{"id":"gen9vgc2023regulatione-1997630747","p1":"momajun","p2":"pipagoro","format":"[Gen 9] VGC 2023 Regulation E","log":"|j|\u2606momajun\n|j|\u2606pipagoro\n|n|\u2606momajun|momajun\n|n|\u2606pipagoro|pipagoro\n|html|View the match progress at <a href=\"\/game-bestof3-gen9vgc2023regulatione-1997626245\">game-bestof3-gen9vgc2023regulatione-1997626245<\/a>\n|t:|1700835211\n|gametype|doubles\n|player|p1|momajun|266|\n|player|p2|pipagoro|101|\n|teamsize|p1|6\n|teamsize|p2|6\n|gen|9\n|tier|[Gen 9] VGC 2023 Regulation E\n|rule|Species Clause: Limit one of each Pok\u00e9mon\n|rule|Item Clause: Limit one of each item\n|clearpoke\n|poke|p1|Gholdengo, L50|\n|poke|p1|Ogerpon-Wellspring, L50, F|\n|poke|p1|Iron Bundle, L50|\n|poke|p1|Arbok, L50, M|\n|poke|p1|Clefairy, L50, M|\n|poke|p1|Dragonite, L50, M|\n|poke|p2|Farigiraf, L50, F|\n|poke|p2|Iron Hands, L50|\n|poke|p2|Ogerpon-Wellspring, L50, F|\n|poke|p2|Heatran, L50, F|\n|poke|p2|Flutter Mane, L50|\n|poke|p2|Salamence, L50, M|\n|teampreview|4\n|j| PoppinParty Kasumi\n|j| let's go veyle\npipagoro has agreed to open team sheets.\n|j| zz1018\nmomajun has agreed to open team sheets.\n|showteam|p1|Gholdengo||SitrusBerry|GoodasGold|MakeItRain,Protect,ShadowBall,NastyPlot||||||50|,,,,,Dragon]Ogerpon-Wellspring||WellspringMask|WaterAbsorb|FollowMe,HornLeech,IvyCudgel,SpikyShield|||F|||50|,,,,,Water]Iron Bundle||BoosterEnergy|QuarkDrive|Encore,Protect,IcyWind,FreezeDry||||||50|,,,,,Grass]Arbok||RockyHelmet|Intimidate|GunkShot,Glare,Toxic,Protect|||M|||50|,,,,,Dragon]Clefairy||Eviolite|FriendGuard|NightShade,Protect,HelpingHand,FollowMe|||M|||50|,,,,,Dragon]Dragonite||LifeOrb|InnerFocus|DragonDance,ExtremeSpeed,AerialAce,StompingTantrum|||M|||50|,,,,,Normal\n|showteam|p2|Farigiraf||SitrusBerry|ArmorTail|Psychic,HelpingHand,TrickRoom,DazzlingGleam|||F|||50|,,,,,Fairy]Iron Hands||AssaultVest|QuarkDrive|FakeOut,DrainPunch,WildCharge,HeavySlam||||||50|,,,,,Water]Ogerpon-Wellspring||WellspringMask|WaterAbsorb|FollowMe,IvyCudgel,WoodHammer,SpikyShield|||F|||50|,,,,,Water]Heatran||LifeOrb|FlashFire|HeatWave,FlashCannon,EarthPower,Protect|||F|||50|,,,,,Grass]Flutter Mane||ChoiceSpecs|Protosynthesis|Moonblast,ShadowBall,DazzlingGleam,IcyWind||||||50|,,,,,Fairy]Salamence||RockyHelmet|Intimidate|AirSlash,DracoMeteor,Tailwind,Roost|||M|||50|,,,,,Poison\n|\n|t:|1700835338\n|start\n|switch|p1a: Iron Bundle|Iron Bundle, L50, shiny|100\/100\n|switch|p1b: Ogerpon|Ogerpon-Wellspring, L50, F|100\/100\n|switch|p2a: Heatran|Heatran, L50, F|100\/100\n|switch|p2b: Flutter Mane|Flutter Mane, L50|100\/100\n|-enditem|p1a: Iron Bundle|Booster Energy\n|-activate|p1a: Iron Bundle|ability: Quark Drive|[fromitem]\n|-start|p1a: Iron Bundle|quarkdrivespe\n|turn|1\n|l| let's go veyle\n|\n|t:|1700835405\n|-end|p2b: Flutter Mane|Protosynthesis|[silent]\n|switch|p2b: Iron Hands|Iron Hands, L50|100\/100\n|-terastallize|p1b: Ogerpon|Water\n|detailschange|p1b: Ogerpon|Ogerpon-Wellspring-Tera, L50, F, tera:Water\n|-ability|p1b: Ogerpon|Embody Aspect (Wellspring)|boost\n|-boost|p1b: Ogerpon|spd|1\n|move|p2a: Heatran|Protect|p2a: Heatran\n|-singleturn|p2a: Heatran|Protect\n|move|p1a: Iron Bundle|Icy Wind|p2b: Iron Hands|[spread] p2b\n|-activate|p2a: Heatran|move: Protect\n|-damage|p2b: Iron Hands|90\/100\n|-unboost|p2b: Iron Hands|spe|1\n|move|p1b: Ogerpon|Ivy Cudgel|p2b: Iron Hands|[anim] Ivy Cudgel Water\n|-damage|p2b: Iron Hands|38\/100\n|\n|upkeep\n|turn|2\n|\n|t:|1700835462\n|move|p2b: Iron Hands|Fake Out|p1a: Iron Bundle\n|-damage|p1a: Iron Bundle|83\/100\n|cant|p1a: Iron Bundle|flinch\n|move|p1b: Ogerpon|Ivy Cudgel|p2b: Iron Hands|[anim] Ivy Cudgel Water\n|-damage|p2b: Iron Hands|0 fnt\n|faint|p2b: Iron Hands\n|-end|p2b: Iron Hands|Quark Drive|[silent]\n|move|p2a: Heatran|Heat Wave|p1b: Ogerpon|[spread] p1a,p1b\n|-resisted|p1b: Ogerpon\n|-damage|p1a: Iron Bundle|0 fnt\n|-damage|p1b: Ogerpon|83\/100\n|-status|p1b: Ogerpon|brn\n|faint|p1a: Iron Bundle\n|-end|p1a: Iron Bundle|Quark Drive|[silent]\n|-damage|p2a: Heatran|91\/100|[from] item: Life Orb\n|\n|-damage|p1b: Ogerpon|77\/100 brn|[from] brn\n|upkeep\n|\n|t:|1700835514\n|switch|p1a: Arbok|Arbok, L50, M, shiny|100\/100\n|switch|p2b: Salamence|Salamence, L50, M|100\/100\n|-ability|p2b: Salamence|Intimidate|boost\n|-unboost|p1a: Arbok|atk|1\n|-unboost|p1b: Ogerpon|atk|1\n|-ability|p1a: Arbok|Intimidate|boost\n|-unboost|p2a: Heatran|atk|1\n|-unboost|p2b: Salamence|atk|1\n|turn|3\n|\n|t:|1700835545\n|-terastallize|p2a: Heatran|Grass\n|move|p1b: Ogerpon|Ivy Cudgel|p2a: Heatran|[anim] Ivy Cudgel Water\n|-resisted|p2a: Heatran\n|-damage|p2a: Heatran|80\/100\n|move|p2b: Salamence|Tailwind|p2b: Salamence\n|-sidestart|p2: pipagoro|move: Tailwind\n|move|p2a: Heatran|Earth Power|p1a: Arbok\n|-supereffective|p1a: Arbok\n|-damage|p1a: Arbok|0 fnt\n|faint|p1a: Arbok\n|-damage|p2a: Heatran|70\/100|[from] item: Life Orb\n|\n|-damage|p1b: Ogerpon|72\/100 brn|[from] brn\n|upkeep\n|\n|t:|1700835562\n|switch|p1a: Dragonite|Dragonite, L50, M|100\/100\n|turn|4\n|\n|t:|1700835624\n|move|p1b: Ogerpon|Follow Me|p1b: Ogerpon\n|-singleturn|p1b: Ogerpon|move: Follow Me\n|move|p2b: Salamence|Draco Meteor|p1b: Ogerpon\n|-damage|p1b: Ogerpon|31\/100 brn\n|-unboost|p2b: Salamence|spa|2\n|move|p2a: Heatran|Earth Power|p1b: Ogerpon\n|-crit|p1b: Ogerpon\n|-damage|p1b: Ogerpon|0 fnt\n|faint|p1b: Ogerpon\n|-damage|p2a: Heatran|61\/100|[from] item: Life Orb\n|move|p1a: Dragonite|Dragon Dance|p1a: Dragonite\n|-boost|p1a: Dragonite|atk|1\n|-boost|p1a: Dragonite|spe|1\n|\n|upkeep\n|turn|5\n|\n|t:|1700835684\n|move|p2b: Salamence|Draco Meteor|p1a: Dragonite\n|-supereffective|p1a: Dragonite\n|-damage|p1a: Dragonite|52\/100\n|-unboost|p2b: Salamence|spa|2\n|move|p2a: Heatran|Flash Cannon|p1a: Dragonite\n|-damage|p1a: Dragonite|0 fnt\n|faint|p1a: Dragonite\n|-damage|p2a: Heatran|51\/100|[from] item: Life Orb\n|\n|win|pipagoro\n|c|\u2606pipagoro|gg, srry for the burn\n|c|\u2606pipagoro|cool team\n|j| Yihui\n|c| Yihui|We all agreed that Arbok was a cool mon lol\n|l| PoppinParty Kasumi\n|l| Yihui\n","uploadtime":1700835800,"views":37,"p1id":"momajun","p2id":"pipagoro","formatid":"gen9vgc2023regulatione","rating":0,"private":0,"password":""}