{"id":"gen9vgc2023regulatione-1988760071","p1":"bobforte22","p2":"Sticky Pogster","format":"[Gen 9] VGC 2023 Regulation E","log":"|j|\u2606bobforte22\n|j|\u2606Sticky Pogster\n|n|\u2606bobforte22|bobforte22\n|n|\u2606Sticky Pogster|stickypogster\n|html|View the match progress at <a href=\"\/game-bestof3-gen9vgc2023regulatione-1988757456\">game-bestof3-gen9vgc2023regulatione-1988757456<\/a>\n|t:|1699759592\n|gametype|doubles\n|player|p1|bobforte22|pilot|\n|player|p2|Sticky Pogster|guzma|\n|teamsize|p1|6\n|teamsize|p2|6\n|gen|9\n|tier|[Gen 9] VGC 2023 Regulation E\n|rated|Tournament battle\n|rule|Species Clause: Limit one of each Pok\u00e9mon\n|rule|Item Clause: Limit one of each item\n|clearpoke\n|poke|p1|Chi-Yu, L50|\n|poke|p1|Jolteon, L50, M|\n|poke|p1|Iron Hands, L50|\n|poke|p1|Iron Bundle, L50|\n|poke|p1|Arcanine, L50, M|\n|poke|p1|Iron Jugulis, L50|\n|poke|p2|Probopass, L50, F|\n|poke|p2|Tyranitar, L50, F|\n|poke|p2|Flutter Mane, L50|\n|poke|p2|Iron Hands, L50|\n|poke|p2|Landorus-Therian, L50, M|\n|poke|p2|Sinistcha-Masterpiece, L50|\n|teampreview|4\n|showteam|p1|Chi-Yu||FocusSash|BeadsofRuin|HeatWave,DarkPulse,Protect,TeraBlast||||||50|,,,,,Ghost]Jolteon||LifeOrb|VoltAbsorb|Thunderbolt,FakeTears,Protect,LightScreen|||M|||50|,,,,,Grass]Iron Hands||AssaultVest|QuarkDrive|FakeOut,TeraBlast,DrainPunch,WildCharge||||||50|,,,,,Fire]Iron Bundle||CovertCloak|QuarkDrive|HydroPump,FreezeDry,Protect,Encore||||||50|,,,,,Flying]Arcanine||RockyHelmet|Intimidate|FlareBlitz,WillOWisp,Roar,Protect|||M|||50|,,,,,Water]Iron Jugulis||ChoiceSpecs|QuarkDrive|HydroPump,DarkPulse,AirSlash,FlashCannon||||||50|,,,,,Water\n|showteam|p2|Probopass||WeaknessPolicy|SandForce|FlashCannon,EarthPower,Thunderbolt,Protect|||F|||50|,,,,,Poison]Tyranitar||Leftovers|SandStream|DragonTail,Protect,RockTomb,KnockOff|||F|||50|,,,,,Rock]Flutter Mane||ChoiceSpecs|Protosynthesis|Moonblast,ShadowBall,MysticalFire,DazzlingGleam||||||50|,,,,,Fire]Iron Hands||SitrusBerry|QuarkDrive|FakeOut,DrainPunch,WildCharge,VoltSwitch||||||50|,,,,,Fighting]Landorus-Therian||ChoiceScarf|Intimidate|Earthquake,Uturn,WeatherBall,TeraBlast|||M|||50|,,,,,Flying]Sinistcha-Masterpiece||BigRoot|Hospitality|TrickRoom,MatchaGotcha,RagePowder,Protect||||||50|,,,,,Fire\n|inactive|Battle timer is ON: inactive players will automatically lose when time's up. (requested by bobforte22)\n|\n|t:|1699759626\n|start\n|switch|p1a: Iron Hands|Iron Hands, L50|100\/100\n|switch|p1b: Iron Bundle|Iron Bundle, L50|100\/100\n|switch|p2a: Brian Hands|Iron Hands, L50|100\/100\n|switch|p2b: God King|Landorus-Therian, L50, M|100\/100\n|-ability|p2b: God King|Intimidate|boost\n|-unboost|p1a: Iron Hands|atk|1\n|-unboost|p1b: Iron Bundle|atk|1\n|turn|1\n|inactive|Sticky Pogster has 30 seconds left.\n|inactive|Sticky Pogster has 20 seconds left.\n|inactive|Sticky Pogster has 15 seconds left.\n|\n|t:|1699759667\n|move|p1a: Iron Hands|Fake Out|p2b: God King\n|-damage|p2b: God King|89\/100\n|move|p2a: Brian Hands|Fake Out|p1a: Iron Hands\n|-damage|p1a: Iron Hands|90\/100\n|cant|p2b: God King|flinch\n|move|p1b: Iron Bundle|Freeze-Dry|p2b: God King\n|-supereffective|p2b: God King\n|-crit|p2b: God King\n|-damage|p2b: God King|0 fnt\n|faint|p2b: God King\n|\n|upkeep\n|\n|t:|1699759670\n|switch|p2b: CornerstoneOgrepog|Probopass, L50, F, shiny|100\/100\n|turn|2\n|\n|t:|1699759692\n|-terastallize|p2b: CornerstoneOgrepog|Poison\n|move|p1b: Iron Bundle|Encore|p2a: Brian Hands\n|-start|p2a: Brian Hands|Encore\n|move|p1a: Iron Hands|Drain Punch|p2b: CornerstoneOgrepog\n|-resisted|p2b: CornerstoneOgrepog\n|-damage|p2b: CornerstoneOgrepog|91\/100\n|-heal|p1a: Iron Hands|93\/100|[from] drain|[of] p2b: CornerstoneOgrepog\n|move|p2a: Brian Hands|Fake Out||[still]\n|-hint|Fake Out only works on your first turn out.\n|-fail|p2a: Brian Hands\n|move|p2b: CornerstoneOgrepog|Earth Power|p1a: Iron Hands\n|-supereffective|p1a: Iron Hands\n|-damage|p1a: Iron Hands|73\/100\n|\n|upkeep\n|turn|3\n|\n|t:|1699759717\n|-end|p2a: Brian Hands|Quark Drive|[silent]\n|switch|p2a: Hulk Hogan|Flutter Mane, L50, shiny|100\/100\n|-terastallize|p1a: Iron Hands|Fire\n|move|p1b: Iron Bundle|Freeze-Dry|p2a: Hulk Hogan\n|-damage|p2a: Hulk Hogan|67\/100\n|move|p1a: Iron Hands|Tera Blast|p2a: Hulk Hogan|[anim] Tera Blast Fire\n|-damage|p2a: Hulk Hogan|2\/100\n|move|p2b: CornerstoneOgrepog|Thunderbolt|p1b: Iron Bundle\n|-supereffective|p1b: Iron Bundle\n|-damage|p1b: Iron Bundle|41\/100\n|\n|upkeep\n|turn|4\n|\n|t:|1699759736\n|-end|p2a: Hulk Hogan|Protosynthesis|[silent]\n|switch|p2a: Brian Hands|Iron Hands, L50|100\/100\n|move|p1b: Iron Bundle|Protect|p1b: Iron Bundle\n|-singleturn|p1b: Iron Bundle|Protect\n|move|p1a: Iron Hands|Tera Blast|p2a: Brian Hands|[anim] Tera Blast Fire\n|-damage|p2a: Brian Hands|81\/100\n|move|p2b: CornerstoneOgrepog|Thunderbolt|p1b: Iron Bundle\n|-activate|p1b: Iron Bundle|move: Protect\n|\n|upkeep\n|turn|5\n|\n|t:|1699759751\n|-end|p1b: Iron Bundle|Quark Drive|[silent]\n|switch|p1b: Iron Jugulis|Iron Jugulis, L50|100\/100\n|-end|p1a: Iron Hands|Quark Drive|[silent]\n|switch|p1a: Arcanine|Arcanine, L50, M|100\/100\n|-ability|p1a: Arcanine|Intimidate|boost\n|-unboost|p2a: Brian Hands|atk|1\n|-unboost|p2b: CornerstoneOgrepog|atk|1\n|move|p2a: Brian Hands|Drain Punch|p1a: Arcanine\n|-damage|p1a: Arcanine|74\/100\n|-heal|p2a: Brian Hands|92\/100|[from] drain|[of] p1a: Arcanine\n|-damage|p2a: Brian Hands|75\/100|[from] item: Rocky Helmet|[of] p1a: Arcanine\n|move|p2b: CornerstoneOgrepog|Thunderbolt|p1b: Iron Jugulis\n|-supereffective|p1b: Iron Jugulis\n|-damage|p1b: Iron Jugulis|49\/100\n|\n|upkeep\n|turn|6\n|\n|t:|1699759774\n|-end|p1b: Iron Jugulis|Quark Drive|[silent]\n|switch|p1b: Iron Hands|Iron Hands, L50, tera:Fire|73\/100\n|move|p2a: Brian Hands|Wild Charge|p1b: Iron Hands\n|-damage|p1b: Iron Hands|47\/100\n|-damage|p2a: Brian Hands|68\/100|[from] Recoil\n|move|p2b: CornerstoneOgrepog|Earth Power|p1a: Arcanine\n|-supereffective|p1a: Arcanine\n|-damage|p1a: Arcanine|30\/100\n|move|p1a: Arcanine|Roar|p2b: CornerstoneOgrepog\n|drag|p2b: Hulk Hogan|Flutter Mane, L50, shiny|2\/100\n|\n|upkeep\n|turn|7\n|inactive|bobforte22 has 30 seconds left.\n|inactive|Sticky Pogster has 30 seconds left.\n|inactive|Sticky Pogster has 20 seconds left.\n|inactive|Sticky Pogster has 15 seconds left.\n|inactive|Sticky Pogster has 10 seconds left.\n|inactive|Sticky Pogster has 5 seconds left.\n|\n|t:|1699759825\n|move|p2b: Hulk Hogan|Shadow Ball|p1b: Iron Hands\n|-damage|p1b: Iron Hands|15\/100\n|move|p1a: Arcanine|Will-O-Wisp|p2a: Brian Hands\n|-status|p2a: Brian Hands|brn\n|move|p1b: Iron Hands|Tera Blast|p2b: Hulk Hogan|[anim] Tera Blast Fire\n|-damage|p2b: Hulk Hogan|0 fnt\n|faint|p2b: Hulk Hogan\n|-end|p2b: Hulk Hogan|Protosynthesis|[silent]\n|move|p2a: Brian Hands|Wild Charge|p1a: Arcanine\n|-damage|p1a: Arcanine|15\/100\n|-damage|p2a: Brian Hands|52\/100 brn|[from] item: Rocky Helmet|[of] p1a: Arcanine\n|-damage|p2a: Brian Hands|48\/100 brn|[from] Recoil\n|-enditem|p2a: Brian Hands|Sitrus Berry|[eat]\n|-heal|p2a: Brian Hands|73\/100 brn|[from] item: Sitrus Berry\n|\n|-damage|p2a: Brian Hands|67\/100 brn|[from] brn\n|upkeep\n|\n|t:|1699759830\n|switch|p2b: CornerstoneOgrepog|Probopass, L50, F, shiny, tera:Poison|91\/100\n|turn|8\n|\n|t:|1699759854\n|move|p1a: Arcanine|Protect|p1a: Arcanine\n|-singleturn|p1a: Arcanine|Protect\n|move|p1b: Iron Hands|Drain Punch|p2a: Brian Hands\n|-damage|p2a: Brian Hands|39\/100 brn\n|-heal|p1b: Iron Hands|29\/100|[from] drain|[of] p2a: Brian Hands\n|move|p2a: Brian Hands|Wild Charge|p1a: Arcanine\n|-activate|p1a: Arcanine|move: Protect\n|move|p2b: CornerstoneOgrepog|Earth Power|p1b: Iron Hands\n|-supereffective|p1b: Iron Hands\n|-damage|p1b: Iron Hands|5\/100\n|\n|-damage|p2a: Brian Hands|33\/100 brn|[from] brn\n|upkeep\n|turn|9\n|\n|t:|1699759876\n|move|p1a: Arcanine|Will-O-Wisp|p2b: CornerstoneOgrepog\n|-status|p2b: CornerstoneOgrepog|brn\n|move|p1b: Iron Hands|Drain Punch|p2a: Brian Hands\n|-damage|p2a: Brian Hands|5\/100 brn\n|-heal|p1b: Iron Hands|19\/100|[from] drain|[of] p2a: Brian Hands\n|move|p2a: Brian Hands|Wild Charge|p1b: Iron Hands\n|-damage|p1b: Iron Hands|6\/100\n|-damage|p2a: Brian Hands|2\/100 brn|[from] Recoil\n|move|p2b: CornerstoneOgrepog|Earth Power|p1a: Arcanine\n|-supereffective|p1a: Arcanine\n|-damage|p1a: Arcanine|0 fnt\n|faint|p1a: Arcanine\n|\n|-damage|p2a: Brian Hands|0 fnt|[from] brn\n|faint|p2a: Brian Hands\n|-end|p2a: Brian Hands|Quark Drive|[silent]\n|-damage|p2b: CornerstoneOgrepog|85\/100 brn|[from] brn\n|upkeep\n|\n|t:|1699759891\n|switch|p1a: Iron Bundle|Iron Bundle, L50|41\/100\n|turn|10\n|\n|t:|1699759910\n|move|p1a: Iron Bundle|Hydro Pump|p2b: CornerstoneOgrepog|[miss]\n|-miss|p1a: Iron Bundle|p2b: CornerstoneOgrepog\n|move|p1b: Iron Hands|Tera Blast|p2b: CornerstoneOgrepog|[anim] Tera Blast Fire\n|-damage|p2b: CornerstoneOgrepog|54\/100 brn\n|move|p2b: CornerstoneOgrepog|Thunderbolt|p1a: Iron Bundle\n|-supereffective|p1a: Iron Bundle\n|-damage|p1a: Iron Bundle|0 fnt\n|faint|p1a: Iron Bundle\n|-end|p1a: Iron Bundle|Quark Drive|[silent]\n|\n|-damage|p2b: CornerstoneOgrepog|49\/100 brn|[from] brn\n|upkeep\n|\n|t:|1699759918\n|switch|p1a: Iron Jugulis|Iron Jugulis, L50|49\/100\n|turn|11\n|j| bluethasavior\n|\n|t:|1699759928\n|move|p1a: Iron Jugulis|Dark Pulse|p2b: CornerstoneOgrepog\n|-damage|p2b: CornerstoneOgrepog|0 fnt\n|faint|p2b: CornerstoneOgrepog\n|\n|win|bobforte22\n|c|&|\/uhtml prompt-stickypogster,Sticky Pogster is ready for game 3!\n","uploadtime":1699759934,"views":10,"p1id":"bobforte22","p2id":"stickypogster","formatid":"gen9vgc2023regulatione","rating":0,"private":0,"password":""}