{"id":"gen9vgc2023regulatione-1998406070","p1":"Onsen3gg","p2":"meesterkrebs","format":"[Gen 9] VGC 2023 Regulation E","log":"|j|\u2606Onsen3gg\n|j|\u2606meesterkrebs\n|t:|1700938733\n|gametype|doubles\n|player|p1|Onsen3gg|ltsurge|1214\n|player|p2|meesterkrebs|steven|1130\n|teamsize|p1|6\n|teamsize|p2|6\n|gen|9\n|tier|[Gen 9] VGC 2023 Regulation E\n|rated|\n|rule|Species Clause: Limit one of each Pok\u00e9mon\n|rule|Item Clause: Limit one of each item\n|clearpoke\n|poke|p1|Hatterene, L50, F|\n|poke|p1|Indeedee-F, L50, F|\n|poke|p1|Torkoal, L50, M|\n|poke|p1|Chandelure, L50, F|\n|poke|p1|Great Tusk, L50|\n|poke|p1|Honchkrow, L50, M|\n|poke|p2|Urshifu-*, L50, M|\n|poke|p2|Gholdengo, L50|\n|poke|p2|Arcanine, L50, F|\n|poke|p2|Rillaboom, L50, F|\n|poke|p2|Sableye, L50, F|\n|poke|p2|Roaring Moon, L50|\n|teampreview|4\n|inactive|Battle timer is ON: inactive players will automatically lose when time's up. (requested by Onsen3gg)\n|inactive|meesterkrebs has 60 seconds left.\n|inactive|meesterkrebs has 30 seconds left.\n|\n|t:|1700938796\n|start\n|switch|p1a: MyGF\u2019sBottle|Hatterene, L50, F|100\/100\n|switch|p1b: PikachuNO.2|Indeedee-F, L50, F, shiny|100\/100\n|switch|p2a: Sableye|Sableye, L50, F|100\/100\n|switch|p2b: Arcanine|Arcanine, L50, F|100\/100\n|-ability|p2b: Arcanine|Intimidate|boost\n|-unboost|p1a: MyGF\u2019sBottle|atk|1\n|-unboost|p1b: PikachuNO.2|atk|1\n|-fieldstart|move: Psychic Terrain|[from] ability: Psychic Surge|[of] p1b: PikachuNO.2\n|turn|1\n|inactive|meesterkrebs has 30 seconds left.\n|\n|t:|1700938826\n|switch|p2a: Rillaboom|Rillaboom, L50, F|100\/100\n|-fieldstart|move: Grassy Terrain|[from] ability: Grassy Surge|[of] p2a: Rillaboom\n|move|p1b: PikachuNO.2|Follow Me|p1b: PikachuNO.2\n|-singleturn|p1b: PikachuNO.2|move: Follow Me\n|move|p2b: Arcanine|Snarl|p1b: PikachuNO.2|[spread] p1a,p1b\n|-supereffective|p1b: PikachuNO.2\n|-damage|p1a: MyGF\u2019sBottle|92\/100\n|-damage|p1b: PikachuNO.2|86\/100\n|-unboost|p1a: MyGF\u2019sBottle|spa|1\n|-unboost|p1b: PikachuNO.2|spa|1\n|move|p1a: MyGF\u2019sBottle|Calm Mind|p1a: MyGF\u2019sBottle\n|-boost|p1a: MyGF\u2019sBottle|spa|1\n|-boost|p1a: MyGF\u2019sBottle|spd|1\n|\n|-heal|p1b: PikachuNO.2|92\/100|[from] Grassy Terrain\n|-heal|p1a: MyGF\u2019sBottle|97\/100|[from] Grassy Terrain\n|upkeep\n|turn|2\n|inactive|meesterkrebs has 30 seconds left.\n|\n|t:|1700938855\n|move|p2a: Rillaboom|Fake Out|p1a: MyGF\u2019sBottle\n|-damage|p1a: MyGF\u2019sBottle|81\/100\n|move|p1b: PikachuNO.2|Follow Me|p1b: PikachuNO.2\n|-singleturn|p1b: PikachuNO.2|move: Follow Me\n|move|p2b: Arcanine|Snarl|p1b: PikachuNO.2|[spread] p1a,p1b\n|-supereffective|p1b: PikachuNO.2\n|-damage|p1a: MyGF\u2019sBottle|74\/100\n|-damage|p1b: PikachuNO.2|79\/100\n|-unboost|p1a: MyGF\u2019sBottle|spa|1\n|-unboost|p1b: PikachuNO.2|spa|1\n|cant|p1a: MyGF\u2019sBottle|flinch\n|\n|-heal|p1b: PikachuNO.2|85\/100|[from] Grassy Terrain\n|-heal|p1a: MyGF\u2019sBottle|80\/100|[from] Grassy Terrain\n|upkeep\n|turn|3\n|\n|t:|1700938878\n|switch|p2a: Sableye|Sableye, L50, F|100\/100\n|move|p2b: Arcanine|Snarl|p1b: PikachuNO.2|[spread] p1a,p1b\n|-supereffective|p1b: PikachuNO.2\n|-damage|p1a: MyGF\u2019sBottle|75\/100\n|-damage|p1b: PikachuNO.2|69\/100\n|-unboost|p1a: MyGF\u2019sBottle|spa|1\n|-unboost|p1b: PikachuNO.2|spa|1\n|move|p1b: PikachuNO.2|Heal Pulse|p1a: MyGF\u2019sBottle\n|-heal|p1a: MyGF\u2019sBottle|100\/100\n|move|p1a: MyGF\u2019sBottle|Trick Room|p1a: MyGF\u2019sBottle\n|-fieldstart|move: Trick Room|[of] p1a: MyGF\u2019sBottle\n|\n|-heal|p1b: PikachuNO.2|75\/100|[from] Grassy Terrain\n|upkeep\n|turn|4\n|inactive|Onsen3gg has 30 seconds left.\n|inactive|meesterkrebs has 30 seconds left.\n|inactive|Onsen3gg has 20 seconds left.\n|\n|t:|1700938914\n|switch|p1b: HonestlyUbersTier|Torkoal, L50, M|100\/100\n|-weather|SunnyDay|[from] ability: Drought|[of] p1b: HonestlyUbersTier\n|move|p2a: Sableye|Encore||[still]\n|-fail|p2a: Sableye\n|move|p1a: MyGF\u2019sBottle|Dazzling Gleam|p2a: Sableye|[spread] p2a,p2b\n|-supereffective|p2a: Sableye\n|-enditem|p2a: Sableye|Roseli Berry|[eat]\n|-enditem|p2a: Sableye|Roseli Berry|[weaken]\n|-resisted|p2b: Arcanine\n|-damage|p2a: Sableye|75\/100\n|-damage|p2b: Arcanine|89\/100\n|-damage|p1a: MyGF\u2019sBottle|91\/100|[from] item: Life Orb\n|move|p2b: Arcanine|Snarl|p1b: HonestlyUbersTier|[spread] p1a,p1b\n|-crit|p1b: HonestlyUbersTier\n|-damage|p1a: MyGF\u2019sBottle|85\/100\n|-damage|p1b: HonestlyUbersTier|84\/100\n|-unboost|p1a: MyGF\u2019sBottle|spa|1\n|-unboost|p1b: HonestlyUbersTier|spa|1\n|\n|-weather|SunnyDay|[upkeep]\n|-heal|p1b: HonestlyUbersTier|90\/100|[from] Grassy Terrain\n|-heal|p1a: MyGF\u2019sBottle|91\/100|[from] Grassy Terrain\n|-heal|p2a: Sableye|81\/100|[from] Grassy Terrain\n|-heal|p2b: Arcanine|95\/100|[from] Grassy Terrain\n|upkeep\n|turn|5\n|inactive|Onsen3gg has 30 seconds left.\n|inactive|meesterkrebs has 30 seconds left.\n|inactive|Onsen3gg has 20 seconds left.\n|\n|t:|1700938953\n|switch|p1a: PikachuNO.2|Indeedee-F, L50, F, shiny|75\/100\n|-fieldstart|move: Psychic Terrain|[from] ability: Psychic Surge|[of] p1a: PikachuNO.2\n|switch|p2a: Roaring Moon|Roaring Moon, L50|100\/100\n|-activate|p2a: Roaring Moon|ability: Protosynthesis\n|-start|p2a: Roaring Moon|protosynthesisspe\n|move|p1b: HonestlyUbersTier|Eruption|p2a: Roaring Moon|[spread] p2a,p2b\n|-resisted|p2a: Roaring Moon\n|-resisted|p2b: Arcanine\n|-damage|p2a: Roaring Moon|77\/100\n|-damage|p2b: Arcanine|70\/100\n|move|p2b: Arcanine|Snarl|p1a: PikachuNO.2|[spread] p1a,p1b\n|-supereffective|p1a: PikachuNO.2\n|-damage|p1a: PikachuNO.2|62\/100\n|-damage|p1b: HonestlyUbersTier|80\/100\n|-unboost|p1a: PikachuNO.2|spa|1\n|-unboost|p1b: HonestlyUbersTier|spa|1\n|\n|-weather|SunnyDay|[upkeep]\n|upkeep\n|turn|6\n|inactive|Onsen3gg has 30 seconds left.\n|\n|t:|1700938979\n|move|p1a: PikachuNO.2|Follow Me|p1a: PikachuNO.2\n|-singleturn|p1a: PikachuNO.2|move: Follow Me\n|move|p1b: HonestlyUbersTier|Earth Power|p2b: Arcanine\n|-supereffective|p2b: Arcanine\n|-damage|p2b: Arcanine|39\/100\n|-enditem|p2b: Arcanine|Sitrus Berry|[eat]\n|-heal|p2b: Arcanine|64\/100|[from] item: Sitrus Berry\n|move|p2b: Arcanine|Snarl|p1b: HonestlyUbersTier|[spread] p1a\n|-miss|p2b: Arcanine|p1b: HonestlyUbersTier\n|-supereffective|p1a: PikachuNO.2\n|-damage|p1a: PikachuNO.2|48\/100\n|-unboost|p1a: PikachuNO.2|spa|1\n|move|p2a: Roaring Moon|Knock Off|p1a: PikachuNO.2\n|-supereffective|p1a: PikachuNO.2\n|-damage|p1a: PikachuNO.2|0 fnt\n|-enditem|p1a: PikachuNO.2|Terrain Extender|[from] move: Knock Off|[of] p2a: Roaring Moon\n|faint|p1a: PikachuNO.2\n|\n|-weather|SunnyDay|[upkeep]\n|upkeep\n|inactive|Onsen3gg has 30 seconds left.\n|\n|t:|1700939008\n|switch|p1a: MyGF\u2019sBottle|Hatterene, L50, F|91\/100\n|turn|7\n|\n|t:|1700939022\n|move|p2a: Roaring Moon|Protect|p2a: Roaring Moon\n|-singleturn|p2a: Roaring Moon|Protect\n|move|p1b: HonestlyUbersTier|Eruption|p2a: Roaring Moon|[spread] p2b\n|-activate|p2a: Roaring Moon|move: Protect\n|-resisted|p2b: Arcanine\n|-damage|p2b: Arcanine|45\/100\n|move|p1a: MyGF\u2019sBottle|Dazzling Gleam|p2a: Roaring Moon|[spread] p2b\n|-activate|p2a: Roaring Moon|move: Protect\n|-resisted|p2b: Arcanine\n|-damage|p2b: Arcanine|20\/100\n|-damage|p1a: MyGF\u2019sBottle|81\/100|[from] item: Life Orb\n|move|p2b: Arcanine|Snarl|p1a: MyGF\u2019sBottle|[spread] p1a,p1b\n|-damage|p1a: MyGF\u2019sBottle|72\/100\n|-damage|p1b: HonestlyUbersTier|69\/100\n|-unboost|p1a: MyGF\u2019sBottle|spa|1\n|-unboost|p1b: HonestlyUbersTier|spa|1\n|\n|-weather|SunnyDay|[upkeep]\n|-fieldend|move: Trick Room\n|upkeep\n|turn|8\n|inactive|Onsen3gg has 30 seconds left.\n|inactive|meesterkrebs has 30 seconds left.\n|inactive|meesterkrebs has 20 seconds left.\n|\n|t:|1700939058\n|switch|p1a: DiscordMod|Chandelure, L50, F|100\/100\n|move|p2a: Roaring Moon|Knock Off|p1a: DiscordMod\n|-supereffective|p1a: DiscordMod\n|-damage|p1a: DiscordMod|2\/100\n|-enditem|p1a: DiscordMod|Focus Sash|[from] move: Knock Off|[of] p2a: Roaring Moon\n|move|p2b: Arcanine|Snarl|p1b: HonestlyUbersTier|[spread] p1a,p1b\n|-supereffective|p1a: DiscordMod\n|-damage|p1a: DiscordMod|0 fnt\n|-damage|p1b: HonestlyUbersTier|59\/100\n|-unboost|p1b: HonestlyUbersTier|spa|1\n|faint|p1a: DiscordMod\n|move|p1b: HonestlyUbersTier|Lava Plume|p2b: Arcanine|[spread] p2a,p2b\n|-resisted|p2a: Roaring Moon\n|-resisted|p2b: Arcanine\n|-damage|p2a: Roaring Moon|70\/100\n|-damage|p2b: Arcanine|11\/100\n|\n|-weather|none\n|-end|p2a: Roaring Moon|Protosynthesis\n|upkeep\n|-enditem|p2a: Roaring Moon|Booster Energy\n|-activate|p2a: Roaring Moon|ability: Protosynthesis|[fromitem]\n|-start|p2a: Roaring Moon|protosynthesisspe\n|\n|t:|1700939078\n|switch|p1a: MyGF\u2019sBottle|Hatterene, L50, F|72\/100\n|turn|9\n|\n|t:|1700939089\n|move|p2a: Roaring Moon|Knock Off|p1a: MyGF\u2019sBottle\n|-damage|p1a: MyGF\u2019sBottle|23\/100\n|-enditem|p1a: MyGF\u2019sBottle|Life Orb|[from] move: Knock Off|[of] p2a: Roaring Moon\n|move|p2b: Arcanine|Snarl|p1b: HonestlyUbersTier|[spread] p1a,p1b\n|-damage|p1a: MyGF\u2019sBottle|13\/100\n|-damage|p1b: HonestlyUbersTier|49\/100\n|-unboost|p1a: MyGF\u2019sBottle|spa|1\n|-unboost|p1b: HonestlyUbersTier|spa|1\n|move|p1b: HonestlyUbersTier|Earth Power|p2b: Arcanine\n|-supereffective|p2b: Arcanine\n|-damage|p2b: Arcanine|0 fnt\n|faint|p2b: Arcanine\n|move|p1a: MyGF\u2019sBottle|Trick Room|p1a: MyGF\u2019sBottle\n|-fieldstart|move: Trick Room|[of] p1a: MyGF\u2019sBottle\n|\n|upkeep\n|\n|t:|1700939109\n|switch|p2b: Rillaboom|Rillaboom, L50, F|100\/100\n|-fieldstart|move: Grassy Terrain|[from] ability: Grassy Surge|[of] p2b: Rillaboom\n|turn|10\n|inactive|meesterkrebs has 30 seconds left.\n|inactive|Onsen3gg has 30 seconds left.\n|inactive|meesterkrebs has 20 seconds left.\n|\n|t:|1700939149\n|move|p2b: Rillaboom|Fake Out|p1b: HonestlyUbersTier\n|-damage|p1b: HonestlyUbersTier|37\/100\n|cant|p1b: HonestlyUbersTier|flinch\n|move|p1a: MyGF\u2019sBottle|Dazzling Gleam|p2b: Rillaboom|[spread] p2a,p2b\n|-supereffective|p2a: Roaring Moon\n|-damage|p2a: Roaring Moon|0 fnt\n|-damage|p2b: Rillaboom|83\/100\n|faint|p2a: Roaring Moon\n|-end|p2a: Roaring Moon|Protosynthesis|[silent]\n|\n|-heal|p1b: HonestlyUbersTier|43\/100|[from] Grassy Terrain\n|-heal|p1a: MyGF\u2019sBottle|19\/100|[from] Grassy Terrain\n|-heal|p2b: Rillaboom|88\/100|[from] Grassy Terrain\n|upkeep\n|\n|t:|1700939158\n|switch|p2a: Sableye|Sableye, L50, F|81\/100\n|turn|11\n|inactive|meesterkrebs has 30 seconds left.\n|\n|t:|1700939191\n|-terastallize|p1b: HonestlyUbersTier|Fire\n|move|p2a: Sableye|Encore|p1b: HonestlyUbersTier\n|-start|p1b: HonestlyUbersTier|Encore\n|move|p2b: Rillaboom|Grassy Glide|p1a: MyGF\u2019sBottle\n|-damage|p1a: MyGF\u2019sBottle|0 fnt\n|faint|p1a: MyGF\u2019sBottle\n|move|p1b: HonestlyUbersTier|Earth Power|p2a: Sableye\n|-damage|p2a: Sableye|73\/100\n|\n|-heal|p1b: HonestlyUbersTier|49\/100|[from] Grassy Terrain\n|-heal|p2a: Sableye|79\/100|[from] Grassy Terrain\n|-heal|p2b: Rillaboom|94\/100|[from] Grassy Terrain\n|upkeep\n|turn|12\n|\n|t:|1700939209\n|move|p2a: Sableye|Disable|p1b: HonestlyUbersTier\n|-start|p1b: HonestlyUbersTier|Disable|Earth Power\n|cant|p1b: HonestlyUbersTier|Disable|Earth Power\n|move|p2b: Rillaboom|High Horsepower|p1b: HonestlyUbersTier\n|-supereffective|p1b: HonestlyUbersTier\n|-damage|p1b: HonestlyUbersTier|0 fnt\n|faint|p1b: HonestlyUbersTier\n|\n|win|meesterkrebs\n|raw|Onsen3gg's rating: 1214 &rarr; <strong>1183<\/strong><br \/>(-31 for losing)\n|raw|meesterkrebs's rating: 1130 &rarr; <strong>1161<\/strong><br \/>(+31 for winning)\n|l|\u2606Onsen3gg\n|c|\u2606meesterkrebs|ggwp\n","uploadtime":1700939223,"views":5,"p1id":"onsen3gg","p2id":"meesterkrebs","formatid":"gen9vgc2023regulatione","rating":1161,"private":0,"password":""}