{"id":"gen9vgc2023regulatione-1996157406","p1":"nrld","p2":"blizzardabc","format":"[Gen 9] VGC 2023 Regulation E","log":"|j|\u2606nrld\n|j|\u2606blizzardabc\n|t:|1700652699\n|gametype|doubles\n|player|p1|nrld|266|1394\n|player|p2|blizzardabc|cynthia-masters|1483\n|teamsize|p1|6\n|teamsize|p2|6\n|gen|9\n|tier|[Gen 9] VGC 2023 Regulation E\n|rated|\n|rule|Species Clause: Limit one of each Pok\u00e9mon\n|rule|Item Clause: Limit one of each item\n|clearpoke\n|poke|p1|Armarouge, L50, M|\n|poke|p1|Ursaluna-Bloodmoon, L50, M|\n|poke|p1|Iron Hands, L50|\n|poke|p1|Ogerpon, L50, F|\n|poke|p1|Flutter Mane, L50|\n|poke|p1|Indeedee-F, L50, F|\n|poke|p2|Politoed, L50, M|\n|poke|p2|Rillaboom, L50, F|\n|poke|p2|Thundurus, L50, M|\n|poke|p2|Gholdengo, L50|\n|poke|p2|Basculegion, L50, M|\n|poke|p2|Okidogi, L50, M|\n|teampreview|4\n|\n|t:|1700652743\n|start\n|switch|p1a: Redlotus Armor|Armarouge, L50, M|100\/100\n|switch|p1b: Flutter Mane|Flutter Mane, L50|100\/100\n|switch|p2a: Politoed|Politoed, L50, M, shiny|100\/100\n|switch|p2b: Basculegion|Basculegion, L50, M|100\/100\n|-weather|RainDance|[from] ability: Drizzle|[of] p2a: Politoed\n|turn|1\n|inactive|Battle timer is ON: inactive players will automatically lose when time's up. (requested by nrld)\n|\n|t:|1700652767\n|-terastallize|p1a: Redlotus Armor|Grass\n|move|p2b: Basculegion|Wave Crash|p1b: Flutter Mane\n|-enditem|p1b: Flutter Mane|Focus Sash\n|-damage|p1b: Flutter Mane|1\/100\n|-damage|p2b: Basculegion|76\/100|[from] Recoil\n|-damage|p2b: Basculegion|66\/100|[from] item: Life Orb\n|move|p1b: Flutter Mane|Dazzling Gleam|p2b: Basculegion|[spread] p2a,p2b\n|-damage|p2a: Politoed|73\/100\n|-damage|p2b: Basculegion|31\/100\n|move|p2a: Politoed|Muddy Water|p1b: Flutter Mane|[spread] p1a,p1b\n|-resisted|p1a: Redlotus Armor\n|-damage|p1a: Redlotus Armor|85\/100\n|-damage|p1b: Flutter Mane|0 fnt\n|faint|p1b: Flutter Mane\n|-end|p1b: Flutter Mane|Protosynthesis|[silent]\n|move|p1a: Redlotus Armor|Trick Room|p1a: Redlotus Armor\n|-fieldstart|move: Trick Room|[of] p1a: Redlotus Armor\n|-enditem|p1a: Redlotus Armor|Room Service\n|-unboost|p1a: Redlotus Armor|spe|1|[from] item: Room Service\n|\n|-weather|RainDance|[upkeep]\n|upkeep\n|\n|t:|1700652781\n|switch|p1b: Ogerpon|Ogerpon, L50, F|100\/100\n|turn|2\n|inactive|blizzardabc has 30 seconds left.\n|\n|t:|1700652810\n|move|p2b: Basculegion|Protect|p2b: Basculegion\n|-singleturn|p2b: Basculegion|Protect\n|move|p1a: Redlotus Armor|Expanding Force|p2b: Basculegion\n|-activate|p2b: Basculegion|move: Protect\n|move|p2a: Politoed|Hypnosis|p1b: Ogerpon|[miss]\n|-miss|p2a: Politoed|p1b: Ogerpon\n|-enditem|p2a: Politoed|Blunder Policy\n|-boost|p2a: Politoed|spe|2\n|move|p1b: Ogerpon|Wood Hammer|p2a: Politoed\n|-supereffective|p2a: Politoed\n|-damage|p2a: Politoed|0 fnt\n|faint|p2a: Politoed\n|-damage|p1b: Ogerpon|74\/100|[from] Recoil\n|\n|-weather|RainDance|[upkeep]\n|upkeep\n|\n|t:|1700652829\n|switch|p2a: Gholdengo|Gholdengo, L50|100\/100\n|turn|3\n|\n|t:|1700652853\n|switch|p2b: Rillaboom|Rillaboom, L50, F|100\/100\n|-fieldstart|move: Grassy Terrain|[from] ability: Grassy Surge|[of] p2b: Rillaboom\n|move|p1a: Redlotus Armor|Wide Guard|p1a: Redlotus Armor\n|-singleturn|p1a: Redlotus Armor|Wide Guard\n|move|p2a: Gholdengo|Shadow Ball|p1a: Redlotus Armor\n|-damage|p1a: Redlotus Armor|17\/100\n|-unboost|p1a: Redlotus Armor|spd|1\n|move|p1b: Ogerpon|Wood Hammer|p2b: Rillaboom\n|-resisted|p2b: Rillaboom\n|-damage|p2b: Rillaboom|65\/100\n|-damage|p1b: Ogerpon|60\/100|[from] Recoil\n|\n|-weather|RainDance|[upkeep]\n|-heal|p1a: Redlotus Armor|22\/100|[from] Grassy Terrain\n|-heal|p2b: Rillaboom|71\/100|[from] Grassy Terrain\n|-heal|p1b: Ogerpon|66\/100|[from] Grassy Terrain\n|upkeep\n|turn|4\n|inactive|blizzardabc has 30 seconds left.\n|\n|t:|1700652883\n|move|p1a: Redlotus Armor|Armor Cannon|p2a: Gholdengo\n|-supereffective|p2a: Gholdengo\n|-damage|p2a: Gholdengo|38\/100\n|-unboost|p1a: Redlotus Armor|def|1\n|-unboost|p1a: Redlotus Armor|spd|1\n|move|p2a: Gholdengo|Shadow Ball|p1a: Redlotus Armor\n|-damage|p1a: Redlotus Armor|0 fnt\n|faint|p1a: Redlotus Armor\n|move|p2b: Rillaboom|Knock Off|p1b: Ogerpon\n|-damage|p1b: Ogerpon|28\/100\n|-enditem|p1b: Ogerpon|White Herb|[from] move: Knock Off|[of] p2b: Rillaboom\n|move|p1b: Ogerpon|Stomping Tantrum|p2a: Gholdengo\n|-supereffective|p2a: Gholdengo\n|-damage|p2a: Gholdengo|0 fnt\n|faint|p2a: Gholdengo\n|\n|-weather|RainDance|[upkeep]\n|-heal|p2b: Rillaboom|77\/100|[from] Grassy Terrain\n|-heal|p1b: Ogerpon|34\/100|[from] Grassy Terrain\n|upkeep\n|\n|t:|1700652898\n|switch|p1a: Meddle|Indeedee-F, L50, F|100\/100\n|switch|p2a: Basculegion|Basculegion, L50, M|31\/100\n|-fieldstart|move: Psychic Terrain|[from] ability: Psychic Surge|[of] p1a: Meddle\n|turn|5\n|\n|t:|1700652922\n|move|p1a: Meddle|Follow Me|p1a: Meddle\n|-singleturn|p1a: Meddle|move: Follow Me\n|move|p2b: Rillaboom|Knock Off|p1a: Meddle\n|-supereffective|p1a: Meddle\n|-damage|p1a: Meddle|26\/100\n|-damage|p2b: Rillaboom|60\/100|[from] item: Rocky Helmet|[of] p1a: Meddle\n|-enditem|p1a: Meddle|Rocky Helmet|[from] move: Knock Off|[of] p2b: Rillaboom\n|move|p1b: Ogerpon|Play Rough|p2b: Rillaboom\n|-damage|p2b: Rillaboom|34\/100\n|move|p2a: Basculegion|Last Respects|p1a: Meddle\n|-immune|p1a: Meddle\n|\n|-weather|none\n|-fieldend|move: Trick Room\n|upkeep\n|turn|6\n|inactive|blizzardabc has 30 seconds left.\n|inactive|nrld has 30 seconds left.\n|inactive|blizzardabc has 20 seconds left.\n|\n|t:|1700652963\n|-terastallize|p2b: Rillaboom|Fire\n|move|p1a: Meddle|Follow Me|p1a: Meddle\n|-singleturn|p1a: Meddle|move: Follow Me\n|move|p1b: Ogerpon|Play Rough|p1a: Meddle\n|-damage|p1a: Meddle|0 fnt\n|faint|p1a: Meddle\n|move|p2a: Basculegion|Wave Crash|p1b: Ogerpon\n|-resisted|p1b: Ogerpon\n|-damage|p1b: Ogerpon|0 fnt\n|faint|p1b: Ogerpon\n|-damage|p2a: Basculegion|22\/100|[from] Recoil\n|-damage|p2a: Basculegion|12\/100|[from] item: Life Orb\n|\n|win|blizzardabc\n|raw|nrld's rating: 1394 &rarr; <strong>1379<\/strong><br \/>(-15 for losing)\n|raw|blizzardabc's rating: 1483 &rarr; <strong>1498<\/strong><br \/>(+15 for winning)\n|l|\u2606nrld\n|c|\u2606blizzardabc|\uff1f\n","uploadtime":1700652984,"views":0,"p1id":"nrld","p2id":"blizzardabc","formatid":"gen9vgc2023regulatione","rating":1379,"private":0,"password":""}