{"id":"gen9vgc2023regulatione-1990105464","p1":"Gyaramax2020","p2":"WarTails","format":"[Gen 9] VGC 2023 Regulation E","log":"|j|\u2606Gyaramax2020\n|j|\u2606WarTails\n|t:|1699925095\n|gametype|doubles\n|player|p1|Gyaramax2020|rood|\n|player|p2|WarTails|veteran|\n|teamsize|p1|6\n|teamsize|p2|6\n|gen|9\n|tier|[Gen 9] VGC 2023 Regulation E\n|rule|Species Clause: Limit one of each Pok\u00e9mon\n|rule|Item Clause: Limit one of each item\n|clearpoke\n|poke|p1|Heatran, L50, M|\n|poke|p1|Clefairy, L50, F|\n|poke|p1|Sinistcha-Masterpiece, L50|\n|poke|p1|Iron Hands, L50|\n|poke|p1|Ursaluna-Bloodmoon, L50, M|\n|poke|p1|Landorus-Therian, L50, M|\n|poke|p2|Lucario, L50, F|\n|poke|p2|Garchomp, L50, M|\n|poke|p2|Gliscor, L50, M|\n|poke|p2|Rotom-Heat, L50|\n|poke|p2|Pachirisu, L50, F|\n|poke|p2|Tyranitar, L50, M|\n|teampreview|4\nWarTails has agreed to open team sheets.\n|l|\u2606Gyaramax2020\n|player|p1|\n|j|\u2606Gyaramax2020\n|player|p1|Gyaramax2020|rood\n|\n|t:|1699925150\n|start\n|switch|p1a: Ursaluna|Ursaluna-Bloodmoon, L50, M|100\/100\n|switch|p1b: Clefairy|Clefairy, L50, F, shiny|100\/100\n|switch|p2a: Gliscor|Gliscor, L50, M|100\/100\n|switch|p2b: Rotom|Rotom-Heat, L50|100\/100\n|turn|1\n|j| ControlGeek\n|\n|t:|1699925184\n|move|p1b: Clefairy|Follow Me|p1b: Clefairy\n|-singleturn|p1b: Clefairy|move: Follow Me\n|move|p2a: Gliscor|Toxic|p1b: Clefairy\n|-status|p1b: Clefairy|tox\n|move|p2b: Rotom|Will-O-Wisp||[still]\n|-fail|p2b: Rotom\n|move|p1a: Ursaluna|Calm Mind|p1a: Ursaluna\n|-boost|p1a: Ursaluna|spa|1\n|-boost|p1a: Ursaluna|spd|1\n|\n|-damage|p1b: Clefairy|94\/100 tox|[from] psn\n|-status|p2a: Gliscor|tox|[from] item: Toxic Orb\n|upkeep\n|turn|2\n|\n|t:|1699925207\n|move|p1b: Clefairy|Helping Hand|p1a: Ursaluna\n|-singleturn|p1a: Ursaluna|Helping Hand|[of] p1b: Clefairy\n|move|p2a: Gliscor|Bulldoze|p1a: Ursaluna|[spread] p1a,p1b\n|-immune|p2b: Rotom|[from] ability: Levitate\n|-damage|p1a: Ursaluna|93\/100\n|-damage|p1b: Clefairy|77\/100 tox\n|-unboost|p1a: Ursaluna|spe|1\n|-unboost|p1b: Clefairy|spe|1\n|move|p2b: Rotom|Substitute|p2b: Rotom\n|-start|p2b: Rotom|Substitute\n|-damage|p2b: Rotom|76\/100\n|move|p1a: Ursaluna|Blood Moon|p2b: Rotom\n|-end|p2b: Rotom|Substitute\n|\n|-heal|p2b: Rotom|82\/100|[from] item: Leftovers\n|-heal|p1a: Ursaluna|99\/100|[from] item: Leftovers\n|-damage|p1b: Clefairy|65\/100 tox|[from] psn\n|upkeep\n|turn|3\n|\n|t:|1699925240\n|switch|p1b: Landorus|Landorus-Therian, L50, M, shiny|100\/100\n|-ability|p1b: Landorus|Intimidate|boost\n|-unboost|p2a: Gliscor|atk|1\n|-unboost|p2b: Rotom|atk|1\n|move|p2a: Gliscor|Protect|p2a: Gliscor\n|-singleturn|p2a: Gliscor|Protect\n|move|p1a: Ursaluna|Vacuum Wave|p2b: Rotom\n|-crit|p2b: Rotom\n|-damage|p2b: Rotom|45\/100\n|move|p2b: Rotom|Substitute|p2b: Rotom\n|-start|p2b: Rotom|Substitute\n|-damage|p2b: Rotom|21\/100\n|\n|-heal|p2b: Rotom|26\/100|[from] item: Leftovers\n|-heal|p1a: Ursaluna|100\/100|[from] item: Leftovers\n|upkeep\n|turn|4\n|\n|t:|1699925261\n|move|p1b: Landorus|Rock Slide|p2a: Gliscor|[spread] p2a\n|-miss|p1b: Landorus|p2b: Rotom\n|-damage|p2a: Gliscor|85\/100 tox\n|move|p2a: Gliscor|Toxic|p1b: Landorus\n|-status|p1b: Landorus|tox\n|move|p2b: Rotom|Will-O-Wisp|p1a: Ursaluna\n|-status|p1a: Ursaluna|brn\n|move|p1a: Ursaluna|Blood Moon|p2a: Gliscor\n|-damage|p2a: Gliscor|0 fnt\n|faint|p2a: Gliscor\n|\n|-heal|p2b: Rotom|32\/100|[from] item: Leftovers\n|-damage|p1b: Landorus|94\/100 tox|[from] psn\n|-damage|p1a: Ursaluna|95\/100 brn|[from] brn\n|upkeep\n|\n|t:|1699925278\n|switch|p2a: Lucario|Lucario, L50, F, shiny|100\/100\n|turn|5\n|\n|t:|1699925285\n|move|p2a: Lucario|Detect|p2a: Lucario\n|-singleturn|p2a: Lucario|Protect\n|move|p1a: Ursaluna|Vacuum Wave|p2b: Rotom\n|-end|p2b: Rotom|Substitute\n|move|p1b: Landorus|Rock Slide|p2b: Rotom|[spread] p2b\n|-activate|p2a: Lucario|move: Protect\n|-supereffective|p2b: Rotom\n|-damage|p2b: Rotom|0 fnt\n|faint|p2b: Rotom\n|\n|-heal|p1a: Ursaluna|100\/100 brn|[from] item: Leftovers\n|-damage|p1b: Landorus|82\/100 tox|[from] psn\n|-damage|p1a: Ursaluna|95\/100 brn|[from] brn\n|upkeep\n|\n|t:|1699925297\n|switch|p2b: Garchomp|Garchomp, L50, M|100\/100\n|turn|6\n|\n|t:|1699925313\n|switch|p1b: Clefairy|Clefairy, L50, F, shiny|65\/100 tox\n|move|p2a: Lucario|Drain Punch|p1a: Ursaluna\n|-supereffective|p1a: Ursaluna\n|-damage|p1a: Ursaluna|51\/100 brn\n|move|p2b: Garchomp|Brick Break|p1a: Ursaluna\n|-supereffective|p1a: Ursaluna\n|-damage|p1a: Ursaluna|20\/100 brn\n|move|p1a: Ursaluna|Blood Moon|p2b: Garchomp\n|-damage|p2b: Garchomp|21\/100\n|\n|-heal|p1a: Ursaluna|26\/100 brn|[from] item: Leftovers\n|-damage|p1b: Clefairy|59\/100 tox|[from] psn\n|-damage|p1a: Ursaluna|20\/100 brn|[from] brn\n|upkeep\n|turn|7\n|\n|t:|1699925334\n|move|p2a: Lucario|Detect|p2a: Lucario\n|-singleturn|p2a: Lucario|Protect\n|move|p1b: Clefairy|Follow Me|p1b: Clefairy\n|-singleturn|p1b: Clefairy|move: Follow Me\n|move|p1a: Ursaluna|Vacuum Wave|p2b: Garchomp\n|-damage|p2b: Garchomp|6\/100\n|move|p2b: Garchomp|Earthquake|p1b: Clefairy|[spread] p1a,p1b\n|-activate|p2a: Lucario|move: Protect\n|-damage|p1a: Ursaluna|0 fnt\n|-damage|p1b: Clefairy|10\/100 tox\n|faint|p1a: Ursaluna\n|\n|-damage|p1b: Clefairy|0 fnt|[from] psn\n|faint|p1b: Clefairy\n|upkeep\n|\n|t:|1699925349\n|switch|p1a: Landorus|Landorus-Therian, L50, M, shiny|82\/100 tox\n|switch|p1b: Iron Hands|Iron Hands, L50, shiny|100\/100\n|-ability|p1a: Landorus|Intimidate|boost\n|-unboost|p2a: Lucario|atk|1\n|-unboost|p2b: Garchomp|atk|1\n|turn|8\n|\n|t:|1699925368\n|-terastallize|p1a: Landorus|Flying\n|-terastallize|p2a: Lucario|Ghost\n|move|p1b: Iron Hands|Fake Out|p2b: Garchomp\n|-damage|p2b: Garchomp|0 fnt\n|-damage|p1b: Iron Hands|88\/100|[from] ability: Rough Skin|[of] p2b: Garchomp\n|faint|p2b: Garchomp\n|move|p1a: Landorus|Tera Blast|p2a: Lucario|[anim] Tera Blast Flying\n|-enditem|p2a: Lucario|Focus Sash\n|-damage|p2a: Lucario|1\/100\n|move|p2a: Lucario|Shadow Claw|p1b: Iron Hands\n|-damage|p1b: Iron Hands|71\/100\n|\n|-damage|p1a: Landorus|76\/100 tox|[from] psn\n|upkeep\n|turn|9\n|c|\u2606WarTails|gg\n|\n|t:|1699925388\n|move|p2a: Lucario|Bullet Punch|p1a: Landorus\n|-damage|p1a: Landorus|59\/100 tox\n|move|p1a: Landorus|Tera Blast|p2a: Lucario|[anim] Tera Blast Flying\n|-damage|p2a: Lucario|0 fnt\n|faint|p2a: Lucario\n|\n|win|Gyaramax2020\n|l| ControlGeek\n|l|\u2606Gyaramax2020\n","uploadtime":1699925397,"views":14,"p1id":"gyaramax2020","p2id":"wartails","formatid":"gen9vgc2023regulatione","rating":0,"private":0,"password":""}