{"id":"gen9vgc2023regulatione-1996929444","p1":"ForthememesVGC","p2":"Fortune Meow","format":"[Gen 9] VGC 2023 Regulation E","log":"|j|\u2606ForthememesVGC\n|j|\u2606Fortune Meow\n|n|\u2606ForthememesVGC|forthememesvgc\n|n|\u2606Fortune Meow|fortunemeow\n|html|View the match progress at <a href=\"\/game-bestof3-gen9vgc2023regulatione-1996927969\">game-bestof3-gen9vgc2023regulatione-1996927969<\/a>\n|t:|1700746120\n|gametype|doubles\n|player|p1|ForthememesVGC|266|\n|player|p2|Fortune Meow|burglar|\n|teamsize|p1|6\n|teamsize|p2|6\n|gen|9\n|tier|[Gen 9] VGC 2023 Regulation E\n|rule|Species Clause: Limit one of each Pok\u00e9mon\n|rule|Item Clause: Limit one of each item\n|clearpoke\n|poke|p1|Gholdengo, L50|\n|poke|p1|Urshifu-*, L50, F|\n|poke|p1|Tornadus, L50, M|\n|poke|p1|Arcanine-Hisui, L50, F|\n|poke|p1|Iron Hands, L50|\n|poke|p1|Farigiraf, L50, F|\n|poke|p2|Iron Hands, L50|\n|poke|p2|Sinistcha, L50|\n|poke|p2|Weezing, L50, M|\n|poke|p2|Roaring Moon, L50|\n|poke|p2|Spectrier, L50|\n|poke|p2|Flutter Mane, L50|\n|teampreview|4\n|inactive|Battle timer is ON: inactive players will automatically lose when time's up. (requested by Fortune Meow)\nFortune Meow has agreed to open team sheets.\n|\n|t:|1700746144\n|start\n|switch|p1a: Elon Musk|Gholdengo, L50|100\/100\n|switch|p1b: RK9|Arcanine-Hisui, L50, F|100\/100\n|switch|p2a: Roaring Moon|Roaring Moon, L50|100\/100\n|switch|p2b: Weezing|Weezing, L50, M|100\/100\n|-ability|p2b: Weezing|Neutralizing Gas\n|-enditem|p2a: Roaring Moon|Booster Energy\n|-activate|p2a: Roaring Moon|ability: Protosynthesis|[fromitem]\n|-start|p2a: Roaring Moon|protosynthesisspe\n|turn|1\n|c|\u2606ForthememesVGC|oh\n|c|\u2606Fortune Meow|Ost coi\n|c|\u2606ForthememesVGC|t qu\u00ean\n|c|\u2606ForthememesVGC|ots\n|c|\u2606ForthememesVGC|=))))))))))))))\n|c|\u2606ForthememesVGC|sr\n|\n|t:|1700746159\n|-terastallize|p1a: Elon Musk|Dragon\n|move|p2b: Weezing|Protect|p2b: Weezing\n|-singleturn|p2b: Weezing|Protect\n|move|p2a: Roaring Moon|Tailwind|p2a: Roaring Moon\n|-sidestart|p2: Fortune Meow|move: Tailwind\n|move|p1b: RK9|Rock Slide|p2a: Roaring Moon|[spread] p2a\n|-activate|p2b: Weezing|move: Protect\n|-damage|p2a: Roaring Moon|58\/100\n|move|p1a: Elon Musk|Make It Rain|p2b: Weezing|[spread] p2a\n|-activate|p2b: Weezing|move: Protect\n|-damage|p2a: Roaring Moon|10\/100\n|-unboost|p1a: Elon Musk|spa|1\n|\n|upkeep\n|turn|2\n|c|\u2606ForthememesVGC|r\u1ed3i xong\n|c|\u2606ForthememesVGC|y chang vs a ph\u00e1t\n|c|\u2606ForthememesVGC|kh\u00f4ng kh\u00e1c g\u00ec lu\u00f4n\n|c|\u2606ForthememesVGC|bruh\n|inactive|Fortune Meow has 30 seconds left.\n|\n|t:|1700746184\n|switch|p1a: gotta go fast|Tornadus, L50, M|100\/100\n|move|p2a: Roaring Moon|Knock Off|p1b: RK9\n|-damage|p1b: RK9|48\/100\n|-enditem|p1b: RK9|Choice Band|[from] move: Knock Off|[of] p2a: Roaring Moon\n|move|p2b: Weezing|Sludge Bomb|p1b: RK9\n|-resisted|p1b: RK9\n|-damage|p1b: RK9|30\/100\n|-status|p1b: RK9|psn\n|move|p1b: RK9|Rock Slide|p2b: Weezing|[spread] p2a,p2b\n|-damage|p2a: Roaring Moon|0 fnt\n|-damage|p2b: Weezing|79\/100\n|faint|p2a: Roaring Moon\n|-end|p2a: Roaring Moon|Protosynthesis|[silent]\n|\n|-damage|p1b: RK9|18\/100 psn|[from] psn\n|upkeep\n|c|\u2606ForthememesVGC|k\u1ecbch b\u1ea3n quen thu\u1ed9c\n|c|\u2606ForthememesVGC|;-;\n|\n|t:|1700746200\n|switch|p2a: Iron Hands|Iron Hands, L50|100\/100\n|turn|3\n|\n|t:|1700746217\n|switch|p1a: Elon Musk|Gholdengo, L50, tera:Dragon|100\/100\n|move|p2a: Iron Hands|Fake Out|p1b: RK9\n|-resisted|p1b: RK9\n|-damage|p1b: RK9|10\/100 psn\n|move|p2b: Weezing|Taunt|p1a: Elon Musk\n|-start|p1a: Elon Musk|move: Taunt\n|cant|p1b: RK9|flinch\n|\n|-damage|p1b: RK9|0 fnt|[from] psn\n|faint|p1b: RK9\n|upkeep\n|\n|t:|1700746228\n|switch|p1b: bearly correct|Urshifu-Rapid-Strike, L50, F|100\/100\n|turn|4\n|\n|t:|1700746246\n|switch|p1a: gotta go fast|Tornadus, L50, M|100\/100\n|move|p1b: bearly correct|Detect|p1b: bearly correct\n|-singleturn|p1b: bearly correct|Protect\n|move|p2b: Weezing|Will-O-Wisp|p1b: bearly correct\n|-activate|p1b: bearly correct|move: Protect\n|move|p2a: Iron Hands|Drain Punch|p1a: gotta go fast\n|-resisted|p1a: gotta go fast\n|-damage|p1a: gotta go fast|81\/100\n|\n|-sideend|p2: Fortune Meow|move: Tailwind\n|upkeep\n|turn|5\n|c|\u2606ForthememesVGC|cuutdi\n|c|\u2606ForthememesVGC|k cuu du\u1ecdc\n|c|\u2606ForthememesVGC|th\u1eadt ra t v\u1eabn c\u00f2n hope\n|\n|t:|1700746266\n|move|p1b: bearly correct|Surging Strikes|p2b: Weezing\n|-crit|p2b: Weezing\n|-damage|p2b: Weezing|63\/100\n|-crit|p2b: Weezing\n|-damage|p2b: Weezing|45\/100\n|-crit|p2b: Weezing\n|-damage|p2b: Weezing|29\/100\n|-hitcount|p2b: Weezing|3\n|move|p1a: gotta go fast|Rain Dance|p1a: gotta go fast\n|-weather|RainDance\n|move|p2b: Weezing|Will-O-Wisp|p1b: bearly correct\n|-status|p1b: bearly correct|brn\n|move|p2a: Iron Hands|Wild Charge|p1a: gotta go fast\n|-supereffective|p1a: gotta go fast\n|-damage|p1a: gotta go fast|0 fnt\n|faint|p1a: gotta go fast\n|-damage|p2a: Iron Hands|85\/100|[from] Recoil\n|\n|-weather|RainDance|[upkeep]\n|-damage|p1b: bearly correct|94\/100 brn|[from] brn\n|upkeep\n|c|\u2606ForthememesVGC|ch\u1ec9 l\u00e0...\n|\n|t:|1700746275\n|switch|p1a: Elon Musk|Gholdengo, L50, tera:Dragon|100\/100\n|turn|6\n|c|\u2606ForthememesVGC|yeh\n|\n|t:|1700746286\n|move|p2b: Weezing|Protect|p2b: Weezing\n|-singleturn|p2b: Weezing|Protect\n|move|p1b: bearly correct|Surging Strikes|p2b: Weezing\n|-activate|p2b: Weezing|move: Protect\n|move|p1a: Elon Musk|Nasty Plot|p1a: Elon Musk\n|-boost|p1a: Elon Musk|spa|2\n|move|p2a: Iron Hands|Heavy Slam|p1a: Elon Musk\n|-damage|p1a: Elon Musk|65\/100\n|\n|-weather|RainDance|[upkeep]\n|-damage|p1b: bearly correct|88\/100 brn|[from] brn\n|upkeep\n|turn|7\n|c|\u2606ForthememesVGC|t throw r\u1ed3i\n|\n|t:|1700746300\n|move|p1b: bearly correct|Surging Strikes|p2b: Weezing\n|-crit|p2b: Weezing\n|-damage|p2b: Weezing|15\/100\n|-enditem|p2b: Weezing|Aguav Berry|[eat]\n|-heal|p2b: Weezing|48\/100|[from] item: Aguav Berry\n|-crit|p2b: Weezing\n|-damage|p2b: Weezing|36\/100\n|-crit|p2b: Weezing\n|-damage|p2b: Weezing|23\/100\n|-hitcount|p2b: Weezing|3\n|move|p1a: Elon Musk|Shadow Ball|p2a: Iron Hands\n|-damage|p2a: Iron Hands|46\/100\n|move|p2b: Weezing|Sludge Bomb|p1a: Elon Musk\n|-damage|p1a: Elon Musk|37\/100\n|-status|p1a: Elon Musk|psn\n|move|p2a: Iron Hands|Drain Punch|p1a: Elon Musk\n|-damage|p1a: Elon Musk|2\/100 psn\n|-heal|p2a: Iron Hands|60\/100|[from] drain|[of] p1a: Elon Musk\n|\n|-weather|RainDance|[upkeep]\n|-damage|p1a: Elon Musk|0 fnt|[from] psn\n|faint|p1a: Elon Musk\n|-damage|p1b: bearly correct|82\/100 brn|[from] brn\n|upkeep\n|turn|8\n|c|\u2606Fortune Meow|G\u00ec c\u01a1?\n|c|\u2606Fortune Meow|:))\n|inactive|Fortune Meow has 30 seconds left.\n|c|\u2606ForthememesVGC|t throw\n|c|\u2606ForthememesVGC|=))))\n|-message|ForthememesVGC forfeited.\n|\n|win|Fortune Meow\n|l|\u2606ForthememesVGC\n|c|&|\/uhtml prompt-forthememesvgc,ForthememesVGC is ready for game 3!\n|c|&|\/uhtml prompt-fortunemeow,Fortune Meow is ready for game 3!\nBoth players are ready! Starting next match!\n","uploadtime":1700746713,"views":11,"p1id":"forthememesvgc","p2id":"fortunemeow","formatid":"gen9vgc2023regulatione","rating":0,"private":0,"password":""}