{"id":"gen9vgc2023regulatione-1990217422","p1":"TJRaynes","p2":"lawrence123","format":"[Gen 9] VGC 2023 Regulation E","log":"|j|\u2606TJRaynes\n|j|\u2606lawrence123\n|t:|1699938958\n|gametype|doubles\n|player|p1|TJRaynes|marley|\n|player|p2|lawrence123|cynthia-masters|\n|teamsize|p1|6\n|teamsize|p2|6\n|gen|9\n|tier|[Gen 9] VGC 2023 Regulation E\n|rated|Tournament battle\n|rule|Species Clause: Limit one of each Pok\u00e9mon\n|rule|Item Clause: Limit one of each item\n|clearpoke\n|poke|p1|Raichu, L50, F|\n|poke|p1|Iron Hands, L50|\n|poke|p1|Landorus-Therian, L50, M|\n|poke|p1|Dondozo, L50, M|\n|poke|p1|Tatsugiri, L50, M|\n|poke|p1|Sinistcha, L50|\n|poke|p2|Grimmsnarl, L50, M|\n|poke|p2|Arcanine-Hisui, L50, M|\n|poke|p2|Goodra-Hisui, L50, M|\n|poke|p2|Moltres-Galar, L50|\n|poke|p2|Cresselia, L50, F|\n|poke|p2|Okidogi, L50, M|\n|teampreview|4\n|showteam|p1|Raichu||AssaultVest|LightningRod|FakeOut,Nuzzle,VoltSwitch,Feint|||F|||50|,,,,,Flying]Iron Hands||SitrusBerry|QuarkDrive|SwordsDance,HeavySlam,DrainPunch,WildCharge||||||50|,,,,,Grass]Landorus-Therian||ChoiceScarf|Intimidate|TeraBlast,Uturn,StompingTantrum,RockSlide|||M|||50|,,,,,Flying]Dondozo||LumBerry|Oblivious|Protect,Earthquake,WaveCrash,Rest|||M|||50|,,,,,Steel]Tatsugiri||AbilityShield|Commander|Protect,IcyWind,MuddyWater,DracoMeteor|||M|||50|,,,,,Dragon]Sinistcha||MentalHerb|Hospitality|Protect,RagePowder,MatchaGotcha,StrengthSap||||||50|,,,,,Fire\n|showteam|p2|Grimmsnarl||LightClay|Prankster|SpiritBreak,Reflect,LightScreen,PartingShot|||M|||50|,,,,,Ghost]Arcanine-Hisui||ChoiceBand|Intimidate|FlareBlitz,RockSlide,TeraBlast,ExtremeSpeed|||M|||50|,,,,,Fairy]Goodra-Hisui||Leftovers|ShellArmor|HeavySlam,BodyPress,AcidArmor,LifeDew|||M|||50|,,,,,Fairy]Moltres-Galar||SitrusBerry|Berserk|FieryWrath,AirSlash,NastyPlot,Protect||||||50|,,,,,Poison]Cresselia||SafetyGoggles|Levitate|Moonblast,TrickRoom,LunarBlessing,SkillSwap|||F|||50|,,,,,Fairy]Okidogi||AssaultVest|GuardDog|PoisonJab,DrainPunch,KnockOff,IcePunch|||M|||50|,,,,,Water\n|j|%Radio Free C-Side\n|j| Grewt\n|c|\u2606TJRaynes|glhf\n|c|\u2606lawrence123|u2\n|\n|t:|1699938994\n|start\n|switch|p1a: Landorus|Landorus-Therian, L50, M|100\/100\n|switch|p1b: Dondozo|Dondozo, L50, M|100\/100\n|switch|p2a: Grimmsnarl|Grimmsnarl, L50, M|100\/100\n|switch|p2b: Okidogi|Okidogi, L50, M|100\/100\n|-ability|p1a: Landorus|Intimidate|boost\n|-unboost|p2a: Grimmsnarl|atk|1\n|-ability|p2b: Okidogi|Guard Dog|boost\n|-boost|p2b: Okidogi|atk|1\n|turn|1\n|\n|t:|1699939025\n|-terastallize|p1a: Landorus|Flying\n|-terastallize|p2b: Okidogi|Water\n|move|p1b: Dondozo|Protect|p1b: Dondozo\n|-singleturn|p1b: Dondozo|Protect\n|move|p2a: Grimmsnarl|Reflect|p2a: Grimmsnarl\n|-sidestart|p2: lawrence123|Reflect\n|move|p1a: Landorus|Tera Blast|p2b: Okidogi|[anim] Tera Blast Flying\n|-damage|p2b: Okidogi|66\/100\n|move|p2b: Okidogi|Ice Punch|p1a: Landorus\n|-supereffective|p1a: Landorus\n|-damage|p1a: Landorus|0 fnt\n|faint|p1a: Landorus\n|\n|upkeep\n|\n|t:|1699939036\n|switch|p1a: Raichu|Raichu, L50, F|100\/100\n|turn|2\n|\n|t:|1699939057\n|move|p1a: Raichu|Fake Out|p2b: Okidogi\n|-damage|p2b: Okidogi|60\/100\n|move|p2a: Grimmsnarl|Light Screen|p2a: Grimmsnarl\n|-sidestart|p2: lawrence123|move: Light Screen\n|cant|p2b: Okidogi|flinch\n|move|p1b: Dondozo|Wave Crash|p2a: Grimmsnarl\n|-damage|p2a: Grimmsnarl|65\/100\n|-damage|p1b: Dondozo|90\/100|[from] Recoil\n|\n|upkeep\n|turn|3\n|\n|t:|1699939068\n|move|p2a: Grimmsnarl|Parting Shot|p1b: Dondozo\n|-unboost|p1b: Dondozo|atk|1\n|-unboost|p1b: Dondozo|spa|1\n|\n|t:|1699939074\n|switch|p2a: Goodra|Goodra-Hisui, L50, M|100\/100|[from] Parting Shot\n|move|p1a: Raichu|Volt Switch|p2b: Okidogi\n|-supereffective|p2b: Okidogi\n|-damage|p2b: Okidogi|42\/100\n|\n|t:|1699939079\n|switch|p1a: Tatsugiri|Tatsugiri, L50, M|100\/100|[from] Volt Switch\n|-activate|p1a: Tatsugiri|ability: Commander|[of] p1b: Dondozo\n|-boost|p1b: Dondozo|atk|2\n|-boost|p1b: Dondozo|spa|2\n|-boost|p1b: Dondozo|spe|2\n|-boost|p1b: Dondozo|def|2\n|-boost|p1b: Dondozo|spd|2\n|move|p1b: Dondozo|Earthquake|p2b: Okidogi|[spread] p2a,p2b\n|-miss|p1b: Dondozo|p1a: Tatsugiri\n|-supereffective|p2a: Goodra\n|-damage|p2a: Goodra|58\/100\n|-damage|p2b: Okidogi|23\/100\n|move|p2b: Okidogi|Drain Punch|p1a: Tatsugiri|[miss]\n|-miss|p2b: Okidogi|p1a: Tatsugiri\n|\n|-heal|p2a: Goodra|64\/100|[from] item: Leftovers\n|upkeep\n|turn|4\n|\n|t:|1699939120\n|move|p1b: Dondozo|Earthquake|p2b: Okidogi|[spread] p2a,p2b\n|-miss|p1b: Dondozo|p1a: Tatsugiri\n|-supereffective|p2a: Goodra\n|-damage|p2a: Goodra|22\/100\n|-damage|p2b: Okidogi|4\/100\n|move|p2b: Okidogi|Knock Off|p1b: Dondozo\n|-damage|p1b: Dondozo|70\/100\n|-enditem|p1b: Dondozo|Lum Berry|[from] move: Knock Off|[of] p2b: Okidogi\n|move|p2a: Goodra|Acid Armor|p2a: Goodra\n|-boost|p2a: Goodra|def|2\n|\n|-heal|p2a: Goodra|28\/100|[from] item: Leftovers\n|upkeep\n|turn|5\n|\n|t:|1699939132\n|switch|p2b: Grimmsnarl|Grimmsnarl, L50, M|65\/100\n|move|p1b: Dondozo|Earthquake|p2a: Goodra|[spread] p2a,p2b\n|-miss|p1b: Dondozo|p1a: Tatsugiri\n|-supereffective|p2a: Goodra\n|-damage|p2a: Goodra|10\/100\n|-damage|p2b: Grimmsnarl|41\/100\n|move|p2a: Goodra|Life Dew|p2a: Goodra|[spread] p2a,p2b\n|-heal|p2a: Goodra|35\/100\n|-heal|p2b: Grimmsnarl|66\/100\n|\n|-heal|p2a: Goodra|41\/100|[from] item: Leftovers\n|upkeep\n|turn|6\n|\n|t:|1699939145\n|move|p2b: Grimmsnarl|Parting Shot|p1b: Dondozo\n|-unboost|p1b: Dondozo|atk|1\n|-unboost|p1b: Dondozo|spa|1\n|\n|t:|1699939148\n|switch|p2b: Okidogi|Okidogi, L50, M, tera:Water|4\/100|[from] Parting Shot\n|move|p1b: Dondozo|Earthquake|p2a: Goodra|[spread] p2a,p2b\n|-miss|p1b: Dondozo|p1a: Tatsugiri\n|-supereffective|p2a: Goodra\n|-damage|p2a: Goodra|26\/100\n|-damage|p2b: Okidogi|0 fnt\n|faint|p2b: Okidogi\n|move|p2a: Goodra|Life Dew|p2a: Goodra\n|-heal|p2a: Goodra|51\/100\n|\n|-heal|p2a: Goodra|57\/100|[from] item: Leftovers\n|upkeep\n|\n|t:|1699939151\n|switch|p2b: Grimmsnarl|Grimmsnarl, L50, M|66\/100\n|turn|7\n|j| RSPA2001\n|\n|t:|1699939164\n|move|p1b: Dondozo|Protect|p1b: Dondozo\n|-singleturn|p1b: Dondozo|Protect\n|move|p2b: Grimmsnarl|Parting Shot|p1b: Dondozo\n|-activate|p1b: Dondozo|move: Protect\n|move|p2a: Goodra|Acid Armor|p2a: Goodra\n|-boost|p2a: Goodra|def|2\n|\n|-heal|p2a: Goodra|63\/100|[from] item: Leftovers\n|upkeep\n|turn|8\n|\n|t:|1699939175\n|move|p2b: Grimmsnarl|Parting Shot|p1b: Dondozo\n|-unboost|p1b: Dondozo|atk|1\n|-unboost|p1b: Dondozo|spa|1\n|\n|t:|1699939181\n|switch|p2b: Moltres|Moltres-Galar, L50|100\/100|[from] Parting Shot\n|move|p1b: Dondozo|Wave Crash|p2b: Moltres\n|-crit|p2b: Moltres\n|-damage|p2b: Moltres|39\/100\n|-damage|p1b: Dondozo|52\/100|[from] Recoil\n|-ability|p2b: Moltres|Berserk|boost\n|-boost|p2b: Moltres|spa|1\n|-enditem|p2b: Moltres|Sitrus Berry|[eat]\n|-heal|p2b: Moltres|64\/100|[from] item: Sitrus Berry\n|move|p2a: Goodra|Acid Armor|p2a: Goodra\n|-boost|p2a: Goodra|def|2\n|\n|-heal|p2a: Goodra|69\/100|[from] item: Leftovers\n|-sideend|p2: lawrence123|Reflect\n|upkeep\n|turn|9\n|\n|t:|1699939196\n|move|p2b: Moltres|Protect|p2b: Moltres\n|-singleturn|p2b: Moltres|Protect\n|move|p1b: Dondozo|Wave Crash|p2b: Moltres\n|-activate|p2b: Moltres|move: Protect\n|move|p2a: Goodra|Body Press|p1b: Dondozo\n|-damage|p1b: Dondozo|23\/100\n|\n|-heal|p2a: Goodra|75\/100|[from] item: Leftovers\n|-sideend|p2: lawrence123|move: Light Screen\n|upkeep\n|turn|10\n|\n|t:|1699939207\n|move|p2b: Moltres|Fiery Wrath|p1b: Dondozo|[spread] p1b\n|-miss|p2b: Moltres|p1a: Tatsugiri\n|-crit|p1b: Dondozo\n|-damage|p1b: Dondozo|0 fnt\n|faint|p1b: Dondozo\n|move|p2a: Goodra|Body Press|p1a: Tatsugiri\n|-damage|p1a: Tatsugiri|0 fnt\n|faint|p1a: Tatsugiri\n|\n|-heal|p2a: Goodra|81\/100|[from] item: Leftovers\n|upkeep\n|\n|t:|1699939211\n|switch|p1b: Raichu|Raichu, L50, F|100\/100\n|turn|11\n|c|\u2606TJRaynes|ggs\n|c|\u2606lawrence123|gg\n|\n|t:|1699939219\n|move|p1b: Raichu|Nuzzle|p2a: Goodra\n|-resisted|p2a: Goodra\n|-damage|p2a: Goodra|80\/100\n|-status|p2a: Goodra|par\n|move|p2b: Moltres|Fiery Wrath|p1b: Raichu\n|-damage|p1b: Raichu|55\/100\n|cant|p2a: Goodra|par\n|\n|-heal|p2a: Goodra|86\/100 par|[from] item: Leftovers\n|upkeep\n|turn|12\n|\n|t:|1699939227\n|move|p1b: Raichu|Nuzzle|p2b: Moltres\n|-supereffective|p2b: Moltres\n|-damage|p2b: Moltres|55\/100\n|-status|p2b: Moltres|par\n|move|p2b: Moltres|Fiery Wrath|p1b: Raichu\n|-damage|p1b: Raichu|9\/100\n|move|p2a: Goodra|Body Press|p1b: Raichu\n|-damage|p1b: Raichu|0 fnt\n|faint|p1b: Raichu\n|\n|win|lawrence123\n|n|\u2606TJRaynes|tjraynes\n|n|\u2606lawrence123|lawrence123\n|n| Radio Free C-Side|radiofreecside\n|n| Grewt|grewt\n|n| RSPA2001|rspa2001\n|l| Grewt\n","uploadtime":1699939236,"views":14,"p1id":"tjraynes","p2id":"lawrence123","formatid":"gen9vgc2023regulatione","rating":0,"private":0,"password":""}