{"id":"gen9vgc2023regulatione-1993375863","p1":"dgomezvgc","p2":"whyismynamejeff","format":"[Gen 9] VGC 2023 Regulation E","log":"|j|\u2606dgomezvgc\n|j|\u2606whyismynamejeff\n|t:|1700308553\n|gametype|doubles\n|player|p1|dgomezvgc|169|1106\n|player|p2|whyismynamejeff|colress|1119\n|teamsize|p1|6\n|teamsize|p2|6\n|gen|9\n|tier|[Gen 9] VGC 2023 Regulation E\n|rated|\n|rule|Species Clause: Limit one of each Pok\u00e9mon\n|rule|Item Clause: Limit one of each item\n|clearpoke\n|poke|p1|Rillaboom, L50, F|\n|poke|p1|Gholdengo, L50|\n|poke|p1|Chien-Pao, L50|\n|poke|p1|Tornadus, L50, M|\n|poke|p1|Urshifu-*, L50, M|\n|poke|p1|Arcanine-Hisui, L50, M|\n|poke|p2|Empoleon, L50, M|\n|poke|p2|Ogerpon-Hearthflame, L50, F|\n|poke|p2|Flutter Mane, L50|\n|poke|p2|Iron Hands, L50|\n|poke|p2|Baxcalibur, L50, F|\n|poke|p2|Landorus-Therian, L50, M|\n|teampreview|4\n|\n|t:|1700308610\n|start\n|switch|p1a: Rillaboom|Rillaboom, L50, F|100\/100\n|switch|p1b: Chien-Pao|Chien-Pao, L50|100\/100\n|switch|p2a: Iron Hands|Iron Hands, L50|100\/100\n|switch|p2b: Landorus|Landorus-Therian, L50, M|100\/100\n|-ability|p2b: Landorus|Intimidate|boost\n|-unboost|p1a: Rillaboom|atk|1\n|-unboost|p1b: Chien-Pao|atk|1\n|-ability|p1b: Chien-Pao|Sword of Ruin\n|-fieldstart|move: Grassy Terrain|[from] ability: Grassy Surge|[of] p1a: Rillaboom\n|turn|1\n|\n|t:|1700308636\n|-terastallize|p2b: Landorus|Flying\n|move|p1a: Rillaboom|Fake Out|p2a: Iron Hands\n|-damage|p2a: Iron Hands|92\/100\n|cant|p2a: Iron Hands|flinch\n|move|p2b: Landorus|Tera Blast|p1a: Rillaboom|[anim] Tera Blast Flying\n|-supereffective|p1a: Rillaboom\n|-crit|p1a: Rillaboom\n|-damage|p1a: Rillaboom|0 fnt\n|faint|p1a: Rillaboom\n|move|p1b: Chien-Pao|Ice Spinner|p2b: Landorus\n|-supereffective|p2b: Landorus\n|-damage|p2b: Landorus|12\/100\n|-fieldend|move: Grassy Terrain\n|\n|upkeep\n|\n|t:|1700308651\n|switch|p1a: Arcanine|Arcanine-Hisui, L50, M|100\/100\n|-ability|p1a: Arcanine|Intimidate|boost\n|-unboost|p2a: Iron Hands|atk|1\n|-unboost|p2b: Landorus|atk|1\n|turn|2\n|\n|t:|1700308665\n|switch|p2b: Empoleon|Empoleon, L50, M|100\/100\n|switch|p1b: Urshifu|Urshifu-Rapid-Strike, L50, M|100\/100\n|move|p1a: Arcanine|Rock Slide|p2b: Empoleon|[spread] p2a,p2b\n|-resisted|p2a: Iron Hands\n|-resisted|p2b: Empoleon\n|-damage|p2a: Iron Hands|78\/100\n|-damage|p2b: Empoleon|80\/100\n|move|p2a: Iron Hands|Drain Punch|p1b: Urshifu\n|-damage|p1b: Urshifu|68\/100\n|-heal|p2a: Iron Hands|90\/100|[from] drain|[of] p1b: Urshifu\n|\n|-heal|p2b: Empoleon|86\/100|[from] item: Leftovers\n|upkeep\n|turn|3\n|\n|t:|1700308693\n|-terastallize|p1b: Urshifu|Water\n|move|p2b: Empoleon|Protect|p2b: Empoleon\n|-singleturn|p2b: Empoleon|Protect\n|move|p1b: Urshifu|Surging Strikes|p2a: Iron Hands\n|-crit|p2a: Iron Hands\n|-damage|p2a: Iron Hands|69\/100\n|-crit|p2a: Iron Hands\n|-damage|p2a: Iron Hands|48\/100\n|-crit|p2a: Iron Hands\n|-damage|p2a: Iron Hands|30\/100\n|-hitcount|p2a: Iron Hands|3\n|move|p1a: Arcanine|Rock Slide|p2a: Iron Hands|[spread] p2a\n|-activate|p2b: Empoleon|move: Protect\n|-resisted|p2a: Iron Hands\n|-damage|p2a: Iron Hands|16\/100\n|move|p2a: Iron Hands|Wild Charge|p1b: Urshifu\n|-supereffective|p1b: Urshifu\n|-damage|p1b: Urshifu|0 fnt\n|faint|p1b: Urshifu\n|-damage|p2a: Iron Hands|3\/100|[from] Recoil\n|\n|-heal|p2b: Empoleon|92\/100|[from] item: Leftovers\n|upkeep\n|\n|t:|1700308712\n|switch|p1b: Chien-Pao|Chien-Pao, L50|100\/100\n|-ability|p1b: Chien-Pao|Sword of Ruin\n|turn|4\n|inactive|Battle timer is ON: inactive players will automatically lose when time's up. (requested by dgomezvgc)\n|\n|t:|1700308734\n|move|p1b: Chien-Pao|Sacred Sword|p2b: Empoleon\n|-supereffective|p2b: Empoleon\n|-damage|p2b: Empoleon|2\/100\n|move|p1a: Arcanine|Rock Slide|p2a: Iron Hands|[spread] p2a,p2b\n|-resisted|p2a: Iron Hands\n|-resisted|p2b: Empoleon\n|-damage|p2a: Iron Hands|0 fnt\n|-damage|p2b: Empoleon|0 fnt\n|faint|p2a: Iron Hands\n|-end|p2a: Iron Hands|Quark Drive|[silent]\n|faint|p2b: Empoleon\n|\n|upkeep\n|\n|t:|1700308746\n|switch|p2b: Baxcalibur|Baxcalibur, L50, F|100\/100\n|switch|p2a: Landorus|Landorus-Therian, L50, M, tera:Flying|12\/100\n|-ability|p2a: Landorus|Intimidate|boost\n|-unboost|p1a: Arcanine|atk|1\n|-unboost|p1b: Chien-Pao|atk|1\n|turn|5\n|\n|t:|1700308757\n|move|p2a: Landorus|Stomping Tantrum|p1a: Arcanine\n|-supereffective|p1a: Arcanine\n|-damage|p1a: Arcanine|0 fnt\n|faint|p1a: Arcanine\n|move|p1b: Chien-Pao|Sacred Sword|p2b: Baxcalibur\n|-supereffective|p2b: Baxcalibur\n|-damage|p2b: Baxcalibur|52\/100\n|move|p2b: Baxcalibur|Scale Shot|p1b: Chien-Pao\n|-damage|p1b: Chien-Pao|81\/100\n|-damage|p1b: Chien-Pao|62\/100\n|-damage|p1b: Chien-Pao|44\/100\n|-damage|p1b: Chien-Pao|24\/100\n|-hitcount|p1b: Chien-Pao|4\n|-unboost|p2b: Baxcalibur|def|1\n|-boost|p2b: Baxcalibur|spe|1\n|\n|upkeep\n|turn|6\n|\n|t:|1700308779\n|move|p2a: Landorus|Stomping Tantrum|p1b: Chien-Pao\n|-damage|p1b: Chien-Pao|0 fnt\n|faint|p1b: Chien-Pao\n|\n|win|whyismynamejeff\n|raw|dgomezvgc's rating: 1106 &rarr; <strong>1082<\/strong><br \/>(-24 for losing)\n|raw|whyismynamejeff's rating: 1119 &rarr; <strong>1143<\/strong><br \/>(+24 for winning)\n","uploadtime":1700308790,"views":11,"p1id":"dgomezvgc","p2id":"whyismynamejeff","formatid":"gen9vgc2023regulatione","rating":1082,"private":0,"password":""}