{"id":"gen9vgc2023regulatione-1989445887","p1":"previouslynamed","p2":"player1111","format":"[Gen 9] VGC 2023 Regulation E","log":"|j|\u2606previouslynamed\n|j|\u2606player1111\n|t:|1699851616\n|gametype|doubles\n|player|p1|previouslynamed|ryuki|1524\n|player|p2|player1111|1|1570\n|teamsize|p1|6\n|teamsize|p2|6\n|gen|9\n|tier|[Gen 9] VGC 2023 Regulation E\n|rated|\n|rule|Species Clause: Limit one of each Pok\u00e9mon\n|rule|Item Clause: Limit one of each item\n|clearpoke\n|poke|p1|Indeedee-F, L50, F|\n|poke|p1|Armarouge, L50, F|\n|poke|p1|Ogerpon-Cornerstone, L50, F|\n|poke|p1|Oranguru, L50, M|\n|poke|p1|Enamorus-Therian, L50, F|\n|poke|p1|Ursaluna, L50, M|\n|poke|p2|Weezing, L50, F|\n|poke|p2|Toedscruel, L50, M|\n|poke|p2|Chien-Pao, L50|\n|poke|p2|Flutter Mane, L50|\n|poke|p2|Urshifu-*, L50, F|\n|poke|p2|Ursaluna, L50, M|\n|teampreview|4\n|inactive|Battle timer is ON: inactive players will automatically lose when time's up. (requested by previouslynamed)\n|\n|t:|1699851648\n|start\n|switch|p1a: Oranguru|Oranguru, L50, M, shiny|100\/100\n|switch|p1b: Ogerpon|Ogerpon-Cornerstone, L50, F|100\/100\n|switch|p2a: Chien-Pao|Chien-Pao, L50|100\/100\n|switch|p2b: Ursaluna|Ursaluna, L50, M|100\/100\n|-ability|p2a: Chien-Pao|Sword of Ruin\n|turn|1\n|inactive|previouslynamed has 30 seconds left.\n|inactive|player1111 has 30 seconds left.\n|inactive|player1111 has 20 seconds left.\n|inactive|player1111 has 15 seconds left.\n|\n|t:|1699851692\n|move|p1b: Ogerpon|Follow Me|p1b: Ogerpon\n|-singleturn|p1b: Ogerpon|move: Follow Me\n|move|p2a: Chien-Pao|Ice Spinner|p1b: Ogerpon\n|-supereffective|p1b: Ogerpon\n|-ability|p1b: Ogerpon|Sturdy\n|-damage|p1b: Ogerpon|1\/100\n|move|p2b: Ursaluna|Close Combat|p1b: Ogerpon\n|-supereffective|p1b: Ogerpon\n|-damage|p1b: Ogerpon|0 fnt\n|-unboost|p2b: Ursaluna|def|1\n|-unboost|p2b: Ursaluna|spd|1\n|faint|p1b: Ogerpon\n|move|p1a: Oranguru|Trick Room|p1a: Oranguru\n|-fieldstart|move: Trick Room|[of] p1a: Oranguru\n|\n|upkeep\n|\n|t:|1699851715\n|switch|p1b: Enamorus|Enamorus-Therian, L50, F|100\/100\n|turn|2\n|inactive|player1111 has 30 seconds left.\n|\n|t:|1699851740\n|switch|p2b: Weezing|Weezing, L50, F|100\/100\n|-ability|p2b: Weezing|Neutralizing Gas\n|move|p2a: Chien-Pao|Protect|p2a: Chien-Pao\n|-singleturn|p2a: Chien-Pao|Protect\n|move|p1b: Enamorus|Dazzling Gleam|p2b: Weezing|[spread] p2b\n|-activate|p2a: Chien-Pao|move: Protect\n|-resisted|p2b: Weezing\n|-damage|p2b: Weezing|74\/100\n|move|p1a: Oranguru|Instruct|p1b: Enamorus\n|-singleturn|p1b: Enamorus|move: Instruct|[of] p1a: Oranguru\n|move|p1b: Enamorus|Dazzling Gleam|p2b: Weezing|[spread] p2b\n|-activate|p2a: Chien-Pao|move: Protect\n|-resisted|p2b: Weezing\n|-damage|p2b: Weezing|44\/100\n|-enditem|p2b: Weezing|Sitrus Berry|[eat]\n|-heal|p2b: Weezing|69\/100|[from] item: Sitrus Berry\n|\n|upkeep\n|turn|3\n|inactive|player1111 has 30 seconds left.\n|\n|t:|1699851774\n|-terastallize|p1b: Enamorus|Fairy\n|move|p2a: Chien-Pao|Sucker Punch|p1b: Enamorus\n|-resisted|p1b: Enamorus\n|-damage|p1b: Enamorus|86\/100\n|move|p1b: Enamorus|Dazzling Gleam|p2a: Chien-Pao|[spread] p2a,p2b\n|-supereffective|p2a: Chien-Pao\n|-resisted|p2b: Weezing\n|-enditem|p2a: Chien-Pao|Focus Sash\n|-damage|p2a: Chien-Pao|1\/100\n|-damage|p2b: Weezing|27\/100\n|move|p1a: Oranguru|Instruct|p1b: Enamorus\n|-singleturn|p1b: Enamorus|move: Instruct|[of] p1a: Oranguru\n|move|p1b: Enamorus|Dazzling Gleam|p2b: Weezing|[spread] p2a,p2b\n|-supereffective|p2a: Chien-Pao\n|-resisted|p2b: Weezing\n|-damage|p2a: Chien-Pao|0 fnt\n|-damage|p2b: Weezing|0 fnt\n|faint|p2a: Chien-Pao\n|faint|p2b: Weezing\n|-end|p2b: Weezing|ability: Neutralizing Gas\n|\n|upkeep\n|\n|t:|1699851787\n|switch|p2b: Ursaluna|Ursaluna, L50, M|100\/100\n|switch|p2a: Urshifu|Urshifu-Rapid-Strike, L50, F|100\/100\n|turn|4\n|\n|t:|1699851803\n|-terastallize|p2b: Ursaluna|Fairy\n|move|p2a: Urshifu|Detect|p2a: Urshifu\n|-singleturn|p2a: Urshifu|Protect\n|move|p1b: Enamorus|Dazzling Gleam|p2a: Urshifu|[spread] p2b\n|-activate|p2a: Urshifu|move: Protect\n|-damage|p2b: Ursaluna|61\/100\n|move|p1a: Oranguru|Instruct|p1b: Enamorus\n|-singleturn|p1b: Enamorus|move: Instruct|[of] p1a: Oranguru\n|move|p1b: Enamorus|Dazzling Gleam|p2a: Urshifu|[spread] p2b\n|-activate|p2a: Urshifu|move: Protect\n|-damage|p2b: Ursaluna|23\/100\n|move|p2b: Ursaluna|Double-Edge|p1b: Enamorus\n|-damage|p1b: Enamorus|28\/100\n|-damage|p2b: Ursaluna|6\/100|[from] Recoil\n|\n|upkeep\n|turn|5\n|\n|t:|1699851826\n|move|p2a: Urshifu|Aqua Jet|p1b: Enamorus\n|-damage|p1b: Enamorus|3\/100\n|move|p1b: Enamorus|Dazzling Gleam|p2b: Ursaluna|[spread] p2a,p2b\n|-supereffective|p2a: Urshifu\n|-damage|p2a: Urshifu|0 fnt\n|-damage|p2b: Ursaluna|0 fnt\n|faint|p2a: Urshifu\n|faint|p2b: Ursaluna\n|\n|win|previouslynamed\n|raw|previouslynamed's rating: 1524 &rarr; <strong>1547<\/strong><br \/>(+23 for winning)\n|raw|player1111's rating: 1570 &rarr; <strong>1547<\/strong><br \/>(-23 for losing)\n|l|\u2606player1111\n","uploadtime":1699851844,"views":7,"p1id":"previouslynamed","p2id":"player1111","formatid":"gen9vgc2023regulatione","rating":1547,"private":0,"password":""}