{"id":"gen9vgc2023regulatione-1995927422","p1":"Inferno prodigy","p2":"AGSilver935","format":"[Gen 9] VGC 2023 Regulation E","log":"|j|\u2606Inferno prodigy\n|j|\u2606AGSilver935\n|n|\u2606Inferno prodigy|infernoprodigy\n|n|\u2606AGSilver935|agsilver935\n|html|View the match progress at <a href=\"\/game-bestof3-gen9vgc2023regulatione-1995923736\">game-bestof3-gen9vgc2023regulatione-1995923736<\/a>\n|t:|1700618333\n|gametype|doubles\n|player|p1|Inferno prodigy|169|\n|player|p2|AGSilver935|ghetsis|\n|teamsize|p1|6\n|teamsize|p2|6\n|gen|9\n|tier|[Gen 9] VGC 2023 Regulation E\n|rule|Species Clause: Limit one of each Pok\u00e9mon\n|rule|Item Clause: Limit one of each item\n|clearpoke\n|poke|p1|Arcanine-Hisui, L50, F|\n|poke|p1|Tornadus, L50, M|\n|poke|p1|Flutter Mane, L50|\n|poke|p1|Iron Hands, L50|\n|poke|p1|Ogerpon-Wellspring, L50, F|\n|poke|p1|Urshifu-*, L50, M|\n|poke|p2|Tornadus, L50, M|\n|poke|p2|Urshifu-*, L50, M|\n|poke|p2|Regidrago, L50|\n|poke|p2|Gholdengo, L50|\n|poke|p2|Rillaboom, L50, M|\n|poke|p2|Arcanine-Hisui, L50, F|\n|teampreview|4\n|j| muzikal\n|c|\u2606AGSilver935|Good luck!\nAGSilver935 has agreed to open team sheets.\n|j| Bauerdad\n|\n|t:|1700618401\n|start\n|switch|p1a: Tornadus|Tornadus, L50, M|100\/100\n|switch|p1b: Arcanine|Arcanine-Hisui, L50, F|100\/100\n|switch|p2a: Tornadus|Tornadus, L50, M|100\/100\n|switch|p2b: Arcanine|Arcanine-Hisui, L50, F|100\/100\n|-ability|p1b: Arcanine|Intimidate|boost\n|-unboost|p2a: Tornadus|atk|1\n|-unboost|p2b: Arcanine|atk|1\n|-ability|p2b: Arcanine|Intimidate|boost\n|-unboost|p1a: Tornadus|atk|1\n|-unboost|p1b: Arcanine|atk|1\n|turn|1\n|\n|t:|1700618415\n|move|p1a: Tornadus|Tailwind|p1a: Tornadus\n|-sidestart|p1: Inferno prodigy|move: Tailwind\n|move|p1b: Arcanine|Rock Slide|p2a: Tornadus|[spread] p2a,p2b\n|-supereffective|p2a: Tornadus\n|-supereffective|p2b: Arcanine\n|-damage|p2a: Tornadus|49\/100\n|-damage|p2b: Arcanine|41\/100\n|-enditem|p2b: Arcanine|Sitrus Berry|[eat]\n|-heal|p2b: Arcanine|66\/100|[from] item: Sitrus Berry\n|move|p2a: Tornadus|Bleakwind Storm|p1a: Tornadus|[spread] p1a,p1b\n|-resisted|p1b: Arcanine\n|-damage|p1a: Tornadus|62\/100\n|-damage|p1b: Arcanine|82\/100\n|move|p2b: Arcanine|Rock Slide|p1b: Arcanine|[spread] p1b\n|-miss|p2b: Arcanine|p1a: Tornadus\n|-supereffective|p1b: Arcanine\n|-damage|p1b: Arcanine|36\/100\n|\n|upkeep\n|turn|2\n|\n|t:|1700618440\n|move|p1a: Tornadus|Taunt|p2a: Tornadus\n|-start|p2a: Tornadus|move: Taunt\n|cant|p2a: Tornadus|move: Taunt|Tailwind\n|move|p1b: Arcanine|Rock Slide|p2b: Arcanine|[spread] p2a,p2b\n|-supereffective|p2a: Tornadus\n|-supereffective|p2b: Arcanine\n|-damage|p2a: Tornadus|0 fnt\n|-damage|p2b: Arcanine|0 fnt\n|faint|p2a: Tornadus\n|faint|p2b: Arcanine\n|\n|upkeep\n|\n|t:|1700618448\n|switch|p2a: Rillaboom|Rillaboom, L50, M|100\/100\n|switch|p2b: Regidrago|Regidrago, L50|100\/100\n|-fieldstart|move: Grassy Terrain|[from] ability: Grassy Surge|[of] p2a: Rillaboom\n|turn|3\n|\n|t:|1700618466\n|move|p1a: Tornadus|Bleakwind Storm|p2b: Regidrago|[spread] p2a,p2b\n|-supereffective|p2a: Rillaboom\n|-damage|p2a: Rillaboom|53\/100\n|-damage|p2b: Regidrago|66\/100\n|move|p1b: Arcanine|Rock Slide|p2a: Rillaboom|[spread] p2a,p2b\n|-damage|p2a: Rillaboom|25\/100\n|-damage|p2b: Regidrago|36\/100\n|cant|p2b: Regidrago|flinch\n|cant|p2a: Rillaboom|flinch\n|\n|-heal|p1b: Arcanine|43\/100|[from] Grassy Terrain\n|-heal|p2b: Regidrago|42\/100|[from] Grassy Terrain\n|-heal|p2a: Rillaboom|31\/100|[from] Grassy Terrain\n|upkeep\n|turn|4\n|\n|t:|1700618482\n|-terastallize|p2a: Rillaboom|Grass\n|move|p2a: Rillaboom|Grassy Glide|p1b: Arcanine\n|-damage|p1b: Arcanine|0 fnt\n|faint|p1b: Arcanine\n|move|p1a: Tornadus|Bleakwind Storm|p2b: Regidrago|[spread] p2a,p2b\n|-supereffective|p2a: Rillaboom\n|-damage|p2a: Rillaboom|0 fnt\n|-damage|p2b: Regidrago|6\/100\n|faint|p2a: Rillaboom\n|move|p2b: Regidrago|Draco Meteor|p1a: Tornadus\n|-damage|p1a: Tornadus|0 fnt\n|-unboost|p2b: Regidrago|spa|2\n|faint|p1a: Tornadus\n|\n|-heal|p2b: Regidrago|12\/100|[from] Grassy Terrain\n|-sideend|p1: Inferno prodigy|move: Tailwind\n|upkeep\n|\n|t:|1700618487\n|switch|p1a: Flutter Mane|Flutter Mane, L50|100\/100\n|switch|p1b: Urshifu|Urshifu, L50, M|100\/100\n|turn|5\n|c|\u2606Inferno prodigy|Gg\n|c|\u2606AGSilver935|gg\n|\n|t:|1700618500\n|-terastallize|p1a: Flutter Mane|Fairy\n|move|p1a: Flutter Mane|Moonblast|p2b: Regidrago\n|-supereffective|p2b: Regidrago\n|-crit|p2b: Regidrago\n|-damage|p2b: Regidrago|0 fnt\n|faint|p2b: Regidrago\n|\n|win|Inferno prodigy\n|l| muzikal\n","uploadtime":1700618508,"views":10,"p1id":"infernoprodigy","p2id":"agsilver935","formatid":"gen9vgc2023regulatione","rating":0,"private":0,"password":""}