{"id":"gen9vgc2023regulatione-1992589764","p1":"ButsMcAnuz","p2":"hokagege","format":"[Gen 9] VGC 2023 Regulation E","log":"|j|\u2606ButsMcAnuz\n|j|\u2606hokagege\n|t:|1700210952\n|gametype|doubles\n|player|p1|ButsMcAnuz|roughneck|1222\n|player|p2|hokagege|schoolkid-gen4|1208\n|teamsize|p1|6\n|teamsize|p2|6\n|gen|9\n|tier|[Gen 9] VGC 2023 Regulation E\n|rated|\n|rule|Species Clause: Limit one of each Pok\u00e9mon\n|rule|Item Clause: Limit one of each item\n|clearpoke\n|poke|p1|Armarouge, L50, M|\n|poke|p1|Ursaluna, L50, M|\n|poke|p1|Ogerpon-Cornerstone, L50, F|\n|poke|p1|Indeedee-F, L50, F|\n|poke|p1|Enamorus-Therian, L50, F|\n|poke|p1|Urshifu-*, L50, M|\n|poke|p2|Ogerpon-Wellspring, L50, F|\n|poke|p2|Volcarona, L50, F|\n|poke|p2|Landorus-Therian, L50, M|\n|poke|p2|Gholdengo, L50|\n|poke|p2|Tornadus, L50, M|\n|poke|p2|Arcanine-Hisui, L50, M|\n|teampreview|4\n|inactive|Battle timer is ON: inactive players will automatically lose when time's up. (requested by ButsMcAnuz)\n|inactive|hokagege has 60 seconds left.\n|\n|t:|1700211002\n|start\n|switch|p1a: Indeedee|Indeedee-F, L50, F|100\/100\n|switch|p1b: Armarouge|Armarouge, L50, M, shiny|100\/100\n|switch|p2a: Gholdengo|Gholdengo, L50|100\/100\n|switch|p2b: Ogerpon|Ogerpon-Wellspring, L50, F|100\/100\n|-fieldstart|move: Psychic Terrain|[from] ability: Psychic Surge|[of] p1a: Indeedee\n|turn|1\n|inactive|hokagege has 30 seconds left.\n|\n|t:|1700211030\n|-terastallize|p2a: Gholdengo|Water\n|move|p1a: Indeedee|Follow Me|p1a: Indeedee\n|-singleturn|p1a: Indeedee|move: Follow Me\n|move|p2b: Ogerpon|Ivy Cudgel|p1a: Indeedee|[anim] Ivy Cudgel Water\n|-damage|p1a: Indeedee|37\/100\n|move|p2a: Gholdengo|Nasty Plot|p2a: Gholdengo\n|-boost|p2a: Gholdengo|spa|2\n|move|p1b: Armarouge|Trick Room|p1b: Armarouge\n|-fieldstart|move: Trick Room|[of] p1b: Armarouge\n|\n|upkeep\n|turn|2\n|inactive|hokagege has 30 seconds left.\n|inactive|ButsMcAnuz has 30 seconds left.\n|\n|t:|1700211066\n|move|p2a: Gholdengo|Protect|p2a: Gholdengo\n|-singleturn|p2a: Gholdengo|Protect\n|move|p1a: Indeedee|Follow Me|p1a: Indeedee\n|-singleturn|p1a: Indeedee|move: Follow Me\n|move|p1b: Armarouge|Expanding Force|p2a: Gholdengo|[spread] p2b\n|-activate|p2a: Gholdengo|move: Protect\n|-damage|p2b: Ogerpon|6\/100\n|move|p2b: Ogerpon|Ivy Cudgel|p1a: Indeedee|[anim] Ivy Cudgel Water\n|-damage|p1a: Indeedee|0 fnt\n|faint|p1a: Indeedee\n|\n|upkeep\n|\n|t:|1700211075\n|switch|p1a: Ogerpon|Ogerpon-Cornerstone, L50, F|100\/100\n|turn|3\n|inactive|hokagege has 30 seconds left.\n|\n|t:|1700211104\n|move|p2b: Ogerpon|Spiky Shield|p2b: Ogerpon\n|-singleturn|p2b: Ogerpon|move: Protect\n|move|p1b: Armarouge|Expanding Force|p2b: Ogerpon|[spread] p2a\n|-activate|p2b: Ogerpon|move: Protect\n|-damage|p2a: Gholdengo|20\/100\n|-enditem|p2a: Gholdengo|Sitrus Berry|[eat]\n|-heal|p2a: Gholdengo|45\/100|[from] item: Sitrus Berry\n|move|p2a: Gholdengo|Make It Rain|p1a: Ogerpon|[spread] p1a,p1b\n|-supereffective|p1a: Ogerpon\n|-resisted|p1b: Armarouge\n|-ability|p1a: Ogerpon|Sturdy\n|-damage|p1a: Ogerpon|1\/100\n|-damage|p1b: Armarouge|50\/100\n|-unboost|p2a: Gholdengo|spa|1\n|move|p1a: Ogerpon|Wood Hammer|p2a: Gholdengo\n|-supereffective|p2a: Gholdengo\n|-damage|p2a: Gholdengo|0 fnt\n|faint|p2a: Gholdengo\n|-damage|p1a: Ogerpon|0 fnt|[from] Recoil\n|faint|p1a: Ogerpon\n|\n|upkeep\n|inactive|hokagege has 30 seconds left.\n|\n|t:|1700211132\n|switch|p2a: Landorus|Landorus-Therian, L50, M|100\/100\n|switch|p1a: Ursaluna|Ursaluna, L50, M|100\/100\n|-ability|p2a: Landorus|Intimidate|boost\n|-unboost|p1a: Ursaluna|atk|1\n|-unboost|p1b: Armarouge|atk|1\n|turn|4\n|\n|t:|1700211157\n|switch|p2b: Tornadus|Tornadus, L50, M|100\/100\n|move|p1a: Ursaluna|Facade|p2a: Landorus\n|-damage|p2a: Landorus|66\/100\n|move|p1b: Armarouge|Expanding Force|p2b: Tornadus|[spread] p2a,p2b\n|-damage|p2a: Landorus|8\/100\n|-damage|p2b: Tornadus|0 fnt\n|faint|p2b: Tornadus\n|move|p2a: Landorus|Rock Slide|p1b: Armarouge|[spread] p1a,p1b\n|-resisted|p1a: Ursaluna\n|-supereffective|p1b: Armarouge\n|-damage|p1a: Ursaluna|92\/100\n|-damage|p1b: Armarouge|12\/100\n|\n|-status|p1a: Ursaluna|brn|[from] item: Flame Orb\n|upkeep\n|\n|t:|1700211170\n|switch|p2b: Ogerpon|Ogerpon-Wellspring, L50, F|6\/100\n|turn|5\n|\n|t:|1700211190\n|-terastallize|p1a: Ursaluna|Ghost\n|move|p2b: Ogerpon|Spiky Shield|p2b: Ogerpon\n|-singleturn|p2b: Ogerpon|move: Protect\n|move|p1a: Ursaluna|Facade|p2a: Landorus\n|-damage|p2a: Landorus|0 fnt\n|faint|p2a: Landorus\n|move|p1b: Armarouge|Expanding Force|p2b: Ogerpon\n|-activate|p2b: Ogerpon|move: Protect\n|\n|-damage|p1a: Ursaluna|87\/100 brn|[from] brn\n|-fieldend|move: Trick Room\n|-fieldend|move: Psychic Terrain\n|upkeep\n|turn|6\n|\n|t:|1700211206\n|move|p2b: Ogerpon|Ivy Cudgel|p1b: Armarouge|[anim] Ivy Cudgel Water\n|-supereffective|p1b: Armarouge\n|-damage|p1b: Armarouge|0 fnt\n|faint|p1b: Armarouge\n|move|p1a: Ursaluna|Facade|p2b: Ogerpon\n|-damage|p2b: Ogerpon|0 fnt\n|faint|p2b: Ogerpon\n|\n|win|ButsMcAnuz\n|raw|ButsMcAnuz's rating: 1222 &rarr; <strong>1246<\/strong><br \/>(+24 for winning)\n|raw|hokagege's rating: 1208 &rarr; <strong>1184<\/strong><br \/>(-24 for losing)\n|c|\u2606hokagege|gg\n","uploadtime":1700211217,"views":10,"p1id":"butsmcanuz","p2id":"hokagege","formatid":"gen9vgc2023regulatione","rating":1184,"private":0,"password":""}