{"id":"gen9vgc2023regulatione-1990847500","p1":"Sw333zy","p2":"kiwee93","format":"[Gen 9] VGC 2023 Regulation E","log":"|j|\u2606Sw333zy\n|j|\u2606kiwee93\n|t:|1700007136\n|gametype|doubles\n|player|p1|Sw333zy|2|1254\n|player|p2|kiwee93|170|1250\n|teamsize|p1|6\n|teamsize|p2|6\n|gen|9\n|tier|[Gen 9] VGC 2023 Regulation E\n|rated|\n|rule|Species Clause: Limit one of each Pok\u00e9mon\n|rule|Item Clause: Limit one of each item\n|clearpoke\n|poke|p1|Landorus-Therian, L50, M|\n|poke|p1|Flutter Mane, L50|\n|poke|p1|Amoonguss, L50, F|\n|poke|p1|Chien-Pao, L50|\n|poke|p1|Dragonite, L50, M|\n|poke|p1|Urshifu-*, L50, M|\n|poke|p2|Tornadus, L50, M|\n|poke|p2|Heatran, L50, F|\n|poke|p2|Flutter Mane, L50|\n|poke|p2|Landorus-Therian, L50, M|\n|poke|p2|Amoonguss, L50, M|\n|poke|p2|Ogerpon-Wellspring, L50, F|\n|teampreview|4\nkiwee93 has agreed to open team sheets.\n|inactive|Battle timer is ON: inactive players will automatically lose when time's up. (requested by kiwee93)\n|\n|t:|1700007172\n|start\n|switch|p1a: Urshifu|Urshifu-Rapid-Strike, L50, M|100\/100\n|switch|p1b: Landorus|Landorus-Therian, L50, M|100\/100\n|switch|p2a: Tornadus|Tornadus, L50, M|100\/100\n|switch|p2b: Landorus|Landorus-Therian, L50, M|100\/100\n|-ability|p2b: Landorus|Intimidate|boost\n|-unboost|p1a: Urshifu|atk|1\n|-unboost|p1b: Landorus|atk|1\n|-ability|p1b: Landorus|Intimidate|boost\n|-unboost|p2a: Tornadus|atk|1\n|-unboost|p2b: Landorus|atk|1\n|turn|1\n|\n|t:|1700007188\n|-terastallize|p1a: Urshifu|Water\n|move|p2a: Tornadus|Sunny Day|p2a: Tornadus\n|-weather|SunnyDay\n|move|p2b: Landorus|U-turn|p1a: Urshifu\n|-damage|p1a: Urshifu|84\/100\n|\n|t:|1700007194\n|switch|p2b: Ogerpon|Ogerpon-Wellspring, L50, F|100\/100|[from] U-turn\n|move|p1b: Landorus|Rock Slide|p2b: Ogerpon|[spread] p2a,p2b\n|-supereffective|p2a: Tornadus\n|-damage|p2a: Tornadus|72\/100\n|-damage|p2b: Ogerpon|90\/100\n|move|p1a: Urshifu|Surging Strikes|p2b: Ogerpon\n|-heal|p2b: Ogerpon|100\/100|[from] ability: Water Absorb|[of] p1a: Urshifu\n|\n|-weather|SunnyDay|[upkeep]\n|upkeep\n|turn|2\n|\n|t:|1700007210\n|switch|p1b: Chien-Pao|Chien-Pao, L50|100\/100\n|-ability|p1b: Chien-Pao|Sword of Ruin\n|switch|p1a: Dragonite|Dragonite, L50, M|100\/100\n|move|p2a: Tornadus|Tailwind|p2a: Tornadus\n|-sidestart|p2: kiwee93|move: Tailwind\n|move|p2b: Ogerpon|Swords Dance|p2b: Ogerpon\n|-boost|p2b: Ogerpon|atk|2\n|\n|-weather|SunnyDay|[upkeep]\n|upkeep\n|turn|3\n|c|\u2606Sw333zy|I\u2019m rank 300 on ladder with this team shoukd gave saw the sunny day coming lol\n|inactive|Sw333zy has 30 seconds left.\n|\n|t:|1700007243\n|switch|p2a: Landorus|Landorus-Therian, L50, M|100\/100\n|-ability|p2a: Landorus|Intimidate|boost\n|-unboost|p1a: Dragonite|atk|1\n|-unboost|p1b: Chien-Pao|atk|1\n|-terastallize|p2b: Ogerpon|Water\n|detailschange|p2b: Ogerpon|Ogerpon-Wellspring-Tera, L50, F, tera:Water\n|-ability|p2b: Ogerpon|Embody Aspect (Wellspring)|boost\n|-boost|p2b: Ogerpon|spd|1\n|move|p1b: Chien-Pao|Protect|p1b: Chien-Pao\n|-singleturn|p1b: Chien-Pao|Protect\n|move|p1a: Dragonite|Extreme Speed|p2b: Ogerpon\n|-damage|p2b: Ogerpon|79\/100\n|move|p2b: Ogerpon|Ivy Cudgel|p1a: Dragonite|[anim] Ivy Cudgel Water\n|-resisted|p1a: Dragonite\n|-damage|p1a: Dragonite|78\/100\n|\n|-weather|SunnyDay|[upkeep]\n|upkeep\n|turn|4\n|\n|t:|1700007262\n|switch|p1a: Landorus|Landorus-Therian, L50, M|100\/100\n|-ability|p1a: Landorus|Intimidate|boost\n|-unboost|p2a: Landorus|atk|1\n|-unboost|p2b: Ogerpon|atk|1\n|move|p2a: Landorus|Rock Slide|p1a: Landorus|[spread] p1a,p1b\n|-supereffective|p1b: Chien-Pao\n|-damage|p1a: Landorus|82\/100\n|-damage|p1b: Chien-Pao|64\/100\n|move|p2b: Ogerpon|Ivy Cudgel|p1b: Chien-Pao|[anim] Ivy Cudgel Water\n|-damage|p1b: Chien-Pao|0 fnt\n|faint|p1b: Chien-Pao\n|\n|-weather|SunnyDay|[upkeep]\n|upkeep\n|\n|t:|1700007277\n|switch|p1b: Dragonite|Dragonite, L50, M|78\/100\n|turn|5\n|c|\u2606kiwee93|i play it better.\n|-message|Sw333zy forfeited.\n|\n|win|kiwee93\n|raw|Sw333zy's rating: 1254 &rarr; <strong>1229<\/strong><br \/>(-25 for losing)\n|raw|kiwee93's rating: 1250 &rarr; <strong>1275<\/strong><br \/>(+25 for winning)\n|l|\u2606Sw333zy\n|c|\u2606kiwee93|lol.\n|c|\u2606kiwee93|gg\n","uploadtime":1700007298,"views":16,"p1id":"sw333zy","p2id":"kiwee93","formatid":"gen9vgc2023regulatione","rating":1229,"private":0,"password":""}