{"id":"gen9vgc2023regulatione-1993597595","p1":"CyborgPigeon","p2":"klyze","format":"[Gen 9] VGC 2023 Regulation E","log":"|j|\u2606CyborgPigeon\n|j|\u2606klyze\n|n|\u2606CyborgPigeon|cyborgpigeon\n|n|\u2606klyze|klyze\n|html|View the match progress at <a href=\"\/game-bestof3-gen9vgc2023regulatione-1993597594\">game-bestof3-gen9vgc2023regulatione-1993597594<\/a>\n|t:|1700335848\n|gametype|doubles\n|player|p1|CyborgPigeon|lucas|\n|player|p2|klyze|argenta|\n|teamsize|p1|6\n|teamsize|p2|6\n|gen|9\n|tier|[Gen 9] VGC 2023 Regulation E\n|rule|Species Clause: Limit one of each Pok\u00e9mon\n|rule|Item Clause: Limit one of each item\n|clearpoke\n|poke|p1|Fezandipiti, L50, M|\n|poke|p1|Sinistcha, L50|\n|poke|p1|Annihilape, L50, M|\n|poke|p1|Grimmsnarl, L50, M|\n|poke|p1|Maushold, L50|\n|poke|p1|Meowscarada, L50, F|\n|poke|p2|Indeedee-F, L50, F|\n|poke|p2|Armarouge, L50, F|\n|poke|p2|Kommo-o, L50, F|\n|poke|p2|Sylveon, L50, F|\n|poke|p2|Basculegion, L50, M|\n|poke|p2|Kingambit, L50, F|\n|teampreview|4\nCyborgPigeon has agreed to open team sheets.\nklyze has agreed to open team sheets.\n|showteam|p1|Fezandipiti||CovertCloak|ToxicChain|Protect,IcyWind,DazzlingGleam,Tailwind|||M|||50|,,,,,Fairy]Sinistcha||RockyHelmet|Hospitality|MatchaGotcha,Protect,Hex,StrengthSap||||||50|,,,,,Fire]Annihilape||LumBerry|Defiant|RageFist,DrainPunch,BulkUp,Protect|||M|||50|,,,,,Fairy]Grimmsnarl||LightClay|Prankster|LightScreen,Reflect,SpiritBreak,PartingShot|||M|||50|,,,,,Ghost]Maushold||SafetyGoggles|FriendGuard|SuperFang,FollowMe,BeatUp,Taunt||||||50|,,,,,Ghost]Meowscarada||FocusSash|Protean|FlowerTrick,Uturn,KnockOff,Protect|||F|||50|,,,,,Grass\n|showteam|p2|Indeedee-F||FocusSash|PsychicSurge|FollowMe,HelpingHand,Psychic,TrickRoom|||F|||50|,,,,,Water]Armarouge||WeaknessPolicy|FlashFire|ArmorCannon,ExpandingForce,TrickRoom,EnergyBall|||F|||50|,,,,,Grass]Kommo-o||SitrusBerry|Soundproof|ClangorousSoul,AuraSphere,Boomburst,ClangingScales|||F|||50|,,,,,Fairy]Sylveon||PsychicSeed|Pixilate|SkillSwap,HelpingHand,Moonblast,Protect|||F|||50|,,,,,Steel]Basculegion||ChoiceScarf|Adaptability|LastRespects,WaveCrash,TeraBlast,FlipTurn|||M|||50|,,,,,Electric]Kingambit||BlackGlasses|Defiant|KowtowCleave,SwordsDance,IronHead,Protect|||F|||50|,,,,,Flying\n|\n|t:|1700335908\n|start\n|switch|p1a: Grimmsnarl|Grimmsnarl, L50, M|100\/100\n|switch|p1b: Fezandipiti|Fezandipiti, L50, M|100\/100\n|switch|p2a: *steals ur balls*|Kommo-o, L50, F|100\/100\n|switch|p2b: common trans W|Sylveon, L50, F|100\/100\n|turn|1\n|\n|t:|1700335929\n|move|p1b: Fezandipiti|Dazzling Gleam|p2a: *steals ur balls*|[spread] p2a,p2b\n|-supereffective|p2a: *steals ur balls*\n|-damage|p2a: *steals ur balls*|18\/100\n|-damage|p2b: common trans W|88\/100\n|-enditem|p2a: *steals ur balls*|Sitrus Berry|[eat]\n|-heal|p2a: *steals ur balls*|43\/100|[from] item: Sitrus Berry\n|move|p2a: *steals ur balls*|Clangorous Soul|p2a: *steals ur balls*\n|-boost|p2a: *steals ur balls*|atk|1\n|-boost|p2a: *steals ur balls*|def|1\n|-boost|p2a: *steals ur balls*|spa|1\n|-boost|p2a: *steals ur balls*|spd|1\n|-boost|p2a: *steals ur balls*|spe|1\n|-damage|p2a: *steals ur balls*|10\/100\n|move|p2b: common trans W|Skill Swap|p2a: *steals ur balls*\n|-activate|p2b: common trans W|move: Skill Swap|||[of] p2a: *steals ur balls*\n|move|p1a: Grimmsnarl|Spirit Break|p2a: *steals ur balls*\n|-supereffective|p2a: *steals ur balls*\n|-damage|p2a: *steals ur balls*|0 fnt\n|faint|p2a: *steals ur balls*\n|\n|upkeep\n|\n|t:|1700335945\n|switch|p2a: skibidi toilet|Kingambit, L50, F|100\/100\n|turn|2\n|\n|t:|1700335961\n|move|p2b: common trans W|Protect|p2b: common trans W\n|-singleturn|p2b: common trans W|Protect\n|move|p1a: Grimmsnarl|Reflect|p1a: Grimmsnarl\n|-sidestart|p1: CyborgPigeon|Reflect\n|move|p1b: Fezandipiti|Dazzling Gleam|p2a: skibidi toilet|[spread] p2a\n|-activate|p2b: common trans W|move: Protect\n|-damage|p2a: skibidi toilet|83\/100\n|move|p2a: skibidi toilet|Iron Head|p1b: Fezandipiti\n|-supereffective|p1b: Fezandipiti\n|-damage|p1b: Fezandipiti|27\/100\n|\n|upkeep\n|turn|3\n|\n|t:|1700335984\n|move|p2b: common trans W|Helping Hand|p2a: skibidi toilet\n|-singleturn|p2a: skibidi toilet|Helping Hand|[of] p2b: common trans W\n|move|p1b: Fezandipiti|Protect|p1b: Fezandipiti\n|-singleturn|p1b: Fezandipiti|Protect\n|move|p1a: Grimmsnarl|Parting Shot|p2b: common trans W\n|-immune|p2b: common trans W|[from] ability: Soundproof\n|move|p2a: skibidi toilet|Iron Head|p1a: Grimmsnarl\n|-supereffective|p1a: Grimmsnarl\n|-damage|p1a: Grimmsnarl|0 fnt\n|faint|p1a: Grimmsnarl\n|\n|upkeep\n|\n|t:|1700335999\n|switch|p1a: Meowscarada|Meowscarada, L50, F|100\/100\n|turn|4\n|c|\u2606CyborgPigeon|!weakness Kingambit\n|c| CyborgPigeon|\/raw <div class=\"infobox\">Kingambit (ignoring abilities):<br \/><span class=\"message-effect-weak\">Weaknesses<\/span>: <b>Fighting<\/b>, Fire, Ground<br \/><span class=\"message-effect-resist\">Resistances<\/span>: Dark, Dragon, Flying, Ghost, Grass, Ice, Normal, Rock, Steel<br \/><span class=\"message-effect-immune\">Immunities<\/span>: Poison, Psychic, Prankster, Sandstorm damage, Toxic<\/div>\n|\n|t:|1700336031\n|move|p1a: Meowscarada|Protect|p1a: Meowscarada\n|-start|p1a: Meowscarada|typechange|Normal|[from] ability: Protean\n|-singleturn|p1a: Meowscarada|Protect\n|move|p1b: Fezandipiti|Dazzling Gleam|p2a: skibidi toilet|[spread] p2a,p2b\n|-damage|p2a: skibidi toilet|64\/100\n|-damage|p2b: common trans W|75\/100\n|move|p2b: common trans W|Moonblast|p1a: Meowscarada\n|-activate|p1a: Meowscarada|move: Protect\n|move|p2a: skibidi toilet|Iron Head|p1b: Fezandipiti\n|-supereffective|p1b: Fezandipiti\n|-damage|p1b: Fezandipiti|0 fnt\n|faint|p1b: Fezandipiti\n|\n|upkeep\n|\n|t:|1700336041\n|switch|p1b: Sinistcha|Sinistcha, L50|100\/100\n|turn|5\n|\n|t:|1700336118\n|-terastallize|p1b: Sinistcha|Fire\n|move|p2a: skibidi toilet|Protect|p2a: skibidi toilet\n|-singleturn|p2a: skibidi toilet|Protect\n|move|p1a: Meowscarada|Knock Off|p2a: skibidi toilet\n|-activate|p2a: skibidi toilet|move: Protect\n|move|p1b: Sinistcha|Matcha Gotcha|p2a: skibidi toilet|[spread] p2b\n|-activate|p2a: skibidi toilet|move: Protect\n|-damage|p2b: common trans W|58\/100\n|move|p2b: common trans W|Moonblast|p1b: Sinistcha\n|-resisted|p1b: Sinistcha\n|-damage|p1b: Sinistcha|79\/100\n|\n|upkeep\n|turn|6\n|\n|t:|1700336148\n|move|p2b: common trans W|Protect|p2b: common trans W\n|-singleturn|p2b: common trans W|Protect\n|move|p1a: Meowscarada|Knock Off|p2a: skibidi toilet\n|-resisted|p2a: skibidi toilet\n|-damage|p2a: skibidi toilet|53\/100\n|-enditem|p2a: skibidi toilet|Black Glasses|[from] move: Knock Off|[of] p1a: Meowscarada\n|move|p1b: Sinistcha|Matcha Gotcha|p2a: skibidi toilet|[spread] p2a\n|-activate|p2b: common trans W|move: Protect\n|-resisted|p2a: skibidi toilet\n|-damage|p2a: skibidi toilet|41\/100\n|-heal|p1b: Sinistcha|86\/100|[from] drain|[of] p2a: skibidi toilet\n|move|p2a: skibidi toilet|Swords Dance|p2a: skibidi toilet\n|-boost|p2a: skibidi toilet|atk|2\n|\n|upkeep\n|turn|7\n|\n|t:|1700336196\n|move|p2b: common trans W|Helping Hand|p2a: skibidi toilet\n|-singleturn|p2a: skibidi toilet|Helping Hand|[of] p2b: common trans W\n|move|p1a: Meowscarada|Flower Trick|p2a: skibidi toilet\n|-resisted|p2a: skibidi toilet\n|-crit|p2a: skibidi toilet\n|-damage|p2a: skibidi toilet|29\/100\n|move|p1b: Sinistcha|Matcha Gotcha|p2b: common trans W|[spread] p2a,p2b\n|-resisted|p2a: skibidi toilet\n|-damage|p2a: skibidi toilet|17\/100\n|-heal|p1b: Sinistcha|93\/100|[from] drain|[of] p2a: skibidi toilet\n|-damage|p2b: common trans W|41\/100\n|-heal|p1b: Sinistcha|100\/100|[from] drain|[of] p2b: common trans W\n|move|p2a: skibidi toilet|Kowtow Cleave|p1b: Sinistcha\n|-damage|p1b: Sinistcha|31\/100\n|-damage|p2a: skibidi toilet|1\/100|[from] item: Rocky Helmet|[of] p1b: Sinistcha\n|\n|upkeep\n|turn|8\n|\n|t:|1700336235\n|move|p2a: skibidi toilet|Protect|p2a: skibidi toilet\n|-singleturn|p2a: skibidi toilet|Protect\n|move|p1a: Meowscarada|Flower Trick|p2b: common trans W\n|-crit|p2b: common trans W\n|-damage|p2b: common trans W|16\/100\n|move|p1b: Sinistcha|Matcha Gotcha|p2b: common trans W|[spread] p2b\n|-activate|p2a: skibidi toilet|move: Protect\n|-damage|p2b: common trans W|0 fnt\n|-heal|p1b: Sinistcha|40\/100|[from] drain|[of] p2b: common trans W\n|faint|p2b: common trans W\n|\n|upkeep\n|\n|t:|1700336247\n|switch|p2b: BEST RIZZ MOMENTS|Basculegion, L50, M, shiny|100\/100\n|turn|9\n|\n|t:|1700336308\n|-terastallize|p2b: BEST RIZZ MOMENTS|Electric\n|move|p1b: Sinistcha|Protect|p1b: Sinistcha\n|-singleturn|p1b: Sinistcha|Protect\n|move|p1a: Meowscarada|U-turn|p2a: skibidi toilet\n|-damage|p2a: skibidi toilet|0 fnt\n|faint|p2a: skibidi toilet\n|move|p2b: BEST RIZZ MOMENTS|Wave Crash|p1b: Sinistcha\n|-activate|p1b: Sinistcha|move: Protect\n|\n|-sideend|p1: CyborgPigeon|Reflect\n|upkeep\n|turn|10\n|\n|t:|1700336322\n|move|p1a: Meowscarada|Knock Off|p2b: BEST RIZZ MOMENTS\n|-damage|p2b: BEST RIZZ MOMENTS|68\/100\n|-enditem|p2b: BEST RIZZ MOMENTS|Choice Scarf|[from] move: Knock Off|[of] p1a: Meowscarada\n|move|p2b: BEST RIZZ MOMENTS|Wave Crash|p1b: Sinistcha\n|-supereffective|p1b: Sinistcha\n|-damage|p1b: Sinistcha|0 fnt\n|-damage|p2b: BEST RIZZ MOMENTS|52\/100|[from] item: Rocky Helmet|[of] p1b: Sinistcha\n|faint|p1b: Sinistcha\n|-damage|p2b: BEST RIZZ MOMENTS|41\/100|[from] Recoil\n|\n|upkeep\n|turn|11\n|\n|t:|1700336336\n|move|p1a: Meowscarada|Flower Trick|p2b: BEST RIZZ MOMENTS\n|-crit|p2b: BEST RIZZ MOMENTS\n|-damage|p2b: BEST RIZZ MOMENTS|4\/100\n|move|p2b: BEST RIZZ MOMENTS|Wave Crash|p1a: Meowscarada\n|-damage|p1a: Meowscarada|3\/100\n|-damage|p2b: BEST RIZZ MOMENTS|0 fnt|[from] Recoil\n|faint|p2b: BEST RIZZ MOMENTS\n|\n|win|CyborgPigeon\n|c|\u2606klyze|ah shoot\n|c|\u2606klyze|gg\n|c|&|\/uhtml prompt-cyborgpigeon,CyborgPigeon is ready for game 2!\n|inactive|klyze has 50 seconds to confirm battle start!\n","uploadtime":1700336347,"views":35,"p1id":"cyborgpigeon","p2id":"klyze","formatid":"gen9vgc2023regulatione","rating":0,"private":0,"password":""}