{"id":"gen9vgc2023regulatione-1990147617","p1":"owhbz","p2":"AXELLARAMENA","format":"[Gen 9] VGC 2023 Regulation E","log":"|j|\u2606owhbz\n|j|\u2606AXELLARAMENA\n|t:|1699929763\n|gametype|doubles\n|player|p1|owhbz|101|1000\n|player|p2|AXELLARAMENA|1|1012\n|teamsize|p1|6\n|teamsize|p2|6\n|gen|9\n|tier|[Gen 9] VGC 2023 Regulation E\n|rated|\n|rule|Species Clause: Limit one of each Pok\u00e9mon\n|rule|Item Clause: Limit one of each item\n|clearpoke\n|poke|p1|Gardevoir, L50, M|\n|poke|p1|Iron Hands, L50|\n|poke|p1|Urshifu-*, L50, M|\n|poke|p1|Tornadus, L50, M|\n|poke|p1|Chandelure, L50, M|\n|poke|p1|Scizor, L50, M|\n|poke|p2|Golduck, L50, M|\n|poke|p2|Torterra, L50, F|\n|poke|p2|Sinistcha, L50|\n|poke|p2|Slowking, L50, M|\n|poke|p2|Kommo-o, L50, M|\n|poke|p2|Dragonite, L50, F|\n|teampreview|4\n|\n|t:|1699929807\n|start\n|switch|p1a: Tornadus|Tornadus, L50, M|100\/100\n|switch|p1b: Iron Hands|Iron Hands, L50|100\/100\n|switch|p2a: Dragonite|Dragonite, L50, F|100\/100\n|switch|p2b: Golduck|Golduck, L50, M|100\/100\n|turn|1\n|\n|t:|1699929860\n|move|p1a: Tornadus|Tailwind|p1a: Tornadus\n|-sidestart|p1: owhbz|move: Tailwind\n|move|p1b: Iron Hands|Wild Charge|p2b: Golduck\n|-supereffective|p2b: Golduck\n|-damage|p2b: Golduck|1\/100\n|-damage|p1b: Iron Hands|80\/100|[from] Recoil\n|move|p2a: Dragonite|Dragon Dance|p2a: Dragonite\n|-boost|p2a: Dragonite|atk|1\n|-boost|p2a: Dragonite|spe|1\n|move|p2b: Golduck|Simple Beam|p2a: Dragonite\n|-endability|p2a: Dragonite|Multiscale|[from] move: Simple Beam\n|-ability|p2a: Dragonite|Simple|[from] move: Simple Beam\n|\n|-heal|p1b: Iron Hands|86\/100|[from] item: Leftovers\n|upkeep\n|turn|2\n|\n|t:|1699929879\n|move|p1a: Tornadus|Bleakwind Storm|p2a: Dragonite|[spread] p2a\n|-miss|p1a: Tornadus|p2b: Golduck\n|-damage|p2a: Dragonite|63\/100\n|move|p2a: Dragonite|Dragon Dance|p2a: Dragonite\n|-boost|p2a: Dragonite|atk|2\n|-boost|p2a: Dragonite|spe|2\n|move|p1b: Iron Hands|Drain Punch|p2a: Dragonite\n|-resisted|p2a: Dragonite\n|-damage|p2a: Dragonite|43\/100\n|-heal|p1b: Iron Hands|94\/100|[from] drain|[of] p2a: Dragonite\n|move|p2b: Golduck|Taunt|p1a: Tornadus\n|-start|p1a: Tornadus|move: Taunt\n|\n|-heal|p1b: Iron Hands|99\/100|[from] item: Leftovers\n|upkeep\n|turn|3\n|\n|t:|1699929903\n|-end|p1b: Iron Hands|Quark Drive|[silent]\n|switch|p1b: Chandelure|Chandelure, L50, M|100\/100\n|switch|p2b: Sinistcha|Sinistcha, L50, shiny|100\/100\n|-heal|p2a: Dragonite|67\/100|[from] ability: Hospitality|[of] p2b: Sinistcha\n|move|p2a: Dragonite|Extreme Speed|p1a: Tornadus\n|-damage|p1a: Tornadus|21\/100\n|move|p1a: Tornadus|Bleakwind Storm|p2a: Dragonite|[spread] p2a,p2b\n|-supereffective|p2b: Sinistcha\n|-damage|p2a: Dragonite|28\/100\n|-damage|p2b: Sinistcha|12\/100\n|-unboost|p2b: Sinistcha|spe|1\n|\n|upkeep\n|turn|4\n|\n|t:|1699929946\n|move|p2a: Dragonite|Extreme Speed|p1a: Tornadus\n|-damage|p1a: Tornadus|0 fnt\n|faint|p1a: Tornadus\n|move|p1b: Chandelure|Psychic|p2a: Dragonite\n|-crit|p2a: Dragonite\n|-damage|p2a: Dragonite|0 fnt\n|faint|p2a: Dragonite\n|move|p2b: Sinistcha|Life Dew|p2b: Sinistcha\n|-heal|p2b: Sinistcha|37\/100\n|\n|-sideend|p1: owhbz|move: Tailwind\n|upkeep\n|\n|t:|1699929960\n|switch|p1a: Iron Hands|Iron Hands, L50|99\/100\n|switch|p2a: Golduck|Golduck, L50, M|1\/100\n|turn|5\n|\n|t:|1699929971\n|move|p2a: Golduck|Protect|p2a: Golduck\n|-singleturn|p2a: Golduck|Protect\n|move|p1a: Iron Hands|Fake Out|p2a: Golduck\n|-activate|p2a: Golduck|move: Protect\n|move|p1b: Chandelure|Flamethrower|p2b: Sinistcha\n|-supereffective|p2b: Sinistcha\n|-damage|p2b: Sinistcha|0 fnt\n|faint|p2b: Sinistcha\n|\n|-heal|p1a: Iron Hands|100\/100|[from] item: Leftovers\n|upkeep\n|\n|t:|1699929983\n|switch|p2b: Torterra|Torterra, L50, F|100\/100\n|turn|6\n|\n|t:|1699930003\n|-terastallize|p2b: Torterra|Fire\n|move|p2a: Golduck|Simple Beam|p2b: Torterra\n|-endability|p2b: Torterra|Shell Armor|[from] move: Simple Beam\n|-ability|p2b: Torterra|Simple|[from] move: Simple Beam\n|move|p1b: Chandelure|Flamethrower|p2b: Torterra\n|-resisted|p2b: Torterra\n|-damage|p2b: Torterra|76\/100\n|move|p2b: Torterra|Shell Smash|p2b: Torterra\n|-unboost|p2b: Torterra|def|2\n|-unboost|p2b: Torterra|spd|2\n|-boost|p2b: Torterra|atk|4\n|-boost|p2b: Torterra|spa|4\n|-boost|p2b: Torterra|spe|4\n|-enditem|p2b: Torterra|White Herb\n|-clearnegativeboost|p2b: Torterra|[silent]\n|move|p1a: Iron Hands|Drain Punch|p2a: Golduck\n|-damage|p2a: Golduck|0 fnt\n|faint|p2a: Golduck\n|\n|upkeep\n|turn|7\n|\n|t:|1699930023\n|move|p2b: Torterra|Earthquake|p1b: Chandelure|[spread] p1a,p1b\n|-supereffective|p1a: Iron Hands\n|-supereffective|p1b: Chandelure\n|-damage|p1a: Iron Hands|0 fnt\n|-enditem|p1b: Chandelure|Focus Sash\n|-damage|p1b: Chandelure|1\/100\n|faint|p1a: Iron Hands\n|-end|p1a: Iron Hands|Quark Drive|[silent]\n|move|p1b: Chandelure|Psychic|p2b: Torterra\n|-damage|p2b: Torterra|42\/100\n|\n|upkeep\n|\n|t:|1699930027\n|switch|p1a: Gardevoir|Gardevoir, L50, M, shiny|100\/100\n|-ability|p1a: Gardevoir|Simple|[from] ability: Trace|[of] p2b: Torterra\n|turn|8\n|\n|t:|1699930052\n|-terastallize|p1a: Gardevoir|Grass\n|move|p2b: Torterra|Earthquake|p1a: Gardevoir|[spread] p1a,p1b\n|-resisted|p1a: Gardevoir\n|-supereffective|p1b: Chandelure\n|-damage|p1a: Gardevoir|22\/100\n|-damage|p1b: Chandelure|0 fnt\n|faint|p1b: Chandelure\n|move|p1a: Gardevoir|Aura Sphere|p2b: Torterra\n|-damage|p2b: Torterra|10\/100\n|\n|upkeep\n|turn|9\n|\n|t:|1699930068\n|move|p2b: Torterra|Earthquake|p1a: Gardevoir\n|-resisted|p1a: Gardevoir\n|-damage|p1a: Gardevoir|0 fnt\n|faint|p1a: Gardevoir\n|\n|win|AXELLARAMENA\n|raw|owhbz's rating: 1000 &rarr; <strong>1000<\/strong><br \/>(+0 for losing)\n|raw|AXELLARAMENA's rating: 1012 &rarr; <strong>1049<\/strong><br \/>(+37 for winning)\n|l|\u2606owhbz\n","uploadtime":1699930077,"views":18,"p1id":"owhbz","p2id":"axellaramena","formatid":"gen9vgc2023regulatione","rating":1000,"private":0,"password":""}