{"id":"gen9vgc2023regulatione-1998668562","p1":"That_Leek","p2":"grecnarl","format":"[Gen 9] VGC 2023 Regulation E","log":"|j|\u2606That_Leek\n|j|\u2606grecnarl\n|t:|1700970018\n|gametype|doubles\n|player|p1|That_Leek|blue|1523\n|player|p2|grecnarl|clair|1679\n|teamsize|p1|6\n|teamsize|p2|6\n|gen|9\n|tier|[Gen 9] VGC 2023 Regulation E\n|rated|\n|rule|Species Clause: Limit one of each Pok\u00e9mon\n|rule|Item Clause: Limit one of each item\n|clearpoke\n|poke|p1|Gholdengo, L50|\n|poke|p1|Ogerpon-Wellspring, L50, F|\n|poke|p1|Arcanine-Hisui, L50, F|\n|poke|p1|Chien-Pao, L50|\n|poke|p1|Scream Tail, L50|\n|poke|p1|Dragonite, L50, F|\n|poke|p2|Annihilape, L50, F|\n|poke|p2|Ogerpon-Wellspring, L50, F|\n|poke|p2|Tornadus, L50, M|\n|poke|p2|Landorus-Therian, L50, M|\n|poke|p2|Chien-Pao, L50|\n|poke|p2|Indeedee-F, L50, F|\n|teampreview|4\nThat_Leek has agreed to open team sheets.\ngrecnarl has agreed to open team sheets.\n|c|\u2606grecnarl|hey!\n|c|\u2606grecnarl|I didn't misclick this time lol\n|c|\u2606That_Leek|yooooo\n|j| hdwyzdmszrj\n|l| hdwyzdmszrj\n|inactive|Battle timer is ON: inactive players will automatically lose when time's up. (requested by That_Leek)\n|\n|t:|1700970150\n|start\n|switch|p1a: Scream Tail|Scream Tail, L50|100\/100\n|switch|p1b: Gholdengo|Gholdengo, L50|100\/100\n|switch|p2a: Landorus|Landorus-Therian, L50, M|100\/100\n|switch|p2b: Tornadus|Tornadus, L50, M|100\/100\n|-ability|p2a: Landorus|Intimidate|boost\n|-unboost|p1a: Scream Tail|atk|1\n|-unboost|p1b: Gholdengo|atk|1\n|-enditem|p1a: Scream Tail|Booster Energy\n|-activate|p1a: Scream Tail|ability: Protosynthesis|[fromitem]\n|-start|p1a: Scream Tail|protosynthesisspe\n|turn|1\n|c|\u2606That_Leek|sorry I might go soon\n|inactive|grecnarl has 30 seconds left.\n|inactive|grecnarl has 20 seconds left.\n|inactive|grecnarl has 15 seconds left.\n|\n|t:|1700970195\n|-terastallize|p1b: Gholdengo|Water\n|move|p2b: Tornadus|Protect|p2b: Tornadus\n|-singleturn|p2b: Tornadus|Protect\n|move|p1a: Scream Tail|Thunder Wave|p2b: Tornadus\n|-activate|p2b: Tornadus|move: Protect\n|move|p2a: Landorus|Rock Tomb|p1a: Scream Tail\n|-damage|p1a: Scream Tail|85\/100\n|-unboost|p1a: Scream Tail|spe|1\n|move|p1b: Gholdengo|Nasty Plot|p1b: Gholdengo\n|-boost|p1b: Gholdengo|spa|2\n|\n|upkeep\n|turn|2\n|inactive|That_Leek has 30 seconds left.\n|inactive|grecnarl has 30 seconds left.\n|inactive|That_Leek has 20 seconds left.\n|inactive|grecnarl has 20 seconds left.\n|inactive|That_Leek has 15 seconds left.\n|inactive|grecnarl has 15 seconds left.\n|\n|t:|1700970236\n|move|p2b: Tornadus|Tailwind|p2b: Tornadus\n|-sidestart|p2: grecnarl|move: Tailwind\n|move|p2a: Landorus|Earthquake|p1b: Gholdengo|[spread] p1a,p1b\n|-immune|p2b: Tornadus\n|-damage|p1a: Scream Tail|55\/100\n|-damage|p1b: Gholdengo|65\/100\n|move|p1a: Scream Tail|Thunder Wave|p2b: Tornadus\n|-status|p2b: Tornadus|par\n|move|p1b: Gholdengo|Make It Rain|p2a: Landorus|[spread] p2a,p2b\n|-damage|p2a: Landorus|40\/100\n|-damage|p2b: Tornadus|0 fnt\n|-unboost|p1b: Gholdengo|spa|1\n|faint|p2b: Tornadus\n|\n|upkeep\n|\n|t:|1700970256\n|switch|p2b: Annihilape|Annihilape, L50, F|100\/100\n|turn|3\n|inactive|grecnarl has 30 seconds left.\n|inactive|grecnarl has 20 seconds left.\n|inactive|grecnarl has 15 seconds left.\n|\n|t:|1700970297\n|move|p2b: Annihilape|Protect|p2b: Annihilape\n|-singleturn|p2b: Annihilape|Protect\n|move|p1b: Gholdengo|Protect|p1b: Gholdengo\n|-singleturn|p1b: Gholdengo|Protect\n|move|p2a: Landorus|Earthquake|p1b: Gholdengo|[spread] p1a\n|-activate|p2b: Annihilape|move: Protect\n|-activate|p1b: Gholdengo|move: Protect\n|-damage|p1a: Scream Tail|23\/100\n|move|p1a: Scream Tail|Disable|p2a: Landorus\n|-start|p2a: Landorus|Disable|Earthquake\n|\n|upkeep\n|turn|4\n|inactive|That_Leek has 30 seconds left.\n|inactive|grecnarl has 30 seconds left.\n|inactive|That_Leek has 20 seconds left.\n|inactive|grecnarl has 20 seconds left.\n|inactive|That_Leek has 15 seconds left.\n|inactive|grecnarl has 15 seconds left.\n|inactive|That_Leek has 10 seconds left.\n|inactive|grecnarl has 10 seconds left.\n|inactive|That_Leek has 5 seconds left.\n|\n|t:|1700970352\n|-terastallize|p2a: Landorus|Flying\n|move|p2b: Annihilape|Bulk Up|p2b: Annihilape\n|-boost|p2b: Annihilape|atk|1\n|-boost|p2b: Annihilape|def|1\n|move|p2a: Landorus|Tera Blast|p1b: Gholdengo|[anim] Tera Blast Flying\n|-damage|p1b: Gholdengo|14\/100\n|-enditem|p1b: Gholdengo|Sitrus Berry|[eat]\n|-heal|p1b: Gholdengo|38\/100|[from] item: Sitrus Berry\n|move|p1a: Scream Tail|Howl|p1a: Scream Tail|[spread] p1a\n|-immune|p1b: Gholdengo|[from] ability: Good as Gold\n|-boost|p1a: Scream Tail|atk|1\n|move|p1b: Gholdengo|Make It Rain|p2a: Landorus|[spread] p2a,p2b\n|-damage|p2a: Landorus|0 fnt\n|-damage|p2b: Annihilape|38\/100\n|-unboost|p1b: Gholdengo|spa|1\n|faint|p2a: Landorus\n|\n|-heal|p2b: Annihilape|44\/100|[from] item: Leftovers\n|upkeep\n|c|\u2606That_Leek|oops\n|c|\u2606That_Leek|timed out\n|\n|t:|1700970372\n|switch|p2a: Indeedee|Indeedee-F, L50, F|100\/100\n|-fieldstart|move: Psychic Terrain|[from] ability: Psychic Surge|[of] p2a: Indeedee\n|turn|5\n|inactive|grecnarl has 30 seconds left.\n|inactive|grecnarl has 20 seconds left.\n|inactive|grecnarl has 15 seconds left.\n|\n|t:|1700970413\n|move|p1b: Gholdengo|Protect|p1b: Gholdengo\n|-singleturn|p1b: Gholdengo|Protect\n|move|p2a: Indeedee|Follow Me|p2a: Indeedee\n|-singleturn|p2a: Indeedee|move: Follow Me\n|move|p2b: Annihilape|Rage Fist|p1a: Scream Tail\n|-supereffective|p1a: Scream Tail\n|-damage|p1a: Scream Tail|0 fnt\n|faint|p1a: Scream Tail\n|-end|p1a: Scream Tail|Protosynthesis|[silent]\n|\n|-heal|p2b: Annihilape|50\/100|[from] item: Leftovers\n|-sideend|p2: grecnarl|move: Tailwind\n|upkeep\n|c|\u2606grecnarl|dam sorry about that\n|c|\u2606grecnarl|almost happened to me too\n|inactive|That_Leek has 30 seconds left.\n|inactive|That_Leek has 20 seconds left.\n|\n|t:|1700970448\n|switch|p1a: Chien-Pao|Chien-Pao, L50|100\/100\n|-ability|p1a: Chien-Pao|Sword of Ruin\n|turn|6\n|\n|t:|1700970466\n|move|p2a: Indeedee|Follow Me|p2a: Indeedee\n|-singleturn|p2a: Indeedee|move: Follow Me\n|move|p1a: Chien-Pao|Ice Spinner|p2a: Indeedee\n|-damage|p2a: Indeedee|44\/100\n|-damage|p1a: Chien-Pao|84\/100|[from] item: Rocky Helmet|[of] p2a: Indeedee\n|-fieldend|move: Psychic Terrain\n|move|p2b: Annihilape|Drain Punch|p1b: Gholdengo\n|-damage|p1b: Gholdengo|0 fnt\n|-heal|p2b: Annihilape|68\/100|[from] drain|[of] p1b: Gholdengo\n|faint|p1b: Gholdengo\n|\n|-heal|p2b: Annihilape|74\/100|[from] item: Leftovers\n|upkeep\n|\n|t:|1700970471\n|switch|p1b: Arcanine|Arcanine-Hisui, L50, F|100\/100\n|-ability|p1b: Arcanine|Intimidate|boost\n|-unboost|p2a: Indeedee|atk|1\n|-unboost|p2b: Annihilape|atk|1\n|-ability|p2b: Annihilape|Defiant|boost\n|-boost|p2b: Annihilape|atk|2\n|turn|7\n|\n|t:|1700970492\n|move|p1a: Chien-Pao|Protect|p1a: Chien-Pao\n|-singleturn|p1a: Chien-Pao|Protect\n|move|p1b: Arcanine|Rock Slide|p2a: Indeedee|[spread] p2a,p2b\n|-resisted|p2b: Annihilape\n|-damage|p2a: Indeedee|0 fnt\n|-damage|p2b: Annihilape|57\/100\n|faint|p2a: Indeedee\n|cant|p2b: Annihilape|flinch\n|\n|-heal|p2b: Annihilape|63\/100|[from] item: Leftovers\n|upkeep\n|turn|8\n|\n|t:|1700970503\n|move|p2b: Annihilape|Protect|p2b: Annihilape\n|-singleturn|p2b: Annihilape|Protect\n|move|p1a: Chien-Pao|Sucker Punch||[still]\n|-fail|p1a: Chien-Pao\n|move|p1b: Arcanine|Rock Slide|p2b: Annihilape\n|-activate|p2b: Annihilape|move: Protect\n|\n|-heal|p2b: Annihilape|69\/100|[from] item: Leftovers\n|upkeep\n|turn|9\n|inactive|That_Leek has 30 seconds left.\n|inactive|That_Leek has 20 seconds left.\n|\n|t:|1700970542\n|move|p1a: Chien-Pao|Sucker Punch||[still]\n|-fail|p1a: Chien-Pao\n|move|p1b: Arcanine|Rock Slide|p2b: Annihilape\n|-resisted|p2b: Annihilape\n|-damage|p2b: Annihilape|46\/100\n|cant|p2b: Annihilape|flinch\n|\n|-heal|p2b: Annihilape|52\/100|[from] item: Leftovers\n|upkeep\n|turn|10\n|\n|t:|1700970556\n|move|p2b: Annihilape|Protect|p2b: Annihilape\n|-singleturn|p2b: Annihilape|Protect\n|move|p1a: Chien-Pao|Sucker Punch||[still]\n|-fail|p1a: Chien-Pao\n|move|p1b: Arcanine|Rock Slide|p2b: Annihilape\n|-activate|p2b: Annihilape|move: Protect\n|\n|-heal|p2b: Annihilape|58\/100|[from] item: Leftovers\n|upkeep\n|turn|11\n|\n|t:|1700970563\n|move|p1a: Chien-Pao|Ice Spinner|p2b: Annihilape\n|-damage|p2b: Annihilape|26\/100\n|move|p1b: Arcanine|Rock Slide|p2b: Annihilape\n|-resisted|p2b: Annihilape\n|-damage|p2b: Annihilape|1\/100\n|cant|p2b: Annihilape|flinch\n|\n|-heal|p2b: Annihilape|8\/100|[from] item: Leftovers\n|upkeep\n|turn|12\n|c|\u2606That_Leek|dam\n|c|\u2606That_Leek|I'm so sorry\n|\n|t:|1700970573\n|move|p2b: Annihilape|Protect|p2b: Annihilape\n|-singleturn|p2b: Annihilape|Protect\n|move|p1a: Chien-Pao|Sucker Punch||[still]\n|-fail|p1a: Chien-Pao\n|move|p1b: Arcanine|Rock Slide|p2b: Annihilape\n|-activate|p2b: Annihilape|move: Protect\n|\n|-heal|p2b: Annihilape|14\/100|[from] item: Leftovers\n|upkeep\n|turn|13\n|c|\u2606grecnarl|its all good\n|c|\u2606grecnarl|that's just the way the game goes\n|c|\u2606grecnarl|but I am salty AF rn XD\n|inactive|grecnarl has 30 seconds left.\n|\n|t:|1700970601\n|move|p2b: Annihilape|Protect|p2b: Annihilape\n|-singleturn|p2b: Annihilape|Protect\n|move|p1a: Chien-Pao|Sucker Punch||[still]\n|-fail|p1a: Chien-Pao\n|move|p1b: Arcanine|Rock Slide|p2b: Annihilape\n|-activate|p2b: Annihilape|move: Protect\n|\n|-heal|p2b: Annihilape|20\/100|[from] item: Leftovers\n|upkeep\n|turn|14\n|inactive|That_Leek has 30 seconds left.\n|inactive|That_Leek has 20 seconds left.\n|inactive|That_Leek has 15 seconds left.\n|\n|t:|1700970642\n|move|p1a: Chien-Pao|Sucker Punch||[still]\n|-fail|p1a: Chien-Pao\n|move|p1b: Arcanine|Rock Slide|p2b: Annihilape\n|-resisted|p2b: Annihilape\n|-damage|p2b: Annihilape|0 fnt\n|faint|p2b: Annihilape\n|\n|win|That_Leek\n|raw|That_Leek's rating: 1496 &rarr; <strong>1526<\/strong><br \/>(+30 for winning)\n|raw|grecnarl's rating: 1679 &rarr; <strong>1649<\/strong><br \/>(-30 for losing)\n|c|\u2606That_Leek|yeah I'm sorry\n","uploadtime":1700970651,"views":2,"p1id":"thatleek","p2id":"grecnarl","formatid":"gen9vgc2023regulatione","rating":1526,"private":0,"password":""}