{"id":"gen9vgc2023regulatione-1993509936","p1":"Fortune Meow","p2":"cocomolaco","format":"[Gen 9] VGC 2023 Regulation E","log":"|j|\u2606Fortune Meow\n|j|\u2606cocomolaco\n|n|\u2606Fortune Meow|fortunemeow\n|n|\u2606cocomolaco|cocomolaco\n|html|View the match progress at <a href=\"\/game-bestof3-gen9vgc2023regulatione-1993509935\">game-bestof3-gen9vgc2023regulatione-1993509935<\/a>\n|t:|1700326324\n|gametype|doubles\n|player|p1|Fortune Meow|burglar|\n|player|p2|cocomolaco|102|\n|teamsize|p1|6\n|teamsize|p2|6\n|gen|9\n|tier|[Gen 9] VGC 2023 Regulation E\n|rule|Species Clause: Limit one of each Pok\u00e9mon\n|rule|Item Clause: Limit one of each item\n|clearpoke\n|poke|p1|Kommo-o, L50, M|\n|poke|p1|Tyranitar, L50, F|\n|poke|p1|Rillaboom, L50, F|\n|poke|p1|Flutter Mane, L50|\n|poke|p1|Arcanine-Hisui, L50, M|\n|poke|p1|Iron Bundle, L50|\n|poke|p2|Ninetales-Alola, L50, F|\n|poke|p2|Vaporeon, L50, M|\n|poke|p2|Sinistcha, L50|\n|poke|p2|Iron Hands, L50|\n|poke|p2|Heatran, L50, F|\n|poke|p2|Landorus-Therian, L50, M|\n|teampreview|4\n|inactive|Battle timer is ON: inactive players will automatically lose when time's up. (requested by Fortune Meow)\ncocomolaco has agreed to open team sheets.\n|c|\u2606cocomolaco|glhf!\nFortune Meow has agreed to open team sheets.\n|showteam|p1|Kommo-o||Leftovers|Bulletproof|BodyPress,IronDefense,IronHead,Protect|||M|||50|,,,,,Steel]Tyranitar||AssaultVest|SandStream|KnockOff,RockSlide,LowKick,TeraBlast|||F|||50|,,,,,Psychic]Rillaboom||MiracleSeed|GrassySurge|FakeOut,WoodHammer,GrassyGlide,Taunt|||F|||50|,,,,,Grass]Flutter Mane||ChoiceSpecs|Protosynthesis|DazzlingGleam,Moonblast,ShadowBall,TrickRoom||||||50|,,,,,Fairy]Arcanine-Hisui||SitrusBerry|Intimidate|FlareBlitz,RockSlide,Howl,WillOWisp|||M|||50|,,,,,Water]Iron Bundle||BoosterEnergy|QuarkDrive|FreezeDry,IcyWind,HydroPump,Protect||||||50|,,,,,Ghost\n|showteam|p2|Ninetales-Alola||LightClay|SnowWarning|AuroraVeil,Blizzard,Moonblast,FreezeDry|||F|||50|,,,,,Water]Vaporeon||RockyHelmet|WaterAbsorb|Protect,Scald,IcyWind,Yawn|||M|||50|,,,,,Ground]Sinistcha||Leftovers|Hospitality|MatchaGotcha,Protect,ShadowBall,NastyPlot||||||50|,,,,,Dragon]Iron Hands||AssaultVest|QuarkDrive|DrainPunch,HeavySlam,WildCharge,FakeOut||||||50|,,,,,Bug]Heatran||ChoiceSpecs|FlashFire|FlashCannon,TeraBlast,HeatWave,DarkPulse|||F|||50|,,,,,Grass]Landorus-Therian||ChoiceScarf|Intimidate|Uturn,StompingTantrum,RockSlide,TeraBlast|||M|||50|,,,,,Flying\n|inactive|cocomolaco has 30 seconds left.\n|\n|t:|1700326363\n|start\n|switch|p1a: Iron Bundle|Iron Bundle, L50|100\/100\n|switch|p1b: Arcanine|Arcanine-Hisui, L50, M|100\/100\n|switch|p2a: Heatran|Heatran, L50, F|100\/100\n|switch|p2b: Sinistcha|Sinistcha, L50|100\/100\n|-ability|p1b: Arcanine|Intimidate|boost\n|-unboost|p2a: Heatran|atk|1\n|-unboost|p2b: Sinistcha|atk|1\n|-enditem|p1a: Iron Bundle|Booster Energy\n|-activate|p1a: Iron Bundle|ability: Quark Drive|[fromitem]\n|-start|p1a: Iron Bundle|quarkdrivespe\n|turn|1\n|\n|t:|1700326383\n|-terastallize|p2b: Sinistcha|Dragon\n|move|p1a: Iron Bundle|Protect|p1a: Iron Bundle\n|-singleturn|p1a: Iron Bundle|Protect\n|move|p1b: Arcanine|Flare Blitz|p2b: Sinistcha\n|-resisted|p2b: Sinistcha\n|-damage|p2b: Sinistcha|77\/100\n|-damage|p1b: Arcanine|93\/100|[from] Recoil\n|move|p2a: Heatran|Flash Cannon|p1a: Iron Bundle\n|-activate|p1a: Iron Bundle|move: Protect\n|move|p2b: Sinistcha|Nasty Plot|p2b: Sinistcha\n|-boost|p2b: Sinistcha|spa|2\n|\n|-heal|p2b: Sinistcha|84\/100|[from] item: Leftovers\n|upkeep\n|turn|2\n|\n|t:|1700326403\n|move|p2b: Sinistcha|Protect|p2b: Sinistcha\n|-singleturn|p2b: Sinistcha|Protect\n|move|p1a: Iron Bundle|Hydro Pump|p2a: Heatran\n|-supereffective|p2a: Heatran\n|-damage|p2a: Heatran|7\/100\n|move|p1b: Arcanine|Rock Slide|p2b: Sinistcha|[spread] p2a\n|-activate|p2b: Sinistcha|move: Protect\n|-damage|p2a: Heatran|0 fnt\n|faint|p2a: Heatran\n|\n|-heal|p2b: Sinistcha|90\/100|[from] item: Leftovers\n|upkeep\n|\n|t:|1700326416\n|switch|p2a: Iron Hands|Iron Hands, L50|100\/100\n|turn|3\n|\n|t:|1700326426\n|move|p1a: Iron Bundle|Freeze-Dry|p2b: Sinistcha\n|-supereffective|p2b: Sinistcha\n|-damage|p2b: Sinistcha|12\/100\n|move|p1b: Arcanine|Will-O-Wisp|p2a: Iron Hands\n|-status|p2a: Iron Hands|brn\n|move|p2b: Sinistcha|Nasty Plot|p2b: Sinistcha\n|-boost|p2b: Sinistcha|spa|2\n|move|p2a: Iron Hands|Drain Punch|p1b: Arcanine\n|-supereffective|p1b: Arcanine\n|-damage|p1b: Arcanine|51\/100\n|\n|-heal|p2b: Sinistcha|18\/100|[from] item: Leftovers\n|-damage|p2a: Iron Hands|94\/100 brn|[from] brn\n|upkeep\n|turn|4\n|\n|t:|1700326443\n|move|p1a: Iron Bundle|Icy Wind|p2a: Iron Hands|[spread] p2a,p2b\n|-crit|p2a: Iron Hands\n|-supereffective|p2b: Sinistcha\n|-damage|p2a: Iron Hands|79\/100 brn\n|-damage|p2b: Sinistcha|0 fnt\n|-unboost|p2a: Iron Hands|spe|1\n|faint|p2b: Sinistcha\n|move|p1b: Arcanine|Flare Blitz|p2a: Iron Hands\n|-damage|p2a: Iron Hands|46\/100 brn\n|-damage|p1b: Arcanine|37\/100|[from] Recoil\n|-enditem|p1b: Arcanine|Sitrus Berry|[eat]\n|-heal|p1b: Arcanine|62\/100|[from] item: Sitrus Berry\n|move|p2a: Iron Hands|Drain Punch|p1b: Arcanine\n|-supereffective|p1b: Arcanine\n|-crit|p1b: Arcanine\n|-damage|p1b: Arcanine|0 fnt\n|-heal|p2a: Iron Hands|70\/100 brn|[from] drain|[of] p1b: Arcanine\n|faint|p1b: Arcanine\n|\n|-damage|p2a: Iron Hands|64\/100 brn|[from] brn\n|upkeep\n|\n|t:|1700326462\n|switch|p1b: Kommo-o|Kommo-o, L50, M|100\/100\n|switch|p2b: Landorus|Landorus-Therian, L50, M|100\/100\n|-ability|p2b: Landorus|Intimidate|boost\n|-unboost|p1a: Iron Bundle|atk|1\n|-unboost|p1b: Kommo-o|atk|1\n|turn|5\n|\n|t:|1700326477\n|move|p1a: Iron Bundle|Freeze-Dry|p2b: Landorus\n|-supereffective|p2b: Landorus\n|-damage|p2b: Landorus|0 fnt\n|faint|p2b: Landorus\n|move|p1b: Kommo-o|Iron Defense|p1b: Kommo-o\n|-boost|p1b: Kommo-o|def|2\n|move|p2a: Iron Hands|Drain Punch|p1a: Iron Bundle\n|-supereffective|p1a: Iron Bundle\n|-damage|p1a: Iron Bundle|56\/100\n|-heal|p2a: Iron Hands|75\/100 brn|[from] drain|[of] p1a: Iron Bundle\n|\n|-damage|p2a: Iron Hands|69\/100 brn|[from] brn\n|upkeep\n|turn|6\n|\n|t:|1700326496\n|-terastallize|p1a: Iron Bundle|Ghost\n|move|p1a: Iron Bundle|Freeze-Dry|p2a: Iron Hands\n|-damage|p2a: Iron Hands|51\/100 brn\n|move|p1b: Kommo-o|Body Press|p2a: Iron Hands\n|-damage|p2a: Iron Hands|0 fnt\n|faint|p2a: Iron Hands\n|-end|p2a: Iron Hands|Quark Drive|[silent]\n|\n|win|Fortune Meow\n|c|&|\/uhtml prompt-fortunemeow,Fortune Meow is ready for game 2!\n|inactive|cocomolaco has 50 seconds to confirm battle start!\n|c|\u2606cocomolaco|yes\n|c|\u2606Fortune Meow|Gg\n|c|&|\/uhtml prompt-cocomolaco,cocomolaco is ready for game 2!\nBoth players are ready! Starting next match!\n","uploadtime":1700326593,"views":12,"p1id":"fortunemeow","p2id":"cocomolaco","formatid":"gen9vgc2023regulatione","rating":0,"private":0,"password":""}