{"id":"gen9vgc2023regulatione-1989249764","p1":"FunkyPengu1n","p2":"It\u2019sJustKen VGC","format":"[Gen 9] VGC 2023 Regulation E","log":"|j|\u2606FunkyPengu1n\n|j|\u2606It\u2019sJustKen VGC\n|t:|1699827962\n|gametype|doubles\n|player|p1|FunkyPengu1n|170|1395\n|player|p2|It\u2019sJustKen VGC|turo|1352\n|teamsize|p1|6\n|teamsize|p2|6\n|gen|9\n|tier|[Gen 9] VGC 2023 Regulation E\n|rated|\n|rule|Species Clause: Limit one of each Pok\u00e9mon\n|rule|Item Clause: Limit one of each item\n|clearpoke\n|poke|p1|Arcanine-Hisui, L50, M|\n|poke|p1|Milotic, L50, F|\n|poke|p1|Ninetales-Alola, L50, F|\n|poke|p1|Rillaboom, L50, M|\n|poke|p1|Ogerpon-Hearthflame, L50, F|\n|poke|p1|Roaring Moon, L50|\n|poke|p2|Amoonguss, L50, F|\n|poke|p2|Iron Bundle, L50|\n|poke|p2|Chi-Yu, L50|\n|poke|p2|Farigiraf, L50, M|\n|poke|p2|Landorus-Therian, L50, M|\n|poke|p2|Iron Hands, L50|\n|teampreview|4\n|inactive|Battle timer is ON: inactive players will automatically lose when time's up. (requested by FunkyPengu1n)\n|inactive|It\u2019sJustKen VGC also wants the timer to be on.\n|inactive|It\u2019sJustKen VGC has 60 seconds left.\n|inactive|It\u2019sJustKen VGC has 30 seconds left.\n|inactive|It\u2019sJustKen VGC has 20 seconds left.\n|inactive|It\u2019sJustKen VGC has 15 seconds left.\n|inactive|It\u2019sJustKen VGC has 10 seconds left.\n|\n|t:|1699828043\n|start\n|switch|p1a: Milotic|Milotic, L50, F|100\/100\n|switch|p1b: Rillaboom|Rillaboom, L50, M|100\/100\n|switch|p2a: Iron Hands|Iron Hands, L50|100\/100\n|switch|p2b: Farigiraf|Farigiraf, L50, M|100\/100\n|-fieldstart|move: Grassy Terrain|[from] ability: Grassy Surge|[of] p1b: Rillaboom\n|turn|1\n|inactive|FunkyPengu1n has 30 seconds left.\n|inactive|FunkyPengu1n has 20 seconds left.\n|\n|t:|1699828080\n|-terastallize|p2b: Farigiraf|Fire\n|move|p1a: Milotic|Protect|p1a: Milotic\n|-singleturn|p1a: Milotic|Protect\n|move|p2a: Iron Hands|Fake Out|p1a: Milotic\n|-activate|p1a: Milotic|move: Protect\n|move|p1b: Rillaboom|High Horsepower|p2a: Iron Hands\n|-supereffective|p2a: Iron Hands\n|-damage|p2a: Iron Hands|54\/100\n|move|p2b: Farigiraf|Trick Room|p2b: Farigiraf\n|-fieldstart|move: Trick Room|[of] p2b: Farigiraf\n|\n|-heal|p2a: Iron Hands|60\/100|[from] Grassy Terrain\n|upkeep\n|turn|2\n|\n|t:|1699828100\n|switch|p1a: Arcanine|Arcanine-Hisui, L50, M|100\/100\n|-ability|p1a: Arcanine|Intimidate|boost\n|-unboost|p2a: Iron Hands|atk|1\n|-unboost|p2b: Farigiraf|atk|1\n|move|p2a: Iron Hands|Wild Charge|p1a: Arcanine\n|-damage|p1a: Arcanine|64\/100\n|-damage|p2a: Iron Hands|52\/100|[from] Recoil\n|move|p2b: Farigiraf|Psychic|p1a: Arcanine\n|-damage|p1a: Arcanine|27\/100\n|-enditem|p1a: Arcanine|Sitrus Berry|[eat]\n|-heal|p1a: Arcanine|52\/100|[from] item: Sitrus Berry\n|move|p1b: Rillaboom|High Horsepower|p2a: Iron Hands\n|-supereffective|p2a: Iron Hands\n|-damage|p2a: Iron Hands|2\/100\n|\n|-heal|p2a: Iron Hands|8\/100|[from] Grassy Terrain\n|-heal|p1a: Arcanine|58\/100|[from] Grassy Terrain\n|upkeep\n|turn|3\n|inactive|FunkyPengu1n has 30 seconds left.\n|inactive|It\u2019sJustKen VGC has 30 seconds left.\n|inactive|It\u2019sJustKen VGC has 20 seconds left.\n|inactive|It\u2019sJustKen VGC has 15 seconds left.\n|inactive|It\u2019sJustKen VGC has 10 seconds left.\n|\n|t:|1699828148\n|switch|p1a: Milotic|Milotic, L50, F|100\/100\n|move|p1b: Rillaboom|Grassy Glide||[still]\n|cant|p2b: Farigiraf|ability: Armor Tail|Grassy Glide|[of] p1b: Rillaboom\n|move|p2a: Iron Hands|Drain Punch|p1b: Rillaboom\n|-damage|p1b: Rillaboom|70\/100\n|-heal|p2a: Iron Hands|22\/100|[from] drain|[of] p1b: Rillaboom\n|move|p2b: Farigiraf|Psychic|p1b: Rillaboom\n|-damage|p1b: Rillaboom|45\/100\n|\n|-heal|p2a: Iron Hands|28\/100|[from] Grassy Terrain\n|-heal|p1b: Rillaboom|51\/100|[from] Grassy Terrain\n|upkeep\n|turn|4\n|\n|t:|1699828163\n|move|p1a: Milotic|Protect|p1a: Milotic\n|-singleturn|p1a: Milotic|Protect\n|move|p2a: Iron Hands|Drain Punch|p1b: Rillaboom\n|-damage|p1b: Rillaboom|23\/100\n|-heal|p2a: Iron Hands|41\/100|[from] drain|[of] p1b: Rillaboom\n|move|p2b: Farigiraf|Psychic|p1b: Rillaboom\n|-damage|p1b: Rillaboom|0 fnt\n|faint|p1b: Rillaboom\n|\n|-heal|p2a: Iron Hands|47\/100|[from] Grassy Terrain\n|upkeep\n|\n|t:|1699828172\n|switch|p1b: Arcanine|Arcanine-Hisui, L50, M|58\/100\n|-ability|p1b: Arcanine|Intimidate|boost\n|-unboost|p2a: Iron Hands|atk|1\n|-unboost|p2b: Farigiraf|atk|1\n|turn|5\n|inactive|It\u2019sJustKen VGC has 30 seconds left.\n|\n|t:|1699828202\n|-terastallize|p1a: Milotic|Dragon\n|move|p1b: Arcanine|Protect|p1b: Arcanine\n|-singleturn|p1b: Arcanine|Protect\n|move|p2a: Iron Hands|Drain Punch|p1b: Arcanine\n|-activate|p1b: Arcanine|move: Protect\n|move|p2b: Farigiraf|Psychic|p1b: Arcanine\n|-activate|p1b: Arcanine|move: Protect\n|move|p1a: Milotic|Coil|p1a: Milotic\n|-boost|p1a: Milotic|atk|1\n|-boost|p1a: Milotic|def|1\n|-boost|p1a: Milotic|accuracy|1\n|\n|-heal|p2a: Iron Hands|53\/100|[from] Grassy Terrain\n|-heal|p1b: Arcanine|64\/100|[from] Grassy Terrain\n|-fieldend|move: Trick Room\n|-fieldend|move: Grassy Terrain\n|upkeep\n|turn|6\n|inactive|FunkyPengu1n has 30 seconds left.\n|\n|t:|1699828233\n|move|p1b: Arcanine|Will-O-Wisp|p2a: Iron Hands\n|-status|p2a: Iron Hands|brn\n|move|p1a: Milotic|Hydro Pump|p2b: Farigiraf\n|-supereffective|p2b: Farigiraf\n|-damage|p2b: Farigiraf|15\/100\n|-enditem|p2b: Farigiraf|Sitrus Berry|[eat]\n|-heal|p2b: Farigiraf|40\/100|[from] item: Sitrus Berry\n|move|p2b: Farigiraf|Psychic|p1b: Arcanine\n|-damage|p1b: Arcanine|29\/100\n|move|p2a: Iron Hands|Drain Punch|p1b: Arcanine\n|-supereffective|p1b: Arcanine\n|-damage|p1b: Arcanine|8\/100\n|-heal|p2a: Iron Hands|63\/100 brn|[from] drain|[of] p1b: Arcanine\n|\n|-damage|p2a: Iron Hands|57\/100 brn|[from] brn\n|upkeep\n|turn|7\n|inactive|It\u2019sJustKen VGC has 30 seconds left.\n|inactive|It\u2019sJustKen VGC has 20 seconds left.\n|inactive|It\u2019sJustKen VGC has 15 seconds left.\n|\n|t:|1699828277\n|move|p1b: Arcanine|Protect|p1b: Arcanine\n|-singleturn|p1b: Arcanine|Protect\n|move|p2b: Farigiraf|Protect|p2b: Farigiraf\n|-singleturn|p2b: Farigiraf|Protect\n|move|p1a: Milotic|Hydro Pump|p2b: Farigiraf\n|-activate|p2b: Farigiraf|move: Protect\n|move|p2a: Iron Hands|Drain Punch|p1b: Arcanine\n|-activate|p1b: Arcanine|move: Protect\n|\n|-damage|p2a: Iron Hands|50\/100 brn|[from] brn\n|upkeep\n|turn|8\n|\n|t:|1699828300\n|move|p1b: Arcanine|Rock Slide|p2b: Farigiraf|[spread] p2a,p2b\n|-resisted|p2a: Iron Hands\n|-supereffective|p2b: Farigiraf\n|-damage|p2a: Iron Hands|41\/100 brn\n|-damage|p2b: Farigiraf|0 fnt\n|faint|p2b: Farigiraf\n|move|p1a: Milotic|Hydro Pump|p2a: Iron Hands\n|-damage|p2a: Iron Hands|17\/100 brn\n|cant|p2a: Iron Hands|flinch\n|\n|-damage|p2a: Iron Hands|10\/100 brn|[from] brn\n|upkeep\n|\n|t:|1699828305\n|switch|p2b: Iron Bundle|Iron Bundle, L50|100\/100\n|-enditem|p2b: Iron Bundle|Booster Energy\n|-activate|p2b: Iron Bundle|ability: Quark Drive|[fromitem]\n|-start|p2b: Iron Bundle|quarkdrivespe\n|turn|9\n|\n|t:|1699828320\n|move|p2b: Iron Bundle|Protect|p2b: Iron Bundle\n|-singleturn|p2b: Iron Bundle|Protect\n|move|p1a: Milotic|Protect|p1a: Milotic\n|-singleturn|p1a: Milotic|Protect\n|move|p1b: Arcanine|Rock Slide|p2b: Iron Bundle|[spread] p2a\n|-activate|p2b: Iron Bundle|move: Protect\n|-resisted|p2a: Iron Hands\n|-damage|p2a: Iron Hands|2\/100 brn\n|move|p2a: Iron Hands|Drain Punch|p1a: Milotic\n|-activate|p1a: Milotic|move: Protect\n|\n|-damage|p2a: Iron Hands|0 fnt|[from] brn\n|faint|p2a: Iron Hands\n|-end|p2a: Iron Hands|Quark Drive|[silent]\n|upkeep\n|\n|t:|1699828335\n|switch|p2a: Chi-Yu|Chi-Yu, L50|100\/100\n|-ability|p2a: Chi-Yu|Beads of Ruin\n|turn|10\n|\n|t:|1699828347\n|move|p2b: Iron Bundle|Freeze-Dry|p1a: Milotic\n|-supereffective|p1a: Milotic\n|-damage|p1a: Milotic|28\/100\n|-status|p1a: Milotic|frz\n|move|p2a: Chi-Yu|Heat Wave|p1b: Arcanine|[spread] p1b\n|-miss|p2a: Chi-Yu|p1a: Milotic\n|-resisted|p1b: Arcanine\n|-damage|p1b: Arcanine|0 fnt\n|faint|p1b: Arcanine\n|-curestatus|p1a: Milotic|frz|[msg]\n|move|p1a: Milotic|Hydro Pump|p2a: Chi-Yu\n|-supereffective|p2a: Chi-Yu\n|-enditem|p2a: Chi-Yu|Focus Sash\n|-damage|p2a: Chi-Yu|1\/100\n|\n|-heal|p1a: Milotic|34\/100|[from] item: Leftovers\n|upkeep\n|\n|t:|1699828360\n|switch|p1b: Ogerpon|Ogerpon-Hearthflame, L50, F|100\/100\n|-ability|p1b: Ogerpon|Mold Breaker\n|turn|11\n|inactive|It\u2019sJustKen VGC has 30 seconds left.\n|inactive|FunkyPengu1n has 30 seconds left.\n|\n|t:|1699828400\n|move|p1a: Milotic|Protect|p1a: Milotic\n|-singleturn|p1a: Milotic|Protect\n|move|p2b: Iron Bundle|Icy Wind|p1b: Ogerpon|[spread] p1b\n|-activate|p1a: Milotic|move: Protect\n|-damage|p1b: Ogerpon|68\/100\n|-unboost|p1b: Ogerpon|spe|1\n|move|p2a: Chi-Yu|Dark Pulse|p1a: Milotic\n|-activate|p1a: Milotic|move: Protect\n|move|p1b: Ogerpon|Ivy Cudgel|p2b: Iron Bundle\n|-damage|p2b: Iron Bundle|23\/100\n|\n|-heal|p1a: Milotic|40\/100|[from] item: Leftovers\n|upkeep\n|turn|12\n|inactive|FunkyPengu1n has 30 seconds left.\n|\n|t:|1699828432\n|move|p1b: Ogerpon|Follow Me|p1b: Ogerpon\n|-singleturn|p1b: Ogerpon|move: Follow Me\n|move|p2b: Iron Bundle|Freeze-Dry|p1b: Ogerpon\n|-damage|p1b: Ogerpon|13\/100\n|move|p2a: Chi-Yu|Dark Pulse|p1b: Ogerpon\n|-damage|p1b: Ogerpon|0 fnt\n|faint|p1b: Ogerpon\n|move|p1a: Milotic|Hydro Pump|p2b: Iron Bundle\n|-resisted|p2b: Iron Bundle\n|-damage|p2b: Iron Bundle|0 fnt\n|faint|p2b: Iron Bundle\n|-end|p2b: Iron Bundle|Quark Drive|[silent]\n|\n|-heal|p1a: Milotic|46\/100|[from] item: Leftovers\n|upkeep\n|turn|13\n|\n|t:|1699828445\n|move|p1a: Milotic|Protect|p1a: Milotic\n|-singleturn|p1a: Milotic|Protect\n|move|p2a: Chi-Yu|Dark Pulse|p1a: Milotic\n|-activate|p1a: Milotic|move: Protect\n|\n|-heal|p1a: Milotic|53\/100|[from] item: Leftovers\n|upkeep\n|turn|14\n|c|\u2606It\u2019sJustKen VGC|gg wp\n|\n|t:|1699828453\n|move|p2a: Chi-Yu|Dark Pulse|p1a: Milotic\n|-crit|p1a: Milotic\n|-damage|p1a: Milotic|0 fnt\n|faint|p1a: Milotic\n|\n|win|It\u2019sJustKen VGC\n|raw|FunkyPengu1n's rating: 1395 &rarr; <strong>1373<\/strong><br \/>(-22 for losing)\n|raw|It\u2019sJustKen VGC's rating: 1352 &rarr; <strong>1374<\/strong><br \/>(+22 for winning)\n|l|\u2606FunkyPengu1n\n","uploadtime":1699828489,"views":9,"p1id":"funkypengu1n","p2id":"itsjustkenvgc","formatid":"gen9vgc2023regulatione","rating":1373,"private":0,"password":""}