{"id":"gen9vgc2023regulatione-1988489967","p1":"That_Leek","p2":"gurupatak","format":"[Gen 9] VGC 2023 Regulation E","log":"|j|\u2606That_Leek\n|j|\u2606gurupatak\n|t:|1699728492\n|gametype|doubles\n|player|p1|That_Leek|blue|1461\n|player|p2|gurupatak|101|1566\n|teamsize|p1|6\n|teamsize|p2|6\n|gen|9\n|tier|[Gen 9] VGC 2023 Regulation E\n|rated|\n|rule|Species Clause: Limit one of each Pok\u00e9mon\n|rule|Item Clause: Limit one of each item\n|clearpoke\n|poke|p1|Dondozo, L50, M|\n|poke|p1|Tatsugiri, L50, M|\n|poke|p1|Heatran, L50, F|\n|poke|p1|Sinistcha, L50|\n|poke|p1|Landorus-Therian, L50, M|\n|poke|p1|Flutter Mane, L50|\n|poke|p2|Tornadus, L50, M|\n|poke|p2|Flutter Mane, L50|\n|poke|p2|Regidrago, L50|\n|poke|p2|Heatran, L50, F|\n|poke|p2|Urshifu-*, L50, M|\n|poke|p2|Farigiraf, L50, M|\n|teampreview|4\nThat_Leek has agreed to open team sheets.\ngurupatak has agreed to open team sheets.\n|inactive|Battle timer is ON: inactive players will automatically lose when time's up. (requested by gurupatak)\n|\n|t:|1699728523\n|start\n|switch|p1a: Heatran|Heatran, L50, F|100\/100\n|switch|p1b: Landorus|Landorus-Therian, L50, M|100\/100\n|switch|p2a: Urshifu|Urshifu, L50, M|100\/100\n|switch|p2b: Heatran|Heatran, L50, F|100\/100\n|-ability|p1b: Landorus|Intimidate|boost\n|-unboost|p2a: Urshifu|atk|1\n|-unboost|p2b: Heatran|atk|1\n|turn|1\n|inactive|That_Leek has 30 seconds left.\n|\n|t:|1699728549\n|-terastallize|p2a: Urshifu|Dark\n|-terastallize|p1b: Landorus|Flying\n|move|p2b: Heatran|Protect|p2b: Heatran\n|-singleturn|p2b: Heatran|Protect\n|move|p2a: Urshifu|Wicked Blow|p1b: Landorus\n|-crit|p1b: Landorus\n|-damage|p1b: Landorus|0 fnt\n|faint|p1b: Landorus\n|move|p1a: Heatran|Heat Wave|p2b: Heatran|[spread] p2a\n|-activate|p2b: Heatran|move: Protect\n|-damage|p2a: Urshifu|42\/100\n|\n|upkeep\n|\n|t:|1699728553\n|switch|p1b: Tatsugiri|Tatsugiri, L50, M|100\/100\n|turn|2\n|\n|t:|1699728562\n|move|p2a: Urshifu|Wicked Blow|p1b: Tatsugiri\n|-crit|p1b: Tatsugiri\n|-enditem|p1b: Tatsugiri|Focus Sash\n|-damage|p1b: Tatsugiri|1\/100\n|move|p1b: Tatsugiri|Draco Meteor|p2a: Urshifu\n|-damage|p2a: Urshifu|0 fnt\n|-unboost|p1b: Tatsugiri|spa|2\n|faint|p2a: Urshifu\n|move|p2b: Heatran|Earth Power|p1a: Heatran\n|-supereffective|p1a: Heatran\n|-damage|p1a: Heatran|6\/100\n|-damage|p2b: Heatran|91\/100|[from] item: Life Orb\n|move|p1a: Heatran|Flash Cannon|p2b: Heatran\n|-resisted|p2b: Heatran\n|-damage|p2b: Heatran|79\/100\n|\n|upkeep\n|\n|t:|1699728581\n|switch|p2a: Flutter Mane|Flutter Mane, L50|100\/100\n|-enditem|p2a: Flutter Mane|Booster Energy\n|-activate|p2a: Flutter Mane|ability: Protosynthesis|[fromitem]\n|-start|p2a: Flutter Mane|protosynthesisspa\n|turn|3\n|\n|t:|1699728593\n|switch|p1a: Dondozo|Dondozo, L50, M|100\/100\n|-activate|p1b: Tatsugiri|ability: Commander|[of] p1a: Dondozo\n|-boost|p1a: Dondozo|atk|2\n|-boost|p1a: Dondozo|spa|2\n|-boost|p1a: Dondozo|spe|2\n|-boost|p1a: Dondozo|def|2\n|-boost|p1a: Dondozo|spd|2\n|move|p2a: Flutter Mane|Substitute|p2a: Flutter Mane\n|-start|p2a: Flutter Mane|Substitute\n|-damage|p2a: Flutter Mane|76\/100\n|move|p2b: Heatran|Heat Wave|p1b: Tatsugiri|[spread] p1a\n|-miss|p2b: Heatran|p1b: Tatsugiri\n|-resisted|p1a: Dondozo\n|-damage|p1a: Dondozo|89\/100\n|-damage|p2b: Heatran|70\/100|[from] item: Life Orb\n|\n|-heal|p1a: Dondozo|96\/100|[from] item: Leftovers\n|upkeep\n|turn|4\n|\n|t:|1699728606\n|move|p2a: Flutter Mane|Protect|p2a: Flutter Mane\n|-singleturn|p2a: Flutter Mane|Protect\n|move|p1a: Dondozo|Earthquake|p2a: Flutter Mane|[spread] p2b\n|-miss|p1a: Dondozo|p1b: Tatsugiri\n|-activate|p2a: Flutter Mane|move: Protect\n|-supereffective|p2b: Heatran\n|-damage|p2b: Heatran|0 fnt\n|faint|p2b: Heatran\n|\n|-heal|p1a: Dondozo|100\/100|[from] item: Leftovers\n|upkeep\n|\n|t:|1699728613\n|switch|p2b: Regidrago|Regidrago, L50|100\/100\n|turn|5\n|\n|t:|1699728619\n|move|p2a: Flutter Mane|Dazzling Gleam|p1b: Tatsugiri|[spread] p1a\n|-miss|p2a: Flutter Mane|p1b: Tatsugiri\n|-damage|p1a: Dondozo|80\/100\n|move|p1a: Dondozo|Earthquake|p2b: Regidrago|[spread] p2a,p2b\n|-miss|p1a: Dondozo|p1b: Tatsugiri\n|-end|p2a: Flutter Mane|Substitute\n|-damage|p2b: Regidrago|54\/100\n|move|p2b: Regidrago|Draco Meteor|p1a: Dondozo\n|-damage|p1a: Dondozo|28\/100\n|-unboost|p2b: Regidrago|spa|2\n|\n|-heal|p1a: Dondozo|34\/100|[from] item: Leftovers\n|upkeep\n|turn|6\n|\n|t:|1699728631\n|move|p2a: Flutter Mane|Protect|p2a: Flutter Mane\n|-singleturn|p2a: Flutter Mane|Protect\n|move|p1a: Dondozo|Order Up|p2b: Regidrago\n|-supereffective|p2b: Regidrago\n|-damage|p2b: Regidrago|0 fnt\n|faint|p2b: Regidrago\n|-boost|p1a: Dondozo|atk|1\n|\n|-heal|p1a: Dondozo|40\/100|[from] item: Leftovers\n|upkeep\n|turn|7\n|\n|t:|1699728639\n|move|p2a: Flutter Mane|Dazzling Gleam|p1b: Tatsugiri|[spread] p1a\n|-miss|p2a: Flutter Mane|p1b: Tatsugiri\n|-damage|p1a: Dondozo|23\/100\n|move|p1a: Dondozo|Wave Crash|p2a: Flutter Mane\n|-damage|p2a: Flutter Mane|0 fnt\n|faint|p2a: Flutter Mane\n|-end|p2a: Flutter Mane|Protosynthesis|[silent]\n|-damage|p1a: Dondozo|7\/100|[from] Recoil\n|\n|win|That_Leek\n|raw|That_Leek's rating: 1461 &rarr; <strong>1487<\/strong><br \/>(+26 for winning)\n|raw|gurupatak's rating: 1566 &rarr; <strong>1540<\/strong><br \/>(-26 for losing)\n","uploadtime":1699728644,"views":11,"p1id":"thatleek","p2id":"gurupatak","formatid":"gen9vgc2023regulatione","rating":1487,"private":0,"password":""}