{"id":"gen9vgc2023regulatione-1992514807","p1":"j1m13o","p2":"Gamesetmatcha gg","format":"[Gen 9] VGC 2023 Regulation E","log":"|j|\u2606j1m13o\n|j|\u2606Gamesetmatcha gg\n|t:|1700197833\n|gametype|doubles\n|player|p1|j1m13o|2|1126\n|player|p2|Gamesetmatcha gg|1|1000\n|teamsize|p1|6\n|teamsize|p2|6\n|gen|9\n|tier|[Gen 9] VGC 2023 Regulation E\n|rated|\n|rule|Species Clause: Limit one of each Pok\u00e9mon\n|rule|Item Clause: Limit one of each item\n|clearpoke\n|poke|p1|Ursaluna-Bloodmoon, L50, M|\n|poke|p1|Torkoal, L50, M|\n|poke|p1|Dusclops, L50, M|\n|poke|p1|Clefable, L50, M|\n|poke|p1|Lucario, L50, M|\n|poke|p1|Clawitzer, L50, M|\n|poke|p2|Poliwrath, L50, M|\n|poke|p2|Sinistcha, L50|\n|poke|p2|Clefairy, L50, M|\n|poke|p2|Politoed, L50, F|\n|poke|p2|Grimmsnarl, L50, M|\n|poke|p2|Thundurus-Therian, L50, M|\n|teampreview|4\n|\n|t:|1700197914\n|start\n|switch|p1a: Mr. Hands|Dusclops, L50, M|100\/100\n|switch|p1b: Clefable|Clefable, L50, M|100\/100\n|switch|p2a: Clefairy|Clefairy, L50, M|100\/100\n|switch|p2b: Poliwrath|Poliwrath, L50, M|100\/100\n|-item|p2a: Clefairy|Eviolite|[from] ability: Frisk|[of] p1a: Mr. Hands|[identify]\n|-item|p2b: Poliwrath|Leftovers|[from] ability: Frisk|[of] p1a: Mr. Hands|[identify]\n|turn|1\n|\n|t:|1700197928\n|move|p1b: Clefable|Protect|p1b: Clefable\n|-singleturn|p1b: Clefable|Protect\n|move|p2a: Clefairy|Follow Me|p2a: Clefairy\n|-singleturn|p2a: Clefairy|move: Follow Me\n|move|p2b: Poliwrath|Belly Drum|p2b: Poliwrath\n|-damage|p2b: Poliwrath|51\/100\n|-setboost|p2b: Poliwrath|atk|6|[from] move: Belly Drum\n|move|p1a: Mr. Hands|Taunt|p2a: Clefairy\n|-start|p2a: Clefairy|move: Taunt\n|\n|-heal|p2b: Poliwrath|57\/100|[from] item: Leftovers\n|upkeep\n|turn|2\n|\n|t:|1700197954\n|switch|p2a: Sinistcha|Sinistcha, L50|100\/100\n|-heal|p2b: Poliwrath|82\/100|[from] ability: Hospitality|[of] p2a: Sinistcha\n|move|p1b: Clefable|Follow Me|p1b: Clefable\n|-singleturn|p1b: Clefable|move: Follow Me\n|move|p2b: Poliwrath|Liquidation|p1b: Clefable\n|-damage|p1b: Clefable|0 fnt\n|faint|p1b: Clefable\n|move|p1a: Mr. Hands|Trick Room|p1a: Mr. Hands\n|-fieldstart|move: Trick Room|[of] p1a: Mr. Hands\n|\n|-heal|p2b: Poliwrath|88\/100|[from] item: Leftovers\n|upkeep\n|\n|t:|1700197967\n|switch|p1b: Ursaluna|Ursaluna-Bloodmoon, L50, M|100\/100\n|turn|3\n|\n|t:|1700197974\n|-terastallize|p1b: Ursaluna|Normal\n|move|p1a: Mr. Hands|Helping Hand|p1b: Ursaluna\n|-singleturn|p1b: Ursaluna|Helping Hand|[of] p1a: Mr. Hands\n|move|p2a: Sinistcha|Rage Powder|p2a: Sinistcha\n|-singleturn|p2a: Sinistcha|move: Rage Powder\n|move|p1b: Ursaluna|Hyper Voice|p2a: Sinistcha|[spread] p2a,p2b\n|-enditem|p1b: Ursaluna|Normal Gem|[from] gem\n|-damage|p2a: Sinistcha|0 fnt\n|-damage|p2b: Poliwrath|0 fnt\n|faint|p2a: Sinistcha\n|faint|p2b: Poliwrath\n|\n|upkeep\n|\n|t:|1700197984\n|switch|p2a: Clefairy|Clefairy, L50, M|100\/100\n|switch|p2b: Politoed|Politoed, L50, F|100\/100\n|-weather|RainDance|[from] ability: Drizzle|[of] p2b: Politoed\n|turn|4\n|\n|t:|1700198022\n|-terastallize|p2b: Politoed|Water\n|move|p1a: Mr. Hands|Helping Hand|p1b: Ursaluna\n|-singleturn|p1b: Ursaluna|Helping Hand|[of] p1a: Mr. Hands\n|move|p2a: Clefairy|Protect|p2a: Clefairy\n|-singleturn|p2a: Clefairy|Protect\n|move|p1b: Ursaluna|Hyper Voice|p2b: Politoed|[spread] p2b\n|-activate|p2a: Clefairy|move: Protect\n|-damage|p2b: Politoed|45\/100\n|-enditem|p2b: Politoed|Sitrus Berry|[eat]\n|-heal|p2b: Politoed|70\/100|[from] item: Sitrus Berry\n|move|p2b: Politoed|Hydro Pump|p1b: Ursaluna\n|-damage|p1b: Ursaluna|4\/100\n|\n|-weather|RainDance|[upkeep]\n|upkeep\n|turn|5\n|\n|t:|1700198060\n|move|p1a: Mr. Hands|Helping Hand|p1b: Ursaluna\n|-singleturn|p1b: Ursaluna|Helping Hand|[of] p1a: Mr. Hands\n|move|p1b: Ursaluna|Hyper Voice|p2a: Clefairy|[spread] p2a,p2b\n|-damage|p2a: Clefairy|27\/100\n|-damage|p2b: Politoed|15\/100\n|move|p2a: Clefairy|Heal Pulse|p2b: Politoed\n|-heal|p2b: Politoed|65\/100\n|move|p2b: Politoed|Muddy Water|p1a: Mr. Hands|[spread] p1a\n|-miss|p2b: Politoed|p1b: Ursaluna\n|-damage|p1a: Mr. Hands|76\/100\n|-unboost|p1a: Mr. Hands|accuracy|1\n|\n|-weather|RainDance|[upkeep]\n|upkeep\n|turn|6\n|\n|t:|1700198078\n|move|p1a: Mr. Hands|Helping Hand|p1b: Ursaluna\n|-singleturn|p1b: Ursaluna|Helping Hand|[of] p1a: Mr. Hands\n|move|p2a: Clefairy|Protect|p2a: Clefairy\n|-singleturn|p2a: Clefairy|Protect\n|move|p1b: Ursaluna|Blood Moon|p2b: Politoed\n|-damage|p2b: Politoed|0 fnt\n|faint|p2b: Politoed\n|\n|-weather|RainDance|[upkeep]\n|-fieldend|move: Trick Room\n|upkeep\n|turn|7\n|-message|Gamesetmatcha gg forfeited.\n|\n|win|j1m13o\n|raw|j1m13o's rating: 1126 &rarr; <strong>1142<\/strong><br \/>(+16 for winning)\n|raw|Gamesetmatcha gg's rating: 1000 &rarr; <strong>1000<\/strong><br \/>(+0 for losing)\n|l|\u2606Gamesetmatcha gg\n","uploadtime":1700198098,"views":11,"p1id":"j1m13o","p2id":"gamesetmatchagg","formatid":"gen9vgc2023regulatione","rating":1000,"private":0,"password":""}