{"id":"gen9vgc2023regulatione-1993149738","p1":"kioptos","p2":"picie","format":"[Gen 9] VGC 2023 Regulation E","log":"|j|\u2606kioptos\n|j|\u2606picie\n|t:|1700270772\n|gametype|doubles\n|player|p1|kioptos|1|\n|player|p2|picie|102|\n|teamsize|p1|6\n|teamsize|p2|6\n|gen|9\n|tier|[Gen 9] VGC 2023 Regulation E\n|rule|Species Clause: Limit one of each Pok\u00e9mon\n|rule|Item Clause: Limit one of each item\n|clearpoke\n|poke|p1|Kingambit, L50, M|\n|poke|p1|Grimmsnarl, L50, M|\n|poke|p1|Scream Tail, L50|\n|poke|p1|Gothitelle, L50, M|\n|poke|p1|Ogerpon-Hearthflame, L50, F|\n|poke|p1|Landorus-Therian, L50, M|\n|poke|p2|Roaring Moon, L50|\n|poke|p2|Ogerpon-Hearthflame, L50, F|\n|poke|p2|Urshifu-*, L50, M|\n|poke|p2|Flutter Mane, L50|\n|poke|p2|Chien-Pao, L50|\n|poke|p2|Landorus-Therian, L50, M|\n|teampreview|4\n|\n|t:|1700270797\n|start\n|switch|p1a: Scream Tail|Scream Tail, L50|100\/100\n|switch|p1b: Gothitelle|Gothitelle, L50, M|100\/100\n|switch|p2a: flyer|Roaring Moon, L50|100\/100\n|switch|p2b: Landorus|Landorus-Therian, L50, M|100\/100\n|-ability|p2b: Landorus|Intimidate|boost\n|-unboost|p1a: Scream Tail|atk|1\n|-unboost|p1b: Gothitelle|atk|1\n|-enditem|p2a: flyer|Booster Energy\n|-activate|p2a: flyer|ability: Protosynthesis|[fromitem]\n|-start|p2a: flyer|protosynthesisatk\n|-enditem|p1a: Scream Tail|Booster Energy\n|-activate|p1a: Scream Tail|ability: Protosynthesis|[fromitem]\n|-start|p1a: Scream Tail|protosynthesisspe\n|turn|1\n|\n|t:|1700270825\n|move|p1b: Gothitelle|Fake Out|p2b: Landorus\n|-damage|p2b: Landorus|95\/100\n|cant|p2b: Landorus|flinch\n|move|p1a: Scream Tail|Perish Song|p1a: Scream Tail\n|-start|p1a: Scream Tail|perish3|[silent]\n|-start|p1b: Gothitelle|perish3|[silent]\n|-start|p2a: flyer|perish3|[silent]\n|-start|p2b: Landorus|perish3|[silent]\n|-fieldactivate|move: Perish Song\n|move|p2a: flyer|Crunch|p1a: Scream Tail\n|-damage|p1a: Scream Tail|49\/100\n|-unboost|p1a: Scream Tail|def|1\n|\n|-start|p2b: Landorus|perish3\n|-start|p1a: Scream Tail|perish3\n|-start|p2a: flyer|perish3\n|-start|p1b: Gothitelle|perish3\n|upkeep\n|turn|2\n|\n|t:|1700270887\n|move|p1b: Gothitelle|Protect|p1b: Gothitelle\n|-singleturn|p1b: Gothitelle|Protect\n|move|p2b: Landorus|Stomping Tantrum|p1a: Scream Tail\n|-damage|p1a: Scream Tail|0 fnt\n|faint|p1a: Scream Tail\n|-end|p1a: Scream Tail|Protosynthesis|[silent]\n|move|p2a: flyer|Dragon Claw|p1b: Gothitelle\n|-activate|p1b: Gothitelle|move: Protect\n|\n|-start|p2b: Landorus|perish2\n|-start|p2a: flyer|perish2\n|-start|p1b: Gothitelle|perish2\n|upkeep\n|\n|t:|1700270912\n|switch|p1a: Kingambit|Kingambit, L50, M|100\/100\n|turn|3\n|\n|t:|1700270950\n|-terastallize|p1a: Kingambit|Dark\n|move|p2b: Landorus|Stomping Tantrum|p1a: Kingambit\n|-damage|p1a: Kingambit|71\/100\n|move|p2a: flyer|Crunch|p1a: Kingambit\n|-resisted|p1a: Kingambit\n|-damage|p1a: Kingambit|48\/100\n|-unboost|p1a: Kingambit|def|1\n|-ability|p1a: Kingambit|Defiant|boost\n|-boost|p1a: Kingambit|atk|2\n|move|p1b: Gothitelle|Heal Pulse|p1a: Kingambit\n|-heal|p1a: Kingambit|98\/100\n|move|p1a: Kingambit|Kowtow Cleave|p2b: Landorus\n|-damage|p2b: Landorus|0 fnt\n|faint|p2b: Landorus\n|\n|-start|p2a: flyer|perish1\n|-start|p1b: Gothitelle|perish1\n|upkeep\n|\n|t:|1700270962\n|switch|p2b: wacky wacky eh eh|Chien-Pao, L50|100\/100\n|-ability|p2b: wacky wacky eh eh|Sword of Ruin\n|turn|4\n|\n|t:|1700270982\n|switch|p1b: Ogerpon|Ogerpon-Hearthflame, L50, F|100\/100\n|-ability|p1b: Ogerpon|Mold Breaker\n|move|p2b: wacky wacky eh eh|Protect|p2b: wacky wacky eh eh\n|-singleturn|p2b: wacky wacky eh eh|Protect\n|move|p2a: flyer|Protect|p2a: flyer\n|-singleturn|p2a: flyer|Protect\n|move|p1a: Kingambit|Iron Head|p2b: wacky wacky eh eh\n|-activate|p2b: wacky wacky eh eh|move: Protect\n|\n|-start|p2a: flyer|perish0\n|faint|p2a: flyer\n|-end|p2a: flyer|Protosynthesis|[silent]\n|upkeep\n|\n|t:|1700270988\n|switch|p2a: im so boreddd|Flutter Mane, L50|100\/100\n|turn|5\n|\n|t:|1700271000\n|move|p2a: im so boreddd|Dazzling Gleam|p1a: Kingambit|[spread] p1a,p1b\n|-supereffective|p1a: Kingambit\n|-resisted|p1b: Ogerpon\n|-damage|p1a: Kingambit|39\/100\n|-damage|p1b: Ogerpon|83\/100\n|move|p2b: wacky wacky eh eh|Ice Spinner|p1b: Ogerpon\n|-damage|p1b: Ogerpon|9\/100\n|move|p1b: Ogerpon|Ivy Cudgel|p2a: im so boreddd|[anim] Ivy Cudgel Fire\n|-damage|p2a: im so boreddd|0 fnt\n|faint|p2a: im so boreddd\n|-end|p2a: im so boreddd|Protosynthesis|[silent]\n|move|p1a: Kingambit|Iron Head|p2b: wacky wacky eh eh\n|-supereffective|p2b: wacky wacky eh eh\n|-enditem|p2b: wacky wacky eh eh|Focus Sash\n|-damage|p2b: wacky wacky eh eh|1\/100\n|\n|upkeep\n|turn|6\n|\n|t:|1700271014\n|move|p2b: wacky wacky eh eh|Protect|p2b: wacky wacky eh eh\n|-singleturn|p2b: wacky wacky eh eh|Protect\n|move|p1a: Kingambit|Sucker Punch||[still]\n|-fail|p1a: Kingambit\n|move|p1b: Ogerpon|Ivy Cudgel|p2b: wacky wacky eh eh|[anim] Ivy Cudgel Fire\n|-activate|p2b: wacky wacky eh eh|move: Protect\n|\n|upkeep\n|turn|7\n|\n|t:|1700271025\n|move|p2b: wacky wacky eh eh|Sucker Punch|p1a: Kingambit\n|-resisted|p1a: Kingambit\n|-damage|p1a: Kingambit|15\/100\n|move|p1a: Kingambit|Sucker Punch||[still]\n|-fail|p1a: Kingambit\n|move|p1b: Ogerpon|Ivy Cudgel|p2b: wacky wacky eh eh|[anim] Ivy Cudgel Fire\n|-supereffective|p2b: wacky wacky eh eh\n|-damage|p2b: wacky wacky eh eh|0 fnt\n|faint|p2b: wacky wacky eh eh\n|\n|win|kioptos\n","uploadtime":1700271072,"views":14,"p1id":"kioptos","p2id":"picie","formatid":"gen9vgc2023regulatione","rating":0,"private":0,"password":""}