{"id":"gen9vgc2023regulatione-1991216131","p1":"Tonino810","p2":"Eviovulpix","format":"[Gen 9] VGC 2023 Regulation E","log":"|j|\u2606Tonino810\n|j|\u2606Eviovulpix\n|n|\u2606Tonino810|tonino810\n|n|\u2606Eviovulpix|eviovulpix\n|html|View the match progress at <a href=\"\/game-bestof3-gen9vgc2023regulatione-1991216130\">game-bestof3-gen9vgc2023regulatione-1991216130<\/a>\n|t:|1700058070\n|gametype|doubles\n|player|p1|Tonino810|1|\n|player|p2|Eviovulpix|dragontamer|\n|teamsize|p1|6\n|teamsize|p2|6\n|gen|9\n|tier|[Gen 9] VGC 2023 Regulation E\n|rule|Species Clause: Limit one of each Pok\u00e9mon\n|rule|Item Clause: Limit one of each item\n|clearpoke\n|poke|p1|Charizard, L50, M|\n|poke|p1|Tornadus, L50, M|\n|poke|p1|Ninetales, L50, M|\n|poke|p1|Gastrodon, L50, F|\n|poke|p1|Iron Hands, L50|\n|poke|p1|Rillaboom, L50, F|\n|poke|p2|Dusclops, L50, M|\n|poke|p2|Ursaluna-Bloodmoon, L50, M|\n|poke|p2|Chi-Yu, L50|\n|poke|p2|Landorus-Therian, L50, M|\n|poke|p2|Iron Hands, L50|\n|poke|p2|Ogerpon-Wellspring, L50, F|\n|teampreview|4\nEviovulpix has agreed to open team sheets.\n|inactive|Battle timer is ON: inactive players will automatically lose when time's up. (requested by Tonino810)\nTonino810 has agreed to open team sheets.\n|showteam|p1|Charizard||Charcoal|SolarPower|Flamethrower,HeatWave,AirSlash,Protect|||M|||50|,,,,,Fire]Tornadus||SharpBeak|Prankster|BleakwindStorm,Tailwind,Protect,SunnyDay|||M|||50|,,,,,Ghost]Ninetales||EjectPack|Drought|Overheat,HeatWave,Protect,SolarBeam|||M|||50|,,,,,Grass]Gastrodon||Leftovers|StormDrain|MuddyWater,Recover,Yawn,IcyWind|||F|||50|,,,,,Fire]Iron Hands||AssaultVest|QuarkDrive|FakeOut,DrainPunch,WildCharge,HeavySlam||||||50|,,,,,Water]Rillaboom||MiracleSeed|GrassySurge|FakeOut,GrassyGlide,HighHorsepower,Protect|||F|||50|,,,,,Fire\n|showteam|p2|Dusclops||Eviolite|Frisk|NightShade,WillOWisp,PainSplit,TrickRoom|||M|||50|,,,,,Dark]Ursaluna-Bloodmoon||LifeOrb|MindsEye|BloodMoon,HyperVoice,Protect,EarthPower|||M|||50|,,,,,Normal]Chi-Yu||FocusSash|BeadsofRuin|Snarl,DarkPulse,HeatWave,Protect||||||50|,,,,,Ghost]Landorus-Therian||ChoiceScarf|Intimidate|TeraBlast,RockTomb,StompingTantrum,Uturn|||M|||50|,,,,,Flying]Iron Hands||AssaultVest|QuarkDrive|FakeOut,HeavySlam,DrainPunch,WildCharge||||||50|,,,,,Fire]Ogerpon-Wellspring||WellspringMask|WaterAbsorb|IvyCudgel,HornLeech,FollowMe,SpikyShield|||F|||50|,,,,,Water\n|inactive|Tonino810 has 30 seconds left.\n|inactive|Eviovulpix has 30 seconds left.\n|inactive|Tonino810 has 20 seconds left.\n|inactive|Eviovulpix has 20 seconds left.\n|inactive|Tonino810 has 15 seconds left.\n|inactive|Eviovulpix has 15 seconds left.\n|inactive|Tonino810 has 10 seconds left.\n|\n|t:|1700058127\n|start\n|switch|p1a: Iron Hands|Iron Hands, L50|100\/100\n|switch|p1b: Gastrodon|Gastrodon, L50, F|100\/100\n|switch|p2a: Landorus|Landorus-Therian, L50, M|100\/100\n|switch|p2b: Dusclops|Dusclops, L50, M|100\/100\n|-ability|p2a: Landorus|Intimidate|boost\n|-unboost|p1a: Iron Hands|atk|1\n|-unboost|p1b: Gastrodon|atk|1\n|-item|p1a: Iron Hands|Assault Vest|[from] ability: Frisk|[of] p2b: Dusclops|[identify]\n|-item|p1b: Gastrodon|Leftovers|[from] ability: Frisk|[of] p2b: Dusclops|[identify]\n|turn|1\n|inactive|Tonino810 has 30 seconds left.\n|\n|t:|1700058154\n|switch|p2a: Ogerpon|Ogerpon-Wellspring, L50, F|100\/100\n|move|p1a: Iron Hands|Fake Out|p2a: Ogerpon\n|-damage|p2a: Ogerpon|87\/100\n|move|p1b: Gastrodon|Yawn|p2b: Dusclops\n|-start|p2b: Dusclops|move: Yawn|[of] p1b: Gastrodon\n|move|p2b: Dusclops|Will-O-Wisp|p1a: Iron Hands\n|-status|p1a: Iron Hands|brn\n|\n|-damage|p1a: Iron Hands|94\/100 brn|[from] brn\n|upkeep\n|turn|2\n|inactive|Eviovulpix has 30 seconds left.\n|inactive|Tonino810 has 30 seconds left.\n|inactive|Tonino810 has 20 seconds left.\n|inactive|Tonino810 has 15 seconds left.\n|inactive|Tonino810 has 10 seconds left.\n|\n|t:|1700058208\n|switch|p2a: Ursaluna|Ursaluna-Bloodmoon, L50, M|100\/100\n|switch|p2b: Landorus|Landorus-Therian, L50, M|100\/100\n|-ability|p2b: Landorus|Intimidate|boost\n|-unboost|p1a: Iron Hands|atk|1\n|-unboost|p1b: Gastrodon|atk|1\n|move|p1a: Iron Hands|Drain Punch|p2a: Ursaluna\n|-supereffective|p2a: Ursaluna\n|-damage|p2a: Ursaluna|85\/100\n|-heal|p1a: Iron Hands|100\/100 brn|[from] drain|[of] p2a: Ursaluna\n|move|p1b: Gastrodon|Yawn|p2a: Ursaluna\n|-start|p2a: Ursaluna|move: Yawn|[of] p1b: Gastrodon\n|\n|-damage|p1a: Iron Hands|94\/100 brn|[from] brn\n|upkeep\n|turn|3\n|inactive|Eviovulpix has 30 seconds left.\n|\n|t:|1700058234\n|-end|p1a: Iron Hands|Quark Drive|[silent]\n|switch|p1a: Charizard|Charizard, L50, M, shiny|100\/100\n|switch|p2a: Dusclops|Dusclops, L50, M|100\/100\n|-item|p1a: Charizard|Charcoal|[from] ability: Frisk|[of] p2a: Dusclops|[identify]\n|-item|p1b: Gastrodon|Leftovers|[from] ability: Frisk|[of] p2a: Dusclops|[identify]\n|move|p2b: Landorus|U-turn|p1b: Gastrodon\n|-damage|p1b: Gastrodon|77\/100\n|\n|t:|1700058246\n|switch|p2b: Ursaluna|Ursaluna-Bloodmoon, L50, M|85\/100|[from] U-turn\n|move|p1b: Gastrodon|Icy Wind|p2a: Dusclops|[spread] p2a,p2b\n|-supereffective|p2b: Ursaluna\n|-damage|p2a: Dusclops|94\/100\n|-damage|p2b: Ursaluna|63\/100\n|-unboost|p2a: Dusclops|spe|1\n|-unboost|p2b: Ursaluna|spe|1\n|\n|-heal|p1b: Gastrodon|83\/100|[from] item: Leftovers\n|upkeep\n|turn|4\n|\n|t:|1700058264\n|switch|p1b: Ninetales|Ninetales, L50, M|100\/100\n|-weather|SunnyDay|[from] ability: Drought|[of] p1b: Ninetales\n|-terastallize|p1a: Charizard|Fire\n|move|p2b: Ursaluna|Protect|p2b: Ursaluna\n|-singleturn|p2b: Ursaluna|Protect\n|move|p1a: Charizard|Flamethrower|p2a: Dusclops\n|-damage|p2a: Dusclops|0 fnt\n|faint|p2a: Dusclops\n|\n|-weather|SunnyDay|[upkeep]\n|-damage|p1a: Charizard|88\/100|[from] ability: Solar Power|[of] p1a: Charizard\n|upkeep\n|\n|t:|1700058272\n|switch|p2a: Landorus|Landorus-Therian, L50, M|100\/100\n|-ability|p2a: Landorus|Intimidate|boost\n|-unboost|p1a: Charizard|atk|1\n|-unboost|p1b: Ninetales|atk|1\n|-enditem|p1b: Ninetales|Eject Pack\n|\n|t:|1700058287\n|switch|p1b: Iron Hands|Iron Hands, L50|94\/100 brn\n|turn|5\n|\n|t:|1700058303\n|switch|p2a: Ogerpon|Ogerpon-Wellspring, L50, F|87\/100\n|move|p1b: Iron Hands|Fake Out|p2a: Ogerpon\n|-damage|p2a: Ogerpon|77\/100\n|move|p1a: Charizard|Flamethrower|p2b: Ursaluna\n|-damage|p2b: Ursaluna|0 fnt\n|faint|p2b: Ursaluna\n|\n|-weather|SunnyDay|[upkeep]\n|-damage|p1a: Charizard|76\/100|[from] ability: Solar Power|[of] p1a: Charizard\n|-damage|p1b: Iron Hands|88\/100 brn|[from] brn\n|upkeep\n|\n|t:|1700058311\n|switch|p2b: Landorus|Landorus-Therian, L50, M|100\/100\n|-ability|p2b: Landorus|Intimidate|boost\n|-unboost|p1a: Charizard|atk|1\n|-unboost|p1b: Iron Hands|atk|1\n|turn|6\n|\n|t:|1700058332\n|switch|p1a: Gastrodon|Gastrodon, L50, F|83\/100\n|-end|p1b: Iron Hands|Quark Drive|[silent]\n|switch|p1b: Ninetales|Ninetales, L50, M|100\/100\n|move|p2b: Landorus|Rock Tomb|p1a: Gastrodon\n|-resisted|p1a: Gastrodon\n|-damage|p1a: Gastrodon|72\/100\n|-unboost|p1a: Gastrodon|spe|1\n|move|p2a: Ogerpon|Horn Leech|p1a: Gastrodon\n|-supereffective|p1a: Gastrodon\n|-damage|p1a: Gastrodon|0 fnt\n|-heal|p2a: Ogerpon|100\/100|[from] drain|[of] p1a: Gastrodon\n|faint|p1a: Gastrodon\n|\n|-weather|SunnyDay|[upkeep]\n|upkeep\n|\n|t:|1700058347\n|switch|p1a: Iron Hands|Iron Hands, L50|88\/100 brn\n|turn|7\n|\n|t:|1700058366\n|move|p2a: Ogerpon|Spiky Shield|p2a: Ogerpon\n|-singleturn|p2a: Ogerpon|move: Protect\n|move|p1a: Iron Hands|Fake Out|p2b: Landorus\n|-damage|p2b: Landorus|91\/100\n|cant|p2b: Landorus|flinch\n|move|p1b: Ninetales|Overheat|p2b: Landorus\n|-damage|p2b: Landorus|0 fnt\n|-unboost|p1b: Ninetales|spa|2\n|faint|p2b: Landorus\n|\n|-weather|SunnyDay|[upkeep]\n|-damage|p1a: Iron Hands|82\/100 brn|[from] brn\n|upkeep\n|turn|8\n|inactive|Tonino810 has 30 seconds left.\n|inactive|Eviovulpix has 30 seconds left.\n|\n|t:|1700058395\n|switch|p1b: Charizard|Charizard, L50, M, shiny, tera:Fire|76\/100\n|-terastallize|p2a: Ogerpon|Water\n|detailschange|p2a: Ogerpon|Ogerpon-Wellspring-Tera, L50, F, tera:Water\n|-ability|p2a: Ogerpon|Embody Aspect (Wellspring)|boost\n|-boost|p2a: Ogerpon|spd|1\n|move|p2a: Ogerpon|Ivy Cudgel|p1b: Charizard|[anim] Ivy Cudgel Water\n|-supereffective|p1b: Charizard\n|-crit|p1b: Charizard\n|-damage|p1b: Charizard|0 fnt\n|faint|p1b: Charizard\n|move|p1a: Iron Hands|Drain Punch|p2a: Ogerpon\n|-damage|p2a: Ogerpon|73\/100\n|-heal|p1a: Iron Hands|92\/100 brn|[from] drain|[of] p2a: Ogerpon\n|\n|-weather|none\n|-damage|p1a: Iron Hands|86\/100 brn|[from] brn\n|upkeep\n|\n|t:|1700058410\n|switch|p1b: Ninetales|Ninetales, L50, M|100\/100\n|-weather|SunnyDay|[from] ability: Drought|[of] p1b: Ninetales\n|turn|9\n|\n|t:|1700058418\n|move|p2a: Ogerpon|Spiky Shield|p2a: Ogerpon\n|-singleturn|p2a: Ogerpon|move: Protect\n|move|p1b: Ninetales|Solar Beam||[still]\n|-prepare|p1b: Ninetales|Solar Beam\n|-anim|p1b: Ninetales|Solar Beam|p2a: Ogerpon\n|-activate|p2a: Ogerpon|move: Protect\n|move|p1a: Iron Hands|Wild Charge|p2a: Ogerpon\n|-activate|p2a: Ogerpon|move: Protect\n|-damage|p1a: Iron Hands|74\/100 brn|[from] Spiky Shield|[of] p2a: Ogerpon\n|\n|-weather|SunnyDay|[upkeep]\n|-damage|p1a: Iron Hands|68\/100 brn|[from] brn\n|upkeep\n|turn|10\n|\n|t:|1700058434\n|move|p1b: Ninetales|Solar Beam||[still]\n|-prepare|p1b: Ninetales|Solar Beam\n|-anim|p1b: Ninetales|Solar Beam|p2a: Ogerpon\n|-supereffective|p2a: Ogerpon\n|-damage|p2a: Ogerpon|27\/100\n|move|p2a: Ogerpon|Horn Leech|p1a: Iron Hands\n|-damage|p1a: Iron Hands|39\/100 brn\n|-heal|p2a: Ogerpon|47\/100|[from] drain|[of] p1a: Iron Hands\n|move|p1a: Iron Hands|Wild Charge|p2a: Ogerpon\n|-supereffective|p2a: Ogerpon\n|-damage|p2a: Ogerpon|0 fnt\n|faint|p2a: Ogerpon\n|-damage|p1a: Iron Hands|30\/100 brn|[from] Recoil\n|\n|win|Tonino810\n|c|&|\/uhtml prompt-eviovulpix,Eviovulpix is ready for game 2!\n|inactive|Tonino810 has 50 seconds to confirm battle start!\n|c|&|\/uhtml prompt-tonino810,Tonino810 is ready for game 2!\nBoth players are ready! Starting next match!\n|l|\u2606Eviovulpix\n","uploadtime":1700058813,"views":7,"p1id":"tonino810","p2id":"eviovulpix","formatid":"gen9vgc2023regulatione","rating":0,"private":0,"password":""}