{"id":"gen9vgc2023regulatione-1990047263","p1":"Vinlac12","p2":"nosaltBruce","format":"[Gen 9] VGC 2023 Regulation E","log":"|j|\u2606Vinlac12\n|j|\u2606nosaltBruce\n|t:|1699918855\n|gametype|doubles\n|player|p1|Vinlac12|clown|1295\n|player|p2|nosaltBruce|swimmerf-gen4dp|1325\n|teamsize|p1|6\n|teamsize|p2|6\n|gen|9\n|tier|[Gen 9] VGC 2023 Regulation E\n|rated|\n|rule|Species Clause: Limit one of each Pok\u00e9mon\n|rule|Item Clause: Limit one of each item\n|clearpoke\n|poke|p1|Scream Tail, L50|\n|poke|p1|Arcanine, L50, F|\n|poke|p1|Amoonguss, L50, M|\n|poke|p1|Gothitelle, L50, F|\n|poke|p1|Iron Hands, L50|\n|poke|p1|Flutter Mane, L50|\n|poke|p2|Kommo-o, L50, M|\n|poke|p2|Tyranitar, L50, F|\n|poke|p2|Rillaboom, L50, F|\n|poke|p2|Flutter Mane, L50|\n|poke|p2|Arcanine-Hisui, L50, F|\n|poke|p2|Iron Bundle, L50|\n|teampreview|4\n|inactive|Battle timer is ON: inactive players will automatically lose when time's up. (requested by nosaltBruce)\n|j| Dylanbopper\n|inactive|nosaltBruce has 60 seconds left.\n|\n|t:|1699918889\n|start\n|switch|p1a: Scream Tail|Scream Tail, L50|100\/100\n|switch|p1b: Iron Hands|Iron Hands, L50|100\/100\n|switch|p2a: Iron Bundle|Iron Bundle, L50, shiny|100\/100\n|switch|p2b: Flutter Mane|Flutter Mane, L50, shiny|100\/100\n|-enditem|p2a: Iron Bundle|Booster Energy\n|-activate|p2a: Iron Bundle|ability: Quark Drive|[fromitem]\n|-start|p2a: Iron Bundle|quarkdrivespe\n|turn|1\n|inactive|Vinlac12 has 30 seconds left.\n|inactive|nosaltBruce has 30 seconds left.\n|\n|t:|1699918924\n|move|p2a: Iron Bundle|Protect|p2a: Iron Bundle\n|-singleturn|p2a: Iron Bundle|Protect\n|move|p1a: Scream Tail|Protect|p1a: Scream Tail\n|-singleturn|p1a: Scream Tail|Protect\n|move|p2b: Flutter Mane|Shadow Ball|p1a: Scream Tail\n|-activate|p1a: Scream Tail|move: Protect\n|move|p1b: Iron Hands|Heavy Slam|p2b: Flutter Mane\n|-supereffective|p2b: Flutter Mane\n|-damage|p2b: Flutter Mane|0 fnt\n|faint|p2b: Flutter Mane\n|-end|p2b: Flutter Mane|Protosynthesis|[silent]\n|\n|upkeep\n|\n|t:|1699918937\n|switch|p2b: Tyranitar|Tyranitar, L50, F, shiny|100\/100\n|-weather|Sandstorm|[from] ability: Sand Stream|[of] p2b: Tyranitar\n|turn|2\n|inactive|Vinlac12 has 30 seconds left.\n|inactive|nosaltBruce has 30 seconds left.\n|\n|t:|1699918970\n|-end|p1b: Iron Hands|Quark Drive|[silent]\n|switch|p1b: Arcanine|Arcanine, L50, F|100\/100\n|-ability|p1b: Arcanine|Intimidate|boost\n|-unboost|p2a: Iron Bundle|atk|1\n|-unboost|p2b: Tyranitar|atk|1\n|-terastallize|p2b: Tyranitar|Psychic\n|move|p2a: Iron Bundle|Icy Wind|p1b: Arcanine|[spread] p1a\n|-miss|p2a: Iron Bundle|p1b: Arcanine\n|-damage|p1a: Scream Tail|88\/100\n|-unboost|p1a: Scream Tail|spe|1\n|move|p2b: Tyranitar|Tera Blast|p1b: Arcanine|[anim] Tera Blast Psychic\n|-damage|p1b: Arcanine|63\/100\n|-enditem|p1b: Arcanine|Eject Button\n|\n|t:|1699918989\n|switch|p1b: Gothitelle|Gothitelle, L50, F|100\/100\n|move|p1a: Scream Tail|Perish Song|p1a: Scream Tail\n|-start|p1a: Scream Tail|perish3|[silent]\n|-start|p1b: Gothitelle|perish3|[silent]\n|-start|p2a: Iron Bundle|perish3|[silent]\n|-start|p2b: Tyranitar|perish3|[silent]\n|-fieldactivate|move: Perish Song\n|\n|-weather|Sandstorm|[upkeep]\n|-damage|p2a: Iron Bundle|94\/100|[from] Sandstorm\n|-damage|p2b: Tyranitar|94\/100|[from] Sandstorm\n|-damage|p1a: Scream Tail|82\/100|[from] Sandstorm\n|-damage|p1b: Gothitelle|94\/100|[from] Sandstorm\n|-start|p2a: Iron Bundle|perish3\n|-start|p2b: Tyranitar|perish3\n|-start|p1a: Scream Tail|perish3\n|-start|p1b: Gothitelle|perish3\n|upkeep\n|turn|3\n|inactive|nosaltBruce has 30 seconds left.\n|\n|t:|1699919018\n|move|p1b: Gothitelle|Fake Out|p2b: Tyranitar\n|-damage|p2b: Tyranitar|89\/100\n|move|p2a: Iron Bundle|Icy Wind|p1a: Scream Tail|[spread] p1a,p1b\n|-damage|p1a: Scream Tail|68\/100\n|-damage|p1b: Gothitelle|78\/100\n|-unboost|p1a: Scream Tail|spe|1\n|-unboost|p1b: Gothitelle|spe|1\n|cant|p2b: Tyranitar|flinch\n|move|p1a: Scream Tail|Wish|p1a: Scream Tail\n|\n|-weather|Sandstorm|[upkeep]\n|-damage|p2a: Iron Bundle|88\/100|[from] Sandstorm\n|-damage|p2b: Tyranitar|82\/100|[from] Sandstorm\n|-damage|p1a: Scream Tail|62\/100|[from] Sandstorm\n|-damage|p1b: Gothitelle|72\/100|[from] Sandstorm\n|-start|p2a: Iron Bundle|perish2\n|-start|p2b: Tyranitar|perish2\n|-start|p1a: Scream Tail|perish2\n|-start|p1b: Gothitelle|perish2\n|upkeep\n|turn|4\n|\n|t:|1699919042\n|-end|p1a: Scream Tail|Protosynthesis|[silent]\n|switch|p1a: Arcanine|Arcanine, L50, F|63\/100\n|-ability|p1a: Arcanine|Intimidate|boost\n|-unboost|p2a: Iron Bundle|atk|1\n|-unboost|p2b: Tyranitar|atk|1\n|move|p1b: Gothitelle|Protect|p1b: Gothitelle\n|-singleturn|p1b: Gothitelle|Protect\n|move|p2a: Iron Bundle|Icy Wind|p1a: Arcanine|[spread] p1a\n|-activate|p1b: Gothitelle|move: Protect\n|-resisted|p1a: Arcanine\n|-damage|p1a: Arcanine|51\/100\n|-unboost|p1a: Arcanine|spe|1\n|move|p2b: Tyranitar|Rock Slide|p1a: Arcanine|[spread] p1a\n|-activate|p1b: Gothitelle|move: Protect\n|-supereffective|p1a: Arcanine\n|-damage|p1a: Arcanine|12\/100\n|\n|-weather|Sandstorm|[upkeep]\n|-damage|p2a: Iron Bundle|82\/100|[from] Sandstorm\n|-damage|p2b: Tyranitar|76\/100|[from] Sandstorm\n|-damage|p1a: Arcanine|6\/100|[from] Sandstorm\n|-damage|p1b: Gothitelle|66\/100|[from] Sandstorm\n|-heal|p1a: Arcanine|68\/100|[from] move: Wish|[wisher] Scream Tail\n|-start|p2a: Iron Bundle|perish1\n|-start|p2b: Tyranitar|perish1\n|-start|p1b: Gothitelle|perish1\n|upkeep\n|turn|5\n|inactive|Vinlac12 has 30 seconds left.\n|inactive|nosaltBruce has 30 seconds left.\n|inactive|Vinlac12 has 20 seconds left.\n|inactive|Vinlac12 has 15 seconds left.\n|\n|t:|1699919083\n|switch|p1b: Iron Hands|Iron Hands, L50|100\/100\n|move|p1a: Arcanine|Protect|p1a: Arcanine\n|-singleturn|p1a: Arcanine|Protect\n|move|p2a: Iron Bundle|Hydro Pump|p1a: Arcanine\n|-activate|p1a: Arcanine|move: Protect\n|move|p2b: Tyranitar|Knock Off|p1b: Iron Hands\n|-resisted|p1b: Iron Hands\n|-damage|p1b: Iron Hands|92\/100\n|-enditem|p1b: Iron Hands|Assault Vest|[from] move: Knock Off|[of] p2b: Tyranitar\n|\n|-weather|Sandstorm|[upkeep]\n|-damage|p2a: Iron Bundle|76\/100|[from] Sandstorm\n|-damage|p2b: Tyranitar|70\/100|[from] Sandstorm\n|-damage|p1a: Arcanine|62\/100|[from] Sandstorm\n|-damage|p1b: Iron Hands|86\/100|[from] Sandstorm\n|-start|p2a: Iron Bundle|perish0\n|-start|p2b: Tyranitar|perish0\n|faint|p2a: Iron Bundle\n|-end|p2a: Iron Bundle|Quark Drive|[silent]\n|faint|p2b: Tyranitar\n|upkeep\n|\n|t:|1699919102\n|switch|p2b: Kommo-o|Kommo-o, L50, M, shiny|100\/100\n|turn|6\n|\n|t:|1699919123\n|-end|p1b: Iron Hands|Quark Drive|[silent]\n|switch|p1b: Scream Tail|Scream Tail, L50|62\/100\n|move|p2b: Kommo-o|Iron Defense|p2b: Kommo-o\n|-boost|p2b: Kommo-o|def|2\n|move|p1a: Arcanine|Snarl|p2b: Kommo-o|[miss]\n|-miss|p1a: Arcanine|p2b: Kommo-o\n|\n|-weather|none\n|upkeep\n|turn|7\n|\n|t:|1699919139\n|move|p2b: Kommo-o|Protect|p2b: Kommo-o\n|-singleturn|p2b: Kommo-o|Protect\n|move|p1b: Scream Tail|Perish Song|p1b: Scream Tail\n|-start|p1a: Arcanine|perish3|[silent]\n|-start|p1b: Scream Tail|perish3|[silent]\n|-start|p2b: Kommo-o|perish3|[silent]\n|-fieldactivate|move: Perish Song\n|move|p1a: Arcanine|Will-O-Wisp|p2b: Kommo-o\n|-activate|p2b: Kommo-o|move: Protect\n|\n|-start|p1b: Scream Tail|perish3\n|-start|p2b: Kommo-o|perish3\n|-start|p1a: Arcanine|perish3\n|upkeep\n|turn|8\n|\n|t:|1699919164\n|-end|p1b: Scream Tail|Protosynthesis|[silent]\n|switch|p1b: Iron Hands|Iron Hands, L50|86\/100\n|move|p2b: Kommo-o|Body Press|p1b: Iron Hands\n|-damage|p1b: Iron Hands|38\/100\n|move|p1a: Arcanine|Will-O-Wisp|p2b: Kommo-o\n|-status|p2b: Kommo-o|brn\n|\n|-damage|p2b: Kommo-o|94\/100 brn|[from] brn\n|-start|p2b: Kommo-o|perish2\n|-start|p1a: Arcanine|perish2\n|upkeep\n|turn|9\n|inactive|Vinlac12 has 30 seconds left.\n|\n|t:|1699919196\n|move|p1a: Arcanine|Protect|p1a: Arcanine\n|-singleturn|p1a: Arcanine|Protect\n|move|p1b: Iron Hands|Fake Out|p2b: Kommo-o\n|-damage|p2b: Kommo-o|90\/100 brn\n|cant|p2b: Kommo-o|flinch\n|\n|-heal|p2b: Kommo-o|96\/100 brn|[from] item: Leftovers\n|-damage|p2b: Kommo-o|90\/100 brn|[from] brn\n|-start|p2b: Kommo-o|perish1\n|-start|p1a: Arcanine|perish1\n|upkeep\n|turn|10\n|-message|nosaltBruce forfeited.\n|\n|win|Vinlac12\n|raw|Vinlac12's rating: 1295 &rarr; <strong>1322<\/strong><br \/>(+27 for winning)\n|raw|nosaltBruce's rating: 1325 &rarr; <strong>1303<\/strong><br \/>(-22 for losing)\n|l|\u2606nosaltBruce\n","uploadtime":1699919258,"views":29,"p1id":"vinlac12","p2id":"nosaltbruce","formatid":"gen9vgc2023regulatione","rating":1303,"private":0,"password":""}