{"id":"gen9vgc2023regulatione-1990108505","p1":"Gyaramax2020","p2":"WarTails","format":"[Gen 9] VGC 2023 Regulation E","log":"|j|\u2606Gyaramax2020\n|j|\u2606WarTails\n|t:|1699925426\n|gametype|doubles\n|player|p1|Gyaramax2020|rood|\n|player|p2|WarTails|veteran|\n|teamsize|p1|6\n|teamsize|p2|6\n|gen|9\n|tier|[Gen 9] VGC 2023 Regulation E\n|rule|Species Clause: Limit one of each Pok\u00e9mon\n|rule|Item Clause: Limit one of each item\n|clearpoke\n|poke|p1|Heatran, L50, M|\n|poke|p1|Clefairy, L50, F|\n|poke|p1|Sinistcha-Masterpiece, L50|\n|poke|p1|Iron Hands, L50|\n|poke|p1|Ursaluna-Bloodmoon, L50, M|\n|poke|p1|Landorus-Therian, L50, M|\n|poke|p2|Lucario, L50, F|\n|poke|p2|Garchomp, L50, M|\n|poke|p2|Gliscor, L50, M|\n|poke|p2|Rotom-Heat, L50|\n|poke|p2|Pachirisu, L50, F|\n|poke|p2|Tyranitar, L50, M|\n|teampreview|4\nGyaramax2020 has agreed to open team sheets.\n|\n|t:|1699925448\n|start\n|switch|p1a: Ursaluna|Ursaluna-Bloodmoon, L50, M|100\/100\n|switch|p1b: Iron Hands|Iron Hands, L50, shiny|100\/100\n|switch|p2a: Tyranitar|Tyranitar, L50, M|100\/100\n|switch|p2b: Gliscor|Gliscor, L50, M|100\/100\n|-weather|Sandstorm|[from] ability: Sand Stream|[of] p2a: Tyranitar\n|turn|1\n|\n|t:|1699925467\n|move|p2a: Tyranitar|Protect|p2a: Tyranitar\n|-singleturn|p2a: Tyranitar|Protect\n|move|p1b: Iron Hands|Fake Out|p2b: Gliscor\n|-damage|p2b: Gliscor|89\/100\n|move|p1a: Ursaluna|Vacuum Wave|p2a: Tyranitar\n|-activate|p2a: Tyranitar|move: Protect\n|cant|p2b: Gliscor|flinch\n|\n|-weather|Sandstorm|[upkeep]\n|-damage|p1b: Iron Hands|94\/100|[from] Sandstorm\n|-status|p2b: Gliscor|tox|[from] item: Toxic Orb\n|upkeep\n|turn|2\n|j| ControlGeek\n|\n|t:|1699925488\n|-terastallize|p2a: Tyranitar|Bug\n|move|p2b: Gliscor|Toxic|p1a: Ursaluna\n|-status|p1a: Ursaluna|tox\n|move|p2a: Tyranitar|Stealth Rock|p1b: Iron Hands\n|-sidestart|p1: Gyaramax2020|move: Stealth Rock\n|move|p1a: Ursaluna|Calm Mind|p1a: Ursaluna\n|-boost|p1a: Ursaluna|spa|1\n|-boost|p1a: Ursaluna|spd|1\n|move|p1b: Iron Hands|Drain Punch|p2a: Tyranitar\n|-resisted|p2a: Tyranitar\n|-damage|p2a: Tyranitar|81\/100\n|-heal|p1b: Iron Hands|100\/100|[from] drain|[of] p2a: Tyranitar\n|\n|-weather|Sandstorm|[upkeep]\n|-damage|p2a: Tyranitar|75\/100|[from] Sandstorm\n|-damage|p1b: Iron Hands|94\/100|[from] Sandstorm\n|-heal|p2b: Gliscor|100\/100 tox|[from] ability: Poison Heal\n|-damage|p1a: Ursaluna|95\/100 tox|[from] psn\n|upkeep\n|turn|3\n|\n|t:|1699925519\n|-end|p1b: Iron Hands|Quark Drive|[silent]\n|switch|p1b: Landorus|Landorus-Therian, L50, M, shiny|100\/100\n|-damage|p1b: Landorus|88\/100|[from] Stealth Rock\n|-ability|p1b: Landorus|Intimidate|boost\n|-unboost|p2a: Tyranitar|atk|1\n|-unboost|p2b: Gliscor|atk|1\n|move|p2b: Gliscor|Mud-Slap|p1b: Landorus\n|-immune|p1b: Landorus\n|move|p2a: Tyranitar|Smack Down|p1a: Ursaluna\n|-resisted|p1a: Ursaluna\n|-damage|p1a: Ursaluna|88\/100 tox\n|move|p1a: Ursaluna|Calm Mind|p1a: Ursaluna\n|-boost|p1a: Ursaluna|spa|1\n|-boost|p1a: Ursaluna|spd|1\n|\n|-weather|Sandstorm|[upkeep]\n|-damage|p2a: Tyranitar|69\/100|[from] Sandstorm\n|-heal|p1a: Ursaluna|94\/100 tox|[from] item: Leftovers\n|-damage|p1a: Ursaluna|82\/100 tox|[from] psn\n|upkeep\n|turn|4\n|\n|t:|1699925549\n|move|p2a: Tyranitar|Protect|p2a: Tyranitar\n|-singleturn|p2a: Tyranitar|Protect\n|move|p1b: Landorus|Rock Slide|p2b: Gliscor|[spread] p2b\n|-activate|p2a: Tyranitar|move: Protect\n|-damage|p2b: Gliscor|84\/100 tox\n|cant|p2b: Gliscor|flinch\n|move|p1a: Ursaluna|Calm Mind|p1a: Ursaluna\n|-boost|p1a: Ursaluna|spa|1\n|-boost|p1a: Ursaluna|spd|1\n|\n|-weather|Sandstorm|[upkeep]\n|-damage|p2a: Tyranitar|63\/100|[from] Sandstorm\n|-heal|p1a: Ursaluna|88\/100 tox|[from] item: Leftovers\n|-heal|p2b: Gliscor|96\/100 tox|[from] ability: Poison Heal\n|-damage|p1a: Ursaluna|70\/100 tox|[from] psn\n|upkeep\n|turn|5\n|\n|t:|1699925577\n|move|p2b: Gliscor|Protect|p2b: Gliscor\n|-singleturn|p2b: Gliscor|Protect\n|move|p1b: Landorus|Rock Slide|p2a: Tyranitar|[spread] p2a\n|-activate|p2b: Gliscor|move: Protect\n|-supereffective|p2a: Tyranitar\n|-damage|p2a: Tyranitar|25\/100\n|move|p2a: Tyranitar|Crunch|p1a: Ursaluna\n|-damage|p1a: Ursaluna|45\/100 tox\n|move|p1a: Ursaluna|Blood Moon|p2a: Tyranitar\n|-damage|p2a: Tyranitar|0 fnt\n|faint|p2a: Tyranitar\n|\n|-weather|none\n|-heal|p1a: Ursaluna|51\/100 tox|[from] item: Leftovers\n|-heal|p2b: Gliscor|100\/100 tox|[from] ability: Poison Heal\n|-damage|p1a: Ursaluna|28\/100 tox|[from] psn\n|upkeep\n|\n|t:|1699925594\n|switch|p2a: Lucario|Lucario, L50, F, shiny|100\/100\n|turn|6\n|\n|t:|1699925605\n|switch|p1b: Sinistcha|Sinistcha-Masterpiece, L50, shiny|100\/100\n|-damage|p1b: Sinistcha|88\/100|[from] Stealth Rock\n|-heal|p1a: Ursaluna|53\/100 tox|[from] ability: Hospitality|[of] p1b: Sinistcha\n|switch|p2b: Garchomp|Garchomp, L50, M|100\/100\n|move|p2a: Lucario|Detect|p2a: Lucario\n|-singleturn|p2a: Lucario|Protect\n|move|p1a: Ursaluna|Vacuum Wave|p2b: Garchomp\n|-damage|p2b: Garchomp|72\/100\n|\n|-heal|p1a: Ursaluna|59\/100 tox|[from] item: Leftovers\n|-damage|p1a: Ursaluna|29\/100 tox|[from] psn\n|upkeep\n|turn|7\n|\n|t:|1699925626\n|move|p1b: Sinistcha|Rage Powder|p1b: Sinistcha\n|-singleturn|p1b: Sinistcha|move: Rage Powder\n|move|p1a: Ursaluna|Vacuum Wave|p2a: Lucario\n|-supereffective|p2a: Lucario\n|-enditem|p2a: Lucario|Focus Sash\n|-damage|p2a: Lucario|1\/100\n|move|p2a: Lucario|Shadow Claw|p1b: Sinistcha\n|-supereffective|p1b: Sinistcha\n|-damage|p1b: Sinistcha|48\/100\n|move|p2b: Garchomp|Dragon Claw|p1b: Sinistcha\n|-damage|p1b: Sinistcha|12\/100\n|\n|-heal|p1a: Ursaluna|35\/100 tox|[from] item: Leftovers\n|-damage|p1a: Ursaluna|0 fnt|[from] psn\n|faint|p1a: Ursaluna\n|upkeep\n|\n|t:|1699925649\n|switch|p1a: Iron Hands|Iron Hands, L50, shiny|94\/100\n|-damage|p1a: Iron Hands|88\/100|[from] Stealth Rock\n|turn|8\n|\n|t:|1699925664\n|switch|p2a: Gliscor|Gliscor, L50, M|100\/100 tox\n|switch|p1b: Landorus|Landorus-Therian, L50, M, shiny|88\/100\n|-damage|p1b: Landorus|76\/100|[from] Stealth Rock\n|-ability|p1b: Landorus|Intimidate|boost\n|-unboost|p2a: Gliscor|atk|1\n|-unboost|p2b: Garchomp|atk|1\n|move|p1a: Iron Hands|Fake Out|p2b: Garchomp\n|-damage|p2b: Garchomp|58\/100\n|-damage|p1a: Iron Hands|76\/100|[from] ability: Rough Skin|[of] p2b: Garchomp\n|cant|p2b: Garchomp|flinch\n|\n|upkeep\n|turn|9\n|\n|t:|1699925683\n|-terastallize|p1b: Landorus|Flying\n|move|p1b: Landorus|Tera Blast|p2b: Garchomp|[anim] Tera Blast Flying\n|-damage|p2b: Garchomp|9\/100\n|move|p2b: Garchomp|Earthquake|p1b: Landorus|[spread] p1a\n|-immune|p2a: Gliscor\n|-immune|p1b: Landorus\n|-supereffective|p1a: Iron Hands\n|-damage|p1a: Iron Hands|41\/100\n|move|p2a: Gliscor|Toxic|p1b: Landorus|[miss]\n|-miss|p2a: Gliscor|p1b: Landorus\n|move|p1a: Iron Hands|Heavy Slam|p2a: Gliscor\n|-damage|p2a: Gliscor|66\/100 tox\n|\n|-heal|p2a: Gliscor|78\/100 tox|[from] ability: Poison Heal\n|upkeep\n|turn|10\n|\n|t:|1699925708\n|move|p1b: Landorus|Tera Blast|p2a: Gliscor|[anim] Tera Blast Flying\n|-crit|p2a: Gliscor\n|-damage|p2a: Gliscor|6\/100 tox\n|move|p2b: Garchomp|Earthquake|p1a: Iron Hands|[spread] p1a\n|-immune|p2a: Gliscor\n|-immune|p1b: Landorus\n|-supereffective|p1a: Iron Hands\n|-damage|p1a: Iron Hands|6\/100\n|move|p2a: Gliscor|Toxic|p1b: Landorus\n|-status|p1b: Landorus|tox\n|move|p1a: Iron Hands|Heavy Slam|p2b: Garchomp\n|-damage|p2b: Garchomp|0 fnt\n|-damage|p1a: Iron Hands|0 fnt|[from] ability: Rough Skin|[of] p2b: Garchomp\n|faint|p2b: Garchomp\n|faint|p1a: Iron Hands\n|-end|p1a: Iron Hands|Quark Drive|[silent]\n|\n|-damage|p1b: Landorus|70\/100 tox|[from] psn\n|-heal|p2a: Gliscor|18\/100 tox|[from] ability: Poison Heal\n|upkeep\n|\n|t:|1699925728\n|switch|p2b: Lucario|Lucario, L50, F, shiny|1\/100\n|switch|p1a: Sinistcha|Sinistcha-Masterpiece, L50, shiny|12\/100\n|-damage|p1a: Sinistcha|0 fnt|[from] Stealth Rock\n|faint|p1a: Sinistcha\n|turn|11\n|\n|t:|1699925737\n|move|p2b: Lucario|Detect|p2b: Lucario\n|-singleturn|p2b: Lucario|Protect\n|move|p2a: Gliscor|Protect|p2a: Gliscor\n|-singleturn|p2a: Gliscor|Protect\n|move|p1b: Landorus|Tera Blast|p2b: Lucario|[anim] Tera Blast Flying\n|-activate|p2b: Lucario|move: Protect\n|\n|-damage|p1b: Landorus|58\/100 tox|[from] psn\n|-heal|p2a: Gliscor|31\/100 tox|[from] ability: Poison Heal\n|upkeep\n|turn|12\n|\n|t:|1699925750\n|move|p2b: Lucario|Bullet Punch|p1b: Landorus\n|-damage|p1b: Landorus|35\/100 tox\n|move|p1b: Landorus|Tera Blast|p2a: Gliscor|[anim] Tera Blast Flying\n|-damage|p2a: Gliscor|0 fnt\n|faint|p2a: Gliscor\n|\n|-damage|p1b: Landorus|17\/100 tox|[from] psn\n|upkeep\n|turn|13\n|\n|t:|1699925760\n|move|p2b: Lucario|Detect|p2b: Lucario\n|-singleturn|p2b: Lucario|Protect\n|move|p1b: Landorus|Tera Blast|p2b: Lucario|[anim] Tera Blast Flying\n|-activate|p2b: Lucario|move: Protect\n|\n|-damage|p1b: Landorus|0 fnt|[from] psn\n|faint|p1b: Landorus\n|\n|win|WarTails\n|upkeep\n|c|\u2606WarTails|gg\n","uploadtime":1699925771,"views":15,"p1id":"gyaramax2020","p2id":"wartails","formatid":"gen9vgc2023regulatione","rating":0,"private":0,"password":""}