{"id":"gen9vgc2023regulatione-1996401549","p1":"benjc","p2":"ironknuckle23","format":"[Gen 9] VGC 2023 Regulation E","log":"|j|\u2606benjc\n|j|\u2606ironknuckle23\n|n|\u2606benjc|benjc\n|n|\u2606ironknuckle23|ironknuckle23\n|html|View the match progress at <a href=\"\/game-bestof3-gen9vgc2023regulatione-1996398072\">game-bestof3-gen9vgc2023regulatione-1996398072<\/a>\n|t:|1700678540\n|gametype|doubles\n|player|p1|benjc|preschooler|\n|player|p2|ironknuckle23|2|\n|teamsize|p1|6\n|teamsize|p2|6\n|gen|9\n|tier|[Gen 9] VGC 2023 Regulation E\n|rule|Species Clause: Limit one of each Pok\u00e9mon\n|rule|Item Clause: Limit one of each item\n|clearpoke\n|poke|p1|Scizor, L50, M|\n|poke|p1|Gardevoir, L50, F|\n|poke|p1|Ting-Lu, L50|\n|poke|p1|Gyarados, L50, F|\n|poke|p1|Eelektross, L50, M|\n|poke|p1|Poltchageist, L50|\n|poke|p2|Flutter Mane, L50|\n|poke|p2|Roaring Moon, L50|\n|poke|p2|Clefairy, L50, M|\n|poke|p2|Orthworm, L50, F|\n|poke|p2|Rotom-Mow, L50|\n|poke|p2|Moltres, L50|\n|teampreview|4\n|inactive|Battle timer is ON: inactive players will automatically lose when time's up. (requested by benjc)\n|inactive|benjc has 60 seconds left.\n|inactive|ironknuckle23 has 60 seconds left.\nironknuckle23 rejected open team sheets.\n|inactive|benjc has 30 seconds left.\n|inactive|benjc has 20 seconds left.\n|inactive|benjc has 15 seconds left.\n|inactive|benjc has 10 seconds left.\n|inactive|benjc has 5 seconds left.\n|\n|t:|1700678626\n|start\n|switch|p1a: Ting-Lu|Ting-Lu, L50|100\/100\n|switch|p1b: Gardevoir|Gardevoir, L50, F|100\/100\n|switch|p2a: Orthworm|Orthworm, L50, F|100\/100\n|switch|p2b: Moltres|Moltres, L50, shiny|100\/100\n|-ability|p1a: Ting-Lu|Vessel of Ruin\n|turn|1\n|inactive|benjc has 30 seconds left.\n|inactive|ironknuckle23 has 30 seconds left.\n|\n|t:|1700678655\n|move|p2b: Moltres|Heat Wave|p1b: Gardevoir|[spread] p1a,p1b\n|-damage|p1a: Ting-Lu|87\/100\n|-damage|p1b: Gardevoir|79\/100\n|move|p2a: Orthworm|Shed Tail|p2a: Orthworm\n|-start|p2a: Orthworm|Substitute|[from] move: Shed Tail\n|-damage|p2a: Orthworm|50\/100\n|-enditem|p2a: Orthworm|Sitrus Berry|[eat]\n|-heal|p2a: Orthworm|75\/100|[from] item: Sitrus Berry\n|\n|t:|1700678665\n|switch|p2a: Roaring Moon|Roaring Moon, L50|100\/100|[from] Shed Tail\n|move|p1a: Ting-Lu|Ruination|p2a: Roaring Moon\n|-end|p2a: Roaring Moon|Substitute\n|move|p1b: Gardevoir|Trick Room|p1b: Gardevoir\n|-fieldstart|move: Trick Room|[of] p1b: Gardevoir\n|\n|upkeep\n|turn|2\n|inactive|benjc has 30 seconds left.\n|inactive|ironknuckle23 has 30 seconds left.\n|inactive|benjc has 20 seconds left.\n|\n|t:|1700678705\n|move|p2a: Roaring Moon|Protect|p2a: Roaring Moon\n|-singleturn|p2a: Roaring Moon|Protect\n|move|p1a: Ting-Lu|Ruination|p2a: Roaring Moon\n|-activate|p2a: Roaring Moon|move: Protect\n|move|p1b: Gardevoir|Will-O-Wisp|p2a: Roaring Moon\n|-activate|p2a: Roaring Moon|move: Protect\n|move|p2b: Moltres|Heat Wave|p1a: Ting-Lu|[spread] p1a,p1b\n|-damage|p1a: Ting-Lu|74\/100\n|-damage|p1b: Gardevoir|57\/100\n|\n|upkeep\n|turn|3\n|c|\u2606ironknuckle23|i also made a huge mistake haha i'll tell you later\n|\n|t:|1700678726\n|-end|p2a: Roaring Moon|Protosynthesis|[silent]\n|switch|p2a: Orthworm|Orthworm, L50, F|75\/100\n|move|p1a: Ting-Lu|Snarl|p2b: Moltres|[spread] p2a,p2b\n|-damage|p2a: Orthworm|63\/100\n|-damage|p2b: Moltres|95\/100\n|-unboost|p2a: Orthworm|spa|1\n|-unboost|p2b: Moltres|spa|1\n|move|p1b: Gardevoir|Dazzling Gleam|p2b: Moltres|[spread] p2a,p2b\n|-resisted|p2a: Orthworm\n|-resisted|p2b: Moltres\n|-damage|p2a: Orthworm|48\/100\n|-damage|p2b: Moltres|88\/100\n|move|p2b: Moltres|Heat Wave|p1b: Gardevoir|[spread] p1a,p1b\n|-damage|p1a: Ting-Lu|65\/100\n|-damage|p1b: Gardevoir|42\/100\n|-status|p1a: Ting-Lu|brn\n|-status|p1b: Gardevoir|brn\n|\n|-damage|p1a: Ting-Lu|59\/100 brn|[from] brn\n|-damage|p1b: Gardevoir|36\/100 brn|[from] brn\n|upkeep\n|turn|4\n|c|\u2606ironknuckle23|oof sorry\n|c|\u2606benjc|welp\n|inactive|benjc has 30 seconds left.\n|inactive|ironknuckle23 has 30 seconds left.\n|\n|t:|1700678761\n|switch|p1b: Eelektross|Eelektross, L50, M|100\/100\n|move|p1a: Ting-Lu|Snarl|p2a: Orthworm|[spread] p2b\n|-miss|p1a: Ting-Lu|p2a: Orthworm\n|-damage|p2b: Moltres|84\/100\n|-unboost|p2b: Moltres|spa|1\n|move|p2a: Orthworm|High Horsepower|p1a: Ting-Lu\n|-damage|p1a: Ting-Lu|48\/100 brn\n|move|p2b: Moltres|Heat Wave|p1b: Eelektross|[spread] p1a,p1b\n|-damage|p1a: Ting-Lu|41\/100 brn\n|-damage|p1b: Eelektross|84\/100\n|\n|-damage|p1a: Ting-Lu|35\/100 brn|[from] brn\n|upkeep\n|turn|5\n|\n|t:|1700678782\n|switch|p2b: Rotom|Rotom-Mow, L50|100\/100\n|move|p1a: Ting-Lu|Ruination|p2b: Rotom\n|-damage|p2b: Rotom|51\/100\n|move|p1b: Eelektross|Flamethrower|p2a: Orthworm\n|-supereffective|p2a: Orthworm\n|-crit|p2a: Orthworm\n|-damage|p2a: Orthworm|0 fnt\n|faint|p2a: Orthworm\n|\n|-damage|p1a: Ting-Lu|29\/100 brn|[from] brn\n|-fieldend|move: Trick Room\n|upkeep\n|\n|t:|1700678793\n|switch|p2a: Roaring Moon|Roaring Moon, L50|100\/100\n|turn|6\n|c|\u2606benjc|might have mattered\n|c|\u2606benjc|def a roll\n|c|\u2606benjc|i think\n|inactive|benjc has 30 seconds left.\n|\n|t:|1700678826\n|switch|p1a: Gardevoir|Gardevoir, L50, F|36\/100 brn\n|-terastallize|p1b: Eelektross|Fairy\n|move|p2a: Roaring Moon|Knock Off|p1a: Gardevoir\n|-damage|p1a: Gardevoir|0 fnt\n|-enditem|p1a: Gardevoir|Mental Herb|[from] move: Knock Off|[of] p2a: Roaring Moon\n|faint|p1a: Gardevoir\n|move|p2b: Rotom|Leaf Storm|p1b: Eelektross\n|-damage|p1b: Eelektross|12\/100\n|-unboost|p2b: Rotom|spa|2\n|-enditem|p1b: Eelektross|Sitrus Berry|[eat]\n|-heal|p1b: Eelektross|37\/100|[from] item: Sitrus Berry\n|move|p1b: Eelektross|Tera Blast|p2a: Roaring Moon|[anim] Tera Blast Fairy\n|-supereffective|p2a: Roaring Moon\n|-damage|p2a: Roaring Moon|0 fnt\n|faint|p2a: Roaring Moon\n|-end|p2a: Roaring Moon|Protosynthesis|[silent]\n|\n|upkeep\n|inactive|benjc has 30 seconds left.\n|inactive|benjc has 20 seconds left.\n|\n|t:|1700678864\n|switch|p2a: Moltres|Moltres, L50, shiny|84\/100\n|switch|p1a: Poltchageist|Poltchageist, L50|100\/100\n|-heal|p1b: Eelektross|62\/100|[from] ability: Hospitality|[of] p1a: Poltchageist\n|turn|7\n|c|\u2606ironknuckle23|i guess i always gotta be ready for that\n|inactive|benjc has 30 seconds left.\n|\n|t:|1700678895\n|switch|p1b: Ting-Lu|Ting-Lu, L50|29\/100 brn\n|-ability|p1b: Ting-Lu|Vessel of Ruin\n|-terastallize|p2a: Moltres|Fighting\n|move|p2a: Moltres|Heat Wave|p1a: Poltchageist|[spread] p1a,p1b\n|-supereffective|p1a: Poltchageist\n|-damage|p1a: Poltchageist|43\/100\n|-damage|p1b: Ting-Lu|16\/100 brn\n|move|p2b: Rotom|Volt Switch|p1b: Ting-Lu\n|-immune|p1b: Ting-Lu\n|move|p1a: Poltchageist|Trick Room|p1a: Poltchageist\n|-fieldstart|move: Trick Room|[of] p1a: Poltchageist\n|\n|-damage|p1b: Ting-Lu|10\/100 brn|[from] brn\n|upkeep\n|turn|8\n|inactive|benjc has 30 seconds left.\n|\n|t:|1700678924\n|move|p2b: Rotom|Protect|p2b: Rotom\n|-singleturn|p2b: Rotom|Protect\n|move|p1a: Poltchageist|Night Shade|p2b: Rotom\n|-activate|p2b: Rotom|move: Protect\n|move|p1b: Ting-Lu|Snarl|p2b: Rotom|[spread] p2a\n|-activate|p2b: Rotom|move: Protect\n|-resisted|p2a: Moltres\n|-damage|p2a: Moltres|82\/100\n|-unboost|p2a: Moltres|spa|1\n|move|p2a: Moltres|Heat Wave|p1b: Ting-Lu|[spread] p1a,p1b\n|-supereffective|p1a: Poltchageist\n|-damage|p1a: Poltchageist|1\/100\n|-damage|p1b: Ting-Lu|2\/100 brn\n|\n|-damage|p1b: Ting-Lu|0 fnt|[from] brn\n|faint|p1b: Ting-Lu\n|upkeep\n|\n|t:|1700678928\n|switch|p1b: Eelektross|Eelektross, L50, M, tera:Fairy|62\/100\n|turn|9\n|\n|t:|1700678943\n|move|p1a: Poltchageist|Night Shade|p2a: Moltres\n|-damage|p2a: Moltres|51\/100\n|move|p1b: Eelektross|Tera Blast|p2a: Moltres|[anim] Tera Blast Fairy\n|-supereffective|p2a: Moltres\n|-damage|p2a: Moltres|3\/100\n|move|p2b: Rotom|Volt Switch|p1b: Eelektross\n|-damage|p1b: Eelektross|41\/100\n|move|p2a: Moltres|Heat Wave|p1b: Eelektross|[spread] p1a,p1b\n|-supereffective|p1a: Poltchageist\n|-damage|p1a: Poltchageist|0 fnt\n|-damage|p1b: Eelektross|14\/100\n|faint|p1a: Poltchageist\n|\n|upkeep\n|turn|10\n|c|\u2606benjc|damn dude\n|c|\u2606benjc|that rly sucks\n|\n|t:|1700678968\n|move|p1b: Eelektross|Flamethrower|p2b: Rotom\n|-supereffective|p2b: Rotom\n|-crit|p2b: Rotom\n|-enditem|p2b: Rotom|Occa Berry|[eat]\n|-enditem|p2b: Rotom|Occa Berry|[weaken]\n|-damage|p2b: Rotom|9\/100\n|move|p2b: Rotom|Volt Switch|p1b: Eelektross\n|-damage|p1b: Eelektross|0 fnt\n|faint|p1b: Eelektross\n|\n|win|ironknuckle23\n|c|\u2606ironknuckle23|ya rough\n|c|\u2606ironknuckle23|gg!\n|c|\u2606benjc|ah nice tech tho\n|c|\u2606ironknuckle23|lots of hacks though\n|c|\u2606ironknuckle23|hax\n|c|\u2606benjc|ggs, yes but like none super influncial\n|c|\u2606ironknuckle23|the double burn sucked\n|c|\u2606ironknuckle23|i think mattered a lot\n|c|\u2606benjc|that roll at the end super sucks but i think occa might win u the game\n|c|\u2606benjc|even if moltres goes down\n|c|\u2606benjc|double burn suckes but i was mostly clicking snarl + ruin on ting\n|c|\u2606benjc|i just doubled into every single protect both games\n|c|\u2606ironknuckle23|Im ade a mistake too on worm and had facade for some dumb reason\n|c|\u2606benjc|lmao hey i did plan on burning it\n|c|\u2606benjc|i had twave gyra as well lowk woulda smoked my gyra set\n|c|\u2606ironknuckle23|lol\n|c|\u2606ironknuckle23|haha\n|c|\u2606ironknuckle23|wish that came into play\n","uploadtime":1700679196,"views":16,"p1id":"benjc","p2id":"ironknuckle23","formatid":"gen9vgc2023regulatione","rating":0,"private":0,"password":""}