{"id":"gen9vgc2023regulatione-1997992151","p1":"edboiVGC","p2":"shuruko","format":"[Gen 9] VGC 2023 Regulation E","log":"|j|\u2606edboiVGC\n|j|\u2606shuruko\n|t:|1700876326\n|gametype|doubles\n|player|p1|edboiVGC|guitarist|1202\n|player|p2|shuruko|bugcatcher-gen4dp|1177\n|teamsize|p1|6\n|teamsize|p2|6\n|gen|9\n|tier|[Gen 9] VGC 2023 Regulation E\n|rated|\n|rule|Species Clause: Limit one of each Pok\u00e9mon\n|rule|Item Clause: Limit one of each item\n|clearpoke\n|poke|p1|Dondozo, L50, F|\n|poke|p1|Tatsugiri, L50, F|\n|poke|p1|Arcanine-Hisui, L50, F|\n|poke|p1|Armarouge, L50, F|\n|poke|p1|Indeedee-F, L50, F|\n|poke|p1|Ogerpon-Wellspring, L50, F|\n|poke|p2|Lurantis, L50, F|\n|poke|p2|Grimmsnarl, L50, M|\n|poke|p2|Sinistcha-Masterpiece, L50|\n|poke|p2|Rillaboom, L50, F|\n|poke|p2|Scizor, L50, M|\n|poke|p2|Landorus-Therian, L50, M|\n|teampreview|4\nshuruko rejected open team sheets.\n|inactive|Battle timer is ON: inactive players will automatically lose when time's up. (requested by shuruko)\n|\n|t:|1700876363\n|start\n|switch|p1a: Arcanine|Arcanine-Hisui, L50, F|100\/100\n|switch|p1b: Deedee|Indeedee-F, L50, F|100\/100\n|switch|p2a: Lurantis|Lurantis, L50, F|100\/100\n|switch|p2b: Grimmsnarl|Grimmsnarl, L50, M|100\/100\n|-ability|p1a: Arcanine|Intimidate|boost\n|-boost|p2a: Lurantis|atk|1\n|-unboost|p2b: Grimmsnarl|atk|1\n|-fieldstart|move: Psychic Terrain|[from] ability: Psychic Surge|[of] p1b: Deedee\n|turn|1\n|\n|t:|1700876381\n|-terastallize|p2a: Lurantis|Fire\n|move|p1b: Deedee|Helping Hand|p1a: Arcanine\n|-singleturn|p1a: Arcanine|Helping Hand|[of] p1b: Deedee\n|move|p2b: Grimmsnarl|Fake Tears|p2a: Lurantis\n|-boost|p2a: Lurantis|spd|2\n|move|p1a: Arcanine|Flare Blitz|p2a: Lurantis\n|-resisted|p2a: Lurantis\n|-damage|p2a: Lurantis|32\/100\n|-damage|p1a: Arcanine|79\/100|[from] Recoil\n|move|p2a: Lurantis|Superpower|p1a: Arcanine\n|-supereffective|p1a: Arcanine\n|-damage|p1a: Arcanine|0 fnt\n|-boost|p2a: Lurantis|atk|1\n|-boost|p2a: Lurantis|def|1\n|faint|p1a: Arcanine\n|\n|upkeep\n|\n|t:|1700876398\n|switch|p1a: Armarouge|Armarouge, L50, F|100\/100\n|turn|2\n|\n|t:|1700876415\n|move|p1b: Deedee|Follow Me|p1b: Deedee\n|-singleturn|p1b: Deedee|move: Follow Me\n|move|p2b: Grimmsnarl|Fake Tears|p1b: Deedee\n|-activate|p1b: Deedee|move: Psychic Terrain\n|move|p1a: Armarouge|Expanding Force|p2a: Lurantis|[spread] p2a\n|-immune|p2b: Grimmsnarl\n|-damage|p2a: Lurantis|0 fnt\n|faint|p2a: Lurantis\n|-damage|p1a: Armarouge|91\/100|[from] item: Life Orb\n|\n|upkeep\n|\n|t:|1700876425\n|switch|p2a: Rillaboom|Rillaboom, L50, F|100\/100\n|-fieldstart|move: Grassy Terrain|[from] ability: Grassy Surge|[of] p2a: Rillaboom\n|-enditem|p2a: Rillaboom|Grassy Seed\n|-boost|p2a: Rillaboom|def|1|[from] item: Grassy Seed\n|turn|3\n|\n|t:|1700876441\n|-terastallize|p1a: Armarouge|Fighting\n|move|p1b: Deedee|Helping Hand|p1a: Armarouge\n|-singleturn|p1a: Armarouge|Helping Hand|[of] p1b: Deedee\n|move|p2a: Rillaboom|Fake Out|p1a: Armarouge\n|-crit|p1a: Armarouge\n|-damage|p1a: Armarouge|67\/100\n|move|p2b: Grimmsnarl|Parting Shot|p1a: Armarouge\n|-unboost|p1a: Armarouge|atk|1\n|-unboost|p1a: Armarouge|spa|1\n|\n|t:|1700876449\n|switch|p2b: Sinistcha|Sinistcha-Masterpiece, L50|100\/100|[from] Parting Shot\n|cant|p1a: Armarouge|flinch\n|\n|-heal|p1a: Armarouge|73\/100|[from] Grassy Terrain\n|upkeep\n|turn|4\n|inactive|edboiVGC has 30 seconds left.\n|\n|t:|1700876481\n|switch|p2a: Grimmsnarl|Grimmsnarl, L50, M|100\/100\n|switch|p1b: Ogerpon|Ogerpon-Wellspring, L50, F|100\/100\n|move|p1a: Armarouge|Armor Cannon|p2a: Grimmsnarl\n|-crit|p2a: Grimmsnarl\n|-damage|p2a: Grimmsnarl|9\/100\n|-unboost|p1a: Armarouge|def|1\n|-unboost|p1a: Armarouge|spd|1\n|-damage|p1a: Armarouge|63\/100|[from] item: Life Orb\n|move|p2b: Sinistcha|Matcha Gotcha|p1a: Armarouge|[spread] p1a,p1b\n|-crit|p1a: Armarouge\n|-damage|p1a: Armarouge|0 fnt\n|-damage|p1b: Ogerpon|70\/100\n|faint|p1a: Armarouge\n|\n|-heal|p1b: Ogerpon|76\/100|[from] Grassy Terrain\n|-heal|p2a: Grimmsnarl|15\/100|[from] Grassy Terrain\n|upkeep\n|\n|t:|1700876502\n|switch|p1a: Deedee|Indeedee-F, L50, F|100\/100\n|-fieldstart|move: Psychic Terrain|[from] ability: Psychic Surge|[of] p1a: Deedee\n|turn|5\n|\n|t:|1700876522\n|switch|p2a: Rillaboom|Rillaboom, L50, F|100\/100\n|-fieldstart|move: Grassy Terrain|[from] ability: Grassy Surge|[of] p2a: Rillaboom\n|move|p1a: Deedee|Helping Hand|p1b: Ogerpon\n|-singleturn|p1b: Ogerpon|Helping Hand|[of] p1a: Deedee\n|move|p1b: Ogerpon|Ivy Cudgel|p2b: Sinistcha|[anim] Ivy Cudgel Water\n|-resisted|p2b: Sinistcha\n|-damage|p2b: Sinistcha|74\/100\n|move|p2b: Sinistcha|Matcha Gotcha|p1a: Deedee|[spread] p1a,p1b\n|-damage|p1a: Deedee|70\/100\n|-heal|p2b: Sinistcha|93\/100|[from] drain|[of] p1a: Deedee\n|-damage|p1b: Ogerpon|45\/100\n|-heal|p2b: Sinistcha|100\/100|[from] drain|[of] p1b: Ogerpon\n|\n|-heal|p1b: Ogerpon|51\/100|[from] Grassy Terrain\n|-heal|p1a: Deedee|76\/100|[from] Grassy Terrain\n|upkeep\n|turn|6\n|-message|edboiVGC forfeited.\n|\n|win|shuruko\n|raw|edboiVGC's rating: 1202 &rarr; <strong>1175<\/strong><br \/>(-27 for losing)\n|raw|shuruko's rating: 1177 &rarr; <strong>1204<\/strong><br \/>(+27 for winning)\n|l|\u2606edboiVGC\n","uploadtime":1700876550,"views":10,"p1id":"edboivgc","p2id":"shuruko","formatid":"gen9vgc2023regulatione","rating":1175,"private":0,"password":""}