{"id":"gen9vgc2023regulatione-1998754191","p1":"tmptj","p2":"tealpens4","format":"[Gen 9] VGC 2023 Regulation E","log":"|j|\u2606tmptj\n|j|\u2606tealpens4\n|t:|1700983862\n|gametype|doubles\n|player|p1|tmptj|benga|1238\n|player|p2|tealpens4|169|1196\n|teamsize|p1|6\n|teamsize|p2|6\n|gen|9\n|tier|[Gen 9] VGC 2023 Regulation E\n|rated|\n|rule|Species Clause: Limit one of each Pok\u00e9mon\n|rule|Item Clause: Limit one of each item\n|clearpoke\n|poke|p1|Dragapult, L50, F|\n|poke|p1|Landorus-Therian, L50, M|\n|poke|p1|Rillaboom, L50, F|\n|poke|p1|Ninetales-Alola, L50, F|\n|poke|p1|Sneasler, L50, M|\n|poke|p1|Farigiraf, L50, M|\n|poke|p2|Tornadus, L50, M|\n|poke|p2|Politoed, L50, M|\n|poke|p2|Gholdengo, L50|\n|poke|p2|Urshifu-*, L50, F|\n|poke|p2|Arcanine-Hisui, L50, F|\n|poke|p2|Rillaboom, L50, F|\n|teampreview|4\n|inactive|Battle timer is ON: inactive players will automatically lose when time's up. (requested by tealpens4)\n|\n|t:|1700983909\n|start\n|switch|p1a: Farigiraf|Farigiraf, L50, M|100\/100\n|switch|p1b: Dragapult|Dragapult, L50, F|100\/100\n|switch|p2a: Rillaboom|Rillaboom, L50, F|100\/100\n|switch|p2b: Politoed|Politoed, L50, M|100\/100\n|-fieldstart|move: Grassy Terrain|[from] ability: Grassy Surge|[of] p2a: Rillaboom\n|-weather|RainDance|[from] ability: Drizzle|[of] p2b: Politoed\n|turn|1\n|inactive|tmptj has 30 seconds left.\n|inactive|tealpens4 has 30 seconds left.\n|inactive|tealpens4 has 20 seconds left.\n|inactive|tealpens4 has 15 seconds left.\n|inactive|tealpens4 has 10 seconds left.\n|\n|t:|1700983955\n|-terastallize|p1b: Dragapult|Ghost\n|move|p1b: Dragapult|Tera Blast|p2b: Politoed|[anim] Tera Blast Ghost\n|-damage|p2b: Politoed|44\/100\n|-enditem|p2b: Politoed|Sitrus Berry|[eat]\n|-heal|p2b: Politoed|69\/100|[from] item: Sitrus Berry\n|-damage|p1b: Dragapult|91\/100|[from] item: Life Orb\n|move|p2a: Rillaboom|Wood Hammer|p1a: Farigiraf\n|-damage|p1a: Farigiraf|45\/100\n|-damage|p2a: Rillaboom|84\/100|[from] item: Rocky Helmet|[of] p1a: Farigiraf\n|-damage|p2a: Rillaboom|64\/100|[from] Recoil\n|move|p2b: Politoed|Perish Song|p2b: Politoed\n|-start|p1a: Farigiraf|perish3|[silent]\n|-start|p1b: Dragapult|perish3|[silent]\n|-start|p2a: Rillaboom|perish3|[silent]\n|-start|p2b: Politoed|perish3|[silent]\n|-fieldactivate|move: Perish Song\n|move|p1a: Farigiraf|Psychic|p2b: Politoed\n|-damage|p2b: Politoed|37\/100\n|\n|-weather|RainDance|[upkeep]\n|-heal|p1b: Dragapult|97\/100|[from] Grassy Terrain\n|-heal|p2a: Rillaboom|70\/100|[from] Grassy Terrain\n|-heal|p2b: Politoed|43\/100|[from] Grassy Terrain\n|-heal|p1a: Farigiraf|51\/100|[from] Grassy Terrain\n|-start|p1b: Dragapult|perish3\n|-start|p2a: Rillaboom|perish3\n|-start|p2b: Politoed|perish3\n|-start|p1a: Farigiraf|perish3\n|upkeep\n|turn|2\n|inactive|tmptj has 30 seconds left.\n|inactive|tealpens4 has 30 seconds left.\n|\n|t:|1700983987\n|move|p2b: Politoed|Protect|p2b: Politoed\n|-singleturn|p2b: Politoed|Protect\n|move|p1b: Dragapult|Dragon Darts|p2a: Rillaboom\n|-damage|p2a: Rillaboom|41\/100\n|-anim|p1b: Dragapult|Dragon Darts|p2a: Rillaboom\n|-damage|p2a: Rillaboom|9\/100\n|-damage|p1b: Dragapult|87\/100|[from] item: Life Orb\n|move|p2a: Rillaboom|U-turn|p1a: Farigiraf\n|-supereffective|p1a: Farigiraf\n|-damage|p1a: Farigiraf|17\/100\n|-damage|p2a: Rillaboom|0 fnt|[from] item: Rocky Helmet|[of] p1a: Farigiraf\n|faint|p2a: Rillaboom\n|move|p1a: Farigiraf|Dazzling Gleam|p2b: Politoed\n|-activate|p2b: Politoed|move: Protect\n|\n|-weather|RainDance|[upkeep]\n|-heal|p1b: Dragapult|93\/100|[from] Grassy Terrain\n|-heal|p2b: Politoed|49\/100|[from] Grassy Terrain\n|-heal|p1a: Farigiraf|23\/100|[from] Grassy Terrain\n|-start|p1b: Dragapult|perish2\n|-start|p2b: Politoed|perish2\n|-start|p1a: Farigiraf|perish2\n|upkeep\n|\n|t:|1700984004\n|switch|p2a: Tornadus|Tornadus, L50, M|100\/100\n|turn|3\n|inactive|tmptj has 30 seconds left.\n|\n|t:|1700984031\n|move|p1b: Dragapult|U-turn|p2b: Politoed\n|-crit|p2b: Politoed\n|-damage|p2b: Politoed|9\/100\n|-damage|p1b: Dragapult|84\/100|[from] item: Life Orb\n|\n|t:|1700984036\n|switch|p1b: Landorus|Landorus-Therian, L50, M|100\/100|[from] U-turn\n|-ability|p1b: Landorus|Intimidate|boost\n|-unboost|p2a: Tornadus|atk|1\n|-unboost|p2b: Politoed|atk|1\n|move|p2a: Tornadus|Bleakwind Storm|p1a: Farigiraf|[spread] p1a,p1b\n|-damage|p1a: Farigiraf|0 fnt\n|-damage|p1b: Landorus|50\/100\n|faint|p1a: Farigiraf\n|move|p2b: Politoed|Icy Wind|p1b: Landorus\n|-supereffective|p1b: Landorus\n|-damage|p1b: Landorus|0 fnt\n|faint|p1b: Landorus\n|\n|-weather|RainDance|[upkeep]\n|-heal|p2b: Politoed|15\/100|[from] Grassy Terrain\n|-start|p2b: Politoed|perish1\n|upkeep\n|\n|t:|1700984054\n|switch|p1b: Sneasler|Sneasler, L50, M|100\/100\n|switch|p1a: Dragapult|Dragapult, L50, F, tera:Ghost|84\/100\n|-enditem|p1b: Sneasler|Grassy Seed\n|-boost|p1b: Sneasler|def|1|[from] item: Grassy Seed\n|turn|4\n|\n|t:|1700984072\n|move|p2a: Tornadus|Tailwind|p2a: Tornadus\n|-sidestart|p2: tealpens4|move: Tailwind\n|move|p1b: Sneasler|Dire Claw|p2a: Tornadus\n|-damage|p2a: Tornadus|35\/100\n|move|p2b: Politoed|Icy Wind|p1b: Sneasler|[spread] p1a,p1b\n|-damage|p1a: Dragapult|72\/100\n|-damage|p1b: Sneasler|88\/100\n|-unboost|p1b: Sneasler|spe|1\n|move|p1a: Dragapult|Dragon Darts|p2a: Tornadus\n|-damage|p2a: Tornadus|0 fnt\n|-anim|p1a: Dragapult|Dragon Darts|p2b: Politoed\n|-damage|p2b: Politoed|0 fnt\n|faint|p2a: Tornadus\n|faint|p2b: Politoed\n|-damage|p1a: Dragapult|62\/100|[from] item: Life Orb\n|\n|-weather|RainDance|[upkeep]\n|-heal|p1b: Sneasler|93\/100|[from] Grassy Terrain\n|-heal|p1a: Dragapult|68\/100|[from] Grassy Terrain\n|upkeep\n|\n|t:|1700984085\n|switch|p2b: Arcanine|Arcanine-Hisui, L50, F|100\/100\n|-ability|p2b: Arcanine|Intimidate|boost\n|-fail|p1a: Dragapult|unboost|[from] ability: Clear Body|[of] p1a: Dragapult\n|-unboost|p1b: Sneasler|atk|1\n|turn|5\n|inactive|tealpens4 has 30 seconds left.\n|inactive|tealpens4 has 20 seconds left.\n|\n|t:|1700984121\n|-terastallize|p2b: Arcanine|Fairy\n|move|p2b: Arcanine|Tera Blast|p1a: Dragapult|[anim] Tera Blast Fairy\n|-damage|p1a: Dragapult|0 fnt\n|faint|p1a: Dragapult\n|move|p1b: Sneasler|Close Combat|p2b: Arcanine\n|-resisted|p2b: Arcanine\n|-damage|p2b: Arcanine|71\/100\n|-unboost|p1b: Sneasler|def|1\n|-unboost|p1b: Sneasler|spd|1\n|\n|-weather|none\n|-heal|p2b: Arcanine|77\/100|[from] Grassy Terrain\n|-heal|p1b: Sneasler|99\/100|[from] Grassy Terrain\n|-fieldend|move: Grassy Terrain\n|upkeep\n|turn|6\n|c|\u2606tealpens4|gg\n|c|\u2606tealpens4|the lowering of defenses!\n|\n|t:|1700984143\n|move|p1b: Sneasler|Protect|p1b: Sneasler\n|-singleturn|p1b: Sneasler|Protect\n|move|p2b: Arcanine|Tera Blast|p1b: Sneasler|[anim] Tera Blast Fairy\n|-activate|p1b: Sneasler|move: Protect\n|\n|upkeep\n|turn|7\n|c|\u2606tealpens4|annd the politoed perish!\n|c|\u2606tealpens4|thats not enough!\n|\n|t:|1700984154\n|move|p1b: Sneasler|Protect||[still]\n|-fail|p1b: Sneasler\n|move|p2b: Arcanine|Tera Blast|p1b: Sneasler|[anim] Tera Blast Fairy\n|-damage|p1b: Sneasler|13\/100\n|\n|-sideend|p2: tealpens4|move: Tailwind\n|upkeep\n|turn|8\n|c|\u2606tealpens4|=OO!!\n|\n|t:|1700984165\n|move|p1b: Sneasler|Dire Claw|p2b: Arcanine\n|-supereffective|p2b: Arcanine\n|-damage|p2b: Arcanine|2\/100\n|move|p2b: Arcanine|Tera Blast|p1b: Sneasler|[anim] Tera Blast Fairy\n|-damage|p1b: Sneasler|0 fnt\n|faint|p1b: Sneasler\n|\n|win|tealpens4\n|raw|tmptj's rating: 1238 &rarr; <strong>1210<\/strong><br \/>(-28 for losing)\n|raw|tealpens4's rating: 1196 &rarr; <strong>1224<\/strong><br \/>(+28 for winning)\n|c|\u2606tealpens4|OOOOOOHHHHHHHHHHHH\n|l|\u2606tmptj\n","uploadtime":1700984182,"views":17,"p1id":"tmptj","p2id":"tealpens4","formatid":"gen9vgc2023regulatione","rating":1210,"private":0,"password":""}