{"id":"gen9vgc2023regulatione-1995214577","p1":"kidturtle","p2":"Tic-Tac-Toe Guru","format":"[Gen 9] VGC 2023 Regulation E","log":"|j|\u2606kidturtle\n|j|\u2606Tic-Tac-Toe Guru\n|t:|1700535509\n|gametype|doubles\n|player|p1|kidturtle|hoopster|\n|player|p2|Tic-Tac-Toe Guru|rood|\n|teamsize|p1|6\n|teamsize|p2|6\n|gen|9\n|tier|[Gen 9] VGC 2023 Regulation E\n|rated|Tournament battle\n|rule|Species Clause: Limit one of each Pok\u00e9mon\n|rule|Item Clause: Limit one of each item\n|clearpoke\n|poke|p1|Ursaluna, L50, M|\n|poke|p1|Cresselia, L50, F|\n|poke|p1|Flutter Mane, L50|\n|poke|p1|Chi-Yu, L50|\n|poke|p1|Iron Hands, L50|\n|poke|p1|Urshifu-*, L50, M|\n|poke|p2|Iron Bundle, L50|\n|poke|p2|Okidogi, L50, M|\n|poke|p2|Clefairy, L50, M|\n|poke|p2|Heatran, L50, M|\n|poke|p2|Salamence, L50, M|\n|poke|p2|Rillaboom, L50, M|\n|teampreview|4\n|showteam|p1|Ursaluna||FlameOrb|Guts|Facade,Earthquake,SwordsDance,Protect|||M|||50|,,,,,Ghost]Cresselia||MentalHerb|Levitate|IceBeam,AllySwitch,LunarBlessing,TrickRoom|||F|||50|,,,,,Fairy]Flutter Mane||BoosterEnergy|Protosynthesis|IcyWind,ShadowBall,Moonblast,Protect||||||50|,,,,,Fairy]Chi-Yu||ChoiceSpecs|BeadsofRuin|BurningJealousy,DarkPulse,Overheat,Snarl||||||50|,,,,,Ghost]Iron Hands||SitrusBerry|QuarkDrive|DrainPunch,WildCharge,FakeOut,SwordsDance||||||50|,,,,,Fire]Urshifu||FocusSash|UnseenFist|Detect,WickedBlow,CloseCombat,SuckerPunch|||M|||50|,,,,,Dark\n|showteam|p2|Iron Bundle||BoosterEnergy|QuarkDrive|Protect,FreezeDry,HydroPump,IcyWind||||||50|,,,,,Ghost]Okidogi||SitrusBerry|GuardDog|BulkUp,DrainPunch,HighHorsepower,Protect|||M|||50|,,,,,Water]Clefairy||Eviolite|CuteCharm|HelpingHand,HealPulse,Protect,FollowMe|||M|||50|,,,,,Grass]Heatran||Leftovers|FlashFire|HeatWave,FlashCannon,EarthPower,Protect|||M|||50|,,,,,Grass]Salamence||AssaultVest|Intimidate|DracoMeteor,Hurricane,DragonPulse,AirSlash|||M|||50|,,,,,Dragon]Rillaboom||ChoiceBand|GrassySurge|GrassyGlide,WoodHammer,HighHorsepower,Uturn|||M|||50|,,,,,Fire\n|j| FatalEspresso\n|inactive|Battle timer is ON: inactive players will automatically lose when time's up. (requested by kidturtle)\n|j|%Radio Free C-Side\n|\n|t:|1700535542\n|start\n|switch|p1a: Flutter Mane|Flutter Mane, L50, shiny|100\/100\n|switch|p1b: Chi-Yu|Chi-Yu, L50|100\/100\n|switch|p2a: Clefairy|Clefairy, L50, M|100\/100\n|switch|p2b: Okidogi|Okidogi, L50, M|100\/100\n|-ability|p1b: Chi-Yu|Beads of Ruin\n|-enditem|p1a: Flutter Mane|Booster Energy\n|-activate|p1a: Flutter Mane|ability: Protosynthesis|[fromitem]\n|-start|p1a: Flutter Mane|protosynthesisspe\n|turn|1\n|inactive|Tic-Tac-Toe Guru has 30 seconds left.\n|inactive|Tic-Tac-Toe Guru has 20 seconds left.\n|\n|t:|1700535581\n|-terastallize|p2b: Okidogi|Water\n|move|p2a: Clefairy|Follow Me|p2a: Clefairy\n|-singleturn|p2a: Clefairy|move: Follow Me\n|move|p1a: Flutter Mane|Moonblast|p2a: Clefairy\n|-damage|p2a: Clefairy|52\/100\n|move|p1b: Chi-Yu|Overheat|p2a: Clefairy\n|-damage|p2a: Clefairy|0 fnt\n|-unboost|p1b: Chi-Yu|spa|2\n|faint|p2a: Clefairy\n|move|p2b: Okidogi|High Horsepower|p1a: Flutter Mane\n|-damage|p1a: Flutter Mane|26\/100\n|\n|upkeep\n|\n|t:|1700535596\n|switch|p2a: Rillaboom|Rillaboom, L50, M|100\/100\n|-fieldstart|move: Grassy Terrain|[from] ability: Grassy Surge|[of] p2a: Rillaboom\n|turn|2\n|\n|t:|1700535607\n|move|p2a: Rillaboom|Grassy Glide|p1a: Flutter Mane\n|-damage|p1a: Flutter Mane|0 fnt\n|faint|p1a: Flutter Mane\n|-end|p1a: Flutter Mane|Protosynthesis|[silent]\n|move|p1b: Chi-Yu|Overheat|p2a: Rillaboom\n|-supereffective|p2a: Rillaboom\n|-damage|p2a: Rillaboom|0 fnt\n|-unboost|p1b: Chi-Yu|spa|2\n|faint|p2a: Rillaboom\n|move|p2b: Okidogi|Drain Punch|p1b: Chi-Yu\n|-supereffective|p1b: Chi-Yu\n|-damage|p1b: Chi-Yu|0 fnt\n|faint|p1b: Chi-Yu\n|\n|upkeep\n|\n|t:|1700535615\n|switch|p1a: Cresselia|Cresselia, L50, F|100\/100\n|switch|p1b: Ursaluna|Ursaluna, L50, M|100\/100\n|switch|p2a: Salamence|Salamence, L50, M|100\/100\n|-ability|p2a: Salamence|Intimidate|boost\n|-unboost|p1a: Cresselia|atk|1\n|-unboost|p1b: Ursaluna|atk|1\n|turn|3\n|\n|t:|1700535625\n|-terastallize|p1b: Ursaluna|Ghost\n|move|p2a: Salamence|Air Slash|p1a: Cresselia\n|-damage|p1a: Cresselia|78\/100\n|move|p2b: Okidogi|Bulk Up|p2b: Okidogi\n|-boost|p2b: Okidogi|atk|1\n|-boost|p2b: Okidogi|def|1\n|move|p1b: Ursaluna|Swords Dance|p1b: Ursaluna\n|-boost|p1b: Ursaluna|atk|2\n|cant|p1a: Cresselia|flinch\n|\n|-status|p1b: Ursaluna|brn|[from] item: Flame Orb\n|upkeep\n|turn|4\n|inactive|Tic-Tac-Toe Guru has 30 seconds left.\n|\n|t:|1700535652\n|move|p2a: Salamence|Air Slash|p1a: Cresselia|[miss]\n|-miss|p2a: Salamence|p1a: Cresselia\n|move|p2b: Okidogi|Drain Punch|p1a: Cresselia\n|-resisted|p1a: Cresselia\n|-damage|p1a: Cresselia|60\/100\n|move|p1b: Ursaluna|Facade|p2a: Salamence\n|-damage|p2a: Salamence|0 fnt\n|faint|p2a: Salamence\n|move|p1a: Cresselia|Trick Room|p1a: Cresselia\n|-fieldstart|move: Trick Room|[of] p1a: Cresselia\n|\n|-damage|p1b: Ursaluna|95\/100 brn|[from] brn\n|upkeep\n|turn|5\n|\n|t:|1700535665\n|move|p1b: Ursaluna|Swords Dance|p1b: Ursaluna\n|-boost|p1b: Ursaluna|atk|2\n|move|p1a: Cresselia|Lunar Blessing|p1a: Cresselia|[spread] p1a,p1b\n|-heal|p1a: Cresselia|85\/100\n|-heal|p1b: Ursaluna|100\/100 brn\n|-curestatus|p1b: Ursaluna|brn|[msg]\n|move|p2b: Okidogi|Bulk Up|p2b: Okidogi\n|-boost|p2b: Okidogi|atk|1\n|-boost|p2b: Okidogi|def|1\n|\n|-status|p1b: Ursaluna|brn|[from] item: Flame Orb\n|upkeep\n|turn|6\n|\n|t:|1700535675\n|move|p2b: Okidogi|Protect|p2b: Okidogi\n|-singleturn|p2b: Okidogi|Protect\n|move|p1b: Ursaluna|Facade|p2b: Okidogi\n|-activate|p2b: Okidogi|move: Protect\n|move|p1a: Cresselia|Ice Beam|p2b: Okidogi\n|-activate|p2b: Okidogi|move: Protect\n|\n|-damage|p1b: Ursaluna|95\/100 brn|[from] brn\n|-fieldend|move: Grassy Terrain\n|upkeep\n|turn|7\n|\n|t:|1700535684\n|move|p1b: Ursaluna|Facade|p2b: Okidogi\n|-damage|p2b: Okidogi|0 fnt\n|faint|p2b: Okidogi\n|\n|win|kidturtle\n|n|\u2606kidturtle|kidturtle\n|n|\u2606Tic-Tac-Toe Guru|tictactoeguru\n|n| FatalEspresso|fatalespresso\n|n| Radio Free C-Side|radiofreecside\n|l|\u2606Tic-Tac-Toe Guru\n","uploadtime":1700535689,"views":4,"p1id":"kidturtle","p2id":"tictactoeguru","formatid":"gen9vgc2023regulatione","rating":0,"private":0,"password":""}