{"id":"gen9vgc2023regulatione-1993188022","p1":"eEmeraldl","p2":"joey71","format":"[Gen 9] VGC 2023 Regulation E","log":"|j|\u2606eEmeraldl\n|j|\u2606joey71\n|t:|1700275607\n|gametype|doubles\n|player|p1|eEmeraldl|ethan|1123\n|player|p2|joey71|birdkeeper-gen4dp|1180\n|teamsize|p1|6\n|teamsize|p2|6\n|gen|9\n|tier|[Gen 9] VGC 2023 Regulation E\n|rated|\n|rule|Species Clause: Limit one of each Pok\u00e9mon\n|rule|Item Clause: Limit one of each item\n|clearpoke\n|poke|p1|Landorus-Therian, L50, M|\n|poke|p1|Rillaboom, L50, M|\n|poke|p1|Gholdengo, L50|\n|poke|p1|Murkrow, L50, F|\n|poke|p1|Amoonguss, L50, F|\n|poke|p1|Urshifu-*, L50, F|\n|poke|p2|Armarouge, L50, F|\n|poke|p2|Indeedee-F, L50, F|\n|poke|p2|Torkoal, L50, F|\n|poke|p2|Glastrier, L50|\n|poke|p2|Copperajah, L50, F|\n|poke|p2|Iron Hands, L50|\n|teampreview|4\n|inactive|Battle timer is ON: inactive players will automatically lose when time's up. (requested by eEmeraldl)\n|inactive|eEmeraldl has 60 seconds left.\n|\n|t:|1700275650\n|start\n|switch|p1a: Landorus|Landorus-Therian, L50, M|100\/100\n|switch|p1b: Gholdengo|Gholdengo, L50|100\/100\n|switch|p2a: Armarouge|Armarouge, L50, F|100\/100\n|switch|p2b: Indeedee|Indeedee-F, L50, F|100\/100\n|-ability|p1a: Landorus|Intimidate|boost\n|-unboost|p2a: Armarouge|atk|1\n|-unboost|p2b: Indeedee|atk|1\n|-fieldstart|move: Psychic Terrain|[from] ability: Psychic Surge|[of] p2b: Indeedee\n|-enditem|p2b: Indeedee|Psychic Seed\n|-boost|p2b: Indeedee|spd|1|[from] item: Psychic Seed\n|turn|1\n|\n|t:|1700275671\n|-terastallize|p1a: Landorus|Flying\n|move|p2b: Indeedee|Follow Me|p2b: Indeedee\n|-singleturn|p2b: Indeedee|move: Follow Me\n|move|p1a: Landorus|Tera Blast|p2b: Indeedee|[anim] Tera Blast Flying\n|-damage|p2b: Indeedee|11\/100\n|move|p1b: Gholdengo|Shadow Ball|p2b: Indeedee\n|-immune|p2b: Indeedee\n|move|p2a: Armarouge|Trick Room|p2a: Armarouge\n|-fieldstart|move: Trick Room|[of] p2a: Armarouge\n|\n|upkeep\n|turn|2\n|\n|t:|1700275690\n|move|p2b: Indeedee|Helping Hand|p2a: Armarouge\n|-singleturn|p2a: Armarouge|Helping Hand|[of] p2b: Indeedee\n|move|p1b: Gholdengo|Protect|p1b: Gholdengo\n|-singleturn|p1b: Gholdengo|Protect\n|move|p2a: Armarouge|Expanding Force|p1b: Gholdengo|[spread] p1a\n|-activate|p1b: Gholdengo|move: Protect\n|-damage|p1a: Landorus|6\/100\n|move|p1a: Landorus|Tera Blast|p2a: Armarouge|[anim] Tera Blast Flying\n|-damage|p2a: Armarouge|59\/100\n|\n|upkeep\n|turn|3\n|\n|t:|1700275710\n|switch|p1a: Ursula|Urshifu, L50, F|100\/100\n|move|p2a: Armarouge|Armor Cannon|p1b: Gholdengo\n|-supereffective|p1b: Gholdengo\n|-damage|p1b: Gholdengo|0 fnt\n|-unboost|p2a: Armarouge|def|1\n|-unboost|p2a: Armarouge|spd|1\n|faint|p1b: Gholdengo\n|move|p2b: Indeedee|Psychic|p1a: Ursula\n|-immune|p1a: Ursula\n|\n|upkeep\n|\n|t:|1700275723\n|switch|p1b: Rillaboom|Rillaboom, L50, M|100\/100\n|-fieldstart|move: Grassy Terrain|[from] ability: Grassy Surge|[of] p1b: Rillaboom\n|turn|4\n|\n|t:|1700275734\n|move|p1b: Rillaboom|Fake Out|p2a: Armarouge\n|-damage|p2a: Armarouge|42\/100\n|cant|p2a: Armarouge|flinch\n|move|p2b: Indeedee|Heal Pulse|p2a: Armarouge\n|-heal|p2a: Armarouge|93\/100\n|move|p1a: Ursula|Wicked Blow|p2a: Armarouge\n|-supereffective|p2a: Armarouge\n|-crit|p2a: Armarouge\n|-damage|p2a: Armarouge|0 fnt\n|faint|p2a: Armarouge\n|-damage|p1a: Ursula|91\/100|[from] item: Life Orb\n|\n|-heal|p2b: Indeedee|17\/100|[from] Grassy Terrain\n|-heal|p1a: Ursula|97\/100|[from] Grassy Terrain\n|upkeep\n|\n|t:|1700275754\n|switch|p2a: Glastrier|Glastrier, L50|100\/100\n|turn|5\n|\n|t:|1700275764\n|-terastallize|p2a: Glastrier|Ice\n|move|p2b: Indeedee|Helping Hand|p2a: Glastrier\n|-singleturn|p2a: Glastrier|Helping Hand|[of] p2b: Indeedee\n|move|p1a: Ursula|Detect|p1a: Ursula\n|-singleturn|p1a: Ursula|Protect\n|move|p1b: Rillaboom|Grassy Glide|p2b: Indeedee\n|-damage|p2b: Indeedee|0 fnt\n|faint|p2b: Indeedee\n|move|p2a: Glastrier|Icicle Crash|p1a: Ursula\n|-activate|p1a: Ursula|move: Protect\n|\n|-heal|p1a: Ursula|100\/100|[from] Grassy Terrain\n|-fieldend|move: Trick Room\n|upkeep\n|\n|t:|1700275780\n|switch|p2b: Iron Hands|Iron Hands, L50|100\/100\n|-enditem|p2b: Iron Hands|Booster Energy\n|-activate|p2b: Iron Hands|ability: Quark Drive|[fromitem]\n|-start|p2b: Iron Hands|quarkdriveatk\n|turn|6\n|\n|t:|1700275795\n|switch|p1b: Landorus|Landorus-Therian, L50, M, tera:Flying|6\/100\n|-ability|p1b: Landorus|Intimidate|boost\n|-unboost|p2a: Glastrier|atk|1\n|-unboost|p2b: Iron Hands|atk|1\n|move|p1a: Ursula|Drain Punch|p2a: Glastrier\n|-supereffective|p2a: Glastrier\n|-crit|p2a: Glastrier\n|-damage|p2a: Glastrier|0 fnt\n|faint|p2a: Glastrier\n|-damage|p1a: Ursula|91\/100|[from] item: Life Orb\n|move|p2b: Iron Hands|Close Combat|p1a: Ursula\n|-supereffective|p1a: Ursula\n|-damage|p1a: Ursula|0 fnt\n|-unboost|p2b: Iron Hands|def|1\n|-unboost|p2b: Iron Hands|spd|1\n|faint|p1a: Ursula\n|\n|upkeep\n|\n|t:|1700275813\n|switch|p1a: Rillaboom|Rillaboom, L50, M|100\/100\n|turn|7\n|-message|joey71 forfeited.\n|\n|win|eEmeraldl\n|raw|eEmeraldl's rating: 1123 &rarr; <strong>1152<\/strong><br \/>(+29 for winning)\n|raw|joey71's rating: 1180 &rarr; <strong>1151<\/strong><br \/>(-29 for losing)\n|l|\u2606joey71\n","uploadtime":1700275823,"views":29,"p1id":"eemeraldl","p2id":"joey71","formatid":"gen9vgc2023regulatione","rating":1151,"private":0,"password":""}