{"id":"gen9vgc2023regulatione-1999679111","p1":"taco_bowl_mx","p2":"LechonkBro","format":"[Gen 9] VGC 2023 Regulation E","log":"|j|\u2606taco_bowl_mx\n|j|\u2606LechonkBro\n|t:|1701107134\n|gametype|doubles\n|player|p1|taco_bowl_mx|dawn-gen4pt|1379\n|player|p2|LechonkBro|brycenman|1399\n|teamsize|p1|6\n|teamsize|p2|6\n|gen|9\n|tier|[Gen 9] VGC 2023 Regulation E\n|rated|\n|rule|Species Clause: Limit one of each Pok\u00e9mon\n|rule|Item Clause: Limit one of each item\n|clearpoke\n|poke|p1|Flutter Mane, L50|\n|poke|p1|Chien-Pao, L50|\n|poke|p1|Iron Hands, L50|\n|poke|p1|Heatran, L50, M|\n|poke|p1|Ogerpon-Wellspring, L50, F|\n|poke|p1|Landorus-Therian, L50, M|\n|poke|p2|Cresselia, L50, F|\n|poke|p2|Maushold-Four, L50|\n|poke|p2|Flutter Mane, L50|\n|poke|p2|Chien-Pao, L50|\n|poke|p2|Arcanine-Hisui, L50, F|\n|poke|p2|Iron Hands, L50|\n|teampreview|4\n|inactive|Battle timer is ON: inactive players will automatically lose when time's up. (requested by LechonkBro)\ntaco_bowl_mx has agreed to open team sheets.\n|inactive|taco_bowl_mx has 60 seconds left.\n|\n|t:|1701107173\n|start\n|switch|p1a: Chien-Pao|Chien-Pao, L50|100\/100\n|switch|p1b: Flutter Mane|Flutter Mane, L50|100\/100\n|switch|p2a: Flutter Mane|Flutter Mane, L50|100\/100\n|switch|p2b: Maushold|Maushold-Four, L50, shiny|100\/100\n|-ability|p1a: Chien-Pao|Sword of Ruin\n|-enditem|p2a: Flutter Mane|Booster Energy\n|-activate|p2a: Flutter Mane|ability: Protosynthesis|[fromitem]\n|-start|p2a: Flutter Mane|protosynthesisspa\n|turn|1\n|inactive|taco_bowl_mx has 30 seconds left.\n|\n|t:|1701107198\n|-terastallize|p1a: Chien-Pao|Ghost\n|move|p2b: Maushold|Follow Me|p2b: Maushold\n|-singleturn|p2b: Maushold|move: Follow Me\n|move|p1a: Chien-Pao|Sucker Punch||[still]\n|-fail|p1a: Chien-Pao\n|move|p1b: Flutter Mane|Dazzling Gleam|p2b: Maushold|[spread] p2a,p2b\n|-damage|p2a: Flutter Mane|71\/100\n|-damage|p2b: Maushold|49\/100\n|move|p2a: Flutter Mane|Dazzling Gleam|p1b: Flutter Mane|[spread] p1a,p1b\n|-damage|p1a: Chien-Pao|30\/100\n|-damage|p1b: Flutter Mane|62\/100\n|\n|upkeep\n|turn|2\n|\n|t:|1701107221\n|move|p1a: Chien-Pao|Protect|p1a: Chien-Pao\n|-singleturn|p1a: Chien-Pao|Protect\n|move|p2b: Maushold|Follow Me|p2b: Maushold\n|-singleturn|p2b: Maushold|move: Follow Me\n|move|p1b: Flutter Mane|Dazzling Gleam|p2a: Flutter Mane|[spread] p2a,p2b\n|-damage|p2a: Flutter Mane|42\/100\n|-damage|p2b: Maushold|0 fnt\n|faint|p2b: Maushold\n|move|p2a: Flutter Mane|Dazzling Gleam|p1b: Flutter Mane|[spread] p1b\n|-activate|p1a: Chien-Pao|move: Protect\n|-damage|p1b: Flutter Mane|17\/100\n|\n|upkeep\n|\n|t:|1701107233\n|switch|p2b: Cresselia|Cresselia, L50, F, shiny|100\/100\n|turn|3\n|\n|t:|1701107242\n|-end|p1b: Flutter Mane|Protosynthesis|[silent]\n|switch|p1b: Heatran|Heatran, L50, M|100\/100\n|move|p2a: Flutter Mane|Protect|p2a: Flutter Mane\n|-singleturn|p2a: Flutter Mane|Protect\n|move|p1a: Chien-Pao|Sucker Punch||[still]\n|-fail|p1a: Chien-Pao\n|move|p2b: Cresselia|Trick Room|p2b: Cresselia\n|-fieldstart|move: Trick Room|[of] p2b: Cresselia\n|\n|upkeep\n|turn|4\n|\n|t:|1701107257\n|move|p2b: Cresselia|Ally Switch|p2b: Cresselia\n|swap|p2b: Cresselia|0|[from] move: Ally Switch\n|move|p1a: Chien-Pao|Sucker Punch||[still]\n|-fail|p1a: Chien-Pao\n|move|p1b: Heatran|Heat Wave|p2a: Cresselia|[spread] p2a,p2b\n|-damage|p2a: Cresselia|77\/100\n|-damage|p2b: Flutter Mane|9\/100\n|-status|p2b: Flutter Mane|brn\n|move|p2b: Flutter Mane|Dazzling Gleam|p1b: Heatran|[spread] p1a,p1b\n|-resisted|p1b: Heatran\n|-damage|p1a: Chien-Pao|0 fnt\n|-damage|p1b: Heatran|91\/100\n|faint|p1a: Chien-Pao\n|\n|-heal|p1b: Heatran|97\/100|[from] item: Leftovers\n|-damage|p2b: Flutter Mane|3\/100 brn|[from] brn\n|upkeep\n|\n|t:|1701107271\n|switch|p1a: Iron Hands|Iron Hands, L50, shiny|100\/100\n|turn|5\n|\n|t:|1701107281\n|-end|p2b: Flutter Mane|Protosynthesis|[silent]\n|switch|p2b: Iron Hands|Iron Hands, L50, shiny|100\/100\n|move|p1a: Iron Hands|Fake Out|p2a: Cresselia\n|-damage|p2a: Cresselia|67\/100\n|-damage|p1a: Iron Hands|84\/100|[from] item: Rocky Helmet|[of] p2a: Cresselia\n|cant|p2a: Cresselia|flinch\n|move|p1b: Heatran|Heat Wave|p2a: Cresselia|[spread] p2b\n|-miss|p1b: Heatran|p2a: Cresselia\n|-damage|p2b: Iron Hands|66\/100\n|\n|-heal|p2b: Iron Hands|72\/100|[from] item: Leftovers\n|-heal|p1b: Heatran|100\/100|[from] item: Leftovers\n|upkeep\n|turn|6\n|\n|t:|1701107303\n|switch|p1b: Flutter Mane|Flutter Mane, L50|17\/100\n|move|p2b: Iron Hands|Swords Dance|p2b: Iron Hands\n|-boost|p2b: Iron Hands|atk|2\n|move|p1a: Iron Hands|Drain Punch|p2b: Iron Hands\n|-damage|p2b: Iron Hands|50\/100\n|-heal|p1a: Iron Hands|96\/100|[from] drain|[of] p2b: Iron Hands\n|move|p2a: Cresselia|Lunar Blessing|p2a: Cresselia|[spread] p2a,p2b\n|-heal|p2a: Cresselia|92\/100\n|-heal|p2b: Iron Hands|75\/100\n|\n|-heal|p2b: Iron Hands|81\/100|[from] item: Leftovers\n|upkeep\n|turn|7\n|inactive|taco_bowl_mx has 30 seconds left.\n|\n|t:|1701107334\n|-end|p1b: Flutter Mane|Protosynthesis|[silent]\n|switch|p1b: Heatran|Heatran, L50, M|100\/100\n|move|p2b: Iron Hands|Drain Punch|p1a: Iron Hands\n|-damage|p1a: Iron Hands|46\/100\n|-heal|p2b: Iron Hands|100\/100|[from] drain|[of] p1a: Iron Hands\n|move|p1a: Iron Hands|Drain Punch|p2b: Iron Hands\n|-damage|p2b: Iron Hands|80\/100\n|-heal|p1a: Iron Hands|57\/100|[from] drain|[of] p2b: Iron Hands\n|move|p2a: Cresselia|Psychic|p1b: Heatran\n|-resisted|p1b: Heatran\n|-damage|p1b: Heatran|89\/100\n|\n|-heal|p2b: Iron Hands|86\/100|[from] item: Leftovers\n|-heal|p1b: Heatran|95\/100|[from] item: Leftovers\n|-fieldend|move: Trick Room\n|upkeep\n|turn|8\n|\n|t:|1701107354\n|move|p1b: Heatran|Earth Power|p2b: Iron Hands\n|-supereffective|p2b: Iron Hands\n|-damage|p2b: Iron Hands|31\/100\n|move|p1a: Iron Hands|Drain Punch|p2b: Iron Hands\n|-damage|p2b: Iron Hands|11\/100\n|-heal|p1a: Iron Hands|67\/100|[from] drain|[of] p2b: Iron Hands\n|move|p2b: Iron Hands|Drain Punch|p1b: Heatran\n|-supereffective|p1b: Heatran\n|-damage|p1b: Heatran|0 fnt\n|-heal|p2b: Iron Hands|47\/100|[from] drain|[of] p1b: Heatran\n|faint|p1b: Heatran\n|move|p2a: Cresselia|Trick Room|p2a: Cresselia\n|-fieldstart|move: Trick Room|[of] p2a: Cresselia\n|\n|-heal|p2b: Iron Hands|53\/100|[from] item: Leftovers\n|upkeep\n|\n|t:|1701107367\n|switch|p1b: Flutter Mane|Flutter Mane, L50|17\/100\n|turn|9\n|\n|t:|1701107380\n|move|p2b: Iron Hands|Thunder Punch|p1b: Flutter Mane\n|-damage|p1b: Flutter Mane|0 fnt\n|faint|p1b: Flutter Mane\n|-end|p1b: Flutter Mane|Protosynthesis|[silent]\n|move|p1a: Iron Hands|Drain Punch|p2b: Iron Hands\n|-damage|p2b: Iron Hands|29\/100\n|-heal|p1a: Iron Hands|80\/100|[from] drain|[of] p2b: Iron Hands\n|move|p2a: Cresselia|Lunar Blessing|p2a: Cresselia|[spread] p2a,p2b\n|-heal|p2a: Cresselia|100\/100\n|-heal|p2b: Iron Hands|54\/100\n|\n|-heal|p2b: Iron Hands|60\/100|[from] item: Leftovers\n|upkeep\n|turn|10\n|-message|taco_bowl_mx forfeited.\n|\n|win|LechonkBro\n|raw|taco_bowl_mx's rating: 1379 &rarr; <strong>1360<\/strong><br \/>(-19 for losing)\n|raw|LechonkBro's rating: 1399 &rarr; <strong>1418<\/strong><br \/>(+19 for winning)\n","uploadtime":1701107397,"views":7,"p1id":"tacobowlmx","p2id":"lechonkbro","formatid":"gen9vgc2023regulatione","rating":1360,"private":0,"password":""}