{"id":"gen9vgc2023regulatione-1996256425","p1":"pikachunicorn","p2":"Soolers2test","format":"[Gen 9] VGC 2023 Regulation E","log":"|j|\u2606pikachunicorn\n|j|\u2606Soolers2test\n|t:|1700664604\n|gametype|doubles\n|player|p1|pikachunicorn|266|1263\n|player|p2|Soolers2test|hooligans|1342\n|teamsize|p1|6\n|teamsize|p2|6\n|gen|9\n|tier|[Gen 9] VGC 2023 Regulation E\n|rated|\n|rule|Species Clause: Limit one of each Pok\u00e9mon\n|rule|Item Clause: Limit one of each item\n|clearpoke\n|poke|p1|Heatran, L50, F|\n|poke|p1|Rillaboom, L50, M|\n|poke|p1|Iron Hands, L50|\n|poke|p1|Landorus-Therian, L50, M|\n|poke|p1|Amoonguss, L50, F|\n|poke|p1|Grimmsnarl, L50, M|\n|poke|p2|Weezing, L50, M|\n|poke|p2|Thundurus, L50, M|\n|poke|p2|Iron Hands, L50|\n|poke|p2|Iron Bundle, L50|\n|poke|p2|Iron Jugulis, L50|\n|poke|p2|Iron Moth, L50|\n|teampreview|4\n|inactive|Battle timer is ON: inactive players will automatically lose when time's up. (requested by Soolers2test)\n|inactive|pikachunicorn also wants the timer to be on.\n|\n|t:|1700664623\n|start\n|switch|p1a: Heatran|Heatran, L50, F|100\/100\n|switch|p1b: Rillaboom|Rillaboom, L50, M|100\/100\n|switch|p2a: Iron Moth|Iron Moth, L50|100\/100\n|switch|p2b: Weezing|Weezing, L50, M|100\/100\n|-ability|p2b: Weezing|Neutralizing Gas\n|turn|1\n|\n|t:|1700664634\n|-end|p2a: Iron Moth|Quark Drive|[silent]\n|switch|p2a: Thundurus|Thundurus, L50, M|100\/100\n|switch|p1b: Iron Hands|Iron Hands, L50|100\/100\n|move|p1a: Heatran|Heat Wave|p2a: Thundurus|[spread] p2a,p2b\n|-damage|p2a: Thundurus|71\/100\n|-damage|p2b: Weezing|71\/100\n|move|p2b: Weezing|Will-O-Wisp|p1b: Iron Hands\n|-status|p1b: Iron Hands|brn\n|\n|-damage|p1b: Iron Hands|94\/100 brn|[from] brn\n|upkeep\n|turn|2\n|\n|t:|1700664652\n|-end|p2b: Weezing|ability: Neutralizing Gas\n|switch|p2b: Iron Moth|Iron Moth, L50|100\/100\n|move|p1b: Iron Hands|Fake Out|p2a: Thundurus\n|-damage|p2a: Thundurus|62\/100\n|cant|p2a: Thundurus|flinch\n|move|p1a: Heatran|Heat Wave|p2b: Iron Moth|[spread] p2a,p2b\n|-crit|p2a: Thundurus\n|-resisted|p2b: Iron Moth\n|-damage|p2a: Thundurus|21\/100\n|-damage|p2b: Iron Moth|86\/100\n|\n|-damage|p1b: Iron Hands|88\/100 brn|[from] brn\n|upkeep\n|turn|3\n|inactive|Soolers2test has 30 seconds left.\n|\n|t:|1700664684\n|-end|p2b: Iron Moth|Quark Drive|[silent]\n|switch|p2b: Weezing|Weezing, L50, M|71\/100\n|-ability|p2b: Weezing|Neutralizing Gas\n|move|p2a: Thundurus|Eerie Impulse|p1a: Heatran\n|-unboost|p1a: Heatran|spa|2\n|move|p1a: Heatran|Heat Wave|p2b: Weezing|[spread] p2a,p2b\n|-damage|p2a: Thundurus|6\/100\n|-damage|p2b: Weezing|56\/100\n|move|p1b: Iron Hands|Rock Slide|p2a: Thundurus|[spread] p2a,p2b\n|-supereffective|p2a: Thundurus\n|-damage|p2a: Thundurus|0 fnt\n|-damage|p2b: Weezing|48\/100\n|-enditem|p2b: Weezing|Sitrus Berry|[eat]\n|-heal|p2b: Weezing|73\/100|[from] item: Sitrus Berry\n|faint|p2a: Thundurus\n|\n|-damage|p1b: Iron Hands|82\/100 brn|[from] brn\n|upkeep\n|\n|t:|1700664694\n|switch|p2a: Iron Moth|Iron Moth, L50|86\/100\n|turn|4\n|\n|t:|1700664704\n|switch|p1a: Rillaboom|Rillaboom, L50, M|100\/100\n|move|p2b: Weezing|Protect|p2b: Weezing\n|-singleturn|p2b: Weezing|Protect\n|move|p2a: Iron Moth|Heat Wave|p1a: Rillaboom|[spread] p1a,p1b\n|-supereffective|p1a: Rillaboom\n|-damage|p1a: Rillaboom|0 fnt\n|-damage|p1b: Iron Hands|46\/100 brn\n|faint|p1a: Rillaboom\n|move|p1b: Iron Hands|Rock Slide|p2b: Weezing|[spread] p2a\n|-activate|p2b: Weezing|move: Protect\n|-supereffective|p2a: Iron Moth\n|-damage|p2a: Iron Moth|50\/100\n|\n|-damage|p1b: Iron Hands|40\/100 brn|[from] brn\n|upkeep\n|\n|t:|1700664710\n|switch|p1a: Heatran|Heatran, L50, F|100\/100\n|turn|5\n|\n|t:|1700664718\n|move|p2a: Iron Moth|Heat Wave|p1b: Iron Hands|[spread] p1a,p1b\n|-damage|p1a: Heatran|64\/100\n|-damage|p1b: Iron Hands|8\/100 brn\n|move|p1a: Heatran|Heat Wave|p2b: Weezing|[spread] p2b\n|-miss|p1a: Heatran|p2a: Iron Moth\n|-damage|p2b: Weezing|41\/100\n|move|p2b: Weezing|Sludge Bomb|p1b: Iron Hands\n|-crit|p1b: Iron Hands\n|-damage|p1b: Iron Hands|0 fnt\n|faint|p1b: Iron Hands\n|-end|p1b: Iron Hands|Quark Drive|[silent]\n|\n|upkeep\n|\n|t:|1700664726\n|switch|p1b: Amoonguss|Amoonguss, L50, F|100\/100\n|turn|6\n|\n|t:|1700664734\n|-terastallize|p1b: Amoonguss|Water\n|move|p2a: Iron Moth|Heat Wave|p1a: Heatran|[spread] p1a,p1b\n|-resisted|p1b: Amoonguss\n|-damage|p1a: Heatran|30\/100\n|-damage|p1b: Amoonguss|81\/100\n|-enditem|p1a: Heatran|Sitrus Berry|[eat]\n|-heal|p1a: Heatran|55\/100|[from] item: Sitrus Berry\n|move|p1a: Heatran|Heat Wave|p2a: Iron Moth|[spread] p2a,p2b\n|-resisted|p2a: Iron Moth\n|-damage|p2a: Iron Moth|35\/100\n|-damage|p2b: Weezing|9\/100\n|move|p2b: Weezing|Taunt|p1b: Amoonguss\n|-start|p1b: Amoonguss|move: Taunt\n|cant|p1b: Amoonguss|move: Taunt|Spore\n|\n|-damage|p1b: Amoonguss|69\/100|[from] item: Black Sludge\n|upkeep\n|turn|7\n|\n|t:|1700664757\n|move|p2a: Iron Moth|Heat Wave|p1b: Amoonguss|[spread] p1a,p1b\n|-resisted|p1b: Amoonguss\n|-damage|p1a: Heatran|19\/100\n|-damage|p1b: Amoonguss|52\/100\n|move|p1a: Heatran|Heat Wave|p2a: Iron Moth|[spread] p2a,p2b\n|-resisted|p2a: Iron Moth\n|-damage|p2a: Iron Moth|20\/100\n|-damage|p2b: Weezing|0 fnt\n|faint|p2b: Weezing\n|-end|p2b: Weezing|ability: Neutralizing Gas\n|move|p1b: Amoonguss|Pollen Puff|p1a: Heatran\n|-heal|p1a: Heatran|69\/100\n|\n|-damage|p1b: Amoonguss|40\/100|[from] item: Black Sludge\n|upkeep\n|\n|t:|1700664764\n|switch|p2b: Iron Bundle|Iron Bundle, L50|100\/100\n|turn|8\n|\n|t:|1700664774\n|move|p2b: Iron Bundle|Protect|p2b: Iron Bundle\n|-singleturn|p2b: Iron Bundle|Protect\n|move|p1a: Heatran|Protect|p1a: Heatran\n|-singleturn|p1a: Heatran|Protect\n|move|p2a: Iron Moth|Heat Wave|p1b: Amoonguss|[spread] p1b\n|-activate|p1a: Heatran|move: Protect\n|-resisted|p1b: Amoonguss\n|-damage|p1b: Amoonguss|21\/100\n|move|p1b: Amoonguss|Sludge Bomb|p2b: Iron Bundle\n|-activate|p2b: Iron Bundle|move: Protect\n|\n|-damage|p1b: Amoonguss|9\/100|[from] item: Black Sludge\n|-end|p1b: Amoonguss|move: Taunt\n|upkeep\n|turn|9\n|\n|t:|1700664785\n|-terastallize|p2b: Iron Bundle|Ghost\n|move|p1a: Heatran|Protect|p1a: Heatran\n|-singleturn|p1a: Heatran|Protect\n|move|p2b: Iron Bundle|Freeze-Dry|p1a: Heatran\n|-activate|p1a: Heatran|move: Protect\n|move|p2a: Iron Moth|Heat Wave|p1b: Amoonguss|[spread] p1b\n|-activate|p1a: Heatran|move: Protect\n|-resisted|p1b: Amoonguss\n|-damage|p1b: Amoonguss|0 fnt\n|faint|p1b: Amoonguss\n|\n|upkeep\n|turn|10\n|\n|t:|1700664794\n|move|p2b: Iron Bundle|Encore|p1a: Heatran\n|-start|p1a: Heatran|Encore\n|move|p2a: Iron Moth|Heat Wave|p1a: Heatran\n|-start|p1a: Heatran|ability: Flash Fire\n|move|p1a: Heatran|Protect||[still]\n|-fail|p1a: Heatran\n|\n|upkeep\n|turn|11\n|\n|t:|1700664798\n|move|p1a: Heatran|Protect|p1a: Heatran\n|-singleturn|p1a: Heatran|Protect\n|move|p2b: Iron Bundle|Freeze-Dry|p1a: Heatran\n|-activate|p1a: Heatran|move: Protect\n|move|p2a: Iron Moth|Heat Wave|p1a: Heatran\n|-activate|p1a: Heatran|move: Protect\n|\n|upkeep\n|turn|12\n|\n|t:|1700664801\n|move|p1a: Heatran|Protect||[still]\n|-fail|p1a: Heatran\n|move|p2b: Iron Bundle|Freeze-Dry|p1a: Heatran\n|-resisted|p1a: Heatran\n|-damage|p1a: Heatran|64\/100\n|move|p2a: Iron Moth|Heat Wave|p1a: Heatran\n|-immune|p1a: Heatran|[from] ability: Flash Fire\n|\n|-end|p1a: Heatran|Encore\n|upkeep\n|turn|13\n|\n|t:|1700664806\n|move|p2b: Iron Bundle|Encore|p1a: Heatran\n|-start|p1a: Heatran|Encore\n|move|p2a: Iron Moth|Heat Wave|p1a: Heatran\n|-immune|p1a: Heatran|[from] ability: Flash Fire\n|move|p1a: Heatran|Protect||[still]\n|-fail|p1a: Heatran\n|\n|upkeep\n|turn|14\n|\n|t:|1700664809\n|move|p1a: Heatran|Protect|p1a: Heatran\n|-singleturn|p1a: Heatran|Protect\n|move|p2b: Iron Bundle|Freeze-Dry|p1a: Heatran\n|-activate|p1a: Heatran|move: Protect\n|move|p2a: Iron Moth|Heat Wave|p1a: Heatran\n|-activate|p1a: Heatran|move: Protect\n|\n|upkeep\n|turn|15\n|\n|t:|1700664812\n|move|p1a: Heatran|Protect||[still]\n|-fail|p1a: Heatran\n|move|p2b: Iron Bundle|Freeze-Dry|p1a: Heatran\n|-resisted|p1a: Heatran\n|-damage|p1a: Heatran|58\/100\n|-status|p1a: Heatran|frz\n|move|p2a: Iron Moth|Heat Wave|p1a: Heatran\n|-immune|p1a: Heatran|[from] ability: Flash Fire\n|\n|-end|p1a: Heatran|Encore\n|upkeep\n|turn|16\n|\n|t:|1700664819\n|move|p2b: Iron Bundle|Encore|p1a: Heatran\n|-start|p1a: Heatran|Encore\n|move|p2a: Iron Moth|Heat Wave|p1a: Heatran\n|-immune|p1a: Heatran|[from] ability: Flash Fire\n|cant|p1a: Heatran|frz\n|\n|upkeep\n|turn|17\n|\n|t:|1700664823\n|cant|p1a: Heatran|frz\n|move|p2b: Iron Bundle|Freeze-Dry|p1a: Heatran\n|-resisted|p1a: Heatran\n|-damage|p1a: Heatran|53\/100 frz\n|move|p2a: Iron Moth|Heat Wave|p1a: Heatran\n|-immune|p1a: Heatran|[from] ability: Flash Fire\n|\n|upkeep\n|turn|18\n|\n|t:|1700664829\n|-curestatus|p1a: Heatran|frz|[msg]\n|move|p1a: Heatran|Protect|p1a: Heatran\n|-singleturn|p1a: Heatran|Protect\n|move|p2b: Iron Bundle|Freeze-Dry|p1a: Heatran\n|-activate|p1a: Heatran|move: Protect\n|move|p2a: Iron Moth|Heat Wave|p1a: Heatran\n|-activate|p1a: Heatran|move: Protect\n|\n|-end|p1a: Heatran|Encore\n|upkeep\n|turn|19\n|\n|t:|1700664835\n|move|p2b: Iron Bundle|Encore|p1a: Heatran\n|-start|p1a: Heatran|Encore\n|move|p2a: Iron Moth|Heat Wave|p1a: Heatran\n|-immune|p1a: Heatran|[from] ability: Flash Fire\n|move|p1a: Heatran|Protect||[still]\n|-fail|p1a: Heatran\n|\n|upkeep\n|turn|20\n|c|\u2606pikachunicorn|so uh\n|\n|t:|1700664840\n|move|p1a: Heatran|Protect|p1a: Heatran\n|-singleturn|p1a: Heatran|Protect\n|move|p2b: Iron Bundle|Freeze-Dry|p1a: Heatran\n|-activate|p1a: Heatran|move: Protect\n|-activate|p2a: Iron Moth|move: Struggle\n|move|p2a: Iron Moth|Struggle|p1a: Heatran\n|-activate|p1a: Heatran|move: Protect\n|\n|upkeep\n|turn|21\n|c|\u2606pikachunicorn|hows the weather man\n|\n|t:|1700664848\n|move|p1a: Heatran|Protect||[still]\n|-fail|p1a: Heatran\n|move|p2b: Iron Bundle|Freeze-Dry|p1a: Heatran\n|-resisted|p1a: Heatran\n|-damage|p1a: Heatran|47\/100\n|-activate|p2a: Iron Moth|move: Struggle\n|move|p2a: Iron Moth|Struggle|p1a: Heatran\n|-damage|p1a: Heatran|41\/100\n|-damage|p2a: Iron Moth|0 fnt|[from] recoil\n|faint|p2a: Iron Moth\n|-end|p2a: Iron Moth|Quark Drive|[silent]\n|\n|-end|p1a: Heatran|Encore\n|upkeep\n|turn|22\n|c|\u2606Soolers2test|cold and rainy\n|c|\u2606pikachunicorn|same\n|\n|t:|1700664858\n|move|p2b: Iron Bundle|Encore|p1a: Heatran\n|-start|p1a: Heatran|Encore\n|move|p1a: Heatran|Protect||[still]\n|-fail|p1a: Heatran\n|\n|upkeep\n|turn|23\n|c|\u2606pikachunicorn|you a fan of protect?\n|c|\u2606Soolers2test|where you from?\n|c|\u2606Soolers2test|Love protect\n|\n|t:|1700664876\n|move|p1a: Heatran|Protect|p1a: Heatran\n|-singleturn|p1a: Heatran|Protect\n|move|p2b: Iron Bundle|Freeze-Dry|p1a: Heatran\n|-activate|p1a: Heatran|move: Protect\n|\n|upkeep\n|turn|24\n|c|\u2606pikachunicorn|im from uk\n|c|\u2606pikachunicorn|uh question\n|c|\u2606pikachunicorn|why no hydro\n|\n|t:|1700664884\n|move|p1a: Heatran|Protect||[still]\n|-fail|p1a: Heatran\n|move|p2b: Iron Bundle|Freeze-Dry|p1a: Heatran\n|-resisted|p1a: Heatran\n|-damage|p1a: Heatran|36\/100\n|\n|-end|p1a: Heatran|Encore\n|upkeep\n|turn|25\n|\n|t:|1700664893\n|move|p1a: Heatran|Protect|p1a: Heatran\n|-singleturn|p1a: Heatran|Protect\n|move|p2b: Iron Bundle|Encore|p1a: Heatran\n|-activate|p1a: Heatran|move: Protect\n|\n|upkeep\n|turn|26\n|\n|t:|1700664896\n|move|p2b: Iron Bundle|Encore||[still]\n|-fail|p2b: Iron Bundle\n|move|p1a: Heatran|Heat Wave|p2b: Iron Bundle\n|-enditem|p2b: Iron Bundle|Focus Sash\n|-damage|p2b: Iron Bundle|1\/100\n|\n|upkeep\n|turn|27\n|c|\u2606pikachunicorn|oh lmao\n|c|\u2606pikachunicorn|gg\n|\n|t:|1700664902\n|move|p2b: Iron Bundle|Freeze-Dry|p1a: Heatran\n|-resisted|p1a: Heatran\n|-damage|p1a: Heatran|30\/100\n|move|p1a: Heatran|Heat Wave|p2b: Iron Bundle|[miss]\n|-miss|p1a: Heatran|p2b: Iron Bundle\n|\n|upkeep\n|turn|28\n|\n|t:|1700664909\n|move|p2b: Iron Bundle|Freeze-Dry|p1a: Heatran\n|-resisted|p1a: Heatran\n|-damage|p1a: Heatran|24\/100\n|move|p1a: Heatran|Flash Cannon|p2b: Iron Bundle\n|-damage|p2b: Iron Bundle|0 fnt\n|faint|p2b: Iron Bundle\n|-end|p2b: Iron Bundle|Quark Drive|[silent]\n|\n|win|pikachunicorn\n|raw|pikachunicorn's rating: 1263 &rarr; <strong>1294<\/strong><br \/>(+31 for winning)\n|raw|Soolers2test's rating: 1342 &rarr; <strong>1318<\/strong><br \/>(-24 for losing)\n|c|\u2606pikachunicorn|have a nice day\n|c|\u2606Soolers2test|gg\n|l|\u2606Soolers2test\n|l|\u2606pikachunicorn\n|j|\u2606pikachunicorn\n|player|p1|pikachunicorn|266\n","uploadtime":1700664926,"views":3,"p1id":"pikachunicorn","p2id":"soolers2test","formatid":"gen9vgc2023regulatione","rating":1294,"private":0,"password":""}