{"id":"gen9vgc2023regulatione-1999951177","p1":"Kzjzkz","p2":"SilvaGojan","format":"[Gen 9] VGC 2023 Regulation E","log":"|j|\u2606Kzjzkz\n|j|\u2606SilvaGojan\n|t:|1701133762\n|gametype|doubles\n|player|p1|Kzjzkz|lance|1176\n|player|p2|SilvaGojan|morty-masters2|1116\n|teamsize|p1|6\n|teamsize|p2|6\n|gen|9\n|tier|[Gen 9] VGC 2023 Regulation E\n|rated|\n|rule|Species Clause: Limit one of each Pok\u00e9mon\n|rule|Item Clause: Limit one of each item\n|clearpoke\n|poke|p1|Flutter Mane, L50|\n|poke|p1|Tornadus, L50, M|\n|poke|p1|Rillaboom, L50, F|\n|poke|p1|Garganacl, L50, M|\n|poke|p1|Arcanine-Hisui, L50, F|\n|poke|p1|Chien-Pao, L50|\n|poke|p2|Honchkrow, L50, M|\n|poke|p2|Murkrow, L50, M|\n|poke|p2|Fezandipiti, L50, M|\n|poke|p2|Shiftry, L50, M|\n|poke|p2|Krookodile, L50, M|\n|poke|p2|Chien-Pao, L50|\n|teampreview|4\n|inactive|Battle timer is ON: inactive players will automatically lose when time's up. (requested by Kzjzkz)\n|\n|t:|1701133792\n|start\n|switch|p1a: Garganacl|Garganacl, L50, M|100\/100\n|switch|p1b: Tornadus|Tornadus, L50, M|100\/100\n|switch|p2a: Loki \ud83c\udccf|Murkrow, L50, M|100\/100\n|switch|p2b: La|Fezandipiti, L50, M|100\/100\n|turn|1\n|inactive|SilvaGojan has 30 seconds left.\n|\n|t:|1701133824\n|-terastallize|p2b: La|Poison\n|move|p2a: Loki \ud83c\udccf|Tailwind|p2a: Loki \ud83c\udccf\n|-sidestart|p2: SilvaGojan|move: Tailwind\n|move|p2b: La|Poison Jab|p1b: Tornadus\n|-damage|p1b: Tornadus|39\/100\n|-damage|p2b: La|84\/100|[from] item: Rocky Helmet|[of] p1b: Tornadus\n|move|p1b: Tornadus|Bleakwind Storm|p2a: Loki \ud83c\udccf|[spread] p2a,p2b\n|-damage|p2a: Loki \ud83c\udccf|20\/100\n|-damage|p2b: La|56\/100\n|move|p1a: Garganacl|Salt Cure|p2a: Loki \ud83c\udccf\n|-supereffective|p2a: Loki \ud83c\udccf\n|-damage|p2a: Loki \ud83c\udccf|0 fnt\n|faint|p2a: Loki \ud83c\udccf\n|\n|upkeep\n|\n|t:|1701133836\n|switch|p2a: \u03ae K\u03b1\u03c4\u03b1\u03c3\u03c4\u03c1\u03bf\u03c6\u03ae \ud83d\udc80|Chien-Pao, L50|100\/100\n|-ability|p2a: \u03ae K\u03b1\u03c4\u03b1\u03c3\u03c4\u03c1\u03bf\u03c6\u03ae \ud83d\udc80|Sword of Ruin\n|turn|2\n|\n|t:|1701133843\n|switch|p2a: Urokodaki \ud83d\udc7a|Shiftry, L50, M|100\/100\n|-ability|p2a: Urokodaki \ud83d\udc7a|Wind Rider|boost\n|-boost|p2a: Urokodaki \ud83d\udc7a|atk|1\n|-terastallize|p1a: Garganacl|Ghost\n|move|p1b: Tornadus|Tailwind|p1b: Tornadus\n|-sidestart|p1: Kzjzkz|move: Tailwind\n|move|p2b: La|Double Kick|p1a: Garganacl\n|-immune|p1a: Garganacl\n|move|p1a: Garganacl|Salt Cure|p2a: Urokodaki \ud83d\udc7a\n|-damage|p2a: Urokodaki \ud83d\udc7a|77\/100\n|-start|p2a: Urokodaki \ud83d\udc7a|Salt Cure\n|\n|-damage|p2a: Urokodaki \ud83d\udc7a|65\/100|[from] Salt Cure\n|upkeep\n|turn|3\n|\n|t:|1701133865\n|switch|p1b: Arcanine|Arcanine-Hisui, L50, F|100\/100\n|-ability|p1b: Arcanine|Intimidate|boost\n|-unboost|p2a: Urokodaki \ud83d\udc7a|atk|1\n|-fail|p2b: La|unboost|[from] item: Clear Amulet|[of] p2b: La\n|move|p1a: Garganacl|Protect|p1a: Garganacl\n|-singleturn|p1a: Garganacl|Protect\n|move|p2a: Urokodaki \ud83d\udc7a|Sucker Punch||[still]\n|-fail|p2a: Urokodaki \ud83d\udc7a\n|move|p2b: La|Play Rough|p1a: Garganacl\n|-activate|p1a: Garganacl|move: Protect\n|\n|-damage|p2a: Urokodaki \ud83d\udc7a|53\/100|[from] Salt Cure\n|upkeep\n|turn|4\n|\n|t:|1701133883\n|switch|p1b: Tornadus|Tornadus, L50, M|39\/100\n|move|p2a: Urokodaki \ud83d\udc7a|Sucker Punch||[still]\n|-fail|p2a: Urokodaki \ud83d\udc7a\n|move|p2b: La|Double Kick|p1b: Tornadus\n|-resisted|p1b: Tornadus\n|-damage|p1b: Tornadus|34\/100\n|-damage|p2b: La|39\/100|[from] item: Rocky Helmet|[of] p1b: Tornadus\n|-status|p1b: Tornadus|tox|[from] ability: Toxic Chain|[of] p2b: La\n|-resisted|p1b: Tornadus\n|-damage|p1b: Tornadus|28\/100 tox\n|-damage|p2b: La|23\/100|[from] item: Rocky Helmet|[of] p1b: Tornadus\n|-hitcount|p1b: Tornadus|2\n|move|p1a: Garganacl|Salt Cure|p2b: La\n|-damage|p2b: La|4\/100\n|-start|p2b: La|Salt Cure\n|\n|-damage|p1b: Tornadus|23\/100 tox|[from] psn\n|-damage|p2b: La|0 fnt|[from] Salt Cure\n|faint|p2b: La\n|-damage|p2a: Urokodaki \ud83d\udc7a|40\/100|[from] Salt Cure\n|-sideend|p2: SilvaGojan|move: Tailwind\n|upkeep\n|\n|t:|1701133888\n|switch|p2b: \u03ae K\u03b1\u03c4\u03b1\u03c3\u03c4\u03c1\u03bf\u03c6\u03ae \ud83d\udc80|Chien-Pao, L50|100\/100\n|-ability|p2b: \u03ae K\u03b1\u03c4\u03b1\u03c3\u03c4\u03c1\u03bf\u03c6\u03ae \ud83d\udc80|Sword of Ruin\n|turn|5\n|\n|t:|1701133907\n|switch|p1b: Arcanine|Arcanine-Hisui, L50, F|100\/100\n|-ability|p1b: Arcanine|Intimidate|boost\n|-unboost|p2a: Urokodaki \ud83d\udc7a|atk|1\n|-unboost|p2b: \u03ae K\u03b1\u03c4\u03b1\u03c3\u03c4\u03c1\u03bf\u03c6\u03ae \ud83d\udc80|atk|1\n|move|p1a: Garganacl|Protect|p1a: Garganacl\n|-singleturn|p1a: Garganacl|Protect\n|move|p2b: \u03ae K\u03b1\u03c4\u03b1\u03c3\u03c4\u03c1\u03bf\u03c6\u03ae \ud83d\udc80|Throat Chop|p1a: Garganacl\n|-activate|p1a: Garganacl|move: Protect\n|move|p2a: Urokodaki \ud83d\udc7a|Knock Off|p1a: Garganacl\n|-activate|p1a: Garganacl|move: Protect\n|\n|-damage|p2a: Urokodaki \ud83d\udc7a|28\/100|[from] Salt Cure\n|-sideend|p1: Kzjzkz|move: Tailwind\n|upkeep\n|turn|6\n|-message|SilvaGojan forfeited.\n|\n|win|Kzjzkz\n|raw|Kzjzkz's rating: 1176 &rarr; <strong>1197<\/strong><br \/>(+21 for winning)\n|raw|SilvaGojan's rating: 1116 &rarr; <strong>1095<\/strong><br \/>(-21 for losing)\n|l|\u2606SilvaGojan\n","uploadtime":1701133918,"views":4,"p1id":"kzjzkz","p2id":"silvagojan","formatid":"gen9vgc2023regulatione","rating":1095,"private":0,"password":""}