{"id":"gen9vgc2023regulatione-1997527947","p1":"kaloseevee","p2":"sakurawa sumi","format":"[Gen 9] VGC 2023 Regulation E","log":"|j|\u2606kaloseevee\n|j|\u2606sakurawa sumi\n|t:|1700820591\n|gametype|doubles\n|player|p1|kaloseevee|serena|1051\n|player|p2|sakurawa sumi|hexmaniac-gen6|1057\n|teamsize|p1|6\n|teamsize|p2|6\n|gen|9\n|tier|[Gen 9] VGC 2023 Regulation E\n|rated|\n|rule|Species Clause: Limit one of each Pok\u00e9mon\n|rule|Item Clause: Limit one of each item\n|clearpoke\n|poke|p1|Urshifu-*, L50, M|\n|poke|p1|Politoed, L50, M|\n|poke|p1|Gothorita, L50, M|\n|poke|p1|Amoonguss, L50, M|\n|poke|p1|Iron Hands, L50|\n|poke|p1|Ogerpon-Wellspring, L50, F|\n|poke|p2|Gholdengo, L50|\n|poke|p2|Iron Hands, L50|\n|poke|p2|Amoonguss, L50, F|\n|poke|p2|Iron Bundle, L50|\n|poke|p2|Pelipper, L50, M|\n|poke|p2|Salamence, L50, M|\n|teampreview|4\nkaloseevee has agreed to open team sheets.\n|inactive|Battle timer is ON: inactive players will automatically lose when time's up. (requested by sakurawa sumi)\n|\n|t:|1700820628\n|start\n|switch|p1a: Politoed|Politoed, L50, M|100\/100\n|switch|p1b: Iron Hands|Iron Hands, L50|100\/100\n|switch|p2a: Iron Hands|Iron Hands, L50|100\/100\n|switch|p2b: Salamence|Salamence, L50, M|100\/100\n|-ability|p2b: Salamence|Intimidate|boost\n|-unboost|p1a: Politoed|atk|1\n|-unboost|p1b: Iron Hands|atk|1\n|-weather|RainDance|[from] ability: Drizzle|[of] p1a: Politoed\n|turn|1\n|inactive|kaloseevee has 30 seconds left.\n|inactive|kaloseevee has 20 seconds left.\n|inactive|kaloseevee has 15 seconds left.\n|inactive|kaloseevee has 10 seconds left.\n|\n|t:|1700820677\n|-terastallize|p1a: Politoed|Dragon\n|move|p2a: Iron Hands|Fake Out|p1b: Iron Hands\n|-damage|p1b: Iron Hands|92\/100\n|cant|p1b: Iron Hands|flinch\n|move|p2b: Salamence|Hurricane|p1a: Politoed\n|-damage|p1a: Politoed|64\/100\n|move|p1a: Politoed|Icy Wind|p2b: Salamence|[spread] p2a,p2b\n|-supereffective|p2b: Salamence\n|-damage|p2a: Iron Hands|96\/100\n|-damage|p2b: Salamence|59\/100\n|-unboost|p2a: Iron Hands|spe|1\n|-unboost|p2b: Salamence|spe|1\n|\n|-weather|RainDance|[upkeep]\n|upkeep\n|turn|2\n|inactive|kaloseevee has 30 seconds left.\n|inactive|sakurawa sumi has 30 seconds left.\n|\n|t:|1700820706\n|switch|p2b: Iron Bundle|Iron Bundle, L50|100\/100\n|-enditem|p2b: Iron Bundle|Booster Energy\n|-activate|p2b: Iron Bundle|ability: Quark Drive|[fromitem]\n|-start|p2b: Iron Bundle|quarkdrivespe\n|-end|p1b: Iron Hands|Quark Drive|[silent]\n|switch|p1b: Gothorita|Gothorita, L50, M|100\/100\n|move|p1a: Politoed|Perish Song|p1a: Politoed\n|-start|p1a: Politoed|perish3|[silent]\n|-start|p1b: Gothorita|perish3|[silent]\n|-start|p2a: Iron Hands|perish3|[silent]\n|-start|p2b: Iron Bundle|perish3|[silent]\n|-fieldactivate|move: Perish Song\n|move|p2a: Iron Hands|Heavy Slam|p1a: Politoed\n|-damage|p1a: Politoed|13\/100\n|\n|-weather|RainDance|[upkeep]\n|-start|p2b: Iron Bundle|perish3\n|-start|p1a: Politoed|perish3\n|-start|p1b: Gothorita|perish3\n|-start|p2a: Iron Hands|perish3\n|upkeep\n|turn|3\n|inactive|kaloseevee has 30 seconds left.\n|inactive|sakurawa sumi has 30 seconds left.\n|\n|t:|1700820737\n|move|p1a: Politoed|Protect|p1a: Politoed\n|-singleturn|p1a: Politoed|Protect\n|move|p1b: Gothorita|Protect|p1b: Gothorita\n|-singleturn|p1b: Gothorita|Protect\n|move|p2b: Iron Bundle|Freeze-Dry|p1a: Politoed\n|-activate|p1a: Politoed|move: Protect\n|move|p2a: Iron Hands|Heavy Slam|p1b: Gothorita\n|-activate|p1b: Gothorita|move: Protect\n|\n|-weather|RainDance|[upkeep]\n|-start|p2b: Iron Bundle|perish2\n|-start|p1a: Politoed|perish2\n|-start|p1b: Gothorita|perish2\n|-start|p2a: Iron Hands|perish2\n|upkeep\n|turn|4\n|inactive|kaloseevee has 30 seconds left.\n|\n|t:|1700820765\n|switch|p1a: Iron Hands|Iron Hands, L50|92\/100\n|move|p2b: Iron Bundle|Icy Wind|p1a: Iron Hands|[spread] p1a,p1b\n|-damage|p1a: Iron Hands|81\/100\n|-damage|p1b: Gothorita|87\/100\n|-unboost|p1a: Iron Hands|spe|1\n|-unboost|p1b: Gothorita|spe|1\n|move|p1b: Gothorita|Future Sight|p2a: Iron Hands\n|-start|p1b: Gothorita|move: Future Sight\n|move|p2a: Iron Hands|Heavy Slam|p1b: Gothorita\n|-damage|p1b: Gothorita|48\/100\n|\n|-weather|RainDance|[upkeep]\n|-start|p2b: Iron Bundle|perish1\n|-start|p1b: Gothorita|perish1\n|-start|p2a: Iron Hands|perish1\n|upkeep\n|turn|5\n|inactive|kaloseevee has 30 seconds left.\n|inactive|sakurawa sumi has 30 seconds left.\n|inactive|kaloseevee has 20 seconds left.\n|inactive|kaloseevee has 15 seconds left.\n|\n|t:|1700820808\n|switch|p1b: Politoed|Politoed, L50, M, tera:Dragon|13\/100\n|move|p2b: Iron Bundle|Hydro Pump|p1b: Politoed\n|-resisted|p1b: Politoed\n|-damage|p1b: Politoed|0 fnt\n|faint|p1b: Politoed\n|move|p2a: Iron Hands|Heavy Slam|p1a: Iron Hands\n|-resisted|p1a: Iron Hands\n|-damage|p1a: Iron Hands|77\/100\n|move|p1a: Iron Hands|Drain Punch|p2b: Iron Bundle\n|-supereffective|p2b: Iron Bundle\n|-damage|p2b: Iron Bundle|29\/100\n|-heal|p1a: Iron Hands|99\/100|[from] drain|[of] p2b: Iron Bundle\n|\n|-weather|RainDance|[upkeep]\n|-start|p2b: Iron Bundle|perish0\n|-start|p2a: Iron Hands|perish0\n|upkeep\n|faint|p2b: Iron Bundle\n|-end|p2b: Iron Bundle|Quark Drive|[silent]\n|faint|p2a: Iron Hands\n|-end|p2a: Iron Hands|Quark Drive|[silent]\n|\n|t:|1700820832\n|switch|p2b: Salamence|Salamence, L50, M|59\/100\n|switch|p1b: Ogerpon|Ogerpon-Wellspring, L50, F|100\/100\n|switch|p2a: Pelipper|Pelipper, L50, M|100\/100\n|-ability|p2b: Salamence|Intimidate|boost\n|-unboost|p1a: Iron Hands|atk|1\n|-unboost|p1b: Ogerpon|atk|1\n|turn|6\n|\n|t:|1700820849\n|move|p1b: Ogerpon|Spiky Shield|p1b: Ogerpon\n|-singleturn|p1b: Ogerpon|move: Protect\n|move|p2a: Pelipper|Protect|p2a: Pelipper\n|-singleturn|p2a: Pelipper|Protect\n|move|p2b: Salamence|Hurricane|p1b: Ogerpon\n|-activate|p1b: Ogerpon|move: Protect\n|move|p1a: Iron Hands|Wild Charge|p2a: Pelipper\n|-activate|p2a: Pelipper|move: Protect\n|\n|-weather|RainDance|[upkeep]\n|-end|p2a: Pelipper|move: Future Sight\n|-damage|p2a: Pelipper|44\/100\n|upkeep\n|turn|7\n|inactive|kaloseevee has 30 seconds left.\n|inactive|kaloseevee has 20 seconds left.\n|\n|t:|1700820886\n|switch|p1b: Gothorita|Gothorita, L50, M|48\/100\n|move|p2b: Salamence|Hurricane|p1b: Gothorita\n|-damage|p1b: Gothorita|14\/100\n|-start|p1b: Gothorita|confusion\n|move|p2a: Pelipper|Weather Ball|p1a: Iron Hands\n|-damage|p1a: Iron Hands|65\/100\n|move|p1a: Iron Hands|Wild Charge|p2b: Salamence\n|-damage|p2b: Salamence|16\/100\n|-damage|p1a: Iron Hands|58\/100|[from] Recoil\n|\n|-weather|RainDance|[upkeep]\n|upkeep\n|turn|8\n|inactive|kaloseevee has 30 seconds left.\n|\n|t:|1700820914\n|-activate|p1b: Gothorita|confusion\n|move|p1b: Gothorita|Protect|p1b: Gothorita\n|-singleturn|p1b: Gothorita|Protect\n|move|p2a: Pelipper|Wide Guard|p2a: Pelipper\n|-singleturn|p2a: Pelipper|Wide Guard\n|move|p2b: Salamence|Hurricane|p1a: Iron Hands\n|-damage|p1a: Iron Hands|28\/100\n|move|p1a: Iron Hands|Wild Charge|p2b: Salamence\n|-damage|p2b: Salamence|0 fnt\n|faint|p2b: Salamence\n|-damage|p1a: Iron Hands|26\/100|[from] Recoil\n|\n|-weather|none\n|upkeep\n|turn|9\n|-message|sakurawa sumi forfeited.\n|\n|win|kaloseevee\n|raw|kaloseevee's rating: 1051 &rarr; <strong>1084<\/strong><br \/>(+33 for winning)\n|raw|sakurawa sumi's rating: 1057 &rarr; <strong>1038<\/strong><br \/>(-19 for losing)\n|l|\u2606sakurawa sumi\n","uploadtime":1700820940,"views":23,"p1id":"kaloseevee","p2id":"sakurawasumi","formatid":"gen9vgc2023regulatione","rating":1038,"private":0,"password":""}