{"id":"gen9vgc2023regulatione-1993916362","p1":"Krjzhzk","p2":"Luckybadday","format":"[Gen 9] VGC 2023 Regulation E","log":"|j|\u2606Krjzhzk\n|j|\u2606Luckybadday\n|t:|1700374934\n|gametype|doubles\n|player|p1|Krjzhzk|lance|1254\n|player|p2|Luckybadday|169|1322\n|teamsize|p1|6\n|teamsize|p2|6\n|gen|9\n|tier|[Gen 9] VGC 2023 Regulation E\n|rated|\n|rule|Species Clause: Limit one of each Pok\u00e9mon\n|rule|Item Clause: Limit one of each item\n|clearpoke\n|poke|p1|Flutter Mane, L50|\n|poke|p1|Tornadus, L50, M|\n|poke|p1|Rillaboom, L50, F|\n|poke|p1|Garganacl, L50, M|\n|poke|p1|Arcanine-Hisui, L50, M|\n|poke|p1|Chien-Pao, L50|\n|poke|p2|Flutter Mane, L50|\n|poke|p2|Sinistcha, L50|\n|poke|p2|Heatran, L50, F|\n|poke|p2|Palafin, L50, M|\n|poke|p2|Iron Bundle, L50|\n|poke|p2|Landorus-Therian, L50, M|\n|teampreview|4\n|inactive|Battle timer is ON: inactive players will automatically lose when time's up. (requested by Luckybadday)\n|\n|t:|1700374969\n|start\n|switch|p1a: Tornadus|Tornadus, L50, M|100\/100\n|switch|p1b: Garganacl|Garganacl, L50, M|100\/100\n|switch|p2a: Landorus|Landorus-Therian, L50, M|100\/100\n|switch|p2b: Flutter Mane|Flutter Mane, L50|100\/100\n|-ability|p2a: Landorus|Intimidate|boost\n|-unboost|p1a: Tornadus|atk|1\n|-unboost|p1b: Garganacl|atk|1\n|turn|1\n|inactive|Krjzhzk has 30 seconds left.\n|inactive|Krjzhzk has 20 seconds left.\n|\n|t:|1700375005\n|-terastallize|p1b: Garganacl|Ghost\n|move|p1a: Tornadus|Tailwind|p1a: Tornadus\n|-sidestart|p1: Krjzhzk|move: Tailwind\n|move|p2b: Flutter Mane|Thunderbolt|p1a: Tornadus\n|-supereffective|p1a: Tornadus\n|-damage|p1a: Tornadus|25\/100\n|move|p2a: Landorus|Nasty Plot|p2a: Landorus\n|-boost|p2a: Landorus|spa|2\n|move|p1b: Garganacl|Salt Cure|p2b: Flutter Mane\n|-damage|p2b: Flutter Mane|81\/100\n|-start|p2b: Flutter Mane|Salt Cure\n|\n|-damage|p2b: Flutter Mane|69\/100|[from] Salt Cure\n|upkeep\n|turn|2\n|\n|t:|1700375026\n|move|p2a: Landorus|Protect|p2a: Landorus\n|-singleturn|p2a: Landorus|Protect\n|move|p1b: Garganacl|Protect|p1b: Garganacl\n|-singleturn|p1b: Garganacl|Protect\n|move|p1a: Tornadus|Bleakwind Storm|p2a: Landorus|[spread] \n|-activate|p2a: Landorus|move: Protect\n|-miss|p1a: Tornadus|p2b: Flutter Mane\n|move|p2b: Flutter Mane|Thunderbolt|p1b: Garganacl\n|-activate|p1b: Garganacl|move: Protect\n|\n|-damage|p2b: Flutter Mane|57\/100|[from] Salt Cure\n|upkeep\n|turn|3\n|\n|t:|1700375038\n|move|p1a: Tornadus|Bleakwind Storm|p2b: Flutter Mane|[spread] \n|-miss|p1a: Tornadus|p2a: Landorus\n|-miss|p1a: Tornadus|p2b: Flutter Mane\n|move|p2b: Flutter Mane|Thunderbolt|p1b: Garganacl\n|-damage|p1b: Garganacl|67\/100\n|move|p2a: Landorus|Sandsear Storm|p1a: Tornadus|[spread] p1b\n|-immune|p1a: Tornadus\n|-damage|p1b: Garganacl|30\/100\n|-enditem|p1b: Garganacl|Sitrus Berry|[eat]\n|-heal|p1b: Garganacl|55\/100|[from] item: Sitrus Berry\n|move|p1b: Garganacl|Salt Cure|p2a: Landorus\n|-damage|p2a: Landorus|92\/100\n|-start|p2a: Landorus|Salt Cure\n|\n|-damage|p2b: Flutter Mane|44\/100|[from] Salt Cure\n|-damage|p2a: Landorus|80\/100|[from] Salt Cure\n|upkeep\n|turn|4\n|\n|t:|1700375052\n|move|p2a: Landorus|Protect|p2a: Landorus\n|-singleturn|p2a: Landorus|Protect\n|move|p1b: Garganacl|Protect|p1b: Garganacl\n|-singleturn|p1b: Garganacl|Protect\n|move|p1a: Tornadus|Bleakwind Storm|p2b: Flutter Mane|[spread] p2b\n|-activate|p2a: Landorus|move: Protect\n|-damage|p2b: Flutter Mane|14\/100\n|move|p2b: Flutter Mane|Thunderbolt|p1a: Tornadus\n|-supereffective|p1a: Tornadus\n|-damage|p1a: Tornadus|0 fnt\n|faint|p1a: Tornadus\n|\n|-damage|p2b: Flutter Mane|1\/100|[from] Salt Cure\n|-damage|p2a: Landorus|67\/100|[from] Salt Cure\n|-sideend|p1: Krjzhzk|move: Tailwind\n|upkeep\n|\n|t:|1700375063\n|switch|p1a: Rillaboom|Rillaboom, L50, F|100\/100\n|-fieldstart|move: Grassy Terrain|[from] ability: Grassy Surge|[of] p1a: Rillaboom\n|turn|5\n|\n|t:|1700375077\n|move|p1a: Rillaboom|Fake Out|p2a: Landorus\n|-damage|p2a: Landorus|52\/100\n|move|p2b: Flutter Mane|Thunderbolt|p1b: Garganacl\n|-damage|p1b: Garganacl|21\/100\n|cant|p2a: Landorus|flinch\n|move|p1b: Garganacl|Recover|p1b: Garganacl\n|-heal|p1b: Garganacl|72\/100\n|\n|-heal|p2b: Flutter Mane|7\/100|[from] Grassy Terrain\n|-heal|p1b: Garganacl|77\/100|[from] Grassy Terrain\n|-damage|p2b: Flutter Mane|0 fnt|[from] Salt Cure\n|faint|p2b: Flutter Mane\n|-end|p2b: Flutter Mane|Protosynthesis|[silent]\n|-damage|p2a: Landorus|40\/100|[from] Salt Cure\n|upkeep\n|\n|t:|1700375082\n|switch|p2b: Iron Bundle|Iron Bundle, L50|100\/100\n|-enditem|p2b: Iron Bundle|Booster Energy\n|-activate|p2b: Iron Bundle|ability: Quark Drive|[fromitem]\n|-start|p2b: Iron Bundle|quarkdrivespe\n|turn|6\n|\n|t:|1700375100\n|-terastallize|p2b: Iron Bundle|Ghost\n|move|p1a: Rillaboom|Grassy Glide|p2a: Landorus\n|-damage|p2a: Landorus|0 fnt\n|faint|p2a: Landorus\n|move|p2b: Iron Bundle|Freeze-Dry|p1a: Rillaboom\n|-supereffective|p1a: Rillaboom\n|-damage|p1a: Rillaboom|54\/100\n|move|p1b: Garganacl|Salt Cure|p2b: Iron Bundle\n|-damage|p2b: Iron Bundle|93\/100\n|-start|p2b: Iron Bundle|Salt Cure\n|\n|-heal|p2b: Iron Bundle|99\/100|[from] Grassy Terrain\n|-heal|p1a: Rillaboom|60\/100|[from] Grassy Terrain\n|-heal|p1b: Garganacl|83\/100|[from] Grassy Terrain\n|-damage|p2b: Iron Bundle|86\/100|[from] Salt Cure\n|upkeep\n|\n|t:|1700375105\n|switch|p2a: Heatran|Heatran, L50, F|100\/100\n|turn|7\n|\n|t:|1700375128\n|move|p1a: Rillaboom|Grassy Glide|p2b: Iron Bundle\n|-damage|p2b: Iron Bundle|53\/100\n|move|p2b: Iron Bundle|Freeze-Dry|p1a: Rillaboom\n|-supereffective|p1a: Rillaboom\n|-crit|p1a: Rillaboom\n|-damage|p1a: Rillaboom|0 fnt\n|faint|p1a: Rillaboom\n|move|p2a: Heatran|Magma Storm|p1b: Garganacl\n|-damage|p1b: Garganacl|54\/100\n|-activate|p1b: Garganacl|move: Magma Storm|[of] p2a: Heatran\n|move|p1b: Garganacl|Salt Cure|p2a: Heatran\n|-damage|p2a: Heatran|91\/100\n|-start|p2a: Heatran|Salt Cure\n|\n|-heal|p2b: Iron Bundle|59\/100|[from] Grassy Terrain\n|-heal|p2a: Heatran|97\/100|[from] Grassy Terrain\n|-heal|p2a: Heatran|100\/100|[from] item: Leftovers\n|-heal|p1b: Garganacl|60\/100|[from] Grassy Terrain\n|-damage|p2b: Iron Bundle|47\/100|[from] Salt Cure\n|-damage|p2a: Heatran|76\/100|[from] Salt Cure\n|-damage|p1b: Garganacl|48\/100|[from] move: Magma Storm|[partiallytrapped]\n|upkeep\n|\n|t:|1700375132\n|switch|p1a: Arcanine|Arcanine-Hisui, L50, M|100\/100\n|-ability|p1a: Arcanine|Intimidate|boost\n|-unboost|p2a: Heatran|atk|1\n|-unboost|p2b: Iron Bundle|atk|1\n|turn|8\n|\n|t:|1700375144\n|move|p2a: Heatran|Protect|p2a: Heatran\n|-singleturn|p2a: Heatran|Protect\n|move|p2b: Iron Bundle|Hydro Pump|p1a: Arcanine|[miss]\n|-miss|p2b: Iron Bundle|p1a: Arcanine\n|move|p1a: Arcanine|Rock Slide|p2b: Iron Bundle|[spread] p2b\n|-activate|p2a: Heatran|move: Protect\n|-damage|p2b: Iron Bundle|12\/100\n|move|p1b: Garganacl|Recover|p1b: Garganacl\n|-heal|p1b: Garganacl|98\/100\n|\n|-heal|p2b: Iron Bundle|18\/100|[from] Grassy Terrain\n|-heal|p2a: Heatran|82\/100|[from] Grassy Terrain\n|-heal|p2a: Heatran|88\/100|[from] item: Leftovers\n|-heal|p1b: Garganacl|100\/100|[from] Grassy Terrain\n|-damage|p2b: Iron Bundle|6\/100|[from] Salt Cure\n|-damage|p2a: Heatran|63\/100|[from] Salt Cure\n|-damage|p1b: Garganacl|88\/100|[from] move: Magma Storm|[partiallytrapped]\n|upkeep\n|turn|9\n|\n|t:|1700375164\n|move|p2b: Iron Bundle|Hydro Pump|p1a: Arcanine\n|-supereffective|p1a: Arcanine\n|-damage|p1a: Arcanine|0 fnt\n|faint|p1a: Arcanine\n|move|p2a: Heatran|Earth Power|p1b: Garganacl\n|-damage|p1b: Garganacl|72\/100\n|-unboost|p1b: Garganacl|spd|1\n|move|p1b: Garganacl|Recover|p1b: Garganacl\n|-heal|p1b: Garganacl|100\/100\n|\n|-heal|p2b: Iron Bundle|12\/100|[from] Grassy Terrain\n|-heal|p2a: Heatran|69\/100|[from] Grassy Terrain\n|-heal|p2a: Heatran|75\/100|[from] item: Leftovers\n|-damage|p2b: Iron Bundle|0 fnt|[from] Salt Cure\n|faint|p2b: Iron Bundle\n|-end|p2b: Iron Bundle|Quark Drive|[silent]\n|-damage|p2a: Heatran|50\/100|[from] Salt Cure\n|-damage|p1b: Garganacl|88\/100|[from] move: Magma Storm|[partiallytrapped]\n|-fieldend|move: Grassy Terrain\n|upkeep\n|turn|10\n|\n|t:|1700375176\n|move|p1b: Garganacl|Protect|p1b: Garganacl\n|-singleturn|p1b: Garganacl|Protect\n|move|p2a: Heatran|Magma Storm|p1b: Garganacl\n|-activate|p1b: Garganacl|move: Protect\n|\n|-heal|p2a: Heatran|57\/100|[from] item: Leftovers\n|-damage|p2a: Heatran|32\/100|[from] Salt Cure\n|-damage|p1b: Garganacl|76\/100|[from] move: Magma Storm|[partiallytrapped]\n|upkeep\n|turn|11\n|\n|t:|1700375179\n|move|p2a: Heatran|Magma Storm|p1b: Garganacl\n|-damage|p1b: Garganacl|34\/100\n|move|p1b: Garganacl|Recover|p1b: Garganacl\n|-heal|p1b: Garganacl|84\/100\n|\n|-heal|p2a: Heatran|38\/100|[from] item: Leftovers\n|-damage|p2a: Heatran|13\/100|[from] Salt Cure\n|-damage|p1b: Garganacl|72\/100|[from] move: Magma Storm|[partiallytrapped]\n|upkeep\n|turn|12\n|\n|t:|1700375185\n|move|p1b: Garganacl|Protect|p1b: Garganacl\n|-singleturn|p1b: Garganacl|Protect\n|move|p2a: Heatran|Magma Storm|p1b: Garganacl\n|-activate|p1b: Garganacl|move: Protect\n|\n|-heal|p2a: Heatran|19\/100|[from] item: Leftovers\n|-damage|p2a: Heatran|0 fnt|[from] Salt Cure\n|faint|p2a: Heatran\n|\n|win|Krjzhzk\n|upkeep\n|raw|Krjzhzk's rating: 1254 &rarr; <strong>1284<\/strong><br \/>(+30 for winning)\n|raw|Luckybadday's rating: 1322 &rarr; <strong>1298<\/strong><br \/>(-24 for losing)\n|l|\u2606Luckybadday\n","uploadtime":1700375188,"views":8,"p1id":"krjzhzk","p2id":"luckybadday","formatid":"gen9vgc2023regulatione","rating":1284,"private":0,"password":""}