{"id":"gen9vgc2023regulatione-1988140123","p1":"ThannaOcto","p2":"kick4life42","format":"[Gen 9] VGC 2023 Regulation E","log":"|j|\u2606ThannaOcto\n|j|\u2606kick4life42\n|n|\u2606ThannaOcto|thannaocto\n|n|\u2606kick4life42|kick4life42\n|html|View the match progress at <a href=\"\/game-bestof3-gen9vgc2023regulatione-1988134631\">game-bestof3-gen9vgc2023regulatione-1988134631<\/a>\n|t:|1699674621\n|gametype|doubles\n|player|p1|ThannaOcto|aaron|\n|player|p2|kick4life42|102|\n|teamsize|p1|6\n|teamsize|p2|6\n|gen|9\n|tier|[Gen 9] VGC 2023 Regulation E\n|rule|Species Clause: Limit one of each Pok\u00e9mon\n|rule|Item Clause: Limit one of each item\n|clearpoke\n|poke|p1|Klefki, L50, M|\n|poke|p1|Roaring Moon, L50|\n|poke|p1|Scovillain, L50, M|\n|poke|p1|Dragapult, L50, M|\n|poke|p1|Fezandipiti, L50, M|\n|poke|p1|Dudunsparce-*, L50, M|\n|poke|p2|Flutter Mane, L50|\n|poke|p2|Tornadus, L50, M|\n|poke|p2|Mamoswine, L50, M|\n|poke|p2|Gholdengo, L50|\n|poke|p2|Grimmsnarl, L50, M|\n|poke|p2|Regieleki, L50|\n|teampreview|4\n|\n|t:|1699674639\n|start\n|switch|p1a: Brute Justice|Dudunsparce-Three-Segment, L50, M|100\/100\n|switch|p1b: Mandervillian|Scovillain, L50, M|100\/100\n|switch|p2a: Tornadus|Tornadus, L50, M|100\/100\n|switch|p2b: Mamoswine|Mamoswine, L50, M|100\/100\n|turn|1\n|\n|t:|1699674653\n|-terastallize|p2b: Mamoswine|Fighting\n|move|p2a: Tornadus|Tailwind|p2a: Tornadus\n|-sidestart|p2: kick4life42|move: Tailwind\n|move|p2b: Mamoswine|Earthquake|p1b: Mandervillian|[spread] p1a,p1b\n|-immune|p2a: Tornadus\n|-damage|p1a: Brute Justice|72\/100\n|-damage|p1b: Mandervillian|37\/100\n|move|p1b: Mandervillian|Leech Seed|p2b: Mamoswine\n|-start|p2b: Mamoswine|move: Leech Seed\n|move|p1a: Brute Justice|Ancient Power|p2a: Tornadus\n|-supereffective|p2a: Tornadus\n|-crit|p2a: Tornadus\n|-damage|p2a: Tornadus|55\/100\n|-boost|p1a: Brute Justice|atk|1\n|-boost|p1a: Brute Justice|def|1\n|-boost|p1a: Brute Justice|spa|1\n|-boost|p1a: Brute Justice|spd|1\n|-boost|p1a: Brute Justice|spe|1\n|\n|-heal|p1b: Mandervillian|43\/100|[from] item: Leftovers\n|-damage|p2b: Mamoswine|88\/100|[from] Leech Seed|[of] p1b: Mandervillian\n|-heal|p1b: Mandervillian|57\/100|[silent]\n|-ability|p1b: Mandervillian|Moody|boost\n|-boost|p1b: Mandervillian|spd|2\n|-unboost|p1b: Mandervillian|spa|1\n|upkeep\n|turn|2\n|\n|t:|1699674679\n|move|p1b: Mandervillian|Protect|p1b: Mandervillian\n|-singleturn|p1b: Mandervillian|Protect\n|move|p2a: Tornadus|Heat Wave|p1a: Brute Justice|[spread] p1a\n|-activate|p1b: Mandervillian|move: Protect\n|-damage|p1a: Brute Justice|57\/100\n|move|p2b: Mamoswine|Earthquake|p1a: Brute Justice|[spread] p1a\n|-activate|p1b: Mandervillian|move: Protect\n|-immune|p2a: Tornadus\n|-damage|p1a: Brute Justice|37\/100\n|move|p1a: Brute Justice|Ancient Power|p2a: Tornadus\n|-supereffective|p2a: Tornadus\n|-damage|p2a: Tornadus|12\/100\n|\n|-heal|p1b: Mandervillian|62\/100|[from] item: Leftovers\n|-damage|p2b: Mamoswine|76\/100|[from] Leech Seed|[of] p1b: Mandervillian\n|-heal|p1b: Mandervillian|76\/100|[silent]\n|-ability|p1b: Mandervillian|Moody|boost\n|-boost|p1b: Mandervillian|atk|2\n|-unboost|p1b: Mandervillian|def|1\n|upkeep\n|turn|3\n|\n|t:|1699674707\n|move|p2a: Tornadus|Bleakwind Storm|p1a: Brute Justice|[spread] p1a,p1b\n|-supereffective|p1b: Mandervillian\n|-damage|p1a: Brute Justice|12\/100\n|-damage|p1b: Mandervillian|19\/100\n|move|p2b: Mamoswine|Earthquake|p1a: Brute Justice|[spread] p1a,p1b\n|-immune|p2a: Tornadus\n|-damage|p1a: Brute Justice|0 fnt\n|-damage|p1b: Mandervillian|0 fnt\n|faint|p1a: Brute Justice\n|faint|p1b: Mandervillian\n|\n|upkeep\n|\n|t:|1699674716\n|switch|p1b: Yojimbo|Fezandipiti, L50, M|100\/100\n|switch|p1a: Mist Dragon|Dragapult, L50, M|100\/100\n|turn|4\n|\n|t:|1699674736\n|move|p1a: Mist Dragon|Protect|p1a: Mist Dragon\n|-singleturn|p1a: Mist Dragon|Protect\n|move|p1b: Yojimbo|Protect|p1b: Yojimbo\n|-singleturn|p1b: Yojimbo|Protect\n|move|p2b: Mamoswine|Ice Shard|p1a: Mist Dragon\n|-activate|p1a: Mist Dragon|move: Protect\n|move|p2a: Tornadus|Bleakwind Storm|p1b: Yojimbo|[spread] \n|-activate|p1a: Mist Dragon|move: Protect\n|-activate|p1b: Yojimbo|move: Protect\n|\n|-damage|p2b: Mamoswine|64\/100|[from] Leech Seed|[of] p1b: Yojimbo\n|-sideend|p2: kick4life42|move: Tailwind\n|upkeep\n|turn|5\n|\n|t:|1699674760\n|-terastallize|p1a: Mist Dragon|Fairy\n|move|p2a: Tornadus|Tailwind|p2a: Tornadus\n|-sidestart|p2: kick4life42|move: Tailwind\n|move|p2b: Mamoswine|Earthquake|p1a: Mist Dragon|[spread] p1a,p1b\n|-immune|p2a: Tornadus\n|-supereffective|p1b: Yojimbo\n|-damage|p1a: Mist Dragon|45\/100\n|-damage|p1b: Yojimbo|7\/100\n|move|p1a: Mist Dragon|Dragon Darts|p2a: Tornadus\n|-damage|p2a: Tornadus|0 fnt\n|-anim|p1a: Mist Dragon|Dragon Darts|p2b: Mamoswine\n|-damage|p2b: Mamoswine|38\/100\n|faint|p2a: Tornadus\n|move|p1b: Yojimbo|Roost|p1b: Yojimbo\n|-heal|p1b: Yojimbo|57\/100\n|-singleturn|p1b: Yojimbo|move: Roost\n|\n|-damage|p2b: Mamoswine|26\/100|[from] Leech Seed|[of] p1b: Yojimbo\n|-heal|p1b: Yojimbo|69\/100|[silent]\n|upkeep\n|\n|t:|1699674776\n|switch|p2a: Gholdengo|Gholdengo, L50|100\/100\n|turn|6\n|\n|t:|1699674791\n|move|p1a: Mist Dragon|Protect|p1a: Mist Dragon\n|-singleturn|p1a: Mist Dragon|Protect\n|move|p1b: Yojimbo|Protect|p1b: Yojimbo\n|-singleturn|p1b: Yojimbo|Protect\n|move|p2b: Mamoswine|Ice Shard|p1b: Yojimbo\n|-activate|p1b: Yojimbo|move: Protect\n|move|p2a: Gholdengo|Make It Rain|p1b: Yojimbo|[spread] \n|-activate|p1a: Mist Dragon|move: Protect\n|-activate|p1b: Yojimbo|move: Protect\n|\n|-damage|p2b: Mamoswine|14\/100|[from] Leech Seed|[of] p1b: Yojimbo\n|-heal|p1b: Yojimbo|81\/100|[silent]\n|upkeep\n|turn|7\n|\n|t:|1699674815\n|move|p2b: Mamoswine|Ice Shard|p1a: Mist Dragon\n|-damage|p1a: Mist Dragon|12\/100\n|-start|p2b: Mamoswine|Disable|Ice Shard|[from] ability: Cursed Body|[of] p1a: Mist Dragon\n|move|p1a: Mist Dragon|Sucker Punch||[still]\n|-fail|p1a: Mist Dragon\n|move|p2a: Gholdengo|Make It Rain|p1b: Yojimbo|[spread] p1a,p1b\n|-supereffective|p1a: Mist Dragon\n|-supereffective|p1b: Yojimbo\n|-enditem|p1b: Yojimbo|Babiri Berry|[eat]\n|-enditem|p1b: Yojimbo|Babiri Berry|[weaken]\n|-damage|p1a: Mist Dragon|0 fnt\n|-damage|p1b: Yojimbo|46\/100\n|-unboost|p2a: Gholdengo|spa|1\n|faint|p1a: Mist Dragon\n|move|p1b: Yojimbo|Heat Wave|p2b: Mamoswine|[spread] p2b\n|-miss|p1b: Yojimbo|p2a: Gholdengo\n|-damage|p2b: Mamoswine|2\/100\n|\n|-damage|p2b: Mamoswine|0 fnt|[from] Leech Seed|[of] p1b: Yojimbo\n|-heal|p1b: Yojimbo|48\/100|[silent]\n|faint|p2b: Mamoswine\n|upkeep\n|\n|t:|1699674833\n|switch|p2b: Flutter Mane|Flutter Mane, L50|100\/100\n|-enditem|p2b: Flutter Mane|Booster Energy\n|-activate|p2b: Flutter Mane|ability: Protosynthesis|[fromitem]\n|-start|p2b: Flutter Mane|protosynthesisspe\n|turn|8\n|\n|t:|1699674840\n|move|p1b: Yojimbo|Protect|p1b: Yojimbo\n|-singleturn|p1b: Yojimbo|Protect\n|move|p2b: Flutter Mane|Shadow Ball|p1b: Yojimbo\n|-activate|p1b: Yojimbo|move: Protect\n|move|p2a: Gholdengo|Make It Rain|p1b: Yojimbo\n|-activate|p1b: Yojimbo|move: Protect\n|\n|-sideend|p2: kick4life42|move: Tailwind\n|upkeep\n|turn|9\n|\n|t:|1699674856\n|move|p2b: Flutter Mane|Shadow Ball|p1b: Yojimbo\n|-damage|p1b: Yojimbo|25\/100\n|-unboost|p1b: Yojimbo|spd|1\n|move|p2a: Gholdengo|Make It Rain|p1b: Yojimbo\n|-supereffective|p1b: Yojimbo\n|-damage|p1b: Yojimbo|0 fnt\n|-unboost|p2a: Gholdengo|spa|1\n|faint|p1b: Yojimbo\n|\n|win|kick4life42\n|c|\u2606ThannaOcto|ggs\n","uploadtime":1699674869,"views":33,"p1id":"thannaocto","p2id":"kick4life42","formatid":"gen9vgc2023regulatione","rating":0,"private":0,"password":""}