{"id":"gen9vgc2023regulatione-1992045476","p1":"ScarsonaVGC","p2":"NikyuAlex","format":"[Gen 9] VGC 2023 Regulation E","log":"|j|\u2606ScarsonaVGC\n|j|\u2606NikyuAlex\n|n|\u2606ScarsonaVGC|scarsonavgc\n|n|\u2606NikyuAlex|nikyualex\n|html|View the match progress at <a href=\"\/game-bestof3-gen9vgc2023regulatione-1992045475\">game-bestof3-gen9vgc2023regulatione-1992045475<\/a>\n|t:|1700150493\n|gametype|doubles\n|player|p1|ScarsonaVGC|swimmerf-gen4|\n|player|p2|NikyuAlex|steven|\n|teamsize|p1|6\n|teamsize|p2|6\n|gen|9\n|tier|[Gen 9] VGC 2023 Regulation E\n|rule|Species Clause: Limit one of each Pok\u00e9mon\n|rule|Item Clause: Limit one of each item\n|clearpoke\n|poke|p1|Roaring Moon, L50|\n|poke|p1|Ninetales-Alola, L50, F|\n|poke|p1|Milotic, L50, F|\n|poke|p1|Iron Hands, L50|\n|poke|p1|Landorus-Therian, L50, M|\n|poke|p1|Sinistcha-Masterpiece, L50|\n|poke|p2|Landorus-Therian, L50, M|\n|poke|p2|Flutter Mane, L50|\n|poke|p2|Heatran, L50, F|\n|poke|p2|Iron Hands, L50|\n|poke|p2|Amoonguss, L50, M|\n|poke|p2|Chien-Pao, L50|\n|teampreview|4\nNikyuAlex has agreed to open team sheets.\nScarsonaVGC has agreed to open team sheets.\n|showteam|p1|Roaring Moon||BoosterEnergy|Protosynthesis|Protect,Acrobatics,ThroatChop,Tailwind||||||50|,,,,,Flying]Ninetales-Alola||LightClay|SnowWarning|FreezeDry,Moonblast,AuroraVeil,Protect|||F|||50|,,,,,Ghost]Milotic||Leftovers|Competitive|Scald,Haze,IceBeam,Protect|||F|||50|,,,,,Grass]Iron Hands||AssaultVest|QuarkDrive|FakeOut,DrainPunch,WildCharge,HeavySlam||||||50|,,,,,Dragon]Landorus-Therian||ChoiceScarf|Intimidate|TeraBlast,StompingTantrum,RockSlide,Uturn|||M|||50|,,,,,Flying]Sinistcha-Masterpiece||RockyHelmet|Hospitality|RagePowder,MatchaGotcha,TrickRoom,StrengthSap||||||50|,,,,,Grass\n|showteam|p2|Landorus-Therian||ChoiceScarf|Intimidate|StompingTantrum,TeraBlast,Uturn,RockSlide|||M|||50|,,,,,Flying]Flutter Mane||ChoiceSpecs|Protosynthesis|Moonblast,PowerGem,ShadowBall,DazzlingGleam||||||50|,,,,,Fairy]Heatran||Leftovers|FlashFire|HeatWave,WillOWisp,EarthPower,Protect|||F|||50|,,,,,Grass]Iron Hands||AssaultVest|QuarkDrive|DrainPunch,WildCharge,HeavySlam,FakeOut||||||50|,,,,,Poison]Amoonguss||RockyHelmet|Regenerator|PollenPuff,RagePowder,Spore,ClearSmog|||M|||50|,,,,,Water]Chien-Pao||FocusSash|SwordofRuin|IceSpinner,SuckerPunch,SacredSword,Protect||||||50|,,,,,Fire\n|c|\u2606NikyuAlex|gl hf\n|c|\u2606NikyuAlex|<3\n|c|\u2606ScarsonaVGC|:3 anche a te\n|c|\u2606ScarsonaVGC|non posso fare il cuore causa tastiera americana\n|c|\u2606NikyuAlex|ecc\n|\n|t:|1700150558\n|start\n|switch|p1a: Ninetales|Ninetales-Alola, L50, F|100\/100\n|switch|p1b: Milotic|Milotic, L50, F|100\/100\n|switch|p2a: Heatran|Heatran, L50, F|100\/100\n|switch|p2b: Iron Hands|Iron Hands, L50|100\/100\n|-weather|Snow|[from] ability: Snow Warning|[of] p1a: Ninetales\n|turn|1\n|\n|t:|1700150582\n|-terastallize|p1a: Ninetales|Ghost\n|move|p1b: Milotic|Protect|p1b: Milotic\n|-singleturn|p1b: Milotic|Protect\n|move|p2b: Iron Hands|Fake Out|p1b: Milotic\n|-activate|p1b: Milotic|move: Protect\n|move|p1a: Ninetales|Aurora Veil|p1a: Ninetales\n|-sidestart|p1: ScarsonaVGC|move: Aurora Veil\n|move|p2a: Heatran|Will-O-Wisp|p1b: Milotic\n|-activate|p1b: Milotic|move: Protect\n|\n|-weather|Snow|[upkeep]\n|upkeep\n|turn|2\n|\n|t:|1700150621\n|-end|p2b: Iron Hands|Quark Drive|[silent]\n|switch|p2b: Amoonguss|Amoonguss, L50, M|100\/100\n|-terastallize|p2a: Heatran|Grass\n|move|p1a: Ninetales|Protect|p1a: Ninetales\n|-singleturn|p1a: Ninetales|Protect\n|move|p1b: Milotic|Ice Beam|p2a: Heatran\n|-supereffective|p2a: Heatran\n|-damage|p2a: Heatran|60\/100\n|move|p2a: Heatran|Will-O-Wisp|p1b: Milotic\n|-status|p1b: Milotic|brn\n|\n|-weather|Snow|[upkeep]\n|-heal|p2a: Heatran|66\/100|[from] item: Leftovers\n|-damage|p1b: Milotic|94\/100 brn|[from] brn\n|upkeep\n|turn|3\n|\n|t:|1700150660\n|move|p2a: Heatran|Protect|p2a: Heatran\n|-singleturn|p2a: Heatran|Protect\n|move|p1a: Ninetales|Freeze-Dry|p2b: Amoonguss\n|-supereffective|p2b: Amoonguss\n|-damage|p2b: Amoonguss|59\/100\n|move|p1b: Milotic|Ice Beam|p2b: Amoonguss\n|-supereffective|p2b: Amoonguss\n|-damage|p2b: Amoonguss|11\/100\n|move|p2b: Amoonguss|Spore|p1a: Ninetales\n|-status|p1a: Ninetales|slp|[from] move: Spore\n|\n|-weather|Snow|[upkeep]\n|-heal|p1b: Milotic|100\/100 brn|[from] item: Leftovers\n|-heal|p2a: Heatran|72\/100|[from] item: Leftovers\n|-damage|p1b: Milotic|94\/100 brn|[from] brn\n|upkeep\n|turn|4\n|\n|t:|1700150680\n|switch|p2b: Iron Hands|Iron Hands, L50|100\/100\n|cant|p1a: Ninetales|slp\n|move|p1b: Milotic|Ice Beam|p2b: Iron Hands\n|-damage|p2b: Iron Hands|87\/100\n|-status|p2b: Iron Hands|frz\n|move|p2a: Heatran|Heat Wave|p1b: Milotic|[spread] p1b\n|-miss|p2a: Heatran|p1a: Ninetales\n|-resisted|p1b: Milotic\n|-damage|p1b: Milotic|85\/100 brn\n|\n|-weather|Snow|[upkeep]\n|-heal|p1b: Milotic|91\/100 brn|[from] item: Leftovers\n|-heal|p2a: Heatran|79\/100|[from] item: Leftovers\n|-damage|p1b: Milotic|85\/100 brn|[from] brn\n|upkeep\n|turn|5\n|c|\u2606ScarsonaVGC|scusa\n|\n|t:|1700150698\n|-end|p2b: Iron Hands|Quark Drive|[silent]\n|switch|p2b: Amoonguss|Amoonguss, L50, M|45\/100\n|move|p2a: Heatran|Protect|p2a: Heatran\n|-singleturn|p2a: Heatran|Protect\n|cant|p1a: Ninetales|slp\n|move|p1b: Milotic|Ice Beam|p2a: Heatran\n|-activate|p2a: Heatran|move: Protect\n|\n|-weather|none\n|-heal|p1b: Milotic|91\/100 brn|[from] item: Leftovers\n|-heal|p2a: Heatran|85\/100|[from] item: Leftovers\n|-damage|p1b: Milotic|85\/100 brn|[from] brn\n|upkeep\n|turn|6\n|c|\u2606NikyuAlex|molto bene\n|c|\u2606NikyuAlex|lol\n|\n|t:|1700150711\n|switch|p2b: Iron Hands|Iron Hands, L50|87\/100 frz\n|cant|p1a: Ninetales|slp\n|move|p1b: Milotic|Ice Beam|p2b: Iron Hands\n|-damage|p2b: Iron Hands|73\/100 frz\n|move|p2a: Heatran|Heat Wave|p1a: Ninetales|[spread] p1a,p1b\n|-resisted|p1b: Milotic\n|-damage|p1a: Ninetales|76\/100 slp\n|-damage|p1b: Milotic|77\/100 brn\n|\n|-heal|p1b: Milotic|83\/100 brn|[from] item: Leftovers\n|-heal|p2a: Heatran|91\/100|[from] item: Leftovers\n|-damage|p1b: Milotic|77\/100 brn|[from] brn\n|upkeep\n|turn|7\n|\n|t:|1700150729\n|move|p2a: Heatran|Protect|p2a: Heatran\n|-singleturn|p2a: Heatran|Protect\n|-curestatus|p1a: Ninetales|slp|[msg]\n|move|p1a: Ninetales|Freeze-Dry|p2b: Iron Hands\n|-damage|p2b: Iron Hands|62\/100 frz\n|move|p1b: Milotic|Ice Beam|p2b: Iron Hands\n|-damage|p2b: Iron Hands|49\/100 frz\n|cant|p2b: Iron Hands|frz\n|\n|-heal|p1b: Milotic|83\/100 brn|[from] item: Leftovers\n|-heal|p2a: Heatran|97\/100|[from] item: Leftovers\n|-damage|p1b: Milotic|77\/100 brn|[from] brn\n|upkeep\n|turn|8\n|\n|t:|1700150766\n|move|p1a: Ninetales|Moonblast|p2a: Heatran\n|-damage|p2a: Heatran|72\/100\n|move|p1b: Milotic|Scald|p2a: Heatran\n|-resisted|p2a: Heatran\n|-damage|p2a: Heatran|59\/100\n|move|p2a: Heatran|Heat Wave|p1b: Milotic|[spread] p1b\n|-miss|p2a: Heatran|p1a: Ninetales\n|-resisted|p1b: Milotic\n|-damage|p1b: Milotic|68\/100 brn\n|cant|p2b: Iron Hands|frz\n|\n|-heal|p1b: Milotic|74\/100 brn|[from] item: Leftovers\n|-heal|p2a: Heatran|66\/100|[from] item: Leftovers\n|-damage|p1b: Milotic|68\/100 brn|[from] brn\n|-sideend|p1: ScarsonaVGC|move: Aurora Veil\n|upkeep\n|turn|9\n|\n|t:|1700150779\n|move|p2a: Heatran|Protect|p2a: Heatran\n|-singleturn|p2a: Heatran|Protect\n|move|p1a: Ninetales|Moonblast|p2b: Iron Hands\n|-supereffective|p2b: Iron Hands\n|-damage|p2b: Iron Hands|19\/100 frz\n|-unboost|p2b: Iron Hands|spa|1\n|move|p1b: Milotic|Scald|p2b: Iron Hands\n|-damage|p2b: Iron Hands|3\/100 frz\n|-curestatus|p2b: Iron Hands|frz|[msg]\n|move|p2b: Iron Hands|Wild Charge|p1b: Milotic\n|-supereffective|p1b: Milotic\n|-damage|p1b: Milotic|0 fnt\n|faint|p1b: Milotic\n|-damage|p2b: Iron Hands|0 fnt|[from] Recoil\n|faint|p2b: Iron Hands\n|-end|p2b: Iron Hands|Quark Drive|[silent]\n|\n|-heal|p2a: Heatran|72\/100|[from] item: Leftovers\n|upkeep\n|\n|t:|1700150796\n|switch|p1b: Roaring Moon|Roaring Moon, L50|100\/100\n|switch|p2b: Landorus|Landorus-Therian, L50, M|100\/100\n|-ability|p2b: Landorus|Intimidate|boost\n|-unboost|p1a: Ninetales|atk|1\n|-unboost|p1b: Roaring Moon|atk|1\n|-enditem|p1b: Roaring Moon|Booster Energy\n|-activate|p1b: Roaring Moon|ability: Protosynthesis|[fromitem]\n|-start|p1b: Roaring Moon|protosynthesisspe\n|turn|10\n|\n|t:|1700150834\n|move|p1b: Roaring Moon|Protect|p1b: Roaring Moon\n|-singleturn|p1b: Roaring Moon|Protect\n|move|p2b: Landorus|Rock Slide|p1a: Ninetales|[spread] p1a\n|-activate|p1b: Roaring Moon|move: Protect\n|-damage|p1a: Ninetales|48\/100\n|cant|p1a: Ninetales|flinch\n|move|p2a: Heatran|Will-O-Wisp|p1b: Roaring Moon\n|-activate|p1b: Roaring Moon|move: Protect\n|\n|-heal|p2a: Heatran|78\/100|[from] item: Leftovers\n|upkeep\n|turn|11\n|\n|t:|1700150891\n|switch|p2b: Amoonguss|Amoonguss, L50, M|78\/100\n|move|p1b: Roaring Moon|Tailwind|p1b: Roaring Moon\n|-sidestart|p1: ScarsonaVGC|move: Tailwind\n|move|p1a: Ninetales|Aurora Veil||[still]\n|-fail|p1a: Ninetales\n|move|p2a: Heatran|Will-O-Wisp|p1b: Roaring Moon\n|-status|p1b: Roaring Moon|brn\n|\n|-heal|p2a: Heatran|84\/100|[from] item: Leftovers\n|-damage|p1b: Roaring Moon|94\/100 brn|[from] brn\n|upkeep\n|turn|12\n|\n|t:|1700150909\n|move|p2a: Heatran|Protect|p2a: Heatran\n|-singleturn|p2a: Heatran|Protect\n|move|p1b: Roaring Moon|Acrobatics|p2a: Heatran\n|-activate|p2a: Heatran|move: Protect\n|move|p1a: Ninetales|Freeze-Dry|p2a: Heatran\n|-activate|p2a: Heatran|move: Protect\n|move|p2b: Amoonguss|Spore|p1a: Ninetales\n|-status|p1a: Ninetales|slp|[from] move: Spore\n|\n|-heal|p2a: Heatran|91\/100|[from] item: Leftovers\n|-damage|p1b: Roaring Moon|88\/100 brn|[from] brn\n|upkeep\n|turn|13\n|\n|t:|1700150933\n|move|p1b: Roaring Moon|Acrobatics|p2a: Heatran\n|-supereffective|p2a: Heatran\n|-crit|p2a: Heatran\n|-damage|p2a: Heatran|43\/100\n|cant|p1a: Ninetales|slp\n|move|p2a: Heatran|Heat Wave|p1a: Ninetales|[spread] p1a\n|-miss|p2a: Heatran|p1b: Roaring Moon\n|-damage|p1a: Ninetales|7\/100 slp\n|move|p2b: Amoonguss|Pollen Puff|p2a: Heatran\n|-heal|p2a: Heatran|93\/100\n|\n|-heal|p2a: Heatran|99\/100|[from] item: Leftovers\n|-damage|p1b: Roaring Moon|82\/100 brn|[from] brn\n|upkeep\n|turn|14\n|\n|t:|1700150949\n|move|p2b: Amoonguss|Rage Powder|p2b: Amoonguss\n|-singleturn|p2b: Amoonguss|move: Rage Powder\n|move|p1b: Roaring Moon|Acrobatics|p2b: Amoonguss\n|-supereffective|p2b: Amoonguss\n|-damage|p2b: Amoonguss|59\/100\n|-damage|p1b: Roaring Moon|66\/100 brn|[from] item: Rocky Helmet|[of] p2b: Amoonguss\n|-curestatus|p1a: Ninetales|slp|[msg]\n|move|p1a: Ninetales|Freeze-Dry|p2b: Amoonguss\n|-supereffective|p2b: Amoonguss\n|-damage|p2b: Amoonguss|23\/100\n|move|p2a: Heatran|Earth Power|p1a: Ninetales\n|-damage|p1a: Ninetales|0 fnt\n|faint|p1a: Ninetales\n|\n|-heal|p2a: Heatran|100\/100|[from] item: Leftovers\n|-damage|p1b: Roaring Moon|60\/100 brn|[from] brn\n|-sideend|p1: ScarsonaVGC|move: Tailwind\n|upkeep\n|\n|t:|1700150959\n|switch|p1a: Iron Hands|Iron Hands, L50|100\/100\n|turn|15\n|\n|t:|1700150984\n|switch|p2b: Landorus|Landorus-Therian, L50, M|100\/100\n|-ability|p2b: Landorus|Intimidate|boost\n|-unboost|p1a: Iron Hands|atk|1\n|-unboost|p1b: Roaring Moon|atk|1\n|move|p2a: Heatran|Protect|p2a: Heatran\n|-singleturn|p2a: Heatran|Protect\n|move|p1b: Roaring Moon|Acrobatics|p2b: Landorus\n|-damage|p2b: Landorus|90\/100\n|move|p1a: Iron Hands|Heavy Slam|p2b: Landorus\n|-damage|p2b: Landorus|59\/100\n|\n|-damage|p1b: Roaring Moon|54\/100 brn|[from] brn\n|upkeep\n|turn|16\n|c|\u2606ScarsonaVGC|vabbe questa \u00e8 una lenta lose\n|c|\u2606ScarsonaVGC|passiamo alla prossima?\n|c|\u2606NikyuAlex|se ti va\n|c|\u2606NikyuAlex|lol\n|\n|t:|1700151027\n|move|p1b: Roaring Moon|Throat Chop|p2b: Landorus\n|-damage|p2b: Landorus|46\/100\n|-start|p2b: Landorus|Throat Chop|[silent]\n|move|p2b: Landorus|U-turn|p1b: Roaring Moon\n|-supereffective|p1b: Roaring Moon\n|-damage|p1b: Roaring Moon|0 fnt\n|faint|p1b: Roaring Moon\n|-end|p1b: Roaring Moon|Protosynthesis|[silent]\n|c|\u2606NikyuAlex|non posso forfeittare al posto tuo\n|\n|t:|1700151034\n|switch|p2b: Amoonguss|Amoonguss, L50, M|56\/100|[from] U-turn\n|move|p2a: Heatran|Will-O-Wisp|p1a: Iron Hands|[miss]\n|-miss|p2a: Heatran|p1a: Iron Hands\n|move|p1a: Iron Hands|Heavy Slam|p2b: Amoonguss\n|-damage|p2b: Amoonguss|37\/100\n|-damage|p1a: Iron Hands|84\/100|[from] item: Rocky Helmet|[of] p2b: Amoonguss\n|\n|upkeep\n|turn|17\n|-message|ScarsonaVGC forfeited.\n|\n|win|NikyuAlex\n|l|\u2606ScarsonaVGC\n|c|&|\/uhtml prompt-nikyualex,NikyuAlex is ready for game 2!\n|c|&|\/uhtml prompt-scarsonavgc,ScarsonaVGC is ready for game 2!\nBoth players are ready! Starting next match!\n","uploadtime":1700151602,"views":23,"p1id":"scarsonavgc","p2id":"nikyualex","formatid":"gen9vgc2023regulatione","rating":0,"private":0,"password":""}