{"id":"gen9vgc2023regulatione-1998164341","p1":"anotherhito","p2":"CharlienoB","format":"[Gen 9] VGC 2023 Regulation E","log":"|j|\u2606anotherhito\n|j|\u2606CharlienoB\n|t:|1700904162\n|gametype|doubles\n|player|p1|anotherhito|170|1028\n|player|p2|CharlienoB|2|1126\n|teamsize|p1|6\n|teamsize|p2|6\n|gen|9\n|tier|[Gen 9] VGC 2023 Regulation E\n|rated|\n|rule|Species Clause: Limit one of each Pok\u00e9mon\n|rule|Item Clause: Limit one of each item\n|clearpoke\n|poke|p1|Azumarill, L50, F|\n|poke|p1|Jumpluff, L50, M|\n|poke|p1|Farigiraf, L50, M|\n|poke|p1|Braviary-Hisui, L50, M|\n|poke|p1|Pachirisu, L50, F|\n|poke|p1|Sneasel, L50, M|\n|poke|p2|Cetitan, L50, F|\n|poke|p2|Ninetales-Alola, L50, F|\n|poke|p2|Amoonguss, L50, M|\n|poke|p2|Heatran, L50, F|\n|poke|p2|Clawitzer, L50, M|\n|poke|p2|Iron Hands, L50|\n|teampreview|4\n|\n|t:|1700904202\n|start\n|switch|p1a: Jumpluff|Jumpluff, L50, M|100\/100\n|switch|p1b: Sneasel|Sneasel, L50, M|100\/100\n|switch|p2a: Iron Hands|Iron Hands, L50|100\/100\n|switch|p2b: Ninetales|Ninetales-Alola, L50, F|100\/100\n|-weather|Snow|[from] ability: Snow Warning|[of] p2b: Ninetales\n|turn|1\n|\n|t:|1700904219\n|move|p2b: Ninetales|Protect|p2b: Ninetales\n|-singleturn|p2b: Ninetales|Protect\n|move|p1b: Sneasel|Fake Out|p2a: Iron Hands\n|-damage|p2a: Iron Hands|93\/100\n|cant|p2a: Iron Hands|flinch\n|move|p1a: Jumpluff|Sleep Powder|p2b: Ninetales\n|-activate|p2b: Ninetales|move: Protect\n|\n|-weather|Snow|[upkeep]\n|upkeep\n|turn|2\n|\n|t:|1700904235\n|move|p1b: Sneasel|Swords Dance|p1b: Sneasel\n|-boost|p1b: Sneasel|atk|2\n|move|p1a: Jumpluff|Sleep Powder|p2a: Iron Hands\n|-status|p2a: Iron Hands|slp|[from] move: Sleep Powder\n|move|p2b: Ninetales|Aurora Veil|p2b: Ninetales\n|-sidestart|p2: CharlienoB|move: Aurora Veil\n|cant|p2a: Iron Hands|slp\n|\n|-weather|Snow|[upkeep]\n|upkeep\n|turn|3\n|\n|t:|1700904256\n|-end|p2a: Iron Hands|Quark Drive|[silent]\n|switch|p2a: Cetitan|Cetitan, L50, F|100\/100\n|move|p1b: Sneasel|Knock Off|p2b: Ninetales\n|-resisted|p2b: Ninetales\n|-damage|p2b: Ninetales|74\/100\n|-enditem|p2b: Ninetales|Light Clay|[from] move: Knock Off|[of] p1b: Sneasel\n|move|p1a: Jumpluff|Sleep Powder|p2b: Ninetales\n|-status|p2b: Ninetales|slp|[from] move: Sleep Powder\n|cant|p2b: Ninetales|slp\n|\n|-weather|Snow|[upkeep]\n|upkeep\n|turn|4\n|\n|t:|1700904271\n|move|p2a: Cetitan|Belly Drum|p2a: Cetitan\n|-damage|p2a: Cetitan|50\/100\n|-setboost|p2a: Cetitan|atk|6|[from] move: Belly Drum\n|-enditem|p2a: Cetitan|Sitrus Berry|[eat]\n|-heal|p2a: Cetitan|75\/100|[from] item: Sitrus Berry\n|move|p1b: Sneasel|Knock Off|p2a: Cetitan\n|-damage|p2a: Cetitan|55\/100\n|move|p1a: Jumpluff|Strength Sap|p2a: Cetitan\n|-unboost|p2a: Cetitan|atk|1\n|cant|p2b: Ninetales|slp\n|\n|-weather|Snow|[upkeep]\n|upkeep\n|turn|5\n|inactive|Battle timer is ON: inactive players will automatically lose when time's up. (requested by CharlienoB)\n|\n|t:|1700904320\n|move|p2a: Cetitan|Ice Shard|p1a: Jumpluff\n|-supereffective|p1a: Jumpluff\n|-enditem|p1a: Jumpluff|Focus Sash\n|-damage|p1a: Jumpluff|1\/100\n|move|p1b: Sneasel|Icicle Crash|p2a: Cetitan\n|-resisted|p2a: Cetitan\n|-damage|p2a: Cetitan|44\/100\n|move|p1a: Jumpluff|Pollen Puff|p2a: Cetitan\n|-damage|p2a: Cetitan|35\/100\n|cant|p2b: Ninetales|slp\n|\n|-weather|none\n|upkeep\n|turn|6\n|inactive|CharlienoB has 30 seconds left.\n|\n|t:|1700904345\n|move|p2a: Cetitan|Ice Shard|p1b: Sneasel\n|-resisted|p1b: Sneasel\n|-damage|p1b: Sneasel|31\/100\n|move|p1b: Sneasel|Knock Off|p2a: Cetitan\n|-damage|p2a: Cetitan|6\/100\n|move|p1a: Jumpluff|Strength Sap|p2a: Cetitan\n|-unboost|p2a: Cetitan|atk|1\n|-heal|p1a: Jumpluff|100\/100\n|-curestatus|p2b: Ninetales|slp|[msg]\n|move|p2b: Ninetales|Blizzard|p1a: Jumpluff|[spread] \n|-miss|p2b: Ninetales|p1a: Jumpluff\n|-miss|p2b: Ninetales|p1b: Sneasel\n|\n|upkeep\n|turn|7\n|\n|t:|1700904370\n|switch|p2b: Heatran|Heatran, L50, F|100\/100\n|move|p2a: Cetitan|Ice Shard|p1a: Jumpluff\n|-supereffective|p1a: Jumpluff\n|-damage|p1a: Jumpluff|0 fnt\n|faint|p1a: Jumpluff\n|move|p1b: Sneasel|Knock Off|p2a: Cetitan\n|-damage|p2a: Cetitan|0 fnt\n|faint|p2a: Cetitan\n|\n|upkeep\n|\n|t:|1700904378\n|switch|p1a: Pachirisu|Pachirisu, L50, F|100\/100\n|switch|p2a: Ninetales|Ninetales-Alola, L50, F|74\/100\n|-weather|Snow|[from] ability: Snow Warning|[of] p2a: Ninetales\n|turn|8\n|\n|t:|1700904392\n|move|p1b: Sneasel|Knock Off|p2a: Ninetales\n|-resisted|p2a: Ninetales\n|-damage|p2a: Ninetales|56\/100\n|move|p2a: Ninetales|Blizzard|p1a: Pachirisu|[spread] p1a,p1b\n|-resisted|p1b: Sneasel\n|-damage|p1a: Pachirisu|70\/100\n|-damage|p1b: Sneasel|6\/100\n|move|p1a: Pachirisu|Nuzzle|p2b: Heatran\n|-damage|p2b: Heatran|98\/100\n|-status|p2b: Heatran|par\n|cant|p2b: Heatran|par\n|\n|-weather|Snow|[upkeep]\n|-heal|p2b: Heatran|100\/100 par|[from] item: Leftovers\n|upkeep\n|turn|9\n|\n|t:|1700904410\n|move|p1b: Sneasel|Icicle Crash|p2a: Ninetales\n|-resisted|p2a: Ninetales\n|-damage|p2a: Ninetales|32\/100\n|cant|p2a: Ninetales|flinch\n|move|p1a: Pachirisu|Super Fang|p2a: Ninetales\n|-damage|p2a: Ninetales|17\/100\n|cant|p2b: Heatran|par\n|\n|-weather|Snow|[upkeep]\n|-sideend|p2: CharlienoB|move: Aurora Veil\n|upkeep\n|turn|10\n|\n|t:|1700904424\n|move|p1b: Sneasel|Knock Off|p2a: Ninetales\n|-resisted|p2a: Ninetales\n|-damage|p2a: Ninetales|0 fnt\n|faint|p2a: Ninetales\n|move|p1a: Pachirisu|Super Fang|p2b: Heatran\n|-damage|p2b: Heatran|50\/100 par\n|cant|p2b: Heatran|par\n|\n|-weather|Snow|[upkeep]\n|-heal|p2b: Heatran|57\/100 par|[from] item: Leftovers\n|upkeep\n|\n|t:|1700904435\n|switch|p2a: Iron Hands|Iron Hands, L50|93\/100 slp\n|turn|11\n|\n|t:|1700904445\n|-terastallize|p2b: Heatran|Fairy\n|cant|p2a: Iron Hands|slp\n|move|p1b: Sneasel|Icicle Crash|p2b: Heatran\n|-damage|p2b: Heatran|0 fnt\n|faint|p2b: Heatran\n|move|p1a: Pachirisu|Super Fang|p2a: Iron Hands\n|-damage|p2a: Iron Hands|47\/100 slp\n|\n|-weather|Snow|[upkeep]\n|upkeep\n|turn|12\n|-message|CharlienoB forfeited.\n|\n|win|anotherhito\n|raw|anotherhito's rating: 1028 &rarr; <strong>1074<\/strong><br \/>(+46 for winning)\n|raw|CharlienoB's rating: 1126 &rarr; <strong>1094<\/strong><br \/>(-32 for losing)\n|l|\u2606CharlienoB\n","uploadtime":1700904503,"views":7,"p1id":"anotherhito","p2id":"charlienob","formatid":"gen9vgc2023regulatione","rating":1074,"private":0,"password":""}