{"id":"gen9vgc2023regulatione-1991363996","p1":"IIAkashiII","p2":"Glitzky","format":"[Gen 9] VGC 2023 Regulation E","log":"|j|\u2606IIAkashiII\n|j|\u2606Glitzky\n|t:|1700070950\n|gametype|doubles\n|player|p1|IIAkashiII|hilbert-wonderlauncher|1387\n|player|p2|Glitzky|fisherman-gen4|1411\n|teamsize|p1|6\n|teamsize|p2|6\n|gen|9\n|tier|[Gen 9] VGC 2023 Regulation E\n|rated|\n|rule|Species Clause: Limit one of each Pok\u00e9mon\n|rule|Item Clause: Limit one of each item\n|clearpoke\n|poke|p1|Tornadus, L50, M|\n|poke|p1|Arcanine-Hisui, L50, M|\n|poke|p1|Iron Hands, L50|\n|poke|p1|Urshifu-*, L50, F|\n|poke|p1|Sinistcha, L50|\n|poke|p1|Chien-Pao, L50|\n|poke|p2|Arcanine-Hisui, L50, F|\n|poke|p2|Tornadus, L50, M|\n|poke|p2|Urshifu-*, L50, F|\n|poke|p2|Iron Hands, L50|\n|poke|p2|Flutter Mane, L50|\n|poke|p2|Chien-Pao, L50|\n|teampreview|4\n|inactive|Battle timer is ON: inactive players will automatically lose when time's up. (requested by Glitzky)\n|inactive|IIAkashiII has 60 seconds left.\n|\n|t:|1700070991\n|start\n|switch|p1a: Tornadus|Tornadus, L50, M|100\/100\n|switch|p1b: Arcanine|Arcanine-Hisui, L50, M|100\/100\n|switch|p2a: Tornadus|Tornadus, L50, M|100\/100\n|switch|p2b: Flutter Mane|Flutter Mane, L50|100\/100\n|-ability|p1b: Arcanine|Intimidate|boost\n|-unboost|p2a: Tornadus|atk|1\n|-unboost|p2b: Flutter Mane|atk|1\n|turn|1\n|\n|t:|1700071009\n|switch|p2a: Urshifu|Urshifu-Rapid-Strike, L50, F|100\/100\n|-terastallize|p2b: Flutter Mane|Fairy\n|move|p1a: Tornadus|Taunt|p2a: Urshifu\n|-start|p2a: Urshifu|move: Taunt\n|move|p2b: Flutter Mane|Moonblast|p1a: Tornadus\n|-damage|p1a: Tornadus|0 fnt\n|faint|p1a: Tornadus\n|move|p1b: Arcanine|Flare Blitz|p2b: Flutter Mane\n|-damage|p2b: Flutter Mane|0 fnt\n|faint|p2b: Flutter Mane\n|-end|p2b: Flutter Mane|Protosynthesis|[silent]\n|-damage|p1b: Arcanine|74\/100|[from] Recoil\n|\n|upkeep\n|\n|t:|1700071025\n|switch|p2b: Arcanine|Arcanine-Hisui, L50, F|100\/100\n|switch|p1a: Iron Hands|Iron Hands, L50|100\/100\n|-ability|p2b: Arcanine|Intimidate|boost\n|-fail|p1a: Iron Hands|unboost|[from] item: Clear Amulet|[of] p1a: Iron Hands\n|-unboost|p1b: Arcanine|atk|1\n|turn|2\n|\n|t:|1700071047\n|switch|p1b: Urshifu|Urshifu-Rapid-Strike, L50, F|100\/100\n|move|p2a: Urshifu|Surging Strikes|p1b: Urshifu\n|-resisted|p1b: Urshifu\n|-crit|p1b: Urshifu\n|-damage|p1b: Urshifu|90\/100\n|-resisted|p1b: Urshifu\n|-crit|p1b: Urshifu\n|-damage|p1b: Urshifu|80\/100\n|-resisted|p1b: Urshifu\n|-crit|p1b: Urshifu\n|-damage|p1b: Urshifu|69\/100\n|-hitcount|p1b: Urshifu|3\n|move|p2b: Arcanine|Rock Slide|p1a: Iron Hands|[spread] p1a,p1b\n|-resisted|p1a: Iron Hands\n|-resisted|p1b: Urshifu\n|-damage|p1a: Iron Hands|85\/100\n|-damage|p1b: Urshifu|48\/100\n|cant|p1a: Iron Hands|flinch\n|\n|upkeep\n|turn|3\n|inactive|Glitzky has 30 seconds left.\n|\n|t:|1700071082\n|switch|p2b: Tornadus|Tornadus, L50, M|100\/100\n|move|p1b: Urshifu|Aqua Jet|p2b: Tornadus\n|-damage|p2b: Tornadus|74\/100\n|move|p2a: Urshifu|Surging Strikes|p1b: Urshifu\n|-resisted|p1b: Urshifu\n|-crit|p1b: Urshifu\n|-damage|p1b: Urshifu|37\/100\n|-resisted|p1b: Urshifu\n|-crit|p1b: Urshifu\n|-damage|p1b: Urshifu|27\/100\n|-resisted|p1b: Urshifu\n|-crit|p1b: Urshifu\n|-damage|p1b: Urshifu|17\/100\n|-hitcount|p1b: Urshifu|3\n|move|p1a: Iron Hands|Wild Charge|p2a: Urshifu\n|-supereffective|p2a: Urshifu\n|-damage|p2a: Urshifu|0 fnt\n|faint|p2a: Urshifu\n|-damage|p1a: Iron Hands|66\/100|[from] Recoil\n|\n|upkeep\n|\n|t:|1700071089\n|switch|p2a: Arcanine|Arcanine-Hisui, L50, F|100\/100\n|-ability|p2a: Arcanine|Intimidate|boost\n|-fail|p1a: Iron Hands|unboost|[from] item: Clear Amulet|[of] p1a: Iron Hands\n|-unboost|p1b: Urshifu|atk|1\n|turn|4\n|\n|t:|1700071110\n|move|p1b: Urshifu|Aqua Jet|p2a: Arcanine\n|-supereffective|p2a: Arcanine\n|-crit|p2a: Arcanine\n|-damage|p2a: Arcanine|0 fnt\n|faint|p2a: Arcanine\n|move|p2b: Tornadus|Bleakwind Storm|p1b: Urshifu|[spread] p1a,p1b\n|-supereffective|p1b: Urshifu\n|-damage|p1a: Iron Hands|33\/100\n|-damage|p1b: Urshifu|0 fnt\n|faint|p1b: Urshifu\n|move|p1a: Iron Hands|Close Combat|p2b: Tornadus\n|-resisted|p2b: Tornadus\n|-damage|p2b: Tornadus|31\/100\n|-unboost|p1a: Iron Hands|def|1\n|-unboost|p1a: Iron Hands|spd|1\n|\n|upkeep\n|\n|t:|1700071123\n|switch|p1b: Arcanine|Arcanine-Hisui, L50, M|74\/100\n|-ability|p1b: Arcanine|Intimidate|boost\n|-unboost|p2b: Tornadus|atk|1\n|turn|5\n|\n|t:|1700071131\n|move|p1b: Arcanine|Extreme Speed|p2b: Tornadus\n|-damage|p2b: Tornadus|0 fnt\n|faint|p2b: Tornadus\n|\n|win|IIAkashiII\n|raw|IIAkashiII's rating: 1387 &rarr; <strong>1408<\/strong><br \/>(+21 for winning)\n|raw|Glitzky's rating: 1411 &rarr; <strong>1390<\/strong><br \/>(-21 for losing)\n","uploadtime":1700071139,"views":19,"p1id":"iiakashiii","p2id":"glitzky","formatid":"gen9vgc2023regulatione","rating":1390,"private":0,"password":""}