{"id":"gen9vgc2023regulatione-1989217816","p1":"Pepenumbra","p2":"Vengeful potato","format":"[Gen 9] VGC 2023 Regulation E","log":"|j|\u2606Pepenumbra\n|j|\u2606Vengeful potato\n|t:|1699824558\n|gametype|doubles\n|player|p1|Pepenumbra|emmet|1467\n|player|p2|Vengeful potato|170|1605\n|teamsize|p1|6\n|teamsize|p2|6\n|gen|9\n|tier|[Gen 9] VGC 2023 Regulation E\n|rated|\n|rule|Species Clause: Limit one of each Pok\u00e9mon\n|rule|Item Clause: Limit one of each item\n|clearpoke\n|poke|p1|Ogerpon-Wellspring, L50, F|\n|poke|p1|Landorus-Therian, L50, M|\n|poke|p1|Iron Hands, L50|\n|poke|p1|Roaring Moon, L50|\n|poke|p1|Weezing, L50, F|\n|poke|p1|Flutter Mane, L50|\n|poke|p2|Articuno-Galar, L50|\n|poke|p2|Maushold, L50|\n|poke|p2|Urshifu-*, L50, F|\n|poke|p2|Sinistcha-Masterpiece, L50|\n|poke|p2|Heatran, L50, F|\n|poke|p2|Regidrago, L50|\n|teampreview|4\n|\n|t:|1699824606\n|start\n|switch|p1a: Flutter Mane|Flutter Mane, L50|100\/100\n|switch|p1b: Thick Hands|Iron Hands, L50, shiny|100\/100\n|switch|p2a: The Rizzler\ud83d\ude31\ud83d\udcaf\ud83d\udde3\ufe0f|Articuno-Galar, L50, shiny|100\/100\n|switch|p2b: Despereaux|Maushold, L50, shiny|100\/100\n|turn|1\n|\n|t:|1699824621\n|move|p1b: Thick Hands|Fake Out|p2a: The Rizzler\ud83d\ude31\ud83d\udcaf\ud83d\udde3\ufe0f\n|-damage|p2a: The Rizzler\ud83d\ude31\ud83d\udcaf\ud83d\udde3\ufe0f|90\/100\n|move|p2b: Despereaux|Follow Me|p2b: Despereaux\n|-singleturn|p2b: Despereaux|move: Follow Me\n|move|p1a: Flutter Mane|Thunderbolt|p2b: Despereaux\n|-crit|p2b: Despereaux\n|-damage|p2b: Despereaux|19\/100\n|-status|p2b: Despereaux|par\n|move|p2a: The Rizzler\ud83d\ude31\ud83d\udcaf\ud83d\udde3\ufe0f|Tailwind|p2a: The Rizzler\ud83d\ude31\ud83d\udcaf\ud83d\udde3\ufe0f\n|-sidestart|p2: Vengeful potato|move: Tailwind\n|\n|upkeep\n|turn|2\n|\n|t:|1699824635\n|move|p2a: The Rizzler\ud83d\ude31\ud83d\udcaf\ud83d\udde3\ufe0f|Air Slash|p1a: Flutter Mane\n|-damage|p1a: Flutter Mane|65\/100\n|cant|p1a: Flutter Mane|flinch\n|move|p2b: Despereaux|Super Fang|p1b: Thick Hands\n|-damage|p1b: Thick Hands|51\/100\n|move|p1b: Thick Hands|Wild Charge|p2a: The Rizzler\ud83d\ude31\ud83d\udcaf\ud83d\udde3\ufe0f\n|-supereffective|p2a: The Rizzler\ud83d\ude31\ud83d\udcaf\ud83d\udde3\ufe0f\n|-damage|p2a: The Rizzler\ud83d\ude31\ud83d\udcaf\ud83d\udde3\ufe0f|27\/100\n|-damage|p1b: Thick Hands|38\/100|[from] Recoil\n|\n|upkeep\n|turn|3\n|\n|t:|1699824649\n|move|p2b: Despereaux|Follow Me|p2b: Despereaux\n|-singleturn|p2b: Despereaux|move: Follow Me\n|move|p2a: The Rizzler\ud83d\ude31\ud83d\udcaf\ud83d\udde3\ufe0f|Freezing Glare|p1b: Thick Hands\n|-supereffective|p1b: Thick Hands\n|-damage|p1b: Thick Hands|0 fnt\n|faint|p1b: Thick Hands\n|-end|p1b: Thick Hands|Quark Drive|[silent]\n|move|p1a: Flutter Mane|Thunderbolt|p2b: Despereaux\n|-crit|p2b: Despereaux\n|-damage|p2b: Despereaux|0 fnt\n|faint|p2b: Despereaux\n|\n|upkeep\n|\n|t:|1699824659\n|switch|p2b: Notorious T.E.A.|Sinistcha-Masterpiece, L50|100\/100\n|switch|p1b: Freddie Mercury|Landorus-Therian, L50, M|100\/100\n|-ability|p1b: Freddie Mercury|Intimidate|boost\n|-unboost|p2a: The Rizzler\ud83d\ude31\ud83d\udcaf\ud83d\udde3\ufe0f|atk|1\n|-ability|p2a: The Rizzler\ud83d\ude31\ud83d\udcaf\ud83d\udde3\ufe0f|Competitive|boost\n|-boost|p2a: The Rizzler\ud83d\ude31\ud83d\udcaf\ud83d\udde3\ufe0f|spa|2\n|-unboost|p2b: Notorious T.E.A.|atk|1\n|-heal|p2a: The Rizzler\ud83d\ude31\ud83d\udcaf\ud83d\udde3\ufe0f|52\/100|[from] ability: Hospitality|[of] p2b: Notorious T.E.A.\n|turn|4\n|\n|t:|1699824697\n|-terastallize|p2b: Notorious T.E.A.|Water\n|move|p2a: The Rizzler\ud83d\ude31\ud83d\udcaf\ud83d\udde3\ufe0f|Freezing Glare|p1a: Flutter Mane\n|-damage|p1a: Flutter Mane|0 fnt\n|faint|p1a: Flutter Mane\n|-end|p1a: Flutter Mane|Protosynthesis|[silent]\n|move|p1b: Freddie Mercury|Rock Slide|p2b: Notorious T.E.A.|[spread] p2a,p2b\n|-supereffective|p2a: The Rizzler\ud83d\ude31\ud83d\udcaf\ud83d\udde3\ufe0f\n|-damage|p2a: The Rizzler\ud83d\ude31\ud83d\udcaf\ud83d\udde3\ufe0f|13\/100\n|-damage|p2b: Notorious T.E.A.|79\/100\n|move|p2b: Notorious T.E.A.|Scald|p1b: Freddie Mercury\n|-supereffective|p1b: Freddie Mercury\n|-damage|p1b: Freddie Mercury|0 fnt\n|faint|p1b: Freddie Mercury\n|\n|-sideend|p2: Vengeful potato|move: Tailwind\n|upkeep\n|\n|t:|1699824711\n|switch|p1a: Roaring Moon|Roaring Moon, L50|100\/100\n|-enditem|p1a: Roaring Moon|Booster Energy\n|-activate|p1a: Roaring Moon|ability: Protosynthesis|[fromitem]\n|-start|p1a: Roaring Moon|protosynthesisspe\n|turn|5\n|\n|t:|1699824717\n|move|p2b: Notorious T.E.A.|Rage Powder|p2b: Notorious T.E.A.\n|-singleturn|p2b: Notorious T.E.A.|move: Rage Powder\n|move|p1a: Roaring Moon|Tailwind|p1a: Roaring Moon\n|-sidestart|p1: Pepenumbra|move: Tailwind\n|move|p2a: The Rizzler\ud83d\ude31\ud83d\udcaf\ud83d\udde3\ufe0f|Trick Room|p2a: The Rizzler\ud83d\ude31\ud83d\udcaf\ud83d\udde3\ufe0f\n|-fieldstart|move: Trick Room|[of] p2a: The Rizzler\ud83d\ude31\ud83d\udcaf\ud83d\udde3\ufe0f\n|\n|upkeep\n|turn|6\n|-message|Pepenumbra forfeited.\n|\n|win|Vengeful potato\n|raw|Pepenumbra's rating: 1467 &rarr; <strong>1455<\/strong><br \/>(-12 for losing)\n|raw|Vengeful potato's rating: 1605 &rarr; <strong>1617<\/strong><br \/>(+12 for winning)\n|l|\u2606Pepenumbra\n|c|\u2606Vengeful potato|Gg\n","uploadtime":1699824732,"views":13,"p1id":"pepenumbra","p2id":"vengefulpotato","formatid":"gen9vgc2023regulatione","rating":1455,"private":0,"password":""}