{"id":"gen9vgc2023regulatione-1997894007","p1":"vivian20","p2":"xingshen","format":"[Gen 9] VGC 2023 Regulation E","log":"|j|\u2606vivian20\n|j|\u2606xingshen\n|t:|1700864580\n|gametype|doubles\n|player|p1|vivian20|169|1256\n|player|p2|xingshen|102|1222\n|teamsize|p1|6\n|teamsize|p2|6\n|gen|9\n|tier|[Gen 9] VGC 2023 Regulation E\n|rated|\n|rule|Species Clause: Limit one of each Pok\u00e9mon\n|rule|Item Clause: Limit one of each item\n|clearpoke\n|poke|p1|Ninetales-Alola, L50, F|\n|poke|p1|Iron Bundle, L50|\n|poke|p1|Urshifu-*, L50, F|\n|poke|p1|Indeedee-F, L50, F|\n|poke|p1|Tornadus, L50, M|\n|poke|p1|Armarouge, L50, M|\n|poke|p2|Dondozo, L50, M|\n|poke|p2|Dragapult, L50, M|\n|poke|p2|Urshifu-*, L50, F|\n|poke|p2|Amoonguss, L50, F|\n|poke|p2|Tatsugiri, L50, M|\n|poke|p2|Ogerpon-Cornerstone, L50, F|\n|teampreview|4\nvivian20 has agreed to open team sheets.\n|inactive|Battle timer is ON: inactive players will automatically lose when time's up. (requested by xingshen)\n|\n|t:|1700864630\n|start\n|switch|p1a: Indeedee|Indeedee-F, L50, F|100\/100\n|switch|p1b: Armarouge|Armarouge, L50, M|100\/100\n|switch|p2a: Dondozo|Dondozo, L50, M|100\/100\n|switch|p2b: Urshifu|Urshifu, L50, F|100\/100\n|-fieldstart|move: Psychic Terrain|[from] ability: Psychic Surge|[of] p1a: Indeedee\n|turn|1\n|\n|t:|1700864655\n|-terastallize|p1a: Indeedee|Fairy\n|move|p1b: Armarouge|Endure|p1b: Armarouge\n|-singleturn|p1b: Armarouge|move: Endure\n|move|p2a: Dondozo|Protect|p2a: Dondozo\n|-singleturn|p2a: Dondozo|Protect\n|move|p2b: Urshifu|Taunt|p1a: Indeedee\n|-start|p1a: Indeedee|move: Taunt\n|move|p1a: Indeedee|Dazzling Gleam|p2a: Dondozo|[spread] p2b\n|-activate|p2a: Dondozo|move: Protect\n|-supereffective|p2b: Urshifu\n|-enditem|p2b: Urshifu|Focus Sash\n|-damage|p2b: Urshifu|1\/100\n|\n|upkeep\n|turn|2\n|inactive|xingshen has 30 seconds left.\n|inactive|xingshen has 20 seconds left.\n|inactive|xingshen has 15 seconds left.\n|inactive|xingshen has 10 seconds left.\n|\n|t:|1700864702\n|switch|p2b: Tatsugiri|Tatsugiri, L50, M|100\/100\n|-activate|p2b: Tatsugiri|ability: Commander|[of] p2a: Dondozo\n|-boost|p2a: Dondozo|atk|2\n|-boost|p2a: Dondozo|spa|2\n|-boost|p2a: Dondozo|spe|2\n|-boost|p2a: Dondozo|def|2\n|-boost|p2a: Dondozo|spd|2\n|switch|p1b: Ninetales|Ninetales-Alola, L50, F|100\/100\n|-weather|Snow|[from] ability: Snow Warning|[of] p1b: Ninetales\n|move|p2a: Dondozo|Earthquake|p1b: Ninetales|[spread] p1a,p1b\n|-miss|p2a: Dondozo|p2b: Tatsugiri\n|-damage|p1a: Indeedee|61\/100\n|-damage|p1b: Ninetales|71\/100\n|move|p1a: Indeedee|Dazzling Gleam|p2a: Dondozo|[spread] p2a\n|-miss|p1a: Indeedee|p2b: Tatsugiri\n|-damage|p2a: Dondozo|91\/100\n|\n|-weather|Snow|[upkeep]\n|upkeep\n|turn|3\n|inactive|xingshen has 30 seconds left.\n|\n|t:|1700864731\n|switch|p1a: Tornadus|Tornadus, L50, M|100\/100\n|move|p1b: Ninetales|Aurora Veil|p1b: Ninetales\n|-sidestart|p1: vivian20|move: Aurora Veil\n|move|p2a: Dondozo|Wave Crash|p1b: Ninetales\n|-damage|p1b: Ninetales|15\/100\n|-damage|p2a: Dondozo|79\/100|[from] Recoil\n|\n|-weather|Snow|[upkeep]\n|upkeep\n|turn|4\n|inactive|vivian20 has 30 seconds left.\n|\n|t:|1700864759\n|switch|p1b: Indeedee|Indeedee-F, L50, F, tera:Fairy|61\/100\n|move|p2a: Dondozo|Protect|p2a: Dondozo\n|-singleturn|p2a: Dondozo|Protect\n|move|p1a: Tornadus|Bleakwind Storm|p2b: Tatsugiri|[spread] \n|-miss|p1a: Tornadus|p2b: Tatsugiri\n|-activate|p2a: Dondozo|move: Protect\n|\n|-weather|Snow|[upkeep]\n|upkeep\n|turn|5\n|\n|t:|1700864779\n|move|p2a: Dondozo|Wave Crash|p1b: Indeedee\n|-damage|p1b: Indeedee|0 fnt\n|-damage|p2a: Dondozo|62\/100|[from] item: Rocky Helmet|[of] p1b: Indeedee\n|faint|p1b: Indeedee\n|-damage|p2a: Dondozo|49\/100|[from] Recoil\n|move|p1a: Tornadus|Bleakwind Storm|p2b: Tatsugiri|[spread] \n|-miss|p1a: Tornadus|p2b: Tatsugiri\n|-miss|p1a: Tornadus|p2a: Dondozo\n|\n|-weather|Snow|[upkeep]\n|-fieldend|move: Psychic Terrain\n|upkeep\n|\n|t:|1700864795\n|switch|p1b: Armarouge|Armarouge, L50, M|100\/100\n|turn|6\n|\n|t:|1700864802\n|move|p2a: Dondozo|Protect|p2a: Dondozo\n|-singleturn|p2a: Dondozo|Protect\n|move|p1b: Armarouge|Endure|p1b: Armarouge\n|-singleturn|p1b: Armarouge|move: Endure\n|move|p1a: Tornadus|Tailwind|p1a: Tornadus\n|-sidestart|p1: vivian20|move: Tailwind\n|\n|-weather|none\n|upkeep\n|turn|7\n|\n|t:|1700864821\n|switch|p1b: Ninetales|Ninetales-Alola, L50, F|15\/100\n|-weather|Snow|[from] ability: Snow Warning|[of] p1b: Ninetales\n|move|p1a: Tornadus|Bleakwind Storm|p2a: Dondozo|[spread] \n|-miss|p1a: Tornadus|p2b: Tatsugiri\n|-miss|p1a: Tornadus|p2a: Dondozo\n|move|p2a: Dondozo|Yawn|p1b: Ninetales\n|-start|p1b: Ninetales|move: Yawn|[of] p2a: Dondozo\n|\n|-weather|Snow|[upkeep]\n|upkeep\n|turn|8\n|inactive|vivian20 has 30 seconds left.\n|inactive|vivian20 has 20 seconds left.\n|\n|t:|1700864857\n|move|p1b: Ninetales|Encore|p2a: Dondozo\n|-start|p2a: Dondozo|Encore\n|move|p1a: Tornadus|Bleakwind Storm|p2b: Tatsugiri|[spread] p2a\n|-miss|p1a: Tornadus|p2b: Tatsugiri\n|-damage|p2a: Dondozo|34\/100\n|move|p2a: Dondozo|Yawn||[still]\n|-fail|p2a: Dondozo\n|\n|-weather|Snow|[upkeep]\n|-end|p1b: Ninetales|move: Yawn|[silent]\n|-status|p1b: Ninetales|slp\n|upkeep\n|turn|9\n|\n|t:|1700864873\n|switch|p1b: Armarouge|Armarouge, L50, M|100\/100\n|move|p1a: Tornadus|Taunt|p2a: Dondozo\n|-immune|p2a: Dondozo|[from] ability: Oblivious\n|move|p2a: Dondozo|Yawn|p1a: Tornadus\n|-start|p1a: Tornadus|move: Yawn|[of] p2a: Dondozo\n|\n|-weather|Snow|[upkeep]\n|-sideend|p1: vivian20|move: Tailwind\n|upkeep\n|turn|10\n|\n|t:|1700864888\n|switch|p1a: Ninetales|Ninetales-Alola, L50, F|15\/100 slp\n|move|p2a: Dondozo|Yawn|p1b: Armarouge\n|-start|p1b: Armarouge|move: Yawn|[of] p2a: Dondozo\n|move|p1b: Armarouge|Expanding Force|p2a: Dondozo\n|-damage|p2a: Dondozo|12\/100\n|\n|-weather|Snow|[upkeep]\n|-end|p2a: Dondozo|Encore\n|-sideend|p1: vivian20|move: Aurora Veil\n|upkeep\n|turn|11\n|\n|t:|1700864906\n|switch|p1b: Tornadus|Tornadus, L50, M|100\/100\n|cant|p1a: Ninetales|slp\n|move|p2a: Dondozo|Earthquake|p1a: Ninetales|[spread] p1a\n|-miss|p2a: Dondozo|p2b: Tatsugiri\n|-immune|p1b: Tornadus\n|-crit|p1a: Ninetales\n|-damage|p1a: Ninetales|0 fnt\n|faint|p1a: Ninetales\n|\n|-weather|none\n|upkeep\n|\n|t:|1700864917\n|switch|p1a: Armarouge|Armarouge, L50, M|100\/100\n|turn|12\n|\n|t:|1700864929\n|move|p1b: Tornadus|Tailwind|p1b: Tornadus\n|-sidestart|p1: vivian20|move: Tailwind\n|move|p1a: Armarouge|Expanding Force|p2a: Dondozo\n|-damage|p2a: Dondozo|0 fnt\n|faint|p2a: Dondozo\n|\n|upkeep\n|\n|t:|1700864941\n|switch|p2a: Urshifu|Urshifu, L50, F|1\/100\n|turn|13\n|\n|t:|1700864961\n|-terastallize|p2a: Urshifu|Dark\n|move|p1a: Armarouge|Endure|p1a: Armarouge\n|-singleturn|p1a: Armarouge|move: Endure\n|move|p2a: Urshifu|Sucker Punch||[still]\n|-fail|p2a: Urshifu\n|move|p1b: Tornadus|Bleakwind Storm|p2a: Urshifu|[spread] p2a,p2b\n|-damage|p2a: Urshifu|0 fnt\n|-damage|p2b: Tatsugiri|56\/100\n|faint|p2a: Urshifu\n|move|p2b: Tatsugiri|Muddy Water|p1b: Tornadus|[spread] p1b\n|-miss|p2b: Tatsugiri|p1a: Armarouge\n|-damage|p1b: Tornadus|64\/100\n|\n|upkeep\n|\n|t:|1700864977\n|switch|p2a: Ogerpon|Ogerpon-Cornerstone, L50, F|100\/100\n|turn|14\n|\n|t:|1700864989\n|move|p1a: Armarouge|Endure|p1a: Armarouge\n|-singleturn|p1a: Armarouge|move: Endure\n|move|p2a: Ogerpon|Spiky Shield|p2a: Ogerpon\n|-singleturn|p2a: Ogerpon|move: Protect\n|move|p1b: Tornadus|Bleakwind Storm|p2a: Ogerpon|[spread] p2b\n|-activate|p2a: Ogerpon|move: Protect\n|-damage|p2b: Tatsugiri|17\/100\n|move|p2b: Tatsugiri|Muddy Water|p1a: Armarouge|[spread] p1a,p1b\n|-supereffective|p1a: Armarouge\n|-activate|p1a: Armarouge|move: Endure\n|-damage|p1a: Armarouge|1\/100\n|-damage|p1b: Tornadus|25\/100\n|-unboost|p1a: Armarouge|accuracy|1\n|-enditem|p1a: Armarouge|Weakness Policy\n|-boost|p1a: Armarouge|atk|2|[from] item: Weakness Policy\n|-boost|p1a: Armarouge|spa|2|[from] item: Weakness Policy\n|\n|upkeep\n|turn|15\n|inactive|xingshen has 30 seconds left.\n|inactive|xingshen has 20 seconds left.\n|inactive|xingshen has 15 seconds left.\n|inactive|xingshen has 10 seconds left.\n|\n|t:|1700865036\n|move|p1b: Tornadus|Bleakwind Storm|p2b: Tatsugiri|[spread] p2a\n|-miss|p1b: Tornadus|p2b: Tatsugiri\n|-damage|p2a: Ogerpon|64\/100\n|move|p1a: Armarouge|Stored Power|p2a: Ogerpon\n|-damage|p2a: Ogerpon|0 fnt\n|faint|p2a: Ogerpon\n|move|p2b: Tatsugiri|Muddy Water|p1b: Tornadus|[spread] p1b\n|-miss|p2b: Tatsugiri|p1a: Armarouge\n|-damage|p1b: Tornadus|0 fnt\n|faint|p1b: Tornadus\n|\n|-sideend|p1: vivian20|move: Tailwind\n|upkeep\n|turn|16\n|\n|t:|1700865053\n|move|p2b: Tatsugiri|Muddy Water|p1a: Armarouge\n|-supereffective|p1a: Armarouge\n|-damage|p1a: Armarouge|0 fnt\n|faint|p1a: Armarouge\n|\n|win|xingshen\n|raw|vivian20's rating: 1256 &rarr; <strong>1229<\/strong><br \/>(-27 for losing)\n|raw|xingshen's rating: 1222 &rarr; <strong>1249<\/strong><br \/>(+27 for winning)\n|l|\u2606vivian20\n","uploadtime":1700865065,"views":6,"p1id":"vivian20","p2id":"xingshen","formatid":"gen9vgc2023regulatione","rating":1229,"private":0,"password":""}