{"id":"gen9vgc2023regulatione-1999170953","p1":"Luckiest Ludicolo","p2":"Cruzer108","format":"[Gen 9] VGC 2023 Regulation E","log":"|j|\u2606Luckiest Ludicolo\n|j|\u2606Cruzer108\n|n|\u2606Luckiest Ludicolo|luckiestludicolo\n|n|\u2606Cruzer108|cruzer108\n|html|View the match progress at <a href=\"\/game-bestof3-gen9vgc2023regulatione-1999166118\">game-bestof3-gen9vgc2023regulatione-1999166118<\/a>\n|t:|1701041047\n|gametype|doubles\n|player|p1|Luckiest Ludicolo|pokemaniac|\n|player|p2|Cruzer108|giovanni|\n|teamsize|p1|6\n|teamsize|p2|6\n|gen|9\n|tier|[Gen 9] VGC 2023 Regulation E\n|rule|Species Clause: Limit one of each Pok\u00e9mon\n|rule|Item Clause: Limit one of each item\n|clearpoke\n|poke|p1|Ursaluna-Bloodmoon, L50, M|\n|poke|p1|Frosmoth, L50, M|\n|poke|p1|Gardevoir, L50, M|\n|poke|p1|Iron Jugulis, L50|\n|poke|p1|Ceruledge, L50, M|\n|poke|p1|Ogerpon, L50, F|\n|poke|p2|Iron Hands, L50|\n|poke|p2|Flutter Mane, L50|\n|poke|p2|Pachirisu, L50, F|\n|poke|p2|Greninja-*, L50, M|\n|poke|p2|Arcanine, L50, F|\n|poke|p2|Klefki, L50, F|\n|teampreview|4\n|j| ML Lacius\n|j| Squirly\n|c|\u2606Luckiest Ludicolo|glhf!\n|j| Salivadora\n|j| Omega_Jirachi\n|l| Squirly\n|c|\u2606Cruzer108|gl hf\n|j| LookItUpVGC\nCruzer108 rejected open team sheets.\n|j| Lkynmbr24\n|j| sleepzey\n|c|\u2606Cruzer108|i really dont wanna go 0-2\n|l| Salivadora\n|c| sleepzey|ew did they change flutter mane's sprite???\n|c| LookItUpVGC|they did\n|c|\u2606Cruzer108|they did?\n|\n|t:|1701041148\n|start\n|switch|p1a: Starlight|Gardevoir, L50, M|100\/100\n|switch|p1b: Promised Land|Ogerpon, L50, F|100\/100\n|switch|p2a: Amsa|Greninja, L50, M|100\/100\n|switch|p2b: Mango|Iron Hands, L50|100\/100\n|-ability|p1a: Starlight|Protean|[from] ability: Trace|[of] p2a: Amsa\n|turn|1\n|c|\u2606Cruzer108|I never noticed anything\n|c| sleepzey|it looks so bad\n|c| LookItUpVGC|first time i saw it i legitimately thought it was a misdreavus for a sec lol\n|c| Omega_Jirachi|it looks worse now\n|c|\u2606Cruzer108|ive always seen that...\n|c| LookItUpVGC|no the new sprite is worse\n|\n|t:|1701041253\n|move|p1b: Promised Land|Spiky Shield|p1b: Promised Land\n|-singleturn|p1b: Promised Land|move: Protect\n|move|p2b: Mango|Fake Out|p1b: Promised Land\n|-activate|p1b: Promised Land|move: Protect\n|-damage|p2b: Mango|88\/100|[from] Spiky Shield|[of] p1b: Promised Land\n|move|p2a: Amsa|Taunt|p1a: Starlight\n|-start|p2a: Amsa|typechange|Dark|[from] ability: Protean\n|-start|p1a: Starlight|move: Taunt\n|move|p1a: Starlight|Icy Wind|p2b: Mango|[spread] p2a,p2b\n|-start|p1a: Starlight|typechange|Ice|[from] ability: Protean\n|-damage|p2a: Amsa|72\/100\n|-damage|p2b: Mango|73\/100\n|-unboost|p2a: Amsa|spe|1\n|-unboost|p2b: Mango|spe|1\n|\n|upkeep\n|turn|2\n|j| Salivadora\n|\n|t:|1701041300\n|move|p1b: Promised Land|Encore|p2b: Mango\n|-start|p2b: Mango|Encore\n|move|p1a: Starlight|Moonblast|p2a: Amsa\n|-supereffective|p2a: Amsa\n|-damage|p2a: Amsa|0 fnt\n|faint|p2a: Amsa\n|move|p2b: Mango|Fake Out||[still]\n|-hint|Fake Out only works on your first turn out.\n|-fail|p2b: Mango\n|\n|upkeep\n|\n|t:|1701041304\n|switch|p2a: Leffen|Flutter Mane, L50|100\/100\n|-enditem|p2a: Leffen|Booster Energy\n|-activate|p2a: Leffen|ability: Protosynthesis|[fromitem]\n|-start|p2a: Leffen|protosynthesisspa\n|turn|3\n|c|\u2606Cruzer108|oh GREAT\n|c| Lkynmbr24|Gaming\n|c| Salivadora|Damn that is worse wtf\n|c| LookItUpVGC|right?\n|c| ML Lacius|compressed flutter\n|\n|t:|1701041331\n|-end|p2b: Mango|Quark Drive|[silent]\n|switch|p2b: Zain|Arcanine, L50, F|100\/100\n|-ability|p2b: Zain|Intimidate|boost\n|-unboost|p1a: Starlight|atk|1\n|-unboost|p1b: Promised Land|atk|1\n|-ability|p1b: Promised Land|Defiant|boost\n|-boost|p1b: Promised Land|atk|2\n|move|p2a: Leffen|Mystical Fire|p1b: Promised Land\n|-supereffective|p1b: Promised Land\n|-damage|p1b: Promised Land|37\/100\n|-unboost|p1b: Promised Land|spa|1\n|-ability|p1b: Promised Land|Defiant|boost\n|-boost|p1b: Promised Land|atk|2\n|-enditem|p1b: Promised Land|Sitrus Berry|[eat]\n|-heal|p1b: Promised Land|62\/100|[from] item: Sitrus Berry\n|move|p1b: Promised Land|Ivy Cudgel|p2a: Leffen\n|-crit|p2a: Leffen\n|-damage|p2a: Leffen|0 fnt\n|faint|p2a: Leffen\n|-end|p2a: Leffen|Protosynthesis|[silent]\n|move|p1a: Starlight|Icy Wind|p2b: Zain\n|-resisted|p2b: Zain\n|-damage|p2b: Zain|91\/100\n|-unboost|p2b: Zain|spe|1\n|\n|-end|p1a: Starlight|move: Taunt\n|upkeep\n|c| Lkynmbr24|Is... what what it looked like in our match LookIt?\n|\n|t:|1701041341\n|switch|p2a: Mango|Iron Hands, L50|73\/100\n|turn|4\n|c| LookItUpVGC|yes lmao\n|c| LookItUpVGC|that was my first time seeing it\n|c|\u2606Cruzer108|great im screwed\n|c|\u2606Cruzer108|WHY I try but every time\n|c| Salivadora|Who won that match anyways?\n|c| Lkynmbr24|It was the same back sprite for me, lmao\n|c| LookItUpVGC|interesting\n|c| LookItUpVGC|was v confused for the first few seconds\n|\n|t:|1701041386\n|move|p1b: Promised Land|Spiky Shield|p1b: Promised Land\n|-singleturn|p1b: Promised Land|move: Protect\n|move|p1a: Starlight|Reflect|p1a: Starlight\n|-sidestart|p1: Luckiest Ludicolo|Reflect\n|move|p2b: Zain|Flare Blitz|p1b: Promised Land\n|-activate|p1b: Promised Land|move: Protect\n|-damage|p2b: Zain|79\/100|[from] Spiky Shield|[of] p1b: Promised Land\n|move|p2a: Mango|Drain Punch|p1a: Starlight\n|-supereffective|p1a: Starlight\n|-damage|p1a: Starlight|20\/100\n|-heal|p2a: Mango|100\/100|[from] drain|[of] p1a: Starlight\n|\n|upkeep\n|turn|5\n|c| sleepzey|does ivy cudgel ko arcanine when its +3?\n|c|\u2606Luckiest Ludicolo|hell no\n|c| Omega_Jirachi|*no*\n|c|\u2606Cruzer108|im in the best group in the league and im getting smoked it hurts\n|c| LookItUpVGC|if it crits maybe\n|c| Omega_Jirachi|unless it crits\n|c| Salivadora|If it was a different type definitely\n|c|\u2606Cruzer108|IM trying here i have one of the best teams and I suck\n|\n|t:|1701041452\n|move|p1b: Promised Land|Ivy Cudgel|p2a: Mango\n|-damage|p2a: Mango|23\/100\n|-enditem|p2a: Mango|Sitrus Berry|[eat]\n|-heal|p2a: Mango|48\/100|[from] item: Sitrus Berry\n|move|p1a: Starlight|Icy Wind|p2a: Mango|[spread] p2a,p2b\n|-resisted|p2b: Zain\n|-damage|p2a: Mango|32\/100\n|-damage|p2b: Zain|71\/100\n|-unboost|p2a: Mango|spe|1\n|-unboost|p2b: Zain|spe|1\n|move|p2b: Zain|Flare Blitz|p1b: Promised Land\n|-supereffective|p1b: Promised Land\n|-damage|p1b: Promised Land|0 fnt\n|faint|p1b: Promised Land\n|-damage|p2b: Zain|48\/100|[from] Recoil\n|move|p2a: Mango|Ice Punch|p1a: Starlight\n|-resisted|p1a: Starlight\n|-damage|p1a: Starlight|6\/100\n|\n|upkeep\n|\n|t:|1701041474\n|switch|p1b: Ghost in the Moon|Ursaluna-Bloodmoon, L50, M|100\/100\n|turn|6\n|c| Salivadora|Ranked high in power rank \u2260 it\u2019s guaranteed to do well\n|c| Omega_Jirachi|^ me season 2\n|c|\u2606Cruzer108|ik ok\n|c|\u2606Cruzer108|i dont wanna suck this season\n|c| LookItUpVGC|wait we have power rankings?\n|\n|t:|1701041512\n|-terastallize|p1b: Ghost in the Moon|Poison\n|-terastallize|p2a: Mango|Flying\n|move|p1a: Starlight|Icy Wind|p2b: Zain|[spread] p2a,p2b\n|-supereffective|p2a: Mango\n|-resisted|p2b: Zain\n|-damage|p2a: Mango|0 fnt\n|-damage|p2b: Zain|41\/100\n|-unboost|p2b: Zain|spe|1\n|faint|p2a: Mango\n|-end|p2a: Mango|Quark Drive|[silent]\n|move|p1b: Ghost in the Moon|Hyper Voice|p2b: Zain\n|-damage|p2b: Zain|7\/100\n|move|p2b: Zain|Close Combat|p1b: Ghost in the Moon\n|-resisted|p1b: Ghost in the Moon\n|-damage|p1b: Ghost in the Moon|92\/100\n|-unboost|p2b: Zain|def|1\n|-unboost|p2b: Zain|spd|1\n|\n|-heal|p1b: Ghost in the Moon|98\/100|[from] item: Leftovers\n|upkeep\n|turn|7\n|c| ML Lacius|we do?\n|c| Lkynmbr24|Well only one done by Umby\n|j| Huxley187\n|\n|t:|1701041530\n|switch|p1a: Unchain the Light|Ceruledge, L50, M|100\/100\n|move|p2b: Zain|Extreme Speed|p1a: Unchain the Light\n|-immune|p1a: Unchain the Light\n|move|p1b: Ghost in the Moon|Earth Power|p2b: Zain\n|-supereffective|p2b: Zain\n|-damage|p2b: Zain|0 fnt\n|faint|p2b: Zain\n|\n|win|Luckiest Ludicolo\n|c| LookItUpVGC|wait where can i find that\n|c|\u2606Luckiest Ludicolo|gg!\n","uploadtime":1701041539,"views":19,"p1id":"luckiestludicolo","p2id":"cruzer108","formatid":"gen9vgc2023regulatione","rating":0,"private":0,"password":""}