{"id":"gen9vgc2023regulatione-1988731149","p1":"hvac goon","p2":"Vengeful potato","format":"[Gen 9] VGC 2023 Regulation E","log":"|j|\u2606hvac goon\n|j|\u2606Vengeful potato\n|t:|1699755973\n|gametype|doubles\n|player|p1|hvac goon|2|1521\n|player|p2|Vengeful potato|swimmer|1536\n|teamsize|p1|6\n|teamsize|p2|6\n|gen|9\n|tier|[Gen 9] VGC 2023 Regulation E\n|rated|\n|rule|Species Clause: Limit one of each Pok\u00e9mon\n|rule|Item Clause: Limit one of each item\n|clearpoke\n|poke|p1|Dondozo, L50, F|\n|poke|p1|Tatsugiri, L50, M|\n|poke|p1|Glimmora, L50, M|\n|poke|p1|Urshifu-*, L50, F|\n|poke|p1|Iron Bundle, L50|\n|poke|p1|Rillaboom, L50, F|\n|poke|p2|Articuno-Galar, L50|\n|poke|p2|Maushold, L50|\n|poke|p2|Urshifu-*, L50, F|\n|poke|p2|Sinistcha-Masterpiece, L50|\n|poke|p2|Heatran, L50, F|\n|poke|p2|Regidrago, L50|\n|teampreview|4\n|inactive|Battle timer is ON: inactive players will automatically lose when time's up. (requested by hvac goon)\nVengeful potato has agreed to open team sheets.\n|\n|t:|1699755996\n|start\n|switch|p1a: Rillaboom|Rillaboom, L50, F|100\/100\n|switch|p1b: Iron Bundle|Iron Bundle, L50|100\/100\n|switch|p2a: The Rizzler\ud83d\ude31\ud83d\udcaf\ud83d\udde3\ufe0f|Articuno-Galar, L50, shiny|100\/100\n|switch|p2b: Despereaux|Maushold, L50, shiny|100\/100\n|-fieldstart|move: Grassy Terrain|[from] ability: Grassy Surge|[of] p1a: Rillaboom\n|-enditem|p1b: Iron Bundle|Booster Energy\n|-activate|p1b: Iron Bundle|ability: Quark Drive|[fromitem]\n|-start|p1b: Iron Bundle|quarkdrivespe\n|turn|1\n|\n|t:|1699756020\n|move|p1a: Rillaboom|Fake Out|p2b: Despereaux\n|-damage|p2b: Despereaux|87\/100\n|-damage|p1a: Rillaboom|84\/100|[from] item: Rocky Helmet|[of] p2b: Despereaux\n|move|p1b: Iron Bundle|Freeze-Dry|p2a: The Rizzler\ud83d\ude31\ud83d\udcaf\ud83d\udde3\ufe0f\n|-supereffective|p2a: The Rizzler\ud83d\ude31\ud83d\udcaf\ud83d\udde3\ufe0f\n|-damage|p2a: The Rizzler\ud83d\ude31\ud83d\udcaf\ud83d\udde3\ufe0f|59\/100\n|cant|p2b: Despereaux|flinch\n|move|p2a: The Rizzler\ud83d\ude31\ud83d\udcaf\ud83d\udde3\ufe0f|Trick Room|p2a: The Rizzler\ud83d\ude31\ud83d\udcaf\ud83d\udde3\ufe0f\n|-fieldstart|move: Trick Room|[of] p2a: The Rizzler\ud83d\ude31\ud83d\udcaf\ud83d\udde3\ufe0f\n|\n|-heal|p1a: Rillaboom|90\/100|[from] Grassy Terrain\n|-heal|p2b: Despereaux|93\/100|[from] Grassy Terrain\n|upkeep\n|turn|2\n|inactive|hvac goon has 30 seconds left.\n|\n|t:|1699756045\n|switch|p1a: Dondozo|Dondozo, L50, F|100\/100\n|-end|p1b: Iron Bundle|Quark Drive|[silent]\n|switch|p1b: Tatsugiri|Tatsugiri, L50, M|100\/100\n|-activate|p1b: Tatsugiri|ability: Commander|[of] p1a: Dondozo\n|-boost|p1a: Dondozo|atk|2\n|-boost|p1a: Dondozo|spa|2\n|-boost|p1a: Dondozo|spe|2\n|-boost|p1a: Dondozo|def|2\n|-boost|p1a: Dondozo|spd|2\n|move|p2a: The Rizzler\ud83d\ude31\ud83d\udcaf\ud83d\udde3\ufe0f|Freezing Glare|p1b: Tatsugiri|[miss]\n|-miss|p2a: The Rizzler\ud83d\ude31\ud83d\udcaf\ud83d\udde3\ufe0f|p1b: Tatsugiri\n|move|p2b: Despereaux|Super Fang|p1a: Dondozo\n|-damage|p1a: Dondozo|50\/100\n|\n|-heal|p1a: Dondozo|57\/100|[from] Grassy Terrain\n|-heal|p1a: Dondozo|62\/100|[from] item: Leftovers\n|-heal|p2b: Despereaux|99\/100|[from] Grassy Terrain\n|upkeep\n|turn|3\n|j| Yagamoth\n|\n|t:|1699756061\n|move|p1a: Dondozo|Protect|p1a: Dondozo\n|-singleturn|p1a: Dondozo|Protect\n|move|p2a: The Rizzler\ud83d\ude31\ud83d\udcaf\ud83d\udde3\ufe0f|Freezing Glare|p1a: Dondozo\n|-activate|p1a: Dondozo|move: Protect\n|move|p2b: Despereaux|Taunt|p1a: Dondozo\n|-activate|p1a: Dondozo|move: Protect\n|\n|-heal|p1a: Dondozo|68\/100|[from] Grassy Terrain\n|-heal|p1a: Dondozo|74\/100|[from] item: Leftovers\n|-heal|p2b: Despereaux|100\/100|[from] Grassy Terrain\n|upkeep\n|turn|4\n|\n|t:|1699756073\n|move|p1a: Dondozo|Wave Crash|p2b: Despereaux\n|-damage|p2b: Despereaux|0 fnt\n|-damage|p1a: Dondozo|58\/100|[from] item: Rocky Helmet|[of] p2b: Despereaux\n|faint|p2b: Despereaux\n|-damage|p1a: Dondozo|34\/100|[from] Recoil\n|move|p2a: The Rizzler\ud83d\ude31\ud83d\udcaf\ud83d\udde3\ufe0f|Air Slash|p1a: Dondozo\n|-damage|p1a: Dondozo|18\/100\n|\n|-heal|p1a: Dondozo|24\/100|[from] Grassy Terrain\n|-heal|p1a: Dondozo|30\/100|[from] item: Leftovers\n|upkeep\n|inactive|Vengeful potato has 30 seconds left.\n|\n|t:|1699756104\n|switch|p2b: THE DRAGON BALL\ud83e\udd76|Regidrago, L50, shiny|100\/100\n|turn|5\n|\n|t:|1699756120\n|move|p2b: THE DRAGON BALL\ud83e\udd76|Protect|p2b: THE DRAGON BALL\ud83e\udd76\n|-singleturn|p2b: THE DRAGON BALL\ud83e\udd76|Protect\n|move|p1a: Dondozo|Protect|p1a: Dondozo\n|-singleturn|p1a: Dondozo|Protect\n|move|p2a: The Rizzler\ud83d\ude31\ud83d\udcaf\ud83d\udde3\ufe0f|Tailwind|p2a: The Rizzler\ud83d\ude31\ud83d\udcaf\ud83d\udde3\ufe0f\n|-sidestart|p2: Vengeful potato|move: Tailwind\n|\n|-heal|p1a: Dondozo|36\/100|[from] Grassy Terrain\n|-heal|p1a: Dondozo|42\/100|[from] item: Leftovers\n|-fieldend|move: Trick Room\n|-fieldend|move: Grassy Terrain\n|upkeep\n|turn|6\n|\n|t:|1699756131\n|move|p2a: The Rizzler\ud83d\ude31\ud83d\udcaf\ud83d\udde3\ufe0f|Freezing Glare|p1a: Dondozo\n|-damage|p1a: Dondozo|24\/100\n|move|p2b: THE DRAGON BALL\ud83e\udd76|Dragon Energy|p1b: Tatsugiri|[spread] p1a\n|-miss|p2b: THE DRAGON BALL\ud83e\udd76|p1b: Tatsugiri\n|-damage|p1a: Dondozo|0 fnt\n|faint|p1a: Dondozo\n|\n|upkeep\n|\n|t:|1699756142\n|switch|p1a: Rillaboom|Rillaboom, L50, F|90\/100\n|-fieldstart|move: Grassy Terrain|[from] ability: Grassy Surge|[of] p1a: Rillaboom\n|turn|7\n|\n|t:|1699756153\n|move|p2b: THE DRAGON BALL\ud83e\udd76|Protect|p2b: THE DRAGON BALL\ud83e\udd76\n|-singleturn|p2b: THE DRAGON BALL\ud83e\udd76|Protect\n|move|p1a: Rillaboom|Fake Out|p2b: THE DRAGON BALL\ud83e\udd76\n|-activate|p2b: THE DRAGON BALL\ud83e\udd76|move: Protect\n|move|p2a: The Rizzler\ud83d\ude31\ud83d\udcaf\ud83d\udde3\ufe0f|Air Slash|p1a: Rillaboom\n|-supereffective|p1a: Rillaboom\n|-damage|p1a: Rillaboom|37\/100\n|move|p1b: Tatsugiri|Icy Wind|p2b: THE DRAGON BALL\ud83e\udd76|[spread] p2a\n|-activate|p2b: THE DRAGON BALL\ud83e\udd76|move: Protect\n|-supereffective|p2a: The Rizzler\ud83d\ude31\ud83d\udcaf\ud83d\udde3\ufe0f\n|-damage|p2a: The Rizzler\ud83d\ude31\ud83d\udcaf\ud83d\udde3\ufe0f|34\/100\n|\n|-heal|p1a: Rillaboom|43\/100|[from] Grassy Terrain\n|upkeep\n|turn|8\n|\n|t:|1699756174\n|move|p1a: Rillaboom|Grassy Glide|p2b: THE DRAGON BALL\ud83e\udd76\n|-resisted|p2b: THE DRAGON BALL\ud83e\udd76\n|-crit|p2b: THE DRAGON BALL\ud83e\udd76\n|-damage|p2b: THE DRAGON BALL\ud83e\udd76|75\/100\n|move|p2b: THE DRAGON BALL\ud83e\udd76|Dragon Energy|p1a: Rillaboom|[spread] p1a,p1b\n|-supereffective|p1b: Tatsugiri\n|-damage|p1a: Rillaboom|0 fnt\n|-enditem|p1b: Tatsugiri|Focus Sash\n|-damage|p1b: Tatsugiri|1\/100\n|faint|p1a: Rillaboom\n|move|p1b: Tatsugiri|Draco Meteor|p2b: THE DRAGON BALL\ud83e\udd76\n|-supereffective|p2b: THE DRAGON BALL\ud83e\udd76\n|-damage|p2b: THE DRAGON BALL\ud83e\udd76|0 fnt\n|-unboost|p1b: Tatsugiri|spa|2\n|faint|p2b: THE DRAGON BALL\ud83e\udd76\n|move|p2a: The Rizzler\ud83d\ude31\ud83d\udcaf\ud83d\udde3\ufe0f|Trick Room|p2a: The Rizzler\ud83d\ude31\ud83d\udcaf\ud83d\udde3\ufe0f\n|-fieldstart|move: Trick Room|[of] p2a: The Rizzler\ud83d\ude31\ud83d\udcaf\ud83d\udde3\ufe0f\n|\n|-heal|p1b: Tatsugiri|7\/100|[from] Grassy Terrain\n|-sideend|p2: Vengeful potato|move: Tailwind\n|upkeep\n|\n|t:|1699756190\n|switch|p2b: Notorious T.E.A.|Sinistcha-Masterpiece, L50|100\/100\n|switch|p1a: Iron Bundle|Iron Bundle, L50|100\/100\n|-heal|p2a: The Rizzler\ud83d\ude31\ud83d\udcaf\ud83d\udde3\ufe0f|59\/100|[from] ability: Hospitality|[of] p2b: Notorious T.E.A.\n|turn|9\n|\n|t:|1699756201\n|-terastallize|p1a: Iron Bundle|Ice\n|move|p2b: Notorious T.E.A.|Matcha Gotcha|p1a: Iron Bundle|[spread] p1a,p1b\n|-damage|p1a: Iron Bundle|22\/100\n|-damage|p1b: Tatsugiri|0 fnt\n|-status|p1a: Iron Bundle|brn\n|faint|p1b: Tatsugiri\n|move|p2a: The Rizzler\ud83d\ude31\ud83d\udcaf\ud83d\udde3\ufe0f|Freezing Glare|p1a: Iron Bundle\n|-damage|p1a: Iron Bundle|0 fnt\n|faint|p1a: Iron Bundle\n|-end|p1a: Iron Bundle|Quark Drive|[silent]\n|\n|win|Vengeful potato\n|raw|hvac goon's rating: 1521 &rarr; <strong>1502<\/strong><br \/>(-19 for losing)\n|raw|Vengeful potato's rating: 1536 &rarr; <strong>1555<\/strong><br \/>(+19 for winning)\n|c|\u2606Vengeful potato|Gg\n","uploadtime":1699756216,"views":14,"p1id":"hvacgoon","p2id":"vengefulpotato","formatid":"gen9vgc2023regulatione","rating":1502,"private":0,"password":""}