{"id":"gen9vgc2023regulatione-1996762671","p1":"pedroamtz","p2":"toran4","format":"[Gen 9] VGC 2023 Regulation E","log":"|j|\u2606pedroamtz\n|j|\u2606toran4\n|t:|1700721018\n|gametype|doubles\n|player|p1|pedroamtz|101|1131\n|player|p2|toran4|266|1168\n|teamsize|p1|6\n|teamsize|p2|6\n|gen|9\n|tier|[Gen 9] VGC 2023 Regulation E\n|rated|\n|rule|Species Clause: Limit one of each Pok\u00e9mon\n|rule|Item Clause: Limit one of each item\n|clearpoke\n|poke|p1|Torterra, L50, F|\n|poke|p1|Clefairy, L50, M|\n|poke|p1|Arcanine, L50, F|\n|poke|p1|Gyarados, L50, F|\n|poke|p1|Iron Hands, L50|\n|poke|p1|Kingambit, L50, M|\n|poke|p2|Goodra-Hisui, L50, M|\n|poke|p2|Grimmsnarl, L50, M|\n|poke|p2|Moltres-Galar, L50|\n|poke|p2|Cresselia, L50, F|\n|poke|p2|Rillaboom, L50, M|\n|poke|p2|Heatran, L50, F|\n|teampreview|4\n|\n|t:|1700721061\n|start\n|switch|p1a: Clefairy|Clefairy, L50, M|100\/100\n|switch|p1b: Torterra|Torterra, L50, F|100\/100\n|switch|p2a: Grimmsnarl|Grimmsnarl, L50, M|100\/100\n|switch|p2b: Goodra|Goodra-Hisui, L50, M|100\/100\n|turn|1\n|\n|t:|1700721096\n|move|p1a: Clefairy|Follow Me|p1a: Clefairy\n|-singleturn|p1a: Clefairy|move: Follow Me\n|move|p2a: Grimmsnarl|Reflect|p2a: Grimmsnarl\n|-sidestart|p2: toran4|Reflect\n|move|p1b: Torterra|Shell Smash|p1b: Torterra\n|-unboost|p1b: Torterra|def|1\n|-unboost|p1b: Torterra|spd|1\n|-boost|p1b: Torterra|atk|2\n|-boost|p1b: Torterra|spa|2\n|-boost|p1b: Torterra|spe|2\n|-enditem|p1b: Torterra|White Herb\n|-clearnegativeboost|p1b: Torterra|[silent]\n|move|p2b: Goodra|Heavy Slam|p1a: Clefairy\n|-supereffective|p1a: Clefairy\n|-damage|p1a: Clefairy|32\/100\n|\n|upkeep\n|turn|2\n|\n|t:|1700721139\n|switch|p1a: Iron Hands|Iron Hands, L50|100\/100\n|-terastallize|p2b: Goodra|Water\n|move|p2a: Grimmsnarl|Parting Shot|p1b: Torterra\n|-unboost|p1b: Torterra|atk|1\n|-unboost|p1b: Torterra|spa|1\n|\n|t:|1700721148\n|switch|p2a: Moltres|Moltres-Galar, L50|100\/100|[from] Parting Shot\n|move|p1b: Torterra|High Horsepower|p2b: Goodra\n|-damage|p2b: Goodra|65\/100\n|-damage|p1b: Torterra|84\/100|[from] item: Rocky Helmet|[of] p2b: Goodra\n|move|p2b: Goodra|Heavy Slam|p1a: Iron Hands\n|-resisted|p1a: Iron Hands\n|-damage|p1a: Iron Hands|95\/100\n|\n|upkeep\n|turn|3\n|\n|t:|1700721180\n|switch|p2b: Heatran|Heatran, L50, F|100\/100\n|move|p1b: Torterra|Wood Hammer|p2b: Heatran\n|-resisted|p2b: Heatran\n|-damage|p2b: Heatran|87\/100\n|-damage|p1b: Torterra|79\/100|[from] Recoil\n|move|p2a: Moltres|Air Slash|p1b: Torterra\n|-supereffective|p1b: Torterra\n|-damage|p1b: Torterra|0 fnt\n|faint|p1b: Torterra\n|move|p1a: Iron Hands|Wild Charge|p2a: Moltres\n|-supereffective|p2a: Moltres\n|-damage|p2a: Moltres|43\/100\n|-damage|p1a: Iron Hands|84\/100|[from] Recoil\n|-ability|p2a: Moltres|Berserk|boost\n|-boost|p2a: Moltres|spa|1\n|\n|upkeep\n|\n|t:|1700721195\n|switch|p1b: Clefairy|Clefairy, L50, M|32\/100\n|turn|4\n|\n|t:|1700721214\n|move|p1b: Clefairy|Follow Me|p1b: Clefairy\n|-singleturn|p1b: Clefairy|move: Follow Me\n|move|p2a: Moltres|Air Slash|p1b: Clefairy\n|-damage|p1b: Clefairy|0 fnt\n|faint|p1b: Clefairy\n|move|p2b: Heatran|Magma Storm|p1a: Iron Hands|[miss]\n|-miss|p2b: Heatran|p1a: Iron Hands\n|move|p1a: Iron Hands|Wild Charge|p2a: Moltres\n|-supereffective|p2a: Moltres\n|-damage|p2a: Moltres|0 fnt\n|faint|p2a: Moltres\n|-damage|p1a: Iron Hands|75\/100|[from] Recoil\n|\n|upkeep\n|\n|t:|1700721227\n|switch|p2a: Grimmsnarl|Grimmsnarl, L50, M|100\/100\n|switch|p1b: Gyarados|Gyarados, L50, F|100\/100\n|-ability|p1b: Gyarados|Intimidate|boost\n|-unboost|p2a: Grimmsnarl|atk|1\n|-unboost|p2b: Heatran|atk|1\n|turn|5\n|\n|t:|1700721249\n|move|p2b: Heatran|Protect|p2b: Heatran\n|-singleturn|p2b: Heatran|Protect\n|move|p1b: Gyarados|Waterfall|p2b: Heatran\n|-activate|p2b: Heatran|move: Protect\n|move|p1a: Iron Hands|Drain Punch|p2b: Heatran\n|-activate|p2b: Heatran|move: Protect\n|move|p2a: Grimmsnarl|Spirit Break|p1a: Iron Hands\n|-supereffective|p1a: Iron Hands\n|-damage|p1a: Iron Hands|49\/100\n|-unboost|p1a: Iron Hands|spa|1\n|\n|upkeep\n|turn|6\n|\n|t:|1700721266\n|move|p2a: Grimmsnarl|Parting Shot|p1b: Gyarados\n|-unboost|p1b: Gyarados|atk|1\n|-unboost|p1b: Gyarados|spa|1\n|\n|t:|1700721269\n|switch|p2a: Goodra|Goodra-Hisui, L50, M, tera:Water|65\/100|[from] Parting Shot\n|move|p1b: Gyarados|Waterfall|p2b: Heatran\n|-supereffective|p2b: Heatran\n|-damage|p2b: Heatran|60\/100\n|move|p2b: Heatran|Earth Power|p1a: Iron Hands\n|-supereffective|p1a: Iron Hands\n|-damage|p1a: Iron Hands|9\/100\n|-damage|p2b: Heatran|50\/100|[from] item: Life Orb\n|move|p1a: Iron Hands|Drain Punch|p2b: Heatran\n|-supereffective|p2b: Heatran\n|-damage|p2b: Heatran|6\/100\n|-heal|p1a: Iron Hands|26\/100|[from] drain|[of] p2b: Heatran\n|\n|upkeep\n|turn|7\n|\n|t:|1700721292\n|move|p2b: Heatran|Protect|p2b: Heatran\n|-singleturn|p2b: Heatran|Protect\n|move|p1b: Gyarados|Waterfall|p2b: Heatran\n|-activate|p2b: Heatran|move: Protect\n|move|p1a: Iron Hands|Wild Charge|p2a: Goodra\n|-supereffective|p2a: Goodra\n|-damage|p2a: Goodra|13\/100\n|-damage|p1a: Iron Hands|10\/100|[from] item: Rocky Helmet|[of] p2a: Goodra\n|-damage|p1a: Iron Hands|0 fnt|[from] Recoil\n|faint|p1a: Iron Hands\n|-end|p1a: Iron Hands|Quark Drive|[silent]\n|move|p2a: Goodra|Life Dew|p2a: Goodra|[spread] p2a,p2b\n|-heal|p2a: Goodra|38\/100\n|-heal|p2b: Heatran|31\/100\n|\n|upkeep\n|turn|8\n|-message|pedroamtz forfeited.\n|\n|win|toran4\n|raw|pedroamtz's rating: 1131 &rarr; <strong>1109<\/strong><br \/>(-22 for losing)\n|raw|toran4's rating: 1168 &rarr; <strong>1190<\/strong><br \/>(+22 for winning)\n|l|\u2606pedroamtz\n","uploadtime":1700721303,"views":4,"p1id":"pedroamtz","p2id":"toran4","formatid":"gen9vgc2023regulatione","rating":1109,"private":0,"password":""}