{"id":"gen9vgc2023regulatione-1999860486","p1":"AtomX7VGC","p2":"d8finest","format":"[Gen 9] VGC 2023 Regulation E","log":"|j|\u2606AtomX7VGC\n|j|\u2606d8finest\n|n|\u2606AtomX7VGC|atomx7vgc\n|n|\u2606d8finest|d8finest\n|html|View the match progress at <a href=\"\/game-bestof3-gen9vgc2023regulatione-1999860485\">game-bestof3-gen9vgc2023regulatione-1999860485<\/a>\n|t:|1701123676\n|gametype|doubles\n|player|p1|AtomX7VGC|linebacker|\n|player|p2|d8finest|lucas|\n|teamsize|p1|6\n|teamsize|p2|6\n|gen|9\n|tier|[Gen 9] VGC 2023 Regulation E\n|rule|Species Clause: Limit one of each Pok\u00e9mon\n|rule|Item Clause: Limit one of each item\n|clearpoke\n|poke|p1|Heatran, L50, M|\n|poke|p1|Landorus-Therian, L50, M|\n|poke|p1|Iron Hands, L50|\n|poke|p1|Flutter Mane, L50|\n|poke|p1|Roaring Moon, L50|\n|poke|p1|Ogerpon-Wellspring, L50, F|\n|poke|p2|Salamence, L50, M|\n|poke|p2|Rillaboom, L50, M|\n|poke|p2|Kingambit, L50, F|\n|poke|p2|Ogerpon-Wellspring, L50, F|\n|poke|p2|Heatran, L50, F|\n|poke|p2|Flutter Mane, L50|\n|teampreview|4\nd8finest has agreed to open team sheets.\nAtomX7VGC has agreed to open team sheets.\n|showteam|p1|Heatran||LifeOrb|FlashFire|HeatWave,FlashCannon,EarthPower,Protect|||M|||50|,,,,,Fairy]Landorus-Therian||ChoiceScarf|Intimidate|StompingTantrum,TeraBlast,Uturn,RockSlide|||M|||50|,,,,,Flying]Iron Hands||AssaultVest|QuarkDrive|FakeOut,DrainPunch,WildCharge,HeavySlam||||||50|,,,,,Grass]Flutter Mane||ChoiceSpecs|Protosynthesis|Moonblast,ShadowBall,DazzlingGleam,Thunderbolt||||||50|,,,,,Fairy]Roaring Moon||BoosterEnergy|Protosynthesis|Protect,KnockOff,Acrobatics,Tailwind||||||50|,,,,,Poison]Ogerpon-Wellspring||WellspringMask|WaterAbsorb|IvyCudgel,HornLeech,FollowMe,SpikyShield|||F|||50|,,,,,Water\n|showteam|p2|Salamence||RockyHelmet|Intimidate|DracoMeteor,AirSlash,Roost,Tailwind|||M|||50|,,,,,Poison]Rillaboom||AssaultVest|GrassySurge|GrassyGlide,HighHorsepower,WoodHammer,FakeOut|||M|||50|,,,,,Fire]Kingambit||SafetyGoggles|Defiant|Protect,KowtowCleave,SuckerPunch,SwordsDance|||F|||50|,,,,,Poison]Ogerpon-Wellspring||WellspringMask|WaterAbsorb|SpikyShield,FollowMe,IvyCudgel,HornLeech|||F|||50|,,,,,Water]Heatran||SitrusBerry|FlashFire|Protect,MagmaStorm,FlashCannon,EarthPower|||F|||50|,,,,,Grass]Flutter Mane||ChoiceSpecs|Protosynthesis|Moonblast,ShadowBall,DazzlingGleam,Thunderbolt||||||50|,,,,,Fairy\n|\n|t:|1701123720\n|start\n|switch|p1a: Roaring Moon|Roaring Moon, L50|100\/100\n|switch|p1b: Iron Hands|Iron Hands, L50|100\/100\n|switch|p2a: Salamence|Salamence, L50, M|100\/100\n|switch|p2b: Flutter Mane|Flutter Mane, L50|100\/100\n|-ability|p2a: Salamence|Intimidate|boost\n|-unboost|p1a: Roaring Moon|atk|1\n|-unboost|p1b: Iron Hands|atk|1\n|-enditem|p1a: Roaring Moon|Booster Energy\n|-activate|p1a: Roaring Moon|ability: Protosynthesis|[fromitem]\n|-start|p1a: Roaring Moon|protosynthesisspe\n|turn|1\n|\n|t:|1701123742\n|switch|p2a: Ogerpon|Ogerpon-Wellspring, L50, F|100\/100\n|move|p1a: Roaring Moon|Tailwind|p1a: Roaring Moon\n|-sidestart|p1: AtomX7VGC|move: Tailwind\n|move|p2b: Flutter Mane|Moonblast|p1b: Iron Hands\n|-supereffective|p1b: Iron Hands\n|-damage|p1b: Iron Hands|38\/100\n|-unboost|p1b: Iron Hands|spa|1\n|move|p1b: Iron Hands|Heavy Slam|p2b: Flutter Mane\n|-supereffective|p2b: Flutter Mane\n|-damage|p2b: Flutter Mane|18\/100\n|\n|upkeep\n|turn|2\n|\n|t:|1701123772\n|-end|p2b: Flutter Mane|Protosynthesis|[silent]\n|switch|p2b: Salamence|Salamence, L50, M|100\/100\n|-ability|p2b: Salamence|Intimidate|boost\n|-unboost|p1a: Roaring Moon|atk|1\n|-unboost|p1b: Iron Hands|atk|1\n|-end|p1b: Iron Hands|Quark Drive|[silent]\n|switch|p1b: Ogerpon|Ogerpon-Wellspring, L50, F|100\/100\n|-terastallize|p1a: Roaring Moon|Poison\n|move|p1a: Roaring Moon|Acrobatics|p2b: Salamence\n|-damage|p2b: Salamence|80\/100\n|-damage|p1a: Roaring Moon|84\/100|[from] item: Rocky Helmet|[of] p2b: Salamence\n|move|p2a: Ogerpon|Ivy Cudgel|p1a: Roaring Moon|[anim] Ivy Cudgel Water\n|-damage|p1a: Roaring Moon|23\/100\n|\n|upkeep\n|turn|3\n|\n|t:|1701123809\n|move|p1a: Roaring Moon|Protect|p1a: Roaring Moon\n|-singleturn|p1a: Roaring Moon|Protect\n|move|p1b: Ogerpon|Horn Leech|p2a: Ogerpon\n|-damage|p2a: Ogerpon|57\/100\n|move|p2b: Salamence|Tailwind|p2b: Salamence\n|-sidestart|p2: d8finest|move: Tailwind\n|move|p2a: Ogerpon|Horn Leech|p1b: Ogerpon\n|-damage|p1b: Ogerpon|55\/100\n|-heal|p2a: Ogerpon|81\/100|[from] drain|[of] p1b: Ogerpon\n|\n|upkeep\n|turn|4\n|\n|t:|1701123834\n|-end|p1a: Roaring Moon|Protosynthesis|[silent]\n|switch|p1a: Heatran|Heatran, L50, M|100\/100\n|move|p2b: Salamence|Air Slash|p1b: Ogerpon\n|-supereffective|p1b: Ogerpon\n|-damage|p1b: Ogerpon|0 fnt\n|faint|p1b: Ogerpon\n|move|p2a: Ogerpon|Ivy Cudgel|p1a: Heatran|[anim] Ivy Cudgel Water\n|-supereffective|p1a: Heatran\n|-damage|p1a: Heatran|8\/100\n|\n|-sideend|p1: AtomX7VGC|move: Tailwind\n|upkeep\n|\n|t:|1701123843\n|switch|p1b: Iron Hands|Iron Hands, L50|38\/100\n|turn|5\n|\n|t:|1701123861\n|switch|p2b: Heatran|Heatran, L50, F|100\/100\n|move|p2a: Ogerpon|Spiky Shield|p2a: Ogerpon\n|-singleturn|p2a: Ogerpon|move: Protect\n|move|p1b: Iron Hands|Fake Out|p2b: Heatran\n|-resisted|p2b: Heatran\n|-crit|p2b: Heatran\n|-damage|p2b: Heatran|92\/100\n|move|p1a: Heatran|Flash Cannon|p2b: Heatran\n|-resisted|p2b: Heatran\n|-damage|p2b: Heatran|80\/100\n|-damage|p1a: Heatran|0 fnt|[from] item: Life Orb\n|faint|p1a: Heatran\n|\n|upkeep\n|\n|t:|1701123873\n|switch|p1a: Roaring Moon|Roaring Moon, L50, tera:Poison|23\/100\n|turn|6\n|\n|t:|1701123903\n|switch|p2b: Salamence|Salamence, L50, M|80\/100\n|-ability|p2b: Salamence|Intimidate|boost\n|-unboost|p1a: Roaring Moon|atk|1\n|-unboost|p1b: Iron Hands|atk|1\n|move|p1a: Roaring Moon|Protect|p1a: Roaring Moon\n|-singleturn|p1a: Roaring Moon|Protect\n|move|p2a: Ogerpon|Ivy Cudgel|p1a: Roaring Moon|[anim] Ivy Cudgel Water\n|-activate|p1a: Roaring Moon|move: Protect\n|move|p1b: Iron Hands|Drain Punch|p2a: Ogerpon\n|-damage|p2a: Ogerpon|50\/100\n|-heal|p1b: Iron Hands|50\/100|[from] drain|[of] p2a: Ogerpon\n|\n|-sideend|p2: d8finest|move: Tailwind\n|upkeep\n|turn|7\n|\n|t:|1701123939\n|move|p1a: Roaring Moon|Knock Off|p2b: Salamence\n|-damage|p2b: Salamence|46\/100\n|-damage|p1a: Roaring Moon|6\/100|[from] item: Rocky Helmet|[of] p2b: Salamence\n|-enditem|p2b: Salamence|Rocky Helmet|[from] move: Knock Off|[of] p1a: Roaring Moon\n|move|p2b: Salamence|Tailwind|p2b: Salamence\n|-sidestart|p2: d8finest|move: Tailwind\n|move|p2a: Ogerpon|Ivy Cudgel|p1a: Roaring Moon|[anim] Ivy Cudgel Water\n|-damage|p1a: Roaring Moon|0 fnt\n|faint|p1a: Roaring Moon\n|-end|p1a: Roaring Moon|Protosynthesis|[silent]\n|move|p1b: Iron Hands|Wild Charge|p2b: Salamence\n|-damage|p2b: Salamence|11\/100\n|-damage|p1b: Iron Hands|43\/100|[from] Recoil\n|\n|upkeep\n|turn|8\n|\n|t:|1701123956\n|move|p2b: Salamence|Draco Meteor|p1b: Iron Hands\n|-damage|p1b: Iron Hands|17\/100\n|-unboost|p2b: Salamence|spa|2\n|move|p2a: Ogerpon|Ivy Cudgel|p1b: Iron Hands|[anim] Ivy Cudgel Water\n|-damage|p1b: Iron Hands|0 fnt\n|faint|p1b: Iron Hands\n|-end|p1b: Iron Hands|Quark Drive|[silent]\n|\n|win|d8finest\n|c|&|\/uhtml prompt-atomx7vgc,AtomX7VGC is ready for game 2!\n|c|&|\/uhtml prompt-d8finest,d8finest is ready for game 2!\nBoth players are ready! Starting next match!\n|l|\u2606d8finest\n","uploadtime":1701124718,"views":4,"p1id":"atomx7vgc","p2id":"d8finest","formatid":"gen9vgc2023regulatione","rating":0,"private":0,"password":""}