{"id":"gen9vgc2023regulatione-1999894669","p1":"KumpelXD","p2":"Testting123","format":"[Gen 9] VGC 2023 Regulation E","log":"|j|\u2606KumpelXD\n|j|\u2606Testting123\n|t:|1701127294\n|gametype|doubles\n|player|p1|KumpelXD|169|1309\n|player|p2|Testting123|blackbelt-gen4dp|1368\n|teamsize|p1|6\n|teamsize|p2|6\n|gen|9\n|tier|[Gen 9] VGC 2023 Regulation E\n|rated|\n|rule|Species Clause: Limit one of each Pok\u00e9mon\n|rule|Item Clause: Limit one of each item\n|clearpoke\n|poke|p1|Empoleon, L50, M|\n|poke|p1|Landorus-Therian, L50, M|\n|poke|p1|Ninetales-Alola, L50, F|\n|poke|p1|Iron Hands, L50|\n|poke|p1|Ogerpon-Cornerstone, L50, F|\n|poke|p1|Hydreigon, L50, F|\n|poke|p2|Roaring Moon, L50|\n|poke|p2|Flutter Mane, L50|\n|poke|p2|Ogerpon-Wellspring, L50, F|\n|poke|p2|Heatran, L50, M|\n|poke|p2|Iron Hands, L50|\n|poke|p2|Landorus-Therian, L50, M|\n|teampreview|4\n|inactive|Battle timer is ON: inactive players will automatically lose when time's up. (requested by KumpelXD)\nKumpelXD has agreed to open team sheets.\nTestting123 has agreed to open team sheets.\n|inactive|KumpelXD has 30 seconds left.\n|inactive|Testting123 has 30 seconds left.\n|inactive|KumpelXD has 20 seconds left.\n|inactive|Testting123 has 20 seconds left.\n|inactive|Testting123 has 15 seconds left.\n|c|\u2606KumpelXD|gl hf\n|inactive|Testting123 has 10 seconds left.\n|\n|t:|1701127345\n|start\n|switch|p1a: Empoleon|Empoleon, L50, M|100\/100\n|switch|p1b: Hydreigon|Hydreigon, L50, F|100\/100\n|switch|p2a: Flutter Mane|Flutter Mane, L50|100\/100\n|switch|p2b: Iron Hands|Iron Hands, L50|100\/100\n|turn|1\n|c|\u2606Testting123|u2\n|\n|t:|1701127358\n|-end|p2a: Flutter Mane|Protosynthesis|[silent]\n|switch|p2a: Ogerpon|Ogerpon-Wellspring, L50, F|100\/100\n|move|p1b: Hydreigon|Protect|p1b: Hydreigon\n|-singleturn|p1b: Hydreigon|Protect\n|move|p1a: Empoleon|Flash Cannon|p2a: Ogerpon\n|-resisted|p2a: Ogerpon\n|-damage|p2a: Ogerpon|85\/100\n|move|p2b: Iron Hands|Drain Punch|p1a: Empoleon\n|-supereffective|p1a: Empoleon\n|-damage|p1a: Empoleon|24\/100\n|\n|-heal|p1a: Empoleon|31\/100|[from] item: Leftovers\n|upkeep\n|turn|2\n|inactive|KumpelXD has 30 seconds left.\n|\n|t:|1701127383\n|switch|p1a: Landorus|Landorus-Therian, L50, M|100\/100\n|-ability|p1a: Landorus|Intimidate|boost\n|-unboost|p2a: Ogerpon|atk|1\n|-unboost|p2b: Iron Hands|atk|1\n|-terastallize|p1b: Hydreigon|Poison\n|move|p2a: Ogerpon|Ivy Cudgel|p1b: Hydreigon|[anim] Ivy Cudgel Water\n|-damage|p1b: Hydreigon|67\/100\n|move|p1b: Hydreigon|Tailwind|p1b: Hydreigon\n|-sidestart|p1: KumpelXD|move: Tailwind\n|move|p2b: Iron Hands|Drain Punch|p1b: Hydreigon\n|-resisted|p1b: Hydreigon\n|-damage|p1b: Hydreigon|56\/100\n|\n|upkeep\n|turn|3\n|inactive|KumpelXD has 30 seconds left.\n|inactive|Testting123 has 30 seconds left.\n|inactive|Testting123 has 20 seconds left.\n|inactive|Testting123 has 15 seconds left.\n|\n|t:|1701127424\n|switch|p1a: Empoleon|Empoleon, L50, M|31\/100\n|-end|p2b: Iron Hands|Quark Drive|[silent]\n|switch|p2b: Flutter Mane|Flutter Mane, L50|100\/100\n|move|p1b: Hydreigon|Draco Meteor|p2a: Ogerpon\n|-damage|p2a: Ogerpon|26\/100\n|-unboost|p1b: Hydreigon|spa|2\n|move|p2a: Ogerpon|Ivy Cudgel|p1a: Empoleon|[anim] Ivy Cudgel Water\n|-resisted|p1a: Empoleon\n|-damage|p1a: Empoleon|11\/100\n|\n|-heal|p1a: Empoleon|17\/100|[from] item: Leftovers\n|upkeep\n|turn|4\n|inactive|KumpelXD has 30 seconds left.\n|inactive|Testting123 has 30 seconds left.\n|inactive|Testting123 has 20 seconds left.\n|inactive|Testting123 has 15 seconds left.\n|\n|t:|1701127467\n|move|p2a: Ogerpon|Spiky Shield|p2a: Ogerpon\n|-singleturn|p2a: Ogerpon|move: Protect\n|move|p1b: Hydreigon|Draco Meteor|p2a: Ogerpon\n|-activate|p2a: Ogerpon|move: Protect\n|move|p2b: Flutter Mane|Shadow Ball|p1a: Empoleon\n|-damage|p1a: Empoleon|0 fnt\n|faint|p1a: Empoleon\n|\n|upkeep\n|\n|t:|1701127477\n|switch|p1a: Landorus|Landorus-Therian, L50, M|100\/100\n|-ability|p1a: Landorus|Intimidate|boost\n|-unboost|p2a: Ogerpon|atk|1\n|-unboost|p2b: Flutter Mane|atk|1\n|turn|5\n|\n|t:|1701127493\n|switch|p2a: Iron Hands|Iron Hands, L50|100\/100\n|move|p1b: Hydreigon|Draco Meteor|p2a: Iron Hands\n|-damage|p2a: Iron Hands|82\/100\n|-unboost|p1b: Hydreigon|spa|2\n|move|p1a: Landorus|Stomping Tantrum|p2b: Flutter Mane\n|-damage|p2b: Flutter Mane|22\/100\n|move|p2b: Flutter Mane|Shadow Ball|p1b: Hydreigon\n|-damage|p1b: Hydreigon|0 fnt\n|faint|p1b: Hydreigon\n|\n|-sideend|p1: KumpelXD|move: Tailwind\n|upkeep\n|\n|t:|1701127505\n|switch|p1b: Iron Hands|Iron Hands, L50|100\/100\n|turn|6\n|\n|t:|1701127523\n|move|p2a: Iron Hands|Fake Out|p1b: Iron Hands\n|-damage|p1b: Iron Hands|89\/100\n|cant|p1b: Iron Hands|flinch\n|move|p2b: Flutter Mane|Shadow Ball|p1a: Landorus\n|-damage|p1a: Landorus|42\/100\n|-enditem|p1a: Landorus|Sitrus Berry|[eat]\n|-heal|p1a: Landorus|67\/100|[from] item: Sitrus Berry\n|move|p1a: Landorus|Stomping Tantrum|p2b: Flutter Mane\n|-crit|p2b: Flutter Mane\n|-damage|p2b: Flutter Mane|0 fnt\n|faint|p2b: Flutter Mane\n|-end|p2b: Flutter Mane|Protosynthesis|[silent]\n|\n|upkeep\n|\n|t:|1701127535\n|switch|p2b: Ogerpon|Ogerpon-Wellspring, L50, F|26\/100\n|turn|7\n|inactive|KumpelXD has 30 seconds left.\n|inactive|Testting123 has 30 seconds left.\n|\n|t:|1701127567\n|move|p2b: Ogerpon|Spiky Shield|p2b: Ogerpon\n|-singleturn|p2b: Ogerpon|move: Protect\n|move|p1a: Landorus|Stomping Tantrum|p2b: Ogerpon\n|-activate|p2b: Ogerpon|move: Protect\n|-damage|p1a: Landorus|55\/100|[from] Spiky Shield|[of] p2b: Ogerpon\n|move|p2a: Iron Hands|Drain Punch|p1b: Iron Hands\n|-damage|p1b: Iron Hands|57\/100\n|-heal|p2a: Iron Hands|99\/100|[from] drain|[of] p1b: Iron Hands\n|move|p1b: Iron Hands|Drain Punch|p2b: Ogerpon\n|-activate|p2b: Ogerpon|move: Protect\n|-damage|p1b: Iron Hands|45\/100|[from] Spiky Shield|[of] p2b: Ogerpon\n|\n|upkeep\n|turn|8\n|\n|t:|1701127581\n|move|p2b: Ogerpon|Ivy Cudgel|p1a: Landorus|[anim] Ivy Cudgel Water\n|-supereffective|p1a: Landorus\n|-damage|p1a: Landorus|0 fnt\n|faint|p1a: Landorus\n|move|p2a: Iron Hands|Drain Punch|p1b: Iron Hands\n|-damage|p1b: Iron Hands|16\/100\n|-heal|p2a: Iron Hands|100\/100|[from] drain|[of] p1b: Iron Hands\n|move|p1b: Iron Hands|Drain Punch|p2b: Ogerpon\n|-damage|p2b: Ogerpon|0 fnt\n|-heal|p1b: Iron Hands|26\/100|[from] drain|[of] p2b: Ogerpon\n|faint|p2b: Ogerpon\n|\n|upkeep\n|\n|t:|1701127585\n|switch|p2b: Heatran|Heatran, L50, M|100\/100\n|turn|9\n|\n|t:|1701127595\n|-terastallize|p2b: Heatran|Fairy\n|move|p2b: Heatran|Earth Power|p1b: Iron Hands\n|-supereffective|p1b: Iron Hands\n|-damage|p1b: Iron Hands|0 fnt\n|faint|p1b: Iron Hands\n|-end|p1b: Iron Hands|Quark Drive|[silent]\n|\n|win|Testting123\n|raw|KumpelXD's rating: 1309 &rarr; <strong>1292<\/strong><br \/>(-17 for losing)\n|raw|Testting123's rating: 1368 &rarr; <strong>1385<\/strong><br \/>(+17 for winning)\n","uploadtime":1701127604,"views":16,"p1id":"kumpelxd","p2id":"testting123","formatid":"gen9vgc2023regulatione","rating":1292,"private":0,"password":""}