{"id":"gen9vgc2023regulatione-1998168579","p1":"Gippy264","p2":"KathyKane","format":"[Gen 9] VGC 2023 Regulation E","log":"|j|\u2606Gippy264\n|j|\u2606KathyKane\n|t:|1700905092\n|gametype|doubles\n|player|p1|Gippy264|101|1100\n|player|p2|KathyKane|raifort|1175\n|teamsize|p1|6\n|teamsize|p2|6\n|gen|9\n|tier|[Gen 9] VGC 2023 Regulation E\n|rated|\n|rule|Species Clause: Limit one of each Pok\u00e9mon\n|rule|Item Clause: Limit one of each item\n|clearpoke\n|poke|p1|Rillaboom, L50, F|\n|poke|p1|Iron Hands, L50|\n|poke|p1|Tornadus, L50, M|\n|poke|p1|Corviknight, L50, F|\n|poke|p1|Flutter Mane, L50|\n|poke|p1|Urshifu-*, L50, M|\n|poke|p2|Iron Hands, L50|\n|poke|p2|Arcanine-Hisui, L50, F|\n|poke|p2|Urshifu-*, L50, F|\n|poke|p2|Gholdengo, L50|\n|poke|p2|Roaring Moon, L50|\n|poke|p2|Ogerpon, L50, F|\n|teampreview|4\nKathyKane has agreed to open team sheets.\n|inactive|Battle timer is ON: inactive players will automatically lose when time's up. (requested by Gippy264)\n|inactive|Gippy264 has 60 seconds left.\n|\n|t:|1700905132\n|start\n|switch|p1a: Urshifu|Urshifu-Rapid-Strike, L50, M|100\/100\n|switch|p1b: Flutter Mane|Flutter Mane, L50|100\/100\n|switch|p2a: Salamence lite|Roaring Moon, L50|100\/100\n|switch|p2b: Good Boi|Arcanine-Hisui, L50, F|100\/100\n|-ability|p2b: Good Boi|Intimidate|boost\n|-fail|p1a: Urshifu|unboost|[from] item: Clear Amulet|[of] p1a: Urshifu\n|-unboost|p1b: Flutter Mane|atk|1\n|-enditem|p2a: Salamence lite|Booster Energy\n|-activate|p2a: Salamence lite|ability: Protosynthesis|[fromitem]\n|-start|p2a: Salamence lite|protosynthesisspe\n|turn|1\n|inactive|Gippy264 has 30 seconds left.\n|inactive|KathyKane has 30 seconds left.\n|inactive|KathyKane has 20 seconds left.\n|\n|t:|1700905170\n|-terastallize|p1a: Urshifu|Water\n|move|p2a: Salamence lite|Tailwind|p2a: Salamence lite\n|-sidestart|p2: KathyKane|move: Tailwind\n|move|p2b: Good Boi|Rock Slide|p1b: Flutter Mane|[spread] p1a,p1b\n|-damage|p1a: Urshifu|59\/100\n|-damage|p1b: Flutter Mane|24\/100\n|cant|p1b: Flutter Mane|flinch\n|move|p1a: Urshifu|Surging Strikes|p2b: Good Boi\n|-supereffective|p2b: Good Boi\n|-crit|p2b: Good Boi\n|-damage|p2b: Good Boi|0 fnt\n|faint|p2b: Good Boi\n|-hitcount|p2: Good Boi|1\n|\n|upkeep\n|\n|t:|1700905182\n|switch|p2b: Brian Hands|Iron Hands, L50|100\/100\n|turn|2\n|\n|t:|1700905189\n|-end|p1b: Flutter Mane|Protosynthesis|[silent]\n|switch|p1b: Rillaboom|Rillaboom, L50, F|100\/100\n|-fieldstart|move: Grassy Terrain|[from] ability: Grassy Surge|[of] p1b: Rillaboom\n|move|p1a: Urshifu|Detect|p1a: Urshifu\n|-singleturn|p1a: Urshifu|Protect\n|move|p2b: Brian Hands|Fake Out|p1a: Urshifu\n|-activate|p1a: Urshifu|move: Protect\n|move|p2a: Salamence lite|Knock Off|p1b: Rillaboom\n|-damage|p1b: Rillaboom|54\/100\n|-enditem|p1b: Rillaboom|Leftovers|[from] move: Knock Off|[of] p2a: Salamence lite\n|\n|-heal|p1a: Urshifu|65\/100|[from] Grassy Terrain\n|-heal|p1b: Rillaboom|59\/100|[from] Grassy Terrain\n|upkeep\n|turn|3\n|\n|t:|1700905204\n|switch|p1a: Tornadus|Tornadus, L50, M, shiny|100\/100\n|move|p1b: Rillaboom|Protect|p1b: Rillaboom\n|-singleturn|p1b: Rillaboom|Protect\n|move|p2a: Salamence lite|Breaking Swipe|p1a: Tornadus|[spread] p1a\n|-activate|p1b: Rillaboom|move: Protect\n|-damage|p1a: Tornadus|80\/100\n|-unboost|p1a: Tornadus|atk|1\n|move|p2b: Brian Hands|Wild Charge|p1a: Tornadus\n|-supereffective|p1a: Tornadus\n|-damage|p1a: Tornadus|0 fnt\n|faint|p1a: Tornadus\n|-damage|p2b: Brian Hands|85\/100|[from] Recoil\n|\n|-heal|p2b: Brian Hands|91\/100|[from] Grassy Terrain\n|-heal|p1b: Rillaboom|65\/100|[from] Grassy Terrain\n|upkeep\n|\n|t:|1700905218\n|switch|p1a: Urshifu|Urshifu-Rapid-Strike, L50, M, tera:Water|65\/100\n|turn|4\n|\n|t:|1700905229\n|move|p1a: Urshifu|Detect|p1a: Urshifu\n|-singleturn|p1a: Urshifu|Protect\n|move|p2a: Salamence lite|Breaking Swipe|p1a: Urshifu|[spread] p1b\n|-activate|p1a: Urshifu|move: Protect\n|-damage|p1b: Rillaboom|42\/100\n|-unboost|p1b: Rillaboom|atk|1\n|move|p2b: Brian Hands|Wild Charge|p1a: Urshifu\n|-activate|p1a: Urshifu|move: Protect\n|move|p1b: Rillaboom|Drum Beating|p2a: Salamence lite\n|-resisted|p2a: Salamence lite\n|-damage|p2a: Salamence lite|82\/100\n|-unboost|p2a: Salamence lite|spe|1\n|\n|-heal|p2a: Salamence lite|88\/100|[from] Grassy Terrain\n|-heal|p1a: Urshifu|71\/100|[from] Grassy Terrain\n|-heal|p2b: Brian Hands|97\/100|[from] Grassy Terrain\n|-heal|p1b: Rillaboom|48\/100|[from] Grassy Terrain\n|-sideend|p2: KathyKane|move: Tailwind\n|upkeep\n|turn|5\n|inactive|Gippy264 has 30 seconds left.\n|\n|t:|1700905259\n|switch|p1b: Flutter Mane|Flutter Mane, L50|24\/100\n|move|p1a: Urshifu|Close Combat|p2a: Salamence lite\n|-supereffective|p2a: Salamence lite\n|-crit|p2a: Salamence lite\n|-damage|p2a: Salamence lite|0 fnt\n|-unboost|p1a: Urshifu|def|1\n|-unboost|p1a: Urshifu|spd|1\n|faint|p2a: Salamence lite\n|-end|p2a: Salamence lite|Protosynthesis|[silent]\n|move|p2b: Brian Hands|Wild Charge|p1a: Urshifu\n|-supereffective|p1a: Urshifu\n|-damage|p1a: Urshifu|0 fnt\n|faint|p1a: Urshifu\n|-damage|p2b: Brian Hands|84\/100|[from] Recoil\n|\n|-heal|p1b: Flutter Mane|30\/100|[from] Grassy Terrain\n|-heal|p2b: Brian Hands|90\/100|[from] Grassy Terrain\n|upkeep\n|\n|t:|1700905268\n|switch|p2a: cheese|Gholdengo, L50|100\/100\n|switch|p1a: Rillaboom|Rillaboom, L50, F|48\/100\n|turn|6\n|inactive|Gippy264 has 30 seconds left.\n|\n|t:|1700905297\n|move|p1b: Flutter Mane|Moonblast|p2a: cheese\n|-resisted|p2a: cheese\n|-damage|p2a: cheese|67\/100\n|move|p2a: cheese|Make It Rain|p1a: Rillaboom|[spread] p1a,p1b\n|-supereffective|p1b: Flutter Mane\n|-crit|p1b: Flutter Mane\n|-damage|p1a: Rillaboom|0 fnt\n|-damage|p1b: Flutter Mane|0 fnt\n|-unboost|p2a: cheese|spa|1\n|faint|p1a: Rillaboom\n|faint|p1b: Flutter Mane\n|-end|p1b: Flutter Mane|Protosynthesis|[silent]\n|\n|win|KathyKane\n|raw|Gippy264's rating: 1100 &rarr; <strong>1080<\/strong><br \/>(-20 for losing)\n|raw|KathyKane's rating: 1175 &rarr; <strong>1195<\/strong><br \/>(+20 for winning)\n|l|\u2606Gippy264\n","uploadtime":1700905354,"views":4,"p1id":"gippy264","p2id":"kathykane","formatid":"gen9vgc2023regulatione","rating":1080,"private":0,"password":""}