{"id":"gen9vgc2023regulatione-1994977718","p1":"CalmRosie","p2":"ffaki","format":"[Gen 9] VGC 2023 Regulation E","log":"|j|\u2606CalmRosie\n|j|\u2606ffaki\n|t:|1700509860\n|gametype|doubles\n|player|p1|CalmRosie|aromalady|1392\n|player|p2|ffaki|265|1365\n|teamsize|p1|6\n|teamsize|p2|6\n|gen|9\n|tier|[Gen 9] VGC 2023 Regulation E\n|rated|\n|rule|Species Clause: Limit one of each Pok\u00e9mon\n|rule|Item Clause: Limit one of each item\n|clearpoke\n|poke|p1|Tornadus, L50, M|\n|poke|p1|Mamoswine, L50, F|\n|poke|p1|Flutter Mane, L50|\n|poke|p1|Ogerpon-Hearthflame, L50, F|\n|poke|p1|Chi-Yu, L50|\n|poke|p1|Urshifu-*, L50, F|\n|poke|p2|Tornadus, L50, M|\n|poke|p2|Great Tusk, L50|\n|poke|p2|Gholdengo, L50|\n|poke|p2|Chi-Yu, L50|\n|poke|p2|Rillaboom, L50, M|\n|poke|p2|Iron Bundle, L50|\n|teampreview|4\n|c|\u2606ffaki|glhf\n|c|\u2606CalmRosie|glhf\n|inactive|Battle timer is ON: inactive players will automatically lose when time's up. (requested by ffaki)\n|inactive|ffaki has 60 seconds left.\n|\n|t:|1700509903\n|start\n|switch|p1a: Gale|Tornadus, L50, M|100\/100\n|switch|p1b: Mamo|Mamoswine, L50, F, shiny|100\/100\n|switch|p2a: Iron Bundle|Iron Bundle, L50|100\/100\n|switch|p2b: Great Tusk|Great Tusk, L50|100\/100\n|-enditem|p2a: Iron Bundle|Booster Energy\n|-activate|p2a: Iron Bundle|ability: Quark Drive|[fromitem]\n|-start|p2a: Iron Bundle|quarkdrivespe\n|turn|1\n|inactive|CalmRosie has 30 seconds left.\n|inactive|CalmRosie has 20 seconds left.\n|inactive|CalmRosie has 15 seconds left.\n|\n|t:|1700509946\n|move|p2b: Great Tusk|Protect|p2b: Great Tusk\n|-singleturn|p2b: Great Tusk|Protect\n|move|p1a: Gale|Sunny Day|p1a: Gale\n|-weather|SunnyDay\n|-activate|p2b: Great Tusk|ability: Protosynthesis\n|-start|p2b: Great Tusk|protosynthesisatk\n|move|p2a: Iron Bundle|Icy Wind|p1a: Gale|[spread] p1a,p1b\n|-supereffective|p1a: Gale\n|-damage|p1a: Gale|55\/100\n|-damage|p1b: Mamo|77\/100\n|-unboost|p1b: Mamo|spe|1\n|move|p1b: Mamo|Icicle Spear|p2b: Great Tusk\n|-activate|p2b: Great Tusk|move: Protect\n|\n|-weather|SunnyDay|[upkeep]\n|upkeep\n|turn|2\n|\n|t:|1700509971\n|-terastallize|p2b: Great Tusk|Fire\n|move|p1a: Gale|Tailwind|p1a: Gale\n|-sidestart|p1: CalmRosie|move: Tailwind\n|move|p2a: Iron Bundle|Icy Wind|p1b: Mamo|[spread] p1a,p1b\n|-supereffective|p1a: Gale\n|-damage|p1a: Gale|15\/100\n|-damage|p1b: Mamo|54\/100\n|-unboost|p1b: Mamo|spe|1\n|move|p2b: Great Tusk|Rock Slide|p1a: Gale|[spread] p1a,p1b\n|-supereffective|p1a: Gale\n|-damage|p1a: Gale|0 fnt\n|-damage|p1b: Mamo|28\/100\n|faint|p1a: Gale\n|cant|p1b: Mamo|flinch\n|\n|-weather|SunnyDay|[upkeep]\n|upkeep\n|\n|t:|1700509987\n|switch|p1a: Missy|Flutter Mane, L50, shiny|100\/100\n|-activate|p1a: Missy|ability: Protosynthesis\n|-start|p1a: Missy|protosynthesisspe\n|turn|3\n|\n|t:|1700510001\n|move|p2b: Great Tusk|Protect|p2b: Great Tusk\n|-singleturn|p2b: Great Tusk|Protect\n|move|p1a: Missy|Shadow Ball|p2b: Great Tusk\n|-activate|p2b: Great Tusk|move: Protect\n|move|p2a: Iron Bundle|Icy Wind|p1b: Mamo|[spread] p1a,p1b\n|-damage|p1a: Missy|82\/100\n|-damage|p1b: Mamo|5\/100\n|-unboost|p1a: Missy|spe|1\n|-unboost|p1b: Mamo|spe|1\n|move|p1b: Mamo|High Horsepower|p2b: Great Tusk\n|-activate|p2b: Great Tusk|move: Protect\n|\n|-weather|SunnyDay|[upkeep]\n|upkeep\n|turn|4\n|inactive|ffaki has 30 seconds left.\n|\n|t:|1700510034\n|move|p1a: Missy|Moonblast|p2a: Iron Bundle\n|-damage|p2a: Iron Bundle|0 fnt\n|faint|p2a: Iron Bundle\n|-end|p2a: Iron Bundle|Quark Drive|[silent]\n|move|p2b: Great Tusk|Headlong Rush|p1a: Missy\n|-crit|p1a: Missy\n|-damage|p1a: Missy|0 fnt\n|-unboost|p2b: Great Tusk|def|1\n|-unboost|p2b: Great Tusk|spd|1\n|faint|p1a: Missy\n|-end|p1a: Missy|Protosynthesis|[silent]\n|move|p1b: Mamo|High Horsepower|p2b: Great Tusk\n|-supereffective|p2b: Great Tusk\n|-enditem|p2b: Great Tusk|Focus Sash\n|-damage|p2b: Great Tusk|1\/100\n|\n|-weather|SunnyDay|[upkeep]\n|upkeep\n|\n|t:|1700510053\n|switch|p2a: Tornadus|Tornadus, L50, M|100\/100\n|switch|p1a: Ombra|Ogerpon-Hearthflame, L50, F|100\/100\n|-ability|p1a: Ombra|Mold Breaker\n|turn|5\n|\n|t:|1700510065\n|-terastallize|p1a: Ombra|Fire\n|detailschange|p1a: Ombra|Ogerpon-Hearthflame-Tera, L50, F, tera:Fire\n|-ability|p1a: Ombra|Embody Aspect (Hearthflame)|boost\n|-boost|p1a: Ombra|atk|1\n|move|p2a: Tornadus|Protect|p2a: Tornadus\n|-singleturn|p2a: Tornadus|Protect\n|move|p2b: Great Tusk|Protect|p2b: Great Tusk\n|-singleturn|p2b: Great Tusk|Protect\n|move|p1b: Mamo|Ice Shard|p2b: Great Tusk\n|-activate|p2b: Great Tusk|move: Protect\n|move|p1a: Ombra|Ivy Cudgel|p2a: Tornadus|[anim] Ivy Cudgel Fire\n|-activate|p2a: Tornadus|move: Protect\n|\n|-weather|none\n|-end|p2b: Great Tusk|Protosynthesis\n|-sideend|p1: CalmRosie|move: Tailwind\n|upkeep\n|turn|6\n|inactive|ffaki has 30 seconds left.\n|\n|t:|1700510099\n|-end|p2b: Great Tusk|Protosynthesis|[silent]\n|switch|p2b: Gholdengo|Gholdengo, L50|100\/100\n|move|p2a: Tornadus|Rain Dance|p2a: Tornadus\n|-weather|RainDance\n|move|p1b: Mamo|Ice Shard|p2b: Gholdengo\n|-resisted|p2b: Gholdengo\n|-damage|p2b: Gholdengo|89\/100\n|move|p1a: Ombra|Ivy Cudgel|p2a: Tornadus|[anim] Ivy Cudgel Fire\n|-damage|p2a: Tornadus|34\/100\n|\n|-weather|RainDance|[upkeep]\n|upkeep\n|turn|7\n|\n|t:|1700510123\n|move|p2b: Gholdengo|Protect|p2b: Gholdengo\n|-singleturn|p2b: Gholdengo|Protect\n|move|p2a: Tornadus|Tailwind|p2a: Tornadus\n|-sidestart|p2: ffaki|move: Tailwind\n|move|p1b: Mamo|Ice Shard|p2a: Tornadus\n|-supereffective|p2a: Tornadus\n|-damage|p2a: Tornadus|0 fnt\n|faint|p2a: Tornadus\n|move|p1a: Ombra|Ivy Cudgel|p2b: Gholdengo|[anim] Ivy Cudgel Fire\n|-activate|p2b: Gholdengo|move: Protect\n|\n|-weather|RainDance|[upkeep]\n|upkeep\n|\n|t:|1700510133\n|switch|p2a: Great Tusk|Great Tusk, L50, tera:Fire|1\/100\n|turn|8\n|\n|t:|1700510141\n|move|p2a: Great Tusk|Protect|p2a: Great Tusk\n|-singleturn|p2a: Great Tusk|Protect\n|move|p1b: Mamo|Ice Shard|p2a: Great Tusk\n|-activate|p2a: Great Tusk|move: Protect\n|move|p2b: Gholdengo|Make It Rain|p1a: Ombra|[spread] p1a,p1b\n|-resisted|p1a: Ombra\n|-supereffective|p1b: Mamo\n|-damage|p1a: Ombra|75\/100\n|-damage|p1b: Mamo|0 fnt\n|-unboost|p2b: Gholdengo|spa|1\n|faint|p1b: Mamo\n|-damage|p2b: Gholdengo|80\/100|[from] item: Life Orb\n|move|p1a: Ombra|Ivy Cudgel|p2b: Gholdengo|[anim] Ivy Cudgel Fire\n|-supereffective|p2b: Gholdengo\n|-damage|p2b: Gholdengo|0 fnt\n|faint|p2b: Gholdengo\n|\n|-weather|RainDance|[upkeep]\n|upkeep\n|turn|9\n|inactive|ffaki has 30 seconds left.\n|\n|t:|1700510168\n|move|p1a: Ombra|Spiky Shield|p1a: Ombra\n|-singleturn|p1a: Ombra|move: Protect\n|move|p2a: Great Tusk|Headlong Rush|p1a: Ombra\n|-activate|p1a: Ombra|move: Protect\n|-damage|p2a: Great Tusk|0 fnt|[from] Spiky Shield|[of] p1a: Ombra\n|faint|p2a: Great Tusk\n|-end|p2a: Great Tusk|Protosynthesis|[silent]\n|\n|win|CalmRosie\n|raw|CalmRosie's rating: 1392 &rarr; <strong>1410<\/strong><br \/>(+18 for winning)\n|raw|ffaki's rating: 1365 &rarr; <strong>1347<\/strong><br \/>(-18 for losing)\n|c|\u2606ffaki|wp\n|c|\u2606CalmRosie|and you!\n|c|\u2606ffaki|i thought about protct\n|c|\u2606CalmRosie|would have been a good play too\n|c|\u2606CalmRosie|its a tough call\n|c|\u2606ffaki|yees\n|c|\u2606ffaki|same for u\n|c|\u2606ffaki|50\/50\n|c|\u2606CalmRosie|yup\n|c|\u2606ffaki|but i flinched you with rock slide\n|c|\u2606CalmRosie|saving the tusk till my ice shard was done was an amazing play\n|c|\u2606ffaki|you would havve broken my sash\n|c|\u2606CalmRosie|yeah\n|c|\u2606CalmRosie|but thats part of using rock slide\n|c|\u2606ffaki|hahaha yes\n|c|\u2606ffaki|just lost the previous game on flich\n|c|\u2606CalmRosie|owch xD yeah\n|c|\u2606CalmRosie|I love my mamoswine\n|c|\u2606CalmRosie|ice + ground coverage is so good in this meta\n|c|\u2606ffaki|yes, it is cool mon\n|c|\u2606CalmRosie|and my team is very weak to tera fire\n|c|\u2606CalmRosie|which is a problem\n|c|\u2606ffaki|take urshi water\n|c|\u2606ffaki|you need grass water and fire\n|c|\u2606ffaki|ho oki doki\n|c|\u2606ffaki|it says dark on the page\n|c|\u2606CalmRosie|its predomenantly a sun team, so I don't really want to be using water urshi\n|c|\u2606CalmRosie|it would get less use\n","uploadtime":1700510214,"views":4,"p1id":"calmrosie","p2id":"ffaki","formatid":"gen9vgc2023regulatione","rating":1347,"private":0,"password":""}