{"id":"gen9vgc2023regulatione-2000436914","p1":"Lazy2Think","p2":"Lurvas","format":"[Gen 9] VGC 2023 Regulation E","log":"|j|\u2606Lazy2Think\n|j|\u2606Lurvas\n|t:|1701194707\n|gametype|doubles\n|player|p1|Lazy2Think|102|1092\n|player|p2|Lurvas|alder|1171\n|teamsize|p1|6\n|teamsize|p2|6\n|gen|9\n|tier|[Gen 9] VGC 2023 Regulation E\n|rated|\n|rule|Species Clause: Limit one of each Pok\u00e9mon\n|rule|Item Clause: Limit one of each item\n|clearpoke\n|poke|p1|Ogerpon-Wellspring, L50, F|\n|poke|p1|Tyranitar, L50, F|\n|poke|p1|Houndstone, L50, M|\n|poke|p1|Landorus-Therian, L50, M|\n|poke|p1|Gholdengo, L50|\n|poke|p1|Roaring Moon, L50|\n|poke|p2|Urshifu-*, L50, M|\n|poke|p2|Rillaboom, L50, F|\n|poke|p2|Flutter Mane, L50|\n|poke|p2|Arcanine-Hisui, L50, F|\n|poke|p2|Chien-Pao, L50|\n|poke|p2|Tornadus, L50, M|\n|teampreview|4\n|inactive|Battle timer is ON: inactive players will automatically lose when time's up. (requested by Lurvas)\nLurvas has agreed to open team sheets.\n|\n|t:|1701194757\n|start\n|switch|p1a: Landorus|Landorus-Therian, L50, M|100\/100\n|switch|p1b: Tyranitar|Tyranitar, L50, F|100\/100\n|switch|p2a: Arcanine|Arcanine-Hisui, L50, F|100\/100\n|switch|p2b: Chien-Pao|Chien-Pao, L50|100\/100\n|-ability|p1a: Landorus|Intimidate|boost\n|-unboost|p2a: Arcanine|atk|1\n|-unboost|p2b: Chien-Pao|atk|1\n|-ability|p2b: Chien-Pao|Sword of Ruin\n|-ability|p2a: Arcanine|Intimidate|boost\n|-unboost|p1a: Landorus|atk|1\n|-unboost|p1b: Tyranitar|atk|1\n|-weather|Sandstorm|[from] ability: Sand Stream|[of] p1b: Tyranitar\n|turn|1\n|\n|t:|1701194780\n|switch|p1a: Houndstone|Houndstone, L50, M|100\/100\n|switch|p2a: Rillaboom|Rillaboom, L50, F|100\/100\n|-fieldstart|move: Grassy Terrain|[from] ability: Grassy Surge|[of] p2a: Rillaboom\n|-terastallize|p1b: Tyranitar|Fairy\n|move|p2b: Chien-Pao|Icicle Crash|p1a: Houndstone\n|-damage|p1a: Houndstone|65\/100\n|move|p1b: Tyranitar|Rock Slide|p2b: Chien-Pao|[spread] p2a,p2b\n|-supereffective|p2b: Chien-Pao\n|-damage|p2a: Rillaboom|73\/100\n|-damage|p2b: Chien-Pao|45\/100\n|\n|-weather|Sandstorm|[upkeep]\n|-damage|p2b: Chien-Pao|39\/100|[from] Sandstorm\n|-damage|p2a: Rillaboom|67\/100|[from] Sandstorm\n|-damage|p1b: Tyranitar|95\/100|[from] Sandstorm\n|-heal|p1a: Houndstone|71\/100|[from] Grassy Terrain\n|-heal|p2b: Chien-Pao|45\/100|[from] Grassy Terrain\n|-heal|p2a: Rillaboom|73\/100|[from] Grassy Terrain\n|-heal|p1b: Tyranitar|100\/100|[from] Grassy Terrain\n|upkeep\n|turn|2\n|inactive|Lazy2Think has 30 seconds left.\n|inactive|Lazy2Think has 20 seconds left.\n|\n|t:|1701194816\n|switch|p1a: Landorus|Landorus-Therian, L50, M|100\/100\n|-ability|p1a: Landorus|Intimidate|boost\n|-unboost|p2a: Rillaboom|atk|1\n|-unboost|p2b: Chien-Pao|atk|1\n|move|p2b: Chien-Pao|Sucker Punch||[still]\n|-fail|p2b: Chien-Pao\n|move|p2a: Rillaboom|Drum Beating|p1b: Tyranitar\n|-damage|p1b: Tyranitar|61\/100\n|-unboost|p1b: Tyranitar|spe|1\n|move|p1b: Tyranitar|Rock Slide|p2a: Rillaboom|[spread] p2a,p2b\n|-supereffective|p2b: Chien-Pao\n|-damage|p2a: Rillaboom|44\/100\n|-damage|p2b: Chien-Pao|0 fnt\n|faint|p2b: Chien-Pao\n|\n|-weather|Sandstorm|[upkeep]\n|-damage|p2a: Rillaboom|38\/100|[from] Sandstorm\n|-damage|p1b: Tyranitar|55\/100|[from] Sandstorm\n|-heal|p2a: Rillaboom|44\/100|[from] Grassy Terrain\n|-heal|p1b: Tyranitar|61\/100|[from] Grassy Terrain\n|upkeep\n|\n|t:|1701194834\n|switch|p2b: Arcanine|Arcanine-Hisui, L50, F|100\/100\n|-ability|p2b: Arcanine|Intimidate|boost\n|-unboost|p1a: Landorus|atk|1\n|-unboost|p1b: Tyranitar|atk|1\n|turn|3\n|\n|t:|1701194844\n|switch|p1b: Houndstone|Houndstone, L50, M|71\/100\n|-terastallize|p2b: Arcanine|Fairy\n|move|p1a: Landorus|U-turn|p2a: Rillaboom\n|-supereffective|p2a: Rillaboom\n|-damage|p2a: Rillaboom|11\/100\n|\n|t:|1701194851\n|switch|p1a: Tyranitar|Tyranitar, L50, F, tera:Fairy|61\/100|[from] U-turn\n|move|p2b: Arcanine|Rock Slide|p1b: Houndstone|[spread] p1a,p1b\n|-damage|p1a: Tyranitar|30\/100\n|-damage|p1b: Houndstone|22\/100\n|-enditem|p1b: Houndstone|Sitrus Berry|[eat]\n|-heal|p1b: Houndstone|47\/100|[from] item: Sitrus Berry\n|move|p2a: Rillaboom|Drum Beating|p1b: Houndstone\n|-damage|p1b: Houndstone|13\/100\n|-unboost|p1b: Houndstone|spe|1\n|\n|-weather|Sandstorm|[upkeep]\n|-damage|p2b: Arcanine|94\/100|[from] Sandstorm\n|-damage|p2a: Rillaboom|5\/100|[from] Sandstorm\n|-damage|p1a: Tyranitar|24\/100|[from] Sandstorm\n|-heal|p1b: Houndstone|19\/100|[from] Grassy Terrain\n|-heal|p2b: Arcanine|100\/100|[from] Grassy Terrain\n|-heal|p2a: Rillaboom|11\/100|[from] Grassy Terrain\n|-heal|p1a: Tyranitar|30\/100|[from] Grassy Terrain\n|upkeep\n|turn|4\n|\n|t:|1701194873\n|switch|p2a: Urshifu|Urshifu-Rapid-Strike, L50, M|100\/100\n|move|p1b: Houndstone|Last Respects|p2a: Urshifu\n|-damage|p2a: Urshifu|83\/100\n|move|p2b: Arcanine|Rock Slide|p1a: Tyranitar|[spread] p1a,p1b\n|-damage|p1a: Tyranitar|0 fnt\n|-damage|p1b: Houndstone|0 fnt\n|faint|p1a: Tyranitar\n|faint|p1b: Houndstone\n|\n|-weather|Sandstorm|[upkeep]\n|-damage|p2a: Urshifu|77\/100|[from] Sandstorm\n|-damage|p2b: Arcanine|94\/100|[from] Sandstorm\n|-heal|p2a: Urshifu|83\/100|[from] Grassy Terrain\n|-heal|p2b: Arcanine|100\/100|[from] Grassy Terrain\n|upkeep\n|\n|t:|1701194881\n|switch|p1b: Landorus|Landorus-Therian, L50, M|100\/100\n|switch|p1a: Gholdengo|Gholdengo, L50|100\/100\n|-ability|p1b: Landorus|Intimidate|boost\n|-unboost|p2a: Urshifu|atk|1\n|-unboost|p2b: Arcanine|atk|1\n|turn|5\n|inactive|Lazy2Think has 30 seconds left.\n|\n|t:|1701194913\n|switch|p2b: Rillaboom|Rillaboom, L50, F|11\/100\n|move|p1b: Landorus|Rock Slide|p2b: Rillaboom|[spread] p2a,p2b\n|-resisted|p2a: Urshifu\n|-damage|p2a: Urshifu|73\/100\n|-damage|p2b: Rillaboom|0 fnt\n|faint|p2b: Rillaboom\n|move|p1a: Gholdengo|Shadow Ball|p2a: Urshifu\n|-damage|p2a: Urshifu|19\/100\n|move|p2a: Urshifu|Surging Strikes|p1b: Landorus\n|-supereffective|p1b: Landorus\n|-crit|p1b: Landorus\n|-damage|p1b: Landorus|38\/100\n|-supereffective|p1b: Landorus\n|-crit|p1b: Landorus\n|-damage|p1b: Landorus|0 fnt\n|faint|p1b: Landorus\n|-hitcount|p1: Landorus|2\n|\n|-weather|none\n|-heal|p2a: Urshifu|25\/100|[from] Grassy Terrain\n|-fieldend|move: Grassy Terrain\n|upkeep\n|\n|t:|1701194930\n|switch|p2b: Arcanine|Arcanine-Hisui, L50, F, tera:Fairy|100\/100\n|-ability|p2b: Arcanine|Intimidate|boost\n|-unboost|p1a: Gholdengo|atk|1\n|turn|6\n|\n|t:|1701194940\n|move|p2a: Urshifu|Detect|p2a: Urshifu\n|-singleturn|p2a: Urshifu|Protect\n|move|p1a: Gholdengo|Make It Rain|p2a: Urshifu|[spread] p2b\n|-activate|p2a: Urshifu|move: Protect\n|-supereffective|p2b: Arcanine\n|-damage|p2b: Arcanine|0 fnt\n|-unboost|p1a: Gholdengo|spa|1\n|faint|p2b: Arcanine\n|\n|upkeep\n|turn|7\n|\n|t:|1701194952\n|move|p1a: Gholdengo|Shadow Ball|p2a: Urshifu\n|-damage|p2a: Urshifu|0 fnt\n|faint|p2a: Urshifu\n|\n|win|Lazy2Think\n|raw|Lazy2Think's rating: 1092 &rarr; <strong>1124<\/strong><br \/>(+32 for winning)\n|raw|Lurvas's rating: 1171 &rarr; <strong>1140<\/strong><br \/>(-31 for losing)\n|c|\u2606Lurvas|gg\n","uploadtime":1701194960,"views":7,"p1id":"lazy2think","p2id":"lurvas","formatid":"gen9vgc2023regulatione","rating":1124,"private":0,"password":""}