{"id":"gen9vgc2023regulatione-1991715651","p1":"Lush Eagles","p2":"Desmondrocks11","format":"[Gen 9] VGC 2023 Regulation E","log":"|j|\u2606Lush Eagles\n|j|\u2606Desmondrocks11\n|t:|1700106141\n|gametype|doubles\n|player|p1|Lush Eagles|n|\n|player|p2|Desmondrocks11|skier|\n|teamsize|p1|6\n|teamsize|p2|6\n|gen|9\n|tier|[Gen 9] VGC 2023 Regulation E\n|rated|Tournament battle\n|rule|Species Clause: Limit one of each Pok\u00e9mon\n|rule|Item Clause: Limit one of each item\n|clearpoke\n|poke|p1|Armarouge, L50, M|\n|poke|p1|Indeedee-F, L50, F|\n|poke|p1|Iron Hands, L50|\n|poke|p1|Landorus-Therian, L50, M|\n|poke|p1|Ogerpon-Wellspring, L50, F|\n|poke|p1|Kingambit, L50, M|\n|poke|p2|Landorus-Therian, L50, M|\n|poke|p2|Flutter Mane, L50|\n|poke|p2|Heatran, L50, M|\n|poke|p2|Iron Hands, L50|\n|poke|p2|Dragonite, L50, M|\n|poke|p2|Ogerpon-Wellspring, L50, F|\n|teampreview|4\n|showteam|p1|Armarouge||TwistedSpoon|FlashFire|ExpandingForce,TrickRoom,ArmorCannon,AuraSphere|||M|||50|,,,,,Grass]Indeedee-F||TerrainExtender|PsychicSurge|TrickRoom,HelpingHand,HealPulse,FollowMe|||F|||50|,,,,,Psychic]Iron Hands||AssaultVest|QuarkDrive|FakeOut,WildCharge,DrainPunch,StompingTantrum||||||50|,,,,,Water]Landorus-Therian||ChoiceScarf|Intimidate|RockSlide,StompingTantrum,Uturn,TeraBlast|||M|||50|,,,,,Flying]Ogerpon-Wellspring||WellspringMask|WaterAbsorb|SpikyShield,SwordsDance,IvyCudgel,HornLeech|||F|||50|,,,,,Water]Kingambit||LifeOrb|Defiant|IronHead,KowtowCleave,Protect,SuckerPunch|||M|||50|,,,,,Fairy\n|showteam|p2|Landorus-Therian||ClearAmulet|Intimidate|TeraBlast,StompingTantrum,Uturn,Protect|||M|||50|,,,,,Flying]Flutter Mane||BoosterEnergy|Protosynthesis|Moonblast,ShadowBall,IcyWind,Protect||||||50|,,,,,Dragon]Heatran||ChoiceSpecs|FlashFire|HeatWave,Flamethrower,EarthPower,FlashCannon|||M|||50|,,,,,Fairy]Iron Hands||AssaultVest|QuarkDrive|FakeOut,DrainPunch,WildCharge,HeavySlam||||||50|,,,,,Water]Dragonite||ChoiceBand|InnerFocus|ExtremeSpeed,AerialAce,Outrage,AquaJet|||M|||50|,,,,,Normal]Ogerpon-Wellspring||WellspringMask|WaterAbsorb|IvyCudgel,HornLeech,FollowMe,SpikyShield|||F|||50|,,,,,Water\n|inactive|Battle timer is ON: inactive players will automatically lose when time's up. (requested by Desmondrocks11)\n|j|@Bright Size\n|l|@Bright Size\n|inactive|Lush Eagles has 60 seconds left.\n|j| FBISurveillanceMan\n|\n|t:|1700106196\n|start\n|switch|p1a: Armarouge|Armarouge, L50, M|100\/100\n|switch|p1b: Indeedee|Indeedee-F, L50, F|100\/100\n|switch|p2a: Landorus|Landorus-Therian, L50, M|100\/100\n|switch|p2b: Ogerpon|Ogerpon-Wellspring, L50, F|100\/100\n|-ability|p2a: Landorus|Intimidate|boost\n|-unboost|p1a: Armarouge|atk|1\n|-unboost|p1b: Indeedee|atk|1\n|-fieldstart|move: Psychic Terrain|[from] ability: Psychic Surge|[of] p1b: Indeedee\n|turn|1\n|\n|t:|1700106208\n|-terastallize|p2b: Ogerpon|Water\n|detailschange|p2b: Ogerpon|Ogerpon-Wellspring-Tera, L50, F, tera:Water\n|-ability|p2b: Ogerpon|Embody Aspect (Wellspring)|boost\n|-boost|p2b: Ogerpon|spd|1\n|-terastallize|p1a: Armarouge|Grass\n|move|p1b: Indeedee|Follow Me|p1b: Indeedee\n|-singleturn|p1b: Indeedee|move: Follow Me\n|move|p2b: Ogerpon|Ivy Cudgel|p1b: Indeedee|[anim] Ivy Cudgel Water\n|-damage|p1b: Indeedee|6\/100\n|move|p2a: Landorus|U-turn|p1b: Indeedee\n|-supereffective|p1b: Indeedee\n|-damage|p1b: Indeedee|0 fnt\n|faint|p1b: Indeedee\n|\n|t:|1700106222\n|switch|p2a: Heatran|Heatran, L50, M|100\/100|[from] U-turn\n|move|p1a: Armarouge|Trick Room|p1a: Armarouge\n|-fieldstart|move: Trick Room|[of] p1a: Armarouge\n|\n|upkeep\n|\n|t:|1700106230\n|switch|p1b: Landorus|Landorus-Therian, L50, M|100\/100\n|-ability|p1b: Landorus|Intimidate|boost\n|-unboost|p2a: Heatran|atk|1\n|-unboost|p2b: Ogerpon|atk|1\n|turn|2\n|inactive|Desmondrocks11 has 30 seconds left.\n|\n|t:|1700106257\n|move|p1a: Armarouge|Expanding Force|p2a: Heatran|[spread] p2a,p2b\n|-resisted|p2a: Heatran\n|-damage|p2a: Heatran|69\/100\n|-damage|p2b: Ogerpon|49\/100\n|move|p2a: Heatran|Flamethrower|p1b: Landorus\n|-damage|p1b: Landorus|19\/100\n|move|p2b: Ogerpon|Ivy Cudgel|p1b: Landorus|[anim] Ivy Cudgel Water\n|-supereffective|p1b: Landorus\n|-damage|p1b: Landorus|0 fnt\n|faint|p1b: Landorus\n|\n|upkeep\n|\n|t:|1700106267\n|switch|p1b: Kingambit|Kingambit, L50, M|100\/100\n|turn|3\n|j| kidturtle\n|\n|t:|1700106284\n|move|p1b: Kingambit|Kowtow Cleave|p2a: Heatran\n|-damage|p2a: Heatran|14\/100\n|-damage|p1b: Kingambit|91\/100|[from] item: Life Orb\n|move|p1a: Armarouge|Expanding Force|p2a: Heatran|[spread] p2a,p2b\n|-resisted|p2a: Heatran\n|-damage|p2a: Heatran|0 fnt\n|-damage|p2b: Ogerpon|0 fnt\n|faint|p2a: Heatran\n|faint|p2b: Ogerpon\n|\n|upkeep\n|\n|t:|1700106292\n|switch|p2a: Landorus|Landorus-Therian, L50, M|100\/100\n|switch|p2b: Flutter Mane|Flutter Mane, L50|100\/100\n|-ability|p2a: Landorus|Intimidate|boost\n|-unboost|p1a: Armarouge|atk|1\n|-unboost|p1b: Kingambit|atk|1\n|-ability|p1b: Kingambit|Defiant|boost\n|-boost|p1b: Kingambit|atk|2\n|-enditem|p2b: Flutter Mane|Booster Energy\n|-activate|p2b: Flutter Mane|ability: Protosynthesis|[fromitem]\n|-start|p2b: Flutter Mane|protosynthesisspe\n|turn|4\n|\n|t:|1700106310\n|move|p2a: Landorus|Protect|p2a: Landorus\n|-singleturn|p2a: Landorus|Protect\n|move|p2b: Flutter Mane|Protect|p2b: Flutter Mane\n|-singleturn|p2b: Flutter Mane|Protect\n|move|p1b: Kingambit|Iron Head|p2b: Flutter Mane\n|-activate|p2b: Flutter Mane|move: Protect\n|move|p1a: Armarouge|Expanding Force|p2b: Flutter Mane|[spread] \n|-activate|p2a: Landorus|move: Protect\n|-activate|p2b: Flutter Mane|move: Protect\n|\n|upkeep\n|turn|5\n|j| LasermanZ11\n|\n|t:|1700106324\n|move|p2b: Flutter Mane|Protect|p2b: Flutter Mane\n|-singleturn|p2b: Flutter Mane|Protect\n|move|p1b: Kingambit|Iron Head|p2b: Flutter Mane\n|-activate|p2b: Flutter Mane|move: Protect\n|move|p1a: Armarouge|Expanding Force|p2a: Landorus|[spread] p2a\n|-activate|p2b: Flutter Mane|move: Protect\n|-damage|p2a: Landorus|0 fnt\n|faint|p2a: Landorus\n|\n|-fieldend|move: Trick Room\n|upkeep\n|turn|6\n|\n|t:|1700106341\n|move|p2b: Flutter Mane|Moonblast|p1b: Kingambit\n|-damage|p1b: Kingambit|46\/100\n|move|p1a: Armarouge|Expanding Force|p2b: Flutter Mane\n|-damage|p2b: Flutter Mane|7\/100\n|move|p1b: Kingambit|Iron Head|p2b: Flutter Mane\n|-supereffective|p2b: Flutter Mane\n|-crit|p2b: Flutter Mane\n|-damage|p2b: Flutter Mane|0 fnt\n|faint|p2b: Flutter Mane\n|-end|p2b: Flutter Mane|Protosynthesis|[silent]\n|-damage|p1b: Kingambit|36\/100|[from] item: Life Orb\n|\n|win|Lush Eagles\n|n|\u2606Lush Eagles|lusheagles\n|n|\u2606Desmondrocks11|desmondrocks11\n|n| FBISurveillanceMan|fbisurveillanceman\n|n| kidturtle|kidturtle\n|n| LasermanZ11|lasermanz11\n|c|\u2606Desmondrocks11|gg\n|c|\u2606Lush Eagles|gg\n","uploadtime":1700106352,"views":14,"p1id":"lusheagles","p2id":"desmondrocks11","formatid":"gen9vgc2023regulatione","rating":0,"private":0,"password":""}