{"id":"gen9vgc2023regulatione-1998951196","p1":"Stonny","p2":"deboonteg","format":"[Gen 9] VGC 2023 Regulation E","log":"|j|\u2606Stonny\n|j|\u2606deboonteg\n|t:|1701016937\n|gametype|doubles\n|player|p1|Stonny|acetrainer-gen4dp|1235\n|player|p2|deboonteg|169|1186\n|teamsize|p1|6\n|teamsize|p2|6\n|gen|9\n|tier|[Gen 9] VGC 2023 Regulation E\n|rated|\n|rule|Species Clause: Limit one of each Pok\u00e9mon\n|rule|Item Clause: Limit one of each item\n|clearpoke\n|poke|p1|Heatran, L50, F|\n|poke|p1|Urshifu-*, L50, M|\n|poke|p1|Rillaboom, L50, M|\n|poke|p1|Landorus-Therian, L50, M|\n|poke|p1|Iron Hands, L50|\n|poke|p1|Tornadus, L50, M|\n|poke|p2|Azumarill, L50, M|\n|poke|p2|Sinistcha, L50|\n|poke|p2|Chien-Pao, L50|\n|poke|p2|Ninetales-Alola, L50, F|\n|poke|p2|Ogerpon-Wellspring, L50, F|\n|poke|p2|Kommo-o, L50, F|\n|teampreview|4\n|inactive|Battle timer is ON: inactive players will automatically lose when time's up. (requested by Stonny)\n|inactive|Stonny has 60 seconds left.\n|inactive|deboonteg has 60 seconds left.\n|\n|t:|1701016976\n|start\n|switch|p1a: Heatran|Heatran, L50, F|100\/100\n|switch|p1b: Tornadus|Tornadus, L50, M|100\/100\n|switch|p2a: Ninetales|Ninetales-Alola, L50, F|100\/100\n|switch|p2b: Kommo-o|Kommo-o, L50, F|100\/100\n|-weather|Snow|[from] ability: Snow Warning|[of] p2a: Ninetales\n|turn|1\n|\n|t:|1701016996\n|move|p1b: Tornadus|Taunt|p2b: Kommo-o\n|-start|p2b: Kommo-o|move: Taunt\n|move|p2a: Ninetales|Aurora Veil|p2a: Ninetales\n|-sidestart|p2: deboonteg|move: Aurora Veil\n|move|p1a: Heatran|Heat Wave|p2a: Ninetales|[spread] p2a,p2b\n|-supereffective|p2a: Ninetales\n|-resisted|p2b: Kommo-o\n|-damage|p2a: Ninetales|36\/100\n|-damage|p2b: Kommo-o|88\/100\n|cant|p2b: Kommo-o|move: Taunt|Clangorous Soul\n|\n|-weather|Snow|[upkeep]\n|upkeep\n|turn|2\n|inactive|Stonny has 30 seconds left.\n|\n|t:|1701017022\n|switch|p2b: Ogerpon|Ogerpon-Wellspring, L50, F|100\/100\n|move|p1b: Tornadus|Tailwind|p1b: Tornadus\n|-sidestart|p1: Stonny|move: Tailwind\n|move|p1a: Heatran|Heat Wave|p2b: Ogerpon|[spread] p2a,p2b\n|-supereffective|p2a: Ninetales\n|-damage|p2a: Ninetales|0 fnt\n|-damage|p2b: Ogerpon|78\/100\n|faint|p2a: Ninetales\n|\n|-weather|Snow|[upkeep]\n|upkeep\n|\n|t:|1701017033\n|switch|p2a: Kommo-o|Kommo-o, L50, F|88\/100\n|turn|3\n|\n|t:|1701017048\n|switch|p1a: Rillaboom|Rillaboom, L50, M|100\/100\n|-fieldstart|move: Grassy Terrain|[from] ability: Grassy Surge|[of] p1a: Rillaboom\n|-enditem|p1a: Rillaboom|Grassy Seed\n|-boost|p1a: Rillaboom|def|1|[from] item: Grassy Seed\n|move|p2b: Ogerpon|Follow Me|p2b: Ogerpon\n|-singleturn|p2b: Ogerpon|move: Follow Me\n|move|p1b: Tornadus|Taunt|p2b: Ogerpon\n|-start|p2b: Ogerpon|move: Taunt\n|move|p2a: Kommo-o|Clangorous Soul|p2a: Kommo-o\n|-boost|p2a: Kommo-o|atk|1\n|-boost|p2a: Kommo-o|def|1\n|-boost|p2a: Kommo-o|spa|1\n|-boost|p2a: Kommo-o|spd|1\n|-boost|p2a: Kommo-o|spe|1\n|-damage|p2a: Kommo-o|55\/100\n|-enditem|p2a: Kommo-o|Throat Spray\n|-boost|p2a: Kommo-o|spa|1|[from] item: Throat Spray\n|\n|-weather|Snow|[upkeep]\n|-heal|p2b: Ogerpon|84\/100|[from] Grassy Terrain\n|-heal|p2a: Kommo-o|61\/100|[from] Grassy Terrain\n|upkeep\n|turn|4\n|inactive|Stonny has 30 seconds left.\n|\n|t:|1701017085\n|switch|p2b: Sinistcha|Sinistcha, L50|100\/100\n|-heal|p2a: Kommo-o|86\/100|[from] ability: Hospitality|[of] p2b: Sinistcha\n|move|p1a: Rillaboom|Fake Out|p2a: Kommo-o\n|-damage|p2a: Kommo-o|81\/100\n|move|p1b: Tornadus|Rain Dance|p1b: Tornadus\n|-weather|RainDance\n|cant|p2a: Kommo-o|flinch\n|\n|-weather|RainDance|[upkeep]\n|-heal|p2a: Kommo-o|87\/100|[from] Grassy Terrain\n|upkeep\n|turn|5\n|\n|t:|1701017112\n|-terastallize|p1b: Tornadus|Steel\n|move|p2b: Sinistcha|Rage Powder|p2b: Sinistcha\n|-singleturn|p2b: Sinistcha|move: Rage Powder\n|move|p1b: Tornadus|Bleakwind Storm|p2a: Kommo-o|[spread] p2a,p2b\n|-supereffective|p2a: Kommo-o\n|-supereffective|p2b: Sinistcha\n|-damage|p2a: Kommo-o|60\/100\n|-damage|p2b: Sinistcha|55\/100\n|move|p1a: Rillaboom|Knock Off|p2b: Sinistcha\n|-supereffective|p2b: Sinistcha\n|-damage|p2b: Sinistcha|20\/100\n|-enditem|p2b: Sinistcha|Wiki Berry|[from] move: Knock Off|[of] p1a: Rillaboom\n|move|p2a: Kommo-o|Clanging Scales|p1a: Rillaboom|[spread] p1a,p1b\n|-resisted|p1b: Tornadus\n|-damage|p1a: Rillaboom|15\/100\n|-damage|p1b: Tornadus|59\/100\n|-unboost|p2a: Kommo-o|def|1\n|\n|-weather|RainDance|[upkeep]\n|-heal|p1b: Tornadus|64\/100|[from] Grassy Terrain\n|-heal|p1a: Rillaboom|20\/100|[from] Grassy Terrain\n|-heal|p2a: Kommo-o|66\/100|[from] Grassy Terrain\n|-heal|p2b: Sinistcha|26\/100|[from] Grassy Terrain\n|-sideend|p1: Stonny|move: Tailwind\n|-sideend|p2: deboonteg|move: Aurora Veil\n|upkeep\n|turn|6\n|inactive|deboonteg has 30 seconds left.\n|inactive|Stonny has 30 seconds left.\n|inactive|deboonteg has 20 seconds left.\n|inactive|deboonteg has 15 seconds left.\n|\n|t:|1701017155\n|move|p2a: Kommo-o|Clanging Scales|p1b: Tornadus|[spread] p1a,p1b\n|-resisted|p1b: Tornadus\n|-damage|p1a: Rillaboom|0 fnt\n|-damage|p1b: Tornadus|28\/100\n|-enditem|p1b: Tornadus|Sitrus Berry|[eat]\n|-heal|p1b: Tornadus|53\/100|[from] item: Sitrus Berry\n|faint|p1a: Rillaboom\n|-unboost|p2a: Kommo-o|def|1\n|move|p1b: Tornadus|Bleakwind Storm|p2b: Sinistcha|[spread] p2a,p2b\n|-supereffective|p2a: Kommo-o\n|-supereffective|p2b: Sinistcha\n|-damage|p2a: Kommo-o|27\/100\n|-damage|p2b: Sinistcha|0 fnt\n|faint|p2b: Sinistcha\n|\n|-weather|RainDance|[upkeep]\n|-heal|p2a: Kommo-o|33\/100|[from] Grassy Terrain\n|-heal|p1b: Tornadus|59\/100|[from] Grassy Terrain\n|upkeep\n|\n|t:|1701017178\n|switch|p1a: Urshifu|Urshifu-Rapid-Strike, L50, M|100\/100\n|switch|p2b: Ogerpon|Ogerpon-Wellspring, L50, F|84\/100\n|turn|7\n|\n|t:|1701017201\n|move|p1b: Tornadus|Tailwind|p1b: Tornadus\n|-sidestart|p1: Stonny|move: Tailwind\n|move|p1a: Urshifu|Close Combat|p2b: Ogerpon\n|-damage|p2b: Ogerpon|0 fnt\n|-unboost|p1a: Urshifu|def|1\n|-unboost|p1a: Urshifu|spd|1\n|faint|p2b: Ogerpon\n|move|p2a: Kommo-o|Clanging Scales|p1a: Urshifu|[spread] p1a,p1b\n|-resisted|p1b: Tornadus\n|-enditem|p1a: Urshifu|Focus Sash\n|-damage|p1a: Urshifu|1\/100\n|-damage|p1b: Tornadus|22\/100\n|-unboost|p2a: Kommo-o|def|1\n|\n|-weather|RainDance|[upkeep]\n|-heal|p1a: Urshifu|7\/100|[from] Grassy Terrain\n|-heal|p1b: Tornadus|28\/100|[from] Grassy Terrain\n|-heal|p2a: Kommo-o|39\/100|[from] Grassy Terrain\n|-fieldend|move: Grassy Terrain\n|upkeep\n|turn|8\n|\n|t:|1701017217\n|move|p2a: Kommo-o|Protect|p2a: Kommo-o\n|-singleturn|p2a: Kommo-o|Protect\n|move|p1a: Urshifu|Surging Strikes|p2a: Kommo-o\n|-resisted|p2a: Kommo-o\n|-crit|p2a: Kommo-o\n|-damage|p2a: Kommo-o|16\/100\n|-resisted|p2a: Kommo-o\n|-crit|p2a: Kommo-o\n|-damage|p2a: Kommo-o|0 fnt\n|faint|p2a: Kommo-o\n|-hitcount|p2: Kommo-o|2\n|\n|win|Stonny\n|raw|Stonny's rating: 1235 &rarr; <strong>1256<\/strong><br \/>(+21 for winning)\n|raw|deboonteg's rating: 1186 &rarr; <strong>1165<\/strong><br \/>(-21 for losing)\n|l|\u2606deboonteg\n|c|\u2606Stonny|gg\n","uploadtime":1701017236,"views":1,"p1id":"stonny","p2id":"deboonteg","formatid":"gen9vgc2023regulatione","rating":1165,"private":0,"password":""}