{"id":"gen9vgc2023regulatione-1992619526","p1":"TheLegendaryMuffin","p2":"TrollerMaximus","format":"[Gen 9] VGC 2023 Regulation E","log":"|j|\u2606TheLegendaryMuffin\n|j|\u2606TrollerMaximus\n|t:|1700215796\n|gametype|doubles\n|player|p1|TheLegendaryMuffin|hiker-gen4|1499\n|player|p2|TrollerMaximus|101|1460\n|teamsize|p1|6\n|teamsize|p2|6\n|gen|9\n|tier|[Gen 9] VGC 2023 Regulation E\n|rated|\n|rule|Species Clause: Limit one of each Pok\u00e9mon\n|rule|Item Clause: Limit one of each item\n|clearpoke\n|poke|p1|Lucario, L50, M|\n|poke|p1|Chien-Pao, L50|\n|poke|p1|Tornadus, L50, M|\n|poke|p1|Rillaboom, L50, M|\n|poke|p1|Gholdengo, L50|\n|poke|p1|Landorus-Therian, L50, M|\n|poke|p2|Urshifu-*, L50, M|\n|poke|p2|Farigiraf, L50, F|\n|poke|p2|Clefairy, L50, F|\n|poke|p2|Ogerpon-Hearthflame, L50, F|\n|poke|p2|Ursaluna-Bloodmoon, L50, M|\n|poke|p2|Okidogi, L50, M|\n|teampreview|4\nTheLegendaryMuffin has agreed to open team sheets.\n|\n|t:|1700215841\n|start\n|switch|p1a: Chien-Pao|Chien-Pao, L50|100\/100\n|switch|p1b: Lucario|Lucario, L50, M|100\/100\n|switch|p2a: Farigiraf|Farigiraf, L50, F|100\/100\n|switch|p2b: Okidogi|Okidogi, L50, M|100\/100\n|-ability|p1a: Chien-Pao|Sword of Ruin\n|turn|1\n|\n|t:|1700215872\n|-terastallize|p2a: Farigiraf|Dragon\n|move|p1a: Chien-Pao|Icicle Crash|p2b: Okidogi\n|-damage|p2b: Okidogi|48\/100\n|move|p1b: Lucario|Meteor Mash|p2b: Okidogi\n|-damage|p2b: Okidogi|0 fnt\n|-boost|p1b: Lucario|atk|1\n|faint|p2b: Okidogi\n|move|p2a: Farigiraf|Trick Room|p2a: Farigiraf\n|-fieldstart|move: Trick Room|[of] p2a: Farigiraf\n|\n|upkeep\n|\n|t:|1700215883\n|switch|p2b: Ursaluna|Ursaluna-Bloodmoon, L50, M|100\/100\n|turn|2\n|\n|t:|1700215893\n|move|p2b: Ursaluna|Protect|p2b: Ursaluna\n|-singleturn|p2b: Ursaluna|Protect\n|move|p2a: Farigiraf|Dazzling Gleam|p1a: Chien-Pao|[spread] p1a,p1b\n|-supereffective|p1a: Chien-Pao\n|-damage|p1a: Chien-Pao|46\/100\n|-damage|p1b: Lucario|70\/100\n|move|p1b: Lucario|Meteor Mash|p2a: Farigiraf\n|-damage|p2a: Farigiraf|0 fnt\n|faint|p2a: Farigiraf\n|move|p1a: Chien-Pao|Icicle Crash|p2b: Ursaluna\n|-activate|p2b: Ursaluna|move: Protect\n|\n|upkeep\n|\n|t:|1700215904\n|switch|p2a: Clefairy|Clefairy, L50, F|100\/100\n|turn|3\n|\n|t:|1700215919\n|switch|p1b: Landorus|Landorus-Therian, L50, M|100\/100\n|-ability|p1b: Landorus|Intimidate|boost\n|-unboost|p2a: Clefairy|atk|1\n|-unboost|p2b: Ursaluna|atk|1\n|move|p2a: Clefairy|Follow Me|p2a: Clefairy\n|-singleturn|p2a: Clefairy|move: Follow Me\n|move|p2b: Ursaluna|Earth Power|p1b: Landorus\n|-immune|p1b: Landorus\n|move|p1a: Chien-Pao|Icicle Crash|p2a: Clefairy|[miss]\n|-miss|p1a: Chien-Pao|p2a: Clefairy\n|\n|upkeep\n|turn|4\n|\n|t:|1700215941\n|move|p2a: Clefairy|Helping Hand|p2b: Ursaluna\n|-singleturn|p2b: Ursaluna|Helping Hand|[of] p2a: Clefairy\n|move|p1a: Chien-Pao|Protect|p1a: Chien-Pao\n|-singleturn|p1a: Chien-Pao|Protect\n|move|p2b: Ursaluna|Hyper Voice|p1a: Chien-Pao|[spread] p1b\n|-activate|p1a: Chien-Pao|move: Protect\n|-damage|p1b: Landorus|7\/100\n|-damage|p2b: Ursaluna|91\/100|[from] item: Life Orb\n|move|p1b: Landorus|U-turn|p2a: Clefairy\n|-resisted|p2a: Clefairy\n|-damage|p2a: Clefairy|87\/100\n|\n|t:|1700215944\n|switch|p1b: Rillaboom|Rillaboom, L50, M|100\/100|[from] U-turn\n|-fieldstart|move: Grassy Terrain|[from] ability: Grassy Surge|[of] p1b: Rillaboom\n|\n|-heal|p2a: Clefairy|93\/100|[from] Grassy Terrain\n|-heal|p2b: Ursaluna|97\/100|[from] Grassy Terrain\n|-heal|p1a: Chien-Pao|52\/100|[from] Grassy Terrain\n|upkeep\n|turn|5\n|\n|t:|1700215968\n|move|p2a: Clefairy|Protect|p2a: Clefairy\n|-singleturn|p2a: Clefairy|Protect\n|move|p2b: Ursaluna|Protect|p2b: Ursaluna\n|-singleturn|p2b: Ursaluna|Protect\n|move|p1b: Rillaboom|Fake Out|p2b: Ursaluna\n|-activate|p2b: Ursaluna|move: Protect\n|move|p1a: Chien-Pao|Icicle Crash|p2a: Clefairy\n|-activate|p2a: Clefairy|move: Protect\n|\n|-heal|p2a: Clefairy|99\/100|[from] Grassy Terrain\n|-heal|p2b: Ursaluna|100\/100|[from] Grassy Terrain\n|-heal|p1a: Chien-Pao|58\/100|[from] Grassy Terrain\n|-fieldend|move: Trick Room\n|upkeep\n|turn|6\n|\n|t:|1700215982\n|move|p2a: Clefairy|Follow Me|p2a: Clefairy\n|-singleturn|p2a: Clefairy|move: Follow Me\n|move|p1a: Chien-Pao|Icicle Crash|p2a: Clefairy|[miss]\n|-miss|p1a: Chien-Pao|p2a: Clefairy\n|move|p1b: Rillaboom|Wood Hammer|p2a: Clefairy\n|-damage|p2a: Clefairy|16\/100\n|-damage|p1b: Rillaboom|77\/100|[from] Recoil\n|move|p2b: Ursaluna|Hyper Voice|p1b: Rillaboom|[spread] p1a,p1b\n|-damage|p1a: Chien-Pao|0 fnt\n|-damage|p1b: Rillaboom|35\/100\n|faint|p1a: Chien-Pao\n|-damage|p2b: Ursaluna|91\/100|[from] item: Life Orb\n|\n|-heal|p1b: Rillaboom|41\/100|[from] Grassy Terrain\n|-heal|p2b: Ursaluna|97\/100|[from] Grassy Terrain\n|-heal|p2a: Clefairy|22\/100|[from] Grassy Terrain\n|upkeep\n|\n|t:|1700215990\n|switch|p1a: Lucario|Lucario, L50, M|70\/100\n|turn|7\n|\n|t:|1700216009\n|move|p2a: Clefairy|Protect|p2a: Clefairy\n|-singleturn|p2a: Clefairy|Protect\n|move|p1a: Lucario|Bullet Punch|p2a: Clefairy\n|-activate|p2a: Clefairy|move: Protect\n|move|p1b: Rillaboom|Wood Hammer|p2b: Ursaluna\n|-supereffective|p2b: Ursaluna\n|-damage|p2b: Ursaluna|5\/100\n|-damage|p1b: Rillaboom|9\/100|[from] Recoil\n|move|p2b: Ursaluna|Hyper Voice|p1b: Rillaboom|[spread] p1a,p1b\n|-resisted|p1a: Lucario\n|-damage|p1a: Lucario|31\/100\n|-damage|p1b: Rillaboom|0 fnt\n|faint|p1b: Rillaboom\n|-damage|p2b: Ursaluna|0 fnt|[from] item: Life Orb\n|faint|p2b: Ursaluna\n|\n|-heal|p1a: Lucario|37\/100|[from] Grassy Terrain\n|-heal|p2a: Clefairy|28\/100|[from] Grassy Terrain\n|upkeep\n|\n|t:|1700216012\n|switch|p1b: Landorus|Landorus-Therian, L50, M|7\/100\n|-ability|p1b: Landorus|Intimidate|boost\n|-unboost|p2a: Clefairy|atk|1\n|turn|8\n|-message|TrollerMaximus forfeited.\n|\n|win|TheLegendaryMuffin\n|raw|TheLegendaryMuffin's rating: 1499 &rarr; <strong>1517<\/strong><br \/>(+18 for winning)\n|raw|TrollerMaximus's rating: 1460 &rarr; <strong>1442<\/strong><br \/>(-18 for losing)\n|l|\u2606TrollerMaximus\n","uploadtime":1700216034,"views":22,"p1id":"thelegendarymuffin","p2id":"trollermaximus","formatid":"gen9vgc2023regulatione","rating":1442,"private":0,"password":""}