{"id":"gen9vgc2023regulatione-1998415257","p1":"Gatoradefentoni","p2":"Jack00VGC","format":"[Gen 9] VGC 2023 Regulation E","log":"|j|\u2606Gatoradefentoni\n|j|\u2606Jack00VGC\n|t:|1700939768\n|gametype|doubles\n|player|p1|Gatoradefentoni|265|1176\n|player|p2|Jack00VGC|alder|1075\n|teamsize|p1|6\n|teamsize|p2|6\n|gen|9\n|tier|[Gen 9] VGC 2023 Regulation E\n|rated|\n|rule|Species Clause: Limit one of each Pok\u00e9mon\n|rule|Item Clause: Limit one of each item\n|clearpoke\n|poke|p1|Iron Hands, L50|\n|poke|p1|Dusclops, L50, M|\n|poke|p1|Hatterene, L50, F|\n|poke|p1|Skeledirge, L50, M|\n|poke|p1|Appletun, L50, M|\n|poke|p1|Empoleon, L50, M|\n|poke|p2|Flutter Mane, L50|\n|poke|p2|Ogerpon-Wellspring, L50, F|\n|poke|p2|Indeedee-F, L50, F|\n|poke|p2|Chi-Yu, L50|\n|poke|p2|Regieleki, L50|\n|poke|p2|Tornadus, L50, M|\n|teampreview|4\n|inactive|Battle timer is ON: inactive players will automatically lose when time's up. (requested by Jack00VGC)\nJack00VGC rejected open team sheets.\n|inactive|Gatoradefentoni has 60 seconds left.\n|inactive|Jack00VGC has 60 seconds left.\n|\n|t:|1700939828\n|start\n|switch|p1a: Skeledirge|Skeledirge, L50, M, shiny|100\/100\n|switch|p1b: Dusclops|Dusclops, L50, M, shiny|100\/100\n|switch|p2a: Ogerpon|Ogerpon-Wellspring, L50, F|100\/100\n|switch|p2b: Tornadus|Tornadus, L50, M|100\/100\n|-item|p2a: Ogerpon|Wellspring Mask|[from] ability: Frisk|[of] p1b: Dusclops|[identify]\n|-item|p2b: Tornadus|Safety Goggles|[from] ability: Frisk|[of] p1b: Dusclops|[identify]\n|turn|1\n|inactive|Gatoradefentoni has 30 seconds left.\n|inactive|Jack00VGC has 30 seconds left.\n|inactive|Gatoradefentoni has 20 seconds left.\n|inactive|Jack00VGC has 20 seconds left.\n|inactive|Gatoradefentoni has 15 seconds left.\n|\n|t:|1700939868\n|switch|p1b: Iron Hands|Iron Hands, L50, shiny|100\/100\n|-terastallize|p2a: Ogerpon|Water\n|detailschange|p2a: Ogerpon|Ogerpon-Wellspring-Tera, L50, F, tera:Water\n|-ability|p2a: Ogerpon|Embody Aspect (Wellspring)|boost\n|-boost|p2a: Ogerpon|spd|1\n|-terastallize|p1a: Skeledirge|Fairy\n|move|p2b: Tornadus|Rain Dance|p2b: Tornadus\n|-weather|RainDance\n|move|p2a: Ogerpon|Ivy Cudgel|p1b: Iron Hands|[anim] Ivy Cudgel Water\n|-damage|p1b: Iron Hands|28\/100\n|move|p1a: Skeledirge|Torch Song|p2b: Tornadus\n|-damage|p2b: Tornadus|87\/100\n|-boost|p1a: Skeledirge|spa|1\n|\n|-weather|RainDance|[upkeep]\n|upkeep\n|turn|2\n|inactive|Gatoradefentoni has 30 seconds left.\n|\n|t:|1700939894\n|move|p1b: Iron Hands|Fake Out|p2a: Ogerpon\n|-damage|p2a: Ogerpon|82\/100\n|cant|p2a: Ogerpon|flinch\n|move|p2b: Tornadus|Bleakwind Storm|p1b: Iron Hands|[spread] p1a,p1b\n|-damage|p1a: Skeledirge|75\/100\n|-damage|p1b: Iron Hands|12\/100\n|move|p1a: Skeledirge|Yawn|p2a: Ogerpon\n|-start|p2a: Ogerpon|move: Yawn|[of] p1a: Skeledirge\n|\n|-weather|RainDance|[upkeep]\n|upkeep\n|turn|3\n|\n|t:|1700939918\n|move|p2a: Ogerpon|Horn Leech|p1a: Skeledirge\n|-damage|p1a: Skeledirge|43\/100\n|-heal|p2a: Ogerpon|100\/100|[from] drain|[of] p1a: Skeledirge\n|-enditem|p1a: Skeledirge|Sitrus Berry|[eat]\n|-heal|p1a: Skeledirge|68\/100|[from] item: Sitrus Berry\n|move|p2b: Tornadus|Bleakwind Storm|p1b: Iron Hands|[spread] p1a,p1b\n|-crit|p1a: Skeledirge\n|-damage|p1a: Skeledirge|29\/100\n|-damage|p1b: Iron Hands|0 fnt\n|-unboost|p1a: Skeledirge|spe|1\n|faint|p1b: Iron Hands\n|-end|p1b: Iron Hands|Quark Drive|[silent]\n|move|p1a: Skeledirge|Yawn||[still]\n|-fail|p1a: Skeledirge\n|\n|-weather|RainDance|[upkeep]\n|-end|p2a: Ogerpon|move: Yawn|[silent]\n|-status|p2a: Ogerpon|slp\n|upkeep\n|\n|t:|1700939926\n|switch|p1b: Dusclops|Dusclops, L50, M, shiny|100\/100\n|-item|p2a: Ogerpon|Wellspring Mask|[from] ability: Frisk|[of] p1b: Dusclops|[identify]\n|-item|p2b: Tornadus|Safety Goggles|[from] ability: Frisk|[of] p1b: Dusclops|[identify]\n|turn|4\n|\n|t:|1700939944\n|move|p1a: Skeledirge|Protect|p1a: Skeledirge\n|-singleturn|p1a: Skeledirge|Protect\n|cant|p2a: Ogerpon|slp\n|move|p2b: Tornadus|Bleakwind Storm|p1b: Dusclops|[spread] p1b\n|-activate|p1a: Skeledirge|move: Protect\n|-damage|p1b: Dusclops|81\/100\n|move|p1b: Dusclops|Trick Room|p1b: Dusclops\n|-fieldstart|move: Trick Room|[of] p1b: Dusclops\n|\n|-weather|RainDance|[upkeep]\n|upkeep\n|turn|5\n|\n|t:|1700939965\n|move|p2b: Tornadus|Protect|p2b: Tornadus\n|-singleturn|p2b: Tornadus|Protect\n|cant|p2a: Ogerpon|slp\n|move|p1b: Dusclops|Will-O-Wisp|p2b: Tornadus\n|-activate|p2b: Tornadus|move: Protect\n|move|p1a: Skeledirge|Slack Off|p1a: Skeledirge\n|-heal|p1a: Skeledirge|80\/100\n|\n|-weather|none\n|upkeep\n|turn|6\n|inactive|Gatoradefentoni has 30 seconds left.\n|\n|t:|1700939990\n|move|p2b: Tornadus|Rain Dance|p2b: Tornadus\n|-weather|RainDance\n|move|p1b: Dusclops|Night Shade|p2a: Ogerpon\n|-damage|p2a: Ogerpon|68\/100 slp\n|move|p1a: Skeledirge|Torch Song|p2b: Tornadus\n|-damage|p2b: Tornadus|67\/100\n|-boost|p1a: Skeledirge|spa|1\n|cant|p2a: Ogerpon|slp\n|\n|-weather|RainDance|[upkeep]\n|upkeep\n|turn|7\n|inactive|Gatoradefentoni has 30 seconds left.\n|\n|t:|1700940018\n|move|p2b: Tornadus|Protect|p2b: Tornadus\n|-singleturn|p2b: Tornadus|Protect\n|move|p1b: Dusclops|Will-O-Wisp|p2b: Tornadus\n|-activate|p2b: Tornadus|move: Protect\n|move|p1a: Skeledirge|Torch Song|p2b: Tornadus\n|-activate|p2b: Tornadus|move: Protect\n|-curestatus|p2a: Ogerpon|slp|[msg]\n|move|p2a: Ogerpon|Ivy Cudgel|p1a: Skeledirge|[anim] Ivy Cudgel Water\n|-damage|p1a: Skeledirge|0 fnt\n|faint|p1a: Skeledirge\n|\n|-weather|RainDance|[upkeep]\n|upkeep\n|\n|t:|1700940020\n|switch|p1a: Appletun|Appletun, L50, M, shiny|100\/100\n|turn|8\n|\n|t:|1700940039\n|move|p2a: Ogerpon|Spiky Shield|p2a: Ogerpon\n|-singleturn|p2a: Ogerpon|move: Protect\n|move|p2b: Tornadus|Tailwind|p2b: Tornadus\n|-sidestart|p2: Jack00VGC|move: Tailwind\n|move|p1a: Appletun|Apple Acid|p2a: Ogerpon\n|-activate|p2a: Ogerpon|move: Protect\n|move|p1b: Dusclops|Night Shade|p2a: Ogerpon\n|-activate|p2a: Ogerpon|move: Protect\n|\n|-weather|RainDance|[upkeep]\n|-fieldend|move: Trick Room\n|upkeep\n|turn|9\n|-message|Gatoradefentoni forfeited.\n|\n|win|Jack00VGC\n|raw|Gatoradefentoni's rating: 1176 &rarr; <strong>1144<\/strong><br \/>(-32 for losing)\n|raw|Jack00VGC's rating: 1075 &rarr; <strong>1112<\/strong><br \/>(+37 for winning)\n|l|\u2606Gatoradefentoni\n|c|\u2606Jack00VGC|ook\n","uploadtime":1700940060,"views":1,"p1id":"gatoradefentoni","p2id":"jack00vgc","formatid":"gen9vgc2023regulatione","rating":1112,"private":0,"password":""}