{"id":"gen9vgc2023regulatione-1995722797","p1":"OfficerQuaxly","p2":"Cozy Snail","format":"[Gen 9] VGC 2023 Regulation E","log":"|j|\u2606OfficerQuaxly\n|j|\u2606Cozy Snail\n|n|\u2606OfficerQuaxly|officerquaxly\n|n|\u2606Cozy Snail|cozysnail\n|html|View the match progress at <a href=\"\/game-bestof3-gen9vgc2023regulatione-1995716900\">game-bestof3-gen9vgc2023regulatione-1995716900<\/a>\n|t:|1700597133\n|gametype|doubles\n|player|p1|OfficerQuaxly|larry|\n|player|p2|Cozy Snail|fisherman-gen4|\n|teamsize|p1|6\n|teamsize|p2|6\n|gen|9\n|tier|[Gen 9] VGC 2023 Regulation E\n|rule|Species Clause: Limit one of each Pok\u00e9mon\n|rule|Item Clause: Limit one of each item\n|clearpoke\n|poke|p1|Honchkrow, L50, M|\n|poke|p1|Ursaluna, L50, M|\n|poke|p1|Arcanine-Hisui, L50, M|\n|poke|p1|Sinistcha-Masterpiece, L50|\n|poke|p1|Basculegion-F, L50, F|\n|poke|p1|Hariyama, L50, M|\n|poke|p2|Heatran, L50, F|\n|poke|p2|Landorus-Therian, L50, M|\n|poke|p2|Illumise, L50, F|\n|poke|p2|Enamorus-Therian, L50, F|\n|poke|p2|Blissey, L50, F|\n|poke|p2|Vikavolt, L50, F|\n|teampreview|4\n|j| downfall18\n|j| Aox93\n|j| OmegaAlpha01\n|j| pokemon_and_beer\n|\n|t:|1700597230\n|start\n|switch|p1a: Hariyama|Hariyama, L50, M|100\/100\n|switch|p1b: Honchkrow|Honchkrow, L50, M|100\/100\n|switch|p2a: Vikavolt|Vikavolt, L50, F|100\/100\n|switch|p2b: Landorus|Landorus-Therian, L50, M, shiny|100\/100\n|-ability|p2b: Landorus|Intimidate|boost\n|-unboost|p1a: Hariyama|atk|1\n|-unboost|p1b: Honchkrow|atk|1\n|turn|1\n|c|\u2606OfficerQuaxly|glhf btw LOL\n|c|\u2606Cozy Snail|oof glhf!\n|c| pokemon_and_beer|glhf to you both\n|\n|t:|1700597295\n|move|p2b: Landorus|Protect|p2b: Landorus\n|-singleturn|p2b: Landorus|Protect\n|move|p1a: Hariyama|Fake Out|p2b: Landorus\n|-activate|p2b: Landorus|move: Protect\n|move|p1b: Honchkrow|Tailwind|p1b: Honchkrow\n|-sidestart|p1: OfficerQuaxly|move: Tailwind\n|move|p2a: Vikavolt|Volt Switch|p1b: Honchkrow\n|-supereffective|p1b: Honchkrow\n|-enditem|p1b: Honchkrow|Focus Sash\n|-damage|p1b: Honchkrow|1\/100\n|\n|t:|1700597305\n|switch|p2a: Illumise|Illumise, L50, F, shiny|100\/100|[from] Volt Switch\n|\n|upkeep\n|turn|2\n|\n|t:|1700597330\n|switch|p1b: Ursaluna|Ursaluna, L50, M|100\/100\n|switch|p2b: Heatran|Heatran, L50, F, shiny|100\/100\n|move|p2a: Illumise|Tailwind|p2a: Illumise\n|-sidestart|p2: Cozy Snail|move: Tailwind\n|move|p1a: Hariyama|Ice Punch|p2b: Heatran\n|-resisted|p2b: Heatran\n|-damage|p2b: Heatran|97\/100\n|\n|-status|p1b: Ursaluna|brn|[from] item: Flame Orb\n|upkeep\n|turn|3\n|l| pokemon_and_beer\n|\n|t:|1700597424\n|switch|p2a: Landorus|Landorus-Therian, L50, M, shiny|100\/100\n|-ability|p2a: Landorus|Intimidate|boost\n|-unboost|p1a: Hariyama|atk|1\n|-unboost|p1b: Ursaluna|atk|1\n|switch|p2b: Vikavolt|Vikavolt, L50, F|100\/100\n|switch|p1a: Honchkrow|Honchkrow, L50, M|1\/100\n|move|p1b: Ursaluna|Facade|p2a: Landorus\n|-damage|p2a: Landorus|19\/100\n|\n|-damage|p1b: Ursaluna|95\/100 brn|[from] brn\n|upkeep\n|turn|4\n|\n|t:|1700597452\n|-terastallize|p2b: Vikavolt|Ghost\n|-terastallize|p1b: Ursaluna|Normal\n|move|p2a: Landorus|Rock Slide|p1a: Honchkrow|[spread] p1a,p1b\n|-supereffective|p1a: Honchkrow\n|-damage|p1a: Honchkrow|0 fnt\n|-damage|p1b: Ursaluna|80\/100 brn\n|faint|p1a: Honchkrow\n|move|p2b: Vikavolt|Energy Ball|p1b: Ursaluna\n|-damage|p1b: Ursaluna|50\/100 brn\n|move|p1b: Ursaluna|Facade|p2b: Vikavolt\n|-immune|p2b: Vikavolt\n|\n|-damage|p1b: Ursaluna|45\/100 brn|[from] brn\n|-sideend|p1: OfficerQuaxly|move: Tailwind\n|upkeep\n|\n|t:|1700597473\n|switch|p1a: Arcanine|Arcanine-Hisui, L50, M|100\/100\n|-ability|p1a: Arcanine|Intimidate|boost\n|-fail|p2a: Landorus|unboost|[from] item: Clear Amulet|[of] p2a: Landorus\n|-unboost|p2b: Vikavolt|atk|1\n|turn|5\n|\n|t:|1700597518\n|switch|p1a: Hariyama|Hariyama, L50, M|100\/100\n|move|p2a: Landorus|Earthquake|p1b: Ursaluna|[spread] p1a,p1b\n|-immune|p2b: Vikavolt|[from] ability: Levitate\n|-damage|p1a: Hariyama|66\/100\n|-damage|p1b: Ursaluna|16\/100 brn\n|move|p2b: Vikavolt|Volt Switch|p1b: Ursaluna\n|-damage|p1b: Ursaluna|0 fnt\n|faint|p1b: Ursaluna\n|\n|t:|1700597531\n|switch|p2b: Heatran|Heatran, L50, F, shiny|97\/100|[from] Volt Switch\n|\n|-sideend|p2: Cozy Snail|move: Tailwind\n|upkeep\n|j| MikeTitan\n|\n|t:|1700597535\n|switch|p1b: Arcanine|Arcanine-Hisui, L50, M|100\/100\n|-ability|p1b: Arcanine|Intimidate|boost\n|-fail|p2a: Landorus|unboost|[from] item: Clear Amulet|[of] p2a: Landorus\n|-unboost|p2b: Heatran|atk|1\n|turn|6\n|\n|t:|1700597552\n|move|p2a: Landorus|Protect|p2a: Landorus\n|-singleturn|p2a: Landorus|Protect\n|move|p1b: Arcanine|Rock Slide|p2a: Landorus|[spread] p2b\n|-activate|p2a: Landorus|move: Protect\n|-damage|p2b: Heatran|77\/100\n|move|p2b: Heatran|Earth Power|p1b: Arcanine\n|-supereffective|p1b: Arcanine\n|-damage|p1b: Arcanine|0 fnt\n|faint|p1b: Arcanine\n|move|p1a: Hariyama|Close Combat|p2b: Heatran\n|-supereffective|p2b: Heatran\n|-damage|p2b: Heatran|0 fnt\n|-unboost|p1a: Hariyama|def|1\n|-unboost|p1a: Hariyama|spd|1\n|faint|p2b: Heatran\n|\n|upkeep\n|l| MikeTitan\n|l| Aox93\n|c|\u2606OfficerQuaxly|ggs\n|l| OmegaAlpha01\n|\n|t:|1700597569\n|switch|p2b: Illumise|Illumise, L50, F, shiny|100\/100\n|turn|7\n|\n|t:|1700597576\n|move|p2b: Illumise|Charm|p1a: Hariyama\n|-unboost|p1a: Hariyama|atk|2\n|move|p2a: Landorus|Earthquake|p1a: Hariyama|[spread] p2b,p1a\n|-resisted|p2b: Illumise\n|-damage|p2b: Illumise|81\/100\n|-damage|p1a: Hariyama|7\/100\n|move|p1a: Hariyama|Close Combat|p2a: Landorus\n|-resisted|p2a: Landorus\n|-damage|p2a: Landorus|3\/100\n|-unboost|p1a: Hariyama|def|1\n|-unboost|p1a: Hariyama|spd|1\n|\n|upkeep\n|turn|8\n|j| OmegaAlpha01\n|\n|t:|1700597590\n|move|p2b: Illumise|Charm|p1a: Hariyama\n|-unboost|p1a: Hariyama|atk|2\n|move|p2a: Landorus|Earthquake|p1a: Hariyama|[spread] p2b,p1a\n|-resisted|p2b: Illumise\n|-damage|p2b: Illumise|62\/100\n|-damage|p1a: Hariyama|0 fnt\n|faint|p1a: Hariyama\n|\n|win|Cozy Snail\n|c|\u2606Cozy Snail|ggs\n|c|&|\/uhtml prompt-officerquaxly,OfficerQuaxly is ready for game 3!\n","uploadtime":1700597600,"views":8,"p1id":"officerquaxly","p2id":"cozysnail","formatid":"gen9vgc2023regulatione","rating":0,"private":0,"password":""}