{"id":"gen9vgc2023regulatione-1999913716","p1":"Felip_Obi","p2":"TheRealHitchhiker","format":"[Gen 9] VGC 2023 Regulation E","log":"|j|\u2606Felip_Obi\n|j|\u2606TheRealHitchhiker\n|t:|1701129421\n|gametype|doubles\n|player|p1|Felip_Obi|hilbert|1353\n|player|p2|TheRealHitchhiker|eusine|1321\n|teamsize|p1|6\n|teamsize|p2|6\n|gen|9\n|tier|[Gen 9] VGC 2023 Regulation E\n|rated|\n|rule|Species Clause: Limit one of each Pok\u00e9mon\n|rule|Item Clause: Limit one of each item\n|clearpoke\n|poke|p1|Clefable, L50, F|\n|poke|p1|Murkrow, L50, M|\n|poke|p1|Quaquaval, L50, M|\n|poke|p1|Gholdengo, L50|\n|poke|p1|Regidrago, L50|\n|poke|p1|Arcanine-Hisui, L50, F|\n|poke|p2|Regieleki, L50|\n|poke|p2|Flutter Mane, L50|\n|poke|p2|Iron Hands, L50|\n|poke|p2|Weezing, L50, F|\n|poke|p2|Kleavor, L50, M|\n|poke|p2|Heatran, L50, F|\n|teampreview|4\n|\n|t:|1701129450\n|start\n|switch|p1a: Arcanine|Arcanine-Hisui, L50, F|100\/100\n|switch|p1b: Clefable|Clefable, L50, F|100\/100\n|switch|p2a: Flutter Mane|Flutter Mane, L50|100\/100\n|switch|p2b: Weezing|Weezing, L50, F|100\/100\n|-ability|p2b: Weezing|Neutralizing Gas\n|-enditem|p2a: Flutter Mane|Booster Energy\n|-activate|p2a: Flutter Mane|ability: Protosynthesis|[fromitem]\n|-start|p2a: Flutter Mane|protosynthesisspe\n|turn|1\n|\n|t:|1701129472\n|move|p2a: Flutter Mane|Protect|p2a: Flutter Mane\n|-singleturn|p2a: Flutter Mane|Protect\n|move|p1b: Clefable|Follow Me|p1b: Clefable\n|-singleturn|p1b: Clefable|move: Follow Me\n|move|p1a: Arcanine|Rock Slide|p2a: Flutter Mane|[spread] p2b\n|-activate|p2a: Flutter Mane|move: Protect\n|-damage|p2b: Weezing|59\/100\n|move|p2b: Weezing|Taunt|p1b: Clefable\n|-start|p1b: Clefable|move: Taunt\n|\n|-heal|p2b: Weezing|64\/100|[from] item: Black Sludge\n|upkeep\n|turn|2\n|\n|t:|1701129496\n|-end|p2b: Weezing|ability: Neutralizing Gas\n|-ability|p1a: Arcanine|Intimidate|boost\n|-unboost|p2a: Flutter Mane|atk|1\n|-unboost|p2b: Weezing|atk|1\n|switch|p2b: Heatran|Heatran, L50, F|100\/100\n|move|p2a: Flutter Mane|Shadow Ball|p1a: Arcanine\n|-damage|p1a: Arcanine|51\/100\n|move|p1a: Arcanine|Rock Slide|p2b: Heatran|[spread] p2a,p2b\n|-damage|p2a: Flutter Mane|0 fnt\n|-damage|p2b: Heatran|61\/100\n|faint|p2a: Flutter Mane\n|-end|p2a: Flutter Mane|Protosynthesis|[silent]\n|move|p1b: Clefable|Moonblast|p2b: Heatran\n|-resisted|p2b: Heatran\n|-damage|p2b: Heatran|54\/100\n|-unboost|p2b: Heatran|spa|1\n|\n|upkeep\n|\n|t:|1701129512\n|switch|p2a: Regieleki|Regieleki, L50|100\/100\n|turn|3\n|\n|t:|1701129535\n|move|p2a: Regieleki|Thunderbolt|p1a: Arcanine\n|-damage|p1a: Arcanine|0 fnt\n|faint|p1a: Arcanine\n|move|p2b: Heatran|Flash Cannon|p1b: Clefable\n|-supereffective|p1b: Clefable\n|-damage|p1b: Clefable|14\/100\n|move|p1b: Clefable|Moonblast|p2a: Regieleki\n|-damage|p2a: Regieleki|42\/100\n|\n|upkeep\n|\n|t:|1701129546\n|switch|p1a: Regidrago|Regidrago, L50|100\/100\n|turn|4\n|\n|t:|1701129566\n|move|p2a: Regieleki|Thunderbolt|p1b: Clefable\n|-damage|p1b: Clefable|0 fnt\n|faint|p1b: Clefable\n|move|p1a: Regidrago|Earth Power|p2b: Heatran\n|-supereffective|p2b: Heatran\n|-damage|p2b: Heatran|0 fnt\n|faint|p2b: Heatran\n|\n|upkeep\n|\n|t:|1701129574\n|switch|p2b: Weezing|Weezing, L50, F|64\/100\n|switch|p1b: Quaquaval|Quaquaval, L50, M|100\/100\n|-ability|p2b: Weezing|Neutralizing Gas\n|turn|5\n|\n|t:|1701129589\n|move|p1b: Quaquaval|Detect|p1b: Quaquaval\n|-singleturn|p1b: Quaquaval|Protect\n|move|p2a: Regieleki|Thunderbolt|p1b: Quaquaval\n|-activate|p1b: Quaquaval|move: Protect\n|move|p1a: Regidrago|Earth Power|p2a: Regieleki\n|-supereffective|p2a: Regieleki\n|-damage|p2a: Regieleki|0 fnt\n|faint|p2a: Regieleki\n|move|p2b: Weezing|Will-O-Wisp|p1a: Regidrago\n|-status|p1a: Regidrago|brn\n|\n|-heal|p2b: Weezing|70\/100|[from] item: Black Sludge\n|-damage|p1a: Regidrago|94\/100 brn|[from] brn\n|upkeep\n|turn|6\n|\n|t:|1701129607\n|move|p1b: Quaquaval|Aqua Step|p2b: Weezing\n|-crit|p2b: Weezing\n|-damage|p2b: Weezing|12\/100\n|-boost|p1b: Quaquaval|spe|1\n|move|p1a: Regidrago|Earth Power|p2b: Weezing\n|-supereffective|p2b: Weezing\n|-damage|p2b: Weezing|0 fnt\n|faint|p2b: Weezing\n|-end|p2b: Weezing|ability: Neutralizing Gas\n|\n|win|Felip_Obi\n|raw|Felip_Obi's rating: 1353 &rarr; <strong>1371<\/strong><br \/>(+18 for winning)\n|raw|TheRealHitchhiker's rating: 1321 &rarr; <strong>1303<\/strong><br \/>(-18 for losing)\n|l|\u2606TheRealHitchhiker\n","uploadtime":1701129618,"views":6,"p1id":"felipobi","p2id":"therealhitchhiker","formatid":"gen9vgc2023regulatione","rating":1303,"private":0,"password":""}