{"id":"gen9vgc2023regulatione-1988606862","p1":"harlogen","p2":"Steakman5","format":"[Gen 9] VGC 2023 Regulation E","log":"|j|\u2606harlogen\n|j|\u2606Steakman5\n|t:|1699741294\n|gametype|doubles\n|player|p1|harlogen|169|1186\n|player|p2|Steakman5|acetrainer|1136\n|teamsize|p1|6\n|teamsize|p2|6\n|gen|9\n|tier|[Gen 9] VGC 2023 Regulation E\n|rated|\n|rule|Species Clause: Limit one of each Pok\u00e9mon\n|rule|Item Clause: Limit one of each item\n|clearpoke\n|poke|p1|Arcanine-Hisui, L50, M|\n|poke|p1|Rillaboom, L50, F|\n|poke|p1|Tornadus, L50, M|\n|poke|p1|Kommo-o, L50, F|\n|poke|p1|Dragonite, L50, F|\n|poke|p1|Chien-Pao, L50|\n|poke|p2|Tornadus, L50, M|\n|poke|p2|Moltres, L50|\n|poke|p2|Ogerpon-Wellspring, L50, F|\n|poke|p2|Sinistcha, L50|\n|poke|p2|Flutter Mane, L50|\n|poke|p2|Basculegion, L50, M|\n|teampreview|4\nharlogen rejected open team sheets.\n|inactive|Battle timer is ON: inactive players will automatically lose when time's up. (requested by harlogen)\n|\n|t:|1699741338\n|start\n|switch|p1a: SummerBreeze|Tornadus, L50, M|100\/100\n|switch|p1b: Yu-ki|Chien-Pao, L50|100\/100\n|switch|p2a: Tornadus|Tornadus, L50, M|100\/100\n|switch|p2b: Ogerpon|Ogerpon-Wellspring, L50, F|100\/100\n|-ability|p1b: Yu-ki|Sword of Ruin\n|turn|1\n|l|\u2606harlogen\n|inactive|harlogen disconnected and has a minute to reconnect!\n|player|p1|\n|j|\u2606harlogen\n|inactive|harlogen reconnected and has 40 seconds left.\n|player|p1|harlogen|169\n|inactive|harlogen has 30 seconds left.\n|\n|t:|1699741365\n|move|p2a: Tornadus|Tailwind|p2a: Tornadus\n|-sidestart|p2: Steakman5|move: Tailwind\n|move|p1a: SummerBreeze|Leer|p2b: Ogerpon|[spread] p2a,p2b\n|-unboost|p2a: Tornadus|def|1\n|-unboost|p2b: Ogerpon|def|1\n|move|p2b: Ogerpon|Ivy Cudgel|p1b: Yu-ki\n|-damage|p1b: Yu-ki|22\/100\n|move|p1b: Yu-ki|Icicle Crash|p2a: Tornadus\n|-supereffective|p2a: Tornadus\n|-enditem|p2a: Tornadus|Focus Sash\n|-damage|p2a: Tornadus|1\/100\n|\n|upkeep\n|turn|2\n|\n|t:|1699741387\n|move|p1b: Yu-ki|Protect|p1b: Yu-ki\n|-singleturn|p1b: Yu-ki|Protect\n|move|p2a: Tornadus|Rain Dance|p2a: Tornadus\n|-weather|RainDance\n|move|p2b: Ogerpon|Ivy Cudgel|p1a: SummerBreeze\n|-damage|p1a: SummerBreeze|0 fnt\n|faint|p1a: SummerBreeze\n|\n|-weather|RainDance|[upkeep]\n|upkeep\n|\n|t:|1699741395\n|switch|p1a: Operator RK9|Arcanine-Hisui, L50, M|100\/100\n|-ability|p1a: Operator RK9|Intimidate|boost\n|-unboost|p2a: Tornadus|atk|1\n|-unboost|p2b: Ogerpon|atk|1\n|turn|3\n|\n|t:|1699741411\n|move|p1a: Operator RK9|Extreme Speed|p2a: Tornadus\n|-damage|p2a: Tornadus|0 fnt\n|faint|p2a: Tornadus\n|move|p1b: Yu-ki|Sucker Punch|p2b: Ogerpon\n|-damage|p2b: Ogerpon|17\/100\n|move|p2b: Ogerpon|Ivy Cudgel|p1a: Operator RK9\n|-supereffective|p1a: Operator RK9\n|-damage|p1a: Operator RK9|0 fnt\n|faint|p1a: Operator RK9\n|\n|-weather|RainDance|[upkeep]\n|upkeep\n|\n|t:|1699741427\n|switch|p1a: Chunky Kong|Rillaboom, L50, F|100\/100\n|switch|p2a: Moltres|Moltres, L50|100\/100\n|-ability|p2a: Moltres|Pressure\n|-fieldstart|move: Grassy Terrain|[from] ability: Grassy Surge|[of] p1a: Chunky Kong\n|turn|4\n|\n|t:|1699741444\n|move|p2b: Ogerpon|Spiky Shield|p2b: Ogerpon\n|-singleturn|p2b: Ogerpon|move: Protect\n|move|p1a: Chunky Kong|Fake Out|p2b: Ogerpon\n|-activate|p2b: Ogerpon|move: Protect\n|-damage|p1a: Chunky Kong|88\/100|[from] Spiky Shield|[of] p2b: Ogerpon\n|move|p1b: Yu-ki|Sucker Punch|p2a: Moltres\n|-damage|p2a: Moltres|48\/100\n|-enditem|p2a: Moltres|Sitrus Berry|[eat]\n|-heal|p2a: Moltres|73\/100|[from] item: Sitrus Berry\n|move|p2a: Moltres|Hurricane|p1a: Chunky Kong\n|-supereffective|p1a: Chunky Kong\n|-damage|p1a: Chunky Kong|0 fnt\n|faint|p1a: Chunky Kong\n|\n|-weather|RainDance|[upkeep]\n|-heal|p2b: Ogerpon|22\/100|[from] Grassy Terrain\n|-heal|p1b: Yu-ki|28\/100|[from] Grassy Terrain\n|-sideend|p2: Steakman5|move: Tailwind\n|upkeep\n|turn|5\n|-message|harlogen forfeited.\n|\n|win|Steakman5\n|raw|harlogen's rating: 1186 &rarr; <strong>1157<\/strong><br \/>(-29 for losing)\n|raw|Steakman5's rating: 1136 &rarr; <strong>1165<\/strong><br \/>(+29 for winning)\n|l|\u2606harlogen\n","uploadtime":1699741463,"views":23,"p1id":"harlogen","p2id":"steakman5","formatid":"gen9vgc2023regulatione","rating":1157,"private":0,"password":""}