{"id":"gen9vgc2023regulatione-1999168311","p1":"hope_it_wrks","p2":"Venefici","format":"[Gen 9] VGC 2023 Regulation E","log":"|j|\u2606hope_it_wrks\n|j|\u2606Venefici\n|t:|1701040736\n|gametype|doubles\n|player|p1|hope_it_wrks|n|1236\n|player|p2|Venefici|hugh|1123\n|teamsize|p1|6\n|teamsize|p2|6\n|gen|9\n|tier|[Gen 9] VGC 2023 Regulation E\n|rated|\n|rule|Species Clause: Limit one of each Pok\u00e9mon\n|rule|Item Clause: Limit one of each item\n|clearpoke\n|poke|p1|Amoonguss, L50, M|\n|poke|p1|Tornadus, L50, M|\n|poke|p1|Iron Hands, L50|\n|poke|p1|Arcanine-Hisui, L50, F|\n|poke|p1|Gholdengo, L50|\n|poke|p1|Urshifu-*, L50, M|\n|poke|p2|Volcarona, L50, F|\n|poke|p2|Sinistcha, L50|\n|poke|p2|Cetitan, L50, F|\n|poke|p2|Milotic, L50, F|\n|poke|p2|Ninetales-Alola, L50, M|\n|poke|p2|Iron Hands, L50|\n|teampreview|4\n|inactive|Battle timer is ON: inactive players will automatically lose when time's up. (requested by Venefici)\n|inactive|hope_it_wrks has 60 seconds left.\n|inactive|Venefici has 60 seconds left.\n|\n|t:|1701040778\n|start\n|switch|p1a: Tornadus|Tornadus, L50, M|100\/100\n|switch|p1b: Arcanine|Arcanine-Hisui, L50, F|100\/100\n|switch|p2a: Ninetales|Ninetales-Alola, L50, M|100\/100\n|switch|p2b: Milotic|Milotic, L50, F|100\/100\n|-weather|Snow|[from] ability: Snow Warning|[of] p2a: Ninetales\n|-ability|p1b: Arcanine|Intimidate|boost\n|-unboost|p2a: Ninetales|atk|1\n|-unboost|p2b: Milotic|atk|1\n|-ability|p2b: Milotic|Competitive|boost\n|-boost|p2b: Milotic|spa|2\n|turn|1\n|inactive|hope_it_wrks has 30 seconds left.\n|\n|t:|1701040803\n|-terastallize|p1b: Arcanine|Fairy\n|move|p1a: Tornadus|Tailwind|p1a: Tornadus\n|-sidestart|p1: hope_it_wrks|move: Tailwind\n|move|p1b: Arcanine|Head Smash|p2a: Ninetales\n|-supereffective|p2a: Ninetales\n|-damage|p2a: Ninetales|0 fnt\n|faint|p2a: Ninetales\n|-damage|p1b: Arcanine|56\/100|[from] Recoil\n|move|p2b: Milotic|Ice Beam|p1a: Tornadus\n|-supereffective|p1a: Tornadus\n|-damage|p1a: Tornadus|0 fnt\n|faint|p1a: Tornadus\n|\n|-weather|Snow|[upkeep]\n|upkeep\n|\n|t:|1701040820\n|switch|p2a: Cetitan|Cetitan, L50, F|100\/100\n|switch|p1a: Amoonguss|Amoonguss, L50, M|100\/100\n|turn|2\n|\n|t:|1701040840\n|-terastallize|p2a: Cetitan|Water\n|move|p2a: Cetitan|Ice Shard|p1a: Amoonguss\n|-supereffective|p1a: Amoonguss\n|-damage|p1a: Amoonguss|68\/100\n|move|p1b: Arcanine|Head Smash|p2b: Milotic\n|-damage|p2b: Milotic|0 fnt\n|faint|p2b: Milotic\n|-damage|p1b: Arcanine|1\/100|[from] Recoil\n|move|p1a: Amoonguss|Spore|p2a: Cetitan\n|-status|p2a: Cetitan|slp|[from] move: Spore\n|\n|-weather|Snow|[upkeep]\n|upkeep\n|\n|t:|1701040851\n|switch|p2b: Sinistcha|Sinistcha, L50|100\/100\n|turn|3\n|inactive|hope_it_wrks has 30 seconds left.\n|inactive|hope_it_wrks has 20 seconds left.\n|\n|t:|1701040889\n|move|p1a: Amoonguss|Protect|p1a: Amoonguss\n|-singleturn|p1a: Amoonguss|Protect\n|move|p2b: Sinistcha|Rage Powder|p2b: Sinistcha\n|-singleturn|p2b: Sinistcha|move: Rage Powder\n|cant|p2a: Cetitan|slp\n|move|p1b: Arcanine|Head Smash|p2b: Sinistcha\n|-damage|p2b: Sinistcha|0 fnt\n|faint|p2b: Sinistcha\n|-damage|p1b: Arcanine|0 fnt|[from] Recoil\n|faint|p1b: Arcanine\n|\n|-weather|Snow|[upkeep]\n|upkeep\n|\n|t:|1701040900\n|switch|p1b: Urshifu|Urshifu-Rapid-Strike, L50, M|100\/100\n|turn|4\n|\n|t:|1701040919\n|move|p1a: Amoonguss|Rage Powder|p1a: Amoonguss\n|-singleturn|p1a: Amoonguss|move: Rage Powder\n|-curestatus|p2a: Cetitan|slp|[msg]\n|move|p2a: Cetitan|Ice Shard|p1a: Amoonguss\n|-supereffective|p1a: Amoonguss\n|-damage|p1a: Amoonguss|38\/100\n|-enditem|p1a: Amoonguss|Sitrus Berry|[eat]\n|-heal|p1a: Amoonguss|63\/100|[from] item: Sitrus Berry\n|move|p1b: Urshifu|Close Combat|p2a: Cetitan\n|-damage|p2a: Cetitan|35\/100\n|-unboost|p1b: Urshifu|def|1\n|-unboost|p1b: Urshifu|spd|1\n|-enditem|p2a: Cetitan|Sitrus Berry|[eat]\n|-heal|p2a: Cetitan|59\/100|[from] item: Sitrus Berry\n|\n|-weather|Snow|[upkeep]\n|-sideend|p1: hope_it_wrks|move: Tailwind\n|upkeep\n|turn|5\n|c|\u2606hope_it_wrks|gg\n|\n|t:|1701040935\n|move|p1a: Amoonguss|Rage Powder|p1a: Amoonguss\n|-singleturn|p1a: Amoonguss|move: Rage Powder\n|move|p2a: Cetitan|Ice Shard|p1a: Amoonguss\n|-supereffective|p1a: Amoonguss\n|-damage|p1a: Amoonguss|35\/100\n|move|p1b: Urshifu|Close Combat|p2a: Cetitan\n|-damage|p2a: Cetitan|0 fnt\n|-unboost|p1b: Urshifu|def|1\n|-unboost|p1b: Urshifu|spd|1\n|faint|p2a: Cetitan\n|\n|win|hope_it_wrks\n|raw|hope_it_wrks's rating: 1236 &rarr; <strong>1253<\/strong><br \/>(+17 for winning)\n|raw|Venefici's rating: 1123 &rarr; <strong>1106<\/strong><br \/>(-17 for losing)\n","uploadtime":1701040955,"views":4,"p1id":"hopeitwrks","p2id":"venefici","formatid":"gen9vgc2023regulatione","rating":1106,"private":0,"password":""}