{"id":"gen9vgc2023regulatione-1999762877","p1":"whyismynamejeff","p2":"fakexanax","format":"[Gen 9] VGC 2023 Regulation E","log":"|j|\u2606whyismynamejeff\n|j|\u2606fakexanax\n|n|\u2606whyismynamejeff|whyismynamejeff\n|n|\u2606fakexanax|fakexanax\n|html|View the match progress at <a href=\"\/game-bestof3-gen9vgc2023regulatione-1999757643\">game-bestof3-gen9vgc2023regulatione-1999757643<\/a>\n|t:|1701114462\n|gametype|doubles\n|player|p1|whyismynamejeff|colress|\n|player|p2|fakexanax|pokemaniac|\n|teamsize|p1|6\n|teamsize|p2|6\n|gen|9\n|tier|[Gen 9] VGC 2023 Regulation E\n|rated|Tournament battle\n|rule|Species Clause: Limit one of each Pok\u00e9mon\n|rule|Item Clause: Limit one of each item\n|clearpoke\n|poke|p1|Farigiraf, L50, M|\n|poke|p1|Iron Hands, L50|\n|poke|p1|Urshifu-*, L50, F|\n|poke|p1|Chien-Pao, L50|\n|poke|p1|Tornadus, L50, M|\n|poke|p1|Flutter Mane, L50|\n|poke|p2|Chien-Pao, L50|\n|poke|p2|Ogerpon-Hearthflame, L50, F|\n|poke|p2|Tinkaton, L50, F|\n|poke|p2|Rillaboom, L50, F|\n|poke|p2|Thundurus, L50, M|\n|poke|p2|Salamence, L50, F|\n|teampreview|4\n|showteam|p1|Farigiraf||SitrusBerry|ArmorTail|TrickRoom,Imprison,Psychic,DazzlingGleam|||M|||50|,,,,,Fairy]Iron Hands||AssaultVest|QuarkDrive|WildCharge,DrainPunch,HeavySlam,FakeOut||||||50|,,,,,Grass]Urshifu-Rapid-Strike||ChoiceScarf|UnseenFist|SurgingStrikes,AquaJet,CloseCombat,Uturn|||F|||50|,,,,,Water]Chien-Pao||FocusSash|SwordofRuin|SuckerPunch,Crunch,IceSpinner,Protect||||||50|,,,,,Dark]Tornadus||CovertCloak|Prankster|Tailwind,BleakwindStorm,RainDance,Taunt|||M|||50|,,,,,Flying]Flutter Mane||ChoiceSpecs|Protosynthesis|DazzlingGleam,Moonblast,Thunderbolt,ShadowBall||||||50|,,,,,Fairy\n|showteam|p2|Chien-Pao||FocusSash|SwordofRuin|IceSpinner,SuckerPunch,SacredSword,Protect||||||50|,,,,,Ghost]Ogerpon-Hearthflame||HearthflameMask|MoldBreaker|IvyCudgel,HornLeech,SpikyShield,PlayRough|||F|||50|,,,,,Fire]Tinkaton||SitrusBerry|OwnTempo|GigatonHammer,FakeOut,ThunderWave,KnockOff|||F|||50|,,,,,Dragon]Rillaboom||AssaultVest|GrassySurge|WoodHammer,FakeOut,GrassyGlide,HighHorsepower|||F|||50|,,,,,Fire]Thundurus||RockyHelmet|Prankster|Taunt,EerieImpulse,WildboltStorm,ScaryFace|||M|||50|,,,,,Water]Salamence||ChoiceScarf|Intimidate|DracoMeteor,AirSlash,Tailwind,HeatWave|||F|||50|,,,,,Flying\n|\n|t:|1701114493\n|start\n|switch|p1a: Clowdy Howdy|Tornadus, L50, M|100\/100\n|switch|p1b: Sparky Hariyama|Iron Hands, L50, shiny|100\/100\n|switch|p2a: Ogerpon|Ogerpon-Hearthflame, L50, F|100\/100\n|switch|p2b: Chien-Pao|Chien-Pao, L50|100\/100\n|-ability|p2b: Chien-Pao|Sword of Ruin\n|-ability|p2a: Ogerpon|Mold Breaker\n|turn|1\n|\n|t:|1701114512\n|-terastallize|p2a: Ogerpon|Fire\n|detailschange|p2a: Ogerpon|Ogerpon-Hearthflame-Tera, L50, F, tera:Fire\n|-ability|p2a: Ogerpon|Embody Aspect (Hearthflame)|boost\n|-boost|p2a: Ogerpon|atk|1\n|move|p1a: Clowdy Howdy|Tailwind|p1a: Clowdy Howdy\n|-sidestart|p1: whyismynamejeff|move: Tailwind\n|move|p2b: Chien-Pao|Ice Spinner|p1a: Clowdy Howdy\n|-supereffective|p1a: Clowdy Howdy\n|-damage|p1a: Clowdy Howdy|0 fnt\n|faint|p1a: Clowdy Howdy\n|move|p2a: Ogerpon|Ivy Cudgel|p1b: Sparky Hariyama|[anim] Ivy Cudgel Fire\n|-damage|p1b: Sparky Hariyama|0 fnt\n|faint|p1b: Sparky Hariyama\n|-end|p1b: Sparky Hariyama|Quark Drive|[silent]\n|\n|upkeep\n|\n|t:|1701114524\n|switch|p1a: Water Bear|Urshifu-Rapid-Strike, L50, F|100\/100\n|switch|p1b: Sword Cat|Chien-Pao, L50|100\/100\n|-ability|p1b: Sword Cat|Sword of Ruin\n|turn|2\n|\n|t:|1701114533\n|switch|p2a: Rillaboom|Rillaboom, L50, F|100\/100\n|-fieldstart|move: Grassy Terrain|[from] ability: Grassy Surge|[of] p2a: Rillaboom\n|move|p1b: Sword Cat|Protect|p1b: Sword Cat\n|-singleturn|p1b: Sword Cat|Protect\n|move|p2b: Chien-Pao|Sucker Punch||[still]\n|-fail|p2b: Chien-Pao\n|move|p1a: Water Bear|Surging Strikes|p2a: Rillaboom\n|-resisted|p2a: Rillaboom\n|-crit|p2a: Rillaboom\n|-damage|p2a: Rillaboom|87\/100\n|-resisted|p2a: Rillaboom\n|-crit|p2a: Rillaboom\n|-damage|p2a: Rillaboom|75\/100\n|-resisted|p2a: Rillaboom\n|-crit|p2a: Rillaboom\n|-damage|p2a: Rillaboom|61\/100\n|-hitcount|p2a: Rillaboom|3\n|\n|-heal|p2a: Rillaboom|67\/100|[from] Grassy Terrain\n|upkeep\n|turn|3\n|\n|t:|1701114558\n|-terastallize|p1b: Sword Cat|Dark\n|move|p2b: Chien-Pao|Sucker Punch|p1a: Water Bear\n|-resisted|p1a: Water Bear\n|-damage|p1a: Water Bear|78\/100\n|move|p2a: Rillaboom|Grassy Glide|p1a: Water Bear\n|-supereffective|p1a: Water Bear\n|-damage|p1a: Water Bear|0 fnt\n|faint|p1a: Water Bear\n|move|p1b: Sword Cat|Ice Spinner|p2a: Rillaboom\n|-supereffective|p2a: Rillaboom\n|-damage|p2a: Rillaboom|0 fnt\n|-fieldend|move: Grassy Terrain\n|faint|p2a: Rillaboom\n|\n|upkeep\n|\n|t:|1701114562\n|switch|p2a: Tinkaton|Tinkaton, L50, F, shiny|100\/100\n|turn|4\n|\n|t:|1701114575\n|move|p2a: Tinkaton|Fake Out|p1b: Sword Cat\n|-damage|p1b: Sword Cat|88\/100\n|cant|p1b: Sword Cat|flinch\n|move|p2b: Chien-Pao|Sacred Sword|p1b: Sword Cat\n|-supereffective|p1b: Sword Cat\n|-damage|p1b: Sword Cat|8\/100\n|\n|-sideend|p1: whyismynamejeff|move: Tailwind\n|upkeep\n|turn|5\n|\n|t:|1701114580\n|move|p1b: Sword Cat|Sucker Punch|p2b: Chien-Pao\n|-resisted|p2b: Chien-Pao\n|-damage|p2b: Chien-Pao|68\/100\n|move|p2b: Chien-Pao|Sacred Sword|p1b: Sword Cat\n|-supereffective|p1b: Sword Cat\n|-damage|p1b: Sword Cat|0 fnt\n|faint|p1b: Sword Cat\n|\n|win|fakexanax\n|c|\u2606fakexanax|ggs\n|l|\u2606fakexanax\n","uploadtime":1701114621,"views":7,"p1id":"whyismynamejeff","p2id":"fakexanax","formatid":"gen9vgc2023regulatione","rating":0,"private":0,"password":""}