{"id":"gen9vgc2023regulatione-1996076717","p1":"jungle211","p2":"Hypno6","format":"[Gen 9] VGC 2023 Regulation E","log":"|j|\u2606jungle211\n|j|\u2606Hypno6\n|t:|1700640236\n|gametype|doubles\n|player|p1|jungle211|koga|1195\n|player|p2|Hypno6|265|1088\n|teamsize|p1|6\n|teamsize|p2|5\n|gen|9\n|tier|[Gen 9] VGC 2023 Regulation E\n|rated|\n|rule|Species Clause: Limit one of each Pok\u00e9mon\n|rule|Item Clause: Limit one of each item\n|clearpoke\n|poke|p1|Chi-Yu, L50|\n|poke|p1|Ogerpon-Wellspring, L50, F|\n|poke|p1|Orthworm, L50, M|\n|poke|p1|Ursaluna, L50, F|\n|poke|p1|Indeedee-F, L50, F|\n|poke|p1|Zapdos, L50|\n|poke|p2|Regieleki, L50|\n|poke|p2|Gholdengo, L50|\n|poke|p2|Urshifu-*, L50, F|\n|poke|p2|Ogerpon-Wellspring, L50, F|\n|poke|p2|Chi-Yu, L50|\n|teampreview|4\nHypno6 has agreed to open team sheets.\n|\n|t:|1700640276\n|start\n|switch|p1a: Zapdos|Zapdos, L50|100\/100\n|switch|p1b: Chi-Yu|Chi-Yu, L50|100\/100\n|switch|p2a: Urshifu|Urshifu, L50, F|100\/100\n|switch|p2b: Regieleki|Regieleki, L50|100\/100\n|-ability|p1b: Chi-Yu|Beads of Ruin\n|turn|1\n|\n|t:|1700640295\n|move|p2b: Regieleki|Electroweb|p1a: Zapdos|[spread] p1b\n|-miss|p2b: Regieleki|p1a: Zapdos\n|-damage|p1b: Chi-Yu|72\/100\n|-unboost|p1b: Chi-Yu|spe|1\n|move|p2a: Urshifu|Wicked Blow|p1a: Zapdos\n|-crit|p1a: Zapdos\n|-damage|p1a: Zapdos|42\/100\n|move|p1a: Zapdos|Tailwind|p1a: Zapdos\n|-sidestart|p1: jungle211|move: Tailwind\n|move|p1b: Chi-Yu|Heat Wave|p2b: Regieleki|[spread] p2a,p2b\n|-damage|p2a: Urshifu|33\/100\n|-damage|p2b: Regieleki|9\/100\n|\n|upkeep\n|turn|2\n|\n|t:|1700640312\n|switch|p1b: Indeedee|Indeedee-F, L50, F|100\/100\n|-fieldstart|move: Psychic Terrain|[from] ability: Psychic Surge|[of] p1b: Indeedee\n|move|p2a: Urshifu|Sucker Punch||[still]\n|-fail|p2a: Urshifu\n|move|p2b: Regieleki|Thunderbolt|p1a: Zapdos\n|-damage|p1a: Zapdos|0 fnt\n|faint|p1a: Zapdos\n|\n|upkeep\n|\n|t:|1700640324\n|switch|p1a: Chi-Yu|Chi-Yu, L50|72\/100\n|-ability|p1a: Chi-Yu|Beads of Ruin\n|turn|3\n|\n|t:|1700640350\n|move|p2a: Urshifu|Detect|p2a: Urshifu\n|-singleturn|p2a: Urshifu|Protect\n|move|p1a: Chi-Yu|Heat Wave|p2a: Urshifu|[spread] p2b\n|-activate|p2a: Urshifu|move: Protect\n|-damage|p2b: Regieleki|0 fnt\n|faint|p2b: Regieleki\n|move|p1b: Indeedee|Psychic|p2a: Urshifu\n|-activate|p2a: Urshifu|move: Protect\n|\n|upkeep\n|\n|t:|1700640356\n|switch|p2b: Ogerpon|Ogerpon-Wellspring, L50, F|100\/100\n|turn|4\n|\n|t:|1700640371\n|switch|p2a: Chi-Yu|Chi-Yu, L50|100\/100\n|-ability|p2a: Chi-Yu|Beads of Ruin\n|-terastallize|p2b: Ogerpon|Water\n|detailschange|p2b: Ogerpon|Ogerpon-Wellspring-Tera, L50, F, tera:Water\n|-ability|p2b: Ogerpon|Embody Aspect (Wellspring)|boost\n|-boost|p2b: Ogerpon|spd|1\n|move|p1a: Chi-Yu|Heat Wave|p2a: Chi-Yu|[spread] p2a,p2b\n|-resisted|p2a: Chi-Yu\n|-resisted|p2b: Ogerpon\n|-damage|p2a: Chi-Yu|83\/100\n|-damage|p2b: Ogerpon|82\/100\n|move|p2b: Ogerpon|Ivy Cudgel|p1a: Chi-Yu|[anim] Ivy Cudgel Water\n|-supereffective|p1a: Chi-Yu\n|-damage|p1a: Chi-Yu|0 fnt\n|faint|p1a: Chi-Yu\n|move|p1b: Indeedee|Trick Room|p1b: Indeedee\n|-fieldstart|move: Trick Room|[of] p1b: Indeedee\n|\n|-sideend|p1: jungle211|move: Tailwind\n|upkeep\n|\n|t:|1700640374\n|switch|p1a: Ursaluna|Ursaluna, L50, F, shiny|100\/100\n|turn|5\n|\n|t:|1700640394\n|move|p1a: Ursaluna|Protect|p1a: Ursaluna\n|-singleturn|p1a: Ursaluna|Protect\n|move|p1b: Indeedee|Protect|p1b: Indeedee\n|-singleturn|p1b: Indeedee|Protect\n|move|p2a: Chi-Yu|Protect|p2a: Chi-Yu\n|-singleturn|p2a: Chi-Yu|Protect\n|move|p2b: Ogerpon|Ivy Cudgel|p1a: Ursaluna|[anim] Ivy Cudgel Water\n|-activate|p1a: Ursaluna|move: Protect\n|\n|-status|p1a: Ursaluna|brn|[from] item: Flame Orb\n|upkeep\n|turn|6\n|\n|t:|1700640420\n|-terastallize|p1a: Ursaluna|Ghost\n|move|p2b: Ogerpon|Spiky Shield|p2b: Ogerpon\n|-singleturn|p2b: Ogerpon|move: Protect\n|move|p1b: Indeedee|Follow Me|p1b: Indeedee\n|-singleturn|p1b: Indeedee|move: Follow Me\n|move|p1a: Ursaluna|Facade|p2a: Chi-Yu\n|-damage|p2a: Chi-Yu|0 fnt\n|faint|p2a: Chi-Yu\n|\n|-damage|p1a: Ursaluna|94\/100 brn|[from] brn\n|-fieldend|move: Psychic Terrain\n|upkeep\n|\n|t:|1700640430\n|switch|p2a: Urshifu|Urshifu, L50, F|33\/100\n|turn|7\n|\n|t:|1700640438\n|move|p1b: Indeedee|Follow Me|p1b: Indeedee\n|-singleturn|p1b: Indeedee|move: Follow Me\n|move|p2a: Urshifu|Sucker Punch||[still]\n|-fail|p2a: Urshifu\n|move|p1a: Ursaluna|Facade|p2b: Ogerpon\n|-damage|p2b: Ogerpon|0 fnt\n|faint|p2b: Ogerpon\n|\n|-damage|p1a: Ursaluna|88\/100 brn|[from] brn\n|upkeep\n|turn|8\n|-message|Hypno6 forfeited.\n|\n|win|jungle211\n|raw|jungle211's rating: 1195 &rarr; <strong>1213<\/strong><br \/>(+18 for winning)\n|raw|Hypno6's rating: 1088 &rarr; <strong>1072<\/strong><br \/>(-16 for losing)\n|l|\u2606Hypno6\n","uploadtime":1700640470,"views":3,"p1id":"jungle211","p2id":"hypno6","formatid":"gen9vgc2023regulatione","rating":1072,"private":0,"password":""}