{"id":"gen9vgc2023regulatione-1993412315","p1":"ShadtheLad7","p2":"u5dktdk","format":"[Gen 9] VGC 2023 Regulation E","log":"|j|\u2606ShadtheLad7\n|j|\u2606u5dktdk\n|t:|1700314406\n|gametype|doubles\n|player|p1|ShadtheLad7|265|1065\n|player|p2|u5dktdk|265|1045\n|teamsize|p1|6\n|teamsize|p2|6\n|gen|9\n|tier|[Gen 9] VGC 2023 Regulation E\n|rated|\n|rule|Species Clause: Limit one of each Pok\u00e9mon\n|rule|Item Clause: Limit one of each item\n|clearpoke\n|poke|p1|Torkoal, L50, F|\n|poke|p1|Ogerpon-Hearthflame, L50, F|\n|poke|p1|Charizard, L50, M|\n|poke|p1|Flutter Mane, L50|\n|poke|p1|Skeledirge, L50, F|\n|poke|p1|Lilligant-Hisui, L50, F|\n|poke|p2|Tauros, L50, M|\n|poke|p2|Sunflora, L50, M|\n|poke|p2|Electrode, L50|\n|poke|p2|Slowbro, L50, M|\n|poke|p2|Venomoth, L50, F|\n|poke|p2|Gliscor, L50, M|\n|teampreview|4\n|\n|t:|1700314428\n|start\n|switch|p1a: Torkoal|Torkoal, L50, F|100\/100\n|switch|p1b: Charizard|Charizard, L50, M, shiny|100\/100\n|switch|p2a: Sunflora|Sunflora, L50, M|100\/100\n|switch|p2b: Slowbro|Slowbro, L50, M|100\/100\n|-weather|SunnyDay|[from] ability: Drought|[of] p1a: Torkoal\n|turn|1\n|\n|t:|1700314465\n|move|p1a: Torkoal|Helping Hand|p1b: Charizard\n|-singleturn|p1b: Charizard|Helping Hand|[of] p1a: Torkoal\n|move|p2a: Sunflora|Protect|p2a: Sunflora\n|-singleturn|p2a: Sunflora|Protect\n|move|p1b: Charizard|Air Slash|p2a: Sunflora\n|-activate|p2a: Sunflora|move: Protect\n|move|p2b: Slowbro|Trick Room|p2b: Slowbro\n|-fieldstart|move: Trick Room|[of] p2b: Slowbro\n|\n|-weather|SunnyDay|[upkeep]\n|-damage|p2a: Sunflora|88\/100|[from] ability: Solar Power|[of] p2a: Sunflora\n|-damage|p1b: Charizard|88\/100|[from] ability: Solar Power|[of] p1b: Charizard\n|upkeep\n|turn|2\n|\n|t:|1700314512\n|-terastallize|p2a: Sunflora|Fire\n|move|p1a: Torkoal|Eruption|p2b: Slowbro|[spread] p2a,p2b\n|-resisted|p2a: Sunflora\n|-resisted|p2b: Slowbro\n|-damage|p2a: Sunflora|59\/100\n|-damage|p2b: Slowbro|73\/100\n|move|p2b: Slowbro|Calm Mind|p2b: Slowbro\n|-boost|p2b: Slowbro|spa|1\n|-boost|p2b: Slowbro|spd|1\n|move|p2a: Sunflora|Encore|p1b: Charizard\n|-start|p1b: Charizard|Encore\n|move|p1b: Charizard|Air Slash|p2a: Sunflora\n|-damage|p2a: Sunflora|0 fnt\n|faint|p2a: Sunflora\n|\n|-weather|SunnyDay|[upkeep]\n|-damage|p1b: Charizard|76\/100|[from] ability: Solar Power|[of] p1b: Charizard\n|-heal|p2b: Slowbro|79\/100|[from] item: Leftovers\n|upkeep\n|\n|t:|1700314537\n|switch|p2a: Gliscor|Gliscor, L50, M|100\/100\n|turn|3\n|\n|t:|1700314549\n|move|p1a: Torkoal|Clear Smog|p2b: Slowbro\n|-damage|p2b: Slowbro|72\/100\n|-clearboost|p2b: Slowbro\n|move|p2b: Slowbro|Surf|p1a: Torkoal|[spread] p2a,p1a,p1b\n|-supereffective|p2a: Gliscor\n|-supereffective|p1a: Torkoal\n|-supereffective|p1b: Charizard\n|-damage|p2a: Gliscor|63\/100\n|-damage|p1a: Torkoal|70\/100\n|-damage|p1b: Charizard|39\/100\n|move|p2a: Gliscor|Rest|p2a: Gliscor\n|-status|p2a: Gliscor|slp|[from] move: Rest\n|-heal|p2a: Gliscor|100\/100 slp|[silent]\n|move|p1b: Charizard|Air Slash|p2a: Gliscor\n|-damage|p2a: Gliscor|29\/100 slp\n|\n|-weather|SunnyDay|[upkeep]\n|-damage|p1b: Charizard|26\/100|[from] ability: Solar Power|[of] p1b: Charizard\n|-heal|p2b: Slowbro|78\/100|[from] item: Leftovers\n|upkeep\n|turn|4\n|\n|t:|1700314574\n|switch|p1b: Lilligant|Lilligant-Hisui, L50, F|100\/100\n|move|p1a: Torkoal|Eruption|p2b: Slowbro|[spread] p2a,p2b\n|-resisted|p2b: Slowbro\n|-damage|p2a: Gliscor|0 fnt\n|-damage|p2b: Slowbro|58\/100\n|faint|p2a: Gliscor\n|move|p2b: Slowbro|Surf|p1b: Lilligant|[spread] p1a,p1b\n|-supereffective|p1a: Torkoal\n|-resisted|p1b: Lilligant\n|-damage|p1a: Torkoal|38\/100\n|-damage|p1b: Lilligant|89\/100\n|\n|-weather|SunnyDay|[upkeep]\n|-heal|p2b: Slowbro|64\/100|[from] item: Leftovers\n|upkeep\n|\n|t:|1700314586\n|switch|p2a: Tauros|Tauros, L50, M|100\/100\n|-ability|p2a: Tauros|Intimidate|boost\n|-unboost|p1a: Torkoal|atk|1\n|-unboost|p1b: Lilligant|atk|1\n|turn|5\n|\n|t:|1700314609\n|-terastallize|p1b: Lilligant|Fighting\n|move|p1a: Torkoal|Clear Smog|p1b: Lilligant\n|-damage|p1b: Lilligant|73\/100\n|-clearboost|p1b: Lilligant\n|move|p2b: Slowbro|Calm Mind|p2b: Slowbro\n|-boost|p2b: Slowbro|spa|1\n|-boost|p2b: Slowbro|spd|1\n|move|p2a: Tauros|Double-Edge|p1b: Lilligant\n|-damage|p1b: Lilligant|0 fnt\n|faint|p1b: Lilligant\n|-damage|p2a: Tauros|77\/100|[from] Recoil\n|\n|-weather|none\n|-heal|p2b: Slowbro|70\/100|[from] item: Leftovers\n|-fieldend|move: Trick Room\n|upkeep\n|\n|t:|1700314626\n|switch|p1b: Flutter Mane|Flutter Mane, L50|100\/100\n|turn|6\n|\n|t:|1700314652\n|switch|p1a: Charizard|Charizard, L50, M, shiny|26\/100\n|move|p1b: Flutter Mane|Shadow Ball|p2b: Slowbro\n|-supereffective|p2b: Slowbro\n|-damage|p2b: Slowbro|5\/100\n|-unboost|p2b: Slowbro|spd|1\n|move|p2a: Tauros|Wild Charge|p1b: Flutter Mane\n|-damage|p1b: Flutter Mane|46\/100\n|-damage|p2a: Tauros|65\/100|[from] Recoil\n|move|p2b: Slowbro|Surf|p1a: Charizard|[spread] p2a,p1a,p1b\n|-supereffective|p1a: Charizard\n|-damage|p2a: Tauros|12\/100\n|-damage|p1a: Charizard|0 fnt\n|-damage|p1b: Flutter Mane|8\/100\n|faint|p1a: Charizard\n|\n|-heal|p2b: Slowbro|11\/100|[from] item: Leftovers\n|upkeep\n|\n|t:|1700314671\n|switch|p1a: Torkoal|Torkoal, L50, F|38\/100\n|-weather|SunnyDay|[from] ability: Drought|[of] p1a: Torkoal\n|-activate|p1b: Flutter Mane|ability: Protosynthesis\n|-start|p1b: Flutter Mane|protosynthesisspe\n|turn|7\n|\n|t:|1700314684\n|move|p1a: Torkoal|Helping Hand|p1b: Flutter Mane\n|-singleturn|p1b: Flutter Mane|Helping Hand|[of] p1a: Torkoal\n|move|p1b: Flutter Mane|Dazzling Gleam|p2b: Slowbro|[spread] p2a,p2b\n|-damage|p2a: Tauros|0 fnt\n|-damage|p2b: Slowbro|0 fnt\n|faint|p2a: Tauros\n|faint|p2b: Slowbro\n|\n|win|ShadtheLad7\n|raw|ShadtheLad7's rating: 1065 &rarr; <strong>1094<\/strong><br \/>(+29 for winning)\n|raw|u5dktdk's rating: 1045 &rarr; <strong>1029<\/strong><br \/>(-16 for losing)\n|l|\u2606u5dktdk\n","uploadtime":1700314703,"views":16,"p1id":"shadthelad7","p2id":"u5dktdk","formatid":"gen9vgc2023regulatione","rating":1029,"private":0,"password":""}