{"id":"gen9vgc2023regulatione-1988693989","p1":"ViivNZ","p2":"redstonejesus","format":"[Gen 9] VGC 2023 Regulation E","log":"|j|\u2606ViivNZ\n|j|\u2606redstonejesus\n|t:|1699751528\n|gametype|doubles\n|player|p1|ViivNZ|iris|1290\n|player|p2|redstonejesus|2|1320\n|teamsize|p1|6\n|teamsize|p2|6\n|gen|9\n|tier|[Gen 9] VGC 2023 Regulation E\n|rated|\n|rule|Species Clause: Limit one of each Pok\u00e9mon\n|rule|Item Clause: Limit one of each item\n|clearpoke\n|poke|p1|Armarouge, L50, F|\n|poke|p1|Gastrodon, L50, F|\n|poke|p1|Ogerpon-Cornerstone, L50, F|\n|poke|p1|Fezandipiti, L50, M|\n|poke|p1|Indeedee-F, L50, F|\n|poke|p1|Urshifu-*, L50, M|\n|poke|p2|Dusclops, L50, M|\n|poke|p2|Ursaluna-Bloodmoon, L50, M|\n|poke|p2|Iron Hands, L50|\n|poke|p2|Landorus-Therian, L50, M|\n|poke|p2|Chi-Yu, L50|\n|poke|p2|Ogerpon-Wellspring, L50, F|\n|teampreview|4\nredstonejesus has agreed to open team sheets.\n|\n|t:|1699751573\n|start\n|switch|p1a: Fezandipiti|Fezandipiti, L50, M|100\/100\n|switch|p1b: Urshifu|Urshifu, L50, M|100\/100\n|switch|p2a: Chi-Yu|Chi-Yu, L50|100\/100\n|switch|p2b: Dusclops|Dusclops, L50, M, shiny|100\/100\n|-ability|p2a: Chi-Yu|Beads of Ruin\n|-item|p1a: Fezandipiti|Sitrus Berry|[from] ability: Frisk|[of] p2b: Dusclops|[identify]\n|-item|p1b: Urshifu|Focus Sash|[from] ability: Frisk|[of] p2b: Dusclops|[identify]\n|turn|1\n|\n|t:|1699751601\n|-terastallize|p2b: Dusclops|Dark\n|move|p1b: Urshifu|Detect|p1b: Urshifu\n|-singleturn|p1b: Urshifu|Protect\n|move|p2a: Chi-Yu|Overheat|p1b: Urshifu\n|-activate|p1b: Urshifu|move: Protect\n|move|p1a: Fezandipiti|Taunt|p2b: Dusclops\n|-start|p2b: Dusclops|move: Taunt\n|cant|p2b: Dusclops|move: Taunt|Trick Room\n|\n|upkeep\n|turn|2\n|\n|t:|1699751615\n|move|p2a: Chi-Yu|Overheat|p1b: Urshifu\n|-enditem|p1b: Urshifu|Focus Sash\n|-damage|p1b: Urshifu|1\/100\n|-unboost|p2a: Chi-Yu|spa|2\n|move|p1b: Urshifu|Close Combat|p2a: Chi-Yu\n|-supereffective|p2a: Chi-Yu\n|-damage|p2a: Chi-Yu|0 fnt\n|-unboost|p1b: Urshifu|def|1\n|-unboost|p1b: Urshifu|spd|1\n|faint|p2a: Chi-Yu\n|move|p1a: Fezandipiti|Icy Wind|p2b: Dusclops\n|-damage|p2b: Dusclops|94\/100\n|-unboost|p2b: Dusclops|spe|1\n|-status|p2b: Dusclops|tox|[from] ability: Toxic Chain|[of] p1a: Fezandipiti\n|move|p2b: Dusclops|Night Shade|p1b: Urshifu\n|-damage|p1b: Urshifu|0 fnt\n|faint|p1b: Urshifu\n|\n|-damage|p2b: Dusclops|88\/100 tox|[from] psn\n|upkeep\n|\n|t:|1699751635\n|switch|p2a: Iron Hands|Iron Hands, L50|100\/100\n|switch|p1b: Gastrodon|Gastrodon, L50, F, shiny|100\/100\n|turn|3\n|\n|t:|1699751643\n|switch|p1b: Indeedee|Indeedee-F, L50, F|100\/100\n|-fieldstart|move: Psychic Terrain|[from] ability: Psychic Surge|[of] p1b: Indeedee\n|-enditem|p1b: Indeedee|Psychic Seed\n|-boost|p1b: Indeedee|spd|1|[from] item: Psychic Seed\n|move|p1a: Fezandipiti|Dazzling Gleam|p2a: Iron Hands|[spread] p2a,p2b\n|-supereffective|p2a: Iron Hands\n|-supereffective|p2b: Dusclops\n|-damage|p2a: Iron Hands|84\/100\n|-damage|p2b: Dusclops|67\/100 tox\n|-status|p2a: Iron Hands|tox|[from] ability: Toxic Chain|[of] p1a: Fezandipiti\n|move|p2a: Iron Hands|Drain Punch|p1b: Indeedee\n|-damage|p1b: Indeedee|60\/100\n|-heal|p2a: Iron Hands|98\/100 tox|[from] drain|[of] p1b: Indeedee\n|move|p2b: Dusclops|Night Shade|p1b: Indeedee\n|-immune|p1b: Indeedee\n|\n|-damage|p2a: Iron Hands|92\/100 tox|[from] psn\n|-damage|p2b: Dusclops|55\/100 tox|[from] psn\n|-end|p2b: Dusclops|move: Taunt\n|upkeep\n|turn|4\n|\n|t:|1699751665\n|switch|p2b: Ursaluna|Ursaluna-Bloodmoon, L50, M|100\/100\n|move|p1a: Fezandipiti|Taunt|p2b: Ursaluna\n|-start|p2b: Ursaluna|move: Taunt\n|move|p1b: Indeedee|Dazzling Gleam|p2b: Ursaluna|[spread] p2a,p2b\n|-supereffective|p2a: Iron Hands\n|-damage|p2a: Iron Hands|80\/100 tox\n|-damage|p2b: Ursaluna|86\/100\n|move|p2a: Iron Hands|Wild Charge|p1b: Indeedee\n|-damage|p1b: Indeedee|15\/100\n|-damage|p2a: Iron Hands|72\/100 tox|[from] Recoil\n|\n|-damage|p2a: Iron Hands|60\/100 tox|[from] psn\n|upkeep\n|turn|5\n|\n|t:|1699751685\n|switch|p2b: Dusclops|Dusclops, L50, M, shiny, tera:Dark|55\/100 tox\n|-item|p1a: Fezandipiti|Sitrus Berry|[from] ability: Frisk|[of] p2b: Dusclops|[identify]\n|move|p1b: Indeedee|Protect|p1b: Indeedee\n|-singleturn|p1b: Indeedee|Protect\n|move|p1a: Fezandipiti|Icy Wind|p2b: Dusclops|[spread] p2a,p2b\n|-damage|p2a: Iron Hands|56\/100 tox\n|-damage|p2b: Dusclops|49\/100 tox\n|-unboost|p2a: Iron Hands|spe|1\n|-unboost|p2b: Dusclops|spe|1\n|move|p2a: Iron Hands|Drain Punch|p1b: Indeedee\n|-activate|p1b: Indeedee|move: Protect\n|\n|-damage|p2a: Iron Hands|38\/100 tox|[from] psn\n|-damage|p2b: Dusclops|43\/100 tox|[from] psn\n|upkeep\n|turn|6\n|\n|t:|1699751709\n|move|p1a: Fezandipiti|Taunt|p2b: Dusclops\n|-start|p2b: Dusclops|move: Taunt\n|move|p1b: Indeedee|Dazzling Gleam|p2a: Iron Hands|[spread] p2a,p2b\n|-supereffective|p2a: Iron Hands\n|-supereffective|p2b: Dusclops\n|-damage|p2a: Iron Hands|24\/100 tox\n|-damage|p2b: Dusclops|24\/100 tox\n|move|p2a: Iron Hands|Volt Switch|p1a: Fezandipiti\n|-damage|p1a: Fezandipiti|91\/100\n|\n|t:|1699751717\n|-end|p2a: Iron Hands|Quark Drive|[silent]\n|switch|p2a: Ursaluna|Ursaluna-Bloodmoon, L50, M|86\/100|[from] Volt Switch\n|cant|p2b: Dusclops|move: Taunt|Trick Room\n|\n|-damage|p2b: Dusclops|12\/100 tox|[from] psn\n|upkeep\n|turn|7\n|\n|t:|1699751726\n|switch|p1b: Gastrodon|Gastrodon, L50, F, shiny|100\/100\n|switch|p2b: Iron Hands|Iron Hands, L50|24\/100 tox\n|move|p1a: Fezandipiti|Icy Wind|p2b: Iron Hands|[spread] p2a,p2b\n|-supereffective|p2a: Ursaluna\n|-damage|p2a: Ursaluna|70\/100\n|-damage|p2b: Iron Hands|21\/100 tox\n|-unboost|p2a: Ursaluna|spe|1\n|-unboost|p2b: Iron Hands|spe|1\n|-enditem|p2a: Ursaluna|Weakness Policy\n|-boost|p2a: Ursaluna|atk|2|[from] item: Weakness Policy\n|-boost|p2a: Ursaluna|spa|2|[from] item: Weakness Policy\n|move|p2a: Ursaluna|Blood Moon|p1a: Fezandipiti\n|-damage|p1a: Fezandipiti|0 fnt\n|faint|p1a: Fezandipiti\n|\n|-damage|p2b: Iron Hands|15\/100 tox|[from] psn\n|-fieldend|move: Psychic Terrain\n|upkeep\n|\n|t:|1699751741\n|switch|p1a: Indeedee|Indeedee-F, L50, F|15\/100\n|-fieldstart|move: Psychic Terrain|[from] ability: Psychic Surge|[of] p1a: Indeedee\n|turn|8\n|\n|t:|1699751747\n|move|p1a: Indeedee|Follow Me|p1a: Indeedee\n|-singleturn|p1a: Indeedee|move: Follow Me\n|move|p1b: Gastrodon|Yawn|p2a: Ursaluna\n|-start|p2a: Ursaluna|move: Yawn|[of] p1b: Gastrodon\n|move|p2b: Iron Hands|Drain Punch|p1a: Indeedee\n|-damage|p1a: Indeedee|0 fnt\n|-heal|p2b: Iron Hands|20\/100 tox|[from] drain|[of] p1a: Indeedee\n|faint|p1a: Indeedee\n|move|p2a: Ursaluna|Hyper Voice|p1b: Gastrodon\n|-damage|p1b: Gastrodon|8\/100\n|\n|-heal|p1b: Gastrodon|14\/100|[from] item: Leftovers\n|-damage|p2b: Iron Hands|8\/100 tox|[from] psn\n|upkeep\n|turn|9\n|\n|t:|1699751769\n|-end|p2b: Iron Hands|Quark Drive|[silent]\n|switch|p2b: Dusclops|Dusclops, L50, M, shiny, tera:Dark|12\/100 tox\n|-item|p1b: Gastrodon|Leftovers|[from] ability: Frisk|[of] p2b: Dusclops|[identify]\n|move|p1b: Gastrodon|Protect|p1b: Gastrodon\n|-singleturn|p1b: Gastrodon|Protect\n|move|p2a: Ursaluna|Hyper Voice|p1b: Gastrodon\n|-activate|p1b: Gastrodon|move: Protect\n|\n|-heal|p1b: Gastrodon|20\/100|[from] item: Leftovers\n|-damage|p2b: Dusclops|6\/100 tox|[from] psn\n|-end|p2a: Ursaluna|move: Yawn|[silent]\n|-status|p2a: Ursaluna|slp\n|upkeep\n|turn|10\n|\n|t:|1699751791\n|move|p1b: Gastrodon|Earth Power|p2b: Dusclops\n|-damage|p2b: Dusclops|0 fnt\n|faint|p2b: Dusclops\n|cant|p2a: Ursaluna|slp\n|\n|-heal|p1b: Gastrodon|25\/100|[from] item: Leftovers\n|upkeep\n|\n|t:|1699751794\n|switch|p2b: Iron Hands|Iron Hands, L50|8\/100 tox\n|turn|11\n|\n|t:|1699751808\n|move|p2b: Iron Hands|Drain Punch|p1b: Gastrodon\n|-damage|p1b: Gastrodon|0 fnt\n|-heal|p2b: Iron Hands|18\/100 tox|[from] drain|[of] p1b: Gastrodon\n|faint|p1b: Gastrodon\n|\n|win|redstonejesus\n|raw|ViivNZ's rating: 1290 &rarr; <strong>1267<\/strong><br \/>(-23 for losing)\n|raw|redstonejesus's rating: 1320 &rarr; <strong>1338<\/strong><br \/>(+18 for winning)\n|l|\u2606ViivNZ\n","uploadtime":1699751819,"views":22,"p1id":"viivnz","p2id":"redstonejesus","formatid":"gen9vgc2023regulatione","rating":1267,"private":0,"password":""}