{"id":"gen9vgc2023regulatione-2000448599","p1":"ilsommo359","p2":"Nakafuyu Yuki","format":"[Gen 9] VGC 2023 Regulation E","log":"|j|\u2606ilsommo359\n|j|\u2606Nakafuyu Yuki\n|n|\u2606ilsommo359|ilsommo359\n|n|\u2606Nakafuyu Yuki|nakafuyuyuki\n|html|View the match progress at <a href=\"\/game-bestof3-gen9vgc2023regulatione-2000447077\">game-bestof3-gen9vgc2023regulatione-2000447077<\/a>\n|t:|1701195706\n|gametype|doubles\n|player|p1|ilsommo359|1|\n|player|p2|Nakafuyu Yuki|lucas|\n|teamsize|p1|6\n|teamsize|p2|6\n|gen|9\n|tier|[Gen 9] VGC 2023 Regulation E\n|rule|Species Clause: Limit one of each Pok\u00e9mon\n|rule|Item Clause: Limit one of each item\n|clearpoke\n|poke|p1|Armarouge, L50, M|\n|poke|p1|Indeedee-F, L50, F|\n|poke|p1|Torkoal, L50, M|\n|poke|p1|Gastrodon-East, L50, F|\n|poke|p1|Iron Hands, L50|\n|poke|p1|Mimikyu, L50, M|\n|poke|p2|Indeedee-F, L50, F|\n|poke|p2|Armarouge, L50, F|\n|poke|p2|Ursaluna, L50, F|\n|poke|p2|Gardevoir, L50, F|\n|poke|p2|Torkoal, L50, F|\n|poke|p2|Ogerpon-Wellspring, L50, F|\n|teampreview|4\n|inactive|Battle timer is ON: inactive players will automatically lose when time's up. (requested by Nakafuyu Yuki)\nNakafuyu Yuki has agreed to open team sheets.\nilsommo359 has agreed to open team sheets.\n|showteam|p1|Armarouge||LifeOrb|FlashFire|ExpandingForce,HeatWave,TrickRoom,TeraBlast|||M|||50|,,,,,Fairy]Indeedee-F||PsychicSeed|PsychicSurge|DazzlingGleam,HelpingHand,FollowMe,TrickRoom|||F|||50|,,,,,Grass]Torkoal||Charcoal|Drought|Eruption,HeatWave,EarthPower,Protect|||M|||50|,,,,,Fire]Gastrodon-East||SitrusBerry|StormDrain|EarthPower,MuddyWater,Recover,Protect|||F|||50|,,,,,Fire]Iron Hands||AssaultVest|QuarkDrive|WildCharge,DrainPunch,FakeOut,VoltSwitch||||||50|,,,,,Water]Mimikyu||RockyHelmet|Disguise|PlayRough,ShadowSneak,Taunt,TrickRoom|||M|||50|,,,,,Fire\n|showteam|p2|Indeedee-F||PsychicSeed|PsychicSurge|DazzlingGleam,HelpingHand,FollowMe,TrickRoom|||F|||50|,,,,,Water]Armarouge||MindPlate|FlashFire|HeatWave,ExpandingForce,WideGuard,TrickRoom|||F|||50|,,,,,Grass]Ursaluna||FlameOrb|Guts|HeadlongRush,Earthquake,Facade,Protect|||F|||50|,,,,,Ghost]Gardevoir||LifeOrb|Telepathy|DazzlingGleam,Moonblast,TrickRoom,Protect|||F|||50|,,,,,Fairy]Torkoal||Charcoal|Drought|Eruption,HeatWave,EarthPower,Protect|||F|||50|,,,,,Fire]Ogerpon-Wellspring||WellspringMask|WaterAbsorb|IvyCudgel,WoodHammer,FollowMe,SpikyShield|||F|||50|,,,,,Water\n|\n|t:|1701195722\n|start\n|switch|p1a: Armarouge|Armarouge, L50, M, shiny|100\/100\n|switch|p1b: Indeedee|Indeedee-F, L50, F|100\/100\n|switch|p2a: Indeedee|Indeedee-F, L50, F|100\/100\n|switch|p2b: Armarouge|Armarouge, L50, F|100\/100\n|-fieldstart|move: Psychic Terrain|[from] ability: Psychic Surge|[of] p1b: Indeedee\n|-enditem|p2a: Indeedee|Psychic Seed\n|-boost|p2a: Indeedee|spd|1|[from] item: Psychic Seed\n|-enditem|p1b: Indeedee|Psychic Seed\n|-boost|p1b: Indeedee|spd|1|[from] item: Psychic Seed\n|turn|1\n|\n|t:|1701195738\n|move|p1b: Indeedee|Helping Hand|p1a: Armarouge\n|-singleturn|p1a: Armarouge|Helping Hand|[of] p1b: Indeedee\n|move|p2b: Armarouge|Wide Guard|p2b: Armarouge\n|-singleturn|p2b: Armarouge|Wide Guard\n|move|p1a: Armarouge|Expanding Force|p2a: Indeedee|[spread] \n|-activate|p2a: Indeedee|move: Wide Guard\n|-activate|p2b: Armarouge|move: Wide Guard\n|move|p2a: Indeedee|Trick Room|p2a: Indeedee\n|-fieldstart|move: Trick Room|[of] p2a: Indeedee\n|\n|upkeep\n|turn|2\n|\n|t:|1701195758\n|move|p1b: Indeedee|Helping Hand|p1a: Armarouge\n|-singleturn|p1a: Armarouge|Helping Hand|[of] p1b: Indeedee\n|move|p2b: Armarouge|Expanding Force|p1b: Indeedee|[spread] p1a,p1b\n|-resisted|p1a: Armarouge\n|-resisted|p1b: Indeedee\n|-crit|p1b: Indeedee\n|-damage|p1a: Armarouge|56\/100\n|-damage|p1b: Indeedee|45\/100\n|move|p1a: Armarouge|Expanding Force|p2b: Armarouge|[spread] p2a,p2b\n|-resisted|p2a: Indeedee\n|-resisted|p2b: Armarouge\n|-damage|p2a: Indeedee|62\/100\n|-damage|p2b: Armarouge|30\/100\n|-damage|p1a: Armarouge|46\/100|[from] item: Life Orb\n|move|p2a: Indeedee|Dazzling Gleam|p1b: Indeedee|[spread] p1a,p1b\n|-resisted|p1a: Armarouge\n|-crit|p1a: Armarouge\n|-damage|p1a: Armarouge|36\/100\n|-damage|p1b: Indeedee|36\/100\n|\n|upkeep\n|turn|3\n|\n|t:|1701195778\n|move|p2a: Indeedee|Helping Hand|p2b: Armarouge\n|-singleturn|p2b: Armarouge|Helping Hand|[of] p2a: Indeedee\n|move|p1b: Indeedee|Helping Hand|p1a: Armarouge\n|-singleturn|p1a: Armarouge|Helping Hand|[of] p1b: Indeedee\n|move|p1a: Armarouge|Expanding Force|p2a: Indeedee|[spread] p2a,p2b\n|-resisted|p2a: Indeedee\n|-resisted|p2b: Armarouge\n|-damage|p2a: Indeedee|25\/100\n|-damage|p2b: Armarouge|0 fnt\n|faint|p2b: Armarouge\n|-damage|p1a: Armarouge|26\/100|[from] item: Life Orb\n|\n|upkeep\n|\n|t:|1701195786\n|switch|p2b: Ursaluna|Ursaluna, L50, F|100\/100\n|turn|4\n|\n|t:|1701195792\n|move|p2a: Indeedee|Helping Hand|p2b: Ursaluna\n|-singleturn|p2b: Ursaluna|Helping Hand|[of] p2a: Indeedee\n|move|p1b: Indeedee|Follow Me|p1b: Indeedee\n|-singleturn|p1b: Indeedee|move: Follow Me\n|move|p2b: Ursaluna|Earthquake|p1a: Armarouge|[spread] p2a,p1a,p1b\n|-supereffective|p1a: Armarouge\n|-damage|p2a: Indeedee|0 fnt\n|-damage|p1a: Armarouge|0 fnt\n|-damage|p1b: Indeedee|0 fnt\n|faint|p2a: Indeedee\n|faint|p1a: Armarouge\n|faint|p1b: Indeedee\n|\n|-status|p2b: Ursaluna|brn|[from] item: Flame Orb\n|upkeep\n|\n|t:|1701195803\n|switch|p1a: Torkoal|Torkoal, L50, M|100\/100\n|switch|p2a: Torkoal|Torkoal, L50, F|100\/100\n|switch|p1b: Gastrodon|Gastrodon-East, L50, F|100\/100\n|-weather|SunnyDay|[from] ability: Drought|[of] p1a: Torkoal\n|turn|5\n|inactive|Nakafuyu Yuki has 30 seconds left.\n|\n|t:|1701195834\n|-terastallize|p1a: Torkoal|Fire\n|-terastallize|p2a: Torkoal|Fire\n|move|p2a: Torkoal|Earth Power|p1a: Torkoal\n|-supereffective|p1a: Torkoal\n|-damage|p1a: Torkoal|26\/100\n|move|p1a: Torkoal|Eruption|p2b: Ursaluna|[spread] p2a,p2b\n|-resisted|p2a: Torkoal\n|-damage|p2a: Torkoal|81\/100\n|-damage|p2b: Ursaluna|78\/100 brn\n|move|p1b: Gastrodon|Earth Power|p2a: Torkoal\n|-supereffective|p2a: Torkoal\n|-damage|p2a: Torkoal|0 fnt\n|faint|p2a: Torkoal\n|move|p2b: Ursaluna|Headlong Rush|p1a: Torkoal\n|-supereffective|p1a: Torkoal\n|-damage|p1a: Torkoal|0 fnt\n|-unboost|p2b: Ursaluna|def|1\n|-unboost|p2b: Ursaluna|spd|1\n|faint|p1a: Torkoal\n|\n|-weather|SunnyDay|[upkeep]\n|-damage|p2b: Ursaluna|72\/100 brn|[from] brn\n|-fieldend|move: Trick Room\n|-fieldend|move: Psychic Terrain\n|upkeep\n|turn|6\n|inactive|ilsommo359 has 30 seconds left.\n|\n|t:|1701195859\n|move|p1b: Gastrodon|Protect|p1b: Gastrodon\n|-singleturn|p1b: Gastrodon|Protect\n|move|p2b: Ursaluna|Facade|p1b: Gastrodon\n|-activate|p1b: Gastrodon|move: Protect\n|\n|-weather|SunnyDay|[upkeep]\n|-damage|p2b: Ursaluna|66\/100 brn|[from] brn\n|upkeep\n|turn|7\n|\n|t:|1701195867\n|move|p2b: Ursaluna|Facade|p1b: Gastrodon\n|-damage|p1b: Gastrodon|0 fnt\n|faint|p1b: Gastrodon\n|\n|win|Nakafuyu Yuki\n|c|&|\/uhtml prompt-nakafuyuyuki,Nakafuyu Yuki is ready for game 3!\n|c|&|\/uhtml prompt-ilsommo359,ilsommo359 is ready for game 3!\nBoth players are ready! Starting next match!\n","uploadtime":1701196559,"views":5,"p1id":"ilsommo359","p2id":"nakafuyuyuki","formatid":"gen9vgc2023regulatione","rating":0,"private":0,"password":""}