{"id":"gen9vgc2023regulatione-1998802591","p1":"weirdnomad","p2":"Fishsticks11\u00a7","format":"[Gen 9] VGC 2023 Regulation E","log":"|j|\u203dweirdnomad\n|j|\u2606Fishsticks11\u00a7\n|t:|1700994017\n|gametype|doubles\n|player|p1|weirdnomad|hiker-gen4|1055\n|player|p2|Fishsticks11\u00a7|265|1000\n|teamsize|p1|6\n|teamsize|p2|6\n|gen|9\n|tier|[Gen 9] VGC 2023 Regulation E\n|rated|\n|rule|Species Clause: Limit one of each Pok\u00e9mon\n|rule|Item Clause: Limit one of each item\n|clearpoke\n|poke|p1|Great Tusk, L50|\n|poke|p1|Skeledirge, L50, M|\n|poke|p1|Hydreigon, L50, F|\n|poke|p1|Zapdos, L50|\n|poke|p1|Toxapex, L50, F|\n|poke|p1|Scizor, L50, F|\n|poke|p2|Amoonguss, L50, M|\n|poke|p2|Urshifu-*, L50, M|\n|poke|p2|Ceruledge, L50, F|\n|poke|p2|Tatsugiri, L50, F|\n|poke|p2|Annihilape, L50, F|\n|poke|p2|Dondozo, L50, F|\n|teampreview|4\n|inactive|Battle timer is ON: inactive players will automatically lose when time's up. (requested by Fishsticks11\u00a7)\n|\n|t:|1700994059\n|start\n|switch|p1a: Great Tusk|Great Tusk, L50|100\/100\n|switch|p1b: Zapdos|Zapdos, L50, shiny|100\/100\n|switch|p2a: Annihilape|Annihilape, L50, F|100\/100\n|switch|p2b: Tatsugiri|Tatsugiri, L50, F|100\/100\n|turn|1\n|inactiveoff|Battle timer is now OFF.\n|\n|t:|1700994084\n|move|p2b: Tatsugiri|Endure|p2b: Tatsugiri\n|-singleturn|p2b: Tatsugiri|move: Endure\n|move|p1b: Zapdos|Discharge|p2a: Annihilape|[spread] p2a,p2b\n|-immune|p1a: Great Tusk\n|-damage|p2a: Annihilape|75\/100\n|-damage|p2b: Tatsugiri|70\/100\n|-status|p2b: Tatsugiri|par\n|move|p2a: Annihilape|Final Gambit|p2b: Tatsugiri\n|-activate|p2b: Tatsugiri|move: Endure\n|-damage|p2b: Tatsugiri|1\/100 par\n|faint|p2a: Annihilape\n|move|p1a: Great Tusk|Earthquake|p2b: Tatsugiri|[spread] p2b\n|-immune|p1b: Zapdos\n|-activate|p2b: Tatsugiri|move: Endure\n|-damage|p2b: Tatsugiri|1\/100 par\n|\n|upkeep\n|\n|t:|1700994101\n|switch|p2a: Dondozo|Dondozo, L50, F|100\/100\n|-activate|p2b: Tatsugiri|ability: Commander|[of] p2a: Dondozo\n|-boost|p2a: Dondozo|atk|2\n|-boost|p2a: Dondozo|spa|2\n|-boost|p2a: Dondozo|spe|2\n|-boost|p2a: Dondozo|def|2\n|-boost|p2a: Dondozo|spd|2\n|turn|2\n|\n|t:|1700994119\n|-terastallize|p1a: Great Tusk|Steel\n|move|p1b: Zapdos|Sunny Day|p1b: Zapdos\n|-weather|SunnyDay\n|-activate|p1a: Great Tusk|ability: Protosynthesis\n|-start|p1a: Great Tusk|protosynthesisdef\n|move|p2a: Dondozo|Order Up|p1a: Great Tusk\n|-resisted|p1a: Great Tusk\n|-damage|p1a: Great Tusk|89\/100\n|-boost|p2a: Dondozo|atk|1\n|move|p1a: Great Tusk|Knock Off|p2a: Dondozo\n|-damage|p2a: Dondozo|92\/100\n|-enditem|p2a: Dondozo|Leftovers|[from] move: Knock Off|[of] p1a: Great Tusk\n|\n|-weather|SunnyDay|[upkeep]\n|upkeep\n|turn|3\n|\n|t:|1700994150\n|switch|p1b: Toxapex|Toxapex, L50, F|100\/100\n|move|p2a: Dondozo|Wave Crash|p1b: Toxapex\n|-resisted|p1b: Toxapex\n|-damage|p1b: Toxapex|80\/100\n|-damage|p2a: Dondozo|87\/100|[from] Recoil\n|move|p1a: Great Tusk|Body Press|p2a: Dondozo\n|-damage|p2a: Dondozo|74\/100\n|\n|-weather|SunnyDay|[upkeep]\n|upkeep\n|turn|4\n|\n|t:|1700994172\n|-end|p1a: Great Tusk|Protosynthesis|[silent]\n|switch|p1a: Skeledirge|Skeledirge, L50, M|100\/100\n|move|p1b: Toxapex|Infestation|p2a: Dondozo\n|-damage|p2a: Dondozo|72\/100\n|-activate|p2a: Dondozo|move: Infestation|[of] p1b: Toxapex\n|move|p2a: Dondozo|Avalanche|p1a: Skeledirge\n|-resisted|p1a: Skeledirge\n|-damage|p1a: Skeledirge|92\/100\n|-damage|p2a: Dondozo|56\/100|[from] item: Rocky Helmet|[of] p1a: Skeledirge\n|\n|-weather|SunnyDay|[upkeep]\n|-damage|p2a: Dondozo|39\/100|[from] move: Infestation|[partiallytrapped]\n|upkeep\n|turn|5\n|\n|t:|1700994192\n|move|p2a: Dondozo|Wave Crash|p1a: Skeledirge\n|-supereffective|p1a: Skeledirge\n|-damage|p1a: Skeledirge|47\/100\n|-damage|p2a: Dondozo|23\/100|[from] item: Rocky Helmet|[of] p1a: Skeledirge\n|-damage|p2a: Dondozo|9\/100|[from] Recoil\n|move|p1a: Skeledirge|Will-O-Wisp|p2a: Dondozo\n|-status|p2a: Dondozo|brn\n|move|p1b: Toxapex|Substitute|p1b: Toxapex\n|-start|p1b: Toxapex|Substitute\n|-damage|p1b: Toxapex|55\/100\n|\n|-weather|SunnyDay|[upkeep]\n|-damage|p2a: Dondozo|3\/100 brn|[from] brn\n|-damage|p2a: Dondozo|0 fnt|[from] move: Infestation|[partiallytrapped]\n|faint|p2a: Dondozo\n|upkeep\n|\n|t:|1700994206\n|switch|p2a: Amoonguss|Amoonguss, L50, M|100\/100\n|turn|6\n|\n|t:|1700994219\n|move|p1a: Skeledirge|Slack Off|p1a: Skeledirge\n|-heal|p1a: Skeledirge|97\/100\n|move|p1b: Toxapex|Infestation|p2a: Amoonguss\n|-damage|p2a: Amoonguss|97\/100\n|-activate|p2a: Amoonguss|move: Infestation|[of] p1b: Toxapex\n|cant|p2b: Tatsugiri|par\n|move|p2a: Amoonguss|Seed Bomb|p1b: Toxapex\n|-activate|p1b: Toxapex|move: Substitute|[damage]\n|\n|-weather|none\n|-damage|p2a: Amoonguss|80\/100|[from] move: Infestation|[partiallytrapped]\n|upkeep\n|turn|7\n|inactive|Battle timer is ON: inactive players will automatically lose when time's up. (requested by Fishsticks11\u00a7)\n|\n|t:|1700994245\n|move|p1a: Skeledirge|Torch Song|p2a: Amoonguss\n|-supereffective|p2a: Amoonguss\n|-damage|p2a: Amoonguss|14\/100\n|-boost|p1a: Skeledirge|spa|1\n|move|p1b: Toxapex|Recover|p1b: Toxapex\n|-heal|p1b: Toxapex|100\/100\n|move|p2b: Tatsugiri|Chilling Water|p1a: Skeledirge\n|-supereffective|p1a: Skeledirge\n|-damage|p1a: Skeledirge|65\/100\n|-unboost|p1a: Skeledirge|atk|1\n|move|p2a: Amoonguss|Seed Bomb|p1b: Toxapex\n|-end|p1b: Toxapex|Substitute\n|\n|-damage|p2a: Amoonguss|0 fnt|[from] move: Infestation|[partiallytrapped]\n|faint|p2a: Amoonguss\n|upkeep\n|turn|8\n|inactiveoff|Battle timer is now OFF.\n|\n|t:|1700994268\n|move|p1a: Skeledirge|Hex|p2b: Tatsugiri\n|-damage|p2b: Tatsugiri|0 fnt\n|faint|p2b: Tatsugiri\n|\n|win|weirdnomad\n|raw|weirdnomad's rating: 1055 &rarr; <strong>1082<\/strong><br \/>(+27 for winning)\n|raw|Fishsticks11\u00a7's rating: 1000 &rarr; <strong>1000<\/strong><br \/>(+0 for losing)\n","uploadtime":1700994276,"views":8,"p1id":"weirdnomad","p2id":"fishsticks11","formatid":"gen9vgc2023regulatione","rating":1000,"private":0,"password":""}