{"id":"gen9vgc2023regulatione-1991716250","p1":"Tots54","p2":"Ryan Gooslink","format":"[Gen 9] VGC 2023 Regulation E","log":"|j|\u2606Tots54\n|j|\u2606Ryan Gooslink\n|n|\u2606Tots54|tots54\n|n|\u2606Ryan Gooslink|ryangooslink\n|html|View the match progress at <a href=\"\/game-bestof3-gen9vgc2023regulatione-1991716248\">game-bestof3-gen9vgc2023regulatione-1991716248<\/a>\n|t:|1700106218\n|gametype|doubles\n|player|p1|Tots54|dragontamer|\n|player|p2|Ryan Gooslink|maid|\n|teamsize|p1|6\n|teamsize|p2|6\n|gen|9\n|tier|[Gen 9] VGC 2023 Regulation E\n|rule|Species Clause: Limit one of each Pok\u00e9mon\n|rule|Item Clause: Limit one of each item\n|clearpoke\n|poke|p1|Heatran, L50, M|\n|poke|p1|Iron Hands, L50|\n|poke|p1|Roaring Moon, L50|\n|poke|p1|Amoonguss, L50, M|\n|poke|p1|Flutter Mane, L50|\n|poke|p1|Landorus-Therian, L50, M|\n|poke|p2|Flutter Mane, L50|\n|poke|p2|Urshifu-*, L50, M|\n|poke|p2|Iron Hands, L50|\n|poke|p2|Ogerpon-Wellspring, L50, F|\n|poke|p2|Tornadus, L50, M|\n|poke|p2|Arcanine-Hisui, L50, F|\n|teampreview|4\nTots54 has agreed to open team sheets.\nRyan Gooslink has agreed to open team sheets.\n|showteam|p1|Heatran||LifeOrb|FlashFire|HeatWave,EarthPower,FlashCannon,Protect|||M|||50|,,,,,Fairy]Iron Hands||AssaultVest|QuarkDrive|FakeOut,DrainPunch,WildCharge,VoltSwitch||||||50|,,,,,Water]Roaring Moon||BoosterEnergy|Protosynthesis|Acrobatics,KnockOff,DragonDance,Protect||||||50|,,,,,Flying]Amoonguss||RockyHelmet|Regenerator|Spore,RagePowder,PollenPuff,Protect|||M|||50|,,,,,Water]Flutter Mane||ChoiceSpecs|Protosynthesis|Moonblast,ShadowBall,DazzlingGleam,PerishSong||||||50|,,,,,Fairy]Landorus-Therian||ChoiceScarf|Intimidate|StompingTantrum,TeraBlast,Uturn,RockSlide|||M|||50|,,,,,Flying\n|showteam|p2|Flutter Mane||ChoiceSpecs|Protosynthesis|DazzlingGleam,ShadowBall,Moonblast,PerishSong||||||50|,,,,,Fairy]Urshifu||FocusSash|UnseenFist|WickedBlow,CloseCombat,SuckerPunch,Protect|||M|||50|,,,,,Dark]Iron Hands||AssaultVest|QuarkDrive|WildCharge,DrainPunch,HeavySlam,FakeOut||||||50|,,,,,Water]Ogerpon-Wellspring||WellspringMask|WaterAbsorb|IvyCudgel,HornLeech,FollowMe,SpikyShield|||F|||50|,,,,,Water]Tornadus||RockyHelmet|Prankster|BleakwindStorm,Tailwind,SunnyDay,Protect|||M|||50|,,,,,Ghost]Arcanine-Hisui||ChoiceBand|Intimidate|FlareBlitz,RockSlide,ExtremeSpeed,TeraBlast|||F|||50|,,,,,Fairy\n|\n|t:|1700106310\n|start\n|switch|p1a: Iron Hands|Iron Hands, L50|100\/100\n|switch|p1b: Heatran|Heatran, L50, M|100\/100\n|switch|p2a: Flutter Mane|Flutter Mane, L50|100\/100\n|switch|p2b: Tornadus|Tornadus, L50, M|100\/100\n|turn|1\n|\n|t:|1700106351\n|-end|p2a: Flutter Mane|Protosynthesis|[silent]\n|switch|p2a: Iron Hands|Iron Hands, L50|100\/100\n|move|p2b: Tornadus|Protect|p2b: Tornadus\n|-singleturn|p2b: Tornadus|Protect\n|move|p1a: Iron Hands|Fake Out|p2a: Iron Hands\n|-damage|p2a: Iron Hands|90\/100\n|move|p1b: Heatran|Flash Cannon|p2a: Iron Hands\n|-resisted|p2a: Iron Hands\n|-damage|p2a: Iron Hands|76\/100\n|-damage|p1b: Heatran|91\/100|[from] item: Life Orb\n|\n|upkeep\n|turn|2\n|\n|t:|1700106379\n|switch|p1b: Amoonguss|Amoonguss, L50, M|100\/100\n|move|p2b: Tornadus|Tailwind|p2b: Tornadus\n|-sidestart|p2: Ryan Gooslink|move: Tailwind\n|move|p2a: Iron Hands|Drain Punch|p1b: Amoonguss\n|-resisted|p1b: Amoonguss\n|-crit|p1b: Amoonguss\n|-damage|p1b: Amoonguss|79\/100\n|-heal|p2a: Iron Hands|85\/100|[from] drain|[of] p1b: Amoonguss\n|-damage|p2a: Iron Hands|69\/100|[from] item: Rocky Helmet|[of] p1b: Amoonguss\n|move|p1a: Iron Hands|Wild Charge|p2b: Tornadus\n|-supereffective|p2b: Tornadus\n|-damage|p2b: Tornadus|4\/100\n|-damage|p1a: Iron Hands|84\/100|[from] item: Rocky Helmet|[of] p2b: Tornadus\n|-damage|p1a: Iron Hands|65\/100|[from] Recoil\n|\n|upkeep\n|turn|3\n|\n|t:|1700106388\n|move|p1b: Amoonguss|Protect|p1b: Amoonguss\n|-singleturn|p1b: Amoonguss|Protect\n|move|p2b: Tornadus|Bleakwind Storm|p1b: Amoonguss|[spread] \n|-activate|p1b: Amoonguss|move: Protect\n|-miss|p2b: Tornadus|p1a: Iron Hands\n|move|p2a: Iron Hands|Wild Charge|p1b: Amoonguss\n|-activate|p1b: Amoonguss|move: Protect\n|move|p1a: Iron Hands|Volt Switch|p2b: Tornadus\n|-supereffective|p2b: Tornadus\n|-damage|p2b: Tornadus|0 fnt\n|faint|p2b: Tornadus\n|\n|t:|1700106394\n|-end|p1a: Iron Hands|Quark Drive|[silent]\n|switch|p1a: Heatran|Heatran, L50, M|91\/100|[from] Volt Switch\n|\n|upkeep\n|\n|t:|1700106398\n|switch|p2b: Urshifu|Urshifu, L50, M|100\/100\n|turn|4\n|\n|t:|1700106412\n|switch|p1b: Iron Hands|Iron Hands, L50|65\/100\n|-terastallize|p1a: Heatran|Fairy\n|move|p2b: Urshifu|Wicked Blow|p1b: Iron Hands\n|-resisted|p1b: Iron Hands\n|-crit|p1b: Iron Hands\n|-damage|p1b: Iron Hands|41\/100\n|move|p2a: Iron Hands|Drain Punch|p1b: Iron Hands\n|-damage|p1b: Iron Hands|14\/100\n|-heal|p2a: Iron Hands|82\/100|[from] drain|[of] p1b: Iron Hands\n|move|p1a: Heatran|Heat Wave|p2b: Urshifu|[spread] p2a,p2b\n|-damage|p2a: Iron Hands|54\/100\n|-damage|p2b: Urshifu|20\/100\n|-damage|p1a: Heatran|81\/100|[from] item: Life Orb\n|\n|upkeep\n|turn|5\n|\n|t:|1700106429\n|-end|p2a: Iron Hands|Quark Drive|[silent]\n|switch|p2a: Flutter Mane|Flutter Mane, L50|100\/100\n|move|p2b: Urshifu|Protect|p2b: Urshifu\n|-singleturn|p2b: Urshifu|Protect\n|move|p1b: Iron Hands|Fake Out|p2a: Flutter Mane\n|-immune|p2a: Flutter Mane\n|move|p1a: Heatran|Earth Power|p2a: Flutter Mane\n|-crit|p2a: Flutter Mane\n|-damage|p2a: Flutter Mane|40\/100\n|-damage|p1a: Heatran|72\/100|[from] item: Life Orb\n|\n|-sideend|p2: Ryan Gooslink|move: Tailwind\n|upkeep\n|turn|6\n|\n|t:|1700106459\n|switch|p1a: Amoonguss|Amoonguss, L50, M|100\/100\n|-terastallize|p2a: Flutter Mane|Fairy\n|move|p2a: Flutter Mane|Dazzling Gleam|p1a: Amoonguss|[spread] p1a,p1b\n|-resisted|p1a: Amoonguss\n|-supereffective|p1b: Iron Hands\n|-damage|p1a: Amoonguss|73\/100\n|-damage|p1b: Iron Hands|0 fnt\n|faint|p1b: Iron Hands\n|-end|p1b: Iron Hands|Quark Drive|[silent]\n|move|p2b: Urshifu|Wicked Blow|p1a: Amoonguss\n|-crit|p1a: Amoonguss\n|-damage|p1a: Amoonguss|26\/100\n|-damage|p2b: Urshifu|3\/100|[from] item: Rocky Helmet|[of] p1a: Amoonguss\n|\n|upkeep\n|\n|t:|1700106463\n|switch|p1b: Heatran|Heatran, L50, M, tera:Fairy|72\/100\n|turn|7\n|\n|t:|1700106474\n|move|p1b: Heatran|Protect|p1b: Heatran\n|-singleturn|p1b: Heatran|Protect\n|move|p1a: Amoonguss|Rage Powder|p1a: Amoonguss\n|-singleturn|p1a: Amoonguss|move: Rage Powder\n|move|p2a: Flutter Mane|Dazzling Gleam|p1a: Amoonguss|[spread] p1a\n|-activate|p1b: Heatran|move: Protect\n|-resisted|p1a: Amoonguss\n|-damage|p1a: Amoonguss|0 fnt\n|faint|p1a: Amoonguss\n|move|p2b: Urshifu|Close Combat|p1b: Heatran\n|-resisted|p1b: Heatran\n|-damage|p1b: Heatran|41\/100\n|-unboost|p2b: Urshifu|def|1\n|-unboost|p2b: Urshifu|spd|1\n|\n|upkeep\n|\n|t:|1700106478\n|switch|p1a: Landorus|Landorus-Therian, L50, M|100\/100\n|-ability|p1a: Landorus|Intimidate|boost\n|-unboost|p2a: Flutter Mane|atk|1\n|-unboost|p2b: Urshifu|atk|1\n|turn|8\n|\n|t:|1700106497\n|-end|p2a: Flutter Mane|Protosynthesis|[silent]\n|switch|p2a: Iron Hands|Iron Hands, L50|54\/100\n|move|p2b: Urshifu|Sucker Punch|p1a: Landorus\n|-damage|p1a: Landorus|67\/100\n|move|p1a: Landorus|Stomping Tantrum|p2a: Iron Hands\n|-supereffective|p2a: Iron Hands\n|-damage|p2a: Iron Hands|0 fnt\n|faint|p2a: Iron Hands\n|-end|p2a: Iron Hands|Quark Drive|[silent]\n|move|p1b: Heatran|Flash Cannon|p2b: Urshifu\n|-damage|p2b: Urshifu|0 fnt\n|faint|p2b: Urshifu\n|-damage|p1b: Heatran|32\/100|[from] item: Life Orb\n|\n|upkeep\n|\n|t:|1700106504\n|switch|p2b: Flutter Mane|Flutter Mane, L50, tera:Fairy|40\/100\n|turn|9\n|\n|t:|1700106507\n|move|p1a: Landorus|Stomping Tantrum|p2b: Flutter Mane\n|-damage|p2b: Flutter Mane|0 fnt\n|faint|p2b: Flutter Mane\n|-end|p2b: Flutter Mane|Protosynthesis|[silent]\n|\n|win|Tots54\n|c|&|\/uhtml prompt-tots54,Tots54 is ready for game 2!\n|inactive|Ryan Gooslink has 50 seconds to confirm battle start!\n|c|&|\/uhtml prompt-tots54,Tots54 is ready for game 2!\n|inactive|Ryan Gooslink has 40 seconds to confirm battle start!\n|c|&|\/uhtml prompt-tots54,Tots54 is ready for game 2!\n|c|&|\/uhtml prompt-tots54,Tots54 is ready for game 2!\n|c|&|\/uhtml prompt-tots54,Tots54 is ready for game 2!\n|inactive|Ryan Gooslink has 30 seconds to confirm battle start!\n|c|&|\/uhtml prompt-ryangooslink,Ryan Gooslink is ready for game 2!\nBoth players are ready! Starting next match!\n|l|\u2606Tots54\n","uploadtime":1700107173,"views":28,"p1id":"tots54","p2id":"ryangooslink","formatid":"gen9vgc2023regulatione","rating":0,"private":0,"password":""}