{"id":"gen9vgc2023regulatione-1990833007","p1":"Idonotcare0982","p2":"WarTails","format":"[Gen 9] VGC 2023 Regulation E","log":"|j|\u2606Idonotcare0982\n|j|\u2606WarTails\n|n|\u2606Idonotcare0982|idonotcare0982\n|n|\u2606WarTails|wartails\n|html|View the match progress at <a href=\"\/game-bestof3-gen9vgc2023regulatione-1990829719\">game-bestof3-gen9vgc2023regulatione-1990829719<\/a>\n|t:|1700005533\n|gametype|doubles\n|player|p1|Idonotcare0982|ghetsis-gen5bw|\n|player|p2|WarTails|veteran|\n|teamsize|p1|6\n|teamsize|p2|6\n|gen|9\n|tier|[Gen 9] VGC 2023 Regulation E\n|rule|Species Clause: Limit one of each Pok\u00e9mon\n|rule|Item Clause: Limit one of each item\n|clearpoke\n|poke|p1|Arcanine-Hisui, L50, M|\n|poke|p1|Urshifu-*, L50, F|\n|poke|p1|Tornadus, L50, M|\n|poke|p1|Ogerpon-Wellspring, L50, F|\n|poke|p1|Gholdengo, L50|\n|poke|p1|Iron Hands, L50|\n|poke|p2|Lucario, L50, F|\n|poke|p2|Garchomp, L50, M|\n|poke|p2|Gliscor, L50, M|\n|poke|p2|Rotom-Heat, L50|\n|poke|p2|Pachirisu, L50, F|\n|poke|p2|Tyranitar, L50, M|\n|teampreview|4\nWarTails has agreed to open team sheets.\nIdonotcare0982 has agreed to open team sheets.\n|showteam|p1|Arcanine-Hisui||ChoiceScarf|Intimidate|FlareBlitz,RockSlide,ExtremeSpeed,TeraBlast|||M|||50|,,,,,Grass]Urshifu-Rapid-Strike||MysticWater|UnseenFist|SurgingStrikes,DrainPunch,Detect,AquaJet|||F|||50|,,,,,Water]Tornadus||CovertCloak|Prankster|BleakwindStorm,Tailwind,RainDance,Protect|||M|||50|,,,,,Dark]Ogerpon-Wellspring||WellspringMask|WaterAbsorb|IvyCudgel,HornLeech,SpikyShield,FollowMe|||F|||50|,,,,,Water]Gholdengo||Leftovers|GoodasGold|MakeItRain,ShadowBall,Protect,NastyPlot||||||50|,,,,,Steel]Iron Hands||AssaultVest|QuarkDrive|FakeOut,WildCharge,DrainPunch,HeavySlam||||||50|,,,,,Grass\n|showteam|p2|Lucario||FocusSash|Steadfast|DrainPunch,BulletPunch,ShadowClaw,Detect|||F|||50|,,,,,Ghost]Garchomp||AssaultVest|RoughSkin|Earthquake,DragonClaw,IronHead,BrickBreak|||M|||50|,,,,,Steel]Gliscor||ToxicOrb|PoisonHeal|Toxic,Bulldoze,MudSlap,Protect|||M|||50|,,,,,Water]Rotom-Heat||Leftovers|Levitate|Discharge,WillOWisp,EerieImpulse,Substitute||||||50|,,,,,Electric]Pachirisu||SafetyGoggles|VoltAbsorb|FollowMe,HelpingHand,Nuzzle,BabyDollEyes|||F|||50|,,,,,Flying]Tyranitar||LuminousMoss|SandStream|Protect,Crunch,StealthRock,SmackDown|||M|||50|,,,,,Bug\n|j| ControlGeek\n|\n|t:|1700005571\n|start\n|switch|p1a: Urshifu|Urshifu-Rapid-Strike, L50, F|100\/100\n|switch|p1b: Tornadus|Tornadus, L50, M|100\/100\n|switch|p2a: Tyranitar|Tyranitar, L50, M|100\/100\n|switch|p2b: Pachirisu|Pachirisu, L50, F, shiny|100\/100\n|-weather|Sandstorm|[from] ability: Sand Stream|[of] p2a: Tyranitar\n|turn|1\n|c|\u2606Idonotcare0982|!dt luminous moss\n|raw|<ul class=\"utilichart\"><li class=\"result\"><span class=\"col itemiconcol\"><psicon item=\"luminousmoss\"><\/span> <span class=\"col namecol\"><a href=\"https:\/\/dex.pokemonshowdown.com\/items\/luminousmoss\">Luminous Moss<\/a><\/span> <span class=\"col itemdesccol\">Raises holder's Sp. Def by 1 stage if hit by a Water-type attack. Single use.<\/span> <\/li><li style=\"clear:both\"><\/li><\/ul>\n|raw|<font size=\"1\"><font color=\"#686868\">Gen:<\/font> 6&nbsp;|&ThickSpace;<font color=\"#686868\">Fling Base Power:<\/font> 30<\/font>\n\n|\n|t:|1700005618\n|switch|p2a: Gliscor|Gliscor, L50, M|100\/100\n|move|p1b: Tornadus|Rain Dance|p1b: Tornadus\n|-weather|RainDance\n|move|p2b: Pachirisu|Nuzzle|p1a: Urshifu\n|-supereffective|p1a: Urshifu\n|-damage|p1a: Urshifu|93\/100\n|-status|p1a: Urshifu|par\n|cant|p1a: Urshifu|par\n|\n|-weather|RainDance|[upkeep]\n|-status|p2a: Gliscor|tox|[from] item: Toxic Orb\n|upkeep\n|turn|2\n|l|\u2606WarTails\n|player|p2|\n|j|\u2606WarTails\n|player|p2|WarTails|veteran\n|\n|t:|1700005664\n|-terastallize|p1a: Urshifu|Water\n|move|p2b: Pachirisu|Follow Me|p2b: Pachirisu\n|-singleturn|p2b: Pachirisu|move: Follow Me\n|move|p1b: Tornadus|Tailwind|p1b: Tornadus\n|-sidestart|p1: Idonotcare0982|move: Tailwind\n|move|p1a: Urshifu|Surging Strikes|p2b: Pachirisu\n|-crit|p2b: Pachirisu\n|-damage|p2b: Pachirisu|25\/100\n|-crit|p2b: Pachirisu\n|-damage|p2b: Pachirisu|0 fnt\n|faint|p2b: Pachirisu\n|-hitcount|p2: Pachirisu|2\n|move|p2a: Gliscor|Toxic|p1b: Tornadus\n|-status|p1b: Tornadus|tox\n|\n|-weather|RainDance|[upkeep]\n|-damage|p1b: Tornadus|94\/100 tox|[from] psn\n|upkeep\n|\n|t:|1700005679\n|switch|p2b: Tyranitar|Tyranitar, L50, M|100\/100\n|-weather|Sandstorm|[from] ability: Sand Stream|[of] p2b: Tyranitar\n|turn|3\n|\n|t:|1700005698\n|-terastallize|p2a: Gliscor|Water\n|move|p1b: Tornadus|Rain Dance|p1b: Tornadus\n|-weather|RainDance\n|cant|p1a: Urshifu|par\n|move|p2a: Gliscor|Mud-Slap|p1a: Urshifu\n|-damage|p1a: Urshifu|88\/100 par\n|-unboost|p1a: Urshifu|accuracy|1\n|move|p2b: Tyranitar|Stealth Rock|p1b: Tornadus\n|-sidestart|p1: Idonotcare0982|move: Stealth Rock\n|\n|-weather|RainDance|[upkeep]\n|-damage|p1b: Tornadus|82\/100 tox|[from] psn\n|upkeep\n|turn|4\n|\n|t:|1700005725\n|switch|p2b: Rotom|Rotom-Heat, L50|100\/100\n|move|p1b: Tornadus|Protect|p1b: Tornadus\n|-singleturn|p1b: Tornadus|Protect\n|cant|p1a: Urshifu|par\n|move|p2a: Gliscor|Mud-Slap|p1a: Urshifu\n|-damage|p1a: Urshifu|81\/100 par\n|-unboost|p1a: Urshifu|accuracy|1\n|\n|-weather|RainDance|[upkeep]\n|-damage|p1b: Tornadus|64\/100 tox|[from] psn\n|upkeep\n|turn|5\n|\n|t:|1700005740\n|switch|p1a: Gholdengo|Gholdengo, L50|100\/100\n|-damage|p1a: Gholdengo|95\/100|[from] Stealth Rock\n|move|p2a: Gliscor|Protect|p2a: Gliscor\n|-singleturn|p2a: Gliscor|Protect\n|move|p1b: Tornadus|Bleakwind Storm|p2a: Gliscor|[spread] p2b\n|-activate|p2a: Gliscor|move: Protect\n|-resisted|p2b: Rotom\n|-damage|p2b: Rotom|83\/100\n|-unboost|p2b: Rotom|spe|1\n|move|p2b: Rotom|Discharge|p1a: Gholdengo|[spread] p1a,p1b\n|-activate|p2a: Gliscor|move: Protect\n|-supereffective|p1b: Tornadus\n|-damage|p1a: Gholdengo|67\/100\n|-damage|p1b: Tornadus|0 fnt\n|faint|p1b: Tornadus\n|\n|-weather|RainDance|[upkeep]\n|-heal|p1a: Gholdengo|73\/100|[from] item: Leftovers\n|-heal|p2b: Rotom|89\/100|[from] item: Leftovers\n|-sideend|p1: Idonotcare0982|move: Tailwind\n|upkeep\n|\n|t:|1700005757\n|switch|p1b: Arcanine|Arcanine-Hisui, L50, M, shiny|100\/100\n|-damage|p1b: Arcanine|76\/100|[from] Stealth Rock\n|-ability|p1b: Arcanine|Intimidate|boost\n|-unboost|p2a: Gliscor|atk|1\n|-unboost|p2b: Rotom|atk|1\n|turn|6\n|\n|t:|1700005771\n|switch|p2b: Tyranitar|Tyranitar, L50, M|100\/100\n|-weather|Sandstorm|[from] ability: Sand Stream|[of] p2b: Tyranitar\n|move|p1b: Arcanine|Rock Slide|p2b: Tyranitar|[spread] p2a,p2b\n|-damage|p2a: Gliscor|80\/100 tox\n|-damage|p2b: Tyranitar|77\/100\n|move|p2a: Gliscor|Mud-Slap|p1a: Gholdengo\n|-supereffective|p1a: Gholdengo\n|-damage|p1a: Gholdengo|65\/100\n|-unboost|p1a: Gholdengo|accuracy|1\n|move|p1a: Gholdengo|Shadow Ball|p2a: Gliscor\n|-damage|p2a: Gliscor|38\/100 tox\n|\n|-weather|Sandstorm|[upkeep]\n|-damage|p2a: Gliscor|32\/100 tox|[from] Sandstorm\n|-heal|p1a: Gholdengo|71\/100|[from] item: Leftovers\n|-heal|p2a: Gliscor|44\/100 tox|[from] ability: Poison Heal\n|upkeep\n|turn|7\n|\n|t:|1700005793\n|move|p2a: Gliscor|Protect|p2a: Gliscor\n|-singleturn|p2a: Gliscor|Protect\n|move|p1b: Arcanine|Rock Slide|p2b: Tyranitar|[spread] p2b\n|-activate|p2a: Gliscor|move: Protect\n|-damage|p2b: Tyranitar|54\/100\n|move|p1a: Gholdengo|Make It Rain|p2b: Tyranitar|[spread] \n|-activate|p2a: Gliscor|move: Protect\n|-miss|p1a: Gholdengo|p2b: Tyranitar\n|move|p2b: Tyranitar|Crunch|p1a: Gholdengo\n|-supereffective|p1a: Gholdengo\n|-damage|p1a: Gholdengo|0 fnt\n|faint|p1a: Gholdengo\n|\n|-weather|Sandstorm|[upkeep]\n|-damage|p2a: Gliscor|38\/100 tox|[from] Sandstorm\n|-heal|p2a: Gliscor|50\/100 tox|[from] ability: Poison Heal\n|upkeep\n|\n|t:|1700005805\n|switch|p1a: Urshifu|Urshifu-Rapid-Strike, L50, F, tera:Water|81\/100 par\n|-damage|p1a: Urshifu|69\/100 par|[from] Stealth Rock\n|turn|8\n|c|\u2606Idonotcare0982|Yeah\n|c|\u2606WarTails|?\n|c|\u2606Idonotcare0982|Im very unlucky\n|\n|t:|1700005831\n|move|p2b: Tyranitar|Protect|p2b: Tyranitar\n|-singleturn|p2b: Tyranitar|Protect\n|move|p1a: Urshifu|Aqua Jet|p2b: Tyranitar\n|-supereffective|p2b: Tyranitar\n|-damage|p2b: Tyranitar|0 fnt\n|faint|p2b: Tyranitar\n|move|p1b: Arcanine|Rock Slide|p2a: Gliscor\n|-damage|p2a: Gliscor|18\/100 tox\n|move|p2a: Gliscor|Bulldoze|p1b: Arcanine|[spread] p1a,p1b\n|-supereffective|p1b: Arcanine\n|-damage|p1a: Urshifu|59\/100 par\n|-damage|p1b: Arcanine|26\/100\n|-unboost|p1a: Urshifu|spe|1\n|-unboost|p1b: Arcanine|spe|1\n|\n|-weather|Sandstorm|[upkeep]\n|-damage|p2a: Gliscor|12\/100 tox|[from] Sandstorm\n|-damage|p1a: Urshifu|52\/100 par|[from] Sandstorm\n|-heal|p2a: Gliscor|24\/100 tox|[from] ability: Poison Heal\n|upkeep\n|c|\u2606WarTails|oh\n|c|\u2606Idonotcare0982|This makes sense\n|\n|t:|1700005847\n|switch|p2b: Rotom|Rotom-Heat, L50|89\/100\n|turn|9\n|c|\u2606WarTails|I'm sorry?\n|\n|t:|1700005855\n|move|p1a: Urshifu|Aqua Jet|p2b: Rotom\n|-supereffective|p2b: Rotom\n|-damage|p2b: Rotom|6\/100\n|move|p1b: Arcanine|Rock Slide|p2a: Gliscor|[spread] p2a,p2b\n|-supereffective|p2b: Rotom\n|-damage|p2a: Gliscor|2\/100 tox\n|-damage|p2b: Rotom|0 fnt\n|faint|p2b: Rotom\n|move|p2a: Gliscor|Bulldoze|p1b: Arcanine|[spread] p1a,p1b\n|-supereffective|p1b: Arcanine\n|-damage|p1a: Urshifu|44\/100 par\n|-damage|p1b: Arcanine|0 fnt\n|-unboost|p1a: Urshifu|spe|1\n|faint|p1b: Arcanine\n|\n|-weather|Sandstorm|[upkeep]\n|-damage|p2a: Gliscor|0 fnt|[from] Sandstorm\n|-damage|p1a: Urshifu|37\/100 par|[from] Sandstorm\n|faint|p2a: Gliscor\n|\n|win|Idonotcare0982\n|upkeep\n|c|\u2606Idonotcare0982|No its cool\n|c|\u2606WarTails|gg\n|c|\u2606Idonotcare0982|Gg\n|l| ControlGeek\n|l|\u2606Idonotcare0982\n","uploadtime":1700005891,"views":17,"p1id":"idonotcare0982","p2id":"wartails","formatid":"gen9vgc2023regulatione","rating":0,"private":0,"password":""}