{"id":"gen9vgc2023regulatione-1989703620","p1":"BlueJayX2","p2":"Papaguaino","format":"[Gen 9] VGC 2023 Regulation E","log":"|j|\u2606BlueJayX2\n|j|\u2606Papaguaino\n|t:|1699888434\n|gametype|doubles\n|player|p1|BlueJayX2|marley|1019\n|player|p2|Papaguaino|265|1033\n|teamsize|p1|6\n|teamsize|p2|6\n|gen|9\n|tier|[Gen 9] VGC 2023 Regulation E\n|rated|\n|rule|Species Clause: Limit one of each Pok\u00e9mon\n|rule|Item Clause: Limit one of each item\n|clearpoke\n|poke|p1|Sableye, L50, M|\n|poke|p1|Gyarados, L50, F|\n|poke|p1|Maushold-Four, L50|\n|poke|p1|Iron Treads, L50|\n|poke|p1|Salamence, L50, M|\n|poke|p1|Clodsire, L50, M|\n|poke|p2|Sinistcha-Masterpiece, L50|\n|poke|p2|Ninetales, L50, M|\n|poke|p2|Flutter Mane, L50|\n|poke|p2|Great Tusk, L50|\n|poke|p2|Amoonguss, L50, F|\n|poke|p2|Slither Wing, L50|\n|teampreview|4\n|inactive|Battle timer is ON: inactive players will automatically lose when time's up. (requested by BlueJayX2)\n|inactive|Papaguaino has 60 seconds left.\n|\n|t:|1699888467\n|start\n|switch|p1a: Sableye|Sableye, L50, M|100\/100\n|switch|p1b: Maushold|Maushold-Four, L50|100\/100\n|switch|p2a: Ninetales|Ninetales, L50, M|100\/100\n|switch|p2b: Great Tusk|Great Tusk, L50|100\/100\n|-weather|SunnyDay|[from] ability: Drought|[of] p2a: Ninetales\n|-activate|p2b: Great Tusk|ability: Protosynthesis\n|-start|p2b: Great Tusk|protosynthesisatk\n|turn|1\n|inactive|Papaguaino has 30 seconds left.\n|\n|t:|1699888500\n|move|p1a: Sableye|Fake Out|p2b: Great Tusk\n|-damage|p2b: Great Tusk|94\/100\n|move|p1b: Maushold|Tidy Up|p1b: Maushold\n|-boost|p1b: Maushold|atk|1\n|-boost|p1b: Maushold|spe|1\n|cant|p2b: Great Tusk|flinch\n|move|p2a: Ninetales|Heat Wave|p1a: Sableye|[spread] p1a,p1b\n|-crit|p1a: Sableye\n|-damage|p1a: Sableye|31\/100\n|-damage|p1b: Maushold|36\/100\n|\n|-weather|SunnyDay|[upkeep]\n|upkeep\n|turn|2\n|inactive|Papaguaino has 30 seconds left.\n|\n|t:|1699888531\n|-end|p2b: Great Tusk|Protosynthesis|[silent]\n|switch|p2b: Slither Wing|Slither Wing, L50|100\/100\n|-activate|p2b: Slither Wing|ability: Protosynthesis\n|-start|p2b: Slither Wing|protosynthesisatk\n|move|p1a: Sableye|Trick|p2b: Slither Wing\n|-activate|p1a: Sableye|move: Trick|[of] p2b: Slither Wing\n|-item|p2b: Slither Wing|Lagging Tail|[from] move: Trick\n|-item|p1a: Sableye|Choice Scarf|[from] move: Trick\n|move|p1b: Maushold|Population Bomb|p2a: Ninetales\n|-damage|p2a: Ninetales|81\/100\n|-damage|p2a: Ninetales|62\/100\n|-damage|p2a: Ninetales|45\/100\n|-damage|p2a: Ninetales|27\/100\n|-damage|p2a: Ninetales|8\/100\n|-damage|p2a: Ninetales|0 fnt\n|faint|p2a: Ninetales\n|-hitcount|p2: Ninetales|6\n|\n|-weather|SunnyDay|[upkeep]\n|upkeep\n|\n|t:|1699888545\n|switch|p2a: Great Tusk|Great Tusk, L50|94\/100\n|-activate|p2a: Great Tusk|ability: Protosynthesis\n|-start|p2a: Great Tusk|protosynthesisatk\n|turn|3\n|\n|t:|1699888565\n|move|p1a: Sableye|Trick|p2a: Great Tusk\n|-activate|p1a: Sableye|move: Trick|[of] p2a: Great Tusk\n|-item|p2a: Great Tusk|Choice Scarf|[from] move: Trick\n|-item|p1a: Sableye|Aguav Berry|[from] move: Trick\n|move|p1b: Maushold|Population Bomb|p2b: Slither Wing\n|-damage|p2b: Slither Wing|80\/100\n|-damage|p2b: Slither Wing|59\/100\n|-damage|p2b: Slither Wing|41\/100\n|-damage|p2b: Slither Wing|20\/100\n|-damage|p2b: Slither Wing|2\/100\n|-damage|p2b: Slither Wing|0 fnt\n|faint|p2b: Slither Wing\n|-end|p2b: Slither Wing|Protosynthesis|[silent]\n|-hitcount|p2: Slither Wing|6\n|move|p2a: Great Tusk|Earthquake|p1b: Maushold|[spread] p1a,p1b\n|-damage|p1a: Sableye|0 fnt\n|-damage|p1b: Maushold|0 fnt\n|faint|p1a: Sableye\n|faint|p1b: Maushold\n|\n|-weather|SunnyDay|[upkeep]\n|upkeep\n|\n|t:|1699888587\n|switch|p1b: Gyarados|Gyarados, L50, F|100\/100\n|switch|p2b: Sinistcha|Sinistcha-Masterpiece, L50|100\/100\n|switch|p1a: Clodsire|Clodsire, L50, M|100\/100\n|-heal|p2a: Great Tusk|100\/100|[from] ability: Hospitality|[of] p2b: Sinistcha\n|turn|4\n|inactive|BlueJayX2 has 30 seconds left.\n|\n|t:|1699888615\n|-terastallize|p2a: Great Tusk|Steel\n|move|p2a: Great Tusk|Earthquake|p1b: Gyarados|[spread] p2b,p1a\n|-immune|p1b: Gyarados\n|-resisted|p2b: Sinistcha\n|-supereffective|p1a: Clodsire\n|-damage|p2b: Sinistcha|77\/100\n|-damage|p1a: Clodsire|0 fnt\n|faint|p1a: Clodsire\n|move|p1b: Gyarados|Dragon Dance|p1b: Gyarados\n|-boost|p1b: Gyarados|atk|1\n|-boost|p1b: Gyarados|spe|1\n|move|p2b: Sinistcha|Solar Beam||[still]\n|-prepare|p2b: Sinistcha|Solar Beam\n|-anim|p2b: Sinistcha|Solar Beam|p1b: Gyarados\n|-damage|p1b: Gyarados|48\/100\n|\n|-weather|SunnyDay|[upkeep]\n|upkeep\n|turn|5\n|\n|t:|1699888637\n|-terastallize|p1b: Gyarados|Flying\n|move|p2a: Great Tusk|Earthquake|p1b: Gyarados|[spread] p2b\n|-immune|p1b: Gyarados\n|-resisted|p2b: Sinistcha\n|-damage|p2b: Sinistcha|55\/100\n|move|p1b: Gyarados|Earthquake|p2b: Sinistcha|[spread] p2a,p2b\n|-supereffective|p2a: Great Tusk\n|-resisted|p2b: Sinistcha\n|-damage|p2a: Great Tusk|45\/100\n|-damage|p2b: Sinistcha|39\/100\n|move|p2b: Sinistcha|Solar Beam||[still]\n|-prepare|p2b: Sinistcha|Solar Beam\n|-anim|p2b: Sinistcha|Solar Beam|p1b: Gyarados\n|-resisted|p1b: Gyarados\n|-damage|p1b: Gyarados|22\/100\n|\n|-weather|none\n|-end|p2a: Great Tusk|Protosynthesis\n|upkeep\n|turn|6\n|\n|t:|1699888660\n|move|p2a: Great Tusk|Earthquake|p1b: Gyarados|[spread] p2b\n|-immune|p1b: Gyarados\n|-resisted|p2b: Sinistcha\n|-damage|p2b: Sinistcha|21\/100\n|move|p1b: Gyarados|Tera Blast|p2b: Sinistcha|[anim] Tera Blast Flying\n|-supereffective|p2b: Sinistcha\n|-damage|p2b: Sinistcha|0 fnt\n|faint|p2b: Sinistcha\n|-ability|p1b: Gyarados|Moxie|boost\n|-boost|p1b: Gyarados|atk|1\n|\n|upkeep\n|turn|7\n|-message|Papaguaino forfeited.\n|\n|win|BlueJayX2\n|raw|BlueJayX2's rating: 1019 &rarr; <strong>1058<\/strong><br \/>(+39 for winning)\n|raw|Papaguaino's rating: 1033 &rarr; <strong>1017<\/strong><br \/>(-16 for losing)\n|l|\u2606Papaguaino\n","uploadtime":1699888697,"views":23,"p1id":"bluejayx2","p2id":"papaguaino","formatid":"gen9vgc2023regulatione","rating":1017,"private":0,"password":""}