{"id":"gen9vgc2023regulatione-1989001560","p1":"Dari157","p2":"Jinthewindmaster","format":"[Gen 9] VGC 2023 Regulation E","log":"|j|\u2606Dari157\n|j|\u2606Jinthewindmaster\n|t:|1699800694\n|gametype|doubles\n|player|p1|Dari157|101|1295\n|player|p2|Jinthewindmaster|bruno|1217\n|teamsize|p1|6\n|teamsize|p2|6\n|gen|9\n|tier|[Gen 9] VGC 2023 Regulation E\n|rated|\n|rule|Species Clause: Limit one of each Pok\u00e9mon\n|rule|Item Clause: Limit one of each item\n|clearpoke\n|poke|p1|Landorus-Therian, L50, M|\n|poke|p1|Urshifu-*, L50, M|\n|poke|p1|Flutter Mane, L50|\n|poke|p1|Chien-Pao, L50|\n|poke|p1|Amoonguss, L50, F|\n|poke|p1|Iron Hands, L50|\n|poke|p2|Indeedee, L50, M|\n|poke|p2|Armarouge, L50, F|\n|poke|p2|Amoonguss, L50, M|\n|poke|p2|Iron Hands, L50|\n|poke|p2|Tornadus, L50, M|\n|poke|p2|Urshifu-*, L50, F|\n|teampreview|4\n|\n|t:|1699800721\n|start\n|switch|p1a: Urshifu|Urshifu-Rapid-Strike, L50, M|100\/100\n|switch|p1b: Chien-Pao|Chien-Pao, L50|100\/100\n|switch|p2a: Amoonguss|Amoonguss, L50, M, shiny|100\/100\n|switch|p2b: Iron Hands|Iron Hands, L50, shiny|100\/100\n|-ability|p1b: Chien-Pao|Sword of Ruin\n|turn|1\n|inactive|Battle timer is ON: inactive players will automatically lose when time's up. (requested by Dari157)\n|inactive|Jinthewindmaster has 60 seconds left.\n|\n|t:|1699800757\n|-terastallize|p2a: Amoonguss|Fire\n|move|p1b: Chien-Pao|Protect|p1b: Chien-Pao\n|-singleturn|p1b: Chien-Pao|Protect\n|move|p1a: Urshifu|Protect|p1a: Urshifu\n|-singleturn|p1a: Urshifu|Protect\n|move|p2b: Iron Hands|Swords Dance|p2b: Iron Hands\n|-boost|p2b: Iron Hands|atk|2\n|move|p2a: Amoonguss|Spore|p1a: Urshifu\n|-activate|p1a: Urshifu|move: Protect\n|\n|upkeep\n|turn|2\n|\n|t:|1699800780\n|switch|p2a: Indeedee|Indeedee, L50, M|100\/100\n|-fieldstart|move: Psychic Terrain|[from] ability: Psychic Surge|[of] p2a: Indeedee\n|move|p1b: Chien-Pao|Icicle Crash|p2b: Iron Hands\n|-damage|p2b: Iron Hands|60\/100\n|move|p1a: Urshifu|Surging Strikes|p2a: Indeedee\n|-crit|p2a: Indeedee\n|-damage|p2a: Indeedee|34\/100\n|-crit|p2a: Indeedee\n|-damage|p2a: Indeedee|0 fnt\n|faint|p2a: Indeedee\n|-hitcount|p2: Indeedee|2\n|move|p2b: Iron Hands|Drain Punch|p1a: Urshifu\n|-damage|p1a: Urshifu|0 fnt\n|-heal|p2b: Iron Hands|99\/100|[from] drain|[of] p1a: Urshifu\n|faint|p1a: Urshifu\n|\n|upkeep\n|\n|t:|1699800802\n|switch|p2a: Amoonguss|Amoonguss, L50, M, shiny, tera:Fire|100\/100\n|switch|p1a: Landorus|Landorus-Therian, L50, M|100\/100\n|-ability|p1a: Landorus|Intimidate|boost\n|-unboost|p2a: Amoonguss|atk|1\n|-unboost|p2b: Iron Hands|atk|1\n|turn|3\n|\n|t:|1699800818\n|-terastallize|p1a: Landorus|Flying\n|move|p2a: Amoonguss|Rage Powder|p2a: Amoonguss\n|-singleturn|p2a: Amoonguss|move: Rage Powder\n|move|p1b: Chien-Pao|Icicle Crash|p2a: Amoonguss\n|-resisted|p2a: Amoonguss\n|-damage|p2a: Amoonguss|75\/100\n|move|p1a: Landorus|Tera Blast|p2b: Iron Hands|[anim] Tera Blast Flying\n|-damage|p2b: Iron Hands|49\/100\n|-enditem|p2b: Iron Hands|Sitrus Berry|[eat]\n|-heal|p2b: Iron Hands|74\/100|[from] item: Sitrus Berry\n|move|p2b: Iron Hands|Ice Punch|p1a: Landorus\n|-supereffective|p1a: Landorus\n|-damage|p1a: Landorus|5\/100\n|\n|upkeep\n|turn|4\n|inactive|Dari157 has 30 seconds left.\n|inactive|Jinthewindmaster has 30 seconds left.\n|inactive|Jinthewindmaster has 20 seconds left.\n|inactive|Jinthewindmaster has 15 seconds left.\n|inactive|Dari157 has 20 seconds left.\n|\n|t:|1699800863\n|move|p2b: Iron Hands|Detect|p2b: Iron Hands\n|-singleturn|p2b: Iron Hands|Protect\n|move|p1b: Chien-Pao|Sacred Sword|p2b: Iron Hands\n|-activate|p2b: Iron Hands|move: Protect\n|move|p1a: Landorus|Stomping Tantrum|p2b: Iron Hands\n|-activate|p2b: Iron Hands|move: Protect\n|move|p2a: Amoonguss|Sludge Bomb|p1a: Landorus\n|-damage|p1a: Landorus|0 fnt\n|faint|p1a: Landorus\n|\n|upkeep\n|\n|t:|1699800872\n|switch|p1a: Iron Hands|Iron Hands, L50|100\/100\n|turn|5\n|\n|t:|1699800887\n|move|p1b: Chien-Pao|Icicle Crash|p2b: Iron Hands\n|-damage|p2b: Iron Hands|34\/100\n|move|p1a: Iron Hands|Drain Punch|p2a: Amoonguss\n|-damage|p2a: Amoonguss|21\/100\n|move|p2b: Iron Hands|Drain Punch|p1a: Iron Hands\n|-damage|p1a: Iron Hands|51\/100\n|-heal|p2b: Iron Hands|60\/100|[from] drain|[of] p1a: Iron Hands\n|move|p2a: Amoonguss|Spore|p1b: Chien-Pao\n|-status|p1b: Chien-Pao|slp|[from] move: Spore\n|\n|upkeep\n|turn|6\n|-message|Dari157 forfeited.\n|\n|win|Jinthewindmaster\n|raw|Dari157's rating: 1295 &rarr; <strong>1264<\/strong><br \/>(-31 for losing)\n|raw|Jinthewindmaster's rating: 1217 &rarr; <strong>1248<\/strong><br \/>(+31 for winning)\n|l|\u2606Dari157\n","uploadtime":1699800904,"views":21,"p1id":"dari157","p2id":"jinthewindmaster","formatid":"gen9vgc2023regulatione","rating":1248,"private":0,"password":""}