{"id":"gen9vgc2023regulatione-1990169523","p1":"ClubSandwichBread","p2":"Lehrgak02","format":"[Gen 9] VGC 2023 Regulation E","log":"|j|\u2606ClubSandwichBread\n|j|\u2606Lehrgak02\n|t:|1699932323\n|gametype|doubles\n|player|p1|ClubSandwichBread|swimmer-gen4dp|1255\n|player|p2|Lehrgak02|cynthia-gen4|1186\n|teamsize|p1|6\n|teamsize|p2|6\n|gen|9\n|tier|[Gen 9] VGC 2023 Regulation E\n|rated|\n|rule|Species Clause: Limit one of each Pok\u00e9mon\n|rule|Item Clause: Limit one of each item\n|clearpoke\n|poke|p1|Amoonguss, L50, F|\n|poke|p1|Roaring Moon, L50|\n|poke|p1|Tornadus, L50, M|\n|poke|p1|Urshifu-*, L50, M|\n|poke|p1|Arcanine-Hisui, L50, M|\n|poke|p1|Tinkaton, L50, F|\n|poke|p2|Urshifu-*, L50, M|\n|poke|p2|Regieleki, L50|\n|poke|p2|Mamoswine, L50, M|\n|poke|p2|Azumarill, L50, F|\n|poke|p2|Goodra, L50, M|\n|poke|p2|Lycanroc-Dusk, L50, M|\n|teampreview|4\n|inactive|Battle timer is ON: inactive players will automatically lose when time's up. (requested by Lehrgak02)\n|inactive|ClubSandwichBread also wants the timer to be on.\nClubSandwichBread has agreed to open team sheets.\n|inactive|ClubSandwichBread has 60 seconds left.\n|inactive|Lehrgak02 has 60 seconds left.\n|inactive|ClubSandwichBread has 30 seconds left.\nLehrgak02 has agreed to open team sheets.\n|\n|t:|1699932390\n|start\n|switch|p1a: Amoonguss|Amoonguss, L50, F|100\/100\n|switch|p1b: Roaring Moon|Roaring Moon, L50|100\/100\n|switch|p2a: Meta-Killer|Mamoswine, L50, M|100\/100\n|switch|p2b: Trivela|Lycanroc-Dusk, L50, M, shiny|100\/100\n|-enditem|p1b: Roaring Moon|Booster Energy\n|-activate|p1b: Roaring Moon|ability: Protosynthesis|[fromitem]\n|-start|p1b: Roaring Moon|protosynthesisatk\n|turn|1\n|inactive|ClubSandwichBread has 30 seconds left.\n|inactive|Lehrgak02 has 30 seconds left.\n|inactive|Lehrgak02 has 20 seconds left.\n|\n|t:|1699932426\n|move|p1a: Amoonguss|Rage Powder|p1a: Amoonguss\n|-singleturn|p1a: Amoonguss|move: Rage Powder\n|move|p2b: Trivela|Play Rough|p1a: Amoonguss\n|-resisted|p1a: Amoonguss\n|-damage|p1a: Amoonguss|77\/100\n|-damage|p2b: Trivela|84\/100|[from] item: Rocky Helmet|[of] p1a: Amoonguss\n|move|p1b: Roaring Moon|Dragon Dance|p1b: Roaring Moon\n|-boost|p1b: Roaring Moon|atk|1\n|-boost|p1b: Roaring Moon|spe|1\n|move|p2a: Meta-Killer|Icicle Crash|p1a: Amoonguss\n|-supereffective|p1a: Amoonguss\n|-crit|p1a: Amoonguss\n|-damage|p1a: Amoonguss|0 fnt\n|faint|p1a: Amoonguss\n|\n|upkeep\n|\n|t:|1699932438\n|switch|p1a: Arcanine|Arcanine-Hisui, L50, M|100\/100\n|-ability|p1a: Arcanine|Intimidate|boost\n|-unboost|p2a: Meta-Killer|atk|1\n|-unboost|p2b: Trivela|atk|1\n|turn|2\n|inactive|ClubSandwichBread has 30 seconds left.\n|\n|t:|1699932470\n|move|p1b: Roaring Moon|Protect|p1b: Roaring Moon\n|-singleturn|p1b: Roaring Moon|Protect\n|move|p2b: Trivela|Play Rough|p1b: Roaring Moon\n|-activate|p1b: Roaring Moon|move: Protect\n|move|p2a: Meta-Killer|Icicle Crash|p1b: Roaring Moon\n|-activate|p1b: Roaring Moon|move: Protect\n|move|p1a: Arcanine|Rock Slide|p2a: Meta-Killer|[spread] p2b\n|-miss|p1a: Arcanine|p2a: Meta-Killer\n|-damage|p2b: Trivela|17\/100\n|\n|upkeep\n|turn|3\n|\n|t:|1699932493\n|-terastallize|p1b: Roaring Moon|Flying\n|move|p1b: Roaring Moon|Knock Off|p2a: Meta-Killer\n|-damage|p2a: Meta-Killer|0 fnt\n|-enditem|p2a: Meta-Killer|Expert Belt|[from] move: Knock Off|[of] p1b: Roaring Moon\n|faint|p2a: Meta-Killer\n|move|p2b: Trivela|Play Rough|p1b: Roaring Moon\n|-damage|p1b: Roaring Moon|62\/100\n|move|p1a: Arcanine|Rock Slide|p2b: Trivela|[miss]\n|-miss|p1a: Arcanine|p2b: Trivela\n|\n|upkeep\n|\n|t:|1699932504\n|switch|p2a: Pudding|Goodra, L50, M, shiny|100\/100\n|turn|4\n|\n|t:|1699932517\n|move|p1b: Roaring Moon|Knock Off|p2a: Pudding\n|-crit|p2a: Pudding\n|-damage|p2a: Pudding|0 fnt\n|-ability|p2a: Pudding|Gooey\n|-unboost|p1b: Roaring Moon|spe|1\n|-enditem|p2a: Pudding|Assault Vest|[from] move: Knock Off|[of] p1b: Roaring Moon\n|faint|p2a: Pudding\n|move|p2b: Trivela|Play Rough|p1b: Roaring Moon\n|-damage|p1b: Roaring Moon|24\/100\n|move|p1a: Arcanine|Rock Slide|p2b: Trivela\n|-damage|p2b: Trivela|0 fnt\n|faint|p2b: Trivela\n|\n|upkeep\n|\n|t:|1699932528\n|switch|p2a: Fiufiu|Urshifu-Rapid-Strike, L50, M|100\/100\n|turn|5\n|\n|t:|1699932539\n|switch|p1a: Urshifu|Urshifu-Rapid-Strike, L50, M|100\/100\n|-terastallize|p2a: Fiufiu|Water\n|move|p2a: Fiufiu|Surging Strikes|p1b: Roaring Moon\n|-crit|p1b: Roaring Moon\n|-damage|p1b: Roaring Moon|0 fnt\n|faint|p1b: Roaring Moon\n|-end|p1b: Roaring Moon|Protosynthesis|[silent]\n|-hitcount|p1: Roaring Moon|1\n|-damage|p2a: Fiufiu|91\/100|[from] item: Life Orb\n|\n|upkeep\n|\n|t:|1699932548\n|switch|p1b: Arcanine|Arcanine-Hisui, L50, M|100\/100\n|-ability|p1b: Arcanine|Intimidate|boost\n|-unboost|p2a: Fiufiu|atk|1\n|turn|6\n|\n|t:|1699932559\n|move|p1b: Arcanine|Extreme Speed|p2a: Fiufiu\n|-damage|p2a: Fiufiu|51\/100\n|move|p2a: Fiufiu|Surging Strikes|p1b: Arcanine\n|-supereffective|p1b: Arcanine\n|-crit|p1b: Arcanine\n|-damage|p1b: Arcanine|0 fnt\n|faint|p1b: Arcanine\n|-hitcount|p1: Arcanine|1\n|-damage|p2a: Fiufiu|42\/100|[from] item: Life Orb\n|move|p1a: Urshifu|Close Combat|p2a: Fiufiu\n|-crit|p2a: Fiufiu\n|-damage|p2a: Fiufiu|0 fnt\n|-unboost|p1a: Urshifu|def|1\n|-unboost|p1a: Urshifu|spd|1\n|faint|p2a: Fiufiu\n|\n|win|ClubSandwichBread\n|raw|ClubSandwichBread's rating: 1255 &rarr; <strong>1275<\/strong><br \/>(+20 for winning)\n|raw|Lehrgak02's rating: 1186 &rarr; <strong>1166<\/strong><br \/>(-20 for losing)\n|l|\u2606Lehrgak02\n","uploadtime":1699932574,"views":11,"p1id":"clubsandwichbread","p2id":"lehrgak02","formatid":"gen9vgc2023regulatione","rating":1166,"private":0,"password":""}