{"id":"gen9vgc2023regulatione-1993755575","p1":"Cubboy","p2":"Slender235","format":"[Gen 9] VGC 2023 Regulation E","log":"|j|\u2606Cubboy\n|j|\u2606Slender235\n|t:|1700353441\n|gametype|doubles\n|player|p1|Cubboy|169|1083\n|player|p2|Slender235|steven-gen6|1105\n|teamsize|p1|6\n|teamsize|p2|6\n|gen|9\n|tier|[Gen 9] VGC 2023 Regulation E\n|rated|\n|rule|Species Clause: Limit one of each Pok\u00e9mon\n|rule|Item Clause: Limit one of each item\n|clearpoke\n|poke|p1|Landorus-Therian, L50, M|\n|poke|p1|Arcanine-Hisui, L50, F|\n|poke|p1|Ogerpon, L50, F|\n|poke|p1|Empoleon, L50, M|\n|poke|p1|Iron Hands, L50|\n|poke|p1|Farigiraf, L50, M|\n|poke|p2|Samurott-Hisui, L50, F|\n|poke|p2|Landorus-Therian, L50, M|\n|poke|p2|Flutter Mane, L50|\n|poke|p2|Indeedee-F, L50, F|\n|poke|p2|Armarouge, L50, M|\n|poke|p2|Ting-Lu, L50|\n|teampreview|4\n|inactive|Battle timer is ON: inactive players will automatically lose when time's up. (requested by Slender235)\n|inactive|Cubboy has 60 seconds left.\n|\n|t:|1700353481\n|start\n|switch|p1a: Landorus|Landorus-Therian, L50, M, shiny|100\/100\n|switch|p1b: Arcanine|Arcanine-Hisui, L50, F, shiny|100\/100\n|switch|p2a: Indeedee|Indeedee-F, L50, F|100\/100\n|switch|p2b: Samurott|Samurott-Hisui, L50, F|100\/100\n|-ability|p1a: Landorus|Intimidate|boost\n|-unboost|p2a: Indeedee|atk|1\n|-unboost|p2b: Samurott|atk|1\n|-fieldstart|move: Psychic Terrain|[from] ability: Psychic Surge|[of] p2a: Indeedee\n|-enditem|p2a: Indeedee|Psychic Seed\n|-boost|p2a: Indeedee|spd|1|[from] item: Psychic Seed\n|turn|1\n|inactive|Cubboy has 30 seconds left.\n|\n|t:|1700353507\n|-terastallize|p1b: Arcanine|Ghost\n|move|p2a: Indeedee|Follow Me|p2a: Indeedee\n|-singleturn|p2a: Indeedee|move: Follow Me\n|move|p1a: Landorus|Rock Slide|p2b: Samurott|[spread] p2b\n|-miss|p1a: Landorus|p2a: Indeedee\n|-damage|p2b: Samurott|73\/100\n|move|p2b: Samurott|Aqua Cutter|p1b: Arcanine\n|-damage|p1b: Arcanine|63\/100\n|move|p1b: Arcanine|Wild Charge|p2a: Indeedee\n|-damage|p2a: Indeedee|42\/100\n|\n|upkeep\n|turn|2\n|inactive|Slender235 has 30 seconds left.\n|\n|t:|1700353534\n|switch|p2b: Armarouge|Armarouge, L50, M|100\/100\n|switch|p2a: Landorus|Landorus-Therian, L50, M|100\/100\n|-ability|p2a: Landorus|Intimidate|boost\n|-unboost|p1a: Landorus|atk|1\n|-unboost|p1b: Arcanine|atk|1\n|move|p1a: Landorus|Rock Slide|p2b: Armarouge|[spread] p2a,p2b\n|-supereffective|p2b: Armarouge\n|-damage|p2a: Landorus|90\/100\n|-damage|p2b: Armarouge|69\/100\n|-ability|p2b: Armarouge|Weak Armor|boost\n|-unboost|p2b: Armarouge|def|1\n|-boost|p2b: Armarouge|spe|2\n|-enditem|p2b: Armarouge|Weakness Policy\n|-boost|p2b: Armarouge|atk|2|[from] item: Weakness Policy\n|-boost|p2b: Armarouge|spa|2|[from] item: Weakness Policy\n|move|p1b: Arcanine|Wild Charge|p2b: Armarouge\n|-damage|p2b: Armarouge|21\/100\n|-ability|p2b: Armarouge|Weak Armor|boost\n|-unboost|p2b: Armarouge|def|1\n|-boost|p2b: Armarouge|spe|2\n|\n|upkeep\n|turn|3\n|inactive|Cubboy has 30 seconds left.\n|inactive|Slender235 has 30 seconds left.\n|inactive|Slender235 has 20 seconds left.\n|inactive|Slender235 has 15 seconds left.\n|inactive|Slender235 has 10 seconds left.\n|\n|t:|1700353580\n|move|p2b: Armarouge|Expanding Force|p1b: Arcanine|[spread] p1a,p1b\n|-damage|p1a: Landorus|0 fnt\n|-damage|p1b: Arcanine|0 fnt\n|faint|p1a: Landorus\n|faint|p1b: Arcanine\n|move|p2a: Landorus|Stealth Rock|p1: Landorus\n|-sidestart|p1: Cubboy|move: Stealth Rock\n|\n|upkeep\n|\n|t:|1700353589\n|switch|p1a: Ogerpon|Ogerpon, L50, F|100\/100\n|switch|p1b: Empoleon|Empoleon, L50, M, shiny|100\/100\n|-damage|p1a: Ogerpon|88\/100|[from] Stealth Rock\n|-damage|p1b: Empoleon|95\/100|[from] Stealth Rock\n|turn|4\n|\n|t:|1700353603\n|move|p1a: Ogerpon|Spiky Shield|p1a: Ogerpon\n|-singleturn|p1a: Ogerpon|move: Protect\n|move|p2b: Armarouge|Expanding Force|p1a: Ogerpon|[spread] p1b\n|-activate|p1a: Ogerpon|move: Protect\n|-resisted|p1b: Empoleon\n|-damage|p1b: Empoleon|59\/100\n|move|p2a: Landorus|Stomping Tantrum|p1b: Empoleon\n|-supereffective|p1b: Empoleon\n|-damage|p1b: Empoleon|0 fnt\n|faint|p1b: Empoleon\n|\n|upkeep\n|turn|5\n|\n|t:|1700353617\n|move|p2b: Armarouge|Expanding Force|p1a: Ogerpon\n|-damage|p1a: Ogerpon|0 fnt\n|faint|p1a: Ogerpon\n|\n|win|Slender235\n|raw|Cubboy's rating: 1083 &rarr; <strong>1062<\/strong><br \/>(-21 for losing)\n|raw|Slender235's rating: 1105 &rarr; <strong>1128<\/strong><br \/>(+23 for winning)\n","uploadtime":1700353627,"views":10,"p1id":"cubboy","p2id":"slender235","formatid":"gen9vgc2023regulatione","rating":1062,"private":0,"password":""}