{"id":"gen9vgc2023regulatione-1999987571","p1":"kmilly132","p2":"TornadoofDOOM","format":"[Gen 9] VGC 2023 Regulation E","log":"|j|\u2606kmilly132\n|j|\u2606TornadoofDOOM\n|t:|1701138054\n|gametype|doubles\n|player|p1|kmilly132|striker|\n|player|p2|TornadoofDOOM|veteran|\n|teamsize|p1|6\n|teamsize|p2|6\n|gen|9\n|tier|[Gen 9] VGC 2023 Regulation E\n|rated|Tournament battle\n|rule|Species Clause: Limit one of each Pok\u00e9mon\n|rule|Item Clause: Limit one of each item\n|clearpoke\n|poke|p1|Tornadus, L50, M|\n|poke|p1|Landorus, L50, M|\n|poke|p1|Ogerpon-Wellspring, L50, F|\n|poke|p1|Lycanroc, L50, F|\n|poke|p1|Tyranitar, L50, M|\n|poke|p1|Arcanine-Hisui, L50, F|\n|poke|p2|Urshifu-*, L50, F|\n|poke|p2|Amoonguss, L50, M|\n|poke|p2|Heatran, L50, M|\n|poke|p2|Iron Hands, L50|\n|poke|p2|Tornadus, L50, M|\n|poke|p2|Hydreigon, L50, F|\n|teampreview|4\n|j| AtomX7VGC\nkmilly132 has agreed to open team sheets.\n|j| Plopy14\nTornadoofDOOM has agreed to open team sheets.\n|showteam|p1|Tornadus||RockyHelmet|Prankster|Tailwind,Sandstorm,BleakwindStorm,Protect|||M|||50|,,,,,Dark]Landorus||LifeOrb|SheerForce|EarthPower,SludgeBomb,Substitute,Protect|||M|||50|,,,,,Poison]Ogerpon-Wellspring||WellspringMask|WaterAbsorb|PowerWhip,IvyCudgel,FollowMe,SpikyShield|||F|||50|,,,,,Water]Lycanroc||FocusSash|SandRush|RockSlide,Protect,CloseCombat,Accelerock|||F|||50|,,,,,Rock]Tyranitar||AssaultVest|SandStream|RockSlide,KnockOff,HeavySlam,TeraBlast|||M|||50|,,,,,Psychic]Arcanine-Hisui||ChoiceBand|Intimidate|RockSlide,FlareBlitz,ExtremeSpeed,TeraBlast|||F|||50|,,,,,Fairy\n|showteam|p2|Urshifu-Rapid-Strike||ChoiceScarf|UnseenFist|CloseCombat,SurgingStrikes,AquaJet,Uturn|||F|||50|,,,,,Water]Amoonguss||RockyHelmet|Regenerator|Spore,RagePowder,PollenPuff,ClearSmog|||M|||50|,,,,,Water]Heatran||Leftovers|FlashFire|HeatWave,EarthPower,Substitute,Protect|||M|||50|,,,,,Grass]Iron Hands||AssaultVest|QuarkDrive|DrainPunch,WildCharge,FakeOut,HeavySlam||||||50|,,,,,Grass]Tornadus||CovertCloak|Prankster|BleakwindStorm,Taunt,Tailwind,RainDance|||M|||50|,,,,,Flying]Hydreigon||SitrusBerry|Levitate|DracoMeteor,FlashCannon,Snarl,Protect|||F|||50|,,,,,Steel\n|j| Pasodoble\n|c| Pasodoble|I put my bet on hydreigon\n|c|\u2606TornadoofDOOM|say no more fam\n|\n|t:|1701138140\n|start\n|switch|p1a: Tornadus|Tornadus, L50, M|100\/100\n|switch|p1b: Landorus|Landorus, L50, M|100\/100\n|switch|p2a: Hydreigon|Hydreigon, L50, F|100\/100\n|switch|p2b: Tornadus|Tornadus, L50, M|100\/100\n|turn|1\n|\n|t:|1701138181\n|move|p2b: Tornadus|Tailwind|p2b: Tornadus\n|-sidestart|p2: TornadoofDOOM|move: Tailwind\n|move|p1a: Tornadus|Tailwind|p1a: Tornadus\n|-sidestart|p1: kmilly132|move: Tailwind\n|move|p1b: Landorus|Substitute|p1b: Landorus\n|-start|p1b: Landorus|Substitute\n|-damage|p1b: Landorus|76\/100\n|move|p2a: Hydreigon|Snarl|p1b: Landorus|[spread] p1a,p1b\n|-damage|p1a: Tornadus|76\/100\n|-damage|p1b: Landorus|49\/100\n|-unboost|p1a: Tornadus|spa|1\n|-unboost|p1b: Landorus|spa|1\n|\n|upkeep\n|turn|2\n|j| BolasTruther10076\n|\n|t:|1701138208\n|switch|p1a: Tyranitar|Tyranitar, L50, M|100\/100\n|-weather|Sandstorm|[from] ability: Sand Stream|[of] p1a: Tyranitar\n|move|p1b: Landorus|Sludge Bomb|p2b: Tornadus\n|-damage|p2b: Tornadus|62\/100\n|move|p2b: Tornadus|Bleakwind Storm|p1b: Landorus|[spread] p1a\n|-miss|p2b: Tornadus|p1b: Landorus\n|-resisted|p1a: Tyranitar\n|-damage|p1a: Tyranitar|93\/100\n|move|p2a: Hydreigon|Snarl|p1b: Landorus|[spread] p1a,p1b\n|-resisted|p1a: Tyranitar\n|-damage|p1a: Tyranitar|88\/100\n|-damage|p1b: Landorus|18\/100\n|-unboost|p1a: Tyranitar|spa|1\n|-unboost|p1b: Landorus|spa|1\n|\n|-weather|Sandstorm|[upkeep]\n|-damage|p2b: Tornadus|56\/100|[from] Sandstorm\n|-damage|p2a: Hydreigon|95\/100|[from] Sandstorm\n|upkeep\n|turn|3\n|\n|t:|1701138234\n|move|p2b: Tornadus|Rain Dance|p2b: Tornadus\n|-weather|RainDance\n|move|p1b: Landorus|Earth Power|p2b: Tornadus\n|-immune|p2b: Tornadus\n|move|p2a: Hydreigon|Snarl|p1a: Tyranitar|[spread] p1a,p1b\n|-resisted|p1a: Tyranitar\n|-damage|p1a: Tyranitar|81\/100\n|-damage|p1b: Landorus|0 fnt\n|-unboost|p1a: Tyranitar|spa|1\n|faint|p1b: Landorus\n|move|p1a: Tyranitar|Rock Slide|p2a: Hydreigon|[spread] p2a,p2b\n|-supereffective|p2b: Tornadus\n|-damage|p2a: Hydreigon|57\/100\n|-damage|p2b: Tornadus|0 fnt\n|faint|p2b: Tornadus\n|\n|-weather|RainDance|[upkeep]\n|upkeep\n|c| Pasodoble|oh\n|c| Pasodoble|its coming\n|c| Pasodoble|the bear is coming\n|\n|t:|1701138256\n|switch|p1b: Ogerpon|Ogerpon-Wellspring, L50, F|100\/100\n|switch|p2b: Urshifu|Urshifu-Rapid-Strike, L50, F|100\/100\n|turn|4\n|j|%Radio Free C-Side\n|c|\u2606TornadoofDOOM|aw lawd he coming\n|l|%Radio Free C-Side\n|\n|t:|1701138288\n|switch|p1b: Tornadus|Tornadus, L50, M|76\/100\n|move|p2a: Hydreigon|Protect|p2a: Hydreigon\n|-singleturn|p2a: Hydreigon|Protect\n|move|p2b: Urshifu|U-turn|p1b: Tornadus\n|-resisted|p1b: Tornadus\n|-damage|p1b: Tornadus|66\/100\n|-damage|p2b: Urshifu|84\/100|[from] item: Rocky Helmet|[of] p1b: Tornadus\n|\n|t:|1701138296\n|switch|p2b: Iron Hands|Iron Hands, L50|100\/100|[from] U-turn\n|move|p1a: Tyranitar|Rock Slide|p2a: Hydreigon|[spread] p2b\n|-activate|p2a: Hydreigon|move: Protect\n|-resisted|p2b: Iron Hands\n|-damage|p2b: Iron Hands|90\/100\n|\n|-weather|RainDance|[upkeep]\n|-sideend|p1: kmilly132|move: Tailwind\n|-sideend|p2: TornadoofDOOM|move: Tailwind\n|upkeep\n|turn|5\n|\n|t:|1701138323\n|switch|p1a: Ogerpon|Ogerpon-Wellspring, L50, F|100\/100\n|-terastallize|p2a: Hydreigon|Steel\n|move|p2b: Iron Hands|Fake Out|p1b: Tornadus\n|-crit|p1b: Tornadus\n|-damage|p1b: Tornadus|46\/100\n|-damage|p2b: Iron Hands|74\/100|[from] item: Rocky Helmet|[of] p1b: Tornadus\n|cant|p1b: Tornadus|flinch\n|move|p2a: Hydreigon|Flash Cannon|p1a: Ogerpon\n|-resisted|p1a: Ogerpon\n|-damage|p1a: Ogerpon|79\/100\n|\n|-weather|RainDance|[upkeep]\n|upkeep\n|turn|6\n|\n|t:|1701138339\n|move|p1b: Tornadus|Tailwind|p1b: Tornadus\n|-sidestart|p1: kmilly132|move: Tailwind\n|move|p1a: Ogerpon|Ivy Cudgel|p2a: Hydreigon|[anim] Ivy Cudgel Water\n|-crit|p2a: Hydreigon\n|-damage|p2a: Hydreigon|0 fnt\n|faint|p2a: Hydreigon\n|move|p2b: Iron Hands|Wild Charge|p1b: Tornadus\n|-supereffective|p1b: Tornadus\n|-damage|p1b: Tornadus|0 fnt\n|-damage|p2b: Iron Hands|57\/100|[from] item: Rocky Helmet|[of] p1b: Tornadus\n|faint|p1b: Tornadus\n|-damage|p2b: Iron Hands|49\/100|[from] Recoil\n|\n|-weather|RainDance|[upkeep]\n|upkeep\n|\n|t:|1701138350\n|switch|p2a: Urshifu|Urshifu-Rapid-Strike, L50, F|84\/100\n|switch|p1b: Tyranitar|Tyranitar, L50, M|81\/100\n|-weather|Sandstorm|[from] ability: Sand Stream|[of] p1b: Tyranitar\n|turn|7\n|\n|t:|1701138364\n|-terastallize|p1b: Tyranitar|Psychic\n|move|p1a: Ogerpon|Follow Me|p1a: Ogerpon\n|-singleturn|p1a: Ogerpon|move: Follow Me\n|move|p2a: Urshifu|U-turn|p1a: Ogerpon\n|-supereffective|p1a: Ogerpon\n|-crit|p1a: Ogerpon\n|-damage|p1a: Ogerpon|0 fnt\n|faint|p1a: Ogerpon\n|move|p1b: Tyranitar|Tera Blast|p2b: Iron Hands|[anim] Tera Blast Psychic\n|-supereffective|p2b: Iron Hands\n|-damage|p2b: Iron Hands|0 fnt\n|faint|p2b: Iron Hands\n|-end|p2b: Iron Hands|Quark Drive|[silent]\n|\n|-weather|Sandstorm|[upkeep]\n|-damage|p2a: Urshifu|78\/100|[from] Sandstorm\n|-damage|p1b: Tyranitar|76\/100|[from] Sandstorm\n|upkeep\n|turn|8\n|c|\u2606TornadoofDOOM|oh its joever\n|c|\u2606TornadoofDOOM|no\n|\n|t:|1701138377\n|move|p2a: Urshifu|U-turn|p1b: Tyranitar\n|-supereffective|p1b: Tyranitar\n|-crit|p1b: Tyranitar\n|-damage|p1b: Tyranitar|4\/100\n|move|p1b: Tyranitar|Tera Blast|p2a: Urshifu|[anim] Tera Blast Psychic\n|-supereffective|p2a: Urshifu\n|-damage|p2a: Urshifu|0 fnt\n|faint|p2a: Urshifu\n|\n|win|kmilly132\n|n|\u2606kmilly132|kmilly132\n|n|\u2606TornadoofDOOM|tornadoofdoom\n|n| AtomX7VGC|atomx7vgc\n|n| Plopy14|plopy14\n|n| Pasodoble|pasodoble\n|n| BolasTruther10076|bolastruther10076\n|c| Pasodoble|:o\n|c|\u2606TornadoofDOOM|ggwp\n|c|\u2606kmilly132|jesus lmao\n|c|\u2606TornadoofDOOM|so close\n|c|\u2606kmilly132|ggs\n|c|\u2606TornadoofDOOM|hydreigon put in work tho\n|l| Pasodoble\n","uploadtime":1701138378,"views":2,"p1id":"kmilly132","p2id":"tornadoofdoom","formatid":"gen9vgc2023regulatione","rating":0,"private":0,"password":""}