{"id":"gen9vgc2023regulatione-1993286588","p1":"yakenonokarasu","p2":"ItsTobeeeee","format":"[Gen 9] VGC 2023 Regulation E","log":"|j|\u2606yakenonokarasu\n|j|\u2606ItsTobeeeee\n|n|\u2606yakenonokarasu|yakenonokarasu\n|n|\u2606ItsTobeeeee|itstobeeeee\n|html|View the match progress at <a href=\"\/game-bestof3-gen9vgc2023regulatione-1993286587\">game-bestof3-gen9vgc2023regulatione-1993286587<\/a>\n|t:|1700290618\n|gametype|doubles\n|player|p1|yakenonokarasu|roxie|\n|player|p2|ItsTobeeeee|skyla|\n|teamsize|p1|6\n|teamsize|p2|6\n|gen|9\n|tier|[Gen 9] VGC 2023 Regulation E\n|rule|Species Clause: Limit one of each Pok\u00e9mon\n|rule|Item Clause: Limit one of each item\n|clearpoke\n|poke|p1|Gholdengo, L50|\n|poke|p1|Ting-Lu, L50|\n|poke|p1|Maushold-Four, L50|\n|poke|p1|Urshifu-*, L50, M|\n|poke|p1|Volbeat, L50, M|\n|poke|p1|Conkeldurr, L50, M|\n|poke|p2|Orthworm, L50, F|\n|poke|p2|Tyranitar, L50, M|\n|poke|p2|Ogerpon-Cornerstone, L50, F|\n|poke|p2|Torterra, L50, F|\n|poke|p2|Kommo-o, L50, M|\n|poke|p2|Goodra-Hisui, L50, F|\n|teampreview|4\n|inactive|Battle timer is ON: inactive players will automatically lose when time's up. (requested by yakenonokarasu)\n|\n|t:|1700290636\n|start\n|switch|p1a: Volbeat|Volbeat, L50, M, shiny|100\/100\n|switch|p1b: Ting-Lu|Ting-Lu, L50|100\/100\n|switch|p2a: THE ORTHEREAL WORM|Orthworm, L50, F|100\/100\n|switch|p2b: Thamill|Tyranitar, L50, M|100\/100\n|-weather|Sandstorm|[from] ability: Sand Stream|[of] p2b: Thamill\n|-ability|p1b: Ting-Lu|Vessel of Ruin\n|turn|1\n|\n|t:|1700290655\n|move|p1a: Volbeat|Trick|p2a: THE ORTHEREAL WORM\n|-activate|p1a: Volbeat|move: Trick|[of] p2a: THE ORTHEREAL WORM\n|-item|p2a: THE ORTHEREAL WORM|Lagging Tail|[from] move: Trick\n|-item|p1a: Volbeat|Sitrus Berry|[from] move: Trick\n|move|p2b: Thamill|Rock Slide|p1b: Ting-Lu|[spread] p1a,p1b\n|-supereffective|p1a: Volbeat\n|-resisted|p1b: Ting-Lu\n|-damage|p1a: Volbeat|12\/100\n|-damage|p1b: Ting-Lu|91\/100\n|-enditem|p1a: Volbeat|Sitrus Berry|[eat]\n|-heal|p1a: Volbeat|36\/100|[from] item: Sitrus Berry\n|move|p2a: THE ORTHEREAL WORM|Shed Tail|p2a: THE ORTHEREAL WORM\n|-start|p2a: THE ORTHEREAL WORM|Substitute|[from] move: Shed Tail\n|-damage|p2a: THE ORTHEREAL WORM|50\/100\n|\n|t:|1700290666\n|switch|p2a: Monty|Torterra, L50, F|100\/100|[from] Shed Tail\n|cant|p1b: Ting-Lu|flinch\n|\n|-weather|Sandstorm|[upkeep]\n|-damage|p1a: Volbeat|30\/100|[from] Sandstorm\n|-heal|p1b: Ting-Lu|97\/100|[from] item: Leftovers\n|upkeep\n|turn|2\n|\n|t:|1700290685\n|move|p1a: Volbeat|Tailwind|p1a: Volbeat\n|-sidestart|p1: yakenonokarasu|move: Tailwind\n|move|p1b: Ting-Lu|Stomping Tantrum|p2b: Thamill\n|-supereffective|p2b: Thamill\n|-damage|p2b: Thamill|0 fnt\n|faint|p2b: Thamill\n|move|p2a: Monty|Shell Smash|p2a: Monty\n|-unboost|p2a: Monty|def|1\n|-unboost|p2a: Monty|spd|1\n|-boost|p2a: Monty|atk|2\n|-boost|p2a: Monty|spa|2\n|-boost|p2a: Monty|spe|2\n|-enditem|p2a: Monty|White Herb\n|-clearnegativeboost|p2a: Monty|[silent]\n|\n|-weather|Sandstorm|[upkeep]\n|-damage|p1a: Volbeat|24\/100|[from] Sandstorm\n|-heal|p1b: Ting-Lu|100\/100|[from] item: Leftovers\n|upkeep\n|\n|t:|1700290707\n|switch|p2b: \ud83d\uddff|Ogerpon-Cornerstone, L50, F|100\/100\n|turn|3\n|\n|t:|1700290726\n|-terastallize|p1b: Ting-Lu|Poison\n|move|p2b: \ud83d\uddff|Protect|p2b: \ud83d\uddff\n|-singleturn|p2b: \ud83d\uddff|Protect\n|move|p1a: Volbeat|Encore|p2a: Monty\n|-start|p2a: Monty|Encore\n|move|p2a: Monty|Shell Smash|p2a: Monty\n|-unboost|p2a: Monty|def|1\n|-unboost|p2a: Monty|spd|1\n|-boost|p2a: Monty|atk|2\n|-boost|p2a: Monty|spa|2\n|-boost|p2a: Monty|spe|2\n|move|p1b: Ting-Lu|Stomping Tantrum|p2b: \ud83d\uddff\n|-activate|p2b: \ud83d\uddff|move: Protect\n|\n|-weather|Sandstorm|[upkeep]\n|-damage|p1a: Volbeat|19\/100|[from] Sandstorm\n|-damage|p1b: Ting-Lu|94\/100|[from] Sandstorm\n|-heal|p1b: Ting-Lu|100\/100|[from] item: Leftovers\n|upkeep\n|turn|4\n|inactive|ItsTobeeeee has 30 seconds left.\n|inactive|ItsTobeeeee has 20 seconds left.\n|\n|t:|1700290765\n|move|p1a: Volbeat|Lunge|p2a: Monty\n|-supereffective|p2a: Monty\n|-end|p2a: Monty|Substitute\n|move|p2a: Monty|Shell Smash|p2a: Monty\n|-unboost|p2a: Monty|def|1\n|-unboost|p2a: Monty|spd|1\n|-boost|p2a: Monty|atk|2\n|-boost|p2a: Monty|spa|2\n|-boost|p2a: Monty|spe|2\n|move|p2b: \ud83d\uddff|Ivy Cudgel|p1a: Volbeat|[anim] Ivy Cudgel Rock\n|-supereffective|p1a: Volbeat\n|-damage|p1a: Volbeat|0 fnt\n|faint|p1a: Volbeat\n|move|p1b: Ting-Lu|Stomping Tantrum|p2b: \ud83d\uddff\n|-damage|p2b: \ud83d\uddff|54\/100\n|\n|-weather|Sandstorm|[upkeep]\n|-damage|p1b: Ting-Lu|94\/100|[from] Sandstorm\n|-heal|p1b: Ting-Lu|100\/100|[from] item: Leftovers\n|upkeep\n|\n|t:|1700290777\n|switch|p1a: Urshifu|Urshifu-Rapid-Strike, L50, M|100\/100\n|turn|5\n|\n|t:|1700290795\n|move|p1a: Urshifu|Surging Strikes|p2b: \ud83d\uddff\n|-crit|p2b: \ud83d\uddff\n|-damage|p2b: \ud83d\uddff|27\/100\n|-crit|p2b: \ud83d\uddff\n|-damage|p2b: \ud83d\uddff|2\/100\n|-crit|p2b: \ud83d\uddff\n|-damage|p2b: \ud83d\uddff|0 fnt\n|faint|p2b: \ud83d\uddff\n|-hitcount|p2: \ud83d\uddff|3\n|move|p2a: Monty|Shell Smash|p2a: Monty\n|-unboost|p2a: Monty|def|1\n|-unboost|p2a: Monty|spd|1\n|-boost|p2a: Monty|atk|0\n|-boost|p2a: Monty|spa|0\n|-boost|p2a: Monty|spe|0\n|move|p1b: Ting-Lu|Stomping Tantrum|p2a: Monty\n|-resisted|p2a: Monty\n|-damage|p2a: Monty|62\/100\n|\n|-weather|Sandstorm|[upkeep]\n|-damage|p1a: Urshifu|95\/100|[from] Sandstorm\n|-damage|p1b: Ting-Lu|94\/100|[from] Sandstorm\n|-heal|p1b: Ting-Lu|100\/100|[from] item: Leftovers\n|-end|p2a: Monty|Encore\n|-sideend|p1: yakenonokarasu|move: Tailwind\n|upkeep\n|\n|t:|1700290813\n|switch|p2b: THE ORTHEREAL WORM|Orthworm, L50, F|50\/100\n|turn|6\n|inactive|yakenonokarasu has 30 seconds left.\n|\n|t:|1700290847\n|move|p1a: Urshifu|Protect|p1a: Urshifu\n|-singleturn|p1a: Urshifu|Protect\n|move|p2b: THE ORTHEREAL WORM|Protect|p2b: THE ORTHEREAL WORM\n|-singleturn|p2b: THE ORTHEREAL WORM|Protect\n|move|p2a: Monty|Earthquake|p1a: Urshifu|[spread] p1b\n|-activate|p2b: THE ORTHEREAL WORM|move: Protect\n|-activate|p1a: Urshifu|move: Protect\n|-supereffective|p1b: Ting-Lu\n|-damage|p1b: Ting-Lu|0 fnt\n|faint|p1b: Ting-Lu\n|\n|-weather|Sandstorm|[upkeep]\n|-damage|p1a: Urshifu|89\/100|[from] Sandstorm\n|upkeep\n|j| soleilfe\n|\n|t:|1700290857\n|switch|p1b: Maushold|Maushold-Four, L50, shiny|100\/100\n|turn|7\n|inactive|yakenonokarasu has 30 seconds left.\n|\n|t:|1700290889\n|move|p1b: Maushold|Helping Hand|p1a: Urshifu\n|-singleturn|p1a: Urshifu|Helping Hand|[of] p1b: Maushold\n|move|p2a: Monty|Earthquake|p1b: Maushold|[spread] p1a,p1b\n|-heal|p2b: THE ORTHEREAL WORM|75\/100|[from] ability: Earth Eater|[of] p2a: Monty\n|-damage|p1a: Urshifu|0 fnt\n|-damage|p1b: Maushold|0 fnt\n|faint|p1a: Urshifu\n|faint|p1b: Maushold\n|\n|win|ItsTobeeeee\n|c|&|\/uhtml prompt-itstobeeeee,ItsTobeeeee is ready for game 2!\n|l| soleilfe\n|inactive|yakenonokarasu has 50 seconds to confirm battle start!\n|c|&|\/uhtml prompt-yakenonokarasu,yakenonokarasu is ready for game 2!\nBoth players are ready! Starting next match!\n|l|\u2606ItsTobeeeee\n|j|\u2606ItsTobeeeee\n|player|p2|ItsTobeeeee|skyla\n","uploadtime":1700291394,"views":35,"p1id":"yakenonokarasu","p2id":"itstobeeeee","formatid":"gen9vgc2023regulatione","rating":0,"private":0,"password":""}