{"id":"gen9vgc2023regulatione-1992967010","p1":"Noarai333","p2":"Kzrkzvzo","format":"[Gen 9] VGC 2023 Regulation E","log":"|j|\u2606Noarai333\n|j|\u2606Kzrkzvzo\n|t:|1700251092\n|gametype|doubles\n|player|p1|Noarai333|colress|1047\n|player|p2|Kzrkzvzo|lance|1000\n|teamsize|p1|6\n|teamsize|p2|6\n|gen|9\n|tier|[Gen 9] VGC 2023 Regulation E\n|rated|\n|rule|Species Clause: Limit one of each Pok\u00e9mon\n|rule|Item Clause: Limit one of each item\n|clearpoke\n|poke|p1|Kommo-o, L50, M|\n|poke|p1|Toxtricity-Low-Key, L50, F|\n|poke|p1|Cloyster, L50, M|\n|poke|p1|Venomoth, L50, F|\n|poke|p1|Landorus-Therian, L50, M|\n|poke|p1|Decidueye, L50, F|\n|poke|p2|Flutter Mane, L50|\n|poke|p2|Tornadus, L50, M|\n|poke|p2|Rillaboom, L50, F|\n|poke|p2|Garganacl, L50, M|\n|poke|p2|Arcanine-Hisui, L50, M|\n|poke|p2|Chien-Pao, L50|\n|teampreview|4\n|\n|t:|1700251131\n|start\n|switch|p1a: Toxtricity|Toxtricity-Low-Key, L50, F|100\/100\n|switch|p1b: Kommo-o|Kommo-o, L50, M|100\/100\n|switch|p2a: Tornadus|Tornadus, L50, M|100\/100\n|switch|p2b: Garganacl|Garganacl, L50, M|100\/100\n|turn|1\n|\n|t:|1700251155\n|-terastallize|p2b: Garganacl|Ghost\n|move|p2a: Tornadus|Taunt|p1b: Kommo-o\n|-start|p1b: Kommo-o|move: Taunt\n|move|p1b: Kommo-o|Focus Blast|p2b: Garganacl\n|-immune|p2b: Garganacl\n|move|p1a: Toxtricity|Discharge|p2b: Garganacl|[spread] p1b,p2a,p2b\n|-resisted|p1b: Kommo-o\n|-supereffective|p2a: Tornadus\n|-damage|p1b: Kommo-o|90\/100\n|-damage|p2a: Tornadus|51\/100\n|-damage|p2b: Garganacl|81\/100\n|-status|p1b: Kommo-o|par\n|move|p2b: Garganacl|Salt Cure|p1a: Toxtricity\n|-damage|p1a: Toxtricity|81\/100\n|-start|p1a: Toxtricity|Salt Cure\n|\n|-damage|p1a: Toxtricity|69\/100|[from] Salt Cure\n|upkeep\n|turn|2\n|\n|t:|1700251175\n|move|p2a: Tornadus|Tailwind|p2a: Tornadus\n|-sidestart|p2: Kzrkzvzo|move: Tailwind\n|move|p2b: Garganacl|Salt Cure|p1b: Kommo-o\n|-resisted|p1b: Kommo-o\n|-damage|p1b: Kommo-o|84\/100 par\n|-start|p1b: Kommo-o|Salt Cure\n|move|p1a: Toxtricity|Discharge|p2a: Tornadus|[spread] p1b,p2a,p2b\n|-resisted|p1b: Kommo-o\n|-supereffective|p2a: Tornadus\n|-damage|p1b: Kommo-o|74\/100 par\n|-damage|p2a: Tornadus|0 fnt\n|-damage|p2b: Garganacl|59\/100\n|faint|p2a: Tornadus\n|move|p1b: Kommo-o|Clanging Scales|p2b: Garganacl\n|-damage|p2b: Garganacl|31\/100\n|-enditem|p2b: Garganacl|Sitrus Berry|[eat]\n|-heal|p2b: Garganacl|56\/100|[from] item: Sitrus Berry\n|-unboost|p1b: Kommo-o|def|1\n|\n|-damage|p1a: Toxtricity|57\/100|[from] Salt Cure\n|-damage|p1b: Kommo-o|62\/100 par|[from] Salt Cure\n|upkeep\n|\n|t:|1700251193\n|switch|p2a: Arcanine|Arcanine-Hisui, L50, M|100\/100\n|-ability|p2a: Arcanine|Intimidate|boost\n|-unboost|p1a: Toxtricity|atk|1\n|-unboost|p1b: Kommo-o|atk|1\n|turn|3\n|\n|t:|1700251213\n|switch|p1a: Landorus|Landorus-Therian, L50, M|100\/100\n|-ability|p1a: Landorus|Intimidate|boost\n|-unboost|p2a: Arcanine|atk|1\n|-unboost|p2b: Garganacl|atk|1\n|move|p2a: Arcanine|Rock Slide|p1b: Kommo-o|[spread] p1a,p1b\n|-crit|p1a: Landorus\n|-resisted|p1b: Kommo-o\n|-damage|p1a: Landorus|21\/100\n|-damage|p1b: Kommo-o|43\/100 par\n|move|p2b: Garganacl|Iron Defense|p2b: Garganacl\n|-boost|p2b: Garganacl|def|2\n|move|p1b: Kommo-o|Focus Blast|p2a: Arcanine\n|-supereffective|p2a: Arcanine\n|-damage|p2a: Arcanine|0 fnt\n|faint|p2a: Arcanine\n|\n|-damage|p1b: Kommo-o|31\/100 par|[from] Salt Cure\n|-end|p1b: Kommo-o|move: Taunt\n|upkeep\n|\n|t:|1700251227\n|switch|p2a: Rillaboom|Rillaboom, L50, F|100\/100\n|-fieldstart|move: Grassy Terrain|[from] ability: Grassy Surge|[of] p2a: Rillaboom\n|turn|4\n|\n|t:|1700251247\n|move|p2a: Rillaboom|Fake Out|p1a: Landorus\n|-damage|p1a: Landorus|3\/100\n|cant|p1a: Landorus|flinch\n|move|p2b: Garganacl|Salt Cure|p1a: Landorus\n|-damage|p1a: Landorus|0 fnt\n|faint|p1a: Landorus\n|move|p1b: Kommo-o|Clanging Scales|p2a: Rillaboom|[spread] p2a,p2b\n|-damage|p2a: Rillaboom|75\/100\n|-damage|p2b: Garganacl|36\/100\n|-unboost|p1b: Kommo-o|def|1\n|\n|-heal|p2a: Rillaboom|81\/100|[from] Grassy Terrain\n|-heal|p2b: Garganacl|42\/100|[from] Grassy Terrain\n|-heal|p1b: Kommo-o|37\/100 par|[from] Grassy Terrain\n|-damage|p1b: Kommo-o|25\/100 par|[from] Salt Cure\n|upkeep\n|\n|t:|1700251263\n|switch|p1a: Cloyster|Cloyster, L50, M|100\/100\n|turn|5\n|\n|t:|1700251284\n|move|p2a: Rillaboom|Wood Hammer|p1a: Cloyster\n|-supereffective|p1a: Cloyster\n|-enditem|p1a: Cloyster|Focus Sash\n|-damage|p1a: Cloyster|1\/100\n|-damage|p2a: Rillaboom|61\/100|[from] Recoil\n|move|p1a: Cloyster|Shell Smash|p1a: Cloyster\n|-unboost|p1a: Cloyster|def|1\n|-unboost|p1a: Cloyster|spd|1\n|-boost|p1a: Cloyster|atk|2\n|-boost|p1a: Cloyster|spa|2\n|-boost|p1a: Cloyster|spe|2\n|move|p2b: Garganacl|Recover|p2b: Garganacl\n|-heal|p2b: Garganacl|92\/100\n|move|p1b: Kommo-o|Flamethrower|p2a: Rillaboom\n|-supereffective|p2a: Rillaboom\n|-damage|p2a: Rillaboom|28\/100\n|\n|-heal|p1a: Cloyster|7\/100|[from] Grassy Terrain\n|-heal|p2a: Rillaboom|33\/100|[from] Grassy Terrain\n|-heal|p2b: Garganacl|98\/100|[from] Grassy Terrain\n|-heal|p1b: Kommo-o|31\/100 par|[from] Grassy Terrain\n|-damage|p1b: Kommo-o|19\/100 par|[from] Salt Cure\n|-sideend|p2: Kzrkzvzo|move: Tailwind\n|upkeep\n|turn|6\n|\n|t:|1700251301\n|move|p1a: Cloyster|Protect|p1a: Cloyster\n|-singleturn|p1a: Cloyster|Protect\n|move|p2a: Rillaboom|Grassy Glide|p1a: Cloyster\n|-activate|p1a: Cloyster|move: Protect\n|move|p1b: Kommo-o|Flamethrower|p2a: Rillaboom\n|-supereffective|p2a: Rillaboom\n|-damage|p2a: Rillaboom|1\/100\n|move|p2b: Garganacl|Salt Cure|p1b: Kommo-o\n|-resisted|p1b: Kommo-o\n|-damage|p1b: Kommo-o|9\/100 par\n|\n|-heal|p1a: Cloyster|12\/100|[from] Grassy Terrain\n|-heal|p2a: Rillaboom|7\/100|[from] Grassy Terrain\n|-heal|p1b: Kommo-o|15\/100 par|[from] Grassy Terrain\n|-heal|p2b: Garganacl|100\/100|[from] Grassy Terrain\n|-damage|p1b: Kommo-o|3\/100 par|[from] Salt Cure\n|upkeep\n|turn|7\n|\n|t:|1700251321\n|move|p1a: Cloyster|Protect||[still]\n|-fail|p1a: Cloyster\n|move|p2a: Rillaboom|Grassy Glide|p1a: Cloyster\n|-supereffective|p1a: Cloyster\n|-damage|p1a: Cloyster|0 fnt\n|faint|p1a: Cloyster\n|move|p1b: Kommo-o|Clanging Scales|p2b: Garganacl|[spread] p2a,p2b\n|-damage|p2a: Rillaboom|0 fnt\n|-damage|p2b: Garganacl|82\/100\n|faint|p2a: Rillaboom\n|-unboost|p1b: Kommo-o|def|1\n|move|p2b: Garganacl|Salt Cure|p1b: Kommo-o\n|-resisted|p1b: Kommo-o\n|-damage|p1b: Kommo-o|0 fnt\n|faint|p1b: Kommo-o\n|\n|-heal|p2b: Garganacl|87\/100|[from] Grassy Terrain\n|upkeep\n|\n|t:|1700251331\n|switch|p1a: Toxtricity|Toxtricity-Low-Key, L50, F|57\/100\n|turn|8\n|\n|t:|1700251337\n|-terastallize|p1a: Toxtricity|Electric\n|move|p1a: Toxtricity|Discharge|p2b: Garganacl\n|-damage|p2b: Garganacl|49\/100\n|move|p2b: Garganacl|Salt Cure|p1a: Toxtricity\n|-damage|p1a: Toxtricity|44\/100\n|-start|p1a: Toxtricity|Salt Cure\n|\n|-heal|p1a: Toxtricity|50\/100|[from] Grassy Terrain\n|-heal|p2b: Garganacl|55\/100|[from] Grassy Terrain\n|-damage|p1a: Toxtricity|38\/100|[from] Salt Cure\n|-fieldend|move: Grassy Terrain\n|upkeep\n|turn|9\n|\n|t:|1700251343\n|move|p2b: Garganacl|Protect|p2b: Garganacl\n|-singleturn|p2b: Garganacl|Protect\n|move|p1a: Toxtricity|Discharge|p2b: Garganacl\n|-activate|p2b: Garganacl|move: Protect\n|\n|-damage|p1a: Toxtricity|26\/100|[from] Salt Cure\n|upkeep\n|turn|10\n|\n|t:|1700251348\n|move|p1a: Toxtricity|Discharge|p2b: Garganacl\n|-damage|p2b: Garganacl|20\/100\n|move|p2b: Garganacl|Recover|p2b: Garganacl\n|-heal|p2b: Garganacl|70\/100\n|\n|-damage|p1a: Toxtricity|14\/100|[from] Salt Cure\n|upkeep\n|turn|11\n|\n|t:|1700251354\n|move|p2b: Garganacl|Protect|p2b: Garganacl\n|-singleturn|p2b: Garganacl|Protect\n|move|p1a: Toxtricity|Discharge|p2b: Garganacl\n|-activate|p2b: Garganacl|move: Protect\n|\n|-damage|p1a: Toxtricity|2\/100|[from] Salt Cure\n|upkeep\n|turn|12\n|\n|t:|1700251358\n|move|p1a: Toxtricity|Discharge|p2b: Garganacl\n|-damage|p2b: Garganacl|32\/100\n|move|p2b: Garganacl|Recover|p2b: Garganacl\n|-heal|p2b: Garganacl|83\/100\n|\n|-damage|p1a: Toxtricity|0 fnt|[from] Salt Cure\n|faint|p1a: Toxtricity\n|\n|win|Kzrkzvzo\n|upkeep\n|raw|Noarai333's rating: 1047 &rarr; <strong>1028<\/strong><br \/>(-19 for losing)\n|raw|Kzrkzvzo's rating: 1000 &rarr; <strong>1045<\/strong><br \/>(+45 for winning)\n|l|\u2606Noarai333\n","uploadtime":1700251362,"views":9,"p1id":"noarai333","p2id":"kzrkzvzo","formatid":"gen9vgc2023regulatione","rating":1028,"private":0,"password":""}