{"id":"gen9vgc2023regulatione-1995704485","p1":"matiasval1502","p2":"GreatestlawyerinNY","format":"[Gen 9] VGC 2023 Regulation E","log":"|j|\u2606matiasval1502\n|j|\u2606GreatestlawyerinNY\n|t:|1700595491\n|gametype|doubles\n|player|p1|matiasval1502|lucas|1501\n|player|p2|GreatestlawyerinNY|169|1467\n|teamsize|p1|6\n|teamsize|p2|6\n|gen|9\n|tier|[Gen 9] VGC 2023 Regulation E\n|rated|\n|rule|Species Clause: Limit one of each Pok\u00e9mon\n|rule|Item Clause: Limit one of each item\n|clearpoke\n|poke|p1|Tornadus, L50, M|\n|poke|p1|Chi-Yu, L50|\n|poke|p1|Iron Hands, L50|\n|poke|p1|Kingambit, L50, M|\n|poke|p1|Iron Bundle, L50|\n|poke|p1|Landorus-Therian, L50, M|\n|poke|p2|Dondozo, L50, F|\n|poke|p2|Tatsugiri, L50, M|\n|poke|p2|Politoed, L50, F|\n|poke|p2|Basculegion, L50, M|\n|poke|p2|Gothitelle, L50, F|\n|poke|p2|Zapdos, L50|\n|teampreview|4\nGreatestlawyerinNY has agreed to open team sheets.\nmatiasval1502 rejected open team sheets.\n|inactive|Battle timer is ON: inactive players will automatically lose when time's up. (requested by matiasval1502)\n|\n|t:|1700595528\n|start\n|switch|p1a: Tornadus|Tornadus, L50, M|100\/100\n|switch|p1b: Kingambit|Kingambit, L50, M|100\/100\n|switch|p2a: Politoed|Politoed, L50, F|100\/100\n|switch|p2b: Dondozo|Dondozo, L50, F|100\/100\n|-weather|RainDance|[from] ability: Drizzle|[of] p2a: Politoed\n|turn|1\n|\n|t:|1700595549\n|move|p2b: Dondozo|Protect|p2b: Dondozo\n|-singleturn|p2b: Dondozo|Protect\n|move|p1a: Tornadus|Bleakwind Storm|p2a: Politoed|[spread] p2a\n|-activate|p2b: Dondozo|move: Protect\n|-damage|p2a: Politoed|75\/100\n|move|p2a: Politoed|Hypnosis|p1b: Kingambit\n|-status|p1b: Kingambit|slp|[from] move: Hypnosis\n|cant|p1b: Kingambit|slp\n|\n|-weather|RainDance|[upkeep]\n|upkeep\n|turn|2\n|\n|t:|1700595565\n|switch|p2b: Gothitelle|Gothitelle, L50, F|100\/100\n|move|p1a: Tornadus|Bleakwind Storm|p2b: Gothitelle|[spread] p2a,p2b\n|-damage|p2a: Politoed|47\/100\n|-damage|p2b: Gothitelle|72\/100\n|-unboost|p2a: Politoed|spe|1\n|-unboost|p2b: Gothitelle|spe|1\n|cant|p1b: Kingambit|slp\n|move|p2a: Politoed|Perish Song|p2a: Politoed\n|-start|p1a: Tornadus|perish3|[silent]\n|-start|p1b: Kingambit|perish3|[silent]\n|-start|p2a: Politoed|perish3|[silent]\n|-start|p2b: Gothitelle|perish3|[silent]\n|-fieldactivate|move: Perish Song\n|\n|-weather|RainDance|[upkeep]\n|-start|p1a: Tornadus|perish3\n|-start|p1b: Kingambit|perish3\n|-start|p2a: Politoed|perish3\n|-start|p2b: Gothitelle|perish3\n|upkeep\n|turn|3\n|inactive|GreatestlawyerinNY has 30 seconds left.\n|\n|t:|1700595597\n|move|p2b: Gothitelle|Fake Out|p1b: Kingambit\n|-resisted|p1b: Kingambit\n|-damage|p1b: Kingambit|99\/100 slp\n|move|p1a: Tornadus|Tailwind|p1a: Tornadus\n|-sidestart|p1: matiasval1502|move: Tailwind\n|cant|p1b: Kingambit|slp\n|move|p2a: Politoed|Hypnosis|p1a: Tornadus|[miss]\n|-miss|p2a: Politoed|p1a: Tornadus\n|\n|-weather|RainDance|[upkeep]\n|-start|p1a: Tornadus|perish2\n|-start|p1b: Kingambit|perish2\n|-start|p2a: Politoed|perish2\n|-start|p2b: Gothitelle|perish2\n|upkeep\n|turn|4\n|inactive|GreatestlawyerinNY has 30 seconds left.\n|inactive|GreatestlawyerinNY has 20 seconds left.\n|inactive|GreatestlawyerinNY has 15 seconds left.\n|\n|t:|1700595638\n|move|p2a: Politoed|Protect|p2a: Politoed\n|-singleturn|p2a: Politoed|Protect\n|move|p2b: Gothitelle|Protect|p2b: Gothitelle\n|-singleturn|p2b: Gothitelle|Protect\n|move|p1a: Tornadus|Bleakwind Storm|p2b: Gothitelle|[spread] \n|-activate|p2a: Politoed|move: Protect\n|-activate|p2b: Gothitelle|move: Protect\n|-curestatus|p1b: Kingambit|slp|[msg]\n|move|p1b: Kingambit|Iron Head|p2b: Gothitelle\n|-activate|p2b: Gothitelle|move: Protect\n|\n|-weather|RainDance|[upkeep]\n|-start|p1a: Tornadus|perish1\n|-start|p1b: Kingambit|perish1\n|-start|p2a: Politoed|perish1\n|-start|p2b: Gothitelle|perish1\n|upkeep\n|turn|5\n|\n|t:|1700595657\n|switch|p2a: Dondozo|Dondozo, L50, F|100\/100\n|switch|p2b: Tatsugiri|Tatsugiri, L50, M|100\/100\n|-activate|p2b: Tatsugiri|ability: Commander|[of] p2a: Dondozo\n|-boost|p2a: Dondozo|atk|2\n|-boost|p2a: Dondozo|spa|2\n|-boost|p2a: Dondozo|spe|2\n|-boost|p2a: Dondozo|def|2\n|-boost|p2a: Dondozo|spd|2\n|move|p1a: Tornadus|Bleakwind Storm|p2a: Dondozo|[spread] p2a\n|-miss|p1a: Tornadus|p2b: Tatsugiri\n|-damage|p2a: Dondozo|82\/100\n|move|p1b: Kingambit|Iron Head|p2b: Tatsugiri|[miss]\n|-miss|p1b: Kingambit|p2b: Tatsugiri\n|\n|-weather|none\n|-start|p1a: Tornadus|perish0\n|-start|p1b: Kingambit|perish0\n|faint|p1a: Tornadus\n|faint|p1b: Kingambit\n|upkeep\n|\n|t:|1700595674\n|switch|p1a: Chi-Yu|Chi-Yu, L50|100\/100\n|switch|p1b: Iron Bundle|Iron Bundle, L50|100\/100\n|-ability|p1a: Chi-Yu|Beads of Ruin\n|-enditem|p1b: Iron Bundle|Booster Energy\n|-activate|p1b: Iron Bundle|ability: Quark Drive|[fromitem]\n|-start|p1b: Iron Bundle|quarkdrivespe\n|turn|6\n|\n|t:|1700595689\n|-terastallize|p1a: Chi-Yu|Ghost\n|move|p2a: Dondozo|Protect|p2a: Dondozo\n|-singleturn|p2a: Dondozo|Protect\n|move|p1b: Iron Bundle|Freeze-Dry|p2a: Dondozo\n|-activate|p2a: Dondozo|move: Protect\n|move|p1a: Chi-Yu|Dark Pulse|p2a: Dondozo\n|-activate|p2a: Dondozo|move: Protect\n|\n|-sideend|p1: matiasval1502|move: Tailwind\n|upkeep\n|turn|7\n|\n|t:|1700595701\n|-terastallize|p2a: Dondozo|Water\n|move|p1b: Iron Bundle|Freeze-Dry|p2a: Dondozo\n|-supereffective|p2a: Dondozo\n|-damage|p2a: Dondozo|29\/100\n|move|p2a: Dondozo|Surf|p1a: Chi-Yu|[spread] p1a,p1b\n|-miss|p2a: Dondozo|p2b: Tatsugiri\n|-resisted|p1b: Iron Bundle\n|-damage|p1a: Chi-Yu|5\/100\n|-damage|p1b: Iron Bundle|5\/100\n|-damage|p2a: Dondozo|19\/100|[from] item: Life Orb\n|move|p1a: Chi-Yu|Dark Pulse|p2a: Dondozo\n|-damage|p2a: Dondozo|0 fnt\n|faint|p2a: Dondozo\n|\n|upkeep\n|\n|t:|1700595718\n|switch|p2a: Gothitelle|Gothitelle, L50, F|72\/100\n|turn|8\n|\n|t:|1700595729\n|move|p2a: Gothitelle|Fake Out|p1b: Iron Bundle\n|-damage|p1b: Iron Bundle|0 fnt\n|faint|p1b: Iron Bundle\n|-end|p1b: Iron Bundle|Quark Drive|[silent]\n|move|p2b: Tatsugiri|Muddy Water|p1a: Chi-Yu\n|-damage|p1a: Chi-Yu|0 fnt\n|faint|p1a: Chi-Yu\n|\n|win|GreatestlawyerinNY\n|raw|matiasval1502's rating: 1501 &rarr; <strong>1479<\/strong><br \/>(-22 for losing)\n|raw|GreatestlawyerinNY's rating: 1467 &rarr; <strong>1489<\/strong><br \/>(+22 for winning)\n|l|\u2606matiasval1502\n","uploadtime":1700595860,"views":30,"p1id":"matiasval1502","p2id":"greatestlawyerinny","formatid":"gen9vgc2023regulatione","rating":1479,"private":0,"password":""}