{"id":"gen9vgc2023regulatione-1987917218","p1":"Just Typical","p2":"Prf.Anu","format":"[Gen 9] VGC 2023 Regulation E","log":"|j|\u2606Just Typical\n|j|\u2606Prf.Anu\n|t:|1699648948\n|gametype|doubles\n|player|p1|Just Typical|brawly|1176\n|player|p2|Prf.Anu|unknown|1187\n|teamsize|p1|6\n|teamsize|p2|6\n|gen|9\n|tier|[Gen 9] VGC 2023 Regulation E\n|rated|\n|rule|Species Clause: Limit one of each Pok\u00e9mon\n|rule|Item Clause: Limit one of each item\n|clearpoke\n|poke|p1|Okidogi, L50, M|\n|poke|p1|Garganacl, L50, M|\n|poke|p1|Sinistcha-Masterpiece, L50|\n|poke|p1|Skeledirge, L50, F|\n|poke|p1|Grimmsnarl, L50, M|\n|poke|p1|Farigiraf, L50, F|\n|poke|p2|Tornadus, L50, M|\n|poke|p2|Chi-Yu, L50|\n|poke|p2|Flutter Mane, L50|\n|poke|p2|Indeedee-F, L50, F|\n|poke|p2|Iron Hands, L50|\n|poke|p2|Rillaboom, L50, M|\n|teampreview|4\nPrf.Anu rejected open team sheets.\n|inactive|Battle timer is ON: inactive players will automatically lose when time's up. (requested by Prf.Anu)\n|\n|t:|1699648975\n|start\n|switch|p1a: Okidogi|Okidogi, L50, M|100\/100\n|switch|p1b: Grimmsnarl|Grimmsnarl, L50, M|100\/100\n|switch|p2a: Tornadus|Tornadus, L50, M, shiny|100\/100\n|switch|p2b: Indeedee|Indeedee-F, L50, F, shiny|100\/100\n|-fieldstart|move: Psychic Terrain|[from] ability: Psychic Surge|[of] p2b: Indeedee\n|turn|1\n|\n|t:|1699648999\n|-terastallize|p2a: Tornadus|Ground\n|move|p1b: Grimmsnarl|Light Screen|p1b: Grimmsnarl\n|-sidestart|p1: Just Typical|move: Light Screen\n|move|p2a: Tornadus|Bleakwind Storm|p1a: Okidogi|[spread] p1a,p1b\n|-supereffective|p1a: Okidogi\n|-damage|p1a: Okidogi|70\/100\n|-damage|p1b: Grimmsnarl|80\/100\n|-unboost|p1a: Okidogi|spe|1\n|-unboost|p1b: Grimmsnarl|spe|1\n|move|p2b: Indeedee|Hyper Voice|p1a: Okidogi|[spread] p1a,p1b\n|-damage|p1a: Okidogi|57\/100\n|-damage|p1b: Grimmsnarl|67\/100\n|move|p1a: Okidogi|Snarl|p2b: Indeedee|[spread] p2a,p2b\n|-supereffective|p2b: Indeedee\n|-damage|p2a: Tornadus|93\/100\n|-damage|p2b: Indeedee|89\/100\n|-unboost|p2a: Tornadus|spa|1\n|-unboost|p2b: Indeedee|spa|1\n|-status|p2b: Indeedee|tox|[from] ability: Toxic Chain|[of] p1a: Okidogi\n|\n|-heal|p2b: Indeedee|95\/100 tox|[from] item: Leftovers\n|-damage|p2b: Indeedee|89\/100 tox|[from] psn\n|upkeep\n|turn|2\n|inactive|Just Typical has 30 seconds left.\n|inactive|Prf.Anu has 30 seconds left.\n|\n|t:|1699649032\n|switch|p1b: Skeledirge|Skeledirge, L50, F|100\/100\n|move|p2a: Tornadus|Tailwind|p2a: Tornadus\n|-sidestart|p2: Prf.Anu|move: Tailwind\n|move|p2b: Indeedee|Hyper Voice|p1a: Okidogi|[spread] p1a\n|-immune|p1b: Skeledirge\n|-damage|p1a: Okidogi|50\/100\n|move|p1a: Okidogi|Snarl|p2b: Indeedee|[spread] p2a,p2b\n|-supereffective|p2b: Indeedee\n|-damage|p2a: Tornadus|84\/100\n|-damage|p2b: Indeedee|77\/100 tox\n|-unboost|p2a: Tornadus|spa|1\n|-unboost|p2b: Indeedee|spa|1\n|\n|-heal|p2b: Indeedee|83\/100 tox|[from] item: Leftovers\n|-damage|p2b: Indeedee|71\/100 tox|[from] psn\n|upkeep\n|turn|3\n|inactive|Just Typical has 30 seconds left.\n|inactive|Prf.Anu has 30 seconds left.\n|\n|t:|1699649063\n|move|p2a: Tornadus|Sunny Day|p2a: Tornadus\n|-weather|SunnyDay\n|move|p2b: Indeedee|Psychic|p1a: Okidogi\n|-supereffective|p1a: Okidogi\n|-damage|p1a: Okidogi|9\/100\n|move|p1b: Skeledirge|Imprison|p1b: Skeledirge\n|-start|p1b: Skeledirge|move: Imprison\n|move|p1a: Okidogi|Knock Off|p2a: Tornadus\n|-damage|p2a: Tornadus|41\/100\n|-damage|p1a: Okidogi|0 fnt|[from] item: Rocky Helmet|[of] p2a: Tornadus\n|faint|p1a: Okidogi\n|\n|-weather|SunnyDay|[upkeep]\n|-heal|p2b: Indeedee|77\/100 tox|[from] item: Leftovers\n|-damage|p2b: Indeedee|60\/100 tox|[from] psn\n|upkeep\n|\n|t:|1699649082\n|switch|p1a: Sinistcha|Sinistcha-Masterpiece, L50|100\/100\n|turn|4\n|\n|t:|1699649094\n|move|p2b: Indeedee|Follow Me|p2b: Indeedee\n|-singleturn|p2b: Indeedee|move: Follow Me\n|move|p2a: Tornadus|Bleakwind Storm|p1a: Sinistcha|[spread] p1a,p1b\n|-supereffective|p1a: Sinistcha\n|-damage|p1a: Sinistcha|78\/100\n|-damage|p1b: Skeledirge|74\/100\n|-unboost|p1b: Skeledirge|spe|1\n|move|p1a: Sinistcha|Strength Sap|p2b: Indeedee\n|-unboost|p2b: Indeedee|atk|1\n|-heal|p1a: Sinistcha|100\/100\n|move|p1b: Skeledirge|Heat Wave|p2a: Tornadus|[spread] p2a,p2b\n|-damage|p2a: Tornadus|0 fnt\n|-damage|p2b: Indeedee|24\/100 tox\n|faint|p2a: Tornadus\n|\n|-weather|SunnyDay|[upkeep]\n|-heal|p2b: Indeedee|30\/100 tox|[from] item: Leftovers\n|-damage|p2b: Indeedee|7\/100 tox|[from] psn\n|upkeep\n|\n|t:|1699649111\n|switch|p2a: Chi-Yu|Chi-Yu, L50|100\/100\n|-ability|p2a: Chi-Yu|Beads of Ruin\n|turn|5\n|inactive|Prf.Anu has 30 seconds left.\n|\n|t:|1699649140\n|-terastallize|p1a: Sinistcha|Grass\n|move|p1a: Sinistcha|Rage Powder|p1a: Sinistcha\n|-singleturn|p1a: Sinistcha|move: Rage Powder\n|move|p2a: Chi-Yu|Psychic|p1a: Sinistcha\n|-damage|p1a: Sinistcha|66\/100\n|move|p2b: Indeedee|Psychic|p1a: Sinistcha\n|-damage|p1a: Sinistcha|45\/100\n|move|p1b: Skeledirge|Heat Wave|p2a: Chi-Yu|[spread] p2a,p2b\n|-resisted|p2a: Chi-Yu\n|-damage|p2a: Chi-Yu|79\/100\n|-damage|p2b: Indeedee|0 fnt\n|faint|p2b: Indeedee\n|\n|-weather|SunnyDay|[upkeep]\n|-sideend|p2: Prf.Anu|move: Tailwind\n|-fieldend|move: Psychic Terrain\n|upkeep\n|\n|t:|1699649155\n|switch|p2b: Flutter Mane|Flutter Mane, L50, shiny|100\/100\n|-activate|p2b: Flutter Mane|ability: Protosynthesis\n|-start|p2b: Flutter Mane|protosynthesisspa\n|turn|6\n|\n|t:|1699649170\n|move|p2b: Flutter Mane|Dazzling Gleam|p1a: Sinistcha|[spread] p1a,p1b\n|-resisted|p1b: Skeledirge\n|-damage|p1a: Sinistcha|1\/100\n|-damage|p1b: Skeledirge|47\/100\n|-enditem|p1b: Skeledirge|Sitrus Berry|[eat]\n|-heal|p1b: Skeledirge|72\/100|[from] item: Sitrus Berry\n|-damage|p2b: Flutter Mane|91\/100|[from] item: Life Orb\n|move|p2a: Chi-Yu|Psychic|p1b: Skeledirge\n|-damage|p1b: Skeledirge|39\/100\n|move|p1a: Sinistcha|Shadow Ball|p2b: Flutter Mane\n|-supereffective|p2b: Flutter Mane\n|-damage|p2b: Flutter Mane|13\/100\n|-unboost|p2b: Flutter Mane|spd|1\n|move|p1b: Skeledirge|Heat Wave|p2b: Flutter Mane|[spread] p2a,p2b\n|-resisted|p2a: Chi-Yu\n|-damage|p2a: Chi-Yu|58\/100\n|-damage|p2b: Flutter Mane|0 fnt\n|faint|p2b: Flutter Mane\n|-end|p2b: Flutter Mane|Protosynthesis|[silent]\n|\n|-weather|SunnyDay|[upkeep]\n|upkeep\n|turn|7\n|inactive|Prf.Anu has 30 seconds left.\n|\n|t:|1699649200\n|move|p2a: Chi-Yu|Psychic|p1b: Skeledirge\n|-damage|p1b: Skeledirge|9\/100\n|move|p1a: Sinistcha|Strength Sap|p2a: Chi-Yu\n|-unboost|p2a: Chi-Yu|atk|1\n|-heal|p1a: Sinistcha|44\/100\n|move|p1b: Skeledirge|Heat Wave|p2a: Chi-Yu\n|-resisted|p2a: Chi-Yu\n|-damage|p2a: Chi-Yu|28\/100\n|\n|-weather|none\n|upkeep\n|turn|8\n|\n|t:|1699649214\n|move|p1a: Sinistcha|Rage Powder|p1a: Sinistcha\n|-singleturn|p1a: Sinistcha|move: Rage Powder\n|move|p2a: Chi-Yu|Psychic|p1a: Sinistcha\n|-damage|p1a: Sinistcha|16\/100\n|move|p1b: Skeledirge|Heat Wave|p2a: Chi-Yu\n|-resisted|p2a: Chi-Yu\n|-damage|p2a: Chi-Yu|10\/100\n|\n|-sideend|p1: Just Typical|move: Light Screen\n|upkeep\n|turn|9\n|-message|Prf.Anu forfeited.\n|\n|win|Just Typical\n|raw|Just Typical's rating: 1176 &rarr; <strong>1202<\/strong><br \/>(+26 for winning)\n|raw|Prf.Anu's rating: 1187 &rarr; <strong>1161<\/strong><br \/>(-26 for losing)\n|l|\u2606Prf.Anu\n|l|\u2606Just Typical\n|j|\u2606Just Typical\n|player|p1|Just Typical|brawly\n","uploadtime":1699649504,"views":22,"p1id":"justtypical","p2id":"prfanu","formatid":"gen9vgc2023regulatione","rating":1161,"private":0,"password":""}