{"id":"gen9vgc2023regulatione-1997733268","p1":"Leoniod","p2":"W_i_Pohemon","format":"[Gen 9] VGC 2023 Regulation E","log":"|j|\u2606Leoniod\n|j|\u2606W_i_Pohemon\n|t:|1700846877\n|gametype|doubles\n|player|p1|Leoniod|n|1247\n|player|p2|W_i_Pohemon|fisherman|1276\n|teamsize|p1|6\n|teamsize|p2|6\n|gen|9\n|tier|[Gen 9] VGC 2023 Regulation E\n|rated|\n|rule|Species Clause: Limit one of each Pok\u00e9mon\n|rule|Item Clause: Limit one of each item\n|clearpoke\n|poke|p1|Ursaluna, L50, M|\n|poke|p1|Armarouge, L50, M|\n|poke|p1|Torkoal, L50, M|\n|poke|p1|Iron Hands, L50|\n|poke|p1|Urshifu-*, L50, M|\n|poke|p1|Cresselia, L50, F|\n|poke|p2|Arcanine-Hisui, L50, M|\n|poke|p2|Basculegion, L50, M|\n|poke|p2|Tornadus, L50, M|\n|poke|p2|Urshifu-*, L50, F|\n|poke|p2|Iron Hands, L50|\n|poke|p2|Thundurus-Therian, L50, M|\n|teampreview|4\n|inactive|Battle timer is ON: inactive players will automatically lose when time's up. (requested by Leoniod)\n|inactive|W_i_Pohemon has 60 seconds left.\n|\n|t:|1700846927\n|start\n|switch|p1a: Cresselia|Cresselia, L50, F|100\/100\n|switch|p1b: Torkoal|Torkoal, L50, M, shiny|100\/100\n|switch|p2a: Arcanine|Arcanine-Hisui, L50, M|100\/100\n|switch|p2b: Urshifu|Urshifu-Rapid-Strike, L50, F|100\/100\n|-ability|p2a: Arcanine|Intimidate|boost\n|-unboost|p1a: Cresselia|atk|1\n|-unboost|p1b: Torkoal|atk|1\n|-weather|SunnyDay|[from] ability: Drought|[of] p1b: Torkoal\n|turn|1\n|\n|t:|1700846946\n|-terastallize|p2b: Urshifu|Water\n|move|p2b: Urshifu|Surging Strikes|p1b: Torkoal\n|-supereffective|p1b: Torkoal\n|-crit|p1b: Torkoal\n|-damage|p1b: Torkoal|76\/100\n|-supereffective|p1b: Torkoal\n|-crit|p1b: Torkoal\n|-damage|p1b: Torkoal|53\/100\n|-supereffective|p1b: Torkoal\n|-crit|p1b: Torkoal\n|-damage|p1b: Torkoal|28\/100\n|-hitcount|p1b: Torkoal|3\n|move|p2a: Arcanine|Flare Blitz|p1a: Cresselia\n|-damage|p1a: Cresselia|7\/100\n|-damage|p2a: Arcanine|62\/100|[from] Recoil\n|move|p1b: Torkoal|Eruption|p2a: Arcanine|[spread] p2a,p2b\n|-resisted|p2a: Arcanine\n|-resisted|p2b: Urshifu\n|-damage|p2a: Arcanine|54\/100\n|-damage|p2b: Urshifu|80\/100\n|move|p1a: Cresselia|Trick Room|p1a: Cresselia\n|-fieldstart|move: Trick Room|[of] p1a: Cresselia\n|\n|-weather|SunnyDay|[upkeep]\n|upkeep\n|turn|2\n|\n|t:|1700846971\n|move|p2b: Urshifu|Aqua Jet|p1b: Torkoal\n|-supereffective|p1b: Torkoal\n|-damage|p1b: Torkoal|3\/100\n|move|p1b: Torkoal|Eruption|p2b: Urshifu|[spread] p2a,p2b\n|-resisted|p2a: Arcanine\n|-resisted|p2b: Urshifu\n|-damage|p2a: Arcanine|53\/100\n|-damage|p2b: Urshifu|78\/100\n|move|p1a: Cresselia|Lunar Blessing|p1a: Cresselia|[spread] p1a,p1b\n|-heal|p1a: Cresselia|32\/100\n|-heal|p1b: Torkoal|28\/100\n|move|p2a: Arcanine|Flare Blitz|p1a: Cresselia\n|-damage|p1a: Cresselia|0 fnt\n|faint|p1a: Cresselia\n|-damage|p2a: Arcanine|40\/100|[from] Recoil\n|\n|-weather|SunnyDay|[upkeep]\n|upkeep\n|\n|t:|1700846986\n|switch|p1a: Ursaluna|Ursaluna, L50, M, shiny|100\/100\n|turn|3\n|\n|t:|1700847009\n|move|p2b: Urshifu|Detect|p2b: Urshifu\n|-singleturn|p2b: Urshifu|Protect\n|move|p1b: Torkoal|Eruption|p2b: Urshifu|[spread] p2a\n|-activate|p2b: Urshifu|move: Protect\n|-resisted|p2a: Arcanine\n|-crit|p2a: Arcanine\n|-damage|p2a: Arcanine|26\/100\n|move|p1a: Ursaluna|Swords Dance|p1a: Ursaluna\n|-boost|p1a: Ursaluna|atk|2\n|move|p2a: Arcanine|Flare Blitz|p1b: Torkoal\n|-resisted|p1b: Torkoal\n|-damage|p1b: Torkoal|0 fnt\n|faint|p1b: Torkoal\n|-damage|p2a: Arcanine|17\/100|[from] Recoil\n|\n|-weather|SunnyDay|[upkeep]\n|-status|p1a: Ursaluna|brn|[from] item: Flame Orb\n|upkeep\n|\n|t:|1700847022\n|switch|p1b: Iron Hands|Iron Hands, L50|100\/100\n|turn|4\n|inactive|W_i_Pohemon has 30 seconds left.\n|inactive|W_i_Pohemon has 20 seconds left.\n|inactive|W_i_Pohemon has 15 seconds left.\n|\n|t:|1700847066\n|move|p1a: Ursaluna|Facade|p2b: Urshifu\n|-damage|p2b: Urshifu|0 fnt\n|faint|p2b: Urshifu\n|move|p1b: Iron Hands|Drain Punch|p2a: Arcanine\n|-supereffective|p2a: Arcanine\n|-damage|p2a: Arcanine|0 fnt\n|faint|p2a: Arcanine\n|\n|-weather|SunnyDay|[upkeep]\n|-damage|p1a: Ursaluna|95\/100 brn|[from] brn\n|upkeep\n|\n|t:|1700847073\n|switch|p2a: Iron Hands|Iron Hands, L50|100\/100\n|switch|p2b: Basculegion|Basculegion, L50, M|100\/100\n|turn|5\n|inactive|W_i_Pohemon has 30 seconds left.\n|\n|t:|1700847100\n|move|p2b: Basculegion|Protect|p2b: Basculegion\n|-singleturn|p2b: Basculegion|Protect\n|move|p2a: Iron Hands|Fake Out|p1a: Ursaluna\n|-damage|p1a: Ursaluna|82\/100 brn\n|cant|p1a: Ursaluna|flinch\n|move|p1b: Iron Hands|Wild Charge|p2b: Basculegion\n|-activate|p2b: Basculegion|move: Protect\n|\n|-weather|none\n|-damage|p1a: Ursaluna|76\/100 brn|[from] brn\n|-fieldend|move: Trick Room\n|upkeep\n|turn|6\n|inactive|Leoniod has 30 seconds left.\n|inactive|W_i_Pohemon has 30 seconds left.\n|\n|t:|1700847131\n|-terastallize|p1a: Ursaluna|Normal\n|move|p2b: Basculegion|Wave Crash|p1a: Ursaluna\n|-damage|p1a: Ursaluna|12\/100 brn\n|-damage|p2b: Basculegion|75\/100|[from] Recoil\n|-damage|p2b: Basculegion|65\/100|[from] item: Life Orb\n|move|p2a: Iron Hands|Wild Charge|p1a: Ursaluna\n|-damage|p1a: Ursaluna|0 fnt\n|faint|p1a: Ursaluna\n|-damage|p2a: Iron Hands|98\/100|[from] Recoil\n|move|p1b: Iron Hands|Wild Charge|p2b: Basculegion\n|-supereffective|p2b: Basculegion\n|-damage|p2b: Basculegion|0 fnt\n|faint|p2b: Basculegion\n|-damage|p1b: Iron Hands|88\/100|[from] Recoil\n|\n|upkeep\n|turn|7\n|inactive|Leoniod has 30 seconds left.\n|inactive|Leoniod has 20 seconds left.\n|\n|t:|1700847166\n|move|p1b: Iron Hands|Drain Punch|p2a: Iron Hands\n|-damage|p2a: Iron Hands|73\/100\n|-heal|p1b: Iron Hands|100\/100|[from] drain|[of] p2a: Iron Hands\n|move|p2a: Iron Hands|Drain Punch|p1b: Iron Hands\n|-damage|p1b: Iron Hands|73\/100\n|-heal|p2a: Iron Hands|86\/100|[from] drain|[of] p1b: Iron Hands\n|\n|upkeep\n|turn|8\n|\n|t:|1700847182\n|move|p2a: Iron Hands|Drain Punch|p1b: Iron Hands\n|-damage|p1b: Iron Hands|40\/100\n|-heal|p2a: Iron Hands|100\/100|[from] drain|[of] p1b: Iron Hands\n|move|p1b: Iron Hands|Drain Punch|p2a: Iron Hands\n|-damage|p2a: Iron Hands|72\/100\n|-heal|p1b: Iron Hands|56\/100|[from] drain|[of] p2a: Iron Hands\n|\n|upkeep\n|turn|9\n|\n|t:|1700847191\n|move|p2a: Iron Hands|Drain Punch|p1b: Iron Hands\n|-damage|p1b: Iron Hands|24\/100\n|-heal|p2a: Iron Hands|87\/100|[from] drain|[of] p1b: Iron Hands\n|move|p1b: Iron Hands|Drain Punch|p2a: Iron Hands\n|-damage|p2a: Iron Hands|62\/100\n|-heal|p1b: Iron Hands|37\/100|[from] drain|[of] p2a: Iron Hands\n|\n|upkeep\n|turn|10\n|\n|t:|1700847196\n|move|p1b: Iron Hands|Drain Punch|p2a: Iron Hands\n|-damage|p2a: Iron Hands|34\/100\n|-heal|p1b: Iron Hands|52\/100|[from] drain|[of] p2a: Iron Hands\n|move|p2a: Iron Hands|Drain Punch|p1b: Iron Hands\n|-damage|p1b: Iron Hands|20\/100\n|-heal|p2a: Iron Hands|50\/100|[from] drain|[of] p1b: Iron Hands\n|\n|upkeep\n|turn|11\n|\n|t:|1700847205\n|move|p2a: Iron Hands|Drain Punch|p1b: Iron Hands\n|-damage|p1b: Iron Hands|0 fnt\n|-heal|p2a: Iron Hands|59\/100|[from] drain|[of] p1b: Iron Hands\n|faint|p1b: Iron Hands\n|-end|p1b: Iron Hands|Quark Drive|[silent]\n|\n|win|W_i_Pohemon\n|raw|Leoniod's rating: 1247 &rarr; <strong>1224<\/strong><br \/>(-23 for losing)\n|raw|W_i_Pohemon's rating: 1276 &rarr; <strong>1299<\/strong><br \/>(+23 for winning)\n|l|\u2606Leoniod\n","uploadtime":1700847256,"views":3,"p1id":"leoniod","p2id":"wipohemon","formatid":"gen9vgc2023regulatione","rating":1224,"private":0,"password":""}