{"id":"gen9vgc2023regulatione-1991382021","p1":"CharlienoB","p2":"Aetherious8","format":"[Gen 9] VGC 2023 Regulation E","log":"|j|\u2606CharlienoB\n|j|\u2606Aetherious8\n|t:|1700072440\n|gametype|doubles\n|player|p1|CharlienoB|266|1147\n|player|p2|Aetherious8|adaman|1148\n|teamsize|p1|6\n|teamsize|p2|6\n|gen|9\n|tier|[Gen 9] VGC 2023 Regulation E\n|rated|\n|rule|Species Clause: Limit one of each Pok\u00e9mon\n|rule|Item Clause: Limit one of each item\n|clearpoke\n|poke|p1|Espathra, L50, M|\n|poke|p1|Clefairy, L50, M|\n|poke|p1|Gholdengo, L50|\n|poke|p1|Rillaboom, L50, F|\n|poke|p1|Arcanine-Hisui, L50, F|\n|poke|p1|Ogerpon-Wellspring, L50, F|\n|poke|p2|Dondozo, L50, M|\n|poke|p2|Tatsugiri, L50, M|\n|poke|p2|Flutter Mane, L50|\n|poke|p2|Chi-Yu, L50|\n|poke|p2|Chien-Pao, L50|\n|poke|p2|Iron Hands, L50|\n|teampreview|4\nAetherious8 has agreed to open team sheets.\n|inactive|Battle timer is ON: inactive players will automatically lose when time's up. (requested by CharlienoB)\n|\n|t:|1700072457\n|start\n|switch|p1a: Arcanine|Arcanine-Hisui, L50, F|100\/100\n|switch|p1b: Rillaboom|Rillaboom, L50, F|100\/100\n|switch|p2a: feesh|Chi-Yu, L50|100\/100\n|switch|p2b: Brian Hands|Iron Hands, L50|100\/100\n|-fieldstart|move: Grassy Terrain|[from] ability: Grassy Surge|[of] p1b: Rillaboom\n|-ability|p2a: feesh|Beads of Ruin\n|-ability|p1a: Arcanine|Intimidate|boost\n|-unboost|p2a: feesh|atk|1\n|-unboost|p2b: Brian Hands|atk|1\n|turn|1\n|inactive|CharlienoB has 30 seconds left.\n|\n|t:|1700072486\n|-terastallize|p1a: Arcanine|Ghost\n|move|p1b: Rillaboom|Fake Out|p2a: feesh\n|-damage|p2a: feesh|83\/100\n|cant|p2a: feesh|flinch\n|move|p1a: Arcanine|Rock Slide|p2b: Brian Hands|[spread] p2a,p2b\n|-supereffective|p2a: feesh\n|-resisted|p2b: Brian Hands\n|-damage|p2a: feesh|0 fnt\n|-damage|p2b: Brian Hands|87\/100\n|faint|p2a: feesh\n|move|p2b: Brian Hands|Swords Dance|p2b: Brian Hands\n|-boost|p2b: Brian Hands|atk|2\n|\n|-heal|p2b: Brian Hands|93\/100|[from] Grassy Terrain\n|upkeep\n|\n|t:|1700072499\n|switch|p2a: donbozo|Dondozo, L50, M|100\/100\n|turn|2\n|\n|t:|1700072514\n|move|p2a: donbozo|Protect|p2a: donbozo\n|-singleturn|p2a: donbozo|Protect\n|move|p1b: Rillaboom|Wood Hammer|p2a: donbozo\n|-activate|p2a: donbozo|move: Protect\n|move|p1a: Arcanine|Rock Slide|p2b: Brian Hands|[spread] p2b\n|-activate|p2a: donbozo|move: Protect\n|-resisted|p2b: Brian Hands\n|-damage|p2b: Brian Hands|77\/100\n|move|p2b: Brian Hands|Drain Punch|p1b: Rillaboom\n|-damage|p1b: Rillaboom|33\/100\n|-heal|p2b: Brian Hands|100\/100|[from] drain|[of] p1b: Rillaboom\n|\n|-heal|p1b: Rillaboom|39\/100|[from] Grassy Terrain\n|upkeep\n|turn|3\n|inactive|Aetherious8 has 30 seconds left.\n|inactive|Aetherious8 has 20 seconds left.\n|inactive|Aetherious8 has 15 seconds left.\n|\n|t:|1700072555\n|move|p1b: Rillaboom|Wood Hammer|p2a: donbozo\n|-supereffective|p2a: donbozo\n|-damage|p2a: donbozo|0 fnt\n|faint|p2a: donbozo\n|-damage|p1b: Rillaboom|0 fnt|[from] Recoil\n|faint|p1b: Rillaboom\n|move|p1a: Arcanine|Rock Slide|p2b: Brian Hands\n|-resisted|p2b: Brian Hands\n|-damage|p2b: Brian Hands|82\/100\n|move|p2b: Brian Hands|Drain Punch|p1a: Arcanine\n|-immune|p1a: Arcanine\n|\n|-heal|p2b: Brian Hands|88\/100|[from] Grassy Terrain\n|upkeep\n|\n|t:|1700072571\n|switch|p1b: Espathra|Espathra, L50, M|100\/100\n|switch|p2a: sashimi|Tatsugiri, L50, M|100\/100\n|turn|4\n|inactive|Aetherious8 has 30 seconds left.\n|inactive|Aetherious8 has 20 seconds left.\n|inactive|Aetherious8 has 15 seconds left.\n|inactive|Aetherious8 has 10 seconds left.\n|inactive|Aetherious8 has 5 seconds left.\n|\n|t:|1700072622\n|-terastallize|p2b: Brian Hands|Grass\n|move|p2a: sashimi|Draco Meteor|p1b: Espathra\n|-damage|p1b: Espathra|36\/100\n|-unboost|p2a: sashimi|spa|2\n|-enditem|p1b: Espathra|Sitrus Berry|[eat]\n|-heal|p1b: Espathra|61\/100|[from] item: Sitrus Berry\n|move|p1b: Espathra|Dazzling Gleam|p2b: Brian Hands|[spread] p2a,p2b\n|-supereffective|p2a: sashimi\n|-damage|p2a: sashimi|65\/100\n|-damage|p2b: Brian Hands|78\/100\n|move|p1a: Arcanine|Rock Slide|p2b: Brian Hands|[spread] p2a,p2b\n|-damage|p2a: sashimi|1\/100\n|-damage|p2b: Brian Hands|47\/100\n|-enditem|p2b: Brian Hands|Sitrus Berry|[eat]\n|-heal|p2b: Brian Hands|72\/100|[from] item: Sitrus Berry\n|move|p2b: Brian Hands|Thunder Punch|p1a: Arcanine\n|-damage|p1a: Arcanine|28\/100\n|\n|-heal|p2a: sashimi|7\/100|[from] Grassy Terrain\n|-heal|p1b: Espathra|67\/100|[from] Grassy Terrain\n|-heal|p1a: Arcanine|34\/100|[from] Grassy Terrain\n|-heal|p2b: Brian Hands|78\/100|[from] Grassy Terrain\n|-ability|p1b: Espathra|Speed Boost|boost\n|-boost|p1b: Espathra|spe|1\n|upkeep\n|turn|5\n|inactive|Aetherious8 has 30 seconds left.\n|\n|t:|1700072651\n|move|p2a: sashimi|Draco Meteor|p1a: Arcanine\n|-damage|p1a: Arcanine|0 fnt\n|-unboost|p2a: sashimi|spa|2\n|faint|p1a: Arcanine\n|move|p1b: Espathra|Hypnosis|p2b: Brian Hands|[miss]\n|-miss|p1b: Espathra|p2b: Brian Hands\n|move|p2b: Brian Hands|Drain Punch|p1b: Espathra\n|-resisted|p1b: Espathra\n|-damage|p1b: Espathra|37\/100\n|-heal|p2b: Brian Hands|90\/100|[from] drain|[of] p1b: Espathra\n|\n|-heal|p2a: sashimi|13\/100|[from] Grassy Terrain\n|-heal|p1b: Espathra|43\/100|[from] Grassy Terrain\n|-heal|p2b: Brian Hands|96\/100|[from] Grassy Terrain\n|-fieldend|move: Grassy Terrain\n|-ability|p1b: Espathra|Speed Boost|boost\n|-boost|p1b: Espathra|spe|1\n|upkeep\n|\n|t:|1700072669\n|switch|p1a: Ogerpon|Ogerpon-Wellspring, L50, F|100\/100\n|turn|6\n|\n|t:|1700072682\n|move|p1a: Ogerpon|Follow Me|p1a: Ogerpon\n|-singleturn|p1a: Ogerpon|move: Follow Me\n|move|p1b: Espathra|Hypnosis|p2b: Brian Hands\n|-status|p2b: Brian Hands|slp|[from] move: Hypnosis\n|move|p2a: sashimi|Draco Meteor|p1a: Ogerpon\n|-damage|p1a: Ogerpon|82\/100\n|-unboost|p2a: sashimi|spa|2\n|cant|p2b: Brian Hands|slp\n|\n|-ability|p1b: Espathra|Speed Boost|boost\n|-boost|p1b: Espathra|spe|1\n|upkeep\n|turn|7\n|\n|t:|1700072701\n|move|p1b: Espathra|Lumina Crash|p2a: sashimi\n|-damage|p2a: sashimi|0 fnt\n|faint|p2a: sashimi\n|move|p1a: Ogerpon|Power Whip|p2b: Brian Hands|[miss]\n|-miss|p1a: Ogerpon|p2b: Brian Hands\n|cant|p2b: Brian Hands|slp\n|\n|-ability|p1b: Espathra|Speed Boost|boost\n|-boost|p1b: Espathra|spe|1\n|upkeep\n|turn|8\n|\n|t:|1700072708\n|move|p1b: Espathra|Lumina Crash|p2b: Brian Hands\n|-damage|p2b: Brian Hands|75\/100 slp\n|-unboost|p2b: Brian Hands|spd|2\n|move|p1a: Ogerpon|Power Whip|p2b: Brian Hands|[miss]\n|-miss|p1a: Ogerpon|p2b: Brian Hands\n|-curestatus|p2b: Brian Hands|slp|[msg]\n|move|p2b: Brian Hands|Swords Dance|p2b: Brian Hands\n|-boost|p2b: Brian Hands|atk|2\n|\n|-ability|p1b: Espathra|Speed Boost|boost\n|-boost|p1b: Espathra|spe|1\n|upkeep\n|turn|9\n|inactive|CharlienoB has 30 seconds left.\n|\n|t:|1700072737\n|move|p1b: Espathra|Lumina Crash|p2b: Brian Hands\n|-damage|p2b: Brian Hands|35\/100\n|-unboost|p2b: Brian Hands|spd|2\n|move|p1a: Ogerpon|Power Whip|p2b: Brian Hands|[miss]\n|-miss|p1a: Ogerpon|p2b: Brian Hands\n|move|p2b: Brian Hands|Drain Punch|p1a: Ogerpon\n|-damage|p1a: Ogerpon|0 fnt\n|-heal|p2b: Brian Hands|66\/100|[from] drain|[of] p1a: Ogerpon\n|faint|p1a: Ogerpon\n|\n|-ability|p1b: Espathra|Speed Boost|boost\n|-boost|p1b: Espathra|spe|1\n|upkeep\n|turn|10\n|\n|t:|1700072754\n|move|p1b: Espathra|Hypnosis|p2b: Brian Hands\n|-status|p2b: Brian Hands|slp|[from] move: Hypnosis\n|cant|p2b: Brian Hands|slp\n|\n|upkeep\n|turn|11\n|\n|t:|1700072761\n|move|p1b: Espathra|Lumina Crash|p2b: Brian Hands\n|-damage|p2b: Brian Hands|5\/100 slp\n|-unboost|p2b: Brian Hands|spd|2\n|cant|p2b: Brian Hands|slp\n|\n|upkeep\n|turn|12\n|\n|t:|1700072766\n|move|p1b: Espathra|Lumina Crash|p2b: Brian Hands\n|-damage|p2b: Brian Hands|0 fnt\n|faint|p2b: Brian Hands\n|-end|p2b: Brian Hands|Quark Drive|[silent]\n|\n|win|CharlienoB\n|raw|CharlienoB's rating: 1147 &rarr; <strong>1172<\/strong><br \/>(+25 for winning)\n|raw|Aetherious8's rating: 1148 &rarr; <strong>1123<\/strong><br \/>(-25 for losing)\n|l|\u2606Aetherious8\n","uploadtime":1700072775,"views":18,"p1id":"charlienob","p2id":"aetherious8","formatid":"gen9vgc2023regulatione","rating":1123,"private":0,"password":""}