{"id":"gen9vgc2023regulatione-1995251636","p1":"public neg","p2":"Perjutsu545","format":"[Gen 9] VGC 2023 Regulation E","log":"|j|\u2606public neg\n|j|\u2606Perjutsu545\n|t:|1700540383\n|gametype|doubles\n|player|p1|public neg|266|1090\n|player|p2|Perjutsu545|brawly|1186\n|teamsize|p1|6\n|teamsize|p2|6\n|gen|9\n|tier|[Gen 9] VGC 2023 Regulation E\n|rated|\n|rule|Species Clause: Limit one of each Pok\u00e9mon\n|rule|Item Clause: Limit one of each item\n|clearpoke\n|poke|p1|Flutter Mane, L50|\n|poke|p1|Chi-Yu, L50|\n|poke|p1|Tornadus, L50, M|\n|poke|p1|Urshifu-*, L50, F|\n|poke|p1|Annihilape, L50, F|\n|poke|p1|Maushold-Four, L50|\n|poke|p2|Thundurus, L50, M|\n|poke|p2|Rillaboom, L50, F|\n|poke|p2|Gholdengo, L50|\n|poke|p2|Roaring Moon, L50|\n|poke|p2|Slowbro, L50, M|\n|poke|p2|Tauros-Paldea-Blaze, L50, M|\n|teampreview|4\n|inactive|Battle timer is ON: inactive players will automatically lose when time's up. (requested by public neg)\n|inactive|Perjutsu545 has 60 seconds left.\n|inactive|Perjutsu545 has 30 seconds left.\n|inactive|Perjutsu545 has 20 seconds left.\n|inactive|Perjutsu545 has 15 seconds left.\n|inactive|Perjutsu545 has 10 seconds left.\n|\n|t:|1700540488\n|start\n|switch|p1a: Annihilape|Annihilape, L50, F|100\/100\n|switch|p1b: Maushold|Maushold-Four, L50|100\/100\n|switch|p2a: Roaring Moon|Roaring Moon, L50|100\/100\n|switch|p2b: Slowbro|Slowbro, L50, M|100\/100\n|-enditem|p2a: Roaring Moon|Booster Energy\n|-activate|p2a: Roaring Moon|ability: Protosynthesis|[fromitem]\n|-start|p2a: Roaring Moon|protosynthesisspe\n|turn|1\n|inactive|public neg has 30 seconds left.\n|inactive|Perjutsu545 has 30 seconds left.\n|\n|t:|1700540520\n|move|p2a: Roaring Moon|Protect|p2a: Roaring Moon\n|-singleturn|p2a: Roaring Moon|Protect\n|move|p1b: Maushold|Follow Me|p1b: Maushold\n|-singleturn|p1b: Maushold|move: Follow Me\n|move|p1a: Annihilape|Bulk Up|p1a: Annihilape\n|-boost|p1a: Annihilape|atk|1\n|-boost|p1a: Annihilape|def|1\n|move|p2b: Slowbro|Iron Defense|p2b: Slowbro\n|-boost|p2b: Slowbro|def|2\n|\n|upkeep\n|turn|2\n|inactive|public neg has 30 seconds left.\n|inactive|Perjutsu545 has 30 seconds left.\n|\n|t:|1700540555\n|-end|p2a: Roaring Moon|Protosynthesis|[silent]\n|switch|p2a: Gholdengo|Gholdengo, L50|100\/100\n|-terastallize|p1a: Annihilape|Poison\n|move|p1b: Maushold|Taunt|p2b: Slowbro\n|-immune|p2b: Slowbro|[from] ability: Oblivious\n|move|p1a: Annihilape|Drain Punch|p2a: Gholdengo\n|-immune|p2a: Gholdengo\n|move|p2b: Slowbro|Iron Defense|p2b: Slowbro\n|-boost|p2b: Slowbro|def|2\n|\n|upkeep\n|turn|3\n|inactive|Perjutsu545 has 30 seconds left.\n|\n|t:|1700540580\n|move|p2a: Gholdengo|Protect|p2a: Gholdengo\n|-singleturn|p2a: Gholdengo|Protect\n|move|p1b: Maushold|Beat Up|p1a: Annihilape\n|-damage|p1a: Annihilape|99\/100\n|-damage|p1a: Annihilape|97\/100\n|-damage|p1a: Annihilape|95\/100\n|-damage|p1a: Annihilape|94\/100\n|-hitcount|p1a: Annihilape|4\n|move|p1a: Annihilape|Rage Fist|p2a: Gholdengo\n|-activate|p2a: Gholdengo|move: Protect\n|move|p2b: Slowbro|Body Press|p1b: Maushold\n|-supereffective|p1b: Maushold\n|-damage|p1b: Maushold|0 fnt\n|faint|p1b: Maushold\n|\n|-heal|p1a: Annihilape|99\/100|[from] item: Leftovers\n|upkeep\n|\n|t:|1700540601\n|switch|p1b: Tornadus|Tornadus, L50, M|100\/100\n|turn|4\n|\n|t:|1700540616\n|switch|p2a: Roaring Moon|Roaring Moon, L50|100\/100\n|move|p1b: Tornadus|Bleakwind Storm|p2a: Roaring Moon|[spread] p2a\n|-miss|p1b: Tornadus|p2b: Slowbro\n|-damage|p2a: Roaring Moon|74\/100\n|move|p1a: Annihilape|Rage Fist|p2a: Roaring Moon\n|-resisted|p2a: Roaring Moon\n|-crit|p2a: Roaring Moon\n|-damage|p2a: Roaring Moon|0 fnt\n|faint|p2a: Roaring Moon\n|-end|p2a: Roaring Moon|Protosynthesis|[silent]\n|move|p2b: Slowbro|Psychic|p1a: Annihilape\n|-supereffective|p1a: Annihilape\n|-damage|p1a: Annihilape|49\/100\n|\n|-heal|p1a: Annihilape|55\/100|[from] item: Leftovers\n|upkeep\n|\n|t:|1700540633\n|switch|p2a: Rillaboom|Rillaboom, L50, F|100\/100\n|-fieldstart|move: Grassy Terrain|[from] ability: Grassy Surge|[of] p2a: Rillaboom\n|turn|5\n|\n|t:|1700540644\n|move|p1a: Annihilape|Protect|p1a: Annihilape\n|-singleturn|p1a: Annihilape|Protect\n|move|p2a: Rillaboom|Fake Out|p1b: Tornadus\n|-damage|p1b: Tornadus|83\/100\n|cant|p1b: Tornadus|flinch\n|move|p2b: Slowbro|Iron Defense|p2b: Slowbro\n|-boost|p2b: Slowbro|def|2\n|\n|-heal|p1a: Annihilape|61\/100|[from] Grassy Terrain\n|-heal|p1a: Annihilape|67\/100|[from] item: Leftovers\n|upkeep\n|turn|6\n|\n|t:|1700540667\n|-terastallize|p2a: Rillaboom|Fire\n|move|p1b: Tornadus|Bleakwind Storm|p2b: Slowbro|[spread] p2a,p2b\n|-damage|p2a: Rillaboom|76\/100\n|-damage|p2b: Slowbro|77\/100\n|move|p1a: Annihilape|Rage Fist|p2b: Slowbro\n|-supereffective|p2b: Slowbro\n|-damage|p2b: Slowbro|1\/100\n|move|p2a: Rillaboom|High Horsepower|p1a: Annihilape\n|-supereffective|p1a: Annihilape\n|-damage|p1a: Annihilape|22\/100\n|move|p2b: Slowbro|Psychic|p1a: Annihilape\n|-supereffective|p1a: Annihilape\n|-damage|p1a: Annihilape|0 fnt\n|faint|p1a: Annihilape\n|\n|-heal|p2a: Rillaboom|82\/100|[from] Grassy Terrain\n|-heal|p2b: Slowbro|7\/100|[from] Grassy Terrain\n|-heal|p2b: Slowbro|13\/100|[from] item: Leftovers\n|upkeep\n|c|\u2606Perjutsu545|GET THAT SHIT OUTTA HEREEEEEEE\n|\n|t:|1700540687\n|switch|p1a: Urshifu|Urshifu-Rapid-Strike, L50, F|100\/100\n|turn|7\n|\n|t:|1700540696\n|move|p2b: Slowbro|Protect|p2b: Slowbro\n|-singleturn|p2b: Slowbro|Protect\n|move|p2a: Rillaboom|Grassy Glide|p1a: Urshifu\n|-supereffective|p1a: Urshifu\n|-damage|p1a: Urshifu|20\/100\n|move|p1a: Urshifu|Surging Strikes|p2a: Rillaboom\n|-supereffective|p2a: Rillaboom\n|-crit|p2a: Rillaboom\n|-damage|p2a: Rillaboom|35\/100\n|-supereffective|p2a: Rillaboom\n|-crit|p2a: Rillaboom\n|-damage|p2a: Rillaboom|0 fnt\n|faint|p2a: Rillaboom\n|-hitcount|p2: Rillaboom|2\n|move|p1b: Tornadus|Bleakwind Storm|p2b: Slowbro\n|-activate|p2b: Slowbro|move: Protect\n|\n|-heal|p1a: Urshifu|26\/100|[from] Grassy Terrain\n|-heal|p2b: Slowbro|19\/100|[from] Grassy Terrain\n|-heal|p2b: Slowbro|25\/100|[from] item: Leftovers\n|upkeep\n|\n|t:|1700540711\n|switch|p2a: Gholdengo|Gholdengo, L50|100\/100\n|turn|8\n|\n|t:|1700540722\n|move|p1b: Tornadus|Rain Dance|p1b: Tornadus\n|-weather|RainDance\n|move|p1a: Urshifu|Surging Strikes|p2a: Gholdengo\n|-crit|p2a: Gholdengo\n|-damage|p2a: Gholdengo|64\/100\n|-crit|p2a: Gholdengo\n|-damage|p2a: Gholdengo|23\/100\n|-enditem|p2a: Gholdengo|Sitrus Berry|[eat]\n|-heal|p2a: Gholdengo|48\/100|[from] item: Sitrus Berry\n|-crit|p2a: Gholdengo\n|-damage|p2a: Gholdengo|8\/100\n|-hitcount|p2a: Gholdengo|3\n|move|p2a: Gholdengo|Make It Rain|p1a: Urshifu|[spread] p1a,p1b\n|-resisted|p1a: Urshifu\n|-damage|p1a: Urshifu|0 fnt\n|-damage|p1b: Tornadus|36\/100\n|-unboost|p2a: Gholdengo|spa|1\n|faint|p1a: Urshifu\n|move|p2b: Slowbro|Psychic|p1b: Tornadus\n|-damage|p1b: Tornadus|5\/100\n|-unboost|p1b: Tornadus|spd|1\n|\n|-weather|RainDance|[upkeep]\n|-heal|p2a: Gholdengo|14\/100|[from] Grassy Terrain\n|-heal|p2b: Slowbro|31\/100|[from] Grassy Terrain\n|-heal|p2b: Slowbro|37\/100|[from] item: Leftovers\n|upkeep\n|turn|9\n|\n|t:|1700540748\n|move|p2b: Slowbro|Protect|p2b: Slowbro\n|-singleturn|p2b: Slowbro|Protect\n|move|p1b: Tornadus|Bleakwind Storm|p2a: Gholdengo|[spread] p2a\n|-activate|p2b: Slowbro|move: Protect\n|-resisted|p2a: Gholdengo\n|-damage|p2a: Gholdengo|0 fnt\n|faint|p2a: Gholdengo\n|\n|-weather|RainDance|[upkeep]\n|-heal|p2b: Slowbro|43\/100|[from] Grassy Terrain\n|-heal|p2b: Slowbro|49\/100|[from] item: Leftovers\n|-fieldend|move: Grassy Terrain\n|upkeep\n|turn|10\n|\n|t:|1700540761\n|move|p1b: Tornadus|Bleakwind Storm|p2b: Slowbro\n|-damage|p2b: Slowbro|17\/100\n|move|p2b: Slowbro|Body Press|p1b: Tornadus\n|-resisted|p1b: Tornadus\n|-damage|p1b: Tornadus|0 fnt\n|faint|p1b: Tornadus\n|\n|win|Perjutsu545\n|raw|public neg's rating: 1090 &rarr; <strong>1073<\/strong><br \/>(-17 for losing)\n|raw|Perjutsu545's rating: 1186 &rarr; <strong>1204<\/strong><br \/>(+18 for winning)\n|raw|<div class=\"broadcast-red\"><b>The server is restarting soon.<\/b><br \/>Please finish your battles quickly. No new battles can be started until the server resets in a few minutes.<\/div>\n|c|\u2606Perjutsu545|GG\n|l|\u2606public neg\n","uploadtime":1700540781,"views":2,"p1id":"publicneg","p2id":"perjutsu545","formatid":"gen9vgc2023regulatione","rating":1073,"private":0,"password":""}