{"id":"gen9vgc2023regulatione-1988800574","p1":"HayPrime","p2":"hash brown enjoyer","format":"[Gen 9] VGC 2023 Regulation E","log":"|j|\u2606HayPrime\n|j|\u2606hash brown enjoyer\n|n|\u2606HayPrime|hayprime\n|n|\u2606hash brown enjoyer|hashbrownenjoyer\n|html|View the match progress at <a href=\"\/game-bestof3-gen9vgc2023regulatione-1988798591\">game-bestof3-gen9vgc2023regulatione-1988798591<\/a>\n|t:|1699764998\n|gametype|doubles\n|player|p1|HayPrime|170|\n|player|p2|hash brown enjoyer|ingo|\n|teamsize|p1|6\n|teamsize|p2|6\n|gen|9\n|tier|[Gen 9] VGC 2023 Regulation E\n|rule|Species Clause: Limit one of each Pok\u00e9mon\n|rule|Item Clause: Limit one of each item\n|clearpoke\n|poke|p1|Alomomola, L50, F|\n|poke|p1|Typhlosion, L50, M|\n|poke|p1|Wyrdeer, L50, M|\n|poke|p1|Muk-Alola, L50, F|\n|poke|p1|Yanmega, L50, F|\n|poke|p1|Skiploom, L50, M|\n|poke|p2|Morgrem, L50, M|\n|poke|p2|Lucario, L50, F|\n|poke|p2|Pyroar, L50, M|\n|poke|p2|Goodra, L50, F|\n|poke|p2|Decidueye-Hisui, L50, M|\n|poke|p2|Rabsca, L50, F|\n|teampreview|4\n|\n|t:|1699765071\n|start\n|switch|p1a: Wheredeer|Wyrdeer, L50, M|100\/100\n|switch|p1b: Gumbo|Yanmega, L50, F|100\/100\n|switch|p2a: Morgrem|Morgrem, L50, M|100\/100\n|switch|p2b: Pyroar|Pyroar, L50, M|100\/100\n|-ability|p2b: Pyroar|Unnerve\n|-ability|p1a: Wheredeer|Intimidate|boost\n|-unboost|p2a: Morgrem|atk|1\n|-unboost|p2b: Pyroar|atk|1\n|turn|1\n|\n|t:|1699765139\n|-terastallize|p2b: Pyroar|Rock\n|move|p1b: Gumbo|Protect|p1b: Gumbo\n|-singleturn|p1b: Gumbo|Protect\n|move|p1a: Wheredeer|Protect|p1a: Wheredeer\n|-singleturn|p1a: Wheredeer|Protect\n|move|p2a: Morgrem|Fake Out|p1a: Wheredeer\n|-activate|p1a: Wheredeer|move: Protect\n|move|p2b: Pyroar|Tera Blast|p1b: Gumbo|[anim] Tera Blast Rock\n|-activate|p1b: Gumbo|move: Protect\n|\n|-ability|p1b: Gumbo|Speed Boost|boost\n|-boost|p1b: Gumbo|spe|1\n|upkeep\n|turn|2\n|\n|t:|1699765185\n|-terastallize|p1a: Wheredeer|Ground\n|move|p2a: Morgrem|Light Screen|p2a: Morgrem\n|-sidestart|p2: hash brown enjoyer|move: Light Screen\n|move|p1b: Gumbo|Tailwind|p1b: Gumbo\n|-sidestart|p1: HayPrime|move: Tailwind\n|move|p1a: Wheredeer|Tera Blast|p2b: Pyroar|[anim] Tera Blast Ground\n|-supereffective|p2b: Pyroar\n|-damage|p2b: Pyroar|23\/100\n|move|p2b: Pyroar|Tera Blast|p1b: Gumbo|[anim] Tera Blast Rock\n|-supereffective|p1b: Gumbo\n|-damage|p1b: Gumbo|0 fnt\n|faint|p1b: Gumbo\n|\n|upkeep\n|\n|t:|1699765193\n|switch|p1b: Bob|Typhlosion, L50, M|100\/100\n|turn|3\n|\n|t:|1699765214\n|move|p2a: Morgrem|Parting Shot|p1b: Bob\n|-unboost|p1b: Bob|atk|1\n|-unboost|p1b: Bob|spa|1\n|\n|t:|1699765218\n|switch|p2a: Goodra|Goodra, L50, F|100\/100|[from] Parting Shot\n|move|p1b: Bob|Eruption|p2a: Goodra|[spread] p2a,p2b\n|-resisted|p2a: Goodra\n|-resisted|p2b: Pyroar\n|-damage|p2a: Goodra|95\/100\n|-damage|p2b: Pyroar|4\/100\n|move|p1a: Wheredeer|Tera Blast|p2a: Goodra|[anim] Tera Blast Ground\n|-damage|p2a: Goodra|82\/100\n|move|p2b: Pyroar|Tera Blast|p1b: Bob|[anim] Tera Blast Rock\n|-supereffective|p1b: Bob\n|-damage|p1b: Bob|0 fnt\n|faint|p1b: Bob\n|\n|upkeep\n|\n|t:|1699765226\n|switch|p1b: Applejacks|Muk-Alola, L50, F|100\/100\n|turn|4\n|\n|t:|1699765239\n|switch|p2b: Morgrem|Morgrem, L50, M|100\/100\n|move|p1a: Wheredeer|Tera Blast|p2b: Morgrem|[anim] Tera Blast Ground\n|-damage|p2b: Morgrem|63\/100\n|move|p1b: Applejacks|Gunk Shot|p2a: Goodra\n|-damage|p2a: Goodra|35\/100\n|-status|p2a: Goodra|psn\n|move|p2a: Goodra|Scald|p1a: Wheredeer\n|-supereffective|p1a: Wheredeer\n|-damage|p1a: Wheredeer|45\/100\n|-status|p1a: Wheredeer|brn\n|-enditem|p1a: Wheredeer|Sitrus Berry|[eat]\n|-heal|p1a: Wheredeer|70\/100 brn|[from] item: Sitrus Berry\n|\n|-damage|p2a: Goodra|23\/100 psn|[from] psn\n|-damage|p1a: Wheredeer|63\/100 brn|[from] brn\n|upkeep\n|turn|5\n|\n|t:|1699765276\n|move|p2b: Morgrem|Fake Out|p1b: Applejacks\n|-damage|p1b: Applejacks|95\/100\n|move|p1a: Wheredeer|Psychic|p2a: Goodra\n|-damage|p2a: Goodra|8\/100 psn\n|cant|p1b: Applejacks|flinch\n|move|p2a: Goodra|Scald|p1a: Wheredeer\n|-supereffective|p1a: Wheredeer\n|-damage|p1a: Wheredeer|10\/100 brn\n|\n|-heal|p1b: Applejacks|100\/100|[from] item: Leftovers\n|-damage|p2a: Goodra|0 fnt|[from] psn\n|faint|p2a: Goodra\n|-damage|p1a: Wheredeer|3\/100 brn|[from] brn\n|-sideend|p1: HayPrime|move: Tailwind\n|upkeep\n|\n|t:|1699765295\n|switch|p2a: Pyroar|Pyroar, L50, M, tera:Rock|4\/100\n|-ability|p2a: Pyroar|Unnerve\n|turn|6\n|\n|t:|1699765312\n|move|p1a: Wheredeer|Helping Hand|p1b: Applejacks\n|-singleturn|p1b: Applejacks|Helping Hand|[of] p1a: Wheredeer\n|move|p2b: Morgrem|Reflect|p2b: Morgrem\n|-sidestart|p2: hash brown enjoyer|Reflect\n|move|p2a: Pyroar|Tera Blast|p1b: Applejacks|[anim] Tera Blast Rock\n|-damage|p1b: Applejacks|57\/100\n|move|p1b: Applejacks|Drain Punch|p2a: Pyroar\n|-supereffective|p2a: Pyroar\n|-damage|p2a: Pyroar|0 fnt\n|-heal|p1b: Applejacks|58\/100|[from] drain|[of] p2a: Pyroar\n|faint|p2a: Pyroar\n|\n|-heal|p1b: Applejacks|64\/100|[from] item: Leftovers\n|-damage|p1a: Wheredeer|0 fnt|[from] brn\n|faint|p1a: Wheredeer\n|-ability|p1b: Applejacks|Intimidate|boost\n|-unboost|p2b: Morgrem|atk|1\n|-ability|p1b: Applejacks|Intimidate|[from] ability: Power of Alchemy|[of] p1a: Wheredeer\n|upkeep\n|\n|t:|1699765321\n|switch|p2a: Lucario|Lucario, L50, F|100\/100\n|turn|7\n|\n|t:|1699765336\n|move|p2b: Morgrem|Parting Shot|p1b: Applejacks\n|-hint|Since gen 7, Dark is immune to Prankster moves.\n|-immune|p1b: Applejacks\n|move|p2a: Lucario|Meteor Mash|p1b: Applejacks\n|-damage|p1b: Applejacks|0 fnt\n|faint|p1b: Applejacks\n|\n|win|hash brown enjoyer\n","uploadtime":1699765341,"views":39,"p1id":"hayprime","p2id":"hashbrownenjoyer","formatid":"gen9vgc2023regulatione","rating":0,"private":0,"password":""}