{"id":"gen9vgc2023regulatione-1997831330","p1":"ilza","p2":"Lithoriorm","format":"[Gen 9] VGC 2023 Regulation E","log":"|j|\u2606ilza\n|j|\u2606Lithoriorm\n|t:|1700857441\n|gametype|doubles\n|player|p1|ilza|fisherman-gen4|1340\n|player|p2|Lithoriorm|101|1339\n|teamsize|p1|6\n|teamsize|p2|6\n|gen|9\n|tier|[Gen 9] VGC 2023 Regulation E\n|rated|\n|rule|Species Clause: Limit one of each Pok\u00e9mon\n|rule|Item Clause: Limit one of each item\n|clearpoke\n|poke|p1|Arcanine-Hisui, L50, F|\n|poke|p1|Ogerpon-Wellspring, L50, F|\n|poke|p1|Iron Hands, L50|\n|poke|p1|Flutter Mane, L50|\n|poke|p1|Kingambit, L50, F|\n|poke|p1|Tornadus, L50, M|\n|poke|p2|Chi-Yu, L50|\n|poke|p2|Flutter Mane, L50|\n|poke|p2|Iron Hands, L50|\n|poke|p2|Tornadus, L50, M|\n|poke|p2|Arcanine-Hisui, L50, F|\n|poke|p2|Urshifu-*, L50, F|\n|teampreview|4\n|inactive|Battle timer is ON: inactive players will automatically lose when time's up. (requested by Lithoriorm)\nLithoriorm has agreed to open team sheets.\n|c|\u2606Lithoriorm|glhf\n|inactive|ilza has 60 seconds left.\n|\n|t:|1700857473\n|start\n|switch|p1a: Kingambit|Kingambit, L50, F, shiny|100\/100\n|switch|p1b: Tornadus|Tornadus, L50, M, shiny|100\/100\n|switch|p2a: Chi-Yu|Chi-Yu, L50|100\/100\n|switch|p2b: Tornadus|Tornadus, L50, M|100\/100\n|-ability|p2a: Chi-Yu|Beads of Ruin\n|turn|1\n|\n|t:|1700857486\n|switch|p1a: Ogerpon|Ogerpon-Wellspring, L50, F|100\/100\n|move|p1b: Tornadus|Taunt|p2b: Tornadus\n|-start|p2b: Tornadus|move: Taunt\n|cant|p2b: Tornadus|move: Taunt|Sunny Day\n|move|p2a: Chi-Yu|Heat Wave|p1b: Tornadus|[spread] p1a,p1b\n|-damage|p1a: Ogerpon|54\/100\n|-damage|p1b: Tornadus|50\/100\n|\n|upkeep\n|turn|2\n|\n|t:|1700857500\n|-terastallize|p1a: Ogerpon|Water\n|detailschange|p1a: Ogerpon|Ogerpon-Wellspring-Tera, L50, F, tera:Water\n|-ability|p1a: Ogerpon|Embody Aspect (Wellspring)|boost\n|-boost|p1a: Ogerpon|spd|1\n|move|p1b: Tornadus|Tailwind|p1b: Tornadus\n|-sidestart|p1: ilza|move: Tailwind\n|move|p1a: Ogerpon|Swords Dance|p1a: Ogerpon\n|-boost|p1a: Ogerpon|atk|2\n|move|p2a: Chi-Yu|Heat Wave|p1b: Tornadus|[spread] p1a\n|-miss|p2a: Chi-Yu|p1b: Tornadus\n|-resisted|p1a: Ogerpon\n|-damage|p1a: Ogerpon|38\/100\n|move|p2b: Tornadus|Bleakwind Storm|p1a: Ogerpon|[spread] p1b\n|-miss|p2b: Tornadus|p1a: Ogerpon\n|-damage|p1b: Tornadus|10\/100\n|\n|upkeep\n|turn|3\n|\n|t:|1700857522\n|move|p2a: Chi-Yu|Protect|p2a: Chi-Yu\n|-singleturn|p2a: Chi-Yu|Protect\n|move|p1b: Tornadus|Bleakwind Storm|p2b: Tornadus|[spread] \n|-activate|p2a: Chi-Yu|move: Protect\n|-miss|p1b: Tornadus|p2b: Tornadus\n|move|p1a: Ogerpon|Ivy Cudgel|p2a: Chi-Yu|[anim] Ivy Cudgel Water\n|-activate|p2a: Chi-Yu|move: Protect\n|move|p2b: Tornadus|Bleakwind Storm|p1b: Tornadus|[spread] p1a\n|-miss|p2b: Tornadus|p1b: Tornadus\n|-damage|p1a: Ogerpon|9\/100\n|\n|-end|p2b: Tornadus|move: Taunt\n|upkeep\n|turn|4\n|\n|t:|1700857539\n|move|p1b: Tornadus|Taunt|p2b: Tornadus\n|-start|p2b: Tornadus|move: Taunt\n|move|p1a: Ogerpon|Ivy Cudgel|p2a: Chi-Yu|[anim] Ivy Cudgel Water\n|-supereffective|p2a: Chi-Yu\n|-crit|p2a: Chi-Yu\n|-enditem|p2a: Chi-Yu|Focus Sash\n|-damage|p2a: Chi-Yu|1\/100\n|move|p2a: Chi-Yu|Dark Pulse|p1a: Ogerpon\n|-damage|p1a: Ogerpon|0 fnt\n|faint|p1a: Ogerpon\n|move|p2b: Tornadus|Bleakwind Storm|p1b: Tornadus|[miss]\n|-miss|p2b: Tornadus|p1b: Tornadus\n|\n|upkeep\n|\n|t:|1700857560\n|switch|p1a: Flutter Mane|Flutter Mane, L50, shiny|100\/100\n|-enditem|p1a: Flutter Mane|Booster Energy\n|-activate|p1a: Flutter Mane|ability: Protosynthesis|[fromitem]\n|-start|p1a: Flutter Mane|protosynthesisspa\n|turn|5\n|\n|t:|1700857569\n|move|p2a: Chi-Yu|Protect|p2a: Chi-Yu\n|-singleturn|p2a: Chi-Yu|Protect\n|move|p1a: Flutter Mane|Dazzling Gleam|p2a: Chi-Yu|[spread] p2b\n|-activate|p2a: Chi-Yu|move: Protect\n|-damage|p2b: Tornadus|36\/100\n|move|p1b: Tornadus|Bleakwind Storm|p2b: Tornadus|[spread] \n|-activate|p2a: Chi-Yu|move: Protect\n|-miss|p1b: Tornadus|p2b: Tornadus\n|move|p2b: Tornadus|Bleakwind Storm|p1b: Tornadus|[spread] p1b\n|-miss|p2b: Tornadus|p1a: Flutter Mane\n|-damage|p1b: Tornadus|0 fnt\n|faint|p1b: Tornadus\n|\n|-sideend|p1: ilza|move: Tailwind\n|upkeep\n|\n|t:|1700857578\n|switch|p1b: Kingambit|Kingambit, L50, F, shiny|100\/100\n|turn|6\n|\n|t:|1700857598\n|move|p1a: Flutter Mane|Dazzling Gleam|p2b: Tornadus|[spread] p2a,p2b\n|-crit|p2b: Tornadus\n|-damage|p2a: Chi-Yu|0 fnt\n|-damage|p2b: Tornadus|0 fnt\n|faint|p2a: Chi-Yu\n|faint|p2b: Tornadus\n|move|p1b: Kingambit|Swords Dance|p1b: Kingambit\n|-boost|p1b: Kingambit|atk|2\n|\n|upkeep\n|\n|t:|1700857601\n|switch|p2a: Flutter Mane|Flutter Mane, L50, shiny|100\/100\n|switch|p2b: Iron Hands|Iron Hands, L50, shiny|100\/100\n|-enditem|p2a: Flutter Mane|Booster Energy\n|-activate|p2a: Flutter Mane|ability: Protosynthesis|[fromitem]\n|-start|p2a: Flutter Mane|protosynthesisspe\n|turn|7\n|\n|t:|1700857619\n|move|p2a: Flutter Mane|Protect|p2a: Flutter Mane\n|-singleturn|p2a: Flutter Mane|Protect\n|move|p1b: Kingambit|Sucker Punch||[still]\n|-fail|p1b: Kingambit\n|move|p1a: Flutter Mane|Moonblast|p2b: Iron Hands\n|-supereffective|p2b: Iron Hands\n|-damage|p2b: Iron Hands|39\/100\n|move|p2b: Iron Hands|Drain Punch|p1b: Kingambit\n|-supereffective|p1b: Kingambit\n|-damage|p1b: Kingambit|0 fnt\n|-heal|p2b: Iron Hands|83\/100|[from] drain|[of] p1b: Kingambit\n|faint|p1b: Kingambit\n|\n|upkeep\n|turn|8\n|\n|t:|1700857633\n|-terastallize|p2a: Flutter Mane|Fairy\n|move|p2a: Flutter Mane|Moonblast|p1a: Flutter Mane\n|-damage|p1a: Flutter Mane|44\/100\n|-unboost|p1a: Flutter Mane|spa|1\n|move|p1a: Flutter Mane|Shadow Ball|p2a: Flutter Mane\n|-damage|p2a: Flutter Mane|65\/100\n|move|p2b: Iron Hands|Heavy Slam|p1a: Flutter Mane\n|-supereffective|p1a: Flutter Mane\n|-damage|p1a: Flutter Mane|0 fnt\n|faint|p1a: Flutter Mane\n|-end|p1a: Flutter Mane|Protosynthesis|[silent]\n|\n|win|Lithoriorm\n|raw|ilza's rating: 1340 &rarr; <strong>1320<\/strong><br \/>(-20 for losing)\n|raw|Lithoriorm's rating: 1339 &rarr; <strong>1359<\/strong><br \/>(+20 for winning)\n|c|\u2606Lithoriorm|gg\n|l|\u2606ilza\n","uploadtime":1700857647,"views":5,"p1id":"ilza","p2id":"lithoriorm","formatid":"gen9vgc2023regulatione","rating":1320,"private":0,"password":""}