{"id":"gen9vgc2023regulatione-1988447209","p1":"TheRealLudmilla","p2":"sobablue","format":"[Gen 9] VGC 2023 Regulation E","log":"|j|\u2606TheRealLudmilla\n|j|\u2606sobablue\n|t:|1699723913\n|gametype|doubles\n|player|p1|TheRealLudmilla|cowgirl|1115\n|player|p2|sobablue|lady-gen4|1115\n|teamsize|p1|6\n|teamsize|p2|6\n|gen|9\n|tier|[Gen 9] VGC 2023 Regulation E\n|rated|\n|rule|Species Clause: Limit one of each Pok\u00e9mon\n|rule|Item Clause: Limit one of each item\n|clearpoke\n|poke|p1|Breloom, L50, F|\n|poke|p1|Cresselia, L50, F|\n|poke|p1|Fezandipiti, L50, M|\n|poke|p1|Chien-Pao, L50|\n|poke|p1|Arcanine-Hisui, L50, F|\n|poke|p1|Iron Hands, L50|\n|poke|p2|Arcanine-Hisui, L50, F|\n|poke|p2|Gholdengo, L50|\n|poke|p2|Rillaboom, L50, M|\n|poke|p2|Urshifu-*, L50, M|\n|poke|p2|Tornadus, L50, M|\n|poke|p2|Chien-Pao, L50|\n|teampreview|4\n|\n|t:|1699723944\n|start\n|switch|p1a: Fezandipiti|Fezandipiti, L50, M|100\/100\n|switch|p1b: Arcanine|Arcanine-Hisui, L50, F|100\/100\n|switch|p2a: Arcanine|Arcanine-Hisui, L50, F, shiny|100\/100\n|switch|p2b: Chien-Pao|Chien-Pao, L50|100\/100\n|-ability|p2b: Chien-Pao|Sword of Ruin\n|-ability|p2a: Arcanine|Intimidate|boost\n|-unboost|p1a: Fezandipiti|atk|1\n|-unboost|p1b: Arcanine|atk|1\n|-ability|p1b: Arcanine|Intimidate|boost\n|-unboost|p2a: Arcanine|atk|1\n|-unboost|p2b: Chien-Pao|atk|1\n|turn|1\n|\n|t:|1699723974\n|switch|p1b: Cresselia|Cresselia, L50, F|100\/100\n|-terastallize|p1a: Fezandipiti|Dark\n|move|p2b: Chien-Pao|Protect|p2b: Chien-Pao\n|-singleturn|p2b: Chien-Pao|Protect\n|move|p2a: Arcanine|Rock Slide|p1b: Cresselia|[spread] p1b\n|-miss|p2a: Arcanine|p1a: Fezandipiti\n|-damage|p1b: Cresselia|81\/100\n|move|p1a: Fezandipiti|Icy Wind|p2b: Chien-Pao|[spread] p2a\n|-activate|p2b: Chien-Pao|move: Protect\n|-resisted|p2a: Arcanine\n|-damage|p2a: Arcanine|85\/100\n|-unboost|p2a: Arcanine|spe|1\n|\n|-heal|p1b: Cresselia|87\/100|[from] item: Leftovers\n|upkeep\n|turn|2\n|\n|t:|1699724012\n|switch|p2a: Gholdengo|Gholdengo, L50|100\/100\n|move|p2b: Chien-Pao|Sacred Sword|p1a: Fezandipiti\n|-supereffective|p1a: Fezandipiti\n|-damage|p1a: Fezandipiti|35\/100\n|move|p1a: Fezandipiti|Icy Wind|p2b: Chien-Pao|[spread] p2a,p2b\n|-resisted|p2a: Gholdengo\n|-resisted|p2b: Chien-Pao\n|-damage|p2a: Gholdengo|89\/100\n|-damage|p2b: Chien-Pao|82\/100\n|-unboost|p2a: Gholdengo|spe|1\n|-unboost|p2b: Chien-Pao|spe|1\n|move|p1b: Cresselia|Calm Mind|p1b: Cresselia\n|-boost|p1b: Cresselia|spa|1\n|-boost|p1b: Cresselia|spd|1\n|\n|-heal|p1b: Cresselia|93\/100|[from] item: Leftovers\n|-heal|p2a: Gholdengo|95\/100|[from] item: Leftovers\n|upkeep\n|turn|3\n|\n|t:|1699724046\n|switch|p1a: Iron Hands|Iron Hands, L50|100\/100\n|-enditem|p1a: Iron Hands|Booster Energy\n|-activate|p1a: Iron Hands|ability: Quark Drive|[fromitem]\n|-start|p1a: Iron Hands|quarkdriveatk\n|move|p2b: Chien-Pao|Icicle Crash|p1b: Cresselia\n|-damage|p1b: Cresselia|71\/100\n|move|p1b: Cresselia|Calm Mind|p1b: Cresselia\n|-boost|p1b: Cresselia|spa|1\n|-boost|p1b: Cresselia|spd|1\n|move|p2a: Gholdengo|Nasty Plot|p2a: Gholdengo\n|-boost|p2a: Gholdengo|spa|2\n|\n|-heal|p1b: Cresselia|78\/100|[from] item: Leftovers\n|-heal|p2a: Gholdengo|100\/100|[from] item: Leftovers\n|upkeep\n|turn|4\n|\n|t:|1699724077\n|switch|p2b: Arcanine|Arcanine-Hisui, L50, F, shiny|85\/100\n|-ability|p2b: Arcanine|Intimidate|boost\n|-unboost|p1a: Iron Hands|atk|1\n|-unboost|p1b: Cresselia|atk|1\n|move|p1a: Iron Hands|Fake Out|p2b: Arcanine\n|-resisted|p2b: Arcanine\n|-damage|p2b: Arcanine|77\/100\n|move|p1b: Cresselia|Lunar Blessing|p1b: Cresselia|[spread] p1a,p1b\n|-heal|p1b: Cresselia|100\/100\n|move|p2a: Gholdengo|Shadow Ball|p1b: Cresselia\n|-supereffective|p1b: Cresselia\n|-damage|p1b: Cresselia|48\/100\n|\n|-heal|p1b: Cresselia|54\/100|[from] item: Leftovers\n|upkeep\n|turn|5\n|\n|t:|1699724105\n|switch|p2b: Rillaboom|Rillaboom, L50, M|100\/100\n|-fieldstart|move: Grassy Terrain|[from] ability: Grassy Surge|[of] p2b: Rillaboom\n|-end|p1a: Iron Hands|Quark Drive|[silent]\n|switch|p1a: Fezandipiti|Fezandipiti, L50, M, tera:Dark|35\/100\n|move|p1b: Cresselia|Stored Power|p2b: Rillaboom\n|-damage|p2b: Rillaboom|51\/100\n|move|p2a: Gholdengo|Nasty Plot|p2a: Gholdengo\n|-boost|p2a: Gholdengo|spa|2\n|\n|-heal|p2b: Rillaboom|57\/100|[from] Grassy Terrain\n|-heal|p1a: Fezandipiti|41\/100|[from] Grassy Terrain\n|-heal|p1b: Cresselia|60\/100|[from] item: Leftovers\n|upkeep\n|turn|6\n|\n|t:|1699724132\n|switch|p1a: Arcanine|Arcanine-Hisui, L50, F|100\/100\n|-ability|p1a: Arcanine|Intimidate|boost\n|-unboost|p2a: Gholdengo|atk|1\n|-unboost|p2b: Rillaboom|atk|1\n|move|p2b: Rillaboom|Fake Out|p1b: Cresselia\n|-damage|p1b: Cresselia|54\/100\n|cant|p1b: Cresselia|flinch\n|move|p2a: Gholdengo|Shadow Ball|p1b: Cresselia\n|-supereffective|p1b: Cresselia\n|-damage|p1b: Cresselia|0 fnt\n|faint|p1b: Cresselia\n|\n|-heal|p2b: Rillaboom|62\/100|[from] Grassy Terrain\n|upkeep\n|\n|t:|1699724144\n|switch|p1b: Fezandipiti|Fezandipiti, L50, M, tera:Dark|41\/100\n|turn|7\n|\n|t:|1699724155\n|switch|p2b: Arcanine|Arcanine-Hisui, L50, F, shiny|77\/100\n|-ability|p2b: Arcanine|Intimidate|boost\n|-unboost|p1a: Arcanine|atk|1\n|-unboost|p1b: Fezandipiti|atk|1\n|switch|p1a: Iron Hands|Iron Hands, L50|100\/100\n|move|p2a: Gholdengo|Protect|p2a: Gholdengo\n|-singleturn|p2a: Gholdengo|Protect\n|move|p1b: Fezandipiti|Icy Wind|p2a: Gholdengo|[spread] p2b\n|-activate|p2a: Gholdengo|move: Protect\n|-resisted|p2b: Arcanine\n|-damage|p2b: Arcanine|62\/100\n|-unboost|p2b: Arcanine|spe|1\n|\n|-heal|p1b: Fezandipiti|47\/100|[from] Grassy Terrain\n|-heal|p2b: Arcanine|68\/100|[from] Grassy Terrain\n|upkeep\n|turn|8\n|\n|t:|1699724181\n|switch|p2b: Rillaboom|Rillaboom, L50, M|62\/100\n|-terastallize|p2a: Gholdengo|Dragon\n|move|p1b: Fezandipiti|Icy Wind|p2a: Gholdengo|[spread] p2a,p2b\n|-supereffective|p2a: Gholdengo\n|-supereffective|p2b: Rillaboom\n|-damage|p2a: Gholdengo|48\/100\n|-damage|p2b: Rillaboom|19\/100\n|-unboost|p2a: Gholdengo|spe|1\n|-unboost|p2b: Rillaboom|spe|1\n|move|p1a: Iron Hands|Thunder Punch|p2a: Gholdengo\n|-resisted|p2a: Gholdengo\n|-damage|p2a: Gholdengo|28\/100\n|move|p2a: Gholdengo|Make It Rain|p1b: Fezandipiti|[spread] p1a,p1b\n|-resisted|p1a: Iron Hands\n|-crit|p1a: Iron Hands\n|-crit|p1b: Fezandipiti\n|-damage|p1a: Iron Hands|13\/100\n|-damage|p1b: Fezandipiti|0 fnt\n|-unboost|p2a: Gholdengo|spa|1\n|faint|p1b: Fezandipiti\n|\n|-heal|p2b: Rillaboom|24\/100|[from] Grassy Terrain\n|-heal|p1a: Iron Hands|19\/100|[from] Grassy Terrain\n|-heal|p2a: Gholdengo|34\/100|[from] Grassy Terrain\n|-heal|p2a: Gholdengo|40\/100|[from] item: Leftovers\n|upkeep\n|\n|t:|1699724208\n|switch|p1b: Arcanine|Arcanine-Hisui, L50, F|100\/100\n|-ability|p1b: Arcanine|Intimidate|boost\n|-unboost|p2a: Gholdengo|atk|1\n|-unboost|p2b: Rillaboom|atk|1\n|turn|9\n|\n|t:|1699724227\n|move|p2b: Rillaboom|Fake Out|p1b: Arcanine\n|-resisted|p1b: Arcanine\n|-damage|p1b: Arcanine|95\/100\n|cant|p1b: Arcanine|flinch\n|move|p1a: Iron Hands|Thunder Punch|p2a: Gholdengo\n|-resisted|p2a: Gholdengo\n|-damage|p2a: Gholdengo|19\/100\n|-status|p2a: Gholdengo|par\n|move|p2a: Gholdengo|Make It Rain|p1a: Iron Hands|[spread] p1a,p1b\n|-resisted|p1a: Iron Hands\n|-damage|p1a: Iron Hands|0 fnt\n|-damage|p1b: Arcanine|0 fnt\n|-unboost|p2a: Gholdengo|spa|1\n|faint|p1a: Iron Hands\n|-end|p1a: Iron Hands|Quark Drive|[silent]\n|faint|p1b: Arcanine\n|\n|win|sobablue\n|raw|TheRealLudmilla's rating: 1115 &rarr; <strong>1090<\/strong><br \/>(-25 for losing)\n|raw|sobablue's rating: 1115 &rarr; <strong>1140<\/strong><br \/>(+25 for winning)\n|l|\u2606TheRealLudmilla\n","uploadtime":1699724250,"views":38,"p1id":"therealludmilla","p2id":"sobablue","formatid":"gen9vgc2023regulatione","rating":1090,"private":0,"password":""}