{"id":"gen9vgc2023regulatione-1992185878","p1":"Mr.Bimble","p2":"Ozwald McFly","format":"[Gen 9] VGC 2023 Regulation E","log":"|j|\u2606Mr.Bimble\n|j|\u2606Ozwald McFly\n|t:|1700162106\n|gametype|doubles\n|player|p1|Mr.Bimble|gentleman-gen4|1305\n|player|p2|Ozwald McFly|170|1295\n|teamsize|p1|6\n|teamsize|p2|6\n|gen|9\n|tier|[Gen 9] VGC 2023 Regulation E\n|rated|\n|rule|Species Clause: Limit one of each Pok\u00e9mon\n|rule|Item Clause: Limit one of each item\n|clearpoke\n|poke|p1|Sableye, L50, M|\n|poke|p1|Scizor, L50, M|\n|poke|p1|Flutter Mane, L50|\n|poke|p1|Landorus-Therian, L50, M|\n|poke|p1|Inteleon, L50, M|\n|poke|p1|Kingambit, L50, M|\n|poke|p2|Noctowl, L50, F|\n|poke|p2|Sandy Shocks, L50|\n|poke|p2|Espeon, L50, F|\n|poke|p2|Indeedee-F, L50, F|\n|poke|p2|Iron Hands, L50|\n|poke|p2|Decidueye-Hisui, L50, M|\n|teampreview|4\nMr.Bimble rejected open team sheets.\n|\n|t:|1700162148\n|start\n|switch|p1a: Delphi|Flutter Mane, L50|100\/100\n|switch|p1b: Cheetos|Landorus-Therian, L50, M, shiny|100\/100\n|switch|p2a: Decidueye|Decidueye-Hisui, L50, M, shiny|100\/100\n|switch|p2b: Indeedee|Indeedee-F, L50, F|100\/100\n|-ability|p1b: Cheetos|Intimidate|boost\n|-fail|p2a: Decidueye|unboost|Attack|[from] ability: Scrappy|[of] p2a: Decidueye\n|-unboost|p2b: Indeedee|atk|1\n|-fieldstart|move: Psychic Terrain|[from] ability: Psychic Surge|[of] p2b: Indeedee\n|-enditem|p1a: Delphi|Booster Energy\n|-activate|p1a: Delphi|ability: Protosynthesis|[fromitem]\n|-start|p1a: Delphi|protosynthesisspa\n|turn|1\n|inactive|Battle timer is ON: inactive players will automatically lose when time's up. (requested by Mr.Bimble)\n|\n|t:|1700162169\n|-terastallize|p1b: Cheetos|Flying\n|move|p2a: Decidueye|Protect|p2a: Decidueye\n|-singleturn|p2a: Decidueye|Protect\n|move|p1b: Cheetos|Tera Blast|p2a: Decidueye|[anim] Tera Blast Flying\n|-activate|p2a: Decidueye|move: Protect\n|move|p1a: Delphi|Dazzling Gleam|p2a: Decidueye|[spread] p2b\n|-activate|p2a: Decidueye|move: Protect\n|-damage|p2b: Indeedee|63\/100\n|move|p2b: Indeedee|Trick Room|p2b: Indeedee\n|-fieldstart|move: Trick Room|[of] p2b: Indeedee\n|\n|upkeep\n|turn|2\n|inactive|Ozwald McFly has 30 seconds left.\n|inactive|Ozwald McFly has 20 seconds left.\n|\n|t:|1700162207\n|-terastallize|p2a: Decidueye|Fighting\n|move|p2b: Indeedee|Follow Me|p2b: Indeedee\n|-singleturn|p2b: Indeedee|move: Follow Me\n|move|p2a: Decidueye|Leaf Blade|p1a: Delphi\n|-damage|p1a: Delphi|0 fnt\n|faint|p1a: Delphi\n|-end|p1a: Delphi|Protosynthesis|[silent]\n|move|p1b: Cheetos|Tera Blast|p2b: Indeedee|[anim] Tera Blast Flying\n|-damage|p2b: Indeedee|0 fnt\n|faint|p2b: Indeedee\n|\n|upkeep\n|\n|t:|1700162219\n|switch|p2b: Iron Hands|Iron Hands, L50|100\/100\n|switch|p1a: Golden-eye|Sableye, L50, M, shiny|100\/100\n|turn|3\n|\n|t:|1700162234\n|move|p2b: Iron Hands|Wild Charge|p1b: Cheetos\n|-supereffective|p1b: Cheetos\n|-damage|p1b: Cheetos|0 fnt\n|faint|p1b: Cheetos\n|-damage|p2b: Iron Hands|83\/100|[from] Recoil\n|move|p2a: Decidueye|Triple Arrows|p1a: Golden-eye\n|-supereffective|p1a: Golden-eye\n|-crit|p1a: Golden-eye\n|-damage|p1a: Golden-eye|0 fnt\n|faint|p1a: Golden-eye\n|\n|upkeep\n|\n|t:|1700162242\n|switch|p1b: Jimmy B.|Inteleon, L50, M|100\/100\n|turn|4\n|\n|t:|1700162249\n|move|p1b: Jimmy B.|Protect|p1b: Jimmy B.\n|-singleturn|p1b: Jimmy B.|Protect\n|move|p2b: Iron Hands|Wild Charge|p1b: Jimmy B.\n|-activate|p1b: Jimmy B.|move: Protect\n|move|p2a: Decidueye|Leaf Blade|p1b: Jimmy B.\n|-activate|p1b: Jimmy B.|move: Protect\n|\n|upkeep\n|turn|5\n|\n|t:|1700162260\n|move|p1b: Jimmy B.|Protect|p1b: Jimmy B.\n|-singleturn|p1b: Jimmy B.|Protect\n|move|p2b: Iron Hands|Wild Charge|p1b: Jimmy B.\n|-activate|p1b: Jimmy B.|move: Protect\n|move|p2a: Decidueye|Triple Arrows|p1b: Jimmy B.\n|-activate|p1b: Jimmy B.|move: Protect\n|\n|-fieldend|move: Trick Room\n|-fieldend|move: Psychic Terrain\n|upkeep\n|turn|6\n|\n|t:|1700162272\n|move|p1b: Jimmy B.|Snipe Shot|p2a: Decidueye\n|-damage|p2a: Decidueye|56\/100\n|move|p2a: Decidueye|Leaf Blade|p1b: Jimmy B.\n|-supereffective|p1b: Jimmy B.\n|-crit|p1b: Jimmy B.\n|-damage|p1b: Jimmy B.|0 fnt\n|faint|p1b: Jimmy B.\n|\n|win|Ozwald McFly\n|raw|Mr.Bimble's rating: 1305 &rarr; <strong>1284<\/strong><br \/>(-21 for losing)\n|raw|Ozwald McFly's rating: 1295 &rarr; <strong>1321<\/strong><br \/>(+26 for winning)\n|l|\u2606Mr.Bimble\n","uploadtime":1700162285,"views":20,"p1id":"mrbimble","p2id":"ozwaldmcfly","formatid":"gen9vgc2023regulatione","rating":1284,"private":0,"password":""}