{"id":"gen9vgc2023regulatione-1989416741","p1":"Lab Gamer","p2":"mofonguero","format":"[Gen 9] VGC 2023 Regulation E","log":"|j|\u2606Lab Gamer\n|j|\u2606mofonguero\n|n|\u2606Lab Gamer|labgamer\n|n|\u2606mofonguero|mofonguero\n|html|View the match progress at <a href=\"\/game-bestof3-gen9vgc2023regulatione-1989409688\">game-bestof3-gen9vgc2023regulatione-1989409688<\/a>\n|t:|1699847492\n|gametype|doubles\n|player|p1|Lab Gamer|roark|\n|player|p2|mofonguero|waiter|\n|teamsize|p1|6\n|teamsize|p2|6\n|gen|9\n|tier|[Gen 9] VGC 2023 Regulation E\n|rule|Species Clause: Limit one of each Pok\u00e9mon\n|rule|Item Clause: Limit one of each item\n|clearpoke\n|poke|p1|Ogerpon-Wellspring, L50, F|\n|poke|p1|Rillaboom, L50, F|\n|poke|p1|Heatran, L50, M|\n|poke|p1|Kommo-o, L50, M|\n|poke|p1|Farigiraf, L50, F|\n|poke|p1|Landorus-Therian, L50, M|\n|poke|p2|Ninetales-Alola, L50, M|\n|poke|p2|Baxcalibur, L50, M|\n|poke|p2|Rillaboom, L50, F|\n|poke|p2|Ogerpon-Wellspring, L50, F|\n|poke|p2|Heatran, L50, F|\n|poke|p2|Flutter Mane, L50|\n|teampreview|4\n|inactive|Battle timer is ON: inactive players will automatically lose when time's up. (requested by mofonguero)\nLab Gamer has agreed to open team sheets.\nmofonguero has agreed to open team sheets.\n|showteam|p1|Ogerpon-Wellspring||WellspringMask|WaterAbsorb|IvyCudgel,HornLeech,FollowMe,SpikyShield|||F|||50|,,,,,Water]Rillaboom||AssaultVest|GrassySurge|GrassyGlide,Uturn,HighHorsepower,FakeOut|||F|||50|,,,,,Fire]Heatran||Leftovers|FlashFire|MagmaStorm,EarthPower,WillOWisp,Protect|||M|||50|,,,,,Fairy]Kommo-o||GrassySeed|Bulletproof|IronHead,BodyPress,IronDefense,Protect|||M|||50|,,,,,Steel]Farigiraf||SitrusBerry|ArmorTail|DazzlingGleam,Psychic,NastyPlot,TrickRoom|||F|||50|,,,,,Fairy]Landorus-Therian||ChoiceScarf|Intimidate|StompingTantrum,TeraBlast,RockSlide,Uturn|||M|||50|,,,,,Flying\n|showteam|p2|Ninetales-Alola||LightClay|SnowWarning|Protect,IcyWind,AuroraVeil,Moonblast|||M|||50|,,,,,Water]Baxcalibur||LoadedDice|IceBody|IcicleSpear,ScaleShot,SwordsDance,Protect|||M|||50|,,,,,Poison]Rillaboom||AssaultVest|GrassySurge|WoodHammer,FakeOut,GrassyGlide,Uturn|||F|||50|,,,,,Fire]Ogerpon-Wellspring||WellspringMask|WaterAbsorb|IvyCudgel,HornLeech,FollowMe,SpikyShield|||F|||50|,,,,,Water]Heatran||Leftovers|FlashFire|Protect,HeatWave,Substitute,EarthPower|||F|||50|,,,,,Fairy]Flutter Mane||BoosterEnergy|Protosynthesis|IcyWind,Moonblast,ShadowBall,Protect||||||50|,,,,,Fairy\n|inactive|Lab Gamer has 30 seconds left.\n|inactive|mofonguero has 30 seconds left.\n|inactive|Lab Gamer has 20 seconds left.\n|inactive|mofonguero has 20 seconds left.\n|inactive|Lab Gamer has 15 seconds left.\n|inactive|mofonguero has 15 seconds left.\n|inactive|Lab Gamer has 10 seconds left.\n|\n|t:|1699847544\n|start\n|switch|p1a: Heatran|Heatran, L50, M|100\/100\n|switch|p1b: Ogerpon|Ogerpon-Wellspring, L50, F|100\/100\n|switch|p2a: Baxcalibur|Baxcalibur, L50, M|100\/100\n|switch|p2b: Rillaboom|Rillaboom, L50, F|100\/100\n|-fieldstart|move: Grassy Terrain|[from] ability: Grassy Surge|[of] p2b: Rillaboom\n|turn|1\n|inactive|Lab Gamer has 30 seconds left.\n|inactive|Lab Gamer has 20 seconds left.\n|inactive|Lab Gamer has 15 seconds left.\n|inactive|Lab Gamer has 10 seconds left.\n|\n|t:|1699847594\n|switch|p2b: Ninetales|Ninetales-Alola, L50, M|100\/100\n|-weather|Snow|[from] ability: Snow Warning|[of] p2b: Ninetales\n|move|p1b: Ogerpon|Spiky Shield|p1b: Ogerpon\n|-singleturn|p1b: Ogerpon|move: Protect\n|move|p2a: Baxcalibur|Swords Dance|p2a: Baxcalibur\n|-boost|p2a: Baxcalibur|atk|2\n|move|p1a: Heatran|Will-O-Wisp|p2a: Baxcalibur\n|-status|p2a: Baxcalibur|brn\n|\n|-weather|Snow|[upkeep]\n|-damage|p2a: Baxcalibur|94\/100 brn|[from] brn\n|upkeep\n|turn|2\n|inactive|Lab Gamer has 30 seconds left.\n|inactive|Lab Gamer has 20 seconds left.\n|inactive|Lab Gamer has 15 seconds left.\n|inactive|Lab Gamer has 10 seconds left.\n|inactive|Lab Gamer has 5 seconds left.\n|\n|t:|1699847647\n|move|p2b: Ninetales|Aurora Veil|p2b: Ninetales\n|-sidestart|p2: mofonguero|move: Aurora Veil\n|move|p1b: Ogerpon|Ivy Cudgel|p2a: Baxcalibur\n|-resisted|p2a: Baxcalibur\n|-damage|p2a: Baxcalibur|83\/100 brn\n|move|p2a: Baxcalibur|Swords Dance|p2a: Baxcalibur\n|-boost|p2a: Baxcalibur|atk|2\n|move|p1a: Heatran|Magma Storm|p2a: Baxcalibur\n|-damage|p2a: Baxcalibur|51\/100 brn\n|-activate|p2a: Baxcalibur|move: Magma Storm|[of] p1a: Heatran\n|\n|-weather|Snow|[upkeep]\n|-heal|p2a: Baxcalibur|58\/100 brn|[from] ability: Ice Body\n|-heal|p2a: Baxcalibur|64\/100 brn|[from] Grassy Terrain\n|-damage|p2a: Baxcalibur|58\/100 brn|[from] brn\n|-damage|p2a: Baxcalibur|45\/100 brn|[from] move: Magma Storm|[partiallytrapped]\n|upkeep\n|turn|3\n|\n|t:|1699847671\n|switch|p2b: Heatran|Heatran, L50, F|100\/100\n|move|p2a: Baxcalibur|Protect|p2a: Baxcalibur\n|-singleturn|p2a: Baxcalibur|Protect\n|move|p1b: Ogerpon|Ivy Cudgel|p2a: Baxcalibur\n|-activate|p2a: Baxcalibur|move: Protect\n|move|p1a: Heatran|Magma Storm|p2a: Baxcalibur\n|-activate|p2a: Baxcalibur|move: Protect\n|\n|-weather|Snow|[upkeep]\n|-heal|p2a: Baxcalibur|51\/100 brn|[from] ability: Ice Body\n|-heal|p2a: Baxcalibur|58\/100 brn|[from] Grassy Terrain\n|-damage|p2a: Baxcalibur|51\/100 brn|[from] brn\n|-damage|p2a: Baxcalibur|39\/100 brn|[from] move: Magma Storm|[partiallytrapped]\n|upkeep\n|turn|4\n|inactive|Lab Gamer has 30 seconds left.\n|inactive|mofonguero has 30 seconds left.\n|inactive|Lab Gamer has 20 seconds left.\n|inactive|Lab Gamer has 15 seconds left.\n|inactive|mofonguero has 20 seconds left.\n|\n|t:|1699847715\n|move|p1b: Ogerpon|Follow Me|p1b: Ogerpon\n|-singleturn|p1b: Ogerpon|move: Follow Me\n|move|p2a: Baxcalibur|Icicle Spear|p1b: Ogerpon\n|-damage|p1b: Ogerpon|79\/100\n|-damage|p1b: Ogerpon|58\/100\n|-damage|p1b: Ogerpon|38\/100\n|-damage|p1b: Ogerpon|18\/100\n|-damage|p1b: Ogerpon|0 fnt\n|faint|p1b: Ogerpon\n|-hitcount|p1: Ogerpon|5\n|move|p2b: Heatran|Earth Power|p1a: Heatran\n|-supereffective|p1a: Heatran\n|-damage|p1a: Heatran|0 fnt\n|faint|p1a: Heatran\n|\n|-weather|Snow|[upkeep]\n|-heal|p2a: Baxcalibur|45\/100 brn|[from] ability: Ice Body\n|-heal|p2a: Baxcalibur|51\/100 brn|[from] Grassy Terrain\n|-damage|p2a: Baxcalibur|45\/100 brn|[from] brn\n|-end|p2a: Baxcalibur|Magma Storm|[partiallytrapped]|[silent]\n|upkeep\n|\n|t:|1699847730\n|switch|p1b: Rillaboom|Rillaboom, L50, F|100\/100\n|switch|p1a: Kommo-o|Kommo-o, L50, M|100\/100\n|-enditem|p1a: Kommo-o|Grassy Seed\n|-boost|p1a: Kommo-o|def|1|[from] item: Grassy Seed\n|turn|5\n|inactive|Lab Gamer has 30 seconds left.\n|inactive|mofonguero has 30 seconds left.\n|\n|t:|1699847762\n|-terastallize|p1a: Kommo-o|Steel\n|move|p1b: Rillaboom|Fake Out|p2a: Baxcalibur\n|-damage|p2a: Baxcalibur|40\/100 brn\n|cant|p2a: Baxcalibur|flinch\n|move|p2b: Heatran|Heat Wave|p1b: Rillaboom|[spread] p1a\n|-miss|p2b: Heatran|p1b: Rillaboom\n|-supereffective|p1a: Kommo-o\n|-damage|p1a: Kommo-o|19\/100\n|-status|p1a: Kommo-o|brn\n|move|p1a: Kommo-o|Iron Head|p2b: Heatran\n|-resisted|p2b: Heatran\n|-damage|p2b: Heatran|98\/100\n|\n|-weather|none\n|-heal|p2a: Baxcalibur|46\/100 brn|[from] Grassy Terrain\n|-heal|p2b: Heatran|100\/100|[from] Grassy Terrain\n|-heal|p1a: Kommo-o|25\/100 brn|[from] Grassy Terrain\n|-damage|p2a: Baxcalibur|40\/100 brn|[from] brn\n|-damage|p1a: Kommo-o|19\/100 brn|[from] brn\n|-fieldend|move: Grassy Terrain\n|upkeep\n|turn|6\n|\n|t:|1699847776\n|move|p2a: Baxcalibur|Icicle Spear|p1b: Rillaboom\n|-supereffective|p1b: Rillaboom\n|-damage|p1b: Rillaboom|63\/100\n|-supereffective|p1b: Rillaboom\n|-damage|p1b: Rillaboom|25\/100\n|-supereffective|p1b: Rillaboom\n|-damage|p1b: Rillaboom|0 fnt\n|faint|p1b: Rillaboom\n|-hitcount|p1: Rillaboom|3\n|move|p2b: Heatran|Heat Wave|p1a: Kommo-o\n|-supereffective|p1a: Kommo-o\n|-damage|p1a: Kommo-o|0 fnt\n|faint|p1a: Kommo-o\n|\n|win|mofonguero\n|c|\u2606Lab Gamer|Gg\n","uploadtime":1699847825,"views":27,"p1id":"labgamer","p2id":"mofonguero","formatid":"gen9vgc2023regulatione","rating":0,"private":0,"password":""}