{"id":"gen9vgc2023regulatione-1989409786","p1":"Disobedient_vgc","p2":"JeanRyuPR","format":"[Gen 9] VGC 2023 Regulation E","log":"|j|\u2606Disobedient_vgc\n|j|\u2606JeanRyuPR\n|n|\u2606Disobedient_vgc|disobedientvgc\n|n|\u2606JeanRyuPR|jeanryupr\n|html|View the match progress at <a href=\"\/game-bestof3-gen9vgc2023regulatione-1989409785\">game-bestof3-gen9vgc2023regulatione-1989409785<\/a>\n|t:|1699846600\n|gametype|doubles\n|player|p1|Disobedient_vgc|shadowtriad|\n|player|p2|JeanRyuPR|lance|\n|teamsize|p1|6\n|teamsize|p2|6\n|gen|9\n|tier|[Gen 9] VGC 2023 Regulation E\n|rule|Species Clause: Limit one of each Pok\u00e9mon\n|rule|Item Clause: Limit one of each item\n|clearpoke\n|poke|p1|Dusclops, L50, F|\n|poke|p1|Ursaluna-Bloodmoon, L50, M|\n|poke|p1|Ogerpon-Wellspring, L50, F|\n|poke|p1|Chi-Yu, L50|\n|poke|p1|Iron Hands, L50|\n|poke|p1|Landorus-Therian, L50, M|\n|poke|p2|Ogerpon-Wellspring, L50, F|\n|poke|p2|Farigiraf, L50, M|\n|poke|p2|Roaring Moon, L50|\n|poke|p2|Landorus-Therian, L50, M|\n|poke|p2|Rillaboom, L50, M|\n|poke|p2|Heatran, L50, M|\n|teampreview|4\nDisobedient_vgc has agreed to open team sheets.\nJeanRyuPR has agreed to open team sheets.\n|showteam|p1|Dusclops||Eviolite|Pressure|BrickBreak,WillOWisp,PainSplit,TrickRoom|||F|||50|,,,,,Dark]Ursaluna-Bloodmoon||WeaknessPolicy|MindsEye|HyperVoice,BloodMoon,EarthPower,Protect|||M|||50|,,,,,Normal]Ogerpon-Wellspring||WellspringMask|WaterAbsorb|IvyCudgel,HornLeech,FollowMe,SpikyShield|||F|||50|,,,,,Water]Chi-Yu||ChoiceSpecs|BeadsofRuin|HeatWave,Overheat,DarkPulse,Snarl||||||50|,,,,,Ghost]Iron Hands||AssaultVest|QuarkDrive|FakeOut,WildCharge,DrainPunch,HeavySlam||||||50|,,,,,Fire]Landorus-Therian||ChoiceScarf|Intimidate|RockSlide,StompingTantrum,Uturn,TeraBlast|||M|||50|,,,,,Flying\n|showteam|p2|Ogerpon-Wellspring||WellspringMask|WaterAbsorb|IvyCudgel,SpikyShield,HornLeech,SwordsDance|||F|||50|,,,,,Water]Farigiraf||SitrusBerry|ArmorTail|NastyPlot,HyperVoice,Imprison,TrickRoom|||M|||50|,,,,,Normal]Roaring Moon||BoosterEnergy|Protosynthesis|KnockOff,Tailwind,Protect,BreakingSwipe||||||50|,,,,,Poison]Landorus-Therian||ChoiceScarf|Intimidate|Uturn,RockSlide,TeraBlast,StompingTantrum|||M|||50|,,,,,Flying]Rillaboom||AssaultVest|GrassySurge|WoodHammer,FakeOut,Uturn,KnockOff|||M|||50|,,,,,Fire]Heatran||LifeOrb|FlashFire|HeatWave,FlashCannon,WillOWisp,Protect|||M|||50|,,,,,Fairy\n|\n|t:|1699846649\n|start\n|switch|p1a: Dusclops|Dusclops, L50, F|100\/100\n|switch|p1b: Ursaluna|Ursaluna-Bloodmoon, L50, M|100\/100\n|switch|p2a: Farigiraf|Farigiraf, L50, M|100\/100\n|switch|p2b: Roaring Moon|Roaring Moon, L50|100\/100\n|-ability|p1a: Dusclops|Pressure\n|-enditem|p2b: Roaring Moon|Booster Energy\n|-activate|p2b: Roaring Moon|ability: Protosynthesis|[fromitem]\n|-start|p2b: Roaring Moon|protosynthesisatk\n|turn|1\n|\n|t:|1699846672\n|switch|p1b: Landorus|Landorus-Therian, L50, M|100\/100\n|-ability|p1b: Landorus|Intimidate|boost\n|-unboost|p2a: Farigiraf|atk|1\n|-unboost|p2b: Roaring Moon|atk|1\n|move|p2b: Roaring Moon|Knock Off|p1a: Dusclops\n|-supereffective|p1a: Dusclops\n|-damage|p1a: Dusclops|38\/100\n|-enditem|p1a: Dusclops|Eviolite|[from] move: Knock Off|[of] p2b: Roaring Moon\n|move|p2a: Farigiraf|Imprison|p2a: Farigiraf\n|-start|p2a: Farigiraf|move: Imprison\n|move|p1a: Dusclops|Will-O-Wisp|p2b: Roaring Moon\n|-status|p2b: Roaring Moon|brn\n|\n|-damage|p2b: Roaring Moon|94\/100 brn|[from] brn\n|upkeep\n|turn|2\n|\n|t:|1699846706\n|switch|p2a: Landorus|Landorus-Therian, L50, M|100\/100\n|-ability|p2a: Landorus|Intimidate|boost\n|-unboost|p1a: Dusclops|atk|1\n|-unboost|p1b: Landorus|atk|1\n|move|p1b: Landorus|U-turn|p2b: Roaring Moon\n|-supereffective|p2b: Roaring Moon\n|-damage|p2b: Roaring Moon|50\/100 brn\n|\n|t:|1699846713\n|switch|p1b: Ursaluna|Ursaluna-Bloodmoon, L50, M|100\/100|[from] U-turn\n|move|p2b: Roaring Moon|Knock Off|p1a: Dusclops\n|-supereffective|p1a: Dusclops\n|-damage|p1a: Dusclops|7\/100\n|move|p1a: Dusclops|Pain Split|p2a: Landorus\n|-sethp|p2a: Landorus|53\/100|[from] move: Pain Split|[silent]\n|-sethp|p1a: Dusclops|59\/100|[from] move: Pain Split\n|\n|-damage|p2b: Roaring Moon|44\/100 brn|[from] brn\n|upkeep\n|turn|3\n|\n|t:|1699846745\n|switch|p1b: Landorus|Landorus-Therian, L50, M|100\/100\n|-ability|p1b: Landorus|Intimidate|boost\n|-unboost|p2a: Landorus|atk|1\n|-unboost|p2b: Roaring Moon|atk|1\n|move|p2a: Landorus|Rock Slide|p1a: Dusclops|[spread] p1a,p1b\n|-damage|p1a: Dusclops|44\/100\n|-damage|p1b: Landorus|84\/100\n|move|p2b: Roaring Moon|Knock Off|p1b: Landorus\n|-damage|p1b: Landorus|63\/100\n|-enditem|p1b: Landorus|Choice Scarf|[from] move: Knock Off|[of] p2b: Roaring Moon\n|cant|p1a: Dusclops|flinch\n|\n|-damage|p2b: Roaring Moon|38\/100 brn|[from] brn\n|upkeep\n|turn|4\n|\n|t:|1699846787\n|move|p2b: Roaring Moon|Protect|p2b: Roaring Moon\n|-singleturn|p2b: Roaring Moon|Protect\n|move|p2a: Landorus|Rock Slide|p1b: Landorus|[spread] p1a,p1b\n|-damage|p1a: Dusclops|30\/100\n|-damage|p1b: Landorus|45\/100\n|cant|p1b: Landorus|flinch\n|move|p1a: Dusclops|Trick Room|p1a: Dusclops\n|-fieldstart|move: Trick Room|[of] p1a: Dusclops\n|\n|-damage|p2b: Roaring Moon|32\/100 brn|[from] brn\n|upkeep\n|turn|5\n|\n|t:|1699846808\n|move|p1a: Dusclops|Pain Split|p2a: Landorus\n|-sethp|p2a: Landorus|40\/100|[from] move: Pain Split|[silent]\n|-sethp|p1a: Dusclops|45\/100|[from] move: Pain Split\n|move|p1b: Landorus|U-turn|p2b: Roaring Moon\n|-supereffective|p2b: Roaring Moon\n|-damage|p2b: Roaring Moon|0 fnt\n|faint|p2b: Roaring Moon\n|-end|p2b: Roaring Moon|Protosynthesis|[silent]\n|\n|t:|1699846814\n|switch|p1b: Ursaluna|Ursaluna-Bloodmoon, L50, M|100\/100|[from] U-turn\n|move|p2a: Landorus|Rock Slide|p1b: Ursaluna|[spread] p1a,p1b\n|-resisted|p1b: Ursaluna\n|-damage|p1a: Dusclops|31\/100\n|-damage|p1b: Ursaluna|95\/100\n|\n|upkeep\n|\n|t:|1699846826\n|switch|p2b: Farigiraf|Farigiraf, L50, M|100\/100\n|turn|6\n|\n|t:|1699846841\n|-terastallize|p1b: Ursaluna|Normal\n|-terastallize|p2b: Farigiraf|Normal\n|move|p1a: Dusclops|Pain Split|p2b: Farigiraf\n|-sethp|p2b: Farigiraf|60\/100|[from] move: Pain Split|[silent]\n|-sethp|p1a: Dusclops|93\/100|[from] move: Pain Split\n|move|p1b: Ursaluna|Hyper Voice|p2a: Landorus|[spread] p2a,p2b\n|-damage|p2a: Landorus|0 fnt\n|-damage|p2b: Farigiraf|10\/100\n|-enditem|p2b: Farigiraf|Sitrus Berry|[eat]\n|-heal|p2b: Farigiraf|35\/100|[from] item: Sitrus Berry\n|faint|p2a: Landorus\n|move|p2b: Farigiraf|Trick Room|p2b: Farigiraf\n|-fieldend|move: Trick Room\n|\n|upkeep\n|\n|t:|1699846853\n|switch|p2a: Rillaboom|Rillaboom, L50, M|100\/100\n|-fieldstart|move: Grassy Terrain|[from] ability: Grassy Surge|[of] p2a: Rillaboom\n|turn|7\n|\n|t:|1699846872\n|move|p1b: Ursaluna|Protect|p1b: Ursaluna\n|-singleturn|p1b: Ursaluna|Protect\n|move|p2a: Rillaboom|Fake Out|p1b: Ursaluna\n|-activate|p1b: Ursaluna|move: Protect\n|move|p2b: Farigiraf|Hyper Voice|p1a: Dusclops|[spread] \n|-activate|p1b: Ursaluna|move: Protect\n|-immune|p1a: Dusclops\n|move|p1a: Dusclops|Will-O-Wisp|p2a: Rillaboom\n|-status|p2a: Rillaboom|brn\n|\n|-heal|p2b: Farigiraf|41\/100|[from] Grassy Terrain\n|-heal|p1b: Ursaluna|100\/100|[from] Grassy Terrain\n|-heal|p1a: Dusclops|99\/100|[from] Grassy Terrain\n|-damage|p2a: Rillaboom|94\/100 brn|[from] brn\n|upkeep\n|turn|8\n|\n|t:|1699846904\n|switch|p1b: Landorus|Landorus-Therian, L50, M|45\/100\n|-ability|p1b: Landorus|Intimidate|boost\n|-unboost|p2a: Rillaboom|atk|1\n|-unboost|p2b: Farigiraf|atk|1\n|move|p2a: Rillaboom|Wood Hammer|p1b: Landorus\n|-damage|p1b: Landorus|15\/100\n|-damage|p2a: Rillaboom|85\/100 brn|[from] Recoil\n|move|p2b: Farigiraf|Hyper Voice|p1a: Dusclops|[spread] p1b\n|-immune|p1a: Dusclops\n|-damage|p1b: Landorus|0 fnt\n|faint|p1b: Landorus\n|move|p1a: Dusclops|Trick Room|p1a: Dusclops\n|-fieldstart|move: Trick Room|[of] p1a: Dusclops\n|\n|-heal|p1a: Dusclops|100\/100|[from] Grassy Terrain\n|-heal|p2b: Farigiraf|47\/100|[from] Grassy Terrain\n|-heal|p2a: Rillaboom|91\/100 brn|[from] Grassy Terrain\n|-damage|p2a: Rillaboom|85\/100 brn|[from] brn\n|upkeep\n|\n|t:|1699846921\n|switch|p1b: Ursaluna|Ursaluna-Bloodmoon, L50, M, tera:Normal|100\/100\n|turn|9\n|\n|t:|1699846931\n|move|p1a: Dusclops|Brick Break|p1b: Ursaluna\n|-supereffective|p1b: Ursaluna\n|-damage|p1b: Ursaluna|90\/100\n|-enditem|p1b: Ursaluna|Weakness Policy\n|-boost|p1b: Ursaluna|atk|2|[from] item: Weakness Policy\n|-boost|p1b: Ursaluna|spa|2|[from] item: Weakness Policy\n|move|p1b: Ursaluna|Hyper Voice|p2a: Rillaboom|[spread] p2a,p2b\n|-damage|p2a: Rillaboom|15\/100 brn\n|-damage|p2b: Farigiraf|0 fnt\n|faint|p2b: Farigiraf\n|move|p2a: Rillaboom|Wood Hammer|p1b: Ursaluna\n|-crit|p1b: Ursaluna\n|-damage|p1b: Ursaluna|45\/100\n|-damage|p2a: Rillaboom|0 fnt|[from] Recoil\n|faint|p2a: Rillaboom\n|\n|win|Disobedient_vgc\n|inactive|Disobedient_vgc has 50 seconds to confirm battle start!\n|inactive|JeanRyuPR has 50 seconds to confirm battle start!\n|c|&|\/uhtml prompt-disobedientvgc,Disobedient_vgc is ready for game 2!\n|c|&|\/uhtml prompt-jeanryupr,JeanRyuPR is ready for game 2!\nBoth players are ready! Starting next match!\n","uploadtime":1699847391,"views":13,"p1id":"disobedientvgc","p2id":"jeanryupr","formatid":"gen9vgc2023regulatione","rating":0,"private":0,"password":""}