{"id":"gen9vgc2023regulatione-1991351894","p1":"Possumcult","p2":"sobablue","format":"[Gen 9] VGC 2023 Regulation E","log":"|j|\u2606Possumcult\n|j|\u2606sobablue\n|t:|1700069950\n|gametype|doubles\n|player|p1|Possumcult|candice|1153\n|player|p2|sobablue|lady-gen4|1094\n|teamsize|p1|6\n|teamsize|p2|6\n|gen|9\n|tier|[Gen 9] VGC 2023 Regulation E\n|rated|\n|rule|Species Clause: Limit one of each Pok\u00e9mon\n|rule|Item Clause: Limit one of each item\n|clearpoke\n|poke|p1|Abomasnow, L50, F|\n|poke|p1|Frosmoth, L50, F|\n|poke|p1|Iron Hands, L50|\n|poke|p1|Iron Bundle, L50|\n|poke|p1|Landorus-Therian, L50, M|\n|poke|p1|Chi-Yu, L50|\n|poke|p2|Arcanine-Hisui, L50, F|\n|poke|p2|Gholdengo, L50|\n|poke|p2|Rillaboom, L50, M|\n|poke|p2|Urshifu-*, L50, F|\n|poke|p2|Tornadus, L50, M|\n|poke|p2|Chien-Pao, L50|\n|teampreview|4\n|inactive|Battle timer is ON: inactive players will automatically lose when time's up. (requested by Possumcult)\n|inactive|sobablue has 60 seconds left.\n|\n|t:|1700069990\n|start\n|switch|p1a: Landorus|Landorus-Therian, L50, M|100\/100\n|switch|p1b: Frosmoth|Frosmoth, L50, F|100\/100\n|switch|p2a: Arcanine|Arcanine-Hisui, L50, F, shiny|100\/100\n|switch|p2b: Chien-Pao|Chien-Pao, L50|100\/100\n|-ability|p1a: Landorus|Intimidate|boost\n|-unboost|p2a: Arcanine|atk|1\n|-unboost|p2b: Chien-Pao|atk|1\n|-ability|p2b: Chien-Pao|Sword of Ruin\n|-ability|p2a: Arcanine|Intimidate|boost\n|-unboost|p1a: Landorus|atk|1\n|-unboost|p1b: Frosmoth|atk|1\n|turn|1\n|inactive|Possumcult has 30 seconds left.\n|\n|t:|1700070019\n|move|p1a: Landorus|U-turn|p2b: Chien-Pao\n|-supereffective|p2b: Chien-Pao\n|-damage|p2b: Chien-Pao|48\/100\n|\n|t:|1700070022\n|switch|p1a: Abomasnow|Abomasnow, L50, F, shiny|100\/100|[from] U-turn\n|-weather|Snow|[from] ability: Snow Warning|[of] p1a: Abomasnow\n|move|p2b: Chien-Pao|Icicle Crash|p1a: Abomasnow\n|-damage|p1a: Abomasnow|71\/100\n|move|p2a: Arcanine|Rock Slide|p1b: Frosmoth|[spread] p1a,p1b\n|-supereffective|p1a: Abomasnow\n|-supereffective|p1b: Frosmoth\n|-damage|p1a: Abomasnow|12\/100\n|-damage|p1b: Frosmoth|0 fnt\n|faint|p1b: Frosmoth\n|\n|-weather|Snow|[upkeep]\n|upkeep\n|\n|t:|1700070034\n|switch|p1b: Landorus|Landorus-Therian, L50, M|100\/100\n|-ability|p1b: Landorus|Intimidate|boost\n|-unboost|p2a: Arcanine|atk|1\n|-unboost|p2b: Chien-Pao|atk|1\n|turn|2\n|\n|t:|1700070053\n|switch|p2a: Urshifu|Urshifu-Rapid-Strike, L50, F|100\/100\n|move|p2b: Chien-Pao|Protect|p2b: Chien-Pao\n|-singleturn|p2b: Chien-Pao|Protect\n|move|p1a: Abomasnow|Protect|p1a: Abomasnow\n|-singleturn|p1a: Abomasnow|Protect\n|move|p1b: Landorus|Rock Slide|p2b: Chien-Pao|[spread] p2a\n|-activate|p2b: Chien-Pao|move: Protect\n|-resisted|p2a: Urshifu\n|-damage|p2a: Urshifu|86\/100\n|\n|-weather|Snow|[upkeep]\n|upkeep\n|turn|3\n|inactive|sobablue has 30 seconds left.\n|\n|t:|1700070081\n|switch|p2b: Gholdengo|Gholdengo, L50|100\/100\n|-terastallize|p1b: Landorus|Flying\n|move|p2a: Urshifu|U-turn|p1a: Abomasnow\n|-supereffective|p1a: Abomasnow\n|-damage|p1a: Abomasnow|0 fnt\n|faint|p1a: Abomasnow\n|\n|t:|1700070090\n|switch|p2a: Arcanine|Arcanine-Hisui, L50, F, shiny|100\/100|[from] U-turn\n|-ability|p2a: Arcanine|Intimidate|boost\n|-unboost|p1b: Landorus|atk|1\n|move|p1b: Landorus|Rock Slide|p2b: Gholdengo|[spread] p2a,p2b\n|-supereffective|p2a: Arcanine\n|-resisted|p2b: Gholdengo\n|-damage|p2a: Arcanine|63\/100\n|-damage|p2b: Gholdengo|93\/100\n|\n|-weather|Snow|[upkeep]\n|-heal|p2b: Gholdengo|99\/100|[from] item: Leftovers\n|upkeep\n|\n|t:|1700070093\n|switch|p1a: Chi-Yu|Chi-Yu, L50|100\/100\n|-ability|p1a: Chi-Yu|Beads of Ruin\n|turn|4\n|\n|t:|1700070117\n|move|p2b: Gholdengo|Protect|p2b: Gholdengo\n|-singleturn|p2b: Gholdengo|Protect\n|move|p1b: Landorus|Rock Slide|p2b: Gholdengo|[spread] p2a\n|-activate|p2b: Gholdengo|move: Protect\n|-supereffective|p2a: Arcanine\n|-damage|p2a: Arcanine|25\/100\n|move|p1a: Chi-Yu|Heat Wave|p2a: Arcanine|[spread] \n|-activate|p2b: Gholdengo|move: Protect\n|-miss|p1a: Chi-Yu|p2a: Arcanine\n|move|p2a: Arcanine|Head Smash|p1a: Chi-Yu\n|-supereffective|p1a: Chi-Yu\n|-damage|p1a: Chi-Yu|0 fnt\n|faint|p1a: Chi-Yu\n|-damage|p2a: Arcanine|0 fnt|[from] Recoil\n|faint|p2a: Arcanine\n|\n|-weather|Snow|[upkeep]\n|-heal|p2b: Gholdengo|100\/100|[from] item: Leftovers\n|upkeep\n|\n|t:|1700070138\n|switch|p2a: Urshifu|Urshifu-Rapid-Strike, L50, F|86\/100\n|turn|5\n|\n|t:|1700070144\n|move|p2a: Urshifu|Surging Strikes|p1b: Landorus\n|-crit|p1b: Landorus\n|-damage|p1b: Landorus|78\/100\n|-crit|p1b: Landorus\n|-damage|p1b: Landorus|54\/100\n|-crit|p1b: Landorus\n|-damage|p1b: Landorus|30\/100\n|-hitcount|p1b: Landorus|3\n|move|p1b: Landorus|Rock Slide|p2a: Urshifu|[spread] p2a,p2b\n|-resisted|p2a: Urshifu\n|-resisted|p2b: Gholdengo\n|-damage|p2a: Urshifu|79\/100\n|-damage|p2b: Gholdengo|93\/100\n|cant|p2b: Gholdengo|flinch\n|\n|-weather|Snow|[upkeep]\n|-heal|p2b: Gholdengo|99\/100|[from] item: Leftovers\n|upkeep\n|turn|6\n|-message|Possumcult forfeited.\n|\n|win|sobablue\n|raw|Possumcult's rating: 1153 &rarr; <strong>1124<\/strong><br \/>(-29 for losing)\n|raw|sobablue's rating: 1094 &rarr; <strong>1124<\/strong><br \/>(+30 for winning)\n|l|\u2606Possumcult\n","uploadtime":1700070164,"views":8,"p1id":"possumcult","p2id":"sobablue","formatid":"gen9vgc2023regulatione","rating":1124,"private":0,"password":""}