{"id":"gen9vgc2023regulatione-1995900795","p1":"DogeStarAtWork3","p2":"Buff FlutterMane","format":"[Gen 9] VGC 2023 Regulation E","log":"|j|\u2606DogeStarAtWork3\n|j|\u2606Buff FlutterMane\n|t:|1700615305\n|gametype|doubles\n|player|p1|DogeStarAtWork3|pokemaniac|1422\n|player|p2|Buff FlutterMane|turo|1537\n|teamsize|p1|6\n|teamsize|p2|6\n|gen|9\n|tier|[Gen 9] VGC 2023 Regulation E\n|rated|\n|rule|Species Clause: Limit one of each Pok\u00e9mon\n|rule|Item Clause: Limit one of each item\n|clearpoke\n|poke|p1|Ogerpon-Wellspring, L50, F|\n|poke|p1|Politoed, L50, F|\n|poke|p1|Flutter Mane, L50|\n|poke|p1|Tornadus, L50, M|\n|poke|p1|Chi-Yu, L50|\n|poke|p1|Iron Hands, L50|\n|poke|p2|Regieleki, L50|\n|poke|p2|Rillaboom, L50, M|\n|poke|p2|Arcanine-Hisui, L50, M|\n|poke|p2|Landorus, L50, M|\n|poke|p2|Urshifu-*, L50, M|\n|poke|p2|Chien-Pao, L50|\n|teampreview|4\n|inactive|Battle timer is ON: inactive players will automatically lose when time's up. (requested by Buff FlutterMane)\n|c|\u2606DogeStarAtWork3|Bro\n|c|\u2606Buff FlutterMane|Hi\n|c|\u2606DogeStarAtWork3|Aint no way lmao\n|c|\u2606Buff FlutterMane|Hi\n|inactive|DogeStarAtWork3 has 60 seconds left.\n|inactive|Buff FlutterMane has 60 seconds left.\nDogeStarAtWork3 has agreed to open team sheets.\n|c|\u2606DogeStarAtWork3|Ots\nBuff FlutterMane has agreed to open team sheets.\n|inactive|DogeStarAtWork3 has 30 seconds left.\n|inactive|Buff FlutterMane has 30 seconds left.\n|inactive|DogeStarAtWork3 has 20 seconds left.\n|\n|t:|1700615376\n|start\n|switch|p1a: Tailwind pls|Tornadus, L50, M|100\/100\n|switch|p1b: Tuggie|Politoed, L50, F, shiny|100\/100\n|switch|p2a: Hiusi|Arcanine-Hisui, L50, M, shiny|100\/100\n|switch|p2b: Chien-Pao|Chien-Pao, L50|100\/100\n|-ability|p2b: Chien-Pao|Sword of Ruin\n|-ability|p2a: Hiusi|Intimidate|boost\n|-unboost|p1a: Tailwind pls|atk|1\n|-unboost|p1b: Tuggie|atk|1\n|-weather|RainDance|[from] ability: Drizzle|[of] p1b: Tuggie\n|turn|1\n|inactive|Buff FlutterMane has 30 seconds left.\n|\n|t:|1700615402\n|switch|p2a: Rillaboom|Rillaboom, L50, M, shiny|100\/100\n|-fieldstart|move: Grassy Terrain|[from] ability: Grassy Surge|[of] p2a: Rillaboom\n|move|p1a: Tailwind pls|Protect|p1a: Tailwind pls\n|-singleturn|p1a: Tailwind pls|Protect\n|move|p2b: Chien-Pao|Icicle Crash|p1a: Tailwind pls\n|-activate|p1a: Tailwind pls|move: Protect\n|move|p1b: Tuggie|Muddy Water|p2b: Chien-Pao|[spread] p2a,p2b\n|-resisted|p2a: Rillaboom\n|-damage|p2a: Rillaboom|85\/100\n|-damage|p2b: Chien-Pao|27\/100\n|\n|-weather|RainDance|[upkeep]\n|-heal|p2b: Chien-Pao|33\/100|[from] Grassy Terrain\n|-heal|p2a: Rillaboom|90\/100|[from] Grassy Terrain\n|upkeep\n|turn|2\n|inactive|Buff FlutterMane has 30 seconds left.\n|\n|t:|1700615428\n|-terastallize|p1b: Tuggie|Grass\n|move|p2a: Rillaboom|Fake Out|p1b: Tuggie\n|-damage|p1b: Tuggie|77\/100\n|move|p1a: Tailwind pls|Tailwind|p1a: Tailwind pls\n|-sidestart|p1: DogeStarAtWork3|move: Tailwind\n|cant|p1b: Tuggie|flinch\n|move|p2b: Chien-Pao|Icicle Crash|p1a: Tailwind pls\n|-supereffective|p1a: Tailwind pls\n|-damage|p1a: Tailwind pls|0 fnt\n|faint|p1a: Tailwind pls\n|\n|-weather|RainDance|[upkeep]\n|-heal|p1b: Tuggie|83\/100|[from] Grassy Terrain\n|-heal|p2b: Chien-Pao|39\/100|[from] Grassy Terrain\n|-heal|p2a: Rillaboom|96\/100|[from] Grassy Terrain\n|upkeep\n|\n|t:|1700615436\n|switch|p1a: Bulky Mane|Flutter Mane, L50|100\/100\n|turn|3\n|\n|t:|1700615458\n|-end|p1a: Bulky Mane|Protosynthesis|[silent]\n|switch|p1a: :(|Ogerpon-Wellspring, L50, F|100\/100\n|move|p2b: Chien-Pao|Protect|p2b: Chien-Pao\n|-singleturn|p2b: Chien-Pao|Protect\n|move|p1b: Tuggie|Icy Wind|p2b: Chien-Pao|[spread] p2a\n|-activate|p2b: Chien-Pao|move: Protect\n|-supereffective|p2a: Rillaboom\n|-damage|p2a: Rillaboom|80\/100\n|-unboost|p2a: Rillaboom|spe|1\n|move|p2a: Rillaboom|U-turn|p1b: Tuggie\n|-supereffective|p1b: Tuggie\n|-damage|p1b: Tuggie|0 fnt\n|faint|p1b: Tuggie\n|\n|t:|1700615471\n|switch|p2a: Hiusi|Arcanine-Hisui, L50, M, shiny|100\/100|[from] U-turn\n|-ability|p2a: Hiusi|Intimidate|boost\n|-unboost|p1a: :(|atk|1\n|\n|-weather|RainDance|[upkeep]\n|-heal|p2b: Chien-Pao|45\/100|[from] Grassy Terrain\n|upkeep\n|\n|t:|1700615473\n|switch|p1b: Bulky Mane|Flutter Mane, L50|100\/100\n|turn|4\n|\n|t:|1700615494\n|move|p2a: Hiusi|Extreme Speed|p1a: :(\n|-damage|p1a: :(|31\/100\n|move|p2b: Chien-Pao|Sucker Punch|p1a: :(\n|-damage|p1a: :(|0 fnt\n|faint|p1a: :(\n|move|p1b: Bulky Mane|Dazzling Gleam|p2b: Chien-Pao|[spread] p2a,p2b\n|-resisted|p2a: Hiusi\n|-supereffective|p2b: Chien-Pao\n|-damage|p2a: Hiusi|72\/100\n|-damage|p2b: Chien-Pao|0 fnt\n|faint|p2b: Chien-Pao\n|\n|-weather|RainDance|[upkeep]\n|-heal|p2a: Hiusi|78\/100|[from] Grassy Terrain\n|upkeep\n|\n|t:|1700615500\n|switch|p2b: Regieleki|Regieleki, L50, shiny|100\/100\n|turn|5\n|c|\u2606DogeStarAtWork3|Yeah ggs\n|-message|DogeStarAtWork3 forfeited.\n|\n|win|Buff FlutterMane\n|raw|DogeStarAtWork3's rating: 1422 &rarr; <strong>1408<\/strong><br \/>(-14 for losing)\n|raw|Buff FlutterMane's rating: 1537 &rarr; <strong>1551<\/strong><br \/>(+14 for winning)\n|c|\u2606Buff FlutterMane|Gg\n|c|\u2606DogeStarAtWork3|I was 1489 before i lost 4 straight\n|c|\u2606DogeStarAtWork3|Bananas\n|l|\u2606DogeStarAtWork3\n|c|\u2606Buff FlutterMane|This ladder area suckd\n","uploadtime":1700615650,"views":8,"p1id":"dogestaratwork3","p2id":"bufffluttermane","formatid":"gen9vgc2023regulatione","rating":1408,"private":0,"password":""}