{"id":"gen9vgc2023regulatione-1995190024","p1":"Jop 34 in a row","p2":"PseudoPapu1","format":"[Gen 9] VGC 2023 Regulation E","log":"|j|\u2606Jop 34 in a row\n|j|\u2606PseudoPapu1\n|t:|1700532684\n|gametype|doubles\n|player|p1|Jop 34 in a row|lillie|1112\n|player|p2|PseudoPapu1|wattson|1167\n|teamsize|p1|6\n|teamsize|p2|6\n|gen|9\n|tier|[Gen 9] VGC 2023 Regulation E\n|rated|\n|rule|Species Clause: Limit one of each Pok\u00e9mon\n|rule|Item Clause: Limit one of each item\n|clearpoke\n|poke|p1|Heatran, L50, F|\n|poke|p1|Amoonguss, L50, F|\n|poke|p1|Iron Hands, L50|\n|poke|p1|Flutter Mane, L50|\n|poke|p1|Landorus-Therian, L50, M|\n|poke|p1|Roaring Moon, L50|\n|poke|p2|Dragonite, L50, M|\n|poke|p2|Chien-Pao, L50|\n|poke|p2|Heatran, L50, F|\n|poke|p2|Grimmsnarl, L50, M|\n|poke|p2|Urshifu-*, L50, M|\n|poke|p2|Sinistcha, L50|\n|teampreview|4\n|inactive|Battle timer is ON: inactive players will automatically lose when time's up. (requested by Jop 34 in a row)\n|\n|t:|1700532743\n|start\n|switch|p1a: Amoonguss|Amoonguss, L50, F, shiny|100\/100\n|switch|p1b: Iron Hands|Iron Hands, L50|100\/100\n|switch|p2a: Dragonite|Dragonite, L50, M|100\/100\n|switch|p2b: Chien-Pao|Chien-Pao, L50|100\/100\n|-ability|p2b: Chien-Pao|Sword of Ruin\n|turn|1\n|inactive|PseudoPapu1 has 30 seconds left.\n|\n|t:|1700532771\n|move|p1b: Iron Hands|Fake Out|p2b: Chien-Pao\n|-damage|p2b: Chien-Pao|79\/100\n|cant|p2b: Chien-Pao|flinch\n|move|p2a: Dragonite|Aerial Ace|p1a: Amoonguss\n|-supereffective|p1a: Amoonguss\n|-damage|p1a: Amoonguss|26\/100\n|-enditem|p1a: Amoonguss|Sitrus Berry|[eat]\n|-heal|p1a: Amoonguss|51\/100|[from] item: Sitrus Berry\n|move|p1a: Amoonguss|Spore|p2a: Dragonite\n|-status|p2a: Dragonite|slp|[from] move: Spore\n|\n|upkeep\n|turn|2\n|\n|t:|1700532794\n|move|p2b: Chien-Pao|Protect|p2b: Chien-Pao\n|-singleturn|p2b: Chien-Pao|Protect\n|move|p1a: Amoonguss|Protect|p1a: Amoonguss\n|-singleturn|p1a: Amoonguss|Protect\n|cant|p2a: Dragonite|slp\n|move|p1b: Iron Hands|Drain Punch|p2b: Chien-Pao\n|-activate|p2b: Chien-Pao|move: Protect\n|\n|upkeep\n|turn|3\n|\n|t:|1700532809\n|switch|p1a: Heatran|Heatran, L50, F|100\/100\n|-terastallize|p2b: Chien-Pao|Ghost\n|move|p2b: Chien-Pao|Icicle Crash|p1a: Heatran\n|-resisted|p1a: Heatran\n|-damage|p1a: Heatran|88\/100\n|cant|p2a: Dragonite|slp\n|move|p1b: Iron Hands|Drain Punch|p2b: Chien-Pao\n|-immune|p2b: Chien-Pao\n|\n|-heal|p1a: Heatran|94\/100|[from] item: Leftovers\n|upkeep\n|turn|4\n|inactive|Jop 34 in a row has 30 seconds left.\n|\n|t:|1700532838\n|move|p2b: Chien-Pao|Protect|p2b: Chien-Pao\n|-singleturn|p2b: Chien-Pao|Protect\n|cant|p2a: Dragonite|slp\n|move|p1a: Heatran|Flash Cannon|p2a: Dragonite\n|-damage|p2a: Dragonite|73\/100 slp\n|move|p1b: Iron Hands|Wild Charge|p2a: Dragonite\n|-damage|p2a: Dragonite|9\/100 slp\n|-damage|p1b: Iron Hands|88\/100|[from] Recoil\n|\n|-heal|p1a: Heatran|99\/100|[from] item: Leftovers\n|upkeep\n|turn|5\n|\n|t:|1700532865\n|move|p1a: Heatran|Protect|p1a: Heatran\n|-singleturn|p1a: Heatran|Protect\n|move|p2b: Chien-Pao|Icicle Crash|p1b: Iron Hands\n|-damage|p1b: Iron Hands|48\/100\n|-curestatus|p2a: Dragonite|slp|[msg]\n|move|p2a: Dragonite|Stomping Tantrum|p1a: Heatran\n|-activate|p1a: Heatran|move: Protect\n|move|p1b: Iron Hands|Wild Charge|p2b: Chien-Pao\n|-damage|p2b: Chien-Pao|3\/100\n|-damage|p1b: Iron Hands|35\/100|[from] Recoil\n|\n|-heal|p1a: Heatran|100\/100|[from] item: Leftovers\n|upkeep\n|turn|6\n|inactive|PseudoPapu1 has 30 seconds left.\n|\n|t:|1700532896\n|-terastallize|p1a: Heatran|Fairy\n|move|p2b: Chien-Pao|Icicle Crash|p1b: Iron Hands\n|-damage|p1b: Iron Hands|0 fnt\n|faint|p1b: Iron Hands\n|-end|p1b: Iron Hands|Quark Drive|[silent]\n|move|p2a: Dragonite|Aerial Ace|p1a: Heatran\n|-damage|p1a: Heatran|61\/100\n|move|p1a: Heatran|Flash Cannon|p2a: Dragonite\n|-damage|p2a: Dragonite|0 fnt\n|faint|p2a: Dragonite\n|\n|-heal|p1a: Heatran|67\/100|[from] item: Leftovers\n|upkeep\n|\n|t:|1700532913\n|switch|p2a: Heatran|Heatran, L50, F|100\/100\n|switch|p1b: Amoonguss|Amoonguss, L50, F, shiny|84\/100\n|turn|7\n|\n|t:|1700532934\n|move|p1b: Amoonguss|Protect|p1b: Amoonguss\n|-singleturn|p1b: Amoonguss|Protect\n|move|p2b: Chien-Pao|Icicle Crash|p1a: Heatran\n|-damage|p1a: Heatran|15\/100\n|move|p1a: Heatran|Earth Power|p2a: Heatran\n|-supereffective|p2a: Heatran\n|-damage|p2a: Heatran|0 fnt\n|faint|p2a: Heatran\n|\n|-heal|p1a: Heatran|21\/100|[from] item: Leftovers\n|upkeep\n|\n|t:|1700532944\n|switch|p2a: Urshifu|Urshifu-Rapid-Strike, L50, M|100\/100\n|turn|8\n|\n|t:|1700532958\n|move|p1b: Amoonguss|Rage Powder|p1b: Amoonguss\n|-singleturn|p1b: Amoonguss|move: Rage Powder\n|move|p2a: Urshifu|Surging Strikes|p1b: Amoonguss\n|-resisted|p1b: Amoonguss\n|-crit|p1b: Amoonguss\n|-damage|p1b: Amoonguss|72\/100\n|-resisted|p1b: Amoonguss\n|-crit|p1b: Amoonguss\n|-damage|p1b: Amoonguss|62\/100\n|-resisted|p1b: Amoonguss\n|-crit|p1b: Amoonguss\n|-damage|p1b: Amoonguss|49\/100\n|-hitcount|p1b: Amoonguss|3\n|move|p2b: Chien-Pao|Icicle Crash|p1b: Amoonguss|[miss]\n|-miss|p2b: Chien-Pao|p1b: Amoonguss\n|move|p1a: Heatran|Flamethrower|p2b: Chien-Pao\n|-damage|p2b: Chien-Pao|0 fnt\n|faint|p2b: Chien-Pao\n|\n|-heal|p1a: Heatran|27\/100|[from] item: Leftovers\n|upkeep\n|turn|9\n|inactive|PseudoPapu1 has 30 seconds left.\n|\n|t:|1700532987\n|move|p2a: Urshifu|Surging Strikes|p1a: Heatran\n|-crit|p1a: Heatran\n|-damage|p1a: Heatran|7\/100\n|-crit|p1a: Heatran\n|-damage|p1a: Heatran|0 fnt\n|faint|p1a: Heatran\n|-hitcount|p1: Heatran|2\n|move|p1b: Amoonguss|Spore|p2a: Urshifu\n|-status|p2a: Urshifu|slp|[from] move: Spore\n|\n|upkeep\n|\n|t:|1700532999\n|switch|p1a: Landorus|Landorus-Therian, L50, M|100\/100\n|-ability|p1a: Landorus|Intimidate|boost\n|-unboost|p2a: Urshifu|atk|1\n|turn|10\n|\n|t:|1700533007\n|cant|p2a: Urshifu|slp\n|move|p1a: Landorus|Stomping Tantrum|p2a: Urshifu\n|-damage|p2a: Urshifu|54\/100 slp\n|move|p1b: Amoonguss|Pollen Puff|p2a: Urshifu\n|-resisted|p2a: Urshifu\n|-damage|p2a: Urshifu|42\/100 slp\n|\n|upkeep\n|turn|11\n|\n|t:|1700533016\n|move|p1b: Amoonguss|Rage Powder|p1b: Amoonguss\n|-singleturn|p1b: Amoonguss|move: Rage Powder\n|cant|p2a: Urshifu|slp\n|move|p1a: Landorus|Stomping Tantrum|p2a: Urshifu\n|-damage|p2a: Urshifu|2\/100 slp\n|\n|upkeep\n|turn|12\n|\n|t:|1700533024\n|move|p1b: Amoonguss|Rage Powder|p1b: Amoonguss\n|-singleturn|p1b: Amoonguss|move: Rage Powder\n|-curestatus|p2a: Urshifu|slp|[msg]\n|move|p2a: Urshifu|Surging Strikes|p1b: Amoonguss\n|-resisted|p1b: Amoonguss\n|-crit|p1b: Amoonguss\n|-damage|p1b: Amoonguss|41\/100\n|-resisted|p1b: Amoonguss\n|-crit|p1b: Amoonguss\n|-damage|p1b: Amoonguss|32\/100\n|-resisted|p1b: Amoonguss\n|-crit|p1b: Amoonguss\n|-damage|p1b: Amoonguss|24\/100\n|-hitcount|p1b: Amoonguss|3\n|move|p1a: Landorus|Stomping Tantrum|p2a: Urshifu\n|-damage|p2a: Urshifu|0 fnt\n|faint|p2a: Urshifu\n|\n|win|Jop 34 in a row\n|raw|Jop 34 in a row's rating: 1112 &rarr; <strong>1141<\/strong><br \/>(+29 for winning)\n|raw|PseudoPapu1's rating: 1167 &rarr; <strong>1138<\/strong><br \/>(-29 for losing)\n","uploadtime":1700533038,"views":4,"p1id":"jop34inarow","p2id":"pseudopapu1","formatid":"gen9vgc2023regulatione","rating":1138,"private":0,"password":""}