{"id":"gen9vgc2023regulatione-1994857909","p1":"Gerardo-Mx","p2":"Kzjzzikzl","format":"[Gen 9] VGC 2023 Regulation E","log":"|j|\u2606Gerardo-Mx\n|j|\u2606Kzjzzikzl\n|t:|1700499187\n|gametype|doubles\n|player|p1|Gerardo-Mx|red|1098\n|player|p2|Kzjzzikzl|lance|1000\n|teamsize|p1|6\n|teamsize|p2|6\n|gen|9\n|tier|[Gen 9] VGC 2023 Regulation E\n|rated|\n|rule|Species Clause: Limit one of each Pok\u00e9mon\n|rule|Item Clause: Limit one of each item\n|clearpoke\n|poke|p1|Talonflame, L50, M|\n|poke|p1|Great Tusk, L50|\n|poke|p1|Flutter Mane, L50|\n|poke|p1|Charizard, L50, F|\n|poke|p1|Chi-Yu, L50|\n|poke|p1|Annihilape, L50, F|\n|poke|p2|Flutter Mane, L50|\n|poke|p2|Tornadus, L50, M|\n|poke|p2|Rillaboom, L50, F|\n|poke|p2|Garganacl, L50, F|\n|poke|p2|Arcanine-Hisui, L50, F|\n|poke|p2|Chien-Pao, L50|\n|teampreview|4\n|inactive|Battle timer is ON: inactive players will automatically lose when time's up. (requested by Kzjzzikzl)\n|\n|t:|1700499209\n|start\n|switch|p1a: Talonflame|Talonflame, L50, M|100\/100\n|switch|p1b: Annihilape|Annihilape, L50, F|100\/100\n|switch|p2a: Tornadus|Tornadus, L50, M|100\/100\n|switch|p2b: Garganacl|Garganacl, L50, F|100\/100\n|turn|1\n|\n|t:|1700499229\n|-terastallize|p2b: Garganacl|Ghost\n|move|p1a: Talonflame|Tailwind|p1a: Talonflame\n|-sidestart|p1: Gerardo-Mx|move: Tailwind\n|move|p2a: Tornadus|Taunt|p1b: Annihilape\n|-start|p1b: Annihilape|move: Taunt\n|cant|p1b: Annihilape|move: Taunt|Bulk Up\n|move|p2b: Garganacl|Iron Defense|p2b: Garganacl\n|-boost|p2b: Garganacl|def|2\n|\n|upkeep\n|turn|2\n|inactive|Gerardo-Mx has 30 seconds left.\n|\n|t:|1700499256\n|move|p2a: Tornadus|Tailwind|p2a: Tornadus\n|-sidestart|p2: Kzjzzikzl|move: Tailwind\n|move|p1a: Talonflame|Sunny Day|p1a: Talonflame\n|-weather|SunnyDay\n|move|p1b: Annihilape|Rage Fist|p2b: Garganacl\n|-supereffective|p2b: Garganacl\n|-damage|p2b: Garganacl|89\/100\n|move|p2b: Garganacl|Iron Defense|p2b: Garganacl\n|-boost|p2b: Garganacl|def|2\n|\n|-weather|SunnyDay|[upkeep]\n|upkeep\n|turn|3\n|\n|t:|1700499277\n|move|p2a: Tornadus|Taunt|p1a: Talonflame\n|-start|p1a: Talonflame|move: Taunt\n|cant|p1a: Talonflame|move: Taunt|Will-O-Wisp\n|move|p1b: Annihilape|Ice Punch|p2a: Tornadus\n|-supereffective|p2a: Tornadus\n|-damage|p2a: Tornadus|20\/100\n|move|p2b: Garganacl|Salt Cure|p1a: Talonflame\n|-supereffective|p1a: Talonflame\n|-damage|p1a: Talonflame|29\/100\n|\n|-weather|SunnyDay|[upkeep]\n|-end|p1b: Annihilape|move: Taunt\n|upkeep\n|turn|4\n|\n|t:|1700499296\n|move|p2a: Tornadus|Taunt|p1b: Annihilape\n|-start|p1b: Annihilape|move: Taunt\n|move|p1a: Talonflame|Brave Bird|p2a: Tornadus\n|-damage|p2a: Tornadus|0 fnt\n|-damage|p1a: Talonflame|13\/100|[from] item: Rocky Helmet|[of] p2a: Tornadus\n|faint|p2a: Tornadus\n|-damage|p1a: Talonflame|6\/100|[from] Recoil\n|cant|p1b: Annihilape|move: Taunt|Bulk Up\n|move|p2b: Garganacl|Salt Cure|p1b: Annihilape\n|-resisted|p1b: Annihilape\n|-damage|p1b: Annihilape|92\/100\n|-start|p1b: Annihilape|Salt Cure\n|\n|-weather|SunnyDay|[upkeep]\n|-damage|p1b: Annihilape|80\/100|[from] Salt Cure\n|-sideend|p1: Gerardo-Mx|move: Tailwind\n|upkeep\n|\n|t:|1700499309\n|switch|p2a: Rillaboom|Rillaboom, L50, F|100\/100\n|-fieldstart|move: Grassy Terrain|[from] ability: Grassy Surge|[of] p2a: Rillaboom\n|turn|5\n|\n|t:|1700499321\n|move|p2a: Rillaboom|Fake Out|p1a: Talonflame\n|-damage|p1a: Talonflame|0 fnt\n|faint|p1a: Talonflame\n|move|p1b: Annihilape|Ice Punch|p2a: Rillaboom\n|-supereffective|p2a: Rillaboom\n|-damage|p2a: Rillaboom|49\/100\n|move|p2b: Garganacl|Iron Defense|p2b: Garganacl\n|-boost|p2b: Garganacl|def|2\n|\n|-weather|SunnyDay|[upkeep]\n|-heal|p2a: Rillaboom|55\/100|[from] Grassy Terrain\n|-heal|p1b: Annihilape|86\/100|[from] Grassy Terrain\n|-heal|p2b: Garganacl|95\/100|[from] Grassy Terrain\n|-damage|p1b: Annihilape|74\/100|[from] Salt Cure\n|-sideend|p2: Kzjzzikzl|move: Tailwind\n|upkeep\n|\n|t:|1700499336\n|switch|p1a: Charizard|Charizard, L50, F|100\/100\n|turn|6\n|\n|t:|1700499356\n|-terastallize|p1a: Charizard|Fire\n|move|p2b: Garganacl|Protect|p2b: Garganacl\n|-singleturn|p2b: Garganacl|Protect\n|move|p1a: Charizard|Heat Wave|p2b: Garganacl|[spread] p2a\n|-activate|p2b: Garganacl|move: Protect\n|-supereffective|p2a: Rillaboom\n|-damage|p2a: Rillaboom|0 fnt\n|faint|p2a: Rillaboom\n|move|p1b: Annihilape|Ice Punch|p2b: Garganacl\n|-activate|p2b: Garganacl|move: Protect\n|\n|-weather|none\n|-heal|p1b: Annihilape|80\/100|[from] Grassy Terrain\n|-heal|p2b: Garganacl|100\/100|[from] Grassy Terrain\n|-damage|p1b: Annihilape|67\/100|[from] Salt Cure\n|-end|p1b: Annihilape|move: Taunt\n|upkeep\n|\n|t:|1700499365\n|switch|p2a: Arcanine|Arcanine-Hisui, L50, F|100\/100\n|-ability|p2a: Arcanine|Intimidate|boost\n|-unboost|p1a: Charizard|atk|1\n|-unboost|p1b: Annihilape|atk|1\n|-ability|p1b: Annihilape|Defiant|boost\n|-boost|p1b: Annihilape|atk|2\n|turn|7\n|\n|t:|1700499384\n|move|p1a: Charizard|Fire Blast|p2b: Garganacl\n|-damage|p2b: Garganacl|52\/100\n|move|p2a: Arcanine|Flare Blitz|p1b: Annihilape\n|-damage|p1b: Annihilape|0 fnt\n|faint|p1b: Annihilape\n|-damage|p2a: Arcanine|76\/100|[from] Recoil\n|move|p2b: Garganacl|Salt Cure|p1a: Charizard\n|-supereffective|p1a: Charizard\n|-damage|p1a: Charizard|64\/100\n|-start|p1a: Charizard|Salt Cure\n|\n|-heal|p1a: Charizard|70\/100|[from] Grassy Terrain\n|-heal|p2a: Arcanine|82\/100|[from] Grassy Terrain\n|-heal|p2b: Garganacl|58\/100|[from] Grassy Terrain\n|-damage|p1a: Charizard|58\/100|[from] Salt Cure\n|upkeep\n|\n|t:|1700499402\n|switch|p1b: Great Tusk|Great Tusk, L50|100\/100\n|turn|8\n|\n|t:|1700499409\n|move|p1a: Charizard|Fire Blast|p2b: Garganacl\n|-damage|p2b: Garganacl|15\/100\n|-enditem|p2b: Garganacl|Sitrus Berry|[eat]\n|-heal|p2b: Garganacl|39\/100|[from] item: Sitrus Berry\n|move|p2a: Arcanine|Flare Blitz|p1b: Great Tusk\n|-damage|p1b: Great Tusk|32\/100\n|-damage|p2a: Arcanine|57\/100|[from] Recoil\n|move|p1b: Great Tusk|Earthquake|p2a: Arcanine|[spread] p1a,p2a,p2b\n|-supereffective|p1a: Charizard\n|-supereffective|p2a: Arcanine\n|-damage|p1a: Charizard|6\/100\n|-damage|p2a: Arcanine|0 fnt\n|-damage|p2b: Garganacl|36\/100\n|faint|p2a: Arcanine\n|move|p2b: Garganacl|Salt Cure|p1b: Great Tusk\n|-resisted|p1b: Great Tusk\n|-crit|p1b: Great Tusk\n|-damage|p1b: Great Tusk|28\/100\n|-start|p1b: Great Tusk|Salt Cure\n|\n|-heal|p1a: Charizard|12\/100|[from] Grassy Terrain\n|-heal|p1b: Great Tusk|34\/100|[from] Grassy Terrain\n|-heal|p2b: Garganacl|42\/100|[from] Grassy Terrain\n|-damage|p1a: Charizard|0 fnt|[from] Salt Cure\n|faint|p1a: Charizard\n|-damage|p1b: Great Tusk|22\/100|[from] Salt Cure\n|upkeep\n|turn|9\n|inactive|Gerardo-Mx has 30 seconds left.\n|\n|t:|1700499438\n|move|p2b: Garganacl|Protect|p2b: Garganacl\n|-singleturn|p2b: Garganacl|Protect\n|move|p1b: Great Tusk|Earthquake|p2b: Garganacl\n|-activate|p2b: Garganacl|move: Protect\n|\n|-heal|p1b: Great Tusk|28\/100|[from] Grassy Terrain\n|-heal|p2b: Garganacl|47\/100|[from] Grassy Terrain\n|-damage|p1b: Great Tusk|16\/100|[from] Salt Cure\n|-fieldend|move: Grassy Terrain\n|upkeep\n|turn|10\n|\n|t:|1700499453\n|move|p1b: Great Tusk|Earthquake|p2b: Garganacl\n|-damage|p2b: Garganacl|39\/100\n|move|p2b: Garganacl|Recover|p2b: Garganacl\n|-heal|p2b: Garganacl|89\/100\n|\n|-damage|p1b: Great Tusk|4\/100|[from] Salt Cure\n|upkeep\n|turn|11\n|-message|Gerardo-Mx forfeited.\n|\n|win|Kzjzzikzl\n|raw|Gerardo-Mx's rating: 1098 &rarr; <strong>1067<\/strong><br \/>(-31 for losing)\n|raw|Kzjzzikzl's rating: 1000 &rarr; <strong>1051<\/strong><br \/>(+51 for winning)\n|l|\u2606Gerardo-Mx\n","uploadtime":1700499463,"views":1,"p1id":"gerardomx","p2id":"kzjzzikzl","formatid":"gen9vgc2023regulatione","rating":1051,"private":0,"password":""}