{"id":"gen9vgc2023regulatione-1995075490","p1":"Bubbles303","p2":"cicibi","format":"[Gen 9] VGC 2023 Regulation E","log":"|j|\u2606Bubbles303\n|j|\u2606cicibi\n|t:|1700519858\n|gametype|doubles\n|player|p1|Bubbles303|blackbelt-gen4dp|1176\n|player|p2|cicibi|policeman|1211\n|teamsize|p1|6\n|teamsize|p2|6\n|gen|9\n|tier|[Gen 9] VGC 2023 Regulation E\n|rated|\n|rule|Species Clause: Limit one of each Pok\u00e9mon\n|rule|Item Clause: Limit one of each item\n|clearpoke\n|poke|p1|Tornadus, L50, M|\n|poke|p1|Arcanine-Hisui, L50, F|\n|poke|p1|Iron Hands, L50|\n|poke|p1|Gholdengo, L50|\n|poke|p1|Urshifu-*, L50, M|\n|poke|p1|Ogerpon-Wellspring, L50, F|\n|poke|p2|Cresselia, L50, F|\n|poke|p2|Dondozo, L50, M|\n|poke|p2|Iron Hands, L50|\n|poke|p2|Klefki, L50, F|\n|poke|p2|Sinistcha, L50|\n|poke|p2|Ting-Lu, L50|\n|teampreview|4\n|inactive|Battle timer is ON: inactive players will automatically lose when time's up. (requested by Bubbles303)\n|inactive|Bubbles303 has 60 seconds left.\n|inactive|cicibi has 60 seconds left.\n|\n|t:|1700519910\n|start\n|switch|p1a: Tornadus|Tornadus, L50, M|100\/100\n|switch|p1b: Urshifu|Urshifu-Rapid-Strike, L50, M|100\/100\n|switch|p2a: Klefki|Klefki, L50, F|100\/100\n|switch|p2b: Iron Hands|Iron Hands, L50|100\/100\n|turn|1\n|\n|t:|1700519931\n|move|p1a: Tornadus|Tailwind|p1a: Tornadus\n|-sidestart|p1: Bubbles303|move: Tailwind\n|move|p2a: Klefki|Light Screen|p2a: Klefki\n|-sidestart|p2: cicibi|move: Light Screen\n|move|p1b: Urshifu|U-turn|p2b: Iron Hands\n|-resisted|p2b: Iron Hands\n|-damage|p2b: Iron Hands|93\/100\n|\n|t:|1700519941\n|switch|p1b: Gholdengo|Gholdengo, L50|100\/100|[from] U-turn\n|move|p2b: Iron Hands|Wild Charge|p1a: Tornadus\n|-supereffective|p1a: Tornadus\n|-damage|p1a: Tornadus|0 fnt\n|faint|p1a: Tornadus\n|-damage|p2b: Iron Hands|74\/100|[from] Recoil\n|\n|upkeep\n|\n|t:|1700519947\n|switch|p1a: Iron Hands|Iron Hands, L50, shiny|100\/100\n|turn|2\n|\n|t:|1700519965\n|move|p1a: Iron Hands|Fake Out|p2b: Iron Hands\n|-damage|p2b: Iron Hands|66\/100\n|move|p2a: Klefki|Reflect|p2a: Klefki\n|-sidestart|p2: cicibi|Reflect\n|move|p1b: Gholdengo|Nasty Plot|p1b: Gholdengo\n|-boost|p1b: Gholdengo|spa|2\n|cant|p2b: Iron Hands|flinch\n|\n|upkeep\n|turn|3\n|\n|t:|1700519987\n|move|p1b: Gholdengo|Make It Rain|p2a: Klefki|[spread] p2a,p2b\n|-resisted|p2b: Iron Hands\n|-damage|p2a: Klefki|37\/100\n|-damage|p2b: Iron Hands|42\/100\n|-unboost|p1b: Gholdengo|spa|1\n|move|p1a: Iron Hands|Drain Punch|p2b: Iron Hands\n|-damage|p2b: Iron Hands|25\/100\n|-enditem|p2b: Iron Hands|Figy Berry|[eat]\n|-heal|p2b: Iron Hands|58\/100|[from] item: Figy Berry\n|move|p2a: Klefki|Dazzling Gleam|p1b: Gholdengo|[spread] p1a,p1b\n|-supereffective|p1a: Iron Hands\n|-resisted|p1b: Gholdengo\n|-damage|p1a: Iron Hands|83\/100\n|-damage|p1b: Gholdengo|92\/100\n|move|p2b: Iron Hands|Drain Punch|p1a: Iron Hands\n|-damage|p1a: Iron Hands|57\/100\n|-heal|p2b: Iron Hands|71\/100|[from] drain|[of] p1a: Iron Hands\n|\n|-heal|p1b: Gholdengo|98\/100|[from] item: Leftovers\n|upkeep\n|turn|4\n|inactive|Bubbles303 has 30 seconds left.\n|inactive|cicibi has 30 seconds left.\n|\n|t:|1700520017\n|move|p1b: Gholdengo|Make It Rain|p2b: Iron Hands|[spread] p2a,p2b\n|-resisted|p2b: Iron Hands\n|-damage|p2a: Klefki|0 fnt\n|-damage|p2b: Iron Hands|55\/100\n|-unboost|p1b: Gholdengo|spa|1\n|faint|p2a: Klefki\n|move|p1a: Iron Hands|Wild Charge|p2b: Iron Hands\n|-resisted|p2b: Iron Hands\n|-damage|p2b: Iron Hands|45\/100\n|-damage|p1a: Iron Hands|54\/100|[from] Recoil\n|move|p2b: Iron Hands|Swords Dance|p2b: Iron Hands\n|-boost|p2b: Iron Hands|atk|2\n|\n|-heal|p1b: Gholdengo|100\/100|[from] item: Leftovers\n|-sideend|p1: Bubbles303|move: Tailwind\n|upkeep\n|\n|t:|1700520035\n|switch|p2a: Cresselia|Cresselia, L50, F|100\/100\n|turn|5\n|\n|t:|1700520057\n|move|p1b: Gholdengo|Shadow Ball|p2b: Iron Hands\n|-damage|p2b: Iron Hands|23\/100\n|move|p2a: Cresselia|Lunar Blessing|p2a: Cresselia|[spread] p2a,p2b\n|-heal|p2b: Iron Hands|48\/100\n|move|p2b: Iron Hands|Drain Punch|p1a: Iron Hands\n|-damage|p1a: Iron Hands|6\/100\n|-heal|p2b: Iron Hands|72\/100|[from] drain|[of] p1a: Iron Hands\n|move|p1a: Iron Hands|Drain Punch|p2b: Iron Hands\n|-damage|p2b: Iron Hands|55\/100\n|-heal|p1a: Iron Hands|15\/100|[from] drain|[of] p2b: Iron Hands\n|\n|upkeep\n|turn|6\n|\n|t:|1700520078\n|-end|p1a: Iron Hands|Quark Drive|[silent]\n|switch|p1a: Urshifu|Urshifu-Rapid-Strike, L50, M|100\/100\n|-terastallize|p1b: Gholdengo|Dragon\n|move|p1b: Gholdengo|Nasty Plot|p1b: Gholdengo\n|-boost|p1b: Gholdengo|spa|2\n|move|p2a: Cresselia|Lunar Blessing|p2a: Cresselia|[spread] p2a,p2b\n|-heal|p2b: Iron Hands|80\/100\n|move|p2b: Iron Hands|Drain Punch|p1a: Urshifu\n|-damage|p1a: Urshifu|19\/100\n|-heal|p2b: Iron Hands|100\/100|[from] drain|[of] p1a: Urshifu\n|\n|upkeep\n|turn|7\n|inactive|cicibi has 30 seconds left.\n|inactive|cicibi has 20 seconds left.\n|\n|t:|1700520118\n|-terastallize|p2b: Iron Hands|Water\n|move|p2a: Cresselia|Helping Hand|p2b: Iron Hands\n|-singleturn|p2b: Iron Hands|Helping Hand|[of] p2a: Cresselia\n|move|p1a: Urshifu|Surging Strikes|p2b: Iron Hands\n|-resisted|p2b: Iron Hands\n|-crit|p2b: Iron Hands\n|-damage|p2b: Iron Hands|94\/100\n|-resisted|p2b: Iron Hands\n|-crit|p2b: Iron Hands\n|-damage|p2b: Iron Hands|88\/100\n|-resisted|p2b: Iron Hands\n|-crit|p2b: Iron Hands\n|-damage|p2b: Iron Hands|82\/100\n|-hitcount|p2b: Iron Hands|3\n|move|p1b: Gholdengo|Make It Rain|p2a: Cresselia|[spread] p2a,p2b\n|-resisted|p2b: Iron Hands\n|-damage|p2a: Cresselia|61\/100\n|-damage|p2b: Iron Hands|58\/100\n|-unboost|p1b: Gholdengo|spa|1\n|move|p2b: Iron Hands|Drain Punch|p1b: Gholdengo\n|-damage|p1b: Gholdengo|1\/100\n|-heal|p2b: Iron Hands|97\/100|[from] drain|[of] p1b: Gholdengo\n|\n|-heal|p1b: Gholdengo|7\/100|[from] item: Leftovers\n|upkeep\n|turn|8\n|inactive|Bubbles303 has 30 seconds left.\n|inactive|cicibi has 30 seconds left.\n|-message|Bubbles303 forfeited.\n|\n|win|cicibi\n|raw|Bubbles303's rating: 1176 &rarr; <strong>1154<\/strong><br \/>(-22 for losing)\n|raw|cicibi's rating: 1211 &rarr; <strong>1233<\/strong><br \/>(+22 for winning)\n|l|\u2606Bubbles303\n","uploadtime":1700520159,"views":20,"p1id":"bubbles303","p2id":"cicibi","formatid":"gen9vgc2023regulatione","rating":1154,"private":0,"password":""}