{"id":"gen9vgc2023regulatione-1990615651","p1":"MichaelderBeste24","p2":"pkFusy04","format":"[Gen 9] VGC 2023 Regulation E","log":"|j|\u2606MichaelderBeste24\n|j|\u2606pkFusy04\n|n|\u2606MichaelderBeste24|michaelderbeste24\n|n|\u2606pkFusy04|pkfusy04\n|html|View the match progress at <a href=\"\/game-bestof3-gen9vgc2023regulatione-1990615650\">game-bestof3-gen9vgc2023regulatione-1990615650<\/a>\n|t:|1699985948\n|gametype|doubles\n|player|p1|MichaelderBeste24|102|\n|player|p2|pkFusy04|blackbelt-gen4dp|\n|teamsize|p1|6\n|teamsize|p2|6\n|gen|9\n|tier|[Gen 9] VGC 2023 Regulation E\n|rule|Species Clause: Limit one of each Pok\u00e9mon\n|rule|Item Clause: Limit one of each item\n|clearpoke\n|poke|p1|Iron Hands, L50|\n|poke|p1|Ursaluna, L50, F|\n|poke|p1|Urshifu-*, L50, F|\n|poke|p1|Heatran, L50, M|\n|poke|p1|Cresselia, L50, F|\n|poke|p1|Flutter Mane, L50|\n|poke|p2|Volcarona, L50, F|\n|poke|p2|Iron Hands, L50|\n|poke|p2|Landorus-Therian, L50, M|\n|poke|p2|Ogerpon-Wellspring, L50, F|\n|poke|p2|Rillaboom, L50, F|\n|poke|p2|Flutter Mane, L50|\n|teampreview|4\npkFusy04 has agreed to open team sheets.\nMichaelderBeste24 has agreed to open team sheets.\n|showteam|p1|Iron Hands||AssaultVest|QuarkDrive|VoltSwitch,DrainPunch,WildCharge,FakeOut||||||50|,,,,,Fire]Ursaluna||FlameOrb|Guts|Protect,Facade,Earthquake,SwordsDance|||F|||50|,,,,,Ghost]Urshifu||FocusSash|UnseenFist|WickedBlow,SuckerPunch,CloseCombat,Protect|||F|||50|,,,,,Dark]Heatran||LifeOrb|FlashFire|HeatWave,Protect,FlashCannon,EarthPower|||M|||50|,,,,,Grass]Cresselia||SafetyGoggles|Levitate|TrickRoom,LunarBlessing,IceBeam,AllySwitch|||F|||50|,,,,,Dark]Flutter Mane||BoosterEnergy|Protosynthesis|IcyWind,Moonblast,EnergyBall,Protect||||||50|,,,,,Grass\n|showteam|p2|Volcarona||SitrusBerry|FlameBody|HeatWave,QuiverDance,BugBuzz,Protect|||F|||50|,,,,,Water]Iron Hands||AssaultVest|QuarkDrive|DrainPunch,FakeOut,HeavySlam,WildCharge||||||50|,,,,,Fire]Landorus-Therian||ChoiceScarf|Intimidate|RockSlide,StompingTantrum,Uturn,TeraBlast|||M|||50|,,,,,Flying]Ogerpon-Wellspring||WellspringMask|WaterAbsorb|FollowMe,WoodHammer,IvyCudgel,SpikyShield|||F|||50|,,,,,Water]Rillaboom||GrassySeed|GrassySurge|WoodHammer,FakeOut,Protect,GrassyGlide|||F|||50|,,,,,Water]Flutter Mane||BoosterEnergy|Protosynthesis|Moonblast,Protect,ShadowBall,DazzlingGleam||||||50|,,,,,Fairy\n|c|\u2606MichaelderBeste24|Hi i will use timer\n|inactive|Battle timer is ON: inactive players will automatically lose when time's up. (requested by MichaelderBeste24)\n|\n|t:|1699985993\n|start\n|switch|p1a: Iron Hands|Iron Hands, L50|100\/100\n|switch|p1b: Cresselia|Cresselia, L50, F, shiny|100\/100\n|switch|p2a: Volcarona|Volcarona, L50, F|100\/100\n|switch|p2b: Iron Hands|Iron Hands, L50|100\/100\n|turn|1\n|\n|t:|1699986004\n|-end|p1a: Iron Hands|Quark Drive|[silent]\n|switch|p1a: Ursaluna|Ursaluna, L50, F|100\/100\n|move|p2b: Iron Hands|Fake Out|p1a: Ursaluna\n|-damage|p1a: Ursaluna|88\/100\n|move|p2a: Volcarona|Quiver Dance|p2a: Volcarona\n|-boost|p2a: Volcarona|spa|1\n|-boost|p2a: Volcarona|spd|1\n|-boost|p2a: Volcarona|spe|1\n|move|p1b: Cresselia|Trick Room|p1b: Cresselia\n|-fieldstart|move: Trick Room|[of] p1b: Cresselia\n|\n|-status|p1a: Ursaluna|brn|[from] item: Flame Orb\n|upkeep\n|turn|2\n|inactive|pkFusy04 has 30 seconds left.\n|\n|t:|1699986033\n|-end|p2b: Iron Hands|Quark Drive|[silent]\n|switch|p2b: Landorus|Landorus-Therian, L50, M|100\/100\n|-ability|p2b: Landorus|Intimidate|boost\n|-unboost|p1a: Ursaluna|atk|1\n|-unboost|p1b: Cresselia|atk|1\n|-terastallize|p1a: Ursaluna|Ghost\n|move|p1a: Ursaluna|Swords Dance|p1a: Ursaluna\n|-boost|p1a: Ursaluna|atk|2\n|move|p1b: Cresselia|Lunar Blessing|p1b: Cresselia|[spread] p1a,p1b\n|-heal|p1a: Ursaluna|100\/100 brn\n|-curestatus|p1a: Ursaluna|brn|[msg]\n|move|p2a: Volcarona|Bug Buzz|p1a: Ursaluna\n|-resisted|p1a: Ursaluna\n|-damage|p1a: Ursaluna|75\/100\n|\n|-status|p1a: Ursaluna|brn|[from] item: Flame Orb\n|upkeep\n|turn|3\n|\n|t:|1699986057\n|switch|p2b: Iron Hands|Iron Hands, L50|100\/100\n|move|p2a: Volcarona|Protect|p2a: Volcarona\n|-singleturn|p2a: Volcarona|Protect\n|move|p1a: Ursaluna|Facade|p2b: Iron Hands\n|-damage|p2b: Iron Hands|0 fnt\n|faint|p2b: Iron Hands\n|-end|p2b: Iron Hands|Quark Drive|[silent]\n|move|p1b: Cresselia|Lunar Blessing|p1b: Cresselia|[spread] p1a,p1b\n|-heal|p1a: Ursaluna|99\/100 brn\n|-curestatus|p1a: Ursaluna|brn|[msg]\n|\n|-status|p1a: Ursaluna|brn|[from] item: Flame Orb\n|upkeep\n|\n|t:|1699986063\n|switch|p2b: Landorus|Landorus-Therian, L50, M|100\/100\n|-ability|p2b: Landorus|Intimidate|boost\n|-unboost|p1a: Ursaluna|atk|1\n|-unboost|p1b: Cresselia|atk|1\n|turn|4\n|\n|t:|1699986077\n|move|p1a: Ursaluna|Facade|p2a: Volcarona\n|-damage|p2a: Volcarona|0 fnt\n|faint|p2a: Volcarona\n|move|p1b: Cresselia|Ice Beam|p2b: Landorus\n|-supereffective|p2b: Landorus\n|-damage|p2b: Landorus|20\/100\n|move|p2b: Landorus|U-turn|p1b: Cresselia\n|-supereffective|p1b: Cresselia\n|-damage|p1b: Cresselia|64\/100\n|\n|t:|1699986083\n|switch|p2b: Ogerpon|Ogerpon-Wellspring, L50, F|100\/100|[from] U-turn\n|\n|-damage|p1a: Ursaluna|94\/100 brn|[from] brn\n|upkeep\n|\n|t:|1699986084\n|switch|p2a: Landorus|Landorus-Therian, L50, M|20\/100\n|-ability|p2a: Landorus|Intimidate|boost\n|-unboost|p1a: Ursaluna|atk|1\n|-unboost|p1b: Cresselia|atk|1\n|turn|5\n|\n|t:|1699986097\n|-terastallize|p2b: Ogerpon|Water\n|detailschange|p2b: Ogerpon|Ogerpon-Wellspring-Tera, L50, F, tera:Water\n|-ability|p2b: Ogerpon|Embody Aspect (Wellspring)|boost\n|-boost|p2b: Ogerpon|spd|1\n|move|p1a: Ursaluna|Swords Dance|p1a: Ursaluna\n|-boost|p1a: Ursaluna|atk|2\n|move|p1b: Cresselia|Lunar Blessing|p1b: Cresselia|[spread] p1a,p1b\n|-heal|p1a: Ursaluna|100\/100 brn\n|-curestatus|p1a: Ursaluna|brn|[msg]\n|-heal|p1b: Cresselia|89\/100\n|move|p2b: Ogerpon|Ivy Cudgel|p1a: Ursaluna|[anim] Ivy Cudgel Water\n|-damage|p1a: Ursaluna|37\/100\n|move|p2a: Landorus|U-turn|p1b: Cresselia\n|-supereffective|p1b: Cresselia\n|-damage|p1b: Cresselia|52\/100\n|\n|-fieldend|move: Trick Room\n|-status|p1a: Ursaluna|brn|[from] item: Flame Orb\n|upkeep\n|turn|6\n|\n|t:|1699986114\n|move|p2a: Landorus|U-turn|p1b: Cresselia\n|-supereffective|p1b: Cresselia\n|-damage|p1b: Cresselia|18\/100\n|move|p2b: Ogerpon|Ivy Cudgel|p1b: Cresselia|[anim] Ivy Cudgel Water\n|-damage|p1b: Cresselia|0 fnt\n|faint|p1b: Cresselia\n|move|p1a: Ursaluna|Facade|p2a: Landorus\n|-damage|p2a: Landorus|0 fnt\n|faint|p2a: Landorus\n|\n|-damage|p1a: Ursaluna|31\/100 brn|[from] brn\n|upkeep\n|\n|t:|1699986119\n|switch|p1b: Iron Hands|Iron Hands, L50|100\/100\n|turn|7\n|\n|t:|1699986124\n|move|p2b: Ogerpon|Spiky Shield|p2b: Ogerpon\n|-singleturn|p2b: Ogerpon|move: Protect\n|move|p1b: Iron Hands|Fake Out|p2b: Ogerpon\n|-activate|p2b: Ogerpon|move: Protect\n|-damage|p1b: Iron Hands|88\/100|[from] Spiky Shield|[of] p2b: Ogerpon\n|move|p1a: Ursaluna|Swords Dance|p1a: Ursaluna\n|-boost|p1a: Ursaluna|atk|2\n|\n|-damage|p1a: Ursaluna|25\/100 brn|[from] brn\n|upkeep\n|turn|8\n|\n|t:|1699986140\n|move|p2b: Ogerpon|Ivy Cudgel|p1a: Ursaluna|[anim] Ivy Cudgel Water\n|-damage|p1a: Ursaluna|0 fnt\n|faint|p1a: Ursaluna\n|move|p1b: Iron Hands|Wild Charge|p2b: Ogerpon\n|-supereffective|p2b: Ogerpon\n|-damage|p2b: Ogerpon|0 fnt\n|faint|p2b: Ogerpon\n|-damage|p1b: Iron Hands|72\/100|[from] Recoil\n|\n|win|MichaelderBeste24\n|c|&|\/uhtml prompt-pkfusy04,pkFusy04 is ready for game 2!\n|c|&|\/uhtml prompt-pkfusy04,pkFusy04 is ready for game 2!\n|inactive|MichaelderBeste24 has 50 seconds to confirm battle start!\n|c|&|\/uhtml prompt-pkfusy04,pkFusy04 is ready for game 2!\n|inactive|MichaelderBeste24 has 40 seconds to confirm battle start!\n|inactive|MichaelderBeste24 has 30 seconds to confirm battle start!\n|c|&|\/uhtml prompt-michaelderbeste24,MichaelderBeste24 is ready for game 2!\nBoth players are ready! Starting next match!\n","uploadtime":1699986429,"views":31,"p1id":"michaelderbeste24","p2id":"pkfusy04","formatid":"gen9vgc2023regulatione","rating":0,"private":0,"password":""}