{"id":"gen9vgc2023regulatione-1995153261","p1":"Venefici","p2":"bzln","format":"[Gen 9] VGC 2023 Regulation E","log":"|j|\u2606Venefici\n|j|\u2606bzln\n|t:|1700528518\n|gametype|doubles\n|player|p1|Venefici|hugh|1090\n|player|p2|bzln|170|1068\n|teamsize|p1|6\n|teamsize|p2|6\n|gen|9\n|tier|[Gen 9] VGC 2023 Regulation E\n|rated|\n|rule|Species Clause: Limit one of each Pok\u00e9mon\n|rule|Item Clause: Limit one of each item\n|clearpoke\n|poke|p1|Volcarona, L50, M|\n|poke|p1|Rillaboom, L50, F|\n|poke|p1|Palafin, L50, M|\n|poke|p1|Roaring Moon, L50|\n|poke|p1|Iron Hands, L50|\n|poke|p1|Farigiraf, L50, F|\n|poke|p2|Flutter Mane, L50|\n|poke|p2|Raichu, L50, M|\n|poke|p2|Heatran, L50, F|\n|poke|p2|Landorus-Therian, L50, M|\n|poke|p2|Iron Valiant, L50|\n|poke|p2|Goodra-Hisui, L50, F|\n|teampreview|4\n|inactive|Battle timer is ON: inactive players will automatically lose when time's up. (requested by Venefici)\n|inactive|Venefici has 60 seconds left.\n|\n|t:|1700528556\n|start\n|switch|p1a: Volcarona|Volcarona, L50, M|100\/100\n|switch|p1b: Palafin|Palafin, L50, M|100\/100\n|switch|p2a: Flutter Mane|Flutter Mane, L50|100\/100\n|switch|p2b: Raichu|Raichu, L50, M, shiny|100\/100\n|turn|1\n|inactive|bzln has 30 seconds left.\n|\n|t:|1700528584\n|move|p1b: Palafin|Jet Punch|p2a: Flutter Mane\n|-damage|p2a: Flutter Mane|56\/100\n|move|p2a: Flutter Mane|Moonblast|p1b: Palafin\n|-damage|p1b: Palafin|25\/100\n|-enditem|p1b: Palafin|Eject Button\n|\n|t:|1700528594\n|detailschange|p1b: Palafin|Palafin-Hero, L50, M\n|switch|p1b: Iron Hands|Iron Hands, L50|100\/100\n|move|p2b: Raichu|Nuzzle|p1b: Iron Hands\n|-resisted|p1b: Iron Hands\n|-damage|p1b: Iron Hands|98\/100\n|move|p1a: Volcarona|Quiver Dance|p1a: Volcarona\n|-boost|p1a: Volcarona|spa|1\n|-boost|p1a: Volcarona|spd|1\n|-boost|p1a: Volcarona|spe|1\n|\n|upkeep\n|turn|2\n|inactive|bzln has 30 seconds left.\n|\n|t:|1700528623\n|-terastallize|p2a: Flutter Mane|Fairy\n|move|p1a: Volcarona|Protect|p1a: Volcarona\n|-singleturn|p1a: Volcarona|Protect\n|move|p2a: Flutter Mane|Moonblast|p1b: Iron Hands\n|-supereffective|p1b: Iron Hands\n|-damage|p1b: Iron Hands|0 fnt\n|faint|p1b: Iron Hands\n|-end|p1b: Iron Hands|Quark Drive|[silent]\n|move|p2b: Raichu|Volt Switch|p1a: Volcarona\n|-activate|p1a: Volcarona|move: Protect\n|\n|upkeep\n|\n|t:|1700528645\n|switch|p1b: Rillaboom|Rillaboom, L50, F|100\/100\n|-fieldstart|move: Grassy Terrain|[from] ability: Grassy Surge|[of] p1b: Rillaboom\n|turn|3\n|\n|t:|1700528666\n|move|p1b: Rillaboom|Fake Out|p2a: Flutter Mane\n|-damage|p2a: Flutter Mane|30\/100\n|cant|p2a: Flutter Mane|flinch\n|move|p1a: Volcarona|Fiery Dance|p2a: Flutter Mane\n|-damage|p2a: Flutter Mane|0 fnt\n|-boost|p1a: Volcarona|spa|1\n|faint|p2a: Flutter Mane\n|-end|p2a: Flutter Mane|Protosynthesis|[silent]\n|move|p2b: Raichu|Encore|p1a: Volcarona\n|-start|p1a: Volcarona|Encore\n|\n|upkeep\n|\n|t:|1700528679\n|switch|p2a: Landorus|Landorus-Therian, L50, M|100\/100\n|-ability|p2a: Landorus|Intimidate|boost\n|-unboost|p1a: Volcarona|atk|1\n|-unboost|p1b: Rillaboom|atk|1\n|turn|4\n|\n|t:|1700528708\n|-terastallize|p1a: Volcarona|Dragon\n|move|p2a: Landorus|Stomping Tantrum|p1a: Volcarona\n|-damage|p1a: Volcarona|58\/100\n|move|p1a: Volcarona|Fiery Dance|p2a: Landorus\n|-damage|p2a: Landorus|0 fnt\n|-boost|p1a: Volcarona|spa|1\n|faint|p2a: Landorus\n|move|p2b: Raichu|Nuzzle|p1a: Volcarona\n|-resisted|p1a: Volcarona\n|-damage|p1a: Volcarona|54\/100\n|-status|p1a: Volcarona|par\n|move|p1b: Rillaboom|Knock Off|p2b: Raichu\n|-damage|p2b: Raichu|59\/100\n|-enditem|p2b: Raichu|Focus Sash|[from] move: Knock Off|[of] p1b: Rillaboom\n|\n|-heal|p2b: Raichu|65\/100|[from] Grassy Terrain\n|-heal|p1a: Volcarona|60\/100 par|[from] Grassy Terrain\n|-heal|p1a: Volcarona|66\/100 par|[from] item: Leftovers\n|upkeep\n|\n|t:|1700528728\n|switch|p2a: Iron Valiant|Iron Valiant, L50, shiny|100\/100\n|-enditem|p2a: Iron Valiant|Booster Energy\n|-activate|p2a: Iron Valiant|ability: Quark Drive|[fromitem]\n|-start|p2a: Iron Valiant|quarkdrivespe\n|turn|5\n|inactive|Venefici has 30 seconds left.\n|inactive|Venefici has 20 seconds left.\n|\n|t:|1700528767\n|move|p2a: Iron Valiant|Moonblast|p1a: Volcarona\n|-supereffective|p1a: Volcarona\n|-damage|p1a: Volcarona|22\/100 par\n|move|p2b: Raichu|Nuzzle|p1b: Rillaboom\n|-resisted|p1b: Rillaboom\n|-crit|p1b: Rillaboom\n|-damage|p1b: Rillaboom|96\/100\n|-status|p1b: Rillaboom|par\n|-damage|p2b: Raichu|49\/100|[from] item: Rocky Helmet|[of] p1b: Rillaboom\n|cant|p1a: Volcarona|par\n|move|p1b: Rillaboom|U-turn|p2a: Iron Valiant\n|-resisted|p2a: Iron Valiant\n|-damage|p2a: Iron Valiant|97\/100\n|\n|t:|1700528779\n|switch|p1b: Palafin|Palafin-Hero, L50, M|25\/100|[from] U-turn\n|-activate|p1b: Palafin|ability: Zero to Hero\n|\n|-heal|p2a: Iron Valiant|100\/100|[from] Grassy Terrain\n|-heal|p2b: Raichu|55\/100|[from] Grassy Terrain\n|-heal|p1b: Palafin|31\/100|[from] Grassy Terrain\n|-heal|p1a: Volcarona|28\/100 par|[from] Grassy Terrain\n|-heal|p1a: Volcarona|33\/100 par|[from] item: Leftovers\n|upkeep\n|turn|6\n|\n|t:|1700528801\n|move|p1b: Palafin|Protect|p1b: Palafin\n|-singleturn|p1b: Palafin|Protect\n|move|p2a: Iron Valiant|Moonblast|p1a: Volcarona\n|-supereffective|p1a: Volcarona\n|-damage|p1a: Volcarona|0 fnt\n|faint|p1a: Volcarona\n|move|p2b: Raichu|Volt Switch|p1b: Palafin\n|-activate|p1b: Palafin|move: Protect\n|\n|-heal|p2b: Raichu|61\/100|[from] Grassy Terrain\n|-heal|p1b: Palafin|37\/100|[from] Grassy Terrain\n|upkeep\n|\n|t:|1700528813\n|switch|p1a: Rillaboom|Rillaboom, L50, F|96\/100 par\n|turn|7\n|\n|t:|1700528832\n|move|p1a: Rillaboom|Fake Out|p2b: Raichu\n|-damage|p2b: Raichu|34\/100\n|move|p2a: Iron Valiant|Hypnosis||[still]\n|-fail|p2a: Iron Valiant\n|cant|p2b: Raichu|flinch\n|move|p1b: Palafin|Acrobatics|p2a: Iron Valiant\n|-supereffective|p2a: Iron Valiant\n|-damage|p2a: Iron Valiant|5\/100\n|\n|-heal|p2a: Iron Valiant|11\/100|[from] Grassy Terrain\n|-heal|p2b: Raichu|40\/100|[from] Grassy Terrain\n|-heal|p1b: Palafin|43\/100|[from] Grassy Terrain\n|-heal|p1a: Rillaboom|100\/100 par|[from] Grassy Terrain\n|-fieldend|move: Grassy Terrain\n|upkeep\n|turn|8\n|inactive|Venefici has 30 seconds left.\n|inactive|Venefici has 20 seconds left.\n|\n|t:|1700528869\n|move|p1b: Palafin|Protect|p1b: Palafin\n|-singleturn|p1b: Palafin|Protect\n|move|p2a: Iron Valiant|Moonblast|p1b: Palafin\n|-activate|p1b: Palafin|move: Protect\n|move|p2b: Raichu|Volt Switch|p1b: Palafin\n|-activate|p1b: Palafin|move: Protect\n|move|p1a: Rillaboom|Grassy Glide|p2a: Iron Valiant\n|-damage|p2a: Iron Valiant|0 fnt\n|faint|p2a: Iron Valiant\n|-end|p2a: Iron Valiant|Quark Drive|[silent]\n|\n|upkeep\n|turn|9\n|inactive|Venefici has 30 seconds left.\n|\n|t:|1700528895\n|move|p1b: Palafin|Jet Punch|p2b: Raichu\n|-damage|p2b: Raichu|0 fnt\n|faint|p2b: Raichu\n|\n|win|Venefici\n|raw|Venefici's rating: 1090 &rarr; <strong>1115<\/strong><br \/>(+25 for winning)\n|raw|bzln's rating: 1068 &rarr; <strong>1049<\/strong><br \/>(-19 for losing)\n","uploadtime":1700528902,"views":3,"p1id":"venefici","p2id":"bzln","formatid":"gen9vgc2023regulatione","rating":1049,"private":0,"password":""}