{"id":"gen9vgc2023regulatione-1996440152","p1":"astrangerinthetub","p2":"cobra-laminas","format":"[Gen 9] VGC 2023 Regulation E","log":"|j|\u2606astrangerinthetub\n|j|\u2606cobra-laminas\n|t:|1700682202\n|gametype|doubles\n|player|p1|astrangerinthetub|sailor|1158\n|player|p2|cobra-laminas|102|1171\n|teamsize|p1|6\n|teamsize|p2|6\n|gen|9\n|tier|[Gen 9] VGC 2023 Regulation E\n|rated|\n|rule|Species Clause: Limit one of each Pok\u00e9mon\n|rule|Item Clause: Limit one of each item\n|clearpoke\n|poke|p1|Farigiraf, L50, F|\n|poke|p1|Torterra, L50, F|\n|poke|p1|Dragonite, L50, M|\n|poke|p1|Rillaboom, L50, M|\n|poke|p1|Iron Hands, L50|\n|poke|p1|Tornadus, L50, M|\n|poke|p2|Armarouge, L50, M|\n|poke|p2|Torkoal, L50, M|\n|poke|p2|Kingambit, L50, M|\n|poke|p2|Indeedee-F, L50, F|\n|poke|p2|Enamorus-Therian, L50, F|\n|poke|p2|Ditto, L50|\n|teampreview|4\n|inactive|Battle timer is ON: inactive players will automatically lose when time's up. (requested by astrangerinthetub)\n|\n|t:|1700682224\n|start\n|switch|p1a: Tornadus|Tornadus, L50, M|100\/100\n|switch|p1b: Torterra|Torterra, L50, F|100\/100\n|switch|p2a: Kingambit|Kingambit, L50, M|100\/100\n|switch|p2b: Indeedee|Indeedee-F, L50, F|100\/100\n|-fieldstart|move: Psychic Terrain|[from] ability: Psychic Surge|[of] p2b: Indeedee\n|-enditem|p2b: Indeedee|Psychic Seed\n|-boost|p2b: Indeedee|spd|1|[from] item: Psychic Seed\n|turn|1\n|inactive|astrangerinthetub has 30 seconds left.\n|\n|t:|1700682250\n|move|p1a: Tornadus|Bleakwind Storm|p2b: Indeedee|[spread] p2b\n|-miss|p1a: Tornadus|p2a: Kingambit\n|-damage|p2b: Indeedee|78\/100\n|-unboost|p2b: Indeedee|spe|1\n|move|p2a: Kingambit|Swords Dance|p2a: Kingambit\n|-boost|p2a: Kingambit|atk|2\n|move|p1b: Torterra|Headlong Rush|p2a: Kingambit\n|-supereffective|p2a: Kingambit\n|-crit|p2a: Kingambit\n|-damage|p2a: Kingambit|0 fnt\n|-unboost|p1b: Torterra|def|1\n|-unboost|p1b: Torterra|spd|1\n|faint|p2a: Kingambit\n|move|p2b: Indeedee|Trick Room|p2b: Indeedee\n|-fieldstart|move: Trick Room|[of] p2b: Indeedee\n|\n|upkeep\n|\n|t:|1700682261\n|switch|p2a: Armarouge|Armarouge, L50, M|100\/100\n|turn|2\n|\n|t:|1700682272\n|-terastallize|p1b: Torterra|Water\n|move|p2b: Indeedee|Helping Hand|p2a: Armarouge\n|-singleturn|p2a: Armarouge|Helping Hand|[of] p2b: Indeedee\n|move|p1a: Tornadus|Rain Dance|p1a: Tornadus\n|-weather|RainDance\n|move|p1b: Torterra|Headlong Rush|p2a: Armarouge\n|-supereffective|p2a: Armarouge\n|-damage|p2a: Armarouge|0 fnt\n|-unboost|p1b: Torterra|def|1\n|-unboost|p1b: Torterra|spd|1\n|faint|p2a: Armarouge\n|\n|-weather|RainDance|[upkeep]\n|upkeep\n|\n|t:|1700682279\n|switch|p2a: Torkoal|Torkoal, L50, M|100\/100\n|-weather|SunnyDay|[from] ability: Drought|[of] p2a: Torkoal\n|turn|3\n|\n|t:|1700682284\n|move|p2b: Indeedee|Helping Hand|p2a: Torkoal\n|-singleturn|p2a: Torkoal|Helping Hand|[of] p2b: Indeedee\n|move|p1a: Tornadus|Rain Dance|p1a: Tornadus\n|-weather|RainDance\n|move|p2a: Torkoal|Eruption|p1a: Tornadus|[spread] p1a,p1b\n|-resisted|p1b: Torterra\n|-damage|p1a: Tornadus|40\/100\n|-damage|p1b: Torterra|71\/100\n|move|p1b: Torterra|Headlong Rush|p2a: Torkoal\n|-supereffective|p2a: Torkoal\n|-damage|p2a: Torkoal|8\/100\n|-unboost|p1b: Torterra|def|1\n|-unboost|p1b: Torterra|spd|1\n|\n|-weather|RainDance|[upkeep]\n|upkeep\n|turn|4\n|inactive|astrangerinthetub has 30 seconds left.\n|\n|t:|1700682311\n|move|p2a: Torkoal|Flamethrower|p1b: Torterra\n|-resisted|p1b: Torterra\n|-damage|p1b: Torterra|51\/100\n|move|p1b: Torterra|Rock Slide|p2b: Indeedee|[spread] p2a,p2b\n|-supereffective|p2a: Torkoal\n|-damage|p2a: Torkoal|0 fnt\n|-damage|p2b: Indeedee|52\/100\n|faint|p2a: Torkoal\n|cant|p2b: Indeedee|flinch\n|move|p1a: Tornadus|Bleakwind Storm|p2b: Indeedee\n|-damage|p2b: Indeedee|18\/100\n|-unboost|p2b: Indeedee|spe|1\n|\n|-weather|RainDance|[upkeep]\n|upkeep\n|turn|5\n|\n|t:|1700682327\n|move|p1b: Torterra|Wood Hammer|p2b: Indeedee\n|-damage|p2b: Indeedee|0 fnt\n|faint|p2b: Indeedee\n|-damage|p1b: Torterra|46\/100|[from] Recoil\n|\n|win|astrangerinthetub\n|raw|astrangerinthetub's rating: 1158 &rarr; <strong>1184<\/strong><br \/>(+26 for winning)\n|raw|cobra-laminas's rating: 1171 &rarr; <strong>1145<\/strong><br \/>(-26 for losing)\n|l|\u2606cobra-laminas\n","uploadtime":1700682336,"views":1,"p1id":"astrangerinthetub","p2id":"cobralaminas","formatid":"gen9vgc2023regulatione","rating":1145,"private":0,"password":""}