{"id":"gen9vgc2023regulatione-1994172045","p1":"Azuael","p2":"ChoccyMilkMafia","format":"[Gen 9] VGC 2023 Regulation E","log":"|j|\u2606Azuael\n|j|\u2606ChoccyMilkMafia\n|t:|1700415150\n|gametype|doubles\n|player|p1|Azuael|102|1106\n|player|p2|ChoccyMilkMafia|kieran|1141\n|teamsize|p1|6\n|teamsize|p2|6\n|gen|9\n|tier|[Gen 9] VGC 2023 Regulation E\n|rated|\n|rule|Species Clause: Limit one of each Pok\u00e9mon\n|rule|Item Clause: Limit one of each item\n|clearpoke\n|poke|p1|Shiftry, L50, F|\n|poke|p1|Ninetales, L50, M|\n|poke|p1|Roaring Moon, L50|\n|poke|p1|Flutter Mane, L50|\n|poke|p1|Chi-Yu, L50|\n|poke|p1|Landorus-Therian, L50, M|\n|poke|p2|Kommo-o, L50, M|\n|poke|p2|Kingambit, L50, M|\n|poke|p2|Sinistcha, L50|\n|poke|p2|Farigiraf, L50, F|\n|poke|p2|Fezandipiti, L50, M|\n|poke|p2|Ninetales-Alola, L50, F|\n|teampreview|4\nChoccyMilkMafia has agreed to open team sheets.\n|\n|t:|1700415263\n|start\n|switch|p1a: Shiftry|Shiftry, L50, F|100\/100\n|switch|p1b: Roaring Moon|Roaring Moon, L50|100\/100\n|switch|p2a: Fezandipiti|Fezandipiti, L50, M|100\/100\n|switch|p2b: Kingambit|Kingambit, L50, M|100\/100\n|-enditem|p1b: Roaring Moon|Booster Energy\n|-activate|p1b: Roaring Moon|ability: Protosynthesis|[fromitem]\n|-start|p1b: Roaring Moon|protosynthesisatk\n|turn|1\n|inactive|Battle timer is ON: inactive players will automatically lose when time's up. (requested by Azuael)\n|\n|t:|1700415290\n|move|p1a: Shiftry|Fake Out|p2b: Kingambit\n|-resisted|p2b: Kingambit\n|-damage|p2b: Kingambit|96\/100\n|move|p1b: Roaring Moon|Acrobatics|p2a: Fezandipiti\n|-damage|p2a: Fezandipiti|45\/100\n|-enditem|p2a: Fezandipiti|Sitrus Berry|[eat]\n|-heal|p2a: Fezandipiti|70\/100|[from] item: Sitrus Berry\n|move|p2a: Fezandipiti|Tailwind|p2a: Fezandipiti\n|-sidestart|p2: ChoccyMilkMafia|move: Tailwind\n|cant|p2b: Kingambit|flinch\n|\n|upkeep\n|turn|2\n|\n|t:|1700415315\n|-end|p1b: Roaring Moon|Protosynthesis|[silent]\n|switch|p1b: Chi-Yu|Chi-Yu, L50|100\/100\n|-ability|p1b: Chi-Yu|Beads of Ruin\n|move|p2a: Fezandipiti|Acid Spray|p1a: Shiftry\n|-supereffective|p1a: Shiftry\n|-damage|p1a: Shiftry|63\/100\n|-unboost|p1a: Shiftry|spd|2\n|move|p2b: Kingambit|Low Kick|p1b: Chi-Yu\n|-supereffective|p1b: Chi-Yu\n|-damage|p1b: Chi-Yu|80\/100\n|move|p1a: Shiftry|Tailwind|p1a: Shiftry\n|-sidestart|p1: Azuael|move: Tailwind\n|\n|upkeep\n|turn|3\n|inactive|ChoccyMilkMafia has 30 seconds left.\n|\n|t:|1700415343\n|switch|p1a: Ninetales|Ninetales, L50, M, shiny|100\/100\n|-weather|SunnyDay|[from] ability: Drought|[of] p1a: Ninetales\n|-terastallize|p2b: Kingambit|Water\n|move|p1b: Chi-Yu|Heat Wave|p2a: Fezandipiti|[spread] p2a,p2b\n|-resisted|p2b: Kingambit\n|-damage|p2a: Fezandipiti|15\/100\n|-damage|p2b: Kingambit|68\/100\n|-damage|p1b: Chi-Yu|71\/100|[from] item: Life Orb\n|move|p2a: Fezandipiti|Acid Spray|p1b: Chi-Yu\n|-damage|p1b: Chi-Yu|58\/100\n|-unboost|p1b: Chi-Yu|spd|2\n|move|p2b: Kingambit|Assurance|p1b: Chi-Yu\n|-resisted|p1b: Chi-Yu\n|-damage|p1b: Chi-Yu|15\/100\n|\n|-weather|SunnyDay|[upkeep]\n|upkeep\n|turn|4\n|\n|t:|1700415367\n|move|p1b: Chi-Yu|Protect|p1b: Chi-Yu\n|-singleturn|p1b: Chi-Yu|Protect\n|move|p2b: Kingambit|Sucker Punch||[still]\n|-fail|p2b: Kingambit\n|move|p1a: Ninetales|Solar Beam||[still]\n|-prepare|p1a: Ninetales|Solar Beam\n|-anim|p1a: Ninetales|Solar Beam|p2b: Kingambit\n|-supereffective|p2b: Kingambit\n|-damage|p2b: Kingambit|9\/100\n|move|p2a: Fezandipiti|Roost|p2a: Fezandipiti\n|-heal|p2a: Fezandipiti|65\/100\n|-singleturn|p2a: Fezandipiti|move: Roost\n|\n|-weather|SunnyDay|[upkeep]\n|-sideend|p2: ChoccyMilkMafia|move: Tailwind\n|upkeep\n|turn|5\n|\n|t:|1700415384\n|switch|p1b: Roaring Moon|Roaring Moon, L50|100\/100\n|-activate|p1b: Roaring Moon|ability: Protosynthesis\n|-start|p1b: Roaring Moon|protosynthesisatk\n|switch|p2b: Ninetales|Ninetales-Alola, L50, F|100\/100\n|-weather|Snow|[from] ability: Snow Warning|[of] p2b: Ninetales\n|-end|p1b: Roaring Moon|Protosynthesis\n|move|p1a: Ninetales|Solar Beam||[still]\n|-prepare|p1a: Ninetales|Solar Beam\n|move|p2a: Fezandipiti|Tailwind|p2a: Fezandipiti\n|-sidestart|p2: ChoccyMilkMafia|move: Tailwind\n|\n|-weather|Snow|[upkeep]\n|-sideend|p1: Azuael|move: Tailwind\n|upkeep\n|turn|6\n|inactive|Azuael has 30 seconds left.\n|\n|t:|1700415412\n|move|p1b: Roaring Moon|Protect|p1b: Roaring Moon\n|-singleturn|p1b: Roaring Moon|Protect\n|move|p2b: Ninetales|Aurora Veil|p2b: Ninetales\n|-sidestart|p2: ChoccyMilkMafia|move: Aurora Veil\n|move|p2a: Fezandipiti|Icy Wind|p1b: Roaring Moon|[spread] p1a\n|-activate|p1b: Roaring Moon|move: Protect\n|-resisted|p1a: Ninetales\n|-damage|p1a: Ninetales|96\/100\n|-unboost|p1a: Ninetales|spe|1\n|move|p1a: Ninetales|Solar Beam|p2b: Ninetales|[from]lockedmove\n|-damage|p2b: Ninetales|91\/100\n|\n|-weather|Snow|[upkeep]\n|upkeep\n|turn|7\n|\n|t:|1700415433\n|-end|p1b: Roaring Moon|Protosynthesis|[silent]\n|switch|p1b: Shiftry|Shiftry, L50, F|63\/100\n|switch|p1a: Chi-Yu|Chi-Yu, L50|15\/100\n|-ability|p1a: Chi-Yu|Beads of Ruin\n|move|p2b: Ninetales|Moonblast|p1b: Shiftry\n|-supereffective|p1b: Shiftry\n|-damage|p1b: Shiftry|0 fnt\n|faint|p1b: Shiftry\n|move|p2a: Fezandipiti|Acid Spray|p1a: Chi-Yu\n|-damage|p1a: Chi-Yu|3\/100\n|-unboost|p1a: Chi-Yu|spd|2\n|\n|-weather|Snow|[upkeep]\n|upkeep\n|\n|t:|1700415453\n|switch|p1b: Ninetales|Ninetales, L50, M, shiny|96\/100\n|-weather|SunnyDay|[from] ability: Drought|[of] p1b: Ninetales\n|turn|8\n|\n|t:|1700415467\n|move|p1a: Chi-Yu|Protect|p1a: Chi-Yu\n|-singleturn|p1a: Chi-Yu|Protect\n|move|p2b: Ninetales|Icy Wind|p1b: Ninetales|[spread] p1b\n|-activate|p1a: Chi-Yu|move: Protect\n|-resisted|p1b: Ninetales\n|-damage|p1b: Ninetales|84\/100\n|-unboost|p1b: Ninetales|spe|1\n|move|p2a: Fezandipiti|Roost|p2a: Fezandipiti\n|-heal|p2a: Fezandipiti|100\/100\n|-singleturn|p2a: Fezandipiti|move: Roost\n|move|p1b: Ninetales|Heat Wave|p2a: Fezandipiti|[spread] p2a,p2b\n|-supereffective|p2b: Ninetales\n|-damage|p2a: Fezandipiti|77\/100\n|-damage|p2b: Ninetales|23\/100\n|\n|-weather|SunnyDay|[upkeep]\n|-sideend|p2: ChoccyMilkMafia|move: Tailwind\n|upkeep\n|turn|9\n|\n|t:|1700415488\n|switch|p2b: Kommo-o|Kommo-o, L50, M|100\/100\n|move|p1a: Chi-Yu|Heat Wave|p2b: Kommo-o|[spread] p2a,p2b\n|-resisted|p2b: Kommo-o\n|-damage|p2a: Fezandipiti|39\/100\n|-damage|p2b: Kommo-o|77\/100\n|-damage|p1a: Chi-Yu|0 fnt|[from] item: Life Orb\n|faint|p1a: Chi-Yu\n|move|p2a: Fezandipiti|Icy Wind|p1b: Ninetales\n|-resisted|p1b: Ninetales\n|-damage|p1b: Ninetales|78\/100\n|-unboost|p1b: Ninetales|spe|1\n|move|p1b: Ninetales|Heat Wave|p2b: Kommo-o|[spread] p2b\n|-miss|p1b: Ninetales|p2a: Fezandipiti\n|-resisted|p2b: Kommo-o\n|-damage|p2b: Kommo-o|65\/100\n|\n|-weather|SunnyDay|[upkeep]\n|upkeep\n|\n|t:|1700415506\n|switch|p1a: Roaring Moon|Roaring Moon, L50|100\/100\n|-activate|p1a: Roaring Moon|ability: Protosynthesis\n|-start|p1a: Roaring Moon|protosynthesisatk\n|turn|10\n|\n|t:|1700415524\n|switch|p2b: Ninetales|Ninetales-Alola, L50, F|23\/100\n|-weather|Snow|[from] ability: Snow Warning|[of] p2b: Ninetales\n|-end|p1a: Roaring Moon|Protosynthesis\n|move|p1a: Roaring Moon|Breaking Swipe|p2a: Fezandipiti|[spread] \n|-immune|p2a: Fezandipiti\n|-immune|p2b: Ninetales\n|move|p2a: Fezandipiti|Roost|p2a: Fezandipiti\n|-heal|p2a: Fezandipiti|89\/100\n|-singleturn|p2a: Fezandipiti|move: Roost\n|move|p1b: Ninetales|Will-O-Wisp|p2b: Ninetales\n|-status|p2b: Ninetales|brn\n|\n|-weather|Snow|[upkeep]\n|-damage|p2b: Ninetales|17\/100 brn|[from] brn\n|upkeep\n|turn|11\n|l|\u2606Azuael\n|inactive|Azuael disconnected and has a minute to reconnect!\n|player|p1|\n|inactive|Azuael has 30 seconds left.\n|inactive|Azuael has 20 seconds left.\n|inactive|Azuael has 15 seconds left.\n|inactive|Azuael has 10 seconds left.\n|inactive|Azuael has 5 seconds left.\n|-message|Azuael lost due to inactivity.\n|\n|win|ChoccyMilkMafia\n|raw|Azuael's rating: 1106 &rarr; <strong>1084<\/strong><br \/>(-22 for losing)\n|raw|ChoccyMilkMafia's rating: 1141 &rarr; <strong>1163<\/strong><br \/>(+22 for winning)\n","uploadtime":1700415582,"views":14,"p1id":"azuael","p2id":"choccymilkmafia","formatid":"gen9vgc2023regulatione","rating":1084,"private":0,"password":""}