{"id":"gen9vgc2023regulatione-1999744391","p1":"TrendanBrendan","p2":"Remote Worker","format":"[Gen 9] VGC 2023 Regulation E","log":"|j|\u2606TrendanBrendan\n|j|\u2606Remote Worker\n|t:|1701112858\n|gametype|doubles\n|player|p1|TrendanBrendan|elio|1285\n|player|p2|Remote Worker|1|1318\n|teamsize|p1|6\n|teamsize|p2|6\n|gen|9\n|tier|[Gen 9] VGC 2023 Regulation E\n|rated|\n|rule|Species Clause: Limit one of each Pok\u00e9mon\n|rule|Item Clause: Limit one of each item\n|clearpoke\n|poke|p1|Amoonguss, L50, F|\n|poke|p1|Heatran, L50, F|\n|poke|p1|Roaring Moon, L50|\n|poke|p1|Iron Hands, L50|\n|poke|p1|Flutter Mane, L50|\n|poke|p1|Landorus-Therian, L50, M|\n|poke|p2|Urshifu-*, L50, F|\n|poke|p2|Thundurus, L50, M|\n|poke|p2|Arcanine-Hisui, L50, F|\n|poke|p2|Brute Bonnet, L50|\n|poke|p2|Flutter Mane, L50|\n|poke|p2|Munkidori, L50, M|\n|teampreview|4\n|inactive|Battle timer is ON: inactive players will automatically lose when time's up. (requested by Remote Worker)\n|c|\u2606TrendanBrendan|glhf\n|c|\u2606TrendanBrendan|love the munki\n|c|\u2606TrendanBrendan|: 0\nTrendanBrendan has agreed to open team sheets.\n|c|\u2606Remote Worker|thx, u2\n|inactive|TrendanBrendan has 60 seconds left.\n|inactive|Remote Worker has 60 seconds left.\n|\n|t:|1701112909\n|start\n|switch|p1a: Roaring Moon|Roaring Moon, L50|100\/100\n|switch|p1b: Iron Hands|Iron Hands, L50|100\/100\n|switch|p2a: Arcanine|Arcanine-Hisui, L50, F|100\/100\n|switch|p2b: Munkidori|Munkidori, L50, M|100\/100\n|-item|p1a: Roaring Moon|Booster Energy|[from] ability: Frisk|[of] p2b: Munkidori|[identify]\n|-item|p1b: Iron Hands|Assault Vest|[from] ability: Frisk|[of] p2b: Munkidori|[identify]\n|-ability|p2a: Arcanine|Intimidate|boost\n|-unboost|p1a: Roaring Moon|atk|1\n|-unboost|p1b: Iron Hands|atk|1\n|-enditem|p1a: Roaring Moon|Booster Energy\n|-activate|p1a: Roaring Moon|ability: Protosynthesis|[fromitem]\n|-start|p1a: Roaring Moon|protosynthesisspe\n|turn|1\n|inactive|Remote Worker has 30 seconds left.\n|inactive|Remote Worker has 20 seconds left.\n|inactive|Remote Worker has 15 seconds left.\n|inactive|Remote Worker has 10 seconds left.\n|inactive|Remote Worker has 5 seconds left.\n|\n|t:|1701112960\n|switch|p2a: Thundurus|Thundurus, L50, M|100\/100\n|move|p1b: Iron Hands|Fake Out|p2a: Thundurus\n|-damage|p2a: Thundurus|87\/100\n|move|p1a: Roaring Moon|Knock Off|p2b: Munkidori\n|-supereffective|p2b: Munkidori\n|-enditem|p2b: Munkidori|Focus Sash\n|-damage|p2b: Munkidori|1\/100\n|move|p2b: Munkidori|Parting Shot|p1b: Iron Hands\n|-unboost|p1b: Iron Hands|atk|1\n|-unboost|p1b: Iron Hands|spa|1\n|\n|t:|1701112965\n|switch|p2b: Arcanine|Arcanine-Hisui, L50, F|100\/100|[from] Parting Shot\n|-ability|p2b: Arcanine|Intimidate|boost\n|-unboost|p1a: Roaring Moon|atk|1\n|-unboost|p1b: Iron Hands|atk|1\n|\n|upkeep\n|turn|2\n|inactive|Remote Worker has 30 seconds left.\n|inactive|Remote Worker has 20 seconds left.\n|inactive|Remote Worker has 15 seconds left.\n|inactive|Remote Worker has 10 seconds left.\n|\n|t:|1701113015\n|switch|p2a: Urshifu|Urshifu-Rapid-Strike, L50, F|100\/100\n|-end|p1b: Iron Hands|Quark Drive|[silent]\n|switch|p1b: Amoonguss|Amoonguss, L50, F|100\/100\n|move|p1a: Roaring Moon|Knock Off|p2a: Urshifu\n|-resisted|p2a: Urshifu\n|-damage|p2a: Urshifu|87\/100\n|-enditem|p2a: Urshifu|Life Orb|[from] move: Knock Off|[of] p1a: Roaring Moon\n|move|p2b: Arcanine|Flare Blitz|p1b: Amoonguss\n|-supereffective|p1b: Amoonguss\n|-damage|p1b: Amoonguss|0 fnt\n|-damage|p2b: Arcanine|84\/100|[from] item: Rocky Helmet|[of] p1b: Amoonguss\n|faint|p1b: Amoonguss\n|-damage|p2b: Arcanine|43\/100|[from] Recoil\n|\n|upkeep\n|\n|t:|1701113026\n|switch|p1b: Iron Hands|Iron Hands, L50|100\/100\n|turn|3\n|\n|t:|1701113045\n|switch|p2b: Thundurus|Thundurus, L50, M|87\/100\n|-terastallize|p1b: Iron Hands|Water\n|move|p2a: Urshifu|Detect|p2a: Urshifu\n|-singleturn|p2a: Urshifu|Protect\n|move|p1a: Roaring Moon|Tailwind|p1a: Roaring Moon\n|-sidestart|p1: TrendanBrendan|move: Tailwind\n|move|p1b: Iron Hands|Wild Charge|p2a: Urshifu\n|-activate|p2a: Urshifu|move: Protect\n|\n|upkeep\n|turn|4\n|inactive|TrendanBrendan has 30 seconds left.\n|inactive|TrendanBrendan has 20 seconds left.\n|\n|t:|1701113080\n|-end|p1a: Roaring Moon|Protosynthesis|[silent]\n|switch|p1a: Flutter Mane|Flutter Mane, L50|100\/100\n|switch|p2a: Arcanine|Arcanine-Hisui, L50, F|43\/100\n|-ability|p2a: Arcanine|Intimidate|boost\n|-unboost|p1a: Flutter Mane|atk|1\n|-unboost|p1b: Iron Hands|atk|1\n|move|p1b: Iron Hands|Wild Charge|p2a: Arcanine\n|-damage|p2a: Arcanine|4\/100\n|-damage|p1b: Iron Hands|93\/100|[from] Recoil\n|move|p2b: Thundurus|Thunderbolt|p1b: Iron Hands\n|-supereffective|p1b: Iron Hands\n|-damage|p1b: Iron Hands|46\/100\n|\n|upkeep\n|turn|5\n|inactive|TrendanBrendan has 30 seconds left.\n|inactive|Remote Worker has 30 seconds left.\n|inactive|Remote Worker has 20 seconds left.\n|\n|t:|1701113115\n|move|p2b: Thundurus|Thunder Wave|p1a: Flutter Mane\n|-status|p1a: Flutter Mane|par\n|cant|p1a: Flutter Mane|par\n|move|p1b: Iron Hands|Drain Punch|p2b: Thundurus\n|-resisted|p2b: Thundurus\n|-damage|p2b: Thundurus|67\/100\n|-heal|p1b: Iron Hands|54\/100|[from] drain|[of] p2b: Thundurus\n|move|p2a: Arcanine|Flare Blitz|p1a: Flutter Mane\n|-damage|p1a: Flutter Mane|0 fnt\n|faint|p1a: Flutter Mane\n|-end|p1a: Flutter Mane|Protosynthesis|[silent]\n|-damage|p2a: Arcanine|0 fnt|[from] Recoil\n|faint|p2a: Arcanine\n|\n|upkeep\n|\n|t:|1701113130\n|switch|p1a: Roaring Moon|Roaring Moon, L50|100\/100\n|switch|p2a: Urshifu|Urshifu-Rapid-Strike, L50, F|87\/100\n|turn|6\n|\n|t:|1701113140\n|move|p1a: Roaring Moon|Breaking Swipe|p2a: Urshifu|[spread] p2a,p2b\n|-crit|p2b: Thundurus\n|-damage|p2a: Urshifu|62\/100\n|-damage|p2b: Thundurus|20\/100\n|-unboost|p2a: Urshifu|atk|1\n|-unboost|p2b: Thundurus|atk|1\n|move|p1b: Iron Hands|Drain Punch|p2b: Thundurus\n|-resisted|p2b: Thundurus\n|-damage|p2b: Thundurus|2\/100\n|-heal|p1b: Iron Hands|61\/100|[from] drain|[of] p2b: Thundurus\n|move|p2a: Urshifu|Close Combat|p1a: Roaring Moon\n|-supereffective|p1a: Roaring Moon\n|-damage|p1a: Roaring Moon|0 fnt\n|-unboost|p2a: Urshifu|def|1\n|-unboost|p2a: Urshifu|spd|1\n|faint|p1a: Roaring Moon\n|-end|p1a: Roaring Moon|Protosynthesis|[silent]\n|move|p2b: Thundurus|Thunderbolt|p1b: Iron Hands\n|-supereffective|p1b: Iron Hands\n|-damage|p1b: Iron Hands|12\/100\n|\n|-sideend|p1: TrendanBrendan|move: Tailwind\n|upkeep\n|turn|7\n|\n|t:|1701113150\n|move|p2a: Urshifu|Close Combat|p1b: Iron Hands\n|-damage|p1b: Iron Hands|0 fnt\n|-unboost|p2a: Urshifu|def|1\n|-unboost|p2a: Urshifu|spd|1\n|faint|p1b: Iron Hands\n|-end|p1b: Iron Hands|Quark Drive|[silent]\n|\n|win|Remote Worker\n|raw|TrendanBrendan's rating: 1285 &rarr; <strong>1262<\/strong><br \/>(-23 for losing)\n|raw|Remote Worker's rating: 1318 &rarr; <strong>1336<\/strong><br \/>(+18 for winning)\n|c|\u2606Remote Worker|ggwp\n|c|\u2606TrendanBrendan|ggwp\n","uploadtime":1701113172,"views":10,"p1id":"trendanbrendan","p2id":"remoteworker","formatid":"gen9vgc2023regulatione","rating":1262,"private":0,"password":""}