{"id":"gen9vgc2023regulatione-1999101203","p1":"PensiDiFarRidere?","p2":"mafav2","format":"[Gen 9] VGC 2023 Regulation E","log":"|j|\u2606PensiDiFarRidere?\n|j|\u2606mafav2\n|n|\u2606PensiDiFarRidere?|pensidifarridere\n|n|\u2606mafav2|mafav2\n|html|View the match progress at <a href=\"\/game-bestof3-gen9vgc2023regulatione-1999096776\">game-bestof3-gen9vgc2023regulatione-1999096776<\/a>\n|t:|1701033249\n|gametype|doubles\n|player|p1|PensiDiFarRidere?|steven|\n|player|p2|mafav2|hilbert|\n|teamsize|p1|6\n|teamsize|p2|6\n|gen|9\n|tier|[Gen 9] VGC 2023 Regulation E\n|rule|Species Clause: Limit one of each Pok\u00e9mon\n|rule|Item Clause: Limit one of each item\n|clearpoke\n|poke|p1|Urshifu-*, L50, M|\n|poke|p1|Iron Hands, L50|\n|poke|p1|Rillaboom, L50, F|\n|poke|p1|Heatran, L50, F|\n|poke|p1|Iron Bundle, L50|\n|poke|p1|Flutter Mane, L50|\n|poke|p2|Urshifu-*, L50, M|\n|poke|p2|Arcanine-Hisui, L50, M|\n|poke|p2|Tornadus, L50, M|\n|poke|p2|Gholdengo, L50|\n|poke|p2|Amoonguss, L50, M|\n|poke|p2|Iron Hands, L50|\n|teampreview|4\nPensiDiFarRidere? has agreed to open team sheets.\n|\n|t:|1701033337\n|start\n|switch|p1a: Iron Hands|Iron Hands, L50|100\/100\n|switch|p1b: Flutter Mane|Flutter Mane, L50|100\/100\n|switch|p2a: Tornadus|Tornadus, L50, M|100\/100\n|switch|p2b: Arcanine|Arcanine-Hisui, L50, M|100\/100\n|-ability|p2b: Arcanine|Intimidate|boost\n|-unboost|p1a: Iron Hands|atk|1\n|-unboost|p1b: Flutter Mane|atk|1\n|turn|1\n|\n|t:|1701033376\n|move|p1a: Iron Hands|Fake Out|p2b: Arcanine\n|-resisted|p2b: Arcanine\n|-damage|p2b: Arcanine|95\/100\n|move|p2a: Tornadus|Tailwind|p2a: Tornadus\n|-sidestart|p2: mafav2|move: Tailwind\n|cant|p2b: Arcanine|flinch\n|move|p1b: Flutter Mane|Moonblast|p2b: Arcanine\n|-resisted|p2b: Arcanine\n|-damage|p2b: Arcanine|50\/100\n|\n|upkeep\n|turn|2\n|\n|t:|1701033391\n|-end|p1b: Flutter Mane|Protosynthesis|[silent]\n|switch|p1b: Heatran|Heatran, L50, F|100\/100\n|move|p2b: Arcanine|Flare Blitz|p1b: Heatran\n|-start|p1b: Heatran|ability: Flash Fire\n|move|p2a: Tornadus|Bleakwind Storm|p1a: Iron Hands|[spread] p1b\n|-miss|p2a: Tornadus|p1a: Iron Hands\n|-resisted|p1b: Heatran\n|-damage|p1b: Heatran|86\/100\n|move|p1a: Iron Hands|Drain Punch|p2b: Arcanine\n|-supereffective|p2b: Arcanine\n|-damage|p2b: Arcanine|0 fnt\n|faint|p2b: Arcanine\n|\n|upkeep\n|\n|t:|1701033396\n|switch|p2b: Gholdengo|Gholdengo, L50|100\/100\n|turn|3\n|j| HH mEMA\n|\n|t:|1701033418\n|-terastallize|p2b: Gholdengo|Dragon\n|move|p2a: Tornadus|Protect|p2a: Tornadus\n|-singleturn|p2a: Tornadus|Protect\n|move|p2b: Gholdengo|Nasty Plot|p2b: Gholdengo\n|-boost|p2b: Gholdengo|spa|2\n|move|p1b: Heatran|Flash Cannon|p2a: Tornadus\n|-activate|p2a: Tornadus|move: Protect\n|move|p1a: Iron Hands|Wild Charge|p2a: Tornadus\n|-activate|p2a: Tornadus|move: Protect\n|\n|upkeep\n|turn|4\n|\n|t:|1701033432\n|switch|p2a: Iron Hands|Iron Hands, L50|100\/100\n|move|p2b: Gholdengo|Shadow Ball|p1b: Heatran\n|-damage|p1b: Heatran|8\/100\n|move|p1b: Heatran|Flash Cannon|p2a: Iron Hands\n|-resisted|p2a: Iron Hands\n|-crit|p2a: Iron Hands\n|-damage|p2a: Iron Hands|80\/100\n|-damage|p1b: Heatran|0 fnt|[from] item: Life Orb\n|faint|p1b: Heatran\n|move|p1a: Iron Hands|Wild Charge|p2a: Iron Hands\n|-resisted|p2a: Iron Hands\n|-damage|p2a: Iron Hands|69\/100\n|-damage|p1a: Iron Hands|98\/100|[from] Recoil\n|\n|-sideend|p2: mafav2|move: Tailwind\n|upkeep\n|\n|t:|1701033464\n|switch|p1b: Flutter Mane|Flutter Mane, L50|100\/100\n|turn|5\n|\n|t:|1701033491\n|-end|p1b: Flutter Mane|Protosynthesis|[silent]\n|switch|p1b: Urshifu|Urshifu, L50, M|100\/100\n|move|p2b: Gholdengo|Protect|p2b: Gholdengo\n|-singleturn|p2b: Gholdengo|Protect\n|move|p2a: Iron Hands|Volt Switch|p1b: Urshifu\n|-damage|p1b: Urshifu|82\/100\n|\n|t:|1701033496\n|-end|p2a: Iron Hands|Quark Drive|[silent]\n|switch|p2a: Tornadus|Tornadus, L50, M|100\/100|[from] Volt Switch\n|move|p1a: Iron Hands|Drain Punch|p2a: Tornadus\n|-resisted|p2a: Tornadus\n|-damage|p2a: Tornadus|89\/100\n|-heal|p1a: Iron Hands|100\/100|[from] drain|[of] p2a: Tornadus\n|-damage|p1a: Iron Hands|84\/100|[from] item: Rocky Helmet|[of] p2a: Tornadus\n|\n|upkeep\n|turn|6\n|\n|t:|1701033542\n|move|p1b: Urshifu|Detect|p1b: Urshifu\n|-singleturn|p1b: Urshifu|Protect\n|move|p2a: Tornadus|Tailwind|p2a: Tornadus\n|-sidestart|p2: mafav2|move: Tailwind\n|move|p2b: Gholdengo|Make It Rain|p1a: Iron Hands|[spread] p1a\n|-activate|p1b: Urshifu|move: Protect\n|-resisted|p1a: Iron Hands\n|-damage|p1a: Iron Hands|59\/100\n|-unboost|p2b: Gholdengo|spa|1\n|move|p1a: Iron Hands|Drain Punch|p2b: Gholdengo\n|-damage|p2b: Gholdengo|73\/100\n|-heal|p1a: Iron Hands|70\/100|[from] drain|[of] p2b: Gholdengo\n|\n|-heal|p2b: Gholdengo|79\/100|[from] item: Leftovers\n|upkeep\n|turn|7\n|\n|t:|1701033573\n|-terastallize|p1b: Urshifu|Dark\n|move|p1b: Urshifu|Sucker Punch|p2b: Gholdengo\n|-damage|p2b: Gholdengo|27\/100\n|move|p2a: Tornadus|Bleakwind Storm|p1b: Urshifu|[spread] p1a\n|-miss|p2a: Tornadus|p1b: Urshifu\n|-damage|p1a: Iron Hands|52\/100\n|move|p2b: Gholdengo|Make It Rain|p1b: Urshifu|[spread] p1a,p1b\n|-resisted|p1a: Iron Hands\n|-damage|p1a: Iron Hands|30\/100\n|-damage|p1b: Urshifu|0 fnt\n|-unboost|p2b: Gholdengo|spa|1\n|faint|p1b: Urshifu\n|move|p1a: Iron Hands|Drain Punch|p2b: Gholdengo\n|-damage|p2b: Gholdengo|0 fnt\n|-heal|p1a: Iron Hands|41\/100|[from] drain|[of] p2b: Gholdengo\n|faint|p2b: Gholdengo\n|\n|upkeep\n|\n|t:|1701033581\n|switch|p1b: Flutter Mane|Flutter Mane, L50|100\/100\n|switch|p2b: Iron Hands|Iron Hands, L50|69\/100\n|turn|8\n|\n|t:|1701033595\n|move|p2a: Tornadus|Bleakwind Storm|p1b: Flutter Mane|[spread] p1a,p1b\n|-damage|p1a: Iron Hands|23\/100\n|-damage|p1b: Flutter Mane|70\/100\n|-unboost|p1a: Iron Hands|spe|1\n|move|p1b: Flutter Mane|Moonblast|p2b: Iron Hands\n|-supereffective|p2b: Iron Hands\n|-damage|p2b: Iron Hands|0 fnt\n|faint|p2b: Iron Hands\n|-end|p2b: Iron Hands|Quark Drive|[silent]\n|move|p1a: Iron Hands|Drain Punch|p2a: Tornadus\n|-resisted|p2a: Tornadus\n|-damage|p2a: Tornadus|77\/100\n|-heal|p1a: Iron Hands|28\/100|[from] drain|[of] p2a: Tornadus\n|-damage|p1a: Iron Hands|11\/100|[from] item: Rocky Helmet|[of] p2a: Tornadus\n|\n|upkeep\n|turn|9\n|\n|t:|1701033606\n|move|p2a: Tornadus|Bleakwind Storm|p1a: Iron Hands|[spread] p1b\n|-miss|p2a: Tornadus|p1a: Iron Hands\n|-damage|p1b: Flutter Mane|42\/100\n|move|p1b: Flutter Mane|Moonblast|p2a: Tornadus\n|-damage|p2a: Tornadus|0 fnt\n|faint|p2a: Tornadus\n|\n|win|PensiDiFarRidere?\n|c|&|\/uhtml prompt-mafav2,mafav2 is ready for game 3!\n|inactive|PensiDiFarRidere? has 50 seconds to confirm battle start!\n|c|&|\/uhtml prompt-pensidifarridere,PensiDiFarRidere? is ready for game 3!\nBoth players are ready! Starting next match!\n|j| Crudo de fava\n|l| Crudo de fava\n|l|\u2606mafav2\n|j| 2016 Hypebeast\n|l| HH mEMA\n|j| acii\n|j| 2016 Hypebeast\n|j| 2016 Hypebeast\n","uploadtime":1701036715,"views":3,"p1id":"pensidifarridere","p2id":"mafav2","formatid":"gen9vgc2023regulatione","rating":0,"private":0,"password":""}