{"id":"gen9vgc2023regulatione-1995196994","p1":"o8567eytvrs","p2":"Kedrigz","format":"[Gen 9] VGC 2023 Regulation E","log":"|j|\u2606o8567eytvrs\n|j|\u2606Kedrigz\n|t:|1700533476\n|gametype|doubles\n|player|p1|o8567eytvrs|2|1111\n|player|p2|Kedrigz|2|1090\n|teamsize|p1|6\n|teamsize|p2|6\n|gen|9\n|tier|[Gen 9] VGC 2023 Regulation E\n|rated|\n|rule|Species Clause: Limit one of each Pok\u00e9mon\n|rule|Item Clause: Limit one of each item\n|clearpoke\n|poke|p1|Weezing, L50, F|\n|poke|p1|Iron Hands, L50|\n|poke|p1|Roaring Moon, L50|\n|poke|p1|Ogerpon-Wellspring, L50, F|\n|poke|p1|Landorus-Therian, L50, M|\n|poke|p1|Flutter Mane, L50|\n|poke|p2|Kommo-o, L50, F|\n|poke|p2|Tyranitar, L50, M|\n|poke|p2|Rillaboom, L50, M|\n|poke|p2|Iron Bundle, L50|\n|poke|p2|Flutter Mane, L50|\n|poke|p2|Arcanine-Hisui, L50, M|\n|teampreview|4\n|inactive|Battle timer is ON: inactive players will automatically lose when time's up. (requested by o8567eytvrs)\n|inactive|Kedrigz has 60 seconds left.\n|inactive|Kedrigz has 30 seconds left.\n|\n|t:|1700533555\n|start\n|switch|p1a: Ogerpon|Ogerpon-Wellspring, L50, F|100\/100\n|switch|p1b: Landorus|Landorus-Therian, L50, M|100\/100\n|switch|p2a: Iron Bundle|Iron Bundle, L50|100\/100\n|switch|p2b: Kommo-o|Kommo-o, L50, F|100\/100\n|-ability|p1b: Landorus|Intimidate|boost\n|-unboost|p2a: Iron Bundle|atk|1\n|-unboost|p2b: Kommo-o|atk|1\n|-enditem|p2a: Iron Bundle|Booster Energy\n|-activate|p2a: Iron Bundle|ability: Quark Drive|[fromitem]\n|-start|p2a: Iron Bundle|quarkdrivespe\n|turn|1\n|\n|t:|1700533576\n|switch|p1b: Iron Hands|Iron Hands, L50|100\/100\n|-terastallize|p1a: Ogerpon|Water\n|detailschange|p1a: Ogerpon|Ogerpon-Wellspring-Tera, L50, F, tera:Water\n|-ability|p1a: Ogerpon|Embody Aspect (Wellspring)|boost\n|-boost|p1a: Ogerpon|spd|1\n|move|p2a: Iron Bundle|Protect|p2a: Iron Bundle\n|-singleturn|p2a: Iron Bundle|Protect\n|move|p1a: Ogerpon|Swords Dance|p1a: Ogerpon\n|-boost|p1a: Ogerpon|atk|2\n|move|p2b: Kommo-o|Iron Defense|p2b: Kommo-o\n|-boost|p2b: Kommo-o|def|2\n|\n|upkeep\n|turn|2\n|inactive|Kedrigz has 30 seconds left.\n|\n|t:|1700533601\n|move|p1b: Iron Hands|Fake Out|p2b: Kommo-o\n|-damage|p2b: Kommo-o|95\/100\n|move|p2a: Iron Bundle|Freeze-Dry|p1a: Ogerpon\n|-supereffective|p1a: Ogerpon\n|-damage|p1a: Ogerpon|62\/100\n|move|p1a: Ogerpon|Horn Leech|p2a: Iron Bundle\n|-supereffective|p2a: Iron Bundle\n|-damage|p2a: Iron Bundle|0 fnt\n|-heal|p1a: Ogerpon|97\/100|[from] drain|[of] p2a: Iron Bundle\n|faint|p2a: Iron Bundle\n|-end|p2a: Iron Bundle|Quark Drive|[silent]\n|cant|p2b: Kommo-o|flinch\n|\n|-heal|p2b: Kommo-o|100\/100|[from] item: Leftovers\n|upkeep\n|\n|t:|1700533617\n|switch|p2a: Rillaboom|Rillaboom, L50, M|100\/100\n|-fieldstart|move: Grassy Terrain|[from] ability: Grassy Surge|[of] p2a: Rillaboom\n|-enditem|p2a: Rillaboom|Grassy Seed\n|-boost|p2a: Rillaboom|def|1|[from] item: Grassy Seed\n|turn|3\n|inactive|Kedrigz has 30 seconds left.\n|\n|t:|1700533644\n|-end|p1b: Iron Hands|Quark Drive|[silent]\n|switch|p1b: Flutter Mane|Flutter Mane, L50|100\/100\n|move|p1a: Ogerpon|Spiky Shield|p1a: Ogerpon\n|-singleturn|p1a: Ogerpon|move: Protect\n|move|p2a: Rillaboom|Fake Out|p1a: Ogerpon\n|-activate|p1a: Ogerpon|move: Protect\n|-damage|p2a: Rillaboom|88\/100|[from] Spiky Shield|[of] p1a: Ogerpon\n|move|p2b: Kommo-o|Body Press|p1a: Ogerpon\n|-activate|p1a: Ogerpon|move: Protect\n|-damage|p2b: Kommo-o|88\/100|[from] Spiky Shield|[of] p1a: Ogerpon\n|\n|-heal|p1a: Ogerpon|100\/100|[from] Grassy Terrain\n|-heal|p2a: Rillaboom|94\/100|[from] Grassy Terrain\n|-heal|p2b: Kommo-o|94\/100|[from] Grassy Terrain\n|-heal|p2b: Kommo-o|100\/100|[from] item: Leftovers\n|upkeep\n|turn|4\n|inactive|o8567eytvrs has 30 seconds left.\n|\n|t:|1700533670\n|move|p2b: Kommo-o|Protect|p2b: Kommo-o\n|-singleturn|p2b: Kommo-o|Protect\n|move|p1b: Flutter Mane|Dazzling Gleam|p2b: Kommo-o|[spread] p2a\n|-activate|p2b: Kommo-o|move: Protect\n|-damage|p2a: Rillaboom|36\/100\n|move|p1a: Ogerpon|Horn Leech|p2b: Kommo-o\n|-activate|p2b: Kommo-o|move: Protect\n|move|p2a: Rillaboom|Knock Off|p1b: Flutter Mane\n|-damage|p1b: Flutter Mane|21\/100\n|-enditem|p1b: Flutter Mane|Choice Specs|[from] move: Knock Off|[of] p2a: Rillaboom\n|\n|-heal|p1b: Flutter Mane|27\/100|[from] Grassy Terrain\n|-heal|p2a: Rillaboom|42\/100|[from] Grassy Terrain\n|upkeep\n|turn|5\n|inactive|Kedrigz has 30 seconds left.\n|inactive|o8567eytvrs has 30 seconds left.\n|inactive|Kedrigz has 20 seconds left.\n|\n|t:|1700533711\n|-end|p1b: Flutter Mane|Protosynthesis|[silent]\n|switch|p1b: Landorus|Landorus-Therian, L50, M|100\/100\n|-ability|p1b: Landorus|Intimidate|boost\n|-unboost|p2a: Rillaboom|atk|1\n|-unboost|p2b: Kommo-o|atk|1\n|-terastallize|p2a: Rillaboom|Grass\n|move|p1a: Ogerpon|Spiky Shield|p1a: Ogerpon\n|-singleturn|p1a: Ogerpon|move: Protect\n|move|p2a: Rillaboom|Grassy Glide|p1b: Landorus\n|-damage|p1b: Landorus|54\/100\n|move|p2b: Kommo-o|Body Press|p1a: Ogerpon\n|-activate|p1a: Ogerpon|move: Protect\n|-damage|p2b: Kommo-o|88\/100|[from] Spiky Shield|[of] p1a: Ogerpon\n|\n|-heal|p2a: Rillaboom|48\/100|[from] Grassy Terrain\n|-heal|p2b: Kommo-o|94\/100|[from] Grassy Terrain\n|-heal|p2b: Kommo-o|100\/100|[from] item: Leftovers\n|upkeep\n|turn|6\n|inactive|o8567eytvrs has 30 seconds left.\n|inactive|o8567eytvrs has 20 seconds left.\n|\n|t:|1700533750\n|switch|p1a: Iron Hands|Iron Hands, L50|100\/100\n|move|p2a: Rillaboom|Grassy Glide|p1a: Iron Hands\n|-damage|p1a: Iron Hands|77\/100\n|move|p1b: Landorus|U-turn|p2a: Rillaboom\n|-supereffective|p2a: Rillaboom\n|-damage|p2a: Rillaboom|14\/100\n|\n|t:|1700533758\n|switch|p1b: Flutter Mane|Flutter Mane, L50|27\/100|[from] U-turn\n|move|p2b: Kommo-o|Body Press|p1a: Iron Hands\n|-damage|p1a: Iron Hands|27\/100\n|\n|-heal|p1b: Flutter Mane|34\/100|[from] Grassy Terrain\n|-heal|p2a: Rillaboom|20\/100|[from] Grassy Terrain\n|-heal|p1a: Iron Hands|34\/100|[from] Grassy Terrain\n|upkeep\n|turn|7\n|inactive|o8567eytvrs has 30 seconds left.\n|\n|t:|1700533789\n|-end|p1b: Flutter Mane|Protosynthesis|[silent]\n|switch|p1b: Landorus|Landorus-Therian, L50, M|54\/100\n|-ability|p1b: Landorus|Intimidate|boost\n|-unboost|p2a: Rillaboom|atk|1\n|-unboost|p2b: Kommo-o|atk|1\n|move|p2b: Kommo-o|Protect|p2b: Kommo-o\n|-singleturn|p2b: Kommo-o|Protect\n|move|p1a: Iron Hands|Fake Out|p2a: Rillaboom\n|-damage|p2a: Rillaboom|10\/100\n|cant|p2a: Rillaboom|flinch\n|\n|-heal|p2a: Rillaboom|16\/100|[from] Grassy Terrain\n|-heal|p1a: Iron Hands|40\/100|[from] Grassy Terrain\n|-fieldend|move: Grassy Terrain\n|upkeep\n|turn|8\n|\n|t:|1700533815\n|switch|p2a: Arcanine|Arcanine-Hisui, L50, M|100\/100\n|-ability|p2a: Arcanine|Intimidate|boost\n|-unboost|p1a: Iron Hands|atk|1\n|-unboost|p1b: Landorus|atk|1\n|move|p1b: Landorus|U-turn|p2a: Arcanine\n|-resisted|p2a: Arcanine\n|-damage|p2a: Arcanine|90\/100\n|\n|t:|1700533822\n|switch|p1b: Ogerpon|Ogerpon-Wellspring-Tera, L50, F, tera:Water|100\/100|[from] U-turn\n|-ability|p1b: Ogerpon|Embody Aspect (Wellspring)|boost\n|-boost|p1b: Ogerpon|spd|1\n|move|p2b: Kommo-o|Body Press|p1a: Iron Hands\n|-damage|p1a: Iron Hands|0 fnt\n|faint|p1a: Iron Hands\n|-end|p1a: Iron Hands|Quark Drive|[silent]\n|\n|upkeep\n|\n|t:|1700533830\n|switch|p1a: Flutter Mane|Flutter Mane, L50|34\/100\n|turn|9\n|\n|t:|1700533842\n|move|p2b: Kommo-o|Protect|p2b: Kommo-o\n|-singleturn|p2b: Kommo-o|Protect\n|move|p1a: Flutter Mane|Moonblast|p2b: Kommo-o\n|-activate|p2b: Kommo-o|move: Protect\n|move|p1b: Ogerpon|Ivy Cudgel|p2a: Arcanine|[anim] Ivy Cudgel Water\n|-supereffective|p2a: Arcanine\n|-crit|p2a: Arcanine\n|-damage|p2a: Arcanine|0 fnt\n|faint|p2a: Arcanine\n|\n|upkeep\n|\n|t:|1700533854\n|switch|p2a: Rillaboom|Rillaboom, L50, M, tera:Grass|16\/100\n|-fieldstart|move: Grassy Terrain|[from] ability: Grassy Surge|[of] p2a: Rillaboom\n|turn|10\n|inactive|o8567eytvrs has 30 seconds left.\n|inactive|o8567eytvrs has 20 seconds left.\n|inactive|o8567eytvrs has 15 seconds left.\n|\n|t:|1700533896\n|move|p2a: Rillaboom|Grassy Glide|p1a: Flutter Mane\n|-damage|p1a: Flutter Mane|0 fnt\n|faint|p1a: Flutter Mane\n|-end|p1a: Flutter Mane|Protosynthesis|[silent]\n|move|p1b: Ogerpon|Horn Leech|p2a: Rillaboom\n|-resisted|p2a: Rillaboom\n|-damage|p2a: Rillaboom|0 fnt\n|faint|p2a: Rillaboom\n|move|p2b: Kommo-o|Body Press|p1b: Ogerpon\n|-damage|p1b: Ogerpon|25\/100\n|\n|-heal|p1b: Ogerpon|31\/100|[from] Grassy Terrain\n|upkeep\n|\n|t:|1700533908\n|switch|p1a: Landorus|Landorus-Therian, L50, M|54\/100\n|-ability|p1a: Landorus|Intimidate|boost\n|-unboost|p2b: Kommo-o|atk|1\n|turn|11\n|\n|t:|1700533926\n|move|p1b: Ogerpon|Spiky Shield|p1b: Ogerpon\n|-singleturn|p1b: Ogerpon|move: Protect\n|move|p1a: Landorus|Stomping Tantrum|p2b: Kommo-o\n|-crit|p2b: Kommo-o\n|-damage|p2b: Kommo-o|60\/100\n|move|p2b: Kommo-o|Iron Defense|p2b: Kommo-o\n|-boost|p2b: Kommo-o|def|2\n|\n|-heal|p1b: Ogerpon|37\/100|[from] Grassy Terrain\n|-heal|p2b: Kommo-o|66\/100|[from] Grassy Terrain\n|-heal|p2b: Kommo-o|72\/100|[from] item: Leftovers\n|upkeep\n|turn|12\n|\n|t:|1700533941\n|move|p1a: Landorus|Stomping Tantrum|p2b: Kommo-o\n|-damage|p2b: Kommo-o|64\/100\n|move|p1b: Ogerpon|Horn Leech|p2b: Kommo-o\n|-resisted|p2b: Kommo-o\n|-damage|p2b: Kommo-o|58\/100\n|-heal|p1b: Ogerpon|40\/100|[from] drain|[of] p2b: Kommo-o\n|move|p2b: Kommo-o|Body Press|p1b: Ogerpon\n|-damage|p1b: Ogerpon|0 fnt\n|faint|p1b: Ogerpon\n|\n|-heal|p2b: Kommo-o|64\/100|[from] Grassy Terrain\n|-heal|p2b: Kommo-o|70\/100|[from] item: Leftovers\n|upkeep\n|turn|13\n|-message|o8567eytvrs forfeited.\n|\n|win|Kedrigz\n|raw|o8567eytvrs's rating: 1111 &rarr; <strong>1084<\/strong><br \/>(-27 for losing)\n|raw|Kedrigz's rating: 1090 &rarr; <strong>1118<\/strong><br \/>(+28 for winning)\n|l|\u2606o8567eytvrs\n","uploadtime":1700533964,"views":16,"p1id":"o8567eytvrs","p2id":"kedrigz","formatid":"gen9vgc2023regulatione","rating":1084,"private":0,"password":""}