{"id":"gen9vgc2023regulatione-1991506352","p1":"Nykelodeon","p2":"Therocketslime","format":"[Gen 9] VGC 2023 Regulation E","log":"|j|\u2606Nykelodeon\n|j|\u2606Therocketslime\n|t:|1700083189\n|gametype|doubles\n|player|p1|Nykelodeon|ghetsis-gen5bw|1119\n|player|p2|Therocketslime|170|1186\n|teamsize|p1|6\n|teamsize|p2|6\n|gen|9\n|tier|[Gen 9] VGC 2023 Regulation E\n|rated|\n|rule|Species Clause: Limit one of each Pok\u00e9mon\n|rule|Item Clause: Limit one of each item\n|clearpoke\n|poke|p1|Grimmsnarl, L50, M|\n|poke|p1|Landorus-Therian, L50, M|\n|poke|p1|Urshifu-*, L50, F|\n|poke|p1|Rillaboom, L50, F|\n|poke|p1|Flutter Mane, L50|\n|poke|p1|Chien-Pao, L50|\n|poke|p2|Ursaluna-Bloodmoon, L50, M|\n|poke|p2|Cresselia, L50, F|\n|poke|p2|Iron Bundle, L50|\n|poke|p2|Iron Hands, L50|\n|poke|p2|Kingambit, L50, F|\n|poke|p2|Ogerpon-Wellspring, L50, F|\n|teampreview|4\n|inactive|Battle timer is ON: inactive players will automatically lose when time's up. (requested by Nykelodeon)\n|\n|t:|1700083206\n|start\n|switch|p1a: Grimmsnarl|Grimmsnarl, L50, M, shiny|100\/100\n|switch|p1b: Landorus|Landorus-Therian, L50, M|100\/100\n|switch|p2a: Iron Bundle|Iron Bundle, L50|100\/100\n|switch|p2b: Iron Hands|Iron Hands, L50|100\/100\n|-ability|p1b: Landorus|Intimidate|boost\n|-unboost|p2a: Iron Bundle|atk|1\n|-unboost|p2b: Iron Hands|atk|1\n|-enditem|p2a: Iron Bundle|Booster Energy\n|-activate|p2a: Iron Bundle|ability: Quark Drive|[fromitem]\n|-start|p2a: Iron Bundle|quarkdrivespe\n|turn|1\n|\n|t:|1700083231\n|move|p1a: Grimmsnarl|Thunder Wave|p2a: Iron Bundle\n|-status|p2a: Iron Bundle|par\n|move|p1b: Landorus|U-turn|p2a: Iron Bundle\n|-damage|p2a: Iron Bundle|69\/100 par\n|\n|t:|1700083238\n|switch|p1b: Urshifu|Urshifu-Rapid-Strike, L50, F|100\/100|[from] U-turn\n|cant|p2a: Iron Bundle|par\n|move|p2b: Iron Hands|Heavy Slam|p1a: Grimmsnarl\n|-supereffective|p1a: Grimmsnarl\n|-damage|p1a: Grimmsnarl|40\/100\n|\n|upkeep\n|turn|2\n|\n|t:|1700083257\n|move|p1a: Grimmsnarl|Reflect|p1a: Grimmsnarl\n|-sidestart|p1: Nykelodeon|Reflect\n|cant|p2a: Iron Bundle|par\n|move|p1b: Urshifu|Surging Strikes|p2a: Iron Bundle\n|-resisted|p2a: Iron Bundle\n|-crit|p2a: Iron Bundle\n|-damage|p2a: Iron Bundle|52\/100 par\n|-resisted|p2a: Iron Bundle\n|-crit|p2a: Iron Bundle\n|-damage|p2a: Iron Bundle|38\/100 par\n|-resisted|p2a: Iron Bundle\n|-crit|p2a: Iron Bundle\n|-damage|p2a: Iron Bundle|22\/100 par\n|-hitcount|p2a: Iron Bundle|3\n|move|p2b: Iron Hands|Wild Charge|p1b: Urshifu\n|-supereffective|p1b: Urshifu\n|-damage|p1b: Urshifu|58\/100\n|-damage|p2b: Iron Hands|92\/100|[from] Recoil\n|\n|upkeep\n|turn|3\n|\n|t:|1700083276\n|switch|p1b: Landorus|Landorus-Therian, L50, M|100\/100\n|-ability|p1b: Landorus|Intimidate|boost\n|-unboost|p2a: Iron Bundle|atk|1\n|-unboost|p2b: Iron Hands|atk|1\n|cant|p2a: Iron Bundle|par\n|move|p1a: Grimmsnarl|Spirit Break|p2a: Iron Bundle\n|-damage|p2a: Iron Bundle|0 fnt\n|faint|p2a: Iron Bundle\n|-end|p2a: Iron Bundle|Quark Drive|[silent]\n|move|p2b: Iron Hands|Heavy Slam|p1a: Grimmsnarl\n|-supereffective|p1a: Grimmsnarl\n|-damage|p1a: Grimmsnarl|8\/100\n|\n|upkeep\n|\n|t:|1700083284\n|switch|p2a: Kingambit|Kingambit, L50, F|100\/100\n|turn|4\n|\n|t:|1700083297\n|move|p1b: Landorus|U-turn|p2a: Kingambit\n|-damage|p2a: Kingambit|82\/100\n|\n|t:|1700083300\n|switch|p1b: Urshifu|Urshifu-Rapid-Strike, L50, F|58\/100|[from] U-turn\n|move|p1a: Grimmsnarl|Spirit Break|p2a: Kingambit\n|-damage|p2a: Kingambit|59\/100\n|-unboost|p2a: Kingambit|spa|1\n|-ability|p2a: Kingambit|Defiant|boost\n|-boost|p2a: Kingambit|atk|2\n|move|p2b: Iron Hands|Heavy Slam|p1a: Grimmsnarl\n|-supereffective|p1a: Grimmsnarl\n|-damage|p1a: Grimmsnarl|0 fnt\n|faint|p1a: Grimmsnarl\n|move|p2a: Kingambit|Kowtow Cleave|p1b: Urshifu\n|-resisted|p1b: Urshifu\n|-damage|p1b: Urshifu|25\/100\n|\n|upkeep\n|\n|t:|1700083313\n|switch|p1a: Chien-Pao|Chien-Pao, L50|100\/100\n|-ability|p1a: Chien-Pao|Sword of Ruin\n|turn|5\n|\n|t:|1700083331\n|-terastallize|p1a: Chien-Pao|Ghost\n|move|p2a: Kingambit|Sucker Punch|p1a: Chien-Pao\n|-supereffective|p1a: Chien-Pao\n|-enditem|p1a: Chien-Pao|Focus Sash\n|-damage|p1a: Chien-Pao|1\/100\n|move|p1a: Chien-Pao|Sacred Sword|p2a: Kingambit\n|-supereffective|p2a: Kingambit\n|-damage|p2a: Kingambit|0 fnt\n|faint|p2a: Kingambit\n|move|p1b: Urshifu|Surging Strikes|p2b: Iron Hands\n|-crit|p2b: Iron Hands\n|-damage|p2b: Iron Hands|70\/100\n|-crit|p2b: Iron Hands\n|-damage|p2b: Iron Hands|50\/100\n|-crit|p2b: Iron Hands\n|-damage|p2b: Iron Hands|27\/100\n|-hitcount|p2b: Iron Hands|3\n|move|p2b: Iron Hands|Drain Punch|p1a: Chien-Pao\n|-immune|p1a: Chien-Pao\n|\n|upkeep\n|\n|t:|1700083334\n|switch|p2a: Moon Goose|Cresselia, L50, F|100\/100\n|turn|6\n|inactive|Nykelodeon has 30 seconds left.\n|\n|t:|1700083360\n|move|p1a: Chien-Pao|Sucker Punch|p2b: Iron Hands\n|-resisted|p2b: Iron Hands\n|-damage|p2b: Iron Hands|10\/100\n|move|p1b: Urshifu|Surging Strikes|p2a: Moon Goose\n|-crit|p2a: Moon Goose\n|-damage|p2a: Moon Goose|76\/100\n|-crit|p2a: Moon Goose\n|-damage|p2a: Moon Goose|51\/100\n|-crit|p2a: Moon Goose\n|-damage|p2a: Moon Goose|25\/100\n|-hitcount|p2a: Moon Goose|3\n|move|p2a: Moon Goose|Lunar Blessing|p2a: Moon Goose|[spread] p2a,p2b\n|-heal|p2a: Moon Goose|50\/100\n|-heal|p2b: Iron Hands|35\/100\n|move|p2b: Iron Hands|Heavy Slam|p1a: Chien-Pao\n|-damage|p1a: Chien-Pao|0 fnt\n|faint|p1a: Chien-Pao\n|\n|upkeep\n|\n|t:|1700083373\n|switch|p1a: Landorus|Landorus-Therian, L50, M|100\/100\n|-ability|p1a: Landorus|Intimidate|boost\n|-unboost|p2a: Moon Goose|atk|1\n|-unboost|p2b: Iron Hands|atk|1\n|turn|7\n|c|\u2606Nykelodeon|gg\n|\n|t:|1700083390\n|-terastallize|p2a: Moon Goose|Fairy\n|move|p1a: Landorus|U-turn|p2a: Moon Goose\n|-resisted|p2a: Moon Goose\n|-damage|p2a: Moon Goose|40\/100\n|move|p1b: Urshifu|Surging Strikes|p2b: Iron Hands\n|-crit|p2b: Iron Hands\n|-damage|p2b: Iron Hands|17\/100\n|-crit|p2b: Iron Hands\n|-damage|p2b: Iron Hands|0 fnt\n|faint|p2b: Iron Hands\n|-end|p2b: Iron Hands|Quark Drive|[silent]\n|-hitcount|p2: Iron Hands|2\n|move|p2a: Moon Goose|Moonblast|p1b: Urshifu\n|-supereffective|p1b: Urshifu\n|-damage|p1b: Urshifu|0 fnt\n|faint|p1b: Urshifu\n|\n|upkeep\n|turn|8\n|\n|t:|1700083405\n|move|p1a: Landorus|U-turn|p2a: Moon Goose\n|-resisted|p2a: Moon Goose\n|-damage|p2a: Moon Goose|30\/100\n|move|p2a: Moon Goose|Moonblast|p1a: Landorus\n|-damage|p1a: Landorus|68\/100\n|\n|upkeep\n|turn|9\n|\n|t:|1700083410\n|move|p1a: Landorus|U-turn|p2a: Moon Goose\n|-resisted|p2a: Moon Goose\n|-damage|p2a: Moon Goose|21\/100\n|move|p2a: Moon Goose|Lunar Blessing|p2a: Moon Goose\n|-heal|p2a: Moon Goose|46\/100\n|\n|-sideend|p1: Nykelodeon|Reflect\n|upkeep\n|turn|10\n|\n|t:|1700083416\n|move|p1a: Landorus|U-turn|p2a: Moon Goose\n|-resisted|p2a: Moon Goose\n|-damage|p2a: Moon Goose|36\/100\n|move|p2a: Moon Goose|Lunar Blessing|p2a: Moon Goose\n|-heal|p2a: Moon Goose|61\/100\n|\n|upkeep\n|turn|11\n|-message|Nykelodeon forfeited.\n|\n|win|Therocketslime\n|raw|Nykelodeon's rating: 1119 &rarr; <strong>1099<\/strong><br \/>(-20 for losing)\n|raw|Therocketslime's rating: 1186 &rarr; <strong>1206<\/strong><br \/>(+20 for winning)\n|l|\u2606Nykelodeon\n","uploadtime":1700083427,"views":22,"p1id":"nykelodeon","p2id":"therocketslime","formatid":"gen9vgc2023regulatione","rating":1099,"private":0,"password":""}