{"id":"gen9vgc2023regulatione-1998192694","p1":"tsubogla","p2":"alexischbs","format":"[Gen 9] VGC 2023 Regulation E","log":"|j|\u2606tsubogla\n|j|\u2606alexischbs\n|t:|1700909961\n|gametype|doubles\n|player|p1|tsubogla|hilda|1323\n|player|p2|alexischbs|1|1473\n|teamsize|p1|6\n|teamsize|p2|6\n|gen|9\n|tier|[Gen 9] VGC 2023 Regulation E\n|rated|\n|rule|Species Clause: Limit one of each Pok\u00e9mon\n|rule|Item Clause: Limit one of each item\n|clearpoke\n|poke|p1|Florges-White, L50, F|\n|poke|p1|Urshifu-*, L50, F|\n|poke|p1|Sinistcha, L50|\n|poke|p1|Iron Hands, L50|\n|poke|p1|Heatran, L50, M|\n|poke|p1|Ninetales-Alola, L50, M|\n|poke|p2|Ninetales-Alola, L50, F|\n|poke|p2|Glimmora, L50, F|\n|poke|p2|Dondozo, L50, M|\n|poke|p2|Tatsugiri-Droopy, L50, M|\n|poke|p2|Urshifu-*, L50, M|\n|poke|p2|Flutter Mane, L50|\n|teampreview|4\n|inactive|Battle timer is ON: inactive players will automatically lose when time's up. (requested by alexischbs)\n|inactive|tsubogla also wants the timer to be on.\n|inactive|tsubogla has 60 seconds left.\n|\n|t:|1700910002\n|start\n|switch|p1a: Heatran|Heatran, L50, M|100\/100\n|switch|p1b: Florges|Florges-White, L50, F|100\/100\n|switch|p2a: Flutter Mane|Flutter Mane, L50|100\/100\n|switch|p2b: Glimmora|Glimmora, L50, F|100\/100\n|-enditem|p2a: Flutter Mane|Booster Energy\n|-activate|p2a: Flutter Mane|ability: Protosynthesis|[fromitem]\n|-start|p2a: Flutter Mane|protosynthesisspa\n|turn|1\n|inactive|tsubogla has 30 seconds left.\n|inactive|tsubogla has 20 seconds left.\n|\n|t:|1700910041\n|move|p1b: Florges|Pollen Puff|p2b: Glimmora\n|-resisted|p2b: Glimmora\n|-damage|p2b: Glimmora|93\/100\n|move|p2a: Flutter Mane|Dazzling Gleam|p1b: Florges|[spread] p1a,p1b\n|-resisted|p1a: Heatran\n|-damage|p1a: Heatran|89\/100\n|-damage|p1b: Florges|67\/100\n|move|p1a: Heatran|Earth Power|p2b: Glimmora\n|-supereffective|p2b: Glimmora\n|-damage|p2b: Glimmora|0 fnt\n|faint|p2b: Glimmora\n|\n|-heal|p1a: Heatran|95\/100|[from] item: Leftovers\n|upkeep\n|\n|t:|1700910052\n|switch|p2b: Dondozo|Dondozo, L50, M|100\/100\n|turn|2\n|j| jayflareon\n|inactive|tsubogla has 30 seconds left.\n|inactive|tsubogla has 20 seconds left.\n|\n|t:|1700910090\n|switch|p1b: Iron Hands|Iron Hands, L50|100\/100\n|-end|p2a: Flutter Mane|Protosynthesis|[silent]\n|switch|p2a: Tatsugiri|Tatsugiri-Droopy, L50, M|100\/100\n|-activate|p2a: Tatsugiri|ability: Commander|[of] p2b: Dondozo\n|-boost|p2b: Dondozo|atk|2\n|-boost|p2b: Dondozo|spa|2\n|-boost|p2b: Dondozo|spe|2\n|-boost|p2b: Dondozo|def|2\n|-boost|p2b: Dondozo|spd|2\n|move|p2b: Dondozo|Earthquake|p1a: Heatran|[spread] p1a,p1b\n|-miss|p2b: Dondozo|p2a: Tatsugiri\n|-supereffective|p1a: Heatran\n|-supereffective|p1b: Iron Hands\n|-damage|p1a: Heatran|0 fnt\n|-damage|p1b: Iron Hands|43\/100\n|faint|p1a: Heatran\n|\n|upkeep\n|\n|t:|1700910108\n|switch|p1a: Florges|Florges-White, L50, F|67\/100\n|turn|3\n|\n|t:|1700910130\n|move|p2b: Dondozo|Protect|p2b: Dondozo\n|-singleturn|p2b: Dondozo|Protect\n|move|p1b: Iron Hands|Fake Out|p2b: Dondozo\n|-activate|p2b: Dondozo|move: Protect\n|move|p1a: Florges|Charm|p2b: Dondozo\n|-activate|p2b: Dondozo|move: Protect\n|\n|upkeep\n|turn|4\n|\n|t:|1700910150\n|-terastallize|p1b: Iron Hands|Grass\n|move|p1a: Florges|Charm|p2b: Dondozo\n|-unboost|p2b: Dondozo|atk|2\n|move|p2b: Dondozo|Earthquake|p1a: Florges|[spread] p1a,p1b\n|-miss|p2b: Dondozo|p2a: Tatsugiri\n|-resisted|p1b: Iron Hands\n|-damage|p1a: Florges|40\/100\n|-damage|p1b: Iron Hands|36\/100\n|move|p1b: Iron Hands|Drain Punch|p2b: Dondozo\n|-damage|p2b: Dondozo|85\/100\n|-heal|p1b: Iron Hands|44\/100|[from] drain|[of] p2b: Dondozo\n|-damage|p1b: Iron Hands|27\/100|[from] item: Rocky Helmet|[of] p2b: Dondozo\n|\n|upkeep\n|turn|5\n|\n|t:|1700910171\n|move|p1a: Florges|Charm|p2b: Dondozo\n|-unboost|p2b: Dondozo|atk|2\n|move|p2b: Dondozo|Wave Crash|p1a: Florges\n|-damage|p1a: Florges|11\/100\n|-damage|p2b: Dondozo|77\/100|[from] Recoil\n|move|p1b: Iron Hands|Wild Charge|p2b: Dondozo\n|-supereffective|p2b: Dondozo\n|-damage|p2b: Dondozo|41\/100\n|-damage|p1b: Iron Hands|11\/100|[from] item: Rocky Helmet|[of] p2b: Dondozo\n|-damage|p1b: Iron Hands|2\/100|[from] Recoil\n|\n|upkeep\n|turn|6\n|\n|t:|1700910186\n|-end|p1b: Iron Hands|Quark Drive|[silent]\n|switch|p1b: Sinistcha|Sinistcha, L50|100\/100\n|-heal|p1a: Florges|36\/100|[from] ability: Hospitality|[of] p1b: Sinistcha\n|move|p1a: Florges|Charm|p2b: Dondozo\n|-unboost|p2b: Dondozo|atk|2\n|move|p2b: Dondozo|Earthquake|p1b: Sinistcha|[spread] p1a,p1b\n|-miss|p2b: Dondozo|p2a: Tatsugiri\n|-resisted|p1b: Sinistcha\n|-damage|p1a: Florges|27\/100\n|-damage|p1b: Sinistcha|98\/100\n|\n|upkeep\n|turn|7\n|\n|t:|1700910207\n|move|p1a: Florges|Charm|p2b: Dondozo\n|-unboost|p2b: Dondozo|atk|2\n|move|p2b: Dondozo|Wave Crash|p1a: Florges\n|-crit|p1a: Florges\n|-damage|p1a: Florges|0 fnt\n|faint|p1a: Florges\n|-damage|p2b: Dondozo|34\/100|[from] Recoil\n|move|p1b: Sinistcha|Life Dew|p1b: Sinistcha\n|-heal|p1b: Sinistcha|100\/100\n|\n|upkeep\n|\n|t:|1700910219\n|switch|p1a: Iron Hands|Iron Hands, L50, tera:Grass|2\/100\n|turn|8\n|\n|t:|1700910243\n|move|p2b: Dondozo|Order Up|p1b: Sinistcha\n|-damage|p1b: Sinistcha|95\/100\n|-boost|p2b: Dondozo|def|1\n|move|p1b: Sinistcha|Life Dew|p1b: Sinistcha|[spread] p1a,p1b\n|-heal|p1a: Iron Hands|27\/100\n|-heal|p1b: Sinistcha|100\/100\n|move|p1a: Iron Hands|Drain Punch|p1b: Sinistcha\n|-immune|p1b: Sinistcha\n|\n|upkeep\n|turn|9\n|\n|t:|1700910262\n|move|p2b: Dondozo|Order Up|p1a: Iron Hands\n|-damage|p1a: Iron Hands|23\/100\n|-boost|p2b: Dondozo|def|1\n|move|p1b: Sinistcha|Life Dew||[still]|[spread] p1a,p1b\n|-heal|p1a: Iron Hands|48\/100\n|-fail|p1b: Sinistcha|heal\n|move|p1a: Iron Hands|Drain Punch|p1b: Sinistcha\n|-immune|p1b: Sinistcha\n|\n|upkeep\n|turn|10\n|inactive|alexischbs has 30 seconds left.\n|inactive|alexischbs has 20 seconds left.\n|inactive|alexischbs has 15 seconds left.\n|inactive|alexischbs has 10 seconds left.\n|inactive|alexischbs has 5 seconds left.\n|\n|t:|1700910312\n|move|p2b: Dondozo|Order Up|p1a: Iron Hands\n|-damage|p1a: Iron Hands|44\/100\n|-boost|p2b: Dondozo|def|1\n|move|p1b: Sinistcha|Life Dew||[still]|[spread] p1a,p1b\n|-heal|p1a: Iron Hands|70\/100\n|-fail|p1b: Sinistcha|heal\n|move|p1a: Iron Hands|Drain Punch|p1b: Sinistcha\n|-immune|p1b: Sinistcha\n|\n|upkeep\n|turn|11\n|\n|t:|1700910330\n|move|p1a: Iron Hands|Fake Out||[still]\n|-hint|Fake Out only works on your first turn out.\n|-fail|p1a: Iron Hands\n|move|p2b: Dondozo|Order Up|p1a: Iron Hands\n|-damage|p1a: Iron Hands|65\/100\n|-boost|p2b: Dondozo|def|1\n|move|p1b: Sinistcha|Life Dew||[still]|[spread] p1a,p1b\n|-heal|p1a: Iron Hands|90\/100\n|-fail|p1b: Sinistcha|heal\n|\n|upkeep\n|turn|12\n|inactive|alexischbs has 30 seconds left.\n|inactive|tsubogla has 30 seconds left.\n|\n|t:|1700910364\n|move|p1a: Iron Hands|Fake Out||[still]\n|-hint|Fake Out only works on your first turn out.\n|-fail|p1a: Iron Hands\n|move|p2b: Dondozo|Order Up|p1a: Iron Hands\n|-damage|p1a: Iron Hands|86\/100\n|-boost|p2b: Dondozo|def|0\n|move|p1b: Sinistcha|Life Dew||[still]|[spread] p1a,p1b\n|-heal|p1a: Iron Hands|100\/100\n|-fail|p1b: Sinistcha|heal\n|\n|upkeep\n|turn|13\n|\n|t:|1700910381\n|move|p2b: Dondozo|Order Up|p1a: Iron Hands\n|-damage|p1a: Iron Hands|96\/100\n|-boost|p2b: Dondozo|def|0\n|move|p1b: Sinistcha|Matcha Gotcha|p2a: Tatsugiri|[spread] p2b\n|-miss|p1b: Sinistcha|p2a: Tatsugiri\n|-supereffective|p2b: Dondozo\n|-damage|p2b: Dondozo|10\/100\n|move|p1a: Iron Hands|Wild Charge|p2b: Dondozo\n|-supereffective|p2b: Dondozo\n|-damage|p2b: Dondozo|0 fnt\n|-damage|p1a: Iron Hands|80\/100|[from] item: Rocky Helmet|[of] p2b: Dondozo\n|faint|p2b: Dondozo\n|-damage|p1a: Iron Hands|77\/100|[from] Recoil\n|\n|upkeep\n|\n|t:|1700910386\n|switch|p2b: Flutter Mane|Flutter Mane, L50|100\/100\n|turn|14\n|\n|t:|1700910406\n|move|p2b: Flutter Mane|Protect|p2b: Flutter Mane\n|-singleturn|p2b: Flutter Mane|Protect\n|move|p1b: Sinistcha|Rage Powder|p1b: Sinistcha\n|-singleturn|p1b: Sinistcha|move: Rage Powder\n|move|p2a: Tatsugiri|Icy Wind|p1b: Sinistcha|[spread] p1a,p1b\n|-supereffective|p1a: Iron Hands\n|-supereffective|p1b: Sinistcha\n|-damage|p1a: Iron Hands|63\/100\n|-damage|p1b: Sinistcha|72\/100\n|-unboost|p1a: Iron Hands|spe|1\n|-unboost|p1b: Sinistcha|spe|1\n|move|p1a: Iron Hands|Heavy Slam|p2b: Flutter Mane\n|-activate|p2b: Flutter Mane|move: Protect\n|\n|upkeep\n|turn|15\n|inactive|alexischbs has 30 seconds left.\n|inactive|alexischbs has 20 seconds left.\n|inactive|alexischbs has 15 seconds left.\n|inactive|alexischbs has 10 seconds left.\n|\n|t:|1700910453\n|move|p1b: Sinistcha|Rage Powder|p1b: Sinistcha\n|-singleturn|p1b: Sinistcha|move: Rage Powder\n|move|p2a: Tatsugiri|Icy Wind|p1b: Sinistcha|[spread] p1a\n|-miss|p2a: Tatsugiri|p1b: Sinistcha\n|-supereffective|p1a: Iron Hands\n|-damage|p1a: Iron Hands|49\/100\n|-unboost|p1a: Iron Hands|spe|1\n|move|p2b: Flutter Mane|Moonblast|p1b: Sinistcha\n|-damage|p1b: Sinistcha|17\/100\n|-unboost|p1b: Sinistcha|spa|1\n|move|p1a: Iron Hands|Heavy Slam|p2b: Flutter Mane\n|-supereffective|p2b: Flutter Mane\n|-damage|p2b: Flutter Mane|0 fnt\n|faint|p2b: Flutter Mane\n|-end|p2b: Flutter Mane|Protosynthesis|[silent]\n|\n|upkeep\n|turn|16\n|inactive|tsubogla has 30 seconds left.\n|l| jayflareon\n|inactive|tsubogla has 20 seconds left.\n|inactive|tsubogla has 15 seconds left.\n|inactive|tsubogla has 10 seconds left.\n|\n|t:|1700910502\n|move|p2a: Tatsugiri|Icy Wind|p1b: Sinistcha|[spread] p1a,p1b\n|-supereffective|p1a: Iron Hands\n|-supereffective|p1b: Sinistcha\n|-damage|p1a: Iron Hands|35\/100\n|-damage|p1b: Sinistcha|0 fnt\n|-unboost|p1a: Iron Hands|spe|1\n|faint|p1b: Sinistcha\n|move|p1a: Iron Hands|Drain Punch|p2a: Tatsugiri\n|-damage|p2a: Tatsugiri|7\/100\n|-heal|p1a: Iron Hands|64\/100|[from] drain|[of] p2a: Tatsugiri\n|\n|upkeep\n|turn|17\n|l|\u2606alexischbs\n|inactive|alexischbs disconnected and has a minute to reconnect!\n|player|p2|\n|inactive|alexischbs has 30 seconds left.\n|inactive|alexischbs has 20 seconds left.\n|inactive|alexischbs has 15 seconds left.\n|inactive|alexischbs has 10 seconds left.\n|inactive|alexischbs has 5 seconds left.\n|-message|alexischbs lost due to inactivity.\n|\n|win|tsubogla\n|raw|tsubogla's rating: 1323 &rarr; <strong>1350<\/strong><br \/>(+27 for winning)\n|raw|alexischbs's rating: 1451 &rarr; <strong>1424<\/strong><br \/>(-27 for losing)\n","uploadtime":1700910564,"views":8,"p1id":"tsubogla","p2id":"alexischbs","formatid":"gen9vgc2023regulatione","rating":1350,"private":0,"password":""}