{"id":"gen9vgc2023regulatione-1998538142","p1":"windcrystal","p2":"Kenimer","format":"[Gen 9] VGC 2023 Regulation E","log":"|j|\u2606windcrystal\n|j|\u2606Kenimer\n|t:|1700953759\n|gametype|doubles\n|player|p1|windcrystal|dahlia|1000\n|player|p2|Kenimer|marley|1077\n|teamsize|p1|6\n|teamsize|p2|6\n|gen|9\n|tier|[Gen 9] VGC 2023 Regulation E\n|rated|\n|rule|Species Clause: Limit one of each Pok\u00e9mon\n|rule|Item Clause: Limit one of each item\n|clearpoke\n|poke|p1|Urshifu-*, L50, M|\n|poke|p1|Flutter Mane, L50|\n|poke|p1|Ogerpon-Hearthflame, L50, F|\n|poke|p1|Cresselia, L50, F|\n|poke|p1|Ursaluna-Bloodmoon, L50, M|\n|poke|p1|Clefairy, L50, F|\n|poke|p2|Kingambit, L50, F|\n|poke|p2|Farigiraf, L50, F|\n|poke|p2|Ursaluna-Bloodmoon, L50, M|\n|poke|p2|Ariados, L50, F|\n|poke|p2|Urshifu-*, L50, F|\n|poke|p2|Amoonguss, L50, M|\n|teampreview|4\n|\n|t:|1700953803\n|start\n|switch|p1a: Urshifu|Urshifu-Rapid-Strike, L50, M|100\/100\n|switch|p1b: Clefairy|Clefairy, L50, F|100\/100\n|switch|p2a: Farigiraf|Farigiraf, L50, F|100\/100\n|switch|p2b: Urshifu|Urshifu-Rapid-Strike, L50, F|100\/100\n|turn|1\n|\n|t:|1700953821\n|move|p1b: Clefairy|Helping Hand|p1a: Urshifu\n|-singleturn|p1a: Urshifu|Helping Hand|[of] p1b: Clefairy\n|move|p1a: Urshifu|Surging Strikes|p2a: Farigiraf\n|-crit|p2a: Farigiraf\n|-damage|p2a: Farigiraf|76\/100\n|-crit|p2a: Farigiraf\n|-damage|p2a: Farigiraf|53\/100\n|-crit|p2a: Farigiraf\n|-damage|p2a: Farigiraf|30\/100\n|-enditem|p2a: Farigiraf|Sitrus Berry|[eat]\n|-heal|p2a: Farigiraf|55\/100|[from] item: Sitrus Berry\n|-hitcount|p2a: Farigiraf|3\n|move|p2b: Urshifu|Close Combat|p1a: Urshifu\n|-damage|p1a: Urshifu|23\/100\n|-unboost|p2b: Urshifu|def|1\n|-unboost|p2b: Urshifu|spd|1\n|move|p2a: Farigiraf|Trick Room|p2a: Farigiraf\n|-fieldstart|move: Trick Room|[of] p2a: Farigiraf\n|\n|upkeep\n|turn|2\n|\n|t:|1700953877\n|switch|p2b: Ariados|Ariados, L50, F|100\/100\n|move|p1a: Urshifu|Protect|p1a: Urshifu\n|-singleturn|p1a: Urshifu|Protect\n|move|p1b: Clefairy|Life Dew||[still]|[spread] p1a,p1b\n|-heal|p1a: Urshifu|48\/100\n|-fail|p1b: Clefairy|heal\n|move|p2a: Farigiraf|Dazzling Gleam|p1b: Clefairy|[spread] p1b\n|-activate|p1a: Urshifu|move: Protect\n|-damage|p1b: Clefairy|85\/100\n|\n|upkeep\n|turn|3\n|\n|t:|1700953904\n|switch|p1a: Cresselia|Cresselia, L50, F|100\/100\n|move|p2b: Ariados|Cross Poison|p1b: Clefairy\n|-supereffective|p1b: Clefairy\n|-damage|p1b: Clefairy|37\/100\n|move|p1b: Clefairy|Life Dew||[still]|[spread] p1a,p1b\n|-fail|p1a: Cresselia|heal\n|-heal|p1b: Clefairy|62\/100\n|move|p2a: Farigiraf|Psychic|p1a: Cresselia\n|-resisted|p1a: Cresselia\n|-damage|p1a: Cresselia|93\/100\n|-unboost|p1a: Cresselia|spd|1\n|\n|upkeep\n|turn|4\n|\n|t:|1700953936\n|move|p1a: Cresselia|Ally Switch|p1a: Cresselia\n|swap|p1a: Cresselia|1|[from] move: Ally Switch\n|move|p2b: Ariados|Swords Dance|p2b: Ariados\n|-boost|p2b: Ariados|atk|2\n|move|p1a: Clefairy|Life Dew|p1a: Clefairy|[spread] p1a,p1b\n|-heal|p1a: Clefairy|87\/100\n|-heal|p1b: Cresselia|100\/100\n|move|p2a: Farigiraf|Psychic|p1b: Cresselia\n|-resisted|p1b: Cresselia\n|-damage|p1b: Cresselia|88\/100\n|\n|upkeep\n|turn|5\n|\n|t:|1700953959\n|move|p1a: Clefairy|Follow Me|p1a: Clefairy\n|-singleturn|p1a: Clefairy|move: Follow Me\n|move|p2b: Ariados|Cross Poison|p1a: Clefairy\n|-supereffective|p1a: Clefairy\n|-crit|p1a: Clefairy\n|-damage|p1a: Clefairy|0 fnt\n|faint|p1a: Clefairy\n|move|p2a: Farigiraf|Psychic|p1b: Cresselia\n|-resisted|p1b: Cresselia\n|-damage|p1b: Cresselia|72\/100\n|move|p1b: Cresselia|Moonblast|p2a: Farigiraf\n|-damage|p2a: Farigiraf|36\/100\n|\n|-fieldend|move: Trick Room\n|upkeep\n|\n|t:|1700953975\n|switch|p1a: Urshifu|Urshifu-Rapid-Strike, L50, M|48\/100\n|turn|6\n|\n|t:|1700953991\n|switch|p2a: Amoonguss|Amoonguss, L50, M|100\/100\n|move|p1b: Cresselia|Ally Switch|p1b: Cresselia\n|swap|p1b: Cresselia|0|[from] move: Ally Switch\n|move|p1b: Urshifu|Surging Strikes|p2a: Amoonguss\n|-resisted|p2a: Amoonguss\n|-crit|p2a: Amoonguss\n|-damage|p2a: Amoonguss|92\/100\n|-damage|p1b: Urshifu|31\/100|[from] item: Rocky Helmet|[of] p2a: Amoonguss\n|-resisted|p2a: Amoonguss\n|-crit|p2a: Amoonguss\n|-damage|p2a: Amoonguss|85\/100\n|-damage|p1b: Urshifu|15\/100|[from] item: Rocky Helmet|[of] p2a: Amoonguss\n|-resisted|p2a: Amoonguss\n|-crit|p2a: Amoonguss\n|-damage|p2a: Amoonguss|77\/100\n|-damage|p1b: Urshifu|0 fnt|[from] item: Rocky Helmet|[of] p2a: Amoonguss\n|faint|p1b: Urshifu\n|-hitcount|p2a: Amoonguss|3\n|move|p2b: Ariados|Leech Life|p1a: Cresselia\n|-supereffective|p1a: Cresselia\n|-damage|p1a: Cresselia|0 fnt\n|faint|p1a: Cresselia\n|\n|upkeep\n|-message|windcrystal forfeited.\n|\n|win|Kenimer\n|raw|windcrystal's rating: 1000 &rarr; <strong>1000<\/strong><br \/>(+0 for losing)\n|raw|Kenimer's rating: 1077 &rarr; <strong>1099<\/strong><br \/>(+22 for winning)\n|l|\u2606windcrystal\n|c|\u2606Kenimer|ariados w\n","uploadtime":1700954042,"views":11,"p1id":"windcrystal","p2id":"kenimer","formatid":"gen9vgc2023regulatione","rating":1000,"private":0,"password":""}