{"id":"gen9vgc2023regulatione-1999831590","p1":"Roundybout","p2":"Sh1k3","format":"[Gen 9] VGC 2023 Regulation E","log":"|j|\u2606Roundybout\n|j|\u2606Sh1k3\n|t:|1701120829\n|gametype|doubles\n|player|p1|Roundybout|169|1629\n|player|p2|Sh1k3|102|1665\n|teamsize|p1|6\n|teamsize|p2|6\n|gen|9\n|tier|[Gen 9] VGC 2023 Regulation E\n|rated|\n|rule|Species Clause: Limit one of each Pok\u00e9mon\n|rule|Item Clause: Limit one of each item\n|clearpoke\n|poke|p1|Urshifu-*, L50, M|\n|poke|p1|Gholdengo, L50|\n|poke|p1|Regidrago, L50|\n|poke|p1|Arcanine-Hisui, L50, M|\n|poke|p1|Roaring Moon, L50|\n|poke|p1|Rillaboom, L50, F|\n|poke|p2|Flutter Mane, L50|\n|poke|p2|Torkoal, L50, M|\n|poke|p2|Lilligant-Hisui, L50, F|\n|poke|p2|Armarouge, L50, F|\n|poke|p2|Indeedee-F, L50, F|\n|poke|p2|Ursaluna, L50, F|\n|teampreview|4\n|inactive|Battle timer is ON: inactive players will automatically lose when time's up. (requested by Sh1k3)\n|inactive|Roundybout has 60 seconds left.\n|inactive|Sh1k3 has 60 seconds left.\n|\n|t:|1701120867\n|start\n|switch|p1a: Roaring Moon|Roaring Moon, L50|100\/100\n|switch|p1b: Rillaboom|Rillaboom, L50, F|100\/100\n|switch|p2a: Armarouge|Armarouge, L50, F|100\/100\n|switch|p2b: Indeedee|Indeedee-F, L50, F|100\/100\n|-fieldstart|move: Grassy Terrain|[from] ability: Grassy Surge|[of] p1b: Rillaboom\n|-fieldstart|move: Psychic Terrain|[from] ability: Psychic Surge|[of] p2b: Indeedee\n|-enditem|p2b: Indeedee|Psychic Seed\n|-boost|p2b: Indeedee|spd|1|[from] item: Psychic Seed\n|-enditem|p1a: Roaring Moon|Booster Energy\n|-activate|p1a: Roaring Moon|ability: Protosynthesis|[fromitem]\n|-start|p1a: Roaring Moon|protosynthesisspe\n|turn|1\n|inactive|Roundybout has 30 seconds left.\n|\n|t:|1701120897\n|switch|p1b: Arcanine|Arcanine-Hisui, L50, M|100\/100\n|-ability|p1b: Arcanine|Intimidate|boost\n|-unboost|p2a: Armarouge|atk|1\n|-unboost|p2b: Indeedee|atk|1\n|switch|p2b: Ursaluna|Ursaluna, L50, F|100\/100\n|move|p1a: Roaring Moon|Knock Off|p2a: Armarouge\n|-supereffective|p2a: Armarouge\n|-damage|p2a: Armarouge|12\/100\n|-enditem|p2a: Armarouge|Life Orb|[from] move: Knock Off|[of] p1a: Roaring Moon\n|move|p2a: Armarouge|Trick Room|p2a: Armarouge\n|-fieldstart|move: Trick Room|[of] p2a: Armarouge\n|\n|-status|p2b: Ursaluna|brn|[from] item: Flame Orb\n|upkeep\n|turn|2\n|\n|t:|1701120920\n|switch|p1b: Rillaboom|Rillaboom, L50, F|100\/100\n|-fieldstart|move: Grassy Terrain|[from] ability: Grassy Surge|[of] p1b: Rillaboom\n|move|p1a: Roaring Moon|Protect|p1a: Roaring Moon\n|-singleturn|p1a: Roaring Moon|Protect\n|move|p2a: Armarouge|Wide Guard|p2a: Armarouge\n|-singleturn|p2a: Armarouge|Wide Guard\n|move|p2b: Ursaluna|Earthquake|p1a: Roaring Moon|[spread] p1b\n|-activate|p2a: Armarouge|move: Wide Guard\n|-activate|p1a: Roaring Moon|move: Protect\n|-resisted|p1b: Rillaboom\n|-crit|p1b: Rillaboom\n|-damage|p1b: Rillaboom|78\/100\n|\n|-heal|p2a: Armarouge|18\/100|[from] Grassy Terrain\n|-heal|p1b: Rillaboom|84\/100|[from] Grassy Terrain\n|-damage|p2b: Ursaluna|95\/100 brn|[from] brn\n|upkeep\n|turn|3\n|inactive|Roundybout has 30 seconds left.\n|inactive|Sh1k3 has 30 seconds left.\n|inactive|Roundybout has 20 seconds left.\n|inactive|Sh1k3 has 20 seconds left.\n|inactive|Roundybout has 15 seconds left.\n|inactive|Sh1k3 has 15 seconds left.\n|inactive|Sh1k3 has 10 seconds left.\n|\n|t:|1701120966\n|switch|p2a: Torkoal|Torkoal, L50, M|100\/100\n|-weather|SunnyDay|[from] ability: Drought|[of] p2a: Torkoal\n|-terastallize|p2b: Ursaluna|Ghost\n|move|p2b: Ursaluna|Facade|p1a: Roaring Moon\n|-damage|p1a: Roaring Moon|0 fnt\n|faint|p1a: Roaring Moon\n|-end|p1a: Roaring Moon|Protosynthesis|[silent]\n|move|p1b: Rillaboom|Wood Hammer|p2b: Ursaluna\n|-damage|p2b: Ursaluna|20\/100 brn\n|-damage|p1b: Rillaboom|60\/100|[from] Recoil\n|\n|-weather|SunnyDay|[upkeep]\n|-heal|p2b: Ursaluna|26\/100 brn|[from] Grassy Terrain\n|-heal|p1b: Rillaboom|66\/100|[from] Grassy Terrain\n|-damage|p2b: Ursaluna|20\/100 brn|[from] brn\n|upkeep\n|\n|t:|1701120982\n|switch|p1a: Arcanine|Arcanine-Hisui, L50, M|100\/100\n|-ability|p1a: Arcanine|Intimidate|boost\n|-unboost|p2a: Torkoal|atk|1\n|-unboost|p2b: Ursaluna|atk|1\n|turn|4\n|\n|t:|1701121002\n|-terastallize|p1a: Arcanine|Fairy\n|move|p1b: Rillaboom|Grassy Glide|p2b: Ursaluna\n|-damage|p2b: Ursaluna|0 fnt\n|faint|p2b: Ursaluna\n|move|p2a: Torkoal|Earth Power|p1a: Arcanine\n|-damage|p1a: Arcanine|74\/100\n|move|p1a: Arcanine|Rock Slide|p2a: Torkoal\n|-supereffective|p2a: Torkoal\n|-damage|p2a: Torkoal|45\/100\n|\n|-weather|SunnyDay|[upkeep]\n|-heal|p2a: Torkoal|51\/100|[from] Grassy Terrain\n|-heal|p1b: Rillaboom|71\/100|[from] Grassy Terrain\n|-heal|p1a: Arcanine|80\/100|[from] Grassy Terrain\n|upkeep\n|\n|t:|1701121010\n|switch|p2b: Armarouge|Armarouge, L50, F|18\/100\n|turn|5\n|inactive|Roundybout has 30 seconds left.\n|\n|t:|1701121036\n|switch|p2a: Indeedee|Indeedee-F, L50, F|100\/100\n|-fieldstart|move: Psychic Terrain|[from] ability: Psychic Surge|[of] p2a: Indeedee\n|switch|p1b: Regidrago|Regidrago, L50|100\/100\n|move|p2b: Armarouge|Expanding Force|p1b: Regidrago|[spread] p1a,p1b\n|-damage|p1a: Arcanine|7\/100\n|-damage|p1b: Regidrago|28\/100\n|-enditem|p1a: Arcanine|Sitrus Berry|[eat]\n|-heal|p1a: Arcanine|32\/100|[from] item: Sitrus Berry\n|move|p1a: Arcanine|Rock Slide|p2a: Indeedee|[spread] p2a,p2b\n|-supereffective|p2b: Armarouge\n|-damage|p2a: Indeedee|75\/100\n|-damage|p2b: Armarouge|0 fnt\n|faint|p2b: Armarouge\n|\n|-weather|SunnyDay|[upkeep]\n|-fieldend|move: Trick Room\n|upkeep\n|\n|t:|1701121045\n|switch|p2b: Torkoal|Torkoal, L50, M|51\/100\n|turn|6\n|\n|t:|1701121060\n|move|p2a: Indeedee|Follow Me|p2a: Indeedee\n|-singleturn|p2a: Indeedee|move: Follow Me\n|move|p1b: Regidrago|Dragon Pulse|p2a: Indeedee\n|-damage|p2a: Indeedee|10\/100\n|move|p1a: Arcanine|Flare Blitz|p2a: Indeedee\n|-damage|p2a: Indeedee|0 fnt\n|faint|p2a: Indeedee\n|-damage|p1a: Arcanine|29\/100|[from] Recoil\n|move|p2b: Torkoal|Heat Wave|p1a: Arcanine|[spread] p1a,p1b\n|-resisted|p1b: Regidrago\n|-damage|p1a: Arcanine|0 fnt\n|-damage|p1b: Regidrago|0 fnt\n|faint|p1a: Arcanine\n|faint|p1b: Regidrago\n|\n|-weather|SunnyDay|[upkeep]\n|upkeep\n|\n|t:|1701121071\n|switch|p1b: Rillaboom|Rillaboom, L50, F|71\/100\n|-fieldstart|move: Grassy Terrain|[from] ability: Grassy Surge|[of] p1b: Rillaboom\n|turn|7\n|\n|t:|1701121078\n|move|p1b: Rillaboom|Fake Out|p2b: Torkoal\n|-damage|p2b: Torkoal|39\/100\n|cant|p2b: Torkoal|flinch\n|\n|-weather|none\n|-heal|p1b: Rillaboom|77\/100|[from] Grassy Terrain\n|-heal|p2b: Torkoal|45\/100|[from] Grassy Terrain\n|upkeep\n|turn|8\n|\n|t:|1701121086\n|move|p1b: Rillaboom|High Horsepower|p2b: Torkoal\n|-supereffective|p2b: Torkoal\n|-damage|p2b: Torkoal|0 fnt\n|faint|p2b: Torkoal\n|\n|win|Roundybout\n|raw|Roundybout's rating: 1629 &rarr; <strong>1651<\/strong><br \/>(+22 for winning)\n|raw|Sh1k3's rating: 1665 &rarr; <strong>1643<\/strong><br \/>(-22 for losing)\n","uploadtime":1701121096,"views":1,"p1id":"roundybout","p2id":"sh1k3","formatid":"gen9vgc2023regulatione","rating":1643,"private":0,"password":""}