{"id":"gen9vgc2023regulatione-1993562280","p1":"Ogrecute","p2":"gluestick49","format":"[Gen 9] VGC 2023 Regulation E","log":"|j|\u2606Ogrecute\n|j|\u2606gluestick49\n|t:|1700332026\n|gametype|doubles\n|player|p1|Ogrecute|170|1368\n|player|p2|gluestick49|marley|1296\n|teamsize|p1|6\n|teamsize|p2|6\n|gen|9\n|tier|[Gen 9] VGC 2023 Regulation E\n|rated|\n|rule|Species Clause: Limit one of each Pok\u00e9mon\n|rule|Item Clause: Limit one of each item\n|clearpoke\n|poke|p1|Landorus-Therian, L50, M|\n|poke|p1|Weezing, L50, M|\n|poke|p1|Roaring Moon, L50|\n|poke|p1|Ogerpon-Wellspring, L50, F|\n|poke|p1|Iron Hands, L50|\n|poke|p1|Flutter Mane, L50|\n|poke|p2|Sableye, L50, F|\n|poke|p2|Chien-Pao, L50|\n|poke|p2|Dragonite, L50, F|\n|poke|p2|Rillaboom, L50, F|\n|poke|p2|Flutter Mane, L50|\n|poke|p2|Urshifu-*, L50, M|\n|teampreview|4\n|inactive|Battle timer is ON: inactive players will automatically lose when time's up. (requested by gluestick49)\n|inactive|Ogrecute has 60 seconds left.\n|inactive|gluestick49 has 60 seconds left.\nOgrecute rejected open team sheets.\n|\n|t:|1700332082\n|start\n|switch|p1a: Weezing|Weezing, L50, M|100\/100\n|switch|p1b: Flutter Mane|Flutter Mane, L50|100\/100\n|switch|p2a: Urshifu|Urshifu-Rapid-Strike, L50, M|100\/100\n|switch|p2b: Rillaboom|Rillaboom, L50, F|100\/100\n|-ability|p1a: Weezing|Neutralizing Gas\n|turn|1\n|inactive|Ogrecute has 30 seconds left.\n|inactive|Ogrecute has 20 seconds left.\n|inactive|Ogrecute has 15 seconds left.\n|\n|t:|1700332126\n|move|p1a: Weezing|Protect|p1a: Weezing\n|-singleturn|p1a: Weezing|Protect\n|move|p2b: Rillaboom|Fake Out|p1a: Weezing\n|-activate|p1a: Weezing|move: Protect\n|move|p2a: Urshifu|Surging Strikes|p1b: Flutter Mane\n|-crit|p1b: Flutter Mane\n|-damage|p1b: Flutter Mane|68\/100\n|-crit|p1b: Flutter Mane\n|-damage|p1b: Flutter Mane|37\/100\n|-crit|p1b: Flutter Mane\n|-damage|p1b: Flutter Mane|4\/100\n|-hitcount|p1b: Flutter Mane|3\n|move|p1b: Flutter Mane|Dazzling Gleam|p2b: Rillaboom|[spread] p2a,p2b\n|-supereffective|p2a: Urshifu\n|-damage|p2a: Urshifu|0 fnt\n|-damage|p2b: Rillaboom|67\/100\n|faint|p2a: Urshifu\n|\n|upkeep\n|inactive|gluestick49 has 30 seconds left.\n|\n|t:|1700332157\n|switch|p2a: Chien-Pao|Chien-Pao, L50|100\/100\n|turn|2\n|l|\u2606Ogrecute\n|inactive|Ogrecute disconnected and has a minute to reconnect!\n|player|p1|\n|inactive|Ogrecute has 30 seconds left.\n|j|\u2606Ogrecute\n|inactive|Ogrecute reconnected and has 30 seconds left.\n|player|p1|Ogrecute|170\n|\n|t:|1700332190\n|-end|p1b: Flutter Mane|Protosynthesis|[silent]\n|switch|p1b: Iron Hands|Iron Hands, L50|100\/100\n|switch|p2b: Dragonite|Dragonite, L50, F|100\/100\n|move|p2a: Chien-Pao|Sucker Punch||[still]\n|-fail|p2a: Chien-Pao\n|move|p1a: Weezing|Will-O-Wisp|p2a: Chien-Pao\n|-status|p2a: Chien-Pao|brn\n|\n|-damage|p2a: Chien-Pao|95\/100 brn|[from] brn\n|upkeep\n|turn|3\n|inactive|gluestick49 has 30 seconds left.\n|inactive|gluestick49 has 20 seconds left.\n|inactive|gluestick49 has 15 seconds left.\n|inactive|gluestick49 has 10 seconds left.\n|\n|t:|1700332239\n|move|p1b: Iron Hands|Fake Out|p2b: Dragonite\n|-damage|p2b: Dragonite|85\/100\n|move|p2a: Chien-Pao|Icicle Crash|p1b: Iron Hands\n|-damage|p1b: Iron Hands|87\/100\n|cant|p2b: Dragonite|flinch\n|move|p1a: Weezing|Will-O-Wisp|p2b: Dragonite|[miss]\n|-miss|p1a: Weezing|p2b: Dragonite\n|\n|-damage|p2a: Chien-Pao|89\/100 brn|[from] brn\n|upkeep\n|turn|4\n|inactive|gluestick49 has 30 seconds left.\n|\n|t:|1700332270\n|move|p1a: Weezing|Protect|p1a: Weezing\n|-singleturn|p1a: Weezing|Protect\n|move|p2a: Chien-Pao|Icicle Crash|p1b: Iron Hands\n|-damage|p1b: Iron Hands|75\/100\n|move|p2b: Dragonite|Stomping Tantrum|p1b: Iron Hands\n|-supereffective|p1b: Iron Hands\n|-damage|p1b: Iron Hands|0 fnt\n|faint|p1b: Iron Hands\n|-end|p1b: Iron Hands|Quark Drive|[silent]\n|\n|-damage|p2a: Chien-Pao|83\/100 brn|[from] brn\n|upkeep\n|inactive|Ogrecute has 30 seconds left.\n|\n|t:|1700332299\n|switch|p1b: Landorus|Landorus-Therian, L50, M|100\/100\n|turn|5\n|\n|t:|1700332316\n|switch|p2b: Rillaboom|Rillaboom, L50, F|67\/100\n|-terastallize|p1b: Landorus|Flying\n|move|p2a: Chien-Pao|Protect|p2a: Chien-Pao\n|-singleturn|p2a: Chien-Pao|Protect\n|move|p1b: Landorus|Rock Slide|p2a: Chien-Pao|[spread] \n|-activate|p2a: Chien-Pao|move: Protect\n|-miss|p1b: Landorus|p2b: Rillaboom\n|move|p1a: Weezing|Will-O-Wisp|p2b: Rillaboom\n|-status|p2b: Rillaboom|brn\n|\n|-damage|p2a: Chien-Pao|77\/100 brn|[from] brn\n|-damage|p2b: Rillaboom|61\/100 brn|[from] brn\n|upkeep\n|turn|6\n|inactive|Ogrecute has 30 seconds left.\n|inactive|gluestick49 has 30 seconds left.\n|\n|t:|1700332348\n|switch|p1b: Flutter Mane|Flutter Mane, L50|4\/100\n|-terastallize|p2a: Chien-Pao|Ghost\n|move|p2b: Rillaboom|Fake Out|p1b: Flutter Mane\n|-immune|p1b: Flutter Mane\n|move|p2a: Chien-Pao|Icicle Crash|p1b: Flutter Mane\n|-damage|p1b: Flutter Mane|0 fnt\n|faint|p1b: Flutter Mane\n|-end|p1b: Flutter Mane|Protosynthesis|[silent]\n|move|p1a: Weezing|Sludge Bomb|p2a: Chien-Pao\n|-resisted|p2a: Chien-Pao\n|-damage|p2a: Chien-Pao|55\/100 brn\n|\n|-damage|p2a: Chien-Pao|50\/100 brn|[from] brn\n|-damage|p2b: Rillaboom|56\/100 brn|[from] brn\n|upkeep\n|\n|t:|1700332367\n|switch|p1b: Landorus|Landorus-Therian, L50, M, tera:Flying|100\/100\n|turn|7\n|\n|t:|1700332378\n|switch|p2b: Dragonite|Dragonite, L50, F|85\/100\n|move|p2a: Chien-Pao|Protect|p2a: Chien-Pao\n|-singleturn|p2a: Chien-Pao|Protect\n|move|p1b: Landorus|Tera Blast|p2a: Chien-Pao|[anim] Tera Blast Flying\n|-activate|p2a: Chien-Pao|move: Protect\n|move|p1a: Weezing|Sludge Bomb|p2b: Dragonite\n|-damage|p2b: Dragonite|54\/100\n|\n|-damage|p2a: Chien-Pao|44\/100 brn|[from] brn\n|upkeep\n|turn|8\n|inactive|gluestick49 has 30 seconds left.\n|\n|t:|1700332405\n|move|p2b: Dragonite|Extreme Speed|p1b: Landorus\n|-damage|p1b: Landorus|48\/100\n|move|p2a: Chien-Pao|Sucker Punch|p1b: Landorus\n|-damage|p1b: Landorus|28\/100\n|move|p1b: Landorus|Tera Blast|p2a: Chien-Pao|[anim] Tera Blast Flying\n|-damage|p2a: Chien-Pao|0 fnt\n|faint|p2a: Chien-Pao\n|move|p1a: Weezing|Will-O-Wisp|p2b: Dragonite\n|-status|p2b: Dragonite|brn\n|\n|-damage|p2b: Dragonite|48\/100 brn|[from] brn\n|upkeep\n|\n|t:|1700332417\n|switch|p2a: Rillaboom|Rillaboom, L50, F|56\/100 brn\n|turn|9\n|\n|t:|1700332425\n|move|p2a: Rillaboom|Fake Out|p1b: Landorus\n|-crit|p1b: Landorus\n|-damage|p1b: Landorus|16\/100\n|move|p2b: Dragonite|Extreme Speed|p1b: Landorus\n|-damage|p1b: Landorus|0 fnt\n|faint|p1b: Landorus\n|move|p1a: Weezing|Sludge Bomb|p2b: Dragonite\n|-damage|p2b: Dragonite|15\/100 brn\n|\n|-damage|p2b: Dragonite|9\/100 brn|[from] brn\n|-damage|p2a: Rillaboom|50\/100 brn|[from] brn\n|upkeep\n|turn|10\n|\n|t:|1700332440\n|move|p1a: Weezing|Protect|p1a: Weezing\n|-singleturn|p1a: Weezing|Protect\n|move|p2b: Dragonite|Extreme Speed|p1a: Weezing\n|-activate|p1a: Weezing|move: Protect\n|move|p2a: Rillaboom|Wood Hammer|p1a: Weezing\n|-activate|p1a: Weezing|move: Protect\n|\n|-damage|p2b: Dragonite|3\/100 brn|[from] brn\n|-damage|p2a: Rillaboom|44\/100 brn|[from] brn\n|upkeep\n|turn|11\n|\n|t:|1700332453\n|move|p2b: Dragonite|Extreme Speed|p1a: Weezing\n|-damage|p1a: Weezing|80\/100\n|move|p2a: Rillaboom|Wood Hammer|p1a: Weezing\n|-resisted|p1a: Weezing\n|-damage|p1a: Weezing|66\/100\n|-damage|p2a: Rillaboom|40\/100 brn|[from] Recoil\n|move|p1a: Weezing|Sludge Bomb|p2a: Rillaboom\n|-supereffective|p2a: Rillaboom\n|-damage|p2a: Rillaboom|0 fnt\n|faint|p2a: Rillaboom\n|\n|-damage|p2b: Dragonite|0 fnt|[from] brn\n|faint|p2b: Dragonite\n|\n|win|Ogrecute\n|upkeep\n|raw|Ogrecute's rating: 1368 &rarr; <strong>1384<\/strong><br \/>(+16 for winning)\n|raw|gluestick49's rating: 1296 &rarr; <strong>1276<\/strong><br \/>(-20 for losing)\n","uploadtime":1700332472,"views":24,"p1id":"ogrecute","p2id":"gluestick49","formatid":"gen9vgc2023regulatione","rating":1276,"private":0,"password":""}