{"id":"gen9vgc2023regulatione-1999902413","p1":"rmnew72","p2":"DogeStarAtWork3","format":"[Gen 9] VGC 2023 Regulation E","log":"|j|\u2606rmnew72\n|j|\u2606DogeStarAtWork3\n|t:|1701128153\n|gametype|doubles\n|player|p1|rmnew72|265|1317\n|player|p2|DogeStarAtWork3|pokemaniac|1353\n|teamsize|p1|6\n|teamsize|p2|6\n|gen|9\n|tier|[Gen 9] VGC 2023 Regulation E\n|rated|\n|rule|Species Clause: Limit one of each Pok\u00e9mon\n|rule|Item Clause: Limit one of each item\n|clearpoke\n|poke|p1|Grimmsnarl, L50, M|\n|poke|p1|Annihilape, L50, M|\n|poke|p1|Farigiraf, L50, M|\n|poke|p1|Empoleon, L50, M|\n|poke|p1|Torkoal, L50, M|\n|poke|p1|Gyarados, L50, M|\n|poke|p2|Ogerpon-Wellspring, L50, F|\n|poke|p2|Politoed, L50, F|\n|poke|p2|Flutter Mane, L50|\n|poke|p2|Tornadus, L50, M|\n|poke|p2|Iron Hands, L50|\n|poke|p2|Landorus-Therian, L50, M|\n|teampreview|4\n|\n|t:|1701128177\n|start\n|switch|p1a: Grimmsnarl|Grimmsnarl, L50, M|100\/100\n|switch|p1b: Empoleon|Empoleon, L50, M|100\/100\n|switch|p2a: Bulky Mane|Flutter Mane, L50|100\/100\n|switch|p2b: John Lo Mein|Iron Hands, L50|100\/100\n|-enditem|p2a: Bulky Mane|Booster Energy\n|-activate|p2a: Bulky Mane|ability: Protosynthesis|[fromitem]\n|-start|p2a: Bulky Mane|protosynthesisspe\n|turn|1\n|\n|t:|1701128193\n|-terastallize|p2b: John Lo Mein|Water\n|move|p2a: Bulky Mane|Protect|p2a: Bulky Mane\n|-singleturn|p2a: Bulky Mane|Protect\n|move|p1a: Grimmsnarl|Reflect|p1a: Grimmsnarl\n|-sidestart|p1: rmnew72|Reflect\n|move|p2b: John Lo Mein|Wild Charge|p1b: Empoleon\n|-supereffective|p1b: Empoleon\n|-damage|p1b: Empoleon|45\/100\n|-damage|p2b: John Lo Mein|90\/100|[from] Recoil\n|move|p1b: Empoleon|Icy Wind|p2a: Bulky Mane|[spread] p2b\n|-activate|p2a: Bulky Mane|move: Protect\n|-resisted|p2b: John Lo Mein\n|-damage|p2b: John Lo Mein|87\/100\n|-unboost|p2b: John Lo Mein|spe|1\n|\n|upkeep\n|turn|2\n|\n|t:|1701128222\n|move|p1a: Grimmsnarl|Light Screen|p1a: Grimmsnarl\n|-sidestart|p1: rmnew72|move: Light Screen\n|move|p2a: Bulky Mane|Shadow Ball|p1b: Empoleon\n|-damage|p1b: Empoleon|27\/100\n|-unboost|p1b: Empoleon|spd|1\n|-ability|p1b: Empoleon|Competitive|boost\n|-boost|p1b: Empoleon|spa|2\n|move|p1b: Empoleon|Flash Cannon|p2a: Bulky Mane\n|-supereffective|p2a: Bulky Mane\n|-crit|p2a: Bulky Mane\n|-damage|p2a: Bulky Mane|0 fnt\n|faint|p2a: Bulky Mane\n|-end|p2a: Bulky Mane|Protosynthesis|[silent]\n|move|p2b: John Lo Mein|Drain Punch|p1b: Empoleon\n|-supereffective|p1b: Empoleon\n|-damage|p1b: Empoleon|0 fnt\n|-heal|p2b: John Lo Mein|97\/100|[from] drain|[of] p1b: Empoleon\n|faint|p1b: Empoleon\n|\n|upkeep\n|\n|t:|1701128239\n|switch|p2a: :(|Ogerpon-Wellspring, L50, F|100\/100\n|switch|p1b: Gyarados|Gyarados, L50, M|100\/100\n|-ability|p1b: Gyarados|Intimidate|boost\n|-unboost|p2a: :(|atk|1\n|-unboost|p2b: John Lo Mein|atk|1\n|turn|3\n|\n|t:|1701128257\n|switch|p1b: Torkoal|Torkoal, L50, M|100\/100\n|-weather|SunnyDay|[from] ability: Drought|[of] p1b: Torkoal\n|move|p2a: :(|Spiky Shield|p2a: :(\n|-singleturn|p2a: :(|move: Protect\n|move|p1a: Grimmsnarl|Parting Shot|p2b: John Lo Mein\n|-unboost|p2b: John Lo Mein|atk|1\n|-unboost|p2b: John Lo Mein|spa|1\n|\n|t:|1701128266\n|switch|p1a: Gyarados|Gyarados, L50, M|100\/100|[from] Parting Shot\n|-ability|p1a: Gyarados|Intimidate|boost\n|-unboost|p2a: :(|atk|1\n|-unboost|p2b: John Lo Mein|atk|1\n|move|p2b: John Lo Mein|Heavy Slam|p1a: Gyarados\n|-resisted|p1a: Gyarados\n|-damage|p1a: Gyarados|98\/100\n|\n|-weather|SunnyDay|[upkeep]\n|upkeep\n|turn|4\n|\n|t:|1701128288\n|switch|p2a: Tuggie|Politoed, L50, F, shiny|100\/100\n|-weather|RainDance|[from] ability: Drizzle|[of] p2a: Tuggie\n|move|p1a: Gyarados|Thunder Wave|p2b: John Lo Mein\n|-status|p2b: John Lo Mein|par\n|move|p2b: John Lo Mein|Wild Charge|p1a: Gyarados\n|-supereffective|p1a: Gyarados\n|-damage|p1a: Gyarados|42\/100\n|-damage|p2b: John Lo Mein|86\/100 par|[from] Recoil\n|move|p1b: Torkoal|Heat Wave|p2b: John Lo Mein|[spread] p2a,p2b\n|-resisted|p2a: Tuggie\n|-resisted|p2b: John Lo Mein\n|-damage|p2a: Tuggie|89\/100\n|-damage|p2b: John Lo Mein|80\/100 par\n|\n|-weather|RainDance|[upkeep]\n|upkeep\n|turn|5\n|\n|t:|1701128306\n|switch|p1a: Grimmsnarl|Grimmsnarl, L50, M|100\/100\n|move|p2a: Tuggie|Muddy Water|p1a: Grimmsnarl|[spread] p1b\n|-miss|p2a: Tuggie|p1a: Grimmsnarl\n|-supereffective|p1b: Torkoal\n|-damage|p1b: Torkoal|19\/100\n|move|p2b: John Lo Mein|Wild Charge|p1a: Grimmsnarl\n|-damage|p1a: Grimmsnarl|86\/100\n|-damage|p2b: John Lo Mein|77\/100 par|[from] Recoil\n|move|p1b: Torkoal|Heat Wave|p2a: Tuggie|[spread] p2a,p2b\n|-resisted|p2a: Tuggie\n|-resisted|p2b: John Lo Mein\n|-damage|p2a: Tuggie|76\/100\n|-damage|p2b: John Lo Mein|72\/100 par\n|\n|-weather|RainDance|[upkeep]\n|upkeep\n|turn|6\n|\n|t:|1701128334\n|switch|p2a: :(|Ogerpon-Wellspring, L50, F|100\/100\n|switch|p1b: Gyarados|Gyarados, L50, M|42\/100\n|-ability|p1b: Gyarados|Intimidate|boost\n|-unboost|p2a: :(|atk|1\n|-unboost|p2b: John Lo Mein|atk|1\n|move|p1a: Grimmsnarl|Parting Shot|p2b: John Lo Mein\n|-unboost|p2b: John Lo Mein|atk|1\n|-unboost|p2b: John Lo Mein|spa|1\n|\n|t:|1701128342\n|switch|p1a: Torkoal|Torkoal, L50, M|19\/100|[from] Parting Shot\n|-weather|SunnyDay|[from] ability: Drought|[of] p1a: Torkoal\n|move|p2b: John Lo Mein|Wild Charge|p1b: Gyarados\n|-supereffective|p1b: Gyarados\n|-damage|p1b: Gyarados|0 fnt\n|faint|p1b: Gyarados\n|-damage|p2b: John Lo Mein|64\/100 par|[from] Recoil\n|\n|-weather|SunnyDay|[upkeep]\n|upkeep\n|\n|t:|1701128349\n|switch|p1b: Grimmsnarl|Grimmsnarl, L50, M|86\/100\n|turn|7\n|\n|t:|1701128356\n|-end|p2b: John Lo Mein|Quark Drive|[silent]\n|switch|p2b: Tuggie|Politoed, L50, F, shiny|76\/100\n|-weather|RainDance|[from] ability: Drizzle|[of] p2b: Tuggie\n|move|p2a: :(|Ivy Cudgel|p1a: Torkoal|[anim] Ivy Cudgel Water\n|-supereffective|p1a: Torkoal\n|-damage|p1a: Torkoal|0 fnt\n|faint|p1a: Torkoal\n|move|p1b: Grimmsnarl|Spirit Break|p2a: :(\n|-damage|p2a: :(|71\/100\n|-unboost|p2a: :(|spa|1\n|\n|-weather|RainDance|[upkeep]\n|upkeep\n|turn|8\n|-message|rmnew72 forfeited.\n|\n|win|DogeStarAtWork3\n|raw|rmnew72's rating: 1317 &rarr; <strong>1299<\/strong><br \/>(-18 for losing)\n|raw|DogeStarAtWork3's rating: 1353 &rarr; <strong>1371<\/strong><br \/>(+18 for winning)\n|l|\u2606rmnew72\n","uploadtime":1701128370,"views":12,"p1id":"rmnew72","p2id":"dogestaratwork3","formatid":"gen9vgc2023regulatione","rating":1299,"private":0,"password":""}