{"id":"gen9vgc2023regulatione-1995325135","p1":"spyr0technic","p2":"Jop 34 in a row","format":"[Gen 9] VGC 2023 Regulation E","log":"|j|\u2606spyr0technic\n|j|\u2606Jop 34 in a row\n|t:|1700553950\n|gametype|doubles\n|player|p1|spyr0technic|brycen|1116\n|player|p2|Jop 34 in a row|lillie|1141\n|teamsize|p1|6\n|teamsize|p2|6\n|gen|9\n|tier|[Gen 9] VGC 2023 Regulation E\n|rated|\n|rule|Species Clause: Limit one of each Pok\u00e9mon\n|rule|Item Clause: Limit one of each item\n|clearpoke\n|poke|p1|Tornadus, L50, M|\n|poke|p1|Enamorus, L50, F|\n|poke|p1|Landorus-Therian, L50, M|\n|poke|p1|Arcanine-Hisui, L50, M|\n|poke|p1|Urshifu-*, L50, M|\n|poke|p1|Brute Bonnet, L50|\n|poke|p2|Farigiraf, L50, M|\n|poke|p2|Landorus, L50, M|\n|poke|p2|Urshifu-*, L50, F|\n|poke|p2|Heatran, L50, M|\n|poke|p2|Iron Bundle, L50|\n|poke|p2|Rillaboom, L50, M|\n|teampreview|4\n|inactive|Battle timer is ON: inactive players will automatically lose when time's up. (requested by spyr0technic)\n|inactive|spyr0technic has 60 seconds left.\n|inactive|Jop 34 in a row has 60 seconds left.\n|\n|t:|1700553995\n|start\n|switch|p1a: Tornadus|Tornadus, L50, M|100\/100\n|switch|p1b: Enamorus|Enamorus, L50, F|100\/100\n|switch|p2a: Iron Bundle|Iron Bundle, L50|100\/100\n|switch|p2b: Landorus|Landorus, L50, M|100\/100\n|-enditem|p2a: Iron Bundle|Booster Energy\n|-activate|p2a: Iron Bundle|ability: Quark Drive|[fromitem]\n|-start|p2a: Iron Bundle|quarkdrivespe\n|turn|1\n|\n|t:|1700554010\n|move|p2b: Landorus|Protect|p2b: Landorus\n|-singleturn|p2b: Landorus|Protect\n|move|p1a: Tornadus|Tailwind|p1a: Tornadus\n|-sidestart|p1: spyr0technic|move: Tailwind\n|move|p1b: Enamorus|Superpower|p2a: Iron Bundle\n|-supereffective|p2a: Iron Bundle\n|-damage|p2a: Iron Bundle|27\/100\n|-boost|p1b: Enamorus|atk|1\n|-boost|p1b: Enamorus|def|1\n|move|p2a: Iron Bundle|Icy Wind|p1b: Enamorus|[spread] p1a\n|-miss|p2a: Iron Bundle|p1b: Enamorus\n|-supereffective|p1a: Tornadus\n|-damage|p1a: Tornadus|58\/100\n|-unboost|p1a: Tornadus|spe|1\n|\n|upkeep\n|turn|2\n|inactive|spyr0technic has 30 seconds left.\n|\n|t:|1700554037\n|move|p2a: Iron Bundle|Protect|p2a: Iron Bundle\n|-singleturn|p2a: Iron Bundle|Protect\n|move|p1b: Enamorus|Superpower|p2a: Iron Bundle\n|-activate|p2a: Iron Bundle|move: Protect\n|move|p1a: Tornadus|Bleakwind Storm|p2a: Iron Bundle|[spread] p2b\n|-activate|p2a: Iron Bundle|move: Protect\n|-damage|p2b: Landorus|61\/100\n|move|p2b: Landorus|Sludge Bomb|p1b: Enamorus\n|-supereffective|p1b: Enamorus\n|-damage|p1b: Enamorus|5\/100\n|\n|upkeep\n|turn|3\n|inactive|spyr0technic has 30 seconds left.\n|l|\u2606spyr0technic\n|inactive|spyr0technic disconnected and has a minute to reconnect!\n|player|p1|\n|inactive|spyr0technic has 20 seconds left.\n|inactive|spyr0technic has 15 seconds left.\n|j|\u2606spyr0technic\n|inactive|spyr0technic reconnected and has 15 seconds left.\n|player|p1|spyr0technic|brycen\n|\n|t:|1700554080\n|-terastallize|p2a: Iron Bundle|Ghost\n|move|p1b: Enamorus|Superpower|p2a: Iron Bundle\n|-immune|p2a: Iron Bundle\n|move|p2a: Iron Bundle|Icy Wind|p1a: Tornadus|[spread] p1a,p1b\n|-supereffective|p1a: Tornadus\n|-supereffective|p1b: Enamorus\n|-damage|p1a: Tornadus|11\/100\n|-damage|p1b: Enamorus|0 fnt\n|-unboost|p1a: Tornadus|spe|1\n|faint|p1b: Enamorus\n|move|p1a: Tornadus|Bleakwind Storm|p2b: Landorus|[spread] p2a,p2b\n|-damage|p2a: Iron Bundle|0 fnt\n|-damage|p2b: Landorus|17\/100\n|-unboost|p2b: Landorus|spe|1\n|faint|p2a: Iron Bundle\n|-end|p2a: Iron Bundle|Quark Drive|[silent]\n|move|p2b: Landorus|Sludge Bomb|p1a: Tornadus\n|-damage|p1a: Tornadus|0 fnt\n|faint|p1a: Tornadus\n|\n|upkeep\n|\n|t:|1700554104\n|switch|p2a: Farigiraf|Farigiraf, L50, M|100\/100\n|switch|p1a: Urshifu|Urshifu-Rapid-Strike, L50, M|100\/100\n|switch|p1b: Landorus|Landorus-Therian, L50, M|100\/100\n|-ability|p1b: Landorus|Intimidate|boost\n|-unboost|p2a: Farigiraf|atk|1\n|-unboost|p2b: Landorus|atk|1\n|turn|4\n|l|\u2606spyr0technic\n|inactive|spyr0technic disconnected and has a minute to reconnect!\n|player|p1|\n|j|\u2606spyr0technic\n|inactive|spyr0technic reconnected and has 40 seconds left.\n|player|p1|spyr0technic|brycen\n|inactive|spyr0technic has 30 seconds left.\n|\n|t:|1700554138\n|-terastallize|p1b: Landorus|Flying\n|move|p1a: Urshifu|Aqua Jet||[still]\n|cant|p2a: Farigiraf|ability: Armor Tail|Aqua Jet|[of] p1a: Urshifu\n|move|p1b: Landorus|Tera Blast|p2a: Farigiraf|[anim] Tera Blast Flying\n|-damage|p2a: Farigiraf|45\/100\n|move|p2b: Landorus|Sandsear Storm|p1b: Landorus|[spread] p1a\n|-immune|p1b: Landorus\n|-damage|p1a: Urshifu|18\/100\n|move|p2a: Farigiraf|Trick Room|p2a: Farigiraf\n|-fieldstart|move: Trick Room|[of] p2a: Farigiraf\n|\n|-sideend|p1: spyr0technic|move: Tailwind\n|upkeep\n|turn|5\n|\n|t:|1700554156\n|move|p1a: Urshifu|Detect|p1a: Urshifu\n|-singleturn|p1a: Urshifu|Protect\n|move|p2a: Farigiraf|Hyper Voice|p1a: Urshifu|[spread] p1b\n|-activate|p1a: Urshifu|move: Protect\n|-damage|p1b: Landorus|53\/100\n|-enditem|p2a: Farigiraf|Throat Spray\n|-boost|p2a: Farigiraf|spa|1|[from] item: Throat Spray\n|move|p2b: Landorus|Sludge Bomb|p1b: Landorus\n|-damage|p1b: Landorus|0 fnt\n|faint|p1b: Landorus\n|\n|upkeep\n|turn|6\n|-message|spyr0technic forfeited.\n|\n|win|Jop 34 in a row\n|raw|spyr0technic's rating: 1116 &rarr; <strong>1093<\/strong><br \/>(-23 for losing)\n|raw|Jop 34 in a row's rating: 1141 &rarr; <strong>1164<\/strong><br \/>(+23 for winning)\n|l|\u2606spyr0technic\n","uploadtime":1700554169,"views":3,"p1id":"spyr0technic","p2id":"jop34inarow","formatid":"gen9vgc2023regulatione","rating":1093,"private":0,"password":""}