{"id":"gen9vgc2023regulatione-1994964801","p1":"9Tales2BTold","p2":"Llort365","format":"[Gen 9] VGC 2023 Regulation E","log":"|j|\u26069Tales2BTold\n|j|\u2606Llort365\n|t:|1700508664\n|gametype|doubles\n|player|p1|9Tales2BTold|101|1074\n|player|p2|Llort365|hilbert-wonderlauncher|1104\n|teamsize|p1|6\n|teamsize|p2|6\n|gen|9\n|tier|[Gen 9] VGC 2023 Regulation E\n|rated|\n|rule|Species Clause: Limit one of each Pok\u00e9mon\n|rule|Item Clause: Limit one of each item\n|clearpoke\n|poke|p1|Landorus-Therian, L50, M|\n|poke|p1|Pelipper, L50, F|\n|poke|p1|Palafin, L50, M|\n|poke|p1|Dipplin, L50, F|\n|poke|p1|Empoleon, L50, M|\n|poke|p1|Ogerpon, L50, F|\n|poke|p2|Amoonguss, L50, F|\n|poke|p2|Iron Bundle, L50|\n|poke|p2|Flutter Mane, L50|\n|poke|p2|Kingambit, L50, M|\n|poke|p2|Chi-Yu, L50|\n|poke|p2|Landorus-Therian, L50, M|\n|teampreview|4\n|inactive|Battle timer is ON: inactive players will automatically lose when time's up. (requested by 9Tales2BTold)\nLlort365 has agreed to open team sheets.\n|inactive|Llort365 has 60 seconds left.\n9Tales2BTold rejected open team sheets.\n|inactive|Llort365 has 30 seconds left.\n|inactive|Llort365 has 20 seconds left.\n|inactive|Llort365 has 15 seconds left.\n|inactive|Llort365 has 10 seconds left.\n|\n|t:|1700508748\n|start\n|switch|p1a: Empoleon|Empoleon, L50, M|100\/100\n|switch|p1b: Palafin|Palafin, L50, M|100\/100\n|switch|p2a: Iron Bundle|Iron Bundle, L50|100\/100\n|switch|p2b: Kingambit|Kingambit, L50, M|100\/100\n|-enditem|p2a: Iron Bundle|Booster Energy\n|-activate|p2a: Iron Bundle|ability: Quark Drive|[fromitem]\n|-start|p2a: Iron Bundle|quarkdrivespe\n|turn|1\n|\n|t:|1700508768\n|-end|p2a: Iron Bundle|Quark Drive|[silent]\n|switch|p2a: Amoonguss|Amoonguss, L50, F|100\/100\n|-terastallize|p2b: Kingambit|Dark\n|move|p1b: Palafin|Close Combat|p2a: Amoonguss\n|-resisted|p2a: Amoonguss\n|-damage|p2a: Amoonguss|88\/100\n|-unboost|p1b: Palafin|def|1\n|-unboost|p1b: Palafin|spd|1\n|-enditem|p1b: Palafin|Eject Pack\n|\n|t:|1700508781\n|detailschange|p1b: Palafin|Palafin-Hero, L50, M\n|switch|p1b: Ogerpon|Ogerpon, L50, F|100\/100\n|move|p1a: Empoleon|Hydro Pump|p2b: Kingambit\n|-damage|p2b: Kingambit|55\/100\n|move|p2b: Kingambit|Swords Dance|p2b: Kingambit\n|-boost|p2b: Kingambit|atk|2\n|\n|upkeep\n|turn|2\n|\n|t:|1700508803\n|move|p2b: Kingambit|Sucker Punch|p1a: Empoleon\n|-damage|p1a: Empoleon|0 fnt\n|faint|p1a: Empoleon\n|move|p1b: Ogerpon|Ivy Cudgel|p2b: Kingambit\n|-damage|p2b: Kingambit|5\/100\n|-damage|p1b: Ogerpon|91\/100|[from] item: Life Orb\n|move|p2a: Amoonguss|Pollen Puff|p2b: Kingambit\n|-heal|p2b: Kingambit|55\/100\n|\n|upkeep\n|\n|t:|1700508813\n|switch|p1a: Palafin|Palafin-Hero, L50, M|100\/100\n|-activate|p1a: Palafin|ability: Zero to Hero\n|turn|3\n|\n|t:|1700508831\n|switch|p1a: Landorus|Landorus-Therian, L50, M|100\/100\n|-ability|p1a: Landorus|Intimidate|boost\n|-unboost|p2a: Amoonguss|atk|1\n|-unboost|p2b: Kingambit|atk|1\n|-ability|p2b: Kingambit|Defiant|boost\n|-boost|p2b: Kingambit|atk|2\n|move|p2a: Amoonguss|Rage Powder|p2a: Amoonguss\n|-singleturn|p2a: Amoonguss|move: Rage Powder\n|move|p2b: Kingambit|Sucker Punch||[still]\n|-fail|p2b: Kingambit\n|move|p1b: Ogerpon|Ivy Cudgel|p2b: Kingambit\n|-crit|p2b: Kingambit\n|-damage|p2b: Kingambit|0 fnt\n|faint|p2b: Kingambit\n|-damage|p1b: Ogerpon|81\/100|[from] item: Life Orb\n|\n|upkeep\n|\n|t:|1700508849\n|switch|p2b: Iron Bundle|Iron Bundle, L50|100\/100\n|turn|4\n|\n|t:|1700508871\n|-terastallize|p1a: Landorus|Flying\n|move|p2b: Iron Bundle|Protect|p2b: Iron Bundle\n|-singleturn|p2b: Iron Bundle|Protect\n|move|p1b: Ogerpon|Ivy Cudgel|p2b: Iron Bundle\n|-activate|p2b: Iron Bundle|move: Protect\n|move|p1a: Landorus|U-turn|p2b: Iron Bundle\n|-activate|p2b: Iron Bundle|move: Protect\n|move|p2a: Amoonguss|Spore|p1a: Landorus\n|-status|p1a: Landorus|slp|[from] move: Spore\n|\n|upkeep\n|turn|5\n|\n|t:|1700508889\n|switch|p1a: Palafin|Palafin-Hero, L50, M|100\/100\n|switch|p2a: Flutter Mane|Flutter Mane, L50|100\/100\n|move|p2b: Iron Bundle|Freeze-Dry|p1b: Ogerpon\n|-supereffective|p1b: Ogerpon\n|-damage|p1b: Ogerpon|6\/100\n|move|p1b: Ogerpon|Ivy Cudgel|p2b: Iron Bundle\n|-supereffective|p2b: Iron Bundle\n|-crit|p2b: Iron Bundle\n|-damage|p2b: Iron Bundle|0 fnt\n|faint|p2b: Iron Bundle\n|-end|p2b: Iron Bundle|Quark Drive|[silent]\n|-damage|p1b: Ogerpon|0 fnt|[from] item: Life Orb\n|faint|p1b: Ogerpon\n|\n|upkeep\n|\n|t:|1700508903\n|switch|p2b: Amoonguss|Amoonguss, L50, F|100\/100\n|switch|p1b: Landorus|Landorus-Therian, L50, M, tera:Flying|100\/100 slp\n|-ability|p1b: Landorus|Intimidate|boost\n|-unboost|p2a: Flutter Mane|atk|1\n|-unboost|p2b: Amoonguss|atk|1\n|turn|6\n|\n|t:|1700508920\n|move|p2b: Amoonguss|Rage Powder|p2b: Amoonguss\n|-singleturn|p2b: Amoonguss|move: Rage Powder\n|move|p2a: Flutter Mane|Moonblast|p1a: Palafin\n|-damage|p1a: Palafin|38\/100\n|move|p1a: Palafin|Ice Punch|p2b: Amoonguss\n|-supereffective|p2b: Amoonguss\n|-damage|p2b: Amoonguss|51\/100\n|cant|p1b: Landorus|slp\n|\n|upkeep\n|turn|7\n|\n|t:|1700508939\n|move|p1a: Palafin|Jet Punch|p2b: Amoonguss\n|-resisted|p2b: Amoonguss\n|-damage|p2b: Amoonguss|34\/100\n|move|p2a: Flutter Mane|Dazzling Gleam|p1a: Palafin|[spread] p1a,p1b\n|-damage|p1a: Palafin|2\/100\n|-damage|p1b: Landorus|66\/100 slp\n|cant|p1b: Landorus|slp\n|move|p2b: Amoonguss|Spore|p1b: Landorus\n|-fail|p1b: Landorus|slp\n|\n|upkeep\n|turn|8\n|\n|t:|1700508964\n|move|p2b: Amoonguss|Rage Powder|p2b: Amoonguss\n|-singleturn|p2b: Amoonguss|move: Rage Powder\n|move|p1a: Palafin|Jet Punch|p2b: Amoonguss\n|-resisted|p2b: Amoonguss\n|-damage|p2b: Amoonguss|18\/100\n|move|p2a: Flutter Mane|Dazzling Gleam|p1b: Landorus|[spread] p1a,p1b\n|-damage|p1a: Palafin|0 fnt\n|-damage|p1b: Landorus|32\/100 slp\n|faint|p1a: Palafin\n|-curestatus|p1b: Landorus|slp|[msg]\n|move|p1b: Landorus|Tera Blast|p2b: Amoonguss|[anim] Tera Blast Flying\n|-supereffective|p2b: Amoonguss\n|-damage|p2b: Amoonguss|0 fnt\n|faint|p2b: Amoonguss\n|\n|upkeep\n|turn|9\n|\n|t:|1700508976\n|move|p2a: Flutter Mane|Moonblast|p1b: Landorus\n|-crit|p1b: Landorus\n|-damage|p1b: Landorus|0 fnt\n|faint|p1b: Landorus\n|\n|win|Llort365\n|raw|9Tales2BTold's rating: 1074 &rarr; <strong>1055<\/strong><br \/>(-19 for losing)\n|raw|Llort365's rating: 1104 &rarr; <strong>1127<\/strong><br \/>(+23 for winning)\n|c|\u2606Llort365|gg\n|c|\u26069Tales2BTold|Gg\n|l|\u26069Tales2BTold\n","uploadtime":1700508996,"views":2,"p1id":"9tales2btold","p2id":"llort365","formatid":"gen9vgc2023regulatione","rating":1055,"private":0,"password":""}