{"id":"gen9vgc2023regulatione-1988408262","p1":"Prf.Anu","p2":"DarkFloof","format":"[Gen 9] VGC 2023 Regulation E","log":"|j|\u2606Prf.Anu\n|j|\u2606DarkFloof\n|t:|1699719655\n|gametype|doubles\n|player|p1|Prf.Anu|unknown|1077\n|player|p2|DarkFloof|1|1018\n|teamsize|p1|6\n|teamsize|p2|4\n|gen|9\n|tier|[Gen 9] VGC 2023 Regulation E\n|rated|\n|rule|Species Clause: Limit one of each Pok\u00e9mon\n|rule|Item Clause: Limit one of each item\n|clearpoke\n|poke|p1|Tornadus, L50, M|\n|poke|p1|Indeedee-F, L50, F|\n|poke|p1|Chi-Yu, L50|\n|poke|p1|Flutter Mane, L50|\n|poke|p1|Iron Hands, L50|\n|poke|p1|Chien-Pao, L50|\n|poke|p2|Dondozo, L50, M|\n|poke|p2|Tatsugiri, L50, M|\n|poke|p2|Flamigo, L50, M|\n|poke|p2|Hatterene, L50, F|\n|teampreview|4\n|inactive|Battle timer is ON: inactive players will automatically lose when time's up. (requested by Prf.Anu)\n|\n|t:|1699719668\n|start\n|switch|p1a: Tornadus|Tornadus, L50, M, shiny|100\/100\n|switch|p1b: Indeedee|Indeedee-F, L50, F, shiny|100\/100\n|switch|p2a: Dondozo|Dondozo, L50, M|100\/100\n|switch|p2b: Tatsugiri|Tatsugiri, L50, M|100\/100\n|-activate|p2b: Tatsugiri|ability: Commander|[of] p2a: Dondozo\n|-boost|p2a: Dondozo|atk|2\n|-boost|p2a: Dondozo|spa|2\n|-boost|p2a: Dondozo|spe|2\n|-boost|p2a: Dondozo|def|2\n|-boost|p2a: Dondozo|spd|2\n|-fieldstart|move: Psychic Terrain|[from] ability: Psychic Surge|[of] p1b: Indeedee\n|turn|1\n|\n|t:|1699719692\n|move|p1b: Indeedee|Follow Me|p1b: Indeedee\n|-singleturn|p1b: Indeedee|move: Follow Me\n|move|p1a: Tornadus|Tailwind|p1a: Tornadus\n|-sidestart|p1: Prf.Anu|move: Tailwind\n|move|p2a: Dondozo|Order Up|p1b: Indeedee\n|-damage|p1b: Indeedee|33\/100\n|-boost|p2a: Dondozo|atk|1\n|\n|-heal|p1b: Indeedee|39\/100|[from] item: Leftovers\n|upkeep\n|turn|2\n|inactive|Prf.Anu has 30 seconds left.\n|\n|t:|1699719720\n|move|p1b: Indeedee|Follow Me|p1b: Indeedee\n|-singleturn|p1b: Indeedee|move: Follow Me\n|move|p1a: Tornadus|Sunny Day|p1a: Tornadus\n|-weather|SunnyDay\n|move|p2a: Dondozo|Wave Crash|p1b: Indeedee\n|-damage|p1b: Indeedee|0 fnt\n|faint|p1b: Indeedee\n|-damage|p2a: Dondozo|92\/100|[from] Recoil\n|\n|-weather|SunnyDay|[upkeep]\n|-heal|p2a: Dondozo|98\/100|[from] item: Leftovers\n|upkeep\n|\n|t:|1699719730\n|switch|p1b: Chi-Yu|Chi-Yu, L50|100\/100\n|-ability|p1b: Chi-Yu|Beads of Ruin\n|turn|3\n|\n|t:|1699719747\n|switch|p1b: Chien-Pao|Chien-Pao, L50|100\/100\n|-ability|p1b: Chien-Pao|Sword of Ruin\n|move|p1a: Tornadus|Bleakwind Storm|p2a: Dondozo|[spread] p2a\n|-miss|p1a: Tornadus|p2b: Tatsugiri\n|-damage|p2a: Dondozo|80\/100\n|move|p2a: Dondozo|Wave Crash|p1b: Chien-Pao\n|-damage|p1b: Chien-Pao|12\/100\n|-damage|p2a: Dondozo|60\/100|[from] Recoil\n|-enditem|p1b: Chien-Pao|Eject Button\n|\n|t:|1699719757\n|switch|p1b: Chi-Yu|Chi-Yu, L50|100\/100\n|-ability|p1b: Chi-Yu|Beads of Ruin\n|\n|-weather|SunnyDay|[upkeep]\n|-heal|p2a: Dondozo|66\/100|[from] item: Leftovers\n|upkeep\n|turn|4\n|\n|t:|1699719773\n|-terastallize|p1b: Chi-Yu|Water\n|-terastallize|p2a: Dondozo|Dragon\n|move|p1a: Tornadus|Protect|p1a: Tornadus\n|-singleturn|p1a: Tornadus|Protect\n|move|p1b: Chi-Yu|Heat Wave|p2a: Dondozo|[spread] p2a\n|-miss|p1b: Chi-Yu|p2b: Tatsugiri\n|-resisted|p2a: Dondozo\n|-crit|p2a: Dondozo\n|-damage|p2a: Dondozo|0 fnt\n|faint|p2a: Dondozo\n|\n|-weather|SunnyDay|[upkeep]\n|-sideend|p1: Prf.Anu|move: Tailwind\n|upkeep\n|\n|t:|1699719786\n|switch|p2a: Hatterene|Hatterene, L50, F|100\/100\n|turn|5\n|\n|t:|1699719795\n|move|p1a: Tornadus|Tailwind|p1a: Tornadus\n|-sidestart|p1: Prf.Anu|move: Tailwind\n|move|p1b: Chi-Yu|Heat Wave|p2a: Hatterene|[spread] p2a,p2b\n|-resisted|p2b: Tatsugiri\n|-damage|p2a: Hatterene|42\/100\n|-damage|p2b: Tatsugiri|77\/100\n|move|p2b: Tatsugiri|Muddy Water|p1a: Tornadus|[spread] p1a\n|-miss|p2b: Tatsugiri|p1b: Chi-Yu\n|-damage|p1a: Tornadus|73\/100\n|move|p2a: Hatterene|Dazzling Gleam|p1a: Tornadus|[spread] p1a,p1b\n|-damage|p1a: Tornadus|13\/100\n|-damage|p1b: Chi-Yu|59\/100\n|\n|-weather|SunnyDay|[upkeep]\n|-fieldend|move: Psychic Terrain\n|upkeep\n|turn|6\n|\n|t:|1699719815\n|move|p1a: Tornadus|Bleakwind Storm|p2b: Tatsugiri|[spread] p2b\n|-miss|p1a: Tornadus|p2a: Hatterene\n|-damage|p2b: Tatsugiri|19\/100\n|-unboost|p2b: Tatsugiri|spe|1\n|move|p1b: Chi-Yu|Heat Wave|p2a: Hatterene|[spread] p2a,p2b\n|-resisted|p2b: Tatsugiri\n|-damage|p2a: Hatterene|0 fnt\n|-damage|p2b: Tatsugiri|0 fnt\n|faint|p2a: Hatterene\n|faint|p2b: Tatsugiri\n|\n|-weather|none\n|upkeep\n|-message|DarkFloof forfeited.\n|\n|win|Prf.Anu\n|raw|Prf.Anu's rating: 1077 &rarr; <strong>1101<\/strong><br \/>(+24 for winning)\n|raw|DarkFloof's rating: 1018 &rarr; <strong>1007<\/strong><br \/>(-11 for losing)\n|l|\u2606DarkFloof\n","uploadtime":1699720013,"views":13,"p1id":"prfanu","p2id":"darkfloof","formatid":"gen9vgc2023regulatione","rating":1007,"private":0,"password":""}