{"id":"gen9vgc2023regulatione-1988381657","p1":"BlindMagneton","p2":"zanemonjj","format":"[Gen 9] VGC 2023 Regulation E","log":"|j|\u2606BlindMagneton\n|j|\u2606zanemonjj\n|t:|1699716518\n|gametype|doubles\n|player|p1|BlindMagneton|wattson|1291\n|player|p2|zanemonjj|cynthia|1364\n|teamsize|p1|6\n|teamsize|p2|6\n|gen|9\n|tier|[Gen 9] VGC 2023 Regulation E\n|rated|\n|rule|Species Clause: Limit one of each Pok\u00e9mon\n|rule|Item Clause: Limit one of each item\n|clearpoke\n|poke|p1|Zoroark-Hisui, L50, M|\n|poke|p1|Grimmsnarl, L50, M|\n|poke|p1|Magnezone, L50|\n|poke|p1|Ogerpon-Wellspring, L50, F|\n|poke|p1|Farigiraf, L50, M|\n|poke|p1|Salamence, L50, M|\n|poke|p2|Tornadus, L50, M|\n|poke|p2|Regidrago, L50|\n|poke|p2|Urshifu-*, L50, F|\n|poke|p2|Flutter Mane, L50|\n|poke|p2|Farigiraf, L50, F|\n|poke|p2|Heatran, L50, M|\n|teampreview|4\n|inactive|Battle timer is ON: inactive players will automatically lose when time's up. (requested by zanemonjj)\n|\n|t:|1699716619\n|start\n|switch|p1a: Grimmsnarl|Grimmsnarl, L50, M|100\/100\n|switch|p1b: Magnezone|Magnezone, L50|100\/100\n|switch|p2a: Farigiraf|Farigiraf, L50, F|100\/100\n|switch|p2b: Urshifu|Urshifu, L50, F|100\/100\n|turn|1\n|inactive|BlindMagneton has 30 seconds left.\n|inactive|zanemonjj has 30 seconds left.\n|inactive|zanemonjj has 20 seconds left.\n|\n|t:|1699716659\n|move|p2b: Urshifu|Wicked Blow|p1a: Grimmsnarl\n|-resisted|p1a: Grimmsnarl\n|-crit|p1a: Grimmsnarl\n|-damage|p1a: Grimmsnarl|87\/100\n|move|p1b: Magnezone|Will-O-Wisp|p2b: Urshifu\n|-status|p2b: Urshifu|brn\n|move|p1a: Grimmsnarl|Spirit Break|p2b: Urshifu\n|-supereffective|p2b: Urshifu\n|-crit|p2b: Urshifu\n|-damage|p2b: Urshifu|0 fnt\n|faint|p2b: Urshifu\n|move|p2a: Farigiraf|Dazzling Gleam|p1a: Grimmsnarl|[spread] p1a,p1b\n|-supereffective|p1a: Grimmsnarl\n|-damage|p1a: Grimmsnarl|54\/100\n|-damage|p1b: Magnezone|62\/100\n|replace|p1b: Zoroark|Zoroark-Hisui, L50, M\n|-end|p1b: Zoroark|Illusion\n|\n|upkeep\n|\n|t:|1699716671\n|switch|p2b: Heatran|Heatran, L50, M|100\/100\n|turn|2\n|inactive|BlindMagneton has 30 seconds left.\n|inactive|BlindMagneton has 20 seconds left.\n|inactive|BlindMagneton has 15 seconds left.\n|inactive|BlindMagneton has 10 seconds left.\n|\n|t:|1699716717\n|move|p1b: Zoroark|Hex|p2b: Heatran\n|-damage|p2b: Heatran|69\/100\n|move|p2b: Heatran|Flash Cannon|p1a: Grimmsnarl\n|-supereffective|p1a: Grimmsnarl\n|-crit|p1a: Grimmsnarl\n|-damage|p1a: Grimmsnarl|0 fnt\n|faint|p1a: Grimmsnarl\n|-damage|p2b: Heatran|59\/100|[from] item: Life Orb\n|move|p2a: Farigiraf|Dazzling Gleam|p1b: Zoroark\n|-damage|p1b: Zoroark|16\/100\n|\n|upkeep\n|\n|t:|1699716729\n|switch|p1a: Salamence|Salamence, L50, M|100\/100\n|-ability|p1a: Salamence|Intimidate|boost\n|-unboost|p2a: Farigiraf|atk|1\n|-unboost|p2b: Heatran|atk|1\n|turn|3\n|inactive|zanemonjj has 30 seconds left.\n|\n|t:|1699716755\n|move|p1b: Zoroark|Protect|p1b: Zoroark\n|-singleturn|p1b: Zoroark|Protect\n|move|p2b: Heatran|Protect|p2b: Heatran\n|-singleturn|p2b: Heatran|Protect\n|move|p1a: Salamence|Earthquake|p2a: Farigiraf|[spread] p2a\n|-activate|p1b: Zoroark|move: Protect\n|-activate|p2b: Heatran|move: Protect\n|-damage|p2a: Farigiraf|62\/100\n|-damage|p1a: Salamence|91\/100|[from] item: Life Orb\n|move|p2a: Farigiraf|Dazzling Gleam|p1b: Zoroark|[spread] p1a\n|-activate|p1b: Zoroark|move: Protect\n|-supereffective|p1a: Salamence\n|-damage|p1a: Salamence|52\/100\n|\n|upkeep\n|turn|4\n|\n|t:|1699716772\n|move|p1a: Salamence|Protect|p1a: Salamence\n|-singleturn|p1a: Salamence|Protect\n|move|p1b: Zoroark|Icy Wind|p2a: Farigiraf|[spread] p2a,p2b\n|-crit|p2a: Farigiraf\n|-resisted|p2b: Heatran\n|-damage|p2a: Farigiraf|43\/100\n|-damage|p2b: Heatran|56\/100\n|-unboost|p2a: Farigiraf|spe|1\n|-unboost|p2b: Heatran|spe|1\n|move|p2b: Heatran|Heat Wave|p1a: Salamence|[spread] p1b\n|-activate|p1a: Salamence|move: Protect\n|-damage|p1b: Zoroark|0 fnt\n|faint|p1b: Zoroark\n|-damage|p2b: Heatran|46\/100|[from] item: Life Orb\n|move|p2a: Farigiraf|Dazzling Gleam|p1a: Salamence\n|-activate|p1a: Salamence|move: Protect\n|\n|upkeep\n|\n|t:|1699716784\n|switch|p1b: Magnezone|Magnezone, L50|100\/100\n|turn|5\n|inactive|BlindMagneton has 30 seconds left.\n|inactive|BlindMagneton has 20 seconds left.\n|inactive|BlindMagneton has 15 seconds left.\n|\n|t:|1699716830\n|move|p1a: Salamence|Protect||[still]\n|-fail|p1a: Salamence\n|move|p2b: Heatran|Protect|p2b: Heatran\n|-singleturn|p2b: Heatran|Protect\n|move|p1b: Magnezone|Thunderbolt|p2a: Farigiraf\n|-damage|p2a: Farigiraf|6\/100\n|-status|p2a: Farigiraf|par\n|cant|p2a: Farigiraf|par\n|\n|upkeep\n|turn|6\n|inactive|BlindMagneton has 30 seconds left.\n|inactive|zanemonjj has 30 seconds left.\n|inactive|zanemonjj has 20 seconds left.\n|inactive|zanemonjj has 15 seconds left.\n|inactive|zanemonjj has 10 seconds left.\n|\n|t:|1699716877\n|move|p1b: Magnezone|Protect|p1b: Magnezone\n|-singleturn|p1b: Magnezone|Protect\n|move|p1a: Salamence|Earthquake|p2a: Farigiraf|[spread] p2a,p2b\n|-activate|p1b: Magnezone|move: Protect\n|-supereffective|p2b: Heatran\n|-damage|p2a: Farigiraf|0 fnt\n|-damage|p2b: Heatran|0 fnt\n|faint|p2a: Farigiraf\n|faint|p2b: Heatran\n|-damage|p1a: Salamence|43\/100|[from] item: Life Orb\n|\n|upkeep\n|\n|t:|1699716884\n|switch|p2b: Regidrago|Regidrago, L50|100\/100\n|turn|7\n|inactive|BlindMagneton has 30 seconds left.\n|\n|t:|1699716918\n|-terastallize|p1b: Magnezone|Fairy\n|move|p1a: Salamence|Protect|p1a: Salamence\n|-singleturn|p1a: Salamence|Protect\n|move|p2b: Regidrago|Earth Power|p1b: Magnezone\n|-damage|p1b: Magnezone|76\/100\n|move|p1b: Magnezone|Tera Blast|p2b: Regidrago|[anim] Tera Blast Fairy\n|-supereffective|p2b: Regidrago\n|-damage|p2b: Regidrago|0 fnt\n|faint|p2b: Regidrago\n|\n|win|BlindMagneton\n|raw|BlindMagneton's rating: 1291 &rarr; <strong>1321<\/strong><br \/>(+30 for winning)\n|raw|zanemonjj's rating: 1364 &rarr; <strong>1340<\/strong><br \/>(-24 for losing)\n","uploadtime":1699716928,"views":18,"p1id":"blindmagneton","p2id":"zanemonjj","formatid":"gen9vgc2023regulatione","rating":1321,"private":0,"password":""}