{"id":"gen9vgc2023regulatione-1991620487","p1":"CaHu2","p2":"garekgamedes","format":"[Gen 9] VGC 2023 Regulation E","log":"|j|\u2606CaHu2\n|j|\u2606garekgamedes\n|t:|1700095083\n|gametype|doubles\n|player|p1|CaHu2|169|1175\n|player|p2|garekgamedes|giovanni|1110\n|teamsize|p1|6\n|teamsize|p2|6\n|gen|9\n|tier|[Gen 9] VGC 2023 Regulation E\n|rated|\n|rule|Species Clause: Limit one of each Pok\u00e9mon\n|rule|Item Clause: Limit one of each item\n|clearpoke\n|poke|p1|Empoleon, L50, M|\n|poke|p1|Ogerpon-Wellspring, L50, F|\n|poke|p1|Tornadus, L50, M|\n|poke|p1|Roaring Moon, L50|\n|poke|p1|Gholdengo, L50|\n|poke|p1|Landorus-Therian, L50, M|\n|poke|p2|Iron Jugulis, L50|\n|poke|p2|Farigiraf, L50, M|\n|poke|p2|Kleavor, L50, M|\n|poke|p2|Ogerpon-Wellspring, L50, F|\n|poke|p2|Stonjourner, L50, M|\n|poke|p2|Chi-Yu, L50|\n|teampreview|4\n|inactive|Battle timer is ON: inactive players will automatically lose when time's up. (requested by CaHu2)\ngarekgamedes has agreed to open team sheets.\nCaHu2 has agreed to open team sheets.\n|inactive|CaHu2 has 30 seconds left.\n|inactive|CaHu2 has 20 seconds left.\n|inactive|CaHu2 has 15 seconds left.\n|\n|t:|1700095129\n|start\n|switch|p1a: Roaring Moon|Roaring Moon, L50|100\/100\n|switch|p1b: Landorus|Landorus-Therian, L50, M|100\/100\n|switch|p2a: Iron Jugulis|Iron Jugulis, L50|100\/100\n|switch|p2b: Farigiraf|Farigiraf, L50, M|100\/100\n|-ability|p1b: Landorus|Intimidate|boost\n|-unboost|p2a: Iron Jugulis|atk|1\n|-unboost|p2b: Farigiraf|atk|1\n|-enditem|p1a: Roaring Moon|Booster Energy\n|-activate|p1a: Roaring Moon|ability: Protosynthesis|[fromitem]\n|-start|p1a: Roaring Moon|protosynthesisatk\n|-enditem|p2a: Iron Jugulis|Booster Energy\n|-activate|p2a: Iron Jugulis|ability: Quark Drive|[fromitem]\n|-start|p2a: Iron Jugulis|quarkdrivespe\n|turn|1\n|inactive|CaHu2 has 30 seconds left.\n|inactive|garekgamedes has 30 seconds left.\n|inactive|CaHu2 has 20 seconds left.\n|inactive|CaHu2 has 15 seconds left.\n|inactive|CaHu2 has 10 seconds left.\n|\n|t:|1700095175\n|-terastallize|p1a: Roaring Moon|Fairy\n|-terastallize|p2b: Farigiraf|Fairy\n|move|p2a: Iron Jugulis|Protect|p2a: Iron Jugulis\n|-singleturn|p2a: Iron Jugulis|Protect\n|move|p1a: Roaring Moon|Tailwind|p1a: Roaring Moon\n|-sidestart|p1: CaHu2|move: Tailwind\n|move|p1b: Landorus|U-turn|p2b: Farigiraf\n|-resisted|p2b: Farigiraf\n|-damage|p2b: Farigiraf|86\/100\n|\n|t:|1700095185\n|switch|p1b: Empoleon|Empoleon, L50, M|100\/100|[from] U-turn\n|move|p2b: Farigiraf|Gravity|p2b: Farigiraf\n|-fieldstart|move: Gravity\n|\n|-heal|p2b: Farigiraf|92\/100|[from] item: Leftovers\n|upkeep\n|turn|2\n|inactive|CaHu2 has 30 seconds left.\n|inactive|CaHu2 has 20 seconds left.\n|\n|t:|1700095222\n|move|p2b: Farigiraf|Helping Hand|p2a: Iron Jugulis\n|-singleturn|p2a: Iron Jugulis|Helping Hand|[of] p2b: Farigiraf\n|move|p1a: Roaring Moon|Knock Off|p2b: Farigiraf\n|-resisted|p2b: Farigiraf\n|-damage|p2b: Farigiraf|55\/100\n|-enditem|p2b: Farigiraf|Leftovers|[from] move: Knock Off|[of] p1a: Roaring Moon\n|move|p2a: Iron Jugulis|Hurricane|p1a: Roaring Moon\n|-damage|p1a: Roaring Moon|34\/100\n|move|p1b: Empoleon|Yawn|p2a: Iron Jugulis\n|-start|p2a: Iron Jugulis|move: Yawn|[of] p1b: Empoleon\n|\n|upkeep\n|turn|3\n|\n|t:|1700095245\n|move|p1a: Roaring Moon|Protect|p1a: Roaring Moon\n|-singleturn|p1a: Roaring Moon|Protect\n|move|p2a: Iron Jugulis|Tailwind|p2a: Iron Jugulis\n|-sidestart|p2: garekgamedes|move: Tailwind\n|move|p1b: Empoleon|Yawn||[still]\n|-fail|p1b: Empoleon\n|move|p2b: Farigiraf|Psychic|p1a: Roaring Moon\n|-activate|p1a: Roaring Moon|move: Protect\n|\n|-end|p2a: Iron Jugulis|move: Yawn|[silent]\n|-status|p2a: Iron Jugulis|slp\n|upkeep\n|turn|4\n|\n|t:|1700095262\n|cant|p2a: Iron Jugulis|slp\n|move|p1a: Roaring Moon|Knock Off|p2a: Iron Jugulis\n|-resisted|p2a: Iron Jugulis\n|-damage|p2a: Iron Jugulis|74\/100 slp\n|move|p1b: Empoleon|Flash Cannon|p2b: Farigiraf\n|-supereffective|p2b: Farigiraf\n|-damage|p2b: Farigiraf|0 fnt\n|faint|p2b: Farigiraf\n|\n|-sideend|p1: CaHu2|move: Tailwind\n|upkeep\n|\n|t:|1700095271\n|switch|p2b: Kleavor|Kleavor, L50, M|100\/100\n|turn|5\n|\n|t:|1700095288\n|cant|p2a: Iron Jugulis|slp\n|move|p1a: Roaring Moon|Protect|p1a: Roaring Moon\n|-singleturn|p1a: Roaring Moon|Protect\n|move|p2b: Kleavor|Stone Axe|p1a: Roaring Moon\n|-activate|p1a: Roaring Moon|move: Protect\n|move|p1b: Empoleon|Surf|p2a: Iron Jugulis|[spread] p2a,p2b\n|-activate|p1a: Roaring Moon|move: Protect\n|-supereffective|p2b: Kleavor\n|-damage|p2a: Iron Jugulis|40\/100 slp\n|-damage|p2b: Kleavor|41\/100\n|\n|-fieldend|move: Gravity\n|upkeep\n|turn|6\n|\n|t:|1700095312\n|-end|p1a: Roaring Moon|Protosynthesis|[silent]\n|switch|p1a: Landorus|Landorus-Therian, L50, M|100\/100\n|-ability|p1a: Landorus|Intimidate|boost\n|-unboost|p2a: Iron Jugulis|atk|1\n|-unboost|p2b: Kleavor|atk|1\n|cant|p2a: Iron Jugulis|slp\n|move|p2b: Kleavor|Stone Axe|p1b: Empoleon\n|-resisted|p1b: Empoleon\n|-damage|p1b: Empoleon|88\/100\n|-sidestart|p1: CaHu2|move: Stealth Rock\n|move|p1b: Empoleon|Flash Cannon|p2b: Kleavor\n|-supereffective|p2b: Kleavor\n|-damage|p2b: Kleavor|0 fnt\n|faint|p2b: Kleavor\n|\n|-heal|p1b: Empoleon|94\/100|[from] item: Leftovers\n|-sideend|p2: garekgamedes|move: Tailwind\n|upkeep\n|-message|garekgamedes forfeited.\n|\n|win|CaHu2\n|raw|CaHu2's rating: 1175 &rarr; <strong>1195<\/strong><br \/>(+20 for winning)\n|raw|garekgamedes's rating: 1110 &rarr; <strong>1090<\/strong><br \/>(-20 for losing)\n|l|\u2606garekgamedes\n","uploadtime":1700095328,"views":11,"p1id":"cahu2","p2id":"garekgamedes","formatid":"gen9vgc2023regulatione","rating":1090,"private":0,"password":""}