{"id":"gen9vgc2023regulatione-1990290262","p1":"Torrain","p2":"Jackietreehorn321","format":"[Gen 9] VGC 2023 Regulation E","log":"|j|\u2606Torrain\n|j|\u2606Jackietreehorn321\n|t:|1699951545\n|gametype|doubles\n|player|p1|Torrain|juan|1470\n|player|p2|Jackietreehorn321|102|1416\n|teamsize|p1|6\n|teamsize|p2|6\n|gen|9\n|tier|[Gen 9] VGC 2023 Regulation E\n|rated|\n|rule|Species Clause: Limit one of each Pok\u00e9mon\n|rule|Item Clause: Limit one of each item\n|clearpoke\n|poke|p1|Rillaboom, L50, M|\n|poke|p1|Chien-Pao, L50|\n|poke|p1|Weezing, L50, F|\n|poke|p1|Kingambit, L50, F|\n|poke|p1|Clefairy, L50, F|\n|poke|p1|Flutter Mane, L50|\n|poke|p2|Ninetales-Alola, L50, F|\n|poke|p2|Moltres-Galar, L50|\n|poke|p2|Annihilape, L50, F|\n|poke|p2|Rillaboom, L50, M|\n|poke|p2|Farigiraf, L50, M|\n|poke|p2|Glimmora, L50, M|\n|teampreview|4\n|inactive|Battle timer is ON: inactive players will automatically lose when time's up. (requested by Torrain)\n|inactive|Torrain has 60 seconds left.\n|inactive|Jackietreehorn321 has 60 seconds left.\nTorrain has agreed to open team sheets.\n|inactive|Jackietreehorn321 has 30 seconds left.\n|inactive|Jackietreehorn321 has 20 seconds left.\n|inactive|Jackietreehorn321 has 15 seconds left.\n|inactive|Jackietreehorn321 has 10 seconds left.\n|inactive|Jackietreehorn321 has 5 seconds left.\n|\n|t:|1699951630\n|start\n|switch|p1a: Kingambit|Kingambit, L50, F|100\/100\n|switch|p1b: Weezing|Weezing, L50, F|100\/100\n|switch|p2a: Farigiraf|Farigiraf, L50, M|100\/100\n|switch|p2b: Annihilape|Annihilape, L50, F|100\/100\n|-ability|p1b: Weezing|Neutralizing Gas\n|turn|1\n|inactive|Jackietreehorn321 has 30 seconds left.\n|\n|t:|1699951655\n|-terastallize|p2a: Farigiraf|Normal\n|-terastallize|p1a: Kingambit|Dark\n|move|p2b: Annihilape|Drain Punch|p1a: Kingambit\n|-supereffective|p1a: Kingambit\n|-damage|p1a: Kingambit|50\/100\n|move|p2a: Farigiraf|Psychic|p1b: Weezing\n|-supereffective|p1b: Weezing\n|-crit|p1b: Weezing\n|-damage|p1b: Weezing|0 fnt\n|faint|p1b: Weezing\n|-end|p1b: Weezing|ability: Neutralizing Gas\n|move|p1a: Kingambit|Swords Dance|p1a: Kingambit\n|-boost|p1a: Kingambit|atk|2\n|\n|upkeep\n|\n|t:|1699951669\n|switch|p1b: Chien-Pao|Chien-Pao, L50|100\/100\n|-ability|p1b: Chien-Pao|Sword of Ruin\n|turn|2\n|j| fairynanbawan\n|inactive|Jackietreehorn321 has 30 seconds left.\n|\n|t:|1699951704\n|move|p1a: Kingambit|Protect|p1a: Kingambit\n|-singleturn|p1a: Kingambit|Protect\n|move|p1b: Chien-Pao|Sacred Sword|p2a: Farigiraf\n|-supereffective|p2a: Farigiraf\n|-damage|p2a: Farigiraf|23\/100\n|move|p2b: Annihilape|Drain Punch|p1a: Kingambit\n|-activate|p1a: Kingambit|move: Protect\n|move|p2a: Farigiraf|Hyper Voice|p1a: Kingambit|[spread] p1b\n|-activate|p1a: Kingambit|move: Protect\n|-damage|p1b: Chien-Pao|36\/100\n|\n|upkeep\n|turn|3\n|c| fairynanbawan|that is one scary gambit\n|inactive|Torrain has 30 seconds left.\n|inactive|Jackietreehorn321 has 30 seconds left.\n|inactive|Torrain has 20 seconds left.\n|inactive|Jackietreehorn321 has 20 seconds left.\n|\n|t:|1699951743\n|switch|p1a: Flutter Mane|Flutter Mane, L50|100\/100\n|-enditem|p1a: Flutter Mane|Booster Energy\n|-activate|p1a: Flutter Mane|ability: Protosynthesis|[fromitem]\n|-start|p1a: Flutter Mane|protosynthesisspe\n|move|p1b: Chien-Pao|Sacred Sword|p2a: Farigiraf\n|-supereffective|p2a: Farigiraf\n|-damage|p2a: Farigiraf|0 fnt\n|faint|p2a: Farigiraf\n|move|p2b: Annihilape|Drain Punch|p1a: Flutter Mane\n|-immune|p1a: Flutter Mane\n|\n|upkeep\n|inactive|Jackietreehorn321 has 30 seconds left.\n|inactive|Jackietreehorn321 has 20 seconds left.\n|\n|t:|1699951781\n|switch|p2a: Rillaboom|Rillaboom, L50, M|100\/100\n|-fieldstart|move: Grassy Terrain|[from] ability: Grassy Surge|[of] p2a: Rillaboom\n|turn|4\n|l|\u2606Jackietreehorn321\n|inactive|Jackietreehorn321 disconnected and has a minute to reconnect!\n|player|p2|\n|j|\u2606Jackietreehorn321\n|inactive|Jackietreehorn321 reconnected and has 55 seconds left.\n|player|p2|Jackietreehorn321|102\n|\n|t:|1699951802\n|move|p1a: Flutter Mane|Protect|p1a: Flutter Mane\n|-singleturn|p1a: Flutter Mane|Protect\n|move|p1b: Chien-Pao|Protect|p1b: Chien-Pao\n|-singleturn|p1b: Chien-Pao|Protect\n|move|p2b: Annihilape|Protect|p2b: Annihilape\n|-singleturn|p2b: Annihilape|Protect\n|move|p2a: Rillaboom|Grassy Glide|p1b: Chien-Pao\n|-activate|p1b: Chien-Pao|move: Protect\n|\n|-heal|p1b: Chien-Pao|42\/100|[from] Grassy Terrain\n|upkeep\n|turn|5\n|\n|t:|1699951822\n|move|p1b: Chien-Pao|Sucker Punch|p2a: Rillaboom\n|-damage|p2a: Rillaboom|54\/100\n|move|p2a: Rillaboom|Grassy Glide|p1b: Chien-Pao\n|-damage|p1b: Chien-Pao|0 fnt\n|faint|p1b: Chien-Pao\n|move|p1a: Flutter Mane|Moonblast|p2b: Annihilape\n|-supereffective|p2b: Annihilape\n|-damage|p2b: Annihilape|16\/100\n|-unboost|p2b: Annihilape|spa|1\n|-ability|p2b: Annihilape|Defiant|boost\n|-boost|p2b: Annihilape|atk|2\n|move|p2b: Annihilape|Rage Fist|p1a: Flutter Mane\n|-supereffective|p1a: Flutter Mane\n|-damage|p1a: Flutter Mane|0 fnt\n|faint|p1a: Flutter Mane\n|-end|p1a: Flutter Mane|Protosynthesis|[silent]\n|\n|-heal|p2b: Annihilape|22\/100|[from] Grassy Terrain\n|-heal|p2b: Annihilape|28\/100|[from] item: Leftovers\n|-heal|p2a: Rillaboom|60\/100|[from] Grassy Terrain\n|upkeep\n|-message|Torrain forfeited.\n|\n|win|Jackietreehorn321\n|raw|Torrain's rating: 1470 &rarr; <strong>1447<\/strong><br \/>(-23 for losing)\n|raw|Jackietreehorn321's rating: 1416 &rarr; <strong>1439<\/strong><br \/>(+23 for winning)\n|l|\u2606Torrain\n|l|\u2606Jackietreehorn321\n","uploadtime":1699951918,"views":18,"p1id":"torrain","p2id":"jackietreehorn321","formatid":"gen9vgc2023regulatione","rating":1439,"private":0,"password":""}