{"id":"gen9vgc2023regulatione-1990642055","p1":"xatov","p2":"JokerCMG","format":"[Gen 9] VGC 2023 Regulation E","log":"|j|\u2606xatov\n|j|\u2606JokerCMG\n|t:|1699988077\n|gametype|doubles\n|player|p1|xatov|jogger|1021\n|player|p2|JokerCMG|barry|1000\n|teamsize|p1|6\n|teamsize|p2|6\n|gen|9\n|tier|[Gen 9] VGC 2023 Regulation E\n|rated|\n|rule|Species Clause: Limit one of each Pok\u00e9mon\n|rule|Item Clause: Limit one of each item\n|clearpoke\n|poke|p1|Lucario, L50, F|\n|poke|p1|Maushold-Four, L50|\n|poke|p1|Gholdengo, L50|\n|poke|p1|Chi-Yu, L50|\n|poke|p1|Conkeldurr, L50, F|\n|poke|p1|Landorus, L50, M|\n|poke|p2|Krookodile, L50, M|\n|poke|p2|Espeon, L50, F|\n|poke|p2|Golem-Alola, L50, M|\n|poke|p2|Ogerpon-Wellspring, L50, F|\n|poke|p2|Annihilape, L50, M|\n|poke|p2|Salazzle, L50, F|\n|teampreview|4\n|inactive|Battle timer is ON: inactive players will automatically lose when time's up. (requested by xatov)\n|\n|t:|1699988103\n|start\n|switch|p1a: Lucario|Lucario, L50, F|100\/100\n|switch|p1b: Maushold|Maushold-Four, L50|100\/100\n|switch|p2a: Mad Monkey|Annihilape, L50, M|100\/100\n|switch|p2b: RTX|Salazzle, L50, F, shiny|100\/100\n|turn|1\n|\n|t:|1699988128\n|move|p1a: Lucario|Extreme Speed|p2b: RTX\n|-damage|p2b: RTX|40\/100\n|move|p2b: RTX|Toxic|p1b: Maushold\n|-status|p1b: Maushold|tox\n|move|p1b: Maushold|Beat Up|p1a: Lucario\n|-resisted|p1a: Lucario\n|-damage|p1a: Lucario|96\/100\n|-ability|p1a: Lucario|Justified|boost\n|-boost|p1a: Lucario|atk|1\n|-resisted|p1a: Lucario\n|-damage|p1a: Lucario|92\/100\n|-ability|p1a: Lucario|Justified|boost\n|-boost|p1a: Lucario|atk|1\n|-resisted|p1a: Lucario\n|-damage|p1a: Lucario|85\/100\n|-ability|p1a: Lucario|Justified|boost\n|-boost|p1a: Lucario|atk|1\n|-resisted|p1a: Lucario\n|-damage|p1a: Lucario|80\/100\n|-ability|p1a: Lucario|Justified|boost\n|-boost|p1a: Lucario|atk|1\n|-hitcount|p1a: Lucario|4\n|move|p2a: Mad Monkey|Acrobatics|p1a: Lucario\n|-crit|p1a: Lucario\n|-damage|p1a: Lucario|0 fnt\n|faint|p1a: Lucario\n|\n|-heal|p2b: RTX|46\/100|[from] item: Black Sludge\n|-damage|p1b: Maushold|94\/100 tox|[from] psn\n|upkeep\n|\n|t:|1699988152\n|switch|p1a: Landorus|Landorus, L50, M|100\/100\n|turn|2\n|\n|t:|1699988172\n|move|p1b: Maushold|Follow Me|p1b: Maushold\n|-singleturn|p1b: Maushold|move: Follow Me\n|move|p2b: RTX|Dragon Dance|p2b: RTX\n|-boost|p2b: RTX|atk|1\n|-boost|p2b: RTX|spe|1\n|move|p1a: Landorus|Earth Power|p2b: RTX\n|-supereffective|p2b: RTX\n|-damage|p2b: RTX|0 fnt\n|faint|p2b: RTX\n|move|p2a: Mad Monkey|Acrobatics|p1b: Maushold\n|-damage|p1b: Maushold|35\/100 tox\n|\n|-damage|p1b: Maushold|23\/100 tox|[from] psn\n|upkeep\n|\n|t:|1699988179\n|switch|p2b: I'm blue|Ogerpon-Wellspring, L50, F|100\/100\n|turn|3\n|inactive|xatov has 30 seconds left.\n|inactive|JokerCMG has 30 seconds left.\n|\n|t:|1699988205\n|move|p1b: Maushold|Follow Me|p1b: Maushold\n|-singleturn|p1b: Maushold|move: Follow Me\n|move|p2b: I'm blue|Ivy Cudgel|p1b: Maushold|[anim] Ivy Cudgel Water\n|-damage|p1b: Maushold|0 fnt\n|faint|p1b: Maushold\n|move|p1a: Landorus|Psychic|p2a: Mad Monkey\n|-supereffective|p2a: Mad Monkey\n|-damage|p2a: Mad Monkey|7\/100\n|move|p2a: Mad Monkey|Acrobatics|p1a: Landorus\n|-crit|p1a: Landorus\n|-damage|p1a: Landorus|35\/100\n|\n|upkeep\n|\n|t:|1699988215\n|switch|p1b: Conkeldurr|Conkeldurr, L50, F|100\/100\n|turn|4\n|\n|t:|1699988231\n|move|p2b: I'm blue|Ivy Cudgel|p1a: Landorus|[anim] Ivy Cudgel Water\n|-supereffective|p1a: Landorus\n|-damage|p1a: Landorus|0 fnt\n|faint|p1a: Landorus\n|move|p2a: Mad Monkey|Rest|p2a: Mad Monkey\n|-status|p2a: Mad Monkey|slp|[from] move: Rest\n|-heal|p2a: Mad Monkey|100\/100 slp|[silent]\n|move|p1b: Conkeldurr|Ice Punch|p2b: I'm blue\n|-damage|p2b: I'm blue|59\/100\n|\n|upkeep\n|turn|5\n|\n|t:|1699988247\n|move|p2b: I'm blue|Horn Leech|p1b: Conkeldurr\n|-damage|p1b: Conkeldurr|61\/100\n|-heal|p2b: I'm blue|86\/100|[from] drain|[of] p1b: Conkeldurr\n|cant|p2a: Mad Monkey|slp\n|move|p2a: Mad Monkey|Sleep Talk|p2a: Mad Monkey\n|move|p2a: Mad Monkey|Acrobatics|p1b: Conkeldurr|[from]move: Sleep Talk\n|-supereffective|p1b: Conkeldurr\n|-damage|p1b: Conkeldurr|0 fnt\n|faint|p1b: Conkeldurr\n|\n|win|JokerCMG\n|raw|xatov's rating: 1021 &rarr; <strong>1007<\/strong><br \/>(-14 for losing)\n|raw|JokerCMG's rating: 1000 &rarr; <strong>1042<\/strong><br \/>(+42 for winning)\n|l|\u2606xatov\n|c|\u2606JokerCMG|gg\n","uploadtime":1699988266,"views":9,"p1id":"xatov","p2id":"jokercmg","formatid":"gen9vgc2023regulatione","rating":1007,"private":0,"password":""}