{"id":"gen9vgc2023regulatione-1990115493","p1":"Aquarsene","p2":"silver82","format":"[Gen 9] VGC 2023 Regulation E","log":"|j|\u2606Aquarsene\n|j|\u2606silver82\n|t:|1699926194\n|gametype|doubles\n|player|p1|Aquarsene|102|1042\n|player|p2|silver82|erika|1040\n|teamsize|p1|6\n|teamsize|p2|6\n|gen|9\n|tier|[Gen 9] VGC 2023 Regulation E\n|rated|\n|rule|Species Clause: Limit one of each Pok\u00e9mon\n|rule|Item Clause: Limit one of each item\n|clearpoke\n|poke|p1|Gholdengo, L50|\n|poke|p1|Murkrow, L50, F|\n|poke|p1|Great Tusk, L50|\n|poke|p1|Slowking, L50, F|\n|poke|p1|Palafin, L50, F|\n|poke|p1|Hydreigon, L50, M|\n|poke|p2|Cresselia, L50, F|\n|poke|p2|Heatran, L50, M|\n|poke|p2|Lilligant-Hisui, L50, F|\n|poke|p2|Landorus-Therian, L50, M|\n|poke|p2|Urshifu-*, L50, F|\n|poke|p2|Brute Bonnet, L50|\n|teampreview|4\n|j| GymLeader Avery\n|l| GymLeader Avery\n|\n|t:|1699926218\n|start\n|switch|p1a: Hydreigon|Hydreigon, L50, M|100\/100\n|switch|p1b: Palafin|Palafin, L50, F|100\/100\n|switch|p2a: Cresselia|Cresselia, L50, F|100\/100\n|switch|p2b: Heatran|Heatran, L50, M|100\/100\n|turn|1\n|inactive|Battle timer is ON: inactive players will automatically lose when time's up. (requested by silver82)\n|\n|t:|1699926250\n|detailschange|p1b: Palafin|Palafin-Hero, L50, F\n|switch|p1b: Murkrow|Murkrow, L50, F|100\/100\n|move|p2b: Heatran|Protect|p2b: Heatran\n|-singleturn|p2b: Heatran|Protect\n|move|p1a: Hydreigon|Dark Pulse|p2a: Cresselia\n|-supereffective|p2a: Cresselia\n|-damage|p2a: Cresselia|48\/100\n|-damage|p1a: Hydreigon|91\/100|[from] item: Life Orb\n|move|p2a: Cresselia|Icy Wind|p1a: Hydreigon|[spread] p1a,p1b\n|-supereffective|p1a: Hydreigon\n|-supereffective|p1b: Murkrow\n|-damage|p1a: Hydreigon|73\/100\n|-damage|p1b: Murkrow|86\/100\n|-unboost|p1a: Hydreigon|spe|1\n|-unboost|p1b: Murkrow|spe|1\n|\n|upkeep\n|turn|2\n|inactive|silver82 has 30 seconds left.\n|inactive|silver82 has 20 seconds left.\n|\n|t:|1699926285\n|switch|p2a: Urshifu|Urshifu, L50, F|100\/100\n|move|p1b: Murkrow|Tailwind|p1b: Murkrow\n|-sidestart|p1: Aquarsene|move: Tailwind\n|move|p1a: Hydreigon|Dark Pulse|p2b: Heatran\n|-damage|p2b: Heatran|57\/100\n|-damage|p1a: Hydreigon|64\/100|[from] item: Life Orb\n|move|p2b: Heatran|Heat Wave|p1b: Murkrow|[spread] p1a,p1b\n|-resisted|p1a: Hydreigon\n|-damage|p1a: Hydreigon|39\/100\n|-damage|p1b: Murkrow|43\/100\n|\n|-heal|p2b: Heatran|63\/100|[from] item: Leftovers\n|upkeep\n|turn|3\n|\n|t:|1699926306\n|move|p2b: Heatran|Protect|p2b: Heatran\n|-singleturn|p2b: Heatran|Protect\n|move|p1b: Murkrow|Haze|p1b: Murkrow\n|-clearallboost\n|move|p1a: Hydreigon|Draco Meteor|p2a: Urshifu\n|-damage|p2a: Urshifu|0 fnt\n|-unboost|p1a: Hydreigon|spa|2\n|faint|p2a: Urshifu\n|-damage|p1a: Hydreigon|29\/100|[from] item: Life Orb\n|\n|-heal|p2b: Heatran|69\/100|[from] item: Leftovers\n|upkeep\n|\n|t:|1699926320\n|switch|p2a: Cresselia|Cresselia, L50, F|48\/100\n|turn|4\n|\n|t:|1699926335\n|move|p1a: Hydreigon|Dark Pulse|p2b: Heatran\n|-damage|p2b: Heatran|47\/100\n|-damage|p1a: Hydreigon|20\/100|[from] item: Life Orb\n|move|p1b: Murkrow|Foul Play|p2b: Heatran\n|-damage|p2b: Heatran|27\/100\n|move|p2a: Cresselia|Sunny Day|p2a: Cresselia\n|-weather|SunnyDay\n|move|p2b: Heatran|Heat Wave|p1a: Hydreigon|[spread] p1a,p1b\n|-resisted|p1a: Hydreigon\n|-damage|p1a: Hydreigon|0 fnt\n|-damage|p1b: Murkrow|0 fnt\n|faint|p1a: Hydreigon\n|faint|p1b: Murkrow\n|\n|-weather|SunnyDay|[upkeep]\n|-heal|p2b: Heatran|33\/100|[from] item: Leftovers\n|upkeep\n|\n|t:|1699926349\n|switch|p1a: Palafin|Palafin-Hero, L50, F|100\/100\n|switch|p1b: Gholdengo|Gholdengo, L50|100\/100\n|-activate|p1a: Palafin|ability: Zero to Hero\n|turn|5\n|inactive|silver82 has 30 seconds left.\n|inactive|silver82 has 20 seconds left.\n|inactive|silver82 has 15 seconds left.\n|\n|t:|1699926391\n|-terastallize|p2a: Cresselia|Fairy\n|move|p2b: Heatran|Protect|p2b: Heatran\n|-singleturn|p2b: Heatran|Protect\n|move|p1a: Palafin|Jet Punch|p2b: Heatran\n|-activate|p2b: Heatran|move: Protect\n|move|p1b: Gholdengo|Nasty Plot|p1b: Gholdengo\n|-boost|p1b: Gholdengo|spa|2\n|move|p2a: Cresselia|Icy Wind|p1b: Gholdengo|[spread] p1a,p1b\n|-resisted|p1a: Palafin\n|-resisted|p1b: Gholdengo\n|-damage|p1a: Palafin|97\/100\n|-damage|p1b: Gholdengo|97\/100\n|-unboost|p1a: Palafin|spe|1\n|-unboost|p1b: Gholdengo|spe|1\n|\n|-weather|SunnyDay|[upkeep]\n|-heal|p1b: Gholdengo|100\/100|[from] item: Leftovers\n|-heal|p2b: Heatran|39\/100|[from] item: Leftovers\n|-sideend|p1: Aquarsene|move: Tailwind\n|upkeep\n|turn|6\n|\n|t:|1699926412\n|move|p2a: Cresselia|Ally Switch|p2a: Cresselia\n|swap|p2a: Cresselia|1|[from] move: Ally Switch\n|move|p1a: Palafin|Jet Punch|p2b: Cresselia\n|-damage|p2b: Cresselia|30\/100\n|move|p2a: Heatran|Heat Wave|p1a: Palafin|[spread] p1a,p1b\n|-resisted|p1a: Palafin\n|-supereffective|p1b: Gholdengo\n|-damage|p1a: Palafin|63\/100\n|-damage|p1b: Gholdengo|0 fnt\n|faint|p1b: Gholdengo\n|\n|-weather|SunnyDay|[upkeep]\n|-heal|p2a: Heatran|45\/100|[from] item: Leftovers\n|upkeep\n|turn|7\n|\n|t:|1699926431\n|move|p1a: Palafin|Jet Punch|p2a: Heatran\n|-supereffective|p2a: Heatran\n|-damage|p2a: Heatran|5\/100\n|move|p2b: Cresselia|Icy Wind|p1a: Palafin\n|-resisted|p1a: Palafin\n|-damage|p1a: Palafin|58\/100\n|-unboost|p1a: Palafin|spe|1\n|move|p2a: Heatran|Heat Wave|p1a: Palafin\n|-resisted|p1a: Palafin\n|-damage|p1a: Palafin|15\/100\n|\n|-weather|SunnyDay|[upkeep]\n|-heal|p2a: Heatran|11\/100|[from] item: Leftovers\n|upkeep\n|turn|8\n|\n|t:|1699926444\n|move|p1a: Palafin|Jet Punch|p2a: Heatran\n|-supereffective|p2a: Heatran\n|-damage|p2a: Heatran|0 fnt\n|faint|p2a: Heatran\n|move|p2b: Cresselia|Icy Wind|p1a: Palafin\n|-resisted|p1a: Palafin\n|-damage|p1a: Palafin|11\/100\n|-unboost|p1a: Palafin|spe|1\n|\n|-weather|none\n|upkeep\n|\n|t:|1699926452\n|switch|p2a: Lilligant|Lilligant-Hisui, L50, F|100\/100\n|turn|9\n|\n|t:|1699926458\n|-terastallize|p1a: Palafin|Water\n|move|p2b: Cresselia|Ally Switch|p2b: Cresselia\n|swap|p2b: Cresselia|0|[from] move: Ally Switch\n|move|p1a: Palafin|Jet Punch|p2a: Cresselia\n|-damage|p2a: Cresselia|0 fnt\n|faint|p2a: Cresselia\n|move|p2b: Lilligant|Leaf Blade|p1a: Palafin\n|-supereffective|p1a: Palafin\n|-damage|p1a: Palafin|0 fnt\n|faint|p1a: Palafin\n|\n|win|silver82\n|raw|Aquarsene's rating: 1042 &rarr; <strong>1026<\/strong><br \/>(-16 for losing)\n|raw|silver82's rating: 1040 &rarr; <strong>1074<\/strong><br \/>(+34 for winning)\n|c|\u2606Aquarsene|gg\n|c|\u2606silver82|gg\n","uploadtime":1699926470,"views":7,"p1id":"aquarsene","p2id":"silver82","formatid":"gen9vgc2023regulatione","rating":1026,"private":0,"password":""}