{"id":"gen9vgc2023regulatione-1994725373","p1":"VegitoSKBEST","p2":"tom hallo","format":"[Gen 9] VGC 2023 Regulation E","log":"|j|\u2606VegitoSKBEST\n|j|\u2606tom hallo\n|t:|1700486119\n|gametype|doubles\n|player|p1|VegitoSKBEST|colress|1119\n|player|p2|tom hallo|169|1212\n|teamsize|p1|6\n|teamsize|p2|6\n|gen|9\n|tier|[Gen 9] VGC 2023 Regulation E\n|rated|\n|rule|Species Clause: Limit one of each Pok\u00e9mon\n|rule|Item Clause: Limit one of each item\n|clearpoke\n|poke|p1|Tropius, L50, M|\n|poke|p1|Pelipper, L50, M|\n|poke|p1|Tornadus, L50, M|\n|poke|p1|Ogerpon-Wellspring, L50, F|\n|poke|p1|Urshifu-*, L50, M|\n|poke|p1|Munkidori, L50, M|\n|poke|p2|Urshifu-*, L50, M|\n|poke|p2|Tornadus, L50, M|\n|poke|p2|Brambleghast, L50, M|\n|poke|p2|Moltres-Galar, L50|\n|poke|p2|Gholdengo, L50|\n|poke|p2|Articuno-Galar, L50|\n|teampreview|4\n|inactive|Battle timer is ON: inactive players will automatically lose when time's up. (requested by VegitoSKBEST)\n|\n|t:|1700486139\n|start\n|switch|p1a: Pelipper|Pelipper, L50, M|100\/100\n|switch|p1b: Tornadus|Tornadus, L50, M|100\/100\n|switch|p2a: Tornadus|Tornadus, L50, M|100\/100\n|switch|p2b: Gholdengo|Gholdengo, L50|100\/100\n|-weather|RainDance|[from] ability: Drizzle|[of] p1a: Pelipper\n|turn|1\n|\n|t:|1700486158\n|switch|p2b: Brambleghast|Brambleghast, L50, M|100\/100\n|move|p2a: Tornadus|Tailwind|p2a: Tornadus\n|-sidestart|p2: tom hallo|move: Tailwind\n|-ability|p2b: Brambleghast|Wind Rider|boost\n|-boost|p2b: Brambleghast|atk|1\n|move|p1b: Tornadus|Bleakwind Storm|p2b: Brambleghast|[spread] p2a\n|-ability|p2b: Brambleghast|Wind Rider|boost\n|-boost|p2b: Brambleghast|atk|1\n|-damage|p2a: Tornadus|54\/100\n|move|p1a: Pelipper|Ice Beam|p2a: Tornadus\n|-supereffective|p2a: Tornadus\n|-damage|p2a: Tornadus|0 fnt\n|faint|p2a: Tornadus\n|\n|-weather|RainDance|[upkeep]\n|upkeep\n|\n|t:|1700486174\n|switch|p2a: Urshifu|Urshifu-Rapid-Strike, L50, M|100\/100\n|turn|2\n|\n|t:|1700486194\n|-terastallize|p2a: Urshifu|Water\n|move|p1b: Tornadus|Tailwind|p1b: Tornadus\n|-sidestart|p1: VegitoSKBEST|move: Tailwind\n|move|p2b: Brambleghast|Poltergeist|p1a: Pelipper|[miss]\n|-miss|p2b: Brambleghast|p1a: Pelipper\n|move|p2a: Urshifu|Surging Strikes|p1b: Tornadus\n|-crit|p1b: Tornadus\n|-damage|p1b: Tornadus|23\/100\n|-crit|p1b: Tornadus\n|-damage|p1b: Tornadus|0 fnt\n|faint|p1b: Tornadus\n|-hitcount|p1: Tornadus|2\n|move|p1a: Pelipper|Ice Beam|p2b: Brambleghast\n|-supereffective|p2b: Brambleghast\n|-damage|p2b: Brambleghast|7\/100\n|\n|-weather|RainDance|[upkeep]\n|upkeep\n|\n|t:|1700486211\n|switch|p1b: Urshifu|Urshifu, L50, M|100\/100\n|turn|3\n|\n|t:|1700486222\n|move|p1b: Urshifu|Sucker Punch||[still]\n|-fail|p1b: Urshifu\n|move|p2b: Brambleghast|Strength Sap|p1b: Urshifu\n|-unboost|p1b: Urshifu|atk|1\n|-heal|p2b: Brambleghast|100\/100\n|move|p2a: Urshifu|Surging Strikes|p1a: Pelipper\n|-resisted|p1a: Pelipper\n|-crit|p1a: Pelipper\n|-damage|p1a: Pelipper|71\/100\n|-resisted|p1a: Pelipper\n|-crit|p1a: Pelipper\n|-damage|p1a: Pelipper|41\/100\n|-resisted|p1a: Pelipper\n|-crit|p1a: Pelipper\n|-damage|p1a: Pelipper|11\/100\n|-hitcount|p1a: Pelipper|3\n|move|p1a: Pelipper|Hurricane|p2a: Urshifu\n|-damage|p2a: Urshifu|39\/100\n|-start|p2a: Urshifu|confusion\n|\n|-weather|RainDance|[upkeep]\n|upkeep\n|turn|4\n|inactive|VegitoSKBEST has 30 seconds left.\n|\n|t:|1700486247\n|-terastallize|p1b: Urshifu|Dark\n|move|p1a: Pelipper|Protect|p1a: Pelipper\n|-singleturn|p1a: Pelipper|Protect\n|move|p1b: Urshifu|Sucker Punch|p2b: Brambleghast\n|-supereffective|p2b: Brambleghast\n|-enditem|p2b: Brambleghast|Focus Sash\n|-damage|p2b: Brambleghast|1\/100\n|move|p2b: Brambleghast|Shadow Sneak|p1a: Pelipper\n|-activate|p1a: Pelipper|move: Protect\n|-activate|p2a: Urshifu|confusion\n|-damage|p2a: Urshifu|24\/100|[from] confusion\n|\n|-weather|RainDance|[upkeep]\n|-sideend|p2: tom hallo|move: Tailwind\n|upkeep\n|turn|5\n|\n|t:|1700486272\n|move|p1b: Urshifu|Sucker Punch|p2a: Urshifu\n|-damage|p2a: Urshifu|0 fnt\n|faint|p2a: Urshifu\n|move|p1a: Pelipper|Ice Beam|p2b: Brambleghast\n|-supereffective|p2b: Brambleghast\n|-damage|p2b: Brambleghast|0 fnt\n|faint|p2b: Brambleghast\n|\n|-weather|none\n|-sideend|p1: VegitoSKBEST|move: Tailwind\n|upkeep\n|\n|t:|1700486282\n|switch|p2b: Gholdengo|Gholdengo, L50|100\/100\n|turn|6\n|\n|t:|1700486293\n|move|p1a: Pelipper|Protect|p1a: Pelipper\n|-singleturn|p1a: Pelipper|Protect\n|move|p1b: Urshifu|Sucker Punch|p2b: Gholdengo\n|-supereffective|p2b: Gholdengo\n|-damage|p2b: Gholdengo|4\/100\n|move|p2b: Gholdengo|Make It Rain|p1a: Pelipper|[spread] p1b\n|-activate|p1a: Pelipper|move: Protect\n|-damage|p1b: Urshifu|11\/100\n|-unboost|p2b: Gholdengo|spa|1\n|\n|upkeep\n|turn|7\n|-message|tom hallo forfeited.\n|\n|win|VegitoSKBEST\n|raw|VegitoSKBEST's rating: 1119 &rarr; <strong>1151<\/strong><br \/>(+32 for winning)\n|raw|tom hallo's rating: 1212 &rarr; <strong>1180<\/strong><br \/>(-32 for losing)\n|l|\u2606tom hallo\n","uploadtime":1700486308,"views":2,"p1id":"vegitoskbest","p2id":"tomhallo","formatid":"gen9vgc2023regulatione","rating":1151,"private":0,"password":""}