{"id":"gen9vgc2023regulatione-1988228605","p1":"Jungle211","p2":"ppoollkk","format":"[Gen 9] VGC 2023 Regulation E","log":"|j|\u2606Jungle211\n|j|\u2606ppoollkk\n|t:|1699689665\n|gametype|doubles\n|player|p1|Jungle211|burglar|1285\n|player|p2|ppoollkk|2|1181\n|teamsize|p1|6\n|teamsize|p2|6\n|gen|9\n|tier|[Gen 9] VGC 2023 Regulation E\n|rated|\n|rule|Species Clause: Limit one of each Pok\u00e9mon\n|rule|Item Clause: Limit one of each item\n|clearpoke\n|poke|p1|Moltres-Galar, L50|\n|poke|p1|Illumise, L50, F|\n|poke|p1|Flutter Mane, L50|\n|poke|p1|Iron Hands, L50|\n|poke|p1|Arcanine-Hisui, L50, M|\n|poke|p1|Sinistcha-Masterpiece, L50|\n|poke|p2|Flutter Mane, L50|\n|poke|p2|Iron Hands, L50|\n|poke|p2|Heatran, L50, F|\n|poke|p2|Tornadus, L50, M|\n|poke|p2|Urshifu-*, L50, M|\n|poke|p2|Amoonguss, L50, F|\n|teampreview|4\n|inactive|Battle timer is ON: inactive players will automatically lose when time's up. (requested by ppoollkk)\n|inactive|ppoollkk has 60 seconds left.\n|\n|t:|1699689725\n|start\n|switch|p1a: Flutter Mane|Flutter Mane, L50|100\/100\n|switch|p1b: Iron Hands|Iron Hands, L50, shiny|100\/100\n|switch|p2a: Tornadus|Tornadus, L50, M|100\/100\n|switch|p2b: Urshifu|Urshifu-Rapid-Strike, L50, M|100\/100\n|-enditem|p1a: Flutter Mane|Booster Energy\n|-activate|p1a: Flutter Mane|ability: Protosynthesis|[fromitem]\n|-start|p1a: Flutter Mane|protosynthesisspe\n|turn|1\n|inactive|Jungle211 has 30 seconds left.\n|inactive|ppoollkk has 30 seconds left.\n|\n|t:|1699689760\n|switch|p2a: Iron Hands|Iron Hands, L50|100\/100\n|-terastallize|p1a: Flutter Mane|Grass\n|move|p1a: Flutter Mane|Icy Wind|p2a: Iron Hands|[spread] p2a,p2b\n|-resisted|p2b: Urshifu\n|-damage|p2a: Iron Hands|94\/100\n|-damage|p2b: Urshifu|88\/100\n|-unboost|p2a: Iron Hands|spe|1\n|-unboost|p2b: Urshifu|spe|1\n|move|p2b: Urshifu|U-turn|p1a: Flutter Mane\n|-supereffective|p1a: Flutter Mane\n|-damage|p1a: Flutter Mane|0 fnt\n|faint|p1a: Flutter Mane\n|-end|p1a: Flutter Mane|Protosynthesis|[silent]\n|\n|t:|1699689773\n|switch|p2b: Heatran|Heatran, L50, F|100\/100|[from] U-turn\n|move|p1b: Iron Hands|Wild Charge|p2b: Heatran\n|-damage|p2b: Heatran|49\/100\n|-damage|p1b: Iron Hands|90\/100|[from] Recoil\n|\n|upkeep\n|\n|t:|1699689779\n|switch|p1a: Moltres|Moltres-Galar, L50|100\/100\n|turn|2\n|\n|t:|1699689789\n|-end|p1b: Iron Hands|Quark Drive|[silent]\n|switch|p1b: Illumise|Illumise, L50, F|100\/100\n|move|p1a: Moltres|Protect|p1a: Moltres\n|-singleturn|p1a: Moltres|Protect\n|move|p2a: Iron Hands|Fake Out|p1a: Moltres\n|-activate|p1a: Moltres|move: Protect\n|move|p2b: Heatran|Substitute|p2b: Heatran\n|-start|p2b: Heatran|Substitute\n|-damage|p2b: Heatran|24\/100\n|\n|upkeep\n|turn|3\n|\n|t:|1699689811\n|move|p1b: Illumise|Encore|p2a: Iron Hands\n|-start|p2a: Iron Hands|Encore\n|move|p1a: Moltres|Nasty Plot|p1a: Moltres\n|-boost|p1a: Moltres|spa|2\n|move|p2b: Heatran|Magma Storm|p1b: Illumise\n|-supereffective|p1b: Illumise\n|-damage|p1b: Illumise|0 fnt\n|faint|p1b: Illumise\n|-damage|p2b: Heatran|14\/100|[from] item: Life Orb\n|move|p2a: Iron Hands|Fake Out||[still]\n|-hint|Fake Out only works on your first turn out.\n|-fail|p2a: Iron Hands\n|\n|upkeep\n|\n|t:|1699689815\n|switch|p1b: Iron Hands|Iron Hands, L50, shiny|90\/100\n|turn|4\n|\n|t:|1699689832\n|-end|p2a: Iron Hands|Quark Drive|[silent]\n|switch|p2a: Tornadus|Tornadus, L50, M|100\/100\n|move|p1a: Moltres|Fiery Wrath|p2b: Heatran|[spread] p2a,p2b\n|-end|p2b: Heatran|Substitute\n|-damage|p2a: Tornadus|36\/100\n|move|p2b: Heatran|Magma Storm|p1a: Moltres\n|-damage|p1a: Moltres|51\/100\n|-activate|p1a: Moltres|move: Magma Storm|[of] p2b: Heatran\n|-damage|p2b: Heatran|4\/100|[from] item: Life Orb\n|move|p1b: Iron Hands|Drain Punch|p2b: Heatran\n|-supereffective|p2b: Heatran\n|-damage|p2b: Heatran|0 fnt\n|-heal|p1b: Iron Hands|92\/100|[from] drain|[of] p2b: Heatran\n|faint|p2b: Heatran\n|\n|-end|p1a: Moltres|Magma Storm|[partiallytrapped]|[silent]\n|upkeep\n|\n|t:|1699689848\n|switch|p2b: Urshifu|Urshifu-Rapid-Strike, L50, M|88\/100\n|turn|5\n|\n|t:|1699689871\n|-terastallize|p2b: Urshifu|Water\n|move|p2a: Tornadus|Rain Dance|p2a: Tornadus\n|-weather|RainDance\n|move|p2b: Urshifu|Surging Strikes|p1b: Iron Hands\n|-crit|p1b: Iron Hands\n|-damage|p1b: Iron Hands|63\/100\n|-crit|p1b: Iron Hands\n|-damage|p1b: Iron Hands|34\/100\n|-crit|p1b: Iron Hands\n|-damage|p1b: Iron Hands|4\/100\n|-hitcount|p1b: Iron Hands|3\n|move|p1a: Moltres|Fiery Wrath|p2a: Tornadus|[spread] p2a,p2b\n|-damage|p2a: Tornadus|0 fnt\n|-damage|p2b: Urshifu|0 fnt\n|faint|p2a: Tornadus\n|faint|p2b: Urshifu\n|move|p1b: Iron Hands|Wild Charge|p2: Tornadus|[notarget]\n|-fail|p1b: Iron Hands\n|\n|-weather|RainDance|[upkeep]\n|upkeep\n|\n|t:|1699689888\n|switch|p2b: Iron Hands|Iron Hands, L50|94\/100\n|turn|6\n|\n|t:|1699689897\n|move|p1a: Moltres|Air Slash|p2b: Iron Hands\n|-damage|p2b: Iron Hands|63\/100\n|move|p2b: Iron Hands|Drain Punch|p1a: Moltres\n|-damage|p1a: Moltres|13\/100\n|-heal|p2b: Iron Hands|78\/100|[from] drain|[of] p1a: Moltres\n|-ability|p1a: Moltres|Berserk|boost\n|-boost|p1a: Moltres|spa|1\n|-enditem|p1a: Moltres|Sitrus Berry|[eat]\n|-heal|p1a: Moltres|38\/100|[from] item: Sitrus Berry\n|move|p1b: Iron Hands|Drain Punch|p2b: Iron Hands\n|-damage|p2b: Iron Hands|44\/100\n|-heal|p1b: Iron Hands|21\/100|[from] drain|[of] p2b: Iron Hands\n|\n|-weather|RainDance|[upkeep]\n|upkeep\n|turn|7\n|\n|t:|1699689918\n|move|p1a: Moltres|Air Slash|p2b: Iron Hands\n|-damage|p2b: Iron Hands|6\/100\n|cant|p2b: Iron Hands|flinch\n|move|p1b: Iron Hands|Drain Punch|p2b: Iron Hands\n|-damage|p2b: Iron Hands|0 fnt\n|-heal|p1b: Iron Hands|24\/100|[from] drain|[of] p2b: Iron Hands\n|faint|p2b: Iron Hands\n|-end|p2b: Iron Hands|Quark Drive|[silent]\n|\n|win|Jungle211\n|raw|Jungle211's rating: 1285 &rarr; <strong>1303<\/strong><br \/>(+18 for winning)\n|raw|ppoollkk's rating: 1181 &rarr; <strong>1163<\/strong><br \/>(-18 for losing)\n|l|\u2606ppoollkk\n","uploadtime":1699689929,"views":31,"p1id":"jungle211","p2id":"ppoollkk","formatid":"gen9vgc2023regulatione","rating":1163,"private":0,"password":""}