{"id":"gen9vgc2023regulatione-1990777625","p1":"VictorbrineCassini","p2":"Rico92","format":"[Gen 9] VGC 2023 Regulation E","log":"|j|\u2606VictorbrineCassini\n|j|\u2606Rico92\n|t:|1699999872\n|gametype|doubles\n|player|p1|VictorbrineCassini|266|1000\n|player|p2|Rico92|skierf|1043\n|teamsize|p1|6\n|teamsize|p2|6\n|gen|9\n|tier|[Gen 9] VGC 2023 Regulation E\n|rated|\n|rule|Species Clause: Limit one of each Pok\u00e9mon\n|rule|Item Clause: Limit one of each item\n|clearpoke\n|poke|p1|Rillaboom, L50, M|\n|poke|p1|Milotic, L50, F|\n|poke|p1|Arcanine-Hisui, L50, F|\n|poke|p1|Iron Hands, L50|\n|poke|p1|Ogerpon-Wellspring, L50, F|\n|poke|p1|Tornadus, L50, M|\n|poke|p2|Fezandipiti, L50, M|\n|poke|p2|Farigiraf, L50, M|\n|poke|p2|Chandelure, L50, M|\n|poke|p2|Urshifu-*, L50, M|\n|poke|p2|Dondozo, L50, F|\n|poke|p2|Tatsugiri, L50, F|\n|teampreview|4\n|inactive|Battle timer is ON: inactive players will automatically lose when time's up. (requested by Rico92)\n|inactive|VictorbrineCassini has 60 seconds left.\n|inactive|Rico92 has 60 seconds left.\n|\n|t:|1699999928\n|start\n|switch|p1a: Aladdin|Tornadus, L50, M|100\/100\n|switch|p1b: Iron Hands|Iron Hands, L50|100\/100\n|switch|p2a: Chandelure|Chandelure, L50, M|100\/100\n|switch|p2b: Tatsugiri|Tatsugiri, L50, F, shiny|100\/100\n|turn|1\n|inactive|Rico92 has 30 seconds left.\n|inactive|Rico92 has 20 seconds left.\n|inactive|Rico92 has 15 seconds left.\n|\n|t:|1699999973\n|-terastallize|p2b: Tatsugiri|Fairy\n|move|p1a: Aladdin|Tailwind|p1a: Aladdin\n|-sidestart|p1: VictorbrineCassini|move: Tailwind\n|move|p2b: Tatsugiri|Tera Blast|p1b: Iron Hands|[anim] Tera Blast Fairy\n|-supereffective|p1b: Iron Hands\n|-damage|p1b: Iron Hands|56\/100\n|move|p2a: Chandelure|Heat Wave|p1b: Iron Hands|[spread] p1a,p1b\n|-damage|p1a: Aladdin|30\/100\n|-damage|p1b: Iron Hands|23\/100\n|-status|p1a: Aladdin|brn\n|move|p1b: Iron Hands|Volt Switch|p2b: Tatsugiri\n|-damage|p2b: Tatsugiri|84\/100\n|inactive|VictorbrineCassini has 30 seconds left.\n|\n|t:|1699999999\n|-end|p1b: Iron Hands|Quark Drive|[silent]\n|switch|p1b: Amaterasu|Arcanine-Hisui, L50, F|100\/100|[from] Volt Switch\n|\n|-heal|p1a: Aladdin|35\/100 brn|[from] item: Leftovers\n|-damage|p1a: Aladdin|30\/100 brn|[from] brn\n|upkeep\n|turn|2\n|inactive|VictorbrineCassini has 30 seconds left.\n|\n|t:|1700000030\n|switch|p2b: Fezandipiti|Fezandipiti, L50, M|100\/100\n|switch|p2a: Urshifu|Urshifu-Rapid-Strike, L50, M|100\/100\n|move|p1a: Aladdin|Rain Dance|p1a: Aladdin\n|-weather|RainDance\n|move|p1b: Amaterasu|Head Smash|p2b: Fezandipiti\n|-damage|p2b: Fezandipiti|0 fnt\n|faint|p2b: Fezandipiti\n|\n|-weather|RainDance|[upkeep]\n|-heal|p1a: Aladdin|35\/100 brn|[from] item: Leftovers\n|-damage|p1a: Aladdin|30\/100 brn|[from] brn\n|upkeep\n|\n|t:|1700000042\n|switch|p2b: Tatsugiri|Tatsugiri, L50, F, shiny, tera:Fairy|84\/100\n|turn|3\n|inactive|VictorbrineCassini has 30 seconds left.\n|\n|t:|1700000067\n|switch|p1b: Rillaboom|Rillaboom, L50, M|100\/100\n|-fieldstart|move: Grassy Terrain|[from] ability: Grassy Surge|[of] p1b: Rillaboom\n|move|p1a: Aladdin|Bleakwind Storm|p2b: Tatsugiri|[spread] p2a,p2b\n|-supereffective|p2a: Urshifu\n|-damage|p2a: Urshifu|41\/100\n|-damage|p2b: Tatsugiri|36\/100\n|move|p2b: Tatsugiri|Surf|p1b: Rillaboom|[spread] p2a,p1a,p1b\n|-resisted|p2a: Urshifu\n|-resisted|p1b: Rillaboom\n|-damage|p2a: Urshifu|20\/100\n|-damage|p1a: Aladdin|0 fnt\n|-damage|p1b: Rillaboom|76\/100\n|faint|p1a: Aladdin\n|move|p2a: Urshifu|Surging Strikes|p2b: Tatsugiri\n|-activate|p2b: Tatsugiri|ability: Storm Drain\n|-ability|p2b: Tatsugiri|Storm Drain|boost\n|-boost|p2b: Tatsugiri|spa|1\n|\n|-weather|RainDance|[upkeep]\n|-heal|p1b: Rillaboom|82\/100|[from] Grassy Terrain\n|-heal|p2b: Tatsugiri|42\/100|[from] Grassy Terrain\n|-heal|p2a: Urshifu|26\/100|[from] Grassy Terrain\n|upkeep\n|\n|t:|1700000088\n|switch|p1a: Iron Hands|Iron Hands, L50|23\/100\n|turn|4\n|\n|t:|1700000100\n|switch|p2a: Chandelure|Chandelure, L50, M|100\/100\n|move|p1a: Iron Hands|Fake Out|p2a: Chandelure\n|-immune|p2a: Chandelure\n|move|p1b: Rillaboom|Grassy Glide|p2b: Tatsugiri\n|-damage|p2b: Tatsugiri|0 fnt\n|faint|p2b: Tatsugiri\n|\n|-weather|RainDance|[upkeep]\n|-heal|p1b: Rillaboom|87\/100|[from] Grassy Terrain\n|-heal|p1a: Iron Hands|29\/100|[from] Grassy Terrain\n|-sideend|p1: VictorbrineCassini|move: Tailwind\n|upkeep\n|\n|t:|1700000109\n|switch|p2b: Urshifu|Urshifu-Rapid-Strike, L50, M|26\/100\n|turn|5\n|inactive|VictorbrineCassini has 30 seconds left.\n|inactive|Rico92 has 30 seconds left.\n|\n|t:|1700000140\n|switch|p1b: Amaterasu|Arcanine-Hisui, L50, F|100\/100\n|move|p2b: Urshifu|Surging Strikes|p1a: Iron Hands\n|-crit|p1a: Iron Hands\n|-damage|p1a: Iron Hands|7\/100\n|-crit|p1a: Iron Hands\n|-damage|p1a: Iron Hands|0 fnt\n|faint|p1a: Iron Hands\n|-end|p1a: Iron Hands|Quark Drive|[silent]\n|-hitcount|p1: Iron Hands|2\n|move|p2a: Chandelure|Heat Wave|p1b: Amaterasu\n|-resisted|p1b: Amaterasu\n|-damage|p1b: Amaterasu|88\/100\n|\n|-weather|RainDance|[upkeep]\n|-heal|p2b: Urshifu|31\/100|[from] Grassy Terrain\n|-heal|p1b: Amaterasu|93\/100|[from] Grassy Terrain\n|upkeep\n|\n|t:|1700000143\n|switch|p1a: Rillaboom|Rillaboom, L50, M|87\/100\n|turn|6\n|\n|t:|1700000165\n|-terastallize|p1a: Rillaboom|Fire\n|move|p1a: Rillaboom|Grassy Glide|p2b: Urshifu\n|-supereffective|p2b: Urshifu\n|-damage|p2b: Urshifu|0 fnt\n|faint|p2b: Urshifu\n|move|p1b: Amaterasu|Head Smash|p2a: Chandelure\n|-supereffective|p2a: Chandelure\n|-damage|p2a: Chandelure|0 fnt\n|faint|p2a: Chandelure\n|\n|win|VictorbrineCassini\n|raw|VictorbrineCassini's rating: 1000 &rarr; <strong>1045<\/strong><br \/>(+45 for winning)\n|raw|Rico92's rating: 1043 &rarr; <strong>1025<\/strong><br \/>(-18 for losing)\n|l|\u2606Rico92\n","uploadtime":1700000188,"views":12,"p1id":"victorbrinecassini","p2id":"rico92","formatid":"gen9vgc2023regulatione","rating":1025,"private":0,"password":""}