{"id":"gen9vgc2023regulatione-1996345578","p1":"PokeLucho","p2":"pzyxhic","format":"[Gen 9] VGC 2023 Regulation E","log":"|j|\u2606PokeLucho\n|j|\u2606pzyxhic\n|t:|1700673248\n|gametype|doubles\n|player|p1|PokeLucho|gentleman-gen4dp|1398\n|player|p2|pzyxhic|265|1353\n|teamsize|p1|6\n|teamsize|p2|6\n|gen|9\n|tier|[Gen 9] VGC 2023 Regulation E\n|rated|\n|rule|Species Clause: Limit one of each Pok\u00e9mon\n|rule|Item Clause: Limit one of each item\n|clearpoke\n|poke|p1|Ogerpon-Hearthflame, L50, F|\n|poke|p1|Tornadus, L50, M|\n|poke|p1|Flutter Mane, L50|\n|poke|p1|Chien-Pao, L50|\n|poke|p1|Dragonite, L50, F|\n|poke|p1|Rillaboom, L50, F|\n|poke|p2|Enamorus, L50, F|\n|poke|p2|Arcanine-Hisui, L50, F|\n|poke|p2|Gastrodon, L50, F|\n|poke|p2|Grimmsnarl, L50, M|\n|poke|p2|Illumise, L50, F|\n|poke|p2|Thundurus, L50, M|\n|teampreview|4\n|\n|t:|1700673290\n|start\n|switch|p1a: Ogerpon|Ogerpon-Hearthflame, L50, F|100\/100\n|switch|p1b: Tornadus|Tornadus, L50, M|100\/100\n|switch|p2a: Arcanine|Arcanine-Hisui, L50, F|100\/100\n|switch|p2b: Illumise|Illumise, L50, F|100\/100\n|-ability|p1a: Ogerpon|Mold Breaker\n|-ability|p2a: Arcanine|Intimidate|boost\n|-unboost|p1a: Ogerpon|atk|1\n|-unboost|p1b: Tornadus|atk|1\n|turn|1\n|\n|t:|1700673343\n|move|p1b: Tornadus|Tailwind|p1b: Tornadus\n|-sidestart|p1: PokeLucho|move: Tailwind\n|move|p2b: Illumise|Encore|p1b: Tornadus\n|-start|p1b: Tornadus|Encore\n|move|p1a: Ogerpon|Ivy Cudgel|p2b: Illumise|[anim] Ivy Cudgel Fire\n|-supereffective|p2b: Illumise\n|-damage|p2b: Illumise|6\/100\n|move|p2a: Arcanine|Rock Slide|p1b: Tornadus|[spread] p1b\n|-miss|p2a: Arcanine|p1a: Ogerpon\n|-supereffective|p1b: Tornadus\n|-damage|p1b: Tornadus|10\/100\n|\n|upkeep\n|turn|2\n|\n|t:|1700673364\n|switch|p1b: Rillaboom|Rillaboom, L50, F|100\/100\n|-fieldstart|move: Grassy Terrain|[from] ability: Grassy Surge|[of] p1b: Rillaboom\n|move|p1a: Ogerpon|Spiky Shield|p1a: Ogerpon\n|-singleturn|p1a: Ogerpon|move: Protect\n|move|p2b: Illumise|Tailwind|p2b: Illumise\n|-sidestart|p2: pzyxhic|move: Tailwind\n|move|p2a: Arcanine|Rock Slide|p1b: Rillaboom|[spread] p1b\n|-activate|p1a: Ogerpon|move: Protect\n|-damage|p1b: Rillaboom|61\/100\n|\n|-heal|p1b: Rillaboom|67\/100|[from] Grassy Terrain\n|-heal|p2b: Illumise|12\/100|[from] Grassy Terrain\n|upkeep\n|turn|3\n|\n|t:|1700673396\n|switch|p2b: Grimmsnarl|Grimmsnarl, L50, M|100\/100\n|move|p1a: Ogerpon|Ivy Cudgel|p2b: Grimmsnarl|[anim] Ivy Cudgel Fire\n|-damage|p2b: Grimmsnarl|57\/100\n|move|p2a: Arcanine|Rock Slide|p1b: Rillaboom|[spread] p1b\n|-miss|p2a: Arcanine|p1a: Ogerpon\n|-damage|p1b: Rillaboom|28\/100\n|cant|p1b: Rillaboom|flinch\n|\n|-heal|p1b: Rillaboom|33\/100|[from] Grassy Terrain\n|-heal|p2b: Grimmsnarl|62\/100|[from] Grassy Terrain\n|upkeep\n|turn|4\n|\n|t:|1700673432\n|move|p2b: Grimmsnarl|Fake Out|p1b: Rillaboom\n|-damage|p1b: Rillaboom|22\/100\n|move|p1a: Ogerpon|Wood Hammer|p2b: Grimmsnarl\n|-damage|p2b: Grimmsnarl|0 fnt\n|faint|p2b: Grimmsnarl\n|-damage|p1a: Ogerpon|76\/100|[from] Recoil\n|move|p2a: Arcanine|Rock Slide|p1b: Rillaboom|[spread] p1a,p1b\n|-supereffective|p1a: Ogerpon\n|-crit|p1a: Ogerpon\n|-damage|p1a: Ogerpon|0 fnt\n|-damage|p1b: Rillaboom|0 fnt\n|faint|p1a: Ogerpon\n|faint|p1b: Rillaboom\n|\n|-sideend|p1: PokeLucho|move: Tailwind\n|upkeep\n|\n|t:|1700673449\n|switch|p1a: Flutter Mane|Flutter Mane, L50|100\/100\n|switch|p1b: Tornadus|Tornadus, L50, M|10\/100\n|switch|p2b: Enamorus|Enamorus, L50, F|100\/100\n|turn|5\n|\n|t:|1700673478\n|-terastallize|p2b: Enamorus|Steel\n|-terastallize|p1a: Flutter Mane|Fairy\n|move|p1b: Tornadus|Tailwind|p1b: Tornadus\n|-sidestart|p1: PokeLucho|move: Tailwind\n|move|p1a: Flutter Mane|Moonblast|p2b: Enamorus\n|-resisted|p2b: Enamorus\n|-damage|p2b: Enamorus|64\/100\n|move|p2b: Enamorus|Iron Head|p1a: Flutter Mane\n|-supereffective|p1a: Flutter Mane\n|-damage|p1a: Flutter Mane|22\/100\n|move|p2a: Arcanine|Rock Slide|p1a: Flutter Mane|[spread] p1a,p1b\n|-supereffective|p1b: Tornadus\n|-damage|p1a: Flutter Mane|0 fnt\n|-damage|p1b: Tornadus|0 fnt\n|faint|p1a: Flutter Mane\n|-end|p1a: Flutter Mane|Protosynthesis|[silent]\n|faint|p1b: Tornadus\n|\n|win|pzyxhic\n|raw|PokeLucho's rating: 1398 &rarr; <strong>1375<\/strong><br \/>(-23 for losing)\n|raw|pzyxhic's rating: 1353 &rarr; <strong>1376<\/strong><br \/>(+23 for winning)\n|l|\u2606pzyxhic\n","uploadtime":1700673507,"views":0,"p1id":"pokelucho","p2id":"pzyxhic","formatid":"gen9vgc2023regulatione","rating":1375,"private":0,"password":""}