{"id":"gen9vgc2023regulatione-1994649726","p1":"HoldaUno","p2":"kahnular","format":"[Gen 9] VGC 2023 Regulation E","log":"|j|\u2606HoldaUno\n|j|\u2606kahnular\n|t:|1700475419\n|gametype|doubles\n|player|p1|HoldaUno|101|1159\n|player|p2|kahnular|102|1078\n|teamsize|p1|6\n|teamsize|p2|6\n|gen|9\n|tier|[Gen 9] VGC 2023 Regulation E\n|rated|\n|rule|Species Clause: Limit one of each Pok\u00e9mon\n|rule|Item Clause: Limit one of each item\n|clearpoke\n|poke|p1|Tatsugiri, L50, F|\n|poke|p1|Torkoal, L50, M|\n|poke|p1|Dondozo, L50, M|\n|poke|p1|Sinistcha-Masterpiece, L50|\n|poke|p1|Sandy Shocks, L50|\n|poke|p1|Rabsca, L50, F|\n|poke|p2|Tornadus, L50, M|\n|poke|p2|Dragapult, L50, M|\n|poke|p2|Hariyama, L50, M|\n|poke|p2|Gholdengo, L50|\n|poke|p2|Murkrow, L50, M|\n|poke|p2|Chi-Yu, L50|\n|teampreview|4\n|inactive|Battle timer is ON: inactive players will automatically lose when time's up. (requested by kahnular)\nHoldaUno rejected open team sheets.\n|inactive|kahnular has 60 seconds left.\n|\n|t:|1700475458\n|start\n|switch|p1a: Tatsugiri|Tatsugiri, L50, F|100\/100\n|switch|p1b: Torkoal|Torkoal, L50, M|100\/100\n|switch|p2a: Tornadus|Tornadus, L50, M|100\/100\n|switch|p2b: Hariyama|Hariyama, L50, M|100\/100\n|turn|1\n|inactive|HoldaUno has 30 seconds left.\n|\n|t:|1700475488\n|-terastallize|p1a: Tatsugiri|Dark\n|move|p1b: Torkoal|Protect|p1b: Torkoal\n|-singleturn|p1b: Torkoal|Protect\n|move|p2b: Hariyama|Fake Out|p1b: Torkoal\n|-activate|p1b: Torkoal|move: Protect\n|move|p2a: Tornadus|Taunt|p1a: Tatsugiri\n|-hint|Since gen 7, Dark is immune to Prankster moves.\n|-immune|p1a: Tatsugiri\n|move|p1a: Tatsugiri|Taunt|p2a: Tornadus\n|-start|p2a: Tornadus|move: Taunt\n|\n|-status|p1a: Tatsugiri|tox|[from] item: Toxic Orb\n|-status|p2b: Hariyama|brn|[from] item: Flame Orb\n|upkeep\n|turn|2\n|inactive|HoldaUno has 30 seconds left.\n|\n|t:|1700475514\n|move|p1a: Tatsugiri|Endure|p1a: Tatsugiri\n|-singleturn|p1a: Tatsugiri|move: Endure\n|move|p2a: Tornadus|Air Slash|p1a: Tatsugiri\n|-crit|p1a: Tatsugiri\n|-damage|p1a: Tatsugiri|4\/100 tox\n|move|p2b: Hariyama|Headlong Rush|p1b: Torkoal\n|-supereffective|p1b: Torkoal\n|-damage|p1b: Torkoal|9\/100\n|-unboost|p2b: Hariyama|def|1\n|-unboost|p2b: Hariyama|spd|1\n|move|p1b: Torkoal|Curse|p1b: Torkoal\n|-unboost|p1b: Torkoal|spe|1\n|-boost|p1b: Torkoal|atk|1\n|-boost|p1b: Torkoal|def|1\n|-enditem|p1b: Torkoal|Eject Pack\n|\n|t:|1700475528\n|switch|p1b: Dondozo|Dondozo, L50, M|100\/100\n|-activate|p1a: Tatsugiri|ability: Commander|[of] p1b: Dondozo\n|-boost|p1b: Dondozo|atk|2\n|-boost|p1b: Dondozo|spa|2\n|-boost|p1b: Dondozo|spe|2\n|-boost|p1b: Dondozo|def|2\n|-boost|p1b: Dondozo|spd|2\n|\n|-damage|p1a: Tatsugiri|0 fnt|[from] psn\n|faint|p1a: Tatsugiri\n|-damage|p2b: Hariyama|95\/100 brn|[from] brn\n|upkeep\n|\n|t:|1700475543\n|switch|p1a: Torkoal|Torkoal, L50, M|9\/100\n|turn|3\n|inactive|kahnular has 30 seconds left.\n|\n|t:|1700475574\n|move|p1a: Torkoal|Helping Hand|p1b: Dondozo\n|-singleturn|p1b: Dondozo|Helping Hand|[of] p1a: Torkoal\n|move|p2a: Tornadus|Icy Wind|p1a: Torkoal|[spread] p1b\n|-miss|p2a: Tornadus|p1a: Torkoal\n|-resisted|p1b: Dondozo\n|-damage|p1b: Dondozo|97\/100\n|-unboost|p1b: Dondozo|spe|1\n|move|p1b: Dondozo|Order Up|p2a: Tornadus\n|-enditem|p2a: Tornadus|Focus Sash\n|-damage|p2a: Tornadus|1\/100\n|-boost|p1b: Dondozo|atk|1\n|move|p2b: Hariyama|Close Combat|p1b: Dondozo\n|-damage|p1b: Dondozo|66\/100\n|-unboost|p2b: Hariyama|def|1\n|-unboost|p2b: Hariyama|spd|1\n|\n|-heal|p1b: Dondozo|72\/100|[from] item: Leftovers\n|-damage|p2b: Hariyama|89\/100 brn|[from] brn\n|upkeep\n|turn|4\n|inactive|HoldaUno has 30 seconds left.\n|inactive|kahnular has 30 seconds left.\n|\n|t:|1700475604\n|move|p1b: Dondozo|Protect|p1b: Dondozo\n|-singleturn|p1b: Dondozo|Protect\n|move|p2a: Tornadus|Icy Wind|p1a: Torkoal|[spread] p1a\n|-activate|p1b: Dondozo|move: Protect\n|-resisted|p1a: Torkoal\n|-damage|p1a: Torkoal|0 fnt\n|faint|p1a: Torkoal\n|move|p2b: Hariyama|Close Combat|p1b: Dondozo\n|-activate|p1b: Dondozo|move: Protect\n|\n|-heal|p1b: Dondozo|78\/100|[from] item: Leftovers\n|-damage|p2b: Hariyama|83\/100 brn|[from] brn\n|-end|p2a: Tornadus|move: Taunt\n|upkeep\n|\n|t:|1700475615\n|switch|p1a: Sinistcha|Sinistcha-Masterpiece, L50|100\/100\n|-heal|p1b: Dondozo|100\/100|[from] ability: Hospitality|[of] p1a: Sinistcha\n|turn|5\n|\n|t:|1700475626\n|move|p2a: Tornadus|Tailwind|p2a: Tornadus\n|-sidestart|p2: kahnular|move: Tailwind\n|move|p2b: Hariyama|Bullet Punch|p1a: Sinistcha\n|-damage|p1a: Sinistcha|84\/100\n|move|p1b: Dondozo|Order Up|p2b: Hariyama\n|-damage|p2b: Hariyama|21\/100 brn\n|-boost|p1b: Dondozo|atk|1\n|move|p1a: Sinistcha|Trick Room|p1a: Sinistcha\n|-fieldstart|move: Trick Room|[of] p1a: Sinistcha\n|\n|-damage|p2b: Hariyama|15\/100 brn|[from] brn\n|upkeep\n|turn|6\n|\n|t:|1700475644\n|move|p1a: Sinistcha|Matcha Gotcha|p2a: Tornadus|[spread] p2a,p2b\n|-resisted|p2a: Tornadus\n|-damage|p2a: Tornadus|0 fnt\n|-heal|p1a: Sinistcha|84\/100|[from] drain|[of] p2a: Tornadus\n|-damage|p2b: Hariyama|0 fnt\n|-heal|p1a: Sinistcha|94\/100|[from] drain|[of] p2b: Hariyama\n|faint|p2a: Tornadus\n|faint|p2b: Hariyama\n|move|p1b: Dondozo|Order Up|p2: Tornadus|[notarget]\n|-fail|p1b: Dondozo\n|\n|upkeep\n|\n|t:|1700475648\n|switch|p2b: Dragapult|Dragapult, L50, M|100\/100\n|switch|p2a: Chi-Yu|Chi-Yu, L50|100\/100\n|-ability|p2a: Chi-Yu|Beads of Ruin\n|turn|7\n|\n|t:|1700475667\n|move|p1a: Sinistcha|Rage Powder|p1a: Sinistcha\n|-singleturn|p1a: Sinistcha|move: Rage Powder\n|move|p1b: Dondozo|Earthquake|p2b: Dragapult|[spread] p1a,p2a,p2b\n|-resisted|p1a: Sinistcha\n|-supereffective|p2a: Chi-Yu\n|-crit|p2a: Chi-Yu\n|-damage|p1a: Sinistcha|71\/100\n|-damage|p2a: Chi-Yu|0 fnt\n|-damage|p2b: Dragapult|10\/100\n|faint|p2a: Chi-Yu\n|move|p2b: Dragapult|Dragon Darts|p1a: Sinistcha\n|-damage|p1a: Sinistcha|50\/100\n|-anim|p2b: Dragapult|Dragon Darts|p1a: Sinistcha\n|-damage|p1a: Sinistcha|31\/100\n|\n|upkeep\n|turn|8\n|-message|kahnular forfeited.\n|\n|win|HoldaUno\n|raw|HoldaUno's rating: 1159 &rarr; <strong>1178<\/strong><br \/>(+19 for winning)\n|raw|kahnular's rating: 1078 &rarr; <strong>1061<\/strong><br \/>(-17 for losing)\n|l|\u2606kahnular\n","uploadtime":1700475693,"views":5,"p1id":"holdauno","p2id":"kahnular","formatid":"gen9vgc2023regulatione","rating":1061,"private":0,"password":""}