{"id":"gen9vgc2023regulatione-1995655450","p1":"Mortipherus","p2":"Sans45910","format":"[Gen 9] VGC 2023 Regulation E","log":"|j|\u2606Mortipherus\n|j|\u2606Sans45910\n|n|\u2606Mortipherus|mortipherus\n|n|\u2606Sans45910|sans45910\n|html|View the match progress at <a href=\"\/game-bestof3-gen9vgc2023regulatione-1995651798\">game-bestof3-gen9vgc2023regulatione-1995651798<\/a>\n|t:|1700591232\n|gametype|doubles\n|player|p1|Mortipherus|biker-gen4|\n|player|p2|Sans45910|nate|\n|teamsize|p1|6\n|teamsize|p2|6\n|gen|9\n|tier|[Gen 9] VGC 2023 Regulation E\n|rule|Species Clause: Limit one of each Pok\u00e9mon\n|rule|Item Clause: Limit one of each item\n|clearpoke\n|poke|p1|Gholdengo, L50|\n|poke|p1|Roaring Moon, L50|\n|poke|p1|Iron Hands, L50|\n|poke|p1|Ogerpon-Hearthflame, L50, F|\n|poke|p1|Landorus-Therian, L50, M|\n|poke|p1|Flutter Mane, L50|\n|poke|p2|Scizor, L50, M|\n|poke|p2|Ogerpon-Wellspring, L50, F|\n|poke|p2|Chien-Pao, L50|\n|poke|p2|Tornadus, L50, M|\n|poke|p2|Landorus-Therian, L50, M|\n|poke|p2|Sandy Shocks, L50|\n|teampreview|4\nMortipherus has agreed to open team sheets.\nSans45910 has agreed to open team sheets.\n|showteam|p1|Gholdengo||Leftovers|GoodasGold|Protect,NastyPlot,MakeItRain,ShadowBall||||||50|,,,,,Dragon]Roaring Moon||BoosterEnergy|Protosynthesis|Protect,Tailwind,KnockOff,Acrobatics||||||50|,,,,,Flying]Iron Hands||AssaultVest|QuarkDrive|FakeOut,DrainPunch,WildCharge,HeavySlam||||||50|,,,,,Fire]Ogerpon-Hearthflame||HearthflameMask|MoldBreaker|SpikyShield,SwordsDance,IvyCudgel,HornLeech|||F|||50|,,,,,Fire]Landorus-Therian||ChoiceScarf|Intimidate|StompingTantrum,TeraBlast,RockSlide,Uturn|||M|||50|,,,,,Flying]Flutter Mane||FairyFeather|Protosynthesis|Protect,Substitute,Moonblast,ShadowBall||||||50|,,,,,Fairy\n|showteam|p2|Scizor||ClearAmulet|Technician|BulletPunch,BugBite,Protect,DualWingbeat|||M|||50|,,,,,Dragon]Ogerpon-Wellspring||WellspringMask|WaterAbsorb|IvyCudgel,SpikyShield,HornLeech,FollowMe|||F|||50|,,,,,Water]Chien-Pao||FocusSash|SwordofRuin|SuckerPunch,IceSpinner,Protect,ThroatChop||||||50|,,,,,Dark]Tornadus||MentalHerb|Prankster|BleakwindStorm,Taunt,Tailwind,IcyWind|||M|||50|,,,,,Ghost]Landorus-Therian||ChoiceScarf|Intimidate|Uturn,TeraBlast,StompingTantrum,RockSlide|||M|||50|,,,,,Flying]Sandy Shocks||BoosterEnergy|Protosynthesis|TeraBlast,Thunderbolt,EarthPower,Protect||||||50|,,,,,Ice\n|\n|t:|1700591278\n|start\n|switch|p1a: Gholdengo|Gholdengo, L50|100\/100\n|switch|p1b: Iron Hands|Iron Hands, L50|100\/100\n|switch|p2a: Landorus|Landorus-Therian, L50, M|100\/100\n|switch|p2b: Scizor|Scizor, L50, M|100\/100\n|-ability|p2a: Landorus|Intimidate|boost\n|-unboost|p1a: Gholdengo|atk|1\n|-unboost|p1b: Iron Hands|atk|1\n|turn|1\n|\n|t:|1700591304\n|switch|p1a: Landorus|Landorus-Therian, L50, M|100\/100\n|-ability|p1a: Landorus|Intimidate|boost\n|-unboost|p2a: Landorus|atk|1\n|-fail|p2b: Scizor|unboost|[from] item: Clear Amulet|[of] p2b: Scizor\n|move|p1b: Iron Hands|Fake Out|p2b: Scizor\n|-resisted|p2b: Scizor\n|-damage|p2b: Scizor|95\/100\n|move|p2a: Landorus|Stomping Tantrum|p1b: Iron Hands\n|-supereffective|p1b: Iron Hands\n|-damage|p1b: Iron Hands|60\/100\n|cant|p2b: Scizor|flinch\n|\n|upkeep\n|turn|2\n|\n|t:|1700591334\n|switch|p2a: Chien-Pao|Chien-Pao, L50|100\/100\n|-ability|p2a: Chien-Pao|Sword of Ruin\n|move|p1a: Landorus|Rock Slide|p2a: Chien-Pao|[spread] p2a,p2b\n|-supereffective|p2a: Chien-Pao\n|-damage|p2a: Chien-Pao|49\/100\n|-damage|p2b: Scizor|70\/100\n|cant|p2b: Scizor|flinch\n|move|p1b: Iron Hands|Drain Punch|p2b: Scizor\n|-damage|p2b: Scizor|32\/100\n|-heal|p1b: Iron Hands|75\/100|[from] drain|[of] p2b: Scizor\n|\n|upkeep\n|turn|3\n|\n|t:|1700591356\n|switch|p1a: Gholdengo|Gholdengo, L50|100\/100\n|move|p2a: Chien-Pao|Protect|p2a: Chien-Pao\n|-singleturn|p2a: Chien-Pao|Protect\n|move|p2b: Scizor|Dual Wingbeat|p1a: Gholdengo\n|-resisted|p1a: Gholdengo\n|-damage|p1a: Gholdengo|88\/100\n|-resisted|p1a: Gholdengo\n|-damage|p1a: Gholdengo|74\/100\n|-hitcount|p1a: Gholdengo|2\n|move|p1b: Iron Hands|Drain Punch|p2a: Chien-Pao\n|-activate|p2a: Chien-Pao|move: Protect\n|\n|-heal|p1a: Gholdengo|81\/100|[from] item: Leftovers\n|upkeep\n|turn|4\n|\n|t:|1700591376\n|switch|p2a: Landorus|Landorus-Therian, L50, M|100\/100\n|-ability|p2a: Landorus|Intimidate|boost\n|-unboost|p1a: Gholdengo|atk|1\n|-unboost|p1b: Iron Hands|atk|1\n|move|p1a: Gholdengo|Nasty Plot|p1a: Gholdengo\n|-boost|p1a: Gholdengo|spa|2\n|move|p2b: Scizor|Dual Wingbeat|p1b: Iron Hands|[miss]\n|-miss|p2b: Scizor|p1b: Iron Hands\n|move|p1b: Iron Hands|Drain Punch|p2a: Landorus\n|-resisted|p2a: Landorus\n|-damage|p2a: Landorus|88\/100\n|-heal|p1b: Iron Hands|79\/100|[from] drain|[of] p2a: Landorus\n|\n|-heal|p1a: Gholdengo|87\/100|[from] item: Leftovers\n|upkeep\n|turn|5\n|\n|t:|1700591394\n|-end|p1b: Iron Hands|Quark Drive|[silent]\n|switch|p1b: Landorus|Landorus-Therian, L50, M|100\/100\n|-ability|p1b: Landorus|Intimidate|boost\n|-unboost|p2a: Landorus|atk|1\n|-fail|p2b: Scizor|unboost|[from] item: Clear Amulet|[of] p2b: Scizor\n|move|p1a: Gholdengo|Protect|p1a: Gholdengo\n|-singleturn|p1a: Gholdengo|Protect\n|move|p2a: Landorus|Stomping Tantrum|p1a: Gholdengo\n|-activate|p1a: Gholdengo|move: Protect\n|move|p2b: Scizor|Bug Bite|p1a: Gholdengo\n|-activate|p1a: Gholdengo|move: Protect\n|\n|-heal|p1a: Gholdengo|93\/100|[from] item: Leftovers\n|upkeep\n|turn|6\n|\n|t:|1700591413\n|switch|p2b: Chien-Pao|Chien-Pao, L50|49\/100\n|-ability|p2b: Chien-Pao|Sword of Ruin\n|-terastallize|p1a: Gholdengo|Dragon\n|move|p2a: Landorus|Stomping Tantrum|p1a: Gholdengo\n|-damage|p1a: Gholdengo|59\/100\n|move|p1b: Landorus|Rock Slide|p2a: Landorus|[spread] p2a,p2b\n|-supereffective|p2b: Chien-Pao\n|-damage|p2a: Landorus|56\/100\n|-damage|p2b: Chien-Pao|0 fnt\n|faint|p2b: Chien-Pao\n|move|p1a: Gholdengo|Make It Rain|p2a: Landorus\n|-damage|p2a: Landorus|0 fnt\n|-unboost|p1a: Gholdengo|spa|1\n|faint|p2a: Landorus\n|\n|-heal|p1a: Gholdengo|65\/100|[from] item: Leftovers\n|upkeep\n|\n|t:|1700591423\n|switch|p2b: Scizor|Scizor, L50, M|32\/100\n|switch|p2a: Ogerpon|Ogerpon-Wellspring, L50, F|100\/100\n|turn|7\n|\n|t:|1700591443\n|switch|p1b: Iron Hands|Iron Hands, L50|79\/100\n|-terastallize|p2a: Ogerpon|Water\n|detailschange|p2a: Ogerpon|Ogerpon-Wellspring-Tera, L50, F, tera:Water\n|-ability|p2a: Ogerpon|Embody Aspect (Wellspring)|boost\n|-boost|p2a: Ogerpon|spd|1\n|move|p2b: Scizor|Protect|p2b: Scizor\n|-singleturn|p2b: Scizor|Protect\n|move|p2a: Ogerpon|Ivy Cudgel|p1b: Iron Hands|[anim] Ivy Cudgel Water\n|-damage|p1b: Iron Hands|20\/100\n|move|p1a: Gholdengo|Make It Rain|p2a: Ogerpon|[spread] p2a\n|-activate|p2b: Scizor|move: Protect\n|-resisted|p2a: Ogerpon\n|-damage|p2a: Ogerpon|73\/100\n|-unboost|p1a: Gholdengo|spa|1\n|\n|-heal|p1a: Gholdengo|72\/100|[from] item: Leftovers\n|upkeep\n|turn|8\n|\n|t:|1700591465\n|move|p2a: Ogerpon|Spiky Shield|p2a: Ogerpon\n|-singleturn|p2a: Ogerpon|move: Protect\n|move|p2b: Scizor|Bullet Punch|p1a: Gholdengo\n|-damage|p1a: Gholdengo|37\/100\n|move|p1a: Gholdengo|Shadow Ball|p2b: Scizor\n|-damage|p2b: Scizor|0 fnt\n|faint|p2b: Scizor\n|move|p1b: Iron Hands|Wild Charge|p2a: Ogerpon\n|-activate|p2a: Ogerpon|move: Protect\n|-damage|p1b: Iron Hands|8\/100|[from] Spiky Shield|[of] p2a: Ogerpon\n|\n|-heal|p1a: Gholdengo|44\/100|[from] item: Leftovers\n|upkeep\n|turn|9\n|\n|t:|1700591481\n|-end|p1b: Iron Hands|Quark Drive|[silent]\n|switch|p1b: Landorus|Landorus-Therian, L50, M|100\/100\n|-ability|p1b: Landorus|Intimidate|boost\n|-unboost|p2a: Ogerpon|atk|1\n|move|p2a: Ogerpon|Horn Leech|p1b: Landorus\n|-damage|p1b: Landorus|69\/100\n|-heal|p2a: Ogerpon|93\/100|[from] drain|[of] p1b: Landorus\n|move|p1a: Gholdengo|Nasty Plot|p1a: Gholdengo\n|-boost|p1a: Gholdengo|spa|2\n|\n|-heal|p1a: Gholdengo|50\/100|[from] item: Leftovers\n|upkeep\n|turn|10\n|\n|t:|1700591503\n|move|p1b: Landorus|U-turn|p2a: Ogerpon\n|-damage|p2a: Ogerpon|59\/100\n|\n|t:|1700591509\n|switch|p1b: Iron Hands|Iron Hands, L50|8\/100|[from] U-turn\n|move|p2a: Ogerpon|Ivy Cudgel|p1a: Gholdengo|[anim] Ivy Cudgel Water\n|-resisted|p1a: Gholdengo\n|-damage|p1a: Gholdengo|28\/100\n|move|p1a: Gholdengo|Shadow Ball|p2a: Ogerpon\n|-damage|p2a: Ogerpon|0 fnt\n|faint|p2a: Ogerpon\n|\n|win|Mortipherus\n|c|\u2606Sans45910|gg\n","uploadtime":1700591557,"views":3,"p1id":"mortipherus","p2id":"sans45910","formatid":"gen9vgc2023regulatione","rating":0,"private":0,"password":""}