{"id":"gen9vgc2023regulatione-1995719228","p1":"Nta07","p2":"eljokersamasito","format":"[Gen 9] VGC 2023 Regulation E","log":"|j|\u2606Nta07\n|j|\u2606eljokersamasito\n|t:|1700596804\n|gametype|doubles\n|player|p1|Nta07|265|1100\n|player|p2|eljokersamasito|buck|1136\n|teamsize|p1|6\n|teamsize|p2|6\n|gen|9\n|tier|[Gen 9] VGC 2023 Regulation E\n|rated|\n|rule|Species Clause: Limit one of each Pok\u00e9mon\n|rule|Item Clause: Limit one of each item\n|clearpoke\n|poke|p1|Articuno-Galar, L50|\n|poke|p1|Sableye, L50, F|\n|poke|p1|Raichu, L50, F|\n|poke|p1|Iron Thorns, L50|\n|poke|p1|Volcarona, L50, F|\n|poke|p1|Amoonguss, L50, M|\n|poke|p2|Moltres-Galar, L50|\n|poke|p2|Ninetales-Alola, L50, M|\n|poke|p2|Cresselia, L50, F|\n|poke|p2|Urshifu-*, L50, M|\n|poke|p2|Iron Hands, L50|\n|poke|p2|Ursaluna-Bloodmoon, L50, M|\n|teampreview|4\n|inactive|Battle timer is ON: inactive players will automatically lose when time's up. (requested by Nta07)\n|\n|t:|1700596856\n|start\n|switch|p1a: Sableye|Sableye, L50, F|100\/100\n|switch|p1b: Raichu|Raichu, L50, F|100\/100\n|switch|p2a: Ninetales|Ninetales-Alola, L50, M|100\/100\n|switch|p2b: Urshifu|Urshifu-Rapid-Strike, L50, M|100\/100\n|-weather|Snow|[from] ability: Snow Warning|[of] p2a: Ninetales\n|turn|1\n|\n|t:|1700596869\n|move|p1b: Raichu|Fake Out|p2a: Ninetales\n|-damage|p2a: Ninetales|93\/100\n|move|p1a: Sableye|Fake Out|p2b: Urshifu\n|-damage|p2b: Urshifu|94\/100\n|cant|p2b: Urshifu|flinch\n|cant|p2a: Ninetales|flinch\n|\n|-weather|Snow|[upkeep]\n|upkeep\n|turn|2\n|\n|t:|1700596880\n|move|p1a: Sableye|Will-O-Wisp|p2b: Urshifu\n|-status|p2b: Urshifu|brn\n|move|p2b: Urshifu|U-turn|p1a: Sableye\n|-damage|p1a: Sableye|83\/100\n|-enditem|p1a: Sableye|Eject Button\n|\n|t:|1700596888\n|switch|p1a: Volcarona|Volcarona, L50, F|100\/100\n|move|p1b: Raichu|Nuzzle|p2a: Ninetales\n|-damage|p2a: Ninetales|87\/100\n|-status|p2a: Ninetales|par\n|cant|p2a: Ninetales|par\n|\n|-weather|Snow|[upkeep]\n|-damage|p2b: Urshifu|88\/100 brn|[from] brn\n|upkeep\n|turn|3\n|inactive|eljokersamasito has 30 seconds left.\n|\n|t:|1700596916\n|switch|p2b: Iron Hands|Iron Hands, L50|100\/100\n|-terastallize|p2a: Ninetales|Dragon\n|move|p1b: Raichu|Fling|p2b: Iron Hands\n|-resisted|p2b: Iron Hands\n|-damage|p2b: Iron Hands|98\/100\n|-enditem|p1b: Raichu|King's Rock|[from] move: Fling\n|move|p1a: Volcarona|Quiver Dance|p1a: Volcarona\n|-boost|p1a: Volcarona|spa|1\n|-boost|p1a: Volcarona|spd|1\n|-boost|p1a: Volcarona|spe|1\n|move|p2a: Ninetales|Aurora Veil|p2a: Ninetales\n|-sidestart|p2: eljokersamasito|move: Aurora Veil\n|\n|-weather|Snow|[upkeep]\n|upkeep\n|turn|4\n|inactive|eljokersamasito has 30 seconds left.\n|\n|t:|1700596950\n|move|p2b: Iron Hands|Fake Out|p1a: Volcarona\n|-damage|p1a: Volcarona|78\/100\n|-damage|p2b: Iron Hands|81\/100|[from] item: Rocky Helmet|[of] p1a: Volcarona\n|-status|p2b: Iron Hands|brn|[from] ability: Flame Body|[of] p1a: Volcarona\n|cant|p1a: Volcarona|flinch\n|move|p1b: Raichu|Brick Break|p2b: Iron Hands\n|-sideend|p2: eljokersamasito|move: Aurora Veil\n|-damage|p2b: Iron Hands|68\/100 brn\n|move|p2a: Ninetales|Draining Kiss|p1b: Raichu\n|-damage|p1b: Raichu|76\/100\n|-heal|p2a: Ninetales|100\/100 par|[from] drain|[of] p1b: Raichu\n|\n|-weather|Snow|[upkeep]\n|-damage|p2b: Iron Hands|62\/100 brn|[from] brn\n|upkeep\n|turn|5\n|inactive|eljokersamasito has 30 seconds left.\n|\n|t:|1700596979\n|move|p1a: Volcarona|Heat Wave|p2a: Ninetales|[spread] p2a,p2b\n|-resisted|p2a: Ninetales\n|-crit|p2b: Iron Hands\n|-damage|p2a: Ninetales|73\/100 par\n|-damage|p2b: Iron Hands|16\/100 brn\n|move|p1b: Raichu|Brick Break|p2a: Ninetales\n|-damage|p2a: Ninetales|53\/100 par\n|move|p2a: Ninetales|Draining Kiss|p1b: Raichu\n|-damage|p1b: Raichu|53\/100\n|-heal|p2a: Ninetales|66\/100 par|[from] drain|[of] p1b: Raichu\n|move|p2b: Iron Hands|Drain Punch|p1a: Volcarona\n|-resisted|p1a: Volcarona\n|-damage|p1a: Volcarona|63\/100\n|-heal|p2b: Iron Hands|22\/100 brn|[from] drain|[of] p1a: Volcarona\n|-damage|p2b: Iron Hands|5\/100 brn|[from] item: Rocky Helmet|[of] p1a: Volcarona\n|\n|-weather|none\n|-damage|p2b: Iron Hands|0 fnt|[from] brn\n|faint|p2b: Iron Hands\n|-end|p2b: Iron Hands|Quark Drive|[silent]\n|upkeep\n|\n|t:|1700596999\n|switch|p2b: Urshifu|Urshifu-Rapid-Strike, L50, M|88\/100 brn\n|turn|6\n|\n|t:|1700597006\n|-terastallize|p1a: Volcarona|Bug\n|move|p2b: Urshifu|Surging Strikes|p1a: Volcarona\n|-crit|p1a: Volcarona\n|-damage|p1a: Volcarona|50\/100\n|-damage|p2b: Urshifu|71\/100 brn|[from] item: Rocky Helmet|[of] p1a: Volcarona\n|-crit|p1a: Volcarona\n|-damage|p1a: Volcarona|37\/100\n|-damage|p2b: Urshifu|55\/100 brn|[from] item: Rocky Helmet|[of] p1a: Volcarona\n|-crit|p1a: Volcarona\n|-damage|p1a: Volcarona|23\/100\n|-damage|p2b: Urshifu|38\/100 brn|[from] item: Rocky Helmet|[of] p1a: Volcarona\n|-hitcount|p1a: Volcarona|3\n|move|p1a: Volcarona|Giga Drain|p2b: Urshifu\n|-supereffective|p2b: Urshifu\n|-damage|p2b: Urshifu|0 fnt\n|-heal|p1a: Volcarona|42\/100|[from] drain|[of] p2b: Urshifu\n|faint|p2b: Urshifu\n|move|p1b: Raichu|Brick Break|p2a: Ninetales\n|-damage|p2a: Ninetales|44\/100 par\n|move|p2a: Ninetales|Draining Kiss|p1b: Raichu\n|-crit|p1b: Raichu\n|-damage|p1b: Raichu|15\/100\n|-heal|p2a: Ninetales|66\/100 par|[from] drain|[of] p1b: Raichu\n|\n|upkeep\n|\n|t:|1700597026\n|switch|p2b: Moltres|Moltres-Galar, L50|100\/100\n|turn|7\n|\n|t:|1700597039\n|move|p1a: Volcarona|Heat Wave|p2b: Moltres|[spread] p2a,p2b\n|-resisted|p2a: Ninetales\n|-damage|p2a: Ninetales|35\/100 par\n|-damage|p2b: Moltres|46\/100\n|-ability|p2b: Moltres|Berserk|boost\n|-boost|p2b: Moltres|spa|1\n|-enditem|p2b: Moltres|Sitrus Berry|[eat]\n|-heal|p2b: Moltres|71\/100|[from] item: Sitrus Berry\n|move|p1b: Raichu|Nuzzle|p2b: Moltres\n|-supereffective|p2b: Moltres\n|-damage|p2b: Moltres|53\/100\n|-status|p2b: Moltres|par\n|move|p2a: Ninetales|Draining Kiss|p1b: Raichu\n|-damage|p1b: Raichu|0 fnt\n|-heal|p2a: Ninetales|44\/100 par|[from] drain|[of] p1b: Raichu\n|faint|p1b: Raichu\n|move|p2b: Moltres|Air Slash|p1a: Volcarona\n|-supereffective|p1a: Volcarona\n|-crit|p1a: Volcarona\n|-damage|p1a: Volcarona|0 fnt\n|faint|p1a: Volcarona\n|\n|upkeep\n|\n|t:|1700597051\n|switch|p1b: Iron Thorns|Iron Thorns, L50|100\/100\n|switch|p1a: Sableye|Sableye, L50, F|83\/100\n|-enditem|p1b: Iron Thorns|Booster Energy\n|-activate|p1b: Iron Thorns|ability: Quark Drive|[fromitem]\n|-start|p1b: Iron Thorns|quarkdriveatk\n|turn|8\n|\n|t:|1700597069\n|move|p1a: Sableye|Gravity|p1a: Sableye\n|-fieldstart|move: Gravity\n|move|p1b: Iron Thorns|Rock Slide|p2a: Ninetales|[spread] p2a,p2b\n|-supereffective|p2b: Moltres\n|-damage|p2a: Ninetales|0 fnt\n|-damage|p2b: Moltres|0 fnt\n|faint|p2a: Ninetales\n|faint|p2b: Moltres\n|\n|win|Nta07\n|raw|Nta07's rating: 1100 &rarr; <strong>1128<\/strong><br \/>(+28 for winning)\n|raw|eljokersamasito's rating: 1136 &rarr; <strong>1108<\/strong><br \/>(-28 for losing)\n|l|\u2606eljokersamasito\n","uploadtime":1700597112,"views":4,"p1id":"nta07","p2id":"eljokersamasito","formatid":"gen9vgc2023regulatione","rating":1108,"private":0,"password":""}