{"id":"gen9vgc2023regulatione-1989933309","p1":"Elias96\u262f","p2":"ScarsonaVGC","format":"[Gen 9] VGC 2023 Regulation E","log":"|j|\u2606Elias96\u262f\n|j|\u2606ScarsonaVGC\n|n|\u2606Elias96\u262f|elias96\n|n|\u2606ScarsonaVGC|scarsonavgc\n|html|View the match progress at <a href=\"\/game-bestof3-gen9vgc2023regulatione-1989928116\">game-bestof3-gen9vgc2023regulatione-1989928116<\/a>\n|t:|1699907949\n|gametype|doubles\n|player|p1|Elias96\u262f|lucas|\n|player|p2|ScarsonaVGC|266|\n|teamsize|p1|6\n|teamsize|p2|6\n|gen|9\n|tier|[Gen 9] VGC 2023 Regulation E\n|rule|Species Clause: Limit one of each Pok\u00e9mon\n|rule|Item Clause: Limit one of each item\n|clearpoke\n|poke|p1|Rillaboom, L50, M|\n|poke|p1|Tyranitar, L50, M|\n|poke|p1|Cresselia, L50, F|\n|poke|p1|Kommo-o, L50, F|\n|poke|p1|Flutter Mane, L50|\n|poke|p1|Arcanine-Hisui, L50, M|\n|poke|p2|Ninetales-Alola, L50, M|\n|poke|p2|Glimmora, L50, F|\n|poke|p2|Dondozo, L50, M|\n|poke|p2|Tatsugiri, L50, F|\n|poke|p2|Chien-Pao, L50|\n|poke|p2|Dragonite, L50, M|\n|teampreview|4\nElias96\u262f has agreed to open team sheets.\nScarsonaVGC has agreed to open team sheets.\n|showteam|p1|Rillaboom||MiracleSeed|GrassySurge|GrassyGlide,WoodHammer,FakeOut,Taunt|||M|||50|,,,,,Grass]Tyranitar||AssaultVest|SandStream|RockSlide,KnockOff,TeraBlast,LowKick|||M|||50|,,,,,Psychic]Cresselia||MentalHerb|Levitate|LunarBlessing,TrickRoom,Psychic,IcyWind|||F|||50|,,,,,Poison]Kommo-o||Leftovers|Bulletproof|BodyPress,IronDefense,IronHead,Protect|||F|||50|,,,,,Steel]Flutter Mane||BoosterEnergy|Protosynthesis|Moonblast,ShadowBall,DazzlingGleam,Protect||||||50|,,,,,Fairy]Arcanine-Hisui||SitrusBerry|Intimidate|RockSlide,FlareBlitz,Protect,WillOWisp|||M|||50|,,,,,Water\n|showteam|p2|Ninetales-Alola||LightClay|SnowWarning|FreezeDry,IcyWind,AuroraVeil,Protect|||M|||50|,,,,,Ghost]Glimmora||FocusSash|ToxicDebris|PowerGem,EarthPower,SludgeBomb,SpikyShield|||F|||50|,,,,,Grass]Dondozo||Leftovers|Unaware|Earthquake,Protect,OrderUp,Substitute|||M|||50|,,,,,Dragon]Tatsugiri||ChoiceScarf|Commander|DracoMeteor,MuddyWater,IcyWind,DragonPulse|||F|||50|,,,,,Dragon]Chien-Pao||LifeOrb|SwordofRuin|IceSpinner,SacredSword,SuckerPunch,Protect||||||50|,,,,,Poison]Dragonite||ChoiceBand|Multiscale|ExtremeSpeed,AerialAce,Outrage,Earthquake|||M|||50|,,,,,Normal\n|\n|t:|1699908003\n|start\n|switch|p1a: Arcanine|Arcanine-Hisui, L50, M|100\/100\n|switch|p1b: Rillaboom|Rillaboom, L50, M|100\/100\n|switch|p2a: Ninetales|Ninetales-Alola, L50, M, shiny|100\/100\n|switch|p2b: Glimmora|Glimmora, L50, F|100\/100\n|-weather|Snow|[from] ability: Snow Warning|[of] p2a: Ninetales\n|-ability|p1a: Arcanine|Intimidate|boost\n|-unboost|p2a: Ninetales|atk|1\n|-unboost|p2b: Glimmora|atk|1\n|-fieldstart|move: Grassy Terrain|[from] ability: Grassy Surge|[of] p1b: Rillaboom\n|turn|1\n|\n|t:|1699908035\n|switch|p1b: Tyranitar|Tyranitar, L50, M|100\/100\n|-weather|Sandstorm|[from] ability: Sand Stream|[of] p1b: Tyranitar\n|move|p2a: Ninetales|Protect|p2a: Ninetales\n|-singleturn|p2a: Ninetales|Protect\n|move|p1a: Arcanine|Protect|p1a: Arcanine\n|-singleturn|p1a: Arcanine|Protect\n|move|p2b: Glimmora|Earth Power|p1a: Arcanine\n|-activate|p1a: Arcanine|move: Protect\n|\n|-weather|Sandstorm|[upkeep]\n|-damage|p2a: Ninetales|95\/100|[from] Sandstorm\n|-heal|p2a: Ninetales|100\/100|[from] Grassy Terrain\n|upkeep\n|turn|2\n|\n|t:|1699908078\n|-terastallize|p1a: Arcanine|Water\n|move|p2a: Ninetales|Icy Wind|p1b: Tyranitar|[spread] p1a,p1b\n|-resisted|p1a: Arcanine\n|-damage|p1a: Arcanine|95\/100\n|-damage|p1b: Tyranitar|95\/100\n|-unboost|p1a: Arcanine|spe|1\n|-unboost|p1b: Tyranitar|spe|1\n|move|p2b: Glimmora|Earth Power|p1a: Arcanine\n|-damage|p1a: Arcanine|66\/100\n|move|p1a: Arcanine|Flare Blitz|p2a: Ninetales\n|-supereffective|p2a: Ninetales\n|-damage|p2a: Ninetales|0 fnt\n|faint|p2a: Ninetales\n|-damage|p1a: Arcanine|37\/100|[from] Recoil\n|-enditem|p1a: Arcanine|Sitrus Berry|[eat]\n|-heal|p1a: Arcanine|62\/100|[from] item: Sitrus Berry\n|move|p1b: Tyranitar|Knock Off|p2b: Glimmora\n|-damage|p2b: Glimmora|38\/100\n|-activate|p2b: Glimmora|ability: Toxic Debris\n|-sidestart|p1: Elias96\u262f|move: Toxic Spikes\n|-enditem|p2b: Glimmora|Focus Sash|[from] move: Knock Off|[of] p1b: Tyranitar\n|\n|-weather|Sandstorm|[upkeep]\n|-damage|p1a: Arcanine|56\/100|[from] Sandstorm\n|-heal|p2b: Glimmora|43\/100|[from] Grassy Terrain\n|-heal|p1a: Arcanine|62\/100|[from] Grassy Terrain\n|-heal|p1b: Tyranitar|100\/100|[from] Grassy Terrain\n|upkeep\n|\n|t:|1699908126\n|switch|p2a: Dondoro|Dondozo, L50, M|100\/100\n|turn|3\n|\n|t:|1699908150\n|switch|p1a: Flutter Mane|Flutter Mane, L50|100\/100\n|-status|p1a: Flutter Mane|psn\n|-enditem|p1a: Flutter Mane|Booster Energy\n|-activate|p1a: Flutter Mane|ability: Protosynthesis|[fromitem]\n|-start|p1a: Flutter Mane|protosynthesisspa\n|move|p2a: Dondoro|Protect|p2a: Dondoro\n|-singleturn|p2a: Dondoro|Protect\n|move|p2b: Glimmora|Sludge Bomb|p1a: Flutter Mane\n|-damage|p1a: Flutter Mane|57\/100 psn\n|move|p1b: Tyranitar|Knock Off|p2a: Dondoro\n|-activate|p2a: Dondoro|move: Protect\n|\n|-weather|Sandstorm|[upkeep]\n|-damage|p1a: Flutter Mane|51\/100 psn|[from] Sandstorm\n|-damage|p2a: Dondoro|95\/100|[from] Sandstorm\n|-heal|p1a: Flutter Mane|57\/100 psn|[from] Grassy Terrain\n|-heal|p2b: Glimmora|49\/100|[from] Grassy Terrain\n|-heal|p2a: Dondoro|100\/100|[from] Grassy Terrain\n|-damage|p1a: Flutter Mane|45\/100 psn|[from] psn\n|upkeep\n|turn|4\n|\n|t:|1699908174\n|switch|p2b: Tatsugiri|Tatsugiri, L50, F|100\/100\n|-activate|p2b: Tatsugiri|ability: Commander|[of] p2a: Dondoro\n|-boost|p2a: Dondoro|atk|2\n|-boost|p2a: Dondoro|spa|2\n|-boost|p2a: Dondoro|spe|2\n|-boost|p2a: Dondoro|def|2\n|-boost|p2a: Dondoro|spd|2\n|move|p2a: Dondoro|Earthquake|p1b: Tyranitar|[spread] p1a,p1b\n|-miss|p2a: Dondoro|p2b: Tatsugiri\n|-supereffective|p1b: Tyranitar\n|-damage|p1a: Flutter Mane|17\/100 psn\n|-damage|p1b: Tyranitar|59\/100\n|move|p1a: Flutter Mane|Moonblast|p2a: Dondoro\n|-damage|p2a: Dondoro|72\/100\n|move|p1b: Tyranitar|Knock Off|p2a: Dondoro\n|-damage|p2a: Dondoro|55\/100\n|-enditem|p2a: Dondoro|Leftovers|[from] move: Knock Off|[of] p1b: Tyranitar\n|\n|-weather|Sandstorm|[upkeep]\n|-damage|p2b: Tatsugiri|95\/100|[from] Sandstorm\n|-damage|p2a: Dondoro|49\/100|[from] Sandstorm\n|-damage|p1a: Flutter Mane|11\/100 psn|[from] Sandstorm\n|-heal|p2b: Tatsugiri|100\/100|[from] Grassy Terrain\n|-heal|p2a: Dondoro|55\/100|[from] Grassy Terrain\n|-heal|p1a: Flutter Mane|17\/100 psn|[from] Grassy Terrain\n|-heal|p1b: Tyranitar|65\/100|[from] Grassy Terrain\n|-damage|p1a: Flutter Mane|4\/100 psn|[from] psn\n|upkeep\n|turn|5\n|\n|t:|1699908204\n|switch|p1b: Arcanine|Arcanine-Hisui, L50, M, tera:Water|62\/100\n|-status|p1b: Arcanine|psn\n|-ability|p1b: Arcanine|Intimidate|boost\n|-unboost|p2a: Dondoro|atk|1\n|-unboost|p2b: Tatsugiri|atk|1\n|move|p2a: Dondoro|Protect|p2a: Dondoro\n|-singleturn|p2a: Dondoro|Protect\n|move|p1a: Flutter Mane|Moonblast|p2a: Dondoro\n|-activate|p2a: Dondoro|move: Protect\n|\n|-weather|none\n|-heal|p2a: Dondoro|61\/100|[from] Grassy Terrain\n|-heal|p1a: Flutter Mane|10\/100 psn|[from] Grassy Terrain\n|-heal|p1b: Arcanine|68\/100 psn|[from] Grassy Terrain\n|-damage|p1a: Flutter Mane|0 fnt|[from] psn\n|faint|p1a: Flutter Mane\n|-end|p1a: Flutter Mane|Protosynthesis|[silent]\n|-damage|p1b: Arcanine|56\/100 psn|[from] psn\n|-fieldend|move: Grassy Terrain\n|upkeep\n|\n|t:|1699908213\n|switch|p1a: Rillaboom|Rillaboom, L50, M|100\/100\n|-status|p1a: Rillaboom|psn\n|-fieldstart|move: Grassy Terrain|[from] ability: Grassy Surge|[of] p1a: Rillaboom\n|turn|6\n|\n|t:|1699908229\n|-terastallize|p2a: Dondoro|Dragon\n|move|p1a: Rillaboom|Fake Out|p2a: Dondoro\n|-damage|p2a: Dondoro|56\/100\n|cant|p2a: Dondoro|flinch\n|move|p1b: Arcanine|Will-O-Wisp|p2a: Dondoro\n|-status|p2a: Dondoro|brn\n|\n|-heal|p2a: Dondoro|62\/100 brn|[from] Grassy Terrain\n|-heal|p1b: Arcanine|61\/100 psn|[from] Grassy Terrain\n|-damage|p1b: Arcanine|49\/100 psn|[from] psn\n|-damage|p1a: Rillaboom|88\/100 psn|[from] psn\n|-damage|p2a: Dondoro|56\/100 brn|[from] brn\n|upkeep\n|turn|7\n|\n|t:|1699908247\n|move|p2a: Dondoro|Protect|p2a: Dondoro\n|-singleturn|p2a: Dondoro|Protect\n|move|p1b: Arcanine|Rock Slide|p2b: Tatsugiri|[spread] \n|-miss|p1b: Arcanine|p2b: Tatsugiri\n|-activate|p2a: Dondoro|move: Protect\n|move|p1a: Rillaboom|Taunt|p2a: Dondoro\n|-activate|p2a: Dondoro|move: Protect\n|\n|-heal|p2a: Dondoro|62\/100 brn|[from] Grassy Terrain\n|-heal|p1b: Arcanine|55\/100 psn|[from] Grassy Terrain\n|-heal|p1a: Rillaboom|94\/100 psn|[from] Grassy Terrain\n|-damage|p1b: Arcanine|42\/100 psn|[from] psn\n|-damage|p1a: Rillaboom|82\/100 psn|[from] psn\n|-damage|p2a: Dondoro|56\/100 brn|[from] brn\n|upkeep\n|turn|8\n|\n|t:|1699908262\n|switch|p1b: Tyranitar|Tyranitar, L50, M|65\/100\n|-status|p1b: Tyranitar|psn\n|-weather|Sandstorm|[from] ability: Sand Stream|[of] p1b: Tyranitar\n|move|p2a: Dondoro|Order Up|p1b: Tyranitar\n|-damage|p1b: Tyranitar|45\/100 psn\n|-boost|p2a: Dondoro|atk|1\n|move|p1a: Rillaboom|Wood Hammer|p2a: Dondoro\n|-resisted|p2a: Dondoro\n|-damage|p2a: Dondoro|41\/100 brn\n|-damage|p1a: Rillaboom|76\/100 psn|[from] Recoil\n|\n|-weather|Sandstorm|[upkeep]\n|-damage|p2b: Tatsugiri|95\/100|[from] Sandstorm\n|-damage|p2a: Dondoro|35\/100 brn|[from] Sandstorm\n|-damage|p1a: Rillaboom|70\/100 psn|[from] Sandstorm\n|-heal|p2b: Tatsugiri|100\/100|[from] Grassy Terrain\n|-heal|p2a: Dondoro|41\/100 brn|[from] Grassy Terrain\n|-heal|p1b: Tyranitar|51\/100 psn|[from] Grassy Terrain\n|-heal|p1a: Rillaboom|76\/100 psn|[from] Grassy Terrain\n|-damage|p1b: Tyranitar|39\/100 psn|[from] psn\n|-damage|p1a: Rillaboom|64\/100 psn|[from] psn\n|-damage|p2a: Dondoro|35\/100 brn|[from] brn\n|upkeep\n|turn|9\n|\n|t:|1699908311\n|move|p2a: Dondoro|Protect|p2a: Dondoro\n|-singleturn|p2a: Dondoro|Protect\n|move|p1a: Rillaboom|Grassy Glide|p2a: Dondoro\n|-activate|p2a: Dondoro|move: Protect\n|move|p1b: Tyranitar|Rock Slide|p2a: Dondoro|[spread] \n|-miss|p1b: Tyranitar|p2b: Tatsugiri\n|-activate|p2a: Dondoro|move: Protect\n|\n|-weather|Sandstorm|[upkeep]\n|-damage|p2b: Tatsugiri|95\/100|[from] Sandstorm\n|-damage|p2a: Dondoro|29\/100 brn|[from] Sandstorm\n|-damage|p1a: Rillaboom|58\/100 psn|[from] Sandstorm\n|-heal|p2b: Tatsugiri|100\/100|[from] Grassy Terrain\n|-heal|p2a: Dondoro|35\/100 brn|[from] Grassy Terrain\n|-heal|p1b: Tyranitar|45\/100 psn|[from] Grassy Terrain\n|-heal|p1a: Rillaboom|64\/100 psn|[from] Grassy Terrain\n|-damage|p1b: Tyranitar|33\/100 psn|[from] psn\n|-damage|p1a: Rillaboom|52\/100 psn|[from] psn\n|-damage|p2a: Dondoro|29\/100 brn|[from] brn\n|upkeep\n|turn|10\n|\n|t:|1699908340\n|move|p1a: Rillaboom|Grassy Glide|p2a: Dondoro\n|-resisted|p2a: Dondoro\n|-damage|p2a: Dondoro|21\/100 brn\n|move|p2a: Dondoro|Earthquake|p1b: Tyranitar|[spread] p1a,p1b\n|-miss|p2a: Dondoro|p2b: Tatsugiri\n|-resisted|p1a: Rillaboom\n|-supereffective|p1b: Tyranitar\n|-damage|p1a: Rillaboom|47\/100 psn\n|-damage|p1b: Tyranitar|14\/100 psn\n|move|p1b: Tyranitar|Rock Slide|p2a: Dondoro|[spread] p2a\n|-miss|p1b: Tyranitar|p2b: Tatsugiri\n|-damage|p2a: Dondoro|10\/100 brn\n|\n|-weather|Sandstorm|[upkeep]\n|-damage|p2b: Tatsugiri|95\/100|[from] Sandstorm\n|-damage|p2a: Dondoro|4\/100 brn|[from] Sandstorm\n|-damage|p1a: Rillaboom|41\/100 psn|[from] Sandstorm\n|-heal|p2b: Tatsugiri|100\/100|[from] Grassy Terrain\n|-heal|p2a: Dondoro|10\/100 brn|[from] Grassy Terrain\n|-heal|p1b: Tyranitar|20\/100 psn|[from] Grassy Terrain\n|-heal|p1a: Rillaboom|47\/100 psn|[from] Grassy Terrain\n|-damage|p1b: Tyranitar|8\/100 psn|[from] psn\n|-damage|p1a: Rillaboom|35\/100 psn|[from] psn\n|-damage|p2a: Dondoro|4\/100 brn|[from] brn\n|-fieldend|move: Grassy Terrain\n|upkeep\n|turn|11\n|\n|t:|1699908373\n|switch|p1a: Arcanine|Arcanine-Hisui, L50, M, tera:Water|42\/100 psn\n|-ability|p1a: Arcanine|Intimidate|boost\n|-unboost|p2a: Dondoro|atk|1\n|-unboost|p2b: Tatsugiri|atk|1\n|move|p2a: Dondoro|Protect|p2a: Dondoro\n|-singleturn|p2a: Dondoro|Protect\n|move|p1b: Tyranitar|Low Kick|p2a: Dondoro\n|-activate|p2a: Dondoro|move: Protect\n|\n|-weather|Sandstorm|[upkeep]\n|-damage|p2b: Tatsugiri|95\/100|[from] Sandstorm\n|-damage|p2a: Dondoro|0 fnt|[from] Sandstorm\n|-damage|p1a: Arcanine|36\/100 psn|[from] Sandstorm\n|faint|p2a: Dondoro\n|-damage|p1a: Arcanine|24\/100 psn|[from] psn\n|-damage|p1b: Tyranitar|0 fnt|[from] psn\n|faint|p1b: Tyranitar\n|upkeep\n|\n|t:|1699908387\n|switch|p1b: Rillaboom|Rillaboom, L50, M|35\/100 psn\n|switch|p2a: Glimmora|Glimmora, L50, F|49\/100\n|-fieldstart|move: Grassy Terrain|[from] ability: Grassy Surge|[of] p1b: Rillaboom\n|turn|12\n|\n|t:|1699908429\n|move|p2a: Glimmora|Spiky Shield|p2a: Glimmora\n|-singleturn|p2a: Glimmora|move: Protect\n|move|p1b: Rillaboom|Grassy Glide|p2b: Tatsugiri\n|-damage|p2b: Tatsugiri|0 fnt\n|faint|p2b: Tatsugiri\n|move|p1a: Arcanine|Rock Slide|p2a: Glimmora\n|-activate|p2a: Glimmora|move: Protect\n|\n|-weather|none\n|-heal|p2a: Glimmora|55\/100|[from] Grassy Terrain\n|-heal|p1a: Arcanine|30\/100 psn|[from] Grassy Terrain\n|-heal|p1b: Rillaboom|41\/100 psn|[from] Grassy Terrain\n|-damage|p1a: Arcanine|17\/100 psn|[from] psn\n|-damage|p1b: Rillaboom|29\/100 psn|[from] psn\n|upkeep\n|turn|13\n|\n|t:|1699908502\n|move|p1b: Rillaboom|Grassy Glide|p2a: Glimmora\n|-damage|p2a: Glimmora|0 fnt\n|-activate|p2a: Glimmora|ability: Toxic Debris\n|-sidestart|p1: Elias96\u262f|move: Toxic Spikes\n|faint|p2a: Glimmora\n|\n|win|Elias96\u262f\n|c|\u2606ScarsonaVGC|nulla ahha gg\n|c|\u2606Elias96\u262f|Oddio era un 50\/50 non da poco\n|c|\u2606Elias96\u262f|Non ho capito perch\u00e9 hai protetto dozo l'ultimo turno per\u00f2\n|c|\u2606ScarsonaVGC|ho fumato gli ultimi 2 turni in una maniera clamorosa\n|c|\u2606Elias96\u262f|GG comunque\n|c|\u2606ScarsonaVGC|gg ^^\n|c|\u2606ScarsonaVGC|li metti tu o io nel doc i replay?\n","uploadtime":1699908562,"views":17,"p1id":"elias96","p2id":"scarsonavgc","formatid":"gen9vgc2023regulatione","rating":0,"private":0,"password":""}