{"id":"gen9vgc2023regulatione-1988814430","p1":"KingKRool213","p2":"80lpos31don","format":"[Gen 9] VGC 2023 Regulation E","log":"|j|\u2606KingKRool213\n|j|\u260680lpos31don\n|t:|1699767108\n|gametype|doubles\n|player|p1|KingKRool213|roark|1166\n|player|p2|80lpos31don|266|1088\n|teamsize|p1|6\n|teamsize|p2|6\n|gen|9\n|tier|[Gen 9] VGC 2023 Regulation E\n|rated|\n|rule|Species Clause: Limit one of each Pok\u00e9mon\n|rule|Item Clause: Limit one of each item\n|clearpoke\n|poke|p1|Gliscor, L50, M|\n|poke|p1|Ting-Lu, L50|\n|poke|p1|Wo-Chien, L50|\n|poke|p1|Cresselia, L50, F|\n|poke|p1|Glimmora, L50, F|\n|poke|p1|Clefable, L50, M|\n|poke|p2|Murkrow, L50, F|\n|poke|p2|Torkoal, L50, M|\n|poke|p2|Typhlosion-Hisui, L50, F|\n|poke|p2|Arcanine-Hisui, L50, M|\n|poke|p2|Tyranitar, L50, F|\n|poke|p2|Zoroark-Hisui, L50, M|\n|teampreview|4\n|\n|t:|1699767119\n|start\n|switch|p1a: Gliscor|Gliscor, L50, M, shiny|100\/100\n|switch|p1b: Glimmora|Glimmora, L50, F|100\/100\n|switch|p2a: Murkrow|Murkrow, L50, F|100\/100\n|switch|p2b: Torkoal|Torkoal, L50, M|100\/100\n|-weather|SunnyDay|[from] ability: Drought|[of] p2b: Torkoal\n|turn|1\n|\n|t:|1699767132\n|move|p1a: Gliscor|Protect|p1a: Gliscor\n|-singleturn|p1a: Gliscor|Protect\n|move|p2a: Murkrow|Taunt|p1b: Glimmora\n|-start|p1b: Glimmora|move: Taunt\n|move|p1b: Glimmora|Mortal Spin|p2b: Torkoal|[spread] p2a,p2b\n|-damage|p2a: Murkrow|95\/100\n|-damage|p2b: Torkoal|98\/100\n|-status|p2a: Murkrow|psn\n|-status|p2b: Torkoal|psn\n|move|p2b: Torkoal|Stealth Rock|p1a: Gliscor\n|-sidestart|p1: KingKRool213|move: Stealth Rock\n|\n|-weather|SunnyDay|[upkeep]\n|-damage|p2a: Murkrow|83\/100 psn|[from] psn\n|-damage|p2b: Torkoal|85\/100 psn|[from] psn\n|-status|p1a: Gliscor|tox|[from] item: Toxic Orb\n|upkeep\n|turn|2\n|inactive|Battle timer is ON: inactive players will automatically lose when time's up. (requested by 80lpos31don)\n|\n|t:|1699767154\n|move|p2a: Murkrow|Tailwind|p2a: Murkrow\n|-sidestart|p2: 80lpos31don|move: Tailwind\n|move|p1b: Glimmora|Earth Power|p2b: Torkoal\n|-supereffective|p2b: Torkoal\n|-damage|p2b: Torkoal|0 fnt\n|faint|p2b: Torkoal\n|move|p1a: Gliscor|Earthquake|p2a: Murkrow|[spread] p1b\n|-immune|p2a: Murkrow\n|-supereffective|p1b: Glimmora\n|-enditem|p1b: Glimmora|Focus Sash\n|-damage|p1b: Glimmora|1\/100\n|-activate|p1b: Glimmora|ability: Toxic Debris\n|-sidestart|p2: 80lpos31don|move: Toxic Spikes\n|\n|-weather|SunnyDay|[upkeep]\n|-damage|p2a: Murkrow|71\/100 psn|[from] psn\n|upkeep\n|\n|t:|1699767173\n|switch|p2b: Typhlosion|Typhlosion-Hisui, L50, F, shiny|100\/100\n|-status|p2b: Typhlosion|psn\n|-item|p1a: Gliscor|Toxic Orb|[from] ability: Frisk|[of] p2b: Typhlosion|[identify]\n|turn|3\n|\n|t:|1699767185\n|-terastallize|p2b: Typhlosion|Fire\n|move|p1a: Gliscor|Protect|p1a: Gliscor\n|-singleturn|p1a: Gliscor|Protect\n|move|p2b: Typhlosion|Eruption|p1b: Glimmora|[spread] p1b\n|-activate|p1a: Gliscor|move: Protect\n|-resisted|p1b: Glimmora\n|-damage|p1b: Glimmora|0 fnt\n|faint|p1b: Glimmora\n|move|p2a: Murkrow|Foul Play|p1a: Gliscor\n|-activate|p1a: Gliscor|move: Protect\n|\n|-weather|SunnyDay|[upkeep]\n|-damage|p2b: Typhlosion|88\/100 psn|[from] psn\n|-damage|p2a: Murkrow|59\/100 psn|[from] psn\n|upkeep\n|\n|t:|1699767193\n|switch|p1b: Ting-Lu|Ting-Lu, L50|100\/100\n|-damage|p1b: Ting-Lu|94\/100|[from] Stealth Rock\n|-ability|p1b: Ting-Lu|Vessel of Ruin\n|turn|4\n|inactive|KingKRool213 has 30 seconds left.\n|\n|t:|1699767219\n|move|p1b: Ting-Lu|Protect|p1b: Ting-Lu\n|-singleturn|p1b: Ting-Lu|Protect\n|move|p2b: Typhlosion|Eruption|p1b: Ting-Lu|[spread] p1a\n|-activate|p1b: Ting-Lu|move: Protect\n|-damage|p1a: Gliscor|0 fnt\n|faint|p1a: Gliscor\n|move|p2a: Murkrow|Foul Play|p1b: Ting-Lu\n|-activate|p1b: Ting-Lu|move: Protect\n|\n|-weather|SunnyDay|[upkeep]\n|-heal|p1b: Ting-Lu|100\/100|[from] item: Leftovers\n|-damage|p2b: Typhlosion|76\/100 psn|[from] psn\n|-damage|p2a: Murkrow|47\/100 psn|[from] psn\n|upkeep\n|\n|t:|1699767228\n|switch|p1a: Cresselia|Cresselia, L50, F, shiny|100\/100\n|-damage|p1a: Cresselia|88\/100|[from] Stealth Rock\n|turn|5\n|\n|t:|1699767233\n|move|p1a: Cresselia|Protect|p1a: Cresselia\n|-singleturn|p1a: Cresselia|Protect\n|move|p2a: Murkrow|Taunt|p1a: Cresselia\n|-activate|p1a: Cresselia|move: Protect\n|move|p2b: Typhlosion|Eruption|p1a: Cresselia|[spread] p1b\n|-activate|p1a: Cresselia|move: Protect\n|-damage|p1b: Ting-Lu|43\/100\n|move|p1b: Ting-Lu|Ruination|p2b: Typhlosion|[miss]\n|-miss|p1b: Ting-Lu|p2b: Typhlosion\n|\n|-weather|SunnyDay|[upkeep]\n|-heal|p1b: Ting-Lu|49\/100|[from] item: Leftovers\n|-damage|p2b: Typhlosion|64\/100 psn|[from] psn\n|-damage|p2a: Murkrow|35\/100 psn|[from] psn\n|-sideend|p2: 80lpos31don|move: Tailwind\n|upkeep\n|turn|6\n|\n|t:|1699767248\n|move|p1b: Ting-Lu|Protect|p1b: Ting-Lu\n|-singleturn|p1b: Ting-Lu|Protect\n|move|p2a: Murkrow|Taunt|p1a: Cresselia\n|-start|p1a: Cresselia|move: Taunt\n|move|p2b: Typhlosion|Eruption|p1b: Ting-Lu|[spread] p1a\n|-activate|p1b: Ting-Lu|move: Protect\n|-damage|p1a: Cresselia|45\/100\n|cant|p1a: Cresselia|move: Taunt|Lunar Blessing\n|\n|-weather|SunnyDay|[upkeep]\n|-heal|p1b: Ting-Lu|55\/100|[from] item: Leftovers\n|-damage|p2b: Typhlosion|52\/100 psn|[from] psn\n|-damage|p2a: Murkrow|23\/100 psn|[from] psn\n|upkeep\n|turn|7\n|\n|t:|1699767270\n|move|p2a: Murkrow|Tailwind|p2a: Murkrow\n|-sidestart|p2: 80lpos31don|move: Tailwind\n|move|p2b: Typhlosion|Eruption|p1a: Cresselia|[spread] p1a,p1b\n|-damage|p1a: Cresselia|6\/100\n|-damage|p1b: Ting-Lu|23\/100\n|move|p1a: Cresselia|Dazzling Gleam|p2b: Typhlosion|[spread] p2a,p2b\n|-supereffective|p2a: Murkrow\n|-resisted|p2b: Typhlosion\n|-damage|p2a: Murkrow|7\/100 psn\n|-damage|p2b: Typhlosion|47\/100 psn\n|move|p1b: Ting-Lu|Stealth Rock|p2b: Typhlosion\n|-sidestart|p2: 80lpos31don|move: Stealth Rock\n|\n|-weather|SunnyDay|[upkeep]\n|-heal|p1b: Ting-Lu|29\/100|[from] item: Leftovers\n|-damage|p2b: Typhlosion|35\/100 psn|[from] psn\n|-damage|p2a: Murkrow|0 fnt|[from] psn\n|faint|p2a: Murkrow\n|upkeep\n|\n|t:|1699767280\n|switch|p2a: Arcanine|Arcanine-Hisui, L50, M, shiny|100\/100\n|-status|p2a: Arcanine|psn\n|-damage|p2a: Arcanine|76\/100 psn|[from] Stealth Rock\n|-ability|p2a: Arcanine|Intimidate|boost\n|-unboost|p1a: Cresselia|atk|1\n|-unboost|p1b: Ting-Lu|atk|1\n|turn|8\n|\n|t:|1699767287\n|move|p1b: Ting-Lu|Protect|p1b: Ting-Lu\n|-singleturn|p1b: Ting-Lu|Protect\n|move|p2b: Typhlosion|Eruption|p1b: Ting-Lu|[spread] p1a\n|-activate|p1b: Ting-Lu|move: Protect\n|-damage|p1a: Cresselia|0 fnt\n|faint|p1a: Cresselia\n|move|p2a: Arcanine|Rock Slide|p1b: Ting-Lu\n|-activate|p1b: Ting-Lu|move: Protect\n|\n|-weather|none\n|-heal|p1b: Ting-Lu|35\/100|[from] item: Leftovers\n|-damage|p2b: Typhlosion|23\/100 psn|[from] psn\n|-damage|p2a: Arcanine|63\/100 psn|[from] psn\n|upkeep\n|turn|9\n|\n|t:|1699767295\n|move|p1b: Ting-Lu|Protect||[still]\n|-fail|p1b: Ting-Lu\n|move|p2b: Typhlosion|Eruption|p1b: Ting-Lu\n|-damage|p1b: Ting-Lu|22\/100\n|move|p2a: Arcanine|Rock Slide|p1b: Ting-Lu\n|-resisted|p1b: Ting-Lu\n|-damage|p1b: Ting-Lu|6\/100\n|\n|-heal|p1b: Ting-Lu|12\/100|[from] item: Leftovers\n|-damage|p2b: Typhlosion|11\/100 psn|[from] psn\n|-damage|p2a: Arcanine|51\/100 psn|[from] psn\n|upkeep\n|turn|10\n|\n|t:|1699767299\n|move|p1b: Ting-Lu|Protect|p1b: Ting-Lu\n|-singleturn|p1b: Ting-Lu|Protect\n|move|p2b: Typhlosion|Eruption|p1b: Ting-Lu\n|-activate|p1b: Ting-Lu|move: Protect\n|move|p2a: Arcanine|Rock Slide|p1b: Ting-Lu\n|-activate|p1b: Ting-Lu|move: Protect\n|\n|-heal|p1b: Ting-Lu|18\/100|[from] item: Leftovers\n|-damage|p2b: Typhlosion|0 fnt|[from] psn\n|faint|p2b: Typhlosion\n|-damage|p2a: Arcanine|39\/100 psn|[from] psn\n|-sideend|p2: 80lpos31don|move: Tailwind\n|upkeep\n|turn|11\n|\n|t:|1699767313\n|move|p2a: Arcanine|Rock Slide|p1b: Ting-Lu\n|-resisted|p1b: Ting-Lu\n|-damage|p1b: Ting-Lu|2\/100\n|move|p1b: Ting-Lu|Heavy Slam|p2a: Arcanine\n|-damage|p2a: Arcanine|16\/100 psn\n|\n|-heal|p1b: Ting-Lu|9\/100|[from] item: Leftovers\n|-damage|p2a: Arcanine|3\/100 psn|[from] psn\n|upkeep\n|turn|12\n|\n|t:|1699767335\n|move|p1b: Ting-Lu|Protect|p1b: Ting-Lu\n|-singleturn|p1b: Ting-Lu|Protect\n|move|p2a: Arcanine|Rock Slide|p1b: Ting-Lu\n|-activate|p1b: Ting-Lu|move: Protect\n|\n|-heal|p1b: Ting-Lu|15\/100|[from] item: Leftovers\n|-damage|p2a: Arcanine|0 fnt|[from] psn\n|faint|p2a: Arcanine\n|\n|win|KingKRool213\n|upkeep\n|raw|KingKRool213's rating: 1166 &rarr; <strong>1185<\/strong><br \/>(+19 for winning)\n|raw|80lpos31don's rating: 1088 &rarr; <strong>1070<\/strong><br \/>(-18 for losing)\n|l|\u260680lpos31don\n","uploadtime":1699767361,"views":18,"p1id":"kingkrool213","p2id":"80lpos31don","formatid":"gen9vgc2023regulatione","rating":1070,"private":0,"password":""}