{"id":"gen9vgc2023regulatione-1992425115","p1":"Orb66623","p2":"111johan111","format":"[Gen 9] VGC 2023 Regulation E","log":"|j|\u2606Orb66623\n|j|\u2606111johan111\n|t:|1700186032\n|gametype|doubles\n|player|p1|Orb66623|266|1116\n|player|p2|111johan111|101|1189\n|teamsize|p1|6\n|teamsize|p2|6\n|gen|9\n|tier|[Gen 9] VGC 2023 Regulation E\n|rated|\n|rule|Species Clause: Limit one of each Pok\u00e9mon\n|rule|Item Clause: Limit one of each item\n|clearpoke\n|poke|p1|Ogerpon-Wellspring, L50, F|\n|poke|p1|Armarouge, L50, M|\n|poke|p1|Torkoal, L50, M|\n|poke|p1|Indeedee-F, L50, F|\n|poke|p1|Iron Hands, L50|\n|poke|p1|Landorus-Therian, L50, M|\n|poke|p2|Flutter Mane, L50|\n|poke|p2|Regidrago, L50|\n|poke|p2|Tornadus, L50, M|\n|poke|p2|Ceruledge, L50, M|\n|poke|p2|Shiftry, L50, M|\n|poke|p2|Farigiraf, L50, F|\n|teampreview|4\n|inactive|Battle timer is ON: inactive players will automatically lose when time's up. (requested by Orb66623)\n|inactive|Orb66623 has 60 seconds left.\n|\n|t:|1700186084\n|start\n|switch|p1a: Iron Hands|Iron Hands, L50|100\/100\n|switch|p1b: Torkoal|Torkoal, L50, M|100\/100\n|switch|p2a: Tornadus|Tornadus, L50, M|100\/100\n|switch|p2b: Shiftry|Shiftry, L50, M|100\/100\n|-weather|SunnyDay|[from] ability: Drought|[of] p1b: Torkoal\n|turn|1\n|inactive|Orb66623 has 30 seconds left.\n|inactive|111johan111 has 30 seconds left.\n|\n|t:|1700186113\n|switch|p2a: Farigiraf|Farigiraf, L50, F|100\/100\n|move|p1b: Torkoal|Protect|p1b: Torkoal\n|-singleturn|p1b: Torkoal|Protect\n|move|p2b: Shiftry|Knock Off|p1b: Torkoal\n|-activate|p1b: Torkoal|move: Protect\n|move|p1a: Iron Hands|Drain Punch|p2b: Shiftry\n|-supereffective|p2b: Shiftry\n|-damage|p2b: Shiftry|0 fnt\n|faint|p2b: Shiftry\n|\n|-weather|SunnyDay|[upkeep]\n|upkeep\n|\n|t:|1700186128\n|switch|p2b: Regidrago|Regidrago, L50|100\/100\n|turn|2\n|\n|t:|1700186143\n|move|p2b: Regidrago|Dragon Energy|p1b: Torkoal|[spread] p1a,p1b\n|-damage|p1a: Iron Hands|42\/100\n|-damage|p1b: Torkoal|0 fnt\n|faint|p1b: Torkoal\n|move|p2a: Farigiraf|Dazzling Gleam|p1a: Iron Hands\n|-supereffective|p1a: Iron Hands\n|-damage|p1a: Iron Hands|21\/100\n|move|p1a: Iron Hands|Drain Punch|p2b: Regidrago\n|-damage|p2b: Regidrago|49\/100\n|-heal|p1a: Iron Hands|50\/100|[from] drain|[of] p2b: Regidrago\n|\n|-weather|SunnyDay|[upkeep]\n|upkeep\n|\n|t:|1700186158\n|switch|p1b: Armarouge|Armarouge, L50, M|100\/100\n|turn|3\n|\n|t:|1700186167\n|move|p2b: Regidrago|Dragon Energy|p1a: Iron Hands|[spread] p1a,p1b\n|-damage|p1a: Iron Hands|23\/100\n|-damage|p1b: Armarouge|31\/100\n|move|p1b: Armarouge|Heat Wave|p2a: Farigiraf|[spread] p2a,p2b\n|-resisted|p2b: Regidrago\n|-damage|p2a: Farigiraf|60\/100\n|-damage|p2b: Regidrago|21\/100\n|move|p2a: Farigiraf|Light Screen|p2a: Farigiraf\n|-sidestart|p2: 111johan111|move: Light Screen\n|move|p1a: Iron Hands|Drain Punch|p2b: Regidrago\n|-damage|p2b: Regidrago|0 fnt\n|-heal|p1a: Iron Hands|34\/100|[from] drain|[of] p2b: Regidrago\n|faint|p2b: Regidrago\n|\n|-weather|SunnyDay|[upkeep]\n|upkeep\n|\n|t:|1700186173\n|switch|p2b: Tornadus|Tornadus, L50, M|100\/100\n|turn|4\n|\n|t:|1700186184\n|move|p2b: Tornadus|Bleakwind Storm|p1a: Iron Hands|[spread] p1a,p1b\n|-damage|p1a: Iron Hands|19\/100\n|-damage|p1b: Armarouge|0 fnt\n|faint|p1b: Armarouge\n|move|p2a: Farigiraf|Wish|p2a: Farigiraf\n|move|p1a: Iron Hands|Wild Charge|p2b: Tornadus\n|-supereffective|p2b: Tornadus\n|-damage|p2b: Tornadus|0 fnt\n|faint|p2b: Tornadus\n|-damage|p1a: Iron Hands|0 fnt|[from] Recoil\n|faint|p1a: Iron Hands\n|-end|p1a: Iron Hands|Quark Drive|[silent]\n|\n|-weather|SunnyDay|[upkeep]\n|upkeep\n|\n|t:|1700186196\n|switch|p1b: Ogerpon|Ogerpon-Wellspring, L50, F|100\/100\n|turn|5\n|\n|t:|1700186213\n|-terastallize|p1b: Ogerpon|Water\n|detailschange|p1b: Ogerpon|Ogerpon-Wellspring-Tera, L50, F, tera:Water\n|-ability|p1b: Ogerpon|Embody Aspect (Wellspring)|boost\n|-boost|p1b: Ogerpon|spd|1\n|-terastallize|p2a: Farigiraf|Fairy\n|move|p1b: Ogerpon|Horn Leech|p2a: Farigiraf\n|-damage|p2a: Farigiraf|16\/100\n|-damage|p1b: Ogerpon|84\/100|[from] item: Rocky Helmet|[of] p2a: Farigiraf\n|move|p2a: Farigiraf|Dazzling Gleam|p1b: Ogerpon\n|-damage|p1b: Ogerpon|60\/100\n|\n|-weather|none\n|-heal|p2a: Farigiraf|66\/100|[from] move: Wish|[wisher] Farigiraf\n|upkeep\n|turn|6\n|\n|t:|1700186228\n|move|p1b: Ogerpon|Ivy Cudgel|p2a: Farigiraf|[anim] Ivy Cudgel Water\n|-damage|p2a: Farigiraf|0 fnt\n|faint|p2a: Farigiraf\n|\n|win|Orb66623\n|raw|Orb66623's rating: 1116 &rarr; <strong>1146<\/strong><br \/>(+30 for winning)\n|raw|111johan111's rating: 1189 &rarr; <strong>1159<\/strong><br \/>(-30 for losing)\n|l|\u2606111johan111\n","uploadtime":1700186238,"views":15,"p1id":"orb66623","p2id":"111johan111","formatid":"gen9vgc2023regulatione","rating":1146,"private":0,"password":""}