{"id":"gen9vgc2023regulatione-1988823388","p1":"SlowHomie","p2":"Omegateck","format":"[Gen 9] VGC 2023 Regulation E","log":"|j|\u2606SlowHomie\n|j|\u2606Omegateck\n|t:|1699768546\n|gametype|doubles\n|player|p1|SlowHomie|unknown|1505\n|player|p2|Omegateck|pokefan-gen4|1392\n|teamsize|p1|6\n|teamsize|p2|6\n|gen|9\n|tier|[Gen 9] VGC 2023 Regulation E\n|rated|\n|rule|Species Clause: Limit one of each Pok\u00e9mon\n|rule|Item Clause: Limit one of each item\n|clearpoke\n|poke|p1|Landorus, L50, M|\n|poke|p1|Tornadus, L50, M|\n|poke|p1|Ogerpon-Hearthflame, L50, F|\n|poke|p1|Iron Hands, L50|\n|poke|p1|Urshifu-*, L50, M|\n|poke|p1|Rillaboom, L50, M|\n|poke|p2|Weezing, L50, M|\n|poke|p2|Roaring Moon, L50|\n|poke|p2|Iron Hands, L50|\n|poke|p2|Ogerpon-Wellspring, L50, F|\n|poke|p2|Landorus-Therian, L50, M|\n|poke|p2|Flutter Mane, L50|\n|teampreview|4\n|l|\u2606SlowHomie\n|player|p1|\n|j|\u2606SlowHomie\n|player|p1|SlowHomie|unknown\n|c|\u2606SlowHomie|Glhf\n|inactive|Battle timer is ON: inactive players will automatically lose when time's up. (requested by Omegateck)\n|\n|t:|1699768614\n|start\n|switch|p1a: Blowin In The Wind|Tornadus, L50, M, shiny|100\/100\n|switch|p1b: Landizzle|Landorus, L50, M|100\/100\n|switch|p2a: Weezing|Weezing, L50, M|100\/100\n|switch|p2b: Landorus|Landorus-Therian, L50, M|100\/100\n|-ability|p2a: Weezing|Neutralizing Gas\n|-block|p2b: Landorus|item: Ability Shield\n|-ability|p2b: Landorus|Intimidate|boost\n|-unboost|p1a: Blowin In The Wind|atk|1\n|-unboost|p1b: Landizzle|atk|1\n|turn|1\n|\n|t:|1699768638\n|move|p1b: Landizzle|Protect|p1b: Landizzle\n|-singleturn|p1b: Landizzle|Protect\n|move|p2a: Weezing|Protect|p2a: Weezing\n|-singleturn|p2a: Weezing|Protect\n|move|p1a: Blowin In The Wind|Tailwind|p1a: Blowin In The Wind\n|-sidestart|p1: SlowHomie|move: Tailwind\n|move|p2b: Landorus|Rock Tomb|p1a: Blowin In The Wind\n|-supereffective|p1a: Blowin In The Wind\n|-damage|p1a: Blowin In The Wind|49\/100\n|-unboost|p1a: Blowin In The Wind|spe|1\n|\n|upkeep\n|turn|2\n|\n|t:|1699768658\n|move|p1b: Landizzle|Earth Power|p2a: Weezing\n|-supereffective|p2a: Weezing\n|-damage|p2a: Weezing|0 fnt\n|faint|p2a: Weezing\n|-end|p2a: Weezing|ability: Neutralizing Gas\n|-damage|p1b: Landizzle|91\/100|[from] item: Life Orb\n|move|p1a: Blowin In The Wind|Bleakwind Storm|p2b: Landorus|[miss]\n|-miss|p1a: Blowin In The Wind|p2b: Landorus\n|move|p2b: Landorus|Rock Tomb|p1a: Blowin In The Wind\n|-supereffective|p1a: Blowin In The Wind\n|-damage|p1a: Blowin In The Wind|0 fnt\n|faint|p1a: Blowin In The Wind\n|\n|upkeep\n|\n|t:|1699768671\n|switch|p1a: Fiona-Hearthflame|Ogerpon-Hearthflame, L50, F|100\/100\n|switch|p2a: Ogerpon|Ogerpon-Wellspring, L50, F|100\/100\n|-ability|p1a: Fiona-Hearthflame|Mold Breaker\n|turn|3\n|inactive|SlowHomie has 30 seconds left.\n|\n|t:|1699768703\n|-terastallize|p1a: Fiona-Hearthflame|Fire\n|detailschange|p1a: Fiona-Hearthflame|Ogerpon-Hearthflame-Tera, L50, F, tera:Fire\n|-ability|p1a: Fiona-Hearthflame|Embody Aspect (Hearthflame)|boost\n|-boost|p1a: Fiona-Hearthflame|atk|1\n|-terastallize|p2a: Ogerpon|Water\n|detailschange|p2a: Ogerpon|Ogerpon-Wellspring-Tera, L50, F, tera:Water\n|-ability|p2a: Ogerpon|Embody Aspect (Wellspring)|boost\n|-boost|p2a: Ogerpon|spd|1\n|move|p1b: Landizzle|Sludge Bomb|p2a: Ogerpon\n|-damage|p2a: Ogerpon|62\/100\n|move|p1a: Fiona-Hearthflame|Ivy Cudgel|p2b: Landorus\n|-damage|p2b: Landorus|0 fnt\n|faint|p2b: Landorus\n|move|p2a: Ogerpon|Ivy Cudgel|p1a: Fiona-Hearthflame\n|-supereffective|p1a: Fiona-Hearthflame\n|-crit|p1a: Fiona-Hearthflame\n|-damage|p1a: Fiona-Hearthflame|0 fnt\n|faint|p1a: Fiona-Hearthflame\n|\n|upkeep\n|\n|t:|1699768719\n|switch|p1a: Rillaboomer|Rillaboom, L50, M|100\/100\n|switch|p2b: Flutter Mane|Flutter Mane, L50|100\/100\n|-fieldstart|move: Grassy Terrain|[from] ability: Grassy Surge|[of] p1a: Rillaboomer\n|turn|4\n|\n|t:|1699768732\n|move|p2a: Ogerpon|Spiky Shield|p2a: Ogerpon\n|-singleturn|p2a: Ogerpon|move: Protect\n|move|p1b: Landizzle|Earth Power|p2a: Ogerpon\n|-activate|p2a: Ogerpon|move: Protect\n|move|p1a: Rillaboomer|Wood Hammer|p2b: Flutter Mane\n|-damage|p2b: Flutter Mane|0 fnt\n|faint|p2b: Flutter Mane\n|-end|p2b: Flutter Mane|Protosynthesis|[silent]\n|-damage|p1a: Rillaboomer|77\/100|[from] Recoil\n|\n|-heal|p1a: Rillaboomer|83\/100|[from] Grassy Terrain\n|-heal|p2a: Ogerpon|68\/100|[from] Grassy Terrain\n|-sideend|p1: SlowHomie|move: Tailwind\n|upkeep\n|turn|5\n|\n|t:|1699768744\n|move|p1a: Rillaboomer|Grassy Glide|p2a: Ogerpon\n|-supereffective|p2a: Ogerpon\n|-damage|p2a: Ogerpon|0 fnt\n|faint|p2a: Ogerpon\n|\n|win|SlowHomie\n|raw|SlowHomie's rating: 1505 &rarr; <strong>1519<\/strong><br \/>(+14 for winning)\n|raw|Omegateck's rating: 1392 &rarr; <strong>1378<\/strong><br \/>(-14 for losing)\n|l|\u2606Omegateck\n|l|\u2606SlowHomie\n|j|\u2606SlowHomie\n|player|p1|SlowHomie|unknown\n","uploadtime":1699768793,"views":28,"p1id":"slowhomie","p2id":"omegateck","formatid":"gen9vgc2023regulatione","rating":1378,"private":0,"password":""}