{"id":"gen9vgc2023regulatione-1993738009","p1":"puli95","p2":"superseriousboi","format":"[Gen 9] VGC 2023 Regulation E","log":"|j|\u2606puli95\n|j|\u2606superseriousboi\n|t:|1700351351\n|gametype|doubles\n|player|p1|puli95|170|1320\n|player|p2|superseriousboi|drayden|1350\n|teamsize|p1|6\n|teamsize|p2|6\n|gen|9\n|tier|[Gen 9] VGC 2023 Regulation E\n|rated|\n|rule|Species Clause: Limit one of each Pok\u00e9mon\n|rule|Item Clause: Limit one of each item\n|clearpoke\n|poke|p1|Ting-Lu, L50|\n|poke|p1|Gyarados, L50, M|\n|poke|p1|Klefki, L50, F|\n|poke|p1|Sinistcha, L50|\n|poke|p1|Iron Hands, L50|\n|poke|p1|Glimmora, L50, M|\n|poke|p2|Sinistcha-Masterpiece, L50|\n|poke|p2|Ursaluna-Bloodmoon, L50, M|\n|poke|p2|Iron Hands, L50|\n|poke|p2|Farigiraf, L50, F|\n|poke|p2|Kommo-o, L50, M|\n|poke|p2|Ogerpon-Cornerstone, L50, F|\n|teampreview|4\n|inactive|Battle timer is ON: inactive players will automatically lose when time's up. (requested by superseriousboi)\n|\n|t:|1700351374\n|start\n|switch|p1a: Ting-Lu|Ting-Lu, L50|100\/100\n|switch|p1b: Klefki|Klefki, L50, F|100\/100\n|switch|p2a: Iron Hands|Iron Hands, L50|100\/100\n|switch|p2b: Sinistcha|Sinistcha-Masterpiece, L50|100\/100\n|-ability|p1a: Ting-Lu|Vessel of Ruin\n|turn|1\n|\n|t:|1700351399\n|move|p1b: Klefki|Thunder Wave|p2b: Sinistcha\n|-status|p2b: Sinistcha|par\n|move|p1a: Ting-Lu|Payback|p2b: Sinistcha\n|-supereffective|p2b: Sinistcha\n|-damage|p2b: Sinistcha|74\/100 par\n|move|p2a: Iron Hands|Belly Drum|p2a: Iron Hands\n|-damage|p2a: Iron Hands|50\/100\n|-setboost|p2a: Iron Hands|atk|6|[from] move: Belly Drum\n|-enditem|p2a: Iron Hands|Sitrus Berry|[eat]\n|-heal|p2a: Iron Hands|75\/100|[from] item: Sitrus Berry\n|move|p2b: Sinistcha|Trick Room|p2b: Sinistcha\n|-fieldstart|move: Trick Room|[of] p2b: Sinistcha\n|\n|upkeep\n|turn|2\n|\n|t:|1700351420\n|-terastallize|p1a: Ting-Lu|Fire\n|cant|p2b: Sinistcha|par\n|move|p2a: Iron Hands|Drain Punch|p1a: Ting-Lu\n|-damage|p1a: Ting-Lu|27\/100\n|-heal|p2a: Iron Hands|100\/100|[from] drain|[of] p1a: Ting-Lu\n|move|p1a: Ting-Lu|Stomping Tantrum|p2a: Iron Hands\n|-supereffective|p2a: Iron Hands\n|-damage|p2a: Iron Hands|68\/100\n|move|p1b: Klefki|Foul Play|p2a: Iron Hands\n|-resisted|p2a: Iron Hands\n|-damage|p2a: Iron Hands|32\/100\n|\n|upkeep\n|turn|3\n|inactive|superseriousboi has 30 seconds left.\n|\n|t:|1700351449\n|switch|p1a: Sinistcha|Sinistcha, L50|100\/100\n|move|p2b: Sinistcha|Rage Powder|p2b: Sinistcha\n|-singleturn|p2b: Sinistcha|move: Rage Powder\n|move|p2a: Iron Hands|Drain Punch|p1b: Klefki\n|-damage|p1b: Klefki|0 fnt\n|-heal|p2a: Iron Hands|67\/100|[from] drain|[of] p1b: Klefki\n|faint|p1b: Klefki\n|\n|upkeep\n|\n|t:|1700351472\n|switch|p1b: Glimmora|Glimmora, L50, M|100\/100\n|turn|4\n|\n|t:|1700351484\n|move|p1a: Sinistcha|Rage Powder|p1a: Sinistcha\n|-singleturn|p1a: Sinistcha|move: Rage Powder\n|cant|p2b: Sinistcha|par\n|move|p2a: Iron Hands|Drain Punch|p1a: Sinistcha\n|-immune|p1a: Sinistcha\n|move|p1b: Glimmora|Sludge Bomb|p2a: Iron Hands\n|-damage|p2a: Iron Hands|36\/100\n|-status|p2a: Iron Hands|psn\n|\n|-damage|p2a: Iron Hands|24\/100 psn|[from] psn\n|upkeep\n|turn|5\n|\n|t:|1700351507\n|move|p1a: Sinistcha|Rage Powder|p1a: Sinistcha\n|-singleturn|p1a: Sinistcha|move: Rage Powder\n|move|p2b: Sinistcha|Calm Mind|p2b: Sinistcha\n|-boost|p2b: Sinistcha|spa|1\n|-boost|p2b: Sinistcha|spd|1\n|move|p2a: Iron Hands|Thunder Punch|p1a: Sinistcha\n|-resisted|p1a: Sinistcha\n|-damage|p1a: Sinistcha|32\/100\n|move|p1b: Glimmora|Sludge Bomb|p2a: Iron Hands\n|-damage|p2a: Iron Hands|0 fnt\n|faint|p2a: Iron Hands\n|-end|p2a: Iron Hands|Quark Drive|[silent]\n|\n|-fieldend|move: Trick Room\n|upkeep\n|\n|t:|1700351522\n|switch|p2a: Ursaluna|Ursaluna-Bloodmoon, L50, M|100\/100\n|turn|6\n|\n|t:|1700351536\n|switch|p1b: Ting-Lu|Ting-Lu, L50, tera:Fire|27\/100\n|-ability|p1b: Ting-Lu|Vessel of Ruin\n|move|p1a: Sinistcha|Matcha Gotcha|p2b: Sinistcha|[spread] p2a,p2b\n|-supereffective|p2a: Ursaluna\n|-resisted|p2b: Sinistcha\n|-damage|p2a: Ursaluna|60\/100\n|-heal|p1a: Sinistcha|59\/100|[from] drain|[of] p2a: Ursaluna\n|-damage|p2b: Sinistcha|67\/100 par\n|-heal|p1a: Sinistcha|63\/100|[from] drain|[of] p2b: Sinistcha\n|move|p2a: Ursaluna|Hyper Voice|p1b: Ting-Lu|[spread] p1a,p1b\n|-damage|p1a: Sinistcha|24\/100\n|-damage|p1b: Ting-Lu|3\/100\n|-damage|p2a: Ursaluna|50\/100|[from] item: Life Orb\n|move|p2b: Sinistcha|Trick Room|p2b: Sinistcha\n|-fieldstart|move: Trick Room|[of] p2b: Sinistcha\n|\n|upkeep\n|turn|7\n|inactive|puli95 has 30 seconds left.\n|inactive|superseriousboi has 30 seconds left.\n|\n|t:|1700351572\n|switch|p1a: Glimmora|Glimmora, L50, M|100\/100\n|move|p1b: Ting-Lu|Protect|p1b: Ting-Lu\n|-singleturn|p1b: Ting-Lu|Protect\n|move|p2b: Sinistcha|Matcha Gotcha|p1a: Glimmora|[spread] p1a\n|-activate|p1b: Ting-Lu|move: Protect\n|-damage|p1a: Glimmora|67\/100\n|-heal|p2b: Sinistcha|83\/100 par|[from] drain|[of] p1a: Glimmora\n|-status|p1a: Glimmora|brn\n|move|p2a: Ursaluna|Hyper Voice|p1a: Glimmora|[spread] p1a\n|-activate|p1b: Ting-Lu|move: Protect\n|-resisted|p1a: Glimmora\n|-damage|p1a: Glimmora|41\/100 brn\n|-damage|p2a: Ursaluna|40\/100|[from] item: Life Orb\n|\n|-damage|p1a: Glimmora|35\/100 brn|[from] brn\n|upkeep\n|turn|8\n|inactive|puli95 has 30 seconds left.\n|inactive|superseriousboi has 30 seconds left.\n|inactive|superseriousboi has 20 seconds left.\n|\n|t:|1700351612\n|-terastallize|p2a: Ursaluna|Normal\n|move|p2b: Sinistcha|Matcha Gotcha|p1b: Ting-Lu|[spread] p1b\n|-miss|p2b: Sinistcha|p1a: Glimmora\n|-resisted|p1b: Ting-Lu\n|-damage|p1b: Ting-Lu|0 fnt\n|-heal|p2b: Sinistcha|85\/100 par|[from] drain|[of] p1b: Ting-Lu\n|faint|p1b: Ting-Lu\n|move|p2a: Ursaluna|Hyper Voice|p1a: Glimmora\n|-resisted|p1a: Glimmora\n|-damage|p1a: Glimmora|0 fnt\n|faint|p1a: Glimmora\n|-damage|p2a: Ursaluna|30\/100|[from] item: Life Orb\n|\n|upkeep\n|\n|t:|1700351627\n|switch|p1b: Sinistcha|Sinistcha, L50|24\/100\n|turn|9\n|-message|puli95 forfeited.\n|\n|win|superseriousboi\n|raw|puli95's rating: 1320 &rarr; <strong>1302<\/strong><br \/>(-18 for losing)\n|raw|superseriousboi's rating: 1350 &rarr; <strong>1368<\/strong><br \/>(+18 for winning)\n|l|\u2606puli95\n","uploadtime":1700351641,"views":13,"p1id":"puli95","p2id":"superseriousboi","formatid":"gen9vgc2023regulatione","rating":1302,"private":0,"password":""}