{"id":"gen9vgc2023regulatione-1999241594","p1":"matthewssandslash","p2":"Umbrian","format":"[Gen 9] VGC 2023 Regulation E","log":"|j|\u2606matthewssandslash\n|j|\u2606Umbrian\n|t:|1701049672\n|gametype|doubles\n|player|p1|matthewssandslash|265|\n|player|p2|Umbrian|adaman|\n|teamsize|p1|6\n|teamsize|p2|6\n|gen|9\n|tier|[Gen 9] VGC 2023 Regulation E\n|rule|Species Clause: Limit one of each Pok\u00e9mon\n|rule|Item Clause: Limit one of each item\n|clearpoke\n|poke|p1|Sliggoo-Hisui, L50, M|\n|poke|p1|Spinarak, L50, F|\n|poke|p1|Ribombee, L50, F|\n|poke|p1|Toxicroak, L50, F|\n|poke|p1|Mabosstiff, L50, M|\n|poke|p1|Piloswine, L50, F|\n|poke|p2|Weezing-Galar, L50, F|\n|poke|p2|Grafaiai, L50, F|\n|poke|p2|Flareon, L50, M|\n|poke|p2|Golem, L50, M|\n|poke|p2|Squawkabilly-Blue, L50, F|\n|poke|p2|Weavile, L50, M|\n|teampreview|4\n|c|\u2606matthewssandslash|sorry about that\n|c|\u2606matthewssandslash|had to go for the double protect, it was my wincon\n|c|\u2606matthewssandslash|I kept expecting scarf sqwuak\n|j| Memes4.0\n|c|\u2606matthewssandslash|come to think of it, it might actually still be scarf lmao\n|c|\u2606matthewssandslash|anyway did you figure out it's choice band sliggoo?\n|c|\u2606Umbrian|i did\n|c| Memes4.0|Every mon is scarf until proven otherwide\n|c|\u2606matthewssandslash|fr fr\n|c| Memes4.0|Otherwise\n|\n|t:|1701049791\n|start\n|switch|p1a: Trouble|Toxicroak, L50, F|100\/100\n|switch|p1b: With The|Mabosstiff, L50, M|100\/100\n|switch|p2a: Matthew|Weavile, L50, M|100\/100\n|switch|p2b: Mat|Grafaiai, L50, F|100\/100\n|-ability|p2a: Matthew|Pressure\n|-ability|p1b: With The|Intimidate|boost\n|-fail|p2a: Matthew|unboost|[from] item: Clear Amulet|[of] p2a: Matthew\n|-unboost|p2b: Mat|atk|1\n|turn|1\n|c|\u2606matthewssandslash|clear amulet!\n|\n|t:|1701049824\n|move|p2a: Matthew|Fake Out|p1a: Trouble\n|-damage|p1a: Trouble|81\/100\n|move|p2b: Mat|U-turn|p1b: With The\n|-supereffective|p1b: With The\n|-damage|p1b: With The|66\/100\n|\n|t:|1701049829\n|switch|p2b: Mateo|Squawkabilly-Blue, L50, F|100\/100|[from] U-turn\n|-ability|p2b: Mateo|Intimidate|boost\n|-unboost|p1a: Trouble|atk|1\n|-unboost|p1b: With The|atk|1\n|cant|p1a: Trouble|flinch\n|move|p1b: With The|Psychic Fangs|p2b: Mateo\n|-damage|p2b: Mateo|69\/100\n|\n|upkeep\n|turn|2\n|c|\u2606matthewssandslash|anyway are you aware that weavile's base speed is one higher than ribombee?\n|c|\u2606matthewssandslash|(yes you are lol)\n|c|\u2606Umbrian|lol\n|c|\u2606matthewssandslash|better question\n|\n|t:|1701049877\n|switch|p1a: He|Spinarak, L50, F|100\/100\n|switch|p1b: Has|Ribombee, L50, F|100\/100\n|move|p2a: Matthew|Icicle Crash|p1a: He\n|-damage|p1a: He|22\/100\n|move|p2b: Mateo|U-turn|p1b: Has\n|-resisted|p1b: Has\n|-damage|p1b: Has|86\/100\n|c|\u2606matthewssandslash|are you aware of how annoying that is\n|\n|t:|1701049885\n|switch|p2b: Matt|Golem, L50, M|100\/100|[from] U-turn\n|\n|upkeep\n|turn|3\n|c|\u2606matthewssandslash|double pivots??\n|c|\u2606Umbrian|we turnin\n|\n|t:|1701049916\n|switch|p2a: Mat|Grafaiai, L50, F|100\/100\n|move|p1b: Has|U-turn|p2a: Mat\n|-resisted|p2a: Mat\n|-damage|p2a: Mat|89\/100\n|\n|t:|1701049921\n|switch|p1b: With The|Mabosstiff, L50, M|66\/100|[from] U-turn\n|-ability|p1b: With The|Intimidate|boost\n|-unboost|p2a: Mat|atk|1\n|-unboost|p2b: Matt|atk|1\n|move|p1a: He|Lunge|p2b: Matt\n|-damage|p2b: Matt|86\/100\n|-unboost|p2b: Matt|atk|1\n|move|p2b: Matt|Rock Slide|p1b: With The|[spread] p1a,p1b\n|-supereffective|p1a: He\n|-damage|p1a: He|0 fnt\n|-damage|p1b: With The|46\/100\n|faint|p1a: He\n|\n|upkeep\n|\n|t:|1701049945\n|switch|p1a: Trouble|Toxicroak, L50, F|81\/100\n|turn|4\n|\n|t:|1701049956\n|switch|p2a: Mateo|Squawkabilly-Blue, L50, F|69\/100\n|-ability|p2a: Mateo|Intimidate|boost\n|-unboost|p1a: Trouble|atk|1\n|-unboost|p1b: With The|atk|1\n|move|p1a: Trouble|Drain Punch|p2a: Mateo\n|-damage|p2a: Mateo|31\/100\n|-heal|p1a: Trouble|100\/100|[from] drain|[of] p2a: Mateo\n|move|p1b: With The|Psychic Fangs|p2a: Mateo\n|-damage|p2a: Mateo|0 fnt\n|faint|p2a: Mateo\n|move|p2b: Matt|Body Press|p1b: With The\n|-supereffective|p1b: With The\n|-damage|p1b: With The|0 fnt\n|faint|p1b: With The\n|\n|upkeep\n|c|\u2606matthewssandslash|alas\n|\n|t:|1701049985\n|switch|p2a: Matthew|Weavile, L50, M|100\/100\n|switch|p1b: Has|Ribombee, L50, F|86\/100\n|-ability|p2a: Matthew|Pressure\n|turn|5\n|c|\u2606matthewssandslash|also that's like zero bulk ribombee lmao\n|\n|t:|1701050011\n|switch|p2b: Mat|Grafaiai, L50, F|89\/100\n|-terastallize|p1b: Has|Ghost\n|-terastallize|p2a: Matthew|Ice\n|move|p1b: Has|Moonblast|p2a: Matthew\n|-crit|p2a: Matthew\n|-damage|p2a: Matthew|16\/100\n|move|p2a: Matthew|Icicle Crash|p1b: Has\n|-damage|p1b: Has|0 fnt\n|faint|p1b: Has\n|move|p1a: Trouble|Knock Off|p2a: Matthew\n|-damage|p2a: Matthew|0 fnt\n|-enditem|p2a: Matthew|Clear Amulet|[from] move: Knock Off|[of] p1a: Trouble\n|faint|p2a: Matthew\n|\n|upkeep\n|\n|t:|1701050019\n|switch|p2a: Matt|Golem, L50, M|86\/100\n|turn|6\n|c|\u2606Umbrian|crit was rude\n|c|\u2606matthewssandslash|hmm\n|c|\u2606matthewssandslash|problematic here\n|c|\u2606matthewssandslash|nah that definitely kills\n|c|\u2606matthewssandslash|he says confidently\n|\n|t:|1701050051\n|move|p2b: Mat|Super Fang|p1a: Trouble\n|-damage|p1a: Trouble|51\/100\n|move|p1a: Trouble|Knock Off|p2a: Matt\n|-damage|p2a: Matt|71\/100\n|-enditem|p2a: Matt|Weakness Policy|[from] move: Knock Off|[of] p1a: Trouble\n|move|p2a: Matt|High Horsepower|p1a: Trouble\n|-supereffective|p1a: Trouble\n|-damage|p1a: Trouble|0 fnt\n|faint|p1a: Trouble\n|\n|win|Umbrian\n|c|\u2606matthewssandslash|oof\n|c|\u2606matthewssandslash|gg\n|c|\u2606Umbrian|gg\n|l| Memes4.0\n","uploadtime":1701050063,"views":3,"p1id":"matthewssandslash","p2id":"umbrian","formatid":"gen9vgc2023regulatione","rating":0,"private":0,"password":""}