{"id":"gen9vgc2023regulatione-1993015242","p1":"hash brown enjoyer","p2":"stottzy","format":"[Gen 9] VGC 2023 Regulation E","log":"|j|\u2606hash brown enjoyer\n|j|\u2606stottzy\n|n|\u2606hash brown enjoyer|hashbrownenjoyer\n|n|\u2606stottzy|stottzy\n|html|View the match progress at <a href=\"\/game-bestof3-gen9vgc2023regulatione-1993015241\">game-bestof3-gen9vgc2023regulatione-1993015241<\/a>\n|t:|1700255671\n|gametype|doubles\n|player|p1|hash brown enjoyer|ingo|\n|player|p2|stottzy|102|\n|teamsize|p1|6\n|teamsize|p2|6\n|gen|9\n|tier|[Gen 9] VGC 2023 Regulation E\n|rule|Species Clause: Limit one of each Pok\u00e9mon\n|rule|Item Clause: Limit one of each item\n|clearpoke\n|poke|p1|Rillaboom, L50, M|\n|poke|p1|Chandelure, L50, F|\n|poke|p1|Bruxish, L50, F|\n|poke|p1|Kleavor, L50, M|\n|poke|p1|Sneasler, L50, M|\n|poke|p1|Salamence, L50, M|\n|poke|p2|Urshifu-*, L50, F|\n|poke|p2|Tornadus, L50, M|\n|poke|p2|Raichu, L50, F|\n|poke|p2|Skeledirge, L50, M|\n|poke|p2|Cetitan, L50, F|\n|poke|p2|Frosmoth, L50, M|\n|teampreview|4\n|j| Memes4.0\n|c|\u2606stottzy|glhf!\n|c|\u2606hash brown enjoyer|glhf!\n|\n|t:|1700255728\n|start\n|switch|p1a: Rillaboom|Rillaboom, L50, M|100\/100\n|switch|p1b: Chandelure|Chandelure, L50, F|100\/100\n|switch|p2a: Tornadus|Tornadus, L50, M|100\/100\n|switch|p2b: Frosmoth|Frosmoth, L50, M|100\/100\n|-fieldstart|move: Grassy Terrain|[from] ability: Grassy Surge|[of] p1a: Rillaboom\n|turn|1\n|\n|t:|1700255752\n|move|p1a: Rillaboom|Fake Out|p2b: Frosmoth\n|-damage|p2b: Frosmoth|84\/100\n|move|p2a: Tornadus|Tailwind|p2a: Tornadus\n|-sidestart|p2: stottzy|move: Tailwind\n|cant|p2b: Frosmoth|flinch\n|move|p1b: Chandelure|Overheat|p2a: Tornadus\n|-damage|p2a: Tornadus|20\/100\n|-unboost|p1b: Chandelure|spa|2\n|\n|-heal|p2b: Frosmoth|90\/100|[from] Grassy Terrain\n|-heal|p2b: Frosmoth|96\/100|[from] item: Leftovers\n|upkeep\n|turn|2\n|\n|t:|1700255769\n|move|p2b: Frosmoth|Wide Guard|p2b: Frosmoth\n|-singleturn|p2b: Frosmoth|Wide Guard\n|move|p1a: Rillaboom|Grassy Glide|p2a: Tornadus\n|-resisted|p2a: Tornadus\n|-damage|p2a: Tornadus|0 fnt\n|faint|p2a: Tornadus\n|move|p1b: Chandelure|Overheat|p2b: Frosmoth\n|-supereffective|p2b: Frosmoth\n|-damage|p2b: Frosmoth|24\/100\n|-unboost|p1b: Chandelure|spa|2\n|\n|-heal|p2b: Frosmoth|30\/100|[from] Grassy Terrain\n|-heal|p2b: Frosmoth|36\/100|[from] item: Leftovers\n|upkeep\n|\n|t:|1700255777\n|switch|p2a: Cetitan|Cetitan, L50, F|100\/100\n|turn|3\n|\n|t:|1700255803\n|-terastallize|p2a: Cetitan|Water\n|move|p1a: Rillaboom|Grassy Glide|p2b: Frosmoth\n|-resisted|p2b: Frosmoth\n|-damage|p2b: Frosmoth|10\/100\n|move|p2a: Cetitan|Ice Spinner|p1b: Chandelure\n|-resisted|p1b: Chandelure\n|-damage|p1b: Chandelure|81\/100\n|-fieldend|move: Grassy Terrain\n|move|p2b: Frosmoth|Snowscape|p2b: Frosmoth\n|-weather|Snow\n|move|p1b: Chandelure|Will-O-Wisp|p2a: Cetitan\n|-status|p2a: Cetitan|brn\n|\n|-weather|Snow|[upkeep]\n|-heal|p2b: Frosmoth|16\/100|[from] item: Leftovers\n|-damage|p2a: Cetitan|94\/100 brn|[from] brn\n|upkeep\n|turn|4\n|\n|t:|1700255822\n|switch|p1a: Kleavor|Kleavor, L50, M|100\/100\n|move|p2b: Frosmoth|Wide Guard|p2b: Frosmoth\n|-singleturn|p2b: Frosmoth|Wide Guard\n|move|p2a: Cetitan|Ice Spinner|p1a: Kleavor\n|-damage|p1a: Kleavor|74\/100\n|move|p1b: Chandelure|Overheat|p2b: Frosmoth\n|-supereffective|p2b: Frosmoth\n|-damage|p2b: Frosmoth|0 fnt\n|-unboost|p1b: Chandelure|spa|2\n|faint|p2b: Frosmoth\n|\n|-weather|Snow|[upkeep]\n|-damage|p2a: Cetitan|88\/100 brn|[from] brn\n|-sideend|p2: stottzy|move: Tailwind\n|upkeep\n|\n|t:|1700255832\n|switch|p2b: Urshifu|Urshifu-Rapid-Strike, L50, F|100\/100\n|turn|5\n|\n|t:|1700255850\n|-terastallize|p1a: Kleavor|Grass\n|move|p2a: Cetitan|Liquidation|p1b: Chandelure\n|-supereffective|p1b: Chandelure\n|-damage|p1b: Chandelure|43\/100\n|-enditem|p1b: Chandelure|Sitrus Berry|[eat]\n|-heal|p1b: Chandelure|68\/100|[from] item: Sitrus Berry\n|move|p1a: Kleavor|Tera Blast|p2a: Cetitan|[anim] Tera Blast Grass\n|-supereffective|p2a: Cetitan\n|-damage|p2a: Cetitan|2\/100 brn\n|-enditem|p2a: Cetitan|Sitrus Berry|[eat]\n|-heal|p2a: Cetitan|27\/100 brn|[from] item: Sitrus Berry\n|move|p2b: Urshifu|Surging Strikes|p1a: Kleavor\n|-resisted|p1a: Kleavor\n|-crit|p1a: Kleavor\n|-damage|p1a: Kleavor|59\/100\n|-resisted|p1a: Kleavor\n|-crit|p1a: Kleavor\n|-damage|p1a: Kleavor|45\/100\n|-resisted|p1a: Kleavor\n|-crit|p1a: Kleavor\n|-damage|p1a: Kleavor|31\/100\n|-hitcount|p1a: Kleavor|3\n|move|p1b: Chandelure|Will-O-Wisp|p2b: Urshifu\n|-status|p2b: Urshifu|brn\n|\n|-weather|Snow|[upkeep]\n|-damage|p2a: Cetitan|21\/100 brn|[from] brn\n|-damage|p2b: Urshifu|94\/100 brn|[from] brn\n|upkeep\n|turn|6\n|\n|t:|1700255885\n|switch|p1b: Rillaboom|Rillaboom, L50, M|100\/100\n|-fieldstart|move: Grassy Terrain|[from] ability: Grassy Surge|[of] p1b: Rillaboom\n|move|p2b: Urshifu|Protect|p2b: Urshifu\n|-singleturn|p2b: Urshifu|Protect\n|move|p2a: Cetitan|Earthquake|p1b: Rillaboom|[spread] p1a,p1b\n|-activate|p2b: Urshifu|move: Protect\n|-resisted|p1a: Kleavor\n|-resisted|p1b: Rillaboom\n|-damage|p1a: Kleavor|27\/100\n|-damage|p1b: Rillaboom|97\/100\n|move|p1a: Kleavor|Tera Blast|p2a: Cetitan|[anim] Tera Blast Grass\n|-supereffective|p2a: Cetitan\n|-damage|p2a: Cetitan|0 fnt\n|faint|p2a: Cetitan\n|\n|-weather|Snow|[upkeep]\n|-heal|p1a: Kleavor|33\/100|[from] Grassy Terrain\n|-heal|p2b: Urshifu|100\/100 brn|[from] Grassy Terrain\n|-heal|p1b: Rillaboom|100\/100|[from] Grassy Terrain\n|-damage|p2b: Urshifu|94\/100 brn|[from] brn\n|upkeep\n|turn|7\n|\n|t:|1700255901\n|move|p1a: Kleavor|Tera Blast|p2b: Urshifu|[anim] Tera Blast Grass\n|-supereffective|p2b: Urshifu\n|-damage|p2b: Urshifu|0 fnt\n|faint|p2b: Urshifu\n|\n|win|hash brown enjoyer\n|c|\u2606hash brown enjoyer|gg\n|c|\u2606stottzy|gg\n|c|&|\/uhtml prompt-hashbrownenjoyer,hash brown enjoyer is ready for game 2!\n|c|&|\/uhtml prompt-stottzy,stottzy is ready for game 2!\nBoth players are ready! Starting next match!\n|j| Iltimpano\n|l| Iltimpano\n","uploadtime":1700255916,"views":46,"p1id":"hashbrownenjoyer","p2id":"stottzy","formatid":"gen9vgc2023regulatione","rating":0,"private":0,"password":""}