{"id":"gen9vgc2023regulatione-1989041943","p1":"Profily","p2":"gurupatak","format":"[Gen 9] VGC 2023 Regulation E","log":"|j|\u2606Profily\n|j|\u2606gurupatak\n|t:|1699805646\n|gametype|doubles\n|player|p1|Profily|hilbert|1464\n|player|p2|gurupatak|101|1564\n|teamsize|p1|6\n|teamsize|p2|6\n|gen|9\n|tier|[Gen 9] VGC 2023 Regulation E\n|rated|\n|rule|Species Clause: Limit one of each Pok\u00e9mon\n|rule|Item Clause: Limit one of each item\n|clearpoke\n|poke|p1|Spinarak, L50, M|\n|poke|p1|Tatsugiri-Droopy, L50, M|\n|poke|p1|Arcanine-Hisui, L50, M|\n|poke|p1|Lurantis, L50, F|\n|poke|p1|Armarouge, L50, M|\n|poke|p1|Farigiraf, L50, M|\n|poke|p2|Dondozo, L50, M|\n|poke|p2|Tatsugiri, L50, M|\n|poke|p2|Chien-Pao, L50|\n|poke|p2|Dragonite, L50, F|\n|poke|p2|Chi-Yu, L50|\n|poke|p2|Tornadus, L50, M|\n|teampreview|4\n|inactive|Battle timer is ON: inactive players will automatically lose when time's up. (requested by Profily)\n|inactive|Profily has 60 seconds left.\n|\n|t:|1699805682\n|start\n|switch|p1a: Farigiraf|Farigiraf, L50, M|100\/100\n|switch|p1b: Arcanine|Arcanine-Hisui, L50, M|100\/100\n|switch|p2a: Tornadus|Tornadus, L50, M|100\/100\n|switch|p2b: Chi-Yu|Chi-Yu, L50|100\/100\n|-ability|p1b: Arcanine|Intimidate|boost\n|-unboost|p2a: Tornadus|atk|1\n|-unboost|p2b: Chi-Yu|atk|1\n|-ability|p2b: Chi-Yu|Beads of Ruin\n|turn|1\n|\n|t:|1699805693\n|move|p2a: Tornadus|Sunny Day|p2a: Tornadus\n|-weather|SunnyDay\n|move|p1b: Arcanine|Rock Slide|p2a: Tornadus|[spread] p2a,p2b\n|-supereffective|p2a: Tornadus\n|-supereffective|p2b: Chi-Yu\n|-damage|p2a: Tornadus|19\/100\n|-damage|p2b: Chi-Yu|8\/100\n|cant|p2b: Chi-Yu|flinch\n|move|p1a: Farigiraf|Trick Room|p1a: Farigiraf\n|-fieldstart|move: Trick Room|[of] p1a: Farigiraf\n|\n|-weather|SunnyDay|[upkeep]\n|upkeep\n|turn|2\n|\n|t:|1699805705\n|switch|p1b: Spinarak|Spinarak, L50, M, shiny|100\/100\n|move|p2a: Tornadus|Protect|p2a: Tornadus\n|-singleturn|p2a: Tornadus|Protect\n|move|p1a: Farigiraf|Hyper Voice|p2b: Chi-Yu|[spread] p2b\n|-activate|p2a: Tornadus|move: Protect\n|-damage|p2b: Chi-Yu|0 fnt\n|faint|p2b: Chi-Yu\n|\n|-weather|SunnyDay|[upkeep]\n|upkeep\n|\n|t:|1699805710\n|switch|p2b: Dondozo|Dondozo, L50, M|100\/100\n|turn|3\n|\n|t:|1699805714\n|switch|p2a: Tatsugiri|Tatsugiri, L50, M|100\/100\n|-activate|p2a: Tatsugiri|ability: Commander|[of] p2b: Dondozo\n|-boost|p2b: Dondozo|atk|2\n|-boost|p2b: Dondozo|spa|2\n|-boost|p2b: Dondozo|spe|2\n|-boost|p2b: Dondozo|def|2\n|-boost|p2b: Dondozo|spd|2\n|move|p1b: Spinarak|Acid Spray|p2b: Dondozo\n|-damage|p2b: Dondozo|97\/100\n|-unboost|p2b: Dondozo|spd|2\n|move|p1a: Farigiraf|Hyper Voice|p2b: Dondozo|[spread] p2b\n|-miss|p1a: Farigiraf|p2a: Tatsugiri\n|-damage|p2b: Dondozo|64\/100\n|move|p2b: Dondozo|Earthquake|p1b: Spinarak|[spread] p1a,p1b\n|-miss|p2b: Dondozo|p2a: Tatsugiri\n|-damage|p1a: Farigiraf|53\/100\n|-damage|p1b: Spinarak|57\/100\n|\n|-weather|SunnyDay|[upkeep]\n|-heal|p2b: Dondozo|70\/100|[from] item: Leftovers\n|upkeep\n|turn|4\n|\n|t:|1699805724\n|move|p1b: Spinarak|Acid Spray|p2b: Dondozo\n|-damage|p2b: Dondozo|63\/100\n|-unboost|p2b: Dondozo|spd|2\n|move|p1a: Farigiraf|Hyper Voice|p2b: Dondozo|[spread] p2b\n|-miss|p1a: Farigiraf|p2a: Tatsugiri\n|-damage|p2b: Dondozo|0 fnt\n|faint|p2b: Dondozo\n|\n|-weather|SunnyDay|[upkeep]\n|upkeep\n|c|\u2606gurupatak|bruh\n|c|\u2606gurupatak|that one flinch\n|\n|t:|1699805737\n|switch|p2b: Tornadus|Tornadus, L50, M|19\/100\n|turn|5\n|\n|t:|1699805753\n|-terastallize|p1b: Spinarak|Steel\n|-terastallize|p2a: Tatsugiri|Steel\n|move|p2b: Tornadus|Protect|p2b: Tornadus\n|-singleturn|p2b: Tornadus|Protect\n|move|p1b: Spinarak|Acid Spray|p2a: Tatsugiri\n|-immune|p2a: Tatsugiri\n|move|p1a: Farigiraf|Hyper Voice|p2b: Tornadus|[spread] p2a\n|-activate|p2b: Tornadus|move: Protect\n|-resisted|p2a: Tatsugiri\n|-damage|p2a: Tatsugiri|80\/100\n|move|p2a: Tatsugiri|Muddy Water|p1a: Farigiraf|[spread] p1a,p1b\n|-damage|p1a: Farigiraf|36\/100\n|-damage|p1b: Spinarak|32\/100\n|\n|-weather|none\n|-fieldend|move: Trick Room\n|upkeep\n|turn|6\n|\n|t:|1699805772\n|move|p2a: Tatsugiri|Muddy Water|p1b: Spinarak|[spread] p1b\n|-miss|p2a: Tatsugiri|p1a: Farigiraf\n|-damage|p1b: Spinarak|0 fnt\n|faint|p1b: Spinarak\n|move|p2b: Tornadus|Bleakwind Storm|p1a: Farigiraf\n|-damage|p1a: Farigiraf|0 fnt\n|faint|p1a: Farigiraf\n|\n|upkeep\n|\n|t:|1699805773\n|switch|p1a: Tatsugiri|Tatsugiri-Droopy, L50, M|100\/100\n|switch|p1b: Arcanine|Arcanine-Hisui, L50, M|100\/100\n|-ability|p1b: Arcanine|Intimidate|boost\n|-unboost|p2a: Tatsugiri|atk|1\n|-unboost|p2b: Tornadus|atk|1\n|turn|7\n|\n|t:|1699805780\n|move|p2a: Tatsugiri|Muddy Water|p1b: Arcanine|[spread] p1b\n|-ability|p1a: Tatsugiri|Storm Drain|boost\n|-boost|p1a: Tatsugiri|spa|1\n|-supereffective|p1b: Arcanine\n|-damage|p1b: Arcanine|0 fnt\n|faint|p1b: Arcanine\n|move|p2b: Tornadus|Bleakwind Storm|p1a: Tatsugiri\n|-damage|p1a: Tatsugiri|49\/100\n|-unboost|p1a: Tatsugiri|spe|1\n|move|p1a: Tatsugiri|Muddy Water|p2b: Tornadus|[spread] p2a,p2b\n|-damage|p2a: Tatsugiri|14\/100\n|-damage|p2b: Tornadus|0 fnt\n|faint|p2b: Tornadus\n|\n|-heal|p1a: Tatsugiri|55\/100|[from] item: Leftovers\n|upkeep\n|turn|8\n|\n|t:|1699805786\n|move|p2a: Tatsugiri|Muddy Water|p1a: Tatsugiri\n|-ability|p1a: Tatsugiri|Storm Drain|boost\n|-boost|p1a: Tatsugiri|spa|1\n|move|p1a: Tatsugiri|Muddy Water|p2a: Tatsugiri\n|-damage|p2a: Tatsugiri|0 fnt\n|faint|p2a: Tatsugiri\n|\n|win|Profily\n|raw|Profily's rating: 1464 &rarr; <strong>1490<\/strong><br \/>(+26 for winning)\n|raw|gurupatak's rating: 1564 &rarr; <strong>1538<\/strong><br \/>(-26 for losing)\n","uploadtime":1699805789,"views":16,"p1id":"profily","p2id":"gurupatak","formatid":"gen9vgc2023regulatione","rating":1490,"private":0,"password":""}