{"id":"gen9vgc2023regulatione-1989329418","p1":"bway","p2":"semiconfused","format":"[Gen 9] VGC 2023 Regulation E","log":"|j|\u2606bway\n|j|\u2606semiconfused\n|t:|1699837030\n|gametype|doubles\n|player|p1|bway|265|1098\n|player|p2|semiconfused|brycen|1045\n|teamsize|p1|6\n|teamsize|p2|6\n|gen|9\n|tier|[Gen 9] VGC 2023 Regulation E\n|rated|\n|rule|Species Clause: Limit one of each Pok\u00e9mon\n|rule|Item Clause: Limit one of each item\n|clearpoke\n|poke|p1|Piplup, L50, M|\n|poke|p1|Farigiraf, L50, M|\n|poke|p1|Sinistcha, L50|\n|poke|p1|Iron Hands, L50|\n|poke|p1|Ogerpon-Hearthflame, L50, F|\n|poke|p1|Landorus-Therian, L50, M|\n|poke|p2|Landorus-Therian, L50, M|\n|poke|p2|Heatran, L50, F|\n|poke|p2|Rillaboom, L50, F|\n|poke|p2|Ogerpon-Hearthflame, L50, F|\n|poke|p2|Iron Bundle, L50|\n|poke|p2|Iron Hands, L50|\n|teampreview|4\nbway rejected open team sheets.\n|\n|t:|1699837059\n|start\n|switch|p1a: Farigiraf|Farigiraf, L50, M|100\/100\n|switch|p1b: Piplup|Piplup, L50, M|100\/100\n|switch|p2a: Iron Hands|Iron Hands, L50|100\/100\n|switch|p2b: Heatran|Heatran, L50, F|100\/100\n|turn|1\n|\n|t:|1699837084\n|move|p2b: Heatran|Heat Wave|p1b: Piplup|[spread] p1a,p1b\n|-resisted|p1b: Piplup\n|-damage|p1a: Farigiraf|43\/100\n|-damage|p1b: Piplup|59\/100\n|-damage|p2b: Heatran|91\/100|[from] item: Life Orb\n|move|p2a: Iron Hands|Drain Punch|p1a: Farigiraf\n|-damage|p1a: Farigiraf|1\/100\n|move|p1b: Piplup|Yawn|p2b: Heatran\n|-start|p2b: Heatran|move: Yawn|[of] p1b: Piplup\n|move|p1a: Farigiraf|Trick Room|p1a: Farigiraf\n|-fieldstart|move: Trick Room|[of] p1a: Farigiraf\n|\n|upkeep\n|turn|2\n|\n|t:|1699837112\n|switch|p2b: Ogerpon|Ogerpon-Hearthflame, L50, F|100\/100\n|-ability|p2b: Ogerpon|Mold Breaker\n|move|p1b: Piplup|Yawn|p2a: Iron Hands\n|-start|p2a: Iron Hands|move: Yawn|[of] p1b: Piplup\n|move|p1a: Farigiraf|Psychic|p2a: Iron Hands\n|-supereffective|p2a: Iron Hands\n|-damage|p2a: Iron Hands|51\/100\n|move|p2a: Iron Hands|Drain Punch|p1b: Piplup\n|-damage|p1b: Piplup|0 fnt\n|-heal|p2a: Iron Hands|66\/100|[from] drain|[of] p1b: Piplup\n|faint|p1b: Piplup\n|\n|upkeep\n|\n|t:|1699837128\n|switch|p1b: Iron Hands|Iron Hands, L50|100\/100\n|turn|3\n|\n|t:|1699837138\n|-end|p2a: Iron Hands|Quark Drive|[silent]\n|switch|p2a: Landorus|Landorus-Therian, L50, M|100\/100\n|-ability|p2a: Landorus|Intimidate|boost\n|-unboost|p1a: Farigiraf|atk|1\n|-unboost|p1b: Iron Hands|atk|1\n|move|p2b: Ogerpon|Spiky Shield|p2b: Ogerpon\n|-singleturn|p2b: Ogerpon|move: Protect\n|move|p1b: Iron Hands|Fake Out|p2a: Landorus\n|-damage|p2a: Landorus|89\/100\n|move|p1a: Farigiraf|Psychic|p2a: Landorus\n|-damage|p2a: Landorus|36\/100\n|\n|upkeep\n|turn|4\n|\n|t:|1699837156\n|-end|p1b: Iron Hands|Quark Drive|[silent]\n|switch|p1b: Landorus|Landorus-Therian, L50, M|100\/100\n|-ability|p1b: Landorus|Intimidate|boost\n|-unboost|p2a: Landorus|atk|1\n|-unboost|p2b: Ogerpon|atk|1\n|move|p1a: Farigiraf|Psychic|p2b: Ogerpon\n|-damage|p2b: Ogerpon|55\/100\n|-unboost|p2b: Ogerpon|spd|1\n|move|p2b: Ogerpon|Ivy Cudgel|p1a: Farigiraf\n|-crit|p1a: Farigiraf\n|-damage|p1a: Farigiraf|0 fnt\n|faint|p1a: Farigiraf\n|move|p2a: Landorus|U-turn|p1b: Landorus\n|-resisted|p1b: Landorus\n|-damage|p1b: Landorus|89\/100\n|\n|t:|1699837168\n|switch|p2a: Iron Hands|Iron Hands, L50|66\/100|[from] U-turn\n|\n|upkeep\n|\n|t:|1699837172\n|switch|p1a: Iron Hands|Iron Hands, L50|100\/100\n|turn|5\n|\n|t:|1699837193\n|move|p2b: Ogerpon|Spiky Shield|p2b: Ogerpon\n|-singleturn|p2b: Ogerpon|move: Protect\n|move|p2a: Iron Hands|Fake Out|p1b: Landorus\n|-crit|p1b: Landorus\n|-damage|p1b: Landorus|62\/100\n|move|p1a: Iron Hands|Drain Punch|p2a: Iron Hands\n|-damage|p2a: Iron Hands|35\/100\n|cant|p1b: Landorus|flinch\n|\n|-fieldend|move: Trick Room\n|upkeep\n|turn|6\n|inactive|Battle timer is ON: inactive players will automatically lose when time's up. (requested by bway)\n|\n|t:|1699837219\n|switch|p2b: Landorus|Landorus-Therian, L50, M|36\/100\n|-ability|p2b: Landorus|Intimidate|boost\n|-unboost|p1a: Iron Hands|atk|1\n|-unboost|p1b: Landorus|atk|1\n|move|p1b: Landorus|Stomping Tantrum|p2b: Landorus\n|-immune|p2b: Landorus\n|move|p2a: Iron Hands|Drain Punch|p1a: Iron Hands\n|-damage|p1a: Iron Hands|71\/100\n|-heal|p2a: Iron Hands|49\/100|[from] drain|[of] p1a: Iron Hands\n|move|p1a: Iron Hands|Drain Punch|p2b: Landorus\n|-resisted|p2b: Landorus\n|-damage|p2b: Landorus|20\/100\n|-heal|p1a: Iron Hands|78\/100|[from] drain|[of] p2b: Landorus\n|\n|upkeep\n|turn|7\n|inactive|semiconfused has 30 seconds left.\n|\n|t:|1699837251\n|switch|p2b: Heatran|Heatran, L50, F|91\/100\n|move|p1b: Landorus|Stomping Tantrum|p2a: Iron Hands\n|-supereffective|p2a: Iron Hands\n|-damage|p2a: Iron Hands|0 fnt\n|faint|p2a: Iron Hands\n|-end|p2a: Iron Hands|Quark Drive|[silent]\n|move|p1a: Iron Hands|Drain Punch|p2b: Heatran\n|-supereffective|p2b: Heatran\n|-damage|p2b: Heatran|33\/100\n|-heal|p1a: Iron Hands|100\/100|[from] drain|[of] p2b: Heatran\n|\n|upkeep\n|\n|t:|1699837261\n|switch|p2a: Landorus|Landorus-Therian, L50, M|20\/100\n|-ability|p2a: Landorus|Intimidate|boost\n|-unboost|p1a: Iron Hands|atk|1\n|-unboost|p1b: Landorus|atk|1\n|turn|8\n|\n|t:|1699837275\n|move|p2b: Heatran|Protect|p2b: Heatran\n|-singleturn|p2b: Heatran|Protect\n|move|p1b: Landorus|Stomping Tantrum|p2a: Landorus\n|-immune|p2a: Landorus\n|move|p2a: Landorus|Stomping Tantrum|p1a: Iron Hands\n|-supereffective|p1a: Iron Hands\n|-damage|p1a: Iron Hands|42\/100\n|move|p1a: Iron Hands|Drain Punch|p2b: Heatran\n|-activate|p2b: Heatran|move: Protect\n|\n|upkeep\n|turn|9\n|\n|t:|1699837288\n|move|p1b: Landorus|Stomping Tantrum|p2b: Heatran\n|-supereffective|p2b: Heatran\n|-damage|p2b: Heatran|0 fnt\n|faint|p2b: Heatran\n|move|p2a: Landorus|Stomping Tantrum|p1a: Iron Hands\n|-supereffective|p1a: Iron Hands\n|-damage|p1a: Iron Hands|0 fnt\n|faint|p1a: Iron Hands\n|-end|p1a: Iron Hands|Quark Drive|[silent]\n|\n|upkeep\n|\n|t:|1699837294\n|switch|p2b: Ogerpon|Ogerpon-Hearthflame, L50, F|55\/100\n|-ability|p2b: Ogerpon|Mold Breaker\n|turn|10\n|\n|t:|1699837314\n|-terastallize|p1b: Landorus|Flying\n|move|p2b: Ogerpon|Spiky Shield|p2b: Ogerpon\n|-singleturn|p2b: Ogerpon|move: Protect\n|move|p1b: Landorus|Stomping Tantrum|p2b: Ogerpon\n|-activate|p2b: Ogerpon|move: Protect\n|-damage|p1b: Landorus|50\/100|[from] Spiky Shield|[of] p2b: Ogerpon\n|move|p2a: Landorus|Stomping Tantrum|p1b: Landorus\n|-immune|p1b: Landorus\n|\n|upkeep\n|turn|11\n|\n|t:|1699837331\n|move|p1b: Landorus|Stomping Tantrum|p2b: Ogerpon\n|-damage|p2b: Ogerpon|31\/100\n|move|p2a: Landorus|Stomping Tantrum|p1b: Landorus\n|-immune|p1b: Landorus\n|move|p2b: Ogerpon|Ivy Cudgel|p1b: Landorus\n|-damage|p1b: Landorus|0 fnt\n|faint|p1b: Landorus\n|\n|win|semiconfused\n|raw|bway's rating: 1098 &rarr; <strong>1070<\/strong><br \/>(-28 for losing)\n|raw|semiconfused's rating: 1045 &rarr; <strong>1083<\/strong><br \/>(+38 for winning)\n","uploadtime":1699837340,"views":11,"p1id":"bway","p2id":"semiconfused","formatid":"gen9vgc2023regulatione","rating":1070,"private":0,"password":""}