{"id":"gen9vgc2023regulatione-1991348321","p1":"LasPruebitas","p2":"biggholdfan3000","format":"[Gen 9] VGC 2023 Regulation E","log":"|j|\u2606LasPruebitas\n|j|\u2606biggholdfan3000\n|t:|1700069661\n|gametype|doubles\n|player|p1|LasPruebitas|dragontamer|1282\n|player|p2|biggholdfan3000|169|1187\n|teamsize|p1|6\n|teamsize|p2|6\n|gen|9\n|tier|[Gen 9] VGC 2023 Regulation E\n|rated|\n|rule|Species Clause: Limit one of each Pok\u00e9mon\n|rule|Item Clause: Limit one of each item\n|clearpoke\n|poke|p1|Revavroom, L50, F|\n|poke|p1|Rillaboom, L50, M|\n|poke|p1|Chien-Pao, L50|\n|poke|p1|Thundurus, L50, M|\n|poke|p1|Arcanine-Hisui, L50, F|\n|poke|p1|Ogerpon-Wellspring, L50, F|\n|poke|p2|Gholdengo, L50|\n|poke|p2|Iron Hands, L50|\n|poke|p2|Amoonguss, L50, F|\n|poke|p2|Iron Bundle, L50|\n|poke|p2|Pelipper, L50, F|\n|poke|p2|Salamence, L50, M|\n|teampreview|4\n|inactive|Battle timer is ON: inactive players will automatically lose when time's up. (requested by LasPruebitas)\n|inactive|LasPruebitas has 60 seconds left.\n|\n|t:|1700069710\n|start\n|switch|p1a: Rillaboom|Rillaboom, L50, M|100\/100\n|switch|p1b: Thundurus|Thundurus, L50, M|100\/100\n|switch|p2a: Gholdengo|Gholdengo, L50|100\/100\n|switch|p2b: Pelipper|Pelipper, L50, F|100\/100\n|-weather|RainDance|[from] ability: Drizzle|[of] p2b: Pelipper\n|-fieldstart|move: Grassy Terrain|[from] ability: Grassy Surge|[of] p1a: Rillaboom\n|turn|1\n|\n|t:|1700069728\n|move|p1b: Thundurus|Wildbolt Storm|p2a: Gholdengo|[spread] p2a,p2b\n|-supereffective|p2b: Pelipper\n|-crit|p2b: Pelipper\n|-damage|p2a: Gholdengo|62\/100\n|-enditem|p2b: Pelipper|Focus Sash\n|-damage|p2b: Pelipper|1\/100\n|move|p2a: Gholdengo|Nasty Plot|p2a: Gholdengo\n|-boost|p2a: Gholdengo|spa|2\n|move|p2b: Pelipper|Hurricane|p1a: Rillaboom\n|-supereffective|p1a: Rillaboom\n|-damage|p1a: Rillaboom|9\/100\n|move|p1a: Rillaboom|Wood Hammer|p2a: Gholdengo\n|-resisted|p2a: Gholdengo\n|-damage|p2a: Gholdengo|13\/100\n|-damage|p1a: Rillaboom|0 fnt|[from] Recoil\n|faint|p1a: Rillaboom\n|\n|-weather|RainDance|[upkeep]\n|-heal|p2a: Gholdengo|19\/100|[from] Grassy Terrain\n|-heal|p2a: Gholdengo|25\/100|[from] item: Leftovers\n|upkeep\n|\n|t:|1700069746\n|switch|p1a: Revavroom|Revavroom, L50, F|100\/100\n|turn|2\n|\n|t:|1700069754\n|move|p2b: Pelipper|Wide Guard|p2b: Pelipper\n|-singleturn|p2b: Pelipper|Wide Guard\n|move|p1b: Thundurus|Wildbolt Storm|p2b: Pelipper|[spread] \n|-activate|p2a: Gholdengo|move: Wide Guard\n|-activate|p2b: Pelipper|move: Wide Guard\n|move|p2a: Gholdengo|Shadow Ball|p1a: Revavroom\n|-damage|p1a: Revavroom|6\/100\n|move|p1a: Revavroom|Shift Gear|p1a: Revavroom\n|-boost|p1a: Revavroom|spe|2\n|-boost|p1a: Revavroom|atk|1\n|\n|-weather|RainDance|[upkeep]\n|-heal|p1a: Revavroom|12\/100|[from] Grassy Terrain\n|-heal|p1a: Revavroom|19\/100|[from] item: Leftovers\n|-heal|p2a: Gholdengo|31\/100|[from] Grassy Terrain\n|-heal|p2a: Gholdengo|37\/100|[from] item: Leftovers\n|upkeep\n|turn|3\n|inactive|LasPruebitas has 30 seconds left.\n|inactive|biggholdfan3000 has 30 seconds left.\n|inactive|LasPruebitas has 20 seconds left.\n|inactive|LasPruebitas has 15 seconds left.\n|\n|t:|1700069798\n|switch|p1b: Chien-Pao|Chien-Pao, L50|100\/100\n|-ability|p1b: Chien-Pao|Sword of Ruin\n|move|p1a: Revavroom|Protect|p1a: Revavroom\n|-singleturn|p1a: Revavroom|Protect\n|move|p2a: Gholdengo|Protect|p2a: Gholdengo\n|-singleturn|p2a: Gholdengo|Protect\n|move|p2b: Pelipper|Weather Ball|p1a: Revavroom\n|-activate|p1a: Revavroom|move: Protect\n|\n|-weather|RainDance|[upkeep]\n|-heal|p1a: Revavroom|25\/100|[from] Grassy Terrain\n|-heal|p1a: Revavroom|31\/100|[from] item: Leftovers\n|-heal|p2a: Gholdengo|43\/100|[from] Grassy Terrain\n|-heal|p2a: Gholdengo|49\/100|[from] item: Leftovers\n|upkeep\n|turn|4\n|inactive|LasPruebitas has 30 seconds left.\n|inactive|LasPruebitas has 20 seconds left.\n|inactive|LasPruebitas has 15 seconds left.\n|inactive|LasPruebitas has 10 seconds left.\n|inactive|LasPruebitas has 5 seconds left.\n|\n|t:|1700069849\n|-terastallize|p2a: Gholdengo|Dragon\n|move|p2b: Pelipper|Protect|p2b: Pelipper\n|-singleturn|p2b: Pelipper|Protect\n|move|p1a: Revavroom|Iron Head|p2a: Gholdengo\n|-damage|p2a: Gholdengo|0 fnt\n|faint|p2a: Gholdengo\n|move|p1b: Chien-Pao|Icicle Crash|p2b: Pelipper\n|-activate|p2b: Pelipper|move: Protect\n|\n|-weather|RainDance|[upkeep]\n|-heal|p1a: Revavroom|37\/100|[from] Grassy Terrain\n|-heal|p1a: Revavroom|44\/100|[from] item: Leftovers\n|upkeep\n|\n|t:|1700069863\n|switch|p2a: Iron Hands|Iron Hands, L50|100\/100\n|turn|5\n|\n|t:|1700069880\n|switch|p1b: Thundurus|Thundurus, L50, M|100\/100\n|move|p1a: Revavroom|Protect|p1a: Revavroom\n|-singleturn|p1a: Revavroom|Protect\n|move|p2b: Pelipper|Weather Ball|p1a: Revavroom\n|-activate|p1a: Revavroom|move: Protect\n|move|p2a: Iron Hands|Drain Punch|p1b: Thundurus\n|-resisted|p1b: Thundurus\n|-crit|p1b: Thundurus\n|-damage|p1b: Thundurus|61\/100\n|\n|-weather|none\n|-heal|p1a: Revavroom|50\/100|[from] Grassy Terrain\n|-heal|p1a: Revavroom|56\/100|[from] item: Leftovers\n|-fieldend|move: Grassy Terrain\n|upkeep\n|turn|6\n|\n|t:|1700069903\n|switch|p2b: Salamence|Salamence, L50, M|100\/100\n|-ability|p2b: Salamence|Intimidate|boost\n|-unboost|p1a: Revavroom|atk|1\n|-unboost|p1b: Thundurus|atk|1\n|move|p1b: Thundurus|Leer|p2b: Salamence|[spread] p2a,p2b\n|-unboost|p2a: Iron Hands|def|1\n|-unboost|p2b: Salamence|def|1\n|move|p1a: Revavroom|Iron Head|p2b: Salamence\n|-damage|p2b: Salamence|34\/100\n|move|p2a: Iron Hands|Wild Charge|p1a: Revavroom\n|-damage|p1a: Revavroom|0 fnt\n|faint|p1a: Revavroom\n|-damage|p2a: Iron Hands|90\/100|[from] Recoil\n|\n|upkeep\n|\n|t:|1700069915\n|switch|p1a: Chien-Pao|Chien-Pao, L50|100\/100\n|-ability|p1a: Chien-Pao|Sword of Ruin\n|turn|7\n|\n|t:|1700069935\n|-terastallize|p1a: Chien-Pao|Ghost\n|move|p2b: Salamence|Iron Head|p1a: Chien-Pao\n|-damage|p1a: Chien-Pao|62\/100\n|move|p1a: Chien-Pao|Icicle Crash|p2a: Iron Hands\n|-damage|p2a: Iron Hands|31\/100\n|move|p1b: Thundurus|Wildbolt Storm|p2a: Iron Hands|[spread] p2a,p2b\n|-resisted|p2a: Iron Hands\n|-damage|p2a: Iron Hands|21\/100\n|-damage|p2b: Salamence|0 fnt\n|faint|p2b: Salamence\n|cant|p2a: Iron Hands|flinch\n|\n|upkeep\n|\n|t:|1700069947\n|switch|p2b: Pelipper|Pelipper, L50, F|1\/100\n|-weather|RainDance|[from] ability: Drizzle|[of] p2b: Pelipper\n|turn|8\n|\n|t:|1700069967\n|move|p1a: Chien-Pao|Sacred Sword|p2a: Iron Hands\n|-damage|p2a: Iron Hands|0 fnt\n|faint|p2a: Iron Hands\n|-end|p2a: Iron Hands|Quark Drive|[silent]\n|move|p1b: Thundurus|Wildbolt Storm|p2b: Pelipper\n|-supereffective|p2b: Pelipper\n|-damage|p2b: Pelipper|0 fnt\n|faint|p2b: Pelipper\n|\n|win|LasPruebitas\n|raw|LasPruebitas's rating: 1282 &rarr; <strong>1300<\/strong><br \/>(+18 for winning)\n|raw|biggholdfan3000's rating: 1187 &rarr; <strong>1169<\/strong><br \/>(-18 for losing)\n|l|\u2606biggholdfan3000\n","uploadtime":1700070098,"views":7,"p1id":"laspruebitas","p2id":"biggholdfan3000","formatid":"gen9vgc2023regulatione","rating":1169,"private":0,"password":""}