{"id":"gen9vgc2023regulatione-1998942730","p1":"LePixsel","p2":"SuitedTrainer01","format":"[Gen 9] VGC 2023 Regulation E","log":"|j|\u2606LePixsel\n|j|\u2606SuitedTrainer01\n|t:|1701015934\n|gametype|doubles\n|player|p1|LePixsel|102|\n|player|p2|SuitedTrainer01|sada-ai|\n|teamsize|p1|6\n|teamsize|p2|6\n|gen|9\n|tier|[Gen 9] VGC 2023 Regulation E\n|rule|Species Clause: Limit one of each Pok\u00e9mon\n|rule|Item Clause: Limit one of each item\n|clearpoke\n|poke|p1|Urshifu-*, L50, F|\n|poke|p1|Ursaluna, L50, F|\n|poke|p1|Iron Bundle, L50|\n|poke|p1|Regidrago, L50|\n|poke|p1|Cresselia, L50, F|\n|poke|p1|Iron Hands, L50|\n|poke|p2|Milotic, L50, M|\n|poke|p2|Illumise, L50, F|\n|poke|p2|Gardevoir, L50, F|\n|poke|p2|Ogerpon, L50, F|\n|poke|p2|Haxorus, L50, M|\n|poke|p2|Ditto, L50|\n|teampreview|4\n|inactive|Battle timer is ON: inactive players will automatically lose when time's up. (requested by LePixsel)\n|\n|t:|1701015997\n|start\n|switch|p1a: Urshifu|Urshifu, L50, F|100\/100\n|switch|p1b: Cresselia|Cresselia, L50, F, shiny|100\/100\n|switch|p2a: Queen|Gardevoir, L50, F|100\/100\n|switch|p2b: Purple Mage|Illumise, L50, F|100\/100\n|-ability|p2a: Queen|Levitate|[from] ability: Trace|[of] p1b: Cresselia\n|turn|1\n|j| ImTheSorrow\n|inactive|SuitedTrainer01 has 30 seconds left.\n|inactive|LePixsel has 30 seconds left.\n|inactive|LePixsel has 20 seconds left.\n|inactive|LePixsel has 15 seconds left.\n|\n|t:|1701016043\n|move|p2b: Purple Mage|Tailwind|p2b: Purple Mage\n|-sidestart|p2: SuitedTrainer01|move: Tailwind\n|move|p1a: Urshifu|Poison Jab|p2a: Queen\n|-supereffective|p2a: Queen\n|-damage|p2a: Queen|6\/100\n|move|p2a: Queen|Moonblast|p1a: Urshifu\n|-supereffective|p1a: Urshifu\n|-damage|p1a: Urshifu|0 fnt\n|faint|p1a: Urshifu\n|-damage|p2a: Queen|0 fnt|[from] item: Life Orb\n|faint|p2a: Queen\n|move|p1b: Cresselia|Trick Room|p1b: Cresselia\n|-fieldstart|move: Trick Room|[of] p1b: Cresselia\n|\n|upkeep\n|\n|t:|1701016057\n|switch|p2a: Sportsball|Milotic, L50, M, shiny|100\/100\n|switch|p1a: Iron Hands|Iron Hands, L50|100\/100\n|turn|2\n|\n|t:|1701016076\n|-terastallize|p2a: Sportsball|Fairy\n|move|p1b: Cresselia|Helping Hand|p1a: Iron Hands\n|-singleturn|p1a: Iron Hands|Helping Hand|[of] p1b: Cresselia\n|move|p2a: Sportsball|Protect|p2a: Sportsball\n|-singleturn|p2a: Sportsball|Protect\n|move|p2b: Purple Mage|Encore|p1b: Cresselia\n|-start|p1b: Cresselia|Encore\n|-enditem|p1b: Cresselia|Mental Herb\n|-end|p1b: Cresselia|Encore\n|move|p1a: Iron Hands|Wild Charge|p2a: Sportsball\n|-activate|p2a: Sportsball|move: Protect\n|\n|-status|p2a: Sportsball|brn|[from] item: Flame Orb\n|upkeep\n|turn|3\n|inactive|SuitedTrainer01 has 30 seconds left.\n|\n|t:|1701016107\n|move|p2b: Purple Mage|Helping Hand|p2a: Sportsball\n|-singleturn|p2a: Sportsball|Helping Hand|[of] p2b: Purple Mage\n|move|p1b: Cresselia|Helping Hand|p1a: Iron Hands\n|-singleturn|p1a: Iron Hands|Helping Hand|[of] p1b: Cresselia\n|move|p1a: Iron Hands|Heavy Slam|p2a: Sportsball\n|-supereffective|p2a: Sportsball\n|-damage|p2a: Sportsball|54\/100 brn\n|move|p2a: Sportsball|Draining Kiss|p1a: Iron Hands\n|-supereffective|p1a: Iron Hands\n|-damage|p1a: Iron Hands|69\/100\n|-heal|p2a: Sportsball|83\/100 brn|[from] drain|[of] p1a: Iron Hands\n|\n|-damage|p2a: Sportsball|77\/100 brn|[from] brn\n|upkeep\n|turn|4\n|\n|t:|1701016127\n|-terastallize|p1a: Iron Hands|Grass\n|move|p2b: Purple Mage|Helping Hand|p2a: Sportsball\n|-singleturn|p2a: Sportsball|Helping Hand|[of] p2b: Purple Mage\n|move|p1b: Cresselia|Helping Hand|p1a: Iron Hands\n|-singleturn|p1a: Iron Hands|Helping Hand|[of] p1b: Cresselia\n|move|p1a: Iron Hands|Heavy Slam|p2a: Sportsball\n|-supereffective|p2a: Sportsball\n|-damage|p2a: Sportsball|34\/100 brn\n|move|p2a: Sportsball|Draining Kiss|p1a: Iron Hands\n|-damage|p1a: Iron Hands|53\/100\n|-heal|p2a: Sportsball|48\/100 brn|[from] drain|[of] p1a: Iron Hands\n|\n|-damage|p2a: Sportsball|42\/100 brn|[from] brn\n|-sideend|p2: SuitedTrainer01|move: Tailwind\n|upkeep\n|turn|5\n|j| Kurona25\n|inactive|SuitedTrainer01 has 30 seconds left.\n|c|\u2606LePixsel|i have to sleep\n|c|\u2606LePixsel|soon\n|inactive|SuitedTrainer01 has 20 seconds left.\n|\n|t:|1701016163\n|switch|p2a: Ana|Ogerpon, L50, F|100\/100\n|move|p1b: Cresselia|Helping Hand|p1a: Iron Hands\n|-singleturn|p1a: Iron Hands|Helping Hand|[of] p1b: Cresselia\n|move|p2b: Purple Mage|Encore|p1a: Iron Hands\n|-start|p1a: Iron Hands|Encore\n|move|p1a: Iron Hands|Heavy Slam|p2b: Purple Mage\n|-damage|p2b: Purple Mage|45\/100\n|\n|-fieldend|move: Trick Room\n|upkeep\n|turn|6\n|\n|t:|1701016180\n|move|p2b: Purple Mage|Encore|p1b: Cresselia\n|-start|p1b: Cresselia|Encore\n|move|p2a: Ana|Ivy Cudgel|p1b: Cresselia\n|-damage|p1b: Cresselia|64\/100\n|move|p1a: Iron Hands|Heavy Slam|p2a: Ana\n|-damage|p2a: Ana|48\/100\n|move|p1b: Cresselia|Helping Hand||[still]\n|-fail|p1b: Cresselia\n|\n|upkeep\n|turn|7\n|\n|t:|1701016190\n|move|p1b: Cresselia|Helping Hand|p1a: Iron Hands\n|-singleturn|p1a: Iron Hands|Helping Hand|[of] p1b: Cresselia\n|move|p2a: Ana|Spiky Shield|p2a: Ana\n|-singleturn|p2a: Ana|move: Protect\n|move|p2b: Purple Mage|Baton Pass|p2b: Purple Mage\n|\n|t:|1701016194\n|switch|p2b: Sportsball|Milotic, L50, M, shiny, tera:Fairy|42\/100 brn|[from] Baton Pass\n|move|p1a: Iron Hands|Heavy Slam|p2a: Ana\n|-activate|p2a: Ana|move: Protect\n|-damage|p1a: Iron Hands|41\/100|[from] Spiky Shield|[of] p2a: Ana\n|\n|-damage|p2b: Sportsball|36\/100 brn|[from] brn\n|-end|p1a: Iron Hands|Encore\n|upkeep\n|turn|8\n|\n|t:|1701016204\n|move|p1b: Cresselia|Helping Hand|p1a: Iron Hands\n|-singleturn|p1a: Iron Hands|Helping Hand|[of] p1b: Cresselia\n|move|p2a: Ana|Follow Me|p2a: Ana\n|-singleturn|p2a: Ana|move: Follow Me\n|move|p2b: Sportsball|Scald|p1a: Iron Hands\n|-resisted|p1a: Iron Hands\n|-damage|p1a: Iron Hands|32\/100\n|move|p1a: Iron Hands|Heavy Slam|p2a: Ana\n|-damage|p2a: Ana|0 fnt\n|faint|p2a: Ana\n|\n|-damage|p2b: Sportsball|30\/100 brn|[from] brn\n|-end|p1b: Cresselia|Encore\n|upkeep\n|\n|t:|1701016212\n|switch|p2a: Purple Mage|Illumise, L50, F|45\/100\n|turn|9\n|\n|t:|1701016218\n|move|p2a: Purple Mage|Helping Hand|p2b: Sportsball\n|-singleturn|p2b: Sportsball|Helping Hand|[of] p2a: Purple Mage\n|move|p1b: Cresselia|Helping Hand|p1a: Iron Hands\n|-singleturn|p1a: Iron Hands|Helping Hand|[of] p1b: Cresselia\n|move|p2b: Sportsball|Draining Kiss|p1a: Iron Hands\n|-damage|p1a: Iron Hands|15\/100\n|-heal|p2b: Sportsball|46\/100 brn|[from] drain|[of] p1a: Iron Hands\n|move|p1a: Iron Hands|Heavy Slam|p2b: Sportsball\n|-supereffective|p2b: Sportsball\n|-damage|p2b: Sportsball|4\/100 brn\n|\n|-damage|p2b: Sportsball|0 fnt|[from] brn\n|faint|p2b: Sportsball\n|upkeep\n|turn|10\n|\n|t:|1701016230\n|move|p2a: Purple Mage|Helping Hand|p2: Sportsball|[notarget]\n|-fail|p2a: Purple Mage\n|move|p1b: Cresselia|Helping Hand|p1a: Iron Hands\n|-singleturn|p1a: Iron Hands|Helping Hand|[of] p1b: Cresselia\n|move|p1a: Iron Hands|Drain Punch|p2a: Purple Mage\n|-resisted|p2a: Purple Mage\n|-damage|p2a: Purple Mage|15\/100\n|-heal|p1a: Iron Hands|25\/100|[from] drain|[of] p2a: Purple Mage\n|\n|upkeep\n|turn|11\n|\n|t:|1701016239\n|move|p2a: Purple Mage|Helping Hand|p2: Sportsball|[notarget]\n|-fail|p2a: Purple Mage\n|move|p1b: Cresselia|Helping Hand|p1a: Iron Hands\n|-singleturn|p1a: Iron Hands|Helping Hand|[of] p1b: Cresselia\n|move|p1a: Iron Hands|Wild Charge|p2a: Purple Mage\n|-crit|p2a: Purple Mage\n|-damage|p2a: Purple Mage|0 fnt\n|faint|p2a: Purple Mage\n|-damage|p1a: Iron Hands|23\/100|[from] Recoil\n|\n|win|LePixsel\n","uploadtime":1701016250,"views":28,"p1id":"lepixsel","p2id":"suitedtrainer01","formatid":"gen9vgc2023regulatione","rating":0,"private":0,"password":""}