{"id":"gen9vgc2023regulatione-1998791267","p1":"zombieaussie","p2":"krystofire88","format":"[Gen 9] VGC 2023 Regulation E","log":"|j|\u2606zombieaussie\n|j|\u2606krystofire88\n|t:|1700991668\n|gametype|doubles\n|player|p1|zombieaussie|265|1072\n|player|p2|krystofire88|lance|1047\n|teamsize|p1|6\n|teamsize|p2|6\n|gen|9\n|tier|[Gen 9] VGC 2023 Regulation E\n|rated|\n|rule|Species Clause: Limit one of each Pok\u00e9mon\n|rule|Item Clause: Limit one of each item\n|clearpoke\n|poke|p1|Espathra, L50, F|\n|poke|p1|Corviknight, L50, M|\n|poke|p1|Regieleki, L50|\n|poke|p1|Ursaluna, L50, M|\n|poke|p1|Skeledirge, L50, F|\n|poke|p1|Appletun, L50, F|\n|poke|p2|Urshifu-*, L50, F|\n|poke|p2|Scovillain, L50, M|\n|poke|p2|Cetitan, L50, F|\n|poke|p2|Ninetales-Alola, L50, M|\n|poke|p2|Heatran, L50, M|\n|poke|p2|Flutter Mane, L50|\n|teampreview|4\n|inactive|Battle timer is ON: inactive players will automatically lose when time's up. (requested by krystofire88)\n|inactive|zombieaussie has 60 seconds left.\n|\n|t:|1700991700\n|start\n|switch|p1a: Regieleki|Regieleki, L50|100\/100\n|switch|p1b: Espathra|Espathra, L50, F, shiny|100\/100\n|switch|p2a: Heatran|Heatran, L50, M|100\/100\n|switch|p2b: Scovillain|Scovillain, L50, M|100\/100\n|turn|1\n|\n|t:|1700991715\n|move|p1b: Espathra|Protect|p1b: Espathra\n|-singleturn|p1b: Espathra|Protect\n|move|p1a: Regieleki|Electroweb|p2b: Scovillain|[spread] p2b\n|-miss|p1a: Regieleki|p2a: Heatran\n|-resisted|p2b: Scovillain\n|-damage|p2b: Scovillain|75\/100\n|move|p2b: Scovillain|Fire Blast|p2a: Heatran\n|-start|p2a: Heatran|ability: Flash Fire\n|move|p2a: Heatran|Earth Power|p1a: Regieleki\n|-supereffective|p1a: Regieleki\n|-damage|p1a: Regieleki|0 fnt\n|faint|p1a: Regieleki\n|\n|-ability|p1b: Espathra|Speed Boost|boost\n|-boost|p1b: Espathra|spe|1\n|-ability|p2b: Scovillain|Moody|boost\n|-boost|p2b: Scovillain|spe|2\n|-unboost|p2b: Scovillain|atk|1\n|-enditem|p1b: Espathra|Mirror Herb\n|-boost|p1b: Espathra|spe|2|[from] item: Mirror Herb\n|upkeep\n|\n|t:|1700991727\n|switch|p1a: Skeledirge|Skeledirge, L50, F|100\/100\n|turn|2\n|\n|t:|1700991750\n|move|p1b: Espathra|Stored Power|p2b: Scovillain\n|-damage|p2b: Scovillain|15\/100\n|move|p2b: Scovillain|Fire Blast|p1b: Espathra|[miss]\n|-miss|p2b: Scovillain|p1b: Espathra\n|move|p2a: Heatran|Earth Power|p1a: Skeledirge\n|-supereffective|p1a: Skeledirge\n|-damage|p1a: Skeledirge|23\/100\n|move|p1a: Skeledirge|Earth Power|p2a: Heatran\n|-supereffective|p2a: Heatran\n|-damage|p2a: Heatran|10\/100\n|-enditem|p2a: Heatran|Weakness Policy\n|-boost|p2a: Heatran|atk|2|[from] item: Weakness Policy\n|-boost|p2a: Heatran|spa|2|[from] item: Weakness Policy\n|\n|-heal|p1a: Skeledirge|29\/100|[from] item: Leftovers\n|-ability|p1b: Espathra|Speed Boost|boost\n|-boost|p1b: Espathra|spe|1\n|-ability|p2b: Scovillain|Moody|boost\n|-boost|p2b: Scovillain|spa|2\n|-unboost|p2b: Scovillain|spd|1\n|upkeep\n|turn|3\n|inactive|zombieaussie has 30 seconds left.\n|inactive|krystofire88 has 30 seconds left.\n|inactive|krystofire88 has 20 seconds left.\n|\n|t:|1700991789\n|move|p1b: Espathra|Stored Power|p2a: Heatran\n|-resisted|p2a: Heatran\n|-damage|p2a: Heatran|0 fnt\n|faint|p2a: Heatran\n|move|p2b: Scovillain|Stomping Tantrum|p1a: Skeledirge\n|-supereffective|p1a: Skeledirge\n|-damage|p1a: Skeledirge|0 fnt\n|faint|p1a: Skeledirge\n|\n|-ability|p1b: Espathra|Speed Boost|boost\n|-boost|p1b: Espathra|spe|1\n|-ability|p2b: Scovillain|Moody|boost\n|-boost|p2b: Scovillain|spa|2\n|-unboost|p2b: Scovillain|def|1\n|upkeep\n|\n|t:|1700991801\n|switch|p2a: Urshifu|Urshifu-Rapid-Strike, L50, F|100\/100\n|switch|p1a: Corviknight|Corviknight, L50, M, shiny|100\/100\n|turn|4\n|\n|t:|1700991813\n|-terastallize|p1b: Espathra|Fairy\n|move|p1b: Espathra|Dazzling Gleam|p2a: Urshifu|[spread] p2a,p2b\n|-supereffective|p2a: Urshifu\n|-resisted|p2b: Scovillain\n|-damage|p2a: Urshifu|25\/100\n|-damage|p2b: Scovillain|0 fnt\n|faint|p2b: Scovillain\n|move|p2a: Urshifu|Swords Dance|p2a: Urshifu\n|-boost|p2a: Urshifu|atk|2\n|move|p1a: Corviknight|Bulk Up|p1a: Corviknight\n|-boost|p1a: Corviknight|atk|1\n|-boost|p1a: Corviknight|def|1\n|\n|-ability|p1b: Espathra|Speed Boost|boost\n|-boost|p1b: Espathra|spe|1\n|upkeep\n|\n|t:|1700991825\n|switch|p2b: Flutter Mane|Flutter Mane, L50|100\/100\n|-enditem|p2b: Flutter Mane|Booster Energy\n|-activate|p2b: Flutter Mane|ability: Protosynthesis|[fromitem]\n|-start|p2b: Flutter Mane|protosynthesisspe\n|turn|5\n|\n|t:|1700991839\n|move|p2a: Urshifu|Aqua Jet|p1b: Espathra\n|-damage|p1b: Espathra|21\/100\n|-damage|p2a: Urshifu|15\/100|[from] item: Life Orb\n|move|p1b: Espathra|Dazzling Gleam|p2a: Urshifu|[spread] p2a,p2b\n|-supereffective|p2a: Urshifu\n|-damage|p2a: Urshifu|0 fnt\n|-damage|p2b: Flutter Mane|70\/100\n|faint|p2a: Urshifu\n|move|p2b: Flutter Mane|Mystical Fire|p1a: Corviknight\n|-supereffective|p1a: Corviknight\n|-damage|p1a: Corviknight|61\/100\n|-ability|p1a: Corviknight|Mirror Armor\n|-unboost|p2b: Flutter Mane|spa|1\n|move|p1a: Corviknight|Iron Head|p2b: Flutter Mane\n|-supereffective|p2b: Flutter Mane\n|-damage|p2b: Flutter Mane|0 fnt\n|faint|p2b: Flutter Mane\n|-end|p2b: Flutter Mane|Protosynthesis|[silent]\n|\n|win|zombieaussie\n|raw|zombieaussie's rating: 1072 &rarr; <strong>1099<\/strong><br \/>(+27 for winning)\n|raw|krystofire88's rating: 1047 &rarr; <strong>1031<\/strong><br \/>(-16 for losing)\n|c|\u2606zombieaussie|gg\n","uploadtime":1700991859,"views":20,"p1id":"zombieaussie","p2id":"krystofire88","formatid":"gen9vgc2023regulatione","rating":1031,"private":0,"password":""}