{"id":"gen9vgc2023regulatione-1991009503","p1":"chulomalo","p2":"diegodm2694","format":"[Gen 9] VGC 2023 Regulation E","log":"|j|\u2606chulomalo\n|j|\u2606diegodm2694\n|t:|1700027304\n|gametype|doubles\n|player|p1|chulomalo|170|1540\n|player|p2|diegodm2694|101|1578\n|teamsize|p1|6\n|teamsize|p2|6\n|gen|9\n|tier|[Gen 9] VGC 2023 Regulation E\n|rated|\n|rule|Species Clause: Limit one of each Pok\u00e9mon\n|rule|Item Clause: Limit one of each item\n|clearpoke\n|poke|p1|Flutter Mane, L50|\n|poke|p1|Tornadus, L50, M|\n|poke|p1|Urshifu-*, L50, F|\n|poke|p1|Arcanine-Hisui, L50, M|\n|poke|p1|Chien-Pao, L50|\n|poke|p1|Rillaboom, L50, M|\n|poke|p2|Clefairy, L50, M|\n|poke|p2|Roaring Moon, L50|\n|poke|p2|Flutter Mane, L50|\n|poke|p2|Heatran, L50, F|\n|poke|p2|Ogerpon-Hearthflame, L50, F|\n|poke|p2|Urshifu-*, L50, F|\n|teampreview|4\n|\n|t:|1700027332\n|start\n|switch|p1a: Tornadus|Tornadus, L50, M|100\/100\n|switch|p1b: Urshifu|Urshifu-Rapid-Strike, L50, F|100\/100\n|switch|p2a: Roaring Moon|Roaring Moon, L50|100\/100\n|switch|p2b: Urshifu|Urshifu-Rapid-Strike, L50, F|100\/100\n|-enditem|p2a: Roaring Moon|Booster Energy\n|-activate|p2a: Roaring Moon|ability: Protosynthesis|[fromitem]\n|-start|p2a: Roaring Moon|protosynthesisspe\n|turn|1\n|\n|t:|1700027343\n|move|p1a: Tornadus|Tailwind|p1a: Tornadus\n|-sidestart|p1: chulomalo|move: Tailwind\n|move|p2a: Roaring Moon|Tailwind|p2a: Roaring Moon\n|-sidestart|p2: diegodm2694|move: Tailwind\n|move|p2b: Urshifu|Close Combat|p1b: Urshifu\n|-damage|p1b: Urshifu|39\/100\n|-unboost|p2b: Urshifu|def|1\n|-unboost|p2b: Urshifu|spd|1\n|move|p1b: Urshifu|Close Combat|p2a: Roaring Moon\n|-supereffective|p2a: Roaring Moon\n|-damage|p2a: Roaring Moon|0 fnt\n|-unboost|p1b: Urshifu|def|1\n|-unboost|p1b: Urshifu|spd|1\n|faint|p2a: Roaring Moon\n|-end|p2a: Roaring Moon|Protosynthesis|[silent]\n|\n|upkeep\n|\n|t:|1700027354\n|switch|p2a: Flutter Mane|Flutter Mane, L50|100\/100\n|turn|2\n|\n|t:|1700027361\n|move|p1b: Urshifu|Aqua Jet|p2a: Flutter Mane\n|-crit|p2a: Flutter Mane\n|-damage|p2a: Flutter Mane|6\/100\n|move|p2a: Flutter Mane|Dazzling Gleam|p1a: Tornadus|[spread] p1a,p1b\n|-supereffective|p1b: Urshifu\n|-damage|p1a: Tornadus|42\/100\n|-damage|p1b: Urshifu|0 fnt\n|faint|p1b: Urshifu\n|move|p2b: Urshifu|Surging Strikes|p1a: Tornadus\n|-crit|p1a: Tornadus\n|-damage|p1a: Tornadus|20\/100\n|-damage|p2b: Urshifu|84\/100|[from] item: Rocky Helmet|[of] p1a: Tornadus\n|-crit|p1a: Tornadus\n|-damage|p1a: Tornadus|0 fnt\n|-damage|p2b: Urshifu|68\/100|[from] item: Rocky Helmet|[of] p1a: Tornadus\n|faint|p1a: Tornadus\n|-hitcount|p1: Tornadus|2\n|\n|upkeep\n|\n|t:|1700027375\n|switch|p1a: Valeripsilon|Flutter Mane, L50|100\/100\n|switch|p1b: Arcanine-XVI|Arcanine-Hisui, L50, M|100\/100\n|-ability|p1b: Arcanine-XVI|Intimidate|boost\n|-unboost|p2a: Flutter Mane|atk|1\n|-unboost|p2b: Urshifu|atk|1\n|-enditem|p1a: Valeripsilon|Booster Energy\n|-activate|p1a: Valeripsilon|ability: Protosynthesis|[fromitem]\n|-start|p1a: Valeripsilon|protosynthesisspa\n|turn|3\n|\n|t:|1700027391\n|-terastallize|p1b: Arcanine-XVI|Normal\n|move|p2b: Urshifu|Protect|p2b: Urshifu\n|-singleturn|p2b: Urshifu|Protect\n|move|p1b: Arcanine-XVI|Extreme Speed|p2b: Urshifu\n|-activate|p2b: Urshifu|move: Protect\n|move|p2a: Flutter Mane|Dazzling Gleam|p1a: Valeripsilon|[spread] p1a,p1b\n|-damage|p1a: Valeripsilon|58\/100\n|-damage|p1b: Arcanine-XVI|42\/100\n|move|p1a: Valeripsilon|Dazzling Gleam|p2b: Urshifu|[spread] p2a\n|-activate|p2b: Urshifu|move: Protect\n|-damage|p2a: Flutter Mane|0 fnt\n|faint|p2a: Flutter Mane\n|-end|p2a: Flutter Mane|Protosynthesis|[silent]\n|\n|upkeep\n|j| 5Sscreen\n|\n|t:|1700027404\n|switch|p2a: Ogerpon|Ogerpon-Hearthflame, L50, F|100\/100\n|-ability|p2a: Ogerpon|Mold Breaker\n|turn|4\n|\n|t:|1700027424\n|-terastallize|p2a: Ogerpon|Fire\n|detailschange|p2a: Ogerpon|Ogerpon-Hearthflame-Tera, L50, F, tera:Fire\n|-ability|p2a: Ogerpon|Embody Aspect (Hearthflame)|boost\n|-boost|p2a: Ogerpon|atk|1\n|move|p1b: Arcanine-XVI|Extreme Speed|p2b: Urshifu\n|-damage|p2b: Urshifu|0 fnt\n|faint|p2b: Urshifu\n|move|p2a: Ogerpon|Ivy Cudgel|p1a: Valeripsilon|[anim] Ivy Cudgel Fire\n|-crit|p1a: Valeripsilon\n|-damage|p1a: Valeripsilon|0 fnt\n|faint|p1a: Valeripsilon\n|-end|p1a: Valeripsilon|Protosynthesis|[silent]\n|\n|-sideend|p2: diegodm2694|move: Tailwind\n|-sideend|p1: chulomalo|move: Tailwind\n|upkeep\n|turn|5\n|\n|t:|1700027436\n|move|p2a: Ogerpon|Spiky Shield|p2a: Ogerpon\n|-singleturn|p2a: Ogerpon|move: Protect\n|move|p1b: Arcanine-XVI|Extreme Speed|p2a: Ogerpon\n|-activate|p2a: Ogerpon|move: Protect\n|-damage|p1b: Arcanine-XVI|30\/100|[from] Spiky Shield|[of] p2a: Ogerpon\n|\n|upkeep\n|turn|6\n|\n|t:|1700027443\n|move|p1b: Arcanine-XVI|Extreme Speed|p2a: Ogerpon\n|-damage|p2a: Ogerpon|17\/100\n|move|p2a: Ogerpon|Ivy Cudgel|p1b: Arcanine-XVI|[anim] Ivy Cudgel Fire\n|-crit|p1b: Arcanine-XVI\n|-damage|p1b: Arcanine-XVI|0 fnt\n|faint|p1b: Arcanine-XVI\n|\n|win|diegodm2694\n|raw|chulomalo's rating: 1540 &rarr; <strong>1522<\/strong><br \/>(-18 for losing)\n|raw|diegodm2694's rating: 1578 &rarr; <strong>1596<\/strong><br \/>(+18 for winning)\n|l|\u2606chulomalo\n","uploadtime":1700027455,"views":10,"p1id":"chulomalo","p2id":"diegodm2694","formatid":"gen9vgc2023regulatione","rating":1522,"private":0,"password":""}