{"id":"gen9vgc2023regulatione-1994172154","p1":"mrmissouri25","p2":"Aleee96","format":"[Gen 9] VGC 2023 Regulation E","log":"|j|\u2606mrmissouri25\n|j|\u2606Aleee96\n|t:|1700415161\n|gametype|doubles\n|player|p1|mrmissouri25|2|1170\n|player|p2|Aleee96|li|1130\n|teamsize|p1|6\n|teamsize|p2|6\n|gen|9\n|tier|[Gen 9] VGC 2023 Regulation E\n|rated|\n|rule|Species Clause: Limit one of each Pok\u00e9mon\n|rule|Item Clause: Limit one of each item\n|clearpoke\n|poke|p1|Slowking, L50, M|\n|poke|p1|Mudsdale, L50, M|\n|poke|p1|Roaring Moon, L50|\n|poke|p1|Iron Hands, L50|\n|poke|p1|Ninetales-Alola, L50, M|\n|poke|p1|Ogerpon-Hearthflame, L50, F|\n|poke|p2|Amoonguss, L50, F|\n|poke|p2|Iron Hands, L50|\n|poke|p2|Chien-Pao, L50|\n|poke|p2|Landorus-Therian, L50, M|\n|poke|p2|Urshifu-*, L50, M|\n|poke|p2|Flutter Mane, L50|\n|teampreview|4\n|inactive|Battle timer is ON: inactive players will automatically lose when time's up. (requested by mrmissouri25)\n|inactive|Aleee96 has 60 seconds left.\n|\n|t:|1700415205\n|start\n|switch|p1a: Slowking|Slowking, L50, M|100\/100\n|switch|p1b: Ninetales|Ninetales-Alola, L50, M|100\/100\n|switch|p2a: Landorus|Landorus-Therian, L50, M|100\/100\n|switch|p2b: Amoonguss|Amoonguss, L50, F, shiny|100\/100\n|-weather|Snow|[from] ability: Snow Warning|[of] p1b: Ninetales\n|-ability|p2a: Landorus|Intimidate|boost\n|-unboost|p1a: Slowking|atk|1\n|-unboost|p1b: Ninetales|atk|1\n|turn|1\n|l|\u2606mrmissouri25\n|inactive|mrmissouri25 disconnected and has a minute to reconnect!\n|player|p1|\n|j|\u2606mrmissouri25\n|inactive|mrmissouri25 reconnected and has 50 seconds left.\n|player|p1|mrmissouri25|2\n|inactive|Aleee96 has 30 seconds left.\n|\n|t:|1700415234\n|switch|p1a: Mudsdale|Mudsdale, L50, M|100\/100\n|-terastallize|p1b: Ninetales|Ice\n|move|p2b: Amoonguss|Protect|p2b: Amoonguss\n|-singleturn|p2b: Amoonguss|Protect\n|move|p1b: Ninetales|Blizzard|p2b: Amoonguss|[spread] p2a\n|-activate|p2b: Amoonguss|move: Protect\n|-supereffective|p2a: Landorus\n|-damage|p2a: Landorus|0 fnt\n|faint|p2a: Landorus\n|\n|-weather|Snow|[upkeep]\n|upkeep\n|\n|t:|1700415248\n|switch|p2a: Chien-Pao|Chien-Pao, L50|100\/100\n|-ability|p2a: Chien-Pao|Sword of Ruin\n|turn|2\n|\n|t:|1700415262\n|switch|p1a: Iron Hands|Iron Hands, L50|100\/100\n|move|p2b: Amoonguss|Rage Powder|p2b: Amoonguss\n|-singleturn|p2b: Amoonguss|move: Rage Powder\n|move|p2a: Chien-Pao|Sacred Sword|p1b: Ninetales\n|-supereffective|p1b: Ninetales\n|-damage|p1b: Ninetales|12\/100\n|move|p1b: Ninetales|Aurora Veil|p1b: Ninetales\n|-sidestart|p1: mrmissouri25|move: Aurora Veil\n|\n|-weather|Snow|[upkeep]\n|upkeep\n|turn|3\n|inactive|mrmissouri25 has 30 seconds left.\n|\n|t:|1700415294\n|-end|p1a: Iron Hands|Quark Drive|[silent]\n|switch|p1a: Slowking|Slowking, L50, M|100\/100\n|-terastallize|p2b: Amoonguss|Water\n|move|p2b: Amoonguss|Rage Powder|p2b: Amoonguss\n|-singleturn|p2b: Amoonguss|move: Rage Powder\n|move|p2a: Chien-Pao|Sacred Sword|p1b: Ninetales\n|-supereffective|p1b: Ninetales\n|-damage|p1b: Ninetales|0 fnt\n|faint|p1b: Ninetales\n|\n|-weather|Snow|[upkeep]\n|upkeep\n|\n|t:|1700415303\n|switch|p1b: Iron Hands|Iron Hands, L50|100\/100\n|turn|4\n|\n|t:|1700415322\n|move|p2b: Amoonguss|Protect|p2b: Amoonguss\n|-singleturn|p2b: Amoonguss|Protect\n|move|p1b: Iron Hands|Fake Out|p2b: Amoonguss\n|-activate|p2b: Amoonguss|move: Protect\n|move|p2a: Chien-Pao|Crunch|p1a: Slowking\n|-supereffective|p1a: Slowking\n|-damage|p1a: Slowking|50\/100\n|move|p1a: Slowking|Trick Room|p1a: Slowking\n|-fieldstart|move: Trick Room|[of] p1a: Slowking\n|\n|-weather|Snow|[upkeep]\n|upkeep\n|turn|5\n|\n|t:|1700415340\n|switch|p1a: Mudsdale|Mudsdale, L50, M|100\/100\n|move|p2b: Amoonguss|Spore|p1b: Iron Hands\n|-status|p1b: Iron Hands|slp|[from] move: Spore\n|cant|p1b: Iron Hands|slp\n|move|p2a: Chien-Pao|Crunch|p1a: Mudsdale\n|-crit|p1a: Mudsdale\n|-damage|p1a: Mudsdale|32\/100\n|\n|-weather|none\n|upkeep\n|turn|6\n|\n|t:|1700415364\n|switch|p2a: Urshifu|Urshifu-Rapid-Strike, L50, M|100\/100\n|move|p2b: Amoonguss|Spore|p1a: Mudsdale\n|-status|p1a: Mudsdale|slp|[from] move: Spore\n|-enditem|p1a: Mudsdale|Lum Berry|[eat]\n|-curestatus|p1a: Mudsdale|slp|[msg]\n|move|p1a: Mudsdale|Rock Slide|p2b: Amoonguss|[spread] p2a,p2b\n|-resisted|p2a: Urshifu\n|-crit|p2b: Amoonguss\n|-damage|p2a: Urshifu|90\/100\n|-damage|p2b: Amoonguss|72\/100\n|cant|p1b: Iron Hands|slp\n|\n|-sideend|p1: mrmissouri25|move: Aurora Veil\n|upkeep\n|turn|7\n|inactive|Aleee96 has 30 seconds left.\n|\n|t:|1700415391\n|switch|p2b: Chien-Pao|Chien-Pao, L50|100\/100\n|-ability|p2b: Chien-Pao|Sword of Ruin\n|move|p1a: Mudsdale|Protect|p1a: Mudsdale\n|-singleturn|p1a: Mudsdale|Protect\n|-curestatus|p1b: Iron Hands|slp|[msg]\n|move|p1b: Iron Hands|Wild Charge|p2a: Urshifu\n|-supereffective|p2a: Urshifu\n|-damage|p2a: Urshifu|0 fnt\n|faint|p2a: Urshifu\n|-damage|p1b: Iron Hands|85\/100|[from] Recoil\n|\n|upkeep\n|\n|t:|1700415404\n|switch|p2a: Amoonguss|Amoonguss, L50, F, shiny, tera:Water|100\/100\n|turn|8\n|\n|t:|1700415417\n|move|p2a: Amoonguss|Protect|p2a: Amoonguss\n|-singleturn|p2a: Amoonguss|Protect\n|move|p2b: Chien-Pao|Protect|p2b: Chien-Pao\n|-singleturn|p2b: Chien-Pao|Protect\n|move|p1a: Mudsdale|Rock Slide|p2b: Chien-Pao|[spread] \n|-activate|p2a: Amoonguss|move: Protect\n|-activate|p2b: Chien-Pao|move: Protect\n|move|p1b: Iron Hands|Wild Charge|p2a: Amoonguss\n|-activate|p2a: Amoonguss|move: Protect\n|\n|-fieldend|move: Trick Room\n|upkeep\n|turn|9\n|inactive|Aleee96 has 30 seconds left.\n|\n|t:|1700415445\n|switch|p1a: Slowking|Slowking, L50, M|84\/100\n|move|p2b: Chien-Pao|Ice Spinner|p1a: Slowking\n|-resisted|p1a: Slowking\n|-damage|p1a: Slowking|65\/100\n|move|p1b: Iron Hands|Wild Charge|p2a: Amoonguss\n|-supereffective|p2a: Amoonguss\n|-damage|p2a: Amoonguss|0 fnt\n|-damage|p1b: Iron Hands|69\/100|[from] item: Rocky Helmet|[of] p2a: Amoonguss\n|faint|p2a: Amoonguss\n|-damage|p1b: Iron Hands|48\/100|[from] Recoil\n|\n|upkeep\n|turn|10\n|-message|Aleee96 forfeited.\n|\n|win|mrmissouri25\n|raw|mrmissouri25's rating: 1170 &rarr; <strong>1192<\/strong><br \/>(+22 for winning)\n|raw|Aleee96's rating: 1130 &rarr; <strong>1108<\/strong><br \/>(-22 for losing)\n|l|\u2606Aleee96\n|c|\u2606mrmissouri25|GG\n|l|\u2606mrmissouri25\n|j|\u2606mrmissouri25\n|player|p1|mrmissouri25|2\n","uploadtime":1700415544,"views":28,"p1id":"mrmissouri25","p2id":"aleee96","formatid":"gen9vgc2023regulatione","rating":1108,"private":0,"password":""}