{"id":"gen9vgc2023regulatione-1998350611","p1":"Jadedragon61","p2":"Gudinorq","format":"[Gen 9] VGC 2023 Regulation E","log":"|j|\u2606Jadedragon61\n|j|\u2606Gudinorq\n|t:|1700932539\n|gametype|doubles\n|player|p1|Jadedragon61|colress|1460\n|player|p2|Gudinorq|169|1381\n|teamsize|p1|6\n|teamsize|p2|6\n|gen|9\n|tier|[Gen 9] VGC 2023 Regulation E\n|rated|\n|rule|Species Clause: Limit one of each Pok\u00e9mon\n|rule|Item Clause: Limit one of each item\n|clearpoke\n|poke|p1|Tyranitar, L50, F|\n|poke|p1|Rillaboom, L50, M|\n|poke|p1|Kommo-o, L50, F|\n|poke|p1|Iron Bundle, L50|\n|poke|p1|Flutter Mane, L50|\n|poke|p1|Landorus-Therian, L50, M|\n|poke|p2|Heatran, L50, M|\n|poke|p2|Urshifu-*, L50, M|\n|poke|p2|Farigiraf, L50, F|\n|poke|p2|Dragonite, L50, M|\n|poke|p2|Chien-Pao, L50|\n|poke|p2|Rillaboom, L50, F|\n|teampreview|4\nGudinorq has agreed to open team sheets.\n|inactive|Battle timer is ON: inactive players will automatically lose when time's up. (requested by Jadedragon61)\nJadedragon61 has agreed to open team sheets.\n|\n|t:|1700932587\n|start\n|switch|p1a: Fish|Flutter Mane, L50, shiny|100\/100\n|switch|p1b: Haitatsu!|Iron Bundle, L50, shiny|100\/100\n|switch|p2a: Urshifu|Urshifu-Rapid-Strike, L50, M|100\/100\n|switch|p2b: Chien-Pao|Chien-Pao, L50|100\/100\n|-ability|p2b: Chien-Pao|Sword of Ruin\n|-enditem|p1b: Haitatsu!|Booster Energy\n|-activate|p1b: Haitatsu!|ability: Quark Drive|[fromitem]\n|-start|p1b: Haitatsu!|quarkdrivespe\n|turn|1\n|inactive|Gudinorq has 30 seconds left.\n|\n|t:|1700932621\n|move|p2b: Chien-Pao|Protect|p2b: Chien-Pao\n|-singleturn|p2b: Chien-Pao|Protect\n|move|p1b: Haitatsu!|Icy Wind|p2a: Urshifu|[spread] p2a\n|-activate|p2b: Chien-Pao|move: Protect\n|-resisted|p2a: Urshifu\n|-damage|p2a: Urshifu|86\/100\n|-unboost|p2a: Urshifu|spe|1\n|move|p1a: Fish|Dazzling Gleam|p2a: Urshifu|[spread] p2a\n|-activate|p2b: Chien-Pao|move: Protect\n|-supereffective|p2a: Urshifu\n|-damage|p2a: Urshifu|0 fnt\n|faint|p2a: Urshifu\n|\n|upkeep\n|\n|t:|1700932641\n|switch|p2a: Dragonite|Dragonite, L50, M|100\/100\n|turn|2\n|inactive|Gudinorq has 30 seconds left.\n|\n|t:|1700932671\n|-end|p1b: Haitatsu!|Quark Drive|[silent]\n|switch|p1b: Jadedragon|Tyranitar, L50, F, shiny|100\/100\n|-weather|Sandstorm|[from] ability: Sand Stream|[of] p1b: Jadedragon\n|-terastallize|p1a: Fish|Fairy\n|-terastallize|p2a: Dragonite|Normal\n|move|p2a: Dragonite|Extreme Speed|p1b: Jadedragon\n|-resisted|p1b: Jadedragon\n|-damage|p1b: Jadedragon|62\/100\n|move|p2b: Chien-Pao|Icicle Crash|p1a: Fish\n|-damage|p1a: Fish|3\/100\n|move|p1a: Fish|Dazzling Gleam|p2b: Chien-Pao|[spread] p2a,p2b\n|-supereffective|p2b: Chien-Pao\n|-damage|p2a: Dragonite|41\/100\n|-enditem|p2b: Chien-Pao|Focus Sash\n|-damage|p2b: Chien-Pao|1\/100\n|\n|-weather|Sandstorm|[upkeep]\n|-damage|p2b: Chien-Pao|0 fnt|[from] Sandstorm\n|-damage|p1a: Fish|0 fnt|[from] Sandstorm\n|-damage|p2a: Dragonite|35\/100|[from] Sandstorm\n|faint|p2b: Chien-Pao\n|faint|p1a: Fish\n|-end|p1a: Fish|Protosynthesis|[silent]\n|upkeep\n|\n|t:|1700932689\n|switch|p2b: Rillaboom|Rillaboom, L50, F|100\/100\n|switch|p1a: (Not) jade dragon|Kommo-o, L50, F, shiny|100\/100\n|-fieldstart|move: Grassy Terrain|[from] ability: Grassy Surge|[of] p2b: Rillaboom\n|turn|3\n|\n|t:|1700932712\n|move|p2a: Dragonite|Extreme Speed|p1a: (Not) jade dragon\n|-damage|p1a: (Not) jade dragon|48\/100\n|move|p2b: Rillaboom|Grassy Glide|p1b: Jadedragon\n|-supereffective|p1b: Jadedragon\n|-damage|p1b: Jadedragon|0 fnt\n|faint|p1b: Jadedragon\n|move|p1a: (Not) jade dragon|Iron Defense|p1a: (Not) jade dragon\n|-boost|p1a: (Not) jade dragon|def|2\n|\n|-weather|Sandstorm|[upkeep]\n|-damage|p1a: (Not) jade dragon|42\/100|[from] Sandstorm\n|-damage|p2a: Dragonite|29\/100|[from] Sandstorm\n|-damage|p2b: Rillaboom|95\/100|[from] Sandstorm\n|-heal|p1a: (Not) jade dragon|48\/100|[from] Grassy Terrain\n|-heal|p1a: (Not) jade dragon|54\/100|[from] item: Leftovers\n|-heal|p2a: Dragonite|35\/100|[from] Grassy Terrain\n|-heal|p2b: Rillaboom|100\/100|[from] Grassy Terrain\n|upkeep\n|\n|t:|1700932718\n|switch|p1b: Haitatsu!|Iron Bundle, L50, shiny|100\/100\n|turn|4\n|\n|t:|1700932730\n|move|p2a: Dragonite|Extreme Speed|p1a: (Not) jade dragon\n|-damage|p1a: (Not) jade dragon|30\/100\n|move|p2b: Rillaboom|Grassy Glide|p1b: Haitatsu!\n|-supereffective|p1b: Haitatsu!\n|-damage|p1b: Haitatsu!|0 fnt\n|faint|p1b: Haitatsu!\n|-end|p1b: Haitatsu!|Quark Drive|[silent]\n|move|p1a: (Not) jade dragon|Iron Defense|p1a: (Not) jade dragon\n|-boost|p1a: (Not) jade dragon|def|2\n|\n|-weather|Sandstorm|[upkeep]\n|-damage|p1a: (Not) jade dragon|23\/100|[from] Sandstorm\n|-damage|p2a: Dragonite|29\/100|[from] Sandstorm\n|-damage|p2b: Rillaboom|95\/100|[from] Sandstorm\n|-heal|p1a: (Not) jade dragon|30\/100|[from] Grassy Terrain\n|-heal|p1a: (Not) jade dragon|36\/100|[from] item: Leftovers\n|-heal|p2a: Dragonite|35\/100|[from] Grassy Terrain\n|-heal|p2b: Rillaboom|100\/100|[from] Grassy Terrain\n|upkeep\n|turn|5\n|\n|t:|1700932741\n|move|p1a: (Not) jade dragon|Protect|p1a: (Not) jade dragon\n|-singleturn|p1a: (Not) jade dragon|Protect\n|move|p2a: Dragonite|Extreme Speed|p1a: (Not) jade dragon\n|-activate|p1a: (Not) jade dragon|move: Protect\n|move|p2b: Rillaboom|Wood Hammer|p1a: (Not) jade dragon\n|-activate|p1a: (Not) jade dragon|move: Protect\n|\n|-weather|Sandstorm|[upkeep]\n|-damage|p1a: (Not) jade dragon|30\/100|[from] Sandstorm\n|-damage|p2a: Dragonite|29\/100|[from] Sandstorm\n|-damage|p2b: Rillaboom|95\/100|[from] Sandstorm\n|-heal|p1a: (Not) jade dragon|36\/100|[from] Grassy Terrain\n|-heal|p1a: (Not) jade dragon|42\/100|[from] item: Leftovers\n|-heal|p2a: Dragonite|35\/100|[from] Grassy Terrain\n|-heal|p2b: Rillaboom|100\/100|[from] Grassy Terrain\n|upkeep\n|turn|6\n|\n|t:|1700932753\n|move|p2a: Dragonite|Extreme Speed|p1a: (Not) jade dragon\n|-damage|p1a: (Not) jade dragon|25\/100\n|move|p1a: (Not) jade dragon|Body Press|p2a: Dragonite\n|-supereffective|p2a: Dragonite\n|-damage|p2a: Dragonite|0 fnt\n|faint|p2a: Dragonite\n|move|p2b: Rillaboom|Wood Hammer|p1a: (Not) jade dragon\n|-resisted|p1a: (Not) jade dragon\n|-damage|p1a: (Not) jade dragon|13\/100\n|-damage|p2b: Rillaboom|98\/100|[from] Recoil\n|\n|-weather|none\n|-heal|p1a: (Not) jade dragon|20\/100|[from] Grassy Terrain\n|-heal|p1a: (Not) jade dragon|26\/100|[from] item: Leftovers\n|-heal|p2b: Rillaboom|100\/100|[from] Grassy Terrain\n|upkeep\n|turn|7\n|inactive|Gudinorq has 30 seconds left.\n|\n|t:|1700932783\n|move|p1a: (Not) jade dragon|Protect|p1a: (Not) jade dragon\n|-singleturn|p1a: (Not) jade dragon|Protect\n|move|p2b: Rillaboom|Grassy Glide|p1a: (Not) jade dragon\n|-activate|p1a: (Not) jade dragon|move: Protect\n|\n|-heal|p1a: (Not) jade dragon|32\/100|[from] Grassy Terrain\n|-heal|p1a: (Not) jade dragon|38\/100|[from] item: Leftovers\n|-fieldend|move: Grassy Terrain\n|upkeep\n|turn|8\n|\n|t:|1700932793\n|move|p1a: (Not) jade dragon|Iron Defense|p1a: (Not) jade dragon\n|-boost|p1a: (Not) jade dragon|def|2\n|move|p2b: Rillaboom|Wood Hammer|p1a: (Not) jade dragon\n|-resisted|p1a: (Not) jade dragon\n|-damage|p1a: (Not) jade dragon|32\/100\n|-damage|p2b: Rillaboom|99\/100|[from] Recoil\n|\n|-heal|p1a: (Not) jade dragon|38\/100|[from] item: Leftovers\n|upkeep\n|turn|9\n|\n|t:|1700932805\n|move|p1a: (Not) jade dragon|Protect|p1a: (Not) jade dragon\n|-singleturn|p1a: (Not) jade dragon|Protect\n|move|p2b: Rillaboom|Wood Hammer|p1a: (Not) jade dragon\n|-activate|p1a: (Not) jade dragon|move: Protect\n|\n|-heal|p1a: (Not) jade dragon|44\/100|[from] item: Leftovers\n|upkeep\n|turn|10\n|\n|t:|1700932808\n|move|p1a: (Not) jade dragon|Body Press|p2b: Rillaboom\n|-damage|p2b: Rillaboom|0 fnt\n|faint|p2b: Rillaboom\n|\n|win|Jadedragon61\n|raw|Jadedragon61's rating: 1460 &rarr; <strong>1476<\/strong><br \/>(+16 for winning)\n|raw|Gudinorq's rating: 1381 &rarr; <strong>1365<\/strong><br \/>(-16 for losing)\n|l|\u2606Gudinorq\n","uploadtime":1700932844,"views":1,"p1id":"jadedragon61","p2id":"gudinorq","formatid":"gen9vgc2023regulatione","rating":1365,"private":0,"password":""}