{"id":"gen9vgc2023regulatione-1987989731","p1":"Ubsurdnotion","p2":"Matt902","format":"[Gen 9] VGC 2023 Regulation E","log":"|j|\u2606Ubsurdnotion\n|j|\u2606Matt902\n|t:|1699656521\n|gametype|doubles\n|player|p1|Ubsurdnotion|roughneck-gen4|1098\n|player|p2|Matt902|266|1060\n|teamsize|p1|6\n|teamsize|p2|6\n|gen|9\n|tier|[Gen 9] VGC 2023 Regulation E\n|rated|\n|rule|Species Clause: Limit one of each Pok\u00e9mon\n|rule|Item Clause: Limit one of each item\n|clearpoke\n|poke|p1|Tyranitar, L50, F|\n|poke|p1|Murkrow, L50, M|\n|poke|p1|Meowscarada, L50, M|\n|poke|p1|Garchomp, L50, F|\n|poke|p1|Rotom-Wash, L50|\n|poke|p1|Arcanine-Hisui, L50, F|\n|poke|p2|Braviary-Hisui, L50, M|\n|poke|p2|Ogerpon, L50, F|\n|poke|p2|Milotic, L50, F|\n|poke|p2|Ceruledge, L50, F|\n|poke|p2|Sneasler, L50, M|\n|poke|p2|Toedscruel, L50, M|\n|teampreview|4\n|\n|t:|1699656553\n|start\n|switch|p1a: Meowscarada|Meowscarada, L50, M|100\/100\n|switch|p1b: Murkrow|Murkrow, L50, M|100\/100\n|switch|p2a: Ogerpon|Ogerpon, L50, F|100\/100\n|switch|p2b: Braviary|Braviary-Hisui, L50, M|100\/100\n|turn|1\n|\n|t:|1699656575\n|move|p2a: Ogerpon|Follow Me|p2a: Ogerpon\n|-singleturn|p2a: Ogerpon|move: Follow Me\n|move|p1b: Murkrow|Tailwind|p1b: Murkrow\n|-sidestart|p1: Ubsurdnotion|move: Tailwind\n|move|p1a: Meowscarada|U-turn|p2a: Ogerpon\n|-supereffective|p2a: Ogerpon\n|-damage|p2a: Ogerpon|58\/100\n|-damage|p1a: Meowscarada|84\/100|[from] item: Rocky Helmet|[of] p2a: Ogerpon\n|\n|t:|1699656582\n|switch|p1a: Arcanine|Arcanine-Hisui, L50, F|100\/100|[from] U-turn\n|-ability|p1a: Arcanine|Intimidate|boost\n|-unboost|p2a: Ogerpon|atk|1\n|-ability|p2a: Ogerpon|Defiant|boost\n|-boost|p2a: Ogerpon|atk|2\n|-unboost|p2b: Braviary|atk|1\n|move|p2b: Braviary|Air Slash|p1a: Arcanine|[miss]\n|-miss|p2b: Braviary|p1a: Arcanine\n|\n|upkeep\n|turn|2\n|\n|t:|1699656601\n|move|p1b: Murkrow|Foul Play|p2a: Ogerpon\n|-damage|p2a: Ogerpon|0 fnt\n|-damage|p1b: Murkrow|84\/100|[from] item: Rocky Helmet|[of] p2a: Ogerpon\n|faint|p2a: Ogerpon\n|move|p1a: Arcanine|Flare Blitz|p2b: Braviary\n|-damage|p2b: Braviary|7\/100\n|-damage|p1a: Arcanine|65\/100|[from] Recoil\n|move|p2b: Braviary|Esper Wing|p1a: Arcanine\n|-crit|p1a: Arcanine\n|-damage|p1a: Arcanine|0 fnt\n|-boost|p2b: Braviary|spe|1\n|faint|p1a: Arcanine\n|\n|upkeep\n|\n|t:|1699656616\n|switch|p1a: Meowscarada|Meowscarada, L50, M|84\/100\n|switch|p2a: Toedscruel|Toedscruel, L50, M|100\/100\n|turn|3\n|\n|t:|1699656637\n|-terastallize|p2a: Toedscruel|Ghost\n|move|p2a: Toedscruel|Rage Powder|p2a: Toedscruel\n|-singleturn|p2a: Toedscruel|move: Rage Powder\n|move|p1a: Meowscarada|Sucker Punch|p2b: Braviary\n|-supereffective|p2b: Braviary\n|-damage|p2b: Braviary|0 fnt\n|faint|p2b: Braviary\n|move|p1b: Murkrow|Taunt|p2a: Toedscruel\n|-start|p2a: Toedscruel|move: Taunt\n|\n|upkeep\n|\n|t:|1699656646\n|switch|p2b: Milotic|Milotic, L50, F|100\/100\n|turn|4\n|\n|t:|1699656653\n|-terastallize|p1a: Meowscarada|Grass\n|move|p1b: Murkrow|Taunt|p2b: Milotic\n|-start|p2b: Milotic|move: Taunt\n|move|p1a: Meowscarada|Flower Trick|p2b: Milotic\n|-supereffective|p2b: Milotic\n|-crit|p2b: Milotic\n|-damage|p2b: Milotic|0 fnt\n|faint|p2b: Milotic\n|move|p2a: Toedscruel|Sludge Bomb|p1a: Meowscarada\n|-supereffective|p1a: Meowscarada\n|-damage|p1a: Meowscarada|28\/100\n|\n|-sideend|p1: Ubsurdnotion|move: Tailwind\n|upkeep\n|turn|5\n|-message|Matt902 forfeited.\n|\n|win|Ubsurdnotion\n|raw|Ubsurdnotion's rating: 1098 &rarr; <strong>1121<\/strong><br \/>(+23 for winning)\n|raw|Matt902's rating: 1060 &rarr; <strong>1043<\/strong><br \/>(-17 for losing)\n|l|\u2606Matt902\n","uploadtime":1699656726,"views":16,"p1id":"ubsurdnotion","p2id":"matt902","formatid":"gen9vgc2023regulatione","rating":1043,"private":0,"password":""}