{"id":"gen9vgc2023regulatione-1989994570","p1":"Kagenonessho","p2":"krenitos","format":"[Gen 9] VGC 2023 Regulation E","log":"|j|\u2606Kagenonessho\n|j|\u2606krenitos\n|t:|1699913543\n|gametype|doubles\n|player|p1|Kagenonessho|102|1085\n|player|p2|krenitos|101|1100\n|teamsize|p1|6\n|teamsize|p2|6\n|gen|9\n|tier|[Gen 9] VGC 2023 Regulation E\n|rated|\n|rule|Species Clause: Limit one of each Pok\u00e9mon\n|rule|Item Clause: Limit one of each item\n|clearpoke\n|poke|p1|Tornadus, L50, M|\n|poke|p1|Landorus-Therian, L50, M|\n|poke|p1|Flutter Mane, L50|\n|poke|p1|Ogerpon-Hearthflame, L50, F|\n|poke|p1|Rillaboom, L50, M|\n|poke|p1|Chien-Pao, L50|\n|poke|p2|Ludicolo, L50, F|\n|poke|p2|Pelipper, L50, F|\n|poke|p2|Glimmora, L50, F|\n|poke|p2|Arcanine-Hisui, L50, F|\n|poke|p2|Amoonguss, L50, F|\n|poke|p2|Dusclops, L50, F|\n|teampreview|4\nKagenonessho has agreed to open team sheets.\n|inactive|Battle timer is ON: inactive players will automatically lose when time's up. (requested by krenitos)\n|\n|t:|1699913607\n|start\n|switch|p1a: Rillaboom|Rillaboom, L50, M|100\/100\n|switch|p1b: Flutter Mane|Flutter Mane, L50|100\/100\n|switch|p2a: Ludicolo|Ludicolo, L50, F|100\/100\n|switch|p2b: Pelipper|Pelipper, L50, F|100\/100\n|-fieldstart|move: Grassy Terrain|[from] ability: Grassy Surge|[of] p1a: Rillaboom\n|-weather|RainDance|[from] ability: Drizzle|[of] p2b: Pelipper\n|turn|1\n|\n|t:|1699913629\n|move|p2b: Pelipper|Protect|p2b: Pelipper\n|-singleturn|p2b: Pelipper|Protect\n|move|p2a: Ludicolo|Icy Wind|p1b: Flutter Mane|[spread] p1a\n|-miss|p2a: Ludicolo|p1b: Flutter Mane\n|-supereffective|p1a: Rillaboom\n|-damage|p1a: Rillaboom|86\/100\n|-unboost|p1a: Rillaboom|spe|1\n|-damage|p2a: Ludicolo|91\/100|[from] item: Life Orb\n|move|p1b: Flutter Mane|Thunderbolt|p2a: Ludicolo\n|-damage|p2a: Ludicolo|59\/100\n|move|p1a: Rillaboom|Wood Hammer|p2b: Pelipper\n|-activate|p2b: Pelipper|move: Protect\n|\n|-weather|RainDance|[upkeep]\n|-heal|p2a: Ludicolo|65\/100|[from] Grassy Terrain\n|-heal|p1a: Rillaboom|91\/100|[from] Grassy Terrain\n|upkeep\n|turn|2\n|inactive|krenitos has 30 seconds left.\n|inactive|Kagenonessho has 30 seconds left.\n|\n|t:|1699913660\n|-end|p1b: Flutter Mane|Protosynthesis|[silent]\n|switch|p1b: Landorus|Landorus-Therian, L50, M|100\/100\n|-ability|p1b: Landorus|Intimidate|boost\n|-unboost|p2a: Ludicolo|atk|1\n|-unboost|p2b: Pelipper|atk|1\n|switch|p2b: Glimmora|Glimmora, L50, F|100\/100\n|move|p2a: Ludicolo|Icy Wind|p1b: Landorus|[spread] p1a,p1b\n|-supereffective|p1a: Rillaboom\n|-supereffective|p1b: Landorus\n|-crit|p1b: Landorus\n|-damage|p1a: Rillaboom|75\/100\n|-damage|p1b: Landorus|26\/100\n|-unboost|p1a: Rillaboom|spe|1\n|-unboost|p1b: Landorus|spe|1\n|-damage|p2a: Ludicolo|55\/100|[from] item: Life Orb\n|move|p1a: Rillaboom|Wood Hammer|p2b: Glimmora\n|-damage|p2b: Glimmora|15\/100\n|-activate|p2b: Glimmora|ability: Toxic Debris\n|-sidestart|p1: Kagenonessho|move: Toxic Spikes\n|-damage|p1a: Rillaboom|53\/100|[from] Recoil\n|\n|-weather|RainDance|[upkeep]\n|-heal|p2a: Ludicolo|61\/100|[from] Grassy Terrain\n|-heal|p2b: Glimmora|21\/100|[from] Grassy Terrain\n|-heal|p2b: Glimmora|27\/100|[from] item: Leftovers\n|-heal|p1a: Rillaboom|58\/100|[from] Grassy Terrain\n|upkeep\n|turn|3\n|inactive|Kagenonessho has 30 seconds left.\n|inactive|Kagenonessho has 20 seconds left.\n|inactive|Kagenonessho has 15 seconds left.\n|inactive|Kagenonessho has 10 seconds left.\n|\n|t:|1699913706\n|switch|p1b: Tornadus|Tornadus, L50, M|100\/100\n|move|p2b: Glimmora|Spiky Shield|p2b: Glimmora\n|-singleturn|p2b: Glimmora|move: Protect\n|move|p1a: Rillaboom|Grassy Glide|p2b: Glimmora\n|-activate|p2b: Glimmora|move: Protect\n|-damage|p1a: Rillaboom|46\/100|[from] Spiky Shield|[of] p2b: Glimmora\n|move|p2a: Ludicolo|Icy Wind|p1b: Tornadus|[spread] p1a\n|-miss|p2a: Ludicolo|p1b: Tornadus\n|-supereffective|p1a: Rillaboom\n|-damage|p1a: Rillaboom|30\/100\n|-unboost|p1a: Rillaboom|spe|1\n|-damage|p2a: Ludicolo|51\/100|[from] item: Life Orb\n|\n|-weather|RainDance|[upkeep]\n|-heal|p2a: Ludicolo|57\/100|[from] Grassy Terrain\n|-heal|p2b: Glimmora|33\/100|[from] Grassy Terrain\n|-heal|p2b: Glimmora|39\/100|[from] item: Leftovers\n|-heal|p1a: Rillaboom|36\/100|[from] Grassy Terrain\n|upkeep\n|turn|4\n|inactive|Kagenonessho has 30 seconds left.\n|inactive|krenitos has 30 seconds left.\n|\n|t:|1699913740\n|switch|p2b: Dusclops|Dusclops, L50, F|100\/100\n|-ability|p2b: Dusclops|Pressure\n|move|p2a: Ludicolo|Protect|p2a: Ludicolo\n|-singleturn|p2a: Ludicolo|Protect\n|move|p1b: Tornadus|Bleakwind Storm|p2a: Ludicolo|[spread] p2b\n|-activate|p2a: Ludicolo|move: Protect\n|-damage|p2b: Dusclops|82\/100\n|-unboost|p2b: Dusclops|spe|1\n|move|p1a: Rillaboom|U-turn|p2a: Ludicolo\n|-activate|p2a: Ludicolo|move: Protect\n|\n|-weather|RainDance|[upkeep]\n|-heal|p2a: Ludicolo|63\/100|[from] Grassy Terrain\n|-heal|p1a: Rillaboom|42\/100|[from] Grassy Terrain\n|-heal|p2b: Dusclops|88\/100|[from] Grassy Terrain\n|upkeep\n|turn|5\n|inactive|Kagenonessho has 30 seconds left.\n|inactive|krenitos has 30 seconds left.\n|\n|t:|1699913771\n|switch|p2a: Glimmora|Glimmora, L50, F|39\/100\n|switch|p1a: Flutter Mane|Flutter Mane, L50|100\/100\n|-status|p1a: Flutter Mane|psn\n|move|p1b: Tornadus|Protect|p1b: Tornadus\n|-singleturn|p1b: Tornadus|Protect\n|move|p2b: Dusclops|Trick Room|p2b: Dusclops\n|-fieldstart|move: Trick Room|[of] p2b: Dusclops\n|\n|-weather|RainDance|[upkeep]\n|-heal|p2b: Dusclops|94\/100|[from] Grassy Terrain\n|-heal|p2a: Glimmora|46\/100|[from] Grassy Terrain\n|-heal|p2a: Glimmora|52\/100|[from] item: Leftovers\n|-damage|p1a: Flutter Mane|88\/100 psn|[from] psn\n|-fieldend|move: Grassy Terrain\n|upkeep\n|turn|6\n|\n|t:|1699913791\n|move|p2b: Dusclops|Helping Hand|p2a: Glimmora\n|-singleturn|p2a: Glimmora|Helping Hand|[of] p2b: Dusclops\n|move|p1b: Tornadus|Tailwind|p1b: Tornadus\n|-sidestart|p1: Kagenonessho|move: Tailwind\n|move|p2a: Glimmora|Power Gem|p1b: Tornadus\n|-supereffective|p1b: Tornadus\n|-damage|p1b: Tornadus|0 fnt\n|faint|p1b: Tornadus\n|move|p1a: Flutter Mane|Moonblast|p2b: Dusclops\n|-damage|p2b: Dusclops|50\/100\n|\n|-weather|RainDance|[upkeep]\n|-heal|p2a: Glimmora|58\/100|[from] item: Leftovers\n|-damage|p1a: Flutter Mane|76\/100 psn|[from] psn\n|upkeep\n|\n|t:|1699913807\n|switch|p1b: Landorus|Landorus-Therian, L50, M|26\/100\n|-ability|p1b: Landorus|Intimidate|boost\n|-unboost|p2a: Glimmora|atk|1\n|-unboost|p2b: Dusclops|atk|1\n|turn|7\n|\n|t:|1699913820\n|-terastallize|p1a: Flutter Mane|Fairy\n|move|p2b: Dusclops|Night Shade|p1a: Flutter Mane\n|-damage|p1a: Flutter Mane|44\/100 psn\n|move|p2a: Glimmora|Power Gem|p1b: Landorus\n|-damage|p1b: Landorus|0 fnt\n|faint|p1b: Landorus\n|move|p1a: Flutter Mane|Moonblast|p2b: Dusclops\n|-damage|p2b: Dusclops|0 fnt\n|faint|p2b: Dusclops\n|\n|-weather|RainDance|[upkeep]\n|-heal|p2a: Glimmora|64\/100|[from] item: Leftovers\n|-damage|p1a: Flutter Mane|32\/100 psn|[from] psn\n|upkeep\n|\n|t:|1699913834\n|switch|p2b: Ludicolo|Ludicolo, L50, F|63\/100\n|switch|p1b: Rillaboom|Rillaboom, L50, M|42\/100\n|-status|p1b: Rillaboom|psn\n|-fieldstart|move: Grassy Terrain|[from] ability: Grassy Surge|[of] p1b: Rillaboom\n|turn|8\n|\n|t:|1699913846\n|-terastallize|p2a: Glimmora|Grass\n|move|p2b: Ludicolo|Protect|p2b: Ludicolo\n|-singleturn|p2b: Ludicolo|Protect\n|move|p1b: Rillaboom|Fake Out|p2b: Ludicolo\n|-activate|p2b: Ludicolo|move: Protect\n|move|p2a: Glimmora|Sludge Bomb|p1a: Flutter Mane\n|-supereffective|p1a: Flutter Mane\n|-damage|p1a: Flutter Mane|0 fnt\n|faint|p1a: Flutter Mane\n|-end|p1a: Flutter Mane|Protosynthesis|[silent]\n|\n|-weather|none\n|-heal|p2a: Glimmora|70\/100|[from] Grassy Terrain\n|-heal|p2a: Glimmora|76\/100|[from] item: Leftovers\n|-heal|p2b: Ludicolo|69\/100|[from] Grassy Terrain\n|-heal|p1b: Rillaboom|47\/100 psn|[from] Grassy Terrain\n|-damage|p1b: Rillaboom|35\/100 psn|[from] psn\n|upkeep\n|turn|9\n|-message|Kagenonessho forfeited.\n|\n|win|krenitos\n|raw|Kagenonessho's rating: 1085 &rarr; <strong>1063<\/strong><br \/>(-22 for losing)\n|raw|krenitos's rating: 1100 &rarr; <strong>1124<\/strong><br \/>(+24 for winning)\n|l|\u2606Kagenonessho\n","uploadtime":1699913866,"views":19,"p1id":"kagenonessho","p2id":"krenitos","formatid":"gen9vgc2023regulatione","rating":1063,"private":0,"password":""}