{"id":"gen9vgc2023regulatione-1988983597","p1":"QUANGHAIDANGloghh","p2":"FIREER","format":"[Gen 9] VGC 2023 Regulation E","log":"|j|\u2606QUANGHAIDANGloghh\n|j|\u2606FIREER\n|t:|1699798269\n|gametype|doubles\n|player|p1|QUANGHAIDANGloghh|pokekid|1027\n|player|p2|FIREER|roughneck-gen4|1009\n|teamsize|p1|6\n|teamsize|p2|6\n|gen|9\n|tier|[Gen 9] VGC 2023 Regulation E\n|rated|\n|rule|Species Clause: Limit one of each Pok\u00e9mon\n|rule|Item Clause: Limit one of each item\n|clearpoke\n|poke|p1|Maushold-Four, L50|\n|poke|p1|Annihilape, L50, F|\n|poke|p1|Armarouge, L50, F|\n|poke|p1|Greninja-*, L50, M|\n|poke|p1|Gholdengo, L50|\n|poke|p1|Indeedee-F, L50, F|\n|poke|p2|Pelipper, L50, M|\n|poke|p2|Crawdaunt, L50, M|\n|poke|p2|Landorus-Therian, L50, M|\n|poke|p2|Clefable, L50, F|\n|poke|p2|Dragapult, L50, F|\n|poke|p2|Ludicolo, L50, M|\n|teampreview|4\n|inactive|Battle timer is ON: inactive players will automatically lose when time's up. (requested by FIREER)\n|\n|t:|1699798279\n|start\n|switch|p1a: Annihilape|Annihilape, L50, F|100\/100\n|switch|p1b: Maushold|Maushold-Four, L50|100\/100\n|switch|p2a: Pelipper|Pelipper, L50, M|100\/100\n|switch|p2b: Dragapult|Dragapult, L50, F|100\/100\n|-weather|RainDance|[from] ability: Drizzle|[of] p2a: Pelipper\n|turn|1\n|inactive|FIREER has 30 seconds left.\n|inactive|QUANGHAIDANGloghh has 30 seconds left.\n|\n|t:|1699798310\n|-terastallize|p2b: Dragapult|Electric\n|move|p2b: Dragapult|Will-O-Wisp|p1a: Annihilape\n|-status|p1a: Annihilape|brn\n|move|p1b: Maushold|Beat Up|p1a: Annihilape\n|-damage|p1a: Annihilape|94\/100 brn\n|-damage|p1a: Annihilape|89\/100 brn\n|-damage|p1a: Annihilape|82\/100 brn\n|-hitcount|p1a: Annihilape|3\n|move|p1a: Annihilape|Rage Fist|p2a: Pelipper\n|-damage|p2a: Pelipper|43\/100\n|move|p2a: Pelipper|U-turn|p1b: Maushold\n|-damage|p1b: Maushold|86\/100\n|\n|t:|1699798325\n|switch|p2a: Crawdaunt|Crawdaunt, L50, M|100\/100|[from] U-turn\n|\n|-weather|RainDance|[upkeep]\n|-heal|p1a: Annihilape|88\/100 brn|[from] item: Leftovers\n|-damage|p1a: Annihilape|82\/100 brn|[from] brn\n|upkeep\n|turn|2\n|inactive|QUANGHAIDANGloghh has 30 seconds left.\n|inactive|QUANGHAIDANGloghh has 20 seconds left.\n|inactive|QUANGHAIDANGloghh has 15 seconds left.\n|inactive|QUANGHAIDANGloghh has 10 seconds left.\n|\n|t:|1699798373\n|move|p2b: Dragapult|Hex|p1a: Annihilape\n|-supereffective|p1a: Annihilape\n|-damage|p1a: Annihilape|0 fnt\n|faint|p1a: Annihilape\n|move|p1b: Maushold|Bullet Seed|p2a: Crawdaunt\n|-supereffective|p2a: Crawdaunt\n|-damage|p2a: Crawdaunt|72\/100\n|-supereffective|p2a: Crawdaunt\n|-damage|p2a: Crawdaunt|40\/100\n|-hitcount|p2a: Crawdaunt|2\n|move|p2a: Crawdaunt|Knock Off|p1b: Maushold\n|-damage|p1b: Maushold|0 fnt\n|-enditem|p1b: Maushold|Sitrus Berry|[from] move: Knock Off|[of] p2a: Crawdaunt\n|faint|p1b: Maushold\n|\n|-weather|RainDance|[upkeep]\n|upkeep\n|\n|t:|1699798384\n|switch|p1b: Greninja|Greninja, L50, M|100\/100\n|switch|p1a: Gholdengo|Gholdengo, L50|100\/100\n|turn|3\n|\n|t:|1699798397\n|move|p1b: Greninja|U-turn|p2a: Crawdaunt\n|-start|p1b: Greninja|typechange|Bug|[from] ability: Protean\n|-supereffective|p2a: Crawdaunt\n|-damage|p2a: Crawdaunt|0 fnt\n|faint|p2a: Crawdaunt\n|move|p2b: Dragapult|Thunder|p1b: Greninja\n|-damage|p1b: Greninja|27\/100\n|move|p1a: Gholdengo|Trick|p2b: Dragapult\n|-activate|p1a: Gholdengo|move: Trick|[of] p2b: Dragapult\n|-item|p2b: Dragapult|Choice Specs|[from] move: Trick\n|-item|p1a: Gholdengo|Heavy-Duty Boots|[from] move: Trick\n|\n|-weather|RainDance|[upkeep]\n|upkeep\n|\n|t:|1699798407\n|switch|p2a: Ludicolo|Ludicolo, L50, M|100\/100\n|turn|4\n|\n|t:|1699798415\n|move|p1b: Greninja|U-turn|p2a: Ludicolo\n|-supereffective|p2a: Ludicolo\n|-damage|p2a: Ludicolo|37\/100\n|move|p2a: Ludicolo|Fire Punch|p1a: Gholdengo\n|-supereffective|p1a: Gholdengo\n|-damage|p1a: Gholdengo|83\/100\n|-damage|p2a: Ludicolo|27\/100|[from] item: Life Orb\n|move|p2b: Dragapult|U-turn|p1b: Greninja\n|-damage|p1b: Greninja|0 fnt\n|faint|p1b: Greninja\n|\n|t:|1699798428\n|switch|p2b: Pelipper|Pelipper, L50, M|43\/100|[from] U-turn\n|move|p1a: Gholdengo|Shadow Ball|p2b: Pelipper\n|-damage|p2b: Pelipper|0 fnt\n|faint|p2b: Pelipper\n|\n|-weather|RainDance|[upkeep]\n|upkeep\n|\n|t:|1699798430\n|switch|p2b: Dragapult|Dragapult, L50, F, tera:Electric|100\/100\n|turn|5\n|inactive|FIREER has 30 seconds left.\n|\n|t:|1699798456\n|move|p2a: Ludicolo|Ice Beam|p1a: Gholdengo\n|-resisted|p1a: Gholdengo\n|-damage|p1a: Gholdengo|63\/100\n|-damage|p2a: Ludicolo|17\/100|[from] item: Life Orb\n|move|p2b: Dragapult|Will-O-Wisp|p1a: Gholdengo\n|-immune|p1a: Gholdengo|[from] ability: Good as Gold\n|move|p1a: Gholdengo|Shadow Ball|p2b: Dragapult\n|-damage|p2b: Dragapult|43\/100\n|\n|-weather|RainDance|[upkeep]\n|upkeep\n|turn|6\n|\n|t:|1699798475\n|move|p2a: Ludicolo|Hydro Pump|p1a: Gholdengo\n|-damage|p1a: Gholdengo|0 fnt\n|faint|p1a: Gholdengo\n|-damage|p2a: Ludicolo|8\/100|[from] item: Life Orb\n|\n|win|FIREER\n|raw|QUANGHAIDANGloghh's rating: 1027 &rarr; <strong>1012<\/strong><br \/>(-15 for losing)\n|raw|FIREER's rating: 1009 &rarr; <strong>1050<\/strong><br \/>(+41 for winning)\n|l|\u2606QUANGHAIDANGloghh\n","uploadtime":1699798496,"views":13,"p1id":"quanghaidangloghh","p2id":"fireer","formatid":"gen9vgc2023regulatione","rating":1012,"private":0,"password":""}