{"id":"gen9vgc2023regulatione-1988674101","p1":"keegab","p2":"extracute","format":"[Gen 9] VGC 2023 Regulation E","log":"|j|\u2606keegab\n|j|\u2606extracute\n|t:|1699749071\n|gametype|doubles\n|player|p1|keegab|101|1290\n|player|p2|extracute|170|1419\n|teamsize|p1|6\n|teamsize|p2|6\n|gen|9\n|tier|[Gen 9] VGC 2023 Regulation E\n|rated|\n|rule|Species Clause: Limit one of each Pok\u00e9mon\n|rule|Item Clause: Limit one of each item\n|clearpoke\n|poke|p1|Roaring Moon, L50|\n|poke|p1|Weezing, L50, M|\n|poke|p1|Flutter Mane, L50|\n|poke|p1|Iron Hands, L50|\n|poke|p1|Landorus-Therian, L50, M|\n|poke|p1|Ogerpon-Hearthflame, L50, F|\n|poke|p2|Sneasler, L50, M|\n|poke|p2|Indeedee-F, L50, F|\n|poke|p2|Armarouge, L50, M|\n|poke|p2|Urshifu-*, L50, M|\n|poke|p2|Chien-Pao, L50|\n|poke|p2|Tornadus, L50, M|\n|teampreview|4\n|\n|t:|1699749119\n|start\n|switch|p1a: Roaring Moon|Roaring Moon, L50|100\/100\n|switch|p1b: Weezing|Weezing, L50, M|100\/100\n|switch|p2a: Chien-Pao|Chien-Pao, L50|100\/100\n|switch|p2b: Armarouge|Armarouge, L50, M|100\/100\n|-ability|p1b: Weezing|Neutralizing Gas\n|-enditem|p1a: Roaring Moon|Booster Energy\n|-activate|p1a: Roaring Moon|ability: Protosynthesis|[fromitem]\n|-start|p1a: Roaring Moon|protosynthesisspe\n|turn|1\n|\n|t:|1699749157\n|move|p1a: Roaring Moon|Protect|p1a: Roaring Moon\n|-singleturn|p1a: Roaring Moon|Protect\n|move|p2b: Armarouge|Endure|p2b: Armarouge\n|-singleturn|p2b: Armarouge|move: Endure\n|move|p2a: Chien-Pao|Icicle Crash|p1a: Roaring Moon\n|-activate|p1a: Roaring Moon|move: Protect\n|move|p1b: Weezing|Taunt|p2b: Armarouge\n|-start|p2b: Armarouge|move: Taunt\n|\n|upkeep\n|turn|2\n|\n|t:|1699749194\n|-end|p1b: Weezing|ability: Neutralizing Gas\n|-ability|p2a: Chien-Pao|Sword of Ruin\n|switch|p1b: Landorus|Landorus-Therian, L50, M|100\/100\n|-ability|p1b: Landorus|Intimidate|boost\n|-unboost|p2a: Chien-Pao|atk|1\n|-unboost|p2b: Armarouge|atk|1\n|move|p1a: Roaring Moon|Knock Off|p2b: Armarouge\n|-supereffective|p2b: Armarouge\n|-enditem|p2b: Armarouge|Focus Sash\n|-damage|p2b: Armarouge|1\/100\n|-ability|p2b: Armarouge|Weak Armor|boost\n|-unboost|p2b: Armarouge|def|1\n|-boost|p2b: Armarouge|spe|2\n|move|p2b: Armarouge|Expanding Force|p1b: Landorus\n|-damage|p1b: Landorus|56\/100\n|move|p2a: Chien-Pao|Icicle Crash|p1a: Roaring Moon\n|-supereffective|p1a: Roaring Moon\n|-damage|p1a: Roaring Moon|0 fnt\n|faint|p1a: Roaring Moon\n|-end|p1a: Roaring Moon|Protosynthesis|[silent]\n|-damage|p2a: Chien-Pao|91\/100|[from] item: Life Orb\n|\n|upkeep\n|\n|t:|1699749206\n|switch|p1a: Iron Hands|Iron Hands, L50|100\/100\n|turn|3\n|inactive|Battle timer is ON: inactive players will automatically lose when time's up. (requested by keegab)\n|\n|t:|1699749231\n|switch|p1b: Weezing|Weezing, L50, M|100\/100\n|-ability|p1b: Weezing|Neutralizing Gas\n|move|p2a: Chien-Pao|Protect|p2a: Chien-Pao\n|-singleturn|p2a: Chien-Pao|Protect\n|move|p1a: Iron Hands|Fake Out|p2b: Armarouge\n|-damage|p2b: Armarouge|0 fnt\n|faint|p2b: Armarouge\n|\n|upkeep\n|\n|t:|1699749244\n|switch|p2b: Urshifu|Urshifu-Rapid-Strike, L50, M|100\/100\n|turn|4\n|\n|t:|1699749264\n|-terastallize|p2b: Urshifu|Water\n|move|p2b: Urshifu|Surging Strikes|p1a: Iron Hands\n|-crit|p1a: Iron Hands\n|-damage|p1a: Iron Hands|78\/100\n|-crit|p1a: Iron Hands\n|-damage|p1a: Iron Hands|57\/100\n|-crit|p1a: Iron Hands\n|-damage|p1a: Iron Hands|34\/100\n|-hitcount|p1a: Iron Hands|3\n|move|p2a: Chien-Pao|Icicle Crash|p1b: Weezing\n|-damage|p1b: Weezing|75\/100\n|-damage|p2a: Chien-Pao|81\/100|[from] item: Life Orb\n|cant|p1b: Weezing|flinch\n|move|p1a: Iron Hands|Drain Punch|p2a: Chien-Pao\n|-supereffective|p2a: Chien-Pao\n|-damage|p2a: Chien-Pao|0 fnt\n|-heal|p1a: Iron Hands|62\/100|[from] drain|[of] p2a: Chien-Pao\n|faint|p2a: Chien-Pao\n|\n|-heal|p1b: Weezing|81\/100|[from] item: Leftovers\n|upkeep\n|\n|t:|1699749270\n|switch|p2a: Indeedee|Indeedee-F, L50, F|100\/100\n|turn|5\n|inactive|keegab has 30 seconds left.\n|inactive|extracute has 30 seconds left.\n|inactive|keegab has 20 seconds left.\n|inactive|keegab has 15 seconds left.\n|\n|t:|1699749310\n|move|p2a: Indeedee|Helping Hand|p2b: Urshifu\n|-singleturn|p2b: Urshifu|Helping Hand|[of] p2a: Indeedee\n|move|p2b: Urshifu|Surging Strikes|p1a: Iron Hands\n|-crit|p1a: Iron Hands\n|-damage|p1a: Iron Hands|35\/100\n|-crit|p1a: Iron Hands\n|-damage|p1a: Iron Hands|7\/100\n|-crit|p1a: Iron Hands\n|-damage|p1a: Iron Hands|0 fnt\n|faint|p1a: Iron Hands\n|-end|p1a: Iron Hands|Quark Drive|[silent]\n|-hitcount|p1: Iron Hands|3\n|move|p1b: Weezing|Taunt|p2a: Indeedee\n|-start|p2a: Indeedee|move: Taunt\n|\n|-heal|p1b: Weezing|87\/100|[from] item: Leftovers\n|upkeep\n|\n|t:|1699749319\n|switch|p1a: Landorus|Landorus-Therian, L50, M|56\/100\n|-ability|p1a: Landorus|Intimidate|boost\n|-unboost|p2a: Indeedee|atk|1\n|-unboost|p2b: Urshifu|atk|1\n|turn|6\n|\n|t:|1699749336\n|-terastallize|p1a: Landorus|Water\n|move|p1b: Weezing|Protect|p1b: Weezing\n|-singleturn|p1b: Weezing|Protect\n|move|p2b: Urshifu|Surging Strikes|p1a: Landorus\n|-resisted|p1a: Landorus\n|-crit|p1a: Landorus\n|-damage|p1a: Landorus|41\/100\n|-resisted|p1a: Landorus\n|-crit|p1a: Landorus\n|-damage|p1a: Landorus|28\/100\n|-resisted|p1a: Landorus\n|-crit|p1a: Landorus\n|-damage|p1a: Landorus|14\/100\n|-hitcount|p1a: Landorus|3\n|move|p1a: Landorus|Stomping Tantrum|p2b: Urshifu\n|-crit|p2b: Urshifu\n|-damage|p2b: Urshifu|35\/100\n|move|p2a: Indeedee|Psyshock|p1b: Weezing\n|-activate|p1b: Weezing|move: Protect\n|\n|-heal|p1b: Weezing|92\/100|[from] item: Leftovers\n|upkeep\n|turn|7\n|\n|t:|1699749356\n|move|p2b: Urshifu|Surging Strikes|p1a: Landorus\n|-resisted|p1a: Landorus\n|-crit|p1a: Landorus\n|-damage|p1a: Landorus|0 fnt\n|faint|p1a: Landorus\n|-hitcount|p1: Landorus|1\n|move|p2a: Indeedee|Psyshock|p1b: Weezing\n|-supereffective|p1b: Weezing\n|-damage|p1b: Weezing|49\/100\n|move|p1b: Weezing|Gunk Shot|p2b: Urshifu\n|-damage|p2b: Urshifu|0 fnt\n|faint|p2b: Urshifu\n|\n|-heal|p1b: Weezing|55\/100|[from] item: Leftovers\n|upkeep\n|turn|8\n|\n|t:|1699749376\n|move|p2a: Indeedee|Psyshock|p1b: Weezing\n|-supereffective|p1b: Weezing\n|-damage|p1b: Weezing|9\/100\n|move|p1b: Weezing|Will-O-Wisp|p2a: Indeedee\n|-status|p2a: Indeedee|brn\n|\n|-heal|p1b: Weezing|14\/100|[from] item: Leftovers\n|-damage|p2a: Indeedee|95\/100 brn|[from] brn\n|-end|p2a: Indeedee|move: Taunt\n|upkeep\n|turn|9\n|\n|t:|1699749381\n|move|p1b: Weezing|Protect|p1b: Weezing\n|-singleturn|p1b: Weezing|Protect\n|move|p2a: Indeedee|Psyshock|p1b: Weezing\n|-activate|p1b: Weezing|move: Protect\n|\n|-heal|p1b: Weezing|20\/100|[from] item: Leftovers\n|-damage|p2a: Indeedee|89\/100 brn|[from] brn\n|upkeep\n|turn|10\n|\n|t:|1699749391\n|move|p2a: Indeedee|Psyshock|p1b: Weezing\n|-supereffective|p1b: Weezing\n|-damage|p1b: Weezing|0 fnt\n|faint|p1b: Weezing\n|-end|p1b: Weezing|ability: Neutralizing Gas\n|-fieldstart|move: Psychic Terrain|[from] ability: Psychic Surge|[of] p2a: Indeedee\n|\n|win|extracute\n|raw|keegab's rating: 1290 &rarr; <strong>1274<\/strong><br \/>(-16 for losing)\n|raw|extracute's rating: 1419 &rarr; <strong>1432<\/strong><br \/>(+13 for winning)\n|l|\u2606keegab\n","uploadtime":1699749407,"views":11,"p1id":"keegab","p2id":"extracute","formatid":"gen9vgc2023regulatione","rating":1274,"private":0,"password":""}