{"id":"gen9vgc2023regulatione-1999429776","p1":"Jippt351","p2":"Cayonero","format":"[Gen 9] VGC 2023 Regulation E","log":"|j|\u2606Jippt351\n|j|\u2606Cayonero\n|t:|1701079120\n|gametype|doubles\n|player|p1|Jippt351|266|1257\n|player|p2|Cayonero|265|1187\n|teamsize|p1|6\n|teamsize|p2|6\n|gen|9\n|tier|[Gen 9] VGC 2023 Regulation E\n|rated|\n|rule|Species Clause: Limit one of each Pok\u00e9mon\n|rule|Item Clause: Limit one of each item\n|clearpoke\n|poke|p1|Lilligant-Hisui, L50, F|\n|poke|p1|Torkoal, L50, M|\n|poke|p1|Regidrago, L50|\n|poke|p1|Ursaluna, L50, F|\n|poke|p1|Armarouge, L50, F|\n|poke|p1|Indeedee-F, L50, F|\n|poke|p2|Grimmsnarl, L50, M|\n|poke|p2|Landorus-Therian, L50, M|\n|poke|p2|Corviknight, L50, F|\n|poke|p2|Urshifu-*, L50, M|\n|poke|p2|Amoonguss, L50, F|\n|poke|p2|Heatran, L50, F|\n|teampreview|4\n|inactive|Battle timer is ON: inactive players will automatically lose when time's up. (requested by Jippt351)\n|inactive|Cayonero has 60 seconds left.\n|c|\u2606Jippt351|hi\n|\n|t:|1701079169\n|start\n|switch|p1a: Armarouge|Armarouge, L50, F|100\/100\n|switch|p1b: Indeedee|Indeedee-F, L50, F|100\/100\n|switch|p2a: Grimmsnarl|Grimmsnarl, L50, M|100\/100\n|switch|p2b: Landorus|Landorus-Therian, L50, M|100\/100\n|-ability|p2b: Landorus|Intimidate|boost\n|-unboost|p1a: Armarouge|atk|1\n|-unboost|p1b: Indeedee|atk|1\n|-fieldstart|move: Psychic Terrain|[from] ability: Psychic Surge|[of] p1b: Indeedee\n|turn|1\n|\n|t:|1701079191\n|move|p1b: Indeedee|Follow Me|p1b: Indeedee\n|-singleturn|p1b: Indeedee|move: Follow Me\n|move|p2a: Grimmsnarl|Light Screen|p2a: Grimmsnarl\n|-sidestart|p2: Cayonero|move: Light Screen\n|move|p2b: Landorus|U-turn|p1b: Indeedee\n|-supereffective|p1b: Indeedee\n|-damage|p1b: Indeedee|36\/100\n|-damage|p2b: Landorus|84\/100|[from] item: Rocky Helmet|[of] p1b: Indeedee\n|\n|t:|1701079199\n|switch|p2b: Heatran|Heatran, L50, F|100\/100|[from] U-turn\n|move|p1a: Armarouge|Trick Room|p1a: Armarouge\n|-fieldstart|move: Trick Room|[of] p1a: Armarouge\n|\n|upkeep\n|turn|2\n|\n|t:|1701079217\n|move|p1a: Armarouge|Expanding Force|p2a: Grimmsnarl|[spread] p2b\n|-immune|p2a: Grimmsnarl\n|-resisted|p2b: Heatran\n|-damage|p2b: Heatran|70\/100\n|-damage|p1a: Armarouge|91\/100|[from] item: Life Orb\n|move|p2a: Grimmsnarl|Spirit Break|p1a: Armarouge\n|-resisted|p1a: Armarouge\n|-damage|p1a: Armarouge|78\/100\n|-unboost|p1a: Armarouge|spa|1\n|move|p1b: Indeedee|Dazzling Gleam|p2b: Heatran|[spread] p2a,p2b\n|-supereffective|p2a: Grimmsnarl\n|-resisted|p2b: Heatran\n|-damage|p2a: Grimmsnarl|83\/100\n|-damage|p2b: Heatran|69\/100\n|move|p2b: Heatran|Earth Power|p1a: Armarouge\n|-supereffective|p1a: Armarouge\n|-damage|p1a: Armarouge|0 fnt\n|faint|p1a: Armarouge\n|-damage|p2b: Heatran|59\/100|[from] item: Life Orb\n|\n|upkeep\n|\n|t:|1701079228\n|switch|p1a: Ursaluna|Ursaluna, L50, F|100\/100\n|turn|3\n|\n|t:|1701079244\n|move|p1b: Indeedee|Helping Hand|p1a: Ursaluna\n|-singleturn|p1a: Ursaluna|Helping Hand|[of] p1b: Indeedee\n|move|p2b: Heatran|Protect|p2b: Heatran\n|-singleturn|p2b: Heatran|Protect\n|move|p1a: Ursaluna|Earthquake|p2a: Grimmsnarl|[spread] p1b,p2a\n|-activate|p2b: Heatran|move: Protect\n|-crit|p2a: Grimmsnarl\n|-damage|p1b: Indeedee|0 fnt\n|-damage|p2a: Grimmsnarl|0 fnt\n|faint|p1b: Indeedee\n|faint|p2a: Grimmsnarl\n|\n|-status|p1a: Ursaluna|brn|[from] item: Flame Orb\n|upkeep\n|\n|t:|1701079258\n|switch|p2a: Landorus|Landorus-Therian, L50, M|84\/100\n|switch|p1b: Torkoal|Torkoal, L50, M|100\/100\n|-weather|SunnyDay|[from] ability: Drought|[of] p1b: Torkoal\n|-ability|p2a: Landorus|Intimidate|boost\n|-unboost|p1a: Ursaluna|atk|1\n|-unboost|p1b: Torkoal|atk|1\n|turn|4\n|l|\u2606Jippt351\n|inactive|Jippt351 disconnected and has a minute to reconnect!\n|player|p1|\n|j|\u2606Jippt351\n|inactive|Jippt351 reconnected and has 35 seconds left.\n|player|p1|Jippt351|266\n|inactive|Jippt351 has 30 seconds left.\n|inactive|Cayonero has 30 seconds left.\n|inactive|Jippt351 has 20 seconds left.\n|inactive|Cayonero has 20 seconds left.\n|inactive|Cayonero has 15 seconds left.\n|inactive|Cayonero has 10 seconds left.\n|\n|t:|1701079304\n|-terastallize|p1b: Torkoal|Fire\n|-terastallize|p2b: Heatran|Fairy\n|move|p1b: Torkoal|Eruption|p2b: Heatran|[spread] p2a\n|-start|p2b: Heatran|ability: Flash Fire\n|-damage|p2a: Landorus|37\/100\n|move|p1a: Ursaluna|Facade|p2b: Heatran\n|-damage|p2b: Heatran|0 fnt\n|faint|p2b: Heatran\n|move|p2a: Landorus|Stomping Tantrum|p1b: Torkoal\n|-supereffective|p1b: Torkoal\n|-damage|p1b: Torkoal|39\/100\n|\n|-weather|SunnyDay|[upkeep]\n|-damage|p1a: Ursaluna|95\/100 brn|[from] brn\n|upkeep\n|l|\u2606Jippt351\n|inactive|Jippt351 disconnected and has a minute to reconnect!\n|player|p1|\n|\n|t:|1701079320\n|switch|p2b: Corviknight|Corviknight, L50, F|100\/100\n|turn|5\n|j|\u2606Jippt351\n|inactive|Jippt351 reconnected and has 50 seconds left.\n|player|p1|Jippt351|266\n|\n|t:|1701079342\n|move|p2b: Corviknight|Protect|p2b: Corviknight\n|-singleturn|p2b: Corviknight|Protect\n|move|p1b: Torkoal|Heat Wave|p2a: Landorus|[spread] p2a\n|-activate|p2b: Corviknight|move: Protect\n|-crit|p2a: Landorus\n|-damage|p2a: Landorus|0 fnt\n|faint|p2a: Landorus\n|move|p1a: Ursaluna|Facade|p2b: Corviknight\n|-activate|p2b: Corviknight|move: Protect\n|\n|-weather|SunnyDay|[upkeep]\n|-damage|p1a: Ursaluna|89\/100 brn|[from] brn\n|-fieldend|move: Trick Room\n|-fieldend|move: Psychic Terrain\n|upkeep\n|turn|6\n|\n|t:|1701079357\n|move|p2b: Corviknight|Body Press|p1b: Torkoal\n|-damage|p1b: Torkoal|20\/100\n|move|p1a: Ursaluna|Facade|p2b: Corviknight\n|-resisted|p2b: Corviknight\n|-damage|p2b: Corviknight|68\/100\n|move|p1b: Torkoal|Heat Wave|p2b: Corviknight|[miss]\n|-miss|p1b: Torkoal|p2b: Corviknight\n|\n|-weather|SunnyDay|[upkeep]\n|-heal|p2b: Corviknight|74\/100|[from] item: Leftovers\n|-damage|p1a: Ursaluna|83\/100 brn|[from] brn\n|upkeep\n|turn|7\n|\n|t:|1701079382\n|move|p2b: Corviknight|Body Press|p1b: Torkoal\n|-damage|p1b: Torkoal|3\/100\n|move|p1a: Ursaluna|Facade|p2b: Corviknight\n|-resisted|p2b: Corviknight\n|-damage|p2b: Corviknight|41\/100\n|move|p1b: Torkoal|Heat Wave|p2b: Corviknight\n|-supereffective|p2b: Corviknight\n|-damage|p2b: Corviknight|0 fnt\n|faint|p2b: Corviknight\n|\n|win|Jippt351\n|raw|Jippt351's rating: 1257 &rarr; <strong>1277<\/strong><br \/>(+20 for winning)\n|raw|Cayonero's rating: 1187 &rarr; <strong>1167<\/strong><br \/>(-20 for losing)\n|l|\u2606Cayonero\n","uploadtime":1701079392,"views":6,"p1id":"jippt351","p2id":"cayonero","formatid":"gen9vgc2023regulatione","rating":1167,"private":0,"password":""}