{"id":"gen9vgc2023regulatione-1993602358","p1":"CyborgPigeon","p2":"klyze","format":"[Gen 9] VGC 2023 Regulation E","log":"|j|\u2606CyborgPigeon\n|j|\u2606klyze\n|n|\u2606CyborgPigeon|cyborgpigeon\n|n|\u2606klyze|klyze\n|html|View the match progress at <a href=\"\/game-bestof3-gen9vgc2023regulatione-1993597594\">game-bestof3-gen9vgc2023regulatione-1993597594<\/a>\n|t:|1700336357\n|gametype|doubles\n|player|p1|CyborgPigeon|lucas|\n|player|p2|klyze|argenta|\n|teamsize|p1|6\n|teamsize|p2|6\n|gen|9\n|tier|[Gen 9] VGC 2023 Regulation E\n|rule|Species Clause: Limit one of each Pok\u00e9mon\n|rule|Item Clause: Limit one of each item\n|clearpoke\n|poke|p1|Fezandipiti, L50, M|\n|poke|p1|Sinistcha, L50|\n|poke|p1|Annihilape, L50, M|\n|poke|p1|Grimmsnarl, L50, M|\n|poke|p1|Maushold, L50|\n|poke|p1|Meowscarada, L50, F|\n|poke|p2|Indeedee-F, L50, F|\n|poke|p2|Armarouge, L50, F|\n|poke|p2|Kommo-o, L50, F|\n|poke|p2|Sylveon, L50, F|\n|poke|p2|Basculegion, L50, M|\n|poke|p2|Kingambit, L50, F|\n|teampreview|4\nklyze has agreed to open team sheets.\nCyborgPigeon has agreed to open team sheets.\n|showteam|p1|Fezandipiti||CovertCloak|ToxicChain|Protect,IcyWind,DazzlingGleam,Tailwind|||M|||50|,,,,,Fairy]Sinistcha||RockyHelmet|Hospitality|MatchaGotcha,Protect,Hex,StrengthSap||||||50|,,,,,Fire]Annihilape||LumBerry|Defiant|RageFist,DrainPunch,BulkUp,Protect|||M|||50|,,,,,Fairy]Grimmsnarl||LightClay|Prankster|LightScreen,Reflect,SpiritBreak,PartingShot|||M|||50|,,,,,Ghost]Maushold||SafetyGoggles|FriendGuard|SuperFang,FollowMe,BeatUp,Taunt||||||50|,,,,,Ghost]Meowscarada||FocusSash|Protean|FlowerTrick,Uturn,KnockOff,Protect|||F|||50|,,,,,Grass\n|showteam|p2|Indeedee-F||FocusSash|PsychicSurge|FollowMe,HelpingHand,Psychic,TrickRoom|||F|||50|,,,,,Water]Armarouge||WeaknessPolicy|FlashFire|ArmorCannon,ExpandingForce,TrickRoom,EnergyBall|||F|||50|,,,,,Grass]Kommo-o||SitrusBerry|Soundproof|ClangorousSoul,AuraSphere,Boomburst,ClangingScales|||F|||50|,,,,,Fairy]Sylveon||PsychicSeed|Pixilate|SkillSwap,HelpingHand,Moonblast,Protect|||F|||50|,,,,,Steel]Basculegion||ChoiceScarf|Adaptability|LastRespects,WaveCrash,TeraBlast,FlipTurn|||M|||50|,,,,,Electric]Kingambit||BlackGlasses|Defiant|KowtowCleave,SwordsDance,IronHead,Protect|||F|||50|,,,,,Flying\n|\n|t:|1700336426\n|start\n|switch|p1a: Meowscarada|Meowscarada, L50, F|100\/100\n|switch|p1b: Grimmsnarl|Grimmsnarl, L50, M|100\/100\n|switch|p2a: GYATT DAMN|Indeedee-F, L50, F, shiny|100\/100\n|switch|p2b: LAGGER|Armarouge, L50, F|100\/100\n|-fieldstart|move: Psychic Terrain|[from] ability: Psychic Surge|[of] p2a: GYATT DAMN\n|turn|1\n|c|\u2606klyze|gg i lost\n|\n|t:|1700336452\n|move|p2a: GYATT DAMN|Follow Me|p2a: GYATT DAMN\n|-singleturn|p2a: GYATT DAMN|move: Follow Me\n|move|p1a: Meowscarada|U-turn|p2a: GYATT DAMN\n|-start|p1a: Meowscarada|typechange|Bug|[from] ability: Protean\n|-supereffective|p2a: GYATT DAMN\n|-crit|p2a: GYATT DAMN\n|-enditem|p2a: GYATT DAMN|Focus Sash\n|-damage|p2a: GYATT DAMN|1\/100\n|c|\u2606CyborgPigeon|nah you can still easily destroy me\n|\n|t:|1700336463\n|switch|p1a: Annihilape|Annihilape, L50, M|100\/100|[from] U-turn\n|move|p1b: Grimmsnarl|Spirit Break|p2a: GYATT DAMN\n|-damage|p2a: GYATT DAMN|0 fnt\n|faint|p2a: GYATT DAMN\n|move|p2b: LAGGER|Trick Room|p2b: LAGGER\n|-fieldstart|move: Trick Room|[of] p2b: LAGGER\n|\n|upkeep\n|\n|t:|1700336482\n|switch|p2a: skibidi toilet|Kingambit, L50, F|100\/100\n|turn|2\n|\n|t:|1700336507\n|move|p1b: Grimmsnarl|Reflect|p1b: Grimmsnarl\n|-sidestart|p1: CyborgPigeon|Reflect\n|move|p2a: skibidi toilet|Iron Head|p1a: Annihilape\n|-damage|p1a: Annihilape|71\/100\n|move|p2b: LAGGER|Expanding Force|p1b: Grimmsnarl|[spread] p1a\n|-immune|p1b: Grimmsnarl\n|-supereffective|p1a: Annihilape\n|-damage|p1a: Annihilape|0 fnt\n|faint|p1a: Annihilape\n|\n|upkeep\n|\n|t:|1700336524\n|switch|p1a: Sinistcha|Sinistcha, L50|100\/100\n|turn|3\n|\n|t:|1700336569\n|-terastallize|p1a: Sinistcha|Fire\n|move|p1b: Grimmsnarl|Light Screen|p1b: Grimmsnarl\n|-sidestart|p1: CyborgPigeon|move: Light Screen\n|move|p2a: skibidi toilet|Swords Dance|p2a: skibidi toilet\n|-boost|p2a: skibidi toilet|atk|2\n|move|p2b: LAGGER|Expanding Force|p1a: Sinistcha|[spread] p1a\n|-immune|p1b: Grimmsnarl\n|-damage|p1a: Sinistcha|48\/100\n|move|p1a: Sinistcha|Matcha Gotcha|p2b: LAGGER|[spread] p2a,p2b\n|-resisted|p2a: skibidi toilet\n|-resisted|p2b: LAGGER\n|-damage|p2a: skibidi toilet|89\/100\n|-heal|p1a: Sinistcha|55\/100|[from] drain|[of] p2a: skibidi toilet\n|-damage|p2b: LAGGER|88\/100\n|-heal|p1a: Sinistcha|62\/100|[from] drain|[of] p2b: LAGGER\n|-status|p2a: skibidi toilet|brn\n|\n|-damage|p2a: skibidi toilet|84\/100 brn|[from] brn\n|upkeep\n|turn|4\n|c|\u2606CyborgPigeon|YESS\n|c|\u2606CyborgPigeon|that was my only win con\n|\n|t:|1700336603\n|move|p1a: Sinistcha|Protect|p1a: Sinistcha\n|-singleturn|p1a: Sinistcha|Protect\n|move|p2a: skibidi toilet|Kowtow Cleave|p1a: Sinistcha\n|-activate|p1a: Sinistcha|move: Protect\n|move|p2b: LAGGER|Expanding Force|p1a: Sinistcha|[spread] \n|-activate|p1a: Sinistcha|move: Protect\n|-immune|p1b: Grimmsnarl\n|move|p1b: Grimmsnarl|Spirit Break|p2b: LAGGER\n|-resisted|p2b: LAGGER\n|-damage|p2b: LAGGER|75\/100\n|-unboost|p2b: LAGGER|spa|1\n|\n|-damage|p2a: skibidi toilet|78\/100 brn|[from] brn\n|upkeep\n|turn|5\n|c|\u2606CyborgPigeon|after ape went down\n|\n|t:|1700336632\n|switch|p1a: Meowscarada|Meowscarada, L50, F|100\/100\n|move|p2a: skibidi toilet|Kowtow Cleave|p1a: Meowscarada\n|-resisted|p1a: Meowscarada\n|-damage|p1a: Meowscarada|68\/100\n|move|p2b: LAGGER|Expanding Force|p1a: Meowscarada|[spread] \n|-immune|p1a: Meowscarada\n|-immune|p1b: Grimmsnarl\n|move|p1b: Grimmsnarl|Spirit Break|p2b: LAGGER\n|-resisted|p2b: LAGGER\n|-damage|p2b: LAGGER|60\/100\n|-unboost|p2b: LAGGER|spa|1\n|\n|-damage|p2a: skibidi toilet|72\/100 brn|[from] brn\n|-fieldend|move: Trick Room\n|-fieldend|move: Psychic Terrain\n|upkeep\n|turn|6\n|c|\u2606klyze|basically yea idk how i win now\n|\n|t:|1700336719\n|move|p1b: Grimmsnarl|Parting Shot|p2b: LAGGER\n|-unboost|p2b: LAGGER|atk|1\n|-unboost|p2b: LAGGER|spa|1\n|c|\u2606CyborgPigeon|don't count yourself out yet\n|c|\u2606CyborgPigeon|you still have a really scary pokemon in the back\n|\n|t:|1700336727\n|switch|p1b: Sinistcha|Sinistcha, L50, tera:Fire|62\/100|[from] Parting Shot\n|-heal|p1a: Meowscarada|93\/100|[from] ability: Hospitality|[of] p1b: Sinistcha\n|move|p1a: Meowscarada|U-turn|p2b: LAGGER\n|-start|p1a: Meowscarada|typechange|Bug|[from] ability: Protean\n|-damage|p2b: LAGGER|32\/100\n|\n|t:|1700336736\n|switch|p1a: Grimmsnarl|Grimmsnarl, L50, M|100\/100|[from] U-turn\n|move|p2b: LAGGER|Armor Cannon|p1b: Sinistcha\n|-resisted|p1b: Sinistcha\n|-damage|p1b: Sinistcha|51\/100\n|-unboost|p2b: LAGGER|def|1\n|-unboost|p2b: LAGGER|spd|1\n|move|p2a: skibidi toilet|Iron Head|p1a: Grimmsnarl\n|-supereffective|p1a: Grimmsnarl\n|-damage|p1a: Grimmsnarl|27\/100\n|\n|-damage|p2a: skibidi toilet|66\/100 brn|[from] brn\n|upkeep\n|turn|7\n|\n|t:|1700336779\n|switch|p1a: Meowscarada|Meowscarada, L50, F|93\/100\n|move|p2a: skibidi toilet|Protect|p2a: skibidi toilet\n|-singleturn|p2a: skibidi toilet|Protect\n|move|p1b: Sinistcha|Strength Sap|p2b: LAGGER\n|-unboost|p2b: LAGGER|atk|1\n|-heal|p1b: Sinistcha|75\/100\n|move|p2b: LAGGER|Armor Cannon|p1a: Meowscarada\n|-supereffective|p1a: Meowscarada\n|-damage|p1a: Meowscarada|37\/100\n|-unboost|p2b: LAGGER|def|1\n|-unboost|p2b: LAGGER|spd|1\n|\n|-damage|p2a: skibidi toilet|60\/100 brn|[from] brn\n|upkeep\n|turn|8\n|\n|t:|1700336810\n|move|p1a: Meowscarada|Knock Off|p2b: LAGGER\n|-start|p1a: Meowscarada|typechange|Dark|[from] ability: Protean\n|-supereffective|p2b: LAGGER\n|-damage|p2b: LAGGER|0 fnt\n|-enditem|p2b: LAGGER|Weakness Policy|[from] move: Knock Off|[of] p1a: Meowscarada\n|faint|p2b: LAGGER\n|move|p1b: Sinistcha|Matcha Gotcha|p2a: skibidi toilet|[miss]\n|-miss|p1b: Sinistcha|p2a: skibidi toilet\n|move|p2a: skibidi toilet|Kowtow Cleave|p1b: Sinistcha\n|-damage|p1b: Sinistcha|47\/100\n|-damage|p2a: skibidi toilet|44\/100 brn|[from] item: Rocky Helmet|[of] p1b: Sinistcha\n|\n|-damage|p2a: skibidi toilet|38\/100 brn|[from] brn\n|upkeep\n|\n|t:|1700336824\n|switch|p2b: BEST RIZZ MOMENTS|Basculegion, L50, M, shiny|100\/100\n|turn|9\n|\n|t:|1700336860\n|-terastallize|p2b: BEST RIZZ MOMENTS|Electric\n|move|p1b: Sinistcha|Protect|p1b: Sinistcha\n|-singleturn|p1b: Sinistcha|Protect\n|move|p2a: skibidi toilet|Protect|p2a: skibidi toilet\n|-singleturn|p2a: skibidi toilet|Protect\n|move|p1a: Meowscarada|Flower Trick|p2b: BEST RIZZ MOMENTS\n|-crit|p2b: BEST RIZZ MOMENTS\n|-damage|p2b: BEST RIZZ MOMENTS|59\/100\n|move|p2b: BEST RIZZ MOMENTS|Wave Crash|p1b: Sinistcha\n|-activate|p1b: Sinistcha|move: Protect\n|\n|-damage|p2a: skibidi toilet|32\/100 brn|[from] brn\n|-sideend|p1: CyborgPigeon|Reflect\n|upkeep\n|turn|10\n|\n|t:|1700336886\n|switch|p1b: Grimmsnarl|Grimmsnarl, L50, M|27\/100\n|move|p1a: Meowscarada|U-turn|p2a: skibidi toilet\n|-damage|p2a: skibidi toilet|15\/100 brn\n|\n|t:|1700336892\n|switch|p1a: Sinistcha|Sinistcha, L50, tera:Fire|47\/100|[from] U-turn\n|-heal|p1b: Grimmsnarl|52\/100|[from] ability: Hospitality|[of] p1a: Sinistcha\n|move|p2b: BEST RIZZ MOMENTS|Wave Crash|p1b: Grimmsnarl\n|-damage|p1b: Grimmsnarl|0 fnt\n|faint|p1b: Grimmsnarl\n|-damage|p2b: BEST RIZZ MOMENTS|44\/100|[from] Recoil\n|move|p2a: skibidi toilet|Iron Head|p1a: Sinistcha\n|-resisted|p1a: Sinistcha\n|-crit|p1a: Sinistcha\n|-damage|p1a: Sinistcha|25\/100\n|-damage|p2a: skibidi toilet|0 fnt|[from] item: Rocky Helmet|[of] p1a: Sinistcha\n|faint|p2a: skibidi toilet\n|\n|-sideend|p1: CyborgPigeon|move: Light Screen\n|upkeep\n|\n|t:|1700336906\n|switch|p1b: Meowscarada|Meowscarada, L50, F|37\/100\n|turn|11\n|\n|t:|1700336989\n|move|p1b: Meowscarada|Flower Trick|p2b: BEST RIZZ MOMENTS\n|-start|p1b: Meowscarada|typechange|Grass|[from] ability: Protean\n|-crit|p2b: BEST RIZZ MOMENTS\n|-damage|p2b: BEST RIZZ MOMENTS|0 fnt\n|faint|p2b: BEST RIZZ MOMENTS\n|\n|win|CyborgPigeon\n|c|\u2606CyborgPigeon|gg\n|c|\u2606klyze|gg\n|c|\u2606CyborgPigeon|your team was super scary ngl\n|c|\u2606klyze|the burn really meant it was joever\n|c|\u2606klyze|this was easily my worst matchup\n|c|\u2606CyborgPigeon|yeah, I would've lost w\/o it\n|c|\u2606klyze|double dark\n|c|\u2606klyze|yeah, what was the roll g1 on meow?\n|c|\u2606klyze|whats ur investment\n|c|\u2606CyborgPigeon|When basulegion wavecrashed it?\n|c|\u2606klyze|yes\n","uploadtime":1700337045,"views":37,"p1id":"cyborgpigeon","p2id":"klyze","formatid":"gen9vgc2023regulatione","rating":0,"private":0,"password":""}