{"id":"gen9vgc2023regulatione-1994471605","p1":"Aquarsene","p2":"Gino Bhengazi","format":"[Gen 9] VGC 2023 Regulation E","log":"|j|\u2606Aquarsene\n|j|\u2606Gino Bhengazi\n|n|\u2606Aquarsene|aquarsene\n|n|\u2606Gino Bhengazi|ginobhengazi\n|html|View the match progress at <a href=\"\/game-bestof3-gen9vgc2023regulatione-1994468481\">game-bestof3-gen9vgc2023regulatione-1994468481<\/a>\n|t:|1700447796\n|gametype|doubles\n|player|p1|Aquarsene|102|\n|player|p2|Gino Bhengazi|102|\n|teamsize|p1|6\n|teamsize|p2|6\n|gen|9\n|tier|[Gen 9] VGC 2023 Regulation E\n|rule|Species Clause: Limit one of each Pok\u00e9mon\n|rule|Item Clause: Limit one of each item\n|clearpoke\n|poke|p1|Murkrow, L50, M|\n|poke|p1|Great Tusk, L50|\n|poke|p1|Slowking, L50, F|\n|poke|p1|Hydreigon, L50, F|\n|poke|p1|Gholdengo, L50|\n|poke|p1|Ninetales-Alola, L50, F|\n|poke|p2|Slither Wing, L50|\n|poke|p2|Magnezone, L50|\n|poke|p2|Clefable, L50, M|\n|poke|p2|Gothitelle, L50, M|\n|poke|p2|Sableye, L50, M|\n|poke|p2|Ursaluna, L50, M|\n|teampreview|4\n|j| SCRUMPTIOUSBREAD\n|\n|t:|1700447830\n|start\n|switch|p1a: Murkrow|Murkrow, L50, M|100\/100\n|switch|p1b: Great Tusk|Great Tusk, L50|100\/100\n|switch|p2a: Will Blunderfield|Sableye, L50, M|100\/100\n|switch|p2b: Stanli|Gothitelle, L50, M|100\/100\n|turn|1\n|j| Daniel1018\n|c| Daniel1018|thats not jeffery...\n|\n|t:|1700447856\n|move|p1a: Murkrow|Protect|p1a: Murkrow\n|-singleturn|p1a: Murkrow|Protect\n|move|p2a: Will Blunderfield|Fake Out|p1b: Great Tusk\n|-damage|p1b: Great Tusk|94\/100\n|cant|p1b: Great Tusk|flinch\n|move|p2b: Stanli|Trick Room|p2b: Stanli\n|-fieldstart|move: Trick Room|[of] p2b: Stanli\n|\n|upkeep\n|turn|2\n|\n|t:|1700447877\n|move|p2a: Will Blunderfield|Taunt|p1a: Murkrow\n|-hint|Since gen 7, Dark is immune to Prankster moves.\n|-immune|p1a: Murkrow\n|move|p2b: Stanli|Psychic|p1b: Great Tusk\n|-supereffective|p1b: Great Tusk\n|-damage|p1b: Great Tusk|14\/100\n|move|p1a: Murkrow|Foul Play|p2b: Stanli\n|-supereffective|p2b: Stanli\n|-damage|p2b: Stanli|51\/100\n|move|p1b: Great Tusk|Earthquake|p2a: Will Blunderfield|[spread] p2a,p2b\n|-immune|p1a: Murkrow\n|-damage|p2a: Will Blunderfield|49\/100\n|-damage|p2b: Stanli|1\/100\n|-enditem|p2b: Stanli|Sitrus Berry|[eat]\n|-heal|p2b: Stanli|26\/100|[from] item: Sitrus Berry\n|\n|upkeep\n|turn|3\n|\n|t:|1700447897\n|switch|p2a: A.I.R.|Clefable, L50, M|100\/100\n|move|p2b: Stanli|Psychic|p1b: Great Tusk\n|-supereffective|p1b: Great Tusk\n|-damage|p1b: Great Tusk|0 fnt\n|faint|p1b: Great Tusk\n|-end|p1b: Great Tusk|Protosynthesis|[silent]\n|move|p1a: Murkrow|Foul Play|p2b: Stanli\n|-supereffective|p2b: Stanli\n|-damage|p2b: Stanli|0 fnt\n|faint|p2b: Stanli\n|\n|upkeep\n|\n|t:|1700447907\n|switch|p2b: Crip Mac|Ursaluna, L50, M|100\/100\n|switch|p1b: Ninetales|Ninetales-Alola, L50, F|100\/100\n|-weather|Snow|[from] ability: Snow Warning|[of] p1b: Ninetales\n|turn|4\n|\n|t:|1700447940\n|-terastallize|p2b: Crip Mac|Ghost\n|move|p2a: A.I.R.|Sunny Day|p2a: A.I.R.\n|-weather|SunnyDay\n|move|p2b: Crip Mac|Fire Punch|p1b: Ninetales\n|-supereffective|p1b: Ninetales\n|-damage|p1b: Ninetales|0 fnt\n|faint|p1b: Ninetales\n|move|p1a: Murkrow|Foul Play|p2b: Crip Mac\n|-supereffective|p2b: Crip Mac\n|-damage|p2b: Crip Mac|0 fnt\n|faint|p2b: Crip Mac\n|\n|-weather|SunnyDay|[upkeep]\n|upkeep\n|\n|t:|1700447951\n|switch|p2b: Will Blunderfield|Sableye, L50, M|49\/100\n|switch|p1b: Hydreigon|Hydreigon, L50, F|100\/100\n|turn|5\n|\n|t:|1700447966\n|-terastallize|p1b: Hydreigon|Steel\n|move|p1a: Murkrow|Tailwind|p1a: Murkrow\n|-sidestart|p1: Aquarsene|move: Tailwind\n|move|p2a: A.I.R.|Moonblast|p1b: Hydreigon\n|-resisted|p1b: Hydreigon\n|-damage|p1b: Hydreigon|66\/100\n|move|p2b: Will Blunderfield|Knock Off|p1b: Hydreigon\n|-damage|p1b: Hydreigon|37\/100\n|-enditem|p1b: Hydreigon|Life Orb|[from] move: Knock Off|[of] p2b: Will Blunderfield\n|move|p1b: Hydreigon|Flash Cannon|p2a: A.I.R.\n|-supereffective|p2a: A.I.R.\n|-damage|p2a: A.I.R.|23\/100\n|\n|-weather|SunnyDay|[upkeep]\n|-fieldend|move: Trick Room\n|upkeep\n|turn|6\n|j| Reversery\n|\n|t:|1700447984\n|move|p2b: Will Blunderfield|Quash|p1b: Hydreigon\n|-activate|p1b: Hydreigon|move: Quash\n|move|p1a: Murkrow|Foul Play|p2b: Will Blunderfield\n|-damage|p2b: Will Blunderfield|11\/100\n|-damage|p1a: Murkrow|84\/100|[from] item: Rocky Helmet|[of] p2b: Will Blunderfield\n|move|p2a: A.I.R.|Flamethrower|p1b: Hydreigon\n|-supereffective|p1b: Hydreigon\n|-damage|p1b: Hydreigon|0 fnt\n|faint|p1b: Hydreigon\n|\n|-weather|SunnyDay|[upkeep]\n|upkeep\n|turn|7\n|\n|t:|1700448015\n|move|p1a: Murkrow|Foul Play|p2b: Will Blunderfield\n|-damage|p2b: Will Blunderfield|0 fnt\n|-damage|p1a: Murkrow|68\/100|[from] item: Rocky Helmet|[of] p2b: Will Blunderfield\n|faint|p2b: Will Blunderfield\n|move|p2a: A.I.R.|Moonblast|p1a: Murkrow\n|-supereffective|p1a: Murkrow\n|-damage|p1a: Murkrow|0 fnt\n|faint|p1a: Murkrow\n|\n|win|Gino Bhengazi\n|c|\u2606Aquarsene|gg :)\n","uploadtime":1700448026,"views":13,"p1id":"aquarsene","p2id":"ginobhengazi","formatid":"gen9vgc2023regulatione","rating":0,"private":0,"password":""}