{"id":"gen9vgc2023regulatione-1995847316","p1":"kidturtle","p2":"Cylince","format":"[Gen 9] VGC 2023 Regulation E","log":"|j|\u2606kidturtle\n|j|\u2606Cylince\n|n|\u2606kidturtle|kidturtle\n|n|\u2606Cylince|cylince\n|html|View the match progress at <a href=\"\/game-bestof3-gen9vgc2023regulatione-1995844429\">game-bestof3-gen9vgc2023regulatione-1995844429<\/a>\n|t:|1700609197\n|gametype|doubles\n|player|p1|kidturtle|hoopster|\n|player|p2|Cylince|dahlia|\n|teamsize|p1|6\n|teamsize|p2|6\n|gen|9\n|tier|[Gen 9] VGC 2023 Regulation E\n|rated|Tournament battle\n|rule|Species Clause: Limit one of each Pok\u00e9mon\n|rule|Item Clause: Limit one of each item\n|clearpoke\n|poke|p1|Ursaluna, L50, M|\n|poke|p1|Cresselia, L50, F|\n|poke|p1|Flutter Mane, L50|\n|poke|p1|Chi-Yu, L50|\n|poke|p1|Iron Hands, L50|\n|poke|p1|Urshifu-*, L50, M|\n|poke|p2|Ogerpon-Hearthflame, L50, F|\n|poke|p2|Gyarados, L50, F|\n|poke|p2|Toedscruel, L50, M|\n|poke|p2|Weezing, L50, F|\n|poke|p2|Slaking, L50, F|\n|poke|p2|Flutter Mane, L50|\n|teampreview|4\n|showteam|p1|Ursaluna||FlameOrb|Guts|Facade,Earthquake,SwordsDance,Protect|||M|||50|,,,,,Ghost]Cresselia||MentalHerb|Levitate|IceBeam,AllySwitch,LunarBlessing,TrickRoom|||F|||50|,,,,,Fairy]Flutter Mane||BoosterEnergy|Protosynthesis|IcyWind,ShadowBall,Moonblast,Protect||||||50|,,,,,Fairy]Chi-Yu||ChoiceSpecs|BeadsofRuin|BurningJealousy,DarkPulse,Overheat,Snarl||||||50|,,,,,Ghost]Iron Hands||SitrusBerry|QuarkDrive|DrainPunch,WildCharge,FakeOut,SwordsDance||||||50|,,,,,Fire]Urshifu||FocusSash|UnseenFist|Detect,WickedBlow,CloseCombat,SuckerPunch|||M|||50|,,,,,Dark\n|showteam|p2|Ogerpon-Hearthflame||HearthflameMask|MoldBreaker|IvyCudgel,WoodHammer,SpikyShield,PlayRough|||F|||50|,,,,,Fire]Gyarados||SafetyGoggles|Intimidate|ThunderWave,Waterfall,TeraBlast,DragonDance|||F|||50|,,,,,Ground]Toedscruel||LifeOrb|MyceliumMight|Spore,EnergyBall,EarthPower,TeraBlast|||M|||50|,,,,,Water]Weezing||SitrusBerry|NeutralizingGas|GunkShot,Taunt,WillOWisp,Protect|||F|||50|,,,,,Dark]Slaking||ChoiceBand|Truant|StompingTantrum,GigaImpact,DrainPunch,SuckerPunch|||F|||50|,,,,,Normal]Flutter Mane||ChoiceSpecs|Protosynthesis|DazzlingGleam,IcyWind,ShadowBall,Moonblast||||||50|,,,,,Fairy\n|inactive|Battle timer is ON: inactive players will automatically lose when time's up. (requested by kidturtle)\n|j| PerroDog\n|j| goldenleapfrog\n|l| PerroDog\n|inactive|Cylince has 60 seconds left.\n|\n|t:|1700609238\n|start\n|switch|p1a: Flutter Mane|Flutter Mane, L50, shiny|100\/100\n|switch|p1b: Chi-Yu|Chi-Yu, L50|100\/100\n|switch|p2a: Slaking|Slaking, L50, F|100\/100\n|switch|p2b: Flutter Mane|Flutter Mane, L50|100\/100\n|-ability|p1b: Chi-Yu|Beads of Ruin\n|-enditem|p1a: Flutter Mane|Booster Energy\n|-activate|p1a: Flutter Mane|ability: Protosynthesis|[fromitem]\n|-start|p1a: Flutter Mane|protosynthesisspe\n|turn|1\n|c| goldenleapfrog|The play last game was to save slacking\n|inactive|kidturtle has 30 seconds left.\n|inactive|Cylince has 30 seconds left.\n|inactive|kidturtle has 20 seconds left.\n|\n|t:|1700609276\n|move|p2a: Slaking|Sucker Punch|p1a: Flutter Mane\n|-damage|p1a: Flutter Mane|5\/100\n|move|p1a: Flutter Mane|Shadow Ball|p2b: Flutter Mane\n|-supereffective|p2b: Flutter Mane\n|-damage|p2b: Flutter Mane|10\/100\n|move|p2b: Flutter Mane|Moonblast|p1b: Chi-Yu\n|-damage|p1b: Chi-Yu|27\/100\n|move|p1b: Chi-Yu|Overheat|p2a: Slaking\n|-damage|p2a: Slaking|0 fnt\n|-unboost|p1b: Chi-Yu|spa|2\n|faint|p2a: Slaking\n|\n|upkeep\n|inactive|Cylince has 30 seconds left.\n|j| PenguinStick\n|inactive|Cylince has 20 seconds left.\n|\n|t:|1700609313\n|switch|p2a: Ogerpon|Ogerpon-Hearthflame, L50, F|100\/100\n|-ability|p2a: Ogerpon|Mold Breaker\n|turn|2\n|j| dianciexia\n|c| goldenleapfrog|Specially defensive flutter mane?\n|inactive|Cylince has 30 seconds left.\n|inactive|kidturtle has 30 seconds left.\n|inactive|Cylince has 20 seconds left.\n|inactive|Cylince has 15 seconds left.\n|j| MEXES\n|\n|t:|1700609356\n|-end|p2b: Flutter Mane|Protosynthesis|[silent]\n|switch|p2b: Weezing|Weezing, L50, F|100\/100\n|-ability|p2b: Weezing|Neutralizing Gas\n|-terastallize|p2a: Ogerpon|Fire\n|detailschange|p2a: Ogerpon|Ogerpon-Hearthflame-Tera, L50, F, tera:Fire\n|move|p1a: Flutter Mane|Shadow Ball|p2b: Weezing\n|-damage|p2b: Weezing|59\/100\n|move|p2a: Ogerpon|Ivy Cudgel|p1a: Flutter Mane|[anim] Ivy Cudgel Fire\n|-damage|p1a: Flutter Mane|0 fnt\n|faint|p1a: Flutter Mane\n|-end|p1a: Flutter Mane|Protosynthesis|[silent]\n|move|p1b: Chi-Yu|Overheat|p2a: Ogerpon\n|-resisted|p2a: Ogerpon\n|-damage|p2a: Ogerpon|70\/100\n|-unboost|p1b: Chi-Yu|spa|2\n|\n|upkeep\n|inactive|kidturtle has 30 seconds left.\n|inactive|kidturtle has 20 seconds left.\n|inactive|kidturtle has 15 seconds left.\n|\n|t:|1700609398\n|switch|p1a: Cresselia|Cresselia, L50, F|100\/100\n|turn|3\n|\n|t:|1700609404\n|move|p2a: Ogerpon|Ivy Cudgel|p1a: Cresselia|[anim] Ivy Cudgel Fire\n|-damage|p1a: Cresselia|57\/100\n|move|p1b: Chi-Yu|Overheat|p2b: Weezing|[miss]\n|-miss|p1b: Chi-Yu|p2b: Weezing\n|move|p2b: Weezing|Gunk Shot|p1b: Chi-Yu\n|-damage|p1b: Chi-Yu|0 fnt\n|faint|p1b: Chi-Yu\n|move|p1a: Cresselia|Trick Room|p1a: Cresselia\n|-fieldstart|move: Trick Room|[of] p1a: Cresselia\n|\n|upkeep\n|\n|t:|1700609411\n|switch|p1b: Ursaluna|Ursaluna, L50, M|100\/100\n|turn|4\n|\n|t:|1700609428\n|-terastallize|p1b: Ursaluna|Ghost\n|move|p2a: Ogerpon|Spiky Shield|p2a: Ogerpon\n|-singleturn|p2a: Ogerpon|move: Protect\n|move|p1b: Ursaluna|Swords Dance|p1b: Ursaluna\n|-boost|p1b: Ursaluna|atk|2\n|move|p2b: Weezing|Gunk Shot|p1b: Ursaluna\n|-resisted|p1b: Ursaluna\n|-damage|p1b: Ursaluna|87\/100\n|move|p1a: Cresselia|Lunar Blessing|p1a: Cresselia|[spread] p1a,p1b\n|-heal|p1a: Cresselia|82\/100\n|-heal|p1b: Ursaluna|100\/100\n|\n|-status|p1b: Ursaluna|brn|[from] item: Flame Orb\n|upkeep\n|turn|5\n|inactive|Cylince has 30 seconds left.\n|\n|t:|1700609455\n|switch|p2a: Flutter Mane|Flutter Mane, L50|10\/100\n|move|p1b: Ursaluna|Earthquake|p2b: Weezing|[spread] p1a,p2a,p2b\n|-supereffective|p2b: Weezing\n|-damage|p1a: Cresselia|55\/100\n|-damage|p2a: Flutter Mane|0 fnt\n|-damage|p2b: Weezing|0 fnt\n|faint|p2a: Flutter Mane\n|-end|p2a: Flutter Mane|Protosynthesis|[silent]\n|faint|p2b: Weezing\n|-end|p2b: Weezing|ability: Neutralizing Gas\n|move|p1a: Cresselia|Lunar Blessing|p1a: Cresselia|[spread] p1a,p1b\n|-heal|p1a: Cresselia|80\/100\n|-curestatus|p1b: Ursaluna|brn|[msg]\n|\n|-status|p1b: Ursaluna|brn|[from] item: Flame Orb\n|upkeep\n|\n|t:|1700609462\n|switch|p2a: Ogerpon|Ogerpon-Hearthflame-Tera, L50, F, tera:Fire|70\/100\n|-ability|p2a: Ogerpon|Embody Aspect (Hearthflame)|boost\n|-boost|p2a: Ogerpon|atk|1\n|turn|6\n|c|\u2606Cylince|gg\n|\n|t:|1700609469\n|move|p2a: Ogerpon|Spiky Shield|p2a: Ogerpon\n|-singleturn|p2a: Ogerpon|move: Protect\n|move|p1b: Ursaluna|Facade|p2a: Ogerpon\n|-activate|p2a: Ogerpon|move: Protect\n|-damage|p1b: Ursaluna|88\/100 brn|[from] Spiky Shield|[of] p2a: Ogerpon\n|move|p1a: Cresselia|Lunar Blessing|p1a: Cresselia|[spread] p1a,p1b\n|-heal|p1a: Cresselia|100\/100\n|-heal|p1b: Ursaluna|100\/100 brn\n|-curestatus|p1b: Ursaluna|brn|[msg]\n|\n|-status|p1b: Ursaluna|brn|[from] item: Flame Orb\n|upkeep\n|turn|7\n|j| Cdogp\n|\n|t:|1700609478\n|move|p2a: Ogerpon|Spiky Shield||[still]\n|-fail|p2a: Ogerpon\n|move|p1b: Ursaluna|Facade|p2a: Ogerpon\n|-damage|p2a: Ogerpon|0 fnt\n|faint|p2a: Ogerpon\n|\n|win|kidturtle\n|c|\u2606kidturtle|gg\n","uploadtime":1700609485,"views":14,"p1id":"kidturtle","p2id":"cylince","formatid":"gen9vgc2023regulatione","rating":0,"private":0,"password":""}