{"id":"gen9vgc2023regulatione-1997425012","p1":"Yassooooo","p2":"Proffesor_Karrot","format":"[Gen 9] VGC 2023 Regulation E","log":"|j|\u2606Yassooooo\n|j|\u2606Proffesor_Karrot\n|t:|1700803042\n|gametype|doubles\n|player|p1|Yassooooo|102|1640\n|player|p2|Proffesor_Karrot|lady|1657\n|teamsize|p1|6\n|teamsize|p2|6\n|gen|9\n|tier|[Gen 9] VGC 2023 Regulation E\n|rated|\n|rule|Species Clause: Limit one of each Pok\u00e9mon\n|rule|Item Clause: Limit one of each item\n|clearpoke\n|poke|p1|Torkoal, L50, F|\n|poke|p1|Ursaluna, L50, M|\n|poke|p1|Sableye, L50, M|\n|poke|p1|Moltres-Galar, L50|\n|poke|p1|Flutter Mane, L50|\n|poke|p1|Glimmora, L50, M|\n|poke|p2|Farigiraf, L50, F|\n|poke|p2|Landorus, L50, M|\n|poke|p2|Urshifu-*, L50, F|\n|poke|p2|Heatran, L50, M|\n|poke|p2|Iron Bundle, L50|\n|poke|p2|Rillaboom, L50, M|\n|teampreview|4\n|inactive|Battle timer is ON: inactive players will automatically lose when time's up. (requested by Proffesor_Karrot)\n|j| Digimonuniverse\n|inactive|Proffesor_Karrot has 60 seconds left.\n|\n|t:|1700803079\n|start\n|switch|p1a: Sableye|Sableye, L50, M|100\/100\n|switch|p1b: Moltres|Moltres-Galar, L50|100\/100\n|switch|p2a: Heatran|Heatran, L50, M|100\/100\n|switch|p2b: Farigiraf|Farigiraf, L50, F|100\/100\n|turn|1\n|\n|t:|1700803093\n|-terastallize|p2b: Farigiraf|Fire\n|move|p1a: Sableye|Skill Swap|p1b: Moltres\n|-activate|p1a: Sableye|move: Skill Swap|||[of] p1b: Moltres\n|move|p1b: Moltres|Substitute|p1b: Moltres\n|-start|p1b: Moltres|Substitute\n|-damage|p1b: Moltres|76\/100\n|move|p2a: Heatran|Magma Storm|p1b: Moltres\n|-end|p1b: Moltres|Substitute\n|move|p2b: Farigiraf|Hyper Voice|p1a: Sableye|[spread] p1b\n|-immune|p1a: Sableye\n|-damage|p1b: Moltres|57\/100\n|-enditem|p2b: Farigiraf|Throat Spray\n|-boost|p2b: Farigiraf|spa|1|[from] item: Throat Spray\n|\n|upkeep\n|turn|2\n|inactive|Yassooooo has 30 seconds left.\n|\n|t:|1700803119\n|move|p1b: Moltres|Protect|p1b: Moltres\n|-singleturn|p1b: Moltres|Protect\n|move|p2a: Heatran|Heat Wave|p1a: Sableye|[spread] p1a\n|-activate|p1b: Moltres|move: Protect\n|-damage|p1a: Sableye|54\/100\n|-enditem|p1a: Sableye|Eject Button\n|\n|t:|1700803128\n|switch|p1a: Ursaluna|Ursaluna, L50, M|100\/100\n|move|p2b: Farigiraf|Hyper Voice|p1a: Ursaluna|[spread] p1a\n|-activate|p1b: Moltres|move: Protect\n|-damage|p1a: Ursaluna|55\/100\n|\n|-status|p1a: Ursaluna|brn|[from] item: Flame Orb\n|upkeep\n|turn|3\n|\n|t:|1700803139\n|-terastallize|p1a: Ursaluna|Ghost\n|move|p1b: Moltres|After You|p1a: Ursaluna\n|-activate|p1a: Ursaluna|move: After You\n|move|p1a: Ursaluna|Earthquake|p2b: Farigiraf|[spread] p2a,p2b\n|-immune|p1b: Moltres\n|-supereffective|p2a: Heatran\n|-supereffective|p2b: Farigiraf\n|-damage|p2a: Heatran|0 fnt\n|-damage|p2b: Farigiraf|0 fnt\n|faint|p2a: Heatran\n|faint|p2b: Farigiraf\n|\n|-damage|p1a: Ursaluna|49\/100 brn|[from] brn\n|upkeep\n|\n|t:|1700803153\n|switch|p2a: Landorus|Landorus, L50, M|100\/100\n|switch|p2b: Rillaboom|Rillaboom, L50, M|100\/100\n|-fieldstart|move: Grassy Terrain|[from] ability: Grassy Surge|[of] p2b: Rillaboom\n|turn|4\n|\n|t:|1700803168\n|move|p1b: Moltres|After You|p1a: Ursaluna\n|-activate|p1a: Ursaluna|move: After You\n|move|p1a: Ursaluna|Facade|p2a: Landorus\n|-crit|p2a: Landorus\n|-damage|p2a: Landorus|0 fnt\n|faint|p2a: Landorus\n|move|p2b: Rillaboom|Wood Hammer|p1a: Ursaluna\n|-damage|p1a: Ursaluna|0 fnt\n|faint|p1a: Ursaluna\n|-damage|p2b: Rillaboom|82\/100|[from] Recoil\n|\n|-heal|p2b: Rillaboom|88\/100|[from] Grassy Terrain\n|upkeep\n|\n|t:|1700803177\n|switch|p1a: Sableye|Sableye, L50, M|54\/100\n|turn|5\n|\n|t:|1700803183\n|move|p1a: Sableye|Fake Out|p2b: Rillaboom\n|-crit|p2b: Rillaboom\n|-damage|p2b: Rillaboom|77\/100\n|move|p1b: Moltres|Fiery Wrath|p2b: Rillaboom\n|-crit|p2b: Rillaboom\n|-damage|p2b: Rillaboom|18\/100\n|cant|p2b: Rillaboom|flinch\n|\n|-heal|p2b: Rillaboom|24\/100|[from] Grassy Terrain\n|-heal|p1a: Sableye|60\/100|[from] Grassy Terrain\n|upkeep\n|turn|6\n|\n|t:|1700803193\n|move|p2b: Rillaboom|Grassy Glide|p1b: Moltres\n|-resisted|p1b: Moltres\n|-damage|p1b: Moltres|37\/100\n|move|p1a: Sableye|Disable|p2b: Rillaboom\n|-start|p2b: Rillaboom|Disable|Grassy Glide\n|move|p1b: Moltres|Fiery Wrath|p2b: Rillaboom\n|-damage|p2b: Rillaboom|0 fnt\n|faint|p2b: Rillaboom\n|\n|win|Yassooooo\n|raw|Yassooooo's rating: 1640 &rarr; <strong>1661<\/strong><br \/>(+21 for winning)\n|raw|Proffesor_Karrot's rating: 1657 &rarr; <strong>1636<\/strong><br \/>(-21 for losing)\n|l|\u2606Proffesor_Karrot\n|l|\u2606Yassooooo\n","uploadtime":1700803214,"views":3,"p1id":"yassooooo","p2id":"proffesorkarrot","formatid":"gen9vgc2023regulatione","rating":1636,"private":0,"password":""}