{"id":"gen9vgc2023regulatione-1998846832","p1":"brdurrani","p2":"Zemigas2004","format":"[Gen 9] VGC 2023 Regulation E","log":"|j|\u2606brdurrani\n|j|\u2606Zemigas2004\n|t:|1701002374\n|gametype|doubles\n|player|p1|brdurrani|benga|1167\n|player|p2|Zemigas2004|ethan|1201\n|teamsize|p1|6\n|teamsize|p2|6\n|gen|9\n|tier|[Gen 9] VGC 2023 Regulation E\n|rated|\n|rule|Species Clause: Limit one of each Pok\u00e9mon\n|rule|Item Clause: Limit one of each item\n|clearpoke\n|poke|p1|Iron Bundle, L50|\n|poke|p1|Chien-Pao, L50|\n|poke|p1|Baxcalibur, L50, F|\n|poke|p1|Ninetales-Alola, L50, M|\n|poke|p1|Dragonite, L50, M|\n|poke|p1|Heatran, L50, M|\n|poke|p2|Thundurus, L50, M|\n|poke|p2|Volcarona, L50, F|\n|poke|p2|Enamorus, L50, F|\n|poke|p2|Garchomp, L50, M|\n|poke|p2|Chien-Pao, L50|\n|poke|p2|Amoonguss, L50, F|\n|teampreview|4\n|\n|t:|1701002427\n|start\n|switch|p1a: Ninetales|Ninetales-Alola, L50, M, shiny|100\/100\n|switch|p1b: Iron Bundle|Iron Bundle, L50|100\/100\n|switch|p2a: Thundurus|Thundurus, L50, M|100\/100\n|switch|p2b: Volcarona|Volcarona, L50, F|100\/100\n|-weather|Snow|[from] ability: Snow Warning|[of] p1a: Ninetales\n|-enditem|p1b: Iron Bundle|Booster Energy\n|-activate|p1b: Iron Bundle|ability: Quark Drive|[fromitem]\n|-start|p1b: Iron Bundle|quarkdrivespa\n|turn|1\n|\n|t:|1701002444\n|-terastallize|p2b: Volcarona|Grass\n|move|p2a: Thundurus|Rain Dance|p2a: Thundurus\n|-weather|RainDance\n|move|p1b: Iron Bundle|Hydro Pump|p2b: Volcarona\n|-resisted|p2b: Volcarona\n|-damage|p2b: Volcarona|47\/100\n|-enditem|p2b: Volcarona|Sitrus Berry|[eat]\n|-heal|p2b: Volcarona|72\/100|[from] item: Sitrus Berry\n|move|p1a: Ninetales|Blizzard|p2a: Thundurus|[spread] p2a,p2b\n|-supereffective|p2a: Thundurus\n|-supereffective|p2b: Volcarona\n|-damage|p2a: Thundurus|35\/100\n|-damage|p2b: Volcarona|19\/100\n|move|p2b: Volcarona|Quiver Dance|p2b: Volcarona\n|-boost|p2b: Volcarona|spa|1\n|-boost|p2b: Volcarona|spd|1\n|-boost|p2b: Volcarona|spe|1\n|\n|-weather|RainDance|[upkeep]\n|upkeep\n|turn|2\n|\n|t:|1701002462\n|move|p2a: Thundurus|Scary Face|p1b: Iron Bundle\n|-unboost|p1b: Iron Bundle|spe|2\n|move|p2b: Volcarona|Heat Wave|p1a: Ninetales|[spread] p1a,p1b\n|-supereffective|p1a: Ninetales\n|-damage|p1a: Ninetales|39\/100\n|-damage|p1b: Iron Bundle|50\/100\n|move|p1a: Ninetales|Blizzard|p2a: Thundurus|[spread] p2a,p2b\n|-supereffective|p2a: Thundurus\n|-supereffective|p2b: Volcarona\n|-damage|p2a: Thundurus|0 fnt\n|-damage|p2b: Volcarona|0 fnt\n|faint|p2a: Thundurus\n|faint|p2b: Volcarona\n|move|p1b: Iron Bundle|Freeze-Dry|p2: Thundurus|[notarget]\n|-fail|p1b: Iron Bundle\n|\n|-weather|RainDance|[upkeep]\n|upkeep\n|\n|t:|1701002467\n|switch|p2a: Garchomp|Garchomp, L50, M|100\/100\n|switch|p2b: Enamorus|Enamorus, L50, F|100\/100\n|turn|3\n|\n|t:|1701002500\n|switch|p1a: Heatran|Heatran, L50, M, shiny|100\/100\n|-end|p1b: Iron Bundle|Quark Drive|[silent]\n|switch|p1b: Chien-Pao|Chien-Pao, L50|100\/100\n|-ability|p1b: Chien-Pao|Sword of Ruin\n|move|p2b: Enamorus|Moonblast|p1a: Heatran\n|-resisted|p1a: Heatran\n|-damage|p1a: Heatran|92\/100\n|move|p2a: Garchomp|Earthquake|p1b: Chien-Pao|[spread] p1a,p1b\n|-immune|p2b: Enamorus\n|-supereffective|p1a: Heatran\n|-damage|p1a: Heatran|0 fnt\n|-damage|p1b: Chien-Pao|42\/100\n|faint|p1a: Heatran\n|\n|-weather|RainDance|[upkeep]\n|upkeep\n|\n|t:|1701002512\n|switch|p1a: Ninetales|Ninetales-Alola, L50, M, shiny|39\/100\n|-weather|Snow|[from] ability: Snow Warning|[of] p1a: Ninetales\n|turn|4\n|\n|t:|1701002527\n|move|p2a: Garchomp|Protect|p2a: Garchomp\n|-singleturn|p2a: Garchomp|Protect\n|move|p2b: Enamorus|Moonblast|p1b: Chien-Pao\n|-supereffective|p1b: Chien-Pao\n|-damage|p1b: Chien-Pao|0 fnt\n|faint|p1b: Chien-Pao\n|move|p1a: Ninetales|Aurora Veil|p1a: Ninetales\n|-sidestart|p1: brdurrani|move: Aurora Veil\n|\n|-weather|Snow|[upkeep]\n|upkeep\n|\n|t:|1701002540\n|switch|p1b: Iron Bundle|Iron Bundle, L50|50\/100\n|turn|5\n|\n|t:|1701002551\n|move|p2b: Enamorus|Moonblast|p1a: Ninetales\n|-damage|p1a: Ninetales|0 fnt\n|faint|p1a: Ninetales\n|move|p1b: Iron Bundle|Blizzard|p2b: Enamorus|[spread] p2a,p2b\n|-supereffective|p2a: Garchomp\n|-supereffective|p2b: Enamorus\n|-damage|p2a: Garchomp|0 fnt\n|-damage|p2b: Enamorus|0 fnt\n|faint|p2a: Garchomp\n|faint|p2b: Enamorus\n|\n|win|brdurrani\n|raw|brdurrani's rating: 1167 &rarr; <strong>1194<\/strong><br \/>(+27 for winning)\n|raw|Zemigas2004's rating: 1201 &rarr; <strong>1174<\/strong><br \/>(-27 for losing)\n|l|\u2606brdurrani\n","uploadtime":1701002574,"views":2,"p1id":"brdurrani","p2id":"zemigas2004","formatid":"gen9vgc2023regulatione","rating":1174,"private":0,"password":""}