{"id":"gen9vgc2023regulatione-1999341468","p1":"bigg.mac210","p2":"ThannaOcto","format":"[Gen 9] VGC 2023 Regulation E","log":"|j|\u2606bigg.mac210\n|j|\u2606ThannaOcto\n|t:|1701063222\n|gametype|doubles\n|player|p1|bigg.mac210|2|\n|player|p2|ThannaOcto|aaron|\n|teamsize|p1|6\n|teamsize|p2|6\n|gen|9\n|tier|[Gen 9] VGC 2023 Regulation E\n|rule|Species Clause: Limit one of each Pok\u00e9mon\n|rule|Item Clause: Limit one of each item\n|clearpoke\n|poke|p1|Jumpluff, L50, M|\n|poke|p1|Charizard, L50, F|\n|poke|p1|Ninetales, L50, M|\n|poke|p1|Orthworm, L50, M|\n|poke|p1|Mudsdale, L50, F|\n|poke|p1|Ambipom, L50, M|\n|poke|p2|Scovillain, L50, M|\n|poke|p2|Dragapult, L50, F|\n|poke|p2|Fezandipiti, L50, M|\n|poke|p2|Dudunsparce-*, L50, F|\n|poke|p2|Talonflame, L50, F|\n|poke|p2|Brambleghast, L50, M|\n|teampreview|4\n|\n|t:|1701063245\n|start\n|switch|p1a: Ninetales|Ninetales, L50, M|100\/100\n|switch|p1b: Ambipom|Ambipom, L50, M|100\/100\n|switch|p2a: Suzaku|Talonflame, L50, F|100\/100\n|switch|p2b: Morbol|Brambleghast, L50, M|100\/100\n|-weather|SunnyDay|[from] ability: Drought|[of] p1a: Ninetales\n|turn|1\n|\n|t:|1701063283\n|-terastallize|p1b: Ambipom|Normal\n|move|p2a: Suzaku|Tailwind|p2a: Suzaku\n|-sidestart|p2: ThannaOcto|move: Tailwind\n|-ability|p2b: Morbol|Wind Rider|boost\n|-boost|p2b: Morbol|atk|1\n|move|p2b: Morbol|Phantom Force||[still]\n|-prepare|p2b: Morbol|Phantom Force\n|move|p1b: Ambipom|Double Hit|p2a: Suzaku\n|-damage|p2a: Suzaku|53\/100\n|-damage|p2a: Suzaku|2\/100\n|-hitcount|p2a: Suzaku|2\n|move|p1a: Ninetales|Overheat|p2a: Suzaku\n|-resisted|p2a: Suzaku\n|-damage|p2a: Suzaku|0 fnt\n|-unboost|p1a: Ninetales|spa|2\n|-enditem|p1a: Ninetales|Eject Pack\n|faint|p2a: Suzaku\n|\n|t:|1701063311\n|switch|p1a: Jumpluff|Jumpluff, L50, M|100\/100\n|\n|-weather|SunnyDay|[upkeep]\n|upkeep\n|\n|t:|1701063322\n|switch|p2a: Brute Justice|Dudunsparce-Three-Segment, L50, F|100\/100\n|turn|2\n|\n|t:|1701063350\n|-terastallize|p2a: Brute Justice|Flying\n|move|p1a: Jumpluff|Tailwind|p1a: Jumpluff\n|-sidestart|p1: bigg.mac210|move: Tailwind\n|move|p1b: Ambipom|Double Hit|p2a: Brute Justice\n|-damage|p2a: Brute Justice|77\/100\n|-damage|p2a: Brute Justice|50\/100\n|-hitcount|p2a: Brute Justice|2\n|move|p2b: Morbol|Phantom Force|p1a: Jumpluff|[from]lockedmove\n|-damage|p1a: Jumpluff|0 fnt\n|faint|p1a: Jumpluff\n|-damage|p2b: Morbol|90\/100|[from] item: Life Orb\n|move|p2a: Brute Justice|Hurricane|p1b: Ambipom\n|-damage|p1b: Ambipom|44\/100\n|\n|-weather|SunnyDay|[upkeep]\n|upkeep\n|\n|t:|1701063364\n|switch|p1a: Charizard|Charizard, L50, F|100\/100\n|turn|3\n|\n|t:|1701063383\n|move|p1a: Charizard|Heat Wave|p2a: Brute Justice|[spread] p2a\n|-ability|p2b: Morbol|Wind Rider|boost\n|-boost|p2b: Morbol|atk|1\n|-damage|p2a: Brute Justice|0 fnt\n|faint|p2a: Brute Justice\n|move|p1b: Ambipom|Double Hit|p2b: Morbol\n|-immune|p2b: Morbol\n|move|p2b: Morbol|Power Whip|p1b: Ambipom\n|-damage|p1b: Ambipom|0 fnt\n|faint|p1b: Ambipom\n|-damage|p2b: Morbol|80\/100|[from] item: Life Orb\n|\n|-weather|SunnyDay|[upkeep]\n|-damage|p1a: Charizard|88\/100|[from] ability: Solar Power|[of] p1a: Charizard\n|upkeep\n|\n|t:|1701063397\n|switch|p1b: Ninetales|Ninetales, L50, M|100\/100\n|switch|p2a: Mist Dragon|Dragapult, L50, F|100\/100\n|turn|4\n|\n|t:|1701063494\n|move|p2b: Morbol|Protect|p2b: Morbol\n|-singleturn|p2b: Morbol|Protect\n|move|p2a: Mist Dragon|Sucker Punch|p1a: Charizard\n|-damage|p1a: Charizard|54\/100\n|move|p1a: Charizard|Heat Wave|p2a: Mist Dragon|[spread] p2a\n|-activate|p2b: Morbol|move: Protect\n|-resisted|p2a: Mist Dragon\n|-damage|p2a: Mist Dragon|54\/100\n|-start|p1a: Charizard|Disable|Heat Wave|[from] ability: Cursed Body|[of] p2a: Mist Dragon\n|move|p1b: Ninetales|Overheat|p2b: Morbol\n|-activate|p2b: Morbol|move: Protect\n|\n|-weather|SunnyDay|[upkeep]\n|-damage|p1a: Charizard|42\/100|[from] ability: Solar Power|[of] p1a: Charizard\n|-sideend|p2: ThannaOcto|move: Tailwind\n|upkeep\n|turn|5\n|\n|t:|1701063521\n|move|p2a: Mist Dragon|Sucker Punch|p1a: Charizard\n|-damage|p1a: Charizard|10\/100\n|-activate|p1a: Charizard|move: Struggle\n|move|p1a: Charizard|Struggle|p2a: Mist Dragon\n|-damage|p2a: Mist Dragon|43\/100\n|-damage|p1a: Charizard|0 fnt|[from] recoil\n|faint|p1a: Charizard\n|move|p1b: Ninetales|Overheat|p2b: Morbol\n|-supereffective|p2b: Morbol\n|-damage|p2b: Morbol|0 fnt\n|-unboost|p1b: Ninetales|spa|2\n|faint|p2b: Morbol\n|\n|-weather|none\n|-sideend|p1: bigg.mac210|move: Tailwind\n|upkeep\n|turn|6\n|c|\u2606bigg.mac210|unlunky with that disable\n|\n|t:|1701063645\n|move|p2a: Mist Dragon|Dragon Darts|p1b: Ninetales\n|-damage|p1b: Ninetales|64\/100\n|-anim|p2a: Mist Dragon|Dragon Darts|p1b: Ninetales\n|-damage|p1b: Ninetales|25\/100\n|move|p1b: Ninetales|Will-O-Wisp|p2a: Mist Dragon\n|-status|p2a: Mist Dragon|brn\n|\n|-damage|p2a: Mist Dragon|37\/100 brn|[from] brn\n|upkeep\n|turn|7\n|\n|t:|1701063659\n|move|p2a: Mist Dragon|Dragon Darts|p1b: Ninetales\n|-damage|p1b: Ninetales|7\/100\n|-anim|p2a: Mist Dragon|Dragon Darts|p1b: Ninetales\n|-damage|p1b: Ninetales|0 fnt\n|faint|p1b: Ninetales\n|\n|win|ThannaOcto\n|c|\u2606ThannaOcto|GGs\n","uploadtime":1701063670,"views":23,"p1id":"biggmac210","p2id":"thannaocto","formatid":"gen9vgc2023regulatione","rating":0,"private":0,"password":""}