{"id":"gen9vgc2023regulatione-1991408039","p1":"doormattyy","p2":"Gato_can","format":"[Gen 9] VGC 2023 Regulation E","log":"|j|\u2606doormattyy\n|j|\u2606Gato_can\n|t:|1700074575\n|gametype|doubles\n|player|p1|doormattyy|1|1143\n|player|p2|Gato_can|266|1169\n|teamsize|p1|6\n|teamsize|p2|6\n|gen|9\n|tier|[Gen 9] VGC 2023 Regulation E\n|rated|\n|rule|Species Clause: Limit one of each Pok\u00e9mon\n|rule|Item Clause: Limit one of each item\n|clearpoke\n|poke|p1|Cresselia, L50, F|\n|poke|p1|Sableye, L50, F|\n|poke|p1|Landorus-Therian, L50, M|\n|poke|p1|Milotic, L50, F|\n|poke|p1|Rillaboom, L50, F|\n|poke|p1|Urshifu-*, L50, M|\n|poke|p2|Iron Hands, L50|\n|poke|p2|Heatran, L50, M|\n|poke|p2|Ursaluna-Bloodmoon, L50, M|\n|poke|p2|Dusclops, L50, F|\n|poke|p2|Glimmora, L50, F|\n|poke|p2|Glastrier, L50|\n|teampreview|4\ndoormattyy rejected open team sheets.\n|inactive|Battle timer is ON: inactive players will automatically lose when time's up. (requested by doormattyy)\n|inactive|doormattyy has 60 seconds left.\n|\n|t:|1700074609\n|start\n|switch|p1a: Sableye|Sableye, L50, F|100\/100\n|switch|p1b: Milotic|Milotic, L50, F|100\/100\n|switch|p2a: Dusclops|Dusclops, L50, F|100\/100\n|switch|p2b: Glastrier|Glastrier, L50|100\/100\n|-ability|p2a: Dusclops|Pressure\n|turn|1\n|\n|t:|1700074628\n|-terastallize|p2b: Glastrier|Ghost\n|move|p1a: Sableye|Taunt|p2a: Dusclops\n|-start|p2a: Dusclops|move: Taunt\n|move|p1b: Milotic|Hypnosis|p2b: Glastrier|[miss]\n|-miss|p1b: Milotic|p2b: Glastrier\n|move|p2b: Glastrier|Tera Blast|p1a: Sableye|[anim] Tera Blast Ghost\n|-damage|p1a: Sableye|22\/100\n|cant|p2a: Dusclops|move: Taunt|Trick Room\n|\n|upkeep\n|turn|2\n|\n|t:|1700074644\n|move|p1a: Sableye|Gravity|p1a: Sableye\n|-fieldstart|move: Gravity\n|move|p1b: Milotic|Hypnosis|p2b: Glastrier\n|-status|p2b: Glastrier|slp|[from] move: Hypnosis\n|cant|p2b: Glastrier|slp\n|move|p2a: Dusclops|Night Shade|p1b: Milotic\n|-damage|p1b: Milotic|74\/100\n|\n|upkeep\n|turn|3\n|\n|t:|1700074662\n|switch|p1a: Urshifu|Urshifu, L50, M|100\/100\n|move|p1b: Milotic|Hypnosis|p2a: Dusclops\n|-status|p2a: Dusclops|slp|[from] move: Hypnosis\n|cant|p2b: Glastrier|slp\n|cant|p2a: Dusclops|slp\n|\n|-end|p2a: Dusclops|move: Taunt\n|upkeep\n|turn|4\n|\n|t:|1700074675\n|move|p1a: Urshifu|Wicked Blow|p2b: Glastrier\n|-supereffective|p2b: Glastrier\n|-crit|p2b: Glastrier\n|-damage|p2b: Glastrier|0 fnt\n|faint|p2b: Glastrier\n|move|p1b: Milotic|Hydro Pump|p2a: Dusclops\n|-crit|p2a: Dusclops\n|-damage|p2a: Dusclops|61\/100 slp\n|cant|p2a: Dusclops|slp\n|\n|upkeep\n|\n|t:|1700074686\n|switch|p2b: Glimmora|Glimmora, L50, F|100\/100\n|turn|5\n|\n|t:|1700074695\n|move|p1a: Urshifu|Wicked Blow|p2a: Dusclops\n|-supereffective|p2a: Dusclops\n|-crit|p2a: Dusclops\n|-damage|p2a: Dusclops|0 fnt\n|faint|p2a: Dusclops\n|move|p1b: Milotic|Hydro Pump|p2b: Glimmora\n|-supereffective|p2b: Glimmora\n|-damage|p2b: Glimmora|44\/100\n|move|p2b: Glimmora|Mortal Spin|p1b: Milotic|[spread] p1a,p1b\n|-damage|p1a: Urshifu|95\/100\n|-damage|p1b: Milotic|69\/100\n|-status|p1a: Urshifu|psn\n|-status|p1b: Milotic|psn\n|\n|-damage|p1a: Urshifu|83\/100 psn|[from] psn\n|-damage|p1b: Milotic|57\/100 psn|[from] psn\n|upkeep\n|\n|t:|1700074707\n|switch|p2a: Ursaluna|Ursaluna-Bloodmoon, L50, M|100\/100\n|turn|6\n|\n|t:|1700074716\n|move|p1a: Urshifu|Drain Punch|p2a: Ursaluna\n|-supereffective|p2a: Ursaluna\n|-damage|p2a: Ursaluna|40\/100\n|-heal|p1a: Urshifu|100\/100 psn|[from] drain|[of] p2a: Ursaluna\n|move|p1b: Milotic|Hypnosis|p2a: Ursaluna\n|-status|p2a: Ursaluna|slp|[from] move: Hypnosis\n|move|p2b: Glimmora|Sludge Wave|p1a: Urshifu|[spread] p2a,p1a,p1b\n|-resisted|p2a: Ursaluna\n|-damage|p2a: Ursaluna|22\/100 slp\n|-damage|p1a: Urshifu|52\/100 psn\n|-damage|p1b: Milotic|36\/100 psn\n|-enditem|p1b: Milotic|Sitrus Berry|[eat]\n|-heal|p1b: Milotic|61\/100 psn|[from] item: Sitrus Berry\n|cant|p2a: Ursaluna|slp\n|\n|-damage|p1a: Urshifu|40\/100 psn|[from] psn\n|-damage|p1b: Milotic|48\/100 psn|[from] psn\n|-fieldend|move: Gravity\n|upkeep\n|turn|7\n|\n|t:|1700074739\n|move|p1a: Urshifu|Drain Punch|p2b: Glimmora\n|-damage|p2b: Glimmora|6\/100\n|-heal|p1a: Urshifu|58\/100 psn|[from] drain|[of] p2b: Glimmora\n|-activate|p2b: Glimmora|ability: Toxic Debris\n|-sidestart|p1: doormattyy|move: Toxic Spikes\n|move|p1b: Milotic|Hydro Pump|p2a: Ursaluna\n|-supereffective|p2a: Ursaluna\n|-damage|p2a: Ursaluna|0 fnt\n|faint|p2a: Ursaluna\n|move|p2b: Glimmora|Sludge Wave|p1a: Urshifu|[spread] p1a,p1b\n|-damage|p1a: Urshifu|13\/100 psn\n|-damage|p1b: Milotic|26\/100 psn\n|\n|-damage|p1a: Urshifu|1\/100 psn|[from] psn\n|-damage|p1b: Milotic|14\/100 psn|[from] psn\n|upkeep\n|turn|8\n|-message|Gato_can forfeited.\n|\n|win|doormattyy\n|raw|doormattyy's rating: 1143 &rarr; <strong>1170<\/strong><br \/>(+27 for winning)\n|raw|Gato_can's rating: 1169 &rarr; <strong>1142<\/strong><br \/>(-27 for losing)\n|l|\u2606Gato_can\n","uploadtime":1700074759,"views":21,"p1id":"doormattyy","p2id":"gatocan","formatid":"gen9vgc2023regulatione","rating":1142,"private":0,"password":""}