{"id":"gen9vgc2023regulatione-1996501644","p1":"ElQuePruebaTimsUwU","p2":"Rean411","format":"[Gen 9] VGC 2023 Regulation E","log":"|j|\u2606ElQuePruebaTimsUwU\n|j|\u2606Rean411\n|t:|1700688206\n|gametype|doubles\n|player|p1|ElQuePruebaTimsUwU|cyrus|1269\n|player|p2|Rean411|101|1359\n|teamsize|p1|6\n|teamsize|p2|6\n|gen|9\n|tier|[Gen 9] VGC 2023 Regulation E\n|rated|\n|rule|Species Clause: Limit one of each Pok\u00e9mon\n|rule|Item Clause: Limit one of each item\n|clearpoke\n|poke|p1|Indeedee-F, L50, F|\n|poke|p1|Armarouge, L50, M|\n|poke|p1|Braviary-Hisui, L50, M|\n|poke|p1|Flutter Mane, L50|\n|poke|p1|Tauros-Paldea-Aqua, L50, M|\n|poke|p1|Urshifu-*, L50, M|\n|poke|p2|Iron Hands, L50|\n|poke|p2|Chien-Pao, L50|\n|poke|p2|Annihilape, L50, M|\n|poke|p2|Ninetales-Alola, L50, F|\n|poke|p2|Amoonguss, L50, M|\n|poke|p2|Arcanine-Hisui, L50, M|\n|teampreview|4\n|inactive|Battle timer is ON: inactive players will automatically lose when time's up. (requested by ElQuePruebaTimsUwU)\n|inactive|Rean411 has 60 seconds left.\n|inactive|Rean411 has 30 seconds left.\n|\n|t:|1700688281\n|start\n|switch|p1a: Armarouge|Armarouge, L50, M, shiny|100\/100\n|switch|p1b: Urshifu|Urshifu, L50, M|100\/100\n|switch|p2a: Chien-Pao|Chien-Pao, L50|100\/100\n|switch|p2b: Arcanine|Arcanine-Hisui, L50, M|100\/100\n|-ability|p2a: Chien-Pao|Sword of Ruin\n|-ability|p2b: Arcanine|Intimidate|boost\n|-unboost|p1a: Armarouge|atk|1\n|-unboost|p1b: Urshifu|atk|1\n|turn|1\n|inactive|Rean411 has 30 seconds left.\n|inactive|Rean411 has 20 seconds left.\n|inactive|Rean411 has 15 seconds left.\n|inactive|Rean411 has 10 seconds left.\n|inactive|Rean411 has 5 seconds left.\n|\n|t:|1700688336\n|-terastallize|p1a: Armarouge|Psychic\n|move|p1a: Armarouge|Protect|p1a: Armarouge\n|-singleturn|p1a: Armarouge|Protect\n|move|p1b: Urshifu|U-turn|p1a: Armarouge\n|-supereffective|p1a: Armarouge\n|-damage|p1a: Armarouge|53\/100\n|-ability|p1a: Armarouge|Weak Armor|boost\n|-unboost|p1a: Armarouge|def|1\n|-boost|p1a: Armarouge|spe|2\n|-enditem|p1a: Armarouge|Weakness Policy\n|-boost|p1a: Armarouge|atk|2|[from] item: Weakness Policy\n|-boost|p1a: Armarouge|spa|2|[from] item: Weakness Policy\n|\n|t:|1700688348\n|switch|p1b: Indeedee|Indeedee-F, L50, F|100\/100|[from] U-turn\n|-fieldstart|move: Psychic Terrain|[from] ability: Psychic Surge|[of] p1b: Indeedee\n|-enditem|p1b: Indeedee|Psychic Seed\n|-boost|p1b: Indeedee|spd|1|[from] item: Psychic Seed\n|move|p2a: Chien-Pao|Ice Spinner|p1b: Indeedee\n|-damage|p1b: Indeedee|43\/100\n|-fieldend|move: Psychic Terrain\n|move|p2b: Arcanine|Flare Blitz|p1a: Armarouge\n|-activate|p1a: Armarouge|move: Protect\n|\n|upkeep\n|turn|2\n|inactive|Rean411 has 30 seconds left.\n|\n|t:|1700688383\n|move|p2a: Chien-Pao|Protect|p2a: Chien-Pao\n|-singleturn|p2a: Chien-Pao|Protect\n|move|p1b: Indeedee|Follow Me|p1b: Indeedee\n|-singleturn|p1b: Indeedee|move: Follow Me\n|move|p1a: Armarouge|Heat Wave|p2b: Arcanine|[spread] p2b\n|-activate|p2a: Chien-Pao|move: Protect\n|-resisted|p2b: Arcanine\n|-damage|p2b: Arcanine|84\/100\n|move|p2b: Arcanine|Snarl|p1b: Indeedee|[spread] p1a,p1b\n|-supereffective|p1a: Armarouge\n|-supereffective|p1b: Indeedee\n|-damage|p1a: Armarouge|33\/100\n|-damage|p1b: Indeedee|32\/100\n|-unboost|p1a: Armarouge|spa|1\n|-unboost|p1b: Indeedee|spa|1\n|\n|upkeep\n|turn|3\n|inactive|Rean411 has 30 seconds left.\n|inactive|ElQuePruebaTimsUwU has 30 seconds left.\n|\n|t:|1700688421\n|switch|p2a: Iron Hands|Iron Hands, L50|100\/100\n|switch|p1b: Urshifu|Urshifu, L50, M|100\/100\n|move|p1a: Armarouge|Destiny Bond|p1a: Armarouge\n|-singlemove|p1a: Armarouge|Destiny Bond\n|move|p2b: Arcanine|Flare Blitz|p1b: Urshifu\n|-damage|p1b: Urshifu|49\/100\n|-damage|p2b: Arcanine|67\/100|[from] Recoil\n|\n|upkeep\n|turn|4\n|inactive|ElQuePruebaTimsUwU has 30 seconds left.\n|inactive|Rean411 has 30 seconds left.\n|inactive|Rean411 has 20 seconds left.\n|inactive|Rean411 has 15 seconds left.\n|inactive|Rean411 has 10 seconds left.\n|inactive|Rean411 has 5 seconds left.\n|\n|t:|1700688475\n|switch|p1b: Indeedee|Indeedee-F, L50, F|32\/100\n|-fieldstart|move: Psychic Terrain|[from] ability: Psychic Surge|[of] p1b: Indeedee\n|move|p2a: Iron Hands|Fake Out|p1b: Indeedee\n|-activate|p1b: Indeedee|move: Psychic Terrain\n|move|p1a: Armarouge|Expanding Force|p2a: Iron Hands|[spread] p2a,p2b\n|-supereffective|p2a: Iron Hands\n|-damage|p2a: Iron Hands|0 fnt\n|-damage|p2b: Arcanine|0 fnt\n|faint|p2a: Iron Hands\n|-end|p2a: Iron Hands|Quark Drive|[silent]\n|faint|p2b: Arcanine\n|\n|upkeep\n|inactive|Rean411 has 30 seconds left.\n|inactive|Rean411 has 20 seconds left.\n|inactive|Rean411 has 15 seconds left.\n|inactive|Rean411 has 10 seconds left.\n|inactive|Rean411 has 5 seconds left.\n|\n|t:|1700688530\n|switch|p2b: Amoonguss|Amoonguss, L50, M|100\/100\n|switch|p2a: Chien-Pao|Chien-Pao, L50|100\/100\n|-ability|p2a: Chien-Pao|Sword of Ruin\n|turn|5\n|inactive|ElQuePruebaTimsUwU has 30 seconds left.\n|inactive|Rean411 has 30 seconds left.\n|inactive|ElQuePruebaTimsUwU has 20 seconds left.\n|inactive|Rean411 has 20 seconds left.\n|inactive|ElQuePruebaTimsUwU has 15 seconds left.\n|inactive|Rean411 has 15 seconds left.\n|inactive|ElQuePruebaTimsUwU has 10 seconds left.\n|inactive|Rean411 has 10 seconds left.\n|inactive|ElQuePruebaTimsUwU has 5 seconds left.\n|inactive|Rean411 has 5 seconds left.\n|\n|t:|1700688583\n|-terastallize|p2b: Amoonguss|Water\n|move|p1a: Armarouge|Heat Wave|p2a: Chien-Pao|[spread] p2a,p2b\n|-supereffective|p2a: Chien-Pao\n|-crit|p2a: Chien-Pao\n|-resisted|p2b: Amoonguss\n|-enditem|p2a: Chien-Pao|Focus Sash\n|-damage|p2a: Chien-Pao|1\/100\n|-damage|p2b: Amoonguss|79\/100\n|move|p2a: Chien-Pao|Ice Spinner|p1b: Indeedee\n|-damage|p1b: Indeedee|0 fnt\n|-fieldend|move: Psychic Terrain\n|faint|p1b: Indeedee\n|move|p2b: Amoonguss|Spore|p1a: Armarouge\n|-status|p1a: Armarouge|slp|[from] move: Spore\n|\n|upkeep\n|inactive|ElQuePruebaTimsUwU has 30 seconds left.\n|inactive|ElQuePruebaTimsUwU has 20 seconds left.\n|inactive|ElQuePruebaTimsUwU has 15 seconds left.\n|\n|t:|1700688627\n|switch|p1b: Urshifu|Urshifu, L50, M|49\/100\n|turn|6\n|inactive|ElQuePruebaTimsUwU has 30 seconds left.\n|inactive|Rean411 has 30 seconds left.\n|l|\u2606ElQuePruebaTimsUwU\n|inactive|ElQuePruebaTimsUwU disconnected and has a minute to reconnect!\n|player|p1|\n|inactive|ElQuePruebaTimsUwU has 20 seconds left.\n|inactive|Rean411 has 20 seconds left.\n|j|\u2606ElQuePruebaTimsUwU\n|inactive|ElQuePruebaTimsUwU reconnected and has 20 seconds left.\n|player|p1|ElQuePruebaTimsUwU|cyrus\n|inactive|ElQuePruebaTimsUwU has 15 seconds left.\n|inactive|Rean411 has 15 seconds left.\n|inactive|ElQuePruebaTimsUwU has 10 seconds left.\n|inactive|Rean411 has 10 seconds left.\n|inactive|ElQuePruebaTimsUwU has 5 seconds left.\n|inactive|Rean411 has 5 seconds left.\n|\n|t:|1700688682\n|cant|p1a: Armarouge|slp\n|move|p1b: Urshifu|Wicked Blow|p2a: Chien-Pao\n|-resisted|p2a: Chien-Pao\n|-crit|p2a: Chien-Pao\n|-damage|p2a: Chien-Pao|0 fnt\n|faint|p2a: Chien-Pao\n|move|p2b: Amoonguss|Leaf Storm|p1a: Armarouge\n|-crit|p1a: Armarouge\n|-damage|p1a: Armarouge|0 fnt\n|-unboost|p2b: Amoonguss|spa|2\n|faint|p1a: Armarouge\n|\n|upkeep\n|\n|t:|1700688694\n|switch|p1a: Flutter Mane|Flutter Mane, L50|100\/100\n|turn|7\n|inactive|Rean411 has 30 seconds left.\n|\n|t:|1700688719\n|move|p1b: Urshifu|Wicked Blow|p2b: Amoonguss\n|-crit|p2b: Amoonguss\n|-damage|p2b: Amoonguss|26\/100\n|-damage|p1b: Urshifu|32\/100|[from] item: Rocky Helmet|[of] p2b: Amoonguss\n|move|p1a: Flutter Mane|Moonblast|p2b: Amoonguss\n|-damage|p2b: Amoonguss|0 fnt\n|faint|p2b: Amoonguss\n|\n|win|ElQuePruebaTimsUwU\n|raw|ElQuePruebaTimsUwU's rating: 1269 &rarr; <strong>1300<\/strong><br \/>(+31 for winning)\n|raw|Rean411's rating: 1359 &rarr; <strong>1334<\/strong><br \/>(-25 for losing)\n|c|\u2606Rean411|GGWP\n|l|\u2606Rean411\n|l|\u2606ElQuePruebaTimsUwU\n|j|\u2606ElQuePruebaTimsUwU\n|player|p1|ElQuePruebaTimsUwU|cyrus\n","uploadtime":1700688774,"views":10,"p1id":"elquepruebatimsuwu","p2id":"rean411","formatid":"gen9vgc2023regulatione","rating":1300,"private":0,"password":""}