{"id":"gen9vgc2023regulatione-1994338745","p1":"Jop 33 in a row","p2":"Fadop","format":"[Gen 9] VGC 2023 Regulation E","log":"|j|\u2606Jop 33 in a row\n|j|\u2606Fadop\n|t:|1700432719\n|gametype|doubles\n|player|p1|Jop 33 in a row|lillie|1115\n|player|p2|Fadop|clay|1141\n|teamsize|p1|6\n|teamsize|p2|6\n|gen|9\n|tier|[Gen 9] VGC 2023 Regulation E\n|rated|\n|rule|Species Clause: Limit one of each Pok\u00e9mon\n|rule|Item Clause: Limit one of each item\n|clearpoke\n|poke|p1|Moltres-Galar, L50|\n|poke|p1|Arcanine-Hisui, L50, M|\n|poke|p1|Munkidori, L50, M|\n|poke|p1|Sinistcha, L50|\n|poke|p1|Grimmsnarl, L50, M|\n|poke|p1|Milotic, L50, F|\n|poke|p2|Urshifu-*, L50, M|\n|poke|p2|Ninetales-Alola, L50, F|\n|poke|p2|Baxcalibur, L50, M|\n|poke|p2|Flutter Mane, L50|\n|poke|p2|Heatran, L50, F|\n|poke|p2|Landorus-Therian, L50, M|\n|teampreview|4\n|inactive|Battle timer is ON: inactive players will automatically lose when time's up. (requested by Jop 33 in a row)\n|\n|t:|1700432754\n|start\n|switch|p1a: Grimmsnarl|Grimmsnarl, L50, M, shiny|100\/100\n|switch|p1b: Arcanine|Arcanine-Hisui, L50, M, shiny|100\/100\n|switch|p2a: Flutter Mane|Flutter Mane, L50|100\/100\n|switch|p2b: Urshifu|Urshifu, L50, M|100\/100\n|-ability|p1b: Arcanine|Intimidate|boost\n|-unboost|p2a: Flutter Mane|atk|1\n|-unboost|p2b: Urshifu|atk|1\n|-enditem|p2a: Flutter Mane|Booster Energy\n|-activate|p2a: Flutter Mane|ability: Protosynthesis|[fromitem]\n|-start|p2a: Flutter Mane|protosynthesisspe\n|turn|1\n|inactive|Fadop has 30 seconds left.\n|\n|t:|1700432788\n|-terastallize|p1b: Arcanine|Fairy\n|move|p2b: Urshifu|Sucker Punch|p1b: Arcanine\n|-resisted|p1b: Arcanine\n|-crit|p1b: Arcanine\n|-damage|p1b: Arcanine|62\/100\n|move|p1a: Grimmsnarl|Light Screen|p1a: Grimmsnarl\n|-sidestart|p1: Jop 33 in a row|move: Light Screen\n|move|p2a: Flutter Mane|Shadow Ball|p1b: Arcanine\n|-damage|p1b: Arcanine|39\/100\n|move|p1b: Arcanine|Tera Blast|p2b: Urshifu|[anim] Tera Blast Fairy\n|-supereffective|p2b: Urshifu\n|-damage|p2b: Urshifu|0 fnt\n|faint|p2b: Urshifu\n|\n|upkeep\n|\n|t:|1700432800\n|switch|p2b: Heatran|Heatran, L50, F|100\/100\n|turn|2\n|\n|t:|1700432811\n|move|p2a: Flutter Mane|Protect|p2a: Flutter Mane\n|-singleturn|p2a: Flutter Mane|Protect\n|move|p1a: Grimmsnarl|Parting Shot|p2b: Heatran\n|-unboost|p2b: Heatran|atk|1\n|-unboost|p2b: Heatran|spa|1\n|\n|t:|1700432816\n|switch|p1a: Sinistcha|Sinistcha, L50, shiny|100\/100|[from] Parting Shot\n|-heal|p1b: Arcanine|64\/100|[from] ability: Hospitality|[of] p1a: Sinistcha\n|move|p1b: Arcanine|Rock Slide|p2b: Heatran|[spread] p2b\n|-activate|p2a: Flutter Mane|move: Protect\n|-damage|p2b: Heatran|77\/100\n|move|p2b: Heatran|Flash Cannon|p1b: Arcanine\n|-supereffective|p1b: Arcanine\n|-damage|p1b: Arcanine|35\/100\n|\n|upkeep\n|turn|3\n|\n|t:|1700432835\n|switch|p1a: Grimmsnarl|Grimmsnarl, L50, M, shiny|100\/100\n|move|p2a: Flutter Mane|Shadow Ball|p1a: Grimmsnarl\n|-resisted|p1a: Grimmsnarl\n|-damage|p1a: Grimmsnarl|87\/100\n|move|p1b: Arcanine|Rock Slide|p2b: Heatran|[spread] p2a,p2b\n|-damage|p2a: Flutter Mane|34\/100\n|-damage|p2b: Heatran|54\/100\n|move|p2b: Heatran|Flash Cannon|p1b: Arcanine\n|-supereffective|p1b: Arcanine\n|-damage|p1b: Arcanine|4\/100\n|\n|upkeep\n|turn|4\n|inactive|Fadop has 30 seconds left.\n|\n|t:|1700432861\n|move|p1a: Grimmsnarl|Parting Shot|p2a: Flutter Mane\n|-unboost|p2a: Flutter Mane|atk|1\n|-unboost|p2a: Flutter Mane|spa|1\n|\n|t:|1700432869\n|switch|p1a: Sinistcha|Sinistcha, L50, shiny|100\/100|[from] Parting Shot\n|-heal|p1b: Arcanine|29\/100|[from] ability: Hospitality|[of] p1a: Sinistcha\n|move|p2a: Flutter Mane|Dazzling Gleam|p1b: Arcanine|[spread] p1a,p1b\n|-damage|p1a: Sinistcha|87\/100\n|-damage|p1b: Arcanine|18\/100\n|move|p1b: Arcanine|Rock Slide|p2a: Flutter Mane|[spread] p2b\n|-miss|p1b: Arcanine|p2a: Flutter Mane\n|-damage|p2b: Heatran|28\/100\n|move|p2b: Heatran|Flash Cannon|p1a: Sinistcha\n|-damage|p1a: Sinistcha|68\/100\n|\n|upkeep\n|turn|5\n|\n|t:|1700432892\n|switch|p1b: Grimmsnarl|Grimmsnarl, L50, M, shiny|87\/100\n|move|p2a: Flutter Mane|Shadow Ball|p1b: Grimmsnarl\n|-resisted|p1b: Grimmsnarl\n|-damage|p1b: Grimmsnarl|77\/100\n|move|p2b: Heatran|Flash Cannon|p1a: Sinistcha\n|-damage|p1a: Sinistcha|47\/100\n|move|p1a: Sinistcha|Trick Room|p1a: Sinistcha\n|-fieldstart|move: Trick Room|[of] p1a: Sinistcha\n|\n|upkeep\n|turn|6\n|\n|t:|1700432913\n|move|p2a: Flutter Mane|Protect|p2a: Flutter Mane\n|-singleturn|p2a: Flutter Mane|Protect\n|move|p1b: Grimmsnarl|Parting Shot|p2b: Heatran\n|-unboost|p2b: Heatran|atk|1\n|-unboost|p2b: Heatran|spa|1\n|\n|t:|1700432926\n|switch|p1b: Arcanine|Arcanine-Hisui, L50, M, shiny, tera:Fairy|18\/100|[from] Parting Shot\n|-ability|p1b: Arcanine|Intimidate|boost\n|-unboost|p2a: Flutter Mane|atk|1\n|-unboost|p2b: Heatran|atk|1\n|move|p1a: Sinistcha|Life Dew|p1a: Sinistcha|[spread] p1a,p1b\n|-heal|p1a: Sinistcha|72\/100\n|-heal|p1b: Arcanine|44\/100\n|move|p2b: Heatran|Flash Cannon|p1b: Arcanine\n|-supereffective|p1b: Arcanine\n|-damage|p1b: Arcanine|21\/100\n|-unboost|p1b: Arcanine|spd|1\n|\n|upkeep\n|turn|7\n|\n|t:|1700432947\n|move|p1a: Sinistcha|Life Dew|p1a: Sinistcha|[spread] p1a,p1b\n|-heal|p1a: Sinistcha|98\/100\n|-heal|p1b: Arcanine|46\/100\n|move|p2b: Heatran|Flash Cannon|p1a: Sinistcha\n|-damage|p1a: Sinistcha|83\/100\n|move|p1b: Arcanine|Rock Slide|p2b: Heatran|[spread] p2a,p2b\n|-damage|p2a: Flutter Mane|0 fnt\n|-damage|p2b: Heatran|3\/100\n|faint|p2a: Flutter Mane\n|-end|p2a: Flutter Mane|Protosynthesis|[silent]\n|\n|upkeep\n|\n|t:|1700432957\n|switch|p2a: Landorus|Landorus-Therian, L50, M|100\/100\n|-ability|p2a: Landorus|Intimidate|boost\n|-unboost|p1a: Sinistcha|atk|1\n|-unboost|p1b: Arcanine|atk|1\n|turn|8\n|inactive|Fadop has 30 seconds left.\n|\n|t:|1700432988\n|switch|p1b: Grimmsnarl|Grimmsnarl, L50, M, shiny|77\/100\n|-terastallize|p2a: Landorus|Flying\n|move|p1a: Sinistcha|Matcha Gotcha|p2a: Landorus|[spread] p2a,p2b\n|-resisted|p2a: Landorus\n|-resisted|p2b: Heatran\n|-damage|p2a: Landorus|85\/100\n|-heal|p1a: Sinistcha|91\/100|[from] drain|[of] p2a: Landorus\n|-damage|p2b: Heatran|0 fnt\n|-heal|p1a: Sinistcha|92\/100|[from] drain|[of] p2b: Heatran\n|-status|p2a: Landorus|brn\n|faint|p2b: Heatran\n|move|p2a: Landorus|Tera Blast|p1b: Grimmsnarl|[anim] Tera Blast Flying\n|-damage|p1b: Grimmsnarl|50\/100\n|\n|-damage|p2a: Landorus|79\/100 brn|[from] brn\n|-sideend|p1: Jop 33 in a row|move: Light Screen\n|upkeep\n|turn|9\n|-message|Fadop forfeited.\n|\n|win|Jop 33 in a row\n|raw|Jop 33 in a row's rating: 1115 &rarr; <strong>1142<\/strong><br \/>(+27 for winning)\n|raw|Fadop's rating: 1141 &rarr; <strong>1114<\/strong><br \/>(-27 for losing)\n|l|\u2606Fadop\n","uploadtime":1700433010,"views":6,"p1id":"jop33inarow","p2id":"fadop","formatid":"gen9vgc2023regulatione","rating":1114,"private":0,"password":""}