{"id":"gen9vgc2023regulatione-1993675235","p1":"Steve9998","p2":"frogmanthegrinch","format":"[Gen 9] VGC 2023 Regulation E","log":"|j|\u2606Steve9998\n|j|\u2606frogmanthegrinch\n|t:|1700344285\n|gametype|doubles\n|player|p1|Steve9998|266|1088\n|player|p2|frogmanthegrinch|proton|1043\n|teamsize|p1|6\n|teamsize|p2|6\n|gen|9\n|tier|[Gen 9] VGC 2023 Regulation E\n|rated|\n|rule|Species Clause: Limit one of each Pok\u00e9mon\n|rule|Item Clause: Limit one of each item\n|clearpoke\n|poke|p1|Urshifu-*, L50, F|\n|poke|p1|Iron Hands, L50|\n|poke|p1|Chien-Pao, L50|\n|poke|p1|Tornadus, L50, M|\n|poke|p1|Gholdengo, L50|\n|poke|p1|Arcanine-Hisui, L50, F|\n|poke|p2|Wo-Chien, L50|\n|poke|p2|Heatran, L50, F|\n|poke|p2|Grimmsnarl, L50, M|\n|poke|p2|Arcanine-Hisui, L50, F|\n|poke|p2|Volcarona, L50, F|\n|poke|p2|Ogerpon, L50, F|\n|teampreview|4\n|\n|t:|1700344324\n|start\n|switch|p1a: Tornadus|Tornadus, L50, M|100\/100\n|switch|p1b: Iron Hands|Iron Hands, L50, shiny|100\/100\n|switch|p2a: Grimmsnarl|Grimmsnarl, L50, M|100\/100\n|switch|p2b: Volcarona|Volcarona, L50, F|100\/100\n|turn|1\n|\n|t:|1700344342\n|move|p2a: Grimmsnarl|Fake Out|p1b: Iron Hands\n|-damage|p1b: Iron Hands|91\/100\n|cant|p1b: Iron Hands|flinch\n|move|p1a: Tornadus|Rain Dance|p1a: Tornadus\n|-weather|RainDance\n|move|p2b: Volcarona|Tailwind|p2b: Volcarona\n|-sidestart|p2: frogmanthegrinch|move: Tailwind\n|\n|-weather|RainDance|[upkeep]\n|upkeep\n|turn|2\n|\n|t:|1700344364\n|-end|p1b: Iron Hands|Quark Drive|[silent]\n|switch|p1b: Urshifu|Urshifu-Rapid-Strike, L50, F|100\/100\n|move|p2a: Grimmsnarl|Parting Shot|p1b: Urshifu\n|-unboost|p1b: Urshifu|atk|1\n|-unboost|p1b: Urshifu|spa|1\n|\n|t:|1700344370\n|switch|p2a: Wo-Chien|Wo-Chien, L50|100\/100|[from] Parting Shot\n|-ability|p2a: Wo-Chien|Tablets of Ruin\n|move|p1a: Tornadus|Tailwind|p1a: Tornadus\n|-sidestart|p1: Steve9998|move: Tailwind\n|move|p2b: Volcarona|Fire Spin|p1b: Urshifu\n|-resisted|p1b: Urshifu\n|-crit|p1b: Urshifu\n|-damage|p1b: Urshifu|92\/100\n|-activate|p1b: Urshifu|move: Fire Spin|[of] p2b: Volcarona\n|\n|-weather|RainDance|[upkeep]\n|-damage|p1b: Urshifu|80\/100|[from] move: Fire Spin|[partiallytrapped]\n|upkeep\n|turn|3\n|\n|t:|1700344403\n|move|p1b: Urshifu|Surging Strikes|p2b: Volcarona\n|-supereffective|p2b: Volcarona\n|-crit|p2b: Volcarona\n|-damage|p2b: Volcarona|43\/100\n|-status|p1b: Urshifu|brn|[from] ability: Flame Body|[of] p2b: Volcarona\n|-enditem|p2b: Volcarona|Sitrus Berry|[eat]\n|-heal|p2b: Volcarona|68\/100|[from] item: Sitrus Berry\n|-supereffective|p2b: Volcarona\n|-crit|p2b: Volcarona\n|-damage|p2b: Volcarona|39\/100\n|-supereffective|p2b: Volcarona\n|-crit|p2b: Volcarona\n|-damage|p2b: Volcarona|7\/100\n|-hitcount|p2b: Volcarona|3\n|move|p1a: Tornadus|Bleakwind Storm|p2b: Volcarona|[spread] p2a,p2b\n|-supereffective|p2a: Wo-Chien\n|-supereffective|p2b: Volcarona\n|-damage|p2a: Wo-Chien|57\/100\n|-damage|p2b: Volcarona|0 fnt\n|faint|p2b: Volcarona\n|move|p2a: Wo-Chien|Leech Seed|p1b: Urshifu\n|-start|p1b: Urshifu|move: Leech Seed\n|\n|-weather|RainDance|[upkeep]\n|-damage|p1b: Urshifu|68\/100 brn|[from] Leech Seed|[of] p2a: Wo-Chien\n|-heal|p2a: Wo-Chien|68\/100|[silent]\n|-damage|p1b: Urshifu|63\/100 brn|[from] brn\n|-end|p1b: Urshifu|Fire Spin|[partiallytrapped]|[silent]\n|upkeep\n|\n|t:|1700344423\n|switch|p2b: Grimmsnarl|Grimmsnarl, L50, M|100\/100\n|turn|4\n|\n|t:|1700344437\n|switch|p1b: Arcanine|Arcanine-Hisui, L50, F, shiny|100\/100\n|-ability|p1b: Arcanine|Intimidate|boost\n|-unboost|p2a: Wo-Chien|atk|1\n|-unboost|p2b: Grimmsnarl|atk|1\n|move|p2b: Grimmsnarl|Fake Out|p1a: Tornadus\n|-damage|p1a: Tornadus|90\/100\n|cant|p1a: Tornadus|flinch\n|move|p2a: Wo-Chien|Knock Off|p1b: Arcanine\n|-damage|p1b: Arcanine|78\/100\n|-enditem|p1b: Arcanine|Choice Band|[from] move: Knock Off|[of] p2a: Wo-Chien\n|\n|-weather|RainDance|[upkeep]\n|-sideend|p2: frogmanthegrinch|move: Tailwind\n|upkeep\n|turn|5\n|\n|t:|1700344464\n|-terastallize|p1b: Arcanine|Fairy\n|move|p2a: Wo-Chien|Protect|p2a: Wo-Chien\n|-singleturn|p2a: Wo-Chien|Protect\n|move|p2b: Grimmsnarl|Parting Shot|p1a: Tornadus\n|-unboost|p1a: Tornadus|atk|1\n|-unboost|p1a: Tornadus|spa|1\n|\n|t:|1700344472\n|switch|p2b: Heatran|Heatran, L50, F|100\/100|[from] Parting Shot\n|move|p1b: Arcanine|Flare Blitz|p2a: Wo-Chien\n|-activate|p2a: Wo-Chien|move: Protect\n|move|p1a: Tornadus|Bleakwind Storm|p2a: Wo-Chien|[spread] p2b\n|-activate|p2a: Wo-Chien|move: Protect\n|-resisted|p2b: Heatran\n|-damage|p2b: Heatran|92\/100\n|\n|-weather|none\n|-sideend|p1: Steve9998|move: Tailwind\n|upkeep\n|turn|6\n|\n|t:|1700344513\n|move|p1a: Tornadus|Rain Dance|p1a: Tornadus\n|-weather|RainDance\n|move|p1b: Arcanine|Rock Slide|p2a: Wo-Chien|[spread] p2a,p2b\n|-damage|p2a: Wo-Chien|46\/100\n|-damage|p2b: Heatran|75\/100\n|move|p2b: Heatran|Flash Cannon|p1b: Arcanine\n|-supereffective|p1b: Arcanine\n|-damage|p1b: Arcanine|0 fnt\n|faint|p1b: Arcanine\n|move|p2a: Wo-Chien|Knock Off|p1a: Tornadus\n|-damage|p1a: Tornadus|66\/100\n|-enditem|p1a: Tornadus|Sitrus Berry|[from] move: Knock Off|[of] p2a: Wo-Chien\n|\n|-weather|RainDance|[upkeep]\n|upkeep\n|\n|t:|1700344525\n|switch|p1b: Urshifu|Urshifu-Rapid-Strike, L50, F|63\/100 brn\n|turn|7\n|\n|t:|1700344549\n|switch|p2b: Grimmsnarl|Grimmsnarl, L50, M|100\/100\n|move|p1a: Tornadus|Tailwind|p1a: Tornadus\n|-sidestart|p1: Steve9998|move: Tailwind\n|move|p1b: Urshifu|Surging Strikes|p2b: Grimmsnarl\n|-crit|p2b: Grimmsnarl\n|-damage|p2b: Grimmsnarl|86\/100\n|-crit|p2b: Grimmsnarl\n|-damage|p2b: Grimmsnarl|72\/100\n|-crit|p2b: Grimmsnarl\n|-damage|p2b: Grimmsnarl|59\/100\n|-hitcount|p2b: Grimmsnarl|3\n|move|p2a: Wo-Chien|Leech Seed|p1b: Urshifu\n|-start|p1b: Urshifu|move: Leech Seed\n|\n|-weather|RainDance|[upkeep]\n|-heal|p2b: Grimmsnarl|65\/100|[from] item: Leftovers\n|-damage|p1b: Urshifu|51\/100 brn|[from] Leech Seed|[of] p2a: Wo-Chien\n|-heal|p2a: Wo-Chien|57\/100|[silent]\n|-damage|p1b: Urshifu|45\/100 brn|[from] brn\n|upkeep\n|turn|8\n|\n|t:|1700344573\n|move|p2b: Grimmsnarl|Fake Out|p1a: Tornadus\n|-damage|p1a: Tornadus|51\/100\n|move|p1b: Urshifu|Surging Strikes|p2b: Grimmsnarl\n|-crit|p2b: Grimmsnarl\n|-damage|p2b: Grimmsnarl|51\/100\n|-crit|p2b: Grimmsnarl\n|-damage|p2b: Grimmsnarl|38\/100\n|-crit|p2b: Grimmsnarl\n|-damage|p2b: Grimmsnarl|25\/100\n|-hitcount|p2b: Grimmsnarl|3\n|cant|p1a: Tornadus|flinch\n|move|p2a: Wo-Chien|Ruination|p1a: Tornadus\n|-damage|p1a: Tornadus|26\/100\n|\n|-weather|RainDance|[upkeep]\n|-heal|p2b: Grimmsnarl|31\/100|[from] item: Leftovers\n|-damage|p1b: Urshifu|33\/100 brn|[from] Leech Seed|[of] p2a: Wo-Chien\n|-heal|p2a: Wo-Chien|68\/100|[silent]\n|-damage|p1b: Urshifu|27\/100 brn|[from] brn\n|upkeep\n|turn|9\n|\n|t:|1700344599\n|switch|p1b: Iron Hands|Iron Hands, L50, shiny|91\/100\n|move|p1a: Tornadus|Bleakwind Storm|p2a: Wo-Chien|[spread] p2a,p2b\n|-supereffective|p2a: Wo-Chien\n|-damage|p2a: Wo-Chien|33\/100\n|-damage|p2b: Grimmsnarl|2\/100\n|-unboost|p2a: Wo-Chien|spe|1\n|move|p2b: Grimmsnarl|Spirit Break|p1b: Iron Hands\n|-supereffective|p1b: Iron Hands\n|-damage|p1b: Iron Hands|48\/100\n|-unboost|p1b: Iron Hands|spa|1\n|move|p2a: Wo-Chien|Leech Seed|p1a: Tornadus\n|-start|p1a: Tornadus|move: Leech Seed\n|\n|-weather|RainDance|[upkeep]\n|-heal|p2b: Grimmsnarl|8\/100|[from] item: Leftovers\n|-damage|p1a: Tornadus|13\/100|[from] Leech Seed|[of] p2a: Wo-Chien\n|-heal|p2a: Wo-Chien|45\/100|[silent]\n|upkeep\n|turn|10\n|\n|t:|1700344620\n|move|p2a: Wo-Chien|Protect|p2a: Wo-Chien\n|-singleturn|p2a: Wo-Chien|Protect\n|move|p1b: Iron Hands|Fake Out|p2a: Wo-Chien\n|-activate|p2a: Wo-Chien|move: Protect\n|move|p2b: Grimmsnarl|Parting Shot|p1b: Iron Hands\n|-unboost|p1b: Iron Hands|atk|1\n|-unboost|p1b: Iron Hands|spa|1\n|\n|t:|1700344628\n|switch|p2b: Heatran|Heatran, L50, F|75\/100|[from] Parting Shot\n|move|p1a: Tornadus|Bleakwind Storm|p2b: Heatran|[spread] p2b\n|-activate|p2a: Wo-Chien|move: Protect\n|-resisted|p2b: Heatran\n|-damage|p2b: Heatran|68\/100\n|\n|-weather|none\n|-damage|p1a: Tornadus|1\/100|[from] Leech Seed|[of] p2a: Wo-Chien\n|-heal|p2a: Wo-Chien|57\/100|[silent]\n|-sideend|p1: Steve9998|move: Tailwind\n|upkeep\n|turn|11\n|\n|t:|1700344664\n|-terastallize|p2b: Heatran|Flying\n|move|p1a: Tornadus|Tailwind|p1a: Tornadus\n|-sidestart|p1: Steve9998|move: Tailwind\n|move|p1b: Iron Hands|Drain Punch|p2b: Heatran\n|-resisted|p2b: Heatran\n|-damage|p2b: Heatran|59\/100\n|-heal|p1b: Iron Hands|52\/100|[from] drain|[of] p2b: Heatran\n|move|p2b: Heatran|Earth Power|p1b: Iron Hands\n|-supereffective|p1b: Iron Hands\n|-damage|p1b: Iron Hands|19\/100\n|move|p2a: Wo-Chien|Knock Off|p1b: Iron Hands\n|-resisted|p1b: Iron Hands\n|-damage|p1b: Iron Hands|13\/100\n|-enditem|p1b: Iron Hands|Assault Vest|[from] move: Knock Off|[of] p2a: Wo-Chien\n|\n|-damage|p1a: Tornadus|0 fnt|[from] Leech Seed|[of] p2a: Wo-Chien\n|-heal|p2a: Wo-Chien|58\/100|[silent]\n|faint|p1a: Tornadus\n|upkeep\n|\n|t:|1700344680\n|switch|p1a: Urshifu|Urshifu-Rapid-Strike, L50, F|27\/100 brn\n|turn|12\n|\n|t:|1700344705\n|move|p1a: Urshifu|Close Combat|p2a: Wo-Chien\n|-supereffective|p2a: Wo-Chien\n|-damage|p2a: Wo-Chien|12\/100\n|-unboost|p1a: Urshifu|def|1\n|-unboost|p1a: Urshifu|spd|1\n|-damage|p1a: Urshifu|11\/100 brn|[from] item: Rocky Helmet|[of] p2a: Wo-Chien\n|move|p1b: Iron Hands|Wild Charge|p2b: Heatran\n|-supereffective|p2b: Heatran\n|-damage|p2b: Heatran|17\/100\n|-damage|p1b: Iron Hands|5\/100|[from] Recoil\n|move|p2b: Heatran|Heat Wave|p1a: Urshifu|[spread] p1a,p1b\n|-resisted|p1a: Urshifu\n|-crit|p1b: Iron Hands\n|-damage|p1a: Urshifu|0 fnt\n|-damage|p1b: Iron Hands|0 fnt\n|faint|p1a: Urshifu\n|faint|p1b: Iron Hands\n|-end|p1b: Iron Hands|Quark Drive|[silent]\n|\n|win|frogmanthegrinch\n|raw|Steve9998's rating: 1088 &rarr; <strong>1062<\/strong><br \/>(-26 for losing)\n|raw|frogmanthegrinch's rating: 1043 &rarr; <strong>1081<\/strong><br \/>(+38 for winning)\n|l|\u2606frogmanthegrinch\n","uploadtime":1700344723,"views":7,"p1id":"steve9998","p2id":"frogmanthegrinch","formatid":"gen9vgc2023regulatione","rating":1062,"private":0,"password":""}