{"id":"gen9vgc2023regulatione-1996442607","p1":"Mait27","p2":"Drewski116","format":"[Gen 9] VGC 2023 Regulation E","log":"|j|\u2606Mait27\n|j|\u2606Drewski116\n|t:|1700682441\n|gametype|doubles\n|player|p1|Mait27|burglar|1222\n|player|p2|Drewski116|265|1124\n|teamsize|p1|6\n|teamsize|p2|6\n|gen|9\n|tier|[Gen 9] VGC 2023 Regulation E\n|rated|\n|rule|Species Clause: Limit one of each Pok\u00e9mon\n|rule|Item Clause: Limit one of each item\n|clearpoke\n|poke|p1|Annihilape, L50, F|\n|poke|p1|Cresselia, L50, F|\n|poke|p1|Heatran, L50, M|\n|poke|p1|Ogerpon-Wellspring, L50, F|\n|poke|p1|Rillaboom, L50, M|\n|poke|p1|Kommo-o, L50, F|\n|poke|p2|Grimmsnarl, L50, M|\n|poke|p2|Wo-Chien, L50|\n|poke|p2|Articuno-Galar, L50|\n|poke|p2|Heatran, L50, M|\n|poke|p2|Indeedee-F, L50, F|\n|poke|p2|Gyarados, L50, F|\n|teampreview|4\n|inactive|Battle timer is ON: inactive players will automatically lose when time's up. (requested by Drewski116)\n|inactive|Drewski116 has 60 seconds left.\n|inactive|Drewski116 has 30 seconds left.\n|\n|t:|1700682510\n|start\n|switch|p1a: Rillaboom|Rillaboom, L50, M|100\/100\n|switch|p1b: Annihilape|Annihilape, L50, F|100\/100\n|switch|p2a: Articuno|Articuno-Galar, L50|100\/100\n|switch|p2b: Grimmsnarl|Grimmsnarl, L50, M|100\/100\n|-fieldstart|move: Grassy Terrain|[from] ability: Grassy Surge|[of] p1a: Rillaboom\n|turn|1\n|\n|t:|1700682530\n|switch|p1a: Cresselia|Cresselia, L50, F|100\/100\n|-terastallize|p1b: Annihilape|Fire\n|move|p2b: Grimmsnarl|Reflect|p2b: Grimmsnarl\n|-sidestart|p2: Drewski116|Reflect\n|move|p2a: Articuno|Freezing Glare|p1b: Annihilape\n|-damage|p1b: Annihilape|71\/100\n|move|p1b: Annihilape|Bulk Up|p1b: Annihilape\n|-boost|p1b: Annihilape|atk|1\n|-boost|p1b: Annihilape|def|1\n|\n|-heal|p1b: Annihilape|77\/100|[from] Grassy Terrain\n|-heal|p1b: Annihilape|83\/100|[from] item: Leftovers\n|upkeep\n|turn|2\n|inactive|Drewski116 has 30 seconds left.\n|\n|t:|1700682563\n|switch|p2a: Heatran|Heatran, L50, M|100\/100\n|move|p1b: Annihilape|Bulk Up|p1b: Annihilape\n|-boost|p1b: Annihilape|atk|1\n|-boost|p1b: Annihilape|def|1\n|move|p1a: Cresselia|Icy Wind|p2b: Grimmsnarl|[spread] p2a,p2b\n|-resisted|p2a: Heatran\n|-damage|p2a: Heatran|99\/100\n|-damage|p2b: Grimmsnarl|94\/100\n|-unboost|p2a: Heatran|spe|1\n|-unboost|p2b: Grimmsnarl|spe|1\n|move|p2b: Grimmsnarl|Spirit Break|p1a: Cresselia\n|-damage|p1a: Cresselia|83\/100\n|-unboost|p1a: Cresselia|spa|1\n|\n|-heal|p1b: Annihilape|89\/100|[from] Grassy Terrain\n|-heal|p1b: Annihilape|95\/100|[from] item: Leftovers\n|-heal|p2a: Heatran|100\/100|[from] Grassy Terrain\n|-heal|p2b: Grimmsnarl|99\/100|[from] Grassy Terrain\n|upkeep\n|turn|3\n|inactive|Mait27 has 30 seconds left.\n|inactive|Drewski116 has 30 seconds left.\n|inactive|Drewski116 has 20 seconds left.\n|\n|t:|1700682599\n|-terastallize|p2a: Heatran|Grass\n|move|p2b: Grimmsnarl|Parting Shot|p1a: Cresselia\n|-unboost|p1a: Cresselia|atk|1\n|-unboost|p1a: Cresselia|spa|1\n|\n|t:|1700682603\n|switch|p2b: Wo-Chien|Wo-Chien, L50|100\/100|[from] Parting Shot\n|-ability|p2b: Wo-Chien|Tablets of Ruin\n|move|p1b: Annihilape|Drain Punch|p2a: Heatran\n|-damage|p2a: Heatran|74\/100\n|-heal|p1b: Annihilape|100\/100|[from] drain|[of] p2a: Heatran\n|move|p1a: Cresselia|Calm Mind|p1a: Cresselia\n|-boost|p1a: Cresselia|spa|1\n|-boost|p1a: Cresselia|spd|1\n|move|p2a: Heatran|Earth Power|p1b: Annihilape\n|-supereffective|p1b: Annihilape\n|-damage|p1b: Annihilape|59\/100\n|\n|-heal|p1b: Annihilape|65\/100|[from] Grassy Terrain\n|-heal|p1b: Annihilape|71\/100|[from] item: Leftovers\n|-heal|p2a: Heatran|80\/100|[from] Grassy Terrain\n|upkeep\n|turn|4\n|inactive|Mait27 has 30 seconds left.\n|inactive|Drewski116 has 30 seconds left.\n|\n|t:|1700682636\n|move|p1b: Annihilape|Bulk Up|p1b: Annihilape\n|-boost|p1b: Annihilape|atk|1\n|-boost|p1b: Annihilape|def|1\n|move|p1a: Cresselia|Icy Wind|p2a: Heatran|[spread] p2a,p2b\n|-supereffective|p2a: Heatran\n|-supereffective|p2b: Wo-Chien\n|-damage|p2a: Heatran|74\/100\n|-damage|p2b: Wo-Chien|92\/100\n|-unboost|p2a: Heatran|spe|1\n|-unboost|p2b: Wo-Chien|spe|1\n|move|p2b: Wo-Chien|Leech Seed|p1b: Annihilape\n|-start|p1b: Annihilape|move: Leech Seed\n|move|p2a: Heatran|Earth Power|p1b: Annihilape\n|-supereffective|p1b: Annihilape\n|-damage|p1b: Annihilape|29\/100\n|\n|-heal|p1b: Annihilape|35\/100|[from] Grassy Terrain\n|-heal|p1b: Annihilape|41\/100|[from] item: Leftovers\n|-heal|p2b: Wo-Chien|98\/100|[from] Grassy Terrain\n|-heal|p2b: Wo-Chien|100\/100|[from] item: Leftovers\n|-heal|p2a: Heatran|80\/100|[from] Grassy Terrain\n|-damage|p1b: Annihilape|28\/100|[from] Leech Seed|[of] p2b: Wo-Chien\n|upkeep\n|turn|5\n|inactive|Mait27 has 30 seconds left.\n|inactive|Drewski116 has 30 seconds left.\n|\n|t:|1700682661\n|move|p1b: Annihilape|Rest|p1b: Annihilape\n|-status|p1b: Annihilape|slp|[from] move: Rest\n|-heal|p1b: Annihilape|100\/100 slp|[silent]\n|move|p1a: Cresselia|Lunar Blessing|p1a: Cresselia|[spread] p1a,p1b\n|-heal|p1a: Cresselia|100\/100\n|-curestatus|p1b: Annihilape|slp|[msg]\n|move|p2b: Wo-Chien|Ruination|p1a: Cresselia\n|-damage|p1a: Cresselia|51\/100\n|move|p2a: Heatran|Earth Power|p1b: Annihilape\n|-supereffective|p1b: Annihilape\n|-damage|p1b: Annihilape|57\/100\n|\n|-heal|p1b: Annihilape|63\/100|[from] Grassy Terrain\n|-heal|p1b: Annihilape|69\/100|[from] item: Leftovers\n|-heal|p2a: Heatran|86\/100|[from] Grassy Terrain\n|-damage|p1b: Annihilape|57\/100|[from] Leech Seed|[of] p2b: Wo-Chien\n|-fieldend|move: Grassy Terrain\n|upkeep\n|turn|6\n|inactive|Mait27 has 30 seconds left.\n|inactive|Drewski116 has 30 seconds left.\n|\n|t:|1700682695\n|switch|p1a: Rillaboom|Rillaboom, L50, M|100\/100\n|-fieldstart|move: Grassy Terrain|[from] ability: Grassy Surge|[of] p1a: Rillaboom\n|move|p1b: Annihilape|Drain Punch|p2b: Wo-Chien\n|-supereffective|p2b: Wo-Chien\n|-damage|p2b: Wo-Chien|35\/100\n|-heal|p1b: Annihilape|86\/100|[from] drain|[of] p2b: Wo-Chien\n|move|p2b: Wo-Chien|Pollen Puff|p1a: Rillaboom\n|-supereffective|p1a: Rillaboom\n|-damage|p1a: Rillaboom|60\/100\n|move|p2a: Heatran|Earth Power|p1b: Annihilape\n|-supereffective|p1b: Annihilape\n|-damage|p1b: Annihilape|42\/100\n|\n|-heal|p1b: Annihilape|48\/100|[from] Grassy Terrain\n|-heal|p1b: Annihilape|54\/100|[from] item: Leftovers\n|-heal|p1a: Rillaboom|66\/100|[from] Grassy Terrain\n|-heal|p2b: Wo-Chien|42\/100|[from] Grassy Terrain\n|-heal|p2b: Wo-Chien|48\/100|[from] item: Leftovers\n|-heal|p2a: Heatran|92\/100|[from] Grassy Terrain\n|-damage|p1b: Annihilape|42\/100|[from] Leech Seed|[of] p2b: Wo-Chien\n|-heal|p2b: Wo-Chien|62\/100|[silent]\n|upkeep\n|turn|7\n|inactive|Mait27 has 30 seconds left.\n|inactive|Drewski116 has 30 seconds left.\n|inactive|Drewski116 has 20 seconds left.\n|\n|t:|1700682735\n|switch|p2b: Articuno|Articuno-Galar, L50|100\/100\n|move|p1a: Rillaboom|Fake Out|p2a: Heatran\n|-damage|p2a: Heatran|83\/100\n|move|p1b: Annihilape|Drain Punch|p2b: Articuno\n|-resisted|p2b: Articuno\n|-damage|p2b: Articuno|88\/100\n|-heal|p1b: Annihilape|48\/100|[from] drain|[of] p2b: Articuno\n|cant|p2a: Heatran|flinch\n|\n|-heal|p1b: Annihilape|54\/100|[from] Grassy Terrain\n|-heal|p1b: Annihilape|60\/100|[from] item: Leftovers\n|-heal|p1a: Rillaboom|72\/100|[from] Grassy Terrain\n|-heal|p2a: Heatran|89\/100|[from] Grassy Terrain\n|-damage|p1b: Annihilape|48\/100|[from] Leech Seed|[of] p2b: Articuno\n|-heal|p2b: Articuno|100\/100|[silent]\n|upkeep\n|turn|8\n|inactive|Mait27 has 30 seconds left.\n|inactive|Drewski116 has 30 seconds left.\n|inactive|Mait27 has 20 seconds left.\n|inactive|Mait27 has 15 seconds left.\n|inactive|Drewski116 has 20 seconds left.\n|inactive|Mait27 has 10 seconds left.\n|\n|t:|1700682783\n|move|p2b: Articuno|Air Slash|p1a: Rillaboom\n|-supereffective|p1a: Rillaboom\n|-damage|p1a: Rillaboom|10\/100\n|move|p1b: Annihilape|Rage Fist|p2a: Heatran\n|-damage|p2a: Heatran|0 fnt\n|faint|p2a: Heatran\n|cant|p1a: Rillaboom|flinch\n|\n|-heal|p1b: Annihilape|53\/100|[from] Grassy Terrain\n|-heal|p1b: Annihilape|59\/100|[from] item: Leftovers\n|-heal|p1a: Rillaboom|15\/100|[from] Grassy Terrain\n|-damage|p1b: Annihilape|47\/100|[from] Leech Seed|[of] p2b: Articuno\n|-sideend|p2: Drewski116|Reflect\n|upkeep\n|\n|t:|1700682799\n|switch|p2a: Wo-Chien|Wo-Chien, L50|62\/100\n|-ability|p2a: Wo-Chien|Tablets of Ruin\n|turn|9\n|\n|t:|1700682817\n|move|p2b: Articuno|Air Slash|p1b: Annihilape\n|-damage|p1b: Annihilape|18\/100\n|move|p1b: Annihilape|Rage Fist|p2b: Articuno\n|-supereffective|p2b: Articuno\n|-damage|p2b: Articuno|0 fnt\n|faint|p2b: Articuno\n|move|p1a: Rillaboom|U-turn|p2a: Wo-Chien\n|-supereffective|p2a: Wo-Chien\n|-damage|p2a: Wo-Chien|0 fnt\n|faint|p2a: Wo-Chien\n|-message|Drewski116 forfeited.\n|\n|win|Mait27\n|raw|Mait27's rating: 1222 &rarr; <strong>1240<\/strong><br \/>(+18 for winning)\n|raw|Drewski116's rating: 1124 &rarr; <strong>1106<\/strong><br \/>(-18 for losing)\n|l|\u2606Drewski116\n","uploadtime":1700682836,"views":3,"p1id":"mait27","p2id":"drewski116","formatid":"gen9vgc2023regulatione","rating":1106,"private":0,"password":""}