{"id":"gen9vgc2023regulatione-1994961584","p1":"npachon1231","p2":"NekrosM0S","format":"[Gen 9] VGC 2023 Regulation E","log":"|j|\u2606npachon1231\n|j|\u2606NekrosM0S\n|t:|1700508391\n|gametype|doubles\n|player|p1|npachon1231|101|1237\n|player|p2|NekrosM0S|colress|1261\n|teamsize|p1|6\n|teamsize|p2|6\n|gen|9\n|tier|[Gen 9] VGC 2023 Regulation E\n|rated|\n|rule|Species Clause: Limit one of each Pok\u00e9mon\n|rule|Item Clause: Limit one of each item\n|clearpoke\n|poke|p1|Landorus-Therian, L50, M|\n|poke|p1|Kommo-o, L50, M|\n|poke|p1|Clefairy, L50, M|\n|poke|p1|Sinistcha, L50|\n|poke|p1|Snorlax, L50, M|\n|poke|p1|Iron Hands, L50|\n|poke|p2|Glimmora, L50, F|\n|poke|p2|Iron Hands, L50|\n|poke|p2|Ninetales-Alola, L50, F|\n|poke|p2|Ogerpon-Wellspring, L50, F|\n|poke|p2|Glastrier, L50|\n|poke|p2|Flutter Mane, L50|\n|teampreview|4\n|inactive|Battle timer is ON: inactive players will automatically lose when time's up. (requested by npachon1231)\n|\n|t:|1700508425\n|start\n|switch|p1a: Kommo-o|Kommo-o, L50, M|100\/100\n|switch|p1b: Clefairy|Clefairy, L50, M|100\/100\n|switch|p2a: Glimmora|Glimmora, L50, F, shiny|100\/100\n|switch|p2b: Ninetales|Ninetales-Alola, L50, F|100\/100\n|-weather|Snow|[from] ability: Snow Warning|[of] p2b: Ninetales\n|turn|1\n|inactive|npachon1231 has 30 seconds left.\n|\n|t:|1700508452\n|-terastallize|p1a: Kommo-o|Steel\n|move|p2a: Glimmora|Spiky Shield|p2a: Glimmora\n|-singleturn|p2a: Glimmora|move: Protect\n|move|p2b: Ninetales|Aurora Veil|p2b: Ninetales\n|-sidestart|p2: NekrosM0S|move: Aurora Veil\n|move|p1a: Kommo-o|Clangorous Soul|p1a: Kommo-o\n|-boost|p1a: Kommo-o|atk|1\n|-boost|p1a: Kommo-o|def|1\n|-boost|p1a: Kommo-o|spa|1\n|-boost|p1a: Kommo-o|spd|1\n|-boost|p1a: Kommo-o|spe|1\n|-damage|p1a: Kommo-o|68\/100\n|-enditem|p1a: Kommo-o|Throat Spray\n|-boost|p1a: Kommo-o|spa|1|[from] item: Throat Spray\n|move|p1b: Clefairy|Heal Pulse|p1a: Kommo-o\n|-heal|p1a: Kommo-o|100\/100\n|\n|-weather|Snow|[upkeep]\n|upkeep\n|turn|2\n|inactive|NekrosM0S has 30 seconds left.\n|\n|t:|1700508478\n|move|p1a: Kommo-o|Clangorous Soul|p1a: Kommo-o\n|-boost|p1a: Kommo-o|atk|1\n|-boost|p1a: Kommo-o|def|1\n|-boost|p1a: Kommo-o|spa|1\n|-boost|p1a: Kommo-o|spd|1\n|-boost|p1a: Kommo-o|spe|1\n|-damage|p1a: Kommo-o|68\/100\n|move|p2b: Ninetales|Blizzard|p1b: Clefairy|[spread] p1a,p1b\n|-resisted|p1a: Kommo-o\n|-damage|p1a: Kommo-o|63\/100\n|-damage|p1b: Clefairy|80\/100\n|-status|p1b: Clefairy|frz\n|move|p2a: Glimmora|Sludge Bomb|p1b: Clefairy\n|-supereffective|p1b: Clefairy\n|-damage|p1b: Clefairy|2\/100 frz\n|cant|p1b: Clefairy|frz\n|\n|-weather|Snow|[upkeep]\n|upkeep\n|turn|3\n|inactive|npachon1231 has 30 seconds left.\n|inactive|npachon1231 has 20 seconds left.\n|inactive|npachon1231 has 15 seconds left.\n|inactive|npachon1231 has 10 seconds left.\n|inactive|npachon1231 has 5 seconds left.\n|\n|t:|1700508533\n|cant|p1b: Clefairy|frz\n|move|p1a: Kommo-o|Clanging Scales|p2a: Glimmora|[spread] p2a\n|-immune|p2b: Ninetales\n|-damage|p2a: Glimmora|30\/100\n|-enditem|p2a: Glimmora|Sitrus Berry|[eat]\n|-heal|p2a: Glimmora|55\/100|[from] item: Sitrus Berry\n|-unboost|p1a: Kommo-o|def|1\n|move|p2b: Ninetales|Blizzard|p1a: Kommo-o|[spread] p1a,p1b\n|-resisted|p1a: Kommo-o\n|-crit|p1a: Kommo-o\n|-crit|p1b: Clefairy\n|-damage|p1a: Kommo-o|49\/100\n|-damage|p1b: Clefairy|0 fnt\n|-status|p1a: Kommo-o|frz\n|faint|p1b: Clefairy\n|move|p2a: Glimmora|Power Gem|p1a: Kommo-o\n|-resisted|p1a: Kommo-o\n|-damage|p1a: Kommo-o|39\/100 frz\n|\n|-weather|Snow|[upkeep]\n|upkeep\n|inactive|npachon1231 has 30 seconds left.\n|inactive|npachon1231 has 20 seconds left.\n|inactive|npachon1231 has 15 seconds left.\n|inactive|npachon1231 has 10 seconds left.\n|inactive|npachon1231 has 5 seconds left.\n|\n|t:|1700508588\n|switch|p1b: Iron Hands|Iron Hands, L50|100\/100\n|turn|4\n|inactive|npachon1231 has 30 seconds left.\n|inactive|npachon1231 has 20 seconds left.\n|inactive|npachon1231 has 15 seconds left.\n|inactive|npachon1231 has 10 seconds left.\n|inactive|npachon1231 has 5 seconds left.\n|\n|t:|1700508643\n|move|p1b: Iron Hands|Fake Out|p2a: Glimmora\n|-resisted|p2a: Glimmora\n|-crit|p2a: Glimmora\n|-damage|p2a: Glimmora|43\/100\n|-activate|p2a: Glimmora|ability: Toxic Debris\n|-sidestart|p1: npachon1231|move: Toxic Spikes\n|cant|p1a: Kommo-o|frz\n|move|p2b: Ninetales|Moonblast|p1b: Iron Hands\n|-supereffective|p1b: Iron Hands\n|-damage|p1b: Iron Hands|72\/100\n|-unboost|p1b: Iron Hands|spa|1\n|cant|p2a: Glimmora|flinch\n|\n|-weather|Snow|[upkeep]\n|upkeep\n|turn|5\n|inactive|npachon1231 has 30 seconds left.\n|inactive|NekrosM0S has 30 seconds left.\n|inactive|npachon1231 has 20 seconds left.\n|inactive|npachon1231 has 15 seconds left.\n|inactive|npachon1231 has 10 seconds left.\n|inactive|npachon1231 has 5 seconds left.\n|\n|t:|1700508699\n|switch|p2b: Glastrier|Glastrier, L50|100\/100\n|move|p1b: Iron Hands|Fake Out||[still]\n|-hint|Fake Out only works on your first turn out.\n|-fail|p1b: Iron Hands\n|cant|p1a: Kommo-o|frz\n|move|p2a: Glimmora|Sludge Bomb|p1b: Iron Hands\n|-damage|p1b: Iron Hands|47\/100\n|\n|-weather|none\n|upkeep\n|turn|6\n|inactive|npachon1231 has 30 seconds left.\n|inactive|npachon1231 has 20 seconds left.\n|inactive|npachon1231 has 15 seconds left.\n|inactive|npachon1231 has 10 seconds left.\n|inactive|npachon1231 has 5 seconds left.\n|\n|t:|1700508754\n|-terastallize|p2b: Glastrier|Fire\n|move|p2a: Glimmora|Spiky Shield|p2a: Glimmora\n|-singleturn|p2a: Glimmora|move: Protect\n|move|p1b: Iron Hands|Fake Out||[still]\n|-hint|Fake Out only works on your first turn out.\n|-fail|p1b: Iron Hands\n|cant|p1a: Kommo-o|frz\n|move|p2b: Glastrier|Close Combat|p1a: Kommo-o\n|-supereffective|p1a: Kommo-o\n|-damage|p1a: Kommo-o|0 fnt\n|-unboost|p2b: Glastrier|def|1\n|-unboost|p2b: Glastrier|spd|1\n|faint|p1a: Kommo-o\n|-ability|p2b: Glastrier|Chilling Neigh|boost\n|-boost|p2b: Glastrier|atk|1\n|\n|upkeep\n|\n|t:|1700508757\n|switch|p1a: Sinistcha|Sinistcha, L50|100\/100\n|-status|p1a: Sinistcha|psn\n|-heal|p1b: Iron Hands|72\/100|[from] ability: Hospitality|[of] p1a: Sinistcha\n|turn|7\n|inactive|NekrosM0S has 30 seconds left.\n|\n|t:|1700508784\n|move|p2a: Glimmora|Mortal Spin|p1b: Iron Hands|[spread] p1a,p1b\n|-crit|p1a: Sinistcha\n|-damage|p1a: Sinistcha|94\/100 psn\n|-damage|p1b: Iron Hands|69\/100\n|-status|p1b: Iron Hands|psn\n|move|p1a: Sinistcha|Strength Sap|p2b: Glastrier\n|-fail|p2b: Glastrier|unboost|[from] item: Clear Amulet|[of] p2b: Glastrier\n|-heal|p1a: Sinistcha|100\/100 psn\n|move|p1b: Iron Hands|Drain Punch|p2a: Glimmora\n|-damage|p2a: Glimmora|14\/100\n|-heal|p1b: Iron Hands|81\/100 psn|[from] drain|[of] p2a: Glimmora\n|-activate|p2a: Glimmora|ability: Toxic Debris\n|-sidestart|p1: npachon1231|move: Toxic Spikes\n|move|p2b: Glastrier|Icicle Crash|p1a: Sinistcha\n|-supereffective|p1a: Sinistcha\n|-damage|p1a: Sinistcha|0 fnt\n|faint|p1a: Sinistcha\n|-ability|p2b: Glastrier|Chilling Neigh|boost\n|-boost|p2b: Glastrier|atk|1\n|\n|-damage|p1b: Iron Hands|69\/100 psn|[from] psn\n|upkeep\n|turn|8\n|-message|npachon1231 forfeited.\n|\n|win|NekrosM0S\n|raw|npachon1231's rating: 1237 &rarr; <strong>1214<\/strong><br \/>(-23 for losing)\n|raw|NekrosM0S's rating: 1261 &rarr; <strong>1284<\/strong><br \/>(+23 for winning)\n|l|\u2606npachon1231\n","uploadtime":1700508817,"views":10,"p1id":"npachon1231","p2id":"nekrosm0s","formatid":"gen9vgc2023regulatione","rating":1214,"private":0,"password":""}