{"id":"gen9vgc2023regulatione-1988666698","p1":"Sketch Hero","p2":"NightlyNinja27","format":"[Gen 9] VGC 2023 Regulation E","log":"|j|\u2606Sketch Hero\n|j|\u2606NightlyNinja27\n|n|\u2606Sketch Hero|sketchhero\n|n|\u2606NightlyNinja27|nightlyninja27\n|html|View the match progress at <a href=\"\/game-bestof3-gen9vgc2023regulatione-1988659388\">game-bestof3-gen9vgc2023regulatione-1988659388<\/a>\n|t:|1699748187\n|gametype|doubles\n|player|p1|Sketch Hero|red|\n|player|p2|NightlyNinja27|veteran|\n|teamsize|p1|6\n|teamsize|p2|6\n|gen|9\n|tier|[Gen 9] VGC 2023 Regulation E\n|rule|Species Clause: Limit one of each Pok\u00e9mon\n|rule|Item Clause: Limit one of each item\n|clearpoke\n|poke|p1|Rillaboom, L50, M|\n|poke|p1|Garganacl, L50, M|\n|poke|p1|Garchomp, L50, M|\n|poke|p1|Gardevoir, L50, F|\n|poke|p1|Bisharp, L50, M|\n|poke|p1|Electrode, L50|\n|poke|p2|Iron Bundle, L50|\n|poke|p2|Gholdengo, L50|\n|poke|p2|Breloom, L50, M|\n|poke|p2|Volcarona, L50, M|\n|poke|p2|Muk-Alola, L50, M|\n|poke|p2|Morgrem, L50, M|\n|teampreview|4\n|\n|t:|1699748215\n|start\n|switch|p1a: Getting Funky|Rillaboom, L50, M|100\/100\n|switch|p1b: Madame|Gardevoir, L50, F, shiny|100\/100\n|switch|p2a: Volcarona|Volcarona, L50, M|100\/100\n|switch|p2b: Morgrem|Morgrem, L50, M|100\/100\n|-ability|p1b: Madame|Flame Body|[from] ability: Trace|[of] p2a: Volcarona\n|-fieldstart|move: Grassy Terrain|[from] ability: Grassy Surge|[of] p1a: Getting Funky\n|turn|1\n|\n|t:|1699748265\n|move|p1a: Getting Funky|Fake Out|p2b: Morgrem\n|-damage|p2b: Morgrem|81\/100\n|cant|p2b: Morgrem|flinch\n|move|p1b: Madame|Dazzling Gleam|p2a: Volcarona|[spread] p2a,p2b\n|-resisted|p2a: Volcarona\n|-supereffective|p2b: Morgrem\n|-damage|p2a: Volcarona|84\/100\n|-damage|p2b: Morgrem|3\/100\n|move|p2a: Volcarona|Quiver Dance|p2a: Volcarona\n|-boost|p2a: Volcarona|spa|1\n|-boost|p2a: Volcarona|spd|1\n|-boost|p2a: Volcarona|spe|1\n|\n|-heal|p2a: Volcarona|90\/100|[from] Grassy Terrain\n|-heal|p2b: Morgrem|9\/100|[from] Grassy Terrain\n|upkeep\n|turn|2\n|\n|t:|1699748297\n|switch|p1b: Seasoning|Garganacl, L50, M|100\/100\n|switch|p2b: Gholdengo|Gholdengo, L50|100\/100\n|move|p1a: Getting Funky|Grassy Glide|p2b: Gholdengo\n|-resisted|p2b: Gholdengo\n|-damage|p2b: Gholdengo|80\/100\n|move|p2a: Volcarona|Flamethrower|p1a: Getting Funky\n|-supereffective|p1a: Getting Funky\n|-damage|p1a: Getting Funky|0 fnt\n|faint|p1a: Getting Funky\n|\n|-heal|p2a: Volcarona|96\/100|[from] Grassy Terrain\n|-heal|p2b: Gholdengo|86\/100|[from] Grassy Terrain\n|upkeep\n|\n|t:|1699748311\n|switch|p1a: Madame|Gardevoir, L50, F, shiny|100\/100\n|-ability|p1a: Madame|Flame Body|[from] ability: Trace|[of] p2a: Volcarona\n|turn|3\n|\n|t:|1699748354\n|-terastallize|p1a: Madame|Fighting\n|move|p2a: Volcarona|Will-O-Wisp|p1b: Seasoning\n|-immune|p1b: Seasoning|[from] ability: Purifying Salt\n|move|p1a: Madame|Mystical Fire|p2b: Gholdengo\n|-supereffective|p2b: Gholdengo\n|-damage|p2b: Gholdengo|25\/100\n|move|p2b: Gholdengo|Make It Rain|p1b: Seasoning|[spread] p1a,p1b\n|-supereffective|p1b: Seasoning\n|-damage|p1a: Madame|52\/100\n|-damage|p1b: Seasoning|34\/100\n|-unboost|p2b: Gholdengo|spa|1\n|move|p1b: Seasoning|Salt Cure|p2a: Volcarona\n|-supereffective|p2a: Volcarona\n|-damage|p2a: Volcarona|39\/100\n|-start|p2a: Volcarona|Salt Cure\n|\n|-heal|p2a: Volcarona|45\/100|[from] Grassy Terrain\n|-heal|p1a: Madame|58\/100|[from] Grassy Terrain\n|-heal|p2b: Gholdengo|31\/100|[from] Grassy Terrain\n|-heal|p1b: Seasoning|40\/100|[from] Grassy Terrain\n|-heal|p1b: Seasoning|45\/100|[from] item: Leftovers\n|-damage|p2a: Volcarona|33\/100|[from] Salt Cure\n|upkeep\n|turn|4\n|\n|t:|1699748402\n|move|p2a: Volcarona|Morning Sun|p2a: Volcarona\n|-heal|p2a: Volcarona|83\/100\n|move|p1a: Madame|Mystical Fire|p2b: Gholdengo\n|-supereffective|p2b: Gholdengo\n|-damage|p2b: Gholdengo|0 fnt\n|faint|p2b: Gholdengo\n|move|p1b: Seasoning|Recover|p1b: Seasoning\n|-heal|p1b: Seasoning|96\/100\n|\n|-heal|p2a: Volcarona|89\/100|[from] Grassy Terrain\n|-heal|p1a: Madame|63\/100|[from] Grassy Terrain\n|-heal|p1b: Seasoning|100\/100|[from] Grassy Terrain\n|-damage|p2a: Volcarona|76\/100|[from] Salt Cure\n|upkeep\n|\n|t:|1699748449\n|switch|p2b: Morgrem|Morgrem, L50, M|9\/100\n|turn|5\n|\n|t:|1699748463\n|move|p2a: Volcarona|Flamethrower|p1a: Madame\n|-damage|p1a: Madame|0 fnt\n|faint|p1a: Madame\n|move|p2b: Morgrem|Draining Kiss|p1b: Seasoning\n|-damage|p1b: Seasoning|89\/100\n|-heal|p2b: Morgrem|21\/100|[from] drain|[of] p1b: Seasoning\n|move|p1b: Seasoning|Salt Cure|p2a: Volcarona\n|-supereffective|p2a: Volcarona\n|-damage|p2a: Volcarona|20\/100\n|\n|-heal|p2a: Volcarona|26\/100|[from] Grassy Terrain\n|-heal|p2b: Morgrem|27\/100|[from] Grassy Terrain\n|-heal|p1b: Seasoning|95\/100|[from] Grassy Terrain\n|-heal|p1b: Seasoning|100\/100|[from] item: Leftovers\n|-damage|p2a: Volcarona|13\/100|[from] Salt Cure\n|-fieldend|move: Grassy Terrain\n|upkeep\n|\n|t:|1699748478\n|switch|p1a: Munchy|Garchomp, L50, M|100\/100\n|turn|6\n|\n|t:|1699748542\n|move|p1b: Seasoning|Protect|p1b: Seasoning\n|-singleturn|p1b: Seasoning|Protect\n|move|p2a: Volcarona|Will-O-Wisp|p1a: Munchy\n|-status|p1a: Munchy|brn\n|move|p1a: Munchy|Earthquake|p2b: Morgrem|[spread] p2a,p2b\n|-activate|p1b: Seasoning|move: Protect\n|-damage|p2a: Volcarona|0 fnt\n|-damage|p2b: Morgrem|0 fnt\n|faint|p2a: Volcarona\n|faint|p2b: Morgrem\n|-damage|p1a: Munchy|91\/100 brn|[from] item: Life Orb\n|\n|-damage|p1a: Munchy|85\/100 brn|[from] brn\n|upkeep\n|\n|t:|1699748556\n|switch|p2a: Iron Bundle|Iron Bundle, L50|100\/100\n|turn|7\n|\n|t:|1699748567\n|move|p2a: Iron Bundle|Hydro Pump|p1b: Seasoning\n|-supereffective|p1b: Seasoning\n|-damage|p1b: Seasoning|0 fnt\n|faint|p1b: Seasoning\n|move|p1a: Munchy|Brick Break|p2a: Iron Bundle\n|-supereffective|p2a: Iron Bundle\n|-damage|p2a: Iron Bundle|61\/100\n|-damage|p1a: Munchy|75\/100 brn|[from] item: Life Orb\n|\n|-damage|p1a: Munchy|69\/100 brn|[from] brn\n|upkeep\n|turn|8\n|\n|t:|1699748580\n|move|p2a: Iron Bundle|Hydro Pump|p1a: Munchy\n|-damage|p1a: Munchy|0 fnt\n|faint|p1a: Munchy\n|\n|win|NightlyNinja27\n|c|\u2606Sketch Hero|gg\n|c|\u2606NightlyNinja27|gg\n|c|\u2606NightlyNinja27|I can take care of replays btw\n|c|\u2606Sketch Hero|cool\n|l|\u2606Sketch Hero\n","uploadtime":1699748653,"views":30,"p1id":"sketchhero","p2id":"nightlyninja27","formatid":"gen9vgc2023regulatione","rating":0,"private":0,"password":""}