{"id":"gen9vgc2023regulatione-1999550653","p1":"crank bustem","p2":"Kat Gaming (Real)","format":"[Gen 9] VGC 2023 Regulation E","log":"|j|\u2606crank bustem\n|j|\u2606Kat Gaming (Real)\n|t:|1701095212\n|gametype|doubles\n|player|p1|crank bustem|tuber|1110\n|player|p2|Kat Gaming (Real)|iris-gen5bw2|1101\n|teamsize|p1|6\n|teamsize|p2|6\n|gen|9\n|tier|[Gen 9] VGC 2023 Regulation E\n|rated|\n|rule|Species Clause: Limit one of each Pok\u00e9mon\n|rule|Item Clause: Limit one of each item\n|clearpoke\n|poke|p1|Urshifu-*, L50, M|\n|poke|p1|Farigiraf, L50, F|\n|poke|p1|Clefairy, L50, F|\n|poke|p1|Ogerpon-Hearthflame, L50, F|\n|poke|p1|Ursaluna-Bloodmoon, L50, M|\n|poke|p1|Okidogi, L50, M|\n|poke|p2|Lilligant-Hisui, L50, F|\n|poke|p2|Torkoal, L50, F|\n|poke|p2|Chandelure, L50, F|\n|poke|p2|Goodra-Hisui, L50, F|\n|poke|p2|Iron Hands, L50|\n|poke|p2|Landorus-Therian, L50, M|\n|teampreview|4\n|\n|t:|1701095272\n|start\n|switch|p1a: Urshifu|Urshifu-Rapid-Strike, L50, M|100\/100\n|switch|p1b: Clefairy|Clefairy, L50, F|100\/100\n|switch|p2a: Lilligant|Lilligant-Hisui, L50, F|100\/100\n|switch|p2b: Torkoal|Torkoal, L50, F|100\/100\n|-weather|SunnyDay|[from] ability: Drought|[of] p2b: Torkoal\n|turn|1\n|inactive|Battle timer is ON: inactive players will automatically lose when time's up. (requested by crank bustem)\n|\n|t:|1701095295\n|-terastallize|p1a: Urshifu|Water\n|-terastallize|p2b: Torkoal|Fire\n|move|p1b: Clefairy|Follow Me|p1b: Clefairy\n|-singleturn|p1b: Clefairy|move: Follow Me\n|move|p2a: Lilligant|After You||[still]\n|-fail|p2a: Lilligant\n|move|p1a: Urshifu|Surging Strikes|p2b: Torkoal\n|-supereffective|p2b: Torkoal\n|-crit|p2b: Torkoal\n|-damage|p2b: Torkoal|80\/100\n|-supereffective|p2b: Torkoal\n|-crit|p2b: Torkoal\n|-damage|p2b: Torkoal|60\/100\n|-supereffective|p2b: Torkoal\n|-crit|p2b: Torkoal\n|-damage|p2b: Torkoal|37\/100\n|-hitcount|p2b: Torkoal|3\n|move|p2b: Torkoal|Eruption|p1a: Urshifu|[spread] p1a,p1b\n|-resisted|p1a: Urshifu\n|-damage|p1a: Urshifu|77\/100\n|-damage|p1b: Clefairy|63\/100\n|\n|-weather|SunnyDay|[upkeep]\n|upkeep\n|turn|2\n|inactive|crank bustem has 30 seconds left.\n|\n|t:|1701095321\n|switch|p2b: Iron Hands|Iron Hands, L50|100\/100\n|move|p2a: Lilligant|Sleep Powder|p1a: Urshifu\n|-status|p1a: Urshifu|slp|[from] move: Sleep Powder\n|cant|p1a: Urshifu|slp\n|move|p1b: Clefairy|Heal Pulse|p1a: Urshifu\n|-heal|p1a: Urshifu|100\/100 slp\n|\n|-weather|SunnyDay|[upkeep]\n|upkeep\n|turn|3\n|inactive|Kat Gaming (Real) has 30 seconds left.\n|\n|t:|1701095347\n|switch|p1a: Ursaluna|Ursaluna-Bloodmoon, L50, M|100\/100\n|move|p1b: Clefairy|Protect|p1b: Clefairy\n|-singleturn|p1b: Clefairy|Protect\n|move|p2a: Lilligant|Sleep Powder|p1b: Clefairy\n|-activate|p1b: Clefairy|move: Protect\n|move|p2b: Iron Hands|Wild Charge|p1a: Ursaluna\n|-immune|p1a: Ursaluna\n|\n|-weather|SunnyDay|[upkeep]\n|upkeep\n|turn|4\n|\n|t:|1701095366\n|move|p1b: Clefairy|Helping Hand|p1a: Ursaluna\n|-singleturn|p1a: Ursaluna|Helping Hand|[of] p1b: Clefairy\n|move|p2a: Lilligant|Sleep Powder|p1a: Ursaluna\n|-status|p1a: Ursaluna|slp|[from] move: Sleep Powder\n|move|p2b: Iron Hands|Volt Switch|p1b: Clefairy\n|-damage|p1b: Clefairy|51\/100\n|\n|t:|1701095375\n|-end|p2b: Iron Hands|Quark Drive|[silent]\n|switch|p2b: Chandelure|Chandelure, L50, F|100\/100|[from] Volt Switch\n|cant|p1a: Ursaluna|slp\n|\n|-weather|SunnyDay|[upkeep]\n|upkeep\n|turn|5\n|\n|t:|1701095397\n|move|p1b: Clefairy|Protect|p1b: Clefairy\n|-singleturn|p1b: Clefairy|Protect\n|move|p2a: Lilligant|Close Combat|p1a: Ursaluna\n|-supereffective|p1a: Ursaluna\n|-damage|p1a: Ursaluna|32\/100 slp\n|-unboost|p2a: Lilligant|def|1\n|-unboost|p2a: Lilligant|spd|1\n|move|p2b: Chandelure|Heat Wave|p1b: Clefairy|[spread] p1a\n|-activate|p1b: Clefairy|move: Protect\n|-damage|p1a: Ursaluna|0 fnt\n|faint|p1a: Ursaluna\n|\n|-weather|none\n|upkeep\n|\n|t:|1701095409\n|switch|p1a: Urshifu|Urshifu-Rapid-Strike, L50, M, tera:Water|100\/100 slp\n|turn|6\n|\n|t:|1701095426\n|move|p1b: Clefairy|Follow Me|p1b: Clefairy\n|-singleturn|p1b: Clefairy|move: Follow Me\n|cant|p1a: Urshifu|slp\n|move|p2a: Lilligant|Sleep Powder|p1b: Clefairy\n|-status|p1b: Clefairy|slp|[from] move: Sleep Powder\n|move|p2b: Chandelure|Energy Ball|p1b: Clefairy\n|-damage|p1b: Clefairy|17\/100 slp\n|\n|upkeep\n|turn|7\n|\n|t:|1701095442\n|cant|p1b: Clefairy|slp\n|cant|p1a: Urshifu|slp\n|move|p2a: Lilligant|Petal Blizzard|p1a: Urshifu|[spread] p2b,p1a,p1b\n|-resisted|p2b: Chandelure\n|-supereffective|p1a: Urshifu\n|-damage|p2b: Chandelure|83\/100\n|-damage|p1a: Urshifu|45\/100 slp\n|-damage|p1b: Clefairy|0 fnt\n|faint|p1b: Clefairy\n|move|p2b: Chandelure|Heat Wave|p1a: Urshifu\n|-resisted|p1a: Urshifu\n|-damage|p1a: Urshifu|5\/100 slp\n|\n|upkeep\n|\n|t:|1701095453\n|switch|p1b: Farigiraf|Farigiraf, L50, F|100\/100\n|turn|8\n|\n|t:|1701095464\n|switch|p2b: Torkoal|Torkoal, L50, F, tera:Fire|37\/100\n|-weather|SunnyDay|[from] ability: Drought|[of] p2b: Torkoal\n|move|p2a: Lilligant|Petal Blizzard|p1a: Urshifu|[spread] p2b,p1a,p1b\n|-resisted|p2b: Torkoal\n|-supereffective|p1a: Urshifu\n|-damage|p2b: Torkoal|25\/100\n|-damage|p1a: Urshifu|0 fnt\n|-damage|p1b: Farigiraf|69\/100\n|faint|p1a: Urshifu\n|move|p1b: Farigiraf|Psychic|p2a: Lilligant\n|-supereffective|p2a: Lilligant\n|-damage|p2a: Lilligant|0 fnt\n|faint|p2a: Lilligant\n|\n|-weather|SunnyDay|[upkeep]\n|upkeep\n|\n|t:|1701095473\n|switch|p2a: Iron Hands|Iron Hands, L50|100\/100\n|turn|9\n|\n|t:|1701095479\n|move|p2b: Torkoal|Helping Hand|p2a: Iron Hands\n|-singleturn|p2a: Iron Hands|Helping Hand|[of] p2b: Torkoal\n|move|p1b: Farigiraf|Dazzling Gleam|p2a: Iron Hands|[spread] p2a,p2b\n|-supereffective|p2a: Iron Hands\n|-resisted|p2b: Torkoal\n|-damage|p2a: Iron Hands|72\/100\n|-damage|p2b: Torkoal|13\/100\n|move|p2a: Iron Hands|Drain Punch|p1b: Farigiraf\n|-damage|p1b: Farigiraf|14\/100\n|-heal|p2a: Iron Hands|95\/100|[from] drain|[of] p1b: Farigiraf\n|-enditem|p1b: Farigiraf|Sitrus Berry|[eat]\n|-heal|p1b: Farigiraf|39\/100|[from] item: Sitrus Berry\n|\n|-weather|SunnyDay|[upkeep]\n|upkeep\n|turn|10\n|\n|t:|1701095500\n|move|p2b: Torkoal|Helping Hand|p2a: Iron Hands\n|-singleturn|p2a: Iron Hands|Helping Hand|[of] p2b: Torkoal\n|move|p1b: Farigiraf|Dazzling Gleam|p2a: Iron Hands|[spread] p2a,p2b\n|-supereffective|p2a: Iron Hands\n|-resisted|p2b: Torkoal\n|-damage|p2a: Iron Hands|66\/100\n|-damage|p2b: Torkoal|2\/100\n|move|p2a: Iron Hands|Wild Charge|p1b: Farigiraf\n|-damage|p1b: Farigiraf|0 fnt\n|faint|p1b: Farigiraf\n|-damage|p2a: Iron Hands|58\/100|[from] Recoil\n|\n|win|Kat Gaming (Real)\n|raw|crank bustem's rating: 1110 &rarr; <strong>1084<\/strong><br \/>(-26 for losing)\n|raw|Kat Gaming (Real)'s rating: 1101 &rarr; <strong>1127<\/strong><br \/>(+26 for winning)\n","uploadtime":1701095507,"views":2,"p1id":"crankbustem","p2id":"katgamingreal","formatid":"gen9vgc2023regulatione","rating":1084,"private":0,"password":""}