{"id":"gen9vgc2023regulatione-1989107707","p1":"XxTakinHanyxX","p2":"Builts","format":"[Gen 9] VGC 2023 Regulation E","log":"|j|\u2606XxTakinHanyxX\n|j|\u203dBuilts\n|t:|1699813018\n|gametype|doubles\n|player|p1|XxTakinHanyxX|depotagent|1050\n|player|p2|Builts|265|1131\n|teamsize|p1|6\n|teamsize|p2|6\n|gen|9\n|tier|[Gen 9] VGC 2023 Regulation E\n|rated|\n|rule|Species Clause: Limit one of each Pok\u00e9mon\n|rule|Item Clause: Limit one of each item\n|clearpoke\n|poke|p1|Baxcalibur, L50, M|\n|poke|p1|Ninetales-Alola, L50, F|\n|poke|p1|Dondozo, L50, M|\n|poke|p1|Chi-Yu, L50|\n|poke|p1|Dragonite, L50, M|\n|poke|p1|Sinistcha-Masterpiece, L50|\n|poke|p2|Indeedee-F, L50, F|\n|poke|p2|Armarouge, L50, M|\n|poke|p2|Sylveon, L50, F|\n|poke|p2|Ursaluna, L50, M|\n|poke|p2|Urshifu-*, L50, F|\n|poke|p2|Torkoal, L50, F|\n|teampreview|4\n|inactive|Battle timer is ON: inactive players will automatically lose when time's up. (requested by Builts)\n|\n|t:|1699813038\n|start\n|switch|p1a: Baxcalibur|Baxcalibur, L50, M, shiny|100\/100\n|switch|p1b: Ninetales|Ninetales-Alola, L50, F, shiny|100\/100\n|switch|p2a: Indeedee|Indeedee-F, L50, F|100\/100\n|switch|p2b: Armarouge|Armarouge, L50, M|100\/100\n|-weather|Snow|[from] ability: Snow Warning|[of] p1b: Ninetales\n|-fieldstart|move: Psychic Terrain|[from] ability: Psychic Surge|[of] p2a: Indeedee\n|-enditem|p2a: Indeedee|Psychic Seed\n|-boost|p2a: Indeedee|spd|1|[from] item: Psychic Seed\n|turn|1\n|inactive|Builts has 30 seconds left.\n|\n|t:|1699813066\n|-terastallize|p1b: Ninetales|Water\n|move|p1b: Ninetales|Aurora Veil|p1b: Ninetales\n|-sidestart|p1: XxTakinHanyxX|move: Aurora Veil\n|move|p1a: Baxcalibur|Icicle Crash|p2a: Indeedee\n|-damage|p2a: Indeedee|51\/100\n|move|p2b: Armarouge|Expanding Force|p1a: Baxcalibur|[spread] p1a,p1b\n|-damage|p1a: Baxcalibur|69\/100\n|-damage|p1b: Ninetales|38\/100\n|cant|p2a: Indeedee|flinch\n|\n|-weather|Snow|[upkeep]\n|upkeep\n|turn|2\n|inactive|XxTakinHanyxX has 30 seconds left.\n|\n|t:|1699813091\n|move|p2a: Indeedee|Follow Me|p2a: Indeedee\n|-singleturn|p2a: Indeedee|move: Follow Me\n|move|p1b: Ninetales|Blizzard|p2b: Armarouge|[spread] p2a,p2b\n|-resisted|p2b: Armarouge\n|-damage|p2a: Indeedee|32\/100\n|-damage|p2b: Armarouge|82\/100\n|move|p1a: Baxcalibur|High Horsepower|p2a: Indeedee\n|-damage|p2a: Indeedee|0 fnt\n|faint|p2a: Indeedee\n|move|p2b: Armarouge|Trick Room|p2b: Armarouge\n|-fieldstart|move: Trick Room|[of] p2b: Armarouge\n|\n|-weather|Snow|[upkeep]\n|upkeep\n|\n|t:|1699813101\n|switch|p2a: Sylveon|Sylveon, L50, F|100\/100\n|turn|3\n|inactive|XxTakinHanyxX has 30 seconds left.\n|\n|t:|1699813133\n|move|p1a: Baxcalibur|Ice Shard|p2a: Sylveon\n|-activate|p2a: Sylveon|move: Psychic Terrain\n|move|p2a: Sylveon|Hyper Voice|p1a: Baxcalibur|[spread] p1a,p1b\n|-supereffective|p1a: Baxcalibur\n|-damage|p1a: Baxcalibur|35\/100\n|-damage|p1b: Ninetales|5\/100\n|-enditem|p2a: Sylveon|Throat Spray\n|-boost|p2a: Sylveon|spa|1|[from] item: Throat Spray\n|move|p2b: Armarouge|Expanding Force|p1b: Ninetales|[spread] p1a,p1b\n|-damage|p1a: Baxcalibur|0 fnt\n|-damage|p1b: Ninetales|0 fnt\n|faint|p1a: Baxcalibur\n|faint|p1b: Ninetales\n|\n|-weather|Snow|[upkeep]\n|upkeep\n|\n|t:|1699813146\n|switch|p1a: Dondozo|Dondozo, L50, M, shiny|100\/100\n|switch|p1b: Dragonite|Dragonite, L50, M, shiny|100\/100\n|turn|4\n|\n|t:|1699813161\n|-terastallize|p2b: Armarouge|Grass\n|move|p1a: Dondozo|Wave Crash|p2a: Sylveon\n|-damage|p2a: Sylveon|27\/100\n|-damage|p1a: Dondozo|80\/100|[from] Recoil\n|move|p2a: Sylveon|Hyper Voice|p1b: Dragonite|[spread] p1a,p1b\n|-supereffective|p1b: Dragonite\n|-damage|p1a: Dondozo|54\/100\n|-damage|p1b: Dragonite|17\/100\n|move|p2b: Armarouge|Expanding Force|p1b: Dragonite|[spread] p1a,p1b\n|-crit|p1b: Dragonite\n|-damage|p1a: Dondozo|8\/100\n|-damage|p1b: Dragonite|0 fnt\n|faint|p1b: Dragonite\n|\n|-weather|Snow|[upkeep]\n|-heal|p1a: Dondozo|14\/100|[from] item: Leftovers\n|upkeep\n|turn|5\n|\n|t:|1699813183\n|move|p1a: Dondozo|Earthquake|p2a: Sylveon|[spread] p2a,p2b\n|-resisted|p2b: Armarouge\n|-damage|p2a: Sylveon|0 fnt\n|-damage|p2b: Armarouge|72\/100\n|faint|p2a: Sylveon\n|move|p2b: Armarouge|Expanding Force|p1a: Dondozo\n|-damage|p1a: Dondozo|0 fnt\n|faint|p1a: Dondozo\n|\n|win|Builts\n|raw|XxTakinHanyxX's rating: 1050 &rarr; <strong>1037<\/strong><br \/>(-13 for losing)\n|raw|Builts's rating: 1131 &rarr; <strong>1150<\/strong><br \/>(+19 for winning)\n|l|\u2606XxTakinHanyxX\n","uploadtime":1699813193,"views":25,"p1id":"xxtakinhanyxx","p2id":"builts","formatid":"gen9vgc2023regulatione","rating":1037,"private":0,"password":""}