{"id":"gen9vgc2023regulatione-1997824655","p1":"Kaneiki","p2":"Proffesor_Karrot","format":"[Gen 9] VGC 2023 Regulation E","log":"|j|\u2606Kaneiki\n|j|\u2606Proffesor_Karrot\n|t:|1700856699\n|gametype|doubles\n|player|p1|Kaneiki|dawn|1486\n|player|p2|Proffesor_Karrot|lady|1530\n|teamsize|p1|6\n|teamsize|p2|6\n|gen|9\n|tier|[Gen 9] VGC 2023 Regulation E\n|rated|\n|rule|Species Clause: Limit one of each Pok\u00e9mon\n|rule|Item Clause: Limit one of each item\n|clearpoke\n|poke|p1|Armarouge, L50, F|\n|poke|p1|Indeedee-F, L50, F|\n|poke|p1|Sinistcha-Masterpiece, L50|\n|poke|p1|Iron Hands, L50|\n|poke|p1|Grimmsnarl, L50, M|\n|poke|p1|Moltres-Galar, L50|\n|poke|p2|Farigiraf, L50, F|\n|poke|p2|Landorus, L50, M|\n|poke|p2|Urshifu-*, L50, M|\n|poke|p2|Heatran, L50, F|\n|poke|p2|Iron Bundle, L50|\n|poke|p2|Rillaboom, L50, M|\n|teampreview|4\n|inactive|Battle timer is ON: inactive players will automatically lose when time's up. (requested by Proffesor_Karrot)\n|inactive|Proffesor_Karrot has 60 seconds left.\n|\n|t:|1700856734\n|start\n|switch|p1a: Armarouge|Armarouge, L50, F|100\/100\n|switch|p1b: Indeedee|Indeedee-F, L50, F|100\/100\n|switch|p2a: Iron Bundle|Iron Bundle, L50|100\/100\n|switch|p2b: Landorus|Landorus, L50, M|100\/100\n|-fieldstart|move: Psychic Terrain|[from] ability: Psychic Surge|[of] p1b: Indeedee\n|-enditem|p2a: Iron Bundle|Booster Energy\n|-activate|p2a: Iron Bundle|ability: Quark Drive|[fromitem]\n|-start|p2a: Iron Bundle|quarkdrivespe\n|turn|1\n|inactive|Kaneiki has 30 seconds left.\n|\n|t:|1700856759\n|move|p1b: Indeedee|Follow Me|p1b: Indeedee\n|-singleturn|p1b: Indeedee|move: Follow Me\n|move|p2a: Iron Bundle|Icy Wind|p1a: Armarouge|[spread] p1a,p1b\n|-resisted|p1a: Armarouge\n|-damage|p1a: Armarouge|92\/100\n|-damage|p1b: Indeedee|85\/100\n|-unboost|p1a: Armarouge|spe|1\n|-unboost|p1b: Indeedee|spe|1\n|move|p2b: Landorus|Sandsear Storm|p1b: Indeedee|[spread] p1a,p1b\n|-supereffective|p1a: Armarouge\n|-damage|p1a: Armarouge|0 fnt\n|-damage|p1b: Indeedee|32\/100\n|-enditem|p1b: Indeedee|Sitrus Berry|[eat]\n|-heal|p1b: Indeedee|56\/100|[from] item: Sitrus Berry\n|faint|p1a: Armarouge\n|\n|upkeep\n|\n|t:|1700856778\n|switch|p1a: Sinistcha|Sinistcha-Masterpiece, L50|100\/100\n|-heal|p1b: Indeedee|81\/100|[from] ability: Hospitality|[of] p1a: Sinistcha\n|turn|2\n|\n|t:|1700856788\n|move|p2a: Iron Bundle|Protect|p2a: Iron Bundle\n|-singleturn|p2a: Iron Bundle|Protect\n|move|p1b: Indeedee|Follow Me|p1b: Indeedee\n|-singleturn|p1b: Indeedee|move: Follow Me\n|move|p2b: Landorus|Earth Power|p1b: Indeedee\n|-damage|p1b: Indeedee|13\/100\n|move|p1a: Sinistcha|Calm Mind|p1a: Sinistcha\n|-boost|p1a: Sinistcha|spa|1\n|-boost|p1a: Sinistcha|spd|1\n|\n|upkeep\n|turn|3\n|\n|t:|1700856805\n|move|p1b: Indeedee|Helping Hand|p1a: Sinistcha\n|-singleturn|p1a: Sinistcha|Helping Hand|[of] p1b: Indeedee\n|move|p2a: Iron Bundle|Encore|p1a: Sinistcha\n|-start|p1a: Sinistcha|Encore\n|move|p2b: Landorus|Earth Power|p1b: Indeedee\n|-damage|p1b: Indeedee|0 fnt\n|faint|p1b: Indeedee\n|move|p1a: Sinistcha|Calm Mind|p1a: Sinistcha\n|-boost|p1a: Sinistcha|spa|1\n|-boost|p1a: Sinistcha|spd|1\n|\n|upkeep\n|\n|t:|1700856815\n|switch|p1b: Iron Hands|Iron Hands, L50|100\/100\n|turn|4\n|\n|t:|1700856825\n|move|p2a: Iron Bundle|Protect|p2a: Iron Bundle\n|-singleturn|p2a: Iron Bundle|Protect\n|move|p2b: Landorus|Earth Power|p1b: Iron Hands\n|-supereffective|p1b: Iron Hands\n|-damage|p1b: Iron Hands|27\/100\n|move|p1a: Sinistcha|Calm Mind|p1a: Sinistcha\n|-boost|p1a: Sinistcha|spa|1\n|-boost|p1a: Sinistcha|spd|1\n|move|p1b: Iron Hands|Drain Punch|p2a: Iron Bundle\n|-activate|p2a: Iron Bundle|move: Protect\n|\n|upkeep\n|turn|5\n|inactive|Kaneiki has 30 seconds left.\n|-message|Kaneiki forfeited.\n|\n|win|Proffesor_Karrot\n|raw|Kaneiki's rating: 1486 &rarr; <strong>1469<\/strong><br \/>(-17 for losing)\n|raw|Proffesor_Karrot's rating: 1530 &rarr; <strong>1547<\/strong><br \/>(+17 for winning)\n|l|\u2606Proffesor_Karrot\n","uploadtime":1700856858,"views":5,"p1id":"kaneiki","p2id":"proffesorkarrot","formatid":"gen9vgc2023regulatione","rating":1469,"private":0,"password":""}