{"id":"gen9vgc2023regulatione-1995997508","p1":"Hehesmelf","p2":"Leo Justice","format":"[Gen 9] VGC 2023 Regulation E","log":"|j|\u2606Hehesmelf\n|j|\u2606Leo Justice\n|t:|1700627104\n|gametype|doubles\n|player|p1|Hehesmelf|pokekid|\n|player|p2|Leo Justice|lysandre|\n|teamsize|p1|6\n|teamsize|p2|6\n|gen|9\n|tier|[Gen 9] VGC 2023 Regulation E\n|rule|Species Clause: Limit one of each Pok\u00e9mon\n|rule|Item Clause: Limit one of each item\n|clearpoke\n|poke|p1|Ogerpon-Hearthflame, L50, F|\n|poke|p1|Gastrodon-East, L50, M|\n|poke|p1|Rillaboom, L50, F|\n|poke|p1|Chien-Pao, L50|\n|poke|p1|Flutter Mane, L50|\n|poke|p1|Tornadus, L50, M|\n|poke|p2|Ting-Lu, L50|\n|poke|p2|Ogerpon-Wellspring, L50, F|\n|poke|p2|Chien-Pao, L50|\n|poke|p2|Kingambit, L50, F|\n|poke|p2|Flutter Mane, L50|\n|poke|p2|Iron Hands, L50|\n|teampreview|4\nHehesmelf rejected open team sheets.\n|\n|t:|1700627175\n|start\n|switch|p1a: Flutter Mane|Flutter Mane, L50|100\/100\n|switch|p1b: Gastrodon|Gastrodon-East, L50, M|100\/100\n|switch|p2a: Oh deer|Ting-Lu, L50|100\/100\n|switch|p2b: Ogerponeus-T|Ogerpon-Wellspring, L50, F|100\/100\n|-ability|p2a: Oh deer|Vessel of Ruin\n|turn|1\n|\n|t:|1700627196\n|-terastallize|p2a: Oh deer|Poison\n|move|p2b: Ogerponeus-T|Spiky Shield|p2b: Ogerponeus-T\n|-singleturn|p2b: Ogerponeus-T|move: Protect\n|move|p1a: Flutter Mane|Moonblast|p2a: Oh deer\n|-resisted|p2a: Oh deer\n|-damage|p2a: Oh deer|88\/100\n|move|p2a: Oh deer|Heavy Slam|p1a: Flutter Mane\n|-supereffective|p1a: Flutter Mane\n|-damage|p1a: Flutter Mane|0 fnt\n|faint|p1a: Flutter Mane\n|-end|p1a: Flutter Mane|Protosynthesis|[silent]\n|move|p1b: Gastrodon|Yawn|p2b: Ogerponeus-T\n|-activate|p2b: Ogerponeus-T|move: Protect\n|\n|upkeep\n|\n|t:|1700627207\n|switch|p1a: Rillaboom|Rillaboom, L50, F|100\/100\n|-fieldstart|move: Grassy Terrain|[from] ability: Grassy Surge|[of] p1a: Rillaboom\n|turn|2\n|\n|t:|1700627224\n|move|p1a: Rillaboom|Fake Out|p2a: Oh deer\n|-damage|p2a: Oh deer|79\/100\n|move|p2b: Ogerponeus-T|Horn Leech|p1b: Gastrodon\n|-supereffective|p1b: Gastrodon\n|-damage|p1b: Gastrodon|0 fnt\n|faint|p1b: Gastrodon\n|cant|p2a: Oh deer|flinch\n|\n|-heal|p2a: Oh deer|85\/100|[from] Grassy Terrain\n|upkeep\n|\n|t:|1700627234\n|switch|p1b: Ogerpon|Ogerpon-Hearthflame, L50, F|100\/100\n|-ability|p1b: Ogerpon|Mold Breaker\n|turn|3\n|\n|t:|1700627259\n|-terastallize|p1b: Ogerpon|Fire\n|detailschange|p1b: Ogerpon|Ogerpon-Hearthflame-Tera, L50, F, tera:Fire\n|-ability|p1b: Ogerpon|Embody Aspect (Hearthflame)|boost\n|-boost|p1b: Ogerpon|atk|1\n|move|p2b: Ogerponeus-T|Follow Me|p2b: Ogerponeus-T\n|-singleturn|p2b: Ogerponeus-T|move: Follow Me\n|move|p1b: Ogerpon|Ivy Cudgel|p2b: Ogerponeus-T|[anim] Ivy Cudgel Fire\n|-damage|p2b: Ogerponeus-T|0 fnt\n|faint|p2b: Ogerponeus-T\n|move|p1a: Rillaboom|Wood Hammer|p2a: Oh deer\n|-resisted|p2a: Oh deer\n|-damage|p2a: Oh deer|62\/100\n|-damage|p1a: Rillaboom|91\/100|[from] Recoil\n|move|p2a: Oh deer|Stomping Tantrum|p1b: Ogerpon\n|-supereffective|p1b: Ogerpon\n|-damage|p1b: Ogerpon|0 fnt\n|faint|p1b: Ogerpon\n|\n|-heal|p1a: Rillaboom|97\/100|[from] Grassy Terrain\n|-heal|p2a: Oh deer|68\/100|[from] Grassy Terrain\n|upkeep\n|\n|t:|1700627276\n|switch|p2b: Brian Hands|Iron Hands, L50|100\/100\n|turn|4\n|\n|t:|1700627281\n|move|p2b: Brian Hands|Fake Out|p1a: Rillaboom\n|-damage|p1a: Rillaboom|82\/100\n|cant|p1a: Rillaboom|flinch\n|move|p2a: Oh deer|Fissure|p1a: Rillaboom|[miss]\n|-miss|p2a: Oh deer|p1a: Rillaboom\n|\n|-heal|p1a: Rillaboom|88\/100|[from] Grassy Terrain\n|-heal|p2a: Oh deer|74\/100|[from] Grassy Terrain\n|upkeep\n|turn|5\n|\n|t:|1700627291\n|move|p1a: Rillaboom|Wood Hammer|p2a: Oh deer\n|-resisted|p2a: Oh deer\n|-damage|p2a: Oh deer|52\/100\n|-damage|p1a: Rillaboom|80\/100|[from] Recoil\n|move|p2b: Brian Hands|Swords Dance|p2b: Brian Hands\n|-boost|p2b: Brian Hands|atk|2\n|move|p2a: Oh deer|Fissure|p1a: Rillaboom\n|-damage|p1a: Rillaboom|0 fnt\n|faint|p1a: Rillaboom\n|-ohko\n|\n|win|Leo Justice\n","uploadtime":1700627303,"views":14,"p1id":"hehesmelf","p2id":"leojustice","formatid":"gen9vgc2023regulatione","rating":0,"private":0,"password":""}