{"id":"gen9vgc2023regulatione-1988378901","p1":"madbluecatz","p2":"NekrosM0S","format":"[Gen 9] VGC 2023 Regulation E","log":"|j|\u2606madbluecatz\n|j|\u2606NekrosM0S\n|t:|1699716176\n|gametype|doubles\n|player|p1|madbluecatz|colress|1037\n|player|p2|NekrosM0S|colress|1000\n|teamsize|p1|6\n|teamsize|p2|6\n|gen|9\n|tier|[Gen 9] VGC 2023 Regulation E\n|rated|\n|rule|Species Clause: Limit one of each Pok\u00e9mon\n|rule|Item Clause: Limit one of each item\n|clearpoke\n|poke|p1|Gastly, L50, F|\n|poke|p1|Muk-Alola, L50, F|\n|poke|p1|Salazzle, L50, F|\n|poke|p1|Toxapex, L50, M|\n|poke|p1|Salandit, L50, M|\n|poke|p1|Wo-Chien, L50|\n|poke|p2|Iron Moth, L50|\n|poke|p2|Flutter Mane, L50|\n|poke|p2|Iron Hands, L50|\n|poke|p2|Landorus-Therian, L50, M|\n|poke|p2|Ogerpon-Cornerstone, L50, F|\n|poke|p2|Gholdengo, L50|\n|teampreview|4\nNekrosM0S has agreed to open team sheets.\n|\n|t:|1699716211\n|start\n|switch|p1a: Gastly|Gastly, L50, F|100\/100\n|switch|p1b: Salazzle|Salazzle, L50, F|100\/100\n|switch|p2a: Gholdengo|Gholdengo, L50|100\/100\n|switch|p2b: Ogerpon|Ogerpon-Cornerstone, L50, F|100\/100\n|turn|1\n|\n|t:|1699716228\n|move|p1b: Salazzle|Fake Out|p2b: Ogerpon\n|-resisted|p2b: Ogerpon\n|-damage|p2b: Ogerpon|97\/100\n|cant|p2b: Ogerpon|flinch\n|move|p2a: Gholdengo|Nasty Plot|p2a: Gholdengo\n|-boost|p2a: Gholdengo|spa|2\n|move|p1a: Gastly|Trick Room|p1a: Gastly\n|-fieldstart|move: Trick Room|[of] p1a: Gastly\n|\n|upkeep\n|turn|2\n|\n|t:|1699716256\n|move|p2b: Ogerpon|Follow Me|p2b: Ogerpon\n|-singleturn|p2b: Ogerpon|move: Follow Me\n|move|p1a: Gastly|Destiny Bond|p1a: Gastly\n|-singlemove|p1a: Gastly|Destiny Bond\n|move|p2a: Gholdengo|Make It Rain|p1a: Gastly|[spread] p1a,p1b\n|-resisted|p1b: Salazzle\n|-enditem|p1a: Gastly|Focus Sash\n|-damage|p1a: Gastly|1\/100\n|-damage|p1b: Salazzle|22\/100\n|-unboost|p2a: Gholdengo|spa|1\n|-enditem|p1b: Salazzle|Eject Button\n|\n|t:|1699716268\n|switch|p1b: Muk|Muk-Alola, L50, F|100\/100\n|\n|upkeep\n|turn|3\n|\n|t:|1699716292\n|move|p1b: Muk|Minimize|p1b: Muk\n|-boost|p1b: Muk|evasion|2\n|move|p2a: Gholdengo|Shadow Ball|p1b: Muk\n|-resisted|p1b: Muk\n|-damage|p1b: Muk|76\/100\n|move|p2b: Ogerpon|Ivy Cudgel|p1b: Muk\n|-damage|p1b: Muk|26\/100\n|-enditem|p1b: Muk|Sitrus Berry|[eat]\n|-heal|p1b: Muk|51\/100|[from] item: Sitrus Berry\n|move|p1a: Gastly|Trick Room|p1a: Gastly\n|-fieldend|move: Trick Room\n|\n|upkeep\n|turn|4\n|\n|t:|1699716310\n|switch|p2a: Landorus|Landorus-Therian, L50, M|100\/100\n|-ability|p2a: Landorus|Intimidate|boost\n|-unboost|p1a: Gastly|atk|1\n|-unboost|p1b: Muk|atk|1\n|move|p2b: Ogerpon|Ivy Cudgel|p1b: Muk|[miss]\n|-miss|p2b: Ogerpon|p1b: Muk\n|move|p1a: Gastly|Destiny Bond|p1a: Gastly\n|-singlemove|p1a: Gastly|Destiny Bond\n|move|p1b: Muk|Minimize|p1b: Muk\n|-boost|p1b: Muk|evasion|2\n|\n|upkeep\n|turn|5\n|\n|t:|1699716328\n|move|p2a: Landorus|Stomping Tantrum|p1b: Muk\n|-supereffective|p1b: Muk\n|-damage|p1b: Muk|0 fnt\n|faint|p1b: Muk\n|move|p2b: Ogerpon|Ivy Cudgel|p1a: Gastly\n|-damage|p1a: Gastly|0 fnt\n|faint|p1a: Gastly\n|-activate|p1a: Gastly|move: Destiny Bond\n|faint|p2b: Ogerpon\n|\n|upkeep\n|\n|t:|1699716345\n|switch|p2b: Iron Hands|Iron Hands, L50, shiny|100\/100\n|switch|p1a: Salazzle|Salazzle, L50, F|22\/100\n|switch|p1b: Toxapex|Toxapex, L50, M|100\/100\n|turn|6\n|\n|t:|1699716366\n|-terastallize|p1b: Toxapex|Dragon\n|move|p1a: Salazzle|Fake Out|p2a: Landorus\n|-damage|p2a: Landorus|92\/100\n|cant|p2a: Landorus|flinch\n|move|p2b: Iron Hands|Wild Charge|p1b: Toxapex\n|-resisted|p1b: Toxapex\n|-damage|p1b: Toxapex|85\/100\n|-damage|p2b: Iron Hands|98\/100|[from] Recoil\n|move|p1b: Toxapex|Stockpile|p1b: Toxapex\n|-start|p1b: Toxapex|stockpile1\n|-boost|p1b: Toxapex|def|1\n|-boost|p1b: Toxapex|spd|1\n|\n|upkeep\n|turn|7\n|\n|t:|1699716392\n|move|p2a: Landorus|Stomping Tantrum|p1b: Toxapex\n|-damage|p1b: Toxapex|42\/100\n|move|p1a: Salazzle|Poison Gas|p2b: Iron Hands|[spread] p2a\n|-miss|p1a: Salazzle|p2b: Iron Hands\n|-status|p2a: Landorus|psn\n|move|p2b: Iron Hands|Drain Punch|p1a: Salazzle\n|-resisted|p1a: Salazzle\n|-damage|p1a: Salazzle|0 fnt\n|-heal|p2b: Iron Hands|100\/100|[from] drain|[of] p1a: Salazzle\n|faint|p1a: Salazzle\n|move|p1b: Toxapex|Stockpile|p1b: Toxapex\n|-start|p1b: Toxapex|stockpile2\n|-boost|p1b: Toxapex|def|1\n|-boost|p1b: Toxapex|spd|1\n|\n|-damage|p2a: Landorus|80\/100 psn|[from] psn\n|upkeep\n|turn|8\n|\n|t:|1699716413\n|move|p2a: Landorus|Stomping Tantrum|p1b: Toxapex\n|-damage|p1b: Toxapex|27\/100\n|move|p2b: Iron Hands|Wild Charge|p1b: Toxapex\n|-resisted|p1b: Toxapex\n|-damage|p1b: Toxapex|17\/100\n|-damage|p2b: Iron Hands|99\/100|[from] Recoil\n|move|p1b: Toxapex|Recover|p1b: Toxapex\n|-heal|p1b: Toxapex|67\/100\n|\n|-damage|p2a: Landorus|68\/100 psn|[from] psn\n|upkeep\n|turn|9\n|\n|t:|1699716428\n|-end|p2b: Iron Hands|Quark Drive|[silent]\n|switch|p2b: Gholdengo|Gholdengo, L50|100\/100\n|move|p2a: Landorus|Stomping Tantrum|p1b: Toxapex\n|-damage|p1b: Toxapex|51\/100\n|move|p1b: Toxapex|Stockpile|p1b: Toxapex\n|-start|p1b: Toxapex|stockpile3\n|-boost|p1b: Toxapex|def|1\n|-boost|p1b: Toxapex|spd|1\n|\n|-damage|p2a: Landorus|56\/100 psn|[from] psn\n|upkeep\n|turn|10\n|\n|t:|1699716443\n|move|p2a: Landorus|Stomping Tantrum|p1b: Toxapex\n|-damage|p1b: Toxapex|38\/100\n|move|p2b: Gholdengo|Nasty Plot|p2b: Gholdengo\n|-boost|p2b: Gholdengo|spa|2\n|move|p1b: Toxapex|Infestation|p2b: Gholdengo\n|-resisted|p2b: Gholdengo\n|-damage|p2b: Gholdengo|99\/100\n|-activate|p2b: Gholdengo|move: Infestation|[of] p1b: Toxapex\n|\n|-heal|p2b: Gholdengo|100\/100|[from] item: Leftovers\n|-damage|p2a: Landorus|44\/100 psn|[from] psn\n|-damage|p2b: Gholdengo|88\/100|[from] move: Infestation|[partiallytrapped]\n|upkeep\n|turn|11\n|\n|t:|1699716454\n|move|p2a: Landorus|Stomping Tantrum|p1b: Toxapex\n|-crit|p1b: Toxapex\n|-damage|p1b: Toxapex|0 fnt\n|faint|p1b: Toxapex\n|\n|win|NekrosM0S\n|raw|madbluecatz's rating: 1037 &rarr; <strong>1020<\/strong><br \/>(-17 for losing)\n|raw|NekrosM0S's rating: 1000 &rarr; <strong>1044<\/strong><br \/>(+44 for winning)\n|l|\u2606madbluecatz\n","uploadtime":1699716466,"views":17,"p1id":"madbluecatz","p2id":"nekrosm0s","formatid":"gen9vgc2023regulatione","rating":1020,"private":0,"password":""}