{"id":"gen9vgc2023regulatione-1997679774","p1":"Vitormileer","p2":"PenguGuyTest","format":"[Gen 9] VGC 2023 Regulation E","log":"|j|\u2606Vitormileer\n|j|\u2606PenguGuyTest\n|t:|1700840987\n|gametype|doubles\n|player|p1|Vitormileer|brock|1090\n|player|p2|PenguGuyTest|doctor|1079\n|teamsize|p1|6\n|teamsize|p2|6\n|gen|9\n|tier|[Gen 9] VGC 2023 Regulation E\n|rated|\n|rule|Species Clause: Limit one of each Pok\u00e9mon\n|rule|Item Clause: Limit one of each item\n|clearpoke\n|poke|p1|Roaring Moon, L50|\n|poke|p1|Weezing, L50, M|\n|poke|p1|Thundurus, L50, M|\n|poke|p1|Landorus-Therian, L50, M|\n|poke|p1|Rillaboom, L50, F|\n|poke|p1|Gholdengo, L50|\n|poke|p2|Ceruledge, L50, F|\n|poke|p2|Weezing-Galar, L50, M|\n|poke|p2|Tornadus, L50, M|\n|poke|p2|Arcanine-Hisui, L50, M|\n|poke|p2|Flutter Mane, L50|\n|poke|p2|Roaring Moon, L50|\n|teampreview|4\n|c|\u2606PenguGuyTest|glhf\n|inactive|Battle timer is ON: inactive players will automatically lose when time's up. (requested by Vitormileer)\nPenguGuyTest has agreed to open team sheets.\n|inactive|Vitormileer has 60 seconds left.\n|\n|t:|1700841046\n|start\n|switch|p1a: Weezing|Weezing, L50, M|100\/100\n|switch|p1b: Landorus|Landorus-Therian, L50, M|100\/100\n|switch|p2a: Flutter Mane|Flutter Mane, L50|100\/100\n|switch|p2b: Roaring Moon|Roaring Moon, L50|100\/100\n|-ability|p1a: Weezing|Neutralizing Gas\n|-enditem|p2b: Roaring Moon|Booster Energy\n|-activate|p2b: Roaring Moon|ability: Protosynthesis|[fromitem]\n|-start|p2b: Roaring Moon|protosynthesisspe\n|turn|1\n|\n|t:|1700841068\n|-end|p2a: Flutter Mane|Protosynthesis|[silent]\n|switch|p2a: Arcanine|Arcanine-Hisui, L50, M|100\/100\n|move|p2b: Roaring Moon|Breaking Swipe|p1b: Landorus|[spread] p1a,p1b\n|-damage|p1a: Weezing|80\/100\n|-damage|p1b: Landorus|73\/100\n|-unboost|p1a: Weezing|atk|1\n|-unboost|p1b: Landorus|atk|1\n|move|p1b: Landorus|U-turn|p2b: Roaring Moon\n|-supereffective|p2b: Roaring Moon\n|-damage|p2b: Roaring Moon|59\/100\n|\n|t:|1700841091\n|switch|p1b: Roaring Moon|Roaring Moon, L50|100\/100|[from] U-turn\n|-enditem|p1b: Roaring Moon|Booster Energy\n|-activate|p1b: Roaring Moon|ability: Protosynthesis|[fromitem]\n|-start|p1b: Roaring Moon|protosynthesisspe\n|move|p1a: Weezing|Will-O-Wisp|p2b: Roaring Moon\n|-status|p2b: Roaring Moon|brn\n|\n|-damage|p2b: Roaring Moon|53\/100 brn|[from] brn\n|upkeep\n|turn|2\n|\n|t:|1700841108\n|-end|p1a: Weezing|ability: Neutralizing Gas\n|-ability|p2a: Arcanine|Intimidate|boost\n|-unboost|p1a: Weezing|atk|1\n|-unboost|p1b: Roaring Moon|atk|1\n|switch|p1a: Landorus|Landorus-Therian, L50, M|73\/100\n|-ability|p1a: Landorus|Intimidate|boost\n|-unboost|p2a: Arcanine|atk|1\n|-unboost|p2b: Roaring Moon|atk|1\n|move|p2a: Arcanine|Extreme Speed|p1b: Roaring Moon\n|-damage|p1b: Roaring Moon|70\/100\n|move|p2b: Roaring Moon|Breaking Swipe|p1b: Roaring Moon|[spread] p1a,p1b\n|-supereffective|p1b: Roaring Moon\n|-damage|p1a: Landorus|64\/100\n|-damage|p1b: Roaring Moon|50\/100\n|-unboost|p1a: Landorus|atk|1\n|-unboost|p1b: Roaring Moon|atk|1\n|move|p1b: Roaring Moon|Knock Off|p2a: Arcanine\n|-damage|p2a: Arcanine|70\/100\n|-enditem|p2a: Arcanine|Choice Band|[from] move: Knock Off|[of] p1b: Roaring Moon\n|\n|-damage|p2b: Roaring Moon|47\/100 brn|[from] brn\n|upkeep\n|turn|3\n|inactive|Vitormileer has 30 seconds left.\n|\n|t:|1700841135\n|-end|p1b: Roaring Moon|Protosynthesis|[silent]\n|switch|p1b: Thundurus|Thundurus, L50, M|100\/100\n|move|p2a: Arcanine|Extreme Speed|p1a: Landorus\n|-damage|p1a: Landorus|40\/100\n|move|p2b: Roaring Moon|Breaking Swipe|p1b: Thundurus|[spread] p1a,p1b\n|-damage|p1a: Landorus|30\/100\n|-damage|p1b: Thundurus|93\/100\n|-unboost|p1a: Landorus|atk|1\n|move|p1a: Landorus|Stomping Tantrum|p2a: Arcanine\n|-supereffective|p2a: Arcanine\n|-damage|p2a: Arcanine|0 fnt\n|faint|p2a: Arcanine\n|\n|-damage|p2b: Roaring Moon|41\/100 brn|[from] brn\n|upkeep\n|\n|t:|1700841146\n|switch|p2a: Ceruledge|Ceruledge, L50, F|100\/100\n|turn|4\n|\n|t:|1700841160\n|switch|p1a: Weezing|Weezing, L50, M|80\/100\n|-ability|p1a: Weezing|Neutralizing Gas\n|move|p2a: Ceruledge|Protect|p2a: Ceruledge\n|-singleturn|p2a: Ceruledge|Protect\n|move|p2b: Roaring Moon|Knock Off|p1a: Weezing\n|-damage|p1a: Weezing|65\/100\n|-enditem|p1a: Weezing|Sitrus Berry|[from] move: Knock Off|[of] p2b: Roaring Moon\n|move|p1b: Thundurus|Thunder Wave|p2a: Ceruledge\n|-activate|p2a: Ceruledge|move: Protect\n|\n|-damage|p2b: Roaring Moon|35\/100 brn|[from] brn\n|upkeep\n|turn|5\n|\n|t:|1700841186\n|-end|p1a: Weezing|ability: Neutralizing Gas\n|switch|p1a: Landorus|Landorus-Therian, L50, M|30\/100\n|-ability|p1a: Landorus|Intimidate|boost\n|-fail|p2a: Ceruledge|unboost|[from] item: Clear Amulet|[of] p2a: Ceruledge\n|-unboost|p2b: Roaring Moon|atk|1\n|move|p1b: Thundurus|Thunder Wave|p2a: Ceruledge\n|-status|p2a: Ceruledge|par\n|move|p2b: Roaring Moon|Knock Off|p1b: Thundurus\n|-damage|p1b: Thundurus|81\/100\n|-enditem|p1b: Thundurus|Covert Cloak|[from] move: Knock Off|[of] p2b: Roaring Moon\n|cant|p2a: Ceruledge|par\n|\n|-damage|p2b: Roaring Moon|29\/100 brn|[from] brn\n|upkeep\n|turn|6\n|\n|t:|1700841204\n|cant|p2a: Ceruledge|par\n|move|p1b: Thundurus|Leer|p2b: Roaring Moon|[spread] \n|-hint|Since gen 7, Dark is immune to Prankster moves.\n|-immune|p2b: Roaring Moon\n|-fail|p2a: Ceruledge|unboost|[from] item: Clear Amulet|[of] p2a: Ceruledge\n|move|p2b: Roaring Moon|Knock Off|p1a: Landorus\n|-damage|p1a: Landorus|15\/100\n|-enditem|p1a: Landorus|Choice Scarf|[from] move: Knock Off|[of] p2b: Roaring Moon\n|move|p1a: Landorus|Stomping Tantrum|p2a: Ceruledge\n|-supereffective|p2a: Ceruledge\n|-damage|p2a: Ceruledge|7\/100 par\n|-ability|p2a: Ceruledge|Weak Armor|boost\n|-unboost|p2a: Ceruledge|def|1\n|-boost|p2a: Ceruledge|spe|2\n|\n|-damage|p2b: Roaring Moon|23\/100 brn|[from] brn\n|upkeep\n|turn|7\n|\n|t:|1700841228\n|move|p2b: Roaring Moon|Acrobatics|p1a: Landorus\n|-damage|p1a: Landorus|4\/100\n|move|p1a: Landorus|U-turn|p2b: Roaring Moon\n|-supereffective|p2b: Roaring Moon\n|-damage|p2b: Roaring Moon|0 fnt\n|faint|p2b: Roaring Moon\n|-end|p2b: Roaring Moon|Protosynthesis|[silent]\n|\n|t:|1700841237\n|switch|p1a: Weezing|Weezing, L50, M|65\/100|[from] U-turn\n|-ability|p1a: Weezing|Neutralizing Gas\n|move|p1b: Thundurus|Wildbolt Storm|p2a: Ceruledge\n|-damage|p2a: Ceruledge|0 fnt\n|faint|p2a: Ceruledge\n|\n|upkeep\n|\n|t:|1700841244\n|switch|p2a: Flutter Mane|Flutter Mane, L50|100\/100\n|turn|8\n|-message|PenguGuyTest forfeited.\n|\n|win|Vitormileer\n|raw|Vitormileer's rating: 1090 &rarr; <strong>1116<\/strong><br \/>(+26 for winning)\n|raw|PenguGuyTest's rating: 1079 &rarr; <strong>1058<\/strong><br \/>(-21 for losing)\n|l|\u2606PenguGuyTest\n","uploadtime":1700841254,"views":9,"p1id":"vitormileer","p2id":"penguguytest","formatid":"gen9vgc2023regulatione","rating":1058,"private":0,"password":""}