{"id":"gen9vgc2023regulatione-1998208202","p1":"Thinhomega357","p2":"Slayer2239","format":"[Gen 9] VGC 2023 Regulation E","log":"|j|\u2606Thinhomega357\n|j|\u2606Slayer2239\n|t:|1700912851\n|gametype|doubles\n|player|p1|Thinhomega357|hilda|1582\n|player|p2|Slayer2239|170|1647\n|teamsize|p1|6\n|teamsize|p2|6\n|gen|9\n|tier|[Gen 9] VGC 2023 Regulation E\n|rated|\n|rule|Species Clause: Limit one of each Pok\u00e9mon\n|rule|Item Clause: Limit one of each item\n|clearpoke\n|poke|p1|Cresselia, L50, F|\n|poke|p1|Torkoal, L50, M|\n|poke|p1|Indeedee-F, L50, F|\n|poke|p1|Armarouge, L50, F|\n|poke|p1|Ursaluna-Bloodmoon, L50, M|\n|poke|p1|Kingambit, L50, M|\n|poke|p2|Dondozo, L50, M|\n|poke|p2|Tatsugiri, L50, M|\n|poke|p2|Pelipper, L50, F|\n|poke|p2|Urshifu-*, L50, F|\n|poke|p2|Ogerpon-Wellspring, L50, F|\n|poke|p2|Iron Bundle, L50|\n|teampreview|4\n|inactive|Battle timer is ON: inactive players will automatically lose when time's up. (requested by Slayer2239)\n|inactive|Thinhomega357 has 60 seconds left.\n|\n|t:|1700912887\n|start\n|switch|p1a: Indeedee|Indeedee-F, L50, F|100\/100\n|switch|p1b: Armarouge|Armarouge, L50, F|100\/100\n|switch|p2a: Pelipper|Pelipper, L50, F|100\/100\n|switch|p2b: Urshifu|Urshifu-Rapid-Strike, L50, F|100\/100\n|-weather|RainDance|[from] ability: Drizzle|[of] p2a: Pelipper\n|-fieldstart|move: Psychic Terrain|[from] ability: Psychic Surge|[of] p1a: Indeedee\n|turn|1\n|inactive|Slayer2239 has 30 seconds left.\n|\n|t:|1700912921\n|-terastallize|p2b: Urshifu|Water\n|move|p1a: Indeedee|Follow Me|p1a: Indeedee\n|-singleturn|p1a: Indeedee|move: Follow Me\n|move|p2b: Urshifu|Surging Strikes|p1a: Indeedee\n|-crit|p1a: Indeedee\n|-damage|p1a: Indeedee|42\/100\n|-crit|p1a: Indeedee\n|-damage|p1a: Indeedee|0 fnt\n|faint|p1a: Indeedee\n|-hitcount|p1: Indeedee|2\n|move|p2a: Pelipper|Hurricane|p1b: Armarouge\n|-damage|p1b: Armarouge|44\/100\n|move|p1b: Armarouge|Trick Room|p1b: Armarouge\n|-fieldstart|move: Trick Room|[of] p1b: Armarouge\n|\n|-weather|RainDance|[upkeep]\n|upkeep\n|\n|t:|1700912942\n|switch|p1a: Ursaluna|Ursaluna-Bloodmoon, L50, M|100\/100\n|turn|2\n|inactive|Slayer2239 has 30 seconds left.\n|\n|t:|1700912973\n|-terastallize|p1a: Ursaluna|Normal\n|move|p2a: Pelipper|Protect|p2a: Pelipper\n|-singleturn|p2a: Pelipper|Protect\n|move|p2b: Urshifu|Detect|p2b: Urshifu\n|-singleturn|p2b: Urshifu|Protect\n|move|p1a: Ursaluna|Blood Moon|p2b: Urshifu\n|-activate|p2b: Urshifu|move: Protect\n|move|p1b: Armarouge|Expanding Force|p2b: Urshifu|[spread] \n|-activate|p2a: Pelipper|move: Protect\n|-activate|p2b: Urshifu|move: Protect\n|\n|-weather|RainDance|[upkeep]\n|upkeep\n|turn|3\n|\n|t:|1700912988\n|switch|p2a: Dondozo|Dondozo, L50, M|100\/100\n|switch|p2b: Tatsugiri|Tatsugiri, L50, M|100\/100\n|-activate|p2b: Tatsugiri|ability: Commander|[of] p2a: Dondozo\n|-boost|p2a: Dondozo|atk|2\n|-boost|p2a: Dondozo|spa|2\n|-boost|p2a: Dondozo|spe|2\n|-boost|p2a: Dondozo|def|2\n|-boost|p2a: Dondozo|spd|2\n|move|p1a: Ursaluna|Hyper Voice|p2a: Dondozo|[spread] p2a\n|-miss|p1a: Ursaluna|p2b: Tatsugiri\n|-damage|p2a: Dondozo|70\/100\n|-enditem|p1a: Ursaluna|Throat Spray\n|-boost|p1a: Ursaluna|spa|1|[from] item: Throat Spray\n|move|p1b: Armarouge|Expanding Force|p2a: Dondozo|[spread] p2a\n|-miss|p1b: Armarouge|p2b: Tatsugiri\n|-damage|p2a: Dondozo|27\/100\n|-damage|p1b: Armarouge|34\/100|[from] item: Life Orb\n|\n|-weather|RainDance|[upkeep]\n|-heal|p2a: Dondozo|33\/100|[from] item: Leftovers\n|upkeep\n|turn|4\n|\n|t:|1700913011\n|move|p2a: Dondozo|Protect|p2a: Dondozo\n|-singleturn|p2a: Dondozo|Protect\n|move|p1a: Ursaluna|Hyper Voice|p2b: Tatsugiri|[spread] \n|-miss|p1a: Ursaluna|p2b: Tatsugiri\n|-activate|p2a: Dondozo|move: Protect\n|move|p1b: Armarouge|Expanding Force|p2a: Dondozo|[spread] \n|-miss|p1b: Armarouge|p2b: Tatsugiri\n|-activate|p2a: Dondozo|move: Protect\n|\n|-weather|RainDance|[upkeep]\n|-heal|p2a: Dondozo|39\/100|[from] item: Leftovers\n|upkeep\n|turn|5\n|\n|t:|1700913025\n|move|p2a: Dondozo|Protect|p2a: Dondozo\n|-singleturn|p2a: Dondozo|Protect\n|move|p1a: Ursaluna|Blood Moon|p2a: Dondozo\n|-activate|p2a: Dondozo|move: Protect\n|move|p1b: Armarouge|Expanding Force|p2a: Dondozo|[spread] \n|-miss|p1b: Armarouge|p2b: Tatsugiri\n|-activate|p2a: Dondozo|move: Protect\n|\n|-weather|none\n|-heal|p2a: Dondozo|45\/100|[from] item: Leftovers\n|-fieldend|move: Trick Room\n|-fieldend|move: Psychic Terrain\n|upkeep\n|turn|6\n|\n|t:|1700913034\n|move|p2a: Dondozo|Order Up|p1b: Armarouge\n|-damage|p1b: Armarouge|0 fnt\n|faint|p1b: Armarouge\n|-boost|p2a: Dondozo|atk|1\n|move|p1a: Ursaluna|Hyper Voice|p2a: Dondozo|[spread] p2a\n|-miss|p1a: Ursaluna|p2b: Tatsugiri\n|-damage|p2a: Dondozo|16\/100\n|\n|-heal|p2a: Dondozo|22\/100|[from] item: Leftovers\n|upkeep\n|\n|t:|1700913038\n|switch|p1b: Torkoal|Torkoal, L50, M|100\/100\n|-weather|SunnyDay|[from] ability: Drought|[of] p1b: Torkoal\n|turn|7\n|-message|Thinhomega357 forfeited.\n|\n|win|Slayer2239\n|raw|Thinhomega357's rating: 1582 &rarr; <strong>1566<\/strong><br \/>(-16 for losing)\n|raw|Slayer2239's rating: 1647 &rarr; <strong>1663<\/strong><br \/>(+16 for winning)\n|l|\u2606Thinhomega357\n|j|\u2606Thinhomega357\n|player|p1|Thinhomega357|hilda\n","uploadtime":1700913053,"views":0,"p1id":"thinhomega357","p2id":"slayer2239","formatid":"gen9vgc2023regulatione","rating":1566,"private":0,"password":""}