{"id":"gen9vgc2023regulatione-1990195546","p1":"superseriousboi","p2":"Kalickey","format":"[Gen 9] VGC 2023 Regulation E","log":"|j|\u2606superseriousboi\n|j|\u2606Kalickey\n|t:|1699935728\n|gametype|doubles\n|player|p1|superseriousboi|266|1309\n|player|p2|Kalickey|266|1224\n|teamsize|p1|6\n|teamsize|p2|6\n|gen|9\n|tier|[Gen 9] VGC 2023 Regulation E\n|rated|\n|rule|Species Clause: Limit one of each Pok\u00e9mon\n|rule|Item Clause: Limit one of each item\n|clearpoke\n|poke|p1|Ogerpon-Wellspring, L50, F|\n|poke|p1|Landorus-Therian, L50, M|\n|poke|p1|Heatran, L50, F|\n|poke|p1|Iron Hands, L50|\n|poke|p1|Kingambit, L50, M|\n|poke|p1|Flutter Mane, L50|\n|poke|p2|Dragonite, L50, M|\n|poke|p2|Chien-Pao, L50|\n|poke|p2|Scizor, L50, F|\n|poke|p2|Rillaboom, L50, M|\n|poke|p2|Murkrow, L50, F|\n|poke|p2|Enamorus, L50, F|\n|teampreview|4\n|inactive|Battle timer is ON: inactive players will automatically lose when time's up. (requested by Kalickey)\nsuperseriousboi has agreed to open team sheets.\n|inactive|superseriousboi has 60 seconds left.\n|inactive|Kalickey has 60 seconds left.\nKalickey has agreed to open team sheets.\n|\n|t:|1699935768\n|start\n|switch|p1a: Heatran|Heatran, L50, F|100\/100\n|switch|p1b: Iron Hands|Iron Hands, L50|100\/100\n|switch|p2a: Murkrow|Murkrow, L50, F|100\/100\n|switch|p2b: Scizor|Scizor, L50, F, shiny|100\/100\n|turn|1\n|inactive|superseriousboi has 30 seconds left.\n|\n|t:|1699935793\n|switch|p2b: Enamorus|Enamorus, L50, F|100\/100\n|move|p2a: Murkrow|Feather Dance|p1b: Iron Hands\n|-unboost|p1b: Iron Hands|atk|2\n|move|p1a: Heatran|Heat Wave|p2b: Enamorus|[spread] p2b\n|-miss|p1a: Heatran|p2a: Murkrow\n|-damage|p2b: Enamorus|67\/100\n|-damage|p1a: Heatran|91\/100|[from] item: Life Orb\n|move|p1b: Iron Hands|Wild Charge|p2a: Murkrow\n|-supereffective|p2a: Murkrow\n|-damage|p2a: Murkrow|56\/100\n|-damage|p1b: Iron Hands|93\/100|[from] Recoil\n|\n|upkeep\n|turn|2\n|inactive|superseriousboi has 30 seconds left.\n|inactive|Kalickey has 30 seconds left.\n|\n|t:|1699935826\n|-terastallize|p2b: Enamorus|Flying\n|move|p2a: Murkrow|Feather Dance|p2b: Enamorus\n|-boost|p2b: Enamorus|atk|2\n|move|p2b: Enamorus|Superpower|p1a: Heatran\n|-supereffective|p1a: Heatran\n|-damage|p1a: Heatran|0 fnt\n|-boost|p2b: Enamorus|atk|1\n|-boost|p2b: Enamorus|def|1\n|faint|p1a: Heatran\n|move|p1b: Iron Hands|Wild Charge|p2b: Enamorus\n|-supereffective|p2b: Enamorus\n|-damage|p2b: Enamorus|34\/100\n|-damage|p1b: Iron Hands|87\/100|[from] Recoil\n|\n|upkeep\n|\n|t:|1699935840\n|switch|p1a: Landorus|Landorus-Therian, L50, M|100\/100\n|-ability|p1a: Landorus|Intimidate|boost\n|-unboost|p2a: Murkrow|atk|1\n|-boost|p2b: Enamorus|atk|1\n|turn|3\n|\n|t:|1699935862\n|move|p2a: Murkrow|Screech|p2b: Enamorus\n|-boost|p2b: Enamorus|def|2\n|move|p1a: Landorus|Rock Slide|p2b: Enamorus|[spread] p2a,p2b\n|-supereffective|p2a: Murkrow\n|-supereffective|p2b: Enamorus\n|-damage|p2a: Murkrow|18\/100\n|-damage|p2b: Enamorus|14\/100\n|cant|p2b: Enamorus|flinch\n|move|p1b: Iron Hands|Wild Charge|p2a: Murkrow\n|-supereffective|p2a: Murkrow\n|-damage|p2a: Murkrow|0 fnt\n|faint|p2a: Murkrow\n|-damage|p1b: Iron Hands|85\/100|[from] Recoil\n|\n|upkeep\n|\n|t:|1699935877\n|switch|p2a: Chien-Pao|Chien-Pao, L50|100\/100\n|-ability|p2a: Chien-Pao|Sword of Ruin\n|turn|4\n|\n|t:|1699935888\n|-end|p1b: Iron Hands|Quark Drive|[silent]\n|switch|p1b: Flutter Mane|Flutter Mane, L50|100\/100\n|move|p2a: Chien-Pao|Ice Shard|p1a: Landorus\n|-supereffective|p1a: Landorus\n|-damage|p1a: Landorus|0 fnt\n|faint|p1a: Landorus\n|-damage|p2a: Chien-Pao|91\/100|[from] item: Life Orb\n|move|p2b: Enamorus|Play Rough|p1b: Flutter Mane\n|-enditem|p1b: Flutter Mane|Focus Sash\n|-damage|p1b: Flutter Mane|1\/100\n|\n|upkeep\n|\n|t:|1699935899\n|switch|p1a: Iron Hands|Iron Hands, L50|85\/100\n|turn|5\n|inactive|superseriousboi has 30 seconds left.\n|\n|t:|1699935928\n|move|p1a: Iron Hands|Fake Out|p2a: Chien-Pao\n|-damage|p2a: Chien-Pao|73\/100\n|cant|p2a: Chien-Pao|flinch\n|move|p1b: Flutter Mane|Shadow Ball|p2b: Enamorus\n|-damage|p2b: Enamorus|0 fnt\n|faint|p2b: Enamorus\n|\n|upkeep\n|\n|t:|1699935938\n|switch|p2b: Scizor|Scizor, L50, F, shiny|100\/100\n|turn|6\n|\n|t:|1699935947\n|move|p1b: Flutter Mane|Protect|p1b: Flutter Mane\n|-singleturn|p1b: Flutter Mane|Protect\n|move|p2a: Chien-Pao|Protect|p2a: Chien-Pao\n|-singleturn|p2a: Chien-Pao|Protect\n|move|p2b: Scizor|Bullet Punch|p1b: Flutter Mane\n|-activate|p1b: Flutter Mane|move: Protect\n|move|p1a: Iron Hands|Drain Punch|p2a: Chien-Pao\n|-activate|p2a: Chien-Pao|move: Protect\n|\n|upkeep\n|turn|7\n|inactive|superseriousboi has 30 seconds left.\n|inactive|superseriousboi has 20 seconds left.\n|\n|t:|1699935983\n|move|p1b: Flutter Mane|Protect|p1b: Flutter Mane\n|-singleturn|p1b: Flutter Mane|Protect\n|move|p2a: Chien-Pao|Ice Shard|p1b: Flutter Mane\n|-activate|p1b: Flutter Mane|move: Protect\n|move|p1a: Iron Hands|Drain Punch|p2a: Chien-Pao\n|-supereffective|p2a: Chien-Pao\n|-damage|p2a: Chien-Pao|0 fnt\n|-heal|p1a: Iron Hands|100\/100|[from] drain|[of] p2a: Chien-Pao\n|faint|p2a: Chien-Pao\n|move|p2b: Scizor|Swords Dance|p2b: Scizor\n|-boost|p2b: Scizor|atk|2\n|\n|upkeep\n|turn|8\n|inactive|superseriousboi has 30 seconds left.\n|inactive|superseriousboi has 20 seconds left.\n|inactive|superseriousboi has 15 seconds left.\n|\n|t:|1699936024\n|move|p2b: Scizor|Bullet Punch|p1b: Flutter Mane\n|-supereffective|p1b: Flutter Mane\n|-damage|p1b: Flutter Mane|0 fnt\n|faint|p1b: Flutter Mane\n|-end|p1b: Flutter Mane|Protosynthesis|[silent]\n|move|p1a: Iron Hands|Drain Punch|p2b: Scizor\n|-damage|p2b: Scizor|63\/100\n|\n|upkeep\n|turn|9\n|\n|t:|1699936036\n|move|p1a: Iron Hands|Drain Punch|p2b: Scizor\n|-damage|p2b: Scizor|25\/100\n|move|p2b: Scizor|Dual Wingbeat|p1a: Iron Hands\n|-damage|p1a: Iron Hands|74\/100\n|-damage|p1a: Iron Hands|50\/100\n|-hitcount|p1a: Iron Hands|2\n|\n|upkeep\n|turn|10\n|\n|t:|1699936044\n|move|p1a: Iron Hands|Drain Punch|p2b: Scizor\n|-damage|p2b: Scizor|0 fnt\n|-heal|p1a: Iron Hands|58\/100|[from] drain|[of] p2b: Scizor\n|faint|p2b: Scizor\n|\n|win|superseriousboi\n|raw|superseriousboi's rating: 1309 &rarr; <strong>1324<\/strong><br \/>(+15 for winning)\n|raw|Kalickey's rating: 1224 &rarr; <strong>1205<\/strong><br \/>(-19 for losing)\n","uploadtime":1699936051,"views":7,"p1id":"superseriousboi","p2id":"kalickey","formatid":"gen9vgc2023regulatione","rating":1205,"private":0,"password":""}