{"id":"gen9vgc2023regulatione-1990638420","p1":"Xhdoysoudoysf","p2":"bobforte22","format":"[Gen 9] VGC 2023 Regulation E","log":"|j|\u2606Xhdoysoudoysf\n|j|\u2606bobforte22\n|t:|1699987789\n|gametype|doubles\n|player|p1|Xhdoysoudoysf|ingo|1215\n|player|p2|bobforte22|pilot|1292\n|teamsize|p1|6\n|teamsize|p2|6\n|gen|9\n|tier|[Gen 9] VGC 2023 Regulation E\n|rated|\n|rule|Species Clause: Limit one of each Pok\u00e9mon\n|rule|Item Clause: Limit one of each item\n|clearpoke\n|poke|p1|Weezing, L50, F|\n|poke|p1|Roaring Moon, L50|\n|poke|p1|Flutter Mane, L50|\n|poke|p1|Iron Hands, L50|\n|poke|p1|Landorus-Therian, L50, M|\n|poke|p1|Ogerpon-Hearthflame, L50, F|\n|poke|p2|Chi-Yu, L50|\n|poke|p2|Jolteon, L50, M|\n|poke|p2|Iron Hands, L50|\n|poke|p2|Iron Bundle, L50|\n|poke|p2|Arcanine, L50, F|\n|poke|p2|Garchomp, L50, M|\n|teampreview|4\n|inactive|Battle timer is ON: inactive players will automatically lose when time's up. (requested by Xhdoysoudoysf)\n|\n|t:|1699987817\n|start\n|switch|p1a: *Cough*|Weezing, L50, F|100\/100\n|switch|p1b: Mega salamance?|Roaring Moon, L50|100\/100\n|switch|p2a: Garchomp|Garchomp, L50, M|100\/100\n|switch|p2b: Arcanine|Arcanine, L50, F, shiny|100\/100\n|-ability|p1a: *Cough*|Neutralizing Gas\n|-enditem|p1b: Mega salamance?|Booster Energy\n|-activate|p1b: Mega salamance?|ability: Protosynthesis|[fromitem]\n|-start|p1b: Mega salamance?|protosynthesisatk\n|turn|1\n|\n|t:|1699987839\n|-terastallize|p2a: Garchomp|Ice\n|move|p1b: Mega salamance?|Tailwind|p1b: Mega salamance?\n|-sidestart|p1: Xhdoysoudoysf|move: Tailwind\n|move|p1a: *Cough*|Will-O-Wisp|p2a: Garchomp\n|-status|p2a: Garchomp|brn\n|move|p2a: Garchomp|Stomping Tantrum|p1a: *Cough*\n|-supereffective|p1a: *Cough*\n|-damage|p1a: *Cough*|69\/100\n|move|p2b: Arcanine|Will-O-Wisp|p1b: Mega salamance?\n|-status|p1b: Mega salamance?|brn\n|\n|-heal|p1a: *Cough*|75\/100|[from] item: Leftovers\n|-damage|p1b: Mega salamance?|95\/100 brn|[from] brn\n|-damage|p2a: Garchomp|94\/100 brn|[from] brn\n|upkeep\n|turn|2\n|\n|t:|1699987856\n|-terastallize|p1b: Mega salamance?|Flying\n|move|p1a: *Cough*|Protect|p1a: *Cough*\n|-singleturn|p1a: *Cough*|Protect\n|move|p1b: Mega salamance?|Acrobatics|p2b: Arcanine\n|-damage|p2b: Arcanine|62\/100\n|-damage|p1b: Mega salamance?|79\/100 brn|[from] item: Rocky Helmet|[of] p2b: Arcanine\n|move|p2a: Garchomp|Tera Blast|p1b: Mega salamance?|[anim] Tera Blast Ice\n|-supereffective|p1b: Mega salamance?\n|-damage|p1b: Mega salamance?|20\/100 brn\n|move|p2b: Arcanine|Flare Blitz|p1b: Mega salamance?\n|-damage|p1b: Mega salamance?|0 fnt\n|faint|p1b: Mega salamance?\n|-end|p1b: Mega salamance?|Protosynthesis|[silent]\n|-damage|p2b: Arcanine|56\/100|[from] Recoil\n|\n|-heal|p1a: *Cough*|81\/100|[from] item: Leftovers\n|-damage|p2a: Garchomp|88\/100 brn|[from] brn\n|upkeep\n|\n|t:|1699987869\n|switch|p1b: Thing|Flutter Mane, L50|100\/100\n|turn|3\n|\n|t:|1699987880\n|move|p2a: Garchomp|Protect|p2a: Garchomp\n|-singleturn|p2a: Garchomp|Protect\n|move|p1b: Thing|Dazzling Gleam|p2b: Arcanine|[spread] p2b\n|-activate|p2a: Garchomp|move: Protect\n|-resisted|p2b: Arcanine\n|-damage|p2b: Arcanine|35\/100\n|move|p1a: *Cough*|Gunk Shot|p2b: Arcanine\n|-damage|p2b: Arcanine|0 fnt\n|faint|p2b: Arcanine\n|\n|-heal|p1a: *Cough*|87\/100|[from] item: Leftovers\n|-damage|p2a: Garchomp|82\/100 brn|[from] brn\n|upkeep\n|\n|t:|1699987891\n|switch|p2b: Iron Hands|Iron Hands, L50|100\/100\n|turn|4\n|\n|t:|1699987907\n|move|p1b: Thing|Dazzling Gleam|p2a: Garchomp|[spread] p2a,p2b\n|-supereffective|p2b: Iron Hands\n|-damage|p2a: Garchomp|35\/100 brn\n|-damage|p2b: Iron Hands|56\/100\n|move|p1a: *Cough*|Will-O-Wisp|p2b: Iron Hands\n|-status|p2b: Iron Hands|brn\n|move|p2a: Garchomp|Stomping Tantrum|p1b: Thing\n|-damage|p1b: Thing|69\/100\n|move|p2b: Iron Hands|Wild Charge|p1b: Thing\n|-damage|p1b: Thing|32\/100\n|-damage|p2b: Iron Hands|50\/100 brn|[from] Recoil\n|\n|-heal|p1a: *Cough*|92\/100|[from] item: Leftovers\n|-damage|p2a: Garchomp|29\/100 brn|[from] brn\n|-damage|p2b: Iron Hands|44\/100 brn|[from] brn\n|-sideend|p1: Xhdoysoudoysf|move: Tailwind\n|upkeep\n|turn|5\n|\n|t:|1699987926\n|move|p2a: Garchomp|Protect|p2a: Garchomp\n|-singleturn|p2a: Garchomp|Protect\n|move|p1a: *Cough*|Protect|p1a: *Cough*\n|-singleturn|p1a: *Cough*|Protect\n|move|p1b: Thing|Dazzling Gleam|p2b: Iron Hands|[spread] p2b\n|-activate|p2a: Garchomp|move: Protect\n|-supereffective|p2b: Iron Hands\n|-damage|p2b: Iron Hands|2\/100 brn\n|move|p2b: Iron Hands|Wild Charge|p1b: Thing\n|-damage|p1b: Thing|0 fnt\n|faint|p1b: Thing\n|-end|p1b: Thing|Protosynthesis|[silent]\n|-damage|p2b: Iron Hands|0 fnt|[from] Recoil\n|faint|p2b: Iron Hands\n|-end|p2b: Iron Hands|Quark Drive|[silent]\n|\n|-heal|p1a: *Cough*|98\/100|[from] item: Leftovers\n|-damage|p2a: Garchomp|23\/100 brn|[from] brn\n|upkeep\n|\n|t:|1699987945\n|switch|p1b: Op|Landorus-Therian, L50, M|100\/100\n|switch|p2b: Iron Bundle|Iron Bundle, L50|100\/100\n|-ability|p1b: Op|Intimidate|boost\n|-unboost|p2a: Garchomp|atk|1\n|-unboost|p2b: Iron Bundle|atk|1\n|turn|6\n|\n|t:|1699987958\n|move|p1b: Op|Protect|p1b: Op\n|-singleturn|p1b: Op|Protect\n|move|p2b: Iron Bundle|Encore|p1a: *Cough*\n|-start|p1a: *Cough*|Encore\n|move|p2a: Garchomp|Tera Blast|p1b: Op|[anim] Tera Blast Ice\n|-activate|p1b: Op|move: Protect\n|move|p1a: *Cough*|Protect||[still]\n|-fail|p1a: *Cough*\n|\n|-heal|p1a: *Cough*|100\/100|[from] item: Leftovers\n|-damage|p2a: Garchomp|17\/100 brn|[from] brn\n|upkeep\n|turn|7\n|\n|t:|1699987970\n|move|p2b: Iron Bundle|Protect|p2b: Iron Bundle\n|-singleturn|p2b: Iron Bundle|Protect\n|move|p1a: *Cough*|Protect|p1a: *Cough*\n|-singleturn|p1a: *Cough*|Protect\n|move|p2a: Garchomp|Tera Blast|p1b: Op|[anim] Tera Blast Ice\n|-supereffective|p1b: Op\n|-damage|p1b: Op|44\/100\n|move|p1b: Op|Stomping Tantrum|p2b: Iron Bundle\n|-activate|p2b: Iron Bundle|move: Protect\n|\n|-damage|p2a: Garchomp|10\/100 brn|[from] brn\n|upkeep\n|turn|8\n|\n|t:|1699987987\n|move|p1a: *Cough*|Protect||[still]\n|-fail|p1a: *Cough*\n|move|p2b: Iron Bundle|Freeze-Dry|p1b: Op\n|-supereffective|p1b: Op\n|-damage|p1b: Op|0 fnt\n|faint|p1b: Op\n|move|p2a: Garchomp|Stomping Tantrum|p1a: *Cough*\n|-supereffective|p1a: *Cough*\n|-damage|p1a: *Cough*|78\/100\n|\n|-heal|p1a: *Cough*|84\/100|[from] item: Leftovers\n|-damage|p2a: Garchomp|4\/100 brn|[from] brn\n|-end|p1a: *Cough*|Encore\n|upkeep\n|turn|9\n|\n|t:|1699988004\n|move|p2b: Iron Bundle|Encore|p1a: *Cough*\n|-start|p1a: *Cough*|Encore\n|move|p2a: Garchomp|Stomping Tantrum|p1a: *Cough*\n|-supereffective|p1a: *Cough*\n|-damage|p1a: *Cough*|63\/100\n|move|p1a: *Cough*|Protect||[still]\n|-fail|p1a: *Cough*\n|\n|-heal|p1a: *Cough*|69\/100|[from] item: Leftovers\n|-damage|p2a: Garchomp|0 fnt|[from] brn\n|faint|p2a: Garchomp\n|upkeep\n|turn|10\n|\n|t:|1699988019\n|move|p1a: *Cough*|Protect|p1a: *Cough*\n|-singleturn|p1a: *Cough*|Protect\n|move|p2b: Iron Bundle|Freeze-Dry|p1a: *Cough*\n|-activate|p1a: *Cough*|move: Protect\n|\n|-heal|p1a: *Cough*|74\/100|[from] item: Leftovers\n|upkeep\n|turn|11\n|\n|t:|1699988021\n|move|p1a: *Cough*|Protect||[still]\n|-fail|p1a: *Cough*\n|move|p2b: Iron Bundle|Freeze-Dry|p1a: *Cough*\n|-damage|p1a: *Cough*|39\/100\n|\n|-heal|p1a: *Cough*|45\/100|[from] item: Leftovers\n|-end|p1a: *Cough*|Encore\n|upkeep\n|turn|12\n|\n|t:|1699988031\n|move|p2b: Iron Bundle|Encore|p1a: *Cough*\n|-start|p1a: *Cough*|Encore\n|move|p1a: *Cough*|Protect||[still]\n|-fail|p1a: *Cough*\n|\n|-heal|p1a: *Cough*|51\/100|[from] item: Leftovers\n|upkeep\n|turn|13\n|\n|t:|1699988035\n|move|p1a: *Cough*|Protect|p1a: *Cough*\n|-singleturn|p1a: *Cough*|Protect\n|move|p2b: Iron Bundle|Freeze-Dry|p1a: *Cough*\n|-activate|p1a: *Cough*|move: Protect\n|\n|-heal|p1a: *Cough*|57\/100|[from] item: Leftovers\n|upkeep\n|turn|14\n|\n|t:|1699988044\n|move|p1a: *Cough*|Protect||[still]\n|-fail|p1a: *Cough*\n|move|p2b: Iron Bundle|Freeze-Dry|p1a: *Cough*\n|-damage|p1a: *Cough*|20\/100\n|\n|-heal|p1a: *Cough*|26\/100|[from] item: Leftovers\n|-end|p1a: *Cough*|Encore\n|upkeep\n|turn|15\n|\n|t:|1699988048\n|move|p1a: *Cough*|Protect|p1a: *Cough*\n|-singleturn|p1a: *Cough*|Protect\n|move|p2b: Iron Bundle|Freeze-Dry|p1a: *Cough*\n|-activate|p1a: *Cough*|move: Protect\n|\n|-heal|p1a: *Cough*|32\/100|[from] item: Leftovers\n|upkeep\n|turn|16\n|\n|t:|1699988061\n|move|p2b: Iron Bundle|Encore|p1a: *Cough*\n|-start|p1a: *Cough*|Encore\n|move|p1a: *Cough*|Protect||[still]\n|-fail|p1a: *Cough*\n|\n|-heal|p1a: *Cough*|38\/100|[from] item: Leftovers\n|upkeep\n|turn|17\n|\n|t:|1699988064\n|move|p1a: *Cough*|Protect|p1a: *Cough*\n|-singleturn|p1a: *Cough*|Protect\n|move|p2b: Iron Bundle|Freeze-Dry|p1a: *Cough*\n|-activate|p1a: *Cough*|move: Protect\n|\n|-heal|p1a: *Cough*|44\/100|[from] item: Leftovers\n|upkeep\n|turn|18\n|\n|t:|1699988072\n|move|p1a: *Cough*|Protect|p1a: *Cough*\n|-singleturn|p1a: *Cough*|Protect\n|move|p2b: Iron Bundle|Freeze-Dry|p1a: *Cough*\n|-activate|p1a: *Cough*|move: Protect\n|\n|-heal|p1a: *Cough*|49\/100|[from] item: Leftovers\n|-end|p1a: *Cough*|Encore\n|upkeep\n|turn|19\n|\n|t:|1699988077\n|move|p2b: Iron Bundle|Freeze-Dry|p1a: *Cough*\n|-damage|p1a: *Cough*|12\/100\n|move|p1a: *Cough*|Gunk Shot|p2b: Iron Bundle|[miss]\n|-miss|p1a: *Cough*|p2b: Iron Bundle\n|\n|-heal|p1a: *Cough*|18\/100|[from] item: Leftovers\n|upkeep\n|turn|20\n|\n|t:|1699988086\n|move|p1a: *Cough*|Protect|p1a: *Cough*\n|-singleturn|p1a: *Cough*|Protect\n|move|p2b: Iron Bundle|Freeze-Dry|p1a: *Cough*\n|-activate|p1a: *Cough*|move: Protect\n|\n|-heal|p1a: *Cough*|24\/100|[from] item: Leftovers\n|upkeep\n|turn|21\n|\n|t:|1699988094\n|move|p2b: Iron Bundle|Encore||[still]\n|-fail|p2b: Iron Bundle\n|move|p1a: *Cough*|Gunk Shot|p2b: Iron Bundle\n|-damage|p2b: Iron Bundle|68\/100\n|\n|-heal|p1a: *Cough*|30\/100|[from] item: Leftovers\n|upkeep\n|turn|22\n|\n|t:|1699988105\n|move|p2b: Iron Bundle|Freeze-Dry|p1a: *Cough*\n|-damage|p1a: *Cough*|0 fnt\n|faint|p1a: *Cough*\n|-end|p1a: *Cough*|ability: Neutralizing Gas\n|\n|win|bobforte22\n|raw|Xhdoysoudoysf's rating: 1215 &rarr; <strong>1195<\/strong><br \/>(-20 for losing)\n|raw|bobforte22's rating: 1292 &rarr; <strong>1312<\/strong><br \/>(+20 for winning)\n|l|\u2606Xhdoysoudoysf\n","uploadtime":1699988112,"views":9,"p1id":"xhdoysoudoysf","p2id":"bobforte22","formatid":"gen9vgc2023regulatione","rating":1195,"private":0,"password":""}