{"id":"gen9vgc2023regulatione-1999380397","p1":"Kv0th3","p2":"alpha can elephant","format":"[Gen 9] VGC 2023 Regulation E","log":"|j|\u2606Kv0th3\n|j|\u2606alpha can elephant\n|t:|1701070445\n|gametype|doubles\n|player|p1|Kv0th3|giovanni|1486\n|player|p2|alpha can elephant|marley|1579\n|teamsize|p1|6\n|teamsize|p2|6\n|gen|9\n|tier|[Gen 9] VGC 2023 Regulation E\n|rated|\n|rule|Species Clause: Limit one of each Pok\u00e9mon\n|rule|Item Clause: Limit one of each item\n|clearpoke\n|poke|p1|Iron Hands, L50|\n|poke|p1|Ursaluna-Bloodmoon, L50, M|\n|poke|p1|Ogerpon-Hearthflame, L50, F|\n|poke|p1|Tornadus, L50, M|\n|poke|p1|Urshifu-*, L50, F|\n|poke|p1|Indeedee-F, L50, F|\n|poke|p2|Chien-Pao, L50|\n|poke|p2|Dragonite, L50, M|\n|poke|p2|Flutter Mane, L50|\n|poke|p2|Chi-Yu, L50|\n|poke|p2|Ting-Lu, L50|\n|poke|p2|Dondozo, L50, F|\n|teampreview|4\n|inactive|Battle timer is ON: inactive players will automatically lose when time's up. (requested by Kv0th3)\n|inactive|Kv0th3 has 60 seconds left.\n|inactive|alpha can elephant has 60 seconds left.\n|\n|t:|1701070485\n|start\n|switch|p1a: Tornadus|Tornadus, L50, M|100\/100\n|switch|p1b: Urshifu|Urshifu, L50, F|100\/100\n|switch|p2a: Ting-Lu|Ting-Lu, L50|100\/100\n|switch|p2b: Dondozo|Dondozo, L50, F|100\/100\n|-ability|p2a: Ting-Lu|Vessel of Ruin\n|turn|1\n|\n|t:|1701070504\n|-terastallize|p2a: Ting-Lu|Poison\n|move|p1a: Tornadus|Taunt|p2b: Dondozo\n|-immune|p2b: Dondozo|[from] ability: Oblivious\n|move|p1b: Urshifu|U-turn|p2a: Ting-Lu\n|-resisted|p2a: Ting-Lu\n|-damage|p2a: Ting-Lu|92\/100\n|\n|t:|1701070518\n|switch|p1b: Ursaluna|Ursaluna-Bloodmoon, L50, M|100\/100|[from] U-turn\n|move|p2a: Ting-Lu|Ruination|p1b: Ursaluna\n|-damage|p1b: Ursaluna|50\/100\n|move|p2b: Dondozo|Yawn|p1b: Ursaluna\n|-start|p1b: Ursaluna|move: Yawn|[of] p2b: Dondozo\n|\n|-heal|p2a: Ting-Lu|98\/100|[from] item: Leftovers\n|upkeep\n|turn|2\n|inactive|Kv0th3 has 30 seconds left.\n|inactive|Kv0th3 has 20 seconds left.\n|inactive|Kv0th3 has 15 seconds left.\n|inactive|Kv0th3 has 10 seconds left.\n|inactive|alpha can elephant has 30 seconds left.\n|\n|t:|1701070567\n|switch|p2a: Dragonite|Dragonite, L50, M|100\/100\n|move|p2b: Dondozo|Protect|p2b: Dondozo\n|-singleturn|p2b: Dondozo|Protect\n|move|p1a: Tornadus|Bleakwind Storm|p2b: Dondozo|[spread] p2a\n|-activate|p2b: Dondozo|move: Protect\n|-damage|p2a: Dragonite|69\/100\n|move|p1b: Ursaluna|Earth Power|p2a: Dragonite\n|-immune|p2a: Dragonite\n|\n|-end|p1b: Ursaluna|move: Yawn|[silent]\n|-status|p1b: Ursaluna|slp\n|upkeep\n|turn|3\n|\n|t:|1701070590\n|cant|p1b: Ursaluna|slp\n|move|p1a: Tornadus|Bleakwind Storm|p2a: Dragonite|[spread] p2a,p2b\n|-damage|p2a: Dragonite|40\/100\n|-damage|p2b: Dondozo|73\/100\n|-unboost|p2b: Dondozo|spe|1\n|move|p2a: Dragonite|Outrage|p1a: Tornadus\n|-damage|p1a: Tornadus|0 fnt\n|faint|p1a: Tornadus\n|move|p2b: Dondozo|Wave Crash|p1b: Ursaluna\n|-supereffective|p1b: Ursaluna\n|-damage|p1b: Ursaluna|0 fnt\n|faint|p1b: Ursaluna\n|-damage|p2b: Dondozo|60\/100|[from] Recoil\n|\n|upkeep\n|\n|t:|1701070603\n|switch|p1a: Indeedee|Indeedee-F, L50, F|100\/100\n|switch|p1b: Urshifu|Urshifu, L50, F|100\/100\n|-fieldstart|move: Psychic Terrain|[from] ability: Psychic Surge|[of] p1a: Indeedee\n|-enditem|p1a: Indeedee|Psychic Seed\n|-boost|p1a: Indeedee|spd|1|[from] item: Psychic Seed\n|turn|4\n|inactive|Kv0th3 has 30 seconds left.\n|\n|t:|1701070637\n|move|p1a: Indeedee|Follow Me|p1a: Indeedee\n|-singleturn|p1a: Indeedee|move: Follow Me\n|move|p1b: Urshifu|Wicked Blow|p2a: Dragonite\n|-crit|p2a: Dragonite\n|-damage|p2a: Dragonite|0 fnt\n|faint|p2a: Dragonite\n|move|p2b: Dondozo|Yawn|p1a: Indeedee\n|-start|p1a: Indeedee|move: Yawn|[of] p2b: Dondozo\n|\n|upkeep\n|\n|t:|1701070643\n|switch|p2a: Ting-Lu|Ting-Lu, L50, tera:Poison|98\/100\n|-ability|p2a: Ting-Lu|Vessel of Ruin\n|turn|5\n|\n|t:|1701070654\n|move|p1b: Urshifu|Wicked Blow|p2b: Dondozo\n|-crit|p2b: Dondozo\n|-damage|p2b: Dondozo|22\/100\n|-enditem|p2b: Dondozo|Sitrus Berry|[eat]\n|-heal|p2b: Dondozo|47\/100|[from] item: Sitrus Berry\n|move|p1a: Indeedee|Psychic|p2a: Ting-Lu\n|-supereffective|p2a: Ting-Lu\n|-damage|p2a: Ting-Lu|53\/100\n|move|p2a: Ting-Lu|Ruination|p1b: Urshifu\n|-damage|p1b: Urshifu|50\/100\n|move|p2b: Dondozo|Wave Crash|p1b: Urshifu\n|-damage|p1b: Urshifu|2\/100\n|-damage|p2b: Dondozo|34\/100|[from] Recoil\n|\n|-heal|p2a: Ting-Lu|59\/100|[from] item: Leftovers\n|-end|p1a: Indeedee|move: Yawn|[silent]\n|-status|p1a: Indeedee|slp\n|upkeep\n|turn|6\n|inactive|Kv0th3 has 30 seconds left.\n|inactive|alpha can elephant has 30 seconds left.\n|inactive|Kv0th3 has 20 seconds left.\n|\n|t:|1701070694\n|cant|p1a: Indeedee|slp\n|move|p1b: Urshifu|Wicked Blow|p2b: Dondozo\n|-crit|p2b: Dondozo\n|-damage|p2b: Dondozo|0 fnt\n|faint|p2b: Dondozo\n|move|p2a: Ting-Lu|Heavy Slam|p1b: Urshifu\n|-damage|p1b: Urshifu|0 fnt\n|faint|p1b: Urshifu\n|\n|-heal|p2a: Ting-Lu|65\/100|[from] item: Leftovers\n|upkeep\n|\n|t:|1701070697\n|switch|p2b: Chien-Pao|Chien-Pao, L50|100\/100\n|-ability|p2b: Chien-Pao|Sword of Ruin\n|turn|7\n|-message|Kv0th3 forfeited.\n|\n|win|alpha can elephant\n|raw|Kv0th3's rating: 1486 &rarr; <strong>1471<\/strong><br \/>(-15 for losing)\n|raw|alpha can elephant's rating: 1579 &rarr; <strong>1594<\/strong><br \/>(+15 for winning)\n|l|\u2606Kv0th3\n","uploadtime":1701070711,"views":27,"p1id":"kv0th3","p2id":"alphacanelephant","formatid":"gen9vgc2023regulatione","rating":1471,"private":0,"password":""}