{"id":"gen9vgc2023regulatione-2000542049","p1":"cell_phon","p2":"ClydeFromPacman","format":"[Gen 9] VGC 2023 Regulation E","log":"|j|\u2606cell_phon\n|j|\u2606ClydeFromPacman\n|t:|1701203742\n|gametype|doubles\n|player|p1|cell_phon|whitney|1365\n|player|p2|ClydeFromPacman|colress|1365\n|teamsize|p1|6\n|teamsize|p2|6\n|gen|9\n|tier|[Gen 9] VGC 2023 Regulation E\n|rated|\n|rule|Species Clause: Limit one of each Pok\u00e9mon\n|rule|Item Clause: Limit one of each item\n|clearpoke\n|poke|p1|Landorus-Therian, L50, M|\n|poke|p1|Flutter Mane, L50|\n|poke|p1|Iron Hands, L50|\n|poke|p1|Weezing, L50, M|\n|poke|p1|Dondozo, L50, F|\n|poke|p1|Heatran, L50, F|\n|poke|p2|Chien-Pao, L50|\n|poke|p2|Dragonite, L50, M|\n|poke|p2|Chi-Yu, L50|\n|poke|p2|Stonjourner, L50, F|\n|poke|p2|Talonflame, L50, M|\n|poke|p2|Flutter Mane, L50|\n|teampreview|4\n|j| randomuser0000\n|\n|t:|1701203802\n|start\n|switch|p1a: Pedorron|Weezing, L50, M, shiny|100\/100\n|switch|p1b: Flutter Mane|Flutter Mane, L50|100\/100\n|switch|p2a: Talonflame|Talonflame, L50, M|100\/100\n|switch|p2b: Flutter Mane|Flutter Mane, L50|100\/100\n|-ability|p1a: Pedorron|Neutralizing Gas\n|-enditem|p2b: Flutter Mane|Booster Energy\n|-activate|p2b: Flutter Mane|ability: Protosynthesis|[fromitem]\n|-start|p2b: Flutter Mane|protosynthesisspe\n|turn|1\n|\n|t:|1701203821\n|move|p2b: Flutter Mane|Protect|p2b: Flutter Mane\n|-singleturn|p2b: Flutter Mane|Protect\n|move|p2a: Talonflame|Tailwind|p2a: Talonflame\n|-sidestart|p2: ClydeFromPacman|move: Tailwind\n|move|p1b: Flutter Mane|Power Gem|p2a: Talonflame\n|-supereffective|p2a: Talonflame\n|-damage|p2a: Talonflame|0 fnt\n|faint|p2a: Talonflame\n|move|p1a: Pedorron|Sludge Bomb|p2b: Flutter Mane\n|-activate|p2b: Flutter Mane|move: Protect\n|\n|upkeep\n|\n|t:|1701203832\n|switch|p2a: Chi-Yu|Chi-Yu, L50|100\/100\n|turn|2\n|\n|t:|1701203840\n|move|p2b: Flutter Mane|Dazzling Gleam|p1a: Pedorron|[spread] p1a,p1b\n|-resisted|p1a: Pedorron\n|-damage|p1a: Pedorron|83\/100\n|-damage|p1b: Flutter Mane|65\/100\n|move|p2a: Chi-Yu|Heat Wave|p1a: Pedorron|[spread] p1a,p1b\n|-damage|p1a: Pedorron|23\/100\n|-damage|p1b: Flutter Mane|0 fnt\n|faint|p1b: Flutter Mane\n|-end|p1b: Flutter Mane|Protosynthesis|[silent]\n|move|p1a: Pedorron|Sludge Bomb|p2a: Chi-Yu\n|-damage|p2a: Chi-Yu|70\/100\n|-status|p2a: Chi-Yu|psn\n|\n|-damage|p2a: Chi-Yu|57\/100 psn|[from] psn\n|upkeep\n|\n|t:|1701203853\n|switch|p1b: Dondozo|Dondozo, L50, F|100\/100\n|turn|3\n|\n|t:|1701203859\n|move|p1a: Pedorron|Protect|p1a: Pedorron\n|-singleturn|p1a: Pedorron|Protect\n|move|p2b: Flutter Mane|Shadow Ball|p1b: Dondozo\n|-damage|p1b: Dondozo|71\/100\n|move|p2a: Chi-Yu|Heat Wave|p1b: Dondozo|[spread] p1b\n|-activate|p1a: Pedorron|move: Protect\n|-resisted|p1b: Dondozo\n|-damage|p1b: Dondozo|50\/100\n|move|p1b: Dondozo|Heavy Slam|p2b: Flutter Mane\n|-supereffective|p2b: Flutter Mane\n|-damage|p2b: Flutter Mane|0 fnt\n|faint|p2b: Flutter Mane\n|-end|p2b: Flutter Mane|Protosynthesis|[silent]\n|\n|-damage|p2a: Chi-Yu|45\/100 psn|[from] psn\n|upkeep\n|\n|t:|1701203862\n|switch|p2b: Chien-Pao|Chien-Pao, L50|100\/100\n|turn|4\n|j| Asacado\n|\n|t:|1701203882\n|move|p2b: Chien-Pao|Sucker Punch|p1b: Dondozo\n|-damage|p1b: Dondozo|29\/100\n|-damage|p2b: Chien-Pao|84\/100|[from] item: Rocky Helmet|[of] p1b: Dondozo\n|move|p2a: Chi-Yu|Heat Wave|p1b: Dondozo|[spread] p1a,p1b\n|-resisted|p1b: Dondozo\n|-damage|p1a: Pedorron|0 fnt\n|-damage|p1b: Dondozo|9\/100\n|faint|p1a: Pedorron\n|-end|p1a: Pedorron|ability: Neutralizing Gas\n|-ability|p2b: Chien-Pao|Sword of Ruin\n|-ability|p2a: Chi-Yu|Beads of Ruin\n|move|p1b: Dondozo|Wave Crash|p2b: Chien-Pao\n|-damage|p2b: Chien-Pao|22\/100\n|-damage|p1b: Dondozo|0 fnt|[from] Recoil\n|faint|p1b: Dondozo\n|\n|-damage|p2a: Chi-Yu|33\/100 psn|[from] psn\n|-sideend|p2: ClydeFromPacman|move: Tailwind\n|upkeep\n|\n|t:|1701203899\n|switch|p1b: Paco Memo|Iron Hands, L50|100\/100\n|turn|5\n|\n|t:|1701203907\n|move|p2b: Chien-Pao|Ice Spinner|p1b: Paco Memo\n|-damage|p1b: Paco Memo|63\/100\n|move|p2a: Chi-Yu|Heat Wave|p1b: Paco Memo\n|-damage|p1b: Paco Memo|14\/100\n|move|p1b: Paco Memo|Wild Charge|p2b: Chien-Pao\n|-damage|p2b: Chien-Pao|0 fnt\n|faint|p2b: Chien-Pao\n|-damage|p1b: Paco Memo|10\/100|[from] Recoil\n|\n|-damage|p2a: Chi-Yu|20\/100 psn|[from] psn\n|upkeep\n|turn|6\n|\n|t:|1701203918\n|move|p2a: Chi-Yu|Heat Wave|p1b: Paco Memo\n|-damage|p1b: Paco Memo|0 fnt\n|faint|p1b: Paco Memo\n|-end|p1b: Paco Memo|Quark Drive|[silent]\n|\n|win|ClydeFromPacman\n|raw|cell_phon's rating: 1365 &rarr; <strong>1345<\/strong><br \/>(-20 for losing)\n|raw|ClydeFromPacman's rating: 1365 &rarr; <strong>1385<\/strong><br \/>(+20 for winning)\n|l| randomuser0000\n|l|\u2606cell_phon\n|l|\u2606ClydeFromPacman\n","uploadtime":1701203952,"views":9,"p1id":"cellphon","p2id":"clydefrompacman","formatid":"gen9vgc2023regulatione","rating":1345,"private":0,"password":""}