{"id":"gen9vgc2023regulatione-1989279751","p1":"GingerPhysics","p2":"It\u2019sJustKen VGC","format":"[Gen 9] VGC 2023 Regulation E","log":"|j|\u2606GingerPhysics\n|j|\u2606It\u2019sJustKen VGC\n|t:|1699831264\n|gametype|doubles\n|player|p1|GingerPhysics|bellelba|1380\n|player|p2|It\u2019sJustKen VGC|turo|1388\n|teamsize|p1|6\n|teamsize|p2|6\n|gen|9\n|tier|[Gen 9] VGC 2023 Regulation E\n|rated|\n|rule|Species Clause: Limit one of each Pok\u00e9mon\n|rule|Item Clause: Limit one of each item\n|clearpoke\n|poke|p1|Cresselia, L50, F|\n|poke|p1|Ursaluna, L50, M|\n|poke|p1|Torkoal, L50, M|\n|poke|p1|Flutter Mane, L50|\n|poke|p1|Gyarados, L50, F|\n|poke|p1|Lilligant, L50, F|\n|poke|p2|Amoonguss, L50, M|\n|poke|p2|Iron Bundle, L50|\n|poke|p2|Chi-Yu, L50|\n|poke|p2|Farigiraf, L50, F|\n|poke|p2|Landorus-Therian, L50, M|\n|poke|p2|Iron Hands, L50|\n|teampreview|4\n|inactive|Battle timer is ON: inactive players will automatically lose when time's up. (requested by It\u2019sJustKen VGC)\n|inactive|GingerPhysics also wants the timer to be on.\n|\n|t:|1699831284\n|start\n|switch|p1a: Torkoal|Torkoal, L50, M|100\/100\n|switch|p1b: Lilligant|Lilligant, L50, F|100\/100\n|switch|p2a: Iron Hands|Iron Hands, L50|100\/100\n|switch|p2b: Farigiraf|Farigiraf, L50, F|100\/100\n|-weather|SunnyDay|[from] ability: Drought|[of] p1a: Torkoal\n|turn|1\n|inactive|GingerPhysics has 30 seconds left.\n|\n|t:|1699831315\n|move|p2a: Iron Hands|Fake Out|p1a: Torkoal\n|-damage|p1a: Torkoal|88\/100\n|move|p1b: Lilligant|After You|p2b: Farigiraf\n|-activate|p2b: Farigiraf|move: After You\n|move|p2b: Farigiraf|Psychic|p1a: Torkoal\n|-damage|p1a: Torkoal|57\/100\n|cant|p1a: Torkoal|flinch\n|\n|-weather|SunnyDay|[upkeep]\n|upkeep\n|turn|2\n|inactive|It\u2019sJustKen VGC has 30 seconds left.\n|inactive|It\u2019sJustKen VGC has 20 seconds left.\n|inactive|It\u2019sJustKen VGC has 15 seconds left.\n|\n|t:|1699831360\n|-terastallize|p2b: Farigiraf|Fire\n|move|p1b: Lilligant|Pollen Puff|p1a: Torkoal\n|-heal|p1a: Torkoal|100\/100\n|move|p2b: Farigiraf|Psychic|p1b: Lilligant\n|-damage|p1b: Lilligant|42\/100\n|move|p2a: Iron Hands|Drain Punch|p1b: Lilligant\n|-damage|p1b: Lilligant|0 fnt\n|faint|p1b: Lilligant\n|move|p1a: Torkoal|Eruption|p2a: Iron Hands|[spread] p2a,p2b\n|-resisted|p2b: Farigiraf\n|-damage|p2a: Iron Hands|63\/100\n|-damage|p2b: Farigiraf|67\/100\n|\n|-weather|SunnyDay|[upkeep]\n|upkeep\n|\n|t:|1699831376\n|switch|p1b: Flutter Mane|Flutter Mane, L50|100\/100\n|-activate|p1b: Flutter Mane|ability: Protosynthesis\n|-start|p1b: Flutter Mane|protosynthesisspe\n|turn|3\n|\n|t:|1699831397\n|-terastallize|p1b: Flutter Mane|Fairy\n|move|p1b: Flutter Mane|Moonblast|p2a: Iron Hands\n|-supereffective|p2a: Iron Hands\n|-damage|p2a: Iron Hands|0 fnt\n|faint|p2a: Iron Hands\n|-end|p2a: Iron Hands|Quark Drive|[silent]\n|move|p2b: Farigiraf|Psychic|p1a: Torkoal\n|-damage|p1a: Torkoal|70\/100\n|move|p1a: Torkoal|Heat Wave|p2b: Farigiraf\n|-resisted|p2b: Farigiraf\n|-damage|p2b: Farigiraf|37\/100\n|-enditem|p2b: Farigiraf|Sitrus Berry|[eat]\n|-heal|p2b: Farigiraf|61\/100|[from] item: Sitrus Berry\n|\n|-weather|SunnyDay|[upkeep]\n|upkeep\n|\n|t:|1699831408\n|switch|p2a: Chi-Yu|Chi-Yu, L50|100\/100\n|-ability|p2a: Chi-Yu|Beads of Ruin\n|turn|4\n|inactive|It\u2019sJustKen VGC has 30 seconds left.\n|inactive|It\u2019sJustKen VGC has 20 seconds left.\n|\n|t:|1699831447\n|move|p2a: Chi-Yu|Protect|p2a: Chi-Yu\n|-singleturn|p2a: Chi-Yu|Protect\n|move|p1b: Flutter Mane|Moonblast|p2a: Chi-Yu\n|-activate|p2a: Chi-Yu|move: Protect\n|move|p2b: Farigiraf|Psychic|p1a: Torkoal\n|-damage|p1a: Torkoal|28\/100\n|move|p1a: Torkoal|Earth Power|p2b: Farigiraf\n|-supereffective|p2b: Farigiraf\n|-damage|p2b: Farigiraf|0 fnt\n|faint|p2b: Farigiraf\n|\n|-weather|SunnyDay|[upkeep]\n|upkeep\n|\n|t:|1699831455\n|switch|p2b: Iron Bundle|Iron Bundle, L50|100\/100\n|-enditem|p2b: Iron Bundle|Booster Energy\n|-activate|p2b: Iron Bundle|ability: Quark Drive|[fromitem]\n|-start|p2b: Iron Bundle|quarkdrivespe\n|turn|5\n|\n|t:|1699831470\n|move|p2b: Iron Bundle|Icy Wind|p1a: Torkoal|[spread] p1a,p1b\n|-resisted|p1a: Torkoal\n|-damage|p1a: Torkoal|16\/100\n|-damage|p1b: Flutter Mane|71\/100\n|-unboost|p1a: Torkoal|spe|1\n|-unboost|p1b: Flutter Mane|spe|1\n|move|p1b: Flutter Mane|Moonblast|p2b: Iron Bundle\n|-damage|p2b: Iron Bundle|0 fnt\n|faint|p2b: Iron Bundle\n|-end|p2b: Iron Bundle|Quark Drive|[silent]\n|move|p2a: Chi-Yu|Heat Wave|p1b: Flutter Mane|[spread] p1a,p1b\n|-resisted|p1a: Torkoal\n|-damage|p1a: Torkoal|0 fnt\n|-damage|p1b: Flutter Mane|0 fnt\n|faint|p1a: Torkoal\n|faint|p1b: Flutter Mane\n|-end|p1b: Flutter Mane|Protosynthesis|[silent]\n|\n|-weather|none\n|upkeep\n|\n|t:|1699831487\n|switch|p1b: Gyarados|Gyarados, L50, F|100\/100\n|-ability|p1b: Gyarados|Intimidate|boost\n|-unboost|p2a: Chi-Yu|atk|1\n|turn|6\n|\n|t:|1699831493\n|move|p2a: Chi-Yu|Protect|p2a: Chi-Yu\n|-singleturn|p2a: Chi-Yu|Protect\n|move|p1b: Gyarados|Waterfall|p2a: Chi-Yu\n|-activate|p2a: Chi-Yu|move: Protect\n|\n|upkeep\n|turn|7\n|\n|t:|1699831500\n|move|p2a: Chi-Yu|Dark Pulse|p1b: Gyarados\n|-damage|p1b: Gyarados|55\/100\n|move|p1b: Gyarados|Waterfall|p2a: Chi-Yu\n|-supereffective|p2a: Chi-Yu\n|-enditem|p2a: Chi-Yu|Focus Sash\n|-damage|p2a: Chi-Yu|1\/100\n|\n|upkeep\n|turn|8\n|\n|t:|1699831509\n|move|p2a: Chi-Yu|Protect|p2a: Chi-Yu\n|-singleturn|p2a: Chi-Yu|Protect\n|move|p1b: Gyarados|Waterfall|p2a: Chi-Yu\n|-activate|p2a: Chi-Yu|move: Protect\n|\n|upkeep\n|turn|9\n|\n|t:|1699831515\n|move|p2a: Chi-Yu|Dark Pulse|p1b: Gyarados\n|-damage|p1b: Gyarados|3\/100\n|-enditem|p1b: Gyarados|Sitrus Berry|[eat]\n|-heal|p1b: Gyarados|28\/100|[from] item: Sitrus Berry\n|move|p1b: Gyarados|Waterfall|p2a: Chi-Yu\n|-supereffective|p2a: Chi-Yu\n|-damage|p2a: Chi-Yu|0 fnt\n|faint|p2a: Chi-Yu\n|\n|win|GingerPhysics\n|raw|GingerPhysics's rating: 1380 &rarr; <strong>1400<\/strong><br \/>(+20 for winning)\n|raw|It\u2019sJustKen VGC's rating: 1388 &rarr; <strong>1368<\/strong><br \/>(-20 for losing)\n|c|\u2606It\u2019sJustKen VGC|gg wp\n","uploadtime":1699831526,"views":11,"p1id":"gingerphysics","p2id":"itsjustkenvgc","formatid":"gen9vgc2023regulatione","rating":1368,"private":0,"password":""}