{"id":"gen9vgc2023regulatione-1999741724","p1":"kbzn_","p2":"Darkjuninn","format":"[Gen 9] VGC 2023 Regulation E","log":"|j|\u2606kbzn_\n|j|\u2606Darkjuninn\n|t:|1701112625\n|gametype|doubles\n|player|p1|kbzn_|infielder|1403\n|player|p2|Darkjuninn|cynthia|1459\n|teamsize|p1|6\n|teamsize|p2|6\n|gen|9\n|tier|[Gen 9] VGC 2023 Regulation E\n|rated|\n|rule|Species Clause: Limit one of each Pok\u00e9mon\n|rule|Item Clause: Limit one of each item\n|clearpoke\n|poke|p1|Iron Bundle, L50|\n|poke|p1|Arcanine-Hisui, L50, F|\n|poke|p1|Kingambit, L50, M|\n|poke|p1|Gholdengo, L50|\n|poke|p1|Iron Hands, L50|\n|poke|p1|Ogerpon-Wellspring, L50, F|\n|poke|p2|Tornadus, L50, M|\n|poke|p2|Landorus-Therian, L50, M|\n|poke|p2|Rillaboom, L50, M|\n|poke|p2|Urshifu-*, L50, F|\n|poke|p2|Flutter Mane, L50|\n|poke|p2|Ogerpon-Hearthflame, L50, F|\n|teampreview|4\n|inactive|Battle timer is ON: inactive players will automatically lose when time's up. (requested by kbzn_)\n|inactive|Darkjuninn has 60 seconds left.\n|\n|t:|1701112656\n|start\n|switch|p1a: Iron Bundle|Iron Bundle, L50|100\/100\n|switch|p1b: Gholdengo|Gholdengo, L50|100\/100\n|switch|p2a: katrina|Tornadus, L50, M|100\/100\n|switch|p2b: hue hue br|Rillaboom, L50, M|100\/100\n|-fieldstart|move: Grassy Terrain|[from] ability: Grassy Surge|[of] p2b: hue hue br\n|-enditem|p1a: Iron Bundle|Booster Energy\n|-activate|p1a: Iron Bundle|ability: Quark Drive|[fromitem]\n|-start|p1a: Iron Bundle|quarkdrivespe\n|turn|1\n|inactive|Darkjuninn has 30 seconds left.\n|\n|t:|1701112681\n|-terastallize|p1b: Gholdengo|Dragon\n|-terastallize|p2b: hue hue br|Fire\n|move|p1a: Iron Bundle|Protect|p1a: Iron Bundle\n|-singleturn|p1a: Iron Bundle|Protect\n|move|p2a: katrina|Bleakwind Storm|p1a: Iron Bundle|[spread] p1b\n|-activate|p1a: Iron Bundle|move: Protect\n|-damage|p1b: Gholdengo|69\/100\n|move|p1b: Gholdengo|Nasty Plot|p1b: Gholdengo\n|-boost|p1b: Gholdengo|spa|2\n|move|p2b: hue hue br|High Horsepower|p1b: Gholdengo\n|-damage|p1b: Gholdengo|38\/100\n|\n|-heal|p1b: Gholdengo|45\/100|[from] Grassy Terrain\n|-heal|p1b: Gholdengo|51\/100|[from] item: Leftovers\n|upkeep\n|turn|2\n|inactive|kbzn_ has 30 seconds left.\n|\n|t:|1701112710\n|move|p1b: Gholdengo|Protect|p1b: Gholdengo\n|-singleturn|p1b: Gholdengo|Protect\n|move|p2a: katrina|Tailwind|p2a: katrina\n|-sidestart|p2: Darkjuninn|move: Tailwind\n|move|p1a: Iron Bundle|Freeze-Dry|p2a: katrina\n|-supereffective|p2a: katrina\n|-damage|p2a: katrina|25\/100\n|move|p2b: hue hue br|Wood Hammer|p1b: Gholdengo\n|-activate|p1b: Gholdengo|move: Protect\n|\n|-heal|p1b: Gholdengo|57\/100|[from] Grassy Terrain\n|-heal|p1b: Gholdengo|63\/100|[from] item: Leftovers\n|upkeep\n|turn|3\n|inactive|kbzn_ has 30 seconds left.\n|\n|t:|1701112744\n|move|p2a: katrina|Bleakwind Storm|p1a: Iron Bundle|[spread] p1a,p1b\n|-damage|p1a: Iron Bundle|39\/100\n|-damage|p1b: Gholdengo|36\/100\n|move|p1a: Iron Bundle|Icy Wind|p2a: katrina|[spread] p2a,p2b\n|-supereffective|p2a: katrina\n|-resisted|p2b: hue hue br\n|-damage|p2a: katrina|0 fnt\n|-damage|p2b: hue hue br|90\/100\n|-unboost|p2b: hue hue br|spe|1\n|faint|p2a: katrina\n|move|p2b: hue hue br|Wood Hammer|p1b: Gholdengo\n|-resisted|p1b: Gholdengo\n|-damage|p1b: Gholdengo|0 fnt\n|faint|p1b: Gholdengo\n|-damage|p2b: hue hue br|78\/100|[from] Recoil\n|\n|-heal|p1a: Iron Bundle|45\/100|[from] Grassy Terrain\n|-heal|p2b: hue hue br|84\/100|[from] Grassy Terrain\n|upkeep\n|\n|t:|1701112763\n|switch|p2a: Wanda|Flutter Mane, L50|100\/100\n|switch|p1b: Ogerpon|Ogerpon-Wellspring, L50, F|100\/100\n|-enditem|p2a: Wanda|Booster Energy\n|-activate|p2a: Wanda|ability: Protosynthesis|[fromitem]\n|-start|p2a: Wanda|protosynthesisspa\n|turn|4\n|inactive|kbzn_ has 30 seconds left.\n|\n|t:|1701112792\n|move|p2b: hue hue br|Grassy Glide|p1a: Iron Bundle\n|-supereffective|p1a: Iron Bundle\n|-damage|p1a: Iron Bundle|0 fnt\n|faint|p1a: Iron Bundle\n|-end|p1a: Iron Bundle|Quark Drive|[silent]\n|move|p2a: Wanda|Moonblast|p1b: Ogerpon\n|-damage|p1b: Ogerpon|41\/100\n|-unboost|p1b: Ogerpon|spa|1\n|move|p1b: Ogerpon|Ivy Cudgel|p2b: hue hue br|[anim] Ivy Cudgel Water\n|-supereffective|p2b: hue hue br\n|-crit|p2b: hue hue br\n|-damage|p2b: hue hue br|0 fnt\n|faint|p2b: hue hue br\n|\n|-heal|p1b: Ogerpon|46\/100|[from] Grassy Terrain\n|upkeep\n|\n|t:|1701112806\n|switch|p1a: Iron Hands|Iron Hands, L50|100\/100\n|switch|p2b: treme terra|Landorus-Therian, L50, M|100\/100\n|-ability|p2b: treme terra|Intimidate|boost\n|-unboost|p1a: Iron Hands|atk|1\n|-unboost|p1b: Ogerpon|atk|1\n|turn|5\n|\n|t:|1701112831\n|move|p1b: Ogerpon|Spiky Shield|p1b: Ogerpon\n|-singleturn|p1b: Ogerpon|move: Protect\n|move|p1a: Iron Hands|Fake Out|p2a: Wanda\n|-immune|p2a: Wanda\n|move|p2a: Wanda|Moonblast|p1b: Ogerpon\n|-activate|p1b: Ogerpon|move: Protect\n|move|p2b: treme terra|Stomping Tantrum|p1a: Iron Hands\n|-supereffective|p1a: Iron Hands\n|-damage|p1a: Iron Hands|27\/100\n|\n|-heal|p1b: Ogerpon|52\/100|[from] Grassy Terrain\n|-heal|p1a: Iron Hands|33\/100|[from] Grassy Terrain\n|-sideend|p2: Darkjuninn|move: Tailwind\n|-fieldend|move: Grassy Terrain\n|upkeep\n|turn|6\n|inactive|Darkjuninn has 30 seconds left.\n|\n|t:|1701112861\n|move|p1b: Ogerpon|Follow Me|p1b: Ogerpon\n|-singleturn|p1b: Ogerpon|move: Follow Me\n|move|p2a: Wanda|Dazzling Gleam|p1a: Iron Hands|[spread] p1a,p1b\n|-supereffective|p1a: Iron Hands\n|-damage|p1a: Iron Hands|0 fnt\n|-damage|p1b: Ogerpon|17\/100\n|faint|p1a: Iron Hands\n|-end|p1a: Iron Hands|Quark Drive|[silent]\n|move|p2b: treme terra|Stomping Tantrum|p1b: Ogerpon\n|-resisted|p1b: Ogerpon\n|-damage|p1b: Ogerpon|0 fnt\n|faint|p1b: Ogerpon\n|\n|win|Darkjuninn\n|raw|kbzn_'s rating: 1403 &rarr; <strong>1386<\/strong><br \/>(-17 for losing)\n|raw|Darkjuninn's rating: 1459 &rarr; <strong>1476<\/strong><br \/>(+17 for winning)\n|l|\u2606kbzn_\n","uploadtime":1701113120,"views":11,"p1id":"kbzn","p2id":"darkjuninn","formatid":"gen9vgc2023regulatione","rating":1386,"private":0,"password":""}