{"id":"gen9vgc2023regulatione-1994317430","p1":"newalttotestteams","p2":"WillieDangerously","format":"[Gen 9] VGC 2023 Regulation E","log":"|j|\u2606newalttotestteams\n|j|\u2606WillieDangerously\n|t:|1700430446\n|gametype|doubles\n|player|p1|newalttotestteams|n|1494\n|player|p2|WillieDangerously|psychic-gen4|1577\n|teamsize|p1|6\n|teamsize|p2|6\n|gen|9\n|tier|[Gen 9] VGC 2023 Regulation E\n|rated|\n|rule|Species Clause: Limit one of each Pok\u00e9mon\n|rule|Item Clause: Limit one of each item\n|clearpoke\n|poke|p1|Tauros-Paldea-Blaze, L50, M|\n|poke|p1|Flutter Mane, L50|\n|poke|p1|Tornadus, L50, M|\n|poke|p1|Ogerpon-Wellspring, L50, F|\n|poke|p1|Landorus-Therian, L50, M|\n|poke|p1|Kingambit, L50, F|\n|poke|p2|Iron Hands, L50|\n|poke|p2|Iron Bundle, L50|\n|poke|p2|Landorus-Therian, L50, M|\n|poke|p2|Sinistcha, L50|\n|poke|p2|Ninetales-Alola, L50, M|\n|poke|p2|Heatran, L50, M|\n|teampreview|4\nnewalttotestteams has agreed to open team sheets.\nWillieDangerously has agreed to open team sheets.\n|inactive|Battle timer is ON: inactive players will automatically lose when time's up. (requested by newalttotestteams)\n|inactive|WillieDangerously has 60 seconds left.\n|inactive|WillieDangerously has 30 seconds left.\n|\n|t:|1700430544\n|start\n|switch|p1a: Tornadus|Tornadus, L50, M|100\/100\n|switch|p1b: Flutter Mane|Flutter Mane, L50|100\/100\n|switch|p2a: Ninetales|Ninetales-Alola, L50, M|100\/100\n|switch|p2b: Sinistcha|Sinistcha, L50|100\/100\n|-weather|Snow|[from] ability: Snow Warning|[of] p2a: Ninetales\n|turn|1\n|inactive|newalttotestteams has 30 seconds left.\n|inactive|WillieDangerously has 30 seconds left.\n|inactive|WillieDangerously has 20 seconds left.\n|\n|t:|1700430582\n|switch|p2a: Iron Hands|Iron Hands, L50|100\/100\n|-terastallize|p1b: Flutter Mane|Fairy\n|-terastallize|p2b: Sinistcha|Dark\n|move|p1a: Tornadus|Taunt|p2a: Iron Hands\n|-start|p2a: Iron Hands|move: Taunt\n|move|p1b: Flutter Mane|Moonblast|p2b: Sinistcha\n|-supereffective|p2b: Sinistcha\n|-damage|p2b: Sinistcha|0 fnt\n|faint|p2b: Sinistcha\n|\n|-weather|Snow|[upkeep]\n|upkeep\n|c|\u2606WillieDangerously|Ha, good read\n|c|\u2606newalttotestteams|thx\n|inactive|WillieDangerously has 30 seconds left.\n|\n|t:|1700430617\n|switch|p2b: Landorus|Landorus-Therian, L50, M|100\/100\n|-ability|p2b: Landorus|Intimidate|boost\n|-unboost|p1a: Tornadus|atk|1\n|-unboost|p1b: Flutter Mane|atk|1\n|turn|2\n|inactive|WillieDangerously has 30 seconds left.\n|\n|t:|1700430645\n|-end|p1b: Flutter Mane|Protosynthesis|[silent]\n|switch|p1b: Landorus|Landorus-Therian, L50, M|100\/100\n|-ability|p1b: Landorus|Intimidate|boost\n|-unboost|p2a: Iron Hands|atk|1\n|-fail|p2b: Landorus|unboost|[from] item: Clear Amulet|[of] p2b: Landorus\n|move|p2a: Iron Hands|Fake Out|p1b: Landorus\n|-damage|p1b: Landorus|88\/100\n|move|p1a: Tornadus|Tailwind|p1a: Tornadus\n|-sidestart|p1: newalttotestteams|move: Tailwind\n|move|p2b: Landorus|Rock Slide|p1b: Landorus|[spread] p1a,p1b\n|-supereffective|p1a: Tornadus\n|-damage|p1a: Tornadus|57\/100\n|-damage|p1b: Landorus|60\/100\n|\n|-weather|Snow|[upkeep]\n|upkeep\n|turn|3\n|inactive|WillieDangerously has 30 seconds left.\n|c|\u2606newalttotestteams|crap i played wrong\n|inactive|WillieDangerously has 20 seconds left.\n|c|\u2606newalttotestteams|old habits die hard ig\n|\n|t:|1700430681\n|move|p1b: Landorus|Stomping Tantrum|p2a: Iron Hands\n|-supereffective|p2a: Iron Hands\n|-damage|p2a: Iron Hands|40\/100\n|move|p1a: Tornadus|Bleakwind Storm|p2b: Landorus|[spread] p2a,p2b\n|-damage|p2a: Iron Hands|20\/100\n|-damage|p2b: Landorus|63\/100\n|move|p2b: Landorus|Rock Slide|p1a: Tornadus|[spread] p1a,p1b\n|-supereffective|p1a: Tornadus\n|-damage|p1a: Tornadus|9\/100\n|-damage|p1b: Landorus|34\/100\n|move|p2a: Iron Hands|Heavy Slam|p1b: Landorus\n|-damage|p1b: Landorus|0 fnt\n|faint|p1b: Landorus\n|\n|-weather|Snow|[upkeep]\n|-end|p2a: Iron Hands|move: Taunt\n|upkeep\n|\n|t:|1700430691\n|switch|p1b: Ogerpon|Ogerpon-Wellspring, L50, F|100\/100\n|turn|4\n|\n|t:|1700430708\n|-end|p2a: Iron Hands|Quark Drive|[silent]\n|switch|p2a: Ninetales|Ninetales-Alola, L50, M|100\/100\n|move|p2b: Landorus|Protect|p2b: Landorus\n|-singleturn|p2b: Landorus|Protect\n|move|p1b: Ogerpon|Ivy Cudgel|p2a: Ninetales|[anim] Ivy Cudgel Water\n|-damage|p2a: Ninetales|50\/100\n|move|p1a: Tornadus|Bleakwind Storm|p2b: Landorus|[spread] p2a\n|-activate|p2b: Landorus|move: Protect\n|-damage|p2a: Ninetales|11\/100\n|-unboost|p2a: Ninetales|spe|1\n|\n|-weather|Snow|[upkeep]\n|upkeep\n|turn|5\n|-message|WillieDangerously forfeited.\n|\n|win|newalttotestteams\n|raw|newalttotestteams's rating: 1494 &rarr; <strong>1519<\/strong><br \/>(+25 for winning)\n|raw|WillieDangerously's rating: 1577 &rarr; <strong>1552<\/strong><br \/>(-25 for losing)\n|c|\u2606newalttotestteams|ggs\n|c|\u2606WillieDangerously|Gg\n|l|\u2606WillieDangerously\n|l|\u2606newalttotestteams\n|j|\u2606newalttotestteams\n|player|p1|newalttotestteams|n\n","uploadtime":1700430764,"views":10,"p1id":"newalttotestteams","p2id":"williedangerously","formatid":"gen9vgc2023regulatione","rating":1519,"private":0,"password":""}