{"id":"gen9vgc2023regulatione-1997634011","p1":"volauvent99","p2":"NekrosM0S","format":"[Gen 9] VGC 2023 Regulation E","log":"|j|\u2606volauvent99\n|j|\u2606NekrosM0S\n|t:|1700835603\n|gametype|doubles\n|player|p1|volauvent99|170|1224\n|player|p2|NekrosM0S|colress|1274\n|teamsize|p1|6\n|teamsize|p2|6\n|gen|9\n|tier|[Gen 9] VGC 2023 Regulation E\n|rated|\n|rule|Species Clause: Limit one of each Pok\u00e9mon\n|rule|Item Clause: Limit one of each item\n|clearpoke\n|poke|p1|Ninetales-Alola, L50, F|\n|poke|p1|Empoleon, L50, F|\n|poke|p1|Roaring Moon, L50|\n|poke|p1|Sinistcha, L50|\n|poke|p1|Urshifu-*, L50, F|\n|poke|p1|Arcanine-Hisui, L50, F|\n|poke|p2|Glimmora, L50, M|\n|poke|p2|Iron Hands, L50|\n|poke|p2|Ninetales-Alola, L50, M|\n|poke|p2|Ogerpon-Wellspring, L50, F|\n|poke|p2|Glastrier, L50|\n|poke|p2|Flutter Mane, L50|\n|teampreview|4\n|inactive|Battle timer is ON: inactive players will automatically lose when time's up. (requested by volauvent99)\n|\n|t:|1700835668\n|start\n|switch|p1a: Ninetales|Ninetales-Alola, L50, F|100\/100\n|switch|p1b: Empoleon|Empoleon, L50, F|100\/100\n|switch|p2a: Glimmora|Glimmora, L50, M, shiny|100\/100\n|switch|p2b: Ninetales|Ninetales-Alola, L50, M|100\/100\n|-weather|Snow|[from] ability: Snow Warning|[of] p1a: Ninetales\n|turn|1\n|\n|t:|1700835687\n|move|p1a: Ninetales|Aurora Veil|p1a: Ninetales\n|-sidestart|p1: volauvent99|move: Aurora Veil\n|move|p2b: Ninetales|Aurora Veil|p2b: Ninetales\n|-sidestart|p2: NekrosM0S|move: Aurora Veil\n|move|p2a: Glimmora|Sludge Bomb|p1a: Ninetales\n|-supereffective|p1a: Ninetales\n|-damage|p1a: Ninetales|39\/100\n|move|p1b: Empoleon|Hydro Pump|p2a: Glimmora\n|-supereffective|p2a: Glimmora\n|-damage|p2a: Glimmora|14\/100\n|-enditem|p2a: Glimmora|Sitrus Berry|[eat]\n|-heal|p2a: Glimmora|39\/100|[from] item: Sitrus Berry\n|\n|-weather|Snow|[upkeep]\n|upkeep\n|turn|2\n|\n|t:|1700835702\n|move|p1a: Ninetales|Blizzard|p2a: Glimmora|[spread] p2a,p2b\n|-resisted|p2b: Ninetales\n|-damage|p2a: Glimmora|20\/100\n|-damage|p2b: Ninetales|93\/100\n|move|p2b: Ninetales|Blizzard|p1a: Ninetales|[spread] p1a,p1b\n|-resisted|p1a: Ninetales\n|-resisted|p1b: Empoleon\n|-damage|p1a: Ninetales|31\/100\n|-damage|p1b: Empoleon|97\/100\n|move|p2a: Glimmora|Sludge Bomb|p1a: Ninetales\n|-supereffective|p1a: Ninetales\n|-damage|p1a: Ninetales|0 fnt\n|faint|p1a: Ninetales\n|move|p1b: Empoleon|Flash Cannon|p2b: Ninetales\n|-supereffective|p2b: Ninetales\n|-damage|p2b: Ninetales|0 fnt\n|faint|p2b: Ninetales\n|\n|-weather|Snow|[upkeep]\n|upkeep\n|\n|t:|1700835719\n|switch|p1a: Arcanine|Arcanine-Hisui, L50, F|100\/100\n|switch|p2b: Iron Hands|Iron Hands, L50, shiny|100\/100\n|-ability|p1a: Arcanine|Intimidate|boost\n|-unboost|p2a: Glimmora|atk|1\n|-unboost|p2b: Iron Hands|atk|1\n|turn|3\n|inactive|volauvent99 has 30 seconds left.\n|\n|t:|1700835748\n|-terastallize|p1b: Empoleon|Grass\n|move|p2a: Glimmora|Spiky Shield|p2a: Glimmora\n|-singleturn|p2a: Glimmora|move: Protect\n|move|p1a: Arcanine|Rock Slide|p2a: Glimmora|[spread] p2b\n|-activate|p2a: Glimmora|move: Protect\n|-resisted|p2b: Iron Hands\n|-damage|p2b: Iron Hands|94\/100\n|move|p1b: Empoleon|Hydro Pump|p2b: Iron Hands|[miss]\n|-miss|p1b: Empoleon|p2b: Iron Hands\n|move|p2b: Iron Hands|Drain Punch|p1b: Empoleon\n|-damage|p1b: Empoleon|73\/100\n|-heal|p2b: Iron Hands|100\/100|[from] drain|[of] p1b: Empoleon\n|\n|-weather|Snow|[upkeep]\n|upkeep\n|turn|4\n|inactive|volauvent99 has 30 seconds left.\n|\n|t:|1700835781\n|move|p1a: Arcanine|Extreme Speed|p2a: Glimmora\n|-resisted|p2a: Glimmora\n|-damage|p2a: Glimmora|13\/100\n|-activate|p2a: Glimmora|ability: Toxic Debris\n|-sidestart|p1: volauvent99|move: Toxic Spikes\n|move|p2a: Glimmora|Sludge Bomb|p1b: Empoleon\n|-supereffective|p1b: Empoleon\n|-damage|p1b: Empoleon|25\/100\n|move|p1b: Empoleon|Hydro Pump|p2b: Iron Hands\n|-damage|p2b: Iron Hands|84\/100\n|move|p2b: Iron Hands|Drain Punch|p1a: Arcanine\n|-supereffective|p1a: Arcanine\n|-damage|p1a: Arcanine|67\/100\n|-heal|p2b: Iron Hands|99\/100|[from] drain|[of] p1a: Arcanine\n|\n|-weather|Snow|[upkeep]\n|upkeep\n|turn|5\n|inactive|volauvent99 has 30 seconds left.\n|inactive|NekrosM0S has 30 seconds left.\n|inactive|volauvent99 has 20 seconds left.\n|inactive|volauvent99 has 15 seconds left.\n|\n|t:|1700835821\n|switch|p1a: Sinistcha|Sinistcha, L50|100\/100\n|-status|p1a: Sinistcha|psn\n|-heal|p1b: Empoleon|50\/100|[from] ability: Hospitality|[of] p1a: Sinistcha\n|move|p1b: Empoleon|Vacuum Wave|p2a: Glimmora\n|-damage|p2a: Glimmora|2\/100\n|move|p2a: Glimmora|Sludge Bomb|p1b: Empoleon\n|-supereffective|p1b: Empoleon\n|-damage|p1b: Empoleon|5\/100\n|move|p2b: Iron Hands|Drain Punch|p1a: Sinistcha\n|-immune|p1a: Sinistcha\n|\n|-weather|none\n|-damage|p1a: Sinistcha|88\/100 psn|[from] psn\n|upkeep\n|turn|6\n|inactive|volauvent99 has 30 seconds left.\n|\n|t:|1700835848\n|switch|p1a: Arcanine|Arcanine-Hisui, L50, F|67\/100\n|-status|p1a: Arcanine|psn\n|-ability|p1a: Arcanine|Intimidate|boost\n|-unboost|p2a: Glimmora|atk|1\n|-unboost|p2b: Iron Hands|atk|1\n|move|p2a: Glimmora|Spiky Shield|p2a: Glimmora\n|-singleturn|p2a: Glimmora|move: Protect\n|move|p1b: Empoleon|Vacuum Wave|p2a: Glimmora\n|-activate|p2a: Glimmora|move: Protect\n|move|p2b: Iron Hands|Drain Punch|p1b: Empoleon\n|-damage|p1b: Empoleon|0 fnt\n|-heal|p2b: Iron Hands|100\/100|[from] drain|[of] p1b: Empoleon\n|faint|p1b: Empoleon\n|\n|-damage|p1a: Arcanine|54\/100 psn|[from] psn\n|upkeep\n|-message|volauvent99 forfeited.\n|\n|win|NekrosM0S\n|raw|volauvent99's rating: 1224 &rarr; <strong>1203<\/strong><br \/>(-21 for losing)\n|raw|NekrosM0S's rating: 1274 &rarr; <strong>1295<\/strong><br \/>(+21 for winning)\n|l|\u2606volauvent99\n","uploadtime":1700835888,"views":12,"p1id":"volauvent99","p2id":"nekrosm0s","formatid":"gen9vgc2023regulatione","rating":1203,"private":0,"password":""}