{"id":"gen9vgc2023regulatione-1992644572","p1":"ChungusTheOldOne","p2":"JabsGR","format":"[Gen 9] VGC 2023 Regulation E","log":"|j|\u2606ChungusTheOldOne\n|j|\u2606JabsGR\n|t:|1700219590\n|gametype|doubles\n|player|p1|ChungusTheOldOne|102|1250\n|player|p2|JabsGR|170|1302\n|teamsize|p1|6\n|teamsize|p2|6\n|gen|9\n|tier|[Gen 9] VGC 2023 Regulation E\n|rated|\n|rule|Species Clause: Limit one of each Pok\u00e9mon\n|rule|Item Clause: Limit one of each item\n|clearpoke\n|poke|p1|Ninetales-Alola, L50, M|\n|poke|p1|Annihilape, L50, F|\n|poke|p1|Sinistcha-Masterpiece, L50|\n|poke|p1|Arcanine-Hisui, L50, F|\n|poke|p1|Flutter Mane, L50|\n|poke|p1|Ogerpon-Wellspring, L50, F|\n|poke|p2|Slither Wing, L50|\n|poke|p2|Volbeat, L50, M|\n|poke|p2|Volcarona, L50, F|\n|poke|p2|Scizor, L50, F|\n|poke|p2|Kleavor, L50, F|\n|poke|p2|Vivillon, L50, F|\n|teampreview|4\n|inactive|Battle timer is ON: inactive players will automatically lose when time's up. (requested by JabsGR)\n|\n|t:|1700219608\n|start\n|switch|p1a: Annihilape|Annihilape, L50, F|100\/100\n|switch|p1b: Ninetales|Ninetales-Alola, L50, M|100\/100\n|switch|p2a: Volbeat|Volbeat, L50, M|100\/100\n|switch|p2b: Kleavor|Kleavor, L50, F|100\/100\n|-weather|Snow|[from] ability: Snow Warning|[of] p1b: Ninetales\n|turn|1\n|\n|t:|1700219629\n|move|p2a: Volbeat|Sunny Day|p2a: Volbeat\n|-weather|SunnyDay\n|move|p1b: Ninetales|Aurora Veil||[still]\n|-fail|p1b: Ninetales\n|move|p2b: Kleavor|Stone Axe|p1b: Ninetales\n|-supereffective|p1b: Ninetales\n|-damage|p1b: Ninetales|0 fnt\n|-sidestart|p1: ChungusTheOldOne|move: Stealth Rock\n|faint|p1b: Ninetales\n|move|p1a: Annihilape|Taunt|p2a: Volbeat\n|-start|p2a: Volbeat|move: Taunt\n|\n|-weather|SunnyDay|[upkeep]\n|upkeep\n|\n|t:|1700219636\n|switch|p1b: Arcanine|Arcanine-Hisui, L50, F|100\/100\n|-damage|p1b: Arcanine|76\/100|[from] Stealth Rock\n|-ability|p1b: Arcanine|Intimidate|boost\n|-unboost|p2a: Volbeat|atk|1\n|-unboost|p2b: Kleavor|atk|1\n|turn|2\n|\n|t:|1700219659\n|switch|p2a: Scizor|Scizor, L50, F|100\/100\n|-terastallize|p1b: Arcanine|Normal\n|move|p2b: Kleavor|Protect|p2b: Kleavor\n|-singleturn|p2b: Kleavor|Protect\n|move|p1b: Arcanine|Rock Slide|p2b: Kleavor|[spread] p2a\n|-activate|p2b: Kleavor|move: Protect\n|-damage|p2a: Scizor|72\/100\n|move|p1a: Annihilape|Bulk Up|p1a: Annihilape\n|-boost|p1a: Annihilape|atk|1\n|-boost|p1a: Annihilape|def|1\n|\n|-weather|SunnyDay|[upkeep]\n|upkeep\n|turn|3\n|\n|t:|1700219683\n|switch|p2b: Volbeat|Volbeat, L50, M|100\/100\n|move|p1b: Arcanine|Flare Blitz|p2a: Scizor\n|-supereffective|p2a: Scizor\n|-damage|p2a: Scizor|0 fnt\n|faint|p2a: Scizor\n|-damage|p1b: Arcanine|52\/100|[from] Recoil\n|move|p1a: Annihilape|Bulk Up|p1a: Annihilape\n|-boost|p1a: Annihilape|atk|1\n|-boost|p1a: Annihilape|def|1\n|\n|-weather|SunnyDay|[upkeep]\n|upkeep\n|\n|t:|1700219702\n|switch|p2a: Volcarona|Volcarona, L50, F|100\/100\n|turn|4\n|\n|t:|1700219712\n|-terastallize|p2a: Volcarona|Grass\n|move|p2b: Volbeat|Encore|p1a: Annihilape\n|-start|p1a: Annihilape|Encore\n|move|p1b: Arcanine|Rock Slide|p2b: Volbeat|[spread] p2a,p2b\n|-supereffective|p2b: Volbeat\n|-damage|p2a: Volcarona|68\/100\n|-damage|p2b: Volbeat|23\/100\n|move|p2a: Volcarona|Fiery Dance|p1b: Arcanine\n|-damage|p1b: Arcanine|0 fnt\n|-boost|p2a: Volcarona|spa|1\n|faint|p1b: Arcanine\n|move|p1a: Annihilape|Bulk Up|p1a: Annihilape\n|-boost|p1a: Annihilape|atk|1\n|-boost|p1a: Annihilape|def|1\n|\n|-weather|SunnyDay|[upkeep]\n|upkeep\n|\n|t:|1700219721\n|switch|p1b: Sinistcha|Sinistcha-Masterpiece, L50|100\/100\n|-damage|p1b: Sinistcha|88\/100|[from] Stealth Rock\n|turn|5\n|\n|t:|1700219737\n|move|p2b: Volbeat|Tailwind|p2b: Volbeat\n|-sidestart|p2: JabsGR|move: Tailwind\n|move|p2a: Volcarona|Fiery Dance|p1b: Sinistcha\n|-supereffective|p1b: Sinistcha\n|-damage|p1b: Sinistcha|0 fnt\n|faint|p1b: Sinistcha\n|move|p1a: Annihilape|Bulk Up|p1a: Annihilape\n|-boost|p1a: Annihilape|atk|1\n|-boost|p1a: Annihilape|def|1\n|\n|-weather|none\n|upkeep\n|turn|6\n|c|\u2606JabsGR|gg\n|c|\u2606ChungusTheOldOne|yup\n|\n|t:|1700219752\n|move|p2b: Volbeat|Sunny Day|p2b: Volbeat\n|-weather|SunnyDay\n|move|p2a: Volcarona|Quiver Dance|p2a: Volcarona\n|-boost|p2a: Volcarona|spa|1\n|-boost|p2a: Volcarona|spd|1\n|-boost|p2a: Volcarona|spe|1\n|move|p1a: Annihilape|Bulk Up|p1a: Annihilape\n|-boost|p1a: Annihilape|atk|1\n|-boost|p1a: Annihilape|def|1\n|\n|-weather|SunnyDay|[upkeep]\n|-end|p1a: Annihilape|Encore\n|upkeep\n|turn|7\n|c|\u2606ChungusTheOldOne|fucking offmeta shit\n|c|\u2606ChungusTheOldOne|gg btw\n|c|\u2606JabsGR|bug monotype\n|c|\u2606JabsGR|what oof meta man?\n|inactive|ChungusTheOldOne has 30 seconds left.\n|inactive|JabsGR has 30 seconds left.\n|inactive|ChungusTheOldOne has 20 seconds left.\n|inactive|ChungusTheOldOne has 15 seconds left.\n|inactive|ChungusTheOldOne has 10 seconds left.\n|inactive|ChungusTheOldOne has 5 seconds left.\n|\n|t:|1700219805\n|move|p2b: Volbeat|Encore|p1a: Annihilape\n|-start|p1a: Annihilape|Encore\n|move|p2a: Volcarona|Air Slash|p1a: Annihilape\n|-supereffective|p1a: Annihilape\n|-damage|p1a: Annihilape|3\/100\n|cant|p1a: Annihilape|flinch\n|\n|-weather|SunnyDay|[upkeep]\n|-heal|p1a: Annihilape|9\/100|[from] item: Leftovers\n|upkeep\n|turn|8\n|c|\u2606ChungusTheOldOne|volbeat\n|c|\u2606JabsGR|It is bug monotype.....\n|c|\u2606ChungusTheOldOne|volbeat is an offmeta pick that nobody know what move it has\n|c|\u2606JabsGR|do you understand that I am not playing meta games?\n|inactive|ChungusTheOldOne has 30 seconds left.\n|inactive|JabsGR has 30 seconds left.\n|c|\u2606ChungusTheOldOne|in no OTS its impossible to handle it\n|c|\u2606ChungusTheOldOne|yeah\n|inactive|JabsGR has 20 seconds left.\n|c|\u2606JabsGR|you are just salty cause you lost to bugs dude\n|inactive|JabsGR has 15 seconds left.\n|inactive|JabsGR has 10 seconds left.\n|c|\u2606JabsGR|yeah this is not a bo3 team\n|inactive|JabsGR has 5 seconds left.\n|\n|t:|1700219857\n|move|p2b: Volbeat|Tailwind||[still]\n|-fail|p2b: Volbeat\n|move|p2a: Volcarona|Fiery Dance|p1a: Annihilape\n|-damage|p1a: Annihilape|0 fnt\n|-boost|p2a: Volcarona|spa|1\n|faint|p1a: Annihilape\n|\n|win|JabsGR\n|raw|ChungusTheOldOne's rating: 1250 &rarr; <strong>1229<\/strong><br \/>(-21 for losing)\n|raw|JabsGR's rating: 1302 &rarr; <strong>1319<\/strong><br \/>(+17 for winning)\n","uploadtime":1700219755,"views":7,"p1id":"chungustheoldone","p2id":"jabsgr","formatid":"gen9vgc2023regulatione","rating":1229,"private":0,"password":""}