{"id":"gen9vgc2023regulatione-1997394922","p1":"BigBoyWally","p2":"TheGnerdyGnome","format":"[Gen 9] VGC 2023 Regulation E","log":"|j|\u2606BigBoyWally\n|j|\u2606TheGnerdyGnome\n|t:|1700798573\n|gametype|doubles\n|player|p1|BigBoyWally|unknown|1264\n|player|p2|TheGnerdyGnome|chef|1262\n|teamsize|p1|6\n|teamsize|p2|6\n|gen|9\n|tier|[Gen 9] VGC 2023 Regulation E\n|rated|\n|rule|Species Clause: Limit one of each Pok\u00e9mon\n|rule|Item Clause: Limit one of each item\n|clearpoke\n|poke|p1|Maushold, L50|\n|poke|p1|Dipplin, L50, F|\n|poke|p1|Iron Bundle, L50|\n|poke|p1|Iron Hands, L50|\n|poke|p1|Arcanine-Hisui, L50, F|\n|poke|p1|Dragapult, L50, M|\n|poke|p2|Ninetales-Alola, L50, M|\n|poke|p2|Baxcalibur, L50, M|\n|poke|p2|Arcanine-Hisui, L50, M|\n|poke|p2|Ogerpon-Wellspring, L50, F|\n|poke|p2|Farigiraf, L50, F|\n|poke|p2|Kingambit, L50, M|\n|teampreview|4\n|inactive|Battle timer is ON: inactive players will automatically lose when time's up. (requested by TheGnerdyGnome)\n|inactive|BigBoyWally also wants the timer to be on.\n|inactive|BigBoyWally has 60 seconds left.\n|inactive|TheGnerdyGnome has 60 seconds left.\n|\n|t:|1700798620\n|start\n|switch|p1a: Maushold|Maushold, L50|100\/100\n|switch|p1b: Iron Hands|Iron Hands, L50|100\/100\n|switch|p2a: Farigiraf|Farigiraf, L50, F|100\/100\n|switch|p2b: Kingambit|Kingambit, L50, M|100\/100\n|turn|1\n|inactive|BigBoyWally has 30 seconds left.\n|inactive|TheGnerdyGnome has 30 seconds left.\n|inactive|TheGnerdyGnome has 20 seconds left.\n|\n|t:|1700798662\n|move|p2b: Kingambit|Protect|p2b: Kingambit\n|-singleturn|p2b: Kingambit|Protect\n|move|p1a: Maushold|Population Bomb|p2a: Farigiraf\n|-damage|p2a: Farigiraf|94\/100\n|-damage|p2a: Farigiraf|88\/100\n|-damage|p2a: Farigiraf|82\/100\n|-hitcount|p2a: Farigiraf|3\n|move|p1b: Iron Hands|Drain Punch|p2a: Farigiraf\n|-crit|p2a: Farigiraf\n|-damage|p2a: Farigiraf|19\/100\n|cant|p2a: Farigiraf|flinch\n|\n|upkeep\n|turn|2\n|\n|t:|1700798687\n|move|p1a: Maushold|Encore|p2b: Kingambit\n|-start|p2b: Kingambit|Encore\n|move|p1b: Iron Hands|Drain Punch|p2a: Farigiraf\n|-damage|p2a: Farigiraf|0 fnt\n|faint|p2a: Farigiraf\n|move|p2b: Kingambit|Protect|p2b: Kingambit\n|-singleturn|p2b: Kingambit|Protect\n|\n|upkeep\n|\n|t:|1700798695\n|switch|p2a: Arcanine|Arcanine-Hisui, L50, M|100\/100\n|-ability|p2a: Arcanine|Intimidate|boost\n|-unboost|p1a: Maushold|atk|1\n|-unboost|p1b: Iron Hands|atk|1\n|turn|3\n|\n|t:|1700798708\n|switch|p2b: Baxcalibur|Baxcalibur, L50, M|100\/100\n|-terastallize|p1a: Maushold|Ghost\n|-terastallize|p2a: Arcanine|Fairy\n|move|p1a: Maushold|Encore||[still]\n|-fail|p1a: Maushold\n|move|p2a: Arcanine|Tera Blast|p1b: Iron Hands|[anim] Tera Blast Fairy\n|-supereffective|p1b: Iron Hands\n|-damage|p1b: Iron Hands|32\/100\n|move|p1b: Iron Hands|Drain Punch|p2b: Baxcalibur\n|-supereffective|p2b: Baxcalibur\n|-damage|p2b: Baxcalibur|51\/100\n|-heal|p1b: Iron Hands|56\/100|[from] drain|[of] p2b: Baxcalibur\n|\n|upkeep\n|turn|4\n|inactive|BigBoyWally has 30 seconds left.\n|inactive|TheGnerdyGnome has 30 seconds left.\n|\n|t:|1700798737\n|move|p1a: Maushold|Population Bomb|p2a: Arcanine\n|-damage|p2a: Arcanine|95\/100\n|-damage|p2a: Arcanine|90\/100\n|-damage|p2a: Arcanine|85\/100\n|-damage|p2a: Arcanine|80\/100\n|-damage|p2a: Arcanine|75\/100\n|-damage|p2a: Arcanine|70\/100\n|-damage|p2a: Arcanine|65\/100\n|-damage|p2a: Arcanine|60\/100\n|-damage|p2a: Arcanine|55\/100\n|-damage|p2a: Arcanine|50\/100\n|-hitcount|p2a: Arcanine|10\n|cant|p2a: Arcanine|flinch\n|move|p2b: Baxcalibur|Icicle Spear|p1a: Maushold\n|-damage|p1a: Maushold|80\/100\n|-damage|p1a: Maushold|61\/100\n|-crit|p1a: Maushold\n|-damage|p1a: Maushold|29\/100\n|-damage|p1a: Maushold|8\/100\n|-damage|p1a: Maushold|0 fnt\n|faint|p1a: Maushold\n|-hitcount|p1: Maushold|5\n|move|p1b: Iron Hands|Drain Punch|p2b: Baxcalibur\n|-supereffective|p2b: Baxcalibur\n|-damage|p2b: Baxcalibur|4\/100\n|-heal|p1b: Iron Hands|78\/100|[from] drain|[of] p2b: Baxcalibur\n|\n|upkeep\n|\n|t:|1700798754\n|switch|p1a: Arcanine|Arcanine-Hisui, L50, F|100\/100\n|-ability|p1a: Arcanine|Intimidate|boost\n|-unboost|p2a: Arcanine|atk|1\n|-unboost|p2b: Baxcalibur|atk|1\n|turn|5\n|inactive|BigBoyWally has 30 seconds left.\n|inactive|BigBoyWally has 20 seconds left.\n|inactive|BigBoyWally has 15 seconds left.\n|inactive|BigBoyWally has 10 seconds left.\n|\n|t:|1700798803\n|-end|p1b: Iron Hands|Quark Drive|[silent]\n|switch|p1b: Dipplin|Dipplin, L50, F|100\/100\n|-ability|p1b: Dipplin|Supersweet Syrup\n|-ability|p1b: Dipplin|Supersweet Syrup|boost\n|-unboost|p2a: Arcanine|evasion|1\n|-unboost|p2b: Baxcalibur|evasion|1\n|move|p2b: Baxcalibur|Protect|p2b: Baxcalibur\n|-singleturn|p2b: Baxcalibur|Protect\n|move|p1a: Arcanine|Extreme Speed|p2b: Baxcalibur\n|-activate|p2b: Baxcalibur|move: Protect\n|move|p2a: Arcanine|Tera Blast|p1b: Dipplin|[anim] Tera Blast Fairy\n|-supereffective|p1b: Dipplin\n|-damage|p1b: Dipplin|51\/100\n|\n|upkeep\n|turn|6\n|\n|t:|1700798820\n|switch|p2b: Kingambit|Kingambit, L50, M|100\/100\n|move|p1b: Dipplin|Protect|p1b: Dipplin\n|-singleturn|p1b: Dipplin|Protect\n|move|p1a: Arcanine|Extreme Speed|p2b: Kingambit\n|-resisted|p2b: Kingambit\n|-damage|p2b: Kingambit|88\/100\n|move|p2a: Arcanine|Tera Blast|p1b: Dipplin|[anim] Tera Blast Fairy\n|-activate|p1b: Dipplin|move: Protect\n|\n|upkeep\n|turn|7\n|\n|t:|1700798835\n|switch|p1a: Iron Hands|Iron Hands, L50|78\/100\n|move|p2a: Arcanine|Tera Blast|p1b: Dipplin|[anim] Tera Blast Fairy\n|-supereffective|p1b: Dipplin\n|-damage|p1b: Dipplin|3\/100\n|move|p2b: Kingambit|Swords Dance|p2b: Kingambit\n|-boost|p2b: Kingambit|atk|2\n|move|p1b: Dipplin|Syrup Bomb|p2a: Arcanine\n|-damage|p2a: Arcanine|19\/100\n|-start|p2a: Arcanine|Syrup Bomb\n|\n|-unboost|p2a: Arcanine|spe|1\n|upkeep\n|turn|8\n|\n|t:|1700798858\n|move|p2b: Kingambit|Sucker Punch|p1a: Iron Hands\n|-resisted|p1a: Iron Hands\n|-damage|p1a: Iron Hands|45\/100\n|move|p2a: Arcanine|Tera Blast|p1a: Iron Hands|[anim] Tera Blast Fairy\n|-supereffective|p1a: Iron Hands\n|-damage|p1a: Iron Hands|0 fnt\n|faint|p1a: Iron Hands\n|-end|p1a: Iron Hands|Quark Drive|[silent]\n|move|p1b: Dipplin|Pollen Puff|p1: Iron Hands|[notarget]\n|-fail|p1b: Dipplin\n|\n|-unboost|p2a: Arcanine|spe|1\n|upkeep\n|\n|t:|1700798863\n|switch|p1a: Arcanine|Arcanine-Hisui, L50, F|100\/100\n|-ability|p1a: Arcanine|Intimidate|boost\n|-unboost|p2a: Arcanine|atk|1\n|-unboost|p2b: Kingambit|atk|1\n|-ability|p2b: Kingambit|Defiant|boost\n|-boost|p2b: Kingambit|atk|2\n|turn|9\n|\n|t:|1700798886\n|move|p2b: Kingambit|Sucker Punch|p1a: Arcanine\n|-damage|p1a: Arcanine|0 fnt\n|faint|p1a: Arcanine\n|move|p2a: Arcanine|Tera Blast|p1b: Dipplin|[anim] Tera Blast Fairy\n|-supereffective|p1b: Dipplin\n|-damage|p1b: Dipplin|0 fnt\n|faint|p1b: Dipplin\n|\n|win|TheGnerdyGnome\n|raw|BigBoyWally's rating: 1264 &rarr; <strong>1239<\/strong><br \/>(-25 for losing)\n|raw|TheGnerdyGnome's rating: 1262 &rarr; <strong>1287<\/strong><br \/>(+25 for winning)\n|l|\u2606BigBoyWally\n","uploadtime":1700798909,"views":14,"p1id":"bigboywally","p2id":"thegnerdygnome","formatid":"gen9vgc2023regulatione","rating":1239,"private":0,"password":""}