{"id":"gen9vgc2023regulatione-2000579803","p1":"qz231128","p2":"heatranthru","format":"[Gen 9] VGC 2023 Regulation E","log":"|j|\u2606qz231128\n|j|\u2606heatranthru\n|t:|1701207218\n|gametype|doubles\n|player|p1|qz231128|266|1118\n|player|p2|heatranthru|elesa|1185\n|teamsize|p1|6\n|teamsize|p2|6\n|gen|9\n|tier|[Gen 9] VGC 2023 Regulation E\n|rated|\n|rule|Species Clause: Limit one of each Pok\u00e9mon\n|rule|Item Clause: Limit one of each item\n|clearpoke\n|poke|p1|Tornadus, L50, M|\n|poke|p1|Volcarona, L50, M|\n|poke|p1|Basculegion, L50, M|\n|poke|p1|Ludicolo, L50, F|\n|poke|p1|Scizor, L50, M|\n|poke|p1|Flutter Mane, L50|\n|poke|p2|Kommo-o, L50, F|\n|poke|p2|Sinistcha, L50|\n|poke|p2|Flutter Mane, L50|\n|poke|p2|Tornadus, L50, M|\n|poke|p2|Arcanine-Hisui, L50, F|\n|poke|p2|Iron Hands, L50|\n|teampreview|4\nqz231128 rejected open team sheets.\n|inactive|Battle timer is ON: inactive players will automatically lose when time's up. (requested by qz231128)\n|\n|t:|1701207265\n|start\n|switch|p1a: Tornadus|Tornadus, L50, M|100\/100\n|switch|p1b: Basculegion|Basculegion, L50, M|100\/100\n|switch|p2a: Tornadus|Tornadus, L50, M, shiny|100\/100\n|switch|p2b: Flutter Mane|Flutter Mane, L50, shiny|100\/100\n|turn|1\n|inactive|heatranthru has 30 seconds left.\n|\n|t:|1701207290\n|-terastallize|p1b: Basculegion|Water\n|move|p1a: Tornadus|Rain Dance|p1a: Tornadus\n|-weather|RainDance\n|move|p2a: Tornadus|Taunt|p1a: Tornadus\n|-start|p1a: Tornadus|move: Taunt\n|move|p1b: Basculegion|Wave Crash|p2b: Flutter Mane\n|-damage|p2b: Flutter Mane|0 fnt\n|faint|p2b: Flutter Mane\n|-end|p2b: Flutter Mane|Protosynthesis|[silent]\n|-damage|p1b: Basculegion|79\/100|[from] Recoil\n|\n|-weather|RainDance|[upkeep]\n|upkeep\n|\n|t:|1701207303\n|switch|p2b: Kommo-o|Kommo-o, L50, F|100\/100\n|turn|2\n|c|\u2606heatranthru|why does rain no count in taunt?\n|inactive|heatranthru has 30 seconds left.\n|\n|t:|1701207334\n|move|p2a: Tornadus|Tailwind|p2a: Tornadus\n|-sidestart|p2: heatranthru|move: Tailwind\n|move|p2b: Kommo-o|Clanging Scales|p1b: Basculegion|[spread] p1a,p1b\n|-damage|p1a: Tornadus|52\/100\n|-damage|p1b: Basculegion|41\/100\n|-unboost|p2b: Kommo-o|def|1\n|-enditem|p2b: Kommo-o|Throat Spray\n|-boost|p2b: Kommo-o|spa|1|[from] item: Throat Spray\n|move|p1b: Basculegion|Wave Crash|p2b: Kommo-o\n|-resisted|p2b: Kommo-o\n|-damage|p2b: Kommo-o|0 fnt\n|faint|p2b: Kommo-o\n|-damage|p1b: Basculegion|12\/100|[from] Recoil\n|move|p1a: Tornadus|Bleakwind Storm|p2a: Tornadus\n|-damage|p2a: Tornadus|39\/100\n|\n|-weather|RainDance|[upkeep]\n|upkeep\n|\n|t:|1701207348\n|switch|p2b: Arcanine|Arcanine-Hisui, L50, F|100\/100\n|-ability|p2b: Arcanine|Intimidate|boost\n|-unboost|p1a: Tornadus|atk|1\n|-unboost|p1b: Basculegion|atk|1\n|turn|3\n|\n|t:|1701207362\n|switch|p1b: Scizor|Scizor, L50, M|100\/100\n|move|p2a: Tornadus|Protect|p2a: Tornadus\n|-singleturn|p2a: Tornadus|Protect\n|move|p2b: Arcanine|Rock Slide|p1b: Scizor|[spread] p1a,p1b\n|-supereffective|p1a: Tornadus\n|-damage|p1a: Tornadus|0 fnt\n|-damage|p1b: Scizor|62\/100\n|faint|p1a: Tornadus\n|\n|-weather|RainDance|[upkeep]\n|-heal|p1b: Scizor|68\/100|[from] item: Leftovers\n|upkeep\n|\n|t:|1701207368\n|switch|p1a: Basculegion|Basculegion, L50, M, tera:Water|12\/100\n|turn|4\n|\n|t:|1701207389\n|-terastallize|p2b: Arcanine|Normal\n|move|p1a: Basculegion|Aqua Jet|p2b: Arcanine\n|-damage|p2b: Arcanine|22\/100\n|move|p1b: Scizor|Bullet Punch|p2a: Tornadus\n|-damage|p2a: Tornadus|0 fnt\n|faint|p2a: Tornadus\n|move|p2b: Arcanine|Rock Slide|p1b: Scizor|[spread] \n|-miss|p2b: Arcanine|p1a: Basculegion\n|-miss|p2b: Arcanine|p1b: Scizor\n|\n|-weather|RainDance|[upkeep]\n|-heal|p1b: Scizor|74\/100|[from] item: Leftovers\n|upkeep\n|turn|5\n|-message|heatranthru forfeited.\n|\n|win|qz231128\n|raw|qz231128's rating: 1118 &rarr; <strong>1148<\/strong><br \/>(+30 for winning)\n|raw|heatranthru's rating: 1185 &rarr; <strong>1155<\/strong><br \/>(-30 for losing)\n|l|\u2606heatranthru\n","uploadtime":1701207412,"views":0,"p1id":"qz231128","p2id":"heatranthru","formatid":"gen9vgc2023regulatione","rating":1148,"private":0,"password":""}