{"id":"gen9vgc2023regulatione-1996821197","p1":"istraliendevic","p2":"Cubboy","format":"[Gen 9] VGC 2023 Regulation E","log":"|j|\u2606istraliendevic\n|j|\u2606Cubboy\n|t:|1700730785\n|gametype|doubles\n|player|p1|istraliendevic|beauty-gen4dp|1076\n|player|p2|Cubboy|cameraman|1172\n|teamsize|p1|6\n|teamsize|p2|6\n|gen|9\n|tier|[Gen 9] VGC 2023 Regulation E\n|rated|\n|rule|Species Clause: Limit one of each Pok\u00e9mon\n|rule|Item Clause: Limit one of each item\n|clearpoke\n|poke|p1|Tatsugiri, L50, F|\n|poke|p1|Dondozo, L50, M|\n|poke|p1|Dragonite, L50, M|\n|poke|p1|Chien-Pao, L50|\n|poke|p1|Meowscarada, L50, F|\n|poke|p1|Ursaluna-Bloodmoon, L50, M|\n|poke|p2|Rillaboom, L50, F|\n|poke|p2|Ogerpon-Wellspring, L50, F|\n|poke|p2|Gholdengo, L50|\n|poke|p2|Arcanine-Hisui, L50, M|\n|poke|p2|Urshifu-*, L50, F|\n|poke|p2|Landorus-Therian, L50, M|\n|teampreview|4\n|\n|t:|1700730795\n|start\n|switch|p1a: Dragonite|Dragonite, L50, M|100\/100\n|switch|p1b: Chien-Pao|Chien-Pao, L50|100\/100\n|switch|p2a: Arcanine|Arcanine-Hisui, L50, M|100\/100\n|switch|p2b: Landorus|Landorus-Therian, L50, M|100\/100\n|-ability|p2b: Landorus|Intimidate|boost\n|-fail|p1a: Dragonite|unboost|Attack|[from] ability: Inner Focus|[of] p1a: Dragonite\n|-unboost|p1b: Chien-Pao|atk|1\n|-ability|p1b: Chien-Pao|Sword of Ruin\n|-ability|p2a: Arcanine|Intimidate|boost\n|-fail|p1a: Dragonite|unboost|Attack|[from] ability: Inner Focus|[of] p1a: Dragonite\n|-unboost|p1b: Chien-Pao|atk|1\n|turn|1\n|\n|t:|1700730819\n|-terastallize|p2a: Arcanine|Ghost\n|move|p2a: Arcanine|Extreme Speed|p1a: Dragonite\n|-damage|p1a: Dragonite|47\/100\n|move|p2b: Landorus|Rock Slide|p1a: Dragonite|[spread] p1a,p1b\n|-supereffective|p1a: Dragonite\n|-supereffective|p1b: Chien-Pao\n|-damage|p1a: Dragonite|0 fnt\n|-damage|p1b: Chien-Pao|40\/100\n|faint|p1a: Dragonite\n|cant|p1b: Chien-Pao|flinch\n|\n|upkeep\n|\n|t:|1700730830\n|switch|p1a: Dondozo|Dondozo, L50, M|100\/100\n|turn|2\n|\n|t:|1700730835\n|switch|p1b: Tatsugiri|Tatsugiri, L50, F|100\/100\n|-activate|p1b: Tatsugiri|ability: Commander|[of] p1a: Dondozo\n|-boost|p1a: Dondozo|atk|2\n|-boost|p1a: Dondozo|spa|2\n|-boost|p1a: Dondozo|spe|2\n|-boost|p1a: Dondozo|def|2\n|-boost|p1a: Dondozo|spd|2\n|-terastallize|p1a: Dondozo|Dragon\n|move|p2a: Arcanine|Extreme Speed|p1b: Tatsugiri|[miss]\n|-miss|p2a: Arcanine|p1b: Tatsugiri\n|move|p2b: Landorus|Rock Slide|p1b: Tatsugiri|[spread] p1a\n|-miss|p2b: Landorus|p1b: Tatsugiri\n|-damage|p1a: Dondozo|93\/100\n|cant|p1a: Dondozo|flinch\n|\n|-heal|p1a: Dondozo|99\/100|[from] item: Leftovers\n|upkeep\n|turn|3\n|c|\u2606istraliendevic|awesome luck\u00e7\n|\n|t:|1700730856\n|move|p2a: Arcanine|Extreme Speed|p1a: Dondozo\n|-damage|p1a: Dondozo|85\/100\n|move|p2b: Landorus|Rock Slide|p1b: Tatsugiri|[spread] p1a\n|-miss|p2b: Landorus|p1b: Tatsugiri\n|-damage|p1a: Dondozo|77\/100\n|move|p1a: Dondozo|Order Up|p2b: Landorus\n|-damage|p2b: Landorus|18\/100\n|-boost|p1a: Dondozo|atk|1\n|\n|-heal|p1a: Dondozo|84\/100|[from] item: Leftovers\n|upkeep\n|turn|4\n|\n|t:|1700730873\n|move|p1a: Dondozo|Protect|p1a: Dondozo\n|-singleturn|p1a: Dondozo|Protect\n|move|p2a: Arcanine|Extreme Speed|p1a: Dondozo\n|-activate|p1a: Dondozo|move: Protect\n|move|p2b: Landorus|Rock Slide|p1a: Dondozo|[spread] \n|-miss|p2b: Landorus|p1b: Tatsugiri\n|-activate|p1a: Dondozo|move: Protect\n|\n|-heal|p1a: Dondozo|90\/100|[from] item: Leftovers\n|upkeep\n|turn|5\n|\n|t:|1700730889\n|move|p2a: Arcanine|Extreme Speed|p1a: Dondozo\n|-damage|p1a: Dondozo|75\/100\n|move|p2b: Landorus|Rock Slide|p1a: Dondozo|[spread] p1a\n|-miss|p2b: Landorus|p1b: Tatsugiri\n|-damage|p1a: Dondozo|67\/100\n|cant|p1a: Dondozo|flinch\n|\n|-heal|p1a: Dondozo|73\/100|[from] item: Leftovers\n|upkeep\n|turn|6\n|\n|t:|1700730905\n|switch|p2b: Ogerpon|Ogerpon-Wellspring, L50, F|100\/100\n|move|p1a: Dondozo|Protect|p1a: Dondozo\n|-singleturn|p1a: Dondozo|Protect\n|move|p2a: Arcanine|Extreme Speed|p1a: Dondozo\n|-activate|p1a: Dondozo|move: Protect\n|\n|-heal|p1a: Dondozo|79\/100|[from] item: Leftovers\n|upkeep\n|turn|7\n|\n|t:|1700730918\n|move|p2a: Arcanine|Extreme Speed|p1a: Dondozo\n|-crit|p1a: Dondozo\n|-damage|p1a: Dondozo|39\/100\n|move|p1a: Dondozo|Order Up|p2b: Ogerpon\n|-damage|p2b: Ogerpon|7\/100\n|-boost|p1a: Dondozo|atk|1\n|move|p2b: Ogerpon|Knock Off|p1a: Dondozo\n|-damage|p1a: Dondozo|26\/100\n|-enditem|p1a: Dondozo|Leftovers|[from] move: Knock Off|[of] p2b: Ogerpon\n|\n|upkeep\n|turn|8\n|\n|t:|1700730933\n|move|p1a: Dondozo|Protect|p1a: Dondozo\n|-singleturn|p1a: Dondozo|Protect\n|move|p2b: Ogerpon|Spiky Shield|p2b: Ogerpon\n|-singleturn|p2b: Ogerpon|move: Protect\n|move|p2a: Arcanine|Extreme Speed|p1a: Dondozo\n|-activate|p1a: Dondozo|move: Protect\n|\n|upkeep\n|turn|9\n|\n|t:|1700730951\n|switch|p2a: Landorus|Landorus-Therian, L50, M|18\/100\n|-ability|p2a: Landorus|Intimidate|boost\n|-unboost|p1a: Dondozo|atk|1\n|-unboost|p1b: Tatsugiri|atk|1\n|move|p1a: Dondozo|Earthquake|p2a: Landorus|[spread] p2b\n|-miss|p1a: Dondozo|p1b: Tatsugiri\n|-immune|p2a: Landorus\n|-resisted|p2b: Ogerpon\n|-damage|p2b: Ogerpon|0 fnt\n|faint|p2b: Ogerpon\n|\n|upkeep\n|\n|t:|1700730963\n|switch|p2b: Arcanine|Arcanine-Hisui, L50, M, tera:Ghost|100\/100\n|-ability|p2b: Arcanine|Intimidate|boost\n|-unboost|p1a: Dondozo|atk|1\n|-unboost|p1b: Tatsugiri|atk|1\n|turn|10\n|\n|t:|1700730974\n|move|p1a: Dondozo|Protect|p1a: Dondozo\n|-singleturn|p1a: Dondozo|Protect\n|move|p2a: Landorus|Outrage|p1a: Dondozo\n|-activate|p1a: Dondozo|move: Protect\n|move|p2b: Arcanine|Raging Fury|p1b: Tatsugiri|[miss]\n|-miss|p2b: Arcanine|p1b: Tatsugiri\n|\n|upkeep\n|turn|11\n|\n|t:|1700730984\n|move|p2a: Landorus|Outrage|p1b: Tatsugiri|[miss]\n|-miss|p2a: Landorus|p1b: Tatsugiri\n|move|p1a: Dondozo|Order Up|p2a: Landorus\n|-damage|p2a: Landorus|0 fnt\n|faint|p2a: Landorus\n|-boost|p1a: Dondozo|atk|1\n|move|p2b: Arcanine|Raging Fury|p1b: Tatsugiri|[miss]\n|-miss|p2b: Arcanine|p1b: Tatsugiri\n|\n|upkeep\n|\n|t:|1700730995\n|switch|p2a: Rillaboom|Rillaboom, L50, F|100\/100\n|-fieldstart|move: Grassy Terrain|[from] ability: Grassy Surge|[of] p2a: Rillaboom\n|turn|12\n|\n|t:|1700731001\n|move|p1a: Dondozo|Protect|p1a: Dondozo\n|-singleturn|p1a: Dondozo|Protect\n|move|p2a: Rillaboom|Fake Out|p1a: Dondozo\n|-activate|p1a: Dondozo|move: Protect\n|move|p2b: Arcanine|Raging Fury|p1a: Dondozo\n|-activate|p1a: Dondozo|move: Protect\n|\n|-heal|p1a: Dondozo|32\/100|[from] Grassy Terrain\n|upkeep\n|turn|13\n|\n|t:|1700731015\n|move|p2a: Rillaboom|Grassy Glide|p1a: Dondozo\n|-resisted|p1a: Dondozo\n|-damage|p1a: Dondozo|25\/100\n|move|p1a: Dondozo|Order Up|p2a: Rillaboom\n|-damage|p2a: Rillaboom|27\/100\n|-boost|p1a: Dondozo|atk|1\n|move|p2b: Arcanine|Raging Fury|p1a: Dondozo\n|-resisted|p1a: Dondozo\n|-damage|p1a: Dondozo|8\/100\n|\n|-heal|p1a: Dondozo|14\/100|[from] Grassy Terrain\n|-heal|p2a: Rillaboom|33\/100|[from] Grassy Terrain\n|upkeep\n|turn|14\n|\n|t:|1700731031\n|move|p1a: Dondozo|Protect|p1a: Dondozo\n|-singleturn|p1a: Dondozo|Protect\n|move|p2a: Rillaboom|Grassy Glide|p1a: Dondozo\n|-activate|p1a: Dondozo|move: Protect\n|move|p2b: Arcanine|Raging Fury|p1b: Tatsugiri|[from]lockedmove|[miss]\n|-miss|p2b: Arcanine|p1b: Tatsugiri\n|-start|p2b: Arcanine|confusion|[fatigue]\n|\n|-heal|p1a: Dondozo|20\/100|[from] Grassy Terrain\n|-heal|p2a: Rillaboom|39\/100|[from] Grassy Terrain\n|upkeep\n|turn|15\n|\n|t:|1700731046\n|move|p2a: Rillaboom|Grassy Glide|p1a: Dondozo\n|-resisted|p1a: Dondozo\n|-damage|p1a: Dondozo|14\/100\n|move|p1a: Dondozo|Order Up|p2a: Rillaboom\n|-damage|p2a: Rillaboom|0 fnt\n|faint|p2a: Rillaboom\n|-boost|p1a: Dondozo|atk|1\n|-activate|p2b: Arcanine|confusion\n|-damage|p2b: Arcanine|84\/100|[from] confusion\n|\n|-heal|p1a: Dondozo|20\/100|[from] Grassy Terrain\n|-heal|p2b: Arcanine|90\/100|[from] Grassy Terrain\n|upkeep\n|turn|16\n|c|\u2606istraliendevic|dude i don't know how you are lossing this\n|c|\u2606istraliendevic|lol\n|\n|t:|1700731067\n|move|p1a: Dondozo|Order Up|p2b: Arcanine\n|-damage|p2b: Arcanine|0 fnt\n|faint|p2b: Arcanine\n|\n|win|istraliendevic\n|raw|istraliendevic's rating: 1076 &rarr; <strong>1112<\/strong><br \/>(+36 for winning)\n|raw|Cubboy's rating: 1172 &rarr; <strong>1140<\/strong><br \/>(-32 for losing)\n|c|\u2606Cubboy|Gg\n|c|\u2606istraliendevic|gg\n|l|\u2606Cubboy\n","uploadtime":1700731092,"views":6,"p1id":"istraliendevic","p2id":"cubboy","formatid":"gen9vgc2023regulatione","rating":1112,"private":0,"password":""}