{"id":"gen9vgc2023regulatione-1991882854","p1":"Luiz Red","p2":"mantaxplayer","format":"[Gen 9] VGC 2023 Regulation E","log":"|j|\u2606Luiz Red\n|j|\u2606mantaxplayer\n|t:|1700133194\n|gametype|doubles\n|player|p1|Luiz Red|clown|\n|player|p2|mantaxplayer|cynthia|\n|teamsize|p1|6\n|teamsize|p2|6\n|gen|9\n|tier|[Gen 9] VGC 2023 Regulation E\n|rated|Tournament battle\n|rule|Species Clause: Limit one of each Pok\u00e9mon\n|rule|Item Clause: Limit one of each item\n|clearpoke\n|poke|p1|Tyranitar, L50, M|\n|poke|p1|Houndstone, L50, M|\n|poke|p1|Gholdengo, L50|\n|poke|p1|Landorus-Therian, L50, M|\n|poke|p1|Cresselia, L50, F|\n|poke|p1|Gastrodon-East, L50, F|\n|poke|p2|Heatran, L50, F|\n|poke|p2|Tornadus, L50, M|\n|poke|p2|Iron Hands, L50|\n|poke|p2|Ninetales-Alola, L50, F|\n|poke|p2|Rillaboom, L50, F|\n|poke|p2|Flutter Mane, L50|\n|teampreview|4\n|showteam|p1|Tyranitar||FocusSash|SandStream|RockSlide,Crunch,DragonDance,Protect|||M|||50|,,,,,Ghost]Houndstone||SpellTag|SandRush|LastRespects,Howl,ShadowSneak,Protect|||M|||50|,,,,,Ghost]Gholdengo||SitrusBerry|GoodasGold|DazzlingGleam,MakeItRain,NastyPlot,ShadowBall||||||50|,,,,,Fairy]Landorus-Therian||AssaultVest|Intimidate|Uturn,Earthquake,StompingTantrum,RockSlide|||M|||50|,,,,,Rock]Cresselia||BrightPowder|Levitate|AllySwitch,LunarBlessing,IcyWind,DoubleTeam|||F|||50|,,,,,Dark]Gastrodon-East||Leftovers|StormDrain|Yawn,IceBeam,Protect,AcidArmor|||F|||50|,,,,,Fire\n|showteam|p2|Heatran||Leftovers|FlashFire|EarthPower,HeatWave,FlashCannon,Protect|||F|||50|,,,,,Grass]Tornadus||FocusSash|Prankster|BleakwindStorm,Tailwind,Protect,Taunt|||M|||50|,,,,,Ghost]Iron Hands||AssaultVest|QuarkDrive|WildCharge,DrainPunch,HeavySlam,FakeOut||||||50|,,,,,Water]Ninetales-Alola||LightClay|SnowWarning|Blizzard,Moonblast,AuroraVeil,Protect|||F|||50|,,,,,Water]Rillaboom||SitrusBerry|GrassySurge|HighHorsepower,FakeOut,Taunt,GrassyGlide|||F|||50|,,,,,Water]Flutter Mane||ChoiceSpecs|Protosynthesis|Moonblast,ShadowBall,DazzlingGleam,Protect||||||50|,,,,,Ghost\n|\n|t:|1700133329\n|start\n|switch|p1a: Tyranitar|Tyranitar, L50, M, shiny|100\/100\n|switch|p1b: Landorus|Landorus-Therian, L50, M|100\/100\n|switch|p2a: Rillaboom|Rillaboom, L50, F|100\/100\n|switch|p2b: Flutter Mane|Flutter Mane, L50|100\/100\n|-fieldstart|move: Grassy Terrain|[from] ability: Grassy Surge|[of] p2a: Rillaboom\n|-ability|p1b: Landorus|Intimidate|boost\n|-unboost|p2a: Rillaboom|atk|1\n|-unboost|p2b: Flutter Mane|atk|1\n|-weather|Sandstorm|[from] ability: Sand Stream|[of] p1a: Tyranitar\n|turn|1\n|\n|t:|1700133377\n|switch|p1a: Gholdengo|Gholdengo, L50, shiny|100\/100\n|move|p2a: Rillaboom|Fake Out|p1b: Landorus\n|-damage|p1b: Landorus|90\/100\n|move|p2b: Flutter Mane|Dazzling Gleam|p1b: Landorus|[spread] p1a,p1b\n|-resisted|p1a: Gholdengo\n|-damage|p1a: Gholdengo|79\/100\n|-damage|p1b: Landorus|57\/100\n|cant|p1b: Landorus|flinch\n|\n|-weather|Sandstorm|[upkeep]\n|-damage|p2b: Flutter Mane|94\/100|[from] Sandstorm\n|-damage|p2a: Rillaboom|94\/100|[from] Sandstorm\n|-heal|p2b: Flutter Mane|100\/100|[from] Grassy Terrain\n|-heal|p2a: Rillaboom|100\/100|[from] Grassy Terrain\n|-heal|p1a: Gholdengo|85\/100|[from] Grassy Terrain\n|upkeep\n|turn|2\n|j| Choruto\n|\n|t:|1700133413\n|-end|p2b: Flutter Mane|Protosynthesis|[silent]\n|switch|p2b: Halibut|Iron Hands, L50|100\/100\n|move|p2a: Rillaboom|Grassy Glide|p1b: Landorus\n|-damage|p1b: Landorus|34\/100\n|move|p1b: Landorus|U-turn|p2a: Rillaboom\n|-supereffective|p2a: Rillaboom\n|-damage|p2a: Rillaboom|43\/100\n|-enditem|p2a: Rillaboom|Sitrus Berry|[eat]\n|-heal|p2a: Rillaboom|68\/100|[from] item: Sitrus Berry\n|\n|t:|1700133426\n|switch|p1b: Tyranitar|Tyranitar, L50, M, shiny|100\/100|[from] U-turn\n|move|p1a: Gholdengo|Nasty Plot|p1a: Gholdengo\n|-boost|p1a: Gholdengo|spa|2\n|\n|-weather|Sandstorm|[upkeep]\n|-damage|p2a: Rillaboom|62\/100|[from] Sandstorm\n|-damage|p2b: Halibut|95\/100|[from] Sandstorm\n|-heal|p2a: Rillaboom|68\/100|[from] Grassy Terrain\n|-heal|p1a: Gholdengo|91\/100|[from] Grassy Terrain\n|-heal|p2b: Halibut|100\/100|[from] Grassy Terrain\n|upkeep\n|turn|3\n|\n|t:|1700133446\n|switch|p1b: Landorus|Landorus-Therian, L50, M|34\/100\n|-ability|p1b: Landorus|Intimidate|boost\n|-unboost|p2a: Rillaboom|atk|1\n|-unboost|p2b: Halibut|atk|1\n|move|p2a: Rillaboom|High Horsepower|p1a: Gholdengo|[miss]\n|-miss|p2a: Rillaboom|p1a: Gholdengo\n|move|p1a: Gholdengo|Dazzling Gleam|p2b: Halibut|[spread] p2a,p2b\n|-supereffective|p2b: Halibut\n|-crit|p2b: Halibut\n|-damage|p2a: Rillaboom|23\/100\n|-damage|p2b: Halibut|39\/100\n|move|p2b: Halibut|Drain Punch|p1b: Landorus\n|-resisted|p1b: Landorus\n|-damage|p1b: Landorus|18\/100\n|-heal|p2b: Halibut|45\/100|[from] drain|[of] p1b: Landorus\n|\n|-weather|Sandstorm|[upkeep]\n|-damage|p2a: Rillaboom|17\/100|[from] Sandstorm\n|-damage|p2b: Halibut|39\/100|[from] Sandstorm\n|-heal|p2a: Rillaboom|23\/100|[from] Grassy Terrain\n|-heal|p1a: Gholdengo|97\/100|[from] Grassy Terrain\n|-heal|p2b: Halibut|45\/100|[from] Grassy Terrain\n|upkeep\n|turn|4\n|\n|t:|1700133482\n|-terastallize|p1a: Gholdengo|Fairy\n|move|p2a: Rillaboom|Grassy Glide|p1b: Landorus\n|-damage|p1b: Landorus|0 fnt\n|faint|p1b: Landorus\n|move|p1a: Gholdengo|Dazzling Gleam|p2b: Halibut|[spread] p2a,p2b\n|-supereffective|p2b: Halibut\n|-damage|p2a: Rillaboom|0 fnt\n|-damage|p2b: Halibut|0 fnt\n|faint|p2a: Rillaboom\n|faint|p2b: Halibut\n|-end|p2b: Halibut|Quark Drive|[silent]\n|\n|-weather|Sandstorm|[upkeep]\n|-damage|p1a: Gholdengo|91\/100|[from] Sandstorm\n|-heal|p1a: Gholdengo|97\/100|[from] Grassy Terrain\n|upkeep\n|\n|t:|1700133497\n|switch|p2a: Flutter Mane|Flutter Mane, L50|100\/100\n|switch|p1b: Houndstone|Houndstone, L50, M|100\/100\n|switch|p2b: Heatran|Heatran, L50, F|100\/100\n|turn|5\n|\n|t:|1700133545\n|move|p1b: Houndstone|Protect|p1b: Houndstone\n|-singleturn|p1b: Houndstone|Protect\n|move|p2a: Flutter Mane|Dazzling Gleam|p1b: Houndstone|[spread] p1a\n|-activate|p1b: Houndstone|move: Protect\n|-damage|p1a: Gholdengo|50\/100\n|-enditem|p1a: Gholdengo|Sitrus Berry|[eat]\n|-heal|p1a: Gholdengo|75\/100|[from] item: Sitrus Berry\n|move|p2b: Heatran|Flash Cannon|p1a: Gholdengo\n|-supereffective|p1a: Gholdengo\n|-damage|p1a: Gholdengo|6\/100\n|move|p1a: Gholdengo|Shadow Ball|p2a: Flutter Mane\n|-supereffective|p2a: Flutter Mane\n|-damage|p2a: Flutter Mane|0 fnt\n|faint|p2a: Flutter Mane\n|-end|p2a: Flutter Mane|Protosynthesis|[silent]\n|\n|-weather|none\n|-heal|p1a: Gholdengo|12\/100|[from] Grassy Terrain\n|-fieldend|move: Grassy Terrain\n|upkeep\n|turn|6\n|j| magicalarcher57\n|l| magicalarcher57\n|\n|t:|1700133579\n|move|p2b: Heatran|Heat Wave|p1b: Houndstone|[spread] p1a,p1b\n|-damage|p1a: Gholdengo|0 fnt\n|-damage|p1b: Houndstone|60\/100\n|faint|p1a: Gholdengo\n|move|p1b: Houndstone|Howl|p1b: Houndstone\n|-boost|p1b: Houndstone|atk|1\n|\n|upkeep\n|\n|t:|1700133586\n|switch|p1a: Tyranitar|Tyranitar, L50, M, shiny|100\/100\n|-weather|Sandstorm|[from] ability: Sand Stream|[of] p1a: Tyranitar\n|turn|7\n|\n|t:|1700133599\n|-terastallize|p2b: Heatran|Grass\n|move|p1b: Houndstone|Last Respects|p2b: Heatran\n|-damage|p2b: Heatran|0 fnt\n|faint|p2b: Heatran\n|\n|win|Luiz Red\n|n|\u2606Luiz Red|luizred\n|n|\u2606mantaxplayer|mantaxplayer\n|n| Choruto|choruto\n|l|\u2606mantaxplayer\n","uploadtime":1700133938,"views":21,"p1id":"luizred","p2id":"mantaxplayer","formatid":"gen9vgc2023regulatione","rating":0,"private":0,"password":""}