{"id":"gen9vgc2023regulatione-1991337905","p1":"DingusJolt","p2":"girthVGC","format":"[Gen 9] VGC 2023 Regulation E","log":"|j|\u2606DingusJolt\n|j|\u2606girthVGC\n|t:|1700068803\n|gametype|doubles\n|player|p1|DingusJolt|hop-masters|1445\n|player|p2|girthVGC|265|1537\n|teamsize|p1|6\n|teamsize|p2|6\n|gen|9\n|tier|[Gen 9] VGC 2023 Regulation E\n|rated|\n|rule|Species Clause: Limit one of each Pok\u00e9mon\n|rule|Item Clause: Limit one of each item\n|clearpoke\n|poke|p1|Cresselia, L50, F|\n|poke|p1|Ursaluna-Bloodmoon, L50, M|\n|poke|p1|Iron Hands, L50|\n|poke|p1|Ogerpon-Wellspring, L50, F|\n|poke|p1|Torkoal, L50, F|\n|poke|p1|Flutter Mane, L50|\n|poke|p2|Maushold, L50|\n|poke|p2|Annihilape, L50, M|\n|poke|p2|Heatran, L50, M|\n|poke|p2|Rillaboom, L50, F|\n|poke|p2|Regieleki, L50|\n|poke|p2|Ogerpon-Wellspring, L50, F|\n|teampreview|4\n|\n|t:|1700068825\n|start\n|switch|p1a: Cresselia|Cresselia, L50, F|100\/100\n|switch|p1b: Ursaluna|Ursaluna-Bloodmoon, L50, M|100\/100\n|switch|p2a: StuartLittles|Maushold, L50, shiny|100\/100\n|switch|p2b: BABOON|Annihilape, L50, M, shiny|100\/100\n|turn|1\n|inactive|Battle timer is ON: inactive players will automatically lose when time's up. (requested by girthVGC)\n|\n|t:|1700068856\n|move|p1a: Cresselia|Helping Hand|p1b: Ursaluna\n|-singleturn|p1b: Ursaluna|Helping Hand|[of] p1a: Cresselia\n|move|p2a: StuartLittles|Taunt|p1a: Cresselia\n|-start|p1a: Cresselia|move: Taunt\n|-enditem|p1a: Cresselia|Mental Herb\n|-end|p1a: Cresselia|move: Taunt\n|move|p2b: BABOON|Bulk Up|p2b: BABOON\n|-boost|p2b: BABOON|atk|1\n|-boost|p2b: BABOON|def|1\n|move|p1b: Ursaluna|Blood Moon|p2b: BABOON\n|-damage|p2b: BABOON|19\/100\n|-enditem|p2b: BABOON|Sitrus Berry|[eat]\n|-heal|p2b: BABOON|44\/100|[from] item: Sitrus Berry\n|\n|upkeep\n|turn|2\n|inactive|DingusJolt has 30 seconds left.\n|inactive|girthVGC has 30 seconds left.\n|inactive|DingusJolt has 20 seconds left.\n|\n|t:|1700068891\n|move|p2b: BABOON|Protect|p2b: BABOON\n|-singleturn|p2b: BABOON|Protect\n|move|p2a: StuartLittles|Taunt|p1b: Ursaluna\n|-start|p1b: Ursaluna|move: Taunt\n|move|p1b: Ursaluna|Hyper Voice|p2a: StuartLittles|[spread] p2a\n|-activate|p2b: BABOON|move: Protect\n|-crit|p2a: StuartLittles\n|-damage|p2a: StuartLittles|29\/100\n|-enditem|p1b: Ursaluna|Throat Spray\n|-boost|p1b: Ursaluna|spa|1|[from] item: Throat Spray\n|move|p1a: Cresselia|Trick Room|p1a: Cresselia\n|-fieldstart|move: Trick Room|[of] p1a: Cresselia\n|\n|upkeep\n|turn|3\n|j| Playsterco\n|\n|t:|1700068916\n|move|p1a: Cresselia|Helping Hand|p1b: Ursaluna\n|-singleturn|p1b: Ursaluna|Helping Hand|[of] p1a: Cresselia\n|move|p2a: StuartLittles|Follow Me|p2a: StuartLittles\n|-singleturn|p2a: StuartLittles|move: Follow Me\n|move|p1b: Ursaluna|Hyper Voice|p2b: BABOON|[spread] p2a,p2b\n|-damage|p2a: StuartLittles|0 fnt\n|-damage|p2b: BABOON|0 fnt\n|faint|p2a: StuartLittles\n|faint|p2b: BABOON\n|\n|upkeep\n|\n|t:|1700068926\n|switch|p2b: Woodlayer|Rillaboom, L50, F|100\/100\n|switch|p2a: Ogerpon|Ogerpon-Wellspring, L50, F|100\/100\n|-fieldstart|move: Grassy Terrain|[from] ability: Grassy Surge|[of] p2b: Woodlayer\n|turn|4\n|\n|t:|1700068945\n|-terastallize|p1b: Ursaluna|Grass\n|move|p1a: Cresselia|Helping Hand|p1b: Ursaluna\n|-singleturn|p1b: Ursaluna|Helping Hand|[of] p1a: Cresselia\n|move|p2b: Woodlayer|Fake Out|p1b: Ursaluna\n|-damage|p1b: Ursaluna|90\/100\n|cant|p1b: Ursaluna|flinch\n|move|p2a: Ogerpon|Ivy Cudgel|p1b: Ursaluna|[anim] Ivy Cudgel Water\n|-resisted|p1b: Ursaluna\n|-damage|p1b: Ursaluna|70\/100\n|\n|-heal|p1b: Ursaluna|76\/100|[from] Grassy Terrain\n|-end|p1b: Ursaluna|move: Taunt\n|upkeep\n|turn|5\n|l|\u2606girthVGC\n|inactive|girthVGC disconnected and has a minute to reconnect!\n|player|p2|\n|inactive|girthVGC has 30 seconds left.\n|inactive|girthVGC has 20 seconds left.\n|inactive|girthVGC has 15 seconds left.\n|inactive|girthVGC has 10 seconds left.\n|inactive|girthVGC has 5 seconds left.\n|-message|girthVGC lost due to inactivity.\n|\n|win|DingusJolt\n|raw|DingusJolt's rating: 1445 &rarr; <strong>1470<\/strong><br \/>(+25 for winning)\n|raw|girthVGC's rating: 1537 &rarr; <strong>1512<\/strong><br \/>(-25 for losing)\n|l|\u2606DingusJolt\n","uploadtime":1700069510,"views":18,"p1id":"dingusjolt","p2id":"girthvgc","formatid":"gen9vgc2023regulatione","rating":1470,"private":0,"password":""}