{"id":"gen9vgc2023regulatione-1993111847","p1":"keysilver545","p2":"Jop 32 in a row","format":"[Gen 9] VGC 2023 Regulation E","log":"|j|\u2606keysilver545\n|j|\u2606Jop 32 in a row\n|t:|1700266133\n|gametype|doubles\n|player|p1|keysilver545|clerkf|1063\n|player|p2|Jop 32 in a row|lillie|1035\n|teamsize|p1|6\n|teamsize|p2|6\n|gen|9\n|tier|[Gen 9] VGC 2023 Regulation E\n|rated|\n|rule|Species Clause: Limit one of each Pok\u00e9mon\n|rule|Item Clause: Limit one of each item\n|clearpoke\n|poke|p1|Tornadus, L50, M|\n|poke|p1|Arcanine-Hisui, L50, F|\n|poke|p1|Ogerpon-Wellspring, L50, F|\n|poke|p1|Rillaboom, L50, M|\n|poke|p1|Chien-Pao, L50|\n|poke|p1|Flutter Mane, L50|\n|poke|p2|Brute Bonnet, L50|\n|poke|p2|Chi-Yu, L50|\n|poke|p2|Ogerpon-Cornerstone, L50, F|\n|poke|p2|Flutter Mane, L50|\n|poke|p2|Torkoal, L50, F|\n|poke|p2|Chien-Pao, L50|\n|teampreview|4\n|inactive|Battle timer is ON: inactive players will automatically lose when time's up. (requested by keysilver545)\n|\n|t:|1700266183\n|start\n|switch|p1a: Ogerpon|Ogerpon-Wellspring, L50, F|100\/100\n|switch|p1b: Tornadus|Tornadus, L50, M|100\/100\n|switch|p2a: Flutter Mane|Flutter Mane, L50|100\/100\n|switch|p2b: Ogerpon|Ogerpon-Cornerstone, L50, F|100\/100\n|turn|1\n|\n|t:|1700266198\n|move|p1a: Ogerpon|Spiky Shield|p1a: Ogerpon\n|-singleturn|p1a: Ogerpon|move: Protect\n|move|p2b: Ogerpon|Spiky Shield|p2b: Ogerpon\n|-singleturn|p2b: Ogerpon|move: Protect\n|move|p1b: Tornadus|Tailwind|p1b: Tornadus\n|-sidestart|p1: keysilver545|move: Tailwind\n|move|p2a: Flutter Mane|Icy Wind|p1b: Tornadus|[spread] p1b\n|-activate|p1a: Ogerpon|move: Protect\n|-supereffective|p1b: Tornadus\n|-damage|p1b: Tornadus|76\/100\n|\n|upkeep\n|turn|2\n|inactive|keysilver545 has 30 seconds left.\n|inactive|Jop 32 in a row has 30 seconds left.\n|\n|t:|1700266230\n|switch|p2b: Brute Bonnet|Brute Bonnet, L50|100\/100\n|-enditem|p2b: Brute Bonnet|Booster Energy\n|-activate|p2b: Brute Bonnet|ability: Protosynthesis|[fromitem]\n|-start|p2b: Brute Bonnet|protosynthesisdef\n|move|p1a: Ogerpon|Ivy Cudgel|p2a: Flutter Mane|[anim] Ivy Cudgel Water\n|-enditem|p2a: Flutter Mane|Focus Sash\n|-damage|p2a: Flutter Mane|1\/100\n|move|p1b: Tornadus|Bleakwind Storm|p2b: Brute Bonnet|[spread] p2b\n|-miss|p1b: Tornadus|p2a: Flutter Mane\n|-supereffective|p2b: Brute Bonnet\n|-damage|p2b: Brute Bonnet|50\/100\n|-unboost|p2b: Brute Bonnet|spe|1\n|move|p2a: Flutter Mane|Trick Room|p2a: Flutter Mane\n|-fieldstart|move: Trick Room|[of] p2a: Flutter Mane\n|\n|upkeep\n|turn|3\n|inactive|keysilver545 has 30 seconds left.\n|inactive|Jop 32 in a row has 30 seconds left.\n|\n|t:|1700266258\n|switch|p1b: Rillaboom|Rillaboom, L50, M|100\/100\n|-fieldstart|move: Grassy Terrain|[from] ability: Grassy Surge|[of] p1b: Rillaboom\n|move|p2b: Brute Bonnet|Bullet Seed|p1a: Ogerpon\n|-damage|p1a: Ogerpon|82\/100\n|-damage|p1a: Ogerpon|64\/100\n|-damage|p1a: Ogerpon|45\/100\n|-hitcount|p1a: Ogerpon|3\n|move|p2a: Flutter Mane|Moonblast|p1b: Rillaboom\n|-damage|p1b: Rillaboom|62\/100\n|move|p1a: Ogerpon|Ivy Cudgel|p2a: Flutter Mane|[anim] Ivy Cudgel Water\n|-damage|p2a: Flutter Mane|0 fnt\n|faint|p2a: Flutter Mane\n|-end|p2a: Flutter Mane|Protosynthesis|[silent]\n|\n|-heal|p2b: Brute Bonnet|56\/100|[from] Grassy Terrain\n|-heal|p1b: Rillaboom|68\/100|[from] Grassy Terrain\n|-heal|p1a: Ogerpon|51\/100|[from] Grassy Terrain\n|upkeep\n|\n|t:|1700266274\n|switch|p2a: Torkoal|Torkoal, L50, F|100\/100\n|-weather|SunnyDay|[from] ability: Drought|[of] p2a: Torkoal\n|turn|4\n|\n|t:|1700266288\n|move|p2a: Torkoal|Protect|p2a: Torkoal\n|-singleturn|p2a: Torkoal|Protect\n|move|p1b: Rillaboom|Fake Out|p2a: Torkoal\n|-activate|p2a: Torkoal|move: Protect\n|move|p2b: Brute Bonnet|Bullet Seed|p1a: Ogerpon\n|-damage|p1a: Ogerpon|31\/100\n|-damage|p1a: Ogerpon|11\/100\n|-damage|p1a: Ogerpon|0 fnt\n|faint|p1a: Ogerpon\n|-hitcount|p1: Ogerpon|3\n|\n|-weather|SunnyDay|[upkeep]\n|-heal|p2b: Brute Bonnet|62\/100|[from] Grassy Terrain\n|-heal|p1b: Rillaboom|73\/100|[from] Grassy Terrain\n|-sideend|p1: keysilver545|move: Tailwind\n|upkeep\n|\n|t:|1700266299\n|switch|p1a: Arcanine|Arcanine-Hisui, L50, F|100\/100\n|-ability|p1a: Arcanine|Intimidate|boost\n|-unboost|p2a: Torkoal|atk|1\n|-unboost|p2b: Brute Bonnet|atk|1\n|turn|5\n|\n|t:|1700266326\n|move|p1b: Rillaboom|Grassy Glide|p2a: Torkoal\n|-resisted|p2a: Torkoal\n|-damage|p2a: Torkoal|85\/100\n|-damage|p1b: Rillaboom|57\/100|[from] item: Rocky Helmet|[of] p2a: Torkoal\n|move|p2a: Torkoal|Eruption|p1b: Rillaboom|[spread] p1a,p1b\n|-resisted|p1a: Arcanine\n|-supereffective|p1b: Rillaboom\n|-damage|p1a: Arcanine|80\/100\n|-damage|p1b: Rillaboom|0 fnt\n|faint|p1b: Rillaboom\n|move|p2b: Brute Bonnet|Spore|p1a: Arcanine\n|-status|p1a: Arcanine|slp|[from] move: Spore\n|cant|p1a: Arcanine|slp\n|\n|-weather|SunnyDay|[upkeep]\n|-heal|p2a: Torkoal|91\/100|[from] Grassy Terrain\n|-heal|p2b: Brute Bonnet|68\/100|[from] Grassy Terrain\n|-heal|p1a: Arcanine|86\/100 slp|[from] Grassy Terrain\n|upkeep\n|\n|t:|1700266340\n|switch|p1b: Tornadus|Tornadus, L50, M|76\/100\n|turn|6\n|\n|t:|1700266360\n|-end|p2b: Brute Bonnet|Protosynthesis|[silent]\n|switch|p2b: Ogerpon|Ogerpon-Cornerstone, L50, F|100\/100\n|move|p1b: Tornadus|Protect|p1b: Tornadus\n|-singleturn|p1b: Tornadus|Protect\n|move|p2a: Torkoal|Eruption|p1a: Arcanine|[spread] p1a\n|-activate|p1b: Tornadus|move: Protect\n|-resisted|p1a: Arcanine\n|-damage|p1a: Arcanine|65\/100 slp\n|cant|p1a: Arcanine|slp\n|\n|-weather|SunnyDay|[upkeep]\n|-heal|p2a: Torkoal|98\/100|[from] Grassy Terrain\n|-heal|p1a: Arcanine|71\/100 slp|[from] Grassy Terrain\n|-fieldend|move: Trick Room\n|upkeep\n|turn|7\n|inactive|keysilver545 has 30 seconds left.\n|\n|t:|1700266385\n|-terastallize|p2b: Ogerpon|Rock\n|detailschange|p2b: Ogerpon|Ogerpon-Cornerstone-Tera, L50, F, tera:Rock\n|-ability|p2b: Ogerpon|Embody Aspect (Cornerstone)|boost\n|-boost|p2b: Ogerpon|def|1\n|move|p1b: Tornadus|Tailwind|p1b: Tornadus\n|-sidestart|p1: keysilver545|move: Tailwind\n|cant|p1a: Arcanine|slp\n|move|p2b: Ogerpon|Ivy Cudgel|p1b: Tornadus|[anim] Ivy Cudgel Rock\n|-supereffective|p1b: Tornadus\n|-crit|p1b: Tornadus\n|-damage|p1b: Tornadus|0 fnt\n|faint|p1b: Tornadus\n|move|p2a: Torkoal|Earth Power|p1a: Arcanine\n|-supereffective|p1a: Arcanine\n|-damage|p1a: Arcanine|0 fnt\n|faint|p1a: Arcanine\n|\n|win|Jop 32 in a row\n|raw|keysilver545's rating: 1063 &rarr; <strong>1042<\/strong><br \/>(-21 for losing)\n|raw|Jop 32 in a row's rating: 1035 &rarr; <strong>1073<\/strong><br \/>(+38 for winning)\n","uploadtime":1700266401,"views":10,"p1id":"keysilver545","p2id":"jop32inarow","formatid":"gen9vgc2023regulatione","rating":1042,"private":0,"password":""}