{"id":"gen9vgc2023regulatione-1995727740","p1":"herofire81","p2":"GreatestlawyerinNY","format":"[Gen 9] VGC 2023 Regulation E","log":"|j|\u2606herofire81\n|j|\u2606GreatestlawyerinNY\n|t:|1700597579\n|gametype|doubles\n|player|p1|herofire81|170|1446\n|player|p2|GreatestlawyerinNY|169|1489\n|teamsize|p1|6\n|teamsize|p2|6\n|gen|9\n|tier|[Gen 9] VGC 2023 Regulation E\n|rated|\n|rule|Species Clause: Limit one of each Pok\u00e9mon\n|rule|Item Clause: Limit one of each item\n|clearpoke\n|poke|p1|Sinistcha, L50|\n|poke|p1|Ursaluna-Bloodmoon, L50, M|\n|poke|p1|Landorus-Therian, L50, M|\n|poke|p1|Rillaboom, L50, M|\n|poke|p1|Farigiraf, L50, M|\n|poke|p1|Goodra-Hisui, L50, F|\n|poke|p2|Dondozo, L50, F|\n|poke|p2|Tatsugiri, L50, M|\n|poke|p2|Politoed, L50, M|\n|poke|p2|Basculegion, L50, M|\n|poke|p2|Gothitelle, L50, F|\n|poke|p2|Zapdos, L50|\n|teampreview|4\n|\n|t:|1700597616\n|start\n|switch|p1a: Farigiraf|Farigiraf, L50, M|100\/100\n|switch|p1b: Goodra|Goodra-Hisui, L50, F|100\/100\n|switch|p2a: Sgt Terry|Politoed, L50, M|100\/100\n|switch|p2b: Jake Peralta|Zapdos, L50|100\/100\n|-weather|RainDance|[from] ability: Drizzle|[of] p2a: Sgt Terry\n|turn|1\n|\n|t:|1700597637\n|move|p2b: Jake Peralta|Tailwind|p2b: Jake Peralta\n|-sidestart|p2: GreatestlawyerinNY|move: Tailwind\n|move|p2a: Sgt Terry|Hypnosis|p1a: Farigiraf\n|-status|p1a: Farigiraf|slp|[from] move: Hypnosis\n|move|p1b: Goodra|Acid Armor|p1b: Goodra\n|-boost|p1b: Goodra|def|2\n|cant|p1a: Farigiraf|slp\n|\n|-weather|RainDance|[upkeep]\n|upkeep\n|turn|2\n|\n|t:|1700597653\n|move|p2b: Jake Peralta|Thunderbolt|p1a: Farigiraf\n|-damage|p1a: Farigiraf|60\/100 slp\n|move|p2a: Sgt Terry|Hypnosis|p1b: Goodra\n|-status|p1b: Goodra|slp|[from] move: Hypnosis\n|cant|p1b: Goodra|slp\n|cant|p1a: Farigiraf|slp\n|\n|-weather|RainDance|[upkeep]\n|upkeep\n|turn|3\n|\n|t:|1700597670\n|move|p2a: Sgt Terry|Helping Hand|p2b: Jake Peralta\n|-singleturn|p2b: Jake Peralta|Helping Hand|[of] p2a: Sgt Terry\n|move|p2b: Jake Peralta|Hurricane|p1a: Farigiraf\n|-damage|p1a: Farigiraf|0 fnt\n|faint|p1a: Farigiraf\n|-curestatus|p1b: Goodra|slp|[msg]\n|move|p1b: Goodra|Acid Armor|p1b: Goodra\n|-boost|p1b: Goodra|def|2\n|\n|-weather|RainDance|[upkeep]\n|upkeep\n|\n|t:|1700597677\n|switch|p1a: Rillaboom|Rillaboom, L50, M|100\/100\n|-fieldstart|move: Grassy Terrain|[from] ability: Grassy Surge|[of] p1a: Rillaboom\n|turn|4\n|\n|t:|1700597692\n|-terastallize|p1a: Rillaboom|Poison\n|move|p2a: Sgt Terry|Protect|p2a: Sgt Terry\n|-singleturn|p2a: Sgt Terry|Protect\n|move|p1a: Rillaboom|Grassy Glide|p2a: Sgt Terry\n|-activate|p2a: Sgt Terry|move: Protect\n|move|p2b: Jake Peralta|Hurricane|p1a: Rillaboom\n|-damage|p1a: Rillaboom|48\/100\n|-start|p1a: Rillaboom|confusion\n|-enditem|p1a: Rillaboom|Sitrus Berry|[eat]\n|-heal|p1a: Rillaboom|73\/100|[from] item: Sitrus Berry\n|move|p1b: Goodra|Body Press|p2b: Jake Peralta\n|-resisted|p2b: Jake Peralta\n|-damage|p2b: Jake Peralta|72\/100\n|-damage|p1b: Goodra|84\/100|[from] item: Rocky Helmet|[of] p2b: Jake Peralta\n|\n|-weather|RainDance|[upkeep]\n|-heal|p1a: Rillaboom|79\/100|[from] Grassy Terrain\n|-heal|p1b: Goodra|90\/100|[from] Grassy Terrain\n|-heal|p1b: Goodra|96\/100|[from] item: Leftovers\n|-sideend|p2: GreatestlawyerinNY|move: Tailwind\n|upkeep\n|turn|5\n|\n|t:|1700597723\n|-terastallize|p2a: Sgt Terry|Dark\n|move|p2a: Sgt Terry|Helping Hand|p2b: Jake Peralta\n|-singleturn|p2b: Jake Peralta|Helping Hand|[of] p2a: Sgt Terry\n|move|p2b: Jake Peralta|Hurricane|p1a: Rillaboom\n|-damage|p1a: Rillaboom|12\/100\n|-activate|p1a: Rillaboom|confusion\n|-damage|p1a: Rillaboom|0 fnt|[from] confusion\n|faint|p1a: Rillaboom\n|move|p1b: Goodra|Body Press|p2b: Jake Peralta\n|-resisted|p2b: Jake Peralta\n|-damage|p2b: Jake Peralta|44\/100\n|-damage|p1b: Goodra|79\/100|[from] item: Rocky Helmet|[of] p2b: Jake Peralta\n|-status|p1b: Goodra|par|[from] ability: Static|[of] p2b: Jake Peralta\n|\n|-weather|none\n|-heal|p1b: Goodra|85\/100 par|[from] Grassy Terrain\n|-heal|p1b: Goodra|91\/100 par|[from] item: Leftovers\n|upkeep\n|\n|t:|1700597731\n|switch|p1a: Sinistcha|Sinistcha, L50|100\/100\n|-heal|p1b: Goodra|100\/100 par|[from] ability: Hospitality|[of] p1a: Sinistcha\n|turn|6\n|\n|t:|1700597751\n|move|p2b: Jake Peralta|Roost|p2b: Jake Peralta\n|-heal|p2b: Jake Peralta|94\/100\n|-singleturn|p2b: Jake Peralta|move: Roost\n|move|p2a: Sgt Terry|Perish Song|p2a: Sgt Terry\n|-start|p1a: Sinistcha|perish3|[silent]\n|-start|p1b: Goodra|perish3|[silent]\n|-start|p2a: Sgt Terry|perish3|[silent]\n|-start|p2b: Jake Peralta|perish3|[silent]\n|-fieldactivate|move: Perish Song\n|move|p1b: Goodra|Acid Armor|p1b: Goodra\n|-boost|p1b: Goodra|def|2\n|move|p1a: Sinistcha|Trick Room|p1a: Sinistcha\n|-fieldstart|move: Trick Room|[of] p1a: Sinistcha\n|\n|-heal|p2b: Jake Peralta|99\/100|[from] Grassy Terrain\n|-start|p1b: Goodra|perish3\n|-start|p2a: Sgt Terry|perish3\n|-start|p1a: Sinistcha|perish3\n|-start|p2b: Jake Peralta|perish3\n|upkeep\n|turn|7\n|-message|herofire81 forfeited.\n|\n|win|GreatestlawyerinNY\n|raw|herofire81's rating: 1446 &rarr; <strong>1428<\/strong><br \/>(-18 for losing)\n|raw|GreatestlawyerinNY's rating: 1489 &rarr; <strong>1507<\/strong><br \/>(+18 for winning)\n|l|\u2606herofire81\n","uploadtime":1700597928,"views":14,"p1id":"herofire81","p2id":"greatestlawyerinny","formatid":"gen9vgc2023regulatione","rating":1428,"private":0,"password":""}