{"id":"gen9vgc2023regulatione-1992211076","p1":"MrEggPie","p2":"LegacyShowden","format":"[Gen 9] VGC 2023 Regulation E","log":"|j|\u2606MrEggPie\n|j|\u2606LegacyShowden\n|t:|1700164225\n|gametype|doubles\n|player|p1|MrEggPie|102|1274\n|player|p2|LegacyShowden|rosa|1240\n|teamsize|p1|6\n|teamsize|p2|6\n|gen|9\n|tier|[Gen 9] VGC 2023 Regulation E\n|rated|\n|rule|Species Clause: Limit one of each Pok\u00e9mon\n|rule|Item Clause: Limit one of each item\n|clearpoke\n|poke|p1|Indeedee-F, L50, F|\n|poke|p1|Armarouge, L50, M|\n|poke|p1|Sinistcha, L50|\n|poke|p1|Iron Hands, L50|\n|poke|p1|Ninetales-Alola, L50, M|\n|poke|p1|Roaring Moon, L50|\n|poke|p2|Landorus-Therian, L50, M|\n|poke|p2|Samurott-Hisui, L50, M|\n|poke|p2|Ogerpon-Hearthflame, L50, F|\n|poke|p2|Kommo-o, L50, M|\n|poke|p2|Gholdengo, L50|\n|poke|p2|Thundurus, L50, M|\n|teampreview|4\n|inactive|Battle timer is ON: inactive players will automatically lose when time's up. (requested by LegacyShowden)\nMrEggPie has agreed to open team sheets.\n|inactive|MrEggPie has 60 seconds left.\n|inactive|LegacyShowden has 60 seconds left.\n|\n|t:|1700164279\n|start\n|switch|p1a: Ninetales|Ninetales-Alola, L50, M|100\/100\n|switch|p1b: Roaring Moon|Roaring Moon, L50|100\/100\n|switch|p2a: Landorus|Landorus-Therian, L50, M|100\/100\n|switch|p2b: Ogerpon|Ogerpon-Hearthflame, L50, F|100\/100\n|-ability|p2a: Landorus|Intimidate|boost\n|-unboost|p1a: Ninetales|atk|1\n|-unboost|p1b: Roaring Moon|atk|1\n|-ability|p2b: Ogerpon|Mold Breaker\n|-weather|Snow|[from] ability: Snow Warning|[of] p1a: Ninetales\n|-enditem|p1b: Roaring Moon|Booster Energy\n|-activate|p1b: Roaring Moon|ability: Protosynthesis|[fromitem]\n|-start|p1b: Roaring Moon|protosynthesisspe\n|turn|1\n|inactive|MrEggPie has 30 seconds left.\n|\n|t:|1700164304\n|move|p1b: Roaring Moon|Tailwind|p1b: Roaring Moon\n|-sidestart|p1: MrEggPie|move: Tailwind\n|move|p1a: Ninetales|Aurora Veil|p1a: Ninetales\n|-sidestart|p1: MrEggPie|move: Aurora Veil\n|move|p2a: Landorus|Rock Slide|p1a: Ninetales|[spread] p1a,p1b\n|-supereffective|p1a: Ninetales\n|-damage|p1a: Ninetales|78\/100\n|-damage|p1b: Roaring Moon|85\/100\n|move|p2b: Ogerpon|Ivy Cudgel|p1a: Ninetales|[anim] Ivy Cudgel Fire\n|-supereffective|p1a: Ninetales\n|-damage|p1a: Ninetales|19\/100\n|\n|-weather|Snow|[upkeep]\n|upkeep\n|turn|2\n|inactive|MrEggPie has 30 seconds left.\n|inactive|MrEggPie has 20 seconds left.\n|\n|t:|1700164341\n|switch|p2a: Gholdengo|Gholdengo, L50|100\/100\n|move|p1b: Roaring Moon|Acrobatics|p2b: Ogerpon\n|-supereffective|p2b: Ogerpon\n|-damage|p2b: Ogerpon|37\/100\n|move|p1a: Ninetales|Icy Wind|p2b: Ogerpon|[spread] p2a,p2b\n|-resisted|p2a: Gholdengo\n|-damage|p2a: Gholdengo|95\/100\n|-damage|p2b: Ogerpon|23\/100\n|-unboost|p2a: Gholdengo|spe|1\n|-unboost|p2b: Ogerpon|spe|1\n|move|p2b: Ogerpon|Ivy Cudgel|p1a: Ninetales|[anim] Ivy Cudgel Fire\n|-supereffective|p1a: Ninetales\n|-damage|p1a: Ninetales|0 fnt\n|faint|p1a: Ninetales\n|\n|-weather|Snow|[upkeep]\n|upkeep\n|\n|t:|1700164355\n|switch|p1a: Armarouge|Armarouge, L50, M|100\/100\n|turn|3\n|inactive|MrEggPie has 30 seconds left.\n|inactive|LegacyShowden has 30 seconds left.\n|inactive|MrEggPie has 20 seconds left.\n|inactive|MrEggPie has 15 seconds left.\n|inactive|LegacyShowden has 20 seconds left.\n|\n|t:|1700164401\n|-end|p1b: Roaring Moon|Protosynthesis|[silent]\n|switch|p1b: Indeedee|Indeedee-F, L50, F|100\/100\n|-fieldstart|move: Psychic Terrain|[from] ability: Psychic Surge|[of] p1b: Indeedee\n|move|p2b: Ogerpon|Spiky Shield|p2b: Ogerpon\n|-singleturn|p2b: Ogerpon|move: Protect\n|move|p1a: Armarouge|Expanding Force|p2b: Ogerpon|[spread] p2a\n|-activate|p2b: Ogerpon|move: Protect\n|-resisted|p2a: Gholdengo\n|-damage|p2a: Gholdengo|56\/100\n|-damage|p1a: Armarouge|91\/100|[from] item: Life Orb\n|move|p2a: Gholdengo|Shadow Ball|p1a: Armarouge\n|-supereffective|p1a: Armarouge\n|-damage|p1a: Armarouge|2\/100\n|-damage|p2a: Gholdengo|46\/100|[from] item: Life Orb\n|\n|-weather|Snow|[upkeep]\n|upkeep\n|turn|4\n|inactive|MrEggPie has 30 seconds left.\n|inactive|MrEggPie has 20 seconds left.\n|inactive|MrEggPie has 15 seconds left.\n|inactive|LegacyShowden has 30 seconds left.\n|inactive|MrEggPie has 10 seconds left.\n|inactive|LegacyShowden has 20 seconds left.\n|\n|t:|1700164451\n|move|p1b: Indeedee|Helping Hand|p1a: Armarouge\n|-singleturn|p1a: Armarouge|Helping Hand|[of] p1b: Indeedee\n|move|p2a: Gholdengo|Protect|p2a: Gholdengo\n|-singleturn|p2a: Gholdengo|Protect\n|move|p1a: Armarouge|Expanding Force|p2a: Gholdengo|[spread] p2b\n|-activate|p2a: Gholdengo|move: Protect\n|-damage|p2b: Ogerpon|0 fnt\n|faint|p2b: Ogerpon\n|-damage|p1a: Armarouge|0 fnt|[from] item: Life Orb\n|faint|p1a: Armarouge\n|\n|-weather|Snow|[upkeep]\n|-sideend|p1: MrEggPie|move: Tailwind\n|upkeep\n|\n|t:|1700164463\n|switch|p2b: Landorus|Landorus-Therian, L50, M|100\/100\n|switch|p1a: Roaring Moon|Roaring Moon, L50|85\/100\n|-ability|p2b: Landorus|Intimidate|boost\n|-unboost|p1a: Roaring Moon|atk|1\n|-unboost|p1b: Indeedee|atk|1\n|turn|5\n|inactive|MrEggPie has 30 seconds left.\n|\n|t:|1700164494\n|move|p1b: Indeedee|Helping Hand|p1a: Roaring Moon\n|-singleturn|p1a: Roaring Moon|Helping Hand|[of] p1b: Indeedee\n|move|p2b: Landorus|U-turn|p1a: Roaring Moon\n|-supereffective|p1a: Roaring Moon\n|-damage|p1a: Roaring Moon|47\/100\n|\n|t:|1700164499\n|switch|p2b: Samurott|Samurott-Hisui, L50, M|100\/100|[from] U-turn\n|move|p1a: Roaring Moon|Knock Off|p2a: Gholdengo\n|-supereffective|p2a: Gholdengo\n|-damage|p2a: Gholdengo|0 fnt\n|-enditem|p2a: Gholdengo|Life Orb|[from] move: Knock Off|[of] p1a: Roaring Moon\n|faint|p2a: Gholdengo\n|\n|-weather|none\n|upkeep\n|\n|t:|1700164502\n|switch|p2a: Landorus|Landorus-Therian, L50, M|100\/100\n|-ability|p2a: Landorus|Intimidate|boost\n|-unboost|p1a: Roaring Moon|atk|1\n|-unboost|p1b: Indeedee|atk|1\n|turn|6\n|inactive|MrEggPie has 30 seconds left.\n|inactive|LegacyShowden has 30 seconds left.\n|\n|t:|1700164540\n|-terastallize|p1b: Indeedee|Fairy\n|move|p1a: Roaring Moon|Protect|p1a: Roaring Moon\n|-singleturn|p1a: Roaring Moon|Protect\n|move|p2a: Landorus|Rock Slide|p1b: Indeedee|[spread] p1b\n|-activate|p1a: Roaring Moon|move: Protect\n|-damage|p1b: Indeedee|88\/100\n|move|p2b: Samurott|Sacred Sword|p1a: Roaring Moon\n|-activate|p1a: Roaring Moon|move: Protect\n|move|p1b: Indeedee|Dazzling Gleam|p2a: Landorus|[spread] p2a,p2b\n|-supereffective|p2b: Samurott\n|-damage|p2a: Landorus|77\/100\n|-damage|p2b: Samurott|66\/100\n|\n|upkeep\n|turn|7\n|inactive|MrEggPie has 30 seconds left.\n|inactive|MrEggPie has 20 seconds left.\n|inactive|MrEggPie has 15 seconds left.\n|inactive|MrEggPie has 10 seconds left.\n|inactive|MrEggPie has 5 seconds left.\n|\n|t:|1700164594\n|-terastallize|p2b: Samurott|Water\n|move|p1b: Indeedee|Follow Me|p1b: Indeedee\n|-singleturn|p1b: Indeedee|move: Follow Me\n|move|p2a: Landorus|Rock Slide|p1b: Indeedee|[spread] p1a,p1b\n|-crit|p1b: Indeedee\n|-damage|p1a: Roaring Moon|33\/100\n|-damage|p1b: Indeedee|58\/100\n|cant|p1a: Roaring Moon|flinch\n|move|p2b: Samurott|Razor Shell|p1b: Indeedee\n|-damage|p1b: Indeedee|8\/100\n|-damage|p2b: Samurott|50\/100|[from] item: Rocky Helmet|[of] p1b: Indeedee\n|\n|-fieldend|move: Psychic Terrain\n|upkeep\n|turn|8\n|-message|MrEggPie forfeited.\n|\n|win|LegacyShowden\n|raw|MrEggPie's rating: 1274 &rarr; <strong>1247<\/strong><br \/>(-27 for losing)\n|raw|LegacyShowden's rating: 1240 &rarr; <strong>1267<\/strong><br \/>(+27 for winning)\n|l|\u2606MrEggPie\n","uploadtime":1700164615,"views":17,"p1id":"mreggpie","p2id":"legacyshowden","formatid":"gen9vgc2023regulatione","rating":1247,"private":0,"password":""}