{"id":"gen9vgc2023regulatione-1999112532","p1":"bayro31","p2":"Paulsicle","format":"[Gen 9] VGC 2023 Regulation E","log":"|j|\u2606bayro31\n|j|\u2606Paulsicle\n|t:|1701034461\n|gametype|doubles\n|player|p1|bayro31|gambler|1228\n|player|p2|Paulsicle|baker|1202\n|teamsize|p1|6\n|teamsize|p2|6\n|gen|9\n|tier|[Gen 9] VGC 2023 Regulation E\n|rated|\n|rule|Species Clause: Limit one of each Pok\u00e9mon\n|rule|Item Clause: Limit one of each item\n|clearpoke\n|poke|p1|Amoonguss, L50, M|\n|poke|p1|Sylveon, L50, M|\n|poke|p1|Sinistcha-Masterpiece, L50|\n|poke|p1|Volcarona, L50, F|\n|poke|p1|Landorus-Therian, L50, M|\n|poke|p1|Dragapult, L50, F|\n|poke|p2|Gholdengo, L50|\n|poke|p2|Tornadus, L50, M|\n|poke|p2|Urshifu-*, L50, F|\n|poke|p2|Rillaboom, L50, M|\n|poke|p2|Arcanine-Hisui, L50, M|\n|poke|p2|Landorus-Therian, L50, M|\n|teampreview|4\n|inactive|Battle timer is ON: inactive players will automatically lose when time's up. (requested by bayro31)\n|inactive|bayro31 has 60 seconds left.\n|inactive|bayro31 has 30 seconds left.\n|\n|t:|1701034524\n|start\n|switch|p1a: Volcarona|Volcarona, L50, F|100\/100\n|switch|p1b: Amoonguss|Amoonguss, L50, M, shiny|100\/100\n|switch|p2a: Gholdengo|Gholdengo, L50|100\/100\n|switch|p2b: Landorus|Landorus-Therian, L50, M|100\/100\n|-ability|p2b: Landorus|Intimidate|boost\n|-unboost|p1a: Volcarona|atk|1\n|-unboost|p1b: Amoonguss|atk|1\n|turn|1\n|\n|t:|1701034548\n|-terastallize|p2a: Gholdengo|Steel\n|move|p2b: Landorus|Stomping Tantrum|p1b: Amoonguss\n|-damage|p1b: Amoonguss|57\/100\n|-damage|p2b: Landorus|84\/100|[from] item: Rocky Helmet|[of] p1b: Amoonguss\n|move|p1a: Volcarona|Heat Wave|p2a: Gholdengo|[spread] p2a,p2b\n|-supereffective|p2a: Gholdengo\n|-damage|p2a: Gholdengo|0 fnt\n|-damage|p2b: Landorus|29\/100\n|-status|p2b: Landorus|brn\n|faint|p2a: Gholdengo\n|move|p1b: Amoonguss|Spore||[still]\n|-fail|p1b: Amoonguss\n|\n|-damage|p2b: Landorus|23\/100 brn|[from] brn\n|upkeep\n|inactive|Paulsicle has 30 seconds left.\n|\n|t:|1701034581\n|switch|p2a: Arcanine|Arcanine-Hisui, L50, M|100\/100\n|-ability|p2a: Arcanine|Intimidate|boost\n|-unboost|p1a: Volcarona|atk|1\n|-unboost|p1b: Amoonguss|atk|1\n|turn|2\n|\n|t:|1701034603\n|move|p2b: Landorus|Stomping Tantrum|p1b: Amoonguss\n|-damage|p1b: Amoonguss|37\/100\n|-damage|p2b: Landorus|7\/100 brn|[from] item: Rocky Helmet|[of] p1b: Amoonguss\n|move|p1a: Volcarona|Quiver Dance|p1a: Volcarona\n|-boost|p1a: Volcarona|spa|1\n|-boost|p1a: Volcarona|spd|1\n|-boost|p1a: Volcarona|spe|1\n|move|p2a: Arcanine|Flare Blitz|p1b: Amoonguss\n|-supereffective|p1b: Amoonguss\n|-damage|p1b: Amoonguss|0 fnt\n|-damage|p2a: Arcanine|84\/100|[from] item: Rocky Helmet|[of] p1b: Amoonguss\n|faint|p1b: Amoonguss\n|-damage|p2a: Arcanine|71\/100|[from] Recoil\n|\n|-damage|p2b: Landorus|0 fnt|[from] brn\n|faint|p2b: Landorus\n|upkeep\n|\n|t:|1701034620\n|switch|p2b: Tornadus|Tornadus, L50, M|100\/100\n|switch|p1b: Sylveon|Sylveon, L50, M|100\/100\n|turn|3\n|\n|t:|1701034634\n|move|p2b: Tornadus|Tailwind|p2b: Tornadus\n|-sidestart|p2: Paulsicle|move: Tailwind\n|move|p2a: Arcanine|Rock Slide|p1b: Sylveon|[spread] p1a,p1b\n|-supereffective|p1a: Volcarona\n|-enditem|p1a: Volcarona|Focus Sash\n|-damage|p1a: Volcarona|1\/100\n|-damage|p1b: Sylveon|66\/100\n|cant|p1a: Volcarona|flinch\n|cant|p1b: Sylveon|flinch\n|\n|upkeep\n|turn|4\n|\n|t:|1701034658\n|switch|p1b: Sinistcha|Sinistcha-Masterpiece, L50|100\/100\n|-heal|p1a: Volcarona|26\/100|[from] ability: Hospitality|[of] p1b: Sinistcha\n|move|p2b: Tornadus|Bleakwind Storm|p1a: Volcarona|[spread] p1a,p1b\n|-supereffective|p1a: Volcarona\n|-supereffective|p1b: Sinistcha\n|-damage|p1a: Volcarona|0 fnt\n|-damage|p1b: Sinistcha|32\/100\n|-enditem|p1b: Sinistcha|Sitrus Berry|[eat]\n|-heal|p1b: Sinistcha|57\/100|[from] item: Sitrus Berry\n|faint|p1a: Volcarona\n|move|p2a: Arcanine|Rock Slide|p1b: Sinistcha|[miss]\n|-miss|p2a: Arcanine|p1b: Sinistcha\n|\n|upkeep\n|\n|t:|1701034671\n|switch|p1a: Sylveon|Sylveon, L50, M|66\/100\n|turn|5\n|inactive|bayro31 has 30 seconds left.\n|inactive|bayro31 has 20 seconds left.\n|inactive|bayro31 has 15 seconds left.\n|inactive|bayro31 has 10 seconds left.\n|inactive|bayro31 has 5 seconds left.\n|\n|t:|1701034726\n|move|p2b: Tornadus|Bleakwind Storm|p1b: Sinistcha|[spread] p1a\n|-miss|p2b: Tornadus|p1b: Sinistcha\n|-damage|p1a: Sylveon|45\/100\n|move|p2a: Arcanine|Flare Blitz|p1a: Sylveon\n|-damage|p1a: Sylveon|0 fnt\n|faint|p1a: Sylveon\n|-damage|p2a: Arcanine|55\/100|[from] Recoil\n|move|p1b: Sinistcha|Matcha Gotcha|p2a: Arcanine|[spread] p2a,p2b\n|-resisted|p2b: Tornadus\n|-damage|p2a: Arcanine|16\/100\n|-heal|p1b: Sinistcha|76\/100|[from] drain|[of] p2a: Arcanine\n|-damage|p2b: Tornadus|84\/100\n|-heal|p1b: Sinistcha|85\/100|[from] drain|[of] p2b: Tornadus\n|-status|p2b: Tornadus|brn\n|-enditem|p2a: Arcanine|Sitrus Berry|[eat]\n|-heal|p2a: Arcanine|41\/100|[from] item: Sitrus Berry\n|\n|-damage|p2b: Tornadus|78\/100 brn|[from] brn\n|upkeep\n|turn|6\n|inactive|bayro31 has 30 seconds left.\n|\n|t:|1701034755\n|-terastallize|p1b: Sinistcha|Water\n|move|p2b: Tornadus|Bleakwind Storm|p1b: Sinistcha|[miss]\n|-miss|p2b: Tornadus|p1b: Sinistcha\n|move|p2a: Arcanine|Flare Blitz|p1b: Sinistcha\n|-resisted|p1b: Sinistcha\n|-damage|p1b: Sinistcha|56\/100\n|-damage|p2a: Arcanine|31\/100|[from] Recoil\n|move|p1b: Sinistcha|Matcha Gotcha|p2b: Tornadus|[spread] p2a\n|-miss|p1b: Sinistcha|p2b: Tornadus\n|-crit|p2a: Arcanine\n|-damage|p2a: Arcanine|0 fnt\n|-heal|p1b: Sinistcha|72\/100|[from] drain|[of] p2a: Arcanine\n|faint|p2a: Arcanine\n|\n|-damage|p2b: Tornadus|72\/100 brn|[from] brn\n|-sideend|p2: Paulsicle|move: Tailwind\n|upkeep\n|turn|7\n|inactive|bayro31 has 30 seconds left.\n|\n|t:|1701034780\n|move|p2b: Tornadus|Bleakwind Storm|p1b: Sinistcha\n|-damage|p1b: Sinistcha|25\/100\n|move|p1b: Sinistcha|Shadow Ball|p2b: Tornadus\n|-damage|p2b: Tornadus|25\/100 brn\n|\n|-damage|p2b: Tornadus|19\/100 brn|[from] brn\n|upkeep\n|turn|8\n|\n|t:|1701034795\n|move|p2b: Tornadus|Bleakwind Storm|p1b: Sinistcha|[miss]\n|-miss|p2b: Tornadus|p1b: Sinistcha\n|move|p1b: Sinistcha|Shadow Ball|p2b: Tornadus\n|-damage|p2b: Tornadus|0 fnt\n|faint|p2b: Tornadus\n|\n|win|bayro31\n|raw|bayro31's rating: 1228 &rarr; <strong>1251<\/strong><br \/>(+23 for winning)\n|raw|Paulsicle's rating: 1202 &rarr; <strong>1179<\/strong><br \/>(-23 for losing)\n","uploadtime":1701034804,"views":11,"p1id":"bayro31","p2id":"paulsicle","formatid":"gen9vgc2023regulatione","rating":1179,"private":0,"password":""}