{"id":"gen9vgc2023regulatione-1989993793","p1":"MigraineMan","p2":"LukeMT","format":"[Gen 9] VGC 2023 Regulation E","log":"|j|\u2606MigraineMan\n|j|\u2606LukeMT\n|t:|1699913467\n|gametype|doubles\n|player|p1|MigraineMan|266|1396\n|player|p2|LukeMT|170|1459\n|teamsize|p1|6\n|teamsize|p2|6\n|gen|9\n|tier|[Gen 9] VGC 2023 Regulation E\n|rated|\n|rule|Species Clause: Limit one of each Pok\u00e9mon\n|rule|Item Clause: Limit one of each item\n|clearpoke\n|poke|p1|Slowking, L50, M|\n|poke|p1|Sinistcha-Masterpiece, L50|\n|poke|p1|Landorus-Therian, L50, M|\n|poke|p1|Grimmsnarl, L50, M|\n|poke|p1|Rillaboom, L50, F|\n|poke|p1|Heatran, L50, M|\n|poke|p2|Heatran, L50, F|\n|poke|p2|Chien-Pao, L50|\n|poke|p2|Dragonite, L50, F|\n|poke|p2|Farigiraf, L50, M|\n|poke|p2|Rillaboom, L50, F|\n|poke|p2|Urshifu-*, L50, M|\n|teampreview|4\nLukeMT has agreed to open team sheets.\n|\n|t:|1699913500\n|start\n|switch|p1a: Grimmsnarl|Grimmsnarl, L50, M|100\/100\n|switch|p1b: Heatran|Heatran, L50, M|100\/100\n|switch|p2a: Chien-Pao|Chien-Pao, L50|100\/100\n|switch|p2b: Urshifu|Urshifu-Rapid-Strike, L50, M|100\/100\n|-ability|p2a: Chien-Pao|Sword of Ruin\n|turn|1\n|\n|t:|1699913520\n|-terastallize|p1b: Heatran|Grass\n|move|p1a: Grimmsnarl|Reflect|p1a: Grimmsnarl\n|-sidestart|p1: MigraineMan|Reflect\n|move|p2b: Urshifu|Surging Strikes|p1b: Heatran\n|-resisted|p1b: Heatran\n|-crit|p1b: Heatran\n|-damage|p1b: Heatran|90\/100\n|-resisted|p1b: Heatran\n|-crit|p1b: Heatran\n|-damage|p1b: Heatran|81\/100\n|-resisted|p1b: Heatran\n|-crit|p1b: Heatran\n|-damage|p1b: Heatran|71\/100\n|-hitcount|p1b: Heatran|3\n|move|p2a: Chien-Pao|Icicle Crash|p1a: Grimmsnarl\n|-damage|p1a: Grimmsnarl|65\/100\n|move|p1b: Heatran|Will-O-Wisp|p2a: Chien-Pao\n|-status|p2a: Chien-Pao|brn\n|\n|-damage|p2a: Chien-Pao|95\/100 brn|[from] brn\n|upkeep\n|turn|2\n|\n|t:|1699913540\n|move|p1a: Grimmsnarl|Parting Shot|p2b: Urshifu\n|-unboost|p2b: Urshifu|atk|1\n|-unboost|p2b: Urshifu|spa|1\n|\n|t:|1699913543\n|switch|p1a: Sinistcha|Sinistcha-Masterpiece, L50|100\/100|[from] Parting Shot\n|-heal|p1b: Heatran|95\/100|[from] ability: Hospitality|[of] p1a: Sinistcha\n|move|p2b: Urshifu|Surging Strikes|p1b: Heatran\n|-resisted|p1b: Heatran\n|-crit|p1b: Heatran\n|-damage|p1b: Heatran|85\/100\n|-resisted|p1b: Heatran\n|-crit|p1b: Heatran\n|-damage|p1b: Heatran|76\/100\n|-resisted|p1b: Heatran\n|-crit|p1b: Heatran\n|-damage|p1b: Heatran|67\/100\n|-hitcount|p1b: Heatran|3\n|move|p2a: Chien-Pao|Icicle Crash|p1b: Heatran\n|-supereffective|p1b: Heatran\n|-damage|p1b: Heatran|41\/100\n|move|p1b: Heatran|Will-O-Wisp|p2b: Urshifu\n|-status|p2b: Urshifu|brn\n|\n|-damage|p2b: Urshifu|95\/100 brn|[from] brn\n|-damage|p2a: Chien-Pao|89\/100 brn|[from] brn\n|upkeep\n|turn|3\n|\n|t:|1699913567\n|switch|p2b: Dragonite|Dragonite, L50, F|100\/100\n|switch|p1b: Grimmsnarl|Grimmsnarl, L50, M|65\/100\n|move|p2a: Chien-Pao|Icicle Crash|p1b: Grimmsnarl\n|-damage|p1b: Grimmsnarl|47\/100\n|move|p1a: Sinistcha|Trick Room|p1a: Sinistcha\n|-fieldstart|move: Trick Room|[of] p1a: Sinistcha\n|\n|-damage|p2a: Chien-Pao|83\/100 brn|[from] brn\n|upkeep\n|turn|4\n|\n|t:|1699913618\n|switch|p1a: Heatran|Heatran, L50, M, tera:Grass|41\/100\n|-terastallize|p2b: Dragonite|Normal\n|move|p1b: Grimmsnarl|Parting Shot|p2b: Dragonite\n|-unboost|p2b: Dragonite|atk|1\n|-unboost|p2b: Dragonite|spa|1\n|\n|t:|1699913625\n|switch|p1b: BEBI|Slowking, L50, M, shiny|100\/100|[from] Parting Shot\n|move|p2b: Dragonite|Aerial Ace|p1b: BEBI\n|-damage|p1b: BEBI|67\/100\n|move|p2a: Chien-Pao|Icicle Crash|p1b: BEBI\n|-resisted|p1b: BEBI\n|-damage|p1b: BEBI|56\/100\n|\n|-heal|p1b: BEBI|62\/100|[from] item: Leftovers\n|-damage|p2a: Chien-Pao|77\/100 brn|[from] brn\n|upkeep\n|turn|5\n|\n|t:|1699913649\n|switch|p2a: Rillaboom|Rillaboom, L50, F|100\/100\n|-fieldstart|move: Grassy Terrain|[from] ability: Grassy Surge|[of] p2a: Rillaboom\n|move|p1b: BEBI|Iron Defense|p1b: BEBI\n|-boost|p1b: BEBI|def|2\n|move|p2b: Dragonite|Aerial Ace|p1a: Heatran\n|-supereffective|p1a: Heatran\n|-damage|p1a: Heatran|10\/100\n|move|p1a: Heatran|Will-O-Wisp|p2b: Dragonite\n|-status|p2b: Dragonite|brn\n|\n|-heal|p1b: BEBI|68\/100|[from] Grassy Terrain\n|-heal|p1b: BEBI|74\/100|[from] item: Leftovers\n|-heal|p1a: Heatran|16\/100|[from] Grassy Terrain\n|-damage|p2b: Dragonite|94\/100 brn|[from] brn\n|upkeep\n|turn|6\n|\n|t:|1699913672\n|switch|p1a: Sinistcha|Sinistcha-Masterpiece, L50|100\/100\n|-heal|p1b: BEBI|99\/100|[from] ability: Hospitality|[of] p1a: Sinistcha\n|move|p1b: BEBI|Iron Defense|p1b: BEBI\n|-boost|p1b: BEBI|def|2\n|move|p2a: Rillaboom|Wood Hammer|p1b: BEBI\n|-supereffective|p1b: BEBI\n|-damage|p1b: BEBI|51\/100\n|-damage|p2a: Rillaboom|84\/100|[from] Recoil\n|move|p2b: Dragonite|Aerial Ace|p1a: Sinistcha\n|-supereffective|p1a: Sinistcha\n|-damage|p1a: Sinistcha|82\/100\n|-damage|p2b: Dragonite|78\/100 brn|[from] item: Rocky Helmet|[of] p1a: Sinistcha\n|\n|-heal|p1b: BEBI|57\/100|[from] Grassy Terrain\n|-heal|p1b: BEBI|63\/100|[from] item: Leftovers\n|-heal|p1a: Sinistcha|88\/100|[from] Grassy Terrain\n|-heal|p2a: Rillaboom|90\/100|[from] Grassy Terrain\n|-heal|p2b: Dragonite|84\/100 brn|[from] Grassy Terrain\n|-damage|p2b: Dragonite|78\/100 brn|[from] brn\n|upkeep\n|turn|7\n|\n|t:|1699913694\n|move|p1b: BEBI|Iron Defense|p1b: BEBI\n|-boost|p1b: BEBI|def|2\n|move|p1a: Sinistcha|Strength Sap|p2a: Rillaboom\n|-unboost|p2a: Rillaboom|atk|1\n|-heal|p1a: Sinistcha|100\/100\n|move|p2a: Rillaboom|Wood Hammer|p1b: BEBI\n|-supereffective|p1b: BEBI\n|-damage|p1b: BEBI|39\/100\n|-damage|p2a: Rillaboom|82\/100|[from] Recoil\n|move|p2b: Dragonite|Aerial Ace|p1b: BEBI\n|-damage|p1b: BEBI|36\/100\n|\n|-heal|p1b: BEBI|42\/100|[from] Grassy Terrain\n|-heal|p1b: BEBI|48\/100|[from] item: Leftovers\n|-heal|p2a: Rillaboom|88\/100|[from] Grassy Terrain\n|-heal|p2b: Dragonite|84\/100 brn|[from] Grassy Terrain\n|-damage|p2b: Dragonite|78\/100 brn|[from] brn\n|-fieldend|move: Trick Room\n|upkeep\n|turn|8\n|\n|t:|1699913712\n|switch|p1a: Grimmsnarl|Grimmsnarl, L50, M|47\/100\n|move|p2b: Dragonite|Aerial Ace|p1b: BEBI\n|-damage|p1b: BEBI|45\/100\n|move|p2a: Rillaboom|Wood Hammer|p1b: BEBI\n|-supereffective|p1b: BEBI\n|-damage|p1b: BEBI|21\/100\n|-damage|p2a: Rillaboom|80\/100|[from] Recoil\n|move|p1b: BEBI|Calm Mind|p1b: BEBI\n|-boost|p1b: BEBI|spa|1\n|-boost|p1b: BEBI|spd|1\n|\n|-heal|p2b: Dragonite|84\/100 brn|[from] Grassy Terrain\n|-heal|p2a: Rillaboom|86\/100|[from] Grassy Terrain\n|-heal|p1a: Grimmsnarl|53\/100|[from] Grassy Terrain\n|-heal|p1b: BEBI|27\/100|[from] Grassy Terrain\n|-heal|p1b: BEBI|33\/100|[from] item: Leftovers\n|-damage|p2b: Dragonite|78\/100 brn|[from] brn\n|-sideend|p1: MigraineMan|Reflect\n|upkeep\n|turn|9\n|\n|t:|1699913733\n|switch|p2b: Urshifu|Urshifu-Rapid-Strike, L50, M|95\/100 brn\n|move|p1a: Grimmsnarl|Parting Shot|p2a: Rillaboom\n|-unboost|p2a: Rillaboom|atk|1\n|-unboost|p2a: Rillaboom|spa|1\n|\n|t:|1699913737\n|switch|p1a: Sinistcha|Sinistcha-Masterpiece, L50|100\/100|[from] Parting Shot\n|-heal|p1b: BEBI|57\/100|[from] ability: Hospitality|[of] p1a: Sinistcha\n|move|p2a: Rillaboom|Wood Hammer|p1b: BEBI\n|-supereffective|p1b: BEBI\n|-damage|p1b: BEBI|31\/100\n|-damage|p2a: Rillaboom|77\/100|[from] Recoil\n|move|p1b: BEBI|Stored Power|p2a: Rillaboom\n|-damage|p2a: Rillaboom|0 fnt\n|faint|p2a: Rillaboom\n|\n|-heal|p2b: Urshifu|100\/100 brn|[from] Grassy Terrain\n|-heal|p1b: BEBI|37\/100|[from] Grassy Terrain\n|-heal|p1b: BEBI|43\/100|[from] item: Leftovers\n|-damage|p2b: Urshifu|95\/100 brn|[from] brn\n|-fieldend|move: Grassy Terrain\n|upkeep\n|-message|LukeMT forfeited.\n|\n|win|MigraineMan\n|raw|MigraineMan's rating: 1396 &rarr; <strong>1420<\/strong><br \/>(+24 for winning)\n|raw|LukeMT's rating: 1459 &rarr; <strong>1435<\/strong><br \/>(-24 for losing)\n|l|\u2606LukeMT\n|c|\u2606MigraineMan|Funny right\n","uploadtime":1699913777,"views":21,"p1id":"migraineman","p2id":"lukemt","formatid":"gen9vgc2023regulatione","rating":1420,"private":0,"password":""}