{"id":"gen9vgc2023regulatione-1999794429","p1":"Tom10261","p2":"Zemigas2004","format":"[Gen 9] VGC 2023 Regulation E","log":"|j|\u2606Tom10261\n|j|\u2606Zemigas2004\n|t:|1701117316\n|gametype|doubles\n|player|p1|Tom10261|101|1222\n|player|p2|Zemigas2004|ethan|1201\n|teamsize|p1|6\n|teamsize|p2|6\n|gen|9\n|tier|[Gen 9] VGC 2023 Regulation E\n|rated|\n|rule|Species Clause: Limit one of each Pok\u00e9mon\n|rule|Item Clause: Limit one of each item\n|clearpoke\n|poke|p1|Chien-Pao, L50|\n|poke|p1|Arcanine, L50, F|\n|poke|p1|Iron Hands, L50|\n|poke|p1|Iron Bundle, L50|\n|poke|p1|Farigiraf, L50, M|\n|poke|p1|Sinistcha, L50|\n|poke|p2|Thundurus, L50, M|\n|poke|p2|Amoonguss, L50, F|\n|poke|p2|Enamorus, L50, F|\n|poke|p2|Garchomp, L50, F|\n|poke|p2|Chien-Pao, L50|\n|poke|p2|Gholdengo, L50|\n|teampreview|4\n|inactive|Battle timer is ON: inactive players will automatically lose when time's up. (requested by Zemigas2004)\n|inactive|Tom10261 has 60 seconds left.\n|inactive|Zemigas2004 has 60 seconds left.\n|inactive|Zemigas2004 has 30 seconds left.\n|inactive|Zemigas2004 has 20 seconds left.\n|inactive|Zemigas2004 has 15 seconds left.\n|\n|t:|1701117392\n|start\n|switch|p1a: Arcanine|Arcanine, L50, F|100\/100\n|switch|p1b: Chien-Pao|Chien-Pao, L50|100\/100\n|switch|p2a: Garchomp|Garchomp, L50, F|100\/100\n|switch|p2b: Chien-Pao|Chien-Pao, L50|100\/100\n|-ability|p2b: Chien-Pao|Sword of Ruin\n|-ability|p1b: Chien-Pao|Sword of Ruin\n|-ability|p1a: Arcanine|Intimidate|boost\n|-fail|p2a: Garchomp|unboost|[from] item: Clear Amulet|[of] p2a: Garchomp\n|-unboost|p2b: Chien-Pao|atk|1\n|turn|1\n|\n|t:|1701117412\n|move|p2b: Chien-Pao|Protect|p2b: Chien-Pao\n|-singleturn|p2b: Chien-Pao|Protect\n|move|p2a: Garchomp|Protect|p2a: Garchomp\n|-singleturn|p2a: Garchomp|Protect\n|move|p1b: Chien-Pao|Ice Spinner|p2a: Garchomp\n|-activate|p2a: Garchomp|move: Protect\n|move|p1a: Arcanine|Will-O-Wisp|p2b: Chien-Pao\n|-activate|p2b: Chien-Pao|move: Protect\n|\n|upkeep\n|turn|2\n|inactive|Tom10261 has 30 seconds left.\n|inactive|Zemigas2004 has 30 seconds left.\n|inactive|Tom10261 has 20 seconds left.\n|inactive|Zemigas2004 has 20 seconds left.\n|inactive|Tom10261 has 15 seconds left.\n|inactive|Zemigas2004 has 15 seconds left.\n|\n|t:|1701117457\n|switch|p2b: Amoonguss|Amoonguss, L50, F|100\/100\n|-terastallize|p2a: Garchomp|Steel\n|move|p1b: Chien-Pao|Ice Spinner|p2a: Garchomp\n|-resisted|p2a: Garchomp\n|-damage|p2a: Garchomp|77\/100\n|-damage|p1b: Chien-Pao|88\/100|[from] ability: Rough Skin|[of] p2a: Garchomp\n|move|p2a: Garchomp|Earthquake|p1a: Arcanine|[spread] p2b,p1a,p1b\n|-supereffective|p1a: Arcanine\n|-damage|p2b: Amoonguss|58\/100\n|-damage|p1a: Arcanine|0 fnt\n|-damage|p1b: Chien-Pao|33\/100\n|faint|p1a: Arcanine\n|\n|upkeep\n|\n|t:|1701117469\n|switch|p1a: Sinistcha|Sinistcha, L50|100\/100\n|-heal|p1b: Chien-Pao|58\/100|[from] ability: Hospitality|[of] p1a: Sinistcha\n|turn|3\n|inactive|Zemigas2004 has 30 seconds left.\n|\n|t:|1701117501\n|switch|p2b: Gholdengo|Gholdengo, L50|100\/100\n|move|p1b: Chien-Pao|Protect|p1b: Chien-Pao\n|-singleturn|p1b: Chien-Pao|Protect\n|move|p2a: Garchomp|Protect|p2a: Garchomp\n|-singleturn|p2a: Garchomp|Protect\n|move|p1a: Sinistcha|Matcha Gotcha|p2b: Gholdengo|[spread] \n|-activate|p2a: Garchomp|move: Protect\n|-miss|p1a: Sinistcha|p2b: Gholdengo\n|\n|upkeep\n|turn|4\n|inactive|Zemigas2004 has 30 seconds left.\n|\n|t:|1701117527\n|move|p1b: Chien-Pao|Lash Out|p2b: Gholdengo\n|-supereffective|p2b: Gholdengo\n|-damage|p2b: Gholdengo|0 fnt\n|faint|p2b: Gholdengo\n|move|p2a: Garchomp|Swords Dance|p2a: Garchomp\n|-boost|p2a: Garchomp|atk|2\n|move|p1a: Sinistcha|Shadow Ball|p2a: Garchomp\n|-damage|p2a: Garchomp|44\/100\n|\n|upkeep\n|\n|t:|1701117536\n|switch|p2b: Amoonguss|Amoonguss, L50, F|91\/100\n|turn|5\n|\n|t:|1701117555\n|move|p1b: Chien-Pao|Lash Out|p2a: Garchomp\n|-damage|p2a: Garchomp|0 fnt\n|-damage|p1b: Chien-Pao|46\/100|[from] ability: Rough Skin|[of] p2a: Garchomp\n|faint|p2a: Garchomp\n|move|p1a: Sinistcha|Shadow Ball|p2b: Amoonguss\n|-damage|p2b: Amoonguss|61\/100\n|move|p2b: Amoonguss|Spore|p1b: Chien-Pao\n|-status|p1b: Chien-Pao|slp|[from] move: Spore\n|\n|upkeep\n|\n|t:|1701117564\n|switch|p2a: Chien-Pao|Chien-Pao, L50|100\/100\n|-ability|p2a: Chien-Pao|Sword of Ruin\n|turn|6\n|\n|t:|1701117585\n|-terastallize|p1a: Sinistcha|Fire\n|move|p2a: Chien-Pao|Icicle Crash|p1a: Sinistcha\n|-resisted|p1a: Sinistcha\n|-damage|p1a: Sinistcha|79\/100\n|cant|p1b: Chien-Pao|slp\n|move|p1a: Sinistcha|Stun Spore|p2a: Chien-Pao\n|-status|p2a: Chien-Pao|par\n|move|p2b: Amoonguss|Pollen Puff|p2a: Chien-Pao\n|-immune|p2a: Chien-Pao\n|\n|upkeep\n|turn|7\n|\n|t:|1701117605\n|move|p2b: Amoonguss|Rage Powder|p2b: Amoonguss\n|-singleturn|p2b: Amoonguss|move: Rage Powder\n|-curestatus|p1b: Chien-Pao|slp|[msg]\n|move|p1b: Chien-Pao|Ice Spinner|p2b: Amoonguss\n|-supereffective|p2b: Amoonguss\n|-damage|p2b: Amoonguss|0 fnt\n|-damage|p1b: Chien-Pao|30\/100|[from] item: Rocky Helmet|[of] p2b: Amoonguss\n|faint|p2b: Amoonguss\n|move|p2a: Chien-Pao|Sacred Sword|p1b: Chien-Pao\n|-supereffective|p1b: Chien-Pao\n|-damage|p1b: Chien-Pao|0 fnt\n|faint|p1b: Chien-Pao\n|move|p1a: Sinistcha|Shadow Ball|p2a: Chien-Pao\n|-resisted|p2a: Chien-Pao\n|-damage|p2a: Chien-Pao|74\/100 par\n|\n|upkeep\n|\n|t:|1701117618\n|switch|p1b: Iron Hands|Iron Hands, L50|100\/100\n|turn|8\n|\n|t:|1701117628\n|move|p2a: Chien-Pao|Protect|p2a: Chien-Pao\n|-singleturn|p2a: Chien-Pao|Protect\n|move|p1b: Iron Hands|Fake Out|p2a: Chien-Pao\n|-activate|p2a: Chien-Pao|move: Protect\n|move|p1a: Sinistcha|Matcha Gotcha|p2a: Chien-Pao\n|-activate|p2a: Chien-Pao|move: Protect\n|\n|upkeep\n|turn|9\n|\n|t:|1701117638\n|cant|p2a: Chien-Pao|par\n|move|p1a: Sinistcha|Matcha Gotcha|p2a: Chien-Pao\n|-damage|p2a: Chien-Pao|16\/100 par\n|-heal|p1a: Sinistcha|100\/100|[from] drain|[of] p2a: Chien-Pao\n|move|p1b: Iron Hands|Drain Punch|p2a: Chien-Pao\n|-supereffective|p2a: Chien-Pao\n|-damage|p2a: Chien-Pao|0 fnt\n|faint|p2a: Chien-Pao\n|\n|win|Tom10261\n|raw|Tom10261's rating: 1222 &rarr; <strong>1245<\/strong><br \/>(+23 for winning)\n|raw|Zemigas2004's rating: 1201 &rarr; <strong>1178<\/strong><br \/>(-23 for losing)\n","uploadtime":1701117644,"views":2,"p1id":"tom10261","p2id":"zemigas2004","formatid":"gen9vgc2023regulatione","rating":1178,"private":0,"password":""}