{"id":"gen9vgc2023regulatione-1996838812","p1":"KilnFirelinkAlt","p2":"BarneysGumball","format":"[Gen 9] VGC 2023 Regulation E","log":"|j|\u2606KilnFirelinkAlt\n|j|\u2606BarneysGumball\n|t:|1700733477\n|gametype|doubles\n|player|p1|KilnFirelinkAlt|iris-gen5bw2|1026\n|player|p2|BarneysGumball|hoopster|1092\n|teamsize|p1|6\n|teamsize|p2|6\n|gen|9\n|tier|[Gen 9] VGC 2023 Regulation E\n|rated|\n|rule|Species Clause: Limit one of each Pok\u00e9mon\n|rule|Item Clause: Limit one of each item\n|clearpoke\n|poke|p1|Gengar, L50, F|\n|poke|p1|Gyarados, L50, F|\n|poke|p1|Snorlax, L50, F|\n|poke|p1|Scizor, L50, M|\n|poke|p1|Golem, L50, M|\n|poke|p1|Gardevoir, L50, M|\n|poke|p2|Milotic, L50, F|\n|poke|p2|Ogerpon-Wellspring, L50, F|\n|poke|p2|Salamence, L50, M|\n|poke|p2|Iron Hands, L50|\n|poke|p2|Sinistcha, L50|\n|poke|p2|Rillaboom, L50, F|\n|teampreview|4\n|inactive|Battle timer is ON: inactive players will automatically lose when time's up. (requested by BarneysGumball)\nKilnFirelinkAlt rejected open team sheets.\n|inactive|BarneysGumball has 60 seconds left.\n|\n|t:|1700733530\n|start\n|switch|p1a: Gengar|Gengar, L50, F|100\/100\n|switch|p1b: Snorlax|Snorlax, L50, F|100\/100\n|switch|p2a: Milotic|Milotic, L50, F|100\/100\n|switch|p2b: Ogerpon|Ogerpon-Wellspring, L50, F|100\/100\n|turn|1\n|\n|t:|1700733552\n|move|p2b: Ogerpon|Swords Dance|p2b: Ogerpon\n|-boost|p2b: Ogerpon|atk|2\n|move|p1a: Gengar|Sludge Bomb|p2b: Ogerpon\n|-supereffective|p2b: Ogerpon\n|-damage|p2b: Ogerpon|8\/100\n|-status|p2b: Ogerpon|psn\n|move|p1b: Snorlax|Yawn|p2a: Milotic\n|-start|p2a: Milotic|move: Yawn|[of] p1b: Snorlax\n|move|p2a: Milotic|Dragon Tail|p1b: Snorlax\n|-damage|p1b: Snorlax|95\/100\n|drag|p1b: Scizor|Scizor, L50, M|100\/100\n|\n|-damage|p2b: Ogerpon|0 fnt|[from] psn\n|faint|p2b: Ogerpon\n|upkeep\n|\n|t:|1700733565\n|switch|p2b: Salamence|Salamence, L50, M|100\/100\n|-ability|p2b: Salamence|Intimidate|boost\n|-unboost|p1a: Gengar|atk|1\n|-unboost|p1b: Scizor|atk|1\n|turn|2\n|inactive|BarneysGumball has 30 seconds left.\n|\n|t:|1700733600\n|move|p1b: Scizor|Bullet Punch|p2b: Salamence\n|-damage|p2b: Salamence|74\/100\n|move|p2b: Salamence|Dual Wingbeat|p1b: Scizor\n|-damage|p1b: Scizor|80\/100\n|-damage|p1b: Scizor|62\/100\n|-hitcount|p1b: Scizor|2\n|move|p1a: Gengar|Thunderbolt|p2b: Salamence\n|-damage|p2b: Salamence|36\/100\n|-enditem|p2b: Salamence|Sitrus Berry|[eat]\n|-heal|p2b: Salamence|61\/100|[from] item: Sitrus Berry\n|move|p2a: Milotic|Scald|p1b: Scizor\n|-damage|p1b: Scizor|37\/100\n|\n|-end|p2a: Milotic|move: Yawn|[silent]\n|-status|p2a: Milotic|slp\n|upkeep\n|turn|3\n|inactive|KilnFirelinkAlt has 30 seconds left.\n|inactive|BarneysGumball has 30 seconds left.\n|\n|t:|1700733632\n|move|p1b: Scizor|Bullet Punch|p2b: Salamence\n|-damage|p2b: Salamence|31\/100\n|move|p2b: Salamence|Dual Wingbeat|p1b: Scizor\n|-damage|p1b: Scizor|15\/100\n|-damage|p1b: Scizor|0 fnt\n|faint|p1b: Scizor\n|-hitcount|p1: Scizor|2\n|move|p1a: Gengar|Sludge Bomb|p2b: Salamence\n|-crit|p2b: Salamence\n|-damage|p2b: Salamence|0 fnt\n|faint|p2b: Salamence\n|cant|p2a: Milotic|slp\n|\n|upkeep\n|\n|t:|1700733646\n|switch|p2b: Iron Hands|Iron Hands, L50|100\/100\n|switch|p1b: Golem|Golem, L50, M|100\/100\n|turn|4\n|inactive|BarneysGumball has 30 seconds left.\n|\n|t:|1700733678\n|move|p1a: Gengar|Shadow Ball|p2b: Iron Hands\n|-damage|p2b: Iron Hands|67\/100\n|-unboost|p2b: Iron Hands|spd|1\n|cant|p2a: Milotic|slp\n|move|p2b: Iron Hands|Thunder Punch|p1a: Gengar\n|-damage|p1a: Gengar|31\/100\n|move|p1b: Golem|Rock Slide|p2b: Iron Hands|[spread] p2a,p2b\n|-resisted|p2b: Iron Hands\n|-damage|p2a: Milotic|60\/100 slp\n|-damage|p2b: Iron Hands|51\/100\n|\n|-heal|p1a: Gengar|37\/100|[from] item: Black Sludge\n|-heal|p2a: Milotic|66\/100 slp|[from] item: Leftovers\n|upkeep\n|turn|5\n|l|\u2606BarneysGumball\n|inactive|BarneysGumball disconnected and has a minute to reconnect!\n|player|p2|\n|\n|t:|1700733701\n|move|p1a: Gengar|Shadow Ball|p2b: Iron Hands\n|-damage|p2b: Iron Hands|0 fnt\n|faint|p2b: Iron Hands\n|-end|p2b: Iron Hands|Quark Drive|[silent]\n|-curestatus|p2a: Milotic|slp|[msg]\n|move|p2a: Milotic|Surf|p1a: Gengar|[spread] p1a,p1b\n|-supereffective|p1b: Golem\n|-damage|p1a: Gengar|0 fnt\n|-ability|p1b: Golem|Sturdy\n|-damage|p1b: Golem|1\/100\n|faint|p1a: Gengar\n|move|p1b: Golem|Rock Slide|p2a: Milotic\n|-damage|p2a: Milotic|14\/100\n|\n|-heal|p2a: Milotic|20\/100|[from] item: Leftovers\n|upkeep\n|j|\u2606BarneysGumball\n|inactive|BarneysGumball reconnected.\n|player|p2|BarneysGumball|hoopster\n|inactiveoff|Battle timer is now OFF.\n|\n|t:|1700733715\n|switch|p1a: Snorlax|Snorlax, L50, F|95\/100\n|turn|6\n|\n|t:|1700733724\n|move|p2a: Milotic|Protect|p2a: Milotic\n|-singleturn|p2a: Milotic|Protect\n|move|p1b: Golem|Rock Slide|p2a: Milotic\n|-activate|p2a: Milotic|move: Protect\n|move|p1a: Snorlax|Yawn|p2a: Milotic\n|-activate|p2a: Milotic|move: Protect\n|\n|-heal|p2a: Milotic|26\/100|[from] item: Leftovers\n|-heal|p1a: Snorlax|100\/100|[from] item: Leftovers\n|upkeep\n|turn|7\n|-message|BarneysGumball forfeited.\n|\n|win|KilnFirelinkAlt\n|raw|KilnFirelinkAlt's rating: 1026 &rarr; <strong>1069<\/strong><br \/>(+43 for winning)\n|raw|BarneysGumball's rating: 1092 &rarr; <strong>1064<\/strong><br \/>(-28 for losing)\n|l|\u2606BarneysGumball\n","uploadtime":1700733750,"views":13,"p1id":"kilnfirelinkalt","p2id":"barneysgumball","formatid":"gen9vgc2023regulatione","rating":1064,"private":0,"password":""}