{"id":"gen9vgc2023regulatione-1995990305","p1":"clockworkmango","p2":"HeffNastyy","format":"[Gen 9] VGC 2023 Regulation E","log":"|j|\u2606clockworkmango\n|j|\u2606HeffNastyy\n|t:|1700626125\n|gametype|doubles\n|player|p1|clockworkmango|juggler|1464\n|player|p2|HeffNastyy|lance|1430\n|teamsize|p1|6\n|teamsize|p2|6\n|gen|9\n|tier|[Gen 9] VGC 2023 Regulation E\n|rated|\n|rule|Species Clause: Limit one of each Pok\u00e9mon\n|rule|Item Clause: Limit one of each item\n|clearpoke\n|poke|p1|Ursaluna, L50, M|\n|poke|p1|Roaring Moon, L50|\n|poke|p1|Armarouge, L50, F|\n|poke|p1|Torkoal, L50, M|\n|poke|p1|Indeedee-F, L50, F|\n|poke|p1|Bronzong, L50|\n|poke|p2|Tornadus, L50, M|\n|poke|p2|Arcanine-Hisui, L50, M|\n|poke|p2|Gholdengo, L50|\n|poke|p2|Urshifu-*, L50, M|\n|poke|p2|Rillaboom, L50, M|\n|poke|p2|Zapdos, L50|\n|teampreview|4\n|inactive|Battle timer is ON: inactive players will automatically lose when time's up. (requested by HeffNastyy)\nHeffNastyy has agreed to open team sheets.\n|inactive|HeffNastyy has 60 seconds left.\n|\n|t:|1700626220\n|start\n|switch|p1a: Roaring Moon|Roaring Moon, L50|100\/100\n|switch|p1b: Armarouge|Armarouge, L50, F|100\/100\n|switch|p2a: Arcanine|Arcanine-Hisui, L50, M|100\/100\n|switch|p2b: Gholdengo|Gholdengo, L50|100\/100\n|-ability|p2a: Arcanine|Intimidate|boost\n|-unboost|p1a: Roaring Moon|atk|1\n|-unboost|p1b: Armarouge|atk|1\n|-enditem|p1a: Roaring Moon|Booster Energy\n|-activate|p1a: Roaring Moon|ability: Protosynthesis|[fromitem]\n|-start|p1a: Roaring Moon|protosynthesisspe\n|turn|1\n|inactive|clockworkmango has 30 seconds left.\n|inactive|HeffNastyy has 30 seconds left.\n|\n|t:|1700626253\n|-terastallize|p2b: Gholdengo|Dragon\n|move|p1b: Armarouge|Endure|p1b: Armarouge\n|-singleturn|p1b: Armarouge|move: Endure\n|move|p1a: Roaring Moon|Earthquake|p2a: Arcanine|[spread] p1b,p2a,p2b\n|-supereffective|p1b: Armarouge\n|-supereffective|p2a: Arcanine\n|-damage|p1b: Armarouge|60\/100\n|-damage|p2a: Arcanine|20\/100\n|-damage|p2b: Gholdengo|82\/100\n|-ability|p1b: Armarouge|Weak Armor|boost\n|-unboost|p1b: Armarouge|def|1\n|-boost|p1b: Armarouge|spe|2\n|-enditem|p1b: Armarouge|Weakness Policy\n|-boost|p1b: Armarouge|atk|2|[from] item: Weakness Policy\n|-boost|p1b: Armarouge|spa|2|[from] item: Weakness Policy\n|move|p2b: Gholdengo|Shadow Ball|p1b: Armarouge\n|-supereffective|p1b: Armarouge\n|-activate|p1b: Armarouge|move: Endure\n|-damage|p1b: Armarouge|1\/100\n|-damage|p2b: Gholdengo|72\/100|[from] item: Life Orb\n|move|p2a: Arcanine|Rock Slide|p1a: Roaring Moon|[spread] p1a,p1b\n|-supereffective|p1b: Armarouge\n|-damage|p1a: Roaring Moon|41\/100\n|-activate|p1b: Armarouge|move: Endure\n|-damage|p1b: Armarouge|1\/100\n|-ability|p1b: Armarouge|Weak Armor|boost\n|-unboost|p1b: Armarouge|def|1\n|-boost|p1b: Armarouge|spe|2\n|\n|upkeep\n|turn|2\n|inactive|clockworkmango has 30 seconds left.\n|inactive|HeffNastyy has 30 seconds left.\n|inactive|clockworkmango has 20 seconds left.\n|inactive|HeffNastyy has 20 seconds left.\n|inactive|clockworkmango has 15 seconds left.\n|inactive|clockworkmango has 10 seconds left.\n|inactive|clockworkmango has 5 seconds left.\n|inactive|HeffNastyy has 15 seconds left.\n|inactive|HeffNastyy has 10 seconds left.\n|\n|t:|1700626314\n|-end|p1a: Roaring Moon|Protosynthesis|[silent]\n|switch|p1a: Indeedee|Indeedee-F, L50, F|100\/100\n|-fieldstart|move: Psychic Terrain|[from] ability: Psychic Surge|[of] p1a: Indeedee\n|switch|p2a: Urshifu|Urshifu-Rapid-Strike, L50, M|100\/100\n|-terastallize|p1b: Armarouge|Psychic\n|move|p2b: Gholdengo|Protect|p2b: Gholdengo\n|-singleturn|p2b: Gholdengo|Protect\n|move|p1b: Armarouge|Expanding Force|p2a: Urshifu|[spread] p2a\n|-activate|p2b: Gholdengo|move: Protect\n|-supereffective|p2a: Urshifu\n|-damage|p2a: Urshifu|0 fnt\n|faint|p2a: Urshifu\n|\n|upkeep\n|\n|t:|1700626330\n|switch|p2a: Rillaboom|Rillaboom, L50, M|100\/100\n|-fieldstart|move: Grassy Terrain|[from] ability: Grassy Surge|[of] p2a: Rillaboom\n|turn|3\n|\n|t:|1700626353\n|switch|p1a: Roaring Moon|Roaring Moon, L50|41\/100\n|move|p1b: Armarouge|Endure|p1b: Armarouge\n|-singleturn|p1b: Armarouge|move: Endure\n|move|p2a: Rillaboom|Fake Out|p1b: Armarouge\n|-activate|p1b: Armarouge|move: Endure\n|-damage|p1b: Armarouge|1\/100\n|-ability|p1b: Armarouge|Weak Armor|boost\n|-unboost|p1b: Armarouge|def|1\n|-boost|p1b: Armarouge|spe|2\n|move|p2b: Gholdengo|Nasty Plot|p2b: Gholdengo\n|-boost|p2b: Gholdengo|spa|2\n|\n|-heal|p1b: Armarouge|7\/100|[from] Grassy Terrain\n|-heal|p1a: Roaring Moon|47\/100|[from] Grassy Terrain\n|-heal|p2b: Gholdengo|78\/100|[from] Grassy Terrain\n|upkeep\n|turn|4\n|inactive|clockworkmango has 30 seconds left.\n|inactive|HeffNastyy has 30 seconds left.\n|inactive|HeffNastyy has 20 seconds left.\n|\n|t:|1700626390\n|-end|p1a: Roaring Moon|Protosynthesis|[silent]\n|switch|p1a: Indeedee|Indeedee-F, L50, F|100\/100\n|-fieldstart|move: Psychic Terrain|[from] ability: Psychic Surge|[of] p1a: Indeedee\n|move|p1b: Armarouge|Expanding Force|p2b: Gholdengo|[spread] p2a,p2b\n|-damage|p2a: Rillaboom|0 fnt\n|-damage|p2b: Gholdengo|0 fnt\n|faint|p2a: Rillaboom\n|faint|p2b: Gholdengo\n|\n|upkeep\n|\n|t:|1700626399\n|switch|p2b: Arcanine|Arcanine-Hisui, L50, M|20\/100\n|-ability|p2b: Arcanine|Intimidate|boost\n|-unboost|p1a: Indeedee|atk|1\n|-unboost|p1b: Armarouge|atk|1\n|turn|5\n|-message|HeffNastyy forfeited.\n|\n|win|clockworkmango\n|raw|clockworkmango's rating: 1464 &rarr; <strong>1482<\/strong><br \/>(+18 for winning)\n|raw|HeffNastyy's rating: 1430 &rarr; <strong>1412<\/strong><br \/>(-18 for losing)\n|l|\u2606HeffNastyy\n","uploadtime":1700626408,"views":7,"p1id":"clockworkmango","p2id":"heffnastyy","formatid":"gen9vgc2023regulatione","rating":1412,"private":0,"password":""}