{"id":"gen9vgc2023regulatione-1994636216","p1":"Granby","p2":"NachoTheCheese","format":"[Gen 9] VGC 2023 Regulation E","log":"|j|\u2606Granby\n|j|\u2606NachoTheCheese\n|t:|1700473260\n|gametype|doubles\n|player|p1|Granby|101|1201\n|player|p2|NachoTheCheese|hilbert|1257\n|teamsize|p1|6\n|teamsize|p2|6\n|gen|9\n|tier|[Gen 9] VGC 2023 Regulation E\n|rated|\n|rule|Species Clause: Limit one of each Pok\u00e9mon\n|rule|Item Clause: Limit one of each item\n|clearpoke\n|poke|p1|Cresselia, L50, F|\n|poke|p1|Indeedee-F, L50, F|\n|poke|p1|Ursaluna, L50, F|\n|poke|p1|Sinistcha, L50|\n|poke|p1|Armarouge, L50, M|\n|poke|p1|Torkoal, L50, M|\n|poke|p2|Armarouge, L50, M|\n|poke|p2|Iron Bundle, L50|\n|poke|p2|Indeedee-F, L50, F|\n|poke|p2|Arcanine, L50, M|\n|poke|p2|Ogerpon, L50, F|\n|poke|p2|Urshifu-*, L50, F|\n|teampreview|4\n|\n|t:|1700473292\n|start\n|switch|p1a: Indeedee|Indeedee-F, L50, F|100\/100\n|switch|p1b: Armarouge|Armarouge, L50, M|100\/100\n|switch|p2a: Armarouge|Armarouge, L50, M|100\/100\n|switch|p2b: Iron Bundle|Iron Bundle, L50|100\/100\n|-fieldstart|move: Psychic Terrain|[from] ability: Psychic Surge|[of] p1a: Indeedee\n|-enditem|p1a: Indeedee|Psychic Seed\n|-boost|p1a: Indeedee|spd|1|[from] item: Psychic Seed\n|-enditem|p2b: Iron Bundle|Booster Energy\n|-activate|p2b: Iron Bundle|ability: Quark Drive|[fromitem]\n|-start|p2b: Iron Bundle|quarkdrivespe\n|turn|1\n|\n|t:|1700473336\n|move|p1b: Armarouge|Protect|p1b: Armarouge\n|-singleturn|p1b: Armarouge|Protect\n|move|p2b: Iron Bundle|Ice Spinner|p1a: Indeedee\n|-damage|p1a: Indeedee|80\/100\n|-fieldend|move: Psychic Terrain\n|move|p2a: Armarouge|Shadow Ball|p1b: Armarouge\n|-activate|p1b: Armarouge|move: Protect\n|move|p1a: Indeedee|Trick Room|p1a: Indeedee\n|-fieldstart|move: Trick Room|[of] p1a: Indeedee\n|\n|upkeep\n|turn|2\n|\n|t:|1700473366\n|move|p1b: Armarouge|Expanding Force|p2a: Armarouge\n|-resisted|p2a: Armarouge\n|-damage|p2a: Armarouge|68\/100\n|-damage|p1b: Armarouge|91\/100|[from] item: Life Orb\n|move|p1a: Indeedee|Dazzling Gleam|p2b: Iron Bundle|[spread] p2a,p2b\n|-resisted|p2a: Armarouge\n|-damage|p2a: Armarouge|61\/100\n|-damage|p2b: Iron Bundle|71\/100\n|move|p2b: Iron Bundle|Flip Turn|p1b: Armarouge\n|-supereffective|p1b: Armarouge\n|-damage|p1b: Armarouge|61\/100\n|\n|t:|1700473383\n|-end|p2b: Iron Bundle|Quark Drive|[silent]\n|switch|p2b: Urshifu|Urshifu-Rapid-Strike, L50, F|100\/100|[from] Flip Turn\n|move|p2a: Armarouge|Trick Room|p2a: Armarouge\n|-fieldend|move: Trick Room\n|\n|upkeep\n|turn|3\n|\n|t:|1700473397\n|move|p1a: Indeedee|Follow Me|p1a: Indeedee\n|-singleturn|p1a: Indeedee|move: Follow Me\n|move|p2b: Urshifu|Surging Strikes|p1a: Indeedee\n|-crit|p1a: Indeedee\n|-damage|p1a: Indeedee|56\/100\n|-crit|p1a: Indeedee\n|-damage|p1a: Indeedee|30\/100\n|-crit|p1a: Indeedee\n|-damage|p1a: Indeedee|6\/100\n|-hitcount|p1a: Indeedee|3\n|move|p2a: Armarouge|Heat Wave|p1a: Indeedee|[spread] p1a\n|-start|p1b: Armarouge|ability: Flash Fire\n|-damage|p1a: Indeedee|0 fnt\n|faint|p1a: Indeedee\n|move|p1b: Armarouge|Trick Room|p1b: Armarouge\n|-fieldstart|move: Trick Room|[of] p1b: Armarouge\n|\n|upkeep\n|\n|t:|1700473419\n|switch|p1a: Ursaluna|Ursaluna, L50, F|100\/100\n|turn|4\n|\n|t:|1700473448\n|move|p1a: Ursaluna|Protect|p1a: Ursaluna\n|-singleturn|p1a: Ursaluna|Protect\n|move|p2b: Urshifu|Protect|p2b: Urshifu\n|-singleturn|p2b: Urshifu|Protect\n|move|p1b: Armarouge|Expanding Force|p2b: Urshifu\n|-activate|p2b: Urshifu|move: Protect\n|move|p2a: Armarouge|Trick Room|p2a: Armarouge\n|-fieldend|move: Trick Room\n|\n|-status|p1a: Ursaluna|brn|[from] item: Flame Orb\n|upkeep\n|turn|5\n|\n|t:|1700473475\n|switch|p1a: Torkoal|Torkoal, L50, M|100\/100\n|-weather|SunnyDay|[from] ability: Drought|[of] p1a: Torkoal\n|move|p2b: Urshifu|Surging Strikes|p1a: Torkoal\n|-supereffective|p1a: Torkoal\n|-crit|p1a: Torkoal\n|-damage|p1a: Torkoal|84\/100\n|-supereffective|p1a: Torkoal\n|-crit|p1a: Torkoal\n|-damage|p1a: Torkoal|67\/100\n|-supereffective|p1a: Torkoal\n|-crit|p1a: Torkoal\n|-damage|p1a: Torkoal|49\/100\n|-hitcount|p1a: Torkoal|3\n|move|p2a: Armarouge|Shadow Ball|p1b: Armarouge\n|-supereffective|p1b: Armarouge\n|-damage|p1b: Armarouge|0 fnt\n|faint|p1b: Armarouge\n|\n|-weather|SunnyDay|[upkeep]\n|upkeep\n|\n|t:|1700473493\n|switch|p1b: Ursaluna|Ursaluna, L50, F|100\/100 brn\n|turn|6\n|\n|t:|1700473515\n|-terastallize|p1a: Torkoal|Fire\n|move|p2b: Urshifu|Surging Strikes|p1a: Torkoal\n|-supereffective|p1a: Torkoal\n|-crit|p1a: Torkoal\n|-damage|p1a: Torkoal|30\/100\n|-supereffective|p1a: Torkoal\n|-crit|p1a: Torkoal\n|-damage|p1a: Torkoal|12\/100\n|-supereffective|p1a: Torkoal\n|-crit|p1a: Torkoal\n|-damage|p1a: Torkoal|0 fnt\n|faint|p1a: Torkoal\n|-hitcount|p1: Torkoal|3\n|move|p2a: Armarouge|Expanding Force|p1b: Ursaluna\n|-damage|p1b: Ursaluna|63\/100 brn\n|move|p1b: Ursaluna|Headlong Rush|p2a: Armarouge\n|-supereffective|p2a: Armarouge\n|-damage|p2a: Armarouge|0 fnt\n|-unboost|p1b: Ursaluna|def|1\n|-unboost|p1b: Ursaluna|spd|1\n|faint|p2a: Armarouge\n|\n|-weather|SunnyDay|[upkeep]\n|-damage|p1b: Ursaluna|57\/100 brn|[from] brn\n|upkeep\n|\n|t:|1700473534\n|switch|p2a: Iron Bundle|Iron Bundle, L50|71\/100\n|turn|7\n|\n|t:|1700473546\n|move|p2a: Iron Bundle|Hydro Pump|p1b: Ursaluna\n|-supereffective|p1b: Ursaluna\n|-damage|p1b: Ursaluna|0 fnt\n|faint|p1b: Ursaluna\n|\n|win|NachoTheCheese\n|raw|Granby's rating: 1201 &rarr; <strong>1180<\/strong><br \/>(-21 for losing)\n|raw|NachoTheCheese's rating: 1257 &rarr; <strong>1278<\/strong><br \/>(+21 for winning)\n","uploadtime":1700473558,"views":13,"p1id":"granby","p2id":"nachothecheese","formatid":"gen9vgc2023regulatione","rating":1180,"private":0,"password":""}