{"id":"gen9vgc2023regulatione-1994592137","p1":"grwwa","p2":"Pitirihas","format":"[Gen 9] VGC 2023 Regulation E","log":"|j|\u2606grwwa\n|j|\u2606Pitirihas\n|t:|1700465746\n|gametype|doubles\n|player|p1|grwwa|265|1038\n|player|p2|Pitirihas|101|1085\n|teamsize|p1|6\n|teamsize|p2|6\n|gen|9\n|tier|[Gen 9] VGC 2023 Regulation E\n|rated|\n|rule|Species Clause: Limit one of each Pok\u00e9mon\n|rule|Item Clause: Limit one of each item\n|clearpoke\n|poke|p1|Arcanine-Hisui, L50, M|\n|poke|p1|Flutter Mane, L50|\n|poke|p1|Tornadus, L50, M|\n|poke|p1|Ogerpon-Wellspring, L50, F|\n|poke|p1|Chien-Pao, L50|\n|poke|p1|Sinistcha, L50|\n|poke|p2|Ogerpon-Hearthflame, L50, F|\n|poke|p2|Urshifu-*, L50, M|\n|poke|p2|Tornadus, L50, M|\n|poke|p2|Landorus-Therian, L50, M|\n|poke|p2|Flutter Mane, L50|\n|poke|p2|Kingambit, L50, M|\n|teampreview|4\n|inactive|Battle timer is ON: inactive players will automatically lose when time's up. (requested by Pitirihas)\n|\n|t:|1700465796\n|start\n|switch|p1a: Tornadus|Tornadus, L50, M|100\/100\n|switch|p1b: Flutter Mane|Flutter Mane, L50|100\/100\n|switch|p2a: Tornadus|Tornadus, L50, M, shiny|100\/100\n|switch|p2b: Flutter Mane|Flutter Mane, L50, shiny|100\/100\n|-enditem|p1b: Flutter Mane|Booster Energy\n|-activate|p1b: Flutter Mane|ability: Protosynthesis|[fromitem]\n|-start|p1b: Flutter Mane|protosynthesisspe\n|turn|1\n|inactive|Pitirihas has 30 seconds left.\n|inactive|Pitirihas has 20 seconds left.\n|inactive|Pitirihas has 15 seconds left.\n|\n|t:|1700465841\n|-terastallize|p1a: Tornadus|Dark\n|move|p2a: Tornadus|Protect|p2a: Tornadus\n|-singleturn|p2a: Tornadus|Protect\n|move|p1a: Tornadus|Tailwind|p1a: Tornadus\n|-sidestart|p1: grwwa|move: Tailwind\n|move|p1b: Flutter Mane|Icy Wind|p2b: Flutter Mane|[spread] p2b\n|-activate|p2a: Tornadus|move: Protect\n|-damage|p2b: Flutter Mane|86\/100\n|-unboost|p2b: Flutter Mane|spe|1\n|move|p2b: Flutter Mane|Trick Room|p2b: Flutter Mane\n|-fieldstart|move: Trick Room|[of] p2b: Flutter Mane\n|\n|upkeep\n|turn|2\n|\n|t:|1700465863\n|-end|p2b: Flutter Mane|Protosynthesis|[silent]\n|switch|p2b: Kingambit|Kingambit, L50, M, shiny|100\/100\n|move|p1a: Tornadus|Protect|p1a: Tornadus\n|-singleturn|p1a: Tornadus|Protect\n|move|p2a: Tornadus|Bleakwind Storm|p1b: Flutter Mane|[spread] p1b\n|-activate|p1a: Tornadus|move: Protect\n|-damage|p1b: Flutter Mane|67\/100\n|move|p1b: Flutter Mane|Shadow Ball|p2b: Kingambit\n|-resisted|p2b: Kingambit\n|-damage|p2b: Kingambit|80\/100\n|\n|upkeep\n|turn|3\n|\n|t:|1700465886\n|move|p1b: Flutter Mane|Protect|p1b: Flutter Mane\n|-singleturn|p1b: Flutter Mane|Protect\n|move|p1a: Tornadus|Taunt|p2a: Tornadus\n|-start|p2a: Tornadus|move: Taunt\n|move|p2b: Kingambit|Swords Dance|p2b: Kingambit\n|-boost|p2b: Kingambit|atk|2\n|move|p2a: Tornadus|Bleakwind Storm|p1a: Tornadus|[spread] \n|-activate|p1b: Flutter Mane|move: Protect\n|-miss|p2a: Tornadus|p1a: Tornadus\n|\n|upkeep\n|turn|4\n|\n|t:|1700465906\n|-end|p1b: Flutter Mane|Protosynthesis|[silent]\n|switch|p1b: Arcanine|Arcanine-Hisui, L50, M|100\/100\n|-ability|p1b: Arcanine|Intimidate|boost\n|-unboost|p2a: Tornadus|atk|1\n|-unboost|p2b: Kingambit|atk|1\n|-ability|p2b: Kingambit|Defiant|boost\n|-boost|p2b: Kingambit|atk|2\n|move|p2b: Kingambit|Kowtow Cleave|p1a: Tornadus\n|-resisted|p1a: Tornadus\n|-damage|p1a: Tornadus|9\/100\n|move|p2a: Tornadus|Bleakwind Storm|p1a: Tornadus|[spread] p1b\n|-miss|p2a: Tornadus|p1a: Tornadus\n|-resisted|p1b: Arcanine\n|-damage|p1b: Arcanine|80\/100\n|move|p1a: Tornadus|Bleakwind Storm|p2a: Tornadus|[spread] p2a,p2b\n|-resisted|p2b: Kingambit\n|-damage|p2a: Tornadus|66\/100\n|-damage|p2b: Kingambit|66\/100\n|\n|-sideend|p1: grwwa|move: Tailwind\n|upkeep\n|turn|5\n|\n|t:|1700465924\n|move|p2b: Kingambit|Kowtow Cleave|p1b: Arcanine\n|-damage|p1b: Arcanine|0 fnt\n|faint|p1b: Arcanine\n|move|p1a: Tornadus|Bleakwind Storm|p2a: Tornadus|[spread] p2a,p2b\n|-resisted|p2b: Kingambit\n|-damage|p2a: Tornadus|29\/100\n|-damage|p2b: Kingambit|49\/100\n|-enditem|p2a: Tornadus|Sitrus Berry|[eat]\n|-heal|p2a: Tornadus|54\/100|[from] item: Sitrus Berry\n|move|p2a: Tornadus|Bleakwind Storm|p1a: Tornadus|[miss]\n|-miss|p2a: Tornadus|p1a: Tornadus\n|\n|-end|p2a: Tornadus|move: Taunt\n|-fieldend|move: Trick Room\n|upkeep\n|\n|t:|1700465935\n|switch|p1b: Ogerpon|Ogerpon-Wellspring, L50, F|100\/100\n|turn|6\n|\n|t:|1700465953\n|switch|p1b: Flutter Mane|Flutter Mane, L50|67\/100\n|move|p2b: Kingambit|Protect|p2b: Kingambit\n|-singleturn|p2b: Kingambit|Protect\n|move|p2a: Tornadus|Tailwind|p2a: Tornadus\n|-sidestart|p2: Pitirihas|move: Tailwind\n|move|p1a: Tornadus|Bleakwind Storm|p2b: Kingambit|[spread] p2a\n|-activate|p2b: Kingambit|move: Protect\n|-damage|p2a: Tornadus|15\/100\n|\n|upkeep\n|turn|7\n|\n|t:|1700465967\n|move|p2a: Tornadus|Bleakwind Storm|p1a: Tornadus|[spread] p1a,p1b\n|-crit|p1a: Tornadus\n|-damage|p1a: Tornadus|0 fnt\n|-damage|p1b: Flutter Mane|30\/100\n|faint|p1a: Tornadus\n|move|p1b: Flutter Mane|Shadow Ball|p2b: Kingambit\n|-resisted|p2b: Kingambit\n|-damage|p2b: Kingambit|29\/100\n|move|p2b: Kingambit|Kowtow Cleave|p1b: Flutter Mane\n|-damage|p1b: Flutter Mane|0 fnt\n|faint|p1b: Flutter Mane\n|-end|p1b: Flutter Mane|Protosynthesis|[silent]\n|\n|upkeep\n|-message|grwwa forfeited.\n|\n|win|Pitirihas\n|raw|grwwa's rating: 1038 &rarr; <strong>1024<\/strong><br \/>(-14 for losing)\n|raw|Pitirihas's rating: 1085 &rarr; <strong>1109<\/strong><br \/>(+24 for winning)\n|l|\u2606grwwa\n","uploadtime":1700465986,"views":4,"p1id":"grwwa","p2id":"pitirihas","formatid":"gen9vgc2023regulatione","rating":1024,"private":0,"password":""}