{"id":"gen9vgc2023regulatione-1991953896","p1":"MangPotato","p2":"MarkTheShadow","format":"[Gen 9] VGC 2023 Regulation E","log":"|j|\u2606MangPotato\n|j|\u2606MarkTheShadow\n|t:|1700142075\n|gametype|doubles\n|player|p1|MangPotato|1|\n|player|p2|MarkTheShadow|steven|\n|teamsize|p1|6\n|teamsize|p2|6\n|gen|9\n|tier|[Gen 9] VGC 2023 Regulation E\n|rule|Species Clause: Limit one of each Pok\u00e9mon\n|rule|Item Clause: Limit one of each item\n|clearpoke\n|poke|p1|Oinkologne, L50, M|\n|poke|p1|Iron Hands, L50|\n|poke|p1|Arcanine-Hisui, L50, M|\n|poke|p1|Gholdengo, L50|\n|poke|p1|Basculegion, L50, M|\n|poke|p1|Pelipper, L50, F|\n|poke|p2|Dragonite, L50, M|\n|poke|p2|Ursaluna-Bloodmoon, L50, M|\n|poke|p2|Heatran, L50, F|\n|poke|p2|Farigiraf, L50, F|\n|poke|p2|Sinistcha-Masterpiece, L50|\n|poke|p2|Dusclops, L50, F|\n|teampreview|4\n|inactive|Battle timer is ON: inactive players will automatically lose when time's up. (requested by MarkTheShadow)\nMangPotato has agreed to open team sheets.\n|c|\u2606MangPotato|di ko pala na Bo3 lods\n|inactive|MangPotato has 60 seconds left.\n|inactive|MarkTheShadow has 60 seconds left.\n|\n|t:|1700142116\n|start\n|switch|p1a: Iron Hands|Iron Hands, L50|100\/100\n|switch|p1b: Gholdengo|Gholdengo, L50, shiny|100\/100\n|switch|p2a: Dusclops|Dusclops, L50, F|100\/100\n|switch|p2b: Sinistcha|Sinistcha-Masterpiece, L50|100\/100\n|-ability|p2a: Dusclops|Pressure\n|turn|1\n|inactive|MangPotato has 30 seconds left.\n|inactive|MarkTheShadow has 30 seconds left.\n|inactive|MangPotato has 20 seconds left.\n|inactive|MangPotato has 15 seconds left.\n|inactive|MangPotato has 10 seconds left.\n|\n|t:|1700142165\n|-end|p1a: Iron Hands|Quark Drive|[silent]\n|switch|p1a: Pelipper|Pelipper, L50, F|100\/100\n|-weather|RainDance|[from] ability: Drizzle|[of] p1a: Pelipper\n|-terastallize|p2b: Sinistcha|Water\n|move|p1b: Gholdengo|Nasty Plot|p1b: Gholdengo\n|-boost|p1b: Gholdengo|spa|2\n|move|p2a: Dusclops|Will-O-Wisp|p1a: Pelipper\n|-status|p1a: Pelipper|brn\n|move|p2b: Sinistcha|Trick Room|p2b: Sinistcha\n|-fieldstart|move: Trick Room|[of] p2b: Sinistcha\n|\n|-weather|RainDance|[upkeep]\n|-damage|p1a: Pelipper|94\/100 brn|[from] brn\n|upkeep\n|turn|2\n|inactive|MangPotato has 30 seconds left.\n|inactive|MangPotato has 20 seconds left.\n|inactive|MangPotato has 15 seconds left.\n|\n|t:|1700142208\n|move|p2a: Dusclops|Taunt|p1b: Gholdengo\n|-immune|p1b: Gholdengo|[from] ability: Good as Gold\n|move|p2b: Sinistcha|Matcha Gotcha|p1b: Gholdengo|[spread] p1a,p1b\n|-resisted|p1b: Gholdengo\n|-damage|p1a: Pelipper|57\/100 brn\n|-damage|p1b: Gholdengo|87\/100\n|move|p1a: Pelipper|Hurricane|p2b: Sinistcha\n|-damage|p2b: Sinistcha|55\/100\n|move|p1b: Gholdengo|Make It Rain|p2b: Sinistcha|[spread] p2a,p2b\n|-crit|p2a: Dusclops\n|-resisted|p2b: Sinistcha\n|-damage|p2a: Dusclops|29\/100\n|-damage|p2b: Sinistcha|6\/100\n|-unboost|p1b: Gholdengo|spa|1\n|\n|-weather|RainDance|[upkeep]\n|-heal|p1b: Gholdengo|93\/100|[from] item: Leftovers\n|-damage|p1a: Pelipper|50\/100 brn|[from] brn\n|upkeep\n|turn|3\n|inactive|MarkTheShadow has 30 seconds left.\n|inactive|MarkTheShadow has 20 seconds left.\n|inactive|MarkTheShadow has 15 seconds left.\n|\n|t:|1700142248\n|switch|p2a: Heatran|Heatran, L50, F|100\/100\n|move|p1a: Pelipper|Wide Guard|p1a: Pelipper\n|-singleturn|p1a: Pelipper|Wide Guard\n|move|p2b: Sinistcha|Matcha Gotcha|p1a: Pelipper|[spread] \n|-activate|p1a: Pelipper|move: Wide Guard\n|-activate|p1b: Gholdengo|move: Wide Guard\n|move|p1b: Gholdengo|Make It Rain|p2b: Sinistcha|[spread] p2a,p2b\n|-resisted|p2a: Heatran\n|-resisted|p2b: Sinistcha\n|-damage|p2a: Heatran|89\/100\n|-damage|p2b: Sinistcha|0 fnt\n|-unboost|p1b: Gholdengo|spa|1\n|faint|p2b: Sinistcha\n|\n|-weather|RainDance|[upkeep]\n|-heal|p1b: Gholdengo|99\/100|[from] item: Leftovers\n|-damage|p1a: Pelipper|44\/100 brn|[from] brn\n|upkeep\n|inactive|MarkTheShadow has 30 seconds left.\n|\n|t:|1700142274\n|switch|p2b: Ursaluna|Ursaluna-Bloodmoon, L50, M|100\/100\n|turn|4\n|\n|t:|1700142295\n|move|p1a: Pelipper|Protect||[still]\n|-fail|p1a: Pelipper\n|move|p1b: Gholdengo|Protect|p1b: Gholdengo\n|-singleturn|p1b: Gholdengo|Protect\n|move|p2b: Ursaluna|Blood Moon|p1a: Pelipper\n|-damage|p1a: Pelipper|0 fnt\n|faint|p1a: Pelipper\n|move|p2a: Heatran|Earth Power|p1b: Gholdengo\n|-activate|p1b: Gholdengo|move: Protect\n|\n|-weather|RainDance|[upkeep]\n|-heal|p1b: Gholdengo|100\/100|[from] item: Leftovers\n|upkeep\n|\n|t:|1700142309\n|switch|p1a: Basculegion|Basculegion, L50, M|100\/100\n|turn|5\n|inactive|MangPotato has 30 seconds left.\n|\n|t:|1700142339\n|switch|p1b: Iron Hands|Iron Hands, L50|100\/100\n|-terastallize|p1a: Basculegion|Water\n|move|p2b: Ursaluna|Hyper Voice|p1b: Iron Hands|[spread] p1a,p1b\n|-damage|p1a: Basculegion|56\/100\n|-damage|p1b: Iron Hands|79\/100\n|move|p2a: Heatran|Earth Power|p1b: Iron Hands\n|-supereffective|p1b: Iron Hands\n|-damage|p1b: Iron Hands|47\/100\n|move|p1a: Basculegion|Wave Crash|p2a: Heatran\n|-supereffective|p2a: Heatran\n|-damage|p2a: Heatran|0 fnt\n|faint|p2a: Heatran\n|-damage|p1a: Basculegion|29\/100|[from] Recoil\n|-damage|p1a: Basculegion|19\/100|[from] item: Life Orb\n|\n|-weather|none\n|-fieldend|move: Trick Room\n|upkeep\n|\n|t:|1700142358\n|switch|p2a: Dusclops|Dusclops, L50, F|29\/100\n|-ability|p2a: Dusclops|Pressure\n|turn|6\n|\n|t:|1700142378\n|move|p2b: Ursaluna|Protect|p2b: Ursaluna\n|-singleturn|p2b: Ursaluna|Protect\n|move|p1b: Iron Hands|Fake Out|p2b: Ursaluna\n|-activate|p2b: Ursaluna|move: Protect\n|move|p1a: Basculegion|Aqua Jet|p2a: Dusclops\n|-damage|p2a: Dusclops|6\/100\n|-damage|p1a: Basculegion|10\/100|[from] item: Life Orb\n|move|p2a: Dusclops|Will-O-Wisp|p1b: Iron Hands\n|-status|p1b: Iron Hands|brn\n|\n|-damage|p1b: Iron Hands|40\/100 brn|[from] brn\n|upkeep\n|turn|7\n|inactive|MangPotato has 30 seconds left.\n|inactive|MarkTheShadow has 30 seconds left.\n|\n|t:|1700142411\n|-end|p1b: Iron Hands|Quark Drive|[silent]\n|switch|p1b: Gholdengo|Gholdengo, L50, shiny|100\/100\n|move|p1a: Basculegion|Aqua Jet|p2a: Dusclops\n|-damage|p2a: Dusclops|0 fnt\n|faint|p2a: Dusclops\n|-damage|p1a: Basculegion|0 fnt|[from] item: Life Orb\n|faint|p1a: Basculegion\n|move|p2b: Ursaluna|Hyper Voice|p1b: Gholdengo\n|-resisted|p1b: Gholdengo\n|-damage|p1b: Gholdengo|73\/100\n|\n|-heal|p1b: Gholdengo|79\/100|[from] item: Leftovers\n|upkeep\n|\n|t:|1700142423\n|switch|p1a: Iron Hands|Iron Hands, L50|40\/100 brn\n|turn|8\n|\n|t:|1700142434\n|move|p1a: Iron Hands|Fake Out|p2b: Ursaluna\n|-damage|p2b: Ursaluna|94\/100\n|move|p1b: Gholdengo|Nasty Plot|p1b: Gholdengo\n|-boost|p1b: Gholdengo|spa|2\n|cant|p2b: Ursaluna|flinch\n|\n|-heal|p1b: Gholdengo|85\/100|[from] item: Leftovers\n|-damage|p1a: Iron Hands|34\/100 brn|[from] brn\n|upkeep\n|turn|9\n|\n|t:|1700142449\n|move|p1b: Gholdengo|Make It Rain|p2b: Ursaluna\n|-damage|p2b: Ursaluna|0 fnt\n|-unboost|p1b: Gholdengo|spa|1\n|faint|p2b: Ursaluna\n|\n|win|MangPotato\n","uploadtime":1700142459,"views":21,"p1id":"mangpotato","p2id":"marktheshadow","formatid":"gen9vgc2023regulatione","rating":0,"private":0,"password":""}