{"id":"gen9vgc2023regulatione-1997695345","p1":"Mortipherus","p2":"Xhdoysoudoysf","format":"[Gen 9] VGC 2023 Regulation E","log":"|j|\u2606Mortipherus\n|j|\u2606Xhdoysoudoysf\n|t:|1700842722\n|gametype|doubles\n|player|p1|Mortipherus|biker-gen4|1383\n|player|p2|Xhdoysoudoysf|ingo|1353\n|teamsize|p1|6\n|teamsize|p2|6\n|gen|9\n|tier|[Gen 9] VGC 2023 Regulation E\n|rated|\n|rule|Species Clause: Limit one of each Pok\u00e9mon\n|rule|Item Clause: Limit one of each item\n|clearpoke\n|poke|p1|Milotic, L50, M|\n|poke|p1|Iron Hands, L50|\n|poke|p1|Amoonguss, L50, F|\n|poke|p1|Heatran, L50, F|\n|poke|p1|Landorus-Therian, L50, M|\n|poke|p1|Flutter Mane, L50|\n|poke|p2|Chien-Pao, L50|\n|poke|p2|Dragonite, L50, M|\n|poke|p2|Heatran, L50, M|\n|poke|p2|Urshifu-*, L50, M|\n|poke|p2|Rillaboom, L50, M|\n|poke|p2|Farigiraf, L50, M|\n|teampreview|4\n|inactive|Battle timer is ON: inactive players will automatically lose when time's up. (requested by Xhdoysoudoysf)\n|inactive|Mortipherus has 60 seconds left.\n|\n|t:|1700842760\n|start\n|switch|p1a: Heatran|Heatran, L50, F|100\/100\n|switch|p1b: Amoonguss|Amoonguss, L50, F|100\/100\n|switch|p2a: Po|Urshifu-Rapid-Strike, L50, M|100\/100\n|switch|p2b: MONKE|Rillaboom, L50, M|100\/100\n|-fieldstart|move: Grassy Terrain|[from] ability: Grassy Surge|[of] p2b: MONKE\n|turn|1\n|\n|t:|1700842778\n|move|p2b: MONKE|Fake Out|p1b: Amoonguss\n|-damage|p1b: Amoonguss|88\/100\n|-damage|p2b: MONKE|84\/100|[from] item: Rocky Helmet|[of] p1b: Amoonguss\n|cant|p1b: Amoonguss|flinch\n|move|p2a: Po|Surging Strikes|p1a: Heatran\n|-supereffective|p1a: Heatran\n|-crit|p1a: Heatran\n|-damage|p1a: Heatran|68\/100\n|-supereffective|p1a: Heatran\n|-crit|p1a: Heatran\n|-damage|p1a: Heatran|32\/100\n|-supereffective|p1a: Heatran\n|-crit|p1a: Heatran\n|-damage|p1a: Heatran|0 fnt\n|faint|p1a: Heatran\n|-hitcount|p1: Heatran|3\n|\n|-heal|p2b: MONKE|90\/100|[from] Grassy Terrain\n|-heal|p1b: Amoonguss|94\/100|[from] Grassy Terrain\n|upkeep\n|\n|t:|1700842782\n|switch|p1a: Iron Hands|Iron Hands, L50|100\/100\n|turn|2\n|\n|t:|1700842796\n|switch|p2a: Clown|Farigiraf, L50, M, shiny|100\/100\n|move|p2b: MONKE|Wood Hammer|p1b: Amoonguss\n|-resisted|p1b: Amoonguss\n|-damage|p1b: Amoonguss|75\/100\n|-damage|p2b: MONKE|73\/100|[from] item: Rocky Helmet|[of] p1b: Amoonguss\n|-damage|p2b: MONKE|67\/100|[from] Recoil\n|move|p1a: Iron Hands|Ice Punch|p2b: MONKE\n|-supereffective|p2b: MONKE\n|-damage|p2b: MONKE|18\/100\n|move|p1b: Amoonguss|Spore|p2a: Clown\n|-status|p2a: Clown|slp|[from] move: Spore\n|\n|-heal|p2b: MONKE|24\/100|[from] Grassy Terrain\n|-heal|p1b: Amoonguss|81\/100|[from] Grassy Terrain\n|upkeep\n|turn|3\n|inactive|Mortipherus has 30 seconds left.\n|\n|t:|1700842829\n|move|p2b: MONKE|Wood Hammer|p1a: Iron Hands\n|-damage|p1a: Iron Hands|39\/100\n|-damage|p2b: MONKE|0 fnt|[from] Recoil\n|faint|p2b: MONKE\n|cant|p2a: Clown|slp\n|move|p1a: Iron Hands|Ice Punch|p2a: Clown\n|-damage|p2a: Clown|79\/100 slp\n|-damage|p1a: Iron Hands|23\/100|[from] item: Rocky Helmet|[of] p2a: Clown\n|move|p1b: Amoonguss|Pollen Puff|p1a: Iron Hands\n|-heal|p1a: Iron Hands|72\/100\n|\n|-heal|p2a: Clown|85\/100 slp|[from] Grassy Terrain\n|-heal|p1a: Iron Hands|78\/100|[from] Grassy Terrain\n|-heal|p1b: Amoonguss|87\/100|[from] Grassy Terrain\n|upkeep\n|\n|t:|1700842838\n|switch|p2b: OH NO! Ground|Heatran, L50, M|100\/100\n|turn|4\n|\n|t:|1700842860\n|-terastallize|p2b: OH NO! Ground|Fairy\n|move|p1b: Amoonguss|Protect|p1b: Amoonguss\n|-singleturn|p1b: Amoonguss|Protect\n|move|p2b: OH NO! Ground|Tera Blast|p1a: Iron Hands|[anim] Tera Blast Fairy\n|-supereffective|p1a: Iron Hands\n|-damage|p1a: Iron Hands|37\/100\n|-curestatus|p2a: Clown|slp|[msg]\n|move|p2a: Clown|Psychic|p1b: Amoonguss\n|-activate|p1b: Amoonguss|move: Protect\n|move|p1a: Iron Hands|Drain Punch|p2b: OH NO! Ground\n|-resisted|p2b: OH NO! Ground\n|-damage|p2b: OH NO! Ground|82\/100\n|-heal|p1a: Iron Hands|45\/100|[from] drain|[of] p2b: OH NO! Ground\n|\n|-heal|p2b: OH NO! Ground|88\/100|[from] Grassy Terrain\n|-heal|p2a: Clown|91\/100|[from] Grassy Terrain\n|-heal|p1a: Iron Hands|51\/100|[from] Grassy Terrain\n|-heal|p1b: Amoonguss|93\/100|[from] Grassy Terrain\n|upkeep\n|turn|5\n|inactive|Mortipherus has 30 seconds left.\n|\n|t:|1700842890\n|-terastallize|p1a: Iron Hands|Fire\n|move|p2b: OH NO! Ground|Tera Blast|p1a: Iron Hands|[anim] Tera Blast Fairy\n|-resisted|p1a: Iron Hands\n|-damage|p1a: Iron Hands|39\/100\n|move|p2a: Clown|Psychic|p1b: Amoonguss\n|-supereffective|p1b: Amoonguss\n|-damage|p1b: Amoonguss|24\/100\n|move|p1a: Iron Hands|Ice Punch|p2b: OH NO! Ground\n|-crit|p2b: OH NO! Ground\n|-damage|p2b: OH NO! Ground|52\/100\n|move|p1b: Amoonguss|Spore|p2b: OH NO! Ground\n|-status|p2b: OH NO! Ground|slp|[from] move: Spore\n|\n|-heal|p2b: OH NO! Ground|58\/100 slp|[from] Grassy Terrain\n|-heal|p2a: Clown|97\/100|[from] Grassy Terrain\n|-heal|p1a: Iron Hands|44\/100|[from] Grassy Terrain\n|-heal|p1b: Amoonguss|30\/100|[from] Grassy Terrain\n|-fieldend|move: Grassy Terrain\n|upkeep\n|turn|6\n|inactive|Mortipherus has 30 seconds left.\n|\n|t:|1700842918\n|switch|p1b: Landorus|Landorus-Therian, L50, M|100\/100\n|-ability|p1b: Landorus|Intimidate|boost\n|-unboost|p2a: Clown|atk|1\n|-unboost|p2b: OH NO! Ground|atk|1\n|cant|p2b: OH NO! Ground|slp\n|move|p2a: Clown|Psychic|p1b: Landorus\n|-damage|p1b: Landorus|57\/100\n|move|p1a: Iron Hands|Thunder Punch|p2b: OH NO! Ground\n|-damage|p2b: OH NO! Ground|21\/100 slp\n|\n|upkeep\n|turn|7\n|\n|t:|1700842938\n|switch|p2a: Po|Urshifu-Rapid-Strike, L50, M|100\/100\n|move|p1b: Landorus|Stomping Tantrum|p2b: OH NO! Ground\n|-damage|p2b: OH NO! Ground|0 fnt\n|faint|p2b: OH NO! Ground\n|move|p1a: Iron Hands|Thunder Punch|p2a: Po\n|-supereffective|p2a: Po\n|-damage|p2a: Po|17\/100\n|\n|upkeep\n|\n|t:|1700842943\n|switch|p2b: Clown|Farigiraf, L50, M, shiny|97\/100\n|turn|8\n|\n|t:|1700842953\n|switch|p1b: Amoonguss|Amoonguss, L50, F|64\/100\n|move|p2a: Po|Surging Strikes|p1b: Amoonguss\n|-resisted|p1b: Amoonguss\n|-crit|p1b: Amoonguss\n|-damage|p1b: Amoonguss|55\/100\n|-damage|p2a: Po|0 fnt|[from] item: Rocky Helmet|[of] p1b: Amoonguss\n|faint|p2a: Po\n|-hitcount|p1b: Amoonguss|1\n|move|p2b: Clown|Psychic|p1a: Iron Hands\n|-damage|p1a: Iron Hands|24\/100\n|move|p1a: Iron Hands|Thunder Punch|p2b: Clown\n|-damage|p2b: Clown|61\/100\n|-damage|p1a: Iron Hands|8\/100|[from] item: Rocky Helmet|[of] p2b: Clown\n|\n|upkeep\n|turn|9\n|\n|t:|1700842977\n|-end|p1a: Iron Hands|Quark Drive|[silent]\n|switch|p1a: Landorus|Landorus-Therian, L50, M|57\/100\n|-ability|p1a: Landorus|Intimidate|boost\n|-unboost|p2b: Clown|atk|1\n|move|p1b: Amoonguss|Protect|p1b: Amoonguss\n|-singleturn|p1b: Amoonguss|Protect\n|move|p2b: Clown|Psychic|p1b: Amoonguss\n|-activate|p1b: Amoonguss|move: Protect\n|\n|upkeep\n|turn|10\n|\n|t:|1700842994\n|move|p1a: Landorus|Stomping Tantrum|p2b: Clown\n|-damage|p2b: Clown|28\/100\n|-damage|p1a: Landorus|41\/100|[from] item: Rocky Helmet|[of] p2b: Clown\n|move|p2b: Clown|Psychic|p1b: Amoonguss\n|-supereffective|p1b: Amoonguss\n|-damage|p1b: Amoonguss|0 fnt\n|faint|p1b: Amoonguss\n|\n|upkeep\n|\n|t:|1700843002\n|switch|p1b: Iron Hands|Iron Hands, L50, tera:Fire|8\/100\n|turn|11\n|\n|t:|1700843009\n|move|p1a: Landorus|Stomping Tantrum|p2b: Clown\n|-damage|p2b: Clown|0 fnt\n|-damage|p1a: Landorus|24\/100|[from] item: Rocky Helmet|[of] p2b: Clown\n|faint|p2b: Clown\n|\n|win|Mortipherus\n|raw|Mortipherus's rating: 1383 &rarr; <strong>1401<\/strong><br \/>(+18 for winning)\n|raw|Xhdoysoudoysf's rating: 1353 &rarr; <strong>1335<\/strong><br \/>(-18 for losing)\n|l|\u2606Xhdoysoudoysf\n","uploadtime":1700843019,"views":7,"p1id":"mortipherus","p2id":"xhdoysoudoysf","formatid":"gen9vgc2023regulatione","rating":1335,"private":0,"password":""}