{"id":"gen9vgc2023regulatione-2000496505","p1":"Fireboule","p2":"Guakamou","format":"[Gen 9] VGC 2023 Regulation E","log":"|j|\u2606Fireboule\n|j|\u2606Guakamou\n|n|\u2606Fireboule|fireboule\n|n|\u2606Guakamou|guakamou\n|html|View the match progress at <a href=\"\/game-bestof3-gen9vgc2023regulatione-2000493407\">game-bestof3-gen9vgc2023regulatione-2000493407<\/a>\n|t:|1701199709\n|gametype|doubles\n|player|p1|Fireboule|265|\n|player|p2|Guakamou|palmer|\n|teamsize|p1|6\n|teamsize|p2|6\n|gen|9\n|tier|[Gen 9] VGC 2023 Regulation E\n|rule|Species Clause: Limit one of each Pok\u00e9mon\n|rule|Item Clause: Limit one of each item\n|clearpoke\n|poke|p1|Arcanine-Hisui, L50, F|\n|poke|p1|Grimmsnarl, L50, M|\n|poke|p1|Okidogi, L50, M|\n|poke|p1|Gholdengo, L50|\n|poke|p1|Ogerpon-Wellspring, L50, F|\n|poke|p1|Iron Bundle, L50|\n|poke|p2|Heatran, L50, M|\n|poke|p2|Landorus-Therian, L50, M|\n|poke|p2|Iron Hands, L50|\n|poke|p2|Iron Bundle, L50|\n|poke|p2|Rillaboom, L50, F|\n|poke|p2|Ogerpon-Hearthflame, L50, F|\n|teampreview|4\nGuakamou has agreed to open team sheets.\nFireboule has agreed to open team sheets.\n|showteam|p1|Arcanine-Hisui||AssaultVest|Intimidate|ExtremeSpeed,RockSlide,Snarl,FlareBlitz|||F|||50|,,,,,Dragon]Grimmsnarl||LightClay|Prankster|SpiritBreak,ThunderWave,Reflect,LightScreen|||M|||50|,,,,,Ghost]Okidogi||Leftovers|GuardDog|GunkShot,Protect,DrainPunch,BulkUp|||M|||50|,,,,,Fairy]Gholdengo||SitrusBerry|GoodasGold|MakeItRain,Protect,ShadowBall,NastyPlot||||||50|,,,,,Dragon]Ogerpon-Wellspring||WellspringMask|WaterAbsorb|FollowMe,HornLeech,IvyCudgel,SpikyShield|||F|||50|,,,,,Water]Iron Bundle||BoosterEnergy|QuarkDrive|Protect,ChillingWater,IcyWind,FreezeDry||||||50|,,,,,Grass\n|showteam|p2|Heatran||LifeOrb|FlashFire|HeatWave,EarthPower,FlashCannon,Protect|||M|||50|,,,,,Fairy]Landorus-Therian||ChoiceScarf|Intimidate|TeraBlast,Uturn,RockSlide,StompingTantrum|||M|||50|,,,,,Flying]Iron Hands||AssaultVest|QuarkDrive|FakeOut,WildCharge,DrainPunch,HeavySlam||||||50|,,,,,Water]Iron Bundle||BoosterEnergy|QuarkDrive|IcyWind,Encore,FreezeDry,Protect||||||50|,,,,,Ghost]Rillaboom||MiracleSeed|GrassySurge|FakeOut,WoodHammer,Uturn,GrassyGlide|||F|||50|,,,,,Grass]Ogerpon-Hearthflame||HearthflameMask|MoldBreaker|IvyCudgel,GrassyGlide,SwordsDance,SpikyShield|||F|||50|,,,,,Fire\n|\n|t:|1701199741\n|start\n|switch|p1a: \u30aa\u30fc\u30ed\u30f3\u30b2|Grimmsnarl, L50, M, shiny|100\/100\n|switch|p1b: Okidogi|Okidogi, L50, M|100\/100\n|switch|p2a: Ogerpon|Ogerpon-Hearthflame, L50, F|100\/100\n|switch|p2b: Rillaboom|Rillaboom, L50, F|100\/100\n|-ability|p2a: Ogerpon|Mold Breaker\n|-fieldstart|move: Grassy Terrain|[from] ability: Grassy Surge|[of] p2b: Rillaboom\n|turn|1\n|\n|t:|1701199780\n|-terastallize|p1a: \u30aa\u30fc\u30ed\u30f3\u30b2|Ghost\n|move|p2b: Rillaboom|Fake Out|p1b: Okidogi\n|-damage|p1b: Okidogi|88\/100\n|move|p1a: \u30aa\u30fc\u30ed\u30f3\u30b2|Reflect|p1a: \u30aa\u30fc\u30ed\u30f3\u30b2\n|-sidestart|p1: Fireboule|Reflect\n|move|p2a: Ogerpon|Swords Dance|p2a: Ogerpon\n|-boost|p2a: Ogerpon|atk|2\n|cant|p1b: Okidogi|flinch\n|\n|-heal|p1b: Okidogi|94\/100|[from] Grassy Terrain\n|-heal|p1b: Okidogi|99\/100|[from] item: Leftovers\n|upkeep\n|turn|2\n|\n|t:|1701199813\n|-terastallize|p2a: Ogerpon|Fire\n|detailschange|p2a: Ogerpon|Ogerpon-Hearthflame-Tera, L50, F, tera:Fire\n|-ability|p2a: Ogerpon|Embody Aspect (Hearthflame)|boost\n|-boost|p2a: Ogerpon|atk|1\n|move|p1a: \u30aa\u30fc\u30ed\u30f3\u30b2|Thunder Wave|p2a: Ogerpon\n|-status|p2a: Ogerpon|par\n|move|p2b: Rillaboom|U-turn|p1a: \u30aa\u30fc\u30ed\u30f3\u30b2\n|-resisted|p1a: \u30aa\u30fc\u30ed\u30f3\u30b2\n|-damage|p1a: \u30aa\u30fc\u30ed\u30f3\u30b2|93\/100\n|\n|t:|1701199821\n|switch|p2b: Iron Bundle|Iron Bundle, L50|100\/100|[from] U-turn\n|-enditem|p2b: Iron Bundle|Booster Energy\n|-activate|p2b: Iron Bundle|ability: Quark Drive|[fromitem]\n|-start|p2b: Iron Bundle|quarkdrivespe\n|move|p1b: Okidogi|Gunk Shot|p2b: Iron Bundle|[miss]\n|-miss|p1b: Okidogi|p2b: Iron Bundle\n|cant|p2a: Ogerpon|par\n|\n|-heal|p1b: Okidogi|100\/100|[from] Grassy Terrain\n|-heal|p1a: \u30aa\u30fc\u30ed\u30f3\u30b2|99\/100|[from] Grassy Terrain\n|upkeep\n|turn|3\n|\n|t:|1701199870\n|move|p1a: \u30aa\u30fc\u30ed\u30f3\u30b2|Thunder Wave|p2b: Iron Bundle\n|-status|p2b: Iron Bundle|par\n|move|p2b: Iron Bundle|Icy Wind|p1b: Okidogi|[spread] p1a\n|-miss|p2b: Iron Bundle|p1b: Okidogi\n|-damage|p1a: \u30aa\u30fc\u30ed\u30f3\u30b2|80\/100\n|-unboost|p1a: \u30aa\u30fc\u30ed\u30f3\u30b2|spe|1\n|move|p1b: Okidogi|Gunk Shot|p2a: Ogerpon\n|-damage|p2a: Ogerpon|36\/100 par\n|move|p2a: Ogerpon|Ivy Cudgel|p1b: Okidogi|[anim] Ivy Cudgel Fire\n|-damage|p1b: Okidogi|0 fnt\n|faint|p1b: Okidogi\n|\n|-heal|p2a: Ogerpon|42\/100 par|[from] Grassy Terrain\n|-heal|p1a: \u30aa\u30fc\u30ed\u30f3\u30b2|86\/100|[from] Grassy Terrain\n|upkeep\n|\n|t:|1701199889\n|switch|p1b: \u30a6\u30a4\u30f3\u30c7\u30a3|Arcanine-Hisui, L50, F|100\/100\n|-ability|p1b: \u30a6\u30a4\u30f3\u30c7\u30a3|Intimidate|boost\n|-unboost|p2a: Ogerpon|atk|1\n|-unboost|p2b: Iron Bundle|atk|1\n|turn|4\n|\n|t:|1701199917\n|switch|p2a: Iron Hands|Iron Hands, L50|100\/100\n|move|p2b: Iron Bundle|Icy Wind|p1a: \u30aa\u30fc\u30ed\u30f3\u30b2|[spread] p1a,p1b\n|-resisted|p1b: \u30a6\u30a4\u30f3\u30c7\u30a3\n|-damage|p1a: \u30aa\u30fc\u30ed\u30f3\u30b2|71\/100\n|-damage|p1b: \u30a6\u30a4\u30f3\u30c7\u30a3|94\/100\n|-unboost|p1a: \u30aa\u30fc\u30ed\u30f3\u30b2|spe|1\n|-unboost|p1b: \u30a6\u30a4\u30f3\u30c7\u30a3|spe|1\n|move|p1b: \u30a6\u30a4\u30f3\u30c7\u30a3|Rock Slide|p2a: Iron Hands|[spread] p2a,p2b\n|-resisted|p2a: Iron Hands\n|-supereffective|p2b: Iron Bundle\n|-damage|p2a: Iron Hands|91\/100\n|-damage|p2b: Iron Bundle|49\/100 par\n|move|p1a: \u30aa\u30fc\u30ed\u30f3\u30b2|Spirit Break|p2b: Iron Bundle\n|-damage|p2b: Iron Bundle|21\/100 par\n|-unboost|p2b: Iron Bundle|spa|1\n|\n|-heal|p2b: Iron Bundle|27\/100 par|[from] Grassy Terrain\n|-heal|p1b: \u30a6\u30a4\u30f3\u30c7\u30a3|99\/100|[from] Grassy Terrain\n|-heal|p2a: Iron Hands|97\/100|[from] Grassy Terrain\n|-heal|p1a: \u30aa\u30fc\u30ed\u30f3\u30b2|77\/100|[from] Grassy Terrain\n|upkeep\n|turn|5\n|\n|t:|1701199944\n|switch|p1b: Ogerpon|Ogerpon-Wellspring, L50, F|100\/100\n|move|p2b: Iron Bundle|Icy Wind|p1a: \u30aa\u30fc\u30ed\u30f3\u30b2|[spread] p1a,p1b\n|-damage|p1a: \u30aa\u30fc\u30ed\u30f3\u30b2|66\/100\n|-damage|p1b: Ogerpon|87\/100\n|-unboost|p1a: \u30aa\u30fc\u30ed\u30f3\u30b2|spe|1\n|-unboost|p1b: Ogerpon|spe|1\n|move|p2a: Iron Hands|Drain Punch|p1b: Ogerpon\n|-damage|p1b: Ogerpon|51\/100\n|-heal|p2a: Iron Hands|100\/100|[from] drain|[of] p1b: Ogerpon\n|move|p1a: \u30aa\u30fc\u30ed\u30f3\u30b2|Spirit Break|p2a: Iron Hands\n|-supereffective|p2a: Iron Hands\n|-damage|p2a: Iron Hands|60\/100\n|-unboost|p2a: Iron Hands|spa|1\n|\n|-heal|p2b: Iron Bundle|34\/100 par|[from] Grassy Terrain\n|-heal|p1b: Ogerpon|57\/100|[from] Grassy Terrain\n|-heal|p2a: Iron Hands|67\/100|[from] Grassy Terrain\n|-heal|p1a: \u30aa\u30fc\u30ed\u30f3\u30b2|72\/100|[from] Grassy Terrain\n|-fieldend|move: Grassy Terrain\n|upkeep\n|turn|6\n|\n|t:|1701199971\n|switch|p1b: \u30a6\u30a4\u30f3\u30c7\u30a3|Arcanine-Hisui, L50, F|99\/100\n|-ability|p1b: \u30a6\u30a4\u30f3\u30c7\u30a3|Intimidate|boost\n|-unboost|p2a: Iron Hands|atk|1\n|-unboost|p2b: Iron Bundle|atk|1\n|-end|p2a: Iron Hands|Quark Drive|[silent]\n|switch|p2a: Rillaboom|Rillaboom, L50, F|100\/100\n|-fieldstart|move: Grassy Terrain|[from] ability: Grassy Surge|[of] p2a: Rillaboom\n|cant|p2b: Iron Bundle|par\n|move|p1a: \u30aa\u30fc\u30ed\u30f3\u30b2|Spirit Break|p2a: Rillaboom\n|-crit|p2a: Rillaboom\n|-damage|p2a: Rillaboom|60\/100\n|-unboost|p2a: Rillaboom|spa|1\n|\n|-heal|p2b: Iron Bundle|40\/100 par|[from] Grassy Terrain\n|-heal|p1b: \u30a6\u30a4\u30f3\u30c7\u30a3|100\/100|[from] Grassy Terrain\n|-heal|p2a: Rillaboom|66\/100|[from] Grassy Terrain\n|-heal|p1a: \u30aa\u30fc\u30ed\u30f3\u30b2|78\/100|[from] Grassy Terrain\n|upkeep\n|turn|7\n|\n|t:|1701200008\n|-end|p2b: Iron Bundle|Quark Drive|[silent]\n|switch|p2b: Iron Hands|Iron Hands, L50|67\/100\n|move|p2a: Rillaboom|Fake Out|p1b: \u30a6\u30a4\u30f3\u30c7\u30a3\n|-resisted|p1b: \u30a6\u30a4\u30f3\u30c7\u30a3\n|-damage|p1b: \u30a6\u30a4\u30f3\u30c7\u30a3|96\/100\n|cant|p1b: \u30a6\u30a4\u30f3\u30c7\u30a3|flinch\n|move|p1a: \u30aa\u30fc\u30ed\u30f3\u30b2|Spirit Break|p2b: Iron Hands\n|-supereffective|p2b: Iron Hands\n|-damage|p2b: Iron Hands|22\/100\n|-unboost|p2b: Iron Hands|spa|1\n|\n|-heal|p1b: \u30a6\u30a4\u30f3\u30c7\u30a3|100\/100|[from] Grassy Terrain\n|-heal|p2a: Rillaboom|71\/100|[from] Grassy Terrain\n|-heal|p2b: Iron Hands|28\/100|[from] Grassy Terrain\n|-heal|p1a: \u30aa\u30fc\u30ed\u30f3\u30b2|84\/100|[from] Grassy Terrain\n|upkeep\n|turn|8\n|\n|t:|1701200048\n|move|p2b: Iron Hands|Fake Out|p1b: \u30a6\u30a4\u30f3\u30c7\u30a3\n|-resisted|p1b: \u30a6\u30a4\u30f3\u30c7\u30a3\n|-damage|p1b: \u30a6\u30a4\u30f3\u30c7\u30a3|95\/100\n|cant|p1b: \u30a6\u30a4\u30f3\u30c7\u30a3|flinch\n|move|p2a: Rillaboom|Wood Hammer|p1b: \u30a6\u30a4\u30f3\u30c7\u30a3\n|-damage|p1b: \u30a6\u30a4\u30f3\u30c7\u30a3|21\/100\n|-damage|p2a: Rillaboom|50\/100|[from] Recoil\n|move|p1a: \u30aa\u30fc\u30ed\u30f3\u30b2|Spirit Break|p2b: Iron Hands\n|-supereffective|p2b: Iron Hands\n|-damage|p2b: Iron Hands|0 fnt\n|faint|p2b: Iron Hands\n|-end|p2b: Iron Hands|Quark Drive|[silent]\n|\n|-heal|p1b: \u30a6\u30a4\u30f3\u30c7\u30a3|27\/100|[from] Grassy Terrain\n|-heal|p2a: Rillaboom|55\/100|[from] Grassy Terrain\n|-heal|p1a: \u30aa\u30fc\u30ed\u30f3\u30b2|90\/100|[from] Grassy Terrain\n|-sideend|p1: Fireboule|Reflect\n|upkeep\n|\n|t:|1701200066\n|switch|p2b: Ogerpon|Ogerpon-Hearthflame-Tera, L50, F, tera:Fire|42\/100 par\n|-ability|p2b: Ogerpon|Embody Aspect (Hearthflame)|boost\n|-boost|p2b: Ogerpon|atk|1\n|turn|9\n|\n|t:|1701200098\n|switch|p1b: Ogerpon|Ogerpon-Wellspring, L50, F|57\/100\n|move|p2a: Rillaboom|Grassy Glide|p1b: Ogerpon\n|-damage|p1b: Ogerpon|0 fnt\n|faint|p1b: Ogerpon\n|move|p1a: \u30aa\u30fc\u30ed\u30f3\u30b2|Reflect|p1a: \u30aa\u30fc\u30ed\u30f3\u30b2\n|-sidestart|p1: Fireboule|Reflect\n|move|p2b: Ogerpon|Ivy Cudgel|p1a: \u30aa\u30fc\u30ed\u30f3\u30b2|[anim] Ivy Cudgel Fire\n|-crit|p1a: \u30aa\u30fc\u30ed\u30f3\u30b2\n|-damage|p1a: \u30aa\u30fc\u30ed\u30f3\u30b2|0 fnt\n|faint|p1a: \u30aa\u30fc\u30ed\u30f3\u30b2\n|\n|-heal|p2a: Rillaboom|61\/100|[from] Grassy Terrain\n|-heal|p2b: Ogerpon|48\/100 par|[from] Grassy Terrain\n|upkeep\n|\n|t:|1701200112\n|switch|p1a: \u30a6\u30a4\u30f3\u30c7\u30a3|Arcanine-Hisui, L50, F|27\/100\n|-ability|p1a: \u30a6\u30a4\u30f3\u30c7\u30a3|Intimidate|boost\n|-unboost|p2a: Rillaboom|atk|1\n|-unboost|p2b: Ogerpon|atk|1\n|turn|10\n|\n|t:|1701200124\n|switch|p2a: Iron Bundle|Iron Bundle, L50|40\/100 par\n|move|p2b: Ogerpon|Spiky Shield|p2b: Ogerpon\n|-singleturn|p2b: Ogerpon|move: Protect\n|move|p1a: \u30a6\u30a4\u30f3\u30c7\u30a3|Rock Slide|p2b: Ogerpon|[spread] p2a\n|-activate|p2b: Ogerpon|move: Protect\n|-supereffective|p2a: Iron Bundle\n|-damage|p2a: Iron Bundle|0 fnt\n|faint|p2a: Iron Bundle\n|-end|p2a: Iron Bundle|Quark Drive|[silent]\n|\n|-heal|p1a: \u30a6\u30a4\u30f3\u30c7\u30a3|33\/100|[from] Grassy Terrain\n|-heal|p2b: Ogerpon|54\/100 par|[from] Grassy Terrain\n|-fieldend|move: Grassy Terrain\n|upkeep\n|\n|t:|1701200131\n|switch|p2a: Rillaboom|Rillaboom, L50, F|61\/100\n|-fieldstart|move: Grassy Terrain|[from] ability: Grassy Surge|[of] p2a: Rillaboom\n|turn|11\n|\n|t:|1701200141\n|move|p2a: Rillaboom|Fake Out|p1a: \u30a6\u30a4\u30f3\u30c7\u30a3\n|-resisted|p1a: \u30a6\u30a4\u30f3\u30c7\u30a3\n|-damage|p1a: \u30a6\u30a4\u30f3\u30c7\u30a3|28\/100\n|cant|p1a: \u30a6\u30a4\u30f3\u30c7\u30a3|flinch\n|move|p2b: Ogerpon|Grassy Glide|p1a: \u30a6\u30a4\u30f3\u30c7\u30a3\n|-damage|p1a: \u30a6\u30a4\u30f3\u30c7\u30a3|1\/100\n|\n|-heal|p1a: \u30a6\u30a4\u30f3\u30c7\u30a3|7\/100|[from] Grassy Terrain\n|-heal|p2a: Rillaboom|67\/100|[from] Grassy Terrain\n|-heal|p2b: Ogerpon|60\/100 par|[from] Grassy Terrain\n|upkeep\n|turn|12\n|\n|t:|1701200153\n|move|p1a: \u30a6\u30a4\u30f3\u30c7\u30a3|Extreme Speed|p2b: Ogerpon\n|-damage|p2b: Ogerpon|30\/100 par\n|move|p2a: Rillaboom|Grassy Glide|p1a: \u30a6\u30a4\u30f3\u30c7\u30a3\n|-damage|p1a: \u30a6\u30a4\u30f3\u30c7\u30a3|0 fnt\n|faint|p1a: \u30a6\u30a4\u30f3\u30c7\u30a3\n|\n|win|Guakamou\n|c|\u2606Guakamou|gg\n|c|\u2606Fireboule|gg\n|c|\u2606Fireboule|trop de crit ce ogerpon\n|c|\u2606Guakamou|mdrr\n|c|\u2606Guakamou|merci la haute chance de crit\n|c|\u2606Guakamou|apr\u00e8s sur ton grim jsp si \u00e7a joue\n|c|\u2606Fireboule|le grim non\n|c|\u2606Guakamou|mais le oki game 1 ouais sans doutes\n|c|\u2606Fireboule|que game 1\n|c|\u2606Guakamou|t'avais target bundle ou ogerpon ?\n|c|\u2606Guakamou|avec ton okidogi ?\n|c|\u2606Fireboule|oui\n|c|\u2606Fireboule|euh je sais plus\n|c|\u2606Fireboule|qui j'ai target\n","uploadtime":1701200324,"views":3,"p1id":"fireboule","p2id":"guakamou","formatid":"gen9vgc2023regulatione","rating":0,"private":0,"password":""}