{"id":"gen9vgc2023regulatione-1992968792","p1":"willbill231","p2":"MalachiW","format":"[Gen 9] VGC 2023 Regulation E","log":"|j|\u2606willbill231\n|j|\u2606MalachiW\n|t:|1700251258\n|gametype|doubles\n|player|p1|willbill231|2|1190\n|player|p2|MalachiW|nate|1251\n|teamsize|p1|6\n|teamsize|p2|6\n|gen|9\n|tier|[Gen 9] VGC 2023 Regulation E\n|rated|\n|rule|Species Clause: Limit one of each Pok\u00e9mon\n|rule|Item Clause: Limit one of each item\n|clearpoke\n|poke|p1|Zapdos-Galar, L50|\n|poke|p1|Sneasler, L50, F|\n|poke|p1|Tornadus, L50, M|\n|poke|p1|Garchomp, L50, F|\n|poke|p1|Ninetales-Alola, L50, M|\n|poke|p1|Farigiraf, L50, M|\n|poke|p2|Thundurus, L50, M|\n|poke|p2|Amoonguss, L50, M|\n|poke|p2|Armarouge, L50, M|\n|poke|p2|Indeedee-F, L50, F|\n|poke|p2|Dondozo, L50, M|\n|poke|p2|Tatsugiri-Droopy, L50, M|\n|teampreview|4\n|\n|t:|1700251293\n|start\n|switch|p1a: Sneasler|Sneasler, L50, F|100\/100\n|switch|p1b: Tornadus|Tornadus, L50, M|100\/100\n|switch|p2a: Armarouge|Armarouge, L50, M|100\/100\n|switch|p2b: Indeedee|Indeedee-F, L50, F|100\/100\n|-fieldstart|move: Psychic Terrain|[from] ability: Psychic Surge|[of] p2b: Indeedee\n|turn|1\n|\n|t:|1700251326\n|-terastallize|p1a: Sneasler|Dark\n|move|p2b: Indeedee|Follow Me|p2b: Indeedee\n|-singleturn|p2b: Indeedee|move: Follow Me\n|move|p1b: Tornadus|Rain Dance|p1b: Tornadus\n|-weather|RainDance\n|move|p1a: Sneasler|Tera Blast|p2b: Indeedee|[anim] Tera Blast Dark\n|-supereffective|p2b: Indeedee\n|-enditem|p2b: Indeedee|Focus Sash\n|-damage|p2b: Indeedee|1\/100\n|move|p2a: Armarouge|Expanding Force|p1a: Sneasler|[spread] p1b\n|-immune|p1a: Sneasler\n|-damage|p1b: Tornadus|0 fnt\n|faint|p1b: Tornadus\n|-damage|p2a: Armarouge|91\/100|[from] item: Life Orb\n|\n|-weather|RainDance|[upkeep]\n|upkeep\n|\n|t:|1700251345\n|switch|p1b: Garchomp|Garchomp, L50, F|100\/100\n|turn|2\n|\n|t:|1700251368\n|-terastallize|p2a: Armarouge|Grass\n|move|p2b: Indeedee|Follow Me|p2b: Indeedee\n|-singleturn|p2b: Indeedee|move: Follow Me\n|move|p1a: Sneasler|Tera Blast|p2b: Indeedee|[anim] Tera Blast Dark\n|-supereffective|p2b: Indeedee\n|-damage|p2b: Indeedee|0 fnt\n|faint|p2b: Indeedee\n|move|p1b: Garchomp|Liquidation|p2a: Armarouge\n|-resisted|p2a: Armarouge\n|-crit|p2a: Armarouge\n|-damage|p2a: Armarouge|57\/100\n|-unboost|p2a: Armarouge|def|1\n|move|p2a: Armarouge|Expanding Force|p1b: Garchomp|[spread] p1b\n|-immune|p1a: Sneasler\n|-damage|p1b: Garchomp|14\/100\n|-damage|p2a: Armarouge|47\/100|[from] item: Life Orb\n|\n|-weather|RainDance|[upkeep]\n|upkeep\n|\n|t:|1700251383\n|switch|p2b: Tatsugiri|Tatsugiri-Droopy, L50, M|100\/100\n|turn|3\n|\n|t:|1700251402\n|move|p2b: Tatsugiri|Protect|p2b: Tatsugiri\n|-singleturn|p2b: Tatsugiri|Protect\n|move|p1a: Sneasler|Dire Claw|p2a: Armarouge\n|-supereffective|p2a: Armarouge\n|-damage|p2a: Armarouge|0 fnt\n|faint|p2a: Armarouge\n|move|p1b: Garchomp|Stomping Tantrum|p2b: Tatsugiri\n|-activate|p2b: Tatsugiri|move: Protect\n|\n|-weather|RainDance|[upkeep]\n|-status|p2b: Tatsugiri|tox|[from] item: Toxic Orb\n|upkeep\n|\n|t:|1700251407\n|switch|p2a: Dondozo|Dondozo, L50, M|100\/100\n|-activate|p2b: Tatsugiri|ability: Commander|[of] p2a: Dondozo\n|-boost|p2a: Dondozo|atk|2\n|-boost|p2a: Dondozo|spa|2\n|-boost|p2a: Dondozo|spe|2\n|-boost|p2a: Dondozo|def|2\n|-boost|p2a: Dondozo|spd|2\n|turn|4\n|\n|t:|1700251460\n|move|p1a: Sneasler|Dire Claw|p2a: Dondozo\n|-damage|p2a: Dondozo|88\/100\n|-status|p2a: Dondozo|slp\n|move|p1b: Garchomp|Stomping Tantrum|p2a: Dondozo\n|-damage|p2a: Dondozo|75\/100 slp\n|cant|p2a: Dondozo|slp\n|\n|-weather|RainDance|[upkeep]\n|-heal|p2a: Dondozo|81\/100 slp|[from] item: Leftovers\n|-damage|p2b: Tatsugiri|95\/100 tox|[from] psn\n|upkeep\n|turn|5\n|\n|t:|1700251489\n|move|p1a: Sneasler|Dire Claw|p2a: Dondozo\n|-damage|p2a: Dondozo|68\/100 slp\n|move|p1b: Garchomp|Liquidation|p2a: Dondozo\n|-resisted|p2a: Dondozo\n|-damage|p2a: Dondozo|60\/100 slp\n|cant|p2a: Dondozo|slp\n|\n|-weather|none\n|-heal|p2a: Dondozo|67\/100 slp|[from] item: Leftovers\n|-damage|p2b: Tatsugiri|84\/100 tox|[from] psn\n|-fieldend|move: Psychic Terrain\n|upkeep\n|turn|6\n|\n|t:|1700251517\n|switch|p1b: Ninetales|Ninetales-Alola, L50, M|100\/100\n|-weather|Snow|[from] ability: Snow Warning|[of] p1b: Ninetales\n|move|p1a: Sneasler|Dire Claw|p2a: Dondozo\n|-damage|p2a: Dondozo|54\/100 slp\n|cant|p2a: Dondozo|slp\n|\n|-weather|Snow|[upkeep]\n|-heal|p2a: Dondozo|60\/100 slp|[from] item: Leftovers\n|-damage|p2b: Tatsugiri|67\/100 tox|[from] psn\n|upkeep\n|turn|7\n|c|\u2606MalachiW|i didn't even know dire claw could do that\n|\n|t:|1700251540\n|move|p1a: Sneasler|Dire Claw|p2a: Dondozo\n|-damage|p2a: Dondozo|46\/100 slp\n|move|p1b: Ninetales|Aurora Veil|p1b: Ninetales\n|-sidestart|p1: willbill231|move: Aurora Veil\n|-curestatus|p2a: Dondozo|slp|[msg]\n|move|p2a: Dondozo|Order Up|p1a: Sneasler\n|-damage|p1a: Sneasler|38\/100\n|-boost|p2a: Dondozo|def|1\n|\n|-weather|Snow|[upkeep]\n|-heal|p2a: Dondozo|52\/100|[from] item: Leftovers\n|-damage|p2b: Tatsugiri|45\/100 tox|[from] psn\n|upkeep\n|turn|8\n|\n|t:|1700251555\n|move|p1a: Sneasler|Dire Claw|p2a: Dondozo\n|-damage|p2a: Dondozo|41\/100\n|-status|p2a: Dondozo|par\n|move|p1b: Ninetales|Freeze-Dry|p2a: Dondozo\n|-supereffective|p2a: Dondozo\n|-damage|p2a: Dondozo|16\/100 par\n|move|p2a: Dondozo|Order Up|p1a: Sneasler\n|-damage|p1a: Sneasler|0 fnt\n|faint|p1a: Sneasler\n|-boost|p2a: Dondozo|def|1\n|\n|-weather|Snow|[upkeep]\n|-heal|p2a: Dondozo|22\/100 par|[from] item: Leftovers\n|-damage|p2b: Tatsugiri|17\/100 tox|[from] psn\n|upkeep\n|-message|MalachiW forfeited.\n|\n|win|willbill231\n|raw|willbill231's rating: 1190 &rarr; <strong>1219<\/strong><br \/>(+29 for winning)\n|raw|MalachiW's rating: 1251 &rarr; <strong>1222<\/strong><br \/>(-29 for losing)\n|l|\u2606MalachiW\n","uploadtime":1700251690,"views":20,"p1id":"willbill231","p2id":"malachiw","formatid":"gen9vgc2023regulatione","rating":1219,"private":0,"password":""}