{"id":"gen9vgc2023regulatione-1988335199","p1":"KiiDMarVeL","p2":"David Y Eire","format":"[Gen 9] VGC 2023 Regulation E","log":"|j|\u2606KiiDMarVeL\n|j|\u2606David Y Eire\n|t:|1699710275\n|gametype|doubles\n|player|p1|KiiDMarVeL|morty|1188\n|player|p2|David Y Eire|169|1148\n|teamsize|p1|6\n|teamsize|p2|6\n|gen|9\n|tier|[Gen 9] VGC 2023 Regulation E\n|rated|\n|rule|Species Clause: Limit one of each Pok\u00e9mon\n|rule|Item Clause: Limit one of each item\n|clearpoke\n|poke|p1|Weezing, L50, M|\n|poke|p1|Slaking, L50, F|\n|poke|p1|Dragonite, L50, F|\n|poke|p1|Chien-Pao, L50|\n|poke|p1|Palafin, L50, F|\n|poke|p1|Flutter Mane, L50|\n|poke|p2|Articuno-Galar, L50|\n|poke|p2|Sinistcha, L50|\n|poke|p2|Grimmsnarl, L50, M|\n|poke|p2|Moltres-Galar, L50|\n|poke|p2|Urshifu-*, L50, F|\n|poke|p2|Arcanine-Hisui, L50, F|\n|teampreview|4\n|inactive|Battle timer is ON: inactive players will automatically lose when time's up. (requested by KiiDMarVeL)\n|inactive|KiiDMarVeL has 60 seconds left.\n|\n|t:|1699710321\n|start\n|switch|p1a: Dragonite|Dragonite, L50, F|100\/100\n|switch|p1b: Palafin|Palafin, L50, F|100\/100\n|switch|p2a: Urshifu|Urshifu-Rapid-Strike, L50, F|100\/100\n|switch|p2b: Moltres|Moltres-Galar, L50|100\/100\n|turn|1\n|inactive|KiiDMarVeL has 30 seconds left.\n|inactive|David Y Eire has 30 seconds left.\n|\n|t:|1699710350\n|detailschange|p1b: Palafin|Palafin-Hero, L50, F\n|switch|p1b: Chien-Pao|Chien-Pao, L50|100\/100\n|-ability|p1b: Chien-Pao|Sword of Ruin\n|-terastallize|p2b: Moltres|Poison\n|move|p2a: Urshifu|Surging Strikes|p1a: Dragonite\n|-resisted|p1a: Dragonite\n|-crit|p1a: Dragonite\n|-damage|p1a: Dragonite|83\/100\n|-resisted|p1a: Dragonite\n|-crit|p1a: Dragonite\n|-damage|p1a: Dragonite|66\/100\n|-resisted|p1a: Dragonite\n|-crit|p1a: Dragonite\n|-damage|p1a: Dragonite|50\/100\n|-hitcount|p1a: Dragonite|3\n|move|p1a: Dragonite|Outrage|p2b: Moltres\n|-damage|p2b: Moltres|0 fnt\n|faint|p2b: Moltres\n|\n|upkeep\n|\n|t:|1699710370\n|switch|p2b: Sinistcha|Sinistcha, L50|100\/100\n|turn|2\n|\n|t:|1699710386\n|move|p2b: Sinistcha|Rage Powder|p2b: Sinistcha\n|-singleturn|p2b: Sinistcha|move: Rage Powder\n|move|p1b: Chien-Pao|Sucker Punch||[still]\n|-fail|p1b: Chien-Pao\n|move|p2a: Urshifu|Surging Strikes|p1a: Dragonite\n|-resisted|p1a: Dragonite\n|-crit|p1a: Dragonite\n|-damage|p1a: Dragonite|31\/100\n|-resisted|p1a: Dragonite\n|-crit|p1a: Dragonite\n|-damage|p1a: Dragonite|13\/100\n|-resisted|p1a: Dragonite\n|-crit|p1a: Dragonite\n|-damage|p1a: Dragonite|0 fnt\n|faint|p1a: Dragonite\n|-hitcount|p1: Dragonite|3\n|\n|upkeep\n|\n|t:|1699710403\n|switch|p1a: Flutter Mane|Flutter Mane, L50|100\/100\n|-enditem|p1a: Flutter Mane|Booster Energy\n|-activate|p1a: Flutter Mane|ability: Protosynthesis|[fromitem]\n|-start|p1a: Flutter Mane|protosynthesisspa\n|turn|3\n|inactive|KiiDMarVeL has 30 seconds left.\n|\n|t:|1699710433\n|move|p1a: Flutter Mane|Protect|p1a: Flutter Mane\n|-singleturn|p1a: Flutter Mane|Protect\n|move|p2b: Sinistcha|Rage Powder|p2b: Sinistcha\n|-singleturn|p2b: Sinistcha|move: Rage Powder\n|move|p1b: Chien-Pao|Ice Spinner|p2b: Sinistcha\n|-supereffective|p2b: Sinistcha\n|-damage|p2b: Sinistcha|0 fnt\n|faint|p2b: Sinistcha\n|move|p2a: Urshifu|Iron Head|p1a: Flutter Mane\n|-supereffective|p1a: Flutter Mane\n|-damage|p1a: Flutter Mane|0 fnt\n|faint|p1a: Flutter Mane\n|-end|p1a: Flutter Mane|Protosynthesis|[silent]\n|\n|upkeep\n|\n|t:|1699710447\n|switch|p1a: Palafin|Palafin-Hero, L50, F|100\/100\n|switch|p2b: Arcanine|Arcanine-Hisui, L50, F|100\/100\n|-ability|p2b: Arcanine|Intimidate|boost\n|-unboost|p1a: Palafin|atk|1\n|-unboost|p1b: Chien-Pao|atk|1\n|-activate|p1a: Palafin|ability: Zero to Hero\n|turn|4\n|inactive|David Y Eire has 30 seconds left.\n|\n|t:|1699710479\n|-terastallize|p1a: Palafin|Water\n|move|p2b: Arcanine|Extreme Speed|p1a: Palafin\n|-crit|p1a: Palafin\n|-damage|p1a: Palafin|47\/100\n|move|p1b: Chien-Pao|Sucker Punch|p2a: Urshifu\n|-resisted|p2a: Urshifu\n|-damage|p2a: Urshifu|84\/100\n|move|p1a: Palafin|Jet Punch|p2b: Arcanine\n|-supereffective|p2b: Arcanine\n|-damage|p2b: Arcanine|0 fnt\n|faint|p2b: Arcanine\n|move|p2a: Urshifu|Surging Strikes|p1b: Chien-Pao\n|-crit|p1b: Chien-Pao\n|-damage|p1b: Chien-Pao|69\/100\n|-crit|p1b: Chien-Pao\n|-damage|p1b: Chien-Pao|35\/100\n|-crit|p1b: Chien-Pao\n|-damage|p1b: Chien-Pao|6\/100\n|-hitcount|p1b: Chien-Pao|3\n|\n|upkeep\n|turn|5\n|\n|t:|1699710502\n|move|p1b: Chien-Pao|Sucker Punch|p2a: Urshifu\n|-resisted|p2a: Urshifu\n|-crit|p2a: Urshifu\n|-damage|p2a: Urshifu|46\/100\n|move|p1a: Palafin|Wave Crash|p2a: Urshifu\n|-resisted|p2a: Urshifu\n|-damage|p2a: Urshifu|0 fnt\n|faint|p2a: Urshifu\n|-damage|p1a: Palafin|33\/100|[from] Recoil\n|\n|win|KiiDMarVeL\n|raw|KiiDMarVeL's rating: 1188 &rarr; <strong>1210<\/strong><br \/>(+22 for winning)\n|raw|David Y Eire's rating: 1148 &rarr; <strong>1126<\/strong><br \/>(-22 for losing)\n|c|\u2606KiiDMarVeL|gg\n|l|\u2606David Y Eire\n","uploadtime":1699710852,"views":12,"p1id":"kiidmarvel","p2id":"davidyeire","formatid":"gen9vgc2023regulatione","rating":1126,"private":0,"password":""}