{"id":"gen9vgc2023regulatione-1997670354","p1":"haamgamer07","p2":"Vatched_tus","format":"[Gen 9] VGC 2023 Regulation E","log":"|j|\u2606haamgamer07\n|j|\u2606Vatched_tus\n|t:|1700839918\n|gametype|doubles\n|player|p1|haamgamer07|1|1316\n|player|p2|Vatched_tus|1|1264\n|teamsize|p1|6\n|teamsize|p2|6\n|gen|9\n|tier|[Gen 9] VGC 2023 Regulation E\n|rated|\n|rule|Species Clause: Limit one of each Pok\u00e9mon\n|rule|Item Clause: Limit one of each item\n|clearpoke\n|poke|p1|Flutter Mane, L50|\n|poke|p1|Iron Hands, L50|\n|poke|p1|Ogerpon-Hearthflame, L50, F|\n|poke|p1|Cresselia, L50, F|\n|poke|p1|Ursaluna, L50, M|\n|poke|p1|Empoleon, L50, F|\n|poke|p2|Urshifu-*, L50, M|\n|poke|p2|Gholdengo, L50|\n|poke|p2|Rillaboom, L50, M|\n|poke|p2|Tornadus, L50, M|\n|poke|p2|Regidrago, L50|\n|poke|p2|Arcanine-Hisui, L50, M|\n|teampreview|4\n|inactive|Battle timer is ON: inactive players will automatically lose when time's up. (requested by haamgamer07)\n|c|\u2606Vatched_tus|gl hf\n|\n|t:|1700840010\n|start\n|switch|p1a: Empoleon|Empoleon, L50, F|100\/100\n|switch|p1b: Cresselia|Cresselia, L50, F|100\/100\n|switch|p2a: Krapfen|Tornadus, L50, M|100\/100\n|switch|p2b: Arcanine|Arcanine-Hisui, L50, M|100\/100\n|-ability|p2b: Arcanine|Intimidate|boost\n|-unboost|p1a: Empoleon|atk|1\n|-ability|p1a: Empoleon|Competitive|boost\n|-boost|p1a: Empoleon|spa|2\n|-enditem|p2b: Arcanine|Mirror Herb\n|-boost|p2b: Arcanine|spa|2|[from] item: Mirror Herb\n|-unboost|p1b: Cresselia|atk|1\n|turn|1\n|\n|t:|1700840034\n|switch|p2b: Rocula|Rillaboom, L50, M|100\/100\n|-fieldstart|move: Grassy Terrain|[from] ability: Grassy Surge|[of] p2b: Rocula\n|move|p2a: Krapfen|Taunt|p1b: Cresselia\n|-start|p1b: Cresselia|move: Taunt\n|-enditem|p1b: Cresselia|Mental Herb\n|-end|p1b: Cresselia|move: Taunt\n|move|p1a: Empoleon|Flash Cannon|p2b: Rocula\n|-damage|p2b: Rocula|34\/100\n|move|p1b: Cresselia|Trick Room|p1b: Cresselia\n|-fieldstart|move: Trick Room|[of] p1b: Cresselia\n|\n|-heal|p2b: Rocula|40\/100|[from] Grassy Terrain\n|upkeep\n|turn|2\n|inactive|haamgamer07 has 30 seconds left.\n|inactive|Vatched_tus has 30 seconds left.\n|inactive|Vatched_tus has 20 seconds left.\n|inactive|Vatched_tus has 15 seconds left.\n|inactive|Vatched_tus has 10 seconds left.\n|\n|t:|1700840080\n|move|p2b: Rocula|Fake Out|p1a: Empoleon\n|-resisted|p1a: Empoleon\n|-damage|p1a: Empoleon|93\/100\n|cant|p1a: Empoleon|flinch\n|move|p1b: Cresselia|Psychic|p2b: Rocula\n|-damage|p2b: Rocula|21\/100\n|-unboost|p2b: Rocula|spd|1\n|move|p2a: Krapfen|Bleakwind Storm|p1b: Cresselia|[spread] p1a,p1b\n|-resisted|p1a: Empoleon\n|-damage|p1a: Empoleon|76\/100\n|-damage|p1b: Cresselia|76\/100\n|-unboost|p1a: Empoleon|spe|1\n|-ability|p1a: Empoleon|Competitive|boost\n|-boost|p1a: Empoleon|spa|2\n|\n|-heal|p1a: Empoleon|82\/100|[from] Grassy Terrain\n|-heal|p2b: Rocula|26\/100|[from] Grassy Terrain\n|upkeep\n|turn|3\n|inactive|haamgamer07 has 30 seconds left.\n|inactive|Vatched_tus has 30 seconds left.\n|inactive|haamgamer07 has 20 seconds left.\n|inactive|haamgamer07 has 15 seconds left.\n|inactive|haamgamer07 has 10 seconds left.\n|\n|t:|1700840126\n|switch|p1b: Ursaluna|Ursaluna, L50, M|100\/100\n|move|p2b: Rocula|Grassy Glide|p1a: Empoleon\n|-damage|p1a: Empoleon|39\/100\n|-enditem|p1a: Empoleon|Sitrus Berry|[eat]\n|-heal|p1a: Empoleon|64\/100|[from] item: Sitrus Berry\n|move|p1a: Empoleon|Water Pledge|p2b: Rocula\n|-resisted|p2b: Rocula\n|-damage|p2b: Rocula|0 fnt\n|faint|p2b: Rocula\n|move|p2a: Krapfen|Bleakwind Storm|p1a: Empoleon|[spread] p1a\n|-miss|p2a: Krapfen|p1b: Ursaluna\n|-resisted|p1a: Empoleon\n|-damage|p1a: Empoleon|48\/100\n|\n|-heal|p1a: Empoleon|54\/100|[from] Grassy Terrain\n|-status|p1b: Ursaluna|brn|[from] item: Flame Orb\n|upkeep\n|\n|t:|1700840144\n|switch|p2b: Regidrago|Regidrago, L50|100\/100\n|turn|4\n|\n|t:|1700840165\n|move|p2b: Regidrago|Protect|p2b: Regidrago\n|-singleturn|p2b: Regidrago|Protect\n|move|p2a: Krapfen|Taunt|p1b: Ursaluna\n|-start|p1b: Ursaluna|move: Taunt\n|move|p1a: Empoleon|Water Pledge|p2b: Regidrago\n|-activate|p2b: Regidrago|move: Protect\n|move|p1b: Ursaluna|Facade|p2b: Regidrago\n|-activate|p2b: Regidrago|move: Protect\n|\n|-heal|p1a: Empoleon|60\/100|[from] Grassy Terrain\n|-damage|p1b: Ursaluna|95\/100 brn|[from] brn\n|upkeep\n|turn|5\n|inactive|Vatched_tus has 30 seconds left.\n|\n|t:|1700840195\n|switch|p2b: Arcanine|Arcanine-Hisui, L50, M|100\/100\n|-ability|p2b: Arcanine|Intimidate|boost\n|-unboost|p1a: Empoleon|atk|1\n|-ability|p1a: Empoleon|Competitive|boost\n|-boost|p1a: Empoleon|spa|2\n|-unboost|p1b: Ursaluna|atk|1\n|move|p2a: Krapfen|Tailwind|p2a: Krapfen\n|-sidestart|p2: Vatched_tus|move: Tailwind\n|move|p1a: Empoleon|Ice Beam|p2b: Arcanine\n|-resisted|p2b: Arcanine\n|-damage|p2b: Arcanine|32\/100\n|-status|p2b: Arcanine|frz\n|move|p1b: Ursaluna|Facade|p2a: Krapfen\n|-damage|p2a: Krapfen|0 fnt\n|faint|p2a: Krapfen\n|\n|-heal|p1a: Empoleon|65\/100|[from] Grassy Terrain\n|-heal|p1b: Ursaluna|100\/100 brn|[from] Grassy Terrain\n|-heal|p2b: Arcanine|38\/100 frz|[from] Grassy Terrain\n|-damage|p1b: Ursaluna|95\/100 brn|[from] brn\n|-fieldend|move: Trick Room\n|-fieldend|move: Grassy Terrain\n|upkeep\n|\n|t:|1700840216\n|switch|p2a: Regidrago|Regidrago, L50|100\/100\n|turn|6\n|\n|t:|1700840229\n|-terastallize|p2a: Regidrago|Steel\n|-curestatus|p2b: Arcanine|frz|[from] move: Flare Blitz\n|move|p2b: Arcanine|Flare Blitz|p1a: Empoleon\n|-damage|p1a: Empoleon|4\/100\n|-damage|p2b: Arcanine|16\/100|[from] Recoil\n|move|p2a: Regidrago|Dragon Energy|p1a: Empoleon|[spread] p1a,p1b\n|-resisted|p1a: Empoleon\n|-damage|p1a: Empoleon|0 fnt\n|-damage|p1b: Ursaluna|20\/100 brn\n|faint|p1a: Empoleon\n|move|p1b: Ursaluna|Facade|p2a: Regidrago\n|-resisted|p2a: Regidrago\n|-damage|p2a: Regidrago|59\/100\n|\n|-damage|p1b: Ursaluna|15\/100 brn|[from] brn\n|-end|p1b: Ursaluna|move: Taunt\n|upkeep\n|\n|t:|1700840250\n|switch|p1a: Cresselia|Cresselia, L50, F|76\/100\n|turn|7\n|\n|t:|1700840261\n|-terastallize|p1a: Cresselia|Fairy\n|move|p1b: Ursaluna|Protect|p1b: Ursaluna\n|-singleturn|p1b: Ursaluna|Protect\n|move|p2b: Arcanine|Flare Blitz|p1a: Cresselia\n|-damage|p1a: Cresselia|41\/100\n|-damage|p2b: Arcanine|2\/100|[from] Recoil\n|move|p2a: Regidrago|Dragon Energy|p1b: Ursaluna|[spread] \n|-activate|p1b: Ursaluna|move: Protect\n|-immune|p1a: Cresselia\n|move|p1a: Cresselia|Psychic|p2b: Arcanine\n|-damage|p2b: Arcanine|0 fnt\n|faint|p2b: Arcanine\n|\n|-damage|p1b: Ursaluna|9\/100 brn|[from] brn\n|upkeep\n|turn|8\n|\n|t:|1700840284\n|move|p2a: Regidrago|Earth Power|p1a: Cresselia\n|-immune|p1a: Cresselia|[from] ability: Levitate\n|move|p1a: Cresselia|Lunar Blessing|p1a: Cresselia|[spread] p1a,p1b\n|-heal|p1a: Cresselia|66\/100\n|-heal|p1b: Ursaluna|34\/100 brn\n|-curestatus|p1b: Ursaluna|brn|[msg]\n|move|p1b: Ursaluna|Earthquake|p2a: Regidrago|[spread] p2a\n|-immune|p1a: Cresselia|[from] ability: Levitate\n|-supereffective|p2a: Regidrago\n|-damage|p2a: Regidrago|0 fnt\n|faint|p2a: Regidrago\n|\n|win|haamgamer07\n|raw|haamgamer07's rating: 1316 &rarr; <strong>1333<\/strong><br \/>(+17 for winning)\n|raw|Vatched_tus's rating: 1264 &rarr; <strong>1243<\/strong><br \/>(-21 for losing)\n|c|\u2606Vatched_tus|gg\n|l|\u2606Vatched_tus\n","uploadtime":1700840308,"views":2,"p1id":"haamgamer07","p2id":"vatchedtus","formatid":"gen9vgc2023regulatione","rating":1243,"private":0,"password":""}