{"id":"gen9vgc2023regulatione-1990741342","p1":"khe7marak","p2":"BatsVGC","format":"[Gen 9] VGC 2023 Regulation E","log":"|j|\u2606khe7marak\n|j|\u2606BatsVGC\n|t:|1699996501\n|gametype|doubles\n|player|p1|khe7marak|265|1137\n|player|p2|BatsVGC|fisherman-gen4|1043\n|teamsize|p1|6\n|teamsize|p2|6\n|gen|9\n|tier|[Gen 9] VGC 2023 Regulation E\n|rated|\n|rule|Species Clause: Limit one of each Pok\u00e9mon\n|rule|Item Clause: Limit one of each item\n|clearpoke\n|poke|p1|Palafin, L50, F|\n|poke|p1|Ogerpon, L50, F|\n|poke|p1|Landorus-Therian, L50, M|\n|poke|p1|Farigiraf, L50, F|\n|poke|p1|Iron Hands, L50|\n|poke|p1|Flutter Mane, L50|\n|poke|p2|Ogerpon-Wellspring, L50, F|\n|poke|p2|Skeledirge, L50, M|\n|poke|p2|Landorus-Therian, L50, M|\n|poke|p2|Farigiraf, L50, F|\n|poke|p2|Grimmsnarl, L50, M|\n|poke|p2|Iron Hands, L50|\n|teampreview|4\nkhe7marak has agreed to open team sheets.\nBatsVGC has agreed to open team sheets.\n|\n|t:|1699996590\n|start\n|switch|p1a: Palafin|Palafin, L50, F|100\/100\n|switch|p1b: Ogerpon|Ogerpon, L50, F|100\/100\n|switch|p2a: Farigiraf|Farigiraf, L50, F|100\/100\n|switch|p2b: Grimmsnarl|Grimmsnarl, L50, M|100\/100\n|turn|1\n|\n|t:|1699996643\n|detailschange|p1a: Palafin|Palafin-Hero, L50, F\n|switch|p1a: Landorus|Landorus-Therian, L50, M|100\/100\n|-ability|p1a: Landorus|Intimidate|boost\n|-unboost|p2a: Farigiraf|atk|1\n|-unboost|p2b: Grimmsnarl|atk|1\n|move|p2b: Grimmsnarl|Reflect|p2b: Grimmsnarl\n|-sidestart|p2: BatsVGC|Reflect\n|move|p1b: Ogerpon|Ivy Cudgel|p2b: Grimmsnarl\n|-damage|p2b: Grimmsnarl|66\/100\n|move|p2a: Farigiraf|Psychic|p1a: Landorus\n|-crit|p1a: Landorus\n|-damage|p1a: Landorus|16\/100\n|\n|upkeep\n|turn|2\n|\n|t:|1699996675\n|move|p1a: Landorus|U-turn|p2a: Farigiraf\n|-supereffective|p2a: Farigiraf\n|-damage|p2a: Farigiraf|63\/100\n|\n|t:|1699996679\n|switch|p1a: Palafin|Palafin-Hero, L50, F|100\/100|[from] U-turn\n|-activate|p1a: Palafin|ability: Zero to Hero\n|move|p1b: Ogerpon|Ivy Cudgel|p2b: Grimmsnarl\n|-damage|p2b: Grimmsnarl|30\/100\n|move|p2b: Grimmsnarl|Spirit Break|p1a: Palafin\n|-damage|p1a: Palafin|83\/100\n|-unboost|p1a: Palafin|spa|1\n|move|p2a: Farigiraf|Trick Room|p2a: Farigiraf\n|-fieldstart|move: Trick Room|[of] p2a: Farigiraf\n|\n|-heal|p1a: Palafin|88\/100|[from] item: Leftovers\n|upkeep\n|turn|3\n|\n|t:|1699996720\n|switch|p2a: Skeledirge|Skeledirge, L50, M|100\/100\n|move|p1b: Ogerpon|Follow Me|p1b: Ogerpon\n|-singleturn|p1b: Ogerpon|move: Follow Me\n|move|p2b: Grimmsnarl|Light Screen|p2b: Grimmsnarl\n|-sidestart|p2: BatsVGC|move: Light Screen\n|move|p1a: Palafin|Bulk Up|p1a: Palafin\n|-boost|p1a: Palafin|atk|1\n|-boost|p1a: Palafin|def|1\n|\n|-heal|p1a: Palafin|94\/100|[from] item: Leftovers\n|upkeep\n|turn|4\n|\n|t:|1699996759\n|switch|p2b: Farigiraf|Farigiraf, L50, F|63\/100\n|move|p1a: Palafin|Jet Punch||[still]\n|cant|p2b: Farigiraf|ability: Armor Tail|Jet Punch|[of] p1a: Palafin\n|move|p2a: Skeledirge|Torch Song|p1b: Ogerpon\n|-supereffective|p1b: Ogerpon\n|-damage|p1b: Ogerpon|14\/100\n|-boost|p2a: Skeledirge|spa|1\n|move|p1b: Ogerpon|Stomping Tantrum|p2a: Skeledirge\n|-supereffective|p2a: Skeledirge\n|-damage|p2a: Skeledirge|72\/100\n|\n|-heal|p2a: Skeledirge|78\/100|[from] item: Leftovers\n|-heal|p1a: Palafin|99\/100|[from] item: Leftovers\n|upkeep\n|turn|5\n|\n|t:|1699996802\n|switch|p2b: Grimmsnarl|Grimmsnarl, L50, M|30\/100\n|move|p1b: Ogerpon|Spiky Shield|p1b: Ogerpon\n|-singleturn|p1b: Ogerpon|move: Protect\n|move|p2a: Skeledirge|Torch Song|p1b: Ogerpon\n|-activate|p1b: Ogerpon|move: Protect\n|move|p1a: Palafin|Drain Punch|p2b: Grimmsnarl\n|-damage|p2b: Grimmsnarl|0 fnt\n|-heal|p1a: Palafin|100\/100|[from] drain|[of] p2b: Grimmsnarl\n|faint|p2b: Grimmsnarl\n|\n|-heal|p2a: Skeledirge|85\/100|[from] item: Leftovers\n|upkeep\n|\n|t:|1699996821\n|switch|p2b: Ogerpon|Ogerpon-Wellspring, L50, F|100\/100\n|turn|6\n|\n|t:|1699996870\n|-terastallize|p2a: Skeledirge|Fairy\n|move|p2a: Skeledirge|Torch Song|p1b: Ogerpon\n|-supereffective|p1b: Ogerpon\n|-damage|p1b: Ogerpon|0 fnt\n|-boost|p2a: Skeledirge|spa|1\n|faint|p1b: Ogerpon\n|move|p1a: Palafin|Bulk Up|p1a: Palafin\n|-boost|p1a: Palafin|atk|1\n|-boost|p1a: Palafin|def|1\n|move|p2b: Ogerpon|Horn Leech|p1a: Palafin\n|-supereffective|p1a: Palafin\n|-damage|p1a: Palafin|65\/100\n|\n|-heal|p2a: Skeledirge|91\/100|[from] item: Leftovers\n|-heal|p1a: Palafin|71\/100|[from] item: Leftovers\n|-fieldend|move: Trick Room\n|upkeep\n|\n|t:|1699996883\n|switch|p1b: Landorus|Landorus-Therian, L50, M|16\/100\n|-ability|p1b: Landorus|Intimidate|boost\n|-unboost|p2a: Skeledirge|atk|1\n|-unboost|p2b: Ogerpon|atk|1\n|turn|7\n|\n|t:|1699996915\n|switch|p2b: Farigiraf|Farigiraf, L50, F|63\/100\n|-terastallize|p1b: Landorus|Flying\n|move|p1a: Palafin|Jet Punch||[still]\n|cant|p2b: Farigiraf|ability: Armor Tail|Jet Punch|[of] p1a: Palafin\n|move|p1b: Landorus|Tera Blast|p2b: Farigiraf|[anim] Tera Blast Flying\n|-damage|p2b: Farigiraf|18\/100\n|-enditem|p2b: Farigiraf|Sitrus Berry|[eat]\n|-heal|p2b: Farigiraf|43\/100|[from] item: Sitrus Berry\n|move|p2a: Skeledirge|Torch Song|p1b: Landorus\n|-damage|p1b: Landorus|0 fnt\n|-boost|p2a: Skeledirge|spa|1\n|faint|p1b: Landorus\n|\n|-heal|p1a: Palafin|76\/100|[from] item: Leftovers\n|-heal|p2a: Skeledirge|97\/100|[from] item: Leftovers\n|upkeep\n|\n|t:|1699996926\n|switch|p1b: Iron Hands|Iron Hands, L50|100\/100\n|turn|8\n|\n|t:|1699996960\n|move|p1a: Palafin|Drain Punch|p2b: Farigiraf\n|-damage|p2b: Farigiraf|0 fnt\n|-heal|p1a: Palafin|99\/100|[from] drain|[of] p2b: Farigiraf\n|faint|p2b: Farigiraf\n|move|p2a: Skeledirge|Shadow Ball|p1a: Palafin\n|-damage|p1a: Palafin|11\/100\n|move|p1b: Iron Hands|Heavy Slam|p2a: Skeledirge\n|-supereffective|p2a: Skeledirge\n|-damage|p2a: Skeledirge|77\/100\n|\n|-heal|p1a: Palafin|16\/100|[from] item: Leftovers\n|-heal|p2a: Skeledirge|84\/100|[from] item: Leftovers\n|-sideend|p2: BatsVGC|Reflect\n|upkeep\n|\n|t:|1699996974\n|switch|p2b: Ogerpon|Ogerpon-Wellspring, L50, F|100\/100\n|turn|9\n|\n|t:|1699997028\n|move|p1a: Palafin|Protect|p1a: Palafin\n|-singleturn|p1a: Palafin|Protect\n|move|p2b: Ogerpon|Horn Leech|p1a: Palafin\n|-activate|p1a: Palafin|move: Protect\n|move|p2a: Skeledirge|Torch Song|p1b: Iron Hands\n|-damage|p1b: Iron Hands|43\/100\n|-boost|p2a: Skeledirge|spa|1\n|move|p1b: Iron Hands|Wild Charge|p2a: Skeledirge\n|-damage|p2a: Skeledirge|41\/100\n|-damage|p1b: Iron Hands|34\/100|[from] Recoil\n|\n|-heal|p1a: Palafin|22\/100|[from] item: Leftovers\n|-heal|p2a: Skeledirge|48\/100|[from] item: Leftovers\n|upkeep\n|turn|10\n|\n|t:|1699997113\n|move|p2b: Ogerpon|Follow Me|p2b: Ogerpon\n|-singleturn|p2b: Ogerpon|move: Follow Me\n|move|p1a: Palafin|Jet Punch|p2b: Ogerpon\n|-immune|p2b: Ogerpon|[from] ability: Water Absorb\n|move|p2a: Skeledirge|Shadow Ball|p1a: Palafin\n|-damage|p1a: Palafin|0 fnt\n|faint|p1a: Palafin\n|move|p1b: Iron Hands|Drain Punch|p2b: Ogerpon\n|-damage|p2b: Ogerpon|58\/100\n|-heal|p1b: Iron Hands|50\/100|[from] drain|[of] p2b: Ogerpon\n|\n|-heal|p2a: Skeledirge|54\/100|[from] item: Leftovers\n|-sideend|p2: BatsVGC|move: Light Screen\n|upkeep\n|turn|11\n|-message|khe7marak forfeited.\n|\n|win|BatsVGC\n|raw|khe7marak's rating: 1137 &rarr; <strong>1105<\/strong><br \/>(-32 for losing)\n|raw|BatsVGC's rating: 1043 &rarr; <strong>1085<\/strong><br \/>(+42 for winning)\n|l|\u2606khe7marak\n","uploadtime":1699997184,"views":7,"p1id":"khe7marak","p2id":"batsvgc","formatid":"gen9vgc2023regulatione","rating":1085,"private":0,"password":""}