{"id":"gen9vgc2023regulatione-1990659147","p1":"Syd2J","p2":"atam24","format":"[Gen 9] VGC 2023 Regulation E","log":"|j|\u2606Syd2J\n|j|\u2606atam24\n|t:|1699989477\n|gametype|doubles\n|player|p1|Syd2J|265|1325\n|player|p2|atam24|265|1431\n|teamsize|p1|6\n|teamsize|p2|6\n|gen|9\n|tier|[Gen 9] VGC 2023 Regulation E\n|rated|\n|rule|Species Clause: Limit one of each Pok\u00e9mon\n|rule|Item Clause: Limit one of each item\n|clearpoke\n|poke|p1|Flutter Mane, L50|\n|poke|p1|Gholdengo, L50|\n|poke|p1|Ogerpon-Wellspring, L50, F|\n|poke|p1|Tornadus, L50, M|\n|poke|p1|Zapdos-Galar, L50|\n|poke|p1|Arcanine-Hisui, L50, F|\n|poke|p2|Sneasler, L50, M|\n|poke|p2|Indeedee-F, L50, F|\n|poke|p2|Armarouge, L50, F|\n|poke|p2|Urshifu-*, L50, M|\n|poke|p2|Chien-Pao, L50|\n|poke|p2|Tornadus, L50, M|\n|teampreview|4\n|inactive|Battle timer is ON: inactive players will automatically lose when time's up. (requested by Syd2J)\n|inactive|Syd2J has 60 seconds left.\n|inactive|atam24 has 60 seconds left.\nSyd2J has agreed to open team sheets.\n|\n|t:|1699989529\n|start\n|switch|p1a: Tornadus|Tornadus, L50, M|100\/100\n|switch|p1b: Arcanine|Arcanine-Hisui, L50, F, shiny|100\/100\n|switch|p2a: Tornadus|Tornadus, L50, M|100\/100\n|switch|p2b: Urshifu|Urshifu-Rapid-Strike, L50, M|100\/100\n|-ability|p1b: Arcanine|Intimidate|boost\n|-unboost|p2a: Tornadus|atk|1\n|-unboost|p2b: Urshifu|atk|1\n|turn|1\n|\n|t:|1699989553\n|-terastallize|p1b: Arcanine|Fairy\n|move|p2a: Tornadus|Tailwind|p2a: Tornadus\n|-sidestart|p2: atam24|move: Tailwind\n|move|p2b: Urshifu|Surging Strikes|p1b: Arcanine\n|-crit|p1b: Arcanine\n|-damage|p1b: Arcanine|76\/100\n|-crit|p1b: Arcanine\n|-damage|p1b: Arcanine|49\/100\n|-crit|p1b: Arcanine\n|-damage|p1b: Arcanine|25\/100\n|-hitcount|p1b: Arcanine|3\n|move|p1a: Tornadus|Bleakwind Storm|p2b: Urshifu|[spread] p2a,p2b\n|-supereffective|p2b: Urshifu\n|-damage|p2a: Tornadus|50\/100\n|-damage|p2b: Urshifu|0 fnt\n|faint|p2b: Urshifu\n|move|p1b: Arcanine|Tera Blast|p2a: Tornadus|[anim] Tera Blast Fairy\n|-damage|p2a: Tornadus|0 fnt\n|faint|p2a: Tornadus\n|\n|upkeep\n|\n|t:|1699989569\n|switch|p2a: Armarouge|Armarouge, L50, F|100\/100\n|switch|p2b: Indeedee|Indeedee-F, L50, F|100\/100\n|-fieldstart|move: Psychic Terrain|[from] ability: Psychic Surge|[of] p2b: Indeedee\n|turn|2\n|inactive|atam24 has 30 seconds left.\n|\n|t:|1699989600\n|move|p2a: Armarouge|Expanding Force|p1a: Tornadus|[spread] p1a,p1b\n|-damage|p1a: Tornadus|34\/100\n|-damage|p1b: Arcanine|0 fnt\n|faint|p1b: Arcanine\n|move|p2b: Indeedee|Psyshock|p1a: Tornadus\n|-damage|p1a: Tornadus|0 fnt\n|faint|p1a: Tornadus\n|\n|upkeep\n|\n|t:|1699989609\n|switch|p1a: Gholdengo|Gholdengo, L50|100\/100\n|switch|p1b: Flutter Mane|Flutter Mane, L50|100\/100\n|turn|3\n|\n|t:|1699989632\n|-terastallize|p2b: Indeedee|Water\n|move|p2b: Indeedee|Helping Hand|p2a: Armarouge\n|-singleturn|p2a: Armarouge|Helping Hand|[of] p2b: Indeedee\n|move|p1a: Gholdengo|Protect|p1a: Gholdengo\n|-singleturn|p1a: Gholdengo|Protect\n|move|p2a: Armarouge|Expanding Force|p1a: Gholdengo|[spread] p1b\n|-activate|p1a: Gholdengo|move: Protect\n|-damage|p1b: Flutter Mane|4\/100\n|move|p1b: Flutter Mane|Shadow Ball|p2a: Armarouge\n|-supereffective|p2a: Armarouge\n|-enditem|p2a: Armarouge|Focus Sash\n|-damage|p2a: Armarouge|1\/100\n|\n|upkeep\n|turn|4\n|\n|t:|1699989654\n|move|p1b: Flutter Mane|Protect|p1b: Flutter Mane\n|-singleturn|p1b: Flutter Mane|Protect\n|move|p2a: Armarouge|Armor Cannon|p1a: Gholdengo\n|-supereffective|p1a: Gholdengo\n|-damage|p1a: Gholdengo|0 fnt\n|-unboost|p2a: Armarouge|def|1\n|-unboost|p2a: Armarouge|spd|1\n|faint|p1a: Gholdengo\n|move|p2b: Indeedee|Psyshock|p1b: Flutter Mane\n|-activate|p1b: Flutter Mane|move: Protect\n|\n|-sideend|p2: atam24|move: Tailwind\n|upkeep\n|turn|5\n|c|\u2606atam24|gg\n|\n|t:|1699989674\n|move|p1b: Flutter Mane|Icy Wind|p2b: Indeedee|[spread] p2a,p2b\n|-resisted|p2a: Armarouge\n|-resisted|p2b: Indeedee\n|-damage|p2a: Armarouge|0 fnt\n|-damage|p2b: Indeedee|92\/100\n|-unboost|p2b: Indeedee|spe|1\n|faint|p2a: Armarouge\n|move|p2b: Indeedee|Psyshock|p1b: Flutter Mane\n|-damage|p1b: Flutter Mane|0 fnt\n|faint|p1b: Flutter Mane\n|-end|p1b: Flutter Mane|Protosynthesis|[silent]\n|\n|win|atam24\n|raw|Syd2J's rating: 1325 &rarr; <strong>1311<\/strong><br \/>(-14 for losing)\n|raw|atam24's rating: 1431 &rarr; <strong>1445<\/strong><br \/>(+14 for winning)\n","uploadtime":1699989678,"views":13,"p1id":"syd2j","p2id":"atam24","formatid":"gen9vgc2023regulatione","rating":1311,"private":0,"password":""}