{"id":"gen9vgc2023regulatione-1999523031","p1":"KaosCarter","p2":"AndrewsWho","format":"[Gen 9] VGC 2023 Regulation E","log":"|j|\u2606KaosCarter\n|j|\u2606AndrewsWho\n|n|\u2606KaosCarter|kaoscarter\n|n|\u2606AndrewsWho|andrewswho\n|html|View the match progress at <a href=\"\/game-bestof3-gen9vgc2023regulatione-1999523030\">game-bestof3-gen9vgc2023regulatione-1999523030<\/a>\n|t:|1701092243\n|gametype|doubles\n|player|p1|KaosCarter|acetrainer-gen4dp|\n|player|p2|AndrewsWho|cynthia-gen4|\n|teamsize|p1|6\n|teamsize|p2|6\n|gen|9\n|tier|[Gen 9] VGC 2023 Regulation E\n|rule|Species Clause: Limit one of each Pok\u00e9mon\n|rule|Item Clause: Limit one of each item\n|clearpoke\n|poke|p1|Heatran, L50, M|\n|poke|p1|Tornadus, L50, M|\n|poke|p1|Sneasler, L50, F|\n|poke|p1|Indeedee-F, L50, F|\n|poke|p1|Shiftry, L50, M|\n|poke|p1|Chi-Yu, L50|\n|poke|p2|Arcanine-Hisui, L50, F|\n|poke|p2|Urshifu-*, L50, F|\n|poke|p2|Tornadus, L50, M|\n|poke|p2|Gholdengo, L50|\n|poke|p2|Iron Hands, L50|\n|poke|p2|Amoonguss, L50, F|\n|teampreview|4\nKaosCarter has agreed to open team sheets.\nAndrewsWho has agreed to open team sheets.\n|showteam|p1|Heatran||SitrusBerry|FlashFire|EarthPower,FlashCannon,HeatWave,Protect|||M|||50|,,,,,Fairy]Tornadus||MentalHerb|Prankster|BleakwindStorm,Tailwind,SunnyDay,ScaryFace|||M|||50|,,,,,Ghost]Sneasler||ClearAmulet|PoisonTouch|DireClaw,CloseCombat,Protect,FakeOut|||F|||50|,,,,,Flying]Indeedee-F||PsychicSeed|PsychicSurge|FollowMe,Psyshock,TrickRoom,Imprison|||F|||50|,,,,,Fairy]Shiftry||FocusSash|WindRider|SuckerPunch,Reversal,LeafBlade,FakeOut|||M|||50|,,,,,Ghost]Chi-Yu||ChoiceSpecs|BeadsofRuin|HeatWave,Psychic,Overheat,DarkPulse||||||50|,,,,,Ghost\n|showteam|p2|Arcanine-Hisui||ChoiceBand|Intimidate|RockSlide,FlareBlitz,ExtremeSpeed,HeadSmash|||F|||50|,,,,,Fairy]Urshifu-Rapid-Strike||MysticWater|UnseenFist|SurgingStrikes,AquaJet,CloseCombat,Detect|||F|||50|,,,,,Water]Tornadus||RockyHelmet|Prankster|BleakwindStorm,Tailwind,RainDance,Protect|||M|||50|,,,,,Steel]Gholdengo||KasibBerry|GoodasGold|MakeItRain,ShadowBall,Protect,NastyPlot||||||50|,,,,,Dragon]Iron Hands||AssaultVest|QuarkDrive|WildCharge,DrainPunch,VoltSwitch,FakeOut||||||50|,,,,,Water]Amoonguss||SitrusBerry|Regenerator|PollenPuff,Spore,RagePowder,Protect|||F|||50|,,,,,Water\n|inactive|Battle timer is ON: inactive players will automatically lose when time's up. (requested by KaosCarter)\n|c|\u2606AndrewsWho|Glhf!\n|\n|t:|1701092268\n|start\n|switch|p1a: Sneasler|Sneasler, L50, F|100\/100\n|switch|p1b: Tornadus|Tornadus, L50, M|100\/100\n|switch|p2a: Tornadus|Tornadus, L50, M|100\/100\n|switch|p2b: Urshifu|Urshifu-Rapid-Strike, L50, F|100\/100\n|turn|1\n|c|\u2606KaosCarter|glhf!\n|\n|t:|1701092290\n|switch|p1a: Shiftry|Shiftry, L50, M|100\/100\n|move|p2b: Urshifu|Detect|p2b: Urshifu\n|-singleturn|p2b: Urshifu|Protect\n|move|p1b: Tornadus|Bleakwind Storm|p2b: Urshifu|[spread] \n|-activate|p2b: Urshifu|move: Protect\n|-miss|p1b: Tornadus|p2a: Tornadus\n|move|p2a: Tornadus|Bleakwind Storm|p1a: Shiftry|[spread] p1b\n|-ability|p1a: Shiftry|Wind Rider|boost\n|-boost|p1a: Shiftry|atk|1\n|-damage|p1b: Tornadus|57\/100\n|-unboost|p1b: Tornadus|spe|1\n|\n|upkeep\n|turn|2\n|inactive|AndrewsWho has 30 seconds left.\n|\n|t:|1701092318\n|switch|p2b: Iron Hands|Iron Hands, L50|100\/100\n|move|p1a: Shiftry|Fake Out|p2b: Iron Hands\n|-damage|p2b: Iron Hands|85\/100\n|move|p2a: Tornadus|Tailwind|p2a: Tornadus\n|-sidestart|p2: AndrewsWho|move: Tailwind\n|move|p1b: Tornadus|Bleakwind Storm|p2a: Tornadus|[spread] p2a\n|-miss|p1b: Tornadus|p2b: Iron Hands\n|-damage|p2a: Tornadus|54\/100\n|\n|upkeep\n|turn|3\n|\n|t:|1701092338\n|-terastallize|p1a: Shiftry|Ghost\n|move|p2a: Tornadus|Protect|p2a: Tornadus\n|-singleturn|p2a: Tornadus|Protect\n|move|p2b: Iron Hands|Fake Out|p1a: Shiftry\n|-immune|p1a: Shiftry\n|move|p1b: Tornadus|Tailwind|p1b: Tornadus\n|-sidestart|p1: KaosCarter|move: Tailwind\n|-ability|p1a: Shiftry|Wind Rider|boost\n|-boost|p1a: Shiftry|atk|1\n|move|p1a: Shiftry|Leaf Blade|p2b: Iron Hands\n|-damage|p2b: Iron Hands|29\/100\n|\n|upkeep\n|turn|4\n|\n|t:|1701092359\n|switch|p1b: Sneasler|Sneasler, L50, F|100\/100\n|move|p2a: Tornadus|Rain Dance|p2a: Tornadus\n|-weather|RainDance\n|move|p1a: Shiftry|Leaf Blade|p2b: Iron Hands\n|-damage|p2b: Iron Hands|0 fnt\n|faint|p2b: Iron Hands\n|-end|p2b: Iron Hands|Quark Drive|[silent]\n|\n|-weather|RainDance|[upkeep]\n|upkeep\n|\n|t:|1701092369\n|switch|p2b: Urshifu|Urshifu-Rapid-Strike, L50, F|100\/100\n|turn|5\n|\n|t:|1701092393\n|switch|p1b: Tornadus|Tornadus, L50, M|57\/100\n|move|p2a: Tornadus|Protect|p2a: Tornadus\n|-singleturn|p2a: Tornadus|Protect\n|move|p2b: Urshifu|Detect|p2b: Urshifu\n|-singleturn|p2b: Urshifu|Protect\n|move|p1a: Shiftry|Leaf Blade|p2b: Urshifu\n|-activate|p2b: Urshifu|move: Protect\n|\n|-weather|RainDance|[upkeep]\n|-sideend|p2: AndrewsWho|move: Tailwind\n|upkeep\n|turn|6\n|inactive|AndrewsWho has 30 seconds left.\n|\n|t:|1701092426\n|-terastallize|p2b: Urshifu|Water\n|move|p2a: Tornadus|Tailwind|p2a: Tornadus\n|-sidestart|p2: AndrewsWho|move: Tailwind\n|move|p1b: Tornadus|Bleakwind Storm|p2a: Tornadus|[spread] p2a,p2b\n|-damage|p2a: Tornadus|8\/100\n|-damage|p2b: Urshifu|54\/100\n|-unboost|p2a: Tornadus|spe|1\n|move|p2b: Urshifu|Surging Strikes|p1a: Shiftry\n|-crit|p1a: Shiftry\n|-damage|p1a: Shiftry|14\/100\n|-crit|p1a: Shiftry\n|-damage|p1a: Shiftry|0 fnt\n|faint|p1a: Shiftry\n|-hitcount|p1: Shiftry|2\n|\n|-weather|RainDance|[upkeep]\n|-sideend|p1: KaosCarter|move: Tailwind\n|upkeep\n|\n|t:|1701092445\n|switch|p1a: Sneasler|Sneasler, L50, F|100\/100\n|turn|7\n|\n|t:|1701092465\n|move|p1a: Sneasler|Fake Out|p2a: Tornadus\n|-damage|p2a: Tornadus|0 fnt\n|-damage|p1a: Sneasler|84\/100|[from] item: Rocky Helmet|[of] p2a: Tornadus\n|faint|p2a: Tornadus\n|move|p1b: Tornadus|Sunny Day|p1b: Tornadus\n|-weather|SunnyDay\n|move|p2b: Urshifu|Surging Strikes|p1b: Tornadus\n|-crit|p1b: Tornadus\n|-damage|p1b: Tornadus|35\/100\n|-crit|p1b: Tornadus\n|-damage|p1b: Tornadus|10\/100\n|-crit|p1b: Tornadus\n|-damage|p1b: Tornadus|0 fnt\n|faint|p1b: Tornadus\n|-hitcount|p1: Tornadus|3\n|\n|-weather|SunnyDay|[upkeep]\n|upkeep\n|\n|t:|1701092477\n|switch|p1b: Chi-Yu|Chi-Yu, L50|100\/100\n|switch|p2a: Gholdengo|Gholdengo, L50|100\/100\n|-ability|p1b: Chi-Yu|Beads of Ruin\n|turn|8\n|\n|t:|1701092496\n|move|p2a: Gholdengo|Nasty Plot|p2a: Gholdengo\n|-boost|p2a: Gholdengo|spa|2\n|move|p2b: Urshifu|Surging Strikes|p1b: Chi-Yu\n|-supereffective|p1b: Chi-Yu\n|-crit|p1b: Chi-Yu\n|-damage|p1b: Chi-Yu|50\/100\n|-supereffective|p1b: Chi-Yu\n|-crit|p1b: Chi-Yu\n|-damage|p1b: Chi-Yu|0 fnt\n|faint|p1b: Chi-Yu\n|-hitcount|p1: Chi-Yu|2\n|move|p1a: Sneasler|Dire Claw|p2b: Urshifu\n|-damage|p2b: Urshifu|5\/100\n|\n|-weather|SunnyDay|[upkeep]\n|upkeep\n|turn|9\n|-message|KaosCarter forfeited.\n|\n|win|AndrewsWho\n|c|&|\/uhtml prompt-kaoscarter,KaosCarter is ready for game 2!\n|inactive|AndrewsWho has 50 seconds to confirm battle start!\n|c|&|\/uhtml prompt-andrewswho,AndrewsWho is ready for game 2!\nBoth players are ready! Starting next match!\n|l|\u2606AndrewsWho\n","uploadtime":1701092517,"views":2,"p1id":"kaoscarter","p2id":"andrewswho","formatid":"gen9vgc2023regulatione","rating":0,"private":0,"password":""}