{"id":"gen9vgc2023regulatione-1988573832","p1":"spiderboi6969","p2":"RocketRonnie!!!","format":"[Gen 9] VGC 2023 Regulation E","log":"|j|\u2606spiderboi6969\n|j|\u2606RocketRonnie!!!\n|t:|1699737659\n|gametype|doubles\n|player|p1|spiderboi6969|169|1173\n|player|p2|RocketRonnie!!!|pokemonrangerf-gen4|1158\n|teamsize|p1|6\n|teamsize|p2|6\n|gen|9\n|tier|[Gen 9] VGC 2023 Regulation E\n|rated|\n|rule|Species Clause: Limit one of each Pok\u00e9mon\n|rule|Item Clause: Limit one of each item\n|clearpoke\n|poke|p1|Slither Wing, L50|\n|poke|p1|Tornadus, L50, M|\n|poke|p1|Iron Moth, L50|\n|poke|p1|Heatran, L50, F|\n|poke|p1|Maushold-Four, L50|\n|poke|p1|Scizor, L50, F|\n|poke|p2|Iron Hands, L50|\n|poke|p2|Moltres-Galar, L50|\n|poke|p2|Sinistcha, L50|\n|poke|p2|Tornadus, L50, M|\n|poke|p2|Ogerpon-Wellspring, L50, F|\n|poke|p2|Landorus-Therian, L50, M|\n|teampreview|4\n|\n|t:|1699737719\n|start\n|switch|p1a: Tornadus|Tornadus, L50, M|100\/100\n|switch|p1b: Heatran|Heatran, L50, F|100\/100\n|switch|p2a: Moltres|Moltres-Galar, L50|100\/100\n|switch|p2b: Iron Hands|Iron Hands, L50|100\/100\n|turn|1\n|\n|t:|1699737735\n|-terastallize|p1b: Heatran|Ghost\n|move|p2b: Iron Hands|Fake Out|p1b: Heatran\n|-immune|p1b: Heatran\n|move|p1a: Tornadus|Sunny Day|p1a: Tornadus\n|-weather|SunnyDay\n|move|p2a: Moltres|Nasty Plot|p2a: Moltres\n|-boost|p2a: Moltres|spa|2\n|move|p1b: Heatran|Heat Wave|p2a: Moltres|[spread] p2a,p2b\n|-damage|p2a: Moltres|56\/100\n|-damage|p2b: Iron Hands|64\/100\n|\n|-weather|SunnyDay|[upkeep]\n|upkeep\n|turn|2\n|inactive|Battle timer is ON: inactive players will automatically lose when time's up. (requested by spiderboi6969)\n|\n|t:|1699737760\n|move|p2a: Moltres|Protect|p2a: Moltres\n|-singleturn|p2a: Moltres|Protect\n|move|p1a: Tornadus|Tailwind|p1a: Tornadus\n|-sidestart|p1: spiderboi6969|move: Tailwind\n|move|p1b: Heatran|Heat Wave|p2a: Moltres|[spread] p2b\n|-activate|p2a: Moltres|move: Protect\n|-damage|p2b: Iron Hands|29\/100\n|-status|p2b: Iron Hands|brn\n|move|p2b: Iron Hands|Wild Charge|p1a: Tornadus\n|-supereffective|p1a: Tornadus\n|-damage|p1a: Tornadus|20\/100\n|-damage|p2b: Iron Hands|17\/100 brn|[from] Recoil\n|\n|-weather|SunnyDay|[upkeep]\n|-damage|p2b: Iron Hands|10\/100 brn|[from] brn\n|upkeep\n|turn|3\n|\n|t:|1699737777\n|move|p1a: Tornadus|Heat Wave|p2b: Iron Hands|[spread] p2a,p2b\n|-damage|p2a: Moltres|31\/100\n|-damage|p2b: Iron Hands|0 fnt\n|faint|p2b: Iron Hands\n|-end|p2b: Iron Hands|Quark Drive|[silent]\n|-ability|p2a: Moltres|Berserk|boost\n|-boost|p2a: Moltres|spa|1\n|-enditem|p2a: Moltres|Sitrus Berry|[eat]\n|-heal|p2a: Moltres|56\/100|[from] item: Sitrus Berry\n|move|p1b: Heatran|Heat Wave|p2a: Moltres\n|-damage|p2a: Moltres|2\/100\n|-status|p2a: Moltres|brn\n|-ability|p2a: Moltres|Berserk|boost\n|-boost|p2a: Moltres|spa|1\n|move|p2a: Moltres|Fiery Wrath|p1a: Tornadus|[spread] p1a,p1b\n|-supereffective|p1b: Heatran\n|-damage|p1a: Tornadus|0 fnt\n|-damage|p1b: Heatran|0 fnt\n|faint|p1a: Tornadus\n|faint|p1b: Heatran\n|\n|-weather|SunnyDay|[upkeep]\n|-damage|p2a: Moltres|0 fnt|[from] brn\n|faint|p2a: Moltres\n|upkeep\n|\n|t:|1699737792\n|switch|p1a: Maushold|Maushold-Four, L50|100\/100\n|switch|p2a: Sinistcha|Sinistcha, L50|100\/100\n|switch|p1b: Iron Moth|Iron Moth, L50|100\/100\n|switch|p2b: Landorus|Landorus-Therian, L50, M|100\/100\n|-ability|p2b: Landorus|Intimidate|boost\n|-unboost|p1a: Maushold|atk|1\n|-unboost|p1b: Iron Moth|atk|1\n|-enditem|p1b: Iron Moth|Booster Energy\n|-activate|p1b: Iron Moth|ability: Quark Drive|[fromitem]\n|-start|p1b: Iron Moth|quarkdrivespa\n|turn|4\n|inactive|RocketRonnie!!! has 30 seconds left.\n|inactive|spiderboi6969 has 30 seconds left.\n|inactive|RocketRonnie!!! has 20 seconds left.\n|\n|t:|1699737831\n|-terastallize|p2a: Sinistcha|Fire\n|move|p1a: Maushold|Tidy Up|p1a: Maushold\n|-boost|p1a: Maushold|atk|1\n|-boost|p1a: Maushold|spe|1\n|move|p1b: Iron Moth|Fiery Dance|p2a: Sinistcha\n|-resisted|p2a: Sinistcha\n|-damage|p2a: Sinistcha|49\/100\n|move|p2b: Landorus|Rock Slide|p1a: Maushold|[spread] p1a,p1b\n|-supereffective|p1b: Iron Moth\n|-damage|p1a: Maushold|60\/100\n|-damage|p1b: Iron Moth|17\/100\n|move|p2a: Sinistcha|Life Dew||[still]|[spread] p2a,p2b\n|-heal|p2a: Sinistcha|75\/100\n|-fail|p2b: Landorus|heal\n|\n|-weather|SunnyDay|[upkeep]\n|upkeep\n|turn|5\n|\n|t:|1699737855\n|move|p2a: Sinistcha|Rage Powder|p2a: Sinistcha\n|-singleturn|p2a: Sinistcha|move: Rage Powder\n|move|p1a: Maushold|Population Bomb|p2a: Sinistcha\n|-damage|p2a: Sinistcha|67\/100\n|-damage|p2a: Sinistcha|60\/100\n|-damage|p2a: Sinistcha|52\/100\n|-damage|p2a: Sinistcha|44\/100\n|-damage|p2a: Sinistcha|36\/100\n|-damage|p2a: Sinistcha|27\/100\n|-damage|p2a: Sinistcha|18\/100\n|-damage|p2a: Sinistcha|10\/100\n|-damage|p2a: Sinistcha|2\/100\n|-damage|p2a: Sinistcha|0 fnt\n|faint|p2a: Sinistcha\n|-hitcount|p2: Sinistcha|10\n|move|p1b: Iron Moth|Fiery Dance|p2b: Landorus\n|-damage|p2b: Landorus|0 fnt\n|faint|p2b: Landorus\n|\n|win|spiderboi6969\n|raw|spiderboi6969's rating: 1173 &rarr; <strong>1197<\/strong><br \/>(+24 for winning)\n|raw|RocketRonnie!!!'s rating: 1158 &rarr; <strong>1134<\/strong><br \/>(-24 for losing)\n|l|\u2606RocketRonnie!!!\n","uploadtime":1699737877,"views":8,"p1id":"spiderboi6969","p2id":"rocketronnie","formatid":"gen9vgc2023regulatione","rating":1134,"private":0,"password":""}