{"id":"gen9vgc2023regulatione-1991542545","p1":"Tuxmux","p2":"Mailman22","format":"[Gen 9] VGC 2023 Regulation E","log":"|j|\u2606Tuxmux\n|j|\u2606Mailman22\n|n|\u2606Tuxmux|tuxmux\n|n|\u2606Mailman22|mailman22\n|html|View the match progress at <a href=\"\/game-bestof3-gen9vgc2023regulatione-1991542544\">game-bestof3-gen9vgc2023regulatione-1991542544<\/a>\n|t:|1700086644\n|gametype|doubles\n|player|p1|Tuxmux|101|\n|player|p2|Mailman22|n-masters3|\n|teamsize|p1|6\n|teamsize|p2|6\n|gen|9\n|tier|[Gen 9] VGC 2023 Regulation E\n|rule|Species Clause: Limit one of each Pok\u00e9mon\n|rule|Item Clause: Limit one of each item\n|clearpoke\n|poke|p1|Ogerpon, L50, F|\n|poke|p1|Tinkaton, L50, F|\n|poke|p1|Pelipper, L50, F|\n|poke|p1|Floatzel, L50, M|\n|poke|p1|Rotom-Heat, L50|\n|poke|p1|Salamence, L50, M|\n|poke|p2|Murkrow, L50, F|\n|poke|p2|Iron Moth, L50|\n|poke|p2|Regidrago, L50|\n|poke|p2|Tauros-Paldea-Aqua, L50, M|\n|poke|p2|Rillaboom, L50, F|\n|poke|p2|Luxray, L50, M|\n|teampreview|4\n|c|\u2606Tuxmux|glhf!\n|j| Jstardude\n|c|\u2606Mailman22|ghlf\n|j| FuratBang\n|j| jayballester\n|\n|t:|1700086735\n|start\n|switch|p1a: Pelipper|Pelipper, L50, F|100\/100\n|switch|p1b: Floatzel|Floatzel, L50, M|100\/100\n|switch|p2a: Dorito|Iron Moth, L50|100\/100\n|switch|p2b: Murkrow|Murkrow, L50, F|100\/100\n|-weather|RainDance|[from] ability: Drizzle|[of] p1a: Pelipper\n|-enditem|p2a: Dorito|Booster Energy\n|-activate|p2a: Dorito|ability: Quark Drive|[fromitem]\n|-start|p2a: Dorito|quarkdrivespa\n|turn|1\n|c| FuratBang|bird battle\n|j| LackieLackey\n|\n|t:|1700086789\n|move|p2a: Dorito|Protect|p2a: Dorito\n|-singleturn|p2a: Dorito|Protect\n|move|p2b: Murkrow|Tailwind|p2b: Murkrow\n|-sidestart|p2: Mailman22|move: Tailwind\n|move|p1b: Floatzel|Ice Spinner|p2b: Murkrow\n|-supereffective|p2b: Murkrow\n|-damage|p2b: Murkrow|24\/100\n|move|p1a: Pelipper|Tailwind|p1a: Pelipper\n|-sidestart|p1: Tuxmux|move: Tailwind\n|\n|-weather|RainDance|[upkeep]\n|upkeep\n|turn|2\n|l| LackieLackey\n|\n|t:|1700086827\n|switch|p1a: Rotom|Rotom-Heat, L50|100\/100\n|move|p2b: Murkrow|Thunder Wave|p1b: Floatzel\n|-status|p1b: Floatzel|par\n|move|p1b: Floatzel|Ice Spinner|p2b: Murkrow\n|-supereffective|p2b: Murkrow\n|-damage|p2b: Murkrow|0 fnt\n|faint|p2b: Murkrow\n|move|p2a: Dorito|Psychic|p1b: Floatzel\n|-damage|p1b: Floatzel|36\/100 par\n|\n|-weather|RainDance|[upkeep]\n|upkeep\n|j| Stryke Out\n|\n|t:|1700086856\n|switch|p2b: Rillaboom|Rillaboom, L50, F|100\/100\n|-fieldstart|move: Grassy Terrain|[from] ability: Grassy Surge|[of] p2b: Rillaboom\n|turn|3\n|\n|t:|1700086889\n|switch|p1b: Tinkaton|Tinkaton, L50, F|100\/100\n|-ability|p1b: Tinkaton|Mold Breaker\n|move|p2b: Rillaboom|Fake Out|p1b: Tinkaton\n|-resisted|p1b: Tinkaton\n|-damage|p1b: Tinkaton|92\/100\n|move|p2a: Dorito|Psychic|p1a: Rotom\n|-crit|p1a: Rotom\n|-damage|p1a: Rotom|13\/100\n|move|p1a: Rotom|Eerie Impulse|p2a: Dorito\n|-unboost|p2a: Dorito|spa|2\n|\n|-weather|RainDance|[upkeep]\n|-heal|p1b: Tinkaton|98\/100|[from] Grassy Terrain\n|-heal|p1b: Tinkaton|100\/100|[from] item: Leftovers\n|upkeep\n|turn|4\n|j| ryanogiggs11\n|c| FuratBang|deadmux\n|\n|t:|1700086960\n|move|p2a: Dorito|Protect|p2a: Dorito\n|-singleturn|p2a: Dorito|Protect\n|move|p1b: Tinkaton|Fake Out|p2b: Rillaboom\n|-damage|p2b: Rillaboom|92\/100\n|cant|p2b: Rillaboom|flinch\n|move|p1a: Rotom|Overheat|p2b: Rillaboom\n|-supereffective|p2b: Rillaboom\n|-damage|p2b: Rillaboom|43\/100\n|-unboost|p1a: Rotom|spa|2\n|\n|-weather|RainDance|[upkeep]\n|-heal|p2b: Rillaboom|49\/100|[from] Grassy Terrain\n|-sideend|p1: Tuxmux|move: Tailwind\n|-sideend|p2: Mailman22|move: Tailwind\n|upkeep\n|turn|5\n|\n|t:|1700086988\n|move|p2b: Rillaboom|Grassy Glide|p1a: Rotom\n|-resisted|p1a: Rotom\n|-damage|p1a: Rotom|0 fnt\n|faint|p1a: Rotom\n|move|p1b: Tinkaton|Play Rough|p2b: Rillaboom\n|-damage|p2b: Rillaboom|22\/100\n|move|p2a: Dorito|Fiery Dance|p1b: Tinkaton\n|-supereffective|p1b: Tinkaton\n|-damage|p1b: Tinkaton|72\/100\n|-boost|p2a: Dorito|spa|1\n|\n|-weather|none\n|-heal|p1b: Tinkaton|79\/100|[from] Grassy Terrain\n|-heal|p1b: Tinkaton|85\/100|[from] item: Leftovers\n|-heal|p2b: Rillaboom|28\/100|[from] Grassy Terrain\n|upkeep\n|\n|t:|1700086997\n|switch|p1a: Pelipper|Pelipper, L50, F|100\/100\n|-weather|RainDance|[from] ability: Drizzle|[of] p1a: Pelipper\n|turn|6\n|\n|t:|1700087045\n|move|p1b: Tinkaton|Gigaton Hammer|p2b: Rillaboom\n|-damage|p2b: Rillaboom|0 fnt\n|faint|p2b: Rillaboom\n|move|p2a: Dorito|Psychic|p1a: Pelipper\n|-damage|p1a: Pelipper|54\/100\n|move|p1a: Pelipper|Weather Ball|p2a: Dorito\n|-supereffective|p2a: Dorito\n|-damage|p2a: Dorito|0 fnt\n|faint|p2a: Dorito\n|-end|p2a: Dorito|Quark Drive|[silent]\n|\n|-weather|RainDance|[upkeep]\n|-heal|p1b: Tinkaton|91\/100|[from] Grassy Terrain\n|-heal|p1b: Tinkaton|97\/100|[from] item: Leftovers\n|upkeep\n|\n|t:|1700087054\n|switch|p2b: Regidrago|Regidrago, L50|100\/100\n|turn|7\n|c| FuratBang|oh lol\n|\n|t:|1700087105\n|-terastallize|p1b: Tinkaton|Fairy\n|-terastallize|p2b: Regidrago|Steel\n|move|p1b: Tinkaton|Play Rough|p2b: Regidrago\n|-resisted|p2b: Regidrago\n|-damage|p2b: Regidrago|82\/100\n|-unboost|p2b: Regidrago|atk|1\n|move|p2b: Regidrago|Tera Blast|p1b: Tinkaton|[anim] Tera Blast Steel\n|-supereffective|p1b: Tinkaton\n|-damage|p1b: Tinkaton|40\/100\n|move|p1a: Pelipper|Hurricane|p2b: Regidrago\n|-resisted|p2b: Regidrago\n|-damage|p2b: Regidrago|56\/100\n|\n|-weather|RainDance|[upkeep]\n|-heal|p1b: Tinkaton|46\/100|[from] Grassy Terrain\n|-heal|p1b: Tinkaton|52\/100|[from] item: Leftovers\n|-heal|p2b: Regidrago|62\/100|[from] Grassy Terrain\n|-fieldend|move: Grassy Terrain\n|upkeep\n|turn|8\n|c|\u2606Mailman22|I remember thinking about pelliper and floated this morning but forgot to do anything about it lol\n|\n|t:|1700087134\n|switch|p1b: Floatzel|Floatzel, L50, M|36\/100 par\n|move|p1a: Pelipper|Protect|p1a: Pelipper\n|-singleturn|p1a: Pelipper|Protect\n|move|p2b: Regidrago|Dragon Pulse|p1a: Pelipper\n|-activate|p1a: Pelipper|move: Protect\n|\n|-weather|RainDance|[upkeep]\n|upkeep\n|turn|9\n|\n|t:|1700087160\n|move|p1b: Floatzel|Wave Crash|p2b: Regidrago\n|-damage|p2b: Regidrago|0 fnt\n|faint|p2b: Regidrago\n|-damage|p1b: Floatzel|0 fnt|[from] Recoil\n|faint|p1b: Floatzel\n|\n|win|Tuxmux\n|c|\u2606Mailman22|gg\n|c|\u2606Tuxmux|gg\n|l| Stryke Out\n|inactive|Tuxmux has 50 seconds to confirm battle start!\n|inactive|Mailman22 has 50 seconds to confirm battle start!\n|c|&|\/uhtml prompt-mailman22,Mailman22 is ready for game 2!\n|c|&|\/uhtml prompt-tuxmux,Tuxmux is ready for game 2!\nBoth players are ready! Starting next match!\n|l| Jstardude\n|l| jayballester\n","uploadtime":1700087819,"views":18,"p1id":"tuxmux","p2id":"mailman22","formatid":"gen9vgc2023regulatione","rating":0,"private":0,"password":""}