{"id":"gen9vgc2023regulatione-1990763295","p1":"bobforte22","p2":"god'sleftpinky","format":"[Gen 9] VGC 2023 Regulation E","log":"|j|\u2606bobforte22\n|j|\u2606god'sleftpinky\n|t:|1699998524\n|gametype|doubles\n|player|p1|bobforte22|pilot|1244\n|player|p2|god'sleftpinky|birdkeeper-gen4dp|1142\n|teamsize|p1|6\n|teamsize|p2|6\n|gen|9\n|tier|[Gen 9] VGC 2023 Regulation E\n|rated|\n|rule|Species Clause: Limit one of each Pok\u00e9mon\n|rule|Item Clause: Limit one of each item\n|clearpoke\n|poke|p1|Chi-Yu, L50|\n|poke|p1|Jolteon, L50, M|\n|poke|p1|Iron Hands, L50|\n|poke|p1|Iron Bundle, L50|\n|poke|p1|Arcanine, L50, F|\n|poke|p1|Garchomp, L50, M|\n|poke|p2|Regieleki, L50|\n|poke|p2|Flutter Mane, L50|\n|poke|p2|Palafin, L50, M|\n|poke|p2|Roaring Moon, L50|\n|poke|p2|Weezing, L50, M|\n|poke|p2|Landorus-Therian, L50, M|\n|teampreview|4\n|\n|t:|1699998553\n|start\n|switch|p1a: Iron Hands|Iron Hands, L50|100\/100\n|switch|p1b: Iron Bundle|Iron Bundle, L50|100\/100\n|switch|p2a: Palafin|Palafin, L50, M|100\/100\n|switch|p2b: Regieleki|Regieleki, L50|100\/100\n|turn|1\n|inactive|Battle timer is ON: inactive players will automatically lose when time's up. (requested by bobforte22)\n|\n|t:|1699998622\n|detailschange|p2a: Palafin|Palafin-Hero, L50, M\n|switch|p2a: Landorus|Landorus-Therian, L50, M|100\/100\n|-ability|p2a: Landorus|Intimidate|boost\n|-unboost|p1a: Iron Hands|atk|1\n|-unboost|p1b: Iron Bundle|atk|1\n|move|p1b: Iron Bundle|Protect|p1b: Iron Bundle\n|-singleturn|p1b: Iron Bundle|Protect\n|move|p2b: Regieleki|Volt Switch|p1b: Iron Bundle\n|-activate|p1b: Iron Bundle|move: Protect\n|move|p1a: Iron Hands|Drain Punch|p2b: Regieleki\n|-damage|p2b: Regieleki|42\/100\n|\n|upkeep\n|turn|2\n|\n|t:|1699998646\n|-end|p1b: Iron Bundle|Quark Drive|[silent]\n|switch|p1b: Garchomp|Garchomp, L50, M|100\/100\n|move|p2b: Regieleki|Volt Switch|p1b: Garchomp\n|-immune|p1b: Garchomp\n|move|p2a: Landorus|Stomping Tantrum|p1a: Iron Hands\n|-supereffective|p1a: Iron Hands\n|-damage|p1a: Iron Hands|38\/100\n|move|p1a: Iron Hands|Drain Punch|p2b: Regieleki\n|-damage|p2b: Regieleki|0 fnt\n|-heal|p1a: Iron Hands|52\/100|[from] drain|[of] p2b: Regieleki\n|faint|p2b: Regieleki\n|\n|upkeep\n|\n|t:|1699998656\n|switch|p2b: Palafin|Palafin-Hero, L50, M|100\/100\n|-activate|p2b: Palafin|ability: Zero to Hero\n|turn|3\n|inactive|god'sleftpinky has 30 seconds left.\n|\n|t:|1699998682\n|switch|p2a: Weezing|Weezing, L50, M|100\/100\n|-ability|p2a: Weezing|Neutralizing Gas\n|-end|p1a: Iron Hands|Quark Drive|[silent]\n|switch|p1a: Iron Bundle|Iron Bundle, L50|100\/100\n|-terastallize|p1b: Garchomp|Ice\n|-terastallize|p2b: Palafin|Water\n|move|p2b: Palafin|Jet Punch|p1b: Garchomp\n|-damage|p1b: Garchomp|34\/100\n|move|p1b: Garchomp|Tera Blast|p2a: Weezing|[anim] Tera Blast Ice\n|-damage|p2a: Weezing|53\/100\n|\n|upkeep\n|turn|4\n|\n|t:|1699998701\n|switch|p1b: Iron Hands|Iron Hands, L50|52\/100\n|move|p2b: Palafin|Protect|p2b: Palafin\n|-singleturn|p2b: Palafin|Protect\n|move|p1a: Iron Bundle|Freeze-Dry|p2b: Palafin\n|-activate|p2b: Palafin|move: Protect\n|move|p2a: Weezing|Sludge Bomb|p1b: Iron Hands\n|-damage|p1b: Iron Hands|34\/100\n|\n|upkeep\n|turn|5\n|\n|t:|1699998723\n|-end|p2a: Weezing|ability: Neutralizing Gas\n|switch|p2a: Landorus|Landorus-Therian, L50, M|100\/100\n|-ability|p2a: Landorus|Intimidate|boost\n|-unboost|p1a: Iron Bundle|atk|1\n|-unboost|p1b: Iron Hands|atk|1\n|move|p1b: Iron Hands|Fake Out|p2b: Palafin\n|-damage|p2b: Palafin|91\/100\n|move|p1a: Iron Bundle|Freeze-Dry|p2b: Palafin\n|-supereffective|p2b: Palafin\n|-damage|p2b: Palafin|31\/100\n|cant|p2b: Palafin|flinch\n|\n|upkeep\n|turn|6\n|\n|t:|1699998743\n|move|p1a: Iron Bundle|Protect|p1a: Iron Bundle\n|-singleturn|p1a: Iron Bundle|Protect\n|move|p2b: Palafin|Protect|p2b: Palafin\n|-singleturn|p2b: Palafin|Protect\n|move|p2a: Landorus|Rock Slide|p1b: Iron Hands|[spread] p1b\n|-activate|p1a: Iron Bundle|move: Protect\n|-resisted|p1b: Iron Hands\n|-damage|p1b: Iron Hands|27\/100\n|move|p1b: Iron Hands|Wild Charge|p2b: Palafin\n|-activate|p2b: Palafin|move: Protect\n|\n|upkeep\n|turn|7\n|inactive|god'sleftpinky has 30 seconds left.\n|\n|t:|1699998776\n|-end|p1a: Iron Bundle|Quark Drive|[silent]\n|switch|p1a: Garchomp|Garchomp, L50, M, tera:Ice|34\/100\n|switch|p2b: Weezing|Weezing, L50, M|53\/100\n|-ability|p2b: Weezing|Neutralizing Gas\n|move|p2a: Landorus|Rock Slide|p1a: Garchomp|[spread] p1a,p1b\n|-supereffective|p1a: Garchomp\n|-resisted|p1b: Iron Hands\n|-damage|p1a: Garchomp|0 fnt\n|-damage|p1b: Iron Hands|20\/100\n|faint|p1a: Garchomp\n|move|p1b: Iron Hands|Wild Charge|p2b: Weezing\n|-damage|p2b: Weezing|13\/100\n|-damage|p1b: Iron Hands|14\/100|[from] Recoil\n|\n|upkeep\n|\n|t:|1699998794\n|switch|p1a: Iron Bundle|Iron Bundle, L50|100\/100\n|turn|8\n|\n|t:|1699998809\n|-end|p1b: Iron Hands|Quark Drive|[silent]\n|switch|p1b: Jolteon|Jolteon, L50, M|100\/100\n|move|p2a: Landorus|Rock Slide|p1a: Iron Bundle|[spread] p1a,p1b\n|-supereffective|p1a: Iron Bundle\n|-damage|p1a: Iron Bundle|68\/100\n|-damage|p1b: Jolteon|74\/100\n|move|p1a: Iron Bundle|Freeze-Dry|p2a: Landorus\n|-supereffective|p2a: Landorus\n|-damage|p2a: Landorus|0 fnt\n|faint|p2a: Landorus\n|move|p2b: Weezing|Sludge Bomb|p1a: Iron Bundle\n|-damage|p1a: Iron Bundle|11\/100\n|\n|upkeep\n|\n|t:|1699998821\n|switch|p2a: Palafin|Palafin-Hero, L50, M, tera:Water|31\/100\n|turn|9\n|\n|t:|1699998830\n|move|p2a: Palafin|Protect|p2a: Palafin\n|-singleturn|p2a: Palafin|Protect\n|move|p1a: Iron Bundle|Freeze-Dry|p2b: Weezing\n|-damage|p2b: Weezing|0 fnt\n|faint|p2b: Weezing\n|-end|p2b: Weezing|ability: Neutralizing Gas\n|move|p1b: Jolteon|Thunderbolt|p2a: Palafin\n|-activate|p2a: Palafin|move: Protect\n|\n|upkeep\n|turn|10\n|\n|t:|1699998840\n|move|p2a: Palafin|Jet Punch|p1b: Jolteon\n|-damage|p1b: Jolteon|0 fnt\n|faint|p1b: Jolteon\n|move|p1a: Iron Bundle|Freeze-Dry|p2a: Palafin\n|-supereffective|p2a: Palafin\n|-damage|p2a: Palafin|0 fnt\n|faint|p2a: Palafin\n|\n|win|bobforte22\n|raw|bobforte22's rating: 1244 &rarr; <strong>1262<\/strong><br \/>(+18 for winning)\n|raw|god&apos;sleftpinky's rating: 1142 &rarr; <strong>1124<\/strong><br \/>(-18 for losing)\n|l|\u2606god'sleftpinky\n","uploadtime":1699998850,"views":8,"p1id":"bobforte22","p2id":"godsleftpinky","formatid":"gen9vgc2023regulatione","rating":1124,"private":0,"password":""}