{"id":"gen9vgc2023regulatione-1994578221","p1":"Rewolf3","p2":"Poke_Kekoa","format":"[Gen 9] VGC 2023 Regulation E","log":"|j|\u2606Rewolf3\n|j|\u2606Poke_Kekoa\n|t:|1700463164\n|gametype|doubles\n|player|p1|Rewolf3|ingo|1116\n|player|p2|Poke_Kekoa|n|1079\n|teamsize|p1|6\n|teamsize|p2|6\n|gen|9\n|tier|[Gen 9] VGC 2023 Regulation E\n|rated|\n|rule|Species Clause: Limit one of each Pok\u00e9mon\n|rule|Item Clause: Limit one of each item\n|clearpoke\n|poke|p1|Arcanine-Hisui, L50, F|\n|poke|p1|Ogerpon-Wellspring, L50, F|\n|poke|p1|Gholdengo, L50|\n|poke|p1|Roaring Moon, L50|\n|poke|p1|Rillaboom, L50, F|\n|poke|p1|Regieleki, L50|\n|poke|p2|Skeledirge, L50, F|\n|poke|p2|Talonflame, L50, F|\n|poke|p2|Torkoal, L50, F|\n|poke|p2|Charizard, L50, M|\n|poke|p2|Rotom-Heat, L50|\n|poke|p2|Ogerpon-Hearthflame, L50, F|\n|teampreview|4\n|inactive|Battle timer is ON: inactive players will automatically lose when time's up. (requested by Poke_Kekoa)\n|\n|t:|1700463203\n|start\n|switch|p1a: Regieleki|Regieleki, L50|100\/100\n|switch|p1b: Ogerpon|Ogerpon-Wellspring, L50, F|100\/100\n|switch|p2a: Bunsen|Torkoal, L50, F|100\/100\n|switch|p2b: Bugga|Charizard, L50, M, shiny|100\/100\n|-weather|SunnyDay|[from] ability: Drought|[of] p2a: Bunsen\n|turn|1\n|inactive|Poke_Kekoa has 30 seconds left.\n|\n|t:|1700463237\n|-terastallize|p2b: Bugga|Ice\n|-terastallize|p1b: Ogerpon|Water\n|detailschange|p1b: Ogerpon|Ogerpon-Wellspring-Tera, L50, F, tera:Water\n|-ability|p1b: Ogerpon|Embody Aspect (Wellspring)|boost\n|-boost|p1b: Ogerpon|spd|1\n|move|p1a: Regieleki|Electroweb|p2a: Bunsen|[spread] p2a,p2b\n|-damage|p2a: Bunsen|68\/100\n|-damage|p2b: Bugga|71\/100\n|-unboost|p2a: Bunsen|spe|1\n|-unboost|p2b: Bugga|spe|1\n|move|p1b: Ogerpon|Ivy Cudgel|p2a: Bunsen|[anim] Ivy Cudgel Water\n|-supereffective|p2a: Bunsen\n|-damage|p2a: Bunsen|14\/100\n|move|p2b: Bugga|Solar Beam||[still]\n|-prepare|p2b: Bugga|Solar Beam\n|-anim|p2b: Bugga|Solar Beam|p1b: Ogerpon\n|-supereffective|p1b: Ogerpon\n|-damage|p1b: Ogerpon|21\/100\n|move|p2a: Bunsen|Earth Power|p1a: Regieleki\n|-supereffective|p1a: Regieleki\n|-damage|p1a: Regieleki|4\/100\n|\n|-weather|SunnyDay|[upkeep]\n|-damage|p2b: Bugga|59\/100|[from] ability: Solar Power|[of] p2b: Bugga\n|upkeep\n|turn|2\n|inactive|Rewolf3 has 30 seconds left.\n|inactive|Poke_Kekoa has 30 seconds left.\n|inactive|Rewolf3 has 20 seconds left.\n|inactive|Poke_Kekoa has 20 seconds left.\n|inactive|Poke_Kekoa has 15 seconds left.\n|inactive|Poke_Kekoa has 10 seconds left.\n|\n|t:|1700463285\n|move|p1a: Regieleki|Thunderbolt|p2b: Bugga\n|-damage|p2b: Bugga|0 fnt\n|faint|p2b: Bugga\n|move|p1b: Ogerpon|Ivy Cudgel|p2a: Bunsen|[anim] Ivy Cudgel Water\n|-supereffective|p2a: Bunsen\n|-damage|p2a: Bunsen|0 fnt\n|faint|p2a: Bunsen\n|\n|-weather|SunnyDay|[upkeep]\n|upkeep\n|\n|t:|1700463294\n|switch|p2b: Ponyo|Ogerpon-Hearthflame, L50, F|100\/100\n|switch|p2a: Firefly|Talonflame, L50, F|100\/100\n|-ability|p2b: Ponyo|Mold Breaker\n|turn|3\n|\n|t:|1700463311\n|move|p1a: Regieleki|Protect|p1a: Regieleki\n|-singleturn|p1a: Regieleki|Protect\n|move|p1b: Ogerpon|Spiky Shield|p1b: Ogerpon\n|-singleturn|p1b: Ogerpon|move: Protect\n|move|p2a: Firefly|Acrobatics|p1a: Regieleki\n|-activate|p1a: Regieleki|move: Protect\n|move|p2b: Ponyo|Horn Leech|p1b: Ogerpon\n|-activate|p1b: Ogerpon|move: Protect\n|-damage|p2b: Ponyo|88\/100|[from] Spiky Shield|[of] p1b: Ogerpon\n|\n|-weather|SunnyDay|[upkeep]\n|upkeep\n|turn|4\n|inactive|Rewolf3 has 30 seconds left.\n|\n|t:|1700463340\n|move|p2a: Firefly|Acrobatics|p1a: Regieleki\n|-resisted|p1a: Regieleki\n|-damage|p1a: Regieleki|0 fnt\n|faint|p1a: Regieleki\n|move|p2b: Ponyo|Horn Leech|p1b: Ogerpon\n|-supereffective|p1b: Ogerpon\n|-damage|p1b: Ogerpon|0 fnt\n|-heal|p2b: Ponyo|100\/100|[from] drain|[of] p1b: Ogerpon\n|faint|p1b: Ogerpon\n|\n|-weather|SunnyDay|[upkeep]\n|upkeep\n|\n|t:|1700463351\n|switch|p1a: Roaring Moon|Roaring Moon, L50|100\/100\n|switch|p1b: Arcanine|Arcanine-Hisui, L50, F|100\/100\n|-activate|p1a: Roaring Moon|ability: Protosynthesis\n|-start|p1a: Roaring Moon|protosynthesisatk\n|-ability|p1b: Arcanine|Intimidate|boost\n|-unboost|p2a: Firefly|atk|1\n|-unboost|p2b: Ponyo|atk|1\n|turn|5\n|inactive|Rewolf3 has 30 seconds left.\n|inactive|Rewolf3 has 20 seconds left.\n|\n|t:|1700463391\n|move|p1b: Arcanine|Extreme Speed|p2a: Firefly\n|-damage|p2a: Firefly|41\/100\n|move|p2a: Firefly|Tailwind|p2a: Firefly\n|-sidestart|p2: Poke_Kekoa|move: Tailwind\n|move|p2b: Ponyo|Play Rough|p1a: Roaring Moon\n|-supereffective|p1a: Roaring Moon\n|-damage|p1a: Roaring Moon|0 fnt\n|faint|p1a: Roaring Moon\n|-end|p1a: Roaring Moon|Protosynthesis|[silent]\n|\n|-weather|none\n|upkeep\n|turn|6\n|inactive|Poke_Kekoa has 30 seconds left.\n|inactive|Poke_Kekoa has 20 seconds left.\n|inactive|Poke_Kekoa has 15 seconds left.\n|\n|t:|1700463433\n|move|p1b: Arcanine|Extreme Speed|p2a: Firefly\n|-damage|p2a: Firefly|0 fnt\n|faint|p2a: Firefly\n|move|p2b: Ponyo|Horn Leech|p1b: Arcanine\n|-damage|p1b: Arcanine|63\/100\n|\n|upkeep\n|turn|7\n|\n|t:|1700463441\n|move|p2b: Ponyo|Spiky Shield|p2b: Ponyo\n|-singleturn|p2b: Ponyo|move: Protect\n|move|p1b: Arcanine|Extreme Speed|p2b: Ponyo\n|-activate|p2b: Ponyo|move: Protect\n|-damage|p1b: Arcanine|50\/100|[from] Spiky Shield|[of] p2b: Ponyo\n|\n|upkeep\n|turn|8\n|\n|t:|1700463452\n|move|p1b: Arcanine|Extreme Speed|p2b: Ponyo\n|-damage|p2b: Ponyo|50\/100\n|move|p2b: Ponyo|Ivy Cudgel|p1b: Arcanine|[anim] Ivy Cudgel Fire\n|-resisted|p1b: Arcanine\n|-damage|p1b: Arcanine|38\/100\n|\n|-sideend|p2: Poke_Kekoa|move: Tailwind\n|upkeep\n|turn|9\n|\n|t:|1700463460\n|move|p2b: Ponyo|Spiky Shield|p2b: Ponyo\n|-singleturn|p2b: Ponyo|move: Protect\n|move|p1b: Arcanine|Extreme Speed|p1: Roaring Moon|[notarget]\n|-fail|p1b: Arcanine\n|\n|upkeep\n|turn|10\n|\n|t:|1700463466\n|move|p1b: Arcanine|Extreme Speed|p2b: Ponyo\n|-damage|p2b: Ponyo|0 fnt\n|faint|p2b: Ponyo\n|\n|win|Rewolf3\n|raw|Rewolf3's rating: 1116 &rarr; <strong>1138<\/strong><br \/>(+22 for winning)\n|raw|Poke_Kekoa's rating: 1079 &rarr; <strong>1059<\/strong><br \/>(-20 for losing)\n","uploadtime":1700463473,"views":26,"p1id":"rewolf3","p2id":"pokekekoa","formatid":"gen9vgc2023regulatione","rating":1059,"private":0,"password":""}