{"id":"gen9vgc2023regulatione-1993462455","p1":"askebom","p2":"gonegeb","format":"[Gen 9] VGC 2023 Regulation E","log":"|j|\u2606askebom\n|j|\u2606gonegeb\n|t:|1700320877\n|gametype|doubles\n|player|p1|askebom|colress|1148\n|player|p2|gonegeb|alain|1137\n|teamsize|p1|6\n|teamsize|p2|6\n|gen|9\n|tier|[Gen 9] VGC 2023 Regulation E\n|rated|\n|rule|Species Clause: Limit one of each Pok\u00e9mon\n|rule|Item Clause: Limit one of each item\n|clearpoke\n|poke|p1|Flamigo, L50, M|\n|poke|p1|Dondozo, L50, F|\n|poke|p1|Tatsugiri, L50, M|\n|poke|p1|Gothitelle, L50, F|\n|poke|p1|Ting-Lu, L50|\n|poke|p1|Scream Tail, L50|\n|poke|p2|Lucario, L50, M|\n|poke|p2|Umbreon, L50, M|\n|poke|p2|Arcanine, L50, F|\n|poke|p2|Ceruledge, L50, M|\n|poke|p2|Maushold, L50|\n|poke|p2|Ursaluna-Bloodmoon, L50, M|\n|teampreview|4\n|inactive|Battle timer is ON: inactive players will automatically lose when time's up. (requested by askebom)\naskebom has agreed to open team sheets.\n|inactive|gonegeb has 60 seconds left.\n|inactive|gonegeb has 30 seconds left.\n|\n|t:|1700320961\n|start\n|switch|p1a: Scream Tail|Scream Tail, L50|100\/100\n|switch|p1b: Tatsugiri|Tatsugiri, L50, M, shiny|100\/100\n|switch|p2a: Ursaluna|Ursaluna-Bloodmoon, L50, M|100\/100\n|switch|p2b: Maushold|Maushold, L50|100\/100\n|-enditem|p1a: Scream Tail|Booster Energy\n|-activate|p1a: Scream Tail|ability: Protosynthesis|[fromitem]\n|-start|p1a: Scream Tail|protosynthesisspe\n|turn|1\n|\n|t:|1700320978\n|-terastallize|p2a: Ursaluna|Normal\n|move|p1b: Tatsugiri|Protect|p1b: Tatsugiri\n|-singleturn|p1b: Tatsugiri|Protect\n|move|p1a: Scream Tail|Perish Song|p1a: Scream Tail\n|-start|p1a: Scream Tail|perish3|[silent]\n|-start|p1b: Tatsugiri|perish3|[silent]\n|-start|p2a: Ursaluna|perish3|[silent]\n|-start|p2b: Maushold|perish3|[silent]\n|-fieldactivate|move: Perish Song\n|move|p2b: Maushold|Taunt|p1a: Scream Tail\n|-start|p1a: Scream Tail|move: Taunt\n|move|p2a: Ursaluna|Hyper Voice|p1b: Tatsugiri|[spread] p1a\n|-activate|p1b: Tatsugiri|move: Protect\n|-damage|p1a: Scream Tail|53\/100\n|-enditem|p2a: Ursaluna|Throat Spray\n|-boost|p2a: Ursaluna|spa|1|[from] item: Throat Spray\n|\n|-start|p1a: Scream Tail|perish3\n|-start|p2b: Maushold|perish3\n|-start|p1b: Tatsugiri|perish3\n|-start|p2a: Ursaluna|perish3\n|upkeep\n|turn|2\n|inactive|askebom has 30 seconds left.\n|inactive|gonegeb has 30 seconds left.\n|\n|t:|1700321011\n|-end|p1a: Scream Tail|Protosynthesis|[silent]\n|switch|p1a: Dondozo|Dondozo, L50, F|100\/100\n|-activate|p1b: Tatsugiri|ability: Commander|[of] p1a: Dondozo\n|-boost|p1a: Dondozo|atk|2\n|-boost|p1a: Dondozo|spa|2\n|-boost|p1a: Dondozo|spe|2\n|-boost|p1a: Dondozo|def|2\n|-boost|p1a: Dondozo|spd|2\n|switch|p2b: Ceruledge|Ceruledge, L50, M, shiny|100\/100\n|move|p2a: Ursaluna|Blood Moon|p1a: Dondozo\n|-damage|p1a: Dondozo|35\/100\n|\n|-heal|p1a: Dondozo|41\/100|[from] item: Leftovers\n|-start|p1b: Tatsugiri|perish2\n|-start|p2a: Ursaluna|perish2\n|upkeep\n|turn|3\n|\n|t:|1700321032\n|move|p1a: Dondozo|Protect|p1a: Dondozo\n|-singleturn|p1a: Dondozo|Protect\n|move|p2a: Ursaluna|Protect|p2a: Ursaluna\n|-singleturn|p2a: Ursaluna|Protect\n|move|p2b: Ceruledge|Clear Smog|p1a: Dondozo\n|-activate|p1a: Dondozo|move: Protect\n|\n|-heal|p1a: Dondozo|47\/100|[from] item: Leftovers\n|-start|p1b: Tatsugiri|perish1\n|-start|p2a: Ursaluna|perish1\n|upkeep\n|turn|4\n|\n|t:|1700321047\n|switch|p2a: Maushold|Maushold, L50|100\/100\n|move|p1a: Dondozo|Wave Crash|p2b: Ceruledge\n|-supereffective|p2b: Ceruledge\n|-damage|p2b: Ceruledge|0 fnt\n|faint|p2b: Ceruledge\n|-damage|p1a: Dondozo|21\/100|[from] Recoil\n|\n|-heal|p1a: Dondozo|27\/100|[from] item: Leftovers\n|-start|p1b: Tatsugiri|perish0\n|upkeep\n|faint|p1b: Tatsugiri\n|\n|t:|1700321057\n|switch|p1b: Flamigo|Flamigo, L50, M|100\/100\n|switch|p2b: Ursaluna|Ursaluna-Bloodmoon, L50, M, tera:Normal|100\/100\n|-copyboost|p1b: Flamigo|p1a: Dondozo|[from] ability: Costar\n|turn|5\n|\n|t:|1700321071\n|move|p2a: Maushold|Follow Me|p2a: Maushold\n|-singleturn|p2a: Maushold|move: Follow Me\n|move|p1b: Flamigo|Close Combat|p2a: Maushold\n|-supereffective|p2a: Maushold\n|-damage|p2a: Maushold|0 fnt\n|-unboost|p1b: Flamigo|def|1\n|-unboost|p1b: Flamigo|spd|1\n|faint|p2a: Maushold\n|move|p1a: Dondozo|Wave Crash|p2b: Ursaluna\n|-damage|p2b: Ursaluna|40\/100\n|-damage|p1a: Dondozo|8\/100|[from] Recoil\n|move|p2b: Ursaluna|Hyper Voice|p1a: Dondozo|[spread] p1a,p1b\n|-damage|p1a: Dondozo|0 fnt\n|-damage|p1b: Flamigo|53\/100\n|faint|p1a: Dondozo\n|\n|upkeep\n|\n|t:|1700321087\n|switch|p2a: Lucario|Lucario, L50, M|100\/100\n|switch|p1a: Scream Tail|Scream Tail, L50|53\/100\n|turn|6\n|\n|t:|1700321109\n|move|p1b: Flamigo|Close Combat|p2a: Lucario\n|-supereffective|p2a: Lucario\n|-enditem|p2a: Lucario|Focus Sash\n|-damage|p2a: Lucario|1\/100\n|-unboost|p1b: Flamigo|def|1\n|-unboost|p1b: Flamigo|spd|1\n|move|p1a: Scream Tail|Disable|p2b: Ursaluna\n|-start|p2b: Ursaluna|Disable|Hyper Voice\n|move|p2a: Lucario|Swords Dance|p2a: Lucario\n|-boost|p2a: Lucario|atk|2\n|cant|p2b: Ursaluna|Disable|Hyper Voice\n|\n|upkeep\n|turn|7\n|inactive|askebom has 30 seconds left.\n|inactive|gonegeb has 30 seconds left.\n|\n|t:|1700321138\n|move|p2a: Lucario|Extreme Speed|p1b: Flamigo\n|-damage|p1b: Flamigo|0 fnt\n|faint|p1b: Flamigo\n|move|p1a: Scream Tail|Encore|p2b: Ursaluna\n|-start|p2b: Ursaluna|Encore\n|cant|p2b: Ursaluna|Disable|Hyper Voice\n|\n|upkeep\n|turn|8\n|\n|t:|1700321149\n|move|p1a: Scream Tail|Protect|p1a: Scream Tail\n|-singleturn|p1a: Scream Tail|Protect\n|move|p2a: Lucario|Extreme Speed|p1a: Scream Tail\n|-activate|p1a: Scream Tail|move: Protect\n|-activate|p2b: Ursaluna|move: Struggle\n|move|p2b: Ursaluna|Struggle|p1a: Scream Tail\n|-activate|p1a: Scream Tail|move: Protect\n|\n|upkeep\n|turn|9\n|\n|t:|1700321159\n|-terastallize|p1a: Scream Tail|Steel\n|move|p2a: Lucario|Extreme Speed|p1a: Scream Tail\n|-resisted|p1a: Scream Tail\n|-damage|p1a: Scream Tail|33\/100\n|move|p1a: Scream Tail|Perish Song|p1a: Scream Tail\n|-start|p1a: Scream Tail|perish3|[silent]\n|-start|p2a: Lucario|perish3|[silent]\n|-start|p2b: Ursaluna|perish3|[silent]\n|-fieldactivate|move: Perish Song\n|-activate|p2b: Ursaluna|move: Struggle\n|move|p2b: Ursaluna|Struggle|p1a: Scream Tail\n|-damage|p1a: Scream Tail|26\/100\n|-damage|p2b: Ursaluna|15\/100|[from] recoil\n|\n|-end|p2b: Ursaluna|Encore\n|-end|p2b: Ursaluna|Disable\n|-start|p1a: Scream Tail|perish3\n|-start|p2a: Lucario|perish3\n|-start|p2b: Ursaluna|perish3\n|upkeep\n|turn|10\n|c|\u2606gonegeb|lol\n|\n|t:|1700321177\n|move|p1a: Scream Tail|Protect|p1a: Scream Tail\n|-singleturn|p1a: Scream Tail|Protect\n|move|p2a: Lucario|Extreme Speed|p1a: Scream Tail\n|-activate|p1a: Scream Tail|move: Protect\n|move|p2b: Ursaluna|Earth Power|p1a: Scream Tail\n|-activate|p1a: Scream Tail|move: Protect\n|\n|-start|p1a: Scream Tail|perish2\n|-start|p2a: Lucario|perish2\n|-start|p2b: Ursaluna|perish2\n|upkeep\n|turn|11\n|c|\u2606gonegeb|cheesy\n|\n|t:|1700321189\n|move|p1a: Scream Tail|Disable|p2b: Ursaluna\n|-start|p2b: Ursaluna|Disable|Earth Power\n|move|p2a: Lucario|Drain Punch|p1a: Scream Tail\n|-supereffective|p1a: Scream Tail\n|-damage|p1a: Scream Tail|0 fnt\n|-heal|p2a: Lucario|18\/100|[from] drain|[of] p1a: Scream Tail\n|faint|p1a: Scream Tail\n|-end|p1a: Scream Tail|Protosynthesis|[silent]\n|\n|win|gonegeb\n|raw|askebom's rating: 1148 &rarr; <strong>1122<\/strong><br \/>(-26 for losing)\n|raw|gonegeb's rating: 1137 &rarr; <strong>1163<\/strong><br \/>(+26 for winning)\n|l|\u2606askebom\n","uploadtime":1700321208,"views":7,"p1id":"askebom","p2id":"gonegeb","formatid":"gen9vgc2023regulatione","rating":1122,"private":0,"password":""}