{"id":"gen9vgc2023regulatione-1998490018","p1":"iljone","p2":"CyborgPigeon","format":"[Gen 9] VGC 2023 Regulation E","log":"|j|\u2606iljone\n|j|\u2606CyborgPigeon\n|n|\u2606iljone|iljone\n|n|\u2606CyborgPigeon|cyborgpigeon\n|html|View the match progress at <a href=\"\/game-bestof3-gen9vgc2023regulatione-1998486895\">game-bestof3-gen9vgc2023regulatione-1998486895<\/a>\n|t:|1700948188\n|gametype|doubles\n|player|p1|iljone|acetrainer-gen4dp|\n|player|p2|CyborgPigeon|lucas|\n|teamsize|p1|6\n|teamsize|p2|6\n|gen|9\n|tier|[Gen 9] VGC 2023 Regulation E\n|rule|Species Clause: Limit one of each Pok\u00e9mon\n|rule|Item Clause: Limit one of each item\n|clearpoke\n|poke|p1|Sinistcha-Masterpiece, L50|\n|poke|p1|Arcanine-Hisui, L50, F|\n|poke|p1|Kommo-o, L50, F|\n|poke|p1|Fezandipiti, L50, M|\n|poke|p1|Milotic, L50, M|\n|poke|p1|Kingambit, L50, M|\n|poke|p2|Fezandipiti, L50, M|\n|poke|p2|Sinistcha, L50|\n|poke|p2|Annihilape, L50, M|\n|poke|p2|Grimmsnarl, L50, M|\n|poke|p2|Maushold, L50|\n|poke|p2|Meowscarada, L50, F|\n|teampreview|4\n|c|\u2606CyborgPigeon|posted live battle link\nCyborgPigeon has agreed to open team sheets.\niljone has agreed to open team sheets.\n|showteam|p1|Sinistcha-Masterpiece||BigRoot|Hospitality|MatchaGotcha,RagePowder,Protect,StrengthSap||||||50|,,,,,Water]Arcanine-Hisui||SafetyGoggles|Intimidate|RockSlide,ExtremeSpeed,FlareBlitz,Protect|||F|||50|,,,,,Water]Kommo-o||ThroatSpray|Overcoat|ClangorousSoul,Protect,ClangingScales,FlashCannon|||F|||50|,,,,,Steel]Fezandipiti||CovertCloak|ToxicChain|IcyWind,DazzlingGleam,Taunt,Protect|||M|||50|,,,,,Grass]Milotic||Leftovers|Competitive|Scald,Protect,IcyWind,IceBeam|||M|||50|,,,,,Grass]Kingambit||AssaultVest|Defiant|SuckerPunch,KowtowCleave,IronHead,TeraBlast|||M|||50|,,,,,Fairy\n|showteam|p2|Fezandipiti||CovertCloak|ToxicChain|Protect,IcyWind,DazzlingGleam,Tailwind|||M|||50|,,,,,Fairy]Sinistcha||RockyHelmet|Hospitality|MatchaGotcha,Protect,Hex,StrengthSap||||||50|,,,,,Fire]Annihilape||LumBerry|Defiant|RageFist,DrainPunch,BulkUp,Protect|||M|||50|,,,,,Fairy]Grimmsnarl||LightClay|Prankster|LightScreen,Reflect,SpiritBreak,PartingShot|||M|||50|,,,,,Ghost]Maushold||SafetyGoggles|FriendGuard|SuperFang,FollowMe,BeatUp,Taunt||||||50|,,,,,Ghost]Meowscarada||FocusSash|Protean|FlowerTrick,Uturn,KnockOff,Protect|||F|||50|,,,,,Grass\n|\n|t:|1700948229\n|start\n|switch|p1a: Fezandipiti|Fezandipiti, L50, M|100\/100\n|switch|p1b: Kommo-o|Kommo-o, L50, F|100\/100\n|switch|p2a: Grimmsnarl|Grimmsnarl, L50, M|100\/100\n|switch|p2b: Meowscarada|Meowscarada, L50, F|100\/100\n|turn|1\n|\n|t:|1700948250\n|move|p1b: Kommo-o|Protect|p1b: Kommo-o\n|-singleturn|p1b: Kommo-o|Protect\n|move|p2a: Grimmsnarl|Parting Shot|p1b: Kommo-o\n|-activate|p1b: Kommo-o|move: Protect\n|move|p2b: Meowscarada|Knock Off|p1b: Kommo-o\n|-start|p2b: Meowscarada|typechange|Dark|[from] ability: Protean\n|-activate|p1b: Kommo-o|move: Protect\n|move|p1a: Fezandipiti|Taunt|p2a: Grimmsnarl\n|-start|p2a: Grimmsnarl|move: Taunt\n|\n|upkeep\n|turn|2\n|\n|t:|1700948284\n|-terastallize|p1b: Kommo-o|Steel\n|move|p2b: Meowscarada|Knock Off|p1b: Kommo-o\n|-damage|p1b: Kommo-o|52\/100\n|-enditem|p1b: Kommo-o|Throat Spray|[from] move: Knock Off|[of] p2b: Meowscarada\n|move|p1a: Fezandipiti|Dazzling Gleam|p2a: Grimmsnarl|[spread] p2a,p2b\n|-supereffective|p2a: Grimmsnarl\n|-supereffective|p2b: Meowscarada\n|-damage|p2a: Grimmsnarl|71\/100\n|-damage|p2b: Meowscarada|29\/100\n|-status|p2b: Meowscarada|tox|[from] ability: Toxic Chain|[of] p1a: Fezandipiti\n|move|p1b: Kommo-o|Clangorous Soul|p1b: Kommo-o\n|-boost|p1b: Kommo-o|atk|1\n|-boost|p1b: Kommo-o|def|1\n|-boost|p1b: Kommo-o|spa|1\n|-boost|p1b: Kommo-o|spd|1\n|-boost|p1b: Kommo-o|spe|1\n|-damage|p1b: Kommo-o|20\/100\n|move|p2a: Grimmsnarl|Spirit Break|p1b: Kommo-o\n|-resisted|p1b: Kommo-o\n|-damage|p1b: Kommo-o|9\/100\n|-unboost|p1b: Kommo-o|spa|1\n|\n|-damage|p2b: Meowscarada|23\/100 tox|[from] psn\n|upkeep\n|turn|3\n|\n|t:|1700948317\n|switch|p2a: Maushold|Maushold, L50|100\/100\n|move|p1b: Kommo-o|Protect|p1b: Kommo-o\n|-singleturn|p1b: Kommo-o|Protect\n|move|p2b: Meowscarada|Flower Trick|p1b: Kommo-o\n|-activate|p1b: Kommo-o|move: Protect\n|move|p1a: Fezandipiti|Dazzling Gleam|p2b: Meowscarada|[spread] p2a,p2b\n|-supereffective|p2b: Meowscarada\n|-damage|p2a: Maushold|73\/100\n|-damage|p2b: Meowscarada|0 fnt\n|faint|p2b: Meowscarada\n|\n|upkeep\n|\n|t:|1700948331\n|switch|p2b: Annihilape|Annihilape, L50, M|100\/100\n|turn|4\n|\n|t:|1700948379\n|-terastallize|p2b: Annihilape|Fairy\n|move|p2a: Maushold|Follow Me|p2a: Maushold\n|-singleturn|p2a: Maushold|move: Follow Me\n|move|p1b: Kommo-o|Flash Cannon|p2a: Maushold\n|-damage|p2a: Maushold|26\/100\n|move|p1a: Fezandipiti|Dazzling Gleam|p2b: Annihilape|[spread] p2a,p2b\n|-crit|p2a: Maushold\n|-damage|p2a: Maushold|0 fnt\n|-damage|p2b: Annihilape|88\/100\n|faint|p2a: Maushold\n|move|p2b: Annihilape|Drain Punch|p1b: Kommo-o\n|-supereffective|p1b: Kommo-o\n|-damage|p1b: Kommo-o|0 fnt\n|-heal|p2b: Annihilape|91\/100|[from] drain|[of] p1b: Kommo-o\n|faint|p1b: Kommo-o\n|\n|upkeep\n|\n|t:|1700948404\n|switch|p2a: Grimmsnarl|Grimmsnarl, L50, M|71\/100\n|switch|p1b: Kingambit|Kingambit, L50, M|100\/100\n|turn|5\n|\n|t:|1700948421\n|switch|p1b: Sinistcha|Sinistcha-Masterpiece, L50|100\/100\n|move|p2a: Grimmsnarl|Reflect|p2a: Grimmsnarl\n|-sidestart|p2: CyborgPigeon|Reflect\n|move|p1a: Fezandipiti|Dazzling Gleam|p2b: Annihilape|[spread] p2a,p2b\n|-supereffective|p2a: Grimmsnarl\n|-damage|p2a: Grimmsnarl|41\/100\n|-damage|p2b: Annihilape|72\/100\n|move|p2b: Annihilape|Drain Punch|p1b: Sinistcha\n|-immune|p1b: Sinistcha\n|\n|upkeep\n|turn|6\n|\n|t:|1700948465\n|switch|p1a: Kingambit|Kingambit, L50, M|100\/100\n|move|p1b: Sinistcha|Protect|p1b: Sinistcha\n|-singleturn|p1b: Sinistcha|Protect\n|move|p2a: Grimmsnarl|Light Screen|p2a: Grimmsnarl\n|-sidestart|p2: CyborgPigeon|move: Light Screen\n|move|p2b: Annihilape|Bulk Up|p2b: Annihilape\n|-boost|p2b: Annihilape|atk|1\n|-boost|p2b: Annihilape|def|1\n|\n|upkeep\n|turn|7\n|\n|t:|1700948504\n|move|p1b: Sinistcha|Rage Powder|p1b: Sinistcha\n|-singleturn|p1b: Sinistcha|move: Rage Powder\n|move|p2b: Annihilape|Drain Punch|p1b: Sinistcha\n|-immune|p1b: Sinistcha\n|move|p2a: Grimmsnarl|Spirit Break|p1b: Sinistcha\n|-damage|p1b: Sinistcha|79\/100\n|-unboost|p1b: Sinistcha|spa|1\n|move|p1a: Kingambit|Iron Head|p2b: Annihilape\n|-supereffective|p2b: Annihilape\n|-damage|p2b: Annihilape|30\/100\n|\n|upkeep\n|turn|8\n|\n|t:|1700948563\n|move|p1b: Sinistcha|Rage Powder|p1b: Sinistcha\n|-singleturn|p1b: Sinistcha|move: Rage Powder\n|move|p2b: Annihilape|Rage Fist|p1b: Sinistcha\n|-supereffective|p1b: Sinistcha\n|-damage|p1b: Sinistcha|0 fnt\n|faint|p1b: Sinistcha\n|move|p2a: Grimmsnarl|Spirit Break|p1a: Kingambit\n|-damage|p1a: Kingambit|77\/100\n|-unboost|p1a: Kingambit|spa|1\n|-ability|p1a: Kingambit|Defiant|boost\n|-boost|p1a: Kingambit|atk|2\n|move|p1a: Kingambit|Iron Head|p2b: Annihilape\n|-supereffective|p2b: Annihilape\n|-damage|p2b: Annihilape|0 fnt\n|faint|p2b: Annihilape\n|\n|upkeep\n|c|\u2606CyborgPigeon|gg\n|c|\u2606iljone|gg\n|\n|t:|1700948576\n|switch|p1b: Fezandipiti|Fezandipiti, L50, M|100\/100\n|turn|9\n|\n|t:|1700948581\n|move|p2a: Grimmsnarl|Parting Shot|p1b: Fezandipiti\n|-unboost|p1b: Fezandipiti|atk|1\n|-unboost|p1b: Fezandipiti|spa|1\n|move|p1b: Fezandipiti|Dazzling Gleam|p2a: Grimmsnarl\n|-supereffective|p2a: Grimmsnarl\n|-damage|p2a: Grimmsnarl|23\/100\n|move|p1a: Kingambit|Iron Head|p2a: Grimmsnarl\n|-supereffective|p2a: Grimmsnarl\n|-damage|p2a: Grimmsnarl|0 fnt\n|faint|p2a: Grimmsnarl\n|\n|win|iljone\n|c|&|\/uhtml prompt-cyborgpigeon,CyborgPigeon is ready for game 3!\n|inactive|iljone has 50 seconds to confirm battle start!\n|inactive|iljone has 40 seconds to confirm battle start!\n|c|&|\/uhtml prompt-iljone,iljone is ready for game 3!\nBoth players are ready! Starting next match!\n","uploadtime":1700948627,"views":17,"p1id":"iljone","p2id":"cyborgpigeon","formatid":"gen9vgc2023regulatione","rating":0,"private":0,"password":""}