{"id":"gen9vgc2023regulatione-1991896529","p1":"turnoffoff","p2":"yizhikeji","format":"[Gen 9] VGC 2023 Regulation E","log":"|j|\u2606turnoffoff\n|j|\u2606yizhikeji\n|t:|1700135115\n|gametype|doubles\n|player|p1|turnoffoff|flannery|1248\n|player|p2|yizhikeji|mira|1354\n|teamsize|p1|6\n|teamsize|p2|6\n|gen|9\n|tier|[Gen 9] VGC 2023 Regulation E\n|rated|\n|rule|Species Clause: Limit one of each Pok\u00e9mon\n|rule|Item Clause: Limit one of each item\n|clearpoke\n|poke|p1|Farigiraf, L50, F|\n|poke|p1|Ursaluna-Bloodmoon, L50, M|\n|poke|p1|Torkoal, L50, M|\n|poke|p1|Dusclops, L50, F|\n|poke|p1|Ogerpon-Wellspring, L50, F|\n|poke|p1|Sinistcha-Masterpiece, L50|\n|poke|p2|Urshifu-*, L50, M|\n|poke|p2|Chien-Pao, L50|\n|poke|p2|Rillaboom, L50, F|\n|poke|p2|Arcanine-Hisui, L50, F|\n|poke|p2|Tornadus, L50, M|\n|poke|p2|Flutter Mane, L50|\n|teampreview|4\n|inactive|Battle timer is ON: inactive players will automatically lose when time's up. (requested by turnoffoff)\n|inactive|yizhikeji has 60 seconds left.\n|inactive|turnoffoff has 60 seconds left.\n|\n|t:|1700135157\n|start\n|switch|p1a: Dusclops|Dusclops, L50, F|100\/100\n|switch|p1b: Ogerpon|Ogerpon-Wellspring, L50, F|100\/100\n|switch|p2a: Chien-Pao|Chien-Pao, L50|100\/100\n|switch|p2b: Rillaboom|Rillaboom, L50, F|100\/100\n|-ability|p2a: Chien-Pao|Sword of Ruin\n|-fieldstart|move: Grassy Terrain|[from] ability: Grassy Surge|[of] p2b: Rillaboom\n|-item|p2a: Chien-Pao|Focus Sash|[from] ability: Frisk|[of] p1a: Dusclops|[identify]\n|-item|p2b: Rillaboom|Assault Vest|[from] ability: Frisk|[of] p1a: Dusclops|[identify]\n|turn|1\n|l|\u2606turnoffoff\n|inactive|turnoffoff disconnected and has a minute to reconnect!\n|player|p1|\n|inactive|turnoffoff has 30 seconds left.\n|inactive|yizhikeji has 30 seconds left.\n|inactive|turnoffoff has 20 seconds left.\n|j|\u2606turnoffoff\n|inactive|turnoffoff reconnected and has 20 seconds left.\n|player|p1|turnoffoff|flannery\n|\n|t:|1700135197\n|move|p1b: Ogerpon|Follow Me|p1b: Ogerpon\n|-singleturn|p1b: Ogerpon|move: Follow Me\n|move|p2a: Chien-Pao|Sucker Punch||[still]\n|-fail|p2a: Chien-Pao\n|move|p2b: Rillaboom|Grassy Glide|p1b: Ogerpon\n|-damage|p1b: Ogerpon|57\/100\n|move|p1a: Dusclops|Trick Room|p1a: Dusclops\n|-fieldstart|move: Trick Room|[of] p1a: Dusclops\n|\n|-heal|p1b: Ogerpon|63\/100|[from] Grassy Terrain\n|upkeep\n|turn|2\n|inactive|turnoffoff has 30 seconds left.\n|inactive|yizhikeji has 30 seconds left.\n|inactive|turnoffoff has 20 seconds left.\n|inactive|turnoffoff has 15 seconds left.\n|\n|t:|1700135238\n|move|p2a: Chien-Pao|Protect|p2a: Chien-Pao\n|-singleturn|p2a: Chien-Pao|Protect\n|move|p1a: Dusclops|Brick Break|p2a: Chien-Pao\n|-activate|p2a: Chien-Pao|move: Protect\n|move|p2b: Rillaboom|Wood Hammer|p1b: Ogerpon\n|-damage|p1b: Ogerpon|0 fnt\n|faint|p1b: Ogerpon\n|-damage|p2b: Rillaboom|83\/100|[from] Recoil\n|\n|-heal|p2b: Rillaboom|88\/100|[from] Grassy Terrain\n|upkeep\n|\n|t:|1700135248\n|switch|p1b: Ursaluna|Ursaluna-Bloodmoon, L50, M|100\/100\n|turn|3\n|inactive|yizhikeji has 30 seconds left.\n|inactive|yizhikeji has 20 seconds left.\n|\n|t:|1700135287\n|-terastallize|p1b: Ursaluna|Normal\n|-terastallize|p2a: Chien-Pao|Ghost\n|move|p1a: Dusclops|Brick Break|p1b: Ursaluna\n|-supereffective|p1b: Ursaluna\n|-damage|p1b: Ursaluna|77\/100\n|-enditem|p1b: Ursaluna|Weakness Policy\n|-boost|p1b: Ursaluna|atk|2|[from] item: Weakness Policy\n|-boost|p1b: Ursaluna|spa|2|[from] item: Weakness Policy\n|move|p1b: Ursaluna|Hyper Voice|p2a: Chien-Pao|[spread] p2a,p2b\n|-enditem|p2a: Chien-Pao|Focus Sash\n|-damage|p2a: Chien-Pao|1\/100\n|-damage|p2b: Rillaboom|11\/100\n|move|p2b: Rillaboom|Wood Hammer|p1a: Dusclops\n|-damage|p1a: Dusclops|32\/100\n|-damage|p2b: Rillaboom|0 fnt|[from] Recoil\n|faint|p2b: Rillaboom\n|move|p2a: Chien-Pao|Icicle Crash|p1a: Dusclops\n|-damage|p1a: Dusclops|0 fnt\n|faint|p1a: Dusclops\n|\n|-heal|p1b: Ursaluna|83\/100|[from] Grassy Terrain\n|-heal|p2a: Chien-Pao|7\/100|[from] Grassy Terrain\n|upkeep\n|inactive|yizhikeji has 30 seconds left.\n|\n|t:|1700135314\n|switch|p1a: Farigiraf|Farigiraf, L50, F|100\/100\n|switch|p2b: Urshifu|Urshifu-Rapid-Strike, L50, M|100\/100\n|turn|4\n|\n|t:|1700135329\n|move|p2b: Urshifu|Detect|p2b: Urshifu\n|-singleturn|p2b: Urshifu|Protect\n|move|p2a: Chien-Pao|Protect|p2a: Chien-Pao\n|-singleturn|p2a: Chien-Pao|Protect\n|move|p1a: Farigiraf|Nasty Plot|p1a: Farigiraf\n|-boost|p1a: Farigiraf|spa|2\n|move|p1b: Ursaluna|Hyper Voice|p2b: Urshifu|[spread] \n|-activate|p2a: Chien-Pao|move: Protect\n|-activate|p2b: Urshifu|move: Protect\n|\n|-heal|p1b: Ursaluna|89\/100|[from] Grassy Terrain\n|-heal|p2a: Chien-Pao|13\/100|[from] Grassy Terrain\n|upkeep\n|turn|5\n|inactive|yizhikeji has 30 seconds left.\n|\n|t:|1700135361\n|switch|p2a: Arcanine|Arcanine-Hisui, L50, F|100\/100\n|-ability|p2a: Arcanine|Intimidate|boost\n|-unboost|p1a: Farigiraf|atk|1\n|-unboost|p1b: Ursaluna|atk|1\n|move|p1b: Ursaluna|Hyper Voice|p2a: Arcanine|[spread] p2a,p2b\n|-resisted|p2a: Arcanine\n|-damage|p2a: Arcanine|45\/100\n|-damage|p2b: Urshifu|0 fnt\n|faint|p2b: Urshifu\n|move|p1a: Farigiraf|Dazzling Gleam|p2a: Arcanine\n|-resisted|p2a: Arcanine\n|-damage|p2a: Arcanine|17\/100\n|\n|-heal|p1b: Ursaluna|95\/100|[from] Grassy Terrain\n|-heal|p2a: Arcanine|23\/100|[from] Grassy Terrain\n|-fieldend|move: Trick Room\n|-fieldend|move: Grassy Terrain\n|upkeep\n|\n|t:|1700135376\n|switch|p2b: Chien-Pao|Chien-Pao, L50, tera:Ghost|13\/100\n|-ability|p2b: Chien-Pao|Sword of Ruin\n|turn|6\n|inactive|turnoffoff has 30 seconds left.\n|inactive|yizhikeji has 30 seconds left.\n|\n|t:|1700135410\n|move|p2b: Chien-Pao|Sacred Sword|p1a: Farigiraf\n|-damage|p1a: Farigiraf|55\/100\n|-damage|p2b: Chien-Pao|0 fnt|[from] item: Rocky Helmet|[of] p1a: Farigiraf\n|faint|p2b: Chien-Pao\n|move|p2a: Arcanine|Flare Blitz|p1b: Ursaluna\n|-damage|p1b: Ursaluna|36\/100\n|-damage|p2a: Arcanine|1\/100|[from] Recoil\n|move|p1a: Farigiraf|Dazzling Gleam|p2a: Arcanine\n|-resisted|p2a: Arcanine\n|-damage|p2a: Arcanine|0 fnt\n|faint|p2a: Arcanine\n|\n|win|turnoffoff\n|raw|turnoffoff's rating: 1248 &rarr; <strong>1280<\/strong><br \/>(+32 for winning)\n|raw|yizhikeji's rating: 1354 &rarr; <strong>1328<\/strong><br \/>(-26 for losing)\n|l|\u2606turnoffoff\n","uploadtime":1700135444,"views":25,"p1id":"turnoffoff","p2id":"yizhikeji","formatid":"gen9vgc2023regulatione","rating":1280,"private":0,"password":""}