{"id":"gen9vgc2023regulatione-1988345326","p1":"Jesuuuus","p2":"MisterGX","format":"[Gen 9] VGC 2023 Regulation E","log":"|j|\u2606Jesuuuus\n|j|\u2606MisterGX\n|n|\u2606Jesuuuus|jesuuuus\n|n|\u2606MisterGX|mistergx\n|html|View the match progress at <a href=\"\/game-bestof3-gen9vgc2023regulatione-1988341395\">game-bestof3-gen9vgc2023regulatione-1988341395<\/a>\n|t:|1699711726\n|gametype|doubles\n|player|p1|Jesuuuus|alec-anime|\n|player|p2|MisterGX|#vgcplzoruas|\n|teamsize|p1|6\n|teamsize|p2|6\n|gen|9\n|tier|[Gen 9] VGC 2023 Regulation E\n|rule|Species Clause: Limit one of each Pok\u00e9mon\n|rule|Item Clause: Limit one of each item\n|clearpoke\n|poke|p1|Ogerpon, L50, F|\n|poke|p1|Arcanine-Hisui, L50, M|\n|poke|p1|Flutter Mane, L50|\n|poke|p1|Iron Hands, L50|\n|poke|p1|Iron Bundle, L50|\n|poke|p1|Farigiraf, L50, F|\n|poke|p2|Gholdengo, L50|\n|poke|p2|Amoonguss, L50, F|\n|poke|p2|Tornadus, L50, M|\n|poke|p2|Urshifu-*, L50, F|\n|poke|p2|Landorus-Therian, L50, M|\n|poke|p2|Chien-Pao, L50|\n|teampreview|4\nJesuuuus has agreed to open team sheets.\n|j| christianfinity\nMisterGX has agreed to open team sheets.\n|showteam|p1|Ogerpon||LifeOrb|Defiant|IvyCudgel,Encore,StompingTantrum,SpikyShield|||F|||50|,,,,,Grass]Arcanine-Hisui||SafetyGoggles|Intimidate|ExtremeSpeed,RockSlide,FlareBlitz,Protect|||M|||50|,,,,,Psychic]Flutter Mane||ChoiceSpecs|Protosynthesis|Moonblast,DazzlingGleam,ShadowBall,IcyWind||||||50|,,,,,Fairy]Iron Hands||AssaultVest|QuarkDrive|DrainPunch,WildCharge,HeavySlam,FakeOut||||||50|,,,,,Fire]Iron Bundle||BoosterEnergy|QuarkDrive|IcyWind,HydroPump,FreezeDry,Protect||||||50|,,,,,Grass]Farigiraf||SitrusBerry|ArmorTail|Imprison,TrickRoom,HyperVoice,Psychic|||F|||50|,,,,,Fairy\n|showteam|p2|Gholdengo||Leftovers|GoodasGold|MakeItRain,ShadowBall,NastyPlot,Protect||||||50|,,,,,Dragon]Amoonguss||RockyHelmet|Regenerator|Spore,RagePowder,PollenPuff,Protect|||F|||50|,,,,,Water]Tornadus||SitrusBerry|Prankster|Taunt,RainDance,Tailwind,BleakwindStorm|||M|||50|,,,,,Ghost]Urshifu-Rapid-Strike||LifeOrb|UnseenFist|AquaJet,Protect,SurgingStrikes,CloseCombat|||F|||50|,,,,,Poison]Landorus-Therian||ChoiceBand|Intimidate|StompingTantrum,Earthquake,RockSlide,Uturn|||M|||50|,,,,,Water]Chien-Pao||FocusSash|SwordofRuin|Protect,SacredSword,SuckerPunch,IceSpinner||||||50|,,,,,Ghost\n|inactive|Battle timer is ON: inactive players will automatically lose when time's up. (requested by MisterGX)\n|\n|t:|1699711883\n|start\n|switch|p1a: Noo Noo|Iron Bundle, L50|100\/100\n|switch|p1b: Lala|Iron Hands, L50|100\/100\n|switch|p2a: Tornadus|Tornadus, L50, M|100\/100\n|switch|p2b: Urshifu|Urshifu-Rapid-Strike, L50, F|100\/100\n|-enditem|p1a: Noo Noo|Booster Energy\n|-activate|p1a: Noo Noo|ability: Quark Drive|[fromitem]\n|-start|p1a: Noo Noo|quarkdrivespe\n|turn|1\n|inactive|MisterGX has 30 seconds left.\n|\n|t:|1699711914\n|move|p2b: Urshifu|Protect|p2b: Urshifu\n|-singleturn|p2b: Urshifu|Protect\n|move|p2a: Tornadus|Tailwind|p2a: Tornadus\n|-sidestart|p2: MisterGX|move: Tailwind\n|move|p1a: Noo Noo|Icy Wind|p2a: Tornadus|[spread] p2a\n|-activate|p2b: Urshifu|move: Protect\n|-supereffective|p2a: Tornadus\n|-damage|p2a: Tornadus|50\/100\n|-unboost|p2a: Tornadus|spe|1\n|-enditem|p2a: Tornadus|Sitrus Berry|[eat]\n|-heal|p2a: Tornadus|75\/100|[from] item: Sitrus Berry\n|move|p1b: Lala|Wild Charge|p2a: Tornadus\n|-supereffective|p2a: Tornadus\n|-damage|p2a: Tornadus|0 fnt\n|faint|p2a: Tornadus\n|-damage|p1b: Lala|86\/100|[from] Recoil\n|\n|upkeep\n|\n|t:|1699711930\n|switch|p2a: Mew Mew!|Chien-Pao, L50|100\/100\n|-ability|p2a: Mew Mew!|Sword of Ruin\n|turn|2\n|inactive|Jesuuuus has 30 seconds left.\n|inactive|Jesuuuus has 20 seconds left.\n|inactive|Jesuuuus has 15 seconds left.\n|inactive|Jesuuuus has 10 seconds left.\n|\n|t:|1699711980\n|move|p2a: Mew Mew!|Ice Spinner|p1b: Lala\n|-damage|p1b: Lala|47\/100\n|move|p2b: Urshifu|Surging Strikes|p1b: Lala\n|-crit|p1b: Lala\n|-damage|p1b: Lala|22\/100\n|-crit|p1b: Lala\n|-damage|p1b: Lala|0 fnt\n|faint|p1b: Lala\n|-end|p1b: Lala|Quark Drive|[silent]\n|-hitcount|p1: Lala|2\n|-damage|p2b: Urshifu|91\/100|[from] item: Life Orb\n|move|p1a: Noo Noo|Freeze-Dry|p2b: Urshifu\n|-supereffective|p2b: Urshifu\n|-damage|p2b: Urshifu|0 fnt\n|faint|p2b: Urshifu\n|\n|upkeep\n|\n|t:|1699711992\n|switch|p2b: Gholdengo|Gholdengo, L50|100\/100\n|switch|p1b: Po|Arcanine-Hisui, L50, M|100\/100\n|-ability|p1b: Po|Intimidate|boost\n|-unboost|p2a: Mew Mew!|atk|1\n|-unboost|p2b: Gholdengo|atk|1\n|turn|3\n|j| fyfyyalt1\n|inactive|Jesuuuus has 30 seconds left.\n|inactive|Jesuuuus has 20 seconds left.\n|inactive|Jesuuuus has 15 seconds left.\n|inactive|Jesuuuus has 10 seconds left.\n|\n|t:|1699712040\n|switch|p1b: Dipsy|Ogerpon, L50, F|100\/100\n|move|p2a: Mew Mew!|Sucker Punch||[still]\n|-fail|p2a: Mew Mew!\n|move|p1a: Noo Noo|Icy Wind|p2a: Mew Mew!|[spread] p2a,p2b\n|-resisted|p2a: Mew Mew!\n|-resisted|p2b: Gholdengo\n|-damage|p2a: Mew Mew!|82\/100\n|-damage|p2b: Gholdengo|90\/100\n|-unboost|p2a: Mew Mew!|spe|1\n|-unboost|p2b: Gholdengo|spe|1\n|move|p2b: Gholdengo|Make It Rain|p1a: Noo Noo|[spread] p1a,p1b\n|-damage|p1a: Noo Noo|0 fnt\n|-damage|p1b: Dipsy|42\/100\n|-unboost|p2b: Gholdengo|spa|1\n|faint|p1a: Noo Noo\n|-end|p1a: Noo Noo|Quark Drive|[silent]\n|\n|-heal|p2b: Gholdengo|96\/100|[from] item: Leftovers\n|upkeep\n|\n|t:|1699712050\n|switch|p1a: Po|Arcanine-Hisui, L50, M|100\/100\n|-ability|p1a: Po|Intimidate|boost\n|-unboost|p2a: Mew Mew!|atk|1\n|-unboost|p2b: Gholdengo|atk|1\n|turn|4\n|\n|t:|1699712065\n|-terastallize|p2b: Gholdengo|Dragon\n|move|p1b: Dipsy|Spiky Shield|p1b: Dipsy\n|-singleturn|p1b: Dipsy|move: Protect\n|move|p1a: Po|Protect|p1a: Po\n|-singleturn|p1a: Po|Protect\n|move|p2a: Mew Mew!|Sacred Sword|p1a: Po\n|-activate|p1a: Po|move: Protect\n|move|p2b: Gholdengo|Make It Rain|p1a: Po|[spread] \n|-activate|p1a: Po|move: Protect\n|-activate|p1b: Dipsy|move: Protect\n|\n|-heal|p2b: Gholdengo|100\/100|[from] item: Leftovers\n|-sideend|p2: MisterGX|move: Tailwind\n|upkeep\n|turn|5\n|inactive|Jesuuuus has 30 seconds left.\n|inactive|MisterGX has 30 seconds left.\n|inactive|Jesuuuus has 20 seconds left.\n|inactive|Jesuuuus has 15 seconds left.\n|inactive|Jesuuuus has 10 seconds left.\n|inactive|Jesuuuus has 5 seconds left.\n|\n|t:|1699712118\n|-terastallize|p1b: Dipsy|Grass\n|detailschange|p1b: Dipsy|Ogerpon-Teal-Tera, L50, F, tera:Grass\n|-ability|p1b: Dipsy|Embody Aspect (Teal)|boost\n|-boost|p1b: Dipsy|spe|1\n|move|p2a: Mew Mew!|Protect|p2a: Mew Mew!\n|-singleturn|p2a: Mew Mew!|Protect\n|move|p1b: Dipsy|Stomping Tantrum|p2b: Gholdengo\n|-damage|p2b: Gholdengo|60\/100\n|-damage|p1b: Dipsy|33\/100|[from] item: Life Orb\n|move|p1a: Po|Rock Slide|p2b: Gholdengo|[spread] p2b\n|-activate|p2a: Mew Mew!|move: Protect\n|-damage|p2b: Gholdengo|23\/100\n|move|p2b: Gholdengo|Make It Rain|p1b: Dipsy|[spread] p1a,p1b\n|-damage|p1a: Po|65\/100\n|-damage|p1b: Dipsy|0 fnt\n|-unboost|p2b: Gholdengo|spa|1\n|faint|p1b: Dipsy\n|\n|-heal|p2b: Gholdengo|29\/100|[from] item: Leftovers\n|upkeep\n|turn|6\n|\n|t:|1699712145\n|move|p1a: Po|Rock Slide|p2b: Gholdengo|[spread] p2a,p2b\n|-supereffective|p2a: Mew Mew!\n|-damage|p2a: Mew Mew!|0 fnt\n|-damage|p2b: Gholdengo|0 fnt\n|faint|p2a: Mew Mew!\n|faint|p2b: Gholdengo\n|\n|win|Jesuuuus\n|c|\u2606Jesuuuus|gg wp\n|c|\u2606MisterGX|gg wp\n|c|\u2606Jesuuuus|close sets\n|l| fyfyyalt1\n|c|\u2606MisterGX|ye\n|c|\u2606MisterGX|Good luck in future games\n|l|\u2606MisterGX\n|c|\u2606Jesuuuus|ty good luck in all your other endavors\n|l| christianfinity\n","uploadtime":1699712261,"views":52,"p1id":"jesuuuus","p2id":"mistergx","formatid":"gen9vgc2023regulatione","rating":0,"private":0,"password":""}