{"id":"gen9vgc2023regulatione-1998826885","p1":"NurDerLenn","p2":"gorilloide","format":"[Gen 9] VGC 2023 Regulation E","log":"|j|\u2606NurDerLenn\n|j|\u2606gorilloide\n|t:|1700998745\n|gametype|doubles\n|player|p1|NurDerLenn|beauty-gen6xy|1097\n|player|p2|gorilloide|red|1000\n|teamsize|p1|6\n|teamsize|p2|6\n|gen|9\n|tier|[Gen 9] VGC 2023 Regulation E\n|rated|\n|rule|Species Clause: Limit one of each Pok\u00e9mon\n|rule|Item Clause: Limit one of each item\n|clearpoke\n|poke|p1|Amoonguss, L50, M|\n|poke|p1|Urshifu-*, L50, M|\n|poke|p1|Flutter Mane, L50|\n|poke|p1|Ogerpon-Hearthflame, L50, F|\n|poke|p1|Iron Hands, L50|\n|poke|p1|Tornadus, L50, M|\n|poke|p2|Tyranitar, L50, M|\n|poke|p2|Gastrodon, L50, M|\n|poke|p2|Lycanroc, L50, M|\n|poke|p2|Garchomp, L50, F|\n|poke|p2|Arcanine-Hisui, L50, F|\n|poke|p2|Sinistcha, L50|\n|teampreview|4\n|inactive|Battle timer is ON: inactive players will automatically lose when time's up. (requested by NurDerLenn)\nNurDerLenn has agreed to open team sheets.\n|\n|t:|1700998771\n|start\n|switch|p1a: Tornadus|Tornadus, L50, M|100\/100\n|switch|p1b: Iron Hands|Iron Hands, L50|100\/100\n|switch|p2a: Tyranitar|Tyranitar, L50, M|100\/100\n|switch|p2b: Garchomp|Garchomp, L50, F|100\/100\n|-weather|Sandstorm|[from] ability: Sand Stream|[of] p2a: Tyranitar\n|turn|1\n|inactive|NurDerLenn has 30 seconds left.\n|inactive|gorilloide has 30 seconds left.\n|\n|t:|1700998803\n|move|p1b: Iron Hands|Fake Out|p2b: Garchomp|[miss]\n|-miss|p1b: Iron Hands|p2b: Garchomp\n|move|p1a: Tornadus|Tailwind|p1a: Tornadus\n|-sidestart|p1: NurDerLenn|move: Tailwind\n|move|p2b: Garchomp|Stealth Rock|p1b: Iron Hands\n|-sidestart|p1: NurDerLenn|move: Stealth Rock\n|move|p2a: Tyranitar|Rock Slide|p1b: Iron Hands|[spread] p1a,p1b\n|-supereffective|p1a: Tornadus\n|-resisted|p1b: Iron Hands\n|-damage|p1a: Tornadus|25\/100\n|-damage|p1b: Iron Hands|91\/100\n|-enditem|p1a: Tornadus|Eject Button\n|\n|t:|1700998813\n|switch|p1a: Urshifu|Urshifu-Rapid-Strike, L50, M|100\/100\n|-damage|p1a: Urshifu|95\/100|[from] Stealth Rock\n|\n|-weather|Sandstorm|[upkeep]\n|-damage|p1a: Urshifu|89\/100|[from] Sandstorm\n|-damage|p1b: Iron Hands|85\/100|[from] Sandstorm\n|upkeep\n|turn|2\n|\n|t:|1700998830\n|switch|p2a: Gastrodon|Gastrodon, L50, M|100\/100\n|-terastallize|p1a: Urshifu|Water\n|move|p1a: Urshifu|Surging Strikes|p2a: Gastrodon\n|-activate|p2a: Gastrodon|ability: Storm Drain\n|-ability|p2a: Gastrodon|Storm Drain|boost\n|-boost|p2a: Gastrodon|spa|1\n|move|p1b: Iron Hands|Drain Punch|p2a: Gastrodon\n|-damage|p2a: Gastrodon|55\/100\n|-heal|p1b: Iron Hands|100\/100|[from] drain|[of] p2a: Gastrodon\n|move|p2b: Garchomp|Dragon Tail|p1b: Iron Hands\n|-damage|p1b: Iron Hands|76\/100\n|-damage|p2b: Garchomp|91\/100|[from] item: Life Orb\n|-end|p1b: Iron Hands|Quark Drive|[silent]\n|drag|p1b: Tornadus|Tornadus, L50, M|25\/100\n|-damage|p1b: Tornadus|0 fnt|[from] Stealth Rock\n|faint|p1b: Tornadus\n|\n|-weather|Sandstorm|[upkeep]\n|-damage|p1a: Urshifu|83\/100|[from] Sandstorm\n|-heal|p2a: Gastrodon|61\/100|[from] item: Leftovers\n|upkeep\n|\n|t:|1700998849\n|switch|p1b: Iron Hands|Iron Hands, L50|76\/100\n|-damage|p1b: Iron Hands|70\/100|[from] Stealth Rock\n|turn|3\n|inactive|NurDerLenn has 30 seconds left.\n|inactive|gorilloide has 30 seconds left.\n|\n|t:|1700998876\n|move|p1b: Iron Hands|Fake Out|p2a: Gastrodon\n|-damage|p2a: Gastrodon|45\/100\n|move|p1a: Urshifu|U-turn|p2a: Gastrodon\n|-damage|p2a: Gastrodon|21\/100\n|\n|t:|1700998880\n|switch|p1a: Amoonguss|Amoonguss, L50, M, shiny|100\/100|[from] U-turn\n|-damage|p1a: Amoonguss|88\/100|[from] Stealth Rock\n|move|p2b: Garchomp|Rock Slide|p1b: Iron Hands|[spread] p1a,p1b\n|-resisted|p1b: Iron Hands\n|-damage|p1a: Amoonguss|62\/100\n|-damage|p1b: Iron Hands|62\/100\n|-damage|p2b: Garchomp|81\/100|[from] item: Life Orb\n|cant|p2a: Gastrodon|flinch\n|\n|-weather|Sandstorm|[upkeep]\n|-damage|p1b: Iron Hands|56\/100|[from] Sandstorm\n|-damage|p1a: Amoonguss|56\/100|[from] Sandstorm\n|-heal|p2a: Gastrodon|27\/100|[from] item: Leftovers\n|upkeep\n|turn|4\n|inactive|gorilloide has 30 seconds left.\n|inactive|gorilloide has 20 seconds left.\n|\n|t:|1700998917\n|switch|p2a: Tyranitar|Tyranitar, L50, M|100\/100\n|move|p2b: Garchomp|Stomping Tantrum|p1b: Iron Hands\n|-supereffective|p1b: Iron Hands\n|-damage|p1b: Iron Hands|0 fnt\n|faint|p1b: Iron Hands\n|-end|p1b: Iron Hands|Quark Drive|[silent]\n|-damage|p2b: Garchomp|71\/100|[from] item: Life Orb\n|move|p1a: Amoonguss|Spore|p2b: Garchomp|[miss]\n|-miss|p1a: Amoonguss|p2b: Garchomp\n|\n|-weather|Sandstorm|[upkeep]\n|-damage|p1a: Amoonguss|50\/100|[from] Sandstorm\n|-sideend|p1: NurDerLenn|move: Tailwind\n|upkeep\n|\n|t:|1700998925\n|switch|p1b: Urshifu|Urshifu-Rapid-Strike, L50, M, tera:Water|83\/100\n|-damage|p1b: Urshifu|71\/100|[from] Stealth Rock\n|turn|5\n|\n|t:|1700998942\n|switch|p2b: Gastrodon|Gastrodon, L50, M|27\/100\n|move|p1a: Amoonguss|Rage Powder|p1a: Amoonguss\n|-singleturn|p1a: Amoonguss|move: Rage Powder\n|move|p1b: Urshifu|Close Combat|p2a: Tyranitar\n|-supereffective|p2a: Tyranitar\n|-damage|p2a: Tyranitar|0 fnt\n|-unboost|p1b: Urshifu|def|1\n|-unboost|p1b: Urshifu|spd|1\n|faint|p2a: Tyranitar\n|\n|-weather|none\n|-heal|p2b: Gastrodon|33\/100|[from] item: Leftovers\n|upkeep\n|\n|t:|1700998957\n|switch|p2a: Arcanine|Arcanine-Hisui, L50, F|100\/100\n|-ability|p2a: Arcanine|Intimidate|boost\n|-unboost|p1a: Amoonguss|atk|1\n|-unboost|p1b: Urshifu|atk|1\n|turn|6\n|\n|t:|1700998971\n|move|p2a: Arcanine|Protect|p2a: Arcanine\n|-singleturn|p2a: Arcanine|Protect\n|move|p1a: Amoonguss|Protect|p1a: Amoonguss\n|-singleturn|p1a: Amoonguss|Protect\n|move|p1b: Urshifu|Close Combat|p2a: Arcanine\n|-supereffective|p2a: Arcanine\n|-damage|p2a: Arcanine|0 fnt\n|-unboost|p1b: Urshifu|def|1\n|-unboost|p1b: Urshifu|spd|1\n|faint|p2a: Arcanine\n|move|p2b: Gastrodon|Icy Wind|p1b: Urshifu|[spread] p1b\n|-activate|p1a: Amoonguss|move: Protect\n|-resisted|p1b: Urshifu\n|-damage|p1b: Urshifu|54\/100\n|-unboost|p1b: Urshifu|spe|1\n|\n|-heal|p2b: Gastrodon|39\/100|[from] item: Leftovers\n|upkeep\n|\n|t:|1700998990\n|switch|p2a: Garchomp|Garchomp, L50, F|71\/100\n|turn|7\n|\n|t:|1700999002\n|move|p1b: Urshifu|Close Combat|p2b: Gastrodon\n|-damage|p2b: Gastrodon|0 fnt\n|-unboost|p1b: Urshifu|def|1\n|-unboost|p1b: Urshifu|spd|1\n|faint|p2b: Gastrodon\n|move|p1a: Amoonguss|Spore|p2a: Garchomp\n|-status|p2a: Garchomp|slp|[from] move: Spore\n|cant|p2a: Garchomp|slp\n|\n|upkeep\n|turn|8\n|\n|t:|1700999016\n|move|p1b: Urshifu|Surging Strikes|p2a: Garchomp\n|-crit|p2a: Garchomp\n|-damage|p2a: Garchomp|36\/100 slp\n|-crit|p2a: Garchomp\n|-damage|p2a: Garchomp|1\/100 slp\n|-crit|p2a: Garchomp\n|-damage|p2a: Garchomp|0 fnt\n|faint|p2a: Garchomp\n|-hitcount|p2: Garchomp|3\n|\n|win|NurDerLenn\n|raw|NurDerLenn's rating: 1097 &rarr; <strong>1116<\/strong><br \/>(+19 for winning)\n|raw|gorilloide's rating: 1000 &rarr; <strong>1000<\/strong><br \/>(+0 for losing)\n","uploadtime":1700999026,"views":14,"p1id":"nurderlenn","p2id":"gorilloide","formatid":"gen9vgc2023regulatione","rating":1000,"private":0,"password":""}