{"id":"gen9vgc2023regulatione-1995905101","p1":"TrainerRedVGC23","p2":"Chaotic Raos","format":"[Gen 9] VGC 2023 Regulation E","log":"|j|\u2606TrainerRedVGC23\n|j|\u2606Chaotic Raos\n|n|\u2606TrainerRedVGC23|trainerredvgc23\n|n|\u2606Chaotic Raos|chaoticraos\n|html|View the match progress at <a href=\"\/game-bestof3-gen9vgc2023regulatione-1995905100\">game-bestof3-gen9vgc2023regulatione-1995905100<\/a>\n|t:|1700615803\n|gametype|doubles\n|player|p1|TrainerRedVGC23|lucas|\n|player|p2|Chaotic Raos|2|\n|teamsize|p1|6\n|teamsize|p2|6\n|gen|9\n|tier|[Gen 9] VGC 2023 Regulation E\n|rule|Species Clause: Limit one of each Pok\u00e9mon\n|rule|Item Clause: Limit one of each item\n|clearpoke\n|poke|p1|Urshifu-*, L50, F|\n|poke|p1|Arcanine-Hisui, L50, M|\n|poke|p1|Tornadus, L50, M|\n|poke|p1|Regidrago, L50|\n|poke|p1|Gholdengo, L50|\n|poke|p1|Rillaboom, L50, F|\n|poke|p2|Basculegion, L50, M|\n|poke|p2|Sableye, L50, M|\n|poke|p2|Politoed, L50, M|\n|poke|p2|Scizor, L50, F|\n|poke|p2|Rillaboom, L50, M|\n|poke|p2|Rotom-Heat, L50|\n|teampreview|4\n|inactive|Battle timer is ON: inactive players will automatically lose when time's up. (requested by TrainerRedVGC23)\n|c|\u2606Chaotic Raos|Game 1\n|c|\u2606Chaotic Raos|glhf!\nChaotic Raos has agreed to open team sheets.\n|c|\u2606TrainerRedVGC23|good luck and have fun!\nTrainerRedVGC23 has agreed to open team sheets.\n|showteam|p1|Urshifu-Rapid-Strike||MysticWater|UnseenFist|SurgingStrikes,CloseCombat,AquaJet,Protect|||F|||50|,,,,,Water]Arcanine-Hisui||AssaultVest|Intimidate|FlareBlitz,ExtremeSpeed,RockSlide,TeraBlast|||M|||50|,,,,,Fairy]Tornadus||FocusSash|Prankster|BleakwindStorm,RainDance,Tailwind,Taunt|||M|||50|,,,,,Flying]Regidrago||DragonFang|DragonsMaw|DragonEnergy,DracoMeteor,EarthPower,Protect||||||50|,,,,,Poison]Gholdengo||ChoiceSpecs|GoodasGold|MakeItRain,ShadowBall,Thunderbolt,Trick||||||50|,,,,,Steel]Rillaboom||MiracleSeed|GrassySurge|GrassyGlide,WoodHammer,Protect,FakeOut|||F|||50|,,,,,Grass\n|showteam|p2|Basculegion||MysticWater|SwiftSwim|AquaJet,LastRespects,WaveCrash,Protect|||M|||50|,,,,,Water]Sableye||RoseliBerry|Prankster|RainDance,FoulPlay,WillOWisp,Quash|||M|||50|,,,,,Steel]Politoed||SitrusBerry|Drizzle|IcyWind,HydroPump,Protect,HelpingHand|||M|||50|,,,,,Grass]Scizor||ClearAmulet|Technician|BulletPunch,Uturn,DualWingbeat,Protect|||F|||50|,,,,,Flying]Rillaboom||AssaultVest|GrassySurge|FakeOut,GrassyGlide,WoodHammer,HighHorsepower|||M|||50|,,,,,Fire]Rotom-Heat||ChoiceScarf|Levitate|Thunder,Overheat,VoltSwitch,TeraBlast||||||50|,,,,,Fairy\n|inactive|Chaotic Raos has 30 seconds left.\n|c|\u2606Chaotic Raos|This is 90% the team I fought round 1 lol\n|\n|t:|1700615848\n|start\n|switch|p1a: Tornadus|Tornadus, L50, M, shiny|100\/100\n|switch|p1b: Regidrago|Regidrago, L50|100\/100\n|switch|p2a: King Kong|Rillaboom, L50, M|100\/100\n|switch|p2b: Pasty Maker|Rotom-Heat, L50, shiny|100\/100\n|-fieldstart|move: Grassy Terrain|[from] ability: Grassy Surge|[of] p2a: King Kong\n|turn|1\n|inactive|TrainerRedVGC23 has 30 seconds left.\n|\n|t:|1700615873\n|switch|p1a: Kala|Rillaboom, L50, F, shiny|100\/100\n|move|p1b: Regidrago|Protect|p1b: Regidrago\n|-singleturn|p1b: Regidrago|Protect\n|move|p2a: King Kong|Fake Out|p1b: Regidrago\n|-activate|p1b: Regidrago|move: Protect\n|move|p2b: Pasty Maker|Volt Switch|p1a: Kala\n|-resisted|p1a: Kala\n|-damage|p1a: Kala|78\/100\n|\n|t:|1700615881\n|switch|p2b: Legion|Basculegion, L50, M|100\/100|[from] Volt Switch\n|\n|-heal|p1a: Kala|83\/100|[from] Grassy Terrain\n|upkeep\n|turn|2\n|\n|t:|1700615906\n|move|p2b: Legion|Protect|p2b: Legion\n|-singleturn|p2b: Legion|Protect\n|move|p1a: Kala|Fake Out|p2b: Legion\n|-activate|p2b: Legion|move: Protect\n|move|p1b: Regidrago|Dragon Energy|p2b: Legion|[spread] p2a\n|-activate|p2b: Legion|move: Protect\n|-damage|p2a: King Kong|29\/100\n|move|p2a: King Kong|Wood Hammer|p1b: Regidrago\n|-resisted|p1b: Regidrago\n|-damage|p1b: Regidrago|54\/100\n|-damage|p2a: King Kong|9\/100|[from] Recoil\n|\n|-heal|p1a: Kala|89\/100|[from] Grassy Terrain\n|-heal|p1b: Regidrago|60\/100|[from] Grassy Terrain\n|-heal|p2a: King Kong|15\/100|[from] Grassy Terrain\n|upkeep\n|turn|3\n|inactive|TrainerRedVGC23 has 30 seconds left.\n|inactive|TrainerRedVGC23 has 20 seconds left.\n|inactive|TrainerRedVGC23 has 15 seconds left.\n|\n|t:|1700615949\n|switch|p2b: Pasty Maker|Rotom-Heat, L50, shiny|100\/100\n|-terastallize|p1a: Kala|Grass\n|move|p2a: King Kong|Grassy Glide|p1b: Regidrago\n|-resisted|p1b: Regidrago\n|-damage|p1b: Regidrago|37\/100\n|move|p1a: Kala|Wood Hammer|p2b: Pasty Maker\n|-resisted|p2b: Pasty Maker\n|-damage|p2b: Pasty Maker|19\/100\n|-damage|p1a: Kala|70\/100|[from] Recoil\n|move|p1b: Regidrago|Draco Meteor|p2a: King Kong\n|-damage|p2a: King Kong|0 fnt\n|-unboost|p1b: Regidrago|spa|2\n|faint|p2a: King Kong\n|\n|-heal|p1a: Kala|75\/100|[from] Grassy Terrain\n|-heal|p1b: Regidrago|43\/100|[from] Grassy Terrain\n|upkeep\n|\n|t:|1700615962\n|switch|p2a: Legion|Basculegion, L50, M|100\/100\n|turn|4\n|\n|t:|1700615987\n|switch|p1b: Tornadus|Tornadus, L50, M, shiny|100\/100\n|move|p2a: Legion|Protect|p2a: Legion\n|-singleturn|p2a: Legion|Protect\n|move|p1a: Kala|Grassy Glide|p2b: Pasty Maker\n|-resisted|p2b: Pasty Maker\n|-damage|p2b: Pasty Maker|0 fnt\n|faint|p2b: Pasty Maker\n|\n|-heal|p1a: Kala|81\/100|[from] Grassy Terrain\n|upkeep\n|\n|t:|1700615994\n|switch|p2b: Tahm Kench|Politoed, L50, M|100\/100\n|-weather|RainDance|[from] ability: Drizzle|[of] p2b: Tahm Kench\n|turn|5\n|\n|t:|1700616011\n|move|p1b: Tornadus|Taunt|p2b: Tahm Kench\n|-start|p2b: Tahm Kench|move: Taunt\n|move|p2a: Legion|Last Respects|p1a: Kala\n|-damage|p1a: Kala|0 fnt\n|faint|p1a: Kala\n|move|p2b: Tahm Kench|Icy Wind|p1b: Tornadus\n|-supereffective|p1b: Tornadus\n|-damage|p1b: Tornadus|71\/100\n|-unboost|p1b: Tornadus|spe|1\n|\n|-weather|RainDance|[upkeep]\n|-fieldend|move: Grassy Terrain\n|upkeep\n|\n|t:|1700616023\n|switch|p1a: Gholdengo|Gholdengo, L50|100\/100\n|turn|6\n|inactive|TrainerRedVGC23 has 30 seconds left.\n|inactive|TrainerRedVGC23 has 20 seconds left.\n|inactive|TrainerRedVGC23 has 15 seconds left.\n|\n|t:|1700616063\n|move|p2a: Legion|Protect|p2a: Legion\n|-singleturn|p2a: Legion|Protect\n|move|p1b: Tornadus|Tailwind|p1b: Tornadus\n|-sidestart|p1: TrainerRedVGC23|move: Tailwind\n|move|p1a: Gholdengo|Thunderbolt|p2b: Tahm Kench\n|-supereffective|p2b: Tahm Kench\n|-damage|p2b: Tahm Kench|35\/100\n|-enditem|p2b: Tahm Kench|Sitrus Berry|[eat]\n|-heal|p2b: Tahm Kench|59\/100|[from] item: Sitrus Berry\n|move|p2b: Tahm Kench|Icy Wind|p1a: Gholdengo|[spread] p1a,p1b\n|-resisted|p1a: Gholdengo\n|-supereffective|p1b: Tornadus\n|-crit|p1b: Tornadus\n|-damage|p1a: Gholdengo|96\/100\n|-damage|p1b: Tornadus|44\/100\n|-unboost|p1a: Gholdengo|spe|1\n|-unboost|p1b: Tornadus|spe|1\n|\n|-weather|RainDance|[upkeep]\n|upkeep\n|turn|7\n|inactive|Chaotic Raos has 30 seconds left.\n|\n|t:|1700616091\n|move|p2a: Legion|Wave Crash|p1a: Gholdengo\n|-damage|p1a: Gholdengo|0 fnt\n|faint|p1a: Gholdengo\n|-damage|p2a: Legion|77\/100|[from] Recoil\n|move|p1b: Tornadus|Bleakwind Storm|p2b: Tahm Kench|[spread] p2a,p2b\n|-damage|p2a: Legion|45\/100\n|-damage|p2b: Tahm Kench|38\/100\n|move|p2b: Tahm Kench|Icy Wind|p1b: Tornadus\n|-supereffective|p1b: Tornadus\n|-damage|p1b: Tornadus|18\/100\n|-unboost|p1b: Tornadus|spe|1\n|\n|-weather|RainDance|[upkeep]\n|-end|p2b: Tahm Kench|move: Taunt\n|upkeep\n|\n|t:|1700616104\n|switch|p1a: Regidrago|Regidrago, L50|43\/100\n|turn|8\n|inactive|Chaotic Raos has 30 seconds left.\n|\n|t:|1700616134\n|-terastallize|p2a: Legion|Water\n|move|p2a: Legion|Aqua Jet|p1a: Regidrago\n|-resisted|p1a: Regidrago\n|-damage|p1a: Regidrago|17\/100\n|move|p1a: Regidrago|Dragon Energy|p2a: Legion|[spread] p2a,p2b\n|-damage|p2a: Legion|30\/100\n|-damage|p2b: Tahm Kench|27\/100\n|move|p1b: Tornadus|Bleakwind Storm|p2b: Tahm Kench|[spread] p2a,p2b\n|-damage|p2a: Legion|0 fnt\n|-damage|p2b: Tahm Kench|8\/100\n|faint|p2a: Legion\n|move|p2b: Tahm Kench|Icy Wind|p1a: Regidrago|[spread] p1a,p1b\n|-supereffective|p1a: Regidrago\n|-supereffective|p1b: Tornadus\n|-crit|p1b: Tornadus\n|-damage|p1a: Regidrago|0 fnt\n|-damage|p1b: Tornadus|0 fnt\n|faint|p1a: Regidrago\n|faint|p1b: Tornadus\n|\n|win|Chaotic Raos\n|inactive|TrainerRedVGC23 has 50 seconds to confirm battle start!\n|inactive|Chaotic Raos has 50 seconds to confirm battle start!\n|c|&|\/uhtml prompt-trainerredvgc23,TrainerRedVGC23 is ready for game 2!\n|c|&|\/uhtml prompt-chaoticraos,Chaotic Raos is ready for game 2!\nBoth players are ready! Starting next match!\n","uploadtime":1700616856,"views":6,"p1id":"trainerredvgc23","p2id":"chaoticraos","formatid":"gen9vgc2023regulatione","rating":0,"private":0,"password":""}