{"id":"gen9vgc2023regulatione-1991523684","p1":"ChuyMcfly","p2":"Kzjehzl","format":"[Gen 9] VGC 2023 Regulation E","log":"|j|\u2606ChuyMcfly\n|j|\u2606Kzjehzl\n|t:|1700084812\n|gametype|doubles\n|player|p1|ChuyMcfly|guzma|1102\n|player|p2|Kzjehzl|lance|1167\n|teamsize|p1|6\n|teamsize|p2|6\n|gen|9\n|tier|[Gen 9] VGC 2023 Regulation E\n|rated|\n|rule|Species Clause: Limit one of each Pok\u00e9mon\n|rule|Item Clause: Limit one of each item\n|clearpoke\n|poke|p1|Roaring Moon, L50|\n|poke|p1|Dragonite, L50, F|\n|poke|p1|Chien-Pao, L50|\n|poke|p1|Salamence, L50, M|\n|poke|p1|Flutter Mane, L50|\n|poke|p1|Volcarona, L50, M|\n|poke|p2|Flutter Mane, L50|\n|poke|p2|Tornadus, L50, M|\n|poke|p2|Rillaboom, L50, M|\n|poke|p2|Garganacl, L50, F|\n|poke|p2|Arcanine-Hisui, L50, M|\n|poke|p2|Chien-Pao, L50|\n|teampreview|4\n|\n|t:|1700084890\n|start\n|switch|p1a: Flutter Mane|Flutter Mane, L50|100\/100\n|switch|p1b: Salamence|Salamence, L50, M, shiny|100\/100\n|switch|p2a: Tornadus|Tornadus, L50, M|100\/100\n|switch|p2b: Garganacl|Garganacl, L50, F|100\/100\n|-ability|p1b: Salamence|Intimidate|boost\n|-unboost|p2a: Tornadus|atk|1\n|-unboost|p2b: Garganacl|atk|1\n|turn|1\n|\n|t:|1700084909\n|-terastallize|p1b: Salamence|Water\n|-terastallize|p2b: Garganacl|Ghost\n|move|p2a: Tornadus|Tailwind|p2a: Tornadus\n|-sidestart|p2: Kzjehzl|move: Tailwind\n|move|p1a: Flutter Mane|Shadow Ball|p2b: Garganacl\n|-supereffective|p2b: Garganacl\n|-damage|p2b: Garganacl|71\/100\n|move|p1b: Salamence|Hydro Pump|p2b: Garganacl\n|-damage|p2b: Garganacl|29\/100\n|-enditem|p2b: Garganacl|Sitrus Berry|[eat]\n|-heal|p2b: Garganacl|54\/100|[from] item: Sitrus Berry\n|-damage|p1b: Salamence|90\/100|[from] item: Life Orb\n|move|p2b: Garganacl|Salt Cure|p1a: Flutter Mane\n|-damage|p1a: Flutter Mane|79\/100\n|-start|p1a: Flutter Mane|Salt Cure\n|\n|-damage|p1a: Flutter Mane|67\/100|[from] Salt Cure\n|upkeep\n|turn|2\n|\n|t:|1700084926\n|move|p2b: Garganacl|Protect|p2b: Garganacl\n|-singleturn|p2b: Garganacl|Protect\n|move|p2a: Tornadus|Bleakwind Storm|p1a: Flutter Mane|[spread] p1a,p1b\n|-damage|p1a: Flutter Mane|32\/100\n|-damage|p1b: Salamence|49\/100\n|-unboost|p1b: Salamence|spe|1\n|move|p1b: Salamence|Hydro Pump|p2b: Garganacl\n|-activate|p2b: Garganacl|move: Protect\n|move|p1a: Flutter Mane|Trick Room|p1a: Flutter Mane\n|-fieldstart|move: Trick Room|[of] p1a: Flutter Mane\n|\n|-damage|p1a: Flutter Mane|20\/100|[from] Salt Cure\n|upkeep\n|turn|3\n|\n|t:|1700084947\n|move|p2a: Tornadus|Sunny Day|p2a: Tornadus\n|-weather|SunnyDay\n|-activate|p1a: Flutter Mane|ability: Protosynthesis\n|-start|p1a: Flutter Mane|protosynthesisspe\n|move|p2b: Garganacl|Recover|p2b: Garganacl\n|-heal|p2b: Garganacl|100\/100\n|move|p1b: Salamence|Hydro Pump|p2b: Garganacl\n|-damage|p2b: Garganacl|77\/100\n|-damage|p1b: Salamence|39\/100|[from] item: Life Orb\n|move|p1a: Flutter Mane|Shadow Ball|p2b: Garganacl\n|-supereffective|p2b: Garganacl\n|-damage|p2b: Garganacl|47\/100\n|-unboost|p2b: Garganacl|spd|1\n|\n|-weather|SunnyDay|[upkeep]\n|-damage|p1a: Flutter Mane|7\/100|[from] Salt Cure\n|upkeep\n|turn|4\n|\n|t:|1700085005\n|-end|p1a: Flutter Mane|Protosynthesis|[silent]\n|switch|p1a: Dragonite|Dragonite, L50, F, shiny|100\/100\n|move|p2b: Garganacl|Salt Cure|p1a: Dragonite\n|-supereffective|p1a: Dragonite\n|-damage|p1a: Dragonite|81\/100\n|-start|p1a: Dragonite|Salt Cure\n|move|p1b: Salamence|Air Slash|p2b: Garganacl\n|-damage|p2b: Garganacl|3\/100\n|-damage|p1b: Salamence|29\/100|[from] item: Life Orb\n|move|p2a: Tornadus|Bleakwind Storm|p1b: Salamence|[spread] p1a,p1b\n|-crit|p1b: Salamence\n|-damage|p1a: Dragonite|64\/100\n|-damage|p1b: Salamence|0 fnt\n|-unboost|p1a: Dragonite|spe|1\n|faint|p1b: Salamence\n|\n|-weather|SunnyDay|[upkeep]\n|-damage|p1a: Dragonite|52\/100|[from] Salt Cure\n|-sideend|p2: Kzjehzl|move: Tailwind\n|upkeep\n|\n|t:|1700085015\n|switch|p1b: Chien-Pao|Chien-Pao, L50|100\/100\n|-ability|p1b: Chien-Pao|Sword of Ruin\n|turn|5\n|\n|t:|1700085025\n|switch|p2a: Arcanine|Arcanine-Hisui, L50, M|100\/100\n|-ability|p2a: Arcanine|Intimidate|boost\n|-fail|p1a: Dragonite|unboost|Attack|[from] ability: Inner Focus|[of] p1a: Dragonite\n|-unboost|p1b: Chien-Pao|atk|1\n|move|p1a: Dragonite|Extreme Speed|p2a: Arcanine\n|-resisted|p2a: Arcanine\n|-damage|p2a: Arcanine|75\/100\n|move|p1b: Chien-Pao|Ice Shard|p2a: Arcanine\n|-resisted|p2a: Arcanine\n|-damage|p2a: Arcanine|65\/100\n|move|p2b: Garganacl|Salt Cure|p1b: Chien-Pao\n|-supereffective|p1b: Chien-Pao\n|-damage|p1b: Chien-Pao|77\/100\n|-start|p1b: Chien-Pao|Salt Cure\n|\n|-weather|SunnyDay|[upkeep]\n|-damage|p1a: Dragonite|40\/100|[from] Salt Cure\n|-damage|p1b: Chien-Pao|65\/100|[from] Salt Cure\n|upkeep\n|turn|6\n|\n|t:|1700085034\n|switch|p2a: Tornadus|Tornadus, L50, M|100\/100\n|move|p1b: Chien-Pao|Protect|p1b: Chien-Pao\n|-singleturn|p1b: Chien-Pao|Protect\n|move|p2b: Garganacl|Recover|p2b: Garganacl\n|-heal|p2b: Garganacl|54\/100\n|move|p1a: Dragonite|Earthquake|p2a: Tornadus|[spread] p2b\n|-activate|p1b: Chien-Pao|move: Protect\n|-immune|p2a: Tornadus\n|-damage|p2b: Garganacl|28\/100\n|\n|-weather|SunnyDay|[upkeep]\n|-damage|p1a: Dragonite|28\/100|[from] Salt Cure\n|-damage|p1b: Chien-Pao|53\/100|[from] Salt Cure\n|-fieldend|move: Trick Room\n|upkeep\n|turn|7\n|-message|ChuyMcfly forfeited.\n|\n|win|Kzjehzl\n|raw|ChuyMcfly's rating: 1102 &rarr; <strong>1082<\/strong><br \/>(-20 for losing)\n|raw|Kzjehzl's rating: 1167 &rarr; <strong>1187<\/strong><br \/>(+20 for winning)\n|l|\u2606ChuyMcfly\n","uploadtime":1700085050,"views":10,"p1id":"chuymcfly","p2id":"kzjehzl","formatid":"gen9vgc2023regulatione","rating":1082,"private":0,"password":""}