{"id":"gen9vgc2023regulatione-1998876781","p1":"AraArandom","p2":"pedroamtz","format":"[Gen 9] VGC 2023 Regulation E","log":"|j|\u2606AraArandom\n|j|\u2606pedroamtz\n|t:|1701007224\n|gametype|doubles\n|player|p1|AraArandom|unknownf|1124\n|player|p2|pedroamtz|1|1190\n|teamsize|p1|6\n|teamsize|p2|6\n|gen|9\n|tier|[Gen 9] VGC 2023 Regulation E\n|rated|\n|rule|Species Clause: Limit one of each Pok\u00e9mon\n|rule|Item Clause: Limit one of each item\n|clearpoke\n|poke|p1|Clefairy, L50, F|\n|poke|p1|Tornadus, L50, M|\n|poke|p1|Flutter Mane, L50|\n|poke|p1|Urshifu-*, L50, M|\n|poke|p1|Iron Hands, L50|\n|poke|p1|Ogerpon-Hearthflame, L50, F|\n|poke|p2|Ting-Lu, L50|\n|poke|p2|Sinistcha, L50|\n|poke|p2|Arcanine, L50, F|\n|poke|p2|Gyarados, L50, F|\n|poke|p2|Flutter Mane, L50|\n|poke|p2|Iron Hands, L50|\n|teampreview|4\nAraArandom has agreed to open team sheets.\n|\n|t:|1701007258\n|start\n|switch|p1a: guy|Tornadus, L50, M|100\/100\n|switch|p1b: hand|Iron Hands, L50, shiny|100\/100\n|switch|p2a: Gyarados|Gyarados, L50, F|100\/100\n|switch|p2b: Iron Hands|Iron Hands, L50|100\/100\n|-ability|p2a: Gyarados|Intimidate|boost\n|-unboost|p1a: guy|atk|1\n|-unboost|p1b: hand|atk|1\n|turn|1\n|\n|t:|1701007287\n|switch|p2a: Sinistcha|Sinistcha, L50|100\/100\n|move|p2b: Iron Hands|Fake Out|p1a: guy\n|-crit|p1a: guy\n|-damage|p1a: guy|58\/100\n|-damage|p2b: Iron Hands|91\/100|[from] item: Life Orb\n|move|p1b: hand|Fake Out|p2b: Iron Hands\n|-damage|p2b: Iron Hands|82\/100\n|move|p1a: guy|Tailwind|p1a: guy\n|-sidestart|p1: AraArandom|move: Tailwind\n|\n|upkeep\n|turn|2\n|\n|t:|1701007309\n|move|p1a: guy|Bleakwind Storm|p2a: Sinistcha|[spread] p2b\n|-miss|p1a: guy|p2a: Sinistcha\n|-damage|p2b: Iron Hands|52\/100\n|move|p1b: hand|Volt Switch|p2a: Sinistcha\n|-resisted|p2a: Sinistcha\n|-damage|p2a: Sinistcha|94\/100\n|\n|t:|1701007318\n|-end|p1b: hand|Quark Drive|[silent]\n|switch|p1b: evil|Flutter Mane, L50, shiny|100\/100|[from] Volt Switch\n|-enditem|p1b: evil|Booster Energy\n|-activate|p1b: evil|ability: Protosynthesis|[fromitem]\n|-start|p1b: evil|protosynthesisspa\n|move|p2a: Sinistcha|Strength Sap|p1b: evil\n|-unboost|p1b: evil|atk|1\n|-heal|p2a: Sinistcha|100\/100\n|move|p2b: Iron Hands|Wild Charge|p1a: guy\n|-supereffective|p1a: guy\n|-damage|p1a: guy|0 fnt\n|faint|p1a: guy\n|-damage|p2b: Iron Hands|42\/100|[from] Recoil\n|-damage|p2b: Iron Hands|33\/100|[from] item: Life Orb\n|\n|upkeep\n|\n|t:|1701007332\n|switch|p1a: hand|Iron Hands, L50, shiny|100\/100\n|turn|3\n|\n|t:|1701007354\n|-end|p2b: Iron Hands|Quark Drive|[silent]\n|switch|p2b: Flutter Mane|Flutter Mane, L50|100\/100\n|-enditem|p2b: Flutter Mane|Booster Energy\n|-activate|p2b: Flutter Mane|ability: Protosynthesis|[fromitem]\n|-start|p2b: Flutter Mane|protosynthesisspa\n|-terastallize|p1b: evil|Ghost\n|move|p1a: hand|Fake Out|p2b: Flutter Mane\n|-immune|p2b: Flutter Mane\n|move|p1b: evil|Shadow Ball|p2a: Sinistcha\n|-supereffective|p2a: Sinistcha\n|-damage|p2a: Sinistcha|0 fnt\n|faint|p2a: Sinistcha\n|\n|upkeep\n|\n|t:|1701007362\n|switch|p2a: Gyarados|Gyarados, L50, F|100\/100\n|-ability|p2a: Gyarados|Intimidate|boost\n|-unboost|p1a: hand|atk|1\n|-unboost|p1b: evil|atk|1\n|turn|4\n|inactive|Battle timer is ON: inactive players will automatically lose when time's up. (requested by pedroamtz)\n|\n|t:|1701007406\n|switch|p2a: Iron Hands|Iron Hands, L50|33\/100\n|-terastallize|p2b: Flutter Mane|Fairy\n|move|p1b: evil|Shadow Ball|p2b: Flutter Mane\n|-damage|p2b: Flutter Mane|17\/100\n|move|p2b: Flutter Mane|Dazzling Gleam|p1a: hand|[spread] p1a,p1b\n|-supereffective|p1a: hand\n|-damage|p1a: hand|39\/100\n|-damage|p1b: evil|45\/100\n|move|p1a: hand|Wild Charge|p2a: Iron Hands\n|-resisted|p2a: Iron Hands\n|-damage|p2a: Iron Hands|20\/100\n|-damage|p1a: hand|36\/100|[from] Recoil\n|\n|-sideend|p1: AraArandom|move: Tailwind\n|upkeep\n|turn|5\n|\n|t:|1701007428\n|move|p2b: Flutter Mane|Protect|p2b: Flutter Mane\n|-singleturn|p2b: Flutter Mane|Protect\n|move|p1b: evil|Dazzling Gleam|p2a: Iron Hands|[spread] p2a\n|-activate|p2b: Flutter Mane|move: Protect\n|-supereffective|p2a: Iron Hands\n|-damage|p2a: Iron Hands|0 fnt\n|faint|p2a: Iron Hands\n|-end|p2a: Iron Hands|Quark Drive|[silent]\n|move|p1a: hand|Drain Punch|p2b: Flutter Mane\n|-activate|p2b: Flutter Mane|move: Protect\n|\n|upkeep\n|\n|t:|1701007433\n|switch|p2a: Gyarados|Gyarados, L50, F|100\/100\n|-ability|p2a: Gyarados|Intimidate|boost\n|-unboost|p1a: hand|atk|1\n|-unboost|p1b: evil|atk|1\n|turn|6\n|\n|t:|1701007447\n|move|p1b: evil|Dazzling Gleam|p2b: Flutter Mane|[spread] p2a,p2b\n|-damage|p2a: Gyarados|63\/100\n|-damage|p2b: Flutter Mane|0 fnt\n|faint|p2b: Flutter Mane\n|-end|p2b: Flutter Mane|Protosynthesis|[silent]\n|move|p2a: Gyarados|Waterfall|p1b: evil\n|-damage|p1b: evil|0 fnt\n|faint|p1b: evil\n|-end|p1b: evil|Protosynthesis|[silent]\n|move|p1a: hand|Wild Charge|p2a: Gyarados\n|-supereffective|p2a: Gyarados\n|-damage|p2a: Gyarados|0 fnt\n|faint|p2a: Gyarados\n|-damage|p1a: hand|24\/100|[from] Recoil\n|\n|win|AraArandom\n|raw|AraArandom's rating: 1124 &rarr; <strong>1154<\/strong><br \/>(+30 for winning)\n|raw|pedroamtz's rating: 1190 &rarr; <strong>1160<\/strong><br \/>(-30 for losing)\n","uploadtime":1701007472,"views":4,"p1id":"araarandom","p2id":"pedroamtz","formatid":"gen9vgc2023regulatione","rating":1154,"private":0,"password":""}