{"id":"gen9vgc2023regulatione-1996189724","p1":"ThiagoPrates23","p2":"qwertyslopmcflop","format":"[Gen 9] VGC 2023 Regulation E","log":"|j|\u2606ThiagoPrates23\n|j|\u2606qwertyslopmcflop\n|t:|1700657044\n|gametype|doubles\n|player|p1|ThiagoPrates23|lance|1531\n|player|p2|qwertyslopmcflop|nate|1553\n|teamsize|p1|6\n|teamsize|p2|6\n|gen|9\n|tier|[Gen 9] VGC 2023 Regulation E\n|rated|\n|rule|Species Clause: Limit one of each Pok\u00e9mon\n|rule|Item Clause: Limit one of each item\n|clearpoke\n|poke|p1|Dragonite, L50, M|\n|poke|p1|Chien-Pao, L50|\n|poke|p1|Urshifu-*, L50, M|\n|poke|p1|Tornadus, L50, M|\n|poke|p1|Flutter Mane, L50|\n|poke|p1|Chi-Yu, L50|\n|poke|p2|Tornadus, L50, M|\n|poke|p2|Urshifu-*, L50, F|\n|poke|p2|Iron Hands, L50|\n|poke|p2|Sinistcha-Masterpiece, L50|\n|poke|p2|Ninetales-Alola, L50, M|\n|poke|p2|Arcanine-Hisui, L50, M|\n|teampreview|4\n|inactive|Battle timer is ON: inactive players will automatically lose when time's up. (requested by qwertyslopmcflop)\n|\n|t:|1700657066\n|start\n|switch|p1a: Tornadus|Tornadus, L50, M|100\/100\n|switch|p1b: Urshifu|Urshifu-Rapid-Strike, L50, M|100\/100\n|switch|p2a: Sinistcha|Sinistcha-Masterpiece, L50|100\/100\n|switch|p2b: Ninetales|Ninetales-Alola, L50, M|100\/100\n|-weather|Snow|[from] ability: Snow Warning|[of] p2b: Ninetales\n|turn|1\n|\n|t:|1700657084\n|move|p1b: Urshifu|Detect|p1b: Urshifu\n|-singleturn|p1b: Urshifu|Protect\n|move|p2a: Sinistcha|Protect|p2a: Sinistcha\n|-singleturn|p2a: Sinistcha|Protect\n|move|p1a: Tornadus|Rain Dance|p1a: Tornadus\n|-weather|RainDance\n|move|p2b: Ninetales|Moonblast|p1b: Urshifu\n|-activate|p1b: Urshifu|move: Protect\n|\n|-weather|RainDance|[upkeep]\n|upkeep\n|turn|2\n|\n|t:|1700657102\n|-terastallize|p1b: Urshifu|Water\n|move|p1a: Tornadus|Taunt|p2a: Sinistcha\n|-start|p2a: Sinistcha|move: Taunt\n|move|p2b: Ninetales|Blizzard|p1a: Tornadus|[spread] p1a,p1b\n|-supereffective|p1a: Tornadus\n|-resisted|p1b: Urshifu\n|-damage|p1a: Tornadus|38\/100\n|-damage|p1b: Urshifu|86\/100\n|move|p1b: Urshifu|Surging Strikes|p2b: Ninetales\n|-crit|p2b: Ninetales\n|-damage|p2b: Ninetales|40\/100\n|-crit|p2b: Ninetales\n|-damage|p2b: Ninetales|0 fnt\n|faint|p2b: Ninetales\n|-hitcount|p2: Ninetales|2\n|move|p2a: Sinistcha|Matcha Gotcha|p1a: Tornadus|[spread] p1a,p1b\n|-resisted|p1a: Tornadus\n|-supereffective|p1b: Urshifu\n|-damage|p1a: Tornadus|24\/100\n|-damage|p1b: Urshifu|32\/100\n|-status|p1a: Tornadus|brn\n|\n|-weather|RainDance|[upkeep]\n|-damage|p1a: Tornadus|18\/100 brn|[from] brn\n|upkeep\n|\n|t:|1700657123\n|switch|p2b: Iron Hands|Iron Hands, L50|100\/100\n|turn|3\n|\n|t:|1700657132\n|move|p2b: Iron Hands|Fake Out|p1a: Tornadus\n|-damage|p1a: Tornadus|4\/100 brn\n|cant|p1a: Tornadus|flinch\n|move|p1b: Urshifu|Surging Strikes|p2b: Iron Hands\n|-crit|p2b: Iron Hands\n|-damage|p2b: Iron Hands|68\/100\n|-crit|p2b: Iron Hands\n|-damage|p2b: Iron Hands|34\/100\n|-crit|p2b: Iron Hands\n|-damage|p2b: Iron Hands|0 fnt\n|faint|p2b: Iron Hands\n|-end|p2b: Iron Hands|Quark Drive|[silent]\n|-hitcount|p2: Iron Hands|3\n|move|p2a: Sinistcha|Matcha Gotcha|p1b: Urshifu|[spread] p1a,p1b\n|-resisted|p1a: Tornadus\n|-supereffective|p1b: Urshifu\n|-damage|p1a: Tornadus|0 fnt\n|-damage|p1b: Urshifu|0 fnt\n|faint|p1a: Tornadus\n|faint|p1b: Urshifu\n|\n|-weather|RainDance|[upkeep]\n|upkeep\n|\n|t:|1700657153\n|switch|p1a: Chien-Pao|Chien-Pao, L50|100\/100\n|switch|p1b: Dragonite|Dragonite, L50, M, shiny|100\/100\n|switch|p2b: Urshifu|Urshifu-Rapid-Strike, L50, F|100\/100\n|-ability|p1a: Chien-Pao|Sword of Ruin\n|turn|4\n|\n|t:|1700657167\n|-terastallize|p2a: Sinistcha|Water\n|move|p2b: Urshifu|Detect|p2b: Urshifu\n|-singleturn|p2b: Urshifu|Protect\n|move|p1a: Chien-Pao|Icicle Crash|p2a: Sinistcha\n|-resisted|p2a: Sinistcha\n|-damage|p2a: Sinistcha|71\/100\n|move|p1b: Dragonite|Outrage|p2a: Sinistcha\n|-damage|p2a: Sinistcha|0 fnt\n|faint|p2a: Sinistcha\n|\n|-weather|RainDance|[upkeep]\n|upkeep\n|turn|5\n|\n|t:|1700657184\n|move|p2b: Urshifu|Aqua Jet|p1a: Chien-Pao\n|-damage|p1a: Chien-Pao|48\/100\n|move|p1a: Chien-Pao|Lash Out|p2b: Urshifu\n|-resisted|p2b: Urshifu\n|-damage|p2b: Urshifu|74\/100\n|move|p1b: Dragonite|Outrage|p2b: Urshifu|[from]lockedmove\n|-damage|p2b: Urshifu|0 fnt\n|faint|p2b: Urshifu\n|\n|win|ThiagoPrates23\n|raw|ThiagoPrates23's rating: 1531 &rarr; <strong>1552<\/strong><br \/>(+21 for winning)\n|raw|qwertyslopmcflop's rating: 1553 &rarr; <strong>1532<\/strong><br \/>(-21 for losing)\n|l|\u2606qwertyslopmcflop\n","uploadtime":1700657210,"views":3,"p1id":"thiagoprates23","p2id":"qwertyslopmcflop","formatid":"gen9vgc2023regulatione","rating":1532,"private":0,"password":""}