{"id":"gen9vgc2023regulatione-1988689143","p1":"GeoGreenBeanz","p2":"py123456","format":"[Gen 9] VGC 2023 Regulation E","log":"|j|\u2606GeoGreenBeanz\n|j|\u2606py123456\n|t:|1699750919\n|gametype|doubles\n|player|p1|GeoGreenBeanz|266|1057\n|player|p2|py123456|steven|1089\n|teamsize|p1|6\n|teamsize|p2|6\n|gen|9\n|tier|[Gen 9] VGC 2023 Regulation E\n|rated|\n|rule|Species Clause: Limit one of each Pok\u00e9mon\n|rule|Item Clause: Limit one of each item\n|clearpoke\n|poke|p1|Cyclizar, L50, M|\n|poke|p1|Chi-Yu, L50|\n|poke|p1|Toedscruel, L50, M|\n|poke|p1|Slaking, L50, M|\n|poke|p1|Espathra, L50, M|\n|poke|p1|Zoroark-Hisui, L50, M|\n|poke|p2|Flutter Mane, L50|\n|poke|p2|Ogerpon-Wellspring, L50, F|\n|poke|p2|Iron Hands, L50|\n|poke|p2|Sableye, L50, F|\n|poke|p2|Espathra, L50, F|\n|poke|p2|Chi-Yu, L50|\n|teampreview|4\n|inactive|Battle timer is ON: inactive players will automatically lose when time's up. (requested by py123456)\n|inactive|GeoGreenBeanz has 60 seconds left.\n|inactive|GeoGreenBeanz has 30 seconds left.\n|\n|t:|1699750993\n|start\n|switch|p1a: Espathra|Espathra, L50, M|100\/100\n|switch|p1b: Slaking|Slaking, L50, M|100\/100\n|switch|p2a: Sableye|Sableye, L50, F, shiny|100\/100\n|switch|p2b: Espathra|Espathra, L50, F|100\/100\n|turn|1\n|\n|t:|1699751012\n|-terastallize|p1b: Slaking|Ghost\n|move|p2b: Espathra|Protect|p2b: Espathra\n|-singleturn|p2b: Espathra|Protect\n|move|p2a: Sableye|Gravity|p2a: Sableye\n|-fieldstart|move: Gravity\n|move|p1a: Espathra|Skill Swap|p1b: Slaking\n|-activate|p1a: Espathra|move: Skill Swap|||[of] p1b: Slaking\n|move|p1b: Slaking|Shadow Claw|p2b: Espathra\n|-activate|p2b: Espathra|move: Protect\n|\n|-ability|p2b: Espathra|Speed Boost|boost\n|-boost|p2b: Espathra|spe|1\n|-ability|p1b: Slaking|Speed Boost|boost\n|-boost|p1b: Slaking|spe|1\n|upkeep\n|turn|2\n|inactive|GeoGreenBeanz has 30 seconds left.\n|inactive|py123456 has 30 seconds left.\n|\n|t:|1699751043\n|switch|p1a: Toedscruel|Toedscruel, L50, M|100\/100\n|move|p2a: Sableye|Will-O-Wisp|p1b: Slaking\n|-status|p1b: Slaking|brn\n|move|p2b: Espathra|Hypnosis||[still]\n|-fail|p2b: Espathra\n|move|p1b: Slaking|Shadow Claw|p2b: Espathra\n|-supereffective|p2b: Espathra\n|-damage|p2b: Espathra|42\/100\n|\n|-damage|p1b: Slaking|94\/100 brn|[from] brn\n|-ability|p2b: Espathra|Speed Boost|boost\n|-boost|p2b: Espathra|spe|1\n|-ability|p1b: Slaking|Speed Boost|boost\n|-boost|p1b: Slaking|spe|1\n|upkeep\n|turn|3\n|inactive|GeoGreenBeanz has 30 seconds left.\n|\n|t:|1699751072\n|move|p2a: Sableye|Quash|p1b: Slaking\n|-activate|p1b: Slaking|move: Quash\n|move|p2b: Espathra|Hypnosis|p1a: Toedscruel\n|-status|p1a: Toedscruel|slp|[from] move: Hypnosis\n|cant|p1a: Toedscruel|slp\n|move|p1b: Slaking|Facade|p2b: Espathra\n|-damage|p2b: Espathra|0 fnt\n|faint|p2b: Espathra\n|\n|-damage|p1b: Slaking|88\/100 brn|[from] brn\n|-ability|p1b: Slaking|Speed Boost|boost\n|-boost|p1b: Slaking|spe|1\n|upkeep\n|\n|t:|1699751082\n|switch|p2b: Iron Hands|Iron Hands, L50|100\/100\n|turn|4\n|\n|t:|1699751102\n|move|p2a: Sableye|Quash|p1b: Slaking\n|-activate|p1b: Slaking|move: Quash\n|move|p2b: Iron Hands|Belly Drum|p2b: Iron Hands\n|-damage|p2b: Iron Hands|50\/100\n|-setboost|p2b: Iron Hands|atk|6|[from] move: Belly Drum\n|-enditem|p2b: Iron Hands|Sitrus Berry|[eat]\n|-heal|p2b: Iron Hands|75\/100|[from] item: Sitrus Berry\n|cant|p1a: Toedscruel|slp\n|move|p1b: Slaking|Curse|p2a: Sableye\n|-start|p2a: Sableye|Curse|[of] p1b: Slaking\n|-damage|p1b: Slaking|38\/100 brn\n|\n|-damage|p1b: Slaking|32\/100 brn|[from] brn\n|-damage|p2a: Sableye|76\/100|[from] Curse\n|-ability|p1b: Slaking|Speed Boost|boost\n|-boost|p1b: Slaking|spe|1\n|upkeep\n|turn|5\n|inactive|GeoGreenBeanz has 30 seconds left.\n|inactive|py123456 has 30 seconds left.\n|\n|t:|1699751134\n|move|p2a: Sableye|Encore|p1b: Slaking\n|-start|p1b: Slaking|Encore\n|move|p1b: Slaking|Curse||[still]\n|-fail|p1b: Slaking\n|-curestatus|p1a: Toedscruel|slp|[msg]\n|move|p1a: Toedscruel|Earth Power|p2b: Iron Hands\n|-supereffective|p2b: Iron Hands\n|-damage|p2b: Iron Hands|22\/100\n|move|p2b: Iron Hands|Drain Punch|p1a: Toedscruel\n|-damage|p1a: Toedscruel|0 fnt\n|-heal|p2b: Iron Hands|54\/100|[from] drain|[of] p1a: Toedscruel\n|faint|p1a: Toedscruel\n|\n|-damage|p1b: Slaking|26\/100 brn|[from] brn\n|-damage|p2a: Sableye|51\/100|[from] Curse\n|-fieldend|move: Gravity\n|-ability|p1b: Slaking|Speed Boost|boost\n|-boost|p1b: Slaking|spe|1\n|upkeep\n|\n|t:|1699751158\n|switch|p1a: Chi-Yu|Chi-Yu, L50|100\/100\n|-ability|p1a: Chi-Yu|Beads of Ruin\n|turn|6\n|\n|t:|1699751173\n|move|p2a: Sableye|Quash|p1a: Chi-Yu\n|-hint|Since gen 7, Dark is immune to Prankster moves.\n|-immune|p1a: Chi-Yu\n|move|p1b: Slaking|Curse|p2b: Iron Hands\n|-start|p2b: Iron Hands|Curse|[of] p1b: Slaking\n|-damage|p1b: Slaking|0 fnt\n|faint|p1b: Slaking\n|move|p1a: Chi-Yu|Heat Wave|p2a: Sableye|[spread] p2b\n|-miss|p1a: Chi-Yu|p2a: Sableye\n|-damage|p2b: Iron Hands|16\/100\n|move|p2b: Iron Hands|Drain Punch|p1a: Chi-Yu\n|-supereffective|p1a: Chi-Yu\n|-enditem|p1a: Chi-Yu|Focus Sash\n|-damage|p1a: Chi-Yu|1\/100\n|-heal|p2b: Iron Hands|42\/100|[from] drain|[of] p1a: Chi-Yu\n|\n|-damage|p2b: Iron Hands|18\/100|[from] Curse\n|-damage|p2a: Sableye|26\/100|[from] Curse\n|upkeep\n|\n|t:|1699751194\n|switch|p1b: Espathra|Espathra, L50, M|100\/100\n|turn|7\n|inactive|py123456 has 30 seconds left.\n|\n|t:|1699751228\n|-terastallize|p2b: Iron Hands|Fire\n|move|p2a: Sableye|Quash|p1b: Espathra\n|-activate|p1b: Espathra|move: Quash\n|move|p1a: Chi-Yu|Heat Wave|p2a: Sableye|[spread] p2a\n|-miss|p1a: Chi-Yu|p2b: Iron Hands\n|-damage|p2a: Sableye|0 fnt\n|faint|p2a: Sableye\n|move|p2b: Iron Hands|Drain Punch|p1b: Espathra\n|-resisted|p1b: Espathra\n|-damage|p1b: Espathra|0 fnt\n|-heal|p2b: Iron Hands|58\/100|[from] drain|[of] p1b: Espathra\n|faint|p1b: Espathra\n|\n|-damage|p2b: Iron Hands|33\/100|[from] Curse\n|upkeep\n|\n|t:|1699751244\n|switch|p2a: Ogerpon|Ogerpon-Wellspring, L50, F|100\/100\n|turn|8\n|\n|t:|1699751256\n|move|p1a: Chi-Yu|Heat Wave|p2b: Iron Hands|[spread] p2a,p2b\n|-resisted|p2b: Iron Hands\n|-damage|p2a: Ogerpon|51\/100\n|-damage|p2b: Iron Hands|16\/100\n|move|p2a: Ogerpon|Ivy Cudgel|p1a: Chi-Yu\n|-supereffective|p1a: Chi-Yu\n|-damage|p1a: Chi-Yu|0 fnt\n|faint|p1a: Chi-Yu\n|\n|win|py123456\n|raw|GeoGreenBeanz's rating: 1057 &rarr; <strong>1040<\/strong><br \/>(-17 for losing)\n|raw|py123456's rating: 1089 &rarr; <strong>1113<\/strong><br \/>(+24 for winning)\n|l|\u2606GeoGreenBeanz\n","uploadtime":1699751264,"views":12,"p1id":"geogreenbeanz","p2id":"py123456","formatid":"gen9vgc2023regulatione","rating":1040,"private":0,"password":""}