{"id":"gen9vgc2023regulatione-1993506086","p1":"Krjzkzjzl","p2":"GreatestlawyerinNY","format":"[Gen 9] VGC 2023 Regulation E","log":"|j|\u2606Krjzkzjzl\n|j|\u2606GreatestlawyerinNY\n|t:|1700325899\n|gametype|doubles\n|player|p1|Krjzkzjzl|lance|1090\n|player|p2|GreatestlawyerinNY|265|1069\n|teamsize|p1|6\n|teamsize|p2|6\n|gen|9\n|tier|[Gen 9] VGC 2023 Regulation E\n|rated|\n|rule|Species Clause: Limit one of each Pok\u00e9mon\n|rule|Item Clause: Limit one of each item\n|clearpoke\n|poke|p1|Flutter Mane, L50|\n|poke|p1|Tornadus, L50, M|\n|poke|p1|Rillaboom, L50, M|\n|poke|p1|Garganacl, L50, F|\n|poke|p1|Arcanine-Hisui, L50, M|\n|poke|p1|Chien-Pao, L50|\n|poke|p2|Tornadus, L50, M|\n|poke|p2|Brambleghast, L50, M|\n|poke|p2|Gholdengo, L50|\n|poke|p2|Urshifu-*, L50, F|\n|poke|p2|Iron Bundle, L50|\n|poke|p2|Landorus, L50, M|\n|teampreview|4\n|\n|t:|1700325921\n|start\n|switch|p1a: Tornadus|Tornadus, L50, M|100\/100\n|switch|p1b: Garganacl|Garganacl, L50, F|100\/100\n|switch|p2a: Tornadus|Tornadus, L50, M|100\/100\n|switch|p2b: Gholdengo|Gholdengo, L50|100\/100\n|turn|1\n|\n|t:|1700325948\n|-terastallize|p1b: Garganacl|Ghost\n|move|p2a: Tornadus|Taunt|p1a: Tornadus\n|-start|p1a: Tornadus|move: Taunt\n|cant|p1a: Tornadus|move: Taunt|Tailwind\n|move|p2b: Gholdengo|Trick|p1b: Garganacl\n|-activate|p2b: Gholdengo|move: Trick|[of] p1b: Garganacl\n|-item|p1b: Garganacl|Choice Specs|[from] move: Trick\n|-item|p2b: Gholdengo|Sitrus Berry|[from] move: Trick\n|move|p1b: Garganacl|Salt Cure|p2b: Gholdengo\n|-resisted|p2b: Gholdengo\n|-damage|p2b: Gholdengo|94\/100\n|-start|p2b: Gholdengo|Salt Cure\n|\n|-damage|p2b: Gholdengo|69\/100|[from] Salt Cure\n|upkeep\n|turn|2\n|\n|t:|1700325973\n|move|p2a: Tornadus|Tailwind|p2a: Tornadus\n|-sidestart|p2: GreatestlawyerinNY|move: Tailwind\n|move|p2b: Gholdengo|Thunderbolt|p1a: Tornadus\n|-supereffective|p1a: Tornadus\n|-damage|p1a: Tornadus|52\/100\n|move|p1a: Tornadus|Bleakwind Storm|p2a: Tornadus|[spread] p2a,p2b\n|-resisted|p2b: Gholdengo\n|-damage|p2a: Tornadus|61\/100\n|-damage|p2b: Gholdengo|53\/100\n|-unboost|p2b: Gholdengo|spe|1\n|move|p1b: Garganacl|Salt Cure|p2a: Tornadus\n|-supereffective|p2a: Tornadus\n|-damage|p2a: Tornadus|26\/100\n|\n|-damage|p2b: Gholdengo|29\/100|[from] Salt Cure\n|upkeep\n|-enditem|p2b: Gholdengo|Sitrus Berry|[eat]\n|-heal|p2b: Gholdengo|53\/100|[from] item: Sitrus Berry\n|turn|3\n|\n|t:|1700326007\n|-terastallize|p2b: Gholdengo|Steel\n|move|p2a: Tornadus|Rain Dance|p2a: Tornadus\n|-weather|RainDance\n|move|p2b: Gholdengo|Make It Rain|p1b: Garganacl|[spread] p1a,p1b\n|-damage|p1a: Tornadus|3\/100\n|-damage|p1b: Garganacl|56\/100\n|-unboost|p2b: Gholdengo|spa|1\n|move|p1a: Tornadus|Bleakwind Storm|p2b: Gholdengo|[spread] p2a,p2b\n|-resisted|p2b: Gholdengo\n|-damage|p2a: Tornadus|0 fnt\n|-damage|p2b: Gholdengo|38\/100\n|-unboost|p2b: Gholdengo|spe|1\n|faint|p2a: Tornadus\n|move|p1b: Garganacl|Salt Cure|p2b: Gholdengo\n|-resisted|p2b: Gholdengo\n|-damage|p2b: Gholdengo|32\/100\n|\n|-weather|RainDance|[upkeep]\n|-damage|p2b: Gholdengo|7\/100|[from] Salt Cure\n|-end|p1a: Tornadus|move: Taunt\n|upkeep\n|\n|t:|1700326029\n|switch|p2a: Urshifu|Urshifu-Rapid-Strike, L50, F|100\/100\n|turn|4\n|\n|t:|1700326040\n|move|p1a: Tornadus|Sunny Day|p1a: Tornadus\n|-weather|SunnyDay\n|move|p2a: Urshifu|Surging Strikes|p1b: Garganacl\n|-crit|p1b: Garganacl\n|-damage|p1b: Garganacl|48\/100\n|-crit|p1b: Garganacl\n|-damage|p1b: Garganacl|40\/100\n|-crit|p1b: Garganacl\n|-damage|p1b: Garganacl|32\/100\n|-hitcount|p1b: Garganacl|3\n|move|p2b: Gholdengo|Shadow Ball|p1a: Tornadus\n|-damage|p1a: Tornadus|0 fnt\n|faint|p1a: Tornadus\n|move|p1b: Garganacl|Salt Cure|p2a: Urshifu\n|-resisted|p2a: Urshifu\n|-damage|p2a: Urshifu|93\/100\n|-start|p2a: Urshifu|Salt Cure\n|\n|-weather|SunnyDay|[upkeep]\n|-damage|p2a: Urshifu|68\/100|[from] Salt Cure\n|-damage|p2b: Gholdengo|0 fnt|[from] Salt Cure\n|faint|p2b: Gholdengo\n|upkeep\n|\n|t:|1700326056\n|switch|p1a: Rillaboom|Rillaboom, L50, M|100\/100\n|switch|p2b: Landorus|Landorus, L50, M|100\/100\n|-fieldstart|move: Grassy Terrain|[from] ability: Grassy Surge|[of] p1a: Rillaboom\n|turn|5\n|\n|t:|1700326069\n|move|p1a: Rillaboom|Fake Out|p2b: Landorus\n|-damage|p2b: Landorus|83\/100\n|cant|p2b: Landorus|flinch\n|move|p2a: Urshifu|Close Combat|p1a: Rillaboom\n|-damage|p1a: Rillaboom|40\/100\n|-unboost|p2a: Urshifu|def|1\n|-unboost|p2a: Urshifu|spd|1\n|move|p1b: Garganacl|Salt Cure|p2b: Landorus\n|-damage|p2b: Landorus|66\/100\n|-start|p2b: Landorus|Salt Cure\n|\n|-weather|SunnyDay|[upkeep]\n|-heal|p2a: Urshifu|74\/100|[from] Grassy Terrain\n|-heal|p1a: Rillaboom|45\/100|[from] Grassy Terrain\n|-heal|p1b: Garganacl|38\/100|[from] Grassy Terrain\n|-damage|p2b: Landorus|54\/100|[from] Salt Cure\n|-damage|p2a: Urshifu|49\/100|[from] Salt Cure\n|-sideend|p2: GreatestlawyerinNY|move: Tailwind\n|upkeep\n|turn|6\n|\n|t:|1700326116\n|move|p1a: Rillaboom|Grassy Glide|p2a: Urshifu\n|-supereffective|p2a: Urshifu\n|-damage|p2a: Urshifu|0 fnt\n|faint|p2a: Urshifu\n|move|p2b: Landorus|Grass Knot|p1b: Garganacl\n|-damage|p1b: Garganacl|4\/100\n|-damage|p2b: Landorus|44\/100|[from] item: Life Orb\n|move|p1b: Garganacl|Salt Cure|p2b: Landorus\n|-damage|p2b: Landorus|29\/100\n|\n|-weather|SunnyDay|[upkeep]\n|-heal|p1a: Rillaboom|51\/100|[from] Grassy Terrain\n|-heal|p1b: Garganacl|10\/100|[from] Grassy Terrain\n|-damage|p2b: Landorus|17\/100|[from] Salt Cure\n|upkeep\n|turn|7\n|-message|GreatestlawyerinNY forfeited.\n|\n|win|Krjzkzjzl\n|raw|Krjzkzjzl's rating: 1090 &rarr; <strong>1115<\/strong><br \/>(+25 for winning)\n|raw|GreatestlawyerinNY's rating: 1069 &rarr; <strong>1050<\/strong><br \/>(-19 for losing)\n|l|\u2606GreatestlawyerinNY\n","uploadtime":1700326140,"views":8,"p1id":"krjzkzjzl","p2id":"greatestlawyerinny","formatid":"gen9vgc2023regulatione","rating":1050,"private":0,"password":""}