{"id":"gen9vgc2023regulatione-2000453532","p1":"Zorei UWU","p2":"RedSnapper122","format":"[Gen 9] VGC 2023 Regulation E","log":"|j|\u2606Zorei UWU\n|j|\u2606RedSnapper122\n|t:|1701196112\n|gametype|doubles\n|player|p1|Zorei UWU|swimmerf-gen4dp|1092\n|player|p2|RedSnapper122|102|1085\n|teamsize|p1|6\n|teamsize|p2|6\n|gen|9\n|tier|[Gen 9] VGC 2023 Regulation E\n|rated|\n|rule|Species Clause: Limit one of each Pok\u00e9mon\n|rule|Item Clause: Limit one of each item\n|clearpoke\n|poke|p1|Heatran, L50, F|\n|poke|p1|Tornadus, L50, M|\n|poke|p1|Ogerpon, L50, F|\n|poke|p1|Chien-Pao, L50|\n|poke|p1|Amoonguss, L50, M|\n|poke|p1|Flutter Mane, L50|\n|poke|p2|Ursaluna-Bloodmoon, L50, M|\n|poke|p2|Grimmsnarl, L50, M|\n|poke|p2|Okidogi, L50, M|\n|poke|p2|Tinkaton, L50, F|\n|poke|p2|Cresselia, L50, F|\n|poke|p2|Ogerpon-Hearthflame, L50, F|\n|teampreview|4\n|inactive|Battle timer is ON: inactive players will automatically lose when time's up. (requested by Zorei UWU)\n|\n|t:|1701196148\n|start\n|switch|p1a: Tornadus|Tornadus, L50, M|100\/100\n|switch|p1b: Chien-Pao|Chien-Pao, L50|100\/100\n|switch|p2a: Cresselia|Cresselia, L50, F|100\/100\n|switch|p2b: Okidogi|Okidogi, L50, M|100\/100\n|-ability|p1b: Chien-Pao|Sword of Ruin\n|turn|1\n|\n|t:|1701196170\n|move|p1b: Chien-Pao|Psychic Fangs|p2b: Okidogi\n|-supereffective|p2b: Okidogi\n|-damage|p2b: Okidogi|0 fnt\n|faint|p2b: Okidogi\n|move|p1a: Tornadus|Bleakwind Storm|p2a: Cresselia\n|-damage|p2a: Cresselia|70\/100\n|-unboost|p2a: Cresselia|spe|1\n|move|p2a: Cresselia|Trick Room|p2a: Cresselia\n|-fieldstart|move: Trick Room|[of] p2a: Cresselia\n|\n|upkeep\n|\n|t:|1701196183\n|switch|p2b: Tinkaton|Tinkaton, L50, F|100\/100\n|-ability|p2b: Tinkaton|Mold Breaker\n|turn|2\n|\n|t:|1701196194\n|move|p1a: Tornadus|Sunny Day|p1a: Tornadus\n|-weather|SunnyDay\n|move|p2a: Cresselia|Psychic|p1a: Tornadus\n|-damage|p1a: Tornadus|73\/100\n|move|p2b: Tinkaton|Gigaton Hammer|p1b: Chien-Pao\n|-supereffective|p1b: Chien-Pao\n|-enditem|p1b: Chien-Pao|Focus Sash\n|-damage|p1b: Chien-Pao|1\/100\n|move|p1b: Chien-Pao|Sacred Sword|p2b: Tinkaton\n|-damage|p2b: Tinkaton|54\/100\n|\n|-weather|SunnyDay|[upkeep]\n|upkeep\n|turn|3\n|\n|t:|1701196211\n|move|p1a: Tornadus|Tailwind|p1a: Tornadus\n|-sidestart|p1: Zorei UWU|move: Tailwind\n|move|p1b: Chien-Pao|Sucker Punch||[still]\n|-fail|p1b: Chien-Pao\n|move|p2a: Cresselia|Lunar Blessing|p2a: Cresselia|[spread] p2a,p2b\n|-heal|p2a: Cresselia|95\/100\n|-heal|p2b: Tinkaton|79\/100\n|move|p2b: Tinkaton|Play Rough|p1b: Chien-Pao\n|-supereffective|p1b: Chien-Pao\n|-damage|p1b: Chien-Pao|0 fnt\n|faint|p1b: Chien-Pao\n|\n|-weather|SunnyDay|[upkeep]\n|upkeep\n|\n|t:|1701196217\n|switch|p1b: Heatran|Heatran, L50, F|100\/100\n|turn|4\n|inactive|RedSnapper122 has 30 seconds left.\n|\n|t:|1701196248\n|move|p2a: Cresselia|Psychic|p1a: Tornadus\n|-damage|p1a: Tornadus|42\/100\n|move|p2b: Tinkaton|Gigaton Hammer|p1a: Tornadus\n|-damage|p1a: Tornadus|0 fnt\n|faint|p1a: Tornadus\n|move|p1b: Heatran|Heat Wave|p2a: Cresselia|[spread] p2a,p2b\n|-supereffective|p2b: Tinkaton\n|-damage|p2a: Cresselia|56\/100\n|-damage|p2b: Tinkaton|0 fnt\n|faint|p2b: Tinkaton\n|\n|-weather|SunnyDay|[upkeep]\n|upkeep\n|\n|t:|1701196257\n|switch|p2b: Ursaluna|Ursaluna-Bloodmoon, L50, M|100\/100\n|switch|p1a: Ogerpon|Ogerpon, L50, F|100\/100\n|turn|5\n|inactive|RedSnapper122 has 30 seconds left.\n|\n|t:|1701196284\n|-terastallize|p2b: Ursaluna|Fairy\n|-terastallize|p1b: Heatran|Grass\n|move|p2a: Cresselia|Psychic|p1a: Ogerpon\n|-damage|p1a: Ogerpon|75\/100\n|move|p2b: Ursaluna|Earth Power|p1b: Heatran\n|-resisted|p1b: Heatran\n|-damage|p1b: Heatran|81\/100\n|-unboost|p1b: Heatran|spd|1\n|-damage|p2b: Ursaluna|90\/100|[from] item: Life Orb\n|move|p1b: Heatran|Dark Pulse|p2a: Cresselia\n|-supereffective|p2a: Cresselia\n|-damage|p2a: Cresselia|17\/100\n|move|p1a: Ogerpon|Ivy Cudgel|p2b: Ursaluna\n|-damage|p2b: Ursaluna|51\/100\n|-damage|p1a: Ogerpon|65\/100|[from] item: Life Orb\n|\n|-weather|SunnyDay|[upkeep]\n|-fieldend|move: Trick Room\n|upkeep\n|turn|6\n|inactive|RedSnapper122 has 30 seconds left.\n|\n|t:|1701196309\n|move|p1a: Ogerpon|Ivy Cudgel|p2b: Ursaluna\n|-crit|p2b: Ursaluna\n|-damage|p2b: Ursaluna|0 fnt\n|faint|p2b: Ursaluna\n|-damage|p1a: Ogerpon|55\/100|[from] item: Life Orb\n|move|p1b: Heatran|Heat Wave|p2a: Cresselia\n|-damage|p2a: Cresselia|0 fnt\n|faint|p2a: Cresselia\n|\n|win|Zorei UWU\n|raw|Zorei UWU's rating: 1092 &rarr; <strong>1118<\/strong><br \/>(+26 for winning)\n|raw|RedSnapper122's rating: 1085 &rarr; <strong>1063<\/strong><br \/>(-22 for losing)\n|c|\u2606Zorei UWU|Gg\n|l|\u2606RedSnapper122\n","uploadtime":1701196318,"views":4,"p1id":"zoreiuwu","p2id":"redsnapper122","formatid":"gen9vgc2023regulatione","rating":1063,"private":0,"password":""}