{"id":"gen9vgc2023regulatione-1988675853","p1":"KaiZar94","p2":"py123456","format":"[Gen 9] VGC 2023 Regulation E","log":"|j|\u2606KaiZar94\n|j|\u2606py123456\n|t:|1699749289\n|gametype|doubles\n|player|p1|KaiZar94|richboy-gen4|1089\n|player|p2|py123456|steven|1145\n|teamsize|p1|6\n|teamsize|p2|6\n|gen|9\n|tier|[Gen 9] VGC 2023 Regulation E\n|rated|\n|rule|Species Clause: Limit one of each Pok\u00e9mon\n|rule|Item Clause: Limit one of each item\n|clearpoke\n|poke|p1|Bronzong, L50|\n|poke|p1|Cresselia, L50, F|\n|poke|p1|Iron Bundle, L50|\n|poke|p1|Ninetales-Alola, L50, M|\n|poke|p1|Kommo-o, L50, F|\n|poke|p1|Iron Hands, L50|\n|poke|p2|Flutter Mane, L50|\n|poke|p2|Ogerpon-Wellspring, L50, F|\n|poke|p2|Iron Hands, L50|\n|poke|p2|Sableye, L50, M|\n|poke|p2|Espathra, L50, F|\n|poke|p2|Chi-Yu, L50|\n|teampreview|4\n|inactive|Battle timer is ON: inactive players will automatically lose when time's up. (requested by py123456)\n|\n|t:|1699749303\n|start\n|switch|p1a: Kommo-o|Kommo-o, L50, F|100\/100\n|switch|p1b: Bonum Nocte|Cresselia, L50, F|100\/100\n|switch|p2a: Sableye|Sableye, L50, M, shiny|100\/100\n|switch|p2b: Espathra|Espathra, L50, F|100\/100\n|turn|1\n|inactive|KaiZar94 has 30 seconds left.\n|inactive|py123456 has 30 seconds left.\n|\n|t:|1699749337\n|move|p1a: Kommo-o|Protect|p1a: Kommo-o\n|-singleturn|p1a: Kommo-o|Protect\n|move|p2a: Sableye|Gravity|p2a: Sableye\n|-fieldstart|move: Gravity\n|move|p2b: Espathra|Hypnosis|p1a: Kommo-o\n|-activate|p1a: Kommo-o|move: Protect\n|move|p1b: Bonum Nocte|Light Screen|p1b: Bonum Nocte\n|-sidestart|p1: KaiZar94|move: Light Screen\n|\n|-ability|p2b: Espathra|Speed Boost|boost\n|-boost|p2b: Espathra|spe|1\n|upkeep\n|turn|2\n|\n|t:|1699749354\n|move|p2a: Sableye|Encore|p1b: Bonum Nocte\n|-start|p1b: Bonum Nocte|Encore\n|-enditem|p1b: Bonum Nocte|Mental Herb\n|-end|p1b: Bonum Nocte|Encore\n|move|p2b: Espathra|Hypnosis|p1a: Kommo-o\n|-status|p1a: Kommo-o|slp|[from] move: Hypnosis\n|cant|p1a: Kommo-o|slp\n|move|p1b: Bonum Nocte|Lunar Blessing|p1b: Bonum Nocte|[spread] p1a,p1b\n|-curestatus|p1a: Kommo-o|slp|[msg]\n|\n|-ability|p2b: Espathra|Speed Boost|boost\n|-boost|p2b: Espathra|spe|1\n|upkeep\n|turn|3\n|inactive|KaiZar94 has 30 seconds left.\n|inactive|py123456 has 30 seconds left.\n|\n|t:|1699749384\n|move|p2a: Sableye|Encore|p1a: Kommo-o\n|-start|p1a: Kommo-o|Encore\n|move|p2b: Espathra|Hypnosis|p1b: Bonum Nocte\n|-status|p1b: Bonum Nocte|slp|[from] move: Hypnosis\n|move|p1a: Kommo-o|Protect|p1a: Kommo-o\n|-singleturn|p1a: Kommo-o|Protect\n|cant|p1b: Bonum Nocte|slp\n|\n|-ability|p2b: Espathra|Speed Boost|boost\n|-boost|p2b: Espathra|spe|1\n|upkeep\n|turn|4\n|\n|t:|1699749408\n|switch|p1a: Bronzong|Bronzong, L50, shiny|100\/100\n|move|p2a: Sableye|Will-O-Wisp|p1a: Bronzong\n|-status|p1a: Bronzong|brn\n|move|p2b: Espathra|Lumina Crash|p1a: Bronzong\n|-resisted|p1a: Bronzong\n|-damage|p1a: Bronzong|96\/100 brn\n|-unboost|p1a: Bronzong|spd|2\n|cant|p1b: Bonum Nocte|slp\n|\n|-damage|p1a: Bronzong|90\/100 brn|[from] brn\n|-ability|p2b: Espathra|Speed Boost|boost\n|-boost|p2b: Espathra|spe|1\n|upkeep\n|turn|5\n|inactive|py123456 has 30 seconds left.\n|\n|t:|1699749442\n|switch|p2a: Iron Hands|Iron Hands, L50|100\/100\n|move|p2b: Espathra|Protect|p2b: Espathra\n|-singleturn|p2b: Espathra|Protect\n|move|p1a: Bronzong|Protect|p1a: Bronzong\n|-singleturn|p1a: Bronzong|Protect\n|cant|p1b: Bonum Nocte|slp\n|\n|-damage|p1a: Bronzong|84\/100 brn|[from] brn\n|-sideend|p1: KaiZar94|move: Light Screen\n|-fieldend|move: Gravity\n|-ability|p2b: Espathra|Speed Boost|boost\n|-boost|p2b: Espathra|spe|1\n|upkeep\n|turn|6\n|inactive|py123456 has 30 seconds left.\n|\n|t:|1699749470\n|-terastallize|p2a: Iron Hands|Fire\n|move|p2b: Espathra|Lumina Crash|p1a: Bronzong\n|-resisted|p1a: Bronzong\n|-damage|p1a: Bronzong|72\/100 brn\n|-unboost|p1a: Bronzong|spd|2\n|move|p2a: Iron Hands|Belly Drum|p2a: Iron Hands\n|-damage|p2a: Iron Hands|50\/100\n|-setboost|p2a: Iron Hands|atk|6|[from] move: Belly Drum\n|-enditem|p2a: Iron Hands|Sitrus Berry|[eat]\n|-heal|p2a: Iron Hands|75\/100|[from] item: Sitrus Berry\n|move|p1a: Bronzong|Iron Defense|p1a: Bronzong\n|-boost|p1a: Bronzong|def|2\n|-curestatus|p1b: Bonum Nocte|slp|[msg]\n|move|p1b: Bonum Nocte|Trick Room|p1b: Bonum Nocte\n|-fieldstart|move: Trick Room|[of] p1b: Bonum Nocte\n|\n|-damage|p1a: Bronzong|66\/100 brn|[from] brn\n|-ability|p2b: Espathra|Speed Boost|boost\n|-boost|p2b: Espathra|spe|1\n|upkeep\n|turn|7\n|inactive|KaiZar94 has 30 seconds left.\n|inactive|py123456 has 30 seconds left.\n|inactive|py123456 has 20 seconds left.\n|inactive|py123456 has 15 seconds left.\n|inactive|KaiZar94 has 20 seconds left.\n|\n|t:|1699749515\n|move|p2b: Espathra|Protect|p2b: Espathra\n|-singleturn|p2b: Espathra|Protect\n|move|p1a: Bronzong|Body Press|p2a: Iron Hands\n|-damage|p2a: Iron Hands|56\/100\n|move|p2a: Iron Hands|Drain Punch|p1a: Bronzong\n|-damage|p1a: Bronzong|7\/100 brn\n|-heal|p2a: Iron Hands|76\/100|[from] drain|[of] p1a: Bronzong\n|-enditem|p1a: Bronzong|Ganlon Berry|[eat]\n|-boost|p1a: Bronzong|def|1|[from] item: Ganlon Berry\n|move|p1b: Bonum Nocte|Light Screen|p1b: Bonum Nocte\n|-sidestart|p1: KaiZar94|move: Light Screen\n|\n|-damage|p1a: Bronzong|1\/100 brn|[from] brn\n|upkeep\n|turn|8\n|\n|t:|1699749544\n|switch|p2b: Sableye|Sableye, L50, M, shiny|100\/100\n|move|p2a: Iron Hands|Detect|p2a: Iron Hands\n|-singleturn|p2a: Iron Hands|Protect\n|move|p1a: Bronzong|Body Press|p2a: Iron Hands\n|-activate|p2a: Iron Hands|move: Protect\n|move|p1b: Bonum Nocte|Lunar Blessing|p1b: Bonum Nocte|[spread] p1a,p1b\n|-heal|p1a: Bronzong|26\/100 brn\n|-curestatus|p1a: Bronzong|brn|[msg]\n|\n|upkeep\n|turn|9\n|\n|t:|1699749565\n|move|p1a: Bronzong|Protect|p1a: Bronzong\n|-singleturn|p1a: Bronzong|Protect\n|move|p2b: Sableye|Quash|p1a: Bronzong\n|-activate|p1a: Bronzong|move: Protect\n|move|p2a: Iron Hands|Drain Punch|p1a: Bronzong\n|-activate|p1a: Bronzong|move: Protect\n|move|p1b: Bonum Nocte|Lunar Blessing|p1b: Bonum Nocte|[spread] p1a,p1b\n|-heal|p1a: Bronzong|50\/100\n|\n|upkeep\n|turn|10\n|\n|t:|1699749587\n|move|p2b: Sableye|Encore|p1a: Bronzong\n|-start|p1a: Bronzong|Encore\n|move|p1a: Bronzong|Protect||[still]\n|-fail|p1a: Bronzong\n|move|p2a: Iron Hands|Thunder Punch|p1b: Bonum Nocte\n|-damage|p1b: Bonum Nocte|5\/100\n|move|p1b: Bonum Nocte|Lunar Blessing|p1b: Bonum Nocte|[spread] p1a,p1b\n|-heal|p1a: Bronzong|75\/100\n|-heal|p1b: Bonum Nocte|30\/100\n|\n|-fieldend|move: Trick Room\n|upkeep\n|turn|11\n|\n|t:|1699749606\n|switch|p1b: Iron Hands|Iron Hands, L50|100\/100\n|move|p1a: Bronzong|Protect|p1a: Bronzong\n|-singleturn|p1a: Bronzong|Protect\n|move|p2b: Sableye|Gravity|p2b: Sableye\n|-fieldstart|move: Gravity\n|move|p2a: Iron Hands|Drain Punch|p1b: Iron Hands\n|-damage|p1b: Iron Hands|0 fnt\n|-heal|p2a: Iron Hands|100\/100|[from] drain|[of] p1b: Iron Hands\n|faint|p1b: Iron Hands\n|-end|p1b: Iron Hands|Quark Drive|[silent]\n|\n|-sideend|p1: KaiZar94|move: Light Screen\n|upkeep\n|\n|t:|1699749619\n|switch|p1b: Kommo-o|Kommo-o, L50, F|100\/100\n|turn|12\n|inactive|KaiZar94 has 30 seconds left.\n|inactive|py123456 has 30 seconds left.\n|inactive|py123456 has 20 seconds left.\n|inactive|py123456 has 15 seconds left.\n|inactive|py123456 has 10 seconds left.\n|\n|t:|1699749666\n|move|p1a: Bronzong|Protect||[still]\n|-fail|p1a: Bronzong\n|move|p2b: Sableye|Quash|p1b: Kommo-o\n|-activate|p1b: Kommo-o|move: Quash\n|move|p2a: Iron Hands|Drain Punch|p1b: Kommo-o\n|-damage|p1b: Kommo-o|0 fnt\n|faint|p1b: Kommo-o\n|\n|-end|p1a: Bronzong|Encore\n|upkeep\n|\n|t:|1699749675\n|switch|p1b: Bonum Nocte|Cresselia, L50, F|30\/100\n|turn|13\n|inactive|KaiZar94 has 30 seconds left.\n|\n|t:|1699749707\n|move|p2b: Sableye|Encore|p1a: Bronzong\n|-start|p1a: Bronzong|Encore\n|move|p2a: Iron Hands|Thunder Punch|p1b: Bonum Nocte\n|-damage|p1b: Bonum Nocte|0 fnt\n|faint|p1b: Bonum Nocte\n|move|p1a: Bronzong|Protect|p1a: Bronzong\n|-singleturn|p1a: Bronzong|Protect\n|\n|upkeep\n|turn|14\n|-message|KaiZar94 forfeited.\n|\n|win|py123456\n|raw|KaiZar94's rating: 1089 &rarr; <strong>1069<\/strong><br \/>(-20 for losing)\n|raw|py123456's rating: 1145 &rarr; <strong>1166<\/strong><br \/>(+21 for winning)\n|l|\u2606KaiZar94\n","uploadtime":1699749721,"views":9,"p1id":"kaizar94","p2id":"py123456","formatid":"gen9vgc2023regulatione","rating":1069,"private":0,"password":""}