{"id":"gen9vgc2023regulatione-1996370328","p1":"hnefl","p2":"Beege","format":"[Gen 9] VGC 2023 Regulation E","log":"|j|\u2606hnefl\n|j|\u2606Beege\n|t:|1700675565\n|gametype|doubles\n|player|p1|hnefl|169|1346\n|player|p2|Beege|lance|1310\n|teamsize|p1|6\n|teamsize|p2|6\n|gen|9\n|tier|[Gen 9] VGC 2023 Regulation E\n|rated|\n|rule|Species Clause: Limit one of each Pok\u00e9mon\n|rule|Item Clause: Limit one of each item\n|clearpoke\n|poke|p1|Flutter Mane, L50|\n|poke|p1|Chi-Yu, L50|\n|poke|p1|Tornadus, L50, M|\n|poke|p1|Gholdengo, L50|\n|poke|p1|Landorus-Therian, L50, M|\n|poke|p1|Ogerpon-Hearthflame, L50, F|\n|poke|p2|Chi-Yu, L50|\n|poke|p2|Flutter Mane, L50|\n|poke|p2|Chien-Pao, L50|\n|poke|p2|Tornadus, L50, M|\n|poke|p2|Arcanine-Hisui, L50, M|\n|poke|p2|Ogerpon-Hearthflame, L50, F|\n|teampreview|4\n|\n|t:|1700675597\n|start\n|switch|p1a: Tornadus|Tornadus, L50, M|100\/100\n|switch|p1b: Landorus|Landorus-Therian, L50, M|100\/100\n|switch|p2a: Chi-Yu|Chi-Yu, L50|100\/100\n|switch|p2b: Tornadus|Tornadus, L50, M|100\/100\n|-ability|p1b: Landorus|Intimidate|boost\n|-unboost|p2a: Chi-Yu|atk|1\n|-unboost|p2b: Tornadus|atk|1\n|-ability|p2a: Chi-Yu|Beads of Ruin\n|turn|1\n|inactive|Battle timer is ON: inactive players will automatically lose when time's up. (requested by hnefl)\n|inactive|Beege has 60 seconds left.\n|\n|t:|1700675708\n|move|p1b: Landorus|Protect|p1b: Landorus\n|-singleturn|p1b: Landorus|Protect\n|move|p1a: Tornadus|Tailwind|p1a: Tornadus\n|-sidestart|p1: hnefl|move: Tailwind\n|move|p2b: Tornadus|Tailwind|p2b: Tornadus\n|-sidestart|p2: Beege|move: Tailwind\n|move|p2a: Chi-Yu|Dark Pulse|p1b: Landorus\n|-activate|p1b: Landorus|move: Protect\n|\n|upkeep\n|turn|2\n|\n|t:|1700675720\n|move|p1a: Tornadus|Icy Wind|p2b: Tornadus|[spread] p2a,p2b\n|-resisted|p2a: Chi-Yu\n|-supereffective|p2b: Tornadus\n|-damage|p2a: Chi-Yu|94\/100\n|-damage|p2b: Tornadus|60\/100\n|-unboost|p2a: Chi-Yu|spe|1\n|-unboost|p2b: Tornadus|spe|1\n|move|p1b: Landorus|Rock Slide|p2b: Tornadus|[spread] p2a,p2b\n|-supereffective|p2a: Chi-Yu\n|-supereffective|p2b: Tornadus\n|-damage|p2a: Chi-Yu|26\/100\n|-damage|p2b: Tornadus|0 fnt\n|faint|p2b: Tornadus\n|move|p2a: Chi-Yu|Dark Pulse|p1b: Landorus\n|-damage|p1b: Landorus|0 fnt\n|faint|p1b: Landorus\n|-damage|p2a: Chi-Yu|17\/100|[from] item: Life Orb\n|\n|upkeep\n|\n|t:|1700675744\n|switch|p2b: Arcanine|Arcanine-Hisui, L50, M|100\/100\n|switch|p1b: Flutter Mane|Flutter Mane, L50|100\/100\n|-ability|p2b: Arcanine|Intimidate|boost\n|-unboost|p1a: Tornadus|atk|1\n|-unboost|p1b: Flutter Mane|atk|1\n|turn|3\n|\n|t:|1700675758\n|move|p1b: Flutter Mane|Dazzling Gleam|p2b: Arcanine|[spread] p2a,p2b\n|-resisted|p2b: Arcanine\n|-damage|p2a: Chi-Yu|0 fnt\n|-damage|p2b: Arcanine|62\/100\n|faint|p2a: Chi-Yu\n|move|p1a: Tornadus|Icy Wind|p2b: Arcanine\n|-resisted|p2b: Arcanine\n|-damage|p2b: Arcanine|52\/100\n|-unboost|p2b: Arcanine|spe|1\n|move|p2b: Arcanine|Rock Slide|p1a: Tornadus|[spread] p1a,p1b\n|-supereffective|p1a: Tornadus\n|-damage|p1a: Tornadus|0 fnt\n|-damage|p1b: Flutter Mane|27\/100\n|faint|p1a: Tornadus\n|\n|upkeep\n|\n|t:|1700675776\n|switch|p1a: Ogerpon|Ogerpon-Hearthflame, L50, F|100\/100\n|switch|p2a: Ogerpon|Ogerpon-Hearthflame, L50, F|100\/100\n|-ability|p2a: Ogerpon|Mold Breaker\n|-ability|p1a: Ogerpon|Mold Breaker\n|turn|4\n|inactive|Beege has 30 seconds left.\n|inactive|Beege has 20 seconds left.\n|inactive|Beege has 15 seconds left.\n|inactive|Beege has 10 seconds left.\n|inactive|Beege has 5 seconds left.\n|\n|t:|1700675831\n|move|p1b: Flutter Mane|Dazzling Gleam|p2b: Arcanine|[spread] p2a,p2b\n|-resisted|p2a: Ogerpon\n|-resisted|p2b: Arcanine\n|-damage|p2a: Ogerpon|73\/100\n|-damage|p2b: Arcanine|22\/100\n|move|p2a: Ogerpon|Ivy Cudgel|p1b: Flutter Mane|[anim] Ivy Cudgel Fire\n|-damage|p1b: Flutter Mane|0 fnt\n|faint|p1b: Flutter Mane\n|-end|p1b: Flutter Mane|Protosynthesis|[silent]\n|move|p1a: Ogerpon|Stomping Tantrum|p2b: Arcanine\n|-supereffective|p2b: Arcanine\n|-damage|p2b: Arcanine|0 fnt\n|faint|p2b: Arcanine\n|\n|-sideend|p1: hnefl|move: Tailwind\n|-sideend|p2: Beege|move: Tailwind\n|upkeep\n|turn|5\n|inactive|Beege has 30 seconds left.\n|inactive|Beege has 20 seconds left.\n|inactive|Beege has 15 seconds left.\n|inactive|Beege has 10 seconds left.\n|inactive|Beege has 5 seconds left.\n|\n|t:|1700675886\n|-terastallize|p1a: Ogerpon|Fire\n|detailschange|p1a: Ogerpon|Ogerpon-Hearthflame-Tera, L50, F, tera:Fire\n|-ability|p1a: Ogerpon|Embody Aspect (Hearthflame)|boost\n|-boost|p1a: Ogerpon|atk|1\n|move|p1a: Ogerpon|Stomping Tantrum|p2a: Ogerpon\n|-damage|p2a: Ogerpon|12\/100\n|move|p2a: Ogerpon|Ivy Cudgel|p1a: Ogerpon|[anim] Ivy Cudgel Fire\n|-resisted|p1a: Ogerpon\n|-damage|p1a: Ogerpon|64\/100\n|\n|upkeep\n|turn|6\n|inactive|Beege has 30 seconds left.\n|j| farfocel\n|inactive|Beege has 20 seconds left.\n|inactive|Beege has 15 seconds left.\n|inactive|Beege has 10 seconds left.\n|inactive|Beege has 5 seconds left.\n|\n|t:|1700675941\n|move|p1a: Ogerpon|Ivy Cudgel|p2a: Ogerpon|[anim] Ivy Cudgel Fire\n|-damage|p2a: Ogerpon|0 fnt\n|faint|p2a: Ogerpon\n|\n|win|hnefl\n|raw|hnefl's rating: 1346 &rarr; <strong>1364<\/strong><br \/>(+18 for winning)\n|raw|Beege's rating: 1310 &rarr; <strong>1292<\/strong><br \/>(-18 for losing)\n","uploadtime":1700675956,"views":6,"p1id":"hnefl","p2id":"beege","formatid":"gen9vgc2023regulatione","rating":1292,"private":0,"password":""}