{"id":"gen9vgc2023regulatione-2000108056","p1":"Wolfyui","p2":"NoahDaGr81","format":"[Gen 9] VGC 2023 Regulation E","log":"|j|\u2606Wolfyui\n|j|\u2606NoahDaGr81\n|t:|1701156268\n|gametype|doubles\n|player|p1|Wolfyui|ltsurge|1018\n|player|p2|NoahDaGr81|pokemonbreeder|1148\n|teamsize|p1|6\n|teamsize|p2|6\n|gen|9\n|tier|[Gen 9] VGC 2023 Regulation E\n|rated|\n|rule|Species Clause: Limit one of each Pok\u00e9mon\n|rule|Item Clause: Limit one of each item\n|clearpoke\n|poke|p1|Gyarados, L50, M|\n|poke|p1|Raichu, L50, F|\n|poke|p1|Eelektross, L50, M|\n|poke|p1|Garganacl, L50, F|\n|poke|p1|Iron Valiant, L50|\n|poke|p1|Arcanine, L50, F|\n|poke|p2|Murkrow, L50, M|\n|poke|p2|Urshifu-*, L50, F|\n|poke|p2|Flutter Mane, L50|\n|poke|p2|Espeon, L50, F|\n|poke|p2|Chi-Yu, L50|\n|poke|p2|Ninetales, L50, F|\n|teampreview|4\n|inactive|Battle timer is ON: inactive players will automatically lose when time's up. (requested by Wolfyui)\n|inactive|Wolfyui has 60 seconds left.\n|\n|t:|1701156305\n|start\n|switch|p1a: Raichu|Raichu, L50, F|100\/100\n|switch|p1b: Iron Valiant|Iron Valiant, L50|100\/100\n|switch|p2a: Murkrow|Murkrow, L50, M, shiny|100\/100\n|switch|p2b: Osborne|Flutter Mane, L50, shiny|100\/100\n|-enditem|p1b: Iron Valiant|Booster Energy\n|-activate|p1b: Iron Valiant|ability: Quark Drive|[fromitem]\n|-start|p1b: Iron Valiant|quarkdrivespe\n|turn|1\n|\n|t:|1701156323\n|move|p1b: Iron Valiant|Protect|p1b: Iron Valiant\n|-singleturn|p1b: Iron Valiant|Protect\n|move|p2b: Osborne|Protect|p2b: Osborne\n|-singleturn|p2b: Osborne|Protect\n|move|p2a: Murkrow|Tailwind|p2a: Murkrow\n|-sidestart|p2: NoahDaGr81|move: Tailwind\n|move|p1a: Raichu|Nuzzle|p2b: Osborne\n|-activate|p2b: Osborne|move: Protect\n|\n|upkeep\n|turn|2\n|inactive|Wolfyui has 30 seconds left.\n|\n|t:|1701156348\n|-terastallize|p1b: Iron Valiant|Fairy\n|move|p2a: Murkrow|Thunder Wave|p1a: Raichu\n|-activate|p1a: Raichu|ability: Lightning Rod\n|-ability|p1a: Raichu|Lightning Rod|boost\n|-boost|p1a: Raichu|spa|1\n|move|p2b: Osborne|Moonblast|p1b: Iron Valiant\n|-damage|p1b: Iron Valiant|0 fnt\n|faint|p1b: Iron Valiant\n|-end|p1b: Iron Valiant|Quark Drive|[silent]\n|-damage|p2b: Osborne|90\/100|[from] item: Life Orb\n|move|p1a: Raichu|Nuzzle|p2b: Osborne\n|-damage|p2b: Osborne|77\/100\n|-status|p2b: Osborne|par\n|\n|upkeep\n|\n|t:|1701156364\n|switch|p1b: Gyarados|Gyarados, L50, M|100\/100\n|-ability|p1b: Gyarados|Intimidate|boost\n|-unboost|p2a: Murkrow|atk|1\n|-unboost|p2b: Osborne|atk|1\n|turn|3\n|\n|t:|1701156376\n|move|p2a: Murkrow|Haze|p2a: Murkrow\n|-clearallboost\n|move|p2b: Osborne|Icy Wind|p1b: Gyarados|[spread] p1a,p1b\n|-damage|p1a: Raichu|77\/100\n|-damage|p1b: Gyarados|88\/100\n|-unboost|p1a: Raichu|spe|1\n|-unboost|p1b: Gyarados|spe|1\n|-damage|p2b: Osborne|67\/100 par|[from] item: Life Orb\n|move|p1a: Raichu|Thunderbolt|p2a: Murkrow\n|-supereffective|p2a: Murkrow\n|-damage|p2a: Murkrow|56\/100\n|move|p1b: Gyarados|Iron Head|p2b: Osborne\n|-supereffective|p2b: Osborne\n|-crit|p2b: Osborne\n|-damage|p2b: Osborne|0 fnt\n|faint|p2b: Osborne\n|-end|p2b: Osborne|Protosynthesis|[silent]\n|\n|upkeep\n|\n|t:|1701156394\n|switch|p2b: Mercurius|Chi-Yu, L50|100\/100\n|-ability|p2b: Mercurius|Beads of Ruin\n|turn|4\n|\n|t:|1701156408\n|-terastallize|p2b: Mercurius|Fire\n|move|p2b: Mercurius|Heat Wave|p1b: Gyarados|[spread] p1a,p1b\n|-resisted|p1b: Gyarados\n|-damage|p1a: Raichu|0 fnt\n|-damage|p1b: Gyarados|54\/100\n|faint|p1a: Raichu\n|move|p2a: Murkrow|Icy Wind|p1b: Gyarados\n|-damage|p1b: Gyarados|44\/100\n|-unboost|p1b: Gyarados|spe|1\n|move|p1b: Gyarados|Aqua Tail|p2b: Mercurius|[miss]\n|-miss|p1b: Gyarados|p2b: Mercurius\n|\n|-sideend|p2: NoahDaGr81|move: Tailwind\n|upkeep\n|\n|t:|1701156421\n|switch|p1a: Garganacl|Garganacl, L50, F|100\/100\n|turn|5\n|\n|t:|1701156431\n|move|p2a: Murkrow|Tailwind|p2a: Murkrow\n|-sidestart|p2: NoahDaGr81|move: Tailwind\n|move|p2b: Mercurius|Heat Wave|p1b: Gyarados|[spread] p1a,p1b\n|-resisted|p1a: Garganacl\n|-resisted|p1b: Gyarados\n|-damage|p1a: Garganacl|58\/100\n|-damage|p1b: Gyarados|9\/100\n|move|p1b: Gyarados|Aqua Tail|p2b: Mercurius\n|-supereffective|p2b: Mercurius\n|-damage|p2b: Mercurius|0 fnt\n|faint|p2b: Mercurius\n|move|p1a: Garganacl|Salt Cure|p2a: Murkrow\n|-supereffective|p2a: Murkrow\n|-damage|p2a: Murkrow|19\/100\n|-start|p2a: Murkrow|Salt Cure\n|\n|-heal|p1a: Garganacl|64\/100|[from] item: Leftovers\n|-damage|p2a: Murkrow|7\/100|[from] Salt Cure\n|upkeep\n|\n|t:|1701156448\n|switch|p2b: Urshifu|Urshifu-Rapid-Strike, L50, F|100\/100\n|turn|6\n|\n|t:|1701156464\n|move|p2b: Urshifu|Surging Strikes|p1a: Garganacl\n|-supereffective|p1a: Garganacl\n|-crit|p1a: Garganacl\n|-damage|p1a: Garganacl|34\/100\n|-supereffective|p1a: Garganacl\n|-crit|p1a: Garganacl\n|-damage|p1a: Garganacl|6\/100\n|-supereffective|p1a: Garganacl\n|-crit|p1a: Garganacl\n|-damage|p1a: Garganacl|0 fnt\n|faint|p1a: Garganacl\n|-hitcount|p1: Garganacl|3\n|move|p2a: Murkrow|Icy Wind|p1b: Gyarados\n|-damage|p1b: Gyarados|0 fnt\n|faint|p1b: Gyarados\n|\n|win|NoahDaGr81\n|raw|Wolfyui's rating: 1018 &rarr; <strong>1010<\/strong><br \/>(-8 for losing)\n|raw|NoahDaGr81's rating: 1148 &rarr; <strong>1164<\/strong><br \/>(+16 for winning)\n|l|\u2606Wolfyui\n","uploadtime":1701156480,"views":16,"p1id":"wolfyui","p2id":"noahdagr81","formatid":"gen9vgc2023regulatione","rating":1010,"private":0,"password":""}