{"id":"gen9vgc2023regulatione-1988492173","p1":"BlindMagneton","p2":"IceSnezhny","format":"[Gen 9] VGC 2023 Regulation E","log":"|j|\u2606BlindMagneton\n|j|\u2606IceSnezhny\n|t:|1699728731\n|gametype|doubles\n|player|p1|BlindMagneton|wattson|1389\n|player|p2|IceSnezhny|grimsley-gen7|1291\n|teamsize|p1|6\n|teamsize|p2|6\n|gen|9\n|tier|[Gen 9] VGC 2023 Regulation E\n|rated|\n|rule|Species Clause: Limit one of each Pok\u00e9mon\n|rule|Item Clause: Limit one of each item\n|clearpoke\n|poke|p1|Zoroark-Hisui, L50, M|\n|poke|p1|Grimmsnarl, L50, M|\n|poke|p1|Magnezone, L50|\n|poke|p1|Sinistcha, L50|\n|poke|p1|Farigiraf, L50, M|\n|poke|p1|Pelipper, L50, M|\n|poke|p2|Ceruledge, L50, M|\n|poke|p2|Mismagius, L50, F|\n|poke|p2|Iron Hands, L50|\n|poke|p2|Pincurchin, L50, M|\n|poke|p2|Mamoswine, L50, M|\n|poke|p2|Farigiraf, L50, M|\n|teampreview|4\n|inactive|Battle timer is ON: inactive players will automatically lose when time's up. (requested by IceSnezhny)\n|\n|t:|1699728803\n|start\n|switch|p1a: Grimmsnarl|Grimmsnarl, L50, M|100\/100\n|switch|p1b: Sinistcha|Sinistcha, L50|100\/100\n|switch|p2a: Farigiraf|Farigiraf, L50, M|100\/100\n|switch|p2b: Haron|Iron Hands, L50|100\/100\n|turn|1\n|l|\u2606IceSnezhny\n|inactive|IceSnezhny disconnected and has a minute to reconnect!\n|player|p2|\n|j|\u2606IceSnezhny\n|inactive|IceSnezhny reconnected and has 35 seconds left.\n|player|p2|IceSnezhny|grimsley-gen7\n|inactive|BlindMagneton has 30 seconds left.\n|inactive|IceSnezhny has 30 seconds left.\n|inactive|BlindMagneton has 20 seconds left.\n|inactive|IceSnezhny has 20 seconds left.\n|inactive|BlindMagneton has 15 seconds left.\n|\n|t:|1699728848\n|switch|p1a: Magnezone|Magnezone, L50|100\/100\n|-terastallize|p2b: Haron|Fire\n|move|p1b: Sinistcha|Trick|p2a: Farigiraf\n|-activate|p1b: Sinistcha|move: Trick|[of] p2a: Farigiraf\n|-item|p2a: Farigiraf|Choice Specs|[from] move: Trick\n|-item|p1b: Sinistcha|Sitrus Berry|[from] move: Trick\n|move|p2b: Haron|Ice Punch|p1b: Sinistcha\n|-damage|p1b: Sinistcha|44\/100\n|replace|p1b: Zoroark|Zoroark-Hisui, L50, M\n|-end|p1b: Zoroark|Illusion\n|-enditem|p1b: Zoroark|Sitrus Berry|[eat]\n|-heal|p1b: Zoroark|68\/100|[from] item: Sitrus Berry\n|move|p2a: Farigiraf|Trick Room|p2a: Farigiraf\n|-fieldstart|move: Trick Room|[of] p2a: Farigiraf\n|\n|upkeep\n|turn|2\n|inactive|BlindMagneton has 30 seconds left.\n|inactive|BlindMagneton has 20 seconds left.\n|inactive|BlindMagneton has 15 seconds left.\n|inactive|IceSnezhny has 30 seconds left.\n|inactive|BlindMagneton has 10 seconds left.\n|inactive|BlindMagneton has 5 seconds left.\n|\n|t:|1699728901\n|switch|p2a: Spike|Pincurchin, L50, M|100\/100\n|-fieldstart|move: Electric Terrain|[from] ability: Electric Surge|[of] p2a: Spike\n|-activate|p2b: Haron|ability: Quark Drive\n|-start|p2b: Haron|quarkdriveatk\n|move|p2b: Haron|Thunder Punch|p1b: Zoroark\n|-damage|p1b: Zoroark|0 fnt\n|faint|p1b: Zoroark\n|move|p1a: Magnezone|Iron Defense|p1a: Magnezone\n|-boost|p1a: Magnezone|def|2\n|\n|upkeep\n|inactive|BlindMagneton has 30 seconds left.\n|inactive|BlindMagneton has 20 seconds left.\n|\n|t:|1699728940\n|switch|p1b: Sinistcha|Sinistcha, L50|100\/100\n|turn|3\n|inactive|BlindMagneton has 30 seconds left.\n|inactive|IceSnezhny has 30 seconds left.\n|\n|t:|1699728967\n|move|p1b: Sinistcha|Rage Powder|p1b: Sinistcha\n|-singleturn|p1b: Sinistcha|move: Rage Powder\n|move|p2a: Spike|Scald|p1b: Sinistcha\n|-resisted|p1b: Sinistcha\n|-damage|p1b: Sinistcha|89\/100\n|-status|p1b: Sinistcha|brn\n|move|p2b: Haron|Ice Punch|p1b: Sinistcha\n|-supereffective|p1b: Sinistcha\n|-damage|p1b: Sinistcha|20\/100 brn\n|-damage|p2b: Haron|84\/100|[from] item: Rocky Helmet|[of] p1b: Sinistcha\n|move|p1a: Magnezone|Iron Defense|p1a: Magnezone\n|-boost|p1a: Magnezone|def|2\n|\n|-damage|p1b: Sinistcha|13\/100 brn|[from] brn\n|upkeep\n|turn|4\n|inactive|IceSnezhny has 30 seconds left.\n|\n|t:|1699728998\n|switch|p1b: Grimmsnarl|Grimmsnarl, L50, M|100\/100\n|move|p2a: Spike|Thunderbolt|p1b: Grimmsnarl\n|-damage|p1b: Grimmsnarl|51\/100\n|move|p2b: Haron|Drain Punch|p1a: Magnezone\n|-supereffective|p1a: Magnezone\n|-damage|p1a: Magnezone|73\/100\n|-heal|p2b: Haron|94\/100|[from] drain|[of] p1a: Magnezone\n|move|p1a: Magnezone|Body Press|p2a: Spike\n|-damage|p2a: Spike|0 fnt\n|faint|p2a: Spike\n|\n|-heal|p1a: Magnezone|80\/100|[from] item: Leftovers\n|upkeep\n|\n|t:|1699729013\n|switch|p2a: Farigiraf|Farigiraf, L50, M|100\/100\n|turn|5\n|\n|t:|1699729030\n|switch|p1b: Sinistcha|Sinistcha, L50|13\/100 brn\n|-heal|p1a: Magnezone|100\/100|[from] ability: Hospitality|[of] p1b: Sinistcha\n|move|p2b: Haron|Drain Punch|p1a: Magnezone\n|-supereffective|p1a: Magnezone\n|-damage|p1a: Magnezone|70\/100\n|-heal|p2b: Haron|100\/100|[from] drain|[of] p1a: Magnezone\n|move|p2a: Farigiraf|Hyper Voice|p1b: Sinistcha|[spread] p1a\n|-immune|p1b: Sinistcha\n|-resisted|p1a: Magnezone\n|-damage|p1a: Magnezone|46\/100\n|move|p1a: Magnezone|Body Press|p2a: Farigiraf\n|-damage|p2a: Farigiraf|0 fnt\n|faint|p2a: Farigiraf\n|\n|-heal|p1a: Magnezone|52\/100|[from] item: Leftovers\n|-damage|p1b: Sinistcha|7\/100 brn|[from] brn\n|-fieldend|move: Trick Room\n|upkeep\n|\n|t:|1699729046\n|switch|p2a: Mamoswine|Mamoswine, L50, M|100\/100\n|turn|6\n|inactive|BlindMagneton has 30 seconds left.\n|\n|t:|1699729080\n|switch|p1b: Grimmsnarl|Grimmsnarl, L50, M|51\/100\n|move|p1a: Magnezone|Protect|p1a: Magnezone\n|-singleturn|p1a: Magnezone|Protect\n|move|p2a: Mamoswine|Ice Shard|p1b: Grimmsnarl\n|-damage|p1b: Grimmsnarl|29\/100\n|move|p2b: Haron|Drain Punch|p1a: Magnezone\n|-activate|p1a: Magnezone|move: Protect\n|\n|-heal|p1a: Magnezone|59\/100|[from] item: Leftovers\n|-fieldend|move: Electric Terrain\n|-end|p2b: Haron|Quark Drive\n|upkeep\n|turn|7\n|inactive|BlindMagneton has 30 seconds left.\n|\n|t:|1699729107\n|-terastallize|p1a: Magnezone|Dragon\n|move|p1b: Grimmsnarl|Fake Out|p2a: Mamoswine\n|-crit|p2a: Mamoswine\n|-damage|p2a: Mamoswine|83\/100\n|cant|p2a: Mamoswine|flinch\n|move|p1a: Magnezone|Body Press|p2b: Haron\n|-damage|p2b: Haron|48\/100\n|move|p2b: Haron|Drain Punch|p1a: Magnezone\n|-damage|p1a: Magnezone|47\/100\n|-heal|p2b: Haron|53\/100|[from] drain|[of] p1a: Magnezone\n|\n|-heal|p1a: Magnezone|53\/100|[from] item: Leftovers\n|upkeep\n|turn|8\n|\n|t:|1699729128\n|move|p1a: Magnezone|Protect|p1a: Magnezone\n|-singleturn|p1a: Magnezone|Protect\n|move|p1b: Grimmsnarl|Parting Shot|p2a: Mamoswine\n|-unboost|p2a: Mamoswine|atk|1\n|-unboost|p2a: Mamoswine|spa|1\n|\n|t:|1699729132\n|switch|p1b: Sinistcha|Sinistcha, L50|7\/100 brn|[from] Parting Shot\n|-heal|p1a: Magnezone|78\/100|[from] ability: Hospitality|[of] p1b: Sinistcha\n|move|p2a: Mamoswine|Icicle Crash|p1a: Magnezone\n|-activate|p1a: Magnezone|move: Protect\n|move|p2b: Haron|Ice Punch|p1a: Magnezone\n|-activate|p1a: Magnezone|move: Protect\n|\n|-heal|p1a: Magnezone|84\/100|[from] item: Leftovers\n|-damage|p1b: Sinistcha|1\/100 brn|[from] brn\n|upkeep\n|turn|9\n|\n|t:|1699729141\n|move|p1b: Sinistcha|Rage Powder|p1b: Sinistcha\n|-singleturn|p1b: Sinistcha|move: Rage Powder\n|move|p2a: Mamoswine|Ice Shard|p1b: Sinistcha\n|-supereffective|p1b: Sinistcha\n|-damage|p1b: Sinistcha|0 fnt\n|faint|p1b: Sinistcha\n|move|p1a: Magnezone|Body Press|p2a: Mamoswine\n|-supereffective|p2a: Mamoswine\n|-damage|p2a: Mamoswine|0 fnt\n|faint|p2a: Mamoswine\n|move|p2b: Haron|Ice Punch|p1a: Magnezone\n|-supereffective|p1a: Magnezone\n|-damage|p1a: Magnezone|68\/100\n|\n|-heal|p1a: Magnezone|75\/100|[from] item: Leftovers\n|upkeep\n|\n|t:|1699729146\n|switch|p1b: Grimmsnarl|Grimmsnarl, L50, M|29\/100\n|turn|10\n|\n|t:|1699729151\n|move|p1b: Grimmsnarl|Fake Out|p2b: Haron\n|-damage|p2b: Haron|44\/100\n|move|p1a: Magnezone|Body Press|p2b: Haron\n|-damage|p2b: Haron|0 fnt\n|faint|p2b: Haron\n|-end|p2b: Haron|Quark Drive|[silent]\n|\n|win|BlindMagneton\n|raw|BlindMagneton's rating: 1389 &rarr; <strong>1404<\/strong><br \/>(+15 for winning)\n|raw|IceSnezhny's rating: 1291 &rarr; <strong>1273<\/strong><br \/>(-18 for losing)\n","uploadtime":1699729157,"views":11,"p1id":"blindmagneton","p2id":"icesnezhny","formatid":"gen9vgc2023regulatione","rating":1273,"private":0,"password":""}