{"id":"gen9vgc2023regulatione-1993533857","p1":"WilfredVGC","p2":"That_Leek","format":"[Gen 9] VGC 2023 Regulation E","log":"|j|\u2606WilfredVGC\n|j|\u2606That_Leek\n|n|\u2606WilfredVGC|wilfredvgc\n|n|\u2606That_Leek|thatleek\n|html|View the match progress at <a href=\"\/game-bestof3-gen9vgc2023regulatione-1993531460\">game-bestof3-gen9vgc2023regulatione-1993531460<\/a>\n|t:|1700328938\n|gametype|doubles\n|player|p1|WilfredVGC|roxanne|\n|player|p2|That_Leek|blue|\n|teamsize|p1|6\n|teamsize|p2|6\n|gen|9\n|tier|[Gen 9] VGC 2023 Regulation E\n|rule|Species Clause: Limit one of each Pok\u00e9mon\n|rule|Item Clause: Limit one of each item\n|clearpoke\n|poke|p1|Scizor, L50, M|\n|poke|p1|Regidrago, L50|\n|poke|p1|Tsareena, L50, F|\n|poke|p1|Gothitelle, L50, F|\n|poke|p1|Talonflame, L50, F|\n|poke|p1|Pawmot, L50, F|\n|poke|p2|Dondozo, L50, F|\n|poke|p2|Tatsugiri, L50, F|\n|poke|p2|Heatran, L50, F|\n|poke|p2|Sinistcha, L50|\n|poke|p2|Landorus-Therian, L50, M|\n|poke|p2|Sylveon, L50, F|\n|teampreview|4\nThat_Leek has agreed to open team sheets.\nWilfredVGC has agreed to open team sheets.\n|showteam|p1|Scizor||LifeOrb|Technician|AerialAce,BulletPunch,CloseCombat,BugBite|||M|||50|,,,,,Steel]Regidrago||DragonFang|DragonsMaw|DragonEnergy,DracoMeteor,EarthPower,Protect||||||50|,,,,,Steel]Tsareena||AssaultVest|QueenlyMajesty|TropKick,PlayRough,KnockOff,Uturn|||F|||50|,,,,,Water]Gothitelle||SitrusBerry|ShadowTag|FakeOut,Psychic,TrickRoom,Protect|||F|||50|,,,,,Water]Talonflame||ClearAmulet|GaleWings|BraveBird,FlareBlitz,Taunt,Tailwind|||F|||50|,,,,,Flying]Pawmot||FocusSash|VoltAbsorb|DoubleShock,CloseCombat,RevivalBlessing,Protect|||F|||50|,,,,,Electric\n|showteam|p2|Dondozo||Leftovers|Unaware|Protect,OrderUp,WaveCrash,Earthquake|||F|||50|,,,,,Grass]Tatsugiri||FocusSash|Commander|Protect,DracoMeteor,HelpingHand,IcyWind|||F|||50|,,,,,Dragon]Heatran||AssaultVest|FlashFire|HeatWave,FlashCannon,EarthPower,TeraBlast|||F|||50|,,,,,Grass]Sinistcha||RockyHelmet|Hospitality|MatchaGotcha,ShadowBall,RagePowder,TrickRoom||||||50|,,,,,Fire]Landorus-Therian||ChoiceScarf|Intimidate|RockSlide,Uturn,StompingTantrum,TeraBlast|||M|||50|,,,,,Flying]Sylveon||ChoiceSpecs|Pixilate|TeraBlast,HyperVoice,HyperBeam,ShadowBall|||F|||50|,,,,,Fire\n|\n|t:|1700328982\n|start\n|switch|p1a: Talonflame|Talonflame, L50, F|100\/100\n|switch|p1b: Regidrago|Regidrago, L50|100\/100\n|switch|p2a: No Socks|Heatran, L50, F|100\/100\n|switch|p2b: You belong with ME|Sylveon, L50, F|100\/100\n|turn|1\n|\n|t:|1700328993\n|move|p1b: Regidrago|Protect|p1b: Regidrago\n|-singleturn|p1b: Regidrago|Protect\n|move|p1a: Talonflame|Tailwind|p1a: Talonflame\n|-sidestart|p1: WilfredVGC|move: Tailwind\n|move|p2a: No Socks|Heat Wave|p1b: Regidrago|[spread] p1a\n|-activate|p1b: Regidrago|move: Protect\n|-resisted|p1a: Talonflame\n|-damage|p1a: Talonflame|74\/100\n|move|p2b: You belong with ME|Hyper Voice|p1b: Regidrago|[spread] p1a\n|-activate|p1b: Regidrago|move: Protect\n|-resisted|p1a: Talonflame\n|-damage|p1a: Talonflame|30\/100\n|\n|upkeep\n|turn|2\n|\n|t:|1700329005\n|-terastallize|p1b: Regidrago|Steel\n|move|p1a: Talonflame|Brave Bird|p2b: You belong with ME\n|-damage|p2b: You belong with ME|32\/100\n|-damage|p1a: Talonflame|3\/100|[from] Recoil\n|move|p1b: Regidrago|Earth Power|p2a: No Socks\n|-supereffective|p2a: No Socks\n|-damage|p2a: No Socks|30\/100\n|move|p2a: No Socks|Heat Wave|p1a: Talonflame|[spread] p1a,p1b\n|-resisted|p1a: Talonflame\n|-supereffective|p1b: Regidrago\n|-damage|p1a: Talonflame|0 fnt\n|-damage|p1b: Regidrago|17\/100\n|faint|p1a: Talonflame\n|move|p2b: You belong with ME|Hyper Voice|p1b: Regidrago\n|-resisted|p1b: Regidrago\n|-damage|p1b: Regidrago|0 fnt\n|faint|p1b: Regidrago\n|\n|upkeep\n|\n|t:|1700329015\n|switch|p1a: Pawmot|Pawmot, L50, F|100\/100\n|switch|p1b: Tsareena|Tsareena, L50, F|100\/100\n|turn|3\n|\n|t:|1700329022\n|move|p1a: Pawmot|Close Combat|p2a: No Socks\n|-supereffective|p2a: No Socks\n|-damage|p2a: No Socks|0 fnt\n|-unboost|p1a: Pawmot|def|1\n|-unboost|p1a: Pawmot|spd|1\n|faint|p2a: No Socks\n|move|p1b: Tsareena|Trop Kick|p2b: You belong with ME\n|-damage|p2b: You belong with ME|0 fnt\n|faint|p2b: You belong with ME\n|\n|upkeep\n|\n|t:|1700329026\n|switch|p2a: Dondizzle|Dondozo, L50, F|100\/100\n|switch|p2b: LET EM COOK|Tatsugiri, L50, F|100\/100\n|-activate|p2b: LET EM COOK|ability: Commander|[of] p2a: Dondizzle\n|-boost|p2a: Dondizzle|atk|2\n|-boost|p2a: Dondizzle|spa|2\n|-boost|p2a: Dondizzle|spe|2\n|-boost|p2a: Dondizzle|def|2\n|-boost|p2a: Dondizzle|spd|2\n|turn|4\n|\n|t:|1700329039\n|move|p2a: Dondizzle|Protect|p2a: Dondizzle\n|-singleturn|p2a: Dondizzle|Protect\n|move|p1a: Pawmot|Close Combat|p2a: Dondizzle\n|-activate|p2a: Dondizzle|move: Protect\n|move|p1b: Tsareena|Knock Off|p2a: Dondizzle\n|-activate|p2a: Dondizzle|move: Protect\n|\n|-sideend|p1: WilfredVGC|move: Tailwind\n|upkeep\n|turn|5\n|\n|t:|1700329048\n|-terastallize|p2a: Dondizzle|Grass\n|move|p1a: Pawmot|Revival Blessing|p1a: Pawmot\n|\n|t:|1700329053\n|-heal|p1: Talonflame|50\/100|[from] move: Revival Blessing\n|move|p2a: Dondizzle|Order Up|p1b: Tsareena\n|-damage|p1b: Tsareena|50\/100\n|-boost|p2a: Dondizzle|atk|1\n|move|p1b: Tsareena|Knock Off|p2a: Dondizzle\n|-damage|p2a: Dondizzle|89\/100\n|-enditem|p2a: Dondizzle|Leftovers|[from] move: Knock Off|[of] p1b: Tsareena\n|\n|upkeep\n|turn|6\n|\n|t:|1700329068\n|move|p1a: Pawmot|Close Combat|p2a: Dondizzle\n|-damage|p2a: Dondizzle|68\/100\n|-unboost|p1a: Pawmot|def|1\n|-unboost|p1a: Pawmot|spd|1\n|move|p2a: Dondizzle|Order Up|p1b: Tsareena\n|-damage|p1b: Tsareena|0 fnt\n|faint|p1b: Tsareena\n|-boost|p2a: Dondizzle|atk|1\n|\n|upkeep\n|\n|t:|1700329075\n|switch|p1b: Talonflame|Talonflame, L50, F|50\/100\n|turn|7\n|\n|t:|1700329085\n|move|p1a: Pawmot|Close Combat|p2a: Dondizzle\n|-damage|p2a: Dondizzle|49\/100\n|-unboost|p1a: Pawmot|def|1\n|-unboost|p1a: Pawmot|spd|1\n|move|p1b: Talonflame|Brave Bird|p2a: Dondizzle\n|-supereffective|p2a: Dondizzle\n|-damage|p2a: Dondizzle|17\/100\n|-damage|p1b: Talonflame|36\/100|[from] Recoil\n|move|p2a: Dondizzle|Order Up|p1b: Talonflame\n|-damage|p1b: Talonflame|0 fnt\n|faint|p1b: Talonflame\n|-boost|p2a: Dondizzle|atk|1\n|\n|upkeep\n|turn|8\n|\n|t:|1700329092\n|move|p1a: Pawmot|Close Combat|p2a: Dondizzle\n|-damage|p2a: Dondizzle|0 fnt\n|-unboost|p1a: Pawmot|def|1\n|-unboost|p1a: Pawmot|spd|1\n|faint|p2a: Dondizzle\n|\n|upkeep\n|turn|9\n|\n|t:|1700329100\n|move|p1a: Pawmot|Double Shock|p2b: LET EM COOK\n|-enditem|p2b: LET EM COOK|Focus Sash\n|-damage|p2b: LET EM COOK|1\/100\n|-start|p1a: Pawmot|typechange|???\/Fighting|[from] move: Double Shock\n|move|p2b: LET EM COOK|Icy Wind|p1a: Pawmot\n|-damage|p1a: Pawmot|6\/100\n|-unboost|p1a: Pawmot|spe|1\n|\n|upkeep\n|turn|10\n|\n|t:|1700329109\n|move|p2b: LET EM COOK|Icy Wind|p1a: Pawmot\n|-damage|p1a: Pawmot|0 fnt\n|faint|p1a: Pawmot\n|\n|win|That_Leek\n|c|\u2606That_Leek|gg\n|c|\u2606WilfredVGC|gg\n|l|\u2606WilfredVGC\n","uploadtime":1700329142,"views":23,"p1id":"wilfredvgc","p2id":"thatleek","formatid":"gen9vgc2023regulatione","rating":0,"private":0,"password":""}