{"id":"gen9vgc2023regulatione-1989029283","p1":"Y4kle","p2":"990125hjt","format":"[Gen 9] VGC 2023 Regulation E","log":"|j|\u2606Y4kle\n|j|\u2606990125hjt\n|t:|1699804142\n|gametype|doubles\n|player|p1|Y4kle|bugcatcher-gen4dp|1300\n|player|p2|990125hjt|265|1206\n|teamsize|p1|6\n|teamsize|p2|6\n|gen|9\n|tier|[Gen 9] VGC 2023 Regulation E\n|rated|\n|rule|Species Clause: Limit one of each Pok\u00e9mon\n|rule|Item Clause: Limit one of each item\n|clearpoke\n|poke|p1|Dachsbun, L50, F|\n|poke|p1|Torkoal, L50, M|\n|poke|p1|Farigiraf, L50, M|\n|poke|p1|Sinistcha, L50|\n|poke|p1|Landorus-Therian, L50, M|\n|poke|p1|Flutter Mane, L50|\n|poke|p2|Landorus-Therian, L50, M|\n|poke|p2|Rillaboom, L50, M|\n|poke|p2|Heatran, L50, M|\n|poke|p2|Spectrier, L50|\n|poke|p2|Zapdos, L50|\n|poke|p2|Urshifu-*, L50, F|\n|teampreview|4\n|inactive|Battle timer is ON: inactive players will automatically lose when time's up. (requested by 990125hjt)\n|\n|t:|1699804161\n|start\n|switch|p1a: Farigiraf|Farigiraf, L50, M|100\/100\n|switch|p1b: Torkoal|Torkoal, L50, M|100\/100\n|switch|p2a: Spectrier|Spectrier, L50|100\/100\n|switch|p2b: Landorus|Landorus-Therian, L50, M|100\/100\n|-ability|p2b: Landorus|Intimidate|boost\n|-unboost|p1a: Farigiraf|atk|1\n|-unboost|p1b: Torkoal|atk|1\n|-weather|SunnyDay|[from] ability: Drought|[of] p1b: Torkoal\n|turn|1\n|\n|t:|1699804180\n|move|p1b: Torkoal|Protect|p1b: Torkoal\n|-singleturn|p1b: Torkoal|Protect\n|move|p2b: Landorus|Stomping Tantrum|p1b: Torkoal\n|-activate|p1b: Torkoal|move: Protect\n|move|p2a: Spectrier|Taunt|p1a: Farigiraf\n|-start|p1a: Farigiraf|move: Taunt\n|-enditem|p1a: Farigiraf|Mental Herb\n|-end|p1a: Farigiraf|move: Taunt\n|move|p1a: Farigiraf|Trick Room|p1a: Farigiraf\n|-fieldstart|move: Trick Room|[of] p1a: Farigiraf\n|\n|-weather|SunnyDay|[upkeep]\n|upkeep\n|turn|2\n|\n|t:|1699804197\n|switch|p1a: Dachsbun|Dachsbun, L50, F|100\/100\n|switch|p2a: Heatran|Heatran, L50, M|100\/100\n|switch|p2b: Urshifu|Urshifu-Rapid-Strike, L50, F|100\/100\n|move|p1b: Torkoal|Lava Plume|p2a: Heatran|[spread] p2b\n|-ability|p1a: Dachsbun|Well-Baked Body|boost\n|-boost|p1a: Dachsbun|def|2\n|-start|p2a: Heatran|ability: Flash Fire\n|-resisted|p2b: Urshifu\n|-damage|p2b: Urshifu|71\/100\n|-status|p2b: Urshifu|brn\n|\n|-weather|SunnyDay|[upkeep]\n|-damage|p2b: Urshifu|65\/100 brn|[from] brn\n|upkeep\n|turn|3\n|inactive|Y4kle has 30 seconds left.\n|inactive|990125hjt has 30 seconds left.\n|inactive|990125hjt has 20 seconds left.\n|\n|t:|1699804236\n|-terastallize|p2a: Heatran|Grass\n|move|p1b: Torkoal|Protect|p1b: Torkoal\n|-singleturn|p1b: Torkoal|Protect\n|move|p1a: Dachsbun|Body Press|p2a: Heatran\n|-damage|p2a: Heatran|57\/100\n|move|p2a: Heatran|Earth Power|p1b: Torkoal\n|-activate|p1b: Torkoal|move: Protect\n|move|p2b: Urshifu|Surging Strikes|p1a: Dachsbun\n|-crit|p1a: Dachsbun\n|-damage|p1a: Dachsbun|96\/100\n|-crit|p1a: Dachsbun\n|-damage|p1a: Dachsbun|91\/100\n|-crit|p1a: Dachsbun\n|-damage|p1a: Dachsbun|86\/100\n|-hitcount|p1a: Dachsbun|3\n|\n|-weather|SunnyDay|[upkeep]\n|-heal|p2a: Heatran|63\/100|[from] item: Leftovers\n|-damage|p2b: Urshifu|58\/100 brn|[from] brn\n|upkeep\n|turn|4\n|\n|t:|1699804260\n|move|p1b: Torkoal|Earth Power|p2a: Heatran\n|-resisted|p2a: Heatran\n|-damage|p2a: Heatran|55\/100\n|move|p1a: Dachsbun|Body Press|p2a: Heatran\n|-damage|p2a: Heatran|11\/100\n|move|p2a: Heatran|Earth Power|p1b: Torkoal\n|-supereffective|p1b: Torkoal\n|-damage|p1b: Torkoal|28\/100\n|move|p2b: Urshifu|Surging Strikes|p1a: Dachsbun\n|-crit|p1a: Dachsbun\n|-damage|p1a: Dachsbun|80\/100\n|-crit|p1a: Dachsbun\n|-damage|p1a: Dachsbun|75\/100\n|-crit|p1a: Dachsbun\n|-damage|p1a: Dachsbun|70\/100\n|-hitcount|p1a: Dachsbun|3\n|\n|-weather|SunnyDay|[upkeep]\n|-heal|p2a: Heatran|17\/100|[from] item: Leftovers\n|-damage|p2b: Urshifu|52\/100 brn|[from] brn\n|upkeep\n|turn|5\n|inactive|Y4kle has 30 seconds left.\n|inactive|Y4kle has 20 seconds left.\n|\n|t:|1699804296\n|switch|p1b: Sinistcha|Sinistcha, L50|100\/100\n|-heal|p1a: Dachsbun|95\/100|[from] ability: Hospitality|[of] p1b: Sinistcha\n|move|p2a: Heatran|Protect|p2a: Heatran\n|-singleturn|p2a: Heatran|Protect\n|move|p1a: Dachsbun|Body Press|p2a: Heatran\n|-activate|p2a: Heatran|move: Protect\n|move|p2b: Urshifu|Surging Strikes|p1b: Sinistcha\n|-resisted|p1b: Sinistcha\n|-crit|p1b: Sinistcha\n|-damage|p1b: Sinistcha|97\/100\n|-damage|p2b: Urshifu|36\/100 brn|[from] item: Rocky Helmet|[of] p1b: Sinistcha\n|-resisted|p1b: Sinistcha\n|-crit|p1b: Sinistcha\n|-damage|p1b: Sinistcha|94\/100\n|-damage|p2b: Urshifu|19\/100 brn|[from] item: Rocky Helmet|[of] p1b: Sinistcha\n|-resisted|p1b: Sinistcha\n|-crit|p1b: Sinistcha\n|-damage|p1b: Sinistcha|91\/100\n|-damage|p2b: Urshifu|3\/100 brn|[from] item: Rocky Helmet|[of] p1b: Sinistcha\n|-hitcount|p1b: Sinistcha|3\n|\n|-weather|none\n|-heal|p2a: Heatran|23\/100|[from] item: Leftovers\n|-damage|p2b: Urshifu|0 fnt|[from] brn\n|faint|p2b: Urshifu\n|-fieldend|move: Trick Room\n|upkeep\n|inactive|990125hjt has 30 seconds left.\n|\n|t:|1699804323\n|switch|p2b: Spectrier|Spectrier, L50|100\/100\n|turn|6\n|\n|t:|1699804341\n|switch|p1b: Farigiraf|Farigiraf, L50, M|100\/100\n|-terastallize|p1a: Dachsbun|Fighting\n|move|p2b: Spectrier|Shadow Ball|p1b: Farigiraf\n|-immune|p1b: Farigiraf\n|move|p2a: Heatran|Flash Cannon|p1a: Dachsbun\n|-damage|p1a: Dachsbun|58\/100\n|move|p1a: Dachsbun|Body Press|p2a: Heatran\n|-damage|p2a: Heatran|0 fnt\n|faint|p2a: Heatran\n|\n|upkeep\n|\n|t:|1699804356\n|switch|p2a: Landorus|Landorus-Therian, L50, M|100\/100\n|-ability|p2a: Landorus|Intimidate|boost\n|-unboost|p1a: Dachsbun|atk|1\n|-unboost|p1b: Farigiraf|atk|1\n|turn|7\n|inactive|Y4kle has 30 seconds left.\n|\n|t:|1699804384\n|move|p2a: Landorus|Stomping Tantrum|p1b: Farigiraf\n|-damage|p1b: Farigiraf|57\/100\n|move|p2b: Spectrier|Taunt|p1b: Farigiraf\n|-start|p1b: Farigiraf|move: Taunt\n|move|p1a: Dachsbun|Body Press|p2a: Landorus\n|-resisted|p2a: Landorus\n|-damage|p2a: Landorus|55\/100\n|move|p1b: Farigiraf|Psychic|p2a: Landorus\n|-damage|p2a: Landorus|7\/100\n|\n|upkeep\n|turn|8\n|\n|t:|1699804401\n|move|p2a: Landorus|Stomping Tantrum|p1a: Dachsbun\n|-damage|p1a: Dachsbun|41\/100\n|move|p2b: Spectrier|Shadow Ball|p1a: Dachsbun\n|-damage|p1a: Dachsbun|6\/100\n|-unboost|p1a: Dachsbun|spd|1\n|move|p1a: Dachsbun|Body Press|p2a: Landorus\n|-resisted|p2a: Landorus\n|-damage|p2a: Landorus|0 fnt\n|faint|p2a: Landorus\n|move|p1b: Farigiraf|Psychic|p2b: Spectrier\n|-damage|p2b: Spectrier|56\/100\n|\n|upkeep\n|turn|9\n|-message|990125hjt forfeited.\n|\n|win|Y4kle\n|raw|Y4kle's rating: 1300 &rarr; <strong>1318<\/strong><br \/>(+18 for winning)\n|raw|990125hjt's rating: 1206 &rarr; <strong>1188<\/strong><br \/>(-18 for losing)\n|l|\u2606990125hjt\n","uploadtime":1699804421,"views":10,"p1id":"y4kle","p2id":"990125hjt","formatid":"gen9vgc2023regulatione","rating":1188,"private":0,"password":""}