{"id":"gen9vgc2023regulatione-1993940249","p1":"BonleyVGC","p2":"SalamanderSpeak","format":"[Gen 9] VGC 2023 Regulation E","log":"|j|\u2606BonleyVGC\n|j|\u2606SalamanderSpeak\n|t:|1700379276\n|gametype|doubles\n|player|p1|BonleyVGC|dancer|1260\n|player|p2|SalamanderSpeak|102|1326\n|teamsize|p1|6\n|teamsize|p2|6\n|gen|9\n|tier|[Gen 9] VGC 2023 Regulation E\n|rated|\n|rule|Species Clause: Limit one of each Pok\u00e9mon\n|rule|Item Clause: Limit one of each item\n|clearpoke\n|poke|p1|Ogerpon-Cornerstone, L50, F|\n|poke|p1|Heatran, L50, M|\n|poke|p1|Tornadus, L50, M|\n|poke|p1|Landorus-Therian, L50, M|\n|poke|p1|Tyranitar, L50, M|\n|poke|p1|Gastrodon, L50, F|\n|poke|p2|Annihilape, L50, F|\n|poke|p2|Rillaboom, L50, F|\n|poke|p2|Cresselia, L50, F|\n|poke|p2|Sinistcha-Masterpiece, L50|\n|poke|p2|Arcanine-Hisui, L50, M|\n|poke|p2|Kommo-o, L50, F|\n|teampreview|4\n|\n|t:|1700379302\n|start\n|switch|p1a: Ogerpon|Ogerpon-Cornerstone, L50, F|100\/100\n|switch|p1b: Tornadus|Tornadus, L50, M|100\/100\n|switch|p2a: Annihilape|Annihilape, L50, F|100\/100\n|switch|p2b: Rillaboom|Rillaboom, L50, F|100\/100\n|-fieldstart|move: Grassy Terrain|[from] ability: Grassy Surge|[of] p2b: Rillaboom\n|turn|1\n|\n|t:|1700379327\n|switch|p1b: Tyranitar|Tyranitar, L50, M|100\/100\n|-weather|Sandstorm|[from] ability: Sand Stream|[of] p1b: Tyranitar\n|move|p1a: Ogerpon|Spiky Shield|p1a: Ogerpon\n|-singleturn|p1a: Ogerpon|move: Protect\n|move|p2b: Rillaboom|Fake Out|p1b: Tyranitar\n|-resisted|p1b: Tyranitar\n|-damage|p1b: Tyranitar|95\/100\n|move|p2a: Annihilape|Bulk Up|p2a: Annihilape\n|-boost|p2a: Annihilape|atk|1\n|-boost|p2a: Annihilape|def|1\n|\n|-weather|Sandstorm|[upkeep]\n|-damage|p2a: Annihilape|94\/100|[from] Sandstorm\n|-damage|p2b: Rillaboom|95\/100|[from] Sandstorm\n|-heal|p2a: Annihilape|100\/100|[from] Grassy Terrain\n|-heal|p2b: Rillaboom|100\/100|[from] Grassy Terrain\n|-heal|p1b: Tyranitar|100\/100|[from] Grassy Terrain\n|upkeep\n|turn|2\n|\n|t:|1700379352\n|switch|p1b: Tornadus|Tornadus, L50, M|100\/100\n|move|p1a: Ogerpon|Swords Dance|p1a: Ogerpon\n|-boost|p1a: Ogerpon|atk|2\n|move|p2a: Annihilape|Drain Punch|p1a: Ogerpon\n|-supereffective|p1a: Ogerpon\n|-ability|p1a: Ogerpon|Sturdy\n|-damage|p1a: Ogerpon|1\/100\n|move|p2b: Rillaboom|U-turn|p1b: Tornadus\n|-resisted|p1b: Tornadus\n|-damage|p1b: Tornadus|80\/100\n|\n|t:|1700379366\n|switch|p2b: Arcanine|Arcanine-Hisui, L50, M|100\/100|[from] U-turn\n|-ability|p2b: Arcanine|Intimidate|boost\n|-unboost|p1a: Ogerpon|atk|1\n|-unboost|p1b: Tornadus|atk|1\n|\n|-weather|Sandstorm|[upkeep]\n|-damage|p2a: Annihilape|94\/100|[from] Sandstorm\n|-heal|p1a: Ogerpon|7\/100|[from] Grassy Terrain\n|-heal|p2a: Annihilape|100\/100|[from] Grassy Terrain\n|upkeep\n|turn|3\n|\n|t:|1700379388\n|move|p1a: Ogerpon|Spiky Shield|p1a: Ogerpon\n|-singleturn|p1a: Ogerpon|move: Protect\n|move|p1b: Tornadus|Air Slash|p2a: Annihilape\n|-supereffective|p2a: Annihilape\n|-damage|p2a: Annihilape|36\/100\n|move|p2a: Annihilape|Rage Fist|p1b: Tornadus\n|-crit|p1b: Tornadus\n|-damage|p1b: Tornadus|0 fnt\n|faint|p1b: Tornadus\n|move|p2b: Arcanine|Rock Slide|p1a: Ogerpon\n|-activate|p1a: Ogerpon|move: Protect\n|\n|-weather|Sandstorm|[upkeep]\n|-damage|p2a: Annihilape|30\/100|[from] Sandstorm\n|-heal|p1a: Ogerpon|13\/100|[from] Grassy Terrain\n|-heal|p2a: Annihilape|36\/100|[from] Grassy Terrain\n|-heal|p2a: Annihilape|42\/100|[from] item: Leftovers\n|upkeep\n|\n|t:|1700379409\n|switch|p1b: Tyranitar|Tyranitar, L50, M|100\/100\n|turn|4\n|\n|t:|1700379419\n|switch|p2b: Sinistcha|Sinistcha-Masterpiece, L50|100\/100\n|-heal|p2a: Annihilape|67\/100|[from] ability: Hospitality|[of] p2b: Sinistcha\n|move|p2a: Annihilape|Protect|p2a: Annihilape\n|-singleturn|p2a: Annihilape|Protect\n|move|p1b: Tyranitar|Protect|p1b: Tyranitar\n|-singleturn|p1b: Tyranitar|Protect\n|move|p1a: Ogerpon|Ivy Cudgel|p2b: Sinistcha|[anim] Ivy Cudgel Rock\n|-damage|p2b: Sinistcha|38\/100\n|\n|-weather|Sandstorm|[upkeep]\n|-damage|p2a: Annihilape|61\/100|[from] Sandstorm\n|-damage|p2b: Sinistcha|32\/100|[from] Sandstorm\n|-heal|p1a: Ogerpon|19\/100|[from] Grassy Terrain\n|-heal|p2a: Annihilape|67\/100|[from] Grassy Terrain\n|-heal|p2a: Annihilape|74\/100|[from] item: Leftovers\n|-heal|p2b: Sinistcha|38\/100|[from] Grassy Terrain\n|upkeep\n|turn|5\n|\n|t:|1700379460\n|switch|p2b: Arcanine|Arcanine-Hisui, L50, M|100\/100\n|-ability|p2b: Arcanine|Intimidate|boost\n|-unboost|p1a: Ogerpon|atk|1\n|-unboost|p1b: Tyranitar|atk|1\n|move|p1a: Ogerpon|Spiky Shield|p1a: Ogerpon\n|-singleturn|p1a: Ogerpon|move: Protect\n|move|p2a: Annihilape|Rage Fist|p1b: Tyranitar\n|-resisted|p1b: Tyranitar\n|-damage|p1b: Tyranitar|77\/100\n|move|p1b: Tyranitar|Knock Off|p2b: Arcanine\n|-damage|p2b: Arcanine|72\/100\n|-enditem|p2b: Arcanine|Choice Band|[from] move: Knock Off|[of] p1b: Tyranitar\n|\n|-weather|none\n|-heal|p1a: Ogerpon|24\/100|[from] Grassy Terrain\n|-heal|p2a: Annihilape|80\/100|[from] Grassy Terrain\n|-heal|p2a: Annihilape|86\/100|[from] item: Leftovers\n|-heal|p2b: Arcanine|78\/100|[from] Grassy Terrain\n|-heal|p1b: Tyranitar|83\/100|[from] Grassy Terrain\n|-fieldend|move: Grassy Terrain\n|upkeep\n|turn|6\n|\n|t:|1700379490\n|move|p1a: Ogerpon|Ivy Cudgel|p2b: Arcanine|[anim] Ivy Cudgel Rock\n|-supereffective|p2b: Arcanine\n|-damage|p2b: Arcanine|0 fnt\n|faint|p2b: Arcanine\n|move|p2a: Annihilape|Drain Punch|p1b: Tyranitar\n|-supereffective|p1b: Tyranitar\n|-damage|p1b: Tyranitar|0 fnt\n|-heal|p2a: Annihilape|100\/100|[from] drain|[of] p1b: Tyranitar\n|faint|p1b: Tyranitar\n|\n|upkeep\n|\n|t:|1700379501\n|switch|p2b: Rillaboom|Rillaboom, L50, F|100\/100\n|switch|p1b: Heatran|Heatran, L50, M|100\/100\n|-fieldstart|move: Grassy Terrain|[from] ability: Grassy Surge|[of] p2b: Rillaboom\n|turn|7\n|\n|t:|1700379518\n|move|p1a: Ogerpon|Spiky Shield|p1a: Ogerpon\n|-singleturn|p1a: Ogerpon|move: Protect\n|move|p1b: Heatran|Protect|p1b: Heatran\n|-singleturn|p1b: Heatran|Protect\n|move|p2b: Rillaboom|Fake Out|p1a: Ogerpon\n|-activate|p1a: Ogerpon|move: Protect\n|-damage|p2b: Rillaboom|88\/100|[from] Spiky Shield|[of] p1a: Ogerpon\n|move|p2a: Annihilape|Drain Punch|p1b: Heatran\n|-activate|p1b: Heatran|move: Protect\n|\n|-heal|p1a: Ogerpon|30\/100|[from] Grassy Terrain\n|-heal|p2b: Rillaboom|94\/100|[from] Grassy Terrain\n|upkeep\n|turn|8\n|\n|t:|1700379540\n|-terastallize|p1b: Heatran|Bug\n|move|p2a: Annihilape|Protect|p2a: Annihilape\n|-singleturn|p2a: Annihilape|Protect\n|move|p1a: Ogerpon|Ivy Cudgel|p2a: Annihilape|[anim] Ivy Cudgel Rock\n|-activate|p2a: Annihilape|move: Protect\n|move|p1b: Heatran|Heat Wave|p2b: Rillaboom|[spread] \n|-activate|p2a: Annihilape|move: Protect\n|-miss|p1b: Heatran|p2b: Rillaboom\n|move|p2b: Rillaboom|Earthquake|p1b: Heatran|[spread] p1a,p1b\n|-activate|p2a: Annihilape|move: Protect\n|-resisted|p1b: Heatran\n|-crit|p1b: Heatran\n|-damage|p1a: Ogerpon|13\/100\n|-damage|p1b: Heatran|91\/100\n|\n|-heal|p1a: Ogerpon|19\/100|[from] Grassy Terrain\n|-heal|p1b: Heatran|97\/100|[from] Grassy Terrain\n|-heal|p2b: Rillaboom|99\/100|[from] Grassy Terrain\n|upkeep\n|turn|9\n|\n|t:|1700379574\n|move|p1a: Ogerpon|Spiky Shield|p1a: Ogerpon\n|-singleturn|p1a: Ogerpon|move: Protect\n|move|p2b: Rillaboom|Grassy Glide|p1a: Ogerpon\n|-activate|p1a: Ogerpon|move: Protect\n|-damage|p2b: Rillaboom|88\/100|[from] Spiky Shield|[of] p1a: Ogerpon\n|move|p2a: Annihilape|Rage Fist|p1b: Heatran\n|-damage|p1b: Heatran|32\/100\n|move|p1b: Heatran|Heat Wave|p2b: Rillaboom|[spread] p2a,p2b\n|-supereffective|p2b: Rillaboom\n|-damage|p2a: Annihilape|61\/100\n|-damage|p2b: Rillaboom|0 fnt\n|faint|p2b: Rillaboom\n|-damage|p1b: Heatran|22\/100|[from] item: Life Orb\n|\n|-heal|p1a: Ogerpon|24\/100|[from] Grassy Terrain\n|-heal|p2a: Annihilape|67\/100|[from] Grassy Terrain\n|-heal|p2a: Annihilape|74\/100|[from] item: Leftovers\n|-heal|p1b: Heatran|28\/100|[from] Grassy Terrain\n|upkeep\n|\n|t:|1700379595\n|switch|p2b: Sinistcha|Sinistcha-Masterpiece, L50|38\/100\n|-heal|p2a: Annihilape|99\/100|[from] ability: Hospitality|[of] p2b: Sinistcha\n|turn|10\n|\n|t:|1700379629\n|move|p1b: Heatran|Protect|p1b: Heatran\n|-singleturn|p1b: Heatran|Protect\n|move|p1a: Ogerpon|Ivy Cudgel|p2a: Annihilape|[anim] Ivy Cudgel Rock\n|-resisted|p2a: Annihilape\n|-damage|p2a: Annihilape|80\/100\n|move|p2a: Annihilape|Drain Punch|p1a: Ogerpon\n|-supereffective|p1a: Ogerpon\n|-damage|p1a: Ogerpon|0 fnt\n|-heal|p2a: Annihilape|89\/100|[from] drain|[of] p1a: Ogerpon\n|faint|p1a: Ogerpon\n|move|p2b: Sinistcha|Scald|p1b: Heatran\n|-activate|p1b: Heatran|move: Protect\n|\n|-heal|p2a: Annihilape|95\/100|[from] Grassy Terrain\n|-heal|p2a: Annihilape|100\/100|[from] item: Leftovers\n|-heal|p1b: Heatran|34\/100|[from] Grassy Terrain\n|-heal|p2b: Sinistcha|44\/100|[from] Grassy Terrain\n|upkeep\n|turn|11\n|\n|t:|1700379649\n|move|p2a: Annihilape|Rage Fist|p1b: Heatran\n|-damage|p1b: Heatran|0 fnt\n|faint|p1b: Heatran\n|\n|win|SalamanderSpeak\n|raw|BonleyVGC's rating: 1260 &rarr; <strong>1240<\/strong><br \/>(-20 for losing)\n|raw|SalamanderSpeak's rating: 1326 &rarr; <strong>1342<\/strong><br \/>(+16 for winning)\n|l|\u2606BonleyVGC\n|c|\u2606SalamanderSpeak|Gg wp\n","uploadtime":1700379670,"views":18,"p1id":"bonleyvgc","p2id":"salamanderspeak","formatid":"gen9vgc2023regulatione","rating":1240,"private":0,"password":""}