{"id":"gen9vgc2023regulatione-1992486296","p1":"DeAndreRicketts","p2":"turtsnaco744","format":"[Gen 9] VGC 2023 Regulation E","log":"|j|\u2606DeAndreRicketts\n|j|\u2606turtsnaco744\n|t:|1700193633\n|gametype|doubles\n|player|p1|DeAndreRicketts|265|1065\n|player|p2|turtsnaco744|1|1100\n|teamsize|p1|6\n|teamsize|p2|6\n|gen|9\n|tier|[Gen 9] VGC 2023 Regulation E\n|rated|\n|rule|Species Clause: Limit one of each Pok\u00e9mon\n|rule|Item Clause: Limit one of each item\n|clearpoke\n|poke|p1|Flutter Mane, L50|\n|poke|p1|Gothitelle, L50, M|\n|poke|p1|Dondozo, L50, F|\n|poke|p1|Tatsugiri, L50, F|\n|poke|p1|Dusclops, L50, F|\n|poke|p1|Ursaluna-Bloodmoon, L50, M|\n|poke|p2|Ursaluna, L50, M|\n|poke|p2|Torkoal, L50, M|\n|poke|p2|Brute Bonnet, L50|\n|poke|p2|Farigiraf, L50, M|\n|poke|p2|Tatsugiri, L50, M|\n|poke|p2|Golem-Alola, L50, M|\n|teampreview|4\nturtsnaco744 rejected open team sheets.\n|\n|t:|1700193651\n|start\n|switch|p1a: Flutter Mane|Flutter Mane, L50|100\/100\n|switch|p1b: Gothitelle|Gothitelle, L50, M|100\/100\n|switch|p2a: Golem|Golem-Alola, L50, M|100\/100\n|switch|p2b: Ursaluna|Ursaluna, L50, M|100\/100\n|turn|1\n|\n|t:|1700193676\n|move|p1b: Gothitelle|Fake Out|p2a: Golem\n|-resisted|p2a: Golem\n|-damage|p2a: Golem|98\/100\n|move|p1a: Flutter Mane|Perish Song|p1a: Flutter Mane\n|-start|p1a: Flutter Mane|perish3|[silent]\n|-start|p1b: Gothitelle|perish3|[silent]\n|-start|p2a: Golem|perish3|[silent]\n|-start|p2b: Ursaluna|perish3|[silent]\n|-fieldactivate|move: Perish Song\n|cant|p2a: Golem|flinch\n|move|p2b: Ursaluna|Headlong Rush|p1a: Flutter Mane\n|-enditem|p1a: Flutter Mane|Focus Sash\n|-damage|p1a: Flutter Mane|1\/100\n|-unboost|p2b: Ursaluna|def|1\n|-unboost|p2b: Ursaluna|spd|1\n|\n|-start|p1a: Flutter Mane|perish3\n|-start|p2a: Golem|perish3\n|-start|p1b: Gothitelle|perish3\n|-start|p2b: Ursaluna|perish3\n|-status|p2b: Ursaluna|brn|[from] item: Flame Orb\n|upkeep\n|turn|2\n|\n|t:|1700193699\n|move|p1a: Flutter Mane|Protect|p1a: Flutter Mane\n|-singleturn|p1a: Flutter Mane|Protect\n|move|p2a: Golem|Explosion|p1a: Flutter Mane|[spread] p1b\n|-activate|p1a: Flutter Mane|move: Protect\n|-immune|p2b: Ursaluna\n|-damage|p1b: Gothitelle|0 fnt\n|faint|p2a: Golem\n|faint|p1b: Gothitelle\n|move|p2b: Ursaluna|Headlong Rush|p1a: Flutter Mane\n|-activate|p1a: Flutter Mane|move: Protect\n|\n|-damage|p2b: Ursaluna|95\/100 brn|[from] brn\n|-start|p1a: Flutter Mane|perish2\n|-start|p2b: Ursaluna|perish2\n|upkeep\n|\n|t:|1700193727\n|switch|p2a: Farigiraf|Farigiraf, L50, M|100\/100\n|switch|p1b: Tatsugiri|Tatsugiri, L50, F|100\/100\n|turn|3\n|\n|t:|1700193737\n|-end|p1a: Flutter Mane|Protosynthesis|[silent]\n|switch|p1a: Dondozo|Dondozo, L50, F|100\/100\n|-activate|p1b: Tatsugiri|ability: Commander|[of] p1a: Dondozo\n|-boost|p1a: Dondozo|atk|2\n|-boost|p1a: Dondozo|spa|2\n|-boost|p1a: Dondozo|spe|2\n|-boost|p1a: Dondozo|def|2\n|-boost|p1a: Dondozo|spd|2\n|switch|p2b: Tatsugiri|Tatsugiri, L50, M|100\/100\n|move|p2a: Farigiraf|Trick Room|p2a: Farigiraf\n|-fieldstart|move: Trick Room|[of] p2a: Farigiraf\n|\n|upkeep\n|turn|4\n|\n|t:|1700193763\n|switch|p2a: Ursaluna|Ursaluna, L50, M|95\/100 brn\n|move|p2b: Tatsugiri|Taunt|p1a: Dondozo\n|-start|p1a: Dondozo|move: Taunt\n|move|p1a: Dondozo|Earthquake|p2b: Tatsugiri|[spread] p2a,p2b\n|-miss|p1a: Dondozo|p1b: Tatsugiri\n|-damage|p2a: Ursaluna|57\/100 brn\n|-damage|p2b: Tatsugiri|33\/100\n|\n|-damage|p2a: Ursaluna|52\/100 brn|[from] brn\n|upkeep\n|turn|5\n|\n|t:|1700193783\n|move|p2a: Ursaluna|Facade|p1a: Dondozo\n|-damage|p1a: Dondozo|58\/100\n|move|p2b: Tatsugiri|Draco Meteor|p1a: Dondozo\n|-damage|p1a: Dondozo|16\/100\n|-unboost|p2b: Tatsugiri|spa|2\n|-damage|p2b: Tatsugiri|23\/100|[from] item: Life Orb\n|move|p1a: Dondozo|Earthquake|p2b: Tatsugiri|[spread] p2a,p2b\n|-miss|p1a: Dondozo|p1b: Tatsugiri\n|-damage|p2a: Ursaluna|18\/100 brn\n|-damage|p2b: Tatsugiri|0 fnt\n|faint|p2b: Tatsugiri\n|\n|-heal|p1a: Dondozo|22\/100|[from] item: Leftovers\n|-damage|p2a: Ursaluna|12\/100 brn|[from] brn\n|upkeep\n|\n|t:|1700193797\n|switch|p2b: Farigiraf|Farigiraf, L50, M|100\/100\n|turn|6\n|inactive|Battle timer is ON: inactive players will automatically lose when time's up. (requested by turtsnaco744)\n|\n|t:|1700193816\n|move|p2a: Ursaluna|Facade|p1a: Dondozo\n|-damage|p1a: Dondozo|0 fnt\n|faint|p1a: Dondozo\n|move|p2b: Farigiraf|Hyper Voice|p1b: Tatsugiri\n|-damage|p1b: Tatsugiri|39\/100\n|\n|-damage|p2a: Ursaluna|6\/100 brn|[from] brn\n|upkeep\n|\n|t:|1700193824\n|switch|p1a: Flutter Mane|Flutter Mane, L50|1\/100\n|turn|7\n|\n|t:|1700193838\n|move|p1b: Tatsugiri|Protect|p1b: Tatsugiri\n|-singleturn|p1b: Tatsugiri|Protect\n|move|p1a: Flutter Mane|Protect|p1a: Flutter Mane\n|-singleturn|p1a: Flutter Mane|Protect\n|move|p2a: Ursaluna|Facade|p1b: Tatsugiri\n|-activate|p1b: Tatsugiri|move: Protect\n|move|p2b: Farigiraf|Psychic|p1a: Flutter Mane\n|-activate|p1a: Flutter Mane|move: Protect\n|\n|-damage|p2a: Ursaluna|0 fnt|[from] brn\n|faint|p2a: Ursaluna\n|-fieldend|move: Trick Room\n|upkeep\n|turn|8\n|inactive|DeAndreRicketts has 30 seconds left.\n|\n|t:|1700193872\n|-terastallize|p1b: Tatsugiri|Dragon\n|-terastallize|p2b: Farigiraf|Normal\n|move|p1a: Flutter Mane|Dazzling Gleam|p2b: Farigiraf\n|-damage|p2b: Farigiraf|58\/100\n|move|p1b: Tatsugiri|Draco Meteor|p2b: Farigiraf\n|-damage|p2b: Farigiraf|0 fnt\n|-unboost|p1b: Tatsugiri|spa|2\n|faint|p2b: Farigiraf\n|-damage|p1b: Tatsugiri|30\/100|[from] item: Life Orb\n|\n|win|DeAndreRicketts\n|raw|DeAndreRicketts's rating: 1065 &rarr; <strong>1098<\/strong><br \/>(+33 for winning)\n|raw|turtsnaco744's rating: 1100 &rarr; <strong>1072<\/strong><br \/>(-28 for losing)\n","uploadtime":1700193885,"views":26,"p1id":"deandrericketts","p2id":"turtsnaco744","formatid":"gen9vgc2023regulatione","rating":1072,"private":0,"password":""}