{"id":"gen9vgc2023regulatione-1993444809","p1":"pokequimico","p2":"Kiwigal","format":"[Gen 9] VGC 2023 Regulation E","log":"|j|\u2606pokequimico\n|j|\u2606Kiwigal\n|t:|1700318753\n|gametype|doubles\n|player|p1|pokequimico|red|1532\n|player|p2|Kiwigal|carmine-festival|1696\n|teamsize|p1|6\n|teamsize|p2|6\n|gen|9\n|tier|[Gen 9] VGC 2023 Regulation E\n|rated|\n|rule|Species Clause: Limit one of each Pok\u00e9mon\n|rule|Item Clause: Limit one of each item\n|clearpoke\n|poke|p1|Zapdos-Galar, L50|\n|poke|p1|Chien-Pao, L50|\n|poke|p1|Dragonite, L50, F|\n|poke|p1|Heatran, L50, M|\n|poke|p1|Rillaboom, L50, M|\n|poke|p1|Ogerpon-Wellspring, L50, F|\n|poke|p2|Roaring Moon, L50|\n|poke|p2|Okidogi, L50, M|\n|poke|p2|Gholdengo, L50|\n|poke|p2|Ogerpon-Wellspring, L50, F|\n|poke|p2|Arcanine-Hisui, L50, F|\n|poke|p2|Thundurus-Therian, L50, M|\n|teampreview|4\n|\n|t:|1700318788\n|start\n|switch|p1a: Zapdos|Zapdos-Galar, L50|100\/100\n|switch|p1b: Chien-Pao|Chien-Pao, L50|100\/100\n|switch|p2a: Roaring Moon|Roaring Moon, L50|100\/100\n|switch|p2b: Arcanine|Arcanine-Hisui, L50, F|100\/100\n|-ability|p1b: Chien-Pao|Sword of Ruin\n|-ability|p2b: Arcanine|Intimidate|boost\n|-unboost|p1a: Zapdos|atk|1\n|-ability|p1a: Zapdos|Defiant|boost\n|-boost|p1a: Zapdos|atk|2\n|-unboost|p1b: Chien-Pao|atk|1\n|-enditem|p2a: Roaring Moon|Booster Energy\n|-activate|p2a: Roaring Moon|ability: Protosynthesis|[fromitem]\n|-start|p2a: Roaring Moon|protosynthesisspe\n|turn|1\n|inactive|Battle timer is ON: inactive players will automatically lose when time's up. (requested by pokequimico)\n|\n|t:|1700318800\n|-terastallize|p2b: Arcanine|Fairy\n|move|p2a: Roaring Moon|Tailwind|p2a: Roaring Moon\n|-sidestart|p2: Kiwigal|move: Tailwind\n|move|p2b: Arcanine|Tera Blast|p1a: Zapdos|[anim] Tera Blast Fairy\n|-supereffective|p1a: Zapdos\n|-damage|p1a: Zapdos|0 fnt\n|faint|p1a: Zapdos\n|move|p1b: Chien-Pao|Icicle Crash|p2a: Roaring Moon\n|-supereffective|p2a: Roaring Moon\n|-damage|p2a: Roaring Moon|24\/100\n|\n|upkeep\n|\n|t:|1700318808\n|switch|p1a: Dragonite|Dragonite, L50, F|100\/100\n|turn|2\n|j| Therazer456\n|\n|t:|1700318824\n|-terastallize|p1a: Dragonite|Normal\n|move|p1a: Dragonite|Extreme Speed|p2b: Arcanine\n|-damage|p2b: Arcanine|4\/100\n|move|p2a: Roaring Moon|Breaking Swipe|p1a: Dragonite|[spread] p1a,p1b\n|-damage|p1a: Dragonite|67\/100\n|-damage|p1b: Chien-Pao|71\/100\n|-unboost|p1a: Dragonite|atk|1\n|-unboost|p1b: Chien-Pao|atk|1\n|move|p2b: Arcanine|Tera Blast|p1b: Chien-Pao|[anim] Tera Blast Fairy\n|-supereffective|p1b: Chien-Pao\n|-damage|p1b: Chien-Pao|0 fnt\n|faint|p1b: Chien-Pao\n|\n|upkeep\n|\n|t:|1700318833\n|switch|p1b: Heatran|Heatran, L50, M|100\/100\n|turn|3\n|\n|t:|1700318840\n|move|p1a: Dragonite|Extreme Speed|p2a: Roaring Moon\n|-damage|p2a: Roaring Moon|0 fnt\n|faint|p2a: Roaring Moon\n|-end|p2a: Roaring Moon|Protosynthesis|[silent]\n|move|p2b: Arcanine|Tera Blast|p1a: Dragonite|[anim] Tera Blast Fairy\n|-damage|p1a: Dragonite|0 fnt\n|faint|p1a: Dragonite\n|move|p1b: Heatran|Heat Wave|p2b: Arcanine\n|-damage|p2b: Arcanine|0 fnt\n|faint|p2b: Arcanine\n|\n|upkeep\n|\n|t:|1700318851\n|switch|p2a: Okidogi|Okidogi, L50, M|100\/100\n|switch|p2b: Thundurus|Thundurus-Therian, L50, M|100\/100\n|turn|4\n|\n|t:|1700318856\n|move|p2b: Thundurus|Wildbolt Storm|p1b: Heatran\n|-damage|p1b: Heatran|69\/100\n|move|p2a: Okidogi|Bulk Up|p2a: Okidogi\n|-boost|p2a: Okidogi|atk|1\n|-boost|p2a: Okidogi|def|1\n|move|p1b: Heatran|Heat Wave|p2a: Okidogi|[spread] p2a,p2b\n|-damage|p2a: Okidogi|62\/100\n|-damage|p2b: Thundurus|70\/100\n|\n|-heal|p2a: Okidogi|68\/100|[from] item: Leftovers\n|-sideend|p2: Kiwigal|move: Tailwind\n|upkeep\n|turn|5\n|\n|t:|1700318864\n|move|p2b: Thundurus|Wildbolt Storm|p1b: Heatran\n|-damage|p1b: Heatran|32\/100\n|move|p2a: Okidogi|Drain Punch|p1b: Heatran\n|-supereffective|p1b: Heatran\n|-damage|p1b: Heatran|0 fnt\n|-heal|p2a: Okidogi|84\/100|[from] drain|[of] p1b: Heatran\n|faint|p1b: Heatran\n|\n|win|Kiwigal\n|raw|pokequimico's rating: 1532 &rarr; <strong>1521<\/strong><br \/>(-11 for losing)\n|raw|Kiwigal's rating: 1696 &rarr; <strong>1707<\/strong><br \/>(+11 for winning)\n|l|\u2606pokequimico\n|l| Therazer456\n|j| INDO Bahimahi\n|l|\u2606Kiwigal\n","uploadtime":1700318919,"views":19,"p1id":"pokequimico","p2id":"kiwigal","formatid":"gen9vgc2023regulatione","rating":1521,"private":0,"password":""}