{"id":"gen9vgc2023regulatione-1992709239","p1":"newalttotestteams","p2":"ThePidgey","format":"[Gen 9] VGC 2023 Regulation E","log":"|j|\u2606newalttotestteams\n|j|\u2606ThePidgey\n|t:|1700227773\n|gametype|doubles\n|player|p1|newalttotestteams|n|1596\n|player|p2|ThePidgey|2|1536\n|teamsize|p1|6\n|teamsize|p2|6\n|gen|9\n|tier|[Gen 9] VGC 2023 Regulation E\n|rated|\n|rule|Species Clause: Limit one of each Pok\u00e9mon\n|rule|Item Clause: Limit one of each item\n|clearpoke\n|poke|p1|Rillaboom, L50, M|\n|poke|p1|Zapdos-Galar, L50|\n|poke|p1|Chien-Pao, L50|\n|poke|p1|Tornadus, L50, M|\n|poke|p1|Flutter Mane, L50|\n|poke|p1|Regieleki, L50|\n|poke|p2|Glimmora, L50, M|\n|poke|p2|Landorus-Therian, L50, M|\n|poke|p2|Iron Hands, L50|\n|poke|p2|Ogerpon-Wellspring, L50, F|\n|poke|p2|Farigiraf, L50, F|\n|poke|p2|Ursaluna-Bloodmoon, L50, M|\n|teampreview|4\nnewalttotestteams has agreed to open team sheets.\n|inactive|Battle timer is ON: inactive players will automatically lose when time's up. (requested by newalttotestteams)\n|\n|t:|1700227813\n|start\n|switch|p1a: Chien-Pao|Chien-Pao, L50|100\/100\n|switch|p1b: Flutter Mane|Flutter Mane, L50|100\/100\n|switch|p2a: Farigiraf|Farigiraf, L50, F|100\/100\n|switch|p2b: Iron Hands|Iron Hands, L50|100\/100\n|-ability|p1a: Chien-Pao|Sword of Ruin\n|turn|1\n|inactive|newalttotestteams has 30 seconds left.\n|inactive|newalttotestteams has 20 seconds left.\n|inactive|newalttotestteams has 15 seconds left.\n|\n|t:|1700227857\n|-terastallize|p1a: Chien-Pao|Ghost\n|-terastallize|p2b: Iron Hands|Fire\n|move|p2a: Farigiraf|Protect|p2a: Farigiraf\n|-singleturn|p2a: Farigiraf|Protect\n|move|p1a: Chien-Pao|Icicle Crash|p2a: Farigiraf\n|-activate|p2a: Farigiraf|move: Protect\n|move|p1b: Flutter Mane|Moonblast|p2a: Farigiraf\n|-activate|p2a: Farigiraf|move: Protect\n|move|p2b: Iron Hands|Heavy Slam|p1b: Flutter Mane\n|-supereffective|p1b: Flutter Mane\n|-damage|p1b: Flutter Mane|0 fnt\n|faint|p1b: Flutter Mane\n|-end|p1b: Flutter Mane|Protosynthesis|[silent]\n|\n|upkeep\n|\n|t:|1700227864\n|switch|p1b: Zapdos|Zapdos-Galar, L50|100\/100\n|turn|2\n|\n|t:|1700227880\n|move|p1b: Zapdos|Thunderous Kick|p2b: Iron Hands\n|-damage|p2b: Iron Hands|55\/100\n|-unboost|p2b: Iron Hands|def|1\n|move|p1a: Chien-Pao|Crunch|p2a: Farigiraf\n|-supereffective|p2a: Farigiraf\n|-damage|p2a: Farigiraf|0 fnt\n|faint|p2a: Farigiraf\n|move|p2b: Iron Hands|Wild Charge|p1b: Zapdos\n|-supereffective|p1b: Zapdos\n|-damage|p1b: Zapdos|0 fnt\n|faint|p1b: Zapdos\n|-damage|p2b: Iron Hands|38\/100|[from] Recoil\n|\n|upkeep\n|\n|t:|1700227892\n|switch|p1b: Rillaboom|Rillaboom, L50, M|100\/100\n|switch|p2a: Glimmora|Glimmora, L50, M|100\/100\n|-fieldstart|move: Grassy Terrain|[from] ability: Grassy Surge|[of] p1b: Rillaboom\n|turn|3\n|\n|t:|1700227907\n|move|p1b: Rillaboom|Fake Out|p2a: Glimmora\n|-resisted|p2a: Glimmora\n|-damage|p2a: Glimmora|91\/100\n|-activate|p2a: Glimmora|ability: Toxic Debris\n|-sidestart|p1: newalttotestteams|move: Toxic Spikes\n|move|p1a: Chien-Pao|Crunch|p2b: Iron Hands\n|-damage|p2b: Iron Hands|0 fnt\n|faint|p2b: Iron Hands\n|-end|p2b: Iron Hands|Quark Drive|[silent]\n|cant|p2a: Glimmora|flinch\n|\n|-heal|p2a: Glimmora|97\/100|[from] Grassy Terrain\n|upkeep\n|\n|t:|1700227910\n|switch|p2b: Ogerpon|Ogerpon-Wellspring, L50, F|100\/100\n|turn|4\n|\n|t:|1700227929\n|move|p1a: Chien-Pao|Icicle Crash|p2b: Ogerpon\n|-damage|p2b: Ogerpon|19\/100\n|move|p2b: Ogerpon|Ivy Cudgel|p1a: Chien-Pao|[anim] Ivy Cudgel Water\n|-damage|p1a: Chien-Pao|22\/100\n|move|p2a: Glimmora|Sludge Bomb|p1a: Chien-Pao\n|-resisted|p1a: Chien-Pao\n|-damage|p1a: Chien-Pao|0 fnt\n|faint|p1a: Chien-Pao\n|move|p1b: Rillaboom|Wood Hammer|p2b: Ogerpon\n|-damage|p2b: Ogerpon|0 fnt\n|faint|p2b: Ogerpon\n|-damage|p1b: Rillaboom|96\/100|[from] Recoil\n|\n|-heal|p2a: Glimmora|100\/100|[from] Grassy Terrain\n|-heal|p1b: Rillaboom|100\/100|[from] Grassy Terrain\n|upkeep\n|turn|5\n|\n|t:|1700227945\n|move|p2a: Glimmora|Sludge Bomb|p1b: Rillaboom\n|-supereffective|p1b: Rillaboom\n|-damage|p1b: Rillaboom|36\/100\n|move|p1b: Rillaboom|Wood Hammer|p2a: Glimmora\n|-damage|p2a: Glimmora|21\/100\n|-activate|p2a: Glimmora|ability: Toxic Debris\n|-sidestart|p1: newalttotestteams|move: Toxic Spikes\n|-damage|p1b: Rillaboom|10\/100|[from] Recoil\n|\n|-heal|p2a: Glimmora|27\/100|[from] Grassy Terrain\n|-heal|p1b: Rillaboom|16\/100|[from] Grassy Terrain\n|upkeep\n|turn|6\n|\n|t:|1700227952\n|move|p2a: Glimmora|Spiky Shield|p2a: Glimmora\n|-singleturn|p2a: Glimmora|move: Protect\n|move|p1b: Rillaboom|Grassy Glide|p2a: Glimmora\n|-activate|p2a: Glimmora|move: Protect\n|-damage|p1b: Rillaboom|4\/100|[from] Spiky Shield|[of] p2a: Glimmora\n|\n|-heal|p2a: Glimmora|33\/100|[from] Grassy Terrain\n|-heal|p1b: Rillaboom|9\/100|[from] Grassy Terrain\n|upkeep\n|turn|7\n|\n|t:|1700227970\n|move|p2a: Glimmora|Spiky Shield|p2a: Glimmora\n|-singleturn|p2a: Glimmora|move: Protect\n|move|p1b: Rillaboom|Grassy Glide|p2a: Glimmora\n|-activate|p2a: Glimmora|move: Protect\n|-damage|p1b: Rillaboom|0 fnt|[from] Spiky Shield|[of] p2a: Glimmora\n|faint|p1b: Rillaboom\n|\n|win|ThePidgey\n|raw|newalttotestteams's rating: 1596 &rarr; <strong>1573<\/strong><br \/>(-23 for losing)\n|raw|ThePidgey's rating: 1536 &rarr; <strong>1559<\/strong><br \/>(+23 for winning)\n|l|\u2606ThePidgey\n","uploadtime":1700228069,"views":21,"p1id":"newalttotestteams","p2id":"thepidgey","formatid":"gen9vgc2023regulatione","rating":1559,"private":0,"password":""}