{"id":"gen9vgc2023regulatione-1995802319","p1":"TyL8","p2":"kinderlew","format":"[Gen 9] VGC 2023 Regulation E","log":"|j|\u2606TyL8\n|j|\u2606kinderlew\n|t:|1700604586\n|gametype|doubles\n|player|p1|TyL8|dawn|1491\n|player|p2|kinderlew|169|1518\n|teamsize|p1|6\n|teamsize|p2|6\n|gen|9\n|tier|[Gen 9] VGC 2023 Regulation E\n|rated|\n|rule|Species Clause: Limit one of each Pok\u00e9mon\n|rule|Item Clause: Limit one of each item\n|clearpoke\n|poke|p1|Ninetales-Alola, L50, M|\n|poke|p1|Glastrier, L50|\n|poke|p1|Farigiraf, L50, M|\n|poke|p1|Rillaboom, L50, M|\n|poke|p1|Ting-Lu, L50|\n|poke|p1|Arcanine-Hisui, L50, M|\n|poke|p2|Flutter Mane, L50|\n|poke|p2|Heatran, L50, F|\n|poke|p2|Cresselia, L50, F|\n|poke|p2|Ogerpon-Wellspring, L50, F|\n|poke|p2|Iron Hands, L50|\n|poke|p2|Landorus-Therian, L50, M|\n|teampreview|4\n|inactive|Battle timer is ON: inactive players will automatically lose when time's up. (requested by TyL8)\n|inactive|TyL8 has 60 seconds left.\n|inactive|kinderlew has 60 seconds left.\n|\n|t:|1700604631\n|start\n|switch|p1a: Glastrier|Glastrier, L50|100\/100\n|switch|p1b: Ninetales|Ninetales-Alola, L50, M, shiny|100\/100\n|switch|p2a: Heatran|Heatran, L50, F|100\/100\n|switch|p2b: Flutter Mane|Flutter Mane, L50, shiny|100\/100\n|-weather|Snow|[from] ability: Snow Warning|[of] p1b: Ninetales\n|turn|1\n|\n|t:|1700604655\n|move|p2b: Flutter Mane|Moonblast|p1a: Glastrier\n|-damage|p1a: Glastrier|55\/100\n|-unboost|p1a: Glastrier|spa|1\n|move|p1b: Ninetales|Aurora Veil|p1b: Ninetales\n|-sidestart|p1: TyL8|move: Aurora Veil\n|move|p2a: Heatran|Heat Wave|p1b: Ninetales|[spread] p1a,p1b\n|-supereffective|p1a: Glastrier\n|-supereffective|p1b: Ninetales\n|-damage|p1a: Glastrier|19\/100\n|-damage|p1b: Ninetales|50\/100\n|move|p1a: Glastrier|Iron Defense|p1a: Glastrier\n|-boost|p1a: Glastrier|def|2\n|\n|-weather|Snow|[upkeep]\n|-heal|p1a: Glastrier|25\/100|[from] item: Leftovers\n|upkeep\n|turn|2\n|\n|t:|1700604674\n|switch|p1b: Ting-Lu|Ting-Lu, L50|100\/100\n|-ability|p1b: Ting-Lu|Vessel of Ruin\n|move|p1a: Glastrier|Protect|p1a: Glastrier\n|-singleturn|p1a: Glastrier|Protect\n|move|p2b: Flutter Mane|Moonblast|p1a: Glastrier\n|-activate|p1a: Glastrier|move: Protect\n|move|p2a: Heatran|Heat Wave|p1a: Glastrier|[spread] p1b\n|-activate|p1a: Glastrier|move: Protect\n|-damage|p1b: Ting-Lu|92\/100\n|\n|-weather|Snow|[upkeep]\n|-heal|p1a: Glastrier|32\/100|[from] item: Leftovers\n|upkeep\n|turn|3\n|\n|t:|1700604692\n|switch|p2a: Landorus|Landorus-Therian, L50, M|100\/100\n|-ability|p2a: Landorus|Intimidate|boost\n|-unboost|p1a: Glastrier|atk|1\n|-unboost|p1b: Ting-Lu|atk|1\n|move|p1a: Glastrier|Protect||[still]\n|-fail|p1a: Glastrier\n|move|p2b: Flutter Mane|Moonblast|p1b: Ting-Lu\n|-supereffective|p1b: Ting-Lu\n|-damage|p1b: Ting-Lu|60\/100\n|move|p1b: Ting-Lu|Heavy Slam|p2b: Flutter Mane\n|-supereffective|p2b: Flutter Mane\n|-damage|p2b: Flutter Mane|34\/100\n|\n|-weather|Snow|[upkeep]\n|-heal|p1a: Glastrier|38\/100|[from] item: Leftovers\n|upkeep\n|turn|4\n|\n|t:|1700604711\n|move|p1a: Glastrier|Protect|p1a: Glastrier\n|-singleturn|p1a: Glastrier|Protect\n|move|p2a: Landorus|U-turn|p1b: Ting-Lu\n|-supereffective|p1b: Ting-Lu\n|-damage|p1b: Ting-Lu|40\/100\n|\n|t:|1700604715\n|switch|p2a: Heatran|Heatran, L50, F|100\/100|[from] U-turn\n|move|p2b: Flutter Mane|Moonblast|p1a: Glastrier\n|-activate|p1a: Glastrier|move: Protect\n|move|p1b: Ting-Lu|Heavy Slam|p2b: Flutter Mane\n|-supereffective|p2b: Flutter Mane\n|-damage|p2b: Flutter Mane|0 fnt\n|faint|p2b: Flutter Mane\n|-end|p2b: Flutter Mane|Protosynthesis|[silent]\n|\n|-weather|Snow|[upkeep]\n|-heal|p1a: Glastrier|44\/100|[from] item: Leftovers\n|upkeep\n|\n|t:|1700604720\n|switch|p2b: Landorus|Landorus-Therian, L50, M|100\/100\n|-ability|p2b: Landorus|Intimidate|boost\n|-unboost|p1a: Glastrier|atk|1\n|-unboost|p1b: Ting-Lu|atk|1\n|turn|5\n|\n|t:|1700604732\n|switch|p1b: Arcanine|Arcanine-Hisui, L50, M|100\/100\n|-ability|p1b: Arcanine|Intimidate|boost\n|-unboost|p2a: Heatran|atk|1\n|-unboost|p2b: Landorus|atk|1\n|-terastallize|p1a: Glastrier|Dragon\n|move|p2b: Landorus|Rock Slide|p1b: Arcanine|[spread] p1b\n|-miss|p2b: Landorus|p1a: Glastrier\n|-supereffective|p1b: Arcanine\n|-damage|p1b: Arcanine|79\/100\n|move|p2a: Heatran|Heat Wave|p1b: Arcanine|[spread] p1a\n|-miss|p2a: Heatran|p1b: Arcanine\n|-resisted|p1a: Glastrier\n|-damage|p1a: Glastrier|35\/100\n|move|p1a: Glastrier|Body Press|p2a: Heatran\n|-supereffective|p2a: Heatran\n|-damage|p2a: Heatran|14\/100\n|\n|-weather|none\n|-heal|p1a: Glastrier|41\/100|[from] item: Leftovers\n|upkeep\n|turn|6\n|inactive|TyL8 has 30 seconds left.\n|\n|t:|1700604759\n|switch|p2b: Ogerpon|Ogerpon-Wellspring, L50, F|100\/100\n|switch|p1b: Ninetales|Ninetales-Alola, L50, M, shiny|50\/100\n|-weather|Snow|[from] ability: Snow Warning|[of] p1b: Ninetales\n|move|p2a: Heatran|Earth Power|p1b: Ninetales\n|-damage|p1b: Ninetales|30\/100\n|move|p1a: Glastrier|Body Press|p2a: Heatran\n|-supereffective|p2a: Heatran\n|-damage|p2a: Heatran|0 fnt\n|faint|p2a: Heatran\n|-ability|p1a: Glastrier|Chilling Neigh|boost\n|-boost|p1a: Glastrier|atk|1\n|\n|-weather|Snow|[upkeep]\n|-heal|p1a: Glastrier|47\/100|[from] item: Leftovers\n|upkeep\n|\n|t:|1700604768\n|switch|p2a: Landorus|Landorus-Therian, L50, M|100\/100\n|-ability|p2a: Landorus|Intimidate|boost\n|-unboost|p1a: Glastrier|atk|1\n|-unboost|p1b: Ninetales|atk|1\n|turn|7\n|\n|t:|1700604778\n|-terastallize|p2b: Ogerpon|Water\n|detailschange|p2b: Ogerpon|Ogerpon-Wellspring-Tera, L50, F, tera:Water\n|-ability|p2b: Ogerpon|Embody Aspect (Wellspring)|boost\n|-boost|p2b: Ogerpon|spd|1\n|move|p1a: Glastrier|Protect|p1a: Glastrier\n|-singleturn|p1a: Glastrier|Protect\n|move|p2a: Landorus|Rock Slide|p1a: Glastrier|[spread] p1b\n|-activate|p1a: Glastrier|move: Protect\n|-supereffective|p1b: Ninetales\n|-damage|p1b: Ninetales|9\/100\n|move|p2b: Ogerpon|Ivy Cudgel|p1a: Glastrier|[anim] Ivy Cudgel Water\n|-activate|p1a: Glastrier|move: Protect\n|move|p1b: Ninetales|Blizzard|p2b: Ogerpon|[spread] p2a,p2b\n|-supereffective|p2a: Landorus\n|-crit|p2a: Landorus\n|-resisted|p2b: Ogerpon\n|-damage|p2a: Landorus|0 fnt\n|-damage|p2b: Ogerpon|92\/100\n|faint|p2a: Landorus\n|\n|-weather|Snow|[upkeep]\n|-heal|p1a: Glastrier|54\/100|[from] item: Leftovers\n|upkeep\n|turn|8\n|\n|t:|1700604800\n|move|p2b: Ogerpon|Ivy Cudgel|p1a: Glastrier|[anim] Ivy Cudgel Water\n|-resisted|p1a: Glastrier\n|-damage|p1a: Glastrier|45\/100\n|move|p1b: Ninetales|Moonblast|p2b: Ogerpon\n|-damage|p2b: Ogerpon|71\/100\n|move|p1a: Glastrier|Iron Defense|p1a: Glastrier\n|-boost|p1a: Glastrier|def|2\n|\n|-weather|Snow|[upkeep]\n|-heal|p1a: Glastrier|52\/100|[from] item: Leftovers\n|-sideend|p1: TyL8|move: Aurora Veil\n|upkeep\n|turn|9\n|-message|kinderlew forfeited.\n|\n|win|TyL8\n|raw|TyL8's rating: 1491 &rarr; <strong>1513<\/strong><br \/>(+22 for winning)\n|raw|kinderlew's rating: 1518 &rarr; <strong>1496<\/strong><br \/>(-22 for losing)\n|l|\u2606kinderlew\n|c|\u2606TyL8|Gg\n","uploadtime":1700604820,"views":0,"p1id":"tyl8","p2id":"kinderlew","formatid":"gen9vgc2023regulatione","rating":1496,"private":0,"password":""}