{"id":"gen9vgc2023regulatione-1994289576","p1":"sonaw4","p2":"rainlover78","format":"[Gen 9] VGC 2023 Regulation E","log":"|j|\u2606sonaw4\n|j|\u2606rainlover78\n|n|\u2606sonaw4|sonaw4\n|n|\u2606rainlover78|rainlover78\n|html|View the match progress at <a href=\"\/game-bestof3-gen9vgc2023regulatione-1994280665\">game-bestof3-gen9vgc2023regulatione-1994280665<\/a>\n|t:|1700427502\n|gametype|doubles\n|player|p1|sonaw4|101|\n|player|p2|rainlover78|n|\n|teamsize|p1|6\n|teamsize|p2|6\n|gen|9\n|tier|[Gen 9] VGC 2023 Regulation E\n|rule|Species Clause: Limit one of each Pok\u00e9mon\n|rule|Item Clause: Limit one of each item\n|clearpoke\n|poke|p1|Urshifu-*, L50, F|\n|poke|p1|Thundurus, L50, M|\n|poke|p1|Amoonguss, L50, M|\n|poke|p1|Roaring Moon, L50|\n|poke|p1|Chien-Pao, L50|\n|poke|p1|Landorus-Therian, L50, M|\n|poke|p2|Flutter Mane, L50|\n|poke|p2|Roaring Moon, L50|\n|poke|p2|Weezing, L50, F|\n|poke|p2|Landorus-Therian, L50, M|\n|poke|p2|Iron Hands, L50|\n|poke|p2|Ogerpon-Wellspring, L50, F|\n|teampreview|4\n|j| adroma\n|l| adroma\nrainlover78 has agreed to open team sheets.\n|\n|t:|1700427560\n|start\n|switch|p1a: Amoonguss|Amoonguss, L50, M|100\/100\n|switch|p1b: Landorus|Landorus-Therian, L50, M|100\/100\n|switch|p2a: Iron Hands|Iron Hands, L50|100\/100\n|switch|p2b: Roaring Moon|Roaring Moon, L50|100\/100\n|-ability|p1b: Landorus|Intimidate|boost\n|-unboost|p2a: Iron Hands|atk|1\n|-unboost|p2b: Roaring Moon|atk|1\n|-enditem|p2b: Roaring Moon|Booster Energy\n|-activate|p2b: Roaring Moon|ability: Protosynthesis|[fromitem]\n|-start|p2b: Roaring Moon|protosynthesisspe\n|turn|1\n|\n|t:|1700427662\n|-terastallize|p2a: Iron Hands|Grass\n|move|p2a: Iron Hands|Fake Out|p1a: Amoonguss\n|-damage|p1a: Amoonguss|92\/100\n|move|p2b: Roaring Moon|Acrobatics|p1a: Amoonguss\n|-supereffective|p1a: Amoonguss\n|-damage|p1a: Amoonguss|50\/100\n|-enditem|p1a: Amoonguss|Sitrus Berry|[eat]\n|-heal|p1a: Amoonguss|75\/100|[from] item: Sitrus Berry\n|move|p1b: Landorus|Stomping Tantrum|p2a: Iron Hands\n|-resisted|p2a: Iron Hands\n|-damage|p2a: Iron Hands|83\/100\n|cant|p1a: Amoonguss|flinch\n|\n|upkeep\n|turn|2\n|j| Van. Volcanucks\n|\n|t:|1700427719\n|move|p2b: Roaring Moon|Acrobatics|p1a: Amoonguss\n|-supereffective|p1a: Amoonguss\n|-damage|p1a: Amoonguss|33\/100\n|move|p1b: Landorus|Brick Break|p2b: Roaring Moon\n|-supereffective|p2b: Roaring Moon\n|-damage|p2b: Roaring Moon|32\/100\n|move|p2a: Iron Hands|Wild Charge|p1a: Amoonguss\n|-resisted|p1a: Amoonguss\n|-damage|p1a: Amoonguss|20\/100\n|-damage|p2a: Iron Hands|80\/100|[from] Recoil\n|move|p1a: Amoonguss|Pollen Puff|p2a: Iron Hands\n|-supereffective|p2a: Iron Hands\n|-damage|p2a: Iron Hands|63\/100\n|\n|upkeep\n|turn|3\n|j| spencomatic\n|\n|t:|1700427793\n|switch|p1a: Roaring Moon|Roaring Moon, L50|100\/100\n|-enditem|p1a: Roaring Moon|Booster Energy\n|-activate|p1a: Roaring Moon|ability: Protosynthesis|[fromitem]\n|-start|p1a: Roaring Moon|protosynthesisatk\n|move|p2b: Roaring Moon|Acrobatics|p1a: Roaring Moon\n|-damage|p1a: Roaring Moon|65\/100\n|move|p1b: Landorus|Rock Slide|p2a: Iron Hands|[spread] p2a,p2b\n|-damage|p2a: Iron Hands|46\/100\n|-damage|p2b: Roaring Moon|10\/100\n|cant|p2a: Iron Hands|flinch\n|\n|upkeep\n|turn|4\n|\n|t:|1700427856\n|-end|p2a: Iron Hands|Quark Drive|[silent]\n|switch|p2a: Landorus|Landorus-Therian, L50, M|100\/100\n|-ability|p2a: Landorus|Intimidate|boost\n|-unboost|p1a: Roaring Moon|atk|1\n|-unboost|p1b: Landorus|atk|1\n|move|p2b: Roaring Moon|Protect|p2b: Roaring Moon\n|-singleturn|p2b: Roaring Moon|Protect\n|move|p1a: Roaring Moon|Protect|p1a: Roaring Moon\n|-singleturn|p1a: Roaring Moon|Protect\n|move|p1b: Landorus|Rock Slide|p2b: Roaring Moon|[spread] p2a\n|-activate|p2b: Roaring Moon|move: Protect\n|-damage|p2a: Landorus|83\/100\n|\n|upkeep\n|turn|5\n|\n|t:|1700427895\n|move|p2b: Roaring Moon|Acrobatics|p1a: Roaring Moon\n|-damage|p1a: Roaring Moon|28\/100\n|move|p2a: Landorus|U-turn|p1a: Roaring Moon\n|-supereffective|p1a: Roaring Moon\n|-damage|p1a: Roaring Moon|0 fnt\n|faint|p1a: Roaring Moon\n|-end|p1a: Roaring Moon|Protosynthesis|[silent]\n|\n|t:|1700427904\n|switch|p2a: Iron Hands|Iron Hands, L50, tera:Grass|46\/100|[from] U-turn\n|move|p1b: Landorus|Rock Slide|p2b: Roaring Moon|[spread] p2a,p2b\n|-damage|p2a: Iron Hands|35\/100\n|-damage|p2b: Roaring Moon|0 fnt\n|faint|p2b: Roaring Moon\n|-end|p2b: Roaring Moon|Protosynthesis|[silent]\n|\n|upkeep\n|\n|t:|1700427922\n|switch|p1a: Amoonguss|Amoonguss, L50, M|53\/100\n|switch|p2b: Flutter Mane|Flutter Mane, L50|100\/100\n|turn|6\n|\n|t:|1700428030\n|switch|p1a: Chien-Pao|Chien-Pao, L50|100\/100\n|-ability|p1a: Chien-Pao|Sword of Ruin\n|move|p2a: Iron Hands|Fake Out|p1a: Chien-Pao\n|-damage|p1a: Chien-Pao|79\/100\n|move|p2b: Flutter Mane|Shadow Ball|p1a: Chien-Pao\n|-resisted|p1a: Chien-Pao\n|-damage|p1a: Chien-Pao|36\/100\n|move|p1b: Landorus|Stomping Tantrum|p2b: Flutter Mane\n|-damage|p2b: Flutter Mane|27\/100\n|\n|upkeep\n|turn|7\n|\n|t:|1700428070\n|-end|p2a: Iron Hands|Quark Drive|[silent]\n|switch|p2a: Landorus|Landorus-Therian, L50, M|83\/100\n|-ability|p2a: Landorus|Intimidate|boost\n|-unboost|p1a: Chien-Pao|atk|1\n|-unboost|p1b: Landorus|atk|1\n|move|p1a: Chien-Pao|Icy Wind|p2a: Landorus|[spread] p2a,p2b\n|-supereffective|p2a: Landorus\n|-damage|p2a: Landorus|40\/100\n|-damage|p2b: Flutter Mane|14\/100\n|-unboost|p2a: Landorus|spe|1\n|-unboost|p2b: Flutter Mane|spe|1\n|move|p2b: Flutter Mane|Shadow Ball|p1a: Chien-Pao\n|-resisted|p1a: Chien-Pao\n|-damage|p1a: Chien-Pao|0 fnt\n|faint|p1a: Chien-Pao\n|move|p1b: Landorus|Rock Slide|p2b: Flutter Mane|[spread] p2a,p2b\n|-damage|p2a: Landorus|27\/100\n|-damage|p2b: Flutter Mane|0 fnt\n|faint|p2b: Flutter Mane\n|-end|p2b: Flutter Mane|Protosynthesis|[silent]\n|\n|upkeep\n|\n|t:|1700428086\n|switch|p1a: Amoonguss|Amoonguss, L50, M|86\/100\n|switch|p2b: Iron Hands|Iron Hands, L50, tera:Grass|35\/100\n|turn|8\n|\n|t:|1700428168\n|-terastallize|p1b: Landorus|Fire\n|move|p2b: Iron Hands|Fake Out|p1a: Amoonguss\n|-damage|p1a: Amoonguss|74\/100\n|move|p2a: Landorus|Rock Slide|p1a: Amoonguss|[spread] p1a,p1b\n|-supereffective|p1b: Landorus\n|-damage|p1a: Amoonguss|59\/100\n|-damage|p1b: Landorus|63\/100\n|move|p1b: Landorus|Tera Blast|p2b: Iron Hands|[anim] Tera Blast Fire\n|-supereffective|p2b: Iron Hands\n|-damage|p2b: Iron Hands|10\/100\n|cant|p1a: Amoonguss|flinch\n|\n|upkeep\n|turn|9\n|\n|t:|1700428223\n|move|p2a: Landorus|Rock Slide|p1a: Amoonguss|[spread] p1a,p1b\n|-supereffective|p1b: Landorus\n|-damage|p1a: Amoonguss|44\/100\n|-damage|p1b: Landorus|23\/100\n|cant|p1b: Landorus|flinch\n|move|p2b: Iron Hands|Drain Punch|p1b: Landorus\n|-damage|p1b: Landorus|0 fnt\n|-heal|p2b: Iron Hands|19\/100|[from] drain|[of] p1b: Landorus\n|faint|p1b: Landorus\n|cant|p1a: Amoonguss|flinch\n|\n|upkeep\n|turn|10\n|\n|t:|1700428248\n|move|p2a: Landorus|Rock Slide|p1a: Amoonguss\n|-damage|p1a: Amoonguss|23\/100\n|move|p2b: Iron Hands|Drain Punch|p1a: Amoonguss\n|-resisted|p1a: Amoonguss\n|-damage|p1a: Amoonguss|6\/100\n|-heal|p2b: Iron Hands|27\/100|[from] drain|[of] p1a: Amoonguss\n|move|p1a: Amoonguss|Spore|p2a: Landorus\n|-status|p2a: Landorus|slp|[from] move: Spore\n|\n|upkeep\n|turn|11\n|j| Osprey11\n|\n|t:|1700428263\n|cant|p2a: Landorus|slp\n|move|p2b: Iron Hands|Drain Punch|p1a: Amoonguss\n|-resisted|p1a: Amoonguss\n|-damage|p1a: Amoonguss|0 fnt\n|-heal|p2b: Iron Hands|29\/100|[from] drain|[of] p1a: Amoonguss\n|faint|p1a: Amoonguss\n|\n|win|rainlover78\n|l| spencomatic\n|l|\u2606sonaw4\n|j|\u2606sonaw4\n|player|p1|sonaw4|101\n","uploadtime":1700428336,"views":5,"p1id":"sonaw4","p2id":"rainlover78","formatid":"gen9vgc2023regulatione","rating":0,"private":0,"password":""}