{"id":"gen9vgc2023regulatione-1988061040","p1":"Currymanpuff","p2":"javalanche","format":"[Gen 9] VGC 2023 Regulation E","log":"|j|\u2606Currymanpuff\n|j|\u2606javalanche\n|t:|1699664766\n|gametype|doubles\n|player|p1|Currymanpuff|170|1045\n|player|p2|javalanche|swimmerf|1128\n|teamsize|p1|6\n|teamsize|p2|6\n|gen|9\n|tier|[Gen 9] VGC 2023 Regulation E\n|rated|\n|rule|Species Clause: Limit one of each Pok\u00e9mon\n|rule|Item Clause: Limit one of each item\n|clearpoke\n|poke|p1|Shiftry, L50, M|\n|poke|p1|Tornadus, L50, M|\n|poke|p1|Dudunsparce-*, L50, F|\n|poke|p1|Clefairy, L50, M|\n|poke|p1|Annihilape, L50, M|\n|poke|p1|Ogerpon-Hearthflame, L50, F|\n|poke|p2|Arcanine-Hisui, L50, M|\n|poke|p2|Garchomp, L50, M|\n|poke|p2|Baxcalibur, L50, M|\n|poke|p2|Flutter Mane, L50|\n|poke|p2|Oranguru, L50, F|\n|poke|p2|Ogerpon-Wellspring, L50, F|\n|teampreview|4\nCurrymanpuff has agreed to open team sheets.\n|inactive|Battle timer is ON: inactive players will automatically lose when time's up. (requested by Currymanpuff)\n|\n|t:|1699664797\n|start\n|switch|p1a: Dudunsparce|Dudunsparce, L50, F|100\/100\n|switch|p1b: Clefairy|Clefairy, L50, M|100\/100\n|switch|p2a: Arcanine|Arcanine-Hisui, L50, M|100\/100\n|switch|p2b: Oranguru|Oranguru, L50, F|100\/100\n|-ability|p2a: Arcanine|Intimidate|boost\n|-fail|p1a: Dudunsparce|unboost|[from] item: Clear Amulet|[of] p1a: Dudunsparce\n|-unboost|p1b: Clefairy|atk|1\n|turn|1\n|\n|t:|1699664814\n|move|p1b: Clefairy|Follow Me|p1b: Clefairy\n|-singleturn|p1b: Clefairy|move: Follow Me\n|move|p2a: Arcanine|Flare Blitz|p1b: Clefairy\n|-damage|p1b: Clefairy|22\/100\n|-damage|p2a: Arcanine|76\/100|[from] Recoil\n|move|p1a: Dudunsparce|Coil|p1a: Dudunsparce\n|-boost|p1a: Dudunsparce|atk|1\n|-boost|p1a: Dudunsparce|def|1\n|-boost|p1a: Dudunsparce|accuracy|1\n|move|p2b: Oranguru|Instruct|p1b: Clefairy\n|-singleturn|p1b: Clefairy|move: Instruct|[of] p2b: Oranguru\n|move|p1b: Clefairy|Follow Me||[still]\n|-fail|p1b: Clefairy\n|\n|upkeep\n|turn|2\n|\n|t:|1699664828\n|move|p1b: Clefairy|Follow Me|p1b: Clefairy\n|-singleturn|p1b: Clefairy|move: Follow Me\n|move|p2a: Arcanine|Flare Blitz|p1b: Clefairy\n|-damage|p1b: Clefairy|0 fnt\n|faint|p1b: Clefairy\n|-damage|p2a: Arcanine|70\/100|[from] Recoil\n|move|p1a: Dudunsparce|Agility|p1a: Dudunsparce\n|-boost|p1a: Dudunsparce|spe|2\n|move|p2b: Oranguru|Instruct|p2a: Arcanine\n|-singleturn|p2a: Arcanine|move: Instruct|[of] p2b: Oranguru\n|move|p2a: Arcanine|Flare Blitz|p1a: Dudunsparce\n|-damage|p1a: Dudunsparce|40\/100\n|-damage|p2a: Arcanine|49\/100|[from] Recoil\n|\n|upkeep\n|\n|t:|1699664842\n|switch|p1b: Shiftry|Shiftry, L50, M|100\/100\n|turn|3\n|inactive|javalanche has 30 seconds left.\n|inactive|javalanche has 20 seconds left.\n|inactive|javalanche has 15 seconds left.\n|inactive|javalanche has 10 seconds left.\n|inactive|javalanche has 5 seconds left.\n|\n|t:|1699664898\n|-terastallize|p1a: Dudunsparce|Fire\n|move|p1a: Dudunsparce|Rock Slide|p2a: Arcanine|[spread] p2a,p2b\n|-supereffective|p2a: Arcanine\n|-damage|p2a: Arcanine|2\/100\n|-damage|p2b: Oranguru|84\/100\n|move|p1b: Shiftry|Knock Off|p2a: Arcanine\n|-damage|p2a: Arcanine|0 fnt\n|-enditem|p2a: Arcanine|Choice Band|[from] move: Knock Off|[of] p1b: Shiftry\n|faint|p2a: Arcanine\n|cant|p2b: Oranguru|flinch\n|\n|upkeep\n|\n|t:|1699664917\n|switch|p2a: Garchomp|Garchomp, L50, M|100\/100\n|turn|4\n|\n|t:|1699664935\n|-terastallize|p2b: Oranguru|Dragon\n|move|p1a: Dudunsparce|Rock Slide|p2b: Oranguru|[spread] p2a,p2b\n|-resisted|p2a: Garchomp\n|-damage|p2a: Garchomp|90\/100\n|-damage|p2b: Oranguru|67\/100\n|cant|p2a: Garchomp|flinch\n|move|p1b: Shiftry|Bullet Seed|p2a: Garchomp\n|-damage|p2a: Garchomp|77\/100\n|-damage|p2a: Garchomp|64\/100\n|-damage|p2a: Garchomp|50\/100\n|-damage|p2a: Garchomp|39\/100\n|-damage|p2a: Garchomp|27\/100\n|-hitcount|p2a: Garchomp|5\n|move|p2b: Oranguru|Instruct||[still]\n|-fail|p2b: Oranguru\n|\n|upkeep\n|turn|5\n|inactive|Currymanpuff has 30 seconds left.\n|\n|t:|1699664967\n|move|p1a: Dudunsparce|Rock Slide|p2b: Oranguru|[spread] p2a,p2b\n|-resisted|p2a: Garchomp\n|-damage|p2a: Garchomp|17\/100\n|-damage|p2b: Oranguru|48\/100\n|cant|p2a: Garchomp|flinch\n|move|p1b: Shiftry|Bullet Seed|p2a: Garchomp\n|-damage|p2a: Garchomp|5\/100\n|-damage|p2a: Garchomp|0 fnt\n|faint|p2a: Garchomp\n|-hitcount|p2: Garchomp|2\n|cant|p2b: Oranguru|flinch\n|\n|upkeep\n|\n|t:|1699664969\n|switch|p2a: Flutter Mane|Flutter Mane, L50|100\/100\n|turn|6\n|c|\u2606Currymanpuff|I\n|\n|t:|1699664992\n|move|p1a: Dudunsparce|Rock Slide|p2b: Oranguru|[spread] p2a,p2b\n|-damage|p2a: Flutter Mane|59\/100\n|-damage|p2b: Oranguru|33\/100\n|cant|p2a: Flutter Mane|flinch\n|move|p1b: Shiftry|Bullet Seed|p2a: Flutter Mane\n|-damage|p2a: Flutter Mane|31\/100\n|-damage|p2a: Flutter Mane|1\/100\n|-damage|p2a: Flutter Mane|0 fnt\n|faint|p2a: Flutter Mane\n|-end|p2a: Flutter Mane|Protosynthesis|[silent]\n|-hitcount|p2: Flutter Mane|3\n|cant|p2b: Oranguru|flinch\n|\n|upkeep\n|turn|7\n|-message|javalanche forfeited.\n|\n|win|Currymanpuff\n|raw|Currymanpuff's rating: 1045 &rarr; <strong>1086<\/strong><br \/>(+41 for winning)\n|raw|javalanche's rating: 1128 &rarr; <strong>1097<\/strong><br \/>(-31 for losing)\n|l|\u2606javalanche\n","uploadtime":1699665012,"views":17,"p1id":"currymanpuff","p2id":"javalanche","formatid":"gen9vgc2023regulatione","rating":1086,"private":0,"password":""}