{"id":"gen9vgc2023regulatione-2000588745","p1":"qz231128","p2":"noahahumusik","format":"[Gen 9] VGC 2023 Regulation E","log":"|j|\u2606qz231128\n|j|\u2606noahahumusik\n|t:|1701208075\n|gametype|doubles\n|player|p1|qz231128|266|1220\n|player|p2|noahahumusik|lance|1262\n|teamsize|p1|6\n|teamsize|p2|6\n|gen|9\n|tier|[Gen 9] VGC 2023 Regulation E\n|rated|\n|rule|Species Clause: Limit one of each Pok\u00e9mon\n|rule|Item Clause: Limit one of each item\n|clearpoke\n|poke|p1|Tornadus, L50, M|\n|poke|p1|Volcarona, L50, F|\n|poke|p1|Basculegion, L50, M|\n|poke|p1|Ludicolo, L50, F|\n|poke|p1|Scizor, L50, F|\n|poke|p1|Flutter Mane, L50|\n|poke|p2|Ogerpon-Cornerstone, L50, F|\n|poke|p2|Torkoal, L50, F|\n|poke|p2|Moltres-Galar, L50|\n|poke|p2|Urshifu-*, L50, M|\n|poke|p2|Sinistcha-Masterpiece, L50|\n|poke|p2|Dachsbun, L50, F|\n|teampreview|4\n|\n|t:|1701208098\n|start\n|switch|p1a: Tornadus|Tornadus, L50, M|100\/100\n|switch|p1b: Basculegion|Basculegion, L50, M|100\/100\n|switch|p2a: Urshifu|Urshifu, L50, M|100\/100\n|switch|p2b: Sinistcha|Sinistcha-Masterpiece, L50|100\/100\n|turn|1\n|\n|t:|1701208107\n|-terastallize|p1b: Basculegion|Water\n|move|p1a: Tornadus|Rain Dance|p1a: Tornadus\n|-weather|RainDance\n|move|p1b: Basculegion|Wave Crash|p2a: Urshifu\n|-damage|p2a: Urshifu|0 fnt\n|faint|p2a: Urshifu\n|-damage|p1b: Basculegion|71\/100|[from] Recoil\n|move|p2b: Sinistcha|Trick Room|p2b: Sinistcha\n|-fieldstart|move: Trick Room|[of] p2b: Sinistcha\n|\n|-weather|RainDance|[upkeep]\n|upkeep\n|\n|t:|1701208114\n|switch|p2a: Torkoal|Torkoal, L50, F|100\/100\n|-weather|SunnyDay|[from] ability: Drought|[of] p2a: Torkoal\n|turn|2\n|\n|t:|1701208122\n|switch|p2b: Dachsbun|Dachsbun, L50, F|100\/100\n|-terastallize|p2a: Torkoal|Grass\n|move|p1a: Tornadus|Rain Dance|p1a: Tornadus\n|-weather|RainDance\n|move|p2a: Torkoal|Lava Plume|p1a: Tornadus|[spread] p1a,p1b\n|-ability|p2b: Dachsbun|Well-Baked Body|boost\n|-boost|p2b: Dachsbun|def|2\n|-resisted|p1b: Basculegion\n|-damage|p1a: Tornadus|73\/100\n|-damage|p1b: Basculegion|59\/100\n|move|p1b: Basculegion|Wave Crash|p2a: Torkoal\n|-resisted|p2a: Torkoal\n|-damage|p2a: Torkoal|29\/100\n|-damage|p1b: Basculegion|38\/100|[from] Recoil\n|\n|-weather|RainDance|[upkeep]\n|upkeep\n|turn|3\n|\n|t:|1701208144\n|move|p2a: Torkoal|Lava Plume|p1a: Tornadus|[spread] p1a,p1b\n|-ability|p2b: Dachsbun|Well-Baked Body|boost\n|-boost|p2b: Dachsbun|def|2\n|-resisted|p1b: Basculegion\n|-damage|p1a: Tornadus|44\/100\n|-damage|p1b: Basculegion|27\/100\n|move|p2b: Dachsbun|Body Press|p1b: Basculegion\n|-damage|p1b: Basculegion|0 fnt\n|faint|p1b: Basculegion\n|move|p1a: Tornadus|Bleakwind Storm|p2b: Dachsbun|[spread] p2a,p2b\n|-supereffective|p2a: Torkoal\n|-damage|p2a: Torkoal|0 fnt\n|-damage|p2b: Dachsbun|49\/100\n|-unboost|p2b: Dachsbun|spe|1\n|-enditem|p2b: Dachsbun|Sitrus Berry|[eat]\n|-heal|p2b: Dachsbun|74\/100|[from] item: Sitrus Berry\n|faint|p2a: Torkoal\n|\n|-weather|RainDance|[upkeep]\n|upkeep\n|\n|t:|1701208160\n|switch|p2a: Sinistcha|Sinistcha-Masterpiece, L50|100\/100\n|switch|p1b: Volcarona|Volcarona, L50, F|100\/100\n|-heal|p2b: Dachsbun|99\/100|[from] ability: Hospitality|[of] p2a: Sinistcha\n|turn|4\n|\n|t:|1701208180\n|move|p2b: Dachsbun|Body Press|p1b: Volcarona\n|-resisted|p1b: Volcarona\n|-damage|p1b: Volcarona|64\/100\n|-damage|p2b: Dachsbun|82\/100|[from] item: Rocky Helmet|[of] p1b: Volcarona\n|move|p2a: Sinistcha|Matcha Gotcha|p1a: Tornadus|[spread] p1a,p1b\n|-resisted|p1a: Tornadus\n|-resisted|p1b: Volcarona\n|-damage|p1a: Tornadus|23\/100\n|-damage|p1b: Volcarona|57\/100\n|move|p1b: Volcarona|Quiver Dance|p1b: Volcarona\n|-boost|p1b: Volcarona|spa|1\n|-boost|p1b: Volcarona|spd|1\n|-boost|p1b: Volcarona|spe|1\n|move|p1a: Tornadus|Bleakwind Storm|p2a: Sinistcha|[spread] p2a,p2b\n|-supereffective|p2a: Sinistcha\n|-damage|p2a: Sinistcha|4\/100\n|-damage|p2b: Dachsbun|35\/100\n|\n|-weather|RainDance|[upkeep]\n|upkeep\n|turn|5\n|\n|t:|1701208202\n|switch|p1a: Scizor|Scizor, L50, F|100\/100\n|move|p2b: Dachsbun|Body Press|p1b: Volcarona\n|-resisted|p1b: Volcarona\n|-damage|p1b: Volcarona|19\/100\n|-damage|p2b: Dachsbun|18\/100|[from] item: Rocky Helmet|[of] p1b: Volcarona\n|move|p2a: Sinistcha|Matcha Gotcha|p1b: Volcarona|[spread] p1a,p1b\n|-resisted|p1a: Scizor\n|-resisted|p1b: Volcarona\n|-damage|p1a: Scizor|90\/100\n|-heal|p2a: Sinistcha|9\/100|[from] drain|[of] p1a: Scizor\n|-damage|p1b: Volcarona|15\/100\n|-heal|p2a: Sinistcha|12\/100|[from] drain|[of] p1b: Volcarona\n|move|p1b: Volcarona|Quiver Dance|p1b: Volcarona\n|-boost|p1b: Volcarona|spa|1\n|-boost|p1b: Volcarona|spd|1\n|-boost|p1b: Volcarona|spe|1\n|\n|-weather|RainDance|[upkeep]\n|-heal|p1a: Scizor|97\/100|[from] item: Leftovers\n|-fieldend|move: Trick Room\n|upkeep\n|turn|6\n|inactive|Battle timer is ON: inactive players will automatically lose when time's up. (requested by qz231128)\n|\n|t:|1701208223\n|move|p1a: Scizor|Bullet Punch|p2b: Dachsbun\n|-supereffective|p2b: Dachsbun\n|-damage|p2b: Dachsbun|0 fnt\n|faint|p2b: Dachsbun\n|move|p1b: Volcarona|Hurricane|p2a: Sinistcha\n|-supereffective|p2a: Sinistcha\n|-damage|p2a: Sinistcha|0 fnt\n|faint|p2a: Sinistcha\n|\n|win|qz231128\n|raw|qz231128's rating: 1220 &rarr; <strong>1248<\/strong><br \/>(+28 for winning)\n|raw|noahahumusik's rating: 1262 &rarr; <strong>1234<\/strong><br \/>(-28 for losing)\n|l|\u2606noahahumusik\n","uploadtime":1701208230,"views":0,"p1id":"qz231128","p2id":"noahahumusik","formatid":"gen9vgc2023regulatione","rating":1234,"private":0,"password":""}