{"id":"gen9vgc2023regulatione-1993437402","p1":"MigraineMan","p2":"hexanort","format":"[Gen 9] VGC 2023 Regulation E","log":"|j|\u2606MigraineMan\n|j|\u2606hexanort\n|t:|1700317820\n|gametype|doubles\n|player|p1|MigraineMan|emmet|1457\n|player|p2|hexanort|101|1359\n|teamsize|p1|6\n|teamsize|p2|6\n|gen|9\n|tier|[Gen 9] VGC 2023 Regulation E\n|rated|\n|rule|Species Clause: Limit one of each Pok\u00e9mon\n|rule|Item Clause: Limit one of each item\n|clearpoke\n|poke|p1|Annihilape, L50, M|\n|poke|p1|Grimmsnarl, L50, M|\n|poke|p1|Sinistcha-Masterpiece, L50|\n|poke|p1|Landorus-Therian, L50, M|\n|poke|p1|Iron Hands, L50|\n|poke|p1|Maushold-Four, L50|\n|poke|p2|Greninja-*, L50, M|\n|poke|p2|Decidueye, L50, F|\n|poke|p2|Regidrago, L50|\n|poke|p2|Urshifu-*, L50, F|\n|poke|p2|Chi-Yu, L50|\n|poke|p2|Landorus-Therian, L50, M|\n|teampreview|4\n|\n|t:|1700317845\n|start\n|switch|p1a: Iron Hands|Iron Hands, L50|100\/100\n|switch|p1b: Grimmsnarl|Grimmsnarl, L50, M|100\/100\n|switch|p2a: Greninja|Greninja, L50, M|100\/100\n|switch|p2b: Decidueye|Decidueye, L50, F|100\/100\n|turn|1\n|inactive|Battle timer is ON: inactive players will automatically lose when time's up. (requested by hexanort)\n|\n|t:|1700317854\n|move|p1b: Grimmsnarl|Reflect|p1b: Grimmsnarl\n|-sidestart|p1: MigraineMan|Reflect\n|move|p2a: Greninja|Water Pledge|p1b: Grimmsnarl\n|-waiting|p2a: Greninja|p2b: Decidueye\n|move|p2b: Decidueye|Grass Pledge|p1b: Grimmsnarl|[from]move: Water Pledge\n|-combine\n|-damage|p1b: Grimmsnarl|33\/100\n|-sidestart|p1: MigraineMan|Grass Pledge\n|move|p1a: Iron Hands|Wild Charge|p2a: Greninja\n|-supereffective|p2a: Greninja\n|-damage|p2a: Greninja|0 fnt\n|faint|p2a: Greninja\n|-damage|p1a: Iron Hands|85\/100|[from] Recoil\n|\n|upkeep\n|\n|t:|1700317870\n|switch|p2a: Regidrago|Regidrago, L50|100\/100\n|turn|2\n|\n|t:|1700317881\n|-terastallize|p2a: Regidrago|Dragon\n|move|p2b: Decidueye|Helping Hand|p2a: Regidrago\n|-singleturn|p2a: Regidrago|Helping Hand|[of] p2b: Decidueye\n|move|p1b: Grimmsnarl|Light Screen|p1b: Grimmsnarl\n|-sidestart|p1: MigraineMan|move: Light Screen\n|move|p2a: Regidrago|Dragon Energy|p1b: Grimmsnarl|[spread] p1a\n|-immune|p1b: Grimmsnarl\n|-damage|p1a: Iron Hands|15\/100\n|move|p1a: Iron Hands|Drain Punch|p2a: Regidrago\n|-damage|p2a: Regidrago|51\/100\n|-heal|p1a: Iron Hands|44\/100|[from] drain|[of] p2a: Regidrago\n|\n|upkeep\n|turn|3\n|\n|t:|1700317903\n|move|p2b: Decidueye|Helping Hand|p2a: Regidrago\n|-singleturn|p2a: Regidrago|Helping Hand|[of] p2b: Decidueye\n|move|p1b: Grimmsnarl|Parting Shot|p2a: Regidrago\n|-unboost|p2a: Regidrago|atk|1\n|-unboost|p2a: Regidrago|spa|1\n|\n|t:|1700317907\n|switch|p1b: Sinistcha|Sinistcha-Masterpiece, L50|100\/100|[from] Parting Shot\n|-heal|p1a: Iron Hands|69\/100|[from] ability: Hospitality|[of] p1b: Sinistcha\n|move|p2a: Regidrago|Earth Power|p1a: Iron Hands\n|-supereffective|p1a: Iron Hands\n|-damage|p1a: Iron Hands|48\/100\n|move|p1a: Iron Hands|Drain Punch|p2a: Regidrago\n|-damage|p2a: Regidrago|1\/100\n|-heal|p1a: Iron Hands|77\/100|[from] drain|[of] p2a: Regidrago\n|\n|upkeep\n|turn|4\n|inactive|MigraineMan has 30 seconds left.\n|inactive|hexanort has 30 seconds left.\n|\n|t:|1700317939\n|switch|p1b: Grimmsnarl|Grimmsnarl, L50, M|33\/100\n|move|p2b: Decidueye|Helping Hand|p2a: Regidrago\n|-singleturn|p2a: Regidrago|Helping Hand|[of] p2b: Decidueye\n|move|p2a: Regidrago|Draco Meteor|p1a: Iron Hands\n|-damage|p1a: Iron Hands|28\/100\n|-unboost|p2a: Regidrago|spa|2\n|move|p1a: Iron Hands|Heavy Slam|p2b: Decidueye\n|-damage|p2b: Decidueye|36\/100\n|\n|-sideend|p1: MigraineMan|Grass Pledge\n|upkeep\n|turn|5\n|\n|t:|1700317956\n|move|p1b: Grimmsnarl|Parting Shot|p2a: Regidrago\n|-unboost|p2a: Regidrago|atk|1\n|-unboost|p2a: Regidrago|spa|1\n|\n|t:|1700317957\n|switch|p1b: Sinistcha|Sinistcha-Masterpiece, L50|100\/100|[from] Parting Shot\n|-heal|p1a: Iron Hands|53\/100|[from] ability: Hospitality|[of] p1b: Sinistcha\n|move|p2a: Regidrago|Draco Meteor|p1a: Iron Hands\n|-damage|p1a: Iron Hands|34\/100\n|-unboost|p2a: Regidrago|spa|2\n|move|p2b: Decidueye|Leaf Storm|p1b: Sinistcha\n|-resisted|p1b: Sinistcha\n|-damage|p1b: Sinistcha|80\/100\n|-unboost|p2b: Decidueye|spa|2\n|-enditem|p1b: Sinistcha|Eject Button\n|\n|t:|1700317961\n|switch|p1b: Grimmsnarl|Grimmsnarl, L50, M|33\/100\n|move|p1a: Iron Hands|Drain Punch|p2a: Regidrago\n|-damage|p2a: Regidrago|0 fnt\n|-heal|p1a: Iron Hands|35\/100|[from] drain|[of] p2a: Regidrago\n|faint|p2a: Regidrago\n|\n|upkeep\n|\n|t:|1700317974\n|switch|p2a: Chi-Yu|Chi-Yu, L50|100\/100\n|-ability|p2a: Chi-Yu|Beads of Ruin\n|turn|6\n|\n|t:|1700317996\n|-terastallize|p1a: Iron Hands|Water\n|move|p2b: Decidueye|Helping Hand|p2a: Chi-Yu\n|-singleturn|p2a: Chi-Yu|Helping Hand|[of] p2b: Decidueye\n|move|p1b: Grimmsnarl|Parting Shot|p2b: Decidueye\n|-unboost|p2b: Decidueye|atk|1\n|-unboost|p2b: Decidueye|spa|1\n|\n|t:|1700318000\n|switch|p1b: Sinistcha|Sinistcha-Masterpiece, L50|80\/100|[from] Parting Shot\n|-heal|p1a: Iron Hands|60\/100|[from] ability: Hospitality|[of] p1b: Sinistcha\n|move|p2a: Chi-Yu|Heat Wave|p1a: Iron Hands|[spread] p1a,p1b\n|-resisted|p1a: Iron Hands\n|-supereffective|p1b: Sinistcha\n|-damage|p1a: Iron Hands|38\/100\n|-damage|p1b: Sinistcha|0 fnt\n|faint|p1b: Sinistcha\n|move|p1a: Iron Hands|Drain Punch|p2a: Chi-Yu\n|-supereffective|p2a: Chi-Yu\n|-damage|p2a: Chi-Yu|0 fnt\n|-heal|p1a: Iron Hands|66\/100|[from] drain|[of] p2a: Chi-Yu\n|faint|p2a: Chi-Yu\n|\n|upkeep\n|\n|t:|1700318003\n|switch|p1b: Grimmsnarl|Grimmsnarl, L50, M|33\/100\n|turn|7\n|-message|hexanort forfeited.\n|\n|win|MigraineMan\n|raw|MigraineMan's rating: 1457 &rarr; <strong>1472<\/strong><br \/>(+15 for winning)\n|raw|hexanort's rating: 1359 &rarr; <strong>1344<\/strong><br \/>(-15 for losing)\n|l|\u2606hexanort\n","uploadtime":1700318019,"views":9,"p1id":"migraineman","p2id":"hexanort","formatid":"gen9vgc2023regulatione","rating":1344,"private":0,"password":""}