{"id":"gen9vgc2023regulatione-1999698377","p1":"s150004","p2":"Kranor","format":"[Gen 9] VGC 2023 Regulation E","log":"|j|\u2606s150004\n|j|\u2606Kranor\n|t:|1701108823\n|gametype|doubles\n|player|p1|s150004|102|1528\n|player|p2|Kranor|ethan|1591\n|teamsize|p1|6\n|teamsize|p2|6\n|gen|9\n|tier|[Gen 9] VGC 2023 Regulation E\n|rated|\n|rule|Species Clause: Limit one of each Pok\u00e9mon\n|rule|Item Clause: Limit one of each item\n|clearpoke\n|poke|p1|Weezing, L50, F|\n|poke|p1|Flutter Mane, L50|\n|poke|p1|Roaring Moon, L50|\n|poke|p1|Empoleon, L50, F|\n|poke|p1|Landorus-Therian, L50, M|\n|poke|p1|Iron Hands, L50|\n|poke|p2|Iron Hands, L50|\n|poke|p2|Dusclops, L50, M|\n|poke|p2|Ogerpon-Wellspring, L50, F|\n|poke|p2|Ursaluna-Bloodmoon, L50, M|\n|poke|p2|Landorus-Therian, L50, M|\n|poke|p2|Chi-Yu, L50|\n|teampreview|4\nKranor has agreed to open team sheets.\ns150004 has agreed to open team sheets.\n|j| Asacado\n|\n|t:|1701108909\n|start\n|switch|p1a: Roaring Moon|Roaring Moon, L50|100\/100\n|switch|p1b: Flutter Mane|Flutter Mane, L50|100\/100\n|switch|p2a: Wellspring|Ogerpon-Wellspring, L50, F|100\/100\n|switch|p2b: Giovannone|Dusclops, L50, M, shiny|100\/100\n|-ability|p2b: Giovannone|Pressure\n|-enditem|p1a: Roaring Moon|Booster Energy\n|-activate|p1a: Roaring Moon|ability: Protosynthesis|[fromitem]\n|-start|p1a: Roaring Moon|protosynthesisatk\n|turn|1\n|\n|t:|1701108934\n|move|p2a: Wellspring|Follow Me|p2a: Wellspring\n|-singleturn|p2a: Wellspring|move: Follow Me\n|move|p1b: Flutter Mane|Shadow Ball|p2a: Wellspring\n|-damage|p2a: Wellspring|37\/100\n|move|p1a: Roaring Moon|Acrobatics|p2a: Wellspring\n|-supereffective|p2a: Wellspring\n|-damage|p2a: Wellspring|0 fnt\n|faint|p2a: Wellspring\n|move|p2b: Giovannone|Trick Room|p2b: Giovannone\n|-fieldstart|move: Trick Room|[of] p2b: Giovannone\n|\n|upkeep\n|\n|t:|1701108944\n|switch|p2a: Iron Enzo|Iron Hands, L50|100\/100\n|turn|2\n|\n|t:|1701108959\n|switch|p2b: Bloodmoon|Ursaluna-Bloodmoon, L50, M|100\/100\n|-end|p1b: Flutter Mane|Protosynthesis|[silent]\n|switch|p1b: Iron Hands|Iron Hands, L50|100\/100\n|move|p1a: Roaring Moon|Protect|p1a: Roaring Moon\n|-singleturn|p1a: Roaring Moon|Protect\n|move|p2a: Iron Enzo|Heavy Slam|p1b: Iron Hands\n|-resisted|p1b: Iron Hands\n|-damage|p1b: Iron Hands|95\/100\n|\n|upkeep\n|turn|3\n|\n|t:|1701109013\n|-terastallize|p1a: Roaring Moon|Flying\n|move|p2b: Bloodmoon|Protect|p2b: Bloodmoon\n|-singleturn|p2b: Bloodmoon|Protect\n|move|p1b: Iron Hands|Fake Out|p2b: Bloodmoon\n|-activate|p2b: Bloodmoon|move: Protect\n|move|p2a: Iron Enzo|Drain Punch|p1a: Roaring Moon\n|-resisted|p1a: Roaring Moon\n|-damage|p1a: Roaring Moon|76\/100\n|move|p1a: Roaring Moon|Acrobatics|p2a: Iron Enzo\n|-damage|p2a: Iron Enzo|47\/100\n|\n|upkeep\n|turn|4\n|\n|t:|1701109040\n|-terastallize|p2b: Bloodmoon|Normal\n|move|p1a: Roaring Moon|Protect|p1a: Roaring Moon\n|-singleturn|p1a: Roaring Moon|Protect\n|move|p2b: Bloodmoon|Blood Moon|p1b: Iron Hands\n|-damage|p1b: Iron Hands|35\/100\n|-damage|p2b: Bloodmoon|91\/100|[from] item: Life Orb\n|move|p2a: Iron Enzo|Drain Punch|p1b: Iron Hands\n|-damage|p1b: Iron Hands|5\/100\n|-heal|p2a: Iron Enzo|62\/100|[from] drain|[of] p1b: Iron Hands\n|move|p1b: Iron Hands|Drain Punch|p2b: Bloodmoon\n|-supereffective|p2b: Bloodmoon\n|-damage|p2b: Bloodmoon|31\/100\n|-heal|p1b: Iron Hands|34\/100|[from] drain|[of] p2b: Bloodmoon\n|\n|upkeep\n|turn|5\n|\n|t:|1701109069\n|-end|p1b: Iron Hands|Quark Drive|[silent]\n|switch|p1b: Flutter Mane|Flutter Mane, L50|100\/100\n|-end|p1a: Roaring Moon|Protosynthesis|[silent]\n|switch|p1a: Weezing|Weezing, L50, F|100\/100\n|-ability|p1a: Weezing|Neutralizing Gas\n|move|p2b: Bloodmoon|Hyper Voice|p1b: Flutter Mane|[spread] p1a\n|-immune|p1b: Flutter Mane\n|-crit|p1a: Weezing\n|-damage|p1a: Weezing|0 fnt\n|faint|p1a: Weezing\n|-end|p1a: Weezing|ability: Neutralizing Gas\n|-damage|p2b: Bloodmoon|21\/100|[from] item: Life Orb\n|move|p2a: Iron Enzo|Wild Charge|p1b: Flutter Mane\n|-damage|p1b: Flutter Mane|0 fnt\n|faint|p1b: Flutter Mane\n|-end|p1b: Flutter Mane|Protosynthesis|[silent]\n|-damage|p2a: Iron Enzo|47\/100|[from] Recoil\n|\n|-fieldend|move: Trick Room\n|upkeep\n|\n|t:|1701109083\n|switch|p1b: Iron Hands|Iron Hands, L50|34\/100\n|switch|p1a: Roaring Moon|Roaring Moon, L50, tera:Flying|76\/100\n|turn|6\n|\n|t:|1701109106\n|-end|p2a: Iron Enzo|Quark Drive|[silent]\n|switch|p2a: Giovannone|Dusclops, L50, M, shiny|100\/100\n|-ability|p2a: Giovannone|Pressure\n|move|p2b: Bloodmoon|Protect|p2b: Bloodmoon\n|-singleturn|p2b: Bloodmoon|Protect\n|move|p1b: Iron Hands|Fake Out|p2a: Giovannone\n|-immune|p2a: Giovannone\n|move|p1a: Roaring Moon|Knock Off|p2b: Bloodmoon\n|-activate|p2b: Bloodmoon|move: Protect\n|\n|upkeep\n|turn|7\n|\n|t:|1701109125\n|switch|p2b: Iron Enzo|Iron Hands, L50|47\/100\n|move|p1a: Roaring Moon|Acrobatics|p2b: Iron Enzo\n|-damage|p2b: Iron Enzo|1\/100\n|move|p1b: Iron Hands|Wild Charge|p2a: Giovannone\n|-damage|p2a: Giovannone|71\/100\n|-damage|p1b: Iron Hands|29\/100|[from] Recoil\n|move|p2a: Giovannone|Trick Room|p2a: Giovannone\n|-fieldstart|move: Trick Room|[of] p2a: Giovannone\n|\n|upkeep\n|turn|8\n|\n|t:|1701109157\n|move|p2a: Giovannone|Night Shade|p1b: Iron Hands\n|-damage|p1b: Iron Hands|7\/100\n|move|p2b: Iron Enzo|Wild Charge|p1a: Roaring Moon\n|-supereffective|p1a: Roaring Moon\n|-damage|p1a: Roaring Moon|0 fnt\n|faint|p1a: Roaring Moon\n|-end|p1a: Roaring Moon|Protosynthesis|[silent]\n|-damage|p2b: Iron Enzo|0 fnt|[from] Recoil\n|faint|p2b: Iron Enzo\n|-end|p2b: Iron Enzo|Quark Drive|[silent]\n|move|p1b: Iron Hands|Drain Punch|p2a: Giovannone\n|-immune|p2a: Giovannone\n|\n|upkeep\n|-message|s150004 forfeited.\n|\n|win|Kranor\n|raw|s150004's rating: 1528 &rarr; <strong>1512<\/strong><br \/>(-16 for losing)\n|raw|Kranor's rating: 1591 &rarr; <strong>1607<\/strong><br \/>(+16 for winning)\n|l|\u2606s150004\n","uploadtime":1701109907,"views":1,"p1id":"s150004","p2id":"kranor","formatid":"gen9vgc2023regulatione","rating":1512,"private":0,"password":""}