{"id":"gen9vgc2023regulatione-1998512479","p1":"Heyo16","p2":"Faithbound","format":"[Gen 9] VGC 2023 Regulation E","log":"|j|\u2606Heyo16\n|j|\u2606Faithbound\n|t:|1700950763\n|gametype|doubles\n|player|p1|Heyo16|266|1057\n|player|p2|Faithbound|266|1094\n|teamsize|p1|6\n|teamsize|p2|6\n|gen|9\n|tier|[Gen 9] VGC 2023 Regulation E\n|rated|\n|rule|Species Clause: Limit one of each Pok\u00e9mon\n|rule|Item Clause: Limit one of each item\n|clearpoke\n|poke|p1|Grafaiai, L50, F|\n|poke|p1|Slaking, L50, M|\n|poke|p1|Tornadus, L50, M|\n|poke|p1|Cresselia, L50, F|\n|poke|p1|Iron Hands, L50|\n|poke|p1|Flutter Mane, L50|\n|poke|p2|Iron Valiant, L50|\n|poke|p2|Iron Hands, L50|\n|poke|p2|Tornadus, L50, M|\n|poke|p2|Zapdos, L50|\n|poke|p2|Palafin, L50, F|\n|poke|p2|Iron Bundle, L50|\n|teampreview|4\n|\n|t:|1700950795\n|start\n|switch|p1a: Grafaiai|Grafaiai, L50, F|100\/100\n|switch|p1b: Slaking|Slaking, L50, M|100\/100\n|switch|p2a: Tornadus|Tornadus, L50, M|100\/100\n|switch|p2b: Zapdos|Zapdos, L50|100\/100\n|turn|1\n|\n|t:|1700950814\n|move|p1b: Slaking|Protect|p1b: Slaking\n|-singleturn|p1b: Slaking|Protect\n|move|p2a: Tornadus|Rain Dance|p2a: Tornadus\n|-weather|RainDance\n|move|p1a: Grafaiai|Doodle|p2b: Zapdos\n|-endability|p1a: Grafaiai|Prankster|[from] move: Doodle\n|-ability|p1a: Grafaiai|Static|[from] move: Doodle\n|-endability|p1b: Slaking|Truant|[from] move: Doodle\n|-ability|p1b: Slaking|Static|[from] move: Doodle\n|move|p2b: Zapdos|Hurricane|p1b: Slaking\n|-activate|p1b: Slaking|move: Protect\n|\n|-weather|RainDance|[upkeep]\n|upkeep\n|turn|2\n|\n|t:|1700950835\n|-terastallize|p1b: Slaking|Normal\n|move|p1a: Grafaiai|Helping Hand|p1b: Slaking\n|-singleturn|p1b: Slaking|Helping Hand|[of] p1a: Grafaiai\n|move|p2b: Zapdos|Weather Ball|p1b: Slaking\n|-damage|p1b: Slaking|38\/100\n|-enditem|p1b: Slaking|Sitrus Berry|[eat]\n|-heal|p1b: Slaking|63\/100|[from] item: Sitrus Berry\n|-damage|p2b: Zapdos|91\/100|[from] item: Life Orb\n|move|p2a: Tornadus|Bleakwind Storm|p1b: Slaking|[spread] p1a,p1b\n|-damage|p1a: Grafaiai|68\/100\n|-damage|p1b: Slaking|27\/100\n|-unboost|p1b: Slaking|spe|1\n|move|p1b: Slaking|Body Slam|p2a: Tornadus\n|-damage|p2a: Tornadus|0 fnt\n|faint|p2a: Tornadus\n|\n|-weather|RainDance|[upkeep]\n|upkeep\n|\n|t:|1700950853\n|switch|p2a: Iron Bundle|Iron Bundle, L50|100\/100\n|-enditem|p2a: Iron Bundle|Booster Energy\n|-activate|p2a: Iron Bundle|ability: Quark Drive|[fromitem]\n|-start|p2a: Iron Bundle|quarkdrivespe\n|turn|3\n|\n|t:|1700950865\n|move|p1b: Slaking|Protect|p1b: Slaking\n|-singleturn|p1b: Slaking|Protect\n|move|p2a: Iron Bundle|Hydro Pump|p1b: Slaking\n|-activate|p1b: Slaking|move: Protect\n|move|p2b: Zapdos|Hurricane|p1a: Grafaiai\n|-damage|p1a: Grafaiai|0 fnt\n|faint|p1a: Grafaiai\n|-damage|p2b: Zapdos|81\/100|[from] item: Life Orb\n|\n|-weather|RainDance|[upkeep]\n|upkeep\n|\n|t:|1700950874\n|switch|p1a: Iron Hands|Iron Hands, L50|100\/100\n|turn|4\n|\n|t:|1700950891\n|move|p1a: Iron Hands|Fake Out|p2a: Iron Bundle\n|-damage|p2a: Iron Bundle|82\/100\n|cant|p2a: Iron Bundle|flinch\n|move|p2b: Zapdos|Weather Ball|p1b: Slaking\n|-damage|p1b: Slaking|0 fnt\n|faint|p1b: Slaking\n|-damage|p2b: Zapdos|71\/100|[from] item: Life Orb\n|\n|-weather|RainDance|[upkeep]\n|upkeep\n|\n|t:|1700950898\n|switch|p1b: Flutter Mane|Flutter Mane, L50|100\/100\n|-enditem|p1b: Flutter Mane|Booster Energy\n|-activate|p1b: Flutter Mane|ability: Protosynthesis|[fromitem]\n|-start|p1b: Flutter Mane|protosynthesisspe\n|turn|5\n|\n|t:|1700950907\n|-terastallize|p2b: Zapdos|Ghost\n|move|p1b: Flutter Mane|Protect|p1b: Flutter Mane\n|-singleturn|p1b: Flutter Mane|Protect\n|move|p2a: Iron Bundle|Hydro Pump|p1b: Flutter Mane\n|-activate|p1b: Flutter Mane|move: Protect\n|move|p2b: Zapdos|Tera Blast|p1b: Flutter Mane|[anim] Tera Blast Ghost\n|-activate|p1b: Flutter Mane|move: Protect\n|move|p1a: Iron Hands|Drain Punch|p2a: Iron Bundle\n|-supereffective|p2a: Iron Bundle\n|-damage|p2a: Iron Bundle|0 fnt\n|faint|p2a: Iron Bundle\n|-end|p2a: Iron Bundle|Quark Drive|[silent]\n|\n|-weather|none\n|upkeep\n|\n|t:|1700950911\n|switch|p2a: Iron Hands|Iron Hands, L50|100\/100\n|turn|6\n|\n|t:|1700950934\n|move|p2a: Iron Hands|Fake Out|p1a: Iron Hands\n|-damage|p1a: Iron Hands|91\/100\n|move|p1b: Flutter Mane|Shadow Ball|p2b: Zapdos\n|-supereffective|p2b: Zapdos\n|-damage|p2b: Zapdos|0 fnt\n|faint|p2b: Zapdos\n|cant|p1a: Iron Hands|flinch\n|\n|upkeep\n|turn|7\n|\n|t:|1700950946\n|move|p1b: Flutter Mane|Moonblast|p2a: Iron Hands\n|-supereffective|p2a: Iron Hands\n|-damage|p2a: Iron Hands|10\/100\n|move|p1a: Iron Hands|Drain Punch|p2a: Iron Hands\n|-damage|p2a: Iron Hands|0 fnt\n|-heal|p1a: Iron Hands|95\/100|[from] drain|[of] p2a: Iron Hands\n|faint|p2a: Iron Hands\n|-end|p2a: Iron Hands|Quark Drive|[silent]\n|\n|win|Heyo16\n|raw|Heyo16's rating: 1057 &rarr; <strong>1092<\/strong><br \/>(+35 for winning)\n|raw|Faithbound's rating: 1094 &rarr; <strong>1067<\/strong><br \/>(-27 for losing)\n|l|\u2606Faithbound\n","uploadtime":1700950953,"views":1,"p1id":"heyo16","p2id":"faithbound","formatid":"gen9vgc2023regulatione","rating":1067,"private":0,"password":""}