{"id":"gen9vgc2023regulatione-1990418183","p1":"MyMarco7","p2":"mx555","format":"[Gen 9] VGC 2023 Regulation E","log":"|j|\u2606MyMarco7\n|j|\u2606mx555\n|t:|1699968944\n|gametype|doubles\n|player|p1|MyMarco7|veteran|1447\n|player|p2|mx555|hilda|1393\n|teamsize|p1|6\n|teamsize|p2|6\n|gen|9\n|tier|[Gen 9] VGC 2023 Regulation E\n|rated|\n|rule|Species Clause: Limit one of each Pok\u00e9mon\n|rule|Item Clause: Limit one of each item\n|clearpoke\n|poke|p1|Meowscarada, L50, F|\n|poke|p1|Tornadus, L50, M|\n|poke|p1|Chien-Pao, L50|\n|poke|p1|Heatran, L50, M|\n|poke|p1|Urshifu-*, L50, M|\n|poke|p1|Landorus-Therian, L50, M|\n|poke|p2|Pelipper, L50, M|\n|poke|p2|Urshifu-*, L50, F|\n|poke|p2|Enamorus-Therian, L50, F|\n|poke|p2|Basculegion, L50, M|\n|poke|p2|Indeedee-F, L50, F|\n|poke|p2|Tornadus, L50, M|\n|teampreview|4\n|inactive|Battle timer is ON: inactive players will automatically lose when time's up. (requested by MyMarco7)\n|\n|t:|1699968978\n|start\n|switch|p1a: Meowscarada|Meowscarada, L50, F|100\/100\n|switch|p1b: Tornadus|Tornadus, L50, M|100\/100\n|switch|p2a: Urshifu|Urshifu-Rapid-Strike, L50, F|100\/100\n|switch|p2b: Indeedee|Indeedee-F, L50, F|100\/100\n|-fieldstart|move: Psychic Terrain|[from] ability: Psychic Surge|[of] p2b: Indeedee\n|-enditem|p2b: Indeedee|Psychic Seed\n|-boost|p2b: Indeedee|spd|1|[from] item: Psychic Seed\n|turn|1\n|inactive|mx555 has 30 seconds left.\n|\n|t:|1699969003\n|switch|p2a: Pelipper|Pelipper, L50, M|100\/100\n|-weather|RainDance|[from] ability: Drizzle|[of] p2a: Pelipper\n|move|p1b: Tornadus|Tailwind|p1b: Tornadus\n|-sidestart|p1: MyMarco7|move: Tailwind\n|move|p1a: Meowscarada|Flower Trick|p2a: Pelipper\n|-start|p1a: Meowscarada|typechange|Grass|[from] ability: Protean\n|-crit|p2a: Pelipper\n|-damage|p2a: Pelipper|38\/100\n|move|p2b: Indeedee|Trick Room|p2b: Indeedee\n|-fieldstart|move: Trick Room|[of] p2b: Indeedee\n|\n|-weather|RainDance|[upkeep]\n|upkeep\n|turn|2\n|\n|t:|1699969027\n|move|p1a: Meowscarada|Protect|p1a: Meowscarada\n|-singleturn|p1a: Meowscarada|Protect\n|move|p2a: Pelipper|Hurricane|p1a: Meowscarada\n|-activate|p1a: Meowscarada|move: Protect\n|move|p2b: Indeedee|Dazzling Gleam|p1a: Meowscarada|[spread] p1b\n|-activate|p1a: Meowscarada|move: Protect\n|-damage|p1b: Tornadus|88\/100\n|move|p1b: Tornadus|Bleakwind Storm|p2b: Indeedee|[spread] p2a,p2b\n|-damage|p2a: Pelipper|0 fnt\n|-damage|p2b: Indeedee|78\/100\n|faint|p2a: Pelipper\n|\n|-weather|RainDance|[upkeep]\n|upkeep\n|\n|t:|1699969032\n|switch|p2a: Enamorus|Enamorus-Therian, L50, F|100\/100\n|turn|3\n|\n|t:|1699969047\n|switch|p1a: Heatran|Heatran, L50, M, shiny|100\/100\n|-terastallize|p2a: Enamorus|Fairy\n|move|p2a: Enamorus|Springtide Storm|p1a: Heatran|[spread] p1a,p1b\n|-resisted|p1a: Heatran\n|-damage|p1a: Heatran|83\/100\n|-damage|p1b: Tornadus|13\/100\n|-unboost|p1a: Heatran|atk|1\n|move|p2b: Indeedee|Dazzling Gleam|p1b: Tornadus|[spread] p1a,p1b\n|-resisted|p1a: Heatran\n|-damage|p1a: Heatran|80\/100\n|-damage|p1b: Tornadus|0 fnt\n|faint|p1b: Tornadus\n|\n|-weather|RainDance|[upkeep]\n|-heal|p1a: Heatran|86\/100|[from] item: Leftovers\n|upkeep\n|\n|t:|1699969064\n|switch|p1b: Meowscarada|Meowscarada, L50, F|100\/100\n|turn|4\n|\n|t:|1699969076\n|move|p1b: Meowscarada|Protect|p1b: Meowscarada\n|-start|p1b: Meowscarada|typechange|Normal|[from] ability: Protean\n|-singleturn|p1b: Meowscarada|Protect\n|move|p2b: Indeedee|Follow Me|p2b: Indeedee\n|-singleturn|p2b: Indeedee|move: Follow Me\n|move|p2a: Enamorus|Springtide Storm|p1a: Heatran|[spread] p1a\n|-activate|p1b: Meowscarada|move: Protect\n|-resisted|p1a: Heatran\n|-damage|p1a: Heatran|68\/100\n|move|p1a: Heatran|Flash Cannon|p2b: Indeedee\n|-damage|p2b: Indeedee|50\/100\n|-unboost|p2b: Indeedee|spd|1\n|\n|-weather|RainDance|[upkeep]\n|-heal|p1a: Heatran|74\/100|[from] item: Leftovers\n|-sideend|p1: MyMarco7|move: Tailwind\n|upkeep\n|turn|5\n|\n|t:|1699969100\n|move|p2b: Indeedee|Follow Me|p2b: Indeedee\n|-singleturn|p2b: Indeedee|move: Follow Me\n|move|p2a: Enamorus|Springtide Storm|p1a: Heatran|[spread] p1a,p1b\n|-resisted|p1a: Heatran\n|-damage|p1a: Heatran|56\/100\n|-enditem|p1b: Meowscarada|Focus Sash\n|-damage|p1b: Meowscarada|1\/100\n|-unboost|p1b: Meowscarada|atk|1\n|move|p1a: Heatran|Flash Cannon|p2b: Indeedee\n|-damage|p2b: Indeedee|4\/100\n|move|p1b: Meowscarada|Taunt|p2b: Indeedee\n|-start|p2b: Indeedee|move: Taunt\n|\n|-weather|none\n|-heal|p1a: Heatran|62\/100|[from] item: Leftovers\n|-fieldend|move: Trick Room\n|-fieldend|move: Psychic Terrain\n|upkeep\n|turn|6\n|\n|t:|1699969120\n|move|p1b: Meowscarada|Knock Off|p2b: Indeedee\n|-supereffective|p2b: Indeedee\n|-damage|p2b: Indeedee|0 fnt\n|faint|p2b: Indeedee\n|move|p1a: Heatran|Flash Cannon|p2a: Enamorus\n|-supereffective|p2a: Enamorus\n|-damage|p2a: Enamorus|4\/100\n|move|p2a: Enamorus|Springtide Storm|p1a: Heatran|[spread] \n|-miss|p2a: Enamorus|p1a: Heatran\n|-miss|p2a: Enamorus|p1b: Meowscarada\n|\n|-heal|p1a: Heatran|68\/100|[from] item: Leftovers\n|upkeep\n|\n|t:|1699969124\n|switch|p2b: Urshifu|Urshifu-Rapid-Strike, L50, F|100\/100\n|turn|7\n|\n|t:|1699969144\n|-terastallize|p1a: Heatran|Fairy\n|move|p2b: Urshifu|Surging Strikes|p1b: Meowscarada\n|-crit|p1b: Meowscarada\n|-damage|p1b: Meowscarada|0 fnt\n|faint|p1b: Meowscarada\n|-hitcount|p1: Meowscarada|1\n|move|p1a: Heatran|Heat Wave|p2a: Enamorus|[spread] p2b\n|-miss|p1a: Heatran|p2a: Enamorus\n|-resisted|p2b: Urshifu\n|-damage|p2b: Urshifu|69\/100\n|move|p2a: Enamorus|Springtide Storm|p1a: Heatran\n|-damage|p1a: Heatran|0 fnt\n|faint|p1a: Heatran\n|\n|upkeep\n|\n|t:|1699969159\n|switch|p1b: Chien-Pao|Chien-Pao, L50|100\/100\n|-ability|p1b: Chien-Pao|Sword of Ruin\n|turn|8\n|\n|t:|1699969168\n|move|p1b: Chien-Pao|Sucker Punch|p2a: Enamorus\n|-resisted|p2a: Enamorus\n|-damage|p2a: Enamorus|0 fnt\n|faint|p2a: Enamorus\n|-damage|p1b: Chien-Pao|91\/100|[from] item: Life Orb\n|move|p2b: Urshifu|Surging Strikes|p1b: Chien-Pao\n|-crit|p1b: Chien-Pao\n|-damage|p1b: Chien-Pao|61\/100\n|-crit|p1b: Chien-Pao\n|-damage|p1b: Chien-Pao|34\/100\n|-crit|p1b: Chien-Pao\n|-damage|p1b: Chien-Pao|5\/100\n|-hitcount|p1b: Chien-Pao|3\n|\n|upkeep\n|turn|9\n|\n|t:|1699969182\n|move|p1b: Chien-Pao|Sucker Punch|p2b: Urshifu\n|-resisted|p2b: Urshifu\n|-damage|p2b: Urshifu|33\/100\n|-damage|p1b: Chien-Pao|0 fnt|[from] item: Life Orb\n|faint|p1b: Chien-Pao\n|\n|win|mx555\n|raw|MyMarco7's rating: 1447 &rarr; <strong>1424<\/strong><br \/>(-23 for losing)\n|raw|mx555's rating: 1393 &rarr; <strong>1416<\/strong><br \/>(+23 for winning)\n|l|\u2606MyMarco7\n","uploadtime":1699969199,"views":7,"p1id":"mymarco7","p2id":"mx555","formatid":"gen9vgc2023regulatione","rating":1416,"private":0,"password":""}