{"id":"gen9vgc2023regulatione-1989435224","p1":"YisusSob","p2":"Dragannia","format":"[Gen 9] VGC 2023 Regulation E","log":"|j|\u2606YisusSob\n|j|\u2606Dragannia\n|t:|1699850038\n|gametype|doubles\n|player|p1|YisusSob|backpacker|1118\n|player|p2|Dragannia|ghetsis|1023\n|teamsize|p1|6\n|teamsize|p2|6\n|gen|9\n|tier|[Gen 9] VGC 2023 Regulation E\n|rated|\n|rule|Species Clause: Limit one of each Pok\u00e9mon\n|rule|Item Clause: Limit one of each item\n|clearpoke\n|poke|p1|Gliscor, L50, M|\n|poke|p1|Ogerpon-Wellspring, L50, F|\n|poke|p1|Flutter Mane, L50|\n|poke|p1|Arcanine-Hisui, L50, M|\n|poke|p1|Iron Hands, L50|\n|poke|p1|Sableye, L50, M|\n|poke|p2|Slaking, L50, M|\n|poke|p2|Sableye, L50, F|\n|poke|p2|Ninetales-Alola, L50, F|\n|poke|p2|Baxcalibur, L50, F|\n|poke|p2|Shiftry, L50, M|\n|poke|p2|Annihilape, L50, F|\n|teampreview|4\n|inactive|Battle timer is ON: inactive players will automatically lose when time's up. (requested by Dragannia)\n|\n|t:|1699850100\n|start\n|switch|p1a: Gliscor|Gliscor, L50, M|100\/100\n|switch|p1b: Iron Hands|Iron Hands, L50|100\/100\n|switch|p2a: Ninetales|Ninetales-Alola, L50, F|100\/100\n|switch|p2b: Baxcalibur|Baxcalibur, L50, F|100\/100\n|-weather|Snow|[from] ability: Snow Warning|[of] p2a: Ninetales\n|turn|1\n|\n|t:|1699850116\n|-terastallize|p1a: Gliscor|Water\n|move|p1b: Iron Hands|Fake Out|p2a: Ninetales\n|-damage|p2a: Ninetales|86\/100\n|cant|p2a: Ninetales|flinch\n|move|p2b: Baxcalibur|Icicle Spear|p1a: Gliscor\n|-resisted|p1a: Gliscor\n|-damage|p1a: Gliscor|94\/100\n|-resisted|p1a: Gliscor\n|-damage|p1a: Gliscor|87\/100\n|-resisted|p1a: Gliscor\n|-damage|p1a: Gliscor|81\/100\n|-resisted|p1a: Gliscor\n|-damage|p1a: Gliscor|74\/100\n|-resisted|p1a: Gliscor\n|-damage|p1a: Gliscor|68\/100\n|-hitcount|p1a: Gliscor|5\n|move|p1a: Gliscor|Swords Dance|p1a: Gliscor\n|-boost|p1a: Gliscor|atk|2\n|\n|-weather|Snow|[upkeep]\n|-heal|p1a: Gliscor|74\/100|[from] item: Leftovers\n|upkeep\n|turn|2\n|inactive|YisusSob has 30 seconds left.\n|\n|t:|1699850141\n|-end|p1b: Iron Hands|Quark Drive|[silent]\n|switch|p1b: Arcanine|Arcanine-Hisui, L50, M|100\/100\n|-ability|p1b: Arcanine|Intimidate|boost\n|-unboost|p2a: Ninetales|atk|1\n|-unboost|p2b: Baxcalibur|atk|1\n|move|p1a: Gliscor|Protect|p1a: Gliscor\n|-singleturn|p1a: Gliscor|Protect\n|move|p2a: Ninetales|Aurora Veil|p2a: Ninetales\n|-sidestart|p2: Dragannia|move: Aurora Veil\n|move|p2b: Baxcalibur|Scale Shot|p1a: Gliscor\n|-activate|p1a: Gliscor|move: Protect\n|\n|-weather|Snow|[upkeep]\n|-heal|p1a: Gliscor|80\/100|[from] item: Leftovers\n|upkeep\n|turn|3\n|\n|t:|1699850162\n|move|p2a: Ninetales|Blizzard|p1b: Arcanine|[spread] p1a,p1b\n|-resisted|p1a: Gliscor\n|-resisted|p1b: Arcanine\n|-damage|p1a: Gliscor|66\/100\n|-damage|p1b: Arcanine|87\/100\n|move|p2b: Baxcalibur|Scale Shot|p1a: Gliscor\n|-damage|p1a: Gliscor|57\/100\n|-damage|p1a: Gliscor|49\/100\n|-damage|p1a: Gliscor|40\/100\n|-damage|p1a: Gliscor|29\/100\n|-damage|p1a: Gliscor|20\/100\n|-hitcount|p1a: Gliscor|5\n|-unboost|p2b: Baxcalibur|def|1\n|-boost|p2b: Baxcalibur|spe|1\n|move|p1b: Arcanine|Flare Blitz|p2b: Baxcalibur\n|-damage|p2b: Baxcalibur|35\/100\n|-damage|p1b: Arcanine|64\/100|[from] Recoil\n|move|p1a: Gliscor|High Horsepower|p2b: Baxcalibur\n|-damage|p2b: Baxcalibur|0 fnt\n|faint|p2b: Baxcalibur\n|\n|-weather|Snow|[upkeep]\n|-heal|p1a: Gliscor|27\/100|[from] item: Leftovers\n|upkeep\n|\n|t:|1699850173\n|switch|p2b: Shiftry|Shiftry, L50, M|100\/100\n|turn|4\n|\n|t:|1699850196\n|move|p2a: Ninetales|Icy Wind|p1a: Gliscor|[spread] p1a,p1b\n|-resisted|p1a: Gliscor\n|-resisted|p1b: Arcanine\n|-damage|p1a: Gliscor|20\/100\n|-damage|p1b: Arcanine|57\/100\n|-unboost|p1a: Gliscor|spe|1\n|-unboost|p1b: Arcanine|spe|1\n|move|p2b: Shiftry|Tailwind|p2b: Shiftry\n|-sidestart|p2: Dragannia|move: Tailwind\n|-ability|p2b: Shiftry|Wind Rider|boost\n|-boost|p2b: Shiftry|atk|1\n|move|p1b: Arcanine|Flare Blitz|p2b: Shiftry\n|-supereffective|p2b: Shiftry\n|-enditem|p2b: Shiftry|Focus Sash\n|-damage|p2b: Shiftry|1\/100\n|-damage|p1b: Arcanine|26\/100|[from] Recoil\n|move|p1a: Gliscor|Dual Wingbeat|p2b: Shiftry\n|-supereffective|p2b: Shiftry\n|-damage|p2b: Shiftry|0 fnt\n|faint|p2b: Shiftry\n|-hitcount|p2: Shiftry|1\n|\n|-weather|Snow|[upkeep]\n|-heal|p1a: Gliscor|27\/100|[from] item: Leftovers\n|upkeep\n|\n|t:|1699850213\n|switch|p2b: Annihilape|Annihilape, L50, F|100\/100\n|turn|5\n|inactive|YisusSob has 30 seconds left.\n|\n|t:|1699850240\n|-terastallize|p2b: Annihilape|Ghost\n|move|p1a: Gliscor|Protect|p1a: Gliscor\n|-singleturn|p1a: Gliscor|Protect\n|move|p2a: Ninetales|Blizzard|p1b: Arcanine|[spread] p1b\n|-activate|p1a: Gliscor|move: Protect\n|-resisted|p1b: Arcanine\n|-damage|p1b: Arcanine|12\/100\n|move|p2b: Annihilape|Bulk Up|p2b: Annihilape\n|-boost|p2b: Annihilape|atk|1\n|-boost|p2b: Annihilape|def|1\n|move|p1b: Arcanine|Flare Blitz|p2a: Ninetales\n|-supereffective|p2a: Ninetales\n|-damage|p2a: Ninetales|0 fnt\n|faint|p2a: Ninetales\n|-damage|p1b: Arcanine|0 fnt|[from] Recoil\n|faint|p1b: Arcanine\n|\n|-weather|none\n|-heal|p1a: Gliscor|33\/100|[from] item: Leftovers\n|upkeep\n|\n|t:|1699850265\n|switch|p1b: Flutter Mane|Flutter Mane, L50|100\/100\n|-enditem|p1b: Flutter Mane|Booster Energy\n|-activate|p1b: Flutter Mane|ability: Protosynthesis|[fromitem]\n|-start|p1b: Flutter Mane|protosynthesisspe\n|turn|6\n|\n|t:|1699850287\n|move|p1b: Flutter Mane|Shadow Ball|p2b: Annihilape\n|-supereffective|p2b: Annihilape\n|-damage|p2b: Annihilape|49\/100\n|move|p2b: Annihilape|Rage Fist|p1b: Flutter Mane\n|-supereffective|p1b: Flutter Mane\n|-damage|p1b: Flutter Mane|0 fnt\n|faint|p1b: Flutter Mane\n|-end|p1b: Flutter Mane|Protosynthesis|[silent]\n|-damage|p2b: Annihilape|40\/100|[from] item: Life Orb\n|move|p1a: Gliscor|High Horsepower|p2b: Annihilape\n|-damage|p2b: Annihilape|3\/100\n|\n|-heal|p1a: Gliscor|39\/100|[from] item: Leftovers\n|upkeep\n|\n|t:|1699850301\n|switch|p1b: Iron Hands|Iron Hands, L50|100\/100\n|turn|7\n|\n|t:|1699850312\n|move|p2b: Annihilape|Drain Punch|p1b: Iron Hands\n|-crit|p1b: Iron Hands\n|-damage|p1b: Iron Hands|25\/100\n|-heal|p2b: Annihilape|49\/100|[from] drain|[of] p1b: Iron Hands\n|-damage|p2b: Annihilape|40\/100|[from] item: Life Orb\n|move|p1a: Gliscor|Dual Wingbeat|p2b: Annihilape\n|-damage|p2b: Annihilape|23\/100\n|-damage|p2b: Annihilape|4\/100\n|-hitcount|p2b: Annihilape|2\n|move|p1b: Iron Hands|Wild Charge|p2b: Annihilape\n|-damage|p2b: Annihilape|0 fnt\n|faint|p2b: Annihilape\n|-damage|p1b: Iron Hands|24\/100|[from] Recoil\n|\n|win|YisusSob\n|raw|YisusSob's rating: 1118 &rarr; <strong>1136<\/strong><br \/>(+18 for winning)\n|raw|Dragannia's rating: 1023 &rarr; <strong>1013<\/strong><br \/>(-10 for losing)\n|l|\u2606Dragannia\n","uploadtime":1699850328,"views":16,"p1id":"yisussob","p2id":"dragannia","formatid":"gen9vgc2023regulatione","rating":1013,"private":0,"password":""}