{"id":"gen9vgc2023regulatione-1988840274","p1":"Ryan&Ditto","p2":"dipping dipplins","format":"[Gen 9] VGC 2023 Regulation E","log":"|j|\u2606Ryan&Ditto\n|j|\u2606dipping dipplins\n|t:|1699771456\n|gametype|doubles\n|player|p1|Ryan&Ditto|unknown|1263\n|player|p2|dipping dipplins|169|1208\n|teamsize|p1|6\n|teamsize|p2|4\n|gen|9\n|tier|[Gen 9] VGC 2023 Regulation E\n|rated|\n|rule|Species Clause: Limit one of each Pok\u00e9mon\n|rule|Item Clause: Limit one of each item\n|clearpoke\n|poke|p1|Moltres-Galar, L50|\n|poke|p1|Sinistcha, L50|\n|poke|p1|Grimmsnarl, L50, M|\n|poke|p1|Milotic, L50, M|\n|poke|p1|Iron Hands, L50|\n|poke|p1|Arcanine-Hisui, L50, F|\n|poke|p2|Oranguru, L50, F|\n|poke|p2|Ursaluna-Bloodmoon, L50, M|\n|poke|p2|Armarouge, L50, M|\n|poke|p2|Indeedee-F, L50, F|\n|teampreview|4\n|inactive|Battle timer is ON: inactive players will automatically lose when time's up. (requested by dipping dipplins)\n|\n|t:|1699771480\n|start\n|switch|p1a: Valkyrie|Moltres-Galar, L50|100\/100\n|switch|p1b: Apex|Arcanine-Hisui, L50, F|100\/100\n|switch|p2a: Indeedee|Indeedee-F, L50, F|100\/100\n|switch|p2b: Oranguru|Oranguru, L50, F|100\/100\n|-ability|p1b: Apex|Intimidate|boost\n|-unboost|p2a: Indeedee|atk|1\n|-unboost|p2b: Oranguru|atk|1\n|-fieldstart|move: Psychic Terrain|[from] ability: Psychic Surge|[of] p2a: Indeedee\n|turn|1\n|\n|t:|1699771495\n|move|p2a: Indeedee|Follow Me|p2a: Indeedee\n|-singleturn|p2a: Indeedee|move: Follow Me\n|move|p1b: Apex|Rock Slide|p2a: Indeedee|[spread] p2a\n|-miss|p1b: Apex|p2b: Oranguru\n|-damage|p2a: Indeedee|58\/100\n|-enditem|p2a: Indeedee|Eject Button\n|\n|t:|1699771502\n|switch|p2a: Ursaluna|Ursaluna-Bloodmoon, L50, M|100\/100\n|move|p1a: Valkyrie|Fiery Wrath|p2a: Ursaluna|[spread] p2a,p2b\n|-supereffective|p2b: Oranguru\n|-damage|p2a: Ursaluna|67\/100\n|-damage|p2b: Oranguru|66\/100\n|move|p2b: Oranguru|Trick Room|p2b: Oranguru\n|-fieldstart|move: Trick Room|[of] p2b: Oranguru\n|\n|upkeep\n|turn|2\n|\n|t:|1699771527\n|-terastallize|p2a: Ursaluna|Normal\n|move|p1b: Apex|Protect|p1b: Apex\n|-singleturn|p1b: Apex|Protect\n|move|p2a: Ursaluna|Earth Power|p1b: Apex\n|-activate|p1b: Apex|move: Protect\n|move|p2b: Oranguru|Brick Break|p2a: Ursaluna\n|-supereffective|p2a: Ursaluna\n|-damage|p2a: Ursaluna|52\/100\n|-enditem|p2a: Ursaluna|Weakness Policy\n|-boost|p2a: Ursaluna|atk|2|[from] item: Weakness Policy\n|-boost|p2a: Ursaluna|spa|2|[from] item: Weakness Policy\n|-activate|p2b: Oranguru|ability: Symbiosis|Life Orb|[of] p2a: Ursaluna\n|move|p1a: Valkyrie|Fiery Wrath|p2a: Ursaluna|[spread] p2a,p2b\n|-supereffective|p2b: Oranguru\n|-damage|p2a: Ursaluna|13\/100\n|-damage|p2b: Oranguru|29\/100\n|\n|upkeep\n|turn|3\n|inactive|Ryan&Ditto has 30 seconds left.\n|\n|t:|1699771556\n|switch|p1b: Sinisn'tea|Sinistcha, L50|100\/100\n|move|p1a: Valkyrie|Protect|p1a: Valkyrie\n|-singleturn|p1a: Valkyrie|Protect\n|move|p2a: Ursaluna|Hyper Voice|p1a: Valkyrie|[spread] p1b\n|-activate|p1a: Valkyrie|move: Protect\n|-damage|p1b: Sinisn'tea|0 fnt\n|faint|p1b: Sinisn'tea\n|-damage|p2a: Ursaluna|3\/100|[from] item: Life Orb\n|move|p2b: Oranguru|Instruct|p2a: Ursaluna\n|-singleturn|p2a: Ursaluna|move: Instruct|[of] p2b: Oranguru\n|move|p2a: Ursaluna|Hyper Voice|p1a: Valkyrie\n|-activate|p1a: Valkyrie|move: Protect\n|\n|upkeep\n|\n|t:|1699771569\n|switch|p1b: Oh no cringe|Grimmsnarl, L50, M|100\/100\n|turn|4\n|\n|t:|1699771586\n|switch|p2b: Indeedee|Indeedee-F, L50, F|58\/100\n|move|p1b: Oh no cringe|Light Screen|p1b: Oh no cringe\n|-sidestart|p1: Ryan&Ditto|move: Light Screen\n|move|p2a: Ursaluna|Hyper Voice|p1a: Valkyrie|[spread] p1a,p1b\n|-damage|p1a: Valkyrie|31\/100\n|-damage|p1b: Oh no cringe|8\/100\n|-ability|p1a: Valkyrie|Berserk|boost\n|-boost|p1a: Valkyrie|spa|1\n|-damage|p2a: Ursaluna|0 fnt|[from] item: Life Orb\n|faint|p2a: Ursaluna\n|-enditem|p1a: Valkyrie|Sitrus Berry|[eat]\n|-heal|p1a: Valkyrie|56\/100|[from] item: Sitrus Berry\n|move|p1a: Valkyrie|Fiery Wrath|p2b: Indeedee\n|-supereffective|p2b: Indeedee\n|-damage|p2b: Indeedee|0 fnt\n|faint|p2b: Indeedee\n|\n|upkeep\n|\n|t:|1699771602\n|switch|p2a: Armarouge|Armarouge, L50, M|100\/100\n|switch|p2b: Oranguru|Oranguru, L50, F|29\/100\n|turn|5\n|\n|t:|1699771621\n|move|p2b: Oranguru|Instruct||[still]\n|-fail|p2b: Oranguru\n|move|p1b: Oh no cringe|Low Kick|p2b: Oranguru\n|-damage|p2b: Oranguru|5\/100\n|move|p2a: Armarouge|Armor Cannon|p1a: Valkyrie\n|-damage|p1a: Valkyrie|24\/100\n|-unboost|p2a: Armarouge|def|1\n|-unboost|p2a: Armarouge|spd|1\n|-ability|p1a: Valkyrie|Berserk|boost\n|-boost|p1a: Valkyrie|spa|1\n|move|p1a: Valkyrie|Fiery Wrath|p2a: Armarouge|[spread] p2a,p2b\n|-supereffective|p2a: Armarouge\n|-supereffective|p2b: Oranguru\n|-damage|p2a: Armarouge|0 fnt\n|-damage|p2b: Oranguru|0 fnt\n|faint|p2a: Armarouge\n|faint|p2b: Oranguru\n|\n|win|Ryan&Ditto\n|raw|Ryan&amp;Ditto's rating: 1263 &rarr; <strong>1284<\/strong><br \/>(+21 for winning)\n|raw|dipping dipplins's rating: 1208 &rarr; <strong>1187<\/strong><br \/>(-21 for losing)\n|l|\u2606dipping dipplins\n","uploadtime":1699771635,"views":15,"p1id":"ryanditto","p2id":"dippingdipplins","formatid":"gen9vgc2023regulatione","rating":1187,"private":0,"password":""}