{"id":"gen9vgc2023regulatione-1993527146","p1":"tt11823","p2":"elmassa45","format":"[Gen 9] VGC 2023 Regulation E","log":"|j|\u2606tt11823\n|j|\u2606elmassa45\n|t:|1700328207\n|gametype|doubles\n|player|p1|tt11823|waiter-gen9|1328\n|player|p2|elmassa45|101|1231\n|teamsize|p1|6\n|teamsize|p2|6\n|gen|9\n|tier|[Gen 9] VGC 2023 Regulation E\n|rated|\n|rule|Species Clause: Limit one of each Pok\u00e9mon\n|rule|Item Clause: Limit one of each item\n|clearpoke\n|poke|p1|Heatran, L50, M|\n|poke|p1|Iron Hands, L50|\n|poke|p1|Sinistcha, L50|\n|poke|p1|Goodra-Hisui, L50, M|\n|poke|p1|Urshifu-*, L50, M|\n|poke|p1|Tornadus, L50, M|\n|poke|p2|Urshifu-*, L50, F|\n|poke|p2|Iron Hands, L50|\n|poke|p2|Orthworm, L50, M|\n|poke|p2|Flutter Mane, L50|\n|poke|p2|Illumise, L50, F|\n|poke|p2|Salamence, L50, F|\n|teampreview|4\n|inactive|Battle timer is ON: inactive players will automatically lose when time's up. (requested by elmassa45)\n|inactive|tt11823 has 60 seconds left.\n|inactive|elmassa45 has 60 seconds left.\n|\n|t:|1700328266\n|start\n|switch|p1a: Tornadus|Tornadus, L50, M|100\/100\n|switch|p1b: Goodra|Goodra-Hisui, L50, M|100\/100\n|switch|p2a: Illumise|Illumise, L50, F|100\/100\n|switch|p2b: Flutter Mane|Flutter Mane, L50|100\/100\n|turn|1\n|inactive|elmassa45 has 30 seconds left.\n|inactive|elmassa45 has 20 seconds left.\n|\n|t:|1700328301\n|-end|p2b: Flutter Mane|Protosynthesis|[silent]\n|switch|p2b: Iron Hands|Iron Hands, L50|100\/100\n|move|p1a: Tornadus|Taunt|p2a: Illumise\n|-start|p2a: Illumise|move: Taunt\n|cant|p2a: Illumise|move: Taunt|Tailwind\n|move|p1b: Goodra|Heavy Slam|p2b: Iron Hands\n|-resisted|p2b: Iron Hands\n|-damage|p2b: Iron Hands|95\/100\n|\n|upkeep\n|turn|2\n|inactive|elmassa45 has 30 seconds left.\n|inactive|elmassa45 has 20 seconds left.\n|inactive|elmassa45 has 15 seconds left.\n|\n|t:|1700328343\n|switch|p2a: Urshifu|Urshifu, L50, F|100\/100\n|move|p1a: Tornadus|Protect|p1a: Tornadus\n|-singleturn|p1a: Tornadus|Protect\n|move|p1b: Goodra|Shelter|p1b: Goodra\n|-boost|p1b: Goodra|def|2\n|move|p2b: Iron Hands|Wild Charge|p1a: Tornadus\n|-activate|p1a: Tornadus|move: Protect\n|\n|upkeep\n|turn|3\n|\n|t:|1700328359\n|switch|p1a: Iron Hands|Iron Hands, L50|100\/100\n|move|p2a: Urshifu|Protect|p2a: Urshifu\n|-singleturn|p2a: Urshifu|Protect\n|move|p1b: Goodra|Body Press|p2a: Urshifu\n|-activate|p2a: Urshifu|move: Protect\n|move|p2b: Iron Hands|Wild Charge|p1a: Iron Hands\n|-resisted|p1a: Iron Hands\n|-damage|p1a: Iron Hands|81\/100\n|-damage|p2b: Iron Hands|90\/100|[from] Recoil\n|\n|upkeep\n|turn|4\n|\n|t:|1700328380\n|switch|p2a: Flutter Mane|Flutter Mane, L50|100\/100\n|move|p1b: Goodra|Shelter|p1b: Goodra\n|-boost|p1b: Goodra|def|2\n|move|p2b: Iron Hands|Drain Punch|p1a: Iron Hands\n|-damage|p1a: Iron Hands|50\/100\n|-heal|p2b: Iron Hands|100\/100|[from] drain|[of] p1a: Iron Hands\n|move|p1a: Iron Hands|Volt Switch|p2a: Flutter Mane\n|-damage|p2a: Flutter Mane|86\/100\n|\n|t:|1700328393\n|-end|p1a: Iron Hands|Quark Drive|[silent]\n|switch|p1a: Tornadus|Tornadus, L50, M|100\/100|[from] Volt Switch\n|\n|upkeep\n|turn|5\n|\n|t:|1700328411\n|move|p1a: Tornadus|Protect|p1a: Tornadus\n|-singleturn|p1a: Tornadus|Protect\n|move|p2a: Flutter Mane|Shadow Ball|p1b: Goodra\n|-damage|p1b: Goodra|57\/100\n|move|p1b: Goodra|Heavy Slam|p2a: Flutter Mane\n|-supereffective|p2a: Flutter Mane\n|-damage|p2a: Flutter Mane|0 fnt\n|faint|p2a: Flutter Mane\n|-end|p2a: Flutter Mane|Protosynthesis|[silent]\n|move|p2b: Iron Hands|Drain Punch|p1b: Goodra\n|-supereffective|p1b: Goodra\n|-damage|p1b: Goodra|36\/100\n|-damage|p2b: Iron Hands|84\/100|[from] item: Rocky Helmet|[of] p1b: Goodra\n|\n|upkeep\n|\n|t:|1700328425\n|switch|p2a: Urshifu|Urshifu, L50, F|100\/100\n|turn|6\n|\n|t:|1700328441\n|switch|p1a: Heatran|Heatran, L50, M|100\/100\n|-terastallize|p2a: Urshifu|Dark\n|move|p2a: Urshifu|Wicked Blow|p1b: Goodra\n|-damage|p1b: Goodra|20\/100\n|-damage|p2a: Urshifu|84\/100|[from] item: Rocky Helmet|[of] p1b: Goodra\n|move|p1b: Goodra|Life Dew||[still]|[spread] p1a,p1b\n|-fail|p1a: Heatran|heal\n|-heal|p1b: Goodra|45\/100\n|move|p2b: Iron Hands|Wild Charge|p1a: Heatran\n|-damage|p1a: Heatran|54\/100\n|-damage|p2b: Iron Hands|74\/100|[from] Recoil\n|\n|-heal|p1a: Heatran|60\/100|[from] item: Leftovers\n|upkeep\n|turn|7\n|inactive|tt11823 has 30 seconds left.\n|inactive|elmassa45 has 30 seconds left.\n|inactive|elmassa45 has 20 seconds left.\n|inactive|elmassa45 has 15 seconds left.\n|\n|t:|1700328484\n|-terastallize|p1a: Heatran|Grass\n|move|p2a: Urshifu|Protect|p2a: Urshifu\n|-singleturn|p2a: Urshifu|Protect\n|move|p1a: Heatran|Will-O-Wisp|p2a: Urshifu\n|-activate|p2a: Urshifu|move: Protect\n|move|p1b: Goodra|Life Dew|p1b: Goodra|[spread] p1a,p1b\n|-heal|p1a: Heatran|85\/100\n|-heal|p1b: Goodra|71\/100\n|move|p2b: Iron Hands|Drain Punch|p1a: Heatran\n|-crit|p1a: Heatran\n|-damage|p1a: Heatran|26\/100\n|-heal|p2b: Iron Hands|99\/100|[from] drain|[of] p1a: Heatran\n|\n|-heal|p1a: Heatran|32\/100|[from] item: Leftovers\n|upkeep\n|turn|8\n|inactive|elmassa45 has 30 seconds left.\n|\n|t:|1700328517\n|switch|p2a: Illumise|Illumise, L50, F|100\/100\n|switch|p1a: Iron Hands|Iron Hands, L50|50\/100\n|move|p1b: Goodra|Body Press|p2a: Illumise\n|-resisted|p2a: Illumise\n|-damage|p2a: Illumise|52\/100\n|move|p2b: Iron Hands|Drain Punch|p1a: Iron Hands\n|-damage|p1a: Iron Hands|20\/100\n|-heal|p2b: Iron Hands|100\/100|[from] drain|[of] p1a: Iron Hands\n|\n|upkeep\n|turn|9\n|inactive|elmassa45 has 30 seconds left.\n|\n|t:|1700328547\n|move|p2a: Illumise|Infestation|p1a: Iron Hands\n|-resisted|p1a: Iron Hands\n|-damage|p1a: Iron Hands|19\/100\n|-activate|p1a: Iron Hands|move: Infestation|[of] p2a: Illumise\n|move|p1b: Goodra|Body Press|p2a: Illumise\n|-resisted|p2a: Illumise\n|-crit|p2a: Illumise\n|-damage|p2a: Illumise|0 fnt\n|faint|p2a: Illumise\n|move|p2b: Iron Hands|Drain Punch|p1b: Goodra\n|-supereffective|p1b: Goodra\n|-damage|p1b: Goodra|48\/100\n|-damage|p2b: Iron Hands|84\/100|[from] item: Rocky Helmet|[of] p1b: Goodra\n|move|p1a: Iron Hands|Volt Switch|p2b: Iron Hands\n|-resisted|p2b: Iron Hands\n|-damage|p2b: Iron Hands|80\/100\n|\n|t:|1700328560\n|-end|p1a: Iron Hands|Quark Drive|[silent]\n|switch|p1a: Tornadus|Tornadus, L50, M|100\/100|[from] Volt Switch\n|\n|upkeep\n|\n|t:|1700328563\n|switch|p2a: Urshifu|Urshifu, L50, F, tera:Dark|84\/100\n|turn|10\n|j| GoobisLoobis\n|\n|t:|1700328577\n|move|p1a: Tornadus|Protect|p1a: Tornadus\n|-singleturn|p1a: Tornadus|Protect\n|move|p2a: Urshifu|Drain Punch|p1b: Goodra\n|-supereffective|p1b: Goodra\n|-damage|p1b: Goodra|29\/100\n|-heal|p2a: Urshifu|94\/100|[from] drain|[of] p1b: Goodra\n|-damage|p2a: Urshifu|78\/100|[from] item: Rocky Helmet|[of] p1b: Goodra\n|move|p1b: Goodra|Life Dew||[still]|[spread] p1a,p1b\n|-fail|p1a: Tornadus|heal\n|-heal|p1b: Goodra|54\/100\n|move|p2b: Iron Hands|Wild Charge|p1a: Tornadus\n|-activate|p1a: Tornadus|move: Protect\n|\n|upkeep\n|turn|11\n|\n|t:|1700328595\n|move|p1a: Tornadus|Icy Wind|p2a: Urshifu|[spread] p2a,p2b\n|-damage|p2a: Urshifu|61\/100\n|-damage|p2b: Iron Hands|72\/100\n|-unboost|p2a: Urshifu|spe|1\n|-unboost|p2b: Iron Hands|spe|1\n|move|p2a: Urshifu|Drain Punch|p1b: Goodra\n|-supereffective|p1b: Goodra\n|-damage|p1b: Goodra|35\/100\n|-heal|p2a: Urshifu|71\/100|[from] drain|[of] p1b: Goodra\n|-damage|p2a: Urshifu|55\/100|[from] item: Rocky Helmet|[of] p1b: Goodra\n|move|p1b: Goodra|Body Press|p2a: Urshifu\n|-supereffective|p2a: Urshifu\n|-damage|p2a: Urshifu|0 fnt\n|faint|p2a: Urshifu\n|move|p2b: Iron Hands|Wild Charge|p1a: Tornadus\n|-supereffective|p1a: Tornadus\n|-damage|p1a: Tornadus|0 fnt\n|faint|p1a: Tornadus\n|-damage|p2b: Iron Hands|55\/100|[from] Recoil\n|\n|upkeep\n|-message|elmassa45 forfeited.\n|\n|win|tt11823\n|raw|tt11823's rating: 1328 &rarr; <strong>1343<\/strong><br \/>(+15 for winning)\n|raw|elmassa45's rating: 1231 &rarr; <strong>1213<\/strong><br \/>(-18 for losing)\n|l|\u2606elmassa45\n","uploadtime":1700328616,"views":7,"p1id":"tt11823","p2id":"elmassa45","formatid":"gen9vgc2023regulatione","rating":1213,"private":0,"password":""}