{"id":"gen9vgc2023regulatione-1995954489","p1":"elcheapo1","p2":"PumpUpTheJam69","format":"[Gen 9] VGC 2023 Regulation E","log":"|j|\u2606elcheapo1\n|j|\u2606PumpUpTheJam69\n|t:|1700621580\n|gametype|doubles\n|player|p1|elcheapo1|clown|1174\n|player|p2|PumpUpTheJam69|102|1239\n|teamsize|p1|6\n|teamsize|p2|6\n|gen|9\n|tier|[Gen 9] VGC 2023 Regulation E\n|rated|\n|rule|Species Clause: Limit one of each Pok\u00e9mon\n|rule|Item Clause: Limit one of each item\n|clearpoke\n|poke|p1|Milotic, L50, M|\n|poke|p1|Heatran, L50, F|\n|poke|p1|Amoonguss, L50, F|\n|poke|p1|Cresselia, L50, F|\n|poke|p1|Landorus-Therian, L50, M|\n|poke|p1|Hariyama, L50, M|\n|poke|p2|Baxcalibur, L50, F|\n|poke|p2|Tornadus, L50, M|\n|poke|p2|Revavroom, L50, M|\n|poke|p2|Politoed, L50, M|\n|poke|p2|Samurott-Hisui, L50, M|\n|poke|p2|Sinistcha, L50|\n|teampreview|4\n|inactive|Battle timer is ON: inactive players will automatically lose when time's up. (requested by elcheapo1)\n|inactive|PumpUpTheJam69 has 60 seconds left.\n|inactive|PumpUpTheJam69 has 30 seconds left.\n|inactive|PumpUpTheJam69 has 20 seconds left.\n|inactive|PumpUpTheJam69 has 15 seconds left.\n|inactive|PumpUpTheJam69 has 10 seconds left.\n|\n|t:|1700621709\n|start\n|switch|p1a: Landorus|Landorus-Therian, L50, M|100\/100\n|switch|p1b: Cresselia|Cresselia, L50, F|100\/100\n|switch|p2a: Baxcalibur|Baxcalibur, L50, F|100\/100\n|switch|p2b: Tornadus|Tornadus, L50, M|100\/100\n|-ability|p1a: Landorus|Intimidate|boost\n|-unboost|p2a: Baxcalibur|atk|1\n|-unboost|p2b: Tornadus|atk|1\n|turn|1\n|\n|t:|1700621726\n|switch|p1a: Hariyama|Hariyama, L50, M|100\/100\n|move|p2b: Tornadus|Leer|p1a: Hariyama|[spread] p1a,p1b\n|-unboost|p1a: Hariyama|def|1\n|-unboost|p1b: Cresselia|def|1\n|move|p2a: Baxcalibur|Ice Shard|p1a: Hariyama\n|-damage|p1a: Hariyama|87\/100\n|move|p1b: Cresselia|Trick Room|p1b: Cresselia\n|-fieldstart|move: Trick Room|[of] p1b: Cresselia\n|\n|upkeep\n|turn|2\n|inactive|PumpUpTheJam69 has 30 seconds left.\n|\n|t:|1700621758\n|switch|p2a: Politoed|Politoed, L50, M|100\/100\n|-weather|RainDance|[from] ability: Drizzle|[of] p2a: Politoed\n|-terastallize|p2b: Tornadus|Ghost\n|move|p1a: Hariyama|Wide Guard|p1a: Hariyama\n|-singleturn|p1a: Hariyama|Wide Guard\n|move|p1b: Cresselia|Calm Mind|p1b: Cresselia\n|-boost|p1b: Cresselia|spa|1\n|-boost|p1b: Cresselia|spd|1\n|move|p2b: Tornadus|Bleakwind Storm|p1a: Hariyama|[spread] \n|-activate|p1a: Hariyama|move: Wide Guard\n|-activate|p1b: Cresselia|move: Wide Guard\n|\n|-weather|RainDance|[upkeep]\n|upkeep\n|turn|3\n|inactive|elcheapo1 has 30 seconds left.\n|inactive|PumpUpTheJam69 has 30 seconds left.\n|inactive|PumpUpTheJam69 has 20 seconds left.\n|\n|t:|1700621795\n|move|p2b: Tornadus|Leer|p1a: Hariyama|[spread] p1a,p1b\n|-unboost|p1a: Hariyama|def|1\n|-unboost|p1b: Cresselia|def|1\n|move|p1a: Hariyama|Drain Punch|p2a: Politoed\n|-damage|p2a: Politoed|55\/100\n|-heal|p1a: Hariyama|100\/100|[from] drain|[of] p2a: Politoed\n|-damage|p1a: Hariyama|91\/100|[from] item: Life Orb\n|move|p1b: Cresselia|Calm Mind|p1b: Cresselia\n|-boost|p1b: Cresselia|spa|1\n|-boost|p1b: Cresselia|spd|1\n|move|p2a: Politoed|Haze|p2a: Politoed\n|-clearallboost\n|\n|-weather|RainDance|[upkeep]\n|upkeep\n|turn|4\n|inactive|PumpUpTheJam69 has 30 seconds left.\n|\n|t:|1700621823\n|move|p2a: Politoed|Helping Hand|p2b: Tornadus\n|-singleturn|p2b: Tornadus|Helping Hand|[of] p2a: Politoed\n|move|p1a: Hariyama|Ice Punch|p2b: Tornadus\n|-damage|p2b: Tornadus|56\/100\n|-damage|p1a: Hariyama|81\/100|[from] item: Life Orb\n|move|p1b: Cresselia|Dazzling Gleam|p2b: Tornadus|[spread] p2a,p2b\n|-damage|p2a: Politoed|45\/100\n|-damage|p2b: Tornadus|43\/100\n|move|p2b: Tornadus|Bleakwind Storm|p1b: Cresselia|[spread] p1a,p1b\n|-supereffective|p1a: Hariyama\n|-damage|p1a: Hariyama|0 fnt\n|-damage|p1b: Cresselia|69\/100\n|faint|p1a: Hariyama\n|\n|-weather|RainDance|[upkeep]\n|-heal|p1b: Cresselia|75\/100|[from] item: Leftovers\n|upkeep\n|\n|t:|1700621843\n|switch|p1a: Amoonguss|Amoonguss, L50, F|100\/100\n|turn|5\n|inactive|PumpUpTheJam69 has 30 seconds left.\n|\n|t:|1700621873\n|move|p1a: Amoonguss|Spore|p2b: Tornadus\n|-status|p2b: Tornadus|slp|[from] move: Spore\n|move|p1b: Cresselia|Calm Mind|p1b: Cresselia\n|-boost|p1b: Cresselia|spa|1\n|-boost|p1b: Cresselia|spd|1\n|move|p2a: Politoed|Haze|p2a: Politoed\n|-clearallboost\n|cant|p2b: Tornadus|slp\n|\n|-weather|RainDance|[upkeep]\n|-heal|p1b: Cresselia|81\/100|[from] item: Leftovers\n|-fieldend|move: Trick Room\n|upkeep\n|turn|6\n|inactive|PumpUpTheJam69 has 30 seconds left.\n|\n|t:|1700621906\n|move|p2a: Politoed|Helping Hand|p2b: Tornadus\n|-singleturn|p2b: Tornadus|Helping Hand|[of] p2a: Politoed\n|-curestatus|p2b: Tornadus|slp|[msg]\n|move|p2b: Tornadus|Bleakwind Storm|p1b: Cresselia|[spread] p1a,p1b\n|-supereffective|p1a: Amoonguss\n|-damage|p1a: Amoonguss|15\/100\n|-damage|p1b: Cresselia|50\/100\n|-unboost|p1b: Cresselia|spe|1\n|-enditem|p1a: Amoonguss|Sitrus Berry|[eat]\n|-heal|p1a: Amoonguss|40\/100|[from] item: Sitrus Berry\n|move|p1a: Amoonguss|Spore|p2a: Politoed\n|-status|p2a: Politoed|slp|[from] move: Spore\n|move|p1b: Cresselia|Trick Room|p1b: Cresselia\n|-fieldstart|move: Trick Room|[of] p1b: Cresselia\n|\n|-weather|RainDance|[upkeep]\n|-heal|p1b: Cresselia|56\/100|[from] item: Leftovers\n|upkeep\n|turn|7\n|\n|t:|1700621928\n|move|p1a: Amoonguss|Spore|p2b: Tornadus\n|-status|p2b: Tornadus|slp|[from] move: Spore\n|move|p1b: Cresselia|Calm Mind|p1b: Cresselia\n|-boost|p1b: Cresselia|spa|1\n|-boost|p1b: Cresselia|spd|1\n|cant|p2a: Politoed|slp\n|cant|p2b: Tornadus|slp\n|\n|-weather|RainDance|[upkeep]\n|-heal|p1b: Cresselia|63\/100|[from] item: Leftovers\n|upkeep\n|turn|8\n|inactive|PumpUpTheJam69 has 30 seconds left.\n|inactive|PumpUpTheJam69 has 20 seconds left.\n|\n|t:|1700621966\n|switch|p2a: Baxcalibur|Baxcalibur, L50, F|100\/100\n|-terastallize|p1b: Cresselia|Fairy\n|cant|p2b: Tornadus|slp\n|move|p1a: Amoonguss|Pollen Puff|p1b: Cresselia\n|-heal|p1b: Cresselia|100\/100\n|move|p1b: Cresselia|Dazzling Gleam|p2b: Tornadus|[spread] p2a,p2b\n|-supereffective|p2a: Baxcalibur\n|-damage|p2a: Baxcalibur|72\/100\n|-damage|p2b: Tornadus|15\/100 slp\n|\n|-weather|RainDance|[upkeep]\n|upkeep\n|turn|9\n|inactive|elcheapo1 has 30 seconds left.\n|\n|t:|1700621998\n|move|p1a: Amoonguss|Protect|p1a: Amoonguss\n|-singleturn|p1a: Amoonguss|Protect\n|move|p2a: Baxcalibur|Ice Shard|p1a: Amoonguss\n|-activate|p1a: Amoonguss|move: Protect\n|cant|p2b: Tornadus|slp\n|move|p1b: Cresselia|Dazzling Gleam|p2a: Baxcalibur|[spread] p2a,p2b\n|-supereffective|p2a: Baxcalibur\n|-crit|p2b: Tornadus\n|-damage|p2a: Baxcalibur|41\/100\n|-damage|p2b: Tornadus|0 fnt\n|faint|p2b: Tornadus\n|\n|-weather|none\n|upkeep\n|\n|t:|1700622012\n|switch|p2b: Politoed|Politoed, L50, M|45\/100 slp\n|-weather|RainDance|[from] ability: Drizzle|[of] p2b: Politoed\n|turn|10\n|\n|t:|1700622024\n|switch|p1a: Landorus|Landorus-Therian, L50, M|100\/100\n|-ability|p1a: Landorus|Intimidate|boost\n|-unboost|p2a: Baxcalibur|atk|1\n|-unboost|p2b: Politoed|atk|1\n|-curestatus|p2b: Politoed|slp|[msg]\n|move|p2b: Politoed|Helping Hand|p2a: Baxcalibur\n|-singleturn|p2a: Baxcalibur|Helping Hand|[of] p2b: Politoed\n|move|p2a: Baxcalibur|Ice Shard|p1a: Landorus\n|-supereffective|p1a: Landorus\n|-damage|p1a: Landorus|0 fnt\n|faint|p1a: Landorus\n|move|p1b: Cresselia|Dazzling Gleam|p2b: Politoed|[spread] p2a,p2b\n|-supereffective|p2a: Baxcalibur\n|-crit|p2b: Politoed\n|-damage|p2a: Baxcalibur|10\/100\n|-damage|p2b: Politoed|16\/100\n|\n|-weather|RainDance|[upkeep]\n|-fieldend|move: Trick Room\n|upkeep\n|\n|t:|1700622042\n|switch|p1a: Amoonguss|Amoonguss, L50, F|73\/100\n|turn|11\n|\n|t:|1700622053\n|move|p2b: Politoed|Helping Hand|p2a: Baxcalibur\n|-singleturn|p2a: Baxcalibur|Helping Hand|[of] p2b: Politoed\n|move|p1a: Amoonguss|Protect|p1a: Amoonguss\n|-singleturn|p1a: Amoonguss|Protect\n|move|p2a: Baxcalibur|Iron Head|p1b: Cresselia\n|-supereffective|p1b: Cresselia\n|-damage|p1b: Cresselia|61\/100\n|cant|p1b: Cresselia|flinch\n|\n|-weather|RainDance|[upkeep]\n|-heal|p1b: Cresselia|67\/100|[from] item: Leftovers\n|upkeep\n|turn|12\n|inactive|PumpUpTheJam69 has 30 seconds left.\n|\n|t:|1700622080\n|move|p2b: Politoed|Helping Hand|p2a: Baxcalibur\n|-singleturn|p2a: Baxcalibur|Helping Hand|[of] p2b: Politoed\n|move|p1a: Amoonguss|Rage Powder|p1a: Amoonguss\n|-singleturn|p1a: Amoonguss|move: Rage Powder\n|move|p2a: Baxcalibur|Iron Head|p1a: Amoonguss\n|-damage|p1a: Amoonguss|45\/100\n|move|p1b: Cresselia|Dazzling Gleam|p2b: Politoed|[spread] p2a,p2b\n|-supereffective|p2a: Baxcalibur\n|-damage|p2a: Baxcalibur|0 fnt\n|-damage|p2b: Politoed|0 fnt\n|faint|p2a: Baxcalibur\n|faint|p2b: Politoed\n|\n|-weather|RainDance|[upkeep]\n|-heal|p1b: Cresselia|73\/100|[from] item: Leftovers\n|upkeep\n|\n|t:|1700622094\n|switch|p2a: Samurott|Samurott-Hisui, L50, M|100\/100\n|turn|13\n|\n|t:|1700622113\n|move|p1a: Amoonguss|Protect|p1a: Amoonguss\n|-singleturn|p1a: Amoonguss|Protect\n|move|p2a: Samurott|Ceaseless Edge|p1a: Amoonguss\n|-activate|p1a: Amoonguss|move: Protect\n|move|p1b: Cresselia|Trick Room|p1b: Cresselia\n|-fieldstart|move: Trick Room|[of] p1b: Cresselia\n|\n|-weather|RainDance|[upkeep]\n|-heal|p1b: Cresselia|79\/100|[from] item: Leftovers\n|upkeep\n|turn|14\n|\n|t:|1700622129\n|move|p1a: Amoonguss|Spore|p2a: Samurott\n|-status|p2a: Samurott|slp|[from] move: Spore\n|move|p1b: Cresselia|Dazzling Gleam|p2a: Samurott\n|-supereffective|p2a: Samurott\n|-damage|p2a: Samurott|24\/100 slp\n|cant|p2a: Samurott|slp\n|\n|-weather|RainDance|[upkeep]\n|-heal|p1b: Cresselia|86\/100|[from] item: Leftovers\n|upkeep\n|turn|15\n|-message|PumpUpTheJam69 forfeited.\n|\n|win|elcheapo1\n|raw|elcheapo1's rating: 1174 &rarr; <strong>1204<\/strong><br \/>(+30 for winning)\n|raw|PumpUpTheJam69's rating: 1239 &rarr; <strong>1209<\/strong><br \/>(-30 for losing)\n|l|\u2606PumpUpTheJam69\n","uploadtime":1700622143,"views":10,"p1id":"elcheapo1","p2id":"pumpupthejam69","formatid":"gen9vgc2023regulatione","rating":1204,"private":0,"password":""}