{"id":"gen9vgc2023regulatione-1996440631","p1":"iPetBigfoot","p2":"Kerthwack","format":"[Gen 9] VGC 2023 Regulation E","log":"|j|\u2606iPetBigfoot\n|j|\u2606Kerthwack\n|n|\u2606iPetBigfoot|ipetbigfoot\n|n|\u2606Kerthwack|kerthwack\n|html|View the match progress at <a href=\"\/game-bestof3-gen9vgc2023regulatione-1996437461\">game-bestof3-gen9vgc2023regulatione-1996437461<\/a>\n|t:|1700682247\n|gametype|doubles\n|player|p1|iPetBigfoot|carmine-festival|\n|player|p2|Kerthwack|blue-gen3two|\n|teamsize|p1|6\n|teamsize|p2|6\n|gen|9\n|tier|[Gen 9] VGC 2023 Regulation E\n|rule|Species Clause: Limit one of each Pok\u00e9mon\n|rule|Item Clause: Limit one of each item\n|clearpoke\n|poke|p1|Iron Hands, L50|\n|poke|p1|Hatterene, L50, F|\n|poke|p1|Ogerpon-Cornerstone, L50, F|\n|poke|p1|Ursaluna-Bloodmoon, L50, M|\n|poke|p1|Murkrow, L50, M|\n|poke|p1|Pincurchin, L50, M|\n|poke|p2|Heatran, L50, M|\n|poke|p2|Garchomp, L50, M|\n|poke|p2|Azelf, L50|\n|poke|p2|Palafin, L50, M|\n|poke|p2|Regieleki, L50|\n|poke|p2|Ogerpon, L50, F|\n|teampreview|4\n|j| The Carkol Rider\niPetBigfoot has agreed to open team sheets.\n|c|\u2606iPetBigfoot|DAMMIT\n|c|\u2606iPetBigfoot|oops\n|c|\u2606iPetBigfoot|pls reject\n|c|\u2606iPetBigfoot|I'm very slow\n|c| The Carkol Rider|just dont look at em\n|c|\u2606Kerthwack|Lol\nKerthwack rejected open team sheets.\n|\n|t:|1700682299\n|start\n|switch|p1a: Iron Hands|Iron Hands, L50|100\/100\n|switch|p1b: Hatterene|Hatterene, L50, F|100\/100\n|switch|p2a: Palafin|Palafin, L50, M|100\/100\n|switch|p2b: Heatran|Heatran, L50, M|100\/100\n|-item|p2b: Heatran|Air Balloon\n|-enditem|p1a: Iron Hands|Booster Energy\n|-activate|p1a: Iron Hands|ability: Quark Drive|[fromitem]\n|-start|p1a: Iron Hands|quarkdriveatk\n|turn|1\n|\n|t:|1700682311\n|detailschange|p2a: Palafin|Palafin-Hero, L50, M\n|switch|p2a: Garchomp|Garchomp, L50, M|100\/100\n|-terastallize|p2b: Heatran|Ghost\n|move|p1a: Iron Hands|Fake Out|p2b: Heatran\n|-immune|p2b: Heatran\n|move|p2b: Heatran|Will-O-Wisp|p1a: Iron Hands\n|-status|p1a: Iron Hands|brn\n|move|p1b: Hatterene|Trick Room|p1b: Hatterene\n|-fieldstart|move: Trick Room|[of] p1b: Hatterene\n|\n|-damage|p1a: Iron Hands|94\/100 brn|[from] brn\n|upkeep\n|turn|2\n|\n|t:|1700682329\n|switch|p2a: Palafin|Palafin-Hero, L50, M|100\/100\n|-activate|p2a: Palafin|ability: Zero to Hero\n|move|p1b: Hatterene|Psychic|p2a: Palafin\n|-damage|p2a: Palafin|19\/100\n|-damage|p1b: Hatterene|91\/100|[from] item: Life Orb\n|move|p1a: Iron Hands|Ice Punch|p2a: Palafin\n|-resisted|p2a: Palafin\n|-damage|p2a: Palafin|10\/100\n|move|p2b: Heatran|Heavy Slam|p1b: Hatterene\n|-supereffective|p1b: Hatterene\n|-damage|p1b: Hatterene|0 fnt\n|faint|p1b: Hatterene\n|\n|-damage|p1a: Iron Hands|88\/100 brn|[from] brn\n|upkeep\n|\n|t:|1700682343\n|switch|p1b: Ursaluna|Ursaluna-Bloodmoon, L50, M|100\/100\n|turn|3\n|\n|t:|1700682352\n|move|p1b: Ursaluna|Protect|p1b: Ursaluna\n|-singleturn|p1b: Ursaluna|Protect\n|move|p2b: Heatran|Protect|p2b: Heatran\n|-singleturn|p2b: Heatran|Protect\n|move|p2a: Palafin|Protect|p2a: Palafin\n|-singleturn|p2a: Palafin|Protect\n|move|p1a: Iron Hands|Drain Punch|p2a: Palafin\n|-activate|p2a: Palafin|move: Protect\n|\n|-damage|p1a: Iron Hands|82\/100 brn|[from] brn\n|upkeep\n|turn|4\n|\n|t:|1700682367\n|-terastallize|p1b: Ursaluna|Normal\n|move|p2a: Palafin|Jet Punch|p1b: Ursaluna\n|-damage|p1b: Ursaluna|75\/100\n|move|p1a: Iron Hands|Drain Punch|p2a: Palafin\n|-damage|p2a: Palafin|0 fnt\n|-heal|p1a: Iron Hands|86\/100 brn|[from] drain|[of] p2a: Palafin\n|faint|p2a: Palafin\n|move|p1b: Ursaluna|Hyper Voice|p2b: Heatran\n|-damage|p2b: Heatran|40\/100\n|-enditem|p2b: Heatran|Air Balloon\n|-enditem|p1b: Ursaluna|Throat Spray\n|-boost|p1b: Ursaluna|spa|1|[from] item: Throat Spray\n|move|p2b: Heatran|Will-O-Wisp|p1b: Ursaluna\n|-status|p1b: Ursaluna|brn\n|\n|-damage|p1a: Iron Hands|79\/100 brn|[from] brn\n|-damage|p1b: Ursaluna|69\/100 brn|[from] brn\n|upkeep\n|\n|t:|1700682383\n|switch|p2a: Regieleki|Regieleki, L50|100\/100\n|turn|5\n|\n|t:|1700682387\n|-end|p1a: Iron Hands|Quark Drive|[silent]\n|switch|p1a: Ogerpon|Ogerpon-Cornerstone, L50, F|100\/100\n|move|p2b: Heatran|Protect|p2b: Heatran\n|-singleturn|p2b: Heatran|Protect\n|move|p2a: Regieleki|Protect|p2a: Regieleki\n|-singleturn|p2a: Regieleki|Protect\n|move|p1b: Ursaluna|Hyper Voice|p2a: Regieleki|[spread] \n|-activate|p2a: Regieleki|move: Protect\n|-activate|p2b: Heatran|move: Protect\n|\n|-damage|p1b: Ursaluna|63\/100 brn|[from] brn\n|-fieldend|move: Trick Room\n|upkeep\n|turn|6\n|\n|t:|1700682401\n|move|p1a: Ogerpon|Follow Me|p1a: Ogerpon\n|-singleturn|p1a: Ogerpon|move: Follow Me\n|move|p2a: Regieleki|Volt Switch|p1a: Ogerpon\n|-resisted|p1a: Ogerpon\n|-damage|p1a: Ogerpon|80\/100\n|\n|t:|1700682405\n|switch|p2a: Garchomp|Garchomp, L50, M|100\/100|[from] Volt Switch\n|move|p2b: Heatran|Heavy Slam|p1a: Ogerpon\n|-supereffective|p1a: Ogerpon\n|-damage|p1a: Ogerpon|0 fnt\n|faint|p1a: Ogerpon\n|move|p1b: Ursaluna|Hyper Voice|p2a: Garchomp|[spread] p2a,p2b\n|-crit|p2b: Heatran\n|-damage|p2a: Garchomp|14\/100\n|-damage|p2b: Heatran|0 fnt\n|faint|p2b: Heatran\n|\n|-damage|p1b: Ursaluna|57\/100 brn|[from] brn\n|upkeep\n|\n|t:|1700682411\n|switch|p1a: Iron Hands|Iron Hands, L50|79\/100 brn\n|switch|p2b: Regieleki|Regieleki, L50|100\/100\n|turn|7\n|\n|t:|1700682420\n|move|p2b: Regieleki|Protect|p2b: Regieleki\n|-singleturn|p2b: Regieleki|Protect\n|move|p2a: Garchomp|Protect|p2a: Garchomp\n|-singleturn|p2a: Garchomp|Protect\n|move|p1a: Iron Hands|Fake Out|p2a: Garchomp\n|-activate|p2a: Garchomp|move: Protect\n|move|p1b: Ursaluna|Hyper Voice|p2a: Garchomp|[spread] \n|-activate|p2a: Garchomp|move: Protect\n|-activate|p2b: Regieleki|move: Protect\n|\n|-damage|p1b: Ursaluna|51\/100 brn|[from] brn\n|-damage|p1a: Iron Hands|73\/100 brn|[from] brn\n|upkeep\n|turn|8\n|\n|t:|1700682480\n|move|p2b: Regieleki|Thunderbolt|p1b: Ursaluna\n|-damage|p1b: Ursaluna|0 fnt\n|faint|p1b: Ursaluna\n|move|p2a: Garchomp|Iron Head|p1a: Iron Hands\n|-resisted|p1a: Iron Hands\n|-damage|p1a: Iron Hands|62\/100 brn\n|-damage|p2a: Garchomp|4\/100|[from] item: Life Orb\n|move|p1a: Iron Hands|Ice Punch|p2a: Garchomp\n|-supereffective|p2a: Garchomp\n|-damage|p2a: Garchomp|0 fnt\n|-damage|p1a: Iron Hands|50\/100 brn|[from] ability: Rough Skin|[of] p2a: Garchomp\n|faint|p2a: Garchomp\n|\n|-damage|p1a: Iron Hands|44\/100 brn|[from] brn\n|upkeep\n|turn|9\n|\n|t:|1700682485\n|move|p2b: Regieleki|Tera Blast|p1a: Iron Hands\n|-damage|p1a: Iron Hands|24\/100 brn\n|move|p1a: Iron Hands|Drain Punch|p2b: Regieleki\n|-damage|p2b: Regieleki|73\/100\n|-heal|p1a: Iron Hands|32\/100 brn|[from] drain|[of] p2b: Regieleki\n|\n|-damage|p1a: Iron Hands|26\/100 brn|[from] brn\n|upkeep\n|turn|10\n|\n|t:|1700682495\n|move|p2b: Regieleki|Tera Blast|p1a: Iron Hands\n|-damage|p1a: Iron Hands|7\/100 brn\n|move|p1a: Iron Hands|Drain Punch|p2b: Regieleki\n|-damage|p2b: Regieleki|46\/100\n|-heal|p1a: Iron Hands|15\/100 brn|[from] drain|[of] p2b: Regieleki\n|\n|-damage|p1a: Iron Hands|9\/100 brn|[from] brn\n|upkeep\n|turn|11\n|c|\u2606iPetBigfoot|gg\n|c|\u2606Kerthwack|What is that tera blast animation\n|c|\u2606Kerthwack|is that scald\n|\n|t:|1700682512\n|move|p2b: Regieleki|Tera Blast|p1a: Iron Hands\n|-damage|p1a: Iron Hands|0 fnt\n|faint|p1a: Iron Hands\n|-end|p1a: Iron Hands|Quark Drive|[silent]\n|\n|win|Kerthwack\n|c|&|\/uhtml prompt-ipetbigfoot,iPetBigfoot is ready for game 3!\n|c|&|\/uhtml prompt-kerthwack,Kerthwack is ready for game 3!\nBoth players are ready! Starting next match!\n|l| The Carkol Rider\n","uploadtime":1700682757,"views":2,"p1id":"ipetbigfoot","p2id":"kerthwack","formatid":"gen9vgc2023regulatione","rating":0,"private":0,"password":""}