{"id":"gen9vgc2023regulatione-1991199760","p1":"yohjek","p2":"extracute","format":"[Gen 9] VGC 2023 Regulation E","log":"|j|\u2606yohjek\n|j|\u2606extracute\n|t:|1700056386\n|gametype|doubles\n|player|p1|yohjek|guitarist-gen4|1424\n|player|p2|extracute|265|1437\n|teamsize|p1|6\n|teamsize|p2|6\n|gen|9\n|tier|[Gen 9] VGC 2023 Regulation E\n|rated|\n|rule|Species Clause: Limit one of each Pok\u00e9mon\n|rule|Item Clause: Limit one of each item\n|clearpoke\n|poke|p1|Ninetales-Alola, L50, M|\n|poke|p1|Baxcalibur, L50, M|\n|poke|p1|Rotom-Wash, L50|\n|poke|p1|Iron Hands, L50|\n|poke|p1|Landorus-Therian, L50, M|\n|poke|p1|Sinistcha-Masterpiece, L50|\n|poke|p2|Sneasler, L50, F|\n|poke|p2|Indeedee-F, L50, F|\n|poke|p2|Armarouge, L50, F|\n|poke|p2|Urshifu-*, L50, F|\n|poke|p2|Chien-Pao, L50|\n|poke|p2|Tornadus, L50, M|\n|teampreview|4\n|\n|t:|1700056420\n|start\n|switch|p1a: Baxcalibur|Baxcalibur, L50, M|100\/100\n|switch|p1b: Ninetales|Ninetales-Alola, L50, M, shiny|100\/100\n|switch|p2a: Urshifu|Urshifu-Rapid-Strike, L50, F|100\/100\n|switch|p2b: Indeedee|Indeedee-F, L50, F|100\/100\n|-weather|Snow|[from] ability: Snow Warning|[of] p1b: Ninetales\n|-fieldstart|move: Psychic Terrain|[from] ability: Psychic Surge|[of] p2b: Indeedee\n|turn|1\n|\n|t:|1700056444\n|move|p2b: Indeedee|Follow Me|p2b: Indeedee\n|-singleturn|p2b: Indeedee|move: Follow Me\n|move|p2a: Urshifu|Close Combat|p1a: Baxcalibur\n|-supereffective|p1a: Baxcalibur\n|-damage|p1a: Baxcalibur|31\/100\n|-unboost|p2a: Urshifu|def|1\n|-unboost|p2a: Urshifu|spd|1\n|move|p1b: Ninetales|Aurora Veil|p1b: Ninetales\n|-sidestart|p1: yohjek|move: Aurora Veil\n|move|p1a: Baxcalibur|Swords Dance|p1a: Baxcalibur\n|-boost|p1a: Baxcalibur|atk|2\n|\n|-weather|Snow|[upkeep]\n|-heal|p1a: Baxcalibur|37\/100|[from] ability: Ice Body\n|upkeep\n|turn|2\n|\n|t:|1700056460\n|switch|p1b: Sinistcha|Sinistcha-Masterpiece, L50|100\/100\n|-heal|p1a: Baxcalibur|61\/100|[from] ability: Hospitality|[of] p1b: Sinistcha\n|-terastallize|p1a: Baxcalibur|Water\n|move|p2b: Indeedee|Helping Hand|p2a: Urshifu\n|-singleturn|p2a: Urshifu|Helping Hand|[of] p2b: Indeedee\n|move|p2a: Urshifu|Close Combat|p1a: Baxcalibur\n|-damage|p1a: Baxcalibur|8\/100\n|-unboost|p2a: Urshifu|def|1\n|-unboost|p2a: Urshifu|spd|1\n|move|p1a: Baxcalibur|Scale Shot|p2a: Urshifu\n|-damage|p2a: Urshifu|50\/100\n|-damage|p2a: Urshifu|0 fnt\n|faint|p2a: Urshifu\n|-hitcount|p2: Urshifu|2\n|-unboost|p1a: Baxcalibur|def|1\n|-boost|p1a: Baxcalibur|spe|1\n|\n|-weather|Snow|[upkeep]\n|-heal|p1a: Baxcalibur|14\/100|[from] ability: Ice Body\n|upkeep\n|j| NakiYMD\n|\n|t:|1700056480\n|switch|p2a: Armarouge|Armarouge, L50, F|100\/100\n|turn|3\n|\n|t:|1700056496\n|move|p2b: Indeedee|Helping Hand|p2a: Armarouge\n|-singleturn|p2a: Armarouge|Helping Hand|[of] p2b: Indeedee\n|move|p1a: Baxcalibur|Scale Shot|p2b: Indeedee\n|-damage|p2b: Indeedee|68\/100\n|-damage|p2b: Indeedee|37\/100\n|-damage|p2b: Indeedee|6\/100\n|-damage|p2b: Indeedee|0 fnt\n|faint|p2b: Indeedee\n|-hitcount|p2: Indeedee|4\n|-unboost|p1a: Baxcalibur|def|1\n|-boost|p1a: Baxcalibur|spe|1\n|move|p2a: Armarouge|Expanding Force|p1b: Sinistcha|[spread] p1a,p1b\n|-damage|p1a: Baxcalibur|0 fnt\n|-damage|p1b: Sinistcha|43\/100\n|faint|p1a: Baxcalibur\n|move|p1b: Sinistcha|Trick Room|p1b: Sinistcha\n|-fieldstart|move: Trick Room|[of] p1b: Sinistcha\n|\n|-weather|Snow|[upkeep]\n|upkeep\n|\n|t:|1700056514\n|switch|p2b: Sneasler|Sneasler, L50, F|100\/100\n|switch|p1a: Rotom|Rotom-Wash, L50|100\/100\n|-enditem|p2b: Sneasler|Psychic Seed\n|-boost|p2b: Sneasler|spd|1|[from] item: Psychic Seed\n|turn|4\n|\n|t:|1700056524\n|switch|p1b: Ninetales|Ninetales-Alola, L50, M, shiny|100\/100\n|-terastallize|p2a: Armarouge|Grass\n|move|p1a: Rotom|Protect|p1a: Rotom\n|-singleturn|p1a: Rotom|Protect\n|move|p2b: Sneasler|Protect|p2b: Sneasler\n|-singleturn|p2b: Sneasler|Protect\n|move|p2a: Armarouge|Expanding Force|p1a: Rotom|[spread] p1b\n|-activate|p1a: Rotom|move: Protect\n|-damage|p1b: Ninetales|62\/100\n|\n|-weather|Snow|[upkeep]\n|upkeep\n|turn|5\n|\n|t:|1700056545\n|move|p1b: Ninetales|Protect|p1b: Ninetales\n|-singleturn|p1b: Ninetales|Protect\n|move|p2a: Armarouge|Wide Guard|p2a: Armarouge\n|-singleturn|p2a: Armarouge|Wide Guard\n|move|p1a: Rotom|Will-O-Wisp|p2b: Sneasler|[miss]\n|-miss|p1a: Rotom|p2b: Sneasler\n|move|p2b: Sneasler|Dire Claw|p1b: Ninetales\n|-activate|p1b: Ninetales|move: Protect\n|\n|-weather|none\n|-fieldend|move: Psychic Terrain\n|upkeep\n|turn|6\n|\n|t:|1700056561\n|move|p1a: Rotom|Will-O-Wisp|p2b: Sneasler\n|-status|p2b: Sneasler|brn\n|move|p2a: Armarouge|Expanding Force|p1b: Ninetales\n|-damage|p1b: Ninetales|34\/100\n|move|p1b: Ninetales|Icy Wind|p2b: Sneasler|[spread] p2a,p2b\n|-supereffective|p2a: Armarouge\n|-damage|p2a: Armarouge|67\/100\n|-damage|p2b: Sneasler|88\/100 brn\n|-unboost|p2a: Armarouge|spe|1\n|-unboost|p2b: Sneasler|spe|1\n|move|p2b: Sneasler|Dire Claw|p1b: Ninetales\n|-supereffective|p1b: Ninetales\n|-damage|p1b: Ninetales|0 fnt\n|faint|p1b: Ninetales\n|\n|-damage|p2b: Sneasler|83\/100 brn|[from] brn\n|upkeep\n|\n|t:|1700056566\n|switch|p1b: Sinistcha|Sinistcha-Masterpiece, L50|43\/100\n|turn|7\n|\n|t:|1700056601\n|move|p1b: Sinistcha|Rage Powder|p1b: Sinistcha\n|-singleturn|p1b: Sinistcha|move: Rage Powder\n|move|p2a: Armarouge|Expanding Force|p1b: Sinistcha\n|-damage|p1b: Sinistcha|16\/100\n|move|p1a: Rotom|Thunderbolt|p2a: Armarouge\n|-resisted|p2a: Armarouge\n|-damage|p2a: Armarouge|28\/100\n|-damage|p1a: Rotom|91\/100|[from] item: Life Orb\n|move|p2b: Sneasler|Dire Claw|p1b: Sinistcha\n|-damage|p1b: Sinistcha|3\/100\n|-status|p1b: Sinistcha|par\n|\n|-damage|p2b: Sneasler|77\/100 brn|[from] brn\n|-fieldend|move: Trick Room\n|upkeep\n|turn|8\n|\n|t:|1700056626\n|move|p1b: Sinistcha|Rage Powder|p1b: Sinistcha\n|-singleturn|p1b: Sinistcha|move: Rage Powder\n|move|p2b: Sneasler|Rock Slide|p1a: Rotom|[spread] p1a,p1b\n|-damage|p1a: Rotom|84\/100\n|-damage|p1b: Sinistcha|0 fnt\n|faint|p1b: Sinistcha\n|move|p1a: Rotom|Thunderbolt|p2a: Armarouge\n|-resisted|p2a: Armarouge\n|-damage|p2a: Armarouge|0 fnt\n|faint|p2a: Armarouge\n|-damage|p1a: Rotom|75\/100|[from] item: Life Orb\n|\n|-damage|p2b: Sneasler|71\/100 brn|[from] brn\n|-sideend|p1: yohjek|move: Aurora Veil\n|upkeep\n|turn|9\n|j| Imburningbabe\n|\n|t:|1700056638\n|move|p2b: Sneasler|Dire Claw|p1a: Rotom\n|-damage|p1a: Rotom|52\/100\n|-status|p1a: Rotom|slp\n|cant|p1a: Rotom|slp\n|\n|-damage|p2b: Sneasler|65\/100 brn|[from] brn\n|upkeep\n|turn|10\n|\n|t:|1700056647\n|move|p2b: Sneasler|Dire Claw|p1a: Rotom\n|-damage|p1a: Rotom|28\/100 slp\n|cant|p1a: Rotom|slp\n|\n|-damage|p2b: Sneasler|59\/100 brn|[from] brn\n|upkeep\n|turn|11\n|\n|t:|1700056654\n|move|p2b: Sneasler|Close Combat|p1a: Rotom\n|-damage|p1a: Rotom|0 fnt\n|-unboost|p2b: Sneasler|def|1\n|-unboost|p2b: Sneasler|spd|1\n|faint|p1a: Rotom\n|\n|win|extracute\n|raw|yohjek's rating: 1424 &rarr; <strong>1405<\/strong><br \/>(-19 for losing)\n|raw|extracute's rating: 1437 &rarr; <strong>1456<\/strong><br \/>(+19 for winning)\n|l|\u2606yohjek\n","uploadtime":1700056834,"views":12,"p1id":"yohjek","p2id":"extracute","formatid":"gen9vgc2023regulatione","rating":1405,"private":0,"password":""}