{"id":"gen9vgc2023regulatione-1998513147","p1":"LechonkBro","p2":"Testmaymay","format":"[Gen 9] VGC 2023 Regulation E","log":"|j|\u2606LechonkBro\n|j|\u2606Testmaymay\n|t:|1700950839\n|gametype|doubles\n|player|p1|LechonkBro|brycenman|1555\n|player|p2|Testmaymay|102|1556\n|teamsize|p1|6\n|teamsize|p2|6\n|gen|9\n|tier|[Gen 9] VGC 2023 Regulation E\n|rated|\n|rule|Species Clause: Limit one of each Pok\u00e9mon\n|rule|Item Clause: Limit one of each item\n|clearpoke\n|poke|p1|Annihilape, L50, M|\n|poke|p1|Cresselia, L50, F|\n|poke|p1|Maushold-Four, L50|\n|poke|p1|Flutter Mane, L50|\n|poke|p1|Chien-Pao, L50|\n|poke|p1|Arcanine-Hisui, L50, F|\n|poke|p2|Ninetales-Alola, L50, M|\n|poke|p2|Iron Bundle, L50|\n|poke|p2|Armarouge, L50, F|\n|poke|p2|Indeedee-F, L50, F|\n|poke|p2|Sneasler, L50, F|\n|poke|p2|Mamoswine, L50, M|\n|teampreview|4\n|inactive|Battle timer is ON: inactive players will automatically lose when time's up. (requested by LechonkBro)\n|inactive|Testmaymay has 60 seconds left.\n|inactive|Testmaymay has 30 seconds left.\n|inactive|Testmaymay has 20 seconds left.\n|\n|t:|1700950910\n|start\n|switch|p1a: Arcanine|Arcanine-Hisui, L50, F, shiny|100\/100\n|switch|p1b: Chien-Pao|Chien-Pao, L50|100\/100\n|switch|p2a: Grinch|Armarouge, L50, F|100\/100\n|switch|p2b: Cindy Lou|Indeedee-F, L50, F|100\/100\n|-ability|p1b: Chien-Pao|Sword of Ruin\n|-ability|p1a: Arcanine|Intimidate|boost\n|-unboost|p2a: Grinch|atk|1\n|-unboost|p2b: Cindy Lou|atk|1\n|-fieldstart|move: Psychic Terrain|[from] ability: Psychic Surge|[of] p2b: Cindy Lou\n|turn|1\n|\n|t:|1700950926\n|move|p2b: Cindy Lou|Follow Me|p2b: Cindy Lou\n|-singleturn|p2b: Cindy Lou|move: Follow Me\n|move|p1b: Chien-Pao|Taunt|p2b: Cindy Lou\n|-start|p2b: Cindy Lou|move: Taunt\n|move|p2a: Grinch|Aura Sphere|p1b: Chien-Pao\n|-supereffective|p1b: Chien-Pao\n|-enditem|p1b: Chien-Pao|Focus Sash\n|-damage|p1b: Chien-Pao|1\/100\n|move|p1a: Arcanine|Rock Slide|p2b: Cindy Lou|[spread] p2a,p2b\n|-supereffective|p2a: Grinch\n|-damage|p2a: Grinch|19\/100\n|-damage|p2b: Cindy Lou|64\/100\n|-ability|p2a: Grinch|Weak Armor|boost\n|-unboost|p2a: Grinch|def|1\n|-boost|p2a: Grinch|spe|2\n|-enditem|p2a: Grinch|Weakness Policy\n|-boost|p2a: Grinch|atk|2|[from] item: Weakness Policy\n|-boost|p2a: Grinch|spa|2|[from] item: Weakness Policy\n|\n|upkeep\n|turn|2\n|inactive|LechonkBro has 30 seconds left.\n|inactive|Testmaymay has 30 seconds left.\n|\n|t:|1700950957\n|switch|p2b: Mrs. Claus|Ninetales-Alola, L50, M|100\/100\n|-weather|Snow|[from] ability: Snow Warning|[of] p2b: Mrs. Claus\n|-terastallize|p2a: Grinch|Psychic\n|move|p2a: Grinch|Expanding Force|p1b: Chien-Pao|[spread] p1a\n|-immune|p1b: Chien-Pao\n|-damage|p1a: Arcanine|0 fnt\n|faint|p1a: Arcanine\n|move|p1b: Chien-Pao|Icicle Crash|p2b: Mrs. Claus\n|-resisted|p2b: Mrs. Claus\n|-damage|p2b: Mrs. Claus|72\/100\n|\n|-weather|Snow|[upkeep]\n|upkeep\n|\n|t:|1700950971\n|switch|p1a: Cresselia|Cresselia, L50, F, shiny|100\/100\n|turn|3\n|inactive|Testmaymay has 30 seconds left.\n|\n|t:|1700951002\n|move|p1a: Cresselia|Ally Switch|p1a: Cresselia\n|swap|p1a: Cresselia|1|[from] move: Ally Switch\n|move|p2a: Grinch|Armor Cannon|p1b: Cresselia\n|-damage|p1b: Cresselia|30\/100\n|-unboost|p2a: Grinch|def|1\n|-unboost|p2a: Grinch|spd|1\n|move|p1a: Chien-Pao|Icicle Crash|p2a: Grinch\n|-crit|p2a: Grinch\n|-damage|p2a: Grinch|0 fnt\n|faint|p2a: Grinch\n|move|p2b: Mrs. Claus|Blizzard|p1b: Cresselia|[spread] p1a,p1b\n|-resisted|p1a: Chien-Pao\n|-damage|p1a: Chien-Pao|0 fnt\n|-damage|p1b: Cresselia|11\/100\n|faint|p1a: Chien-Pao\n|\n|-weather|Snow|[upkeep]\n|upkeep\n|\n|t:|1700951018\n|switch|p1a: Annihilape|Annihilape, L50, M|100\/100\n|switch|p2a: Rudolph|Mamoswine, L50, M|100\/100\n|turn|4\n|inactive|Testmaymay has 30 seconds left.\n|\n|t:|1700951044\n|-terastallize|p1a: Annihilape|Water\n|move|p2b: Mrs. Claus|Blizzard|p1a: Annihilape|[spread] p1a,p1b\n|-resisted|p1a: Annihilape\n|-damage|p1a: Annihilape|88\/100\n|-damage|p1b: Cresselia|0 fnt\n|faint|p1b: Cresselia\n|move|p1a: Annihilape|Bulk Up|p1a: Annihilape\n|-boost|p1a: Annihilape|atk|1\n|-boost|p1a: Annihilape|def|1\n|move|p2a: Rudolph|High Horsepower|p1a: Annihilape\n|-damage|p1a: Annihilape|54\/100\n|\n|-weather|Snow|[upkeep]\n|-heal|p1a: Annihilape|60\/100|[from] item: Leftovers\n|upkeep\n|turn|5\n|\n|t:|1700951062\n|move|p1a: Annihilape|Protect|p1a: Annihilape\n|-singleturn|p1a: Annihilape|Protect\n|move|p2b: Mrs. Claus|Moonblast|p1a: Annihilape\n|-activate|p1a: Annihilape|move: Protect\n|move|p2a: Rudolph|High Horsepower|p1a: Annihilape\n|-activate|p1a: Annihilape|move: Protect\n|\n|-weather|Snow|[upkeep]\n|-heal|p1a: Annihilape|66\/100|[from] item: Leftovers\n|-fieldend|move: Psychic Terrain\n|upkeep\n|turn|6\n|\n|t:|1700951077\n|move|p2b: Mrs. Claus|Moonblast|p1a: Annihilape\n|-damage|p1a: Annihilape|39\/100\n|move|p1a: Annihilape|Drain Punch|p2a: Rudolph\n|-supereffective|p2a: Rudolph\n|-damage|p2a: Rudolph|35\/100\n|-heal|p1a: Annihilape|72\/100|[from] drain|[of] p2a: Rudolph\n|move|p2a: Rudolph|High Horsepower|p1a: Annihilape\n|-damage|p1a: Annihilape|34\/100\n|\n|-weather|none\n|-heal|p1a: Annihilape|40\/100|[from] item: Leftovers\n|upkeep\n|turn|7\n|inactive|LechonkBro has 30 seconds left.\n|\n|t:|1700951109\n|move|p2b: Mrs. Claus|Icy Wind|p1a: Annihilape|[miss]\n|-miss|p2b: Mrs. Claus|p1a: Annihilape\n|move|p1a: Annihilape|Drain Punch|p2a: Rudolph\n|-supereffective|p2a: Rudolph\n|-damage|p2a: Rudolph|0 fnt\n|-heal|p1a: Annihilape|57\/100|[from] drain|[of] p2a: Rudolph\n|faint|p2a: Rudolph\n|\n|-heal|p1a: Annihilape|64\/100|[from] item: Leftovers\n|upkeep\n|\n|t:|1700951111\n|switch|p2a: Cindy Lou|Indeedee-F, L50, F|64\/100\n|-fieldstart|move: Psychic Terrain|[from] ability: Psychic Surge|[of] p2a: Cindy Lou\n|turn|8\n|\n|t:|1700951124\n|move|p1a: Annihilape|Protect|p1a: Annihilape\n|-singleturn|p1a: Annihilape|Protect\n|move|p2b: Mrs. Claus|Moonblast|p1a: Annihilape\n|-activate|p1a: Annihilape|move: Protect\n|move|p2a: Cindy Lou|Psychic|p1a: Annihilape\n|-activate|p1a: Annihilape|move: Protect\n|\n|-heal|p1a: Annihilape|70\/100|[from] item: Leftovers\n|upkeep\n|turn|9\n|\n|t:|1700951135\n|move|p2b: Mrs. Claus|Moonblast|p1a: Annihilape\n|-damage|p1a: Annihilape|41\/100\n|move|p1a: Annihilape|Rage Fist|p2b: Mrs. Claus\n|-damage|p2b: Mrs. Claus|0 fnt\n|faint|p2b: Mrs. Claus\n|move|p2a: Cindy Lou|Psychic|p1a: Annihilape\n|-damage|p1a: Annihilape|13\/100\n|\n|-heal|p1a: Annihilape|19\/100|[from] item: Leftovers\n|upkeep\n|turn|10\n|\n|t:|1700951147\n|move|p1a: Annihilape|Protect|p1a: Annihilape\n|-singleturn|p1a: Annihilape|Protect\n|move|p2a: Cindy Lou|Psychic|p1a: Annihilape\n|-activate|p1a: Annihilape|move: Protect\n|\n|-heal|p1a: Annihilape|25\/100|[from] item: Leftovers\n|upkeep\n|turn|11\n|\n|t:|1700951155\n|move|p1a: Annihilape|Drain Punch|p2a: Cindy Lou\n|-damage|p2a: Cindy Lou|15\/100\n|-heal|p1a: Annihilape|46\/100|[from] drain|[of] p2a: Cindy Lou\n|-damage|p1a: Annihilape|29\/100|[from] item: Rocky Helmet|[of] p2a: Cindy Lou\n|move|p2a: Cindy Lou|Psychic|p1a: Annihilape\n|-damage|p1a: Annihilape|0 fnt\n|faint|p1a: Annihilape\n|\n|win|Testmaymay\n|raw|LechonkBro's rating: 1555 &rarr; <strong>1535<\/strong><br \/>(-20 for losing)\n|raw|Testmaymay's rating: 1556 &rarr; <strong>1576<\/strong><br \/>(+20 for winning)\n|l|\u2606LechonkBro\n","uploadtime":1700951179,"views":2,"p1id":"lechonkbro","p2id":"testmaymay","formatid":"gen9vgc2023regulatione","rating":1535,"private":0,"password":""}