{"id":"gen9vgc2023regulatione-1999308349","p1":"mocha_06","p2":"Ensioa","format":"[Gen 9] VGC 2023 Regulation E","log":"|j|\u2606mocha_06\n|j|\u2606Ensioa\n|n|\u2606mocha_06|mocha06\n|n|\u2606Ensioa|ensioa\n|html|View the match progress at <a href=\"\/game-bestof3-gen9vgc2023regulatione-1999307177\">game-bestof3-gen9vgc2023regulatione-1999307177<\/a>\n|t:|1701058116\n|gametype|doubles\n|player|p1|mocha_06|101|\n|player|p2|Ensioa|cynthia-anime|\n|teamsize|p1|6\n|teamsize|p2|6\n|gen|9\n|tier|[Gen 9] VGC 2023 Regulation E\n|rated|Tournament battle\n|rule|Species Clause: Limit one of each Pok\u00e9mon\n|rule|Item Clause: Limit one of each item\n|clearpoke\n|poke|p1|Amoonguss, L50, F|\n|poke|p1|Urshifu-*, L50, M|\n|poke|p1|Iron Hands, L50|\n|poke|p1|Gholdengo, L50|\n|poke|p1|Flutter Mane, L50|\n|poke|p1|Tornadus, L50, M|\n|poke|p2|Chien-Pao, L50|\n|poke|p2|Arcanine-Hisui, L50, M|\n|poke|p2|Rillaboom, L50, F|\n|poke|p2|Urshifu-*, L50, F|\n|poke|p2|Tornadus, L50, M|\n|poke|p2|Gholdengo, L50|\n|teampreview|4\n|showteam|p1|Amoonguss||SitrusBerry|Regenerator|Spore,RagePowder,Protect,PollenPuff|||F|||50|,,,,,Water]Urshifu||FocusSash|UnseenFist|CloseCombat,SuckerPunch,Detect,WickedBlow|||M|||50|,,,,,Dark]Iron Hands||AssaultVest|QuarkDrive|FakeOut,WildCharge,HeavySlam,DrainPunch||||||50|,,,,,Fire]Gholdengo||LifeOrb|GoodasGold|MakeItRain,ShadowBall,FocusBlast,Protect||||||50|,,,,,Dragon]Flutter Mane||BoosterEnergy|Protosynthesis|DazzlingGleam,ShadowBall,Protect,Moonblast||||||50|,,,,,Fairy]Tornadus||CovertCloak|Prankster|Tailwind,BleakwindStorm,Protect,Taunt|||M|||50|,,,,,Dark\n|showteam|p2|Chien-Pao||FocusSash|SwordofRuin|IcicleCrash,SuckerPunch,SacredSword,Protect||||||50|,,,,,Ghost]Arcanine-Hisui||ChoiceBand|Intimidate|FlareBlitz,RockSlide,ExtremeSpeed,TeraBlast|||M|||50|,,,,,Fairy]Rillaboom||AssaultVest|GrassySurge|Uturn,WoodHammer,GrassyGlide,FakeOut|||F|||50|,,,,,Grass]Urshifu-Rapid-Strike||ChoiceScarf|UnseenFist|SurgingStrikes,CloseCombat,AquaJet,Uturn|||F|||50|,,,,,Water]Tornadus||RockyHelmet|Prankster|BleakwindStorm,Tailwind,RainDance,Protect|||M|||50|,,,,,Steel]Gholdengo||Leftovers|GoodasGold|MakeItRain,ShadowBall,NastyPlot,Protect||||||50|,,,,,Dragon\n|inactive|Battle timer is ON: inactive players will automatically lose when time's up. (requested by Ensioa)\n|inactive|mocha_06 has 60 seconds left.\n|j|%Radio Free C-Side\n|inactive|mocha_06 has 30 seconds left.\n|\n|t:|1701058183\n|start\n|switch|p1a: Tornadus|Tornadus, L50, M|100\/100\n|switch|p1b: Iron Hands|Iron Hands, L50|100\/100\n|switch|p2a: Rillaboom|Rillaboom, L50, F, shiny|100\/100\n|switch|p2b: Gholdengo|Gholdengo, L50, shiny|100\/100\n|-fieldstart|move: Grassy Terrain|[from] ability: Grassy Surge|[of] p2a: Rillaboom\n|turn|1\n|\n|t:|1701058206\n|switch|p2a: Arcanine|Arcanine-Hisui, L50, M, shiny|100\/100\n|-ability|p2a: Arcanine|Intimidate|boost\n|-unboost|p1a: Tornadus|atk|1\n|-unboost|p1b: Iron Hands|atk|1\n|move|p1a: Tornadus|Tailwind|p1a: Tornadus\n|-sidestart|p1: mocha_06|move: Tailwind\n|move|p1b: Iron Hands|Wild Charge|p2b: Gholdengo\n|-damage|p2b: Gholdengo|64\/100\n|-damage|p1b: Iron Hands|94\/100|[from] Recoil\n|move|p2b: Gholdengo|Nasty Plot|p2b: Gholdengo\n|-boost|p2b: Gholdengo|spa|2\n|\n|-heal|p1b: Iron Hands|99\/100|[from] Grassy Terrain\n|-heal|p2b: Gholdengo|70\/100|[from] Grassy Terrain\n|-heal|p2b: Gholdengo|77\/100|[from] item: Leftovers\n|upkeep\n|turn|2\n|inactive|mocha_06 has 30 seconds left.\n|\n|t:|1701058236\n|move|p1a: Tornadus|Bleakwind Storm|p2a: Arcanine|[spread] p2a,p2b\n|-resisted|p2a: Arcanine\n|-resisted|p2b: Gholdengo\n|-damage|p2a: Arcanine|81\/100\n|-damage|p2b: Gholdengo|61\/100\n|move|p2a: Arcanine|Rock Slide|p1a: Tornadus|[spread] p1a,p1b\n|-supereffective|p1a: Tornadus\n|-resisted|p1b: Iron Hands\n|-damage|p1a: Tornadus|0 fnt\n|-damage|p1b: Iron Hands|87\/100\n|faint|p1a: Tornadus\n|move|p1b: Iron Hands|Wild Charge|p2b: Gholdengo\n|-damage|p2b: Gholdengo|24\/100\n|-damage|p1b: Iron Hands|80\/100|[from] Recoil\n|move|p2b: Gholdengo|Shadow Ball|p1b: Iron Hands\n|-damage|p1b: Iron Hands|32\/100\n|\n|-heal|p2a: Arcanine|87\/100|[from] Grassy Terrain\n|-heal|p1b: Iron Hands|38\/100|[from] Grassy Terrain\n|-heal|p2b: Gholdengo|31\/100|[from] Grassy Terrain\n|-heal|p2b: Gholdengo|37\/100|[from] item: Leftovers\n|upkeep\n|\n|t:|1701058252\n|switch|p1a: Urshifu|Urshifu, L50, M|100\/100\n|turn|3\n|inactive|mocha_06 has 30 seconds left.\n|inactive|mocha_06 has 20 seconds left.\n|inactive|mocha_06 has 15 seconds left.\n|inactive|mocha_06 has 10 seconds left.\n|\n|t:|1701058298\n|switch|p2b: Rillaboom|Rillaboom, L50, F, shiny|100\/100\n|-terastallize|p2a: Arcanine|Fairy\n|move|p1a: Urshifu|Wicked Blow|p2b: Rillaboom\n|-crit|p2b: Rillaboom\n|-damage|p2b: Rillaboom|36\/100\n|move|p2a: Arcanine|Rock Slide|p1b: Iron Hands|[spread] p1a,p1b\n|-resisted|p1a: Urshifu\n|-resisted|p1b: Iron Hands\n|-damage|p1a: Urshifu|78\/100\n|-damage|p1b: Iron Hands|23\/100\n|move|p1b: Iron Hands|Drain Punch|p2a: Arcanine\n|-resisted|p2a: Arcanine\n|-damage|p2a: Arcanine|68\/100\n|-heal|p1b: Iron Hands|30\/100|[from] drain|[of] p2a: Arcanine\n|\n|-heal|p1a: Urshifu|84\/100|[from] Grassy Terrain\n|-heal|p2a: Arcanine|74\/100|[from] Grassy Terrain\n|-heal|p1b: Iron Hands|36\/100|[from] Grassy Terrain\n|-heal|p2b: Rillaboom|41\/100|[from] Grassy Terrain\n|upkeep\n|turn|4\n|j| Tagiruz\n|inactive|mocha_06 has 30 seconds left.\n|inactive|mocha_06 has 20 seconds left.\n|inactive|Ensioa has 30 seconds left.\n|\n|t:|1701058338\n|-end|p1b: Iron Hands|Quark Drive|[silent]\n|switch|p1b: Flutter Mane|Flutter Mane, L50|100\/100\n|-enditem|p1b: Flutter Mane|Booster Energy\n|-activate|p1b: Flutter Mane|ability: Protosynthesis|[fromitem]\n|-start|p1b: Flutter Mane|protosynthesisspa\n|move|p1a: Urshifu|Detect|p1a: Urshifu\n|-singleturn|p1a: Urshifu|Protect\n|move|p2b: Rillaboom|Grassy Glide|p1b: Flutter Mane\n|-damage|p1b: Flutter Mane|20\/100\n|move|p2a: Arcanine|Rock Slide|p1b: Flutter Mane|[spread] p1b\n|-activate|p1a: Urshifu|move: Protect\n|-damage|p1b: Flutter Mane|0 fnt\n|faint|p1b: Flutter Mane\n|-end|p1b: Flutter Mane|Protosynthesis|[silent]\n|\n|-heal|p1a: Urshifu|90\/100|[from] Grassy Terrain\n|-heal|p2a: Arcanine|81\/100|[from] Grassy Terrain\n|-heal|p2b: Rillaboom|47\/100|[from] Grassy Terrain\n|-sideend|p1: mocha_06|move: Tailwind\n|upkeep\n|\n|t:|1701058350\n|switch|p1b: Iron Hands|Iron Hands, L50|36\/100\n|turn|5\n|j| Fire410\n|inactive|mocha_06 has 30 seconds left.\n|inactive|mocha_06 has 20 seconds left.\n|\n|t:|1701058388\n|-terastallize|p1a: Urshifu|Dark\n|move|p1b: Iron Hands|Fake Out|p2a: Arcanine\n|-damage|p2a: Arcanine|61\/100\n|move|p1a: Urshifu|Sucker Punch|p2b: Rillaboom\n|-damage|p2b: Rillaboom|0 fnt\n|faint|p2b: Rillaboom\n|cant|p2a: Arcanine|flinch\n|\n|-heal|p1a: Urshifu|95\/100|[from] Grassy Terrain\n|-heal|p2a: Arcanine|67\/100|[from] Grassy Terrain\n|-heal|p1b: Iron Hands|42\/100|[from] Grassy Terrain\n|-fieldend|move: Grassy Terrain\n|upkeep\n|\n|t:|1701058396\n|switch|p2b: Tornadus|Tornadus, L50, M, shiny|100\/100\n|turn|6\n|inactive|mocha_06 has 30 seconds left.\n|inactive|mocha_06 has 20 seconds left.\n|inactive|mocha_06 has 15 seconds left.\n|inactive|Ensioa has 30 seconds left.\n|\n|t:|1701058439\n|switch|p2a: Gholdengo|Gholdengo, L50, shiny|37\/100\n|move|p1a: Urshifu|Detect|p1a: Urshifu\n|-singleturn|p1a: Urshifu|Protect\n|move|p2b: Tornadus|Tailwind|p2b: Tornadus\n|-sidestart|p2: Ensioa|move: Tailwind\n|move|p1b: Iron Hands|Wild Charge|p2b: Tornadus\n|-supereffective|p2b: Tornadus\n|-damage|p2b: Tornadus|0 fnt\n|-damage|p1b: Iron Hands|25\/100|[from] item: Rocky Helmet|[of] p2b: Tornadus\n|faint|p2b: Tornadus\n|-damage|p1b: Iron Hands|8\/100|[from] Recoil\n|\n|-heal|p2a: Gholdengo|43\/100|[from] item: Leftovers\n|upkeep\n|\n|t:|1701058448\n|switch|p2b: Arcanine|Arcanine-Hisui, L50, M, shiny, tera:Fairy|67\/100\n|-ability|p2b: Arcanine|Intimidate|boost\n|-unboost|p1a: Urshifu|atk|1\n|-unboost|p1b: Iron Hands|atk|1\n|turn|7\n|\n|t:|1701058465\n|move|p2a: Gholdengo|Protect|p2a: Gholdengo\n|-singleturn|p2a: Gholdengo|Protect\n|move|p1a: Urshifu|Sucker Punch||[still]\n|-fail|p1a: Urshifu\n|move|p2b: Arcanine|Tera Blast|p1a: Urshifu|[anim] Tera Blast Fairy\n|-supereffective|p1a: Urshifu\n|-damage|p1a: Urshifu|0 fnt\n|faint|p1a: Urshifu\n|move|p1b: Iron Hands|Heavy Slam|p2b: Arcanine\n|-supereffective|p2b: Arcanine\n|-damage|p2b: Arcanine|29\/100\n|\n|-heal|p2a: Gholdengo|49\/100|[from] item: Leftovers\n|upkeep\n|turn|8\n|-message|mocha_06 forfeited.\n|\n|win|Ensioa\n|l|\u2606mocha_06\n|c|&|\/uhtml prompt-mocha06,mocha_06 is ready for game 3!\n","uploadtime":1701058481,"views":4,"p1id":"mocha06","p2id":"ensioa","formatid":"gen9vgc2023regulatione","rating":0,"private":0,"password":""}