{"id":"gen9vgc2023regulatione-1993927548","p1":"PunkRockObstagoon","p2":"Fookus","format":"[Gen 9] VGC 2023 Regulation E","log":"|j|\u2606PunkRockObstagoon\n|j|\u2606Fookus\n|t:|1700376905\n|gametype|doubles\n|player|p1|PunkRockObstagoon|hilbert|1450\n|player|p2|Fookus|266|1576\n|teamsize|p1|6\n|teamsize|p2|6\n|gen|9\n|tier|[Gen 9] VGC 2023 Regulation E\n|rated|\n|rule|Species Clause: Limit one of each Pok\u00e9mon\n|rule|Item Clause: Limit one of each item\n|clearpoke\n|poke|p1|Spinarak, L50, M|\n|poke|p1|Tatsugiri-Droopy, L50, M|\n|poke|p1|Lurantis, L50, F|\n|poke|p1|Armarouge, L50, M|\n|poke|p1|Farigiraf, L50, F|\n|poke|p1|Roaring Moon, L50|\n|poke|p2|Ninetales-Alola, L50, F|\n|poke|p2|Tornadus, L50, M|\n|poke|p2|Flutter Mane, L50|\n|poke|p2|Rillaboom, L50, M|\n|poke|p2|Sneasler, L50, M|\n|poke|p2|Heatran, L50, F|\n|teampreview|4\n|inactive|Battle timer is ON: inactive players will automatically lose when time's up. (requested by PunkRockObstagoon)\n|c|\u2606Fookus|glhf\n|inactive|PunkRockObstagoon has 60 seconds left.\n|inactive|Fookus has 60 seconds left.\n|\n|t:|1700376952\n|start\n|switch|p1a: Roaring Moon|Roaring Moon, L50|100\/100\n|switch|p1b: Farigiraf|Farigiraf, L50, F|100\/100\n|switch|p2a: Flutter Mane|Flutter Mane, L50|100\/100\n|switch|p2b: Sneasler|Sneasler, L50, M|100\/100\n|-enditem|p1a: Roaring Moon|Booster Energy\n|-activate|p1a: Roaring Moon|ability: Protosynthesis|[fromitem]\n|-start|p1a: Roaring Moon|protosynthesisspe\n|turn|1\n|\n|t:|1700376965\n|move|p1a: Roaring Moon|Protect|p1a: Roaring Moon\n|-singleturn|p1a: Roaring Moon|Protect\n|move|p2b: Sneasler|Dire Claw|p1a: Roaring Moon\n|-activate|p1a: Roaring Moon|move: Protect\n|move|p2a: Flutter Mane|Dazzling Gleam|p1b: Farigiraf|[spread] p1b\n|-activate|p1a: Roaring Moon|move: Protect\n|-damage|p1b: Farigiraf|41\/100\n|move|p1b: Farigiraf|Psychic|p2b: Sneasler\n|-supereffective|p2b: Sneasler\n|-enditem|p2b: Sneasler|Focus Sash\n|-damage|p2b: Sneasler|1\/100\n|\n|upkeep\n|turn|2\n|inactive|PunkRockObstagoon has 30 seconds left.\n|\n|t:|1700376991\n|move|p2b: Sneasler|Dire Claw|p1a: Roaring Moon\n|-damage|p1a: Roaring Moon|53\/100\n|move|p1a: Roaring Moon|Iron Head|p2a: Flutter Mane\n|-supereffective|p2a: Flutter Mane\n|-damage|p2a: Flutter Mane|0 fnt\n|faint|p2a: Flutter Mane\n|-end|p2a: Flutter Mane|Protosynthesis|[silent]\n|move|p1b: Farigiraf|Psychic|p2b: Sneasler\n|-supereffective|p2b: Sneasler\n|-damage|p2b: Sneasler|0 fnt\n|faint|p2b: Sneasler\n|\n|upkeep\n|\n|t:|1700376997\n|switch|p2b: Tornadus|Tornadus, L50, M|100\/100\n|switch|p2a: Heatran|Heatran, L50, F|100\/100\n|turn|3\n|inactive|PunkRockObstagoon has 30 seconds left.\n|\n|t:|1700377025\n|move|p1a: Roaring Moon|Knock Off|p2a: Heatran\n|-damage|p2a: Heatran|58\/100\n|-enditem|p2a: Heatran|Life Orb|[from] move: Knock Off|[of] p1a: Roaring Moon\n|move|p2b: Tornadus|Bleakwind Storm|p1a: Roaring Moon|[spread] p1a,p1b\n|-damage|p1a: Roaring Moon|16\/100\n|-damage|p1b: Farigiraf|0 fnt\n|-unboost|p1a: Roaring Moon|spe|1\n|faint|p1b: Farigiraf\n|move|p2a: Heatran|Heat Wave|p1a: Roaring Moon\n|-resisted|p1a: Roaring Moon\n|-damage|p1a: Roaring Moon|0 fnt\n|faint|p1a: Roaring Moon\n|-end|p1a: Roaring Moon|Protosynthesis|[silent]\n|\n|upkeep\n|\n|t:|1700377027\n|switch|p1a: Lurantis|Lurantis, L50, F|100\/100\n|switch|p1b: Armarouge|Armarouge, L50, M|100\/100\n|turn|4\n|\n|t:|1700377039\n|-terastallize|p2b: Tornadus|Flying\n|move|p1b: Armarouge|Wide Guard|p1b: Armarouge\n|-singleturn|p1b: Armarouge|Wide Guard\n|move|p2b: Tornadus|Bleakwind Storm|p1a: Lurantis|[spread] \n|-activate|p1a: Lurantis|move: Wide Guard\n|-activate|p1b: Armarouge|move: Wide Guard\n|move|p2a: Heatran|Earth Power|p1b: Armarouge\n|-supereffective|p1b: Armarouge\n|-damage|p1b: Armarouge|25\/100\n|move|p1a: Lurantis|Superpower|p2a: Heatran\n|-supereffective|p2a: Heatran\n|-crit|p2a: Heatran\n|-damage|p2a: Heatran|0 fnt\n|-boost|p1a: Lurantis|atk|1\n|-boost|p1a: Lurantis|def|1\n|faint|p2a: Heatran\n|\n|upkeep\n|turn|5\n|c|\u2606Fookus|ggwp\n|-message|Fookus forfeited.\n|\n|win|PunkRockObstagoon\n|raw|PunkRockObstagoon's rating: 1450 &rarr; <strong>1477<\/strong><br \/>(+27 for winning)\n|raw|Fookus's rating: 1576 &rarr; <strong>1549<\/strong><br \/>(-27 for losing)\n","uploadtime":1700377069,"views":7,"p1id":"punkrockobstagoon","p2id":"fookus","formatid":"gen9vgc2023regulatione","rating":1477,"private":0,"password":""}