{"id":"gen9vgc2023regulatione-1999545137","p1":"Lucawufflekinz","p2":"bomerang_9","format":"[Gen 9] VGC 2023 Regulation E","log":"|j|\u2606Lucawufflekinz\n|j|\u2606bomerang_9\n|t:|1701094638\n|gametype|doubles\n|player|p1|Lucawufflekinz|169|1237\n|player|p2|bomerang_9|hilbert|1197\n|teamsize|p1|6\n|teamsize|p2|6\n|gen|9\n|tier|[Gen 9] VGC 2023 Regulation E\n|rated|\n|rule|Species Clause: Limit one of each Pok\u00e9mon\n|rule|Item Clause: Limit one of each item\n|clearpoke\n|poke|p1|Scream Tail, L50|\n|poke|p1|Ninetales-Alola, L50, F|\n|poke|p1|Baxcalibur, L50, M|\n|poke|p1|Arcanine-Hisui, L50, M|\n|poke|p1|Ogerpon, L50, F|\n|poke|p1|Gyarados, L50, F|\n|poke|p2|Spectrier, L50|\n|poke|p2|Mimikyu, L50, M|\n|poke|p2|Ogerpon-Wellspring, L50, F|\n|poke|p2|Tauros-Paldea-Blaze, L50, M|\n|poke|p2|Corviknight, L50, M|\n|poke|p2|Ursaluna-Bloodmoon, L50, M|\n|teampreview|4\n|\n|t:|1701094677\n|start\n|switch|p1a: Gyarados|Gyarados, L50, F|100\/100\n|switch|p1b: Scream Tail|Scream Tail, L50|100\/100\n|switch|p2a: Corviknight|Corviknight, L50, M|100\/100\n|switch|p2b: Tauros|Tauros-Paldea-Blaze, L50, M|100\/100\n|-ability|p2b: Tauros|Intimidate|boost\n|-unboost|p1a: Gyarados|atk|1\n|-unboost|p1b: Scream Tail|atk|1\n|-ability|p1a: Gyarados|Intimidate|boost\n|-ability|p2a: Corviknight|Mirror Armor\n|-unboost|p1a: Gyarados|atk|1\n|-unboost|p2b: Tauros|atk|1\n|-enditem|p1b: Scream Tail|Booster Energy\n|-activate|p1b: Scream Tail|ability: Protosynthesis|[fromitem]\n|-start|p1b: Scream Tail|protosynthesisspe\n|turn|1\n|\n|t:|1701094723\n|switch|p2b: Ogerpon|Ogerpon-Wellspring, L50, F|100\/100\n|move|p1b: Scream Tail|Play Rough|p2b: Ogerpon\n|-damage|p2b: Ogerpon|84\/100\n|move|p1a: Gyarados|Thunder Wave|p2b: Ogerpon\n|-status|p2b: Ogerpon|par\n|move|p2a: Corviknight|Bulk Up|p2a: Corviknight\n|-boost|p2a: Corviknight|atk|1\n|-boost|p2a: Corviknight|def|1\n|\n|upkeep\n|turn|2\n|\n|t:|1701094743\n|move|p2b: Ogerpon|Follow Me|p2b: Ogerpon\n|-singleturn|p2b: Ogerpon|move: Follow Me\n|move|p1b: Scream Tail|Encore|p2b: Ogerpon\n|-start|p2b: Ogerpon|Encore\n|move|p1a: Gyarados|Taunt|p2b: Ogerpon\n|-start|p2b: Ogerpon|move: Taunt\n|move|p2a: Corviknight|Iron Head|p1b: Scream Tail\n|-supereffective|p1b: Scream Tail\n|-damage|p1b: Scream Tail|25\/100\n|\n|upkeep\n|turn|3\n|\n|t:|1701094759\n|switch|p2b: Tauros|Tauros-Paldea-Blaze, L50, M|100\/100\n|-ability|p2b: Tauros|Intimidate|boost\n|-unboost|p1a: Gyarados|atk|1\n|-unboost|p1b: Scream Tail|atk|1\n|move|p1b: Scream Tail|Disable|p2a: Corviknight\n|-start|p2a: Corviknight|Disable|Iron Head\n|move|p1a: Gyarados|Thunder Wave|p2a: Corviknight\n|-status|p2a: Corviknight|par\n|cant|p2a: Corviknight|Disable|Iron Head\n|\n|upkeep\n|turn|4\n|\n|t:|1701094782\n|move|p2b: Tauros|Stone Edge|p1a: Gyarados|[miss]\n|-miss|p2b: Tauros|p1a: Gyarados\n|move|p1b: Scream Tail|Encore|p2a: Corviknight\n|-start|p2a: Corviknight|Encore\n|move|p1a: Gyarados|Thunder Wave|p2b: Tauros\n|-status|p2b: Tauros|par\n|cant|p2a: Corviknight|Disable|Iron Head\n|\n|upkeep\n|turn|5\n|\n|t:|1701094803\n|switch|p1a: Ninetales|Ninetales-Alola, L50, F|100\/100\n|-weather|Snow|[from] ability: Snow Warning|[of] p1a: Ninetales\n|switch|p2a: Ogerpon|Ogerpon-Wellspring, L50, F|84\/100 par\n|move|p1b: Scream Tail|Disable|p2b: Tauros\n|-start|p2b: Tauros|Disable|Stone Edge\n|cant|p2b: Tauros|Disable|Stone Edge\n|\n|-weather|Snow|[upkeep]\n|upkeep\n|turn|6\n|\n|t:|1701094821\n|switch|p2b: Corviknight|Corviknight, L50, M|100\/100 par\n|move|p1b: Scream Tail|Encore||[still]\n|-fail|p1b: Scream Tail\n|move|p1a: Ninetales|Aurora Veil|p1a: Ninetales\n|-sidestart|p1: Lucawufflekinz|move: Aurora Veil\n|cant|p2a: Ogerpon|par\n|\n|-weather|Snow|[upkeep]\n|upkeep\n|turn|7\n|\n|t:|1701094839\n|-end|p1b: Scream Tail|Protosynthesis|[silent]\n|switch|p1b: Baxcalibur|Baxcalibur, L50, M|100\/100\n|move|p1a: Ninetales|Blizzard|p2a: Ogerpon|[spread] p2a,p2b\n|-damage|p2a: Ogerpon|62\/100 par\n|-damage|p2b: Corviknight|76\/100 par\n|move|p2a: Ogerpon|Ivy Cudgel|p1b: Baxcalibur|[anim] Ivy Cudgel Water\n|-resisted|p1b: Baxcalibur\n|-damage|p1b: Baxcalibur|89\/100\n|cant|p2b: Corviknight|par\n|\n|-weather|Snow|[upkeep]\n|upkeep\n|turn|8\n|\n|t:|1701094863\n|switch|p1a: Scream Tail|Scream Tail, L50|25\/100\n|move|p2a: Ogerpon|Spiky Shield|p2a: Ogerpon\n|-singleturn|p2a: Ogerpon|move: Protect\n|move|p1b: Baxcalibur|Icicle Spear|p2b: Corviknight\n|-damage|p2b: Corviknight|62\/100 par\n|-damage|p2b: Corviknight|50\/100 par\n|-enditem|p2b: Corviknight|Sitrus Berry|[eat]\n|-heal|p2b: Corviknight|75\/100 par|[from] item: Sitrus Berry\n|-damage|p2b: Corviknight|61\/100 par\n|-damage|p2b: Corviknight|48\/100 par\n|-damage|p2b: Corviknight|34\/100 par\n|-hitcount|p2b: Corviknight|5\n|move|p2b: Corviknight|Iron Head|p1b: Baxcalibur\n|-supereffective|p1b: Baxcalibur\n|-damage|p1b: Baxcalibur|65\/100\n|\n|-weather|Snow|[upkeep]\n|upkeep\n|turn|9\n|\n|t:|1701094889\n|move|p1a: Scream Tail|Howl|p1a: Scream Tail|[spread] p1a,p1b\n|-boost|p1a: Scream Tail|atk|1\n|-boost|p1b: Baxcalibur|atk|1\n|move|p1b: Baxcalibur|Icicle Spear|p2b: Corviknight\n|-damage|p2b: Corviknight|15\/100 par\n|-damage|p2b: Corviknight|0 fnt\n|faint|p2b: Corviknight\n|-hitcount|p2: Corviknight|2\n|cant|p2a: Ogerpon|par\n|\n|-weather|none\n|upkeep\n|\n|t:|1701094900\n|switch|p2b: Tauros|Tauros-Paldea-Blaze, L50, M|100\/100 par\n|-ability|p2b: Tauros|Intimidate|boost\n|-unboost|p1a: Scream Tail|atk|1\n|-unboost|p1b: Baxcalibur|atk|1\n|turn|10\n|\n|t:|1701094927\n|move|p1b: Baxcalibur|Protect|p1b: Baxcalibur\n|-singleturn|p1b: Baxcalibur|Protect\n|move|p2a: Ogerpon|Follow Me|p2a: Ogerpon\n|-singleturn|p2a: Ogerpon|move: Follow Me\n|move|p1a: Scream Tail|Encore|p2a: Ogerpon\n|-start|p2a: Ogerpon|Encore\n|move|p2b: Tauros|Flare Blitz|p1a: Scream Tail\n|-damage|p1a: Scream Tail|0 fnt\n|faint|p1a: Scream Tail\n|-end|p1a: Scream Tail|Protosynthesis|[silent]\n|-damage|p2b: Tauros|88\/100 par|[from] Recoil\n|\n|upkeep\n|\n|t:|1701094939\n|switch|p1a: Gyarados|Gyarados, L50, F|100\/100\n|-ability|p1a: Gyarados|Intimidate|boost\n|-unboost|p2a: Ogerpon|atk|1\n|-unboost|p2b: Tauros|atk|1\n|turn|11\n|\n|t:|1701094968\n|switch|p2b: Spectrier|Spectrier, L50|100\/100\n|switch|p1a: Ninetales|Ninetales-Alola, L50, F|100\/100\n|-weather|Snow|[from] ability: Snow Warning|[of] p1a: Ninetales\n|cant|p2a: Ogerpon|par\n|move|p1b: Baxcalibur|Icicle Spear|p2a: Ogerpon\n|-damage|p2a: Ogerpon|46\/100 par\n|-damage|p2a: Ogerpon|30\/100 par\n|-damage|p2a: Ogerpon|13\/100 par\n|-damage|p2a: Ogerpon|0 fnt\n|faint|p2a: Ogerpon\n|-hitcount|p2: Ogerpon|4\n|\n|-weather|Snow|[upkeep]\n|upkeep\n|\n|t:|1701094978\n|switch|p2a: Tauros|Tauros-Paldea-Blaze, L50, M|88\/100 par\n|-ability|p2a: Tauros|Intimidate|boost\n|-unboost|p1a: Ninetales|atk|1\n|-unboost|p1b: Baxcalibur|atk|1\n|turn|12\n|\n|t:|1701094995\n|switch|p1b: Gyarados|Gyarados, L50, F|100\/100\n|-ability|p1b: Gyarados|Intimidate|boost\n|-unboost|p2a: Tauros|atk|1\n|-unboost|p2b: Spectrier|atk|1\n|-terastallize|p2b: Spectrier|Fairy\n|move|p2b: Spectrier|Draining Kiss|p1b: Gyarados\n|-damage|p1b: Gyarados|83\/100\n|move|p1a: Ninetales|Icy Wind|p2a: Tauros|[spread] p2a,p2b\n|-resisted|p2a: Tauros\n|-damage|p2a: Tauros|80\/100 par\n|-damage|p2b: Spectrier|86\/100\n|-unboost|p2a: Tauros|spe|1\n|-unboost|p2b: Spectrier|spe|1\n|move|p2a: Tauros|Flare Blitz|p1a: Ninetales\n|-supereffective|p1a: Ninetales\n|-damage|p1a: Ninetales|62\/100\n|-damage|p2a: Tauros|64\/100 par|[from] Recoil\n|\n|-weather|Snow|[upkeep]\n|-heal|p2b: Spectrier|93\/100|[from] item: Leftovers\n|upkeep\n|turn|13\n|\n|t:|1701095032\n|switch|p1b: Baxcalibur|Baxcalibur, L50, M|65\/100\n|move|p2b: Spectrier|Protect|p2b: Spectrier\n|-singleturn|p2b: Spectrier|Protect\n|move|p1a: Ninetales|Blizzard|p2b: Spectrier|[spread] p2a\n|-activate|p2b: Spectrier|move: Protect\n|-resisted|p2a: Tauros\n|-damage|p2a: Tauros|43\/100 par\n|move|p2a: Tauros|Flare Blitz|p1a: Ninetales\n|-supereffective|p1a: Ninetales\n|-damage|p1a: Ninetales|19\/100\n|-damage|p2a: Tauros|26\/100 par|[from] Recoil\n|\n|-weather|Snow|[upkeep]\n|-heal|p2b: Spectrier|99\/100|[from] item: Leftovers\n|-sideend|p1: Lucawufflekinz|move: Aurora Veil\n|upkeep\n|turn|14\n|\n|t:|1701095058\n|switch|p1a: Gyarados|Gyarados, L50, F|83\/100\n|-ability|p1a: Gyarados|Intimidate|boost\n|-unboost|p2a: Tauros|atk|1\n|-unboost|p2b: Spectrier|atk|1\n|-terastallize|p1b: Baxcalibur|Water\n|move|p2b: Spectrier|Draining Kiss|p1b: Baxcalibur\n|-damage|p1b: Baxcalibur|34\/100\n|-heal|p2b: Spectrier|100\/100|[from] drain|[of] p1b: Baxcalibur\n|move|p1b: Baxcalibur|Icicle Spear|p2b: Spectrier\n|-damage|p2b: Spectrier|83\/100\n|-damage|p2b: Spectrier|65\/100\n|-damage|p2b: Spectrier|46\/100\n|-damage|p2b: Spectrier|28\/100\n|-hitcount|p2b: Spectrier|4\n|move|p2a: Tauros|Flare Blitz|p1a: Gyarados\n|-resisted|p1a: Gyarados\n|-damage|p1a: Gyarados|69\/100\n|-damage|p2a: Tauros|20\/100 par|[from] Recoil\n|\n|-weather|Snow|[upkeep]\n|-heal|p2b: Spectrier|34\/100|[from] item: Leftovers\n|upkeep\n|turn|15\n|\n|t:|1701095084\n|move|p1a: Gyarados|Helping Hand|p1b: Baxcalibur\n|-singleturn|p1b: Baxcalibur|Helping Hand|[of] p1a: Gyarados\n|move|p1b: Baxcalibur|Ice Shard|p2b: Spectrier\n|-damage|p2b: Spectrier|0 fnt\n|faint|p2b: Spectrier\n|cant|p2a: Tauros|par\n|\n|-weather|none\n|upkeep\n|turn|16\n|-message|bomerang_9 forfeited.\n|\n|win|Lucawufflekinz\n|raw|Lucawufflekinz's rating: 1237 &rarr; <strong>1259<\/strong><br \/>(+22 for winning)\n|raw|bomerang_9's rating: 1197 &rarr; <strong>1175<\/strong><br \/>(-22 for losing)\n|l|\u2606bomerang_9\n","uploadtime":1701095122,"views":3,"p1id":"lucawufflekinz","p2id":"bomerang9","formatid":"gen9vgc2023regulatione","rating":1175,"private":0,"password":""}