{"id":"gen9vgc2023regulatione-1998417675","p1":"meesterkrebs","p2":"SomecallmeReggie","format":"[Gen 9] VGC 2023 Regulation E","log":"|j|\u2606meesterkrebs\n|j|\u2606SomecallmeReggie\n|t:|1700940038\n|gametype|doubles\n|player|p1|meesterkrebs|steven|1107\n|player|p2|SomecallmeReggie|nate|1142\n|teamsize|p1|6\n|teamsize|p2|6\n|gen|9\n|tier|[Gen 9] VGC 2023 Regulation E\n|rated|\n|rule|Species Clause: Limit one of each Pok\u00e9mon\n|rule|Item Clause: Limit one of each item\n|clearpoke\n|poke|p1|Urshifu-*, L50, F|\n|poke|p1|Gholdengo, L50|\n|poke|p1|Arcanine, L50, F|\n|poke|p1|Rillaboom, L50, F|\n|poke|p1|Sableye, L50, F|\n|poke|p1|Roaring Moon, L50|\n|poke|p2|Iron Bundle, L50|\n|poke|p2|Tornadus-Therian, L50, M|\n|poke|p2|Dragonite, L50, F|\n|poke|p2|Iron Hands, L50|\n|poke|p2|Zoroark-Hisui, L50, F|\n|poke|p2|Urshifu-*, L50, F|\n|teampreview|4\n|inactive|Battle timer is ON: inactive players will automatically lose when time's up. (requested by SomecallmeReggie)\n|\n|t:|1700940089\n|start\n|switch|p1a: Sableye|Sableye, L50, F|100\/100\n|switch|p1b: Roaring Moon|Roaring Moon, L50|100\/100\n|switch|p2a: Iron Bundle|Iron Bundle, L50, shiny|100\/100\n|switch|p2b: Tornadus|Tornadus-Therian, L50, M, shiny|100\/100\n|-enditem|p1b: Roaring Moon|Booster Energy\n|-activate|p1b: Roaring Moon|ability: Protosynthesis|[fromitem]\n|-start|p1b: Roaring Moon|protosynthesisspe\n|turn|1\n|\n|t:|1700940110\n|move|p1b: Roaring Moon|Protect|p1b: Roaring Moon\n|-singleturn|p1b: Roaring Moon|Protect\n|move|p1a: Sableye|Will-O-Wisp|p2a: Iron Bundle\n|-status|p2a: Iron Bundle|brn\n|move|p2a: Iron Bundle|Icy Wind|p1a: Sableye|[spread] p1a\n|-activate|p1b: Roaring Moon|move: Protect\n|-damage|p1a: Sableye|77\/100\n|-unboost|p1a: Sableye|spe|1\n|move|p2b: Tornadus|Snowscape|p2b: Tornadus\n|-weather|Snow\n|\n|-weather|Snow|[upkeep]\n|-damage|p2a: Iron Bundle|94\/100 brn|[from] brn\n|-status|p2b: Tornadus|tox|[from] item: Toxic Orb\n|upkeep\n|turn|2\n|inactive|meesterkrebs has 30 seconds left.\n|inactive|SomecallmeReggie has 30 seconds left.\n|inactive|meesterkrebs has 20 seconds left.\n|inactive|meesterkrebs has 15 seconds left.\n|\n|t:|1700940155\n|move|p1a: Sableye|Disable|p2a: Iron Bundle\n|-start|p2a: Iron Bundle|Disable|Icy Wind\n|move|p1b: Roaring Moon|Knock Off|p2b: Tornadus\n|-damage|p2b: Tornadus|38\/100 tox\n|-enditem|p2b: Tornadus|Toxic Orb|[from] move: Knock Off|[of] p1b: Roaring Moon\n|move|p2a: Iron Bundle|Freeze-Dry|p1b: Roaring Moon\n|-supereffective|p1b: Roaring Moon\n|-crit|p1b: Roaring Moon\n|-damage|p1b: Roaring Moon|6\/100\n|move|p2b: Tornadus|Facade|p1b: Roaring Moon\n|-damage|p1b: Roaring Moon|0 fnt\n|faint|p1b: Roaring Moon\n|-end|p1b: Roaring Moon|Protosynthesis|[silent]\n|\n|-weather|Snow|[upkeep]\n|-damage|p2b: Tornadus|32\/100 tox|[from] psn\n|-damage|p2a: Iron Bundle|88\/100 brn|[from] brn\n|upkeep\n|inactive|meesterkrebs has 30 seconds left.\n|\n|t:|1700940183\n|switch|p1b: Gholdengo|Gholdengo, L50|100\/100\n|turn|3\n|\n|t:|1700940201\n|switch|p2b: Urshifu|Urshifu, L50, F|100\/100\n|move|p1a: Sableye|Encore|p2b: Urshifu\n|-hint|Since gen 7, Dark is immune to Prankster moves.\n|-immune|p2b: Urshifu\n|move|p2a: Iron Bundle|Hydro Pump|p1a: Sableye|[miss]\n|-miss|p2a: Iron Bundle|p1a: Sableye\n|-enditem|p2a: Iron Bundle|Blunder Policy\n|-boost|p2a: Iron Bundle|spe|2\n|move|p1b: Gholdengo|Make It Rain|p2b: Urshifu|[spread] p2a,p2b\n|-damage|p2a: Iron Bundle|0 fnt\n|-damage|p2b: Urshifu|30\/100\n|-unboost|p1b: Gholdengo|spa|1\n|faint|p2a: Iron Bundle\n|-end|p2a: Iron Bundle|Quark Drive|[silent]\n|\n|-weather|Snow|[upkeep]\n|upkeep\n|\n|t:|1700940219\n|switch|p2a: Iron Hands|Iron Hands, L50|100\/100\n|turn|4\n|\n|t:|1700940236\n|-terastallize|p1b: Gholdengo|Fairy\n|move|p1a: Sableye|Will-O-Wisp|p2a: Iron Hands\n|-status|p2a: Iron Hands|brn\n|move|p2b: Urshifu|Wicked Blow|p1b: Gholdengo\n|-resisted|p1b: Gholdengo\n|-crit|p1b: Gholdengo\n|-damage|p1b: Gholdengo|75\/100\n|move|p1b: Gholdengo|Dazzling Gleam|p2a: Iron Hands|[spread] p2a,p2b\n|-supereffective|p2a: Iron Hands\n|-supereffective|p2b: Urshifu\n|-damage|p2a: Iron Hands|79\/100 brn\n|-damage|p2b: Urshifu|0 fnt\n|faint|p2b: Urshifu\n|move|p2a: Iron Hands|Wild Charge|p1b: Gholdengo\n|-damage|p1b: Gholdengo|51\/100\n|-damage|p2a: Iron Hands|75\/100 brn|[from] Recoil\n|\n|-weather|Snow|[upkeep]\n|-heal|p1b: Gholdengo|57\/100|[from] item: Leftovers\n|-damage|p2a: Iron Hands|69\/100 brn|[from] brn\n|upkeep\n|\n|t:|1700940253\n|switch|p2b: Tornadus|Tornadus-Therian, L50, M, shiny|65\/100 tox\n|turn|5\n|\n|t:|1700940268\n|move|p1b: Gholdengo|Protect|p1b: Gholdengo\n|-singleturn|p1b: Gholdengo|Protect\n|move|p1a: Sableye|Disable|p2a: Iron Hands\n|-start|p2a: Iron Hands|Disable|Wild Charge\n|move|p2b: Tornadus|Bleakwind Storm|p1b: Gholdengo|[spread] p1a\n|-activate|p1b: Gholdengo|move: Protect\n|-damage|p1a: Sableye|37\/100\n|-unboost|p1a: Sableye|spe|1\n|cant|p2a: Iron Hands|Disable|Wild Charge\n|\n|-weather|none\n|-heal|p1b: Gholdengo|64\/100|[from] item: Leftovers\n|-damage|p2b: Tornadus|59\/100 tox|[from] psn\n|-damage|p2a: Iron Hands|62\/100 brn|[from] brn\n|upkeep\n|turn|6\n|inactive|SomecallmeReggie has 30 seconds left.\n|\n|t:|1700940295\n|switch|p1b: Rillaboom|Rillaboom, L50, F|100\/100\n|-fieldstart|move: Grassy Terrain|[from] ability: Grassy Surge|[of] p1b: Rillaboom\n|move|p1a: Sableye|Encore|p2a: Iron Hands\n|-start|p2a: Iron Hands|Encore\n|move|p2b: Tornadus|Facade|p1b: Rillaboom\n|-damage|p1b: Rillaboom|68\/100\n|cant|p2a: Iron Hands|Disable|Wild Charge\n|\n|-heal|p1b: Rillaboom|74\/100|[from] Grassy Terrain\n|-heal|p2a: Iron Hands|69\/100 brn|[from] Grassy Terrain\n|-heal|p1a: Sableye|43\/100|[from] Grassy Terrain\n|-damage|p2b: Tornadus|47\/100 tox|[from] psn\n|-damage|p2a: Iron Hands|62\/100 brn|[from] brn\n|upkeep\n|turn|7\n|inactive|meesterkrebs has 30 seconds left.\n|\n|t:|1700940333\n|move|p1b: Rillaboom|Fake Out|p2b: Tornadus\n|-damage|p2b: Tornadus|25\/100 tox\n|move|p1a: Sableye|Encore|p2b: Tornadus\n|-start|p2b: Tornadus|Encore\n|cant|p2b: Tornadus|flinch\n|-activate|p2a: Iron Hands|move: Struggle\n|move|p2a: Iron Hands|Struggle|p1a: Sableye\n|-damage|p1a: Sableye|28\/100\n|-damage|p2a: Iron Hands|37\/100 brn|[from] recoil\n|\n|-heal|p1b: Rillaboom|80\/100|[from] Grassy Terrain\n|-heal|p2a: Iron Hands|44\/100 brn|[from] Grassy Terrain\n|-heal|p1a: Sableye|34\/100|[from] Grassy Terrain\n|-damage|p2b: Tornadus|8\/100 tox|[from] psn\n|-damage|p2a: Iron Hands|37\/100 brn|[from] brn\n|upkeep\n|turn|8\n|\n|t:|1700940353\n|move|p1a: Sableye|Disable|p2b: Tornadus\n|-start|p2b: Tornadus|Disable|Facade\n|cant|p2b: Tornadus|Disable|Facade\n|move|p1b: Rillaboom|High Horsepower|p2a: Iron Hands\n|-supereffective|p2a: Iron Hands\n|-damage|p2a: Iron Hands|0 fnt\n|faint|p2a: Iron Hands\n|-end|p2a: Iron Hands|Quark Drive|[silent]\n|\n|-heal|p1b: Rillaboom|86\/100|[from] Grassy Terrain\n|-heal|p1a: Sableye|39\/100|[from] Grassy Terrain\n|-damage|p2b: Tornadus|0 fnt|[from] psn\n|faint|p2b: Tornadus\n|\n|win|meesterkrebs\n|upkeep\n|raw|meesterkrebs's rating: 1107 &rarr; <strong>1135<\/strong><br \/>(+28 for winning)\n|raw|SomecallmeReggie's rating: 1142 &rarr; <strong>1114<\/strong><br \/>(-28 for losing)\n|c|\u2606meesterkrebs|gg\n|c|\u2606SomecallmeReggie|gg\n|c|\u2606meesterkrebs|bird is cool\n|c|\u2606SomecallmeReggie|ye thanks i just made this team i wanted to try it out\n|l|\u2606meesterkrebs\n","uploadtime":1700940372,"views":13,"p1id":"meesterkrebs","p2id":"somecallmereggie","formatid":"gen9vgc2023regulatione","rating":1114,"private":0,"password":""}