{"id":"gen9vgc2023regulatione-1989680749","p1":"vamplordyt","p2":"javilongots","format":"[Gen 9] VGC 2023 Regulation E","log":"|j|\u2606vamplordyt\n|j|\u2606javilongots\n|t:|1699886287\n|gametype|doubles\n|player|p1|vamplordyt|acerola|1321\n|player|p2|javilongots|palmer|1331\n|teamsize|p1|6\n|teamsize|p2|6\n|gen|9\n|tier|[Gen 9] VGC 2023 Regulation E\n|rated|\n|rule|Species Clause: Limit one of each Pok\u00e9mon\n|rule|Item Clause: Limit one of each item\n|clearpoke\n|poke|p1|Espathra, L50, F|\n|poke|p1|Milotic, L50, M|\n|poke|p1|Chi-Yu, L50|\n|poke|p1|Stonjourner, L50, F|\n|poke|p1|Gholdengo, L50|\n|poke|p1|Gastrodon, L50, M|\n|poke|p2|Iron Hands, L50|\n|poke|p2|Oranguru, L50, F|\n|poke|p2|Ursaluna-Bloodmoon, L50, M|\n|poke|p2|Kingambit, L50, F|\n|poke|p2|Milotic, L50, F|\n|poke|p2|Ogerpon-Hearthflame, L50, F|\n|teampreview|4\n|inactive|Battle timer is ON: inactive players will automatically lose when time's up. (requested by vamplordyt)\nvamplordyt has agreed to open team sheets.\n|inactive|vamplordyt has 60 seconds left.\n|inactive|javilongots has 60 seconds left.\n|\n|t:|1699886337\n|start\n|switch|p1a: Chi-Yu|Chi-Yu, L50|100\/100\n|switch|p1b: Stonjourner|Stonjourner, L50, F, shiny|100\/100\n|switch|p2a: Ogerpon|Ogerpon-Hearthflame, L50, F|100\/100\n|switch|p2b: Oranguru|Oranguru, L50, F|100\/100\n|-ability|p1a: Chi-Yu|Beads of Ruin\n|-ability|p2a: Ogerpon|Mold Breaker\n|turn|1\n|inactive|javilongots has 30 seconds left.\n|inactive|vamplordyt has 30 seconds left.\n|\n|t:|1699886369\n|-terastallize|p1a: Chi-Yu|Ghost\n|-terastallize|p2b: Oranguru|Dark\n|move|p1a: Chi-Yu|Heat Wave|p2a: Ogerpon|[spread] p2a,p2b\n|-crit|p2a: Ogerpon\n|-damage|p2a: Ogerpon|0 fnt\n|-damage|p2b: Oranguru|17\/100\n|faint|p2a: Ogerpon\n|move|p1b: Stonjourner|Rock Slide|p2b: Oranguru\n|-damage|p2b: Oranguru|0 fnt\n|faint|p2b: Oranguru\n|\n|upkeep\n|\n|t:|1699886381\n|switch|p2a: Iron Hands|Iron Hands, L50|100\/100\n|switch|p2b: Kingambit|Kingambit, L50, F|100\/100\n|turn|2\n|\n|t:|1699886399\n|switch|p1a: Gastrodon|Gastrodon, L50, M, shiny|100\/100\n|move|p1b: Stonjourner|Protect|p1b: Stonjourner\n|-singleturn|p1b: Stonjourner|Protect\n|move|p2a: Iron Hands|Fake Out|p1b: Stonjourner\n|-activate|p1b: Stonjourner|move: Protect\n|move|p2b: Kingambit|Sucker Punch||[still]\n|-fail|p2b: Kingambit\n|\n|upkeep\n|turn|3\n|inactive|vamplordyt has 30 seconds left.\n|inactive|javilongots has 30 seconds left.\n|\n|t:|1699886433\n|move|p1b: Stonjourner|Rock Slide|p2b: Kingambit|[spread] p2a,p2b\n|-resisted|p2a: Iron Hands\n|-resisted|p2b: Kingambit\n|-damage|p2a: Iron Hands|94\/100\n|-damage|p2b: Kingambit|91\/100\n|move|p2b: Kingambit|Kowtow Cleave|p1a: Gastrodon\n|-damage|p1a: Gastrodon|58\/100\n|move|p2a: Iron Hands|Drain Punch|p1a: Gastrodon\n|-damage|p1a: Gastrodon|23\/100\n|-heal|p2a: Iron Hands|100\/100|[from] drain|[of] p1a: Gastrodon\n|-enditem|p1a: Gastrodon|Sitrus Berry|[eat]\n|-heal|p1a: Gastrodon|48\/100|[from] item: Sitrus Berry\n|move|p1a: Gastrodon|Earth Power|p2b: Kingambit\n|-supereffective|p2b: Kingambit\n|-damage|p2b: Kingambit|33\/100\n|\n|upkeep\n|turn|4\n|\n|t:|1699886453\n|move|p1b: Stonjourner|Rock Slide|p2a: Iron Hands|[spread] p2a,p2b\n|-resisted|p2a: Iron Hands\n|-resisted|p2b: Kingambit\n|-damage|p2a: Iron Hands|93\/100\n|-damage|p2b: Kingambit|24\/100\n|cant|p2b: Kingambit|flinch\n|cant|p2a: Iron Hands|flinch\n|move|p1a: Gastrodon|Earth Power|p2b: Kingambit\n|-supereffective|p2b: Kingambit\n|-damage|p2b: Kingambit|0 fnt\n|faint|p2b: Kingambit\n|\n|upkeep\n|turn|5\n|\n|t:|1699886470\n|move|p1b: Stonjourner|Rock Slide|p2a: Iron Hands\n|-resisted|p2a: Iron Hands\n|-damage|p2a: Iron Hands|81\/100\n|move|p2a: Iron Hands|Heavy Slam|p1a: Gastrodon\n|-resisted|p1a: Gastrodon\n|-damage|p1a: Gastrodon|28\/100\n|move|p1a: Gastrodon|Earth Power|p2a: Iron Hands\n|-supereffective|p2a: Iron Hands\n|-damage|p2a: Iron Hands|6\/100\n|-unboost|p2a: Iron Hands|spd|1\n|-enditem|p2a: Iron Hands|Weakness Policy\n|-boost|p2a: Iron Hands|atk|2|[from] item: Weakness Policy\n|-boost|p2a: Iron Hands|spa|2|[from] item: Weakness Policy\n|\n|upkeep\n|turn|6\n|\n|t:|1699886483\n|move|p1b: Stonjourner|Rock Slide|p2a: Iron Hands\n|-resisted|p2a: Iron Hands\n|-damage|p2a: Iron Hands|0 fnt\n|faint|p2a: Iron Hands\n|-end|p2a: Iron Hands|Quark Drive|[silent]\n|\n|win|vamplordyt\n|raw|vamplordyt's rating: 1321 &rarr; <strong>1342<\/strong><br \/>(+21 for winning)\n|raw|javilongots's rating: 1331 &rarr; <strong>1310<\/strong><br \/>(-21 for losing)\n|c|\u2606vamplordyt|gg\n|c|\u2606javilongots|gg\n","uploadtime":1699886491,"views":27,"p1id":"vamplordyt","p2id":"javilongots","formatid":"gen9vgc2023regulatione","rating":1310,"private":0,"password":""}