{"id":"gen9vgc2023regulatione-1997956716","p1":"Ogskive","p2":"Gyro tul","format":"[Gen 9] VGC 2023 Regulation E","log":"|j|\u2606Ogskive\n|j|\u2606Gyro tul\n|t:|1700871978\n|gametype|doubles\n|player|p1|Ogskive|fisherman-gen4|1214\n|player|p2|Gyro tul|hilbert|1153\n|teamsize|p1|6\n|teamsize|p2|6\n|gen|9\n|tier|[Gen 9] VGC 2023 Regulation E\n|rated|\n|rule|Species Clause: Limit one of each Pok\u00e9mon\n|rule|Item Clause: Limit one of each item\n|clearpoke\n|poke|p1|Drifblim, L50, F|\n|poke|p1|Overqwil, L50, M|\n|poke|p1|Ting-Lu, L50|\n|poke|p1|Altaria, L50, F|\n|poke|p1|Rillaboom, L50, F|\n|poke|p1|Maushold-Four, L50|\n|poke|p2|Iron Hands, L50|\n|poke|p2|Arcanine-Hisui, L50, F|\n|poke|p2|Urshifu-*, L50, F|\n|poke|p2|Ogerpon-Cornerstone, L50, F|\n|poke|p2|Flutter Mane, L50|\n|poke|p2|Chien-Pao, L50|\n|teampreview|4\n|inactive|Battle timer is ON: inactive players will automatically lose when time's up. (requested by Gyro tul)\n|inactive|Ogskive also wants the timer to be on.\n|\n|t:|1700871992\n|start\n|switch|p1a: Transmutation|Rillaboom, L50, F|100\/100\n|switch|p1b: Illusion|Drifblim, L50, F|100\/100\n|switch|p2a: Iron Hands|Iron Hands, L50|100\/100\n|switch|p2b: Arcanine|Arcanine-Hisui, L50, F|100\/100\n|-ability|p2b: Arcanine|Intimidate|boost\n|-unboost|p1a: Transmutation|atk|1\n|-unboost|p1b: Illusion|atk|1\n|-fieldstart|move: Grassy Terrain|[from] ability: Grassy Surge|[of] p1a: Transmutation\n|-enditem|p1b: Illusion|Grassy Seed\n|-boost|p1b: Illusion|def|1|[from] item: Grassy Seed\n|turn|1\n|\n|t:|1700872008\n|-end|p2a: Iron Hands|Quark Drive|[silent]\n|switch|p2a: Flutter Mane|Flutter Mane, L50|100\/100\n|-enditem|p2a: Flutter Mane|Booster Energy\n|-activate|p2a: Flutter Mane|ability: Protosynthesis|[fromitem]\n|-start|p2a: Flutter Mane|protosynthesisspe\n|-terastallize|p2b: Arcanine|Fairy\n|move|p1b: Illusion|Phantom Force||[still]\n|-prepare|p1b: Illusion|Phantom Force\n|move|p2b: Arcanine|Rock Slide|p1a: Transmutation|[spread] p1a\n|-miss|p2b: Arcanine|p1b: Illusion\n|-damage|p1a: Transmutation|59\/100\n|cant|p1a: Transmutation|flinch\n|\n|-heal|p1a: Transmutation|65\/100|[from] Grassy Terrain\n|upkeep\n|turn|2\n|\n|t:|1700872028\n|move|p2a: Flutter Mane|Protect|p2a: Flutter Mane\n|-singleturn|p2a: Flutter Mane|Protect\n|move|p1a: Transmutation|Protect|p1a: Transmutation\n|-singleturn|p1a: Transmutation|Protect\n|move|p1b: Illusion|Phantom Force|p2a: Flutter Mane|[from]lockedmove\n|-activate|p2a: Flutter Mane|move: Phantom Force|[broken]\n|-supereffective|p2a: Flutter Mane\n|-damage|p2a: Flutter Mane|0 fnt\n|faint|p2a: Flutter Mane\n|-end|p2a: Flutter Mane|Protosynthesis|[silent]\n|move|p2b: Arcanine|Rock Slide|p1a: Transmutation|[spread] p1b\n|-activate|p1a: Transmutation|move: Protect\n|-supereffective|p1b: Illusion\n|-damage|p1b: Illusion|19\/100\n|\n|-heal|p1a: Transmutation|71\/100|[from] Grassy Terrain\n|upkeep\n|\n|t:|1700872044\n|switch|p2a: Iron Hands|Iron Hands, L50|100\/100\n|turn|3\n|\n|t:|1700872055\n|switch|p1b: Abjuration|Ting-Lu, L50|100\/100\n|-ability|p1b: Abjuration|Vessel of Ruin\n|switch|p1a: Necromancy|Altaria, L50, F|100\/100\n|-ability|p1a: Necromancy|Cloud Nine\n|move|p2a: Iron Hands|Fake Out|p1a: Necromancy\n|-damage|p1a: Necromancy|89\/100\n|move|p2b: Arcanine|Rock Slide|p1b: Abjuration|[spread] p1a,p1b\n|-supereffective|p1a: Necromancy\n|-resisted|p1b: Abjuration\n|-crit|p1b: Abjuration\n|-damage|p1a: Necromancy|30\/100\n|-damage|p1b: Abjuration|83\/100\n|\n|-heal|p1b: Abjuration|89\/100|[from] Grassy Terrain\n|-heal|p1b: Abjuration|96\/100|[from] item: Leftovers\n|upkeep\n|turn|4\n|\n|t:|1700872079\n|-terastallize|p1a: Necromancy|Steel\n|move|p2b: Arcanine|Rock Slide|p1b: Abjuration|[spread] p1b\n|-miss|p2b: Arcanine|p1a: Necromancy\n|-resisted|p1b: Abjuration\n|-damage|p1b: Abjuration|86\/100\n|move|p2a: Iron Hands|Drain Punch|p1b: Abjuration\n|-supereffective|p1b: Abjuration\n|-damage|p1b: Abjuration|47\/100\n|move|p1a: Necromancy|Roost|p1a: Necromancy\n|-heal|p1a: Necromancy|80\/100\n|move|p1b: Abjuration|Sand Tomb|p2a: Iron Hands\n|-supereffective|p2a: Iron Hands\n|-damage|p2a: Iron Hands|82\/100\n|-activate|p2a: Iron Hands|move: Sand Tomb|[of] p1b: Abjuration\n|\n|-heal|p2a: Iron Hands|88\/100|[from] Grassy Terrain\n|-heal|p1a: Necromancy|86\/100|[from] Grassy Terrain\n|-heal|p1b: Abjuration|53\/100|[from] Grassy Terrain\n|-heal|p1b: Abjuration|59\/100|[from] item: Leftovers\n|-damage|p2a: Iron Hands|75\/100|[from] move: Sand Tomb|[partiallytrapped]\n|upkeep\n|turn|5\n|\n|t:|1700872102\n|switch|p2b: Chien-Pao|Chien-Pao, L50|100\/100\n|-ability|p2b: Chien-Pao|Sword of Ruin\n|move|p2a: Iron Hands|Drain Punch|p1a: Necromancy\n|-supereffective|p1a: Necromancy\n|-damage|p1a: Necromancy|5\/100\n|-heal|p2a: Iron Hands|100\/100|[from] drain|[of] p1a: Necromancy\n|move|p1a: Necromancy|Perish Song|p1a: Necromancy\n|-start|p1a: Necromancy|perish3|[silent]\n|-start|p1b: Abjuration|perish3|[silent]\n|-start|p2a: Iron Hands|perish3|[silent]\n|-start|p2b: Chien-Pao|perish3|[silent]\n|-fieldactivate|move: Perish Song\n|move|p1b: Abjuration|Sand Tomb|p2b: Chien-Pao\n|-damage|p2b: Chien-Pao|82\/100\n|-activate|p2b: Chien-Pao|move: Sand Tomb|[of] p1b: Abjuration\n|\n|-heal|p2b: Chien-Pao|88\/100|[from] Grassy Terrain\n|-heal|p1a: Necromancy|11\/100|[from] Grassy Terrain\n|-heal|p1b: Abjuration|65\/100|[from] Grassy Terrain\n|-heal|p1b: Abjuration|71\/100|[from] item: Leftovers\n|-damage|p2b: Chien-Pao|76\/100|[from] move: Sand Tomb|[partiallytrapped]\n|-damage|p2a: Iron Hands|88\/100|[from] move: Sand Tomb|[partiallytrapped]\n|-start|p2b: Chien-Pao|perish3\n|-start|p2a: Iron Hands|perish3\n|-start|p1a: Necromancy|perish3\n|-start|p1b: Abjuration|perish3\n|-fieldend|move: Grassy Terrain\n|upkeep\n|turn|6\n|\n|t:|1700872124\n|move|p1a: Necromancy|Protect|p1a: Necromancy\n|-singleturn|p1a: Necromancy|Protect\n|move|p1b: Abjuration|Protect|p1b: Abjuration\n|-singleturn|p1b: Abjuration|Protect\n|move|p2b: Chien-Pao|Ice Spinner|p1b: Abjuration\n|-activate|p1b: Abjuration|move: Protect\n|move|p2a: Iron Hands|Drain Punch|p1a: Necromancy\n|-activate|p1a: Necromancy|move: Protect\n|\n|-heal|p1b: Abjuration|77\/100|[from] item: Leftovers\n|-damage|p2b: Chien-Pao|64\/100|[from] move: Sand Tomb|[partiallytrapped]\n|-damage|p2a: Iron Hands|76\/100|[from] move: Sand Tomb|[partiallytrapped]\n|-start|p2b: Chien-Pao|perish2\n|-start|p2a: Iron Hands|perish2\n|-start|p1a: Necromancy|perish2\n|-start|p1b: Abjuration|perish2\n|upkeep\n|turn|7\n|\n|t:|1700872142\n|switch|p1a: Transmutation|Rillaboom, L50, F|71\/100\n|-fieldstart|move: Grassy Terrain|[from] ability: Grassy Surge|[of] p1a: Transmutation\n|move|p2b: Chien-Pao|Ice Spinner|p1b: Abjuration\n|-supereffective|p1b: Abjuration\n|-damage|p1b: Abjuration|26\/100\n|-fieldend|move: Grassy Terrain\n|move|p2a: Iron Hands|Drain Punch|p1a: Transmutation\n|-damage|p1a: Transmutation|13\/100\n|-heal|p2a: Iron Hands|99\/100|[from] drain|[of] p1a: Transmutation\n|move|p1b: Abjuration|Rest|p1b: Abjuration\n|-status|p1b: Abjuration|slp|[from] move: Rest\n|-heal|p1b: Abjuration|100\/100 slp|[silent]\n|\n|-damage|p2b: Chien-Pao|51\/100|[from] move: Sand Tomb|[partiallytrapped]\n|-damage|p2a: Iron Hands|87\/100|[from] move: Sand Tomb|[partiallytrapped]\n|-start|p2b: Chien-Pao|perish1\n|-start|p2a: Iron Hands|perish1\n|-start|p1b: Abjuration|perish1\n|upkeep\n|turn|8\n|\n|t:|1700872164\n|switch|p1b: Illusion|Drifblim, L50, F|19\/100\n|move|p1a: Transmutation|Fake Out|p2b: Chien-Pao\n|-damage|p2b: Chien-Pao|31\/100\n|cant|p2b: Chien-Pao|flinch\n|move|p2a: Iron Hands|Drain Punch|p1a: Transmutation\n|-damage|p1a: Transmutation|0 fnt\n|-heal|p2a: Iron Hands|92\/100|[from] drain|[of] p1a: Transmutation\n|faint|p1a: Transmutation\n|\n|-end|p2b: Chien-Pao|Sand Tomb|[partiallytrapped]|[silent]\n|-end|p2a: Iron Hands|Sand Tomb|[partiallytrapped]\n|-start|p2b: Chien-Pao|perish0\n|-start|p2a: Iron Hands|perish0\n|upkeep\n|faint|p2b: Chien-Pao\n|faint|p2a: Iron Hands\n|-end|p2a: Iron Hands|Quark Drive|[silent]\n|\n|t:|1700872181\n|switch|p2b: Arcanine|Arcanine-Hisui, L50, F, tera:Fairy|100\/100\n|switch|p1a: Necromancy|Altaria, L50, F, tera:Steel|11\/100\n|-ability|p2b: Arcanine|Intimidate|boost\n|-unboost|p1a: Necromancy|atk|1\n|-unboost|p1b: Illusion|atk|1\n|-ability|p1a: Necromancy|Cloud Nine\n|turn|9\n|\n|t:|1700872192\n|move|p1a: Necromancy|Protect|p1a: Necromancy\n|-singleturn|p1a: Necromancy|Protect\n|move|p2b: Arcanine|Rock Slide|p1b: Illusion|[spread] p1b\n|-activate|p1a: Necromancy|move: Protect\n|-supereffective|p1b: Illusion\n|-damage|p1b: Illusion|0 fnt\n|faint|p1b: Illusion\n|\n|upkeep\n|\n|t:|1700872200\n|switch|p1b: Abjuration|Ting-Lu, L50|100\/100 slp\n|-ability|p1b: Abjuration|Vessel of Ruin\n|turn|10\n|\n|t:|1700872207\n|move|p2b: Arcanine|Rock Slide|p1a: Necromancy|[spread] p1a\n|-miss|p2b: Arcanine|p1b: Abjuration\n|-resisted|p1a: Necromancy\n|-damage|p1a: Necromancy|0 fnt\n|faint|p1a: Necromancy\n|cant|p1b: Abjuration|slp\n|\n|upkeep\n|turn|11\n|\n|t:|1700872217\n|move|p2b: Arcanine|Rock Slide|p1b: Abjuration\n|-resisted|p1b: Abjuration\n|-damage|p1b: Abjuration|86\/100 slp\n|cant|p1b: Abjuration|slp\n|\n|-heal|p1b: Abjuration|92\/100 slp|[from] item: Leftovers\n|upkeep\n|turn|12\n|\n|t:|1700872226\n|move|p2b: Arcanine|Rock Slide|p1b: Abjuration\n|-resisted|p1b: Abjuration\n|-damage|p1b: Abjuration|78\/100 slp\n|-curestatus|p1b: Abjuration|slp|[msg]\n|cant|p1b: Abjuration|flinch\n|\n|-heal|p1b: Abjuration|84\/100|[from] item: Leftovers\n|upkeep\n|turn|13\n|\n|t:|1700872236\n|move|p2b: Arcanine|Rock Slide|p1b: Abjuration\n|-resisted|p1b: Abjuration\n|-damage|p1b: Abjuration|71\/100\n|move|p1b: Abjuration|Sand Tomb|p2b: Arcanine\n|-damage|p2b: Arcanine|83\/100\n|-activate|p2b: Arcanine|move: Sand Tomb|[of] p1b: Abjuration\n|\n|-heal|p1b: Abjuration|77\/100|[from] item: Leftovers\n|-damage|p2b: Arcanine|71\/100|[from] move: Sand Tomb|[partiallytrapped]\n|upkeep\n|turn|14\n|\n|t:|1700872245\n|move|p1b: Abjuration|Protect|p1b: Abjuration\n|-singleturn|p1b: Abjuration|Protect\n|move|p2b: Arcanine|Rock Slide|p1b: Abjuration\n|-activate|p1b: Abjuration|move: Protect\n|\n|-heal|p1b: Abjuration|83\/100|[from] item: Leftovers\n|-damage|p2b: Arcanine|58\/100|[from] move: Sand Tomb|[partiallytrapped]\n|upkeep\n|turn|15\n|\n|t:|1700872253\n|move|p2b: Arcanine|Rock Slide|p1b: Abjuration\n|-resisted|p1b: Abjuration\n|-damage|p1b: Abjuration|69\/100\n|cant|p1b: Abjuration|flinch\n|\n|-heal|p1b: Abjuration|75\/100|[from] item: Leftovers\n|-damage|p2b: Arcanine|46\/100|[from] move: Sand Tomb|[partiallytrapped]\n|upkeep\n|turn|16\n|\n|t:|1700872260\n|move|p1b: Abjuration|Protect|p1b: Abjuration\n|-singleturn|p1b: Abjuration|Protect\n|move|p2b: Arcanine|Rock Slide|p1b: Abjuration\n|-activate|p1b: Abjuration|move: Protect\n|\n|-heal|p1b: Abjuration|81\/100|[from] item: Leftovers\n|-damage|p2b: Arcanine|33\/100|[from] move: Sand Tomb|[partiallytrapped]\n|upkeep\n|turn|17\n|\n|t:|1700872268\n|move|p2b: Arcanine|Rock Slide|p1b: Abjuration\n|-resisted|p1b: Abjuration\n|-damage|p1b: Abjuration|68\/100\n|move|p1b: Abjuration|Rock Slide|p2b: Arcanine\n|-damage|p2b: Arcanine|11\/100\n|\n|-heal|p1b: Abjuration|74\/100|[from] item: Leftovers\n|-damage|p2b: Arcanine|0 fnt|[from] move: Sand Tomb|[partiallytrapped]\n|faint|p2b: Arcanine\n|\n|win|Ogskive\n|upkeep\n|raw|Ogskive's rating: 1214 &rarr; <strong>1235<\/strong><br \/>(+21 for winning)\n|raw|Gyro tul's rating: 1153 &rarr; <strong>1132<\/strong><br \/>(-21 for losing)\n|l|\u2606Gyro tul\n|c|\u2606Ogskive|gg\n","uploadtime":1700872379,"views":8,"p1id":"ogskive","p2id":"gyrotul","formatid":"gen9vgc2023regulatione","rating":1132,"private":0,"password":""}