{"id":"gen9vgc2023regulatione-1991190472","p1":"Yahar","p2":"alfredo0396","format":"[Gen 9] VGC 2023 Regulation E","log":"|j|\u2606Yahar\n|j|\u2606alfredo0396\n|t:|1700055381\n|gametype|doubles\n|player|p1|Yahar|shauntal|1373\n|player|p2|alfredo0396|266|1451\n|teamsize|p1|6\n|teamsize|p2|6\n|gen|9\n|tier|[Gen 9] VGC 2023 Regulation E\n|rated|\n|rule|Species Clause: Limit one of each Pok\u00e9mon\n|rule|Item Clause: Limit one of each item\n|clearpoke\n|poke|p1|Zapdos, L50|\n|poke|p1|Iron Bundle, L50|\n|poke|p1|Heatran, L50, F|\n|poke|p1|Ogerpon-Wellspring, L50, F|\n|poke|p1|Rillaboom, L50, M|\n|poke|p1|Urshifu-*, L50, M|\n|poke|p2|Dudunsparce-*, L50, F|\n|poke|p2|Maushold-Four, L50|\n|poke|p2|Flutter Mane, L50|\n|poke|p2|Lilligant-Hisui, L50, F|\n|poke|p2|Torkoal, L50, M|\n|poke|p2|Ursaluna-Bloodmoon, L50, M|\n|teampreview|4\n|inactive|Battle timer is ON: inactive players will automatically lose when time's up. (requested by Yahar)\nYahar has agreed to open team sheets.\n|inactive|Yahar has 60 seconds left.\n|\n|t:|1700055425\n|start\n|switch|p1a: Rillaboom|Rillaboom, L50, M|100\/100\n|switch|p1b: Ogerpon|Ogerpon-Wellspring, L50, F|100\/100\n|switch|p2a: Maushold|Maushold-Four, L50|100\/100\n|switch|p2b: Dudunsparce|Dudunsparce-Three-Segment, L50, F|100\/100\n|-fieldstart|move: Grassy Terrain|[from] ability: Grassy Surge|[of] p1a: Rillaboom\n|turn|1\n|\n|t:|1700055438\n|-terastallize|p2b: Dudunsparce|Psychic\n|move|p1a: Rillaboom|Fake Out|p2b: Dudunsparce\n|-damage|p2b: Dudunsparce|92\/100\n|move|p1b: Ogerpon|Grassy Glide|p2a: Maushold\n|-damage|p2a: Maushold|42\/100\n|move|p2a: Maushold|Beat Up|p2b: Dudunsparce\n|-supereffective|p2b: Dudunsparce\n|-damage|p2b: Dudunsparce|89\/100\n|-ability|p2b: Dudunsparce|Rattled|boost\n|-boost|p2b: Dudunsparce|spe|1\n|-enditem|p2b: Dudunsparce|Weakness Policy\n|-boost|p2b: Dudunsparce|atk|2|[from] item: Weakness Policy\n|-boost|p2b: Dudunsparce|spa|2|[from] item: Weakness Policy\n|-supereffective|p2b: Dudunsparce\n|-damage|p2b: Dudunsparce|86\/100\n|-ability|p2b: Dudunsparce|Rattled|boost\n|-boost|p2b: Dudunsparce|spe|1\n|-supereffective|p2b: Dudunsparce\n|-damage|p2b: Dudunsparce|85\/100\n|-ability|p2b: Dudunsparce|Rattled|boost\n|-boost|p2b: Dudunsparce|spe|1\n|-supereffective|p2b: Dudunsparce\n|-damage|p2b: Dudunsparce|82\/100\n|-ability|p2b: Dudunsparce|Rattled|boost\n|-boost|p2b: Dudunsparce|spe|1\n|-hitcount|p2b: Dudunsparce|4\n|cant|p2b: Dudunsparce|flinch\n|\n|-heal|p2b: Dudunsparce|88\/100|[from] Grassy Terrain\n|-heal|p2a: Maushold|48\/100|[from] Grassy Terrain\n|upkeep\n|turn|2\n|inactive|alfredo0396 has 30 seconds left.\n|\n|t:|1700055464\n|move|p2a: Maushold|Follow Me|p2a: Maushold\n|-singleturn|p2a: Maushold|move: Follow Me\n|move|p1b: Ogerpon|Grassy Glide|p2a: Maushold\n|-damage|p2a: Maushold|0 fnt\n|faint|p2a: Maushold\n|move|p1a: Rillaboom|Grassy Glide|p2b: Dudunsparce\n|-damage|p2b: Dudunsparce|52\/100\n|move|p2b: Dudunsparce|Stored Power|p1a: Rillaboom\n|-damage|p1a: Rillaboom|0 fnt\n|faint|p1a: Rillaboom\n|\n|-heal|p2b: Dudunsparce|58\/100|[from] Grassy Terrain\n|upkeep\n|\n|t:|1700055484\n|switch|p2a: Flutter Mane|Flutter Mane, L50|100\/100\n|switch|p1a: Heatran|Heatran, L50, F, shiny|100\/100\n|-enditem|p2a: Flutter Mane|Booster Energy\n|-activate|p2a: Flutter Mane|ability: Protosynthesis|[fromitem]\n|-start|p2a: Flutter Mane|protosynthesisspa\n|turn|3\n|\n|t:|1700055508\n|move|p1b: Ogerpon|Grassy Glide|p2b: Dudunsparce\n|-damage|p2b: Dudunsparce|24\/100\n|move|p2b: Dudunsparce|Stored Power|p1b: Ogerpon\n|-damage|p1b: Ogerpon|0 fnt\n|faint|p1b: Ogerpon\n|move|p2a: Flutter Mane|Shadow Ball|p1a: Heatran\n|-crit|p1a: Heatran\n|-damage|p1a: Heatran|43\/100\n|move|p1a: Heatran|Flash Cannon|p2a: Flutter Mane\n|-supereffective|p2a: Flutter Mane\n|-damage|p2a: Flutter Mane|17\/100\n|\n|-heal|p2b: Dudunsparce|30\/100|[from] Grassy Terrain\n|-heal|p2a: Flutter Mane|24\/100|[from] Grassy Terrain\n|-heal|p1a: Heatran|49\/100|[from] Grassy Terrain\n|upkeep\n|\n|t:|1700055512\n|switch|p1b: Zapdos|Zapdos, L50|100\/100\n|turn|4\n|\n|t:|1700055528\n|move|p2b: Dudunsparce|Stored Power|p1b: Zapdos\n|-damage|p1b: Zapdos|0 fnt\n|faint|p1b: Zapdos\n|move|p2a: Flutter Mane|Shadow Ball|p1a: Heatran\n|-damage|p1a: Heatran|14\/100\n|move|p1a: Heatran|Heat Wave|p2a: Flutter Mane|[spread] p2a,p2b\n|-damage|p2a: Flutter Mane|0 fnt\n|-damage|p2b: Dudunsparce|0 fnt\n|faint|p2a: Flutter Mane\n|-end|p2a: Flutter Mane|Protosynthesis|[silent]\n|faint|p2b: Dudunsparce\n|\n|-heal|p1a: Heatran|20\/100|[from] Grassy Terrain\n|upkeep\n|\n|t:|1700055540\n|switch|p2b: Ursaluna|Ursaluna-Bloodmoon, L50, M|100\/100\n|turn|5\n|\n|t:|1700055546\n|-terastallize|p1a: Heatran|Grass\n|move|p1a: Heatran|Tera Blast|p2b: Ursaluna|[anim] Tera Blast Grass\n|-supereffective|p2b: Ursaluna\n|-damage|p2b: Ursaluna|4\/100\n|move|p2b: Ursaluna|Blood Moon|p1a: Heatran\n|-damage|p1a: Heatran|0 fnt\n|faint|p1a: Heatran\n|\n|win|alfredo0396\n|raw|Yahar's rating: 1373 &rarr; <strong>1357<\/strong><br \/>(-16 for losing)\n|raw|alfredo0396's rating: 1451 &rarr; <strong>1467<\/strong><br \/>(+16 for winning)\n","uploadtime":1700055564,"views":14,"p1id":"yahar","p2id":"alfredo0396","formatid":"gen9vgc2023regulatione","rating":1357,"private":0,"password":""}