{"id":"gen9vgc2023regulatione-1997992750","p1":"TREY_NJVGC","p2":"gourdinhimer","format":"[Gen 9] VGC 2023 Regulation E","log":"|j|\u2606TREY_NJVGC\n|j|\u2606gourdinhimer\n|t:|1700876398\n|gametype|doubles\n|player|p1|TREY_NJVGC|bede-leader|1088\n|player|p2|gourdinhimer|102|1096\n|teamsize|p1|6\n|teamsize|p2|6\n|gen|9\n|tier|[Gen 9] VGC 2023 Regulation E\n|rated|\n|rule|Species Clause: Limit one of each Pok\u00e9mon\n|rule|Item Clause: Limit one of each item\n|clearpoke\n|poke|p1|Urshifu-*, L50, F|\n|poke|p1|Politoed, L50, M|\n|poke|p1|Ludicolo, L50, M|\n|poke|p1|Thundurus-Therian, L50, M|\n|poke|p1|Tornadus, L50, M|\n|poke|p1|Sinistcha, L50|\n|poke|p2|Urshifu-*, L50, F|\n|poke|p2|Landorus-Therian, L50, M|\n|poke|p2|Iron Hands, L50|\n|poke|p2|Thundurus, L50, M|\n|poke|p2|Flutter Mane, L50|\n|poke|p2|Tornadus, L50, M|\n|teampreview|4\n|\n|t:|1700876451\n|start\n|switch|p1a: Politoed|Politoed, L50, M|100\/100\n|switch|p1b: Ludicolo|Ludicolo, L50, M|100\/100\n|switch|p2a: Thundurus|Thundurus, L50, M|100\/100\n|switch|p2b: Tornadus|Tornadus, L50, M|100\/100\n|-weather|RainDance|[from] ability: Drizzle|[of] p1a: Politoed\n|turn|1\n|\n|t:|1700876487\n|-terastallize|p1b: Ludicolo|Steel\n|move|p1b: Ludicolo|Ice Beam|p2b: Tornadus\n|-supereffective|p2b: Tornadus\n|-damage|p2b: Tornadus|43\/100\n|move|p2a: Thundurus|Wildbolt Storm|p1a: Politoed|[spread] p1a,p1b\n|-supereffective|p1a: Politoed\n|-damage|p1a: Politoed|45\/100\n|-damage|p1b: Ludicolo|75\/100\n|-status|p1b: Ludicolo|par\n|-enditem|p1a: Politoed|Sitrus Berry|[eat]\n|-heal|p1a: Politoed|70\/100|[from] item: Sitrus Berry\n|move|p2b: Tornadus|Bleakwind Storm|p1a: Politoed|[spread] p1a,p1b\n|-resisted|p1b: Ludicolo\n|-damage|p1a: Politoed|48\/100\n|-damage|p1b: Ludicolo|65\/100 par\n|move|p1a: Politoed|Perish Song|p1a: Politoed\n|-start|p1a: Politoed|perish3|[silent]\n|-start|p1b: Ludicolo|perish3|[silent]\n|-start|p2a: Thundurus|perish3|[silent]\n|-start|p2b: Tornadus|perish3|[silent]\n|-fieldactivate|move: Perish Song\n|\n|-weather|RainDance|[upkeep]\n|-start|p2a: Thundurus|perish3\n|-start|p2b: Tornadus|perish3\n|-start|p1b: Ludicolo|perish3\n|-start|p1a: Politoed|perish3\n|upkeep\n|turn|2\n|\n|t:|1700876534\n|switch|p2b: Iron Hands|Iron Hands, L50|100\/100\n|switch|p1a: Thundurus|Thundurus-Therian, L50, M|100\/100\n|-terastallize|p2a: Thundurus|Electric\n|move|p2a: Thundurus|Wildbolt Storm|p1a: Thundurus|[spread] p1b\n|-immune|p1a: Thundurus|[from] ability: Volt Absorb\n|-damage|p1b: Ludicolo|29\/100 par\n|move|p1b: Ludicolo|Ice Beam|p2b: Iron Hands\n|-damage|p2b: Iron Hands|89\/100\n|\n|-weather|RainDance|[upkeep]\n|-start|p2a: Thundurus|perish2\n|-start|p1b: Ludicolo|perish2\n|upkeep\n|turn|3\n|\n|t:|1700876577\n|move|p2b: Iron Hands|Fake Out|p1a: Thundurus\n|-damage|p1a: Thundurus|78\/100\n|cant|p1a: Thundurus|flinch\n|move|p2a: Thundurus|Wildbolt Storm|p1b: Ludicolo|[spread] p1b\n|-heal|p1a: Thundurus|100\/100|[from] ability: Volt Absorb|[of] p2a: Thundurus\n|-damage|p1b: Ludicolo|0 fnt\n|faint|p1b: Ludicolo\n|\n|-weather|RainDance|[upkeep]\n|-start|p2a: Thundurus|perish1\n|upkeep\n|\n|t:|1700876595\n|switch|p1b: Urshifu|Urshifu-Rapid-Strike, L50, F|100\/100\n|turn|4\n|\n|t:|1700876617\n|move|p1b: Urshifu|Detect|p1b: Urshifu\n|-singleturn|p1b: Urshifu|Protect\n|move|p1a: Thundurus|Weather Ball|p2b: Iron Hands\n|-damage|p2b: Iron Hands|54\/100\n|move|p2a: Thundurus|Wildbolt Storm|p1b: Urshifu|[spread] \n|-activate|p1b: Urshifu|move: Protect\n|-immune|p1a: Thundurus|[from] ability: Volt Absorb\n|move|p2b: Iron Hands|Heavy Slam|p1b: Urshifu\n|-activate|p1b: Urshifu|move: Protect\n|\n|-weather|RainDance|[upkeep]\n|-start|p2a: Thundurus|perish0\n|faint|p2a: Thundurus\n|upkeep\n|\n|t:|1700876622\n|switch|p2a: Tornadus|Tornadus, L50, M|43\/100\n|turn|5\n|\n|t:|1700876645\n|move|p2a: Tornadus|Tailwind|p2a: Tornadus\n|-sidestart|p2: gourdinhimer|move: Tailwind\n|move|p1a: Thundurus|Weather Ball|p2b: Iron Hands\n|-damage|p2b: Iron Hands|18\/100\n|move|p1b: Urshifu|Surging Strikes|p2b: Iron Hands\n|-crit|p2b: Iron Hands\n|-damage|p2b: Iron Hands|0 fnt\n|faint|p2b: Iron Hands\n|-end|p2b: Iron Hands|Quark Drive|[silent]\n|-hitcount|p2: Iron Hands|1\n|\n|-weather|none\n|upkeep\n|\n|t:|1700876655\n|switch|p2b: Flutter Mane|Flutter Mane, L50|100\/100\n|-item|p2b: Flutter Mane|Air Balloon\n|turn|6\n|\n|t:|1700876687\n|switch|p1a: Politoed|Politoed, L50, M|48\/100\n|-weather|RainDance|[from] ability: Drizzle|[of] p1a: Politoed\n|move|p1b: Urshifu|Detect|p1b: Urshifu\n|-singleturn|p1b: Urshifu|Protect\n|move|p2b: Flutter Mane|Substitute|p2b: Flutter Mane\n|-start|p2b: Flutter Mane|Substitute\n|-damage|p2b: Flutter Mane|76\/100\n|move|p2a: Tornadus|Bleakwind Storm|p1a: Politoed|[spread] p1a\n|-activate|p1b: Urshifu|move: Protect\n|-damage|p1a: Politoed|24\/100\n|-unboost|p1a: Politoed|spe|1\n|\n|-weather|RainDance|[upkeep]\n|upkeep\n|turn|7\n|\n|t:|1700876713\n|switch|p1b: Thundurus|Thundurus-Therian, L50, M|100\/100\n|move|p2b: Flutter Mane|Dazzling Gleam|p1a: Politoed|[spread] p1a,p1b\n|-damage|p1a: Politoed|1\/100\n|-damage|p1b: Thundurus|55\/100\n|move|p2a: Tornadus|Bleakwind Storm|p1b: Thundurus|[spread] p1a,p1b\n|-resisted|p1b: Thundurus\n|-damage|p1a: Politoed|0 fnt\n|-damage|p1b: Thundurus|34\/100\n|faint|p1a: Politoed\n|\n|-weather|RainDance|[upkeep]\n|upkeep\n|\n|t:|1700876724\n|switch|p1a: Urshifu|Urshifu-Rapid-Strike, L50, F|100\/100\n|turn|8\n|\n|t:|1700876734\n|move|p1a: Urshifu|Detect|p1a: Urshifu\n|-singleturn|p1a: Urshifu|Protect\n|move|p2b: Flutter Mane|Dazzling Gleam|p1b: Thundurus|[spread] p1b\n|-activate|p1a: Urshifu|move: Protect\n|-damage|p1b: Thundurus|0 fnt\n|faint|p1b: Thundurus\n|move|p2a: Tornadus|Bleakwind Storm|p1a: Urshifu\n|-activate|p1a: Urshifu|move: Protect\n|\n|-weather|RainDance|[upkeep]\n|-sideend|p2: gourdinhimer|move: Tailwind\n|upkeep\n|turn|9\n|\n|t:|1700876771\n|move|p2b: Flutter Mane|Dazzling Gleam|p1a: Urshifu\n|-supereffective|p1a: Urshifu\n|-damage|p1a: Urshifu|0 fnt\n|faint|p1a: Urshifu\n|\n|win|gourdinhimer\n|raw|TREY_NJVGC's rating: 1088 &rarr; <strong>1065<\/strong><br \/>(-23 for losing)\n|raw|gourdinhimer's rating: 1096 &rarr; <strong>1121<\/strong><br \/>(+25 for winning)\n|c|\u2606TREY_NJVGC|gg\n","uploadtime":1700876779,"views":5,"p1id":"treynjvgc","p2id":"gourdinhimer","formatid":"gen9vgc2023regulatione","rating":1065,"private":0,"password":""}