{"id":"gen9vgc2023regulatione-1991444257","p1":"atworkyolo13","p2":"Slowlat","format":"[Gen 9] VGC 2023 Regulation E","log":"|j|\u2606atworkyolo13\n|j|\u2606Slowlat\n|t:|1700077615\n|gametype|doubles\n|player|p1|atworkyolo13|101|1509\n|player|p2|Slowlat|medium|1495\n|teamsize|p1|6\n|teamsize|p2|6\n|gen|9\n|tier|[Gen 9] VGC 2023 Regulation E\n|rated|\n|rule|Species Clause: Limit one of each Pok\u00e9mon\n|rule|Item Clause: Limit one of each item\n|clearpoke\n|poke|p1|Oranguru, L50, F|\n|poke|p1|Arcanine-Hisui, L50, M|\n|poke|p1|Sinistcha-Masterpiece, L50|\n|poke|p1|Iron Hands, L50|\n|poke|p1|Ursaluna-Bloodmoon, L50, M|\n|poke|p1|Moltres-Galar, L50|\n|poke|p2|Grimmsnarl, L50, M|\n|poke|p2|Ursaluna-Bloodmoon, L50, M|\n|poke|p2|Chi-Yu, L50|\n|poke|p2|Iron Hands, L50|\n|poke|p2|Sinistcha, L50|\n|poke|p2|Regieleki, L50|\n|teampreview|4\n|inactive|Battle timer is ON: inactive players will automatically lose when time's up. (requested by atworkyolo13)\n|\n|t:|1700077642\n|start\n|switch|p1a: Oranguru|Oranguru, L50, F|100\/100\n|switch|p1b: Iron Hands|Iron Hands, L50|100\/100\n|switch|p2a: Regieleki|Regieleki, L50|100\/100\n|switch|p2b: Sinistcha|Sinistcha, L50|100\/100\n|turn|1\n|\n|t:|1700077661\n|move|p1b: Iron Hands|Fake Out|p2a: Regieleki\n|-crit|p2a: Regieleki\n|-damage|p2a: Regieleki|51\/100\n|cant|p2a: Regieleki|flinch\n|move|p1a: Oranguru|Encore||[still]\n|-fail|p1a: Oranguru\n|move|p2b: Sinistcha|Trick Room|p2b: Sinistcha\n|-fieldstart|move: Trick Room|[of] p2b: Sinistcha\n|\n|upkeep\n|turn|2\n|inactive|Slowlat has 30 seconds left.\n|inactive|Slowlat has 20 seconds left.\n|inactive|Slowlat has 15 seconds left.\n|\n|t:|1700077706\n|switch|p2a: Iron Hands|Iron Hands, L50|100\/100\n|move|p1b: Iron Hands|Heavy Slam|p2b: Sinistcha\n|-damage|p2b: Sinistcha|67\/100\n|move|p1a: Oranguru|Instruct|p1b: Iron Hands\n|-singleturn|p1b: Iron Hands|move: Instruct|[of] p1a: Oranguru\n|move|p1b: Iron Hands|Heavy Slam|p2b: Sinistcha\n|-damage|p2b: Sinistcha|36\/100\n|move|p2b: Sinistcha|Strength Sap|p1b: Iron Hands\n|-unboost|p1b: Iron Hands|atk|1\n|-heal|p2b: Sinistcha|100\/100\n|\n|upkeep\n|turn|3\n|\n|t:|1700077716\n|-end|p1b: Iron Hands|Quark Drive|[silent]\n|switch|p1b: Ursaluna|Ursaluna-Bloodmoon, L50, M|100\/100\n|move|p1a: Oranguru|Encore||[still]\n|-fail|p1a: Oranguru\n|move|p2a: Iron Hands|Drain Punch|p1a: Oranguru\n|-damage|p1a: Oranguru|62\/100\n|move|p2b: Sinistcha|Matcha Gotcha|p1b: Ursaluna|[spread] p1a,p1b\n|-supereffective|p1b: Ursaluna\n|-damage|p1a: Oranguru|43\/100\n|-damage|p1b: Ursaluna|56\/100\n|-status|p1b: Ursaluna|brn\n|\n|-damage|p1b: Ursaluna|50\/100 brn|[from] brn\n|upkeep\n|turn|4\n|\n|t:|1700077732\n|-terastallize|p1b: Ursaluna|Normal\n|move|p1b: Ursaluna|Blood Moon|p2b: Sinistcha\n|-damage|p2b: Sinistcha|0 fnt\n|faint|p2b: Sinistcha\n|move|p1a: Oranguru|Instruct|p1b: Ursaluna\n|-singleturn|p1b: Ursaluna|move: Instruct|[of] p1a: Oranguru\n|move|p1b: Ursaluna|Blood Moon|p2a: Iron Hands\n|-damage|p2a: Iron Hands|41\/100\n|-hint|Some effects can force a Pokemon to use Blood Moon again in a row.\n|move|p2a: Iron Hands|Drain Punch|p1b: Ursaluna\n|-supereffective|p1b: Ursaluna\n|-damage|p1b: Ursaluna|0 fnt\n|-heal|p2a: Iron Hands|63\/100|[from] drain|[of] p1b: Ursaluna\n|faint|p1b: Ursaluna\n|\n|upkeep\n|\n|t:|1700077739\n|switch|p1b: Iron Hands|Iron Hands, L50|100\/100\n|switch|p2b: Ursaluna|Ursaluna-Bloodmoon, L50, M|100\/100\n|turn|5\n|inactive|Slowlat has 30 seconds left.\n|inactive|Slowlat has 20 seconds left.\n|inactive|Slowlat has 15 seconds left.\n|inactive|Slowlat has 10 seconds left.\n|inactive|Slowlat has 5 seconds left.\n|\n|t:|1700077794\n|move|p2a: Iron Hands|Fake Out||[still]\n|-hint|Fake Out only works on your first turn out.\n|-fail|p2a: Iron Hands\n|move|p1b: Iron Hands|Drain Punch|p2b: Ursaluna\n|-supereffective|p2b: Ursaluna\n|-damage|p2b: Ursaluna|43\/100\n|-enditem|p2b: Ursaluna|Weakness Policy\n|-boost|p2b: Ursaluna|atk|2|[from] item: Weakness Policy\n|-boost|p2b: Ursaluna|spa|2|[from] item: Weakness Policy\n|move|p1a: Oranguru|Instruct|p1b: Iron Hands\n|-singleturn|p1b: Iron Hands|move: Instruct|[of] p1a: Oranguru\n|move|p1b: Iron Hands|Drain Punch|p2b: Ursaluna\n|-supereffective|p2b: Ursaluna\n|-damage|p2b: Ursaluna|0 fnt\n|faint|p2b: Ursaluna\n|\n|-fieldend|move: Trick Room\n|upkeep\n|\n|t:|1700077796\n|switch|p2b: Regieleki|Regieleki, L50|51\/100\n|turn|6\n|\n|t:|1700077809\n|switch|p1a: Sinistcha|Sinistcha-Masterpiece, L50|100\/100\n|move|p2b: Regieleki|Wild Charge|p1a: Sinistcha\n|-resisted|p1a: Sinistcha\n|-damage|p1a: Sinistcha|63\/100\n|-damage|p2b: Regieleki|35\/100|[from] item: Rocky Helmet|[of] p1a: Sinistcha\n|-damage|p2b: Regieleki|24\/100|[from] Recoil\n|move|p2a: Iron Hands|Drain Punch|p1b: Iron Hands\n|-damage|p1b: Iron Hands|69\/100\n|-heal|p2a: Iron Hands|77\/100|[from] drain|[of] p1b: Iron Hands\n|move|p1b: Iron Hands|Drain Punch|p2b: Regieleki\n|-damage|p2b: Regieleki|0 fnt\n|-heal|p1b: Iron Hands|76\/100|[from] drain|[of] p2b: Regieleki\n|faint|p2b: Regieleki\n|\n|upkeep\n|turn|7\n|-message|Slowlat forfeited.\n|\n|win|atworkyolo13\n|raw|atworkyolo13's rating: 1509 &rarr; <strong>1528<\/strong><br \/>(+19 for winning)\n|raw|Slowlat's rating: 1495 &rarr; <strong>1476<\/strong><br \/>(-19 for losing)\n|l|\u2606Slowlat\n","uploadtime":1700077821,"views":11,"p1id":"atworkyolo13","p2id":"slowlat","formatid":"gen9vgc2023regulatione","rating":1476,"private":0,"password":""}