{"id":"gen9vgc2023regulatione-1994285607","p1":"sonaw4","p2":"rainlover78","format":"[Gen 9] VGC 2023 Regulation E","log":"|j|\u2606sonaw4\n|j|\u2606rainlover78\n|n|\u2606sonaw4|sonaw4\n|n|\u2606rainlover78|rainlover78\n|html|View the match progress at <a href=\"\/game-bestof3-gen9vgc2023regulatione-1994280665\">game-bestof3-gen9vgc2023regulatione-1994280665<\/a>\n|t:|1700427089\n|gametype|doubles\n|player|p1|sonaw4|101|\n|player|p2|rainlover78|n|\n|teamsize|p1|6\n|teamsize|p2|6\n|gen|9\n|tier|[Gen 9] VGC 2023 Regulation E\n|rule|Species Clause: Limit one of each Pok\u00e9mon\n|rule|Item Clause: Limit one of each item\n|clearpoke\n|poke|p1|Urshifu-*, L50, F|\n|poke|p1|Thundurus, L50, M|\n|poke|p1|Amoonguss, L50, M|\n|poke|p1|Roaring Moon, L50|\n|poke|p1|Chien-Pao, L50|\n|poke|p1|Landorus-Therian, L50, M|\n|poke|p2|Flutter Mane, L50|\n|poke|p2|Roaring Moon, L50|\n|poke|p2|Weezing, L50, F|\n|poke|p2|Landorus-Therian, L50, M|\n|poke|p2|Iron Hands, L50|\n|poke|p2|Ogerpon-Wellspring, L50, F|\n|teampreview|4\nrainlover78 has agreed to open team sheets.\n|\n|t:|1700427162\n|start\n|switch|p1a: Amoonguss|Amoonguss, L50, M|100\/100\n|switch|p1b: Landorus|Landorus-Therian, L50, M|100\/100\n|switch|p2a: Weezing|Weezing, L50, F|100\/100\n|switch|p2b: Landorus|Landorus-Therian, L50, M|100\/100\n|-ability|p2a: Weezing|Neutralizing Gas\n|turn|1\n|j| Van. Volcanucks\n|\n|t:|1700427181\n|move|p2a: Weezing|Protect|p2a: Weezing\n|-singleturn|p2a: Weezing|Protect\n|move|p2b: Landorus|U-turn|p1a: Amoonguss\n|-damage|p1a: Amoonguss|79\/100\n|\n|t:|1700427190\n|switch|p2b: Iron Hands|Iron Hands, L50|100\/100|[from] U-turn\n|move|p1b: Landorus|Stomping Tantrum|p2a: Weezing\n|-activate|p2a: Weezing|move: Protect\n|move|p1a: Amoonguss|Spore|p2b: Iron Hands\n|-status|p2b: Iron Hands|slp|[from] move: Spore\n|\n|upkeep\n|turn|2\n|\n|t:|1700427245\n|-terastallize|p2b: Iron Hands|Grass\n|move|p2a: Weezing|Sludge Bomb|p1a: Amoonguss\n|-damage|p1a: Amoonguss|49\/100\n|-enditem|p1a: Amoonguss|Sitrus Berry|[eat]\n|-heal|p1a: Amoonguss|74\/100|[from] item: Sitrus Berry\n|move|p1b: Landorus|Stomping Tantrum|p2b: Iron Hands\n|-resisted|p2b: Iron Hands\n|-damage|p2b: Iron Hands|84\/100 slp\n|cant|p2b: Iron Hands|slp\n|move|p1a: Amoonguss|Spore|p2a: Weezing\n|-status|p2a: Weezing|slp|[from] move: Spore\n|\n|upkeep\n|turn|3\n|\n|t:|1700427284\n|switch|p1b: Roaring Moon|Roaring Moon, L50|100\/100\n|-enditem|p1b: Roaring Moon|Booster Energy\n|-activate|p1b: Roaring Moon|ability: Protosynthesis|[fromitem]\n|-start|p1b: Roaring Moon|protosynthesisatk\n|move|p1a: Amoonguss|Rage Powder|p1a: Amoonguss\n|-singleturn|p1a: Amoonguss|move: Rage Powder\n|cant|p2a: Weezing|slp\n|cant|p2b: Iron Hands|slp\n|\n|upkeep\n|turn|4\n|\n|t:|1700427317\n|-end|p2a: Weezing|ability: Neutralizing Gas\n|switch|p2a: Landorus|Landorus-Therian, L50, M|100\/100\n|-ability|p2a: Landorus|Intimidate|boost\n|-unboost|p1a: Amoonguss|atk|1\n|-unboost|p1b: Roaring Moon|atk|1\n|-terastallize|p1b: Roaring Moon|Flying\n|move|p1b: Roaring Moon|Acrobatics|p2b: Iron Hands\n|-supereffective|p2b: Iron Hands\n|-damage|p2b: Iron Hands|15\/100 slp\n|cant|p2b: Iron Hands|slp\n|move|p1a: Amoonguss|Pollen Puff|p2b: Iron Hands\n|-supereffective|p2b: Iron Hands\n|-damage|p2b: Iron Hands|0 fnt\n|faint|p2b: Iron Hands\n|-end|p2b: Iron Hands|Quark Drive|[silent]\n|\n|upkeep\n|\n|t:|1700427335\n|switch|p2b: Flutter Mane|Flutter Mane, L50|100\/100\n|turn|5\n|\n|t:|1700427365\n|move|p1b: Roaring Moon|Protect|p1b: Roaring Moon\n|-singleturn|p1b: Roaring Moon|Protect\n|move|p2a: Landorus|Rock Slide|p1b: Roaring Moon|[spread] p1a\n|-activate|p1b: Roaring Moon|move: Protect\n|-crit|p1a: Amoonguss\n|-damage|p1a: Amoonguss|50\/100\n|move|p2b: Flutter Mane|Shadow Ball|p1a: Amoonguss\n|-damage|p1a: Amoonguss|0 fnt\n|faint|p1a: Amoonguss\n|\n|upkeep\n|\n|t:|1700427390\n|switch|p1a: Chien-Pao|Chien-Pao, L50|100\/100\n|-ability|p1a: Chien-Pao|Sword of Ruin\n|turn|6\n|\n|t:|1700427417\n|move|p2a: Landorus|Rock Slide|p1b: Roaring Moon|[spread] p1a,p1b\n|-supereffective|p1a: Chien-Pao\n|-supereffective|p1b: Roaring Moon\n|-damage|p1a: Chien-Pao|40\/100\n|-damage|p1b: Roaring Moon|24\/100\n|move|p1a: Chien-Pao|Icy Wind|p2a: Landorus|[spread] p2a,p2b\n|-supereffective|p2a: Landorus\n|-damage|p2a: Landorus|52\/100\n|-damage|p2b: Flutter Mane|88\/100\n|-unboost|p2a: Landorus|spe|1\n|-unboost|p2b: Flutter Mane|spe|1\n|move|p1b: Roaring Moon|Acrobatics|p2b: Flutter Mane\n|-damage|p2b: Flutter Mane|0 fnt\n|faint|p2b: Flutter Mane\n|-end|p2b: Flutter Mane|Protosynthesis|[silent]\n|\n|upkeep\n|\n|t:|1700427430\n|switch|p2b: Weezing|Weezing, L50, F|100\/100 slp\n|-ability|p2b: Weezing|Neutralizing Gas\n|turn|7\n|\n|t:|1700427453\n|-curestatus|p2b: Weezing|slp|[msg]\n|move|p2b: Weezing|Protect|p2b: Weezing\n|-singleturn|p2b: Weezing|Protect\n|move|p1a: Chien-Pao|Ice Spinner|p2a: Landorus\n|-supereffective|p2a: Landorus\n|-damage|p2a: Landorus|0 fnt\n|faint|p2a: Landorus\n|move|p1b: Roaring Moon|Acrobatics|p2b: Weezing\n|-activate|p2b: Weezing|move: Protect\n|\n|upkeep\n|turn|8\n|\n|t:|1700427473\n|move|p1a: Chien-Pao|Ice Spinner|p2b: Weezing\n|-damage|p2b: Weezing|62\/100\n|move|p1b: Roaring Moon|Knock Off|p2b: Weezing\n|-damage|p2b: Weezing|14\/100\n|-enditem|p2b: Weezing|Shuca Berry|[from] move: Knock Off|[of] p1b: Roaring Moon\n|move|p2b: Weezing|Sludge Bomb|p1b: Roaring Moon\n|-damage|p1b: Roaring Moon|0 fnt\n|faint|p1b: Roaring Moon\n|-end|p1b: Roaring Moon|Protosynthesis|[silent]\n|\n|upkeep\n|\n|t:|1700427482\n|switch|p1b: Landorus|Landorus-Therian, L50, M|100\/100\n|turn|9\n|\n|t:|1700427488\n|move|p1a: Chien-Pao|Ice Spinner|p2b: Weezing\n|-damage|p2b: Weezing|0 fnt\n|faint|p2b: Weezing\n|-end|p2b: Weezing|ability: Neutralizing Gas\n|-ability|p1a: Chien-Pao|Sword of Ruin\n|\n|win|sonaw4\n|c|&|\/uhtml prompt-rainlover78,rainlover78 is ready for game 3!\n|inactive|sonaw4 has 49 seconds to confirm battle start!\n|c|&|\/uhtml prompt-sonaw4,sonaw4 is ready for game 3!\nBoth players are ready! Starting next match!\n|l| Van. Volcanucks\n|l|\u2606sonaw4\n","uploadtime":1700428325,"views":6,"p1id":"sonaw4","p2id":"rainlover78","formatid":"gen9vgc2023regulatione","rating":0,"private":0,"password":""}