{"id":"gen9vgc2023regulatione-1991208052","p1":"334yopf","p2":"WhaleGG","format":"[Gen 9] VGC 2023 Regulation E","log":"|j|\u2606334yopf\n|j|\u2606WhaleGG\n|t:|1700057255\n|gametype|doubles\n|player|p1|334yopf|102|1007\n|player|p2|WhaleGG|2|1102\n|teamsize|p1|6\n|teamsize|p2|6\n|gen|9\n|tier|[Gen 9] VGC 2023 Regulation E\n|rated|\n|rule|Species Clause: Limit one of each Pok\u00e9mon\n|rule|Item Clause: Limit one of each item\n|clearpoke\n|poke|p1|Snorlax, L50, M|\n|poke|p1|Ogerpon-Hearthflame, L50, F|\n|poke|p1|Urshifu-*, L50, M|\n|poke|p1|Farigiraf, L50, M|\n|poke|p1|Cresselia, L50, F|\n|poke|p1|Chi-Yu, L50|\n|poke|p2|Kommo-o, L50, M|\n|poke|p2|Tyranitar, L50, F|\n|poke|p2|Rillaboom, L50, F|\n|poke|p2|Flutter Mane, L50|\n|poke|p2|Arcanine-Hisui, L50, M|\n|poke|p2|Iron Bundle, L50|\n|teampreview|4\n|\n|t:|1700057302\n|start\n|switch|p1a: Snorlax|Snorlax, L50, M|100\/100\n|switch|p1b: Urshifu|Urshifu-Rapid-Strike, L50, M|100\/100\n|switch|p2a: Flutter Mane|Flutter Mane, L50|100\/100\n|switch|p2b: Arcanine|Arcanine-Hisui, L50, M|100\/100\n|-ability|p2b: Arcanine|Intimidate|boost\n|-unboost|p1a: Snorlax|atk|1\n|-unboost|p1b: Urshifu|atk|1\n|turn|1\n|\n|t:|1700057354\n|switch|p2b: Rillaboom|Rillaboom, L50, F|100\/100\n|-fieldstart|move: Grassy Terrain|[from] ability: Grassy Surge|[of] p2b: Rillaboom\n|move|p1b: Urshifu|Protect|p1b: Urshifu\n|-singleturn|p1b: Urshifu|Protect\n|move|p2a: Flutter Mane|Moonblast|p1b: Urshifu\n|-activate|p1b: Urshifu|move: Protect\n|move|p1a: Snorlax|Counter||[still]\n|-fail|p1a: Snorlax\n|\n|upkeep\n|turn|2\n|\n|t:|1700057398\n|switch|p1b: Ogerpon|Ogerpon-Hearthflame, L50, F|100\/100\n|-ability|p1b: Ogerpon|Mold Breaker\n|switch|p1a: Cresselia|Cresselia, L50, F|100\/100\n|move|p2b: Rillaboom|Fake Out|p1b: Ogerpon\n|-damage|p1b: Ogerpon|81\/100\n|move|p2a: Flutter Mane|Moonblast|p1b: Ogerpon\n|-resisted|p1b: Ogerpon\n|-damage|p1b: Ogerpon|34\/100\n|\n|-heal|p1b: Ogerpon|40\/100|[from] Grassy Terrain\n|upkeep\n|turn|3\n|\n|t:|1700057436\n|switch|p2b: Kommo-o|Kommo-o, L50, M|100\/100\n|move|p2a: Flutter Mane|Moonblast|p1b: Ogerpon\n|-resisted|p1b: Ogerpon\n|-damage|p1b: Ogerpon|0 fnt\n|faint|p1b: Ogerpon\n|move|p1a: Cresselia|Thunder Wave|p2a: Flutter Mane\n|-status|p2a: Flutter Mane|par\n|\n|upkeep\n|\n|t:|1700057448\n|switch|p1b: Urshifu|Urshifu-Rapid-Strike, L50, M|100\/100\n|turn|4\n|\n|t:|1700057460\n|switch|p2b: Rillaboom|Rillaboom, L50, F|100\/100\n|move|p1b: Urshifu|Surging Strikes|p2a: Flutter Mane\n|-crit|p2a: Flutter Mane\n|-damage|p2a: Flutter Mane|57\/100 par\n|-crit|p2a: Flutter Mane\n|-damage|p2a: Flutter Mane|14\/100 par\n|-crit|p2a: Flutter Mane\n|-damage|p2a: Flutter Mane|0 fnt\n|faint|p2a: Flutter Mane\n|-end|p2a: Flutter Mane|Protosynthesis|[silent]\n|-hitcount|p2: Flutter Mane|3\n|move|p1a: Cresselia|Psychic|p2b: Rillaboom\n|-damage|p2b: Rillaboom|72\/100\n|\n|-heal|p2b: Rillaboom|78\/100|[from] Grassy Terrain\n|upkeep\n|\n|t:|1700057475\n|switch|p2a: Kommo-o|Kommo-o, L50, M|100\/100\n|turn|5\n|\n|t:|1700057497\n|switch|p1b: Snorlax|Snorlax, L50, M|100\/100\n|move|p2b: Rillaboom|Wood Hammer|p1a: Cresselia\n|-damage|p1a: Cresselia|27\/100\n|-damage|p2b: Rillaboom|61\/100|[from] item: Rocky Helmet|[of] p1a: Cresselia\n|-damage|p2b: Rillaboom|34\/100|[from] Recoil\n|move|p2a: Kommo-o|Iron Head|p1a: Cresselia\n|-damage|p1a: Cresselia|12\/100\n|-damage|p2a: Kommo-o|84\/100|[from] item: Rocky Helmet|[of] p1a: Cresselia\n|move|p1a: Cresselia|Lunar Blessing|p1a: Cresselia|[spread] p1a,p1b\n|-heal|p1a: Cresselia|38\/100\n|\n|-heal|p2b: Rillaboom|40\/100|[from] Grassy Terrain\n|-heal|p2a: Kommo-o|90\/100|[from] Grassy Terrain\n|-heal|p2a: Kommo-o|96\/100|[from] item: Leftovers\n|-fieldend|move: Grassy Terrain\n|upkeep\n|turn|6\n|\n|t:|1700057556\n|switch|p2b: Arcanine|Arcanine-Hisui, L50, M|100\/100\n|-ability|p2b: Arcanine|Intimidate|boost\n|-unboost|p1a: Cresselia|atk|1\n|-unboost|p1b: Snorlax|atk|1\n|move|p2a: Kommo-o|Iron Head|p1a: Cresselia\n|-damage|p1a: Cresselia|23\/100\n|-damage|p2a: Kommo-o|80\/100|[from] item: Rocky Helmet|[of] p1a: Cresselia\n|move|p1a: Cresselia|Psychic|p2a: Kommo-o\n|-supereffective|p2a: Kommo-o\n|-damage|p2a: Kommo-o|39\/100\n|move|p1b: Snorlax|Double-Edge|p2b: Arcanine\n|-resisted|p2b: Arcanine\n|-damage|p2b: Arcanine|84\/100\n|-damage|p1b: Snorlax|96\/100|[from] Recoil\n|\n|-heal|p2a: Kommo-o|45\/100|[from] item: Leftovers\n|upkeep\n|turn|7\n|\n|t:|1700057586\n|switch|p1a: Urshifu|Urshifu-Rapid-Strike, L50, M|100\/100\n|move|p2b: Arcanine|Rock Slide|p1a: Urshifu|[spread] p1a,p1b\n|-resisted|p1a: Urshifu\n|-damage|p1a: Urshifu|90\/100\n|-damage|p1b: Snorlax|75\/100\n|move|p2a: Kommo-o|Body Press|p1b: Snorlax\n|-supereffective|p1b: Snorlax\n|-damage|p1b: Snorlax|0 fnt\n|faint|p1b: Snorlax\n|\n|-heal|p2a: Kommo-o|51\/100|[from] item: Leftovers\n|upkeep\n|\n|t:|1700057598\n|switch|p1b: Cresselia|Cresselia, L50, F|23\/100\n|turn|8\n|\n|t:|1700057622\n|move|p1a: Urshifu|Surging Strikes|p2b: Arcanine\n|-supereffective|p2b: Arcanine\n|-crit|p2b: Arcanine\n|-damage|p2b: Arcanine|0 fnt\n|faint|p2b: Arcanine\n|-hitcount|p2: Arcanine|1\n|move|p2a: Kommo-o|Iron Head|p1a: Urshifu\n|-resisted|p1a: Urshifu\n|-damage|p1a: Urshifu|79\/100\n|move|p1b: Cresselia|Psychic|p2a: Kommo-o\n|-supereffective|p2a: Kommo-o\n|-damage|p2a: Kommo-o|5\/100\n|\n|-heal|p2a: Kommo-o|11\/100|[from] item: Leftovers\n|upkeep\n|\n|t:|1700057626\n|switch|p2b: Rillaboom|Rillaboom, L50, F|40\/100\n|-fieldstart|move: Grassy Terrain|[from] ability: Grassy Surge|[of] p2b: Rillaboom\n|turn|9\n|\n|t:|1700057649\n|-terastallize|p1a: Urshifu|Fighting\n|-terastallize|p2b: Rillaboom|Grass\n|move|p2b: Rillaboom|Grassy Glide|p1b: Cresselia\n|-damage|p1b: Cresselia|0 fnt\n|-damage|p2b: Rillaboom|24\/100|[from] item: Rocky Helmet|[of] p1b: Cresselia\n|faint|p1b: Cresselia\n|move|p1a: Urshifu|Close Combat|p2b: Rillaboom\n|-damage|p2b: Rillaboom|0 fnt\n|-unboost|p1a: Urshifu|def|1\n|-unboost|p1a: Urshifu|spd|1\n|faint|p2b: Rillaboom\n|move|p2a: Kommo-o|Iron Head|p1a: Urshifu\n|-damage|p1a: Urshifu|48\/100\n|\n|-heal|p1a: Urshifu|54\/100|[from] Grassy Terrain\n|-heal|p2a: Kommo-o|17\/100|[from] Grassy Terrain\n|-heal|p2a: Kommo-o|23\/100|[from] item: Leftovers\n|upkeep\n|turn|10\n|c|\u2606WhaleGG|gg\n|\n|t:|1700057669\n|move|p1a: Urshifu|Close Combat|p2a: Kommo-o\n|-damage|p2a: Kommo-o|0 fnt\n|-unboost|p1a: Urshifu|def|1\n|-unboost|p1a: Urshifu|spd|1\n|faint|p2a: Kommo-o\n|\n|win|334yopf\n|raw|334yopf's rating: 1007 &rarr; <strong>1056<\/strong><br \/>(+49 for winning)\n|raw|WhaleGG's rating: 1102 &rarr; <strong>1070<\/strong><br \/>(-32 for losing)\n|c|\u2606334yopf|gg\n|l|\u2606WhaleGG\n|c|\u2606334yopf|it was close\n","uploadtime":1700057686,"views":8,"p1id":"334yopf","p2id":"whalegg","formatid":"gen9vgc2023regulatione","rating":1056,"private":0,"password":""}