{"id":"gen9vgc2023regulatione-1994927796","p1":"VoidGamr1","p2":"ZER0_5871","format":"[Gen 9] VGC 2023 Regulation E","log":"|j|\u2606VoidGamr1\n|j|\u2606ZER0_5871\n|t:|1700505432\n|gametype|doubles\n|player|p1|VoidGamr1|adaman|1131\n|player|p2|ZER0_5871|roxie|1113\n|teamsize|p1|6\n|teamsize|p2|6\n|gen|9\n|tier|[Gen 9] VGC 2023 Regulation E\n|rated|\n|rule|Species Clause: Limit one of each Pok\u00e9mon\n|rule|Item Clause: Limit one of each item\n|clearpoke\n|poke|p1|Iron Hands, L50|\n|poke|p1|Flutter Mane, L50|\n|poke|p1|Ogerpon-Wellspring, L50, F|\n|poke|p1|Chi-Yu, L50|\n|poke|p1|Amoonguss, L50, F|\n|poke|p1|Tornadus, L50, M|\n|poke|p2|Annihilape, L50, M|\n|poke|p2|Maushold, L50|\n|poke|p2|Dondozo, L50, F|\n|poke|p2|Tatsugiri, L50, F|\n|poke|p2|Armarouge, L50, F|\n|poke|p2|Indeedee-F, L50, F|\n|teampreview|4\n|inactive|Battle timer is ON: inactive players will automatically lose when time's up. (requested by ZER0_5871)\nVoidGamr1 rejected open team sheets.\n|inactive|VoidGamr1 has 60 seconds left.\n|inactive|ZER0_5871 has 60 seconds left.\n|\n|t:|1700505490\n|start\n|switch|p1a: Tornadus|Tornadus, L50, M|100\/100\n|switch|p1b: Flutter Mane|Flutter Mane, L50|100\/100\n|switch|p2a: Dondozo|Dondozo, L50, F|100\/100\n|switch|p2b: Tatsugiri|Tatsugiri, L50, F|100\/100\n|-enditem|p1b: Flutter Mane|Booster Energy\n|-activate|p1b: Flutter Mane|ability: Protosynthesis|[fromitem]\n|-start|p1b: Flutter Mane|protosynthesisspe\n|turn|1\n|\n|t:|1700505513\n|move|p1a: Tornadus|Tailwind|p1a: Tornadus\n|-sidestart|p1: VoidGamr1|move: Tailwind\n|move|p1b: Flutter Mane|Moonblast|p2b: Tatsugiri\n|-supereffective|p2b: Tatsugiri\n|-crit|p2b: Tatsugiri\n|-damage|p2b: Tatsugiri|0 fnt\n|faint|p2b: Tatsugiri\n|move|p2a: Dondozo|Surf|p1a: Tornadus|[spread] p1a,p1b\n|-damage|p1a: Tornadus|63\/100\n|-damage|p1b: Flutter Mane|75\/100\n|\n|upkeep\n|\n|t:|1700505525\n|switch|p2b: Maushold|Maushold, L50|100\/100\n|turn|2\n|\n|t:|1700505548\n|move|p1b: Flutter Mane|Moonblast|p2b: Maushold\n|-damage|p2b: Maushold|40\/100\n|-unboost|p2b: Maushold|spa|1\n|move|p1a: Tornadus|Bleakwind Storm|p2a: Dondozo|[spread] p2b\n|-miss|p1a: Tornadus|p2a: Dondozo\n|-damage|p2b: Maushold|0 fnt\n|faint|p2b: Maushold\n|move|p2a: Dondozo|Surf|p1a: Tornadus|[spread] p1a,p1b\n|-damage|p1a: Tornadus|26\/100\n|-damage|p1b: Flutter Mane|51\/100\n|\n|upkeep\n|inactive|ZER0_5871 has 30 seconds left.\n|\n|t:|1700505575\n|switch|p2b: Indeedee|Indeedee-F, L50, F|100\/100\n|-fieldstart|move: Psychic Terrain|[from] ability: Psychic Surge|[of] p2b: Indeedee\n|turn|3\n|\n|t:|1700505589\n|move|p2b: Indeedee|Helping Hand|p2a: Dondozo\n|-singleturn|p2a: Dondozo|Helping Hand|[of] p2b: Indeedee\n|move|p1b: Flutter Mane|Dark Pulse|p2b: Indeedee\n|-supereffective|p2b: Indeedee\n|-damage|p2b: Indeedee|44\/100\n|move|p1a: Tornadus|Bleakwind Storm|p2a: Dondozo|[spread] p2a\n|-miss|p1a: Tornadus|p2b: Indeedee\n|-damage|p2a: Dondozo|54\/100\n|move|p2a: Dondozo|Surf|p1a: Tornadus|[spread] p2b,p1a,p1b\n|-damage|p2b: Indeedee|11\/100\n|-damage|p1a: Tornadus|0 fnt\n|-damage|p1b: Flutter Mane|14\/100\n|faint|p1a: Tornadus\n|\n|upkeep\n|\n|t:|1700505603\n|switch|p1a: Ogerpon|Ogerpon-Wellspring, L50, F|100\/100\n|turn|4\n|\n|t:|1700505615\n|-terastallize|p2a: Dondozo|Fire\n|move|p2b: Indeedee|Helping Hand|p2a: Dondozo\n|-singleturn|p2a: Dondozo|Helping Hand|[of] p2b: Indeedee\n|move|p1b: Flutter Mane|Moonblast|p2b: Indeedee\n|-crit|p2b: Indeedee\n|-damage|p2b: Indeedee|0 fnt\n|faint|p2b: Indeedee\n|move|p1a: Ogerpon|Horn Leech|p2a: Dondozo\n|-resisted|p2a: Dondozo\n|-damage|p2a: Dondozo|39\/100\n|-damage|p1a: Ogerpon|84\/100|[from] item: Rocky Helmet|[of] p2a: Dondozo\n|move|p2a: Dondozo|Hyper Beam|p1a: Ogerpon\n|-damage|p1a: Ogerpon|17\/100\n|-mustrecharge|p2a: Dondozo\n|\n|-sideend|p1: VoidGamr1|move: Tailwind\n|upkeep\n|turn|5\n|\n|t:|1700505633\n|move|p1b: Flutter Mane|Moonblast|p2a: Dondozo\n|-resisted|p2a: Dondozo\n|-damage|p2a: Dondozo|15\/100\n|-unboost|p2a: Dondozo|spa|1\n|move|p1a: Ogerpon|Ivy Cudgel|p2a: Dondozo|[anim] Ivy Cudgel Water\n|-supereffective|p2a: Dondozo\n|-damage|p2a: Dondozo|0 fnt\n|faint|p2a: Dondozo\n|\n|win|VoidGamr1\n|raw|VoidGamr1's rating: 1131 &rarr; <strong>1155<\/strong><br \/>(+24 for winning)\n|raw|ZER0_5871's rating: 1113 &rarr; <strong>1089<\/strong><br \/>(-24 for losing)\n|c|\u2606ZER0_5871|Hacker\n|c|\u2606ZER0_5871|I just watched a yt video about how these are the best pokemon\n|c|\u2606ZER0_5871|How did you win\n|c|\u2606ZER0_5871|Reported.\n","uploadtime":1700505842,"views":24,"p1id":"voidgamr1","p2id":"zer05871","formatid":"gen9vgc2023regulatione","rating":1089,"private":0,"password":""}