{"id":"gen9vgc2023regulatione-1991047114","p1":"mikn233","p2":"wudiace","format":"[Gen 9] VGC 2023 Regulation E","log":"|j|\u2606mikn233\n|j|\u2606wudiace\n|t:|1700034143\n|gametype|doubles\n|player|p1|mikn233|roxie|1402\n|player|p2|wudiace|cynthia|1484\n|teamsize|p1|6\n|teamsize|p2|6\n|gen|9\n|tier|[Gen 9] VGC 2023 Regulation E\n|rated|\n|rule|Species Clause: Limit one of each Pok\u00e9mon\n|rule|Item Clause: Limit one of each item\n|clearpoke\n|poke|p1|Sylveon, L50, F|\n|poke|p1|Ursaluna-Bloodmoon, L50, M|\n|poke|p1|Oranguru, L50, M|\n|poke|p1|Regidrago, L50|\n|poke|p1|Torkoal, L50, M|\n|poke|p1|Farigiraf, L50, F|\n|poke|p2|Grimmsnarl, L50, M|\n|poke|p2|Chi-Yu, L50|\n|poke|p2|Empoleon, L50, M|\n|poke|p2|Ogerpon-Wellspring, L50, F|\n|poke|p2|Iron Hands, L50|\n|poke|p2|Sinistcha, L50|\n|teampreview|4\n|j| 5Sscreen\n|\n|t:|1700034195\n|start\n|switch|p1a: Oranguru|Oranguru, L50, M|100\/100\n|switch|p1b: Sylveon|Sylveon, L50, F|100\/100\n|switch|p2a: Grimmsnarl|Grimmsnarl, L50, M|100\/100\n|switch|p2b: Chi-Yu|Chi-Yu, L50|100\/100\n|-ability|p2b: Chi-Yu|Beads of Ruin\n|turn|1\n|\n|t:|1700034209\n|-terastallize|p1a: Oranguru|Fairy\n|move|p2a: Grimmsnarl|Light Screen|p2a: Grimmsnarl\n|-sidestart|p2: wudiace|move: Light Screen\n|move|p2b: Chi-Yu|Snarl|p1b: Sylveon|[spread] p1a,p1b\n|-resisted|p1a: Oranguru\n|-resisted|p1b: Sylveon\n|-damage|p1a: Oranguru|89\/100\n|-damage|p1b: Sylveon|88\/100\n|-unboost|p1a: Oranguru|spa|1\n|-unboost|p1b: Sylveon|spa|1\n|-damage|p2b: Chi-Yu|91\/100|[from] item: Life Orb\n|move|p1b: Sylveon|Hyper Voice|p2a: Grimmsnarl|[spread] p2a,p2b\n|-supereffective|p2a: Grimmsnarl\n|-damage|p2a: Grimmsnarl|39\/100\n|-damage|p2b: Chi-Yu|70\/100\n|move|p1a: Oranguru|Trick Room|p1a: Oranguru\n|-fieldstart|move: Trick Room|[of] p1a: Oranguru\n|\n|upkeep\n|turn|2\n|\n|t:|1700034229\n|move|p2a: Grimmsnarl|Parting Shot|p1b: Sylveon\n|-unboost|p1b: Sylveon|atk|1\n|-unboost|p1b: Sylveon|spa|1\n|\n|t:|1700034232\n|switch|p2a: Empoleon|Empoleon, L50, M|100\/100|[from] Parting Shot\n|move|p1b: Sylveon|Hyper Voice|p2a: Empoleon|[spread] p2a,p2b\n|-resisted|p2a: Empoleon\n|-damage|p2a: Empoleon|90\/100\n|-damage|p2b: Chi-Yu|54\/100\n|move|p1a: Oranguru|Instruct|p1b: Sylveon\n|-singleturn|p1b: Sylveon|move: Instruct|[of] p1a: Oranguru\n|move|p1b: Sylveon|Hyper Voice|p2a: Empoleon|[spread] p2a,p2b\n|-resisted|p2a: Empoleon\n|-damage|p2a: Empoleon|80\/100\n|-damage|p2b: Chi-Yu|38\/100\n|move|p2b: Chi-Yu|Flamethrower|p1b: Sylveon\n|-damage|p1b: Sylveon|33\/100\n|-damage|p2b: Chi-Yu|29\/100|[from] item: Life Orb\n|\n|-heal|p2a: Empoleon|86\/100|[from] item: Leftovers\n|upkeep\n|turn|3\n|\n|t:|1700034251\n|move|p2b: Chi-Yu|Protect|p2b: Chi-Yu\n|-singleturn|p2b: Chi-Yu|Protect\n|move|p1b: Sylveon|Hyper Voice|p2b: Chi-Yu|[spread] p2a\n|-activate|p2b: Chi-Yu|move: Protect\n|-resisted|p2a: Empoleon\n|-damage|p2a: Empoleon|76\/100\n|move|p1a: Oranguru|Brick Break|p2b: Chi-Yu\n|-activate|p2b: Chi-Yu|move: Protect\n|move|p2a: Empoleon|Water Pledge|p1b: Sylveon\n|-damage|p1b: Sylveon|3\/100\n|\n|-heal|p2a: Empoleon|82\/100|[from] item: Leftovers\n|upkeep\n|turn|4\n|\n|t:|1700034278\n|switch|p1b: Ursaluna|Ursaluna-Bloodmoon, L50, M|100\/100\n|move|p1a: Oranguru|Encore|p2b: Chi-Yu\n|-start|p2b: Chi-Yu|Encore\n|move|p2a: Empoleon|Water Pledge|p1b: Ursaluna\n|-supereffective|p1b: Ursaluna\n|-damage|p1b: Ursaluna|9\/100\n|move|p2b: Chi-Yu|Protect||[still]\n|-fail|p2b: Chi-Yu\n|\n|-heal|p2a: Empoleon|87\/100|[from] item: Leftovers\n|upkeep\n|turn|5\n|\n|t:|1700034305\n|switch|p2a: Grimmsnarl|Grimmsnarl, L50, M|39\/100\n|move|p2b: Chi-Yu|Protect|p2b: Chi-Yu\n|-singleturn|p2b: Chi-Yu|Protect\n|move|p1b: Ursaluna|Earth Power|p2a: Grimmsnarl\n|-damage|p2a: Grimmsnarl|0 fnt\n|faint|p2a: Grimmsnarl\n|-damage|p1b: Ursaluna|0 fnt|[from] item: Life Orb\n|faint|p1b: Ursaluna\n|move|p1a: Oranguru|Instruct|p1: Ursaluna|[notarget]\n|-fail|p1a: Oranguru\n|\n|-fieldend|move: Trick Room\n|upkeep\n|\n|t:|1700034320\n|switch|p2a: Ogerpon|Ogerpon-Wellspring, L50, F|100\/100\n|switch|p1b: Torkoal|Torkoal, L50, M|100\/100\n|-weather|SunnyDay|[from] ability: Drought|[of] p1b: Torkoal\n|turn|6\n|\n|t:|1700034345\n|switch|p2b: Empoleon|Empoleon, L50, M|87\/100\n|-terastallize|p2a: Ogerpon|Water\n|detailschange|p2a: Ogerpon|Ogerpon-Wellspring-Tera, L50, F, tera:Water\n|-ability|p2a: Ogerpon|Embody Aspect (Wellspring)|boost\n|-boost|p2a: Ogerpon|spd|1\n|move|p1b: Torkoal|Protect|p1b: Torkoal\n|-singleturn|p1b: Torkoal|Protect\n|move|p2a: Ogerpon|Ivy Cudgel|p1a: Oranguru|[anim] Ivy Cudgel Water\n|-damage|p1a: Oranguru|62\/100\n|move|p1a: Oranguru|Trick Room|p1a: Oranguru\n|-fieldstart|move: Trick Room|[of] p1a: Oranguru\n|\n|-weather|SunnyDay|[upkeep]\n|-heal|p2b: Empoleon|93\/100|[from] item: Leftovers\n|upkeep\n|turn|7\n|\n|t:|1700034377\n|switch|p1b: Sylveon|Sylveon, L50, F|3\/100\n|move|p1a: Oranguru|Brick Break|p2b: Empoleon\n|-sideend|p2: wudiace|move: Light Screen\n|-supereffective|p2b: Empoleon\n|-damage|p2b: Empoleon|79\/100\n|move|p2b: Empoleon|Water Pledge|p1b: Sylveon\n|-crit|p1b: Sylveon\n|-damage|p1b: Sylveon|0 fnt\n|faint|p1b: Sylveon\n|move|p2a: Ogerpon|Ivy Cudgel|p1a: Oranguru|[anim] Ivy Cudgel Water\n|-damage|p1a: Oranguru|38\/100\n|\n|-weather|SunnyDay|[upkeep]\n|-heal|p2b: Empoleon|85\/100|[from] item: Leftovers\n|upkeep\n|\n|t:|1700034381\n|switch|p1b: Torkoal|Torkoal, L50, M|100\/100\n|turn|8\n|\n|t:|1700034395\n|move|p1b: Torkoal|Eruption|p2a: Ogerpon|[spread] p2a,p2b\n|-resisted|p2a: Ogerpon\n|-damage|p2a: Ogerpon|71\/100\n|-damage|p2b: Empoleon|4\/100\n|move|p1a: Oranguru|Instruct|p1b: Torkoal\n|-singleturn|p1b: Torkoal|move: Instruct|[of] p1a: Oranguru\n|move|p1b: Torkoal|Eruption|p2a: Ogerpon|[spread] p2a,p2b\n|-resisted|p2a: Ogerpon\n|-damage|p2a: Ogerpon|43\/100\n|-damage|p2b: Empoleon|0 fnt\n|faint|p2b: Empoleon\n|move|p2a: Ogerpon|Ivy Cudgel|p1b: Torkoal|[anim] Ivy Cudgel Water\n|-supereffective|p1b: Torkoal\n|-damage|p1b: Torkoal|53\/100\n|\n|-weather|SunnyDay|[upkeep]\n|upkeep\n|\n|t:|1700034410\n|switch|p2b: Chi-Yu|Chi-Yu, L50|29\/100\n|-ability|p2b: Chi-Yu|Beads of Ruin\n|turn|9\n|\n|t:|1700034415\n|move|p2b: Chi-Yu|Protect|p2b: Chi-Yu\n|-singleturn|p2b: Chi-Yu|Protect\n|move|p2a: Ogerpon|Spiky Shield|p2a: Ogerpon\n|-singleturn|p2a: Ogerpon|move: Protect\n|move|p1b: Torkoal|Heat Wave|p2a: Ogerpon|[spread] \n|-activate|p2a: Ogerpon|move: Protect\n|-activate|p2b: Chi-Yu|move: Protect\n|move|p1a: Oranguru|Instruct|p1b: Torkoal\n|-singleturn|p1b: Torkoal|move: Instruct|[of] p1a: Oranguru\n|move|p1b: Torkoal|Heat Wave|p2a: Ogerpon|[spread] \n|-activate|p2a: Ogerpon|move: Protect\n|-activate|p2b: Chi-Yu|move: Protect\n|\n|-weather|SunnyDay|[upkeep]\n|upkeep\n|turn|10\n|\n|t:|1700034438\n|move|p1b: Torkoal|Heat Wave|p2a: Ogerpon|[spread] p2a,p2b\n|-resisted|p2a: Ogerpon\n|-resisted|p2b: Chi-Yu\n|-damage|p2a: Ogerpon|18\/100\n|-damage|p2b: Chi-Yu|2\/100\n|move|p1a: Oranguru|Instruct|p1b: Torkoal\n|-singleturn|p1b: Torkoal|move: Instruct|[of] p1a: Oranguru\n|move|p1b: Torkoal|Heat Wave|p2b: Chi-Yu|[spread] p2b\n|-miss|p1b: Torkoal|p2a: Ogerpon\n|-resisted|p2b: Chi-Yu\n|-damage|p2b: Chi-Yu|0 fnt\n|faint|p2b: Chi-Yu\n|move|p2a: Ogerpon|Ivy Cudgel|p1b: Torkoal|[anim] Ivy Cudgel Water\n|-supereffective|p1b: Torkoal\n|-damage|p1b: Torkoal|6\/100\n|\n|-weather|none\n|-fieldend|move: Trick Room\n|upkeep\n|turn|11\n|\n|t:|1700034458\n|move|p2a: Ogerpon|Ivy Cudgel|p1a: Oranguru|[anim] Ivy Cudgel Water\n|-damage|p1a: Oranguru|0 fnt\n|faint|p1a: Oranguru\n|move|p1b: Torkoal|Earth Power|p2a: Ogerpon\n|-damage|p2a: Ogerpon|0 fnt\n|faint|p2a: Ogerpon\n|\n|win|mikn233\n|raw|mikn233's rating: 1402 &rarr; <strong>1427<\/strong><br \/>(+25 for winning)\n|raw|wudiace's rating: 1484 &rarr; <strong>1459<\/strong><br \/>(-25 for losing)\n|l|\u2606wudiace\n|l|\u2606mikn233\n","uploadtime":1700034683,"views":13,"p1id":"mikn233","p2id":"wudiace","formatid":"gen9vgc2023regulatione","rating":1427,"private":0,"password":""}