{"id":"gen9vgc2023regulatione-1993720230","p1":"batterytestingzone","p2":"gaelthevapemaster","format":"[Gen 9] VGC 2023 Regulation E","log":"|j|\u2606batterytestingzone\n|j|\u2606gaelthevapemaster\n|t:|1700349305\n|gametype|doubles\n|player|p1|batterytestingzone|1|1087\n|player|p2|gaelthevapemaster|101|1163\n|teamsize|p1|6\n|teamsize|p2|6\n|gen|9\n|tier|[Gen 9] VGC 2023 Regulation E\n|rated|\n|rule|Species Clause: Limit one of each Pok\u00e9mon\n|rule|Item Clause: Limit one of each item\n|clearpoke\n|poke|p1|Landorus-Therian, L50, M|\n|poke|p1|Ogerpon-Hearthflame, L50, F|\n|poke|p1|Iron Hands, L50|\n|poke|p1|Zoroark-Hisui, L50, M|\n|poke|p1|Basculegion, L50, M|\n|poke|p1|Fezandipiti, L50, M|\n|poke|p2|Samurott-Hisui, L50, M|\n|poke|p2|Kleavor, L50, F|\n|poke|p2|Clodsire, L50, F|\n|poke|p2|Kommo-o, L50, F|\n|poke|p2|Sinistcha, L50|\n|poke|p2|Grimmsnarl, L50, M|\n|teampreview|4\n|inactive|Battle timer is ON: inactive players will automatically lose when time's up. (requested by gaelthevapemaster)\n|inactive|gaelthevapemaster has 60 seconds left.\n|\n|t:|1700349354\n|start\n|switch|p1a: Fezandipiti|Fezandipiti, L50, M|100\/100\n|switch|p1b: Iron Hands|Iron Hands, L50|100\/100\n|switch|p2a: Kleavor|Kleavor, L50, F|100\/100\n|switch|p2b: Grimmsnarl|Grimmsnarl, L50, M|100\/100\n|turn|1\n|\n|t:|1700349373\n|move|p1b: Iron Hands|Fake Out|p2a: Kleavor\n|-resisted|p2a: Kleavor\n|-damage|p2a: Kleavor|87\/100\n|-damage|p1b: Iron Hands|90\/100|[from] item: Life Orb\n|move|p2b: Grimmsnarl|Reflect|p2b: Grimmsnarl\n|-sidestart|p2: gaelthevapemaster|Reflect\n|cant|p2a: Kleavor|flinch\n|move|p1a: Fezandipiti|Tailwind|p1a: Fezandipiti\n|-sidestart|p1: batterytestingzone|move: Tailwind\n|\n|upkeep\n|turn|2\n|\n|t:|1700349397\n|move|p2b: Grimmsnarl|Light Screen|p2b: Grimmsnarl\n|-sidestart|p2: gaelthevapemaster|move: Light Screen\n|move|p1a: Fezandipiti|Dazzling Gleam|p2a: Kleavor|[spread] p2a,p2b\n|-supereffective|p2b: Grimmsnarl\n|-crit|p2b: Grimmsnarl\n|-damage|p2a: Kleavor|71\/100\n|-damage|p2b: Grimmsnarl|56\/100\n|move|p2a: Kleavor|Stone Axe|p1a: Fezandipiti\n|-damage|p1a: Fezandipiti|44\/100\n|-sidestart|p1: batterytestingzone|move: Stealth Rock\n|move|p1b: Iron Hands|Wild Charge|p2a: Kleavor\n|-damage|p2a: Kleavor|10\/100\n|-damage|p1b: Iron Hands|82\/100|[from] Recoil\n|-damage|p1b: Iron Hands|72\/100|[from] item: Life Orb\n|\n|-heal|p1a: Fezandipiti|50\/100|[from] item: Leftovers\n|upkeep\n|turn|3\n|inactive|gaelthevapemaster has 30 seconds left.\n|\n|t:|1700349422\n|switch|p2a: Clodsire|Clodsire, L50, F|100\/100\n|move|p1a: Fezandipiti|Dazzling Gleam|p2a: Clodsire|[spread] p2a,p2b\n|-resisted|p2a: Clodsire\n|-supereffective|p2b: Grimmsnarl\n|-damage|p2a: Clodsire|97\/100\n|-damage|p2b: Grimmsnarl|34\/100\n|move|p1b: Iron Hands|Drain Punch|p2b: Grimmsnarl\n|-damage|p2b: Grimmsnarl|0 fnt\n|-heal|p1b: Iron Hands|85\/100|[from] drain|[of] p2b: Grimmsnarl\n|faint|p2b: Grimmsnarl\n|-damage|p1b: Iron Hands|75\/100|[from] item: Life Orb\n|\n|-heal|p1a: Fezandipiti|56\/100|[from] item: Leftovers\n|-heal|p2a: Clodsire|100\/100|[from] item: Black Sludge\n|upkeep\n|\n|t:|1700349432\n|switch|p2b: Kommo-o|Kommo-o, L50, F|100\/100\n|turn|4\n|inactive|gaelthevapemaster has 30 seconds left.\n|\n|t:|1700349460\n|-terastallize|p2b: Kommo-o|Steel\n|move|p1a: Fezandipiti|Icy Wind|p2b: Kommo-o|[spread] p2a,p2b\n|-supereffective|p2a: Clodsire\n|-resisted|p2b: Kommo-o\n|-damage|p2a: Clodsire|94\/100\n|-damage|p2b: Kommo-o|99\/100\n|-unboost|p2a: Clodsire|spe|1\n|-unboost|p2b: Kommo-o|spe|1\n|move|p1b: Iron Hands|Drain Punch|p2b: Kommo-o\n|-supereffective|p2b: Kommo-o\n|-damage|p2b: Kommo-o|36\/100\n|-heal|p1b: Iron Hands|97\/100|[from] drain|[of] p2b: Kommo-o\n|-damage|p1b: Iron Hands|87\/100|[from] item: Life Orb\n|move|p2b: Kommo-o|Clangorous Soul|p2b: Kommo-o\n|-boost|p2b: Kommo-o|atk|1\n|-boost|p2b: Kommo-o|def|1\n|-boost|p2b: Kommo-o|spa|1\n|-boost|p2b: Kommo-o|spd|1\n|-boost|p2b: Kommo-o|spe|1\n|-damage|p2b: Kommo-o|3\/100\n|move|p2a: Clodsire|Toxic|p1b: Iron Hands\n|-status|p1b: Iron Hands|tox\n|\n|-heal|p1a: Fezandipiti|62\/100|[from] item: Leftovers\n|-heal|p2b: Kommo-o|9\/100|[from] item: Leftovers\n|-heal|p2a: Clodsire|99\/100|[from] item: Black Sludge\n|-damage|p1b: Iron Hands|80\/100 tox|[from] psn\n|-sideend|p1: batterytestingzone|move: Tailwind\n|upkeep\n|turn|5\n|inactive|batterytestingzone has 30 seconds left.\n|inactive|gaelthevapemaster has 30 seconds left.\n|\n|t:|1700349492\n|move|p1a: Fezandipiti|Tailwind|p1a: Fezandipiti\n|-sidestart|p1: batterytestingzone|move: Tailwind\n|move|p1b: Iron Hands|Drain Punch|p2b: Kommo-o\n|-supereffective|p2b: Kommo-o\n|-damage|p2b: Kommo-o|0 fnt\n|-heal|p1b: Iron Hands|84\/100 tox|[from] drain|[of] p2b: Kommo-o\n|faint|p2b: Kommo-o\n|-damage|p1b: Iron Hands|74\/100 tox|[from] item: Life Orb\n|move|p2a: Clodsire|Stockpile|p2a: Clodsire\n|-start|p2a: Clodsire|stockpile1\n|-boost|p2a: Clodsire|def|1\n|-boost|p2a: Clodsire|spd|1\n|\n|-heal|p1a: Fezandipiti|68\/100|[from] item: Leftovers\n|-heal|p2a: Clodsire|100\/100|[from] item: Black Sludge\n|-damage|p1b: Iron Hands|61\/100 tox|[from] psn\n|upkeep\n|\n|t:|1700349495\n|switch|p2b: Kleavor|Kleavor, L50, F|10\/100\n|turn|6\n|inactive|gaelthevapemaster has 30 seconds left.\n|\n|t:|1700349522\n|move|p1a: Fezandipiti|Icy Wind|p2b: Kleavor|[spread] p2b\n|-miss|p1a: Fezandipiti|p2a: Clodsire\n|-damage|p2b: Kleavor|3\/100\n|-unboost|p2b: Kleavor|spe|1\n|move|p2b: Kleavor|Stone Axe|p1a: Fezandipiti\n|-damage|p1a: Fezandipiti|12\/100\n|move|p1b: Iron Hands|Fire Punch|p2b: Kleavor\n|-damage|p2b: Kleavor|0 fnt\n|faint|p2b: Kleavor\n|-damage|p1b: Iron Hands|51\/100 tox|[from] item: Life Orb\n|move|p2a: Clodsire|Mud-Slap|p1a: Fezandipiti\n|-supereffective|p1a: Fezandipiti\n|-damage|p1a: Fezandipiti|8\/100\n|-unboost|p1a: Fezandipiti|accuracy|1\n|\n|-heal|p1a: Fezandipiti|14\/100|[from] item: Leftovers\n|-damage|p1b: Iron Hands|33\/100 tox|[from] psn\n|upkeep\n|turn|7\n|\n|t:|1700349540\n|move|p1a: Fezandipiti|Icy Wind|p2a: Clodsire\n|-supereffective|p2a: Clodsire\n|-damage|p2a: Clodsire|94\/100\n|-unboost|p2a: Clodsire|spe|1\n|move|p1b: Iron Hands|Fire Punch|p2a: Clodsire\n|-damage|p2a: Clodsire|81\/100\n|-damage|p1b: Iron Hands|23\/100 tox|[from] item: Life Orb\n|move|p2a: Clodsire|Stockpile|p2a: Clodsire\n|-start|p2a: Clodsire|stockpile2\n|-boost|p2a: Clodsire|def|1\n|-boost|p2a: Clodsire|spd|1\n|\n|-heal|p1a: Fezandipiti|20\/100|[from] item: Leftovers\n|-heal|p2a: Clodsire|87\/100|[from] item: Black Sludge\n|-damage|p1b: Iron Hands|0 fnt|[from] psn\n|faint|p1b: Iron Hands\n|-end|p1b: Iron Hands|Quark Drive|[silent]\n|upkeep\n|\n|t:|1700349555\n|switch|p1b: Landorus|Landorus-Therian, L50, M|100\/100\n|-damage|p1b: Landorus|88\/100|[from] Stealth Rock\n|-ability|p1b: Landorus|Intimidate|boost\n|-unboost|p2a: Clodsire|atk|1\n|turn|8\n|\n|t:|1700349566\n|move|p1b: Landorus|Stomping Tantrum|p2a: Clodsire\n|-supereffective|p2a: Clodsire\n|-damage|p2a: Clodsire|63\/100\n|move|p1a: Fezandipiti|Icy Wind|p2a: Clodsire\n|-supereffective|p2a: Clodsire\n|-damage|p2a: Clodsire|58\/100\n|-unboost|p2a: Clodsire|spe|1\n|move|p2a: Clodsire|Toxic|p1b: Landorus\n|-status|p1b: Landorus|tox\n|\n|-heal|p1a: Fezandipiti|27\/100|[from] item: Leftovers\n|-heal|p2a: Clodsire|64\/100|[from] item: Black Sludge\n|-damage|p1b: Landorus|82\/100 tox|[from] psn\n|-sideend|p2: gaelthevapemaster|Reflect\n|-sideend|p1: batterytestingzone|move: Tailwind\n|upkeep\n|turn|9\n|\n|t:|1700349581\n|move|p1b: Landorus|Stomping Tantrum|p2a: Clodsire\n|-supereffective|p2a: Clodsire\n|-damage|p2a: Clodsire|28\/100\n|move|p1a: Fezandipiti|Icy Wind|p2a: Clodsire\n|-supereffective|p2a: Clodsire\n|-damage|p2a: Clodsire|22\/100\n|-unboost|p2a: Clodsire|spe|1\n|move|p2a: Clodsire|Recover|p2a: Clodsire\n|-heal|p2a: Clodsire|73\/100\n|\n|-heal|p1a: Fezandipiti|33\/100|[from] item: Leftovers\n|-heal|p2a: Clodsire|79\/100|[from] item: Black Sludge\n|-damage|p1b: Landorus|70\/100 tox|[from] psn\n|-sideend|p2: gaelthevapemaster|move: Light Screen\n|upkeep\n|turn|10\n|\n|t:|1700349589\n|move|p1b: Landorus|Stomping Tantrum|p2a: Clodsire\n|-supereffective|p2a: Clodsire\n|-damage|p2a: Clodsire|43\/100\n|move|p1a: Fezandipiti|Icy Wind|p2a: Clodsire\n|-supereffective|p2a: Clodsire\n|-damage|p2a: Clodsire|36\/100\n|-unboost|p2a: Clodsire|spe|1\n|move|p2a: Clodsire|Recover|p2a: Clodsire\n|-heal|p2a: Clodsire|86\/100\n|\n|-heal|p1a: Fezandipiti|39\/100|[from] item: Leftovers\n|-heal|p2a: Clodsire|92\/100|[from] item: Black Sludge\n|-damage|p1b: Landorus|52\/100 tox|[from] psn\n|upkeep\n|turn|11\n|\n|t:|1700349600\n|move|p1b: Landorus|Stomping Tantrum|p2a: Clodsire\n|-supereffective|p2a: Clodsire\n|-damage|p2a: Clodsire|59\/100\n|move|p1a: Fezandipiti|Icy Wind|p2a: Clodsire\n|-supereffective|p2a: Clodsire\n|-damage|p2a: Clodsire|51\/100\n|-unboost|p2a: Clodsire|spe|1\n|move|p2a: Clodsire|Recover|p2a: Clodsire\n|-heal|p2a: Clodsire|100\/100\n|\n|-heal|p1a: Fezandipiti|45\/100|[from] item: Leftovers\n|-damage|p1b: Landorus|28\/100 tox|[from] psn\n|upkeep\n|turn|12\n|\n|t:|1700349611\n|move|p1b: Landorus|Stomping Tantrum|p2a: Clodsire\n|-supereffective|p2a: Clodsire\n|-damage|p2a: Clodsire|64\/100\n|move|p1a: Fezandipiti|Icy Wind|p2a: Clodsire\n|-supereffective|p2a: Clodsire\n|-damage|p2a: Clodsire|57\/100\n|move|p2a: Clodsire|Stockpile|p2a: Clodsire\n|-start|p2a: Clodsire|stockpile3\n|-boost|p2a: Clodsire|def|1\n|-boost|p2a: Clodsire|spd|1\n|\n|-heal|p1a: Fezandipiti|51\/100|[from] item: Leftovers\n|-heal|p2a: Clodsire|63\/100|[from] item: Black Sludge\n|-damage|p1b: Landorus|0 fnt|[from] psn\n|faint|p1b: Landorus\n|upkeep\n|\n|t:|1700349624\n|switch|p1b: Basculegion|Basculegion, L50, M|100\/100\n|-damage|p1b: Basculegion|88\/100|[from] Stealth Rock\n|turn|13\n|\n|t:|1700349649\n|move|p1b: Basculegion|Last Respects|p2a: Clodsire\n|-damage|p2a: Clodsire|30\/100\n|move|p1a: Fezandipiti|Icy Wind|p2a: Clodsire\n|-supereffective|p2a: Clodsire\n|-damage|p2a: Clodsire|24\/100\n|move|p2a: Clodsire|Recover|p2a: Clodsire\n|-heal|p2a: Clodsire|74\/100\n|\n|-heal|p1a: Fezandipiti|57\/100|[from] item: Leftovers\n|-heal|p2a: Clodsire|80\/100|[from] item: Black Sludge\n|upkeep\n|turn|14\n|\n|t:|1700349660\n|move|p1b: Basculegion|Last Respects|p2a: Clodsire\n|-damage|p2a: Clodsire|51\/100\n|move|p1a: Fezandipiti|Icy Wind|p2a: Clodsire\n|-supereffective|p2a: Clodsire\n|-damage|p2a: Clodsire|45\/100\n|move|p2a: Clodsire|Recover|p2a: Clodsire\n|-heal|p2a: Clodsire|95\/100\n|\n|-heal|p1a: Fezandipiti|64\/100|[from] item: Leftovers\n|-heal|p2a: Clodsire|100\/100|[from] item: Black Sludge\n|upkeep\n|turn|15\n|\n|t:|1700349668\n|move|p1b: Basculegion|Last Respects|p2a: Clodsire\n|-damage|p2a: Clodsire|67\/100\n|move|p1a: Fezandipiti|Icy Wind|p2a: Clodsire\n|-supereffective|p2a: Clodsire\n|-damage|p2a: Clodsire|62\/100\n|move|p2a: Clodsire|Toxic|p1b: Basculegion\n|-status|p1b: Basculegion|tox\n|\n|-heal|p1a: Fezandipiti|70\/100|[from] item: Leftovers\n|-heal|p2a: Clodsire|68\/100|[from] item: Black Sludge\n|-damage|p1b: Basculegion|82\/100 tox|[from] psn\n|upkeep\n|turn|16\n|\n|t:|1700349676\n|move|p1b: Basculegion|Last Respects|p2a: Clodsire\n|-damage|p2a: Clodsire|35\/100\n|move|p1a: Fezandipiti|Icy Wind|p2a: Clodsire\n|-supereffective|p2a: Clodsire\n|-crit|p2a: Clodsire\n|-damage|p2a: Clodsire|15\/100\n|move|p2a: Clodsire|Recover|p2a: Clodsire\n|-heal|p2a: Clodsire|65\/100\n|\n|-heal|p1a: Fezandipiti|76\/100|[from] item: Leftovers\n|-heal|p2a: Clodsire|71\/100|[from] item: Black Sludge\n|-damage|p1b: Basculegion|70\/100 tox|[from] psn\n|upkeep\n|turn|17\n|\n|t:|1700349692\n|move|p1b: Basculegion|Last Respects|p2a: Clodsire\n|-damage|p2a: Clodsire|40\/100\n|move|p1a: Fezandipiti|Icy Wind|p2a: Clodsire\n|-supereffective|p2a: Clodsire\n|-damage|p2a: Clodsire|34\/100\n|move|p2a: Clodsire|Recover|p2a: Clodsire\n|-heal|p2a: Clodsire|84\/100\n|\n|-heal|p1a: Fezandipiti|82\/100|[from] item: Leftovers\n|-heal|p2a: Clodsire|90\/100|[from] item: Black Sludge\n|-damage|p1b: Basculegion|51\/100 tox|[from] psn\n|upkeep\n|turn|18\n|\n|t:|1700349702\n|move|p1b: Basculegion|Last Respects|p2a: Clodsire\n|-damage|p2a: Clodsire|57\/100\n|move|p1a: Fezandipiti|Icy Wind|p2a: Clodsire\n|-supereffective|p2a: Clodsire\n|-damage|p2a: Clodsire|52\/100\n|move|p2a: Clodsire|Mud-Slap|p1b: Basculegion\n|-damage|p1b: Basculegion|47\/100 tox\n|-unboost|p1b: Basculegion|accuracy|1\n|\n|-heal|p1a: Fezandipiti|88\/100|[from] item: Leftovers\n|-heal|p2a: Clodsire|58\/100|[from] item: Black Sludge\n|-damage|p1b: Basculegion|22\/100 tox|[from] psn\n|upkeep\n|turn|19\n|\n|t:|1700349708\n|move|p1b: Basculegion|Last Respects|p2a: Clodsire\n|-damage|p2a: Clodsire|28\/100\n|move|p1a: Fezandipiti|Icy Wind|p2a: Clodsire\n|-supereffective|p2a: Clodsire\n|-damage|p2a: Clodsire|22\/100\n|move|p2a: Clodsire|Recover|p2a: Clodsire\n|-heal|p2a: Clodsire|72\/100\n|\n|-heal|p1a: Fezandipiti|94\/100|[from] item: Leftovers\n|-heal|p2a: Clodsire|78\/100|[from] item: Black Sludge\n|-damage|p1b: Basculegion|0 fnt|[from] psn\n|faint|p1b: Basculegion\n|upkeep\n|turn|20\n|c|\u2606gaelthevapemaster|Staaaaaall off\n|\n|t:|1700349732\n|move|p1a: Fezandipiti|Protect|p1a: Fezandipiti\n|-singleturn|p1a: Fezandipiti|Protect\n|move|p2a: Clodsire|Mud-Slap|p1a: Fezandipiti\n|-activate|p1a: Fezandipiti|move: Protect\n|\n|-heal|p1a: Fezandipiti|100\/100|[from] item: Leftovers\n|-heal|p2a: Clodsire|84\/100|[from] item: Black Sludge\n|upkeep\n|turn|21\n|\n|t:|1700349738\n|move|p1a: Fezandipiti|Icy Wind|p2a: Clodsire|[miss]\n|-miss|p1a: Fezandipiti|p2a: Clodsire\n|move|p2a: Clodsire|Mud-Slap|p1a: Fezandipiti\n|-supereffective|p1a: Fezandipiti\n|-damage|p1a: Fezandipiti|96\/100\n|-unboost|p1a: Fezandipiti|accuracy|1\n|\n|-heal|p1a: Fezandipiti|100\/100|[from] item: Leftovers\n|-heal|p2a: Clodsire|90\/100|[from] item: Black Sludge\n|upkeep\n|turn|22\n|c|\u2606batterytestingzone|Yuup lol\n|\n|t:|1700349751\n|move|p1a: Fezandipiti|Icy Wind|p2a: Clodsire|[miss]\n|-miss|p1a: Fezandipiti|p2a: Clodsire\n|move|p2a: Clodsire|Mud-Slap|p1a: Fezandipiti\n|-supereffective|p1a: Fezandipiti\n|-crit|p1a: Fezandipiti\n|-damage|p1a: Fezandipiti|93\/100\n|-unboost|p1a: Fezandipiti|accuracy|1\n|\n|-heal|p1a: Fezandipiti|99\/100|[from] item: Leftovers\n|-heal|p2a: Clodsire|96\/100|[from] item: Black Sludge\n|upkeep\n|turn|23\n|\n|t:|1700349753\n|move|p1a: Fezandipiti|Icy Wind|p2a: Clodsire|[miss]\n|-miss|p1a: Fezandipiti|p2a: Clodsire\n|move|p2a: Clodsire|Mud-Slap|p1a: Fezandipiti\n|-supereffective|p1a: Fezandipiti\n|-damage|p1a: Fezandipiti|95\/100\n|-unboost|p1a: Fezandipiti|accuracy|1\n|\n|-heal|p1a: Fezandipiti|100\/100|[from] item: Leftovers\n|-heal|p2a: Clodsire|100\/100|[from] item: Black Sludge\n|upkeep\n|turn|24\n|\n|t:|1700349756\n|move|p1a: Fezandipiti|Icy Wind|p2a: Clodsire\n|-supereffective|p2a: Clodsire\n|-damage|p2a: Clodsire|95\/100\n|move|p2a: Clodsire|Mud-Slap|p1a: Fezandipiti\n|-supereffective|p1a: Fezandipiti\n|-damage|p1a: Fezandipiti|96\/100\n|-unboost|p1a: Fezandipiti|accuracy|1\n|\n|-heal|p1a: Fezandipiti|100\/100|[from] item: Leftovers\n|-heal|p2a: Clodsire|100\/100|[from] item: Black Sludge\n|upkeep\n|turn|25\n|\n|t:|1700349760\n|move|p1a: Fezandipiti|Icy Wind|p2a: Clodsire\n|-supereffective|p2a: Clodsire\n|-damage|p2a: Clodsire|95\/100\n|move|p2a: Clodsire|Mud-Slap|p1a: Fezandipiti\n|-supereffective|p1a: Fezandipiti\n|-damage|p1a: Fezandipiti|96\/100\n|-unboost|p1a: Fezandipiti|accuracy|1\n|\n|-heal|p1a: Fezandipiti|100\/100|[from] item: Leftovers\n|-heal|p2a: Clodsire|100\/100|[from] item: Black Sludge\n|upkeep\n|turn|26\n|\n|t:|1700349763\n|move|p1a: Fezandipiti|Icy Wind|p2a: Clodsire|[miss]\n|-miss|p1a: Fezandipiti|p2a: Clodsire\n|move|p2a: Clodsire|Mud-Slap|p1a: Fezandipiti\n|-supereffective|p1a: Fezandipiti\n|-damage|p1a: Fezandipiti|96\/100\n|\n|-heal|p1a: Fezandipiti|100\/100|[from] item: Leftovers\n|upkeep\n|turn|27\n|\n|t:|1700349772\n|move|p1a: Fezandipiti|Icy Wind|p2a: Clodsire\n|-supereffective|p2a: Clodsire\n|-damage|p2a: Clodsire|95\/100\n|move|p2a: Clodsire|Stockpile||[still]\n|-fail|p2a: Clodsire\n|\n|-heal|p2a: Clodsire|100\/100|[from] item: Black Sludge\n|upkeep\n|turn|28\n|\n|t:|1700349779\n|move|p1a: Fezandipiti|Icy Wind|p2a: Clodsire\n|-supereffective|p2a: Clodsire\n|-damage|p2a: Clodsire|95\/100\n|move|p2a: Clodsire|Stockpile||[still]\n|-fail|p2a: Clodsire\n|\n|-heal|p2a: Clodsire|100\/100|[from] item: Black Sludge\n|upkeep\n|turn|29\n|\n|t:|1700349784\n|move|p1a: Fezandipiti|Icy Wind|p2a: Clodsire\n|-supereffective|p2a: Clodsire\n|-damage|p2a: Clodsire|95\/100\n|move|p2a: Clodsire|Toxic|p1a: Fezandipiti\n|-immune|p1a: Fezandipiti\n|\n|-heal|p2a: Clodsire|100\/100|[from] item: Black Sludge\n|upkeep\n|turn|30\n|c|\u2606gaelthevapemaster|Ah I just added up our moves\n|c|\u2606gaelthevapemaster|You've won\n|\n|t:|1700349798\n|move|p1a: Fezandipiti|Tailwind|p1a: Fezandipiti\n|-sidestart|p1: batterytestingzone|move: Tailwind\n|move|p2a: Clodsire|Stockpile||[still]\n|-fail|p2a: Clodsire\n|\n|upkeep\n|turn|31\n|\n|t:|1700349802\n|move|p1a: Fezandipiti|Tailwind||[still]\n|-fail|p1a: Fezandipiti\n|move|p2a: Clodsire|Stockpile||[still]\n|-fail|p2a: Clodsire\n|\n|upkeep\n|turn|32\n|\n|t:|1700349808\n|move|p1a: Fezandipiti|Tailwind||[still]\n|-fail|p1a: Fezandipiti\n|move|p2a: Clodsire|Stockpile||[still]\n|-fail|p2a: Clodsire\n|\n|upkeep\n|turn|33\n|\n|t:|1700349812\n|move|p1a: Fezandipiti|Tailwind||[still]\n|-fail|p1a: Fezandipiti\n|move|p2a: Clodsire|Stockpile||[still]\n|-fail|p2a: Clodsire\n|\n|-sideend|p1: batterytestingzone|move: Tailwind\n|upkeep\n|turn|34\n|\n|t:|1700349813\n|move|p1a: Fezandipiti|Tailwind|p1a: Fezandipiti\n|-sidestart|p1: batterytestingzone|move: Tailwind\n|move|p2a: Clodsire|Stockpile||[still]\n|-fail|p2a: Clodsire\n|\n|upkeep\n|turn|35\n|\n|t:|1700349819\n|move|p1a: Fezandipiti|Tailwind||[still]\n|-fail|p1a: Fezandipiti\n|move|p2a: Clodsire|Stockpile||[still]\n|-fail|p2a: Clodsire\n|\n|upkeep\n|turn|36\n|\n|t:|1700349821\n|move|p1a: Fezandipiti|Tailwind||[still]\n|-fail|p1a: Fezandipiti\n|move|p2a: Clodsire|Stockpile||[still]\n|-fail|p2a: Clodsire\n|\n|upkeep\n|turn|37\n|\n|t:|1700349824\n|move|p1a: Fezandipiti|Tailwind||[still]\n|-fail|p1a: Fezandipiti\n|move|p2a: Clodsire|Stockpile||[still]\n|-fail|p2a: Clodsire\n|\n|-sideend|p1: batterytestingzone|move: Tailwind\n|upkeep\n|turn|38\n|\n|t:|1700349825\n|move|p1a: Fezandipiti|Tailwind|p1a: Fezandipiti\n|-sidestart|p1: batterytestingzone|move: Tailwind\n|move|p2a: Clodsire|Stockpile||[still]\n|-fail|p2a: Clodsire\n|\n|upkeep\n|turn|39\n|\n|t:|1700349826\n|move|p1a: Fezandipiti|Tailwind||[still]\n|-fail|p1a: Fezandipiti\n|move|p2a: Clodsire|Stockpile||[still]\n|-fail|p2a: Clodsire\n|\n|upkeep\n|turn|40\n|\n|t:|1700349828\n|move|p1a: Fezandipiti|Tailwind||[still]\n|-fail|p1a: Fezandipiti\n|move|p2a: Clodsire|Stockpile||[still]\n|-fail|p2a: Clodsire\n|\n|upkeep\n|turn|41\n|\n|t:|1700349829\n|move|p1a: Fezandipiti|Tailwind||[still]\n|-fail|p1a: Fezandipiti\n|move|p2a: Clodsire|Stockpile||[still]\n|-fail|p2a: Clodsire\n|\n|-sideend|p1: batterytestingzone|move: Tailwind\n|upkeep\n|turn|42\n|\n|t:|1700349830\n|move|p1a: Fezandipiti|Tailwind|p1a: Fezandipiti\n|-sidestart|p1: batterytestingzone|move: Tailwind\n|move|p2a: Clodsire|Stockpile||[still]\n|-fail|p2a: Clodsire\n|\n|upkeep\n|turn|43\n|\n|t:|1700349832\n|move|p1a: Fezandipiti|Tailwind||[still]\n|-fail|p1a: Fezandipiti\n|move|p2a: Clodsire|Stockpile||[still]\n|-fail|p2a: Clodsire\n|\n|upkeep\n|turn|44\n|\n|t:|1700349833\n|move|p1a: Fezandipiti|Tailwind||[still]\n|-fail|p1a: Fezandipiti\n|move|p2a: Clodsire|Stockpile||[still]\n|-fail|p2a: Clodsire\n|\n|upkeep\n|turn|45\n|\n|t:|1700349834\n|move|p1a: Fezandipiti|Tailwind||[still]\n|-fail|p1a: Fezandipiti\n|move|p2a: Clodsire|Stockpile||[still]\n|-fail|p2a: Clodsire\n|\n|-sideend|p1: batterytestingzone|move: Tailwind\n|upkeep\n|turn|46\n|\n|t:|1700349836\n|move|p1a: Fezandipiti|Tailwind|p1a: Fezandipiti\n|-sidestart|p1: batterytestingzone|move: Tailwind\n|move|p2a: Clodsire|Stockpile||[still]\n|-fail|p2a: Clodsire\n|\n|upkeep\n|turn|47\n|\n|t:|1700349837\n|move|p1a: Fezandipiti|Tailwind||[still]\n|-fail|p1a: Fezandipiti\n|move|p2a: Clodsire|Stockpile||[still]\n|-fail|p2a: Clodsire\n|\n|upkeep\n|turn|48\n|\n|t:|1700349839\n|move|p1a: Fezandipiti|Tailwind||[still]\n|-fail|p1a: Fezandipiti\n|move|p2a: Clodsire|Stockpile||[still]\n|-fail|p2a: Clodsire\n|\n|upkeep\n|turn|49\n|\n|t:|1700349841\n|move|p1a: Fezandipiti|Tailwind||[still]\n|-fail|p1a: Fezandipiti\n|move|p2a: Clodsire|Stockpile||[still]\n|-fail|p2a: Clodsire\n|\n|-sideend|p1: batterytestingzone|move: Tailwind\n|upkeep\n|turn|50\n|\n|t:|1700349845\n|move|p1a: Fezandipiti|Tailwind|p1a: Fezandipiti\n|-sidestart|p1: batterytestingzone|move: Tailwind\n|move|p2a: Clodsire|Stockpile||[still]\n|-fail|p2a: Clodsire\n|\n|upkeep\n|turn|51\n|\n|t:|1700349848\n|move|p1a: Fezandipiti|Tailwind||[still]\n|-fail|p1a: Fezandipiti\n|move|p2a: Clodsire|Toxic|p1a: Fezandipiti\n|-immune|p1a: Fezandipiti\n|\n|upkeep\n|turn|52\n|\n|t:|1700349858\n|move|p1a: Fezandipiti|Dazzling Gleam|p2a: Clodsire\n|-resisted|p2a: Clodsire\n|-damage|p2a: Clodsire|98\/100\n|move|p2a: Clodsire|Stockpile||[still]\n|-fail|p2a: Clodsire\n|\n|-heal|p2a: Clodsire|100\/100|[from] item: Black Sludge\n|upkeep\n|turn|53\n|\n|t:|1700349861\n|move|p1a: Fezandipiti|Dazzling Gleam|p2a: Clodsire\n|-resisted|p2a: Clodsire\n|-damage|p2a: Clodsire|98\/100\n|move|p2a: Clodsire|Stockpile||[still]\n|-fail|p2a: Clodsire\n|\n|-heal|p2a: Clodsire|100\/100|[from] item: Black Sludge\n|-sideend|p1: batterytestingzone|move: Tailwind\n|upkeep\n|turn|54\n|\n|t:|1700349862\n|move|p1a: Fezandipiti|Dazzling Gleam|p2a: Clodsire\n|-resisted|p2a: Clodsire\n|-damage|p2a: Clodsire|98\/100\n|move|p2a: Clodsire|Stockpile||[still]\n|-fail|p2a: Clodsire\n|\n|-heal|p2a: Clodsire|100\/100|[from] item: Black Sludge\n|upkeep\n|turn|55\n|\n|t:|1700349865\n|move|p1a: Fezandipiti|Dazzling Gleam|p2a: Clodsire\n|-resisted|p2a: Clodsire\n|-damage|p2a: Clodsire|98\/100\n|move|p2a: Clodsire|Toxic|p1a: Fezandipiti\n|-immune|p1a: Fezandipiti\n|\n|-heal|p2a: Clodsire|100\/100|[from] item: Black Sludge\n|upkeep\n|turn|56\n|\n|t:|1700349867\n|move|p1a: Fezandipiti|Dazzling Gleam|p2a: Clodsire\n|-resisted|p2a: Clodsire\n|-damage|p2a: Clodsire|98\/100\n|move|p2a: Clodsire|Toxic|p1a: Fezandipiti\n|-immune|p1a: Fezandipiti\n|\n|-heal|p2a: Clodsire|100\/100|[from] item: Black Sludge\n|upkeep\n|turn|57\n|\n|t:|1700349869\n|move|p1a: Fezandipiti|Dazzling Gleam|p2a: Clodsire\n|-resisted|p2a: Clodsire\n|-damage|p2a: Clodsire|98\/100\n|move|p2a: Clodsire|Toxic|p1a: Fezandipiti\n|-immune|p1a: Fezandipiti\n|\n|-heal|p2a: Clodsire|100\/100|[from] item: Black Sludge\n|upkeep\n|turn|58\n|\n|t:|1700349870\n|move|p1a: Fezandipiti|Dazzling Gleam|p2a: Clodsire|[miss]\n|-miss|p1a: Fezandipiti|p2a: Clodsire\n|move|p2a: Clodsire|Toxic|p1a: Fezandipiti\n|-immune|p1a: Fezandipiti\n|\n|upkeep\n|turn|59\n|\n|t:|1700349875\n|move|p1a: Fezandipiti|Dazzling Gleam|p2a: Clodsire|[miss]\n|-miss|p1a: Fezandipiti|p2a: Clodsire\n|move|p2a: Clodsire|Toxic|p1a: Fezandipiti\n|-immune|p1a: Fezandipiti\n|\n|upkeep\n|turn|60\n|\n|t:|1700349877\n|move|p1a: Fezandipiti|Dazzling Gleam|p2a: Clodsire|[miss]\n|-miss|p1a: Fezandipiti|p2a: Clodsire\n|move|p2a: Clodsire|Toxic|p1a: Fezandipiti\n|-immune|p1a: Fezandipiti\n|\n|upkeep\n|turn|61\n|\n|t:|1700349879\n|move|p1a: Fezandipiti|Dazzling Gleam|p2a: Clodsire|[miss]\n|-miss|p1a: Fezandipiti|p2a: Clodsire\n|move|p2a: Clodsire|Toxic|p1a: Fezandipiti\n|-immune|p1a: Fezandipiti\n|\n|upkeep\n|turn|62\n|\n|t:|1700349881\n|move|p1a: Fezandipiti|Dazzling Gleam|p2a: Clodsire|[miss]\n|-miss|p1a: Fezandipiti|p2a: Clodsire\n|move|p2a: Clodsire|Toxic|p1a: Fezandipiti\n|-immune|p1a: Fezandipiti\n|\n|upkeep\n|turn|63\n|\n|t:|1700349889\n|move|p1a: Fezandipiti|Dazzling Gleam|p2a: Clodsire|[miss]\n|-miss|p1a: Fezandipiti|p2a: Clodsire\n|move|p2a: Clodsire|Stockpile||[still]\n|-fail|p2a: Clodsire\n|\n|upkeep\n|turn|64\n|\n|t:|1700349891\n|move|p1a: Fezandipiti|Dazzling Gleam|p2a: Clodsire\n|-resisted|p2a: Clodsire\n|-damage|p2a: Clodsire|97\/100\n|move|p2a: Clodsire|Toxic|p1a: Fezandipiti\n|-immune|p1a: Fezandipiti\n|\n|-heal|p2a: Clodsire|100\/100|[from] item: Black Sludge\n|upkeep\n|turn|65\n|\n|t:|1700349893\n|move|p1a: Fezandipiti|Dazzling Gleam|p2a: Clodsire\n|-resisted|p2a: Clodsire\n|-damage|p2a: Clodsire|98\/100\n|move|p2a: Clodsire|Toxic|p1a: Fezandipiti\n|-immune|p1a: Fezandipiti\n|\n|-heal|p2a: Clodsire|100\/100|[from] item: Black Sludge\n|upkeep\n|turn|66\n|\n|t:|1700349898\n|move|p1a: Fezandipiti|Protect|p1a: Fezandipiti\n|-singleturn|p1a: Fezandipiti|Protect\n|move|p2a: Clodsire|Toxic|p1a: Fezandipiti\n|-activate|p1a: Fezandipiti|move: Protect\n|\n|upkeep\n|turn|67\n|\n|t:|1700349907\n|-terastallize|p1a: Fezandipiti|Flying\n|move|p1a: Fezandipiti|Protect||[still]\n|-fail|p1a: Fezandipiti\n|move|p2a: Clodsire|Stockpile||[still]\n|-fail|p2a: Clodsire\n|\n|upkeep\n|turn|68\n|\n|t:|1700349913\n|move|p1a: Fezandipiti|Protect|p1a: Fezandipiti\n|-singleturn|p1a: Fezandipiti|Protect\n|move|p2a: Clodsire|Stockpile||[still]\n|-fail|p2a: Clodsire\n|\n|upkeep\n|turn|69\n|\n|t:|1700349917\n|move|p1a: Fezandipiti|Protect||[still]\n|-fail|p1a: Fezandipiti\n|move|p2a: Clodsire|Mud-Slap|p1a: Fezandipiti\n|-immune|p1a: Fezandipiti\n|\n|upkeep\n|turn|70\n|\n|t:|1700349919\n|move|p1a: Fezandipiti|Protect|p1a: Fezandipiti\n|-singleturn|p1a: Fezandipiti|Protect\n|move|p2a: Clodsire|Mud-Slap|p1a: Fezandipiti\n|-activate|p1a: Fezandipiti|move: Protect\n|\n|upkeep\n|turn|71\n|\n|t:|1700349920\n|move|p1a: Fezandipiti|Protect||[still]\n|-fail|p1a: Fezandipiti\n|move|p2a: Clodsire|Mud-Slap|p1a: Fezandipiti\n|-immune|p1a: Fezandipiti\n|\n|upkeep\n|turn|72\n|\n|t:|1700349922\n|move|p1a: Fezandipiti|Protect|p1a: Fezandipiti\n|-singleturn|p1a: Fezandipiti|Protect\n|move|p2a: Clodsire|Mud-Slap|p1a: Fezandipiti\n|-activate|p1a: Fezandipiti|move: Protect\n|\n|upkeep\n|turn|73\n|\n|t:|1700349924\n|move|p1a: Fezandipiti|Protect||[still]\n|-fail|p1a: Fezandipiti\n|move|p2a: Clodsire|Mud-Slap|p1a: Fezandipiti\n|-immune|p1a: Fezandipiti\n|\n|upkeep\n|turn|74\n|\n|t:|1700349925\n|move|p1a: Fezandipiti|Protect|p1a: Fezandipiti\n|-singleturn|p1a: Fezandipiti|Protect\n|move|p2a: Clodsire|Mud-Slap|p1a: Fezandipiti\n|-activate|p1a: Fezandipiti|move: Protect\n|\n|upkeep\n|turn|75\n|\n|t:|1700349927\n|move|p1a: Fezandipiti|Protect|p1a: Fezandipiti\n|-singleturn|p1a: Fezandipiti|Protect\n|move|p2a: Clodsire|Mud-Slap|p1a: Fezandipiti\n|-activate|p1a: Fezandipiti|move: Protect\n|\n|upkeep\n|turn|76\n|\n|t:|1700349929\n|move|p1a: Fezandipiti|Protect||[still]\n|-fail|p1a: Fezandipiti\n|-activate|p2a: Clodsire|move: Struggle\n|move|p2a: Clodsire|Struggle|p1a: Fezandipiti\n|-damage|p1a: Fezandipiti|94\/100\n|-damage|p2a: Clodsire|76\/100|[from] recoil\n|\n|-heal|p1a: Fezandipiti|99\/100|[from] item: Leftovers\n|-heal|p2a: Clodsire|82\/100|[from] item: Black Sludge\n|upkeep\n|turn|77\n|\n|t:|1700349931\n|move|p1a: Fezandipiti|Protect|p1a: Fezandipiti\n|-singleturn|p1a: Fezandipiti|Protect\n|-activate|p2a: Clodsire|move: Struggle\n|move|p2a: Clodsire|Struggle|p1a: Fezandipiti\n|-activate|p1a: Fezandipiti|move: Protect\n|\n|-heal|p1a: Fezandipiti|100\/100|[from] item: Leftovers\n|-heal|p2a: Clodsire|87\/100|[from] item: Black Sludge\n|upkeep\n|turn|78\n|\n|t:|1700349932\n|move|p1a: Fezandipiti|Protect||[still]\n|-fail|p1a: Fezandipiti\n|-activate|p2a: Clodsire|move: Struggle\n|move|p2a: Clodsire|Struggle|p1a: Fezandipiti\n|-damage|p1a: Fezandipiti|95\/100\n|-damage|p2a: Clodsire|63\/100|[from] recoil\n|\n|-heal|p1a: Fezandipiti|100\/100|[from] item: Leftovers\n|-heal|p2a: Clodsire|68\/100|[from] item: Black Sludge\n|upkeep\n|turn|79\n|\n|t:|1700349934\n|move|p1a: Fezandipiti|Protect|p1a: Fezandipiti\n|-singleturn|p1a: Fezandipiti|Protect\n|-activate|p2a: Clodsire|move: Struggle\n|move|p2a: Clodsire|Struggle|p1a: Fezandipiti\n|-activate|p1a: Fezandipiti|move: Protect\n|\n|-heal|p2a: Clodsire|74\/100|[from] item: Black Sludge\n|upkeep\n|turn|80\n|\n|t:|1700349936\n|move|p1a: Fezandipiti|Protect||[still]\n|-fail|p1a: Fezandipiti\n|-activate|p2a: Clodsire|move: Struggle\n|move|p2a: Clodsire|Struggle|p1a: Fezandipiti\n|-damage|p1a: Fezandipiti|95\/100\n|-damage|p2a: Clodsire|49\/100|[from] recoil\n|\n|-heal|p1a: Fezandipiti|100\/100|[from] item: Leftovers\n|-heal|p2a: Clodsire|55\/100|[from] item: Black Sludge\n|upkeep\n|turn|81\n|\n|t:|1700349937\n|-activate|p1a: Fezandipiti|move: Struggle\n|move|p1a: Fezandipiti|Struggle|p2a: Clodsire\n|-crit|p2a: Clodsire\n|-damage|p2a: Clodsire|45\/100\n|-damage|p1a: Fezandipiti|75\/100|[from] recoil\n|-activate|p2a: Clodsire|move: Struggle\n|move|p2a: Clodsire|Struggle|p1a: Fezandipiti\n|-damage|p1a: Fezandipiti|69\/100\n|-damage|p2a: Clodsire|20\/100|[from] recoil\n|\n|-heal|p1a: Fezandipiti|75\/100|[from] item: Leftovers\n|-heal|p2a: Clodsire|26\/100|[from] item: Black Sludge\n|upkeep\n|turn|82\n|\n|t:|1700349939\n|-activate|p1a: Fezandipiti|move: Struggle\n|move|p1a: Fezandipiti|Struggle|p2a: Clodsire\n|-damage|p2a: Clodsire|23\/100\n|-damage|p1a: Fezandipiti|50\/100|[from] recoil\n|-activate|p2a: Clodsire|move: Struggle\n|move|p2a: Clodsire|Struggle|p1a: Fezandipiti\n|-damage|p1a: Fezandipiti|44\/100\n|-damage|p2a: Clodsire|0 fnt|[from] recoil\n|faint|p2a: Clodsire\n|\n|win|batterytestingzone\n|raw|batterytestingzone's rating: 1087 &rarr; <strong>1120<\/strong><br \/>(+33 for winning)\n|raw|gaelthevapemaster's rating: 1163 &rarr; <strong>1133<\/strong><br \/>(-30 for losing)\n|c|\u2606batterytestingzone|Gg, lol\n|c|\u2606gaelthevapemaster|GG lol\n|c|\u2606batterytestingzone|Same energy\n|l|\u2606gaelthevapemaster\n","uploadtime":1700349959,"views":13,"p1id":"batterytestingzone","p2id":"gaelthevapemaster","formatid":"gen9vgc2023regulatione","rating":1120,"private":0,"password":""}