{"id":"gen9vgc2023regulatione-1996479165","p1":"Pnuma","p2":"Not our Business","format":"[Gen 9] VGC 2023 Regulation E","log":"|j|\u2606Pnuma\n|j|\u2606Not our Business\n|n|\u2606Pnuma|pnuma\n|n|\u2606Not our Business|notourbusiness\n|html|View the match progress at <a href=\"\/game-bestof3-gen9vgc2023regulatione-1996475643\">game-bestof3-gen9vgc2023regulatione-1996475643<\/a>\n|t:|1700685997\n|gametype|doubles\n|player|p1|Pnuma|veteran|\n|player|p2|Not our Business|1|\n|teamsize|p1|6\n|teamsize|p2|6\n|gen|9\n|tier|[Gen 9] VGC 2023 Regulation E\n|rule|Species Clause: Limit one of each Pok\u00e9mon\n|rule|Item Clause: Limit one of each item\n|clearpoke\n|poke|p1|Froslass, L50, F|\n|poke|p1|Tauros, L50, M|\n|poke|p1|Hydreigon, L50, F|\n|poke|p1|Great Tusk, L50|\n|poke|p1|Volcarona, L50, M|\n|poke|p1|Garganacl, L50, M|\n|poke|p2|Slowking, L50, M|\n|poke|p2|Vikavolt, L50, M|\n|poke|p2|Snorlax, L50, F|\n|poke|p2|Bronzong, L50|\n|poke|p2|Sinistcha, L50|\n|poke|p2|Dragonite, L50, M|\n|teampreview|4\n|inactive|Battle timer is ON: inactive players will automatically lose when time's up. (requested by Pnuma)\n|inactive|Pnuma has 60 seconds left.\n|inactive|Not our Business has 60 seconds left.\n|\n|t:|1700686049\n|start\n|switch|p1a: Great Tusk|Great Tusk, L50, shiny|100\/100\n|switch|p1b: Hydreigon|Hydreigon, L50, F, shiny|100\/100\n|switch|p2a: Bronzong|Bronzong, L50|100\/100\n|switch|p2b: Sinistcha|Sinistcha, L50|100\/100\n|-item|p2a: Bronzong|Air Balloon\n|turn|1\n|inactive|Pnuma has 30 seconds left.\n|inactive|Pnuma has 20 seconds left.\n|inactive|Pnuma has 15 seconds left.\n|inactive|Pnuma has 10 seconds left.\n|inactive|Pnuma has 5 seconds left.\n|\n|t:|1700686099\n|move|p2b: Sinistcha|Rage Powder|p2b: Sinistcha\n|-singleturn|p2b: Sinistcha|move: Rage Powder\n|move|p1a: Great Tusk|Close Combat|p2b: Sinistcha\n|-immune|p2b: Sinistcha\n|move|p1b: Hydreigon|Dark Pulse|p2b: Sinistcha\n|-supereffective|p2b: Sinistcha\n|-damage|p2b: Sinistcha|8\/100\n|-damage|p1b: Hydreigon|91\/100|[from] item: Life Orb\n|move|p2a: Bronzong|Trick Room|p2a: Bronzong\n|-fieldstart|move: Trick Room|[of] p2a: Bronzong\n|\n|upkeep\n|turn|2\n|\n|t:|1700686118\n|-end|p1a: Great Tusk|Protosynthesis|[silent]\n|switch|p1a: Volcarona|Volcarona, L50, M, shiny|100\/100\n|move|p2a: Bronzong|Hypnosis|p1b: Hydreigon\n|-status|p1b: Hydreigon|slp|[from] move: Hypnosis\n|move|p2b: Sinistcha|Matcha Gotcha|p1b: Hydreigon|[spread] p1a,p1b\n|-resisted|p1a: Volcarona\n|-resisted|p1b: Hydreigon\n|-damage|p1a: Volcarona|94\/100\n|-heal|p2b: Sinistcha|12\/100|[from] drain|[of] p1a: Volcarona\n|-damage|p1b: Hydreigon|77\/100 slp\n|-heal|p2b: Sinistcha|18\/100|[from] drain|[of] p1b: Hydreigon\n|cant|p1b: Hydreigon|slp\n|\n|upkeep\n|turn|3\n|inactive|Not our Business has 30 seconds left.\n|\n|t:|1700686148\n|switch|p2b: Vikavolt|Vikavolt, L50, M|100\/100\n|move|p2a: Bronzong|Hypnosis|p1a: Volcarona\n|-status|p1a: Volcarona|slp|[from] move: Hypnosis\n|cant|p1b: Hydreigon|slp\n|cant|p1a: Volcarona|slp\n|\n|upkeep\n|turn|4\n|\n|t:|1700686164\n|move|p2a: Bronzong|Rock Slide|p1b: Hydreigon|[spread] p1a,p1b\n|-supereffective|p1a: Volcarona\n|-damage|p1a: Volcarona|15\/100 slp\n|-damage|p1b: Hydreigon|64\/100 slp\n|-enditem|p1a: Volcarona|Sitrus Berry|[eat]\n|-heal|p1a: Volcarona|40\/100 slp|[from] item: Sitrus Berry\n|move|p2b: Vikavolt|Bug Buzz|p1b: Hydreigon\n|-supereffective|p1b: Hydreigon\n|-damage|p1b: Hydreigon|0 fnt\n|faint|p1b: Hydreigon\n|cant|p1a: Volcarona|slp\n|\n|upkeep\n|\n|t:|1700686182\n|switch|p1b: Garganacl|Garganacl, L50, M, shiny|100\/100\n|turn|5\n|\n|t:|1700686201\n|-terastallize|p2b: Vikavolt|Grass\n|move|p2a: Bronzong|Rock Slide|p1a: Volcarona|[spread] p1b\n|-miss|p2a: Bronzong|p1a: Volcarona\n|-damage|p1b: Garganacl|92\/100\n|move|p1b: Garganacl|Salt Cure|p2b: Vikavolt\n|-damage|p2b: Vikavolt|85\/100\n|move|p2b: Vikavolt|Energy Ball|p1b: Garganacl\n|-supereffective|p1b: Garganacl\n|-damage|p1b: Garganacl|10\/100\n|cant|p1a: Volcarona|slp\n|\n|-heal|p1b: Garganacl|16\/100|[from] item: Leftovers\n|-fieldend|move: Trick Room\n|upkeep\n|turn|6\n|inactive|Not our Business has 30 seconds left.\n|\n|t:|1700686228\n|move|p2b: Vikavolt|Protect|p2b: Vikavolt\n|-singleturn|p2b: Vikavolt|Protect\n|-curestatus|p1a: Volcarona|slp|[msg]\n|move|p1a: Volcarona|Heat Wave|p2b: Vikavolt|[spread] p2a\n|-activate|p2b: Vikavolt|move: Protect\n|-supereffective|p2a: Bronzong\n|-damage|p2a: Bronzong|72\/100\n|-enditem|p2a: Bronzong|Air Balloon\n|move|p1b: Garganacl|Recover|p1b: Garganacl\n|-heal|p1b: Garganacl|66\/100\n|move|p2a: Bronzong|Rock Slide|p1a: Volcarona|[spread] p1a,p1b\n|-supereffective|p1a: Volcarona\n|-crit|p1b: Garganacl\n|-damage|p1a: Volcarona|0 fnt\n|-damage|p1b: Garganacl|54\/100\n|faint|p1a: Volcarona\n|\n|-heal|p1b: Garganacl|60\/100|[from] item: Leftovers\n|upkeep\n|\n|t:|1700686237\n|switch|p1a: Great Tusk|Great Tusk, L50, shiny|100\/100\n|turn|7\n|\n|t:|1700686260\n|move|p2a: Bronzong|Protect|p2a: Bronzong\n|-singleturn|p2a: Bronzong|Protect\n|move|p1a: Great Tusk|Close Combat|p2b: Vikavolt\n|-damage|p2b: Vikavolt|16\/100\n|-unboost|p1a: Great Tusk|def|1\n|-unboost|p1a: Great Tusk|spd|1\n|move|p2b: Vikavolt|Energy Ball|p1b: Garganacl\n|-supereffective|p1b: Garganacl\n|-damage|p1b: Garganacl|0 fnt\n|faint|p1b: Garganacl\n|\n|upkeep\n|turn|8\n|\n|t:|1700686276\n|move|p2b: Vikavolt|Protect|p2b: Vikavolt\n|-singleturn|p2b: Vikavolt|Protect\n|move|p1a: Great Tusk|Close Combat|p2b: Vikavolt\n|-activate|p2b: Vikavolt|move: Protect\n|move|p2a: Bronzong|Trick Room|p2a: Bronzong\n|-fieldstart|move: Trick Room|[of] p2a: Bronzong\n|\n|upkeep\n|turn|9\n|\n|t:|1700686288\n|move|p2a: Bronzong|Rock Slide|p1a: Great Tusk\n|-resisted|p1a: Great Tusk\n|-damage|p1a: Great Tusk|96\/100\n|move|p2b: Vikavolt|Energy Ball|p1a: Great Tusk\n|-supereffective|p1a: Great Tusk\n|-damage|p1a: Great Tusk|0 fnt\n|faint|p1a: Great Tusk\n|-end|p1a: Great Tusk|Protosynthesis|[silent]\n|\n|win|Not our Business\n","uploadtime":1700686424,"views":27,"p1id":"pnuma","p2id":"notourbusiness","formatid":"gen9vgc2023regulatione","rating":0,"private":0,"password":""}