{"id":"gen9vgc2023regulatione-1995908175","p1":"TrainerRedVGC23","p2":"Chaotic Raos","format":"[Gen 9] VGC 2023 Regulation E","log":"|j|\u2606TrainerRedVGC23\n|j|\u2606Chaotic Raos\n|n|\u2606TrainerRedVGC23|trainerredvgc23\n|n|\u2606Chaotic Raos|chaoticraos\n|html|View the match progress at <a href=\"\/game-bestof3-gen9vgc2023regulatione-1995905100\">game-bestof3-gen9vgc2023regulatione-1995905100<\/a>\n|t:|1700616153\n|gametype|doubles\n|player|p1|TrainerRedVGC23|lucas|\n|player|p2|Chaotic Raos|2|\n|teamsize|p1|6\n|teamsize|p2|6\n|gen|9\n|tier|[Gen 9] VGC 2023 Regulation E\n|rule|Species Clause: Limit one of each Pok\u00e9mon\n|rule|Item Clause: Limit one of each item\n|clearpoke\n|poke|p1|Urshifu-*, L50, F|\n|poke|p1|Arcanine-Hisui, L50, M|\n|poke|p1|Tornadus, L50, M|\n|poke|p1|Regidrago, L50|\n|poke|p1|Gholdengo, L50|\n|poke|p1|Rillaboom, L50, F|\n|poke|p2|Basculegion, L50, M|\n|poke|p2|Sableye, L50, M|\n|poke|p2|Politoed, L50, M|\n|poke|p2|Scizor, L50, F|\n|poke|p2|Rillaboom, L50, M|\n|poke|p2|Rotom-Heat, L50|\n|teampreview|4\n|inactive|Battle timer is ON: inactive players will automatically lose when time's up. (requested by TrainerRedVGC23)\n|inactive|TrainerRedVGC23 has 60 seconds left.\n|\n|t:|1700616193\n|start\n|switch|p1a: Tornadus|Tornadus, L50, M, shiny|100\/100\n|switch|p1b: Kala|Rillaboom, L50, F, shiny|100\/100\n|switch|p2a: Sableye|Sableye, L50, M|100\/100\n|switch|p2b: Pasty Maker|Rotom-Heat, L50, shiny|100\/100\n|-fieldstart|move: Grassy Terrain|[from] ability: Grassy Surge|[of] p1b: Kala\n|turn|1\n|\n|t:|1700616213\n|move|p1b: Kala|Fake Out|p2b: Pasty Maker\n|-damage|p2b: Pasty Maker|82\/100\n|move|p1a: Tornadus|Tailwind|p1a: Tornadus\n|-sidestart|p1: TrainerRedVGC23|move: Tailwind\n|move|p2a: Sableye|Will-O-Wisp|p1b: Kala\n|-status|p1b: Kala|brn\n|cant|p2b: Pasty Maker|flinch\n|\n|-damage|p1b: Kala|95\/100 brn|[from] brn\n|upkeep\n|turn|2\n|\n|t:|1700616234\n|move|p1a: Tornadus|Rain Dance|p1a: Tornadus\n|-weather|RainDance\n|move|p1b: Kala|Wood Hammer|p2a: Sableye\n|-damage|p2a: Sableye|41\/100\n|-damage|p1b: Kala|77\/100 brn|[from] Recoil\n|move|p2b: Pasty Maker|Volt Switch|p1a: Tornadus\n|-supereffective|p1a: Tornadus\n|-damage|p1a: Tornadus|26\/100\n|\n|t:|1700616241\n|switch|p2b: Green Beret|Scizor, L50, F, shiny|100\/100|[from] Volt Switch\n|move|p2a: Sableye|Foul Play|p1b: Kala\n|-damage|p1b: Kala|20\/100 brn\n|\n|-weather|RainDance|[upkeep]\n|-heal|p1b: Kala|26\/100 brn|[from] Grassy Terrain\n|-heal|p2a: Sableye|46\/100|[from] Grassy Terrain\n|-damage|p1b: Kala|20\/100 brn|[from] brn\n|upkeep\n|turn|3\n|inactive|Chaotic Raos has 30 seconds left.\n|\n|t:|1700616270\n|switch|p2a: Pasty Maker|Rotom-Heat, L50, shiny|82\/100\n|move|p1b: Kala|Grassy Glide|p2a: Pasty Maker\n|-resisted|p2a: Pasty Maker\n|-damage|p2a: Pasty Maker|67\/100\n|move|p2b: Green Beret|Bullet Punch|p1a: Tornadus\n|-damage|p1a: Tornadus|0 fnt\n|faint|p1a: Tornadus\n|\n|-weather|RainDance|[upkeep]\n|-heal|p1b: Kala|26\/100 brn|[from] Grassy Terrain\n|-damage|p1b: Kala|20\/100 brn|[from] brn\n|upkeep\n|\n|t:|1700616282\n|switch|p1a: Regidrago|Regidrago, L50|100\/100\n|turn|4\n|\n|t:|1700616301\n|switch|p2a: Sableye|Sableye, L50, M|46\/100\n|move|p1b: Kala|Grassy Glide|p2b: Green Beret\n|-resisted|p2b: Green Beret\n|-damage|p2b: Green Beret|95\/100\n|move|p2b: Green Beret|Bullet Punch|p1a: Regidrago\n|-damage|p1a: Regidrago|60\/100\n|move|p1a: Regidrago|Dragon Energy|p2b: Green Beret|[spread] p2a,p2b\n|-resisted|p2b: Green Beret\n|-crit|p2b: Green Beret\n|-damage|p2a: Sableye|0 fnt\n|-damage|p2b: Green Beret|52\/100\n|faint|p2a: Sableye\n|\n|-weather|RainDance|[upkeep]\n|-heal|p1b: Kala|26\/100 brn|[from] Grassy Terrain\n|-heal|p1a: Regidrago|66\/100|[from] Grassy Terrain\n|-heal|p2b: Green Beret|59\/100|[from] Grassy Terrain\n|-damage|p1b: Kala|20\/100 brn|[from] brn\n|-sideend|p1: TrainerRedVGC23|move: Tailwind\n|upkeep\n|inactive|Chaotic Raos has 30 seconds left.\n|\n|t:|1700616331\n|switch|p2a: Pasty Maker|Rotom-Heat, L50, shiny|67\/100\n|turn|5\n|\n|t:|1700616352\n|-terastallize|p2a: Pasty Maker|Fairy\n|move|p1a: Regidrago|Protect|p1a: Regidrago\n|-singleturn|p1a: Regidrago|Protect\n|move|p1b: Kala|Grassy Glide|p2a: Pasty Maker\n|-damage|p2a: Pasty Maker|38\/100\n|move|p2b: Green Beret|Bullet Punch|p1b: Kala\n|-damage|p1b: Kala|0 fnt\n|faint|p1b: Kala\n|move|p2a: Pasty Maker|Tera Blast|p1a: Regidrago|[anim] Tera Blast Fairy\n|-activate|p1a: Regidrago|move: Protect\n|\n|-weather|RainDance|[upkeep]\n|-heal|p1a: Regidrago|72\/100|[from] Grassy Terrain\n|-heal|p2b: Green Beret|65\/100|[from] Grassy Terrain\n|-fieldend|move: Grassy Terrain\n|upkeep\n|\n|t:|1700616366\n|switch|p1b: Gholdengo|Gholdengo, L50|100\/100\n|turn|6\n|\n|t:|1700616386\n|-terastallize|p1a: Regidrago|Poison\n|move|p2a: Pasty Maker|Tera Blast|p1a: Regidrago|[anim] Tera Blast Fairy\n|-resisted|p1a: Regidrago\n|-damage|p1a: Regidrago|50\/100\n|move|p1b: Gholdengo|Make It Rain|p2a: Pasty Maker|[spread] p2a,p2b\n|-supereffective|p2a: Pasty Maker\n|-resisted|p2b: Green Beret\n|-damage|p2a: Pasty Maker|0 fnt\n|-damage|p2b: Green Beret|23\/100\n|-unboost|p1b: Gholdengo|spa|1\n|faint|p2a: Pasty Maker\n|move|p1a: Regidrago|Earth Power|p2b: Green Beret\n|-damage|p2b: Green Beret|0 fnt\n|faint|p2b: Green Beret\n|\n|-weather|none\n|upkeep\n|\n|t:|1700616388\n|switch|p2a: Legion|Basculegion, L50, M|100\/100\n|turn|7\n|\n|t:|1700616410\n|move|p1b: Gholdengo|Make It Rain|p2a: Legion\n|-resisted|p2a: Legion\n|-damage|p2a: Legion|67\/100\n|-unboost|p1b: Gholdengo|spa|1\n|move|p1a: Regidrago|Draco Meteor|p2a: Legion\n|-damage|p2a: Legion|0 fnt\n|-unboost|p1a: Regidrago|spa|2\n|faint|p2a: Legion\n|\n|win|TrainerRedVGC23\n|inactive|TrainerRedVGC23 has 50 seconds to confirm battle start!\n|inactive|Chaotic Raos has 50 seconds to confirm battle start!\n|c|&|\/uhtml prompt-trainerredvgc23,TrainerRedVGC23 is ready for game 3!\n|c|&|\/uhtml prompt-chaoticraos,Chaotic Raos is ready for game 3!\nBoth players are ready! Starting next match!\n|l|\u2606TrainerRedVGC23\n","uploadtime":1700616874,"views":6,"p1id":"trainerredvgc23","p2id":"chaoticraos","formatid":"gen9vgc2023regulatione","rating":0,"private":0,"password":""}