{"id":"gen9vgc2023regulatione-1993165564","p1":"jklpoop","p2":"AceTrainerNite","format":"[Gen 9] VGC 2023 Regulation E","log":"|j|\u2606jklpoop\n|j|\u2606AceTrainerNite\n|n|\u2606jklpoop|jklpoop\n|n|\u2606AceTrainerNite|acetrainernite\n|html|View the match progress at <a href=\"\/game-bestof3-gen9vgc2023regulatione-1993162175\">game-bestof3-gen9vgc2023regulatione-1993162175<\/a>\n|t:|1700272752\n|gametype|doubles\n|player|p1|jklpoop|1|\n|player|p2|AceTrainerNite|acetrainer-gen4dp|\n|teamsize|p1|6\n|teamsize|p2|6\n|gen|9\n|tier|[Gen 9] VGC 2023 Regulation E\n|rule|Species Clause: Limit one of each Pok\u00e9mon\n|rule|Item Clause: Limit one of each item\n|clearpoke\n|poke|p1|Amoonguss, L50, F|\n|poke|p1|Ursaluna-Bloodmoon, L50, M|\n|poke|p1|Articuno-Galar, L50|\n|poke|p1|Rillaboom, L50, F|\n|poke|p1|Iron Hands, L50|\n|poke|p1|Gyarados, L50, M|\n|poke|p2|Snorlax, L50, F|\n|poke|p2|Gholdengo, L50|\n|poke|p2|Iron Hands, L50|\n|poke|p2|Sinistcha, L50|\n|poke|p2|Politoed, L50, M|\n|poke|p2|Basculegion, L50, M|\n|teampreview|4\nAceTrainerNite has agreed to open team sheets.\n|c|\u2606AceTrainerNite|That was wild\n|\n|t:|1700272801\n|start\n|switch|p1a: Articuno|Articuno-Galar, L50|100\/100\n|switch|p1b: Rillaboom|Rillaboom, L50, F|100\/100\n|switch|p2a: Politoed|Politoed, L50, M|100\/100\n|switch|p2b: Basculegion|Basculegion, L50, M|100\/100\n|-fieldstart|move: Grassy Terrain|[from] ability: Grassy Surge|[of] p1b: Rillaboom\n|-weather|RainDance|[from] ability: Drizzle|[of] p2a: Politoed\n|turn|1\n|c|\u2606jklpoop|yes sir\n|c|\u2606AceTrainerNite|gl hf\n|\n|t:|1700272864\n|-terastallize|p2b: Basculegion|Ghost\n|move|p2a: Politoed|Helping Hand|p2b: Basculegion\n|-singleturn|p2b: Basculegion|Helping Hand|[of] p2a: Politoed\n|move|p1b: Rillaboom|Grassy Glide|p2b: Basculegion\n|-damage|p2b: Basculegion|56\/100\n|move|p2b: Basculegion|Wave Crash|p1b: Rillaboom\n|-resisted|p1b: Rillaboom\n|-damage|p1b: Rillaboom|7\/100\n|-damage|p2b: Basculegion|26\/100|[from] Recoil\n|move|p1a: Articuno|Trick Room|p1a: Articuno\n|-fieldstart|move: Trick Room|[of] p1a: Articuno\n|\n|-weather|RainDance|[upkeep]\n|-heal|p1b: Rillaboom|13\/100|[from] Grassy Terrain\n|-heal|p1b: Rillaboom|19\/100|[from] item: Leftovers\n|-heal|p2b: Basculegion|32\/100|[from] Grassy Terrain\n|upkeep\n|turn|2\n|\n|t:|1700272896\n|move|p2a: Politoed|Helping Hand|p2b: Basculegion\n|-singleturn|p2b: Basculegion|Helping Hand|[of] p2a: Politoed\n|move|p2b: Basculegion|Aqua Jet|p1b: Rillaboom\n|-resisted|p1b: Rillaboom\n|-damage|p1b: Rillaboom|0 fnt\n|faint|p1b: Rillaboom\n|move|p1a: Articuno|Psychic|p2b: Basculegion\n|-damage|p2b: Basculegion|0 fnt\n|faint|p2b: Basculegion\n|\n|-weather|RainDance|[upkeep]\n|upkeep\n|\n|t:|1700272910\n|switch|p1b: Ursaluna|Ursaluna-Bloodmoon, L50, M|100\/100\n|switch|p2b: Gholdengo|Gholdengo, L50|100\/100\n|turn|3\n|c|\u2606AceTrainerNite|uh oh lol\n|\n|t:|1700272936\n|move|p2b: Gholdengo|Protect|p2b: Gholdengo\n|-singleturn|p2b: Gholdengo|Protect\n|move|p1b: Ursaluna|Hyper Voice|p2a: Politoed|[spread] p2a\n|-activate|p2b: Gholdengo|move: Protect\n|-damage|p2a: Politoed|65\/100\n|move|p2a: Politoed|Weather Ball|p1b: Ursaluna\n|-supereffective|p1b: Ursaluna\n|-damage|p1b: Ursaluna|34\/100\n|move|p1a: Articuno|Psychic|p2b: Gholdengo\n|-activate|p2b: Gholdengo|move: Protect\n|\n|-weather|RainDance|[upkeep]\n|-heal|p1b: Ursaluna|40\/100|[from] Grassy Terrain\n|-heal|p2a: Politoed|71\/100|[from] Grassy Terrain\n|upkeep\n|turn|4\n|\n|t:|1700272969\n|switch|p2b: Sinistcha|Sinistcha, L50|100\/100\n|-heal|p2a: Politoed|96\/100|[from] ability: Hospitality|[of] p2b: Sinistcha\n|move|p1b: Ursaluna|Blood Moon|p2b: Sinistcha\n|-damage|p2b: Sinistcha|16\/100\n|move|p2a: Politoed|Weather Ball|p1b: Ursaluna\n|-supereffective|p1b: Ursaluna\n|-damage|p1b: Ursaluna|0 fnt\n|faint|p1b: Ursaluna\n|move|p1a: Articuno|Psychic|p2b: Sinistcha\n|-damage|p2b: Sinistcha|0 fnt\n|faint|p2b: Sinistcha\n|\n|-weather|RainDance|[upkeep]\n|-heal|p2a: Politoed|100\/100|[from] Grassy Terrain\n|upkeep\n|\n|t:|1700272988\n|switch|p1b: Iron Hands|Iron Hands, L50|100\/100\n|switch|p2b: Gholdengo|Gholdengo, L50|100\/100\n|turn|5\n|\n|t:|1700273005\n|move|p2a: Politoed|Protect|p2a: Politoed\n|-singleturn|p2a: Politoed|Protect\n|move|p1a: Articuno|Protect|p1a: Articuno\n|-singleturn|p1a: Articuno|Protect\n|move|p1b: Iron Hands|Wild Charge|p2a: Politoed\n|-activate|p2a: Politoed|move: Protect\n|move|p2b: Gholdengo|Shadow Ball|p1a: Articuno\n|-activate|p1a: Articuno|move: Protect\n|\n|-weather|none\n|-fieldend|move: Trick Room\n|-fieldend|move: Grassy Terrain\n|upkeep\n|turn|6\n|\n|t:|1700273040\n|move|p2b: Gholdengo|Shadow Ball|p1a: Articuno\n|-supereffective|p1a: Articuno\n|-damage|p1a: Articuno|21\/100\n|move|p2a: Politoed|Perish Song|p2a: Politoed\n|-start|p1a: Articuno|perish3|[silent]\n|-start|p1b: Iron Hands|perish3|[silent]\n|-start|p2a: Politoed|perish3|[silent]\n|-immune|p2b: Gholdengo|[from] ability: Good as Gold\n|-fieldactivate|move: Perish Song\n|move|p1b: Iron Hands|Wild Charge|p2a: Politoed\n|-supereffective|p2a: Politoed\n|-damage|p2a: Politoed|5\/100\n|-enditem|p2a: Politoed|Aguav Berry|[eat]\n|-heal|p2a: Politoed|38\/100|[from] item: Aguav Berry\n|-damage|p1b: Iron Hands|81\/100|[from] Recoil\n|move|p1a: Articuno|Trick Room|p1a: Articuno\n|-fieldstart|move: Trick Room|[of] p1a: Articuno\n|\n|-start|p1b: Iron Hands|perish3\n|-start|p2a: Politoed|perish3\n|-start|p1a: Articuno|perish3\n|upkeep\n|turn|7\n|\n|t:|1700273065\n|move|p2a: Politoed|Protect|p2a: Politoed\n|-singleturn|p2a: Politoed|Protect\n|move|p1b: Iron Hands|Wild Charge|p2b: Gholdengo\n|-damage|p2b: Gholdengo|49\/100\n|-damage|p1b: Iron Hands|71\/100|[from] Recoil\n|move|p1a: Articuno|Air Slash|p2b: Gholdengo\n|-resisted|p2b: Gholdengo\n|-damage|p2b: Gholdengo|26\/100\n|move|p2b: Gholdengo|Shadow Ball|p1a: Articuno\n|-supereffective|p1a: Articuno\n|-damage|p1a: Articuno|0 fnt\n|faint|p1a: Articuno\n|\n|-heal|p2b: Gholdengo|32\/100|[from] item: Leftovers\n|-start|p1b: Iron Hands|perish2\n|-start|p2a: Politoed|perish2\n|upkeep\n|turn|8\n|\n|t:|1700273089\n|move|p2a: Politoed|Protect|p2a: Politoed\n|-singleturn|p2a: Politoed|Protect\n|move|p2b: Gholdengo|Protect|p2b: Gholdengo\n|-singleturn|p2b: Gholdengo|Protect\n|move|p1b: Iron Hands|Wild Charge|p2a: Politoed\n|-activate|p2a: Politoed|move: Protect\n|\n|-heal|p2b: Gholdengo|38\/100|[from] item: Leftovers\n|-start|p1b: Iron Hands|perish1\n|-start|p2a: Politoed|perish1\n|upkeep\n|turn|9\n|c|\u2606jklpoop|gg\n|\n|t:|1700273105\n|move|p2a: Politoed|Protect|p2a: Politoed\n|-singleturn|p2a: Politoed|Protect\n|move|p2b: Gholdengo|Protect||[still]\n|-fail|p2b: Gholdengo\n|move|p1b: Iron Hands|Wild Charge|p2a: Politoed\n|-activate|p2a: Politoed|move: Protect\n|\n|-heal|p2b: Gholdengo|44\/100|[from] item: Leftovers\n|-start|p1b: Iron Hands|perish0\n|-start|p2a: Politoed|perish0\n|faint|p1b: Iron Hands\n|-end|p1b: Iron Hands|Quark Drive|[silent]\n|faint|p2a: Politoed\n|\n|win|AceTrainerNite\n|upkeep\n|c|\u2606AceTrainerNite|gg man lol\n|c|\u2606AceTrainerNite|omg did I just get a triple lmao\n|c|\u2606jklpoop|yes sir\n|l|\u2606jklpoop\n|c|\u2606AceTrainerNite|omg\n|c|\u2606AceTrainerNite|I am sorry\n","uploadtime":1700273137,"views":10,"p1id":"jklpoop","p2id":"acetrainernite","formatid":"gen9vgc2023regulatione","rating":0,"private":0,"password":""}