{"id":"gen9vgc2023regulatione-1996207670","p1":"phinnjs","p2":"Mino907","format":"[Gen 9] VGC 2023 Regulation E","log":"|j|\u2606phinnjs\n|j|\u2606Mino907\n|t:|1700659218\n|gametype|doubles\n|player|p1|phinnjs|elesa|1416\n|player|p2|Mino907|2|1414\n|teamsize|p1|6\n|teamsize|p2|6\n|gen|9\n|tier|[Gen 9] VGC 2023 Regulation E\n|rated|\n|rule|Species Clause: Limit one of each Pok\u00e9mon\n|rule|Item Clause: Limit one of each item\n|clearpoke\n|poke|p1|Heatran, L50, F|\n|poke|p1|Moltres-Galar, L50|\n|poke|p1|Thundurus, L50, M|\n|poke|p1|Wo-Chien, L50|\n|poke|p1|Landorus-Therian, L50, M|\n|poke|p1|Urshifu-*, L50, F|\n|poke|p2|Sinistcha-Masterpiece, L50|\n|poke|p2|Tornadus, L50, M|\n|poke|p2|Iron Hands, L50|\n|poke|p2|Urshifu-*, L50, F|\n|poke|p2|Roaring Moon, L50|\n|poke|p2|Gyarados, L50, M|\n|teampreview|4\n|\n|t:|1700659245\n|start\n|switch|p1a: Thundurus|Thundurus, L50, M|100\/100\n|switch|p1b: Landorus|Landorus-Therian, L50, M|100\/100\n|switch|p2a: Roaring Moon|Roaring Moon, L50|100\/100\n|switch|p2b: Tornadus|Tornadus, L50, M|100\/100\n|-ability|p1b: Landorus|Intimidate|boost\n|-unboost|p2a: Roaring Moon|atk|1\n|-unboost|p2b: Tornadus|atk|1\n|turn|1\n|inactive|Battle timer is ON: inactive players will automatically lose when time's up. (requested by Mino907)\n|\n|t:|1700659264\n|move|p1a: Thundurus|Thunderbolt|p2b: Tornadus\n|-supereffective|p2b: Tornadus\n|-damage|p2b: Tornadus|35\/100\n|move|p1b: Landorus|U-turn|p2a: Roaring Moon\n|-supereffective|p2a: Roaring Moon\n|-damage|p2a: Roaring Moon|38\/100\n|-enditem|p2a: Roaring Moon|Sitrus Berry|[eat]\n|-heal|p2a: Roaring Moon|63\/100|[from] item: Sitrus Berry\n|\n|t:|1700659275\n|switch|p1b: Moltres|Moltres-Galar, L50|100\/100|[from] U-turn\n|move|p2a: Roaring Moon|Dragon Dance|p2a: Roaring Moon\n|-boost|p2a: Roaring Moon|atk|1\n|-boost|p2a: Roaring Moon|spe|1\n|move|p2b: Tornadus|Bleakwind Storm|p1a: Thundurus|[spread] p1a,p1b\n|-resisted|p1a: Thundurus\n|-damage|p1a: Thundurus|84\/100\n|-damage|p1b: Moltres|78\/100\n|-unboost|p1b: Moltres|spe|1\n|\n|upkeep\n|turn|2\n|inactive|Mino907 has 30 seconds left.\n|\n|t:|1700659301\n|switch|p1b: Landorus|Landorus-Therian, L50, M|100\/100\n|-ability|p1b: Landorus|Intimidate|boost\n|-unboost|p2a: Roaring Moon|atk|1\n|-unboost|p2b: Tornadus|atk|1\n|move|p2b: Tornadus|Tailwind|p2b: Tornadus\n|-sidestart|p2: Mino907|move: Tailwind\n|move|p2a: Roaring Moon|Knock Off|p1b: Landorus\n|-damage|p1b: Landorus|68\/100\n|-enditem|p1b: Landorus|Choice Band|[from] move: Knock Off|[of] p2a: Roaring Moon\n|move|p1a: Thundurus|Thunderbolt|p2b: Tornadus\n|-supereffective|p2b: Tornadus\n|-damage|p2b: Tornadus|0 fnt\n|faint|p2b: Tornadus\n|\n|upkeep\n|\n|t:|1700659314\n|switch|p2b: Urshifu|Urshifu-Rapid-Strike, L50, F|100\/100\n|turn|3\n|\n|t:|1700659330\n|-terastallize|p2b: Urshifu|Water\n|-terastallize|p1b: Landorus|Water\n|move|p2a: Roaring Moon|Dragon Dance|p2a: Roaring Moon\n|-boost|p2a: Roaring Moon|atk|1\n|-boost|p2a: Roaring Moon|spe|1\n|move|p2b: Urshifu|Surging Strikes|p1a: Thundurus\n|-crit|p1a: Thundurus\n|-damage|p1a: Thundurus|44\/100\n|-crit|p1a: Thundurus\n|-damage|p1a: Thundurus|3\/100\n|-crit|p1a: Thundurus\n|-damage|p1a: Thundurus|0 fnt\n|faint|p1a: Thundurus\n|-hitcount|p1: Thundurus|3\n|move|p1b: Landorus|Earthquake|p2b: Urshifu|[spread] p2a,p2b\n|-damage|p2a: Roaring Moon|26\/100\n|-damage|p2b: Urshifu|52\/100\n|\n|upkeep\n|\n|t:|1700659345\n|switch|p1a: Moltres|Moltres-Galar, L50|78\/100\n|turn|4\n|\n|t:|1700659354\n|move|p2a: Roaring Moon|Breaking Swipe|p1b: Landorus|[spread] p1a,p1b\n|-damage|p1a: Moltres|61\/100\n|-damage|p1b: Landorus|46\/100\n|-unboost|p1a: Moltres|atk|1\n|-unboost|p1b: Landorus|atk|1\n|move|p2b: Urshifu|Surging Strikes|p1a: Moltres\n|-crit|p1a: Moltres\n|-damage|p1a: Moltres|28\/100\n|-enditem|p1a: Moltres|Sitrus Berry|[eat]\n|-heal|p1a: Moltres|53\/100|[from] item: Sitrus Berry\n|-crit|p1a: Moltres\n|-damage|p1a: Moltres|24\/100\n|-crit|p1a: Moltres\n|-damage|p1a: Moltres|0 fnt\n|faint|p1a: Moltres\n|-hitcount|p1: Moltres|3\n|move|p1b: Landorus|Earthquake|p2b: Urshifu|[spread] p2a,p2b\n|-damage|p2a: Roaring Moon|3\/100\n|-damage|p2b: Urshifu|20\/100\n|\n|upkeep\n|\n|t:|1700659369\n|switch|p1a: Heatran|Heatran, L50, F|100\/100\n|turn|5\n|\n|t:|1700659383\n|move|p1a: Heatran|Protect|p1a: Heatran\n|-singleturn|p1a: Heatran|Protect\n|move|p2a: Roaring Moon|Breaking Swipe|p1b: Landorus|[spread] p1b\n|-activate|p1a: Heatran|move: Protect\n|-damage|p1b: Landorus|24\/100\n|-unboost|p1b: Landorus|atk|1\n|move|p2b: Urshifu|Surging Strikes|p1a: Heatran\n|-supereffective|p1a: Heatran\n|-crit|p1a: Heatran\n|-damage|p1a: Heatran|42\/100\n|-supereffective|p1a: Heatran\n|-crit|p1a: Heatran\n|-damage|p1a: Heatran|0 fnt\n|faint|p1a: Heatran\n|-hitcount|p1: Heatran|2\n|move|p1b: Landorus|Earthquake|p2a: Roaring Moon|[spread] p2a,p2b\n|-damage|p2a: Roaring Moon|0 fnt\n|-damage|p2b: Urshifu|0 fnt\n|faint|p2a: Roaring Moon\n|-end|p2a: Roaring Moon|Protosynthesis|[silent]\n|faint|p2b: Urshifu\n|\n|-sideend|p2: Mino907|move: Tailwind\n|upkeep\n|\n|t:|1700659403\n|switch|p2b: Iron Hands|Iron Hands, L50|100\/100\n|turn|6\n|\n|t:|1700659409\n|move|p2b: Iron Hands|Fake Out|p1b: Landorus\n|-damage|p1b: Landorus|7\/100\n|cant|p1b: Landorus|flinch\n|\n|upkeep\n|turn|7\n|\n|t:|1700659415\n|move|p1b: Landorus|Stomping Tantrum|p2b: Iron Hands\n|-supereffective|p2b: Iron Hands\n|-damage|p2b: Iron Hands|38\/100\n|move|p2b: Iron Hands|Thunder Punch|p1b: Landorus\n|-supereffective|p1b: Landorus\n|-damage|p1b: Landorus|0 fnt\n|faint|p1b: Landorus\n|\n|win|Mino907\n|raw|phinnjs's rating: 1416 &rarr; <strong>1396<\/strong><br \/>(-20 for losing)\n|raw|Mino907's rating: 1414 &rarr; <strong>1434<\/strong><br \/>(+20 for winning)\n","uploadtime":1700659418,"views":0,"p1id":"phinnjs","p2id":"mino907","formatid":"gen9vgc2023regulatione","rating":1396,"private":0,"password":""}