{"id":"gen9vgc2023regulatione-1995414292","p1":"Losingwithbadteam","p2":"pepping_out","format":"[Gen 9] VGC 2023 Regulation E","log":"|j|\u2606Losingwithbadteam\n|j|\u2606pepping_out\n|t:|1700567659\n|gametype|doubles\n|player|p1|Losingwithbadteam|2|1193\n|player|p2|pepping_out|zinzolin|1214\n|teamsize|p1|6\n|teamsize|p2|6\n|gen|9\n|tier|[Gen 9] VGC 2023 Regulation E\n|rated|\n|rule|Species Clause: Limit one of each Pok\u00e9mon\n|rule|Item Clause: Limit one of each item\n|clearpoke\n|poke|p1|Tornadus, L50, M|\n|poke|p1|Arcanine, L50, M|\n|poke|p1|Flutter Mane, L50|\n|poke|p1|Ogerpon-Wellspring, L50, F|\n|poke|p1|Iron Hands, L50|\n|poke|p1|Jolteon, L50, M|\n|poke|p2|Thundurus-Therian, L50, M|\n|poke|p2|Regieleki, L50|\n|poke|p2|Iron Moth, L50|\n|poke|p2|Grimmsnarl, L50, M|\n|poke|p2|Rillaboom, L50, F|\n|poke|p2|Garganacl, L50, M|\n|teampreview|4\n|inactive|Battle timer is ON: inactive players will automatically lose when time's up. (requested by Losingwithbadteam)\n|inactive|pepping_out has 60 seconds left.\n|inactive|pepping_out has 30 seconds left.\n|\n|t:|1700567722\n|start\n|switch|p1a: Tornadus|Tornadus, L50, M|100\/100\n|switch|p1b: Flutter Mane|Flutter Mane, L50|100\/100\n|switch|p2a: Regieleki|Regieleki, L50|100\/100\n|switch|p2b: Grimmsnarl|Grimmsnarl, L50, M|100\/100\n|-enditem|p1b: Flutter Mane|Booster Energy\n|-activate|p1b: Flutter Mane|ability: Protosynthesis|[fromitem]\n|-start|p1b: Flutter Mane|protosynthesisspe\n|turn|1\n|inactive|Losingwithbadteam has 30 seconds left.\n|\n|t:|1700567750\n|switch|p1a: Jolteon|Jolteon, L50, M|100\/100\n|move|p2b: Grimmsnarl|Thunder Wave|p1b: Flutter Mane\n|-status|p1b: Flutter Mane|par\n|move|p2a: Regieleki|Thunderbolt|p1a: Jolteon\n|-immune|p1a: Jolteon|[from] ability: Volt Absorb\n|move|p1b: Flutter Mane|Moonblast|p2b: Grimmsnarl\n|-supereffective|p2b: Grimmsnarl\n|-damage|p2b: Grimmsnarl|0 fnt\n|faint|p2b: Grimmsnarl\n|\n|upkeep\n|inactive|pepping_out has 30 seconds left.\n|\n|t:|1700567778\n|switch|p2b: Thundurus|Thundurus-Therian, L50, M|100\/100\n|turn|2\n|\n|t:|1700567798\n|switch|p2a: Iron Moth|Iron Moth, L50|100\/100\n|-enditem|p2a: Iron Moth|Booster Energy\n|-activate|p2a: Iron Moth|ability: Quark Drive|[fromitem]\n|-start|p2a: Iron Moth|quarkdrivespe\n|move|p1a: Jolteon|Thunderbolt|p2a: Iron Moth\n|-damage|p2a: Iron Moth|61\/100\n|move|p1b: Flutter Mane|Dazzling Gleam|p2a: Iron Moth|[spread] p2a,p2b\n|-resisted|p2a: Iron Moth\n|-damage|p2a: Iron Moth|53\/100\n|-damage|p2b: Thundurus|71\/100\n|move|p2b: Thundurus|Snarl|p1b: Flutter Mane|[spread] p1a,p1b\n|-damage|p1a: Jolteon|80\/100\n|-damage|p1b: Flutter Mane|83\/100 par\n|-unboost|p1a: Jolteon|spa|1\n|-unboost|p1b: Flutter Mane|spa|1\n|\n|upkeep\n|turn|3\n|\n|t:|1700567822\n|move|p2a: Iron Moth|Acid Spray|p1b: Flutter Mane\n|-damage|p1b: Flutter Mane|59\/100 par\n|-unboost|p1b: Flutter Mane|spd|2\n|move|p1a: Jolteon|Thunder Wave|p2a: Iron Moth\n|-status|p2a: Iron Moth|par\n|move|p2b: Thundurus|Snarl|p1b: Flutter Mane|[spread] p1a,p1b\n|-crit|p1a: Jolteon\n|-damage|p1a: Jolteon|48\/100\n|-damage|p1b: Flutter Mane|20\/100 par\n|-unboost|p1a: Jolteon|spa|1\n|-unboost|p1b: Flutter Mane|spa|1\n|move|p1b: Flutter Mane|Shadow Ball|p2a: Iron Moth\n|-damage|p2a: Iron Moth|33\/100 par\n|-unboost|p2a: Iron Moth|spd|1\n|\n|upkeep\n|turn|4\n|inactive|Losingwithbadteam has 30 seconds left.\n|\n|t:|1700567850\n|switch|p1a: Tornadus|Tornadus, L50, M|100\/100\n|cant|p1b: Flutter Mane|par\n|move|p2b: Thundurus|Snarl|p1b: Flutter Mane|[spread] p1a,p1b\n|-damage|p1a: Tornadus|81\/100\n|-damage|p1b: Flutter Mane|0 fnt\n|faint|p1b: Flutter Mane\n|-end|p1b: Flutter Mane|Protosynthesis|[silent]\n|cant|p2a: Iron Moth|par\n|\n|upkeep\n|\n|t:|1700567860\n|switch|p1b: Jolteon|Jolteon, L50, M|48\/100\n|turn|5\n|inactive|pepping_out has 30 seconds left.\n|\n|t:|1700567886\n|move|p1a: Tornadus|Tailwind|p1a: Tornadus\n|-sidestart|p1: Losingwithbadteam|move: Tailwind\n|move|p1b: Jolteon|Thunderbolt|p2a: Iron Moth\n|-damage|p2a: Iron Moth|0 fnt\n|faint|p2a: Iron Moth\n|-end|p2a: Iron Moth|Quark Drive|[silent]\n|move|p2b: Thundurus|Snarl|p1b: Jolteon|[spread] p1b\n|-miss|p2b: Thundurus|p1a: Tornadus\n|-damage|p1b: Jolteon|25\/100\n|-unboost|p1b: Jolteon|spa|1\n|\n|upkeep\n|\n|t:|1700567890\n|switch|p2a: Regieleki|Regieleki, L50|100\/100\n|turn|6\n|\n|t:|1700567911\n|move|p1b: Jolteon|Protect|p1b: Jolteon\n|-singleturn|p1b: Jolteon|Protect\n|move|p1a: Tornadus|Rain Dance|p1a: Tornadus\n|-weather|RainDance\n|move|p2a: Regieleki|Thunderbolt|p1a: Tornadus\n|-supereffective|p1a: Tornadus\n|-damage|p1a: Tornadus|0 fnt\n|faint|p1a: Tornadus\n|move|p2b: Thundurus|Snarl|p1b: Jolteon\n|-activate|p1b: Jolteon|move: Protect\n|\n|-weather|RainDance|[upkeep]\n|upkeep\n|\n|t:|1700567921\n|switch|p1a: Ogerpon|Ogerpon-Wellspring, L50, F|100\/100\n|turn|7\n|\n|t:|1700567936\n|move|p1b: Jolteon|Thunderbolt|p2a: Regieleki\n|-resisted|p2a: Regieleki\n|-crit|p2a: Regieleki\n|-damage|p2a: Regieleki|47\/100\n|move|p2a: Regieleki|Thunderbolt|p1a: Ogerpon\n|-damage|p1a: Ogerpon|35\/100\n|move|p1a: Ogerpon|Ivy Cudgel|p2b: Thundurus|[anim] Ivy Cudgel Water\n|-damage|p2b: Thundurus|0 fnt\n|faint|p2b: Thundurus\n|\n|-weather|RainDance|[upkeep]\n|upkeep\n|turn|8\n|-message|pepping_out forfeited.\n|\n|win|Losingwithbadteam\n|raw|Losingwithbadteam's rating: 1193 &rarr; <strong>1220<\/strong><br \/>(+27 for winning)\n|raw|pepping_out's rating: 1214 &rarr; <strong>1187<\/strong><br \/>(-27 for losing)\n|l|\u2606pepping_out\n","uploadtime":1700567961,"views":14,"p1id":"losingwithbadteam","p2id":"peppingout","formatid":"gen9vgc2023regulatione","rating":1187,"private":0,"password":""}