{"id":"gen9vgc2023regulatione-1988159941","p1":"Oireal","p2":"zessozessozesso","format":"[Gen 9] VGC 2023 Regulation E","log":"|j|\u2606Oireal\n|j|\u2606zessozessozesso\n|t:|1699677380\n|gametype|doubles\n|player|p1|Oireal|veteran|1231\n|player|p2|zessozessozesso|169|1395\n|teamsize|p1|6\n|teamsize|p2|6\n|gen|9\n|tier|[Gen 9] VGC 2023 Regulation E\n|rated|\n|rule|Species Clause: Limit one of each Pok\u00e9mon\n|rule|Item Clause: Limit one of each item\n|clearpoke\n|poke|p1|Ninetales-Alola, L50, M|\n|poke|p1|Iron Bundle, L50|\n|poke|p1|Weezing, L50, M|\n|poke|p1|Thundurus, L50, M|\n|poke|p1|Kingambit, L50, F|\n|poke|p1|Regieleki, L50|\n|poke|p2|Indeedee-F, L50, F|\n|poke|p2|Armarouge, L50, M|\n|poke|p2|Iron Hands, L50|\n|poke|p2|Ogerpon-Wellspring, L50, F|\n|poke|p2|Tornadus, L50, M|\n|poke|p2|Urshifu-*, L50, M|\n|teampreview|4\n|inactive|Battle timer is ON: inactive players will automatically lose when time's up. (requested by zessozessozesso)\nOireal rejected open team sheets.\n|inactive|Oireal has 60 seconds left.\n|inactive|zessozessozesso has 60 seconds left.\n|\n|t:|1699677439\n|start\n|switch|p1a: Weezing|Weezing, L50, M|100\/100\n|switch|p1b: Thundurus|Thundurus, L50, M|100\/100\n|switch|p2a: Iron Hands|Iron Hands, L50|100\/100\n|switch|p2b: Ogerpon|Ogerpon-Wellspring, L50, F|100\/100\n|-ability|p1a: Weezing|Neutralizing Gas\n|-block|p1b: Thundurus|item: Ability Shield\n|turn|1\n|inactive|zessozessozesso has 30 seconds left.\n|\n|t:|1699677470\n|-terastallize|p2b: Ogerpon|Water\n|detailschange|p2b: Ogerpon|Ogerpon-Wellspring-Tera, L50, F, tera:Water\n|move|p1b: Thundurus|Protect|p1b: Thundurus\n|-singleturn|p1b: Thundurus|Protect\n|move|p1a: Weezing|Protect|p1a: Weezing\n|-singleturn|p1a: Weezing|Protect\n|move|p2a: Iron Hands|Fake Out|p1b: Thundurus\n|-activate|p1b: Thundurus|move: Protect\n|move|p2b: Ogerpon|Ivy Cudgel|p1b: Thundurus\n|-activate|p1b: Thundurus|move: Protect\n|\n|upkeep\n|turn|2\n|inactive|zessozessozesso has 30 seconds left.\n|inactive|zessozessozesso has 20 seconds left.\n|inactive|zessozessozesso has 15 seconds left.\n|inactive|zessozessozesso has 10 seconds left.\n|\n|t:|1699677518\n|move|p2b: Ogerpon|Spiky Shield|p2b: Ogerpon\n|-singleturn|p2b: Ogerpon|move: Protect\n|move|p1b: Thundurus|Thunder Wave|p2b: Ogerpon\n|-activate|p2b: Ogerpon|move: Protect\n|move|p1a: Weezing|Will-O-Wisp|p2a: Iron Hands\n|-status|p2a: Iron Hands|brn\n|move|p2a: Iron Hands|Wild Charge|p1b: Thundurus\n|-crit|p1b: Thundurus\n|-damage|p1b: Thundurus|42\/100\n|-damage|p2a: Iron Hands|91\/100 brn|[from] Recoil\n|\n|-damage|p2a: Iron Hands|85\/100 brn|[from] brn\n|upkeep\n|turn|3\n|inactive|zessozessozesso has 30 seconds left.\n|inactive|zessozessozesso has 20 seconds left.\n|inactive|zessozessozesso has 15 seconds left.\n|\n|t:|1699677560\n|move|p1b: Thundurus|Protect|p1b: Thundurus\n|-singleturn|p1b: Thundurus|Protect\n|move|p2b: Ogerpon|Ivy Cudgel|p1b: Thundurus\n|-activate|p1b: Thundurus|move: Protect\n|move|p1a: Weezing|Will-O-Wisp|p2b: Ogerpon\n|-status|p2b: Ogerpon|brn\n|move|p2a: Iron Hands|Drain Punch|p1b: Thundurus\n|-activate|p1b: Thundurus|move: Protect\n|\n|-damage|p2b: Ogerpon|95\/100 brn|[from] brn\n|-damage|p2a: Iron Hands|78\/100 brn|[from] brn\n|upkeep\n|turn|4\n|\n|t:|1699677577\n|move|p1b: Thundurus|Wildbolt Storm|p2b: Ogerpon|[spread] p2a,p2b\n|-resisted|p2a: Iron Hands\n|-supereffective|p2b: Ogerpon\n|-damage|p2a: Iron Hands|69\/100 brn\n|-damage|p2b: Ogerpon|26\/100 brn\n|move|p2b: Ogerpon|Ivy Cudgel|p1a: Weezing\n|-damage|p1a: Weezing|71\/100\n|move|p1a: Weezing|Sludge Bomb|p2a: Iron Hands\n|-damage|p2a: Iron Hands|53\/100 brn\n|move|p2a: Iron Hands|Wild Charge|p1b: Thundurus\n|-damage|p1b: Thundurus|8\/100\n|-damage|p2a: Iron Hands|48\/100 brn|[from] Recoil\n|\n|-heal|p1a: Weezing|77\/100|[from] item: Leftovers\n|-damage|p2b: Ogerpon|20\/100 brn|[from] brn\n|-damage|p2a: Iron Hands|41\/100 brn|[from] brn\n|upkeep\n|turn|5\n|inactive|zessozessozesso has 30 seconds left.\n|\n|t:|1699677611\n|move|p1b: Thundurus|Protect|p1b: Thundurus\n|-singleturn|p1b: Thundurus|Protect\n|move|p2b: Ogerpon|Spiky Shield|p2b: Ogerpon\n|-singleturn|p2b: Ogerpon|move: Protect\n|move|p1a: Weezing|Sludge Bomb|p2b: Ogerpon\n|-activate|p2b: Ogerpon|move: Protect\n|move|p2a: Iron Hands|Drain Punch|p1a: Weezing\n|-resisted|p1a: Weezing\n|-damage|p1a: Weezing|71\/100\n|-heal|p2a: Iron Hands|44\/100 brn|[from] drain|[of] p1a: Weezing\n|\n|-heal|p1a: Weezing|77\/100|[from] item: Leftovers\n|-damage|p2b: Ogerpon|15\/100 brn|[from] brn\n|-damage|p2a: Iron Hands|38\/100 brn|[from] brn\n|upkeep\n|turn|6\n|inactive|Oireal has 30 seconds left.\n|inactive|zessozessozesso has 30 seconds left.\n|\n|t:|1699677639\n|move|p2b: Ogerpon|Spiky Shield|p2b: Ogerpon\n|-singleturn|p2b: Ogerpon|move: Protect\n|move|p1b: Thundurus|Wildbolt Storm|p2a: Iron Hands|[spread] \n|-activate|p2b: Ogerpon|move: Protect\n|-miss|p1b: Thundurus|p2a: Iron Hands\n|move|p1a: Weezing|Sludge Bomb|p2a: Iron Hands\n|-damage|p2a: Iron Hands|22\/100 brn\n|move|p2a: Iron Hands|Heavy Slam|p1b: Thundurus\n|-resisted|p1b: Thundurus\n|-damage|p1b: Thundurus|0 fnt\n|faint|p1b: Thundurus\n|\n|-heal|p1a: Weezing|82\/100|[from] item: Leftovers\n|-damage|p2b: Ogerpon|9\/100 brn|[from] brn\n|-damage|p2a: Iron Hands|16\/100 brn|[from] brn\n|upkeep\n|\n|t:|1699677658\n|switch|p1b: Iron Bundle|Iron Bundle, L50|100\/100\n|-enditem|p1b: Iron Bundle|Booster Energy\n|-activate|p1b: Iron Bundle|ability: Quark Drive|[fromitem]\n|-start|p1b: Iron Bundle|quarkdrivespa\n|turn|7\n|\n|t:|1699677674\n|move|p1b: Iron Bundle|Protect|p1b: Iron Bundle\n|-singleturn|p1b: Iron Bundle|Protect\n|move|p2b: Ogerpon|Horn Leech|p1b: Iron Bundle\n|-activate|p1b: Iron Bundle|move: Protect\n|move|p1a: Weezing|Sludge Bomb|p2a: Iron Hands\n|-damage|p2a: Iron Hands|1\/100 brn\n|move|p2a: Iron Hands|Drain Punch|p1b: Iron Bundle\n|-activate|p1b: Iron Bundle|move: Protect\n|\n|-heal|p1a: Weezing|88\/100|[from] item: Leftovers\n|-damage|p2b: Ogerpon|3\/100 brn|[from] brn\n|-damage|p2a: Iron Hands|0 fnt|[from] brn\n|faint|p2a: Iron Hands\n|-end|p2a: Iron Hands|Quark Drive|[silent]\n|upkeep\n|\n|t:|1699677684\n|switch|p2a: Urshifu|Urshifu-Rapid-Strike, L50, M|100\/100\n|turn|8\n|\n|t:|1699677700\n|switch|p2b: Tornadus|Tornadus, L50, M|100\/100\n|move|p1a: Weezing|Protect|p1a: Weezing\n|-singleturn|p1a: Weezing|Protect\n|move|p2a: Urshifu|Close Combat|p1b: Iron Bundle\n|-supereffective|p1b: Iron Bundle\n|-damage|p1b: Iron Bundle|0 fnt\n|-unboost|p2a: Urshifu|def|1\n|-unboost|p2a: Urshifu|spd|1\n|faint|p1b: Iron Bundle\n|-end|p1b: Iron Bundle|Quark Drive|[silent]\n|\n|-heal|p1a: Weezing|94\/100|[from] item: Leftovers\n|upkeep\n|\n|t:|1699677707\n|switch|p1b: Regieleki|Regieleki, L50|100\/100\n|turn|9\n|inactive|Oireal has 30 seconds left.\n|\n|t:|1699677734\n|move|p1b: Regieleki|Protect|p1b: Regieleki\n|-singleturn|p1b: Regieleki|Protect\n|move|p2a: Urshifu|Close Combat|p1b: Regieleki\n|-activate|p1b: Regieleki|move: Protect\n|move|p2b: Tornadus|Tailwind|p2b: Tornadus\n|-sidestart|p2: zessozessozesso|move: Tailwind\n|move|p1a: Weezing|Sludge Bomb|p2a: Urshifu\n|-damage|p2a: Urshifu|42\/100\n|-status|p2a: Urshifu|psn\n|\n|-heal|p1a: Weezing|99\/100|[from] item: Leftovers\n|-damage|p2a: Urshifu|30\/100 psn|[from] psn\n|upkeep\n|turn|10\n|inactive|Oireal has 30 seconds left.\n|\n|t:|1699677766\n|-terastallize|p1b: Regieleki|Ground\n|move|p2a: Urshifu|Close Combat|p1b: Regieleki\n|-damage|p1b: Regieleki|0 fnt\n|-unboost|p2a: Urshifu|def|1\n|-unboost|p2a: Urshifu|spd|1\n|faint|p1b: Regieleki\n|move|p2b: Tornadus|Bleakwind Storm|p1a: Weezing\n|-damage|p1a: Weezing|40\/100\n|move|p1a: Weezing|Sludge Bomb|p2a: Urshifu\n|-damage|p2a: Urshifu|0 fnt\n|faint|p2a: Urshifu\n|\n|-heal|p1a: Weezing|46\/100|[from] item: Leftovers\n|upkeep\n|\n|t:|1699677775\n|switch|p2a: Ogerpon|Ogerpon-Wellspring-Tera, L50, F, tera:Water|3\/100 brn\n|turn|11\n|\n|t:|1699677790\n|move|p1a: Weezing|Protect|p1a: Weezing\n|-singleturn|p1a: Weezing|Protect\n|move|p2b: Tornadus|Bleakwind Storm|p1a: Weezing\n|-activate|p1a: Weezing|move: Protect\n|move|p2a: Ogerpon|Horn Leech|p2b: Tornadus\n|-resisted|p2b: Tornadus\n|-damage|p2b: Tornadus|86\/100\n|-heal|p2a: Ogerpon|11\/100 brn|[from] drain|[of] p2b: Tornadus\n|\n|-heal|p1a: Weezing|52\/100|[from] item: Leftovers\n|-damage|p2a: Ogerpon|5\/100 brn|[from] brn\n|upkeep\n|turn|12\n|\n|t:|1699677807\n|move|p2b: Tornadus|Rain Dance|p2b: Tornadus\n|-weather|RainDance\n|move|p2a: Ogerpon|Ivy Cudgel|p1a: Weezing\n|-damage|p1a: Weezing|8\/100\n|move|p1a: Weezing|Sludge Bomb|p2b: Tornadus\n|-damage|p2b: Tornadus|50\/100\n|\n|-weather|RainDance|[upkeep]\n|-heal|p1a: Weezing|14\/100|[from] item: Leftovers\n|-damage|p2a: Ogerpon|0 fnt|[from] brn\n|faint|p2a: Ogerpon\n|-sideend|p2: zessozessozesso|move: Tailwind\n|upkeep\n|turn|13\n|\n|t:|1699677819\n|move|p1a: Weezing|Protect|p1a: Weezing\n|-singleturn|p1a: Weezing|Protect\n|move|p2b: Tornadus|Bleakwind Storm|p1a: Weezing\n|-activate|p1a: Weezing|move: Protect\n|\n|-weather|RainDance|[upkeep]\n|-heal|p1a: Weezing|20\/100|[from] item: Leftovers\n|upkeep\n|turn|14\n|\n|t:|1699677823\n|move|p2b: Tornadus|Bleakwind Storm|p1a: Weezing\n|-damage|p1a: Weezing|0 fnt\n|faint|p1a: Weezing\n|-end|p1a: Weezing|ability: Neutralizing Gas\n|\n|win|zessozessozesso\n|raw|Oireal's rating: 1231 &rarr; <strong>1217<\/strong><br \/>(-14 for losing)\n|raw|zessozessozesso's rating: 1395 &rarr; <strong>1406<\/strong><br \/>(+11 for winning)\n|l|\u2606Oireal\n","uploadtime":1699677835,"views":29,"p1id":"oireal","p2id":"zessozessozesso","formatid":"gen9vgc2023regulatione","rating":1217,"private":0,"password":""}