{"id":"gen9vgc2023regulatione-1998500054","p1":"Inventor30","p2":"drmsang","format":"[Gen 9] VGC 2023 Regulation E","log":"|j|\u2606Inventor30\n|j|\u2606drmsang\n|t:|1700949338\n|gametype|doubles\n|player|p1|Inventor30|gambler|1099\n|player|p2|drmsang|1|1156\n|teamsize|p1|6\n|teamsize|p2|6\n|gen|9\n|tier|[Gen 9] VGC 2023 Regulation E\n|rated|\n|rule|Species Clause: Limit one of each Pok\u00e9mon\n|rule|Item Clause: Limit one of each item\n|clearpoke\n|poke|p1|Torterra, L50, M|\n|poke|p1|Tornadus, L50, M|\n|poke|p1|Baxcalibur, L50, F|\n|poke|p1|Ninetales-Alola, L50, M|\n|poke|p1|Heatran, L50, M|\n|poke|p1|Milotic, L50, F|\n|poke|p2|Kilowattrel, L50, F|\n|poke|p2|Garganacl, L50, M|\n|poke|p2|Brambleghast, L50, M|\n|poke|p2|Ceruledge, L50, M|\n|poke|p2|Rabsca, L50, F|\n|poke|p2|Iron Valiant, L50|\n|teampreview|4\n|inactive|Battle timer is ON: inactive players will automatically lose when time's up. (requested by Inventor30)\n|\n|t:|1700949364\n|start\n|switch|p1a: Tornadus|Tornadus, L50, M|100\/100\n|switch|p1b: Torterra|Torterra, L50, M|100\/100\n|switch|p2a: Brambleghast|Brambleghast, L50, M|100\/100\n|switch|p2b: Garganacl|Garganacl, L50, M|100\/100\n|turn|1\n|\n|t:|1700949386\n|move|p1a: Tornadus|Tailwind|p1a: Tornadus\n|-sidestart|p1: Inventor30|move: Tailwind\n|move|p1b: Torterra|Headlong Rush|p2b: Garganacl\n|-supereffective|p2b: Garganacl\n|-damage|p2b: Garganacl|43\/100\n|-unboost|p1b: Torterra|def|1\n|-unboost|p1b: Torterra|spd|1\n|-enditem|p1b: Torterra|White Herb\n|-clearnegativeboost|p1b: Torterra|[silent]\n|move|p2a: Brambleghast|Strength Sap|p1b: Torterra\n|-unboost|p1b: Torterra|atk|1\n|move|p2b: Garganacl|Salt Cure|p1a: Tornadus\n|-supereffective|p1a: Tornadus\n|-damage|p1a: Tornadus|70\/100\n|\n|-heal|p2b: Garganacl|48\/100|[from] item: Leftovers\n|upkeep\n|turn|2\n|inactive|drmsang has 30 seconds left.\n|inactive|drmsang has 20 seconds left.\n|inactive|drmsang has 15 seconds left.\n|\n|t:|1700949430\n|move|p2b: Garganacl|Protect|p2b: Garganacl\n|-singleturn|p2b: Garganacl|Protect\n|move|p1a: Tornadus|Sludge Bomb|p2a: Brambleghast\n|-damage|p2a: Brambleghast|48\/100\n|-status|p2a: Brambleghast|psn\n|-enditem|p2a: Brambleghast|Sitrus Berry|[eat]\n|-heal|p2a: Brambleghast|73\/100 psn|[from] item: Sitrus Berry\n|move|p1b: Torterra|Headlong Rush|p2b: Garganacl\n|-activate|p2b: Garganacl|move: Protect\n|move|p2a: Brambleghast|Strength Sap|p1b: Torterra\n|-unboost|p1b: Torterra|atk|1\n|-heal|p2a: Brambleghast|100\/100 psn\n|\n|-heal|p2b: Garganacl|54\/100|[from] item: Leftovers\n|-damage|p2a: Brambleghast|88\/100 psn|[from] psn\n|upkeep\n|turn|3\n|inactive|Inventor30 has 30 seconds left.\n|inactive|drmsang has 30 seconds left.\n|inactive|drmsang has 20 seconds left.\n|inactive|drmsang has 15 seconds left.\n|\n|t:|1700949472\n|switch|p2a: Ceruledge|Ceruledge, L50, M|100\/100\n|-terastallize|p2b: Garganacl|Ghost\n|move|p1a: Tornadus|Sludge Bomb|p2a: Ceruledge\n|-resisted|p2a: Ceruledge\n|-damage|p2a: Ceruledge|82\/100\n|move|p1b: Torterra|Crunch|p2a: Ceruledge\n|-supereffective|p2a: Ceruledge\n|-damage|p2a: Ceruledge|50\/100\n|move|p2b: Garganacl|Salt Cure|p1b: Torterra\n|-resisted|p1b: Torterra\n|-damage|p1b: Torterra|95\/100\n|-start|p1b: Torterra|Salt Cure\n|\n|-heal|p2b: Garganacl|60\/100|[from] item: Leftovers\n|-damage|p1b: Torterra|82\/100|[from] Salt Cure\n|upkeep\n|turn|4\n|inactive|Inventor30 has 30 seconds left.\n|inactive|drmsang has 30 seconds left.\n|\n|t:|1700949502\n|switch|p1b: Heatran|Heatran, L50, M|100\/100\n|move|p2a: Ceruledge|Protect|p2a: Ceruledge\n|-singleturn|p2a: Ceruledge|Protect\n|move|p1a: Tornadus|Bleakwind Storm|p2b: Garganacl|[spread] p2b\n|-activate|p2a: Ceruledge|move: Protect\n|-damage|p2b: Garganacl|26\/100\n|move|p2b: Garganacl|Salt Cure|p1a: Tornadus\n|-supereffective|p1a: Tornadus\n|-damage|p1a: Tornadus|35\/100\n|\n|-heal|p2b: Garganacl|32\/100|[from] item: Leftovers\n|-sideend|p1: Inventor30|move: Tailwind\n|upkeep\n|turn|5\n|inactive|drmsang has 30 seconds left.\n|\n|t:|1700949527\n|switch|p2a: Brambleghast|Brambleghast, L50, M|88\/100 psn\n|move|p2b: Garganacl|Protect|p2b: Garganacl\n|-singleturn|p2b: Garganacl|Protect\n|move|p1a: Tornadus|Tailwind|p1a: Tornadus\n|-sidestart|p1: Inventor30|move: Tailwind\n|move|p1b: Heatran|Earth Power|p2a: Brambleghast\n|-resisted|p2a: Brambleghast\n|-damage|p2a: Brambleghast|59\/100 psn\n|\n|-heal|p2b: Garganacl|38\/100|[from] item: Leftovers\n|-damage|p2a: Brambleghast|47\/100 psn|[from] psn\n|upkeep\n|turn|6\n|inactive|Inventor30 has 30 seconds left.\n|inactive|drmsang has 30 seconds left.\n|\n|t:|1700949556\n|switch|p1a: Baxcalibur|Baxcalibur, L50, F|100\/100\n|move|p1b: Heatran|Earth Power|p2b: Garganacl\n|-damage|p2b: Garganacl|6\/100\n|move|p2a: Brambleghast|Strength Sap|p1b: Heatran\n|-unboost|p1b: Heatran|atk|1\n|-heal|p2a: Brambleghast|100\/100 psn\n|move|p2b: Garganacl|Salt Cure|p1b: Heatran\n|-damage|p1b: Heatran|90\/100\n|-start|p1b: Heatran|Salt Cure\n|\n|-heal|p2b: Garganacl|12\/100|[from] item: Leftovers\n|-damage|p2a: Brambleghast|88\/100 psn|[from] psn\n|-damage|p1b: Heatran|65\/100|[from] Salt Cure\n|upkeep\n|turn|7\n|\n|t:|1700949580\n|switch|p1b: Torterra|Torterra, L50, M|82\/100\n|move|p2b: Garganacl|Protect|p2b: Garganacl\n|-singleturn|p2b: Garganacl|Protect\n|move|p1a: Baxcalibur|Ice Shard|p2b: Garganacl\n|-activate|p2b: Garganacl|move: Protect\n|move|p2a: Brambleghast|Strength Sap|p1a: Baxcalibur\n|-unboost|p1a: Baxcalibur|atk|1\n|-heal|p2a: Brambleghast|100\/100 psn\n|\n|-heal|p2b: Garganacl|17\/100|[from] item: Leftovers\n|-damage|p2a: Brambleghast|88\/100 psn|[from] psn\n|upkeep\n|turn|8\n|inactive|drmsang has 30 seconds left.\n|\n|t:|1700949615\n|move|p1a: Baxcalibur|Ice Shard|p2b: Garganacl\n|-damage|p2b: Garganacl|10\/100\n|move|p1b: Torterra|Crunch|p2a: Brambleghast\n|-supereffective|p2a: Brambleghast\n|-damage|p2a: Brambleghast|0 fnt\n|faint|p2a: Brambleghast\n|move|p2b: Garganacl|Recover|p2b: Garganacl\n|-heal|p2b: Garganacl|60\/100\n|\n|-heal|p2b: Garganacl|66\/100|[from] item: Leftovers\n|-sideend|p1: Inventor30|move: Tailwind\n|upkeep\n|inactive|drmsang has 30 seconds left.\n|\n|t:|1700949650\n|switch|p2a: Iron Valiant|Iron Valiant, L50|100\/100\n|-enditem|p2a: Iron Valiant|Booster Energy\n|-activate|p2a: Iron Valiant|ability: Quark Drive|[fromitem]\n|-start|p2a: Iron Valiant|quarkdrivespa\n|turn|9\n|\n|t:|1700949668\n|switch|p1a: Heatran|Heatran, L50, M|65\/100\n|move|p2a: Iron Valiant|Dazzling Gleam|p1a: Heatran|[spread] p1a,p1b\n|-resisted|p1a: Heatran\n|-damage|p1a: Heatran|56\/100\n|-damage|p1b: Torterra|43\/100\n|move|p1b: Torterra|Crunch|p2b: Garganacl\n|-supereffective|p2b: Garganacl\n|-damage|p2b: Garganacl|40\/100\n|move|p2b: Garganacl|Salt Cure|p1b: Torterra\n|-resisted|p1b: Torterra\n|-damage|p1b: Torterra|38\/100\n|-start|p1b: Torterra|Salt Cure\n|\n|-heal|p2b: Garganacl|45\/100|[from] item: Leftovers\n|-damage|p1b: Torterra|25\/100|[from] Salt Cure\n|upkeep\n|turn|10\n|inactive|Inventor30 has 30 seconds left.\n|inactive|Inventor30 has 20 seconds left.\n|inactive|Inventor30 has 15 seconds left.\n|inactive|Inventor30 has 10 seconds left.\n|\n|t:|1700949717\n|-terastallize|p1a: Heatran|Grass\n|move|p2b: Garganacl|Protect|p2b: Garganacl\n|-singleturn|p2b: Garganacl|Protect\n|move|p2a: Iron Valiant|Aura Sphere|p1a: Heatran\n|-damage|p1a: Heatran|12\/100\n|move|p1a: Heatran|Flash Cannon|p2a: Iron Valiant\n|-supereffective|p2a: Iron Valiant\n|-damage|p2a: Iron Valiant|0 fnt\n|faint|p2a: Iron Valiant\n|-end|p2a: Iron Valiant|Quark Drive|[silent]\n|move|p1b: Torterra|Crunch|p2b: Garganacl\n|-activate|p2b: Garganacl|move: Protect\n|\n|-heal|p2b: Garganacl|51\/100|[from] item: Leftovers\n|-damage|p1b: Torterra|13\/100|[from] Salt Cure\n|upkeep\n|\n|t:|1700949735\n|switch|p2a: Ceruledge|Ceruledge, L50, M|50\/100\n|turn|11\n|\n|t:|1700949754\n|move|p2a: Ceruledge|Shadow Sneak|p1a: Heatran\n|-damage|p1a: Heatran|0 fnt\n|faint|p1a: Heatran\n|-damage|p2a: Ceruledge|40\/100|[from] item: Life Orb\n|move|p1b: Torterra|Headlong Rush|p2a: Ceruledge\n|-supereffective|p2a: Ceruledge\n|-damage|p2a: Ceruledge|0 fnt\n|-unboost|p1b: Torterra|def|1\n|-unboost|p1b: Torterra|spd|1\n|faint|p2a: Ceruledge\n|move|p2b: Garganacl|Recover|p2b: Garganacl\n|-heal|p2b: Garganacl|100\/100\n|\n|-damage|p1b: Torterra|0 fnt|[from] Salt Cure\n|faint|p1b: Torterra\n|upkeep\n|inactive|Inventor30 has 30 seconds left.\n|\n|t:|1700949781\n|switch|p1a: Tornadus|Tornadus, L50, M|35\/100\n|switch|p1b: Baxcalibur|Baxcalibur, L50, F|100\/100\n|turn|12\n|\n|t:|1700949792\n|move|p1a: Tornadus|Sludge Bomb|p2b: Garganacl\n|-resisted|p2b: Garganacl\n|-damage|p2b: Garganacl|86\/100\n|move|p1b: Baxcalibur|Glaive Rush|p2b: Garganacl\n|-damage|p2b: Garganacl|54\/100\n|-singlemove|p1b: Baxcalibur|Glaive Rush|[silent]\n|move|p2b: Garganacl|Salt Cure|p1a: Tornadus\n|-supereffective|p1a: Tornadus\n|-damage|p1a: Tornadus|2\/100\n|\n|-heal|p2b: Garganacl|59\/100|[from] item: Leftovers\n|upkeep\n|turn|13\n|\n|t:|1700949809\n|move|p2b: Garganacl|Protect|p2b: Garganacl\n|-singleturn|p2b: Garganacl|Protect\n|move|p1a: Tornadus|Sludge Bomb|p2b: Garganacl\n|-activate|p2b: Garganacl|move: Protect\n|move|p1b: Baxcalibur|Glaive Rush|p2b: Garganacl\n|-activate|p2b: Garganacl|move: Protect\n|\n|-heal|p2b: Garganacl|65\/100|[from] item: Leftovers\n|upkeep\n|turn|14\n|inactive|drmsang has 30 seconds left.\n|inactive|drmsang has 20 seconds left.\n|\n|t:|1700949848\n|move|p1a: Tornadus|Sludge Bomb|p2b: Garganacl\n|-resisted|p2b: Garganacl\n|-damage|p2b: Garganacl|50\/100\n|move|p1b: Baxcalibur|Glaive Rush|p2b: Garganacl\n|-damage|p2b: Garganacl|13\/100\n|-singlemove|p1b: Baxcalibur|Glaive Rush|[silent]\n|move|p2b: Garganacl|Recover|p2b: Garganacl\n|-heal|p2b: Garganacl|63\/100\n|\n|-heal|p2b: Garganacl|69\/100|[from] item: Leftovers\n|upkeep\n|turn|15\n|\n|t:|1700949871\n|move|p2b: Garganacl|Protect|p2b: Garganacl\n|-singleturn|p2b: Garganacl|Protect\n|move|p1a: Tornadus|Sludge Bomb|p2b: Garganacl\n|-activate|p2b: Garganacl|move: Protect\n|move|p1b: Baxcalibur|Glaive Rush|p2b: Garganacl\n|-activate|p2b: Garganacl|move: Protect\n|\n|-heal|p2b: Garganacl|75\/100|[from] item: Leftovers\n|upkeep\n|turn|16\n|inactive|drmsang has 30 seconds left.\n|\n|t:|1700949888\n|move|p1a: Tornadus|Sludge Bomb|p2b: Garganacl\n|-resisted|p2b: Garganacl\n|-damage|p2b: Garganacl|60\/100\n|move|p1b: Baxcalibur|Glaive Rush|p2b: Garganacl\n|-damage|p2b: Garganacl|24\/100\n|-singlemove|p1b: Baxcalibur|Glaive Rush|[silent]\n|move|p2b: Garganacl|Salt Cure|p1a: Tornadus\n|-supereffective|p1a: Tornadus\n|-damage|p1a: Tornadus|0 fnt\n|faint|p1a: Tornadus\n|\n|-heal|p2b: Garganacl|29\/100|[from] item: Leftovers\n|upkeep\n|turn|17\n|inactive|drmsang has 30 seconds left this turn.\n|inactive|drmsang has 20 seconds left.\n|\n|t:|1700949905\n|move|p2b: Garganacl|Protect|p2b: Garganacl\n|-singleturn|p2b: Garganacl|Protect\n|move|p1b: Baxcalibur|Glaive Rush|p2b: Garganacl\n|-activate|p2b: Garganacl|move: Protect\n|\n|-heal|p2b: Garganacl|35\/100|[from] item: Leftovers\n|upkeep\n|turn|18\n|inactive|drmsang has 20 seconds left this turn.\n|inactive|drmsang has 15 seconds left.\n|\n|t:|1700949916\n|move|p1b: Baxcalibur|Glaive Rush|p2b: Garganacl\n|-damage|p2b: Garganacl|0 fnt\n|-singlemove|p1b: Baxcalibur|Glaive Rush|[silent]\n|faint|p2b: Garganacl\n|\n|win|Inventor30\n|inactive|drmsang has 15 seconds left this turn.\n|raw|Inventor30's rating: 1099 &rarr; <strong>1128<\/strong><br \/>(+29 for winning)\n|raw|drmsang's rating: 1156 &rarr; <strong>1127<\/strong><br \/>(-29 for losing)\n|l|\u2606Inventor30\n","uploadtime":1700949956,"views":2,"p1id":"inventor30","p2id":"drmsang","formatid":"gen9vgc2023regulatione","rating":1127,"private":0,"password":""}