{"id":"gen9vgc2023regulatione-1992467480","p1":"atworkyolo13","p2":"denyopenteamsheet","format":"[Gen 9] VGC 2023 Regulation E","log":"|j|\u2606atworkyolo13\n|j|\u2606denyopenteamsheet\n|t:|1700191171\n|gametype|doubles\n|player|p1|atworkyolo13|265|1469\n|player|p2|denyopenteamsheet|101|1402\n|teamsize|p1|6\n|teamsize|p2|6\n|gen|9\n|tier|[Gen 9] VGC 2023 Regulation E\n|rated|\n|rule|Species Clause: Limit one of each Pok\u00e9mon\n|rule|Item Clause: Limit one of each item\n|clearpoke\n|poke|p1|Weezing, L50, F|\n|poke|p1|Great Tusk, L50|\n|poke|p1|Tornadus, L50, M|\n|poke|p1|Chi-Yu, L50|\n|poke|p1|Iron Hands, L50|\n|poke|p1|Ogerpon-Wellspring, L50, F|\n|poke|p2|Landorus-Therian, L50, M|\n|poke|p2|Mamoswine, L50, M|\n|poke|p2|Goodra, L50, M|\n|poke|p2|Sinistcha, L50|\n|poke|p2|Heatran, L50, M|\n|poke|p2|Urshifu-*, L50, F|\n|teampreview|4\n|inactive|Battle timer is ON: inactive players will automatically lose when time's up. (requested by atworkyolo13)\n|j| salvefml\n|inactive|atworkyolo13 has 60 seconds left.\n|inactive|denyopenteamsheet has 60 seconds left.\n|\n|t:|1700191222\n|start\n|switch|p1a: Weezing|Weezing, L50, F|100\/100\n|switch|p1b: Iron Hands|Iron Hands, L50|100\/100\n|switch|p2a: Landorus|Landorus-Therian, L50, M|100\/100\n|switch|p2b: Goodra|Goodra, L50, M|100\/100\n|-ability|p1a: Weezing|Neutralizing Gas\n|turn|1\n|\n|t:|1700191235\n|move|p1b: Iron Hands|Fake Out|p2a: Landorus\n|-damage|p2a: Landorus|81\/100\n|cant|p2a: Landorus|flinch\n|move|p2b: Goodra|Sludge Bomb|p1b: Iron Hands\n|-damage|p1b: Iron Hands|79\/100\n|move|p1a: Weezing|Will-O-Wisp|p2a: Landorus\n|-status|p2a: Landorus|brn\n|\n|-damage|p2a: Landorus|75\/100 brn|[from] brn\n|upkeep\n|turn|2\n|\n|t:|1700191257\n|move|p2a: Landorus|Stomping Tantrum|p1b: Iron Hands\n|-supereffective|p1b: Iron Hands\n|-damage|p1b: Iron Hands|18\/100\n|move|p2b: Goodra|Sludge Bomb|p1b: Iron Hands\n|-damage|p1b: Iron Hands|0 fnt\n|faint|p1b: Iron Hands\n|-end|p1b: Iron Hands|Quark Drive|[silent]\n|move|p1a: Weezing|Sludge Bomb|p2b: Goodra\n|-damage|p2b: Goodra|81\/100\n|\n|-damage|p2a: Landorus|69\/100 brn|[from] brn\n|upkeep\n|\n|t:|1700191263\n|switch|p1b: Great Tusk|Great Tusk, L50|100\/100\n|turn|3\n|\n|t:|1700191276\n|move|p2a: Landorus|Stomping Tantrum|p1a: Weezing\n|-supereffective|p1a: Weezing\n|-damage|p1a: Weezing|65\/100\n|move|p1b: Great Tusk|Ice Spinner|p2a: Landorus\n|-supereffective|p2a: Landorus\n|-damage|p2a: Landorus|0 fnt\n|faint|p2a: Landorus\n|move|p2b: Goodra|Sludge Bomb|p1b: Great Tusk\n|-resisted|p1b: Great Tusk\n|-damage|p1b: Great Tusk|75\/100\n|move|p1a: Weezing|Will-O-Wisp|p2b: Goodra\n|-status|p2b: Goodra|brn\n|\n|-damage|p2b: Goodra|75\/100 brn|[from] brn\n|upkeep\n|\n|t:|1700191287\n|switch|p2a: Sinistcha|Sinistcha, L50|100\/100\n|turn|4\n|\n|t:|1700191308\n|-end|p1a: Weezing|ability: Neutralizing Gas\n|-heal|p2b: Goodra|99\/100 brn|[from] ability: Hospitality|[of] p2a: Sinistcha\n|switch|p1a: Chi-Yu|Chi-Yu, L50|100\/100\n|-ability|p1a: Chi-Yu|Beads of Ruin\n|-terastallize|p2a: Sinistcha|Water\n|move|p1b: Great Tusk|Ice Spinner|p2b: Goodra\n|-supereffective|p2b: Goodra\n|-damage|p2b: Goodra|40\/100 brn\n|-ability|p2b: Goodra|Gooey\n|-unboost|p1b: Great Tusk|spe|1\n|move|p2b: Goodra|Sludge Bomb|p1b: Great Tusk\n|-resisted|p1b: Great Tusk\n|-damage|p1b: Great Tusk|40\/100\n|move|p2a: Sinistcha|Matcha Gotcha|p1b: Great Tusk|[spread] p1a,p1b\n|-resisted|p1a: Chi-Yu\n|-supereffective|p1b: Great Tusk\n|-damage|p1a: Chi-Yu|86\/100\n|-damage|p1b: Great Tusk|0 fnt\n|faint|p1b: Great Tusk\n|-end|p1b: Great Tusk|Protosynthesis|[silent]\n|\n|-damage|p2b: Goodra|34\/100 brn|[from] brn\n|upkeep\n|\n|t:|1700191321\n|switch|p1b: Weezing|Weezing, L50, F|65\/100\n|-ability|p1b: Weezing|Neutralizing Gas\n|turn|5\n|\n|t:|1700191335\n|move|p1a: Chi-Yu|Dark Pulse|p2b: Goodra\n|-damage|p2b: Goodra|0 fnt\n|faint|p2b: Goodra\n|move|p2a: Sinistcha|Matcha Gotcha|p1b: Weezing|[spread] p1a,p1b\n|-resisted|p1a: Chi-Yu\n|-resisted|p1b: Weezing\n|-damage|p1a: Chi-Yu|70\/100\n|-damage|p1b: Weezing|50\/100\n|-enditem|p1b: Weezing|Sitrus Berry|[eat]\n|-heal|p1b: Weezing|75\/100|[from] item: Sitrus Berry\n|move|p1b: Weezing|Sludge Bomb|p2a: Sinistcha\n|-damage|p2a: Sinistcha|74\/100\n|-status|p2a: Sinistcha|psn\n|\n|-damage|p2a: Sinistcha|61\/100 psn|[from] psn\n|upkeep\n|\n|t:|1700191350\n|switch|p2b: Urshifu|Urshifu, L50, F|100\/100\n|turn|6\n|\n|t:|1700191374\n|-terastallize|p1a: Chi-Yu|Ghost\n|move|p2b: Urshifu|Close Combat|p1a: Chi-Yu\n|-immune|p1a: Chi-Yu\n|move|p1a: Chi-Yu|Overheat|p2b: Urshifu\n|-enditem|p2b: Urshifu|Focus Sash\n|-damage|p2b: Urshifu|1\/100\n|-unboost|p1a: Chi-Yu|spa|2\n|move|p2a: Sinistcha|Matcha Gotcha|p1a: Chi-Yu|[spread] p1a,p1b\n|-resisted|p1b: Weezing\n|-damage|p1a: Chi-Yu|40\/100\n|-heal|p2a: Sinistcha|72\/100 psn|[from] drain|[of] p1a: Chi-Yu\n|-damage|p1b: Weezing|61\/100\n|-heal|p2a: Sinistcha|80\/100 psn|[from] drain|[of] p1b: Weezing\n|move|p1b: Weezing|Sludge Bomb|p2b: Urshifu\n|-damage|p2b: Urshifu|0 fnt\n|faint|p2b: Urshifu\n|\n|-damage|p2a: Sinistcha|67\/100 psn|[from] psn\n|upkeep\n|turn|7\n|\n|t:|1700191393\n|move|p1a: Chi-Yu|Dark Pulse|p2a: Sinistcha\n|-damage|p2a: Sinistcha|45\/100 psn\n|cant|p2a: Sinistcha|flinch\n|move|p1b: Weezing|Taunt|p2a: Sinistcha\n|-start|p2a: Sinistcha|move: Taunt\n|\n|-damage|p2a: Sinistcha|33\/100 psn|[from] psn\n|upkeep\n|turn|8\n|\n|t:|1700191402\n|move|p1a: Chi-Yu|Protect|p1a: Chi-Yu\n|-singleturn|p1a: Chi-Yu|Protect\n|move|p1b: Weezing|Protect|p1b: Weezing\n|-singleturn|p1b: Weezing|Protect\n|move|p2a: Sinistcha|Matcha Gotcha|p1b: Weezing|[spread] \n|-activate|p1a: Chi-Yu|move: Protect\n|-activate|p1b: Weezing|move: Protect\n|\n|-damage|p2a: Sinistcha|20\/100 psn|[from] psn\n|upkeep\n|turn|9\n|\n|t:|1700191415\n|move|p1a: Chi-Yu|Dark Pulse|p2a: Sinistcha\n|-damage|p2a: Sinistcha|0 fnt\n|faint|p2a: Sinistcha\n|\n|win|atworkyolo13\n|raw|atworkyolo13's rating: 1469 &rarr; <strong>1485<\/strong><br \/>(+16 for winning)\n|raw|denyopenteamsheet's rating: 1402 &rarr; <strong>1386<\/strong><br \/>(-16 for losing)\n|l|\u2606denyopenteamsheet\n","uploadtime":1700191422,"views":16,"p1id":"atworkyolo13","p2id":"denyopenteamsheet","formatid":"gen9vgc2023regulatione","rating":1386,"private":0,"password":""}