{"id":"gen9vgc2023regulatione-1995204400","p1":"bibellykelly","p2":"meowmeowjoe","format":"[Gen 9] VGC 2023 Regulation E","log":"|j|\u2606bibellykelly\n|j|\u2606meowmeowjoe\n|t:|1700534319\n|gametype|doubles\n|player|p1|bibellykelly|265|1177\n|player|p2|meowmeowjoe|guitarist|1168\n|teamsize|p1|6\n|teamsize|p2|6\n|gen|9\n|tier|[Gen 9] VGC 2023 Regulation E\n|rated|\n|rule|Species Clause: Limit one of each Pok\u00e9mon\n|rule|Item Clause: Limit one of each item\n|clearpoke\n|poke|p1|Urshifu-*, L50, F|\n|poke|p1|Flutter Mane, L50|\n|poke|p1|Iron Hands, L50|\n|poke|p1|Gholdengo, L50|\n|poke|p1|Chi-Yu, L50|\n|poke|p1|Amoonguss, L50, F|\n|poke|p2|Ninetales-Alola, L50, M|\n|poke|p2|Iron Bundle, L50|\n|poke|p2|Dondozo, L50, M|\n|poke|p2|Tatsugiri, L50, M|\n|poke|p2|Cresselia, L50, F|\n|poke|p2|Ursaluna, L50, M|\n|teampreview|4\n|\n|t:|1700534362\n|start\n|switch|p1a: Chi-Yu|Chi-Yu, L50|100\/100\n|switch|p1b: Gholdengo|Gholdengo, L50|100\/100\n|switch|p2a: \u72d0\u547c\u72d0|Ninetales-Alola, L50, M, shiny|100\/100\n|switch|p2b: \u6211\u6bd4\u7ffc\u6cd5\u9084\u5feb|Iron Bundle, L50, shiny|100\/100\n|-weather|Snow|[from] ability: Snow Warning|[of] p2a: \u72d0\u547c\u72d0\n|-ability|p1a: Chi-Yu|Beads of Ruin\n|turn|1\n|\n|t:|1700534385\n|-terastallize|p2a: \u72d0\u547c\u72d0|Water\n|-terastallize|p1a: Chi-Yu|Dark\n|move|p2b: \u6211\u6bd4\u7ffc\u6cd5\u9084\u5feb|Hydro Pump|p1a: Chi-Yu|[miss]\n|-miss|p2b: \u6211\u6bd4\u7ffc\u6cd5\u9084\u5feb|p1a: Chi-Yu\n|move|p2a: \u72d0\u547c\u72d0|Aurora Veil|p2a: \u72d0\u547c\u72d0\n|-sidestart|p2: meowmeowjoe|move: Aurora Veil\n|move|p1a: Chi-Yu|Heat Wave|p2a: \u72d0\u547c\u72d0|[spread] p2a,p2b\n|-resisted|p2a: \u72d0\u547c\u72d0\n|-damage|p2a: \u72d0\u547c\u72d0|81\/100\n|-damage|p2b: \u6211\u6bd4\u7ffc\u6cd5\u9084\u5feb|13\/100\n|move|p1b: Gholdengo|Make It Rain|p2a: \u72d0\u547c\u72d0|[spread] p2a,p2b\n|-resisted|p2a: \u72d0\u547c\u72d0\n|-damage|p2a: \u72d0\u547c\u72d0|44\/100\n|-damage|p2b: \u6211\u6bd4\u7ffc\u6cd5\u9084\u5feb|0 fnt\n|-unboost|p1b: Gholdengo|spa|1\n|faint|p2b: \u6211\u6bd4\u7ffc\u6cd5\u9084\u5feb\n|-end|p2b: \u6211\u6bd4\u7ffc\u6cd5\u9084\u5feb|Quark Drive|[silent]\n|\n|-weather|Snow|[upkeep]\n|upkeep\n|\n|t:|1700534402\n|switch|p2b: \u4f86\u5a01\u5687\u6211\u554a|Dondozo, L50, M, shiny|100\/100\n|turn|2\n|\n|t:|1700534421\n|switch|p2a: \u6211\u4f86\u7d20\u8cea\u7d20\u8cea|Tatsugiri, L50, M, shiny|100\/100\n|-activate|p2a: \u6211\u4f86\u7d20\u8cea\u7d20\u8cea|ability: Commander|[of] p2b: \u4f86\u5a01\u5687\u6211\u554a\n|-boost|p2b: \u4f86\u5a01\u5687\u6211\u554a|atk|2\n|-boost|p2b: \u4f86\u5a01\u5687\u6211\u554a|spa|2\n|-boost|p2b: \u4f86\u5a01\u5687\u6211\u554a|spe|2\n|-boost|p2b: \u4f86\u5a01\u5687\u6211\u554a|def|2\n|-boost|p2b: \u4f86\u5a01\u5687\u6211\u554a|spd|2\n|move|p2b: \u4f86\u5a01\u5687\u6211\u554a|Earthquake|p1b: Gholdengo|[spread] p1a,p1b\n|-miss|p2b: \u4f86\u5a01\u5687\u6211\u554a|p2a: \u6211\u4f86\u7d20\u8cea\u7d20\u8cea\n|-supereffective|p1b: Gholdengo\n|-damage|p1a: Chi-Yu|17\/100\n|-damage|p1b: Gholdengo|0 fnt\n|faint|p1b: Gholdengo\n|move|p1a: Chi-Yu|Heat Wave|p2a: \u6211\u4f86\u7d20\u8cea\u7d20\u8cea|[spread] p2b\n|-miss|p1a: Chi-Yu|p2a: \u6211\u4f86\u7d20\u8cea\u7d20\u8cea\n|-resisted|p2b: \u4f86\u5a01\u5687\u6211\u554a\n|-damage|p2b: \u4f86\u5a01\u5687\u6211\u554a|90\/100\n|\n|-weather|Snow|[upkeep]\n|upkeep\n|\n|t:|1700534437\n|switch|p1b: Flutter Mane|Flutter Mane, L50|100\/100\n|-enditem|p1b: Flutter Mane|Booster Energy\n|-activate|p1b: Flutter Mane|ability: Protosynthesis|[fromitem]\n|-start|p1b: Flutter Mane|protosynthesisspa\n|turn|3\n|\n|t:|1700534453\n|move|p1b: Flutter Mane|Moonblast|p2b: \u4f86\u5a01\u5687\u6211\u554a\n|-damage|p2b: \u4f86\u5a01\u5687\u6211\u554a|56\/100\n|move|p2b: \u4f86\u5a01\u5687\u6211\u554a|Earthquake|p1a: Chi-Yu|[spread] p1a,p1b\n|-miss|p2b: \u4f86\u5a01\u5687\u6211\u554a|p2a: \u6211\u4f86\u7d20\u8cea\u7d20\u8cea\n|-crit|p1a: Chi-Yu\n|-damage|p1a: Chi-Yu|0 fnt\n|-damage|p1b: Flutter Mane|0 fnt\n|faint|p1a: Chi-Yu\n|faint|p1b: Flutter Mane\n|-end|p1b: Flutter Mane|Protosynthesis|[silent]\n|\n|-weather|Snow|[upkeep]\n|upkeep\n|\n|t:|1700534465\n|switch|p1a: Urshifu|Urshifu-Rapid-Strike, L50, F|100\/100\n|turn|4\n|\n|t:|1700534475\n|move|p2b: \u4f86\u5a01\u5687\u6211\u554a|Order Up|p1a: Urshifu\n|-damage|p1a: Urshifu|52\/100\n|-boost|p2b: \u4f86\u5a01\u5687\u6211\u554a|atk|1\n|move|p1a: Urshifu|Close Combat|p2b: \u4f86\u5a01\u5687\u6211\u554a\n|-crit|p2b: \u4f86\u5a01\u5687\u6211\u554a\n|-damage|p2b: \u4f86\u5a01\u5687\u6211\u554a|0 fnt\n|-unboost|p1a: Urshifu|def|1\n|-unboost|p1a: Urshifu|spd|1\n|faint|p2b: \u4f86\u5a01\u5687\u6211\u554a\n|-damage|p1a: Urshifu|42\/100|[from] item: Life Orb\n|\n|-weather|Snow|[upkeep]\n|upkeep\n|\n|t:|1700534486\n|switch|p2b: \u72d0\u547c\u72d0|Ninetales-Alola, L50, M, shiny, tera:Water|44\/100\n|turn|5\n|\n|t:|1700534502\n|move|p2a: \u6211\u4f86\u7d20\u8cea\u7d20\u8cea|Draco Meteor|p1a: Urshifu\n|-crit|p1a: Urshifu\n|-damage|p1a: Urshifu|0 fnt\n|-unboost|p2a: \u6211\u4f86\u7d20\u8cea\u7d20\u8cea|spa|2\n|faint|p1a: Urshifu\n|\n|win|meowmeowjoe\n|raw|bibellykelly's rating: 1177 &rarr; <strong>1151<\/strong><br \/>(-26 for losing)\n|raw|meowmeowjoe's rating: 1168 &rarr; <strong>1194<\/strong><br \/>(+26 for winning)\n|l|\u2606bibellykelly\n","uploadtime":1700534509,"views":6,"p1id":"bibellykelly","p2id":"meowmeowjoe","formatid":"gen9vgc2023regulatione","rating":1151,"private":0,"password":""}