{"id":"gen9vgc2023regulatione-1994876084","p1":"dunsparcedingo","p2":"PunkRockObstagoon","format":"[Gen 9] VGC 2023 Regulation E","log":"|j|\u2606dunsparcedingo\n|j|\u2606PunkRockObstagoon\n|t:|1700500829\n|gametype|doubles\n|player|p1|dunsparcedingo|marley|1399\n|player|p2|PunkRockObstagoon|hilbert|1490\n|teamsize|p1|6\n|teamsize|p2|6\n|gen|9\n|tier|[Gen 9] VGC 2023 Regulation E\n|rated|\n|rule|Species Clause: Limit one of each Pok\u00e9mon\n|rule|Item Clause: Limit one of each item\n|clearpoke\n|poke|p1|Urshifu-*, L50, M|\n|poke|p1|Arcanine-Hisui, L50, F|\n|poke|p1|Tornadus, L50, M|\n|poke|p1|Regidrago, L50|\n|poke|p1|Gholdengo, L50|\n|poke|p1|Rillaboom, L50, F|\n|poke|p2|Spinarak, L50, M|\n|poke|p2|Tatsugiri-Droopy, L50, M|\n|poke|p2|Lurantis, L50, F|\n|poke|p2|Farigiraf, L50, F|\n|poke|p2|Houndstone, L50, M|\n|poke|p2|Roaring Moon, L50|\n|teampreview|4\n|inactive|Battle timer is ON: inactive players will automatically lose when time's up. (requested by PunkRockObstagoon)\ndunsparcedingo has agreed to open team sheets.\n|c|\u2606dunsparcedingo|fuck yeah spinarka time\n|inactive|dunsparcedingo has 60 seconds left.\n|inactive|PunkRockObstagoon has 60 seconds left.\n|\n|t:|1700500871\n|start\n|switch|p1a: Gholdengo|Gholdengo, L50|100\/100\n|switch|p1b: Tornadus|Tornadus, L50, M|100\/100\n|switch|p2a: Farigiraf|Farigiraf, L50, F|100\/100\n|switch|p2b: Tatsugiri|Tatsugiri-Droopy, L50, M|100\/100\n|turn|1\n|\n|t:|1700500889\n|move|p2a: Farigiraf|Protect|p2a: Farigiraf\n|-singleturn|p2a: Farigiraf|Protect\n|move|p1b: Tornadus|Rain Dance|p1b: Tornadus\n|-weather|RainDance\n|move|p1a: Gholdengo|Trick|p2a: Farigiraf\n|-activate|p2a: Farigiraf|move: Protect\n|move|p2b: Tatsugiri|Muddy Water|p1a: Gholdengo|[spread] p1a,p1b\n|-damage|p1a: Gholdengo|46\/100\n|-damage|p1b: Tornadus|20\/100\n|-unboost|p1b: Tornadus|accuracy|1\n|\n|-weather|RainDance|[upkeep]\n|upkeep\n|turn|2\n|\n|t:|1700500912\n|switch|p1a: Regidrago|Regidrago, L50|100\/100\n|move|p1b: Tornadus|Bleakwind Storm|p2a: Farigiraf|[spread] p2a,p2b\n|-damage|p2a: Farigiraf|62\/100\n|-damage|p2b: Tatsugiri|62\/100\n|move|p2b: Tatsugiri|Muddy Water|p1a: Regidrago|[spread] p1a,p1b\n|-resisted|p1a: Regidrago\n|-damage|p1a: Regidrago|72\/100\n|-damage|p1b: Tornadus|0 fnt\n|faint|p1b: Tornadus\n|move|p2a: Farigiraf|Trick Room|p2a: Farigiraf\n|-fieldstart|move: Trick Room|[of] p2a: Farigiraf\n|\n|-weather|RainDance|[upkeep]\n|-heal|p2b: Tatsugiri|68\/100|[from] item: Leftovers\n|upkeep\n|\n|t:|1700500929\n|switch|p1b: Gholdengo|Gholdengo, L50|46\/100\n|turn|3\n|\n|t:|1700500947\n|move|p2a: Farigiraf|Psychic|p1a: Regidrago\n|-damage|p1a: Regidrago|27\/100\n|move|p1a: Regidrago|Dragon Energy|p2b: Tatsugiri|[spread] p2a,p2b\n|-supereffective|p2b: Tatsugiri\n|-damage|p2a: Farigiraf|38\/100\n|-damage|p2b: Tatsugiri|16\/100\n|move|p2b: Tatsugiri|Muddy Water|p1a: Regidrago|[spread] p1a\n|-miss|p2b: Tatsugiri|p1b: Gholdengo\n|-resisted|p1a: Regidrago\n|-damage|p1a: Regidrago|1\/100\n|-unboost|p1a: Regidrago|accuracy|1\n|move|p1b: Gholdengo|Make It Rain|p2a: Farigiraf|[spread] p2a,p2b\n|-resisted|p2b: Tatsugiri\n|-damage|p2a: Farigiraf|0 fnt\n|-damage|p2b: Tatsugiri|0 fnt\n|-unboost|p1b: Gholdengo|spa|1\n|faint|p2a: Farigiraf\n|faint|p2b: Tatsugiri\n|\n|-weather|RainDance|[upkeep]\n|upkeep\n|\n|t:|1700500963\n|switch|p2a: Lurantis|Lurantis, L50, F|100\/100\n|switch|p2b: Houndstone|Houndstone, L50, M|100\/100\n|turn|4\n|inactive|dunsparcedingo has 30 seconds left.\n|inactive|dunsparcedingo has 20 seconds left.\n|inactive|dunsparcedingo has 15 seconds left.\n|inactive|dunsparcedingo has 10 seconds left.\n|\n|t:|1700501009\n|move|p1a: Regidrago|Protect|p1a: Regidrago\n|-singleturn|p1a: Regidrago|Protect\n|move|p2a: Lurantis|Superpower|p1a: Regidrago\n|-activate|p1a: Regidrago|move: Protect\n|move|p2b: Houndstone|Last Respects|p1b: Gholdengo\n|-supereffective|p1b: Gholdengo\n|-damage|p1b: Gholdengo|0 fnt\n|faint|p1b: Gholdengo\n|\n|-weather|RainDance|[upkeep]\n|upkeep\n|\n|t:|1700501019\n|switch|p1b: Urshifu|Urshifu-Rapid-Strike, L50, M|100\/100\n|turn|5\n|\n|t:|1700501037\n|-terastallize|p1b: Urshifu|Water\n|move|p1b: Urshifu|Aqua Jet|p2b: Houndstone\n|-damage|p2b: Houndstone|74\/100\n|move|p2a: Lurantis|Superpower|p1a: Regidrago\n|-damage|p1a: Regidrago|0 fnt\n|-boost|p2a: Lurantis|atk|1\n|-boost|p2a: Lurantis|def|1\n|faint|p1a: Regidrago\n|move|p2b: Houndstone|Last Respects|p1b: Urshifu\n|-damage|p1b: Urshifu|41\/100\n|\n|-weather|none\n|upkeep\n|turn|6\n|\n|t:|1700501049\n|move|p1b: Urshifu|Protect|p1b: Urshifu\n|-singleturn|p1b: Urshifu|Protect\n|move|p2a: Lurantis|Leaf Blade|p1b: Urshifu\n|-activate|p1b: Urshifu|move: Protect\n|move|p2b: Houndstone|Last Respects|p1b: Urshifu\n|-activate|p1b: Urshifu|move: Protect\n|\n|-fieldend|move: Trick Room\n|upkeep\n|turn|7\n|\n|t:|1700501064\n|move|p1b: Urshifu|Surging Strikes|p2b: Houndstone\n|-crit|p2b: Houndstone\n|-damage|p2b: Houndstone|56\/100\n|-crit|p2b: Houndstone\n|-damage|p2b: Houndstone|36\/100\n|-enditem|p2b: Houndstone|Sitrus Berry|[eat]\n|-heal|p2b: Houndstone|60\/100|[from] item: Sitrus Berry\n|-crit|p2b: Houndstone\n|-damage|p2b: Houndstone|42\/100\n|-hitcount|p2b: Houndstone|3\n|move|p2b: Houndstone|Last Respects|p1b: Urshifu\n|-damage|p1b: Urshifu|0 fnt\n|faint|p1b: Urshifu\n|\n|win|PunkRockObstagoon\n|raw|dunsparcedingo's rating: 1399 &rarr; <strong>1383<\/strong><br \/>(-16 for losing)\n|raw|PunkRockObstagoon's rating: 1473 &rarr; <strong>1489<\/strong><br \/>(+16 for winning)\n","uploadtime":1700501071,"views":8,"p1id":"dunsparcedingo","p2id":"punkrockobstagoon","formatid":"gen9vgc2023regulatione","rating":1383,"private":0,"password":""}