{"id":"gen9vgc2023regulatione-1993359610","p1":"Jesuuuus","p2":"Yajuntuna1","format":"[Gen 9] VGC 2023 Regulation E","log":"|j|\u2606Jesuuuus\n|j|\u2606Yajuntuna1\n|t:|1700305640\n|gametype|doubles\n|player|p1|Jesuuuus|alec-anime|\n|player|p2|Yajuntuna1|169|\n|teamsize|p1|6\n|teamsize|p2|6\n|gen|9\n|tier|[Gen 9] VGC 2023 Regulation E\n|rated|Tournament battle\n|rule|Species Clause: Limit one of each Pok\u00e9mon\n|rule|Item Clause: Limit one of each item\n|clearpoke\n|poke|p1|Rillaboom, L50, F|\n|poke|p1|Chi-Yu, L50|\n|poke|p1|Gastrodon-East, L50, F|\n|poke|p1|Landorus-Therian, L50, M|\n|poke|p1|Iron Hands, L50|\n|poke|p1|Cresselia, L50, F|\n|poke|p2|Amoonguss, L50, F|\n|poke|p2|Landorus-Therian, L50, M|\n|poke|p2|Iron Hands, L50|\n|poke|p2|Flutter Mane, L50|\n|poke|p2|Heatran, L50, F|\n|poke|p2|Chien-Pao, L50|\n|teampreview|4\n|showteam|p1|Rillaboom||MiracleSeed|GrassySurge|FakeOut,GrassyGlide,WoodHammer,Uturn|||F|||50|,,,,,Fire]Chi-Yu||SitrusBerry|BeadsofRuin|HeatWave,DarkPulse,NastyPlot,Protect||||||50|,,,,,Grass]Gastrodon-East||Leftovers|StormDrain|IceBeam,EarthPower,Yawn,Protect|||F|||50|,,,,,Fairy]Landorus-Therian||ChoiceScarf|Intimidate|TeraBlast,StompingTantrum,Uturn,RockSlide|||M|||50|,,,,,Flying]Iron Hands||AssaultVest|QuarkDrive|WildCharge,HeavySlam,DrainPunch,FakeOut||||||50|,,,,,Fire]Cresselia||SafetyGoggles|Levitate|LunarBlessing,Psychic,TrickRoom,HelpingHand|||F|||50|,,,,,Fairy\n|showteam|p2|Amoonguss||RockyHelmet|Regenerator|PollenPuff,RagePowder,Spore,Protect|||F|||50|,,,,,Water]Landorus-Therian||ChoiceScarf|Intimidate|TeraBlast,Uturn,StompingTantrum,RockSlide|||M|||50|,,,,,Flying]Iron Hands||AssaultVest|QuarkDrive|FakeOut,WildCharge,DrainPunch,HeavySlam||||||50|,,,,,Water]Flutter Mane||BoosterEnergy|Protosynthesis|Moonblast,ShadowBall,DazzlingGleam,Protect||||||50|,,,,,Fairy]Heatran||Leftovers|FlashFire|MagmaStorm,FlashCannon,EarthPower,Protect|||F|||50|,,,,,Grass]Chien-Pao||FocusSash|SwordofRuin|IcicleCrash,SuckerPunch,SacredSword,Protect||||||50|,,,,,Ghost\n|j| Franconcino\n|c|\u2606Jesuuuus|gl hf\n|c|\u2606Yajuntuna1|Same 2 u\n|\n|t:|1700305672\n|start\n|switch|p1a: Chi-Yu|Chi-Yu, L50|100\/100\n|switch|p1b: Rillaboom|Rillaboom, L50, F|100\/100\n|switch|p2a: Landorus|Landorus-Therian, L50, M, shiny|100\/100\n|switch|p2b: Flutter Mane|Flutter Mane, L50|100\/100\n|-ability|p2a: Landorus|Intimidate|boost\n|-unboost|p1a: Chi-Yu|atk|1\n|-unboost|p1b: Rillaboom|atk|1\n|-ability|p1a: Chi-Yu|Beads of Ruin\n|-fieldstart|move: Grassy Terrain|[from] ability: Grassy Surge|[of] p1b: Rillaboom\n|-enditem|p2b: Flutter Mane|Booster Energy\n|-activate|p2b: Flutter Mane|ability: Protosynthesis|[fromitem]\n|-start|p2b: Flutter Mane|protosynthesisspa\n|turn|1\n|j|%Therazer456\n|j| xX_StuffLmao_Xx\n|\n|t:|1700305695\n|switch|p2a: Heatran|Heatran, L50, F, shiny|100\/100\n|-terastallize|p2b: Flutter Mane|Fairy\n|move|p1b: Rillaboom|Fake Out|p2a: Heatran\n|-resisted|p2a: Heatran\n|-damage|p2a: Heatran|96\/100\n|move|p2b: Flutter Mane|Moonblast|p1b: Rillaboom\n|-damage|p1b: Rillaboom|0 fnt\n|faint|p1b: Rillaboom\n|move|p1a: Chi-Yu|Heat Wave|p2a: Heatran|[spread] p2b\n|-start|p2a: Heatran|ability: Flash Fire\n|-damage|p2b: Flutter Mane|53\/100\n|\n|-heal|p2b: Flutter Mane|59\/100|[from] Grassy Terrain\n|-heal|p2a: Heatran|100\/100|[from] Grassy Terrain\n|upkeep\n|\n|t:|1700305708\n|switch|p1b: Landorus|Landorus-Therian, L50, M|100\/100\n|-ability|p1b: Landorus|Intimidate|boost\n|-unboost|p2a: Heatran|atk|1\n|-unboost|p2b: Flutter Mane|atk|1\n|turn|2\n|\n|t:|1700305722\n|-end|p2a: Heatran|ability: Flash Fire|[silent]\n|switch|p2a: Iron Hands|Iron Hands, L50|100\/100\n|move|p2b: Flutter Mane|Protect|p2b: Flutter Mane\n|-singleturn|p2b: Flutter Mane|Protect\n|move|p1b: Landorus|Stomping Tantrum|p2b: Flutter Mane\n|-activate|p2b: Flutter Mane|move: Protect\n|move|p1a: Chi-Yu|Nasty Plot|p1a: Chi-Yu\n|-boost|p1a: Chi-Yu|spa|2\n|\n|-heal|p2b: Flutter Mane|65\/100|[from] Grassy Terrain\n|upkeep\n|turn|3\n|\n|t:|1700305734\n|switch|p1b: Cresselia|Cresselia, L50, F|100\/100\n|move|p1a: Chi-Yu|Protect|p1a: Chi-Yu\n|-singleturn|p1a: Chi-Yu|Protect\n|move|p2a: Iron Hands|Fake Out|p1b: Cresselia\n|-damage|p1b: Cresselia|93\/100\n|move|p2b: Flutter Mane|Moonblast|p1b: Cresselia\n|-damage|p1b: Cresselia|19\/100\n|\n|-heal|p2b: Flutter Mane|71\/100|[from] Grassy Terrain\n|upkeep\n|turn|4\n|\n|t:|1700305757\n|move|p1b: Cresselia|Helping Hand|p1a: Chi-Yu\n|-singleturn|p1a: Chi-Yu|Helping Hand|[of] p1b: Cresselia\n|move|p2b: Flutter Mane|Moonblast|p1a: Chi-Yu\n|-damage|p1a: Chi-Yu|26\/100\n|-unboost|p1a: Chi-Yu|spa|1\n|-enditem|p1a: Chi-Yu|Sitrus Berry|[eat]\n|-heal|p1a: Chi-Yu|51\/100|[from] item: Sitrus Berry\n|move|p1a: Chi-Yu|Heat Wave|p2b: Flutter Mane|[spread] p2a,p2b\n|-damage|p2a: Iron Hands|49\/100\n|-damage|p2b: Flutter Mane|0 fnt\n|-status|p2a: Iron Hands|brn\n|faint|p2b: Flutter Mane\n|-end|p2b: Flutter Mane|Protosynthesis|[silent]\n|move|p2a: Iron Hands|Drain Punch|p1a: Chi-Yu\n|-supereffective|p1a: Chi-Yu\n|-damage|p1a: Chi-Yu|0 fnt\n|-heal|p2a: Iron Hands|66\/100 brn|[from] drain|[of] p1a: Chi-Yu\n|faint|p1a: Chi-Yu\n|\n|-heal|p2a: Iron Hands|72\/100 brn|[from] Grassy Terrain\n|-damage|p2a: Iron Hands|66\/100 brn|[from] brn\n|upkeep\n|\n|t:|1700305771\n|switch|p2b: Landorus|Landorus-Therian, L50, M, shiny|100\/100\n|switch|p1a: Landorus|Landorus-Therian, L50, M|100\/100\n|-ability|p1a: Landorus|Intimidate|boost\n|-unboost|p2a: Iron Hands|atk|1\n|-unboost|p2b: Landorus|atk|1\n|-ability|p2b: Landorus|Intimidate|boost\n|-unboost|p1a: Landorus|atk|1\n|-unboost|p1b: Cresselia|atk|1\n|turn|5\n|c|\u2606Jesuuuus|gg wp\n|\n|t:|1700305798\n|-terastallize|p1a: Landorus|Flying\n|move|p1b: Cresselia|Helping Hand|p1a: Landorus\n|-singleturn|p1a: Landorus|Helping Hand|[of] p1b: Cresselia\n|move|p1a: Landorus|Tera Blast|p2a: Iron Hands|[anim] Tera Blast Flying\n|-damage|p2a: Iron Hands|25\/100 brn\n|move|p2b: Landorus|U-turn|p1b: Cresselia\n|-supereffective|p1b: Cresselia\n|-damage|p1b: Cresselia|0 fnt\n|faint|p1b: Cresselia\n|c|\u2606Yajuntuna1|Gg\n|\n|t:|1700305804\n|switch|p2b: Heatran|Heatran, L50, F, shiny|100\/100|[from] U-turn\n|move|p2a: Iron Hands|Heavy Slam|p1a: Landorus\n|-damage|p1a: Landorus|84\/100\n|\n|-heal|p2a: Iron Hands|31\/100 brn|[from] Grassy Terrain\n|-damage|p2a: Iron Hands|25\/100 brn|[from] brn\n|-fieldend|move: Grassy Terrain\n|upkeep\n|turn|6\n|\n|t:|1700305810\n|-end|p2a: Iron Hands|Quark Drive|[silent]\n|switch|p2a: Landorus|Landorus-Therian, L50, M, shiny|100\/100\n|-ability|p2a: Landorus|Intimidate|boost\n|-unboost|p1a: Landorus|atk|1\n|move|p1a: Landorus|Tera Blast|p2b: Heatran|[anim] Tera Blast Flying\n|-resisted|p2b: Heatran\n|-damage|p2b: Heatran|83\/100\n|move|p2b: Heatran|Flash Cannon|p1a: Landorus\n|-damage|p1a: Landorus|20\/100\n|\n|-heal|p2b: Heatran|90\/100|[from] item: Leftovers\n|upkeep\n|turn|7\n|-message|Jesuuuus forfeited.\n|\n|win|Yajuntuna1\n|n|\u2606Jesuuuus|jesuuuus\n|n|\u2606Yajuntuna1|yajuntuna1\n|n| Franconcino|franconcino\n|n| Therazer456|therazer456\n|n| xX_StuffLmao_Xx|xxstufflmaoxx\n|l|\u2606Jesuuuus\n","uploadtime":1700305822,"views":16,"p1id":"jesuuuus","p2id":"yajuntuna1","formatid":"gen9vgc2023regulatione","rating":0,"private":0,"password":""}