{"id":"gen9vgc2023regulatione-1994736181","p1":"Electry Games","p2":"August700308","format":"[Gen 9] VGC 2023 Regulation E","log":"|j|\u2606Electry Games\n|j|\u203dAugust700308\n|t:|1700487394\n|gametype|doubles\n|player|p1|Electry Games|waitress-gen4|1164\n|player|p2|August700308|101|1078\n|teamsize|p1|6\n|teamsize|p2|6\n|gen|9\n|tier|[Gen 9] VGC 2023 Regulation E\n|rated|\n|rule|Species Clause: Limit one of each Pok\u00e9mon\n|rule|Item Clause: Limit one of each item\n|clearpoke\n|poke|p1|Tornadus, L50, M|\n|poke|p1|Landorus-Therian, L50, M|\n|poke|p1|Gholdengo, L50|\n|poke|p1|Ogerpon-Wellspring, L50, F|\n|poke|p1|Flutter Mane, L50|\n|poke|p1|Amoonguss, L50, F|\n|poke|p2|Glastrier, L50|\n|poke|p2|Cresselia, L50, F|\n|poke|p2|Annihilape, L50, F|\n|poke|p2|Ursaluna, L50, M|\n|poke|p2|Torkoal, L50, F|\n|poke|p2|Hatterene, L50, F|\n|teampreview|4\n|\n|t:|1700487418\n|start\n|switch|p1a: Gholdengo|Gholdengo, L50|100\/100\n|switch|p1b: Amoonguss|Amoonguss, L50, F|100\/100\n|switch|p2a: Cresselia|Cresselia, L50, F|100\/100\n|switch|p2b: Annihilape|Annihilape, L50, F|100\/100\n|turn|1\n|inactive|Battle timer is ON: inactive players will automatically lose when time's up. (requested by Electry Games)\n|\n|t:|1700487433\n|move|p1b: Amoonguss|Protect|p1b: Amoonguss\n|-singleturn|p1b: Amoonguss|Protect\n|move|p2b: Annihilape|Final Gambit|p1b: Amoonguss\n|-activate|p1b: Amoonguss|move: Protect\n|move|p1a: Gholdengo|Shadow Ball|p2b: Annihilape\n|-supereffective|p2b: Annihilape\n|-damage|p2b: Annihilape|29\/100\n|move|p2a: Cresselia|Trick Room|p2a: Cresselia\n|-fieldstart|move: Trick Room|[of] p2a: Cresselia\n|\n|upkeep\n|turn|2\n|\n|t:|1700487453\n|move|p1a: Gholdengo|Protect|p1a: Gholdengo\n|-singleturn|p1a: Gholdengo|Protect\n|move|p1b: Amoonguss|Spore|p2a: Cresselia\n|-status|p2a: Cresselia|slp|[from] move: Spore\n|cant|p2a: Cresselia|slp\n|move|p2b: Annihilape|Final Gambit|p1b: Amoonguss\n|-damage|p1b: Amoonguss|73\/100\n|faint|p2b: Annihilape\n|\n|upkeep\n|\n|t:|1700487466\n|switch|p2b: Glastrier|Glastrier, L50|100\/100\n|turn|3\n|\n|t:|1700487473\n|move|p2b: Glastrier|Stomping Tantrum|p1a: Gholdengo\n|-supereffective|p1a: Gholdengo\n|-damage|p1a: Gholdengo|50\/100\n|move|p1b: Amoonguss|Pollen Puff|p2a: Cresselia\n|-supereffective|p2a: Cresselia\n|-damage|p2a: Cresselia|78\/100 slp\n|cant|p2a: Cresselia|slp\n|move|p1a: Gholdengo|Make It Rain|p2b: Glastrier|[spread] p2a,p2b\n|-supereffective|p2b: Glastrier\n|-damage|p2a: Cresselia|49\/100 slp\n|-damage|p2b: Glastrier|55\/100\n|-unboost|p1a: Gholdengo|spa|1\n|\n|-heal|p1a: Gholdengo|56\/100|[from] item: Leftovers\n|upkeep\n|turn|4\n|\n|t:|1700487496\n|move|p1a: Gholdengo|Protect|p1a: Gholdengo\n|-singleturn|p1a: Gholdengo|Protect\n|move|p2b: Glastrier|Icicle Crash|p1b: Amoonguss\n|-supereffective|p1b: Amoonguss\n|-damage|p1b: Amoonguss|0 fnt\n|faint|p1b: Amoonguss\n|-ability|p2b: Glastrier|Chilling Neigh|boost\n|-boost|p2b: Glastrier|atk|1\n|-curestatus|p2a: Cresselia|slp|[msg]\n|move|p2a: Cresselia|Lunar Blessing|p2a: Cresselia|[spread] p2a,p2b\n|-heal|p2a: Cresselia|75\/100\n|-heal|p2b: Glastrier|81\/100\n|\n|-heal|p1a: Gholdengo|62\/100|[from] item: Leftovers\n|upkeep\n|\n|t:|1700487510\n|switch|p1b: Ogerpon|Ogerpon-Wellspring, L50, F|100\/100\n|turn|5\n|\n|t:|1700487523\n|-terastallize|p1b: Ogerpon|Water\n|detailschange|p1b: Ogerpon|Ogerpon-Wellspring-Tera, L50, F, tera:Water\n|-ability|p1b: Ogerpon|Embody Aspect (Wellspring)|boost\n|-boost|p1b: Ogerpon|spd|1\n|move|p2b: Glastrier|Stomping Tantrum|p1a: Gholdengo\n|-supereffective|p1a: Gholdengo\n|-damage|p1a: Gholdengo|0 fnt\n|faint|p1a: Gholdengo\n|-ability|p2b: Glastrier|Chilling Neigh|boost\n|-boost|p2b: Glastrier|atk|1\n|move|p2a: Cresselia|Lunar Blessing|p2a: Cresselia|[spread] p2a,p2b\n|-heal|p2a: Cresselia|99\/100\n|-heal|p2b: Glastrier|100\/100\n|move|p1b: Ogerpon|Ivy Cudgel|p2b: Glastrier|[anim] Ivy Cudgel Water\n|-damage|p2b: Glastrier|41\/100\n|\n|-fieldend|move: Trick Room\n|upkeep\n|\n|t:|1700487535\n|switch|p1a: Tornadus|Tornadus, L50, M|100\/100\n|turn|6\n|\n|t:|1700487555\n|switch|p2b: Hatterene|Hatterene, L50, F|100\/100\n|move|p1b: Ogerpon|Spiky Shield|p1b: Ogerpon\n|-singleturn|p1b: Ogerpon|move: Protect\n|move|p1a: Tornadus|Rain Dance|p1a: Tornadus\n|-weather|RainDance\n|move|p2a: Cresselia|Trick Room|p2a: Cresselia\n|-fieldstart|move: Trick Room|[of] p2a: Cresselia\n|\n|-weather|RainDance|[upkeep]\n|upkeep\n|turn|7\n|\n|t:|1700487575\n|move|p2a: Cresselia|Ally Switch|p2a: Cresselia\n|swap|p2a: Cresselia|1|[from] move: Ally Switch\n|move|p1a: Tornadus|Tailwind|p1a: Tornadus\n|-sidestart|p1: Electry Games|move: Tailwind\n|move|p2a: Hatterene|Dazzling Gleam|p1a: Tornadus|[spread] p1a,p1b\n|-crit|p1a: Tornadus\n|-damage|p1a: Tornadus|35\/100\n|-damage|p1b: Ogerpon|71\/100\n|-damage|p2a: Hatterene|91\/100|[from] item: Life Orb\n|move|p1b: Ogerpon|Ivy Cudgel|p2a: Hatterene|[anim] Ivy Cudgel Water\n|-damage|p2a: Hatterene|0 fnt\n|faint|p2a: Hatterene\n|\n|-weather|RainDance|[upkeep]\n|upkeep\n|\n|t:|1700487590\n|switch|p2a: Glastrier|Glastrier, L50|41\/100\n|turn|8\n|\n|t:|1700487603\n|move|p2a: Glastrier|Icicle Crash|p1a: Tornadus\n|-supereffective|p1a: Tornadus\n|-damage|p1a: Tornadus|0 fnt\n|faint|p1a: Tornadus\n|-ability|p2a: Glastrier|Chilling Neigh|boost\n|-boost|p2a: Glastrier|atk|1\n|move|p2b: Cresselia|Lunar Blessing|p2b: Cresselia|[spread] p2a,p2b\n|-heal|p2a: Glastrier|66\/100\n|-heal|p2b: Cresselia|100\/100\n|move|p1b: Ogerpon|Ivy Cudgel|p2a: Glastrier|[anim] Ivy Cudgel Water\n|-damage|p2a: Glastrier|0 fnt\n|faint|p2a: Glastrier\n|\n|-weather|RainDance|[upkeep]\n|upkeep\n|turn|9\n|\n|t:|1700487622\n|move|p2b: Cresselia|Moonblast|p1b: Ogerpon\n|-crit|p1b: Ogerpon\n|-damage|p1b: Ogerpon|45\/100\n|-unboost|p1b: Ogerpon|spa|1\n|move|p1b: Ogerpon|Ivy Cudgel|p2b: Cresselia|[anim] Ivy Cudgel Water\n|-damage|p2b: Cresselia|30\/100\n|\n|-weather|RainDance|[upkeep]\n|upkeep\n|turn|10\n|-message|August700308 forfeited.\n|\n|win|Electry Games\n|raw|Electry Games's rating: 1164 &rarr; <strong>1183<\/strong><br \/>(+19 for winning)\n|raw|August700308's rating: 1078 &rarr; <strong>1062<\/strong><br \/>(-16 for losing)\n|l|\u203dAugust700308\n","uploadtime":1700487640,"views":3,"p1id":"electrygames","p2id":"august700308","formatid":"gen9vgc2023regulatione","rating":1062,"private":0,"password":""}