{"id":"gen9vgc2023regulatione-2000088905","p1":"ELopez03","p2":"Tyjack129","format":"[Gen 9] VGC 2023 Regulation E","log":"|j|\u2606ELopez03\n|j|\u2606Tyjack129\n|t:|1701152659\n|gametype|doubles\n|player|p1|ELopez03|preschooler|1139\n|player|p2|Tyjack129|ltsurge|1193\n|teamsize|p1|6\n|teamsize|p2|6\n|gen|9\n|tier|[Gen 9] VGC 2023 Regulation E\n|rated|\n|rule|Species Clause: Limit one of each Pok\u00e9mon\n|rule|Item Clause: Limit one of each item\n|clearpoke\n|poke|p1|Kingambit, L50, M|\n|poke|p1|Flutter Mane, L50|\n|poke|p1|Gothitelle, L50, F|\n|poke|p1|Iron Hands, L50|\n|poke|p1|Rillaboom, L50, M|\n|poke|p1|Heatran, L50, M|\n|poke|p2|Urshifu-*, L50, M|\n|poke|p2|Fezandipiti, L50, M|\n|poke|p2|Amoonguss, L50, M|\n|poke|p2|Roaring Moon, L50|\n|poke|p2|Ogerpon-Hearthflame, L50, F|\n|poke|p2|Landorus, L50, M|\n|teampreview|4\n|\n|t:|1701152694\n|start\n|switch|p1a: Flutter Mane|Flutter Mane, L50|100\/100\n|switch|p1b: Rillaboom|Rillaboom, L50, M|100\/100\n|switch|p2a: Urshifu|Urshifu-Rapid-Strike, L50, M|100\/100\n|switch|p2b: Amoonguss|Amoonguss, L50, M|100\/100\n|-fieldstart|move: Grassy Terrain|[from] ability: Grassy Surge|[of] p1b: Rillaboom\n|-enditem|p1a: Flutter Mane|Booster Energy\n|-activate|p1a: Flutter Mane|ability: Protosynthesis|[fromitem]\n|-start|p1a: Flutter Mane|protosynthesisspe\n|turn|1\n|\n|t:|1701152707\n|move|p1b: Rillaboom|Fake Out|p2a: Urshifu\n|-damage|p2a: Urshifu|86\/100\n|move|p2b: Amoonguss|Rage Powder|p2b: Amoonguss\n|-singleturn|p2b: Amoonguss|move: Rage Powder\n|move|p1a: Flutter Mane|Dazzling Gleam|p2a: Urshifu|[spread] p2a,p2b\n|-supereffective|p2a: Urshifu\n|-resisted|p2b: Amoonguss\n|-damage|p2a: Urshifu|0 fnt\n|-damage|p2b: Amoonguss|90\/100\n|faint|p2a: Urshifu\n|\n|-heal|p2b: Amoonguss|96\/100|[from] Grassy Terrain\n|upkeep\n|\n|t:|1701152720\n|switch|p2a: Roaring Moon|Roaring Moon, L50|100\/100\n|-enditem|p2a: Roaring Moon|Booster Energy\n|-activate|p2a: Roaring Moon|ability: Protosynthesis|[fromitem]\n|-start|p2a: Roaring Moon|protosynthesisatk\n|turn|2\n|\n|t:|1701152726\n|move|p2b: Amoonguss|Rage Powder|p2b: Amoonguss\n|-singleturn|p2b: Amoonguss|move: Rage Powder\n|move|p1a: Flutter Mane|Perish Song|p1a: Flutter Mane\n|-start|p1a: Flutter Mane|perish3|[silent]\n|-start|p1b: Rillaboom|perish3|[silent]\n|-start|p2a: Roaring Moon|perish3|[silent]\n|-start|p2b: Amoonguss|perish3|[silent]\n|-fieldactivate|move: Perish Song\n|move|p2a: Roaring Moon|Dragon Dance|p2a: Roaring Moon\n|-boost|p2a: Roaring Moon|atk|1\n|-boost|p2a: Roaring Moon|spe|1\n|move|p1b: Rillaboom|U-turn|p2a: Roaring Moon\n|-supereffective|p2a: Roaring Moon\n|-damage|p2a: Roaring Moon|37\/100\n|\n|t:|1701152732\n|switch|p1b: Gothitelle|Gothitelle, L50, F, shiny|100\/100|[from] U-turn\n|\n|-heal|p2a: Roaring Moon|43\/100|[from] Grassy Terrain\n|-heal|p2b: Amoonguss|100\/100|[from] Grassy Terrain\n|-start|p1a: Flutter Mane|perish3\n|-start|p2a: Roaring Moon|perish3\n|-start|p2b: Amoonguss|perish3\n|upkeep\n|turn|3\n|\n|t:|1701152757\n|move|p1a: Flutter Mane|Protect|p1a: Flutter Mane\n|-singleturn|p1a: Flutter Mane|Protect\n|move|p1b: Gothitelle|Protect|p1b: Gothitelle\n|-singleturn|p1b: Gothitelle|Protect\n|move|p2a: Roaring Moon|Crunch|p1b: Gothitelle\n|-activate|p1b: Gothitelle|move: Protect\n|move|p2b: Amoonguss|Spore|p1b: Gothitelle\n|-activate|p1b: Gothitelle|move: Protect\n|\n|-heal|p2a: Roaring Moon|49\/100|[from] Grassy Terrain\n|-start|p1a: Flutter Mane|perish2\n|-start|p2a: Roaring Moon|perish2\n|-start|p2b: Amoonguss|perish2\n|upkeep\n|turn|4\n|\n|t:|1701152779\n|-end|p1a: Flutter Mane|Protosynthesis|[silent]\n|switch|p1a: Iron Hands|Iron Hands, L50, shiny|100\/100\n|-terastallize|p1b: Gothitelle|Dragon\n|move|p2b: Amoonguss|Rage Powder|p2b: Amoonguss\n|-singleturn|p2b: Amoonguss|move: Rage Powder\n|move|p2a: Roaring Moon|Crunch|p1b: Gothitelle\n|-damage|p1b: Gothitelle|30\/100\n|-unboost|p1b: Gothitelle|def|1\n|-enditem|p1b: Gothitelle|Sitrus Berry|[eat]\n|-heal|p1b: Gothitelle|55\/100|[from] item: Sitrus Berry\n|move|p1b: Gothitelle|Psychic|p2b: Amoonguss\n|-supereffective|p2b: Amoonguss\n|-damage|p2b: Amoonguss|59\/100\n|\n|-heal|p2a: Roaring Moon|56\/100|[from] Grassy Terrain\n|-heal|p1b: Gothitelle|62\/100|[from] Grassy Terrain\n|-heal|p2b: Amoonguss|65\/100|[from] Grassy Terrain\n|-start|p2a: Roaring Moon|perish1\n|-start|p2b: Amoonguss|perish1\n|upkeep\n|turn|5\n|\n|t:|1701152810\n|switch|p1b: Rillaboom|Rillaboom, L50, M|100\/100\n|move|p1a: Iron Hands|Fake Out|p2a: Roaring Moon\n|-damage|p2a: Roaring Moon|35\/100\n|cant|p2a: Roaring Moon|flinch\n|move|p2b: Amoonguss|Spore|p1a: Iron Hands\n|-status|p1a: Iron Hands|slp|[from] move: Spore\n|\n|-heal|p2a: Roaring Moon|41\/100|[from] Grassy Terrain\n|-heal|p2b: Amoonguss|71\/100|[from] Grassy Terrain\n|-start|p2a: Roaring Moon|perish0\n|-start|p2b: Amoonguss|perish0\n|-fieldend|move: Grassy Terrain\n|upkeep\n|faint|p2a: Roaring Moon\n|-end|p2a: Roaring Moon|Protosynthesis|[silent]\n|faint|p2b: Amoonguss\n|\n|t:|1701152817\n|switch|p2a: Landorus|Landorus, L50, M|100\/100\n|turn|6\n|\n|t:|1701152836\n|-end|p1a: Iron Hands|Quark Drive|[silent]\n|switch|p1a: Flutter Mane|Flutter Mane, L50|100\/100\n|move|p1b: Rillaboom|Fake Out|p2a: Landorus\n|-damage|p2a: Landorus|85\/100\n|cant|p2a: Landorus|flinch\n|\n|upkeep\n|turn|7\n|\n|t:|1701152845\n|move|p1a: Flutter Mane|Dazzling Gleam|p2a: Landorus\n|-damage|p2a: Landorus|31\/100\n|move|p2a: Landorus|Sludge Bomb|p1b: Rillaboom\n|-supereffective|p1b: Rillaboom\n|-damage|p1b: Rillaboom|0 fnt\n|faint|p1b: Rillaboom\n|\n|upkeep\n|\n|t:|1701152851\n|switch|p1b: Gothitelle|Gothitelle, L50, F, shiny, tera:Dragon|62\/100\n|turn|8\n|\n|t:|1701152864\n|move|p1b: Gothitelle|Fake Out|p2a: Landorus\n|-damage|p2a: Landorus|24\/100\n|move|p1a: Flutter Mane|Perish Song|p1a: Flutter Mane\n|-start|p1a: Flutter Mane|perish3|[silent]\n|-start|p1b: Gothitelle|perish3|[silent]\n|-start|p2a: Landorus|perish3|[silent]\n|-fieldactivate|move: Perish Song\n|cant|p2a: Landorus|flinch\n|\n|-start|p1a: Flutter Mane|perish3\n|-start|p2a: Landorus|perish3\n|-start|p1b: Gothitelle|perish3\n|upkeep\n|turn|9\n|\n|t:|1701152868\n|move|p1a: Flutter Mane|Protect|p1a: Flutter Mane\n|-singleturn|p1a: Flutter Mane|Protect\n|move|p1b: Gothitelle|Protect|p1b: Gothitelle\n|-singleturn|p1b: Gothitelle|Protect\n|move|p2a: Landorus|Earth Power|p1a: Flutter Mane\n|-activate|p1a: Flutter Mane|move: Protect\n|\n|-start|p1a: Flutter Mane|perish2\n|-start|p2a: Landorus|perish2\n|-start|p1b: Gothitelle|perish2\n|upkeep\n|turn|10\n|\n|t:|1701152874\n|-end|p1a: Flutter Mane|Protosynthesis|[silent]\n|switch|p1a: Iron Hands|Iron Hands, L50, shiny|100\/100 slp\n|move|p2a: Landorus|Earth Power|p1a: Iron Hands\n|-supereffective|p1a: Iron Hands\n|-damage|p1a: Iron Hands|17\/100 slp\n|move|p1b: Gothitelle|Trick Room|p1b: Gothitelle\n|-fieldstart|move: Trick Room|[of] p1b: Gothitelle\n|\n|-start|p1b: Gothitelle|perish1\n|-start|p2a: Landorus|perish1\n|upkeep\n|turn|11\n|\n|t:|1701152883\n|move|p1b: Gothitelle|Protect|p1b: Gothitelle\n|-singleturn|p1b: Gothitelle|Protect\n|cant|p1a: Iron Hands|slp\n|move|p2a: Landorus|Earth Power|p1a: Iron Hands\n|-supereffective|p1a: Iron Hands\n|-damage|p1a: Iron Hands|0 fnt\n|faint|p1a: Iron Hands\n|-end|p1a: Iron Hands|Quark Drive|[silent]\n|\n|-start|p1b: Gothitelle|perish0\n|-start|p2a: Landorus|perish0\n|faint|p1b: Gothitelle\n|faint|p2a: Landorus\n|\n|win|ELopez03\n|upkeep\n|raw|ELopez03's rating: 1139 &rarr; <strong>1168<\/strong><br \/>(+29 for winning)\n|raw|Tyjack129's rating: 1193 &rarr; <strong>1164<\/strong><br \/>(-29 for losing)\n|l|\u2606Tyjack129\n|c|\u2606ELopez03|gg\n","uploadtime":1701152908,"views":19,"p1id":"elopez03","p2id":"tyjack129","formatid":"gen9vgc2023regulatione","rating":1164,"private":0,"password":""}