{"id":"gen9vgc2023regulatione-1996462111","p1":"SlowHomie","p2":"Jesuuuus","format":"[Gen 9] VGC 2023 Regulation E","log":"|j|\u2606SlowHomie\n|j|\u2606Jesuuuus\n|t:|1700684338\n|gametype|doubles\n|player|p1|SlowHomie|unknown|\n|player|p2|Jesuuuus|alec-anime|\n|teamsize|p1|6\n|teamsize|p2|6\n|gen|9\n|tier|[Gen 9] VGC 2023 Regulation E\n|rated|Tournament battle\n|rule|Species Clause: Limit one of each Pok\u00e9mon\n|rule|Item Clause: Limit one of each item\n|clearpoke\n|poke|p1|Torkoal, L50, M|\n|poke|p1|Rillaboom, L50, F|\n|poke|p1|Ogerpon-Cornerstone, L50, F|\n|poke|p1|Flutter Mane, L50|\n|poke|p1|Zapdos-Galar, L50|\n|poke|p1|Farigiraf, L50, F|\n|poke|p2|Rillaboom, L50, M|\n|poke|p2|Iron Hands, L50|\n|poke|p2|Heatran, L50, F|\n|poke|p2|Roaring Moon, L50|\n|poke|p2|Flutter Mane, L50|\n|poke|p2|Landorus-Therian, L50, M|\n|teampreview|4\n|showteam|p1|Torkoal||Charcoal|Drought|Eruption,HeatWave,EarthPower,Protect|||M|||50|,,,,,Fire]Rillaboom||MiracleSeed|GrassySurge|GrassyGlide,WoodHammer,HighHorsepower,FakeOut|||F|||50|,,,,,Grass]Ogerpon-Cornerstone||CornerstoneMask|Sturdy|IvyCudgel,PowerWhip,FollowMe,SpikyShield|||F|||50|,,,,,Rock]Flutter Mane||ChoiceSpecs|Protosynthesis|DazzlingGleam,Moonblast,ShadowBall,TrickRoom||||||50|,,,,,Fairy]Zapdos-Galar||ChoiceScarf|Defiant|BraveBird,CloseCombat,Uturn,KnockOff||||||50|,,,,,Flying]Farigiraf||SitrusBerry|ArmorTail|DazzlingGleam,Psychic,NastyPlot,TrickRoom|||F|||50|,,,,,Fairy\n|showteam|p2|Rillaboom||MiracleSeed|GrassySurge|FakeOut,GrassyGlide,WoodHammer,Protect|||M|||50|,,,,,Grass]Iron Hands||AssaultVest|QuarkDrive|WildCharge,HeavySlam,DrainPunch,FakeOut||||||50|,,,,,Grass]Heatran||Leftovers|FlashFire|HeatWave,EarthPower,Substitute,Protect|||F|||50|,,,,,Fairy]Roaring Moon||BoosterEnergy|Protosynthesis|KnockOff,BreakingSwipe,Tailwind,Protect||||||50|,,,,,Poison]Flutter Mane||LifeOrb|Protosynthesis|DazzlingGleam,ShadowBall,Taunt,Protect||||||50|,,,,,Fairy]Landorus-Therian||ChoiceScarf|Intimidate|Uturn,StompingTantrum,RockSlide,TeraBlast|||M|||50|,,,,,Flying\n|j| ale cog\n|c|\u2606Jesuuuus|gl hf\n|j| Eyemasked\n|c|\u2606SlowHomie|glhf\n|\n|t:|1700684378\n|start\n|switch|p1a: Rockstar|Ogerpon-Cornerstone, L50, F|100\/100\n|switch|p1b: Fig|Farigiraf, L50, F, shiny|100\/100\n|switch|p2a: Landorus|Landorus-Therian, L50, M|100\/100\n|switch|p2b: Cat?|Iron Hands, L50|100\/100\n|-ability|p2a: Landorus|Intimidate|boost\n|-unboost|p1a: Rockstar|atk|1\n|-unboost|p1b: Fig|atk|1\n|turn|1\n|\n|t:|1700684397\n|switch|p1a: Yurtle the Turtle|Torkoal, L50, M, shiny|100\/100\n|-weather|SunnyDay|[from] ability: Drought|[of] p1a: Yurtle the Turtle\n|move|p2a: Landorus|U-turn|p1a: Yurtle the Turtle\n|-resisted|p1a: Yurtle the Turtle\n|-damage|p1a: Yurtle the Turtle|90\/100\n|\n|t:|1700684403\n|switch|p2a: ???|Heatran, L50, F|100\/100|[from] U-turn\n|move|p2b: Cat?|Drain Punch|p1a: Yurtle the Turtle\n|-damage|p1a: Yurtle the Turtle|57\/100\n|move|p1b: Fig|Trick Room|p1b: Fig\n|-fieldstart|move: Trick Room|[of] p1b: Fig\n|\n|-weather|SunnyDay|[upkeep]\n|upkeep\n|turn|2\n|j| Bruno the star\n|\n|t:|1700684422\n|-terastallize|p2a: ???|Fairy\n|move|p1a: Yurtle the Turtle|Earth Power|p2a: ???\n|-damage|p2a: ???|78\/100\n|move|p1b: Fig|Nasty Plot|p1b: Fig\n|-boost|p1b: Fig|spa|2\n|move|p2b: Cat?|Wild Charge|p1b: Fig\n|-damage|p1b: Fig|50\/100\n|-enditem|p1b: Fig|Sitrus Berry|[eat]\n|-heal|p1b: Fig|75\/100|[from] item: Sitrus Berry\n|-damage|p2b: Cat?|90\/100|[from] Recoil\n|move|p2a: ???|Heat Wave|p1b: Fig|[spread] p1b\n|-miss|p2a: ???|p1a: Yurtle the Turtle\n|-damage|p1b: Fig|25\/100\n|\n|-weather|SunnyDay|[upkeep]\n|-heal|p2a: ???|84\/100|[from] item: Leftovers\n|upkeep\n|turn|3\n|\n|t:|1700684451\n|move|p1a: Yurtle the Turtle|Earth Power|p2b: Cat?\n|-supereffective|p2b: Cat?\n|-damage|p2b: Cat?|65\/100\n|move|p1b: Fig|Psychic|p2b: Cat?\n|-supereffective|p2b: Cat?\n|-damage|p2b: Cat?|0 fnt\n|faint|p2b: Cat?\n|-end|p2b: Cat?|Quark Drive|[silent]\n|move|p2a: ???|Heat Wave|p1a: Yurtle the Turtle|[spread] p1a,p1b\n|-resisted|p1a: Yurtle the Turtle\n|-damage|p1a: Yurtle the Turtle|15\/100\n|-damage|p1b: Fig|0 fnt\n|faint|p1b: Fig\n|\n|-weather|SunnyDay|[upkeep]\n|-heal|p2a: ???|89\/100|[from] item: Leftovers\n|upkeep\n|\n|t:|1700684459\n|switch|p1b: Willa Gorilla|Rillaboom, L50, F, shiny|100\/100\n|switch|p2b: Flutter Mane|Flutter Mane, L50|100\/100\n|-fieldstart|move: Grassy Terrain|[from] ability: Grassy Surge|[of] p1b: Willa Gorilla\n|-activate|p2b: Flutter Mane|ability: Protosynthesis\n|-start|p2b: Flutter Mane|protosynthesisspa\n|turn|4\n|\n|t:|1700684475\n|-terastallize|p1b: Willa Gorilla|Grass\n|move|p2a: ???|Protect|p2a: ???\n|-singleturn|p2a: ???|Protect\n|move|p1a: Yurtle the Turtle|Earth Power|p2b: Flutter Mane\n|-crit|p2b: Flutter Mane\n|-damage|p2b: Flutter Mane|64\/100\n|move|p1b: Willa Gorilla|Wood Hammer|p2a: ???\n|-activate|p2a: ???|move: Protect\n|move|p2b: Flutter Mane|Dazzling Gleam|p1a: Yurtle the Turtle|[spread] p1a,p1b\n|-resisted|p1a: Yurtle the Turtle\n|-damage|p1a: Yurtle the Turtle|0 fnt\n|-damage|p1b: Willa Gorilla|37\/100\n|faint|p1a: Yurtle the Turtle\n|-damage|p2b: Flutter Mane|54\/100|[from] item: Life Orb\n|\n|-weather|SunnyDay|[upkeep]\n|-heal|p1b: Willa Gorilla|43\/100|[from] Grassy Terrain\n|-heal|p2a: ???|95\/100|[from] Grassy Terrain\n|-heal|p2a: ???|100\/100|[from] item: Leftovers\n|-heal|p2b: Flutter Mane|60\/100|[from] Grassy Terrain\n|upkeep\n|\n|t:|1700684479\n|switch|p1a: Rockstar|Ogerpon-Cornerstone, L50, F|100\/100\n|turn|5\n|\n|t:|1700684515\n|switch|p2a: Landorus|Landorus-Therian, L50, M|100\/100\n|-ability|p2a: Landorus|Intimidate|boost\n|-unboost|p1a: Rockstar|atk|1\n|-unboost|p1b: Willa Gorilla|atk|1\n|move|p2b: Flutter Mane|Protect|p2b: Flutter Mane\n|-singleturn|p2b: Flutter Mane|Protect\n|move|p1b: Willa Gorilla|Wood Hammer|p2a: Landorus\n|-damage|p2a: Landorus|0 fnt\n|faint|p2a: Landorus\n|-damage|p1b: Willa Gorilla|15\/100|[from] Recoil\n|move|p1a: Rockstar|Ivy Cudgel|p2b: Flutter Mane|[anim] Ivy Cudgel Rock\n|-activate|p2b: Flutter Mane|move: Protect\n|\n|-weather|none\n|-end|p2b: Flutter Mane|Protosynthesis\n|-heal|p1b: Willa Gorilla|21\/100|[from] Grassy Terrain\n|-heal|p2b: Flutter Mane|67\/100|[from] Grassy Terrain\n|-fieldend|move: Trick Room\n|upkeep\n|\n|t:|1700684527\n|switch|p2a: ???|Heatran, L50, F, tera:Fairy|100\/100\n|turn|6\n|j| Draxolotl\n|\n|t:|1700684567\n|move|p1b: Willa Gorilla|Grassy Glide|p2b: Flutter Mane\n|-damage|p2b: Flutter Mane|0 fnt\n|faint|p2b: Flutter Mane\n|-end|p2b: Flutter Mane|Protosynthesis|[silent]\n|move|p1a: Rockstar|Power Whip|p2a: ???\n|-damage|p2a: ???|36\/100\n|move|p2a: ???|Heat Wave|p1a: Rockstar|[spread] p1a,p1b\n|-supereffective|p1b: Willa Gorilla\n|-crit|p1b: Willa Gorilla\n|-damage|p1a: Rockstar|52\/100\n|-damage|p1b: Willa Gorilla|0 fnt\n|faint|p1b: Willa Gorilla\n|\n|-heal|p1a: Rockstar|58\/100|[from] Grassy Terrain\n|-heal|p2a: ???|42\/100|[from] Grassy Terrain\n|-heal|p2a: ???|47\/100|[from] item: Leftovers\n|upkeep\n|turn|7\n|\n|t:|1700684583\n|move|p2a: ???|Protect|p2a: ???\n|-singleturn|p2a: ???|Protect\n|move|p1a: Rockstar|Power Whip|p2a: ???\n|-activate|p2a: ???|move: Protect\n|\n|-heal|p1a: Rockstar|63\/100|[from] Grassy Terrain\n|-heal|p2a: ???|53\/100|[from] Grassy Terrain\n|-heal|p2a: ???|59\/100|[from] item: Leftovers\n|upkeep\n|turn|8\n|\n|t:|1700684593\n|move|p2a: ???|Protect||[still]\n|-fail|p2a: ???\n|move|p1a: Rockstar|Power Whip|p2a: ???\n|-damage|p2a: ???|2\/100\n|\n|-heal|p1a: Rockstar|69\/100|[from] Grassy Terrain\n|-heal|p2a: ???|8\/100|[from] Grassy Terrain\n|-heal|p2a: ???|14\/100|[from] item: Leftovers\n|-fieldend|move: Grassy Terrain\n|upkeep\n|turn|9\n|c|\u2606SlowHomie|:O\n|c|\u2606Jesuuuus|im such a frauf\n|c|\u2606SlowHomie|hey\n|c|\u2606SlowHomie|that's a decent play\n|c|\u2606SlowHomie|get rid of the terrain\n|c|\u2606SlowHomie|gg wp\n|c| Draxolotl|Mf got the mega high roll onto insane low roll\n|c|\u2606Jesuuuus|lol\n|c| Draxolotl|Double protect was your best option there tho\n|c|\u2606SlowHomie|heat wave didn't kill anyways\n|\n|t:|1700684641\n|move|p1a: Rockstar|Ivy Cudgel|p2a: ???|[anim] Ivy Cudgel Rock\n|-damage|p2a: ???|0 fnt\n|faint|p2a: ???\n|\n|win|SlowHomie\n|n|\u2606SlowHomie|slowhomie\n|n|\u2606Jesuuuus|jesuuuus\n|n| ale cog|alecog\n|n| Eyemasked|eyemasked\n|n| Bruno the star|brunothestar\n|n| Draxolotl|draxolotl\n","uploadtime":1700684642,"views":0,"p1id":"slowhomie","p2id":"jesuuuus","formatid":"gen9vgc2023regulatione","rating":0,"private":0,"password":""}