{"id":"gen9vgc2023regulatione-1996531165","p1":"Mr0Ross","p2":"Bardemis","format":"[Gen 9] VGC 2023 Regulation E","log":"|j|\u2606Mr0Ross\n|j|\u2606Bardemis\n|t:|1700691221\n|gametype|doubles\n|player|p1|Mr0Ross|169|1211\n|player|p2|Bardemis|morty|1149\n|teamsize|p1|6\n|teamsize|p2|6\n|gen|9\n|tier|[Gen 9] VGC 2023 Regulation E\n|rated|\n|rule|Species Clause: Limit one of each Pok\u00e9mon\n|rule|Item Clause: Limit one of each item\n|clearpoke\n|poke|p1|Annihilape, L50, F|\n|poke|p1|Farigiraf, L50, F|\n|poke|p1|Indeedee-F, L50, F|\n|poke|p1|Torkoal, L50, F|\n|poke|p1|Regidrago, L50|\n|poke|p1|Armarouge, L50, M|\n|poke|p2|Goodra, L50, F|\n|poke|p2|Arcanine-Hisui, L50, M|\n|poke|p2|Tornadus, L50, M|\n|poke|p2|Dragonite, L50, M|\n|poke|p2|Urshifu-*, L50, F|\n|poke|p2|Sinistcha, L50|\n|teampreview|4\n|inactive|Battle timer is ON: inactive players will automatically lose when time's up. (requested by Bardemis)\n|\n|t:|1700691246\n|start\n|switch|p1a: Annihilape|Annihilape, L50, F|100\/100\n|switch|p1b: Farigiraf|Farigiraf, L50, F|100\/100\n|switch|p2a: Sinistcha|Sinistcha, L50|100\/100\n|switch|p2b: Urshifu|Urshifu-Rapid-Strike, L50, F|100\/100\n|turn|1\n|inactive|Bardemis has 30 seconds left.\n|\n|t:|1700691272\n|move|p2b: Urshifu|Detect|p2b: Urshifu\n|-singleturn|p2b: Urshifu|Protect\n|move|p1a: Annihilape|U-turn|p2a: Sinistcha\n|-damage|p2a: Sinistcha|82\/100\n|\n|t:|1700691281\n|switch|p1a: Torkoal|Torkoal, L50, F|100\/100|[from] U-turn\n|-weather|SunnyDay|[from] ability: Drought|[of] p1a: Torkoal\n|move|p2a: Sinistcha|Imprison|p2a: Sinistcha\n|-start|p2a: Sinistcha|move: Imprison\n|cant|p1b: Farigiraf|move: Imprison|Trick Room\n|\n|-weather|SunnyDay|[upkeep]\n|upkeep\n|turn|2\n|inactive|Mr0Ross has 30 seconds left.\n|inactive|Mr0Ross has 20 seconds left.\n|\n|t:|1700691319\n|-terastallize|p2b: Urshifu|Water\n|-terastallize|p1a: Torkoal|Fire\n|move|p2b: Urshifu|Surging Strikes|p1a: Torkoal\n|-supereffective|p1a: Torkoal\n|-crit|p1a: Torkoal\n|-damage|p1a: Torkoal|76\/100\n|-supereffective|p1a: Torkoal\n|-crit|p1a: Torkoal\n|-damage|p1a: Torkoal|51\/100\n|-supereffective|p1a: Torkoal\n|-crit|p1a: Torkoal\n|-damage|p1a: Torkoal|26\/100\n|-hitcount|p1a: Torkoal|3\n|move|p2a: Sinistcha|Matcha Gotcha|p1b: Farigiraf|[spread] p1a,p1b\n|-resisted|p1a: Torkoal\n|-damage|p1a: Torkoal|8\/100\n|-heal|p2a: Sinistcha|91\/100|[from] drain|[of] p1a: Torkoal\n|-damage|p1b: Farigiraf|79\/100\n|-heal|p2a: Sinistcha|100\/100|[from] drain|[of] p1b: Farigiraf\n|-status|p1b: Farigiraf|brn\n|move|p1b: Farigiraf|Dazzling Gleam|p2a: Sinistcha|[spread] p2a,p2b\n|-damage|p2a: Sinistcha|85\/100\n|-damage|p2b: Urshifu|74\/100\n|move|p1a: Torkoal|Eruption|p2b: Urshifu|[spread] p2a,p2b\n|-supereffective|p2a: Sinistcha\n|-resisted|p2b: Urshifu\n|-damage|p2a: Sinistcha|67\/100\n|-damage|p2b: Urshifu|68\/100\n|\n|-weather|SunnyDay|[upkeep]\n|-damage|p1b: Farigiraf|73\/100 brn|[from] brn\n|upkeep\n|turn|3\n|inactive|Mr0Ross has 30 seconds left.\n|inactive|Bardemis has 30 seconds left.\n|inactive|Mr0Ross has 20 seconds left.\n|inactive|Bardemis has 20 seconds left.\n|inactive|Bardemis has 15 seconds left.\n|\n|t:|1700691361\n|move|p2b: Urshifu|Surging Strikes|p1b: Farigiraf\n|-crit|p1b: Farigiraf\n|-damage|p1b: Farigiraf|60\/100 brn\n|-crit|p1b: Farigiraf\n|-damage|p1b: Farigiraf|46\/100 brn\n|-crit|p1b: Farigiraf\n|-damage|p1b: Farigiraf|33\/100 brn\n|-hitcount|p1b: Farigiraf|3\n|move|p2a: Sinistcha|Matcha Gotcha|p1b: Farigiraf|[spread] p1a,p1b\n|-resisted|p1a: Torkoal\n|-damage|p1a: Torkoal|0 fnt\n|-heal|p2a: Sinistcha|71\/100|[from] drain|[of] p1a: Torkoal\n|-damage|p1b: Farigiraf|11\/100 brn\n|-heal|p2a: Sinistcha|86\/100|[from] drain|[of] p1b: Farigiraf\n|faint|p1a: Torkoal\n|move|p1b: Farigiraf|Hyper Voice|p2a: Sinistcha|[spread] p2b\n|-immune|p2a: Sinistcha\n|-damage|p2b: Urshifu|26\/100\n|\n|-weather|SunnyDay|[upkeep]\n|-damage|p1b: Farigiraf|4\/100 brn|[from] brn\n|upkeep\n|\n|t:|1700691381\n|switch|p1a: Regidrago|Regidrago, L50|100\/100\n|turn|4\n|\n|t:|1700691397\n|move|p2b: Urshifu|Close Combat|p1a: Regidrago\n|-damage|p1a: Regidrago|38\/100\n|-unboost|p2b: Urshifu|def|1\n|-unboost|p2b: Urshifu|spd|1\n|move|p2a: Sinistcha|Matcha Gotcha|p1a: Regidrago|[spread] p1a,p1b\n|-resisted|p1a: Regidrago\n|-damage|p1a: Regidrago|26\/100\n|-heal|p2a: Sinistcha|96\/100|[from] drain|[of] p1a: Regidrago\n|-damage|p1b: Farigiraf|0 fnt\n|-heal|p2a: Sinistcha|99\/100|[from] drain|[of] p1b: Farigiraf\n|faint|p1b: Farigiraf\n|move|p1a: Regidrago|Dragon Energy|p2a: Sinistcha|[spread] p2a,p2b\n|-damage|p2a: Sinistcha|71\/100\n|-damage|p2b: Urshifu|0 fnt\n|faint|p2b: Urshifu\n|\n|-weather|SunnyDay|[upkeep]\n|upkeep\n|\n|t:|1700691415\n|switch|p2b: Goodra|Goodra, L50, F|100\/100\n|switch|p1b: Annihilape|Annihilape, L50, F|100\/100\n|turn|5\n|\n|t:|1700691438\n|move|p2a: Sinistcha|Rage Powder|p2a: Sinistcha\n|-singleturn|p2a: Sinistcha|move: Rage Powder\n|move|p1b: Annihilape|Shadow Claw|p2a: Sinistcha\n|-supereffective|p2a: Sinistcha\n|-damage|p2a: Sinistcha|15\/100\n|-enditem|p2a: Sinistcha|Sitrus Berry|[eat]\n|-heal|p2a: Sinistcha|39\/100|[from] item: Sitrus Berry\n|move|p2b: Goodra|Dragon Pulse|p1a: Regidrago\n|-supereffective|p1a: Regidrago\n|-damage|p1a: Regidrago|0 fnt\n|faint|p1a: Regidrago\n|\n|-weather|none\n|upkeep\n|turn|6\n|\n|t:|1700691463\n|move|p1b: Annihilape|Shadow Claw|p2a: Sinistcha\n|-supereffective|p2a: Sinistcha\n|-damage|p2a: Sinistcha|0 fnt\n|faint|p2a: Sinistcha\n|move|p2b: Goodra|Scald|p1b: Annihilape\n|-crit|p1b: Annihilape\n|-damage|p1b: Annihilape|58\/100\n|\n|upkeep\n|\n|t:|1700691471\n|switch|p2a: Dragonite|Dragonite, L50, M|100\/100\n|turn|7\n|\n|t:|1700691477\n|move|p1b: Annihilape|Shadow Claw|p2a: Dragonite\n|-damage|p2a: Dragonite|84\/100\n|move|p2a: Dragonite|Aerial Ace|p1b: Annihilape\n|-supereffective|p1b: Annihilape\n|-damage|p1b: Annihilape|0 fnt\n|faint|p1b: Annihilape\n|\n|win|Bardemis\n|raw|Mr0Ross's rating: 1211 &rarr; <strong>1182<\/strong><br \/>(-29 for losing)\n|raw|Bardemis's rating: 1149 &rarr; <strong>1178<\/strong><br \/>(+29 for winning)\n|l|\u2606Mr0Ross\n","uploadtime":1700691486,"views":21,"p1id":"mr0ross","p2id":"bardemis","formatid":"gen9vgc2023regulatione","rating":1178,"private":0,"password":""}