{"id":"gen9vgc2023regulatione-1988659513","p1":"WestDevil","p2":"alezinho","format":"[Gen 9] VGC 2023 Regulation E","log":"|j|\u2606WestDevil\n|j|\u2606alezinho\n|t:|1699747319\n|gametype|doubles\n|player|p1|WestDevil|101|1406\n|player|p2|alezinho|ghetsis-gen5bw|1361\n|teamsize|p1|6\n|teamsize|p2|6\n|gen|9\n|tier|[Gen 9] VGC 2023 Regulation E\n|rated|\n|rule|Species Clause: Limit one of each Pok\u00e9mon\n|rule|Item Clause: Limit one of each item\n|clearpoke\n|poke|p1|Cresselia, L50, F|\n|poke|p1|Dondozo, L50, M|\n|poke|p1|Tatsugiri, L50, F|\n|poke|p1|Ogerpon-Hearthflame, L50, F|\n|poke|p1|Tornadus, L50, M|\n|poke|p1|Flutter Mane, L50|\n|poke|p2|Iron Hands, L50|\n|poke|p2|Landorus-Therian, L50, M|\n|poke|p2|Amoonguss, L50, F|\n|poke|p2|Farigiraf, L50, F|\n|poke|p2|Flutter Mane, L50|\n|poke|p2|Urshifu-*, L50, F|\n|teampreview|4\n|inactive|Battle timer is ON: inactive players will automatically lose when time's up. (requested by alezinho)\n|c|\u2606alezinho|glhf\nalezinho has agreed to open team sheets.\nWestDevil has agreed to open team sheets.\n|inactive|alezinho has 30 seconds left.\n|inactive|alezinho has 20 seconds left.\n|inactive|alezinho has 15 seconds left.\n|inactive|alezinho has 10 seconds left.\n|inactive|alezinho has 5 seconds left.\n|\n|t:|1699747376\n|start\n|switch|p1a: Cresselia|Cresselia, L50, F|100\/100\n|switch|p1b: Ogerpon|Ogerpon-Hearthflame, L50, F|100\/100\n|switch|p2a: Landorus|Landorus-Therian, L50, M, shiny|100\/100\n|switch|p2b: Iron Hands|Iron Hands, L50|100\/100\n|-ability|p2a: Landorus|Intimidate|boost\n|-unboost|p1a: Cresselia|atk|1\n|-unboost|p1b: Ogerpon|atk|1\n|-ability|p1b: Ogerpon|Mold Breaker\n|turn|1\n|\n|t:|1699747398\n|move|p1b: Ogerpon|Spiky Shield|p1b: Ogerpon\n|-singleturn|p1b: Ogerpon|move: Protect\n|move|p2b: Iron Hands|Fake Out|p1a: Cresselia\n|-damage|p1a: Cresselia|89\/100\n|move|p2a: Landorus|Rock Slide|p1b: Ogerpon|[spread] p1a\n|-activate|p1b: Ogerpon|move: Protect\n|-damage|p1a: Cresselia|75\/100\n|cant|p1a: Cresselia|flinch\n|\n|upkeep\n|turn|2\n|\n|t:|1699747415\n|move|p1a: Cresselia|Helping Hand|p1b: Ogerpon\n|-singleturn|p1b: Ogerpon|Helping Hand|[of] p1a: Cresselia\n|move|p2a: Landorus|Rock Slide|p1a: Cresselia|[spread] p1a,p1b\n|-supereffective|p1b: Ogerpon\n|-damage|p1a: Cresselia|62\/100\n|-damage|p1b: Ogerpon|41\/100\n|move|p1b: Ogerpon|Ivy Cudgel|p2a: Landorus\n|-damage|p2a: Landorus|30\/100\n|move|p2b: Iron Hands|Drain Punch|p1b: Ogerpon\n|-crit|p1b: Ogerpon\n|-damage|p1b: Ogerpon|0 fnt\n|faint|p1b: Ogerpon\n|\n|upkeep\n|\n|t:|1699747425\n|switch|p1b: Dondozo|Dondozo, L50, M|100\/100\n|turn|3\n|\n|t:|1699747442\n|switch|p2a: Amoonguss|Amoonguss, L50, F, shiny|100\/100\n|switch|p1a: Tatsugiri|Tatsugiri, L50, F|100\/100\n|-activate|p1a: Tatsugiri|ability: Commander|[of] p1b: Dondozo\n|-boost|p1b: Dondozo|atk|2\n|-boost|p1b: Dondozo|spa|2\n|-boost|p1b: Dondozo|spe|2\n|-boost|p1b: Dondozo|def|2\n|-boost|p1b: Dondozo|spd|2\n|-terastallize|p1b: Dondozo|Dragon\n|move|p1b: Dondozo|Order Up|p2b: Iron Hands\n|-damage|p2b: Iron Hands|53\/100\n|-boost|p1b: Dondozo|atk|1\n|move|p2b: Iron Hands|Wild Charge|p1b: Dondozo\n|-resisted|p1b: Dondozo\n|-damage|p1b: Dondozo|91\/100\n|-damage|p2b: Iron Hands|51\/100|[from] Recoil\n|\n|-heal|p1b: Dondozo|97\/100|[from] item: Leftovers\n|upkeep\n|turn|4\n|inactive|alezinho has 30 seconds left.\n|\n|t:|1699747474\n|-end|p2b: Iron Hands|Quark Drive|[silent]\n|switch|p2b: Landorus|Landorus-Therian, L50, M, shiny|30\/100\n|-ability|p2b: Landorus|Intimidate|boost\n|-unboost|p1a: Tatsugiri|atk|1\n|-unboost|p1b: Dondozo|atk|1\n|move|p1b: Dondozo|Order Up|p2a: Amoonguss\n|-damage|p2a: Amoonguss|22\/100\n|-boost|p1b: Dondozo|atk|1\n|move|p2a: Amoonguss|Spore|p1b: Dondozo\n|-status|p1b: Dondozo|slp|[from] move: Spore\n|\n|-heal|p1b: Dondozo|100\/100 slp|[from] item: Leftovers\n|upkeep\n|turn|5\n|\n|t:|1699747484\n|move|p2b: Landorus|U-turn|p1b: Dondozo\n|-damage|p1b: Dondozo|91\/100 slp\n|\n|t:|1699747487\n|switch|p2b: Urshifu|Urshifu-Rapid-Strike, L50, F|100\/100|[from] U-turn\n|cant|p1b: Dondozo|slp\n|move|p2a: Amoonguss|Giga Drain|p1b: Dondozo\n|-resisted|p1b: Dondozo\n|-damage|p1b: Dondozo|84\/100 slp\n|-heal|p2a: Amoonguss|25\/100|[from] drain|[of] p1b: Dondozo\n|\n|-heal|p1b: Dondozo|90\/100 slp|[from] item: Leftovers\n|upkeep\n|turn|6\n|\n|t:|1699747500\n|cant|p1b: Dondozo|slp\n|move|p2b: Urshifu|Swords Dance|p2b: Urshifu\n|-boost|p2b: Urshifu|atk|2\n|move|p2a: Amoonguss|Giga Drain|p1b: Dondozo\n|-resisted|p1b: Dondozo\n|-damage|p1b: Dondozo|84\/100 slp\n|-heal|p2a: Amoonguss|29\/100|[from] drain|[of] p1b: Dondozo\n|\n|-heal|p1b: Dondozo|90\/100 slp|[from] item: Leftovers\n|upkeep\n|turn|7\n|\n|t:|1699747508\n|-terastallize|p2b: Urshifu|Water\n|cant|p1b: Dondozo|slp\n|move|p2b: Urshifu|Surging Strikes|p1b: Dondozo\n|-resisted|p1b: Dondozo\n|-crit|p1b: Dondozo\n|-damage|p1b: Dondozo|80\/100 slp\n|-resisted|p1b: Dondozo\n|-crit|p1b: Dondozo\n|-damage|p1b: Dondozo|69\/100 slp\n|-resisted|p1b: Dondozo\n|-crit|p1b: Dondozo\n|-damage|p1b: Dondozo|58\/100 slp\n|-hitcount|p1b: Dondozo|3\n|move|p2a: Amoonguss|Spore|p1b: Dondozo\n|-fail|p1b: Dondozo|slp\n|\n|-heal|p1b: Dondozo|64\/100 slp|[from] item: Leftovers\n|upkeep\n|turn|8\n|\n|t:|1699747527\n|-curestatus|p1b: Dondozo|slp|[msg]\n|move|p1b: Dondozo|Order Up|p2a: Amoonguss\n|-damage|p2a: Amoonguss|0 fnt\n|faint|p2a: Amoonguss\n|-boost|p1b: Dondozo|atk|1\n|move|p2b: Urshifu|Surging Strikes|p1b: Dondozo\n|-resisted|p1b: Dondozo\n|-crit|p1b: Dondozo\n|-damage|p1b: Dondozo|53\/100\n|-resisted|p1b: Dondozo\n|-crit|p1b: Dondozo\n|-damage|p1b: Dondozo|42\/100\n|-resisted|p1b: Dondozo\n|-crit|p1b: Dondozo\n|-damage|p1b: Dondozo|30\/100\n|-hitcount|p1b: Dondozo|3\n|\n|-heal|p1b: Dondozo|36\/100|[from] item: Leftovers\n|upkeep\n|\n|t:|1699747535\n|switch|p2a: Iron Hands|Iron Hands, L50|51\/100\n|turn|9\n|\n|t:|1699747551\n|-end|p2a: Iron Hands|Quark Drive|[silent]\n|switch|p2a: Landorus|Landorus-Therian, L50, M, shiny|30\/100\n|-ability|p2a: Landorus|Intimidate|boost\n|-unboost|p1a: Tatsugiri|atk|1\n|-unboost|p1b: Dondozo|atk|1\n|move|p1b: Dondozo|Protect|p1b: Dondozo\n|-singleturn|p1b: Dondozo|Protect\n|move|p2b: Urshifu|Swords Dance|p2b: Urshifu\n|-boost|p2b: Urshifu|atk|2\n|\n|-heal|p1b: Dondozo|42\/100|[from] item: Leftovers\n|upkeep\n|turn|10\n|\n|t:|1699747561\n|move|p2b: Urshifu|Protect|p2b: Urshifu\n|-singleturn|p2b: Urshifu|Protect\n|move|p2a: Landorus|U-turn|p1b: Dondozo\n|-damage|p1b: Dondozo|32\/100\n|\n|t:|1699747566\n|switch|p2a: Iron Hands|Iron Hands, L50|51\/100|[from] U-turn\n|move|p1b: Dondozo|Order Up|p2b: Urshifu\n|-activate|p2b: Urshifu|move: Protect\n|\n|-heal|p1b: Dondozo|38\/100|[from] item: Leftovers\n|upkeep\n|turn|11\n|\n|t:|1699747581\n|move|p1b: Dondozo|Protect|p1b: Dondozo\n|-singleturn|p1b: Dondozo|Protect\n|move|p2a: Iron Hands|Fake Out|p1b: Dondozo\n|-activate|p1b: Dondozo|move: Protect\n|move|p2b: Urshifu|Surging Strikes|p1b: Dondozo\n|-resisted|p1b: Dondozo\n|-crit|p1b: Dondozo\n|-damage|p1b: Dondozo|26\/100\n|-resisted|p1b: Dondozo\n|-crit|p1b: Dondozo\n|-damage|p1b: Dondozo|15\/100\n|-resisted|p1b: Dondozo\n|-crit|p1b: Dondozo\n|-damage|p1b: Dondozo|3\/100\n|-hitcount|p1b: Dondozo|3\n|\n|-heal|p1b: Dondozo|9\/100|[from] item: Leftovers\n|upkeep\n|turn|12\n|\n|t:|1699747598\n|move|p2b: Urshifu|Protect|p2b: Urshifu\n|-singleturn|p2b: Urshifu|Protect\n|move|p1b: Dondozo|Order Up|p2a: Iron Hands\n|-damage|p2a: Iron Hands|0 fnt\n|faint|p2a: Iron Hands\n|-end|p2a: Iron Hands|Quark Drive|[silent]\n|-boost|p1b: Dondozo|atk|1\n|\n|-heal|p1b: Dondozo|15\/100|[from] item: Leftovers\n|upkeep\n|\n|t:|1699747603\n|switch|p2a: Landorus|Landorus-Therian, L50, M, shiny|30\/100\n|-ability|p2a: Landorus|Intimidate|boost\n|-unboost|p1a: Tatsugiri|atk|1\n|-unboost|p1b: Dondozo|atk|1\n|turn|13\n|\n|t:|1699747613\n|move|p2b: Urshifu|Protect|p2b: Urshifu\n|-singleturn|p2b: Urshifu|Protect\n|move|p2a: Landorus|Stomping Tantrum|p1b: Dondozo\n|-damage|p1b: Dondozo|0 fnt\n|faint|p1b: Dondozo\n|\n|upkeep\n|\n|t:|1699747619\n|switch|p1b: Cresselia|Cresselia, L50, F|62\/100\n|turn|14\n|c|\u2606WestDevil|yep\n|\n|t:|1699747637\n|move|p1a: Tatsugiri|Draco Meteor|p2b: Urshifu\n|-damage|p2b: Urshifu|3\/100\n|-unboost|p1a: Tatsugiri|spa|2\n|move|p2a: Landorus|Stomping Tantrum|p1a: Tatsugiri\n|-crit|p1a: Tatsugiri\n|-damage|p1a: Tatsugiri|0 fnt\n|faint|p1a: Tatsugiri\n|move|p2b: Urshifu|Surging Strikes|p1b: Cresselia\n|-crit|p1b: Cresselia\n|-damage|p1b: Cresselia|1\/100\n|-crit|p1b: Cresselia\n|-damage|p1b: Cresselia|0 fnt\n|faint|p1b: Cresselia\n|-hitcount|p1: Cresselia|2\n|\n|win|alezinho\n|raw|WestDevil's rating: 1406 &rarr; <strong>1383<\/strong><br \/>(-23 for losing)\n|raw|alezinho's rating: 1361 &rarr; <strong>1384<\/strong><br \/>(+23 for winning)\n|c|\u2606alezinho|that crit mattered\n|c|\u2606alezinho|gg\n","uploadtime":1699747657,"views":19,"p1id":"westdevil","p2id":"alezinho","formatid":"gen9vgc2023regulatione","rating":1383,"private":0,"password":""}