{"id":"gen9vgc2023regulatione-1999465303","p1":"hffhgdgh","p2":"whyismynamejeff","format":"[Gen 9] VGC 2023 Regulation E","log":"|j|\u2606hffhgdgh\n|j|\u2606whyismynamejeff\n|t:|1701084728\n|gametype|doubles\n|player|p1|hffhgdgh|2|1000\n|player|p2|whyismynamejeff|colress|1012\n|teamsize|p1|6\n|teamsize|p2|6\n|gen|9\n|tier|[Gen 9] VGC 2023 Regulation E\n|rated|\n|rule|Species Clause: Limit one of each Pok\u00e9mon\n|rule|Item Clause: Limit one of each item\n|clearpoke\n|poke|p1|Sneasler, L50, F|\n|poke|p1|Cresselia, L50, F|\n|poke|p1|Landorus-Therian, L50, M|\n|poke|p1|Zoroark-Hisui, L50, F|\n|poke|p1|Dragapult, L50, M|\n|poke|p1|Ursaluna-Bloodmoon, L50, M|\n|poke|p2|Ogerpon-Wellspring, L50, F|\n|poke|p2|Regieleki, L50|\n|poke|p2|Indeedee-F, L50, F|\n|poke|p2|Tornadus, L50, M|\n|poke|p2|Chi-Yu, L50|\n|poke|p2|Flutter Mane, L50|\n|teampreview|4\n|inactive|Battle timer is ON: inactive players will automatically lose when time's up. (requested by hffhgdgh)\n|\n|t:|1701084762\n|start\n|switch|p1a: Ursaluna|Ursaluna-Bloodmoon, L50, M|100\/100\n|switch|p1b: Dragapult|Dragapult, L50, M|100\/100\n|switch|p2a: Chi-Yu|Chi-Yu, L50|100\/100\n|switch|p2b: Regieleki|Regieleki, L50|100\/100\n|-ability|p2a: Chi-Yu|Beads of Ruin\n|turn|1\n|inactive|hffhgdgh has 30 seconds left.\n|inactive|hffhgdgh has 20 seconds left.\n|inactive|hffhgdgh has 15 seconds left.\n|inactive|hffhgdgh has 10 seconds left.\n|inactive|hffhgdgh has 5 seconds left.\n|\n|t:|1701084813\n|-terastallize|p2b: Regieleki|Ice\n|move|p2b: Regieleki|Tera Blast|p1a: Ursaluna|[anim] Tera Blast Ice\n|-damage|p1a: Ursaluna|8\/100\n|replace|p1a: Zoroark|Zoroark-Hisui, L50, F\n|-end|p1a: Zoroark|Illusion\n|move|p1b: Dragapult|Dragon Darts|p2a: Chi-Yu\n|-damage|p2a: Chi-Yu|41\/100\n|-anim|p1b: Dragapult|Dragon Darts|p2b: Regieleki\n|-damage|p2b: Regieleki|47\/100\n|move|p1a: Zoroark|Hyper Voice|p2b: Regieleki|[spread] p2a,p2b\n|-damage|p2a: Chi-Yu|0 fnt\n|-damage|p2b: Regieleki|0 fnt\n|faint|p2a: Chi-Yu\n|faint|p2b: Regieleki\n|\n|upkeep\n|c|\u2606whyismynamejeff|wha\n|\n|t:|1701084831\n|switch|p2b: Flutter Mane|Flutter Mane, L50|100\/100\n|switch|p2a: Ogerpon|Ogerpon-Wellspring, L50, F|100\/100\n|turn|2\n|\n|t:|1701084837\n|move|p2a: Ogerpon|Spiky Shield|p2a: Ogerpon\n|-singleturn|p2a: Ogerpon|move: Protect\n|move|p1b: Dragapult|Dragon Darts|p2a: Ogerpon\n|-immune|p2b: Flutter Mane\n|move|p2b: Flutter Mane|Dazzling Gleam|p1b: Dragapult|[spread] p1a,p1b\n|-supereffective|p1b: Dragapult\n|-crit|p1b: Dragapult\n|-damage|p1a: Zoroark|0 fnt\n|-damage|p1b: Dragapult|0 fnt\n|faint|p1a: Zoroark\n|faint|p1b: Dragapult\n|\n|upkeep\n|\n|t:|1701084841\n|switch|p1b: Landorus|Landorus-Therian, L50, M|100\/100\n|switch|p1a: Ursaluna|Ursaluna-Bloodmoon, L50, M|100\/100\n|-ability|p1b: Landorus|Intimidate|boost\n|-unboost|p2a: Ogerpon|atk|1\n|-unboost|p2b: Flutter Mane|atk|1\n|turn|3\n|inactive|hffhgdgh has 30 seconds left.\n|\n|t:|1701084866\n|-terastallize|p1b: Landorus|Poison\n|move|p1a: Ursaluna|Protect|p1a: Ursaluna\n|-singleturn|p1a: Ursaluna|Protect\n|move|p2b: Flutter Mane|Moonblast|p1a: Ursaluna\n|-activate|p1a: Ursaluna|move: Protect\n|move|p2a: Ogerpon|Swords Dance|p2a: Ogerpon\n|-boost|p2a: Ogerpon|atk|2\n|move|p1b: Landorus|Earthquake|p2a: Ogerpon|[spread] p2a,p2b\n|-activate|p1a: Ursaluna|move: Protect\n|-resisted|p2a: Ogerpon\n|-damage|p2a: Ogerpon|79\/100\n|-damage|p2b: Flutter Mane|12\/100\n|\n|upkeep\n|turn|4\n|\n|t:|1701084893\n|move|p2a: Ogerpon|Spiky Shield|p2a: Ogerpon\n|-singleturn|p2a: Ogerpon|move: Protect\n|move|p2b: Flutter Mane|Moonblast|p1b: Landorus\n|-resisted|p1b: Landorus\n|-crit|p1b: Landorus\n|-damage|p1b: Landorus|80\/100\n|-unboost|p1b: Landorus|spa|1\n|move|p1b: Landorus|U-turn|p2a: Ogerpon\n|-activate|p2a: Ogerpon|move: Protect\n|-damage|p1b: Landorus|68\/100|[from] Spiky Shield|[of] p2a: Ogerpon\n|move|p1a: Ursaluna|Hyper Voice|p2a: Ogerpon|[spread] p2b\n|-activate|p2a: Ogerpon|move: Protect\n|-damage|p2b: Flutter Mane|0 fnt\n|faint|p2b: Flutter Mane\n|-end|p2b: Flutter Mane|Protosynthesis|[silent]\n|-enditem|p1a: Ursaluna|Throat Spray\n|-boost|p1a: Ursaluna|spa|1|[from] item: Throat Spray\n|\n|upkeep\n|turn|5\n|\n|t:|1701084910\n|move|p2a: Ogerpon|Ivy Cudgel|p1a: Ursaluna|[anim] Ivy Cudgel Water\n|-supereffective|p1a: Ursaluna\n|-damage|p1a: Ursaluna|0 fnt\n|faint|p1a: Ursaluna\n|move|p1b: Landorus|U-turn|p2a: Ogerpon\n|-supereffective|p2a: Ogerpon\n|-damage|p2a: Ogerpon|20\/100\n|\n|upkeep\n|turn|6\n|inactive|whyismynamejeff has 30 seconds left.\n|inactive|whyismynamejeff has 20 seconds left.\n|inactive|whyismynamejeff has 15 seconds left.\n|\n|t:|1701084954\n|move|p2a: Ogerpon|Ivy Cudgel|p1b: Landorus|[anim] Ivy Cudgel Water\n|-damage|p1b: Landorus|0 fnt\n|faint|p1b: Landorus\n|\n|win|whyismynamejeff\n|raw|hffhgdgh's rating: 1000 &rarr; <strong>1000<\/strong><br \/>(+0 for losing)\n|raw|whyismynamejeff's rating: 1012 &rarr; <strong>1049<\/strong><br \/>(+37 for winning)\n|c|\u2606whyismynamejeff|ran the calcs\n","uploadtime":1701084967,"views":5,"p1id":"hffhgdgh","p2id":"whyismynamejeff","formatid":"gen9vgc2023regulatione","rating":1000,"private":0,"password":""}