{"id":"gen9vgc2023regulatione-1996390973","p1":"Aizen94","p2":"KingMooshroom17","format":"[Gen 9] VGC 2023 Regulation E","log":"|j|\u2606Aizen94\n|j|\u2606KingMooshroom17\n|t:|1700677546\n|gametype|doubles\n|player|p1|Aizen94|lucas|1307\n|player|p2|KingMooshroom17|hilbert|1319\n|teamsize|p1|6\n|teamsize|p2|6\n|gen|9\n|tier|[Gen 9] VGC 2023 Regulation E\n|rated|\n|rule|Species Clause: Limit one of each Pok\u00e9mon\n|rule|Item Clause: Limit one of each item\n|clearpoke\n|poke|p1|Flutter Mane, L50|\n|poke|p1|Tornadus, L50, M|\n|poke|p1|Arcanine-Hisui, L50, F|\n|poke|p1|Iron Hands, L50|\n|poke|p1|Urshifu-*, L50, M|\n|poke|p1|Amoonguss, L50, F|\n|poke|p2|Iron Hands, L50|\n|poke|p2|Sinistcha-Masterpiece, L50|\n|poke|p2|Arcanine, L50, M|\n|poke|p2|Golem, L50, F|\n|poke|p2|Iron Bundle, L50|\n|poke|p2|Ursaluna-Bloodmoon, L50, M|\n|teampreview|4\nKingMooshroom17 rejected open team sheets.\n|inactive|Battle timer is ON: inactive players will automatically lose when time's up. (requested by Aizen94)\n|inactive|KingMooshroom17 has 60 seconds left.\n|\n|t:|1700677596\n|start\n|switch|p1a: Tornadus|Tornadus, L50, M|100\/100\n|switch|p1b: Arcanine|Arcanine-Hisui, L50, F|100\/100\n|switch|p2a: Punchy Rock|Golem, L50, F|100\/100\n|switch|p2b: Sinistcha|Sinistcha-Masterpiece, L50|100\/100\n|-ability|p1b: Arcanine|Intimidate|boost\n|-unboost|p2a: Punchy Rock|atk|1\n|-unboost|p2b: Sinistcha|atk|1\n|turn|1\n|inactive|Aizen94 has 30 seconds left.\n|\n|t:|1700677622\n|switch|p2a: Iron Hands|Iron Hands, L50|100\/100\n|-terastallize|p1b: Arcanine|Fairy\n|move|p2b: Sinistcha|Protect|p2b: Sinistcha\n|-singleturn|p2b: Sinistcha|Protect\n|move|p1a: Tornadus|Tailwind|p1a: Tornadus\n|-sidestart|p1: Aizen94|move: Tailwind\n|move|p1b: Arcanine|Flare Blitz|p2b: Sinistcha\n|-activate|p2b: Sinistcha|move: Protect\n|\n|upkeep\n|turn|2\n|\n|t:|1700677641\n|switch|p2b: Ursaluna|Ursaluna-Bloodmoon, L50, M|100\/100\n|move|p2a: Iron Hands|Fake Out|p1a: Tornadus\n|-damage|p1a: Tornadus|79\/100\n|move|p1a: Tornadus|Rain Dance|p1a: Tornadus\n|-weather|RainDance\n|move|p1b: Arcanine|Flare Blitz|p2b: Ursaluna\n|-damage|p2b: Ursaluna|65\/100\n|-damage|p1b: Arcanine|86\/100|[from] Recoil\n|\n|-weather|RainDance|[upkeep]\n|upkeep\n|turn|3\n|inactive|KingMooshroom17 has 30 seconds left.\n|\n|t:|1700677669\n|move|p1a: Tornadus|Bleakwind Storm|p2a: Iron Hands|[spread] p2a,p2b\n|-damage|p2a: Iron Hands|77\/100\n|-damage|p2b: Ursaluna|25\/100\n|-unboost|p2a: Iron Hands|spe|1\n|move|p1b: Arcanine|Flare Blitz|p2b: Ursaluna\n|-damage|p2b: Ursaluna|0 fnt\n|faint|p2b: Ursaluna\n|-damage|p1b: Arcanine|76\/100|[from] Recoil\n|move|p2a: Iron Hands|Heavy Slam|p1b: Arcanine\n|-supereffective|p1b: Arcanine\n|-damage|p1b: Arcanine|22\/100\n|\n|-weather|RainDance|[upkeep]\n|upkeep\n|\n|t:|1700677683\n|switch|p2b: Sinistcha|Sinistcha-Masterpiece, L50|100\/100\n|-heal|p2a: Iron Hands|100\/100|[from] ability: Hospitality|[of] p2b: Sinistcha\n|turn|4\n|\n|t:|1700677693\n|move|p2b: Sinistcha|Protect|p2b: Sinistcha\n|-singleturn|p2b: Sinistcha|Protect\n|move|p1a: Tornadus|Bleakwind Storm|p2a: Iron Hands|[spread] p2a\n|-activate|p2b: Sinistcha|move: Protect\n|-damage|p2a: Iron Hands|77\/100\n|move|p1b: Arcanine|Flare Blitz|p2b: Sinistcha\n|-activate|p2b: Sinistcha|move: Protect\n|move|p2a: Iron Hands|Heavy Slam|p1b: Arcanine\n|-supereffective|p1b: Arcanine\n|-damage|p1b: Arcanine|0 fnt\n|faint|p1b: Arcanine\n|\n|-weather|RainDance|[upkeep]\n|-sideend|p1: Aizen94|move: Tailwind\n|upkeep\n|\n|t:|1700677709\n|switch|p1b: Urshifu|Urshifu-Rapid-Strike, L50, M|100\/100\n|turn|5\n|inactive|KingMooshroom17 has 30 seconds left.\n|\n|t:|1700677734\n|move|p1b: Urshifu|Detect|p1b: Urshifu\n|-singleturn|p1b: Urshifu|Protect\n|move|p1a: Tornadus|Bleakwind Storm|p2a: Iron Hands|[spread] p2a,p2b\n|-supereffective|p2b: Sinistcha\n|-damage|p2a: Iron Hands|56\/100\n|-damage|p2b: Sinistcha|35\/100\n|move|p2a: Iron Hands|Wild Charge|p1b: Urshifu\n|-activate|p1b: Urshifu|move: Protect\n|move|p2b: Sinistcha|Trick Room|p2b: Sinistcha\n|-fieldstart|move: Trick Room|[of] p2b: Sinistcha\n|\n|-weather|RainDance|[upkeep]\n|upkeep\n|turn|6\n|\n|t:|1700677755\n|move|p2a: Iron Hands|Wild Charge|p1b: Urshifu\n|-supereffective|p1b: Urshifu\n|-damage|p1b: Urshifu|0 fnt\n|faint|p1b: Urshifu\n|-damage|p2a: Iron Hands|40\/100|[from] Recoil\n|move|p2b: Sinistcha|Matcha Gotcha|p1a: Tornadus\n|-resisted|p1a: Tornadus\n|-damage|p1a: Tornadus|59\/100\n|-heal|p2b: Sinistcha|46\/100|[from] drain|[of] p1a: Tornadus\n|move|p1a: Tornadus|Bleakwind Storm|p2b: Sinistcha|[spread] p2a,p2b\n|-supereffective|p2b: Sinistcha\n|-damage|p2a: Iron Hands|16\/100\n|-damage|p2b: Sinistcha|0 fnt\n|faint|p2b: Sinistcha\n|\n|-weather|none\n|upkeep\n|\n|t:|1700677772\n|switch|p2b: Punchy Rock|Golem, L50, F|100\/100\n|switch|p1b: Flutter Mane|Flutter Mane, L50|100\/100\n|-enditem|p1b: Flutter Mane|Booster Energy\n|-activate|p1b: Flutter Mane|ability: Protosynthesis|[fromitem]\n|-start|p1b: Flutter Mane|protosynthesisspa\n|turn|7\n|inactive|KingMooshroom17 has 30 seconds left.\n|\n|t:|1700677806\n|-terastallize|p2b: Punchy Rock|Normal\n|move|p1b: Flutter Mane|Protect|p1b: Flutter Mane\n|-singleturn|p1b: Flutter Mane|Protect\n|move|p2a: Iron Hands|Heavy Slam|p1b: Flutter Mane\n|-activate|p1b: Flutter Mane|move: Protect\n|move|p2b: Punchy Rock|Rock Slide|p1a: Tornadus|[spread] p1a\n|-activate|p1b: Flutter Mane|move: Protect\n|-supereffective|p1a: Tornadus\n|-damage|p1a: Tornadus|0 fnt\n|faint|p1a: Tornadus\n|\n|upkeep\n|turn|8\n|-message|Aizen94 forfeited.\n|\n|win|KingMooshroom17\n|raw|Aizen94's rating: 1307 &rarr; <strong>1288<\/strong><br \/>(-19 for losing)\n|raw|KingMooshroom17's rating: 1319 &rarr; <strong>1338<\/strong><br \/>(+19 for winning)\n|l|\u2606Aizen94\n","uploadtime":1700677829,"views":8,"p1id":"aizen94","p2id":"kingmooshroom17","formatid":"gen9vgc2023regulatione","rating":1288,"private":0,"password":""}