{"id":"gen9vgc2023regulatione-1998140761","p1":"emiya1.0","p2":"OG Cream AU","format":"[Gen 9] VGC 2023 Regulation E","log":"|j|\u2606emiya1.0\n|j|\u2606OG Cream AU\n|t:|1700899087\n|gametype|doubles\n|player|p1|emiya1.0|swimmerf-gen4dp|1402\n|player|p2|OG Cream AU|worker-gen4|1357\n|teamsize|p1|6\n|teamsize|p2|6\n|gen|9\n|tier|[Gen 9] VGC 2023 Regulation E\n|rated|\n|rule|Species Clause: Limit one of each Pok\u00e9mon\n|rule|Item Clause: Limit one of each item\n|clearpoke\n|poke|p1|Scream Tail, L50|\n|poke|p1|Ogerpon-Cornerstone, L50, F|\n|poke|p1|Chien-Pao, L50|\n|poke|p1|Flutter Mane, L50|\n|poke|p1|Farigiraf, L50, F|\n|poke|p1|Urshifu-*, L50, M|\n|poke|p2|Heatran, L50, M|\n|poke|p2|Iron Bundle, L50|\n|poke|p2|Rillaboom, L50, M|\n|poke|p2|Flutter Mane, L50|\n|poke|p2|Landorus-Therian, L50, M|\n|poke|p2|Iron Hands, L50|\n|teampreview|4\nemiya1.0 has agreed to open team sheets.\n|inactive|Battle timer is ON: inactive players will automatically lose when time's up. (requested by emiya1.0)\n|inactive|OG Cream AU has 60 seconds left.\n|\n|t:|1700899142\n|start\n|switch|p1a: \u53e3\u4ea4\u5c3e|Scream Tail, L50, shiny|100\/100\n|switch|p1b: \u963f\u96c4|Urshifu-Rapid-Strike, L50, M|100\/100\n|switch|p2a: Rillaboom|Rillaboom, L50, M|100\/100\n|switch|p2b: Iron Hands|Iron Hands, L50|100\/100\n|-fieldstart|move: Grassy Terrain|[from] ability: Grassy Surge|[of] p2a: Rillaboom\n|-enditem|p1a: \u53e3\u4ea4\u5c3e|Booster Energy\n|-activate|p1a: \u53e3\u4ea4\u5c3e|ability: Protosynthesis|[fromitem]\n|-start|p1a: \u53e3\u4ea4\u5c3e|protosynthesisspe\n|turn|1\n|\n|t:|1700899160\n|move|p2a: Rillaboom|Fake Out|p1b: \u963f\u96c4\n|-damage|p1b: \u963f\u96c4|85\/100\n|move|p2b: Iron Hands|Fake Out|p1a: \u53e3\u4ea4\u5c3e\n|-damage|p1a: \u53e3\u4ea4\u5c3e|88\/100\n|cant|p1a: \u53e3\u4ea4\u5c3e|flinch\n|cant|p1b: \u963f\u96c4|flinch\n|\n|-heal|p1a: \u53e3\u4ea4\u5c3e|94\/100|[from] Grassy Terrain\n|-heal|p1b: \u963f\u96c4|91\/100|[from] Grassy Terrain\n|upkeep\n|turn|2\n|\n|t:|1700899185\n|move|p1a: \u53e3\u4ea4\u5c3e|Howl|p1a: \u53e3\u4ea4\u5c3e|[spread] p1a,p1b\n|-boost|p1a: \u53e3\u4ea4\u5c3e|atk|1\n|-boost|p1b: \u963f\u96c4|atk|1\n|move|p1b: \u963f\u96c4|U-turn|p2a: Rillaboom\n|-supereffective|p2a: Rillaboom\n|-damage|p2a: Rillaboom|17\/100\n|\n|t:|1700899197\n|switch|p1b: \u5713\u6708\u51b0\u8f2a\u5200|Chien-Pao, L50|100\/100|[from] U-turn\n|-ability|p1b: \u5713\u6708\u51b0\u8f2a\u5200|Sword of Ruin\n|move|p2a: Rillaboom|Wood Hammer|p1b: \u5713\u6708\u51b0\u8f2a\u5200\n|-enditem|p1b: \u5713\u6708\u51b0\u8f2a\u5200|Focus Sash\n|-damage|p1b: \u5713\u6708\u51b0\u8f2a\u5200|1\/100\n|-damage|p2a: Rillaboom|0 fnt|[from] Recoil\n|faint|p2a: Rillaboom\n|move|p2b: Iron Hands|Heavy Slam|p1a: \u53e3\u4ea4\u5c3e\n|-supereffective|p1a: \u53e3\u4ea4\u5c3e\n|-damage|p1a: \u53e3\u4ea4\u5c3e|2\/100\n|\n|-heal|p1a: \u53e3\u4ea4\u5c3e|8\/100|[from] Grassy Terrain\n|-heal|p1b: \u5713\u6708\u51b0\u8f2a\u5200|7\/100|[from] Grassy Terrain\n|upkeep\n|\n|t:|1700899218\n|switch|p2a: Landorus|Landorus-Therian, L50, M|100\/100\n|-ability|p2a: Landorus|Intimidate|boost\n|-unboost|p1a: \u53e3\u4ea4\u5c3e|atk|1\n|-unboost|p1b: \u5713\u6708\u51b0\u8f2a\u5200|atk|1\n|turn|3\n|inactive|OG Cream AU has 30 seconds left.\n|\n|t:|1700899246\n|move|p1a: \u53e3\u4ea4\u5c3e|Rock Tomb|p2a: Landorus\n|-damage|p2a: Landorus|84\/100\n|-unboost|p2a: Landorus|spe|1\n|move|p1b: \u5713\u6708\u51b0\u8f2a\u5200|Ice Spinner|p2a: Landorus\n|-supereffective|p2a: Landorus\n|-damage|p2a: Landorus|0 fnt\n|-fieldend|move: Grassy Terrain\n|faint|p2a: Landorus\n|move|p2b: Iron Hands|Wild Charge|p1a: \u53e3\u4ea4\u5c3e\n|-damage|p1a: \u53e3\u4ea4\u5c3e|0 fnt\n|faint|p1a: \u53e3\u4ea4\u5c3e\n|-end|p1a: \u53e3\u4ea4\u5c3e|Protosynthesis|[silent]\n|-damage|p2b: Iron Hands|99\/100|[from] Recoil\n|\n|upkeep\n|\n|t:|1700899261\n|switch|p1a: \u90a3\u4e5f\u6c92\u8fa6\u9aee|Flutter Mane, L50|100\/100\n|switch|p2a: Flutter Mane|Flutter Mane, L50|100\/100\n|turn|4\n|\n|t:|1700899283\n|-terastallize|p1a: \u90a3\u4e5f\u6c92\u8fa6\u9aee|Fairy\n|-terastallize|p2a: Flutter Mane|Fairy\n|move|p1b: \u5713\u6708\u51b0\u8f2a\u5200|Sucker Punch|p2a: Flutter Mane\n|-resisted|p2a: Flutter Mane\n|-damage|p2a: Flutter Mane|75\/100\n|move|p1a: \u90a3\u4e5f\u6c92\u8fa6\u9aee|Dazzling Gleam|p2a: Flutter Mane|[spread] p2a,p2b\n|-supereffective|p2b: Iron Hands\n|-damage|p2a: Flutter Mane|7\/100\n|-damage|p2b: Iron Hands|40\/100\n|move|p2a: Flutter Mane|Dazzling Gleam|p1b: \u5713\u6708\u51b0\u8f2a\u5200|[spread] p1a,p1b\n|-supereffective|p1b: \u5713\u6708\u51b0\u8f2a\u5200\n|-damage|p1a: \u90a3\u4e5f\u6c92\u8fa6\u9aee|36\/100\n|-damage|p1b: \u5713\u6708\u51b0\u8f2a\u5200|0 fnt\n|faint|p1b: \u5713\u6708\u51b0\u8f2a\u5200\n|move|p2b: Iron Hands|Heavy Slam|p1a: \u90a3\u4e5f\u6c92\u8fa6\u9aee\n|-supereffective|p1a: \u90a3\u4e5f\u6c92\u8fa6\u9aee\n|-damage|p1a: \u90a3\u4e5f\u6c92\u8fa6\u9aee|0 fnt\n|faint|p1a: \u90a3\u4e5f\u6c92\u8fa6\u9aee\n|-end|p1a: \u90a3\u4e5f\u6c92\u8fa6\u9aee|Protosynthesis|[silent]\n|\n|upkeep\n|\n|t:|1700899297\n|switch|p1b: \u963f\u96c4|Urshifu-Rapid-Strike, L50, M|91\/100\n|turn|5\n|\n|t:|1700899309\n|move|p1b: \u963f\u96c4|Surging Strikes|p2a: Flutter Mane\n|-crit|p2a: Flutter Mane\n|-damage|p2a: Flutter Mane|0 fnt\n|faint|p2a: Flutter Mane\n|-end|p2a: Flutter Mane|Protosynthesis|[silent]\n|-hitcount|p2: Flutter Mane|1\n|move|p2b: Iron Hands|Wild Charge|p1b: \u963f\u96c4\n|-supereffective|p1b: \u963f\u96c4\n|-damage|p1b: \u963f\u96c4|0 fnt\n|faint|p1b: \u963f\u96c4\n|-damage|p2b: Iron Hands|22\/100|[from] Recoil\n|\n|win|OG Cream AU\n|raw|emiya1.0's rating: 1402 &rarr; <strong>1379<\/strong><br \/>(-23 for losing)\n|raw|OG Cream AU's rating: 1357 &rarr; <strong>1380<\/strong><br \/>(+23 for winning)\n|l|\u2606emiya1.0\n","uploadtime":1700899363,"views":13,"p1id":"emiya10","p2id":"ogcreamau","formatid":"gen9vgc2023regulatione","rating":1379,"private":0,"password":""}