{"id":"gen9vgc2023regulatione-1990000787","p1":"Leetextreme","p2":"Chai Latte","format":"[Gen 9] VGC 2023 Regulation E","log":"|j|\u2606Leetextreme\n|j|\u2606Chai Latte\n|t:|1699914139\n|gametype|doubles\n|player|p1|Leetextreme|scientist-gen4dp|1331\n|player|p2|Chai Latte|blue|1369\n|teamsize|p1|6\n|teamsize|p2|6\n|gen|9\n|tier|[Gen 9] VGC 2023 Regulation E\n|rated|\n|rule|Species Clause: Limit one of each Pok\u00e9mon\n|rule|Item Clause: Limit one of each item\n|clearpoke\n|poke|p1|Heatran, L50, M|\n|poke|p1|Scream Tail, L50|\n|poke|p1|Cresselia, L50, F|\n|poke|p1|Ogerpon-Wellspring, L50, F|\n|poke|p1|Ting-Lu, L50|\n|poke|p1|Dragonite, L50, M|\n|poke|p2|Ogerpon-Cornerstone, L50, F|\n|poke|p2|Tyranitar, L50, F|\n|poke|p2|Houndstone, L50, M|\n|poke|p2|Tornadus, L50, M|\n|poke|p2|Flutter Mane, L50|\n|poke|p2|Goodra-Hisui, L50, F|\n|teampreview|4\nLeetextreme has agreed to open team sheets.\nChai Latte has agreed to open team sheets.\n|\n|t:|1699914182\n|start\n|switch|p1a: Cresselia|Cresselia, L50, F|100\/100\n|switch|p1b: Ting-Lu|Ting-Lu, L50|100\/100\n|switch|p2a: Tyranitar|Tyranitar, L50, F|100\/100\n|switch|p2b: Flutter Mane|Flutter Mane, L50|100\/100\n|-weather|Sandstorm|[from] ability: Sand Stream|[of] p2a: Tyranitar\n|-ability|p1b: Ting-Lu|Vessel of Ruin\n|-enditem|p2b: Flutter Mane|Booster Energy\n|-activate|p2b: Flutter Mane|ability: Protosynthesis|[fromitem]\n|-start|p2b: Flutter Mane|protosynthesisspa\n|turn|1\n|\n|t:|1699914197\n|-terastallize|p1a: Cresselia|Poison\n|move|p1b: Ting-Lu|Protect|p1b: Ting-Lu\n|-singleturn|p1b: Ting-Lu|Protect\n|move|p2b: Flutter Mane|Dazzling Gleam|p1b: Ting-Lu|[spread] p1a\n|-activate|p1b: Ting-Lu|move: Protect\n|-resisted|p1a: Cresselia\n|-damage|p1a: Cresselia|89\/100\n|move|p2a: Tyranitar|Knock Off|p1a: Cresselia\n|-damage|p1a: Cresselia|60\/100\n|-enditem|p1a: Cresselia|Mental Herb|[from] move: Knock Off|[of] p2a: Tyranitar\n|move|p1a: Cresselia|Trick Room|p1a: Cresselia\n|-fieldstart|move: Trick Room|[of] p1a: Cresselia\n|\n|-weather|Sandstorm|[upkeep]\n|-damage|p1a: Cresselia|54\/100|[from] Sandstorm\n|-damage|p2b: Flutter Mane|95\/100|[from] Sandstorm\n|upkeep\n|turn|2\n|\n|t:|1699914228\n|move|p2b: Flutter Mane|Protect|p2b: Flutter Mane\n|-singleturn|p2b: Flutter Mane|Protect\n|move|p1b: Ting-Lu|Heavy Slam|p2b: Flutter Mane\n|-activate|p2b: Flutter Mane|move: Protect\n|move|p1a: Cresselia|Lunar Blessing|p1a: Cresselia|[spread] p1a,p1b\n|-heal|p1a: Cresselia|79\/100\n|move|p2a: Tyranitar|Dragon Dance|p2a: Tyranitar\n|-boost|p2a: Tyranitar|atk|1\n|-boost|p2a: Tyranitar|spe|1\n|\n|-weather|Sandstorm|[upkeep]\n|-damage|p1a: Cresselia|73\/100|[from] Sandstorm\n|-damage|p2b: Flutter Mane|89\/100|[from] Sandstorm\n|upkeep\n|turn|3\n|\n|t:|1699914239\n|-end|p2b: Flutter Mane|Protosynthesis|[silent]\n|switch|p2b: Goodra|Goodra-Hisui, L50, F|100\/100\n|move|p1b: Ting-Lu|Earthquake|p2a: Tyranitar|[spread] p2a,p2b\n|-immune|p1a: Cresselia|[from] ability: Levitate\n|-supereffective|p2a: Tyranitar\n|-supereffective|p2b: Goodra\n|-damage|p2a: Tyranitar|24\/100\n|-damage|p2b: Goodra|18\/100\n|move|p1a: Cresselia|Energy Ball|p2a: Tyranitar\n|-supereffective|p2a: Tyranitar\n|-damage|p2a: Tyranitar|6\/100\n|move|p2a: Tyranitar|Dragon Dance|p2a: Tyranitar\n|-boost|p2a: Tyranitar|atk|1\n|-boost|p2a: Tyranitar|spe|1\n|\n|-weather|Sandstorm|[upkeep]\n|-damage|p1a: Cresselia|67\/100|[from] Sandstorm\n|upkeep\n|turn|4\n|\n|t:|1699914269\n|move|p1b: Ting-Lu|Earthquake|p2a: Tyranitar|[spread] p2a,p2b\n|-immune|p1a: Cresselia|[from] ability: Levitate\n|-supereffective|p2a: Tyranitar\n|-supereffective|p2b: Goodra\n|-damage|p2a: Tyranitar|0 fnt\n|-damage|p2b: Goodra|0 fnt\n|faint|p2a: Tyranitar\n|faint|p2b: Goodra\n|move|p1a: Cresselia|Lunar Blessing|p1a: Cresselia|[spread] p1a,p1b\n|-heal|p1a: Cresselia|92\/100\n|\n|-weather|Sandstorm|[upkeep]\n|-damage|p1a: Cresselia|86\/100|[from] Sandstorm\n|upkeep\n|\n|t:|1699914271\n|switch|p2b: Flutter Mane|Flutter Mane, L50|89\/100\n|switch|p2a: Ogerpon|Ogerpon-Cornerstone, L50, F|100\/100\n|turn|5\n|\n|t:|1699914299\n|move|p2b: Flutter Mane|Protect|p2b: Flutter Mane\n|-singleturn|p2b: Flutter Mane|Protect\n|move|p1b: Ting-Lu|Rock Slide|p2a: Ogerpon|[spread] p2a\n|-activate|p2b: Flutter Mane|move: Protect\n|-damage|p2a: Ogerpon|74\/100\n|move|p1a: Cresselia|Lunar Blessing|p1a: Cresselia|[spread] p1a,p1b\n|-heal|p1a: Cresselia|100\/100\n|cant|p2a: Ogerpon|flinch\n|\n|-weather|none\n|-fieldend|move: Trick Room\n|upkeep\n|turn|6\n|\n|t:|1699914316\n|-terastallize|p2a: Ogerpon|Rock\n|detailschange|p2a: Ogerpon|Ogerpon-Cornerstone-Tera, L50, F, tera:Rock\n|-ability|p2a: Ogerpon|Embody Aspect (Cornerstone)|boost\n|-boost|p2a: Ogerpon|def|1\n|move|p1b: Ting-Lu|Protect|p1b: Ting-Lu\n|-singleturn|p1b: Ting-Lu|Protect\n|move|p2b: Flutter Mane|Shadow Ball|p1a: Cresselia\n|-damage|p1a: Cresselia|79\/100\n|move|p2a: Ogerpon|Ivy Cudgel|p1a: Cresselia\n|-damage|p1a: Cresselia|35\/100\n|move|p1a: Cresselia|Trick Room|p1a: Cresselia\n|-fieldstart|move: Trick Room|[of] p1a: Cresselia\n|\n|upkeep\n|turn|7\n|\n|t:|1699914333\n|move|p1b: Ting-Lu|Earthquake|p2a: Ogerpon|[spread] p2a,p2b\n|-immune|p1a: Cresselia|[from] ability: Levitate\n|-supereffective|p2a: Ogerpon\n|-damage|p2a: Ogerpon|4\/100\n|-damage|p2b: Flutter Mane|15\/100\n|move|p1a: Cresselia|Lunar Blessing|p1a: Cresselia|[spread] p1a,p1b\n|-heal|p1a: Cresselia|60\/100\n|move|p2a: Ogerpon|Ivy Cudgel|p1a: Cresselia\n|-damage|p1a: Cresselia|14\/100\n|move|p2b: Flutter Mane|Dazzling Gleam|p1b: Ting-Lu|[spread] p1a,p1b\n|-resisted|p1a: Cresselia\n|-supereffective|p1b: Ting-Lu\n|-damage|p1a: Cresselia|5\/100\n|-damage|p1b: Ting-Lu|62\/100\n|\n|upkeep\n|turn|8\n|-message|Chai Latte forfeited.\n|\n|win|Leetextreme\n|raw|Leetextreme's rating: 1331 &rarr; <strong>1353<\/strong><br \/>(+22 for winning)\n|raw|Chai Latte's rating: 1369 &rarr; <strong>1347<\/strong><br \/>(-22 for losing)\n|l|\u2606Chai Latte\n|c|\u2606Leetextreme|gg\n","uploadtime":1699914390,"views":12,"p1id":"leetextreme","p2id":"chailatte","formatid":"gen9vgc2023regulatione","rating":1347,"private":0,"password":""}