{"id":"gen9vgc2023regulatione-1991884593","p1":"Shneakster","p2":"challengedacepted","format":"[Gen 9] VGC 2023 Regulation E","log":"|j|\u2606Shneakster\n|j|\u2606challengedacepted\n|t:|1700133451\n|gametype|doubles\n|player|p1|Shneakster|bianca|1140\n|player|p2|challengedacepted|gambler|1087\n|teamsize|p1|6\n|teamsize|p2|6\n|gen|9\n|tier|[Gen 9] VGC 2023 Regulation E\n|rated|\n|rule|Species Clause: Limit one of each Pok\u00e9mon\n|rule|Item Clause: Limit one of each item\n|clearpoke\n|poke|p1|Dusclops, L50, F|\n|poke|p1|Rillaboom, L50, M|\n|poke|p1|Hariyama, L50, M|\n|poke|p1|Ursaluna-Bloodmoon, L50, M|\n|poke|p1|Iron Hands, L50|\n|poke|p1|Zapdos, L50|\n|poke|p2|Rillaboom, L50, F|\n|poke|p2|Slowbro, L50, M|\n|poke|p2|Gengar, L50, F|\n|poke|p2|Torkoal, L50, M|\n|poke|p2|Conkeldurr, L50, M|\n|poke|p2|Hatterene, L50, F|\n|teampreview|4\n|inactive|Battle timer is ON: inactive players will automatically lose when time's up. (requested by Shneakster)\n|inactive|challengedacepted has 60 seconds left.\n|\n|t:|1700133490\n|start\n|switch|p1a: CLOPS|Dusclops, L50, F, shiny|100\/100\n|switch|p1b: Sumo Hands|Hariyama, L50, M, shiny|100\/100\n|switch|p2a: Gengar|Gengar, L50, F|100\/100\n|switch|p2b: Rillaboom|Rillaboom, L50, F|100\/100\n|-fieldstart|move: Grassy Terrain|[from] ability: Grassy Surge|[of] p2b: Rillaboom\n|-item|p2a: Gengar|Focus Sash|[from] ability: Frisk|[of] p1a: CLOPS|[identify]\n|-item|p2b: Rillaboom|Assault Vest|[from] ability: Frisk|[of] p1a: CLOPS|[identify]\n|turn|1\n|\n|t:|1700133514\n|-terastallize|p1b: Sumo Hands|Steel\n|move|p2b: Rillaboom|Fake Out|p1b: Sumo Hands\n|-resisted|p1b: Sumo Hands\n|-damage|p1b: Sumo Hands|92\/100\n|move|p2a: Gengar|Shadow Ball|p1a: CLOPS\n|-supereffective|p1a: CLOPS\n|-damage|p1a: CLOPS|46\/100\n|cant|p1b: Sumo Hands|flinch\n|move|p1a: CLOPS|Trick Room|p1a: CLOPS\n|-fieldstart|move: Trick Room|[of] p1a: CLOPS\n|\n|-heal|p1a: CLOPS|52\/100|[from] Grassy Terrain\n|-heal|p1b: Sumo Hands|98\/100|[from] Grassy Terrain\n|-status|p1b: Sumo Hands|brn|[from] item: Flame Orb\n|upkeep\n|turn|2\n|\n|t:|1700133538\n|move|p1a: CLOPS|Will-O-Wisp|p2b: Rillaboom\n|-status|p2b: Rillaboom|brn\n|move|p1b: Sumo Hands|Knock Off|p2a: Gengar\n|-supereffective|p2a: Gengar\n|-enditem|p2a: Gengar|Focus Sash\n|-damage|p2a: Gengar|1\/100\n|move|p2b: Rillaboom|Knock Off|p1b: Sumo Hands\n|-damage|p1b: Sumo Hands|80\/100 brn\n|-enditem|p1b: Sumo Hands|Flame Orb|[from] move: Knock Off|[of] p2b: Rillaboom\n|move|p2a: Gengar|Shadow Ball|p1a: CLOPS\n|-supereffective|p1a: CLOPS\n|-damage|p1a: CLOPS|2\/100\n|-unboost|p1a: CLOPS|spd|1\n|\n|-heal|p1a: CLOPS|8\/100|[from] Grassy Terrain\n|-heal|p1b: Sumo Hands|86\/100 brn|[from] Grassy Terrain\n|-heal|p2a: Gengar|7\/100|[from] Grassy Terrain\n|-damage|p1b: Sumo Hands|80\/100 brn|[from] brn\n|-damage|p2b: Rillaboom|95\/100 brn|[from] brn\n|upkeep\n|turn|3\n|inactive|Shneakster has 30 seconds left.\n|\n|t:|1700133571\n|move|p2a: Gengar|Protect|p2a: Gengar\n|-singleturn|p2a: Gengar|Protect\n|move|p1a: CLOPS|Night Shade|p2a: Gengar\n|-activate|p2a: Gengar|move: Protect\n|move|p1b: Sumo Hands|Knock Off|p2b: Rillaboom\n|-damage|p2b: Rillaboom|49\/100 brn\n|-enditem|p2b: Rillaboom|Assault Vest|[from] move: Knock Off|[of] p1b: Sumo Hands\n|move|p2b: Rillaboom|U-turn|p1a: CLOPS\n|-resisted|p1a: CLOPS\n|-damage|p1a: CLOPS|5\/100\n|\n|t:|1700133581\n|switch|p2b: Conkeldurr|Conkeldurr, L50, M|100\/100|[from] U-turn\n|\n|-heal|p1a: CLOPS|11\/100|[from] Grassy Terrain\n|-heal|p1b: Sumo Hands|86\/100 brn|[from] Grassy Terrain\n|-heal|p2a: Gengar|13\/100|[from] Grassy Terrain\n|-damage|p1b: Sumo Hands|80\/100 brn|[from] brn\n|-status|p2b: Conkeldurr|brn|[from] item: Flame Orb\n|upkeep\n|turn|4\n|\n|t:|1700133597\n|switch|p1b: Zapdos|Zapdos, L50|100\/100\n|switch|p2a: Rillaboom|Rillaboom, L50, F|49\/100 brn\n|move|p1a: CLOPS|Night Shade|p2a: Rillaboom\n|-damage|p2a: Rillaboom|25\/100 brn\n|move|p2b: Conkeldurr|Close Combat|p1b: Zapdos\n|-resisted|p1b: Zapdos\n|-damage|p1b: Zapdos|51\/100\n|-unboost|p2b: Conkeldurr|def|1\n|-unboost|p2b: Conkeldurr|spd|1\n|-enditem|p1b: Zapdos|Kee Berry|[eat]\n|-boost|p1b: Zapdos|def|1|[from] item: Kee Berry\n|\n|-heal|p1a: CLOPS|17\/100|[from] Grassy Terrain\n|-heal|p2a: Rillaboom|31\/100 brn|[from] Grassy Terrain\n|-damage|p2a: Rillaboom|25\/100 brn|[from] brn\n|-damage|p2b: Conkeldurr|94\/100 brn|[from] brn\n|upkeep\n|turn|5\n|inactive|Shneakster has 30 seconds left.\n|inactive|Shneakster has 20 seconds left.\n|\n|t:|1700133632\n|switch|p1a: \ud83c\udd71\ufe0fUrsaluna|Ursaluna-Bloodmoon, L50, M|100\/100\n|move|p2a: Rillaboom|Fake Out|p1b: Zapdos\n|-damage|p1b: Zapdos|46\/100\n|move|p2b: Conkeldurr|Thunder Punch|p1b: Zapdos\n|-damage|p1b: Zapdos|15\/100\n|cant|p1b: Zapdos|flinch\n|\n|-heal|p2a: Rillaboom|31\/100 brn|[from] Grassy Terrain\n|-heal|p2b: Conkeldurr|100\/100 brn|[from] Grassy Terrain\n|-damage|p2a: Rillaboom|25\/100 brn|[from] brn\n|-damage|p2b: Conkeldurr|94\/100 brn|[from] brn\n|-fieldend|move: Trick Room\n|-fieldend|move: Grassy Terrain\n|upkeep\n|turn|6\n|\n|t:|1700133655\n|switch|p2b: Slowbro|Slowbro, L50, M|100\/100\n|switch|p1a: CLOPS|Dusclops, L50, F, shiny|17\/100\n|-item|p2b: Slowbro|Leftovers|[from] ability: Frisk|[of] p1a: CLOPS|[identify]\n|move|p1b: Zapdos|Acrobatics|p2b: Slowbro\n|-damage|p2b: Slowbro|75\/100\n|move|p2a: Rillaboom|Wood Hammer|p1a: CLOPS\n|-damage|p1a: CLOPS|0 fnt\n|faint|p1a: CLOPS\n|-damage|p2a: Rillaboom|21\/100 brn|[from] Recoil\n|\n|-heal|p2b: Slowbro|81\/100|[from] item: Leftovers\n|-damage|p2a: Rillaboom|15\/100 brn|[from] brn\n|upkeep\n|\n|t:|1700133675\n|switch|p1a: Sumo Hands|Hariyama, L50, M, shiny, tera:Steel|80\/100 brn\n|turn|7\n|inactive|challengedacepted has 30 seconds left.\n|inactive|challengedacepted has 20 seconds left.\n|inactive|challengedacepted has 15 seconds left.\n|inactive|challengedacepted has 10 seconds left.\n|inactive|challengedacepted has 5 seconds left.\n|\n|t:|1700133730\n|move|p2a: Rillaboom|Fake Out||[still]\n|-hint|Fake Out only works on your first turn out.\n|-fail|p2a: Rillaboom\n|move|p1a: Sumo Hands|Fake Out|p2a: Rillaboom\n|-damage|p2a: Rillaboom|0 fnt\n|faint|p2a: Rillaboom\n|move|p1b: Zapdos|Roost|p1b: Zapdos\n|-heal|p1b: Zapdos|65\/100\n|-singleturn|p1b: Zapdos|move: Roost\n|move|p2b: Slowbro|Psyshock|p1b: Zapdos\n|-damage|p1b: Zapdos|45\/100\n|\n|-heal|p2b: Slowbro|87\/100|[from] item: Leftovers\n|-damage|p1a: Sumo Hands|73\/100 brn|[from] brn\n|upkeep\n|\n|t:|1700133746\n|switch|p2a: Gengar|Gengar, L50, F|13\/100\n|turn|8\n|\n|t:|1700133757\n|move|p1a: Sumo Hands|Bullet Punch|p2a: Gengar\n|-damage|p2a: Gengar|0 fnt\n|faint|p2a: Gengar\n|move|p1b: Zapdos|Roost|p1b: Zapdos\n|-heal|p1b: Zapdos|95\/100\n|-singleturn|p1b: Zapdos|move: Roost\n|move|p2b: Slowbro|Trick Room|p2b: Slowbro\n|-fieldstart|move: Trick Room|[of] p2b: Slowbro\n|\n|-heal|p2b: Slowbro|93\/100|[from] item: Leftovers\n|-damage|p1a: Sumo Hands|67\/100 brn|[from] brn\n|upkeep\n|\n|t:|1700133763\n|switch|p2a: Conkeldurr|Conkeldurr, L50, M|94\/100 brn\n|turn|9\n|\n|t:|1700133777\n|move|p2b: Slowbro|Ice Beam|p1b: Zapdos\n|-supereffective|p1b: Zapdos\n|-damage|p1b: Zapdos|45\/100\n|-status|p1b: Zapdos|frz\n|move|p1a: Sumo Hands|Knock Off|p2b: Slowbro\n|-supereffective|p2b: Slowbro\n|-damage|p2b: Slowbro|25\/100\n|-enditem|p2b: Slowbro|Leftovers|[from] move: Knock Off|[of] p1a: Sumo Hands\n|move|p2a: Conkeldurr|Close Combat|p1a: Sumo Hands\n|-supereffective|p1a: Sumo Hands\n|-damage|p1a: Sumo Hands|0 fnt\n|-unboost|p2a: Conkeldurr|def|1\n|-unboost|p2a: Conkeldurr|spd|1\n|faint|p1a: Sumo Hands\n|cant|p1b: Zapdos|frz\n|\n|-damage|p2a: Conkeldurr|88\/100 brn|[from] brn\n|upkeep\n|\n|t:|1700133795\n|switch|p1a: \ud83c\udd71\ufe0fUrsaluna|Ursaluna-Bloodmoon, L50, M|100\/100\n|turn|10\n|\n|t:|1700133801\n|move|p2b: Slowbro|Scald|p1a: \ud83c\udd71\ufe0fUrsaluna\n|-supereffective|p1a: \ud83c\udd71\ufe0fUrsaluna\n|-damage|p1a: \ud83c\udd71\ufe0fUrsaluna|49\/100\n|move|p1a: \ud83c\udd71\ufe0fUrsaluna|Hyper Voice|p2b: Slowbro|[spread] p2a,p2b\n|-damage|p2a: Conkeldurr|0 fnt\n|-damage|p2b: Slowbro|0 fnt\n|faint|p2a: Conkeldurr\n|faint|p2b: Slowbro\n|\n|win|Shneakster\n|raw|Shneakster's rating: 1140 &rarr; <strong>1161<\/strong><br \/>(+21 for winning)\n|raw|challengedacepted's rating: 1087 &rarr; <strong>1067<\/strong><br \/>(-20 for losing)\n","uploadtime":1700133813,"views":39,"p1id":"shneakster","p2id":"challengedacepted","formatid":"gen9vgc2023regulatione","rating":1067,"private":0,"password":""}