{"id":"gen9vgc2023regulatione-1999905028","p1":"MorningElegy","p2":"Hitmonjon","format":"[Gen 9] VGC 2023 Regulation E","log":"|j|\u2606MorningElegy\n|j|\u2606Hitmonjon\n|n|\u2606MorningElegy|morningelegy\n|n|\u2606Hitmonjon|hitmonjon\n|html|View the match progress at <a href=\"\/game-bestof3-gen9vgc2023regulatione-1999901977\">game-bestof3-gen9vgc2023regulatione-1999901977<\/a>\n|t:|1701128434\n|gametype|doubles\n|player|p1|MorningElegy|psychic-gen2|\n|player|p2|Hitmonjon|169|\n|teamsize|p1|6\n|teamsize|p2|6\n|gen|9\n|tier|[Gen 9] VGC 2023 Regulation E\n|rated|Tournament battle\n|rule|Species Clause: Limit one of each Pok\u00e9mon\n|rule|Item Clause: Limit one of each item\n|clearpoke\n|poke|p1|Urshifu-*, L50, M|\n|poke|p1|Gholdengo, L50|\n|poke|p1|Salamence, L50, F|\n|poke|p1|Politoed, L50, F|\n|poke|p1|Gothitelle, L50, M|\n|poke|p1|Amoonguss, L50, F|\n|poke|p2|Amoonguss, L50, M|\n|poke|p2|Iron Hands, L50|\n|poke|p2|Gholdengo, L50|\n|poke|p2|Arcanine-Hisui, L50, M|\n|poke|p2|Urshifu-*, L50, F|\n|poke|p2|Tornadus, L50, M|\n|teampreview|4\n|showteam|p1|Urshifu-Rapid-Strike||ChoiceScarf|UnseenFist|SurgingStrikes,AquaJet,CloseCombat,Uturn|||M|||50|,,,,,Water]Gholdengo||LifeOrb|GoodasGold|MakeItRain,ShadowBall,NastyPlot,Protect||||||50|,,,,,Dragon]Salamence||CovertCloak|Intimidate|DracoMeteor,Hurricane,Tailwind,Protect|||F|||50|,,,,,Flying]Politoed||DampRock|Drizzle|MuddyWater,PerishSong,Encore,Protect|||F|||50|,,,,,Dark]Gothitelle||SitrusBerry|ShadowTag|Psychic,FakeOut,Taunt,Protect|||M|||50|,,,,,Fairy]Amoonguss||RockyHelmet|Regenerator|PollenPuff,Spore,RagePowder,Protect|||F|||50|,,,,,Water\n|showteam|p2|Amoonguss||SitrusBerry|Regenerator|Spore,PollenPuff,RagePowder,Protect|||M|||50|,,,,,Water]Iron Hands||AssaultVest|QuarkDrive|FakeOut,VoltSwitch,DrainPunch,WildCharge||||||50|,,,,,Grass]Gholdengo||Leftovers|GoodasGold|Protect,MakeItRain,ShadowBall,NastyPlot||||||50|,,,,,Dragon]Arcanine-Hisui||ChoiceBand|Intimidate|ExtremeSpeed,FlareBlitz,RockSlide,HeadSmash|||M|||50|,,,,,Fairy]Urshifu-Rapid-Strike||MysticWater|UnseenFist|SurgingStrikes,AquaJet,CloseCombat,Protect|||F|||50|,,,,,Water]Tornadus||RockyHelmet|Prankster|BleakwindStorm,Protect,Tailwind,RainDance|||M|||50|,,,,,Steel\n|\n|t:|1701128453\n|start\n|switch|p1a: Urshifu|Urshifu-Rapid-Strike, L50, M|100\/100\n|switch|p1b: Politoed|Politoed, L50, F|100\/100\n|switch|p2a: Iron Hands|Iron Hands, L50, shiny|100\/100\n|switch|p2b: Arcanine|Arcanine-Hisui, L50, M|100\/100\n|-ability|p2b: Arcanine|Intimidate|boost\n|-unboost|p1a: Urshifu|atk|1\n|-unboost|p1b: Politoed|atk|1\n|-weather|RainDance|[from] ability: Drizzle|[of] p1b: Politoed\n|turn|1\n|\n|t:|1701128475\n|switch|p1a: Gholdengo|Gholdengo, L50|100\/100\n|switch|p2b: Urshifu|Urshifu-Rapid-Strike, L50, F|100\/100\n|move|p2a: Iron Hands|Fake Out|p1a: Gholdengo\n|-immune|p1a: Gholdengo\n|move|p1b: Politoed|Perish Song|p1b: Politoed\n|-immune|p1a: Gholdengo|[from] ability: Good as Gold\n|-start|p1b: Politoed|perish3|[silent]\n|-start|p2a: Iron Hands|perish3|[silent]\n|-start|p2b: Urshifu|perish3|[silent]\n|-fieldactivate|move: Perish Song\n|\n|-weather|RainDance|[upkeep]\n|-start|p2b: Urshifu|perish3\n|-start|p1b: Politoed|perish3\n|-start|p2a: Iron Hands|perish3\n|upkeep\n|turn|2\n|\n|t:|1701128506\n|-end|p2a: Iron Hands|Quark Drive|[silent]\n|switch|p2a: Tornadus|Tornadus, L50, M|100\/100\n|-terastallize|p1a: Gholdengo|Dragon\n|-terastallize|p2b: Urshifu|Water\n|move|p1a: Gholdengo|Nasty Plot|p1a: Gholdengo\n|-boost|p1a: Gholdengo|spa|2\n|move|p2b: Urshifu|Surging Strikes|p1a: Gholdengo\n|-resisted|p1a: Gholdengo\n|-crit|p1a: Gholdengo\n|-damage|p1a: Gholdengo|77\/100\n|-resisted|p1a: Gholdengo\n|-crit|p1a: Gholdengo\n|-damage|p1a: Gholdengo|54\/100\n|-resisted|p1a: Gholdengo\n|-crit|p1a: Gholdengo\n|-damage|p1a: Gholdengo|31\/100\n|-hitcount|p1a: Gholdengo|3\n|move|p1b: Politoed|Encore||[still]\n|-fail|p1b: Politoed\n|\n|-weather|RainDance|[upkeep]\n|-start|p2b: Urshifu|perish2\n|-start|p1b: Politoed|perish2\n|upkeep\n|turn|3\n|j| O1OOO1O1\n|\n|t:|1701128527\n|switch|p1a: Amoonguss|Amoonguss, L50, F|100\/100\n|move|p2a: Tornadus|Tailwind|p2a: Tornadus\n|-sidestart|p2: Hitmonjon|move: Tailwind\n|move|p2b: Urshifu|Surging Strikes|p1a: Amoonguss\n|-resisted|p1a: Amoonguss\n|-crit|p1a: Amoonguss\n|-damage|p1a: Amoonguss|79\/100\n|-damage|p2b: Urshifu|84\/100|[from] item: Rocky Helmet|[of] p1a: Amoonguss\n|-resisted|p1a: Amoonguss\n|-crit|p1a: Amoonguss\n|-damage|p1a: Amoonguss|59\/100\n|-damage|p2b: Urshifu|68\/100|[from] item: Rocky Helmet|[of] p1a: Amoonguss\n|-resisted|p1a: Amoonguss\n|-crit|p1a: Amoonguss\n|-damage|p1a: Amoonguss|39\/100\n|-damage|p2b: Urshifu|51\/100|[from] item: Rocky Helmet|[of] p1a: Amoonguss\n|-hitcount|p1a: Amoonguss|3\n|move|p1b: Politoed|Muddy Water|p2b: Urshifu|[spread] p2b\n|-miss|p1b: Politoed|p2a: Tornadus\n|-resisted|p2b: Urshifu\n|-damage|p2b: Urshifu|31\/100\n|-unboost|p2b: Urshifu|accuracy|1\n|\n|-weather|RainDance|[upkeep]\n|-start|p2b: Urshifu|perish1\n|-start|p1b: Politoed|perish1\n|upkeep\n|turn|4\n|j| Mortal1\n|\n|t:|1701128585\n|switch|p2b: Iron Hands|Iron Hands, L50, shiny|100\/100\n|move|p2a: Tornadus|Bleakwind Storm|p1a: Amoonguss|[spread] p1a,p1b\n|-supereffective|p1a: Amoonguss\n|-crit|p1b: Politoed\n|-damage|p1a: Amoonguss|0 fnt\n|-damage|p1b: Politoed|52\/100\n|-unboost|p1b: Politoed|spe|1\n|faint|p1a: Amoonguss\n|move|p1b: Politoed|Muddy Water|p2b: Iron Hands|[spread] p2a,p2b\n|-damage|p2a: Tornadus|71\/100\n|-damage|p2b: Iron Hands|83\/100\n|\n|-weather|RainDance|[upkeep]\n|-start|p1b: Politoed|perish0\n|faint|p1b: Politoed\n|upkeep\n|\n|t:|1701128595\n|switch|p1b: Gholdengo|Gholdengo, L50, tera:Dragon|31\/100\n|switch|p1a: Urshifu|Urshifu-Rapid-Strike, L50, M|100\/100\n|turn|5\n|\n|t:|1701128608\n|move|p2b: Iron Hands|Fake Out|p1a: Urshifu\n|-damage|p1a: Urshifu|86\/100\n|move|p2a: Tornadus|Bleakwind Storm|p1b: Gholdengo|[spread] p1a,p1b\n|-supereffective|p1a: Urshifu\n|-damage|p1a: Urshifu|0 fnt\n|-damage|p1b: Gholdengo|0 fnt\n|faint|p1a: Urshifu\n|faint|p1b: Gholdengo\n|\n|win|Hitmonjon\n|l| O1OOO1O1\n|l|\u2606MorningElegy\n|l| Mortal1\n","uploadtime":1701129136,"views":12,"p1id":"morningelegy","p2id":"hitmonjon","formatid":"gen9vgc2023regulatione","rating":0,"private":0,"password":""}