{"id":"gen9vgc2023regulatione-1992875496","p1":"Yassooooo","p2":"JayoticNL","format":"[Gen 9] VGC 2023 Regulation E","log":"|j|\u2606Yassooooo\n|j|\u2606JayoticNL\n|t:|1700243014\n|gametype|doubles\n|player|p1|Yassooooo|102|1491\n|player|p2|JayoticNL|emmet|1574\n|teamsize|p1|6\n|teamsize|p2|6\n|gen|9\n|tier|[Gen 9] VGC 2023 Regulation E\n|rated|\n|rule|Species Clause: Limit one of each Pok\u00e9mon\n|rule|Item Clause: Limit one of each item\n|clearpoke\n|poke|p1|Torkoal, L50, M|\n|poke|p1|Ursaluna, L50, F|\n|poke|p1|Sableye, L50, M|\n|poke|p1|Moltres-Galar, L50|\n|poke|p1|Flutter Mane, L50|\n|poke|p1|Glimmora, L50, M|\n|poke|p2|Arcanine-Hisui, L50, F|\n|poke|p2|Ogerpon-Wellspring, L50, F|\n|poke|p2|Landorus-Therian, L50, M|\n|poke|p2|Thundurus, L50, M|\n|poke|p2|Sinistcha, L50|\n|poke|p2|Flutter Mane, L50|\n|teampreview|4\nYassooooo rejected open team sheets.\n|inactive|Battle timer is ON: inactive players will automatically lose when time's up. (requested by Yassooooo)\n|\n|t:|1700243038\n|start\n|switch|p1a: Sableye|Sableye, L50, M|100\/100\n|switch|p1b: Moltres|Moltres-Galar, L50|100\/100\n|switch|p2a: Thundurus|Thundurus, L50, M|100\/100\n|switch|p2b: Flutter Mane|Flutter Mane, L50|100\/100\n|-enditem|p2b: Flutter Mane|Booster Energy\n|-activate|p2b: Flutter Mane|ability: Protosynthesis|[fromitem]\n|-start|p2b: Flutter Mane|protosynthesisspe\n|turn|1\n|\n|t:|1700243060\n|move|p1a: Sableye|Skill Swap|p1b: Moltres\n|-activate|p1a: Sableye|move: Skill Swap|||[of] p1b: Moltres\n|move|p1b: Moltres|Substitute|p1b: Moltres\n|-start|p1b: Moltres|Substitute\n|-damage|p1b: Moltres|76\/100\n|move|p2b: Flutter Mane|Dazzling Gleam|p1b: Moltres|[spread] p1a,p1b\n|-supereffective|p1b: Moltres\n|-end|p1b: Moltres|Substitute\n|-supereffective|p1a: Sableye\n|-damage|p1a: Sableye|36\/100\n|-enditem|p1a: Sableye|Eject Button\n|-ability|p1a: Sableye|Berserk|boost\n|-boost|p1a: Sableye|spa|1\n|\n|t:|1700243062\n|switch|p1a: Ursaluna|Ursaluna, L50, F|100\/100\n|move|p2a: Thundurus|Wildbolt Storm|p1a: Ursaluna|[spread] p1b\n|-immune|p1a: Ursaluna\n|-supereffective|p1b: Moltres\n|-damage|p1b: Moltres|36\/100\n|\n|-status|p1a: Ursaluna|brn|[from] item: Flame Orb\n|upkeep\n|turn|2\n|inactive|JayoticNL has 30 seconds left.\n|\n|t:|1700243089\n|move|p1b: Moltres|Protect|p1b: Moltres\n|-singleturn|p1b: Moltres|Protect\n|move|p2b: Flutter Mane|Icy Wind|p1a: Ursaluna|[spread] p1a\n|-activate|p1b: Moltres|move: Protect\n|-supereffective|p1a: Ursaluna\n|-damage|p1a: Ursaluna|76\/100 brn\n|-unboost|p1a: Ursaluna|spe|1\n|move|p2a: Thundurus|Wildbolt Storm|p1b: Moltres|[spread] \n|-activate|p1b: Moltres|move: Protect\n|-immune|p1a: Ursaluna\n|move|p1a: Ursaluna|Facade|p2a: Thundurus\n|-damage|p2a: Thundurus|0 fnt\n|faint|p2a: Thundurus\n|\n|-damage|p1a: Ursaluna|70\/100 brn|[from] brn\n|upkeep\n|\n|t:|1700243093\n|switch|p2a: Landorus|Landorus-Therian, L50, M|100\/100\n|-ability|p2a: Landorus|Intimidate|boost\n|-unboost|p1a: Ursaluna|atk|1\n|-unboost|p1b: Moltres|atk|1\n|turn|3\n|inactive|Yassooooo has 30 seconds left.\n|\n|t:|1700243120\n|-terastallize|p2b: Flutter Mane|Fairy\n|move|p1b: Moltres|After You|p1a: Ursaluna\n|-activate|p1a: Ursaluna|move: After You\n|move|p1a: Ursaluna|Headlong Rush|p2b: Flutter Mane\n|-damage|p2b: Flutter Mane|0 fnt\n|-unboost|p1a: Ursaluna|def|1\n|-unboost|p1a: Ursaluna|spd|1\n|faint|p2b: Flutter Mane\n|-end|p2b: Flutter Mane|Protosynthesis|[silent]\n|move|p2a: Landorus|Rock Slide|p1a: Ursaluna|[spread] p1a,p1b\n|-resisted|p1a: Ursaluna\n|-supereffective|p1b: Moltres\n|-crit|p1b: Moltres\n|-damage|p1a: Ursaluna|59\/100 brn\n|-damage|p1b: Moltres|0 fnt\n|faint|p1b: Moltres\n|\n|-damage|p1a: Ursaluna|53\/100 brn|[from] brn\n|upkeep\n|\n|t:|1700243128\n|switch|p2b: Arcanine|Arcanine-Hisui, L50, F|100\/100\n|switch|p1b: Sableye|Sableye, L50, M|36\/100\n|-ability|p2b: Arcanine|Intimidate|boost\n|-unboost|p1a: Ursaluna|atk|1\n|-unboost|p1b: Sableye|atk|1\n|turn|4\n|inactive|Yassooooo has 30 seconds left.\n|\n|t:|1700243160\n|move|p1b: Sableye|Fake Out|p2b: Arcanine\n|-resisted|p2b: Arcanine\n|-damage|p2b: Arcanine|98\/100\n|move|p2a: Landorus|Rock Slide|p1a: Ursaluna|[spread] p1a,p1b\n|-resisted|p1a: Ursaluna\n|-damage|p1a: Ursaluna|41\/100 brn\n|-damage|p1b: Sableye|6\/100\n|cant|p2b: Arcanine|flinch\n|move|p1a: Ursaluna|Headlong Rush|p2b: Arcanine\n|-supereffective|p2b: Arcanine\n|-damage|p2b: Arcanine|0 fnt\n|-unboost|p1a: Ursaluna|def|1\n|-unboost|p1a: Ursaluna|spd|1\n|faint|p2b: Arcanine\n|\n|-damage|p1a: Ursaluna|36\/100 brn|[from] brn\n|upkeep\n|turn|5\n|\n|t:|1700243173\n|move|p1b: Sableye|Disable|p2a: Landorus\n|-start|p2a: Landorus|Disable|Rock Slide\n|cant|p2a: Landorus|Disable|Rock Slide\n|move|p1a: Ursaluna|Facade|p2a: Landorus\n|-damage|p2a: Landorus|33\/100\n|\n|-damage|p1a: Ursaluna|30\/100 brn|[from] brn\n|upkeep\n|turn|6\n|\n|t:|1700243181\n|move|p1b: Sableye|Encore|p2a: Landorus\n|-start|p2a: Landorus|Encore\n|-activate|p2a: Landorus|move: Struggle\n|move|p2a: Landorus|Struggle|p1b: Sableye\n|-damage|p1b: Sableye|0 fnt\n|faint|p1b: Sableye\n|-damage|p2a: Landorus|8\/100|[from] recoil\n|move|p1a: Ursaluna|Facade|p2a: Landorus\n|-damage|p2a: Landorus|0 fnt\n|faint|p2a: Landorus\n|\n|win|Yassooooo\n|raw|Yassooooo's rating: 1491 &rarr; <strong>1516<\/strong><br \/>(+25 for winning)\n|raw|JayoticNL's rating: 1574 &rarr; <strong>1549<\/strong><br \/>(-25 for losing)\n","uploadtime":1700243195,"views":21,"p1id":"yassooooo","p2id":"jayoticnl","formatid":"gen9vgc2023regulatione","rating":1516,"private":0,"password":""}