{"id":"gen9vgc2023regulatione-1990577226","p1":"JKAngelz","p2":"Kzjrzhzk","format":"[Gen 9] VGC 2023 Regulation E","log":"|j|\u2606JKAngelz\n|j|\u2606Kzjrzhzk\n|t:|1699982859\n|gametype|doubles\n|player|p1|JKAngelz|265|1275\n|player|p2|Kzjrzhzk|lance|1218\n|teamsize|p1|6\n|teamsize|p2|6\n|gen|9\n|tier|[Gen 9] VGC 2023 Regulation E\n|rated|\n|rule|Species Clause: Limit one of each Pok\u00e9mon\n|rule|Item Clause: Limit one of each item\n|clearpoke\n|poke|p1|Iron Bundle, L50|\n|poke|p1|Rillaboom, L50, M|\n|poke|p1|Weezing, L50, F|\n|poke|p1|Ogerpon-Wellspring, L50, F|\n|poke|p1|Heatran, L50, M|\n|poke|p1|Kommo-o, L50, M|\n|poke|p2|Flutter Mane, L50|\n|poke|p2|Tornadus, L50, M|\n|poke|p2|Rillaboom, L50, M|\n|poke|p2|Garganacl, L50, M|\n|poke|p2|Arcanine-Hisui, L50, F|\n|poke|p2|Chien-Pao, L50|\n|teampreview|4\n|inactive|Battle timer is ON: inactive players will automatically lose when time's up. (requested by Kzjrzhzk)\n|inactive|JKAngelz has 60 seconds left.\n|\n|t:|1699982932\n|start\n|switch|p1a: Ogerpon|Ogerpon-Wellspring, L50, F|100\/100\n|switch|p1b: Kommo-o|Kommo-o, L50, M|100\/100\n|switch|p2a: Tornadus|Tornadus, L50, M|100\/100\n|switch|p2b: Garganacl|Garganacl, L50, M|100\/100\n|turn|1\n|\n|t:|1699982947\n|-terastallize|p1b: Kommo-o|Steel\n|-terastallize|p2b: Garganacl|Ghost\n|move|p2a: Tornadus|Taunt|p1b: Kommo-o\n|-start|p1b: Kommo-o|move: Taunt\n|move|p1a: Ogerpon|Ivy Cudgel|p2b: Garganacl|[anim] Ivy Cudgel Water\n|-damage|p2b: Garganacl|61\/100\n|cant|p1b: Kommo-o|move: Taunt|Clangorous Soul\n|move|p2b: Garganacl|Salt Cure|p1a: Ogerpon\n|-damage|p1a: Ogerpon|84\/100\n|-start|p1a: Ogerpon|Salt Cure\n|\n|-damage|p1a: Ogerpon|59\/100|[from] Salt Cure\n|upkeep\n|turn|2\n|\n|t:|1699982968\n|switch|p1a: Weezing|Weezing, L50, F|100\/100\n|-ability|p1a: Weezing|Neutralizing Gas\n|move|p2a: Tornadus|Sunny Day|p2a: Tornadus\n|-weather|SunnyDay\n|move|p1b: Kommo-o|Flash Cannon|p2b: Garganacl\n|-damage|p2b: Garganacl|39\/100\n|-enditem|p2b: Garganacl|Sitrus Berry|[eat]\n|-heal|p2b: Garganacl|64\/100|[from] item: Sitrus Berry\n|move|p2b: Garganacl|Salt Cure|p1b: Kommo-o\n|-resisted|p1b: Kommo-o\n|-damage|p1b: Kommo-o|95\/100\n|-start|p1b: Kommo-o|Salt Cure\n|\n|-weather|SunnyDay|[upkeep]\n|-damage|p1b: Kommo-o|70\/100|[from] Salt Cure\n|upkeep\n|turn|3\n|\n|t:|1699982989\n|switch|p1b: Rillaboom|Rillaboom, L50, M|100\/100\n|move|p2a: Tornadus|Taunt|p1a: Weezing\n|-start|p1a: Weezing|move: Taunt\n|cant|p1a: Weezing|move: Taunt|Will-O-Wisp\n|move|p2b: Garganacl|Iron Defense|p2b: Garganacl\n|-boost|p2b: Garganacl|def|2\n|\n|-weather|SunnyDay|[upkeep]\n|upkeep\n|turn|4\n|\n|t:|1699982999\n|move|p2a: Tornadus|Tailwind|p2a: Tornadus\n|-sidestart|p2: Kzjrzhzk|move: Tailwind\n|move|p2b: Garganacl|Iron Defense|p2b: Garganacl\n|-boost|p2b: Garganacl|def|2\n|move|p1b: Rillaboom|Knock Off|p2b: Garganacl\n|-supereffective|p2b: Garganacl\n|-damage|p2b: Garganacl|51\/100\n|move|p1a: Weezing|Sludge Bomb|p2a: Tornadus\n|-damage|p2a: Tornadus|76\/100\n|\n|-weather|SunnyDay|[upkeep]\n|upkeep\n|turn|5\n|\n|t:|1699983020\n|-end|p1a: Weezing|ability: Neutralizing Gas\n|-fieldstart|move: Grassy Terrain|[from] ability: Grassy Surge|[of] p1b: Rillaboom\n|switch|p1a: Ogerpon|Ogerpon-Wellspring, L50, F|59\/100\n|move|p2a: Tornadus|Bleakwind Storm|p1b: Rillaboom|[spread] p1a\n|-miss|p2a: Tornadus|p1b: Rillaboom\n|-supereffective|p1a: Ogerpon\n|-damage|p1a: Ogerpon|0 fnt\n|faint|p1a: Ogerpon\n|move|p2b: Garganacl|Recover|p2b: Garganacl\n|-heal|p2b: Garganacl|100\/100\n|move|p1b: Rillaboom|Wood Hammer|p2b: Garganacl\n|-damage|p2b: Garganacl|82\/100\n|-damage|p1b: Rillaboom|94\/100|[from] Recoil\n|\n|-weather|SunnyDay|[upkeep]\n|-heal|p2b: Garganacl|87\/100|[from] Grassy Terrain\n|-heal|p1b: Rillaboom|99\/100|[from] Grassy Terrain\n|upkeep\n|\n|t:|1699983035\n|switch|p1a: Kommo-o|Kommo-o, L50, M, tera:Steel|70\/100\n|turn|6\n|\n|t:|1699983044\n|move|p2a: Tornadus|Taunt|p1a: Kommo-o\n|-start|p1a: Kommo-o|move: Taunt\n|move|p2b: Garganacl|Salt Cure|p1a: Kommo-o\n|-resisted|p1a: Kommo-o\n|-damage|p1a: Kommo-o|64\/100\n|-start|p1a: Kommo-o|Salt Cure\n|move|p1a: Kommo-o|Clanging Scales|p2b: Garganacl|[spread] p2a,p2b\n|-damage|p2a: Tornadus|48\/100\n|-damage|p2b: Garganacl|67\/100\n|-unboost|p1a: Kommo-o|def|1\n|-enditem|p1a: Kommo-o|Throat Spray\n|-boost|p1a: Kommo-o|spa|1|[from] item: Throat Spray\n|move|p1b: Rillaboom|Wood Hammer|p2b: Garganacl\n|-damage|p2b: Garganacl|46\/100\n|-damage|p1b: Rillaboom|93\/100|[from] Recoil\n|\n|-weather|none\n|-heal|p2b: Garganacl|52\/100|[from] Grassy Terrain\n|-heal|p1a: Kommo-o|70\/100|[from] Grassy Terrain\n|-heal|p1b: Rillaboom|99\/100|[from] Grassy Terrain\n|-damage|p1a: Kommo-o|45\/100|[from] Salt Cure\n|upkeep\n|turn|7\n|\n|t:|1699983062\n|move|p2b: Garganacl|Protect|p2b: Garganacl\n|-singleturn|p2b: Garganacl|Protect\n|move|p2a: Tornadus|Bleakwind Storm|p1a: Kommo-o|[spread] p1a,p1b\n|-resisted|p1a: Kommo-o\n|-supereffective|p1b: Rillaboom\n|-damage|p1a: Kommo-o|32\/100\n|-damage|p1b: Rillaboom|50\/100\n|-unboost|p1b: Rillaboom|spe|1\n|move|p1a: Kommo-o|Clanging Scales|p2b: Garganacl|[spread] p2a\n|-activate|p2b: Garganacl|move: Protect\n|-damage|p2a: Tornadus|6\/100\n|-unboost|p1a: Kommo-o|def|1\n|move|p1b: Rillaboom|Wood Hammer|p2b: Garganacl\n|-activate|p2b: Garganacl|move: Protect\n|\n|-heal|p2b: Garganacl|58\/100|[from] Grassy Terrain\n|-heal|p1a: Kommo-o|38\/100|[from] Grassy Terrain\n|-heal|p1b: Rillaboom|56\/100|[from] Grassy Terrain\n|-damage|p1a: Kommo-o|14\/100|[from] Salt Cure\n|-sideend|p2: Kzjrzhzk|move: Tailwind\n|upkeep\n|turn|8\n|\n|t:|1699983075\n|move|p2a: Tornadus|Tailwind|p2a: Tornadus\n|-sidestart|p2: Kzjrzhzk|move: Tailwind\n|move|p1b: Rillaboom|Grassy Glide|p2a: Tornadus\n|-resisted|p2a: Tornadus\n|-damage|p2a: Tornadus|0 fnt\n|-damage|p1b: Rillaboom|40\/100|[from] item: Rocky Helmet|[of] p2a: Tornadus\n|faint|p2a: Tornadus\n|move|p2b: Garganacl|Recover|p2b: Garganacl\n|-heal|p2b: Garganacl|100\/100\n|move|p1a: Kommo-o|Clanging Scales|p2b: Garganacl\n|-crit|p2b: Garganacl\n|-damage|p2b: Garganacl|29\/100\n|-unboost|p1a: Kommo-o|def|1\n|\n|-heal|p2b: Garganacl|35\/100|[from] Grassy Terrain\n|-heal|p1a: Kommo-o|19\/100|[from] Grassy Terrain\n|-heal|p1b: Rillaboom|46\/100|[from] Grassy Terrain\n|-damage|p1a: Kommo-o|0 fnt|[from] Salt Cure\n|faint|p1a: Kommo-o\n|upkeep\n|\n|t:|1699983091\n|switch|p2a: Rillaboom|Rillaboom, L50, M|100\/100\n|switch|p1a: Weezing|Weezing, L50, F|100\/100\n|-ability|p1a: Weezing|Neutralizing Gas\n|turn|9\n|\n|t:|1699983098\n|move|p1a: Weezing|Protect|p1a: Weezing\n|-singleturn|p1a: Weezing|Protect\n|move|p2a: Rillaboom|Fake Out|p1a: Weezing\n|-activate|p1a: Weezing|move: Protect\n|move|p2b: Garganacl|Recover|p2b: Garganacl\n|-heal|p2b: Garganacl|85\/100\n|move|p1b: Rillaboom|Knock Off|p2a: Rillaboom\n|-damage|p2a: Rillaboom|66\/100\n|-enditem|p2a: Rillaboom|Assault Vest|[from] move: Knock Off|[of] p1b: Rillaboom\n|\n|-heal|p2a: Rillaboom|72\/100|[from] Grassy Terrain\n|-heal|p2b: Garganacl|91\/100|[from] Grassy Terrain\n|-heal|p1b: Rillaboom|52\/100|[from] Grassy Terrain\n|-fieldend|move: Grassy Terrain\n|upkeep\n|turn|10\n|\n|t:|1699983116\n|move|p2a: Rillaboom|Wood Hammer|p1b: Rillaboom\n|-resisted|p1b: Rillaboom\n|-damage|p1b: Rillaboom|19\/100\n|-damage|p2a: Rillaboom|61\/100|[from] Recoil\n|move|p2b: Garganacl|Salt Cure|p1a: Weezing\n|-damage|p1a: Weezing|90\/100\n|-start|p1a: Weezing|Salt Cure\n|move|p1a: Weezing|Will-O-Wisp|p2a: Rillaboom\n|-status|p2a: Rillaboom|brn\n|move|p1b: Rillaboom|Wood Hammer|p2b: Garganacl\n|-damage|p2b: Garganacl|76\/100\n|-damage|p1b: Rillaboom|14\/100|[from] Recoil\n|\n|-damage|p2a: Rillaboom|56\/100 brn|[from] brn\n|-damage|p1a: Weezing|78\/100|[from] Salt Cure\n|upkeep\n|turn|11\n|\n|t:|1699983132\n|move|p2a: Rillaboom|Wood Hammer|p1b: Rillaboom\n|-resisted|p1b: Rillaboom\n|-damage|p1b: Rillaboom|0 fnt\n|faint|p1b: Rillaboom\n|-damage|p2a: Rillaboom|51\/100 brn|[from] Recoil\n|move|p2b: Garganacl|Recover|p2b: Garganacl\n|-heal|p2b: Garganacl|100\/100\n|move|p1a: Weezing|Will-O-Wisp|p2b: Garganacl\n|-status|p2b: Garganacl|brn\n|\n|-damage|p2a: Rillaboom|45\/100 brn|[from] brn\n|-damage|p2b: Garganacl|95\/100 brn|[from] brn\n|-damage|p1a: Weezing|66\/100|[from] Salt Cure\n|-sideend|p2: Kzjrzhzk|move: Tailwind\n|upkeep\n|turn|12\n|\n|t:|1699983138\n|move|p2a: Rillaboom|Drain Punch|p1a: Weezing\n|-resisted|p1a: Weezing\n|-damage|p1a: Weezing|60\/100\n|-heal|p2a: Rillaboom|48\/100 brn|[from] drain|[of] p1a: Weezing\n|move|p1a: Weezing|Sludge Bomb|p2a: Rillaboom\n|-supereffective|p2a: Rillaboom\n|-damage|p2a: Rillaboom|0 fnt\n|faint|p2a: Rillaboom\n|move|p2b: Garganacl|Iron Defense|p2b: Garganacl\n|-boost|p2b: Garganacl|def|2\n|\n|-damage|p2b: Garganacl|89\/100 brn|[from] brn\n|-damage|p1a: Weezing|48\/100|[from] Salt Cure\n|upkeep\n|-enditem|p1a: Weezing|Sitrus Berry|[eat]\n|-heal|p1a: Weezing|73\/100|[from] item: Sitrus Berry\n|\n|t:|1699983140\n|switch|p2a: Flutter Mane|Flutter Mane, L50|100\/100\n|-enditem|p2a: Flutter Mane|Booster Energy\n|-activate|p2a: Flutter Mane|ability: Protosynthesis|[fromitem]\n|-start|p2a: Flutter Mane|protosynthesisspe\n|turn|13\n|\n|t:|1699983149\n|move|p2a: Flutter Mane|Protect|p2a: Flutter Mane\n|-singleturn|p2a: Flutter Mane|Protect\n|move|p2b: Garganacl|Protect|p2b: Garganacl\n|-singleturn|p2b: Garganacl|Protect\n|move|p1a: Weezing|Sludge Bomb|p2a: Flutter Mane\n|-activate|p2a: Flutter Mane|move: Protect\n|\n|-damage|p2b: Garganacl|83\/100 brn|[from] brn\n|-damage|p1a: Weezing|60\/100|[from] Salt Cure\n|upkeep\n|turn|14\n|\n|t:|1699983155\n|move|p2a: Flutter Mane|Substitute|p2a: Flutter Mane\n|-start|p2a: Flutter Mane|Substitute\n|-damage|p2a: Flutter Mane|76\/100\n|move|p1a: Weezing|Sludge Bomb|p1: Rillaboom|[notarget]\n|-fail|p1a: Weezing\n|move|p2b: Garganacl|Salt Cure|p1a: Weezing\n|-damage|p1a: Weezing|55\/100\n|\n|-damage|p2b: Garganacl|77\/100 brn|[from] brn\n|-damage|p1a: Weezing|42\/100|[from] Salt Cure\n|upkeep\n|turn|15\n|c|\u2606JKAngelz|Does sludge bomb not work on sub?\n|inactive|JKAngelz has 30 seconds left.\n|\n|t:|1699983189\n|move|p2a: Flutter Mane|Protect|p2a: Flutter Mane\n|-singleturn|p2a: Flutter Mane|Protect\n|move|p1a: Weezing|Taunt|p2b: Garganacl\n|-start|p2b: Garganacl|move: Taunt\n|move|p2b: Garganacl|Salt Cure|p1a: Weezing\n|-damage|p1a: Weezing|37\/100\n|\n|-damage|p2b: Garganacl|72\/100 brn|[from] brn\n|-damage|p1a: Weezing|25\/100|[from] Salt Cure\n|upkeep\n|turn|16\n|n|\u2606Kzjrzhzk|kzjrzhzk\n|c|\u2606Kzjrzhzk|i guess it does\n|inactive|Kzjrzhzk has 30 seconds left.\n|c|\u2606JKAngelz|Lemme try it\n|inactive|Kzjrzhzk has 20 seconds left.\n|inactive|Kzjrzhzk has 15 seconds left.\n|\n|t:|1699983233\n|move|p2a: Flutter Mane|Substitute|p2a: Flutter Mane\n|-fail|p2a: Flutter Mane|move: Substitute\n|move|p1a: Weezing|Sludge Bomb|p2a: Flutter Mane\n|-end|p2a: Flutter Mane|Substitute\n|move|p2b: Garganacl|Salt Cure|p1a: Weezing\n|-damage|p1a: Weezing|19\/100\n|\n|-damage|p2b: Garganacl|66\/100 brn|[from] brn\n|-damage|p1a: Weezing|7\/100|[from] Salt Cure\n|upkeep\n|turn|17\n|c|\u2606Kzjrzhzk|that's it\n|c|\u2606JKAngelz|Thats weird\n|c|\u2606Kzjrzhzk|yeah\n|c|\u2606JKAngelz|Idk why it failed\n|inactive|JKAngelz has 30 seconds left.\n|inactive|Kzjrzhzk has 30 seconds left.\n|c|\u2606Kzjrzhzk|not sure too\n|\n|t:|1699983264\n|move|p2a: Flutter Mane|Substitute|p2a: Flutter Mane\n|-start|p2a: Flutter Mane|Substitute\n|-damage|p2a: Flutter Mane|51\/100\n|move|p1a: Weezing|Sludge Bomb|p2a: Flutter Mane\n|-end|p2a: Flutter Mane|Substitute\n|move|p2b: Garganacl|Salt Cure|p1a: Weezing\n|-damage|p1a: Weezing|1\/100\n|\n|-damage|p2b: Garganacl|60\/100 brn|[from] brn\n|-damage|p1a: Weezing|0 fnt|[from] Salt Cure\n|faint|p1a: Weezing\n|-end|p1a: Weezing|ability: Neutralizing Gas\n|\n|win|Kzjrzhzk\n|upkeep\n|raw|JKAngelz's rating: 1275 &rarr; <strong>1246<\/strong><br \/>(-29 for losing)\n|raw|Kzjrzhzk's rating: 1218 &rarr; <strong>1247<\/strong><br \/>(+29 for winning)\n|c|\u2606Kzjrzhzk|gg\n|c|\u2606JKAngelz|gg\n|c|\u2606JKAngelz|Im gonna ask vgc chat\n|c|\u2606Kzjrzhzk|cool, see ya\n|l|\u2606Kzjrzhzk\n","uploadtime":1699983286,"views":12,"p1id":"jkangelz","p2id":"kzjrzhzk","formatid":"gen9vgc2023regulatione","rating":1246,"private":0,"password":""}