{"id":"gen9vgc2023regulatione-1988051835","p1":"lainshy","p2":"Leon1das","format":"[Gen 9] VGC 2023 Regulation E","log":"|j|\u2606lainshy\n|j|\u2606Leon1das\n|n|\u2606lainshy|lainshy\n|n|\u2606Leon1das|leon1das\n|html|View the match progress at <a href=\"\/game-bestof3-gen9vgc2023regulatione-1988045478\">game-bestof3-gen9vgc2023regulatione-1988045478<\/a>\n|t:|1699663636\n|gametype|doubles\n|player|p1|lainshy|geeta|\n|player|p2|Leon1das|170|\n|teamsize|p1|6\n|teamsize|p2|6\n|gen|9\n|tier|[Gen 9] VGC 2023 Regulation E\n|rule|Species Clause: Limit one of each Pok\u00e9mon\n|rule|Item Clause: Limit one of each item\n|clearpoke\n|poke|p1|Baxcalibur, L50, F|\n|poke|p1|Kingambit, L50, F|\n|poke|p1|Ursaluna-Bloodmoon, L50, M|\n|poke|p1|Corviknight, L50, F|\n|poke|p1|Gholdengo, L50|\n|poke|p1|Ribombee, L50, F|\n|poke|p2|Cresselia, L50, F|\n|poke|p2|Ursaluna-Bloodmoon, L50, M|\n|poke|p2|Iron Hands, L50|\n|poke|p2|Ogerpon-Wellspring, L50, F|\n|poke|p2|Arcanine-Hisui, L50, M|\n|poke|p2|Flutter Mane, L50|\n|teampreview|4\n|j| lucasarreguy\nlainshy has agreed to open team sheets.\n|j| Marcostap\n|j| Rebornsan93\n|j| Bard0_Gamer\n|j| ShimeNaruka\nLeon1das has agreed to open team sheets.\n|showteam|p1|Baxcalibur||LoadedDice|ThermalExchange|Protect,GlaiveRush,IcicleSpear,IceShard|||F|||50|,,,,,Ice]Kingambit||FocusSash|SupremeOverlord|SwordsDance,KowtowCleave,SuckerPunch,IronHead|||F|||50|,,,,,Poison]Ursaluna-Bloodmoon||Leftovers|MindsEye|CalmMind,BloodMoon,EarthPower,Moonlight|||M|||50|,,,,,Flying]Corviknight||RockyHelmet|MirrorArmor|BraveBird,BodyPress,Tailwind,Roost|||F|||50|,,,,,Dragon]Gholdengo||SitrusBerry|GoodasGold|NastyPlot,Protect,MakeItRain,ShadowBall||||||50|,,,,,Steel]Ribombee||HeavyDutyBoots|ShieldDust|StickyWeb,StunSpore,DazzlingGleam,PollenPuff|||F|||50|,,,,,Steel\n|showteam|p2|Cresselia||MentalHerb|Levitate|Psychic,HelpingHand,LunarBlessing,TrickRoom|||F|||50|,,,,,Fire]Ursaluna-Bloodmoon||ThroatSpray|MindsEye|BloodMoon,EarthPower,HyperVoice,Protect|||M|||50|,,,,,Grass]Iron Hands||AssaultVest|QuarkDrive|FakeOut,DrainPunch,WildCharge,HeavySlam||||||50|,,,,,Fire]Ogerpon-Wellspring||WellspringMask|WaterAbsorb|IvyCudgel,FollowMe,HornLeech,SpikyShield|||F|||50|,,,,,Water]Arcanine-Hisui||SitrusBerry|Intimidate|RockSlide,FlareBlitz,ExtremeSpeed,Protect|||M|||50|,,,,,Grass]Flutter Mane||BoosterEnergy|Protosynthesis|Moonblast,ShadowBall,DazzlingGleam,Protect||||||50|,,,,,Fairy\n|c| lucasarreguy|podem come\u00e7ar\n|\n|t:|1699663727\n|start\n|switch|p1a: Corviknight|Corviknight, L50, F|100\/100\n|switch|p1b: Ursaluna|Ursaluna-Bloodmoon, L50, M|100\/100\n|switch|p2a: Celinha|Cresselia, L50, F|100\/100\n|switch|p2b: Lana del Rey|Ogerpon-Wellspring, L50, F|100\/100\n|turn|1\n|\n|t:|1699663789\n|-terastallize|p2b: Lana del Rey|Water\n|detailschange|p2b: Lana del Rey|Ogerpon-Wellspring-Tera, L50, F, tera:Water\n|-ability|p2b: Lana del Rey|Embody Aspect (Wellspring)|boost\n|-boost|p2b: Lana del Rey|spd|1\n|move|p2a: Celinha|Helping Hand|p2b: Lana del Rey\n|-singleturn|p2b: Lana del Rey|Helping Hand|[of] p2a: Celinha\n|move|p2b: Lana del Rey|Ivy Cudgel|p1b: Ursaluna\n|-supereffective|p1b: Ursaluna\n|-damage|p1b: Ursaluna|0 fnt\n|faint|p1b: Ursaluna\n|move|p1a: Corviknight|Brave Bird|p2a: Celinha\n|-damage|p2a: Celinha|79\/100\n|-damage|p1a: Corviknight|93\/100|[from] Recoil\n|\n|upkeep\n|c|\u2606lainshy|ai\n|\n|t:|1699663807\n|switch|p1b: Gholdengo|Gholdengo, L50|100\/100\n|turn|2\n|\n|t:|1699663847\n|move|p2b: Lana del Rey|Spiky Shield|p2b: Lana del Rey\n|-singleturn|p2b: Lana del Rey|move: Protect\n|move|p1b: Gholdengo|Shadow Ball|p2a: Celinha\n|-supereffective|p2a: Celinha\n|-damage|p2a: Celinha|29\/100\n|-unboost|p2a: Celinha|spd|1\n|move|p1a: Corviknight|Brave Bird|p2a: Celinha\n|-damage|p2a: Celinha|6\/100\n|-damage|p1a: Corviknight|84\/100|[from] Recoil\n|move|p2a: Celinha|Trick Room|p2a: Celinha\n|-fieldstart|move: Trick Room|[of] p2a: Celinha\n|\n|upkeep\n|turn|3\n|\n|t:|1699663891\n|move|p2a: Celinha|Helping Hand|p2b: Lana del Rey\n|-singleturn|p2b: Lana del Rey|Helping Hand|[of] p2a: Celinha\n|move|p1a: Corviknight|Brave Bird|p2b: Lana del Rey\n|-damage|p2b: Lana del Rey|60\/100\n|-damage|p1a: Corviknight|72\/100|[from] Recoil\n|move|p1b: Gholdengo|Make It Rain|p2b: Lana del Rey|[spread] p2a,p2b\n|-resisted|p2b: Lana del Rey\n|-crit|p2b: Lana del Rey\n|-damage|p2a: Celinha|0 fnt\n|-damage|p2b: Lana del Rey|23\/100\n|-unboost|p1b: Gholdengo|spa|1\n|faint|p2a: Celinha\n|move|p2b: Lana del Rey|Ivy Cudgel|p1b: Gholdengo\n|-damage|p1b: Gholdengo|0 fnt\n|faint|p1b: Gholdengo\n|\n|upkeep\n|\n|t:|1699663912\n|switch|p2a: Michelangelo|Iron Hands, L50|100\/100\n|switch|p1b: Kingambit|Kingambit, L50, F|100\/100\n|-activate|p1b: Kingambit|ability: Supreme Overlord\n|-start|p1b: Kingambit|fallen2|[silent]\n|turn|4\n|j| PSmonteiro\n|\n|t:|1699663936\n|move|p2b: Lana del Rey|Spiky Shield|p2b: Lana del Rey\n|-singleturn|p2b: Lana del Rey|move: Protect\n|move|p1b: Kingambit|Kowtow Cleave|p2b: Lana del Rey\n|-activate|p2b: Lana del Rey|move: Protect\n|-damage|p1b: Kingambit|88\/100|[from] Spiky Shield|[of] p2b: Lana del Rey\n|move|p2a: Michelangelo|Drain Punch|p1b: Kingambit\n|-supereffective|p1b: Kingambit\n|-damage|p1b: Kingambit|0 fnt\n|faint|p1b: Kingambit\n|-end|p1b: Kingambit|fallen2|[silent]\n|move|p1a: Corviknight|Brave Bird|p2a: Michelangelo\n|-damage|p2a: Michelangelo|74\/100\n|-damage|p1a: Corviknight|62\/100|[from] Recoil\n|\n|upkeep\n|turn|5\n|c|\u2606lainshy|qq ;-;\n|\n|t:|1699664000\n|move|p2b: Lana del Rey|Follow Me|p2b: Lana del Rey\n|-singleturn|p2b: Lana del Rey|move: Follow Me\n|move|p2a: Michelangelo|Wild Charge|p1a: Corviknight\n|-supereffective|p1a: Corviknight\n|-damage|p1a: Corviknight|3\/100\n|-damage|p2a: Michelangelo|57\/100|[from] item: Rocky Helmet|[of] p1a: Corviknight\n|-damage|p2a: Michelangelo|45\/100|[from] Recoil\n|move|p1a: Corviknight|Brave Bird|p2b: Lana del Rey\n|-damage|p2b: Lana del Rey|0 fnt\n|faint|p2b: Lana del Rey\n|-damage|p1a: Corviknight|0 fnt|[from] Recoil\n|faint|p1a: Corviknight\n|\n|win|Leon1das\n|inactive|lainshy has 50 seconds to confirm battle start!\n|inactive|Leon1das has 50 seconds to confirm battle start!\n|c|&|\/uhtml prompt-lainshy,lainshy is ready for game 3!\n","uploadtime":1699664016,"views":19,"p1id":"lainshy","p2id":"leon1das","formatid":"gen9vgc2023regulatione","rating":0,"private":0,"password":""}