{"id":"gen9vgc2023regulatione-1999857082","p1":"tiiibbs","p2":"testlab12","format":"[Gen 9] VGC 2023 Regulation E","log":"|j|\u2606tiiibbs\n|j|\u2606testlab12\n|n|\u2606tiiibbs|tiiibbs\n|n|\u2606testlab12|testlab12\n|html|View the match progress at <a href=\"\/game-bestof3-gen9vgc2023regulatione-1999852923\">game-bestof3-gen9vgc2023regulatione-1999852923<\/a>\n|t:|1701123330\n|gametype|doubles\n|player|p1|tiiibbs|clay|\n|player|p2|testlab12|ghetsis|\n|teamsize|p1|6\n|teamsize|p2|6\n|gen|9\n|tier|[Gen 9] VGC 2023 Regulation E\n|rule|Species Clause: Limit one of each Pok\u00e9mon\n|rule|Item Clause: Limit one of each item\n|clearpoke\n|poke|p1|Urshifu-*, L50, F|\n|poke|p1|Rillaboom, L50, M|\n|poke|p1|Hawlucha, L50, F|\n|poke|p1|Zapdos, L50|\n|poke|p1|Tinkaton, L50, F|\n|poke|p1|Persian-Alola, L50, F|\n|poke|p2|Iron Hands, L50|\n|poke|p2|Ogerpon, L50, F|\n|poke|p2|Arcanine-Hisui, L50, F|\n|poke|p2|Krookodile, L50, F|\n|poke|p2|Clefairy, L50, F|\n|poke|p2|Bruxish, L50, M|\n|teampreview|4\n|c|\u2606testlab12|i was not ready for this\ntiiibbs has agreed to open team sheets.\ntestlab12 has agreed to open team sheets.\n|showteam|p1|Urshifu-Rapid-Strike||ClearAmulet|UnseenFist|SurgingStrikes,TeraBlast,BulkUp,Protect|||F|||50|,,,,,Fairy]Rillaboom||OccaBerry|GrassySurge|FakeOut,GrassyGlide,StompingTantrum,Uturn|||M|||50|,,,,,Dragon]Hawlucha||GrassySeed|Unburden|Acrobatics,CloseCombat,Protect,SwordsDance|||F|||50|,,,,,Flying]Zapdos||CovertCloak|Static|Hurricane,Thunderbolt,Tailwind,VoltSwitch||||||50|,,,,,Electric]Tinkaton||RedCard|MoldBreaker|FakeOut,PlayRough,Encore,ThunderWave|||F|||50|,,,,,Fairy]Persian-Alola||ChoiceScarf|FurCoat|FakeOut,PartingShot,Switcheroo,FoulPlay|||F|||50|,,,,,Dark\n|showteam|p2|Iron Hands||BoosterEnergy|QuarkDrive|DrainPunch,ThunderPunch,FakeOut,SwordsDance||||||50|,,,,,Fighting]Ogerpon||RazorClaw|Defiant|IvyCudgel,StompingTantrum,KnockOff,SpikyShield|||F|||50|,,,,,Grass]Arcanine-Hisui||ChoiceScarf|Intimidate|ExtremeSpeed,FlareBlitz,RockSlide,TeraBlast|||F|||50|,,,,,Fairy]Krookodile||AssaultVest|Intimidate|HighHorsepower,KnockOff,CloseCombat,RockSlide|||F|||50|,,,,,Ground]Clefairy||Eviolite|FriendGuard|HealPulse,HelpingHand,FollowMe,Protect|||F|||50|,,,,,Fairy]Bruxish||SitrusBerry|Dazzling|WaveCrash,PsychicFangs,Taunt,Protect|||M|||50|,,,,,Water\n|\n|t:|1701123405\n|start\n|switch|p1a: Persian|Persian-Alola, L50, F|100\/100\n|switch|p1b: Rillaboom|Rillaboom, L50, M|100\/100\n|switch|p2a: Ogerpon|Ogerpon, L50, F|100\/100\n|switch|p2b: Arcanine|Arcanine-Hisui, L50, F|100\/100\n|-ability|p2b: Arcanine|Intimidate|boost\n|-unboost|p1a: Persian|atk|1\n|-unboost|p1b: Rillaboom|atk|1\n|-fieldstart|move: Grassy Terrain|[from] ability: Grassy Surge|[of] p1b: Rillaboom\n|turn|1\n|\n|t:|1701123478\n|-terastallize|p2b: Arcanine|Fairy\n|move|p1b: Rillaboom|Fake Out|p2b: Arcanine\n|-damage|p2b: Arcanine|92\/100\n|move|p1a: Persian|Switcheroo|p2a: Ogerpon\n|-activate|p1a: Persian|move: Trick|[of] p2a: Ogerpon\n|-item|p2a: Ogerpon|Choice Scarf|[from] move: Switcheroo\n|-item|p1a: Persian|Razor Claw|[from] move: Switcheroo\n|move|p2a: Ogerpon|Ivy Cudgel|p1a: Persian\n|-damage|p1a: Persian|61\/100\n|cant|p2b: Arcanine|flinch\n|\n|-heal|p2b: Arcanine|98\/100|[from] Grassy Terrain\n|-heal|p1a: Persian|67\/100|[from] Grassy Terrain\n|upkeep\n|turn|2\n|\n|t:|1701123525\n|move|p2a: Ogerpon|Ivy Cudgel|p1a: Persian\n|-damage|p1a: Persian|26\/100\n|move|p2b: Arcanine|Rock Slide|p1a: Persian|[spread] p1a,p1b\n|-damage|p1a: Persian|9\/100\n|-damage|p1b: Rillaboom|82\/100\n|cant|p1a: Persian|flinch\n|cant|p1b: Rillaboom|flinch\n|\n|-heal|p2b: Arcanine|100\/100|[from] Grassy Terrain\n|-heal|p1a: Persian|16\/100|[from] Grassy Terrain\n|-heal|p1b: Rillaboom|87\/100|[from] Grassy Terrain\n|upkeep\n|turn|3\n|\n|t:|1701123553\n|switch|p1a: Tinkaton|Tinkaton, L50, F|100\/100\n|-ability|p1a: Tinkaton|Mold Breaker\n|move|p2a: Ogerpon|Ivy Cudgel|p1b: Rillaboom\n|-resisted|p1b: Rillaboom\n|-damage|p1b: Rillaboom|64\/100\n|move|p2b: Arcanine|Rock Slide|p1b: Rillaboom|[spread] p1a\n|-miss|p2b: Arcanine|p1b: Rillaboom\n|-resisted|p1a: Tinkaton\n|-damage|p1a: Tinkaton|86\/100\n|-enditem|p1a: Tinkaton|Red Card|[of] p2b: Arcanine\n|drag|p2b: Iron Hands|Iron Hands, L50|100\/100\n|-enditem|p2b: Iron Hands|Booster Energy\n|-activate|p2b: Iron Hands|ability: Quark Drive|[fromitem]\n|-start|p2b: Iron Hands|quarkdriveatk\n|move|p1b: Rillaboom|U-turn|p2a: Ogerpon\n|-supereffective|p2a: Ogerpon\n|-damage|p2a: Ogerpon|68\/100\n|\n|t:|1701123571\n|switch|p1b: Urshifu|Urshifu-Rapid-Strike, L50, F|100\/100|[from] U-turn\n|\n|-heal|p2a: Ogerpon|74\/100|[from] Grassy Terrain\n|-heal|p1a: Tinkaton|93\/100|[from] Grassy Terrain\n|upkeep\n|turn|4\n|\n|t:|1701123641\n|-terastallize|p1b: Urshifu|Fairy\n|move|p1a: Tinkaton|Fake Out|p2b: Iron Hands\n|-damage|p2b: Iron Hands|96\/100\n|cant|p2b: Iron Hands|flinch\n|move|p2a: Ogerpon|Ivy Cudgel|p1b: Urshifu\n|-damage|p1b: Urshifu|35\/100\n|move|p1b: Urshifu|Tera Blast|p2b: Iron Hands|[anim] Tera Blast Fairy\n|-supereffective|p2b: Iron Hands\n|-crit|p2b: Iron Hands\n|-damage|p2b: Iron Hands|8\/100\n|\n|-heal|p2a: Ogerpon|80\/100|[from] Grassy Terrain\n|-heal|p1b: Urshifu|41\/100|[from] Grassy Terrain\n|-heal|p1a: Tinkaton|99\/100|[from] Grassy Terrain\n|-heal|p2b: Iron Hands|14\/100|[from] Grassy Terrain\n|upkeep\n|turn|5\n|\n|t:|1701123673\n|switch|p1b: Persian|Persian-Alola, L50, F|16\/100\n|move|p2a: Ogerpon|Ivy Cudgel|p1b: Persian\n|-damage|p1b: Persian|0 fnt\n|faint|p1b: Persian\n|move|p1a: Tinkaton|Play Rough|p2b: Iron Hands\n|-supereffective|p2b: Iron Hands\n|-damage|p2b: Iron Hands|0 fnt\n|faint|p2b: Iron Hands\n|-end|p2b: Iron Hands|Quark Drive|[silent]\n|\n|-heal|p2a: Ogerpon|86\/100|[from] Grassy Terrain\n|-heal|p1a: Tinkaton|100\/100|[from] Grassy Terrain\n|-fieldend|move: Grassy Terrain\n|upkeep\n|\n|t:|1701123683\n|switch|p1b: Rillaboom|Rillaboom, L50, M|64\/100\n|switch|p2b: Arcanine|Arcanine-Hisui, L50, F, tera:Fairy|100\/100\n|-ability|p2b: Arcanine|Intimidate|boost\n|-unboost|p1a: Tinkaton|atk|1\n|-unboost|p1b: Rillaboom|atk|1\n|-fieldstart|move: Grassy Terrain|[from] ability: Grassy Surge|[of] p1b: Rillaboom\n|turn|6\n|\n|t:|1701123697\n|switch|p2a: Bruxish|Bruxish, L50, M|100\/100\n|move|p1b: Rillaboom|Fake Out||[still]\n|cant|p2a: Bruxish|ability: Dazzling|Fake Out|[of] p1b: Rillaboom\n|move|p2b: Arcanine|Flare Blitz|p1a: Tinkaton\n|-supereffective|p1a: Tinkaton\n|-damage|p1a: Tinkaton|0 fnt\n|faint|p1a: Tinkaton\n|-damage|p2b: Arcanine|65\/100|[from] Recoil\n|\n|-heal|p2b: Arcanine|71\/100|[from] Grassy Terrain\n|-heal|p1b: Rillaboom|70\/100|[from] Grassy Terrain\n|upkeep\n|\n|t:|1701123702\n|switch|p1a: Urshifu|Urshifu-Rapid-Strike, L50, F, tera:Fairy|41\/100\n|turn|7\n|\n|t:|1701123727\n|move|p1a: Urshifu|Protect|p1a: Urshifu\n|-singleturn|p1a: Urshifu|Protect\n|move|p2b: Arcanine|Flare Blitz|p1a: Urshifu\n|-activate|p1a: Urshifu|move: Protect\n|move|p1b: Rillaboom|U-turn|p2a: Bruxish\n|-supereffective|p2a: Bruxish\n|-damage|p2a: Bruxish|70\/100\n|move|p2a: Bruxish|Psychic Fangs|p1b: Rillaboom\n|-damage|p1b: Rillaboom|49\/100\n|\n|-heal|p2b: Arcanine|78\/100|[from] Grassy Terrain\n|-heal|p1a: Urshifu|47\/100|[from] Grassy Terrain\n|-heal|p1b: Rillaboom|55\/100|[from] Grassy Terrain\n|-heal|p2a: Bruxish|75\/100|[from] Grassy Terrain\n|upkeep\n|turn|8\n|\n|t:|1701123740\n|move|p2b: Arcanine|Flare Blitz|p1a: Urshifu\n|-damage|p1a: Urshifu|0 fnt\n|faint|p1a: Urshifu\n|-damage|p2b: Arcanine|63\/100|[from] Recoil\n|move|p2a: Bruxish|Psychic Fangs|p1b: Rillaboom\n|-damage|p1b: Rillaboom|35\/100\n|move|p1b: Rillaboom|U-turn|p2a: Bruxish\n|-supereffective|p2a: Bruxish\n|-crit|p2a: Bruxish\n|-damage|p2a: Bruxish|2\/100\n|-enditem|p2a: Bruxish|Sitrus Berry|[eat]\n|-heal|p2a: Bruxish|27\/100|[from] item: Sitrus Berry\n|\n|-heal|p2b: Arcanine|69\/100|[from] Grassy Terrain\n|-heal|p1b: Rillaboom|41\/100|[from] Grassy Terrain\n|-heal|p2a: Bruxish|32\/100|[from] Grassy Terrain\n|upkeep\n|turn|9\n|\n|t:|1701123749\n|move|p2b: Arcanine|Flare Blitz|p1b: Rillaboom\n|-supereffective|p1b: Rillaboom\n|-enditem|p1b: Rillaboom|Occa Berry|[eat]\n|-enditem|p1b: Rillaboom|Occa Berry|[weaken]\n|-damage|p1b: Rillaboom|0 fnt\n|faint|p1b: Rillaboom\n|-damage|p2b: Arcanine|54\/100|[from] Recoil\n|\n|win|testlab12\n|c|\u2606testlab12|gg\n|c|&|\/uhtml prompt-testlab12,testlab12 is ready for game 3!\n|c|\u2606tiiibbs|gg\n|c|&|\/uhtml prompt-testlab12,testlab12 is ready for game 3!\n|c|&|\/uhtml prompt-tiiibbs,tiiibbs is ready for game 3!\nBoth players are ready! Starting next match!\n|l|\u2606testlab12\n","uploadtime":1701124099,"views":10,"p1id":"tiiibbs","p2id":"testlab12","formatid":"gen9vgc2023regulatione","rating":0,"private":0,"password":""}