{"id":"gen9vgc2023regulatione-1998711700","p1":"RealAlternative","p2":"BongApplePeach","format":"[Gen 9] VGC 2023 Regulation E","log":"|j|\u2606RealAlternative\n|j|\u2606BongApplePeach\n|t:|1700976226\n|gametype|doubles\n|player|p1|RealAlternative|clair|1081\n|player|p2|BongApplePeach|2|1000\n|teamsize|p1|6\n|teamsize|p2|6\n|gen|9\n|tier|[Gen 9] VGC 2023 Regulation E\n|rated|\n|rule|Species Clause: Limit one of each Pok\u00e9mon\n|rule|Item Clause: Limit one of each item\n|clearpoke\n|poke|p1|Mienshao, L50, M|\n|poke|p1|Ninetales-Alola, L50, F|\n|poke|p1|Baxcalibur, L50, F|\n|poke|p1|Milotic, L50, F|\n|poke|p1|Moltres-Galar, L50|\n|poke|p1|Heatran, L50, M|\n|poke|p2|Sinistcha, L50|\n|poke|p2|Ursaluna-Bloodmoon, L50, M|\n|poke|p2|Iron Hands, L50|\n|poke|p2|Flutter Mane, L50|\n|poke|p2|Ogerpon-Wellspring, L50, F|\n|poke|p2|Farigiraf, L50, M|\n|teampreview|4\n|inactive|Battle timer is ON: inactive players will automatically lose when time's up. (requested by BongApplePeach)\n|inactive|RealAlternative has 60 seconds left.\n|\n|t:|1700976296\n|start\n|switch|p1a: Ninetales|Ninetales-Alola, L50, F|100\/100\n|switch|p1b: Moltres|Moltres-Galar, L50|100\/100\n|switch|p2a: Iron Hands|Iron Hands, L50|100\/100\n|switch|p2b: Farigiraf|Farigiraf, L50, M|100\/100\n|-weather|Snow|[from] ability: Snow Warning|[of] p1a: Ninetales\n|turn|1\n|inactive|BongApplePeach has 30 seconds left.\n|inactive|BongApplePeach has 20 seconds left.\n|inactive|RealAlternative has 30 seconds left.\n|inactive|BongApplePeach has 15 seconds left.\n|\n|t:|1700976338\n|-terastallize|p1b: Moltres|Poison\n|move|p2a: Iron Hands|Fake Out|p1b: Moltres\n|-damage|p1b: Moltres|85\/100\n|move|p1a: Ninetales|Aurora Veil|p1a: Ninetales\n|-sidestart|p1: RealAlternative|move: Aurora Veil\n|cant|p1b: Moltres|flinch\n|move|p2b: Farigiraf|Trick Room|p2b: Farigiraf\n|-fieldstart|move: Trick Room|[of] p2b: Farigiraf\n|\n|-weather|Snow|[upkeep]\n|upkeep\n|turn|2\n|\n|t:|1700976362\n|move|p1b: Moltres|Protect|p1b: Moltres\n|-singleturn|p1b: Moltres|Protect\n|move|p2a: Iron Hands|Wild Charge|p1b: Moltres\n|-activate|p1b: Moltres|move: Protect\n|move|p2b: Farigiraf|Psychic|p1b: Moltres\n|-activate|p1b: Moltres|move: Protect\n|move|p1a: Ninetales|Encore|p2b: Farigiraf\n|-start|p2b: Farigiraf|Encore\n|\n|-weather|Snow|[upkeep]\n|upkeep\n|turn|3\n|\n|t:|1700976382\n|switch|p1b: Mienshao|Mienshao, L50, M|100\/100\n|move|p2a: Iron Hands|Drain Punch|p1a: Ninetales\n|-damage|p1a: Ninetales|80\/100\n|move|p2b: Farigiraf|Psychic|p1b: Mienshao\n|-supereffective|p1b: Mienshao\n|-enditem|p1b: Mienshao|Focus Sash\n|-damage|p1b: Mienshao|1\/100\n|move|p1a: Ninetales|Moonblast|p2a: Iron Hands\n|-supereffective|p2a: Iron Hands\n|-damage|p2a: Iron Hands|68\/100\n|\n|-weather|Snow|[upkeep]\n|upkeep\n|turn|4\n|inactive|BongApplePeach has 30 seconds left.\n|inactive|BongApplePeach has 20 seconds left.\n|inactive|RealAlternative has 30 seconds left.\n|inactive|BongApplePeach has 15 seconds left.\n|\n|t:|1700976426\n|switch|p1a: Moltres|Moltres-Galar, L50, tera:Poison|85\/100\n|move|p2a: Iron Hands|Volt Switch|p1b: Mienshao\n|-damage|p1b: Mienshao|0 fnt\n|faint|p1b: Mienshao\n|\n|t:|1700976435\n|-end|p2a: Iron Hands|Quark Drive|[silent]\n|switch|p2a: Ursaluna|Ursaluna-Bloodmoon, L50, M|100\/100|[from] Volt Switch\n|move|p2b: Farigiraf|Psychic|p1a: Moltres\n|-supereffective|p1a: Moltres\n|-damage|p1a: Moltres|47\/100\n|-ability|p1a: Moltres|Berserk|boost\n|-boost|p1a: Moltres|spa|1\n|-enditem|p1a: Moltres|Sitrus Berry|[eat]\n|-heal|p1a: Moltres|72\/100|[from] item: Sitrus Berry\n|\n|-weather|Snow|[upkeep]\n|upkeep\n|\n|t:|1700976449\n|switch|p1b: Ninetales|Ninetales-Alola, L50, F|80\/100\n|turn|5\n|\n|t:|1700976472\n|-terastallize|p2a: Ursaluna|Normal\n|move|p1a: Moltres|Protect|p1a: Moltres\n|-singleturn|p1a: Moltres|Protect\n|move|p2a: Ursaluna|Hyper Voice|p1b: Ninetales|[spread] p1b\n|-activate|p1a: Moltres|move: Protect\n|-damage|p1b: Ninetales|41\/100\n|-enditem|p2a: Ursaluna|Throat Spray\n|-boost|p2a: Ursaluna|spa|1|[from] item: Throat Spray\n|move|p2b: Farigiraf|Psychic|p1a: Moltres\n|-activate|p1a: Moltres|move: Protect\n|move|p1b: Ninetales|Moonblast|p2a: Ursaluna\n|-crit|p2a: Ursaluna\n|-damage|p2a: Ursaluna|53\/100\n|\n|-weather|none\n|-end|p2b: Farigiraf|Encore\n|-fieldend|move: Trick Room\n|upkeep\n|turn|6\n|inactive|BongApplePeach has 30 seconds left.\n|\n|t:|1700976501\n|move|p2a: Ursaluna|Protect|p2a: Ursaluna\n|-singleturn|p2a: Ursaluna|Protect\n|move|p1b: Ninetales|Icy Wind|p2a: Ursaluna|[spread] p2b\n|-activate|p2a: Ursaluna|move: Protect\n|-damage|p2b: Farigiraf|86\/100\n|-unboost|p2b: Farigiraf|spe|1\n|move|p1a: Moltres|Fiery Wrath|p2a: Ursaluna|[spread] p2b\n|-activate|p2a: Ursaluna|move: Protect\n|-supereffective|p2b: Farigiraf\n|-damage|p2b: Farigiraf|7\/100\n|-enditem|p2b: Farigiraf|Sitrus Berry|[eat]\n|-heal|p2b: Farigiraf|32\/100|[from] item: Sitrus Berry\n|move|p2b: Farigiraf|Trick Room|p2b: Farigiraf\n|-fieldstart|move: Trick Room|[of] p2b: Farigiraf\n|\n|upkeep\n|turn|7\n|inactive|BongApplePeach has 30 seconds left.\n|\n|t:|1700976531\n|switch|p1b: Baxcalibur|Baxcalibur, L50, F|100\/100\n|move|p2a: Ursaluna|Hyper Voice|p1a: Moltres|[spread] p1a,p1b\n|-damage|p1a: Moltres|32\/100\n|-damage|p1b: Baxcalibur|51\/100\n|-ability|p1a: Moltres|Berserk|boost\n|-boost|p1a: Moltres|spa|1\n|move|p2b: Farigiraf|Nasty Plot|p2b: Farigiraf\n|-boost|p2b: Farigiraf|spa|2\n|move|p1a: Moltres|Fiery Wrath|p2a: Ursaluna|[spread] p2a,p2b\n|-supereffective|p2b: Farigiraf\n|-damage|p2a: Ursaluna|0 fnt\n|-damage|p2b: Farigiraf|0 fnt\n|faint|p2a: Ursaluna\n|faint|p2b: Farigiraf\n|\n|upkeep\n|\n|t:|1700976538\n|switch|p2a: Iron Hands|Iron Hands, L50|68\/100\n|switch|p2b: Sinistcha|Sinistcha, L50|100\/100\n|-heal|p2a: Iron Hands|93\/100|[from] ability: Hospitality|[of] p2b: Sinistcha\n|turn|8\n|inactive|RealAlternative has 30 seconds left.\n|inactive|BongApplePeach has 30 seconds left.\n|\n|t:|1700976571\n|switch|p1b: Ninetales|Ninetales-Alola, L50, F|41\/100\n|-weather|Snow|[from] ability: Snow Warning|[of] p1b: Ninetales\n|move|p2a: Iron Hands|Drain Punch|p1b: Ninetales\n|-damage|p1b: Ninetales|19\/100\n|-heal|p2a: Iron Hands|100\/100|[from] drain|[of] p1b: Ninetales\n|move|p2b: Sinistcha|Matcha Gotcha|p1b: Ninetales|[spread] p1a,p1b\n|-resisted|p1a: Moltres\n|-crit|p1b: Ninetales\n|-damage|p1a: Moltres|27\/100\n|-damage|p1b: Ninetales|0 fnt\n|faint|p1b: Ninetales\n|move|p1a: Moltres|Fiery Wrath|p2b: Sinistcha|[spread] p2a,p2b\n|-resisted|p2a: Iron Hands\n|-supereffective|p2b: Sinistcha\n|-damage|p2a: Iron Hands|87\/100\n|-damage|p2b: Sinistcha|0 fnt\n|faint|p2b: Sinistcha\n|\n|-weather|Snow|[upkeep]\n|-sideend|p1: RealAlternative|move: Aurora Veil\n|upkeep\n|\n|t:|1700976588\n|switch|p1b: Baxcalibur|Baxcalibur, L50, F|51\/100\n|turn|9\n|\n|t:|1700976607\n|move|p2a: Iron Hands|Drain Punch|p1b: Baxcalibur\n|-supereffective|p1b: Baxcalibur\n|-damage|p1b: Baxcalibur|4\/100\n|-heal|p2a: Iron Hands|100\/100|[from] drain|[of] p1b: Baxcalibur\n|move|p1b: Baxcalibur|Swords Dance|p1b: Baxcalibur\n|-boost|p1b: Baxcalibur|atk|2\n|move|p1a: Moltres|Fiery Wrath|p2a: Iron Hands\n|-resisted|p2a: Iron Hands\n|-damage|p2a: Iron Hands|80\/100\n|\n|-weather|Snow|[upkeep]\n|-heal|p1b: Baxcalibur|10\/100|[from] ability: Ice Body\n|upkeep\n|turn|10\n|\n|t:|1700976628\n|move|p1b: Baxcalibur|Protect|p1b: Baxcalibur\n|-singleturn|p1b: Baxcalibur|Protect\n|move|p1a: Moltres|Protect|p1a: Moltres\n|-singleturn|p1a: Moltres|Protect\n|move|p2a: Iron Hands|Drain Punch|p1b: Baxcalibur\n|-activate|p1b: Baxcalibur|move: Protect\n|\n|-weather|Snow|[upkeep]\n|-heal|p1b: Baxcalibur|16\/100|[from] ability: Ice Body\n|-fieldend|move: Trick Room\n|upkeep\n|turn|11\n|-message|BongApplePeach forfeited.\n|\n|win|RealAlternative\n|raw|RealAlternative's rating: 1081 &rarr; <strong>1102<\/strong><br \/>(+21 for winning)\n|raw|BongApplePeach's rating: 1000 &rarr; <strong>1000<\/strong><br \/>(+0 for losing)\n|l|\u2606BongApplePeach\n","uploadtime":1700976641,"views":14,"p1id":"realalternative","p2id":"bongapplepeach","formatid":"gen9vgc2023regulatione","rating":1000,"private":0,"password":""}