{"id":"gen9vgc2023regulatione-1998448594","p1":"Wethus","p2":"testhan92","format":"[Gen 9] VGC 2023 Regulation E","log":"|j|\u2606Wethus\n|j|\u2606testhan92\n|t:|1700943492\n|gametype|doubles\n|player|p1|Wethus|101|1333\n|player|p2|testhan92|2|1393\n|teamsize|p1|6\n|teamsize|p2|6\n|gen|9\n|tier|[Gen 9] VGC 2023 Regulation E\n|rated|\n|rule|Species Clause: Limit one of each Pok\u00e9mon\n|rule|Item Clause: Limit one of each item\n|clearpoke\n|poke|p1|Articuno-Galar, L50|\n|poke|p1|Fezandipiti, L50, M|\n|poke|p1|Iron Hands, L50|\n|poke|p1|Samurott-Hisui, L50, F|\n|poke|p1|Ceruledge, L50, F|\n|poke|p1|Dusclops, L50, M|\n|poke|p2|Ogerpon-Wellspring, L50, F|\n|poke|p2|Chien-Pao, L50|\n|poke|p2|Landorus-Therian, L50, M|\n|poke|p2|Flutter Mane, L50|\n|poke|p2|Iron Hands, L50|\n|poke|p2|Amoonguss, L50, F|\n|teampreview|4\n|inactive|Battle timer is ON: inactive players will automatically lose when time's up. (requested by Wethus)\n|inactive|Wethus has 60 seconds left.\n|inactive|testhan92 has 60 seconds left.\n|\n|t:|1700943538\n|start\n|switch|p1a: Articuno|Articuno-Galar, L50|100\/100\n|switch|p1b: Iron Hands|Iron Hands, L50|100\/100\n|switch|p2a: Flutter Mane|Flutter Mane, L50|100\/100\n|switch|p2b: Iron Hands|Iron Hands, L50|100\/100\n|-enditem|p2a: Flutter Mane|Booster Energy\n|-activate|p2a: Flutter Mane|ability: Protosynthesis|[fromitem]\n|-start|p2a: Flutter Mane|protosynthesisspe\n|turn|1\n|inactive|Wethus has 30 seconds left.\n|\n|t:|1700943567\n|move|p2b: Iron Hands|Fake Out|p1b: Iron Hands\n|-damage|p1b: Iron Hands|90\/100\n|move|p2a: Flutter Mane|Substitute|p2a: Flutter Mane\n|-start|p2a: Flutter Mane|Substitute\n|-damage|p2a: Flutter Mane|75\/100\n|move|p1a: Articuno|Tailwind|p1a: Articuno\n|-sidestart|p1: Wethus|move: Tailwind\n|cant|p1b: Iron Hands|flinch\n|\n|upkeep\n|turn|2\n|\n|t:|1700943586\n|move|p2a: Flutter Mane|Protect|p2a: Flutter Mane\n|-singleturn|p2a: Flutter Mane|Protect\n|move|p1a: Articuno|Freezing Glare|p2a: Flutter Mane\n|-activate|p2a: Flutter Mane|move: Protect\n|move|p1b: Iron Hands|Heavy Slam|p2a: Flutter Mane\n|-activate|p2a: Flutter Mane|move: Protect\n|move|p2b: Iron Hands|Volt Switch|p1a: Articuno\n|-supereffective|p1a: Articuno\n|-damage|p1a: Articuno|71\/100\n|\n|t:|1700943596\n|-end|p2b: Iron Hands|Quark Drive|[silent]\n|switch|p2b: Amoonguss|Amoonguss, L50, F|100\/100|[from] Volt Switch\n|\n|upkeep\n|turn|3\n|inactive|testhan92 has 30 seconds left.\n|\n|t:|1700943631\n|move|p2b: Amoonguss|Rage Powder|p2b: Amoonguss\n|-singleturn|p2b: Amoonguss|move: Rage Powder\n|move|p1a: Articuno|Freezing Glare|p2b: Amoonguss\n|-supereffective|p2b: Amoonguss\n|-damage|p2b: Amoonguss|10\/100\n|-status|p2b: Amoonguss|frz\n|-enditem|p2b: Amoonguss|Sitrus Berry|[eat]\n|-heal|p2b: Amoonguss|35\/100 frz|[from] item: Sitrus Berry\n|move|p2a: Flutter Mane|Shadow Ball|p1a: Articuno\n|-supereffective|p1a: Articuno\n|-damage|p1a: Articuno|0 fnt\n|faint|p1a: Articuno\n|move|p1b: Iron Hands|Heavy Slam|p2b: Amoonguss\n|-damage|p2b: Amoonguss|0 fnt\n|faint|p2b: Amoonguss\n|\n|upkeep\n|\n|t:|1700943656\n|switch|p1a: Fezandipiti|Fezandipiti, L50, M|100\/100\n|switch|p2b: Landorus|Landorus-Therian, L50, M|100\/100\n|-ability|p2b: Landorus|Intimidate|boost\n|-unboost|p1a: Fezandipiti|atk|1\n|-unboost|p1b: Iron Hands|atk|1\n|turn|4\n|inactive|Wethus has 30 seconds left.\n|inactive|Wethus has 20 seconds left.\n|inactive|Wethus has 15 seconds left.\n|\n|t:|1700943697\n|-end|p1b: Iron Hands|Quark Drive|[silent]\n|switch|p1b: Samurott|Samurott-Hisui, L50, F|100\/100\n|move|p2a: Flutter Mane|Moonblast|p1b: Samurott\n|-supereffective|p1b: Samurott\n|-damage|p1b: Samurott|0 fnt\n|faint|p1b: Samurott\n|move|p1a: Fezandipiti|Dual Wingbeat|p2a: Flutter Mane\n|-activate|p2a: Flutter Mane|move: Substitute|[damage]\n|-activate|p2a: Flutter Mane|move: Substitute|[damage]\n|-hitcount|p2a: Flutter Mane|2\n|move|p2b: Landorus|U-turn|p1a: Fezandipiti\n|-resisted|p1a: Fezandipiti\n|-damage|p1a: Fezandipiti|94\/100\n|\n|t:|1700943709\n|switch|p2b: Iron Hands|Iron Hands, L50|100\/100|[from] U-turn\n|\n|-sideend|p1: Wethus|move: Tailwind\n|upkeep\n|\n|t:|1700943718\n|switch|p1b: Iron Hands|Iron Hands, L50|90\/100\n|turn|5\n|\n|t:|1700943737\n|move|p1b: Iron Hands|Fake Out|p2b: Iron Hands\n|-damage|p2b: Iron Hands|89\/100\n|cant|p2b: Iron Hands|flinch\n|move|p2a: Flutter Mane|Moonblast|p1b: Iron Hands\n|-supereffective|p1b: Iron Hands\n|-damage|p1b: Iron Hands|30\/100\n|move|p1a: Fezandipiti|Dual Wingbeat|p2a: Flutter Mane\n|-end|p2a: Flutter Mane|Substitute\n|-damage|p2a: Flutter Mane|65\/100\n|-status|p2a: Flutter Mane|tox|[from] ability: Toxic Chain|[of] p1a: Fezandipiti\n|-hitcount|p2a: Flutter Mane|2\n|\n|-damage|p2a: Flutter Mane|59\/100 tox|[from] psn\n|upkeep\n|turn|6\n|inactive|Wethus has 30 seconds left.\n|inactive|testhan92 has 30 seconds left.\n|\n|t:|1700943766\n|-terastallize|p1b: Iron Hands|Grass\n|move|p2a: Flutter Mane|Moonblast|p1b: Iron Hands\n|-damage|p1b: Iron Hands|1\/100\n|move|p1a: Fezandipiti|Play Rough|p2b: Iron Hands\n|-supereffective|p2b: Iron Hands\n|-crit|p2b: Iron Hands\n|-damage|p2b: Iron Hands|19\/100\n|-unboost|p2b: Iron Hands|atk|1\n|-status|p2b: Iron Hands|tox|[from] ability: Toxic Chain|[of] p1a: Fezandipiti\n|move|p1b: Iron Hands|Heavy Slam|p2a: Flutter Mane\n|-supereffective|p2a: Flutter Mane\n|-damage|p2a: Flutter Mane|0 fnt\n|faint|p2a: Flutter Mane\n|-end|p2a: Flutter Mane|Protosynthesis|[silent]\n|move|p2b: Iron Hands|Volt Switch|p1b: Iron Hands\n|-resisted|p1b: Iron Hands\n|-damage|p1b: Iron Hands|0 fnt\n|faint|p1b: Iron Hands\n|-end|p1b: Iron Hands|Quark Drive|[silent]\n|\n|t:|1700943782\n|-end|p2b: Iron Hands|Quark Drive|[silent]\n|switch|p2b: Landorus|Landorus-Therian, L50, M|100\/100|[from] Volt Switch\n|-ability|p2b: Landorus|Intimidate|boost\n|-unboost|p1a: Fezandipiti|atk|1\n|\n|upkeep\n|\n|t:|1700943786\n|switch|p2a: Iron Hands|Iron Hands, L50|19\/100 tox\n|turn|7\n|\n|t:|1700943793\n|move|p1a: Fezandipiti|Protect|p1a: Fezandipiti\n|-singleturn|p1a: Fezandipiti|Protect\n|move|p2a: Iron Hands|Fake Out|p1a: Fezandipiti\n|-activate|p1a: Fezandipiti|move: Protect\n|move|p2b: Landorus|Stomping Tantrum|p1a: Fezandipiti\n|-activate|p1a: Fezandipiti|move: Protect\n|\n|-damage|p2a: Iron Hands|13\/100 tox|[from] psn\n|upkeep\n|turn|8\n|\n|t:|1700943811\n|move|p2b: Landorus|Stomping Tantrum|p1a: Fezandipiti\n|-supereffective|p1a: Fezandipiti\n|-damage|p1a: Fezandipiti|0 fnt\n|faint|p1a: Fezandipiti\n|\n|win|testhan92\n|raw|Wethus's rating: 1333 &rarr; <strong>1316<\/strong><br \/>(-17 for losing)\n|raw|testhan92's rating: 1393 &rarr; <strong>1410<\/strong><br \/>(+17 for winning)\n|l|\u2606Wethus\n","uploadtime":1700943825,"views":2,"p1id":"wethus","p2id":"testhan92","formatid":"gen9vgc2023regulatione","rating":1316,"private":0,"password":""}