{"id":"gen9vgc2023regulatione-1994264441","p1":"AncientFuture","p2":"bigbluebawlz","format":"[Gen 9] VGC 2023 Regulation E","log":"|j|\u2606AncientFuture\n|j|\u2606bigbluebawlz\n|t:|1700424925\n|gametype|doubles\n|player|p1|AncientFuture|zinzolin|\n|player|p2|bigbluebawlz|cilan|\n|teamsize|p1|6\n|teamsize|p2|6\n|gen|9\n|tier|[Gen 9] VGC 2023 Regulation E\n|rule|Species Clause: Limit one of each Pok\u00e9mon\n|rule|Item Clause: Limit one of each item\n|clearpoke\n|poke|p1|Goodra-Hisui, L50, M|\n|poke|p1|Sinistcha, L50|\n|poke|p1|Gyarados, L50, F|\n|poke|p1|Tauros-Paldea-Combat, L50, M|\n|poke|p1|Grimmsnarl, L50, M|\n|poke|p1|Grumpig, L50, F|\n|poke|p2|Mienshao, L50, F|\n|poke|p2|Tornadus-Therian, L50, M|\n|poke|p2|Pachirisu, L50, M|\n|poke|p2|Ursaluna-Bloodmoon, L50, M|\n|poke|p2|Glastrier, L50|\n|poke|p2|Lumineon, L50, M|\n|teampreview|4\n|c|\u2606bigbluebawlz|glhf\n|j| NoNotNobody\n|c|\u2606AncientFuture|glhf\n|\n|t:|1700424964\n|start\n|switch|p1a: Grimmsnarl|Grimmsnarl, L50, M|100\/100\n|switch|p1b: Grumpig|Grumpig, L50, F|100\/100\n|switch|p2a: Pachirisu|Pachirisu, L50, M|100\/100\n|switch|p2b: Ursaluna|Ursaluna-Bloodmoon, L50, M|100\/100\n|turn|1\n|\n|t:|1700424979\n|move|p1a: Grimmsnarl|Parting Shot|p2b: Ursaluna\n|-unboost|p2b: Ursaluna|atk|1\n|-unboost|p2b: Ursaluna|spa|1\n|\n|t:|1700424983\n|switch|p1a: Goodra|Goodra-Hisui, L50, M|100\/100|[from] Parting Shot\n|move|p2a: Pachirisu|Discharge|p1a: Goodra|[spread] p1a,p1b\n|-immune|p2b: Ursaluna\n|-resisted|p1a: Goodra\n|-damage|p1a: Goodra|97\/100\n|-damage|p1b: Grumpig|92\/100\n|move|p2b: Ursaluna|Calm Mind|p2b: Ursaluna\n|-boost|p2b: Ursaluna|spa|1\n|-boost|p2b: Ursaluna|spd|1\n|move|p1b: Grumpig|Psychic|p2a: Pachirisu\n|-damage|p2a: Pachirisu|68\/100\n|\n|-heal|p1a: Goodra|100\/100|[from] item: Leftovers\n|upkeep\n|turn|2\n|\n|t:|1700425004\n|move|p1a: Goodra|Protect|p1a: Goodra\n|-singleturn|p1a: Goodra|Protect\n|move|p2a: Pachirisu|Discharge|p1b: Grumpig|[spread] p1b\n|-activate|p1a: Goodra|move: Protect\n|-immune|p2b: Ursaluna\n|-damage|p1b: Grumpig|83\/100\n|move|p2b: Ursaluna|Earth Power|p1a: Goodra\n|-activate|p1a: Goodra|move: Protect\n|move|p1b: Grumpig|Nasty Plot|p1b: Grumpig\n|-boost|p1b: Grumpig|spa|2\n|\n|upkeep\n|turn|3\n|j| Cathybara\n|\n|t:|1700425018\n|switch|p1a: Grimmsnarl|Grimmsnarl, L50, M|100\/100\n|move|p2a: Pachirisu|Discharge|p1a: Grimmsnarl|[spread] p1a,p1b\n|-immune|p2b: Ursaluna\n|-damage|p1a: Grimmsnarl|91\/100\n|-damage|p1b: Grumpig|74\/100\n|move|p2b: Ursaluna|Blood Moon|p1b: Grumpig\n|-damage|p1b: Grumpig|6\/100\n|-enditem|p1b: Grumpig|Aguav Berry|[eat]\n|-heal|p1b: Grumpig|39\/100|[from] item: Aguav Berry\n|move|p1b: Grumpig|Psychic|p2a: Pachirisu\n|-damage|p2a: Pachirisu|5\/100\n|-enditem|p2a: Pachirisu|Sitrus Berry|[eat]\n|-heal|p2a: Pachirisu|30\/100|[from] item: Sitrus Berry\n|\n|-item|p2a: Pachirisu|Aguav Berry|[from] ability: Pickup\n|upkeep\n|turn|4\n|l| NoNotNobody\n|j| NoNotNobody\n|\n|t:|1700425034\n|move|p1b: Grumpig|Protect|p1b: Grumpig\n|-singleturn|p1b: Grumpig|Protect\n|move|p2a: Pachirisu|Discharge|p1a: Grimmsnarl|[spread] p1a\n|-activate|p1b: Grumpig|move: Protect\n|-immune|p2b: Ursaluna\n|-damage|p1a: Grimmsnarl|81\/100\n|move|p2b: Ursaluna|Calm Mind|p2b: Ursaluna\n|-boost|p2b: Ursaluna|spa|1\n|-boost|p2b: Ursaluna|spd|1\n|move|p1a: Grimmsnarl|Spirit Break|p2a: Pachirisu\n|-damage|p2a: Pachirisu|0 fnt\n|faint|p2a: Pachirisu\n|\n|upkeep\n|\n|t:|1700425043\n|switch|p2a: Mienshao|Mienshao, L50, F|100\/100\n|turn|5\n|\n|t:|1700425049\n|move|p2a: Mienshao|Fake Out|p1a: Grimmsnarl\n|-damage|p1a: Grimmsnarl|62\/100\n|move|p1a: Grimmsnarl|Parting Shot|p2b: Ursaluna\n|-unboost|p2b: Ursaluna|atk|1\n|-unboost|p2b: Ursaluna|spa|1\n|\n|t:|1700425054\n|switch|p1a: Goodra|Goodra-Hisui, L50, M|100\/100|[from] Parting Shot\n|move|p2b: Ursaluna|Hyper Voice|p1a: Goodra|[spread] p1a,p1b\n|-resisted|p1a: Goodra\n|-damage|p1a: Goodra|87\/100\n|-damage|p1b: Grumpig|8\/100\n|move|p1b: Grumpig|Psychic|p2a: Mienshao\n|-supereffective|p2a: Mienshao\n|-damage|p2a: Mienshao|0 fnt\n|faint|p2a: Mienshao\n|\n|-heal|p1a: Goodra|92\/100|[from] item: Leftovers\n|upkeep\n|\n|t:|1700425060\n|switch|p2a: Tornadus|Tornadus-Therian, L50, M|100\/100\n|turn|6\n|\n|t:|1700425071\n|-terastallize|p2a: Tornadus|Flying\n|move|p2a: Tornadus|Bleakwind Storm|p1a: Goodra|[spread] p1a,p1b\n|-resisted|p1a: Goodra\n|-damage|p1a: Goodra|73\/100\n|-damage|p1b: Grumpig|0 fnt\n|faint|p1b: Grumpig\n|-damage|p2a: Tornadus|91\/100|[from] item: Life Orb\n|move|p2b: Ursaluna|Earth Power|p1a: Goodra\n|-supereffective|p1a: Goodra\n|-damage|p1a: Goodra|3\/100\n|move|p1a: Goodra|Shelter|p1a: Goodra\n|-boost|p1a: Goodra|def|2\n|\n|-heal|p1a: Goodra|9\/100|[from] item: Leftovers\n|upkeep\n|c| NoNotNobody|Grumpig the goat\n|\n|t:|1700425075\n|switch|p1b: Sinistcha|Sinistcha, L50|100\/100\n|-heal|p1a: Goodra|33\/100|[from] ability: Hospitality|[of] p1b: Sinistcha\n|turn|7\n|\n|t:|1700425084\n|switch|p1b: Grimmsnarl|Grimmsnarl, L50, M|62\/100\n|move|p1a: Goodra|Protect|p1a: Goodra\n|-singleturn|p1a: Goodra|Protect\n|move|p2a: Tornadus|Bleakwind Storm|p1a: Goodra|[spread] p1b\n|-activate|p1a: Goodra|move: Protect\n|-damage|p1b: Grimmsnarl|12\/100\n|-damage|p2a: Tornadus|81\/100|[from] item: Life Orb\n|move|p2b: Ursaluna|Hyper Voice|p1a: Goodra|[spread] p1b\n|-activate|p1a: Goodra|move: Protect\n|-damage|p1b: Grimmsnarl|0 fnt\n|faint|p1b: Grimmsnarl\n|\n|-heal|p1a: Goodra|39\/100|[from] item: Leftovers\n|upkeep\n|\n|t:|1700425087\n|switch|p1b: Sinistcha|Sinistcha, L50|100\/100\n|-heal|p1a: Goodra|64\/100|[from] ability: Hospitality|[of] p1b: Sinistcha\n|turn|8\n|c|\u2606bigbluebawlz|torn gotta goat it out\n|\n|t:|1700425121\n|-terastallize|p1a: Goodra|Water\n|move|p2a: Tornadus|Bleakwind Storm|p1a: Goodra|[spread] p1a,p1b\n|-supereffective|p1b: Sinistcha\n|-damage|p1a: Goodra|22\/100\n|-damage|p1b: Sinistcha|0 fnt\n|faint|p1b: Sinistcha\n|-damage|p2a: Tornadus|71\/100|[from] item: Life Orb\n|move|p2b: Ursaluna|Earth Power|p1a: Goodra\n|-damage|p1a: Goodra|0 fnt\n|faint|p1a: Goodra\n|\n|win|bigbluebawlz\n|c|\u2606bigbluebawlz|ggs\n|c|\u2606AncientFuture|ggs\n|c| Cathybara|uimm actually\n|c| NoNotNobody|ggs\n|c| Cathybara|grumpig is a pig\n|c| Cathybara|not a goat\n|c| Cathybara|smgh\n|c| NoNotNobody|Shut\n|c| Cathybara|:3c\n|c| Cathybara|wanna play\n|c| NoNotNobody|>:(\n|c| Cathybara|LMAO\n|c| NoNotNobody|nah I need to build now\n","uploadtime":1700425164,"views":23,"p1id":"ancientfuture","p2id":"bigbluebawlz","formatid":"gen9vgc2023regulatione","rating":0,"private":0,"password":""}