{"id":"gen9vgc2023regulatione-2000335700","p1":"Lurvas","p2":"Xospo","format":"[Gen 9] VGC 2023 Regulation E","log":"|j|\u2606Lurvas\n|j|\u2606Xospo\n|t:|1701186037\n|gametype|doubles\n|player|p1|Lurvas|alder|1148\n|player|p2|Xospo|giovanni|1067\n|teamsize|p1|6\n|teamsize|p2|6\n|gen|9\n|tier|[Gen 9] VGC 2023 Regulation E\n|rated|\n|rule|Species Clause: Limit one of each Pok\u00e9mon\n|rule|Item Clause: Limit one of each item\n|clearpoke\n|poke|p1|Urshifu-*, L50, F|\n|poke|p1|Rillaboom, L50, F|\n|poke|p1|Flutter Mane, L50|\n|poke|p1|Arcanine-Hisui, L50, F|\n|poke|p1|Chien-Pao, L50|\n|poke|p1|Tornadus, L50, M|\n|poke|p2|Staraptor, L50, M|\n|poke|p2|Urshifu-*, L50, F|\n|poke|p2|Ninetales-Alola, L50, M|\n|poke|p2|Tornadus, L50, M|\n|poke|p2|Iron Hands, L50|\n|poke|p2|Sinistcha-Masterpiece, L50|\n|teampreview|4\nLurvas has agreed to open team sheets.\n|inactive|Battle timer is ON: inactive players will automatically lose when time's up. (requested by Lurvas)\n|\n|t:|1701186062\n|start\n|switch|p1a: Tornadus|Tornadus, L50, M|100\/100\n|switch|p1b: Chien-Pao|Chien-Pao, L50|100\/100\n|switch|p2a: Ninetales|Ninetales-Alola, L50, M|100\/100\n|switch|p2b: Staraptor|Staraptor, L50, M|100\/100\n|-ability|p1b: Chien-Pao|Sword of Ruin\n|-weather|Snow|[from] ability: Snow Warning|[of] p2a: Ninetales\n|turn|1\n|inactive|Xospo has 30 seconds left.\n|\n|t:|1701186094\n|-terastallize|p2b: Staraptor|Flying\n|move|p1a: Tornadus|Tailwind|p1a: Tornadus\n|-sidestart|p1: Lurvas|move: Tailwind\n|move|p1b: Chien-Pao|Icicle Crash|p2b: Staraptor\n|-supereffective|p2b: Staraptor\n|-damage|p2b: Staraptor|0 fnt\n|faint|p2b: Staraptor\n|move|p2a: Ninetales|Hypnosis|p1b: Chien-Pao\n|-status|p1b: Chien-Pao|slp|[from] move: Hypnosis\n|\n|-weather|Snow|[upkeep]\n|upkeep\n|\n|t:|1701186111\n|switch|p2b: Tornadus|Tornadus, L50, M|100\/100\n|turn|2\n|\n|t:|1701186122\n|switch|p1b: Arcanine|Arcanine-Hisui, L50, F|100\/100\n|-ability|p1b: Arcanine|Intimidate|boost\n|-unboost|p2a: Ninetales|atk|1\n|-unboost|p2b: Tornadus|atk|1\n|move|p1a: Tornadus|Rain Dance|p1a: Tornadus\n|-weather|RainDance\n|move|p2b: Tornadus|Tailwind|p2b: Tornadus\n|-sidestart|p2: Xospo|move: Tailwind\n|move|p2a: Ninetales|Blizzard|p1b: Arcanine|[spread] p1a\n|-miss|p2a: Ninetales|p1b: Arcanine\n|-supereffective|p1a: Tornadus\n|-damage|p1a: Tornadus|5\/100\n|\n|-weather|RainDance|[upkeep]\n|upkeep\n|turn|3\n|inactive|Xospo has 30 seconds left.\n|\n|t:|1701186152\n|switch|p2a: Iron Hands|Iron Hands, L50|100\/100\n|-enditem|p2a: Iron Hands|Booster Energy\n|-activate|p2a: Iron Hands|ability: Quark Drive|[fromitem]\n|-start|p2a: Iron Hands|quarkdriveatk\n|move|p1a: Tornadus|Bleakwind Storm|p2b: Tornadus|[spread] p2a,p2b\n|-damage|p2a: Iron Hands|72\/100\n|-damage|p2b: Tornadus|62\/100\n|-unboost|p2b: Tornadus|spe|1\n|move|p1b: Arcanine|Rock Slide|p2a: Iron Hands|[spread] p2b\n|-miss|p1b: Arcanine|p2a: Iron Hands\n|-supereffective|p2b: Tornadus\n|-damage|p2b: Tornadus|0 fnt\n|faint|p2b: Tornadus\n|\n|-weather|RainDance|[upkeep]\n|upkeep\n|\n|t:|1701186170\n|switch|p2b: Ninetales|Ninetales-Alola, L50, M|100\/100\n|-weather|Snow|[from] ability: Snow Warning|[of] p2b: Ninetales\n|turn|4\n|\n|t:|1701186182\n|switch|p1b: Chien-Pao|Chien-Pao, L50|100\/100 slp\n|-ability|p1b: Chien-Pao|Sword of Ruin\n|move|p2b: Ninetales|Protect|p2b: Ninetales\n|-singleturn|p2b: Ninetales|Protect\n|move|p1a: Tornadus|Rain Dance|p1a: Tornadus\n|-weather|RainDance\n|move|p2a: Iron Hands|Close Combat|p1b: Chien-Pao\n|-supereffective|p1b: Chien-Pao\n|-enditem|p1b: Chien-Pao|Focus Sash\n|-damage|p1b: Chien-Pao|1\/100 slp\n|-unboost|p2a: Iron Hands|def|1\n|-unboost|p2a: Iron Hands|spd|1\n|\n|-weather|RainDance|[upkeep]\n|-sideend|p1: Lurvas|move: Tailwind\n|upkeep\n|turn|5\n|inactive|Xospo has 30 seconds left.\n|inactive|Xospo has 20 seconds left.\n|\n|t:|1701186217\n|cant|p1b: Chien-Pao|slp\n|move|p2b: Ninetales|Blizzard|p1b: Chien-Pao|[spread] p1a\n|-miss|p2b: Ninetales|p1b: Chien-Pao\n|-supereffective|p1a: Tornadus\n|-damage|p1a: Tornadus|0 fnt\n|faint|p1a: Tornadus\n|move|p2a: Iron Hands|Close Combat|p1b: Chien-Pao\n|-supereffective|p1b: Chien-Pao\n|-damage|p1b: Chien-Pao|0 fnt\n|-unboost|p2a: Iron Hands|def|1\n|-unboost|p2a: Iron Hands|spd|1\n|faint|p1b: Chien-Pao\n|\n|-weather|RainDance|[upkeep]\n|-sideend|p2: Xospo|move: Tailwind\n|upkeep\n|\n|t:|1701186231\n|switch|p1b: Rillaboom|Rillaboom, L50, F|100\/100\n|switch|p1a: Arcanine|Arcanine-Hisui, L50, F|100\/100\n|-ability|p1a: Arcanine|Intimidate|boost\n|-unboost|p2a: Iron Hands|atk|1\n|-unboost|p2b: Ninetales|atk|1\n|-fieldstart|move: Grassy Terrain|[from] ability: Grassy Surge|[of] p1b: Rillaboom\n|turn|6\n|inactive|Xospo has 30 seconds left.\n|\n|t:|1701186256\n|-terastallize|p1a: Arcanine|Fairy\n|move|p2b: Ninetales|Hypnosis|p1b: Rillaboom|[miss]\n|-miss|p2b: Ninetales|p1b: Rillaboom\n|move|p1a: Arcanine|Tera Blast|p2a: Iron Hands|[anim] Tera Blast Fairy\n|-supereffective|p2a: Iron Hands\n|-damage|p2a: Iron Hands|0 fnt\n|faint|p2a: Iron Hands\n|-end|p2a: Iron Hands|Quark Drive|[silent]\n|move|p1b: Rillaboom|Drum Beating|p2b: Ninetales\n|-damage|p2b: Ninetales|18\/100\n|-unboost|p2b: Ninetales|spe|1\n|\n|-weather|RainDance|[upkeep]\n|-heal|p2b: Ninetales|24\/100|[from] Grassy Terrain\n|upkeep\n|turn|7\n|\n|t:|1701186277\n|move|p1b: Rillaboom|Grassy Glide|p2b: Ninetales\n|-damage|p2b: Ninetales|0 fnt\n|faint|p2b: Ninetales\n|\n|win|Lurvas\n|raw|Lurvas's rating: 1148 &rarr; <strong>1167<\/strong><br \/>(+19 for winning)\n|raw|Xospo's rating: 1067 &rarr; <strong>1052<\/strong><br \/>(-15 for losing)\n|l|\u2606Xospo\n","uploadtime":1701186287,"views":24,"p1id":"lurvas","p2id":"xospo","formatid":"gen9vgc2023regulatione","rating":1052,"private":0,"password":""}