{"id":"gen9vgc2023regulatione-1996003722","p1":"Logan Helfield","p2":"haamgamer07","format":"[Gen 9] VGC 2023 Regulation E","log":"|j|\u2606Logan Helfield\n|j|\u2606haamgamer07\n|t:|1700627974\n|gametype|doubles\n|player|p1|Logan Helfield|riley|1157\n|player|p2|haamgamer07|102|1237\n|teamsize|p1|6\n|teamsize|p2|6\n|gen|9\n|tier|[Gen 9] VGC 2023 Regulation E\n|rated|\n|rule|Species Clause: Limit one of each Pok\u00e9mon\n|rule|Item Clause: Limit one of each item\n|clearpoke\n|poke|p1|Tornadus, L50, M|\n|poke|p1|Torkoal, L50, F|\n|poke|p1|Ogerpon-Hearthflame, L50, F|\n|poke|p1|Flutter Mane, L50|\n|poke|p1|Urshifu-*, L50, M|\n|poke|p1|Shiftry, L50, M|\n|poke|p2|Armarouge, L50, F|\n|poke|p2|Ursaluna, L50, M|\n|poke|p2|Torkoal, L50, F|\n|poke|p2|Roaring Moon, L50|\n|poke|p2|Bronzong, L50|\n|poke|p2|Indeedee-F, L50, F|\n|teampreview|4\nLogan Helfield rejected open team sheets.\n|\n|t:|1700628022\n|start\n|switch|p1a: Tornadus|Tornadus, L50, M|100\/100\n|switch|p1b: Shiftry|Shiftry, L50, M|100\/100\n|switch|p2a: Roaring Moon|Roaring Moon, L50|100\/100\n|switch|p2b: Indeedee|Indeedee-F, L50, F|100\/100\n|-fieldstart|move: Psychic Terrain|[from] ability: Psychic Surge|[of] p2b: Indeedee\n|-enditem|p2a: Roaring Moon|Booster Energy\n|-activate|p2a: Roaring Moon|ability: Protosynthesis|[fromitem]\n|-start|p2a: Roaring Moon|protosynthesisspe\n|turn|1\n|\n|t:|1700628058\n|-terastallize|p1b: Shiftry|Fairy\n|move|p1a: Tornadus|Tailwind|p1a: Tornadus\n|-sidestart|p1: Logan Helfield|move: Tailwind\n|-ability|p1b: Shiftry|Wind Rider|boost\n|-boost|p1b: Shiftry|atk|1\n|move|p1b: Shiftry|Knock Off|p2b: Indeedee\n|-supereffective|p2b: Indeedee\n|-damage|p2b: Indeedee|0 fnt\n|-enditem|p2b: Indeedee|Safety Goggles|[from] move: Knock Off|[of] p1b: Shiftry\n|faint|p2b: Indeedee\n|move|p2a: Roaring Moon|U-turn|p1b: Shiftry\n|-resisted|p1b: Shiftry\n|-damage|p1b: Shiftry|78\/100\n|\n|t:|1700628072\n|-end|p2a: Roaring Moon|Protosynthesis|[silent]\n|switch|p2a: Armarouge|Armarouge, L50, F|100\/100|[from] U-turn\n|\n|upkeep\n|\n|t:|1700628079\n|switch|p2b: Roaring Moon|Roaring Moon, L50|100\/100\n|turn|2\n|\n|t:|1700628100\n|move|p1a: Tornadus|Bleakwind Storm|p2a: Armarouge|[spread] p2a,p2b\n|-damage|p2a: Armarouge|56\/100\n|-damage|p2b: Roaring Moon|66\/100\n|-unboost|p2a: Armarouge|spe|1\n|move|p1b: Shiftry|Tera Blast|p2b: Roaring Moon|[anim] Tera Blast Fairy\n|-supereffective|p2b: Roaring Moon\n|-damage|p2b: Roaring Moon|0 fnt\n|faint|p2b: Roaring Moon\n|-end|p2b: Roaring Moon|Protosynthesis|[silent]\n|move|p2a: Armarouge|Expanding Force|p1a: Tornadus|[spread] p1a,p1b\n|-damage|p1a: Tornadus|5\/100\n|-damage|p1b: Shiftry|0 fnt\n|faint|p1b: Shiftry\n|\n|upkeep\n|\n|t:|1700628114\n|switch|p2b: Ursaluna|Ursaluna, L50, M|100\/100\n|switch|p1b: Urshifu|Urshifu-Rapid-Strike, L50, M|100\/100\n|turn|3\n|\n|t:|1700628151\n|-terastallize|p2a: Armarouge|Psychic\n|move|p1a: Tornadus|Bleakwind Storm|p2a: Armarouge|[spread] p2a,p2b\n|-damage|p2a: Armarouge|12\/100\n|-damage|p2b: Ursaluna|70\/100\n|-unboost|p2a: Armarouge|spe|1\n|-unboost|p2b: Ursaluna|spe|1\n|move|p1b: Urshifu|Surging Strikes|p2b: Ursaluna\n|-supereffective|p2b: Ursaluna\n|-crit|p2b: Ursaluna\n|-damage|p2b: Ursaluna|37\/100\n|-supereffective|p2b: Ursaluna\n|-crit|p2b: Ursaluna\n|-damage|p2b: Ursaluna|5\/100\n|-supereffective|p2b: Ursaluna\n|-crit|p2b: Ursaluna\n|-damage|p2b: Ursaluna|0 fnt\n|faint|p2b: Ursaluna\n|-hitcount|p2: Ursaluna|3\n|move|p2a: Armarouge|Expanding Force|p1a: Tornadus|[spread] p1a,p1b\n|-supereffective|p1b: Urshifu\n|-crit|p1b: Urshifu\n|-damage|p1a: Tornadus|0 fnt\n|-damage|p1b: Urshifu|0 fnt\n|faint|p1a: Tornadus\n|faint|p1b: Urshifu\n|\n|upkeep\n|\n|t:|1700628174\n|switch|p1b: Ogerpon|Ogerpon-Hearthflame, L50, F|100\/100\n|-ability|p1b: Ogerpon|Mold Breaker\n|turn|4\n|\n|t:|1700628190\n|move|p2a: Armarouge|Endure|p2a: Armarouge\n|-singleturn|p2a: Armarouge|move: Endure\n|move|p1b: Ogerpon|Horn Leech|p2a: Armarouge\n|-activate|p2a: Armarouge|move: Endure\n|-damage|p2a: Armarouge|1\/100\n|-ability|p2a: Armarouge|Weak Armor|boost\n|-unboost|p2a: Armarouge|def|1\n|-boost|p2a: Armarouge|spe|2\n|\n|-sideend|p1: Logan Helfield|move: Tailwind\n|upkeep\n|turn|5\n|\n|t:|1700628206\n|move|p1b: Ogerpon|Horn Leech|p2a: Armarouge\n|-damage|p2a: Armarouge|0 fnt\n|faint|p2a: Armarouge\n|\n|win|Logan Helfield\n|raw|Logan Helfield's rating: 1157 &rarr; <strong>1188<\/strong><br \/>(+31 for winning)\n|raw|haamgamer07's rating: 1237 &rarr; <strong>1206<\/strong><br \/>(-31 for losing)\n|l|\u2606Logan Helfield\n","uploadtime":1700628214,"views":0,"p1id":"loganhelfield","p2id":"haamgamer07","formatid":"gen9vgc2023regulatione","rating":1188,"private":0,"password":""}