{"id":"gen9vgc2023regulatione-1991553437","p1":"w0rkj0","p2":"jamesbouknight","format":"[Gen 9] VGC 2023 Regulation E","log":"|j|\u2606w0rkj0\n|j|\u2606jamesbouknight\n|t:|1700087735\n|gametype|doubles\n|player|p1|w0rkj0|acetrainer-gen4|1179\n|player|p2|jamesbouknight|1|1261\n|teamsize|p1|6\n|teamsize|p2|6\n|gen|9\n|tier|[Gen 9] VGC 2023 Regulation E\n|rated|\n|rule|Species Clause: Limit one of each Pok\u00e9mon\n|rule|Item Clause: Limit one of each item\n|clearpoke\n|poke|p1|Landorus, L50, M|\n|poke|p1|Clefairy, L50, F|\n|poke|p1|Arcanine-Hisui, L50, F|\n|poke|p1|Ogerpon-Wellspring, L50, F|\n|poke|p1|Roaring Moon, L50|\n|poke|p1|Iron Hands, L50|\n|poke|p2|Tauros-Paldea-Blaze, L50, M|\n|poke|p2|Flutter Mane, L50|\n|poke|p2|Tornadus, L50, M|\n|poke|p2|Ogerpon-Wellspring, L50, F|\n|poke|p2|Landorus-Therian, L50, M|\n|poke|p2|Kingambit, L50, F|\n|teampreview|4\n|inactive|Battle timer is ON: inactive players will automatically lose when time's up. (requested by jamesbouknight)\n|inactive|w0rkj0 has 60 seconds left.\n|\n|t:|1700087785\n|start\n|switch|p1a: Clefairy|Clefairy, L50, F|100\/100\n|switch|p1b: Roaring Moon|Roaring Moon, L50|100\/100\n|switch|p2a: Landorus|Landorus-Therian, L50, M|100\/100\n|switch|p2b: Kingambit|Kingambit, L50, F|100\/100\n|-ability|p2a: Landorus|Intimidate|boost\n|-unboost|p1a: Clefairy|atk|1\n|-unboost|p1b: Roaring Moon|atk|1\n|-enditem|p1b: Roaring Moon|Booster Energy\n|-activate|p1b: Roaring Moon|ability: Protosynthesis|[fromitem]\n|-start|p1b: Roaring Moon|protosynthesisspe\n|turn|1\n|\n|t:|1700087801\n|move|p1a: Clefairy|Follow Me|p1a: Clefairy\n|-singleturn|p1a: Clefairy|move: Follow Me\n|move|p1b: Roaring Moon|Tailwind|p1b: Roaring Moon\n|-sidestart|p1: w0rkj0|move: Tailwind\n|move|p2a: Landorus|U-turn|p1a: Clefairy\n|-resisted|p1a: Clefairy\n|-damage|p1a: Clefairy|88\/100\n|\n|t:|1700087807\n|switch|p2a: Tornadus|Tornadus, L50, M|100\/100|[from] U-turn\n|move|p2b: Kingambit|Swords Dance|p2b: Kingambit\n|-boost|p2b: Kingambit|atk|2\n|\n|upkeep\n|turn|2\n|\n|t:|1700087832\n|-terastallize|p2b: Kingambit|Dark\n|move|p1a: Clefairy|Protect|p1a: Clefairy\n|-singleturn|p1a: Clefairy|Protect\n|move|p2a: Tornadus|Tailwind|p2a: Tornadus\n|-sidestart|p2: jamesbouknight|move: Tailwind\n|move|p1b: Roaring Moon|Knock Off|p2b: Kingambit\n|-resisted|p2b: Kingambit\n|-damage|p2b: Kingambit|87\/100\n|-enditem|p2b: Kingambit|Black Glasses|[from] move: Knock Off|[of] p1b: Roaring Moon\n|move|p2b: Kingambit|Kowtow Cleave|p1a: Clefairy\n|-activate|p1a: Clefairy|move: Protect\n|\n|upkeep\n|turn|3\n|inactive|w0rkj0 has 30 seconds left.\n|inactive|jamesbouknight has 30 seconds left.\n|\n|t:|1700087862\n|switch|p2a: Landorus|Landorus-Therian, L50, M|100\/100\n|-ability|p2a: Landorus|Intimidate|boost\n|-unboost|p1a: Clefairy|atk|1\n|-unboost|p1b: Roaring Moon|atk|1\n|switch|p1a: Iron Hands|Iron Hands, L50|100\/100\n|move|p1b: Roaring Moon|Knock Off|p2a: Landorus\n|-damage|p2a: Landorus|71\/100\n|-enditem|p2a: Landorus|Choice Scarf|[from] move: Knock Off|[of] p1b: Roaring Moon\n|move|p2b: Kingambit|Swords Dance|p2b: Kingambit\n|-boost|p2b: Kingambit|atk|2\n|\n|upkeep\n|turn|4\n|inactive|w0rkj0 has 30 seconds left.\n|\n|t:|1700087889\n|-terastallize|p1b: Roaring Moon|Flying\n|move|p2b: Kingambit|Protect|p2b: Kingambit\n|-singleturn|p2b: Kingambit|Protect\n|move|p1a: Iron Hands|Fake Out|p2a: Landorus\n|-damage|p2a: Landorus|55\/100\n|move|p1b: Roaring Moon|Acrobatics|p2b: Kingambit\n|-activate|p2b: Kingambit|move: Protect\n|cant|p2a: Landorus|flinch\n|\n|-sideend|p1: w0rkj0|move: Tailwind\n|upkeep\n|turn|5\n|inactive|w0rkj0 has 30 seconds left.\n|\n|t:|1700087921\n|-end|p1a: Iron Hands|Quark Drive|[silent]\n|switch|p1a: Clefairy|Clefairy, L50, F|88\/100\n|move|p1b: Roaring Moon|Protect|p1b: Roaring Moon\n|-singleturn|p1b: Roaring Moon|Protect\n|move|p2b: Kingambit|Sucker Punch||[still]\n|-fail|p2b: Kingambit\n|move|p2a: Landorus|Stomping Tantrum|p1a: Clefairy\n|-damage|p1a: Clefairy|17\/100\n|\n|-sideend|p2: jamesbouknight|move: Tailwind\n|upkeep\n|turn|6\n|\n|t:|1700087943\n|move|p1a: Clefairy|Follow Me|p1a: Clefairy\n|-singleturn|p1a: Clefairy|move: Follow Me\n|move|p1b: Roaring Moon|Acrobatics|p2b: Kingambit\n|-damage|p2b: Kingambit|66\/100\n|move|p2a: Landorus|Stomping Tantrum|p1a: Clefairy\n|-damage|p1a: Clefairy|0 fnt\n|faint|p1a: Clefairy\n|move|p2b: Kingambit|Kowtow Cleave|p1b: Roaring Moon\n|-damage|p1b: Roaring Moon|0 fnt\n|faint|p1b: Roaring Moon\n|-end|p1b: Roaring Moon|Protosynthesis|[silent]\n|\n|upkeep\n|\n|t:|1700087959\n|switch|p1b: Iron Hands|Iron Hands, L50|100\/100\n|switch|p1a: Landorus|Landorus, L50, M|100\/100\n|turn|7\n|inactive|w0rkj0 has 30 seconds left.\n|inactive|w0rkj0 has 20 seconds left.\n|\n|t:|1700087996\n|switch|p2a: Tornadus|Tornadus, L50, M|100\/100\n|move|p2b: Kingambit|Protect|p2b: Kingambit\n|-singleturn|p2b: Kingambit|Protect\n|move|p1b: Iron Hands|Fake Out|p2a: Tornadus\n|-damage|p2a: Tornadus|85\/100\n|move|p1a: Landorus|Earth Power|p2b: Kingambit\n|-activate|p2b: Kingambit|move: Protect\n|\n|upkeep\n|turn|8\n|inactive|jamesbouknight has 30 seconds left.\n|\n|t:|1700088023\n|move|p2a: Tornadus|Tailwind|p2a: Tornadus\n|-sidestart|p2: jamesbouknight|move: Tailwind\n|move|p2b: Kingambit|Sucker Punch|p1a: Landorus\n|-damage|p1a: Landorus|0 fnt\n|faint|p1a: Landorus\n|move|p1b: Iron Hands|Drain Punch|p2b: Kingambit\n|-supereffective|p2b: Kingambit\n|-damage|p2b: Kingambit|6\/100\n|\n|upkeep\n|turn|9\n|\n|t:|1700088037\n|switch|p2a: Landorus|Landorus-Therian, L50, M|55\/100\n|-ability|p2a: Landorus|Intimidate|boost\n|-unboost|p1b: Iron Hands|atk|1\n|move|p2b: Kingambit|Kowtow Cleave|p1b: Iron Hands\n|-resisted|p1b: Iron Hands\n|-damage|p1b: Iron Hands|33\/100\n|move|p1b: Iron Hands|Drain Punch|p2b: Kingambit\n|-supereffective|p2b: Kingambit\n|-damage|p2b: Kingambit|0 fnt\n|-heal|p1b: Iron Hands|35\/100|[from] drain|[of] p2b: Kingambit\n|faint|p2b: Kingambit\n|\n|upkeep\n|\n|t:|1700088046\n|switch|p2b: Ogerpon|Ogerpon-Wellspring, L50, F|100\/100\n|turn|10\n|\n|t:|1700088051\n|move|p2b: Ogerpon|Ivy Cudgel|p1b: Iron Hands|[anim] Ivy Cudgel Water\n|-crit|p1b: Iron Hands\n|-damage|p1b: Iron Hands|0 fnt\n|faint|p1b: Iron Hands\n|-end|p1b: Iron Hands|Quark Drive|[silent]\n|\n|win|jamesbouknight\n|raw|w0rkj0's rating: 1179 &rarr; <strong>1160<\/strong><br \/>(-19 for losing)\n|raw|jamesbouknight's rating: 1261 &rarr; <strong>1280<\/strong><br \/>(+19 for winning)\n","uploadtime":1700088059,"views":10,"p1id":"w0rkj0","p2id":"jamesbouknight","formatid":"gen9vgc2023regulatione","rating":1160,"private":0,"password":""}