{"id":"gen9vgc2023regulatione-1994956874","p1":"olivermaul","p2":"ZezinPocoto","format":"[Gen 9] VGC 2023 Regulation E","log":"|j|\u2606olivermaul\n|j|\u2606ZezinPocoto\n|t:|1700507988\n|gametype|doubles\n|player|p1|olivermaul|brawly|1188\n|player|p2|ZezinPocoto|blue|1123\n|teamsize|p1|6\n|teamsize|p2|6\n|gen|9\n|tier|[Gen 9] VGC 2023 Regulation E\n|rated|\n|rule|Species Clause: Limit one of each Pok\u00e9mon\n|rule|Item Clause: Limit one of each item\n|clearpoke\n|poke|p1|Hypno, L50, F|\n|poke|p1|Amoonguss, L50, M|\n|poke|p1|Torkoal, L50, F|\n|poke|p1|Iron Bundle, L50|\n|poke|p1|Kingambit, L50, M|\n|poke|p1|Iron Hands, L50|\n|poke|p2|Politoed, L50, F|\n|poke|p2|Basculegion, L50, M|\n|poke|p2|Zapdos, L50|\n|poke|p2|Arcanine-Hisui, L50, F|\n|poke|p2|Rillaboom, L50, M|\n|poke|p2|Chien-Pao, L50|\n|teampreview|4\n|inactive|Battle timer is ON: inactive players will automatically lose when time's up. (requested by olivermaul)\n|\n|t:|1700508032\n|start\n|switch|p1a: Hypno|Hypno, L50, F|100\/100\n|switch|p1b: Kingambit|Kingambit, L50, M|100\/100\n|switch|p2a: Arcanine|Arcanine-Hisui, L50, F|100\/100\n|switch|p2b: Rillaboom|Rillaboom, L50, M|100\/100\n|-ability|p2a: Arcanine|Intimidate|boost\n|-fail|p1a: Hypno|unboost|Attack|[from] ability: Inner Focus|[of] p1a: Hypno\n|-unboost|p1b: Kingambit|atk|1\n|-ability|p1b: Kingambit|Defiant|boost\n|-boost|p1b: Kingambit|atk|2\n|-fieldstart|move: Grassy Terrain|[from] ability: Grassy Surge|[of] p2b: Rillaboom\n|turn|1\n|inactive|olivermaul has 30 seconds left.\n|inactive|olivermaul has 20 seconds left.\n|\n|t:|1700508071\n|move|p1b: Kingambit|Protect|p1b: Kingambit\n|-singleturn|p1b: Kingambit|Protect\n|move|p2b: Rillaboom|Fake Out|p1b: Kingambit\n|-activate|p1b: Kingambit|move: Protect\n|move|p2a: Arcanine|Rock Slide|p1a: Hypno|[spread] p1a\n|-activate|p1b: Kingambit|move: Protect\n|-damage|p1a: Hypno|63\/100\n|move|p1a: Hypno|Trick Room|p1a: Hypno\n|-fieldstart|move: Trick Room|[of] p1a: Hypno\n|\n|-heal|p1a: Hypno|68\/100|[from] Grassy Terrain\n|upkeep\n|turn|2\n|\n|t:|1700508088\n|-terastallize|p1b: Kingambit|Dragon\n|move|p1b: Kingambit|Kowtow Cleave|p2a: Arcanine\n|-damage|p2a: Arcanine|6\/100\n|move|p1a: Hypno|Nasty Plot|p1a: Hypno\n|-boost|p1a: Hypno|spa|2\n|move|p2b: Rillaboom|High Horsepower|p1b: Kingambit\n|-damage|p1b: Kingambit|74\/100\n|move|p2a: Arcanine|Rock Slide|p1b: Kingambit|[spread] p1a,p1b\n|-crit|p1b: Kingambit\n|-damage|p1a: Hypno|32\/100\n|-damage|p1b: Kingambit|22\/100\n|-enditem|p1a: Hypno|Sitrus Berry|[eat]\n|-heal|p1a: Hypno|57\/100|[from] item: Sitrus Berry\n|\n|-heal|p1b: Kingambit|29\/100|[from] Grassy Terrain\n|-heal|p1a: Hypno|63\/100|[from] Grassy Terrain\n|-heal|p2a: Arcanine|12\/100|[from] Grassy Terrain\n|upkeep\n|turn|3\n|inactive|olivermaul has 30 seconds left.\n|\n|t:|1700508115\n|move|p1b: Kingambit|Sucker Punch|p2b: Rillaboom\n|-damage|p2b: Rillaboom|39\/100\n|move|p1a: Hypno|Dazzling Gleam|p2b: Rillaboom|[spread] p2a,p2b\n|-resisted|p2a: Arcanine\n|-damage|p2a: Arcanine|0 fnt\n|-damage|p2b: Rillaboom|25\/100\n|faint|p2a: Arcanine\n|move|p2b: Rillaboom|U-turn|p1a: Hypno\n|-supereffective|p1a: Hypno\n|-damage|p1a: Hypno|18\/100\n|\n|t:|1700508126\n|switch|p2b: Politoed|Politoed, L50, F|100\/100|[from] U-turn\n|-weather|RainDance|[from] ability: Drizzle|[of] p2b: Politoed\n|\n|-weather|RainDance|[upkeep]\n|-heal|p1b: Kingambit|34\/100|[from] Grassy Terrain\n|-heal|p1a: Hypno|24\/100|[from] Grassy Terrain\n|upkeep\n|\n|t:|1700508132\n|switch|p2a: Rillaboom|Rillaboom, L50, M|25\/100\n|turn|4\n|\n|t:|1700508141\n|switch|p1a: Torkoal|Torkoal, L50, F|100\/100\n|-weather|SunnyDay|[from] ability: Drought|[of] p1a: Torkoal\n|move|p1b: Kingambit|Protect|p1b: Kingambit\n|-singleturn|p1b: Kingambit|Protect\n|move|p2a: Rillaboom|Fake Out|p1a: Torkoal\n|-damage|p1a: Torkoal|90\/100\n|-damage|p2a: Rillaboom|9\/100|[from] item: Rocky Helmet|[of] p1a: Torkoal\n|move|p2b: Politoed|Icy Wind|p1a: Torkoal|[spread] p1a\n|-activate|p1b: Kingambit|move: Protect\n|-resisted|p1a: Torkoal\n|-damage|p1a: Torkoal|85\/100\n|-unboost|p1a: Torkoal|spe|1\n|\n|-weather|SunnyDay|[upkeep]\n|-heal|p1a: Torkoal|91\/100|[from] Grassy Terrain\n|-heal|p1b: Kingambit|40\/100|[from] Grassy Terrain\n|-heal|p2a: Rillaboom|15\/100|[from] Grassy Terrain\n|upkeep\n|turn|5\n|\n|t:|1700508161\n|move|p1a: Torkoal|Eruption|p2a: Rillaboom|[spread] p2a,p2b\n|-supereffective|p2a: Rillaboom\n|-resisted|p2b: Politoed\n|-damage|p2a: Rillaboom|0 fnt\n|-damage|p2b: Politoed|71\/100\n|faint|p2a: Rillaboom\n|move|p1b: Kingambit|Kowtow Cleave|p2b: Politoed\n|-damage|p2b: Politoed|0 fnt\n|faint|p2b: Politoed\n|\n|-weather|SunnyDay|[upkeep]\n|-heal|p1a: Torkoal|97\/100|[from] Grassy Terrain\n|-heal|p1b: Kingambit|46\/100|[from] Grassy Terrain\n|-fieldend|move: Trick Room\n|-fieldend|move: Grassy Terrain\n|upkeep\n|\n|t:|1700508169\n|switch|p2b: Zapdos|Zapdos, L50|100\/100\n|turn|6\n|-message|ZezinPocoto forfeited.\n|\n|win|olivermaul\n|raw|olivermaul's rating: 1188 &rarr; <strong>1208<\/strong><br \/>(+20 for winning)\n|raw|ZezinPocoto's rating: 1123 &rarr; <strong>1103<\/strong><br \/>(-20 for losing)\n|l|\u2606ZezinPocoto\n","uploadtime":1700508181,"views":14,"p1id":"olivermaul","p2id":"zezinpocoto","formatid":"gen9vgc2023regulatione","rating":1103,"private":0,"password":""}