{"id":"gen9vgc2023regulatione-1990763057","p1":"CaptainLatios","p2":"Zan-07","format":"[Gen 9] VGC 2023 Regulation E","log":"|j|\u2606CaptainLatios\n|j|\u2606Zan-07\n|t:|1699998502\n|gametype|doubles\n|player|p1|CaptainLatios|caitlin-masters|1374\n|player|p2|Zan-07|alec-anime|1306\n|teamsize|p1|6\n|teamsize|p2|6\n|gen|9\n|tier|[Gen 9] VGC 2023 Regulation E\n|rated|\n|rule|Species Clause: Limit one of each Pok\u00e9mon\n|rule|Item Clause: Limit one of each item\n|clearpoke\n|poke|p1|Ogerpon-Wellspring, L50, F|\n|poke|p1|Landorus-Therian, L50, M|\n|poke|p1|Ursaluna-Bloodmoon, L50, M|\n|poke|p1|Farigiraf, L50, F|\n|poke|p1|Chi-Yu, L50|\n|poke|p1|Iron Hands, L50|\n|poke|p2|Ogerpon-Wellspring, L50, F|\n|poke|p2|Iron Bundle, L50|\n|poke|p2|Arcanine-Hisui, L50, M|\n|poke|p2|Iron Hands, L50|\n|poke|p2|Sinistcha-Masterpiece, L50|\n|poke|p2|Sandy Shocks, L50|\n|teampreview|4\n|inactive|Battle timer is ON: inactive players will automatically lose when time's up. (requested by Zan-07)\n|inactive|CaptainLatios has 60 seconds left.\n|inactive|Zan-07 has 60 seconds left.\n|\n|t:|1699998558\n|start\n|switch|p1a: Landorus|Landorus-Therian, L50, M|100\/100\n|switch|p1b: Chi-Yu|Chi-Yu, L50|100\/100\n|switch|p2a: Ogerpon|Ogerpon-Wellspring, L50, F|100\/100\n|switch|p2b: Iron Hands|Iron Hands, L50|100\/100\n|-ability|p1a: Landorus|Intimidate|boost\n|-unboost|p2a: Ogerpon|atk|1\n|-unboost|p2b: Iron Hands|atk|1\n|-ability|p1b: Chi-Yu|Beads of Ruin\n|turn|1\n|inactive|CaptainLatios has 30 seconds left.\n|\n|t:|1699998586\n|switch|p1a: Farigiraf|Farigiraf, L50, F|100\/100\n|-terastallize|p2a: Ogerpon|Water\n|detailschange|p2a: Ogerpon|Ogerpon-Wellspring-Tera, L50, F, tera:Water\n|-ability|p2a: Ogerpon|Embody Aspect (Wellspring)|boost\n|-boost|p2a: Ogerpon|spd|1\n|move|p2b: Iron Hands|Fake Out||[still]\n|cant|p1a: Farigiraf|ability: Armor Tail|Fake Out|[of] p2b: Iron Hands\n|move|p2a: Ogerpon|Ivy Cudgel|p1a: Farigiraf|[anim] Ivy Cudgel Water\n|-damage|p1a: Farigiraf|57\/100\n|move|p1b: Chi-Yu|Heat Wave|p2a: Ogerpon|[spread] p2a,p2b\n|-resisted|p2a: Ogerpon\n|-damage|p2a: Ogerpon|83\/100\n|-damage|p2b: Iron Hands|73\/100\n|-status|p2a: Ogerpon|brn\n|\n|-damage|p2a: Ogerpon|77\/100 brn|[from] brn\n|upkeep\n|turn|2\n|inactive|Zan-07 has 30 seconds left.\n|\n|t:|1699998613\n|move|p1b: Chi-Yu|Protect|p1b: Chi-Yu\n|-singleturn|p1b: Chi-Yu|Protect\n|move|p2a: Ogerpon|Ivy Cudgel|p1a: Farigiraf|[anim] Ivy Cudgel Water\n|-damage|p1a: Farigiraf|36\/100\n|-enditem|p1a: Farigiraf|Sitrus Berry|[eat]\n|-heal|p1a: Farigiraf|60\/100|[from] item: Sitrus Berry\n|move|p2b: Iron Hands|Drain Punch|p1b: Chi-Yu\n|-activate|p1b: Chi-Yu|move: Protect\n|move|p1a: Farigiraf|Trick Room|p1a: Farigiraf\n|-fieldstart|move: Trick Room|[of] p1a: Farigiraf\n|\n|-damage|p2a: Ogerpon|70\/100 brn|[from] brn\n|upkeep\n|turn|3\n|\n|t:|1699998633\n|move|p2b: Iron Hands|Drain Punch|p1a: Farigiraf\n|-damage|p1a: Farigiraf|35\/100\n|-heal|p2b: Iron Hands|86\/100|[from] drain|[of] p1a: Farigiraf\n|move|p1a: Farigiraf|Psychic|p2b: Iron Hands\n|-supereffective|p2b: Iron Hands\n|-damage|p2b: Iron Hands|36\/100\n|move|p1b: Chi-Yu|Heat Wave|p2a: Ogerpon|[spread] p2a,p2b\n|-resisted|p2a: Ogerpon\n|-damage|p2a: Ogerpon|52\/100 brn\n|-damage|p2b: Iron Hands|8\/100\n|move|p2a: Ogerpon|Ivy Cudgel|p1a: Farigiraf|[anim] Ivy Cudgel Water\n|-damage|p1a: Farigiraf|14\/100\n|\n|-damage|p2a: Ogerpon|46\/100 brn|[from] brn\n|upkeep\n|turn|4\n|\n|t:|1699998652\n|move|p2b: Iron Hands|Drain Punch|p1b: Chi-Yu\n|-supereffective|p1b: Chi-Yu\n|-damage|p1b: Chi-Yu|9\/100\n|-heal|p2b: Iron Hands|34\/100|[from] drain|[of] p1b: Chi-Yu\n|move|p1a: Farigiraf|Dazzling Gleam|p2a: Ogerpon|[spread] p2a,p2b\n|-supereffective|p2b: Iron Hands\n|-damage|p2a: Ogerpon|30\/100 brn\n|-damage|p2b: Iron Hands|12\/100\n|move|p1b: Chi-Yu|Heat Wave|p2a: Ogerpon|[spread] p2b\n|-miss|p1b: Chi-Yu|p2a: Ogerpon\n|-damage|p2b: Iron Hands|0 fnt\n|faint|p2b: Iron Hands\n|-end|p2b: Iron Hands|Quark Drive|[silent]\n|move|p2a: Ogerpon|Ivy Cudgel|p1a: Farigiraf|[anim] Ivy Cudgel Water\n|-damage|p1a: Farigiraf|0 fnt\n|faint|p1a: Farigiraf\n|\n|-damage|p2a: Ogerpon|24\/100 brn|[from] brn\n|upkeep\n|\n|t:|1699998667\n|switch|p2b: Sinistcha|Sinistcha-Masterpiece, L50|100\/100\n|switch|p1a: Ursaluna|Ursaluna-Bloodmoon, L50, M|100\/100\n|-heal|p2a: Ogerpon|48\/100 brn|[from] ability: Hospitality|[of] p2b: Sinistcha\n|turn|5\n|\n|t:|1699998679\n|-terastallize|p1a: Ursaluna|Normal\n|move|p2b: Sinistcha|Rage Powder|p2b: Sinistcha\n|-singleturn|p2b: Sinistcha|move: Rage Powder\n|move|p1a: Ursaluna|Hyper Voice|p2b: Sinistcha|[spread] p2a,p2b\n|-damage|p2a: Ogerpon|0 fnt\n|-damage|p2b: Sinistcha|29\/100\n|faint|p2a: Ogerpon\n|-enditem|p1a: Ursaluna|Throat Spray\n|-boost|p1a: Ursaluna|spa|1|[from] item: Throat Spray\n|move|p1b: Chi-Yu|Heat Wave|p2b: Sinistcha\n|-supereffective|p2b: Sinistcha\n|-damage|p2b: Sinistcha|0 fnt\n|faint|p2b: Sinistcha\n|\n|upkeep\n|\n|t:|1699998688\n|switch|p2a: Arcanine|Arcanine-Hisui, L50, M|100\/100\n|-ability|p2a: Arcanine|Intimidate|boost\n|-unboost|p1a: Ursaluna|atk|1\n|-unboost|p1b: Chi-Yu|atk|1\n|turn|6\n|\n|t:|1699998712\n|move|p1a: Ursaluna|Earth Power|p2a: Arcanine\n|-supereffective|p2a: Arcanine\n|-damage|p2a: Arcanine|0 fnt\n|faint|p2a: Arcanine\n|\n|win|CaptainLatios\n|raw|CaptainLatios's rating: 1374 &rarr; <strong>1390<\/strong><br \/>(+16 for winning)\n|raw|Zan-07's rating: 1306 &rarr; <strong>1290<\/strong><br \/>(-16 for losing)\n|l|\u2606Zan-07\n","uploadtime":1699998730,"views":9,"p1id":"captainlatios","p2id":"zan07","formatid":"gen9vgc2023regulatione","rating":1290,"private":0,"password":""}