{"id":"gen9vgc2023regulatione-1994912742","p1":"BowDog!","p2":"dudu_2209","format":"[Gen 9] VGC 2023 Regulation E","log":"|j|\u2606BowDog!\n|j|\u2606dudu_2209\n|t:|1700504092\n|gametype|doubles\n|player|p1|BowDog!|winona|1162\n|player|p2|dudu_2209|2|1112\n|teamsize|p1|6\n|teamsize|p2|6\n|gen|9\n|tier|[Gen 9] VGC 2023 Regulation E\n|rated|\n|rule|Species Clause: Limit one of each Pok\u00e9mon\n|rule|Item Clause: Limit one of each item\n|clearpoke\n|poke|p1|Landorus-Therian, L50, M|\n|poke|p1|Tornadus, L50, M|\n|poke|p1|Iron Bundle, L50|\n|poke|p1|Sylveon, L50, F|\n|poke|p1|Ogerpon-Hearthflame, L50, F|\n|poke|p1|Urshifu-*, L50, F|\n|poke|p2|Annihilape, L50, M|\n|poke|p2|Flutter Mane, L50|\n|poke|p2|Gholdengo, L50|\n|poke|p2|Sinistcha, L50|\n|poke|p2|Ceruledge, L50, F|\n|poke|p2|Basculegion-F, L50, F|\n|teampreview|4\nBowDog! has agreed to open team sheets.\n|inactive|Battle timer is ON: inactive players will automatically lose when time's up. (requested by BowDog!)\n|inactive|BowDog! has 60 seconds left.\n|inactive|dudu_2209 has 60 seconds left.\ndudu_2209 has agreed to open team sheets.\n|\n|t:|1700504169\n|start\n|switch|p1a: Urshifu|Urshifu, L50, F|100\/100\n|switch|p1b: Tornadus|Tornadus, L50, M|100\/100\n|switch|p2a: Ceruledge|Ceruledge, L50, F|100\/100\n|switch|p2b: Sinistcha|Sinistcha, L50|100\/100\n|turn|1\n|c|\u2606dudu_2209|!weak urshifu\n|c| dudu_2209|\/raw <div class=\"infobox\">Urshifu (ignoring abilities):<br \/><span class=\"message-effect-weak\">Weaknesses<\/span>: <b>Fairy<\/b>, Fighting, Flying<br \/><span class=\"message-effect-resist\">Resistances<\/span>: <b>Dark<\/b>, Ghost, Rock<br \/><span class=\"message-effect-immune\">Immunities<\/span>: Psychic, Prankster<\/div>\n|inactive|BowDog! has 30 seconds left.\n|inactive|dudu_2209 has 30 seconds left.\n|inactive|dudu_2209 has 20 seconds left.\n|\n|t:|1700504205\n|move|p1a: Urshifu|Wicked Blow|p2a: Ceruledge\n|-supereffective|p2a: Ceruledge\n|-crit|p2a: Ceruledge\n|-damage|p2a: Ceruledge|0 fnt\n|faint|p2a: Ceruledge\n|move|p1b: Tornadus|Bleakwind Storm|p2b: Sinistcha|[miss]\n|-miss|p1b: Tornadus|p2b: Sinistcha\n|move|p2b: Sinistcha|Matcha Gotcha|p1a: Urshifu|[spread] p1b\n|-miss|p2b: Sinistcha|p1a: Urshifu\n|-resisted|p1b: Tornadus\n|-damage|p1b: Tornadus|84\/100\n|\n|upkeep\n|\n|t:|1700504219\n|switch|p2a: Annihilape|Annihilape, L50, M|100\/100\n|turn|2\n|\n|t:|1700504235\n|move|p1b: Tornadus|Tailwind|p1b: Tornadus\n|-sidestart|p1: BowDog!|move: Tailwind\n|move|p1a: Urshifu|Wicked Blow|p2a: Annihilape\n|-crit|p2a: Annihilape\n|-damage|p2a: Annihilape|44\/100\n|move|p2a: Annihilape|Drain Punch|p1a: Urshifu\n|-supereffective|p1a: Urshifu\n|-damage|p1a: Urshifu|31\/100\n|-heal|p2a: Annihilape|72\/100|[from] drain|[of] p1a: Urshifu\n|move|p2b: Sinistcha|Scald|p1b: Tornadus\n|-damage|p1b: Tornadus|56\/100\n|\n|upkeep\n|turn|3\n|inactive|BowDog! has 30 seconds left.\n|\n|t:|1700504266\n|move|p1a: Urshifu|Wicked Blow|p2b: Sinistcha\n|-supereffective|p2b: Sinistcha\n|-crit|p2b: Sinistcha\n|-damage|p2b: Sinistcha|1\/100\n|-enditem|p2b: Sinistcha|Sitrus Berry|[eat]\n|-heal|p2b: Sinistcha|26\/100|[from] item: Sitrus Berry\n|move|p1b: Tornadus|Bleakwind Storm|p2b: Sinistcha|[spread] p2a,p2b\n|-supereffective|p2a: Annihilape\n|-supereffective|p2b: Sinistcha\n|-damage|p2a: Annihilape|14\/100\n|-damage|p2b: Sinistcha|0 fnt\n|-enditem|p2a: Annihilape|Aguav Berry|[eat]\n|-heal|p2a: Annihilape|47\/100|[from] item: Aguav Berry\n|faint|p2b: Sinistcha\n|move|p2a: Annihilape|Drain Punch|p1a: Urshifu\n|-supereffective|p1a: Urshifu\n|-damage|p1a: Urshifu|0 fnt\n|-heal|p2a: Annihilape|59\/100|[from] drain|[of] p1a: Urshifu\n|faint|p1a: Urshifu\n|\n|upkeep\n|\n|t:|1700504286\n|switch|p1a: BowDog!|Sylveon, L50, F|100\/100\n|switch|p2b: Basculegion|Basculegion-F, L50, F|100\/100\n|turn|4\n|inactive|dudu_2209 has 30 seconds left.\n|\n|t:|1700504316\n|move|p1b: Tornadus|Bleakwind Storm|p2a: Annihilape|[spread] p2a,p2b\n|-supereffective|p2a: Annihilape\n|-damage|p2a: Annihilape|7\/100\n|-damage|p2b: Basculegion|56\/100\n|-unboost|p2b: Basculegion|spe|1\n|move|p1a: BowDog!|Hyper Voice|p2b: Basculegion|[spread] p2a,p2b\n|-supereffective|p2a: Annihilape\n|-damage|p2a: Annihilape|0 fnt\n|-damage|p2b: Basculegion|8\/100\n|faint|p2a: Annihilape\n|-enditem|p1a: BowDog!|Throat Spray\n|-boost|p1a: BowDog!|spa|1|[from] item: Throat Spray\n|move|p2b: Basculegion|Ice Beam|p1b: Tornadus\n|-supereffective|p1b: Tornadus\n|-damage|p1b: Tornadus|0 fnt\n|faint|p1b: Tornadus\n|\n|upkeep\n|\n|t:|1700504330\n|switch|p1b: Landorus|Landorus-Therian, L50, M|100\/100\n|-ability|p1b: Landorus|Intimidate|boost\n|-unboost|p2b: Basculegion|atk|1\n|turn|5\n|\n|t:|1700504346\n|move|p1a: BowDog!|Quick Attack|p2b: Basculegion\n|-damage|p2b: Basculegion|0 fnt\n|faint|p2b: Basculegion\n|\n|win|BowDog!\n|raw|BowDog!'s rating: 1162 &rarr; <strong>1183<\/strong><br \/>(+21 for winning)\n|raw|dudu_2209's rating: 1112 &rarr; <strong>1091<\/strong><br \/>(-21 for losing)\n","uploadtime":1700504354,"views":1,"p1id":"bowdog","p2id":"dudu2209","formatid":"gen9vgc2023regulatione","rating":1091,"private":0,"password":""}