{"id":"gen9vgc2023regulatione-1997968654","p1":"thefriending","p2":"Goblin728","format":"[Gen 9] VGC 2023 Regulation E","log":"|j|\u2606thefriending\n|j|\u2606Goblin728\n|n|\u2606thefriending|thefriending\n|n|\u2606Goblin728|goblin728\n|html|View the match progress at <a href=\"\/game-bestof3-gen9vgc2023regulatione-1997968653\">game-bestof3-gen9vgc2023regulatione-1997968653<\/a>\n|t:|1700873434\n|gametype|doubles\n|player|p1|thefriending|101|\n|player|p2|Goblin728|bugcatcher-gen4dp|\n|teamsize|p1|6\n|teamsize|p2|6\n|gen|9\n|tier|[Gen 9] VGC 2023 Regulation E\n|rule|Species Clause: Limit one of each Pok\u00e9mon\n|rule|Item Clause: Limit one of each item\n|clearpoke\n|poke|p1|Iron Hands, L50|\n|poke|p1|Iron Bundle, L50|\n|poke|p1|Kommo-o, L50, M|\n|poke|p1|Clefairy, L50, M|\n|poke|p1|Ceruledge, L50, M|\n|poke|p1|Sableye, L50, F|\n|poke|p2|Roaring Moon, L50|\n|poke|p2|Grookey, L50, F|\n|poke|p2|Oranguru, L50, F|\n|poke|p2|Gyarados, L50, M|\n|poke|p2|Ogerpon, L50, F|\n|poke|p2|Wigglytuff, L50, M|\n|teampreview|4\n|c|\u2606Goblin728|Glhf\nthefriending rejected open team sheets.\n|c|\u2606thefriending|glhf\n|\n|t:|1700873524\n|start\n|switch|p1a: Ceruledge|Ceruledge, L50, M|100\/100\n|switch|p1b: Sableye|Sableye, L50, F|100\/100\n|switch|p2a: Oranguru|Oranguru, L50, F, shiny|100\/100\n|switch|p2b: Gyarados|Gyarados, L50, M, shiny|100\/100\n|-ability|p2b: Gyarados|Intimidate|boost\n|-fail|p1a: Ceruledge|unboost|[from] item: Clear Amulet|[of] p1a: Ceruledge\n|-unboost|p1b: Sableye|atk|1\n|turn|1\n|\n|t:|1700873582\n|switch|p2b: Roaring Moon|Roaring Moon, L50, shiny|100\/100\n|move|p1b: Sableye|Fake Out|p2b: Roaring Moon\n|-damage|p2b: Roaring Moon|92\/100\n|move|p1a: Ceruledge|Bulk Up|p1a: Ceruledge\n|-boost|p1a: Ceruledge|atk|1\n|-boost|p1a: Ceruledge|def|1\n|move|p2a: Oranguru|Psychic|p1a: Ceruledge\n|-damage|p1a: Ceruledge|57\/100\n|\n|upkeep\n|turn|2\n|\n|t:|1700873638\n|move|p1a: Ceruledge|Protect|p1a: Ceruledge\n|-singleturn|p1a: Ceruledge|Protect\n|move|p2b: Roaring Moon|Earthquake|p1a: Ceruledge|[spread] p2a,p1b\n|-activate|p1a: Ceruledge|move: Protect\n|-damage|p2a: Oranguru|70\/100\n|-damage|p1b: Sableye|45\/100\n|move|p1b: Sableye|Foul Play|p2b: Roaring Moon\n|-resisted|p2b: Roaring Moon\n|-damage|p2b: Roaring Moon|60\/100\n|move|p2a: Oranguru|Instruct|p2b: Roaring Moon\n|-singleturn|p2b: Roaring Moon|move: Instruct|[of] p2a: Oranguru\n|move|p2b: Roaring Moon|Earthquake|p1b: Sableye|[spread] p2a,p1b\n|-activate|p1a: Ceruledge|move: Protect\n|-damage|p2a: Oranguru|37\/100\n|-damage|p1b: Sableye|0 fnt\n|faint|p1b: Sableye\n|\n|upkeep\n|\n|t:|1700873658\n|switch|p1b: Clefairy|Clefairy, L50, M|100\/100\n|turn|3\n|\n|t:|1700873676\n|-terastallize|p1a: Ceruledge|Grass\n|move|p2b: Roaring Moon|Earthquake|p1a: Ceruledge|[spread] p2a,p1a,p1b\n|-resisted|p1a: Ceruledge\n|-damage|p2a: Oranguru|2\/100\n|-damage|p1a: Ceruledge|49\/100\n|-damage|p1b: Clefairy|77\/100\n|move|p1a: Ceruledge|Brick Break|p2b: Roaring Moon\n|-supereffective|p2b: Roaring Moon\n|-damage|p2b: Roaring Moon|0 fnt\n|faint|p2b: Roaring Moon\n|-end|p2b: Roaring Moon|Protosynthesis|[silent]\n|move|p2a: Oranguru|Hyper Voice|p1b: Clefairy|[spread] p1a,p1b\n|-damage|p1a: Ceruledge|24\/100\n|-damage|p1b: Clefairy|48\/100\n|move|p1b: Clefairy|Heal Pulse|p1a: Ceruledge\n|-heal|p1a: Ceruledge|74\/100\n|\n|upkeep\n|\n|t:|1700873702\n|switch|p2b: Gyarados|Gyarados, L50, M, shiny|100\/100\n|-ability|p2b: Gyarados|Intimidate|boost\n|-fail|p1a: Ceruledge|unboost|[from] item: Clear Amulet|[of] p1a: Ceruledge\n|-unboost|p1b: Clefairy|atk|1\n|turn|4\n|\n|t:|1700873732\n|switch|p2a: Wigglytuff|Wigglytuff, L50, M, shiny|100\/100\n|-item|p1a: Ceruledge|Clear Amulet|[from] ability: Frisk|[of] p2a: Wigglytuff|[identify]\n|-item|p1b: Clefairy|Eviolite|[from] ability: Frisk|[of] p2a: Wigglytuff|[identify]\n|move|p1b: Clefairy|Protect|p1b: Clefairy\n|-singleturn|p1b: Clefairy|Protect\n|move|p1a: Ceruledge|Bitter Blade|p2a: Wigglytuff\n|-damage|p2a: Wigglytuff|10\/100\n|-heal|p1a: Ceruledge|100\/100|[from] drain|[of] p2a: Wigglytuff\n|-enditem|p2a: Wigglytuff|Sitrus Berry|[eat]\n|-heal|p2a: Wigglytuff|35\/100|[from] item: Sitrus Berry\n|move|p2b: Gyarados|Waterfall|p1b: Clefairy\n|-activate|p1b: Clefairy|move: Protect\n|\n|upkeep\n|turn|5\n|\n|t:|1700873761\n|switch|p1b: Kommo-o|Kommo-o, L50, M|100\/100\n|move|p1a: Ceruledge|Bitter Blade|p2a: Wigglytuff\n|-damage|p2a: Wigglytuff|0 fnt\n|faint|p2a: Wigglytuff\n|move|p2b: Gyarados|Waterfall|p1b: Kommo-o\n|-resisted|p1b: Kommo-o\n|-damage|p1b: Kommo-o|83\/100\n|\n|upkeep\n|\n|t:|1700873767\n|switch|p2a: Oranguru|Oranguru, L50, F, shiny|2\/100\n|turn|6\n|\n|t:|1700873788\n|move|p1b: Kommo-o|Protect|p1b: Kommo-o\n|-singleturn|p1b: Kommo-o|Protect\n|move|p1a: Ceruledge|Bitter Blade|p2a: Oranguru\n|-damage|p2a: Oranguru|0 fnt\n|faint|p2a: Oranguru\n|move|p2b: Gyarados|Waterfall|p1a: Ceruledge\n|-resisted|p1a: Ceruledge\n|-damage|p1a: Ceruledge|84\/100\n|\n|upkeep\n|turn|7\n|c|\u2606Goblin728|Gg\n|\n|t:|1700873814\n|move|p1a: Ceruledge|Bitter Blade|p2b: Gyarados\n|-resisted|p2b: Gyarados\n|-damage|p2b: Gyarados|58\/100\n|-heal|p1a: Ceruledge|100\/100|[from] drain|[of] p2b: Gyarados\n|move|p1b: Kommo-o|Clanging Scales|p2b: Gyarados\n|-damage|p2b: Gyarados|14\/100\n|-unboost|p1b: Kommo-o|def|1\n|-enditem|p1b: Kommo-o|Throat Spray\n|-boost|p1b: Kommo-o|spa|1|[from] item: Throat Spray\n|move|p2b: Gyarados|Waterfall|p1a: Ceruledge\n|-resisted|p1a: Ceruledge\n|-damage|p1a: Ceruledge|85\/100\n|\n|upkeep\n|turn|8\n|\n|t:|1700873828\n|move|p1a: Ceruledge|Bitter Blade|p2b: Gyarados\n|-resisted|p2b: Gyarados\n|-damage|p2b: Gyarados|0 fnt\n|-heal|p1a: Ceruledge|94\/100|[from] drain|[of] p2b: Gyarados\n|faint|p2b: Gyarados\n|\n|win|thefriending\n|c|\u2606thefriending|gg\n|c|&|\/uhtml prompt-thefriending,thefriending is ready for game 2!\n","uploadtime":1700873832,"views":8,"p1id":"thefriending","p2id":"goblin728","formatid":"gen9vgc2023regulatione","rating":0,"private":0,"password":""}