{"id":"gen9vgc2023regulatione-1996200795","p1":"M1dN1GhtJ","p2":"omegaguru","format":"[Gen 9] VGC 2023 Regulation E","log":"|j|\u2606M1dN1GhtJ\n|j|\u2606omegaguru\n|t:|1700658396\n|gametype|doubles\n|player|p1|M1dN1GhtJ|steven|1222\n|player|p2|omegaguru|101|1308\n|teamsize|p1|6\n|teamsize|p2|6\n|gen|9\n|tier|[Gen 9] VGC 2023 Regulation E\n|rated|\n|rule|Species Clause: Limit one of each Pok\u00e9mon\n|rule|Item Clause: Limit one of each item\n|clearpoke\n|poke|p1|Farigiraf, L50, M|\n|poke|p1|Heatran, L50, F|\n|poke|p1|Ogerpon-Wellspring, L50, F|\n|poke|p1|Kingambit, L50, F|\n|poke|p1|Roaring Moon, L50|\n|poke|p1|Sinistcha, L50|\n|poke|p2|Heatran, L50, M|\n|poke|p2|Ninetales-Alola, L50, F|\n|poke|p2|Urshifu-*, L50, F|\n|poke|p2|Dragonite, L50, F|\n|poke|p2|Iron Bundle, L50|\n|poke|p2|Luxray, L50, F|\n|teampreview|4\n|inactive|Battle timer is ON: inactive players will automatically lose when time's up. (requested by M1dN1GhtJ)\n|inactive|omegaguru has 60 seconds left.\n|inactive|omegaguru has 30 seconds left.\n|inactive|omegaguru has 20 seconds left.\n|inactive|omegaguru has 15 seconds left.\n|\n|t:|1700658475\n|start\n|switch|p1a: Heatran|Heatran, L50, F, shiny|100\/100\n|switch|p1b: Kingambit|Kingambit, L50, F|100\/100\n|switch|p2a: Ninetales|Ninetales-Alola, L50, F|100\/100\n|switch|p2b: Iron Bundle|Iron Bundle, L50|100\/100\n|-weather|Snow|[from] ability: Snow Warning|[of] p2a: Ninetales\n|-enditem|p2b: Iron Bundle|Booster Energy\n|-activate|p2b: Iron Bundle|ability: Quark Drive|[fromitem]\n|-start|p2b: Iron Bundle|quarkdrivespe\n|turn|1\n|inactive|omegaguru has 30 seconds left.\n|\n|t:|1700658501\n|-end|p2b: Iron Bundle|Quark Drive|[silent]\n|switch|p2b: Heatran|Heatran, L50, M|100\/100\n|move|p2a: Ninetales|Aurora Veil|p2a: Ninetales\n|-sidestart|p2: omegaguru|move: Aurora Veil\n|move|p1a: Heatran|Flash Cannon|p2b: Heatran\n|-resisted|p2b: Heatran\n|-damage|p2b: Heatran|94\/100\n|move|p1b: Kingambit|Swords Dance|p1b: Kingambit\n|-boost|p1b: Kingambit|atk|2\n|\n|-weather|Snow|[upkeep]\n|upkeep\n|turn|2\n|\n|t:|1700658522\n|move|p1b: Kingambit|Protect|p1b: Kingambit\n|-singleturn|p1b: Kingambit|Protect\n|move|p2a: Ninetales|Blizzard|p1a: Heatran|[spread] p1a\n|-activate|p1b: Kingambit|move: Protect\n|-resisted|p1a: Heatran\n|-damage|p1a: Heatran|95\/100\n|move|p1a: Heatran|Earth Power|p2b: Heatran\n|-supereffective|p2b: Heatran\n|-damage|p2b: Heatran|16\/100\n|move|p2b: Heatran|Heat Wave|p1b: Kingambit|[spread] \n|-activate|p1b: Kingambit|move: Protect\n|-start|p1a: Heatran|ability: Flash Fire\n|\n|-weather|Snow|[upkeep]\n|upkeep\n|turn|3\n|\n|t:|1700658544\n|switch|p2a: Urshifu|Urshifu-Rapid-Strike, L50, F|100\/100\n|move|p2b: Heatran|Protect|p2b: Heatran\n|-singleturn|p2b: Heatran|Protect\n|move|p1b: Kingambit|Sucker Punch||[still]\n|-fail|p1b: Kingambit\n|move|p1a: Heatran|Flash Cannon|p2a: Urshifu\n|-resisted|p2a: Urshifu\n|-damage|p2a: Urshifu|81\/100\n|\n|-weather|Snow|[upkeep]\n|upkeep\n|turn|4\n|inactive|omegaguru has 30 seconds left.\n|\n|t:|1700658573\n|switch|p1b: Farigiraf|Farigiraf, L50, M|100\/100\n|-terastallize|p1a: Heatran|Grass\n|move|p2a: Urshifu|Surging Strikes|p1a: Heatran\n|-resisted|p1a: Heatran\n|-crit|p1a: Heatran\n|-damage|p1a: Heatran|84\/100\n|-resisted|p1a: Heatran\n|-crit|p1a: Heatran\n|-damage|p1a: Heatran|73\/100\n|-resisted|p1a: Heatran\n|-crit|p1a: Heatran\n|-damage|p1a: Heatran|63\/100\n|-hitcount|p1a: Heatran|3\n|move|p1a: Heatran|Tera Blast|p2a: Urshifu|[anim] Tera Blast Grass\n|-supereffective|p2a: Urshifu\n|-damage|p2a: Urshifu|0 fnt\n|faint|p2a: Urshifu\n|move|p2b: Heatran|Heat Wave|p1b: Farigiraf|[spread] p1b\n|-immune|p1a: Heatran|[from] ability: Flash Fire\n|-damage|p1b: Farigiraf|44\/100\n|-damage|p2b: Heatran|6\/100|[from] item: Life Orb\n|\n|-weather|Snow|[upkeep]\n|upkeep\n|\n|t:|1700658591\n|switch|p2a: Iron Bundle|Iron Bundle, L50|100\/100\n|turn|5\n|\n|t:|1700658606\n|move|p2b: Heatran|Protect|p2b: Heatran\n|-singleturn|p2b: Heatran|Protect\n|move|p2a: Iron Bundle|Blizzard|p1a: Heatran|[spread] p1a,p1b\n|-supereffective|p1a: Heatran\n|-damage|p1a: Heatran|11\/100\n|-damage|p1b: Farigiraf|1\/100\n|-status|p1b: Farigiraf|frz\n|move|p1a: Heatran|Flash Cannon|p2a: Iron Bundle\n|-damage|p2a: Iron Bundle|48\/100\n|-curestatus|p1b: Farigiraf|frz|[msg]\n|move|p1b: Farigiraf|Psychic|p2b: Heatran\n|-activate|p2b: Heatran|move: Protect\n|\n|-weather|none\n|upkeep\n|turn|6\n|\n|t:|1700658630\n|switch|p2b: Ninetales|Ninetales-Alola, L50, F|100\/100\n|-weather|Snow|[from] ability: Snow Warning|[of] p2b: Ninetales\n|move|p2a: Iron Bundle|Blizzard|p1a: Heatran|[spread] p1a,p1b\n|-supereffective|p1a: Heatran\n|-damage|p1a: Heatran|0 fnt\n|-damage|p1b: Farigiraf|0 fnt\n|faint|p1a: Heatran\n|faint|p1b: Farigiraf\n|\n|-weather|Snow|[upkeep]\n|upkeep\n|\n|t:|1700658639\n|switch|p1a: Roaring Moon|Roaring Moon, L50|100\/100\n|switch|p1b: Kingambit|Kingambit, L50, F|100\/100\n|-enditem|p1a: Roaring Moon|Booster Energy\n|-activate|p1a: Roaring Moon|ability: Protosynthesis|[fromitem]\n|-start|p1a: Roaring Moon|protosynthesisatk\n|turn|7\n|\n|t:|1700658653\n|move|p1a: Roaring Moon|Protect|p1a: Roaring Moon\n|-singleturn|p1a: Roaring Moon|Protect\n|move|p1b: Kingambit|Sucker Punch|p2a: Iron Bundle\n|-damage|p2a: Iron Bundle|18\/100\n|-damage|p1b: Kingambit|91\/100|[from] item: Life Orb\n|move|p2a: Iron Bundle|Icy Wind|p1b: Kingambit|[spread] p1b\n|-activate|p1a: Roaring Moon|move: Protect\n|-resisted|p1b: Kingambit\n|-damage|p1b: Kingambit|79\/100\n|-unboost|p1b: Kingambit|spe|1\n|-ability|p1b: Kingambit|Defiant|boost\n|-boost|p1b: Kingambit|atk|2\n|move|p2b: Ninetales|Moonblast|p1a: Roaring Moon\n|-activate|p1a: Roaring Moon|move: Protect\n|\n|-weather|Snow|[upkeep]\n|upkeep\n|turn|8\n|inactive|M1dN1GhtJ has 30 seconds left.\n|inactive|omegaguru has 30 seconds left.\n|inactive|omegaguru has 20 seconds left.\n|inactive|omegaguru has 15 seconds left.\n|inactive|M1dN1GhtJ has 20 seconds left.\n|inactive|omegaguru has 10 seconds left.\n|\n|t:|1700658701\n|move|p1b: Kingambit|Sucker Punch|p2b: Ninetales\n|-resisted|p2b: Ninetales\n|-damage|p2b: Ninetales|67\/100\n|-damage|p1b: Kingambit|69\/100|[from] item: Life Orb\n|move|p2a: Iron Bundle|Icy Wind|p1a: Roaring Moon|[spread] p1a,p1b\n|-supereffective|p1a: Roaring Moon\n|-resisted|p1b: Kingambit\n|-damage|p1a: Roaring Moon|56\/100\n|-damage|p1b: Kingambit|57\/100\n|-unboost|p1a: Roaring Moon|spe|1\n|-unboost|p1b: Kingambit|spe|1\n|-ability|p1b: Kingambit|Defiant|boost\n|-boost|p1b: Kingambit|atk|2\n|move|p2b: Ninetales|Moonblast|p1a: Roaring Moon\n|-supereffective|p1a: Roaring Moon\n|-damage|p1a: Roaring Moon|0 fnt\n|faint|p1a: Roaring Moon\n|-end|p1a: Roaring Moon|Protosynthesis|[silent]\n|\n|-weather|Snow|[upkeep]\n|-sideend|p2: omegaguru|move: Aurora Veil\n|upkeep\n|turn|9\n|\n|t:|1700658717\n|move|p1b: Kingambit|Protect|p1b: Kingambit\n|-singleturn|p1b: Kingambit|Protect\n|move|p2a: Iron Bundle|Blizzard|p1b: Kingambit\n|-activate|p1b: Kingambit|move: Protect\n|move|p2b: Ninetales|Blizzard|p1b: Kingambit\n|-activate|p1b: Kingambit|move: Protect\n|\n|-weather|Snow|[upkeep]\n|upkeep\n|turn|10\n|\n|t:|1700658740\n|move|p1b: Kingambit|Sucker Punch|p2a: Iron Bundle\n|-damage|p2a: Iron Bundle|0 fnt\n|faint|p2a: Iron Bundle\n|-end|p2a: Iron Bundle|Quark Drive|[silent]\n|-damage|p1b: Kingambit|47\/100|[from] item: Life Orb\n|move|p2b: Ninetales|Blizzard|p1b: Kingambit\n|-resisted|p1b: Kingambit\n|-damage|p1b: Kingambit|25\/100\n|\n|-weather|none\n|upkeep\n|\n|t:|1700658743\n|switch|p2a: Heatran|Heatran, L50, M|6\/100\n|turn|11\n|\n|t:|1700658753\n|move|p1b: Kingambit|Protect|p1b: Kingambit\n|-singleturn|p1b: Kingambit|Protect\n|move|p2b: Ninetales|Blizzard|p1b: Kingambit\n|-activate|p1b: Kingambit|move: Protect\n|move|p2a: Heatran|Heat Wave|p1b: Kingambit\n|-activate|p1b: Kingambit|move: Protect\n|\n|upkeep\n|turn|12\n|\n|t:|1700658762\n|move|p1b: Kingambit|Sucker Punch|p2a: Heatran\n|-damage|p2a: Heatran|0 fnt\n|faint|p2a: Heatran\n|-damage|p1b: Kingambit|15\/100|[from] item: Life Orb\n|move|p2b: Ninetales|Moonblast|p1b: Kingambit\n|-crit|p1b: Kingambit\n|-damage|p1b: Kingambit|0 fnt\n|faint|p1b: Kingambit\n|\n|win|omegaguru\n|raw|M1dN1GhtJ's rating: 1222 &rarr; <strong>1203<\/strong><br \/>(-19 for losing)\n|raw|omegaguru's rating: 1308 &rarr; <strong>1323<\/strong><br \/>(+15 for winning)\n|l|\u2606M1dN1GhtJ\n","uploadtime":1700658850,"views":6,"p1id":"m1dn1ghtj","p2id":"omegaguru","formatid":"gen9vgc2023regulatione","rating":1203,"private":0,"password":""}