{"id":"gen9vgc2023regulatione-1999201998","p1":"TEAM FUCKERY SMURF","p2":"theejake","format":"[Gen 9] VGC 2023 Regulation E","log":"|j|\u2606TEAM FUCKERY SMURF\n|j|\u2606theejake\n|t:|1701044811\n|gametype|doubles\n|player|p1|TEAM FUCKERY SMURF|swimmer-gen4dp|1193\n|player|p2|theejake|265|1136\n|teamsize|p1|6\n|teamsize|p2|6\n|gen|9\n|tier|[Gen 9] VGC 2023 Regulation E\n|rated|\n|rule|Species Clause: Limit one of each Pok\u00e9mon\n|rule|Item Clause: Limit one of each item\n|clearpoke\n|poke|p1|Moltres-Galar, L50|\n|poke|p1|Arcanine-Hisui, L50, F|\n|poke|p1|Munkidori, L50, M|\n|poke|p1|Sinistcha, L50|\n|poke|p1|Grimmsnarl, L50, M|\n|poke|p1|Milotic, L50, F|\n|poke|p2|Ogerpon-Hearthflame, L50, F|\n|poke|p2|Iron Hands, L50|\n|poke|p2|Flutter Mane, L50|\n|poke|p2|Tornadus, L50, M|\n|poke|p2|Urshifu-*, L50, F|\n|poke|p2|Landorus-Therian, L50, M|\n|teampreview|4\n|inactive|Battle timer is ON: inactive players will automatically lose when time's up. (requested by TEAM FUCKERY SMURF)\n|\n|t:|1701044825\n|start\n|switch|p1a: Munkidori|Munkidori, L50, M|100\/100\n|switch|p1b: Arcanine|Arcanine-Hisui, L50, F|100\/100\n|switch|p2a: Ogerpon|Ogerpon-Hearthflame, L50, F|100\/100\n|switch|p2b: Iron Hands|Iron Hands, L50|100\/100\n|-item|p2a: Ogerpon|Hearthflame Mask|[from] ability: Frisk|[of] p1a: Munkidori|[identify]\n|-item|p2b: Iron Hands|Assault Vest|[from] ability: Frisk|[of] p1a: Munkidori|[identify]\n|-ability|p2a: Ogerpon|Mold Breaker\n|-ability|p1b: Arcanine|Intimidate|boost\n|-unboost|p2a: Ogerpon|atk|1\n|-unboost|p2b: Iron Hands|atk|1\n|turn|1\n|\n|t:|1701044847\n|-terastallize|p1b: Arcanine|Fairy\n|move|p1a: Munkidori|Fake Out|p2a: Ogerpon\n|-damage|p2a: Ogerpon|94\/100\n|cant|p2a: Ogerpon|flinch\n|move|p1b: Arcanine|Tera Blast|p2b: Iron Hands|[anim] Tera Blast Fairy\n|-supereffective|p2b: Iron Hands\n|-damage|p2b: Iron Hands|42\/100\n|move|p2b: Iron Hands|Drain Punch|p1b: Arcanine\n|-resisted|p1b: Arcanine\n|-damage|p1b: Arcanine|83\/100\n|-heal|p2b: Iron Hands|50\/100|[from] drain|[of] p1b: Arcanine\n|\n|upkeep\n|turn|2\n|inactive|theejake has 30 seconds left.\n|inactive|theejake has 20 seconds left.\n|\n|t:|1701044883\n|-end|p2b: Iron Hands|Quark Drive|[silent]\n|switch|p2b: Landorus|Landorus-Therian, L50, M|100\/100\n|-ability|p2b: Landorus|Intimidate|boost\n|-unboost|p1a: Munkidori|atk|1\n|-unboost|p1b: Arcanine|atk|1\n|move|p2a: Ogerpon|Spiky Shield|p2a: Ogerpon\n|-singleturn|p2a: Ogerpon|move: Protect\n|move|p1a: Munkidori|Parting Shot|p2a: Ogerpon\n|-activate|p2a: Ogerpon|move: Protect\n|move|p1b: Arcanine|Tera Blast|p2b: Landorus|[anim] Tera Blast Fairy\n|-damage|p2b: Landorus|71\/100\n|\n|upkeep\n|turn|3\n|\n|t:|1701044901\n|switch|p2a: Iron Hands|Iron Hands, L50|50\/100\n|move|p1a: Munkidori|Sludge Bomb|p2a: Iron Hands\n|-damage|p2a: Iron Hands|23\/100\n|-status|p2a: Iron Hands|psn\n|move|p1b: Arcanine|Rock Slide|p2a: Iron Hands|[spread] p2a,p2b\n|-resisted|p2a: Iron Hands\n|-damage|p2a: Iron Hands|17\/100 psn\n|-damage|p2b: Landorus|49\/100\n|move|p2b: Landorus|U-turn|p1b: Arcanine\n|-resisted|p1b: Arcanine\n|-damage|p1b: Arcanine|67\/100\n|\n|t:|1701044918\n|switch|p2b: Urshifu|Urshifu-Rapid-Strike, L50, F|100\/100|[from] U-turn\n|\n|-damage|p2a: Iron Hands|5\/100 psn|[from] psn\n|upkeep\n|turn|4\n|\n|t:|1701044942\n|move|p2b: Urshifu|Protect|p2b: Urshifu\n|-singleturn|p2b: Urshifu|Protect\n|move|p2a: Iron Hands|Fake Out|p1a: Munkidori\n|-damage|p1a: Munkidori|76\/100\n|move|p1b: Arcanine|Extreme Speed|p2a: Iron Hands\n|-damage|p2a: Iron Hands|0 fnt\n|faint|p2a: Iron Hands\n|-end|p2a: Iron Hands|Quark Drive|[silent]\n|cant|p1a: Munkidori|flinch\n|\n|upkeep\n|\n|t:|1701044952\n|switch|p2a: Landorus|Landorus-Therian, L50, M|49\/100\n|-ability|p2a: Landorus|Intimidate|boost\n|-unboost|p1a: Munkidori|atk|1\n|-unboost|p1b: Arcanine|atk|1\n|turn|5\n|inactive|TEAM FUCKERY SMURF has 30 seconds left.\n|inactive|TEAM FUCKERY SMURF has 20 seconds left.\n|inactive|TEAM FUCKERY SMURF has 15 seconds left.\n|\n|t:|1701044996\n|switch|p1b: Sinistcha|Sinistcha, L50|100\/100\n|-heal|p1a: Munkidori|100\/100|[from] ability: Hospitality|[of] p1b: Sinistcha\n|move|p2a: Landorus|Protect|p2a: Landorus\n|-singleturn|p2a: Landorus|Protect\n|move|p1a: Munkidori|Psychic|p2b: Urshifu\n|-supereffective|p2b: Urshifu\n|-damage|p2b: Urshifu|7\/100\n|-unboost|p2b: Urshifu|spd|1\n|move|p2b: Urshifu|Surging Strikes|p1b: Sinistcha\n|-resisted|p1b: Sinistcha\n|-crit|p1b: Sinistcha\n|-damage|p1b: Sinistcha|91\/100\n|-damage|p2b: Urshifu|0 fnt|[from] item: Rocky Helmet|[of] p1b: Sinistcha\n|faint|p2b: Urshifu\n|-hitcount|p1b: Sinistcha|1\n|\n|upkeep\n|c|\u2606theejake|well played\n|\n|t:|1701045015\n|switch|p2b: Ogerpon|Ogerpon-Hearthflame, L50, F|94\/100\n|-ability|p2b: Ogerpon|Mold Breaker\n|turn|6\n|inactive|theejake has 30 seconds left.\n|\n|t:|1701045048\n|switch|p1b: Arcanine|Arcanine-Hisui, L50, F, tera:Fairy|67\/100\n|-ability|p1b: Arcanine|Intimidate|boost\n|-unboost|p2a: Landorus|atk|1\n|-unboost|p2b: Ogerpon|atk|1\n|-terastallize|p2b: Ogerpon|Fire\n|detailschange|p2b: Ogerpon|Ogerpon-Hearthflame-Tera, L50, F, tera:Fire\n|-ability|p2b: Ogerpon|Embody Aspect (Hearthflame)|boost\n|-boost|p2b: Ogerpon|atk|1\n|move|p1a: Munkidori|Sludge Bomb|p2b: Ogerpon\n|-damage|p2b: Ogerpon|43\/100\n|-status|p2b: Ogerpon|psn\n|move|p2b: Ogerpon|Ivy Cudgel|p1b: Arcanine|[anim] Ivy Cudgel Fire\n|-damage|p1b: Arcanine|0 fnt\n|faint|p1b: Arcanine\n|move|p2a: Landorus|Stomping Tantrum|p1a: Munkidori\n|-supereffective|p1a: Munkidori\n|-damage|p1a: Munkidori|4\/100\n|\n|-damage|p2b: Ogerpon|31\/100 psn|[from] psn\n|upkeep\n|\n|t:|1701045068\n|switch|p1b: Sinistcha|Sinistcha, L50|91\/100\n|-heal|p1a: Munkidori|29\/100|[from] ability: Hospitality|[of] p1b: Sinistcha\n|turn|7\n|\n|t:|1701045089\n|move|p2b: Ogerpon|Spiky Shield|p2b: Ogerpon\n|-singleturn|p2b: Ogerpon|move: Protect\n|move|p1a: Munkidori|Sludge Bomb|p2b: Ogerpon\n|-activate|p2b: Ogerpon|move: Protect\n|move|p2a: Landorus|Stomping Tantrum|p1a: Munkidori\n|-supereffective|p1a: Munkidori\n|-damage|p1a: Munkidori|0 fnt\n|faint|p1a: Munkidori\n|move|p1b: Sinistcha|Matcha Gotcha|p2b: Ogerpon|[spread] p2a\n|-activate|p2b: Ogerpon|move: Protect\n|-damage|p2a: Landorus|18\/100\n|-heal|p1b: Sinistcha|100\/100|[from] drain|[of] p2a: Landorus\n|-enditem|p2a: Landorus|Wiki Berry|[eat]\n|-heal|p2a: Landorus|51\/100|[from] item: Wiki Berry\n|\n|-damage|p2b: Ogerpon|19\/100 psn|[from] psn\n|upkeep\n|\n|t:|1701045093\n|switch|p1a: Moltres|Moltres-Galar, L50|100\/100\n|turn|8\n|inactive|theejake has 30 seconds left.\n|inactive|theejake has 20 seconds left.\n|\n|t:|1701045132\n|move|p1b: Sinistcha|Rage Powder|p1b: Sinistcha\n|-singleturn|p1b: Sinistcha|move: Rage Powder\n|move|p2b: Ogerpon|Ivy Cudgel|p1b: Sinistcha|[anim] Ivy Cudgel Fire\n|-supereffective|p1b: Sinistcha\n|-damage|p1b: Sinistcha|0 fnt\n|faint|p1b: Sinistcha\n|move|p1a: Moltres|Fiery Wrath|p2a: Landorus|[spread] p2a,p2b\n|-damage|p2a: Landorus|15\/100\n|-damage|p2b: Ogerpon|0 fnt\n|faint|p2b: Ogerpon\n|move|p2a: Landorus|Stomping Tantrum|p1a: Moltres\n|-immune|p1a: Moltres\n|\n|upkeep\n|turn|9\n|\n|t:|1701045150\n|move|p1a: Moltres|Fiery Wrath|p2a: Landorus\n|-damage|p2a: Landorus|0 fnt\n|faint|p2a: Landorus\n|\n|win|TEAM FUCKERY SMURF\n|raw|TEAM FUCKERY SMURF's rating: 1193 &rarr; <strong>1214<\/strong><br \/>(+21 for winning)\n|raw|theejake's rating: 1136 &rarr; <strong>1115<\/strong><br \/>(-21 for losing)\n|c|\u2606theejake|gg\n","uploadtime":1701045160,"views":2,"p1id":"teamfuckerysmurf","p2id":"theejake","formatid":"gen9vgc2023regulatione","rating":1115,"private":0,"password":""}