{"id":"gen9vgc2023regulatione-1994130509","p1":"BlueJayX2","p2":"arieon","format":"[Gen 9] VGC 2023 Regulation E","log":"|j|\u2606BlueJayX2\n|j|\u2606arieon\n|t:|1700410481\n|gametype|doubles\n|player|p1|BlueJayX2|marley|1253\n|player|p2|arieon|169|1319\n|teamsize|p1|6\n|teamsize|p2|6\n|gen|9\n|tier|[Gen 9] VGC 2023 Regulation E\n|rated|\n|rule|Species Clause: Limit one of each Pok\u00e9mon\n|rule|Item Clause: Limit one of each item\n|clearpoke\n|poke|p1|Lucario, L50, F|\n|poke|p1|Arcanine-Hisui, L50, F|\n|poke|p1|Dragonite, L50, F|\n|poke|p1|Regieleki, L50|\n|poke|p1|Illumise, L50, F|\n|poke|p1|Sylveon, L50, F|\n|poke|p2|Goodra-Hisui, L50, F|\n|poke|p2|Cresselia, L50, F|\n|poke|p2|Amoonguss, L50, F|\n|poke|p2|Annihilape, L50, F|\n|poke|p2|Ninetales-Alola, L50, M|\n|poke|p2|Iron Bundle, L50|\n|teampreview|4\n|inactive|Battle timer is ON: inactive players will automatically lose when time's up. (requested by BlueJayX2)\n|inactive|arieon has 60 seconds left.\n|\n|t:|1700410513\n|start\n|switch|p1a: Regieleki|Regieleki, L50, shiny|100\/100\n|switch|p1b: Arcanine|Arcanine-Hisui, L50, F, shiny|100\/100\n|switch|p2a: Annihilape|Annihilape, L50, F|100\/100\n|switch|p2b: Ninetales|Ninetales-Alola, L50, M|100\/100\n|-weather|Snow|[from] ability: Snow Warning|[of] p2b: Ninetales\n|-ability|p1b: Arcanine|Intimidate|boost\n|-unboost|p2a: Annihilape|atk|1\n|-ability|p2a: Annihilape|Defiant|boost\n|-boost|p2a: Annihilape|atk|2\n|-unboost|p2b: Ninetales|atk|1\n|turn|1\n|\n|t:|1700410535\n|move|p1a: Regieleki|Extreme Speed|p2b: Ninetales\n|-enditem|p1a: Regieleki|Normal Gem|[from] gem\n|-damage|p2b: Ninetales|68\/100\n|move|p2b: Ninetales|Aurora Veil|p2b: Ninetales\n|-sidestart|p2: arieon|move: Aurora Veil\n|move|p1b: Arcanine|Howl|p1b: Arcanine|[spread] p1a,p1b\n|-boost|p1a: Regieleki|atk|1\n|-boost|p1b: Arcanine|atk|1\n|move|p2a: Annihilape|Drain Punch|p1a: Regieleki\n|-damage|p1a: Regieleki|15\/100\n|\n|-weather|Snow|[upkeep]\n|upkeep\n|turn|2\n|\n|t:|1700410555\n|move|p1a: Regieleki|Acrobatics|p2a: Annihilape\n|-supereffective|p2a: Annihilape\n|-damage|p2a: Annihilape|31\/100\n|move|p2b: Ninetales|Encore|p1b: Arcanine\n|-start|p1b: Arcanine|Encore\n|move|p1b: Arcanine|Howl|p1b: Arcanine|[spread] p1a,p1b\n|-boost|p1a: Regieleki|atk|1\n|-boost|p1b: Arcanine|atk|1\n|move|p2a: Annihilape|Drain Punch|p1a: Regieleki\n|-damage|p1a: Regieleki|0 fnt\n|-heal|p2a: Annihilape|36\/100|[from] drain|[of] p1a: Regieleki\n|faint|p1a: Regieleki\n|\n|-weather|Snow|[upkeep]\n|upkeep\n|\n|t:|1700410572\n|switch|p1a: Sylveon|Sylveon, L50, F, shiny|100\/100\n|turn|3\n|\n|t:|1700410583\n|switch|p1b: Illumise|Illumise, L50, F, shiny|100\/100\n|-terastallize|p1a: Sylveon|Poison\n|-terastallize|p2a: Annihilape|Water\n|move|p2b: Ninetales|Blizzard|p1a: Sylveon|[spread] p1a,p1b\n|-crit|p1a: Sylveon\n|-damage|p1a: Sylveon|58\/100\n|-damage|p1b: Illumise|65\/100\n|move|p1a: Sylveon|Hyper Voice|p2b: Ninetales|[spread] p2a,p2b\n|-damage|p2a: Annihilape|20\/100\n|-damage|p2b: Ninetales|32\/100\n|-enditem|p1a: Sylveon|Throat Spray\n|-boost|p1a: Sylveon|spa|1|[from] item: Throat Spray\n|move|p2a: Annihilape|Drain Punch|p1b: Illumise\n|-resisted|p1b: Illumise\n|-damage|p1b: Illumise|45\/100\n|-heal|p2a: Annihilape|28\/100|[from] drain|[of] p1b: Illumise\n|\n|-weather|Snow|[upkeep]\n|upkeep\n|turn|4\n|inactive|arieon has 30 seconds left.\n|\n|t:|1700410611\n|move|p1b: Illumise|Tailwind|p1b: Illumise\n|-sidestart|p1: BlueJayX2|move: Tailwind\n|move|p1a: Sylveon|Hyper Voice|p2a: Annihilape|[spread] p2a,p2b\n|-damage|p2a: Annihilape|0 fnt\n|-damage|p2b: Ninetales|0 fnt\n|faint|p2a: Annihilape\n|faint|p2b: Ninetales\n|\n|-weather|Snow|[upkeep]\n|upkeep\n|\n|t:|1700410620\n|switch|p2b: Iron Bundle|Iron Bundle, L50|100\/100\n|switch|p2a: Cresselia|Cresselia, L50, F|100\/100\n|-enditem|p2b: Iron Bundle|Booster Energy\n|-activate|p2b: Iron Bundle|ability: Quark Drive|[fromitem]\n|-start|p2b: Iron Bundle|quarkdrivespe\n|turn|5\n|\n|t:|1700410631\n|move|p2a: Cresselia|Helping Hand|p2b: Iron Bundle\n|-singleturn|p2b: Iron Bundle|Helping Hand|[of] p2a: Cresselia\n|move|p1b: Illumise|Thunder Wave|p2b: Iron Bundle\n|-status|p2b: Iron Bundle|par\n|move|p1a: Sylveon|Hyper Voice|p2b: Iron Bundle|[spread] p2a,p2b\n|-damage|p2a: Cresselia|76\/100\n|-damage|p2b: Iron Bundle|19\/100 par\n|move|p2b: Iron Bundle|Blizzard|p1b: Illumise|[spread] p1a,p1b\n|-damage|p1a: Sylveon|3\/100\n|-damage|p1b: Illumise|0 fnt\n|faint|p1b: Illumise\n|\n|-weather|none\n|upkeep\n|\n|t:|1700410646\n|switch|p1b: Arcanine|Arcanine-Hisui, L50, F, shiny|100\/100\n|-ability|p1b: Arcanine|Intimidate|boost\n|-unboost|p2a: Cresselia|atk|1\n|-unboost|p2b: Iron Bundle|atk|1\n|turn|6\n|\n|t:|1700410657\n|move|p2b: Iron Bundle|Protect|p2b: Iron Bundle\n|-singleturn|p2b: Iron Bundle|Protect\n|move|p1b: Arcanine|Extreme Speed|p2b: Iron Bundle\n|-activate|p2b: Iron Bundle|move: Protect\n|move|p1a: Sylveon|Hyper Beam|p2a: Cresselia\n|-damage|p2a: Cresselia|21\/100\n|-mustrecharge|p1a: Sylveon\n|move|p2a: Cresselia|Trick Room|p2a: Cresselia\n|-fieldstart|move: Trick Room|[of] p2a: Cresselia\n|\n|upkeep\n|turn|7\n|\n|t:|1700410680\n|move|p1b: Arcanine|Extreme Speed|p2b: Iron Bundle\n|-damage|p2b: Iron Bundle|0 fnt\n|faint|p2b: Iron Bundle\n|-end|p2b: Iron Bundle|Quark Drive|[silent]\n|move|p2a: Cresselia|Psychic|p1a: Sylveon\n|-supereffective|p1a: Sylveon\n|-damage|p1a: Sylveon|0 fnt\n|faint|p1a: Sylveon\n|\n|-sideend|p1: BlueJayX2|move: Tailwind\n|upkeep\n|turn|8\n|\n|t:|1700410694\n|move|p2a: Cresselia|Lunar Blessing|p2a: Cresselia\n|-heal|p2a: Cresselia|46\/100\n|move|p1b: Arcanine|Flare Blitz|p2a: Cresselia\n|-damage|p2a: Cresselia|19\/100\n|-damage|p1b: Arcanine|89\/100|[from] Recoil\n|\n|-sideend|p2: arieon|move: Aurora Veil\n|upkeep\n|turn|9\n|\n|t:|1700410704\n|move|p2a: Cresselia|Psychic|p1b: Arcanine\n|-damage|p1b: Arcanine|59\/100\n|move|p1b: Arcanine|Flare Blitz|p2a: Cresselia\n|-damage|p2a: Cresselia|0 fnt\n|faint|p2a: Cresselia\n|-damage|p1b: Arcanine|52\/100|[from] Recoil\n|\n|win|BlueJayX2\n|raw|BlueJayX2's rating: 1253 &rarr; <strong>1283<\/strong><br \/>(+30 for winning)\n|raw|arieon's rating: 1319 &rarr; <strong>1295<\/strong><br \/>(-24 for losing)\n|l|\u2606arieon\n|c|\u2606BlueJayX2|Gg\n","uploadtime":1700410885,"views":14,"p1id":"bluejayx2","p2id":"arieon","formatid":"gen9vgc2023regulatione","rating":1283,"private":0,"password":""}