{"id":"gen9vgc2023regulatione-1991695076","p1":"WillieDangerously","p2":"ThePhantom_356","format":"[Gen 9] VGC 2023 Regulation E","log":"|j|\u2606WillieDangerously\n|j|\u2606ThePhantom_356\n|t:|1700103615\n|gametype|doubles\n|player|p1|WillieDangerously|101|1178\n|player|p2|ThePhantom_356|fantina|1106\n|teamsize|p1|6\n|teamsize|p2|6\n|gen|9\n|tier|[Gen 9] VGC 2023 Regulation E\n|rated|\n|rule|Species Clause: Limit one of each Pok\u00e9mon\n|rule|Item Clause: Limit one of each item\n|clearpoke\n|poke|p1|Iron Hands, L50|\n|poke|p1|Iron Bundle, L50|\n|poke|p1|Sinistcha, L50|\n|poke|p1|Landorus-Therian, L50, M|\n|poke|p1|Heatran, L50, F|\n|poke|p1|Ninetales-Alola, L50, M|\n|poke|p2|Enamorus, L50, F|\n|poke|p2|Thundurus, L50, M|\n|poke|p2|Iron Hands, L50|\n|poke|p2|Landorus-Therian, L50, M|\n|poke|p2|Sinistcha, L50|\n|poke|p2|Urshifu-*, L50, F|\n|teampreview|4\n|\n|t:|1700103672\n|start\n|switch|p1a: Iron Bundle|Iron Bundle, L50|100\/100\n|switch|p1b: Ninetales|Ninetales-Alola, L50, M|100\/100\n|switch|p2a: Byron Hands|Iron Hands, L50|100\/100\n|switch|p2b: Landorus|Landorus-Therian, L50, M|100\/100\n|-ability|p2b: Landorus|Intimidate|boost\n|-unboost|p1a: Iron Bundle|atk|1\n|-unboost|p1b: Ninetales|atk|1\n|-weather|Snow|[from] ability: Snow Warning|[of] p1b: Ninetales\n|-enditem|p1a: Iron Bundle|Booster Energy\n|-activate|p1a: Iron Bundle|ability: Quark Drive|[fromitem]\n|-start|p1a: Iron Bundle|quarkdrivespe\n|turn|1\n|\n|t:|1700103694\n|move|p2a: Byron Hands|Fake Out|p1b: Ninetales\n|-damage|p1b: Ninetales|87\/100\n|move|p1a: Iron Bundle|Blizzard|p2b: Landorus|[spread] p2a,p2b\n|-supereffective|p2b: Landorus\n|-damage|p2a: Byron Hands|78\/100\n|-damage|p2b: Landorus|0 fnt\n|faint|p2b: Landorus\n|cant|p1b: Ninetales|flinch\n|\n|-weather|Snow|[upkeep]\n|upkeep\n|\n|t:|1700103710\n|switch|p2b: Hospitalitea|Sinistcha, L50|100\/100\n|-heal|p2a: Byron Hands|100\/100|[from] ability: Hospitality|[of] p2b: Hospitalitea\n|turn|2\n|\n|t:|1700103725\n|-terastallize|p1a: Iron Bundle|Ice\n|move|p1a: Iron Bundle|Blizzard|p2a: Byron Hands|[spread] p2a,p2b\n|-supereffective|p2b: Hospitalitea\n|-damage|p2a: Byron Hands|74\/100\n|-damage|p2b: Hospitalitea|4\/100\n|move|p1b: Ninetales|Aurora Veil|p1b: Ninetales\n|-sidestart|p1: WillieDangerously|move: Aurora Veil\n|move|p2a: Byron Hands|Heavy Slam|p1b: Ninetales\n|-supereffective|p1b: Ninetales\n|-damage|p1b: Ninetales|0 fnt\n|faint|p1b: Ninetales\n|move|p2b: Hospitalitea|Trick Room|p2b: Hospitalitea\n|-fieldstart|move: Trick Room|[of] p2b: Hospitalitea\n|\n|-weather|Snow|[upkeep]\n|upkeep\n|\n|t:|1700103739\n|switch|p1b: Iron Hands|Iron Hands, L50|100\/100\n|turn|3\n|\n|t:|1700103764\n|move|p2a: Byron Hands|Drain Punch|p1a: Iron Bundle\n|-supereffective|p1a: Iron Bundle\n|-damage|p1a: Iron Bundle|48\/100\n|-heal|p2a: Byron Hands|89\/100|[from] drain|[of] p1a: Iron Bundle\n|move|p1b: Iron Hands|Heavy Slam|p2b: Hospitalitea\n|-damage|p2b: Hospitalitea|0 fnt\n|faint|p2b: Hospitalitea\n|move|p1a: Iron Bundle|Blizzard|p2a: Byron Hands\n|-damage|p2a: Byron Hands|48\/100\n|\n|-weather|Snow|[upkeep]\n|upkeep\n|\n|t:|1700103774\n|switch|p2b: Urshifu|Urshifu-Rapid-Strike, L50, F|100\/100\n|turn|4\n|\n|t:|1700103792\n|-end|p1a: Iron Bundle|Quark Drive|[silent]\n|switch|p1a: Landorus|Landorus-Therian, L50, M|100\/100\n|-ability|p1a: Landorus|Intimidate|boost\n|-unboost|p2a: Byron Hands|atk|1\n|-unboost|p2b: Urshifu|atk|1\n|-terastallize|p2b: Urshifu|Water\n|move|p2a: Byron Hands|Drain Punch|p1a: Landorus\n|-resisted|p1a: Landorus\n|-damage|p1a: Landorus|90\/100\n|-heal|p2a: Byron Hands|52\/100|[from] drain|[of] p1a: Landorus\n|move|p1b: Iron Hands|Wild Charge|p2b: Urshifu\n|-supereffective|p2b: Urshifu\n|-damage|p2b: Urshifu|0 fnt\n|faint|p2b: Urshifu\n|-damage|p1b: Iron Hands|81\/100|[from] Recoil\n|\n|-weather|Snow|[upkeep]\n|upkeep\n|turn|5\n|-message|ThePhantom_356 forfeited.\n|\n|win|WillieDangerously\n|raw|WillieDangerously's rating: 1178 &rarr; <strong>1198<\/strong><br \/>(+20 for winning)\n|raw|ThePhantom_356's rating: 1106 &rarr; <strong>1086<\/strong><br \/>(-20 for losing)\n|l|\u2606ThePhantom_356\n","uploadtime":1700103813,"views":14,"p1id":"williedangerously","p2id":"thephantom356","formatid":"gen9vgc2023regulatione","rating":1086,"private":0,"password":""}