{"id":"gen9vgc2023regulatione-1999996698","p1":"Abused24","p2":"Kylewithasmile69","format":"[Gen 9] VGC 2023 Regulation E","log":"|j|\u2606Abused24\n|j|\u2606Kylewithasmile69\n|t:|1701139143\n|gametype|doubles\n|player|p1|Abused24|101|1223\n|player|p2|Kylewithasmile69|swimmer|1247\n|teamsize|p1|6\n|teamsize|p2|6\n|gen|9\n|tier|[Gen 9] VGC 2023 Regulation E\n|rated|\n|rule|Species Clause: Limit one of each Pok\u00e9mon\n|rule|Item Clause: Limit one of each item\n|clearpoke\n|poke|p1|Tornadus, L50, M|\n|poke|p1|Regidrago, L50|\n|poke|p1|Gholdengo, L50|\n|poke|p1|Amoonguss, L50, F|\n|poke|p1|Iron Hands, L50|\n|poke|p1|Farigiraf, L50, M|\n|poke|p2|Weezing-Galar, L50, F|\n|poke|p2|Roaring Moon, L50|\n|poke|p2|Regieleki, L50|\n|poke|p2|Heatran, L50, M|\n|poke|p2|Ogerpon-Wellspring, L50, F|\n|poke|p2|Landorus-Therian, L50, M|\n|teampreview|4\n|inactive|Battle timer is ON: inactive players will automatically lose when time's up. (requested by Kylewithasmile69)\n|inactive|Abused24 has 60 seconds left.\n|\n|t:|1701139265\n|start\n|switch|p1a: Iron Hands|Iron Hands, L50|100\/100\n|switch|p1b: Amoonguss|Amoonguss, L50, F|100\/100\n|switch|p2a: Landorus|Landorus-Therian, L50, M|100\/100\n|switch|p2b: Regieleki|Regieleki, L50|100\/100\n|-ability|p2a: Landorus|Intimidate|boost\n|-unboost|p1a: Iron Hands|atk|1\n|-unboost|p1b: Amoonguss|atk|1\n|turn|1\n|\n|t:|1701139290\n|move|p1a: Iron Hands|Fake Out|p2b: Regieleki\n|-damage|p2b: Regieleki|79\/100\n|cant|p2b: Regieleki|flinch\n|move|p2a: Landorus|U-turn|p1b: Amoonguss\n|-damage|p1b: Amoonguss|80\/100\n|-damage|p2a: Landorus|84\/100|[from] item: Rocky Helmet|[of] p1b: Amoonguss\n|\n|t:|1701139298\n|switch|p2a: Weezing|Weezing-Galar, L50, F|100\/100|[from] U-turn\n|-ability|p2a: Weezing|Neutralizing Gas\n|move|p1b: Amoonguss|Spore|p2a: Weezing\n|-status|p2a: Weezing|slp|[from] move: Spore\n|\n|upkeep\n|turn|2\n|inactive|Kylewithasmile69 has 30 seconds left.\n|\n|t:|1701139330\n|move|p1b: Amoonguss|Rage Powder|p1b: Amoonguss\n|-singleturn|p1b: Amoonguss|move: Rage Powder\n|move|p2b: Regieleki|Electro Ball|p1b: Amoonguss\n|-resisted|p1b: Amoonguss\n|-damage|p1b: Amoonguss|32\/100\n|cant|p2a: Weezing|slp\n|move|p1a: Iron Hands|Heavy Slam|p2a: Weezing\n|-supereffective|p2a: Weezing\n|-damage|p2a: Weezing|47\/100 slp\n|-enditem|p2a: Weezing|Sitrus Berry|[eat]\n|-heal|p2a: Weezing|72\/100 slp|[from] item: Sitrus Berry\n|\n|upkeep\n|turn|3\n|\n|t:|1701139353\n|-end|p1a: Iron Hands|Quark Drive|[silent]\n|switch|p1a: Gholdengo|Gholdengo, L50|100\/100\n|cant|p2a: Weezing|slp\n|move|p1b: Amoonguss|Protect|p1b: Amoonguss\n|-singleturn|p1b: Amoonguss|Protect\n|move|p2b: Regieleki|Electro Ball|p1b: Amoonguss\n|-activate|p1b: Amoonguss|move: Protect\n|\n|upkeep\n|turn|4\n|inactive|Kylewithasmile69 has 30 seconds left.\n|\n|t:|1701139378\n|switch|p2b: Landorus|Landorus-Therian, L50, M|84\/100\n|-end|p2a: Weezing|ability: Neutralizing Gas\n|-ability|p2b: Landorus|Intimidate|boost\n|-unboost|p1a: Gholdengo|atk|1\n|-unboost|p1b: Amoonguss|atk|1\n|switch|p2a: Heatran|Heatran, L50, M|100\/100\n|switch|p1b: Iron Hands|Iron Hands, L50|100\/100\n|move|p1a: Gholdengo|Make It Rain|p2a: Heatran|[spread] p2a,p2b\n|-resisted|p2a: Heatran\n|-damage|p2a: Heatran|92\/100\n|-damage|p2b: Landorus|15\/100\n|-unboost|p1a: Gholdengo|spa|1\n|-damage|p1a: Gholdengo|91\/100|[from] item: Life Orb\n|\n|upkeep\n|turn|5\n|inactive|Abused24 has 30 seconds left.\n|inactive|Kylewithasmile69 has 30 seconds left.\n|\n|t:|1701139411\n|switch|p2b: Weezing|Weezing-Galar, L50, F|72\/100 slp\n|-ability|p2b: Weezing|Neutralizing Gas\n|switch|p1a: Regidrago|Regidrago, L50|100\/100\n|-terastallize|p2a: Heatran|Grass\n|move|p1b: Iron Hands|Fake Out|p2b: Weezing\n|-damage|p2b: Weezing|57\/100 slp\n|move|p2a: Heatran|Earth Power|p1b: Iron Hands\n|-supereffective|p1b: Iron Hands\n|-damage|p1b: Iron Hands|64\/100\n|\n|upkeep\n|turn|6\n|inactive|Abused24 has 30 seconds left.\n|inactive|Kylewithasmile69 has 30 seconds left.\n|\n|t:|1701139444\n|-terastallize|p1a: Regidrago|Poison\n|move|p1a: Regidrago|Tera Blast|p2a: Heatran|[anim] Tera Blast Poison\n|-supereffective|p2a: Heatran\n|-damage|p2a: Heatran|31\/100\n|-curestatus|p2b: Weezing|slp|[msg]\n|move|p2b: Weezing|Will-O-Wisp|p1b: Iron Hands|[miss]\n|-miss|p2b: Weezing|p1b: Iron Hands\n|move|p2a: Heatran|Flash Cannon|p1a: Regidrago\n|-damage|p1a: Regidrago|48\/100\n|move|p1b: Iron Hands|Heavy Slam|p2b: Weezing\n|-supereffective|p2b: Weezing\n|-damage|p2b: Weezing|0 fnt\n|faint|p2b: Weezing\n|-end|p2b: Weezing|ability: Neutralizing Gas\n|\n|upkeep\n|l|\u2606Kylewithasmile69\n|inactive|Kylewithasmile69 disconnected and has a minute to reconnect!\n|player|p2|\n|inactive|Kylewithasmile69 has 30 seconds left.\n|inactive|Kylewithasmile69 has 20 seconds left.\n|inactive|Kylewithasmile69 has 15 seconds left.\n|inactive|Kylewithasmile69 has 10 seconds left.\n|inactive|Kylewithasmile69 has 5 seconds left.\n|-message|Kylewithasmile69 lost due to inactivity.\n|\n|win|Abused24\n|raw|Abused24's rating: 1223 &rarr; <strong>1250<\/strong><br \/>(+27 for winning)\n|raw|Kylewithasmile69's rating: 1247 &rarr; <strong>1220<\/strong><br \/>(-27 for losing)\n","uploadtime":1701139522,"views":7,"p1id":"abused24","p2id":"kylewithasmile69","formatid":"gen9vgc2023regulatione","rating":1220,"private":0,"password":""}