{"id":"gen9vgc2023regulatione-1994498207","p1":"lwhiteout","p2":"Leek_Alt","format":"[Gen 9] VGC 2023 Regulation E","log":"|j|\u2606lwhiteout\n|j|\u2606Leek_Alt\n|t:|1700450996\n|gametype|doubles\n|player|p1|lwhiteout|hiker-gen4|\n|player|p2|Leek_Alt|blue|\n|teamsize|p1|6\n|teamsize|p2|6\n|gen|9\n|tier|[Gen 9] VGC 2023 Regulation E\n|rated|Tournament battle\n|rule|Species Clause: Limit one of each Pok\u00e9mon\n|rule|Item Clause: Limit one of each item\n|clearpoke\n|poke|p1|Tornadus, L50, M|\n|poke|p1|Urshifu-*, L50, F|\n|poke|p1|Rillaboom, L50, F|\n|poke|p1|Landorus-Therian, L50, M|\n|poke|p1|Gholdengo, L50|\n|poke|p1|Flutter Mane, L50|\n|poke|p2|Gholdengo, L50|\n|poke|p2|Ogerpon-Wellspring, L50, F|\n|poke|p2|Arcanine-Hisui, L50, F|\n|poke|p2|Chien-Pao, L50|\n|poke|p2|Scream Tail, L50|\n|poke|p2|Dragonite, L50, M|\n|teampreview|4\n|showteam|p1|Tornadus||AguavBerry|Prankster|BleakwindStorm,Taunt,RainDance,Tailwind|||M|||50|,,,,,Steel]Urshifu-Rapid-Strike||MysticWater|UnseenFist|CloseCombat,SurgingStrikes,AquaJet,Protect|||F|||50|,,,,,Water]Rillaboom||Leftovers|GrassySurge|WoodHammer,Uturn,FakeOut,Protect|||F|||50|,,,,,Fairy]Landorus-Therian||AssaultVest|Intimidate|Earthquake,StompingTantrum,RockSlide,Uturn|||M|||50|,,,,,Water]Gholdengo||SitrusBerry|GoodasGold|MakeItRain,ShadowBall,NastyPlot,Protect||||||50|,,,,,Water]Flutter Mane||BoosterEnergy|Protosynthesis|Moonblast,ShadowBall,IcyWind,Protect||||||50|,,,,,Fairy\n|showteam|p2|Gholdengo||SitrusBerry|GoodasGold|MakeItRain,ShadowBall,NastyPlot,Protect||||||50|,,,,,Water]Ogerpon-Wellspring||WellspringMask|WaterAbsorb|IvyCudgel,SpikyShield,FollowMe,HornLeech|||F|||50|,,,,,Water]Arcanine-Hisui||ChoiceBand|Intimidate|RockSlide,ExtremeSpeed,FlareBlitz,TeraBlast|||F|||50|,,,,,Fairy]Chien-Pao||FocusSash|SwordofRuin|SuckerPunch,IceSpinner,Protect,SacredSword||||||50|,,,,,Ghost]Scream Tail||BoosterEnergy|Protosynthesis|Howl,ThunderWave,Disable,PlayRough||||||50|,,,,,Steel]Dragonite||AssaultVest|InnerFocus|ExtremeSpeed,AerialAce,DragonClaw,StompingTantrum|||M|||50|,,,,,Poison\n|j| LisiadoVGC\n|j| P0keknight\n|j| a turd\n|j| FatalEspresso\n|\n|t:|1700451029\n|start\n|switch|p1a: Landorus|Landorus-Therian, L50, M|100\/100\n|switch|p1b: Gholdengo|Gholdengo, L50|100\/100\n|switch|p2a: Scream Tail|Scream Tail, L50|100\/100\n|switch|p2b: Ogerpon|Ogerpon-Wellspring, L50, F|100\/100\n|-ability|p1a: Landorus|Intimidate|boost\n|-unboost|p2a: Scream Tail|atk|1\n|-unboost|p2b: Ogerpon|atk|1\n|-enditem|p2a: Scream Tail|Booster Energy\n|-activate|p2a: Scream Tail|ability: Protosynthesis|[fromitem]\n|-start|p2a: Scream Tail|protosynthesisspe\n|turn|1\n|\n|t:|1700451056\n|-terastallize|p2b: Ogerpon|Water\n|detailschange|p2b: Ogerpon|Ogerpon-Wellspring-Tera, L50, F, tera:Water\n|-ability|p2b: Ogerpon|Embody Aspect (Wellspring)|boost\n|-boost|p2b: Ogerpon|spd|1\n|move|p2a: Scream Tail|Howl|p2a: Scream Tail|[spread] p2a,p2b\n|-boost|p2a: Scream Tail|atk|1\n|-boost|p2b: Ogerpon|atk|1\n|move|p2b: Ogerpon|Ivy Cudgel|p1a: Landorus|[anim] Ivy Cudgel Water\n|-supereffective|p1a: Landorus\n|-damage|p1a: Landorus|0 fnt\n|faint|p1a: Landorus\n|move|p1b: Gholdengo|Make It Rain|p2a: Scream Tail|[spread] p2a,p2b\n|-supereffective|p2a: Scream Tail\n|-resisted|p2b: Ogerpon\n|-damage|p2a: Scream Tail|43\/100\n|-damage|p2b: Ogerpon|87\/100\n|-unboost|p1b: Gholdengo|spa|1\n|\n|upkeep\n|\n|t:|1700451070\n|switch|p1a: Urshifu|Urshifu-Rapid-Strike, L50, F|100\/100\n|turn|2\n|\n|t:|1700451087\n|move|p2a: Scream Tail|Thunder Wave|p1a: Urshifu\n|-status|p1a: Urshifu|par\n|move|p2b: Ogerpon|Horn Leech|p1a: Urshifu\n|-supereffective|p1a: Urshifu\n|-damage|p1a: Urshifu|18\/100 par\n|-heal|p2b: Ogerpon|100\/100|[from] drain|[of] p1a: Urshifu\n|move|p1b: Gholdengo|Nasty Plot|p1b: Gholdengo\n|-boost|p1b: Gholdengo|spa|2\n|move|p1a: Urshifu|Close Combat|p2b: Ogerpon\n|-damage|p2b: Ogerpon|40\/100\n|-unboost|p1a: Urshifu|def|1\n|-unboost|p1a: Urshifu|spd|1\n|\n|upkeep\n|turn|3\n|\n|t:|1700451104\n|move|p1a: Urshifu|Aqua Jet|p2a: Scream Tail\n|-damage|p2a: Scream Tail|26\/100\n|move|p2a: Scream Tail|Play Rough|p1a: Urshifu\n|-supereffective|p1a: Urshifu\n|-damage|p1a: Urshifu|0 fnt\n|faint|p1a: Urshifu\n|move|p2b: Ogerpon|Ivy Cudgel|p1b: Gholdengo|[anim] Ivy Cudgel Water\n|-damage|p1b: Gholdengo|46\/100\n|-enditem|p1b: Gholdengo|Sitrus Berry|[eat]\n|-heal|p1b: Gholdengo|71\/100|[from] item: Sitrus Berry\n|move|p1b: Gholdengo|Make It Rain|p2a: Scream Tail|[spread] p2a,p2b\n|-supereffective|p2a: Scream Tail\n|-resisted|p2b: Ogerpon\n|-damage|p2a: Scream Tail|0 fnt\n|-damage|p2b: Ogerpon|20\/100\n|-unboost|p1b: Gholdengo|spa|1\n|faint|p2a: Scream Tail\n|-end|p2a: Scream Tail|Protosynthesis|[silent]\n|\n|upkeep\n|\n|t:|1700451120\n|switch|p2a: Chien-Pao|Chien-Pao, L50|100\/100\n|switch|p1a: Flutter Mane|Flutter Mane, L50|100\/100\n|-ability|p2a: Chien-Pao|Sword of Ruin\n|-enditem|p1a: Flutter Mane|Booster Energy\n|-activate|p1a: Flutter Mane|ability: Protosynthesis|[fromitem]\n|-start|p1a: Flutter Mane|protosynthesisspe\n|turn|4\n|\n|t:|1700451173\n|-terastallize|p1a: Flutter Mane|Fairy\n|move|p1a: Flutter Mane|Moonblast|p2a: Chien-Pao\n|-supereffective|p2a: Chien-Pao\n|-crit|p2a: Chien-Pao\n|-enditem|p2a: Chien-Pao|Focus Sash\n|-damage|p2a: Chien-Pao|1\/100\n|-unboost|p2a: Chien-Pao|spa|1\n|move|p2a: Chien-Pao|Ice Spinner|p1a: Flutter Mane\n|-damage|p1a: Flutter Mane|10\/100\n|move|p2b: Ogerpon|Ivy Cudgel|p1b: Gholdengo|[anim] Ivy Cudgel Water\n|-crit|p1b: Gholdengo\n|-damage|p1b: Gholdengo|0 fnt\n|faint|p1b: Gholdengo\n|\n|upkeep\n|turn|5\n|c|\u2606Leek_Alt|gg\n|c|\u2606lwhiteout|gg\n|\n|t:|1700451195\n|move|p2a: Chien-Pao|Sucker Punch|p1a: Flutter Mane\n|-resisted|p1a: Flutter Mane\n|-damage|p1a: Flutter Mane|0 fnt\n|faint|p1a: Flutter Mane\n|-end|p1a: Flutter Mane|Protosynthesis|[silent]\n|\n|win|Leek_Alt\n|n|\u2606lwhiteout|lwhiteout\n|n|\u2606Leek_Alt|leekalt\n|n| LisiadoVGC|lisiadovgc\n|n| P0keknight|p0keknight\n|n| a turd|aturd\n|n| FatalEspresso|fatalespresso\n|c|\u2606Leek_Alt|p0keknight is cringe\n|l| P0keknight\n|l|\u2606lwhiteout\n|l| FatalEspresso\n|l| a turd\n","uploadtime":1700451201,"views":5,"p1id":"lwhiteout","p2id":"leekalt","formatid":"gen9vgc2023regulatione","rating":0,"private":0,"password":""}