{"id":"gen9vgc2023regulatione-1994215990","p1":"aleex_ryss","p2":"PunkRockObstagoon","format":"[Gen 9] VGC 2023 Regulation E","log":"|j|\u2606aleex_ryss\n|j|\u2606PunkRockObstagoon\n|t:|1700419872\n|gametype|doubles\n|player|p1|aleex_ryss|ethan|1200\n|player|p2|PunkRockObstagoon|hilbert|1330\n|teamsize|p1|6\n|teamsize|p2|6\n|gen|9\n|tier|[Gen 9] VGC 2023 Regulation E\n|rated|\n|rule|Species Clause: Limit one of each Pok\u00e9mon\n|rule|Item Clause: Limit one of each item\n|clearpoke\n|poke|p1|Milotic, L50, F|\n|poke|p1|Landorus-Therian, L50, M|\n|poke|p1|Cinderace, L50, F|\n|poke|p1|Sinistcha-Masterpiece, L50|\n|poke|p1|Farigiraf, L50, M|\n|poke|p1|Iron Hands, L50|\n|poke|p2|Spinarak, L50, M|\n|poke|p2|Tatsugiri-Droopy, L50, M|\n|poke|p2|Garchomp, L50, F|\n|poke|p2|Lurantis, L50, F|\n|poke|p2|Farigiraf, L50, F|\n|poke|p2|Armarouge, L50, M|\n|teampreview|4\n|inactive|Battle timer is ON: inactive players will automatically lose when time's up. (requested by PunkRockObstagoon)\n|inactive|aleex_ryss has 60 seconds left.\n|inactive|PunkRockObstagoon has 60 seconds left.\n|\n|t:|1700419914\n|start\n|switch|p1a: Landorus|Landorus-Therian, L50, M|100\/100\n|switch|p1b: Cinderace|Cinderace, L50, F|100\/100\n|switch|p2a: Lurantis|Lurantis, L50, F|100\/100\n|switch|p2b: Farigiraf|Farigiraf, L50, F|100\/100\n|-ability|p1a: Landorus|Intimidate|boost\n|-boost|p2a: Lurantis|atk|1\n|-unboost|p2b: Farigiraf|atk|1\n|turn|1\n|\n|t:|1700419936\n|-terastallize|p1a: Landorus|Flying\n|-terastallize|p2a: Lurantis|Rock\n|move|p1b: Cinderace|U-turn|p2b: Farigiraf\n|-start|p1b: Cinderace|typechange|Bug|[from] ability: Libero\n|-supereffective|p2b: Farigiraf\n|-damage|p2b: Farigiraf|24\/100\n|\n|t:|1700419944\n|switch|p1b: Milotic|Milotic, L50, F|100\/100|[from] U-turn\n|move|p1a: Landorus|Tera Blast|p2a: Lurantis|[anim] Tera Blast Flying\n|-resisted|p2a: Lurantis\n|-damage|p2a: Lurantis|68\/100\n|move|p2a: Lurantis|Tera Blast|p1b: Milotic|[anim] Tera Blast Rock\n|-damage|p1b: Milotic|41\/100\n|move|p2b: Farigiraf|Trick Room|p2b: Farigiraf\n|-fieldstart|move: Trick Room|[of] p2b: Farigiraf\n|\n|-heal|p1b: Milotic|47\/100|[from] item: Leftovers\n|upkeep\n|turn|2\n|\n|t:|1700419963\n|switch|p2b: Tatsugiri|Tatsugiri-Droopy, L50, M|100\/100\n|switch|p1a: Farigiraf|Farigiraf, L50, M|100\/100\n|move|p1b: Milotic|Protect|p1b: Milotic\n|-singleturn|p1b: Milotic|Protect\n|move|p2a: Lurantis|Tera Blast|p1a: Farigiraf|[anim] Tera Blast Rock\n|-damage|p1a: Farigiraf|52\/100\n|\n|-heal|p1b: Milotic|52\/100|[from] item: Leftovers\n|upkeep\n|turn|3\n|inactive|aleex_ryss has 30 seconds left.\n|\n|t:|1700419997\n|move|p2a: Lurantis|Knock Off|p1a: Farigiraf\n|-supereffective|p1a: Farigiraf\n|-damage|p1a: Farigiraf|0 fnt\n|-enditem|p1a: Farigiraf|Mental Herb|[from] move: Knock Off|[of] p2a: Lurantis\n|faint|p1a: Farigiraf\n|move|p2b: Tatsugiri|Substitute|p2b: Tatsugiri\n|-start|p2b: Tatsugiri|Substitute\n|-damage|p2b: Tatsugiri|76\/100\n|move|p1b: Milotic|Icy Wind|p2a: Lurantis|[spread] p2a,p2b\n|-activate|p2b: Tatsugiri|move: Substitute|[damage]\n|-damage|p2a: Lurantis|60\/100\n|-boost|p2a: Lurantis|spe|1\n|\n|-heal|p2b: Tatsugiri|82\/100|[from] item: Leftovers\n|-heal|p1b: Milotic|58\/100|[from] item: Leftovers\n|upkeep\n|\n|t:|1700420014\n|switch|p1a: Cinderace|Cinderace, L50, F|100\/100\n|turn|4\n|\n|t:|1700420023\n|move|p1b: Milotic|Protect|p1b: Milotic\n|-singleturn|p1b: Milotic|Protect\n|move|p2a: Lurantis|Tera Blast|p1a: Cinderace|[anim] Tera Blast Rock\n|-supereffective|p1a: Cinderace\n|-crit|p1a: Cinderace\n|-damage|p1a: Cinderace|0 fnt\n|faint|p1a: Cinderace\n|move|p2b: Tatsugiri|Tera Blast|p1b: Milotic\n|-activate|p1b: Milotic|move: Protect\n|\n|-heal|p2b: Tatsugiri|87\/100|[from] item: Leftovers\n|-heal|p1b: Milotic|64\/100|[from] item: Leftovers\n|upkeep\n|\n|t:|1700420037\n|switch|p1a: Landorus|Landorus-Therian, L50, M, tera:Flying|100\/100\n|-ability|p1a: Landorus|Intimidate|boost\n|-boost|p2a: Lurantis|atk|1\n|-immune|p2b: Tatsugiri\n|turn|5\n|\n|t:|1700420043\n|move|p1b: Milotic|Protect||[still]\n|-fail|p1b: Milotic\n|move|p1a: Landorus|Protect|p1a: Landorus\n|-singleturn|p1a: Landorus|Protect\n|move|p2a: Lurantis|Tera Blast|p1a: Landorus|[anim] Tera Blast Rock\n|-activate|p1a: Landorus|move: Protect\n|move|p2b: Tatsugiri|Muddy Water|p1b: Milotic|[spread] p1b\n|-activate|p1a: Landorus|move: Protect\n|-resisted|p1b: Milotic\n|-damage|p1b: Milotic|51\/100\n|\n|-heal|p2b: Tatsugiri|93\/100|[from] item: Leftovers\n|-heal|p1b: Milotic|57\/100|[from] item: Leftovers\n|-fieldend|move: Trick Room\n|upkeep\n|turn|6\n|\n|t:|1700420063\n|move|p1b: Milotic|Protect|p1b: Milotic\n|-singleturn|p1b: Milotic|Protect\n|move|p1a: Landorus|Earthquake|p2a: Lurantis|[spread] p2a,p2b\n|-activate|p1b: Milotic|move: Protect\n|-end|p2b: Tatsugiri|Substitute\n|-supereffective|p2a: Lurantis\n|-damage|p2a: Lurantis|0 fnt\n|faint|p2a: Lurantis\n|move|p2b: Tatsugiri|Muddy Water|p1a: Landorus|[spread] p1a\n|-activate|p1b: Milotic|move: Protect\n|-damage|p1a: Landorus|59\/100\n|\n|-heal|p1b: Milotic|63\/100|[from] item: Leftovers\n|-heal|p2b: Tatsugiri|99\/100|[from] item: Leftovers\n|upkeep\n|\n|t:|1700420072\n|switch|p2a: Armarouge|Armarouge, L50, M|100\/100\n|turn|7\n|\n|t:|1700420094\n|move|p2b: Tatsugiri|Protect|p2b: Tatsugiri\n|-singleturn|p2b: Tatsugiri|Protect\n|move|p1a: Landorus|Tera Blast|p2a: Armarouge|[anim] Tera Blast Flying\n|-damage|p2a: Armarouge|43\/100\n|move|p1b: Milotic|Coil|p1b: Milotic\n|-boost|p1b: Milotic|atk|1\n|-boost|p1b: Milotic|def|1\n|-boost|p1b: Milotic|accuracy|1\n|move|p2a: Armarouge|Trick Room|p2a: Armarouge\n|-fieldstart|move: Trick Room|[of] p2a: Armarouge\n|\n|-heal|p2b: Tatsugiri|100\/100|[from] item: Leftovers\n|-heal|p1b: Milotic|69\/100|[from] item: Leftovers\n|upkeep\n|turn|8\n|\n|t:|1700420115\n|move|p2a: Armarouge|Heat Wave|p1a: Landorus|[spread] p1a,p1b\n|-resisted|p1b: Milotic\n|-damage|p1a: Landorus|15\/100\n|-damage|p1b: Milotic|53\/100\n|move|p2b: Tatsugiri|Substitute|p2b: Tatsugiri\n|-start|p2b: Tatsugiri|Substitute\n|-damage|p2b: Tatsugiri|76\/100\n|move|p1b: Milotic|Icy Wind|p2a: Armarouge|[spread] p2a,p2b\n|-crit|p2b: Tatsugiri\n|-activate|p2b: Tatsugiri|move: Substitute|[damage]\n|-resisted|p2a: Armarouge\n|-damage|p2a: Armarouge|36\/100\n|-unboost|p2a: Armarouge|spe|1\n|move|p1a: Landorus|Rock Slide|p2b: Tatsugiri|[spread] p2a\n|-miss|p1a: Landorus|p2b: Tatsugiri\n|-supereffective|p2a: Armarouge\n|-damage|p2a: Armarouge|0 fnt\n|faint|p2a: Armarouge\n|\n|-heal|p2b: Tatsugiri|82\/100|[from] item: Leftovers\n|-heal|p1b: Milotic|59\/100|[from] item: Leftovers\n|upkeep\n|\n|t:|1700420118\n|switch|p2a: Farigiraf|Farigiraf, L50, F|24\/100\n|turn|9\n|\n|t:|1700420141\n|move|p1a: Landorus|Protect|p1a: Landorus\n|-singleturn|p1a: Landorus|Protect\n|move|p2a: Farigiraf|Hyper Voice|p1a: Landorus|[spread] p1b\n|-activate|p1a: Landorus|move: Protect\n|-damage|p1b: Milotic|36\/100\n|move|p2b: Tatsugiri|Muddy Water|p1a: Landorus|[spread] p1b\n|-activate|p1a: Landorus|move: Protect\n|-resisted|p1b: Milotic\n|-damage|p1b: Milotic|21\/100\n|move|p1b: Milotic|Icy Wind|p2b: Tatsugiri|[spread] p2a,p2b\n|-end|p2b: Tatsugiri|Substitute\n|-damage|p2a: Farigiraf|10\/100\n|-unboost|p2a: Farigiraf|spe|1\n|\n|-heal|p2b: Tatsugiri|87\/100|[from] item: Leftovers\n|-heal|p1b: Milotic|27\/100|[from] item: Leftovers\n|upkeep\n|turn|10\n|\n|t:|1700420164\n|move|p2a: Farigiraf|Hyper Voice|p1b: Milotic|[spread] p1a,p1b\n|-damage|p1a: Landorus|0 fnt\n|-damage|p1b: Milotic|0 fnt\n|faint|p1a: Landorus\n|faint|p1b: Milotic\n|\n|win|PunkRockObstagoon\n|raw|aleex_ryss's rating: 1200 &rarr; <strong>1183<\/strong><br \/>(-17 for losing)\n|raw|PunkRockObstagoon's rating: 1317 &rarr; <strong>1331<\/strong><br \/>(+14 for winning)\n","uploadtime":1700420169,"views":4,"p1id":"aleexryss","p2id":"punkrockobstagoon","formatid":"gen9vgc2023regulatione","rating":1183,"private":0,"password":""}