{"id":"gen9vgc2023regulatione-1991165593","p1":"AlexCamped","p2":"Granby","format":"[Gen 9] VGC 2023 Regulation E","log":"|j|\u2606AlexCamped\n|j|\u2606Granby\n|t:|1700052480\n|gametype|doubles\n|player|p1|AlexCamped|2|1133\n|player|p2|Granby|1|1184\n|teamsize|p1|6\n|teamsize|p2|6\n|gen|9\n|tier|[Gen 9] VGC 2023 Regulation E\n|rated|\n|rule|Species Clause: Limit one of each Pok\u00e9mon\n|rule|Item Clause: Limit one of each item\n|clearpoke\n|poke|p1|Toxapex, L50, M|\n|poke|p1|Chien-Pao, L50|\n|poke|p1|Landorus-Therian, L50, M|\n|poke|p1|Dragonite, L50, M|\n|poke|p1|Iron Hands, L50|\n|poke|p1|Flutter Mane, L50|\n|poke|p2|Chi-Yu, L50|\n|poke|p2|Flutter Mane, L50|\n|poke|p2|Torkoal, L50, F|\n|poke|p2|Tornadus, L50, M|\n|poke|p2|Urshifu-*, L50, F|\n|poke|p2|Iron Bundle, L50|\n|teampreview|4\n|inactive|Battle timer is ON: inactive players will automatically lose when time's up. (requested by AlexCamped)\n|\n|t:|1700052507\n|start\n|switch|p1a: Landorus|Landorus-Therian, L50, M|100\/100\n|switch|p1b: Toxapex|Toxapex, L50, M|100\/100\n|switch|p2a: Chi-Yu|Chi-Yu, L50|100\/100\n|switch|p2b: Flutter Mane|Flutter Mane, L50|100\/100\n|-ability|p2a: Chi-Yu|Beads of Ruin\n|-ability|p1a: Landorus|Intimidate|boost\n|-unboost|p2a: Chi-Yu|atk|1\n|-unboost|p2b: Flutter Mane|atk|1\n|turn|1\n|inactive|AlexCamped has 30 seconds left.\n|\n|t:|1700052536\n|-terastallize|p2b: Flutter Mane|Fairy\n|move|p2a: Chi-Yu|Heat Wave|p1a: Landorus|[spread] p1a,p1b\n|-resisted|p1b: Toxapex\n|-damage|p1a: Landorus|34\/100\n|-damage|p1b: Toxapex|79\/100\n|-enditem|p1a: Landorus|Sitrus Berry|[eat]\n|-heal|p1a: Landorus|59\/100|[from] item: Sitrus Berry\n|move|p2b: Flutter Mane|Dazzling Gleam|p1a: Landorus|[spread] p1a,p1b\n|-resisted|p1b: Toxapex\n|-damage|p1a: Landorus|0 fnt\n|-damage|p1b: Toxapex|46\/100\n|faint|p1a: Landorus\n|move|p1b: Toxapex|Icy Wind|p2a: Chi-Yu|[spread] p2a,p2b\n|-resisted|p2a: Chi-Yu\n|-damage|p2a: Chi-Yu|97\/100\n|-damage|p2b: Flutter Mane|90\/100\n|-unboost|p2a: Chi-Yu|spe|1\n|-unboost|p2b: Flutter Mane|spe|1\n|\n|-heal|p1b: Toxapex|51\/100|[from] item: Leftovers\n|upkeep\n|\n|t:|1700052554\n|switch|p1a: Flutter Mane|Flutter Mane, L50|100\/100\n|-enditem|p1a: Flutter Mane|Booster Energy\n|-activate|p1a: Flutter Mane|ability: Protosynthesis|[fromitem]\n|-start|p1a: Flutter Mane|protosynthesisspe\n|turn|2\n|\n|t:|1700052562\n|move|p1a: Flutter Mane|Dazzling Gleam|p2a: Chi-Yu|[spread] p2a,p2b\n|-crit|p2b: Flutter Mane\n|-damage|p2a: Chi-Yu|60\/100\n|-damage|p2b: Flutter Mane|28\/100\n|move|p2a: Chi-Yu|Heat Wave|p1a: Flutter Mane|[spread] p1b\n|-miss|p2a: Chi-Yu|p1a: Flutter Mane\n|-resisted|p1b: Toxapex\n|-damage|p1b: Toxapex|30\/100\n|move|p2b: Flutter Mane|Dazzling Gleam|p1b: Toxapex|[spread] p1a,p1b\n|-resisted|p1b: Toxapex\n|-damage|p1a: Flutter Mane|11\/100\n|-damage|p1b: Toxapex|0 fnt\n|faint|p1b: Toxapex\n|\n|upkeep\n|\n|t:|1700052573\n|switch|p1b: Iron Hands|Iron Hands, L50|100\/100\n|turn|3\n|\n|t:|1700052581\n|move|p1b: Iron Hands|Fake Out|p2a: Chi-Yu\n|-damage|p2a: Chi-Yu|32\/100\n|move|p1a: Flutter Mane|Dazzling Gleam|p2b: Flutter Mane|[spread] p2a,p2b\n|-damage|p2a: Chi-Yu|0 fnt\n|-damage|p2b: Flutter Mane|0 fnt\n|faint|p2a: Chi-Yu\n|faint|p2b: Flutter Mane\n|-end|p2b: Flutter Mane|Protosynthesis|[silent]\n|\n|upkeep\n|\n|t:|1700052591\n|switch|p2b: Urshifu|Urshifu-Rapid-Strike, L50, F|100\/100\n|switch|p2a: Iron Bundle|Iron Bundle, L50|100\/100\n|-enditem|p2a: Iron Bundle|Booster Energy\n|-activate|p2a: Iron Bundle|ability: Quark Drive|[fromitem]\n|-start|p2a: Iron Bundle|quarkdrivespe\n|turn|4\n|inactive|Granby has 30 seconds left.\n|\n|t:|1700052619\n|-terastallize|p1b: Iron Hands|Fighting\n|move|p2a: Iron Bundle|Protect|p2a: Iron Bundle\n|-singleturn|p2a: Iron Bundle|Protect\n|move|p2b: Urshifu|Aqua Jet|p1a: Flutter Mane\n|-damage|p1a: Flutter Mane|0 fnt\n|faint|p1a: Flutter Mane\n|-end|p1a: Flutter Mane|Protosynthesis|[silent]\n|move|p1b: Iron Hands|Drain Punch|p2a: Iron Bundle\n|-activate|p2a: Iron Bundle|move: Protect\n|\n|upkeep\n|turn|5\n|\n|t:|1700052643\n|move|p2a: Iron Bundle|Hydro Pump|p1b: Iron Hands|[miss]\n|-miss|p2a: Iron Bundle|p1b: Iron Hands\n|move|p2b: Urshifu|Surging Strikes|p1b: Iron Hands\n|-crit|p1b: Iron Hands\n|-damage|p1b: Iron Hands|86\/100\n|-crit|p1b: Iron Hands\n|-damage|p1b: Iron Hands|70\/100\n|-crit|p1b: Iron Hands\n|-damage|p1b: Iron Hands|54\/100\n|-hitcount|p1b: Iron Hands|3\n|move|p1b: Iron Hands|Thunder Punch|p2b: Urshifu\n|-supereffective|p2b: Urshifu\n|-damage|p2b: Urshifu|0 fnt\n|faint|p2b: Urshifu\n|\n|upkeep\n|turn|6\n|\n|t:|1700052661\n|move|p2a: Iron Bundle|Hydro Pump|p1b: Iron Hands\n|-damage|p1b: Iron Hands|1\/100\n|move|p1b: Iron Hands|Drain Punch|p2a: Iron Bundle\n|-supereffective|p2a: Iron Bundle\n|-damage|p2a: Iron Bundle|0 fnt\n|-heal|p1b: Iron Hands|26\/100|[from] drain|[of] p2a: Iron Bundle\n|faint|p2a: Iron Bundle\n|-end|p2a: Iron Bundle|Quark Drive|[silent]\n|\n|win|AlexCamped\n|raw|AlexCamped's rating: 1133 &rarr; <strong>1162<\/strong><br \/>(+29 for winning)\n|raw|Granby's rating: 1184 &rarr; <strong>1155<\/strong><br \/>(-29 for losing)\n|c|\u2606AlexCamped|gg\n","uploadtime":1700052678,"views":12,"p1id":"alexcamped","p2id":"granby","formatid":"gen9vgc2023regulatione","rating":1155,"private":0,"password":""}