{"id":"gen9vgc2023regulatione-1990859593","p1":"papesz7","p2":"MattC (Banned)","format":"[Gen 9] VGC 2023 Regulation E","log":"|j|\u2606papesz7\n|j|\u2606MattC (Banned)\n|t:|1700008477\n|gametype|doubles\n|player|p1|papesz7|169|\n|player|p2|MattC (Banned)|gladion|\n|teamsize|p1|6\n|teamsize|p2|6\n|gen|9\n|tier|[Gen 9] VGC 2023 Regulation E\n|rated|Tournament battle\n|rule|Species Clause: Limit one of each Pok\u00e9mon\n|rule|Item Clause: Limit one of each item\n|clearpoke\n|poke|p1|Charjabug, L50, M|\n|poke|p1|Armarouge, L50, M|\n|poke|p1|Indeedee-F, L50, F|\n|poke|p1|Chi-Yu, L50|\n|poke|p1|Flutter Mane, L50|\n|poke|p1|Sinistcha, L50|\n|poke|p2|Iron Jugulis, L50|\n|poke|p2|Pelipper, L50, F|\n|poke|p2|Iron Hands, L50|\n|poke|p2|Mimikyu, L50, F|\n|poke|p2|Landorus-Therian, L50, M|\n|poke|p2|Ogerpon-Wellspring, L50, F|\n|teampreview|4\n|c|\u2606MattC (Banned)|glhf\n|c|\u2606MattC (Banned)|CHARJABUG\nMattC (Banned) has agreed to open team sheets.\n|c|\u2606papesz7|he is a goos boi\npapesz7 rejected open team sheets.\n|c|\u2606MattC (Banned)|bruh\n|c|\u2606papesz7|he is too shy\n|\n|t:|1700008527\n|start\n|switch|p1a: Armarouge|Armarouge, L50, M|100\/100\n|switch|p1b: Indeedee|Indeedee-F, L50, F|100\/100\n|switch|p2a: The Neck Dragon|Iron Jugulis, L50, shiny|100\/100\n|switch|p2b: The Wise\/Mystical|Landorus-Therian, L50, M, shiny|100\/100\n|-ability|p2b: The Wise\/Mystical|Intimidate|boost\n|-unboost|p1a: Armarouge|atk|1\n|-unboost|p1b: Indeedee|atk|1\n|-fieldstart|move: Psychic Terrain|[from] ability: Psychic Surge|[of] p1b: Indeedee\n|-enditem|p1b: Indeedee|Psychic Seed\n|-boost|p1b: Indeedee|spd|1|[from] item: Psychic Seed\n|-enditem|p2a: The Neck Dragon|Booster Energy\n|-activate|p2a: The Neck Dragon|ability: Quark Drive|[fromitem]\n|-start|p2a: The Neck Dragon|quarkdrivespe\n|turn|1\n|\n|t:|1700008537\n|move|p1b: Indeedee|Follow Me|p1b: Indeedee\n|-singleturn|p1b: Indeedee|move: Follow Me\n|move|p2a: The Neck Dragon|Snarl|p1a: Armarouge|[spread] p1a,p1b\n|-supereffective|p1a: Armarouge\n|-supereffective|p1b: Indeedee\n|-damage|p1a: Armarouge|62\/100\n|-damage|p1b: Indeedee|79\/100\n|-unboost|p1a: Armarouge|spa|1\n|-unboost|p1b: Indeedee|spa|1\n|move|p2b: The Wise\/Mystical|U-turn|p1b: Indeedee\n|-supereffective|p1b: Indeedee\n|-damage|p1b: Indeedee|35\/100\n|\n|t:|1700008549\n|switch|p2b: The OgerBONK|Ogerpon-Wellspring, L50, F|100\/100|[from] U-turn\n|move|p1a: Armarouge|Trick Room|p1a: Armarouge\n|-fieldstart|move: Trick Room|[of] p1a: Armarouge\n|\n|upkeep\n|turn|2\n|\n|t:|1700008574\n|switch|p1b: Charjabug|Charjabug, L50, M|100\/100\n|move|p1a: Armarouge|Armor Cannon|p2a: The Neck Dragon\n|-damage|p2a: The Neck Dragon|11\/100\n|-unboost|p1a: Armarouge|def|1\n|-unboost|p1a: Armarouge|spd|1\n|-damage|p1a: Armarouge|53\/100|[from] item: Life Orb\n|move|p2b: The OgerBONK|Ivy Cudgel|p1a: Armarouge|[anim] Ivy Cudgel Water\n|-supereffective|p1a: Armarouge\n|-damage|p1a: Armarouge|0 fnt\n|faint|p1a: Armarouge\n|move|p2a: The Neck Dragon|Snarl|p1b: Charjabug\n|-damage|p1b: Charjabug|80\/100\n|-unboost|p1b: Charjabug|spa|1\n|\n|upkeep\n|\n|t:|1700008582\n|switch|p1a: Sinistcha|Sinistcha, L50|100\/100\n|-heal|p1b: Charjabug|100\/100|[from] ability: Hospitality|[of] p1a: Sinistcha\n|turn|3\n|\n|t:|1700008594\n|move|p2b: The OgerBONK|Spiky Shield|p2b: The OgerBONK\n|-singleturn|p2b: The OgerBONK|move: Protect\n|move|p2a: The Neck Dragon|Protect|p2a: The Neck Dragon\n|-singleturn|p2a: The Neck Dragon|Protect\n|move|p1b: Charjabug|Light Screen|p1b: Charjabug\n|-sidestart|p1: papesz7|move: Light Screen\n|move|p1a: Sinistcha|Matcha Gotcha|p2a: The Neck Dragon|[spread] \n|-activate|p2a: The Neck Dragon|move: Protect\n|-activate|p2b: The OgerBONK|move: Protect\n|\n|upkeep\n|turn|4\n|\n|t:|1700008615\n|move|p1b: Charjabug|Wild Charge|p2b: The OgerBONK\n|-damage|p2b: The OgerBONK|74\/100\n|-damage|p1b: Charjabug|93\/100|[from] Recoil\n|move|p1a: Sinistcha|Matcha Gotcha|p2a: The Neck Dragon|[spread] p2a,p2b\n|-resisted|p2a: The Neck Dragon\n|-crit|p2b: The OgerBONK\n|-damage|p2a: The Neck Dragon|0 fnt\n|-damage|p2b: The OgerBONK|18\/100\n|faint|p2a: The Neck Dragon\n|-end|p2a: The Neck Dragon|Quark Drive|[silent]\n|move|p2b: The OgerBONK|Ivy Cudgel|p1b: Charjabug|[anim] Ivy Cudgel Water\n|-crit|p1b: Charjabug\n|-damage|p1b: Charjabug|50\/100\n|\n|upkeep\n|\n|t:|1700008630\n|switch|p2a: The Wise\/Mystical|Landorus-Therian, L50, M, shiny|100\/100\n|-ability|p2a: The Wise\/Mystical|Intimidate|boost\n|-unboost|p1a: Sinistcha|atk|1\n|-unboost|p1b: Charjabug|atk|1\n|turn|5\n|c|\u2606MattC (Banned)|oh...\n|c|\u2606MattC (Banned)|dam bro\n|c|\u2606MattC (Banned)|crit\n|c|\u2606MattC (Banned)|that charjabug is becoming a problem dawg\n|\n|t:|1700008670\n|-terastallize|p1a: Sinistcha|Water\n|move|p2a: The Wise\/Mystical|Protect|p2a: The Wise\/Mystical\n|-singleturn|p2a: The Wise\/Mystical|Protect\n|move|p2b: The OgerBONK|Spiky Shield|p2b: The OgerBONK\n|-singleturn|p2b: The OgerBONK|move: Protect\n|move|p1b: Charjabug|Lunge|p2a: The Wise\/Mystical\n|-activate|p2a: The Wise\/Mystical|move: Protect\n|move|p1a: Sinistcha|Scald|p2a: The Wise\/Mystical\n|-activate|p2a: The Wise\/Mystical|move: Protect\n|\n|-fieldend|move: Trick Room\n|-fieldend|move: Psychic Terrain\n|upkeep\n|turn|6\n|\n|t:|1700008688\n|-terastallize|p2a: The Wise\/Mystical|Flying\n|move|p2b: The OgerBONK|Horn Leech|p1a: Sinistcha\n|-supereffective|p1a: Sinistcha\n|-damage|p1a: Sinistcha|38\/100\n|-heal|p2b: The OgerBONK|47\/100|[from] drain|[of] p1a: Sinistcha\n|-enditem|p1a: Sinistcha|Sitrus Berry|[eat]\n|-heal|p1a: Sinistcha|63\/100|[from] item: Sitrus Berry\n|move|p2a: The Wise\/Mystical|Tera Blast|p1b: Charjabug|[anim] Tera Blast Flying\n|-damage|p1b: Charjabug|14\/100\n|move|p1a: Sinistcha|Scald|p2a: The Wise\/Mystical\n|-damage|p2a: The Wise\/Mystical|47\/100\n|move|p1b: Charjabug|Wild Charge|p2b: The OgerBONK\n|-damage|p2b: The OgerBONK|29\/100\n|-damage|p1b: Charjabug|8\/100|[from] Recoil\n|\n|upkeep\n|turn|7\n|\n|t:|1700008714\n|move|p2b: The OgerBONK|Horn Leech|p1a: Sinistcha\n|-supereffective|p1a: Sinistcha\n|-damage|p1a: Sinistcha|0 fnt\n|-heal|p2b: The OgerBONK|58\/100|[from] drain|[of] p1a: Sinistcha\n|faint|p1a: Sinistcha\n|move|p2a: The Wise\/Mystical|U-turn|p1b: Charjabug\n|-damage|p1b: Charjabug|0 fnt\n|faint|p1b: Charjabug\n|\n|t:|1700008722\n|switch|p2a: The Dame Time|Iron Hands, L50, shiny|100\/100|[from] U-turn\n|\n|-sideend|p1: papesz7|move: Light Screen\n|upkeep\n|c|\u2606papesz7|well hg\n|c|\u2606MattC (Banned)|gg\n|c|\u2606papesz7|gg\n|c|\u2606MattC (Banned)|rip charjabu\n|c|\u2606papesz7|i missclicked that wild charge\n|\n|t:|1700008739\n|switch|p1b: Indeedee|Indeedee-F, L50, F|35\/100\n|-fieldstart|move: Psychic Terrain|[from] ability: Psychic Surge|[of] p1b: Indeedee\n|turn|8\n|c|\u2606MattC (Banned)|untrue\n|c|\u2606papesz7|and charja 1v1  iron hands :(\n|\n|t:|1700008758\n|move|p2b: The OgerBONK|Ivy Cudgel|p1b: Indeedee|[anim] Ivy Cudgel Water\n|-crit|p1b: Indeedee\n|-damage|p1b: Indeedee|0 fnt\n|faint|p1b: Indeedee\n|\n|win|MattC (Banned)\n|n|\u2606papesz7|papesz7\n|n|\u2606MattC (Banned)|mattcbanned\n|l|\u2606papesz7\n|c|\u2606MattC (Banned)|end it with a disrespectful crit\n|c|\u2606MattC (Banned)|oooof\n","uploadtime":1700008792,"views":12,"p1id":"papesz7","p2id":"mattcbanned","formatid":"gen9vgc2023regulatione","rating":0,"private":0,"password":""}