{"id":"gen9vgc2023regulatione-1991785804","p1":"Blaek123","p2":"py123456","format":"[Gen 9] VGC 2023 Regulation E","log":"|j|\u2606Blaek123\n|j|\u2606py123456\n|t:|1700116982\n|gametype|doubles\n|player|p1|Blaek123|101|1194\n|player|p2|py123456|169|1155\n|teamsize|p1|6\n|teamsize|p2|6\n|gen|9\n|tier|[Gen 9] VGC 2023 Regulation E\n|rated|\n|rule|Species Clause: Limit one of each Pok\u00e9mon\n|rule|Item Clause: Limit one of each item\n|clearpoke\n|poke|p1|Urshifu-*, L50, M|\n|poke|p1|Thundurus, L50, M|\n|poke|p1|Tornadus, L50, M|\n|poke|p1|Politoed, L50, F|\n|poke|p1|Chien-Pao, L50|\n|poke|p1|Flutter Mane, L50|\n|poke|p2|Flutter Mane, L50|\n|poke|p2|Ogerpon-Wellspring, L50, F|\n|poke|p2|Iron Hands, L50|\n|poke|p2|Sableye, L50, M|\n|poke|p2|Espathra, L50, M|\n|poke|p2|Chi-Yu, L50|\n|teampreview|4\n|inactive|Battle timer is ON: inactive players will automatically lose when time's up. (requested by Blaek123)\n|inactive|Blaek123 has 60 seconds left.\n|inactive|py123456 has 60 seconds left.\n|inactive|Blaek123 has 30 seconds left.\n|\n|t:|1700117045\n|start\n|switch|p1a: Tornadus|Tornadus, L50, M|100\/100\n|switch|p1b: Urshifu|Urshifu-Rapid-Strike, L50, M|100\/100\n|switch|p2a: Sableye|Sableye, L50, M, shiny|100\/100\n|switch|p2b: Espathra|Espathra, L50, M|100\/100\n|turn|1\n|inactive|Blaek123 has 30 seconds left.\n|inactive|py123456 has 30 seconds left.\n|inactive|py123456 has 20 seconds left.\n|inactive|py123456 has 15 seconds left.\n|\n|t:|1700117088\n|-terastallize|p1b: Urshifu|Water\n|move|p1a: Tornadus|Taunt|p2b: Espathra\n|-start|p2b: Espathra|move: Taunt\n|-enditem|p2b: Espathra|Mental Herb\n|-end|p2b: Espathra|move: Taunt\n|move|p2a: Sableye|Gravity|p2a: Sableye\n|-fieldstart|move: Gravity\n|move|p2b: Espathra|Hypnosis|p1b: Urshifu\n|-status|p1b: Urshifu|slp|[from] move: Hypnosis\n|cant|p1b: Urshifu|slp\n|\n|-ability|p2b: Espathra|Speed Boost|boost\n|-boost|p2b: Espathra|spe|1\n|upkeep\n|turn|2\n|inactive|Blaek123 has 30 seconds left.\n|inactive|py123456 has 30 seconds left.\n|inactive|py123456 has 20 seconds left.\n|inactive|py123456 has 15 seconds left.\n|inactive|py123456 has 10 seconds left.\n|inactive|py123456 has 5 seconds left.\n|\n|t:|1700117139\n|switch|p2b: Ogerpon|Ogerpon-Wellspring, L50, F|100\/100\n|move|p1a: Tornadus|Taunt|p2b: Ogerpon\n|-start|p2b: Ogerpon|move: Taunt\n|move|p2a: Sableye|Encore|p1a: Tornadus\n|-start|p1a: Tornadus|Encore\n|-curestatus|p1b: Urshifu|slp|[msg]\n|move|p1b: Urshifu|Surging Strikes|p2b: Ogerpon\n|-immune|p2b: Ogerpon|[from] ability: Water Absorb\n|\n|upkeep\n|turn|3\n|inactive|py123456 has 30 seconds left.\n|inactive|Blaek123 has 30 seconds left.\n|\n|t:|1700117183\n|switch|p1a: Politoed|Politoed, L50, F|100\/100\n|-weather|RainDance|[from] ability: Drizzle|[of] p1a: Politoed\n|switch|p1b: Thundurus|Thundurus, L50, M|100\/100\n|move|p2a: Sableye|Will-O-Wisp|p1b: Thundurus\n|-status|p1b: Thundurus|brn\n|move|p2b: Ogerpon|Horn Leech|p1b: Thundurus\n|-resisted|p1b: Thundurus\n|-damage|p1b: Thundurus|66\/100 brn\n|\n|-weather|RainDance|[upkeep]\n|-damage|p1b: Thundurus|60\/100 brn|[from] brn\n|upkeep\n|turn|4\n|inactive|py123456 has 30 seconds left.\n|\n|t:|1700117216\n|move|p1b: Thundurus|Protect|p1b: Thundurus\n|-singleturn|p1b: Thundurus|Protect\n|move|p2a: Sableye|Quash|p1a: Politoed\n|-activate|p1a: Politoed|move: Quash\n|move|p2b: Ogerpon|Horn Leech|p1a: Politoed\n|-supereffective|p1a: Politoed\n|-damage|p1a: Politoed|0 fnt\n|faint|p1a: Politoed\n|\n|-weather|RainDance|[upkeep]\n|-damage|p1b: Thundurus|54\/100 brn|[from] brn\n|-end|p2b: Ogerpon|move: Taunt\n|upkeep\n|\n|t:|1700117231\n|switch|p1a: Tornadus|Tornadus, L50, M|100\/100\n|turn|5\n|inactive|py123456 has 30 seconds left.\n|\n|t:|1700117258\n|move|p2b: Ogerpon|Spiky Shield|p2b: Ogerpon\n|-singleturn|p2b: Ogerpon|move: Protect\n|move|p2a: Sableye|Encore|p1b: Thundurus\n|-start|p1b: Thundurus|Encore\n|move|p1a: Tornadus|Bleakwind Storm|p2b: Ogerpon|[spread] p2a\n|-activate|p2b: Ogerpon|move: Protect\n|-damage|p2a: Sableye|60\/100\n|-unboost|p2a: Sableye|spe|1\n|-enditem|p2a: Sableye|Eject Button\n|\n|t:|1700117271\n|switch|p2a: Iron Hands|Iron Hands, L50|100\/100\n|move|p1b: Thundurus|Protect||[still]\n|-fail|p1b: Thundurus\n|\n|-weather|RainDance|[upkeep]\n|-damage|p1b: Thundurus|49\/100 brn|[from] brn\n|-fieldend|move: Gravity\n|upkeep\n|turn|6\n|\n|t:|1700117287\n|switch|p1b: Urshifu|Urshifu-Rapid-Strike, L50, M, tera:Water|100\/100\n|move|p1a: Tornadus|Bleakwind Storm|p2b: Ogerpon|[spread] p2a,p2b\n|-supereffective|p2b: Ogerpon\n|-damage|p2a: Iron Hands|70\/100\n|-damage|p2b: Ogerpon|26\/100\n|move|p2b: Ogerpon|Ivy Cudgel|p1a: Tornadus|[anim] Ivy Cudgel Water\n|-damage|p1a: Tornadus|0 fnt\n|faint|p1a: Tornadus\n|move|p2a: Iron Hands|Belly Drum|p2a: Iron Hands\n|-damage|p2a: Iron Hands|20\/100\n|-setboost|p2a: Iron Hands|atk|6|[from] move: Belly Drum\n|-enditem|p2a: Iron Hands|Sitrus Berry|[eat]\n|-heal|p2a: Iron Hands|45\/100|[from] item: Sitrus Berry\n|\n|-weather|RainDance|[upkeep]\n|upkeep\n|\n|t:|1700117302\n|switch|p1a: Thundurus|Thundurus, L50, M|49\/100 brn\n|turn|7\n|inactive|Blaek123 has 30 seconds left.\n|inactive|py123456 has 30 seconds left.\n|inactive|Blaek123 has 20 seconds left.\n|inactive|Blaek123 has 15 seconds left.\n|inactive|Blaek123 has 10 seconds left.\n|inactive|py123456 has 20 seconds left.\n|inactive|py123456 has 15 seconds left.\n|\n|t:|1700117354\n|move|p2b: Ogerpon|Follow Me|p2b: Ogerpon\n|-singleturn|p2b: Ogerpon|move: Follow Me\n|move|p1a: Thundurus|Thunder Wave|p2b: Ogerpon\n|-status|p2b: Ogerpon|par\n|move|p1b: Urshifu|Surging Strikes|p2b: Ogerpon\n|-heal|p2b: Ogerpon|50\/100 par|[from] ability: Water Absorb|[of] p1b: Urshifu\n|move|p2a: Iron Hands|Drain Punch|p1b: Urshifu\n|-damage|p1b: Urshifu|0 fnt\n|-heal|p2a: Iron Hands|86\/100|[from] drain|[of] p1b: Urshifu\n|faint|p1b: Urshifu\n|\n|-weather|none\n|-damage|p1a: Thundurus|43\/100 brn|[from] brn\n|upkeep\n|turn|8\n|-message|Blaek123 forfeited.\n|\n|win|py123456\n|raw|Blaek123's rating: 1194 &rarr; <strong>1166<\/strong><br \/>(-28 for losing)\n|raw|py123456's rating: 1155 &rarr; <strong>1183<\/strong><br \/>(+28 for winning)\n|l|\u2606Blaek123\n","uploadtime":1700117401,"views":17,"p1id":"blaek123","p2id":"py123456","formatid":"gen9vgc2023regulatione","rating":1166,"private":0,"password":""}