{"id":"gen9vgc2023regulatione-1991698613","p1":"Cdizzle928","p2":"prospect12","format":"[Gen 9] VGC 2023 Regulation E","log":"|j|\u2606Cdizzle928\n|j|\u2606prospect12\n|t:|1700104035\n|gametype|doubles\n|player|p1|Cdizzle928|lucas|\n|player|p2|prospect12|ethan|\n|teamsize|p1|6\n|teamsize|p2|6\n|gen|9\n|tier|[Gen 9] VGC 2023 Regulation E\n|rule|Species Clause: Limit one of each Pok\u00e9mon\n|rule|Item Clause: Limit one of each item\n|clearpoke\n|poke|p1|Annihilape, L50, F|\n|poke|p1|Tornadus, L50, M|\n|poke|p1|Clodsire, L50, M|\n|poke|p1|Ogerpon-Hearthflame, L50, F|\n|poke|p1|Landorus-Therian, L50, M|\n|poke|p1|Goodra-Hisui, L50, M|\n|poke|p2|Indeedee-F, L50, F|\n|poke|p2|Armarouge, L50, F|\n|poke|p2|Hatterene, L50, F|\n|poke|p2|Ursaluna, L50, F|\n|poke|p2|Urshifu-*, L50, F|\n|poke|p2|Torkoal, L50, M|\n|teampreview|4\n|\n|t:|1700104101\n|start\n|switch|p1a: Clodsire|Clodsire, L50, M, shiny|100\/100\n|switch|p1b: Landorus|Landorus-Therian, L50, M|100\/100\n|switch|p2a: Hatterene|Hatterene, L50, F|100\/100\n|switch|p2b: Indeedee|Indeedee-F, L50, F|100\/100\n|-ability|p1b: Landorus|Intimidate|boost\n|-unboost|p2a: Hatterene|atk|1\n|-unboost|p2b: Indeedee|atk|1\n|-fieldstart|move: Psychic Terrain|[from] ability: Psychic Surge|[of] p2b: Indeedee\n|-enditem|p2b: Indeedee|Psychic Seed\n|-boost|p2b: Indeedee|spd|1|[from] item: Psychic Seed\n|turn|1\n|\n|t:|1700104133\n|move|p2b: Indeedee|Follow Me|p2b: Indeedee\n|-singleturn|p2b: Indeedee|move: Follow Me\n|move|p1b: Landorus|U-turn|p2b: Indeedee\n|-supereffective|p2b: Indeedee\n|-damage|p2b: Indeedee|23\/100\n|\n|t:|1700104140\n|switch|p1b: Goodra|Goodra-Hisui, L50, M|100\/100|[from] U-turn\n|move|p1a: Clodsire|Toxic|p2b: Indeedee\n|-status|p2b: Indeedee|tox\n|move|p2a: Hatterene|Trick Room|p2a: Hatterene\n|-fieldstart|move: Trick Room|[of] p2a: Hatterene\n|\n|-damage|p2b: Indeedee|16\/100 tox|[from] psn\n|upkeep\n|turn|2\n|\n|t:|1700104164\n|move|p2b: Indeedee|Follow Me|p2b: Indeedee\n|-singleturn|p2b: Indeedee|move: Follow Me\n|move|p2a: Hatterene|Psychic|p1a: Clodsire\n|-supereffective|p1a: Clodsire\n|-damage|p1a: Clodsire|0 fnt\n|faint|p1a: Clodsire\n|-damage|p2a: Hatterene|91\/100|[from] item: Life Orb\n|move|p1b: Goodra|Surf|p2b: Indeedee|[spread] p2a,p2b\n|-damage|p2a: Hatterene|68\/100\n|-damage|p2b: Indeedee|2\/100 tox\n|\n|-damage|p2b: Indeedee|0 fnt|[from] psn\n|faint|p2b: Indeedee\n|upkeep\n|\n|t:|1700104177\n|switch|p1a: Tornadus|Tornadus, L50, M|100\/100\n|switch|p2b: Ursaluna|Ursaluna, L50, F|100\/100\n|turn|3\n|\n|t:|1700104226\n|-terastallize|p2b: Ursaluna|Ghost\n|-terastallize|p1b: Goodra|Water\n|move|p1a: Tornadus|Rain Dance|p1a: Tornadus\n|-weather|RainDance\n|move|p2a: Hatterene|Dazzling Gleam|p1a: Tornadus|[spread] p1a,p1b\n|-damage|p1a: Tornadus|38\/100\n|-damage|p1b: Goodra|71\/100\n|-damage|p2a: Hatterene|58\/100|[from] item: Life Orb\n|move|p2b: Ursaluna|Swords Dance|p2b: Ursaluna\n|-boost|p2b: Ursaluna|atk|2\n|move|p1b: Goodra|Flash Cannon|p2a: Hatterene\n|-supereffective|p2a: Hatterene\n|-damage|p2a: Hatterene|0 fnt\n|faint|p2a: Hatterene\n|\n|-weather|RainDance|[upkeep]\n|-status|p2b: Ursaluna|brn|[from] item: Flame Orb\n|upkeep\n|\n|t:|1700104241\n|switch|p2a: Torkoal|Torkoal, L50, M|100\/100\n|-weather|SunnyDay|[from] ability: Drought|[of] p2a: Torkoal\n|turn|4\n|\n|t:|1700104261\n|move|p1a: Tornadus|Rain Dance|p1a: Tornadus\n|-weather|RainDance\n|move|p2a: Torkoal|Eruption|p1a: Tornadus|[spread] p1a,p1b\n|-resisted|p1b: Goodra\n|-damage|p1a: Tornadus|0 fnt\n|-damage|p1b: Goodra|62\/100\n|faint|p1a: Tornadus\n|move|p2b: Ursaluna|Facade|p1b: Goodra\n|-damage|p1b: Goodra|0 fnt\n|faint|p1b: Goodra\n|\n|-weather|RainDance|[upkeep]\n|-damage|p2b: Ursaluna|95\/100 brn|[from] brn\n|upkeep\n|\n|t:|1700104271\n|switch|p1b: Landorus|Landorus-Therian, L50, M|100\/100\n|-ability|p1b: Landorus|Intimidate|boost\n|-unboost|p2a: Torkoal|atk|1\n|-unboost|p2b: Ursaluna|atk|1\n|turn|5\n|\n|t:|1700104287\n|move|p2a: Torkoal|Protect|p2a: Torkoal\n|-singleturn|p2a: Torkoal|Protect\n|move|p2b: Ursaluna|Protect|p2b: Ursaluna\n|-singleturn|p2b: Ursaluna|Protect\n|move|p1b: Landorus|Rock Slide|p2b: Ursaluna|[spread] \n|-activate|p2a: Torkoal|move: Protect\n|-activate|p2b: Ursaluna|move: Protect\n|\n|-weather|RainDance|[upkeep]\n|-damage|p2b: Ursaluna|89\/100 brn|[from] brn\n|-fieldend|move: Trick Room\n|-fieldend|move: Psychic Terrain\n|upkeep\n|turn|6\n|\n|t:|1700104298\n|move|p1b: Landorus|Rock Slide|p2a: Torkoal|[spread] p2a,p2b\n|-supereffective|p2a: Torkoal\n|-damage|p2a: Torkoal|52\/100\n|-damage|p2b: Ursaluna|66\/100 brn\n|cant|p2b: Ursaluna|flinch\n|cant|p2a: Torkoal|flinch\n|\n|-weather|RainDance|[upkeep]\n|-damage|p2b: Ursaluna|60\/100 brn|[from] brn\n|upkeep\n|turn|7\n|\n|t:|1700104310\n|move|p1b: Landorus|Rock Slide|p2b: Ursaluna|[spread] p2a,p2b\n|-supereffective|p2a: Torkoal\n|-damage|p2a: Torkoal|7\/100\n|-damage|p2b: Ursaluna|39\/100 brn\n|cant|p2b: Ursaluna|flinch\n|cant|p2a: Torkoal|flinch\n|\n|-weather|RainDance|[upkeep]\n|-damage|p2b: Ursaluna|33\/100 brn|[from] brn\n|upkeep\n|turn|8\n|\n|t:|1700104327\n|move|p1b: Landorus|Rock Slide|p2b: Ursaluna|[spread] p2a,p2b\n|-supereffective|p2a: Torkoal\n|-crit|p2b: Ursaluna\n|-damage|p2a: Torkoal|0 fnt\n|-damage|p2b: Ursaluna|0 fnt\n|faint|p2a: Torkoal\n|faint|p2b: Ursaluna\n|\n|win|Cdizzle928\n|l|\u2606prospect12\n","uploadtime":1700104348,"views":24,"p1id":"cdizzle928","p2id":"prospect12","formatid":"gen9vgc2023regulatione","rating":0,"private":0,"password":""}