{"id":"gen9vgc2023regulatione-1989058799","p1":"Gamerrific","p2":"BestoBuggo","format":"[Gen 9] VGC 2023 Regulation E","log":"|j|\u2606Gamerrific\n|j|\u2606BestoBuggo\n|t:|1699807606\n|gametype|doubles\n|player|p1|Gamerrific|workerice|1292\n|player|p2|BestoBuggo|dancer|1398\n|teamsize|p1|6\n|teamsize|p2|6\n|gen|9\n|tier|[Gen 9] VGC 2023 Regulation E\n|rated|\n|rule|Species Clause: Limit one of each Pok\u00e9mon\n|rule|Item Clause: Limit one of each item\n|clearpoke\n|poke|p1|Tyranitar, L50, M|\n|poke|p1|Landorus, L50, M|\n|poke|p1|Garchomp, L50, M|\n|poke|p1|Kleavor, L50, M|\n|poke|p1|Gholdengo, L50|\n|poke|p1|Clodsire, L50, M|\n|poke|p2|Ursaluna-Bloodmoon, L50, M|\n|poke|p2|Sinistcha-Masterpiece, L50|\n|poke|p2|Iron Hands, L50|\n|poke|p2|Ogerpon-Wellspring, L50, F|\n|poke|p2|Tornadus, L50, M|\n|poke|p2|Heatran, L50, F|\n|teampreview|4\n|\n|t:|1699807629\n|start\n|switch|p1a: Khamsin|Tyranitar, L50, M|100\/100\n|switch|p1b: Sandmandorus|Landorus, L50, M|100\/100\n|switch|p2a: NovRain|Tornadus, L50, M|100\/100\n|switch|p2b: BONK|Ogerpon-Wellspring, L50, F|100\/100\n|-weather|Sandstorm|[from] ability: Sand Stream|[of] p1a: Khamsin\n|turn|1\n|inactive|Battle timer is ON: inactive players will automatically lose when time's up. (requested by Gamerrific)\n|\n|t:|1699807644\n|-terastallize|p2b: BONK|Water\n|detailschange|p2b: BONK|Ogerpon-Wellspring-Tera, L50, F, tera:Water\n|-ability|p2b: BONK|Embody Aspect (Wellspring)|boost\n|-boost|p2b: BONK|spd|1\n|move|p1b: Sandmandorus|Protect|p1b: Sandmandorus\n|-singleturn|p1b: Sandmandorus|Protect\n|move|p1a: Khamsin|Protect|p1a: Khamsin\n|-singleturn|p1a: Khamsin|Protect\n|move|p2a: NovRain|Rain Dance|p2a: NovRain\n|-weather|RainDance\n|move|p2b: BONK|Ivy Cudgel|p1a: Khamsin\n|-activate|p1a: Khamsin|move: Protect\n|\n|-weather|RainDance|[upkeep]\n|upkeep\n|turn|2\n|\n|t:|1699807661\n|switch|p1b: Atticus Flinch|Garchomp, L50, M, shiny|100\/100\n|switch|p1a: Mudster|Clodsire, L50, M|100\/100\n|move|p2a: NovRain|Bleakwind Storm|p1a: Mudster|[spread] p1a,p1b\n|-damage|p1a: Mudster|70\/100\n|-damage|p1b: Atticus Flinch|61\/100\n|-unboost|p1a: Mudster|spe|1\n|-unboost|p1b: Atticus Flinch|spe|1\n|move|p2b: BONK|Ivy Cudgel|p1b: Atticus Flinch\n|-damage|p1b: Atticus Flinch|0 fnt\n|faint|p1b: Atticus Flinch\n|\n|-weather|RainDance|[upkeep]\n|-heal|p1a: Mudster|76\/100|[from] item: Leftovers\n|upkeep\n|\n|t:|1699807676\n|switch|p1b: Khamsin|Tyranitar, L50, M|100\/100\n|-weather|Sandstorm|[from] ability: Sand Stream|[of] p1b: Khamsin\n|turn|3\n|\n|t:|1699807685\n|move|p1b: Khamsin|Protect|p1b: Khamsin\n|-singleturn|p1b: Khamsin|Protect\n|move|p2a: NovRain|Rain Dance|p2a: NovRain\n|-weather|RainDance\n|move|p2b: BONK|Ivy Cudgel|p1b: Khamsin\n|-activate|p1b: Khamsin|move: Protect\n|move|p1a: Mudster|Gunk Shot|p2b: BONK\n|-damage|p2b: BONK|42\/100\n|\n|-weather|RainDance|[upkeep]\n|-heal|p1a: Mudster|82\/100|[from] item: Leftovers\n|upkeep\n|turn|4\n|\n|t:|1699807699\n|-terastallize|p1b: Khamsin|Grass\n|move|p2a: NovRain|Bleakwind Storm|p1b: Khamsin|[spread] p1a,p1b\n|-crit|p1a: Mudster\n|-supereffective|p1b: Khamsin\n|-damage|p1a: Mudster|38\/100\n|-damage|p1b: Khamsin|40\/100\n|-enditem|p1b: Khamsin|Sitrus Berry|[eat]\n|-heal|p1b: Khamsin|64\/100|[from] item: Sitrus Berry\n|move|p2b: BONK|Ivy Cudgel|p1b: Khamsin\n|-resisted|p1b: Khamsin\n|-damage|p1b: Khamsin|13\/100\n|move|p1b: Khamsin|Stone Edge|p2a: NovRain\n|-supereffective|p2a: NovRain\n|-damage|p2a: NovRain|0 fnt\n|faint|p2a: NovRain\n|move|p1a: Mudster|Gunk Shot|p2b: BONK|[miss]\n|-miss|p1a: Mudster|p2b: BONK\n|\n|-weather|RainDance|[upkeep]\n|-heal|p1a: Mudster|44\/100|[from] item: Leftovers\n|upkeep\n|\n|t:|1699807707\n|switch|p2a: DeezIron|Iron Hands, L50|100\/100\n|turn|5\n|\n|t:|1699807723\n|move|p1b: Khamsin|Protect|p1b: Khamsin\n|-singleturn|p1b: Khamsin|Protect\n|move|p2a: DeezIron|Fake Out|p1a: Mudster\n|-damage|p1a: Mudster|26\/100\n|move|p2b: BONK|Horn Leech|p1a: Mudster\n|-damage|p1a: Mudster|0 fnt\n|-heal|p2b: BONK|60\/100|[from] drain|[of] p1a: Mudster\n|faint|p1a: Mudster\n|\n|-weather|RainDance|[upkeep]\n|upkeep\n|\n|t:|1699807732\n|switch|p1a: Sandmandorus|Landorus, L50, M|100\/100\n|turn|6\n|\n|t:|1699807738\n|move|p2b: BONK|Spiky Shield|p2b: BONK\n|-singleturn|p2b: BONK|move: Protect\n|move|p1a: Sandmandorus|Sandsear Storm|p2a: DeezIron|[spread] p2a\n|-activate|p2b: BONK|move: Protect\n|-supereffective|p2a: DeezIron\n|-damage|p2a: DeezIron|56\/100\n|-damage|p1a: Sandmandorus|91\/100|[from] item: Life Orb\n|move|p1b: Khamsin|Crunch|p2b: BONK\n|-activate|p2b: BONK|move: Protect\n|-damage|p1b: Khamsin|1\/100|[from] Spiky Shield|[of] p2b: BONK\n|move|p2a: DeezIron|Drain Punch|p1b: Khamsin\n|-damage|p1b: Khamsin|0 fnt\n|-heal|p2a: DeezIron|57\/100|[from] drain|[of] p1b: Khamsin\n|faint|p1b: Khamsin\n|\n|-weather|RainDance|[upkeep]\n|upkeep\n|turn|7\n|-message|Gamerrific forfeited.\n|\n|win|BestoBuggo\n|raw|Gamerrific's rating: 1292 &rarr; <strong>1274<\/strong><br \/>(-18 for losing)\n|raw|BestoBuggo's rating: 1398 &rarr; <strong>1412<\/strong><br \/>(+14 for winning)\n|l|\u2606Gamerrific\n","uploadtime":1699807752,"views":11,"p1id":"gamerrific","p2id":"bestobuggo","formatid":"gen9vgc2023regulatione","rating":1274,"private":0,"password":""}