{"id":"gen9vgc2023regulatione-1991356122","p1":"Yaeru#Neko","p2":"takua1495","format":"[Gen 9] VGC 2023 Regulation E","log":"|j|\u2606Yaeru#Neko\n|j|\u2606takua1495\n|t:|1700070295\n|gametype|doubles\n|player|p1|Yaeru#Neko|harlequin|1321\n|player|p2|takua1495|benga|1230\n|teamsize|p1|6\n|teamsize|p2|6\n|gen|9\n|tier|[Gen 9] VGC 2023 Regulation E\n|rated|\n|rule|Species Clause: Limit one of each Pok\u00e9mon\n|rule|Item Clause: Limit one of each item\n|clearpoke\n|poke|p1|Ursaluna, L50, F|\n|poke|p1|Tornadus-Therian, L50, M|\n|poke|p1|Dragapult, L50, F|\n|poke|p1|Iron Bundle, L50|\n|poke|p1|Abomasnow, L50, F|\n|poke|p1|Cetitan, L50, F|\n|poke|p2|Chandelure, L50, F|\n|poke|p2|Clefairy, L50, F|\n|poke|p2|Rillaboom, L50, F|\n|poke|p2|Ogerpon-Wellspring, L50, F|\n|poke|p2|Landorus-Therian, L50, M|\n|poke|p2|Empoleon, L50, F|\n|teampreview|4\n|inactive|Battle timer is ON: inactive players will automatically lose when time's up. (requested by Yaeru#Neko)\nYaeru#Neko rejected open team sheets.\n|\n|t:|1700070329\n|start\n|switch|p1a: Ursaluna|Ursaluna, L50, F|100\/100\n|switch|p1b: Tornadus|Tornadus-Therian, L50, M|100\/100\n|switch|p2a: Chandelure|Chandelure, L50, F, shiny|100\/100\n|switch|p2b: Clefairy|Clefairy, L50, F|100\/100\n|turn|1\n|c|\u2606takua1495|GL HF\n|inactive|takua1495 has 30 seconds left.\n|\n|t:|1700070355\n|-terastallize|p1a: Ursaluna|Ghost\n|-terastallize|p2a: Chandelure|Grass\n|move|p2b: Clefairy|Helping Hand|p2a: Chandelure\n|-singleturn|p2a: Chandelure|Helping Hand|[of] p2b: Clefairy\n|move|p1b: Tornadus|Fling|p1a: Ursaluna\n|-supereffective|p1a: Ursaluna\n|-damage|p1a: Ursaluna|92\/100\n|-status|p1a: Ursaluna|brn\n|-enditem|p1a: Ursaluna|Weakness Policy\n|-boost|p1a: Ursaluna|atk|2|[from] item: Weakness Policy\n|-boost|p1a: Ursaluna|spa|2|[from] item: Weakness Policy\n|-enditem|p1b: Tornadus|Flame Orb|[from] move: Fling\n|move|p1a: Ursaluna|Earthquake|p2b: Clefairy|[spread] p2a,p2b\n|-immune|p1b: Tornadus\n|-resisted|p2a: Chandelure\n|-crit|p2a: Chandelure\n|-damage|p2a: Chandelure|16\/100\n|-damage|p2b: Clefairy|0 fnt\n|faint|p2b: Clefairy\n|move|p2a: Chandelure|Flamethrower|p1a: Ursaluna\n|-damage|p1a: Ursaluna|0 fnt\n|faint|p1a: Ursaluna\n|\n|upkeep\n|c|\u2606Yaeru#Neko|Gl\n|\n|t:|1700070378\n|switch|p1a: Iron Bundle|Iron Bundle, L50|100\/100\n|switch|p2b: Empoleon|Empoleon, L50, F|100\/100\n|-enditem|p1a: Iron Bundle|Booster Energy\n|-activate|p1a: Iron Bundle|ability: Quark Drive|[fromitem]\n|-start|p1a: Iron Bundle|quarkdrivespe\n|turn|2\n|inactive|takua1495 has 30 seconds left.\n|\n|t:|1700070410\n|move|p1a: Iron Bundle|Ice Beam|p2a: Chandelure\n|-supereffective|p2a: Chandelure\n|-damage|p2a: Chandelure|0 fnt\n|faint|p2a: Chandelure\n|move|p1b: Tornadus|Tailwind|p1b: Tornadus\n|-sidestart|p1: Yaeru#Neko|move: Tailwind\n|move|p2b: Empoleon|Flash Cannon|p1a: Iron Bundle\n|-damage|p1a: Iron Bundle|33\/100\n|\n|upkeep\n|\n|t:|1700070418\n|switch|p2a: Ogerpon|Ogerpon-Wellspring, L50, F|100\/100\n|turn|3\n|\n|t:|1700070434\n|move|p1a: Iron Bundle|Helping Hand|p1b: Tornadus\n|-singleturn|p1b: Tornadus|Helping Hand|[of] p1a: Iron Bundle\n|move|p1b: Tornadus|Bleakwind Storm|p2a: Ogerpon|[spread] p2b\n|-miss|p1b: Tornadus|p2a: Ogerpon\n|-resisted|p2b: Empoleon\n|-damage|p2b: Empoleon|75\/100\n|move|p2a: Ogerpon|Ivy Cudgel|p1a: Iron Bundle|[anim] Ivy Cudgel Water\n|-resisted|p1a: Iron Bundle\n|-crit|p1a: Iron Bundle\n|-damage|p1a: Iron Bundle|0 fnt\n|faint|p1a: Iron Bundle\n|-end|p1a: Iron Bundle|Quark Drive|[silent]\n|move|p2b: Empoleon|Ice Beam|p1b: Tornadus\n|-supereffective|p1b: Tornadus\n|-damage|p1b: Tornadus|36\/100\n|\n|-heal|p2b: Empoleon|81\/100|[from] item: Leftovers\n|upkeep\n|\n|t:|1700070452\n|switch|p1a: Abomasnow|Abomasnow, L50, F|100\/100\n|-weather|Snow|[from] ability: Snow Warning|[of] p1a: Abomasnow\n|turn|4\n|\n|t:|1700070471\n|move|p2a: Ogerpon|Spiky Shield|p2a: Ogerpon\n|-singleturn|p2a: Ogerpon|move: Protect\n|move|p1b: Tornadus|Bleakwind Storm|p2b: Empoleon|[spread] p2b\n|-activate|p2a: Ogerpon|move: Protect\n|-resisted|p2b: Empoleon\n|-damage|p2b: Empoleon|66\/100\n|move|p1a: Abomasnow|Aurora Veil|p1a: Abomasnow\n|-sidestart|p1: Yaeru#Neko|move: Aurora Veil\n|move|p2b: Empoleon|Ice Beam|p1b: Tornadus\n|-supereffective|p1b: Tornadus\n|-damage|p1b: Tornadus|0 fnt\n|faint|p1b: Tornadus\n|\n|-weather|Snow|[upkeep]\n|-heal|p2b: Empoleon|72\/100|[from] item: Leftovers\n|upkeep\n|turn|5\n|\n|t:|1700070494\n|move|p1a: Abomasnow|Blizzard|p2b: Empoleon|[spread] p2a,p2b\n|-crit|p2a: Ogerpon\n|-resisted|p2b: Empoleon\n|-damage|p2a: Ogerpon|49\/100\n|-damage|p2b: Empoleon|64\/100\n|move|p2a: Ogerpon|Ivy Cudgel|p1a: Abomasnow|[anim] Ivy Cudgel Water\n|-resisted|p1a: Abomasnow\n|-damage|p1a: Abomasnow|87\/100\n|move|p2b: Empoleon|Flash Cannon|p1a: Abomasnow\n|-supereffective|p1a: Abomasnow\n|-damage|p1a: Abomasnow|40\/100\n|\n|-weather|Snow|[upkeep]\n|-heal|p2b: Empoleon|70\/100|[from] item: Leftovers\n|-sideend|p1: Yaeru#Neko|move: Tailwind\n|upkeep\n|turn|6\n|\n|t:|1700070513\n|move|p2a: Ogerpon|Spiky Shield|p2a: Ogerpon\n|-singleturn|p2a: Ogerpon|move: Protect\n|move|p2b: Empoleon|Flash Cannon|p1a: Abomasnow\n|-supereffective|p1a: Abomasnow\n|-damage|p1a: Abomasnow|0 fnt\n|faint|p1a: Abomasnow\n|\n|win|takua1495\n|raw|Yaeru#Neko's rating: 1321 &rarr; <strong>1296<\/strong><br \/>(-25 for losing)\n|raw|takua1495's rating: 1230 &rarr; <strong>1261<\/strong><br \/>(+31 for winning)\n|c|\u2606takua1495|gg\n|l|\u2606Yaeru#Neko\n","uploadtime":1700070538,"views":24,"p1id":"yaeruneko","p2id":"takua1495","formatid":"gen9vgc2023regulatione","rating":1261,"private":0,"password":""}