{"id":"gen9vgc2023regulatione-1998497335","p1":"brdurrani","p2":"drmsang","format":"[Gen 9] VGC 2023 Regulation E","log":"|j|\u2606brdurrani\n|j|\u2606drmsang\n|t:|1700949026\n|gametype|doubles\n|player|p1|brdurrani|benga|1263\n|player|p2|drmsang|1|1175\n|teamsize|p1|6\n|teamsize|p2|6\n|gen|9\n|tier|[Gen 9] VGC 2023 Regulation E\n|rated|\n|rule|Species Clause: Limit one of each Pok\u00e9mon\n|rule|Item Clause: Limit one of each item\n|clearpoke\n|poke|p1|Iron Bundle, L50|\n|poke|p1|Chien-Pao, L50|\n|poke|p1|Baxcalibur, L50, M|\n|poke|p1|Ninetales-Alola, L50, F|\n|poke|p1|Sinistcha, L50|\n|poke|p1|Arcanine-Hisui, L50, M|\n|poke|p2|Kilowattrel, L50, F|\n|poke|p2|Garganacl, L50, M|\n|poke|p2|Brambleghast, L50, F|\n|poke|p2|Ceruledge, L50, M|\n|poke|p2|Rabsca, L50, F|\n|poke|p2|Iron Valiant, L50|\n|teampreview|4\n|\n|t:|1700949054\n|start\n|switch|p1a: Iron Bundle|Iron Bundle, L50|100\/100\n|switch|p1b: Ninetales|Ninetales-Alola, L50, F, shiny|100\/100\n|switch|p2a: Iron Valiant|Iron Valiant, L50|100\/100\n|switch|p2b: Ceruledge|Ceruledge, L50, M|100\/100\n|-weather|Snow|[from] ability: Snow Warning|[of] p1b: Ninetales\n|-enditem|p1a: Iron Bundle|Booster Energy\n|-activate|p1a: Iron Bundle|ability: Quark Drive|[fromitem]\n|-start|p1a: Iron Bundle|quarkdrivespa\n|-enditem|p2a: Iron Valiant|Booster Energy\n|-activate|p2a: Iron Valiant|ability: Quark Drive|[fromitem]\n|-start|p2a: Iron Valiant|quarkdrivespa\n|turn|1\n|inactive|Battle timer is ON: inactive players will automatically lose when time's up. (requested by brdurrani)\n|\n|t:|1700949094\n|move|p1a: Iron Bundle|Protect|p1a: Iron Bundle\n|-singleturn|p1a: Iron Bundle|Protect\n|move|p2a: Iron Valiant|Vacuum Wave|p1a: Iron Bundle\n|-activate|p1a: Iron Bundle|move: Protect\n|move|p1b: Ninetales|Aurora Veil|p1b: Ninetales\n|-sidestart|p1: brdurrani|move: Aurora Veil\n|move|p2b: Ceruledge|Swords Dance|p2b: Ceruledge\n|-boost|p2b: Ceruledge|atk|2\n|\n|-weather|Snow|[upkeep]\n|upkeep\n|turn|2\n|inactive|drmsang has 30 seconds left.\n|inactive|drmsang has 20 seconds left.\n|inactive|drmsang has 15 seconds left.\n|inactive|drmsang has 10 seconds left.\n|\n|t:|1700949140\n|move|p1a: Iron Bundle|Hydro Pump|p2b: Ceruledge\n|-supereffective|p2b: Ceruledge\n|-damage|p2b: Ceruledge|0 fnt\n|faint|p2b: Ceruledge\n|move|p1b: Ninetales|Blizzard|p2a: Iron Valiant\n|-crit|p2a: Iron Valiant\n|-damage|p2a: Iron Valiant|0 fnt\n|faint|p2a: Iron Valiant\n|-end|p2a: Iron Valiant|Quark Drive|[silent]\n|\n|-weather|Snow|[upkeep]\n|upkeep\n|c|\u2606brdurrani|lol\n|\n|t:|1700949152\n|switch|p2a: Garganacl|Garganacl, L50, M|100\/100\n|switch|p2b: Rabsca|Rabsca, L50, F|100\/100\n|turn|3\n|\n|t:|1700949162\n|-terastallize|p2a: Garganacl|Ghost\n|move|p1a: Iron Bundle|Blizzard|p2a: Garganacl|[spread] p2a,p2b\n|-damage|p2a: Garganacl|44\/100\n|-damage|p2b: Rabsca|59\/100\n|move|p1b: Ninetales|Blizzard|p2a: Garganacl|[spread] p2a,p2b\n|-damage|p2a: Garganacl|15\/100\n|-damage|p2b: Rabsca|38\/100\n|move|p2b: Rabsca|Revival Blessing|p2b: Rabsca\n|\n|t:|1700949176\n|-heal|p2: Iron Valiant|50\/100|[from] move: Revival Blessing\n|move|p2a: Garganacl|Salt Cure|p1a: Iron Bundle\n|-supereffective|p1a: Iron Bundle\n|-damage|p1a: Iron Bundle|85\/100\n|-start|p1a: Iron Bundle|Salt Cure\n|\n|-weather|Snow|[upkeep]\n|-heal|p2a: Garganacl|20\/100|[from] item: Leftovers\n|-damage|p1a: Iron Bundle|60\/100|[from] Salt Cure\n|upkeep\n|turn|4\n|\n|t:|1700949193\n|move|p2a: Garganacl|Protect|p2a: Garganacl\n|-singleturn|p2a: Garganacl|Protect\n|move|p1a: Iron Bundle|Blizzard|p2b: Rabsca|[spread] p2b\n|-activate|p2a: Garganacl|move: Protect\n|-damage|p2b: Rabsca|0 fnt\n|faint|p2b: Rabsca\n|move|p1b: Ninetales|Blizzard|p2a: Garganacl\n|-activate|p2a: Garganacl|move: Protect\n|\n|-weather|Snow|[upkeep]\n|-heal|p2a: Garganacl|26\/100|[from] item: Leftovers\n|-damage|p1a: Iron Bundle|35\/100|[from] Salt Cure\n|upkeep\n|\n|t:|1700949208\n|switch|p2b: Iron Valiant|Iron Valiant, L50|50\/100\n|turn|5\n|\n|t:|1700949227\n|switch|p1b: Arcanine|Arcanine-Hisui, L50, M, shiny|100\/100\n|-ability|p1b: Arcanine|Intimidate|boost\n|-unboost|p2a: Garganacl|atk|1\n|-unboost|p2b: Iron Valiant|atk|1\n|move|p2a: Garganacl|Wide Guard|p2a: Garganacl\n|-singleturn|p2a: Garganacl|Wide Guard\n|move|p2b: Iron Valiant|Vacuum Wave|p1a: Iron Bundle\n|-supereffective|p1a: Iron Bundle\n|-damage|p1a: Iron Bundle|0 fnt\n|faint|p1a: Iron Bundle\n|-end|p1a: Iron Bundle|Quark Drive|[silent]\n|\n|-weather|none\n|-heal|p2a: Garganacl|32\/100|[from] item: Leftovers\n|-sideend|p1: brdurrani|move: Aurora Veil\n|upkeep\n|\n|t:|1700949235\n|switch|p1a: Ninetales|Ninetales-Alola, L50, F, shiny|100\/100\n|-weather|Snow|[from] ability: Snow Warning|[of] p1a: Ninetales\n|turn|6\n|inactive|drmsang has 30 seconds left.\n|inactive|drmsang has 20 seconds left.\n|\n|t:|1700949271\n|-terastallize|p1b: Arcanine|Fire\n|move|p2a: Garganacl|Wide Guard|p2a: Garganacl\n|-singleturn|p2a: Garganacl|Wide Guard\n|move|p1a: Ninetales|Aurora Veil|p1a: Ninetales\n|-sidestart|p1: brdurrani|move: Aurora Veil\n|move|p2b: Iron Valiant|Destiny Bond|p2b: Iron Valiant\n|-singlemove|p2b: Iron Valiant|Destiny Bond\n|move|p1b: Arcanine|Flare Blitz|p2b: Iron Valiant\n|-damage|p2b: Iron Valiant|0 fnt\n|faint|p2b: Iron Valiant\n|-activate|p2b: Iron Valiant|move: Destiny Bond\n|-end|p2b: Iron Valiant|Quark Drive|[silent]\n|faint|p1b: Arcanine\n|\n|-weather|Snow|[upkeep]\n|-heal|p2a: Garganacl|38\/100|[from] item: Leftovers\n|upkeep\n|\n|t:|1700949280\n|switch|p1b: Chien-Pao|Chien-Pao, L50|100\/100\n|-ability|p1b: Chien-Pao|Sword of Ruin\n|turn|7\n|c|\u2606brdurrani|gg\n|\n|t:|1700949294\n|move|p2a: Garganacl|Protect||[still]\n|-fail|p2a: Garganacl\n|move|p1b: Chien-Pao|Ice Spinner|p2a: Garganacl\n|-damage|p2a: Garganacl|1\/100\n|-damage|p1b: Chien-Pao|91\/100|[from] item: Life Orb\n|move|p1a: Ninetales|Blizzard|p2a: Garganacl\n|-damage|p2a: Garganacl|0 fnt\n|faint|p2a: Garganacl\n|\n|win|brdurrani\n|raw|brdurrani's rating: 1263 &rarr; <strong>1282<\/strong><br \/>(+19 for winning)\n|raw|drmsang's rating: 1175 &rarr; <strong>1156<\/strong><br \/>(-19 for losing)\n|l|\u2606brdurrani\n","uploadtime":1700949307,"views":8,"p1id":"brdurrani","p2id":"drmsang","formatid":"gen9vgc2023regulatione","rating":1156,"private":0,"password":""}