{"id":"gen9vgc2023regulatione-1999188775","p1":"Matcha Man Savage","p2":"jenzz2","format":"[Gen 9] VGC 2023 Regulation E","log":"|j|\u2606Matcha Man Savage\n|j|\u2606jenzz2\n|n|\u2606Matcha Man Savage|matchamansavage\n|n|\u2606jenzz2|jenzz2\n|html|View the match progress at <a href=\"\/game-bestof3-gen9vgc2023regulatione-1999188774\">game-bestof3-gen9vgc2023regulatione-1999188774<\/a>\n|t:|1701043198\n|gametype|doubles\n|player|p1|Matcha Man Savage|pokemaniac|\n|player|p2|jenzz2|265|\n|teamsize|p1|6\n|teamsize|p2|6\n|gen|9\n|tier|[Gen 9] VGC 2023 Regulation E\n|rule|Species Clause: Limit one of each Pok\u00e9mon\n|rule|Item Clause: Limit one of each item\n|clearpoke\n|poke|p1|Baxcalibur, L50, M|\n|poke|p1|Landorus-Therian, L50, M|\n|poke|p1|Goodra-Hisui, L50, F|\n|poke|p1|Scream Tail, L50|\n|poke|p1|Moltres-Galar, L50|\n|poke|p1|Ninetales-Alola, L50, F|\n|poke|p2|Heatran, L50, M|\n|poke|p2|Cresselia, L50, F|\n|poke|p2|Landorus-Therian, L50, M|\n|poke|p2|Iron Hands, L50|\n|poke|p2|Sinistcha-Masterpiece, L50|\n|poke|p2|Moltres-Galar, L50|\n|teampreview|4\n|inactive|Battle timer is ON: inactive players will automatically lose when time's up. (requested by Matcha Man Savage)\n|\n|t:|1701043225\n|start\n|switch|p1a: AWOOOO|Scream Tail, L50|100\/100\n|switch|p1b: Dawg?|Landorus-Therian, L50, M, shiny|100\/100\n|switch|p2a: Landorus|Landorus-Therian, L50, M|100\/100\n|switch|p2b: Moltres|Moltres-Galar, L50|100\/100\n|-ability|p1b: Dawg?|Intimidate|boost\n|-unboost|p2a: Landorus|atk|1\n|-unboost|p2b: Moltres|atk|1\n|-ability|p2a: Landorus|Intimidate|boost\n|-unboost|p1a: AWOOOO|atk|1\n|-unboost|p1b: Dawg?|atk|1\n|-enditem|p1a: AWOOOO|Booster Energy\n|-activate|p1a: AWOOOO|ability: Protosynthesis|[fromitem]\n|-start|p1a: AWOOOO|protosynthesisspe\n|turn|1\n|\n|t:|1701043246\n|move|p1a: AWOOOO|Howl|p1a: AWOOOO|[spread] p1a,p1b\n|-boost|p1a: AWOOOO|atk|1\n|-boost|p1b: Dawg?|atk|1\n|move|p1b: Dawg?|U-turn|p2b: Moltres\n|-damage|p2b: Moltres|75\/100\n|\n|t:|1701043254\n|switch|p1b: Antarctica|Ninetales-Alola, L50, F|100\/100|[from] U-turn\n|-weather|Snow|[from] ability: Snow Warning|[of] p1b: Antarctica\n|move|p2a: Landorus|U-turn|p1a: AWOOOO\n|-damage|p1a: AWOOOO|85\/100\n|\n|t:|1701043272\n|switch|p2a: Iron Hands|Iron Hands, L50, shiny|100\/100|[from] U-turn\n|move|p2b: Moltres|Fiery Wrath|p1a: AWOOOO|[spread] p1a,p1b\n|-resisted|p1b: Antarctica\n|-damage|p1a: AWOOOO|58\/100\n|-damage|p1b: Antarctica|84\/100\n|\n|-weather|Snow|[upkeep]\n|upkeep\n|turn|2\n|inactive|jenzz2 has 30 seconds left.\n|\n|t:|1701043303\n|move|p1a: AWOOOO|Howl|p1a: AWOOOO|[spread] p1a,p1b\n|-boost|p1a: AWOOOO|atk|1\n|-boost|p1b: Antarctica|atk|1\n|move|p1b: Antarctica|Aurora Veil|p1b: Antarctica\n|-sidestart|p1: Matcha Man Savage|move: Aurora Veil\n|move|p2b: Moltres|Nasty Plot|p2b: Moltres\n|-boost|p2b: Moltres|spa|2\n|move|p2a: Iron Hands|Thunder Punch|p1a: AWOOOO\n|-damage|p1a: AWOOOO|34\/100\n|\n|-weather|Snow|[upkeep]\n|upkeep\n|turn|3\n|\n|t:|1701043323\n|-end|p2a: Iron Hands|Quark Drive|[silent]\n|switch|p2a: Heatran|Heatran, L50, M|100\/100\n|move|p1b: Antarctica|Helping Hand|p1a: AWOOOO\n|-singleturn|p1a: AWOOOO|Helping Hand|[of] p1b: Antarctica\n|move|p1a: AWOOOO|Play Rough|p2b: Moltres\n|-supereffective|p2b: Moltres\n|-damage|p2b: Moltres|0 fnt\n|faint|p2b: Moltres\n|\n|-weather|Snow|[upkeep]\n|upkeep\n|\n|t:|1701043343\n|switch|p2b: Landorus|Landorus-Therian, L50, M|100\/100\n|-ability|p2b: Landorus|Intimidate|boost\n|-unboost|p1a: AWOOOO|atk|1\n|-unboost|p1b: Antarctica|atk|1\n|turn|4\n|\n|t:|1701043363\n|switch|p1b: Dawg?|Landorus-Therian, L50, M, shiny|100\/100\n|-ability|p1b: Dawg?|Intimidate|boost\n|-unboost|p2a: Heatran|atk|1\n|-unboost|p2b: Landorus|atk|1\n|switch|p2b: Iron Hands|Iron Hands, L50, shiny|100\/100\n|move|p1a: AWOOOO|Howl|p1a: AWOOOO|[spread] p1a,p1b\n|-boost|p1a: AWOOOO|atk|1\n|-boost|p1b: Dawg?|atk|1\n|move|p2a: Heatran|Heat Wave|p1b: Dawg?|[spread] p1a,p1b\n|-damage|p1a: AWOOOO|13\/100\n|-damage|p1b: Dawg?|66\/100\n|\n|-weather|Snow|[upkeep]\n|upkeep\n|turn|5\n|inactive|jenzz2 has 30 seconds left.\n|inactive|jenzz2 has 20 seconds left.\n|\n|t:|1701043399\n|-terastallize|p2a: Heatran|Grass\n|move|p2b: Iron Hands|Fake Out|p1a: AWOOOO\n|-damage|p1a: AWOOOO|5\/100\n|cant|p1a: AWOOOO|flinch\n|move|p1b: Dawg?|Stomping Tantrum|p2a: Heatran\n|-resisted|p2a: Heatran\n|-damage|p2a: Heatran|71\/100\n|move|p2a: Heatran|Heat Wave|p1b: Dawg?|[spread] p1a,p1b\n|-damage|p1a: AWOOOO|0 fnt\n|-damage|p1b: Dawg?|33\/100\n|-status|p1b: Dawg?|brn\n|faint|p1a: AWOOOO\n|-end|p1a: AWOOOO|Protosynthesis|[silent]\n|\n|-weather|none\n|-damage|p1b: Dawg?|27\/100 brn|[from] brn\n|upkeep\n|\n|t:|1701043409\n|switch|p1a: Antarctica|Ninetales-Alola, L50, F|84\/100\n|-weather|Snow|[from] ability: Snow Warning|[of] p1a: Antarctica\n|turn|6\n|inactive|jenzz2 has 30 seconds left.\n|\n|t:|1701043439\n|switch|p1a: GOJIRA|Baxcalibur, L50, M|100\/100\n|switch|p2a: Landorus|Landorus-Therian, L50, M|100\/100\n|-ability|p2a: Landorus|Intimidate|boost\n|-fail|p1a: GOJIRA|unboost|[from] item: Clear Amulet|[of] p1a: GOJIRA\n|-unboost|p1b: Dawg?|atk|1\n|move|p1b: Dawg?|Stomping Tantrum|p2b: Iron Hands\n|-supereffective|p2b: Iron Hands\n|-damage|p2b: Iron Hands|74\/100\n|move|p2b: Iron Hands|Drain Punch|p1b: Dawg?\n|-resisted|p1b: Dawg?\n|-damage|p1b: Dawg?|12\/100 brn\n|-heal|p2b: Iron Hands|80\/100|[from] drain|[of] p1b: Dawg?\n|\n|-weather|Snow|[upkeep]\n|-damage|p1b: Dawg?|6\/100 brn|[from] brn\n|-sideend|p1: Matcha Man Savage|move: Aurora Veil\n|upkeep\n|turn|7\n|inactive|Matcha Man Savage has 30 seconds left.\n|inactive|jenzz2 has 30 seconds left.\n|\n|t:|1701043473\n|switch|p1b: Antarctica|Ninetales-Alola, L50, F|84\/100\n|switch|p2a: Heatran|Heatran, L50, M, tera:Grass|71\/100\n|-terastallize|p1a: GOJIRA|Water\n|move|p1a: GOJIRA|Swords Dance|p1a: GOJIRA\n|-boost|p1a: GOJIRA|atk|2\n|move|p2b: Iron Hands|Drain Punch|p1a: GOJIRA\n|-damage|p1a: GOJIRA|67\/100\n|-heal|p2b: Iron Hands|93\/100|[from] drain|[of] p1a: GOJIRA\n|\n|-weather|Snow|[upkeep]\n|upkeep\n|turn|8\n|inactive|jenzz2 has 30 seconds left.\n|\n|t:|1701043498\n|move|p1b: Antarctica|Helping Hand|p1a: GOJIRA\n|-singleturn|p1a: GOJIRA|Helping Hand|[of] p1b: Antarctica\n|move|p1a: GOJIRA|Glaive Rush|p2b: Iron Hands\n|-damage|p2b: Iron Hands|0 fnt\n|-singlemove|p1a: GOJIRA|Glaive Rush|[silent]\n|faint|p2b: Iron Hands\n|-end|p2b: Iron Hands|Quark Drive|[silent]\n|move|p2a: Heatran|Heat Wave|p1a: GOJIRA|[spread] p1a\n|-miss|p2a: Heatran|p1b: Antarctica\n|-resisted|p1a: GOJIRA\n|-damage|p1a: GOJIRA|34\/100\n|-ability|p1a: GOJIRA|Thermal Exchange|boost\n|-boost|p1a: GOJIRA|atk|1\n|\n|-weather|Snow|[upkeep]\n|upkeep\n|\n|t:|1701043513\n|switch|p2b: Landorus|Landorus-Therian, L50, M|100\/100\n|-ability|p2b: Landorus|Intimidate|boost\n|-fail|p1a: GOJIRA|unboost|[from] item: Clear Amulet|[of] p1a: GOJIRA\n|-unboost|p1b: Antarctica|atk|1\n|turn|9\n|inactive|jenzz2 has 30 seconds left.\n|inactive|jenzz2 has 20 seconds left.\n|inactive|jenzz2 has 15 seconds left.\n|inactive|jenzz2 has 10 seconds left.\n|\n|t:|1701043559\n|move|p1a: GOJIRA|Ice Shard|p2b: Landorus\n|-supereffective|p2b: Landorus\n|-damage|p2b: Landorus|0 fnt\n|faint|p2b: Landorus\n|move|p1b: Antarctica|Aurora Veil|p1b: Antarctica\n|-sidestart|p1: Matcha Man Savage|move: Aurora Veil\n|move|p2a: Heatran|Heat Wave|p1b: Antarctica|[spread] p1a,p1b\n|-resisted|p1a: GOJIRA\n|-supereffective|p1b: Antarctica\n|-damage|p1a: GOJIRA|23\/100\n|-damage|p1b: Antarctica|30\/100\n|-ability|p1a: GOJIRA|Thermal Exchange|boost\n|-boost|p1a: GOJIRA|atk|1\n|\n|-weather|Snow|[upkeep]\n|upkeep\n|turn|10\n|\n|t:|1701043571\n|switch|p1b: Dawg?|Landorus-Therian, L50, M, shiny|6\/100 brn\n|-ability|p1b: Dawg?|Intimidate|boost\n|-unboost|p2a: Heatran|atk|1\n|move|p2a: Heatran|Heat Wave|p1a: GOJIRA|[spread] p1a,p1b\n|-resisted|p1a: GOJIRA\n|-damage|p1a: GOJIRA|12\/100\n|-damage|p1b: Dawg?|0 fnt\n|-ability|p1a: GOJIRA|Thermal Exchange|boost\n|-boost|p1a: GOJIRA|atk|1\n|faint|p1b: Dawg?\n|move|p1a: GOJIRA|Glaive Rush|p2a: Heatran\n|-damage|p2a: Heatran|0 fnt\n|-singlemove|p1a: GOJIRA|Glaive Rush|[silent]\n|faint|p2a: Heatran\n|\n|win|Matcha Man Savage\n|inactive|Matcha Man Savage has 50 seconds to confirm battle start!\n|inactive|jenzz2 has 50 seconds to confirm battle start!\n","uploadtime":1701043585,"views":16,"p1id":"matchamansavage","p2id":"jenzz2","formatid":"gen9vgc2023regulatione","rating":0,"private":0,"password":""}