{"id":"gen9vgc2023regulatione-2000216995","p1":"magicalarcher57","p2":"qwertyslopmcflop","format":"[Gen 9] VGC 2023 Regulation E","log":"|j|\u2606magicalarcher57\n|j|\u2606qwertyslopmcflop\n|t:|1701173446\n|gametype|doubles\n|player|p1|magicalarcher57|cynthia-gen4|\n|player|p2|qwertyslopmcflop|nate|\n|teamsize|p1|6\n|teamsize|p2|6\n|gen|9\n|tier|[Gen 9] VGC 2023 Regulation E\n|rated|Tournament battle\n|rule|Species Clause: Limit one of each Pok\u00e9mon\n|rule|Item Clause: Limit one of each item\n|clearpoke\n|poke|p1|Tornadus, L50, M|\n|poke|p1|Sinistcha, L50|\n|poke|p1|Basculegion, L50, M|\n|poke|p1|Iron Hands, L50|\n|poke|p1|Arcanine-Hisui, L50, M|\n|poke|p1|Ninetales-Alola, L50, M|\n|poke|p2|Sinistcha, L50|\n|poke|p2|Iron Hands, L50|\n|poke|p2|Rotom-Wash, L50|\n|poke|p2|Heatran, L50, F|\n|poke|p2|Tornadus, L50, M|\n|poke|p2|Poliwrath, L50, M|\n|teampreview|4\n|inactive|Battle timer is ON: inactive players will automatically lose when time's up. (requested by qwertyslopmcflop)\n|c|\u2606qwertyslopmcflop|poliwrath gayming\n|c|\u2606qwertyslopmcflop|gaming*\n|c|\u2606magicalarcher57|meh\n|inactive|qwertyslopmcflop has 60 seconds left.\n|\n|t:|1701173505\n|start\n|switch|p1a: Scrapper|Iron Hands, L50, shiny|100\/100\n|switch|p1b: Cha-Cha-Cha|Sinistcha, L50|100\/100\n|switch|p2a: Tornadus|Tornadus, L50, M|100\/100\n|switch|p2b: Poliwrath|Poliwrath, L50, M|100\/100\n|-enditem|p1a: Scrapper|Booster Energy\n|-activate|p1a: Scrapper|ability: Quark Drive|[fromitem]\n|-start|p1a: Scrapper|quarkdriveatk\n|turn|1\n|\n|t:|1701173521\n|-terastallize|p2b: Poliwrath|Water\n|move|p2a: Tornadus|Rain Dance|p2a: Tornadus\n|-weather|RainDance\n|move|p2b: Poliwrath|Liquidation|p1a: Scrapper\n|-damage|p1a: Scrapper|31\/100\n|move|p1b: Cha-Cha-Cha|Matcha Gotcha|p2a: Tornadus|[spread] p2a\n|-miss|p1b: Cha-Cha-Cha|p2b: Poliwrath\n|-resisted|p2a: Tornadus\n|-damage|p2a: Tornadus|84\/100\n|move|p1a: Scrapper|Wild Charge|p2a: Tornadus\n|-supereffective|p2a: Tornadus\n|-damage|p2a: Tornadus|0 fnt\n|faint|p2a: Tornadus\n|-damage|p1a: Scrapper|16\/100|[from] Recoil\n|\n|-weather|RainDance|[upkeep]\n|upkeep\n|c|\u2606qwertyslopmcflop|bro what the hell is that poli cry\n|c|\u2606qwertyslopmcflop|ew\n|\n|t:|1701173541\n|switch|p2a: Rotom|Rotom-Wash, L50|100\/100\n|turn|2\n|c|\u2606magicalarcher57|lol poli\n|\n|t:|1701173558\n|move|p2b: Poliwrath|Liquidation|p1a: Scrapper\n|-damage|p1a: Scrapper|0 fnt\n|faint|p1a: Scrapper\n|-end|p1a: Scrapper|Quark Drive|[silent]\n|move|p2a: Rotom|Will-O-Wisp|p1b: Cha-Cha-Cha\n|-status|p1b: Cha-Cha-Cha|brn\n|move|p1b: Cha-Cha-Cha|Matcha Gotcha|p2b: Poliwrath|[spread] p2a\n|-miss|p1b: Cha-Cha-Cha|p2b: Poliwrath\n|-supereffective|p2a: Rotom\n|-damage|p2a: Rotom|39\/100\n|-enditem|p2a: Rotom|Sitrus Berry|[eat]\n|-heal|p2a: Rotom|64\/100|[from] item: Sitrus Berry\n|\n|-weather|RainDance|[upkeep]\n|-damage|p1b: Cha-Cha-Cha|98\/100 brn|[from] brn\n|upkeep\n|c|\u2606qwertyslopmcflop|poli gaming\n|c|\u2606magicalarcher57|DOUBLE MISS\n|c|\u2606qwertyslopmcflop|dodging\n|\n|t:|1701173570\n|switch|p1a: HarcOfTheCovenant|Arcanine-Hisui, L50, M|100\/100\n|-ability|p1a: HarcOfTheCovenant|Intimidate|boost\n|-unboost|p2a: Rotom|atk|1\n|-unboost|p2b: Poliwrath|atk|1\n|turn|3\n|\n|t:|1701173576\n|-terastallize|p1a: HarcOfTheCovenant|Fairy\n|move|p2a: Rotom|Protect|p2a: Rotom\n|-singleturn|p2a: Rotom|Protect\n|move|p1a: HarcOfTheCovenant|Extreme Speed|p2a: Rotom\n|-activate|p2a: Rotom|move: Protect\n|move|p2b: Poliwrath|Liquidation|p1a: HarcOfTheCovenant\n|-damage|p1a: HarcOfTheCovenant|0 fnt\n|faint|p1a: HarcOfTheCovenant\n|move|p1b: Cha-Cha-Cha|Matcha Gotcha|p2b: Poliwrath|[spread] p2b\n|-activate|p2a: Rotom|move: Protect\n|-supereffective|p2b: Poliwrath\n|-damage|p2b: Poliwrath|39\/100\n|-heal|p1b: Cha-Cha-Cha|100\/100 brn|[from] drain|[of] p2b: Poliwrath\n|\n|-weather|RainDance|[upkeep]\n|-damage|p1b: Cha-Cha-Cha|98\/100 brn|[from] brn\n|upkeep\n|c|\u2606qwertyslopmcflop|poli gaming\n|\n|t:|1701173596\n|switch|p1a: Houndfish|Basculegion, L50, M|100\/100\n|turn|4\n|\n|t:|1701173606\n|move|p2b: Poliwrath|Liquidation|p1a: Houndfish\n|-resisted|p1a: Houndfish\n|-damage|p1a: Houndfish|50\/100\n|move|p1a: Houndfish|Last Respects|p2a: Rotom\n|-damage|p2a: Rotom|0 fnt\n|faint|p2a: Rotom\n|move|p1b: Cha-Cha-Cha|Matcha Gotcha|p2b: Poliwrath\n|-supereffective|p2b: Poliwrath\n|-damage|p2b: Poliwrath|0 fnt\n|-heal|p1b: Cha-Cha-Cha|100\/100 brn|[from] drain|[of] p2b: Poliwrath\n|faint|p2b: Poliwrath\n|\n|-weather|RainDance|[upkeep]\n|-damage|p1b: Cha-Cha-Cha|98\/100 brn|[from] brn\n|upkeep\n|c|\u2606qwertyslopmcflop|boy ik u aint swift swim\n|c|\u2606qwertyslopmcflop|wait wait\n|c|\u2606qwertyslopmcflop|NO\n|\n|t:|1701173614\n|switch|p2b: Heatran|Heatran, L50, F|100\/100\n|turn|5\n|c|\u2606magicalarcher57|ye\n|c|\u2606qwertyslopmcflop|U WERE SWIFT SWIM\n|c|\u2606magicalarcher57|im not\n|c|\u2606magicalarcher57|idont need it\n|c|\u2606qwertyslopmcflop|oh\n|c|\u2606qwertyslopmcflop|ok\n|\n|t:|1701173631\n|move|p2b: Heatran|Protect|p2b: Heatran\n|-singleturn|p2b: Heatran|Protect\n|move|p1a: Houndfish|Wave Crash|p2b: Heatran\n|-activate|p2b: Heatran|move: Protect\n|move|p1b: Cha-Cha-Cha|Shadow Ball|p2b: Heatran\n|-activate|p2b: Heatran|move: Protect\n|\n|-weather|none\n|-damage|p1b: Cha-Cha-Cha|95\/100 brn|[from] brn\n|upkeep\n|turn|6\n|c|\u2606qwertyslopmcflop|oh no\n|\n|t:|1701173649\n|move|p1a: Houndfish|Wave Crash|p2b: Heatran\n|-supereffective|p2b: Heatran\n|-damage|p2b: Heatran|0 fnt\n|faint|p2b: Heatran\n|-damage|p1a: Houndfish|17\/100|[from] Recoil\n|\n|win|magicalarcher57\n|n|\u2606magicalarcher57|magicalarcher57\n|n|\u2606qwertyslopmcflop|qwertyslopmcflop\n","uploadtime":1701173650,"views":2,"p1id":"magicalarcher57","p2id":"qwertyslopmcflop","formatid":"gen9vgc2023regulatione","rating":0,"private":0,"password":""}