{"id":"gen9vgc2023regulatione-1991842399","p1":"Melmetalica","p2":"BlueJayX2","format":"[Gen 9] VGC 2023 Regulation E","log":"|j|\u2606Melmetalica\n|j|\u2606BlueJayX2\n|t:|1700126935\n|gametype|doubles\n|player|p1|Melmetalica|170|1141\n|player|p2|BlueJayX2|marley|1021\n|teamsize|p1|6\n|teamsize|p2|6\n|gen|9\n|tier|[Gen 9] VGC 2023 Regulation E\n|rated|\n|rule|Species Clause: Limit one of each Pok\u00e9mon\n|rule|Item Clause: Limit one of each item\n|clearpoke\n|poke|p1|Gallade, L50, M|\n|poke|p1|Illumise, L50, F|\n|poke|p1|Grimmsnarl, L50, M|\n|poke|p1|Chien-Pao, L50|\n|poke|p1|Sinistcha-Masterpiece, L50|\n|poke|p1|Goodra-Hisui, L50, F|\n|poke|p2|Sableye, L50, F|\n|poke|p2|Grimmsnarl, L50, M|\n|poke|p2|Kingambit, L50, M|\n|poke|p2|Gyarados, L50, F|\n|poke|p2|Noivern, L50, M|\n|poke|p2|Gastrodon, L50, F|\n|teampreview|4\n|inactive|Battle timer is ON: inactive players will automatically lose when time's up. (requested by BlueJayX2)\n|inactive|Melmetalica has 60 seconds left.\n|\n|t:|1700126975\n|start\n|switch|p1a: Sinistcha|Sinistcha-Masterpiece, L50|100\/100\n|switch|p1b: Grimmsnarl|Grimmsnarl, L50, M|100\/100\n|switch|p2a: Sableye|Sableye, L50, F|100\/100\n|switch|p2b: Grimmsnarl|Grimmsnarl, L50, M|100\/100\n|turn|1\n|inactive|Melmetalica has 30 seconds left.\n|\n|t:|1700127003\n|move|p2b: Grimmsnarl|Fake Out|p1b: Grimmsnarl\n|-damage|p1b: Grimmsnarl|87\/100\n|move|p2a: Sableye|Trick|p1a: Sinistcha\n|-activate|p2a: Sableye|move: Trick|[of] p1a: Sinistcha\n|-item|p1a: Sinistcha|Lagging Tail|[from] move: Trick\n|-item|p2a: Sableye|Sitrus Berry|[from] move: Trick\n|move|p1a: Sinistcha|Calm Mind|p1a: Sinistcha\n|-boost|p1a: Sinistcha|spa|1\n|-boost|p1a: Sinistcha|spd|1\n|cant|p1b: Grimmsnarl|flinch\n|\n|upkeep\n|turn|2\n|\n|t:|1700127024\n|move|p2b: Grimmsnarl|Parting Shot|p1a: Sinistcha\n|-unboost|p1a: Sinistcha|atk|1\n|-unboost|p1a: Sinistcha|spa|1\n|\n|t:|1700127029\n|switch|p2b: Gastrodon|Gastrodon, L50, F|100\/100|[from] Parting Shot\n|move|p2a: Sableye|Will-O-Wisp|p1a: Sinistcha\n|-status|p1a: Sinistcha|brn\n|move|p1b: Grimmsnarl|Spirit Break|p2a: Sableye\n|-supereffective|p2a: Sableye\n|-damage|p2a: Sableye|32\/100\n|-unboost|p2a: Sableye|spa|1\n|-enditem|p2a: Sableye|Sitrus Berry|[eat]\n|-heal|p2a: Sableye|57\/100|[from] item: Sitrus Berry\n|move|p1a: Sinistcha|Matcha Gotcha|p2b: Gastrodon|[spread] p2a,p2b\n|-supereffective|p2b: Gastrodon\n|-damage|p2a: Sableye|1\/100\n|-damage|p2b: Gastrodon|0 fnt\n|faint|p2b: Gastrodon\n|\n|-damage|p1a: Sinistcha|94\/100 brn|[from] brn\n|upkeep\n|\n|t:|1700127051\n|switch|p2b: Grimmsnarl|Grimmsnarl, L50, M|100\/100\n|turn|3\n|inactive|BlueJayX2 has 30 seconds left.\n|\n|t:|1700127077\n|switch|p2a: Kingambit|Kingambit, L50, M|100\/100\n|move|p2b: Grimmsnarl|Parting Shot|p1a: Sinistcha\n|-unboost|p1a: Sinistcha|atk|1\n|-unboost|p1a: Sinistcha|spa|1\n|\n|t:|1700127083\n|switch|p2b: Sableye|Sableye, L50, F|1\/100|[from] Parting Shot\n|move|p1b: Grimmsnarl|Spirit Break|p2a: Kingambit\n|-damage|p2a: Kingambit|78\/100\n|-unboost|p2a: Kingambit|spa|1\n|-ability|p2a: Kingambit|Defiant|boost\n|-boost|p2a: Kingambit|atk|2\n|move|p1a: Sinistcha|Calm Mind|p1a: Sinistcha\n|-boost|p1a: Sinistcha|spa|1\n|-boost|p1a: Sinistcha|spd|1\n|\n|-damage|p1a: Sinistcha|88\/100 brn|[from] brn\n|upkeep\n|turn|4\n|\n|t:|1700127101\n|-terastallize|p1a: Sinistcha|Water\n|move|p2b: Sableye|Fake Out|p1b: Grimmsnarl\n|-damage|p1b: Grimmsnarl|78\/100\n|cant|p1b: Grimmsnarl|flinch\n|move|p2a: Kingambit|Kowtow Cleave|p1a: Sinistcha\n|-damage|p1a: Sinistcha|0 fnt\n|faint|p1a: Sinistcha\n|\n|upkeep\n|\n|t:|1700127118\n|switch|p1a: Gallade|Gallade, L50, M|100\/100\n|turn|5\n|\n|t:|1700127142\n|switch|p1a: Chien-Pao|Chien-Pao, L50|100\/100\n|-ability|p1a: Chien-Pao|Sword of Ruin\n|-terastallize|p2a: Kingambit|Fighting\n|move|p1b: Grimmsnarl|Reflect|p1b: Grimmsnarl\n|-sidestart|p1: Melmetalica|Reflect\n|move|p2b: Sableye|Will-O-Wisp|p1a: Chien-Pao\n|-hint|Since gen 7, Dark is immune to Prankster moves.\n|-immune|p1a: Chien-Pao\n|move|p2a: Kingambit|Iron Head|p1b: Grimmsnarl\n|-supereffective|p1b: Grimmsnarl\n|-damage|p1b: Grimmsnarl|0 fnt\n|faint|p1b: Grimmsnarl\n|\n|upkeep\n|\n|t:|1700127155\n|switch|p1b: Gallade|Gallade, L50, M|100\/100\n|turn|6\n|\n|t:|1700127168\n|move|p1b: Gallade|Shadow Sneak|p2b: Sableye\n|-damage|p2b: Sableye|0 fnt\n|faint|p2b: Sableye\n|move|p1a: Chien-Pao|Ice Spinner|p2a: Kingambit\n|-damage|p2a: Kingambit|35\/100\n|move|p2a: Kingambit|Iron Head|p1a: Chien-Pao\n|-supereffective|p1a: Chien-Pao\n|-damage|p1a: Chien-Pao|0 fnt\n|faint|p1a: Chien-Pao\n|\n|upkeep\n|\n|t:|1700127178\n|switch|p2b: Grimmsnarl|Grimmsnarl, L50, M|100\/100\n|turn|7\n|\n|t:|1700127191\n|move|p2b: Grimmsnarl|Fake Out|p1b: Gallade\n|-damage|p1b: Gallade|88\/100\n|cant|p1b: Gallade|flinch\n|move|p2a: Kingambit|Kowtow Cleave|p1b: Gallade\n|-damage|p1b: Gallade|0 fnt\n|faint|p1b: Gallade\n|\n|win|BlueJayX2\n|raw|Melmetalica's rating: 1141 &rarr; <strong>1108<\/strong><br \/>(-33 for losing)\n|raw|BlueJayX2's rating: 1021 &rarr; <strong>1070<\/strong><br \/>(+49 for winning)\n|c|\u2606BlueJayX2|Gg\n","uploadtime":1700127220,"views":24,"p1id":"melmetalica","p2id":"bluejayx2","formatid":"gen9vgc2023regulatione","rating":1070,"private":0,"password":""}