{"id":"gen9vgc2023regulatione-1991737085","p1":"diegodm2694","p2":"YaBoySchnieds","format":"[Gen 9] VGC 2023 Regulation E","log":"|j|\u2606diegodm2694\n|j|\u2606YaBoySchnieds\n|t:|1700108933\n|gametype|doubles\n|player|p1|diegodm2694|266|1531\n|player|p2|YaBoySchnieds|colress|1500\n|teamsize|p1|6\n|teamsize|p2|6\n|gen|9\n|tier|[Gen 9] VGC 2023 Regulation E\n|rated|\n|rule|Species Clause: Limit one of each Pok\u00e9mon\n|rule|Item Clause: Limit one of each item\n|clearpoke\n|poke|p1|Clefairy, L50, M|\n|poke|p1|Roaring Moon, L50|\n|poke|p1|Flutter Mane, L50|\n|poke|p1|Heatran, L50, F|\n|poke|p1|Ogerpon-Hearthflame, L50, F|\n|poke|p1|Urshifu-*, L50, M|\n|poke|p2|Iron Hands, L50|\n|poke|p2|Gholdengo, L50|\n|poke|p2|Urshifu-*, L50, M|\n|poke|p2|Flutter Mane, L50|\n|poke|p2|Landorus-Therian, L50, M|\n|poke|p2|Amoonguss, L50, F|\n|teampreview|4\n|inactive|Battle timer is ON: inactive players will automatically lose when time's up. (requested by YaBoySchnieds)\n|inactive|diegodm2694 has 60 seconds left.\n|inactive|YaBoySchnieds has 60 seconds left.\n|\n|t:|1700108969\n|start\n|switch|p1a: Roaring Moon|Roaring Moon, L50|100\/100\n|switch|p1b: Flutter Mane|Flutter Mane, L50|100\/100\n|switch|p2a: Amoonguss|Amoonguss, L50, F|100\/100\n|switch|p2b: Iron Hands|Iron Hands, L50|100\/100\n|-enditem|p1a: Roaring Moon|Booster Energy\n|-activate|p1a: Roaring Moon|ability: Protosynthesis|[fromitem]\n|-start|p1a: Roaring Moon|protosynthesisspe\n|turn|1\n|\n|t:|1700108993\n|-end|p1b: Flutter Mane|Protosynthesis|[silent]\n|switch|p1b: Ogerpon|Ogerpon-Hearthflame, L50, F|100\/100\n|-ability|p1b: Ogerpon|Mold Breaker\n|-terastallize|p2a: Amoonguss|Fire\n|move|p1a: Roaring Moon|Protect|p1a: Roaring Moon\n|-singleturn|p1a: Roaring Moon|Protect\n|move|p2b: Iron Hands|Fake Out|p1a: Roaring Moon\n|-activate|p1a: Roaring Moon|move: Protect\n|move|p2a: Amoonguss|Spore|p1b: Ogerpon\n|-immune|p1b: Ogerpon\n|\n|upkeep\n|turn|2\n|\n|t:|1700109017\n|move|p1a: Roaring Moon|Knock Off|p2a: Amoonguss\n|-damage|p2a: Amoonguss|50\/100\n|-enditem|p2a: Amoonguss|Leftovers|[from] move: Knock Off|[of] p1a: Roaring Moon\n|move|p1b: Ogerpon|Swords Dance|p1b: Ogerpon\n|-boost|p1b: Ogerpon|atk|2\n|move|p2b: Iron Hands|Drain Punch|p1b: Ogerpon\n|-damage|p1b: Ogerpon|48\/100\n|move|p2a: Amoonguss|Spore|p1a: Roaring Moon\n|-status|p1a: Roaring Moon|slp|[from] move: Spore\n|\n|upkeep\n|turn|3\n|\n|t:|1700109039\n|move|p1b: Ogerpon|Spiky Shield|p1b: Ogerpon\n|-singleturn|p1b: Ogerpon|move: Protect\n|move|p2a: Amoonguss|Protect|p2a: Amoonguss\n|-singleturn|p2a: Amoonguss|Protect\n|cant|p1a: Roaring Moon|slp\n|move|p2b: Iron Hands|Drain Punch|p1b: Ogerpon\n|-activate|p1b: Ogerpon|move: Protect\n|-damage|p2b: Iron Hands|88\/100|[from] Spiky Shield|[of] p1b: Ogerpon\n|\n|upkeep\n|turn|4\n|\n|t:|1700109056\n|switch|p2a: Landorus|Landorus-Therian, L50, M|100\/100\n|-ability|p2a: Landorus|Intimidate|boost\n|-unboost|p1a: Roaring Moon|atk|1\n|-unboost|p1b: Ogerpon|atk|1\n|-terastallize|p1b: Ogerpon|Fire\n|detailschange|p1b: Ogerpon|Ogerpon-Hearthflame-Tera, L50, F, tera:Fire\n|-ability|p1b: Ogerpon|Embody Aspect (Hearthflame)|boost\n|-boost|p1b: Ogerpon|atk|1\n|-curestatus|p1a: Roaring Moon|slp|[msg]\n|move|p1a: Roaring Moon|Knock Off|p2a: Landorus\n|-damage|p2a: Landorus|64\/100\n|-enditem|p2a: Landorus|Choice Scarf|[from] move: Knock Off|[of] p1a: Roaring Moon\n|move|p1b: Ogerpon|Ivy Cudgel|p2b: Iron Hands|[anim] Ivy Cudgel Fire\n|-damage|p2b: Iron Hands|0 fnt\n|faint|p2b: Iron Hands\n|-end|p2b: Iron Hands|Quark Drive|[silent]\n|\n|upkeep\n|\n|t:|1700109075\n|switch|p2b: Amoonguss|Amoonguss, L50, F, tera:Fire|83\/100\n|turn|5\n|\n|t:|1700109099\n|move|p2b: Amoonguss|Rage Powder|p2b: Amoonguss\n|-singleturn|p2b: Amoonguss|move: Rage Powder\n|move|p1a: Roaring Moon|Tailwind|p1a: Roaring Moon\n|-sidestart|p1: diegodm2694|move: Tailwind\n|move|p1b: Ogerpon|Ivy Cudgel|p2b: Amoonguss|[anim] Ivy Cudgel Fire\n|-resisted|p2b: Amoonguss\n|-damage|p2b: Amoonguss|10\/100\n|move|p2a: Landorus|Stomping Tantrum|p1b: Ogerpon\n|-supereffective|p1b: Ogerpon\n|-damage|p1b: Ogerpon|0 fnt\n|faint|p1b: Ogerpon\n|\n|upkeep\n|\n|t:|1700109112\n|switch|p1b: Urshifu|Urshifu-Rapid-Strike, L50, M|100\/100\n|turn|6\n|\n|t:|1700109134\n|switch|p2b: Urshifu|Urshifu-Rapid-Strike, L50, M|100\/100\n|move|p1a: Roaring Moon|Acrobatics|p2b: Urshifu\n|-supereffective|p2b: Urshifu\n|-damage|p2b: Urshifu|50\/100\n|move|p1b: Urshifu|Surging Strikes|p2a: Landorus\n|-supereffective|p2a: Landorus\n|-crit|p2a: Landorus\n|-damage|p2a: Landorus|24\/100\n|-supereffective|p2a: Landorus\n|-crit|p2a: Landorus\n|-damage|p2a: Landorus|0 fnt\n|faint|p2a: Landorus\n|-hitcount|p2: Landorus|2\n|\n|upkeep\n|\n|t:|1700109141\n|switch|p2a: Amoonguss|Amoonguss, L50, F, tera:Fire|43\/100\n|turn|7\n|inactive|YaBoySchnieds has 30 seconds left.\n|\n|t:|1700109167\n|move|p2a: Amoonguss|Rage Powder|p2a: Amoonguss\n|-singleturn|p2a: Amoonguss|move: Rage Powder\n|move|p1a: Roaring Moon|Knock Off|p2a: Amoonguss\n|-damage|p2a: Amoonguss|18\/100\n|move|p1b: Urshifu|Surging Strikes|p2a: Amoonguss\n|-supereffective|p2a: Amoonguss\n|-crit|p2a: Amoonguss\n|-damage|p2a: Amoonguss|0 fnt\n|faint|p2a: Amoonguss\n|-hitcount|p2: Amoonguss|1\n|move|p2b: Urshifu|Surging Strikes|p1a: Roaring Moon\n|-resisted|p1a: Roaring Moon\n|-crit|p1a: Roaring Moon\n|-damage|p1a: Roaring Moon|87\/100\n|-resisted|p1a: Roaring Moon\n|-crit|p1a: Roaring Moon\n|-damage|p1a: Roaring Moon|73\/100\n|-resisted|p1a: Roaring Moon\n|-crit|p1a: Roaring Moon\n|-damage|p1a: Roaring Moon|58\/100\n|-hitcount|p1a: Roaring Moon|3\n|\n|upkeep\n|turn|8\n|-message|YaBoySchnieds forfeited.\n|\n|win|diegodm2694\n|raw|diegodm2694's rating: 1531 &rarr; <strong>1549<\/strong><br \/>(+18 for winning)\n|raw|YaBoySchnieds's rating: 1500 &rarr; <strong>1482<\/strong><br \/>(-18 for losing)\n|l|\u2606YaBoySchnieds\n","uploadtime":1700109181,"views":16,"p1id":"diegodm2694","p2id":"yaboyschnieds","formatid":"gen9vgc2023regulatione","rating":1482,"private":0,"password":""}