{"id":"gen9vgc2023regulatione-1994051341","p1":"Altotesino Errante","p2":"dericos","format":"[Gen 9] VGC 2023 Regulation E","log":"|j|\u2606Altotesino Errante\n|j|\u2606dericos\n|n|\u2606Altotesino Errante|altotesinoerrante\n|n|\u2606dericos|dericos\n|html|View the match progress at <a href=\"\/game-bestof3-gen9vgc2023regulatione-1994044644\">game-bestof3-gen9vgc2023regulatione-1994044644<\/a>\n|t:|1700400099\n|gametype|doubles\n|player|p1|Altotesino Errante|ghetsis|\n|player|p2|dericos|265|\n|teamsize|p1|6\n|teamsize|p2|6\n|gen|9\n|tier|[Gen 9] VGC 2023 Regulation E\n|rule|Species Clause: Limit one of each Pok\u00e9mon\n|rule|Item Clause: Limit one of each item\n|clearpoke\n|poke|p1|Brambleghast, L50, M|\n|poke|p1|Kingambit, L50, M|\n|poke|p1|Dragonite, L50, F|\n|poke|p1|Tornadus, L50, M|\n|poke|p1|Arcanine-Hisui, L50, F|\n|poke|p1|Urshifu-*, L50, M|\n|poke|p2|Urshifu-*, L50, M|\n|poke|p2|Tornadus, L50, M|\n|poke|p2|Iron Hands, L50|\n|poke|p2|Flutter Mane, L50|\n|poke|p2|Arcanine-Hisui, L50, F|\n|poke|p2|Ogerpon-Wellspring, L50, F|\n|teampreview|4\n|inactive|Battle timer is ON: inactive players will automatically lose when time's up. (requested by Altotesino Errante)\n|j| zephiel97\nAltotesino Errante has agreed to open team sheets.\ndericos has agreed to open team sheets.\n|showteam|p1|Brambleghast||FocusSash|WindRider|PowerWhip,ShadowSneak,StrengthSap,Poltergeist|||M|||50|,,,,,Ghost]Kingambit||BlackGlasses|Defiant|SuckerPunch,KowtowCleave,SwordsDance,Protect|||M|||50|,,,,,Poison]Dragonite||AssaultVest|InnerFocus|ExtremeSpeed,StompingTantrum,AerialAce,IceSpinner|||F|||50|,,,,,Normal]Tornadus||RockyHelmet|Prankster|BleakwindStorm,Tailwind,RainDance,Protect|||M|||50|,,,,,Ghost]Arcanine-Hisui||SitrusBerry|Intimidate|FlareBlitz,RockSlide,Howl,ExtremeSpeed|||F|||50|,,,,,Ghost]Urshifu-Rapid-Strike||MysticWater|UnseenFist|SurgingStrikes,CloseCombat,AquaJet,Detect|||M|||50|,,,,,Water\n|showteam|p2|Urshifu||FocusSash|UnseenFist|WickedBlow,SuckerPunch,CloseCombat,Protect|||M|||50|,,,,,Dark]Tornadus||SitrusBerry|Prankster|BleakwindStorm,Protect,Taunt,Tailwind|||M|||50|,,,,,Poison]Iron Hands||AssaultVest|QuarkDrive|FakeOut,WildCharge,DrainPunch,HeavySlam||||||50|,,,,,Fire]Flutter Mane||BoosterEnergy|Protosynthesis|Moonblast,ShadowBall,DazzlingGleam,Protect||||||50|,,,,,Fairy]Arcanine-Hisui||ChoiceBand|Intimidate|RockSlide,ExtremeSpeed,FlareBlitz,HeadSmash|||F|||50|,,,,,Fairy]Ogerpon-Wellspring||WellspringMask|WaterAbsorb|IvyCudgel,HornLeech,FollowMe,SpikyShield|||F|||50|,,,,,Water\n|inactiveoff|Battle timer is now OFF.\n|j| GryffindorAle\n|\n|t:|1700400146\n|start\n|switch|p1a: Urshifu|Urshifu-Rapid-Strike, L50, M|100\/100\n|switch|p1b: Arcanine|Arcanine-Hisui, L50, F|100\/100\n|switch|p2a: Flutter Mane|Flutter Mane, L50|100\/100\n|switch|p2b: Urshifu|Urshifu, L50, M|100\/100\n|-ability|p1b: Arcanine|Intimidate|boost\n|-unboost|p2a: Flutter Mane|atk|1\n|-unboost|p2b: Urshifu|atk|1\n|-enditem|p2a: Flutter Mane|Booster Energy\n|-activate|p2a: Flutter Mane|ability: Protosynthesis|[fromitem]\n|-start|p2a: Flutter Mane|protosynthesisspa\n|turn|1\n|\n|t:|1700400208\n|-terastallize|p1a: Urshifu|Water\n|move|p2a: Flutter Mane|Shadow Ball|p1b: Arcanine\n|-crit|p1b: Arcanine\n|-damage|p1b: Arcanine|9\/100\n|-unboost|p1b: Arcanine|spd|1\n|-enditem|p1b: Arcanine|Sitrus Berry|[eat]\n|-heal|p1b: Arcanine|34\/100|[from] item: Sitrus Berry\n|move|p2b: Urshifu|Wicked Blow|p1b: Arcanine\n|-crit|p1b: Arcanine\n|-damage|p1b: Arcanine|0 fnt\n|faint|p1b: Arcanine\n|move|p1a: Urshifu|Surging Strikes|p2a: Flutter Mane\n|-crit|p2a: Flutter Mane\n|-damage|p2a: Flutter Mane|40\/100\n|-crit|p2a: Flutter Mane\n|-damage|p2a: Flutter Mane|0 fnt\n|faint|p2a: Flutter Mane\n|-end|p2a: Flutter Mane|Protosynthesis|[silent]\n|-hitcount|p2: Flutter Mane|2\n|\n|upkeep\n|j| wisedyVGC\n|\n|t:|1700400242\n|switch|p2a: Iron Hands|Iron Hands, L50|100\/100\n|switch|p1b: Tornadus|Tornadus, L50, M|100\/100\n|turn|2\n|\n|t:|1700400266\n|move|p2a: Iron Hands|Fake Out|p1a: Urshifu\n|-damage|p1a: Urshifu|88\/100\n|move|p1b: Tornadus|Rain Dance|p1b: Tornadus\n|-weather|RainDance\n|move|p2b: Urshifu|Wicked Blow|p1a: Urshifu\n|-crit|p1a: Urshifu\n|-damage|p1a: Urshifu|32\/100\n|cant|p1a: Urshifu|flinch\n|\n|-weather|RainDance|[upkeep]\n|upkeep\n|turn|3\n|\n|t:|1700400331\n|-end|p2a: Iron Hands|Quark Drive|[silent]\n|switch|p2a: Ogerpon|Ogerpon-Wellspring, L50, F|100\/100\n|move|p1a: Urshifu|Aqua Jet|p2b: Urshifu\n|-damage|p2b: Urshifu|45\/100\n|move|p2b: Urshifu|Wicked Blow|p1a: Urshifu\n|-crit|p1a: Urshifu\n|-damage|p1a: Urshifu|0 fnt\n|faint|p1a: Urshifu\n|move|p1b: Tornadus|Bleakwind Storm|p2b: Urshifu|[spread] p2a,p2b\n|-supereffective|p2a: Ogerpon\n|-supereffective|p2b: Urshifu\n|-damage|p2a: Ogerpon|37\/100\n|-damage|p2b: Urshifu|0 fnt\n|faint|p2b: Urshifu\n|\n|-weather|RainDance|[upkeep]\n|upkeep\n|\n|t:|1700400343\n|switch|p2b: Iron Hands|Iron Hands, L50|100\/100\n|switch|p1a: Brambleghast|Brambleghast, L50, M|100\/100\n|turn|4\n|\n|t:|1700400441\n|move|p2a: Ogerpon|Spiky Shield|p2a: Ogerpon\n|-singleturn|p2a: Ogerpon|move: Protect\n|move|p1b: Tornadus|Tailwind|p1b: Tornadus\n|-sidestart|p1: Altotesino Errante|move: Tailwind\n|-ability|p1a: Brambleghast|Wind Rider|boost\n|-boost|p1a: Brambleghast|atk|1\n|move|p1a: Brambleghast|Poltergeist|p2a: Ogerpon\n|-activate|p2a: Ogerpon|move: Protect\n|move|p2b: Iron Hands|Wild Charge|p1b: Tornadus\n|-supereffective|p1b: Tornadus\n|-damage|p1b: Tornadus|7\/100\n|-damage|p2b: Iron Hands|84\/100|[from] item: Rocky Helmet|[of] p1b: Tornadus\n|-damage|p2b: Iron Hands|66\/100|[from] Recoil\n|\n|-weather|RainDance|[upkeep]\n|upkeep\n|turn|5\n|\n|t:|1700400482\n|-terastallize|p2a: Ogerpon|Water\n|detailschange|p2a: Ogerpon|Ogerpon-Wellspring-Tera, L50, F, tera:Water\n|-ability|p2a: Ogerpon|Embody Aspect (Wellspring)|boost\n|-boost|p2a: Ogerpon|spd|1\n|move|p2a: Ogerpon|Spiky Shield||[still]\n|-fail|p2a: Ogerpon\n|move|p1a: Brambleghast|Poltergeist|p2a: Ogerpon\n|-activate|p2a: Ogerpon|move: Poltergeist|Wellspring Mask\n|-damage|p2a: Ogerpon|0 fnt\n|faint|p2a: Ogerpon\n|move|p1b: Tornadus|Bleakwind Storm|p2b: Iron Hands\n|-damage|p2b: Iron Hands|47\/100\n|move|p2b: Iron Hands|Drain Punch|p1b: Tornadus\n|-resisted|p1b: Tornadus\n|-damage|p1b: Tornadus|0 fnt\n|-heal|p2b: Iron Hands|49\/100|[from] drain|[of] p1b: Tornadus\n|-damage|p2b: Iron Hands|33\/100|[from] item: Rocky Helmet|[of] p1b: Tornadus\n|faint|p1b: Tornadus\n|\n|-weather|RainDance|[upkeep]\n|upkeep\n|turn|6\n|\n|t:|1700400501\n|move|p1a: Brambleghast|Poltergeist|p2b: Iron Hands\n|-activate|p2b: Iron Hands|move: Poltergeist|Assault Vest\n|-damage|p2b: Iron Hands|0 fnt\n|faint|p2b: Iron Hands\n|-end|p2b: Iron Hands|Quark Drive|[silent]\n|\n|win|Altotesino Errante\n|c|\u2606Altotesino Errante|gg\n|c|\u2606dericos|gg\n|l| wisedyVGC\n|l| GryffindorAle\n|l| zephiel97\n","uploadtime":1700400582,"views":15,"p1id":"altotesinoerrante","p2id":"dericos","formatid":"gen9vgc2023regulatione","rating":0,"private":0,"password":""}