{"id":"gen9vgc2023regulatione-1997946441","p1":"lil uzi oak","p2":"tiko12","format":"[Gen 9] VGC 2023 Regulation E","log":"|j|\u2606lil uzi oak\n|j|\u2606tiko12\n|t:|1700870705\n|gametype|doubles\n|player|p1|lil uzi oak|shadowtriad|1143\n|player|p2|tiko12|265|1054\n|teamsize|p1|6\n|teamsize|p2|6\n|gen|9\n|tier|[Gen 9] VGC 2023 Regulation E\n|rated|\n|rule|Species Clause: Limit one of each Pok\u00e9mon\n|rule|Item Clause: Limit one of each item\n|clearpoke\n|poke|p1|Dragapult, L50, F|\n|poke|p1|Indeedee-F, L50, F|\n|poke|p1|Heatran, L50, M|\n|poke|p1|Murkrow, L50, M|\n|poke|p1|Gholdengo, L50|\n|poke|p1|Urshifu-*, L50, M|\n|poke|p2|Tyranitar, L50, F|\n|poke|p2|Trevenant, L50, M|\n|poke|p2|Mimikyu, L50, F|\n|poke|p2|Heatran, L50, F|\n|poke|p2|Ninetales, L50, F|\n|poke|p2|Milotic, L50, M|\n|teampreview|4\n|inactive|Battle timer is ON: inactive players will automatically lose when time's up. (requested by lil uzi oak)\n|inactive|tiko12 has 60 seconds left.\n|inactive|tiko12 has 30 seconds left.\n|\n|t:|1700870835\n|start\n|switch|p1a: Urshifu|Urshifu, L50, M|100\/100\n|switch|p1b: Indeedee|Indeedee-F, L50, F|100\/100\n|switch|p2a: Tyranitar|Tyranitar, L50, F, shiny|100\/100\n|switch|p2b: Mimikyu|Mimikyu, L50, F, shiny|100\/100\n|-weather|Sandstorm|[from] ability: Sand Stream|[of] p2a: Tyranitar\n|-fieldstart|move: Psychic Terrain|[from] ability: Psychic Surge|[of] p1b: Indeedee\n|turn|1\n|inactive|lil uzi oak has 30 seconds left.\n|inactive|tiko12 has 30 seconds left.\n|inactive|lil uzi oak has 20 seconds left.\n|inactive|lil uzi oak has 15 seconds left.\n|inactive|lil uzi oak has 10 seconds left.\n|inactive|lil uzi oak has 5 seconds left.\n|\n|t:|1700870890\n|switch|p2a: Milotic|Milotic, L50, M|100\/100\n|move|p1b: Indeedee|Helping Hand|p1a: Urshifu\n|-singleturn|p1a: Urshifu|Helping Hand|[of] p1b: Indeedee\n|move|p1a: Urshifu|Wicked Blow|p2b: Mimikyu\n|-activate|p2b: Mimikyu|ability: Disguise\n|-damage|p2b: Mimikyu|100\/100\n|detailschange|p2b: Mimikyu|Mimikyu-Busted, L50, F, shiny\n|-damage|p2b: Mimikyu|88\/100|[from] pokemon: Mimikyu-Busted\n|move|p2b: Mimikyu|Will-O-Wisp|p1a: Urshifu\n|-status|p1a: Urshifu|brn\n|\n|-weather|Sandstorm|[upkeep]\n|-damage|p1a: Urshifu|95\/100 brn|[from] Sandstorm\n|-damage|p1b: Indeedee|94\/100|[from] Sandstorm\n|-damage|p2a: Milotic|94\/100|[from] Sandstorm\n|-damage|p1a: Urshifu|89\/100 brn|[from] brn\n|upkeep\n|turn|2\n|inactive|lil uzi oak has 30 seconds left.\n|inactive|tiko12 has 30 seconds left.\n|inactive|lil uzi oak has 20 seconds left.\n|inactive|tiko12 has 20 seconds left.\n|inactive|lil uzi oak has 15 seconds left.\n|inactive|tiko12 has 15 seconds left.\n|inactive|tiko12 has 10 seconds left.\n|inactive|tiko12 has 5 seconds left.\n|\n|t:|1700870941\n|move|p2b: Mimikyu|Protect|p2b: Mimikyu\n|-singleturn|p2b: Mimikyu|Protect\n|move|p1b: Indeedee|Follow Me|p1b: Indeedee\n|-singleturn|p1b: Indeedee|move: Follow Me\n|move|p1a: Urshifu|Wicked Blow|p2b: Mimikyu\n|-crit|p2b: Mimikyu\n|-damage|p2b: Mimikyu|44\/100\n|move|p2a: Milotic|Icy Wind|p1b: Indeedee|[spread] p1b\n|-miss|p2a: Milotic|p1a: Urshifu\n|-damage|p1b: Indeedee|85\/100\n|-unboost|p1b: Indeedee|spe|1\n|\n|-weather|Sandstorm|[upkeep]\n|-damage|p1a: Urshifu|83\/100 brn|[from] Sandstorm\n|-damage|p2a: Milotic|88\/100|[from] Sandstorm\n|-damage|p1b: Indeedee|78\/100|[from] Sandstorm\n|-damage|p1a: Urshifu|77\/100 brn|[from] brn\n|upkeep\n|turn|3\n|inactive|lil uzi oak has 30 seconds left.\n|inactive|lil uzi oak has 20 seconds left.\n|\n|t:|1700870978\n|move|p1b: Indeedee|Helping Hand|p1a: Urshifu\n|-singleturn|p1a: Urshifu|Helping Hand|[of] p1b: Indeedee\n|move|p1a: Urshifu|Wicked Blow|p2b: Mimikyu\n|-crit|p2b: Mimikyu\n|-damage|p2b: Mimikyu|0 fnt\n|faint|p2b: Mimikyu\n|move|p2a: Milotic|Icy Wind|p1a: Urshifu|[spread] p1a,p1b\n|-crit|p1b: Indeedee\n|-damage|p1a: Urshifu|64\/100 brn\n|-damage|p1b: Indeedee|65\/100\n|-unboost|p1a: Urshifu|spe|1\n|-unboost|p1b: Indeedee|spe|1\n|\n|-weather|Sandstorm|[upkeep]\n|-damage|p1a: Urshifu|58\/100 brn|[from] Sandstorm\n|-damage|p2a: Milotic|82\/100|[from] Sandstorm\n|-damage|p1b: Indeedee|59\/100|[from] Sandstorm\n|-damage|p1a: Urshifu|52\/100 brn|[from] brn\n|upkeep\n|\n|t:|1700870993\n|switch|p2b: Tyranitar|Tyranitar, L50, F, shiny|100\/100\n|turn|4\n|inactive|tiko12 has 30 seconds left.\n|inactive|tiko12 has 20 seconds left.\n|inactive|tiko12 has 15 seconds left.\n|inactive|tiko12 has 10 seconds left.\n|inactive|tiko12 has 5 seconds left.\n|\n|t:|1700871045\n|-terastallize|p2b: Tyranitar|Ghost\n|move|p1b: Indeedee|Helping Hand|p1a: Urshifu\n|-singleturn|p1a: Urshifu|Helping Hand|[of] p1b: Indeedee\n|move|p1a: Urshifu|Wicked Blow|p2a: Milotic\n|-crit|p2a: Milotic\n|-damage|p2a: Milotic|43\/100\n|move|p2b: Tyranitar|Rock Slide|p1a: Urshifu|[spread] p1a,p1b\n|-resisted|p1a: Urshifu\n|-damage|p1a: Urshifu|37\/100 brn\n|-damage|p1b: Indeedee|21\/100\n|-damage|p2b: Tyranitar|91\/100|[from] item: Life Orb\n|move|p2a: Milotic|Scald|p1a: Urshifu\n|-damage|p1a: Urshifu|0 fnt\n|faint|p1a: Urshifu\n|\n|-weather|Sandstorm|[upkeep]\n|-damage|p2b: Tyranitar|85\/100|[from] Sandstorm\n|-damage|p2a: Milotic|37\/100|[from] Sandstorm\n|-damage|p1b: Indeedee|15\/100|[from] Sandstorm\n|upkeep\n|inactive|lil uzi oak has 30 seconds left.\n|\n|t:|1700871074\n|switch|p1a: Dragapult|Dragapult, L50, F|100\/100\n|turn|5\n|inactive|lil uzi oak has 30 seconds left.\n|\n|t:|1700871101\n|move|p1b: Indeedee|Helping Hand|p1a: Dragapult\n|-singleturn|p1a: Dragapult|Helping Hand|[of] p1b: Indeedee\n|move|p1a: Dragapult|Dragon Darts|p2a: Milotic\n|-damage|p2a: Milotic|0 fnt\n|-anim|p1a: Dragapult|Dragon Darts|p2b: Tyranitar\n|-damage|p2b: Tyranitar|37\/100\n|faint|p2a: Milotic\n|move|p2b: Tyranitar|Crunch|p1a: Dragapult\n|-supereffective|p1a: Dragapult\n|-damage|p1a: Dragapult|0 fnt\n|faint|p1a: Dragapult\n|-damage|p2b: Tyranitar|27\/100|[from] item: Life Orb\n|\n|-weather|none\n|-fieldend|move: Psychic Terrain\n|upkeep\n|\n|t:|1700871114\n|switch|p1a: Heatran|Heatran, L50, M|100\/100\n|switch|p2a: Trevenant|Trevenant, L50, M|100\/100\n|turn|6\n|inactive|tiko12 has 30 seconds left.\n|\n|t:|1700871140\n|move|p1b: Indeedee|Follow Me|p1b: Indeedee\n|-singleturn|p1b: Indeedee|move: Follow Me\n|move|p2b: Tyranitar|Stomping Tantrum|p1b: Indeedee\n|-damage|p1b: Indeedee|0 fnt\n|faint|p1b: Indeedee\n|-damage|p2b: Tyranitar|17\/100|[from] item: Life Orb\n|move|p1a: Heatran|Heat Wave|p2b: Tyranitar|[spread] p2a\n|-miss|p1a: Heatran|p2b: Tyranitar\n|-supereffective|p2a: Trevenant\n|-damage|p2a: Trevenant|20\/100\n|-enditem|p2a: Trevenant|Sitrus Berry|[eat]\n|-heal|p2a: Trevenant|45\/100|[from] item: Sitrus Berry\n|move|p2a: Trevenant|Horn Leech|p1a: Heatran\n|-resisted|p1a: Heatran\n|-damage|p1a: Heatran|94\/100\n|-heal|p2a: Trevenant|48\/100|[from] drain|[of] p1a: Heatran\n|\n|-heal|p1a: Heatran|100\/100|[from] item: Leftovers\n|-item|p2a: Trevenant|Sitrus Berry|[from] ability: Harvest\n|upkeep\n|-enditem|p2a: Trevenant|Sitrus Berry|[eat]\n|-heal|p2a: Trevenant|73\/100|[from] item: Sitrus Berry\n|turn|7\n|inactive|lil uzi oak has 30 seconds left.\n|inactive|tiko12 has 30 seconds left.\n|\n|t:|1700871172\n|-terastallize|p1a: Heatran|Flying\n|move|p2b: Tyranitar|Stomping Tantrum|p1a: Heatran\n|-immune|p1a: Heatran\n|move|p1a: Heatran|Heat Wave|p2b: Tyranitar|[spread] p2a,p2b\n|-supereffective|p2a: Trevenant\n|-damage|p2a: Trevenant|0 fnt\n|-damage|p2b: Tyranitar|0 fnt\n|faint|p2a: Trevenant\n|faint|p2b: Tyranitar\n|\n|win|lil uzi oak\n|raw|lil uzi oak's rating: 1143 &rarr; <strong>1162<\/strong><br \/>(+19 for winning)\n|raw|tiko12's rating: 1054 &rarr; <strong>1040<\/strong><br \/>(-14 for losing)\n|l|\u2606tiko12\n","uploadtime":1700871185,"views":2,"p1id":"liluzioak","p2id":"tiko12","formatid":"gen9vgc2023regulatione","rating":1040,"private":0,"password":""}