{"id":"gen9vgc2023regulatione-1998574535","p1":"enterID","p2":"trumoomu","format":"[Gen 9] VGC 2023 Regulation E","log":"|j|\u2606enterID\n|j|\u2606trumoomu\n|t:|1700958181\n|gametype|doubles\n|player|p1|enterID|266|1092\n|player|p2|trumoomu|unknown|1078\n|teamsize|p1|6\n|teamsize|p2|6\n|gen|9\n|tier|[Gen 9] VGC 2023 Regulation E\n|rated|\n|rule|Species Clause: Limit one of each Pok\u00e9mon\n|rule|Item Clause: Limit one of each item\n|clearpoke\n|poke|p1|Golem-Alola, L50, F|\n|poke|p1|Grafaiai, L50, F|\n|poke|p1|Pawmot, L50, F|\n|poke|p1|Sinistcha-Masterpiece, L50|\n|poke|p1|Basculegion, L50, M|\n|poke|p1|Arcanine, L50, M|\n|poke|p2|Rabsca, L50, M|\n|poke|p2|Kingambit, L50, F|\n|poke|p2|Weezing-Galar, L50, F|\n|poke|p2|Golem-Alola, L50, M|\n|poke|p2|Torkoal, L50, F|\n|poke|p2|Ursaluna, L50, M|\n|teampreview|4\ntrumoomu has agreed to open team sheets.\n|inactive|Battle timer is ON: inactive players will automatically lose when time's up. (requested by trumoomu)\n|c|\u2606trumoomu|love your team\n|\n|t:|1700958214\n|start\n|switch|p1a: Pawmot|Pawmot, L50, F|100\/100\n|switch|p1b: Arcanine|Arcanine, L50, M|100\/100\n|switch|p2a: Rabsca|Rabsca, L50, M|100\/100\n|switch|p2b: Golem|Golem-Alola, L50, M, shiny|100\/100\n|-ability|p1b: Arcanine|Intimidate|boost\n|-unboost|p2a: Rabsca|atk|1\n|-unboost|p2b: Golem|atk|1\n|turn|1\n|\n|t:|1700958230\n|move|p2a: Rabsca|Protect|p2a: Rabsca\n|-singleturn|p2a: Rabsca|Protect\n|move|p1a: Pawmot|Fake Out|p2b: Golem\n|-resisted|p2b: Golem\n|-damage|p2b: Golem|96\/100\n|move|p1b: Arcanine|Will-O-Wisp|p2b: Golem\n|-status|p2b: Golem|brn\n|cant|p2b: Golem|flinch\n|\n|-damage|p2b: Golem|90\/100 brn|[from] brn\n|upkeep\n|turn|2\n|\n|t:|1700958252\n|switch|p1a: Grafaiai|Grafaiai, L50, F|100\/100\n|move|p1b: Arcanine|Heat Wave|p2a: Rabsca|[spread] p2b\n|-miss|p1b: Arcanine|p2a: Rabsca\n|-resisted|p2b: Golem\n|-crit|p2b: Golem\n|-damage|p2b: Golem|65\/100 brn\n|move|p2b: Golem|Rock Slide|p1b: Arcanine|[spread] p1a,p1b\n|-supereffective|p1b: Arcanine\n|-damage|p1a: Grafaiai|79\/100\n|-damage|p1b: Arcanine|72\/100\n|-damage|p2b: Golem|56\/100 brn|[from] item: Life Orb\n|move|p2a: Rabsca|Trick Room|p2a: Rabsca\n|-fieldstart|move: Trick Room|[of] p2a: Rabsca\n|\n|-damage|p2b: Golem|50\/100 brn|[from] brn\n|upkeep\n|turn|3\n|inactive|trumoomu has 30 seconds left.\n|\n|t:|1700958277\n|move|p2a: Rabsca|Protect|p2a: Rabsca\n|-singleturn|p2a: Rabsca|Protect\n|move|p1a: Grafaiai|Copycat||[still]\n|-fail|p1a: Grafaiai\n|move|p2b: Golem|Explosion|p1a: Grafaiai|[spread] p1a,p1b\n|-activate|p2a: Rabsca|move: Protect\n|-damage|p1a: Grafaiai|0 fnt\n|-damage|p1b: Arcanine|7\/100\n|-enditem|p1b: Arcanine|Iapapa Berry|[eat]\n|-heal|p1b: Arcanine|40\/100|[from] item: Iapapa Berry\n|faint|p2b: Golem\n|faint|p1a: Grafaiai\n|move|p1b: Arcanine|Heat Wave|p2a: Rabsca\n|-activate|p2a: Rabsca|move: Protect\n|\n|upkeep\n|\n|t:|1700958292\n|switch|p2b: Weezing|Weezing-Galar, L50, F, shiny|100\/100\n|switch|p1a: Pawmot|Pawmot, L50, F|100\/100\n|-fieldstart|move: Misty Terrain|[from] ability: Misty Surge|[of] p2b: Weezing\n|turn|4\n|\n|t:|1700958307\n|move|p1a: Pawmot|Fake Out|p2b: Weezing\n|-damage|p2b: Weezing|87\/100\n|move|p2a: Rabsca|Revival Blessing|p2a: Rabsca\n|-enditem|p2a: Rabsca|Leppa Berry|[eat]\n|-activate|p2a: Rabsca|item: Leppa Berry|Revival Blessing|[consumed]\n|\n|t:|1700958312\n|-heal|p2: Golem|50\/100|[from] move: Revival Blessing\n|move|p1b: Arcanine|Heat Wave|p2a: Rabsca|[spread] p2a,p2b\n|-supereffective|p2a: Rabsca\n|-damage|p2a: Rabsca|53\/100\n|-damage|p2b: Weezing|38\/100\n|cant|p2b: Weezing|flinch\n|\n|upkeep\n|turn|5\n|\n|t:|1700958333\n|move|p2a: Rabsca|Protect|p2a: Rabsca\n|-singleturn|p2a: Rabsca|Protect\n|move|p1b: Arcanine|Heat Wave|p2a: Rabsca|[spread] p2b\n|-activate|p2a: Rabsca|move: Protect\n|-damage|p2b: Weezing|0 fnt\n|faint|p2b: Weezing\n|move|p1a: Pawmot|Double Shock|p2a: Rabsca\n|-activate|p2a: Rabsca|move: Protect\n|\n|upkeep\n|\n|t:|1700958340\n|switch|p2b: Golem|Golem-Alola, L50, M, shiny|50\/100\n|turn|6\n|\n|t:|1700958349\n|move|p2b: Golem|Explosion|p1a: Pawmot|[spread] p1b\n|-activate|p2a: Rabsca|ability: Telepathy\n|-immune|p1a: Pawmot|[from] ability: Volt Absorb\n|-damage|p1b: Arcanine|0 fnt\n|faint|p2b: Golem\n|faint|p1b: Arcanine\n|move|p2a: Rabsca|Revival Blessing|p2a: Rabsca\n|\n|t:|1700958364\n|-heal|p2: Golem|50\/100|[from] move: Revival Blessing\n|switch|p2b: Golem|Golem-Alola, L50, M, shiny|50\/100\n|move|p1a: Pawmot|Revival Blessing|p1a: Pawmot\n|\n|t:|1700958371\n|-heal|p1: Arcanine|50\/100|[from] move: Revival Blessing\n|\n|-fieldend|move: Trick Room\n|upkeep\n|switch|p1b: Arcanine|Arcanine, L50, M|50\/100\n|-ability|p1b: Arcanine|Intimidate|boost\n|-unboost|p2a: Rabsca|atk|1\n|-unboost|p2b: Golem|atk|1\n|turn|7\n|\n|t:|1700958386\n|move|p1a: Pawmot|Close Combat|p2b: Golem\n|-supereffective|p2b: Golem\n|-damage|p2b: Golem|0 fnt\n|-unboost|p1a: Pawmot|def|1\n|-unboost|p1a: Pawmot|spd|1\n|faint|p2b: Golem\n|move|p1b: Arcanine|Bulldoze|p2a: Rabsca|[spread] p1a,p2a\n|-supereffective|p1a: Pawmot\n|-resisted|p2a: Rabsca\n|-damage|p1a: Pawmot|44\/100\n|-damage|p2a: Rabsca|49\/100\n|-unboost|p1a: Pawmot|spe|1\n|-unboost|p2a: Rabsca|spe|1\n|move|p2a: Rabsca|Trick Room|p2a: Rabsca\n|-fieldstart|move: Trick Room|[of] p2a: Rabsca\n|\n|upkeep\n|\n|t:|1700958396\n|switch|p2b: Kingambit|Kingambit, L50, F|100\/100\n|-activate|p2b: Kingambit|ability: Supreme Overlord\n|-start|p2b: Kingambit|fallen4|[silent]\n|turn|8\n|\n|t:|1700958411\n|switch|p1a: Sinistcha|Sinistcha-Masterpiece, L50|100\/100\n|-heal|p1b: Arcanine|75\/100|[from] ability: Hospitality|[of] p1a: Sinistcha\n|move|p2a: Rabsca|Bug Buzz|p1a: Sinistcha\n|-damage|p1a: Sinistcha|67\/100\n|move|p2b: Kingambit|Kowtow Cleave|p1b: Arcanine\n|-damage|p1b: Arcanine|0 fnt\n|faint|p1b: Arcanine\n|\n|-fieldend|Misty Terrain\n|upkeep\n|\n|t:|1700958425\n|switch|p1b: Pawmot|Pawmot, L50, F|44\/100\n|turn|9\n|\n|t:|1700958446\n|move|p1b: Pawmot|Fake Out|p2b: Kingambit\n|-resisted|p2b: Kingambit\n|-damage|p2b: Kingambit|96\/100\n|cant|p2b: Kingambit|flinch\n|move|p2a: Rabsca|Bug Buzz|p1b: Pawmot\n|-resisted|p1b: Pawmot\n|-damage|p1b: Pawmot|9\/100\n|move|p1a: Sinistcha|Nasty Plot|p1a: Sinistcha\n|-boost|p1a: Sinistcha|spa|2\n|\n|upkeep\n|turn|10\n|\n|t:|1700958468\n|move|p2a: Rabsca|Bug Buzz|p1b: Pawmot\n|-resisted|p1b: Pawmot\n|-damage|p1b: Pawmot|0 fnt\n|faint|p1b: Pawmot\n|move|p2b: Kingambit|Kowtow Cleave|p1a: Sinistcha\n|-supereffective|p1a: Sinistcha\n|-damage|p1a: Sinistcha|0 fnt\n|-damage|p2b: Kingambit|80\/100|[from] item: Rocky Helmet|[of] p1a: Sinistcha\n|faint|p1a: Sinistcha\n|\n|win|trumoomu\n|raw|enterID's rating: 1092 &rarr; <strong>1067<\/strong><br \/>(-25 for losing)\n|raw|trumoomu's rating: 1078 &rarr; <strong>1107<\/strong><br \/>(+29 for winning)\n|l|\u2606enterID\n","uploadtime":1700958483,"views":20,"p1id":"enterid","p2id":"trumoomu","formatid":"gen9vgc2023regulatione","rating":1067,"private":0,"password":""}