{"id":"gen9vgc2023regulatione-1989370144","p1":"PacInBlac","p2":"VigVigFan64","format":"[Gen 9] VGC 2023 Regulation E","log":"|j|\u2606PacInBlac\n|j|\u2606VigVigFan64\n|t:|1699841781\n|gametype|doubles\n|player|p1|PacInBlac|hiker-gen4|\n|player|p2|VigVigFan64|swimmerf-gen4|\n|teamsize|p1|6\n|teamsize|p2|6\n|gen|9\n|tier|[Gen 9] VGC 2023 Regulation E\n|rule|Species Clause: Limit one of each Pok\u00e9mon\n|rule|Item Clause: Limit one of each item\n|clearpoke\n|poke|p1|Palafin, L50, F|\n|poke|p1|Pelipper, L50, F|\n|poke|p1|Basculegion, L50, M|\n|poke|p1|Sinistcha, L50|\n|poke|p1|Fezandipiti, L50, M|\n|poke|p1|Garchomp, L50, F|\n|poke|p2|Slaking, L50, M|\n|poke|p2|Weezing-Galar, L50, M|\n|poke|p2|Dusclops, L50, F|\n|poke|p2|Slowking-Galar, L50, F|\n|poke|p2|Meowscarada, L50, M|\n|poke|p2|Dragonite, L50, F|\n|teampreview|4\nVigVigFan64 has agreed to open team sheets.\n|j| Yawnchamp\nPacInBlac has agreed to open team sheets.\n|showteam|p1|Palafin||MysticWater|ZerotoHero|CloseCombat,WaveCrash,JetPunch,Protect|||F|||50|,,,,,Grass]Pelipper||DampRock|Drizzle|Tailwind,Hurricane,HelpingHand,RainDance|||F|||50|,,,,,Ground]Basculegion||LifeOrb|SwiftSwim|AquaJet,LastRespects,WaveCrash,Protect|||M|||50|,,,,,Water]Sinistcha||RockyHelmet|Hospitality|MatchaGotcha,TrickRoom,ShadowBall,RagePowder||||||50|,,,,,Fire]Fezandipiti||CovertCloak|ToxicChain|IcyWind,Hurricane,DazzlingGleam,Venoshock|||M|||50|,,,,,Flying]Garchomp||ClearAmulet|RoughSkin|Earthquake,Protect,RockSlide,SwordsDance|||F|||50|,,,,,Steel\n|showteam|p2|Slaking||AguavBerry|Truant|BodySlam,Earthquake,BulkUp,HeavySlam|||M|||50|,,,,,Ghost]Weezing-Galar||SitrusBerry|NeutralizingGas|WillOWisp,Protect,SludgeBomb,DazzlingGleam|||M|||50|,,,,,Flying]Dusclops||Eviolite|Pressure|SkillSwap,PainSplit,Haze,BrickBreak|||F|||50|,,,,,Normal]Slowking-Galar||BlackSludge|Regenerator|TrickRoom,SludgeBomb,Psychic,IceBeam|||F|||50|,,,,,Dark]Meowscarada||ChoiceBand|Protean|FlowerTrick,SuckerPunch,Uturn,KnockOff|||M|||50|,,,,,Grass]Dragonite||LifeOrb|Multiscale|ExtremeSpeed,AerialAce,DragonClaw,TeraBlast|||F|||50|,,,,,Normal\n|j| fernata\n|\n|t:|1699841847\n|start\n|switch|p1a: Fezandipiti|Fezandipiti, L50, M|100\/100\n|switch|p1b: Sinistcha|Sinistcha, L50|100\/100\n|switch|p2a: epicfh husband|Meowscarada, L50, M|100\/100\n|switch|p2b: fart|Weezing-Galar, L50, M|100\/100\n|-ability|p2b: fart|Neutralizing Gas\n|turn|1\n|\n|t:|1699841889\n|-terastallize|p1b: Sinistcha|Fire\n|move|p2a: epicfh husband|U-turn|p1b: Sinistcha\n|-resisted|p1b: Sinistcha\n|-damage|p1b: Sinistcha|85\/100\n|-damage|p2a: epicfh husband|84\/100|[from] item: Rocky Helmet|[of] p1b: Sinistcha\n|\n|t:|1699841899\n|switch|p2a: mmfmhfmnh|Slowking-Galar, L50, F|100\/100|[from] U-turn\n|move|p1a: Fezandipiti|Icy Wind|p2b: fart|[spread] p2a,p2b\n|-damage|p2a: mmfmhfmnh|93\/100\n|-damage|p2b: fart|93\/100\n|-unboost|p2a: mmfmhfmnh|spe|1\n|-unboost|p2b: fart|spe|1\n|move|p1b: Sinistcha|Shadow Ball|p2a: mmfmhfmnh\n|-supereffective|p2a: mmfmhfmnh\n|-damage|p2a: mmfmhfmnh|19\/100\n|move|p2b: fart|Will-O-Wisp|p1a: Fezandipiti\n|-status|p1a: Fezandipiti|brn\n|\n|-heal|p2a: mmfmhfmnh|25\/100|[from] item: Black Sludge\n|-damage|p1a: Fezandipiti|94\/100 brn|[from] brn\n|upkeep\n|turn|2\n|\n|t:|1699841940\n|switch|p2a: epicfh husband|Meowscarada, L50, M|84\/100\n|move|p1a: Fezandipiti|Hurricane|p2b: fart\n|-damage|p2b: fart|73\/100\n|move|p1b: Sinistcha|Matcha Gotcha|p2a: epicfh husband|[spread] p2b\n|-miss|p1b: Sinistcha|p2a: epicfh husband\n|-resisted|p2b: fart\n|-damage|p2b: fart|57\/100\n|-heal|p1b: Sinistcha|93\/100|[from] drain|[of] p2b: fart\n|move|p2b: fart|Sludge Bomb|p1b: Sinistcha\n|-damage|p1b: Sinistcha|62\/100\n|\n|-damage|p1a: Fezandipiti|88\/100 brn|[from] brn\n|upkeep\n|turn|3\n|\n|t:|1699841986\n|move|p2a: epicfh husband|Knock Off|p1b: Sinistcha\n|-damage|p1b: Sinistcha|2\/100\n|-damage|p2a: epicfh husband|67\/100|[from] item: Rocky Helmet|[of] p1b: Sinistcha\n|-enditem|p1b: Sinistcha|Rocky Helmet|[from] move: Knock Off|[of] p2a: epicfh husband\n|move|p1a: Fezandipiti|Dazzling Gleam|p2b: fart|[spread] p2a,p2b\n|-supereffective|p2a: epicfh husband\n|-resisted|p2b: fart\n|-damage|p2a: epicfh husband|14\/100\n|-damage|p2b: fart|48\/100\n|-enditem|p2b: fart|Sitrus Berry|[eat]\n|-heal|p2b: fart|73\/100|[from] item: Sitrus Berry\n|move|p1b: Sinistcha|Shadow Ball|p2b: fart\n|-damage|p2b: fart|36\/100\n|move|p2b: fart|Sludge Bomb|p1b: Sinistcha\n|-damage|p1b: Sinistcha|0 fnt\n|faint|p1b: Sinistcha\n|\n|-damage|p1a: Fezandipiti|82\/100 brn|[from] brn\n|upkeep\n|\n|t:|1699842008\n|switch|p1b: Garchomp|Garchomp, L50, F|100\/100\n|turn|4\n|\n|t:|1699842038\n|move|p2b: fart|Protect|p2b: fart\n|-singleturn|p2b: fart|Protect\n|move|p2a: epicfh husband|Knock Off|p1b: Garchomp\n|-damage|p1b: Garchomp|28\/100\n|-enditem|p1b: Garchomp|Clear Amulet|[from] move: Knock Off|[of] p2a: epicfh husband\n|move|p1b: Garchomp|Swords Dance|p1b: Garchomp\n|-boost|p1b: Garchomp|atk|2\n|move|p1a: Fezandipiti|Hurricane|p2b: fart\n|-activate|p2b: fart|move: Protect\n|\n|-damage|p1a: Fezandipiti|76\/100 brn|[from] brn\n|upkeep\n|turn|5\n|\n|t:|1699842084\n|move|p1b: Garchomp|Protect|p1b: Garchomp\n|-singleturn|p1b: Garchomp|Protect\n|move|p2a: epicfh husband|Knock Off|p1b: Garchomp\n|-activate|p1b: Garchomp|move: Protect\n|move|p1a: Fezandipiti|Icy Wind|p2b: fart|[spread] p2b\n|-miss|p1a: Fezandipiti|p2a: epicfh husband\n|-damage|p2b: fart|27\/100\n|-unboost|p2b: fart|spe|1\n|move|p2b: fart|Sludge Bomb|p1a: Fezandipiti\n|-damage|p1a: Fezandipiti|52\/100 brn\n|\n|-damage|p1a: Fezandipiti|46\/100 brn|[from] brn\n|upkeep\n|turn|6\n|\n|t:|1699842101\n|move|p1b: Garchomp|Protect|p1b: Garchomp\n|-singleturn|p1b: Garchomp|Protect\n|move|p2a: epicfh husband|Knock Off|p1b: Garchomp\n|-activate|p1b: Garchomp|move: Protect\n|move|p1a: Fezandipiti|Icy Wind|p2b: fart|[spread] p2a,p2b\n|-supereffective|p2a: epicfh husband\n|-crit|p2a: epicfh husband\n|-damage|p2a: epicfh husband|0 fnt\n|-damage|p2b: fart|20\/100\n|-unboost|p2b: fart|spe|1\n|faint|p2a: epicfh husband\n|move|p2b: fart|Sludge Bomb|p1a: Fezandipiti\n|-damage|p1a: Fezandipiti|24\/100 brn\n|\n|-damage|p1a: Fezandipiti|18\/100 brn|[from] brn\n|upkeep\n|\n|t:|1699842115\n|switch|p2a: donkey wife|Dragonite, L50, F|100\/100\n|turn|7\n|\n|t:|1699842125\n|-terastallize|p2a: donkey wife|Normal\n|move|p2a: donkey wife|Extreme Speed|p1b: Garchomp\n|-damage|p1b: Garchomp|0 fnt\n|faint|p1b: Garchomp\n|-damage|p2a: donkey wife|91\/100|[from] item: Life Orb\n|move|p1a: Fezandipiti|Icy Wind|p2b: fart|[spread] p2a,p2b\n|-damage|p2a: donkey wife|82\/100\n|-damage|p2b: fart|13\/100\n|-unboost|p2a: donkey wife|spe|1\n|-unboost|p2b: fart|spe|1\n|move|p2b: fart|Sludge Bomb|p1a: Fezandipiti\n|-damage|p1a: Fezandipiti|0 fnt\n|faint|p1a: Fezandipiti\n|\n|upkeep\n|\n|t:|1699842137\n|switch|p1a: Basculegion|Basculegion, L50, M|100\/100\n|turn|8\n|\n|t:|1699842150\n|move|p1a: Basculegion|Wave Crash|p2a: donkey wife\n|-damage|p2a: donkey wife|0 fnt\n|faint|p2a: donkey wife\n|-damage|p1a: Basculegion|78\/100|[from] Recoil\n|-damage|p1a: Basculegion|68\/100|[from] item: Life Orb\n|move|p2b: fart|Will-O-Wisp|p1a: Basculegion\n|-status|p1a: Basculegion|brn\n|\n|-damage|p1a: Basculegion|62\/100 brn|[from] brn\n|upkeep\n|\n|t:|1699842161\n|switch|p2a: mmfmhfmnh|Slowking-Galar, L50, F|25\/100\n|turn|9\n|c|\u2606VigVigFan64|!weakness basculegion\n|c| VigVigFan64|\/raw <div class=\"infobox\">Basculegion (ignoring abilities):<br \/><span class=\"message-effect-weak\">Weaknesses<\/span>: Dark, Electric, Ghost, Grass<br \/><span class=\"message-effect-resist\">Resistances<\/span>: Bug, Fire, Ice, Poison, Steel, Water<br \/><span class=\"message-effect-immune\">Immunities<\/span>: Fighting, Normal, Trapping<\/div>\n|\n|t:|1699842194\n|move|p1a: Basculegion|Last Respects|p2a: mmfmhfmnh\n|-supereffective|p2a: mmfmhfmnh\n|-damage|p2a: mmfmhfmnh|0 fnt\n|faint|p2a: mmfmhfmnh\n|-damage|p1a: Basculegion|52\/100 brn|[from] item: Life Orb\n|move|p2b: fart|Dazzling Gleam|p1a: Basculegion\n|-damage|p1a: Basculegion|25\/100 brn\n|\n|-damage|p1a: Basculegion|19\/100 brn|[from] brn\n|upkeep\n|turn|10\n|\n|t:|1699842207\n|move|p2b: fart|Protect|p2b: fart\n|-singleturn|p2b: fart|Protect\n|move|p1a: Basculegion|Last Respects|p2b: fart\n|-activate|p2b: fart|move: Protect\n|\n|-damage|p1a: Basculegion|13\/100 brn|[from] brn\n|upkeep\n|turn|11\n|\n|t:|1699842215\n|move|p2b: fart|Protect|p2b: fart\n|-singleturn|p2b: fart|Protect\n|move|p1a: Basculegion|Last Respects|p2b: fart\n|-activate|p2b: fart|move: Protect\n|\n|-damage|p1a: Basculegion|7\/100 brn|[from] brn\n|upkeep\n|turn|12\n|\n|t:|1699842221\n|move|p2b: fart|Protect|p2b: fart\n|-singleturn|p2b: fart|Protect\n|move|p1a: Basculegion|Last Respects|p2b: fart\n|-activate|p2b: fart|move: Protect\n|\n|-damage|p1a: Basculegion|1\/100 brn|[from] brn\n|upkeep\n|turn|13\n|c|\u2606VigVigFan64|LMAO\n|\n|t:|1699842228\n|move|p2b: fart|Protect||[still]\n|-fail|p2b: fart\n|move|p1a: Basculegion|Last Respects|p2b: fart\n|-damage|p2b: fart|0 fnt\n|faint|p2b: fart\n|-end|p2b: fart|ability: Neutralizing Gas\n|-damage|p1a: Basculegion|0 fnt|[from] item: Life Orb\n|faint|p1a: Basculegion\n|\n|win|PacInBlac\n|c|\u2606PacInBlac|oh my god the triple\n|c|\u2606VigVigFan64|gg\n|c|\u2606PacInBlac|gg\n","uploadtime":1699842238,"views":45,"p1id":"pacinblac","p2id":"vigvigfan64","formatid":"gen9vgc2023regulatione","rating":0,"private":0,"password":""}