{"id":"gen9vgc2023regulatione-1989420315","p1":"BrokenFairyKing","p2":"Lbbones","format":"[Gen 9] VGC 2023 Regulation E","log":"|j|\u2606BrokenFairyKing\n|j|\u2606Lbbones\n|n|\u2606BrokenFairyKing|brokenfairyking\n|n|\u2606Lbbones|lbbones\n|html|View the match progress at <a href=\"\/game-bestof3-gen9vgc2023regulatione-1989418814\">game-bestof3-gen9vgc2023regulatione-1989418814<\/a>\n|t:|1699847977\n|gametype|doubles\n|player|p1|BrokenFairyKing|harlequin|\n|player|p2|Lbbones|169|\n|teamsize|p1|6\n|teamsize|p2|6\n|gen|9\n|tier|[Gen 9] VGC 2023 Regulation E\n|rule|Species Clause: Limit one of each Pok\u00e9mon\n|rule|Item Clause: Limit one of each item\n|clearpoke\n|poke|p1|Ursaluna-Bloodmoon, L50, M|\n|poke|p1|Oranguru, L50, M|\n|poke|p1|Dusclops, L50, M|\n|poke|p1|Ogerpon-Wellspring, L50, F|\n|poke|p1|Trevenant, L50, M|\n|poke|p1|Iron Hands, L50|\n|poke|p2|Tornadus, L50, M|\n|poke|p2|Mamoswine, L50, M|\n|poke|p2|Flutter Mane, L50|\n|poke|p2|Chi-Yu, L50|\n|poke|p2|Ogerpon-Wellspring, L50, F|\n|poke|p2|Iron Hands, L50|\n|teampreview|4\n|inactive|Battle timer is ON: inactive players will automatically lose when time's up. (requested by BrokenFairyKing)\n|\n|t:|1699848003\n|start\n|switch|p1a: Oranguru|Oranguru, L50, M|100\/100\n|switch|p1b: Ogerpon|Ogerpon-Wellspring, L50, F|100\/100\n|switch|p2a: Tornadus|Tornadus, L50, M|100\/100\n|switch|p2b: Ogerpon|Ogerpon-Wellspring, L50, F|100\/100\n|turn|1\n|\n|t:|1699848030\n|move|p2b: Ogerpon|Follow Me|p2b: Ogerpon\n|-singleturn|p2b: Ogerpon|move: Follow Me\n|move|p2a: Tornadus|Taunt|p1a: Oranguru\n|-start|p1a: Oranguru|move: Taunt\n|-enditem|p1a: Oranguru|Mental Herb\n|-end|p1a: Oranguru|move: Taunt\n|move|p1b: Ogerpon|Ivy Cudgel|p2b: Ogerpon\n|-immune|p2b: Ogerpon|[from] ability: Water Absorb\n|move|p1a: Oranguru|Trick Room|p1a: Oranguru\n|-fieldstart|move: Trick Room|[of] p1a: Oranguru\n|\n|upkeep\n|turn|2\n|\n|t:|1699848052\n|switch|p1b: Ursaluna|Ursaluna-Bloodmoon, L50, M|100\/100\n|move|p2a: Tornadus|Taunt|p1a: Oranguru\n|-start|p1a: Oranguru|move: Taunt\n|cant|p1a: Oranguru|move: Taunt|Taunt\n|move|p2b: Ogerpon|Wood Hammer|p1b: Ursaluna\n|-supereffective|p1b: Ursaluna\n|-damage|p1b: Ursaluna|0 fnt\n|faint|p1b: Ursaluna\n|-damage|p2b: Ogerpon|59\/100|[from] Recoil\n|\n|upkeep\n|\n|t:|1699848065\n|switch|p1b: Ogerpon|Ogerpon-Wellspring, L50, F|100\/100\n|turn|3\n|\n|t:|1699848079\n|move|p1a: Oranguru|Psychic|p2b: Ogerpon\n|-damage|p2b: Ogerpon|28\/100\n|move|p1b: Ogerpon|Horn Leech|p2b: Ogerpon\n|-damage|p2b: Ogerpon|0 fnt\n|faint|p2b: Ogerpon\n|move|p2a: Tornadus|Bleakwind Storm|p1b: Ogerpon|[spread] p1a\n|-miss|p2a: Tornadus|p1b: Ogerpon\n|-damage|p1a: Oranguru|75\/100\n|\n|upkeep\n|\n|t:|1699848092\n|switch|p2b: Flutter Mane|Flutter Mane, L50|100\/100\n|turn|4\n|\n|t:|1699848102\n|-terastallize|p1b: Ogerpon|Water\n|detailschange|p1b: Ogerpon|Ogerpon-Wellspring-Tera, L50, F, tera:Water\n|-ability|p1b: Ogerpon|Embody Aspect (Wellspring)|boost\n|-boost|p1b: Ogerpon|spd|1\n|-terastallize|p2b: Flutter Mane|Fairy\n|move|p2a: Tornadus|Sunny Day|p2a: Tornadus\n|-weather|SunnyDay\n|-activate|p2b: Flutter Mane|ability: Protosynthesis\n|-start|p2b: Flutter Mane|protosynthesisspe\n|move|p1a: Oranguru|Psychic|p2a: Tornadus\n|-damage|p2a: Tornadus|69\/100\n|move|p1b: Ogerpon|Ivy Cudgel|p2b: Flutter Mane\n|-damage|p2b: Flutter Mane|55\/100\n|move|p2b: Flutter Mane|Dazzling Gleam|p1a: Oranguru|[spread] p1a,p1b\n|-damage|p1a: Oranguru|40\/100\n|-damage|p1b: Ogerpon|77\/100\n|\n|-weather|SunnyDay|[upkeep]\n|-end|p1a: Oranguru|move: Taunt\n|upkeep\n|turn|5\n|inactive|BrokenFairyKing has 30 seconds left.\n|inactive|Lbbones has 30 seconds left.\n|\n|t:|1699848134\n|switch|p1a: Iron Hands|Iron Hands, L50|100\/100\n|move|p1b: Ogerpon|Horn Leech|p2b: Flutter Mane\n|-damage|p2b: Flutter Mane|0 fnt\n|-heal|p1b: Ogerpon|99\/100|[from] drain|[of] p2b: Flutter Mane\n|faint|p2b: Flutter Mane\n|-end|p2b: Flutter Mane|Protosynthesis|[silent]\n|move|p2a: Tornadus|Bleakwind Storm|p1b: Ogerpon|[spread] p1b\n|-miss|p2a: Tornadus|p1a: Iron Hands\n|-damage|p1b: Ogerpon|81\/100\n|\n|-weather|SunnyDay|[upkeep]\n|-fieldend|move: Trick Room\n|upkeep\n|\n|t:|1699848148\n|switch|p2b: Chi-Yu|Chi-Yu, L50|100\/100\n|-ability|p2b: Chi-Yu|Beads of Ruin\n|turn|6\n|\n|t:|1699848159\n|move|p2a: Tornadus|Tailwind|p2a: Tornadus\n|-sidestart|p2: Lbbones|move: Tailwind\n|move|p2b: Chi-Yu|Heat Wave|p1a: Iron Hands|[spread] p1a,p1b\n|-resisted|p1b: Ogerpon\n|-damage|p1a: Iron Hands|52\/100\n|-damage|p1b: Ogerpon|55\/100\n|-damage|p2b: Chi-Yu|91\/100|[from] item: Life Orb\n|move|p1b: Ogerpon|Ivy Cudgel|p2b: Chi-Yu\n|-supereffective|p2b: Chi-Yu\n|-damage|p2b: Chi-Yu|0 fnt\n|faint|p2b: Chi-Yu\n|move|p1a: Iron Hands|Wild Charge|p2a: Tornadus\n|-supereffective|p2a: Tornadus\n|-damage|p2a: Tornadus|0 fnt\n|faint|p2a: Tornadus\n|-damage|p1a: Iron Hands|39\/100|[from] Recoil\n|\n|win|BrokenFairyKing\n","uploadtime":1699848179,"views":18,"p1id":"brokenfairyking","p2id":"lbbones","formatid":"gen9vgc2023regulatione","rating":0,"private":0,"password":""}