{"id":"gen9vgc2023regulatione-1999933728","p1":"randomacctest","p2":"E.E.E Guzma","format":"[Gen 9] VGC 2023 Regulation E","log":"|j|\u2606randomacctest\n|j|\u2606E.E.E Guzma\n|t:|1701131749\n|gametype|doubles\n|player|p1|randomacctest|169|1277\n|player|p2|E.E.E Guzma|guzma|1324\n|teamsize|p1|6\n|teamsize|p2|6\n|gen|9\n|tier|[Gen 9] VGC 2023 Regulation E\n|rated|\n|rule|Species Clause: Limit one of each Pok\u00e9mon\n|rule|Item Clause: Limit one of each item\n|clearpoke\n|poke|p1|Roaring Moon, L50|\n|poke|p1|Gothitelle, L50, M|\n|poke|p1|Weezing, L50, F|\n|poke|p1|Flutter Mane, L50|\n|poke|p1|Kingambit, L50, F|\n|poke|p1|Arcanine-Hisui, L50, M|\n|poke|p2|Chi-Yu, L50|\n|poke|p2|Tornadus, L50, M|\n|poke|p2|Ogerpon-Wellspring, L50, F|\n|poke|p2|Iron Bundle, L50|\n|poke|p2|Indeedee-F, L50, F|\n|poke|p2|Flutter Mane, L50|\n|teampreview|4\n|inactive|Battle timer is ON: inactive players will automatically lose when time's up. (requested by E.E.E Guzma)\n|inactive|E.E.E Guzma has 60 seconds left.\n|\n|t:|1701131793\n|start\n|switch|p1a: Roaring Moon|Roaring Moon, L50, shiny|100\/100\n|switch|p1b: Weezing|Weezing, L50, F, shiny|100\/100\n|switch|p2a: Ogerpon|Ogerpon-Wellspring, L50, F|100\/100\n|switch|p2b: Iron Bundle|Iron Bundle, L50|100\/100\n|-ability|p1b: Weezing|Neutralizing Gas\n|-enditem|p2b: Iron Bundle|Booster Energy\n|-activate|p2b: Iron Bundle|ability: Quark Drive|[fromitem]\n|-start|p2b: Iron Bundle|quarkdrivespe\n|-enditem|p1a: Roaring Moon|Booster Energy\n|-activate|p1a: Roaring Moon|ability: Protosynthesis|[fromitem]\n|-start|p1a: Roaring Moon|protosynthesisspe\n|turn|1\n|inactive|randomacctest has 30 seconds left.\n|\n|t:|1701131819\n|-terastallize|p2a: Ogerpon|Water\n|detailschange|p2a: Ogerpon|Ogerpon-Wellspring-Tera, L50, F, tera:Water\n|move|p1a: Roaring Moon|Protect|p1a: Roaring Moon\n|-singleturn|p1a: Roaring Moon|Protect\n|move|p2b: Iron Bundle|Icy Wind|p1a: Roaring Moon|[spread] p1b\n|-activate|p1a: Roaring Moon|move: Protect\n|-damage|p1b: Weezing|81\/100\n|-unboost|p1b: Weezing|spe|1\n|move|p2a: Ogerpon|Swords Dance|p2a: Ogerpon\n|-boost|p2a: Ogerpon|atk|2\n|move|p1b: Weezing|Will-O-Wisp|p2a: Ogerpon\n|-status|p2a: Ogerpon|brn\n|\n|-heal|p1b: Weezing|87\/100|[from] item: Leftovers\n|-damage|p2a: Ogerpon|95\/100 brn|[from] brn\n|upkeep\n|turn|2\n|\n|t:|1701131840\n|-end|p1a: Roaring Moon|Protosynthesis|[silent]\n|switch|p1a: Gothitelle|Gothitelle, L50, M, shiny|100\/100\n|-end|p1b: Weezing|ability: Neutralizing Gas\n|-ability|p2a: Ogerpon|Embody Aspect (Wellspring)|boost\n|-boost|p2a: Ogerpon|spd|1\n|switch|p1b: Kingambit|Kingambit, L50, F, shiny|100\/100\n|move|p2b: Iron Bundle|Encore||[still]\n|-fail|p2b: Iron Bundle\n|move|p2a: Ogerpon|Swords Dance|p2a: Ogerpon\n|-boost|p2a: Ogerpon|atk|2\n|\n|-damage|p2a: Ogerpon|89\/100 brn|[from] brn\n|upkeep\n|turn|3\n|inactive|randomacctest has 30 seconds left.\n|\n|t:|1701131865\n|move|p2b: Iron Bundle|Protect|p2b: Iron Bundle\n|-singleturn|p2b: Iron Bundle|Protect\n|move|p2a: Ogerpon|Spiky Shield|p2a: Ogerpon\n|-singleturn|p2a: Ogerpon|move: Protect\n|move|p1b: Kingambit|Kowtow Cleave|p2a: Ogerpon\n|-activate|p2a: Ogerpon|move: Protect\n|-damage|p1b: Kingambit|88\/100|[from] Spiky Shield|[of] p2a: Ogerpon\n|move|p1a: Gothitelle|Trick Room|p1a: Gothitelle\n|-fieldstart|move: Trick Room|[of] p1a: Gothitelle\n|\n|-damage|p2a: Ogerpon|83\/100 brn|[from] brn\n|upkeep\n|turn|4\n|\n|t:|1701131885\n|move|p1b: Kingambit|Kowtow Cleave|p2a: Ogerpon\n|-damage|p2a: Ogerpon|28\/100 brn\n|move|p1a: Gothitelle|Psychic|p2a: Ogerpon\n|-damage|p2a: Ogerpon|9\/100 brn\n|-unboost|p2a: Ogerpon|spd|1\n|move|p2a: Ogerpon|Ivy Cudgel|p1b: Kingambit|[anim] Ivy Cudgel Water\n|-damage|p1b: Kingambit|15\/100\n|move|p2b: Iron Bundle|Encore|p1a: Gothitelle\n|-start|p1a: Gothitelle|Encore\n|\n|-damage|p2a: Ogerpon|3\/100 brn|[from] brn\n|upkeep\n|turn|5\n|\n|t:|1701131903\n|move|p2b: Iron Bundle|Protect|p2b: Iron Bundle\n|-singleturn|p2b: Iron Bundle|Protect\n|move|p1b: Kingambit|Low Kick|p2b: Iron Bundle\n|-activate|p2b: Iron Bundle|move: Protect\n|move|p1a: Gothitelle|Psychic|p2a: Ogerpon\n|-damage|p2a: Ogerpon|0 fnt\n|faint|p2a: Ogerpon\n|\n|upkeep\n|\n|t:|1701131916\n|switch|p2a: Flutter Mane|Flutter Mane, L50|100\/100\n|turn|6\n|inactive|E.E.E Guzma has 30 seconds left.\n|\n|t:|1701131949\n|move|p1b: Kingambit|Iron Head|p2a: Flutter Mane\n|-supereffective|p2a: Flutter Mane\n|-enditem|p2a: Flutter Mane|Focus Sash\n|-damage|p2a: Flutter Mane|1\/100\n|move|p1a: Gothitelle|Psychic|p2a: Flutter Mane\n|-damage|p2a: Flutter Mane|0 fnt\n|faint|p2a: Flutter Mane\n|-end|p2a: Flutter Mane|Protosynthesis|[silent]\n|move|p2b: Iron Bundle|Freeze-Dry|p1b: Kingambit\n|-resisted|p1b: Kingambit\n|-damage|p1b: Kingambit|6\/100\n|\n|upkeep\n|\n|t:|1701131959\n|switch|p2a: Chi-Yu|Chi-Yu, L50|100\/100\n|-ability|p2a: Chi-Yu|Beads of Ruin\n|turn|7\n|\n|t:|1701131983\n|switch|p1a: Weezing|Weezing, L50, F, shiny|87\/100\n|-ability|p1a: Weezing|Neutralizing Gas\n|move|p2a: Chi-Yu|Protect|p2a: Chi-Yu\n|-singleturn|p2a: Chi-Yu|Protect\n|move|p2b: Iron Bundle|Protect|p2b: Iron Bundle\n|-singleturn|p2b: Iron Bundle|Protect\n|move|p1b: Kingambit|Low Kick|p2a: Chi-Yu\n|-activate|p2a: Chi-Yu|move: Protect\n|\n|-heal|p1a: Weezing|93\/100|[from] item: Leftovers\n|-fieldend|move: Trick Room\n|upkeep\n|turn|8\n|inactive|randomacctest has 30 seconds left.\n|\n|t:|1701132008\n|move|p1b: Kingambit|Sucker Punch|p2b: Iron Bundle\n|-damage|p2b: Iron Bundle|54\/100\n|move|p2b: Iron Bundle|Freeze-Dry|p1b: Kingambit\n|-resisted|p1b: Kingambit\n|-damage|p1b: Kingambit|0 fnt\n|faint|p1b: Kingambit\n|move|p2a: Chi-Yu|Overheat|p1a: Weezing\n|-damage|p1a: Weezing|0 fnt\n|-unboost|p2a: Chi-Yu|spa|2\n|faint|p1a: Weezing\n|-end|p1a: Weezing|ability: Neutralizing Gas\n|-ability|p2a: Chi-Yu|Beads of Ruin\n|-damage|p2a: Chi-Yu|91\/100|[from] item: Life Orb\n|\n|upkeep\n|\n|t:|1701132025\n|switch|p1a: Roaring Moon|Roaring Moon, L50, shiny|100\/100\n|switch|p1b: Gothitelle|Gothitelle, L50, M, shiny|100\/100\n|turn|9\n|inactive|randomacctest has 30 seconds left.\n|\n|t:|1701132050\n|-terastallize|p1b: Gothitelle|Dragon\n|move|p2b: Iron Bundle|Protect|p2b: Iron Bundle\n|-singleturn|p2b: Iron Bundle|Protect\n|move|p1a: Roaring Moon|Tailwind|p1a: Roaring Moon\n|-sidestart|p1: randomacctest|move: Tailwind\n|move|p1b: Gothitelle|Psychic|p2b: Iron Bundle\n|-activate|p2b: Iron Bundle|move: Protect\n|move|p2a: Chi-Yu|Snarl|p1a: Roaring Moon|[spread] p1a,p1b\n|-resisted|p1a: Roaring Moon\n|-damage|p1a: Roaring Moon|92\/100\n|-damage|p1b: Gothitelle|86\/100\n|-unboost|p1a: Roaring Moon|spa|1\n|-unboost|p1b: Gothitelle|spa|1\n|-damage|p2a: Chi-Yu|81\/100|[from] item: Life Orb\n|\n|upkeep\n|turn|10\n|inactive|randomacctest has 30 seconds left.\n|inactive|E.E.E Guzma has 30 seconds left.\n|\n|t:|1701132077\n|move|p1a: Roaring Moon|Acrobatics|p2b: Iron Bundle\n|-damage|p2b: Iron Bundle|15\/100\n|move|p2b: Iron Bundle|Encore|p1a: Roaring Moon\n|-start|p1a: Roaring Moon|Encore\n|move|p1b: Gothitelle|Psychic|p2b: Iron Bundle\n|-damage|p2b: Iron Bundle|0 fnt\n|faint|p2b: Iron Bundle\n|-end|p2b: Iron Bundle|Quark Drive|[silent]\n|move|p2a: Chi-Yu|Snarl|p1b: Gothitelle|[spread] p1a,p1b\n|-resisted|p1a: Roaring Moon\n|-damage|p1a: Roaring Moon|83\/100\n|-damage|p1b: Gothitelle|72\/100\n|-unboost|p1a: Roaring Moon|spa|1\n|-unboost|p1b: Gothitelle|spa|1\n|-damage|p2a: Chi-Yu|71\/100|[from] item: Life Orb\n|\n|upkeep\n|turn|11\n|\n|t:|1701132096\n|move|p1b: Gothitelle|Protect|p1b: Gothitelle\n|-singleturn|p1b: Gothitelle|Protect\n|move|p1a: Roaring Moon|Acrobatics|p2a: Chi-Yu\n|-damage|p2a: Chi-Yu|16\/100\n|move|p2a: Chi-Yu|Overheat|p1a: Roaring Moon\n|-resisted|p1a: Roaring Moon\n|-damage|p1a: Roaring Moon|53\/100\n|-unboost|p2a: Chi-Yu|spa|2\n|-damage|p2a: Chi-Yu|6\/100|[from] item: Life Orb\n|\n|upkeep\n|turn|12\n|-message|E.E.E Guzma forfeited.\n|\n|win|randomacctest\n|raw|randomacctest's rating: 1277 &rarr; <strong>1305<\/strong><br \/>(+28 for winning)\n|raw|E.E.E Guzma's rating: 1324 &rarr; <strong>1301<\/strong><br \/>(-23 for losing)\n|l|\u2606E.E.E Guzma\n","uploadtime":1701132124,"views":6,"p1id":"randomacctest","p2id":"eeeguzma","formatid":"gen9vgc2023regulatione","rating":1301,"private":0,"password":""}