{"id":"gen9vgc2023regulatione-1988200888","p1":"NotSwitch417","p2":"FatefulRequiem","format":"[Gen 9] VGC 2023 Regulation E","log":"|j|\u2606NotSwitch417\n|j|\u2606FatefulRequiem\n|t:|1699684113\n|gametype|doubles\n|player|p1|NotSwitch417|iris-gen5bw2|\n|player|p2|FatefulRequiem|lucas-gen4pt|\n|teamsize|p1|6\n|teamsize|p2|6\n|gen|9\n|tier|[Gen 9] VGC 2023 Regulation E\n|rule|Species Clause: Limit one of each Pok\u00e9mon\n|rule|Item Clause: Limit one of each item\n|clearpoke\n|poke|p1|Overqwil, L50, M|\n|poke|p1|Thundurus-Therian, L50, M|\n|poke|p1|Politoed, L50, F|\n|poke|p1|Basculegion, L50, M|\n|poke|p1|Brute Bonnet, L50|\n|poke|p1|Frosmoth, L50, F|\n|poke|p2|Illumise, L50, F|\n|poke|p2|Ogerpon-Hearthflame, L50, F|\n|poke|p2|Ursaluna, L50, M|\n|poke|p2|Indeedee-F, L50, F|\n|poke|p2|Poliwrath, L50, F|\n|poke|p2|Roaring Moon, L50|\n|teampreview|4\n|j| DozenSBU\n|j| Burnerv2\n|\n|t:|1699684178\n|start\n|switch|p1a: Politoed|Politoed, L50, F|100\/100\n|switch|p1b: Overqwil|Overqwil, L50, M|100\/100\n|switch|p2a: Indeedee|Indeedee-F, L50, F|100\/100\n|switch|p2b: Poliwrath|Poliwrath, L50, F|100\/100\n|-ability|p1b: Overqwil|Intimidate|boost\n|-unboost|p2a: Indeedee|atk|1\n|-unboost|p2b: Poliwrath|atk|1\n|-fieldstart|move: Psychic Terrain|[from] ability: Psychic Surge|[of] p2a: Indeedee\n|-weather|RainDance|[from] ability: Drizzle|[of] p1a: Politoed\n|turn|1\n|\n|t:|1699684212\n|-terastallize|p2a: Indeedee|Dragon\n|move|p2a: Indeedee|Follow Me|p2a: Indeedee\n|-singleturn|p2a: Indeedee|move: Follow Me\n|move|p2b: Poliwrath|Belly Drum|p2b: Poliwrath\n|-damage|p2b: Poliwrath|50\/100\n|-setboost|p2b: Poliwrath|atk|6|[from] move: Belly Drum\n|-enditem|p2b: Poliwrath|Sitrus Berry|[eat]\n|-heal|p2b: Poliwrath|75\/100|[from] item: Sitrus Berry\n|move|p1b: Overqwil|Crunch|p2a: Indeedee\n|-damage|p2a: Indeedee|60\/100\n|move|p1a: Politoed|Muddy Water|p2a: Indeedee|[spread] p2a,p2b\n|-resisted|p2a: Indeedee\n|-resisted|p2b: Poliwrath\n|-damage|p2a: Indeedee|44\/100\n|-damage|p2b: Poliwrath|58\/100\n|-unboost|p2b: Poliwrath|accuracy|1\n|\n|-weather|RainDance|[upkeep]\n|upkeep\n|turn|2\n|\n|t:|1699684244\n|move|p1b: Overqwil|Protect|p1b: Overqwil\n|-singleturn|p1b: Overqwil|Protect\n|move|p2a: Indeedee|Follow Me|p2a: Indeedee\n|-singleturn|p2a: Indeedee|move: Follow Me\n|move|p2b: Poliwrath|Drain Punch|p1b: Overqwil\n|-activate|p1b: Overqwil|move: Protect\n|move|p1a: Politoed|Perish Song|p1a: Politoed\n|-start|p1a: Politoed|perish3|[silent]\n|-start|p1b: Overqwil|perish3|[silent]\n|-start|p2a: Indeedee|perish3|[silent]\n|-start|p2b: Poliwrath|perish3|[silent]\n|-fieldactivate|move: Perish Song\n|\n|-weather|RainDance|[upkeep]\n|-start|p2b: Poliwrath|perish3\n|-start|p1b: Overqwil|perish3\n|-start|p2a: Indeedee|perish3\n|-start|p1a: Politoed|perish3\n|upkeep\n|turn|3\n|\n|t:|1699684276\n|switch|p1b: Basculegion|Basculegion, L50, M|100\/100\n|move|p2a: Indeedee|Follow Me|p2a: Indeedee\n|-singleturn|p2a: Indeedee|move: Follow Me\n|move|p2b: Poliwrath|Drain Punch|p1b: Basculegion\n|-immune|p1b: Basculegion\n|move|p1a: Politoed|Muddy Water|p2b: Poliwrath|[spread] p2b\n|-miss|p1a: Politoed|p2a: Indeedee\n|-resisted|p2b: Poliwrath\n|-damage|p2b: Poliwrath|40\/100\n|-unboost|p2b: Poliwrath|accuracy|1\n|\n|-weather|RainDance|[upkeep]\n|-start|p2b: Poliwrath|perish2\n|-start|p2a: Indeedee|perish2\n|-start|p1a: Politoed|perish2\n|upkeep\n|turn|4\n|\n|t:|1699684306\n|switch|p1a: Overqwil|Overqwil, L50, M|100\/100\n|-ability|p1a: Overqwil|Intimidate|boost\n|-unboost|p2a: Indeedee|atk|1\n|-unboost|p2b: Poliwrath|atk|1\n|move|p1b: Basculegion|Protect|p1b: Basculegion\n|-singleturn|p1b: Basculegion|Protect\n|move|p2b: Poliwrath|Baton Pass|p2b: Poliwrath\n|\n|t:|1699684313\n|switch|p2b: Ursaluna|Ursaluna, L50, M|100\/100|[from] Baton Pass\n|move|p2a: Indeedee|Trick Room|p2a: Indeedee\n|-fieldstart|move: Trick Room|[of] p2a: Indeedee\n|\n|-weather|RainDance|[upkeep]\n|-start|p2b: Ursaluna|perish1\n|-start|p2a: Indeedee|perish1\n|-status|p2b: Ursaluna|brn|[from] item: Flame Orb\n|upkeep\n|turn|5\n|\n|t:|1699684353\n|switch|p2b: Poliwrath|Poliwrath, L50, F|40\/100\n|switch|p1b: Politoed|Politoed, L50, F|100\/100\n|move|p1a: Overqwil|Protect|p1a: Overqwil\n|-singleturn|p1a: Overqwil|Protect\n|move|p2a: Indeedee|Heal Pulse|p2b: Poliwrath\n|-heal|p2b: Poliwrath|90\/100\n|\n|-weather|none\n|-start|p2a: Indeedee|perish0\n|faint|p2a: Indeedee\n|-fieldend|move: Psychic Terrain\n|upkeep\n|\n|t:|1699684363\n|switch|p2a: Ursaluna|Ursaluna, L50, M|100\/100 brn\n|turn|6\n|\n|t:|1699684386\n|move|p1b: Politoed|Muddy Water|p2b: Poliwrath|[spread] p2a,p2b\n|-supereffective|p2a: Ursaluna\n|-resisted|p2b: Poliwrath\n|-damage|p2a: Ursaluna|67\/100 brn\n|-damage|p2b: Poliwrath|80\/100\n|-unboost|p2b: Poliwrath|accuracy|1\n|move|p2a: Ursaluna|Facade|p1b: Politoed\n|-damage|p1b: Politoed|0 fnt\n|faint|p1b: Politoed\n|move|p2b: Poliwrath|Knock Off|p1a: Overqwil\n|-resisted|p1a: Overqwil\n|-damage|p1a: Overqwil|85\/100\n|-enditem|p1a: Overqwil|Shuca Berry|[from] move: Knock Off|[of] p2b: Poliwrath\n|move|p1a: Overqwil|Poison Jab|p2b: Poliwrath\n|-damage|p2b: Poliwrath|41\/100\n|\n|-damage|p2a: Ursaluna|61\/100 brn|[from] brn\n|upkeep\n|\n|t:|1699684408\n|switch|p1b: Frosmoth|Frosmoth, L50, F|100\/100\n|turn|7\n|\n|t:|1699684438\n|switch|p1a: Basculegion|Basculegion, L50, M|100\/100\n|-terastallize|p1b: Frosmoth|Ghost\n|move|p2a: Ursaluna|Rock Slide|p1b: Frosmoth|[spread] p1a,p1b\n|-damage|p1a: Basculegion|65\/100\n|-damage|p1b: Frosmoth|49\/100\n|move|p1b: Frosmoth|Ice Beam|p2a: Ursaluna\n|-supereffective|p2a: Ursaluna\n|-damage|p2a: Ursaluna|0 fnt\n|faint|p2a: Ursaluna\n|move|p2b: Poliwrath|Drain Punch|p1b: Frosmoth\n|-immune|p1b: Frosmoth\n|\n|upkeep\n|j| Fleechi\n|\n|t:|1699684450\n|switch|p2a: Ogerpon|Ogerpon-Hearthflame, L50, F|100\/100\n|-ability|p2a: Ogerpon|Mold Breaker\n|turn|8\n|j| Toxic Chain\n|l| Fleechi\n|\n|t:|1699684506\n|switch|p1a: Overqwil|Overqwil, L50, M|85\/100\n|-ability|p1a: Overqwil|Intimidate|boost\n|-unboost|p2a: Ogerpon|atk|1\n|-unboost|p2b: Poliwrath|atk|1\n|move|p1b: Frosmoth|Ice Beam|p2b: Poliwrath\n|-resisted|p2b: Poliwrath\n|-damage|p2b: Poliwrath|17\/100\n|move|p2b: Poliwrath|Knock Off|p1b: Frosmoth\n|-supereffective|p1b: Frosmoth\n|-damage|p1b: Frosmoth|0 fnt\n|-enditem|p1b: Frosmoth|Expert Belt|[from] move: Knock Off|[of] p2b: Poliwrath\n|faint|p1b: Frosmoth\n|move|p2a: Ogerpon|Wood Hammer|p1a: Overqwil\n|-resisted|p1a: Overqwil\n|-damage|p1a: Overqwil|61\/100\n|-damage|p2a: Ogerpon|92\/100|[from] Recoil\n|\n|-fieldend|move: Trick Room\n|upkeep\n|\n|t:|1699684521\n|switch|p1b: Basculegion|Basculegion, L50, M|65\/100\n|turn|9\n|\n|t:|1699684531\n|move|p1b: Basculegion|Protect|p1b: Basculegion\n|-singleturn|p1b: Basculegion|Protect\n|move|p2a: Ogerpon|Follow Me|p2a: Ogerpon\n|-singleturn|p2a: Ogerpon|move: Follow Me\n|move|p1a: Overqwil|Poison Jab|p2a: Ogerpon\n|-supereffective|p2a: Ogerpon\n|-damage|p2a: Ogerpon|0 fnt\n|faint|p2a: Ogerpon\n|move|p2b: Poliwrath|Drain Punch|p1a: Overqwil\n|-damage|p1a: Overqwil|37\/100\n|-heal|p2b: Poliwrath|28\/100|[from] drain|[of] p1a: Overqwil\n|\n|upkeep\n|turn|10\n|\n|t:|1699684547\n|move|p1b: Basculegion|Aqua Jet|p2b: Poliwrath\n|-resisted|p2b: Poliwrath\n|-damage|p2b: Poliwrath|12\/100\n|move|p1a: Overqwil|Poison Jab|p2b: Poliwrath\n|-damage|p2b: Poliwrath|0 fnt\n|faint|p2b: Poliwrath\n|\n|win|NotSwitch417\n|j| Fleechi\n|l|\u2606FatefulRequiem\n|l| Fleechi\n|l|\u2606NotSwitch417\n","uploadtime":1699684556,"views":18,"p1id":"notswitch417","p2id":"fatefulrequiem","formatid":"gen9vgc2023regulatione","rating":0,"private":0,"password":""}