{"id":"gen9vgc2023regulatione-1989133273","p1":"Granny Pie","p2":"ToastedArt","format":"[Gen 9] VGC 2023 Regulation E","log":"|j|\u2606Granny Pie\n|j|\u2606ToastedArt\n|n|\u2606Granny Pie|grannypie\n|n|\u2606ToastedArt|toastedart\n|html|View the match progress at <a href=\"\/game-bestof3-gen9vgc2023regulatione-1989128413\">game-bestof3-gen9vgc2023regulatione-1989128413<\/a>\n|t:|1699815789\n|gametype|doubles\n|player|p1|Granny Pie|zinnia|\n|player|p2|ToastedArt|iris|\n|teamsize|p1|6\n|teamsize|p2|6\n|gen|9\n|tier|[Gen 9] VGC 2023 Regulation E\n|rule|Species Clause: Limit one of each Pok\u00e9mon\n|rule|Item Clause: Limit one of each item\n|clearpoke\n|poke|p1|Dondozo, L50, M|\n|poke|p1|Tatsugiri, L50, M|\n|poke|p1|Iron Bundle, L50|\n|poke|p1|Cresselia, L50, F|\n|poke|p1|Regieleki, L50|\n|poke|p1|Ogerpon-Hearthflame, L50, F|\n|poke|p2|Weezing, L50, M|\n|poke|p2|Landorus-Therian, L50, M|\n|poke|p2|Ogerpon, L50, F|\n|poke|p2|Roaring Moon, L50|\n|poke|p2|Gholdengo, L50|\n|poke|p2|Iron Hands, L50|\n|teampreview|4\n|\n|t:|1699815813\n|start\n|switch|p1a: #RIPBozo|Dondozo, L50, M|100\/100\n|switch|p1b: I'm Dead Bro \ud83d\udc80|Tatsugiri, L50, M|100\/100\n|switch|p2a: Gholdengo|Gholdengo, L50|100\/100\n|switch|p2b: Weezing|Weezing, L50, M|100\/100\n|-ability|p2b: Weezing|Neutralizing Gas\n|turn|1\n|c|\u2606Granny Pie|It's over\n|\n|t:|1699815842\n|-terastallize|p2a: Gholdengo|Water\n|move|p1b: I'm Dead Bro \ud83d\udc80|Muddy Water|p2a: Gholdengo|[spread] p2b\n|-miss|p1b: I'm Dead Bro \ud83d\udc80|p2a: Gholdengo\n|-damage|p2b: Weezing|62\/100\n|-unboost|p2b: Weezing|accuracy|1\n|move|p2a: Gholdengo|Nasty Plot|p2a: Gholdengo\n|-boost|p2a: Gholdengo|spa|2\n|move|p1a: #RIPBozo|Wave Crash|p2a: Gholdengo\n|-resisted|p2a: Gholdengo\n|-damage|p2a: Gholdengo|76\/100\n|-damage|p1a: #RIPBozo|94\/100|[from] Recoil\n|move|p2b: Weezing|Will-O-Wisp|p1a: #RIPBozo\n|-status|p1a: #RIPBozo|brn\n|\n|-heal|p1a: #RIPBozo|99\/100 brn|[from] item: Leftovers\n|-damage|p1a: #RIPBozo|94\/100 brn|[from] brn\n|-status|p1b: I'm Dead Bro \ud83d\udc80|tox|[from] item: Toxic Orb\n|upkeep\n|turn|2\n|c|\u2606Granny Pie|It's over\n|\n|t:|1699815864\n|move|p1b: I'm Dead Bro \ud83d\udc80|Draco Meteor|p2a: Gholdengo\n|-damage|p2a: Gholdengo|17\/100\n|-unboost|p1b: I'm Dead Bro \ud83d\udc80|spa|2\n|move|p2a: Gholdengo|Make It Rain|p1a: #RIPBozo|[spread] p1a,p1b\n|-resisted|p1a: #RIPBozo\n|-resisted|p1b: I'm Dead Bro \ud83d\udc80\n|-damage|p1a: #RIPBozo|36\/100 brn\n|-damage|p1b: I'm Dead Bro \ud83d\udc80|21\/100 tox\n|-unboost|p2a: Gholdengo|spa|1\n|-damage|p2a: Gholdengo|7\/100|[from] item: Life Orb\n|move|p1a: #RIPBozo|Order Up|p2a: Gholdengo\n|-damage|p2a: Gholdengo|0 fnt\n|faint|p2a: Gholdengo\n|move|p2b: Weezing|Gunk Shot|p1b: I'm Dead Bro \ud83d\udc80|[miss]\n|-miss|p2b: Weezing|p1b: I'm Dead Bro \ud83d\udc80\n|\n|-heal|p1a: #RIPBozo|43\/100 brn|[from] item: Leftovers\n|-damage|p1b: I'm Dead Bro \ud83d\udc80|15\/100 tox|[from] psn\n|-damage|p1a: #RIPBozo|36\/100 brn|[from] brn\n|upkeep\n|\n|t:|1699815884\n|switch|p2a: Iron Hands|Iron Hands, L50|100\/100\n|turn|3\n|\n|t:|1699815896\n|switch|p1b: Moon Duck|Cresselia, L50, F|100\/100\n|move|p1a: #RIPBozo|Protect|p1a: #RIPBozo\n|-singleturn|p1a: #RIPBozo|Protect\n|move|p2b: Weezing|Protect|p2b: Weezing\n|-singleturn|p2b: Weezing|Protect\n|move|p2a: Iron Hands|Drain Punch|p1a: #RIPBozo\n|-activate|p1a: #RIPBozo|move: Protect\n|\n|-heal|p1a: #RIPBozo|43\/100 brn|[from] item: Leftovers\n|-damage|p1a: #RIPBozo|36\/100 brn|[from] brn\n|upkeep\n|turn|4\n|c|\u2606ToastedArt|shoutouts to weezing yoinking unaware\n|\n|t:|1699815922\n|-terastallize|p1a: #RIPBozo|Dragon\n|move|p1b: Moon Duck|Lunar Blessing|p1b: Moon Duck|[spread] p1a,p1b\n|-heal|p1a: #RIPBozo|61\/100 brn\n|-curestatus|p1a: #RIPBozo|brn|[msg]\n|move|p2a: Iron Hands|Wild Charge|p1b: Moon Duck\n|-damage|p1b: Moon Duck|72\/100\n|-damage|p2a: Iron Hands|94\/100|[from] Recoil\n|move|p1a: #RIPBozo|Wave Crash|p2b: Weezing\n|-damage|p2b: Weezing|24\/100\n|-enditem|p2b: Weezing|Sitrus Berry|[eat]\n|-heal|p2b: Weezing|49\/100|[from] item: Sitrus Berry\n|-damage|p1a: #RIPBozo|51\/100|[from] Recoil\n|move|p2b: Weezing|Gunk Shot|p1b: Moon Duck|[miss]\n|-miss|p2b: Weezing|p1b: Moon Duck\n|\n|-heal|p1a: #RIPBozo|58\/100|[from] item: Leftovers\n|upkeep\n|turn|5\n|\n|t:|1699815960\n|-end|p2b: Weezing|ability: Neutralizing Gas\n|switch|p2b: Thomas Jefferson|Landorus-Therian, L50, M|100\/100\n|-ability|p2b: Thomas Jefferson|Intimidate|boost\n|-unboost|p1a: #RIPBozo|atk|1\n|-unboost|p1b: Moon Duck|atk|1\n|move|p1b: Moon Duck|Lunar Blessing|p1b: Moon Duck|[spread] p1a,p1b\n|-heal|p1a: #RIPBozo|82\/100\n|-heal|p1b: Moon Duck|97\/100\n|move|p2a: Iron Hands|Wild Charge|p1b: Moon Duck\n|-damage|p1b: Moon Duck|66\/100\n|-damage|p2a: Iron Hands|87\/100|[from] Recoil\n|move|p1a: #RIPBozo|Wave Crash|p2a: Iron Hands\n|-damage|p2a: Iron Hands|61\/100\n|-damage|p1a: #RIPBozo|74\/100|[from] Recoil\n|\n|-heal|p1a: #RIPBozo|80\/100|[from] item: Leftovers\n|upkeep\n|turn|6\n|\n|t:|1699815983\n|switch|p2b: Weezing|Weezing, L50, M|49\/100\n|-ability|p2b: Weezing|Neutralizing Gas\n|move|p1b: Moon Duck|Lunar Blessing|p1b: Moon Duck|[spread] p1a,p1b\n|-heal|p1a: #RIPBozo|100\/100\n|-heal|p1b: Moon Duck|91\/100\n|move|p2a: Iron Hands|Wild Charge|p1b: Moon Duck\n|-damage|p1b: Moon Duck|59\/100\n|-damage|p2a: Iron Hands|53\/100|[from] Recoil\n|move|p1a: #RIPBozo|Wave Crash|p2b: Weezing\n|-damage|p2b: Weezing|24\/100\n|-damage|p1a: #RIPBozo|94\/100|[from] Recoil\n|\n|-heal|p1a: #RIPBozo|100\/100|[from] item: Leftovers\n|upkeep\n|turn|7\n|\n|t:|1699816016\n|-end|p2b: Weezing|ability: Neutralizing Gas\n|switch|p2b: Thomas Jefferson|Landorus-Therian, L50, M|100\/100\n|-ability|p2b: Thomas Jefferson|Intimidate|boost\n|-unboost|p1a: #RIPBozo|atk|1\n|-unboost|p1b: Moon Duck|atk|1\n|move|p1b: Moon Duck|Psychic|p2b: Thomas Jefferson\n|-damage|p2b: Thomas Jefferson|72\/100\n|move|p2a: Iron Hands|Wild Charge|p1b: Moon Duck\n|-damage|p1b: Moon Duck|31\/100\n|-damage|p2a: Iron Hands|46\/100|[from] Recoil\n|move|p1a: #RIPBozo|Wave Crash|p2a: Iron Hands\n|-damage|p2a: Iron Hands|26\/100\n|-damage|p1a: #RIPBozo|93\/100|[from] Recoil\n|\n|-heal|p1a: #RIPBozo|99\/100|[from] item: Leftovers\n|upkeep\n|turn|8\n|\n|t:|1699816044\n|switch|p2b: Weezing|Weezing, L50, M|24\/100\n|-ability|p2b: Weezing|Neutralizing Gas\n|switch|p1a: Bonk|Ogerpon-Hearthflame, L50, F|100\/100\n|move|p1b: Moon Duck|Psychic|p2b: Weezing\n|-supereffective|p2b: Weezing\n|-damage|p2b: Weezing|0 fnt\n|faint|p2b: Weezing\n|-end|p2b: Weezing|ability: Neutralizing Gas\n|-ability|p1a: Bonk|Mold Breaker\n|move|p2a: Iron Hands|Wild Charge|p1b: Moon Duck\n|-damage|p1b: Moon Duck|0 fnt\n|faint|p1b: Moon Duck\n|-damage|p2a: Iron Hands|19\/100|[from] Recoil\n|\n|upkeep\n|\n|t:|1699816059\n|switch|p1b: I'm Dead Bro \ud83d\udc80|Tatsugiri, L50, M|15\/100 tox\n|switch|p2b: Thomas Jefferson|Landorus-Therian, L50, M|72\/100\n|-ability|p2b: Thomas Jefferson|Intimidate|boost\n|-unboost|p1a: Bonk|atk|1\n|-unboost|p1b: I'm Dead Bro \ud83d\udc80|atk|1\n|turn|9\n|\n|t:|1699816070\n|move|p1a: Bonk|Spiky Shield|p1a: Bonk\n|-singleturn|p1a: Bonk|move: Protect\n|move|p1b: I'm Dead Bro \ud83d\udc80|Protect|p1b: I'm Dead Bro \ud83d\udc80\n|-singleturn|p1b: I'm Dead Bro \ud83d\udc80|Protect\n|move|p2b: Thomas Jefferson|Rock Slide|p1b: I'm Dead Bro \ud83d\udc80|[spread] \n|-activate|p1a: Bonk|move: Protect\n|-activate|p1b: I'm Dead Bro \ud83d\udc80|move: Protect\n|move|p2a: Iron Hands|Drain Punch|p1a: Bonk\n|-activate|p1a: Bonk|move: Protect\n|-damage|p2a: Iron Hands|6\/100|[from] Spiky Shield|[of] p1a: Bonk\n|\n|-damage|p1b: I'm Dead Bro \ud83d\udc80|10\/100 tox|[from] psn\n|upkeep\n|turn|10\n|\n|t:|1699816094\n|switch|p1a: #RIPBozo|Dondozo, L50, M, tera:Dragon|99\/100\n|-activate|p1b: I'm Dead Bro \ud83d\udc80|ability: Commander|[of] p1a: #RIPBozo\n|-boost|p1a: #RIPBozo|atk|2\n|-boost|p1a: #RIPBozo|spa|2\n|-boost|p1a: #RIPBozo|spe|2\n|-boost|p1a: #RIPBozo|def|2\n|-boost|p1a: #RIPBozo|spd|2\n|move|p2b: Thomas Jefferson|Stomping Tantrum|p1a: #RIPBozo\n|-damage|p1a: #RIPBozo|85\/100\n|move|p2a: Iron Hands|Drain Punch|p1a: #RIPBozo\n|-damage|p1a: #RIPBozo|70\/100\n|-heal|p2a: Iron Hands|14\/100|[from] drain|[of] p1a: #RIPBozo\n|\n|-heal|p1a: #RIPBozo|76\/100|[from] item: Leftovers\n|-damage|p1b: I'm Dead Bro \ud83d\udc80|0 fnt|[from] psn\n|faint|p1b: I'm Dead Bro \ud83d\udc80\n|upkeep\n|\n|t:|1699816106\n|switch|p1b: Bonk|Ogerpon-Hearthflame, L50, F|100\/100\n|-ability|p1b: Bonk|Mold Breaker\n|turn|11\n|c|\u2606ToastedArt|wow\n|c|\u2606ToastedArt|well played\n|-message|ToastedArt forfeited.\n|\n|win|Granny Pie\n|l|\u2606ToastedArt\n","uploadtime":1699816123,"views":12,"p1id":"grannypie","p2id":"toastedart","formatid":"gen9vgc2023regulatione","rating":0,"private":0,"password":""}