{"id":"gen9vgc2023regulatione-1995896796","p1":"Chaotic Raos","p2":"AGSilver935","format":"[Gen 9] VGC 2023 Regulation E","log":"|j|\u2606Chaotic Raos\n|j|\u2606AGSilver935\n|n|\u2606Chaotic Raos|chaoticraos\n|n|\u2606AGSilver935|agsilver935\n|html|View the match progress at <a href=\"\/game-bestof3-gen9vgc2023regulatione-1995893584\">game-bestof3-gen9vgc2023regulatione-1995893584<\/a>\n|t:|1700614840\n|gametype|doubles\n|player|p1|Chaotic Raos|2|\n|player|p2|AGSilver935|ghetsis|\n|teamsize|p1|6\n|teamsize|p2|6\n|gen|9\n|tier|[Gen 9] VGC 2023 Regulation E\n|rule|Species Clause: Limit one of each Pok\u00e9mon\n|rule|Item Clause: Limit one of each item\n|clearpoke\n|poke|p1|Basculegion, L50, M|\n|poke|p1|Sableye, L50, M|\n|poke|p1|Politoed, L50, M|\n|poke|p1|Scizor, L50, M|\n|poke|p1|Rillaboom, L50, M|\n|poke|p1|Rotom-Heat, L50|\n|poke|p2|Tornadus, L50, M|\n|poke|p2|Urshifu-*, L50, M|\n|poke|p2|Regidrago, L50|\n|poke|p2|Gholdengo, L50|\n|poke|p2|Rillaboom, L50, F|\n|poke|p2|Arcanine-Hisui, L50, F|\n|teampreview|4\n|j| muzikal\nChaotic Raos has agreed to open team sheets.\n|c|\u2606Chaotic Raos|glhf\n|j| Bauerdad\n|c|\u2606AGSilver935|Good luck!\n|c|\u2606Chaotic Raos|game 2\n|\n|t:|1700614905\n|start\n|switch|p1a: Tahm Kench|Politoed, L50, M|100\/100\n|switch|p1b: Pasty Maker|Rotom-Heat, L50, shiny|100\/100\n|switch|p2a: Tornadus|Tornadus, L50, M|100\/100\n|switch|p2b: Arcanine|Arcanine-Hisui, L50, F|100\/100\n|-ability|p2b: Arcanine|Intimidate|boost\n|-unboost|p1a: Tahm Kench|atk|1\n|-unboost|p1b: Pasty Maker|atk|1\n|-weather|RainDance|[from] ability: Drizzle|[of] p1a: Tahm Kench\n|turn|1\n|\n|t:|1700614949\n|switch|p2b: Rillaboom|Rillaboom, L50, F|100\/100\n|-fieldstart|move: Grassy Terrain|[from] ability: Grassy Surge|[of] p2b: Rillaboom\n|move|p2a: Tornadus|Protect|p2a: Tornadus\n|-singleturn|p2a: Tornadus|Protect\n|move|p1b: Pasty Maker|Volt Switch|p2a: Tornadus\n|-activate|p2a: Tornadus|move: Protect\n|move|p1a: Tahm Kench|Icy Wind|p2a: Tornadus|[spread] p2b\n|-activate|p2a: Tornadus|move: Protect\n|-supereffective|p2b: Rillaboom\n|-damage|p2b: Rillaboom|87\/100\n|-unboost|p2b: Rillaboom|spe|1\n|\n|-weather|RainDance|[upkeep]\n|-heal|p2b: Rillaboom|93\/100|[from] Grassy Terrain\n|upkeep\n|turn|2\n|\n|t:|1700614970\n|switch|p1a: Green Beret|Scizor, L50, M, shiny|100\/100\n|move|p2a: Tornadus|Tailwind|p2a: Tornadus\n|-sidestart|p2: AGSilver935|move: Tailwind\n|move|p1b: Pasty Maker|Volt Switch|p2a: Tornadus\n|-supereffective|p2a: Tornadus\n|-damage|p2a: Tornadus|28\/100\n|\n|t:|1700614978\n|switch|p1b: Legion|Basculegion, L50, M|100\/100|[from] Volt Switch\n|move|p2b: Rillaboom|Wood Hammer|p1a: Green Beret\n|-resisted|p1a: Green Beret\n|-damage|p1a: Green Beret|78\/100\n|-damage|p2b: Rillaboom|86\/100|[from] Recoil\n|\n|-weather|RainDance|[upkeep]\n|-heal|p2b: Rillaboom|92\/100|[from] Grassy Terrain\n|-heal|p1a: Green Beret|84\/100|[from] Grassy Terrain\n|upkeep\n|turn|3\n|\n|t:|1700615020\n|move|p1b: Legion|Protect|p1b: Legion\n|-singleturn|p1b: Legion|Protect\n|move|p2a: Tornadus|Bleakwind Storm|p1b: Legion|[spread] p1a\n|-activate|p1b: Legion|move: Protect\n|-damage|p1a: Green Beret|43\/100\n|move|p2b: Rillaboom|U-turn|p1a: Green Beret\n|-resisted|p1a: Green Beret\n|-crit|p1a: Green Beret\n|-damage|p1a: Green Beret|23\/100\n|\n|t:|1700615028\n|switch|p2b: Arcanine|Arcanine-Hisui, L50, F|100\/100|[from] U-turn\n|-ability|p2b: Arcanine|Intimidate|boost\n|-fail|p1a: Green Beret|unboost|[from] item: Clear Amulet|[of] p1a: Green Beret\n|-unboost|p1b: Legion|atk|1\n|move|p1a: Green Beret|Dual Wingbeat|p2b: Arcanine\n|-resisted|p2b: Arcanine\n|-damage|p2b: Arcanine|87\/100\n|-resisted|p2b: Arcanine\n|-damage|p2b: Arcanine|74\/100\n|-hitcount|p2b: Arcanine|2\n|\n|-weather|RainDance|[upkeep]\n|-heal|p2b: Arcanine|80\/100|[from] Grassy Terrain\n|-heal|p1a: Green Beret|29\/100|[from] Grassy Terrain\n|upkeep\n|turn|4\n|\n|t:|1700615063\n|switch|p1b: Tahm Kench|Politoed, L50, M|100\/100\n|-terastallize|p2b: Arcanine|Water\n|move|p1a: Green Beret|Protect|p1a: Green Beret\n|-singleturn|p1a: Green Beret|Protect\n|move|p2a: Tornadus|Bleakwind Storm|p1b: Tahm Kench|[spread] p1b\n|-activate|p1a: Green Beret|move: Protect\n|-damage|p1b: Tahm Kench|81\/100\n|move|p2b: Arcanine|Will-O-Wisp|p1b: Tahm Kench\n|-status|p1b: Tahm Kench|brn\n|\n|-weather|RainDance|[upkeep]\n|-heal|p2b: Arcanine|86\/100|[from] Grassy Terrain\n|-heal|p1b: Tahm Kench|87\/100 brn|[from] Grassy Terrain\n|-heal|p1a: Green Beret|36\/100|[from] Grassy Terrain\n|-damage|p1b: Tahm Kench|81\/100 brn|[from] brn\n|upkeep\n|turn|5\n|\n|t:|1700615123\n|switch|p1a: Pasty Maker|Rotom-Heat, L50, shiny|100\/100\n|move|p2a: Tornadus|Protect|p2a: Tornadus\n|-singleturn|p2a: Tornadus|Protect\n|move|p2b: Arcanine|Rock Slide|p1a: Pasty Maker|[spread] p1a,p1b\n|-supereffective|p1a: Pasty Maker\n|-crit|p1b: Tahm Kench\n|-damage|p1a: Pasty Maker|33\/100\n|-damage|p1b: Tahm Kench|33\/100 brn\n|-enditem|p1b: Tahm Kench|Sitrus Berry|[eat]\n|-heal|p1b: Tahm Kench|58\/100 brn|[from] item: Sitrus Berry\n|cant|p1b: Tahm Kench|flinch\n|\n|-weather|none\n|-heal|p2b: Arcanine|92\/100|[from] Grassy Terrain\n|-heal|p1b: Tahm Kench|64\/100 brn|[from] Grassy Terrain\n|-damage|p1b: Tahm Kench|58\/100 brn|[from] brn\n|-sideend|p2: AGSilver935|move: Tailwind\n|-fieldend|move: Grassy Terrain\n|upkeep\n|turn|6\n|\n|t:|1700615175\n|switch|p1b: Legion|Basculegion, L50, M|100\/100\n|move|p2a: Tornadus|Tailwind|p2a: Tornadus\n|-sidestart|p2: AGSilver935|move: Tailwind\n|move|p2b: Arcanine|Rock Slide|p1a: Pasty Maker|[spread] p1a,p1b\n|-supereffective|p1a: Pasty Maker\n|-damage|p1a: Pasty Maker|0 fnt\n|-damage|p1b: Legion|67\/100\n|faint|p1a: Pasty Maker\n|\n|upkeep\n|\n|t:|1700615185\n|switch|p1a: Tahm Kench|Politoed, L50, M|58\/100 brn\n|-weather|RainDance|[from] ability: Drizzle|[of] p1a: Tahm Kench\n|turn|7\n|\n|t:|1700615197\n|move|p1a: Tahm Kench|Helping Hand|p1b: Legion\n|-singleturn|p1b: Legion|Helping Hand|[of] p1a: Tahm Kench\n|move|p2a: Tornadus|Bleakwind Storm|p1b: Legion|[spread] p1a,p1b\n|-damage|p1a: Tahm Kench|38\/100 brn\n|-damage|p1b: Legion|34\/100\n|move|p2b: Arcanine|Will-O-Wisp|p1b: Legion\n|-status|p1b: Legion|brn\n|move|p1b: Legion|Last Respects|p2b: Arcanine\n|-damage|p2b: Arcanine|53\/100\n|\n|-weather|RainDance|[upkeep]\n|-damage|p1b: Legion|28\/100 brn|[from] brn\n|-damage|p1a: Tahm Kench|31\/100 brn|[from] brn\n|upkeep\n|turn|8\n|\n|t:|1700615214\n|move|p1b: Legion|Aqua Jet|p2a: Tornadus\n|-damage|p2a: Tornadus|9\/100\n|-damage|p1b: Legion|12\/100 brn|[from] item: Rocky Helmet|[of] p2a: Tornadus\n|move|p2a: Tornadus|Bleakwind Storm|p1a: Tahm Kench|[spread] p1a,p1b\n|-damage|p1a: Tahm Kench|10\/100 brn\n|-damage|p1b: Legion|0 fnt\n|faint|p1b: Legion\n|move|p2b: Arcanine|Rock Slide|p1a: Tahm Kench|[miss]\n|-miss|p2b: Arcanine|p1a: Tahm Kench\n|move|p1a: Tahm Kench|Icy Wind|p2b: Arcanine|[spread] p2b\n|-miss|p1a: Tahm Kench|p2a: Tornadus\n|-resisted|p2b: Arcanine\n|-damage|p2b: Arcanine|49\/100\n|-unboost|p2b: Arcanine|spe|1\n|-enditem|p2b: Arcanine|Sitrus Berry|[eat]\n|-heal|p2b: Arcanine|73\/100|[from] item: Sitrus Berry\n|\n|-weather|RainDance|[upkeep]\n|-damage|p1a: Tahm Kench|4\/100 brn|[from] brn\n|upkeep\n|\n|t:|1700615218\n|switch|p1b: Green Beret|Scizor, L50, M, shiny|36\/100\n|turn|9\n|\n|t:|1700615236\n|move|p1b: Green Beret|Protect|p1b: Green Beret\n|-singleturn|p1b: Green Beret|Protect\n|move|p2a: Tornadus|Bleakwind Storm|p1a: Tahm Kench|[spread] p1a\n|-activate|p1b: Green Beret|move: Protect\n|-damage|p1a: Tahm Kench|0 fnt\n|faint|p1a: Tahm Kench\n|move|p2b: Arcanine|Rock Slide|p1b: Green Beret\n|-activate|p1b: Green Beret|move: Protect\n|\n|-weather|RainDance|[upkeep]\n|-sideend|p2: AGSilver935|move: Tailwind\n|upkeep\n|turn|10\n|\n|t:|1700615250\n|move|p2a: Tornadus|Tailwind|p2a: Tornadus\n|-sidestart|p2: AGSilver935|move: Tailwind\n|move|p1b: Green Beret|Bullet Punch|p2a: Tornadus\n|-damage|p2a: Tornadus|0 fnt\n|-damage|p1b: Green Beret|19\/100|[from] item: Rocky Helmet|[of] p2a: Tornadus\n|faint|p2a: Tornadus\n|move|p2b: Arcanine|Flare Blitz|p1b: Green Beret\n|-supereffective|p1b: Green Beret\n|-damage|p1b: Green Beret|0 fnt\n|faint|p1b: Green Beret\n|-damage|p2b: Arcanine|68\/100|[from] Recoil\n|\n|win|AGSilver935\n|c|\u2606AGSilver935|gg\n|c|\u2606Chaotic Raos|gg\n|c|&|\/uhtml prompt-chaoticraos,Chaotic Raos is ready for game 3!\n|inactive|AGSilver935 has 50 seconds to confirm battle start!\n|c|&|\/uhtml prompt-agsilver935,AGSilver935 is ready for game 3!\nBoth players are ready! Starting next match!\n|l|\u2606AGSilver935\n|l| muzikal\n","uploadtime":1700615263,"views":7,"p1id":"chaoticraos","p2id":"agsilver935","formatid":"gen9vgc2023regulatione","rating":0,"private":0,"password":""}