{"id":"gen9vgc2023regulatione-1988753525","p1":"u7h7hh798","p2":"The N7 Monk","format":"[Gen 9] VGC 2023 Regulation E","log":"|j|\u2606u7h7hh798\n|j|\u2606The N7 Monk\n|t:|1699758747\n|gametype|doubles\n|player|p1|u7h7hh798|silver|1161\n|player|p2|The N7 Monk|acetrainer-gen4dp|1118\n|teamsize|p1|6\n|teamsize|p2|6\n|gen|9\n|tier|[Gen 9] VGC 2023 Regulation E\n|rated|\n|rule|Species Clause: Limit one of each Pok\u00e9mon\n|rule|Item Clause: Limit one of each item\n|clearpoke\n|poke|p1|Dondozo, L50, F|\n|poke|p1|Tatsugiri, L50, F|\n|poke|p1|Glimmora, L50, F|\n|poke|p1|Urshifu-*, L50, F|\n|poke|p1|Ogerpon-Wellspring, L50, F|\n|poke|p1|Chi-Yu, L50|\n|poke|p2|Oricorio-Sensu, L50, F|\n|poke|p2|Iron Hands, L50|\n|poke|p2|Milotic, L50, M|\n|poke|p2|Volcarona, L50, M|\n|poke|p2|Kommo-o, L50, F|\n|poke|p2|Articuno-Galar, L50|\n|teampreview|4\n|inactive|Battle timer is ON: inactive players will automatically lose when time's up. (requested by u7h7hh798)\n|inactive|The N7 Monk has 60 seconds left.\n|\n|t:|1699758799\n|start\n|switch|p1a: Glimmora|Glimmora, L50, F|100\/100\n|switch|p1b: Ogerpon|Ogerpon-Wellspring, L50, F|100\/100\n|switch|p2a: Articuno|Articuno-Galar, L50|100\/100\n|switch|p2b: Kommo-o|Kommo-o, L50, F|100\/100\n|turn|1\n|inactive|u7h7hh798 has 30 seconds left.\n|inactive|u7h7hh798 has 20 seconds left.\n|\n|t:|1699758837\n|-terastallize|p2b: Kommo-o|Steel\n|move|p1a: Glimmora|Power Gem|p2a: Articuno\n|-supereffective|p2a: Articuno\n|-damage|p2a: Articuno|17\/100\n|move|p2b: Kommo-o|Clangorous Soul|p2b: Kommo-o\n|-boost|p2b: Kommo-o|atk|1\n|-boost|p2b: Kommo-o|def|1\n|-boost|p2b: Kommo-o|spa|1\n|-boost|p2b: Kommo-o|spd|1\n|-boost|p2b: Kommo-o|spe|1\n|-damage|p2b: Kommo-o|68\/100\n|-enditem|p2b: Kommo-o|Throat Spray\n|-boost|p2b: Kommo-o|spa|1|[from] item: Throat Spray\n|move|p2a: Articuno|Freezing Glare|p1a: Glimmora\n|-supereffective|p1a: Glimmora\n|-enditem|p1a: Glimmora|Focus Sash\n|-damage|p1a: Glimmora|1\/100\n|move|p1b: Ogerpon|Ivy Cudgel|p2a: Articuno\n|-damage|p2a: Articuno|0 fnt\n|faint|p2a: Articuno\n|\n|upkeep\n|\n|t:|1699758858\n|switch|p2a: Volcarona|Volcarona, L50, M|100\/100\n|turn|2\n|inactive|u7h7hh798 has 30 seconds left.\n|inactive|u7h7hh798 has 20 seconds left.\n|inactive|u7h7hh798 has 15 seconds left.\n|inactive|u7h7hh798 has 10 seconds left.\n|inactive|u7h7hh798 has 5 seconds left.\n|\n|t:|1699758909\n|-terastallize|p1b: Ogerpon|Water\n|detailschange|p1b: Ogerpon|Ogerpon-Wellspring-Tera, L50, F, tera:Water\n|-ability|p1b: Ogerpon|Embody Aspect (Wellspring)|boost\n|-boost|p1b: Ogerpon|spd|1\n|move|p2b: Kommo-o|Clanging Scales|p1a: Glimmora|[spread] p1a,p1b\n|-damage|p1a: Glimmora|0 fnt\n|-damage|p1b: Ogerpon|51\/100\n|faint|p1a: Glimmora\n|-unboost|p2b: Kommo-o|def|1\n|move|p1b: Ogerpon|Ivy Cudgel|p2b: Kommo-o\n|-damage|p2b: Kommo-o|0 fnt\n|faint|p2b: Kommo-o\n|move|p2a: Volcarona|Bug Buzz|p1b: Ogerpon\n|-damage|p1b: Ogerpon|15\/100\n|\n|upkeep\n|\n|t:|1699758923\n|switch|p1a: Dondozo|Dondozo, L50, F|100\/100\n|switch|p2b: Oricorio|Oricorio-Sensu, L50, F|100\/100\n|turn|3\n|inactive|The N7 Monk has 30 seconds left.\n|\n|t:|1699758957\n|move|p1a: Dondozo|Protect|p1a: Dondozo\n|-singleturn|p1a: Dondozo|Protect\n|move|p2b: Oricorio|Revelation Dance|p1b: Ogerpon\n|-damage|p1b: Ogerpon|0 fnt\n|faint|p1b: Ogerpon\n|move|p2a: Volcarona|Quiver Dance|p2a: Volcarona\n|-boost|p2a: Volcarona|spa|1\n|-boost|p2a: Volcarona|spd|1\n|-boost|p2a: Volcarona|spe|1\n|-activate|p2b: Oricorio|ability: Dancer\n|move|p2b: Oricorio|Quiver Dance|p2b: Oricorio|[from]ability: Dancer\n|-boost|p2b: Oricorio|spa|1\n|-boost|p2b: Oricorio|spd|1\n|-boost|p2b: Oricorio|spe|1\n|\n|upkeep\n|inactive|u7h7hh798 has 30 seconds left.\n|\n|t:|1699758992\n|switch|p1b: Tatsugiri|Tatsugiri, L50, F|100\/100\n|-activate|p1b: Tatsugiri|ability: Commander|[of] p1a: Dondozo\n|-boost|p1a: Dondozo|atk|2\n|-boost|p1a: Dondozo|spa|2\n|-boost|p1a: Dondozo|spe|2\n|-boost|p1a: Dondozo|def|2\n|-boost|p1a: Dondozo|spd|2\n|turn|4\n|\n|t:|1699759006\n|move|p2b: Oricorio|Air Slash|p1a: Dondozo\n|-damage|p1a: Dondozo|79\/100\n|cant|p1a: Dondozo|flinch\n|move|p2a: Volcarona|Giga Drain|p1a: Dondozo\n|-supereffective|p1a: Dondozo\n|-damage|p1a: Dondozo|28\/100\n|\n|-heal|p1a: Dondozo|34\/100|[from] item: Leftovers\n|upkeep\n|turn|5\n|inactive|u7h7hh798 has 30 seconds left.\n|\n|t:|1699759032\n|move|p1a: Dondozo|Protect|p1a: Dondozo\n|-singleturn|p1a: Dondozo|Protect\n|move|p2b: Oricorio|Air Slash|p1a: Dondozo\n|-activate|p1a: Dondozo|move: Protect\n|move|p2a: Volcarona|Giga Drain|p1a: Dondozo\n|-activate|p1a: Dondozo|move: Protect\n|\n|-heal|p1a: Dondozo|40\/100|[from] item: Leftovers\n|upkeep\n|turn|6\n|\n|t:|1699759043\n|move|p1a: Dondozo|Protect||[still]\n|-fail|p1a: Dondozo\n|move|p2b: Oricorio|Revelation Dance|p1a: Dondozo\n|-damage|p1a: Dondozo|17\/100\n|move|p2a: Volcarona|Giga Drain|p1a: Dondozo\n|-supereffective|p1a: Dondozo\n|-damage|p1a: Dondozo|0 fnt\n|faint|p1a: Dondozo\n|\n|upkeep\n|turn|7\n|\n|t:|1699759055\n|move|p1b: Tatsugiri|Protect|p1b: Tatsugiri\n|-singleturn|p1b: Tatsugiri|Protect\n|move|p2b: Oricorio|Revelation Dance|p1b: Tatsugiri\n|-activate|p1b: Tatsugiri|move: Protect\n|move|p2a: Volcarona|Bug Buzz|p1b: Tatsugiri\n|-activate|p1b: Tatsugiri|move: Protect\n|\n|upkeep\n|turn|8\n|\n|t:|1699759061\n|move|p1b: Tatsugiri|Protect||[still]\n|-fail|p1b: Tatsugiri\n|move|p2b: Oricorio|Revelation Dance|p1b: Tatsugiri\n|-damage|p1b: Tatsugiri|44\/100\n|move|p2a: Volcarona|Bug Buzz|p1b: Tatsugiri\n|-damage|p1b: Tatsugiri|0 fnt\n|faint|p1b: Tatsugiri\n|\n|win|The N7 Monk\n|raw|u7h7hh798's rating: 1161 &rarr; <strong>1133<\/strong><br \/>(-28 for losing)\n|raw|The N7 Monk's rating: 1118 &rarr; <strong>1146<\/strong><br \/>(+28 for winning)\n|l|\u2606The N7 Monk\n","uploadtime":1699760547,"views":17,"p1id":"u7h7hh798","p2id":"then7monk","formatid":"gen9vgc2023regulatione","rating":1133,"private":0,"password":""}