{"id":"gen9vgc2023regulatione-1988333562","p1":"Deadhead Omega 2","p2":"kam1998","format":"[Gen 9] VGC 2023 Regulation E","log":"|j|\u2606Deadhead Omega 2\n|j|\u2606kam1998\n|t:|1699710041\n|gametype|doubles\n|player|p1|Deadhead Omega 2|veteran-gen4|1241\n|player|p2|kam1998|1|1232\n|teamsize|p1|6\n|teamsize|p2|6\n|gen|9\n|tier|[Gen 9] VGC 2023 Regulation E\n|rated|\n|rule|Species Clause: Limit one of each Pok\u00e9mon\n|rule|Item Clause: Limit one of each item\n|clearpoke\n|poke|p1|Arcanine-Hisui, L50, F|\n|poke|p1|Amoonguss, L50, F|\n|poke|p1|Urshifu-*, L50, M|\n|poke|p1|Tornadus, L50, M|\n|poke|p1|Gholdengo, L50|\n|poke|p1|Chien-Pao, L50|\n|poke|p2|Stonjourner, L50, F|\n|poke|p2|Chi-Yu, L50|\n|poke|p2|Iron Hands, L50|\n|poke|p2|Tornadus, L50, M|\n|poke|p2|Sinistcha, L50|\n|poke|p2|Farigiraf, L50, F|\n|teampreview|4\n|j| wiziiz\n|l| wiziiz\n|\n|t:|1699710071\n|start\n|switch|p1a: Tornadus|Tornadus, L50, M|100\/100\n|switch|p1b: Urshifu|Urshifu-Rapid-Strike, L50, M|100\/100\n|switch|p2a: Farigiraf|Farigiraf, L50, F|100\/100\n|switch|p2b: Iron Hands|Iron Hands, L50|100\/100\n|turn|1\n|inactive|Battle timer is ON: inactive players will automatically lose when time's up. (requested by kam1998)\n|\n|t:|1699710116\n|move|p1b: Urshifu|Protect|p1b: Urshifu\n|-singleturn|p1b: Urshifu|Protect\n|move|p2b: Iron Hands|Fake Out|p1b: Urshifu\n|-activate|p1b: Urshifu|move: Protect\n|move|p1a: Tornadus|Rain Dance|p1a: Tornadus\n|-weather|RainDance\n|move|p2a: Farigiraf|Reflect|p2a: Farigiraf\n|-sidestart|p2: kam1998|Reflect\n|\n|-weather|RainDance|[upkeep]\n|upkeep\n|turn|2\n|inactive|kam1998 has 30 seconds left.\n|\n|t:|1699710144\n|-terastallize|p1b: Urshifu|Water\n|move|p1a: Tornadus|Tailwind|p1a: Tornadus\n|-sidestart|p1: Deadhead Omega 2|move: Tailwind\n|move|p1b: Urshifu|Surging Strikes|p2b: Iron Hands\n|-crit|p2b: Iron Hands\n|-damage|p2b: Iron Hands|67\/100\n|-crit|p2b: Iron Hands\n|-damage|p2b: Iron Hands|35\/100\n|-crit|p2b: Iron Hands\n|-damage|p2b: Iron Hands|3\/100\n|-hitcount|p2b: Iron Hands|3\n|move|p2a: Farigiraf|Psychic|p1b: Urshifu\n|-damage|p1b: Urshifu|42\/100\n|move|p2b: Iron Hands|Wild Charge|p1b: Urshifu\n|-supereffective|p1b: Urshifu\n|-damage|p1b: Urshifu|0 fnt\n|faint|p1b: Urshifu\n|-damage|p2b: Iron Hands|0 fnt|[from] Recoil\n|faint|p2b: Iron Hands\n|-end|p2b: Iron Hands|Quark Drive|[silent]\n|\n|-weather|RainDance|[upkeep]\n|upkeep\n|\n|t:|1699710162\n|switch|p1b: Chien-Pao|Chien-Pao, L50|100\/100\n|switch|p2b: Stonjourner|Stonjourner, L50, F|100\/100\n|-ability|p1b: Chien-Pao|Sword of Ruin\n|turn|3\n|inactive|kam1998 has 30 seconds left.\n|inactive|kam1998 has 20 seconds left.\n|\n|t:|1699710201\n|-terastallize|p2a: Farigiraf|Fairy\n|move|p1b: Chien-Pao|Sacred Sword|p2b: Stonjourner\n|-supereffective|p2b: Stonjourner\n|-damage|p2b: Stonjourner|61\/100\n|move|p1a: Tornadus|Bleakwind Storm|p2a: Farigiraf|[spread] p2a,p2b\n|-resisted|p2b: Stonjourner\n|-damage|p2a: Farigiraf|70\/100\n|-damage|p2b: Stonjourner|22\/100\n|move|p2b: Stonjourner|Rock Slide|p1a: Tornadus|[spread] p1a,p1b\n|-supereffective|p1a: Tornadus\n|-supereffective|p1b: Chien-Pao\n|-damage|p1a: Tornadus|13\/100\n|-damage|p1b: Chien-Pao|10\/100\n|move|p2a: Farigiraf|Dazzling Gleam|p1b: Chien-Pao|[spread] p1a,p1b\n|-supereffective|p1b: Chien-Pao\n|-damage|p1a: Tornadus|0 fnt\n|-damage|p1b: Chien-Pao|0 fnt\n|faint|p1a: Tornadus\n|faint|p1b: Chien-Pao\n|\n|-weather|RainDance|[upkeep]\n|upkeep\n|\n|t:|1699710219\n|switch|p1a: Arcanine|Arcanine-Hisui, L50, F|100\/100\n|-ability|p1a: Arcanine|Intimidate|boost\n|-unboost|p2a: Farigiraf|atk|1\n|-unboost|p2b: Stonjourner|atk|1\n|turn|4\n|\n|t:|1699710236\n|move|p2b: Stonjourner|Wide Guard|p2b: Stonjourner\n|-singleturn|p2b: Stonjourner|Wide Guard\n|move|p1a: Arcanine|Rock Slide|p2b: Stonjourner|[spread] \n|-activate|p2a: Farigiraf|move: Wide Guard\n|-activate|p2b: Stonjourner|move: Wide Guard\n|move|p2a: Farigiraf|Psychic|p1a: Arcanine\n|-damage|p1a: Arcanine|33\/100\n|\n|-weather|RainDance|[upkeep]\n|upkeep\n|turn|5\n|-message|Deadhead Omega 2 forfeited.\n|\n|win|kam1998\n|raw|Deadhead Omega 2's rating: 1241 &rarr; <strong>1215<\/strong><br \/>(-26 for losing)\n|raw|kam1998's rating: 1232 &rarr; <strong>1258<\/strong><br \/>(+26 for winning)\n|l|\u2606Deadhead Omega 2\n","uploadtime":1699710251,"views":37,"p1id":"deadheadomega2","p2id":"kam1998","formatid":"gen9vgc2023regulatione","rating":1215,"private":0,"password":""}