{"id":"gen9vgc2023regulatione-2000186077","p1":"Nnight57","p2":"ivoryplat","format":"[Gen 9] VGC 2023 Regulation E","log":"|j|\u2606Nnight57\n|j|\u2606ivoryplat\n|t:|1701169113\n|gametype|doubles\n|player|p1|Nnight57|170|1233\n|player|p2|ivoryplat|170|1236\n|teamsize|p1|6\n|teamsize|p2|6\n|gen|9\n|tier|[Gen 9] VGC 2023 Regulation E\n|rated|\n|rule|Species Clause: Limit one of each Pok\u00e9mon\n|rule|Item Clause: Limit one of each item\n|clearpoke\n|poke|p1|Ceruledge, L50, M|\n|poke|p1|Decidueye, L50, M|\n|poke|p1|Flutter Mane, L50|\n|poke|p1|Tornadus, L50, M|\n|poke|p1|Chien-Pao, L50|\n|poke|p1|Ogerpon-Wellspring, L50, F|\n|poke|p2|Ogerpon-Wellspring, L50, F|\n|poke|p2|Arcanine-Hisui, L50, F|\n|poke|p2|Gholdengo, L50|\n|poke|p2|Roaring Moon, L50|\n|poke|p2|Zapdos, L50|\n|poke|p2|Enamorus, L50, F|\n|teampreview|4\n|\n|t:|1701169168\n|start\n|switch|p1a: Flutter Mane|Flutter Mane, L50|100\/100\n|switch|p1b: Ogerpon|Ogerpon-Wellspring, L50, F|100\/100\n|switch|p2a: Arcanine|Arcanine-Hisui, L50, F, shiny|100\/100\n|switch|p2b: Gholdengo|Gholdengo, L50|100\/100\n|-ability|p2a: Arcanine|Intimidate|boost\n|-unboost|p1a: Flutter Mane|atk|1\n|-unboost|p1b: Ogerpon|atk|1\n|-enditem|p1a: Flutter Mane|Booster Energy\n|-activate|p1a: Flutter Mane|ability: Protosynthesis|[fromitem]\n|-start|p1a: Flutter Mane|protosynthesisspa\n|turn|1\n|\n|t:|1701169191\n|move|p1a: Flutter Mane|Shadow Ball|p2b: Gholdengo\n|-supereffective|p2b: Gholdengo\n|-damage|p2b: Gholdengo|4\/100\n|move|p1b: Ogerpon|Ivy Cudgel|p2a: Arcanine|[anim] Ivy Cudgel Water\n|-supereffective|p2a: Arcanine\n|-damage|p2a: Arcanine|0 fnt\n|faint|p2a: Arcanine\n|move|p2b: Gholdengo|Make It Rain|p1b: Ogerpon|[spread] p1a,p1b\n|-supereffective|p1a: Flutter Mane\n|-resisted|p1b: Ogerpon\n|-damage|p1a: Flutter Mane|15\/100\n|-damage|p1b: Ogerpon|80\/100\n|-unboost|p2b: Gholdengo|spa|1\n|\n|-heal|p2b: Gholdengo|10\/100|[from] item: Leftovers\n|upkeep\n|\n|t:|1701169200\n|switch|p2a: Zapdos|Zapdos, L50|100\/100\n|turn|2\n|\n|t:|1701169222\n|move|p2b: Gholdengo|Protect|p2b: Gholdengo\n|-singleturn|p2b: Gholdengo|Protect\n|move|p1a: Flutter Mane|Dazzling Gleam|p2a: Zapdos|[spread] p2a\n|-activate|p2b: Gholdengo|move: Protect\n|-damage|p2a: Zapdos|61\/100\n|move|p2a: Zapdos|Tailwind|p2a: Zapdos\n|-sidestart|p2: ivoryplat|move: Tailwind\n|move|p1b: Ogerpon|Horn Leech|p2a: Zapdos\n|-resisted|p2a: Zapdos\n|-damage|p2a: Zapdos|48\/100\n|-heal|p1b: Ogerpon|87\/100|[from] drain|[of] p2a: Zapdos\n|-damage|p1b: Ogerpon|70\/100|[from] item: Rocky Helmet|[of] p2a: Zapdos\n|\n|-heal|p2b: Gholdengo|17\/100|[from] item: Leftovers\n|upkeep\n|turn|3\n|\n|t:|1701169276\n|move|p1b: Ogerpon|Spiky Shield|p1b: Ogerpon\n|-singleturn|p1b: Ogerpon|move: Protect\n|move|p2a: Zapdos|Heat Wave|p1a: Flutter Mane|[spread] p1a\n|-activate|p1b: Ogerpon|move: Protect\n|-damage|p1a: Flutter Mane|0 fnt\n|faint|p1a: Flutter Mane\n|-end|p1a: Flutter Mane|Protosynthesis|[silent]\n|move|p2b: Gholdengo|Nasty Plot|p2b: Gholdengo\n|-boost|p2b: Gholdengo|spa|2\n|\n|-heal|p2b: Gholdengo|23\/100|[from] item: Leftovers\n|upkeep\n|\n|t:|1701169301\n|switch|p1a: Ceruledge|Ceruledge, L50, M|100\/100\n|turn|4\n|\n|t:|1701169331\n|-terastallize|p1a: Ceruledge|Dark\n|move|p2b: Gholdengo|Protect|p2b: Gholdengo\n|-singleturn|p2b: Gholdengo|Protect\n|move|p1a: Ceruledge|Shadow Sneak|p2b: Gholdengo\n|-activate|p2b: Gholdengo|move: Protect\n|move|p2a: Zapdos|Thunderbolt|p1b: Ogerpon\n|-damage|p1b: Ogerpon|32\/100\n|move|p1b: Ogerpon|Ivy Cudgel|p2a: Zapdos|[anim] Ivy Cudgel Water\n|-damage|p2a: Zapdos|15\/100\n|\n|-heal|p2b: Gholdengo|29\/100|[from] item: Leftovers\n|upkeep\n|turn|5\n|\n|t:|1701169365\n|-terastallize|p2b: Gholdengo|Dragon\n|move|p1b: Ogerpon|Spiky Shield|p1b: Ogerpon\n|-singleturn|p1b: Ogerpon|move: Protect\n|move|p1a: Ceruledge|Shadow Sneak|p2b: Gholdengo\n|-damage|p2b: Gholdengo|9\/100\n|move|p2a: Zapdos|Thunderbolt|p1b: Ogerpon\n|-activate|p1b: Ogerpon|move: Protect\n|move|p2b: Gholdengo|Make It Rain|p1b: Ogerpon|[spread] p1a\n|-activate|p1b: Ogerpon|move: Protect\n|-damage|p1a: Ceruledge|33\/100\n|-unboost|p2b: Gholdengo|spa|1\n|\n|-heal|p2b: Gholdengo|15\/100|[from] item: Leftovers\n|-sideend|p2: ivoryplat|move: Tailwind\n|upkeep\n|turn|6\n|j| kxjxjss\n|\n|t:|1701169412\n|move|p2a: Zapdos|Tailwind|p2a: Zapdos\n|-sidestart|p2: ivoryplat|move: Tailwind\n|move|p2b: Gholdengo|Make It Rain|p1b: Ogerpon|[spread] p1a,p1b\n|-resisted|p1b: Ogerpon\n|-damage|p1a: Ceruledge|0 fnt\n|-damage|p1b: Ogerpon|11\/100\n|-unboost|p2b: Gholdengo|spa|1\n|faint|p1a: Ceruledge\n|move|p1b: Ogerpon|Ivy Cudgel|p2b: Gholdengo|[anim] Ivy Cudgel Water\n|-resisted|p2b: Gholdengo\n|-damage|p2b: Gholdengo|0 fnt\n|faint|p2b: Gholdengo\n|\n|upkeep\n|\n|t:|1701169426\n|switch|p2b: Enamorus|Enamorus, L50, F|100\/100\n|switch|p1a: Chien-Pao|Chien-Pao, L50|100\/100\n|-ability|p1a: Chien-Pao|Sword of Ruin\n|turn|7\n|l|\u2606ivoryplat\n|player|p2|\n|j|\u2606ivoryplat\n|player|p2|ivoryplat|170\n|\n|t:|1701169487\n|move|p2b: Enamorus|Protect|p2b: Enamorus\n|-singleturn|p2b: Enamorus|Protect\n|move|p1b: Ogerpon|Spiky Shield|p1b: Ogerpon\n|-singleturn|p1b: Ogerpon|move: Protect\n|move|p1a: Chien-Pao|Sucker Punch|p2a: Zapdos\n|-damage|p2a: Zapdos|0 fnt\n|-damage|p1a: Chien-Pao|84\/100|[from] item: Rocky Helmet|[of] p2a: Zapdos\n|-status|p1a: Chien-Pao|par|[from] ability: Static|[of] p2a: Zapdos\n|faint|p2a: Zapdos\n|\n|upkeep\n|turn|8\n|\n|t:|1701169516\n|move|p2b: Enamorus|Superpower|p1b: Ogerpon\n|-damage|p1b: Ogerpon|0 fnt\n|-boost|p2b: Enamorus|atk|1\n|-boost|p2b: Enamorus|def|1\n|faint|p1b: Ogerpon\n|-damage|p2b: Enamorus|91\/100|[from] item: Life Orb\n|cant|p1a: Chien-Pao|par\n|\n|upkeep\n|turn|9\n|l| kxjxjss\n|\n|t:|1701169529\n|move|p2b: Enamorus|Iron Head|p1a: Chien-Pao\n|-supereffective|p1a: Chien-Pao\n|-damage|p1a: Chien-Pao|0 fnt\n|faint|p1a: Chien-Pao\n|-damage|p2b: Enamorus|81\/100|[from] item: Life Orb\n|\n|win|ivoryplat\n|raw|Nnight57's rating: 1233 &rarr; <strong>1208<\/strong><br \/>(-25 for losing)\n|raw|ivoryplat's rating: 1236 &rarr; <strong>1261<\/strong><br \/>(+25 for winning)\n","uploadtime":1701169537,"views":18,"p1id":"nnight57","p2id":"ivoryplat","formatid":"gen9vgc2023regulatione","rating":1208,"private":0,"password":""}