{"id":"gen9vgc2023regulatione-1996046990","p1":"Cap4816","p2":"Autism Girly","format":"[Gen 9] VGC 2023 Regulation E","log":"|j|\u2606Cap4816\n|j|\u2606Autism Girly\n|t:|1700634955\n|gametype|doubles\n|player|p1|Cap4816|pokekid|1153\n|player|p2|Autism Girly|whitney|1154\n|teamsize|p1|6\n|teamsize|p2|6\n|gen|9\n|tier|[Gen 9] VGC 2023 Regulation E\n|rated|\n|rule|Species Clause: Limit one of each Pok\u00e9mon\n|rule|Item Clause: Limit one of each item\n|clearpoke\n|poke|p1|Flareon, L50, F|\n|poke|p1|Skeledirge, L50, M|\n|poke|p1|Roaring Moon, L50|\n|poke|p1|Scream Tail, L50|\n|poke|p1|Ursaluna-Bloodmoon, L50, M|\n|poke|p1|Sinistcha-Masterpiece, L50|\n|poke|p2|Ogerpon-Wellspring, L50, F|\n|poke|p2|Flutter Mane, L50|\n|poke|p2|Iron Hands, L50|\n|poke|p2|Sinistcha, L50|\n|poke|p2|Ninetales-Alola, L50, M|\n|poke|p2|Heatran, L50, M|\n|teampreview|4\n|\n|t:|1700635001\n|start\n|switch|p1a: Roaring Moon|Roaring Moon, L50|100\/100\n|switch|p1b: Flareon|Flareon, L50, F, shiny|100\/100\n|switch|p2a: Pronouns|Ogerpon-Wellspring, L50, F|100\/100\n|switch|p2b: Mr Hands|Iron Hands, L50|100\/100\n|-enditem|p1a: Roaring Moon|Booster Energy\n|-activate|p1a: Roaring Moon|ability: Protosynthesis|[fromitem]\n|-start|p1a: Roaring Moon|protosynthesisspe\n|turn|1\n|\n|t:|1700635022\n|switch|p1b: Scream Tail|Scream Tail, L50, shiny|100\/100\n|move|p1a: Roaring Moon|Protect|p1a: Roaring Moon\n|-singleturn|p1a: Roaring Moon|Protect\n|move|p2a: Pronouns|Spiky Shield|p2a: Pronouns\n|-singleturn|p2a: Pronouns|move: Protect\n|move|p2b: Mr Hands|Belly Drum|p2b: Mr Hands\n|-damage|p2b: Mr Hands|50\/100\n|-setboost|p2b: Mr Hands|atk|6|[from] move: Belly Drum\n|-enditem|p2b: Mr Hands|Sitrus Berry|[eat]\n|-heal|p2b: Mr Hands|75\/100|[from] item: Sitrus Berry\n|\n|upkeep\n|turn|2\n|\n|t:|1700635054\n|switch|p2a: The Goo|Sinistcha, L50|100\/100\n|-heal|p2b: Mr Hands|99\/100|[from] ability: Hospitality|[of] p2a: The Goo\n|move|p1a: Roaring Moon|Breaking Swipe|p2b: Mr Hands|[spread] p2a,p2b\n|-damage|p2a: The Goo|83\/100\n|-damage|p2b: Mr Hands|86\/100\n|-unboost|p2a: The Goo|atk|1\n|-unboost|p2b: Mr Hands|atk|1\n|move|p1b: Scream Tail|Encore|p2b: Mr Hands\n|-start|p2b: Mr Hands|Encore\n|move|p2b: Mr Hands|Belly Drum|p2b: Mr Hands\n|-damage|p2b: Mr Hands|36\/100\n|-setboost|p2b: Mr Hands|atk|6|[from] move: Belly Drum\n|\n|upkeep\n|turn|3\n|\n|t:|1700635083\n|-end|p1b: Scream Tail|Protosynthesis|[silent]\n|switch|p1b: Flareon|Flareon, L50, F, shiny|100\/100\n|switch|p2a: Aurora Borealis|Ninetales-Alola, L50, M, shiny|100\/100\n|-weather|Snow|[from] ability: Snow Warning|[of] p2a: Aurora Borealis\n|-end|p2b: Mr Hands|Quark Drive|[silent]\n|switch|p2b: Pronouns|Ogerpon-Wellspring, L50, F|100\/100\n|move|p1a: Roaring Moon|Knock Off|p2a: Aurora Borealis\n|-resisted|p2a: Aurora Borealis\n|-damage|p2a: Aurora Borealis|79\/100\n|-enditem|p2a: Aurora Borealis|Light Clay|[from] move: Knock Off|[of] p1a: Roaring Moon\n|\n|-weather|Snow|[upkeep]\n|upkeep\n|turn|4\n|\n|t:|1700635113\n|-terastallize|p1a: Roaring Moon|Poison\n|move|p1b: Flareon|Detect|p1b: Flareon\n|-singleturn|p1b: Flareon|Protect\n|move|p1a: Roaring Moon|Tailwind|p1a: Roaring Moon\n|-sidestart|p1: Cap4816|move: Tailwind\n|move|p2b: Pronouns|Ivy Cudgel|p1b: Flareon|[anim] Ivy Cudgel Water\n|-activate|p1b: Flareon|move: Protect\n|move|p2a: Aurora Borealis|Aurora Veil|p2a: Aurora Borealis\n|-sidestart|p2: Autism Girly|move: Aurora Veil\n|\n|-weather|Snow|[upkeep]\n|upkeep\n|turn|5\n|\n|t:|1700635143\n|switch|p1b: Scream Tail|Scream Tail, L50, shiny|100\/100\n|switch|p2a: Mr Hands|Iron Hands, L50|36\/100\n|-terastallize|p2b: Pronouns|Water\n|detailschange|p2b: Pronouns|Ogerpon-Wellspring-Tera, L50, F, tera:Water\n|-ability|p2b: Pronouns|Embody Aspect (Wellspring)|boost\n|-boost|p2b: Pronouns|spd|1\n|move|p1a: Roaring Moon|Breaking Swipe|p2b: Pronouns|[spread] p2a,p2b\n|-damage|p2a: Mr Hands|26\/100\n|-damage|p2b: Pronouns|80\/100\n|-unboost|p2a: Mr Hands|atk|1\n|-unboost|p2b: Pronouns|atk|1\n|move|p2b: Pronouns|Ivy Cudgel|p1a: Roaring Moon|[anim] Ivy Cudgel Water\n|-damage|p1a: Roaring Moon|43\/100\n|\n|-weather|Snow|[upkeep]\n|upkeep\n|turn|6\n|\n|t:|1700635166\n|move|p1a: Roaring Moon|Protect|p1a: Roaring Moon\n|-singleturn|p1a: Roaring Moon|Protect\n|move|p1b: Scream Tail|Thunder Wave|p2b: Pronouns\n|-status|p2b: Pronouns|par\n|move|p2b: Pronouns|Ivy Cudgel|p1a: Roaring Moon|[anim] Ivy Cudgel Water\n|-activate|p1a: Roaring Moon|move: Protect\n|move|p2a: Mr Hands|Fire Punch|p1b: Scream Tail\n|-damage|p1b: Scream Tail|89\/100\n|\n|-weather|Snow|[upkeep]\n|-heal|p1b: Scream Tail|96\/100|[from] item: Leftovers\n|upkeep\n|turn|7\n|\n|t:|1700635189\n|switch|p2b: The Goo|Sinistcha, L50|83\/100\n|-heal|p2a: Mr Hands|50\/100|[from] ability: Hospitality|[of] p2b: The Goo\n|move|p1a: Roaring Moon|Breaking Swipe|p2a: Mr Hands|[spread] p2a,p2b\n|-damage|p2a: Mr Hands|41\/100\n|-damage|p2b: The Goo|71\/100\n|-unboost|p2a: Mr Hands|atk|1\n|-unboost|p2b: The Goo|atk|1\n|move|p1b: Scream Tail|Psychic Fangs|p2a: Mr Hands\n|-sideend|p2: Autism Girly|move: Aurora Veil\n|-supereffective|p2a: Mr Hands\n|-damage|p2a: Mr Hands|15\/100\n|move|p2a: Mr Hands|Fire Punch|p1a: Roaring Moon\n|-damage|p1a: Roaring Moon|28\/100\n|\n|-weather|none\n|-heal|p1b: Scream Tail|100\/100|[from] item: Leftovers\n|-sideend|p1: Cap4816|move: Tailwind\n|upkeep\n|turn|8\n|\n|t:|1700635209\n|move|p2a: Mr Hands|Protect|p2a: Mr Hands\n|-singleturn|p2a: Mr Hands|Protect\n|move|p1a: Roaring Moon|Knock Off|p2b: The Goo\n|-supereffective|p2b: The Goo\n|-crit|p2b: The Goo\n|-damage|p2b: The Goo|0 fnt\n|-enditem|p2b: The Goo|Mental Herb|[from] move: Knock Off|[of] p1a: Roaring Moon\n|faint|p2b: The Goo\n|move|p1b: Scream Tail|Psychic Fangs|p2a: Mr Hands\n|-activate|p2a: Mr Hands|move: Protect\n|\n|upkeep\n|\n|t:|1700635217\n|switch|p2b: Aurora Borealis|Ninetales-Alola, L50, M, shiny|79\/100\n|-weather|Snow|[from] ability: Snow Warning|[of] p2b: Aurora Borealis\n|turn|9\n|\n|t:|1700635224\n|-end|p2a: Mr Hands|Quark Drive|[silent]\n|switch|p2a: Pronouns|Ogerpon-Wellspring-Tera, L50, F, tera:Water|80\/100 par\n|-ability|p2a: Pronouns|Embody Aspect (Wellspring)|boost\n|-boost|p2a: Pronouns|spd|1\n|move|p1a: Roaring Moon|Tailwind|p1a: Roaring Moon\n|-sidestart|p1: Cap4816|move: Tailwind\n|move|p1b: Scream Tail|Psychic Fangs|p2a: Pronouns\n|-damage|p2a: Pronouns|51\/100 par\n|move|p2b: Aurora Borealis|Blizzard|p1a: Roaring Moon|[spread] p1a,p1b\n|-crit|p1b: Scream Tail\n|-damage|p1a: Roaring Moon|0 fnt\n|-damage|p1b: Scream Tail|74\/100\n|faint|p1a: Roaring Moon\n|-end|p1a: Roaring Moon|Protosynthesis|[silent]\n|\n|-weather|Snow|[upkeep]\n|-heal|p1b: Scream Tail|80\/100|[from] item: Leftovers\n|upkeep\n|\n|t:|1700635239\n|switch|p1a: Ursaluna|Ursaluna-Bloodmoon, L50, M|100\/100\n|turn|10\n|\n|t:|1700635251\n|move|p1b: Scream Tail|Thunder Wave|p2b: Aurora Borealis|[miss]\n|-miss|p1b: Scream Tail|p2b: Aurora Borealis\n|move|p2b: Aurora Borealis|Blizzard|p1b: Scream Tail|[spread] p1a,p1b\n|-supereffective|p1a: Ursaluna\n|-damage|p1a: Ursaluna|65\/100\n|-damage|p1b: Scream Tail|64\/100\n|move|p1a: Ursaluna|Blood Moon|p2a: Pronouns\n|-damage|p2a: Pronouns|0 fnt\n|faint|p2a: Pronouns\n|\n|-weather|Snow|[upkeep]\n|-heal|p1b: Scream Tail|70\/100|[from] item: Leftovers\n|upkeep\n|\n|t:|1700635254\n|switch|p2a: Mr Hands|Iron Hands, L50|15\/100\n|turn|11\n|\n|t:|1700635270\n|move|p1b: Scream Tail|Psychic Fangs|p2b: Aurora Borealis\n|-damage|p2b: Aurora Borealis|61\/100\n|move|p2b: Aurora Borealis|Blizzard|p1a: Ursaluna|[spread] p1a,p1b\n|-supereffective|p1a: Ursaluna\n|-damage|p1a: Ursaluna|28\/100\n|-damage|p1b: Scream Tail|53\/100\n|move|p1a: Ursaluna|Hyper Voice|p2b: Aurora Borealis|[spread] p2a,p2b\n|-damage|p2a: Mr Hands|0 fnt\n|-damage|p2b: Aurora Borealis|23\/100\n|faint|p2a: Mr Hands\n|-end|p2a: Mr Hands|Quark Drive|[silent]\n|\n|-weather|Snow|[upkeep]\n|-heal|p1b: Scream Tail|59\/100|[from] item: Leftovers\n|upkeep\n|turn|12\n|\n|t:|1700635286\n|move|p1a: Ursaluna|Vacuum Wave|p2b: Aurora Borealis\n|-damage|p2b: Aurora Borealis|8\/100\n|move|p1b: Scream Tail|Psychic Fangs|p2b: Aurora Borealis\n|-damage|p2b: Aurora Borealis|0 fnt\n|faint|p2b: Aurora Borealis\n|\n|win|Cap4816\n|raw|Cap4816's rating: 1153 &rarr; <strong>1178<\/strong><br \/>(+25 for winning)\n|raw|Autism Girly's rating: 1154 &rarr; <strong>1129<\/strong><br \/>(-25 for losing)\n|l|\u2606Autism Girly\n","uploadtime":1700635296,"views":8,"p1id":"cap4816","p2id":"autismgirly","formatid":"gen9vgc2023regulatione","rating":1129,"private":0,"password":""}