{"id":"gen9vgc2023regulatione-1996737332","p1":"Nervoneo","p2":"Amenly","format":"[Gen 9] VGC 2023 Regulation E","log":"|j|\u2606Nervoneo\n|j|\u2606Amenly\n|t:|1700716805\n|gametype|doubles\n|player|p1|Nervoneo|lucas|1314\n|player|p2|Amenly|1|1308\n|teamsize|p1|6\n|teamsize|p2|6\n|gen|9\n|tier|[Gen 9] VGC 2023 Regulation E\n|rated|\n|rule|Species Clause: Limit one of each Pok\u00e9mon\n|rule|Item Clause: Limit one of each item\n|clearpoke\n|poke|p1|Weezing, L50, M|\n|poke|p1|Ogerpon-Hearthflame, L50, F|\n|poke|p1|Roaring Moon, L50|\n|poke|p1|Urshifu-*, L50, F|\n|poke|p1|Shiftry, L50, M|\n|poke|p1|Flutter Mane, L50|\n|poke|p2|Typhlosion-Hisui, L50, M|\n|poke|p2|Tornadus, L50, M|\n|poke|p2|Lilligant-Hisui, L50, F|\n|poke|p2|Chi-Yu, L50|\n|poke|p2|Clefairy, L50, M|\n|poke|p2|Sinistcha, L50|\n|teampreview|4\n|\n|t:|1700716839\n|start\n|switch|p1a: 2020|Weezing, L50, M|100\/100\n|switch|p1b: Cadmyril|Roaring Moon, L50, shiny|100\/100\n|switch|p2a: Typhlosion|Typhlosion-Hisui, L50, M|100\/100\n|switch|p2b: Tornadus|Tornadus, L50, M|100\/100\n|-ability|p1a: 2020|Neutralizing Gas\n|-enditem|p1b: Cadmyril|Booster Energy\n|-activate|p1b: Cadmyril|ability: Protosynthesis|[fromitem]\n|-start|p1b: Cadmyril|protosynthesisspe\n|turn|1\n|\n|t:|1700716858\n|-terastallize|p2a: Typhlosion|Fire\n|move|p1b: Cadmyril|Knock Off|p2a: Typhlosion\n|-damage|p2a: Typhlosion|23\/100\n|-enditem|p2a: Typhlosion|Choice Specs|[from] move: Knock Off|[of] p1b: Cadmyril\n|move|p2a: Typhlosion|Eruption|p1b: Cadmyril|[spread] p1a,p1b\n|-resisted|p1b: Cadmyril\n|-damage|p1a: 2020|80\/100\n|-damage|p1b: Cadmyril|92\/100\n|move|p2b: Tornadus|Tailwind|p2b: Tornadus\n|-sidestart|p2: Amenly|move: Tailwind\n|move|p1a: 2020|Taunt|p2b: Tornadus\n|-start|p2b: Tornadus|move: Taunt\n|\n|upkeep\n|turn|2\n|\n|t:|1700716881\n|switch|p2b: Chi-Yu|Chi-Yu, L50|100\/100\n|move|p2a: Typhlosion|Focus Blast|p1b: Cadmyril|[miss]\n|-miss|p2a: Typhlosion|p1b: Cadmyril\n|move|p1b: Cadmyril|Breaking Swipe|p2b: Chi-Yu|[spread] p2a,p2b\n|-damage|p2a: Typhlosion|0 fnt\n|-damage|p2b: Chi-Yu|64\/100\n|-unboost|p2b: Chi-Yu|atk|1\n|faint|p2a: Typhlosion\n|move|p1a: 2020|Gunk Shot|p2b: Chi-Yu|[miss]\n|-miss|p1a: 2020|p2b: Chi-Yu\n|\n|upkeep\n|\n|t:|1700716890\n|switch|p2a: Tornadus|Tornadus, L50, M|100\/100\n|turn|3\n|\n|t:|1700716902\n|move|p1a: 2020|Protect|p1a: 2020\n|-singleturn|p1a: 2020|Protect\n|move|p2b: Chi-Yu|Nasty Plot|p2b: Chi-Yu\n|-boost|p2b: Chi-Yu|spa|2\n|move|p1b: Cadmyril|Tailwind|p1b: Cadmyril\n|-sidestart|p1: Nervoneo|move: Tailwind\n|move|p2a: Tornadus|Taunt|p1a: 2020\n|-activate|p1a: 2020|move: Protect\n|\n|upkeep\n|turn|4\n|\n|t:|1700716920\n|move|p1b: Cadmyril|Breaking Swipe|p2a: Tornadus|[spread] p2a,p2b\n|-damage|p2a: Tornadus|68\/100\n|-damage|p2b: Chi-Yu|24\/100\n|-unboost|p2b: Chi-Yu|atk|1\n|move|p2b: Chi-Yu|Heat Wave|p1b: Cadmyril|[spread] p1a,p1b\n|-resisted|p1b: Cadmyril\n|-damage|p1a: 2020|0 fnt\n|-damage|p1b: Cadmyril|51\/100\n|faint|p1a: 2020\n|-end|p1a: 2020|ability: Neutralizing Gas\n|-ability|p2b: Chi-Yu|Beads of Ruin\n|-damage|p2b: Chi-Yu|14\/100|[from] item: Life Orb\n|move|p2a: Tornadus|Sunny Day|p2a: Tornadus\n|-weather|SunnyDay\n|\n|-weather|SunnyDay|[upkeep]\n|-sideend|p2: Amenly|move: Tailwind\n|upkeep\n|\n|t:|1700716935\n|switch|p1a: Why Zoinks|Flutter Mane, L50|100\/100\n|-activate|p1a: Why Zoinks|ability: Protosynthesis\n|-start|p1a: Why Zoinks|protosynthesisspe\n|turn|5\n|\n|t:|1700716953\n|move|p2a: Tornadus|Tailwind|p2a: Tornadus\n|-sidestart|p2: Amenly|move: Tailwind\n|move|p1a: Why Zoinks|Dazzling Gleam|p2b: Chi-Yu|[spread] p2a,p2b\n|-damage|p2a: Tornadus|23\/100\n|-damage|p2b: Chi-Yu|0 fnt\n|faint|p2b: Chi-Yu\n|move|p1b: Cadmyril|Knock Off|p2a: Tornadus\n|-damage|p2a: Tornadus|0 fnt\n|-enditem|p2a: Tornadus|Covert Cloak|[from] move: Knock Off|[of] p1b: Cadmyril\n|faint|p2a: Tornadus\n|\n|-weather|SunnyDay|[upkeep]\n|upkeep\n|inactive|Battle timer is ON: inactive players will automatically lose when time's up. (requested by Nervoneo)\n|inactive|Amenly has 60 seconds left.\n|inactive|Amenly has 30 seconds left.\n|inactive|Amenly has 20 seconds left.\n|inactive|Amenly has 15 seconds left.\n|inactive|Amenly has 10 seconds left.\n|inactive|Amenly has 5 seconds left.\n|\n|t:|1700717184\n|switch|p2a: Sinistcha|Sinistcha, L50|100\/100\n|turn|6\n|inactive|Nervoneo has 30 seconds left.\n|inactive|Amenly has 30 seconds left.\n|inactive|Amenly has 20 seconds left.\n|inactive|Amenly has 15 seconds left.\n|inactive|Amenly has 10 seconds left.\n|inactive|Amenly has 5 seconds left.\n|\n|t:|1700717239\n|move|p1a: Why Zoinks|Dazzling Gleam|p2a: Sinistcha\n|-damage|p2a: Sinistcha|54\/100\n|move|p1b: Cadmyril|Knock Off|p2a: Sinistcha\n|-supereffective|p2a: Sinistcha\n|-damage|p2a: Sinistcha|0 fnt\n|-enditem|p2a: Sinistcha|Leftovers|[from] move: Knock Off|[of] p1b: Cadmyril\n|faint|p2a: Sinistcha\n|\n|win|Nervoneo\n|raw|Nervoneo's rating: 1314 &rarr; <strong>1332<\/strong><br \/>(+18 for winning)\n|raw|Amenly's rating: 1284 &rarr; <strong>1261<\/strong><br \/>(-23 for losing)\n","uploadtime":1700717247,"views":8,"p1id":"nervoneo","p2id":"amenly","formatid":"gen9vgc2023regulatione","rating":1261,"private":0,"password":""}