{"id":"gen9vgc2023regulatione-1989770030","p1":"Tipoboh","p2":"Ayresbrun","format":"[Gen 9] VGC 2023 Regulation E","log":"|j|\u2606Tipoboh\n|j|\u2606Ayresbrun\n|t:|1699894236\n|gametype|doubles\n|player|p1|Tipoboh|101|1179\n|player|p2|Ayresbrun|266|1210\n|teamsize|p1|6\n|teamsize|p2|6\n|gen|9\n|tier|[Gen 9] VGC 2023 Regulation E\n|rated|\n|rule|Species Clause: Limit one of each Pok\u00e9mon\n|rule|Item Clause: Limit one of each item\n|clearpoke\n|poke|p1|Enamorus, L50, F|\n|poke|p1|Urshifu-*, L50, M|\n|poke|p1|Flutter Mane, L50|\n|poke|p1|Tornadus, L50, M|\n|poke|p1|Kingambit, L50, F|\n|poke|p1|Maushold-Four, L50|\n|poke|p2|Flutter Mane, L50|\n|poke|p2|Tornadus, L50, M|\n|poke|p2|Heatran, L50, F|\n|poke|p2|Rillaboom, L50, M|\n|poke|p2|Arcanine, L50, F|\n|poke|p2|Hydreigon, L50, M|\n|teampreview|4\nAyresbrun has agreed to open team sheets.\n|inactive|Battle timer is ON: inactive players will automatically lose when time's up. (requested by Ayresbrun)\nTipoboh rejected open team sheets.\n|inactive|Tipoboh has 60 seconds left.\n|\n|t:|1699894299\n|start\n|switch|p1a: Maushold|Maushold-Four, L50|100\/100\n|switch|p1b: Tornadus|Tornadus, L50, M|100\/100\n|switch|p2a: Tornadus|Tornadus, L50, M|100\/100\n|switch|p2b: Heatran|Heatran, L50, F|100\/100\n|turn|1\n|\n|t:|1699894311\n|move|p1b: Tornadus|Rain Dance|p1b: Tornadus\n|-weather|RainDance\n|move|p2a: Tornadus|Sunny Day|p2a: Tornadus\n|-weather|SunnyDay\n|move|p1a: Maushold|Population Bomb|p2a: Tornadus\n|-damage|p2a: Tornadus|88\/100\n|-damage|p2a: Tornadus|76\/100\n|-damage|p2a: Tornadus|65\/100\n|-damage|p2a: Tornadus|52\/100\n|-damage|p2a: Tornadus|40\/100\n|-damage|p2a: Tornadus|27\/100\n|-damage|p2a: Tornadus|14\/100\n|-damage|p2a: Tornadus|2\/100\n|-damage|p2a: Tornadus|0 fnt\n|faint|p2a: Tornadus\n|-hitcount|p2: Tornadus|9\n|move|p2b: Heatran|Heat Wave|p1b: Tornadus|[spread] p1a,p1b\n|-damage|p1a: Maushold|16\/100\n|-damage|p1b: Tornadus|7\/100\n|-damage|p2b: Heatran|91\/100|[from] item: Life Orb\n|\n|-weather|SunnyDay|[upkeep]\n|upkeep\n|\n|t:|1699894330\n|switch|p2a: Rillaboom|Rillaboom, L50, M|100\/100\n|-fieldstart|move: Grassy Terrain|[from] ability: Grassy Surge|[of] p2a: Rillaboom\n|turn|2\n|inactive|Tipoboh has 30 seconds left.\n|\n|t:|1699894359\n|switch|p1b: Enamorus|Enamorus, L50, F|100\/100\n|move|p2a: Rillaboom|Fake Out|p1b: Enamorus\n|-damage|p1b: Enamorus|77\/100\n|move|p1a: Maushold|Population Bomb|p2a: Rillaboom\n|-damage|p2a: Rillaboom|88\/100\n|-damage|p2a: Rillaboom|77\/100\n|-damage|p2a: Rillaboom|65\/100\n|-crit|p2a: Rillaboom\n|-damage|p2a: Rillaboom|47\/100\n|-crit|p2a: Rillaboom\n|-damage|p2a: Rillaboom|29\/100\n|-damage|p2a: Rillaboom|16\/100\n|-damage|p2a: Rillaboom|6\/100\n|-damage|p2a: Rillaboom|0 fnt\n|faint|p2a: Rillaboom\n|-hitcount|p2: Rillaboom|8\n|move|p2b: Heatran|Flash Cannon|p1a: Maushold\n|-damage|p1a: Maushold|0 fnt\n|faint|p1a: Maushold\n|-damage|p2b: Heatran|81\/100|[from] item: Life Orb\n|\n|-weather|SunnyDay|[upkeep]\n|-heal|p2b: Heatran|87\/100|[from] Grassy Terrain\n|upkeep\n|\n|t:|1699894383\n|switch|p1a: Tornadus|Tornadus, L50, M|7\/100\n|switch|p2a: Flutter Mane|Flutter Mane, L50|100\/100\n|-activate|p2a: Flutter Mane|ability: Protosynthesis\n|-start|p2a: Flutter Mane|protosynthesisspa\n|turn|3\n|\n|t:|1699894400\n|-terastallize|p2a: Flutter Mane|Fairy\n|move|p1a: Tornadus|Tailwind|p1a: Tornadus\n|-sidestart|p1: Tipoboh|move: Tailwind\n|move|p1b: Enamorus|Superpower|p2b: Heatran\n|-supereffective|p2b: Heatran\n|-damage|p2b: Heatran|0 fnt\n|-boost|p1b: Enamorus|atk|1\n|-boost|p1b: Enamorus|def|1\n|faint|p2b: Heatran\n|move|p2a: Flutter Mane|Dazzling Gleam|p1a: Tornadus|[spread] p1a,p1b\n|-damage|p1a: Tornadus|0 fnt\n|-damage|p1b: Enamorus|0 fnt\n|faint|p1a: Tornadus\n|faint|p1b: Enamorus\n|\n|-weather|SunnyDay|[upkeep]\n|upkeep\n|\n|t:|1699894412\n|switch|p1b: Flutter Mane|Flutter Mane, L50|100\/100\n|-activate|p1b: Flutter Mane|ability: Protosynthesis\n|-start|p1b: Flutter Mane|protosynthesisspe\n|turn|4\n|\n|t:|1699894422\n|-terastallize|p1b: Flutter Mane|Fairy\n|move|p1b: Flutter Mane|Shadow Ball|p2a: Flutter Mane\n|-damage|p2a: Flutter Mane|56\/100\n|-unboost|p2a: Flutter Mane|spd|1\n|move|p2a: Flutter Mane|Dazzling Gleam|p1b: Flutter Mane\n|-enditem|p1b: Flutter Mane|Focus Sash\n|-damage|p1b: Flutter Mane|1\/100\n|\n|-weather|SunnyDay|[upkeep]\n|-heal|p1b: Flutter Mane|7\/100|[from] Grassy Terrain\n|-heal|p2a: Flutter Mane|62\/100|[from] Grassy Terrain\n|upkeep\n|turn|5\n|\n|t:|1699894435\n|move|p1b: Flutter Mane|Shadow Ball|p2a: Flutter Mane\n|-damage|p2a: Flutter Mane|3\/100\n|move|p2a: Flutter Mane|Dazzling Gleam|p1b: Flutter Mane\n|-damage|p1b: Flutter Mane|0 fnt\n|faint|p1b: Flutter Mane\n|-end|p1b: Flutter Mane|Protosynthesis|[silent]\n|\n|win|Ayresbrun\n|raw|Tipoboh's rating: 1179 &rarr; <strong>1156<\/strong><br \/>(-23 for losing)\n|raw|Ayresbrun's rating: 1210 &rarr; <strong>1233<\/strong><br \/>(+23 for winning)\n","uploadtime":1699894444,"views":10,"p1id":"tipoboh","p2id":"ayresbrun","formatid":"gen9vgc2023regulatione","rating":1156,"private":0,"password":""}