{"id":"gen9vgc2023regulatione-1988803813","p1":"Ozwald McFly","p2":"shiiiiiney","format":"[Gen 9] VGC 2023 Regulation E","log":"|j|\u2606Ozwald McFly\n|j|\u2606shiiiiiney\n|t:|1699765477\n|gametype|doubles\n|player|p1|Ozwald McFly|birdkeeper-gen4dp|1339\n|player|p2|shiiiiiney|flannery|1237\n|teamsize|p1|6\n|teamsize|p2|6\n|gen|9\n|tier|[Gen 9] VGC 2023 Regulation E\n|rated|\n|rule|Species Clause: Limit one of each Pok\u00e9mon\n|rule|Item Clause: Limit one of each item\n|clearpoke\n|poke|p1|Noctowl, L50, F|\n|poke|p1|Sandy Shocks, L50|\n|poke|p1|Espeon, L50, F|\n|poke|p1|Indeedee-F, L50, F|\n|poke|p1|Iron Hands, L50|\n|poke|p1|Decidueye-Hisui, L50, M|\n|poke|p2|Roaring Moon, L50|\n|poke|p2|Zapdos-Galar, L50|\n|poke|p2|Tornadus, L50, M|\n|poke|p2|Baxcalibur, L50, M|\n|poke|p2|Goodra-Hisui, L50, M|\n|poke|p2|Farigiraf, L50, F|\n|teampreview|4\n|\n|t:|1699765523\n|start\n|switch|p1a: Sandy Shocks|Sandy Shocks, L50|100\/100\n|switch|p1b: Noctowl|Noctowl, L50, F|100\/100\n|switch|p2a: Baxcalibur|Baxcalibur, L50, M|100\/100\n|switch|p2b: Tornadus|Tornadus, L50, M|100\/100\n|-enditem|p1a: Sandy Shocks|Booster Energy\n|-activate|p1a: Sandy Shocks|ability: Protosynthesis|[fromitem]\n|-start|p1a: Sandy Shocks|protosynthesisspe\n|turn|1\n|inactive|Battle timer is ON: inactive players will automatically lose when time's up. (requested by shiiiiiney)\n|inactive|Ozwald McFly has 60 seconds left.\n|inactive|shiiiiiney has 60 seconds left.\n|\n|t:|1699765562\n|-end|p1a: Sandy Shocks|Protosynthesis|[silent]\n|switch|p1a: Iron Hands|Iron Hands, L50|100\/100\n|move|p2b: Tornadus|Taunt|p1b: Noctowl\n|-start|p1b: Noctowl|move: Taunt\n|move|p2a: Baxcalibur|Earthquake|p1a: Iron Hands|[spread] p1a\n|-immune|p2b: Tornadus\n|-immune|p1b: Noctowl\n|-supereffective|p1a: Iron Hands\n|-damage|p1a: Iron Hands|55\/100\n|cant|p1b: Noctowl|move: Taunt|Tailwind\n|\n|upkeep\n|turn|2\n|inactive|Ozwald McFly has 30 seconds left.\n|inactive|Ozwald McFly has 20 seconds left.\n|\n|t:|1699765598\n|move|p2b: Tornadus|Bleakwind Storm|p1a: Iron Hands|[spread] p1a,p1b\n|-damage|p1a: Iron Hands|34\/100\n|-damage|p1b: Noctowl|64\/100\n|move|p2a: Baxcalibur|Breaking Swipe|p1b: Noctowl|[spread] p1a,p1b\n|-damage|p1a: Iron Hands|16\/100\n|-damage|p1b: Noctowl|39\/100\n|-unboost|p1a: Iron Hands|atk|1\n|move|p1b: Noctowl|Hurricane|p2a: Baxcalibur|[miss]\n|-miss|p1b: Noctowl|p2a: Baxcalibur\n|move|p1a: Iron Hands|Drain Punch|p2a: Baxcalibur\n|-supereffective|p2a: Baxcalibur\n|-damage|p2a: Baxcalibur|39\/100\n|-heal|p1a: Iron Hands|42\/100|[from] drain|[of] p2a: Baxcalibur\n|\n|upkeep\n|turn|3\n|\n|t:|1699765622\n|move|p2b: Tornadus|Bleakwind Storm|p1a: Iron Hands|[spread] p1a\n|-miss|p2b: Tornadus|p1b: Noctowl\n|-damage|p1a: Iron Hands|24\/100\n|-unboost|p1a: Iron Hands|spe|1\n|move|p2a: Baxcalibur|Breaking Swipe|p1b: Noctowl|[spread] p1a,p1b\n|-damage|p1a: Iron Hands|3\/100\n|-damage|p1b: Noctowl|15\/100\n|-unboost|p1a: Iron Hands|atk|1\n|move|p1b: Noctowl|Hurricane|p2a: Baxcalibur\n|-damage|p2a: Baxcalibur|18\/100\n|move|p1a: Iron Hands|Drain Punch|p2a: Baxcalibur\n|-supereffective|p2a: Baxcalibur\n|-damage|p2a: Baxcalibur|0 fnt\n|-heal|p1a: Iron Hands|11\/100|[from] drain|[of] p2a: Baxcalibur\n|faint|p2a: Baxcalibur\n|\n|-end|p1b: Noctowl|move: Taunt\n|upkeep\n|\n|t:|1699765641\n|switch|p2a: Zapdos|Zapdos-Galar, L50|100\/100\n|turn|4\n|\n|t:|1699765659\n|move|p2b: Tornadus|Rain Dance|p2b: Tornadus\n|-weather|RainDance\n|move|p2a: Zapdos|Thunderous Kick|p1a: Iron Hands\n|-damage|p1a: Iron Hands|0 fnt\n|faint|p1a: Iron Hands\n|-end|p1a: Iron Hands|Quark Drive|[silent]\n|move|p1b: Noctowl|Tailwind|p1b: Noctowl\n|-sidestart|p1: Ozwald McFly|move: Tailwind\n|\n|-weather|RainDance|[upkeep]\n|upkeep\n|\n|t:|1699765670\n|switch|p1a: Sandy Shocks|Sandy Shocks, L50|100\/100\n|turn|5\n|inactive|shiiiiiney has 30 seconds left.\n|\n|t:|1699765696\n|-terastallize|p2a: Zapdos|Electric\n|move|p1a: Sandy Shocks|Gravity|p1a: Sandy Shocks\n|-fieldstart|move: Gravity\n|move|p1b: Noctowl|Hypnosis|p2a: Zapdos\n|-status|p2a: Zapdos|slp|[from] move: Hypnosis\n|move|p2b: Tornadus|Bleakwind Storm|p1a: Sandy Shocks|[spread] p1a,p1b\n|-resisted|p1a: Sandy Shocks\n|-damage|p1a: Sandy Shocks|75\/100\n|-damage|p1b: Noctowl|0 fnt\n|faint|p1b: Noctowl\n|cant|p2a: Zapdos|slp\n|\n|-weather|RainDance|[upkeep]\n|upkeep\n|\n|t:|1699765706\n|switch|p1b: Espeon|Espeon, L50, F|100\/100\n|turn|6\n|\n|t:|1699765730\n|cant|p2a: Zapdos|slp\n|move|p2b: Tornadus|Tailwind|p2b: Tornadus\n|-sidestart|p2: shiiiiiney|move: Tailwind\n|move|p1b: Espeon|Psychic|p2b: Tornadus\n|-damage|p2b: Tornadus|47\/100\n|move|p1a: Sandy Shocks|Thunder|p2b: Tornadus\n|-supereffective|p2b: Tornadus\n|-damage|p2b: Tornadus|0 fnt\n|faint|p2b: Tornadus\n|\n|-weather|RainDance|[upkeep]\n|upkeep\n|\n|t:|1699765740\n|switch|p2b: Roaring Moon|Roaring Moon, L50|100\/100\n|-enditem|p2b: Roaring Moon|Booster Energy\n|-activate|p2b: Roaring Moon|ability: Protosynthesis|[fromitem]\n|-start|p2b: Roaring Moon|protosynthesisatk\n|turn|7\n|inactive|shiiiiiney has 30 seconds left.\n|\n|t:|1699765771\n|-terastallize|p1b: Espeon|Fairy\n|move|p1a: Sandy Shocks|Protect|p1a: Sandy Shocks\n|-singleturn|p1a: Sandy Shocks|Protect\n|move|p1b: Espeon|Dazzling Gleam|p2b: Roaring Moon|[spread] p2a,p2b\n|-supereffective|p2b: Roaring Moon\n|-damage|p2a: Zapdos|66\/100 slp\n|-damage|p2b: Roaring Moon|0 fnt\n|faint|p2b: Roaring Moon\n|-end|p2b: Roaring Moon|Protosynthesis|[silent]\n|-curestatus|p2a: Zapdos|slp|[msg]\n|move|p2a: Zapdos|Thunderous Kick|p1a: Sandy Shocks\n|-activate|p1a: Sandy Shocks|move: Protect\n|\n|-weather|RainDance|[upkeep]\n|-sideend|p1: Ozwald McFly|move: Tailwind\n|upkeep\n|turn|8\n|-message|shiiiiiney forfeited.\n|\n|win|Ozwald McFly\n|raw|Ozwald McFly's rating: 1339 &rarr; <strong>1353<\/strong><br \/>(+14 for winning)\n|raw|shiiiiiney's rating: 1237 &rarr; <strong>1219<\/strong><br \/>(-18 for losing)\n|l|\u2606shiiiiiney\n","uploadtime":1699765786,"views":12,"p1id":"ozwaldmcfly","p2id":"shiiiiiney","formatid":"gen9vgc2023regulatione","rating":1219,"private":0,"password":""}