{"id":"gen9vgc2023regulatione-1992734460","p1":"Conchoboar3","p2":"Dorillo","format":"[Gen 9] VGC 2023 Regulation E","log":"|j|\u2606Conchoboar3\n|j|\u2606Dorillo\n|t:|1700230427\n|gametype|doubles\n|player|p1|Conchoboar3|2|1274\n|player|p2|Dorillo|hau|1315\n|teamsize|p1|6\n|teamsize|p2|6\n|gen|9\n|tier|[Gen 9] VGC 2023 Regulation E\n|rated|\n|rule|Species Clause: Limit one of each Pok\u00e9mon\n|rule|Item Clause: Limit one of each item\n|clearpoke\n|poke|p1|Mamoswine, L50, M|\n|poke|p1|Iron Hands, L50|\n|poke|p1|Grimmsnarl, L50, M|\n|poke|p1|Flutter Mane, L50|\n|poke|p1|Heatran, L50, F|\n|poke|p1|Sinistcha, L50|\n|poke|p2|Armarouge, L50, F|\n|poke|p2|Spectrier, L50|\n|poke|p2|Indeedee-F, L50, F|\n|poke|p2|Sneasler, L50, F|\n|poke|p2|Urshifu-*, L50, M|\n|poke|p2|Tornadus, L50, M|\n|teampreview|4\n|inactive|Battle timer is ON: inactive players will automatically lose when time's up. (requested by Dorillo)\nDorillo has agreed to open team sheets.\n|inactive|Conchoboar3 has 60 seconds left.\n|inactive|Dorillo has 60 seconds left.\n|\n|t:|1700230467\n|start\n|switch|p1a: Grimmsnarl|Grimmsnarl, L50, M|100\/100\n|switch|p1b: Iron Hands|Iron Hands, L50|100\/100\n|switch|p2a: Armarouge|Armarouge, L50, F|100\/100\n|switch|p2b: Spectrier|Spectrier, L50|100\/100\n|turn|1\n|\n|t:|1700230480\n|-terastallize|p1b: Iron Hands|Fire\n|move|p2a: Armarouge|Protect|p2a: Armarouge\n|-singleturn|p2a: Armarouge|Protect\n|move|p1a: Grimmsnarl|Light Screen|p1a: Grimmsnarl\n|-sidestart|p1: Conchoboar3|move: Light Screen\n|move|p2b: Spectrier|Draining Kiss|p1a: Grimmsnarl\n|-supereffective|p1a: Grimmsnarl\n|-damage|p1a: Grimmsnarl|71\/100\n|move|p1b: Iron Hands|Thunder Punch|p2a: Armarouge\n|-activate|p2a: Armarouge|move: Protect\n|\n|upkeep\n|turn|2\n|\n|t:|1700230504\n|move|p1a: Grimmsnarl|Parting Shot|p2a: Armarouge\n|-unboost|p2a: Armarouge|atk|1\n|-unboost|p2a: Armarouge|spa|1\n|\n|t:|1700230509\n|switch|p1a: Heatran|Heatran, L50, F|100\/100|[from] Parting Shot\n|move|p2b: Spectrier|Bulldoze|p1b: Iron Hands|[spread] p2a,p1a,p1b\n|-supereffective|p2a: Armarouge\n|-supereffective|p1a: Heatran\n|-supereffective|p1b: Iron Hands\n|-damage|p2a: Armarouge|87\/100\n|-damage|p1a: Heatran|75\/100\n|-damage|p1b: Iron Hands|89\/100\n|-unboost|p2a: Armarouge|spe|1\n|-unboost|p1a: Heatran|spe|1\n|-unboost|p1b: Iron Hands|spe|1\n|-ability|p2a: Armarouge|Weak Armor|boost\n|-unboost|p2a: Armarouge|def|1\n|-boost|p2a: Armarouge|spe|2\n|-enditem|p2a: Armarouge|Weakness Policy\n|-boost|p2a: Armarouge|atk|2|[from] item: Weakness Policy\n|-boost|p2a: Armarouge|spa|2|[from] item: Weakness Policy\n|move|p2a: Armarouge|Expanding Force|p1b: Iron Hands\n|-damage|p1b: Iron Hands|65\/100\n|move|p1b: Iron Hands|Thunder Punch|p2a: Armarouge\n|-damage|p2a: Armarouge|15\/100\n|-ability|p2a: Armarouge|Weak Armor|boost\n|-unboost|p2a: Armarouge|def|1\n|-boost|p2a: Armarouge|spe|2\n|\n|upkeep\n|turn|3\n|inactive|Dorillo has 30 seconds left.\n|inactive|Conchoboar3 has 30 seconds left.\n|inactive|Dorillo has 20 seconds left.\n|inactive|Dorillo has 15 seconds left.\n|inactive|Dorillo has 10 seconds left.\n|\n|t:|1700230555\n|switch|p2b: Indeedee|Indeedee-F, L50, F|100\/100\n|-fieldstart|move: Psychic Terrain|[from] ability: Psychic Surge|[of] p2b: Indeedee\n|switch|p1a: Sinistcha|Sinistcha, L50|100\/100\n|-heal|p1b: Iron Hands|90\/100|[from] ability: Hospitality|[of] p1a: Sinistcha\n|move|p2a: Armarouge|Expanding Force|p1a: Sinistcha|[spread] p1a,p1b\n|-damage|p1a: Sinistcha|37\/100\n|-damage|p1b: Iron Hands|58\/100\n|-enditem|p1a: Sinistcha|Sitrus Berry|[eat]\n|-heal|p1a: Sinistcha|62\/100|[from] item: Sitrus Berry\n|move|p1b: Iron Hands|Thunder Punch|p2a: Armarouge\n|-damage|p2a: Armarouge|0 fnt\n|faint|p2a: Armarouge\n|\n|upkeep\n|\n|t:|1700230572\n|switch|p2a: Sneasler|Sneasler, L50, F|100\/100\n|-enditem|p2a: Sneasler|Psychic Seed\n|-boost|p2a: Sneasler|spd|1|[from] item: Psychic Seed\n|turn|4\n|inactive|Dorillo has 30 seconds left.\n|inactive|Dorillo has 20 seconds left.\n|inactive|Dorillo has 15 seconds left.\n|\n|t:|1700230613\n|move|p2a: Sneasler|Rock Slide|p1b: Iron Hands|[spread] p1a,p1b\n|-supereffective|p1b: Iron Hands\n|-damage|p1a: Sinistcha|46\/100\n|-damage|p1b: Iron Hands|26\/100\n|move|p2b: Indeedee|Psyshock|p1b: Iron Hands\n|-damage|p1b: Iron Hands|8\/100\n|move|p1b: Iron Hands|Thunder Punch|p2a: Sneasler\n|-damage|p2a: Sneasler|34\/100\n|move|p1a: Sinistcha|Trick Room|p1a: Sinistcha\n|-fieldstart|move: Trick Room|[of] p1a: Sinistcha\n|\n|upkeep\n|turn|5\n|\n|t:|1700230632\n|move|p2b: Indeedee|Follow Me|p2b: Indeedee\n|-singleturn|p2b: Indeedee|move: Follow Me\n|move|p1b: Iron Hands|Drain Punch|p2b: Indeedee\n|-damage|p2b: Indeedee|50\/100\n|-heal|p1b: Iron Hands|27\/100|[from] drain|[of] p2b: Indeedee\n|-damage|p1b: Iron Hands|11\/100|[from] item: Rocky Helmet|[of] p2b: Indeedee\n|move|p1a: Sinistcha|Matcha Gotcha|p2b: Indeedee|[spread] p2a,p2b\n|-resisted|p2a: Sneasler\n|-damage|p2a: Sneasler|23\/100\n|-heal|p1a: Sinistcha|51\/100|[from] drain|[of] p2a: Sneasler\n|-damage|p2b: Indeedee|26\/100\n|-heal|p1a: Sinistcha|63\/100|[from] drain|[of] p2b: Indeedee\n|move|p2a: Sneasler|Rock Slide|p1b: Iron Hands|[spread] p1b\n|-miss|p2a: Sneasler|p1a: Sinistcha\n|-supereffective|p1b: Iron Hands\n|-damage|p1b: Iron Hands|0 fnt\n|faint|p1b: Iron Hands\n|-end|p1b: Iron Hands|Quark Drive|[silent]\n|\n|upkeep\n|\n|t:|1700230637\n|switch|p1b: Heatran|Heatran, L50, F|75\/100\n|turn|6\n|inactive|Dorillo has 30 seconds left.\n|\n|t:|1700230663\n|move|p2a: Sneasler|Protect|p2a: Sneasler\n|-singleturn|p2a: Sneasler|Protect\n|move|p1a: Sinistcha|Matcha Gotcha|p2a: Sneasler|[spread] p2b\n|-activate|p2a: Sneasler|move: Protect\n|-damage|p2b: Indeedee|2\/100\n|-heal|p1a: Sinistcha|75\/100|[from] drain|[of] p2b: Indeedee\n|-status|p2b: Indeedee|brn\n|move|p1b: Heatran|Heat Wave|p2a: Sneasler|[spread] p2b\n|-activate|p2a: Sneasler|move: Protect\n|-damage|p2b: Indeedee|0 fnt\n|faint|p2b: Indeedee\n|\n|upkeep\n|\n|t:|1700230667\n|switch|p2b: Spectrier|Spectrier, L50|100\/100\n|turn|7\n|\n|t:|1700230684\n|move|p1a: Sinistcha|Shadow Ball|p2b: Spectrier\n|-supereffective|p2b: Spectrier\n|-damage|p2b: Spectrier|18\/100\n|-enditem|p2b: Spectrier|Sitrus Berry|[eat]\n|-heal|p2b: Spectrier|43\/100|[from] item: Sitrus Berry\n|move|p1b: Heatran|Heat Wave|p2a: Sneasler|[spread] p2a\n|-miss|p1b: Heatran|p2b: Spectrier\n|-damage|p2a: Sneasler|0 fnt\n|faint|p2a: Sneasler\n|move|p2b: Spectrier|Shadow Ball|p1b: Heatran\n|-damage|p1b: Heatran|49\/100\n|\n|-fieldend|move: Psychic Terrain\n|upkeep\n|turn|8\n|-message|Dorillo forfeited.\n|\n|win|Conchoboar3\n|raw|Conchoboar3's rating: 1274 &rarr; <strong>1302<\/strong><br \/>(+28 for winning)\n|raw|Dorillo's rating: 1315 &rarr; <strong>1293<\/strong><br \/>(-22 for losing)\n|l|\u2606Dorillo\n","uploadtime":1700230713,"views":11,"p1id":"conchoboar3","p2id":"dorillo","formatid":"gen9vgc2023regulatione","rating":1293,"private":0,"password":""}