{"id":"gen9vgc2023regulatione-1991543884","p1":"CHAMPNIZER","p2":"swaggypepper","format":"[Gen 9] VGC 2023 Regulation E","log":"|j|\u2606CHAMPNIZER\n|j|\u2606swaggypepper\n|t:|1700086780\n|gametype|doubles\n|player|p1|CHAMPNIZER|swimmer|1162\n|player|p2|swaggypepper|swimmer|1167\n|teamsize|p1|6\n|teamsize|p2|6\n|gen|9\n|tier|[Gen 9] VGC 2023 Regulation E\n|rated|\n|rule|Species Clause: Limit one of each Pok\u00e9mon\n|rule|Item Clause: Limit one of each item\n|clearpoke\n|poke|p1|Garchomp, L50, M|\n|poke|p1|Meowscarada, L50, F|\n|poke|p1|Milotic, L50, F|\n|poke|p1|Tornadus, L50, M|\n|poke|p1|Hydreigon, L50, F|\n|poke|p1|Landorus-Therian, L50, M|\n|poke|p2|Dusclops, L50, F|\n|poke|p2|Torkoal, L50, M|\n|poke|p2|Ursaluna, L50, F|\n|poke|p2|Vaporeon, L50, M|\n|poke|p2|Jumpluff, L50, M|\n|poke|p2|Snorlax, L50, F|\n|teampreview|4\nswaggypepper rejected open team sheets.\n|inactive|Battle timer is ON: inactive players will automatically lose when time's up. (requested by swaggypepper)\n|\n|t:|1700086822\n|start\n|switch|p1a: Meowscarada|Meowscarada, L50, F|100\/100\n|switch|p1b: Hydreigon|Hydreigon, L50, F|100\/100\n|switch|p2a: McFly|Jumpluff, L50, M|100\/100\n|switch|p2b: Ralf|Torkoal, L50, M|100\/100\n|-weather|SunnyDay|[from] ability: Drought|[of] p2b: Ralf\n|turn|1\n|\n|t:|1700086841\n|move|p2a: McFly|Sleep Powder|p1b: Hydreigon\n|-status|p1b: Hydreigon|slp|[from] move: Sleep Powder\n|move|p1a: Meowscarada|Knock Off|p2b: Ralf\n|-damage|p2b: Ralf|63\/100\n|-damage|p1a: Meowscarada|84\/100|[from] item: Rocky Helmet|[of] p2b: Ralf\n|-enditem|p2b: Ralf|Rocky Helmet|[from] move: Knock Off|[of] p1a: Meowscarada\n|cant|p1b: Hydreigon|slp\n|move|p2b: Ralf|Heat Wave|p1a: Meowscarada|[spread] p1a\n|-miss|p2b: Ralf|p1b: Hydreigon\n|-supereffective|p1a: Meowscarada\n|-damage|p1a: Meowscarada|0 fnt\n|faint|p1a: Meowscarada\n|\n|-weather|SunnyDay|[upkeep]\n|upkeep\n|\n|t:|1700086861\n|switch|p1a: Landorus|Landorus-Therian, L50, M|100\/100\n|-ability|p1a: Landorus|Intimidate|boost\n|-unboost|p2a: McFly|atk|1\n|-unboost|p2b: Ralf|atk|1\n|turn|2\n|\n|t:|1700086868\n|move|p2a: McFly|Sleep Powder|p1a: Landorus\n|-status|p1a: Landorus|slp|[from] move: Sleep Powder\n|cant|p1a: Landorus|slp\n|cant|p1b: Hydreigon|slp\n|move|p2b: Ralf|Heat Wave|p1a: Landorus|[spread] p1a,p1b\n|-crit|p1a: Landorus\n|-resisted|p1b: Hydreigon\n|-damage|p1a: Landorus|25\/100 slp\n|-damage|p1b: Hydreigon|72\/100 slp\n|\n|-weather|SunnyDay|[upkeep]\n|upkeep\n|turn|3\n|\n|t:|1700086880\n|move|p2a: McFly|Reflect|p2a: McFly\n|-sidestart|p2: swaggypepper|Reflect\n|-curestatus|p1a: Landorus|slp|[msg]\n|move|p1a: Landorus|Rock Slide|p2a: McFly|[spread] p2a,p2b\n|-supereffective|p2a: McFly\n|-supereffective|p2b: Ralf\n|-damage|p2a: McFly|68\/100\n|-damage|p2b: Ralf|42\/100\n|-curestatus|p1b: Hydreigon|slp|[msg]\n|move|p1b: Hydreigon|Substitute|p1b: Hydreigon\n|-start|p1b: Hydreigon|Substitute\n|-damage|p1b: Hydreigon|47\/100\n|-enditem|p1b: Hydreigon|Sitrus Berry|[eat]\n|-heal|p1b: Hydreigon|72\/100|[from] item: Sitrus Berry\n|cant|p2b: Ralf|flinch\n|\n|-weather|SunnyDay|[upkeep]\n|upkeep\n|turn|4\n|\n|t:|1700086898\n|move|p2a: McFly|Pollen Puff|p2b: Ralf\n|-heal|p2b: Ralf|92\/100\n|move|p1a: Landorus|Rock Slide|p2b: Ralf|[spread] p2a,p2b\n|-supereffective|p2a: McFly\n|-supereffective|p2b: Ralf\n|-damage|p2a: McFly|31\/100\n|-damage|p2b: Ralf|72\/100\n|move|p1b: Hydreigon|Heat Wave|p2b: Ralf|[spread] p2b\n|-miss|p1b: Hydreigon|p2a: McFly\n|-resisted|p2b: Ralf\n|-damage|p2b: Ralf|46\/100\n|move|p2b: Ralf|Heat Wave|p1a: Landorus|[spread] p1a,p1b\n|-resisted|p1b: Hydreigon\n|-end|p1b: Hydreigon|Substitute\n|-damage|p1a: Landorus|0 fnt\n|faint|p1a: Landorus\n|\n|-weather|SunnyDay|[upkeep]\n|upkeep\n|\n|t:|1700086915\n|switch|p1a: Milotic|Milotic, L50, F|100\/100\n|turn|5\n|\n|t:|1700086935\n|switch|p2b: Buddy|Vaporeon, L50, M|100\/100\n|move|p2a: McFly|Sleep Powder|p1b: Hydreigon\n|-status|p1b: Hydreigon|slp|[from] move: Sleep Powder\n|cant|p1b: Hydreigon|slp\n|move|p1a: Milotic|Icy Wind|p2a: McFly|[spread] p2a,p2b\n|-supereffective|p2a: McFly\n|-resisted|p2b: Buddy\n|-damage|p2a: McFly|0 fnt\n|-damage|p2b: Buddy|96\/100\n|-unboost|p2b: Buddy|spe|1\n|faint|p2a: McFly\n|\n|-weather|none\n|-heal|p2b: Buddy|100\/100|[from] item: Leftovers\n|upkeep\n|\n|t:|1700086948\n|switch|p2a: Lotta|Ursaluna, L50, F|100\/100\n|turn|6\n|\n|t:|1700086970\n|-terastallize|p1b: Hydreigon|Steel\n|move|p2a: Lotta|Protect|p2a: Lotta\n|-singleturn|p2a: Lotta|Protect\n|cant|p1b: Hydreigon|slp\n|move|p1a: Milotic|Scald|p2a: Lotta\n|-activate|p2a: Lotta|move: Protect\n|move|p2b: Buddy|Calm Mind|p2b: Buddy\n|-boost|p2b: Buddy|spa|1\n|-boost|p2b: Buddy|spd|1\n|\n|-status|p2a: Lotta|brn|[from] item: Flame Orb\n|upkeep\n|turn|7\n|\n|t:|1700086986\n|cant|p1b: Hydreigon|slp\n|move|p1a: Milotic|Haze|p1a: Milotic\n|-clearallboost\n|move|p2b: Buddy|Scald|p1b: Hydreigon\n|-damage|p1b: Hydreigon|23\/100 slp\n|move|p2a: Lotta|Facade|p1a: Milotic\n|-damage|p1a: Milotic|4\/100\n|\n|-heal|p1a: Milotic|10\/100|[from] item: Leftovers\n|-damage|p2a: Lotta|95\/100 brn|[from] brn\n|-sideend|p2: swaggypepper|Reflect\n|upkeep\n|turn|8\n|\n|t:|1700087004\n|move|p2a: Lotta|Protect|p2a: Lotta\n|-singleturn|p2a: Lotta|Protect\n|-curestatus|p1b: Hydreigon|slp|[msg]\n|move|p1b: Hydreigon|Dark Pulse|p2b: Buddy\n|-damage|p2b: Buddy|66\/100\n|move|p1a: Milotic|Scald|p2a: Lotta\n|-activate|p2a: Lotta|move: Protect\n|cant|p2b: Buddy|flinch\n|\n|-heal|p1a: Milotic|16\/100|[from] item: Leftovers\n|-heal|p2b: Buddy|72\/100|[from] item: Leftovers\n|-damage|p2a: Lotta|89\/100 brn|[from] brn\n|upkeep\n|turn|9\n|\n|t:|1700087024\n|-terastallize|p2a: Lotta|Ghost\n|move|p1b: Hydreigon|Dark Pulse|p2b: Buddy\n|-damage|p2b: Buddy|38\/100\n|move|p1a: Milotic|Scald|p2a: Lotta\n|-damage|p2a: Lotta|64\/100 brn\n|move|p2b: Buddy|Scald|p1b: Hydreigon\n|-damage|p1b: Hydreigon|0 fnt\n|faint|p1b: Hydreigon\n|move|p2a: Lotta|Facade|p1a: Milotic\n|-damage|p1a: Milotic|0 fnt\n|faint|p1a: Milotic\n|\n|win|swaggypepper\n|raw|CHAMPNIZER's rating: 1162 &rarr; <strong>1137<\/strong><br \/>(-25 for losing)\n|raw|swaggypepper's rating: 1167 &rarr; <strong>1192<\/strong><br \/>(+25 for winning)\n|l|\u2606CHAMPNIZER\n|c|\u2606swaggypepper|gg\n","uploadtime":1700087173,"views":33,"p1id":"champnizer","p2id":"swaggypepper","formatid":"gen9vgc2023regulatione","rating":1137,"private":0,"password":""}