{"id":"gen9vgc2023regulatione-1993596750","p1":"tyl8","p2":"previouslyunnamed","format":"[Gen 9] VGC 2023 Regulation E","log":"|j|\u2606tyl8\n|j|\u2606previouslyunnamed\n|t:|1700335758\n|gametype|doubles\n|player|p1|tyl8|dawn|1348\n|player|p2|previouslyunnamed|heroine2-conquest|1433\n|teamsize|p1|6\n|teamsize|p2|6\n|gen|9\n|tier|[Gen 9] VGC 2023 Regulation E\n|rated|\n|rule|Species Clause: Limit one of each Pok\u00e9mon\n|rule|Item Clause: Limit one of each item\n|clearpoke\n|poke|p1|Spectrier, L50|\n|poke|p1|Grimmsnarl, L50, M|\n|poke|p1|Roaring Moon, L50|\n|poke|p1|Ogerpon-Wellspring, L50, F|\n|poke|p1|Heatran, L50, F|\n|poke|p1|Dragonite, L50, M|\n|poke|p2|Staraptor, L50, F|\n|poke|p2|Torkoal, L50, F|\n|poke|p2|Scream Tail, L50|\n|poke|p2|Farigiraf, L50, M|\n|poke|p2|Ursaluna, L50, M|\n|poke|p2|Urshifu-*, L50, M|\n|teampreview|4\n|inactive|Battle timer is ON: inactive players will automatically lose when time's up. (requested by previouslyunnamed)\n|inactive|tyl8 also wants the timer to be on.\n|inactive|previouslyunnamed has 60 seconds left.\n|\n|t:|1700335797\n|start\n|switch|p1a: Spectrier|Spectrier, L50|100\/100\n|switch|p1b: Grimmsnarl|Grimmsnarl, L50, M, shiny|100\/100\n|switch|p2a: Scream Tail|Scream Tail, L50|100\/100\n|switch|p2b: Staraptor|Staraptor, L50, F|100\/100\n|-ability|p2b: Staraptor|Intimidate|boost\n|-unboost|p1a: Spectrier|atk|1\n|-unboost|p1b: Grimmsnarl|atk|1\n|turn|1\n|\n|t:|1700335806\n|move|p1b: Grimmsnarl|Light Screen|p1b: Grimmsnarl\n|-sidestart|p1: tyl8|move: Light Screen\n|move|p2b: Staraptor|Final Gambit|p1b: Grimmsnarl\n|-damage|p1b: Grimmsnarl|0 fnt\n|faint|p2b: Staraptor\n|faint|p1b: Grimmsnarl\n|move|p1a: Spectrier|Nasty Plot|p1a: Spectrier\n|-boost|p1a: Spectrier|spa|2\n|move|p2a: Scream Tail|Trick Room|p2a: Scream Tail\n|-fieldstart|move: Trick Room|[of] p2a: Scream Tail\n|\n|upkeep\n|\n|t:|1700335817\n|switch|p1b: Ogerpon|Ogerpon-Wellspring, L50, F|100\/100\n|switch|p2b: Torkoal|Torkoal, L50, F, shiny|100\/100\n|-weather|SunnyDay|[from] ability: Drought|[of] p2b: Torkoal\n|-activate|p2a: Scream Tail|ability: Protosynthesis\n|-start|p2a: Scream Tail|protosynthesisspd\n|turn|2\n|\n|t:|1700335827\n|-terastallize|p2b: Torkoal|Fire\n|-terastallize|p1b: Ogerpon|Water\n|detailschange|p1b: Ogerpon|Ogerpon-Wellspring-Tera, L50, F, tera:Water\n|-ability|p1b: Ogerpon|Embody Aspect (Wellspring)|boost\n|-boost|p1b: Ogerpon|spd|1\n|move|p1a: Spectrier|Protect|p1a: Spectrier\n|-singleturn|p1a: Spectrier|Protect\n|move|p2b: Torkoal|Eruption|p1a: Spectrier|[spread] p1b\n|-activate|p1a: Spectrier|move: Protect\n|-resisted|p1b: Ogerpon\n|-damage|p1b: Ogerpon|75\/100\n|move|p2a: Scream Tail|Encore|p1a: Spectrier\n|-activate|p1a: Spectrier|move: Protect\n|move|p1b: Ogerpon|Ivy Cudgel|p2b: Torkoal|[anim] Ivy Cudgel Water\n|-supereffective|p2b: Torkoal\n|-crit|p2b: Torkoal\n|-damage|p2b: Torkoal|19\/100\n|\n|-weather|SunnyDay|[upkeep]\n|upkeep\n|turn|3\n|\n|t:|1700335849\n|switch|p1a: Roaring Moon|Roaring Moon, L50, shiny|100\/100\n|-activate|p1a: Roaring Moon|ability: Protosynthesis\n|-start|p1a: Roaring Moon|protosynthesisatk\n|move|p2b: Torkoal|Protect|p2b: Torkoal\n|-singleturn|p2b: Torkoal|Protect\n|move|p2a: Scream Tail|Encore||[still]\n|-fail|p2a: Scream Tail\n|move|p1b: Ogerpon|Ivy Cudgel|p2b: Torkoal|[anim] Ivy Cudgel Water\n|-activate|p2b: Torkoal|move: Protect\n|\n|-weather|SunnyDay|[upkeep]\n|upkeep\n|turn|4\n|\n|t:|1700335868\n|move|p2b: Torkoal|Flamethrower|p1b: Ogerpon\n|-resisted|p1b: Ogerpon\n|-damage|p1b: Ogerpon|54\/100\n|move|p2a: Scream Tail|Dazzling Gleam|p1b: Ogerpon|[spread] p1a,p1b\n|-supereffective|p1a: Roaring Moon\n|-damage|p1a: Roaring Moon|70\/100\n|-damage|p1b: Ogerpon|47\/100\n|move|p1b: Ogerpon|Ivy Cudgel|p2b: Torkoal|[anim] Ivy Cudgel Water\n|-supereffective|p2b: Torkoal\n|-damage|p2b: Torkoal|0 fnt\n|faint|p2b: Torkoal\n|move|p1a: Roaring Moon|Dragon Dance|p1a: Roaring Moon\n|-boost|p1a: Roaring Moon|atk|1\n|-boost|p1a: Roaring Moon|spe|1\n|\n|-weather|SunnyDay|[upkeep]\n|upkeep\n|\n|t:|1700335876\n|switch|p2b: Farigiraf|Farigiraf, L50, M|100\/100\n|turn|5\n|\n|t:|1700335882\n|move|p1a: Roaring Moon|Protect|p1a: Roaring Moon\n|-singleturn|p1a: Roaring Moon|Protect\n|move|p1b: Ogerpon|Ivy Cudgel|p2a: Scream Tail|[anim] Ivy Cudgel Water\n|-damage|p2a: Scream Tail|76\/100\n|move|p2b: Farigiraf|Trick Room|p2b: Farigiraf\n|-fieldend|move: Trick Room\n|move|p2a: Scream Tail|Trick Room|p2a: Scream Tail\n|-fieldstart|move: Trick Room|[of] p2a: Scream Tail\n|\n|-weather|SunnyDay|[upkeep]\n|upkeep\n|turn|6\n|c|\u2606tyl8|Omg that was so smart lol\n|\n|t:|1700335906\n|move|p2a: Scream Tail|Helping Hand|p2b: Farigiraf\n|-singleturn|p2b: Farigiraf|Helping Hand|[of] p2a: Scream Tail\n|move|p1b: Ogerpon|Follow Me|p1b: Ogerpon\n|-singleturn|p1b: Ogerpon|move: Follow Me\n|move|p2b: Farigiraf|Dazzling Gleam|p1b: Ogerpon|[spread] p1a,p1b\n|-supereffective|p1a: Roaring Moon\n|-damage|p1a: Roaring Moon|18\/100\n|-damage|p1b: Ogerpon|38\/100\n|move|p1a: Roaring Moon|Knock Off|p2b: Farigiraf\n|-supereffective|p2b: Farigiraf\n|-damage|p2b: Farigiraf|0 fnt\n|-enditem|p2b: Farigiraf|Aguav Berry|[from] move: Knock Off|[of] p1a: Roaring Moon\n|faint|p2b: Farigiraf\n|\n|-weather|none\n|-end|p2a: Scream Tail|Protosynthesis\n|-end|p1a: Roaring Moon|Protosynthesis\n|upkeep\n|-enditem|p1a: Roaring Moon|Booster Energy\n|-activate|p1a: Roaring Moon|ability: Protosynthesis|[fromitem]\n|-start|p1a: Roaring Moon|protosynthesisatk\n|turn|7\n|\n|t:|1700335926\n|move|p2a: Scream Tail|Dazzling Gleam|p1b: Ogerpon|[spread] p1a,p1b\n|-supereffective|p1a: Roaring Moon\n|-damage|p1a: Roaring Moon|0 fnt\n|-damage|p1b: Ogerpon|31\/100\n|faint|p1a: Roaring Moon\n|-end|p1a: Roaring Moon|Protosynthesis|[silent]\n|move|p1b: Ogerpon|Ivy Cudgel|p2a: Scream Tail|[anim] Ivy Cudgel Water\n|-damage|p2a: Scream Tail|24\/100\n|\n|upkeep\n|\n|t:|1700335933\n|switch|p1a: Spectrier|Spectrier, L50|100\/100\n|turn|8\n|-message|previouslyunnamed forfeited.\n|\n|win|tyl8\n|raw|tyl8's rating: 1348 &rarr; <strong>1373<\/strong><br \/>(+25 for winning)\n|raw|previouslyunnamed's rating: 1433 &rarr; <strong>1408<\/strong><br \/>(-25 for losing)\n|l|\u2606previouslyunnamed\n|c|\u2606tyl8|Gg\n","uploadtime":1700335960,"views":8,"p1id":"tyl8","p2id":"previouslyunnamed","formatid":"gen9vgc2023regulatione","rating":1373,"private":0,"password":""}