{"id":"gen9vgc2023regulatione-1990005755","p1":"Unozuku","p2":"Jeffreythegiraffe","format":"[Gen 9] VGC 2023 Regulation E","log":"|j|\u2606Unozuku\n|j|\u2606Jeffreythegiraffe\n|t:|1699914625\n|gametype|doubles\n|player|p1|Unozuku|erika|1404\n|player|p2|Jeffreythegiraffe|102|1313\n|teamsize|p1|6\n|teamsize|p2|6\n|gen|9\n|tier|[Gen 9] VGC 2023 Regulation E\n|rated|\n|rule|Species Clause: Limit one of each Pok\u00e9mon\n|rule|Item Clause: Limit one of each item\n|clearpoke\n|poke|p1|Flareon, L50, F|\n|poke|p1|Kingambit, L50, M|\n|poke|p1|Flutter Mane, L50|\n|poke|p1|Rotom-Wash, L50|\n|poke|p1|Tornadus, L50, M|\n|poke|p1|Landorus-Therian, L50, M|\n|poke|p2|Ursaluna-Bloodmoon, L50, M|\n|poke|p2|Urshifu-*, L50, M|\n|poke|p2|Dusclops, L50, M|\n|poke|p2|Ogerpon-Wellspring, L50, F|\n|poke|p2|Landorus-Therian, L50, M|\n|poke|p2|Iron Hands, L50|\n|teampreview|4\n|\n|t:|1699914659\n|start\n|switch|p1a: Flutter Mane|Flutter Mane, L50|100\/100\n|switch|p1b: Kingambit|Kingambit, L50, M|100\/100\n|switch|p2a: Iron Hands|Iron Hands, L50|100\/100\n|switch|p2b: Dusclops|Dusclops, L50, M|100\/100\n|-item|p1a: Flutter Mane|Choice Specs|[from] ability: Frisk|[of] p2b: Dusclops|[identify]\n|-item|p1b: Kingambit|Black Glasses|[from] ability: Frisk|[of] p2b: Dusclops|[identify]\n|turn|1\n|inactive|Battle timer is ON: inactive players will automatically lose when time's up. (requested by Jeffreythegiraffe)\n|inactive|Jeffreythegiraffe has 60 seconds left.\n|\n|t:|1699914708\n|-terastallize|p1b: Kingambit|Ghost\n|-terastallize|p2b: Dusclops|Dark\n|move|p1a: Flutter Mane|Moonblast|p2a: Iron Hands\n|-supereffective|p2a: Iron Hands\n|-damage|p2a: Iron Hands|6\/100\n|-unboost|p2a: Iron Hands|spa|1\n|move|p2a: Iron Hands|Heavy Slam|p1a: Flutter Mane\n|-supereffective|p1a: Flutter Mane\n|-damage|p1a: Flutter Mane|0 fnt\n|faint|p1a: Flutter Mane\n|-end|p1a: Flutter Mane|Protosynthesis|[silent]\n|move|p1b: Kingambit|Swords Dance|p1b: Kingambit\n|-boost|p1b: Kingambit|atk|2\n|move|p2b: Dusclops|Trick Room|p2b: Dusclops\n|-fieldstart|move: Trick Room|[of] p2b: Dusclops\n|\n|upkeep\n|inactive|Unozuku has 30 seconds left.\n|inactive|Unozuku has 20 seconds left.\n|\n|t:|1699914745\n|switch|p1a: Landorus|Landorus-Therian, L50, M|100\/100\n|-ability|p1a: Landorus|Intimidate|boost\n|-unboost|p2a: Iron Hands|atk|1\n|-unboost|p2b: Dusclops|atk|1\n|turn|2\n|inactive|Jeffreythegiraffe has 30 seconds left.\n|\n|t:|1699914772\n|move|p2b: Dusclops|Will-O-Wisp|p1b: Kingambit\n|-status|p1b: Kingambit|brn\n|move|p1b: Kingambit|Kowtow Cleave|p2a: Iron Hands\n|-resisted|p2a: Iron Hands\n|-damage|p2a: Iron Hands|0 fnt\n|faint|p2a: Iron Hands\n|-end|p2a: Iron Hands|Quark Drive|[silent]\n|move|p1a: Landorus|Brick Break|p2b: Dusclops\n|-supereffective|p2b: Dusclops\n|-damage|p2b: Dusclops|65\/100\n|\n|-damage|p1b: Kingambit|94\/100 brn|[from] brn\n|upkeep\n|\n|t:|1699914784\n|switch|p2a: Ursaluna|Ursaluna-Bloodmoon, L50, M|100\/100\n|turn|3\n|inactive|Jeffreythegiraffe has 30 seconds left.\n|\n|t:|1699914815\n|switch|p1a: Rotom|Rotom-Wash, L50|100\/100\n|move|p1b: Kingambit|Protect|p1b: Kingambit\n|-singleturn|p1b: Kingambit|Protect\n|move|p2b: Dusclops|Will-O-Wisp|p1a: Rotom\n|-status|p1a: Rotom|brn\n|move|p2a: Ursaluna|Blood Moon|p1b: Kingambit\n|-activate|p1b: Kingambit|move: Protect\n|\n|-damage|p1b: Kingambit|88\/100 brn|[from] brn\n|-damage|p1a: Rotom|95\/100 brn|[from] brn\n|upkeep\n|turn|4\n|inactive|Unozuku has 30 seconds left.\n|inactive|Unozuku has 20 seconds left.\n|\n|t:|1699914853\n|move|p2b: Dusclops|Brick Break|p2a: Ursaluna\n|-supereffective|p2a: Ursaluna\n|-damage|p2a: Ursaluna|88\/100\n|-enditem|p2a: Ursaluna|Weakness Policy\n|-boost|p2a: Ursaluna|atk|2|[from] item: Weakness Policy\n|-boost|p2a: Ursaluna|spa|2|[from] item: Weakness Policy\n|move|p1b: Kingambit|Kowtow Cleave|p2a: Ursaluna\n|-damage|p2a: Ursaluna|43\/100\n|move|p2a: Ursaluna|Hyper Voice|p1b: Kingambit|[spread] p1a,p1b\n|-damage|p1a: Rotom|6\/100 brn\n|-damage|p1b: Kingambit|17\/100 brn\n|-enditem|p1a: Rotom|Sitrus Berry|[eat]\n|-heal|p1a: Rotom|31\/100 brn|[from] item: Sitrus Berry\n|move|p1a: Rotom|Thunderbolt|p2b: Dusclops\n|-damage|p2b: Dusclops|42\/100\n|\n|-damage|p1b: Kingambit|11\/100 brn|[from] brn\n|-damage|p1a: Rotom|25\/100 brn|[from] brn\n|upkeep\n|turn|5\n|inactive|Unozuku has 30 seconds left.\n|inactive|Jeffreythegiraffe has 30 seconds left.\n|inactive|Jeffreythegiraffe has 20 seconds left.\n|\n|t:|1699914889\n|move|p1b: Kingambit|Protect|p1b: Kingambit\n|-singleturn|p1b: Kingambit|Protect\n|move|p2a: Ursaluna|Protect|p2a: Ursaluna\n|-singleturn|p2a: Ursaluna|Protect\n|move|p1a: Rotom|Protect|p1a: Rotom\n|-singleturn|p1a: Rotom|Protect\n|move|p2b: Dusclops|Brick Break|p1a: Rotom\n|-activate|p1a: Rotom|move: Protect\n|\n|-damage|p1b: Kingambit|5\/100 brn|[from] brn\n|-damage|p1a: Rotom|19\/100 brn|[from] brn\n|-fieldend|move: Trick Room\n|upkeep\n|turn|6\n|\n|t:|1699914914\n|switch|p2a: Ogerpon|Ogerpon-Wellspring, L50, F|100\/100\n|move|p1b: Kingambit|Sucker Punch||[still]\n|-fail|p1b: Kingambit\n|move|p1a: Rotom|Thunderbolt|p2b: Dusclops\n|-damage|p2b: Dusclops|20\/100\n|move|p2b: Dusclops|Trick Room|p2b: Dusclops\n|-fieldstart|move: Trick Room|[of] p2b: Dusclops\n|\n|-damage|p1b: Kingambit|0 fnt|[from] brn\n|faint|p1b: Kingambit\n|-damage|p1a: Rotom|14\/100 brn|[from] brn\n|upkeep\n|\n|t:|1699914920\n|switch|p1b: Landorus|Landorus-Therian, L50, M|100\/100\n|-ability|p1b: Landorus|Intimidate|boost\n|-unboost|p2a: Ogerpon|atk|1\n|-unboost|p2b: Dusclops|atk|1\n|turn|7\n|inactive|Unozuku has 30 seconds left.\n|\n|t:|1699914946\n|switch|p2a: Ursaluna|Ursaluna-Bloodmoon, L50, M|43\/100\n|move|p2b: Dusclops|Will-O-Wisp|p1b: Landorus\n|-status|p1b: Landorus|brn\n|move|p1b: Landorus|Brick Break|p2b: Dusclops\n|-supereffective|p2b: Dusclops\n|-damage|p2b: Dusclops|0 fnt\n|faint|p2b: Dusclops\n|move|p1a: Rotom|Thunderbolt|p2a: Ursaluna\n|-immune|p2a: Ursaluna\n|\n|-damage|p1b: Landorus|95\/100 brn|[from] brn\n|-damage|p1a: Rotom|8\/100 brn|[from] brn\n|upkeep\n|\n|t:|1699914958\n|switch|p2b: Ogerpon|Ogerpon-Wellspring, L50, F|100\/100\n|turn|8\n|\n|t:|1699914967\n|move|p2b: Ogerpon|Follow Me|p2b: Ogerpon\n|-singleturn|p2b: Ogerpon|move: Follow Me\n|move|p2a: Ursaluna|Hyper Voice|p1a: Rotom|[spread] p1a,p1b\n|-damage|p1a: Rotom|0 fnt\n|-damage|p1b: Landorus|49\/100 brn\n|faint|p1a: Rotom\n|move|p1b: Landorus|Brick Break|p2b: Ogerpon\n|-crit|p2b: Ogerpon\n|-damage|p2b: Ogerpon|74\/100\n|\n|-damage|p1b: Landorus|43\/100 brn|[from] brn\n|upkeep\n|turn|9\n|\n|t:|1699914978\n|move|p2b: Ogerpon|Follow Me|p2b: Ogerpon\n|-singleturn|p2b: Ogerpon|move: Follow Me\n|move|p2a: Ursaluna|Blood Moon|p1b: Landorus\n|-damage|p1b: Landorus|0 fnt\n|faint|p1b: Landorus\n|\n|win|Jeffreythegiraffe\n|raw|Unozuku's rating: 1404 &rarr; <strong>1379<\/strong><br \/>(-25 for losing)\n|raw|Jeffreythegiraffe's rating: 1313 &rarr; <strong>1338<\/strong><br \/>(+25 for winning)\n|l|\u2606Unozuku\n","uploadtime":1699914988,"views":13,"p1id":"unozuku","p2id":"jeffreythegiraffe","formatid":"gen9vgc2023regulatione","rating":1338,"private":0,"password":""}