{"id":"gen9vgc2023regulatione-1996548048","p1":"Stoopidhydreigon","p2":"beatcr","format":"[Gen 9] VGC 2023 Regulation E","log":"|j|\u2606Stoopidhydreigon\n|j|\u2606beatcr\n|t:|1700693009\n|gametype|doubles\n|player|p1|Stoopidhydreigon|1|1239\n|player|p2|beatcr|1|1170\n|teamsize|p1|6\n|teamsize|p2|6\n|gen|9\n|tier|[Gen 9] VGC 2023 Regulation E\n|rated|\n|rule|Species Clause: Limit one of each Pok\u00e9mon\n|rule|Item Clause: Limit one of each item\n|clearpoke\n|poke|p1|Hydreigon, L50, M|\n|poke|p1|Arcanine-Hisui, L50, F|\n|poke|p1|Iron Hands, L50|\n|poke|p1|Ogerpon-Wellspring, L50, F|\n|poke|p1|Corviknight, L50, M|\n|poke|p1|Farigiraf, L50, F|\n|poke|p2|Chien-Pao, L50|\n|poke|p2|Dragapult, L50, F|\n|poke|p2|Heatran, L50, M|\n|poke|p2|Farigiraf, L50, F|\n|poke|p2|Rillaboom, L50, F|\n|poke|p2|Urshifu-*, L50, M|\n|teampreview|4\nbeatcr rejected open team sheets.\n|inactive|Battle timer is ON: inactive players will automatically lose when time's up. (requested by beatcr)\n|inactive|Stoopidhydreigon has 60 seconds left.\n|\n|t:|1700693051\n|start\n|switch|p1a: Farigiraf|Farigiraf, L50, F|100\/100\n|switch|p1b: Corviknight|Corviknight, L50, M|100\/100\n|switch|p2a: Dragapult|Dragapult, L50, F|100\/100\n|switch|p2b: Chien-Pao|Chien-Pao, L50|100\/100\n|-ability|p2b: Chien-Pao|Sword of Ruin\n|turn|1\n|\n|t:|1700693065\n|-terastallize|p1a: Farigiraf|Fairy\n|move|p2a: Dragapult|Dragon Darts|p1b: Corviknight\n|-resisted|p1b: Corviknight\n|-damage|p1b: Corviknight|80\/100\n|-anim|p2a: Dragapult|Dragon Darts|p1b: Corviknight\n|-resisted|p1b: Corviknight\n|-crit|p1b: Corviknight\n|-damage|p1b: Corviknight|50\/100\n|-enditem|p1b: Corviknight|Sitrus Berry|[eat]\n|-heal|p1b: Corviknight|75\/100|[from] item: Sitrus Berry\n|move|p2b: Chien-Pao|Crunch|p1a: Farigiraf\n|-resisted|p1a: Farigiraf\n|-damage|p1a: Farigiraf|74\/100\n|-unboost|p1a: Farigiraf|def|1\n|move|p1b: Corviknight|Bulk Up|p1b: Corviknight\n|-boost|p1b: Corviknight|atk|1\n|-boost|p1b: Corviknight|def|1\n|move|p1a: Farigiraf|Trick Room|p1a: Farigiraf\n|-fieldstart|move: Trick Room|[of] p1a: Farigiraf\n|\n|upkeep\n|turn|2\n|\n|t:|1700693082\n|move|p1a: Farigiraf|Dazzling Gleam|p2a: Dragapult|[spread] p2a,p2b\n|-supereffective|p2a: Dragapult\n|-supereffective|p2b: Chien-Pao\n|-damage|p2a: Dragapult|29\/100\n|-damage|p2b: Chien-Pao|15\/100\n|move|p1b: Corviknight|Brave Bird|p2b: Chien-Pao\n|-damage|p2b: Chien-Pao|0 fnt\n|faint|p2b: Chien-Pao\n|-damage|p1b: Corviknight|71\/100|[from] Recoil\n|move|p2a: Dragapult|Dragon Darts|p1b: Corviknight\n|-resisted|p1b: Corviknight\n|-damage|p1b: Corviknight|60\/100\n|-anim|p2a: Dragapult|Dragon Darts|p1b: Corviknight\n|-resisted|p1b: Corviknight\n|-damage|p1b: Corviknight|50\/100\n|\n|upkeep\n|\n|t:|1700693090\n|switch|p2b: Heatran|Heatran, L50, M, shiny|100\/100\n|turn|3\n|\n|t:|1700693098\n|move|p1a: Farigiraf|Trick|p2b: Heatran\n|-activate|p1a: Farigiraf|move: Trick|[of] p2b: Heatran\n|-item|p2b: Heatran|Throat Spray|[from] move: Trick\n|-item|p1a: Farigiraf|Assault Vest|[from] move: Trick\n|move|p1b: Corviknight|Brave Bird|p2a: Dragapult\n|-damage|p2a: Dragapult|0 fnt\n|faint|p2a: Dragapult\n|-damage|p1b: Corviknight|42\/100|[from] Recoil\n|move|p2b: Heatran|Flash Cannon|p1a: Farigiraf\n|-supereffective|p1a: Farigiraf\n|-damage|p1a: Farigiraf|13\/100\n|\n|upkeep\n|\n|t:|1700693108\n|switch|p2a: Farigiraf|Farigiraf, L50, F|100\/100\n|turn|4\n|\n|t:|1700693117\n|move|p1a: Farigiraf|Hyper Voice|p2a: Farigiraf|[spread] p2a,p2b\n|-resisted|p2b: Heatran\n|-damage|p2a: Farigiraf|68\/100\n|-damage|p2b: Heatran|86\/100\n|move|p2a: Farigiraf|Psychic|p1b: Corviknight\n|-resisted|p1b: Corviknight\n|-damage|p1b: Corviknight|25\/100\n|move|p1b: Corviknight|Brave Bird|p2a: Farigiraf\n|-damage|p2a: Farigiraf|23\/100\n|-damage|p1b: Corviknight|9\/100|[from] item: Rocky Helmet|[of] p2a: Farigiraf\n|-damage|p1b: Corviknight|0 fnt|[from] Recoil\n|faint|p1b: Corviknight\n|move|p2b: Heatran|Heat Wave|p1a: Farigiraf\n|-damage|p1a: Farigiraf|0 fnt\n|faint|p1a: Farigiraf\n|\n|upkeep\n|\n|t:|1700693132\n|switch|p1a: Iron Hands|Iron Hands, L50|100\/100\n|switch|p1b: Arcanine|Arcanine-Hisui, L50, F|100\/100\n|-ability|p1b: Arcanine|Intimidate|boost\n|-unboost|p2a: Farigiraf|atk|1\n|-unboost|p2b: Heatran|atk|1\n|turn|5\n|\n|t:|1700693149\n|move|p1b: Arcanine|Protect|p1b: Arcanine\n|-singleturn|p1b: Arcanine|Protect\n|move|p1a: Iron Hands|Drain Punch|p2a: Farigiraf\n|-crit|p2a: Farigiraf\n|-damage|p2a: Farigiraf|0 fnt\n|-damage|p1a: Iron Hands|84\/100|[from] item: Rocky Helmet|[of] p2a: Farigiraf\n|faint|p2a: Farigiraf\n|move|p2b: Heatran|Earth Power|p1b: Arcanine\n|-activate|p1b: Arcanine|move: Protect\n|\n|-fieldend|move: Trick Room\n|upkeep\n|turn|6\n|\n|t:|1700693164\n|move|p1b: Arcanine|Rock Slide|p2b: Heatran\n|-crit|p2b: Heatran\n|-damage|p2b: Heatran|39\/100\n|move|p2b: Heatran|Earth Power|p1b: Arcanine\n|-supereffective|p1b: Arcanine\n|-damage|p1b: Arcanine|0 fnt\n|faint|p1b: Arcanine\n|move|p1a: Iron Hands|Drain Punch|p2b: Heatran\n|-supereffective|p2b: Heatran\n|-damage|p2b: Heatran|0 fnt\n|-heal|p1a: Iron Hands|99\/100|[from] drain|[of] p2b: Heatran\n|faint|p2b: Heatran\n|\n|win|Stoopidhydreigon\n|raw|Stoopidhydreigon's rating: 1239 &rarr; <strong>1259<\/strong><br \/>(+20 for winning)\n|raw|beatcr's rating: 1170 &rarr; <strong>1150<\/strong><br \/>(-20 for losing)\n|l|\u2606beatcr\n","uploadtime":1700693179,"views":13,"p1id":"stoopidhydreigon","p2id":"beatcr","formatid":"gen9vgc2023regulatione","rating":1150,"private":0,"password":""}