{"id":"gen9vgc2023regulatione-1995770345","p1":"casper6_14","p2":"kiddy123","format":"[Gen 9] VGC 2023 Regulation E","log":"|j|\u2606casper6_14\n|j|\u2606kiddy123\n|t:|1700601519\n|gametype|doubles\n|player|p1|casper6_14|1|1257\n|player|p2|kiddy123|unknown|1140\n|teamsize|p1|6\n|teamsize|p2|6\n|gen|9\n|tier|[Gen 9] VGC 2023 Regulation E\n|rated|\n|rule|Species Clause: Limit one of each Pok\u00e9mon\n|rule|Item Clause: Limit one of each item\n|clearpoke\n|poke|p1|Annihilape, L50, M|\n|poke|p1|Regieleki, L50|\n|poke|p1|Oranguru, L50, F|\n|poke|p1|Torkoal, L50, F|\n|poke|p1|Ursaluna-Bloodmoon, L50, M|\n|poke|p1|Kingambit, L50, M|\n|poke|p2|Ogerpon-Hearthflame, L50, F|\n|poke|p2|Gholdengo, L50|\n|poke|p2|Landorus-Therian, L50, M|\n|poke|p2|Tornadus, L50, M|\n|poke|p2|Urshifu-*, L50, M|\n|poke|p2|Rillaboom, L50, M|\n|teampreview|4\n|inactive|Battle timer is ON: inactive players will automatically lose when time's up. (requested by kiddy123)\n|\n|t:|1700601544\n|start\n|switch|p1a: Kingambit|Kingambit, L50, M|100\/100\n|switch|p1b: Oranguru|Oranguru, L50, F|100\/100\n|switch|p2a: Tornadu|Landorus-Therian, L50, M|100\/100\n|switch|p2b: Gholdengo|Gholdengo, L50|100\/100\n|-ability|p2a: Tornadu|Intimidate|boost\n|-unboost|p1a: Kingambit|atk|1\n|-ability|p1a: Kingambit|Defiant|boost\n|-boost|p1a: Kingambit|atk|2\n|-unboost|p1b: Oranguru|atk|1\n|turn|1\n|\n|t:|1700601559\n|move|p1a: Kingambit|Sucker Punch|p2b: Gholdengo\n|-supereffective|p2b: Gholdengo\n|-damage|p2b: Gholdengo|0 fnt\n|faint|p2b: Gholdengo\n|-damage|p1a: Kingambit|91\/100|[from] item: Life Orb\n|move|p2a: Tornadu|Stomping Tantrum|p1a: Kingambit\n|-supereffective|p1a: Kingambit\n|-damage|p1a: Kingambit|22\/100\n|move|p1b: Oranguru|Trick Room|p1b: Oranguru\n|-fieldstart|move: Trick Room|[of] p1b: Oranguru\n|\n|upkeep\n|\n|t:|1700601567\n|switch|p2b: Urshifu|Urshifu-Rapid-Strike, L50, M|100\/100\n|turn|2\n|\n|t:|1700601580\n|-terastallize|p2b: Urshifu|Water\n|move|p2b: Urshifu|Aqua Jet|p1a: Kingambit\n|-damage|p1a: Kingambit|0 fnt\n|faint|p1a: Kingambit\n|move|p1b: Oranguru|Yawn|p2a: Tornadu\n|-start|p2a: Tornadu|move: Yawn|[of] p1b: Oranguru\n|move|p2a: Tornadu|U-turn|p1b: Oranguru\n|-supereffective|p1b: Oranguru\n|-damage|p1b: Oranguru|51\/100\n|\n|t:|1700601589\n|switch|p2a: Ogerpon|Ogerpon-Hearthflame, L50, F|100\/100|[from] U-turn\n|-ability|p2a: Ogerpon|Mold Breaker\n|\n|upkeep\n|\n|t:|1700601592\n|switch|p1a: Ursaluna|Ursaluna-Bloodmoon, L50, M|100\/100\n|turn|3\n|\n|t:|1700601611\n|-terastallize|p1a: Ursaluna|Poison\n|move|p2b: Urshifu|Aqua Jet|p1a: Ursaluna\n|-damage|p1a: Ursaluna|80\/100\n|move|p1b: Oranguru|Yawn|p2a: Ogerpon\n|-start|p2a: Ogerpon|move: Yawn|[of] p1b: Oranguru\n|move|p1a: Ursaluna|Blood Moon|p2b: Urshifu\n|-damage|p2b: Urshifu|0 fnt\n|faint|p2b: Urshifu\n|move|p2a: Ogerpon|Wood Hammer|p1a: Ursaluna\n|-resisted|p1a: Ursaluna\n|-damage|p1a: Ursaluna|58\/100\n|-damage|p2a: Ogerpon|91\/100|[from] Recoil\n|\n|upkeep\n|\n|t:|1700601627\n|switch|p2b: Tornadu|Landorus-Therian, L50, M|100\/100\n|-ability|p2b: Tornadu|Intimidate|boost\n|-unboost|p1a: Ursaluna|atk|1\n|-unboost|p1b: Oranguru|atk|1\n|turn|4\n|\n|t:|1700601640\n|move|p1b: Oranguru|Instruct|p1a: Ursaluna\n|-singleturn|p1a: Ursaluna|move: Instruct|[of] p1b: Oranguru\n|move|p1a: Ursaluna|Blood Moon|p2b: Tornadu\n|-damage|p2b: Tornadu|0 fnt\n|faint|p2b: Tornadu\n|-hint|Some effects can force a Pokemon to use Blood Moon again in a row.\n|move|p1a: Ursaluna|Hyper Voice|p2a: Ogerpon\n|-damage|p2a: Ogerpon|29\/100\n|move|p2a: Ogerpon|Ivy Cudgel|p1a: Ursaluna|[anim] Ivy Cudgel Fire\n|-crit|p1a: Ursaluna\n|-damage|p1a: Ursaluna|0 fnt\n|faint|p1a: Ursaluna\n|\n|-end|p2a: Ogerpon|move: Yawn|[silent]\n|-status|p2a: Ogerpon|slp\n|upkeep\n|\n|t:|1700601651\n|switch|p1a: Torkoal|Torkoal, L50, F|100\/100\n|-weather|SunnyDay|[from] ability: Drought|[of] p1a: Torkoal\n|turn|5\n|\n|t:|1700601660\n|cant|p2a: Ogerpon|slp\n|move|p1a: Torkoal|Eruption|p2a: Ogerpon\n|-damage|p2a: Ogerpon|0 fnt\n|faint|p2a: Ogerpon\n|\n|win|casper6_14\n|raw|casper6_14's rating: 1257 &rarr; <strong>1274<\/strong><br \/>(+17 for winning)\n|raw|kiddy123's rating: 1140 &rarr; <strong>1123<\/strong><br \/>(-17 for losing)\n|l|\u2606kiddy123\n","uploadtime":1700601666,"views":7,"p1id":"casper614","p2id":"kiddy123","formatid":"gen9vgc2023regulatione","rating":1123,"private":0,"password":""}