{"id":"gen9vgc2023regulatione-1999929799","p1":"Newguynorage","p2":"rlevan59","format":"[Gen 9] VGC 2023 Regulation E","log":"|j|\u2606Newguynorage\n|j|\u2606rlevan59\n|t:|1701131298\n|gametype|doubles\n|player|p1|Newguynorage|sage|1191\n|player|p2|rlevan59|pokemaniac|1110\n|teamsize|p1|6\n|teamsize|p2|6\n|gen|9\n|tier|[Gen 9] VGC 2023 Regulation E\n|rated|\n|rule|Species Clause: Limit one of each Pok\u00e9mon\n|rule|Item Clause: Limit one of each item\n|clearpoke\n|poke|p1|Gengar, L50, M|\n|poke|p1|Indeedee-F, L50, F|\n|poke|p1|Chi-Yu, L50|\n|poke|p1|Urshifu-*, L50, F|\n|poke|p1|Rillaboom, L50, M|\n|poke|p1|Tornadus, L50, M|\n|poke|p2|Weezing, L50, F|\n|poke|p2|Flutter Mane, L50|\n|poke|p2|Landorus-Therian, L50, M|\n|poke|p2|Iron Hands, L50|\n|poke|p2|Roaring Moon, L50|\n|poke|p2|Toedscruel, L50, F|\n|teampreview|4\n|\n|t:|1701131327\n|start\n|switch|p1a: Gastino|Gengar, L50, M, shiny|100\/100\n|switch|p1b: Tornadus|Tornadus, L50, M, shiny|100\/100\n|switch|p2a: Weezing|Weezing, L50, F|100\/100\n|switch|p2b: Landorus|Landorus-Therian, L50, M, shiny|100\/100\n|-ability|p2a: Weezing|Neutralizing Gas\n|-block|p2b: Landorus|item: Ability Shield\n|-ability|p2b: Landorus|Intimidate|boost\n|-unboost|p1a: Gastino|atk|1\n|-unboost|p1b: Tornadus|atk|1\n|turn|1\n|\n|t:|1701131354\n|move|p1a: Gastino|Protect|p1a: Gastino\n|-singleturn|p1a: Gastino|Protect\n|move|p2b: Landorus|Rock Slide|p1b: Tornadus|[spread] p1b\n|-activate|p1a: Gastino|move: Protect\n|-supereffective|p1b: Tornadus\n|-damage|p1b: Tornadus|41\/100\n|move|p1b: Tornadus|Tailwind|p1b: Tornadus\n|-sidestart|p1: Newguynorage|move: Tailwind\n|move|p2a: Weezing|Will-O-Wisp|p1a: Gastino\n|-activate|p1a: Gastino|move: Protect\n|\n|upkeep\n|turn|2\n|\n|t:|1701131403\n|move|p1a: Gastino|Nasty Plot|p1a: Gastino\n|-boost|p1a: Gastino|spa|2\n|move|p1b: Tornadus|Bleakwind Storm|p2b: Landorus|[spread] p2b\n|-miss|p1b: Tornadus|p2a: Weezing\n|-damage|p2b: Landorus|57\/100\n|-unboost|p2b: Landorus|spe|1\n|move|p2b: Landorus|Rock Slide|p1b: Tornadus|[spread] p1a\n|-miss|p2b: Landorus|p1b: Tornadus\n|-damage|p1a: Gastino|58\/100\n|move|p2a: Weezing|Will-O-Wisp|p1a: Gastino\n|-status|p1a: Gastino|brn\n|\n|-damage|p1a: Gastino|52\/100 brn|[from] brn\n|upkeep\n|turn|3\n|\n|t:|1701131432\n|switch|p2b: Iron Hands|Iron Hands, L50, shiny|100\/100\n|move|p2a: Weezing|Protect|p2a: Weezing\n|-singleturn|p2a: Weezing|Protect\n|move|p1a: Gastino|Shadow Ball|p2b: Iron Hands\n|-damage|p2b: Iron Hands|53\/100\n|move|p1b: Tornadus|Taunt|p2a: Weezing\n|-activate|p2a: Weezing|move: Protect\n|\n|-damage|p1a: Gastino|46\/100 brn|[from] brn\n|upkeep\n|turn|4\n|\n|t:|1701131455\n|-terastallize|p1a: Gastino|Fairy\n|move|p1a: Gastino|Dazzling Gleam|p2a: Weezing|[spread] p2a,p2b\n|-resisted|p2a: Weezing\n|-supereffective|p2b: Iron Hands\n|-damage|p2a: Weezing|63\/100\n|-damage|p2b: Iron Hands|0 fnt\n|faint|p2b: Iron Hands\n|-end|p2b: Iron Hands|Quark Drive|[silent]\n|move|p1b: Tornadus|Taunt|p2a: Weezing\n|-start|p2a: Weezing|move: Taunt\n|move|p2a: Weezing|Gunk Shot|p1b: Tornadus\n|-damage|p1b: Tornadus|0 fnt\n|faint|p1b: Tornadus\n|\n|-heal|p2a: Weezing|69\/100|[from] item: Black Sludge\n|-damage|p1a: Gastino|40\/100 brn|[from] brn\n|-sideend|p1: Newguynorage|move: Tailwind\n|upkeep\n|\n|t:|1701131474\n|switch|p1b: JuJu|Chi-Yu, L50|100\/100\n|switch|p2b: Landorus|Landorus-Therian, L50, M, shiny|57\/100\n|-ability|p2b: Landorus|Intimidate|boost\n|-unboost|p1a: Gastino|atk|1\n|-unboost|p1b: JuJu|atk|1\n|turn|5\n|\n|t:|1701131487\n|move|p1b: JuJu|Dark Pulse|p2b: Landorus\n|-damage|p2b: Landorus|7\/100\n|move|p1a: Gastino|Shadow Ball|p2a: Weezing\n|-damage|p2a: Weezing|0 fnt\n|faint|p2a: Weezing\n|-end|p2a: Weezing|ability: Neutralizing Gas\n|-ability|p1b: JuJu|Beads of Ruin\n|move|p2b: Landorus|Stomping Tantrum|p1b: JuJu\n|-supereffective|p1b: JuJu\n|-damage|p1b: JuJu|0 fnt\n|faint|p1b: JuJu\n|\n|-damage|p1a: Gastino|35\/100 brn|[from] brn\n|upkeep\n|\n|t:|1701131503\n|switch|p1b: Drummarila|Rillaboom, L50, M|100\/100\n|switch|p2a: Roaring Moon|Roaring Moon, L50|100\/100\n|-fieldstart|move: Grassy Terrain|[from] ability: Grassy Surge|[of] p1b: Drummarila\n|turn|6\n|\n|t:|1701131545\n|-terastallize|p2a: Roaring Moon|Flying\n|move|p1a: Gastino|Protect|p1a: Gastino\n|-singleturn|p1a: Gastino|Protect\n|move|p1b: Drummarila|Fake Out|p2b: Landorus\n|-damage|p2b: Landorus|0 fnt\n|faint|p2b: Landorus\n|move|p2a: Roaring Moon|Knock Off|p1a: Gastino\n|-activate|p1a: Gastino|move: Protect\n|\n|-heal|p1a: Gastino|40\/100 brn|[from] Grassy Terrain\n|-damage|p1a: Gastino|35\/100 brn|[from] brn\n|upkeep\n|turn|7\n|inactive|Battle timer is ON: inactive players will automatically lose when time's up. (requested by Newguynorage)\n|\n|t:|1701131563\n|move|p2a: Roaring Moon|Acrobatics|p1b: Drummarila\n|-supereffective|p1b: Drummarila\n|-damage|p1b: Drummarila|42\/100\n|move|p1a: Gastino|Dazzling Gleam|p2a: Roaring Moon\n|-damage|p2a: Roaring Moon|12\/100\n|move|p1b: Drummarila|Wood Hammer|p2a: Roaring Moon\n|-resisted|p2a: Roaring Moon\n|-damage|p2a: Roaring Moon|0 fnt\n|faint|p2a: Roaring Moon\n|-end|p2a: Roaring Moon|Protosynthesis|[silent]\n|-damage|p1b: Drummarila|38\/100|[from] Recoil\n|\n|win|Newguynorage\n|raw|Newguynorage's rating: 1191 &rarr; <strong>1210<\/strong><br \/>(+19 for winning)\n|raw|rlevan59's rating: 1110 &rarr; <strong>1091<\/strong><br \/>(-19 for losing)\n|l|\u2606rlevan59\n","uploadtime":1701131581,"views":13,"p1id":"newguynorage","p2id":"rlevan59","formatid":"gen9vgc2023regulatione","rating":1091,"private":0,"password":""}