{"id":"gen9vgc2023regulatione-1993949800","p1":"Juanber13","p2":"tirg","format":"[Gen 9] VGC 2023 Regulation E","log":"|j|\u2606Juanber13\n|j|\u2606tirg\n|t:|1700381173\n|gametype|doubles\n|player|p1|Juanber13|169|1066\n|player|p2|tirg|fantina|1085\n|teamsize|p1|6\n|teamsize|p2|6\n|gen|9\n|tier|[Gen 9] VGC 2023 Regulation E\n|rated|\n|rule|Species Clause: Limit one of each Pok\u00e9mon\n|rule|Item Clause: Limit one of each item\n|clearpoke\n|poke|p1|Lilligant-Hisui, L50, F|\n|poke|p1|Torkoal, L50, M|\n|poke|p1|Tinkaton, L50, F|\n|poke|p1|Goodra, L50, F|\n|poke|p1|Ogerpon-Hearthflame, L50, F|\n|poke|p1|Clefable, L50, F|\n|poke|p2|Roaring Moon, L50|\n|poke|p2|Gholdengo, L50|\n|poke|p2|Baxcalibur, L50, F|\n|poke|p2|Urshifu-*, L50, F|\n|poke|p2|Ninetales-Alola, L50, F|\n|poke|p2|Flutter Mane, L50|\n|teampreview|4\n|inactive|Battle timer is ON: inactive players will automatically lose when time's up. (requested by tirg)\n|\n|t:|1700381194\n|start\n|switch|p1a: Goodra|Goodra, L50, F, shiny|100\/100\n|switch|p1b: Tinkaton|Tinkaton, L50, F|100\/100\n|switch|p2a: Gholdengo|Gholdengo, L50|100\/100\n|switch|p2b: Urshifu|Urshifu-Rapid-Strike, L50, F|100\/100\n|-item|p2a: Gholdengo|Air Balloon\n|turn|1\n|inactive|Juanber13 has 30 seconds left.\n|\n|t:|1700381221\n|move|p1b: Tinkaton|Fake Out|p2b: Urshifu\n|-damage|p2b: Urshifu|86\/100\n|-damage|p1b: Tinkaton|91\/100|[from] item: Life Orb\n|cant|p2b: Urshifu|flinch\n|move|p2a: Gholdengo|Nasty Plot|p2a: Gholdengo\n|-boost|p2a: Gholdengo|spa|2\n|move|p1a: Goodra|Thunderbolt|p2b: Urshifu\n|-supereffective|p2b: Urshifu\n|-damage|p2b: Urshifu|0 fnt\n|faint|p2b: Urshifu\n|\n|upkeep\n|\n|t:|1700381232\n|switch|p2b: Ninetales|Ninetales-Alola, L50, F|100\/100\n|-weather|Snow|[from] ability: Snow Warning|[of] p2b: Ninetales\n|turn|2\n|\n|t:|1700381244\n|move|p1b: Tinkaton|Gigaton Hammer|p2b: Ninetales\n|-supereffective|p2b: Ninetales\n|-damage|p2b: Ninetales|0 fnt\n|faint|p2b: Ninetales\n|-damage|p1b: Tinkaton|81\/100|[from] item: Life Orb\n|move|p2a: Gholdengo|Shadow Ball|p1b: Tinkaton\n|-damage|p1b: Tinkaton|0 fnt\n|faint|p1b: Tinkaton\n|move|p1a: Goodra|Fire Blast|p2a: Gholdengo\n|-supereffective|p2a: Gholdengo\n|-damage|p2a: Gholdengo|24\/100\n|-enditem|p2a: Gholdengo|Air Balloon\n|\n|-weather|Snow|[upkeep]\n|upkeep\n|\n|t:|1700381268\n|switch|p1b: Torkoal|Torkoal, L50, M|100\/100\n|switch|p2b: Baxcalibur|Baxcalibur, L50, F|100\/100\n|-weather|SunnyDay|[from] ability: Drought|[of] p1b: Torkoal\n|turn|3\n|inactive|Juanber13 has 30 seconds left.\n|inactive|Juanber13 has 20 seconds left.\n|inactive|Juanber13 has 15 seconds left.\n|inactive|Juanber13 has 10 seconds left.\n|inactive|Juanber13 has 5 seconds left.\n|\n|t:|1700381323\n|-terastallize|p2a: Gholdengo|Steel\n|move|p2a: Gholdengo|Make It Rain|p1b: Torkoal|[spread] p1a,p1b\n|-resisted|p1b: Torkoal\n|-damage|p1a: Goodra|0 fnt\n|-damage|p1b: Torkoal|33\/100\n|-unboost|p2a: Gholdengo|spa|1\n|faint|p1a: Goodra\n|move|p2b: Baxcalibur|Icicle Spear|p1b: Torkoal\n|-resisted|p1b: Torkoal\n|-damage|p1b: Torkoal|26\/100\n|-resisted|p1b: Torkoal\n|-damage|p1b: Torkoal|21\/100\n|-enditem|p1b: Torkoal|Iapapa Berry|[eat]\n|-heal|p1b: Torkoal|54\/100|[from] item: Iapapa Berry\n|-resisted|p1b: Torkoal\n|-damage|p1b: Torkoal|48\/100\n|-resisted|p1b: Torkoal\n|-damage|p1b: Torkoal|42\/100\n|-hitcount|p1b: Torkoal|4\n|move|p1b: Torkoal|Earth Power|p2b: Baxcalibur\n|-damage|p2b: Baxcalibur|83\/100\n|\n|-weather|SunnyDay|[upkeep]\n|upkeep\n|\n|t:|1700381346\n|switch|p1a: Lilligant|Lilligant-Hisui, L50, F|100\/100\n|turn|4\n|\n|t:|1700381362\n|move|p1a: Lilligant|Close Combat|p2b: Baxcalibur\n|-supereffective|p2b: Baxcalibur\n|-damage|p2b: Baxcalibur|0 fnt\n|-unboost|p1a: Lilligant|def|1\n|-unboost|p1a: Lilligant|spd|1\n|faint|p2b: Baxcalibur\n|move|p2a: Gholdengo|Make It Rain|p1a: Lilligant|[spread] p1a,p1b\n|-resisted|p1b: Torkoal\n|-enditem|p1a: Lilligant|Focus Sash\n|-damage|p1a: Lilligant|1\/100\n|-damage|p1b: Torkoal|0 fnt\n|-unboost|p2a: Gholdengo|spa|1\n|faint|p1b: Torkoal\n|\n|-weather|SunnyDay|[upkeep]\n|upkeep\n|turn|5\n|inactive|Juanber13 has 30 seconds left.\n|\n|t:|1700381387\n|move|p2a: Gholdengo|Protect|p2a: Gholdengo\n|-singleturn|p2a: Gholdengo|Protect\n|move|p1a: Lilligant|Close Combat|p2a: Gholdengo\n|-activate|p2a: Gholdengo|move: Protect\n|\n|-weather|SunnyDay|[upkeep]\n|upkeep\n|turn|6\n|\n|t:|1700381396\n|move|p2a: Gholdengo|Protect|p2a: Gholdengo\n|-singleturn|p2a: Gholdengo|Protect\n|move|p1a: Lilligant|Close Combat|p2a: Gholdengo\n|-activate|p2a: Gholdengo|move: Protect\n|\n|-weather|SunnyDay|[upkeep]\n|upkeep\n|turn|7\n|\n|t:|1700381404\n|move|p2a: Gholdengo|Protect||[still]\n|-fail|p2a: Gholdengo\n|move|p1a: Lilligant|Close Combat|p2a: Gholdengo\n|-supereffective|p2a: Gholdengo\n|-damage|p2a: Gholdengo|0 fnt\n|-unboost|p1a: Lilligant|def|1\n|-unboost|p1a: Lilligant|spd|1\n|faint|p2a: Gholdengo\n|\n|win|Juanber13\n|raw|Juanber13's rating: 1066 &rarr; <strong>1098<\/strong><br \/>(+32 for winning)\n|raw|tirg's rating: 1085 &rarr; <strong>1061<\/strong><br \/>(-24 for losing)\n|l|\u2606tirg\n","uploadtime":1700381451,"views":8,"p1id":"juanber13","p2id":"tirg","formatid":"gen9vgc2023regulatione","rating":1061,"private":0,"password":""}