{"id":"gen9vgc2023regulatione-1993304145","p1":"Kynoto","p2":"BlindMagneton","format":"[Gen 9] VGC 2023 Regulation E","log":"|j|\u2606Kynoto\n|j|\u2606BlindMagneton\n|t:|1700294195\n|gametype|doubles\n|player|p1|Kynoto|gambler|1318\n|player|p2|BlindMagneton|wattson|1344\n|teamsize|p1|6\n|teamsize|p2|6\n|gen|9\n|tier|[Gen 9] VGC 2023 Regulation E\n|rated|\n|rule|Species Clause: Limit one of each Pok\u00e9mon\n|rule|Item Clause: Limit one of each item\n|clearpoke\n|poke|p1|Moltres-Galar, L50|\n|poke|p1|Tornadus, L50, M|\n|poke|p1|Gholdengo, L50|\n|poke|p1|Iron Hands, L50|\n|poke|p1|Cresselia, L50, F|\n|poke|p1|Arboliva, L50, F|\n|poke|p2|Mandibuzz, L50, F|\n|poke|p2|Ninetales-Alola, L50, M|\n|poke|p2|Magnezone, L50|\n|poke|p2|Flamigo, L50, M|\n|poke|p2|Farigiraf, L50, F|\n|poke|p2|Annihilape, L50, M|\n|teampreview|4\n|\n|t:|1700294239\n|start\n|switch|p1a: Moltres|Moltres-Galar, L50|100\/100\n|switch|p1b: Gholdengo|Gholdengo, L50, shiny|100\/100\n|switch|p2a: Mandibuzz|Mandibuzz, L50, F|100\/100\n|switch|p2b: Ninetales|Ninetales-Alola, L50, M|100\/100\n|-weather|Snow|[from] ability: Snow Warning|[of] p2b: Ninetales\n|turn|1\n|\n|t:|1700294266\n|move|p2b: Ninetales|Ice Shard|p2a: Mandibuzz\n|-supereffective|p2a: Mandibuzz\n|-damage|p2a: Mandibuzz|83\/100\n|-ability|p2a: Mandibuzz|Weak Armor|boost\n|-unboost|p2a: Mandibuzz|def|1\n|-boost|p2a: Mandibuzz|spe|2\n|-enditem|p2a: Mandibuzz|Weakness Policy\n|-boost|p2a: Mandibuzz|atk|2|[from] item: Weakness Policy\n|-boost|p2a: Mandibuzz|spa|2|[from] item: Weakness Policy\n|move|p2a: Mandibuzz|Lash Out|p1b: Gholdengo\n|-supereffective|p1b: Gholdengo\n|-damage|p1b: Gholdengo|0 fnt\n|faint|p1b: Gholdengo\n|move|p1a: Moltres|Nasty Plot|p1a: Moltres\n|-boost|p1a: Moltres|spa|2\n|\n|-weather|Snow|[upkeep]\n|upkeep\n|\n|t:|1700294296\n|switch|p1b: Iron Hands|Iron Hands, L50, shiny|100\/100\n|turn|2\n|\n|t:|1700294308\n|move|p2a: Mandibuzz|Protect|p2a: Mandibuzz\n|-singleturn|p2a: Mandibuzz|Protect\n|move|p1b: Iron Hands|Fake Out|p2b: Ninetales\n|-damage|p2b: Ninetales|84\/100\n|cant|p2b: Ninetales|flinch\n|move|p1a: Moltres|Fiery Wrath|p2a: Mandibuzz|[spread] p2b\n|-activate|p2a: Mandibuzz|move: Protect\n|-resisted|p2b: Ninetales\n|-damage|p2b: Ninetales|44\/100\n|\n|-weather|Snow|[upkeep]\n|upkeep\n|turn|3\n|inactive|Battle timer is ON: inactive players will automatically lose when time's up. (requested by Kynoto)\n|\n|t:|1700294377\n|move|p2a: Mandibuzz|Acrobatics|p1a: Moltres\n|-damage|p1a: Moltres|11\/100\n|-ability|p1a: Moltres|Berserk|boost\n|-boost|p1a: Moltres|spa|1\n|-enditem|p1a: Moltres|Sitrus Berry|[eat]\n|-heal|p1a: Moltres|36\/100|[from] item: Sitrus Berry\n|move|p2b: Ninetales|Aurora Veil|p2b: Ninetales\n|-sidestart|p2: BlindMagneton|move: Aurora Veil\n|move|p1a: Moltres|Hurricane|p2b: Ninetales\n|-damage|p2b: Ninetales|0 fnt\n|faint|p2b: Ninetales\n|move|p1b: Iron Hands|Drain Punch|p2a: Mandibuzz\n|-damage|p2a: Mandibuzz|39\/100\n|-ability|p2a: Mandibuzz|Weak Armor|boost\n|-unboost|p2a: Mandibuzz|def|1\n|-boost|p2a: Mandibuzz|spe|2\n|\n|-weather|Snow|[upkeep]\n|upkeep\n|\n|t:|1700294389\n|switch|p2b: Flamigo|Flamigo, L50, M|100\/100\n|-copyboost|p2b: Flamigo|p2a: Mandibuzz|[from] ability: Costar\n|turn|4\n|inactive|Kynoto has 30 seconds left.\n|\n|t:|1700294423\n|move|p2b: Flamigo|Close Combat|p1b: Iron Hands\n|-damage|p1b: Iron Hands|15\/100\n|-unboost|p2b: Flamigo|def|1\n|-unboost|p2b: Flamigo|spd|1\n|move|p2a: Mandibuzz|Acrobatics|p1a: Moltres\n|-damage|p1a: Moltres|0 fnt\n|faint|p1a: Moltres\n|move|p1b: Iron Hands|Wild Charge|p2a: Mandibuzz\n|-supereffective|p2a: Mandibuzz\n|-damage|p2a: Mandibuzz|0 fnt\n|faint|p2a: Mandibuzz\n|-damage|p1b: Iron Hands|7\/100|[from] Recoil\n|\n|-weather|Snow|[upkeep]\n|upkeep\n|\n|t:|1700294437\n|switch|p1a: Arboliva|Arboliva, L50, F, shiny|100\/100\n|switch|p2a: Farigiraf|Farigiraf, L50, F|100\/100\n|turn|5\n|inactive|BlindMagneton has 30 seconds left.\n|\n|t:|1700294465\n|move|p2b: Flamigo|Protect|p2b: Flamigo\n|-singleturn|p2b: Flamigo|Protect\n|move|p1a: Arboliva|Protect|p1a: Arboliva\n|-singleturn|p1a: Arboliva|Protect\n|move|p2a: Farigiraf|Hyper Voice|p1a: Arboliva|[spread] p1b\n|-activate|p1a: Arboliva|move: Protect\n|-damage|p1b: Iron Hands|0 fnt\n|faint|p1b: Iron Hands\n|-end|p1b: Iron Hands|Quark Drive|[silent]\n|-enditem|p2a: Farigiraf|Throat Spray\n|-boost|p2a: Farigiraf|spa|1|[from] item: Throat Spray\n|\n|-weather|none\n|upkeep\n|turn|6\n|inactive|Kynoto has 30 seconds left.\n|inactive|BlindMagneton has 30 seconds left.\n|\n|t:|1700294500\n|-terastallize|p1a: Arboliva|Fairy\n|move|p2b: Flamigo|Brave Bird|p1a: Arboliva\n|-damage|p1a: Arboliva|0 fnt\n|-fieldstart|move: Grassy Terrain|[from] ability: Seed Sower|[of] p1a: Arboliva\n|faint|p1a: Arboliva\n|-damage|p2b: Flamigo|64\/100|[from] Recoil\n|\n|win|BlindMagneton\n|raw|Kynoto's rating: 1318 &rarr; <strong>1299<\/strong><br \/>(-19 for losing)\n|raw|BlindMagneton's rating: 1344 &rarr; <strong>1363<\/strong><br \/>(+19 for winning)\n","uploadtime":1700294505,"views":9,"p1id":"kynoto","p2id":"blindmagneton","formatid":"gen9vgc2023regulatione","rating":1299,"private":0,"password":""}