{"id":"gen9vgc2023regulatione-1993531461","p1":"WilfredVGC","p2":"That_Leek","format":"[Gen 9] VGC 2023 Regulation E","log":"|j|\u2606WilfredVGC\n|j|\u2606That_Leek\n|n|\u2606WilfredVGC|wilfredvgc\n|n|\u2606That_Leek|thatleek\n|html|View the match progress at <a href=\"\/game-bestof3-gen9vgc2023regulatione-1993531460\">game-bestof3-gen9vgc2023regulatione-1993531460<\/a>\n|t:|1700328680\n|gametype|doubles\n|player|p1|WilfredVGC|roxanne|\n|player|p2|That_Leek|blue|\n|teamsize|p1|6\n|teamsize|p2|6\n|gen|9\n|tier|[Gen 9] VGC 2023 Regulation E\n|rule|Species Clause: Limit one of each Pok\u00e9mon\n|rule|Item Clause: Limit one of each item\n|clearpoke\n|poke|p1|Scizor, L50, M|\n|poke|p1|Regidrago, L50|\n|poke|p1|Tsareena, L50, F|\n|poke|p1|Gothitelle, L50, F|\n|poke|p1|Talonflame, L50, F|\n|poke|p1|Pawmot, L50, F|\n|poke|p2|Dondozo, L50, F|\n|poke|p2|Tatsugiri, L50, F|\n|poke|p2|Heatran, L50, F|\n|poke|p2|Sinistcha, L50|\n|poke|p2|Landorus-Therian, L50, M|\n|poke|p2|Sylveon, L50, F|\n|teampreview|4\nWilfredVGC has agreed to open team sheets.\n|c|\u2606WilfredVGC|Wait what\n|c|\u2606WilfredVGC|I thought teams had to be all <1% and one above\n|c|\u2606That_Leek|no?\n|c|\u2606WilfredVGC|Uh oh\nThat_Leek has agreed to open team sheets.\n|showteam|p1|Scizor||LifeOrb|Technician|AerialAce,BulletPunch,CloseCombat,BugBite|||M|||50|,,,,,Steel]Regidrago||DragonFang|DragonsMaw|DragonEnergy,DracoMeteor,EarthPower,Protect||||||50|,,,,,Steel]Tsareena||AssaultVest|QueenlyMajesty|TropKick,PlayRough,KnockOff,Uturn|||F|||50|,,,,,Water]Gothitelle||SitrusBerry|ShadowTag|FakeOut,Psychic,TrickRoom,Protect|||F|||50|,,,,,Water]Talonflame||ClearAmulet|GaleWings|BraveBird,FlareBlitz,Taunt,Tailwind|||F|||50|,,,,,Flying]Pawmot||FocusSash|VoltAbsorb|DoubleShock,CloseCombat,RevivalBlessing,Protect|||F|||50|,,,,,Electric\n|showteam|p2|Dondozo||Leftovers|Unaware|Protect,OrderUp,WaveCrash,Earthquake|||F|||50|,,,,,Grass]Tatsugiri||FocusSash|Commander|Protect,DracoMeteor,HelpingHand,IcyWind|||F|||50|,,,,,Dragon]Heatran||AssaultVest|FlashFire|HeatWave,FlashCannon,EarthPower,TeraBlast|||F|||50|,,,,,Grass]Sinistcha||RockyHelmet|Hospitality|MatchaGotcha,ShadowBall,RagePowder,TrickRoom||||||50|,,,,,Fire]Landorus-Therian||ChoiceScarf|Intimidate|RockSlide,Uturn,StompingTantrum,TeraBlast|||M|||50|,,,,,Flying]Sylveon||ChoiceSpecs|Pixilate|TeraBlast,HyperVoice,HyperBeam,ShadowBall|||F|||50|,,,,,Fire\n|\n|t:|1700328755\n|start\n|switch|p1a: Talonflame|Talonflame, L50, F|100\/100\n|switch|p1b: Regidrago|Regidrago, L50|100\/100\n|switch|p2a: 4137 Mangrove Drv.|Landorus-Therian, L50, M|100\/100\n|switch|p2b: You belong with ME|Sylveon, L50, F|100\/100\n|-ability|p2a: 4137 Mangrove Drv.|Intimidate|boost\n|-fail|p1a: Talonflame|unboost|[from] item: Clear Amulet|[of] p1a: Talonflame\n|-unboost|p1b: Regidrago|atk|1\n|turn|1\n|c|\u2606That_Leek|Liam share the bo3 on the server\n|\n|t:|1700328801\n|-terastallize|p1a: Talonflame|Flying\n|move|p1a: Talonflame|Brave Bird|p2b: You belong with ME\n|-damage|p2b: You belong with ME|22\/100\n|-damage|p1a: Talonflame|69\/100|[from] Recoil\n|move|p2a: 4137 Mangrove Drv.|U-turn|p1b: Regidrago\n|-damage|p1b: Regidrago|69\/100\n|\n|t:|1700328809\n|switch|p2a: LET EM COOK|Tatsugiri, L50, F|100\/100|[from] U-turn\n|move|p1b: Regidrago|Draco Meteor|p2a: LET EM COOK\n|-supereffective|p2a: LET EM COOK\n|-enditem|p2a: LET EM COOK|Focus Sash\n|-damage|p2a: LET EM COOK|1\/100\n|-unboost|p1b: Regidrago|spa|2\n|move|p2b: You belong with ME|Hyper Voice|p1a: Talonflame|[spread] p1a,p1b\n|-supereffective|p1b: Regidrago\n|-damage|p1a: Talonflame|0 fnt\n|-damage|p1b: Regidrago|0 fnt\n|faint|p1a: Talonflame\n|faint|p1b: Regidrago\n|\n|upkeep\n|\n|t:|1700328812\n|switch|p1a: Tsareena|Tsareena, L50, F|100\/100\n|switch|p1b: Pawmot|Pawmot, L50, F|100\/100\n|turn|2\n|\n|t:|1700328822\n|move|p2a: LET EM COOK|Protect|p2a: LET EM COOK\n|-singleturn|p2a: LET EM COOK|Protect\n|move|p1b: Pawmot|Revival Blessing|p1b: Pawmot\n|\n|t:|1700328836\n|-heal|p1: Regidrago|50\/100|[from] move: Revival Blessing\n|move|p1a: Tsareena|Trop Kick|p2b: You belong with ME\n|-damage|p2b: You belong with ME|0 fnt\n|faint|p2b: You belong with ME\n|\n|upkeep\n|\n|t:|1700328842\n|switch|p2b: Dondizzle|Dondozo, L50, F|100\/100\n|-activate|p2a: LET EM COOK|ability: Commander|[of] p2b: Dondizzle\n|-boost|p2b: Dondizzle|atk|2\n|-boost|p2b: Dondizzle|spa|2\n|-boost|p2b: Dondizzle|spe|2\n|-boost|p2b: Dondizzle|def|2\n|-boost|p2b: Dondizzle|spd|2\n|turn|3\n|\n|t:|1700328850\n|-terastallize|p2b: Dondizzle|Grass\n|move|p1b: Pawmot|Double Shock|p2b: Dondizzle\n|-resisted|p2b: Dondizzle\n|-crit|p2b: Dondizzle\n|-damage|p2b: Dondizzle|69\/100\n|-start|p1b: Pawmot|typechange|???\/Fighting|[from] move: Double Shock\n|move|p2b: Dondizzle|Order Up|p1b: Pawmot\n|-damage|p1b: Pawmot|18\/100\n|-boost|p2b: Dondizzle|atk|1\n|move|p1a: Tsareena|Trop Kick|p2b: Dondizzle\n|-resisted|p2b: Dondizzle\n|-damage|p2b: Dondizzle|62\/100\n|-unboost|p2b: Dondizzle|atk|1\n|\n|-heal|p2b: Dondizzle|69\/100|[from] item: Leftovers\n|upkeep\n|turn|4\n|\n|t:|1700328867\n|move|p1b: Pawmot|Protect|p1b: Pawmot\n|-singleturn|p1b: Pawmot|Protect\n|move|p2b: Dondizzle|Protect|p2b: Dondizzle\n|-singleturn|p2b: Dondizzle|Protect\n|move|p1a: Tsareena|Knock Off|p2b: Dondizzle\n|-activate|p2b: Dondizzle|move: Protect\n|\n|-heal|p2b: Dondizzle|75\/100|[from] item: Leftovers\n|upkeep\n|turn|5\n|\n|t:|1700328875\n|move|p1b: Pawmot|Close Combat|p2b: Dondizzle\n|-damage|p2b: Dondizzle|56\/100\n|-unboost|p1b: Pawmot|def|1\n|-unboost|p1b: Pawmot|spd|1\n|move|p2b: Dondizzle|Order Up|p1a: Tsareena\n|-damage|p1a: Tsareena|45\/100\n|-boost|p2b: Dondizzle|atk|1\n|move|p1a: Tsareena|Knock Off|p2b: Dondizzle\n|-damage|p2b: Dondizzle|45\/100\n|-enditem|p2b: Dondizzle|Leftovers|[from] move: Knock Off|[of] p1a: Tsareena\n|\n|upkeep\n|turn|6\n|\n|t:|1700328890\n|move|p1b: Pawmot|Close Combat|p2b: Dondizzle\n|-damage|p2b: Dondizzle|26\/100\n|-unboost|p1b: Pawmot|def|1\n|-unboost|p1b: Pawmot|spd|1\n|move|p2b: Dondizzle|Order Up|p1a: Tsareena\n|-damage|p1a: Tsareena|0 fnt\n|faint|p1a: Tsareena\n|-boost|p2b: Dondizzle|atk|1\n|\n|upkeep\n|\n|t:|1700328898\n|switch|p1a: Regidrago|Regidrago, L50|50\/100\n|turn|7\n|\n|t:|1700328905\n|move|p1b: Pawmot|Close Combat|p2b: Dondizzle\n|-damage|p2b: Dondizzle|4\/100\n|-unboost|p1b: Pawmot|def|1\n|-unboost|p1b: Pawmot|spd|1\n|move|p2b: Dondizzle|Earthquake|p1b: Pawmot|[spread] p1a,p1b\n|-miss|p2b: Dondizzle|p2a: LET EM COOK\n|-damage|p1a: Regidrago|0 fnt\n|-damage|p1b: Pawmot|0 fnt\n|faint|p1a: Regidrago\n|faint|p1b: Pawmot\n|\n|win|That_Leek\n|c|\u2606That_Leek|gg\n|c|&|\/uhtml prompt-wilfredvgc,WilfredVGC is ready for game 2!\n|inactive|That_Leek has 50 seconds to confirm battle start!\n|inactive|That_Leek has 40 seconds to confirm battle start!\n|inactive|That_Leek has 30 seconds to confirm battle start!\n|c|&|\/uhtml prompt-thatleek,That_Leek is ready for game 2!\nBoth players are ready! Starting next match!\n|l|\u2606That_Leek\n|j|\u2606That_Leek\n|player|p2|That_Leek|blue\n","uploadtime":1700328912,"views":23,"p1id":"wilfredvgc","p2id":"thatleek","formatid":"gen9vgc2023regulatione","rating":0,"private":0,"password":""}