{"id":"gen9vgc2023regulatione-1987911551","p1":"relder","p2":"SicGatto","format":"[Gen 9] VGC 2023 Regulation E","log":"|j|\u2606relder\n|j|\u2606SicGatto\n|n|\u2606relder|relder\n|n|\u2606SicGatto|sicgatto\n|html|View the match progress at <a href=\"\/game-bestof3-gen9vgc2023regulatione-1987911550\">game-bestof3-gen9vgc2023regulatione-1987911550<\/a>\n|t:|1699648395\n|gametype|doubles\n|player|p1|relder|whitney-gen2|\n|player|p2|SicGatto|170|\n|teamsize|p1|6\n|teamsize|p2|6\n|gen|9\n|tier|[Gen 9] VGC 2023 Regulation E\n|rule|Species Clause: Limit one of each Pok\u00e9mon\n|rule|Item Clause: Limit one of each item\n|clearpoke\n|poke|p1|Weezing, L50, F|\n|poke|p1|Gholdengo, L50|\n|poke|p1|Salamence, L50, F|\n|poke|p1|Urshifu-*, L50, M|\n|poke|p1|Ogerpon-Hearthflame, L50, F|\n|poke|p1|Iron Hands, L50|\n|poke|p2|Iron Hands, L50|\n|poke|p2|Rillaboom, L50, M|\n|poke|p2|Arcanine-Hisui, L50, M|\n|poke|p2|Milotic, L50, F|\n|poke|p2|Tornadus, L50, M|\n|poke|p2|Chien-Pao, L50|\n|teampreview|4\nrelder has agreed to open team sheets.\nSicGatto has agreed to open team sheets.\n|showteam|p1|Weezing||SitrusBerry|NeutralizingGas|SludgeBomb,WillOWisp,Taunt,Protect|||F|||50|,,,,,Water]Gholdengo||Leftovers|GoodasGold|MakeItRain,ShadowBall,NastyPlot,Protect||||||50|,,,,,Dragon]Salamence||AbilityShield|Intimidate|DragonClaw,DualWingbeat,Tailwind,Protect|||F|||50|,,,,,Steel]Urshifu-Rapid-Strike||ChoiceScarf|UnseenFist|SurgingStrikes,CloseCombat,IceSpinner,Uturn|||M|||50|,,,,,Water]Ogerpon-Hearthflame||HearthflameMask|MoldBreaker|WoodHammer,IvyCudgel,SwordsDance,SpikyShield|||F|||50|,,,,,Fire]Iron Hands||AssaultVest|QuarkDrive|FakeOut,WildCharge,DrainPunch,VoltSwitch||||||50|,,,,,Grass\n|showteam|p2|Iron Hands||AssaultVest|QuarkDrive|DrainPunch,WildCharge,FakeOut,HeavySlam||||||50|,,,,,Water]Rillaboom||MiracleSeed|GrassySurge|WoodHammer,GrassyGlide,FakeOut,Uturn|||M|||50|,,,,,Grass]Arcanine-Hisui||ChoiceBand|Intimidate|FlareBlitz,RockSlide,ExtremeSpeed,HeadSmash|||M|||50|,,,,,Normal]Milotic||SitrusBerry|Competitive|Scald,IceBeam,Haze,Protect|||F|||50|,,,,,Fairy]Tornadus||CovertCloak|Prankster|BleakwindStorm,IcyWind,Tailwind,Taunt|||M|||50|,,,,,Dark]Chien-Pao||FocusSash|SwordofRuin|IceSpinner,SuckerPunch,SacredSword,Protect||||||50|,,,,,Ghost\n|c|\u2606SicGatto|glhf\n|c|\u2606relder|buona fortuna!\n|j| dan_DES\n|j| Spindina\n|\n|t:|1699648560\n|start\n|switch|p1a: Weezing|Weezing, L50, F|100\/100\n|switch|p1b: Salamence|Salamence, L50, F|100\/100\n|switch|p2a: Tornadus|Tornadus, L50, M|100\/100\n|switch|p2b: Chien-Pao|Chien-Pao, L50|100\/100\n|-ability|p1a: Weezing|Neutralizing Gas\n|-block|p1b: Salamence|item: Ability Shield\n|-ability|p1b: Salamence|Intimidate|boost\n|-unboost|p2a: Tornadus|atk|1\n|-unboost|p2b: Chien-Pao|atk|1\n|turn|1\n|\n|t:|1699648589\n|switch|p2b: Arcanine|Arcanine-Hisui, L50, M|100\/100\n|switch|p1b: Iron Hands|Iron Hands, L50|100\/100\n|move|p1a: Weezing|Protect|p1a: Weezing\n|-singleturn|p1a: Weezing|Protect\n|move|p2a: Tornadus|Bleakwind Storm|p1b: Iron Hands|[spread] p1b\n|-activate|p1a: Weezing|move: Protect\n|-damage|p1b: Iron Hands|84\/100\n|\n|upkeep\n|turn|2\n|j| KyuremBiancoEtero\n|\n|t:|1699648658\n|switch|p2b: Milotic|Milotic, L50, F|100\/100\n|-end|p1a: Weezing|ability: Neutralizing Gas\n|switch|p1a: Salamence|Salamence, L50, F|100\/100\n|-ability|p1a: Salamence|Intimidate|boost\n|-unboost|p2a: Tornadus|atk|1\n|-unboost|p2b: Milotic|atk|1\n|-ability|p2b: Milotic|Competitive|boost\n|-boost|p2b: Milotic|spa|2\n|move|p2a: Tornadus|Taunt|p1a: Salamence\n|-start|p1a: Salamence|move: Taunt\n|move|p1b: Iron Hands|Drain Punch|p2b: Milotic\n|-damage|p2b: Milotic|60\/100\n|-heal|p1b: Iron Hands|100\/100|[from] drain|[of] p2b: Milotic\n|\n|upkeep\n|turn|3\n|\n|t:|1699648707\n|switch|p1a: Gholdengo|Gholdengo, L50|100\/100\n|-terastallize|p2b: Milotic|Fairy\n|move|p2a: Tornadus|Icy Wind|p1a: Gholdengo|[spread] p1b\n|-miss|p2a: Tornadus|p1a: Gholdengo\n|-damage|p1b: Iron Hands|94\/100\n|-unboost|p1b: Iron Hands|spe|1\n|move|p2b: Milotic|Scald|p1b: Iron Hands\n|-damage|p1b: Iron Hands|56\/100\n|move|p1b: Iron Hands|Wild Charge|p2b: Milotic\n|-damage|p2b: Milotic|7\/100\n|-enditem|p2b: Milotic|Sitrus Berry|[eat]\n|-heal|p2b: Milotic|32\/100|[from] item: Sitrus Berry\n|-damage|p1b: Iron Hands|45\/100|[from] Recoil\n|\n|upkeep\n|turn|4\n|\n|t:|1699648738\n|move|p2b: Milotic|Protect|p2b: Milotic\n|-singleturn|p2b: Milotic|Protect\n|move|p2a: Tornadus|Tailwind|p2a: Tornadus\n|-sidestart|p2: SicGatto|move: Tailwind\n|move|p1a: Gholdengo|Make It Rain|p2b: Milotic|[spread] p2a\n|-activate|p2b: Milotic|move: Protect\n|-damage|p2a: Tornadus|56\/100\n|-unboost|p1a: Gholdengo|spa|1\n|move|p1b: Iron Hands|Wild Charge|p2a: Tornadus\n|-supereffective|p2a: Tornadus\n|-damage|p2a: Tornadus|0 fnt\n|faint|p2a: Tornadus\n|-damage|p1b: Iron Hands|34\/100|[from] Recoil\n|\n|upkeep\n|\n|t:|1699648774\n|switch|p2a: Arcanine|Arcanine-Hisui, L50, M|100\/100\n|-ability|p2a: Arcanine|Intimidate|boost\n|-unboost|p1a: Gholdengo|atk|1\n|-unboost|p1b: Iron Hands|atk|1\n|turn|5\n|\n|t:|1699648823\n|switch|p1a: Weezing|Weezing, L50, F|100\/100\n|-ability|p1a: Weezing|Neutralizing Gas\n|-end|p1b: Iron Hands|Quark Drive|[silent]\n|switch|p1b: Salamence|Salamence, L50, F|100\/100\n|-ability|p1b: Salamence|Intimidate|boost\n|-unboost|p2a: Arcanine|atk|1\n|-unboost|p2b: Milotic|atk|1\n|move|p2a: Arcanine|Flare Blitz|p1b: Salamence\n|-resisted|p1b: Salamence\n|-damage|p1b: Salamence|64\/100\n|-damage|p2a: Arcanine|87\/100|[from] Recoil\n|move|p2b: Milotic|Scald|p1a: Weezing\n|-damage|p1a: Weezing|2\/100\n|-enditem|p1a: Weezing|Sitrus Berry|[eat]\n|-heal|p1a: Weezing|27\/100|[from] item: Sitrus Berry\n|\n|upkeep\n|turn|6\n|\n|t:|1699648850\n|switch|p1b: Gholdengo|Gholdengo, L50|100\/100\n|move|p1a: Weezing|Protect|p1a: Weezing\n|-singleturn|p1a: Weezing|Protect\n|move|p2a: Arcanine|Flare Blitz|p1b: Gholdengo\n|-supereffective|p1b: Gholdengo\n|-damage|p1b: Gholdengo|0 fnt\n|faint|p1b: Gholdengo\n|-damage|p2a: Arcanine|54\/100|[from] Recoil\n|move|p2b: Milotic|Scald|p1a: Weezing\n|-activate|p1a: Weezing|move: Protect\n|\n|upkeep\n|\n|t:|1699648863\n|switch|p1b: Salamence|Salamence, L50, F|64\/100\n|-ability|p1b: Salamence|Intimidate|boost\n|-unboost|p2a: Arcanine|atk|1\n|-unboost|p2b: Milotic|atk|1\n|turn|7\n|\n|t:|1699648872\n|switch|p2a: Chien-Pao|Chien-Pao, L50|100\/100\n|move|p1b: Salamence|Protect|p1b: Salamence\n|-singleturn|p1b: Salamence|Protect\n|move|p2b: Milotic|Scald|p1a: Weezing\n|-damage|p1a: Weezing|0 fnt\n|faint|p1a: Weezing\n|-end|p1a: Weezing|ability: Neutralizing Gas\n|-ability|p2a: Chien-Pao|Sword of Ruin\n|\n|-sideend|p2: SicGatto|move: Tailwind\n|upkeep\n|\n|t:|1699648879\n|switch|p1a: Iron Hands|Iron Hands, L50|34\/100\n|turn|8\n|\n|t:|1699648902\n|move|p2a: Chien-Pao|Protect|p2a: Chien-Pao\n|-singleturn|p2a: Chien-Pao|Protect\n|move|p1a: Iron Hands|Fake Out|p2a: Chien-Pao\n|-activate|p2a: Chien-Pao|move: Protect\n|move|p1b: Salamence|Tailwind|p1b: Salamence\n|-sidestart|p1: relder|move: Tailwind\n|move|p2b: Milotic|Scald|p1a: Iron Hands\n|-damage|p1a: Iron Hands|0 fnt\n|faint|p1a: Iron Hands\n|-end|p1a: Iron Hands|Quark Drive|[silent]\n|\n|upkeep\n|turn|9\n|c|\u2606relder|gg\n|-message|relder forfeited.\n|\n|win|SicGatto\n|c|&|\/uhtml prompt-relder,relder is ready for game 2!\n|c|\u2606SicGatto|gg\n|c|&|\/uhtml prompt-sicgatto,SicGatto is ready for game 2!\nBoth players are ready! Starting next match!\n|l| KyuremBiancoEtero\n|l| Spindina\n|j| sciadowsnich\n|l| sciadowsnich\n","uploadtime":1699649890,"views":48,"p1id":"relder","p2id":"sicgatto","formatid":"gen9vgc2023regulatione","rating":0,"private":0,"password":""}