{"id":"gen9vgc2023regulatione-1996188041","p1":"SocMaloVGC","p2":"SlamVgc","format":"[Gen 9] VGC 2023 Regulation E","log":"|j|\u2606SocMaloVGC\n|j|\u2606SlamVgc\n|n|\u2606SocMaloVGC|socmalovgc\n|n|\u2606SlamVgc|slamvgc\n|html|View the match progress at <a href=\"\/game-bestof3-gen9vgc2023regulatione-1996185002\">game-bestof3-gen9vgc2023regulatione-1996185002<\/a>\n|t:|1700656833\n|gametype|doubles\n|player|p1|SocMaloVGC|101|\n|player|p2|SlamVgc|169|\n|teamsize|p1|6\n|teamsize|p2|6\n|gen|9\n|tier|[Gen 9] VGC 2023 Regulation E\n|rule|Species Clause: Limit one of each Pok\u00e9mon\n|rule|Item Clause: Limit one of each item\n|clearpoke\n|poke|p1|Heatran, L50, M|\n|poke|p1|Tornadus, L50, M|\n|poke|p1|Flutter Mane, L50|\n|poke|p1|Landorus-Therian, L50, M|\n|poke|p1|Amoonguss, L50, F|\n|poke|p1|Ogerpon-Wellspring, L50, F|\n|poke|p2|Iron Hands, L50|\n|poke|p2|Amoonguss, L50, F|\n|poke|p2|Landorus-Therian, L50, M|\n|poke|p2|Flutter Mane, L50|\n|poke|p2|Heatran, L50, M|\n|poke|p2|Roaring Moon, L50|\n|teampreview|4\nSocMaloVGC has agreed to open team sheets.\nSlamVgc has agreed to open team sheets.\n|showteam|p1|Heatran||AssaultVest|FlashFire|HeatWave,FlashCannon,EarthPower,TeraBlast|||M|||50|,,,,,Fairy]Tornadus||MentalHerb|Prankster|Tailwind,SunnyDay,BleakwindStorm,Protect|||M|||50|,,,,,Dark]Flutter Mane||ChoiceSpecs|Protosynthesis|Moonblast,DazzlingGleam,PowerGem,ShadowBall||||||50|,,,,,Fairy]Landorus-Therian||ChoiceScarf|Intimidate|StompingTantrum,Uturn,TeraBlast,RockSlide|||M|||50|,,,,,Flying]Amoonguss||SitrusBerry|Regenerator|RagePowder,Spore,Protect,PollenPuff|||F|||50|,,,,,Water]Ogerpon-Wellspring||WellspringMask|WaterAbsorb|IvyCudgel,HornLeech,SwordsDance,SpikyShield|||F|||50|,,,,,Water\n|showteam|p2|Iron Hands||AssaultVest|QuarkDrive|FakeOut,WildCharge,DrainPunch,HeavySlam||||||50|,,,,,Water]Amoonguss||RockyHelmet|Regenerator|Spore,RagePowder,PollenPuff,Protect|||F|||50|,,,,,Water]Landorus-Therian||ChoiceScarf|Intimidate|RockSlide,StompingTantrum,TeraBlast,Uturn|||M|||50|,,,,,Flying]Flutter Mane||ChoiceSpecs|Protosynthesis|Moonblast,ShadowBall,DazzlingGleam,IcyWind||||||50|,,,,,Fairy]Heatran||Leftovers|FlashFire|MagmaStorm,FlashCannon,EarthPower,Protect|||M|||50|,,,,,Grass]Roaring Moon||BoosterEnergy|Protosynthesis|Protect,Tailwind,BreakingSwipe,KnockOff||||||50|,,,,,Poison\n|\n|t:|1700656864\n|start\n|switch|p1a: Landorus|Landorus-Therian, L50, M|100\/100\n|switch|p1b: Tornadus|Tornadus, L50, M|100\/100\n|switch|p2a: Iron Hands|Iron Hands, L50|100\/100\n|switch|p2b: Heatran|Heatran, L50, M|100\/100\n|-ability|p1a: Landorus|Intimidate|boost\n|-unboost|p2a: Iron Hands|atk|1\n|-unboost|p2b: Heatran|atk|1\n|turn|1\n|\n|t:|1700656882\n|switch|p1a: Heatran|Heatran, L50, M|100\/100\n|move|p2a: Iron Hands|Fake Out|p1a: Heatran\n|-resisted|p1a: Heatran\n|-damage|p1a: Heatran|96\/100\n|move|p1b: Tornadus|Sunny Day|p1b: Tornadus\n|-weather|SunnyDay\n|move|p2b: Heatran|Magma Storm|p1b: Tornadus|[miss]\n|-miss|p2b: Heatran|p1b: Tornadus\n|\n|-weather|SunnyDay|[upkeep]\n|upkeep\n|turn|2\n|\n|t:|1700656908\n|-terastallize|p1a: Heatran|Fairy\n|move|p1b: Tornadus|Tailwind|p1b: Tornadus\n|-sidestart|p1: SocMaloVGC|move: Tailwind\n|move|p1a: Heatran|Tera Blast|p2a: Iron Hands|[anim] Tera Blast Fairy\n|-supereffective|p2a: Iron Hands\n|-damage|p2a: Iron Hands|48\/100\n|move|p2b: Heatran|Magma Storm|p1b: Tornadus|[miss]\n|-miss|p2b: Heatran|p1b: Tornadus\n|move|p2a: Iron Hands|Drain Punch|p1a: Heatran\n|-resisted|p1a: Heatran\n|-damage|p1a: Heatran|83\/100\n|-heal|p2a: Iron Hands|53\/100|[from] drain|[of] p1a: Heatran\n|\n|-weather|SunnyDay|[upkeep]\n|upkeep\n|turn|3\n|\n|t:|1700656927\n|-end|p2a: Iron Hands|Quark Drive|[silent]\n|switch|p2a: Amoonguss|Amoonguss, L50, F|100\/100\n|-terastallize|p2b: Heatran|Grass\n|move|p1b: Tornadus|Bleakwind Storm|p2b: Heatran|[spread] p2a,p2b\n|-supereffective|p2a: Amoonguss\n|-supereffective|p2b: Heatran\n|-damage|p2a: Amoonguss|43\/100\n|-damage|p2b: Heatran|50\/100\n|-unboost|p2b: Heatran|spe|1\n|move|p1a: Heatran|Tera Blast|p2a: Amoonguss|[anim] Tera Blast Fairy\n|-resisted|p2a: Amoonguss\n|-damage|p2a: Amoonguss|21\/100\n|move|p2b: Heatran|Magma Storm|p1b: Tornadus|[miss]\n|-miss|p2b: Heatran|p1b: Tornadus\n|\n|-weather|SunnyDay|[upkeep]\n|-heal|p2b: Heatran|56\/100|[from] item: Leftovers\n|upkeep\n|turn|4\n|c|\u2606SlamVgc|Puff\n|\n|t:|1700656952\n|switch|p2a: Landorus|Landorus-Therian, L50, M|100\/100\n|-ability|p2a: Landorus|Intimidate|boost\n|-unboost|p1a: Heatran|atk|1\n|-unboost|p1b: Tornadus|atk|1\n|move|p2b: Heatran|Protect|p2b: Heatran\n|-singleturn|p2b: Heatran|Protect\n|move|p1b: Tornadus|Bleakwind Storm|p2a: Landorus|[spread] \n|-activate|p2b: Heatran|move: Protect\n|-miss|p1b: Tornadus|p2a: Landorus\n|move|p1a: Heatran|Flash Cannon|p2a: Landorus\n|-damage|p2a: Landorus|41\/100\n|\n|-weather|SunnyDay|[upkeep]\n|-heal|p2b: Heatran|62\/100|[from] item: Leftovers\n|upkeep\n|turn|5\n|c|\u2606SocMaloVGC|sorry\n|\n|t:|1700656979\n|switch|p2a: Amoonguss|Amoonguss, L50, F|54\/100\n|move|p1b: Tornadus|Bleakwind Storm|p2a: Amoonguss|[spread] p2a\n|-miss|p1b: Tornadus|p2b: Heatran\n|-supereffective|p2a: Amoonguss\n|-damage|p2a: Amoonguss|0 fnt\n|faint|p2a: Amoonguss\n|move|p1a: Heatran|Flash Cannon|p2b: Heatran\n|-damage|p2b: Heatran|22\/100\n|move|p2b: Heatran|Magma Storm|p1b: Tornadus\n|-damage|p1b: Tornadus|15\/100\n|-activate|p1b: Tornadus|move: Magma Storm|[of] p2b: Heatran\n|\n|-weather|none\n|-heal|p2b: Heatran|28\/100|[from] item: Leftovers\n|-damage|p1b: Tornadus|2\/100|[from] move: Magma Storm|[partiallytrapped]\n|-sideend|p1: SocMaloVGC|move: Tailwind\n|upkeep\n|\n|t:|1700656999\n|switch|p2a: Iron Hands|Iron Hands, L50|53\/100\n|turn|6\n|\n|t:|1700657013\n|move|p2a: Iron Hands|Fake Out|p1a: Heatran\n|-damage|p1a: Heatran|69\/100\n|move|p1b: Tornadus|Sunny Day|p1b: Tornadus\n|-weather|SunnyDay\n|cant|p1a: Heatran|flinch\n|move|p2b: Heatran|Flash Cannon|p1a: Heatran\n|-supereffective|p1a: Heatran\n|-damage|p1a: Heatran|17\/100\n|-unboost|p1a: Heatran|spd|1\n|\n|-weather|SunnyDay|[upkeep]\n|-heal|p2b: Heatran|35\/100|[from] item: Leftovers\n|-damage|p1b: Tornadus|0 fnt|[from] move: Magma Storm|[partiallytrapped]\n|faint|p1b: Tornadus\n|upkeep\n|\n|t:|1700657023\n|switch|p1b: Landorus|Landorus-Therian, L50, M|100\/100\n|-ability|p1b: Landorus|Intimidate|boost\n|-unboost|p2a: Iron Hands|atk|1\n|-unboost|p2b: Heatran|atk|1\n|turn|7\n|\n|t:|1700657052\n|-end|p2a: Iron Hands|Quark Drive|[silent]\n|switch|p2a: Landorus|Landorus-Therian, L50, M|41\/100\n|-ability|p2a: Landorus|Intimidate|boost\n|-unboost|p1a: Heatran|atk|1\n|-unboost|p1b: Landorus|atk|1\n|move|p2b: Heatran|Protect|p2b: Heatran\n|-singleturn|p2b: Heatran|Protect\n|move|p1b: Landorus|U-turn|p2b: Heatran\n|-activate|p2b: Heatran|move: Protect\n|move|p1a: Heatran|Tera Blast|p2a: Landorus|[anim] Tera Blast Fairy\n|-damage|p2a: Landorus|0 fnt\n|faint|p2a: Landorus\n|\n|-weather|SunnyDay|[upkeep]\n|-heal|p2b: Heatran|41\/100|[from] item: Leftovers\n|upkeep\n|\n|t:|1700657068\n|switch|p2a: Iron Hands|Iron Hands, L50|53\/100\n|turn|8\n|\n|t:|1700657077\n|move|p2a: Iron Hands|Fake Out|p1b: Landorus\n|-damage|p1b: Landorus|85\/100\n|cant|p1b: Landorus|flinch\n|move|p1a: Heatran|Tera Blast|p2a: Iron Hands|[anim] Tera Blast Fairy\n|-supereffective|p2a: Iron Hands\n|-damage|p2a: Iron Hands|3\/100\n|move|p2b: Heatran|Magma Storm|p1b: Landorus\n|-damage|p1b: Landorus|0 fnt\n|faint|p1b: Landorus\n|\n|-weather|SunnyDay|[upkeep]\n|-heal|p2b: Heatran|47\/100|[from] item: Leftovers\n|upkeep\n|\n|t:|1700657086\n|switch|p1b: Flutter Mane|Flutter Mane, L50|100\/100\n|-activate|p1b: Flutter Mane|ability: Protosynthesis\n|-start|p1b: Flutter Mane|protosynthesisspa\n|turn|9\n|\n|t:|1700657094\n|move|p1b: Flutter Mane|Dazzling Gleam|p2b: Heatran|[spread] p2a,p2b\n|-supereffective|p2a: Iron Hands\n|-damage|p2a: Iron Hands|0 fnt\n|-damage|p2b: Heatran|0 fnt\n|faint|p2a: Iron Hands\n|-end|p2a: Iron Hands|Quark Drive|[silent]\n|faint|p2b: Heatran\n|\n|win|SocMaloVGC\n|c|&|\/uhtml prompt-slamvgc,SlamVgc is ready for game 3!\n|inactive|SocMaloVGC has 50 seconds to confirm battle start!\n","uploadtime":1700657098,"views":11,"p1id":"socmalovgc","p2id":"slamvgc","formatid":"gen9vgc2023regulatione","rating":0,"private":0,"password":""}