{"id":"gen9vgc2023regulatione-1988793390","p1":"Darkbadger2606","p2":"extracute","format":"[Gen 9] VGC 2023 Regulation E","log":"|j|\u2606Darkbadger2606\n|j|\u2606extracute\n|t:|1699763985\n|gametype|doubles\n|player|p1|Darkbadger2606|linebacker|1307\n|player|p2|extracute|169|1431\n|teamsize|p1|6\n|teamsize|p2|6\n|gen|9\n|tier|[Gen 9] VGC 2023 Regulation E\n|rated|\n|rule|Species Clause: Limit one of each Pok\u00e9mon\n|rule|Item Clause: Limit one of each item\n|clearpoke\n|poke|p1|Sandy Shocks, L50|\n|poke|p1|Espathra, L50, F|\n|poke|p1|Kommo-o, L50, F|\n|poke|p1|Ogerpon-Hearthflame, L50, F|\n|poke|p1|Illumise, L50, F|\n|poke|p1|Bisharp, L50, M|\n|poke|p2|Sneasler, L50, M|\n|poke|p2|Indeedee-F, L50, F|\n|poke|p2|Armarouge, L50, M|\n|poke|p2|Urshifu-*, L50, F|\n|poke|p2|Chien-Pao, L50|\n|poke|p2|Tornadus, L50, M|\n|teampreview|4\n|j| DarkRinoRex\n|inactive|Battle timer is ON: inactive players will automatically lose when time's up. (requested by Darkbadger2606)\n|\n|t:|1699764031\n|start\n|switch|p1a: Ogerpon|Ogerpon-Hearthflame, L50, F|100\/100\n|switch|p1b: Bisharp|Bisharp, L50, M, shiny|100\/100\n|switch|p2a: Armarouge|Armarouge, L50, M|100\/100\n|switch|p2b: Urshifu|Urshifu-Rapid-Strike, L50, F|100\/100\n|-ability|p1a: Ogerpon|Mold Breaker\n|turn|1\n|\n|t:|1699764052\n|move|p2a: Armarouge|Endure|p2a: Armarouge\n|-singleturn|p2a: Armarouge|move: Endure\n|move|p1b: Bisharp|Sucker Punch||[still]\n|-fail|p1b: Bisharp\n|move|p2b: Urshifu|Surging Strikes|p1a: Ogerpon\n|-crit|p1a: Ogerpon\n|-damage|p1a: Ogerpon|71\/100\n|-crit|p1a: Ogerpon\n|-damage|p1a: Ogerpon|44\/100\n|-crit|p1a: Ogerpon\n|-damage|p1a: Ogerpon|19\/100\n|-hitcount|p1a: Ogerpon|3\n|move|p1a: Ogerpon|Horn Leech|p2b: Urshifu\n|-supereffective|p2b: Urshifu\n|-damage|p2b: Urshifu|15\/100\n|-heal|p1a: Ogerpon|69\/100|[from] drain|[of] p2b: Urshifu\n|\n|upkeep\n|turn|2\n|\n|t:|1699764075\n|move|p1b: Bisharp|Sucker Punch|p2b: Urshifu\n|-resisted|p2b: Urshifu\n|-damage|p2b: Urshifu|0 fnt\n|faint|p2b: Urshifu\n|move|p1a: Ogerpon|Swords Dance|p1a: Ogerpon\n|-boost|p1a: Ogerpon|atk|2\n|move|p2a: Armarouge|Armor Cannon|p1b: Bisharp\n|-supereffective|p1b: Bisharp\n|-damage|p1b: Bisharp|0 fnt\n|-unboost|p2a: Armarouge|def|1\n|-unboost|p2a: Armarouge|spd|1\n|faint|p1b: Bisharp\n|\n|upkeep\n|\n|t:|1699764082\n|switch|p2b: Indeedee|Indeedee-F, L50, F|100\/100\n|switch|p1b: Sandy Shocks|Sandy Shocks, L50, shiny|100\/100\n|-fieldstart|move: Psychic Terrain|[from] ability: Psychic Surge|[of] p2b: Indeedee\n|-enditem|p1b: Sandy Shocks|Booster Energy\n|-activate|p1b: Sandy Shocks|ability: Protosynthesis|[fromitem]\n|-start|p1b: Sandy Shocks|protosynthesisspe\n|turn|3\n|\n|t:|1699764105\n|-terastallize|p2a: Armarouge|Grass\n|move|p2b: Indeedee|Helping Hand|p2a: Armarouge\n|-singleturn|p2a: Armarouge|Helping Hand|[of] p2b: Indeedee\n|move|p1b: Sandy Shocks|Earth Power|p2a: Armarouge\n|-resisted|p2a: Armarouge\n|-damage|p2a: Armarouge|53\/100\n|move|p1a: Ogerpon|Ivy Cudgel|p2b: Indeedee\n|-damage|p2b: Indeedee|0 fnt\n|faint|p2b: Indeedee\n|move|p2a: Armarouge|Expanding Force|p1a: Ogerpon|[spread] p1a,p1b\n|-damage|p1a: Ogerpon|0 fnt\n|-damage|p1b: Sandy Shocks|0 fnt\n|faint|p1a: Ogerpon\n|faint|p1b: Sandy Shocks\n|-end|p1b: Sandy Shocks|Protosynthesis|[silent]\n|\n|upkeep\n|\n|t:|1699764123\n|switch|p1b: Espathra|Espathra, L50, F, shiny|100\/100\n|switch|p2b: Sneasler|Sneasler, L50, M|100\/100\n|-enditem|p2b: Sneasler|Psychic Seed\n|-boost|p2b: Sneasler|spd|1|[from] item: Psychic Seed\n|turn|4\n|\n|t:|1699764139\n|-terastallize|p1b: Espathra|Fairy\n|move|p2b: Sneasler|Dire Claw|p1b: Espathra\n|-supereffective|p1b: Espathra\n|-enditem|p1b: Espathra|Focus Sash\n|-damage|p1b: Espathra|1\/100\n|move|p1b: Espathra|Dazzling Gleam|p2a: Armarouge|[spread] p2a,p2b\n|-damage|p2a: Armarouge|0 fnt\n|-damage|p2b: Sneasler|75\/100\n|faint|p2a: Armarouge\n|\n|-ability|p1b: Espathra|Speed Boost|boost\n|-boost|p1b: Espathra|spe|1\n|upkeep\n|turn|5\n|\n|t:|1699764148\n|move|p1b: Espathra|Protect|p1b: Espathra\n|-singleturn|p1b: Espathra|Protect\n|move|p2b: Sneasler|Dire Claw|p1b: Espathra\n|-activate|p1b: Espathra|move: Protect\n|\n|-ability|p1b: Espathra|Speed Boost|boost\n|-boost|p1b: Espathra|spe|1\n|upkeep\n|turn|6\n|\n|t:|1699764151\n|move|p2b: Sneasler|Dire Claw|p1b: Espathra\n|-supereffective|p1b: Espathra\n|-damage|p1b: Espathra|0 fnt\n|faint|p1b: Espathra\n|\n|win|extracute\n|raw|Darkbadger2606's rating: 1307 &rarr; <strong>1294<\/strong><br \/>(-13 for losing)\n|raw|extracute's rating: 1431 &rarr; <strong>1444<\/strong><br \/>(+13 for winning)\n|l|\u2606Darkbadger2606\n|l|\u2606extracute\n|j|\u2606extracute\n|player|p2|extracute|169\n","uploadtime":1699764254,"views":12,"p1id":"darkbadger2606","p2id":"extracute","formatid":"gen9vgc2023regulatione","rating":1294,"private":0,"password":""}