{"id":"gen9vgc2023regulatione-1997797394","p1":"VGCRem","p2":"iSebbi","format":"[Gen 9] VGC 2023 Regulation E","log":"|j|\u2606VGCRem\n|j|\u2606iSebbi\n|n|\u2606VGCRem|vgcrem\n|n|\u2606iSebbi|isebbi\n|html|View the match progress at <a href=\"\/game-bestof3-gen9vgc2023regulatione-1997793723\">game-bestof3-gen9vgc2023regulatione-1997793723<\/a>\n|t:|1700853747\n|gametype|doubles\n|player|p1|VGCRem|169|\n|player|p2|iSebbi|pokemonbreeder-gen4|\n|teamsize|p1|6\n|teamsize|p2|6\n|gen|9\n|tier|[Gen 9] VGC 2023 Regulation E\n|rule|Species Clause: Limit one of each Pok\u00e9mon\n|rule|Item Clause: Limit one of each item\n|clearpoke\n|poke|p1|Iron Bundle, L50|\n|poke|p1|Iron Moth, L50|\n|poke|p1|Iron Hands, L50|\n|poke|p1|Landorus-Therian, L50, M|\n|poke|p1|Sinistcha-Masterpiece, L50|\n|poke|p1|Chi-Yu, L50|\n|poke|p2|Landorus-Therian, L50, M|\n|poke|p2|Iron Hands, L50|\n|poke|p2|Flutter Mane, L50|\n|poke|p2|Urshifu-*, L50, F|\n|poke|p2|Ogerpon-Hearthflame, L50, F|\n|poke|p2|Amoonguss, L50, F|\n|teampreview|4\niSebbi has agreed to open team sheets.\n|c|\u2606iSebbi|ready\nVGCRem has agreed to open team sheets.\n|showteam|p1|Iron Bundle||BoosterEnergy|QuarkDrive|Protect,IcyWind,FreezeDry,Encore||||||50|,,,,,Ice]Iron Moth||LifeOrb|QuarkDrive|Protect,HeatWave,TeraBlast,EnergyBall||||||50|,,,,,Water]Iron Hands||AssaultVest|QuarkDrive|DrainPunch,WildCharge,HeavySlam,FakeOut||||||50|,,,,,Water]Landorus-Therian||ClearAmulet|Intimidate|Protect,StompingTantrum,TeraBlast,SwordsDance|||M|||50|,,,,,Flying]Sinistcha-Masterpiece||MentalHerb|Hospitality|TrickRoom,MatchaGotcha,StrengthSap,RagePowder||||||50|,,,,,Fire]Chi-Yu||Leftovers|BeadsofRuin|Protect,NastyPlot,DarkPulse,HeatWave||||||50|,,,,,Grass\n|showteam|p2|Landorus-Therian||ChoiceScarf|Intimidate|TeraBlast,Uturn,StompingTantrum,RockSlide|||M|||50|,,,,,Flying]Iron Hands||AssaultVest|QuarkDrive|VoltSwitch,DrainPunch,WildCharge,FakeOut||||||50|,,,,,Fire]Flutter Mane||BoosterEnergy|Protosynthesis|Moonblast,ShadowBall,DazzlingGleam,Protect||||||50|,,,,,Fairy]Urshifu-Rapid-Strike||SafetyGoggles|UnseenFist|SurgingStrikes,CloseCombat,AquaJet,Detect|||F|||50|,,,,,Water]Ogerpon-Hearthflame||HearthflameMask|MoldBreaker|IvyCudgel,WoodHammer,SpikyShield,SwordsDance|||F|||50|,,,,,Fire]Amoonguss||IronBall|Regenerator|RagePowder,PollenPuff,Spore,Protect|||F|||50|,,,,,Dragon\n|c|\u2606VGCRem|ready\n|\n|t:|1700853842\n|start\n|switch|p1a: Iron Bundle|Iron Bundle, L50, shiny|100\/100\n|switch|p1b: Landorus|Landorus-Therian, L50, M|100\/100\n|switch|p2a: Ogerpon|Ogerpon-Hearthflame, L50, F|100\/100\n|switch|p2b: Landorus|Landorus-Therian, L50, M|100\/100\n|-ability|p2b: Landorus|Intimidate|boost\n|-unboost|p1a: Iron Bundle|atk|1\n|-fail|p1b: Landorus|unboost|[from] item: Clear Amulet|[of] p1b: Landorus\n|-ability|p2a: Ogerpon|Mold Breaker\n|-ability|p1b: Landorus|Intimidate|boost\n|-unboost|p2a: Ogerpon|atk|1\n|-unboost|p2b: Landorus|atk|1\n|-enditem|p1a: Iron Bundle|Booster Energy\n|-activate|p1a: Iron Bundle|ability: Quark Drive|[fromitem]\n|-start|p1a: Iron Bundle|quarkdrivespe\n|turn|1\n|\n|t:|1700853882\n|switch|p2b: Amoonguss|Amoonguss, L50, F|100\/100\n|-terastallize|p1b: Landorus|Flying\n|move|p1a: Iron Bundle|Icy Wind|p2b: Amoonguss|[spread] p2a,p2b\n|-supereffective|p2b: Amoonguss\n|-damage|p2a: Ogerpon|77\/100\n|-damage|p2b: Amoonguss|69\/100\n|-unboost|p2a: Ogerpon|spe|1\n|-unboost|p2b: Amoonguss|spe|1\n|move|p1b: Landorus|Tera Blast|p2a: Ogerpon|[anim] Tera Blast Flying\n|-supereffective|p2a: Ogerpon\n|-damage|p2a: Ogerpon|0 fnt\n|faint|p2a: Ogerpon\n|\n|upkeep\n|\n|t:|1700853927\n|switch|p2a: Urshifu|Urshifu-Rapid-Strike, L50, F|100\/100\n|turn|2\n|\n|t:|1700853947\n|move|p2a: Urshifu|Detect|p2a: Urshifu\n|-singleturn|p2a: Urshifu|Protect\n|move|p1a: Iron Bundle|Icy Wind|p2b: Amoonguss|[spread] p2b\n|-activate|p2a: Urshifu|move: Protect\n|-supereffective|p2b: Amoonguss\n|-damage|p2b: Amoonguss|39\/100\n|-unboost|p2b: Amoonguss|spe|1\n|move|p1b: Landorus|Tera Blast|p2b: Amoonguss|[anim] Tera Blast Flying\n|-supereffective|p2b: Amoonguss\n|-damage|p2b: Amoonguss|0 fnt\n|faint|p2b: Amoonguss\n|\n|upkeep\n|\n|t:|1700853963\n|switch|p2b: Landorus|Landorus-Therian, L50, M|100\/100\n|-ability|p2b: Landorus|Intimidate|boost\n|-unboost|p1a: Iron Bundle|atk|1\n|-fail|p1b: Landorus|unboost|[from] item: Clear Amulet|[of] p1b: Landorus\n|turn|3\n|\n|t:|1700853995\n|-terastallize|p2b: Landorus|Flying\n|move|p1a: Iron Bundle|Freeze-Dry|p2b: Landorus\n|-supereffective|p2b: Landorus\n|-damage|p2b: Landorus|22\/100\n|move|p2b: Landorus|Rock Slide|p1b: Landorus|[spread] p1a,p1b\n|-supereffective|p1a: Iron Bundle\n|-supereffective|p1b: Landorus\n|-damage|p1a: Iron Bundle|51\/100\n|-damage|p1b: Landorus|51\/100\n|move|p2a: Urshifu|Surging Strikes|p1b: Landorus\n|-crit|p1b: Landorus\n|-damage|p1b: Landorus|32\/100\n|-crit|p1b: Landorus\n|-damage|p1b: Landorus|10\/100\n|-crit|p1b: Landorus\n|-damage|p1b: Landorus|0 fnt\n|faint|p1b: Landorus\n|-hitcount|p1: Landorus|3\n|\n|upkeep\n|\n|t:|1700854012\n|switch|p1b: Iron Hands|Iron Hands, L50, shiny|100\/100\n|turn|4\n|\n|t:|1700854026\n|move|p1b: Iron Hands|Fake Out|p2a: Urshifu\n|-damage|p2a: Urshifu|85\/100\n|move|p1a: Iron Bundle|Freeze-Dry|p2b: Landorus\n|-supereffective|p2b: Landorus\n|-damage|p2b: Landorus|0 fnt\n|faint|p2b: Landorus\n|cant|p2a: Urshifu|flinch\n|\n|upkeep\n|turn|5\n|\n|t:|1700854054\n|move|p1a: Iron Bundle|Freeze-Dry|p2a: Urshifu\n|-supereffective|p2a: Urshifu\n|-damage|p2a: Urshifu|0 fnt\n|faint|p2a: Urshifu\n|\n|win|VGCRem\n|c|\u2606VGCRem|ggs!\n|c|\u2606iSebbi|ggs\n","uploadtime":1700854065,"views":18,"p1id":"vgcrem","p2id":"isebbi","formatid":"gen9vgc2023regulatione","rating":0,"private":0,"password":""}