{"id":"gen9vgc2023regulatione-1994748455","p1":"casper6_14","p2":"Feddouu","format":"[Gen 9] VGC 2023 Regulation E","log":"|j|\u2606casper6_14\n|j|\u2606Feddouu\n|t:|1700488762\n|gametype|doubles\n|player|p1|casper6_14|102|1038\n|player|p2|Feddouu|266|1022\n|teamsize|p1|6\n|teamsize|p2|6\n|gen|9\n|tier|[Gen 9] VGC 2023 Regulation E\n|rated|\n|rule|Species Clause: Limit one of each Pok\u00e9mon\n|rule|Item Clause: Limit one of each item\n|clearpoke\n|poke|p1|Chien-Pao, L50|\n|poke|p1|Iron Moth, L50|\n|poke|p1|Corviknight, L50, F|\n|poke|p1|Gastrodon, L50, M|\n|poke|p1|Rillaboom, L50, F|\n|poke|p1|Munchlax, L50, M|\n|poke|p2|Gengar, L50, F|\n|poke|p2|Urshifu-*, L50, F|\n|poke|p2|Gyarados, L50, F|\n|poke|p2|Rotom-Wash, L50|\n|poke|p2|Regieleki, L50|\n|poke|p2|Landorus-Therian, L50, M|\n|teampreview|4\nFeddouu rejected open team sheets.\n|inactive|Battle timer is ON: inactive players will automatically lose when time's up. (requested by Feddouu)\n|\n|t:|1700488794\n|start\n|switch|p1a: Corviknight|Corviknight, L50, F|100\/100\n|switch|p1b: Gastrodon|Gastrodon, L50, M|100\/100\n|switch|p2a: Regieleki|Regieleki, L50|100\/100\n|switch|p2b: Gengar|Gengar, L50, F|100\/100\n|-ability|p1a: Corviknight|Pressure\n|turn|1\n|inactive|casper6_14 has 30 seconds left.\n|\n|t:|1700488821\n|move|p2a: Regieleki|Electroweb|p1b: Gastrodon|[spread] p1a\n|-immune|p1b: Gastrodon\n|-supereffective|p1a: Corviknight\n|-damage|p1a: Corviknight|69\/100\n|-unboost|p1a: Corviknight|spe|1\n|move|p2b: Gengar|Substitute|p2b: Gengar\n|-start|p2b: Gengar|Substitute\n|-damage|p2b: Gengar|76\/100\n|move|p1b: Gastrodon|Earth Power|p2a: Regieleki\n|-supereffective|p2a: Regieleki\n|-enditem|p2a: Regieleki|Focus Sash\n|-damage|p2a: Regieleki|1\/100\n|move|p1a: Corviknight|Taunt|p2b: Gengar\n|-start|p2b: Gengar|move: Taunt\n|\n|-heal|p2b: Gengar|82\/100|[from] item: Leftovers\n|upkeep\n|turn|2\n|inactive|casper6_14 has 30 seconds left.\n|inactive|Feddouu has 30 seconds left.\n|\n|t:|1700488851\n|move|p2a: Regieleki|Explosion|p1b: Gastrodon|[spread] p1a,p1b\n|-immune|p2b: Gengar\n|-resisted|p1a: Corviknight\n|-damage|p1a: Corviknight|42\/100\n|-damage|p1b: Gastrodon|49\/100\n|-enditem|p1a: Corviknight|Sitrus Berry|[eat]\n|-heal|p1a: Corviknight|67\/100|[from] item: Sitrus Berry\n|faint|p2a: Regieleki\n|move|p2b: Gengar|Sludge Bomb|p1b: Gastrodon\n|-resisted|p1b: Gastrodon\n|-damage|p1b: Gastrodon|28\/100\n|move|p1b: Gastrodon|Yawn||[still]\n|-fail|p1b: Gastrodon\n|move|p1a: Corviknight|Brave Bird|p2b: Gengar\n|-end|p2b: Gengar|Substitute\n|-damage|p1a: Corviknight|61\/100|[from] Recoil|[of] p2b: Gengar\n|\n|-heal|p2b: Gengar|88\/100|[from] item: Leftovers\n|upkeep\n|\n|t:|1700488875\n|switch|p2a: Urshifu|Urshifu-Rapid-Strike, L50, F|100\/100\n|turn|3\n|\n|t:|1700488890\n|move|p2b: Gengar|Shadow Ball|p1b: Gastrodon\n|-damage|p1b: Gastrodon|0 fnt\n|faint|p1b: Gastrodon\n|move|p2a: Urshifu|Close Combat|p1a: Corviknight\n|-damage|p1a: Corviknight|0 fnt\n|-unboost|p2a: Urshifu|def|1\n|-unboost|p2a: Urshifu|spd|1\n|faint|p1a: Corviknight\n|\n|-heal|p2b: Gengar|94\/100|[from] item: Leftovers\n|upkeep\n|\n|t:|1700488897\n|switch|p1a: Chien-Pao|Chien-Pao, L50|100\/100\n|switch|p1b: Rillaboom|Rillaboom, L50, F|100\/100\n|-ability|p1a: Chien-Pao|Sword of Ruin\n|-fieldstart|move: Grassy Terrain|[from] ability: Grassy Surge|[of] p1b: Rillaboom\n|turn|4\n|\n|t:|1700488919\n|switch|p2a: Landorus|Landorus-Therian, L50, M|100\/100\n|-ability|p2a: Landorus|Intimidate|boost\n|-unboost|p1a: Chien-Pao|atk|1\n|-unboost|p1b: Rillaboom|atk|1\n|-terastallize|p1a: Chien-Pao|Poison\n|move|p1a: Chien-Pao|Sucker Punch|p2b: Gengar\n|-supereffective|p2b: Gengar\n|-damage|p2b: Gengar|0 fnt\n|faint|p2b: Gengar\n|move|p1b: Rillaboom|Grassy Glide|p2a: Landorus\n|-damage|p2a: Landorus|43\/100\n|\n|upkeep\n|\n|t:|1700488931\n|switch|p2b: Urshifu|Urshifu-Rapid-Strike, L50, F|100\/100\n|turn|5\n|\n|t:|1700488951\n|-terastallize|p2a: Landorus|Flying\n|move|p1a: Chien-Pao|Sucker Punch|p2a: Landorus\n|-damage|p2a: Landorus|8\/100\n|move|p2b: Urshifu|Aqua Jet|p1a: Chien-Pao\n|-damage|p1a: Chien-Pao|62\/100\n|move|p1b: Rillaboom|Grassy Glide|p2b: Urshifu\n|-supereffective|p2b: Urshifu\n|-damage|p2b: Urshifu|3\/100\n|move|p2a: Landorus|Tera Blast|p1b: Rillaboom|[anim] Tera Blast Flying\n|-supereffective|p1b: Rillaboom\n|-damage|p1b: Rillaboom|0 fnt\n|faint|p1b: Rillaboom\n|\n|-heal|p1a: Chien-Pao|68\/100|[from] Grassy Terrain\n|-heal|p2b: Urshifu|9\/100|[from] Grassy Terrain\n|upkeep\n|turn|6\n|\n|t:|1700488971\n|move|p1a: Chien-Pao|Sucker Punch|p2a: Landorus\n|-damage|p2a: Landorus|0 fnt\n|faint|p2a: Landorus\n|move|p2b: Urshifu|Aqua Jet|p1a: Chien-Pao\n|-damage|p1a: Chien-Pao|34\/100\n|\n|-heal|p1a: Chien-Pao|39\/100|[from] Grassy Terrain\n|-heal|p2b: Urshifu|15\/100|[from] Grassy Terrain\n|upkeep\n|turn|7\n|\n|t:|1700488979\n|move|p1a: Chien-Pao|Sucker Punch|p2b: Urshifu\n|-resisted|p2b: Urshifu\n|-damage|p2b: Urshifu|0 fnt\n|faint|p2b: Urshifu\n|\n|win|casper6_14\n|raw|casper6_14's rating: 1038 &rarr; <strong>1071<\/strong><br \/>(+33 for winning)\n|raw|Feddouu's rating: 1022 &rarr; <strong>1009<\/strong><br \/>(-13 for losing)\n|l|\u2606Feddouu\n","uploadtime":1700488983,"views":2,"p1id":"casper614","p2id":"feddouu","formatid":"gen9vgc2023regulatione","rating":1009,"private":0,"password":""}