{"id":"gen9vgc2023regulatione-1988171807","p1":"DCTChampion","p2":"whale1668","format":"[Gen 9] VGC 2023 Regulation E","log":"|j|\u2606DCTChampion\n|j|\u2606whale1668\n|n|\u2606DCTChampion|dctchampion\n|n|\u2606whale1668|whale1668\n|html|View the match progress at <a href=\"\/game-bestof3-gen9vgc2023regulatione-1988159506\">game-bestof3-gen9vgc2023regulatione-1988159506<\/a>\n|t:|1699679179\n|gametype|doubles\n|player|p1|DCTChampion|170|\n|player|p2|whale1668|265|\n|teamsize|p1|6\n|teamsize|p2|6\n|gen|9\n|tier|[Gen 9] VGC 2023 Regulation E\n|rule|Species Clause: Limit one of each Pok\u00e9mon\n|rule|Item Clause: Limit one of each item\n|clearpoke\n|poke|p1|Zapdos, L50|\n|poke|p1|Landorus-Therian, L50, M|\n|poke|p1|Cresselia, L50, F|\n|poke|p1|Weezing-Galar, L50, M|\n|poke|p1|Ogerpon-Wellspring, L50, F|\n|poke|p1|Kingambit, L50, F|\n|poke|p2|Basculegion, L50, M|\n|poke|p2|Thundurus, L50, M|\n|poke|p2|Azumarill, L50, F|\n|poke|p2|Iron Bundle, L50|\n|poke|p2|Clefable, L50, M|\n|poke|p2|Urshifu-*, L50, F|\n|teampreview|4\nDCTChampion has agreed to open team sheets.\n|j| TomGang\nwhale1668 has agreed to open team sheets.\n|showteam|p1|Zapdos||SitrusBerry|Static|Discharge,HeatWave,Tailwind,Roost||||||50|,,,,,Electric]Landorus-Therian||ChoiceScarf|Intimidate|TeraBlast,RockSlide,Earthquake,Uturn|||M|||50|,,,,,Flying]Cresselia||SafetyGoggles|Levitate|Psychic,Moonblast,Moonlight,AllySwitch|||F|||50|,,,,,Fairy]Weezing-Galar||RockyHelmet|NeutralizingGas|DazzlingGleam,HeatWave,PainSplit,Taunt|||M|||50|,,,,,Fairy]Ogerpon-Wellspring||WellspringMask|WaterAbsorb|IvyCudgel,HornLeech,FollowMe,SpikyShield|||F|||50|,,,,,Water]Kingambit||BlackGlasses|Defiant|KowtowCleave,SuckerPunch,LowKick,Protect|||F|||50|,,,,,Flying\n|showteam|p2|Basculegion||ChoiceBand|Adaptability|AquaJet,LastRespects,WaveCrash,PhantomForce|||M|||50|,,,,,Grass]Thundurus||DampRock|Defiant|RainDance,Protect,WildboltStorm,NastyPlot|||M|||50|,,,,,Electric]Azumarill||IapapaBerry|SapSipper|RainDance,Protect,PlayRough,Liquidation|||F|||50|,,,,,Fairy]Iron Bundle||BoosterEnergy|QuarkDrive|Snowscape,FreezeDry,IcyWind,HydroPump||||||50|,,,,,Ghost]Clefable||HeavyDutyBoots|MagicGuard|DrainingKiss,Encore,Protect,FollowMe|||M|||50|,,,,,Normal]Urshifu||ExpertBelt|UnseenFist|Detect,SwordsDance,BrickBreak,SuckerPunch|||F|||50|,,,,,Fighting\n|j| Sharkrai SJSU\n|\n|t:|1699679337\n|start\n|switch|p1a: Zapdos|Zapdos, L50|100\/100\n|switch|p1b: Landorus|Landorus-Therian, L50, M|100\/100\n|switch|p2a: Iron Bundle|Iron Bundle, L50|100\/100\n|switch|p2b: Clefable|Clefable, L50, M|100\/100\n|-ability|p1b: Landorus|Intimidate|boost\n|-unboost|p2a: Iron Bundle|atk|1\n|-unboost|p2b: Clefable|atk|1\n|-enditem|p2a: Iron Bundle|Booster Energy\n|-activate|p2a: Iron Bundle|ability: Quark Drive|[fromitem]\n|-start|p2a: Iron Bundle|quarkdrivespa\n|turn|1\n|\n|t:|1699679398\n|switch|p1a: Cresselia|Cresselia, L50, F|100\/100\n|move|p2b: Clefable|Follow Me|p2b: Clefable\n|-singleturn|p2b: Clefable|move: Follow Me\n|move|p1b: Landorus|U-turn|p2b: Clefable\n|-resisted|p2b: Clefable\n|-damage|p2b: Clefable|85\/100\n|\n|t:|1699679405\n|switch|p1b: Weezing|Weezing-Galar, L50, M|100\/100|[from] U-turn\n|-ability|p1b: Weezing|Neutralizing Gas\n|move|p2a: Iron Bundle|Icy Wind|p1b: Weezing|[spread] p1a,p1b\n|-damage|p1a: Cresselia|85\/100\n|-damage|p1b: Weezing|75\/100\n|-unboost|p1a: Cresselia|spe|1\n|-unboost|p1b: Weezing|spe|1\n|\n|upkeep\n|turn|2\n|\n|t:|1699679440\n|move|p2b: Clefable|Protect|p2b: Clefable\n|-singleturn|p2b: Clefable|Protect\n|move|p2a: Iron Bundle|Snowscape|p2a: Iron Bundle\n|-weather|Snow\n|move|p1a: Cresselia|Psychic|p2a: Iron Bundle\n|-crit|p2a: Iron Bundle\n|-damage|p2a: Iron Bundle|18\/100\n|move|p1b: Weezing|Taunt|p2b: Clefable\n|-activate|p2b: Clefable|move: Protect\n|\n|-weather|Snow|[upkeep]\n|upkeep\n|turn|3\n|c| TomGang|https:\/\/pokepast.es\/8c7426397420b1d9\n|\n|t:|1699679514\n|move|p2a: Iron Bundle|Hydro Pump|p1a: Cresselia\n|-damage|p1a: Cresselia|37\/100\n|move|p2b: Clefable|Draining Kiss|p1a: Cresselia\n|-damage|p1a: Cresselia|27\/100\n|-heal|p2b: Clefable|93\/100|[from] drain|[of] p1a: Cresselia\n|move|p1a: Cresselia|Psychic|p2a: Iron Bundle\n|-damage|p2a: Iron Bundle|0 fnt\n|faint|p2a: Iron Bundle\n|-end|p2a: Iron Bundle|Quark Drive|[silent]\n|move|p1b: Weezing|Dazzling Gleam|p2b: Clefable\n|-damage|p2b: Clefable|76\/100\n|\n|-weather|Snow|[upkeep]\n|upkeep\n|\n|t:|1699679528\n|switch|p2a: Basculegion|Basculegion, L50, M|100\/100\n|turn|4\n|\n|t:|1699679625\n|move|p1a: Cresselia|Ally Switch|p1a: Cresselia\n|swap|p1a: Cresselia|1|[from] move: Ally Switch\n|move|p2a: Basculegion|Aqua Jet|p1a: Weezing\n|-damage|p1a: Weezing|45\/100\n|-damage|p2a: Basculegion|84\/100|[from] item: Rocky Helmet|[of] p1a: Weezing\n|move|p2b: Clefable|Draining Kiss|p1b: Cresselia\n|-damage|p1b: Cresselia|18\/100\n|-heal|p2b: Clefable|84\/100|[from] drain|[of] p1b: Cresselia\n|move|p1a: Weezing|Pain Split|p2a: Basculegion\n|-sethp|p2a: Basculegion|59\/100|[from] move: Pain Split|[silent]\n|-sethp|p1a: Weezing|78\/100|[from] move: Pain Split\n|\n|-weather|Snow|[upkeep]\n|upkeep\n|turn|5\n|\n|t:|1699679757\n|move|p2a: Basculegion|Aqua Jet|p1a: Weezing\n|-damage|p1a: Weezing|48\/100\n|-damage|p2a: Basculegion|43\/100|[from] item: Rocky Helmet|[of] p1a: Weezing\n|move|p2b: Clefable|Draining Kiss|p1a: Weezing\n|-resisted|p1a: Weezing\n|-damage|p1a: Weezing|40\/100\n|-heal|p2b: Clefable|89\/100|[from] drain|[of] p1a: Weezing\n|-damage|p2b: Clefable|73\/100|[from] item: Rocky Helmet|[of] p1a: Weezing\n|move|p1b: Cresselia|Psychic|p2a: Basculegion\n|-damage|p2a: Basculegion|19\/100\n|-unboost|p2a: Basculegion|spd|1\n|move|p1a: Weezing|Taunt|p2b: Clefable\n|-start|p2b: Clefable|move: Taunt\n|\n|-weather|Snow|[upkeep]\n|upkeep\n|turn|6\n|\n|t:|1699679870\n|switch|p1b: Zapdos|Zapdos, L50|100\/100\n|move|p2a: Basculegion|Aqua Jet|p1b: Zapdos\n|-damage|p1b: Zapdos|60\/100\n|move|p2b: Clefable|Draining Kiss|p1a: Weezing\n|-resisted|p1a: Weezing\n|-damage|p1a: Weezing|32\/100\n|-heal|p2b: Clefable|78\/100|[from] drain|[of] p1a: Weezing\n|-damage|p2b: Clefable|61\/100|[from] item: Rocky Helmet|[of] p1a: Weezing\n|move|p1a: Weezing|Pain Split|p2b: Clefable\n|-sethp|p2b: Clefable|45\/100|[from] move: Pain Split|[silent]\n|-sethp|p1a: Weezing|52\/100|[from] move: Pain Split\n|\n|-weather|none\n|upkeep\n|turn|7\n|\n|t:|1699679917\n|move|p2a: Basculegion|Aqua Jet|p1a: Weezing\n|-damage|p1a: Weezing|27\/100\n|-damage|p2a: Basculegion|2\/100|[from] item: Rocky Helmet|[of] p1a: Weezing\n|move|p1b: Zapdos|Tailwind|p1b: Zapdos\n|-sidestart|p1: DCTChampion|move: Tailwind\n|move|p1a: Weezing|Dazzling Gleam|p2a: Basculegion|[spread] p2a,p2b\n|-damage|p2a: Basculegion|0 fnt\n|-damage|p2b: Clefable|33\/100\n|faint|p2a: Basculegion\n|move|p2b: Clefable|Draining Kiss|p1a: Weezing\n|-resisted|p1a: Weezing\n|-damage|p1a: Weezing|19\/100\n|-heal|p2b: Clefable|38\/100|[from] drain|[of] p1a: Weezing\n|-damage|p2b: Clefable|22\/100|[from] item: Rocky Helmet|[of] p1a: Weezing\n|\n|upkeep\n|\n|t:|1699679930\n|switch|p2a: Azumarill|Azumarill, L50, F|100\/100\n|turn|8\n|\n|t:|1699680030\n|-terastallize|p2a: Azumarill|Fairy\n|move|p1b: Zapdos|Discharge|p2a: Azumarill|[spread] p1a,p2a,p2b\n|-damage|p1a: Weezing|0 fnt\n|-damage|p2a: Azumarill|61\/100\n|-damage|p2b: Clefable|2\/100\n|-status|p2b: Clefable|par\n|faint|p1a: Weezing\n|-end|p1a: Weezing|ability: Neutralizing Gas\n|move|p2a: Azumarill|Liquidation|p1b: Zapdos\n|-damage|p1b: Zapdos|27\/100\n|-status|p2a: Azumarill|par|[from] ability: Static|[of] p1b: Zapdos\n|-enditem|p1b: Zapdos|Sitrus Berry|[eat]\n|-heal|p1b: Zapdos|51\/100|[from] item: Sitrus Berry\n|move|p2b: Clefable|Draining Kiss|p1b: Zapdos\n|-damage|p1b: Zapdos|33\/100\n|-heal|p2b: Clefable|13\/100 par|[from] drain|[of] p1b: Zapdos\n|\n|-end|p2b: Clefable|move: Taunt\n|upkeep\n|\n|t:|1699680048\n|switch|p1a: Landorus|Landorus-Therian, L50, M|100\/100\n|-ability|p1a: Landorus|Intimidate|boost\n|-unboost|p2a: Azumarill|atk|1\n|-unboost|p2b: Clefable|atk|1\n|turn|9\n|\n|t:|1699680069\n|move|p1a: Landorus|Earthquake|p2b: Clefable|[spread] p2a,p2b\n|-immune|p1b: Zapdos\n|-crit|p2a: Azumarill\n|-damage|p2a: Azumarill|0 fnt\n|-damage|p2b: Clefable|0 fnt\n|faint|p2a: Azumarill\n|faint|p2b: Clefable\n|\n|win|DCTChampion\n","uploadtime":1699680079,"views":36,"p1id":"dctchampion","p2id":"whale1668","formatid":"gen9vgc2023regulatione","rating":0,"private":0,"password":""}