{"id":"gen9vgc2023regulatione-1999832755","p1":"shoe5222","p2":"AJay_13","format":"[Gen 9] VGC 2023 Regulation E","log":"|j|\u2606shoe5222\n|j|\u2606AJay_13\n|t:|1701120939\n|gametype|doubles\n|player|p1|shoe5222|101|1154\n|player|p2|AJay_13|n|1204\n|teamsize|p1|6\n|teamsize|p2|6\n|gen|9\n|tier|[Gen 9] VGC 2023 Regulation E\n|rated|\n|rule|Species Clause: Limit one of each Pok\u00e9mon\n|rule|Item Clause: Limit one of each item\n|clearpoke\n|poke|p1|Ninetales-Alola, L50, M|\n|poke|p1|Baxcalibur, L50, M|\n|poke|p1|Landorus-Therian, L50, M|\n|poke|p1|Flutter Mane, L50|\n|poke|p1|Kingambit, L50, F|\n|poke|p1|Tornadus, L50, M|\n|poke|p2|Iron Hands, L50|\n|poke|p2|Sinistcha, L50|\n|poke|p2|Arcanine-Hisui, L50, M|\n|poke|p2|Moltres-Galar, L50|\n|poke|p2|Iron Bundle, L50|\n|poke|p2|Ninetales-Alola, L50, M|\n|teampreview|4\n|inactive|Battle timer is ON: inactive players will automatically lose when time's up. (requested by shoe5222)\nshoe5222 rejected open team sheets.\n|\n|t:|1701120976\n|start\n|switch|p1a: Kingambit|Kingambit, L50, F|100\/100\n|switch|p1b: Landorus|Landorus-Therian, L50, M|100\/100\n|switch|p2a: Sanitized|Iron Hands, L50|100\/100\n|switch|p2b: Under the Tree|Iron Bundle, L50|100\/100\n|-ability|p1b: Landorus|Intimidate|boost\n|-fail|p2a: Sanitized|unboost|[from] item: Clear Amulet|[of] p2a: Sanitized\n|-unboost|p2b: Under the Tree|atk|1\n|-enditem|p2b: Under the Tree|Booster Energy\n|-activate|p2b: Under the Tree|ability: Quark Drive|[fromitem]\n|-start|p2b: Under the Tree|quarkdrivespe\n|turn|1\n|\n|t:|1701120998\n|switch|p1b: Flutter Mane|Flutter Mane, L50|100\/100\n|-terastallize|p2a: Sanitized|Grass\n|move|p2b: Under the Tree|Protect|p2b: Under the Tree\n|-singleturn|p2b: Under the Tree|Protect\n|move|p2a: Sanitized|Swords Dance|p2a: Sanitized\n|-boost|p2a: Sanitized|atk|2\n|move|p1a: Kingambit|Kowtow Cleave|p2b: Under the Tree\n|-activate|p2b: Under the Tree|move: Protect\n|\n|upkeep\n|turn|2\n|\n|t:|1701121011\n|-terastallize|p1b: Flutter Mane|Fairy\n|move|p2b: Under the Tree|Icy Wind|p1a: Kingambit|[spread] p1a,p1b\n|-resisted|p1a: Kingambit\n|-damage|p1a: Kingambit|91\/100\n|-damage|p1b: Flutter Mane|80\/100\n|-unboost|p1a: Kingambit|spe|1\n|-ability|p1a: Kingambit|Defiant|boost\n|-boost|p1a: Kingambit|atk|2\n|-unboost|p1b: Flutter Mane|spe|1\n|move|p1b: Flutter Mane|Moonblast|p2b: Under the Tree\n|-damage|p2b: Under the Tree|0 fnt\n|faint|p2b: Under the Tree\n|-end|p2b: Under the Tree|Quark Drive|[silent]\n|move|p2a: Sanitized|Drain Punch|p1a: Kingambit\n|-supereffective|p1a: Kingambit\n|-damage|p1a: Kingambit|0 fnt\n|faint|p1a: Kingambit\n|\n|upkeep\n|\n|t:|1701121032\n|switch|p2b: Cuddly Dog|Arcanine-Hisui, L50, M|100\/100\n|switch|p1a: Landorus|Landorus-Therian, L50, M|100\/100\n|-ability|p1a: Landorus|Intimidate|boost\n|-fail|p2a: Sanitized|unboost|[from] item: Clear Amulet|[of] p2a: Sanitized\n|-unboost|p2b: Cuddly Dog|atk|1\n|-ability|p2b: Cuddly Dog|Intimidate|boost\n|-unboost|p1a: Landorus|atk|1\n|-unboost|p1b: Flutter Mane|atk|1\n|turn|3\n|\n|t:|1701121051\n|switch|p2b: Mint Hot Chocolate|Sinistcha, L50|100\/100\n|move|p1a: Landorus|Stomping Tantrum|p2b: Mint Hot Chocolate\n|-resisted|p2b: Mint Hot Chocolate\n|-damage|p2b: Mint Hot Chocolate|89\/100\n|move|p1b: Flutter Mane|Moonblast|p2a: Sanitized\n|-damage|p2a: Sanitized|25\/100\n|move|p2a: Sanitized|Thunder Punch|p1b: Flutter Mane\n|-damage|p1b: Flutter Mane|0 fnt\n|faint|p1b: Flutter Mane\n|-end|p1b: Flutter Mane|Protosynthesis|[silent]\n|\n|upkeep\n|inactive|shoe5222 has 30 seconds left.\n|inactive|shoe5222 has 20 seconds left.\n|inactive|shoe5222 has 15 seconds left.\n|\n|t:|1701121095\n|switch|p1b: Tornadus|Tornadus, L50, M|100\/100\n|turn|4\n|\n|t:|1701121102\n|switch|p2b: Cuddly Dog|Arcanine-Hisui, L50, M|100\/100\n|-ability|p2b: Cuddly Dog|Intimidate|boost\n|-unboost|p1a: Landorus|atk|1\n|-unboost|p1b: Tornadus|atk|1\n|move|p2a: Sanitized|Detect|p2a: Sanitized\n|-singleturn|p2a: Sanitized|Protect\n|move|p1a: Landorus|Stomping Tantrum|p2a: Sanitized\n|-activate|p2a: Sanitized|move: Protect\n|move|p1b: Tornadus|Bleakwind Storm|p2b: Cuddly Dog|[spread] p2b\n|-activate|p2a: Sanitized|move: Protect\n|-resisted|p2b: Cuddly Dog\n|-damage|p2b: Cuddly Dog|78\/100\n|\n|upkeep\n|turn|5\n|\n|t:|1701121121\n|switch|p2b: Mint Hot Chocolate|Sinistcha, L50|89\/100\n|-heal|p2a: Sanitized|50\/100|[from] ability: Hospitality|[of] p2b: Mint Hot Chocolate\n|move|p1a: Landorus|Stomping Tantrum|p2b: Mint Hot Chocolate\n|-resisted|p2b: Mint Hot Chocolate\n|-damage|p2b: Mint Hot Chocolate|81\/100\n|move|p1b: Tornadus|Bleakwind Storm|p2b: Mint Hot Chocolate|[spread] p2a\n|-miss|p1b: Tornadus|p2b: Mint Hot Chocolate\n|-supereffective|p2a: Sanitized\n|-damage|p2a: Sanitized|0 fnt\n|faint|p2a: Sanitized\n|-end|p2a: Sanitized|Quark Drive|[silent]\n|\n|upkeep\n|\n|t:|1701121133\n|switch|p2a: Cuddly Dog|Arcanine-Hisui, L50, M|78\/100\n|-ability|p2a: Cuddly Dog|Intimidate|boost\n|-unboost|p1a: Landorus|atk|1\n|-unboost|p1b: Tornadus|atk|1\n|turn|6\n|\n|t:|1701121138\n|move|p2b: Mint Hot Chocolate|Rage Powder|p2b: Mint Hot Chocolate\n|-singleturn|p2b: Mint Hot Chocolate|move: Rage Powder\n|move|p1b: Tornadus|Taunt|p2b: Mint Hot Chocolate\n|-start|p2b: Mint Hot Chocolate|move: Taunt\n|-enditem|p2b: Mint Hot Chocolate|Mental Herb\n|-end|p2b: Mint Hot Chocolate|move: Taunt\n|move|p1a: Landorus|Stomping Tantrum|p2b: Mint Hot Chocolate\n|-resisted|p2b: Mint Hot Chocolate\n|-damage|p2b: Mint Hot Chocolate|74\/100\n|move|p2a: Cuddly Dog|Rock Slide|p1a: Landorus|[spread] p1a,p1b\n|-supereffective|p1b: Tornadus\n|-damage|p1a: Landorus|55\/100\n|-damage|p1b: Tornadus|0 fnt\n|faint|p1b: Tornadus\n|\n|upkeep\n|turn|7\n|-message|shoe5222 forfeited.\n|\n|win|AJay_13\n|raw|shoe5222's rating: 1154 &rarr; <strong>1133<\/strong><br \/>(-21 for losing)\n|raw|AJay_13's rating: 1204 &rarr; <strong>1225<\/strong><br \/>(+21 for winning)\n|l|\u2606shoe5222\n","uploadtime":1701121154,"views":3,"p1id":"shoe5222","p2id":"ajay13","formatid":"gen9vgc2023regulatione","rating":1133,"private":0,"password":""}