{"id":"gen9vgc2023regulatione-1996171700","p1":"bobtheflop","p2":"A Vauxhall Corsa","format":"[Gen 9] VGC 2023 Regulation E","log":"|j|\u2606bobtheflop\n|j|\u2606A Vauxhall Corsa\n|t:|1700654681\n|gametype|doubles\n|player|p1|bobtheflop|gambler|1156\n|player|p2|A Vauxhall Corsa|1|1000\n|teamsize|p1|6\n|teamsize|p2|6\n|gen|9\n|tier|[Gen 9] VGC 2023 Regulation E\n|rated|\n|rule|Species Clause: Limit one of each Pok\u00e9mon\n|rule|Item Clause: Limit one of each item\n|clearpoke\n|poke|p1|Garchomp, L50, F|\n|poke|p1|Tornadus, L50, M|\n|poke|p1|Chi-Yu, L50|\n|poke|p1|Flutter Mane, L50|\n|poke|p1|Rillaboom, L50, F|\n|poke|p1|Urshifu-*, L50, F|\n|poke|p2|Arcanine-Hisui, L50, M|\n|poke|p2|Ogerpon-Cornerstone, L50, F|\n|poke|p2|Basculegion, L50, M|\n|poke|p2|Urshifu-*, L50, F|\n|poke|p2|Tornadus, L50, M|\n|poke|p2|Empoleon, L50, F|\n|teampreview|4\n|\n|t:|1700654745\n|start\n|switch|p1a: Garchomp|Garchomp, L50, F|100\/100\n|switch|p1b: Tornadus|Tornadus, L50, M|100\/100\n|switch|p2a: Tornadus|Tornadus, L50, M|100\/100\n|switch|p2b: Basculegion|Basculegion, L50, M|100\/100\n|turn|1\n|\n|t:|1700654803\n|move|p2b: Basculegion|Protect|p2b: Basculegion\n|-singleturn|p2b: Basculegion|Protect\n|move|p1b: Tornadus|Tailwind|p1b: Tornadus\n|-sidestart|p1: bobtheflop|move: Tailwind\n|move|p2a: Tornadus|Tailwind|p2a: Tornadus\n|-sidestart|p2: A Vauxhall Corsa|move: Tailwind\n|move|p1a: Garchomp|Swords Dance|p1a: Garchomp\n|-boost|p1a: Garchomp|atk|2\n|\n|upkeep\n|turn|2\n|inactive|Battle timer is ON: inactive players will automatically lose when time's up. (requested by A Vauxhall Corsa)\n|\n|t:|1700654875\n|move|p1a: Garchomp|Protect|p1a: Garchomp\n|-singleturn|p1a: Garchomp|Protect\n|move|p2a: Tornadus|Rain Dance|p2a: Tornadus\n|-weather|RainDance\n|move|p2b: Basculegion|Wave Crash|p1b: Tornadus\n|-damage|p1b: Tornadus|0 fnt\n|faint|p1b: Tornadus\n|-damage|p2b: Basculegion|70\/100|[from] Recoil\n|-damage|p2b: Basculegion|60\/100|[from] item: Life Orb\n|\n|-weather|RainDance|[upkeep]\n|upkeep\n|\n|t:|1700654890\n|switch|p1b: Rillaboom|Rillaboom, L50, F|100\/100\n|-fieldstart|move: Grassy Terrain|[from] ability: Grassy Surge|[of] p1b: Rillaboom\n|turn|3\n|\n|t:|1700654911\n|switch|p2b: Arcanine|Arcanine-Hisui, L50, M|100\/100\n|-ability|p2b: Arcanine|Intimidate|boost\n|-fail|p1a: Garchomp|unboost|[from] item: Clear Amulet|[of] p1a: Garchomp\n|-unboost|p1b: Rillaboom|atk|1\n|move|p1b: Rillaboom|Grassy Glide|p2b: Arcanine\n|-damage|p2b: Arcanine|78\/100\n|move|p1a: Garchomp|Rock Slide|p2b: Arcanine|[spread] p2a,p2b\n|-supereffective|p2a: Tornadus\n|-supereffective|p2b: Arcanine\n|-damage|p2a: Tornadus|21\/100\n|-damage|p2b: Arcanine|11\/100\n|move|p2a: Tornadus|Bleakwind Storm|p1a: Garchomp|[spread] p1a,p1b\n|-supereffective|p1b: Rillaboom\n|-damage|p1a: Garchomp|64\/100\n|-damage|p1b: Rillaboom|47\/100\n|\n|-weather|RainDance|[upkeep]\n|-heal|p1a: Garchomp|70\/100|[from] Grassy Terrain\n|-heal|p1b: Rillaboom|53\/100|[from] Grassy Terrain\n|-heal|p2b: Arcanine|17\/100|[from] Grassy Terrain\n|upkeep\n|turn|4\n|inactive|bobtheflop has 30 seconds left.\n|inactive|A Vauxhall Corsa has 30 seconds left.\n|\n|t:|1700654944\n|move|p2a: Tornadus|Protect|p2a: Tornadus\n|-singleturn|p2a: Tornadus|Protect\n|move|p1b: Rillaboom|Grassy Glide|p2a: Tornadus\n|-activate|p2a: Tornadus|move: Protect\n|move|p1a: Garchomp|Rock Slide|p2b: Arcanine|[spread] p2b\n|-activate|p2a: Tornadus|move: Protect\n|-supereffective|p2b: Arcanine\n|-damage|p2b: Arcanine|0 fnt\n|faint|p2b: Arcanine\n|\n|-weather|RainDance|[upkeep]\n|-heal|p1a: Garchomp|76\/100|[from] Grassy Terrain\n|-heal|p1b: Rillaboom|59\/100|[from] Grassy Terrain\n|-sideend|p2: A Vauxhall Corsa|move: Tailwind\n|-sideend|p1: bobtheflop|move: Tailwind\n|upkeep\n|\n|t:|1700654962\n|switch|p2b: Basculegion|Basculegion, L50, M|60\/100\n|turn|5\n|\n|t:|1700654984\n|move|p2b: Basculegion|Protect|p2b: Basculegion\n|-singleturn|p2b: Basculegion|Protect\n|move|p1b: Rillaboom|Grassy Glide|p2b: Basculegion\n|-activate|p2b: Basculegion|move: Protect\n|move|p1a: Garchomp|Rock Slide|p2b: Basculegion|[spread] p2a\n|-activate|p2b: Basculegion|move: Protect\n|-supereffective|p2a: Tornadus\n|-damage|p2a: Tornadus|0 fnt\n|faint|p2a: Tornadus\n|\n|-weather|RainDance|[upkeep]\n|-heal|p2b: Basculegion|66\/100|[from] Grassy Terrain\n|-heal|p1a: Garchomp|82\/100|[from] Grassy Terrain\n|-heal|p1b: Rillaboom|65\/100|[from] Grassy Terrain\n|upkeep\n|\n|t:|1700655003\n|switch|p2a: Ogerpon|Ogerpon-Cornerstone, L50, F|100\/100\n|turn|6\n|inactive|bobtheflop has 30 seconds left.\n|inactive|bobtheflop has 20 seconds left.\n|\n|t:|1700655040\n|move|p1b: Rillaboom|Grassy Glide|p2b: Basculegion\n|-supereffective|p2b: Basculegion\n|-damage|p2b: Basculegion|8\/100\n|move|p2b: Basculegion|Last Respects|p1b: Rillaboom\n|-damage|p1b: Rillaboom|0 fnt\n|faint|p1b: Rillaboom\n|-damage|p2b: Basculegion|0 fnt|[from] item: Life Orb\n|faint|p2b: Basculegion\n|move|p1a: Garchomp|Rock Slide|p2a: Ogerpon|[miss]\n|-miss|p1a: Garchomp|p2a: Ogerpon\n|move|p2a: Ogerpon|Ivy Cudgel|p1a: Garchomp|[anim] Ivy Cudgel Rock\n|-resisted|p1a: Garchomp\n|-damage|p1a: Garchomp|51\/100\n|\n|-weather|RainDance|[upkeep]\n|-heal|p1a: Garchomp|57\/100|[from] Grassy Terrain\n|upkeep\n|\n|t:|1700655059\n|switch|p1b: Flutter Mane|Flutter Mane, L50|100\/100\n|-enditem|p1b: Flutter Mane|Booster Energy\n|-activate|p1b: Flutter Mane|ability: Protosynthesis|[fromitem]\n|-start|p1b: Flutter Mane|protosynthesisspe\n|turn|7\n|\n|t:|1700655078\n|move|p2a: Ogerpon|Spiky Shield|p2a: Ogerpon\n|-singleturn|p2a: Ogerpon|move: Protect\n|move|p1b: Flutter Mane|Shadow Ball|p2a: Ogerpon\n|-activate|p2a: Ogerpon|move: Protect\n|move|p1a: Garchomp|Stomping Tantrum|p2a: Ogerpon\n|-activate|p2a: Ogerpon|move: Protect\n|-damage|p1a: Garchomp|45\/100|[from] Spiky Shield|[of] p2a: Ogerpon\n|\n|-weather|RainDance|[upkeep]\n|-heal|p1a: Garchomp|51\/100|[from] Grassy Terrain\n|-fieldend|move: Grassy Terrain\n|upkeep\n|turn|8\n|inactive|A Vauxhall Corsa has 30 seconds left.\n|\n|t:|1700655110\n|move|p2a: Ogerpon|Spiky Shield||[still]\n|-fail|p2a: Ogerpon\n|move|p1b: Flutter Mane|Shadow Ball|p2a: Ogerpon\n|-damage|p2a: Ogerpon|54\/100\n|move|p1a: Garchomp|Stomping Tantrum|p2a: Ogerpon\n|-damage|p2a: Ogerpon|0 fnt\n|faint|p2a: Ogerpon\n|\n|win|bobtheflop\n|raw|bobtheflop's rating: 1156 &rarr; <strong>1170<\/strong><br \/>(+14 for winning)\n|raw|A Vauxhall Corsa's rating: 1000 &rarr; <strong>1000<\/strong><br \/>(+0 for losing)\n|l|\u2606A Vauxhall Corsa\n","uploadtime":1700655175,"views":1,"p1id":"bobtheflop","p2id":"avauxhallcorsa","formatid":"gen9vgc2023regulatione","rating":1000,"private":0,"password":""}