{"id":"gen9vgc2023regulatione-1991043239","p1":"chi-yu my son","p2":"hai zai zui ying","format":"[Gen 9] VGC 2023 Regulation E","log":"|j|\u2606chi-yu my son\n|j|\u2606hai zai zui ying\n|t:|1700033435\n|gametype|doubles\n|player|p1|chi-yu my son|drayden|1542\n|player|p2|hai zai zui ying|diantha-masters|1614\n|teamsize|p1|6\n|teamsize|p2|6\n|gen|9\n|tier|[Gen 9] VGC 2023 Regulation E\n|rated|\n|rule|Species Clause: Limit one of each Pok\u00e9mon\n|rule|Item Clause: Limit one of each item\n|clearpoke\n|poke|p1|Rillaboom, L50, M|\n|poke|p1|Baxcalibur, L50, M|\n|poke|p1|Ninetales-Alola, L50, F|\n|poke|p1|Urshifu-*, L50, F|\n|poke|p1|Tornadus, L50, M|\n|poke|p1|Ogerpon-Wellspring, L50, F|\n|poke|p2|Ninetales, L50, M|\n|poke|p2|Roaring Moon, L50|\n|poke|p2|Flutter Mane, L50|\n|poke|p2|Bellibolt, L50, F|\n|poke|p2|Gastrodon, L50, F|\n|poke|p2|Ogerpon-Hearthflame, L50, F|\n|teampreview|4\n|j| 5Sscreen\n|\n|t:|1700033484\n|start\n|switch|p1a: Pollagorda|Tornadus, L50, M|100\/100\n|switch|p1b: Well well well|Urshifu, L50, F|100\/100\n|switch|p2a: Roaring Moon|Roaring Moon, L50|100\/100\n|switch|p2b: Ninetales|Ninetales, L50, M|100\/100\n|-weather|SunnyDay|[from] ability: Drought|[of] p2b: Ninetales\n|-activate|p2a: Roaring Moon|ability: Protosynthesis\n|-start|p2a: Roaring Moon|protosynthesisatk\n|turn|1\n|\n|t:|1700033515\n|-terastallize|p2a: Roaring Moon|Fire\n|-terastallize|p1b: Well well well|Dark\n|move|p1a: Pollagorda|Tailwind|p1a: Pollagorda\n|-sidestart|p1: chi-yu my son|move: Tailwind\n|move|p1b: Well well well|Wicked Blow|p2a: Roaring Moon\n|-crit|p2a: Roaring Moon\n|-damage|p2a: Roaring Moon|0 fnt\n|faint|p2a: Roaring Moon\n|-end|p2a: Roaring Moon|Protosynthesis|[silent]\n|move|p2b: Ninetales|Encore|p1a: Pollagorda\n|-start|p1a: Pollagorda|Encore\n|\n|-weather|SunnyDay|[upkeep]\n|upkeep\n|\n|t:|1700033534\n|switch|p2a: Gastrodon|Gastrodon, L50, F|100\/100\n|turn|2\n|\n|t:|1700033557\n|switch|p1a: Mujerblancahetero|Ninetales-Alola, L50, F|100\/100\n|-weather|Snow|[from] ability: Snow Warning|[of] p1a: Mujerblancahetero\n|move|p1b: Well well well|Wicked Blow|p2b: Ninetales\n|-crit|p2b: Ninetales\n|-enditem|p2b: Ninetales|Focus Sash\n|-damage|p2b: Ninetales|1\/100\n|move|p2b: Ninetales|Overheat|p1b: Well well well\n|-damage|p1b: Well well well|31\/100\n|-unboost|p2b: Ninetales|spa|2\n|move|p2a: Gastrodon|Yawn|p1a: Mujerblancahetero\n|-start|p1a: Mujerblancahetero|move: Yawn|[of] p2a: Gastrodon\n|\n|-weather|Snow|[upkeep]\n|upkeep\n|turn|3\n|j| Yagamoth\n|\n|t:|1700033595\n|move|p1a: Mujerblancahetero|Aurora Veil|p1a: Mujerblancahetero\n|-sidestart|p1: chi-yu my son|move: Aurora Veil\n|move|p1b: Well well well|Wicked Blow|p2a: Gastrodon\n|-crit|p2a: Gastrodon\n|-damage|p2a: Gastrodon|3\/100\n|move|p2b: Ninetales|Disable|p1b: Well well well\n|-start|p1b: Well well well|Disable|Wicked Blow\n|move|p2a: Gastrodon|Earth Power|p1b: Well well well\n|-damage|p1b: Well well well|1\/100\n|\n|-weather|Snow|[upkeep]\n|-heal|p2a: Gastrodon|10\/100|[from] item: Leftovers\n|-end|p1a: Mujerblancahetero|move: Yawn|[silent]\n|-status|p1a: Mujerblancahetero|slp\n|upkeep\n|turn|4\n|j| nistaka\n|\n|t:|1700033620\n|switch|p1a: Pollagorda|Tornadus, L50, M|100\/100\n|switch|p2a: Ogerpon|Ogerpon-Hearthflame, L50, F|100\/100\n|-ability|p2a: Ogerpon|Mold Breaker\n|-activate|p1b: Well well well|move: Struggle\n|move|p1b: Well well well|Struggle|p2a: Ogerpon\n|-damage|p2a: Ogerpon|71\/100\n|-damage|p1b: Well well well|0 fnt|[from] recoil\n|faint|p1b: Well well well\n|move|p2b: Ninetales|Overheat|p1a: Pollagorda\n|-damage|p1a: Pollagorda|80\/100\n|-unboost|p2b: Ninetales|spa|2\n|\n|-weather|Snow|[upkeep]\n|-sideend|p1: chi-yu my son|move: Tailwind\n|upkeep\n|\n|t:|1700033635\n|switch|p1b: We are so bax|Baxcalibur, L50, M|100\/100\n|turn|5\n|\n|t:|1700033651\n|move|p1a: Pollagorda|Tailwind|p1a: Pollagorda\n|-sidestart|p1: chi-yu my son|move: Tailwind\n|move|p1b: We are so bax|Swords Dance|p1b: We are so bax\n|-boost|p1b: We are so bax|atk|2\n|move|p2b: Ninetales|Encore|p1a: Pollagorda\n|-start|p1a: Pollagorda|Encore\n|move|p2a: Ogerpon|Swords Dance|p2a: Ogerpon\n|-boost|p2a: Ogerpon|atk|2\n|\n|-weather|Snow|[upkeep]\n|upkeep\n|turn|6\n|\n|t:|1700033667\n|switch|p1a: Mujerblancahetero|Ninetales-Alola, L50, F|100\/100 slp\n|move|p2b: Ninetales|Helping Hand|p2a: Ogerpon\n|-singleturn|p2a: Ogerpon|Helping Hand|[of] p2b: Ninetales\n|move|p1b: We are so bax|Ice Shard|p2a: Ogerpon\n|-damage|p2a: Ogerpon|13\/100\n|move|p2a: Ogerpon|Ivy Cudgel|p1b: We are so bax|[anim] Ivy Cudgel Fire\n|-damage|p1b: We are so bax|27\/100\n|\n|-weather|none\n|upkeep\n|turn|7\n|\n|t:|1700033694\n|switch|p2b: Gastrodon|Gastrodon, L50, F|10\/100\n|move|p1b: We are so bax|Protect|p1b: We are so bax\n|-singleturn|p1b: We are so bax|Protect\n|move|p2a: Ogerpon|Spiky Shield|p2a: Ogerpon\n|-singleturn|p2a: Ogerpon|move: Protect\n|cant|p1a: Mujerblancahetero|slp\n|\n|-heal|p2b: Gastrodon|16\/100|[from] item: Leftovers\n|upkeep\n|turn|8\n|\n|t:|1700033730\n|move|p2a: Ogerpon|Spiky Shield||[still]\n|-fail|p2a: Ogerpon\n|move|p1b: We are so bax|Ice Shard|p2a: Ogerpon\n|-damage|p2a: Ogerpon|0 fnt\n|faint|p2a: Ogerpon\n|cant|p1a: Mujerblancahetero|slp\n|move|p2b: Gastrodon|Ice Beam|p1b: We are so bax\n|-damage|p1b: We are so bax|13\/100\n|\n|-heal|p2b: Gastrodon|22\/100|[from] item: Leftovers\n|-sideend|p1: chi-yu my son|move: Tailwind\n|upkeep\n|-message|hai zai zui ying forfeited.\n|\n|win|chi-yu my son\n|raw|chi-yu my son's rating: 1542 &rarr; <strong>1566<\/strong><br \/>(+24 for winning)\n|raw|hai zai zui ying's rating: 1614 &rarr; <strong>1590<\/strong><br \/>(-24 for losing)\n|l|\u2606hai zai zui ying\n","uploadtime":1700033754,"views":11,"p1id":"chiyumyson","p2id":"haizaizuiying","formatid":"gen9vgc2023regulatione","rating":1566,"private":0,"password":""}