{"id":"gen9vgc2023regulatione-1996683446","p1":"5Sscreen","p2":"BerGado","format":"[Gen 9] VGC 2023 Regulation E","log":"|j|\u26065Sscreen\n|j|\u2606BerGado\n|t:|1700709287\n|gametype|doubles\n|player|p1|5Sscreen|pokekid|1354\n|player|p2|BerGado|102|1399\n|teamsize|p1|6\n|teamsize|p2|6\n|gen|9\n|tier|[Gen 9] VGC 2023 Regulation E\n|rated|\n|rule|Species Clause: Limit one of each Pok\u00e9mon\n|rule|Item Clause: Limit one of each item\n|clearpoke\n|poke|p1|Ninetales-Alola, L50, M|\n|poke|p1|Iron Bundle, L50|\n|poke|p1|Dondozo, L50, M|\n|poke|p1|Tatsugiri, L50, M|\n|poke|p1|Cresselia, L50, F|\n|poke|p1|Ursaluna, L50, M|\n|poke|p2|Farigiraf, L50, M|\n|poke|p2|Landorus, L50, M|\n|poke|p2|Urshifu-*, L50, M|\n|poke|p2|Heatran, L50, M|\n|poke|p2|Iron Bundle, L50|\n|poke|p2|Rillaboom, L50, F|\n|teampreview|4\n|\n|t:|1700709328\n|start\n|switch|p1a: \u72d0\u547c\u72d0|Ninetales-Alola, L50, M, shiny|100\/100\n|switch|p1b: \u6211\u6bd4\u7ffc\u6cd5\u9084\u5feb|Iron Bundle, L50, shiny|100\/100\n|switch|p2a: Urshifu|Urshifu, L50, M|100\/100\n|switch|p2b: Farigiraf|Farigiraf, L50, M|100\/100\n|-weather|Snow|[from] ability: Snow Warning|[of] p1a: \u72d0\u547c\u72d0\n|turn|1\n|\n|t:|1700709349\n|move|p1b: \u6211\u6bd4\u7ffc\u6cd5\u9084\u5feb|Blizzard|p2b: Farigiraf|[spread] p2a,p2b\n|-damage|p2a: Urshifu|12\/100\n|-damage|p2b: Farigiraf|29\/100\n|move|p1a: \u72d0\u547c\u72d0|Aurora Veil|p1a: \u72d0\u547c\u72d0\n|-sidestart|p1: 5Sscreen|move: Aurora Veil\n|move|p2a: Urshifu|Wicked Blow|p1b: \u6211\u6bd4\u7ffc\u6cd5\u9084\u5feb\n|-crit|p1b: \u6211\u6bd4\u7ffc\u6cd5\u9084\u5feb\n|-damage|p1b: \u6211\u6bd4\u7ffc\u6cd5\u9084\u5feb|45\/100\n|move|p2b: Farigiraf|Trick Room|p2b: Farigiraf\n|-fieldstart|move: Trick Room|[of] p2b: Farigiraf\n|\n|-weather|Snow|[upkeep]\n|upkeep\n|turn|2\n|\n|t:|1700709376\n|move|p2b: Farigiraf|Hyper Voice|p1a: \u72d0\u547c\u72d0|[spread] p1a,p1b\n|-damage|p1a: \u72d0\u547c\u72d0|79\/100\n|-damage|p1b: \u6211\u6bd4\u7ffc\u6cd5\u9084\u5feb|4\/100\n|-enditem|p2b: Farigiraf|Throat Spray\n|-boost|p2b: Farigiraf|spa|1|[from] item: Throat Spray\n|move|p2a: Urshifu|Wicked Blow|p1b: \u6211\u6bd4\u7ffc\u6cd5\u9084\u5feb\n|-crit|p1b: \u6211\u6bd4\u7ffc\u6cd5\u9084\u5feb\n|-damage|p1b: \u6211\u6bd4\u7ffc\u6cd5\u9084\u5feb|0 fnt\n|faint|p1b: \u6211\u6bd4\u7ffc\u6cd5\u9084\u5feb\n|-end|p1b: \u6211\u6bd4\u7ffc\u6cd5\u9084\u5feb|Quark Drive|[silent]\n|move|p1a: \u72d0\u547c\u72d0|Dazzling Gleam|p2b: Farigiraf|[spread] p2a,p2b\n|-supereffective|p2a: Urshifu\n|-crit|p2a: Urshifu\n|-damage|p2a: Urshifu|0 fnt\n|-damage|p2b: Farigiraf|8\/100\n|faint|p2a: Urshifu\n|\n|-weather|Snow|[upkeep]\n|upkeep\n|\n|t:|1700709393\n|switch|p2a: Heatran|Heatran, L50, M|100\/100\n|switch|p1b: \u4f86\u5a01\u5687\u6211\u554a|Dondozo, L50, M, shiny|100\/100\n|turn|3\n|\n|t:|1700709419\n|switch|p1a: \u6211\u4f86\u7d20\u8cea\u7d20\u8cea|Tatsugiri, L50, M, shiny|100\/100\n|-activate|p1a: \u6211\u4f86\u7d20\u8cea\u7d20\u8cea|ability: Commander|[of] p1b: \u4f86\u5a01\u5687\u6211\u554a\n|-boost|p1b: \u4f86\u5a01\u5687\u6211\u554a|atk|2\n|-boost|p1b: \u4f86\u5a01\u5687\u6211\u554a|spa|2\n|-boost|p1b: \u4f86\u5a01\u5687\u6211\u554a|spe|2\n|-boost|p1b: \u4f86\u5a01\u5687\u6211\u554a|def|2\n|-boost|p1b: \u4f86\u5a01\u5687\u6211\u554a|spd|2\n|-terastallize|p2a: Heatran|Fairy\n|move|p2b: Farigiraf|Hyper Voice|p1a: \u6211\u4f86\u7d20\u8cea\u7d20\u8cea|[spread] p1b\n|-miss|p2b: Farigiraf|p1a: \u6211\u4f86\u7d20\u8cea\u7d20\u8cea\n|-damage|p1b: \u4f86\u5a01\u5687\u6211\u554a|90\/100\n|move|p2a: Heatran|Flash Cannon|p1a: \u6211\u4f86\u7d20\u8cea\u7d20\u8cea|[miss]\n|-miss|p2a: Heatran|p1a: \u6211\u4f86\u7d20\u8cea\u7d20\u8cea\n|move|p1b: \u4f86\u5a01\u5687\u6211\u554a|Earthquake|p2a: Heatran|[spread] p2a,p2b\n|-miss|p1b: \u4f86\u5a01\u5687\u6211\u554a|p1a: \u6211\u4f86\u7d20\u8cea\u7d20\u8cea\n|-damage|p2a: Heatran|60\/100\n|-damage|p2b: Farigiraf|0 fnt\n|faint|p2b: Farigiraf\n|\n|-weather|Snow|[upkeep]\n|upkeep\n|\n|t:|1700709437\n|switch|p2b: Rillaboom|Rillaboom, L50, F|100\/100\n|-fieldstart|move: Grassy Terrain|[from] ability: Grassy Surge|[of] p2b: Rillaboom\n|turn|4\n|\n|t:|1700709449\n|move|p1b: \u4f86\u5a01\u5687\u6211\u554a|Protect|p1b: \u4f86\u5a01\u5687\u6211\u554a\n|-singleturn|p1b: \u4f86\u5a01\u5687\u6211\u554a|Protect\n|move|p2b: Rillaboom|Fake Out|p1b: \u4f86\u5a01\u5687\u6211\u554a\n|-activate|p1b: \u4f86\u5a01\u5687\u6211\u554a|move: Protect\n|move|p2a: Heatran|Magma Storm|p1b: \u4f86\u5a01\u5687\u6211\u554a\n|-activate|p1b: \u4f86\u5a01\u5687\u6211\u554a|move: Protect\n|\n|-weather|Snow|[upkeep]\n|-heal|p2a: Heatran|66\/100|[from] Grassy Terrain\n|-heal|p1b: \u4f86\u5a01\u5687\u6211\u554a|96\/100|[from] Grassy Terrain\n|upkeep\n|turn|5\n|\n|t:|1700709472\n|-terastallize|p1b: \u4f86\u5a01\u5687\u6211\u554a|Dragon\n|move|p2a: Heatran|Magma Storm|p1b: \u4f86\u5a01\u5687\u6211\u554a\n|-resisted|p1b: \u4f86\u5a01\u5687\u6211\u554a\n|-damage|p1b: \u4f86\u5a01\u5687\u6211\u554a|85\/100\n|-activate|p1b: \u4f86\u5a01\u5687\u6211\u554a|move: Magma Storm|[of] p2a: Heatran\n|move|p2b: Rillaboom|Wood Hammer|p2a: Heatran\n|-damage|p2a: Heatran|0 fnt\n|faint|p2a: Heatran\n|-damage|p2b: Rillaboom|79\/100|[from] Recoil\n|move|p1b: \u4f86\u5a01\u5687\u6211\u554a|Order Up|p2b: Rillaboom\n|-damage|p2b: Rillaboom|9\/100\n|-boost|p1b: \u4f86\u5a01\u5687\u6211\u554a|atk|1\n|\n|-weather|none\n|-heal|p2b: Rillaboom|15\/100|[from] Grassy Terrain\n|-heal|p1b: \u4f86\u5a01\u5687\u6211\u554a|92\/100|[from] Grassy Terrain\n|-end|p1b: \u4f86\u5a01\u5687\u6211\u554a|Magma Storm|[partiallytrapped]|[silent]\n|-fieldend|move: Trick Room\n|upkeep\n|turn|6\n|-message|BerGado forfeited.\n|\n|win|5Sscreen\n|raw|5Sscreen's rating: 1354 &rarr; <strong>1377<\/strong><br \/>(+23 for winning)\n|raw|BerGado's rating: 1399 &rarr; <strong>1376<\/strong><br \/>(-23 for losing)\n|l|\u2606BerGado\n|c|\u26065Sscreen|...\n|c|\u26065Sscreen|why\n","uploadtime":1700709493,"views":15,"p1id":"5sscreen","p2id":"bergado","formatid":"gen9vgc2023regulatione","rating":1376,"private":0,"password":""}