{"id":"gen9vgc2023regulatione-1992095898","p1":"ObinWanKenobi","p2":"Jahearys","format":"[Gen 9] VGC 2023 Regulation E","log":"|j|\u2606ObinWanKenobi\n|j|\u2606Jahearys\n|t:|1700154731\n|gametype|doubles\n|player|p1|ObinWanKenobi|170|1352\n|player|p2|Jahearys|volkner|1289\n|teamsize|p1|6\n|teamsize|p2|6\n|gen|9\n|tier|[Gen 9] VGC 2023 Regulation E\n|rated|\n|rule|Species Clause: Limit one of each Pok\u00e9mon\n|rule|Item Clause: Limit one of each item\n|clearpoke\n|poke|p1|Tornadus, L50, M|\n|poke|p1|Urshifu-*, L50, F|\n|poke|p1|Chien-Pao, L50|\n|poke|p1|Clefairy, L50, F|\n|poke|p1|Rillaboom, L50, F|\n|poke|p1|Arcanine-Hisui, L50, F|\n|poke|p2|Oranguru, L50, F|\n|poke|p2|Ursaluna-Bloodmoon, L50, M|\n|poke|p2|Amoonguss, L50, M|\n|poke|p2|Goodra-Hisui, L50, F|\n|poke|p2|Basculegion, L50, M|\n|poke|p2|Kingambit, L50, F|\n|teampreview|4\n|j| Rongrongvly\nJahearys has agreed to open team sheets.\n|l| Rongrongvly\n|inactive|Battle timer is ON: inactive players will automatically lose when time's up. (requested by Jahearys)\n|\n|t:|1700154757\n|start\n|switch|p1a: Cloud9 Store|Tornadus, L50, M, shiny|100\/100\n|switch|p1b: KittenOfRuin|Chien-Pao, L50|100\/100\n|switch|p2a: Oranguru|Oranguru, L50, F, shiny|100\/100\n|switch|p2b: Amoonguss|Amoonguss, L50, M, shiny|100\/100\n|-ability|p1b: KittenOfRuin|Sword of Ruin\n|turn|1\n|\n|t:|1700154781\n|move|p2b: Amoonguss|Rage Powder|p2b: Amoonguss\n|-singleturn|p2b: Amoonguss|move: Rage Powder\n|move|p1b: KittenOfRuin|Crunch|p2b: Amoonguss\n|-damage|p2b: Amoonguss|38\/100\n|-enditem|p2b: Amoonguss|Sitrus Berry|[eat]\n|-heal|p2b: Amoonguss|63\/100|[from] item: Sitrus Berry\n|-damage|p1b: KittenOfRuin|91\/100|[from] item: Life Orb\n|move|p1a: Cloud9 Store|Bleakwind Storm|p2a: Oranguru|[spread] p2a,p2b\n|-supereffective|p2b: Amoonguss\n|-damage|p2a: Oranguru|79\/100\n|-damage|p2b: Amoonguss|5\/100\n|move|p2a: Oranguru|Trick Room|p2a: Oranguru\n|-fieldstart|move: Trick Room|[of] p2a: Oranguru\n|\n|upkeep\n|turn|2\n|\n|t:|1700154799\n|move|p2a: Oranguru|Protect|p2a: Oranguru\n|-singleturn|p2a: Oranguru|Protect\n|move|p1b: KittenOfRuin|Ice Shard|p2b: Amoonguss\n|-supereffective|p2b: Amoonguss\n|-damage|p2b: Amoonguss|0 fnt\n|faint|p2b: Amoonguss\n|-damage|p1b: KittenOfRuin|81\/100|[from] item: Life Orb\n|move|p1a: Cloud9 Store|Bleakwind Storm|p2a: Oranguru\n|-activate|p2a: Oranguru|move: Protect\n|\n|upkeep\n|\n|t:|1700154809\n|switch|p2b: Ursaluna|Ursaluna-Bloodmoon, L50, M|100\/100\n|turn|3\n|\n|t:|1700154823\n|switch|p1b: Clifford|Arcanine-Hisui, L50, F|100\/100\n|-ability|p1b: Clifford|Intimidate|boost\n|-fail|p2a: Oranguru|unboost|Attack|[from] ability: Inner Focus|[of] p2a: Oranguru\n|-unboost|p2b: Ursaluna|atk|1\n|-terastallize|p2b: Ursaluna|Normal\n|move|p1a: Cloud9 Store|Swagger|p2b: Ursaluna\n|-boost|p2b: Ursaluna|atk|2\n|-enditem|p1b: Clifford|Mirror Herb\n|-boost|p1b: Clifford|atk|2|[from] item: Mirror Herb\n|-start|p2b: Ursaluna|confusion\n|-activate|p2b: Ursaluna|confusion\n|-damage|p2b: Ursaluna|95\/100|[from] confusion\n|move|p2a: Oranguru|Instruct||[still]\n|-fail|p2a: Oranguru\n|\n|upkeep\n|turn|4\n|\n|t:|1700154845\n|switch|p1a: KittenOfRuin|Chien-Pao, L50|81\/100\n|-ability|p1a: KittenOfRuin|Sword of Ruin\n|-terastallize|p1b: Clifford|Normal\n|move|p1b: Clifford|Extreme Speed|p2b: Ursaluna\n|-crit|p2b: Ursaluna\n|-damage|p2b: Ursaluna|0 fnt\n|faint|p2b: Ursaluna\n|move|p2a: Oranguru|Instruct|p2: Ursaluna|[notarget]\n|-fail|p2a: Oranguru\n|\n|upkeep\n|\n|t:|1700154856\n|switch|p2b: Goodra|Goodra-Hisui, L50, F|100\/100\n|turn|5\n|\n|t:|1700154867\n|move|p1a: KittenOfRuin|Protect|p1a: KittenOfRuin\n|-singleturn|p1a: KittenOfRuin|Protect\n|move|p1b: Clifford|Extreme Speed|p2a: Oranguru\n|-damage|p2a: Oranguru|0 fnt\n|faint|p2a: Oranguru\n|move|p2b: Goodra|Shelter|p2b: Goodra\n|-boost|p2b: Goodra|def|2\n|\n|-fieldend|move: Trick Room\n|upkeep\n|turn|6\n|\n|t:|1700154878\n|move|p1a: KittenOfRuin|Crunch|p2b: Goodra\n|-damage|p2b: Goodra|73\/100\n|-damage|p1a: KittenOfRuin|72\/100|[from] item: Life Orb\n|move|p1b: Clifford|Flare Blitz|p2b: Goodra\n|-damage|p2b: Goodra|15\/100\n|-damage|p1b: Clifford|82\/100|[from] Recoil\n|move|p2b: Goodra|Shelter|p2b: Goodra\n|-boost|p2b: Goodra|def|2\n|\n|-heal|p2b: Goodra|21\/100|[from] item: Leftovers\n|upkeep\n|turn|7\n|-message|Jahearys forfeited.\n|\n|win|ObinWanKenobi\n|raw|ObinWanKenobi's rating: 1352 &rarr; <strong>1368<\/strong><br \/>(+16 for winning)\n|raw|Jahearys's rating: 1289 &rarr; <strong>1268<\/strong><br \/>(-21 for losing)\n|l|\u2606Jahearys\n","uploadtime":1700154891,"views":23,"p1id":"obinwankenobi","p2id":"jahearys","formatid":"gen9vgc2023regulatione","rating":1268,"private":0,"password":""}