{"id":"gen9vgc2023regulatione-1987855267","p1":"felixxOrozco","p2":"ItsYaBoiGuz","format":"[Gen 9] VGC 2023 Regulation E","log":"|j|\u2606felixxOrozco\n|j|\u2606ItsYaBoiGuz\n|n|\u2606felixxOrozco|felixxorozco\n|n|\u2606ItsYaBoiGuz|itsyaboiguz\n|html|View the match progress at <a href=\"\/game-bestof3-gen9vgc2023regulatione-1987855266\">game-bestof3-gen9vgc2023regulatione-1987855266<\/a>\n|t:|1699643050\n|gametype|doubles\n|player|p1|felixxOrozco|veteranf|\n|player|p2|ItsYaBoiGuz|hugh|\n|teamsize|p1|6\n|teamsize|p2|6\n|gen|9\n|tier|[Gen 9] VGC 2023 Regulation E\n|rule|Species Clause: Limit one of each Pok\u00e9mon\n|rule|Item Clause: Limit one of each item\n|clearpoke\n|poke|p1|Indeedee-F, L50, F|\n|poke|p1|Armarouge, L50, F|\n|poke|p1|Sinistcha, L50|\n|poke|p1|Iron Hands, L50|\n|poke|p1|Ninetales-Alola, L50, F|\n|poke|p1|Roaring Moon, L50|\n|poke|p2|Iron Hands, L50|\n|poke|p2|Ogerpon-Wellspring, L50, F|\n|poke|p2|Kingambit, L50, M|\n|poke|p2|Flutter Mane, L50|\n|poke|p2|Tornadus, L50, M|\n|poke|p2|Arcanine-Hisui, L50, M|\n|teampreview|4\n|inactive|Battle timer is ON: inactive players will automatically lose when time's up. (requested by ItsYaBoiGuz)\n|c|\u2606ItsYaBoiGuz|glhf\n|c|\u2606felixxOrozco|Glhf\nfelixxOrozco has agreed to open team sheets.\n|inactive|felixxOrozco has 60 seconds left.\n|inactive|ItsYaBoiGuz has 60 seconds left.\n|\n|t:|1699643105\n|start\n|switch|p1a: Ninetales|Ninetales-Alola, L50, F|100\/100\n|switch|p1b: Roaring Moon|Roaring Moon, L50|100\/100\n|switch|p2a: Kingambit|Kingambit, L50, M, shiny|100\/100\n|switch|p2b: Arcanine|Arcanine-Hisui, L50, M, shiny|100\/100\n|-weather|Snow|[from] ability: Snow Warning|[of] p1a: Ninetales\n|-ability|p2b: Arcanine|Intimidate|boost\n|-unboost|p1a: Ninetales|atk|1\n|-unboost|p1b: Roaring Moon|atk|1\n|-enditem|p1b: Roaring Moon|Booster Energy\n|-activate|p1b: Roaring Moon|ability: Protosynthesis|[fromitem]\n|-start|p1b: Roaring Moon|protosynthesisspe\n|turn|1\n|\n|t:|1699643124\n|move|p1b: Roaring Moon|Knock Off|p2a: Kingambit\n|-resisted|p2a: Kingambit\n|-damage|p2a: Kingambit|89\/100\n|-enditem|p2a: Kingambit|Black Glasses|[from] move: Knock Off|[of] p1b: Roaring Moon\n|move|p1a: Ninetales|Aurora Veil|p1a: Ninetales\n|-sidestart|p1: felixxOrozco|move: Aurora Veil\n|move|p2b: Arcanine|Rock Slide|p1b: Roaring Moon|[spread] p1a,p1b\n|-supereffective|p1a: Ninetales\n|-damage|p1a: Ninetales|61\/100\n|-damage|p1b: Roaring Moon|71\/100\n|move|p2a: Kingambit|Swords Dance|p2a: Kingambit\n|-boost|p2a: Kingambit|atk|2\n|\n|-weather|Snow|[upkeep]\n|upkeep\n|turn|2\n|inactive|felixxOrozco has 30 seconds left.\n|inactive|felixxOrozco has 20 seconds left.\n|inactive|felixxOrozco has 15 seconds left.\n|inactive|felixxOrozco has 10 seconds left.\n|\n|t:|1699643169\n|move|p1a: Ninetales|Protect|p1a: Ninetales\n|-singleturn|p1a: Ninetales|Protect\n|move|p2a: Kingambit|Sucker Punch||[still]\n|-fail|p2a: Kingambit\n|move|p1b: Roaring Moon|Acrobatics|p2a: Kingambit\n|-resisted|p2a: Kingambit\n|-damage|p2a: Kingambit|79\/100\n|move|p2b: Arcanine|Rock Slide|p1b: Roaring Moon|[spread] p1b\n|-activate|p1a: Ninetales|move: Protect\n|-damage|p1b: Roaring Moon|38\/100\n|\n|-weather|Snow|[upkeep]\n|upkeep\n|turn|3\n|\n|t:|1699643189\n|switch|p1a: Indeedee|Indeedee-F, L50, F|100\/100\n|-fieldstart|move: Psychic Terrain|[from] ability: Psychic Surge|[of] p1a: Indeedee\n|-enditem|p1a: Indeedee|Psychic Seed\n|-boost|p1a: Indeedee|spd|1|[from] item: Psychic Seed\n|move|p2a: Kingambit|Sucker Punch||[still]\n|-fail|p2a: Kingambit\n|move|p1b: Roaring Moon|Acrobatics|p2b: Arcanine\n|-resisted|p2b: Arcanine\n|-damage|p2b: Arcanine|87\/100\n|move|p2b: Arcanine|Rock Slide|p1b: Roaring Moon|[spread] p1a,p1b\n|-damage|p1a: Indeedee|75\/100\n|-damage|p1b: Roaring Moon|7\/100\n|\n|-weather|Snow|[upkeep]\n|upkeep\n|turn|4\n|\n|t:|1699643210\n|-end|p1b: Roaring Moon|Protosynthesis|[silent]\n|switch|p1b: Armarouge|Armarouge, L50, F|100\/100\n|move|p2b: Arcanine|Rock Slide|p1a: Indeedee|[spread] p1a,p1b\n|-supereffective|p1b: Armarouge\n|-damage|p1a: Indeedee|49\/100\n|-damage|p1b: Armarouge|43\/100\n|move|p2a: Kingambit|Kowtow Cleave|p1a: Indeedee\n|-supereffective|p1a: Indeedee\n|-damage|p1a: Indeedee|0 fnt\n|faint|p1a: Indeedee\n|\n|-weather|Snow|[upkeep]\n|upkeep\n|\n|t:|1699643214\n|switch|p1a: Roaring Moon|Roaring Moon, L50|7\/100\n|turn|5\n|\n|t:|1699643227\n|move|p2a: Kingambit|Protect|p2a: Kingambit\n|-singleturn|p2a: Kingambit|Protect\n|move|p1a: Roaring Moon|Tailwind|p1a: Roaring Moon\n|-sidestart|p1: felixxOrozco|move: Tailwind\n|move|p1b: Armarouge|Armor Cannon|p2a: Kingambit\n|-activate|p2a: Kingambit|move: Protect\n|move|p2b: Arcanine|Rock Slide|p1a: Roaring Moon|[spread] p1a\n|-miss|p2b: Arcanine|p1b: Armarouge\n|-damage|p1a: Roaring Moon|0 fnt\n|faint|p1a: Roaring Moon\n|-end|p1a: Roaring Moon|Protosynthesis|[silent]\n|\n|-weather|none\n|upkeep\n|\n|t:|1699643229\n|switch|p1a: Ninetales|Ninetales-Alola, L50, F|61\/100\n|-weather|Snow|[from] ability: Snow Warning|[of] p1a: Ninetales\n|turn|6\n|\n|t:|1699643239\n|-terastallize|p2a: Kingambit|Poison\n|move|p1a: Ninetales|Moonblast|p2b: Arcanine\n|-resisted|p2b: Arcanine\n|-damage|p2b: Arcanine|71\/100\n|move|p1b: Armarouge|Armor Cannon|p2a: Kingambit\n|-damage|p2a: Kingambit|1\/100\n|-unboost|p1b: Armarouge|def|1\n|-unboost|p1b: Armarouge|spd|1\n|-damage|p1b: Armarouge|34\/100|[from] item: Life Orb\n|move|p2b: Arcanine|Rock Slide|p1a: Ninetales|[spread] p1a,p1b\n|-supereffective|p1a: Ninetales\n|-supereffective|p1b: Armarouge\n|-damage|p1a: Ninetales|15\/100\n|-damage|p1b: Armarouge|0 fnt\n|faint|p1b: Armarouge\n|move|p2a: Kingambit|Kowtow Cleave|p1a: Ninetales\n|-resisted|p1a: Ninetales\n|-damage|p1a: Ninetales|0 fnt\n|faint|p1a: Ninetales\n|\n|win|ItsYaBoiGuz\n|c|\u2606ItsYaBoiGuz|gg\n|inactive|felixxOrozco has 50 seconds to confirm battle start!\n|inactive|ItsYaBoiGuz has 50 seconds to confirm battle start!\n|c|&|\/uhtml prompt-itsyaboiguz,ItsYaBoiGuz is ready for game 2!\n|c|&|\/uhtml prompt-felixxorozco,felixxOrozco is ready for game 2!\nBoth players are ready! Starting next match!\n|l|\u2606ItsYaBoiGuz\n|l|\u2606felixxOrozco\n","uploadtime":1699644149,"views":31,"p1id":"felixxorozco","p2id":"itsyaboiguz","formatid":"gen9vgc2023regulatione","rating":0,"private":0,"password":""}