{"id":"gen9vgc2023regulatione-2000022351","p1":"JuanDemon117","p2":"bobforte22","format":"[Gen 9] VGC 2023 Regulation E","log":"|j|\u2606JuanDemon117\n|j|\u2606bobforte22\n|t:|1701142329\n|gametype|doubles\n|player|p1|JuanDemon117|102|1138\n|player|p2|bobforte22|pilot|1119\n|teamsize|p1|6\n|teamsize|p2|6\n|gen|9\n|tier|[Gen 9] VGC 2023 Regulation E\n|rated|\n|rule|Species Clause: Limit one of each Pok\u00e9mon\n|rule|Item Clause: Limit one of each item\n|clearpoke\n|poke|p1|Chien-Pao, L50|\n|poke|p1|Iron Hands, L50|\n|poke|p1|Urshifu-*, L50, F|\n|poke|p1|Landorus-Therian, L50, M|\n|poke|p1|Dondozo, L50, F|\n|poke|p1|Flutter Mane, L50|\n|poke|p2|Baxcalibur, L50, M|\n|poke|p2|Ninetales-Alola, L50, M|\n|poke|p2|Dragonite, L50, M|\n|poke|p2|Landorus-Therian, L50, M|\n|poke|p2|Ceruledge, L50, F|\n|poke|p2|Articuno, L50|\n|teampreview|4\n|inactive|Battle timer is ON: inactive players will automatically lose when time's up. (requested by bobforte22)\n|\n|t:|1701142353\n|start\n|switch|p1a: Chien-Pao|Chien-Pao, L50|100\/100\n|switch|p1b: Flutter Mane|Flutter Mane, L50|100\/100\n|switch|p2a: Dragonite|Dragonite, L50, M|100\/100\n|switch|p2b: Articuno|Articuno, L50, shiny|100\/100\n|-ability|p1a: Chien-Pao|Sword of Ruin\n|turn|1\n|inactive|bobforte22 has 30 seconds left.\n|\n|t:|1701142383\n|switch|p2b: Ceruledge|Ceruledge, L50, F|100\/100\n|-terastallize|p1b: Flutter Mane|Fairy\n|-terastallize|p2a: Dragonite|Normal\n|move|p1a: Chien-Pao|Protect|p1a: Chien-Pao\n|-singleturn|p1a: Chien-Pao|Protect\n|move|p2a: Dragonite|Extreme Speed|p1a: Chien-Pao\n|-activate|p1a: Chien-Pao|move: Protect\n|move|p1b: Flutter Mane|Dazzling Gleam|p2a: Dragonite|[spread] p2a,p2b\n|-resisted|p2b: Ceruledge\n|-damage|p2a: Dragonite|45\/100\n|-damage|p2b: Ceruledge|72\/100\n|\n|upkeep\n|turn|2\n|inactive|JuanDemon117 has 30 seconds left.\n|inactive|JuanDemon117 has 20 seconds left.\n|\n|t:|1701142419\n|switch|p1a: Iron Hands|Iron Hands, L50|100\/100\n|move|p2a: Dragonite|Extreme Speed|p1a: Iron Hands\n|-damage|p1a: Iron Hands|54\/100\n|move|p1b: Flutter Mane|Dazzling Gleam|p2a: Dragonite|[spread] p2a,p2b\n|-resisted|p2b: Ceruledge\n|-damage|p2a: Dragonite|0 fnt\n|-damage|p2b: Ceruledge|44\/100\n|faint|p2a: Dragonite\n|move|p2b: Ceruledge|Poison Jab|p1b: Flutter Mane\n|-supereffective|p1b: Flutter Mane\n|-damage|p1b: Flutter Mane|0 fnt\n|faint|p1b: Flutter Mane\n|-end|p1b: Flutter Mane|Protosynthesis|[silent]\n|-damage|p2b: Ceruledge|34\/100|[from] item: Life Orb\n|\n|upkeep\n|\n|t:|1701142437\n|switch|p1b: Landorus|Landorus-Therian, L50, M|100\/100\n|switch|p2a: Ninetales|Ninetales-Alola, L50, M|100\/100\n|-ability|p1b: Landorus|Intimidate|boost\n|-unboost|p2a: Ninetales|atk|1\n|-unboost|p2b: Ceruledge|atk|1\n|-weather|Snow|[from] ability: Snow Warning|[of] p2a: Ninetales\n|turn|3\n|\n|t:|1701142449\n|move|p2b: Ceruledge|Protect|p2b: Ceruledge\n|-singleturn|p2b: Ceruledge|Protect\n|move|p1a: Iron Hands|Fake Out|p2b: Ceruledge\n|-activate|p2b: Ceruledge|move: Protect\n|move|p1b: Landorus|Rock Slide|p2b: Ceruledge|[spread] p2a\n|-activate|p2b: Ceruledge|move: Protect\n|-supereffective|p2a: Ninetales\n|-damage|p2a: Ninetales|67\/100\n|move|p2a: Ninetales|Freeze-Dry|p1b: Landorus\n|-supereffective|p1b: Landorus\n|-damage|p1b: Landorus|0 fnt\n|faint|p1b: Landorus\n|\n|-weather|Snow|[upkeep]\n|upkeep\n|\n|t:|1701142462\n|switch|p1b: Chien-Pao|Chien-Pao, L50|100\/100\n|-ability|p1b: Chien-Pao|Sword of Ruin\n|turn|4\n|\n|t:|1701142484\n|move|p1b: Chien-Pao|Protect|p1b: Chien-Pao\n|-singleturn|p1b: Chien-Pao|Protect\n|move|p2a: Ninetales|Encore|p1a: Iron Hands\n|-start|p1a: Iron Hands|Encore\n|move|p2b: Ceruledge|Bitter Blade|p1b: Chien-Pao\n|-activate|p1b: Chien-Pao|move: Protect\n|move|p1a: Iron Hands|Fake Out||[still]\n|-hint|Fake Out only works on your first turn out.\n|-fail|p1a: Iron Hands\n|\n|-weather|Snow|[upkeep]\n|upkeep\n|turn|5\n|inactive|JuanDemon117 has 30 seconds left.\n|\n|t:|1701142514\n|move|p1a: Iron Hands|Fake Out||[still]\n|-hint|Fake Out only works on your first turn out.\n|-fail|p1a: Iron Hands\n|move|p1b: Chien-Pao|Sacred Sword|p2b: Ceruledge\n|-immune|p2b: Ceruledge\n|move|p2a: Ninetales|Aurora Veil|p2a: Ninetales\n|-sidestart|p2: bobforte22|move: Aurora Veil\n|move|p2b: Ceruledge|Bitter Blade|p1b: Chien-Pao\n|-supereffective|p1b: Chien-Pao\n|-damage|p1b: Chien-Pao|23\/100\n|-heal|p2b: Ceruledge|67\/100|[from] drain|[of] p1b: Chien-Pao\n|-damage|p2b: Ceruledge|57\/100|[from] item: Life Orb\n|\n|-weather|Snow|[upkeep]\n|upkeep\n|turn|6\n|\n|t:|1701142533\n|move|p1a: Iron Hands|Fake Out||[still]\n|-hint|Fake Out only works on your first turn out.\n|-fail|p1a: Iron Hands\n|move|p1b: Chien-Pao|Sacred Sword|p2a: Ninetales\n|-damage|p2a: Ninetales|44\/100\n|move|p2a: Ninetales|Moonblast|p1a: Iron Hands\n|-supereffective|p1a: Iron Hands\n|-damage|p1a: Iron Hands|17\/100\n|-unboost|p1a: Iron Hands|spa|1\n|move|p2b: Ceruledge|Bitter Blade|p1b: Chien-Pao\n|-supereffective|p1b: Chien-Pao\n|-damage|p1b: Chien-Pao|0 fnt\n|-heal|p2b: Ceruledge|67\/100|[from] drain|[of] p1b: Chien-Pao\n|faint|p1b: Chien-Pao\n|-damage|p2b: Ceruledge|57\/100|[from] item: Life Orb\n|\n|-weather|Snow|[upkeep]\n|-end|p1a: Iron Hands|Encore\n|upkeep\n|turn|7\n|-message|JuanDemon117 forfeited.\n|\n|win|bobforte22\n|raw|JuanDemon117's rating: 1138 &rarr; <strong>1112<\/strong><br \/>(-26 for losing)\n|raw|bobforte22's rating: 1119 &rarr; <strong>1145<\/strong><br \/>(+26 for winning)\n|l|\u2606JuanDemon117\n","uploadtime":1701142555,"views":1,"p1id":"juandemon117","p2id":"bobforte22","formatid":"gen9vgc2023regulatione","rating":1112,"private":0,"password":""}