{"id":"gen9vgc2023regulatione-1993590671","p1":"foiledfeline","p2":"J4ce","format":"[Gen 9] VGC 2023 Regulation E","log":"|j|\u2606foiledfeline\n|j|\u2606J4ce\n|n|\u2606foiledfeline|foiledfeline\n|n|\u2606J4ce|j4ce\n|html|View the match progress at <a href=\"\/game-bestof3-gen9vgc2023regulatione-1993590670\">game-bestof3-gen9vgc2023regulatione-1993590670<\/a>\n|t:|1700335104\n|gametype|doubles\n|player|p1|foiledfeline|steven|\n|player|p2|J4ce|sordward|\n|teamsize|p1|6\n|teamsize|p2|6\n|gen|9\n|tier|[Gen 9] VGC 2023 Regulation E\n|rule|Species Clause: Limit one of each Pok\u00e9mon\n|rule|Item Clause: Limit one of each item\n|clearpoke\n|poke|p1|Goodra-Hisui, L50, F|\n|poke|p1|Bronzong, L50|\n|poke|p1|Typhlosion, L50, M|\n|poke|p1|Dachsbun, L50, M|\n|poke|p1|Decidueye, L50, M|\n|poke|p1|Ursaluna-Bloodmoon, L50, M|\n|poke|p2|Thundurus, L50, M|\n|poke|p2|Dragonite, L50, M|\n|poke|p2|Arcanine, L50, M|\n|poke|p2|Wo-Chien, L50|\n|poke|p2|Slowking, L50, M|\n|poke|p2|Spinarak, L50, M|\n|teampreview|4\nfoiledfeline rejected open team sheets.\n|c|\u2606J4ce|Glhf!\n|c|\u2606foiledfeline|glhf!\n|\n|t:|1700335229\n|start\n|switch|p1a: Eruption|Typhlosion, L50, M, shiny|100\/100\n|switch|p1b: Body Press|Dachsbun, L50, M|100\/100\n|switch|p2a: Thundercat|Thundurus, L50, M|100\/100\n|switch|p2b: Slow End Theory|Slowking, L50, M|100\/100\n|turn|1\n|\n|t:|1700335269\n|move|p1a: Eruption|Lava Plume|p2b: Slow End Theory|[spread] p2a,p2b\n|-ability|p1b: Body Press|Well-Baked Body|boost\n|-boost|p1b: Body Press|def|2\n|-resisted|p2b: Slow End Theory\n|-damage|p2a: Thundercat|58\/100\n|-damage|p2b: Slow End Theory|88\/100\n|-status|p2a: Thundercat|brn\n|-status|p2b: Slow End Theory|brn\n|move|p2a: Thundercat|Fling|p1a: Eruption\n|-damage|p1a: Eruption|97\/100\n|-enditem|p2a: Thundercat|King's Rock|[from] move: Fling\n|move|p1b: Body Press|Yawn||[still]\n|-fail|p1b: Body Press\n|move|p2b: Slow End Theory|Belly Drum|p2b: Slow End Theory\n|-damage|p2b: Slow End Theory|38\/100 brn\n|-setboost|p2b: Slow End Theory|atk|6|[from] move: Belly Drum\n|-enditem|p2b: Slow End Theory|Sitrus Berry|[eat]\n|-heal|p2b: Slow End Theory|63\/100 brn|[from] item: Sitrus Berry\n|\n|-damage|p2a: Thundercat|53\/100 brn|[from] brn\n|-damage|p2b: Slow End Theory|57\/100 brn|[from] brn\n|upkeep\n|turn|2\n|c|\u2606J4ce|aha!\n|c|\u2606J4ce|You can't yawn me!\n|c|\u2606foiledfeline|lol\n|\n|t:|1700335386\n|-terastallize|p1a: Eruption|Dark\n|move|p1a: Eruption|Lava Plume|p2b: Slow End Theory|[spread] p2a,p2b\n|-ability|p1b: Body Press|Well-Baked Body|boost\n|-boost|p1b: Body Press|def|2\n|-crit|p2a: Thundercat\n|-resisted|p2b: Slow End Theory\n|-damage|p2a: Thundercat|0 fnt\n|-damage|p2b: Slow End Theory|45\/100 brn\n|faint|p2a: Thundercat\n|move|p1b: Body Press|Body Press|p2b: Slow End Theory\n|-resisted|p2b: Slow End Theory\n|-damage|p2b: Slow End Theory|9\/100 brn\n|move|p2b: Slow End Theory|Drain Punch|p1a: Eruption\n|-supereffective|p1a: Eruption\n|-damage|p1a: Eruption|21\/100\n|-heal|p2b: Slow End Theory|44\/100 brn|[from] drain|[of] p1a: Eruption\n|\n|-damage|p2b: Slow End Theory|38\/100 brn|[from] brn\n|upkeep\n|c|\u2606J4ce|Oof\n|\n|t:|1700335412\n|switch|p2a: Wo Surprises|Wo-Chien, L50|100\/100\n|-ability|p2a: Wo Surprises|Tablets of Ruin\n|turn|3\n|c|\u2606foiledfeline|well that's not what I was expecting, lol\n|\n|t:|1700335455\n|-terastallize|p2a: Wo Surprises|Fire\n|move|p2b: Slow End Theory|Protect|p2b: Slow End Theory\n|-singleturn|p2b: Slow End Theory|Protect\n|move|p1a: Eruption|Lava Plume|p2b: Slow End Theory|[spread] p2a\n|-activate|p2b: Slow End Theory|move: Protect\n|-ability|p1b: Body Press|Well-Baked Body|boost\n|-boost|p1b: Body Press|def|2\n|-resisted|p2a: Wo Surprises\n|-damage|p2a: Wo Surprises|92\/100\n|move|p1b: Body Press|Body Press|p2a: Wo Surprises\n|-damage|p2a: Wo Surprises|33\/100\n|move|p2a: Wo Surprises|Stun Spore|p1b: Body Press\n|-status|p1b: Body Press|par\n|\n|-damage|p2b: Slow End Theory|32\/100 brn|[from] brn\n|upkeep\n|turn|4\n|c|\u2606J4ce|I swear, idk if i've ever had a more unlucky season\n|\n|t:|1700335522\n|switch|p1a: Spirit Shackle|Decidueye, L50, M, shiny|100\/100\n|move|p2a: Wo Surprises|Leaf Storm|p1b: Body Press\n|-damage|p1b: Body Press|54\/100 par\n|-unboost|p2a: Wo Surprises|spa|2\n|move|p2b: Slow End Theory|Drain Punch|p1a: Spirit Shackle\n|-immune|p1a: Spirit Shackle\n|move|p1b: Body Press|Body Press|p2b: Slow End Theory\n|-resisted|p2b: Slow End Theory\n|-damage|p2b: Slow End Theory|0 fnt\n|faint|p2b: Slow End Theory\n|\n|-heal|p1b: Body Press|61\/100 par|[from] item: Leftovers\n|upkeep\n|c|\u2606J4ce|I've had game-defining crits in every single set\n|\n|t:|1700335539\n|switch|p2b: Nites|Dragonite, L50, M|100\/100\n|turn|5\n|-message|J4ce forfeited.\n|\n|win|foiledfeline\n|c|&|\/uhtml prompt-j4ce,J4ce is ready for game 2!\n|inactive|foiledfeline has 50 seconds to confirm battle start!\n|c|&|\/uhtml prompt-foiledfeline,foiledfeline is ready for game 2!\nBoth players are ready! Starting next match!\n","uploadtime":1700336100,"views":48,"p1id":"foiledfeline","p2id":"j4ce","formatid":"gen9vgc2023regulatione","rating":0,"private":0,"password":""}