{"id":"gen9vgc2023regulatione-1998022406","p1":"infernape339","p2":"Fair Playz Gamer","format":"[Gen 9] VGC 2023 Regulation E","log":"|j|\u2606infernape339\n|j|\u2606Fair Playz Gamer\n|t:|1700880122\n|gametype|doubles\n|player|p1|infernape339|170|\n|player|p2|Fair Playz Gamer|dawn|\n|teamsize|p1|6\n|teamsize|p2|6\n|gen|9\n|tier|[Gen 9] VGC 2023 Regulation E\n|rated|Tournament battle\n|rule|Species Clause: Limit one of each Pok\u00e9mon\n|rule|Item Clause: Limit one of each item\n|clearpoke\n|poke|p1|Iron Hands, L50|\n|poke|p1|Sinistcha, L50|\n|poke|p1|Tornadus, L50, M|\n|poke|p1|Regidrago, L50|\n|poke|p1|Arcanine-Hisui, L50, F|\n|poke|p1|Chien-Pao, L50|\n|poke|p2|Tornadus, L50, M|\n|poke|p2|Urshifu-*, L50, M|\n|poke|p2|Arcanine-Hisui, L50, M|\n|poke|p2|Amoonguss, L50, F|\n|poke|p2|Iron Hands, L50|\n|poke|p2|Flutter Mane, L50|\n|teampreview|4\n|showteam|p1|Iron Hands||AssaultVest|QuarkDrive|FakeOut,DrainPunch,HeavySlam,WildCharge||||||50|,,,,,Fire]Sinistcha||RockyHelmet|Hospitality|MatchaGotcha,RagePowder,TrickRoom,Protect||||||50|,,,,,Water]Tornadus||CovertCloak|Prankster|Tailwind,BleakwindStorm,Protect,Taunt|||M|||50|,,,,,Steel]Regidrago||DracoPlate|DragonsMaw|Protect,DragonEnergy,TeraBlast,EarthPower||||||50|,,,,,Steel]Arcanine-Hisui||ChoiceBand|Intimidate|RockSlide,FlareBlitz,ExtremeSpeed,CloseCombat|||F|||50|,,,,,Fairy]Chien-Pao||FocusSash|SwordofRuin|LashOut,Protect,IceSpinner,SuckerPunch||||||50|,,,,,Ghost\n|showteam|p2|Tornadus||RockyHelmet|Prankster|BleakwindStorm,Tailwind,Taunt,RainDance|||M|||50|,,,,,Steel]Urshifu-Rapid-Strike||MysticWater|UnseenFist|SurgingStrikes,AquaJet,CloseCombat,Detect|||M|||50|,,,,,Water]Arcanine-Hisui||ChoiceBand|Intimidate|FlareBlitz,RockSlide,HeadSmash,ExtremeSpeed|||M|||50|,,,,,Water]Amoonguss||SitrusBerry|Regenerator|Spore,PollenPuff,RagePowder,ClearSmog|||F|||50|,,,,,Water]Iron Hands||AssaultVest|QuarkDrive|WildCharge,DrainPunch,FakeOut,VoltSwitch||||||50|,,,,,Water]Flutter Mane||BoosterEnergy|Protosynthesis|Substitute,DazzlingGleam,ShadowBall,Protect||||||50|,,,,,Fairy\n|inactive|Battle timer is ON: inactive players will automatically lose when time's up. (requested by infernape339)\n|j| TheIceTable\n|j|@Bright Size\n|c|\u2606Fair Playz Gamer|Glhf\n|l|@Bright Size\n|l| TheIceTable\n|inactive|infernape339 has 60 seconds left.\n|\n|t:|1700880153\n|start\n|switch|p1a: Sinistcha|Sinistcha, L50|100\/100\n|switch|p1b: Regidrago|Regidrago, L50|100\/100\n|switch|p2a: Tornadus|Tornadus, L50, M, shiny|100\/100\n|switch|p2b: Flutter Mane|Flutter Mane, L50, shiny|100\/100\n|-enditem|p2b: Flutter Mane|Booster Energy\n|-activate|p2b: Flutter Mane|ability: Protosynthesis|[fromitem]\n|-start|p2b: Flutter Mane|protosynthesisspa\n|turn|1\n|j| OHVO\n|l| OHVO\n|\n|t:|1700880182\n|switch|p1a: Arcanine|Arcanine-Hisui, L50, F, shiny|100\/100\n|-ability|p1a: Arcanine|Intimidate|boost\n|-unboost|p2a: Tornadus|atk|1\n|-unboost|p2b: Flutter Mane|atk|1\n|-terastallize|p1b: Regidrago|Steel\n|move|p2b: Flutter Mane|Shadow Ball|p1a: Arcanine\n|-damage|p1a: Arcanine|33\/100\n|move|p2a: Tornadus|Bleakwind Storm|p1b: Regidrago|[spread] p1a,p1b\n|-resisted|p1a: Arcanine\n|-resisted|p1b: Regidrago\n|-damage|p1a: Arcanine|15\/100\n|-damage|p1b: Regidrago|83\/100\n|-unboost|p1a: Arcanine|spe|1\n|-unboost|p1b: Regidrago|spe|1\n|move|p1b: Regidrago|Tera Blast|p2b: Flutter Mane|[anim] Tera Blast Steel\n|-supereffective|p2b: Flutter Mane\n|-crit|p2b: Flutter Mane\n|-damage|p2b: Flutter Mane|0 fnt\n|faint|p2b: Flutter Mane\n|-end|p2b: Flutter Mane|Protosynthesis|[silent]\n|\n|upkeep\n|j| It'sJustKen VGC\n|l| It'sJustKen VGC\n|\n|t:|1700880197\n|switch|p2b: Arcanine|Arcanine-Hisui, L50, M, shiny|100\/100\n|-ability|p2b: Arcanine|Intimidate|boost\n|-unboost|p1a: Arcanine|atk|1\n|-unboost|p1b: Regidrago|atk|1\n|turn|2\n|c|\u2606Fair Playz Gamer|Wow\n|c|\u2606Fair Playz Gamer|i don\u2019t love that\n|c|\u2606Fair Playz Gamer|live*\n|inactive|Fair Playz Gamer has 30 seconds left.\n|j|@Bright Size\n|\n|t:|1700880228\n|switch|p1a: Sinistcha|Sinistcha, L50|100\/100\n|-heal|p1b: Regidrago|100\/100|[from] ability: Hospitality|[of] p1a: Sinistcha\n|move|p1b: Regidrago|Protect|p1b: Regidrago\n|-singleturn|p1b: Regidrago|Protect\n|move|p2a: Tornadus|Bleakwind Storm|p1b: Regidrago|[spread] p1a\n|-activate|p1b: Regidrago|move: Protect\n|-supereffective|p1a: Sinistcha\n|-crit|p1a: Sinistcha\n|-damage|p1a: Sinistcha|0 fnt\n|faint|p1a: Sinistcha\n|move|p2b: Arcanine|Flare Blitz|p1b: Regidrago\n|-activate|p1b: Regidrago|move: Protect\n|\n|upkeep\n|l|@Bright Size\n|\n|t:|1700880237\n|switch|p1a: Tornadus|Tornadus, L50, M|100\/100\n|turn|3\n|j| EmceeMikey\n|j| TheIceTable\n|\n|t:|1700880250\n|move|p2a: Tornadus|Tailwind|p2a: Tornadus\n|-sidestart|p2: Fair Playz Gamer|move: Tailwind\n|move|p1a: Tornadus|Tailwind|p1a: Tornadus\n|-sidestart|p1: infernape339|move: Tailwind\n|move|p2b: Arcanine|Flare Blitz|p1b: Regidrago\n|-supereffective|p1b: Regidrago\n|-damage|p1b: Regidrago|0 fnt\n|faint|p1b: Regidrago\n|-damage|p2b: Arcanine|47\/100|[from] Recoil\n|\n|upkeep\n|\n|t:|1700880254\n|switch|p1b: Arcanine|Arcanine-Hisui, L50, F, shiny|15\/100\n|-ability|p1b: Arcanine|Intimidate|boost\n|-unboost|p2a: Tornadus|atk|1\n|-unboost|p2b: Arcanine|atk|1\n|turn|4\n|\n|t:|1700880269\n|move|p2a: Tornadus|Rain Dance|p2a: Tornadus\n|-weather|RainDance\n|move|p2b: Arcanine|Flare Blitz|p1b: Arcanine\n|-resisted|p1b: Arcanine\n|-crit|p1b: Arcanine\n|-damage|p1b: Arcanine|0 fnt\n|faint|p1b: Arcanine\n|-damage|p2b: Arcanine|43\/100|[from] Recoil\n|move|p1a: Tornadus|Bleakwind Storm|p2a: Tornadus|[spread] p2a,p2b\n|-crit|p2a: Tornadus\n|-resisted|p2b: Arcanine\n|-damage|p2a: Tornadus|45\/100\n|-damage|p2b: Arcanine|24\/100\n|\n|-weather|RainDance|[upkeep]\n|upkeep\n|turn|5\n|c|\u2606Fair Playz Gamer|Gg\n|\n|t:|1700880277\n|move|p2a: Tornadus|Bleakwind Storm|p1a: Tornadus\n|-damage|p1a: Tornadus|68\/100\n|move|p2b: Arcanine|Flare Blitz|p1a: Tornadus\n|-damage|p1a: Tornadus|28\/100\n|-damage|p2b: Arcanine|10\/100|[from] Recoil\n|move|p1a: Tornadus|Bleakwind Storm|p2b: Arcanine|[spread] p2a,p2b\n|-resisted|p2b: Arcanine\n|-damage|p2a: Tornadus|4\/100\n|-damage|p2b: Arcanine|0 fnt\n|faint|p2b: Arcanine\n|\n|-weather|RainDance|[upkeep]\n|upkeep\n|\n|t:|1700880280\n|switch|p2b: Urshifu|Urshifu-Rapid-Strike, L50, M|100\/100\n|turn|6\n|\n|t:|1700880285\n|-terastallize|p2b: Urshifu|Water\n|move|p2a: Tornadus|Taunt|p2b: Urshifu\n|-start|p2b: Urshifu|move: Taunt\n|move|p2b: Urshifu|Aqua Jet|p1a: Tornadus\n|-damage|p1a: Tornadus|0 fnt\n|faint|p1a: Tornadus\n|\n|win|Fair Playz Gamer\n|n|\u2606infernape339|infernape339\n|n|\u2606Fair Playz Gamer|fairplayzgamer\n|n| EmceeMikey|emceemikey\n|n| TheIceTable|theicetable\n","uploadtime":1700880286,"views":1,"p1id":"infernape339","p2id":"fairplayzgamer","formatid":"gen9vgc2023regulatione","rating":0,"private":0,"password":""}