{"id":"gen9vgc2023regulatione-1989448252","p1":"ImMewtoThis312","p2":"Evendot","format":"[Gen 9] VGC 2023 Regulation E","log":"|j|\u2606ImMewtoThis312\n|j|\u2606Evendot\n|t:|1699851986\n|gametype|doubles\n|player|p1|ImMewtoThis312|whitney|\n|player|p2|Evendot|102|\n|teamsize|p1|6\n|teamsize|p2|6\n|gen|9\n|tier|[Gen 9] VGC 2023 Regulation E\n|rule|Species Clause: Limit one of each Pok\u00e9mon\n|rule|Item Clause: Limit one of each item\n|clearpoke\n|poke|p1|Baxcalibur, L50, M|\n|poke|p1|Umbreon, L50, M|\n|poke|p1|Gallade, L50, M|\n|poke|p1|Corviknight, L50, M|\n|poke|p1|Hydreigon, L50, F|\n|poke|p1|Gyarados, L50, F|\n|poke|p2|Dondozo, L50, M|\n|poke|p2|Mismagius, L50, M|\n|poke|p2|Rotom-Heat, L50|\n|poke|p2|Scizor, L50, M|\n|poke|p2|Lucario, L50, M|\n|poke|p2|Haxorus, L50, M|\n|teampreview|4\n|\n|t:|1699852047\n|start\n|switch|p1a: Gallade|Gallade, L50, M|100\/100\n|switch|p1b: Gyarados|Gyarados, L50, F|100\/100\n|switch|p2a: Dondozo|Dondozo, L50, M|100\/100\n|switch|p2b: Mismagius|Mismagius, L50, M|100\/100\n|-ability|p1b: Gyarados|Intimidate|boost\n|-unboost|p2a: Dondozo|atk|1\n|-unboost|p2b: Mismagius|atk|1\n|turn|1\n|\n|t:|1699852087\n|move|p2b: Mismagius|Thunderbolt|p1b: Gyarados\n|-supereffective|p1b: Gyarados\n|-damage|p1b: Gyarados|0 fnt\n|faint|p1b: Gyarados\n|move|p1a: Gallade|Leaf Blade|p2a: Dondozo\n|-supereffective|p2a: Dondozo\n|-damage|p2a: Dondozo|46\/100\n|move|p2a: Dondozo|Zen Headbutt|p1a: Gallade\n|-damage|p1a: Gallade|77\/100\n|\n|-heal|p2a: Dondozo|53\/100|[from] item: Leftovers\n|upkeep\n|\n|t:|1699852111\n|switch|p1b: Corviknight|Corviknight, L50, M|100\/100\n|turn|2\n|\n|t:|1699852121\n|move|p2a: Dondozo|Protect|p2a: Dondozo\n|-singleturn|p2a: Dondozo|Protect\n|move|p2b: Mismagius|Mystical Fire|p1a: Gallade\n|-damage|p1a: Gallade|52\/100\n|-unboost|p1a: Gallade|spa|1\n|move|p1a: Gallade|Knock Off|p2b: Mismagius\n|-supereffective|p2b: Mismagius\n|-enditem|p2b: Mismagius|Colbur Berry|[eat]\n|-enditem|p2b: Mismagius|Colbur Berry|[weaken]\n|-damage|p2b: Mismagius|28\/100\n|move|p1b: Corviknight|Iron Defense|p1b: Corviknight\n|-boost|p1b: Corviknight|def|2\n|\n|-heal|p2a: Dondozo|59\/100|[from] item: Leftovers\n|upkeep\n|turn|3\n|\n|t:|1699852162\n|-terastallize|p2a: Dondozo|Fighting\n|move|p2b: Mismagius|Mystical Fire|p1b: Corviknight\n|-supereffective|p1b: Corviknight\n|-damage|p1b: Corviknight|68\/100\n|-ability|p1b: Corviknight|Mirror Armor\n|-unboost|p2b: Mismagius|spa|1\n|move|p1a: Gallade|Knock Off|p2b: Mismagius\n|-supereffective|p2b: Mismagius\n|-damage|p2b: Mismagius|0 fnt\n|faint|p2b: Mismagius\n|move|p1b: Corviknight|Iron Defense|p1b: Corviknight\n|-boost|p1b: Corviknight|def|2\n|move|p2a: Dondozo|Body Press|p1b: Corviknight\n|-damage|p1b: Corviknight|34\/100\n|\n|-heal|p2a: Dondozo|65\/100|[from] item: Leftovers\n|upkeep\n|\n|t:|1699852178\n|switch|p2b: Rotom|Rotom-Heat, L50|100\/100\n|turn|4\n|\n|t:|1699852206\n|move|p1a: Gallade|Protect|p1a: Gallade\n|-singleturn|p1a: Gallade|Protect\n|move|p2b: Rotom|Overheat|p1b: Corviknight\n|-supereffective|p1b: Corviknight\n|-damage|p1b: Corviknight|0 fnt\n|-unboost|p2b: Rotom|spa|2\n|faint|p1b: Corviknight\n|move|p2a: Dondozo|Body Press|p1a: Gallade\n|-activate|p1a: Gallade|move: Protect\n|\n|-heal|p2a: Dondozo|71\/100|[from] item: Leftovers\n|upkeep\n|\n|t:|1699852217\n|switch|p1b: Baxcalibur|Baxcalibur, L50, M|100\/100\n|turn|5\n|\n|t:|1699852248\n|-terastallize|p1b: Baxcalibur|Ice\n|move|p1b: Baxcalibur|Icicle Spear|p2a: Dondozo\n|-damage|p2a: Dondozo|63\/100\n|-damage|p2a: Dondozo|54\/100\n|-damage|p2a: Dondozo|45\/100\n|-damage|p2a: Dondozo|36\/100\n|-damage|p2a: Dondozo|28\/100\n|-hitcount|p2a: Dondozo|5\n|move|p2b: Rotom|Overheat|p1b: Baxcalibur\n|-supereffective|p1b: Baxcalibur\n|-damage|p1b: Baxcalibur|11\/100\n|-unboost|p2b: Rotom|spa|2\n|-ability|p1b: Baxcalibur|Thermal Exchange|boost\n|-boost|p1b: Baxcalibur|atk|1\n|move|p1a: Gallade|Aqua Cutter|p2b: Rotom\n|-supereffective|p2b: Rotom\n|-damage|p2b: Rotom|0 fnt\n|faint|p2b: Rotom\n|move|p2a: Dondozo|Body Press|p1b: Baxcalibur\n|-supereffective|p1b: Baxcalibur\n|-damage|p1b: Baxcalibur|0 fnt\n|faint|p1b: Baxcalibur\n|\n|-heal|p2a: Dondozo|34\/100|[from] item: Leftovers\n|upkeep\n|\n|t:|1699852270\n|switch|p2b: Scizor|Scizor, L50, M, shiny|100\/100\n|turn|6\n|\n|t:|1699852310\n|move|p1a: Gallade|Leaf Blade|p2a: Dondozo\n|-damage|p2a: Dondozo|13\/100\n|move|p2b: Scizor|Dual Wingbeat|p1a: Gallade\n|-supereffective|p1a: Gallade\n|-damage|p1a: Gallade|0 fnt\n|faint|p1a: Gallade\n|-hitcount|p1: Gallade|1\n|\n|win|Evendot\n|c|\u2606ImMewtoThis312|Gg!\n|c|\u2606Evendot|Gg\n|l|\u2606ImMewtoThis312\n","uploadtime":1699852345,"views":9,"p1id":"immewtothis312","p2id":"evendot","formatid":"gen9vgc2023regulatione","rating":0,"private":0,"password":""}