{"id":"gen9vgc2023regulatione-1992738965","p1":"dbehgjgghend","p2":"dandure9","format":"[Gen 9] VGC 2023 Regulation E","log":"|j|\u2606dbehgjgghend\n|j|\u2606dandure9\n|t:|1700230889\n|gametype|doubles\n|player|p1|dbehgjgghend|ingo|1000\n|player|p2|dandure9|hiker-gen4|1071\n|teamsize|p1|6\n|teamsize|p2|6\n|gen|9\n|tier|[Gen 9] VGC 2023 Regulation E\n|rated|\n|rule|Species Clause: Limit one of each Pok\u00e9mon\n|rule|Item Clause: Limit one of each item\n|clearpoke\n|poke|p1|Toedscool, L50, F|\n|poke|p1|Bellibolt, L50, M|\n|poke|p1|Rellor, L50, M|\n|poke|p1|Amoonguss, L50, M|\n|poke|p1|Skeledirge, L50, M|\n|poke|p1|Clodsire, L50, F|\n|poke|p2|Lurantis, L50, F|\n|poke|p2|Gastrodon, L50, F|\n|poke|p2|Ursaluna, L50, M|\n|poke|p2|Bruxish, L50, M|\n|poke|p2|Torkoal, L50, M|\n|poke|p2|Rillaboom, L50, F|\n|teampreview|4\n|inactive|Battle timer is ON: inactive players will automatically lose when time's up. (requested by dbehgjgghend)\n|c|\u2606dandure9|wow\n|c|\u2606dandure9|nice team\n|\n|t:|1700230913\n|start\n|switch|p1a: Toedscool|Toedscool, L50, F|100\/100\n|switch|p1b: Bellibolt|Bellibolt, L50, M|100\/100\n|switch|p2a: Rillaboom|Rillaboom, L50, F|100\/100\n|switch|p2b: Bruxish|Bruxish, L50, M|100\/100\n|-fieldstart|move: Grassy Terrain|[from] ability: Grassy Surge|[of] p2a: Rillaboom\n|turn|1\n|\n|t:|1700230932\n|move|p2a: Rillaboom|Fake Out|p1a: Toedscool\n|-damage|p1a: Toedscool|84\/100\n|move|p1b: Bellibolt|Thunderbolt|p2b: Bruxish\n|-supereffective|p2b: Bruxish\n|-damage|p2b: Bruxish|19\/100\n|move|p2b: Bruxish|Trick Room|p2b: Bruxish\n|-fieldstart|move: Trick Room|[of] p2b: Bruxish\n|cant|p1a: Toedscool|flinch\n|\n|-heal|p2b: Bruxish|25\/100|[from] Grassy Terrain\n|-heal|p1a: Toedscool|90\/100|[from] Grassy Terrain\n|upkeep\n|turn|2\n|\n|t:|1700230949\n|switch|p1b: Skeledirge|Skeledirge, L50, M|100\/100\n|move|p2b: Bruxish|Protect|p2b: Bruxish\n|-singleturn|p2b: Bruxish|Protect\n|move|p1a: Toedscool|Knock Off|p2b: Bruxish\n|-activate|p2b: Bruxish|move: Protect\n|move|p2a: Rillaboom|U-turn|p1a: Toedscool\n|-supereffective|p1a: Toedscool\n|-damage|p1a: Toedscool|33\/100\n|\n|t:|1700230958\n|switch|p2a: Ursaluna|Ursaluna, L50, M|100\/100|[from] U-turn\n|\n|-heal|p2b: Bruxish|31\/100|[from] Grassy Terrain\n|-heal|p1a: Toedscool|39\/100|[from] Grassy Terrain\n|-status|p2a: Ursaluna|brn|[from] item: Flame Orb\n|upkeep\n|turn|3\n|\n|t:|1700230976\n|switch|p2b: Lurantis|Lurantis, L50, F|100\/100\n|move|p1a: Toedscool|Rage Powder|p1a: Toedscool\n|-singleturn|p1a: Toedscool|move: Rage Powder\n|move|p2a: Ursaluna|Headlong Rush|p1a: Toedscool\n|-resisted|p1a: Toedscool\n|-damage|p1a: Toedscool|0 fnt\n|-unboost|p2a: Ursaluna|def|1\n|-unboost|p2a: Ursaluna|spd|1\n|faint|p1a: Toedscool\n|move|p1b: Skeledirge|Torch Song|p2a: Ursaluna\n|-crit|p2a: Ursaluna\n|-damage|p2a: Ursaluna|44\/100 brn\n|-boost|p1b: Skeledirge|spa|1\n|\n|-heal|p2a: Ursaluna|49\/100 brn|[from] Grassy Terrain\n|-damage|p2a: Ursaluna|44\/100 brn|[from] brn\n|upkeep\n|\n|t:|1700230991\n|switch|p1a: Bellibolt|Bellibolt, L50, M|100\/100\n|turn|4\n|\n|t:|1700231002\n|-terastallize|p2b: Lurantis|Electric\n|move|p2b: Lurantis|Superpower|p1a: Bellibolt\n|-damage|p1a: Bellibolt|67\/100\n|-boost|p2b: Lurantis|atk|1\n|-boost|p2b: Lurantis|def|1\n|-start|p1a: Bellibolt|Charge|Superpower|[from] ability: Electromorphosis\n|move|p1a: Bellibolt|Muddy Water|p2a: Ursaluna|[spread] p2a,p2b\n|-supereffective|p2a: Ursaluna\n|-damage|p2a: Ursaluna|0 fnt\n|-damage|p2b: Lurantis|77\/100\n|faint|p2a: Ursaluna\n|move|p1b: Skeledirge|Torch Song|p2b: Lurantis\n|-damage|p2b: Lurantis|4\/100\n|-boost|p1b: Skeledirge|spa|1\n|-enditem|p2b: Lurantis|Sitrus Berry|[eat]\n|-heal|p2b: Lurantis|29\/100|[from] item: Sitrus Berry\n|\n|-heal|p1a: Bellibolt|73\/100|[from] Grassy Terrain\n|-heal|p2b: Lurantis|35\/100|[from] Grassy Terrain\n|upkeep\n|\n|t:|1700231022\n|switch|p2a: Bruxish|Bruxish, L50, M|31\/100\n|turn|5\n|\n|t:|1700231035\n|move|p2a: Bruxish|Aqua Jet|p1b: Skeledirge\n|-supereffective|p1b: Skeledirge\n|-damage|p1b: Skeledirge|68\/100\n|move|p2b: Lurantis|Superpower|p1a: Bellibolt\n|-damage|p1a: Bellibolt|29\/100\n|-boost|p2b: Lurantis|atk|1\n|-boost|p2b: Lurantis|def|1\n|-start|p1a: Bellibolt|Charge|Superpower|[from] ability: Electromorphosis\n|move|p1a: Bellibolt|Parabolic Charge|p2b: Lurantis|[spread] p1b,p2a,p2b\n|-supereffective|p2a: Bruxish\n|-resisted|p2b: Lurantis\n|-damage|p1b: Skeledirge|21\/100\n|-heal|p1a: Bellibolt|52\/100|[from] drain|[of] p1b: Skeledirge\n|-damage|p2a: Bruxish|0 fnt\n|-heal|p1a: Bellibolt|63\/100|[from] drain|[of] p2a: Bruxish\n|-damage|p2b: Lurantis|10\/100\n|-heal|p1a: Bellibolt|74\/100|[from] drain|[of] p2b: Lurantis\n|faint|p2a: Bruxish\n|-end|p1a: Bellibolt|Charge|[silent]\n|move|p1b: Skeledirge|Torch Song|p2b: Lurantis\n|-damage|p2b: Lurantis|0 fnt\n|-boost|p1b: Skeledirge|spa|1\n|faint|p2b: Lurantis\n|\n|-heal|p1a: Bellibolt|80\/100|[from] Grassy Terrain\n|-heal|p1b: Skeledirge|27\/100|[from] Grassy Terrain\n|-heal|p1b: Skeledirge|33\/100|[from] item: Leftovers\n|-fieldend|move: Trick Room\n|-fieldend|move: Grassy Terrain\n|upkeep\n|c|\u2606dandure9|gg\n|-message|dandure9 forfeited.\n|\n|win|dbehgjgghend\n|raw|dbehgjgghend's rating: 1000 &rarr; <strong>1048<\/strong><br \/>(+48 for winning)\n|raw|dandure9's rating: 1071 &rarr; <strong>1046<\/strong><br \/>(-25 for losing)\n","uploadtime":1700231064,"views":15,"p1id":"dbehgjgghend","p2id":"dandure9","formatid":"gen9vgc2023regulatione","rating":1046,"private":0,"password":""}