{"id":"gen9vgc2023regulatione-2000189699","p1":"cicibi","p2":"Tempest brute","format":"[Gen 9] VGC 2023 Regulation E","log":"|j|\u2606cicibi\n|j|\u2606Tempest brute\n|t:|1701169649\n|gametype|doubles\n|player|p1|cicibi|policeman|1667\n|player|p2|Tempest brute|veteran|1860\n|teamsize|p1|6\n|teamsize|p2|6\n|gen|9\n|tier|[Gen 9] VGC 2023 Regulation E\n|rated|\n|rule|Species Clause: Limit one of each Pok\u00e9mon\n|rule|Item Clause: Limit one of each item\n|clearpoke\n|poke|p1|Chi-Yu, L50|\n|poke|p1|Flutter Mane, L50|\n|poke|p1|Iron Hands, L50|\n|poke|p1|Indeedee-F, L50, F|\n|poke|p1|Landorus-Therian, L50, M|\n|poke|p1|Ogerpon-Wellspring, L50, F|\n|poke|p2|Iron Valiant, L50|\n|poke|p2|Ting-Lu, L50|\n|poke|p2|Ogerpon-Hearthflame, L50, F|\n|poke|p2|Rotom-Wash, L50|\n|poke|p2|Gholdengo, L50|\n|poke|p2|Dragonite, L50, F|\n|teampreview|4\n|\n|t:|1701169686\n|start\n|switch|p1a: Iron Hands|Iron Hands, L50|100\/100\n|switch|p1b: Flutter Mane|Flutter Mane, L50|100\/100\n|switch|p2a: Klefki Lu|Ting-Lu, L50|100\/100\n|switch|p2b: Ogerpon|Ogerpon-Hearthflame, L50, F|100\/100\n|-ability|p2b: Ogerpon|Mold Breaker\n|-ability|p2a: Klefki Lu|Vessel of Ruin\n|turn|1\n|\n|t:|1701169707\n|-end|p1b: Flutter Mane|Protosynthesis|[silent]\n|switch|p1b: Landorus|Landorus-Therian, L50, M|100\/100\n|-ability|p1b: Landorus|Intimidate|boost\n|-unboost|p2a: Klefki Lu|atk|1\n|-unboost|p2b: Ogerpon|atk|1\n|move|p2b: Ogerpon|Spiky Shield|p2b: Ogerpon\n|-singleturn|p2b: Ogerpon|move: Protect\n|move|p2a: Klefki Lu|Protect|p2a: Klefki Lu\n|-singleturn|p2a: Klefki Lu|Protect\n|move|p1a: Iron Hands|Drain Punch|p2a: Klefki Lu\n|-activate|p2a: Klefki Lu|move: Protect\n|\n|upkeep\n|turn|2\n|\n|t:|1701169726\n|switch|p2b: Mimi \"Incen\" Rotom|Rotom-Wash, L50|100\/100\n|move|p1b: Landorus|U-turn|p2a: Klefki Lu\n|-supereffective|p2a: Klefki Lu\n|-damage|p2a: Klefki Lu|76\/100\n|\n|t:|1701169733\n|switch|p1b: Ogerpon|Ogerpon-Wellspring, L50, F|100\/100|[from] U-turn\n|move|p1a: Iron Hands|Drain Punch|p2a: Klefki Lu\n|-supereffective|p2a: Klefki Lu\n|-damage|p2a: Klefki Lu|38\/100\n|move|p2a: Klefki Lu|Body Press|p1a: Iron Hands\n|-damage|p1a: Iron Hands|83\/100\n|\n|-heal|p2a: Klefki Lu|45\/100|[from] item: Leftovers\n|upkeep\n|turn|3\n|j| Neutralist\n|\n|t:|1701169755\n|move|p2a: Klefki Lu|Protect|p2a: Klefki Lu\n|-singleturn|p2a: Klefki Lu|Protect\n|move|p1b: Ogerpon|Horn Leech|p2b: Mimi \"Incen\" Rotom\n|-supereffective|p2b: Mimi \"Incen\" Rotom\n|-damage|p2b: Mimi \"Incen\" Rotom|24\/100\n|-enditem|p2b: Mimi \"Incen\" Rotom|Sitrus Berry|[eat]\n|-heal|p2b: Mimi \"Incen\" Rotom|49\/100|[from] item: Sitrus Berry\n|move|p2b: Mimi \"Incen\" Rotom|Will-O-Wisp|p1b: Ogerpon\n|-status|p1b: Ogerpon|brn\n|move|p1a: Iron Hands|Drain Punch|p2a: Klefki Lu\n|-activate|p2a: Klefki Lu|move: Protect\n|\n|-heal|p2a: Klefki Lu|51\/100|[from] item: Leftovers\n|-damage|p1b: Ogerpon|94\/100 brn|[from] brn\n|upkeep\n|turn|4\n|l| Neutralist\n|\n|t:|1701169783\n|switch|p2a: Ogerpon|Ogerpon-Hearthflame, L50, F|100\/100\n|-ability|p2a: Ogerpon|Mold Breaker\n|-terastallize|p1a: Iron Hands|Fire\n|move|p1b: Ogerpon|Ivy Cudgel|p2a: Ogerpon|[anim] Ivy Cudgel Water\n|-damage|p2a: Ogerpon|72\/100\n|move|p2b: Mimi \"Incen\" Rotom|Will-O-Wisp|p1a: Iron Hands\n|-immune|p1a: Iron Hands\n|move|p1a: Iron Hands|Drain Punch|p2a: Ogerpon\n|-damage|p2a: Ogerpon|33\/100\n|-heal|p1a: Iron Hands|98\/100|[from] drain|[of] p2a: Ogerpon\n|\n|-damage|p1b: Ogerpon|88\/100 brn|[from] brn\n|upkeep\n|turn|5\n|\n|t:|1701169820\n|switch|p2b: Dynapult|Dragonite, L50, F|100\/100\n|move|p1b: Ogerpon|Follow Me|p1b: Ogerpon\n|-singleturn|p1b: Ogerpon|move: Follow Me\n|move|p2a: Ogerpon|Horn Leech|p1b: Ogerpon\n|-damage|p1b: Ogerpon|48\/100 brn\n|-heal|p2a: Ogerpon|53\/100|[from] drain|[of] p1b: Ogerpon\n|move|p1a: Iron Hands|Drain Punch|p2b: Dynapult\n|-resisted|p2b: Dynapult\n|-damage|p2b: Dynapult|92\/100\n|-heal|p1a: Iron Hands|100\/100|[from] drain|[of] p2b: Dynapult\n|\n|-damage|p1b: Ogerpon|42\/100 brn|[from] brn\n|upkeep\n|turn|6\n|\n|t:|1701169848\n|move|p1b: Ogerpon|Ivy Cudgel|p2a: Ogerpon|[anim] Ivy Cudgel Water\n|-damage|p2a: Ogerpon|27\/100\n|move|p2a: Ogerpon|Leech Seed|p1a: Iron Hands\n|-start|p1a: Iron Hands|move: Leech Seed\n|move|p2b: Dynapult|Aerial Ace|p1b: Ogerpon\n|-supereffective|p1b: Ogerpon\n|-damage|p1b: Ogerpon|0 fnt\n|faint|p1b: Ogerpon\n|move|p1a: Iron Hands|Drain Punch|p2a: Ogerpon\n|-damage|p2a: Ogerpon|0 fnt\n|faint|p2a: Ogerpon\n|\n|upkeep\n|\n|t:|1701169864\n|switch|p1b: Flutter Mane|Flutter Mane, L50|100\/100\n|switch|p2a: Mimi \"Incen\" Rotom|Rotom-Wash, L50|49\/100\n|turn|7\n|\n|t:|1701169881\n|-end|p1a: Iron Hands|Quark Drive|[silent]\n|switch|p1a: Landorus|Landorus-Therian, L50, M|100\/100\n|-ability|p1a: Landorus|Intimidate|boost\n|-unboost|p2a: Mimi \"Incen\" Rotom|atk|1\n|-unboost|p2b: Dynapult|atk|1\n|move|p2a: Mimi \"Incen\" Rotom|Protect|p2a: Mimi \"Incen\" Rotom\n|-singleturn|p2a: Mimi \"Incen\" Rotom|Protect\n|move|p1b: Flutter Mane|Dazzling Gleam|p2b: Dynapult|[spread] p2b\n|-activate|p2a: Mimi \"Incen\" Rotom|move: Protect\n|-supereffective|p2b: Dynapult\n|-crit|p2b: Dynapult\n|-damage|p2b: Dynapult|20\/100\n|move|p2b: Dynapult|Aerial Ace|p1b: Flutter Mane\n|-crit|p1b: Flutter Mane\n|-damage|p1b: Flutter Mane|42\/100\n|\n|upkeep\n|turn|8\n|\n|t:|1701169900\n|switch|p2b: Klefki Lu|Ting-Lu, L50|51\/100\n|-ability|p2b: Klefki Lu|Vessel of Ruin\n|move|p1a: Landorus|U-turn|p2a: Mimi \"Incen\" Rotom\n|-damage|p2a: Mimi \"Incen\" Rotom|24\/100\n|\n|t:|1701169906\n|switch|p1a: Iron Hands|Iron Hands, L50, tera:Fire|100\/100|[from] U-turn\n|move|p1b: Flutter Mane|Dazzling Gleam|p2a: Mimi \"Incen\" Rotom|[spread] p2a,p2b\n|-supereffective|p2b: Klefki Lu\n|-damage|p2a: Mimi \"Incen\" Rotom|0 fnt\n|-damage|p2b: Klefki Lu|2\/100\n|faint|p2a: Mimi \"Incen\" Rotom\n|\n|-heal|p2b: Klefki Lu|9\/100|[from] item: Leftovers\n|upkeep\n|-message|Tempest brute forfeited.\n|\n|win|cicibi\n|raw|cicibi's rating: 1667 &rarr; <strong>1697<\/strong><br \/>(+30 for winning)\n|raw|Tempest brute's rating: 1860 &rarr; <strong>1830<\/strong><br \/>(-30 for losing)\n|l|\u2606Tempest brute\n","uploadtime":1701169926,"views":9,"p1id":"cicibi","p2id":"tempestbrute","formatid":"gen9vgc2023regulatione","rating":1697,"private":0,"password":""}