{"id":"gen9vgc2023regulatione-1994174419","p1":"ilpalmi","p2":"PiaxVGC","format":"[Gen 9] VGC 2023 Regulation E","log":"|j|\u2606ilpalmi\n|j|\u2606PiaxVGC\n|n|\u2606ilpalmi|ilpalmi\n|n|\u2606PiaxVGC|piaxvgc\n|html|View the match progress at <a href=\"\/game-bestof3-gen9vgc2023regulatione-1994169239\">game-bestof3-gen9vgc2023regulatione-1994169239<\/a>\n|t:|1700415401\n|gametype|doubles\n|player|p1|ilpalmi|clay|\n|player|p2|PiaxVGC|dawn|\n|teamsize|p1|6\n|teamsize|p2|6\n|gen|9\n|tier|[Gen 9] VGC 2023 Regulation E\n|rule|Species Clause: Limit one of each Pok\u00e9mon\n|rule|Item Clause: Limit one of each item\n|clearpoke\n|poke|p1|Arcanine-Hisui, L50, F|\n|poke|p1|Amoonguss, L50, M|\n|poke|p1|Regieleki, L50|\n|poke|p1|Roaring Moon, L50|\n|poke|p1|Urshifu-*, L50, F|\n|poke|p1|Flutter Mane, L50|\n|poke|p2|Flutter Mane, L50|\n|poke|p2|Chi-Yu, L50|\n|poke|p2|Urshifu-*, L50, M|\n|poke|p2|Illumise, L50, F|\n|poke|p2|Ogerpon-Hearthflame, L50, F|\n|poke|p2|Rillaboom, L50, F|\n|teampreview|4\n|j| DigioVGC\nilpalmi has agreed to open team sheets.\n|j| HH mEMA\n|j| Triir\nPiaxVGC has agreed to open team sheets.\n|showteam|p1|Arcanine-Hisui||ChoiceBand|Intimidate|ExtremeSpeed,FlareBlitz,HeadSmash,RockSlide|||F|||50|,,,,,Fairy]Amoonguss||SitrusBerry|Regenerator|Spore,PollenPuff,RagePowder,Protect|||M|||50|,,,,,Water]Regieleki||Magnet|Transistor|Electroweb,Thunderbolt,TeraBlast,Protect||||||50|,,,,,Ice]Roaring Moon||BoosterEnergy|Protosynthesis|BreakingSwipe,KnockOff,Protect,Tailwind||||||50|,,,,,Poison]Urshifu-Rapid-Strike||SafetyGoggles|UnseenFist|SurgingStrikes,CloseCombat,SwordsDance,Detect|||F|||50|,,,,,Poison]Flutter Mane||ChoiceSpecs|Protosynthesis|Moonblast,DazzlingGleam,ShadowBall,PowerGem||||||50|,,,,,Fairy\n|showteam|p2|Flutter Mane||ChoiceSpecs|Protosynthesis|Moonblast,ShadowBall,DazzlingGleam,PowerGem||||||50|,,,,,Fairy]Chi-Yu||FocusSash|BeadsofRuin|HeatWave,DarkPulse,Overheat,Protect||||||50|,,,,,Ghost]Urshifu||ChoiceBand|UnseenFist|WickedBlow,CloseCombat,SuckerPunch,Uturn|||M|||50|,,,,,Dark]Illumise||CovertCloak|Prankster|SunnyDay,Tailwind,FakeTears,Encore|||F|||50|,,,,,Dark]Ogerpon-Hearthflame||HearthflameMask|MoldBreaker|IvyCudgel,GrassyGlide,SwordsDance,SpikyShield|||F|||50|,,,,,Fire]Rillaboom||SitrusBerry|GrassySurge|GrassyGlide,FakeOut,Uturn,Taunt|||F|||50|,,,,,Fire\n|j| PizzelVGC\n|j| Ryum\n|j| ChrissssVIGISI\n|\n|t:|1700415578\n|start\n|switch|p1a: Regieleki|Regieleki, L50|100\/100\n|switch|p1b: Roaring Moon|Roaring Moon, L50|100\/100\n|switch|p2a: Illumise|Illumise, L50, F|100\/100\n|switch|p2b: Flutter Mane|Flutter Mane, L50|100\/100\n|-enditem|p1b: Roaring Moon|Booster Energy\n|-activate|p1b: Roaring Moon|ability: Protosynthesis|[fromitem]\n|-start|p1b: Roaring Moon|protosynthesisspe\n|turn|1\n|\n|t:|1700415614\n|-terastallize|p1b: Roaring Moon|Poison\n|move|p1a: Regieleki|Protect|p1a: Regieleki\n|-singleturn|p1a: Regieleki|Protect\n|move|p2a: Illumise|Sunny Day|p2a: Illumise\n|-weather|SunnyDay\n|-activate|p2b: Flutter Mane|ability: Protosynthesis\n|-start|p2b: Flutter Mane|protosynthesisspe\n|move|p2b: Flutter Mane|Dazzling Gleam|p1a: Regieleki|[spread] p1b\n|-activate|p1a: Regieleki|move: Protect\n|-resisted|p1b: Roaring Moon\n|-damage|p1b: Roaring Moon|79\/100\n|move|p1b: Roaring Moon|Tailwind|p1b: Roaring Moon\n|-sidestart|p1: ilpalmi|move: Tailwind\n|\n|-weather|SunnyDay|[upkeep]\n|upkeep\n|turn|2\n|\n|t:|1700415658\n|switch|p1a: Arcanine|Arcanine-Hisui, L50, F|100\/100\n|-ability|p1a: Arcanine|Intimidate|boost\n|-unboost|p2a: Illumise|atk|1\n|-unboost|p2b: Flutter Mane|atk|1\n|move|p2a: Illumise|Encore|p1b: Roaring Moon\n|-start|p1b: Roaring Moon|Encore\n|move|p1b: Roaring Moon|Tailwind||[still]\n|-fail|p1b: Roaring Moon\n|move|p2b: Flutter Mane|Dazzling Gleam|p1a: Arcanine|[spread] p1a,p1b\n|-resisted|p1a: Arcanine\n|-resisted|p1b: Roaring Moon\n|-crit|p1b: Roaring Moon\n|-damage|p1a: Arcanine|79\/100\n|-damage|p1b: Roaring Moon|50\/100\n|\n|-weather|SunnyDay|[upkeep]\n|upkeep\n|turn|3\n|\n|t:|1700415738\n|-end|p1b: Roaring Moon|Protosynthesis|[silent]\n|switch|p1b: Regieleki|Regieleki, L50|100\/100\n|move|p2a: Illumise|Tailwind|p2a: Illumise\n|-sidestart|p2: PiaxVGC|move: Tailwind\n|move|p2b: Flutter Mane|Dazzling Gleam|p1b: Regieleki|[spread] p1a,p1b\n|-resisted|p1a: Arcanine\n|-damage|p1a: Arcanine|56\/100\n|-damage|p1b: Regieleki|20\/100\n|move|p1a: Arcanine|Rock Slide|p2b: Flutter Mane|[spread] p2a,p2b\n|-supereffective|p2a: Illumise\n|-damage|p2a: Illumise|16\/100\n|-damage|p2b: Flutter Mane|38\/100\n|\n|-weather|SunnyDay|[upkeep]\n|upkeep\n|turn|4\n|\n|t:|1700415774\n|move|p2a: Illumise|Fake Tears|p1a: Arcanine\n|-unboost|p1a: Arcanine|spd|2\n|move|p2b: Flutter Mane|Dazzling Gleam|p1b: Regieleki|[spread] p1a,p1b\n|-resisted|p1a: Arcanine\n|-damage|p1a: Arcanine|10\/100\n|-damage|p1b: Regieleki|0 fnt\n|faint|p1b: Regieleki\n|move|p1a: Arcanine|Rock Slide|p2a: Illumise|[spread] p2a,p2b\n|-supereffective|p2a: Illumise\n|-damage|p2a: Illumise|0 fnt\n|-damage|p2b: Flutter Mane|0 fnt\n|faint|p2a: Illumise\n|faint|p2b: Flutter Mane\n|-end|p2b: Flutter Mane|Protosynthesis|[silent]\n|\n|-weather|SunnyDay|[upkeep]\n|-sideend|p1: ilpalmi|move: Tailwind\n|upkeep\n|\n|t:|1700415786\n|switch|p1b: Roaring Moon|Roaring Moon, L50, tera:Poison|50\/100\n|switch|p2b: Chi-Yu|Chi-Yu, L50|100\/100\n|switch|p2a: Urshifu|Urshifu, L50, M|100\/100\n|-ability|p2b: Chi-Yu|Beads of Ruin\n|-activate|p1b: Roaring Moon|ability: Protosynthesis\n|-start|p1b: Roaring Moon|protosynthesisspe\n|turn|5\n|\n|t:|1700415804\n|move|p2b: Chi-Yu|Dark Pulse|p1a: Arcanine\n|-damage|p1a: Arcanine|0 fnt\n|faint|p1a: Arcanine\n|move|p2a: Urshifu|Wicked Blow|p1b: Roaring Moon\n|-crit|p1b: Roaring Moon\n|-damage|p1b: Roaring Moon|0 fnt\n|faint|p1b: Roaring Moon\n|-end|p1b: Roaring Moon|Protosynthesis|[silent]\n|\n|-weather|none\n|upkeep\n|\n|t:|1700415813\n|switch|p1b: Flutter Mane|Flutter Mane, L50|100\/100\n|turn|6\n|\n|t:|1700415820\n|-terastallize|p2a: Urshifu|Dark\n|move|p2b: Chi-Yu|Dark Pulse|p1b: Flutter Mane\n|-damage|p1b: Flutter Mane|35\/100\n|move|p2a: Urshifu|Wicked Blow|p1b: Flutter Mane\n|-crit|p1b: Flutter Mane\n|-damage|p1b: Flutter Mane|0 fnt\n|faint|p1b: Flutter Mane\n|-end|p1b: Flutter Mane|Protosynthesis|[silent]\n|\n|win|PiaxVGC\n|l| HH mEMA\n|c|\u2606ilpalmi|gg\n|c|\u2606PiaxVGC|ggs\n|l| Ryum\n|l| ChrissssVIGISI\n|l| DigioVGC\n|l| Triir\n|l| PizzelVGC\n|j| Matrix bug\n","uploadtime":1700415836,"views":16,"p1id":"ilpalmi","p2id":"piaxvgc","formatid":"gen9vgc2023regulatione","rating":0,"private":0,"password":""}