{"id":"gen9vgc2023regulatione-1994902571","p1":"TonyPajamas16","p2":"tyl8","format":"[Gen 9] VGC 2023 Regulation E","log":"|j|\u2606TonyPajamas16\n|j|\u2606tyl8\n|t:|1700503182\n|gametype|doubles\n|player|p1|TonyPajamas16|psychicf-gen4|1355\n|player|p2|tyl8|dawn|1359\n|teamsize|p1|6\n|teamsize|p2|6\n|gen|9\n|tier|[Gen 9] VGC 2023 Regulation E\n|rated|\n|rule|Species Clause: Limit one of each Pok\u00e9mon\n|rule|Item Clause: Limit one of each item\n|clearpoke\n|poke|p1|Scream Tail, L50|\n|poke|p1|Spectrier, L50|\n|poke|p1|Milotic, L50, F|\n|poke|p1|Ogerpon-Hearthflame, L50, F|\n|poke|p1|Sneasler, L50, F|\n|poke|p1|Rillaboom, L50, M|\n|poke|p2|Gholdengo, L50|\n|poke|p2|Ogerpon-Wellspring, L50, F|\n|poke|p2|Roaring Moon, L50|\n|poke|p2|Iron Hands, L50|\n|poke|p2|Tornadus, L50, M|\n|poke|p2|Arcanine-Hisui, L50, F|\n|teampreview|4\n|inactive|Battle timer is ON: inactive players will automatically lose when time's up. (requested by tyl8)\n|inactive|TonyPajamas16 has 60 seconds left.\n|inactive|tyl8 has 60 seconds left.\n|\n|t:|1700503241\n|start\n|switch|p1a: Ogerpon|Ogerpon-Hearthflame, L50, F|100\/100\n|switch|p1b: Milotic|Milotic, L50, F|100\/100\n|switch|p2a: Gholdengo|Gholdengo, L50|100\/100\n|switch|p2b: Ogerpon|Ogerpon-Wellspring, L50, F|100\/100\n|-ability|p1a: Ogerpon|Mold Breaker\n|turn|1\n|inactive|TonyPajamas16 has 30 seconds left.\n|\n|t:|1700503270\n|-terastallize|p1a: Ogerpon|Fire\n|detailschange|p1a: Ogerpon|Ogerpon-Hearthflame-Tera, L50, F, tera:Fire\n|-ability|p1a: Ogerpon|Embody Aspect (Hearthflame)|boost\n|-boost|p1a: Ogerpon|atk|1\n|-terastallize|p2a: Gholdengo|Dragon\n|move|p1a: Ogerpon|Ivy Cudgel|p2a: Gholdengo|[anim] Ivy Cudgel Fire\n|-resisted|p2a: Gholdengo\n|-damage|p2a: Gholdengo|48\/100\n|move|p2b: Ogerpon|Wood Hammer|p1b: Milotic\n|-supereffective|p1b: Milotic\n|-damage|p1b: Milotic|0 fnt\n|faint|p1b: Milotic\n|-damage|p2b: Ogerpon|62\/100|[from] Recoil\n|move|p2a: Gholdengo|Nasty Plot|p2a: Gholdengo\n|-boost|p2a: Gholdengo|spa|2\n|\n|-heal|p2a: Gholdengo|54\/100|[from] item: Leftovers\n|upkeep\n|\n|t:|1700503294\n|switch|p1b: Sneasler|Sneasler, L50, F|100\/100\n|turn|2\n|\n|t:|1700503306\n|move|p1b: Sneasler|Fake Out|p2a: Gholdengo\n|-damage|p2a: Gholdengo|41\/100\n|move|p2b: Ogerpon|Follow Me|p2b: Ogerpon\n|-singleturn|p2b: Ogerpon|move: Follow Me\n|move|p1a: Ogerpon|Ivy Cudgel|p2b: Ogerpon|[anim] Ivy Cudgel Fire\n|-damage|p2b: Ogerpon|0 fnt\n|faint|p2b: Ogerpon\n|cant|p2a: Gholdengo|flinch\n|\n|-heal|p2a: Gholdengo|47\/100|[from] item: Leftovers\n|upkeep\n|\n|t:|1700503324\n|switch|p2b: Tornadus|Tornadus, L50, M|100\/100\n|turn|3\n|\n|t:|1700503340\n|move|p2a: Gholdengo|Protect|p2a: Gholdengo\n|-singleturn|p2a: Gholdengo|Protect\n|move|p2b: Tornadus|Rain Dance|p2b: Tornadus\n|-weather|RainDance\n|move|p1a: Ogerpon|Ivy Cudgel|p2a: Gholdengo|[anim] Ivy Cudgel Fire\n|-activate|p2a: Gholdengo|move: Protect\n|move|p1b: Sneasler|Dire Claw|p2a: Gholdengo\n|-activate|p2a: Gholdengo|move: Protect\n|\n|-weather|RainDance|[upkeep]\n|-heal|p2a: Gholdengo|54\/100|[from] item: Leftovers\n|upkeep\n|turn|4\n|\n|t:|1700503357\n|move|p2b: Tornadus|Tailwind|p2b: Tornadus\n|-sidestart|p2: tyl8|move: Tailwind\n|move|p2a: Gholdengo|Make It Rain|p1a: Ogerpon|[spread] p1a,p1b\n|-resisted|p1a: Ogerpon\n|-damage|p1a: Ogerpon|50\/100\n|-damage|p1b: Sneasler|0 fnt\n|-unboost|p2a: Gholdengo|spa|1\n|faint|p1b: Sneasler\n|move|p1a: Ogerpon|Ivy Cudgel|p2b: Tornadus|[anim] Ivy Cudgel Fire\n|-damage|p2b: Tornadus|33\/100\n|\n|-weather|RainDance|[upkeep]\n|-heal|p2a: Gholdengo|60\/100|[from] item: Leftovers\n|upkeep\n|\n|t:|1700503363\n|switch|p1b: Spectrier|Spectrier, L50|100\/100\n|turn|5\n|\n|t:|1700503375\n|move|p1a: Ogerpon|Spiky Shield|p1a: Ogerpon\n|-singleturn|p1a: Ogerpon|move: Protect\n|move|p2b: Tornadus|Bleakwind Storm|p1b: Spectrier|[spread] p1b\n|-activate|p1a: Ogerpon|move: Protect\n|-damage|p1b: Spectrier|59\/100\n|move|p2a: Gholdengo|Shadow Ball|p1b: Spectrier\n|-supereffective|p1b: Spectrier\n|-crit|p1b: Spectrier\n|-damage|p1b: Spectrier|0 fnt\n|faint|p1b: Spectrier\n|\n|-weather|RainDance|[upkeep]\n|-heal|p2a: Gholdengo|66\/100|[from] item: Leftovers\n|upkeep\n|turn|6\n|\n|t:|1700503388\n|move|p2b: Tornadus|Bleakwind Storm|p1a: Ogerpon\n|-damage|p1a: Ogerpon|0 fnt\n|faint|p1a: Ogerpon\n|\n|win|tyl8\n|raw|TonyPajamas16's rating: 1355 &rarr; <strong>1335<\/strong><br \/>(-20 for losing)\n|raw|tyl8's rating: 1359 &rarr; <strong>1379<\/strong><br \/>(+20 for winning)\n|c|\u2606tyl8|Gg\n","uploadtime":1700503402,"views":2,"p1id":"tonypajamas16","p2id":"tyl8","formatid":"gen9vgc2023regulatione","rating":1335,"private":0,"password":""}