{"id":"gen9vgc2023regulatione-1998995682","p1":"JaySayYay","p2":"Zemigas2004","format":"[Gen 9] VGC 2023 Regulation E","log":"|j|\u2606JaySayYay\n|j|\u2606Zemigas2004\n|t:|1701021983\n|gametype|doubles\n|player|p1|JaySayYay|riley|1212\n|player|p2|Zemigas2004|ethan|1219\n|teamsize|p1|6\n|teamsize|p2|6\n|gen|9\n|tier|[Gen 9] VGC 2023 Regulation E\n|rated|\n|rule|Species Clause: Limit one of each Pok\u00e9mon\n|rule|Item Clause: Limit one of each item\n|clearpoke\n|poke|p1|Chien-Pao, L50|\n|poke|p1|Rillaboom, L50, F|\n|poke|p1|Tornadus, L50, M|\n|poke|p1|Flutter Mane, L50|\n|poke|p1|Urshifu-*, L50, F|\n|poke|p1|Arcanine-Hisui, L50, M|\n|poke|p2|Thundurus, L50, M|\n|poke|p2|Amoonguss, L50, M|\n|poke|p2|Volcarona, L50, F|\n|poke|p2|Enamorus, L50, F|\n|poke|p2|Garchomp, L50, F|\n|poke|p2|Chien-Pao, L50|\n|teampreview|4\n|inactive|Battle timer is ON: inactive players will automatically lose when time's up. (requested by JaySayYay)\n|inactive|Zemigas2004 also wants the timer to be on.\nJaySayYay has agreed to open team sheets.\n|inactive|JaySayYay has 60 seconds left.\n|inactive|Zemigas2004 has 60 seconds left.\n|\n|t:|1701022034\n|start\n|switch|p1a: Tornadus|Tornadus, L50, M|100\/100\n|switch|p1b: Urshifu|Urshifu-Rapid-Strike, L50, F|100\/100\n|switch|p2a: Garchomp|Garchomp, L50, F|100\/100\n|switch|p2b: Thundurus|Thundurus, L50, M|100\/100\n|turn|1\n|inactive|Zemigas2004 has 30 seconds left.\n|\n|t:|1701022064\n|switch|p2a: Amoonguss|Amoonguss, L50, M|100\/100\n|move|p1a: Tornadus|Taunt|p2b: Thundurus\n|-start|p2b: Thundurus|move: Taunt\n|move|p2b: Thundurus|Wildbolt Storm|p1b: Urshifu|[spread] \n|-miss|p2b: Thundurus|p1a: Tornadus\n|-miss|p2b: Thundurus|p1b: Urshifu\n|move|p1b: Urshifu|Surging Strikes|p2b: Thundurus\n|-crit|p2b: Thundurus\n|-damage|p2b: Thundurus|71\/100\n|-crit|p2b: Thundurus\n|-damage|p2b: Thundurus|37\/100\n|-crit|p2b: Thundurus\n|-damage|p2b: Thundurus|8\/100\n|-hitcount|p2b: Thundurus|3\n|\n|upkeep\n|turn|2\n|\n|t:|1701022083\n|-terastallize|p2a: Amoonguss|Water\n|move|p1b: Urshifu|Detect|p1b: Urshifu\n|-singleturn|p1b: Urshifu|Protect\n|move|p2a: Amoonguss|Rage Powder|p2a: Amoonguss\n|-singleturn|p2a: Amoonguss|move: Rage Powder\n|move|p1a: Tornadus|Taunt|p2a: Amoonguss\n|-start|p2a: Amoonguss|move: Taunt\n|move|p2b: Thundurus|Wildbolt Storm|p1b: Urshifu|[spread] p1a\n|-activate|p1b: Urshifu|move: Protect\n|-supereffective|p1a: Tornadus\n|-damage|p1a: Tornadus|10\/100\n|\n|upkeep\n|turn|3\n|inactive|JaySayYay has 30 seconds left.\n|\n|t:|1701022109\n|switch|p2a: Garchomp|Garchomp, L50, F|100\/100\n|move|p1b: Urshifu|Aqua Jet|p2b: Thundurus\n|-damage|p2b: Thundurus|0 fnt\n|faint|p2b: Thundurus\n|move|p1a: Tornadus|Bleakwind Storm|p2a: Garchomp\n|-damage|p2a: Garchomp|62\/100\n|\n|upkeep\n|\n|t:|1701022124\n|switch|p2b: Amoonguss|Amoonguss, L50, M, tera:Water|100\/100\n|turn|4\n|\n|t:|1701022136\n|move|p1b: Urshifu|Detect|p1b: Urshifu\n|-singleturn|p1b: Urshifu|Protect\n|move|p2b: Amoonguss|Rage Powder|p2b: Amoonguss\n|-singleturn|p2b: Amoonguss|move: Rage Powder\n|move|p1a: Tornadus|Taunt|p2b: Amoonguss\n|-start|p2b: Amoonguss|move: Taunt\n|move|p2a: Garchomp|Dragon Claw|p1a: Tornadus\n|-damage|p1a: Tornadus|0 fnt\n|-damage|p2a: Garchomp|45\/100|[from] item: Rocky Helmet|[of] p1a: Tornadus\n|faint|p1a: Tornadus\n|\n|upkeep\n|\n|t:|1701022149\n|switch|p1a: Chien-Pao|Chien-Pao, L50|100\/100\n|-ability|p1a: Chien-Pao|Sword of Ruin\n|turn|5\n|\n|t:|1701022176\n|switch|p2b: Chien-Pao|Chien-Pao, L50|100\/100\n|-ability|p2b: Chien-Pao|Sword of Ruin\n|move|p2a: Garchomp|Protect|p2a: Garchomp\n|-singleturn|p2a: Garchomp|Protect\n|move|p1a: Chien-Pao|Sacred Sword|p2b: Chien-Pao\n|-supereffective|p2b: Chien-Pao\n|-enditem|p2b: Chien-Pao|Focus Sash\n|-damage|p2b: Chien-Pao|1\/100\n|-damage|p1a: Chien-Pao|91\/100|[from] item: Life Orb\n|move|p1b: Urshifu|Surging Strikes|p2a: Garchomp\n|-crit|p2a: Garchomp\n|-damage|p2a: Garchomp|16\/100\n|-damage|p1b: Urshifu|88\/100|[from] ability: Rough Skin|[of] p2a: Garchomp\n|-crit|p2a: Garchomp\n|-damage|p2a: Garchomp|0 fnt\n|-damage|p1b: Urshifu|76\/100|[from] ability: Rough Skin|[of] p2a: Garchomp\n|faint|p2a: Garchomp\n|-hitcount|p2: Garchomp|2\n|\n|upkeep\n|\n|t:|1701022196\n|switch|p2a: Amoonguss|Amoonguss, L50, M, tera:Water|100\/100\n|turn|6\n|\n|t:|1701022209\n|move|p1a: Chien-Pao|Protect|p1a: Chien-Pao\n|-singleturn|p1a: Chien-Pao|Protect\n|move|p2a: Amoonguss|Rage Powder|p2a: Amoonguss\n|-singleturn|p2a: Amoonguss|move: Rage Powder\n|move|p2b: Chien-Pao|Icicle Crash|p1b: Urshifu|[miss]\n|-miss|p2b: Chien-Pao|p1b: Urshifu\n|move|p1b: Urshifu|Close Combat|p2a: Amoonguss\n|-damage|p2a: Amoonguss|28\/100\n|-unboost|p1b: Urshifu|def|1\n|-unboost|p1b: Urshifu|spd|1\n|-damage|p1b: Urshifu|59\/100|[from] item: Rocky Helmet|[of] p2a: Amoonguss\n|\n|upkeep\n|turn|7\n|\n|t:|1701022233\n|move|p1b: Urshifu|Detect|p1b: Urshifu\n|-singleturn|p1b: Urshifu|Protect\n|move|p2a: Amoonguss|Rage Powder|p2a: Amoonguss\n|-singleturn|p2a: Amoonguss|move: Rage Powder\n|move|p1a: Chien-Pao|Sacred Sword|p2a: Amoonguss\n|-damage|p2a: Amoonguss|0 fnt\n|-damage|p1a: Chien-Pao|75\/100|[from] item: Rocky Helmet|[of] p2a: Amoonguss\n|faint|p2a: Amoonguss\n|-damage|p1a: Chien-Pao|65\/100|[from] item: Life Orb\n|move|p2b: Chien-Pao|Sacred Sword|p1a: Chien-Pao\n|-supereffective|p1a: Chien-Pao\n|-damage|p1a: Chien-Pao|0 fnt\n|faint|p1a: Chien-Pao\n|\n|upkeep\n|\n|t:|1701022246\n|switch|p1a: Arcanine|Arcanine-Hisui, L50, M|100\/100\n|-ability|p1a: Arcanine|Intimidate|boost\n|-unboost|p2b: Chien-Pao|atk|1\n|turn|8\n|\n|t:|1701022252\n|-terastallize|p1b: Urshifu|Water\n|move|p1a: Arcanine|Extreme Speed|p2b: Chien-Pao\n|-crit|p2b: Chien-Pao\n|-damage|p2b: Chien-Pao|0 fnt\n|faint|p2b: Chien-Pao\n|\n|win|JaySayYay\n|raw|JaySayYay's rating: 1212 &rarr; <strong>1238<\/strong><br \/>(+26 for winning)\n|raw|Zemigas2004's rating: 1219 &rarr; <strong>1193<\/strong><br \/>(-26 for losing)\n","uploadtime":1701022257,"views":4,"p1id":"jaysayyay","p2id":"zemigas2004","formatid":"gen9vgc2023regulatione","rating":1193,"private":0,"password":""}