{"id":"gen9vgc2023regulatione-1988609700","p1":"NekrosM0S","p2":"Ccncmxnsndh","format":"[Gen 9] VGC 2023 Regulation E","log":"|j|\u2606NekrosM0S\n|j|\u2606Ccncmxnsndh\n|t:|1699741612\n|gametype|doubles\n|player|p1|NekrosM0S|colress|1169\n|player|p2|Ccncmxnsndh|169|1068\n|teamsize|p1|6\n|teamsize|p2|6\n|gen|9\n|tier|[Gen 9] VGC 2023 Regulation E\n|rated|\n|rule|Species Clause: Limit one of each Pok\u00e9mon\n|rule|Item Clause: Limit one of each item\n|clearpoke\n|poke|p1|Iron Moth, L50|\n|poke|p1|Flutter Mane, L50|\n|poke|p1|Iron Hands, L50|\n|poke|p1|Landorus-Therian, L50, M|\n|poke|p1|Ogerpon-Cornerstone, L50, F|\n|poke|p1|Gholdengo, L50|\n|poke|p2|Murkrow, L50, M|\n|poke|p2|Heatran, L50, F|\n|poke|p2|Sinistcha, L50|\n|poke|p2|Landorus-Therian, L50, M|\n|poke|p2|Chi-Yu, L50|\n|poke|p2|Iron Bundle, L50|\n|teampreview|4\nNekrosM0S has agreed to open team sheets.\n|\n|t:|1699741646\n|start\n|switch|p1a: Iron Moth|Iron Moth, L50, shiny|100\/100\n|switch|p1b: Flutter Mane|Flutter Mane, L50, shiny|100\/100\n|switch|p2a: Heatran|Heatran, L50, F, shiny|100\/100\n|switch|p2b: Landorus|Landorus-Therian, L50, M, shiny|100\/100\n|-ability|p2b: Landorus|Intimidate|boost\n|-unboost|p1a: Iron Moth|atk|1\n|-unboost|p1b: Flutter Mane|atk|1\n|-enditem|p1a: Iron Moth|Booster Energy\n|-activate|p1a: Iron Moth|ability: Quark Drive|[fromitem]\n|-start|p1a: Iron Moth|quarkdrivespe\n|turn|1\n|\n|t:|1699741677\n|-end|p1a: Iron Moth|Quark Drive|[silent]\n|switch|p1a: Landorus|Landorus-Therian, L50, M|100\/100\n|-ability|p1a: Landorus|Intimidate|boost\n|-unboost|p2a: Heatran|atk|1\n|-unboost|p2b: Landorus|atk|1\n|move|p2b: Landorus|Stomping Tantrum|p1a: Landorus\n|-immune|p1a: Landorus\n|move|p1b: Flutter Mane|Power Gem|p2a: Heatran\n|-damage|p2a: Heatran|65\/100\n|move|p2a: Heatran|Heavy Slam|p1b: Flutter Mane\n|-supereffective|p1b: Flutter Mane\n|-damage|p1b: Flutter Mane|15\/100\n|\n|-heal|p2a: Heatran|71\/100|[from] item: Leftovers\n|upkeep\n|turn|2\n|\n|t:|1699741696\n|-end|p1b: Flutter Mane|Protosynthesis|[silent]\n|switch|p1b: Iron Hands|Iron Hands, L50, shiny|100\/100\n|switch|p2a: Sinistcha|Sinistcha, L50|100\/100\n|move|p2b: Landorus|Stomping Tantrum|p1b: Iron Hands\n|-supereffective|p1b: Iron Hands\n|-damage|p1b: Iron Hands|19\/100\n|move|p1a: Landorus|Stomping Tantrum|p2a: Sinistcha\n|-resisted|p2a: Sinistcha\n|-damage|p2a: Sinistcha|81\/100\n|\n|upkeep\n|turn|3\n|\n|t:|1699741726\n|switch|p1a: Iron Moth|Iron Moth, L50, shiny|100\/100\n|move|p1b: Iron Hands|Fake Out|p2b: Landorus\n|-damage|p2b: Landorus|85\/100\n|move|p2a: Sinistcha|Rage Powder|p2a: Sinistcha\n|-singleturn|p2a: Sinistcha|move: Rage Powder\n|cant|p2b: Landorus|flinch\n|\n|upkeep\n|turn|4\n|\n|t:|1699741756\n|switch|p2a: Heatran|Heatran, L50, F, shiny|71\/100\n|-terastallize|p1a: Iron Moth|Grass\n|move|p2b: Landorus|Stomping Tantrum|p1b: Iron Hands\n|-supereffective|p1b: Iron Hands\n|-damage|p1b: Iron Hands|0 fnt\n|faint|p1b: Iron Hands\n|-end|p1b: Iron Hands|Quark Drive|[silent]\n|move|p1a: Iron Moth|Acid Spray|p2a: Heatran\n|-immune|p2a: Heatran\n|\n|-heal|p2a: Heatran|78\/100|[from] item: Leftovers\n|upkeep\n|\n|t:|1699741768\n|switch|p1b: Landorus|Landorus-Therian, L50, M|100\/100\n|-ability|p1b: Landorus|Intimidate|boost\n|-unboost|p2a: Heatran|atk|1\n|-unboost|p2b: Landorus|atk|1\n|turn|5\n|\n|t:|1699741777\n|switch|p2b: Sinistcha|Sinistcha, L50|81\/100\n|-heal|p2a: Heatran|100\/100|[from] ability: Hospitality|[of] p2b: Sinistcha\n|move|p2a: Heatran|Protect|p2a: Heatran\n|-singleturn|p2a: Heatran|Protect\n|move|p1b: Landorus|Stomping Tantrum|p2a: Heatran\n|-activate|p2a: Heatran|move: Protect\n|move|p1a: Iron Moth|Heat Wave|p2b: Sinistcha|[spread] p2b\n|-activate|p2a: Heatran|move: Protect\n|-supereffective|p2b: Sinistcha\n|-damage|p2b: Sinistcha|0 fnt\n|faint|p2b: Sinistcha\n|\n|upkeep\n|\n|t:|1699741792\n|switch|p2b: Landorus|Landorus-Therian, L50, M, shiny|85\/100\n|-ability|p2b: Landorus|Intimidate|boost\n|-unboost|p1a: Iron Moth|atk|1\n|-unboost|p1b: Landorus|atk|1\n|turn|6\n|\n|t:|1699741799\n|-terastallize|p2a: Heatran|Grass\n|move|p1b: Landorus|Stomping Tantrum|p2a: Heatran\n|-resisted|p2a: Heatran\n|-damage|p2a: Heatran|91\/100\n|move|p2b: Landorus|Rock Slide|p1b: Landorus|[spread] p1a,p1b\n|-damage|p1a: Iron Moth|69\/100\n|-damage|p1b: Landorus|74\/100\n|move|p1a: Iron Moth|Energy Ball|p2b: Landorus\n|-damage|p2b: Landorus|20\/100\n|move|p2a: Heatran|Fire Blast|p1a: Iron Moth|[miss]\n|-miss|p2a: Heatran|p1a: Iron Moth\n|\n|-heal|p2a: Heatran|97\/100|[from] item: Leftovers\n|upkeep\n|turn|7\n|\n|t:|1699741827\n|switch|p2b: Chi-Yu|Chi-Yu, L50|100\/100\n|-ability|p2b: Chi-Yu|Beads of Ruin\n|switch|p1b: Flutter Mane|Flutter Mane, L50, shiny|15\/100\n|move|p1a: Iron Moth|Energy Ball|p2b: Chi-Yu\n|-resisted|p2b: Chi-Yu\n|-damage|p2b: Chi-Yu|78\/100\n|move|p2a: Heatran|Fire Blast|p1a: Iron Moth\n|-supereffective|p1a: Iron Moth\n|-damage|p1a: Iron Moth|0 fnt\n|faint|p1a: Iron Moth\n|-end|p1a: Iron Moth|Quark Drive|[silent]\n|\n|-heal|p2a: Heatran|100\/100|[from] item: Leftovers\n|upkeep\n|\n|t:|1699741841\n|switch|p1a: Landorus|Landorus-Therian, L50, M|74\/100\n|-ability|p1a: Landorus|Intimidate|boost\n|-unboost|p2a: Heatran|atk|1\n|-unboost|p2b: Chi-Yu|atk|1\n|turn|8\n|\n|t:|1699741857\n|move|p1a: Landorus|Rock Slide|p2a: Heatran|[spread] p2a,p2b\n|-supereffective|p2b: Chi-Yu\n|-damage|p2a: Heatran|85\/100\n|-damage|p2b: Chi-Yu|29\/100\n|move|p1b: Flutter Mane|Dazzling Gleam|p2a: Heatran|[spread] p2a,p2b\n|-damage|p2a: Heatran|36\/100\n|-damage|p2b: Chi-Yu|0 fnt\n|faint|p2b: Chi-Yu\n|cant|p2a: Heatran|flinch\n|\n|-heal|p2a: Heatran|42\/100|[from] item: Leftovers\n|upkeep\n|\n|t:|1699741866\n|switch|p2b: Landorus|Landorus-Therian, L50, M, shiny|20\/100\n|-ability|p2b: Landorus|Intimidate|boost\n|-unboost|p1a: Landorus|atk|1\n|-unboost|p1b: Flutter Mane|atk|1\n|turn|9\n|\n|t:|1699741874\n|move|p1a: Landorus|Rock Slide|p2b: Landorus|[spread] p2a,p2b\n|-damage|p2a: Heatran|31\/100\n|-damage|p2b: Landorus|3\/100\n|cant|p2b: Landorus|flinch\n|move|p1b: Flutter Mane|Dazzling Gleam|p2b: Landorus|[spread] p2a,p2b\n|-damage|p2a: Heatran|0 fnt\n|-damage|p2b: Landorus|0 fnt\n|faint|p2a: Heatran\n|faint|p2b: Landorus\n|\n|win|NekrosM0S\n|raw|NekrosM0S's rating: 1169 &rarr; <strong>1187<\/strong><br \/>(+18 for winning)\n|raw|Ccncmxnsndh's rating: 1068 &rarr; <strong>1054<\/strong><br \/>(-14 for losing)\n","uploadtime":1699741902,"views":11,"p1id":"nekrosm0s","p2id":"ccncmxnsndh","formatid":"gen9vgc2023regulatione","rating":1054,"private":0,"password":""}