{"id":"gen9vgc2023regulatione-2000236903","p1":"humanbacon","p2":"Snackboy44","format":"[Gen 9] VGC 2023 Regulation E","log":"|j|\u2606humanbacon\n|j|\u2606Snackboy44\n|t:|1701175959\n|gametype|doubles\n|player|p1|humanbacon|benga|1425\n|player|p2|Snackboy44|red|1373\n|teamsize|p1|6\n|teamsize|p2|6\n|gen|9\n|tier|[Gen 9] VGC 2023 Regulation E\n|rated|\n|rule|Species Clause: Limit one of each Pok\u00e9mon\n|rule|Item Clause: Limit one of each item\n|clearpoke\n|poke|p1|Clodsire, L50, F|\n|poke|p1|Flutter Mane, L50|\n|poke|p1|Chien-Pao, L50|\n|poke|p1|Arcanine, L50, F|\n|poke|p1|Crawdaunt, L50, F|\n|poke|p1|Amoonguss, L50, F|\n|poke|p2|Gholdengo, L50|\n|poke|p2|Iron Hands, L50|\n|poke|p2|Amoonguss, L50, F|\n|poke|p2|Iron Bundle, L50|\n|poke|p2|Pelipper, L50, F|\n|poke|p2|Salamence, L50, F|\n|teampreview|4\n|inactive|Battle timer is ON: inactive players will automatically lose when time's up. (requested by Snackboy44)\nhumanbacon has agreed to open team sheets.\nSnackboy44 has agreed to open team sheets.\n|inactive|Snackboy44 has 30 seconds left.\n|\n|t:|1701176007\n|start\n|switch|p1a: Flutter Mane|Flutter Mane, L50|100\/100\n|switch|p1b: Arcanine|Arcanine, L50, F|100\/100\n|switch|p2a: Iron Hands|Iron Hands, L50|100\/100\n|switch|p2b: Gholdengo|Gholdengo, L50|100\/100\n|-ability|p1b: Arcanine|Intimidate|boost\n|-unboost|p2a: Iron Hands|atk|1\n|-unboost|p2b: Gholdengo|atk|1\n|-enditem|p1a: Flutter Mane|Booster Energy\n|-activate|p1a: Flutter Mane|ability: Protosynthesis|[fromitem]\n|-start|p1a: Flutter Mane|protosynthesisspe\n|turn|1\n|inactive|humanbacon has 30 seconds left.\n|inactive|Snackboy44 has 30 seconds left.\n|\n|t:|1701176034\n|move|p2b: Gholdengo|Protect|p2b: Gholdengo\n|-singleturn|p2b: Gholdengo|Protect\n|move|p1a: Flutter Mane|Moonblast|p2b: Gholdengo\n|-activate|p2b: Gholdengo|move: Protect\n|move|p1b: Arcanine|Will-O-Wisp|p2a: Iron Hands\n|-status|p2a: Iron Hands|brn\n|move|p2a: Iron Hands|Heavy Slam|p1a: Flutter Mane\n|-supereffective|p1a: Flutter Mane\n|-damage|p1a: Flutter Mane|47\/100\n|\n|-damage|p2a: Iron Hands|94\/100 brn|[from] brn\n|upkeep\n|turn|2\n|inactive|Snackboy44 has 30 seconds left.\n|inactive|Snackboy44 has 20 seconds left.\n|inactive|Snackboy44 has 15 seconds left.\n|inactive|Snackboy44 has 10 seconds left.\n|\n|t:|1701176081\n|-end|p1a: Flutter Mane|Protosynthesis|[silent]\n|switch|p1a: Clodsire|Clodsire, L50, F|100\/100\n|switch|p2b: Iron Bundle|Iron Bundle, L50|100\/100\n|-enditem|p2b: Iron Bundle|Booster Energy\n|-activate|p2b: Iron Bundle|ability: Quark Drive|[fromitem]\n|-start|p2b: Iron Bundle|quarkdrivespe\n|move|p1b: Arcanine|Snarl|p2a: Iron Hands|[spread] p2a,p2b\n|-resisted|p2a: Iron Hands\n|-damage|p2a: Iron Hands|92\/100 brn\n|-damage|p2b: Iron Bundle|87\/100\n|-unboost|p2a: Iron Hands|spa|1\n|-unboost|p2b: Iron Bundle|spa|1\n|move|p2a: Iron Hands|Heavy Slam|p1a: Clodsire\n|-damage|p1a: Clodsire|96\/100\n|\n|-heal|p1a: Clodsire|100\/100|[from] item: Leftovers\n|-damage|p2a: Iron Hands|85\/100 brn|[from] brn\n|upkeep\n|turn|3\n|inactive|humanbacon has 30 seconds left.\n|inactive|Snackboy44 has 30 seconds left.\n|inactive|humanbacon has 20 seconds left.\n|inactive|humanbacon has 15 seconds left.\n|inactive|humanbacon has 10 seconds left.\n|\n|t:|1701176127\n|-end|p2a: Iron Hands|Quark Drive|[silent]\n|switch|p2a: Gholdengo|Gholdengo, L50|100\/100\n|move|p2b: Iron Bundle|Freeze-Dry|p1a: Clodsire\n|-supereffective|p1a: Clodsire\n|-damage|p1a: Clodsire|68\/100\n|move|p1b: Arcanine|Flamethrower|p2b: Iron Bundle\n|-crit|p2b: Iron Bundle\n|-damage|p2b: Iron Bundle|26\/100\n|move|p1a: Clodsire|Curse|p1a: Clodsire\n|-unboost|p1a: Clodsire|spe|1\n|-boost|p1a: Clodsire|atk|1\n|-boost|p1a: Clodsire|def|1\n|\n|-heal|p1a: Clodsire|75\/100|[from] item: Leftovers\n|upkeep\n|turn|4\n|inactive|Snackboy44 has 30 seconds left.\n|\n|t:|1701176153\n|switch|p2a: Salamence|Salamence, L50, F|100\/100\n|-ability|p2a: Salamence|Intimidate|boost\n|-unboost|p1a: Clodsire|atk|1\n|-unboost|p1b: Arcanine|atk|1\n|-terastallize|p1a: Clodsire|Fire\n|move|p2b: Iron Bundle|Hydro Pump|p1b: Arcanine\n|-supereffective|p1b: Arcanine\n|-damage|p1b: Arcanine|40\/100\n|move|p1b: Arcanine|Snarl|p2b: Iron Bundle|[spread] p2a,p2b\n|-damage|p2a: Salamence|89\/100\n|-damage|p2b: Iron Bundle|11\/100\n|-unboost|p2a: Salamence|spa|1\n|-unboost|p2b: Iron Bundle|spa|1\n|move|p1a: Clodsire|Curse|p1a: Clodsire\n|-unboost|p1a: Clodsire|spe|1\n|-boost|p1a: Clodsire|atk|1\n|-boost|p1a: Clodsire|def|1\n|\n|-heal|p1a: Clodsire|81\/100|[from] item: Leftovers\n|upkeep\n|turn|5\n|inactive|humanbacon has 30 seconds left.\n|inactive|humanbacon has 20 seconds left.\n|\n|t:|1701176190\n|switch|p1b: Flutter Mane|Flutter Mane, L50|47\/100\n|move|p2b: Iron Bundle|Hydro Pump|p1b: Flutter Mane|[miss]\n|-miss|p2b: Iron Bundle|p1b: Flutter Mane\n|move|p2a: Salamence|Tailwind|p2a: Salamence\n|-sidestart|p2: Snackboy44|move: Tailwind\n|move|p1a: Clodsire|Curse|p1a: Clodsire\n|-unboost|p1a: Clodsire|spe|1\n|-boost|p1a: Clodsire|atk|1\n|-boost|p1a: Clodsire|def|1\n|\n|-heal|p1a: Clodsire|87\/100|[from] item: Leftovers\n|upkeep\n|turn|6\n|\n|t:|1701176211\n|-end|p2b: Iron Bundle|Quark Drive|[silent]\n|switch|p2b: Iron Hands|Iron Hands, L50|85\/100 brn\n|switch|p2a: Gholdengo|Gholdengo, L50|100\/100\n|move|p1b: Flutter Mane|Shadow Ball|p2a: Gholdengo\n|-supereffective|p2a: Gholdengo\n|-damage|p2a: Gholdengo|17\/100\n|move|p1a: Clodsire|Stomping Tantrum|p2a: Gholdengo\n|-supereffective|p2a: Gholdengo\n|-damage|p2a: Gholdengo|0 fnt\n|faint|p2a: Gholdengo\n|\n|-heal|p1a: Clodsire|93\/100|[from] item: Leftovers\n|-damage|p2b: Iron Hands|79\/100 brn|[from] brn\n|upkeep\n|\n|t:|1701176221\n|switch|p2a: Salamence|Salamence, L50, F|89\/100\n|-ability|p2a: Salamence|Intimidate|boost\n|-unboost|p1a: Clodsire|atk|1\n|-unboost|p1b: Flutter Mane|atk|1\n|turn|7\n|\n|t:|1701176240\n|move|p2b: Iron Hands|Fake Out|p1a: Clodsire\n|-damage|p1a: Clodsire|90\/100\n|move|p2a: Salamence|Air Slash|p1b: Flutter Mane\n|-damage|p1b: Flutter Mane|13\/100\n|cant|p1b: Flutter Mane|flinch\n|cant|p1a: Clodsire|flinch\n|\n|-heal|p1a: Clodsire|96\/100|[from] item: Leftovers\n|-damage|p2b: Iron Hands|73\/100 brn|[from] brn\n|upkeep\n|turn|8\n|inactive|humanbacon has 30 seconds left.\n|\n|t:|1701176272\n|move|p1b: Flutter Mane|Protect|p1b: Flutter Mane\n|-singleturn|p1b: Flutter Mane|Protect\n|move|p2a: Salamence|Air Slash|p1b: Flutter Mane\n|-activate|p1b: Flutter Mane|move: Protect\n|move|p2b: Iron Hands|Wild Charge|p1a: Clodsire\n|-damage|p1a: Clodsire|88\/100\n|-damage|p2b: Iron Hands|71\/100 brn|[from] Recoil\n|move|p1a: Clodsire|Stomping Tantrum|p2b: Iron Hands\n|-supereffective|p2b: Iron Hands\n|-damage|p2b: Iron Hands|0 fnt\n|faint|p2b: Iron Hands\n|-end|p2b: Iron Hands|Quark Drive|[silent]\n|\n|-heal|p1a: Clodsire|94\/100|[from] item: Leftovers\n|-sideend|p2: Snackboy44|move: Tailwind\n|upkeep\n|\n|t:|1701176281\n|switch|p2b: Iron Bundle|Iron Bundle, L50|11\/100\n|turn|9\n|\n|t:|1701176298\n|-end|p1b: Flutter Mane|Protosynthesis|[silent]\n|switch|p1b: Chien-Pao|Chien-Pao, L50|100\/100\n|-ability|p1b: Chien-Pao|Sword of Ruin\n|-terastallize|p2a: Salamence|Flying\n|move|p2a: Salamence|Air Slash|p1a: Clodsire\n|-damage|p1a: Clodsire|59\/100\n|move|p2b: Iron Bundle|Icy Wind|p1b: Chien-Pao|[spread] p1a\n|-miss|p2b: Iron Bundle|p1b: Chien-Pao\n|-resisted|p1a: Clodsire\n|-damage|p1a: Clodsire|52\/100\n|-unboost|p1a: Clodsire|spe|1\n|move|p1a: Clodsire|Poison Jab|p2a: Salamence\n|-damage|p2a: Salamence|19\/100\n|\n|-heal|p1a: Clodsire|58\/100|[from] item: Leftovers\n|upkeep\n|turn|10\n|-message|Snackboy44 forfeited.\n|\n|win|humanbacon\n|raw|humanbacon's rating: 1425 &rarr; <strong>1442<\/strong><br \/>(+17 for winning)\n|raw|Snackboy44's rating: 1373 &rarr; <strong>1356<\/strong><br \/>(-17 for losing)\n|l|\u2606Snackboy44\n","uploadtime":1701176320,"views":15,"p1id":"humanbacon","p2id":"snackboy44","formatid":"gen9vgc2023regulatione","rating":1356,"private":0,"password":""}