{"id":"gen9vgc2023regulatione-1999376680","p1":"Mirai_Burai","p2":"Mallow_sux","format":"[Gen 9] VGC 2023 Regulation E","log":"|j|\u2606Mirai_Burai\n|j|\u2606Mallow_sux\n|n|\u2606Mirai_Burai|miraiburai\n|n|\u2606Mallow_sux|mallowsux\n|html|View the match progress at <a href=\"\/game-bestof3-gen9vgc2023regulatione-1999374459\">game-bestof3-gen9vgc2023regulatione-1999374459<\/a>\n|t:|1701069739\n|gametype|doubles\n|player|p1|Mirai_Burai|skyla|\n|player|p2|Mallow_sux|shauntal|\n|teamsize|p1|6\n|teamsize|p2|6\n|gen|9\n|tier|[Gen 9] VGC 2023 Regulation E\n|rule|Species Clause: Limit one of each Pok\u00e9mon\n|rule|Item Clause: Limit one of each item\n|clearpoke\n|poke|p1|Empoleon, L50, M|\n|poke|p1|Tornadus, L50, M|\n|poke|p1|Ninetales-Alola, L50, F|\n|poke|p1|Sinistcha, L50|\n|poke|p1|Okidogi, L50, M|\n|poke|p1|Urshifu-*, L50, F|\n|poke|p2|Iron Bundle, L50|\n|poke|p2|Tornadus, L50, M|\n|poke|p2|Flutter Mane, L50|\n|poke|p2|Ogerpon-Hearthflame, L50, F|\n|poke|p2|Rillaboom, L50, M|\n|poke|p2|Chi-Yu, L50|\n|teampreview|4\n|\n|t:|1701069806\n|start\n|switch|p1a: Ninetales|Ninetales-Alola, L50, F, shiny|100\/100\n|switch|p1b: Empoleon|Empoleon, L50, M|100\/100\n|switch|p2a: Tornadus|Tornadus, L50, M|100\/100\n|switch|p2b: Flutter Mane|Flutter Mane, L50|100\/100\n|-weather|Snow|[from] ability: Snow Warning|[of] p1a: Ninetales\n|turn|1\n|\n|t:|1701069835\n|-end|p2b: Flutter Mane|Protosynthesis|[silent]\n|switch|p2b: Ogerpon|Ogerpon-Hearthflame, L50, F|100\/100\n|-ability|p2b: Ogerpon|Mold Breaker\n|move|p2a: Tornadus|Sunny Day|p2a: Tornadus\n|-weather|SunnyDay\n|move|p1a: Ninetales|Blizzard|p2b: Ogerpon|[spread] p2a,p2b\n|-supereffective|p2a: Tornadus\n|-damage|p2a: Tornadus|50\/100\n|-damage|p2b: Ogerpon|75\/100\n|move|p1b: Empoleon|Blizzard|p2a: Tornadus|[spread] p2b\n|-miss|p1b: Empoleon|p2a: Tornadus\n|-damage|p2b: Ogerpon|46\/100\n|\n|-weather|SunnyDay|[upkeep]\n|upkeep\n|turn|2\n|\n|t:|1701069863\n|move|p1a: Ninetales|Protect|p1a: Ninetales\n|-singleturn|p1a: Ninetales|Protect\n|move|p2a: Tornadus|Tailwind|p2a: Tornadus\n|-sidestart|p2: Mallow_sux|move: Tailwind\n|move|p1b: Empoleon|Vacuum Wave|p2b: Ogerpon\n|-damage|p2b: Ogerpon|32\/100\n|move|p2b: Ogerpon|Ivy Cudgel|p1b: Empoleon|[anim] Ivy Cudgel Fire\n|-damage|p1b: Empoleon|4\/100\n|\n|-weather|SunnyDay|[upkeep]\n|upkeep\n|turn|3\n|\n|t:|1701069908\n|switch|p1b: Okidogi|Okidogi, L50, M|100\/100\n|move|p2a: Tornadus|Taunt|p1a: Ninetales\n|-start|p1a: Ninetales|move: Taunt\n|move|p2b: Ogerpon|Grassy Glide|p1b: Okidogi\n|-resisted|p1b: Okidogi\n|-damage|p1b: Okidogi|86\/100\n|move|p1a: Ninetales|Blizzard|p2b: Ogerpon|[spread] p2a,p2b\n|-supereffective|p2a: Tornadus\n|-damage|p2a: Tornadus|0 fnt\n|-damage|p2b: Ogerpon|4\/100\n|faint|p2a: Tornadus\n|\n|-weather|SunnyDay|[upkeep]\n|-heal|p1b: Okidogi|93\/100|[from] item: Leftovers\n|upkeep\n|\n|t:|1701069934\n|switch|p2a: Chi-Yu|Chi-Yu, L50|100\/100\n|-ability|p2a: Chi-Yu|Beads of Ruin\n|turn|4\n|\n|t:|1701069966\n|move|p2a: Chi-Yu|Heat Wave|p1b: Okidogi|[spread] p1a,p1b\n|-supereffective|p1a: Ninetales\n|-damage|p1a: Ninetales|0 fnt\n|-damage|p1b: Okidogi|0 fnt\n|faint|p1a: Ninetales\n|faint|p1b: Okidogi\n|move|p2b: Ogerpon|Ivy Cudgel|p1: Ninetales|[notarget]\n|-fail|p2b: Ogerpon\n|\n|-weather|SunnyDay|[upkeep]\n|upkeep\n|\n|t:|1701069978\n|switch|p1a: Urshifu|Urshifu, L50, F|100\/100\n|switch|p1b: Empoleon|Empoleon, L50, M|4\/100\n|turn|5\n|\n|t:|1701069993\n|move|p2b: Ogerpon|Spiky Shield|p2b: Ogerpon\n|-singleturn|p2b: Ogerpon|move: Protect\n|move|p1b: Empoleon|Vacuum Wave|p2b: Ogerpon\n|-activate|p2b: Ogerpon|move: Protect\n|move|p2a: Chi-Yu|Heat Wave|p1a: Urshifu|[spread] p1a,p1b\n|-damage|p1a: Urshifu|0 fnt\n|-damage|p1b: Empoleon|0 fnt\n|faint|p1a: Urshifu\n|faint|p1b: Empoleon\n|\n|win|Mallow_sux\n","uploadtime":1701070005,"views":3,"p1id":"miraiburai","p2id":"mallowsux","formatid":"gen9vgc2023regulatione","rating":0,"private":0,"password":""}