{"id":"gen9vgc2023regulatione-1996927970","p1":"ForthememesVGC","p2":"Fortune Meow","format":"[Gen 9] VGC 2023 Regulation E","log":"|j|\u2606ForthememesVGC\n|j|\u2606Fortune Meow\n|n|\u2606ForthememesVGC|forthememesvgc\n|n|\u2606Fortune Meow|fortunemeow\n|html|View the match progress at <a href=\"\/game-bestof3-gen9vgc2023regulatione-1996927969\">game-bestof3-gen9vgc2023regulatione-1996927969<\/a>\n|t:|1700745932\n|gametype|doubles\n|player|p1|ForthememesVGC|266|\n|player|p2|Fortune Meow|burglar|\n|teamsize|p1|6\n|teamsize|p2|6\n|gen|9\n|tier|[Gen 9] VGC 2023 Regulation E\n|rule|Species Clause: Limit one of each Pok\u00e9mon\n|rule|Item Clause: Limit one of each item\n|clearpoke\n|poke|p1|Gholdengo, L50|\n|poke|p1|Urshifu-*, L50, F|\n|poke|p1|Tornadus, L50, M|\n|poke|p1|Arcanine-Hisui, L50, F|\n|poke|p1|Iron Hands, L50|\n|poke|p1|Farigiraf, L50, F|\n|poke|p2|Iron Hands, L50|\n|poke|p2|Sinistcha, L50|\n|poke|p2|Weezing, L50, M|\n|poke|p2|Roaring Moon, L50|\n|poke|p2|Spectrier, L50|\n|poke|p2|Flutter Mane, L50|\n|teampreview|4\n|inactive|Battle timer is ON: inactive players will automatically lose when time's up. (requested by Fortune Meow)\n|c|\u2606ForthememesVGC|man\n|c|\u2606ForthememesVGC|ch\u1ebft t\n|c|\u2606Fortune Meow|H\u1eedm?\n|c|\u2606Fortune Meow|T t\u1eadp chs weezing\n|inactive|Fortune Meow has 60 seconds left.\n|\n|t:|1700745966\n|start\n|switch|p1a: RK9|Arcanine-Hisui, L50, F|100\/100\n|switch|p1b: gotta go fast|Tornadus, L50, M|100\/100\n|switch|p2a: Spectrier|Spectrier, L50|100\/100\n|switch|p2b: Weezing|Weezing, L50, M|100\/100\n|-ability|p2b: Weezing|Neutralizing Gas\n|turn|1\n|c|\u2606ForthememesVGC|match-up nh\u01b0 onixx\n|\n|t:|1700745982\n|move|p2b: Weezing|Protect|p2b: Weezing\n|-singleturn|p2b: Weezing|Protect\n|move|p2a: Spectrier|Taunt|p1b: gotta go fast\n|-start|p1b: gotta go fast|move: Taunt\n|move|p1a: RK9|Flare Blitz|p2b: Weezing\n|-activate|p2b: Weezing|move: Protect\n|move|p1b: gotta go fast|Bleakwind Storm|p2a: Spectrier|[spread] p2a\n|-activate|p2b: Weezing|move: Protect\n|-damage|p2a: Spectrier|72\/100\n|\n|upkeep\n|turn|2\n|\n|t:|1700745996\n|switch|p1b: bearly correct|Urshifu-Rapid-Strike, L50, F|100\/100\n|-end|p2b: Weezing|ability: Neutralizing Gas\n|-ability|p1a: RK9|Intimidate|boost\n|-unboost|p2a: Spectrier|atk|1\n|-unboost|p2b: Weezing|atk|1\n|switch|p2b: Iron Hands|Iron Hands, L50|100\/100\n|move|p2a: Spectrier|Snarl|p1b: bearly correct|[spread] p1a,p1b\n|-resisted|p1b: bearly correct\n|-damage|p1a: RK9|84\/100\n|-damage|p1b: bearly correct|90\/100\n|-unboost|p1a: RK9|spa|1\n|-unboost|p1b: bearly correct|spa|1\n|move|p1a: RK9|Flare Blitz|p2b: Iron Hands\n|-damage|p2b: Iron Hands|44\/100\n|-damage|p1a: RK9|59\/100|[from] Recoil\n|\n|upkeep\n|turn|3\n|c|\u2606ForthememesVGC|t ng\u1ed3i l\u00e0m kh\u00f9ng l\u00e0m \u0111i\u00ean \u0111\u00e2y\n|c|\u2606ForthememesVGC|=)))))))))\n|c|\u2606ForthememesVGC|holy-\n|\n|t:|1700746016\n|switch|p1b: gotta go fast|Tornadus, L50, M|100\/100\n|switch|p1a: Elon Musk|Gholdengo, L50|100\/100\n|move|p2b: Iron Hands|Fake Out|p1a: Elon Musk\n|-immune|p1a: Elon Musk\n|move|p2a: Spectrier|Will-O-Wisp|p1b: gotta go fast\n|-status|p1b: gotta go fast|brn\n|\n|-damage|p1b: gotta go fast|95\/100 brn|[from] brn\n|upkeep\n|turn|4\n|\n|t:|1700746037\n|switch|p1b: bearly correct|Urshifu-Rapid-Strike, L50, F|90\/100\n|-end|p2b: Iron Hands|Quark Drive|[silent]\n|switch|p2b: Weezing|Weezing, L50, M|100\/100\n|-ability|p2b: Weezing|Neutralizing Gas\n|move|p2a: Spectrier|Taunt|p1b: bearly correct\n|-start|p1b: bearly correct|move: Taunt\n|move|p1a: Elon Musk|Shadow Ball|p2a: Spectrier\n|-supereffective|p2a: Spectrier\n|-damage|p2a: Spectrier|0 fnt\n|faint|p2a: Spectrier\n|\n|upkeep\n|\n|t:|1700746042\n|switch|p2a: Flirt Mane|Flutter Mane, L50|100\/100\n|turn|5\n|c|\u2606ForthememesVGC|tr\u1ea3 gi\u00e1 \u0111i\n|c|\u2606ForthememesVGC|>:))))'\n|c|\u2606ForthememesVGC|\u00ea tutu\n|inactive|ForthememesVGC has 30 seconds left.\n|c|\u2606ForthememesVGC|t mu\u1ed1n test\n|\n|t:|1700746074\n|-terastallize|p1b: bearly correct|Water\n|move|p1a: Elon Musk|Protect|p1a: Elon Musk\n|-singleturn|p1a: Elon Musk|Protect\n|move|p2a: Flirt Mane|Shadow Ball|p1a: Elon Musk\n|-activate|p1a: Elon Musk|move: Protect\n|move|p1b: bearly correct|Surging Strikes|p2a: Flirt Mane\n|-crit|p2a: Flirt Mane\n|-damage|p2a: Flirt Mane|53\/100\n|-crit|p2a: Flirt Mane\n|-damage|p2a: Flirt Mane|12\/100\n|-crit|p2a: Flirt Mane\n|-damage|p2a: Flirt Mane|0 fnt\n|faint|p2a: Flirt Mane\n|-end|p2a: Flirt Mane|Protosynthesis|[silent]\n|-hitcount|p2: Flirt Mane|3\n|move|p2b: Weezing|Will-O-Wisp|p1b: bearly correct\n|-status|p1b: bearly correct|brn\n|\n|-damage|p1b: bearly correct|84\/100 brn|[from] brn\n|upkeep\n|\n|t:|1700746081\n|switch|p2a: Iron Hands|Iron Hands, L50|44\/100\n|turn|6\n|c|\u2606ForthememesVGC|oh\n|c|\u2606ForthememesVGC|ok\n|c|\u2606Fortune Meow|Bo 3 l\u00e0m l\u1ea1i\n|\n|t:|1700746099\n|-terastallize|p2a: Iron Hands|Grass\n|move|p2b: Weezing|Protect|p2b: Weezing\n|-singleturn|p2b: Weezing|Protect\n|move|p1b: bearly correct|Surging Strikes|p2a: Iron Hands\n|-resisted|p2a: Iron Hands\n|-crit|p2a: Iron Hands\n|-damage|p2a: Iron Hands|39\/100\n|-resisted|p2a: Iron Hands\n|-crit|p2a: Iron Hands\n|-damage|p2a: Iron Hands|34\/100\n|-resisted|p2a: Iron Hands\n|-crit|p2a: Iron Hands\n|-damage|p2a: Iron Hands|29\/100\n|-hitcount|p2a: Iron Hands|3\n|move|p1a: Elon Musk|Nasty Plot|p1a: Elon Musk\n|-boost|p1a: Elon Musk|spa|2\n|move|p2a: Iron Hands|Wild Charge|p1a: Elon Musk\n|-damage|p1a: Elon Musk|56\/100\n|-damage|p2a: Iron Hands|20\/100|[from] Recoil\n|\n|-damage|p1b: bearly correct|78\/100 brn|[from] brn\n|-end|p1b: bearly correct|move: Taunt\n|upkeep\n|turn|7\n|c|\u2606Fortune Meow|Bro s\u1ebd ph\u1ea3i tr\u1ea3 gi\u00e1 \u0111\u1ec3 t th\u00edch nghi\n|c|\u2606ForthememesVGC|=))))))\n|-message|Fortune Meow forfeited.\n|\n|win|ForthememesVGC\n|c|&|\/uhtml prompt-forthememesvgc,ForthememesVGC is ready for game 2!\n|c|&|\/uhtml prompt-fortunemeow,Fortune Meow is ready for game 2!\nBoth players are ready! Starting next match!\n|l|\u2606ForthememesVGC\n","uploadtime":1700746670,"views":9,"p1id":"forthememesvgc","p2id":"fortunemeow","formatid":"gen9vgc2023regulatione","rating":0,"private":0,"password":""}