{"id":"gen9vgc2023regulatione-1997866357","p1":"TonCousinKevinn","p2":"xingshen","format":"[Gen 9] VGC 2023 Regulation E","log":"|j|\u2606TonCousinKevinn\n|j|\u2606xingshen\n|t:|1700861412\n|gametype|doubles\n|player|p1|TonCousinKevinn|juan|1260\n|player|p2|xingshen|102|1153\n|teamsize|p1|6\n|teamsize|p2|6\n|gen|9\n|tier|[Gen 9] VGC 2023 Regulation E\n|rated|\n|rule|Species Clause: Limit one of each Pok\u00e9mon\n|rule|Item Clause: Limit one of each item\n|clearpoke\n|poke|p1|Armarouge, L50, M|\n|poke|p1|Indeedee-F, L50, F|\n|poke|p1|Torkoal, L50, M|\n|poke|p1|Urshifu-*, L50, M|\n|poke|p1|Ursaluna-Bloodmoon, L50, M|\n|poke|p1|Flutter Mane, L50|\n|poke|p2|Dondozo, L50, F|\n|poke|p2|Dragapult, L50, F|\n|poke|p2|Urshifu-*, L50, M|\n|poke|p2|Amoonguss, L50, F|\n|poke|p2|Tatsugiri, L50, M|\n|poke|p2|Ogerpon-Cornerstone, L50, F|\n|teampreview|4\n|\n|t:|1700861451\n|start\n|switch|p1a: Indeedee|Indeedee-F, L50, F|100\/100\n|switch|p1b: Ursaluna|Ursaluna-Bloodmoon, L50, M|100\/100\n|switch|p2a: Dondozo|Dondozo, L50, F|100\/100\n|switch|p2b: Tatsugiri|Tatsugiri, L50, M|100\/100\n|-activate|p2b: Tatsugiri|ability: Commander|[of] p2a: Dondozo\n|-boost|p2a: Dondozo|atk|2\n|-boost|p2a: Dondozo|spa|2\n|-boost|p2a: Dondozo|spe|2\n|-boost|p2a: Dondozo|def|2\n|-boost|p2a: Dondozo|spd|2\n|-fieldstart|move: Psychic Terrain|[from] ability: Psychic Surge|[of] p1a: Indeedee\n|-enditem|p1a: Indeedee|Psychic Seed\n|-boost|p1a: Indeedee|spd|1|[from] item: Psychic Seed\n|turn|1\n|\n|t:|1700861482\n|move|p1b: Ursaluna|Protect|p1b: Ursaluna\n|-singleturn|p1b: Ursaluna|Protect\n|move|p2a: Dondozo|Yawn|p1a: Indeedee\n|-start|p1a: Indeedee|move: Yawn|[of] p2a: Dondozo\n|move|p1a: Indeedee|Trick Room|p1a: Indeedee\n|-fieldstart|move: Trick Room|[of] p1a: Indeedee\n|\n|upkeep\n|turn|2\n|\n|t:|1700861522\n|move|p2a: Dondozo|Protect|p2a: Dondozo\n|-singleturn|p2a: Dondozo|Protect\n|move|p1a: Indeedee|Follow Me|p1a: Indeedee\n|-singleturn|p1a: Indeedee|move: Follow Me\n|move|p1b: Ursaluna|Blood Moon|p2a: Dondozo\n|-activate|p2a: Dondozo|move: Protect\n|\n|-end|p1a: Indeedee|move: Yawn|[silent]\n|-status|p1a: Indeedee|slp\n|upkeep\n|turn|3\n|\n|t:|1700861540\n|switch|p1a: Armarouge|Armarouge, L50, M|100\/100\n|move|p1b: Ursaluna|Protect|p1b: Ursaluna\n|-singleturn|p1b: Ursaluna|Protect\n|move|p2a: Dondozo|Wave Crash|p1b: Ursaluna\n|-activate|p1b: Ursaluna|move: Protect\n|\n|upkeep\n|turn|4\n|\n|t:|1700861563\n|-terastallize|p1b: Ursaluna|Steel\n|move|p2a: Dondozo|Protect|p2a: Dondozo\n|-singleturn|p2a: Dondozo|Protect\n|move|p1b: Ursaluna|Blood Moon|p2a: Dondozo\n|-activate|p2a: Dondozo|move: Protect\n|move|p1a: Armarouge|Expanding Force|p2b: Tatsugiri|[spread] \n|-miss|p1a: Armarouge|p2b: Tatsugiri\n|-activate|p2a: Dondozo|move: Protect\n|\n|upkeep\n|turn|5\n|\n|t:|1700861585\n|move|p1b: Ursaluna|Hyper Voice|p2a: Dondozo|[spread] p2a\n|-miss|p1b: Ursaluna|p2b: Tatsugiri\n|-damage|p2a: Dondozo|81\/100\n|-enditem|p1b: Ursaluna|Throat Spray\n|-boost|p1b: Ursaluna|spa|1|[from] item: Throat Spray\n|move|p1a: Armarouge|Expanding Force|p2b: Tatsugiri|[spread] p2a\n|-miss|p1a: Armarouge|p2b: Tatsugiri\n|-damage|p2a: Dondozo|42\/100\n|-damage|p1a: Armarouge|91\/100|[from] item: Life Orb\n|move|p2a: Dondozo|Wave Crash|p1a: Armarouge\n|-supereffective|p1a: Armarouge\n|-damage|p1a: Armarouge|0 fnt\n|faint|p1a: Armarouge\n|-damage|p2a: Dondozo|20\/100|[from] Recoil\n|\n|-fieldend|move: Trick Room\n|-fieldend|move: Psychic Terrain\n|upkeep\n|\n|t:|1700861599\n|switch|p1a: Indeedee|Indeedee-F, L50, F|100\/100 slp\n|-fieldstart|move: Psychic Terrain|[from] ability: Psychic Surge|[of] p1a: Indeedee\n|turn|6\n|\n|t:|1700861621\n|move|p2a: Dondozo|Earthquake|p1a: Indeedee|[spread] p1a,p1b\n|-miss|p2a: Dondozo|p2b: Tatsugiri\n|-supereffective|p1b: Ursaluna\n|-crit|p1b: Ursaluna\n|-damage|p1a: Indeedee|59\/100 slp\n|-damage|p1b: Ursaluna|10\/100\n|move|p1b: Ursaluna|Hyper Voice|p2a: Dondozo|[spread] p2a\n|-miss|p1b: Ursaluna|p2b: Tatsugiri\n|-damage|p2a: Dondozo|0 fnt\n|faint|p2a: Dondozo\n|cant|p1a: Indeedee|slp\n|\n|upkeep\n|\n|t:|1700861636\n|switch|p2a: Ogerpon|Ogerpon-Cornerstone, L50, F|100\/100\n|turn|7\n|\n|t:|1700861659\n|move|p1b: Ursaluna|Protect|p1b: Ursaluna\n|-singleturn|p1b: Ursaluna|Protect\n|move|p2a: Ogerpon|Knock Off|p1a: Indeedee\n|-supereffective|p1a: Indeedee\n|-damage|p1a: Indeedee|7\/100 slp\n|move|p2b: Tatsugiri|Muddy Water|p1a: Indeedee|[spread] \n|-activate|p1b: Ursaluna|move: Protect\n|-miss|p2b: Tatsugiri|p1a: Indeedee\n|cant|p1a: Indeedee|slp\n|\n|upkeep\n|turn|8\n|\n|t:|1700861685\n|move|p2a: Ogerpon|Spiky Shield|p2a: Ogerpon\n|-singleturn|p2a: Ogerpon|move: Protect\n|move|p2b: Tatsugiri|Muddy Water|p1b: Ursaluna|[spread] p1a,p1b\n|-damage|p1a: Indeedee|0 fnt\n|-damage|p1b: Ursaluna|0 fnt\n|faint|p1a: Indeedee\n|faint|p1b: Ursaluna\n|\n|upkeep\n|\n|t:|1700861693\n|switch|p1b: Torkoal|Torkoal, L50, M|100\/100\n|-weather|SunnyDay|[from] ability: Drought|[of] p1b: Torkoal\n|turn|9\n|\n|t:|1700861704\n|move|p2a: Ogerpon|Ivy Cudgel|p1b: Torkoal|[anim] Ivy Cudgel Rock\n|-supereffective|p1b: Torkoal\n|-damage|p1b: Torkoal|0 fnt\n|faint|p1b: Torkoal\n|\n|win|xingshen\n|raw|TonCousinKevinn's rating: 1260 &rarr; <strong>1228<\/strong><br \/>(-32 for losing)\n|raw|xingshen's rating: 1153 &rarr; <strong>1185<\/strong><br \/>(+32 for winning)\n","uploadtime":1700861712,"views":5,"p1id":"toncousinkevinn","p2id":"xingshen","formatid":"gen9vgc2023regulatione","rating":1185,"private":0,"password":""}