{"id":"gen9vgc2023regulatione-1993000779","p1":"kalmiau","p2":"krenitos","format":"[Gen 9] VGC 2023 Regulation E","log":"|j|\u203dkalmiau\n|j|\u2606krenitos\n|t:|1700254267\n|gametype|doubles\n|player|p1|kalmiau|170|1129\n|player|p2|krenitos|fisherman|1057\n|teamsize|p1|6\n|teamsize|p2|6\n|gen|9\n|tier|[Gen 9] VGC 2023 Regulation E\n|rated|\n|rule|Species Clause: Limit one of each Pok\u00e9mon\n|rule|Item Clause: Limit one of each item\n|clearpoke\n|poke|p1|Sylveon, L50, F|\n|poke|p1|Tsareena, L50, F|\n|poke|p1|Arcanine-Hisui, L50, M|\n|poke|p1|Milotic, L50, F|\n|poke|p1|Chien-Pao, L50|\n|poke|p1|Sableye, L50, F|\n|poke|p2|Flutter Mane, L50|\n|poke|p2|Glimmora, L50, F|\n|poke|p2|Dusclops, L50, F|\n|poke|p2|Ceruledge, L50, F|\n|poke|p2|Gyarados, L50, F|\n|poke|p2|Weezing, L50, F|\n|teampreview|4\n|inactive|Battle timer is ON: inactive players will automatically lose when time's up. (requested by krenitos)\n|inactive|kalmiau has 60 seconds left.\n|\n|t:|1700254323\n|start\n|switch|p1a: Chien-Pao|Chien-Pao, L50|100\/100\n|switch|p1b: Arcanine|Arcanine-Hisui, L50, M|100\/100\n|switch|p2a: Gyarados|Gyarados, L50, F, shiny|100\/100\n|switch|p2b: Ceruledge|Ceruledge, L50, F|100\/100\n|-ability|p1a: Chien-Pao|Sword of Ruin\n|-ability|p1b: Arcanine|Intimidate|boost\n|-unboost|p2a: Gyarados|atk|1\n|-unboost|p2b: Ceruledge|atk|1\n|-ability|p2a: Gyarados|Intimidate|boost\n|-unboost|p1a: Chien-Pao|atk|1\n|-unboost|p1b: Arcanine|atk|1\n|turn|1\n|\n|t:|1700254346\n|switch|p1a: Tsareena|Tsareena, L50, F|100\/100\n|switch|p2b: Glimmora|Glimmora, L50, F, shiny|100\/100\n|switch|p2a: Dusclops|Dusclops, L50, F|100\/100\n|-ability|p2a: Dusclops|Pressure\n|move|p1b: Arcanine|Extreme Speed|p2a: Dusclops\n|-immune|p2a: Dusclops\n|\n|upkeep\n|turn|2\n|inactive|kalmiau has 30 seconds left.\n|\n|t:|1700254378\n|move|p2b: Glimmora|Spiky Shield|p2b: Glimmora\n|-singleturn|p2b: Glimmora|move: Protect\n|move|p1b: Arcanine|Rock Slide|p2a: Dusclops|[spread] p2a\n|-activate|p2b: Glimmora|move: Protect\n|-damage|p2a: Dusclops|91\/100\n|move|p1a: Tsareena|High Jump Kick|p2b: Glimmora\n|-activate|p2b: Glimmora|move: Protect\n|-damage|p1a: Tsareena|88\/100|[from] Spiky Shield|[of] p2b: Glimmora\n|-damage|p1a: Tsareena|39\/100|[from] highjumpkick\n|-enditem|p1a: Tsareena|Sitrus Berry|[eat]\n|-heal|p1a: Tsareena|63\/100|[from] item: Sitrus Berry\n|move|p2a: Dusclops|Trick Room|p2a: Dusclops\n|-fieldstart|move: Trick Room|[of] p2a: Dusclops\n|\n|upkeep\n|turn|3\n|\n|t:|1700254399\n|move|p2a: Dusclops|Night Shade|p1b: Arcanine\n|-damage|p1b: Arcanine|74\/100\n|move|p1a: Tsareena|High Jump Kick|p2b: Glimmora\n|-damage|p2b: Glimmora|58\/100\n|-activate|p2b: Glimmora|ability: Toxic Debris\n|-sidestart|p1: kalmiau|move: Toxic Spikes\n|move|p2b: Glimmora|Sludge Bomb|p1a: Tsareena\n|-supereffective|p1a: Tsareena\n|-damage|p1a: Tsareena|0 fnt\n|faint|p1a: Tsareena\n|move|p1b: Arcanine|Rock Slide|p2a: Dusclops|[spread] p2a\n|-miss|p1b: Arcanine|p2b: Glimmora\n|-damage|p2a: Dusclops|81\/100\n|\n|-heal|p2b: Glimmora|64\/100|[from] item: Leftovers\n|upkeep\n|\n|t:|1700254408\n|switch|p1a: Sableye|Sableye, L50, F|100\/100\n|-status|p1a: Sableye|psn\n|turn|4\n|\n|t:|1700254419\n|move|p2a: Dusclops|Helping Hand|p2b: Glimmora\n|-singleturn|p2b: Glimmora|Helping Hand|[of] p2a: Dusclops\n|move|p1a: Sableye|Trick|p2a: Dusclops\n|-activate|p1a: Sableye|move: Trick|[of] p2a: Dusclops\n|-item|p2a: Dusclops|Choice Scarf|[from] move: Trick\n|-item|p1a: Sableye|Eviolite|[from] move: Trick\n|move|p2b: Glimmora|Power Gem|p1b: Arcanine\n|-supereffective|p1b: Arcanine\n|-damage|p1b: Arcanine|0 fnt\n|faint|p1b: Arcanine\n|\n|-heal|p2b: Glimmora|69\/100|[from] item: Leftovers\n|-damage|p1a: Sableye|89\/100 psn|[from] psn\n|upkeep\n|\n|t:|1700254433\n|switch|p1b: Chien-Pao|Chien-Pao, L50|100\/100\n|-status|p1b: Chien-Pao|psn\n|-ability|p1b: Chien-Pao|Sword of Ruin\n|turn|5\n|\n|t:|1700254450\n|switch|p2a: Gyarados|Gyarados, L50, F, shiny|100\/100\n|-ability|p2a: Gyarados|Intimidate|boost\n|-unboost|p1a: Sableye|atk|1\n|-unboost|p1b: Chien-Pao|atk|1\n|move|p1b: Chien-Pao|Protect|p1b: Chien-Pao\n|-singleturn|p1b: Chien-Pao|Protect\n|move|p1a: Sableye|Foul Play|p2a: Gyarados\n|-damage|p2a: Gyarados|32\/100\n|move|p2b: Glimmora|Power Gem|p1b: Chien-Pao\n|-activate|p1b: Chien-Pao|move: Protect\n|\n|-heal|p2b: Glimmora|75\/100|[from] item: Leftovers\n|-damage|p1a: Sableye|77\/100 psn|[from] psn\n|-damage|p1b: Chien-Pao|88\/100 psn|[from] psn\n|upkeep\n|turn|6\n|inactive|kalmiau has 30 seconds left.\n|inactive|krenitos has 30 seconds left.\n|\n|t:|1700254483\n|switch|p2a: Dusclops|Dusclops, L50, F|81\/100\n|-ability|p2a: Dusclops|Pressure\n|move|p1a: Sableye|Trick|p2a: Dusclops\n|-activate|p1a: Sableye|move: Trick|[of] p2a: Dusclops\n|-item|p2a: Dusclops|Eviolite|[from] move: Trick\n|-item|p1a: Sableye|Choice Scarf|[from] move: Trick\n|move|p1b: Chien-Pao|Sucker Punch|p2b: Glimmora\n|-damage|p2b: Glimmora|40\/100\n|-activate|p2b: Glimmora|ability: Toxic Debris\n|-sidestart|p1: kalmiau|move: Toxic Spikes\n|move|p2b: Glimmora|Power Gem|p1b: Chien-Pao\n|-supereffective|p1b: Chien-Pao\n|-damage|p1b: Chien-Pao|0 fnt\n|faint|p1b: Chien-Pao\n|\n|-heal|p2b: Glimmora|46\/100|[from] item: Leftovers\n|-damage|p1a: Sableye|65\/100 psn|[from] psn\n|-fieldend|move: Trick Room\n|upkeep\n|turn|7\n|inactive|kalmiau has 30 seconds left.\n|inactive|kalmiau has 20 seconds left.\n|inactive|kalmiau has 15 seconds left.\n|inactive|kalmiau has 10 seconds left.\n|-message|kalmiau forfeited.\n|\n|win|krenitos\n|raw|kalmiau's rating: 1129 &rarr; <strong>1099<\/strong><br \/>(-30 for losing)\n|raw|krenitos's rating: 1057 &rarr; <strong>1095<\/strong><br \/>(+38 for winning)\n|l|\u203dkalmiau\n","uploadtime":1700254530,"views":9,"p1id":"kalmiau","p2id":"krenitos","formatid":"gen9vgc2023regulatione","rating":1095,"private":0,"password":""}