{"id":"gen9vgc2023regulatione-1994466684","p1":"PKS DutchRudder","p2":"dolivo1122","format":"[Gen 9] VGC 2023 Regulation E","log":"|j|\u2606PKS DutchRudder\n|j|\u2606dolivo1122\n|t:|1700447216\n|gametype|doubles\n|player|p1|PKS DutchRudder|palmer|1148\n|player|p2|dolivo1122|101|1195\n|teamsize|p1|6\n|teamsize|p2|6\n|gen|9\n|tier|[Gen 9] VGC 2023 Regulation E\n|rated|\n|rule|Species Clause: Limit one of each Pok\u00e9mon\n|rule|Item Clause: Limit one of each item\n|clearpoke\n|poke|p1|Golem-Alola, L50, M|\n|poke|p1|Sinistcha, L50|\n|poke|p1|Dondozo, L50, F|\n|poke|p1|Iron Hands, L50|\n|poke|p1|Maushold, L50|\n|poke|p1|Rabsca, L50, F|\n|poke|p2|Lucario, L50, M|\n|poke|p2|Maushold-Four, L50|\n|poke|p2|Chien-Pao, L50|\n|poke|p2|Flutter Mane, L50|\n|poke|p2|Rillaboom, L50, F|\n|poke|p2|Urshifu-*, L50, F|\n|teampreview|4\n|inactive|Battle timer is ON: inactive players will automatically lose when time's up. (requested by dolivo1122)\n|\n|t:|1700447246\n|start\n|switch|p1a: Golem|Golem-Alola, L50, M|100\/100\n|switch|p1b: Rabsca|Rabsca, L50, F|100\/100\n|switch|p2a: Maushold|Maushold-Four, L50|100\/100\n|switch|p2b: Lucario|Lucario, L50, M|100\/100\n|turn|1\n|inactive|dolivo1122 has 30 seconds left.\n|\n|t:|1700447273\n|-terastallize|p2b: Lucario|Steel\n|move|p1a: Golem|Protect|p1a: Golem\n|-singleturn|p1a: Golem|Protect\n|move|p2b: Lucario|Bullet Punch|p1b: Rabsca\n|-damage|p1b: Rabsca|70\/100\n|-damage|p2b: Lucario|91\/100|[from] item: Life Orb\n|move|p2a: Maushold|Beat Up|p2b: Lucario\n|-crit|p2b: Lucario\n|-damage|p2b: Lucario|87\/100\n|-ability|p2b: Lucario|Justified|boost\n|-boost|p2b: Lucario|atk|1\n|-damage|p2b: Lucario|83\/100\n|-ability|p2b: Lucario|Justified|boost\n|-boost|p2b: Lucario|atk|1\n|-crit|p2b: Lucario\n|-damage|p2b: Lucario|79\/100\n|-ability|p2b: Lucario|Justified|boost\n|-boost|p2b: Lucario|atk|1\n|-damage|p2b: Lucario|77\/100\n|-ability|p2b: Lucario|Justified|boost\n|-boost|p2b: Lucario|atk|1\n|-hitcount|p2b: Lucario|4\n|move|p1b: Rabsca|Trick Room|p1b: Rabsca\n|-fieldstart|move: Trick Room|[of] p1b: Rabsca\n|\n|upkeep\n|turn|2\n|inactive|PKS DutchRudder has 30 seconds left.\n|inactive|dolivo1122 has 30 seconds left.\n|\n|t:|1700447299\n|move|p2a: Maushold|Follow Me|p2a: Maushold\n|-singleturn|p2a: Maushold|move: Follow Me\n|move|p2b: Lucario|Bullet Punch|p1a: Golem\n|-damage|p1a: Golem|46\/100\n|-damage|p2b: Lucario|67\/100|[from] item: Life Orb\n|move|p1a: Golem|Explosion|p2b: Lucario|[spread] p2a,p2b\n|-activate|p1b: Rabsca|ability: Telepathy\n|-damage|p2a: Maushold|0 fnt\n|-damage|p2b: Lucario|0 fnt\n|faint|p1a: Golem\n|faint|p2a: Maushold\n|faint|p2b: Lucario\n|move|p1b: Rabsca|Revival Blessing|p1b: Rabsca\n|-enditem|p1b: Rabsca|Leppa Berry|[eat]\n|-activate|p1b: Rabsca|item: Leppa Berry|Revival Blessing|[consumed]\n|\n|t:|1700447315\n|-heal|p1: Golem|50\/100|[from] move: Revival Blessing\n|\n|upkeep\n|switch|p1a: Golem|Golem-Alola, L50, M|50\/100\n|\n|t:|1700447321\n|switch|p2b: Rillaboom|Rillaboom, L50, F|100\/100\n|switch|p2a: Flutter Mane|Flutter Mane, L50|100\/100\n|-fieldstart|move: Grassy Terrain|[from] ability: Grassy Surge|[of] p2b: Rillaboom\n|turn|3\n|\n|t:|1700447346\n|-terastallize|p1a: Golem|Electric\n|move|p2b: Rillaboom|Grassy Glide|p1a: Golem\n|-crit|p1a: Golem\n|-damage|p1a: Golem|0 fnt\n|faint|p1a: Golem\n|move|p1b: Rabsca|Psychic|p2b: Rillaboom\n|-crit|p2b: Rillaboom\n|-damage|p2b: Rillaboom|60\/100\n|move|p2a: Flutter Mane|Moonblast|p1b: Rabsca\n|-crit|p1b: Rabsca\n|-damage|p1b: Rabsca|0 fnt\n|faint|p1b: Rabsca\n|\n|-heal|p2b: Rillaboom|66\/100|[from] Grassy Terrain\n|upkeep\n|\n|t:|1700447355\n|switch|p1a: Dondozo|Dondozo, L50, F|100\/100\n|switch|p1b: Iron Hands|Iron Hands, L50|100\/100\n|turn|4\n|\n|t:|1700447375\n|move|p1a: Dondozo|Protect|p1a: Dondozo\n|-singleturn|p1a: Dondozo|Protect\n|move|p1b: Iron Hands|Wild Charge|p2b: Rillaboom\n|-resisted|p2b: Rillaboom\n|-damage|p2b: Rillaboom|44\/100\n|-damage|p1b: Iron Hands|96\/100|[from] Recoil\n|move|p2b: Rillaboom|Wood Hammer|p1a: Dondozo\n|-activate|p1a: Dondozo|move: Protect\n|move|p2a: Flutter Mane|Moonblast|p1b: Iron Hands\n|-supereffective|p1b: Iron Hands\n|-damage|p1b: Iron Hands|6\/100\n|-unboost|p1b: Iron Hands|spa|1\n|-enditem|p1b: Iron Hands|Sitrus Berry|[eat]\n|-heal|p1b: Iron Hands|31\/100|[from] item: Sitrus Berry\n|\n|-heal|p1b: Iron Hands|37\/100|[from] Grassy Terrain\n|-heal|p2b: Rillaboom|50\/100|[from] Grassy Terrain\n|upkeep\n|turn|5\n|inactive|dolivo1122 has 30 seconds left.\n|\n|t:|1700447405\n|move|p2a: Flutter Mane|Protect|p2a: Flutter Mane\n|-singleturn|p2a: Flutter Mane|Protect\n|move|p2b: Rillaboom|Grassy Glide|p1b: Iron Hands\n|-damage|p1b: Iron Hands|11\/100\n|move|p1a: Dondozo|Soak|p2b: Rillaboom\n|-start|p2b: Rillaboom|typechange|Water\n|move|p1b: Iron Hands|Wild Charge|p2b: Rillaboom\n|-supereffective|p2b: Rillaboom\n|-damage|p2b: Rillaboom|0 fnt\n|faint|p2b: Rillaboom\n|-damage|p1b: Iron Hands|2\/100|[from] Recoil\n|\n|-heal|p1b: Iron Hands|8\/100|[from] Grassy Terrain\n|-fieldend|move: Trick Room\n|upkeep\n|turn|6\n|\n|t:|1700447424\n|move|p2a: Flutter Mane|Dazzling Gleam|p1b: Iron Hands|[spread] p1a,p1b\n|-supereffective|p1b: Iron Hands\n|-damage|p1a: Dondozo|73\/100\n|-damage|p1b: Iron Hands|0 fnt\n|faint|p1b: Iron Hands\n|-end|p1b: Iron Hands|Quark Drive|[silent]\n|move|p1a: Dondozo|Yawn|p2a: Flutter Mane\n|-start|p2a: Flutter Mane|move: Yawn|[of] p1a: Dondozo\n|\n|-heal|p1a: Dondozo|79\/100|[from] Grassy Terrain\n|-heal|p1a: Dondozo|85\/100|[from] item: Leftovers\n|upkeep\n|turn|7\n|\n|t:|1700447434\n|move|p1a: Dondozo|Protect|p1a: Dondozo\n|-singleturn|p1a: Dondozo|Protect\n|move|p2a: Flutter Mane|Moonblast|p1a: Dondozo\n|-activate|p1a: Dondozo|move: Protect\n|\n|-heal|p1a: Dondozo|91\/100|[from] Grassy Terrain\n|-heal|p1a: Dondozo|98\/100|[from] item: Leftovers\n|-end|p2a: Flutter Mane|move: Yawn|[silent]\n|-status|p2a: Flutter Mane|slp\n|-fieldend|move: Grassy Terrain\n|upkeep\n|turn|8\n|\n|t:|1700447447\n|cant|p2a: Flutter Mane|slp\n|move|p1a: Dondozo|Wave Crash|p2a: Flutter Mane\n|-damage|p2a: Flutter Mane|28\/100 slp\n|-damage|p1a: Dondozo|84\/100|[from] Recoil\n|\n|-heal|p1a: Dondozo|91\/100|[from] item: Leftovers\n|upkeep\n|turn|9\n|\n|t:|1700447456\n|-curestatus|p2a: Flutter Mane|slp|[msg]\n|move|p2a: Flutter Mane|Protect|p2a: Flutter Mane\n|-singleturn|p2a: Flutter Mane|Protect\n|move|p1a: Dondozo|Wave Crash|p2a: Flutter Mane\n|-activate|p2a: Flutter Mane|move: Protect\n|\n|-heal|p1a: Dondozo|97\/100|[from] item: Leftovers\n|upkeep\n|turn|10\n|\n|t:|1700447465\n|move|p2a: Flutter Mane|Moonblast|p1a: Dondozo\n|-damage|p1a: Dondozo|53\/100\n|move|p1a: Dondozo|Wave Crash|p2a: Flutter Mane\n|-damage|p2a: Flutter Mane|0 fnt\n|faint|p2a: Flutter Mane\n|-end|p2a: Flutter Mane|Protosynthesis|[silent]\n|-damage|p1a: Dondozo|48\/100|[from] Recoil\n|\n|win|PKS DutchRudder\n|raw|PKS DutchRudder's rating: 1148 &rarr; <strong>1176<\/strong><br \/>(+28 for winning)\n|raw|dolivo1122's rating: 1195 &rarr; <strong>1167<\/strong><br \/>(-28 for losing)\n|l|\u2606dolivo1122\n","uploadtime":1700447485,"views":14,"p1id":"pksdutchrudder","p2id":"dolivo1122","formatid":"gen9vgc2023regulatione","rating":1167,"private":0,"password":""}