{"id":"gen9vgc2023regulatione-1989187754","p1":"Tutkan","p2":"Box29","format":"[Gen 9] VGC 2023 Regulation E","log":"|j|\u2606Tutkan\n|j|\u2606Box29\n|t:|1699821436\n|gametype|doubles\n|player|p1|Tutkan|170|1380\n|player|p2|Box29|266|1453\n|teamsize|p1|6\n|teamsize|p2|6\n|gen|9\n|tier|[Gen 9] VGC 2023 Regulation E\n|rated|\n|rule|Species Clause: Limit one of each Pok\u00e9mon\n|rule|Item Clause: Limit one of each item\n|clearpoke\n|poke|p1|Heatran, L50, M|\n|poke|p1|Chien-Pao, L50|\n|poke|p1|Dragonite, L50, F|\n|poke|p1|Urshifu-*, L50, M|\n|poke|p1|Flutter Mane, L50|\n|poke|p1|Tornadus, L50, M|\n|poke|p2|Urshifu-*, L50, F|\n|poke|p2|Oranguru, L50, F|\n|poke|p2|Indeedee-F, L50, F|\n|poke|p2|Ursaluna-Bloodmoon, L50, M|\n|poke|p2|Chien-Pao, L50|\n|poke|p2|Ogerpon-Hearthflame, L50, F|\n|teampreview|4\n|inactive|Battle timer is ON: inactive players will automatically lose when time's up. (requested by Box29)\n|inactive|Tutkan has 60 seconds left.\n|\n|t:|1699821512\n|start\n|switch|p1a: Chien-Pao|Chien-Pao, L50|100\/100\n|switch|p1b: Urshifu|Urshifu-Rapid-Strike, L50, M|100\/100\n|switch|p2a: BtoB|Urshifu-Rapid-Strike, L50, F|100\/100\n|switch|p2b: Chien-Pao|Chien-Pao, L50|100\/100\n|-ability|p1a: Chien-Pao|Sword of Ruin\n|-ability|p2b: Chien-Pao|Sword of Ruin\n|turn|1\n|inactive|Tutkan has 30 seconds left.\n|inactive|Tutkan has 20 seconds left.\n|inactive|Tutkan has 15 seconds left.\n|inactive|Tutkan has 10 seconds left.\n|\n|t:|1699821557\n|switch|p2b: Indeedee|Indeedee-F, L50, F|100\/100\n|-fieldstart|move: Psychic Terrain|[from] ability: Psychic Surge|[of] p2b: Indeedee\n|move|p1b: Urshifu|Close Combat|p2a: BtoB\n|-damage|p2a: BtoB|10\/100\n|-unboost|p1b: Urshifu|def|1\n|-unboost|p1b: Urshifu|spd|1\n|move|p2a: BtoB|Surging Strikes|p1a: Chien-Pao\n|-crit|p1a: Chien-Pao\n|-damage|p1a: Chien-Pao|71\/100\n|-crit|p1a: Chien-Pao\n|-damage|p1a: Chien-Pao|42\/100\n|-crit|p1a: Chien-Pao\n|-damage|p1a: Chien-Pao|15\/100\n|-hitcount|p1a: Chien-Pao|3\n|move|p1a: Chien-Pao|Ice Spinner|p2a: BtoB\n|-resisted|p2a: BtoB\n|-damage|p2a: BtoB|0 fnt\n|-fieldend|move: Psychic Terrain\n|faint|p2a: BtoB\n|\n|upkeep\n|\n|t:|1699821580\n|switch|p2a: Ogerpon|Ogerpon-Hearthflame, L50, F|100\/100\n|-ability|p2a: Ogerpon|Mold Breaker\n|turn|2\n|inactive|Box29 has 30 seconds left.\n|\n|t:|1699821608\n|switch|p1b: Heatran|Heatran, L50, M|100\/100\n|-terastallize|p2b: Indeedee|Fairy\n|move|p2b: Indeedee|Follow Me|p2b: Indeedee\n|-singleturn|p2b: Indeedee|move: Follow Me\n|move|p1a: Chien-Pao|Crunch|p2b: Indeedee\n|-resisted|p2b: Indeedee\n|-damage|p2b: Indeedee|76\/100\n|-unboost|p2b: Indeedee|def|1\n|-damage|p1a: Chien-Pao|0 fnt|[from] item: Rocky Helmet|[of] p2b: Indeedee\n|faint|p1a: Chien-Pao\n|move|p2a: Ogerpon|Ivy Cudgel|p1b: Heatran\n|-damage|p1b: Heatran|51\/100\n|\n|upkeep\n|\n|t:|1699821630\n|switch|p1a: Flutter Mane|Flutter Mane, L50|100\/100\n|-enditem|p1a: Flutter Mane|Booster Energy\n|-activate|p1a: Flutter Mane|ability: Protosynthesis|[fromitem]\n|-start|p1a: Flutter Mane|protosynthesisspe\n|turn|3\n|inactive|Box29 has 30 seconds left.\n|\n|t:|1699821665\n|move|p1a: Flutter Mane|Protect|p1a: Flutter Mane\n|-singleturn|p1a: Flutter Mane|Protect\n|move|p2b: Indeedee|Follow Me|p2b: Indeedee\n|-singleturn|p2b: Indeedee|move: Follow Me\n|move|p2a: Ogerpon|Ivy Cudgel|p1a: Flutter Mane\n|-activate|p1a: Flutter Mane|move: Protect\n|move|p1b: Heatran|Flash Cannon|p2b: Indeedee\n|-supereffective|p2b: Indeedee\n|-damage|p2b: Indeedee|0 fnt\n|faint|p2b: Indeedee\n|\n|upkeep\n|\n|t:|1699821668\n|switch|p2b: Chien-Pao|Chien-Pao, L50|100\/100\n|-ability|p2b: Chien-Pao|Sword of Ruin\n|turn|4\n|inactive|Tutkan has 30 seconds left.\n|inactive|Tutkan has 20 seconds left.\n|inactive|Tutkan has 15 seconds left.\n|\n|t:|1699821711\n|-terastallize|p1b: Heatran|Fairy\n|move|p1a: Flutter Mane|Dazzling Gleam|p2b: Chien-Pao|[spread] p2a,p2b\n|-resisted|p2a: Ogerpon\n|-supereffective|p2b: Chien-Pao\n|-damage|p2a: Ogerpon|83\/100\n|-damage|p2b: Chien-Pao|4\/100\n|move|p2b: Chien-Pao|Icicle Crash|p1a: Flutter Mane\n|-damage|p1a: Flutter Mane|3\/100\n|move|p2a: Ogerpon|Ivy Cudgel|p1b: Heatran\n|-damage|p1b: Heatran|0 fnt\n|faint|p1b: Heatran\n|\n|upkeep\n|\n|t:|1699821722\n|switch|p1b: Urshifu|Urshifu-Rapid-Strike, L50, M|100\/100\n|turn|5\n|\n|t:|1699821738\n|move|p2b: Chien-Pao|Sucker Punch|p1b: Urshifu\n|-resisted|p1b: Urshifu\n|-damage|p1b: Urshifu|75\/100\n|move|p1a: Flutter Mane|Dazzling Gleam|p2a: Ogerpon|[spread] p2a,p2b\n|-resisted|p2a: Ogerpon\n|-supereffective|p2b: Chien-Pao\n|-damage|p2a: Ogerpon|66\/100\n|-damage|p2b: Chien-Pao|0 fnt\n|faint|p2b: Chien-Pao\n|move|p1b: Urshifu|Surging Strikes|p2a: Ogerpon\n|-crit|p2a: Ogerpon\n|-damage|p2a: Ogerpon|40\/100\n|-crit|p2a: Ogerpon\n|-damage|p2a: Ogerpon|13\/100\n|-crit|p2a: Ogerpon\n|-damage|p2a: Ogerpon|0 fnt\n|faint|p2a: Ogerpon\n|-hitcount|p2: Ogerpon|3\n|\n|win|Tutkan\n|raw|Tutkan's rating: 1380 &rarr; <strong>1404<\/strong><br \/>(+24 for winning)\n|raw|Box29's rating: 1453 &rarr; <strong>1429<\/strong><br \/>(-24 for losing)\n|l|\u2606Box29\n","uploadtime":1699821760,"views":13,"p1id":"tutkan","p2id":"box29","formatid":"gen9vgc2023regulatione","rating":1404,"private":0,"password":""}