{"id":"gen9vgc2023regulatione-1995991429","p1":"LanaDelReyVGC","p2":"TM314","format":"[Gen 9] VGC 2023 Regulation E","log":"|j|\u2606LanaDelReyVGC\n|j|\u2606TM314\n|t:|1700626279\n|gametype|doubles\n|player|p1|LanaDelReyVGC|169|1175\n|player|p2|TM314|flannery|1273\n|teamsize|p1|6\n|teamsize|p2|6\n|gen|9\n|tier|[Gen 9] VGC 2023 Regulation E\n|rated|\n|rule|Species Clause: Limit one of each Pok\u00e9mon\n|rule|Item Clause: Limit one of each item\n|clearpoke\n|poke|p1|Kingambit, L50, M|\n|poke|p1|Chien-Pao, L50|\n|poke|p1|Dragonite, L50, M|\n|poke|p1|Ogerpon-Cornerstone, L50, F|\n|poke|p1|Farigiraf, L50, F|\n|poke|p1|Urshifu-*, L50, M|\n|poke|p2|Torkoal, L50, F|\n|poke|p2|Arcanine-Hisui, L50, M|\n|poke|p2|Charizard, L50, F|\n|poke|p2|Infernape, L50, F|\n|poke|p2|Ogerpon-Hearthflame, L50, F|\n|poke|p2|Heatran, L50, M|\n|teampreview|4\n|inactive|Battle timer is ON: inactive players will automatically lose when time's up. (requested by LanaDelReyVGC)\n|\n|t:|1700626305\n|start\n|switch|p1a: Budtender|Ogerpon-Cornerstone, L50, F|100\/100\n|switch|p1b: Coach|Urshifu-Rapid-Strike, L50, M|100\/100\n|switch|p2a: Arcanine|Arcanine-Hisui, L50, M|100\/100\n|switch|p2b: Infernape|Infernape, L50, F|100\/100\n|-ability|p2a: Arcanine|Intimidate|boost\n|-unboost|p1a: Budtender|atk|1\n|-unboost|p1b: Coach|atk|1\n|turn|1\n|\n|t:|1700626329\n|-terastallize|p1b: Coach|Water\n|move|p1a: Budtender|Spiky Shield|p1a: Budtender\n|-singleturn|p1a: Budtender|move: Protect\n|move|p2b: Infernape|Fake Out|p1b: Coach\n|-damage|p1b: Coach|89\/100\n|cant|p1b: Coach|flinch\n|move|p2a: Arcanine|Rock Slide|p1b: Coach|[spread] p1b\n|-activate|p1a: Budtender|move: Protect\n|-damage|p1b: Coach|53\/100\n|\n|upkeep\n|turn|2\n|\n|t:|1700626346\n|switch|p2a: Torkoal|Torkoal, L50, F|100\/100\n|-weather|SunnyDay|[from] ability: Drought|[of] p2a: Torkoal\n|move|p1a: Budtender|Follow Me|p1a: Budtender\n|-singleturn|p1a: Budtender|move: Follow Me\n|move|p1b: Coach|Surging Strikes|p2a: Torkoal\n|-supereffective|p2a: Torkoal\n|-crit|p2a: Torkoal\n|-damage|p2a: Torkoal|82\/100\n|-supereffective|p2a: Torkoal\n|-crit|p2a: Torkoal\n|-damage|p2a: Torkoal|62\/100\n|-supereffective|p2a: Torkoal\n|-crit|p2a: Torkoal\n|-damage|p2a: Torkoal|42\/100\n|-hitcount|p2a: Torkoal|3\n|move|p2b: Infernape|Will-O-Wisp|p1a: Budtender\n|-status|p1a: Budtender|brn\n|\n|-weather|SunnyDay|[upkeep]\n|-damage|p1a: Budtender|94\/100 brn|[from] brn\n|upkeep\n|turn|3\n|\n|t:|1700626360\n|move|p1b: Coach|Surging Strikes|p2b: Infernape\n|-supereffective|p2b: Infernape\n|-crit|p2b: Infernape\n|-damage|p2b: Infernape|58\/100\n|-supereffective|p2b: Infernape\n|-crit|p2b: Infernape\n|-damage|p2b: Infernape|16\/100\n|-supereffective|p2b: Infernape\n|-crit|p2b: Infernape\n|-damage|p2b: Infernape|0 fnt\n|faint|p2b: Infernape\n|-hitcount|p2: Infernape|3\n|move|p1a: Budtender|Ivy Cudgel|p2a: Torkoal|[anim] Ivy Cudgel Rock\n|-supereffective|p2a: Torkoal\n|-damage|p2a: Torkoal|11\/100\n|move|p2a: Torkoal|Heat Wave|p1a: Budtender|[spread] p1a,p1b\n|-resisted|p1b: Coach\n|-damage|p1a: Budtender|41\/100 brn\n|-damage|p1b: Coach|17\/100\n|-status|p1b: Coach|brn\n|\n|-weather|SunnyDay|[upkeep]\n|-damage|p1b: Coach|11\/100 brn|[from] brn\n|-damage|p1a: Budtender|35\/100 brn|[from] brn\n|upkeep\n|\n|t:|1700626370\n|switch|p2b: Charizard|Charizard, L50, F|100\/100\n|turn|4\n|\n|t:|1700626385\n|switch|p2a: Arcanine|Arcanine-Hisui, L50, M|100\/100\n|-ability|p2a: Arcanine|Intimidate|boost\n|-unboost|p1a: Budtender|atk|1\n|-unboost|p1b: Coach|atk|1\n|move|p2b: Charizard|Heat Wave|p1b: Coach|[spread] p1a,p1b\n|-resisted|p1b: Coach\n|-damage|p1a: Budtender|0 fnt\n|-damage|p1b: Coach|0 fnt\n|faint|p1a: Budtender\n|faint|p1b: Coach\n|\n|-weather|SunnyDay|[upkeep]\n|-damage|p2b: Charizard|88\/100|[from] ability: Solar Power|[of] p2b: Charizard\n|upkeep\n|\n|t:|1700626394\n|switch|p1a: Hunter|Chien-Pao, L50|100\/100\n|switch|p1b: Mailman|Dragonite, L50, M|100\/100\n|-ability|p1a: Hunter|Sword of Ruin\n|turn|5\n|\n|t:|1700626409\n|switch|p2a: Torkoal|Torkoal, L50, F|11\/100\n|move|p1a: Hunter|Protect|p1a: Hunter\n|-singleturn|p1a: Hunter|Protect\n|move|p2b: Charizard|Heat Wave|p1a: Hunter|[spread] \n|-activate|p1a: Hunter|move: Protect\n|-miss|p2b: Charizard|p1b: Mailman\n|move|p1b: Mailman|Stomping Tantrum|p2a: Torkoal\n|-supereffective|p2a: Torkoal\n|-damage|p2a: Torkoal|0 fnt\n|faint|p2a: Torkoal\n|\n|-weather|SunnyDay|[upkeep]\n|-damage|p2b: Charizard|76\/100|[from] ability: Solar Power|[of] p2b: Charizard\n|upkeep\n|\n|t:|1700626418\n|switch|p2a: Arcanine|Arcanine-Hisui, L50, M|100\/100\n|-ability|p2a: Arcanine|Intimidate|boost\n|-unboost|p1a: Hunter|atk|1\n|-fail|p1b: Mailman|unboost|Attack|[from] ability: Inner Focus|[of] p1b: Mailman\n|turn|6\n|\n|t:|1700626428\n|move|p2b: Charizard|Heat Wave|p1b: Mailman|[spread] p1a,p1b\n|-supereffective|p1a: Hunter\n|-resisted|p1b: Mailman\n|-enditem|p1a: Hunter|Focus Sash\n|-damage|p1a: Hunter|1\/100\n|-damage|p1b: Mailman|78\/100\n|move|p1a: Hunter|Lash Out|p2b: Charizard\n|-damage|p2b: Charizard|20\/100\n|move|p2a: Arcanine|Rock Slide|p1b: Mailman|[spread] p1a\n|-miss|p2a: Arcanine|p1b: Mailman\n|-supereffective|p1a: Hunter\n|-damage|p1a: Hunter|0 fnt\n|faint|p1a: Hunter\n|move|p1b: Mailman|Stomping Tantrum|p2a: Arcanine\n|-supereffective|p2a: Arcanine\n|-crit|p2a: Arcanine\n|-damage|p2a: Arcanine|0 fnt\n|faint|p2a: Arcanine\n|\n|-weather|none\n|upkeep\n|turn|7\n|\n|t:|1700626445\n|move|p1b: Mailman|Extreme Speed|p2b: Charizard\n|-damage|p2b: Charizard|0 fnt\n|faint|p2b: Charizard\n|\n|win|LanaDelReyVGC\n|raw|LanaDelReyVGC's rating: 1175 &rarr; <strong>1207<\/strong><br \/>(+32 for winning)\n|raw|TM314's rating: 1273 &rarr; <strong>1241<\/strong><br \/>(-32 for losing)\n","uploadtime":1700626449,"views":1,"p1id":"lanadelreyvgc","p2id":"tm314","formatid":"gen9vgc2023regulatione","rating":1207,"private":0,"password":""}