{"id":"gen9vgc2023regulatione-2000643550","p1":"Ghfjghg","p2":"MTM3000","format":"[Gen 9] VGC 2023 Regulation E","log":"|j|\u2606Ghfjghg\n|j|\u2606MTM3000\n|t:|1701213811\n|gametype|doubles\n|player|p1|Ghfjghg|169|1007\n|player|p2|MTM3000|pokekid|1000\n|teamsize|p1|6\n|teamsize|p2|6\n|gen|9\n|tier|[Gen 9] VGC 2023 Regulation E\n|rated|\n|rule|Species Clause: Limit one of each Pok\u00e9mon\n|rule|Item Clause: Limit one of each item\n|clearpoke\n|poke|p1|Farigiraf, L50, F|\n|poke|p1|Fezandipiti, L50, M|\n|poke|p1|Goodra-Hisui, L50, F|\n|poke|p1|Ogerpon-Wellspring, L50, F|\n|poke|p1|Arcanine-Hisui, L50, F|\n|poke|p1|Kingambit, L50, F|\n|poke|p2|Typhlosion-Hisui, L50, F|\n|poke|p2|Ninetales, L50, F|\n|poke|p2|Lilligant-Hisui, L50, F|\n|poke|p2|Flutter Mane, L50|\n|poke|p2|Tornadus, L50, M|\n|poke|p2|Landorus-Therian, L50, M|\n|teampreview|4\n|inactive|Battle timer is ON: inactive players will automatically lose when time's up. (requested by Ghfjghg)\n|inactive|Ghfjghg has 60 seconds left.\n|\n|t:|1701213913\n|start\n|switch|p1a: Fezandipiti|Fezandipiti, L50, M|100\/100\n|switch|p1b: Arcanine|Arcanine-Hisui, L50, F|100\/100\n|switch|p2a: Tornadus|Tornadus, L50, M|100\/100\n|switch|p2b: Landorus|Landorus-Therian, L50, M|100\/100\n|-ability|p1b: Arcanine|Intimidate|boost\n|-unboost|p2a: Tornadus|atk|1\n|-unboost|p2b: Landorus|atk|1\n|-ability|p2b: Landorus|Intimidate|boost\n|-unboost|p1a: Fezandipiti|atk|1\n|-unboost|p1b: Arcanine|atk|1\n|turn|1\n|inactive|Ghfjghg has 30 seconds left.\n|inactive|Ghfjghg has 20 seconds left.\n|inactive|Ghfjghg has 15 seconds left.\n|inactive|Ghfjghg has 10 seconds left.\n|\n|t:|1701213960\n|-terastallize|p1b: Arcanine|Flying\n|move|p2a: Tornadus|Sunny Day|p2a: Tornadus\n|-weather|SunnyDay\n|move|p1a: Fezandipiti|Tailwind|p1a: Fezandipiti\n|-sidestart|p1: Ghfjghg|move: Tailwind\n|move|p1b: Arcanine|Rock Slide|p2b: Landorus|[spread] p2a,p2b\n|-supereffective|p2a: Tornadus\n|-damage|p2a: Tornadus|52\/100\n|-damage|p2b: Landorus|83\/100\n|move|p2b: Landorus|Stomping Tantrum|p1b: Arcanine\n|-immune|p1b: Arcanine\n|\n|-weather|SunnyDay|[upkeep]\n|upkeep\n|turn|2\n|\n|t:|1701213979\n|move|p2a: Tornadus|Tailwind|p2a: Tornadus\n|-sidestart|p2: MTM3000|move: Tailwind\n|move|p1a: Fezandipiti|Icy Wind|p2b: Landorus|[spread] p2a,p2b\n|-supereffective|p2a: Tornadus\n|-supereffective|p2b: Landorus\n|-damage|p2a: Tornadus|34\/100\n|-damage|p2b: Landorus|63\/100\n|-unboost|p2b: Landorus|spe|1\n|-status|p2b: Landorus|tox|[from] ability: Toxic Chain|[of] p1a: Fezandipiti\n|move|p1b: Arcanine|Rock Slide|p2a: Tornadus|[spread] p2a,p2b\n|-supereffective|p2a: Tornadus\n|-damage|p2a: Tornadus|0 fnt\n|-damage|p2b: Landorus|46\/100 tox\n|faint|p2a: Tornadus\n|move|p2b: Landorus|Rock Slide|p1b: Arcanine|[spread] p1a,p1b\n|-supereffective|p1b: Arcanine\n|-crit|p1b: Arcanine\n|-damage|p1a: Fezandipiti|81\/100\n|-damage|p1b: Arcanine|26\/100\n|\n|-weather|SunnyDay|[upkeep]\n|-damage|p2b: Landorus|40\/100 tox|[from] psn\n|upkeep\n|\n|t:|1701213998\n|switch|p2a: Typhlosion|Typhlosion-Hisui, L50, F|100\/100\n|turn|3\n|\n|t:|1701214019\n|-terastallize|p2a: Typhlosion|Fire\n|move|p2a: Typhlosion|Eruption|p1a: Fezandipiti|[spread] p1a,p1b\n|-damage|p1a: Fezandipiti|0 fnt\n|-damage|p1b: Arcanine|0 fnt\n|faint|p1a: Fezandipiti\n|faint|p1b: Arcanine\n|move|p2b: Landorus|Rock Slide|p1: Fezandipiti|[notarget]\n|-fail|p2b: Landorus\n|\n|-weather|SunnyDay|[upkeep]\n|-damage|p2b: Landorus|28\/100 tox|[from] psn\n|upkeep\n|\n|t:|1701214031\n|switch|p1a: Ogerpon|Ogerpon-Wellspring, L50, F|100\/100\n|switch|p1b: Goodra|Goodra-Hisui, L50, F|100\/100\n|turn|4\n|inactive|Ghfjghg has 30 seconds left.\n|inactive|Ghfjghg has 20 seconds left.\n|inactive|Ghfjghg has 15 seconds left.\n|\n|t:|1701214074\n|move|p1a: Ogerpon|Spiky Shield|p1a: Ogerpon\n|-singleturn|p1a: Ogerpon|move: Protect\n|move|p2a: Typhlosion|Eruption|p1b: Goodra|[spread] p1b\n|-activate|p1a: Ogerpon|move: Protect\n|-damage|p1b: Goodra|2\/100\n|move|p2b: Landorus|U-turn|p1a: Ogerpon\n|-activate|p1a: Ogerpon|move: Protect\n|-damage|p2b: Landorus|15\/100 tox|[from] Spiky Shield|[of] p1a: Ogerpon\n|move|p1b: Goodra|Ice Spinner|p2b: Landorus\n|-supereffective|p2b: Landorus\n|-damage|p2b: Landorus|0 fnt\n|faint|p2b: Landorus\n|\n|-weather|SunnyDay|[upkeep]\n|-heal|p1b: Goodra|8\/100|[from] item: Leftovers\n|-sideend|p1: Ghfjghg|move: Tailwind\n|upkeep\n|\n|t:|1701214087\n|switch|p2b: Lilligant|Lilligant-Hisui, L50, F|100\/100\n|turn|5\n|\n|t:|1701214098\n|move|p2b: Lilligant|Close Combat|p1a: Ogerpon\n|-damage|p1a: Ogerpon|36\/100\n|-unboost|p2b: Lilligant|def|1\n|-unboost|p2b: Lilligant|spd|1\n|move|p2a: Typhlosion|Eruption|p1a: Ogerpon|[spread] p1a,p1b\n|-damage|p1a: Ogerpon|0 fnt\n|-damage|p1b: Goodra|0 fnt\n|faint|p1a: Ogerpon\n|faint|p1b: Goodra\n|\n|win|MTM3000\n|raw|Ghfjghg's rating: 1007 &rarr; <strong>1000<\/strong><br \/>(-7 for losing)\n|raw|MTM3000's rating: 1000 &rarr; <strong>1041<\/strong><br \/>(+41 for winning)\n","uploadtime":1701214109,"views":0,"p1id":"ghfjghg","p2id":"mtm3000","formatid":"gen9vgc2023regulatione","rating":1000,"private":0,"password":""}