{"id":"gen9vgc2023regulatione-1999821032","p1":"Ozwald McFly","p2":"ennuismile","format":"[Gen 9] VGC 2023 Regulation E","log":"|j|\u2606Ozwald McFly\n|j|\u2606ennuismile\n|t:|1701119817\n|gametype|doubles\n|player|p1|Ozwald McFly|266|1373\n|player|p2|ennuismile|erika|1463\n|teamsize|p1|6\n|teamsize|p2|5\n|gen|9\n|tier|[Gen 9] VGC 2023 Regulation E\n|rated|\n|rule|Species Clause: Limit one of each Pok\u00e9mon\n|rule|Item Clause: Limit one of each item\n|clearpoke\n|poke|p1|Noctowl, L50, F|\n|poke|p1|Sandy Shocks, L50|\n|poke|p1|Espeon, L50, F|\n|poke|p1|Indeedee-F, L50, F|\n|poke|p1|Iron Hands, L50|\n|poke|p1|Decidueye-Hisui, L50, M|\n|poke|p2|Ogerpon-Wellspring, L50, F|\n|poke|p2|Farigiraf, L50, F|\n|poke|p2|Iron Hands, L50|\n|poke|p2|Urshifu-*, L50, F|\n|poke|p2|Pelipper, L50, F|\n|teampreview|4\nennuismile has agreed to open team sheets.\nOzwald McFly has agreed to open team sheets.\n|\n|t:|1701119860\n|start\n|switch|p1a: Iron Hands|Iron Hands, L50|100\/100\n|switch|p1b: Indeedee|Indeedee-F, L50, F|100\/100\n|switch|p2a: Urshifu|Urshifu-Rapid-Strike, L50, F|100\/100\n|switch|p2b: Pelipper|Pelipper, L50, F|100\/100\n|-weather|RainDance|[from] ability: Drizzle|[of] p2b: Pelipper\n|-fieldstart|move: Psychic Terrain|[from] ability: Psychic Surge|[of] p1b: Indeedee\n|turn|1\n|\n|t:|1701119905\n|switch|p2b: Farigiraf|Farigiraf, L50, F, shiny|100\/100\n|move|p2a: Urshifu|U-turn|p1b: Indeedee\n|-supereffective|p1b: Indeedee\n|-damage|p1b: Indeedee|41\/100\n|-enditem|p1b: Indeedee|Sitrus Berry|[eat]\n|-heal|p1b: Indeedee|65\/100|[from] item: Sitrus Berry\n|\n|t:|1701119913\n|switch|p2a: Ogerpon|Ogerpon-Wellspring, L50, F|100\/100|[from] U-turn\n|move|p1a: Iron Hands|Wild Charge|p2a: Ogerpon\n|-damage|p2a: Ogerpon|47\/100\n|-damage|p1a: Iron Hands|90\/100|[from] Recoil\n|move|p1b: Indeedee|Trick Room|p1b: Indeedee\n|-fieldstart|move: Trick Room|[of] p1b: Indeedee\n|\n|-weather|RainDance|[upkeep]\n|upkeep\n|turn|2\n|\n|t:|1701119945\n|move|p1b: Indeedee|Helping Hand|p1a: Iron Hands\n|-singleturn|p1a: Iron Hands|Helping Hand|[of] p1b: Indeedee\n|move|p2a: Ogerpon|Spiky Shield|p2a: Ogerpon\n|-singleturn|p2a: Ogerpon|move: Protect\n|move|p1a: Iron Hands|Drain Punch|p2b: Farigiraf\n|-damage|p2b: Farigiraf|43\/100\n|-heal|p1a: Iron Hands|100\/100|[from] drain|[of] p2b: Farigiraf\n|-enditem|p2b: Farigiraf|Sitrus Berry|[eat]\n|-heal|p2b: Farigiraf|68\/100|[from] item: Sitrus Berry\n|move|p2b: Farigiraf|Nasty Plot|p2b: Farigiraf\n|-boost|p2b: Farigiraf|spa|2\n|\n|-weather|RainDance|[upkeep]\n|upkeep\n|turn|3\n|\n|t:|1701119970\n|-terastallize|p2b: Farigiraf|Fairy\n|move|p1b: Indeedee|Helping Hand|p1a: Iron Hands\n|-singleturn|p1a: Iron Hands|Helping Hand|[of] p1b: Indeedee\n|move|p2a: Ogerpon|Follow Me|p2a: Ogerpon\n|-singleturn|p2a: Ogerpon|move: Follow Me\n|move|p1a: Iron Hands|Drain Punch|p2a: Ogerpon\n|-damage|p2a: Ogerpon|0 fnt\n|faint|p2a: Ogerpon\n|move|p2b: Farigiraf|Dazzling Gleam|p1a: Iron Hands|[spread] p1a,p1b\n|-supereffective|p1a: Iron Hands\n|-damage|p1a: Iron Hands|42\/100\n|-damage|p1b: Indeedee|23\/100\n|\n|-weather|RainDance|[upkeep]\n|upkeep\n|\n|t:|1701119986\n|switch|p2a: Pelipper|Pelipper, L50, F|100\/100\n|turn|4\n|\n|t:|1701120000\n|move|p1b: Indeedee|Helping Hand|p1a: Iron Hands\n|-singleturn|p1a: Iron Hands|Helping Hand|[of] p1b: Indeedee\n|move|p1a: Iron Hands|Heavy Slam|p2b: Farigiraf\n|-supereffective|p2b: Farigiraf\n|-damage|p2b: Farigiraf|0 fnt\n|faint|p2b: Farigiraf\n|move|p2a: Pelipper|Hurricane|p1a: Iron Hands\n|-damage|p1a: Iron Hands|17\/100\n|\n|-weather|RainDance|[upkeep]\n|upkeep\n|\n|t:|1701120005\n|switch|p2b: Urshifu|Urshifu-Rapid-Strike, L50, F|100\/100\n|turn|5\n|\n|t:|1701120032\n|move|p1b: Indeedee|Follow Me|p1b: Indeedee\n|-singleturn|p1b: Indeedee|move: Follow Me\n|move|p1a: Iron Hands|Wild Charge|p2b: Urshifu\n|-supereffective|p2b: Urshifu\n|-damage|p2b: Urshifu|0 fnt\n|faint|p2b: Urshifu\n|-damage|p1a: Iron Hands|0 fnt|[from] Recoil\n|faint|p1a: Iron Hands\n|-end|p1a: Iron Hands|Quark Drive|[silent]\n|move|p2a: Pelipper|Tailwind|p2a: Pelipper\n|-sidestart|p2: ennuismile|move: Tailwind\n|\n|-weather|none\n|-fieldend|move: Trick Room\n|-fieldend|move: Psychic Terrain\n|upkeep\n|\n|t:|1701120045\n|switch|p1a: Decidueye|Decidueye-Hisui, L50, M, shiny|100\/100\n|turn|6\n|\n|t:|1701120055\n|move|p2a: Pelipper|Hurricane|p1a: Decidueye\n|-supereffective|p1a: Decidueye\n|-damage|p1a: Decidueye|0 fnt\n|faint|p1a: Decidueye\n|move|p1b: Indeedee|Psyshock|p2a: Pelipper\n|-damage|p2a: Pelipper|70\/100\n|\n|upkeep\n|\n|t:|1701120062\n|switch|p1a: Espeon|Espeon, L50, F|100\/100\n|turn|7\n|\n|t:|1701120071\n|move|p2a: Pelipper|Hydro Pump|p1a: Espeon|[miss]\n|-miss|p2a: Pelipper|p1a: Espeon\n|move|p1a: Espeon|Psychic|p2a: Pelipper\n|-damage|p2a: Pelipper|15\/100\n|move|p1b: Indeedee|Psyshock|p2a: Pelipper\n|-damage|p2a: Pelipper|0 fnt\n|faint|p2a: Pelipper\n|\n|win|Ozwald McFly\n|raw|Ozwald McFly's rating: 1373 &rarr; <strong>1398<\/strong><br \/>(+25 for winning)\n|raw|ennuismile's rating: 1463 &rarr; <strong>1438<\/strong><br \/>(-25 for losing)\n|l|\u2606ennuismile\n","uploadtime":1701120087,"views":2,"p1id":"ozwaldmcfly","p2id":"ennuismile","formatid":"gen9vgc2023regulatione","rating":1398,"private":0,"password":""}