{"id":"gen9vgc2023regulatione-1994280666","p1":"sonaw4","p2":"rainlover78","format":"[Gen 9] VGC 2023 Regulation E","log":"|j|\u2606sonaw4\n|j|\u2606rainlover78\n|n|\u2606sonaw4|sonaw4\n|n|\u2606rainlover78|rainlover78\n|html|View the match progress at <a href=\"\/game-bestof3-gen9vgc2023regulatione-1994280665\">game-bestof3-gen9vgc2023regulatione-1994280665<\/a>\n|t:|1700426580\n|gametype|doubles\n|player|p1|sonaw4|101|\n|player|p2|rainlover78|n|\n|teamsize|p1|6\n|teamsize|p2|6\n|gen|9\n|tier|[Gen 9] VGC 2023 Regulation E\n|rule|Species Clause: Limit one of each Pok\u00e9mon\n|rule|Item Clause: Limit one of each item\n|clearpoke\n|poke|p1|Urshifu-*, L50, F|\n|poke|p1|Thundurus, L50, M|\n|poke|p1|Amoonguss, L50, M|\n|poke|p1|Roaring Moon, L50|\n|poke|p1|Chien-Pao, L50|\n|poke|p1|Landorus-Therian, L50, M|\n|poke|p2|Flutter Mane, L50|\n|poke|p2|Roaring Moon, L50|\n|poke|p2|Weezing, L50, F|\n|poke|p2|Landorus-Therian, L50, M|\n|poke|p2|Iron Hands, L50|\n|poke|p2|Ogerpon-Wellspring, L50, F|\n|teampreview|4\nrainlover78 has agreed to open team sheets.\nsonaw4 has agreed to open team sheets.\n|showteam|p1|Urshifu-Rapid-Strike||ChoiceScarf|UnseenFist|SurgingStrikes,AquaJet,BrickBreak,Uturn|||F|||50|,,,,,Water]Thundurus||CovertCloak|Prankster|ThunderWave,Thunderbolt,WildboltStorm,RainDance|||M|||50|,,,,,Electric]Amoonguss||SitrusBerry|Regenerator|Spore,RagePowder,PollenPuff,ClearSmog|||M|||50|,,,,,Rock]Roaring Moon||BoosterEnergy|Protosynthesis|Protect,Acrobatics,DragonClaw,KnockOff||||||50|,,,,,Flying]Chien-Pao||FocusSash|SwordofRuin|IceSpinner,IcyWind,Protect,ThroatChop||||||50|,,,,,Ghost]Landorus-Therian||AssaultVest|Intimidate|StompingTantrum,RockSlide,BrickBreak,TeraBlast|||M|||50|,,,,,Fire\n|showteam|p2|Flutter Mane||ChoiceSpecs|Protosynthesis|ShadowBall,DazzlingGleam,Moonblast,PowerGem||||||50|,,,,,Grass]Roaring Moon||BoosterEnergy|Protosynthesis|Acrobatics,DragonDance,KnockOff,Protect||||||50|,,,,,Flying]Weezing||ShucaBerry|NeutralizingGas|SludgeBomb,Taunt,Protect,WillOWisp|||F|||50|,,,,,Fire]Landorus-Therian||ChoiceScarf|Intimidate|RockSlide,TeraBlast,Uturn,StompingTantrum|||M|||50|,,,,,Flying]Iron Hands||AssaultVest|QuarkDrive|DrainPunch,WildCharge,FakeOut,VoltSwitch||||||50|,,,,,Grass]Ogerpon-Wellspring||WellspringMask|WaterAbsorb|IvyCudgel,FollowMe,SpikyShield,HornLeech|||F|||50|,,,,,Water\n|\n|t:|1700426694\n|start\n|switch|p1a: Thundurus|Thundurus, L50, M|100\/100\n|switch|p1b: Landorus|Landorus-Therian, L50, M|100\/100\n|switch|p2a: Landorus|Landorus-Therian, L50, M|100\/100\n|switch|p2b: Flutter Mane|Flutter Mane, L50|100\/100\n|-ability|p2a: Landorus|Intimidate|boost\n|-unboost|p1a: Thundurus|atk|1\n|-unboost|p1b: Landorus|atk|1\n|-ability|p1b: Landorus|Intimidate|boost\n|-unboost|p2a: Landorus|atk|1\n|-unboost|p2b: Flutter Mane|atk|1\n|turn|1\n|\n|t:|1700426777\n|move|p1a: Thundurus|Thunder Wave|p2b: Flutter Mane\n|-status|p2b: Flutter Mane|par\n|move|p2a: Landorus|U-turn|p1a: Thundurus\n|-resisted|p1a: Thundurus\n|-damage|p1a: Thundurus|90\/100\n|\n|t:|1700426791\n|switch|p2a: Iron Hands|Iron Hands, L50|100\/100|[from] U-turn\n|move|p1b: Landorus|Stomping Tantrum|p2b: Flutter Mane\n|-damage|p2b: Flutter Mane|52\/100 par\n|move|p2b: Flutter Mane|Dazzling Gleam|p1a: Thundurus|[spread] p1a,p1b\n|-damage|p1a: Thundurus|51\/100\n|-damage|p1b: Landorus|66\/100\n|\n|upkeep\n|turn|2\n|j| Van. Volcanucks\n|\n|t:|1700426818\n|move|p2a: Iron Hands|Fake Out|p1b: Landorus\n|-damage|p1b: Landorus|50\/100\n|move|p1a: Thundurus|Thunderbolt|p2b: Flutter Mane\n|-damage|p2b: Flutter Mane|18\/100 par\n|cant|p1b: Landorus|flinch\n|move|p2b: Flutter Mane|Dazzling Gleam|p1a: Thundurus|[spread] p1a,p1b\n|-damage|p1a: Thundurus|15\/100\n|-damage|p1b: Landorus|17\/100\n|\n|upkeep\n|turn|3\n|\n|t:|1700426883\n|move|p1a: Thundurus|Thunderbolt|p2b: Flutter Mane\n|-damage|p2b: Flutter Mane|0 fnt\n|faint|p2b: Flutter Mane\n|-end|p2b: Flutter Mane|Protosynthesis|[silent]\n|move|p1b: Landorus|Stomping Tantrum|p2a: Iron Hands\n|-supereffective|p2a: Iron Hands\n|-damage|p2a: Iron Hands|17\/100\n|move|p2a: Iron Hands|Volt Switch|p1a: Thundurus\n|-crit|p1a: Thundurus\n|-damage|p1a: Thundurus|0 fnt\n|faint|p1a: Thundurus\n|\n|t:|1700426893\n|-end|p2a: Iron Hands|Quark Drive|[silent]\n|switch|p2a: Weezing|Weezing, L50, F|100\/100|[from] Volt Switch\n|-ability|p2a: Weezing|Neutralizing Gas\n|\n|upkeep\n|\n|t:|1700426913\n|switch|p2b: Iron Hands|Iron Hands, L50|17\/100\n|switch|p1a: Chien-Pao|Chien-Pao, L50|100\/100\n|turn|4\n|\n|t:|1700426957\n|move|p2b: Iron Hands|Fake Out|p1b: Landorus\n|-damage|p1b: Landorus|2\/100\n|move|p1a: Chien-Pao|Icy Wind|p2b: Iron Hands|[spread] p2a,p2b\n|-damage|p2a: Weezing|82\/100\n|-damage|p2b: Iron Hands|11\/100\n|-unboost|p2a: Weezing|spe|1\n|-unboost|p2b: Iron Hands|spe|1\n|cant|p1b: Landorus|flinch\n|move|p2a: Weezing|Will-O-Wisp|p1a: Chien-Pao\n|-status|p1a: Chien-Pao|brn\n|\n|-damage|p1a: Chien-Pao|95\/100 brn|[from] brn\n|upkeep\n|turn|5\n|\n|t:|1700426982\n|move|p2a: Weezing|Protect|p2a: Weezing\n|-singleturn|p2a: Weezing|Protect\n|move|p1a: Chien-Pao|Ice Spinner|p2b: Iron Hands\n|-damage|p2b: Iron Hands|0 fnt\n|faint|p2b: Iron Hands\n|-end|p2b: Iron Hands|Quark Drive|[silent]\n|move|p1b: Landorus|Stomping Tantrum|p2a: Weezing\n|-activate|p2a: Weezing|move: Protect\n|\n|-damage|p1a: Chien-Pao|89\/100 brn|[from] brn\n|upkeep\n|\n|t:|1700426991\n|switch|p2b: Landorus|Landorus-Therian, L50, M|100\/100\n|turn|6\n|\n|t:|1700427015\n|move|p2b: Landorus|Rock Slide|p1a: Chien-Pao|[spread] p1a,p1b\n|-supereffective|p1a: Chien-Pao\n|-crit|p1a: Chien-Pao\n|-damage|p1a: Chien-Pao|3\/100 brn\n|-damage|p1b: Landorus|0 fnt\n|faint|p1b: Landorus\n|cant|p1a: Chien-Pao|flinch\n|move|p2a: Weezing|Sludge Bomb|p1a: Chien-Pao\n|-damage|p1a: Chien-Pao|0 fnt\n|faint|p1a: Chien-Pao\n|\n|upkeep\n|\n|t:|1700427029\n|switch|p1a: Roaring Moon|Roaring Moon, L50|100\/100\n|-enditem|p1a: Roaring Moon|Booster Energy\n|-activate|p1a: Roaring Moon|ability: Protosynthesis|[fromitem]\n|-start|p1a: Roaring Moon|protosynthesisatk\n|turn|7\n|\n|t:|1700427042\n|move|p2b: Landorus|Rock Slide|p1a: Roaring Moon|[miss]\n|-miss|p2b: Landorus|p1a: Roaring Moon\n|move|p1a: Roaring Moon|Knock Off|p2b: Landorus\n|-damage|p2b: Landorus|22\/100\n|-enditem|p2b: Landorus|Choice Scarf|[from] move: Knock Off|[of] p1a: Roaring Moon\n|move|p2a: Weezing|Will-O-Wisp|p1a: Roaring Moon\n|-status|p1a: Roaring Moon|brn\n|\n|-damage|p1a: Roaring Moon|94\/100 brn|[from] brn\n|upkeep\n|turn|8\n|\n|t:|1700427057\n|-terastallize|p1a: Roaring Moon|Flying\n|move|p1a: Roaring Moon|Acrobatics|p2b: Landorus\n|-damage|p2b: Landorus|0 fnt\n|faint|p2b: Landorus\n|move|p2a: Weezing|Sludge Bomb|p1a: Roaring Moon\n|-crit|p1a: Roaring Moon\n|-damage|p1a: Roaring Moon|41\/100 brn\n|\n|-damage|p1a: Roaring Moon|35\/100 brn|[from] brn\n|upkeep\n|turn|9\n|\n|t:|1700427067\n|move|p2a: Weezing|Protect|p2a: Weezing\n|-singleturn|p2a: Weezing|Protect\n|move|p1a: Roaring Moon|Acrobatics|p2a: Weezing\n|-activate|p2a: Weezing|move: Protect\n|\n|-damage|p1a: Roaring Moon|29\/100 brn|[from] brn\n|upkeep\n|turn|10\n|\n|t:|1700427080\n|move|p1a: Roaring Moon|Acrobatics|p2a: Weezing\n|-damage|p2a: Weezing|39\/100\n|move|p2a: Weezing|Sludge Bomb|p1a: Roaring Moon\n|-damage|p1a: Roaring Moon|0 fnt\n|faint|p1a: Roaring Moon\n|-end|p1a: Roaring Moon|Protosynthesis|[silent]\n|\n|win|rainlover78\n|c|&|\/uhtml prompt-rainlover78,rainlover78 is ready for game 2!\n|c|&|\/uhtml prompt-sonaw4,sonaw4 is ready for game 2!\nBoth players are ready! Starting next match!\n|l|\u2606sonaw4\n|l| Van. Volcanucks\n|j| Osprey11\n","uploadtime":1700428302,"views":12,"p1id":"sonaw4","p2id":"rainlover78","formatid":"gen9vgc2023regulatione","rating":0,"private":0,"password":""}