{"id":"gen9vgc2023regulatione-1991480138","p1":"previouslyunnamed","p2":"1owercase","format":"[Gen 9] VGC 2023 Regulation E","log":"|j|\u2606previouslyunnamed\n|j|\u26061owercase\n|t:|1700080793\n|gametype|doubles\n|player|p1|previouslyunnamed|ryuki|1665\n|player|p2|1owercase|flannery|1615\n|teamsize|p1|6\n|teamsize|p2|6\n|gen|9\n|tier|[Gen 9] VGC 2023 Regulation E\n|rated|\n|rule|Species Clause: Limit one of each Pok\u00e9mon\n|rule|Item Clause: Limit one of each item\n|clearpoke\n|poke|p1|Ogerpon-Hearthflame, L50, F|\n|poke|p1|Urshifu-*, L50, F|\n|poke|p1|Rillaboom, L50, M|\n|poke|p1|Flutter Mane, L50|\n|poke|p1|Roaring Moon, L50|\n|poke|p1|Weezing, L50, M|\n|poke|p2|Flutter Mane, L50|\n|poke|p2|Thundurus, L50, M|\n|poke|p2|Landorus-Therian, L50, M|\n|poke|p2|Wo-Chien, L50|\n|poke|p2|Urshifu-*, L50, F|\n|poke|p2|Heatran, L50, M|\n|teampreview|4\n|inactive|Battle timer is ON: inactive players will automatically lose when time's up. (requested by previouslyunnamed)\n1owercase has agreed to open team sheets.\n|c|\u2606previouslyunnamed|gl\n|c|\u26061owercase|u2\n|\n|t:|1700080823\n|start\n|switch|p1a: Roaring Moon|Roaring Moon, L50|100\/100\n|switch|p1b: Urshifu|Urshifu-Rapid-Strike, L50, F|100\/100\n|switch|p2a: Flutter Man|Flutter Mane, L50|100\/100\n|switch|p2b: Thundurus|Thundurus, L50, M|100\/100\n|-enditem|p1a: Roaring Moon|Booster Energy\n|-activate|p1a: Roaring Moon|ability: Protosynthesis|[fromitem]\n|-start|p1a: Roaring Moon|protosynthesisspe\n|turn|1\n|j| Asacado\n|\n|t:|1700080839\n|-terastallize|p1b: Urshifu|Water\n|move|p1b: Urshifu|Aqua Jet|p2a: Flutter Man\n|-damage|p2a: Flutter Man|55\/100\n|move|p2b: Thundurus|Thunder Wave|p1b: Urshifu\n|-status|p1b: Urshifu|par\n|move|p1a: Roaring Moon|Tailwind|p1a: Roaring Moon\n|-sidestart|p1: previouslyunnamed|move: Tailwind\n|move|p2a: Flutter Man|Hex|p1b: Urshifu\n|-damage|p1b: Urshifu|0 fnt\n|faint|p1b: Urshifu\n|\n|upkeep\n|c|\u2606previouslyunnamed|i ment surging strikes\n|c|\u2606previouslyunnamed|fuck\n|\n|t:|1700080856\n|switch|p1b: Flutter Mane|Flutter Mane, L50|100\/100\n|turn|2\n|c| Asacado|Thunder wave+ hex. Writing that down\n|\n|t:|1700080867\n|move|p2b: Thundurus|Thunder Wave|p1b: Flutter Mane\n|-status|p1b: Flutter Mane|par\n|move|p1a: Roaring Moon|Knock Off|p2a: Flutter Man\n|-damage|p2a: Flutter Man|0 fnt\n|-enditem|p2a: Flutter Man|Choice Specs|[from] move: Knock Off|[of] p1a: Roaring Moon\n|faint|p2a: Flutter Man\n|-end|p2a: Flutter Man|Protosynthesis|[silent]\n|move|p1b: Flutter Mane|Moonblast|p2b: Thundurus\n|-damage|p2b: Thundurus|31\/100\n|\n|upkeep\n|\n|t:|1700080873\n|switch|p2a: Landorus|Landorus-Therian, L50, M|100\/100\n|-ability|p2a: Landorus|Intimidate|boost\n|-unboost|p1a: Roaring Moon|atk|1\n|-unboost|p1b: Flutter Mane|atk|1\n|turn|3\n|\n|t:|1700080883\n|move|p1a: Roaring Moon|Protect|p1a: Roaring Moon\n|-singleturn|p1a: Roaring Moon|Protect\n|move|p2b: Thundurus|Eerie Impulse|p1b: Flutter Mane\n|-unboost|p1b: Flutter Mane|spa|2\n|cant|p1b: Flutter Mane|par\n|move|p2a: Landorus|U-turn|p1a: Roaring Moon\n|-activate|p1a: Roaring Moon|move: Protect\n|\n|upkeep\n|turn|4\n|\n|t:|1700080900\n|-end|p1a: Roaring Moon|Protosynthesis|[silent]\n|switch|p1a: Weezing|Weezing, L50, M|100\/100\n|-ability|p1a: Weezing|Neutralizing Gas\n|move|p1b: Flutter Mane|Moonblast|p2a: Landorus\n|-damage|p2a: Landorus|75\/100\n|move|p2b: Thundurus|Wildbolt Storm|p1b: Flutter Mane|[spread] p1a,p1b\n|-damage|p1a: Weezing|68\/100\n|-damage|p1b: Flutter Mane|69\/100 par\n|move|p2a: Landorus|U-turn|p1a: Weezing\n|-resisted|p1a: Weezing\n|-damage|p1a: Weezing|54\/100\n|\n|t:|1700080910\n|switch|p2a: Hot Frog|Heatran, L50, M|100\/100|[from] U-turn\n|\n|-sideend|p1: previouslyunnamed|move: Tailwind\n|upkeep\n|turn|5\n|\n|t:|1700080920\n|-end|p1b: Flutter Mane|Protosynthesis|[silent]\n|switch|p1b: Roaring Moon|Roaring Moon, L50|100\/100\n|move|p1a: Weezing|Protect|p1a: Weezing\n|-singleturn|p1a: Weezing|Protect\n|move|p2b: Thundurus|Taunt|p1a: Weezing\n|-activate|p1a: Weezing|move: Protect\n|move|p2a: Hot Frog|Substitute|p2a: Hot Frog\n|-start|p2a: Hot Frog|Substitute\n|-damage|p2a: Hot Frog|75\/100\n|\n|-heal|p2a: Hot Frog|82\/100|[from] item: Leftovers\n|upkeep\n|turn|6\n|j| Ziren_13\n|\n|t:|1700080934\n|move|p1b: Roaring Moon|Breaking Swipe|p2b: Thundurus|[spread] p2a,p2b\n|-resisted|p2a: Hot Frog\n|-activate|p2a: Hot Frog|move: Substitute|[damage]\n|-damage|p2b: Thundurus|9\/100\n|-unboost|p2b: Thundurus|atk|1\n|-damage|p1b: Roaring Moon|84\/100|[from] item: Rocky Helmet|[of] p2b: Thundurus\n|move|p2b: Thundurus|Taunt|p1a: Weezing\n|-start|p1a: Weezing|move: Taunt\n|move|p2a: Hot Frog|Heat Wave|p1b: Roaring Moon|[spread] p1a,p1b\n|-resisted|p1b: Roaring Moon\n|-damage|p1a: Weezing|11\/100\n|-damage|p1b: Roaring Moon|63\/100\n|-enditem|p1a: Weezing|Sitrus Berry|[eat]\n|-heal|p1a: Weezing|36\/100|[from] item: Sitrus Berry\n|move|p1a: Weezing|Gunk Shot|p2b: Thundurus|[miss]\n|-miss|p1a: Weezing|p2b: Thundurus\n|\n|-heal|p2a: Hot Frog|88\/100|[from] item: Leftovers\n|upkeep\n|turn|7\n|\n|t:|1700080958\n|-end|p1a: Weezing|ability: Neutralizing Gas\n|switch|p1a: Flutter Mane|Flutter Mane, L50|69\/100 par\n|move|p1b: Roaring Moon|Breaking Swipe|p2a: Hot Frog|[spread] p2a,p2b\n|-resisted|p2a: Hot Frog\n|-crit|p2a: Hot Frog\n|-activate|p2a: Hot Frog|move: Substitute|[damage]\n|-damage|p2b: Thundurus|0 fnt\n|-damage|p1b: Roaring Moon|47\/100|[from] item: Rocky Helmet|[of] p2b: Thundurus\n|faint|p2b: Thundurus\n|move|p2a: Hot Frog|Heat Wave|p1a: Flutter Mane|[spread] p1a,p1b\n|-resisted|p1b: Roaring Moon\n|-damage|p1a: Flutter Mane|34\/100 par\n|-damage|p1b: Roaring Moon|28\/100\n|\n|-heal|p2a: Hot Frog|94\/100|[from] item: Leftovers\n|upkeep\n|c|\u2606previouslyunnamed|i threw the game btw\n|\n|t:|1700080971\n|switch|p2b: Landorus|Landorus-Therian, L50, M|75\/100\n|-ability|p2b: Landorus|Intimidate|boost\n|-unboost|p1a: Flutter Mane|atk|1\n|-unboost|p1b: Roaring Moon|atk|1\n|turn|8\n|\n|t:|1700080982\n|-terastallize|p2b: Landorus|Flying\n|move|p1b: Roaring Moon|Tailwind|p1b: Roaring Moon\n|-sidestart|p1: previouslyunnamed|move: Tailwind\n|move|p1a: Flutter Mane|Moonblast|p2b: Landorus\n|-damage|p2b: Landorus|28\/100\n|move|p2b: Landorus|Tera Blast|p1b: Roaring Moon|[anim] Tera Blast Flying\n|-damage|p1b: Roaring Moon|0 fnt\n|faint|p1b: Roaring Moon\n|-end|p1b: Roaring Moon|Protosynthesis|[silent]\n|move|p2a: Hot Frog|Heat Wave|p1a: Flutter Mane\n|-damage|p1a: Flutter Mane|0 fnt\n|faint|p1a: Flutter Mane\n|-end|p1a: Flutter Mane|Protosynthesis|[silent]\n|\n|-heal|p2a: Hot Frog|100\/100|[from] item: Leftovers\n|upkeep\n|-message|previouslyunnamed forfeited.\n|\n|win|1owercase\n|raw|previouslyunnamed's rating: 1665 &rarr; <strong>1642<\/strong><br \/>(-23 for losing)\n|raw|1owercase's rating: 1615 &rarr; <strong>1638<\/strong><br \/>(+23 for winning)\n|l|\u2606previouslyunnamed\n|l|\u26061owercase\n","uploadtime":1700081009,"views":10,"p1id":"previouslyunnamed","p2id":"1owercase","formatid":"gen9vgc2023regulatione","rating":1638,"private":0,"password":""}