{"id":"gen9vgc2023regulatione-1999737617","p1":"whyismynamejeff","p2":"gloriagloria","format":"[Gen 9] VGC 2023 Regulation E","log":"|j|\u2606whyismynamejeff\n|j|\u2606gloriagloria\n|t:|1701112267\n|gametype|doubles\n|player|p1|whyismynamejeff|colress|1129\n|player|p2|gloriagloria|fisherman|1059\n|teamsize|p1|6\n|teamsize|p2|6\n|gen|9\n|tier|[Gen 9] VGC 2023 Regulation E\n|rated|\n|rule|Species Clause: Limit one of each Pok\u00e9mon\n|rule|Item Clause: Limit one of each item\n|clearpoke\n|poke|p1|Farigiraf, L50, F|\n|poke|p1|Iron Hands, L50|\n|poke|p1|Urshifu-*, L50, F|\n|poke|p1|Chien-Pao, L50|\n|poke|p1|Tornadus, L50, M|\n|poke|p1|Flutter Mane, L50|\n|poke|p2|Baxcalibur, L50, F|\n|poke|p2|Scizor, L50, F|\n|poke|p2|Landorus-Therian, L50, M|\n|poke|p2|Flutter Mane, L50|\n|poke|p2|Talonflame, L50, M|\n|poke|p2|Rotom-Wash, L50|\n|teampreview|4\n|\n|t:|1701112295\n|start\n|switch|p1a: Big Misdreavus|Flutter Mane, L50|100\/100\n|switch|p1b: Clowdy Howdy|Tornadus, L50, M|100\/100\n|switch|p2a: Rotom|Rotom-Wash, L50|100\/100\n|switch|p2b: Scizor|Scizor, L50, F|100\/100\n|turn|1\n|\n|t:|1701112328\n|move|p1b: Clowdy Howdy|Tailwind|p1b: Clowdy Howdy\n|-sidestart|p1: whyismynamejeff|move: Tailwind\n|move|p2b: Scizor|Bullet Punch|p1a: Big Misdreavus\n|-supereffective|p1a: Big Misdreavus\n|-damage|p1a: Big Misdreavus|0 fnt\n|faint|p1a: Big Misdreavus\n|-end|p1a: Big Misdreavus|Protosynthesis|[silent]\n|-damage|p2b: Scizor|91\/100|[from] item: Life Orb\n|move|p2a: Rotom|Thunderbolt|p1b: Clowdy Howdy\n|-supereffective|p1b: Clowdy Howdy\n|-damage|p1b: Clowdy Howdy|17\/100\n|\n|upkeep\n|inactive|Battle timer is ON: inactive players will automatically lose when time's up. (requested by gloriagloria)\n|\n|t:|1701112342\n|switch|p1a: Sword Cat|Chien-Pao, L50|100\/100\n|-ability|p1a: Sword Cat|Sword of Ruin\n|turn|2\n|\n|t:|1701112361\n|move|p1b: Clowdy Howdy|Taunt|p2a: Rotom\n|-start|p2a: Rotom|move: Taunt\n|move|p2b: Scizor|Bullet Punch|p1b: Clowdy Howdy\n|-damage|p1b: Clowdy Howdy|0 fnt\n|faint|p1b: Clowdy Howdy\n|-damage|p2b: Scizor|81\/100|[from] item: Life Orb\n|move|p1a: Sword Cat|Crunch|p2a: Rotom\n|-damage|p2a: Rotom|24\/100\n|-enditem|p2a: Rotom|Sitrus Berry|[eat]\n|-heal|p2a: Rotom|48\/100|[from] item: Sitrus Berry\n|cant|p2a: Rotom|move: Taunt|Will-O-Wisp\n|\n|upkeep\n|\n|t:|1701112374\n|switch|p1b: Water Bear|Urshifu-Rapid-Strike, L50, F|100\/100\n|turn|3\n|inactive|whyismynamejeff has 30 seconds left.\n|inactive|gloriagloria has 30 seconds left.\n|\n|t:|1701112404\n|move|p1a: Sword Cat|Sucker Punch|p2a: Rotom\n|-damage|p2a: Rotom|0 fnt\n|faint|p2a: Rotom\n|move|p2b: Scizor|Bullet Punch|p1a: Sword Cat\n|-supereffective|p1a: Sword Cat\n|-enditem|p1a: Sword Cat|Focus Sash\n|-damage|p1a: Sword Cat|1\/100\n|-damage|p2b: Scizor|71\/100|[from] item: Life Orb\n|move|p1b: Water Bear|Surging Strikes|p2b: Scizor\n|-crit|p2b: Scizor\n|-damage|p2b: Scizor|36\/100\n|-crit|p2b: Scizor\n|-damage|p2b: Scizor|0 fnt\n|faint|p2b: Scizor\n|-hitcount|p2: Scizor|2\n|\n|upkeep\n|\n|t:|1701112420\n|switch|p2a: Baxcalibur|Baxcalibur, L50, F|100\/100\n|switch|p2b: Flutter Mane|Flutter Mane, L50, shiny|100\/100\n|turn|4\n|\n|t:|1701112431\n|-terastallize|p2a: Baxcalibur|Poison\n|move|p2b: Flutter Mane|Protect|p2b: Flutter Mane\n|-singleturn|p2b: Flutter Mane|Protect\n|move|p1a: Sword Cat|Sucker Punch|p2a: Baxcalibur\n|-damage|p2a: Baxcalibur|60\/100\n|move|p1b: Water Bear|Surging Strikes|p2b: Flutter Mane\n|-crit|p2b: Flutter Mane\n|-damage|p2b: Flutter Mane|36\/100\n|-crit|p2b: Flutter Mane\n|-damage|p2b: Flutter Mane|0 fnt\n|faint|p2b: Flutter Mane\n|-end|p2b: Flutter Mane|Protosynthesis|[silent]\n|-hitcount|p2: Flutter Mane|2\n|move|p2a: Baxcalibur|Earthquake|p1b: Water Bear|[spread] p1a,p1b\n|-damage|p1a: Sword Cat|0 fnt\n|-damage|p1b: Water Bear|68\/100\n|faint|p1a: Sword Cat\n|\n|-sideend|p1: whyismynamejeff|move: Tailwind\n|upkeep\n|turn|5\n|\n|t:|1701112454\n|-terastallize|p1b: Water Bear|Water\n|move|p1b: Water Bear|Surging Strikes|p2a: Baxcalibur\n|-crit|p2a: Baxcalibur\n|-damage|p2a: Baxcalibur|36\/100\n|-crit|p2a: Baxcalibur\n|-damage|p2a: Baxcalibur|14\/100\n|-crit|p2a: Baxcalibur\n|-damage|p2a: Baxcalibur|0 fnt\n|faint|p2a: Baxcalibur\n|-hitcount|p2: Baxcalibur|3\n|\n|win|whyismynamejeff\n|raw|whyismynamejeff's rating: 1129 &rarr; <strong>1149<\/strong><br \/>(+20 for winning)\n|raw|gloriagloria's rating: 1059 &rarr; <strong>1044<\/strong><br \/>(-15 for losing)\n|l|\u2606gloriagloria\n","uploadtime":1701112469,"views":8,"p1id":"whyismynamejeff","p2id":"gloriagloria","formatid":"gen9vgc2023regulatione","rating":1044,"private":0,"password":""}