{"id":"gen9vgc2023regulatione-1998003994","p1":"OmegaAlpha01","p2":"Cozy Snail","format":"[Gen 9] VGC 2023 Regulation E","log":"|j|\u2606OmegaAlpha01\n|j|\u2606Cozy Snail\n|n|\u2606OmegaAlpha01|omegaalpha01\n|n|\u2606Cozy Snail|cozysnail\n|html|View the match progress at <a href=\"\/game-bestof3-gen9vgc2023regulatione-1998001373\">game-bestof3-gen9vgc2023regulatione-1998001373<\/a>\n|t:|1700877801\n|gametype|doubles\n|player|p1|OmegaAlpha01|caitlin|\n|player|p2|Cozy Snail|fisherman-gen4|\n|teamsize|p1|6\n|teamsize|p2|6\n|gen|9\n|tier|[Gen 9] VGC 2023 Regulation E\n|rule|Species Clause: Limit one of each Pok\u00e9mon\n|rule|Item Clause: Limit one of each item\n|clearpoke\n|poke|p1|Ninetales-Alola, L50, M|\n|poke|p1|Baxcalibur, L50, F|\n|poke|p1|Skiploom, L50, M|\n|poke|p1|Mesprit, L50|\n|poke|p1|Meowscarada, L50, F|\n|poke|p1|Glaceon, L50, F|\n|poke|p2|Heatran, L50, F|\n|poke|p2|Landorus-Therian, L50, M|\n|poke|p2|Illumise, L50, F|\n|poke|p2|Drednaw, L50, M|\n|poke|p2|Enamorus-Therian, L50, F|\n|poke|p2|Vikavolt, L50, F|\n|teampreview|4\nOmegaAlpha01 rejected open team sheets.\n|j| Cmholde2\n|l| Cmholde2\n|c|\u2606Cozy Snail|glhf :)\n|c|\u2606OmegaAlpha01|glhf\n|\n|t:|1700877906\n|start\n|switch|p1a: Gun|Meowscarada, L50, F|100\/100\n|switch|p1b: Espathra Wannanbe|Mesprit, L50|100\/100\n|switch|p2a: Illumise|Illumise, L50, F, shiny|100\/100\n|switch|p2b: Drednaw|Drednaw, L50, M|100\/100\n|turn|1\n|\n|t:|1700877954\n|-terastallize|p2b: Drednaw|Fairy\n|move|p2a: Illumise|Rain Dance|p2a: Illumise\n|-weather|RainDance\n|move|p2b: Drednaw|Waterfall|p1b: Espathra Wannanbe\n|-damage|p1b: Espathra Wannanbe|31\/100\n|-enditem|p1b: Espathra Wannanbe|Sitrus Berry|[eat]\n|-heal|p1b: Espathra Wannanbe|55\/100|[from] item: Sitrus Berry\n|move|p1a: Gun|Knock Off|p2b: Drednaw\n|-start|p1a: Gun|typechange|Dark|[from] ability: Protean\n|-resisted|p2b: Drednaw\n|-damage|p2b: Drednaw|75\/100\n|-enditem|p2b: Drednaw|Choice Band|[from] move: Knock Off|[of] p1a: Gun\n|move|p1b: Espathra Wannanbe|Dazzling Gleam|p2b: Drednaw|[spread] p2a,p2b\n|-damage|p2a: Illumise|85\/100\n|-damage|p2b: Drednaw|56\/100\n|\n|-weather|RainDance|[upkeep]\n|upkeep\n|turn|2\n|\n|t:|1700877979\n|switch|p1a: Hanginaround|Skiploom, L50, M|100\/100\n|move|p1b: Espathra Wannanbe|Protect|p1b: Espathra Wannanbe\n|-singleturn|p1b: Espathra Wannanbe|Protect\n|move|p2b: Drednaw|Waterfall|p1a: Hanginaround\n|-resisted|p1a: Hanginaround\n|-damage|p1a: Hanginaround|71\/100\n|move|p2a: Illumise|Struggle Bug|p1b: Espathra Wannanbe|[spread] p1a\n|-activate|p1b: Espathra Wannanbe|move: Protect\n|-damage|p1a: Hanginaround|61\/100\n|-unboost|p1a: Hanginaround|spa|1\n|\n|-weather|RainDance|[upkeep]\n|upkeep\n|turn|3\n|\n|t:|1700878003\n|switch|p2b: Enamorus|Enamorus-Therian, L50, F|100\/100\n|move|p1a: Hanginaround|Rage Powder|p1a: Hanginaround\n|-singleturn|p1a: Hanginaround|move: Rage Powder\n|move|p2a: Illumise|Encore|p1a: Hanginaround\n|-start|p1a: Hanginaround|Encore\n|move|p1b: Espathra Wannanbe|Trick Room|p1b: Espathra Wannanbe\n|-fieldstart|move: Trick Room|[of] p1b: Espathra Wannanbe\n|\n|-weather|RainDance|[upkeep]\n|upkeep\n|turn|4\n|\n|t:|1700878015\n|move|p1a: Hanginaround|Rage Powder|p1a: Hanginaround\n|-singleturn|p1a: Hanginaround|move: Rage Powder\n|move|p2b: Enamorus|Springtide Storm|p1a: Hanginaround|[spread] p1a,p1b\n|-damage|p1a: Hanginaround|5\/100\n|-damage|p1b: Espathra Wannanbe|9\/100\n|move|p1b: Espathra Wannanbe|Dazzling Gleam|p2a: Illumise|[spread] p2a,p2b\n|-damage|p2a: Illumise|70\/100\n|-damage|p2b: Enamorus|83\/100\n|move|p2a: Illumise|Struggle Bug|p1a: Hanginaround|[spread] p1a,p1b\n|-supereffective|p1b: Espathra Wannanbe\n|-damage|p1a: Hanginaround|0 fnt\n|-damage|p1b: Espathra Wannanbe|0 fnt\n|faint|p1a: Hanginaround\n|faint|p1b: Espathra Wannanbe\n|\n|-weather|RainDance|[upkeep]\n|upkeep\n|\n|t:|1700878022\n|switch|p1b: Gun|Meowscarada, L50, F|100\/100\n|switch|p1a: LCQ|Glaceon, L50, F|100\/100\n|turn|5\n|\n|t:|1700878039\n|-terastallize|p1b: Gun|Ghost\n|move|p1a: LCQ|Freeze-Dry|p2b: Enamorus\n|-supereffective|p2b: Enamorus\n|-damage|p2b: Enamorus|0 fnt\n|faint|p2b: Enamorus\n|move|p2a: Illumise|Struggle Bug|p1a: LCQ|[spread] p1a,p1b\n|-resisted|p1b: Gun\n|-damage|p1a: LCQ|93\/100\n|-damage|p1b: Gun|94\/100\n|-unboost|p1a: LCQ|spa|1\n|-unboost|p1b: Gun|spa|1\n|move|p1b: Gun|Knock Off|p2a: Illumise\n|-damage|p2a: Illumise|10\/100\n|-enditem|p2a: Illumise|Mental Herb|[from] move: Knock Off|[of] p1b: Gun\n|\n|-weather|none\n|upkeep\n|\n|t:|1700878062\n|switch|p2b: Heatran|Heatran, L50, F, shiny|100\/100\n|turn|6\n|\n|t:|1700878092\n|move|p1a: LCQ|Ice Shard|p2a: Illumise\n|-damage|p2a: Illumise|0 fnt\n|faint|p2a: Illumise\n|move|p2b: Heatran|Flash Cannon|p1a: LCQ\n|-supereffective|p1a: LCQ\n|-damage|p1a: LCQ|2\/100\n|-damage|p2b: Heatran|91\/100|[from] item: Life Orb\n|move|p1b: Gun|Knock Off|p2b: Heatran\n|-damage|p2b: Heatran|38\/100\n|-enditem|p2b: Heatran|Life Orb|[from] move: Knock Off|[of] p1b: Gun\n|\n|upkeep\n|\n|t:|1700878101\n|switch|p2a: Drednaw|Drednaw, L50, M, tera:Fairy|56\/100\n|turn|7\n|\n|t:|1700878117\n|move|p1a: LCQ|Freeze-Dry|p2b: Heatran\n|-resisted|p2b: Heatran\n|-damage|p2b: Heatran|33\/100\n|move|p2a: Drednaw|Rock Slide|p1b: Gun|[spread] p1a\n|-miss|p2a: Drednaw|p1b: Gun\n|-supereffective|p1a: LCQ\n|-damage|p1a: LCQ|0 fnt\n|faint|p1a: LCQ\n|move|p2b: Heatran|Heat Wave|p1b: Gun|[miss]\n|-miss|p2b: Heatran|p1b: Gun\n|move|p1b: Gun|Flower Trick|p2a: Drednaw\n|-crit|p2a: Drednaw\n|-damage|p2a: Drednaw|2\/100\n|\n|-fieldend|move: Trick Room\n|upkeep\n|turn|8\n|\n|t:|1700878141\n|move|p1b: Gun|Flower Trick|p2a: Drednaw\n|-crit|p2a: Drednaw\n|-damage|p2a: Drednaw|0 fnt\n|faint|p2a: Drednaw\n|move|p2b: Heatran|Flash Cannon|p1b: Gun\n|-damage|p1b: Gun|33\/100\n|\n|upkeep\n|turn|9\n|\n|t:|1700878151\n|move|p1b: Gun|Knock Off|p2b: Heatran\n|-damage|p2b: Heatran|0 fnt\n|faint|p2b: Heatran\n|\n|win|OmegaAlpha01\n|c|&|\/uhtml prompt-omegaalpha01,OmegaAlpha01 is ready for game 3!\n|c|\u2606OmegaAlpha01|gg\n|c|\u2606Cozy Snail|ggs\n|inactive|Cozy Snail has 50 seconds to confirm battle start!\n|c|&|\/uhtml prompt-cozysnail,Cozy Snail is ready for game 3!\nBoth players are ready! Starting next match!\n","uploadtime":1700878478,"views":10,"p1id":"omegaalpha01","p2id":"cozysnail","formatid":"gen9vgc2023regulatione","rating":0,"private":0,"password":""}