{"id":"gen9vgc2023regulatione-1989448219","p1":"Jop 27 in a row","p2":"wolfey666888","format":"[Gen 9] VGC 2023 Regulation E","log":"|j|\u2606Jop 27 in a row\n|j|\u2606wolfey666888\n|t:|1699851982\n|gametype|doubles\n|player|p1|Jop 27 in a row|lillie|1095\n|player|p2|wolfey666888|1|1115\n|teamsize|p1|6\n|teamsize|p2|6\n|gen|9\n|tier|[Gen 9] VGC 2023 Regulation E\n|rated|\n|rule|Species Clause: Limit one of each Pok\u00e9mon\n|rule|Item Clause: Limit one of each item\n|clearpoke\n|poke|p1|Moltres-Galar, L50|\n|poke|p1|Arcanine-Hisui, L50, M|\n|poke|p1|Munkidori, L50, M|\n|poke|p1|Sinistcha, L50|\n|poke|p1|Grimmsnarl, L50, M|\n|poke|p1|Milotic, L50, F|\n|poke|p2|Landorus-Therian, L50, M|\n|poke|p2|Flutter Mane, L50|\n|poke|p2|Rillaboom, L50, F|\n|poke|p2|Chien-Pao, L50|\n|poke|p2|Ogerpon-Hearthflame, L50, F|\n|poke|p2|Sinistcha-Masterpiece, L50|\n|teampreview|4\n|inactive|Battle timer is ON: inactive players will automatically lose when time's up. (requested by wolfey666888)\n|inactive|wolfey666888 has 60 seconds left.\n|\n|t:|1699852027\n|start\n|switch|p1a: Grimmsnarl|Grimmsnarl, L50, M|100\/100\n|switch|p1b: Arcanine|Arcanine-Hisui, L50, M|100\/100\n|switch|p2a: Rillaboom|Rillaboom, L50, F|100\/100\n|switch|p2b: Ogerpon|Ogerpon-Hearthflame, L50, F|100\/100\n|-ability|p2b: Ogerpon|Mold Breaker\n|-ability|p1b: Arcanine|Intimidate|boost\n|-unboost|p2a: Rillaboom|atk|1\n|-unboost|p2b: Ogerpon|atk|1\n|-fieldstart|move: Grassy Terrain|[from] ability: Grassy Surge|[of] p2a: Rillaboom\n|turn|1\n|inactive|wolfey666888 has 30 seconds left.\n|\n|t:|1699852053\n|-terastallize|p2b: Ogerpon|Fire\n|detailschange|p2b: Ogerpon|Ogerpon-Hearthflame-Tera, L50, F, tera:Fire\n|-ability|p2b: Ogerpon|Embody Aspect (Hearthflame)|boost\n|-boost|p2b: Ogerpon|atk|1\n|move|p2a: Rillaboom|Fake Out|p1a: Grimmsnarl\n|-damage|p1a: Grimmsnarl|92\/100\n|cant|p1a: Grimmsnarl|flinch\n|move|p2b: Ogerpon|Stomping Tantrum|p1b: Arcanine\n|-supereffective|p1b: Arcanine\n|-damage|p1b: Arcanine|0 fnt\n|faint|p1b: Arcanine\n|\n|-heal|p1a: Grimmsnarl|98\/100|[from] Grassy Terrain\n|upkeep\n|\n|t:|1699852065\n|switch|p1b: Moltres|Moltres-Galar, L50, shiny|100\/100\n|turn|2\n|\n|t:|1699852082\n|move|p1a: Grimmsnarl|Reflect|p1a: Grimmsnarl\n|-sidestart|p1: Jop 27 in a row|Reflect\n|move|p2b: Ogerpon|Ivy Cudgel|p1b: Moltres\n|-damage|p1b: Moltres|47\/100\n|-ability|p1b: Moltres|Berserk|boost\n|-boost|p1b: Moltres|spa|1\n|-enditem|p1b: Moltres|Sitrus Berry|[eat]\n|-heal|p1b: Moltres|72\/100|[from] item: Sitrus Berry\n|move|p1b: Moltres|Nasty Plot|p1b: Moltres\n|-boost|p1b: Moltres|spa|2\n|move|p2a: Rillaboom|U-turn|p1b: Moltres\n|-damage|p1b: Moltres|60\/100\n|\n|t:|1699852094\n|switch|p2a: Flutter Mane|Flutter Mane, L50|100\/100|[from] U-turn\n|-enditem|p2a: Flutter Mane|Booster Energy\n|-activate|p2a: Flutter Mane|ability: Protosynthesis|[fromitem]\n|-start|p2a: Flutter Mane|protosynthesisspe\n|\n|-heal|p1a: Grimmsnarl|100\/100|[from] Grassy Terrain\n|upkeep\n|turn|3\n|\n|t:|1699852110\n|move|p1b: Moltres|Protect|p1b: Moltres\n|-singleturn|p1b: Moltres|Protect\n|move|p1a: Grimmsnarl|Light Screen|p1a: Grimmsnarl\n|-sidestart|p1: Jop 27 in a row|move: Light Screen\n|move|p2a: Flutter Mane|Moonblast|p1b: Moltres\n|-activate|p1b: Moltres|move: Protect\n|move|p2b: Ogerpon|Ivy Cudgel|p1b: Moltres\n|-activate|p1b: Moltres|move: Protect\n|\n|upkeep\n|turn|4\n|\n|t:|1699852123\n|-terastallize|p1b: Moltres|Poison\n|move|p1a: Grimmsnarl|Parting Shot|p2b: Ogerpon\n|-unboost|p2b: Ogerpon|atk|1\n|-unboost|p2b: Ogerpon|spa|1\n|\n|t:|1699852127\n|switch|p1a: Sinistcha|Sinistcha, L50|100\/100|[from] Parting Shot\n|-heal|p1b: Moltres|85\/100|[from] ability: Hospitality|[of] p1a: Sinistcha\n|move|p2a: Flutter Mane|Moonblast|p1b: Moltres\n|-resisted|p1b: Moltres\n|-damage|p1b: Moltres|72\/100\n|-unboost|p1b: Moltres|spa|1\n|move|p2b: Ogerpon|Ivy Cudgel|p1b: Moltres\n|-damage|p1b: Moltres|33\/100\n|-ability|p1b: Moltres|Berserk|boost\n|-boost|p1b: Moltres|spa|1\n|move|p1b: Moltres|Fiery Wrath|p2b: Ogerpon|[spread] p2a,p2b\n|-damage|p2a: Flutter Mane|22\/100\n|-damage|p2b: Ogerpon|6\/100\n|\n|-heal|p2a: Flutter Mane|28\/100|[from] Grassy Terrain\n|-heal|p2b: Ogerpon|11\/100|[from] Grassy Terrain\n|-heal|p1b: Moltres|39\/100|[from] Grassy Terrain\n|upkeep\n|turn|5\n|inactive|Jop 27 in a row has 30 seconds left.\n|inactive|wolfey666888 has 30 seconds left.\n|inactive|wolfey666888 has 20 seconds left.\n|\n|t:|1699852163\n|move|p1b: Moltres|Protect|p1b: Moltres\n|-singleturn|p1b: Moltres|Protect\n|move|p2a: Flutter Mane|Shadow Ball|p1b: Moltres\n|-activate|p1b: Moltres|move: Protect\n|move|p2b: Ogerpon|Stomping Tantrum|p1b: Moltres\n|-activate|p1b: Moltres|move: Protect\n|move|p1a: Sinistcha|Trick Room|p1a: Sinistcha\n|-fieldstart|move: Trick Room|[of] p1a: Sinistcha\n|\n|-heal|p1b: Moltres|45\/100|[from] Grassy Terrain\n|-heal|p2b: Ogerpon|17\/100|[from] Grassy Terrain\n|-heal|p2a: Flutter Mane|33\/100|[from] Grassy Terrain\n|-fieldend|move: Grassy Terrain\n|upkeep\n|turn|6\n|inactive|Jop 27 in a row has 30 seconds left.\n|inactive|wolfey666888 has 30 seconds left.\n|inactive|Jop 27 in a row has 20 seconds left.\n|\n|t:|1699852199\n|switch|p2b: Sinistcha|Sinistcha-Masterpiece, L50|100\/100\n|-heal|p2a: Flutter Mane|58\/100|[from] ability: Hospitality|[of] p2b: Sinistcha\n|move|p1a: Sinistcha|Life Dew||[still]|[spread] p1a,p1b\n|-fail|p1a: Sinistcha|heal\n|-heal|p1b: Moltres|70\/100\n|move|p1b: Moltres|Fiery Wrath|p2b: Sinistcha|[spread] p2a,p2b\n|-supereffective|p2b: Sinistcha\n|-damage|p2a: Flutter Mane|0 fnt\n|-damage|p2b: Sinistcha|0 fnt\n|faint|p2a: Flutter Mane\n|-end|p2a: Flutter Mane|Protosynthesis|[silent]\n|faint|p2b: Sinistcha\n|\n|upkeep\n|\n|t:|1699852214\n|switch|p2b: Rillaboom|Rillaboom, L50, F|100\/100\n|switch|p2a: Ogerpon|Ogerpon-Hearthflame-Tera, L50, F, tera:Fire|17\/100\n|-fieldstart|move: Grassy Terrain|[from] ability: Grassy Surge|[of] p2b: Rillaboom\n|-ability|p2a: Ogerpon|Embody Aspect (Hearthflame)|boost\n|-boost|p2a: Ogerpon|atk|1\n|turn|7\n|\n|t:|1699852226\n|switch|p1a: Grimmsnarl|Grimmsnarl, L50, M|100\/100\n|move|p1b: Moltres|Protect|p1b: Moltres\n|-singleturn|p1b: Moltres|Protect\n|move|p2b: Rillaboom|Fake Out|p1b: Moltres\n|-activate|p1b: Moltres|move: Protect\n|move|p2a: Ogerpon|Ivy Cudgel|p1a: Grimmsnarl\n|-damage|p1a: Grimmsnarl|21\/100\n|\n|-heal|p1a: Grimmsnarl|27\/100|[from] Grassy Terrain\n|-heal|p1b: Moltres|77\/100|[from] Grassy Terrain\n|-heal|p2a: Ogerpon|23\/100|[from] Grassy Terrain\n|upkeep\n|turn|8\n|inactive|wolfey666888 has 30 seconds left.\n|\n|t:|1699852252\n|move|p1a: Grimmsnarl|Parting Shot|p2b: Rillaboom\n|-unboost|p2b: Rillaboom|atk|1\n|-unboost|p2b: Rillaboom|spa|1\n|\n|t:|1699852254\n|switch|p1a: Sinistcha|Sinistcha, L50|100\/100|[from] Parting Shot\n|-heal|p1b: Moltres|100\/100|[from] ability: Hospitality|[of] p1a: Sinistcha\n|move|p2a: Ogerpon|Grassy Glide|p1b: Moltres\n|-resisted|p1b: Moltres\n|-damage|p1b: Moltres|76\/100\n|move|p2b: Rillaboom|High Horsepower|p1b: Moltres\n|-supereffective|p1b: Moltres\n|-damage|p1b: Moltres|43\/100\n|-ability|p1b: Moltres|Berserk|boost\n|-boost|p1b: Moltres|spa|1\n|move|p1b: Moltres|Fiery Wrath|p2a: Ogerpon|[spread] p2a,p2b\n|-damage|p2a: Ogerpon|0 fnt\n|-damage|p2b: Rillaboom|34\/100\n|faint|p2a: Ogerpon\n|\n|-heal|p2b: Rillaboom|40\/100|[from] Grassy Terrain\n|-heal|p1b: Moltres|49\/100|[from] Grassy Terrain\n|upkeep\n|turn|9\n|-message|wolfey666888 forfeited.\n|\n|win|Jop 27 in a row\n|raw|Jop 27 in a row's rating: 1095 &rarr; <strong>1122<\/strong><br \/>(+27 for winning)\n|raw|wolfey666888's rating: 1115 &rarr; <strong>1089<\/strong><br \/>(-26 for losing)\n|l|\u2606wolfey666888\n","uploadtime":1699852331,"views":16,"p1id":"jop27inarow","p2id":"wolfey666888","formatid":"gen9vgc2023regulatione","rating":1089,"private":0,"password":""}