{"id":"gen9vgc2023regulatione-1999133488","p1":"realxqt","p2":"gabtesting","format":"[Gen 9] VGC 2023 Regulation E","log":"|j|\u2606realxqt\n|j|\u2606gabtesting\n|t:|1701036759\n|gametype|doubles\n|player|p1|realxqt|dragontamer|1080\n|player|p2|gabtesting|wallace|1074\n|teamsize|p1|6\n|teamsize|p2|6\n|gen|9\n|tier|[Gen 9] VGC 2023 Regulation E\n|rated|\n|rule|Species Clause: Limit one of each Pok\u00e9mon\n|rule|Item Clause: Limit one of each item\n|clearpoke\n|poke|p1|Armarouge, L50, M|\n|poke|p1|Indeedee-F, L50, F|\n|poke|p1|Bronzong, L50|\n|poke|p1|Torkoal, L50, M|\n|poke|p1|Roaring Moon, L50|\n|poke|p1|Ursaluna, L50, M|\n|poke|p2|Ninetales-Alola, L50, F|\n|poke|p2|Cetitan, L50, M|\n|poke|p2|Baxcalibur, L50, M|\n|poke|p2|Landorus-Therian, L50, M|\n|poke|p2|Heatran, L50, M|\n|poke|p2|Zapdos, L50|\n|teampreview|4\n|inactive|Battle timer is ON: inactive players will automatically lose when time's up. (requested by gabtesting)\n|inactive|realxqt also wants the timer to be on.\n|inactive|realxqt has 60 seconds left.\n|\n|t:|1701036796\n|start\n|switch|p1a: Indeedee|Indeedee-F, L50, F|100\/100\n|switch|p1b: Bronzong|Bronzong, L50|100\/100\n|switch|p2a: Ninetales|Ninetales-Alola, L50, F|100\/100\n|switch|p2b: Baxcalibur|Baxcalibur, L50, M|100\/100\n|-weather|Snow|[from] ability: Snow Warning|[of] p2a: Ninetales\n|-fieldstart|move: Psychic Terrain|[from] ability: Psychic Surge|[of] p1a: Indeedee\n|turn|1\n|inactive|gabtesting has 30 seconds left.\n|\n|t:|1701036824\n|switch|p2a: Zapdos|Zapdos, L50|100\/100\n|move|p2b: Baxcalibur|Swords Dance|p2b: Baxcalibur\n|-boost|p2b: Baxcalibur|atk|2\n|move|p1b: Bronzong|Iron Defense|p1b: Bronzong\n|-boost|p1b: Bronzong|def|2\n|move|p1a: Indeedee|Trick Room|p1a: Indeedee\n|-fieldstart|move: Trick Room|[of] p1a: Indeedee\n|\n|-weather|Snow|[upkeep]\n|upkeep\n|turn|2\n|inactive|realxqt has 30 seconds left.\n|inactive|gabtesting has 30 seconds left.\n|\n|t:|1701036852\n|switch|p1a: Ursaluna|Ursaluna, L50, M|100\/100\n|move|p1b: Bronzong|Iron Defense|p1b: Bronzong\n|-boost|p1b: Bronzong|def|2\n|move|p2a: Zapdos|Thunderbolt|p1b: Bronzong\n|-damage|p1b: Bronzong|69\/100\n|move|p2b: Baxcalibur|Icicle Spear|p1a: Ursaluna\n|-supereffective|p1a: Ursaluna\n|-damage|p1a: Ursaluna|59\/100\n|-supereffective|p1a: Ursaluna\n|-damage|p1a: Ursaluna|21\/100\n|-supereffective|p1a: Ursaluna\n|-damage|p1a: Ursaluna|0 fnt\n|faint|p1a: Ursaluna\n|-hitcount|p1: Ursaluna|3\n|\n|-weather|Snow|[upkeep]\n|upkeep\n|\n|t:|1701036872\n|switch|p1a: Torkoal|Torkoal, L50, M|100\/100\n|-weather|SunnyDay|[from] ability: Drought|[of] p1a: Torkoal\n|turn|3\n|\n|t:|1701036897\n|switch|p1a: Indeedee|Indeedee-F, L50, F|100\/100\n|switch|p2a: Ninetales|Ninetales-Alola, L50, F|100\/100\n|-weather|Snow|[from] ability: Snow Warning|[of] p2a: Ninetales\n|move|p1b: Bronzong|Body Press|p2b: Baxcalibur\n|-supereffective|p2b: Baxcalibur\n|-damage|p2b: Baxcalibur|28\/100\n|move|p2b: Baxcalibur|Icicle Spear|p1b: Bronzong\n|-resisted|p1b: Bronzong\n|-damage|p1b: Bronzong|65\/100\n|-resisted|p1b: Bronzong\n|-damage|p1b: Bronzong|61\/100\n|-resisted|p1b: Bronzong\n|-damage|p1b: Bronzong|57\/100\n|-resisted|p1b: Bronzong\n|-damage|p1b: Bronzong|52\/100\n|-hitcount|p1b: Bronzong|4\n|\n|-weather|Snow|[upkeep]\n|-heal|p2b: Baxcalibur|35\/100|[from] ability: Ice Body\n|upkeep\n|turn|4\n|inactive|realxqt has 30 seconds left.\n|inactive|gabtesting has 30 seconds left.\n|\n|t:|1701036931\n|move|p1a: Indeedee|Protect|p1a: Indeedee\n|-singleturn|p1a: Indeedee|Protect\n|move|p2b: Baxcalibur|Protect|p2b: Baxcalibur\n|-singleturn|p2b: Baxcalibur|Protect\n|move|p1b: Bronzong|Body Press|p2b: Baxcalibur\n|-activate|p2b: Baxcalibur|move: Protect\n|move|p2a: Ninetales|Aurora Veil|p2a: Ninetales\n|-sidestart|p2: gabtesting|move: Aurora Veil\n|\n|-weather|Snow|[upkeep]\n|-heal|p2b: Baxcalibur|41\/100|[from] ability: Ice Body\n|upkeep\n|turn|5\n|inactive|realxqt has 30 seconds left.\n|inactive|gabtesting has 30 seconds left.\n|inactive|gabtesting has 20 seconds left.\n|\n|t:|1701036970\n|move|p2b: Baxcalibur|Scale Shot|p1a: Indeedee\n|-damage|p1a: Indeedee|73\/100\n|-damage|p1a: Indeedee|46\/100\n|-damage|p1a: Indeedee|20\/100\n|-damage|p1a: Indeedee|0 fnt\n|faint|p1a: Indeedee\n|-hitcount|p1: Indeedee|4\n|-unboost|p2b: Baxcalibur|def|1\n|-boost|p2b: Baxcalibur|spe|1\n|move|p2a: Ninetales|Moonblast|p1b: Bronzong\n|-resisted|p1b: Bronzong\n|-damage|p1b: Bronzong|43\/100\n|-unboost|p1b: Bronzong|spa|1\n|move|p1b: Bronzong|Trick Room|p1b: Bronzong\n|-fieldend|move: Trick Room\n|\n|-weather|Snow|[upkeep]\n|-heal|p2b: Baxcalibur|47\/100|[from] ability: Ice Body\n|-fieldend|move: Psychic Terrain\n|upkeep\n|\n|t:|1701036987\n|switch|p1a: Torkoal|Torkoal, L50, M|100\/100\n|-weather|SunnyDay|[from] ability: Drought|[of] p1a: Torkoal\n|turn|6\n|\n|t:|1701037007\n|switch|p2a: Heatran|Heatran, L50, M|100\/100\n|-terastallize|p1a: Torkoal|Fire\n|move|p2b: Baxcalibur|Protect|p2b: Baxcalibur\n|-singleturn|p2b: Baxcalibur|Protect\n|move|p1a: Torkoal|Heat Wave|p2a: Heatran|[spread] \n|-activate|p2b: Baxcalibur|move: Protect\n|-start|p2a: Heatran|ability: Flash Fire\n|move|p1b: Bronzong|Body Press|p2b: Baxcalibur\n|-activate|p2b: Baxcalibur|move: Protect\n|\n|-weather|SunnyDay|[upkeep]\n|upkeep\n|turn|7\n|inactive|gabtesting has 30 seconds left.\n|\n|t:|1701037036\n|move|p2a: Heatran|Protect|p2a: Heatran\n|-singleturn|p2a: Heatran|Protect\n|move|p2b: Baxcalibur|Scale Shot|p1a: Torkoal\n|-damage|p1a: Torkoal|78\/100\n|-crit|p1a: Torkoal\n|-damage|p1a: Torkoal|43\/100\n|-damage|p1a: Torkoal|19\/100\n|-damage|p1a: Torkoal|0 fnt\n|faint|p1a: Torkoal\n|-hitcount|p1: Torkoal|4\n|-unboost|p2b: Baxcalibur|def|1\n|-boost|p2b: Baxcalibur|spe|1\n|move|p1b: Bronzong|Trick Room|p1b: Bronzong\n|-fieldstart|move: Trick Room|[of] p1b: Bronzong\n|\n|-weather|SunnyDay|[upkeep]\n|upkeep\n|turn|8\n|inactive|gabtesting has 30 seconds left.\n|\n|t:|1701037063\n|move|p1b: Bronzong|Body Press|p2a: Heatran\n|-supereffective|p2a: Heatran\n|-damage|p2a: Heatran|35\/100\n|move|p2a: Heatran|Heat Wave|p1b: Bronzong\n|-supereffective|p1b: Bronzong\n|-damage|p1b: Bronzong|0 fnt\n|faint|p1b: Bronzong\n|-damage|p2a: Heatran|25\/100|[from] item: Life Orb\n|\n|win|gabtesting\n|raw|realxqt's rating: 1080 &rarr; <strong>1058<\/strong><br \/>(-22 for losing)\n|raw|gabtesting's rating: 1074 &rarr; <strong>1103<\/strong><br \/>(+29 for winning)\n|c|\u2606gabtesting|gg\n|l|\u2606realxqt\n","uploadtime":1701037081,"views":15,"p1id":"realxqt","p2id":"gabtesting","formatid":"gen9vgc2023regulatione","rating":1058,"private":0,"password":""}