{"id":"gen9vgc2023regulatione-1991180681","p1":"realxqt","p2":"VegitoSKBEST","format":"[Gen 9] VGC 2023 Regulation E","log":"|j|\u2606realxqt\n|j|\u2606VegitoSKBEST\n|t:|1700054268\n|gametype|doubles\n|player|p1|realxqt|dragontamer|1091\n|player|p2|VegitoSKBEST|colress|1051\n|teamsize|p1|4\n|teamsize|p2|6\n|gen|9\n|tier|[Gen 9] VGC 2023 Regulation E\n|rated|\n|rule|Species Clause: Limit one of each Pok\u00e9mon\n|rule|Item Clause: Limit one of each item\n|clearpoke\n|poke|p1|Dondozo, L50, F|\n|poke|p1|Tatsugiri, L50, M|\n|poke|p1|Slowbro-Galar, L50, M|\n|poke|p1|Weezing-Galar, L50, F|\n|poke|p2|Torterra, L50, M|\n|poke|p2|Armarouge, L50, M|\n|poke|p2|Indeedee-F, L50, F|\n|poke|p2|Torkoal, L50, M|\n|poke|p2|Flutter Mane, L50|\n|poke|p2|Glastrier, L50|\n|teampreview|4\n|\n|t:|1700054307\n|start\n|switch|p1a: Tatsugiri|Tatsugiri, L50, M|100\/100\n|switch|p1b: Weezing|Weezing-Galar, L50, F|100\/100\n|switch|p2a: Torterra|Torterra, L50, M|100\/100\n|switch|p2b: Indeedee|Indeedee-F, L50, F|100\/100\n|-ability|p1b: Weezing|Neutralizing Gas\n|turn|1\n|inactive|Battle timer is ON: inactive players will automatically lose when time's up. (requested by VegitoSKBEST)\n|\n|t:|1700054327\n|move|p1a: Tatsugiri|Endure|p1a: Tatsugiri\n|-singleturn|p1a: Tatsugiri|move: Endure\n|move|p2a: Torterra|Shell Smash|p2a: Torterra\n|-unboost|p2a: Torterra|def|1\n|-unboost|p2a: Torterra|spd|1\n|-boost|p2a: Torterra|atk|2\n|-boost|p2a: Torterra|spa|2\n|-boost|p2a: Torterra|spe|2\n|-enditem|p2a: Torterra|White Herb\n|-clearnegativeboost|p2a: Torterra|[silent]\n|move|p2b: Indeedee|Psychic|p1b: Weezing\n|-supereffective|p1b: Weezing\n|-damage|p1b: Weezing|0 fnt\n|faint|p1b: Weezing\n|-end|p1b: Weezing|ability: Neutralizing Gas\n|\n|-status|p1a: Tatsugiri|tox|[from] item: Toxic Orb\n|upkeep\n|inactive|realxqt has 30 seconds left.\n|inactive|realxqt has 20 seconds left.\n|inactive|realxqt has 15 seconds left.\n|\n|t:|1700054367\n|switch|p1b: Dondozo|Dondozo, L50, F|100\/100\n|-activate|p1a: Tatsugiri|ability: Commander|[of] p1b: Dondozo\n|-boost|p1b: Dondozo|atk|2\n|-boost|p1b: Dondozo|spa|2\n|-boost|p1b: Dondozo|spe|2\n|-boost|p1b: Dondozo|def|2\n|-boost|p1b: Dondozo|spd|2\n|turn|2\n|inactive|realxqt has 30 seconds left.\n|\n|t:|1700054393\n|move|p2b: Indeedee|Helping Hand|p2a: Torterra\n|-singleturn|p2a: Torterra|Helping Hand|[of] p2b: Indeedee\n|move|p2a: Torterra|Wood Hammer|p1b: Dondozo\n|-supereffective|p1b: Dondozo\n|-damage|p1b: Dondozo|42\/100\n|-damage|p2a: Torterra|71\/100|[from] Recoil\n|move|p1b: Dondozo|Order Up|p2a: Torterra\n|-damage|p2a: Torterra|17\/100\n|-boost|p1b: Dondozo|atk|1\n|\n|-damage|p1a: Tatsugiri|94\/100 tox|[from] psn\n|upkeep\n|turn|3\n|\n|t:|1700054415\n|move|p2b: Indeedee|Helping Hand|p2a: Torterra\n|-singleturn|p2a: Torterra|Helping Hand|[of] p2b: Indeedee\n|move|p1b: Dondozo|Protect|p1b: Dondozo\n|-singleturn|p1b: Dondozo|Protect\n|move|p2a: Torterra|Wood Hammer|p1b: Dondozo\n|-activate|p1b: Dondozo|move: Protect\n|\n|-damage|p1a: Tatsugiri|82\/100 tox|[from] psn\n|upkeep\n|turn|4\n|\n|t:|1700054426\n|-terastallize|p1b: Dondozo|Steel\n|move|p2b: Indeedee|Helping Hand|p2a: Torterra\n|-singleturn|p2a: Torterra|Helping Hand|[of] p2b: Indeedee\n|move|p2a: Torterra|Wood Hammer|p1b: Dondozo\n|-resisted|p1b: Dondozo\n|-damage|p1b: Dondozo|21\/100\n|-damage|p2a: Torterra|6\/100|[from] Recoil\n|move|p1b: Dondozo|Order Up|p2a: Torterra\n|-damage|p2a: Torterra|0 fnt\n|faint|p2a: Torterra\n|-boost|p1b: Dondozo|atk|1\n|\n|-damage|p1a: Tatsugiri|63\/100 tox|[from] psn\n|upkeep\n|\n|t:|1700054440\n|switch|p2a: Armarouge|Armarouge, L50, M|100\/100\n|turn|5\n|\n|t:|1700054446\n|move|p1b: Dondozo|Protect|p1b: Dondozo\n|-singleturn|p1b: Dondozo|Protect\n|move|p2a: Armarouge|Protect|p2a: Armarouge\n|-singleturn|p2a: Armarouge|Protect\n|move|p2b: Indeedee|Trick Room|p2b: Indeedee\n|-fieldstart|move: Trick Room|[of] p2b: Indeedee\n|\n|-damage|p1a: Tatsugiri|38\/100 tox|[from] psn\n|upkeep\n|turn|6\n|\n|t:|1700054459\n|-terastallize|p2a: Armarouge|Fire\n|move|p2b: Indeedee|Helping Hand|p2a: Armarouge\n|-singleturn|p2a: Armarouge|Helping Hand|[of] p2b: Indeedee\n|move|p2a: Armarouge|Heat Wave|p1b: Dondozo|[spread] p1b\n|-miss|p2a: Armarouge|p1a: Tatsugiri\n|-supereffective|p1b: Dondozo\n|-damage|p1b: Dondozo|0 fnt\n|faint|p1b: Dondozo\n|\n|-damage|p1a: Tatsugiri|7\/100 tox|[from] psn\n|upkeep\n|inactive|realxqt has 30 seconds left.\n|c|\u2606realxqt|dunno why explosion didnt  work...\n|\n|t:|1700054493\n|switch|p1b: Slowbro|Slowbro-Galar, L50, M|100\/100\n|turn|7\n|-activate|p1b: Slowbro|ability: Quick Draw\n|\n|t:|1700054507\n|move|p2b: Indeedee|Helping Hand|p2a: Armarouge\n|-singleturn|p2a: Armarouge|Helping Hand|[of] p2b: Indeedee\n|move|p1a: Tatsugiri|Endure|p1a: Tatsugiri\n|-singleturn|p1a: Tatsugiri|move: Endure\n|move|p1b: Slowbro|Flamethrower|p2b: Indeedee\n|-damage|p2b: Indeedee|78\/100\n|move|p2a: Armarouge|Expanding Force|p1a: Tatsugiri\n|-activate|p1a: Tatsugiri|move: Endure\n|-damage|p1a: Tatsugiri|1\/100 tox\n|\n|-damage|p1a: Tatsugiri|0 fnt|[from] psn\n|faint|p1a: Tatsugiri\n|upkeep\n|turn|8\n|c|\u2606VegitoSKBEST|winnn\n|-message|realxqt forfeited.\n|\n|win|VegitoSKBEST\n|raw|realxqt's rating: 1091 &rarr; <strong>1065<\/strong><br \/>(-26 for losing)\n|raw|VegitoSKBEST's rating: 1051 &rarr; <strong>1087<\/strong><br \/>(+36 for winning)\n|l|\u2606realxqt\n","uploadtime":1700054540,"views":11,"p1id":"realxqt","p2id":"vegitoskbest","formatid":"gen9vgc2023regulatione","rating":1065,"private":0,"password":""}