{"id":"gen9vgc2023regulatione-1992831879","p1":"ChessmasterJackson","p2":"StupidSweepers","format":"[Gen 9] VGC 2023 Regulation E","log":"|j|\u2606ChessmasterJackson\n|j|\u2606StupidSweepers\n|t:|1700239262\n|gametype|doubles\n|player|p1|ChessmasterJackson|2|1188\n|player|p2|StupidSweepers|burglar|1263\n|teamsize|p1|6\n|teamsize|p2|6\n|gen|9\n|tier|[Gen 9] VGC 2023 Regulation E\n|rated|\n|rule|Species Clause: Limit one of each Pok\u00e9mon\n|rule|Item Clause: Limit one of each item\n|clearpoke\n|poke|p1|Regieleki, L50|\n|poke|p1|Landorus-Therian, L50, M|\n|poke|p1|Ninetales-Alola, L50, M|\n|poke|p1|Infernape, L50, F|\n|poke|p1|Kingambit, L50, F|\n|poke|p1|Iron Bundle, L50|\n|poke|p2|Tornadus, L50, M|\n|poke|p2|Ogerpon-Wellspring, L50, F|\n|poke|p2|Thundurus-Therian, L50, M|\n|poke|p2|Chien-Pao, L50|\n|poke|p2|Dragonite, L50, M|\n|poke|p2|Brambleghast, L50, M|\n|teampreview|4\n|\n|t:|1700239319\n|start\n|switch|p1a: Ninetales|Ninetales-Alola, L50, M|100\/100\n|switch|p1b: Regieleki|Regieleki, L50|100\/100\n|switch|p2a: Chien-Pao|Chien-Pao, L50|100\/100\n|switch|p2b: Dragonite|Dragonite, L50, M|100\/100\n|-ability|p2a: Chien-Pao|Sword of Ruin\n|-weather|Snow|[from] ability: Snow Warning|[of] p1a: Ninetales\n|turn|1\n|\n|t:|1700239346\n|-terastallize|p2b: Dragonite|Normal\n|move|p2b: Dragonite|Extreme Speed|p1a: Ninetales\n|-damage|p1a: Ninetales|5\/100\n|move|p1b: Regieleki|Electroweb|p2a: Chien-Pao|[spread] p2a,p2b\n|-damage|p2a: Chien-Pao|46\/100\n|-damage|p2b: Dragonite|70\/100\n|-unboost|p2a: Chien-Pao|spe|1\n|-unboost|p2b: Dragonite|spe|1\n|move|p1a: Ninetales|Aurora Veil|p1a: Ninetales\n|-sidestart|p1: ChessmasterJackson|move: Aurora Veil\n|move|p2a: Chien-Pao|Crunch|p1a: Ninetales\n|-resisted|p1a: Ninetales\n|-damage|p1a: Ninetales|0 fnt\n|faint|p1a: Ninetales\n|\n|-weather|Snow|[upkeep]\n|upkeep\n|\n|t:|1700239366\n|switch|p1a: Landorus|Landorus-Therian, L50, M|100\/100\n|-ability|p1a: Landorus|Intimidate|boost\n|-unboost|p2a: Chien-Pao|atk|1\n|-fail|p2b: Dragonite|unboost|Attack|[from] ability: Inner Focus|[of] p2b: Dragonite\n|turn|2\n|\n|t:|1700239377\n|move|p2a: Chien-Pao|Protect|p2a: Chien-Pao\n|-singleturn|p2a: Chien-Pao|Protect\n|move|p2b: Dragonite|Extreme Speed|p1b: Regieleki\n|-damage|p1b: Regieleki|0 fnt\n|faint|p1b: Regieleki\n|move|p1a: Landorus|Rock Slide|p2b: Dragonite|[spread] p2b\n|-activate|p2a: Chien-Pao|move: Protect\n|-damage|p2b: Dragonite|44\/100\n|\n|-weather|Snow|[upkeep]\n|upkeep\n|\n|t:|1700239390\n|switch|p1b: Iron Bundle|Iron Bundle, L50|100\/100\n|-enditem|p1b: Iron Bundle|Booster Energy\n|-activate|p1b: Iron Bundle|ability: Quark Drive|[fromitem]\n|-start|p1b: Iron Bundle|quarkdrivespa\n|turn|3\n|\n|t:|1700239399\n|move|p2b: Dragonite|Extreme Speed|p1b: Iron Bundle\n|-damage|p1b: Iron Bundle|53\/100\n|move|p2a: Chien-Pao|Sucker Punch|p1b: Iron Bundle\n|-damage|p1b: Iron Bundle|36\/100\n|move|p1a: Landorus|Rock Slide|p2b: Dragonite|[spread] p2a\n|-miss|p1a: Landorus|p2b: Dragonite\n|-supereffective|p2a: Chien-Pao\n|-damage|p2a: Chien-Pao|6\/100\n|move|p1b: Iron Bundle|Blizzard|p2b: Dragonite|[spread] p2a,p2b\n|-resisted|p2a: Chien-Pao\n|-damage|p2a: Chien-Pao|0 fnt\n|-damage|p2b: Dragonite|0 fnt\n|faint|p2a: Chien-Pao\n|faint|p2b: Dragonite\n|\n|-weather|Snow|[upkeep]\n|upkeep\n|\n|t:|1700239403\n|switch|p2a: Ogerpon|Ogerpon-Wellspring, L50, F|100\/100\n|switch|p2b: Tornadus|Tornadus, L50, M|100\/100\n|turn|4\n|\n|t:|1700239433\n|-terastallize|p1a: Landorus|Flying\n|move|p2b: Tornadus|Tailwind|p2b: Tornadus\n|-sidestart|p2: StupidSweepers|move: Tailwind\n|move|p2a: Ogerpon|Horn Leech|p1b: Iron Bundle\n|-supereffective|p1b: Iron Bundle\n|-damage|p1b: Iron Bundle|0 fnt\n|faint|p1b: Iron Bundle\n|-end|p1b: Iron Bundle|Quark Drive|[silent]\n|move|p1a: Landorus|Rock Slide|p2b: Tornadus|[spread] p2b\n|-miss|p1a: Landorus|p2a: Ogerpon\n|-supereffective|p2b: Tornadus\n|-damage|p2b: Tornadus|41\/100\n|\n|-weather|Snow|[upkeep]\n|upkeep\n|turn|5\n|\n|t:|1700239453\n|move|p2b: Tornadus|Rain Dance|p2b: Tornadus\n|-weather|RainDance\n|move|p2a: Ogerpon|Ivy Cudgel|p1a: Landorus|[anim] Ivy Cudgel Water\n|-damage|p1a: Landorus|25\/100\n|move|p1a: Landorus|Rock Slide|p2a: Ogerpon|[spread] p2a,p2b\n|-supereffective|p2b: Tornadus\n|-damage|p2a: Ogerpon|70\/100\n|-damage|p2b: Tornadus|0 fnt\n|faint|p2b: Tornadus\n|\n|-weather|RainDance|[upkeep]\n|-sideend|p1: ChessmasterJackson|move: Aurora Veil\n|upkeep\n|turn|6\n|\n|t:|1700239465\n|move|p2a: Ogerpon|Ivy Cudgel|p1a: Landorus|[anim] Ivy Cudgel Water\n|-damage|p1a: Landorus|0 fnt\n|faint|p1a: Landorus\n|\n|win|StupidSweepers\n|raw|ChessmasterJackson's rating: 1188 &rarr; <strong>1168<\/strong><br \/>(-20 for losing)\n|raw|StupidSweepers's rating: 1263 &rarr; <strong>1283<\/strong><br \/>(+20 for winning)\n|c|\u2606StupidSweepers|gg\n|l|\u2606ChessmasterJackson\n","uploadtime":1700239474,"views":16,"p1id":"chessmasterjackson","p2id":"stupidsweepers","formatid":"gen9vgc2023regulatione","rating":1168,"private":0,"password":""}