{"id":"gen9vgc2023regulatione-1989745673","p1":"kaleb5royal","p2":"UrshifuIncarnate","format":"[Gen 9] VGC 2023 Regulation E","log":"|j|\u2606kaleb5royal\n|j|\u2606UrshifuIncarnate\n|t:|1699892170\n|gametype|doubles\n|player|p1|kaleb5royal|benga|1285\n|player|p2|UrshifuIncarnate|unknown|1360\n|teamsize|p1|6\n|teamsize|p2|6\n|gen|9\n|tier|[Gen 9] VGC 2023 Regulation E\n|rated|\n|rule|Species Clause: Limit one of each Pok\u00e9mon\n|rule|Item Clause: Limit one of each item\n|clearpoke\n|poke|p1|Landorus, L50, M|\n|poke|p1|Tornadus, L50, M|\n|poke|p1|Dragonite, L50, F|\n|poke|p1|Sinistcha-Masterpiece, L50|\n|poke|p1|Iron Hands, L50|\n|poke|p1|Chien-Pao, L50|\n|poke|p2|Landorus, L50, M|\n|poke|p2|Tornadus, L50, M|\n|poke|p2|Ogerpon-Hearthflame, L50, F|\n|poke|p2|Iron Hands, L50|\n|poke|p2|Urshifu-*, L50, M|\n|poke|p2|Rillaboom, L50, M|\n|teampreview|4\nUrshifuIncarnate has agreed to open team sheets.\n|\n|t:|1699892194\n|start\n|switch|p1a: Tornadus|Tornadus, L50, M|100\/100\n|switch|p1b: Chien-Pao|Chien-Pao, L50|100\/100\n|switch|p2a: Shamone-Strike|Urshifu-Rapid-Strike, L50, M|100\/100\n|switch|p2b: Just A Prank Bro|Tornadus, L50, M, shiny|100\/100\n|-ability|p1b: Chien-Pao|Sword of Ruin\n|turn|1\n|\n|t:|1699892209\n|-terastallize|p2a: Shamone-Strike|Water\n|move|p2b: Just A Prank Bro|Tailwind|p2b: Just A Prank Bro\n|-sidestart|p2: UrshifuIncarnate|move: Tailwind\n|move|p1a: Tornadus|Tailwind|p1a: Tornadus\n|-sidestart|p1: kaleb5royal|move: Tailwind\n|move|p2a: Shamone-Strike|Surging Strikes|p1b: Chien-Pao\n|-crit|p1b: Chien-Pao\n|-damage|p1b: Chien-Pao|64\/100\n|-crit|p1b: Chien-Pao\n|-damage|p1b: Chien-Pao|26\/100\n|-crit|p1b: Chien-Pao\n|-damage|p1b: Chien-Pao|0 fnt\n|faint|p1b: Chien-Pao\n|-hitcount|p1: Chien-Pao|3\n|\n|upkeep\n|\n|t:|1699892222\n|switch|p1b: Dragonite|Dragonite, L50, F|100\/100\n|turn|2\n|\n|t:|1699892241\n|move|p2b: Just A Prank Bro|Rain Dance|p2b: Just A Prank Bro\n|-weather|RainDance\n|move|p1a: Tornadus|Taunt|p2b: Just A Prank Bro\n|-start|p2b: Just A Prank Bro|move: Taunt\n|-enditem|p2b: Just A Prank Bro|Mental Herb\n|-end|p2b: Just A Prank Bro|move: Taunt\n|move|p2a: Shamone-Strike|Surging Strikes|p1a: Tornadus\n|-crit|p1a: Tornadus\n|-damage|p1a: Tornadus|45\/100\n|-crit|p1a: Tornadus\n|-damage|p1a: Tornadus|0 fnt\n|faint|p1a: Tornadus\n|-hitcount|p1: Tornadus|2\n|move|p1b: Dragonite|Outrage|p2a: Shamone-Strike\n|-damage|p2a: Shamone-Strike|0 fnt\n|faint|p2a: Shamone-Strike\n|\n|-weather|RainDance|[upkeep]\n|upkeep\n|\n|t:|1699892260\n|switch|p2a: Landizzle|Landorus, L50, M|100\/100\n|switch|p1a: Landorus|Landorus, L50, M|100\/100\n|turn|3\n|\n|t:|1699892275\n|move|p1a: Landorus|Sludge Bomb|p2b: Just A Prank Bro\n|-damage|p2b: Just A Prank Bro|41\/100\n|move|p2a: Landizzle|Sludge Bomb|p1b: Dragonite\n|-damage|p1b: Dragonite|55\/100\n|move|p2b: Just A Prank Bro|Bleakwind Storm|p1a: Landorus|[spread] p1a,p1b\n|-damage|p1a: Landorus|60\/100\n|-damage|p1b: Dragonite|25\/100\n|move|p1b: Dragonite|Outrage|p2b: Just A Prank Bro|[from]lockedmove\n|-damage|p2b: Just A Prank Bro|0 fnt\n|faint|p2b: Just A Prank Bro\n|-start|p1b: Dragonite|confusion|[fatigue]\n|\n|-weather|RainDance|[upkeep]\n|upkeep\n|\n|t:|1699892287\n|switch|p2b: Iron Pants|Iron Hands, L50|100\/100\n|turn|4\n|\n|t:|1699892294\n|move|p2b: Iron Pants|Fake Out|p1a: Landorus\n|-damage|p1a: Landorus|41\/100\n|move|p2a: Landizzle|Sludge Bomb|p1b: Dragonite\n|-damage|p1b: Dragonite|0 fnt\n|faint|p1b: Dragonite\n|cant|p1a: Landorus|flinch\n|\n|-weather|RainDance|[upkeep]\n|-sideend|p1: kaleb5royal|move: Tailwind\n|-sideend|p2: UrshifuIncarnate|move: Tailwind\n|upkeep\n|turn|5\n|\n|t:|1699892305\n|-terastallize|p1a: Landorus|Fire\n|move|p2a: Landizzle|Sludge Bomb|p1a: Landorus\n|-damage|p1a: Landorus|0 fnt\n|faint|p1a: Landorus\n|\n|win|UrshifuIncarnate\n|raw|kaleb5royal's rating: 1285 &rarr; <strong>1265<\/strong><br \/>(-20 for losing)\n|raw|UrshifuIncarnate's rating: 1360 &rarr; <strong>1376<\/strong><br \/>(+16 for winning)\n|l|\u2606kaleb5royal\n","uploadtime":1699892329,"views":12,"p1id":"kaleb5royal","p2id":"urshifuincarnate","formatid":"gen9vgc2023regulatione","rating":1265,"private":0,"password":""}