{"id":"gen9vgc2023regulatione-1994210820","p1":"SquidBox","p2":"hunter16k","format":"[Gen 9] VGC 2023 Regulation E","log":"|j|\u2606SquidBox\n|j|\u2606hunter16k\n|t:|1700419330\n|gametype|doubles\n|player|p1|SquidBox|cyrus|\n|player|p2|hunter16k|skyla|\n|teamsize|p1|6\n|teamsize|p2|6\n|gen|9\n|tier|[Gen 9] VGC 2023 Regulation E\n|rule|Species Clause: Limit one of each Pok\u00e9mon\n|rule|Item Clause: Limit one of each item\n|clearpoke\n|poke|p1|Mudsdale, L50, F|\n|poke|p1|Ogerpon-Hearthflame, L50, F|\n|poke|p1|Qwilfish-Hisui, L50, F|\n|poke|p1|Talonflame, L50, F|\n|poke|p1|Walking Wake, L50|\n|poke|p1|Flutter Mane, L50|\n|poke|p2|Arcanine, L50, M|\n|poke|p2|Dragonite, L50, M|\n|poke|p2|Scizor, L50, F|\n|poke|p2|Milotic, L50, M|\n|poke|p2|Regieleki, L50|\n|poke|p2|Mesprit, L50|\n|teampreview|4\n|inactive|Battle timer is ON: inactive players will automatically lose when time's up. (requested by SquidBox)\n|inactiveoff|Battle timer is now OFF.\n|c|\u2606SquidBox|One second\n|inactive|Battle timer is ON: inactive players will automatically lose when time's up. (requested by SquidBox)\n|c|\u2606SquidBox|Ready\n|inactive|SquidBox has 30 seconds left.\n|inactive|hunter16k has 30 seconds left.\n|inactive|SquidBox has 20 seconds left.\n|inactive|hunter16k has 20 seconds left.\n|inactive|hunter16k has 15 seconds left.\n|\n|t:|1700419416\n|start\n|switch|p1a: Talonflame|Talonflame, L50, F|100\/100\n|switch|p1b: Walking Wake|Walking Wake, L50|100\/100\n|switch|p2a: Arcanine|Arcanine, L50, M|100\/100\n|switch|p2b: Scizor|Scizor, L50, F|100\/100\n|-ability|p2a: Arcanine|Intimidate|boost\n|-unboost|p1a: Talonflame|atk|1\n|-unboost|p1b: Walking Wake|atk|1\n|turn|1\n|inactive|SquidBox has 30 seconds left.\n|inactive|hunter16k has 30 seconds left.\n|inactive|hunter16k has 20 seconds left.\n|inactive|hunter16k has 15 seconds left.\n|inactive|hunter16k has 10 seconds left.\n|\n|t:|1700419464\n|switch|p2b: Regieleki|Regieleki, L50|100\/100\n|move|p2a: Arcanine|Protect|p2a: Arcanine\n|-singleturn|p2a: Arcanine|Protect\n|move|p1a: Talonflame|Tailwind|p1a: Talonflame\n|-sidestart|p1: SquidBox|move: Tailwind\n|move|p1b: Walking Wake|Flamethrower|p2b: Regieleki\n|-damage|p2b: Regieleki|25\/100\n|-damage|p1b: Walking Wake|91\/100|[from] item: Life Orb\n|\n|upkeep\n|turn|2\n|inactive|SquidBox has 30 seconds left.\n|inactive|hunter16k has 30 seconds left.\n|\n|t:|1700419498\n|switch|p2a: Dragonite|Dragonite, L50, M|100\/100\n|move|p2b: Regieleki|Protect|p2b: Regieleki\n|-singleturn|p2b: Regieleki|Protect\n|move|p1a: Talonflame|Sunny Day|p1a: Talonflame\n|-weather|SunnyDay\n|-activate|p1b: Walking Wake|ability: Protosynthesis\n|-start|p1b: Walking Wake|protosynthesisspa\n|move|p1b: Walking Wake|Hydro Steam|p2a: Dragonite\n|-resisted|p2a: Dragonite\n|-damage|p2a: Dragonite|84\/100\n|-damage|p1b: Walking Wake|81\/100|[from] item: Life Orb\n|\n|-weather|SunnyDay|[upkeep]\n|upkeep\n|turn|3\n|inactive|SquidBox has 30 seconds left.\n|inactive|hunter16k has 30 seconds left.\n|inactive|SquidBox has 20 seconds left.\n|inactive|hunter16k has 20 seconds left.\n|inactive|SquidBox has 15 seconds left.\n|inactive|hunter16k has 15 seconds left.\n|\n|t:|1700419541\n|-terastallize|p2a: Dragonite|Normal\n|move|p2a: Dragonite|Extreme Speed|p1b: Walking Wake\n|-damage|p1b: Walking Wake|33\/100\n|move|p1a: Talonflame|Brave Bird|p2b: Regieleki\n|-resisted|p2b: Regieleki\n|-damage|p2b: Regieleki|0 fnt\n|faint|p2b: Regieleki\n|-damage|p1a: Talonflame|93\/100|[from] Recoil\n|move|p1b: Walking Wake|Draco Meteor|p2a: Dragonite\n|-damage|p2a: Dragonite|23\/100\n|-unboost|p1b: Walking Wake|spa|2\n|-damage|p1b: Walking Wake|23\/100|[from] item: Life Orb\n|\n|-weather|SunnyDay|[upkeep]\n|upkeep\n|\n|t:|1700419563\n|switch|p2b: Arcanine|Arcanine, L50, M|100\/100\n|-ability|p2b: Arcanine|Intimidate|boost\n|-unboost|p1a: Talonflame|atk|1\n|-unboost|p1b: Walking Wake|atk|1\n|turn|4\n|inactive|SquidBox has 30 seconds left.\n|inactive|hunter16k has 30 seconds left.\n|\n|t:|1700419594\n|-end|p1b: Walking Wake|Protosynthesis|[silent]\n|switch|p1b: Qwilfish|Qwilfish-Hisui, L50, F|100\/100\n|-ability|p1b: Qwilfish|Intimidate|boost\n|-unboost|p2a: Dragonite|atk|1\n|-unboost|p2b: Arcanine|atk|1\n|switch|p2a: Scizor|Scizor, L50, F|100\/100\n|move|p2b: Arcanine|Extreme Speed|p1b: Qwilfish\n|-damage|p1b: Qwilfish|87\/100\n|move|p1a: Talonflame|Brave Bird|p2a: Scizor\n|-damage|p2a: Scizor|85\/100\n|-damage|p1a: Talonflame|88\/100|[from] Recoil\n|\n|-weather|SunnyDay|[upkeep]\n|-sideend|p1: SquidBox|move: Tailwind\n|upkeep\n|turn|5\n|inactive|SquidBox has 30 seconds left.\n|inactive|hunter16k has 30 seconds left.\n|inactive|SquidBox has 20 seconds left.\n|inactive|hunter16k has 20 seconds left.\n|inactive|SquidBox has 15 seconds left.\n|inactive|hunter16k has 15 seconds left.\n|\n|t:|1700419638\n|switch|p1b: Ogerpon|Ogerpon-Hearthflame, L50, F|100\/100\n|-ability|p1b: Ogerpon|Mold Breaker\n|move|p1a: Talonflame|Tailwind|p1a: Talonflame\n|-sidestart|p1: SquidBox|move: Tailwind\n|move|p2b: Arcanine|Will-O-Wisp|p1b: Ogerpon\n|-immune|p1b: Ogerpon\n|move|p2a: Scizor|Dual Wingbeat|p1a: Talonflame|[miss]\n|-miss|p2a: Scizor|p1a: Talonflame\n|\n|-weather|SunnyDay|[upkeep]\n|upkeep\n|turn|6\n|inactive|SquidBox has 30 seconds left.\n|inactive|hunter16k has 30 seconds left.\n|inactive|hunter16k has 20 seconds left.\n|\n|t:|1700419674\n|switch|p1a: Qwilfish|Qwilfish-Hisui, L50, F|87\/100\n|-ability|p1a: Qwilfish|Intimidate|boost\n|-unboost|p2a: Scizor|atk|1\n|-unboost|p2b: Arcanine|atk|1\n|-terastallize|p1b: Ogerpon|Fire\n|detailschange|p1b: Ogerpon|Ogerpon-Hearthflame-Tera, L50, F, tera:Fire\n|-ability|p1b: Ogerpon|Embody Aspect (Hearthflame)|boost\n|-boost|p1b: Ogerpon|atk|1\n|move|p2b: Arcanine|Extreme Speed|p1a: Qwilfish\n|-damage|p1a: Qwilfish|77\/100\n|move|p1b: Ogerpon|Ivy Cudgel|p2a: Scizor|[anim] Ivy Cudgel Fire\n|-supereffective|p2a: Scizor\n|-damage|p2a: Scizor|0 fnt\n|faint|p2a: Scizor\n|\n|-weather|SunnyDay|[upkeep]\n|upkeep\n|\n|t:|1700419689\n|switch|p2a: Dragonite|Dragonite, L50, M, tera:Normal|23\/100\n|turn|7\n|\n|t:|1700419708\n|move|p2b: Arcanine|Helping Hand|p2a: Dragonite\n|-singleturn|p2a: Dragonite|Helping Hand|[of] p2b: Arcanine\n|move|p1b: Ogerpon|Spiky Shield|p1b: Ogerpon\n|-singleturn|p1b: Ogerpon|move: Protect\n|move|p2a: Dragonite|Extreme Speed|p1b: Ogerpon\n|-activate|p1b: Ogerpon|move: Protect\n|-damage|p2a: Dragonite|11\/100|[from] Spiky Shield|[of] p1b: Ogerpon\n|move|p1a: Qwilfish|Crunch|p2a: Dragonite\n|-damage|p2a: Dragonite|0 fnt\n|faint|p2a: Dragonite\n|\n|-weather|SunnyDay|[upkeep]\n|upkeep\n|turn|8\n|\n|t:|1700419727\n|move|p2b: Arcanine|Protect|p2b: Arcanine\n|-singleturn|p2b: Arcanine|Protect\n|move|p1b: Ogerpon|Ivy Cudgel|p2b: Arcanine|[anim] Ivy Cudgel Fire\n|-activate|p2b: Arcanine|move: Protect\n|move|p1a: Qwilfish|Crunch|p2b: Arcanine\n|-activate|p2b: Arcanine|move: Protect\n|\n|-weather|SunnyDay|[upkeep]\n|-sideend|p1: SquidBox|move: Tailwind\n|upkeep\n|turn|9\n|\n|t:|1700419739\n|move|p1b: Ogerpon|Ivy Cudgel|p2b: Arcanine|[anim] Ivy Cudgel Fire\n|-resisted|p2b: Arcanine\n|-damage|p2b: Arcanine|0 fnt\n|faint|p2b: Arcanine\n|\n|win|SquidBox\n|c|\u2606hunter16k|ggs\n|c|\u2606SquidBox|ggs\n","uploadtime":1700419749,"views":17,"p1id":"squidbox","p2id":"hunter16k","formatid":"gen9vgc2023regulatione","rating":0,"private":0,"password":""}