{"id":"gen9vgc2023regulatione-1994629902","p1":"BonleyVGC","p2":"Gleisbett","format":"[Gen 9] VGC 2023 Regulation E","log":"|j|\u2606BonleyVGC\n|j|\u2606Gleisbett\n|t:|1700472218\n|gametype|doubles\n|player|p1|BonleyVGC|dancer|1258\n|player|p2|Gleisbett|2|1245\n|teamsize|p1|6\n|teamsize|p2|6\n|gen|9\n|tier|[Gen 9] VGC 2023 Regulation E\n|rated|\n|rule|Species Clause: Limit one of each Pok\u00e9mon\n|rule|Item Clause: Limit one of each item\n|clearpoke\n|poke|p1|Thundurus, L50, M|\n|poke|p1|Empoleon, L50, M|\n|poke|p1|Gastrodon, L50, M|\n|poke|p1|Pelipper, L50, F|\n|poke|p1|Tyranitar, L50, M|\n|poke|p1|Drednaw, L50, F|\n|poke|p2|Iron Hands, L50|\n|poke|p2|Baxcalibur, L50, F|\n|poke|p2|Flutter Mane, L50|\n|poke|p2|Heatran, L50, F|\n|poke|p2|Amoonguss, L50, F|\n|poke|p2|Landorus-Therian, L50, M|\n|teampreview|4\n|\n|t:|1700472246\n|start\n|switch|p1a: Tyranitar|Tyranitar, L50, M|100\/100\n|switch|p1b: Drednaw|Drednaw, L50, F|100\/100\n|switch|p2a: Iron Hands|Iron Hands, L50|100\/100\n|switch|p2b: Amoonguss|Amoonguss, L50, F|100\/100\n|-weather|Sandstorm|[from] ability: Sand Stream|[of] p1a: Tyranitar\n|turn|1\n|\n|t:|1700472283\n|switch|p1a: Pelipper|Pelipper, L50, F|100\/100\n|-weather|RainDance|[from] ability: Drizzle|[of] p1a: Pelipper\n|move|p1b: Drednaw|Protect|p1b: Drednaw\n|-singleturn|p1b: Drednaw|Protect\n|move|p2a: Iron Hands|Fake Out|p1a: Pelipper\n|-damage|p1a: Pelipper|80\/100\n|move|p2b: Amoonguss|Spore|p1b: Drednaw\n|-activate|p1b: Drednaw|move: Protect\n|\n|-weather|RainDance|[upkeep]\n|upkeep\n|turn|2\n|\n|t:|1700472308\n|switch|p2b: Baxcalibur|Baxcalibur, L50, F|100\/100\n|-terastallize|p1b: Drednaw|Grass\n|move|p1b: Drednaw|Head Smash|p2a: Iron Hands\n|-resisted|p2a: Iron Hands\n|-damage|p2a: Iron Hands|76\/100\n|-damage|p1b: Drednaw|81\/100|[from] Recoil\n|move|p1a: Pelipper|Hurricane|p2b: Baxcalibur\n|-damage|p2b: Baxcalibur|40\/100\n|move|p2a: Iron Hands|Wild Charge|p1b: Drednaw\n|-resisted|p1b: Drednaw\n|-damage|p1b: Drednaw|47\/100\n|-damage|p2a: Iron Hands|71\/100|[from] Recoil\n|\n|-weather|RainDance|[upkeep]\n|upkeep\n|turn|3\n|\n|t:|1700472337\n|move|p1b: Drednaw|Head Smash|p2b: Baxcalibur\n|-supereffective|p2b: Baxcalibur\n|-damage|p2b: Baxcalibur|0 fnt\n|faint|p2b: Baxcalibur\n|-damage|p1b: Drednaw|24\/100|[from] Recoil\n|move|p1a: Pelipper|Hurricane|p2a: Iron Hands\n|-damage|p2a: Iron Hands|38\/100\n|move|p2a: Iron Hands|Wild Charge|p1a: Pelipper\n|-supereffective|p1a: Pelipper\n|-damage|p1a: Pelipper|0 fnt\n|faint|p1a: Pelipper\n|-damage|p2a: Iron Hands|28\/100|[from] Recoil\n|\n|-weather|RainDance|[upkeep]\n|upkeep\n|\n|t:|1700472354\n|switch|p2b: Flutter Mane|Flutter Mane, L50|100\/100\n|switch|p1a: Gastrodon|Gastrodon, L50, M|100\/100\n|turn|4\n|\n|t:|1700472368\n|-end|p2a: Iron Hands|Quark Drive|[silent]\n|switch|p2a: Amoonguss|Amoonguss, L50, F|100\/100\n|-terastallize|p2b: Flutter Mane|Fairy\n|move|p1b: Drednaw|Protect|p1b: Drednaw\n|-singleturn|p1b: Drednaw|Protect\n|move|p2b: Flutter Mane|Dazzling Gleam|p1a: Gastrodon|[spread] p1a\n|-activate|p1b: Drednaw|move: Protect\n|-damage|p1a: Gastrodon|36\/100\n|move|p1a: Gastrodon|Earth Power|p2a: Amoonguss\n|-damage|p2a: Amoonguss|76\/100\n|\n|-weather|RainDance|[upkeep]\n|-heal|p1a: Gastrodon|42\/100|[from] item: Leftovers\n|upkeep\n|turn|5\n|inactive|Battle timer is ON: inactive players will automatically lose when time's up. (requested by Gleisbett)\n|\n|t:|1700472394\n|move|p1b: Drednaw|Head Smash|p2b: Flutter Mane\n|-damage|p2b: Flutter Mane|0 fnt\n|faint|p2b: Flutter Mane\n|-end|p2b: Flutter Mane|Protosynthesis|[silent]\n|-damage|p1b: Drednaw|0 fnt|[from] Recoil\n|faint|p1b: Drednaw\n|move|p1a: Gastrodon|Ice Beam|p2a: Amoonguss\n|-supereffective|p2a: Amoonguss\n|-damage|p2a: Amoonguss|44\/100\n|-enditem|p2a: Amoonguss|Sitrus Berry|[eat]\n|-heal|p2a: Amoonguss|69\/100|[from] item: Sitrus Berry\n|move|p2a: Amoonguss|Pollen Puff|p2: Flutter Mane|[notarget]\n|-fail|p2a: Amoonguss\n|\n|-weather|none\n|-heal|p1a: Gastrodon|48\/100|[from] item: Leftovers\n|upkeep\n|\n|t:|1700472410\n|switch|p2b: Iron Hands|Iron Hands, L50|28\/100\n|switch|p1b: Tyranitar|Tyranitar, L50, M|100\/100\n|-weather|Sandstorm|[from] ability: Sand Stream|[of] p1b: Tyranitar\n|turn|6\n|\n|t:|1700472428\n|move|p1b: Tyranitar|Protect|p1b: Tyranitar\n|-singleturn|p1b: Tyranitar|Protect\n|move|p2b: Iron Hands|Fake Out|p1b: Tyranitar\n|-activate|p1b: Tyranitar|move: Protect\n|move|p1a: Gastrodon|Earth Power|p2b: Iron Hands\n|-supereffective|p2b: Iron Hands\n|-damage|p2b: Iron Hands|0 fnt\n|faint|p2b: Iron Hands\n|-end|p2b: Iron Hands|Quark Drive|[silent]\n|move|p2a: Amoonguss|Pollen Puff|p2: Iron Hands|[notarget]\n|-fail|p2a: Amoonguss\n|\n|-weather|Sandstorm|[upkeep]\n|-damage|p2a: Amoonguss|63\/100|[from] Sandstorm\n|-heal|p1a: Gastrodon|54\/100|[from] item: Leftovers\n|upkeep\n|turn|7\n|-message|Gleisbett forfeited.\n|\n|win|BonleyVGC\n|raw|BonleyVGC's rating: 1258 &rarr; <strong>1282<\/strong><br \/>(+24 for winning)\n|raw|Gleisbett's rating: 1245 &rarr; <strong>1221<\/strong><br \/>(-24 for losing)\n|l|\u2606Gleisbett\n","uploadtime":1700472450,"views":28,"p1id":"bonleyvgc","p2id":"gleisbett","formatid":"gen9vgc2023regulatione","rating":1221,"private":0,"password":""}