{"id":"gen9vgc2023regulatione-1995525169","p1":"Venefici","p2":"popibh","format":"[Gen 9] VGC 2023 Regulation E","log":"|j|\u2606Venefici\n|j|\u2606popibh\n|t:|1700579802\n|gametype|doubles\n|player|p1|Venefici|hugh|1082\n|player|p2|popibh|265|1109\n|teamsize|p1|6\n|teamsize|p2|6\n|gen|9\n|tier|[Gen 9] VGC 2023 Regulation E\n|rated|\n|rule|Species Clause: Limit one of each Pok\u00e9mon\n|rule|Item Clause: Limit one of each item\n|clearpoke\n|poke|p1|Volcarona, L50, F|\n|poke|p1|Sinistcha, L50|\n|poke|p1|Snorlax, L50, F|\n|poke|p1|Milotic, L50, F|\n|poke|p1|Indeedee-F, L50, F|\n|poke|p1|Iron Hands, L50|\n|poke|p2|Dondozo, L50, M|\n|poke|p2|Heatran, L50, M|\n|poke|p2|Urshifu-*, L50, M|\n|poke|p2|Salamence, L50, M|\n|poke|p2|Flutter Mane, L50|\n|poke|p2|Rillaboom, L50, M|\n|teampreview|4\n|inactive|Battle timer is ON: inactive players will automatically lose when time's up. (requested by Venefici)\npopibh rejected open team sheets.\n|inactive|Venefici has 60 seconds left.\n|\n|t:|1700579848\n|start\n|switch|p1a: Snorlax|Snorlax, L50, F|100\/100\n|switch|p1b: Indeedee|Indeedee-F, L50, F|100\/100\n|switch|p2a: Heatran|Heatran, L50, M|100\/100\n|switch|p2b: Dondozo|Dondozo, L50, M|100\/100\n|-fieldstart|move: Psychic Terrain|[from] ability: Psychic Surge|[of] p1b: Indeedee\n|turn|1\n|\n|t:|1700579869\n|move|p1b: Indeedee|Follow Me|p1b: Indeedee\n|-singleturn|p1b: Indeedee|move: Follow Me\n|move|p2a: Heatran|Magma Storm|p1b: Indeedee|[miss]\n|-miss|p2a: Heatran|p1b: Indeedee\n|move|p2b: Dondozo|Wave Crash|p1b: Indeedee\n|-damage|p1b: Indeedee|59\/100\n|-damage|p2b: Dondozo|84\/100|[from] item: Rocky Helmet|[of] p1b: Indeedee\n|-damage|p2b: Dondozo|75\/100|[from] Recoil\n|move|p1a: Snorlax|Belly Drum|p1a: Snorlax\n|-damage|p1a: Snorlax|50\/100\n|-setboost|p1a: Snorlax|atk|6|[from] move: Belly Drum\n|-enditem|p1a: Snorlax|Sitrus Berry|[eat]\n|-heal|p1a: Snorlax|75\/100|[from] item: Sitrus Berry\n|\n|-heal|p2b: Dondozo|81\/100|[from] item: Leftovers\n|upkeep\n|turn|2\n|inactive|Venefici has 30 seconds left.\n|inactive|popibh has 30 seconds left.\n|inactive|Venefici has 20 seconds left.\n|inactive|popibh has 20 seconds left.\n|\n|t:|1700579905\n|move|p1a: Snorlax|Protect|p1a: Snorlax\n|-singleturn|p1a: Snorlax|Protect\n|move|p2a: Heatran|Magma Storm|p1b: Indeedee|[miss]\n|-miss|p2a: Heatran|p1b: Indeedee\n|move|p2b: Dondozo|Wave Crash|p1b: Indeedee\n|-damage|p1b: Indeedee|20\/100\n|-damage|p2b: Dondozo|65\/100|[from] item: Rocky Helmet|[of] p1b: Indeedee\n|-damage|p2b: Dondozo|56\/100|[from] Recoil\n|move|p1b: Indeedee|Trick Room|p1b: Indeedee\n|-fieldstart|move: Trick Room|[of] p1b: Indeedee\n|\n|-heal|p2b: Dondozo|62\/100|[from] item: Leftovers\n|upkeep\n|turn|3\n|inactive|popibh has 30 seconds left.\n|\n|t:|1700579938\n|move|p1b: Indeedee|Helping Hand|p1a: Snorlax\n|-singleturn|p1a: Snorlax|Helping Hand|[of] p1b: Indeedee\n|move|p2b: Dondozo|Protect|p2b: Dondozo\n|-singleturn|p2b: Dondozo|Protect\n|move|p1a: Snorlax|Body Slam|p2b: Dondozo\n|-activate|p2b: Dondozo|move: Protect\n|move|p2a: Heatran|Magma Storm|p1b: Indeedee\n|-damage|p1b: Indeedee|0 fnt\n|faint|p1b: Indeedee\n|\n|-heal|p2b: Dondozo|68\/100|[from] item: Leftovers\n|upkeep\n|\n|t:|1700579952\n|switch|p1b: Sinistcha|Sinistcha, L50|100\/100\n|-heal|p1a: Snorlax|99\/100|[from] ability: Hospitality|[of] p1b: Sinistcha\n|turn|4\n|\n|t:|1700579970\n|-terastallize|p1b: Sinistcha|Water\n|move|p1a: Snorlax|Body Slam|p2b: Dondozo\n|-damage|p2b: Dondozo|0 fnt\n|faint|p2b: Dondozo\n|move|p1b: Sinistcha|Matcha Gotcha|p2a: Heatran\n|-resisted|p2a: Heatran\n|-damage|p2a: Heatran|93\/100\n|move|p2a: Heatran|Magma Storm|p1b: Sinistcha\n|-resisted|p1b: Sinistcha\n|-damage|p1b: Sinistcha|79\/100\n|-activate|p1b: Sinistcha|move: Magma Storm|[of] p2a: Heatran\n|\n|-damage|p1b: Sinistcha|67\/100|[from] move: Magma Storm|[partiallytrapped]\n|upkeep\n|\n|t:|1700579984\n|switch|p2b: Rillaboom|Rillaboom, L50, M|100\/100\n|-fieldstart|move: Grassy Terrain|[from] ability: Grassy Surge|[of] p2b: Rillaboom\n|turn|5\n|inactive|Venefici has 30 seconds left.\n|\n|t:|1700580016\n|move|p1a: Snorlax|Protect|p1a: Snorlax\n|-singleturn|p1a: Snorlax|Protect\n|move|p2b: Rillaboom|Fake Out|p1a: Snorlax\n|-activate|p1a: Snorlax|move: Protect\n|move|p1b: Sinistcha|Life Dew|p1b: Sinistcha|[spread] p1a,p1b\n|-heal|p1a: Snorlax|100\/100\n|-heal|p1b: Sinistcha|92\/100\n|move|p2a: Heatran|Magma Storm|p1a: Snorlax\n|-activate|p1a: Snorlax|move: Protect\n|\n|-heal|p1b: Sinistcha|98\/100|[from] Grassy Terrain\n|-heal|p2a: Heatran|99\/100|[from] Grassy Terrain\n|-damage|p1b: Sinistcha|86\/100|[from] move: Magma Storm|[partiallytrapped]\n|upkeep\n|turn|6\n|inactive|popibh has 30 seconds left.\n|inactive|popibh has 20 seconds left.\n|inactive|popibh has 15 seconds left.\n|inactive|popibh has 10 seconds left.\n|\n|t:|1700580065\n|switch|p2b: Salamence|Salamence, L50, M|100\/100\n|-ability|p2b: Salamence|Intimidate|boost\n|-unboost|p1a: Snorlax|atk|1\n|-unboost|p1b: Sinistcha|atk|1\n|move|p1b: Sinistcha|Rage Powder|p1b: Sinistcha\n|-singleturn|p1b: Sinistcha|move: Rage Powder\n|move|p1a: Snorlax|Ice Punch|p2b: Salamence\n|-supereffective|p2b: Salamence\n|-damage|p2b: Salamence|0 fnt\n|-damage|p1a: Snorlax|84\/100|[from] item: Rocky Helmet|[of] p2b: Salamence\n|faint|p2b: Salamence\n|move|p2a: Heatran|Magma Storm|p1b: Sinistcha\n|-resisted|p1b: Sinistcha\n|-damage|p1b: Sinistcha|66\/100\n|\n|-heal|p1a: Snorlax|90\/100|[from] Grassy Terrain\n|-heal|p1b: Sinistcha|72\/100|[from] Grassy Terrain\n|-heal|p2a: Heatran|100\/100|[from] Grassy Terrain\n|-damage|p1b: Sinistcha|59\/100|[from] move: Magma Storm|[partiallytrapped]\n|-fieldend|move: Trick Room\n|upkeep\n|\n|t:|1700580082\n|switch|p2b: Rillaboom|Rillaboom, L50, M|100\/100\n|turn|7\n|\n|t:|1700580091\n|move|p1a: Snorlax|Protect|p1a: Snorlax\n|-singleturn|p1a: Snorlax|Protect\n|move|p2b: Rillaboom|Wood Hammer|p1b: Sinistcha\n|-supereffective|p1b: Sinistcha\n|-damage|p1b: Sinistcha|0 fnt\n|faint|p1b: Sinistcha\n|-damage|p2b: Rillaboom|80\/100|[from] Recoil\n|move|p2a: Heatran|Flash Cannon|p1a: Snorlax\n|-activate|p1a: Snorlax|move: Protect\n|\n|-heal|p2b: Rillaboom|86\/100|[from] Grassy Terrain\n|-heal|p1a: Snorlax|96\/100|[from] Grassy Terrain\n|upkeep\n|\n|t:|1700580103\n|switch|p1b: Volcarona|Volcarona, L50, F|100\/100\n|turn|8\n|inactive|popibh has 30 seconds left.\n|\n|t:|1700580134\n|-terastallize|p2b: Rillaboom|Ghost\n|move|p2b: Rillaboom|Wood Hammer|p1a: Snorlax\n|-damage|p1a: Snorlax|30\/100\n|-damage|p2b: Rillaboom|57\/100|[from] Recoil\n|move|p1b: Volcarona|Quiver Dance|p1b: Volcarona\n|-boost|p1b: Volcarona|spa|1\n|-boost|p1b: Volcarona|spd|1\n|-boost|p1b: Volcarona|spe|1\n|move|p2a: Heatran|Magma Storm|p1a: Snorlax\n|-damage|p1a: Snorlax|13\/100\n|-activate|p1a: Snorlax|move: Magma Storm|[of] p2a: Heatran\n|move|p1a: Snorlax|Body Slam|p2a: Heatran\n|-resisted|p2a: Heatran\n|-damage|p2a: Heatran|51\/100\n|\n|-heal|p2b: Rillaboom|62\/100|[from] Grassy Terrain\n|-heal|p2a: Heatran|57\/100|[from] Grassy Terrain\n|-heal|p1a: Snorlax|19\/100|[from] Grassy Terrain\n|-damage|p1a: Snorlax|7\/100|[from] move: Magma Storm|[partiallytrapped]\n|upkeep\n|turn|9\n|inactive|Venefici has 30 seconds left.\n|inactive|popibh has 30 seconds left.\n|inactive|Venefici has 20 seconds left.\n|inactive|popibh has 20 seconds left.\n|inactive|Venefici has 15 seconds left.\n|inactive|popibh has 15 seconds left.\n|\n|t:|1700580178\n|move|p1b: Volcarona|Fiery Dance|p2b: Rillaboom\n|-damage|p2b: Rillaboom|12\/100\n|-boost|p1b: Volcarona|spa|1\n|move|p2b: Rillaboom|High Horsepower|p1b: Volcarona\n|-damage|p1b: Volcarona|68\/100\n|-status|p2b: Rillaboom|brn|[from] ability: Flame Body|[of] p1b: Volcarona\n|move|p2a: Heatran|Earth Power|p1b: Volcarona\n|-damage|p1b: Volcarona|53\/100\n|move|p1a: Snorlax|Body Slam|p2a: Heatran\n|-resisted|p2a: Heatran\n|-damage|p2a: Heatran|2\/100\n|-status|p2a: Heatran|par\n|-enditem|p2a: Heatran|Sitrus Berry|[eat]\n|-heal|p2a: Heatran|27\/100 par|[from] item: Sitrus Berry\n|\n|-heal|p1b: Volcarona|59\/100|[from] Grassy Terrain\n|-heal|p1b: Volcarona|64\/100|[from] item: Leftovers\n|-heal|p2b: Rillaboom|18\/100 brn|[from] Grassy Terrain\n|-heal|p2a: Heatran|32\/100 par|[from] Grassy Terrain\n|-heal|p1a: Snorlax|13\/100|[from] Grassy Terrain\n|-damage|p2b: Rillaboom|12\/100 brn|[from] brn\n|-damage|p1a: Snorlax|0 fnt|[from] move: Magma Storm|[partiallytrapped]\n|faint|p1a: Snorlax\n|-fieldend|move: Grassy Terrain\n|upkeep\n|turn|10\n|inactive|Venefici has 30 seconds left.\n|inactive|popibh has 30 seconds left.\n|inactive|popibh has 20 seconds left.\n|\n|t:|1700580215\n|move|p1b: Volcarona|Quiver Dance|p1b: Volcarona\n|-boost|p1b: Volcarona|spa|1\n|-boost|p1b: Volcarona|spd|1\n|-boost|p1b: Volcarona|spe|1\n|move|p2b: Rillaboom|High Horsepower|p1b: Volcarona\n|-damage|p1b: Volcarona|48\/100\n|move|p2a: Heatran|Earth Power|p1b: Volcarona\n|-crit|p1b: Volcarona\n|-damage|p1b: Volcarona|16\/100\n|\n|-heal|p1b: Volcarona|21\/100|[from] item: Leftovers\n|-damage|p2b: Rillaboom|7\/100 brn|[from] brn\n|upkeep\n|turn|11\n|inactive|popibh has 30 seconds left.\n|inactive|popibh has 20 seconds left.\n|inactive|popibh has 15 seconds left.\n|\n|t:|1700580258\n|move|p1b: Volcarona|Protect|p1b: Volcarona\n|-singleturn|p1b: Volcarona|Protect\n|move|p2b: Rillaboom|Grassy Glide|p1b: Volcarona\n|-activate|p1b: Volcarona|move: Protect\n|cant|p2a: Heatran|par\n|\n|-heal|p1b: Volcarona|27\/100|[from] item: Leftovers\n|-damage|p2b: Rillaboom|1\/100 brn|[from] brn\n|upkeep\n|turn|12\n|\n|t:|1700580278\n|move|p1b: Volcarona|Giga Drain|p2a: Heatran\n|-resisted|p2a: Heatran\n|-damage|p2a: Heatran|20\/100 par\n|-heal|p1b: Volcarona|33\/100|[from] drain|[of] p2a: Heatran\n|move|p2b: Rillaboom|High Horsepower|p1b: Volcarona\n|-damage|p1b: Volcarona|18\/100\n|move|p2a: Heatran|Magma Storm|p1b: Volcarona|[miss]\n|-miss|p2a: Heatran|p1b: Volcarona\n|\n|-heal|p1b: Volcarona|24\/100|[from] item: Leftovers\n|-damage|p2b: Rillaboom|0 fnt|[from] brn\n|faint|p2b: Rillaboom\n|upkeep\n|turn|13\n|c|\u2606popibh|almost xd\n|\n|t:|1700580296\n|move|p1b: Volcarona|Protect|p1b: Volcarona\n|-singleturn|p1b: Volcarona|Protect\n|cant|p2a: Heatran|par\n|\n|-heal|p1b: Volcarona|29\/100|[from] item: Leftovers\n|upkeep\n|turn|14\n|\n|t:|1700580304\n|move|p1b: Volcarona|Giga Drain|p2a: Heatran\n|-resisted|p2a: Heatran\n|-damage|p2a: Heatran|8\/100 par\n|-heal|p1b: Volcarona|36\/100|[from] drain|[of] p2a: Heatran\n|move|p2a: Heatran|Earth Power|p1b: Volcarona\n|-damage|p1b: Volcarona|23\/100\n|\n|-heal|p1b: Volcarona|29\/100|[from] item: Leftovers\n|upkeep\n|turn|15\n|\n|t:|1700580323\n|move|p1b: Volcarona|Giga Drain|p2a: Heatran\n|-resisted|p2a: Heatran\n|-damage|p2a: Heatran|0 fnt\n|-heal|p1b: Volcarona|32\/100|[from] drain|[of] p2a: Heatran\n|faint|p2a: Heatran\n|\n|win|Venefici\n|raw|Venefici's rating: 1082 &rarr; <strong>1112<\/strong><br \/>(+30 for winning)\n|raw|popibh's rating: 1109 &rarr; <strong>1082<\/strong><br \/>(-27 for losing)\n|l|\u2606popibh\n|c|\u2606Venefici|yeah close, gg\n","uploadtime":1700580337,"views":7,"p1id":"venefici","p2id":"popibh","formatid":"gen9vgc2023regulatione","rating":1082,"private":0,"password":""}