{"id":"gen9vgc2023regulatione-2000200635","p1":"i am locked lmao","p2":"tantomisso","format":"[Gen 9] VGC 2023 Regulation E","log":"|j|\u203di am locked lmao\n|j|\u2606tantomisso\n|t:|1701171217\n|gametype|doubles\n|player|p1|i am locked lmao|lass-gen4dp|\n|player|p2|tantomisso|ghetsis|\n|teamsize|p1|6\n|teamsize|p2|6\n|gen|9\n|tier|[Gen 9] VGC 2023 Regulation E\n|rated|Tournament battle\n|rule|Species Clause: Limit one of each Pok\u00e9mon\n|rule|Item Clause: Limit one of each item\n|clearpoke\n|poke|p1|Kommo-o, L50, M|\n|poke|p1|Tyranitar, L50, F|\n|poke|p1|Rillaboom, L50, M|\n|poke|p1|Flutter Mane, L50|\n|poke|p1|Arcanine-Hisui, L50, M|\n|poke|p1|Iron Bundle, L50|\n|poke|p2|Iron Hands, L50|\n|poke|p2|Iron Bundle, L50|\n|poke|p2|Rillaboom, L50, M|\n|poke|p2|Heatran, L50, F|\n|poke|p2|Chien-Pao, L50|\n|poke|p2|Landorus-Therian, L50, M|\n|teampreview|4\n|inactive|Battle timer is ON: inactive players will automatically lose when time's up. (requested by i am locked lmao)\n|inactive|tantomisso also wants the timer to be on.\ntantomisso has agreed to open team sheets.\ni am locked lmao has agreed to open team sheets.\n|showteam|p1|Kommo-o||Leftovers|Bulletproof|BodyPress,IronDefense,IronHead,Protect|||M|||50|,,,,,Steel]Tyranitar||AssaultVest|SandStream|KnockOff,RockSlide,LowKick,ThunderPunch|||F|||50|,,,,,Grass]Rillaboom||MiracleSeed|GrassySurge|FakeOut,WoodHammer,GrassyGlide,Taunt|||M|||50|,,,,,Grass]Flutter Mane||ChoiceSpecs|Protosynthesis|DazzlingGleam,Moonblast,ShadowBall,TrickRoom||||||50|,,,,,Fairy]Arcanine-Hisui||SitrusBerry|Intimidate|FlareBlitz,RockSlide,Howl,WillOWisp|||M|||50|,,,,,Water]Iron Bundle||BoosterEnergy|QuarkDrive|FreezeDry,IcyWind,HydroPump,Protect||||||50|,,,,,Ghost\n|showteam|p2|Iron Hands||AssaultVest|QuarkDrive|FakeOut,WildCharge,DrainPunch,HeavySlam||||||50|,,,,,Fire]Iron Bundle||BoosterEnergy|QuarkDrive|FreezeDry,IcyWind,Encore,Protect||||||50|,,,,,Ghost]Rillaboom||MiracleSeed|GrassySurge|FakeOut,GrassyGlide,WoodHammer,HighHorsepower|||M|||50|,,,,,Fire]Heatran||SafetyGoggles|FlashFire|HeatWave,EarthPower,FlashCannon,Protect|||F|||50|,,,,,Bug]Chien-Pao||FocusSash|SwordofRuin|IcicleCrash,SacredSword,SuckerPunch,Protect||||||50|,,,,,Ghost]Landorus-Therian||ChoiceScarf|Intimidate|TeraBlast,StompingTantrum,RockSlide,Uturn|||M|||50|,,,,,Flying\n|inactive|i am locked lmao has 30 seconds left.\n|inactive|tantomisso has 30 seconds left.\n|inactive|i am locked lmao has 20 seconds left.\n|inactive|tantomisso has 20 seconds left.\n|inactive|i am locked lmao has 15 seconds left.\n|inactive|tantomisso has 15 seconds left.\n|inactive|i am locked lmao has 10 seconds left.\n|inactive|tantomisso has 10 seconds left.\n|inactive|i am locked lmao has 5 seconds left.\n|inactive|tantomisso has 5 seconds left.\n|\n|t:|1701171278\n|start\n|switch|p1a: Arcanine|Arcanine-Hisui, L50, M|100\/100\n|switch|p1b: Flutter Mane|Flutter Mane, L50|100\/100\n|switch|p2a: Jos\u00e8|Iron Hands, L50|100\/100\n|switch|p2b: Rodrigo|Landorus-Therian, L50, M|100\/100\n|-ability|p2b: Rodrigo|Intimidate|boost\n|-unboost|p1a: Arcanine|atk|1\n|-unboost|p1b: Flutter Mane|atk|1\n|-ability|p1a: Arcanine|Intimidate|boost\n|-unboost|p2a: Jos\u00e8|atk|1\n|-unboost|p2b: Rodrigo|atk|1\n|turn|1\n|j| nwjns999\n|inactive|i am locked lmao has 30 seconds left.\n|j| godlyreal\n|inactive|i am locked lmao has 20 seconds left.\n|inactive|i am locked lmao has 15 seconds left.\n|\n|t:|1701171322\n|switch|p1a: Kommo-o|Kommo-o, L50, M|100\/100\n|-terastallize|p2a: Jos\u00e8|Fire\n|move|p2b: Rodrigo|U-turn|p1a: Kommo-o\n|-resisted|p1a: Kommo-o\n|-damage|p1a: Kommo-o|94\/100\n|\n|t:|1701171329\n|switch|p2b: Alejandro|Heatran, L50, F|100\/100|[from] U-turn\n|move|p1b: Flutter Mane|Moonblast|p2a: Jos\u00e8\n|-resisted|p2a: Jos\u00e8\n|-damage|p2a: Jos\u00e8|80\/100\n|move|p2a: Jos\u00e8|Drain Punch|p1a: Kommo-o\n|-damage|p1a: Kommo-o|76\/100\n|-heal|p2a: Jos\u00e8|87\/100|[from] drain|[of] p1a: Kommo-o\n|\n|-heal|p1a: Kommo-o|82\/100|[from] item: Leftovers\n|upkeep\n|turn|2\n|inactive|tantomisso has 30 seconds left.\n|\n|t:|1701171354\n|-end|p1b: Flutter Mane|Protosynthesis|[silent]\n|switch|p1b: Tyranitar|Tyranitar, L50, F|100\/100\n|-weather|Sandstorm|[from] ability: Sand Stream|[of] p1b: Tyranitar\n|-end|p2a: Jos\u00e8|Quark Drive|[silent]\n|switch|p2a: Rodrigo|Landorus-Therian, L50, M|100\/100\n|-ability|p2a: Rodrigo|Intimidate|boost\n|-unboost|p1a: Kommo-o|atk|1\n|-unboost|p1b: Tyranitar|atk|1\n|move|p1a: Kommo-o|Iron Defense|p1a: Kommo-o\n|-boost|p1a: Kommo-o|def|2\n|move|p2b: Alejandro|Earth Power|p1b: Tyranitar\n|-supereffective|p1b: Tyranitar\n|-damage|p1b: Tyranitar|71\/100\n|\n|-weather|Sandstorm|[upkeep]\n|-damage|p1a: Kommo-o|76\/100|[from] Sandstorm\n|-heal|p1a: Kommo-o|82\/100|[from] item: Leftovers\n|upkeep\n|turn|3\n|inactive|i am locked lmao has 30 seconds left.\n|inactive|tantomisso has 30 seconds left.\n|inactive|i am locked lmao has 20 seconds left.\n|inactive|i am locked lmao has 15 seconds left.\n|\n|t:|1701171399\n|switch|p1b: Flutter Mane|Flutter Mane, L50|100\/100\n|switch|p2b: Jos\u00e8|Iron Hands, L50, tera:Fire|87\/100\n|move|p2a: Rodrigo|U-turn|p1b: Flutter Mane\n|-resisted|p1b: Flutter Mane\n|-crit|p1b: Flutter Mane\n|-damage|p1b: Flutter Mane|81\/100\n|\n|t:|1701171407\n|switch|p2a: Alejandro|Heatran, L50, F|100\/100|[from] U-turn\n|move|p1a: Kommo-o|Body Press|p2b: Jos\u00e8\n|-damage|p2b: Jos\u00e8|33\/100\n|\n|-weather|Sandstorm|[upkeep]\n|-damage|p1b: Flutter Mane|75\/100|[from] Sandstorm\n|-damage|p1a: Kommo-o|76\/100|[from] Sandstorm\n|-damage|p2b: Jos\u00e8|27\/100|[from] Sandstorm\n|-heal|p1a: Kommo-o|82\/100|[from] item: Leftovers\n|upkeep\n|turn|4\n|inactive|i am locked lmao has 30 seconds left.\n|\n|t:|1701171434\n|-end|p1b: Flutter Mane|Protosynthesis|[silent]\n|switch|p1b: Tyranitar|Tyranitar, L50, F|71\/100\n|move|p2b: Jos\u00e8|Fake Out|p1a: Kommo-o\n|-damage|p1a: Kommo-o|77\/100\n|cant|p1a: Kommo-o|flinch\n|move|p2a: Alejandro|Earth Power|p1b: Tyranitar\n|-supereffective|p1b: Tyranitar\n|-damage|p1b: Tyranitar|38\/100\n|\n|-weather|Sandstorm|[upkeep]\n|-damage|p1a: Kommo-o|71\/100|[from] Sandstorm\n|-damage|p2b: Jos\u00e8|20\/100|[from] Sandstorm\n|-heal|p1a: Kommo-o|77\/100|[from] item: Leftovers\n|upkeep\n|turn|5\n|\n|t:|1701171453\n|-end|p2b: Jos\u00e8|Quark Drive|[silent]\n|switch|p2b: Rodrigo|Landorus-Therian, L50, M|100\/100\n|-ability|p2b: Rodrigo|Intimidate|boost\n|-unboost|p1a: Kommo-o|atk|1\n|-unboost|p1b: Tyranitar|atk|1\n|move|p2a: Alejandro|Protect|p2a: Alejandro\n|-singleturn|p2a: Alejandro|Protect\n|move|p1b: Tyranitar|Knock Off|p2b: Rodrigo\n|-damage|p2b: Rodrigo|61\/100\n|-enditem|p2b: Rodrigo|Choice Scarf|[from] move: Knock Off|[of] p1b: Tyranitar\n|move|p1a: Kommo-o|Body Press|p2a: Alejandro\n|-activate|p2a: Alejandro|move: Protect\n|\n|-weather|Sandstorm|[upkeep]\n|-damage|p1a: Kommo-o|71\/100|[from] Sandstorm\n|-heal|p1a: Kommo-o|77\/100|[from] item: Leftovers\n|upkeep\n|turn|6\n|l| godlyreal\n|inactive|i am locked lmao has 30 seconds left.\n|inactive|tantomisso has 30 seconds left.\n|\n|t:|1701171480\n|move|p2b: Rodrigo|U-turn|p1b: Tyranitar\n|-supereffective|p1b: Tyranitar\n|-damage|p1b: Tyranitar|0 fnt\n|faint|p1b: Tyranitar\n|\n|t:|1701171484\n|switch|p2b: Jos\u00e8|Iron Hands, L50, tera:Fire|20\/100|[from] U-turn\n|move|p1a: Kommo-o|Body Press|p2a: Alejandro\n|-supereffective|p2a: Alejandro\n|-damage|p2a: Alejandro|0 fnt\n|faint|p2a: Alejandro\n|\n|-weather|none\n|-heal|p1a: Kommo-o|83\/100|[from] item: Leftovers\n|upkeep\n|\n|t:|1701171491\n|switch|p1b: Flutter Mane|Flutter Mane, L50|75\/100\n|switch|p2a: Rodrigo|Landorus-Therian, L50, M|61\/100\n|-ability|p2a: Rodrigo|Intimidate|boost\n|-unboost|p1a: Kommo-o|atk|1\n|-unboost|p1b: Flutter Mane|atk|1\n|turn|7\n|\n|t:|1701171501\n|move|p1b: Flutter Mane|Moonblast|p2a: Rodrigo\n|-damage|p2a: Rodrigo|0 fnt\n|faint|p2a: Rodrigo\n|move|p1a: Kommo-o|Body Press|p2b: Jos\u00e8\n|-damage|p2b: Jos\u00e8|0 fnt\n|faint|p2b: Jos\u00e8\n|-end|p2b: Jos\u00e8|Quark Drive|[silent]\n|\n|-heal|p1a: Kommo-o|89\/100|[from] item: Leftovers\n|upkeep\n|-message|tantomisso forfeited.\n|\n|win|i am locked lmao\n|n|\u203di am locked lmao|iamlockedlmao\n|n|\u2606tantomisso|tantomisso\n|n| nwjns999|nwjns999\n|l|\u2606tantomisso\n","uploadtime":1701171507,"views":2,"p1id":"iamlockedlmao","p2id":"tantomisso","formatid":"gen9vgc2023regulatione","rating":0,"private":0,"password":""}