{"id":"gen9vgc2023regulatione-1995880463","p1":"pancho.totem","p2":"Nishikinoeriko","format":"[Gen 9] VGC 2023 Regulation E","log":"|j|\u2606pancho.totem\n|j|\u2606Nishikinoeriko\n|t:|1700612943\n|gametype|doubles\n|player|p1|pancho.totem|1|1327\n|player|p2|Nishikinoeriko|rosa|1428\n|teamsize|p1|6\n|teamsize|p2|6\n|gen|9\n|tier|[Gen 9] VGC 2023 Regulation E\n|rated|\n|rule|Species Clause: Limit one of each Pok\u00e9mon\n|rule|Item Clause: Limit one of each item\n|clearpoke\n|poke|p1|Tornadus, L50, M|\n|poke|p1|Baxcalibur, L50, M|\n|poke|p1|Sinistcha, L50|\n|poke|p1|Empoleon, L50, M|\n|poke|p1|Ogerpon-Hearthflame, L50, F|\n|poke|p1|Sandy Shocks, L50|\n|poke|p2|Weezing, L50, F|\n|poke|p2|Roaring Moon, L50|\n|poke|p2|Palafin, L50, F|\n|poke|p2|Landorus-Therian, L50, M|\n|poke|p2|Scream Tail, L50|\n|poke|p2|Sinistcha-Masterpiece, L50|\n|teampreview|4\n|\n|t:|1700612978\n|start\n|switch|p1a: Tornadus|Tornadus, L50, M|100\/100\n|switch|p1b: Baxcalibur|Baxcalibur, L50, M|100\/100\n|switch|p2a: Roaring Moon|Roaring Moon, L50|100\/100\n|switch|p2b: Scream Tail|Scream Tail, L50|100\/100\n|-enditem|p2a: Roaring Moon|Booster Energy\n|-activate|p2a: Roaring Moon|ability: Protosynthesis|[fromitem]\n|-start|p2a: Roaring Moon|protosynthesisspe\n|turn|1\n|inactive|Battle timer is ON: inactive players will automatically lose when time's up. (requested by pancho.totem)\n|inactive|Nishikinoeriko has 60 seconds left.\n|\n|t:|1700613023\n|-end|p2b: Scream Tail|Protosynthesis|[silent]\n|switch|p2b: Landorus|Landorus-Therian, L50, M|100\/100\n|-ability|p2b: Landorus|Intimidate|boost\n|-unboost|p1a: Tornadus|atk|1\n|-unboost|p1b: Baxcalibur|atk|1\n|-terastallize|p1b: Baxcalibur|Poison\n|move|p2a: Roaring Moon|Protect|p2a: Roaring Moon\n|-singleturn|p2a: Roaring Moon|Protect\n|move|p1a: Tornadus|Tailwind|p1a: Tornadus\n|-sidestart|p1: pancho.totem|move: Tailwind\n|move|p1b: Baxcalibur|Icicle Spear|p2a: Roaring Moon\n|-activate|p2a: Roaring Moon|move: Protect\n|\n|upkeep\n|turn|2\n|inactive|pancho.totem has 30 seconds left.\n|\n|t:|1700613058\n|switch|p1b: Empoleon|Empoleon, L50, M|100\/100\n|switch|p2b: Scream Tail|Scream Tail, L50|100\/100\n|move|p1a: Tornadus|Bleakwind Storm|p2a: Roaring Moon|[spread] p2a,p2b\n|-damage|p2a: Roaring Moon|72\/100\n|-damage|p2b: Scream Tail|78\/100\n|-unboost|p2a: Roaring Moon|spe|1\n|move|p2a: Roaring Moon|Tailwind|p2a: Roaring Moon\n|-sidestart|p2: Nishikinoeriko|move: Tailwind\n|\n|upkeep\n|turn|3\n|\n|t:|1700613082\n|move|p2b: Scream Tail|Howl|p2b: Scream Tail|[spread] p2a,p2b\n|-boost|p2a: Roaring Moon|atk|1\n|-boost|p2b: Scream Tail|atk|1\n|move|p1a: Tornadus|Bleakwind Storm|p2b: Scream Tail|[spread] \n|-miss|p1a: Tornadus|p2a: Roaring Moon\n|-miss|p1a: Tornadus|p2b: Scream Tail\n|move|p2a: Roaring Moon|Acrobatics|p1a: Tornadus\n|-damage|p1a: Tornadus|36\/100\n|move|p1b: Empoleon|Flash Cannon|p2b: Scream Tail\n|-supereffective|p2b: Scream Tail\n|-damage|p2b: Scream Tail|29\/100\n|-unboost|p2b: Scream Tail|spd|1\n|\n|upkeep\n|turn|4\n|\n|t:|1700613103\n|move|p2b: Scream Tail|Protect|p2b: Scream Tail\n|-singleturn|p2b: Scream Tail|Protect\n|move|p1a: Tornadus|Bleakwind Storm|p2b: Scream Tail|[spread] p2a\n|-activate|p2b: Scream Tail|move: Protect\n|-damage|p2a: Roaring Moon|46\/100\n|-unboost|p2a: Roaring Moon|spe|1\n|move|p2a: Roaring Moon|Acrobatics|p1a: Tornadus\n|-damage|p1a: Tornadus|0 fnt\n|faint|p1a: Tornadus\n|move|p1b: Empoleon|Icy Wind|p2b: Scream Tail|[spread] p2a\n|-activate|p2b: Scream Tail|move: Protect\n|-supereffective|p2a: Roaring Moon\n|-damage|p2a: Roaring Moon|28\/100\n|-unboost|p2a: Roaring Moon|spe|1\n|\n|-sideend|p1: pancho.totem|move: Tailwind\n|upkeep\n|\n|t:|1700613121\n|switch|p1a: Sandy Shocks|Sandy Shocks, L50|100\/100\n|-enditem|p1a: Sandy Shocks|Booster Energy\n|-activate|p1a: Sandy Shocks|ability: Protosynthesis|[fromitem]\n|-start|p1a: Sandy Shocks|protosynthesisspa\n|turn|5\n|inactive|Nishikinoeriko has 30 seconds left.\n|\n|t:|1700613146\n|-end|p2a: Roaring Moon|Protosynthesis|[silent]\n|switch|p2a: Sinistcha|Sinistcha-Masterpiece, L50|100\/100\n|-heal|p2b: Scream Tail|54\/100|[from] ability: Hospitality|[of] p2a: Sinistcha\n|move|p1a: Sandy Shocks|Protect|p1a: Sandy Shocks\n|-singleturn|p1a: Sandy Shocks|Protect\n|move|p2b: Scream Tail|Encore|p1b: Empoleon\n|-start|p1b: Empoleon|Encore\n|move|p1b: Empoleon|Icy Wind|p2b: Scream Tail|[spread] p2a,p2b\n|-supereffective|p2a: Sinistcha\n|-damage|p2a: Sinistcha|78\/100\n|-damage|p2b: Scream Tail|41\/100\n|-unboost|p2a: Sinistcha|spe|1\n|-unboost|p2b: Scream Tail|spe|1\n|\n|-sideend|p2: Nishikinoeriko|move: Tailwind\n|upkeep\n|turn|6\n|\n|t:|1700613167\n|-end|p1a: Sandy Shocks|Protosynthesis|[silent]\n|switch|p1a: Baxcalibur|Baxcalibur, L50, M, tera:Poison|100\/100\n|move|p2b: Scream Tail|Encore||[still]\n|-fail|p2b: Scream Tail\n|move|p1b: Empoleon|Icy Wind|p2b: Scream Tail|[spread] p2a,p2b\n|-supereffective|p2a: Sinistcha\n|-damage|p2a: Sinistcha|56\/100\n|-damage|p2b: Scream Tail|29\/100\n|-unboost|p2a: Sinistcha|spe|1\n|-unboost|p2b: Scream Tail|spe|1\n|move|p2a: Sinistcha|Matcha Gotcha|p1b: Empoleon|[spread] p1a,p1b\n|-resisted|p1a: Baxcalibur\n|-damage|p1a: Baxcalibur|90\/100\n|-heal|p2a: Sinistcha|62\/100|[from] drain|[of] p1a: Baxcalibur\n|-damage|p1b: Empoleon|86\/100\n|-heal|p2a: Sinistcha|70\/100|[from] drain|[of] p1b: Empoleon\n|\n|upkeep\n|turn|7\n|\n|t:|1700613191\n|-end|p2b: Scream Tail|Protosynthesis|[silent]\n|switch|p2b: Roaring Moon|Roaring Moon, L50|28\/100\n|-terastallize|p2a: Sinistcha|Fire\n|move|p1a: Baxcalibur|Icicle Spear|p2a: Sinistcha\n|-resisted|p2a: Sinistcha\n|-damage|p2a: Sinistcha|63\/100\n|-resisted|p2a: Sinistcha\n|-damage|p2a: Sinistcha|57\/100\n|-resisted|p2a: Sinistcha\n|-damage|p2a: Sinistcha|51\/100\n|-resisted|p2a: Sinistcha\n|-damage|p2a: Sinistcha|45\/100\n|-resisted|p2a: Sinistcha\n|-damage|p2a: Sinistcha|39\/100\n|-hitcount|p2a: Sinistcha|5\n|move|p1b: Empoleon|Icy Wind|p2b: Roaring Moon|[spread] p2a,p2b\n|-resisted|p2a: Sinistcha\n|-supereffective|p2b: Roaring Moon\n|-damage|p2a: Sinistcha|34\/100\n|-damage|p2b: Roaring Moon|9\/100\n|-unboost|p2a: Sinistcha|spe|1\n|-unboost|p2b: Roaring Moon|spe|1\n|move|p2a: Sinistcha|Strength Sap|p1a: Baxcalibur\n|-unboost|p1a: Baxcalibur|atk|1\n|-heal|p2a: Sinistcha|100\/100\n|\n|-end|p1b: Empoleon|Encore\n|upkeep\n|turn|8\n|inactive|pancho.totem has 30 seconds left.\n|inactive|Nishikinoeriko has 30 seconds left.\n|\n|t:|1700613221\n|move|p2a: Sinistcha|Rage Powder|p2a: Sinistcha\n|-singleturn|p2a: Sinistcha|move: Rage Powder\n|move|p1a: Baxcalibur|Ice Shard|p2a: Sinistcha\n|-resisted|p2a: Sinistcha\n|-damage|p2a: Sinistcha|94\/100\n|move|p2b: Roaring Moon|Tailwind|p2b: Roaring Moon\n|-sidestart|p2: Nishikinoeriko|move: Tailwind\n|move|p1b: Empoleon|Chilling Water|p2a: Sinistcha\n|-supereffective|p2a: Sinistcha\n|-damage|p2a: Sinistcha|53\/100\n|-unboost|p2a: Sinistcha|atk|1\n|\n|upkeep\n|turn|9\n|\n|t:|1700613242\n|move|p1a: Baxcalibur|Protect|p1a: Baxcalibur\n|-singleturn|p1a: Baxcalibur|Protect\n|move|p2b: Roaring Moon|Acrobatics|p1a: Baxcalibur\n|-activate|p1a: Baxcalibur|move: Protect\n|move|p1b: Empoleon|Icy Wind|p2b: Roaring Moon|[spread] p2a,p2b\n|-resisted|p2a: Sinistcha\n|-supereffective|p2b: Roaring Moon\n|-damage|p2a: Sinistcha|48\/100\n|-damage|p2b: Roaring Moon|0 fnt\n|-unboost|p2a: Sinistcha|spe|1\n|faint|p2b: Roaring Moon\n|-end|p2b: Roaring Moon|Protosynthesis|[silent]\n|move|p2a: Sinistcha|Strength Sap|p1a: Baxcalibur\n|-activate|p1a: Baxcalibur|move: Protect\n|\n|upkeep\n|\n|t:|1700613248\n|switch|p2b: Landorus|Landorus-Therian, L50, M|100\/100\n|-ability|p2b: Landorus|Intimidate|boost\n|-unboost|p1a: Baxcalibur|atk|1\n|-unboost|p1b: Empoleon|atk|1\n|-ability|p1b: Empoleon|Competitive|boost\n|-boost|p1b: Empoleon|spa|2\n|turn|10\n|\n|t:|1700613267\n|switch|p1a: Sandy Shocks|Sandy Shocks, L50|100\/100\n|move|p2a: Sinistcha|Rage Powder|p2a: Sinistcha\n|-singleturn|p2a: Sinistcha|move: Rage Powder\n|move|p2b: Landorus|Stomping Tantrum|p1b: Empoleon\n|-supereffective|p1b: Empoleon\n|-damage|p1b: Empoleon|9\/100\n|move|p1b: Empoleon|Chilling Water|p2a: Sinistcha\n|-supereffective|p2a: Sinistcha\n|-damage|p2a: Sinistcha|0 fnt\n|faint|p2a: Sinistcha\n|\n|upkeep\n|\n|t:|1700613270\n|switch|p2a: Scream Tail|Scream Tail, L50|29\/100\n|turn|11\n|\n|t:|1700613293\n|move|p2a: Scream Tail|Protect|p2a: Scream Tail\n|-singleturn|p2a: Scream Tail|Protect\n|move|p2b: Landorus|Stomping Tantrum|p1b: Empoleon\n|-supereffective|p1b: Empoleon\n|-damage|p1b: Empoleon|0 fnt\n|faint|p1b: Empoleon\n|move|p1a: Sandy Shocks|Flash Cannon|p2a: Scream Tail\n|-activate|p2a: Scream Tail|move: Protect\n|\n|-sideend|p2: Nishikinoeriko|move: Tailwind\n|upkeep\n|\n|t:|1700613301\n|switch|p1b: Baxcalibur|Baxcalibur, L50, M, tera:Poison|90\/100\n|turn|12\n|\n|t:|1700613318\n|move|p1b: Baxcalibur|Ice Shard|p2b: Landorus\n|-supereffective|p2b: Landorus\n|-damage|p2b: Landorus|0 fnt\n|faint|p2b: Landorus\n|move|p2a: Scream Tail|Psychic Fangs|p1b: Baxcalibur\n|-supereffective|p1b: Baxcalibur\n|-damage|p1b: Baxcalibur|48\/100\n|move|p1a: Sandy Shocks|Flash Cannon|p2a: Scream Tail\n|-supereffective|p2a: Scream Tail\n|-damage|p2a: Scream Tail|0 fnt\n|faint|p2a: Scream Tail\n|-end|p2a: Scream Tail|Protosynthesis|[silent]\n|\n|win|pancho.totem\n|raw|pancho.totem's rating: 1327 &rarr; <strong>1353<\/strong><br \/>(+26 for winning)\n|raw|Nishikinoeriko's rating: 1428 &rarr; <strong>1402<\/strong><br \/>(-26 for losing)\n|l|\u2606Nishikinoeriko\n","uploadtime":1700613344,"views":7,"p1id":"panchototem","p2id":"nishikinoeriko","formatid":"gen9vgc2023regulatione","rating":1353,"private":0,"password":""}