{"id":"gen9vgc2023regulatione-1988702860","p1":"Njath","p2":"fresh yes","format":"[Gen 9] VGC 2023 Regulation E","log":"|j|\u2606Njath\n|j|\u2606fresh yes\n|t:|1699752587\n|gametype|doubles\n|player|p1|Njath|102|1208\n|player|p2|fresh yes|shauntal|1199\n|teamsize|p1|6\n|teamsize|p2|6\n|gen|9\n|tier|[Gen 9] VGC 2023 Regulation E\n|rated|\n|rule|Species Clause: Limit one of each Pok\u00e9mon\n|rule|Item Clause: Limit one of each item\n|clearpoke\n|poke|p1|Rillaboom, L50, F|\n|poke|p1|Arcanine-Hisui, L50, M|\n|poke|p1|Palafin, L50, F|\n|poke|p1|Tornadus, L50, M|\n|poke|p1|Chien-Pao, L50|\n|poke|p1|Roaring Moon, L50|\n|poke|p2|Snorlax, L50, F|\n|poke|p2|Sinistcha, L50|\n|poke|p2|Landorus-Therian, L50, M|\n|poke|p2|Iron Hands, L50|\n|poke|p2|Clefairy, L50, F|\n|poke|p2|Kommo-o, L50, F|\n|teampreview|4\n|inactive|Battle timer is ON: inactive players will automatically lose when time's up. (requested by fresh yes)\n|inactive|Njath has 60 seconds left.\n|inactive|fresh yes has 60 seconds left.\n|\n|t:|1699752639\n|start\n|switch|p1a: Chien-Pao|Chien-Pao, L50|100\/100\n|switch|p1b: Palafin|Palafin, L50, F, shiny|100\/100\n|switch|p2a: Snorlax|Snorlax, L50, F|100\/100\n|switch|p2b: Landorus|Landorus-Therian, L50, M|100\/100\n|-ability|p2b: Landorus|Intimidate|boost\n|-unboost|p1a: Chien-Pao|atk|1\n|-unboost|p1b: Palafin|atk|1\n|-ability|p1a: Chien-Pao|Sword of Ruin\n|turn|1\n|\n|t:|1699752659\n|move|p1a: Chien-Pao|Protect|p1a: Chien-Pao\n|-singleturn|p1a: Chien-Pao|Protect\n|move|p2b: Landorus|U-turn|p1a: Chien-Pao\n|-activate|p1a: Chien-Pao|move: Protect\n|move|p1b: Palafin|Flip Turn|p2b: Landorus\n|-supereffective|p2b: Landorus\n|-damage|p2b: Landorus|53\/100\n|\n|t:|1699752669\n|detailschange|p1b: Palafin|Palafin-Hero, L50, F, shiny\n|switch|p1b: Arcanine|Arcanine-Hisui, L50, M|100\/100|[from] Flip Turn\n|-ability|p1b: Arcanine|Intimidate|boost\n|-unboost|p2a: Snorlax|atk|1\n|-unboost|p2b: Landorus|atk|1\n|move|p2a: Snorlax|Belly Drum|p2a: Snorlax\n|-damage|p2a: Snorlax|50\/100\n|-setboost|p2a: Snorlax|atk|6|[from] move: Belly Drum\n|-enditem|p2a: Snorlax|Sitrus Berry|[eat]\n|-heal|p2a: Snorlax|75\/100|[from] item: Sitrus Berry\n|\n|upkeep\n|turn|2\n|\n|t:|1699752693\n|move|p2a: Snorlax|Protect|p2a: Snorlax\n|-singleturn|p2a: Snorlax|Protect\n|move|p1b: Arcanine|Extreme Speed|p2b: Landorus\n|-damage|p2b: Landorus|0 fnt\n|faint|p2b: Landorus\n|move|p1a: Chien-Pao|Sacred Sword|p2a: Snorlax\n|-activate|p2a: Snorlax|move: Protect\n|\n|upkeep\n|\n|t:|1699752702\n|switch|p2b: Clefairy|Clefairy, L50, F|100\/100\n|turn|3\n|inactive|Njath has 30 seconds left.\n|\n|t:|1699752734\n|-terastallize|p1b: Arcanine|Fairy\n|move|p1b: Arcanine|Extreme Speed|p2b: Clefairy\n|-damage|p2b: Clefairy|50\/100\n|move|p2b: Clefairy|Follow Me|p2b: Clefairy\n|-singleturn|p2b: Clefairy|move: Follow Me\n|move|p1a: Chien-Pao|Ice Spinner|p2b: Clefairy\n|-damage|p2b: Clefairy|12\/100\n|move|p2a: Snorlax|High Horsepower|p1b: Arcanine\n|-damage|p1b: Arcanine|0 fnt\n|faint|p1b: Arcanine\n|\n|upkeep\n|\n|t:|1699752754\n|switch|p1b: Roaring Moon|Roaring Moon, L50|100\/100\n|-enditem|p1b: Roaring Moon|Booster Energy\n|-activate|p1b: Roaring Moon|ability: Protosynthesis|[fromitem]\n|-start|p1b: Roaring Moon|protosynthesisspe\n|turn|4\n|inactive|fresh yes has 30 seconds left.\n|inactive|fresh yes has 20 seconds left.\n|\n|t:|1699752790\n|-terastallize|p2a: Snorlax|Water\n|move|p1b: Roaring Moon|Protect|p1b: Roaring Moon\n|-singleturn|p1b: Roaring Moon|Protect\n|move|p1a: Chien-Pao|Ice Spinner|p2b: Clefairy\n|-damage|p2b: Clefairy|0 fnt\n|faint|p2b: Clefairy\n|move|p2a: Snorlax|Facade|p1b: Roaring Moon\n|-activate|p1b: Roaring Moon|move: Protect\n|\n|upkeep\n|\n|t:|1699752802\n|switch|p2b: Sinistcha|Sinistcha, L50|100\/100\n|-heal|p2a: Snorlax|100\/100|[from] ability: Hospitality|[of] p2b: Sinistcha\n|turn|5\n|inactive|fresh yes has 30 seconds left.\n|\n|t:|1699752830\n|move|p1b: Roaring Moon|Knock Off|p2a: Snorlax\n|-damage|p2a: Snorlax|67\/100\n|move|p1a: Chien-Pao|Ice Spinner|p2b: Sinistcha\n|-supereffective|p2b: Sinistcha\n|-damage|p2b: Sinistcha|36\/100\n|move|p2b: Sinistcha|Matcha Gotcha|p1b: Roaring Moon|[spread] p1a,p1b\n|-resisted|p1b: Roaring Moon\n|-damage|p1a: Chien-Pao|62\/100\n|-heal|p2b: Sinistcha|53\/100|[from] drain|[of] p1a: Chien-Pao\n|-damage|p1b: Roaring Moon|90\/100\n|-heal|p2b: Sinistcha|59\/100|[from] drain|[of] p1b: Roaring Moon\n|-status|p1a: Chien-Pao|brn\n|move|p2a: Snorlax|Facade|p1b: Roaring Moon\n|-damage|p1b: Roaring Moon|0 fnt\n|faint|p1b: Roaring Moon\n|-end|p1b: Roaring Moon|Protosynthesis|[silent]\n|\n|-damage|p1a: Chien-Pao|56\/100 brn|[from] brn\n|upkeep\n|\n|t:|1699752850\n|switch|p1b: Palafin|Palafin-Hero, L50, F, shiny|100\/100\n|-activate|p1b: Palafin|ability: Zero to Hero\n|turn|6\n|inactive|Njath has 30 seconds left.\n|\n|t:|1699752881\n|move|p1a: Chien-Pao|Sucker Punch||[still]\n|-fail|p1a: Chien-Pao\n|move|p1b: Palafin|Wave Crash|p2a: Snorlax\n|-resisted|p2a: Snorlax\n|-damage|p2a: Snorlax|24\/100\n|-damage|p1b: Palafin|81\/100|[from] Recoil\n|move|p2b: Sinistcha|Strength Sap|p1b: Palafin\n|-unboost|p1b: Palafin|atk|1\n|-heal|p2b: Sinistcha|100\/100\n|move|p2a: Snorlax|Facade|p1a: Chien-Pao\n|-damage|p1a: Chien-Pao|0 fnt\n|faint|p1a: Chien-Pao\n|\n|upkeep\n|turn|7\n|\n|t:|1699752901\n|move|p2a: Snorlax|Protect|p2a: Snorlax\n|-singleturn|p2a: Snorlax|Protect\n|move|p1b: Palafin|Wave Crash|p2a: Snorlax\n|-activate|p2a: Snorlax|move: Protect\n|move|p2b: Sinistcha|Matcha Gotcha|p1b: Palafin\n|-supereffective|p1b: Palafin\n|-damage|p1b: Palafin|13\/100\n|\n|upkeep\n|turn|8\n|\n|t:|1699752914\n|move|p1b: Palafin|Wave Crash|p2a: Snorlax\n|-resisted|p2a: Snorlax\n|-crit|p2a: Snorlax\n|-damage|p2a: Snorlax|0 fnt\n|faint|p2a: Snorlax\n|-damage|p1b: Palafin|3\/100|[from] Recoil\n|move|p2b: Sinistcha|Matcha Gotcha|p1b: Palafin\n|-supereffective|p1b: Palafin\n|-damage|p1b: Palafin|0 fnt\n|faint|p1b: Palafin\n|\n|win|fresh yes\n|raw|Njath's rating: 1208 &rarr; <strong>1182<\/strong><br \/>(-26 for losing)\n|raw|fresh yes's rating: 1199 &rarr; <strong>1225<\/strong><br \/>(+26 for winning)\n|l|\u2606Njath\n","uploadtime":1699753087,"views":11,"p1id":"njath","p2id":"freshyes","formatid":"gen9vgc2023regulatione","rating":1182,"private":0,"password":""}