{"id":"gen9vgc2023regulatione-1997041165","p1":"qwkhvkhrvkfh","p2":"squigsquag","format":"[Gen 9] VGC 2023 Regulation E","log":"|j|\u2606qwkhvkhrvkfh\n|j|\u2606squigsquag\n|t:|1700758563\n|gametype|doubles\n|player|p1|qwkhvkhrvkfh|102|1047\n|player|p2|squigsquag|2|1140\n|teamsize|p1|6\n|teamsize|p2|6\n|gen|9\n|tier|[Gen 9] VGC 2023 Regulation E\n|rated|\n|rule|Species Clause: Limit one of each Pok\u00e9mon\n|rule|Item Clause: Limit one of each item\n|clearpoke\n|poke|p1|Shroomish, L50, M|\n|poke|p1|Dudunsparce-*, L50, M|\n|poke|p1|Garganacl, L50, F|\n|poke|p1|Ogerpon-Wellspring, L50, F|\n|poke|p1|Sinistcha-Masterpiece, L50|\n|poke|p1|Ting-Lu, L50|\n|poke|p2|Weezing, L50, M|\n|poke|p2|Iron Hands, L50|\n|poke|p2|Scream Tail, L50|\n|poke|p2|Iron Bundle, L50|\n|poke|p2|Ogerpon-Cornerstone, L50, F|\n|poke|p2|Baxcalibur, L50, F|\n|teampreview|4\n|inactive|Battle timer is ON: inactive players will automatically lose when time's up. (requested by qwkhvkhrvkfh)\n|inactive|squigsquag has 60 seconds left.\n|\n|t:|1700758624\n|start\n|switch|p1a: Shroomish|Shroomish, L50, M|100\/100\n|switch|p1b: Garganacl|Garganacl, L50, F|100\/100\n|switch|p2a: Iron Hands|Iron Hands, L50|100\/100\n|switch|p2b: Baxcalibur|Baxcalibur, L50, F|100\/100\n|turn|1\n|inactive|qwkhvkhrvkfh has 30 seconds left.\n|inactive|squigsquag has 30 seconds left.\n|inactive|qwkhvkhrvkfh has 20 seconds left.\n|\n|t:|1700758660\n|-terastallize|p1a: Shroomish|Water\n|move|p2a: Iron Hands|Fake Out|p1b: Garganacl\n|-resisted|p1b: Garganacl\n|-damage|p1b: Garganacl|96\/100\n|move|p2b: Baxcalibur|Icicle Spear|p1a: Shroomish\n|-resisted|p1a: Shroomish\n|-damage|p1a: Shroomish|93\/100\n|-resisted|p1a: Shroomish\n|-damage|p1a: Shroomish|86\/100\n|-resisted|p1a: Shroomish\n|-damage|p1a: Shroomish|80\/100\n|-resisted|p1a: Shroomish\n|-damage|p1a: Shroomish|73\/100\n|-hitcount|p1a: Shroomish|4\n|cant|p1b: Garganacl|flinch\n|move|p1a: Shroomish|Leech Seed|p2b: Baxcalibur\n|-start|p2b: Baxcalibur|move: Leech Seed\n|\n|-damage|p2b: Baxcalibur|88\/100|[from] Leech Seed|[of] p1a: Shroomish\n|-heal|p1a: Shroomish|87\/100|[silent]\n|upkeep\n|turn|2\n|inactive|squigsquag has 30 seconds left.\n|\n|t:|1700758690\n|switch|p2b: Iron Bundle|Iron Bundle, L50|100\/100\n|move|p2a: Iron Hands|Drain Punch|p1b: Garganacl\n|-supereffective|p1b: Garganacl\n|-damage|p1b: Garganacl|40\/100\n|move|p1b: Garganacl|Salt Cure|p2b: Iron Bundle\n|-supereffective|p2b: Iron Bundle\n|-damage|p2b: Iron Bundle|75\/100\n|-start|p2b: Iron Bundle|Salt Cure\n|move|p1a: Shroomish|Leech Seed|p2a: Iron Hands\n|-start|p2a: Iron Hands|move: Leech Seed\n|\n|-damage|p2a: Iron Hands|88\/100|[from] Leech Seed|[of] p1a: Shroomish\n|-heal|p1a: Shroomish|100\/100|[silent]\n|-damage|p2b: Iron Bundle|50\/100|[from] Salt Cure\n|upkeep\n|turn|3\n|inactive|squigsquag has 30 seconds left.\n|\n|t:|1700758719\n|-terastallize|p2b: Iron Bundle|Ghost\n|move|p2b: Iron Bundle|Freeze-Dry|p1a: Shroomish\n|-supereffective|p1a: Shroomish\n|-damage|p1a: Shroomish|40\/100\n|move|p2a: Iron Hands|Drain Punch|p1b: Garganacl\n|-supereffective|p1b: Garganacl\n|-damage|p1b: Garganacl|0 fnt\n|-heal|p2a: Iron Hands|100\/100|[from] drain|[of] p1b: Garganacl\n|faint|p1b: Garganacl\n|move|p1a: Shroomish|Leech Seed|p2b: Iron Bundle|[miss]\n|-miss|p1a: Shroomish|p2b: Iron Bundle\n|\n|-damage|p2a: Iron Hands|88\/100|[from] Leech Seed|[of] p1a: Shroomish\n|-heal|p1a: Shroomish|59\/100|[silent]\n|-damage|p2b: Iron Bundle|38\/100|[from] Salt Cure\n|upkeep\n|\n|t:|1700758731\n|switch|p1b: Sinistcha|Sinistcha-Masterpiece, L50|100\/100\n|-heal|p1a: Shroomish|84\/100|[from] ability: Hospitality|[of] p1b: Sinistcha\n|turn|4\n|\n|t:|1700758748\n|move|p1a: Shroomish|Protect|p1a: Shroomish\n|-singleturn|p1a: Shroomish|Protect\n|move|p2b: Iron Bundle|Freeze-Dry|p1a: Shroomish\n|-activate|p1a: Shroomish|move: Protect\n|move|p1b: Sinistcha|Matcha Gotcha|p2a: Iron Hands|[spread] p2a,p2b\n|-damage|p2a: Iron Hands|73\/100\n|-damage|p2b: Iron Bundle|8\/100\n|move|p2a: Iron Hands|Heavy Slam|p1a: Shroomish\n|-activate|p1a: Shroomish|move: Protect\n|\n|-damage|p2a: Iron Hands|60\/100|[from] Leech Seed|[of] p1a: Shroomish\n|-heal|p1a: Shroomish|100\/100|[silent]\n|-damage|p2b: Iron Bundle|0 fnt|[from] Salt Cure\n|faint|p2b: Iron Bundle\n|-end|p2b: Iron Bundle|Quark Drive|[silent]\n|upkeep\n|\n|t:|1700758754\n|switch|p2b: Scream Tail|Scream Tail, L50|100\/100\n|turn|5\n|\n|t:|1700758771\n|move|p2b: Scream Tail|Helping Hand|p2a: Iron Hands\n|-singleturn|p2a: Iron Hands|Helping Hand|[of] p2b: Scream Tail\n|move|p1b: Sinistcha|Matcha Gotcha|p2b: Scream Tail|[spread] p2a,p2b\n|-damage|p2a: Iron Hands|47\/100\n|-damage|p2b: Scream Tail|82\/100\n|-status|p2a: Iron Hands|brn\n|move|p2a: Iron Hands|Wild Charge|p1a: Shroomish\n|-supereffective|p1a: Shroomish\n|-damage|p1a: Shroomish|33\/100\n|-damage|p2a: Iron Hands|36\/100 brn|[from] Recoil\n|move|p1a: Shroomish|Spore|p2b: Scream Tail\n|-status|p2b: Scream Tail|slp|[from] move: Spore\n|\n|-damage|p2a: Iron Hands|24\/100 brn|[from] Leech Seed|[of] p1a: Shroomish\n|-heal|p1a: Shroomish|53\/100|[silent]\n|-damage|p2a: Iron Hands|17\/100 brn|[from] brn\n|upkeep\n|turn|6\n|inactive|squigsquag has 30 seconds left.\n|\n|t:|1700758800\n|-end|p2a: Iron Hands|Quark Drive|[silent]\n|switch|p2a: Baxcalibur|Baxcalibur, L50, F|88\/100\n|cant|p2b: Scream Tail|slp\n|move|p1b: Sinistcha|Matcha Gotcha|p2b: Scream Tail|[spread] p2a,p2b\n|-resisted|p2a: Baxcalibur\n|-damage|p2a: Baxcalibur|76\/100\n|-damage|p2b: Scream Tail|63\/100 slp\n|move|p1a: Shroomish|Leech Seed|p2b: Scream Tail\n|-start|p2b: Scream Tail|move: Leech Seed\n|\n|-damage|p2b: Scream Tail|50\/100 slp|[from] Leech Seed|[of] p1a: Shroomish\n|-heal|p1a: Shroomish|69\/100|[silent]\n|upkeep\n|turn|7\n|inactive|squigsquag has 30 seconds left.\n|\n|t:|1700758827\n|-curestatus|p2b: Scream Tail|slp|[msg]\n|move|p2b: Scream Tail|Crunch|p1b: Sinistcha\n|-supereffective|p1b: Sinistcha\n|-damage|p1b: Sinistcha|76\/100\n|-damage|p2b: Scream Tail|34\/100|[from] item: Rocky Helmet|[of] p1b: Sinistcha\n|move|p2a: Baxcalibur|Icicle Spear|p1b: Sinistcha\n|-supereffective|p1b: Sinistcha\n|-damage|p1b: Sinistcha|51\/100\n|-supereffective|p1b: Sinistcha\n|-damage|p1b: Sinistcha|23\/100\n|-supereffective|p1b: Sinistcha\n|-damage|p1b: Sinistcha|0 fnt\n|faint|p1b: Sinistcha\n|-hitcount|p1: Sinistcha|3\n|move|p1a: Shroomish|Leech Seed|p2a: Baxcalibur|[miss]\n|-miss|p1a: Shroomish|p2a: Baxcalibur\n|\n|-damage|p2b: Scream Tail|22\/100|[from] Leech Seed|[of] p1a: Shroomish\n|-heal|p1a: Shroomish|85\/100|[silent]\n|upkeep\n|c|\u2606qwkhvkhrvkfh|op shroomish\n|\n|t:|1700758833\n|switch|p1b: Ogerpon|Ogerpon-Wellspring, L50, F|100\/100\n|turn|8\n|c|\u2606qwkhvkhrvkfh|but blind shroomish\n|inactive|squigsquag has 30 seconds left.\n|\n|t:|1700758862\n|move|p2b: Scream Tail|Helping Hand|p2a: Baxcalibur\n|-singleturn|p2a: Baxcalibur|Helping Hand|[of] p2b: Scream Tail\n|move|p1b: Ogerpon|Focus Energy|p1b: Ogerpon\n|-start|p1b: Ogerpon|move: Focus Energy\n|move|p2a: Baxcalibur|Icicle Spear|p1b: Ogerpon\n|-damage|p1b: Ogerpon|73\/100\n|-damage|p1b: Ogerpon|46\/100\n|-damage|p1b: Ogerpon|22\/100\n|-damage|p1b: Ogerpon|0 fnt\n|faint|p1b: Ogerpon\n|-hitcount|p1: Ogerpon|4\n|move|p1a: Shroomish|Leech Seed|p2a: Baxcalibur\n|-start|p2a: Baxcalibur|move: Leech Seed\n|\n|-damage|p2b: Scream Tail|10\/100|[from] Leech Seed|[of] p1a: Shroomish\n|-heal|p1a: Shroomish|100\/100|[silent]\n|-damage|p2a: Baxcalibur|64\/100|[from] Leech Seed|[of] p1a: Shroomish\n|upkeep\n|turn|9\n|inactive|squigsquag has 30 seconds left.\n|\n|t:|1700758890\n|move|p2b: Scream Tail|Crunch|p1a: Shroomish\n|-damage|p1a: Shroomish|89\/100\n|move|p2a: Baxcalibur|Dragon Dance|p2a: Baxcalibur\n|-boost|p2a: Baxcalibur|atk|1\n|-boost|p2a: Baxcalibur|spe|1\n|move|p1a: Shroomish|Spore|p2a: Baxcalibur\n|-status|p2a: Baxcalibur|slp|[from] move: Spore\n|\n|-damage|p2a: Baxcalibur|52\/100 slp|[from] Leech Seed|[of] p1a: Shroomish\n|-heal|p1a: Shroomish|100\/100|[silent]\n|-damage|p2b: Scream Tail|0 fnt|[from] Leech Seed|[of] p1a: Shroomish\n|faint|p2b: Scream Tail\n|-end|p2b: Scream Tail|Protosynthesis|[silent]\n|upkeep\n|\n|t:|1700758905\n|switch|p2b: Iron Hands|Iron Hands, L50|17\/100 brn\n|turn|10\n|\n|t:|1700758915\n|move|p2b: Iron Hands|Fake Out|p1a: Shroomish\n|-damage|p1a: Shroomish|94\/100\n|cant|p2a: Baxcalibur|slp\n|cant|p1a: Shroomish|flinch\n|\n|-damage|p2a: Baxcalibur|39\/100 slp|[from] Leech Seed|[of] p1a: Shroomish\n|-heal|p1a: Shroomish|100\/100|[silent]\n|-damage|p2b: Iron Hands|11\/100 brn|[from] brn\n|upkeep\n|turn|11\n|\n|t:|1700758929\n|-curestatus|p2a: Baxcalibur|slp|[msg]\n|move|p2a: Baxcalibur|Icicle Spear|p1a: Shroomish\n|-resisted|p1a: Shroomish\n|-damage|p1a: Shroomish|90\/100\n|-resisted|p1a: Shroomish\n|-damage|p1a: Shroomish|80\/100\n|-resisted|p1a: Shroomish\n|-damage|p1a: Shroomish|69\/100\n|-resisted|p1a: Shroomish\n|-damage|p1a: Shroomish|59\/100\n|-resisted|p1a: Shroomish\n|-damage|p1a: Shroomish|48\/100\n|-hitcount|p1a: Shroomish|5\n|move|p2b: Iron Hands|Wild Charge|p1a: Shroomish\n|-supereffective|p1a: Shroomish\n|-damage|p1a: Shroomish|0 fnt\n|faint|p1a: Shroomish\n|-damage|p2b: Iron Hands|4\/100 brn|[from] Recoil\n|\n|win|squigsquag\n|raw|qwkhvkhrvkfh's rating: 1047 &rarr; <strong>1034<\/strong><br \/>(-13 for losing)\n|raw|squigsquag's rating: 1140 &rarr; <strong>1158<\/strong><br \/>(+18 for winning)\n|c|\u2606qwkhvkhrvkfh|nooooo\n|c|\u2606qwkhvkhrvkfh|ggs\n","uploadtime":1700758948,"views":1,"p1id":"qwkhvkhrvkfh","p2id":"squigsquag","formatid":"gen9vgc2023regulatione","rating":1034,"private":0,"password":""}