{"id":"gen9vgc2023regulatione-1991714171","p1":"WillieDangerously","p2":"Iron Hams","format":"[Gen 9] VGC 2023 Regulation E","log":"|j|\u2606WillieDangerously\n|j|\u2606Iron Hams\n|t:|1700105963\n|gametype|doubles\n|player|p1|WillieDangerously|101|1251\n|player|p2|Iron Hams|smasher|1317\n|teamsize|p1|6\n|teamsize|p2|6\n|gen|9\n|tier|[Gen 9] VGC 2023 Regulation E\n|rated|\n|rule|Species Clause: Limit one of each Pok\u00e9mon\n|rule|Item Clause: Limit one of each item\n|clearpoke\n|poke|p1|Iron Hands, L50|\n|poke|p1|Iron Bundle, L50|\n|poke|p1|Sinistcha, L50|\n|poke|p1|Landorus-Therian, L50, M|\n|poke|p1|Heatran, L50, M|\n|poke|p1|Ninetales-Alola, L50, M|\n|poke|p2|Arcanine-Hisui, L50, M|\n|poke|p2|Chien-Pao, L50|\n|poke|p2|Urshifu-*, L50, M|\n|poke|p2|Rillaboom, L50, M|\n|poke|p2|Flutter Mane, L50|\n|poke|p2|Tornadus, L50, M|\n|teampreview|4\n|\n|t:|1700105993\n|start\n|switch|p1a: Iron Hands|Iron Hands, L50|100\/100\n|switch|p1b: Landorus|Landorus-Therian, L50, M|100\/100\n|switch|p2a: Flutter Mane|Flutter Mane, L50|100\/100\n|switch|p2b: Tornadus|Tornadus, L50, M|100\/100\n|-ability|p1b: Landorus|Intimidate|boost\n|-unboost|p2a: Flutter Mane|atk|1\n|-unboost|p2b: Tornadus|atk|1\n|-enditem|p2a: Flutter Mane|Booster Energy\n|-activate|p2a: Flutter Mane|ability: Protosynthesis|[fromitem]\n|-start|p2a: Flutter Mane|protosynthesisspa\n|turn|1\n|\n|t:|1700106032\n|-terastallize|p2a: Flutter Mane|Fairy\n|-terastallize|p1b: Landorus|Steel\n|move|p2a: Flutter Mane|Moonblast|p1a: Iron Hands\n|-supereffective|p1a: Iron Hands\n|-damage|p1a: Iron Hands|15\/100\n|-unboost|p1a: Iron Hands|spa|1\n|move|p2b: Tornadus|Bleakwind Storm|p1b: Landorus|[spread] \n|-miss|p2b: Tornadus|p1a: Iron Hands\n|-miss|p2b: Tornadus|p1b: Landorus\n|move|p1b: Landorus|Rock Slide|p2a: Flutter Mane|[spread] p2a\n|-miss|p1b: Landorus|p2b: Tornadus\n|-damage|p2a: Flutter Mane|63\/100\n|move|p1a: Iron Hands|Heavy Slam|p2a: Flutter Mane\n|-supereffective|p2a: Flutter Mane\n|-damage|p2a: Flutter Mane|0 fnt\n|faint|p2a: Flutter Mane\n|-end|p2a: Flutter Mane|Protosynthesis|[silent]\n|\n|upkeep\n|\n|t:|1700106050\n|switch|p2a: Rillaboom|Rillaboom, L50, M|100\/100\n|-fieldstart|move: Grassy Terrain|[from] ability: Grassy Surge|[of] p2a: Rillaboom\n|turn|2\n|\n|t:|1700106067\n|-end|p1a: Iron Hands|Quark Drive|[silent]\n|switch|p1a: Heatran|Heatran, L50, M|100\/100\n|move|p2a: Rillaboom|Fake Out|p1a: Heatran\n|-resisted|p1a: Heatran\n|-damage|p1a: Heatran|95\/100\n|move|p2b: Tornadus|Tailwind|p2b: Tornadus\n|-sidestart|p2: Iron Hams|move: Tailwind\n|move|p1b: Landorus|U-turn|p2a: Rillaboom\n|-supereffective|p2a: Rillaboom\n|-damage|p2a: Rillaboom|42\/100\n|\n|t:|1700106088\n|switch|p1b: Iron Hands|Iron Hands, L50|15\/100|[from] U-turn\n|\n|-heal|p2a: Rillaboom|48\/100|[from] Grassy Terrain\n|-heal|p1a: Heatran|100\/100|[from] Grassy Terrain\n|-heal|p1b: Iron Hands|21\/100|[from] Grassy Terrain\n|upkeep\n|turn|3\n|\n|t:|1700106113\n|switch|p2a: Arcanine|Arcanine-Hisui, L50, M|100\/100\n|-ability|p2a: Arcanine|Intimidate|boost\n|-unboost|p1a: Heatran|atk|1\n|-unboost|p1b: Iron Hands|atk|1\n|move|p1b: Iron Hands|Fake Out|p2a: Arcanine\n|-resisted|p2a: Arcanine\n|-damage|p2a: Arcanine|93\/100\n|move|p2b: Tornadus|Bleakwind Storm|p1b: Iron Hands|[spread] p1a,p1b\n|-resisted|p1a: Heatran\n|-damage|p1a: Heatran|87\/100\n|-damage|p1b: Iron Hands|4\/100\n|move|p1a: Heatran|Heat Wave|p2b: Tornadus|[spread] p2a,p2b\n|-resisted|p2a: Arcanine\n|-damage|p2a: Arcanine|80\/100\n|-damage|p2b: Tornadus|59\/100\n|\n|-heal|p2a: Arcanine|86\/100|[from] Grassy Terrain\n|-heal|p1a: Heatran|93\/100|[from] Grassy Terrain\n|-heal|p1a: Heatran|99\/100|[from] item: Leftovers\n|-heal|p1b: Iron Hands|10\/100|[from] Grassy Terrain\n|upkeep\n|turn|4\n|\n|t:|1700106140\n|switch|p1a: Sinistcha|Sinistcha, L50|100\/100\n|-heal|p1b: Iron Hands|35\/100|[from] ability: Hospitality|[of] p1a: Sinistcha\n|-end|p1b: Iron Hands|Quark Drive|[silent]\n|switch|p1b: Landorus|Landorus-Therian, L50, M, tera:Steel|100\/100\n|-ability|p1b: Landorus|Intimidate|boost\n|-unboost|p2a: Arcanine|atk|1\n|-unboost|p2b: Tornadus|atk|1\n|move|p2a: Arcanine|Rock Slide|p1b: Landorus|[spread] p1a,p1b\n|-resisted|p1b: Landorus\n|-damage|p1a: Sinistcha|73\/100\n|-damage|p1b: Landorus|84\/100\n|move|p2b: Tornadus|Bleakwind Storm|p1b: Landorus|[spread] p1a,p1b\n|-supereffective|p1a: Sinistcha\n|-resisted|p1b: Landorus\n|-damage|p1a: Sinistcha|12\/100\n|-damage|p1b: Landorus|63\/100\n|-unboost|p1a: Sinistcha|spe|1\n|-enditem|p1a: Sinistcha|Sitrus Berry|[eat]\n|-heal|p1a: Sinistcha|37\/100|[from] item: Sitrus Berry\n|\n|-heal|p2a: Arcanine|92\/100|[from] Grassy Terrain\n|-heal|p1b: Landorus|70\/100|[from] Grassy Terrain\n|-heal|p1a: Sinistcha|43\/100|[from] Grassy Terrain\n|upkeep\n|turn|5\n|\n|t:|1700106166\n|switch|p2a: Rillaboom|Rillaboom, L50, M|48\/100\n|move|p1a: Sinistcha|Rage Powder|p1a: Sinistcha\n|-singleturn|p1a: Sinistcha|move: Rage Powder\n|move|p2b: Tornadus|Taunt|p1a: Sinistcha\n|-start|p1a: Sinistcha|move: Taunt\n|move|p1b: Landorus|Stomping Tantrum|p2a: Rillaboom\n|-resisted|p2a: Rillaboom\n|-damage|p2a: Rillaboom|25\/100\n|\n|-heal|p2a: Rillaboom|31\/100|[from] Grassy Terrain\n|-heal|p1b: Landorus|76\/100|[from] Grassy Terrain\n|-heal|p1a: Sinistcha|49\/100|[from] Grassy Terrain\n|-sideend|p2: Iron Hams|move: Tailwind\n|upkeep\n|turn|6\n|\n|t:|1700106198\n|switch|p1b: Iron Hands|Iron Hands, L50|35\/100\n|move|p2b: Tornadus|Bleakwind Storm|p1b: Iron Hands|[spread] p1b\n|-miss|p2b: Tornadus|p1a: Sinistcha\n|-damage|p1b: Iron Hands|19\/100\n|move|p2a: Rillaboom|Wood Hammer|p1b: Iron Hands\n|-damage|p1b: Iron Hands|0 fnt\n|faint|p1b: Iron Hands\n|-end|p1b: Iron Hands|Quark Drive|[silent]\n|-damage|p2a: Rillaboom|24\/100|[from] Recoil\n|move|p1a: Sinistcha|Shadow Ball|p2b: Tornadus\n|-damage|p2b: Tornadus|13\/100\n|\n|-heal|p2a: Rillaboom|30\/100|[from] Grassy Terrain\n|-heal|p1a: Sinistcha|56\/100|[from] Grassy Terrain\n|-fieldend|move: Grassy Terrain\n|upkeep\n|\n|t:|1700106216\n|switch|p1b: Heatran|Heatran, L50, M|99\/100\n|turn|7\n|\n|t:|1700106226\n|switch|p1a: Landorus|Landorus-Therian, L50, M, tera:Steel|76\/100\n|-ability|p1a: Landorus|Intimidate|boost\n|-unboost|p2a: Rillaboom|atk|1\n|-unboost|p2b: Tornadus|atk|1\n|move|p2b: Tornadus|Bleakwind Storm|p1a: Landorus|[spread] p1a,p1b\n|-resisted|p1a: Landorus\n|-resisted|p1b: Heatran\n|-damage|p1a: Landorus|56\/100\n|-damage|p1b: Heatran|85\/100\n|move|p2a: Rillaboom|U-turn|p1b: Heatran\n|-resisted|p1b: Heatran\n|-damage|p1b: Heatran|81\/100\n|\n|t:|1700106236\n|switch|p2a: Arcanine|Arcanine-Hisui, L50, M|92\/100|[from] U-turn\n|-ability|p2a: Arcanine|Intimidate|boost\n|-fail|p1a: Landorus|unboost|[from] item: Clear Amulet|[of] p1a: Landorus\n|-unboost|p1b: Heatran|atk|1\n|move|p1b: Heatran|Heat Wave|p2b: Tornadus|[spread] p2a,p2b\n|-resisted|p2a: Arcanine\n|-damage|p2a: Arcanine|79\/100\n|-damage|p2b: Tornadus|0 fnt\n|faint|p2b: Tornadus\n|\n|-heal|p1b: Heatran|88\/100|[from] item: Leftovers\n|upkeep\n|\n|t:|1700106246\n|switch|p2b: Rillaboom|Rillaboom, L50, M|30\/100\n|-fieldstart|move: Grassy Terrain|[from] ability: Grassy Surge|[of] p2b: Rillaboom\n|turn|8\n|\n|t:|1700106263\n|switch|p1b: Sinistcha|Sinistcha, L50|56\/100\n|-heal|p1a: Landorus|80\/100|[from] ability: Hospitality|[of] p1b: Sinistcha\n|move|p1a: Landorus|Protect|p1a: Landorus\n|-singleturn|p1a: Landorus|Protect\n|move|p2b: Rillaboom|Fake Out|p1a: Landorus\n|-activate|p1a: Landorus|move: Protect\n|move|p2a: Arcanine|Rock Slide|p1a: Landorus|[spread] p1b\n|-activate|p1a: Landorus|move: Protect\n|-damage|p1b: Sinistcha|13\/100\n|\n|-heal|p2a: Arcanine|85\/100|[from] Grassy Terrain\n|-heal|p1a: Landorus|86\/100|[from] Grassy Terrain\n|-heal|p2b: Rillaboom|35\/100|[from] Grassy Terrain\n|-heal|p1b: Sinistcha|19\/100|[from] Grassy Terrain\n|upkeep\n|turn|9\n|\n|t:|1700106287\n|switch|p1b: Heatran|Heatran, L50, M|88\/100\n|move|p2a: Arcanine|Rock Slide|p1a: Landorus|[spread] p1a,p1b\n|-resisted|p1a: Landorus\n|-damage|p1a: Landorus|63\/100\n|-damage|p1b: Heatran|46\/100\n|move|p1a: Landorus|U-turn|p2b: Rillaboom\n|-supereffective|p2b: Rillaboom\n|-damage|p2b: Rillaboom|0 fnt\n|faint|p2b: Rillaboom\n|\n|t:|1700106295\n|switch|p1a: Sinistcha|Sinistcha, L50|19\/100|[from] U-turn\n|-heal|p1b: Heatran|70\/100|[from] ability: Hospitality|[of] p1a: Sinistcha\n|\n|-heal|p2a: Arcanine|90\/100|[from] Grassy Terrain\n|-heal|p1b: Heatran|77\/100|[from] Grassy Terrain\n|-heal|p1b: Heatran|83\/100|[from] item: Leftovers\n|-heal|p1a: Sinistcha|25\/100|[from] Grassy Terrain\n|upkeep\n|turn|10\n|\n|t:|1700106312\n|switch|p1a: Landorus|Landorus-Therian, L50, M, tera:Steel|63\/100\n|-ability|p1a: Landorus|Intimidate|boost\n|-unboost|p2a: Arcanine|atk|1\n|move|p2a: Arcanine|Rock Slide|p1a: Landorus|[spread] p1a,p1b\n|-resisted|p1a: Landorus\n|-damage|p1a: Landorus|48\/100\n|-damage|p1b: Heatran|58\/100\n|move|p1b: Heatran|Earth Power|p2a: Arcanine\n|-supereffective|p2a: Arcanine\n|-damage|p2a: Arcanine|0 fnt\n|faint|p2a: Arcanine\n|\n|win|WillieDangerously\n|raw|WillieDangerously's rating: 1251 &rarr; <strong>1281<\/strong><br \/>(+30 for winning)\n|raw|Iron Hams's rating: 1317 &rarr; <strong>1293<\/strong><br \/>(-24 for losing)\n|l|\u2606Iron Hams\n","uploadtime":1700106324,"views":15,"p1id":"williedangerously","p2id":"ironhams","formatid":"gen9vgc2023regulatione","rating":1281,"private":0,"password":""}