{"id":"gen9vgc2023regulatione-1990461494","p1":"TheStarry1","p2":"Salperro","format":"[Gen 9] VGC 2023 Regulation E","log":"|j|\u2606TheStarry1\n|j|\u2606Salperro\n|t:|1699973149\n|gametype|doubles\n|player|p1|TheStarry1|101|1101\n|player|p2|Salperro|101|1190\n|teamsize|p1|6\n|teamsize|p2|6\n|gen|9\n|tier|[Gen 9] VGC 2023 Regulation E\n|rated|\n|rule|Species Clause: Limit one of each Pok\u00e9mon\n|rule|Item Clause: Limit one of each item\n|clearpoke\n|poke|p1|Sinistcha, L50|\n|poke|p1|Iron Hands, L50|\n|poke|p1|Ogerpon-Wellspring, L50, F|\n|poke|p1|Flutter Mane, L50|\n|poke|p1|Landorus-Therian, L50, M|\n|poke|p1|Heatran, L50, F|\n|poke|p2|Tornadus, L50, M|\n|poke|p2|Flutter Mane, L50|\n|poke|p2|Dragonite, L50, F|\n|poke|p2|Chien-Pao, L50|\n|poke|p2|Urshifu-*, L50, M|\n|poke|p2|Gholdengo, L50|\n|teampreview|4\n|\n|t:|1699973177\n|start\n|switch|p1a: Handy|Iron Hands, L50|100\/100\n|switch|p1b: HeatRUN|Heatran, L50, F|100\/100\n|switch|p2a: Urshifu|Urshifu-Rapid-Strike, L50, M|100\/100\n|switch|p2b: Tornadus|Tornadus, L50, M|100\/100\n|turn|1\n|\n|t:|1699973210\n|move|p1b: HeatRUN|Protect|p1b: HeatRUN\n|-singleturn|p1b: HeatRUN|Protect\n|move|p2b: Tornadus|Tailwind|p2b: Tornadus\n|-sidestart|p2: Salperro|move: Tailwind\n|move|p2a: Urshifu|U-turn|p1b: HeatRUN\n|-resisted|p1b: HeatRUN\n|-damage|p1b: HeatRUN|95\/100\n|\n|t:|1699973230\n|switch|p2a: Chien-Pao|Chien-Pao, L50|100\/100|[from] U-turn\n|-ability|p2a: Chien-Pao|Sword of Ruin\n|move|p1a: Handy|Wild Charge|p2a: Chien-Pao\n|-damage|p2a: Chien-Pao|37\/100\n|-damage|p1a: Handy|90\/100|[from] Recoil\n|\n|upkeep\n|turn|2\n|\n|t:|1699973243\n|move|p2b: Tornadus|Rain Dance|p2b: Tornadus\n|-weather|RainDance\n|move|p2a: Chien-Pao|Sacred Sword|p1b: HeatRUN\n|-supereffective|p1b: HeatRUN\n|-damage|p1b: HeatRUN|30\/100\n|move|p1b: HeatRUN|Heat Wave|p2a: Chien-Pao|[spread] p2a,p2b\n|-supereffective|p2a: Chien-Pao\n|-crit|p2a: Chien-Pao\n|-damage|p2a: Chien-Pao|0 fnt\n|-damage|p2b: Tornadus|75\/100\n|faint|p2a: Chien-Pao\n|move|p1a: Handy|Wild Charge|p2b: Tornadus\n|-supereffective|p2b: Tornadus\n|-damage|p2b: Tornadus|0 fnt\n|faint|p2b: Tornadus\n|-damage|p1a: Handy|78\/100|[from] Recoil\n|\n|-weather|RainDance|[upkeep]\n|upkeep\n|\n|t:|1699973249\n|switch|p2a: Gholdengo|Gholdengo, L50|100\/100\n|switch|p2b: Urshifu|Urshifu-Rapid-Strike, L50, M|100\/100\n|turn|3\n|\n|t:|1699973269\n|-terastallize|p2b: Urshifu|Water\n|move|p2b: Urshifu|Surging Strikes|p1a: Handy\n|-crit|p1a: Handy\n|-damage|p1a: Handy|50\/100\n|-crit|p1a: Handy\n|-damage|p1a: Handy|23\/100\n|-crit|p1a: Handy\n|-damage|p1a: Handy|0 fnt\n|faint|p1a: Handy\n|-end|p1a: Handy|Quark Drive|[silent]\n|-hitcount|p1: Handy|3\n|move|p2a: Gholdengo|Shadow Ball|p1b: HeatRUN\n|-damage|p1b: HeatRUN|0 fnt\n|faint|p1b: HeatRUN\n|\n|-weather|RainDance|[upkeep]\n|upkeep\n|\n|t:|1699973281\n|switch|p1b: cha-cha|Sinistcha, L50|100\/100\n|switch|p1a: Ogerpon|Ogerpon-Wellspring, L50, F|100\/100\n|turn|4\n|\n|t:|1699973292\n|move|p1a: Ogerpon|Spiky Shield|p1a: Ogerpon\n|-singleturn|p1a: Ogerpon|move: Protect\n|move|p2b: Urshifu|Surging Strikes|p1a: Ogerpon\n|-immune|p1a: Ogerpon|[from] ability: Water Absorb\n|move|p2a: Gholdengo|Shadow Ball|p1b: cha-cha\n|-supereffective|p1b: cha-cha\n|-damage|p1b: cha-cha|0 fnt\n|faint|p1b: cha-cha\n|\n|-weather|RainDance|[upkeep]\n|-sideend|p2: Salperro|move: Tailwind\n|upkeep\n|turn|5\n|\n|t:|1699973313\n|move|p2b: Urshifu|Surging Strikes|p1a: Ogerpon\n|-immune|p1a: Ogerpon|[from] ability: Water Absorb\n|move|p2a: Gholdengo|Shadow Ball|p1a: Ogerpon\n|-damage|p1a: Ogerpon|40\/100\n|move|p1a: Ogerpon|Ivy Cudgel|p2a: Gholdengo|[anim] Ivy Cudgel Water\n|-damage|p2a: Gholdengo|0 fnt\n|faint|p2a: Gholdengo\n|\n|-weather|RainDance|[upkeep]\n|upkeep\n|turn|6\n|\n|t:|1699973324\n|move|p2b: Urshifu|Surging Strikes|p1a: Ogerpon\n|-heal|p1a: Ogerpon|64\/100|[from] ability: Water Absorb|[of] p2b: Urshifu\n|move|p1a: Ogerpon|Horn Leech|p2b: Urshifu\n|-supereffective|p2b: Urshifu\n|-damage|p2b: Urshifu|15\/100\n|-heal|p1a: Ogerpon|100\/100|[from] drain|[of] p2b: Urshifu\n|\n|-weather|none\n|upkeep\n|turn|7\n|l|\u2606Salperro\n|player|p2|\n|inactive|Battle timer is ON: inactive players will automatically lose when time's up. (requested by TheStarry1)\n|inactive|Salperro has 30 seconds to reconnect!\n|inactive|Salperro has 20 seconds to reconnect!\n|inactive|Salperro has 15 seconds to reconnect!\n|inactive|Salperro has 10 seconds to reconnect!\n|inactive|Salperro has 5 seconds to reconnect!\n|-message|Salperro lost due to inactivity.\n|\n|win|TheStarry1\n|raw|TheStarry1's rating: 1101 &rarr; <strong>1132<\/strong><br \/>(+31 for winning)\n|raw|Salperro's rating: 1190 &rarr; <strong>1159<\/strong><br \/>(-31 for losing)\n","uploadtime":1699973429,"views":13,"p1id":"thestarry1","p2id":"salperro","formatid":"gen9vgc2023regulatione","rating":1132,"private":0,"password":""}