{"id":"gen9vgc2023regulatione-1993254452","p1":"MasahiroHimuro","p2":"thepurpleledian","format":"[Gen 9] VGC 2023 Regulation E","log":"|j|\u2606MasahiroHimuro\n|j|\u2606thepurpleledian\n|t:|1700284915\n|gametype|doubles\n|player|p1|MasahiroHimuro|bruno|1122\n|player|p2|thepurpleledian|lance|1039\n|teamsize|p1|6\n|teamsize|p2|6\n|gen|9\n|tier|[Gen 9] VGC 2023 Regulation E\n|rated|\n|rule|Species Clause: Limit one of each Pok\u00e9mon\n|rule|Item Clause: Limit one of each item\n|clearpoke\n|poke|p1|Haxorus, L50, F|\n|poke|p1|Ogerpon, L50, F|\n|poke|p1|Landorus-Therian, L50, M|\n|poke|p1|Ninetales, L50, M|\n|poke|p1|Mandibuzz, L50, F|\n|poke|p1|Tropius, L50, M|\n|poke|p2|Ninetales, L50, M|\n|poke|p2|Jumpluff, L50, F|\n|poke|p2|Flutter Mane, L50|\n|poke|p2|Iron Hands, L50|\n|poke|p2|Umbreon, L50, M|\n|poke|p2|Cresselia, L50, F|\n|teampreview|4\n|c|\u2606thepurpleledian|gl hf\n|\n|t:|1700284986\n|start\n|switch|p1a: Ogerpon|Ogerpon, L50, F|100\/100\n|switch|p1b: Tropius|Tropius, L50, M|100\/100\n|switch|p2a: Ninetales|Ninetales, L50, M, shiny|100\/100\n|switch|p2b: Jumpluff|Jumpluff, L50, F|100\/100\n|-weather|SunnyDay|[from] ability: Drought|[of] p2a: Ninetales\n|turn|1\n|\n|t:|1700285008\n|move|p1b: Tropius|Wide Guard|p1b: Tropius\n|-singleturn|p1b: Tropius|Wide Guard\n|move|p2b: Jumpluff|Strength Sap|p1a: Ogerpon\n|-unboost|p1a: Ogerpon|atk|1\n|-ability|p1a: Ogerpon|Defiant|boost\n|-boost|p1a: Ogerpon|atk|2\n|move|p2a: Ninetales|Heat Wave|p1b: Tropius|[spread] \n|-activate|p1a: Ogerpon|move: Wide Guard\n|-activate|p1b: Tropius|move: Wide Guard\n|move|p1a: Ogerpon|Swords Dance|p1a: Ogerpon\n|-boost|p1a: Ogerpon|atk|2\n|\n|-weather|SunnyDay|[upkeep]\n|upkeep\n|turn|2\n|c|\u2606thepurpleledian|I goofed so hard lol\n|\n|t:|1700285032\n|move|p2b: Jumpluff|Encore|p1a: Ogerpon\n|-start|p1a: Ogerpon|Encore\n|move|p2a: Ninetales|Will-O-Wisp|p1a: Ogerpon\n|-status|p1a: Ogerpon|brn\n|move|p1a: Ogerpon|Swords Dance|p1a: Ogerpon\n|-boost|p1a: Ogerpon|atk|2\n|move|p1b: Tropius|Tailwind|p1b: Tropius\n|-sidestart|p1: MasahiroHimuro|move: Tailwind\n|\n|-weather|SunnyDay|[upkeep]\n|-damage|p1a: Ogerpon|95\/100 brn|[from] brn\n|upkeep\n|turn|3\n|\n|t:|1700285060\n|switch|p1a: Landorus|Landorus-Therian, L50, M|100\/100\n|-ability|p1a: Landorus|Intimidate|boost\n|-unboost|p2a: Ninetales|atk|1\n|-unboost|p2b: Jumpluff|atk|1\n|move|p1b: Tropius|Wide Guard|p1b: Tropius\n|-singleturn|p1b: Tropius|Wide Guard\n|move|p2b: Jumpluff|Pollen Puff|p1a: Landorus\n|-resisted|p1a: Landorus\n|-damage|p1a: Landorus|91\/100\n|move|p2a: Ninetales|Heat Wave|p1b: Tropius|[spread] \n|-activate|p1a: Landorus|move: Wide Guard\n|-activate|p1b: Tropius|move: Wide Guard\n|\n|-weather|SunnyDay|[upkeep]\n|upkeep\n|turn|4\n|\n|t:|1700285083\n|switch|p1b: Ogerpon|Ogerpon, L50, F|95\/100 brn\n|-terastallize|p2a: Ninetales|Grass\n|move|p1a: Landorus|Rock Slide|p2b: Jumpluff|[spread] p2a,p2b\n|-supereffective|p2b: Jumpluff\n|-damage|p2a: Ninetales|72\/100\n|-damage|p2b: Jumpluff|51\/100\n|move|p2b: Jumpluff|Leaf Storm|p1a: Landorus\n|-damage|p1a: Landorus|55\/100\n|-unboost|p2b: Jumpluff|spa|2\n|move|p2a: Ninetales|Solar Beam||[still]\n|-prepare|p2a: Ninetales|Solar Beam\n|-anim|p2a: Ninetales|Solar Beam|p1a: Landorus\n|-damage|p1a: Landorus|0 fnt\n|faint|p1a: Landorus\n|\n|-weather|SunnyDay|[upkeep]\n|-damage|p1b: Ogerpon|89\/100 brn|[from] brn\n|upkeep\n|\n|t:|1700285114\n|switch|p1a: Tropius|Tropius, L50, M|100\/100\n|turn|5\n|\n|t:|1700285146\n|switch|p2a: Iron Hands|Iron Hands, L50|100\/100\n|move|p1a: Tropius|Wide Guard|p1a: Tropius\n|-singleturn|p1a: Tropius|Wide Guard\n|move|p2b: Jumpluff|Strength Sap|p1a: Tropius\n|-unboost|p1a: Tropius|atk|1\n|-heal|p2b: Jumpluff|87\/100\n|move|p1b: Ogerpon|Swords Dance|p1b: Ogerpon\n|-boost|p1b: Ogerpon|atk|2\n|\n|-weather|SunnyDay|[upkeep]\n|-damage|p1b: Ogerpon|83\/100 brn|[from] brn\n|-sideend|p1: MasahiroHimuro|move: Tailwind\n|upkeep\n|turn|6\n|\n|t:|1700285172\n|switch|p1a: Haxorus|Haxorus, L50, F|100\/100\n|-ability|p1a: Haxorus|Mold Breaker\n|move|p2a: Iron Hands|Fake Out|p1a: Haxorus\n|-damage|p1a: Haxorus|83\/100\n|move|p2b: Jumpluff|Encore|p1b: Ogerpon\n|-start|p1b: Ogerpon|Encore\n|move|p1b: Ogerpon|Swords Dance|p1b: Ogerpon\n|-boost|p1b: Ogerpon|atk|2\n|\n|-weather|SunnyDay|[upkeep]\n|-damage|p1b: Ogerpon|77\/100 brn|[from] brn\n|upkeep\n|turn|7\n|\n|t:|1700285190\n|move|p1a: Haxorus|First Impression|p2b: Jumpluff\n|-damage|p2b: Jumpluff|47\/100\n|move|p2b: Jumpluff|Strength Sap|p1a: Haxorus\n|-unboost|p1a: Haxorus|atk|1\n|-heal|p2b: Jumpluff|100\/100\n|move|p1b: Ogerpon|Swords Dance|p1b: Ogerpon\n|-boost|p1b: Ogerpon|atk|2\n|move|p2a: Iron Hands|Drain Punch|p1a: Haxorus\n|-damage|p1a: Haxorus|33\/100\n|\n|-weather|SunnyDay|[upkeep]\n|-damage|p1b: Ogerpon|71\/100 brn|[from] brn\n|upkeep\n|turn|8\n|\n|t:|1700285229\n|-terastallize|p1b: Ogerpon|Grass\n|detailschange|p1b: Ogerpon|Ogerpon-Teal-Tera, L50, F, tera:Grass\n|-ability|p1b: Ogerpon|Embody Aspect (Teal)|boost\n|-boost|p1b: Ogerpon|spe|1\n|move|p2b: Jumpluff|Leaf Storm|p1a: Haxorus\n|-resisted|p1a: Haxorus\n|-damage|p1a: Haxorus|28\/100\n|-unboost|p2b: Jumpluff|spa|2\n|move|p1b: Ogerpon|Swords Dance|p1b: Ogerpon\n|-boost|p1b: Ogerpon|atk|0\n|move|p1a: Haxorus|Dragon Claw|p2a: Iron Hands\n|-damage|p2a: Iron Hands|84\/100\n|move|p2a: Iron Hands|Wild Charge|p1a: Haxorus\n|-resisted|p1a: Haxorus\n|-damage|p1a: Haxorus|0 fnt\n|faint|p1a: Haxorus\n|-damage|p2a: Iron Hands|78\/100|[from] Recoil\n|\n|-weather|none\n|-damage|p1b: Ogerpon|66\/100 brn|[from] brn\n|-end|p1b: Ogerpon|Encore\n|upkeep\n|\n|t:|1700285239\n|switch|p1a: Tropius|Tropius, L50, M|100\/100\n|turn|9\n|\n|t:|1700285255\n|-end|p2a: Iron Hands|Quark Drive|[silent]\n|switch|p2a: Ninetales|Ninetales, L50, M, shiny, tera:Grass|72\/100\n|-weather|SunnyDay|[from] ability: Drought|[of] p2a: Ninetales\n|move|p2b: Jumpluff|Encore|p1b: Ogerpon\n|-start|p1b: Ogerpon|Encore\n|move|p1b: Ogerpon|Swords Dance|p1b: Ogerpon\n|-boost|p1b: Ogerpon|atk|0\n|move|p1a: Tropius|Solar Beam||[still]\n|-prepare|p1a: Tropius|Solar Beam\n|-anim|p1a: Tropius|Solar Beam|p2a: Ninetales\n|-resisted|p2a: Ninetales\n|-damage|p2a: Ninetales|52\/100\n|\n|-weather|SunnyDay|[upkeep]\n|-damage|p1b: Ogerpon|60\/100 brn|[from] brn\n|upkeep\n|turn|10\n|\n|t:|1700285281\n|switch|p2b: Cresselia|Cresselia, L50, F|100\/100\n|move|p1b: Ogerpon|Swords Dance|p1b: Ogerpon\n|-boost|p1b: Ogerpon|atk|0\n|move|p2a: Ninetales|Solar Beam||[still]\n|-prepare|p2a: Ninetales|Solar Beam\n|-anim|p2a: Ninetales|Solar Beam|p1b: Ogerpon\n|-resisted|p1b: Ogerpon\n|-damage|p1b: Ogerpon|35\/100 brn\n|move|p1a: Tropius|Solar Beam||[still]\n|-prepare|p1a: Tropius|Solar Beam\n|-anim|p1a: Tropius|Solar Beam|p2a: Ninetales\n|-resisted|p2a: Ninetales\n|-damage|p2a: Ninetales|31\/100\n|\n|-weather|SunnyDay|[upkeep]\n|-damage|p1b: Ogerpon|29\/100 brn|[from] brn\n|upkeep\n|turn|11\n|\n|t:|1700285315\n|switch|p2a: Jumpluff|Jumpluff, L50, F|100\/100\n|move|p1a: Tropius|Wide Guard|p1a: Tropius\n|-singleturn|p1a: Tropius|Wide Guard\n|move|p1b: Ogerpon|Swords Dance|p1b: Ogerpon\n|-boost|p1b: Ogerpon|atk|0\n|move|p2b: Cresselia|Ice Beam|p1b: Ogerpon\n|-supereffective|p1b: Ogerpon\n|-damage|p1b: Ogerpon|0 fnt\n|faint|p1b: Ogerpon\n|\n|-weather|SunnyDay|[upkeep]\n|upkeep\n|turn|12\n|l|\u2606MasahiroHimuro\n|player|p1|\n|inactive|Battle timer is ON: inactive players will automatically lose when time's up. (requested by thepurpleledian)\n|inactive|MasahiroHimuro has 30 seconds to reconnect!\n|inactive|MasahiroHimuro has 20 seconds to reconnect!\n|inactive|MasahiroHimuro has 15 seconds to reconnect!\n|inactive|MasahiroHimuro has 10 seconds to reconnect!\n|inactive|MasahiroHimuro has 5 seconds to reconnect!\n|-message|MasahiroHimuro lost due to inactivity.\n|\n|win|thepurpleledian\n|raw|MasahiroHimuro's rating: 1122 &rarr; <strong>1091<\/strong><br \/>(-31 for losing)\n|raw|thepurpleledian's rating: 1039 &rarr; <strong>1081<\/strong><br \/>(+42 for winning)\n","uploadtime":1700285439,"views":19,"p1id":"masahirohimuro","p2id":"thepurpleledian","formatid":"gen9vgc2023regulatione","rating":1081,"private":0,"password":""}