{"id":"gen9vgc2023regulatione-1994279101","p1":"Rfriedrich16","p2":"Kentakio","format":"[Gen 9] VGC 2023 Regulation E","log":"|j|\u2606Rfriedrich16\n|j|\u2606Kentakio\n|t:|1700426422\n|gametype|doubles\n|player|p1|Rfriedrich16|265|1456\n|player|p2|Kentakio|guitarist|1514\n|teamsize|p1|6\n|teamsize|p2|6\n|gen|9\n|tier|[Gen 9] VGC 2023 Regulation E\n|rated|\n|rule|Species Clause: Limit one of each Pok\u00e9mon\n|rule|Item Clause: Limit one of each item\n|clearpoke\n|poke|p1|Iron Hands, L50|\n|poke|p1|Flutter Mane, L50|\n|poke|p1|Landorus-Therian, L50, M|\n|poke|p1|Ogerpon-Wellspring, L50, F|\n|poke|p1|Heatran, L50, F|\n|poke|p1|Urshifu-*, L50, F|\n|poke|p2|Baxcalibur, L50, F|\n|poke|p2|Ninetales-Alola, L50, F|\n|poke|p2|Gholdengo, L50|\n|poke|p2|Gothitelle, L50, M|\n|poke|p2|Urshifu-*, L50, M|\n|poke|p2|Ogerpon-Hearthflame, L50, F|\n|teampreview|4\n|\n|t:|1700426468\n|start\n|switch|p1a: Heatran|Heatran, L50, F|100\/100\n|switch|p1b: Landorus|Landorus-Therian, L50, M|100\/100\n|switch|p2a: Gothitelle|Gothitelle, L50, M|100\/100\n|switch|p2b: Urshifu|Urshifu-Rapid-Strike, L50, M|100\/100\n|-ability|p1b: Landorus|Intimidate|boost\n|-unboost|p2a: Gothitelle|atk|1\n|-unboost|p2b: Urshifu|atk|1\n|turn|1\n|inactive|Battle timer is ON: inactive players will automatically lose when time's up. (requested by Kentakio)\n|\n|t:|1700426504\n|-terastallize|p1b: Landorus|Flying\n|-terastallize|p2b: Urshifu|Water\n|move|p2a: Gothitelle|Fake Out|p1b: Landorus\n|-damage|p1b: Landorus|97\/100\n|move|p2b: Urshifu|Surging Strikes|p1b: Landorus\n|-crit|p1b: Landorus\n|-damage|p1b: Landorus|67\/100\n|-crit|p1b: Landorus\n|-damage|p1b: Landorus|38\/100\n|-crit|p1b: Landorus\n|-damage|p1b: Landorus|7\/100\n|-hitcount|p1b: Landorus|3\n|cant|p1b: Landorus|flinch\n|move|p1a: Heatran|Heat Wave|p2b: Urshifu|[spread] p2a,p2b\n|-resisted|p2b: Urshifu\n|-damage|p2a: Gothitelle|59\/100\n|-damage|p2b: Urshifu|65\/100\n|-damage|p1a: Heatran|91\/100|[from] item: Life Orb\n|\n|upkeep\n|turn|2\n|\n|t:|1700426525\n|move|p2b: Urshifu|Surging Strikes|p1a: Heatran\n|-supereffective|p1a: Heatran\n|-crit|p1a: Heatran\n|-damage|p1a: Heatran|46\/100\n|-supereffective|p1a: Heatran\n|-crit|p1a: Heatran\n|-damage|p1a: Heatran|0 fnt\n|faint|p1a: Heatran\n|-hitcount|p1: Heatran|2\n|move|p1b: Landorus|Tera Blast|p2b: Urshifu|[anim] Tera Blast Flying\n|-damage|p2b: Urshifu|4\/100\n|move|p2a: Gothitelle|Heal Pulse|p2b: Urshifu\n|-heal|p2b: Urshifu|54\/100\n|\n|upkeep\n|\n|t:|1700426529\n|switch|p1a: Iron Hands|Iron Hands, L50|100\/100\n|turn|3\n|\n|t:|1700426540\n|switch|p2b: Gholdengo|Gholdengo, L50|100\/100\n|move|p1a: Iron Hands|Fake Out|p2b: Gholdengo\n|-immune|p2b: Gholdengo\n|move|p1b: Landorus|Tera Blast|p2b: Gholdengo|[anim] Tera Blast Flying\n|-resisted|p2b: Gholdengo\n|-damage|p2b: Gholdengo|75\/100\n|move|p2a: Gothitelle|Psychic|p1b: Landorus\n|-damage|p1b: Landorus|0 fnt\n|faint|p1b: Landorus\n|\n|upkeep\n|\n|t:|1700426553\n|switch|p1b: Flutter Mane|Flutter Mane, L50|100\/100\n|-enditem|p1b: Flutter Mane|Booster Energy\n|-activate|p1b: Flutter Mane|ability: Protosynthesis|[fromitem]\n|-start|p1b: Flutter Mane|protosynthesisspa\n|turn|4\n|\n|t:|1700426567\n|move|p1b: Flutter Mane|Protect|p1b: Flutter Mane\n|-singleturn|p1b: Flutter Mane|Protect\n|move|p2b: Gholdengo|Shadow Ball|p1b: Flutter Mane\n|-activate|p1b: Flutter Mane|move: Protect\n|move|p2a: Gothitelle|Psychic|p1a: Iron Hands\n|-supereffective|p1a: Iron Hands\n|-damage|p1a: Iron Hands|67\/100\n|-unboost|p1a: Iron Hands|spd|1\n|move|p1a: Iron Hands|Wild Charge|p2b: Gholdengo\n|-crit|p2b: Gholdengo\n|-damage|p2b: Gholdengo|13\/100\n|-enditem|p2b: Gholdengo|Sitrus Berry|[eat]\n|-heal|p2b: Gholdengo|38\/100|[from] item: Sitrus Berry\n|-damage|p1a: Iron Hands|55\/100|[from] Recoil\n|\n|upkeep\n|turn|5\n|inactive|Rfriedrich16 has 30 seconds left.\n|\n|t:|1700426594\n|move|p1b: Flutter Mane|Shadow Ball|p2b: Gholdengo\n|-supereffective|p2b: Gholdengo\n|-damage|p2b: Gholdengo|0 fnt\n|faint|p2b: Gholdengo\n|move|p2a: Gothitelle|Psychic|p1a: Iron Hands\n|-supereffective|p1a: Iron Hands\n|-damage|p1a: Iron Hands|6\/100\n|move|p1a: Iron Hands|Wild Charge|p2a: Gothitelle\n|-damage|p2a: Gothitelle|16\/100\n|-enditem|p2a: Gothitelle|Wiki Berry|[eat]\n|-heal|p2a: Gothitelle|50\/100|[from] item: Wiki Berry\n|-damage|p1a: Iron Hands|0 fnt|[from] Recoil\n|faint|p1a: Iron Hands\n|-end|p1a: Iron Hands|Quark Drive|[silent]\n|\n|upkeep\n|\n|t:|1700426598\n|switch|p2b: Urshifu|Urshifu-Rapid-Strike, L50, M, tera:Water|54\/100\n|turn|6\n|\n|t:|1700426605\n|move|p2b: Urshifu|Surging Strikes|p1b: Flutter Mane\n|-crit|p1b: Flutter Mane\n|-damage|p1b: Flutter Mane|53\/100\n|-crit|p1b: Flutter Mane\n|-damage|p1b: Flutter Mane|8\/100\n|-crit|p1b: Flutter Mane\n|-damage|p1b: Flutter Mane|0 fnt\n|faint|p1b: Flutter Mane\n|-end|p1b: Flutter Mane|Protosynthesis|[silent]\n|-hitcount|p1: Flutter Mane|3\n|\n|win|Kentakio\n|raw|Rfriedrich16's rating: 1456 &rarr; <strong>1439<\/strong><br \/>(-17 for losing)\n|raw|Kentakio's rating: 1514 &rarr; <strong>1531<\/strong><br \/>(+17 for winning)\n|l|\u2606Rfriedrich16\n","uploadtime":1700426689,"views":5,"p1id":"rfriedrich16","p2id":"kentakio","formatid":"gen9vgc2023regulatione","rating":1439,"private":0,"password":""}