{"id":"gen9vgc2023regulatione-1992475387","p1":"WillieDangerously","p2":"Bishmii","format":"[Gen 9] VGC 2023 Regulation E","log":"|j|\u2606WillieDangerously\n|j|\u2606Bishmii\n|t:|1700192185\n|gametype|doubles\n|player|p1|WillieDangerously|psychic-gen4|1386\n|player|p2|Bishmii|2|1421\n|teamsize|p1|6\n|teamsize|p2|6\n|gen|9\n|tier|[Gen 9] VGC 2023 Regulation E\n|rated|\n|rule|Species Clause: Limit one of each Pok\u00e9mon\n|rule|Item Clause: Limit one of each item\n|clearpoke\n|poke|p1|Iron Hands, L50|\n|poke|p1|Iron Bundle, L50|\n|poke|p1|Landorus-Therian, L50, M|\n|poke|p1|Sinistcha, L50|\n|poke|p1|Ninetales-Alola, L50, F|\n|poke|p1|Heatran, L50, F|\n|poke|p2|Chien-Pao, L50|\n|poke|p2|Tornadus, L50, M|\n|poke|p2|Dragapult, L50, M|\n|poke|p2|Flutter Mane, L50|\n|poke|p2|Ogerpon-Wellspring, L50, F|\n|poke|p2|Rillaboom, L50, F|\n|teampreview|4\n|inactive|Battle timer is ON: inactive players will automatically lose when time's up. (requested by Bishmii)\n|inactive|WillieDangerously has 60 seconds left.\n|\n|t:|1700192221\n|start\n|switch|p1a: Iron Bundle|Iron Bundle, L50|100\/100\n|switch|p1b: Iron Hands|Iron Hands, L50|100\/100\n|switch|p2a: Tornadus|Tornadus, L50, M|100\/100\n|switch|p2b: Dragapult|Dragapult, L50, M|100\/100\n|-enditem|p1a: Iron Bundle|Booster Energy\n|-activate|p1a: Iron Bundle|ability: Quark Drive|[fromitem]\n|-start|p1a: Iron Bundle|quarkdrivespe\n|turn|1\n|\n|t:|1700192236\n|-end|p1b: Iron Hands|Quark Drive|[silent]\n|switch|p1b: Ninetales|Ninetales-Alola, L50, F|100\/100\n|-weather|Snow|[from] ability: Snow Warning|[of] p1b: Ninetales\n|-terastallize|p1a: Iron Bundle|Ice\n|-terastallize|p2b: Dragapult|Ghost\n|move|p2a: Tornadus|Tailwind|p2a: Tornadus\n|-sidestart|p2: Bishmii|move: Tailwind\n|move|p2b: Dragapult|Tera Blast|p1a: Iron Bundle|[anim] Tera Blast Ghost\n|-damage|p1a: Iron Bundle|32\/100\n|move|p1a: Iron Bundle|Blizzard|p2b: Dragapult|[spread] p2a,p2b\n|-supereffective|p2a: Tornadus\n|-damage|p2a: Tornadus|0 fnt\n|-damage|p2b: Dragapult|26\/100\n|faint|p2a: Tornadus\n|\n|-weather|Snow|[upkeep]\n|upkeep\n|inactive|Bishmii has 30 seconds left.\n|\n|t:|1700192262\n|switch|p2a: Chien-Pao|Chien-Pao, L50|100\/100\n|-ability|p2a: Chien-Pao|Sword of Ruin\n|turn|2\n|\n|t:|1700192286\n|move|p1a: Iron Bundle|Protect|p1a: Iron Bundle\n|-singleturn|p1a: Iron Bundle|Protect\n|move|p2b: Dragapult|Tera Blast|p1b: Ninetales|[anim] Tera Blast Ghost\n|-damage|p1b: Ninetales|11\/100\n|move|p2a: Chien-Pao|Sacred Sword|p1b: Ninetales\n|-damage|p1b: Ninetales|0 fnt\n|faint|p1b: Ninetales\n|\n|-weather|Snow|[upkeep]\n|upkeep\n|\n|t:|1700192296\n|switch|p1b: Iron Hands|Iron Hands, L50|100\/100\n|turn|3\n|inactive|WillieDangerously has 30 seconds left.\n|\n|t:|1700192322\n|-end|p1a: Iron Bundle|Quark Drive|[silent]\n|switch|p1a: Heatran|Heatran, L50, F|100\/100\n|move|p2b: Dragapult|Tera Blast|p1a: Heatran|[anim] Tera Blast Ghost\n|-damage|p1a: Heatran|12\/100\n|move|p2a: Chien-Pao|Ice Spinner|p1b: Iron Hands\n|-damage|p1b: Iron Hands|60\/100\n|move|p1b: Iron Hands|Wild Charge|p2b: Dragapult\n|-damage|p2b: Dragapult|0 fnt\n|faint|p2b: Dragapult\n|-damage|p1b: Iron Hands|56\/100|[from] Recoil\n|\n|-weather|Snow|[upkeep]\n|-heal|p1a: Heatran|19\/100|[from] item: Leftovers\n|upkeep\n|\n|t:|1700192332\n|switch|p2b: Rillaboom|Rillaboom, L50, F|100\/100\n|-fieldstart|move: Grassy Terrain|[from] ability: Grassy Surge|[of] p2b: Rillaboom\n|turn|4\n|inactive|WillieDangerously has 30 seconds left.\n|\n|t:|1700192360\n|move|p1a: Heatran|Protect|p1a: Heatran\n|-singleturn|p1a: Heatran|Protect\n|move|p2a: Chien-Pao|Sacred Sword|p1a: Heatran\n|-activate|p1a: Heatran|move: Protect\n|move|p2b: Rillaboom|Wood Hammer|p1b: Iron Hands\n|-damage|p1b: Iron Hands|0 fnt\n|faint|p1b: Iron Hands\n|-end|p1b: Iron Hands|Quark Drive|[silent]\n|-damage|p2b: Rillaboom|80\/100|[from] Recoil\n|\n|-weather|Snow|[upkeep]\n|-heal|p2b: Rillaboom|86\/100|[from] Grassy Terrain\n|-heal|p1a: Heatran|25\/100|[from] Grassy Terrain\n|-heal|p1a: Heatran|31\/100|[from] item: Leftovers\n|-sideend|p2: Bishmii|move: Tailwind\n|upkeep\n|\n|t:|1700192369\n|switch|p1b: Iron Bundle|Iron Bundle, L50, tera:Ice|32\/100\n|turn|5\n|c|\u2606Bishmii|gg\n|\n|t:|1700192392\n|move|p1b: Iron Bundle|Icy Wind|p2a: Chien-Pao|[spread] p2a,p2b\n|-resisted|p2a: Chien-Pao\n|-supereffective|p2b: Rillaboom\n|-damage|p2a: Chien-Pao|75\/100\n|-damage|p2b: Rillaboom|45\/100\n|-unboost|p2a: Chien-Pao|spe|1\n|-unboost|p2b: Rillaboom|spe|1\n|move|p2a: Chien-Pao|Sacred Sword|p1b: Iron Bundle\n|-supereffective|p1b: Iron Bundle\n|-damage|p1b: Iron Bundle|0 fnt\n|faint|p1b: Iron Bundle\n|-end|p1b: Iron Bundle|Quark Drive|[silent]\n|move|p1a: Heatran|Heat Wave|p2a: Chien-Pao|[spread] p2a,p2b\n|-supereffective|p2a: Chien-Pao\n|-supereffective|p2b: Rillaboom\n|-damage|p2a: Chien-Pao|0 fnt\n|-damage|p2b: Rillaboom|0 fnt\n|faint|p2a: Chien-Pao\n|faint|p2b: Rillaboom\n|\n|win|WillieDangerously\n|raw|WillieDangerously's rating: 1386 &rarr; <strong>1408<\/strong><br \/>(+22 for winning)\n|raw|Bishmii's rating: 1421 &rarr; <strong>1399<\/strong><br \/>(-22 for losing)\n|l|\u2606Bishmii\n","uploadtime":1700192407,"views":17,"p1id":"williedangerously","p2id":"bishmii","formatid":"gen9vgc2023regulatione","rating":1399,"private":0,"password":""}