{"id":"gen9vgc2023regulatione-2000162914","p1":"NewAdi6","p2":"Astano","format":"[Gen 9] VGC 2023 Regulation E","log":"|j|\u2606NewAdi6\n|j|\u2606Astano\n|t:|1701165567\n|gametype|doubles\n|player|p1|NewAdi6|1|1169\n|player|p2|Astano|102|1235\n|teamsize|p1|6\n|teamsize|p2|6\n|gen|9\n|tier|[Gen 9] VGC 2023 Regulation E\n|rated|\n|rule|Species Clause: Limit one of each Pok\u00e9mon\n|rule|Item Clause: Limit one of each item\n|clearpoke\n|poke|p1|Iron Hands, L50|\n|poke|p1|Urshifu-*, L50, M|\n|poke|p1|Chien-Pao, L50|\n|poke|p1|Tornadus, L50, M|\n|poke|p1|Pelipper, L50, F|\n|poke|p1|Ogerpon-Hearthflame, L50, F|\n|poke|p2|Cresselia, L50, F|\n|poke|p2|Flutter Mane, L50|\n|poke|p2|Iron Hands, L50|\n|poke|p2|Ursaluna, L50, M|\n|poke|p2|Sinistcha, L50|\n|poke|p2|Heatran, L50, M|\n|teampreview|4\nAstano has agreed to open team sheets.\n|inactive|Battle timer is ON: inactive players will automatically lose when time's up. (requested by Astano)\n|\n|t:|1701165591\n|start\n|switch|p1a: Chien-Pao|Chien-Pao, L50|100\/100\n|switch|p1b: Iron Hands|Iron Hands, L50|100\/100\n|switch|p2a: Cresselia|Cresselia, L50, F|100\/100\n|switch|p2b: Iron Hands|Iron Hands, L50|100\/100\n|-ability|p1a: Chien-Pao|Sword of Ruin\n|turn|1\n|\n|t:|1701165610\n|switch|p1a: Ogerpon|Ogerpon-Hearthflame, L50, F|100\/100\n|-ability|p1a: Ogerpon|Mold Breaker\n|-terastallize|p2a: Cresselia|Fairy\n|move|p2b: Iron Hands|Fake Out|p1b: Iron Hands\n|-damage|p1b: Iron Hands|91\/100\n|cant|p1b: Iron Hands|flinch\n|move|p2a: Cresselia|Trick Room|p2a: Cresselia\n|-fieldstart|move: Trick Room|[of] p2a: Cresselia\n|\n|upkeep\n|turn|2\n|inactive|NewAdi6 has 30 seconds left.\n|inactive|NewAdi6 has 20 seconds left.\n|inactive|NewAdi6 has 15 seconds left.\n|inactive|NewAdi6 has 10 seconds left.\n|inactive|NewAdi6 has 5 seconds left.\n|\n|t:|1701165660\n|move|p1a: Ogerpon|Spiky Shield|p1a: Ogerpon\n|-singleturn|p1a: Ogerpon|move: Protect\n|move|p1b: Iron Hands|Heavy Slam|p2a: Cresselia\n|-supereffective|p2a: Cresselia\n|-damage|p2a: Cresselia|54\/100\n|move|p2b: Iron Hands|Drain Punch|p1a: Ogerpon\n|-activate|p1a: Ogerpon|move: Protect\n|-damage|p2b: Iron Hands|88\/100|[from] Spiky Shield|[of] p1a: Ogerpon\n|move|p2a: Cresselia|Moonblast|p1b: Iron Hands\n|-supereffective|p1b: Iron Hands\n|-damage|p1b: Iron Hands|56\/100\n|-unboost|p1b: Iron Hands|spa|1\n|\n|upkeep\n|turn|3\n|inactive|NewAdi6 has 30 seconds left.\n|\n|t:|1701165695\n|-terastallize|p1b: Iron Hands|Psychic\n|move|p1a: Ogerpon|Spiky Shield|p1a: Ogerpon\n|-singleturn|p1a: Ogerpon|move: Protect\n|move|p1b: Iron Hands|Heavy Slam|p2a: Cresselia\n|-supereffective|p2a: Cresselia\n|-damage|p2a: Cresselia|10\/100\n|move|p2b: Iron Hands|Drain Punch|p1b: Iron Hands\n|-resisted|p1b: Iron Hands\n|-damage|p1b: Iron Hands|43\/100\n|-heal|p2b: Iron Hands|95\/100|[from] drain|[of] p1b: Iron Hands\n|move|p2a: Cresselia|Moonblast|p1b: Iron Hands\n|-damage|p1b: Iron Hands|27\/100\n|\n|upkeep\n|turn|4\n|\n|t:|1701165715\n|move|p1b: Iron Hands|Heavy Slam|p2a: Cresselia\n|-supereffective|p2a: Cresselia\n|-damage|p2a: Cresselia|0 fnt\n|faint|p2a: Cresselia\n|move|p2b: Iron Hands|Drain Punch|p1b: Iron Hands\n|-resisted|p1b: Iron Hands\n|-damage|p1b: Iron Hands|13\/100\n|-heal|p2b: Iron Hands|100\/100|[from] drain|[of] p1b: Iron Hands\n|move|p1a: Ogerpon|Stomping Tantrum|p2b: Iron Hands\n|-supereffective|p2b: Iron Hands\n|-damage|p2b: Iron Hands|64\/100\n|\n|upkeep\n|\n|t:|1701165719\n|switch|p2a: Ursaluna|Ursaluna, L50, M|100\/100\n|turn|5\n|\n|t:|1701165743\n|switch|p2a: Sinistcha|Sinistcha, L50|100\/100\n|-heal|p2b: Iron Hands|88\/100|[from] ability: Hospitality|[of] p2a: Sinistcha\n|move|p1a: Ogerpon|Spiky Shield|p1a: Ogerpon\n|-singleturn|p1a: Ogerpon|move: Protect\n|move|p1b: Iron Hands|Drain Punch|p2b: Iron Hands\n|-damage|p2b: Iron Hands|60\/100\n|-heal|p1b: Iron Hands|27\/100|[from] drain|[of] p2b: Iron Hands\n|move|p2b: Iron Hands|Drain Punch|p1b: Iron Hands\n|-resisted|p1b: Iron Hands\n|-damage|p1b: Iron Hands|14\/100\n|-heal|p2b: Iron Hands|66\/100|[from] drain|[of] p1b: Iron Hands\n|\n|-fieldend|move: Trick Room\n|upkeep\n|turn|6\n|\n|t:|1701165767\n|move|p2a: Sinistcha|Protect|p2a: Sinistcha\n|-singleturn|p2a: Sinistcha|Protect\n|move|p1a: Ogerpon|Ivy Cudgel|p2a: Sinistcha|[anim] Ivy Cudgel Fire\n|-activate|p2a: Sinistcha|move: Protect\n|move|p2b: Iron Hands|Drain Punch|p1a: Ogerpon\n|-damage|p1a: Ogerpon|48\/100\n|-heal|p2b: Iron Hands|84\/100|[from] drain|[of] p1a: Ogerpon\n|move|p1b: Iron Hands|Drain Punch|p2b: Iron Hands\n|-damage|p2b: Iron Hands|53\/100\n|-heal|p1b: Iron Hands|30\/100|[from] drain|[of] p2b: Iron Hands\n|\n|upkeep\n|turn|7\n|\n|t:|1701165786\n|move|p1a: Ogerpon|Spiky Shield|p1a: Ogerpon\n|-singleturn|p1a: Ogerpon|move: Protect\n|move|p2a: Sinistcha|Rage Powder|p2a: Sinistcha\n|-singleturn|p2a: Sinistcha|move: Rage Powder\n|move|p2b: Iron Hands|Drain Punch|p1a: Ogerpon\n|-activate|p1a: Ogerpon|move: Protect\n|-damage|p2b: Iron Hands|40\/100|[from] Spiky Shield|[of] p1a: Ogerpon\n|move|p1b: Iron Hands|Drain Punch|p2a: Sinistcha\n|-immune|p2a: Sinistcha\n|\n|upkeep\n|turn|8\n|inactive|NewAdi6 has 30 seconds left.\n|inactive|NewAdi6 has 20 seconds left.\n|inactive|NewAdi6 has 15 seconds left.\n|\n|t:|1701165828\n|move|p1a: Ogerpon|Ivy Cudgel|p2a: Sinistcha|[anim] Ivy Cudgel Fire\n|-supereffective|p2a: Sinistcha\n|-damage|p2a: Sinistcha|0 fnt\n|faint|p2a: Sinistcha\n|move|p2b: Iron Hands|Drain Punch|p1a: Ogerpon\n|-damage|p1a: Ogerpon|0 fnt\n|-heal|p2b: Iron Hands|56\/100|[from] drain|[of] p1a: Ogerpon\n|faint|p1a: Ogerpon\n|move|p1b: Iron Hands|Drain Punch|p2b: Iron Hands\n|-damage|p2b: Iron Hands|25\/100\n|-heal|p1b: Iron Hands|45\/100|[from] drain|[of] p2b: Iron Hands\n|\n|upkeep\n|\n|t:|1701165841\n|switch|p1a: Urshifu|Urshifu-Rapid-Strike, L50, M|100\/100\n|switch|p2a: Ursaluna|Ursaluna, L50, M|100\/100\n|turn|9\n|\n|t:|1701165848\n|move|p1a: Urshifu|Surging Strikes|p2a: Ursaluna\n|-supereffective|p2a: Ursaluna\n|-crit|p2a: Ursaluna\n|-damage|p2a: Ursaluna|68\/100\n|-supereffective|p2a: Ursaluna\n|-crit|p2a: Ursaluna\n|-damage|p2a: Ursaluna|37\/100\n|-supereffective|p2a: Ursaluna\n|-crit|p2a: Ursaluna\n|-damage|p2a: Ursaluna|9\/100\n|-hitcount|p2a: Ursaluna|3\n|move|p2b: Iron Hands|Drain Punch|p1a: Urshifu\n|-damage|p1a: Urshifu|54\/100\n|-heal|p2b: Iron Hands|41\/100|[from] drain|[of] p1a: Urshifu\n|move|p1b: Iron Hands|Drain Punch|p2b: Iron Hands\n|-damage|p2b: Iron Hands|10\/100\n|-heal|p1b: Iron Hands|60\/100|[from] drain|[of] p2b: Iron Hands\n|move|p2a: Ursaluna|Facade|p1a: Urshifu\n|-damage|p1a: Urshifu|12\/100\n|\n|-status|p2a: Ursaluna|brn|[from] item: Flame Orb\n|upkeep\n|turn|10\n|\n|t:|1701165872\n|move|p1a: Urshifu|Aqua Jet|p2a: Ursaluna\n|-supereffective|p2a: Ursaluna\n|-damage|p2a: Ursaluna|0 fnt\n|faint|p2a: Ursaluna\n|move|p2b: Iron Hands|Drain Punch|p1a: Urshifu\n|-damage|p1a: Urshifu|0 fnt\n|-heal|p2b: Iron Hands|14\/100|[from] drain|[of] p1a: Urshifu\n|faint|p1a: Urshifu\n|move|p1b: Iron Hands|Drain Punch|p2b: Iron Hands\n|-damage|p2b: Iron Hands|0 fnt\n|-heal|p1b: Iron Hands|66\/100|[from] drain|[of] p2b: Iron Hands\n|faint|p2b: Iron Hands\n|-end|p2b: Iron Hands|Quark Drive|[silent]\n|\n|win|NewAdi6\n|raw|NewAdi6's rating: 1169 &rarr; <strong>1199<\/strong><br \/>(+30 for winning)\n|raw|Astano's rating: 1235 &rarr; <strong>1205<\/strong><br \/>(-30 for losing)\n","uploadtime":1701165885,"views":3,"p1id":"newadi6","p2id":"astano","formatid":"gen9vgc2023regulatione","rating":1199,"private":0,"password":""}