{"id":"gen9vgc2023regulatione-1993483982","p1":"Dragmirejr","p2":"BlueJayX2","format":"[Gen 9] VGC 2023 Regulation E","log":"|j|\u2606Dragmirejr\n|j|\u2606BlueJayX2\n|t:|1700323410\n|gametype|doubles\n|player|p1|Dragmirejr|iris-gen5bw2|1141\n|player|p2|BlueJayX2|marley|1134\n|teamsize|p1|6\n|teamsize|p2|6\n|gen|9\n|tier|[Gen 9] VGC 2023 Regulation E\n|rated|\n|rule|Species Clause: Limit one of each Pok\u00e9mon\n|rule|Item Clause: Limit one of each item\n|clearpoke\n|poke|p1|Flutter Mane, L50|\n|poke|p1|Iron Hands, L50|\n|poke|p1|Landorus-Therian, L50, M|\n|poke|p1|Ogerpon-Wellspring, L50, F|\n|poke|p1|Heatran, L50, F|\n|poke|p1|Chien-Pao, L50|\n|poke|p2|Sylveon, L50, F|\n|poke|p2|Indeedee-F, L50, F|\n|poke|p2|Volbeat, L50, M|\n|poke|p2|Tauros-Paldea-Aqua, L50, M|\n|poke|p2|Ariados, L50, M|\n|poke|p2|Dudunsparce-*, L50, M|\n|teampreview|4\n|inactive|Battle timer is ON: inactive players will automatically lose when time's up. (requested by BlueJayX2)\n|inactive|Dragmirejr has 60 seconds left.\n|\n|t:|1700323460\n|start\n|switch|p1a: Big Hands Big|Iron Hands, L50|100\/100\n|switch|p1b: Maniac|Flutter Mane, L50|100\/100\n|switch|p2a: Volbeat|Volbeat, L50, M|100\/100\n|switch|p2b: Sylveon|Sylveon, L50, F, shiny|100\/100\n|turn|1\n|inactive|Dragmirejr has 30 seconds left.\n|inactive|Dragmirejr has 20 seconds left.\n|inactive|Dragmirejr has 15 seconds left.\n|\n|t:|1700323502\n|move|p2b: Sylveon|Protect|p2b: Sylveon\n|-singleturn|p2b: Sylveon|Protect\n|move|p1a: Big Hands Big|Fake Out|p2a: Volbeat\n|-damage|p2a: Volbeat|79\/100\n|cant|p2a: Volbeat|flinch\n|move|p1b: Maniac|Dazzling Gleam|p2a: Volbeat|[spread] p2a\n|-activate|p2b: Sylveon|move: Protect\n|-damage|p2a: Volbeat|51\/100\n|\n|upkeep\n|turn|2\n|inactive|Dragmirejr has 30 seconds left.\n|inactive|Dragmirejr has 20 seconds left.\n|\n|t:|1700323538\n|move|p2a: Volbeat|Encore|p1a: Big Hands Big\n|-start|p1a: Big Hands Big|Encore\n|move|p1b: Maniac|Dazzling Gleam|p2b: Sylveon|[spread] p2a,p2b\n|-damage|p2a: Volbeat|24\/100\n|-damage|p2b: Sylveon|73\/100\n|move|p2b: Sylveon|Hyper Voice|p1b: Maniac|[spread] p1a,p1b\n|-supereffective|p1a: Big Hands Big\n|-damage|p1a: Big Hands Big|59\/100\n|-damage|p1b: Maniac|54\/100\n|-enditem|p2b: Sylveon|Throat Spray\n|-boost|p2b: Sylveon|spa|1|[from] item: Throat Spray\n|move|p1a: Big Hands Big|Fake Out||[still]\n|-hint|Fake Out only works on your first turn out.\n|-fail|p1a: Big Hands Big\n|\n|upkeep\n|turn|3\n|inactive|Dragmirejr has 30 seconds left.\n|inactive|Dragmirejr has 20 seconds left.\n|inactive|Dragmirejr has 15 seconds left.\n|inactive|Dragmirejr has 10 seconds left.\n|\n|t:|1700323585\n|-end|p1a: Big Hands Big|Quark Drive|[silent]\n|switch|p1a: BONK|Ogerpon-Wellspring, L50, F|100\/100\n|move|p1b: Maniac|Protect|p1b: Maniac\n|-singleturn|p1b: Maniac|Protect\n|move|p2a: Volbeat|Tailwind|p2a: Volbeat\n|-sidestart|p2: BlueJayX2|move: Tailwind\n|move|p2b: Sylveon|Hyper Voice|p1a: BONK|[spread] p1a\n|-activate|p1b: Maniac|move: Protect\n|-damage|p1a: BONK|36\/100\n|\n|upkeep\n|turn|4\n|inactive|Dragmirejr has 30 seconds left.\n|\n|t:|1700323617\n|move|p1a: BONK|Spiky Shield|p1a: BONK\n|-singleturn|p1a: BONK|move: Protect\n|move|p2a: Volbeat|Thunder Wave|p1b: Maniac\n|-status|p1b: Maniac|par\n|move|p2b: Sylveon|Hyper Voice|p1b: Maniac|[spread] p1b\n|-activate|p1a: BONK|move: Protect\n|-damage|p1b: Maniac|0 fnt\n|faint|p1b: Maniac\n|-end|p1b: Maniac|Protosynthesis|[silent]\n|\n|upkeep\n|\n|t:|1700323627\n|switch|p1b: Big Hands Big|Iron Hands, L50|59\/100\n|turn|5\n|\n|t:|1700323646\n|switch|p2a: Indeedee|Indeedee-F, L50, F|100\/100\n|-fieldstart|move: Psychic Terrain|[from] ability: Psychic Surge|[of] p2a: Indeedee\n|move|p1b: Big Hands Big|Fake Out|p2b: Sylveon\n|-activate|p2b: Sylveon|move: Psychic Terrain\n|move|p2b: Sylveon|Hyper Voice|p1b: Big Hands Big|[spread] p1a,p1b\n|-supereffective|p1b: Big Hands Big\n|-damage|p1a: BONK|0 fnt\n|-damage|p1b: Big Hands Big|0 fnt\n|faint|p1a: BONK\n|faint|p1b: Big Hands Big\n|-end|p1b: Big Hands Big|Quark Drive|[silent]\n|\n|upkeep\n|c|\u2606Dragmirejr|why did the fake out not work?\n|inactive|Dragmirejr has 30 seconds left.\n|\n|t:|1700323674\n|switch|p1b: Land or Sea|Landorus-Therian, L50, M|100\/100\n|-ability|p1b: Land or Sea|Intimidate|boost\n|-unboost|p2a: Indeedee|atk|1\n|-unboost|p2b: Sylveon|atk|1\n|turn|6\n|\n|t:|1700323687\n|-terastallize|p1b: Land or Sea|Steel\n|move|p2a: Indeedee|Follow Me|p2a: Indeedee\n|-singleturn|p2a: Indeedee|move: Follow Me\n|move|p2b: Sylveon|Hyper Voice|p1b: Land or Sea\n|-resisted|p1b: Land or Sea\n|-damage|p1b: Land or Sea|53\/100\n|move|p1b: Land or Sea|Rock Slide|p2b: Sylveon|[spread] p2a,p2b\n|-damage|p2a: Indeedee|63\/100\n|-damage|p2b: Sylveon|43\/100\n|\n|-sideend|p2: BlueJayX2|move: Tailwind\n|upkeep\n|turn|7\n|\n|t:|1700323701\n|move|p1b: Land or Sea|Rock Slide|p2a: Indeedee|[spread] p2b\n|-miss|p1b: Land or Sea|p2a: Indeedee\n|-damage|p2b: Sylveon|13\/100\n|move|p2a: Indeedee|Dazzling Gleam|p1b: Land or Sea\n|-resisted|p1b: Land or Sea\n|-damage|p1b: Land or Sea|41\/100\n|cant|p2b: Sylveon|flinch\n|\n|upkeep\n|turn|8\n|\n|t:|1700323717\n|move|p1b: Land or Sea|Rock Slide|p2b: Sylveon|[spread] p2a,p2b\n|-damage|p2a: Indeedee|27\/100\n|-damage|p2b: Sylveon|0 fnt\n|faint|p2b: Sylveon\n|move|p2a: Indeedee|Calm Mind|p2a: Indeedee\n|-boost|p2a: Indeedee|spa|1\n|-boost|p2a: Indeedee|spd|1\n|\n|upkeep\n|\n|t:|1700323725\n|switch|p2b: Volbeat|Volbeat, L50, M|24\/100\n|turn|9\n|\n|t:|1700323736\n|move|p2b: Volbeat|Tailwind|p2b: Volbeat\n|-sidestart|p2: BlueJayX2|move: Tailwind\n|move|p2a: Indeedee|Dazzling Gleam|p1b: Land or Sea\n|-resisted|p1b: Land or Sea\n|-damage|p1b: Land or Sea|23\/100\n|move|p1b: Land or Sea|Rock Slide|p2a: Indeedee|[spread] p2a,p2b\n|-supereffective|p2b: Volbeat\n|-damage|p2a: Indeedee|0 fnt\n|-damage|p2b: Volbeat|0 fnt\n|faint|p2a: Indeedee\n|faint|p2b: Volbeat\n|\n|-fieldend|move: Psychic Terrain\n|upkeep\n|\n|t:|1700323750\n|switch|p2b: Dudunsparce|Dudunsparce-Three-Segment, L50, M|100\/100\n|turn|10\n|\n|t:|1700323757\n|move|p2b: Dudunsparce|Rock Slide|p1b: Land or Sea\n|-resisted|p1b: Land or Sea\n|-damage|p1b: Land or Sea|11\/100\n|cant|p1b: Land or Sea|flinch\n|\n|upkeep\n|turn|11\n|c|\u2606Dragmirejr|scarf?\n|inactive|Dragmirejr has 30 seconds left.\n|\n|t:|1700323785\n|move|p2b: Dudunsparce|Rock Slide|p1b: Land or Sea\n|-resisted|p1b: Land or Sea\n|-damage|p1b: Land or Sea|0 fnt\n|faint|p1b: Land or Sea\n|\n|win|BlueJayX2\n|raw|Dragmirejr's rating: 1141 &rarr; <strong>1115<\/strong><br \/>(-26 for losing)\n|raw|BlueJayX2's rating: 1134 &rarr; <strong>1160<\/strong><br \/>(+26 for winning)\n|c|\u2606BlueJayX2|Gg\n|c|\u2606Dragmirejr|gg\n|c|\u2606BlueJayX2|And tailwind\n|c|\u2606Dragmirejr|yeah, must've been\n|c|\u2606Dragmirejr|or else no way you outsped, great set\n|c|\u2606BlueJayX2|Fake out doesn't work when psychic terrain is active\n|c|\u2606Dragmirejr|thank you for that!\n|c|\u2606Dragmirejr|good to know for later\n|c|\u2606BlueJayX2|Indeed! You're welcome\n|c|\u2606Dragmirejr|have a nice day!\n|l|\u2606Dragmirejr\n|c|\u2606BlueJayX2|You too\n","uploadtime":1700323871,"views":19,"p1id":"dragmirejr","p2id":"bluejayx2","formatid":"gen9vgc2023regulatione","rating":1115,"private":0,"password":""}