{"id":"gen9vgc2023regulatione-1990227104","p1":"lankybruce","p2":"Jayanni","format":"[Gen 9] VGC 2023 Regulation E","log":"|j|\u2606lankybruce\n|j|\u2606Jayanni\n|t:|1699940526\n|gametype|doubles\n|player|p1|lankybruce|170|1026\n|player|p2|Jayanni|1|1050\n|teamsize|p1|6\n|teamsize|p2|6\n|gen|9\n|tier|[Gen 9] VGC 2023 Regulation E\n|rated|\n|rule|Species Clause: Limit one of each Pok\u00e9mon\n|rule|Item Clause: Limit one of each item\n|clearpoke\n|poke|p1|Landorus-Therian, L50, M|\n|poke|p1|Iron Hands, L50|\n|poke|p1|Chi-Yu, L50|\n|poke|p1|Iron Bundle, L50|\n|poke|p1|Rillaboom, L50, M|\n|poke|p1|Farigiraf, L50, F|\n|poke|p2|Trevenant, L50, M|\n|poke|p2|Dragalge, L50, M|\n|poke|p2|Gliscor, L50, F|\n|poke|p2|Clodsire, L50, M|\n|poke|p2|Rabsca, L50, M|\n|poke|p2|Umbreon, L50, M|\n|teampreview|4\n|inactive|Battle timer is ON: inactive players will automatically lose when time's up. (requested by lankybruce)\n|inactive|lankybruce has 60 seconds left.\n|\n|t:|1699940582\n|start\n|switch|p1a: Iron Hands|Iron Hands, L50|100\/100\n|switch|p1b: Iron Bundle|Iron Bundle, L50|100\/100\n|switch|p2a: Rabsca|Rabsca, L50, M|100\/100\n|switch|p2b: Clodsire|Clodsire, L50, M, shiny|100\/100\n|-enditem|p1b: Iron Bundle|Booster Energy\n|-activate|p1b: Iron Bundle|ability: Quark Drive|[fromitem]\n|-start|p1b: Iron Bundle|quarkdrivespe\n|turn|1\n|inactive|lankybruce has 30 seconds left.\n|\n|t:|1699940614\n|move|p1a: Iron Hands|Fake Out|p2a: Rabsca\n|-damage|p2a: Rabsca|84\/100\n|move|p1b: Iron Bundle|Hydro Pump|p2b: Clodsire\n|-immune|p2b: Clodsire|[from] ability: Water Absorb\n|move|p2b: Clodsire|Toxic Spikes|p1a: Iron Hands\n|-sidestart|p1: lankybruce|move: Toxic Spikes\n|cant|p2a: Rabsca|flinch\n|\n|upkeep\n|turn|2\n|-activate|p2a: Rabsca|item: Quick Claw\n|\n|t:|1699940633\n|move|p1b: Iron Bundle|Freeze-Dry|p2b: Clodsire\n|-supereffective|p2b: Clodsire\n|-damage|p2b: Clodsire|42\/100\n|move|p1a: Iron Hands|Heavy Slam|p2a: Rabsca\n|-damage|p2a: Rabsca|36\/100\n|move|p2b: Clodsire|Recover|p2b: Clodsire\n|-heal|p2b: Clodsire|92\/100\n|move|p2a: Rabsca|Trick Room|p2a: Rabsca\n|-fieldstart|move: Trick Room|[of] p2a: Rabsca\n|\n|-heal|p2b: Clodsire|98\/100|[from] item: Black Sludge\n|upkeep\n|turn|3\n|-activate|p2a: Rabsca|item: Quick Claw\n|\n|t:|1699940652\n|move|p2b: Clodsire|Protect|p2b: Clodsire\n|-singleturn|p2b: Clodsire|Protect\n|move|p2a: Rabsca|Light Screen|p2a: Rabsca\n|-sidestart|p2: Jayanni|move: Light Screen\n|move|p1a: Iron Hands|Drain Punch|p2b: Clodsire\n|-activate|p2b: Clodsire|move: Protect\n|move|p1b: Iron Bundle|Freeze-Dry|p2b: Clodsire\n|-activate|p2b: Clodsire|move: Protect\n|\n|-heal|p2b: Clodsire|100\/100|[from] item: Black Sludge\n|upkeep\n|turn|4\n|\n|t:|1699940676\n|move|p2b: Clodsire|Toxic Spikes|p1a: Iron Hands\n|-sidestart|p1: lankybruce|move: Toxic Spikes\n|move|p2a: Rabsca|Calm Mind|p2a: Rabsca\n|-boost|p2a: Rabsca|spa|1\n|-boost|p2a: Rabsca|spd|1\n|move|p1a: Iron Hands|Heavy Slam|p2a: Rabsca\n|-damage|p2a: Rabsca|0 fnt\n|faint|p2a: Rabsca\n|move|p1b: Iron Bundle|Freeze-Dry|p2b: Clodsire\n|-supereffective|p2b: Clodsire\n|-damage|p2b: Clodsire|62\/100\n|\n|-heal|p2b: Clodsire|68\/100|[from] item: Black Sludge\n|upkeep\n|\n|t:|1699940691\n|switch|p2a: Mister|Dragalge, L50, M, shiny|100\/100\n|turn|5\n|inactive|lankybruce has 30 seconds left.\n|\n|t:|1699940718\n|move|p2b: Clodsire|Protect|p2b: Clodsire\n|-singleturn|p2b: Clodsire|Protect\n|move|p2a: Mister|Sludge Bomb|p1b: Iron Bundle\n|-damage|p1b: Iron Bundle|0 fnt\n|faint|p1b: Iron Bundle\n|-end|p1b: Iron Bundle|Quark Drive|[silent]\n|-damage|p2a: Mister|91\/100|[from] item: Life Orb\n|move|p1a: Iron Hands|Heavy Slam|p2a: Mister\n|-crit|p2a: Mister\n|-damage|p2a: Mister|27\/100\n|\n|-heal|p2b: Clodsire|74\/100|[from] item: Black Sludge\n|upkeep\n|\n|t:|1699940729\n|switch|p1b: Rillaboom|Rillaboom, L50, M|100\/100\n|-status|p1b: Rillaboom|tox\n|-fieldstart|move: Grassy Terrain|[from] ability: Grassy Surge|[of] p1b: Rillaboom\n|turn|6\n|\n|t:|1699940742\n|move|p1b: Rillaboom|Fake Out|p2b: Clodsire\n|-damage|p2b: Clodsire|63\/100\n|cant|p2b: Clodsire|flinch\n|move|p2a: Mister|Draco Meteor|p1a: Iron Hands\n|-damage|p1a: Iron Hands|32\/100\n|-unboost|p2a: Mister|spa|2\n|-damage|p2a: Mister|17\/100|[from] item: Life Orb\n|move|p1a: Iron Hands|Heavy Slam|p2a: Mister\n|-crit|p2a: Mister\n|-damage|p2a: Mister|0 fnt\n|faint|p2a: Mister\n|\n|-heal|p2b: Clodsire|69\/100|[from] Grassy Terrain\n|-heal|p2b: Clodsire|75\/100|[from] item: Black Sludge\n|-heal|p1a: Iron Hands|38\/100|[from] Grassy Terrain\n|-damage|p1b: Rillaboom|95\/100 tox|[from] psn\n|-fieldend|move: Trick Room\n|upkeep\n|\n|t:|1699940762\n|switch|p2a: Gliscor|Gliscor, L50, F, shiny|100\/100\n|turn|7\n|inactive|lankybruce has 30 seconds left.\n|inactive|lankybruce has 20 seconds left.\n|inactive|lankybruce has 15 seconds left.\n|inactive|lankybruce has 10 seconds left.\n|inactive|lankybruce has 5 seconds left.\n|\n|t:|1699940812\n|-terastallize|p1b: Rillaboom|Grass\n|move|p1b: Rillaboom|Wood Hammer|p2a: Gliscor\n|-damage|p2a: Gliscor|9\/100\n|-damage|p1b: Rillaboom|66\/100 tox|[from] Recoil\n|move|p2a: Gliscor|Swords Dance|p2a: Gliscor\n|-boost|p2a: Gliscor|atk|2\n|move|p1a: Iron Hands|Drain Punch|p2b: Clodsire\n|-resisted|p2b: Clodsire\n|-damage|p2b: Clodsire|57\/100\n|-heal|p1a: Iron Hands|45\/100|[from] drain|[of] p2b: Clodsire\n|move|p2b: Clodsire|Recover|p2b: Clodsire\n|-heal|p2b: Clodsire|100\/100\n|\n|-heal|p1b: Rillaboom|72\/100 tox|[from] Grassy Terrain\n|-heal|p1a: Iron Hands|51\/100|[from] Grassy Terrain\n|-damage|p1b: Rillaboom|60\/100 tox|[from] psn\n|-sideend|p2: Jayanni|move: Light Screen\n|-status|p2a: Gliscor|tox|[from] item: Toxic Orb\n|upkeep\n|turn|8\n|inactive|Jayanni has 30 seconds left.\n|\n|t:|1699940842\n|-terastallize|p2a: Gliscor|Fairy\n|move|p1b: Rillaboom|Grassy Glide|p2a: Gliscor\n|-damage|p2a: Gliscor|0 fnt\n|faint|p2a: Gliscor\n|move|p1a: Iron Hands|Heavy Slam|p2b: Clodsire\n|-damage|p2b: Clodsire|86\/100\n|move|p2b: Clodsire|Facade|p1b: Rillaboom\n|-damage|p1b: Rillaboom|42\/100 tox\n|-enditem|p1b: Rillaboom|Sitrus Berry|[eat]\n|-heal|p1b: Rillaboom|67\/100 tox|[from] item: Sitrus Berry\n|\n|-heal|p1b: Rillaboom|72\/100 tox|[from] Grassy Terrain\n|-heal|p1a: Iron Hands|58\/100|[from] Grassy Terrain\n|-heal|p2b: Clodsire|92\/100|[from] Grassy Terrain\n|-heal|p2b: Clodsire|98\/100|[from] item: Black Sludge\n|-damage|p1b: Rillaboom|55\/100 tox|[from] psn\n|upkeep\n|turn|9\n|\n|t:|1699940866\n|move|p2b: Clodsire|Protect|p2b: Clodsire\n|-singleturn|p2b: Clodsire|Protect\n|move|p1b: Rillaboom|Wood Hammer|p2b: Clodsire\n|-activate|p2b: Clodsire|move: Protect\n|move|p1a: Iron Hands|Drain Punch|p2b: Clodsire\n|-activate|p2b: Clodsire|move: Protect\n|\n|-heal|p1b: Rillaboom|61\/100 tox|[from] Grassy Terrain\n|-heal|p1a: Iron Hands|64\/100|[from] Grassy Terrain\n|-heal|p2b: Clodsire|100\/100|[from] Grassy Terrain\n|-damage|p1b: Rillaboom|38\/100 tox|[from] psn\n|upkeep\n|turn|10\n|inactive|lankybruce has 30 seconds left.\n|\n|t:|1699940899\n|move|p1b: Rillaboom|Wood Hammer|p2b: Clodsire\n|-damage|p2b: Clodsire|8\/100\n|-damage|p1b: Rillaboom|2\/100 tox|[from] Recoil\n|move|p1a: Iron Hands|Drain Punch|p2b: Clodsire\n|-resisted|p2b: Clodsire\n|-damage|p2b: Clodsire|0 fnt\n|-heal|p1a: Iron Hands|67\/100|[from] drain|[of] p2b: Clodsire\n|faint|p2b: Clodsire\n|\n|win|lankybruce\n|raw|lankybruce's rating: 1026 &rarr; <strong>1065<\/strong><br \/>(+39 for winning)\n|raw|Jayanni's rating: 1050 &rarr; <strong>1031<\/strong><br \/>(-19 for losing)\n","uploadtime":1699940910,"views":7,"p1id":"lankybruce","p2id":"jayanni","formatid":"gen9vgc2023regulatione","rating":1031,"private":0,"password":""}