{"id":"gen9vgc2023regulatione-1998277728","p1":"Bertscai","p2":"BigPoppaLololol","format":"[Gen 9] VGC 2023 Regulation E","log":"|j|\u2606Bertscai\n|j|\u2606BigPoppaLololol\n|t:|1700923706\n|gametype|doubles\n|player|p1|Bertscai|zinzolin|1501\n|player|p2|BigPoppaLololol|101|1400\n|teamsize|p1|6\n|teamsize|p2|6\n|gen|9\n|tier|[Gen 9] VGC 2023 Regulation E\n|rated|\n|rule|Species Clause: Limit one of each Pok\u00e9mon\n|rule|Item Clause: Limit one of each item\n|clearpoke\n|poke|p1|Sylveon, L50, M|\n|poke|p1|Ogerpon-Hearthflame, L50, F|\n|poke|p1|Roaring Moon, L50|\n|poke|p1|Landorus-Therian, L50, M|\n|poke|p1|Gholdengo, L50|\n|poke|p1|Kingambit, L50, F|\n|poke|p2|Urshifu-*, L50, M|\n|poke|p2|Flutter Mane, L50|\n|poke|p2|Amoonguss, L50, M|\n|poke|p2|Arcanine-Hisui, L50, M|\n|poke|p2|Tornadus, L50, M|\n|poke|p2|Iron Hands, L50|\n|teampreview|4\n|\n|t:|1700923767\n|start\n|switch|p1a: Gholdengo|Gholdengo, L50|100\/100\n|switch|p1b: Roaring Moon|Roaring Moon, L50|100\/100\n|switch|p2a: Spuk Mafia|Flutter Mane, L50|100\/100\n|switch|p2b: Endgegner|Tornadus, L50, M|100\/100\n|-enditem|p1b: Roaring Moon|Booster Energy\n|-activate|p1b: Roaring Moon|ability: Protosynthesis|[fromitem]\n|-start|p1b: Roaring Moon|protosynthesisspe\n|turn|1\n|\n|t:|1700923795\n|-terastallize|p1a: Gholdengo|Steel\n|move|p2b: Endgegner|Tailwind|p2b: Endgegner\n|-sidestart|p2: BigPoppaLololol|move: Tailwind\n|move|p2a: Spuk Mafia|Shadow Ball|p1a: Gholdengo\n|-damage|p1a: Gholdengo|37\/100\n|-unboost|p1a: Gholdengo|spd|1\n|move|p1b: Roaring Moon|Tailwind|p1b: Roaring Moon\n|-sidestart|p1: Bertscai|move: Tailwind\n|move|p1a: Gholdengo|Nasty Plot|p1a: Gholdengo\n|-boost|p1a: Gholdengo|spa|2\n|\n|-heal|p1a: Gholdengo|43\/100|[from] item: Leftovers\n|upkeep\n|turn|2\n|\n|t:|1700923823\n|-terastallize|p2a: Spuk Mafia|Fairy\n|move|p1b: Roaring Moon|Knock Off|p2a: Spuk Mafia\n|-resisted|p2a: Spuk Mafia\n|-damage|p2a: Spuk Mafia|60\/100\n|-enditem|p2a: Spuk Mafia|Choice Specs|[from] move: Knock Off|[of] p1b: Roaring Moon\n|move|p2a: Spuk Mafia|Shadow Ball|p1b: Roaring Moon\n|-resisted|p1b: Roaring Moon\n|-damage|p1b: Roaring Moon|82\/100\n|move|p2b: Endgegner|Bleakwind Storm|p1a: Gholdengo|[spread] p1b\n|-miss|p2b: Endgegner|p1a: Gholdengo\n|-damage|p1b: Roaring Moon|51\/100\n|move|p1a: Gholdengo|Make It Rain|p2a: Spuk Mafia|[spread] p2a,p2b\n|-supereffective|p2a: Spuk Mafia\n|-damage|p2a: Spuk Mafia|0 fnt\n|-damage|p2b: Endgegner|0 fnt\n|-unboost|p1a: Gholdengo|spa|1\n|faint|p2a: Spuk Mafia\n|-end|p2a: Spuk Mafia|Protosynthesis|[silent]\n|faint|p2b: Endgegner\n|\n|-heal|p1a: Gholdengo|49\/100|[from] item: Leftovers\n|upkeep\n|\n|t:|1700923840\n|switch|p2a: Alphatier|Arcanine-Hisui, L50, M|100\/100\n|switch|p2b: Kranich|Urshifu-Rapid-Strike, L50, M|100\/100\n|-ability|p2a: Alphatier|Intimidate|boost\n|-unboost|p1a: Gholdengo|atk|1\n|-unboost|p1b: Roaring Moon|atk|1\n|turn|3\n|\n|t:|1700923864\n|move|p2a: Alphatier|Extreme Speed|p1b: Roaring Moon\n|-damage|p1b: Roaring Moon|0 fnt\n|faint|p1b: Roaring Moon\n|-end|p1b: Roaring Moon|Protosynthesis|[silent]\n|move|p2b: Kranich|Surging Strikes|p1a: Gholdengo\n|-crit|p1a: Gholdengo\n|-damage|p1a: Gholdengo|25\/100\n|-crit|p1a: Gholdengo\n|-damage|p1a: Gholdengo|0 fnt\n|faint|p1a: Gholdengo\n|-hitcount|p1: Gholdengo|2\n|\n|upkeep\n|\n|t:|1700923874\n|switch|p1b: Landorus|Landorus-Therian, L50, M|100\/100\n|switch|p1a: Ogerpon|Ogerpon-Hearthflame, L50, F|100\/100\n|-ability|p1b: Landorus|Intimidate|boost\n|-unboost|p2a: Alphatier|atk|1\n|-unboost|p2b: Kranich|atk|1\n|-ability|p1a: Ogerpon|Mold Breaker\n|turn|4\n|\n|t:|1700923885\n|move|p2a: Alphatier|Extreme Speed|p1b: Landorus\n|-damage|p1b: Landorus|70\/100\n|move|p1b: Landorus|Rock Slide|p2b: Kranich|[spread] p2a,p2b\n|-supereffective|p2a: Alphatier\n|-resisted|p2b: Kranich\n|-damage|p2a: Alphatier|50\/100\n|-damage|p2b: Kranich|90\/100\n|move|p1a: Ogerpon|Horn Leech|p2b: Kranich\n|-supereffective|p2b: Kranich\n|-damage|p2b: Kranich|6\/100\n|move|p2b: Kranich|Surging Strikes|p1b: Landorus\n|-supereffective|p1b: Landorus\n|-crit|p1b: Landorus\n|-damage|p1b: Landorus|20\/100\n|-supereffective|p1b: Landorus\n|-crit|p1b: Landorus\n|-damage|p1b: Landorus|0 fnt\n|faint|p1b: Landorus\n|-hitcount|p1: Landorus|2\n|\n|-sideend|p2: BigPoppaLololol|move: Tailwind\n|-sideend|p1: Bertscai|move: Tailwind\n|upkeep\n|turn|5\n|j| Xeratina\n|\n|t:|1700923906\n|move|p2b: Kranich|Detect|p2b: Kranich\n|-singleturn|p2b: Kranich|Protect\n|move|p2a: Alphatier|Extreme Speed|p1a: Ogerpon\n|-damage|p1a: Ogerpon|72\/100\n|move|p1a: Ogerpon|Horn Leech|p2b: Kranich\n|-activate|p2b: Kranich|move: Protect\n|\n|upkeep\n|turn|6\n|l| Xeratina\n|\n|t:|1700923917\n|move|p2a: Alphatier|Extreme Speed|p1a: Ogerpon\n|-damage|p1a: Ogerpon|45\/100\n|move|p2b: Kranich|Aqua Jet|p1a: Ogerpon\n|-damage|p1a: Ogerpon|28\/100\n|move|p1a: Ogerpon|Horn Leech|p2b: Kranich\n|-supereffective|p2b: Kranich\n|-damage|p2b: Kranich|0 fnt\n|-heal|p1a: Ogerpon|31\/100|[from] drain|[of] p2b: Kranich\n|faint|p2b: Kranich\n|\n|upkeep\n|turn|7\n|c|\u2606BigPoppaLololol|so stupid\n|\n|t:|1700923935\n|move|p1a: Ogerpon|Spiky Shield|p1a: Ogerpon\n|-singleturn|p1a: Ogerpon|move: Protect\n|move|p2a: Alphatier|Extreme Speed|p1a: Ogerpon\n|-activate|p1a: Ogerpon|move: Protect\n|-damage|p2a: Alphatier|38\/100|[from] Spiky Shield|[of] p1a: Ogerpon\n|\n|upkeep\n|turn|8\n|\n|t:|1700923946\n|move|p2a: Alphatier|Extreme Speed|p1a: Ogerpon\n|-damage|p1a: Ogerpon|3\/100\n|move|p1a: Ogerpon|Ivy Cudgel|p2a: Alphatier|[anim] Ivy Cudgel Fire\n|-resisted|p2a: Alphatier\n|-damage|p2a: Alphatier|22\/100\n|\n|upkeep\n|turn|9\n|\n|t:|1700923955\n|move|p1a: Ogerpon|Spiky Shield|p1a: Ogerpon\n|-singleturn|p1a: Ogerpon|move: Protect\n|move|p2a: Alphatier|Extreme Speed|p2: Kranich|[notarget]\n|-fail|p2a: Alphatier\n|\n|upkeep\n|turn|10\n|\n|t:|1700923962\n|move|p1a: Ogerpon|Spiky Shield||[still]\n|-fail|p1a: Ogerpon\n|move|p2a: Alphatier|Extreme Speed|p1a: Ogerpon\n|-damage|p1a: Ogerpon|0 fnt\n|faint|p1a: Ogerpon\n|\n|win|BigPoppaLololol\n|raw|Bertscai's rating: 1501 &rarr; <strong>1475<\/strong><br \/>(-26 for losing)\n|raw|BigPoppaLololol's rating: 1400 &rarr; <strong>1426<\/strong><br \/>(+26 for winning)\n","uploadtime":1700923974,"views":0,"p1id":"bertscai","p2id":"bigpoppalololol","formatid":"gen9vgc2023regulatione","rating":1426,"private":0,"password":""}