{"id":"gen9vgc2023regulatione-1998097235","p1":"lmisdreavus","p2":"0001110101k","format":"[Gen 9] VGC 2023 Regulation E","log":"|j|\u2606lmisdreavus\n|j|\u26060001110101k\n|t:|1700890802\n|gametype|doubles\n|player|p1|lmisdreavus|unknownf|1438\n|player|p2|0001110101k|janitor|1338\n|teamsize|p1|6\n|teamsize|p2|6\n|gen|9\n|tier|[Gen 9] VGC 2023 Regulation E\n|rated|\n|rule|Species Clause: Limit one of each Pok\u00e9mon\n|rule|Item Clause: Limit one of each item\n|clearpoke\n|poke|p1|Indeedee-F, L50, F|\n|poke|p1|Armarouge, L50, M|\n|poke|p1|Sinistcha, L50|\n|poke|p1|Iron Hands, L50|\n|poke|p1|Ninetales-Alola, L50, M|\n|poke|p1|Roaring Moon, L50|\n|poke|p2|Landorus, L50, M|\n|poke|p2|Thundurus, L50, M|\n|poke|p2|Tornadus, L50, M|\n|poke|p2|Pelipper, L50, F|\n|poke|p2|Sandy Shocks, L50|\n|poke|p2|Hariyama, L50, F|\n|teampreview|4\n|inactive|Battle timer is ON: inactive players will automatically lose when time's up. (requested by 0001110101k)\n|\n|t:|1700890859\n|start\n|switch|p1a: Armarouge|Armarouge, L50, M|100\/100\n|switch|p1b: Indeedee|Indeedee-F, L50, F|100\/100\n|switch|p2a: Tornadus|Tornadus, L50, M|100\/100\n|switch|p2b: Sandy Shocks|Sandy Shocks, L50|100\/100\n|-fieldstart|move: Psychic Terrain|[from] ability: Psychic Surge|[of] p1b: Indeedee\n|turn|1\n|inactive|0001110101k has 30 seconds left.\n|\n|t:|1700890894\n|move|p1a: Armarouge|Protect|p1a: Armarouge\n|-singleturn|p1a: Armarouge|Protect\n|move|p2a: Tornadus|Tailwind|p2a: Tornadus\n|-sidestart|p2: 0001110101k|move: Tailwind\n|move|p2b: Sandy Shocks|Volt Switch|p1a: Armarouge\n|-activate|p1a: Armarouge|move: Protect\n|move|p1b: Indeedee|Trick Room|p1b: Indeedee\n|-fieldstart|move: Trick Room|[of] p1b: Indeedee\n|\n|upkeep\n|turn|2\n|\n|t:|1700890912\n|-terastallize|p1a: Armarouge|Psychic\n|move|p1b: Indeedee|Helping Hand|p1a: Armarouge\n|-singleturn|p1a: Armarouge|Helping Hand|[of] p1b: Indeedee\n|move|p1a: Armarouge|Expanding Force|p2b: Sandy Shocks|[spread] p2a,p2b\n|-crit|p2a: Tornadus\n|-damage|p2a: Tornadus|0 fnt\n|-damage|p2b: Sandy Shocks|0 fnt\n|faint|p2a: Tornadus\n|faint|p2b: Sandy Shocks\n|-end|p2b: Sandy Shocks|Protosynthesis|[silent]\n|-damage|p1a: Armarouge|91\/100|[from] item: Life Orb\n|\n|upkeep\n|\n|t:|1700890918\n|switch|p2b: Landorus|Landorus, L50, M|100\/100\n|switch|p2a: Pelipper|Pelipper, L50, F|100\/100\n|-weather|RainDance|[from] ability: Drizzle|[of] p2a: Pelipper\n|turn|3\n|\n|t:|1700890928\n|move|p2a: Pelipper|Wide Guard|p2a: Pelipper\n|-singleturn|p2a: Pelipper|Wide Guard\n|move|p1b: Indeedee|Follow Me|p1b: Indeedee\n|-singleturn|p1b: Indeedee|move: Follow Me\n|move|p1a: Armarouge|Expanding Force|p2b: Landorus|[spread] \n|-activate|p2a: Pelipper|move: Wide Guard\n|-activate|p2b: Landorus|move: Wide Guard\n|move|p2b: Landorus|Sandsear Storm|p1b: Indeedee|[spread] p1a,p1b\n|-damage|p1a: Armarouge|18\/100\n|-damage|p1b: Indeedee|32\/100\n|\n|-weather|RainDance|[upkeep]\n|upkeep\n|turn|4\n|inactive|0001110101k has 30 seconds left.\n|\n|t:|1700890955\n|-terastallize|p2b: Landorus|Fire\n|move|p1b: Indeedee|Helping Hand|p1a: Armarouge\n|-singleturn|p1a: Armarouge|Helping Hand|[of] p1b: Indeedee\n|move|p2a: Pelipper|Wide Guard|p2a: Pelipper\n|-singleturn|p2a: Pelipper|Wide Guard\n|move|p1a: Armarouge|Flamethrower|p2b: Landorus\n|-resisted|p2b: Landorus\n|-damage|p2b: Landorus|68\/100\n|-damage|p1a: Armarouge|8\/100|[from] item: Life Orb\n|move|p2b: Landorus|Sandsear Storm|p1b: Indeedee|[spread] p1a,p1b\n|-crit|p1b: Indeedee\n|-damage|p1a: Armarouge|0 fnt\n|-damage|p1b: Indeedee|0 fnt\n|faint|p1a: Armarouge\n|faint|p1b: Indeedee\n|\n|-weather|RainDance|[upkeep]\n|-sideend|p2: 0001110101k|move: Tailwind\n|upkeep\n|\n|t:|1700890971\n|switch|p1b: Roaring Moon|Roaring Moon, L50|100\/100\n|switch|p1a: Ninetales|Ninetales-Alola, L50, M|100\/100\n|-weather|Snow|[from] ability: Snow Warning|[of] p1a: Ninetales\n|-enditem|p1b: Roaring Moon|Booster Energy\n|-activate|p1b: Roaring Moon|ability: Protosynthesis|[fromitem]\n|-start|p1b: Roaring Moon|protosynthesisspe\n|turn|5\n|\n|t:|1700890991\n|move|p2a: Pelipper|Weather Ball|p1b: Roaring Moon\n|-supereffective|p1b: Roaring Moon\n|-damage|p1b: Roaring Moon|50\/100\n|move|p2b: Landorus|Sludge Bomb|p1a: Ninetales\n|-supereffective|p1a: Ninetales\n|-damage|p1a: Ninetales|0 fnt\n|faint|p1a: Ninetales\n|move|p1b: Roaring Moon|Knock Off|p2b: Landorus\n|-damage|p2b: Landorus|6\/100\n|-enditem|p2b: Landorus|Life Orb|[from] move: Knock Off|[of] p1b: Roaring Moon\n|\n|-weather|Snow|[upkeep]\n|-fieldend|move: Trick Room\n|-fieldend|move: Psychic Terrain\n|upkeep\n|turn|6\n|-message|lmisdreavus forfeited.\n|\n|win|0001110101k\n|raw|lmisdreavus's rating: 1438 &rarr; <strong>1412<\/strong><br \/>(-26 for losing)\n|raw|0001110101k's rating: 1338 &rarr; <strong>1364<\/strong><br \/>(+26 for winning)\n|l|\u2606lmisdreavus\n","uploadtime":1700891009,"views":3,"p1id":"lmisdreavus","p2id":"0001110101k","formatid":"gen9vgc2023regulatione","rating":1364,"private":0,"password":""}