{"id":"gen9vgc2023regulatione-1989990741","p1":"CharlienoB","p2":"Theslenderhunter","format":"[Gen 9] VGC 2023 Regulation E","log":"|j|\u2606CharlienoB\n|j|\u2606Theslenderhunter\n|t:|1699913174\n|gametype|doubles\n|player|p1|CharlienoB|2|1123\n|player|p2|Theslenderhunter|bellelba|1111\n|teamsize|p1|6\n|teamsize|p2|6\n|gen|9\n|tier|[Gen 9] VGC 2023 Regulation E\n|rated|\n|rule|Species Clause: Limit one of each Pok\u00e9mon\n|rule|Item Clause: Limit one of each item\n|clearpoke\n|poke|p1|Espathra, L50, F|\n|poke|p1|Empoleon, L50, M|\n|poke|p1|Chi-Yu, L50|\n|poke|p1|Sableye, L50, M|\n|poke|p1|Ogerpon-Cornerstone, L50, F|\n|poke|p1|Landorus-Therian, L50, M|\n|poke|p2|Florges, L50, F|\n|poke|p2|Lurantis, L50, F|\n|poke|p2|Armarouge, L50, F|\n|poke|p2|Indeedee-F, L50, F|\n|poke|p2|Azelf, L50|\n|poke|p2|Pelipper, L50, F|\n|teampreview|4\n|\n|t:|1699913188\n|start\n|switch|p1a: Espathra|Espathra, L50, F|100\/100\n|switch|p1b: Sableye|Sableye, L50, M|100\/100\n|switch|p2a: Armarouge|Armarouge, L50, F|100\/100\n|switch|p2b: Indeedee|Indeedee-F, L50, F|100\/100\n|-fieldstart|move: Psychic Terrain|[from] ability: Psychic Surge|[of] p2b: Indeedee\n|-enditem|p2a: Armarouge|Psychic Seed\n|-boost|p2a: Armarouge|spd|1|[from] item: Psychic Seed\n|turn|1\n|\n|t:|1699913217\n|move|p2b: Indeedee|Follow Me|p2b: Indeedee\n|-singleturn|p2b: Indeedee|move: Follow Me\n|move|p1b: Sableye|Light Screen|p1b: Sableye\n|-sidestart|p1: CharlienoB|move: Light Screen\n|move|p1a: Espathra|Lumina Crash|p2b: Indeedee\n|-resisted|p2b: Indeedee\n|-damage|p2b: Indeedee|82\/100\n|-unboost|p2b: Indeedee|spd|2\n|move|p2a: Armarouge|Trick Room|p2a: Armarouge\n|-fieldstart|move: Trick Room|[of] p2a: Armarouge\n|\n|-ability|p1a: Espathra|Speed Boost|boost\n|-boost|p1a: Espathra|spe|1\n|upkeep\n|turn|2\n|\n|t:|1699913245\n|switch|p2a: Lurantis|Lurantis, L50, F|100\/100\n|switch|p2b: Florges|Florges, L50, F|100\/100\n|move|p1b: Sableye|Taunt|p2b: Florges\n|-activate|p2b: Florges|move: Psychic Terrain\n|move|p1a: Espathra|Lumina Crash|p2b: Florges\n|-damage|p2b: Florges|77\/100\n|-unboost|p2b: Florges|spd|2\n|\n|-ability|p1a: Espathra|Speed Boost|boost\n|-boost|p1a: Espathra|spe|1\n|upkeep\n|turn|3\n|\n|t:|1699913264\n|move|p2b: Florges|Helping Hand|p2a: Lurantis\n|-singleturn|p2a: Lurantis|Helping Hand|[of] p2b: Florges\n|move|p1a: Espathra|Protect|p1a: Espathra\n|-singleturn|p1a: Espathra|Protect\n|move|p1b: Sableye|Reflect|p1b: Sableye\n|-sidestart|p1: CharlienoB|Reflect\n|move|p2a: Lurantis|Leaf Storm|p1b: Sableye\n|-damage|p1b: Sableye|44\/100\n|-boost|p2a: Lurantis|spa|2\n|\n|-ability|p1a: Espathra|Speed Boost|boost\n|-boost|p1a: Espathra|spe|1\n|upkeep\n|turn|4\n|\n|t:|1699913288\n|move|p1b: Sableye|Taunt|p2a: Lurantis\n|-activate|p2a: Lurantis|move: Psychic Terrain\n|move|p2a: Lurantis|Leaf Storm|p1b: Sableye\n|-crit|p1b: Sableye\n|-damage|p1b: Sableye|0 fnt\n|-boost|p2a: Lurantis|spa|2\n|faint|p1b: Sableye\n|move|p2b: Florges|Pollen Puff|p1a: Espathra\n|-supereffective|p1a: Espathra\n|-damage|p1a: Espathra|55\/100\n|move|p1a: Espathra|Lumina Crash|p2b: Florges\n|-damage|p2b: Florges|29\/100\n|-unboost|p2b: Florges|spd|2\n|\n|-ability|p1a: Espathra|Speed Boost|boost\n|-boost|p1a: Espathra|spe|1\n|upkeep\n|\n|t:|1699913307\n|switch|p1b: Chi-Yu|Chi-Yu, L50|100\/100\n|-ability|p1b: Chi-Yu|Beads of Ruin\n|turn|5\n|\n|t:|1699913323\n|move|p2b: Florges|Protect|p2b: Florges\n|-singleturn|p2b: Florges|Protect\n|move|p1a: Espathra|Protect|p1a: Espathra\n|-singleturn|p1a: Espathra|Protect\n|move|p2a: Lurantis|Superpower|p1b: Chi-Yu\n|-supereffective|p1b: Chi-Yu\n|-damage|p1b: Chi-Yu|61\/100\n|-boost|p2a: Lurantis|atk|1\n|-boost|p2a: Lurantis|def|1\n|move|p1b: Chi-Yu|Nasty Plot|p1b: Chi-Yu\n|-boost|p1b: Chi-Yu|spa|2\n|\n|-heal|p1b: Chi-Yu|67\/100|[from] item: Leftovers\n|-fieldend|move: Trick Room\n|-fieldend|move: Psychic Terrain\n|-ability|p1a: Espathra|Speed Boost|boost\n|-boost|p1a: Espathra|spe|1\n|upkeep\n|turn|6\n|\n|t:|1699913351\n|-terastallize|p1b: Chi-Yu|Water\n|-terastallize|p2a: Lurantis|Fighting\n|move|p2b: Florges|Helping Hand|p2a: Lurantis\n|-singleturn|p2a: Lurantis|Helping Hand|[of] p2b: Florges\n|move|p1a: Espathra|Lumina Crash|p2a: Lurantis\n|-supereffective|p2a: Lurantis\n|-damage|p2a: Lurantis|45\/100\n|-boost|p2a: Lurantis|spd|2\n|move|p1b: Chi-Yu|Heat Wave|p2b: Florges|[spread] p2a,p2b\n|-damage|p2a: Lurantis|13\/100\n|-damage|p2b: Florges|0 fnt\n|faint|p2b: Florges\n|move|p2a: Lurantis|Superpower|p1b: Chi-Yu\n|-damage|p1b: Chi-Yu|5\/100\n|-boost|p2a: Lurantis|atk|1\n|-boost|p2a: Lurantis|def|1\n|\n|-heal|p1b: Chi-Yu|12\/100|[from] item: Leftovers\n|-ability|p1a: Espathra|Speed Boost|boost\n|-boost|p1a: Espathra|spe|1\n|upkeep\n|\n|t:|1699913369\n|switch|p2b: Armarouge|Armarouge, L50, F|100\/100\n|turn|7\n|\n|t:|1699913389\n|move|p1a: Espathra|Dazzling Gleam|p2b: Armarouge|[spread] p2a,p2b\n|-supereffective|p2a: Lurantis\n|-resisted|p2b: Armarouge\n|-damage|p2a: Lurantis|0 fnt\n|-damage|p2b: Armarouge|91\/100\n|faint|p2a: Lurantis\n|move|p1b: Chi-Yu|Dark Pulse|p2b: Armarouge\n|-supereffective|p2b: Armarouge\n|-damage|p2b: Armarouge|0 fnt\n|faint|p2b: Armarouge\n|\n|-heal|p1b: Chi-Yu|18\/100|[from] item: Leftovers\n|upkeep\n|-message|Theslenderhunter forfeited.\n|\n|win|CharlienoB\n|raw|CharlienoB's rating: 1123 &rarr; <strong>1147<\/strong><br \/>(+24 for winning)\n|raw|Theslenderhunter's rating: 1111 &rarr; <strong>1087<\/strong><br \/>(-24 for losing)\n|l|\u2606Theslenderhunter\n","uploadtime":1699913409,"views":12,"p1id":"charlienob","p2id":"theslenderhunter","formatid":"gen9vgc2023regulatione","rating":1087,"private":0,"password":""}