{"id":"gen9vgc2023regulatione-1998657824","p1":"NickBandicoot","p2":"gabtesting","format":"[Gen 9] VGC 2023 Regulation E","log":"|j|\u2606NickBandicoot\n|j|\u2606gabtesting\n|t:|1700968596\n|gametype|doubles\n|player|p1|NickBandicoot|1|1012\n|player|p2|gabtesting|wallace|1112\n|teamsize|p1|6\n|teamsize|p2|6\n|gen|9\n|tier|[Gen 9] VGC 2023 Regulation E\n|rated|\n|rule|Species Clause: Limit one of each Pok\u00e9mon\n|rule|Item Clause: Limit one of each item\n|clearpoke\n|poke|p1|Articuno, L50|\n|poke|p1|Pikachu, L50, M|\n|poke|p1|Sinistcha, L50|\n|poke|p1|Umbreon, L50, M|\n|poke|p1|Charizard, L50, F|\n|poke|p1|Poliwrath, L50, M|\n|poke|p2|Ninetales-Alola, L50, M|\n|poke|p2|Cetitan, L50, M|\n|poke|p2|Baxcalibur, L50, F|\n|poke|p2|Landorus-Therian, L50, M|\n|poke|p2|Heatran, L50, M|\n|poke|p2|Urshifu-*, L50, F|\n|teampreview|4\n|inactive|Battle timer is ON: inactive players will automatically lose when time's up. (requested by gabtesting)\ngabtesting has agreed to open team sheets.\n|\n|t:|1700968609\n|start\n|switch|p1a: Poliwrath|Poliwrath, L50, M|100\/100\n|switch|p1b: Sinistcha|Sinistcha, L50|100\/100\n|switch|p2a: Ninetales|Ninetales-Alola, L50, M|100\/100\n|switch|p2b: Cetitan|Cetitan, L50, M|100\/100\n|-weather|Snow|[from] ability: Snow Warning|[of] p2a: Ninetales\n|turn|1\n|inactive|gabtesting has 30 seconds left.\n|\n|t:|1700968637\n|-terastallize|p1b: Sinistcha|Water\n|move|p1b: Sinistcha|Rage Powder|p1b: Sinistcha\n|-singleturn|p1b: Sinistcha|move: Rage Powder\n|move|p2b: Cetitan|Icicle Crash|p1b: Sinistcha\n|-resisted|p1b: Sinistcha\n|-damage|p1b: Sinistcha|83\/100\n|move|p2a: Ninetales|Aurora Veil|p2a: Ninetales\n|-sidestart|p2: gabtesting|move: Aurora Veil\n|move|p1a: Poliwrath|Belly Drum|p1a: Poliwrath\n|-damage|p1a: Poliwrath|51\/100\n|-setboost|p1a: Poliwrath|atk|6|[from] move: Belly Drum\n|\n|-weather|Snow|[upkeep]\n|upkeep\n|turn|2\n|\n|t:|1700968659\n|move|p1b: Sinistcha|Rage Powder|p1b: Sinistcha\n|-singleturn|p1b: Sinistcha|move: Rage Powder\n|move|p2b: Cetitan|Heavy Slam|p1b: Sinistcha\n|-resisted|p1b: Sinistcha\n|-damage|p1b: Sinistcha|65\/100\n|move|p2a: Ninetales|Moonblast|p1b: Sinistcha\n|-damage|p1b: Sinistcha|34\/100\n|-unboost|p1b: Sinistcha|spa|1\n|-enditem|p1b: Sinistcha|Sitrus Berry|[eat]\n|-heal|p1b: Sinistcha|59\/100|[from] item: Sitrus Berry\n|move|p1a: Poliwrath|Brick Break|p2a: Ninetales\n|-sideend|p2: gabtesting|move: Aurora Veil\n|-damage|p2a: Ninetales|0 fnt\n|faint|p2a: Ninetales\n|\n|-weather|Snow|[upkeep]\n|upkeep\n|\n|t:|1700968675\n|switch|p2a: Baxcalibur|Baxcalibur, L50, F|100\/100\n|turn|3\n|\n|t:|1700968687\n|move|p2a: Baxcalibur|Protect|p2a: Baxcalibur\n|-singleturn|p2a: Baxcalibur|Protect\n|move|p1b: Sinistcha|Rage Powder|p1b: Sinistcha\n|-singleturn|p1b: Sinistcha|move: Rage Powder\n|move|p2b: Cetitan|Icicle Crash|p1b: Sinistcha\n|-resisted|p1b: Sinistcha\n|-damage|p1b: Sinistcha|39\/100\n|move|p1a: Poliwrath|Brick Break|p2a: Baxcalibur\n|-activate|p2a: Baxcalibur|move: Protect\n|\n|-weather|Snow|[upkeep]\n|upkeep\n|turn|4\n|inactive|gabtesting has 30 seconds left.\n|inactive|gabtesting has 20 seconds left.\n|inactive|gabtesting has 15 seconds left.\n|inactive|gabtesting has 10 seconds left.\n|\n|t:|1700968734\n|move|p1b: Sinistcha|Rage Powder|p1b: Sinistcha\n|-singleturn|p1b: Sinistcha|move: Rage Powder\n|move|p2b: Cetitan|Heavy Slam|p1b: Sinistcha\n|-resisted|p1b: Sinistcha\n|-damage|p1b: Sinistcha|22\/100\n|move|p1a: Poliwrath|Brick Break|p2a: Baxcalibur\n|-supereffective|p2a: Baxcalibur\n|-damage|p2a: Baxcalibur|0 fnt\n|faint|p2a: Baxcalibur\n|\n|-weather|Snow|[upkeep]\n|upkeep\n|\n|t:|1700968741\n|switch|p2a: Heatran|Heatran, L50, M|100\/100\n|turn|5\n|\n|t:|1700968755\n|switch|p1b: Charizard|Charizard, L50, F|100\/100\n|move|p2a: Heatran|Protect|p2a: Heatran\n|-singleturn|p2a: Heatran|Protect\n|move|p2b: Cetitan|Icicle Crash|p1b: Charizard\n|-damage|p1b: Charizard|39\/100\n|move|p1a: Poliwrath|Brick Break|p2b: Cetitan\n|-supereffective|p2b: Cetitan\n|-damage|p2b: Cetitan|0 fnt\n|faint|p2b: Cetitan\n|\n|-weather|none\n|upkeep\n|turn|6\n|c|\u2606gabtesting|gg\n|\n|t:|1700968779\n|switch|p1b: Sinistcha|Sinistcha, L50, tera:Water|22\/100\n|-heal|p1a: Poliwrath|76\/100|[from] ability: Hospitality|[of] p1b: Sinistcha\n|-terastallize|p2a: Heatran|Grass\n|move|p1a: Poliwrath|Brick Break|p2a: Heatran\n|-damage|p2a: Heatran|2\/100\n|move|p2a: Heatran|Tera Blast|p1a: Poliwrath|[anim] Tera Blast Grass\n|-supereffective|p1a: Poliwrath\n|-damage|p1a: Poliwrath|0 fnt\n|faint|p1a: Poliwrath\n|-damage|p2a: Heatran|0 fnt|[from] item: Life Orb\n|faint|p2a: Heatran\n|\n|win|NickBandicoot\n|raw|NickBandicoot's rating: 1012 &rarr; <strong>1061<\/strong><br \/>(+49 for winning)\n|raw|gabtesting's rating: 1112 &rarr; <strong>1080<\/strong><br \/>(-32 for losing)\n|c|\u2606NickBandicoot|gg\n","uploadtime":1700968792,"views":2,"p1id":"nickbandicoot","p2id":"gabtesting","formatid":"gen9vgc2023regulatione","rating":1061,"private":0,"password":""}