{"id":"gen9vgc2023regulatione-1993249327","p1":"PorigonG","p2":"Leetextreme","format":"[Gen 9] VGC 2023 Regulation E","log":"|j|\u2606PorigonG\n|j|\u2606Leetextreme\n|n|\u2606PorigonG|porigong\n|n|\u2606Leetextreme|leetextreme\n|html|View the match progress at <a href=\"\/game-bestof3-gen9vgc2023regulatione-1993247935\">game-bestof3-gen9vgc2023regulatione-1993247935<\/a>\n|t:|1700284097\n|gametype|doubles\n|player|p1|PorigonG|red|\n|player|p2|Leetextreme|scientist|\n|teamsize|p1|6\n|teamsize|p2|6\n|gen|9\n|tier|[Gen 9] VGC 2023 Regulation E\n|rule|Species Clause: Limit one of each Pok\u00e9mon\n|rule|Item Clause: Limit one of each item\n|clearpoke\n|poke|p1|Grimmsnarl, L50, M|\n|poke|p1|Pelipper, L50, F|\n|poke|p1|Gholdengo, L50|\n|poke|p1|Baxcalibur, L50, M|\n|poke|p1|Basculegion, L50, M|\n|poke|p1|Sandy Shocks, L50|\n|poke|p2|Heatran, L50, F|\n|poke|p2|Scream Tail, L50|\n|poke|p2|Farigiraf, L50, M|\n|poke|p2|Ogerpon-Wellspring, L50, F|\n|poke|p2|Ursaluna, L50, M|\n|poke|p2|Dragonite, L50, F|\n|teampreview|4\nPorigonG has agreed to open team sheets.\nLeetextreme has agreed to open team sheets.\n|showteam|p1|Grimmsnarl||LightClay|Prankster|ThunderWave,Reflect,LightScreen,SpiritBreak|||M|||50|,,,,,Ghost]Pelipper||FocusSash|Drizzle|WeatherBall,Hurricane,Tailwind,Protect|||F|||50|,,,,,Grass]Gholdengo||Leftovers|GoodasGold|NastyPlot,MakeItRain,ShadowBall,Protect||||||50|,,,,,Water]Baxcalibur||LoadedDice|ThermalExchange|GlaiveRush,IcicleSpear,IceShard,Protect|||M|||50|,,,,,Poison]Basculegion||LifeOrb|SwiftSwim|WaveCrash,LastRespects,AquaJet,Protect|||M|||50|,,,,,Water]Sandy Shocks||BoosterEnergy|Protosynthesis|EarthPower,Thunderbolt,Thunder,Protect||||||50|,,,,,Electric\n|showteam|p2|Heatran||AbilityShield|FlashFire|HeatWave,EarthPower,Protect,TeraBlast|||F|||50|,,,,,Grass]Scream Tail||SitrusBerry|Protosynthesis|TrickRoom,Howl,PsychicFangs,DazzlingGleam||||||50|,,,,,Dark]Farigiraf||RockyHelmet|ArmorTail|TrickRoom,NastyPlot,Protect,DazzlingGleam|||M|||50|,,,,,Fairy]Ogerpon-Wellspring||WellspringMask|WaterAbsorb|IvyCudgel,SpikyShield,HornLeech,FollowMe|||F|||50|,,,,,Water]Ursaluna||FlameOrb|Guts|Protect,Facade,Earthquake,ShadowClaw|||M|||50|,,,,,Ghost]Dragonite||YacheBerry|Multiscale|ExtremeSpeed,Protect,Haze,IceSpinner|||F|||50|,,,,,Normal\n|\n|t:|1700284145\n|start\n|switch|p1a: Baxcalibur|Baxcalibur, L50, M|100\/100\n|switch|p1b: Basculegion|Basculegion, L50, M|100\/100\n|switch|p2a: Scream Tail|Scream Tail, L50|100\/100\n|switch|p2b: Dragonite|Dragonite, L50, F|100\/100\n|turn|1\n|\n|t:|1700284168\n|switch|p1b: Grimmsnarl|Grimmsnarl, L50, M|100\/100\n|move|p2b: Dragonite|Protect|p2b: Dragonite\n|-singleturn|p2b: Dragonite|Protect\n|move|p1a: Baxcalibur|Icicle Spear|p2b: Dragonite\n|-activate|p2b: Dragonite|move: Protect\n|move|p2a: Scream Tail|Howl|p2a: Scream Tail|[spread] p2a,p2b\n|-boost|p2a: Scream Tail|atk|1\n|-boost|p2b: Dragonite|atk|1\n|\n|upkeep\n|turn|2\n|\n|t:|1700284200\n|-terastallize|p2b: Dragonite|Normal\n|move|p2b: Dragonite|Extreme Speed|p1b: Grimmsnarl\n|-damage|p1b: Grimmsnarl|30\/100\n|move|p1b: Grimmsnarl|Reflect|p1b: Grimmsnarl\n|-sidestart|p1: PorigonG|Reflect\n|move|p1a: Baxcalibur|Icicle Spear|p2b: Dragonite\n|-damage|p2b: Dragonite|93\/100\n|-damage|p2b: Dragonite|79\/100\n|-damage|p2b: Dragonite|65\/100\n|-damage|p2b: Dragonite|50\/100\n|-damage|p2b: Dragonite|34\/100\n|-hitcount|p2b: Dragonite|5\n|move|p2a: Scream Tail|Trick Room|p2a: Scream Tail\n|-fieldstart|move: Trick Room|[of] p2a: Scream Tail\n|\n|upkeep\n|turn|3\n|\n|t:|1700284228\n|move|p2b: Dragonite|Extreme Speed|p1b: Grimmsnarl\n|-damage|p1b: Grimmsnarl|0 fnt\n|faint|p1b: Grimmsnarl\n|move|p2a: Scream Tail|Dazzling Gleam|p1a: Baxcalibur\n|-supereffective|p1a: Baxcalibur\n|-damage|p1a: Baxcalibur|60\/100\n|move|p1a: Baxcalibur|Icicle Spear|p2b: Dragonite\n|-damage|p2b: Dragonite|19\/100\n|-damage|p2b: Dragonite|5\/100\n|-damage|p2b: Dragonite|0 fnt\n|faint|p2b: Dragonite\n|-hitcount|p2: Dragonite|3\n|\n|upkeep\n|\n|t:|1700284240\n|switch|p1b: Pelipper|Pelipper, L50, F|100\/100\n|switch|p2b: Ogerpon|Ogerpon-Wellspring, L50, F|100\/100\n|-weather|RainDance|[from] ability: Drizzle|[of] p1b: Pelipper\n|turn|4\n|\n|t:|1700284268\n|move|p1b: Pelipper|Hurricane|p2b: Ogerpon\n|-supereffective|p2b: Ogerpon\n|-damage|p2b: Ogerpon|13\/100\n|move|p2b: Ogerpon|Ivy Cudgel|p1b: Pelipper|[anim] Ivy Cudgel Water\n|-resisted|p1b: Pelipper\n|-damage|p1b: Pelipper|74\/100\n|move|p2a: Scream Tail|Howl|p2a: Scream Tail|[spread] p2a,p2b\n|-boost|p2a: Scream Tail|atk|1\n|-boost|p2b: Ogerpon|atk|1\n|move|p1a: Baxcalibur|Icicle Spear|p2b: Ogerpon\n|-damage|p2b: Ogerpon|0 fnt\n|faint|p2b: Ogerpon\n|-hitcount|p2: Ogerpon|1\n|\n|-weather|RainDance|[upkeep]\n|upkeep\n|\n|t:|1700284279\n|switch|p2b: Farigiraf|Farigiraf, L50, M|100\/100\n|turn|5\n|\n|t:|1700284301\n|move|p2b: Farigiraf|Nasty Plot|p2b: Farigiraf\n|-boost|p2b: Farigiraf|spa|2\n|move|p1b: Pelipper|Weather Ball|p2b: Farigiraf\n|-damage|p2b: Farigiraf|36\/100\n|move|p2a: Scream Tail|Psychic Fangs|p1a: Baxcalibur\n|-sideend|p1: PorigonG|Reflect\n|-damage|p1a: Baxcalibur|18\/100\n|move|p1a: Baxcalibur|Icicle Spear|p2b: Farigiraf\n|-damage|p2b: Farigiraf|22\/100\n|-damage|p2b: Farigiraf|9\/100\n|-damage|p2b: Farigiraf|0 fnt\n|faint|p2b: Farigiraf\n|-hitcount|p2: Farigiraf|3\n|\n|-weather|RainDance|[upkeep]\n|upkeep\n|turn|6\n|\n|t:|1700284322\n|move|p1b: Pelipper|Protect|p1b: Pelipper\n|-singleturn|p1b: Pelipper|Protect\n|move|p1a: Baxcalibur|Protect|p1a: Baxcalibur\n|-singleturn|p1a: Baxcalibur|Protect\n|move|p2a: Scream Tail|Dazzling Gleam|p1b: Pelipper|[spread] \n|-activate|p1a: Baxcalibur|move: Protect\n|-activate|p1b: Pelipper|move: Protect\n|\n|-weather|RainDance|[upkeep]\n|-fieldend|move: Trick Room\n|upkeep\n|turn|7\n|\n|t:|1700284341\n|move|p1a: Baxcalibur|Icicle Spear|p2a: Scream Tail\n|-damage|p2a: Scream Tail|91\/100\n|-damage|p2a: Scream Tail|81\/100\n|-damage|p2a: Scream Tail|71\/100\n|-damage|p2a: Scream Tail|59\/100\n|-damage|p2a: Scream Tail|50\/100\n|-enditem|p2a: Scream Tail|Sitrus Berry|[eat]\n|-heal|p2a: Scream Tail|75\/100|[from] item: Sitrus Berry\n|-hitcount|p2a: Scream Tail|5\n|move|p1b: Pelipper|Weather Ball|p2a: Scream Tail\n|-damage|p2a: Scream Tail|40\/100\n|move|p2a: Scream Tail|Trick Room|p2a: Scream Tail\n|-fieldstart|move: Trick Room|[of] p2a: Scream Tail\n|\n|-weather|RainDance|[upkeep]\n|upkeep\n|turn|8\n|\n|t:|1700284356\n|move|p1a: Baxcalibur|Ice Shard|p2a: Scream Tail\n|-damage|p2a: Scream Tail|25\/100\n|move|p1b: Pelipper|Weather Ball|p2a: Scream Tail\n|-damage|p2a: Scream Tail|0 fnt\n|faint|p2a: Scream Tail\n|-end|p2a: Scream Tail|Protosynthesis|[silent]\n|\n|win|PorigonG\n|c|\u2606PorigonG|gg\n|c|\u2606Leetextreme|gg well played\n|l|\u2606PorigonG\n|c|\u2606Leetextreme|thanks for the matches\n","uploadtime":1700284609,"views":32,"p1id":"porigong","p2id":"leetextreme","formatid":"gen9vgc2023regulatione","rating":0,"private":0,"password":""}