{"id":"gen9vgc2023regulatione-1987958351","p1":"termies","p2":"Melmetalica","format":"[Gen 9] VGC 2023 Regulation E","log":"|j|\u2606termies\n|j|\u2606Melmetalica\n|t:|1699653152\n|gametype|doubles\n|player|p1|termies|1|1276\n|player|p2|Melmetalica|2|1188\n|teamsize|p1|6\n|teamsize|p2|6\n|gen|9\n|tier|[Gen 9] VGC 2023 Regulation E\n|rated|\n|rule|Species Clause: Limit one of each Pok\u00e9mon\n|rule|Item Clause: Limit one of each item\n|clearpoke\n|poke|p1|Regidrago, L50|\n|poke|p1|Tornadus, L50, M|\n|poke|p1|Sneasler, L50, F|\n|poke|p1|Urshifu-*, L50, F|\n|poke|p1|Clefairy, L50, F|\n|poke|p1|Rillaboom, L50, F|\n|poke|p2|Riolu, L50, F|\n|poke|p2|Iron Hands, L50|\n|poke|p2|Sinistcha, L50|\n|poke|p2|Dragapult, L50, M|\n|poke|p2|Garganacl, L50, M|\n|poke|p2|Gholdengo, L50|\n|teampreview|4\n|\n|t:|1699653171\n|start\n|switch|p1a: Regidrago|Regidrago, L50|100\/100\n|switch|p1b: Tornadus|Tornadus, L50, M|100\/100\n|switch|p2a: Garganacl|Garganacl, L50, M|100\/100\n|switch|p2b: Iron Hands|Iron Hands, L50|100\/100\n|-enditem|p2b: Iron Hands|Booster Energy\n|-activate|p2b: Iron Hands|ability: Quark Drive|[fromitem]\n|-start|p2b: Iron Hands|quarkdriveatk\n|turn|1\n|\n|t:|1699653180\n|move|p1a: Regidrago|Protect|p1a: Regidrago\n|-singleturn|p1a: Regidrago|Protect\n|move|p2a: Garganacl|Wide Guard|p2a: Garganacl\n|-singleturn|p2a: Garganacl|Wide Guard\n|move|p1b: Tornadus|Tailwind|p1b: Tornadus\n|-sidestart|p1: termies|move: Tailwind\n|move|p2b: Iron Hands|Ice Punch|p1a: Regidrago\n|-activate|p1a: Regidrago|move: Protect\n|\n|upkeep\n|turn|2\n|\n|t:|1699653198\n|move|p1a: Regidrago|Earth Power|p2a: Garganacl\n|-supereffective|p2a: Garganacl\n|-damage|p2a: Garganacl|65\/100\n|move|p1b: Tornadus|Bleakwind Storm|p2a: Garganacl|[spread] p2a,p2b\n|-resisted|p2a: Garganacl\n|-damage|p2a: Garganacl|56\/100\n|-damage|p2b: Iron Hands|70\/100\n|-unboost|p2a: Garganacl|spe|1\n|move|p2b: Iron Hands|Ice Punch|p1a: Regidrago\n|-supereffective|p1a: Regidrago\n|-damage|p1a: Regidrago|13\/100\n|move|p2a: Garganacl|Salt Cure|p1b: Tornadus\n|-supereffective|p1b: Tornadus\n|-damage|p1b: Tornadus|68\/100\n|\n|-heal|p2a: Garganacl|61\/100|[from] item: Leftovers\n|upkeep\n|turn|3\n|\n|t:|1699653230\n|switch|p1b: Rillaboom|Rillaboom, L50, F|100\/100\n|-fieldstart|move: Grassy Terrain|[from] ability: Grassy Surge|[of] p1b: Rillaboom\n|-end|p2b: Iron Hands|Quark Drive|[silent]\n|switch|p2b: Sinistcha|Sinistcha, L50|100\/100\n|-heal|p2a: Garganacl|86\/100|[from] ability: Hospitality|[of] p2b: Sinistcha\n|move|p1a: Regidrago|Protect|p1a: Regidrago\n|-singleturn|p1a: Regidrago|Protect\n|move|p2a: Garganacl|Wide Guard||[still]\n|-fail|p2a: Garganacl\n|\n|-heal|p1a: Regidrago|19\/100|[from] Grassy Terrain\n|-heal|p2a: Garganacl|92\/100|[from] Grassy Terrain\n|-heal|p2a: Garganacl|98\/100|[from] item: Leftovers\n|upkeep\n|turn|4\n|\n|t:|1699653248\n|move|p1b: Rillaboom|Fake Out|p2a: Garganacl\n|-resisted|p2a: Garganacl\n|-damage|p2a: Garganacl|93\/100\n|move|p1a: Regidrago|Rest|p1a: Regidrago\n|-status|p1a: Regidrago|slp|[from] move: Rest\n|-heal|p1a: Regidrago|100\/100 slp|[silent]\n|-enditem|p1a: Regidrago|Chesto Berry|[eat]\n|-curestatus|p1a: Regidrago|slp|[msg]\n|move|p2b: Sinistcha|Matcha Gotcha|p1b: Rillaboom|[spread] p1a,p1b\n|-resisted|p1a: Regidrago\n|-resisted|p1b: Rillaboom\n|-damage|p1a: Regidrago|84\/100\n|-damage|p1b: Rillaboom|90\/100\n|cant|p2a: Garganacl|flinch\n|\n|-heal|p1a: Regidrago|90\/100|[from] Grassy Terrain\n|-heal|p1b: Rillaboom|95\/100|[from] Grassy Terrain\n|-heal|p2a: Garganacl|99\/100|[from] Grassy Terrain\n|-heal|p2a: Garganacl|100\/100|[from] item: Leftovers\n|-sideend|p1: termies|move: Tailwind\n|upkeep\n|turn|5\n|\n|t:|1699653282\n|move|p1a: Regidrago|Earth Power|p2a: Garganacl\n|-supereffective|p2a: Garganacl\n|-damage|p2a: Garganacl|62\/100\n|move|p1b: Rillaboom|Wood Hammer|p2a: Garganacl\n|-supereffective|p2a: Garganacl\n|-damage|p2a: Garganacl|0 fnt\n|faint|p2a: Garganacl\n|-damage|p1b: Rillaboom|71\/100|[from] Recoil\n|move|p2b: Sinistcha|Life Dew||[still]\n|-fail|p2b: Sinistcha|heal\n|\n|-heal|p1a: Regidrago|96\/100|[from] Grassy Terrain\n|-heal|p1b: Rillaboom|77\/100|[from] Grassy Terrain\n|upkeep\n|\n|t:|1699653298\n|switch|p2a: Dragapult|Dragapult, L50, M|100\/100\n|turn|6\n|\n|t:|1699653307\n|switch|p1b: Sneasler|Sneasler, L50, F|100\/100\n|-enditem|p1b: Sneasler|Grassy Seed\n|-boost|p1b: Sneasler|def|1|[from] item: Grassy Seed\n|move|p1a: Regidrago|Protect|p1a: Regidrago\n|-singleturn|p1a: Regidrago|Protect\n|move|p2b: Sinistcha|Rage Powder|p2b: Sinistcha\n|-singleturn|p2b: Sinistcha|move: Rage Powder\n|move|p2a: Dragapult|Dragon Darts|p1b: Sneasler\n|-damage|p1b: Sneasler|69\/100\n|-anim|p2a: Dragapult|Dragon Darts|p1b: Sneasler\n|-damage|p1b: Sneasler|40\/100\n|-damage|p2a: Dragapult|91\/100|[from] item: Life Orb\n|\n|-heal|p1b: Sneasler|45\/100|[from] Grassy Terrain\n|-heal|p2a: Dragapult|97\/100|[from] Grassy Terrain\n|-heal|p1a: Regidrago|100\/100|[from] Grassy Terrain\n|upkeep\n|turn|7\n|inactive|Battle timer is ON: inactive players will automatically lose when time's up. (requested by Melmetalica)\n|\n|t:|1699653367\n|switch|p2b: Iron Hands|Iron Hands, L50|70\/100\n|-terastallize|p1b: Sneasler|Flying\n|move|p1b: Sneasler|Acrobatics|p2b: Iron Hands\n|-damage|p2b: Iron Hands|31\/100\n|move|p2a: Dragapult|Phantom Force||[still]\n|-prepare|p2a: Dragapult|Phantom Force\n|move|p1a: Regidrago|Dragon Energy|p2a: Dragapult|[spread] p2b\n|-miss|p1a: Regidrago|p2a: Dragapult\n|-damage|p2b: Iron Hands|0 fnt\n|faint|p2b: Iron Hands\n|-end|p2b: Iron Hands|Quark Drive|[silent]\n|\n|-fieldend|move: Grassy Terrain\n|upkeep\n|\n|t:|1699653380\n|switch|p2b: Sinistcha|Sinistcha, L50|100\/100\n|-heal|p2a: Dragapult|100\/100|[from] ability: Hospitality|[of] p2b: Sinistcha\n|turn|8\n|inactive|termies has 30 seconds left.\n|\n|t:|1699653407\n|-terastallize|p2b: Sinistcha|Water\n|move|p1b: Sneasler|Acrobatics|p2b: Sinistcha\n|-damage|p2b: Sinistcha|56\/100\n|-damage|p1b: Sneasler|29\/100|[from] item: Rocky Helmet|[of] p2b: Sinistcha\n|move|p2a: Dragapult|Phantom Force|p1b: Sneasler|[from]lockedmove\n|-damage|p1b: Sneasler|0 fnt\n|faint|p1b: Sneasler\n|-damage|p2a: Dragapult|91\/100|[from] item: Life Orb\n|move|p1a: Regidrago|Dragon Energy|p2a: Dragapult|[spread] p2a,p2b\n|-supereffective|p2a: Dragapult\n|-damage|p2a: Dragapult|0 fnt\n|-damage|p2b: Sinistcha|0 fnt\n|faint|p2a: Dragapult\n|faint|p2b: Sinistcha\n|\n|win|termies\n|raw|termies's rating: 1276 &rarr; <strong>1295<\/strong><br \/>(+19 for winning)\n|raw|Melmetalica's rating: 1188 &rarr; <strong>1169<\/strong><br \/>(-19 for losing)\n|l|\u2606Melmetalica\n","uploadtime":1699653592,"views":14,"p1id":"termies","p2id":"melmetalica","formatid":"gen9vgc2023regulatione","rating":1169,"private":0,"password":""}