{"id":"gen9vgc2023regulatione-1994880048","p1":"AbsRam","p2":"Heaven64","format":"[Gen 9] VGC 2023 Regulation E","log":"|j|\u2606AbsRam\n|j|\u2606Heaven64\n|t:|1700501178\n|gametype|doubles\n|player|p1|AbsRam|2|1362\n|player|p2|Heaven64|hilda-wonderlauncher|1326\n|teamsize|p1|6\n|teamsize|p2|6\n|gen|9\n|tier|[Gen 9] VGC 2023 Regulation E\n|rated|\n|rule|Species Clause: Limit one of each Pok\u00e9mon\n|rule|Item Clause: Limit one of each item\n|clearpoke\n|poke|p1|Grimmsnarl, L50, M|\n|poke|p1|Iron Bundle, L50|\n|poke|p1|Abomasnow, L50, M|\n|poke|p1|Ursaluna, L50, F|\n|poke|p1|Cresselia, L50, F|\n|poke|p1|Arcanine-Hisui, L50, F|\n|poke|p2|Kommo-o, L50, M|\n|poke|p2|Indeedee-F, L50, F|\n|poke|p2|Armarouge, L50, M|\n|poke|p2|Iron Hands, L50|\n|poke|p2|Landorus-Therian, L50, M|\n|poke|p2|Flutter Mane, L50|\n|teampreview|4\n|inactive|Battle timer is ON: inactive players will automatically lose when time's up. (requested by AbsRam)\n|inactive|Heaven64 has 60 seconds left.\n|inactive|Heaven64 has 30 seconds left.\n|inactive|Heaven64 has 20 seconds left.\n|\n|t:|1700501255\n|start\n|switch|p1a: Iron Bundle|Iron Bundle, L50|100\/100\n|switch|p1b: Arcanine|Arcanine-Hisui, L50, F|100\/100\n|switch|p2a: Tomahawk|Indeedee-F, L50, F|100\/100\n|switch|p2b: Bardiche|Armarouge, L50, M|100\/100\n|-ability|p1b: Arcanine|Intimidate|boost\n|-unboost|p2a: Tomahawk|atk|1\n|-unboost|p2b: Bardiche|atk|1\n|-fieldstart|move: Psychic Terrain|[from] ability: Psychic Surge|[of] p2a: Tomahawk\n|-enditem|p1a: Iron Bundle|Booster Energy\n|-activate|p1a: Iron Bundle|ability: Quark Drive|[fromitem]\n|-start|p1a: Iron Bundle|quarkdrivespe\n|turn|1\n|inactive|Heaven64 has 30 seconds left.\n|\n|t:|1700501284\n|switch|p1b: Abomasnow|Abomasnow, L50, M, shiny|100\/100\n|-weather|Snow|[from] ability: Snow Warning|[of] p1b: Abomasnow\n|-terastallize|p2b: Bardiche|Fighting\n|move|p2a: Tomahawk|Follow Me|p2a: Tomahawk\n|-singleturn|p2a: Tomahawk|move: Follow Me\n|move|p1a: Iron Bundle|Aurora Veil|p1a: Iron Bundle\n|-sidestart|p1: AbsRam|move: Aurora Veil\n|move|p2b: Bardiche|Expanding Force|p1a: Iron Bundle|[spread] p1a,p1b\n|-damage|p1a: Iron Bundle|0 fnt\n|-damage|p1b: Abomasnow|58\/100\n|faint|p1a: Iron Bundle\n|-end|p1a: Iron Bundle|Quark Drive|[silent]\n|-damage|p2b: Bardiche|91\/100|[from] item: Life Orb\n|\n|-weather|Snow|[upkeep]\n|upkeep\n|\n|t:|1700501302\n|switch|p1a: Arcanine|Arcanine-Hisui, L50, F|100\/100\n|-ability|p1a: Arcanine|Intimidate|boost\n|-unboost|p2a: Tomahawk|atk|1\n|-unboost|p2b: Bardiche|atk|1\n|turn|2\n|inactive|Heaven64 has 30 seconds left.\n|\n|t:|1700501329\n|move|p1a: Arcanine|Psychic Fangs|p2b: Bardiche\n|-supereffective|p2b: Bardiche\n|-damage|p2b: Bardiche|22\/100\n|move|p2a: Tomahawk|Psychic|p1a: Arcanine\n|-damage|p1a: Arcanine|69\/100\n|move|p2b: Bardiche|Expanding Force|p1a: Arcanine|[spread] p1a,p1b\n|-damage|p1a: Arcanine|4\/100\n|-damage|p1b: Abomasnow|20\/100\n|-damage|p2b: Bardiche|12\/100|[from] item: Life Orb\n|move|p1b: Abomasnow|Blizzard|p2b: Bardiche|[spread] p2a,p2b\n|-damage|p2a: Tomahawk|63\/100\n|-damage|p2b: Bardiche|0 fnt\n|faint|p2b: Bardiche\n|\n|-weather|Snow|[upkeep]\n|upkeep\n|\n|t:|1700501344\n|switch|p2b: Rapier|Flutter Mane, L50|100\/100\n|-enditem|p2b: Rapier|Booster Energy\n|-activate|p2b: Rapier|ability: Protosynthesis|[fromitem]\n|-start|p2b: Rapier|protosynthesisspe\n|turn|3\n|\n|t:|1700501362\n|move|p2b: Rapier|Moonblast|p1a: Arcanine\n|-resisted|p1a: Arcanine\n|-damage|p1a: Arcanine|0 fnt\n|faint|p1a: Arcanine\n|move|p2a: Tomahawk|Psychic|p1b: Abomasnow\n|-damage|p1b: Abomasnow|3\/100\n|move|p1b: Abomasnow|Blizzard|p2a: Tomahawk|[spread] p2a,p2b\n|-damage|p2a: Tomahawk|26\/100\n|-damage|p2b: Rapier|64\/100\n|-status|p2b: Rapier|frz\n|-enditem|p2a: Tomahawk|Sitrus Berry|[eat]\n|-heal|p2a: Tomahawk|51\/100|[from] item: Sitrus Berry\n|\n|-weather|Snow|[upkeep]\n|upkeep\n|\n|t:|1700501376\n|switch|p1a: Grimmsnarl|Grimmsnarl, L50, M, shiny|100\/100\n|turn|4\n|\n|t:|1700501383\n|move|p2a: Tomahawk|Follow Me|p2a: Tomahawk\n|-singleturn|p2a: Tomahawk|move: Follow Me\n|cant|p2b: Rapier|frz\n|move|p1b: Abomasnow|Blizzard|p2a: Tomahawk|[spread] p2a,p2b\n|-damage|p2a: Tomahawk|17\/100\n|-damage|p2b: Rapier|31\/100 frz\n|move|p1a: Grimmsnarl|Spirit Break|p2a: Tomahawk\n|-damage|p2a: Tomahawk|0 fnt\n|faint|p2a: Tomahawk\n|\n|-weather|Snow|[upkeep]\n|upkeep\n|\n|t:|1700501387\n|switch|p2a: Morgenstern|Iron Hands, L50|100\/100\n|turn|5\n|\n|t:|1700501405\n|-curestatus|p2b: Rapier|frz|[msg]\n|move|p2b: Rapier|Protect|p2b: Rapier\n|-singleturn|p2b: Rapier|Protect\n|move|p2a: Morgenstern|Fake Out|p1b: Abomasnow\n|-activate|p1b: Abomasnow|move: Psychic Terrain\n|move|p1b: Abomasnow|Blizzard|p2b: Rapier|[spread] p2a\n|-activate|p2b: Rapier|move: Protect\n|-damage|p2a: Morgenstern|77\/100\n|move|p1a: Grimmsnarl|Spirit Break|p2a: Morgenstern\n|-supereffective|p2a: Morgenstern\n|-damage|p2a: Morgenstern|17\/100\n|-unboost|p2a: Morgenstern|spa|1\n|\n|-weather|none\n|-sideend|p1: AbsRam|move: Aurora Veil\n|-fieldend|move: Psychic Terrain\n|upkeep\n|turn|6\n|\n|t:|1700501427\n|move|p1a: Grimmsnarl|Sucker Punch|p2b: Rapier\n|-damage|p2b: Rapier|0 fnt\n|faint|p2b: Rapier\n|-end|p2b: Rapier|Protosynthesis|[silent]\n|move|p1b: Abomasnow|Earth Power|p2a: Morgenstern\n|-supereffective|p2a: Morgenstern\n|-damage|p2a: Morgenstern|0 fnt\n|faint|p2a: Morgenstern\n|-end|p2a: Morgenstern|Quark Drive|[silent]\n|\n|win|AbsRam\n|raw|AbsRam's rating: 1362 &rarr; <strong>1380<\/strong><br \/>(+18 for winning)\n|raw|Heaven64's rating: 1326 &rarr; <strong>1308<\/strong><br \/>(-18 for losing)\n|l|\u2606Heaven64\n","uploadtime":1700501559,"views":3,"p1id":"absram","p2id":"heaven64","formatid":"gen9vgc2023regulatione","rating":1308,"private":0,"password":""}