{"id":"gen9vgc2023regulatione-1988889310","p1":"Fairynanbawan","p2":"Ultimate_Eclipsee","format":"[Gen 9] VGC 2023 Regulation E","log":"|j|\u2606Fairynanbawan\n|j|\u2606Ultimate_Eclipsee\n|t:|1699781844\n|gametype|doubles\n|player|p1|Fairynanbawan|265|1429\n|player|p2|Ultimate_Eclipsee|266|1383\n|teamsize|p1|6\n|teamsize|p2|6\n|gen|9\n|tier|[Gen 9] VGC 2023 Regulation E\n|rated|\n|rule|Species Clause: Limit one of each Pok\u00e9mon\n|rule|Item Clause: Limit one of each item\n|clearpoke\n|poke|p1|Furret, L50, F|\n|poke|p1|Gallade, L50, M|\n|poke|p1|Iron Jugulis, L50|\n|poke|p1|Rillaboom, L50, F|\n|poke|p1|Arcanine-Hisui, L50, F|\n|poke|p1|Empoleon, L50, F|\n|poke|p2|Armarouge, L50, M|\n|poke|p2|Torkoal, L50, M|\n|poke|p2|Flutter Mane, L50|\n|poke|p2|Indeedee-F, L50, F|\n|poke|p2|Urshifu-*, L50, F|\n|poke|p2|Chandelure, L50, F|\n|teampreview|4\n|\n|t:|1699781854\n|start\n|switch|p1a: Mulan|Arcanine-Hisui, L50, F, shiny|100\/100\n|switch|p1b: Maleficent|Iron Jugulis, L50, shiny|100\/100\n|switch|p2a: Indeedee|Indeedee-F, L50, F|100\/100\n|switch|p2b: Flutter Mane|Flutter Mane, L50|100\/100\n|-ability|p1a: Mulan|Intimidate|boost\n|-unboost|p2a: Indeedee|atk|1\n|-unboost|p2b: Flutter Mane|atk|1\n|-fieldstart|move: Psychic Terrain|[from] ability: Psychic Surge|[of] p2a: Indeedee\n|-enditem|p2a: Indeedee|Psychic Seed\n|-boost|p2a: Indeedee|spd|1|[from] item: Psychic Seed\n|-enditem|p1b: Maleficent|Booster Energy\n|-activate|p1b: Maleficent|ability: Quark Drive|[fromitem]\n|-start|p1b: Maleficent|quarkdrivespe\n|turn|1\n|\n|t:|1699781889\n|-terastallize|p2a: Indeedee|Fairy\n|move|p1b: Maleficent|Protect|p1b: Maleficent\n|-singleturn|p1b: Maleficent|Protect\n|move|p2b: Flutter Mane|Dazzling Gleam|p1a: Mulan|[spread] p1a\n|-activate|p1b: Maleficent|move: Protect\n|-resisted|p1a: Mulan\n|-damage|p1a: Mulan|75\/100\n|move|p1a: Mulan|Flare Blitz|p2b: Flutter Mane\n|-damage|p2b: Flutter Mane|0 fnt\n|faint|p2b: Flutter Mane\n|-end|p2b: Flutter Mane|Protosynthesis|[silent]\n|-damage|p1a: Mulan|53\/100|[from] Recoil\n|move|p2a: Indeedee|Trick Room|p2a: Indeedee\n|-fieldstart|move: Trick Room|[of] p2a: Indeedee\n|\n|upkeep\n|\n|t:|1699781906\n|switch|p2b: Armarouge|Armarouge, L50, M|100\/100\n|turn|2\n|\n|t:|1699781914\n|-end|p1b: Maleficent|Quark Drive|[silent]\n|switch|p1b: Merida|Rillaboom, L50, F, shiny|100\/100\n|-fieldstart|move: Grassy Terrain|[from] ability: Grassy Surge|[of] p1b: Merida\n|move|p2a: Indeedee|Follow Me|p2a: Indeedee\n|-singleturn|p2a: Indeedee|move: Follow Me\n|move|p2b: Armarouge|Expanding Force|p1a: Mulan\n|-damage|p1a: Mulan|0 fnt\n|faint|p1a: Mulan\n|\n|upkeep\n|\n|t:|1699781923\n|switch|p1a: Ariel|Empoleon, L50, F, shiny|100\/100\n|turn|3\n|\n|t:|1699781949\n|move|p2b: Armarouge|Protect|p2b: Armarouge\n|-singleturn|p2b: Armarouge|Protect\n|move|p1b: Merida|Fake Out|p2b: Armarouge\n|-activate|p2b: Armarouge|move: Protect\n|move|p2a: Indeedee|Follow Me|p2a: Indeedee\n|-singleturn|p2a: Indeedee|move: Follow Me\n|move|p1a: Ariel|Flash Cannon|p2a: Indeedee\n|-supereffective|p2a: Indeedee\n|-damage|p2a: Indeedee|53\/100\n|\n|-heal|p2a: Indeedee|59\/100|[from] Grassy Terrain\n|upkeep\n|turn|4\n|\n|t:|1699781988\n|-terastallize|p1b: Merida|Fire\n|move|p2a: Indeedee|Follow Me|p2a: Indeedee\n|-singleturn|p2a: Indeedee|move: Follow Me\n|move|p1a: Ariel|Flash Cannon|p2a: Indeedee\n|-supereffective|p2a: Indeedee\n|-damage|p2a: Indeedee|15\/100\n|move|p2b: Armarouge|Armor Cannon|p1b: Merida\n|-resisted|p1b: Merida\n|-damage|p1b: Merida|63\/100\n|-unboost|p2b: Armarouge|def|1\n|-unboost|p2b: Armarouge|spd|1\n|move|p1b: Merida|Taunt|p2a: Indeedee\n|-start|p2a: Indeedee|move: Taunt\n|\n|-heal|p2a: Indeedee|21\/100|[from] Grassy Terrain\n|-heal|p1b: Merida|69\/100|[from] Grassy Terrain\n|upkeep\n|turn|5\n|\n|t:|1699782008\n|move|p1a: Ariel|Water Pledge|p2b: Armarouge\n|-supereffective|p2b: Armarouge\n|-damage|p2b: Armarouge|0 fnt\n|faint|p2b: Armarouge\n|move|p2a: Indeedee|Psychic|p1b: Merida\n|-damage|p1b: Merida|35\/100\n|move|p1b: Merida|Wood Hammer|p2a: Indeedee\n|-damage|p2a: Indeedee|0 fnt\n|faint|p2a: Indeedee\n|-damage|p1b: Merida|29\/100|[from] Recoil\n|\n|-heal|p1b: Merida|35\/100|[from] Grassy Terrain\n|-fieldend|move: Trick Room\n|upkeep\n|\n|t:|1699782012\n|switch|p2a: Urshifu|Urshifu, L50, F|100\/100\n|turn|6\n|\n|t:|1699782030\n|move|p2a: Urshifu|Sucker Punch|p1b: Merida\n|-damage|p1b: Merida|0 fnt\n|faint|p1b: Merida\n|move|p1a: Ariel|Flash Cannon|p2a: Urshifu\n|-damage|p2a: Urshifu|59\/100\n|\n|-heal|p2a: Urshifu|66\/100|[from] Grassy Terrain\n|-fieldend|move: Grassy Terrain\n|upkeep\n|\n|t:|1699782036\n|switch|p1b: Maleficent|Iron Jugulis, L50, shiny|100\/100\n|turn|7\n|\n|t:|1699782046\n|move|p1b: Maleficent|Air Slash|p2a: Urshifu\n|-supereffective|p2a: Urshifu\n|-damage|p2a: Urshifu|0 fnt\n|faint|p2a: Urshifu\n|\n|win|Fairynanbawan\n|raw|Fairynanbawan's rating: 1429 &rarr; <strong>1446<\/strong><br \/>(+17 for winning)\n|raw|Ultimate_Eclipsee's rating: 1383 &rarr; <strong>1366<\/strong><br \/>(-17 for losing)\n|l|\u2606Ultimate_Eclipsee\n","uploadtime":1699782063,"views":18,"p1id":"fairynanbawan","p2id":"ultimateeclipsee","formatid":"gen9vgc2023regulatione","rating":1366,"private":0,"password":""}