{"id":"gen9vgc2023regulatione-1993031785","p1":"Ozwald McFly","p2":"okay dere bud","format":"[Gen 9] VGC 2023 Regulation E","log":"|j|\u2606Ozwald McFly\n|j|\u2606okay dere bud\n|t:|1700257318\n|gametype|doubles\n|player|p1|Ozwald McFly|2|1386\n|player|p2|okay dere bud|1|1343\n|teamsize|p1|6\n|teamsize|p2|6\n|gen|9\n|tier|[Gen 9] VGC 2023 Regulation E\n|rated|\n|rule|Species Clause: Limit one of each Pok\u00e9mon\n|rule|Item Clause: Limit one of each item\n|clearpoke\n|poke|p1|Noctowl, L50, F|\n|poke|p1|Sandy Shocks, L50|\n|poke|p1|Espeon, L50, F|\n|poke|p1|Indeedee-F, L50, F|\n|poke|p1|Iron Hands, L50|\n|poke|p1|Decidueye-Hisui, L50, M|\n|poke|p2|Oranguru, L50, F|\n|poke|p2|Indeedee-F, L50, F|\n|poke|p2|Torkoal, L50, F|\n|poke|p2|Glastrier, L50|\n|poke|p2|Ursaluna-Bloodmoon, L50, M|\n|poke|p2|Great Tusk, L50|\n|teampreview|4\n|inactive|Battle timer is ON: inactive players will automatically lose when time's up. (requested by okay dere bud)\n|inactive|Ozwald McFly has 60 seconds left.\n|\n|t:|1700257355\n|start\n|switch|p1a: Sandy Shocks|Sandy Shocks, L50|100\/100\n|switch|p1b: Noctowl|Noctowl, L50, F|100\/100\n|switch|p2a: Oranguru|Oranguru, L50, F, shiny|100\/100\n|switch|p2b: Indeedee|Indeedee-F, L50, F|100\/100\n|-fieldstart|move: Psychic Terrain|[from] ability: Psychic Surge|[of] p2b: Indeedee\n|-enditem|p1a: Sandy Shocks|Booster Energy\n|-activate|p1a: Sandy Shocks|ability: Protosynthesis|[fromitem]\n|-start|p1a: Sandy Shocks|protosynthesisspe\n|turn|1\n|inactive|Ozwald McFly has 30 seconds left.\n|\n|t:|1700257381\n|move|p2b: Indeedee|Follow Me|p2b: Indeedee\n|-singleturn|p2b: Indeedee|move: Follow Me\n|move|p1a: Sandy Shocks|Gravity|p1a: Sandy Shocks\n|-fieldstart|move: Gravity\n|move|p1b: Noctowl|Hypnosis|p2b: Indeedee\n|-status|p2b: Indeedee|slp|[from] move: Hypnosis\n|move|p2a: Oranguru|Trick Room|p2a: Oranguru\n|-fieldstart|move: Trick Room|[of] p2a: Oranguru\n|\n|upkeep\n|turn|2\n|\n|t:|1700257402\n|cant|p2b: Indeedee|slp\n|move|p2a: Oranguru|Yawn|p1b: Noctowl\n|-start|p1b: Noctowl|move: Yawn|[of] p2a: Oranguru\n|move|p1b: Noctowl|Hypnosis|p2a: Oranguru\n|-status|p2a: Oranguru|slp|[from] move: Hypnosis\n|move|p1a: Sandy Shocks|Earth Power|p2b: Indeedee\n|-damage|p2b: Indeedee|58\/100 slp\n|-unboost|p2b: Indeedee|spd|1\n|\n|upkeep\n|turn|3\n|inactive|Ozwald McFly has 30 seconds left.\n|\n|t:|1700257429\n|switch|p1b: Iron Hands|Iron Hands, L50|100\/100\n|-curestatus|p2b: Indeedee|slp|[msg]\n|move|p2b: Indeedee|Follow Me|p2b: Indeedee\n|-singleturn|p2b: Indeedee|move: Follow Me\n|cant|p2a: Oranguru|slp\n|move|p1a: Sandy Shocks|Earth Power|p2b: Indeedee\n|-damage|p2b: Indeedee|0 fnt\n|faint|p2b: Indeedee\n|\n|upkeep\n|\n|t:|1700257442\n|switch|p2b: Glastrier|Glastrier, L50|100\/100\n|turn|4\n|\n|t:|1700257451\n|move|p1a: Sandy Shocks|Protect|p1a: Sandy Shocks\n|-singleturn|p1a: Sandy Shocks|Protect\n|move|p2b: Glastrier|High Horsepower|p1a: Sandy Shocks\n|-activate|p1a: Sandy Shocks|move: Protect\n|move|p1b: Iron Hands|Drain Punch|p2b: Glastrier\n|-supereffective|p2b: Glastrier\n|-damage|p2b: Glastrier|23\/100\n|cant|p2a: Oranguru|slp\n|\n|upkeep\n|turn|5\n|\n|t:|1700257475\n|-end|p1a: Sandy Shocks|Protosynthesis|[silent]\n|switch|p1a: Decidueye|Decidueye-Hisui, L50, M, shiny|100\/100\n|move|p2b: Glastrier|High Horsepower|p1a: Decidueye\n|-resisted|p1a: Decidueye\n|-damage|p1a: Decidueye|72\/100\n|-damage|p2b: Glastrier|14\/100|[from] item: Life Orb\n|move|p1b: Iron Hands|Drain Punch|p2b: Glastrier\n|-supereffective|p2b: Glastrier\n|-damage|p2b: Glastrier|0 fnt\n|faint|p2b: Glastrier\n|cant|p2a: Oranguru|slp\n|\n|-fieldend|move: Trick Room\n|-fieldend|move: Gravity\n|-fieldend|move: Psychic Terrain\n|upkeep\n|\n|t:|1700257486\n|switch|p2b: Torkoal|Torkoal, L50, F|100\/100\n|-weather|SunnyDay|[from] ability: Drought|[of] p2b: Torkoal\n|turn|6\n|\n|t:|1700257504\n|-terastallize|p2b: Torkoal|Fire\n|move|p1a: Decidueye|Protect|p1a: Decidueye\n|-singleturn|p1a: Decidueye|Protect\n|move|p1b: Iron Hands|Earthquake|p2a: Oranguru|[spread] p2a,p2b\n|-activate|p1a: Decidueye|move: Protect\n|-supereffective|p2b: Torkoal\n|-damage|p2a: Oranguru|78\/100 slp\n|-damage|p2b: Torkoal|48\/100\n|move|p2b: Torkoal|Heat Wave|p1a: Decidueye|[spread] p1b\n|-activate|p1a: Decidueye|move: Protect\n|-damage|p1b: Iron Hands|54\/100\n|-curestatus|p2a: Oranguru|slp|[msg]\n|move|p2a: Oranguru|Trick Room|p2a: Oranguru\n|-fieldstart|move: Trick Room|[of] p2a: Oranguru\n|\n|-weather|SunnyDay|[upkeep]\n|upkeep\n|turn|7\n|inactive|Ozwald McFly has 30 seconds left.\n|inactive|okay dere bud has 30 seconds left.\n|\n|t:|1700257535\n|-terastallize|p1a: Decidueye|Fighting\n|move|p2b: Torkoal|Heat Wave|p1b: Iron Hands|[spread] p1a,p1b\n|-damage|p1a: Decidueye|0 fnt\n|-damage|p1b: Iron Hands|3\/100\n|faint|p1a: Decidueye\n|move|p1b: Iron Hands|Earthquake|p2a: Oranguru|[spread] p2a,p2b\n|-supereffective|p2b: Torkoal\n|-damage|p2a: Oranguru|57\/100\n|-damage|p2b: Torkoal|0 fnt\n|faint|p2b: Torkoal\n|move|p2a: Oranguru|Instruct|p2: Torkoal|[notarget]\n|-fail|p2a: Oranguru\n|\n|-weather|SunnyDay|[upkeep]\n|upkeep\n|\n|t:|1700257554\n|switch|p1a: Sandy Shocks|Sandy Shocks, L50|100\/100\n|-activate|p1a: Sandy Shocks|ability: Protosynthesis\n|-start|p1a: Sandy Shocks|protosynthesisspe\n|turn|8\n|-message|okay dere bud forfeited.\n|\n|win|Ozwald McFly\n|raw|Ozwald McFly's rating: 1386 &rarr; <strong>1404<\/strong><br \/>(+18 for winning)\n|raw|okay dere bud's rating: 1343 &rarr; <strong>1325<\/strong><br \/>(-18 for losing)\n|l|\u2606okay dere bud\n","uploadtime":1700257570,"views":14,"p1id":"ozwaldmcfly","p2id":"okayderebud","formatid":"gen9vgc2023regulatione","rating":1325,"private":0,"password":""}