{"id":"gen9vgc2023regulatione-2000438621","p1":"Lordry222","p2":"Dr.andrax","format":"[Gen 9] VGC 2023 Regulation E","log":"|j|\u2606Lordry222\n|j|\u2606Dr.andrax\n|t:|1701194853\n|gametype|doubles\n|player|p1|Lordry222|steven|1325\n|player|p2|Dr.andrax|2|1345\n|teamsize|p1|6\n|teamsize|p2|6\n|gen|9\n|tier|[Gen 9] VGC 2023 Regulation E\n|rated|\n|rule|Species Clause: Limit one of each Pok\u00e9mon\n|rule|Item Clause: Limit one of each item\n|clearpoke\n|poke|p1|Arcanine-Hisui, L50, F|\n|poke|p1|Flutter Mane, L50|\n|poke|p1|Tornadus, L50, M|\n|poke|p1|Gholdengo, L50|\n|poke|p1|Rillaboom, L50, M|\n|poke|p1|Urshifu-*, L50, M|\n|poke|p2|Cresselia, L50, F|\n|poke|p2|Torkoal, L50, F|\n|poke|p2|Iron Hands, L50|\n|poke|p2|Chien-Pao, L50|\n|poke|p2|Gastrodon, L50, F|\n|poke|p2|Garganacl, L50, F|\n|teampreview|4\nDr.andrax has agreed to open team sheets.\n|inactive|Battle timer is ON: inactive players will automatically lose when time's up. (requested by Dr.andrax)\n|\n|t:|1701194901\n|start\n|switch|p1a: Gholdengo|Gholdengo, L50|100\/100\n|switch|p1b: Rillaboom|Rillaboom, L50, M|100\/100\n|switch|p2a: Iron Hands|Iron Hands, L50|100\/100\n|switch|p2b: Garganacl|Garganacl, L50, F, shiny|100\/100\n|-fieldstart|move: Grassy Terrain|[from] ability: Grassy Surge|[of] p1b: Rillaboom\n|turn|1\n|\n|t:|1701194925\n|-terastallize|p2b: Garganacl|Ghost\n|move|p1b: Rillaboom|Fake Out|p2a: Iron Hands\n|-damage|p2a: Iron Hands|91\/100\n|move|p1a: Gholdengo|Make It Rain|p2b: Garganacl|[spread] p2a,p2b\n|-resisted|p2a: Iron Hands\n|-damage|p2a: Iron Hands|72\/100\n|-damage|p2b: Garganacl|36\/100\n|-unboost|p1a: Gholdengo|spa|1\n|cant|p2a: Iron Hands|flinch\n|move|p2b: Garganacl|Salt Cure|p1a: Gholdengo\n|-resisted|p1a: Gholdengo\n|-damage|p1a: Gholdengo|94\/100\n|-start|p1a: Gholdengo|Salt Cure\n|\n|-heal|p1a: Gholdengo|99\/100|[from] Grassy Terrain\n|-heal|p2a: Iron Hands|78\/100|[from] Grassy Terrain\n|-heal|p2b: Garganacl|42\/100|[from] Grassy Terrain\n|-damage|p1a: Gholdengo|75\/100|[from] Salt Cure\n|upkeep\n|turn|2\n|inactive|Lordry222 has 30 seconds left.\n|inactive|Dr.andrax has 30 seconds left.\n|\n|t:|1701194953\n|switch|p1a: Flutter Mane|Flutter Mane, L50|100\/100\n|-enditem|p1a: Flutter Mane|Booster Energy\n|-activate|p1a: Flutter Mane|ability: Protosynthesis|[fromitem]\n|-start|p1a: Flutter Mane|protosynthesisspa\n|move|p2b: Garganacl|Wide Guard|p2b: Garganacl\n|-singleturn|p2b: Garganacl|Wide Guard\n|move|p1b: Rillaboom|Wood Hammer|p2b: Garganacl\n|-damage|p2b: Garganacl|4\/100\n|-damage|p1b: Rillaboom|84\/100|[from] item: Rocky Helmet|[of] p2b: Garganacl\n|-damage|p1b: Rillaboom|69\/100|[from] Recoil\n|move|p2a: Iron Hands|Drain Punch|p1b: Rillaboom\n|-damage|p1b: Rillaboom|21\/100\n|-heal|p2a: Iron Hands|94\/100|[from] drain|[of] p1b: Rillaboom\n|\n|-heal|p1b: Rillaboom|27\/100|[from] Grassy Terrain\n|-heal|p2a: Iron Hands|100\/100|[from] Grassy Terrain\n|-heal|p2b: Garganacl|10\/100|[from] Grassy Terrain\n|upkeep\n|turn|3\n|\n|t:|1701194978\n|switch|p2b: Cresselia|Cresselia, L50, F|100\/100\n|-terastallize|p1a: Flutter Mane|Fairy\n|move|p1a: Flutter Mane|Moonblast|p2a: Iron Hands\n|-supereffective|p2a: Iron Hands\n|-damage|p2a: Iron Hands|2\/100\n|-unboost|p2a: Iron Hands|spa|1\n|move|p1b: Rillaboom|Wood Hammer|p2b: Cresselia\n|-damage|p2b: Cresselia|56\/100\n|-damage|p1b: Rillaboom|8\/100|[from] Recoil\n|move|p2a: Iron Hands|Heavy Slam|p1a: Flutter Mane\n|-supereffective|p1a: Flutter Mane\n|-damage|p1a: Flutter Mane|0 fnt\n|faint|p1a: Flutter Mane\n|-end|p1a: Flutter Mane|Protosynthesis|[silent]\n|\n|-heal|p1b: Rillaboom|14\/100|[from] Grassy Terrain\n|-heal|p2a: Iron Hands|9\/100|[from] Grassy Terrain\n|upkeep\n|\n|t:|1701194992\n|switch|p1a: Gholdengo|Gholdengo, L50|75\/100\n|turn|4\n|\n|t:|1701195010\n|move|p2b: Cresselia|Protect|p2b: Cresselia\n|-singleturn|p2b: Cresselia|Protect\n|move|p1a: Gholdengo|Make It Rain|p2a: Iron Hands|[spread] p2a\n|-activate|p2b: Cresselia|move: Protect\n|-resisted|p2a: Iron Hands\n|-damage|p2a: Iron Hands|0 fnt\n|-unboost|p1a: Gholdengo|spa|1\n|faint|p2a: Iron Hands\n|-end|p2a: Iron Hands|Quark Drive|[silent]\n|move|p1b: Rillaboom|U-turn|p2b: Cresselia\n|-activate|p2b: Cresselia|move: Protect\n|\n|-heal|p1a: Gholdengo|81\/100|[from] Grassy Terrain\n|-heal|p1b: Rillaboom|19\/100|[from] Grassy Terrain\n|upkeep\n|\n|t:|1701195015\n|switch|p2a: Garganacl|Garganacl, L50, F, shiny, tera:Ghost|10\/100\n|turn|5\n|\n|t:|1701195026\n|switch|p1a: Urshifu|Urshifu-Rapid-Strike, L50, M|100\/100\n|move|p2a: Garganacl|Wide Guard|p2a: Garganacl\n|-singleturn|p2a: Garganacl|Wide Guard\n|move|p1b: Rillaboom|U-turn|p2b: Cresselia\n|-supereffective|p2b: Cresselia\n|-damage|p2b: Cresselia|28\/100\n|\n|t:|1701195034\n|switch|p1b: Gholdengo|Gholdengo, L50|81\/100|[from] U-turn\n|move|p2b: Cresselia|Trick Room|p2b: Cresselia\n|-fieldstart|move: Trick Room|[of] p2b: Cresselia\n|\n|-heal|p2a: Garganacl|15\/100|[from] Grassy Terrain\n|-heal|p1b: Gholdengo|88\/100|[from] Grassy Terrain\n|-fieldend|move: Grassy Terrain\n|upkeep\n|turn|6\n|\n|t:|1701195049\n|move|p1a: Urshifu|Aqua Jet|p2a: Garganacl\n|-crit|p2a: Garganacl\n|-damage|p2a: Garganacl|0 fnt\n|-damage|p1a: Urshifu|84\/100|[from] item: Rocky Helmet|[of] p2a: Garganacl\n|faint|p2a: Garganacl\n|move|p2b: Cresselia|Psychic|p1a: Urshifu\n|-supereffective|p1a: Urshifu\n|-damage|p1a: Urshifu|3\/100\n|move|p1b: Gholdengo|Shadow Ball|p2b: Cresselia\n|-supereffective|p2b: Cresselia\n|-damage|p2b: Cresselia|0 fnt\n|faint|p2b: Cresselia\n|\n|upkeep\n|\n|t:|1701195057\n|switch|p2b: Torkoal|Torkoal, L50, F|100\/100\n|-weather|SunnyDay|[from] ability: Drought|[of] p2b: Torkoal\n|turn|7\n|\n|t:|1701195072\n|move|p1a: Urshifu|Aqua Jet|p2b: Torkoal\n|-supereffective|p2b: Torkoal\n|-damage|p2b: Torkoal|82\/100\n|move|p2b: Torkoal|Eruption|p1b: Gholdengo|[spread] p1a,p1b\n|-resisted|p1a: Urshifu\n|-supereffective|p1b: Gholdengo\n|-damage|p1a: Urshifu|0 fnt\n|-damage|p1b: Gholdengo|0 fnt\n|faint|p1a: Urshifu\n|faint|p1b: Gholdengo\n|\n|-weather|SunnyDay|[upkeep]\n|upkeep\n|\n|t:|1701195080\n|switch|p1b: Rillaboom|Rillaboom, L50, M|19\/100\n|-fieldstart|move: Grassy Terrain|[from] ability: Grassy Surge|[of] p1b: Rillaboom\n|turn|8\n|c|\u2606Dr.andrax|gg\n|\n|t:|1701195087\n|move|p1b: Rillaboom|Fake Out|p2b: Torkoal\n|-damage|p2b: Torkoal|73\/100\n|cant|p2b: Torkoal|flinch\n|\n|-weather|SunnyDay|[upkeep]\n|-heal|p2b: Torkoal|79\/100|[from] Grassy Terrain\n|-heal|p1b: Rillaboom|25\/100|[from] Grassy Terrain\n|upkeep\n|turn|9\n|\n|t:|1701195092\n|move|p2b: Torkoal|Eruption|p1b: Rillaboom\n|-supereffective|p1b: Rillaboom\n|-damage|p1b: Rillaboom|0 fnt\n|faint|p1b: Rillaboom\n|\n|win|Dr.andrax\n|raw|Lordry222's rating: 1325 &rarr; <strong>1306<\/strong><br \/>(-19 for losing)\n|raw|Dr.andrax's rating: 1345 &rarr; <strong>1364<\/strong><br \/>(+19 for winning)\n|l|\u2606Lordry222\n","uploadtime":1701195099,"views":1,"p1id":"lordry222","p2id":"drandrax","formatid":"gen9vgc2023regulatione","rating":1306,"private":0,"password":""}