{"id":"gen9vgc2023regulatione-1990673549","p1":"project g1","p2":"willscharnagl","format":"[Gen 9] VGC 2023 Regulation E","log":"|j|\u2606project g1\n|j|\u2606willscharnagl\n|t:|1699990658\n|gametype|doubles\n|player|p1|project g1|backersf|1109\n|player|p2|willscharnagl|265|1030\n|teamsize|p1|6\n|teamsize|p2|6\n|gen|9\n|tier|[Gen 9] VGC 2023 Regulation E\n|rated|\n|rule|Species Clause: Limit one of each Pok\u00e9mon\n|rule|Item Clause: Limit one of each item\n|clearpoke\n|poke|p1|Tyranitar, L50, M|\n|poke|p1|Oranguru, L50, F|\n|poke|p1|Landorus, L50, M|\n|poke|p1|Lycanroc, L50, F|\n|poke|p1|Indeedee-F, L50, F|\n|poke|p1|Dondozo, L50, F|\n|poke|p2|Scyther, L50, F|\n|poke|p2|Shiftry, L50, F|\n|poke|p2|Gholdengo, L50|\n|poke|p2|Flutter Mane, L50|\n|poke|p2|Basculegion-F, L50, F|\n|poke|p2|Amoonguss, L50, F|\n|teampreview|4\n|\n|t:|1699990693\n|start\n|switch|p1a: Oranguru|Oranguru, L50, F|100\/100\n|switch|p1b: Indeedee|Indeedee-F, L50, F|100\/100\n|switch|p2a: Scyther|Scyther, L50, F|100\/100\n|switch|p2b: Gholdengo|Gholdengo, L50|100\/100\n|-fieldstart|move: Psychic Terrain|[from] ability: Psychic Surge|[of] p1b: Indeedee\n|turn|1\n|\n|t:|1699990714\n|move|p2a: Scyther|Protect|p2a: Scyther\n|-singleturn|p2a: Scyther|Protect\n|move|p1b: Indeedee|Follow Me|p1b: Indeedee\n|-singleturn|p1b: Indeedee|move: Follow Me\n|move|p2b: Gholdengo|Make It Rain|p1b: Indeedee|[spread] p1a,p1b\n|-damage|p1a: Oranguru|73\/100\n|-damage|p1b: Indeedee|66\/100\n|-unboost|p2b: Gholdengo|spa|1\n|move|p1a: Oranguru|Trick Room|p1a: Oranguru\n|-fieldstart|move: Trick Room|[of] p1a: Oranguru\n|\n|-heal|p1b: Indeedee|72\/100|[from] item: Leftovers\n|upkeep\n|turn|2\n|\n|t:|1699990738\n|move|p1a: Oranguru|Psyshock|p2a: Scyther\n|-damage|p2a: Scyther|58\/100\n|-damage|p1a: Oranguru|63\/100|[from] item: Life Orb\n|move|p2b: Gholdengo|Nasty Plot|p2b: Gholdengo\n|-boost|p2b: Gholdengo|spa|2\n|move|p1b: Indeedee|Heal Pulse|p1a: Oranguru\n|-heal|p1a: Oranguru|100\/100\n|move|p2a: Scyther|U-turn|p1a: Oranguru\n|-supereffective|p1a: Oranguru\n|-damage|p1a: Oranguru|36\/100\n|\n|t:|1699990743\n|switch|p2a: Shiftry|Shiftry, L50, F|100\/100|[from] U-turn\n|\n|-heal|p1b: Indeedee|78\/100|[from] item: Leftovers\n|upkeep\n|turn|3\n|\n|t:|1699990778\n|move|p1a: Oranguru|Instruct|p2b: Gholdengo\n|-immune|p2b: Gholdengo|[from] ability: Good as Gold\n|move|p2b: Gholdengo|Nasty Plot|p2b: Gholdengo\n|-boost|p2b: Gholdengo|spa|2\n|move|p1b: Indeedee|Heal Pulse|p1a: Oranguru\n|-heal|p1a: Oranguru|86\/100\n|move|p2a: Shiftry|Knock Off|p1a: Oranguru\n|-supereffective|p1a: Oranguru\n|-damage|p1a: Oranguru|0 fnt\n|-enditem|p1a: Oranguru|Life Orb|[from] move: Knock Off|[of] p2a: Shiftry\n|faint|p1a: Oranguru\n|-damage|p2a: Shiftry|91\/100|[from] item: Life Orb\n|\n|-heal|p1b: Indeedee|85\/100|[from] item: Leftovers\n|upkeep\n|\n|t:|1699990784\n|switch|p1a: Tyranitar|Tyranitar, L50, M|100\/100\n|-weather|Sandstorm|[from] ability: Sand Stream|[of] p1a: Tyranitar\n|turn|4\n|\n|t:|1699990799\n|move|p1b: Indeedee|Follow Me|p1b: Indeedee\n|-singleturn|p1b: Indeedee|move: Follow Me\n|move|p1a: Tyranitar|Fling|p2b: Gholdengo\n|-supereffective|p2b: Gholdengo\n|-damage|p2b: Gholdengo|0 fnt\n|-enditem|p1a: Tyranitar|Iron Ball|[from] move: Fling\n|faint|p2b: Gholdengo\n|move|p2a: Shiftry|Knock Off|p1b: Indeedee\n|-supereffective|p1b: Indeedee\n|-damage|p1b: Indeedee|0 fnt\n|-enditem|p1b: Indeedee|Leftovers|[from] move: Knock Off|[of] p2a: Shiftry\n|faint|p1b: Indeedee\n|-damage|p2a: Shiftry|81\/100|[from] item: Life Orb\n|\n|-weather|Sandstorm|[upkeep]\n|-damage|p2a: Shiftry|75\/100|[from] Sandstorm\n|upkeep\n|\n|t:|1699990806\n|switch|p2b: Amoonguss|Amoonguss, L50, F|100\/100\n|switch|p1b: Landorus|Landorus, L50, M|100\/100\n|turn|5\n|\n|t:|1699990830\n|-terastallize|p1b: Landorus|Steel\n|move|p2b: Amoonguss|Spore|p1a: Tyranitar\n|-status|p1a: Tyranitar|slp|[from] move: Spore\n|cant|p1a: Tyranitar|slp\n|move|p1b: Landorus|Weather Ball|p2b: Amoonguss\n|-damage|p2b: Amoonguss|72\/100\n|move|p2a: Shiftry|Knock Off|p1b: Landorus\n|-damage|p1b: Landorus|43\/100\n|-enditem|p1b: Landorus|Assault Vest|[from] move: Knock Off|[of] p2a: Shiftry\n|-damage|p2a: Shiftry|65\/100|[from] item: Life Orb\n|\n|-weather|Sandstorm|[upkeep]\n|-damage|p2b: Amoonguss|66\/100|[from] Sandstorm\n|-damage|p2a: Shiftry|59\/100|[from] Sandstorm\n|-fieldend|move: Trick Room\n|-fieldend|move: Psychic Terrain\n|upkeep\n|turn|6\n|-message|willscharnagl forfeited.\n|\n|win|project g1\n|raw|project g1's rating: 1109 &rarr; <strong>1128<\/strong><br \/>(+19 for winning)\n|raw|willscharnagl's rating: 1030 &rarr; <strong>1019<\/strong><br \/>(-11 for losing)\n|l|\u2606willscharnagl\n","uploadtime":1699990855,"views":8,"p1id":"projectg1","p2id":"willscharnagl","formatid":"gen9vgc2023regulatione","rating":1019,"private":0,"password":""}