{"id":"gen9vgc2023regulatione-1999001449","p1":"Yurdi","p2":"AceTrainerNite","format":"[Gen 9] VGC 2023 Regulation E","log":"|j|\u2606Yurdi\n|j|\u2606AceTrainerNite\n|t:|1701022611\n|gametype|doubles\n|player|p1|Yurdi|steven|1183\n|player|p2|AceTrainerNite|benga|1294\n|teamsize|p1|6\n|teamsize|p2|6\n|gen|9\n|tier|[Gen 9] VGC 2023 Regulation E\n|rated|\n|rule|Species Clause: Limit one of each Pok\u00e9mon\n|rule|Item Clause: Limit one of each item\n|clearpoke\n|poke|p1|Cresselia, L50, F|\n|poke|p1|Tornadus, L50, M|\n|poke|p1|Ursaluna-Bloodmoon, L50, M|\n|poke|p1|Iron Hands, L50|\n|poke|p1|Flutter Mane, L50|\n|poke|p1|Ogerpon-Hearthflame, L50, F|\n|poke|p2|Tornadus, L50, M|\n|poke|p2|Urshifu-*, L50, F|\n|poke|p2|Flutter Mane, L50|\n|poke|p2|Iron Hands, L50|\n|poke|p2|Ogerpon-Hearthflame, L50, F|\n|poke|p2|Ting-Lu, L50|\n|teampreview|4\n|inactive|Battle timer is ON: inactive players will automatically lose when time's up. (requested by AceTrainerNite)\n|inactive|Yurdi has 60 seconds left.\n|inactive|Yurdi has 30 seconds left.\n|inactive|Yurdi has 20 seconds left.\n|inactive|Yurdi has 15 seconds left.\n|\n|t:|1701022690\n|start\n|switch|p1a: Cresselia|Cresselia, L50, F|100\/100\n|switch|p1b: Ursaluna|Ursaluna-Bloodmoon, L50, M|100\/100\n|switch|p2a: Afton|Tornadus, L50, M|100\/100\n|switch|p2b: Freddy|Urshifu-Rapid-Strike, L50, F|100\/100\n|turn|1\n|\n|t:|1701022705\n|switch|p1b: Iron Hands|Iron Hands, L50|100\/100\n|-terastallize|p2b: Freddy|Water\n|move|p2a: Afton|Rain Dance|p2a: Afton\n|-weather|RainDance\n|move|p2b: Freddy|Surging Strikes|p1a: Cresselia\n|-crit|p1a: Cresselia\n|-damage|p1a: Cresselia|72\/100\n|-crit|p1a: Cresselia\n|-damage|p1a: Cresselia|42\/100\n|-crit|p1a: Cresselia\n|-damage|p1a: Cresselia|14\/100\n|-hitcount|p1a: Cresselia|3\n|move|p1a: Cresselia|Trick Room|p1a: Cresselia\n|-fieldstart|move: Trick Room|[of] p1a: Cresselia\n|\n|-weather|RainDance|[upkeep]\n|upkeep\n|turn|2\n|\n|t:|1701022728\n|move|p2a: Afton|Protect|p2a: Afton\n|-singleturn|p2a: Afton|Protect\n|move|p2b: Freddy|Protect|p2b: Freddy\n|-singleturn|p2b: Freddy|Protect\n|move|p1b: Iron Hands|Wild Charge|p2b: Freddy\n|-activate|p2b: Freddy|move: Protect\n|move|p1a: Cresselia|Lunar Blessing|p1a: Cresselia|[spread] p1a,p1b\n|-heal|p1a: Cresselia|39\/100\n|\n|-weather|RainDance|[upkeep]\n|upkeep\n|turn|3\n|\n|t:|1701022745\n|switch|p2b: Ting-Lu|Ting-Lu, L50|100\/100\n|-ability|p2b: Ting-Lu|Vessel of Ruin\n|move|p1a: Cresselia|Helping Hand|p1b: Iron Hands\n|-singleturn|p1b: Iron Hands|Helping Hand|[of] p1a: Cresselia\n|move|p1b: Iron Hands|Wild Charge|p2b: Ting-Lu\n|-immune|p2b: Ting-Lu\n|move|p2a: Afton|Bleakwind Storm|p1b: Iron Hands|[spread] p1a,p1b\n|-damage|p1a: Cresselia|24\/100\n|-damage|p1b: Iron Hands|87\/100\n|-unboost|p1a: Cresselia|spe|1\n|-unboost|p1b: Iron Hands|spe|1\n|\n|-weather|RainDance|[upkeep]\n|upkeep\n|turn|4\n|inactive|AceTrainerNite has 30 seconds left.\n|\n|t:|1701022770\n|move|p1a: Cresselia|Helping Hand|p1b: Iron Hands\n|-singleturn|p1b: Iron Hands|Helping Hand|[of] p1a: Cresselia\n|move|p1b: Iron Hands|Drain Punch|p2b: Ting-Lu\n|-supereffective|p2b: Ting-Lu\n|-damage|p2b: Ting-Lu|23\/100\n|-heal|p1b: Iron Hands|100\/100|[from] drain|[of] p2b: Ting-Lu\n|-enditem|p2b: Ting-Lu|Figy Berry|[eat]\n|-heal|p2b: Ting-Lu|56\/100|[from] item: Figy Berry\n|move|p2b: Ting-Lu|Stomping Tantrum|p1b: Iron Hands\n|-supereffective|p1b: Iron Hands\n|-damage|p1b: Iron Hands|55\/100\n|move|p2a: Afton|Bleakwind Storm|p1b: Iron Hands|[spread] p1a,p1b\n|-crit|p1a: Cresselia\n|-damage|p1a: Cresselia|3\/100\n|-damage|p1b: Iron Hands|40\/100\n|\n|-weather|RainDance|[upkeep]\n|upkeep\n|turn|5\n|\n|t:|1701022794\n|switch|p2b: Iron Hands|Iron Hands, L50|100\/100\n|move|p2a: Afton|Protect|p2a: Afton\n|-singleturn|p2a: Afton|Protect\n|move|p1b: Iron Hands|Drain Punch|p2b: Iron Hands\n|-damage|p2b: Iron Hands|69\/100\n|-heal|p1b: Iron Hands|54\/100|[from] drain|[of] p2b: Iron Hands\n|move|p1a: Cresselia|Psychic|p2a: Afton\n|-activate|p2a: Afton|move: Protect\n|\n|-weather|none\n|-fieldend|move: Trick Room\n|upkeep\n|turn|6\n|\n|t:|1701022814\n|move|p2b: Iron Hands|Fake Out|p1b: Iron Hands\n|-damage|p1b: Iron Hands|43\/100\n|move|p2a: Afton|Bleakwind Storm|p1a: Cresselia|[spread] p1a,p1b\n|-damage|p1a: Cresselia|0 fnt\n|-damage|p1b: Iron Hands|23\/100\n|-unboost|p1b: Iron Hands|spe|1\n|faint|p1a: Cresselia\n|cant|p1b: Iron Hands|flinch\n|\n|upkeep\n|\n|t:|1701022822\n|switch|p1a: Ursaluna|Ursaluna-Bloodmoon, L50, M|100\/100\n|turn|7\n|\n|t:|1701022833\n|-end|p1b: Iron Hands|Quark Drive|[silent]\n|switch|p1b: Ogerpon|Ogerpon-Hearthflame, L50, F|100\/100\n|-ability|p1b: Ogerpon|Mold Breaker\n|move|p1a: Ursaluna|Protect|p1a: Ursaluna\n|-singleturn|p1a: Ursaluna|Protect\n|move|p2a: Afton|Tailwind|p2a: Afton\n|-sidestart|p2: AceTrainerNite|move: Tailwind\n|move|p2b: Iron Hands|Drain Punch|p1a: Ursaluna\n|-activate|p1a: Ursaluna|move: Protect\n|\n|upkeep\n|turn|8\n|\n|t:|1701022855\n|-terastallize|p1b: Ogerpon|Fire\n|detailschange|p1b: Ogerpon|Ogerpon-Hearthflame-Tera, L50, F, tera:Fire\n|-ability|p1b: Ogerpon|Embody Aspect (Hearthflame)|boost\n|-boost|p1b: Ogerpon|atk|1\n|move|p2a: Afton|Rain Dance|p2a: Afton\n|-weather|RainDance\n|move|p1b: Ogerpon|Ivy Cudgel|p2a: Afton|[anim] Ivy Cudgel Fire\n|-damage|p2a: Afton|28\/100\n|move|p2b: Iron Hands|Drain Punch|p1a: Ursaluna\n|-supereffective|p1a: Ursaluna\n|-damage|p1a: Ursaluna|43\/100\n|-heal|p2b: Iron Hands|95\/100|[from] drain|[of] p1a: Ursaluna\n|move|p1a: Ursaluna|Earth Power|p2b: Iron Hands\n|-supereffective|p2b: Iron Hands\n|-damage|p2b: Iron Hands|42\/100\n|-unboost|p2b: Iron Hands|spd|1\n|\n|-weather|RainDance|[upkeep]\n|upkeep\n|turn|9\n|\n|t:|1701022878\n|move|p1a: Ursaluna|Protect|p1a: Ursaluna\n|-singleturn|p1a: Ursaluna|Protect\n|move|p2a: Afton|Bleakwind Storm|p1b: Ogerpon|[spread] p1b\n|-activate|p1a: Ursaluna|move: Protect\n|-damage|p1b: Ogerpon|66\/100\n|-unboost|p1b: Ogerpon|spe|1\n|move|p2b: Iron Hands|Wild Charge|p1b: Ogerpon\n|-damage|p1b: Ogerpon|4\/100\n|-damage|p2b: Iron Hands|32\/100|[from] Recoil\n|move|p1b: Ogerpon|Knock Off|p2a: Afton\n|-damage|p2a: Afton|0 fnt\n|-enditem|p2a: Afton|Focus Sash|[from] move: Knock Off|[of] p1b: Ogerpon\n|faint|p2a: Afton\n|\n|-weather|RainDance|[upkeep]\n|upkeep\n|\n|t:|1701022892\n|switch|p2a: Freddy|Urshifu-Rapid-Strike, L50, F, tera:Water|100\/100\n|turn|10\n|\n|t:|1701022903\n|move|p1b: Ogerpon|Spiky Shield|p1b: Ogerpon\n|-singleturn|p1b: Ogerpon|move: Protect\n|move|p2a: Freddy|Aqua Jet|p1b: Ogerpon\n|-supereffective|p1b: Ogerpon\n|-crit|p1b: Ogerpon\n|-damage|p1b: Ogerpon|0 fnt\n|faint|p1b: Ogerpon\n|move|p2b: Iron Hands|Drain Punch|p1a: Ursaluna\n|-supereffective|p1a: Ursaluna\n|-damage|p1a: Ursaluna|0 fnt\n|-heal|p2b: Iron Hands|51\/100|[from] drain|[of] p1a: Ursaluna\n|faint|p1a: Ursaluna\n|\n|-weather|RainDance|[upkeep]\n|-sideend|p2: AceTrainerNite|move: Tailwind\n|upkeep\n|\n|t:|1701022917\n|switch|p1b: Iron Hands|Iron Hands, L50|23\/100\n|turn|11\n|\n|t:|1701022930\n|move|p2a: Freddy|Protect|p2a: Freddy\n|-singleturn|p2a: Freddy|Protect\n|move|p2b: Iron Hands|Drain Punch|p1b: Iron Hands\n|-damage|p1b: Iron Hands|0 fnt\n|-heal|p2b: Iron Hands|64\/100|[from] drain|[of] p1b: Iron Hands\n|faint|p1b: Iron Hands\n|-end|p1b: Iron Hands|Quark Drive|[silent]\n|\n|win|AceTrainerNite\n|raw|Yurdi's rating: 1183 &rarr; <strong>1166<\/strong><br \/>(-17 for losing)\n|raw|AceTrainerNite's rating: 1294 &rarr; <strong>1311<\/strong><br \/>(+17 for winning)\n|l|\u2606Yurdi\n","uploadtime":1701022948,"views":8,"p1id":"yurdi","p2id":"acetrainernite","formatid":"gen9vgc2023regulatione","rating":1166,"private":0,"password":""}