{"id":"gen9vgc2023regulatione-1991617149","p1":"CrshoutSpky","p2":"shadowclause","format":"[Gen 9] VGC 2023 Regulation E","log":"|j|\u2606CrshoutSpky\n|j|\u2606shadowclause\n|t:|1700094708\n|gametype|doubles\n|player|p1|CrshoutSpky|gambler|1078\n|player|p2|shadowclause|101|1132\n|teamsize|p1|6\n|teamsize|p2|6\n|gen|9\n|tier|[Gen 9] VGC 2023 Regulation E\n|rated|\n|rule|Species Clause: Limit one of each Pok\u00e9mon\n|rule|Item Clause: Limit one of each item\n|clearpoke\n|poke|p1|Indeedee-F, L50, F|\n|poke|p1|Murkrow, L50, M|\n|poke|p1|Grimmsnarl, L50, M|\n|poke|p1|Fezandipiti, L50, M|\n|poke|p1|Toxapex, L50, F|\n|poke|p1|Iron Hands, L50|\n|poke|p2|Dipplin, L50, M|\n|poke|p2|Torkoal, L50, M|\n|poke|p2|Sawsbuck-Autumn, L50, M|\n|poke|p2|Scovillain, L50, M|\n|poke|p2|Lilligant-Hisui, L50, F|\n|poke|p2|Gastrodon-East, L50, F|\n|teampreview|4\n|inactive|Battle timer is ON: inactive players will automatically lose when time's up. (requested by CrshoutSpky)\nshadowclause has agreed to open team sheets.\n|inactive|shadowclause has 60 seconds left.\n|\n|t:|1700094764\n|start\n|switch|p1a: Indeedee|Indeedee-F, L50, F|100\/100\n|switch|p1b: Grimmsnarl|Grimmsnarl, L50, M|100\/100\n|switch|p2a: Torkoal|Torkoal, L50, M|100\/100\n|switch|p2b: Sawsbuck|Sawsbuck-Autumn, L50, M|100\/100\n|-fieldstart|move: Psychic Terrain|[from] ability: Psychic Surge|[of] p1a: Indeedee\n|-weather|SunnyDay|[from] ability: Drought|[of] p2a: Torkoal\n|turn|1\n|inactive|CrshoutSpky has 30 seconds left.\n|\n|t:|1700094795\n|switch|p2b: Dipplin|Dipplin, L50, M|100\/100\n|-ability|p2b: Dipplin|Supersweet Syrup\n|-ability|p2b: Dipplin|Supersweet Syrup|boost\n|-unboost|p1a: Indeedee|evasion|1\n|-unboost|p1b: Grimmsnarl|evasion|1\n|move|p1b: Grimmsnarl|Reflect|p1b: Grimmsnarl\n|-sidestart|p1: CrshoutSpky|Reflect\n|move|p1a: Indeedee|Psychic|p2b: Dipplin\n|-damage|p2b: Dipplin|73\/100\n|move|p2a: Torkoal|Stealth Rock|p1a: Indeedee\n|-sidestart|p1: CrshoutSpky|move: Stealth Rock\n|\n|-weather|SunnyDay|[upkeep]\n|upkeep\n|turn|2\n|\n|t:|1700094812\n|move|p1a: Indeedee|Follow Me|p1a: Indeedee\n|-singleturn|p1a: Indeedee|move: Follow Me\n|move|p1b: Grimmsnarl|Light Screen|p1b: Grimmsnarl\n|-sidestart|p1: CrshoutSpky|move: Light Screen\n|move|p2b: Dipplin|Grassy Terrain|p2b: Dipplin\n|-fieldstart|move: Grassy Terrain\n|move|p2a: Torkoal|Heat Wave|p1a: Indeedee|[spread] p1a,p1b\n|-damage|p1a: Indeedee|74\/100\n|-damage|p1b: Grimmsnarl|72\/100\n|\n|-weather|SunnyDay|[upkeep]\n|-heal|p1a: Indeedee|80\/100|[from] Grassy Terrain\n|-heal|p1b: Grimmsnarl|78\/100|[from] Grassy Terrain\n|-heal|p2b: Dipplin|79\/100|[from] Grassy Terrain\n|upkeep\n|turn|3\n|\n|t:|1700094831\n|move|p1b: Grimmsnarl|Parting Shot|p2a: Torkoal\n|-unboost|p2a: Torkoal|atk|1\n|-unboost|p2a: Torkoal|spa|1\n|\n|t:|1700094836\n|switch|p1b: Toxapex|Toxapex, L50, F|100\/100|[from] Parting Shot\n|-damage|p1b: Toxapex|88\/100|[from] Stealth Rock\n|move|p1a: Indeedee|Psychic|p2a: Torkoal\n|-damage|p2a: Torkoal|62\/100\n|move|p2b: Dipplin|Infestation|p1a: Indeedee\n|-supereffective|p1a: Indeedee\n|-damage|p1a: Indeedee|74\/100\n|-activate|p1a: Indeedee|move: Infestation|[of] p2b: Dipplin\n|move|p2a: Torkoal|Heat Wave|p1b: Toxapex|[spread] p1a,p1b\n|-resisted|p1b: Toxapex\n|-damage|p1a: Indeedee|56\/100\n|-damage|p1b: Toxapex|79\/100\n|\n|-weather|SunnyDay|[upkeep]\n|-heal|p1a: Indeedee|63\/100|[from] Grassy Terrain\n|-heal|p2b: Dipplin|84\/100|[from] Grassy Terrain\n|-heal|p1b: Toxapex|84\/100|[from] Grassy Terrain\n|-heal|p1b: Toxapex|90\/100|[from] item: Black Sludge\n|-heal|p2a: Torkoal|68\/100|[from] Grassy Terrain\n|-damage|p1a: Indeedee|50\/100|[from] move: Infestation|[partiallytrapped]\n|upkeep\n|turn|4\n|inactive|shadowclause has 30 seconds left.\n|\n|t:|1700094868\n|move|p1a: Indeedee|Protect|p1a: Indeedee\n|-singleturn|p1a: Indeedee|Protect\n|move|p2b: Dipplin|Syrup Bomb|p1b: Toxapex\n|-damage|p1b: Toxapex|75\/100\n|-start|p1b: Toxapex|Syrup Bomb\n|move|p1b: Toxapex|Toxic|p2b: Dipplin\n|-status|p2b: Dipplin|tox\n|move|p2a: Torkoal|Earth Power|p1b: Toxapex\n|-supereffective|p1b: Toxapex\n|-damage|p1b: Toxapex|55\/100\n|\n|-weather|SunnyDay|[upkeep]\n|-heal|p1a: Indeedee|56\/100|[from] Grassy Terrain\n|-heal|p2b: Dipplin|90\/100 tox|[from] Grassy Terrain\n|-heal|p1b: Toxapex|60\/100|[from] Grassy Terrain\n|-heal|p1b: Toxapex|66\/100|[from] item: Black Sludge\n|-heal|p2a: Torkoal|74\/100|[from] Grassy Terrain\n|-damage|p2b: Dipplin|84\/100 tox|[from] psn\n|-damage|p1a: Indeedee|44\/100|[from] move: Infestation|[partiallytrapped]\n|-unboost|p1b: Toxapex|spe|1\n|upkeep\n|turn|5\n|inactive|shadowclause has 30 seconds left.\n|\n|t:|1700094898\n|switch|p2a: Scovillain|Scovillain, L50, M|100\/100\n|move|p1a: Indeedee|Psychic|p2b: Dipplin\n|-damage|p2b: Dipplin|61\/100 tox\n|move|p2b: Dipplin|Infestation|p1b: Toxapex\n|-resisted|p1b: Toxapex\n|-damage|p1b: Toxapex|65\/100\n|-activate|p1b: Toxapex|move: Infestation|[of] p2b: Dipplin\n|move|p1b: Toxapex|Recover|p1b: Toxapex\n|-heal|p1b: Toxapex|100\/100\n|\n|-weather|SunnyDay|[upkeep]\n|-heal|p1a: Indeedee|50\/100|[from] Grassy Terrain\n|-heal|p2b: Dipplin|67\/100 tox|[from] Grassy Terrain\n|-damage|p2b: Dipplin|55\/100 tox|[from] psn\n|-damage|p1a: Indeedee|38\/100|[from] move: Infestation|[partiallytrapped]\n|-damage|p1b: Toxapex|88\/100|[from] move: Infestation|[partiallytrapped]\n|-unboost|p1b: Toxapex|spe|1\n|upkeep\n|turn|6\n|inactive|shadowclause has 30 seconds left.\n|\n|t:|1700094926\n|switch|p2b: Sawsbuck|Sawsbuck-Autumn, L50, M|100\/100\n|move|p2a: Scovillain|Spicy Extract|p2b: Sawsbuck\n|-boost|p2b: Sawsbuck|atk|2\n|-unboost|p2b: Sawsbuck|def|2\n|-enditem|p2b: Sawsbuck|White Herb\n|-clearnegativeboost|p2b: Sawsbuck|[silent]\n|move|p1a: Indeedee|Psychic|p2b: Sawsbuck\n|-damage|p2b: Sawsbuck|50\/100\n|move|p1b: Toxapex|Toxic|p2a: Scovillain\n|-status|p2a: Scovillain|tox\n|\n|-weather|SunnyDay|[upkeep]\n|-heal|p2b: Sawsbuck|56\/100|[from] Grassy Terrain\n|-heal|p1a: Indeedee|44\/100|[from] Grassy Terrain\n|-heal|p1b: Toxapex|94\/100|[from] Grassy Terrain\n|-heal|p1b: Toxapex|99\/100|[from] item: Black Sludge\n|-damage|p2a: Scovillain|95\/100 tox|[from] psn\n|-end|p1a: Indeedee|Infestation|[partiallytrapped]|[silent]\n|-end|p1b: Toxapex|Infestation|[partiallytrapped]|[silent]\n|-unboost|p1b: Toxapex|spe|1\n|-fieldend|move: Grassy Terrain\n|upkeep\n|turn|7\n|inactive|CrshoutSpky has 30 seconds left.\n|inactive|shadowclause has 30 seconds left.\n|inactive|shadowclause has 20 seconds left.\n|inactive|shadowclause has 15 seconds left.\n|inactive|shadowclause has 10 seconds left.\n|\n|t:|1700094971\n|-terastallize|p2b: Sawsbuck|Ice\n|move|p1a: Indeedee|Protect|p1a: Indeedee\n|-singleturn|p1a: Indeedee|Protect\n|move|p1b: Toxapex|Baneful Bunker|p1b: Toxapex\n|-singleturn|p1b: Toxapex|move: Protect\n|move|p2b: Sawsbuck|Tera Blast|p1b: Toxapex|[anim] Tera Blast Ice\n|-activate|p1b: Toxapex|move: Protect\n|move|p2a: Scovillain|Solar Beam||[still]\n|-prepare|p2a: Scovillain|Solar Beam\n|-anim|p2a: Scovillain|Solar Beam|p1a: Indeedee\n|-activate|p1a: Indeedee|move: Protect\n|\n|-weather|SunnyDay|[upkeep]\n|-heal|p1b: Toxapex|100\/100|[from] item: Black Sludge\n|-damage|p2a: Scovillain|83\/100 tox|[from] psn\n|-end|p1b: Toxapex|Syrup Bomb|[silent]\n|upkeep\n|turn|8\n|\n|t:|1700094993\n|move|p2b: Sawsbuck|Tera Blast|p1b: Toxapex|[anim] Tera Blast Ice\n|-resisted|p1b: Toxapex\n|-crit|p1b: Toxapex\n|-damage|p1b: Toxapex|49\/100\n|move|p2a: Scovillain|Solar Beam||[still]\n|-prepare|p2a: Scovillain|Solar Beam\n|-anim|p2a: Scovillain|Solar Beam|p1a: Indeedee\n|-damage|p1a: Indeedee|8\/100\n|move|p1a: Indeedee|Psychic|p2b: Sawsbuck\n|-damage|p2b: Sawsbuck|11\/100\n|move|p1b: Toxapex|Chilling Water|p2b: Sawsbuck\n|-damage|p2b: Sawsbuck|5\/100\n|-unboost|p2b: Sawsbuck|atk|1\n|\n|-weather|none\n|-heal|p1b: Toxapex|55\/100|[from] item: Black Sludge\n|-damage|p2a: Scovillain|66\/100 tox|[from] psn\n|-sideend|p1: CrshoutSpky|Reflect\n|upkeep\n|turn|9\n|inactive|shadowclause has 30 seconds left.\n|inactive|shadowclause has 20 seconds left.\n|\n|t:|1700095031\n|move|p1b: Toxapex|Baneful Bunker|p1b: Toxapex\n|-singleturn|p1b: Toxapex|move: Protect\n|move|p2b: Sawsbuck|Tera Blast|p1b: Toxapex|[anim] Tera Blast Ice\n|-activate|p1b: Toxapex|move: Protect\n|move|p2a: Scovillain|Burning Jealousy|p1b: Toxapex|[spread] p1a\n|-activate|p1b: Toxapex|move: Protect\n|-damage|p1a: Indeedee|0 fnt\n|faint|p1a: Indeedee\n|\n|-heal|p1b: Toxapex|60\/100|[from] item: Black Sludge\n|-damage|p2a: Scovillain|44\/100 tox|[from] psn\n|-sideend|p1: CrshoutSpky|move: Light Screen\n|upkeep\n|\n|t:|1700095040\n|switch|p1a: Grimmsnarl|Grimmsnarl, L50, M|78\/100\n|-damage|p1a: Grimmsnarl|65\/100|[from] Stealth Rock\n|turn|10\n|\n|t:|1700095060\n|switch|p2a: Torkoal|Torkoal, L50, M|74\/100\n|-weather|SunnyDay|[from] ability: Drought|[of] p2a: Torkoal\n|move|p1a: Grimmsnarl|Light Screen|p1a: Grimmsnarl\n|-sidestart|p1: CrshoutSpky|move: Light Screen\n|move|p2b: Sawsbuck|Horn Leech|p1a: Grimmsnarl\n|-crit|p1a: Grimmsnarl\n|-damage|p1a: Grimmsnarl|0 fnt\n|-heal|p2b: Sawsbuck|40\/100|[from] drain|[of] p1a: Grimmsnarl\n|faint|p1a: Grimmsnarl\n|move|p1b: Toxapex|Chilling Water|p2b: Sawsbuck\n|-damage|p2b: Sawsbuck|32\/100\n|-unboost|p2b: Sawsbuck|atk|1\n|\n|-weather|SunnyDay|[upkeep]\n|-heal|p1b: Toxapex|66\/100|[from] item: Black Sludge\n|upkeep\n|\n|t:|1700095068\n|switch|p1a: Iron Hands|Iron Hands, L50|100\/100\n|-damage|p1a: Iron Hands|94\/100|[from] Stealth Rock\n|turn|11\n|inactive|shadowclause has 30 seconds left.\n|\n|t:|1700095097\n|move|p2b: Sawsbuck|Play Rough|p1a: Iron Hands\n|-supereffective|p1a: Iron Hands\n|-damage|p1a: Iron Hands|60\/100\n|move|p1a: Iron Hands|Wild Charge|p2b: Sawsbuck\n|-damage|p2b: Sawsbuck|0 fnt\n|faint|p2b: Sawsbuck\n|-damage|p1a: Iron Hands|55\/100|[from] Recoil\n|move|p2a: Torkoal|Earth Power|p1a: Iron Hands\n|-supereffective|p1a: Iron Hands\n|-damage|p1a: Iron Hands|31\/100\n|move|p1b: Toxapex|Toxic|p2a: Torkoal\n|-status|p2a: Torkoal|tox\n|\n|-weather|SunnyDay|[upkeep]\n|-heal|p1b: Toxapex|72\/100|[from] item: Black Sludge\n|-damage|p2a: Torkoal|68\/100 tox|[from] psn\n|upkeep\n|\n|t:|1700095115\n|switch|p2b: Scovillain|Scovillain, L50, M|44\/100 tox\n|turn|12\n|\n|t:|1700095139\n|move|p1b: Toxapex|Baneful Bunker|p1b: Toxapex\n|-singleturn|p1b: Toxapex|move: Protect\n|move|p2b: Scovillain|Solar Beam||[still]\n|-prepare|p2b: Scovillain|Solar Beam\n|-anim|p2b: Scovillain|Solar Beam|p1a: Iron Hands\n|-damage|p1a: Iron Hands|0 fnt\n|faint|p1a: Iron Hands\n|-end|p1a: Iron Hands|Quark Drive|[silent]\n|move|p2a: Torkoal|Heat Wave|p1b: Toxapex\n|-activate|p1b: Toxapex|move: Protect\n|\n|-weather|SunnyDay|[upkeep]\n|-heal|p1b: Toxapex|77\/100|[from] item: Black Sludge\n|-damage|p2b: Scovillain|38\/100 tox|[from] psn\n|-damage|p2a: Torkoal|55\/100 tox|[from] psn\n|upkeep\n|turn|13\n|\n|t:|1700095163\n|move|p2b: Scovillain|Solar Beam||[still]\n|-prepare|p2b: Scovillain|Solar Beam\n|-anim|p2b: Scovillain|Solar Beam|p1b: Toxapex\n|-damage|p1b: Toxapex|42\/100\n|move|p2a: Torkoal|Earth Power|p1b: Toxapex\n|-supereffective|p1b: Toxapex\n|-damage|p1b: Toxapex|16\/100\n|move|p1b: Toxapex|Chilling Water|p2a: Torkoal\n|-supereffective|p2a: Torkoal\n|-damage|p2a: Torkoal|42\/100 tox\n|-unboost|p2a: Torkoal|atk|1\n|\n|-weather|SunnyDay|[upkeep]\n|-heal|p1b: Toxapex|21\/100|[from] item: Black Sludge\n|-damage|p2b: Scovillain|27\/100 tox|[from] psn\n|-damage|p2a: Torkoal|23\/100 tox|[from] psn\n|upkeep\n|turn|14\n|\n|t:|1700095183\n|move|p1b: Toxapex|Baneful Bunker|p1b: Toxapex\n|-singleturn|p1b: Toxapex|move: Protect\n|move|p2b: Scovillain|Solar Beam||[still]\n|-prepare|p2b: Scovillain|Solar Beam\n|-anim|p2b: Scovillain|Solar Beam|p1b: Toxapex\n|-activate|p1b: Toxapex|move: Protect\n|move|p2a: Torkoal|Earth Power|p1b: Toxapex\n|-activate|p1b: Toxapex|move: Protect\n|\n|-weather|SunnyDay|[upkeep]\n|-heal|p1b: Toxapex|27\/100|[from] item: Black Sludge\n|-damage|p2b: Scovillain|10\/100 tox|[from] psn\n|-damage|p2a: Torkoal|0 fnt|[from] psn\n|faint|p2a: Torkoal\n|upkeep\n|\n|t:|1700095195\n|switch|p2a: Dipplin|Dipplin, L50, M|55\/100 tox\n|turn|15\n|\n|t:|1700095204\n|move|p2b: Scovillain|Solar Beam||[still]\n|-prepare|p2b: Scovillain|Solar Beam\n|-anim|p2b: Scovillain|Solar Beam|p1b: Toxapex\n|-damage|p1b: Toxapex|0 fnt\n|faint|p1b: Toxapex\n|\n|win|shadowclause\n|raw|CrshoutSpky's rating: 1078 &rarr; <strong>1060<\/strong><br \/>(-18 for losing)\n|raw|shadowclause's rating: 1132 &rarr; <strong>1153<\/strong><br \/>(+21 for winning)\n|l|\u2606CrshoutSpky\n","uploadtime":1700095220,"views":7,"p1id":"crshoutspky","p2id":"shadowclause","formatid":"gen9vgc2023regulatione","rating":1060,"private":0,"password":""}