{"id":"gen9vgc2023regulatione-1995001037","p1":"cobalt6767","p2":"superseriousboi","format":"[Gen 9] VGC 2023 Regulation E","log":"|j|\u2606cobalt6767\n|j|\u2606superseriousboi\n|t:|1700512165\n|gametype|doubles\n|player|p1|cobalt6767|steven|1268\n|player|p2|superseriousboi|drayden|1370\n|teamsize|p1|6\n|teamsize|p2|6\n|gen|9\n|tier|[Gen 9] VGC 2023 Regulation E\n|rated|\n|rule|Species Clause: Limit one of each Pok\u00e9mon\n|rule|Item Clause: Limit one of each item\n|clearpoke\n|poke|p1|Enamorus, L50, F|\n|poke|p1|Thundurus, L50, M|\n|poke|p1|Arcanine, L50, M|\n|poke|p1|Gyarados, L50, F|\n|poke|p1|Amoonguss, L50, M|\n|poke|p1|Regieleki, L50|\n|poke|p2|Ogerpon-Wellspring, L50, F|\n|poke|p2|Landorus-Therian, L50, M|\n|poke|p2|Heatran, L50, F|\n|poke|p2|Iron Hands, L50|\n|poke|p2|Kingambit, L50, M|\n|poke|p2|Flutter Mane, L50|\n|teampreview|4\ncobalt6767 has agreed to open team sheets.\n|inactive|Battle timer is ON: inactive players will automatically lose when time's up. (requested by cobalt6767)\n|inactive|cobalt6767 has 60 seconds left.\n|inactive|superseriousboi has 60 seconds left.\n|\n|t:|1700512232\n|start\n|switch|p1a: Enamorus|Enamorus, L50, F|100\/100\n|switch|p1b: Thundurus|Thundurus, L50, M|100\/100\n|switch|p2a: Kingambit|Kingambit, L50, M|100\/100\n|switch|p2b: Iron Hands|Iron Hands, L50|100\/100\n|turn|1\n|\n|t:|1700512255\n|move|p2b: Iron Hands|Fake Out|p1a: Enamorus\n|-damage|p1a: Enamorus|76\/100\n|cant|p1a: Enamorus|flinch\n|move|p1b: Thundurus|Wildbolt Storm|p2b: Iron Hands|[spread] p2a,p2b\n|-resisted|p2b: Iron Hands\n|-damage|p2a: Kingambit|70\/100\n|-damage|p2b: Iron Hands|91\/100\n|-status|p2a: Kingambit|par\n|cant|p2a: Kingambit|par\n|\n|upkeep\n|turn|2\n|\n|t:|1700512280\n|switch|p2a: Landorus|Landorus-Therian, L50, M|100\/100\n|-ability|p2a: Landorus|Intimidate|boost\n|-boost|p1a: Enamorus|atk|1\n|-unboost|p1b: Thundurus|atk|1\n|move|p1b: Thundurus|Eerie Impulse|p1a: Enamorus\n|-boost|p1a: Enamorus|spa|2\n|move|p1a: Enamorus|Superpower|p2a: Landorus\n|-resisted|p2a: Landorus\n|-damage|p2a: Landorus|78\/100\n|-boost|p1a: Enamorus|atk|1\n|-boost|p1a: Enamorus|def|1\n|move|p2b: Iron Hands|Wild Charge|p1a: Enamorus\n|-supereffective|p1a: Enamorus\n|-damage|p1a: Enamorus|0 fnt\n|faint|p1a: Enamorus\n|-damage|p2b: Iron Hands|81\/100|[from] Recoil\n|\n|upkeep\n|\n|t:|1700512297\n|switch|p1a: Gyarados|Gyarados, L50, F|100\/100\n|-ability|p1a: Gyarados|Intimidate|boost\n|-unboost|p2a: Landorus|atk|1\n|-unboost|p2b: Iron Hands|atk|1\n|turn|3\n|\n|t:|1700512320\n|-terastallize|p1a: Gyarados|Fairy\n|move|p2a: Landorus|Rock Slide|p1a: Gyarados|[spread] p1a,p1b\n|-supereffective|p1b: Thundurus\n|-damage|p1a: Gyarados|88\/100\n|-damage|p1b: Thundurus|67\/100\n|move|p1b: Thundurus|Wildbolt Storm|p2a: Landorus|[spread] p2b\n|-immune|p2a: Landorus\n|-resisted|p2b: Iron Hands\n|-damage|p2b: Iron Hands|73\/100\n|move|p1a: Gyarados|Waterfall|p2a: Landorus\n|-supereffective|p2a: Landorus\n|-damage|p2a: Landorus|13\/100\n|move|p2b: Iron Hands|Wild Charge|p1a: Gyarados\n|-damage|p1a: Gyarados|62\/100\n|-damage|p2b: Iron Hands|68\/100|[from] Recoil\n|\n|upkeep\n|turn|4\n|inactive|cobalt6767 has 30 seconds left.\n|inactive|superseriousboi has 30 seconds left.\n|\n|t:|1700512350\n|switch|p2a: Ogerpon|Ogerpon-Wellspring, L50, F|100\/100\n|switch|p1b: Amoonguss|Amoonguss, L50, M|100\/100\n|move|p1a: Gyarados|Waterfall|p2a: Ogerpon\n|-immune|p2a: Ogerpon|[from] ability: Water Absorb\n|move|p2b: Iron Hands|Heavy Slam|p1a: Gyarados\n|-supereffective|p1a: Gyarados\n|-damage|p1a: Gyarados|47\/100\n|-enditem|p1a: Gyarados|Sitrus Berry|[eat]\n|-heal|p1a: Gyarados|71\/100|[from] item: Sitrus Berry\n|\n|upkeep\n|turn|5\n|inactive|cobalt6767 has 30 seconds left.\n|inactive|superseriousboi has 30 seconds left.\n|\n|t:|1700512378\n|-end|p2b: Iron Hands|Quark Drive|[silent]\n|switch|p2b: Kingambit|Kingambit, L50, M|70\/100 par\n|move|p2a: Ogerpon|Spiky Shield|p2a: Ogerpon\n|-singleturn|p2a: Ogerpon|move: Protect\n|move|p1a: Gyarados|Waterfall|p2b: Kingambit\n|-damage|p2b: Kingambit|44\/100 par\n|move|p1b: Amoonguss|Spore||[still]\n|-fail|p1b: Amoonguss\n|\n|upkeep\n|turn|6\n|\n|t:|1700512403\n|switch|p2a: Landorus|Landorus-Therian, L50, M|13\/100\n|-ability|p2a: Landorus|Intimidate|boost\n|-unboost|p1a: Gyarados|atk|1\n|-unboost|p1b: Amoonguss|atk|1\n|move|p1a: Gyarados|Waterfall|p2b: Kingambit\n|-damage|p2b: Kingambit|27\/100 par\n|move|p1b: Amoonguss|Pollen Puff|p2a: Landorus\n|-resisted|p2a: Landorus\n|-crit|p2a: Landorus\n|-damage|p2a: Landorus|0 fnt\n|faint|p2a: Landorus\n|cant|p2b: Kingambit|par\n|\n|upkeep\n|\n|t:|1700512420\n|switch|p2a: Ogerpon|Ogerpon-Wellspring, L50, F|100\/100\n|turn|7\n|\n|t:|1700512444\n|switch|p1a: Thundurus|Thundurus, L50, M|67\/100\n|move|p2a: Ogerpon|Horn Leech|p1a: Thundurus\n|-resisted|p1a: Thundurus\n|-damage|p1a: Thundurus|43\/100\n|move|p1b: Amoonguss|Pollen Puff|p2a: Ogerpon\n|-supereffective|p2a: Ogerpon\n|-damage|p2a: Ogerpon|68\/100\n|move|p2b: Kingambit|Swords Dance|p2b: Kingambit\n|-boost|p2b: Kingambit|atk|2\n|\n|upkeep\n|turn|8\n|inactive|superseriousboi has 30 seconds left.\n|inactive|superseriousboi has 20 seconds left.\n|\n|t:|1700512482\n|move|p2a: Ogerpon|Spiky Shield|p2a: Ogerpon\n|-singleturn|p2a: Ogerpon|move: Protect\n|move|p1a: Thundurus|Wildbolt Storm|p2a: Ogerpon|[spread] p2b\n|-activate|p2a: Ogerpon|move: Protect\n|-damage|p2b: Kingambit|0 fnt\n|faint|p2b: Kingambit\n|move|p1b: Amoonguss|Pollen Puff|p1a: Thundurus\n|-heal|p1a: Thundurus|93\/100\n|\n|upkeep\n|\n|t:|1700512495\n|switch|p2b: Iron Hands|Iron Hands, L50|68\/100\n|turn|9\n|\n|t:|1700512512\n|-terastallize|p2b: Iron Hands|Grass\n|move|p2b: Iron Hands|Fake Out|p1a: Thundurus\n|-damage|p1a: Thundurus|75\/100\n|move|p2a: Ogerpon|Ivy Cudgel|p1a: Thundurus|[anim] Ivy Cudgel Water\n|-damage|p1a: Thundurus|10\/100\n|cant|p1a: Thundurus|flinch\n|move|p1b: Amoonguss|Spore|p2b: Iron Hands\n|-immune|p2b: Iron Hands\n|\n|upkeep\n|turn|10\n|inactive|cobalt6767 has 30 seconds left.\n|\n|t:|1700512539\n|move|p2a: Ogerpon|Horn Leech|p1a: Thundurus\n|-resisted|p1a: Thundurus\n|-damage|p1a: Thundurus|0 fnt\n|-heal|p2a: Ogerpon|73\/100|[from] drain|[of] p1a: Thundurus\n|faint|p1a: Thundurus\n|move|p2b: Iron Hands|Heavy Slam|p1b: Amoonguss\n|-damage|p1b: Amoonguss|56\/100\n|move|p1b: Amoonguss|Pollen Puff|p1: Thundurus|[notarget]\n|-fail|p1b: Amoonguss\n|\n|-heal|p1b: Amoonguss|62\/100|[from] item: Leftovers\n|upkeep\n|\n|t:|1700512549\n|switch|p1a: Gyarados|Gyarados, L50, F, tera:Fairy|71\/100\n|-ability|p1a: Gyarados|Intimidate|boost\n|-unboost|p2a: Ogerpon|atk|1\n|-unboost|p2b: Iron Hands|atk|1\n|turn|11\n|inactive|cobalt6767 has 30 seconds left.\n|\n|t:|1700512575\n|move|p2a: Ogerpon|Spiky Shield|p2a: Ogerpon\n|-singleturn|p2a: Ogerpon|move: Protect\n|move|p1a: Gyarados|Waterfall|p2b: Iron Hands\n|-resisted|p2b: Iron Hands\n|-damage|p2b: Iron Hands|58\/100\n|move|p2b: Iron Hands|Heavy Slam|p1b: Amoonguss\n|-damage|p1b: Amoonguss|34\/100\n|move|p1b: Amoonguss|Pollen Puff|p2a: Ogerpon\n|-activate|p2a: Ogerpon|move: Protect\n|\n|-heal|p1b: Amoonguss|40\/100|[from] item: Leftovers\n|upkeep\n|turn|12\n|-message|cobalt6767 forfeited.\n|\n|win|superseriousboi\n|raw|cobalt6767's rating: 1268 &rarr; <strong>1250<\/strong><br \/>(-18 for losing)\n|raw|superseriousboi's rating: 1370 &rarr; <strong>1384<\/strong><br \/>(+14 for winning)\n|l|\u2606cobalt6767\n","uploadtime":1700512597,"views":3,"p1id":"cobalt6767","p2id":"superseriousboi","formatid":"gen9vgc2023regulatione","rating":1250,"private":0,"password":""}