{"id":"gen9vgc2023regulatione-1988653101","p1":"YoskinPataNegra","p2":"elportaldeljuego2","format":"[Gen 9] VGC 2023 Regulation E","log":"|j|\u2606YoskinPataNegra\n|j|\u2606elportaldeljuego2\n|t:|1699746575\n|gametype|doubles\n|player|p1|YoskinPataNegra|1|1199\n|player|p2|elportaldeljuego2|benga|1155\n|teamsize|p1|6\n|teamsize|p2|6\n|gen|9\n|tier|[Gen 9] VGC 2023 Regulation E\n|rated|\n|rule|Species Clause: Limit one of each Pok\u00e9mon\n|rule|Item Clause: Limit one of each item\n|clearpoke\n|poke|p1|Rillaboom, L50, M|\n|poke|p1|Urshifu-*, L50, M|\n|poke|p1|Arcanine-Hisui, L50, M|\n|poke|p1|Clefairy, L50, F|\n|poke|p1|Tornadus, L50, M|\n|poke|p1|Chien-Pao, L50|\n|poke|p2|Armarouge, L50, M|\n|poke|p2|Indeedee-F, L50, F|\n|poke|p2|Goodra-Hisui, L50, M|\n|poke|p2|Landorus-Therian, L50, M|\n|poke|p2|Ogerpon-Wellspring, L50, F|\n|poke|p2|Flutter Mane, L50|\n|teampreview|4\n|inactive|Battle timer is ON: inactive players will automatically lose when time's up. (requested by elportaldeljuego2)\n|inactive|elportaldeljuego2 has 60 seconds left.\n|\n|t:|1699746627\n|start\n|switch|p1a: Tornadus|Tornadus, L50, M, shiny|100\/100\n|switch|p1b: Urshifu|Urshifu-Rapid-Strike, L50, M|100\/100\n|switch|p2a: Flutter Mane|Flutter Mane, L50|100\/100\n|switch|p2b: Indeedee|Indeedee-F, L50, F, shiny|100\/100\n|-fieldstart|move: Psychic Terrain|[from] ability: Psychic Surge|[of] p2b: Indeedee\n|-enditem|p2a: Flutter Mane|Booster Energy\n|-activate|p2a: Flutter Mane|ability: Protosynthesis|[fromitem]\n|-start|p2a: Flutter Mane|protosynthesisspa\n|turn|1\n|inactive|YoskinPataNegra has 30 seconds left.\n|inactive|elportaldeljuego2 has 30 seconds left.\n|inactive|YoskinPataNegra has 20 seconds left.\n|inactive|elportaldeljuego2 has 20 seconds left.\n|\n|t:|1699746668\n|move|p1a: Tornadus|Tailwind|p1a: Tornadus\n|-sidestart|p1: YoskinPataNegra|move: Tailwind\n|move|p1b: Urshifu|Substitute|p1b: Urshifu\n|-start|p1b: Urshifu|Substitute\n|-damage|p1b: Urshifu|76\/100\n|move|p2a: Flutter Mane|Moonblast|p1b: Urshifu\n|-supereffective|p1b: Urshifu\n|-end|p1b: Urshifu|Substitute\n|move|p2b: Indeedee|Trick Room|p2b: Indeedee\n|-fieldstart|move: Trick Room|[of] p2b: Indeedee\n|\n|upkeep\n|turn|2\n|inactive|YoskinPataNegra has 30 seconds left.\n|inactive|elportaldeljuego2 has 30 seconds left.\n|inactive|YoskinPataNegra has 20 seconds left.\n|\n|t:|1699746706\n|switch|p1b: Chien-Pao|Chien-Pao, L50|100\/100\n|-ability|p1b: Chien-Pao|Sword of Ruin\n|move|p2b: Indeedee|Follow Me|p2b: Indeedee\n|-singleturn|p2b: Indeedee|move: Follow Me\n|move|p1a: Tornadus|Rain Dance|p1a: Tornadus\n|-weather|RainDance\n|move|p2a: Flutter Mane|Dazzling Gleam|p1b: Chien-Pao|[spread] p1a,p1b\n|-supereffective|p1b: Chien-Pao\n|-damage|p1a: Tornadus|56\/100\n|-enditem|p1b: Chien-Pao|Focus Sash\n|-damage|p1b: Chien-Pao|1\/100\n|\n|-weather|RainDance|[upkeep]\n|upkeep\n|turn|3\n|\n|t:|1699746731\n|-end|p2a: Flutter Mane|Protosynthesis|[silent]\n|switch|p2a: Goodra|Goodra-Hisui, L50, M, shiny|100\/100\n|switch|p1a: Rillaboom|Rillaboom, L50, M, shiny|100\/100\n|-fieldstart|move: Grassy Terrain|[from] ability: Grassy Surge|[of] p1a: Rillaboom\n|move|p1b: Chien-Pao|Sucker Punch||[still]\n|-fail|p1b: Chien-Pao\n|move|p2b: Indeedee|Dazzling Gleam|p1b: Chien-Pao|[spread] p1a,p1b\n|-supereffective|p1b: Chien-Pao\n|-damage|p1a: Rillaboom|88\/100\n|-damage|p1b: Chien-Pao|0 fnt\n|faint|p1b: Chien-Pao\n|\n|-weather|RainDance|[upkeep]\n|-heal|p1a: Rillaboom|94\/100|[from] Grassy Terrain\n|upkeep\n|\n|t:|1699746739\n|switch|p1b: Urshifu|Urshifu-Rapid-Strike, L50, M|76\/100\n|turn|4\n|\n|t:|1699746755\n|switch|p2b: Landorus|Landorus-Therian, L50, M|100\/100\n|-ability|p2b: Landorus|Intimidate|boost\n|-unboost|p1a: Rillaboom|atk|1\n|-unboost|p1b: Urshifu|atk|1\n|move|p2a: Goodra|Protect|p2a: Goodra\n|-singleturn|p2a: Goodra|Protect\n|move|p1a: Rillaboom|Fake Out|p2a: Goodra\n|-activate|p2a: Goodra|move: Protect\n|move|p1b: Urshifu|Bulk Up|p1b: Urshifu\n|-boost|p1b: Urshifu|atk|1\n|-boost|p1b: Urshifu|def|1\n|\n|-weather|RainDance|[upkeep]\n|-heal|p1b: Urshifu|82\/100|[from] Grassy Terrain\n|-heal|p1a: Rillaboom|99\/100|[from] Grassy Terrain\n|-sideend|p1: YoskinPataNegra|move: Tailwind\n|upkeep\n|turn|5\n|inactive|elportaldeljuego2 has 30 seconds left.\n|\n|t:|1699746785\n|switch|p2b: Indeedee|Indeedee-F, L50, F, shiny|100\/100\n|-fieldstart|move: Psychic Terrain|[from] ability: Psychic Surge|[of] p2b: Indeedee\n|-terastallize|p1b: Urshifu|Water\n|move|p2a: Goodra|Shelter|p2a: Goodra\n|-boost|p2a: Goodra|def|2\n|move|p1b: Urshifu|Surging Strikes|p2b: Indeedee\n|-crit|p2b: Indeedee\n|-damage|p2b: Indeedee|51\/100\n|-damage|p1b: Urshifu|65\/100|[from] item: Rocky Helmet|[of] p2b: Indeedee\n|-crit|p2b: Indeedee\n|-damage|p2b: Indeedee|2\/100\n|-damage|p1b: Urshifu|48\/100|[from] item: Rocky Helmet|[of] p2b: Indeedee\n|-crit|p2b: Indeedee\n|-damage|p2b: Indeedee|0 fnt\n|-damage|p1b: Urshifu|32\/100|[from] item: Rocky Helmet|[of] p2b: Indeedee\n|faint|p2b: Indeedee\n|-hitcount|p2: Indeedee|3\n|move|p1a: Rillaboom|U-turn|p2a: Goodra\n|-resisted|p2a: Goodra\n|-damage|p2a: Goodra|98\/100\n|\n|t:|1699746798\n|switch|p1a: Tornadus|Tornadus, L50, M, shiny|56\/100|[from] U-turn\n|\n|-weather|RainDance|[upkeep]\n|-heal|p2a: Goodra|100\/100|[from] item: Leftovers\n|-fieldend|move: Trick Room\n|upkeep\n|\n|t:|1699746813\n|switch|p2b: Landorus|Landorus-Therian, L50, M|100\/100\n|-ability|p2b: Landorus|Intimidate|boost\n|-unboost|p1a: Tornadus|atk|1\n|-unboost|p1b: Urshifu|atk|1\n|turn|6\n|\n|t:|1699746838\n|move|p1a: Tornadus|Tailwind|p1a: Tornadus\n|-sidestart|p1: YoskinPataNegra|move: Tailwind\n|move|p1b: Urshifu|Surging Strikes|p2b: Landorus\n|-supereffective|p2b: Landorus\n|-crit|p2b: Landorus\n|-damage|p2b: Landorus|0 fnt\n|faint|p2b: Landorus\n|-hitcount|p2: Landorus|1\n|move|p2a: Goodra|Shelter|p2a: Goodra\n|-boost|p2a: Goodra|def|2\n|\n|-weather|none\n|upkeep\n|\n|t:|1699746843\n|switch|p2b: Flutter Mane|Flutter Mane, L50|100\/100\n|turn|7\n|\n|t:|1699746867\n|move|p1a: Tornadus|Rain Dance|p1a: Tornadus\n|-weather|RainDance\n|move|p1b: Urshifu|Surging Strikes|p2b: Flutter Mane\n|-crit|p2b: Flutter Mane\n|-damage|p2b: Flutter Mane|7\/100\n|-crit|p2b: Flutter Mane\n|-damage|p2b: Flutter Mane|0 fnt\n|faint|p2b: Flutter Mane\n|-end|p2b: Flutter Mane|Protosynthesis|[silent]\n|-hitcount|p2: Flutter Mane|2\n|move|p2a: Goodra|Body Press|p1b: Urshifu\n|-damage|p1b: Urshifu|0 fnt\n|faint|p1b: Urshifu\n|\n|-weather|RainDance|[upkeep]\n|upkeep\n|\n|t:|1699746872\n|switch|p1b: Rillaboom|Rillaboom, L50, M, shiny|99\/100\n|-fieldstart|move: Grassy Terrain|[from] ability: Grassy Surge|[of] p1b: Rillaboom\n|turn|8\n|\n|t:|1699746879\n|move|p2a: Goodra|Protect|p2a: Goodra\n|-singleturn|p2a: Goodra|Protect\n|move|p1b: Rillaboom|Fake Out|p2a: Goodra\n|-activate|p2a: Goodra|move: Protect\n|move|p1a: Tornadus|Bleakwind Storm|p2a: Goodra\n|-activate|p2a: Goodra|move: Protect\n|\n|-weather|RainDance|[upkeep]\n|-heal|p1b: Rillaboom|100\/100|[from] Grassy Terrain\n|upkeep\n|turn|9\n|\n|t:|1699746894\n|move|p1a: Tornadus|Bleakwind Storm|p2a: Goodra\n|-resisted|p2a: Goodra\n|-damage|p2a: Goodra|84\/100\n|move|p1b: Rillaboom|Wood Hammer|p2a: Goodra\n|-resisted|p2a: Goodra\n|-damage|p2a: Goodra|79\/100\n|-damage|p1b: Rillaboom|99\/100|[from] Recoil\n|move|p2a: Goodra|Body Press|p1b: Rillaboom\n|-damage|p1b: Rillaboom|16\/100\n|\n|-weather|RainDance|[upkeep]\n|-heal|p1b: Rillaboom|22\/100|[from] Grassy Terrain\n|-heal|p2a: Goodra|85\/100|[from] Grassy Terrain\n|-heal|p2a: Goodra|91\/100|[from] item: Leftovers\n|-sideend|p1: YoskinPataNegra|move: Tailwind\n|upkeep\n|turn|10\n|\n|t:|1699746916\n|move|p1a: Tornadus|Bleakwind Storm|p2a: Goodra\n|-resisted|p2a: Goodra\n|-damage|p2a: Goodra|75\/100\n|move|p1b: Rillaboom|Wood Hammer|p2a: Goodra\n|-resisted|p2a: Goodra\n|-damage|p2a: Goodra|71\/100\n|-damage|p1b: Rillaboom|20\/100|[from] Recoil\n|move|p2a: Goodra|Life Dew|p2a: Goodra\n|-heal|p2a: Goodra|96\/100\n|\n|-weather|RainDance|[upkeep]\n|-heal|p1b: Rillaboom|26\/100|[from] Grassy Terrain\n|-heal|p2a: Goodra|100\/100|[from] Grassy Terrain\n|upkeep\n|turn|11\n|-message|YoskinPataNegra forfeited.\n|\n|win|elportaldeljuego2\n|raw|YoskinPataNegra's rating: 1199 &rarr; <strong>1171<\/strong><br \/>(-28 for losing)\n|raw|elportaldeljuego2's rating: 1155 &rarr; <strong>1183<\/strong><br \/>(+28 for winning)\n|l|\u2606YoskinPataNegra\n","uploadtime":1699746941,"views":14,"p1id":"yoskinpatanegra","p2id":"elportaldeljuego2","formatid":"gen9vgc2023regulatione","rating":1171,"private":0,"password":""}