{"id":"gen9vgc2023regulatione-1996699449","p1":"kid_the_phantom","p2":"Mr.X&Y97","format":"[Gen 9] VGC 2023 Regulation E","log":"|j|\u2606kid_the_phantom\n|j|\u2606Mr.X&Y97\n|t:|1700711357\n|gametype|doubles\n|player|p1|kid_the_phantom|102|1312\n|player|p2|Mr.X&Y97|ingo|1300\n|teamsize|p1|6\n|teamsize|p2|6\n|gen|9\n|tier|[Gen 9] VGC 2023 Regulation E\n|rated|\n|rule|Species Clause: Limit one of each Pok\u00e9mon\n|rule|Item Clause: Limit one of each item\n|clearpoke\n|poke|p1|Cresselia, L50, F|\n|poke|p1|Urshifu-*, L50, F|\n|poke|p1|Chien-Pao, L50|\n|poke|p1|Ursaluna-Bloodmoon, L50, M|\n|poke|p1|Arcanine, L50, F|\n|poke|p1|Sinistcha, L50|\n|poke|p2|Ogerpon-Wellspring, L50, F|\n|poke|p2|Conkeldurr, L50, M|\n|poke|p2|Munkidori, L50, M|\n|poke|p2|Landorus-Therian, L50, M|\n|poke|p2|Tornadus, L50, M|\n|poke|p2|Gholdengo, L50|\n|teampreview|4\n|inactive|Battle timer is ON: inactive players will automatically lose when time's up. (requested by Mr.X&Y97)\n|j| BoNixDix\nMr.X&Y97 rejected open team sheets.\n|inactive|Mr.X&Y97 has 60 seconds left.\n|\n|t:|1700711396\n|start\n|switch|p1a: Ursaluna|Ursaluna-Bloodmoon, L50, M|100\/100\n|switch|p1b: Chien-Pao|Chien-Pao, L50|100\/100\n|switch|p2a: Munkidori|Munkidori, L50, M|100\/100\n|switch|p2b: Tornadus|Tornadus, L50, M|100\/100\n|-ability|p1b: Chien-Pao|Sword of Ruin\n|turn|1\n|n| BoNixDix|bonixdix\n|\n|t:|1700711408\n|move|p1b: Chien-Pao|Protect|p1b: Chien-Pao\n|-singleturn|p1b: Chien-Pao|Protect\n|move|p2a: Munkidori|Fake Out|p1b: Chien-Pao\n|-activate|p1b: Chien-Pao|move: Protect\n|move|p2b: Tornadus|Tailwind|p2b: Tornadus\n|-sidestart|p2: Mr.X&Y97|move: Tailwind\n|move|p1a: Ursaluna|Hyper Voice|p2b: Tornadus|[spread] p2a,p2b\n|-damage|p2a: Munkidori|34\/100\n|-damage|p2b: Tornadus|22\/100\n|\n|upkeep\n|turn|2\n|\n|t:|1700711424\n|move|p1b: Chien-Pao|Sucker Punch|p2b: Tornadus\n|-damage|p2b: Tornadus|0 fnt\n|faint|p2b: Tornadus\n|move|p2a: Munkidori|Sludge Wave|p1b: Chien-Pao|[spread] p1a,p1b\n|-resisted|p1a: Ursaluna\n|-damage|p1a: Ursaluna|81\/100\n|-damage|p1b: Chien-Pao|41\/100\n|-status|p1b: Chien-Pao|tox|[from] ability: Toxic Chain|[of] p2a: Munkidori\n|move|p1a: Ursaluna|Hyper Voice|p2a: Munkidori\n|-crit|p2a: Munkidori\n|-damage|p2a: Munkidori|0 fnt\n|faint|p2a: Munkidori\n|\n|-damage|p1b: Chien-Pao|35\/100 tox|[from] psn\n|upkeep\n|\n|t:|1700711430\n|switch|p2b: Gholdengo|Gholdengo, L50|100\/100\n|switch|p2a: Conkeldurr|Conkeldurr, L50, M, shiny|100\/100\n|turn|3\n|\n|t:|1700711445\n|switch|p1a: Arcanine|Arcanine, L50, F|100\/100\n|-ability|p1a: Arcanine|Intimidate|boost\n|-unboost|p2a: Conkeldurr|atk|1\n|-unboost|p2b: Gholdengo|atk|1\n|-terastallize|p2b: Gholdengo|Steel\n|-terastallize|p1b: Chien-Pao|Dark\n|move|p1b: Chien-Pao|Sucker Punch|p2b: Gholdengo\n|-damage|p2b: Gholdengo|41\/100\n|move|p2b: Gholdengo|Make It Rain|p1b: Chien-Pao|[spread] p1a,p1b\n|-resisted|p1a: Arcanine\n|-damage|p1a: Arcanine|51\/100\n|-damage|p1b: Chien-Pao|0 fnt\n|-unboost|p2b: Gholdengo|spa|1\n|faint|p1b: Chien-Pao\n|move|p2a: Conkeldurr|Drain Punch|p1a: Arcanine\n|-damage|p1a: Arcanine|13\/100\n|\n|-status|p2a: Conkeldurr|brn|[from] item: Flame Orb\n|upkeep\n|inactive|kid_the_phantom has 30 seconds left.\n|\n|t:|1700711479\n|switch|p1b: Ursaluna|Ursaluna-Bloodmoon, L50, M|81\/100\n|turn|4\n|\n|t:|1700711496\n|move|p1a: Arcanine|Extreme Speed|p2a: Conkeldurr\n|-damage|p2a: Conkeldurr|62\/100 brn\n|move|p2b: Gholdengo|Make It Rain|p1a: Arcanine|[spread] p1a,p1b\n|-resisted|p1a: Arcanine\n|-damage|p1a: Arcanine|0 fnt\n|-damage|p1b: Ursaluna|31\/100\n|-unboost|p2b: Gholdengo|spa|1\n|faint|p1a: Arcanine\n|move|p2a: Conkeldurr|Drain Punch|p1b: Ursaluna\n|-supereffective|p1b: Ursaluna\n|-damage|p1b: Ursaluna|0 fnt\n|-heal|p2a: Conkeldurr|76\/100 brn|[from] drain|[of] p1b: Ursaluna\n|faint|p1b: Ursaluna\n|\n|-damage|p2a: Conkeldurr|70\/100 brn|[from] brn\n|-sideend|p2: Mr.X&Y97|move: Tailwind\n|upkeep\n|\n|t:|1700711504\n|switch|p1b: Urshifu|Urshifu-Rapid-Strike, L50, F|100\/100\n|turn|5\n|\n|t:|1700711513\n|move|p1b: Urshifu|Surging Strikes|p2a: Conkeldurr\n|-crit|p2a: Conkeldurr\n|-damage|p2a: Conkeldurr|51\/100 brn\n|-crit|p2a: Conkeldurr\n|-damage|p2a: Conkeldurr|33\/100 brn\n|-crit|p2a: Conkeldurr\n|-damage|p2a: Conkeldurr|14\/100 brn\n|-hitcount|p2a: Conkeldurr|3\n|move|p2b: Gholdengo|Make It Rain|p1b: Urshifu\n|-resisted|p1b: Urshifu\n|-damage|p1b: Urshifu|62\/100\n|-unboost|p2b: Gholdengo|spa|1\n|move|p2a: Conkeldurr|Drain Punch|p1b: Urshifu\n|-damage|p1b: Urshifu|20\/100\n|-heal|p2a: Conkeldurr|32\/100 brn|[from] drain|[of] p1b: Urshifu\n|\n|-damage|p2a: Conkeldurr|26\/100 brn|[from] brn\n|upkeep\n|turn|6\n|\n|t:|1700711528\n|move|p2a: Conkeldurr|Mach Punch|p1b: Urshifu\n|-damage|p1b: Urshifu|0 fnt\n|faint|p1b: Urshifu\n|\n|win|Mr.X&Y97\n|raw|kid_the_phantom's rating: 1312 &rarr; <strong>1291<\/strong><br \/>(-21 for losing)\n|raw|Mr.X&amp;Y97's rating: 1300 &rarr; <strong>1326<\/strong><br \/>(+26 for winning)\n","uploadtime":1700711534,"views":4,"p1id":"kidthephantom","p2id":"mrxy97","formatid":"gen9vgc2023regulatione","rating":1291,"private":0,"password":""}