{"id":"gen9vgc2023regulatione-1997787547","p1":"SoMuchAppletun","p2":"Kurrim","format":"[Gen 9] VGC 2023 Regulation E","log":"|j|\u2606SoMuchAppletun\n|j|\u2606Kurrim\n|t:|1700852672\n|gametype|doubles\n|player|p1|SoMuchAppletun|mallow-masters|1220\n|player|p2|Kurrim|pokemaniac|1229\n|teamsize|p1|6\n|teamsize|p2|6\n|gen|9\n|tier|[Gen 9] VGC 2023 Regulation E\n|rated|\n|rule|Species Clause: Limit one of each Pok\u00e9mon\n|rule|Item Clause: Limit one of each item\n|clearpoke\n|poke|p1|Enamorus, L50, F|\n|poke|p1|Sinistcha-Masterpiece, L50|\n|poke|p1|Rillaboom, L50, M|\n|poke|p1|Arcanine, L50, F|\n|poke|p1|Grimmsnarl, L50, M|\n|poke|p1|Ting-Lu, L50|\n|poke|p2|Sableye, L50, M|\n|poke|p2|Overqwil, L50, M|\n|poke|p2|Urshifu-*, L50, M|\n|poke|p2|Moltres-Galar, L50|\n|poke|p2|Kingambit, L50, F|\n|poke|p2|Wo-Chien, L50|\n|teampreview|4\n|inactive|Battle timer is ON: inactive players will automatically lose when time's up. (requested by SoMuchAppletun)\n|inactive|SoMuchAppletun has 60 seconds left.\n|\n|t:|1700852717\n|start\n|switch|p1a: Grimmsnarl|Grimmsnarl, L50, M|100\/100\n|switch|p1b: Ting-Lu|Ting-Lu, L50|100\/100\n|switch|p2a: Sableye|Sableye, L50, M|100\/100\n|switch|p2b: Overqwil|Overqwil, L50, M, shiny|100\/100\n|-ability|p1b: Ting-Lu|Vessel of Ruin\n|turn|1\n|\n|t:|1700852730\n|move|p2a: Sableye|Rain Dance|p2a: Sableye\n|-weather|RainDance\n|move|p2b: Overqwil|Liquidation|p1b: Ting-Lu\n|-supereffective|p1b: Ting-Lu\n|-damage|p1b: Ting-Lu|40\/100\n|-unboost|p1b: Ting-Lu|def|1\n|-damage|p2b: Overqwil|91\/100|[from] item: Life Orb\n|move|p1a: Grimmsnarl|Spirit Break|p2a: Sableye\n|-supereffective|p2a: Sableye\n|-damage|p2a: Sableye|38\/100\n|-unboost|p2a: Sableye|spa|1\n|-damage|p1a: Grimmsnarl|84\/100|[from] item: Rocky Helmet|[of] p2a: Sableye\n|move|p1b: Ting-Lu|Ruination|p2b: Overqwil\n|-damage|p2b: Overqwil|46\/100\n|\n|-weather|RainDance|[upkeep]\n|-heal|p1b: Ting-Lu|46\/100|[from] item: Leftovers\n|upkeep\n|turn|2\n|\n|t:|1700852749\n|switch|p1b: Sinistcha|Sinistcha-Masterpiece, L50|100\/100\n|-heal|p1a: Grimmsnarl|100\/100|[from] ability: Hospitality|[of] p1b: Sinistcha\n|move|p2a: Sableye|Helping Hand|p2b: Overqwil\n|-singleturn|p2b: Overqwil|Helping Hand|[of] p2a: Sableye\n|move|p1a: Grimmsnarl|Reflect|p1a: Grimmsnarl\n|-sidestart|p1: SoMuchAppletun|Reflect\n|move|p2b: Overqwil|Liquidation|p1b: Sinistcha\n|-resisted|p1b: Sinistcha\n|-damage|p1b: Sinistcha|74\/100\n|-damage|p2b: Overqwil|36\/100|[from] item: Life Orb\n|\n|-weather|RainDance|[upkeep]\n|upkeep\n|turn|3\n|\n|t:|1700852765\n|move|p2a: Sableye|Helping Hand|p2b: Overqwil\n|-singleturn|p2b: Overqwil|Helping Hand|[of] p2a: Sableye\n|move|p1a: Grimmsnarl|Parting Shot|p2b: Overqwil\n|-hint|Since gen 7, Dark is immune to Prankster moves.\n|-immune|p2b: Overqwil\n|move|p2b: Overqwil|Poison Jab|p1b: Sinistcha\n|-damage|p1b: Sinistcha|20\/100\n|-damage|p2b: Overqwil|26\/100|[from] item: Life Orb\n|move|p1b: Sinistcha|Matcha Gotcha|p2a: Sableye|[spread] p2a,p2b\n|-resisted|p2b: Overqwil\n|-damage|p2a: Sableye|1\/100\n|-heal|p1b: Sinistcha|43\/100|[from] drain|[of] p2a: Sableye\n|-damage|p2b: Overqwil|5\/100\n|-heal|p1b: Sinistcha|58\/100|[from] drain|[of] p2b: Overqwil\n|\n|-weather|RainDance|[upkeep]\n|upkeep\n|turn|4\n|c|\u2606SoMuchAppletun|oh duh lol\n|\n|t:|1700852788\n|move|p2b: Overqwil|Protect|p2b: Overqwil\n|-singleturn|p2b: Overqwil|Protect\n|move|p1a: Grimmsnarl|Parting Shot|p1b: Sinistcha\n|-unboost|p1b: Sinistcha|atk|1\n|-unboost|p1b: Sinistcha|spa|1\n|\n|t:|1700852793\n|switch|p1a: Ting-Lu|Ting-Lu, L50|46\/100|[from] Parting Shot\n|-ability|p1a: Ting-Lu|Vessel of Ruin\n|move|p2a: Sableye|Disable|p1b: Sinistcha\n|-start|p1b: Sinistcha|Disable|Matcha Gotcha\n|cant|p1b: Sinistcha|Disable|Matcha Gotcha\n|\n|-weather|RainDance|[upkeep]\n|-heal|p1a: Ting-Lu|52\/100|[from] item: Leftovers\n|upkeep\n|turn|5\n|\n|t:|1700852818\n|-terastallize|p1a: Ting-Lu|Ghost\n|move|p2a: Sableye|Helping Hand|p2b: Overqwil\n|-singleturn|p2b: Overqwil|Helping Hand|[of] p2a: Sableye\n|move|p2b: Overqwil|Self-Destruct|p1b: Sinistcha|[spread] \n|-immune|p2a: Sableye\n|-immune|p1a: Ting-Lu\n|-immune|p1b: Sinistcha\n|faint|p2b: Overqwil\n|move|p1b: Sinistcha|Scald|p2a: Sableye\n|-damage|p2a: Sableye|0 fnt\n|faint|p2a: Sableye\n|move|p1a: Ting-Lu|Rest|p1a: Ting-Lu\n|-status|p1a: Ting-Lu|slp|[from] move: Rest\n|-heal|p1a: Ting-Lu|100\/100 slp|[silent]\n|\n|-weather|none\n|upkeep\n|\n|t:|1700852823\n|switch|p2b: Kingambit|Kingambit, L50, F|100\/100\n|switch|p2a: Urshifu|Urshifu-Rapid-Strike, L50, M|100\/100\n|turn|6\n|\n|t:|1700852840\n|switch|p1b: Grimmsnarl|Grimmsnarl, L50, M|100\/100\n|move|p2a: Urshifu|Surging Strikes|p1a: Ting-Lu\n|-crit|p1a: Ting-Lu\n|-damage|p1a: Ting-Lu|91\/100 slp\n|-crit|p1a: Ting-Lu\n|-damage|p1a: Ting-Lu|80\/100 slp\n|-crit|p1a: Ting-Lu\n|-damage|p1a: Ting-Lu|69\/100 slp\n|-hitcount|p1a: Ting-Lu|3\n|cant|p1a: Ting-Lu|slp\n|move|p1a: Ting-Lu|Sleep Talk|p1a: Ting-Lu\n|move|p1a: Ting-Lu|Rest||[from]move: Sleep Talk|[still]\n|-fail|p1a: Ting-Lu\n|move|p2b: Kingambit|Kowtow Cleave|p1b: Grimmsnarl\n|-resisted|p1b: Grimmsnarl\n|-damage|p1b: Grimmsnarl|92\/100\n|\n|-heal|p1a: Ting-Lu|76\/100 slp|[from] item: Leftovers\n|upkeep\n|turn|7\n|inactive|Kurrim has 30 seconds left.\n|inactive|Kurrim has 20 seconds left.\n|inactive|SoMuchAppletun has 30 seconds left.\n|inactive|Kurrim has 15 seconds left.\n|\n|t:|1700852882\n|switch|p1b: Sinistcha|Sinistcha-Masterpiece, L50|58\/100\n|-heal|p1a: Ting-Lu|100\/100 slp|[from] ability: Hospitality|[of] p1b: Sinistcha\n|move|p2a: Urshifu|Surging Strikes|p1b: Sinistcha\n|-resisted|p1b: Sinistcha\n|-crit|p1b: Sinistcha\n|-damage|p1b: Sinistcha|47\/100\n|-resisted|p1b: Sinistcha\n|-crit|p1b: Sinistcha\n|-damage|p1b: Sinistcha|37\/100\n|-resisted|p1b: Sinistcha\n|-crit|p1b: Sinistcha\n|-damage|p1b: Sinistcha|26\/100\n|-hitcount|p1b: Sinistcha|3\n|cant|p1a: Ting-Lu|slp\n|move|p1a: Ting-Lu|Sleep Talk|p1a: Ting-Lu\n|move|p1a: Ting-Lu|Body Press|p2a: Urshifu|[from]move: Sleep Talk\n|-crit|p2a: Urshifu\n|-damage|p2a: Urshifu|60\/100\n|move|p2b: Kingambit|Iron Head|p1b: Sinistcha\n|-damage|p1b: Sinistcha|0 fnt\n|faint|p1b: Sinistcha\n|\n|upkeep\n|\n|t:|1700852902\n|switch|p1b: Grimmsnarl|Grimmsnarl, L50, M|92\/100\n|turn|8\n|inactive|Kurrim has 30 seconds left.\n|inactive|Kurrim has 20 seconds left.\n|inactive|Kurrim has 15 seconds left.\n|inactive|Kurrim has 10 seconds left.\n|\n|t:|1700852952\n|move|p2a: Urshifu|Surging Strikes|p1a: Ting-Lu\n|-crit|p1a: Ting-Lu\n|-damage|p1a: Ting-Lu|89\/100 slp\n|-crit|p1a: Ting-Lu\n|-damage|p1a: Ting-Lu|80\/100 slp\n|-crit|p1a: Ting-Lu\n|-damage|p1a: Ting-Lu|69\/100 slp\n|-hitcount|p1a: Ting-Lu|3\n|move|p1b: Grimmsnarl|Spirit Break|p2a: Urshifu\n|-supereffective|p2a: Urshifu\n|-damage|p2a: Urshifu|0 fnt\n|faint|p2a: Urshifu\n|-curestatus|p1a: Ting-Lu|slp|[msg]\n|move|p1a: Ting-Lu|Body Press|p2b: Kingambit\n|-supereffective|p2b: Kingambit\n|-damage|p2b: Kingambit|17\/100\n|move|p2b: Kingambit|Kowtow Cleave|p1a: Ting-Lu\n|-supereffective|p1a: Ting-Lu\n|-damage|p1a: Ting-Lu|35\/100\n|\n|-heal|p1a: Ting-Lu|41\/100|[from] item: Leftovers\n|upkeep\n|turn|9\n|-message|Kurrim forfeited.\n|\n|win|SoMuchAppletun\n|raw|SoMuchAppletun's rating: 1220 &rarr; <strong>1246<\/strong><br \/>(+26 for winning)\n|raw|Kurrim's rating: 1229 &rarr; <strong>1203<\/strong><br \/>(-26 for losing)\n|l|\u2606Kurrim\n","uploadtime":1700852979,"views":3,"p1id":"somuchappletun","p2id":"kurrim","formatid":"gen9vgc2023regulatione","rating":1203,"private":0,"password":""}