{"id":"gen9vgc2023regulatione-1997852154","p1":"saltonthealt","p2":"CoachTom94","format":"[Gen 9] VGC 2023 Regulation E","log":"|j|\u2606saltonthealt\n|j|\u2606CoachTom94\n|t:|1700859799\n|gametype|doubles\n|player|p1|saltonthealt|swimmerf|1401\n|player|p2|CoachTom94|alder|1433\n|teamsize|p1|6\n|teamsize|p2|6\n|gen|9\n|tier|[Gen 9] VGC 2023 Regulation E\n|rated|\n|rule|Species Clause: Limit one of each Pok\u00e9mon\n|rule|Item Clause: Limit one of each item\n|clearpoke\n|poke|p1|Houndstone, L50, M|\n|poke|p1|Tyranitar, L50, M|\n|poke|p1|Roaring Moon, L50|\n|poke|p1|Ogerpon-Wellspring, L50, F|\n|poke|p1|Heatran, L50, M|\n|poke|p1|Landorus-Therian, L50, M|\n|poke|p2|Ogerpon-Wellspring, L50, F|\n|poke|p2|Flutter Mane, L50|\n|poke|p2|Gholdengo, L50|\n|poke|p2|Arcanine-Hisui, L50, M|\n|poke|p2|Dragonite, L50, M|\n|poke|p2|Chien-Pao, L50|\n|teampreview|4\n|\n|t:|1700859887\n|start\n|switch|p1a: AWOOOOOO|Houndstone, L50, M|100\/100\n|switch|p1b: Landorus|Landorus-Therian, L50, M|100\/100\n|switch|p2a: Arcanine|Arcanine-Hisui, L50, M|100\/100\n|switch|p2b: Chien-Pao|Chien-Pao, L50|100\/100\n|-ability|p1b: Landorus|Intimidate|boost\n|-unboost|p2a: Arcanine|atk|1\n|-unboost|p2b: Chien-Pao|atk|1\n|-ability|p2b: Chien-Pao|Sword of Ruin\n|-ability|p2a: Arcanine|Intimidate|boost\n|-unboost|p1a: AWOOOOOO|atk|1\n|-unboost|p1b: Landorus|atk|1\n|turn|1\n|\n|t:|1700859923\n|switch|p2a: Dragonite|Dragonite, L50, M|100\/100\n|move|p2b: Chien-Pao|Protect|p2b: Chien-Pao\n|-singleturn|p2b: Chien-Pao|Protect\n|move|p1b: Landorus|U-turn|p2a: Dragonite\n|-resisted|p2a: Dragonite\n|-damage|p2a: Dragonite|89\/100\n|\n|t:|1700859934\n|switch|p1b: Tyranitar|Tyranitar, L50, M|100\/100|[from] U-turn\n|-weather|Sandstorm|[from] ability: Sand Stream|[of] p1b: Tyranitar\n|move|p1a: AWOOOOOO|Will-O-Wisp|p2b: Chien-Pao\n|-activate|p2b: Chien-Pao|move: Protect\n|\n|-weather|Sandstorm|[upkeep]\n|-damage|p2b: Chien-Pao|95\/100|[from] Sandstorm\n|-damage|p2a: Dragonite|84\/100|[from] Sandstorm\n|upkeep\n|turn|2\n|\n|t:|1700859952\n|switch|p2b: Arcanine|Arcanine-Hisui, L50, M|100\/100\n|-ability|p2b: Arcanine|Intimidate|boost\n|-unboost|p1a: AWOOOOOO|atk|1\n|-unboost|p1b: Tyranitar|atk|1\n|-terastallize|p1b: Tyranitar|Fairy\n|move|p1a: AWOOOOOO|Will-O-Wisp|p2a: Dragonite\n|-status|p2a: Dragonite|brn\n|move|p1b: Tyranitar|Tera Blast|p2b: Arcanine|[anim] Tera Blast Fairy\n|-resisted|p2b: Arcanine\n|-damage|p2b: Arcanine|84\/100\n|move|p2a: Dragonite|Stomping Tantrum|p1b: Tyranitar\n|-damage|p1b: Tyranitar|83\/100\n|\n|-weather|Sandstorm|[upkeep]\n|-damage|p1b: Tyranitar|77\/100|[from] Sandstorm\n|-damage|p2a: Dragonite|78\/100 brn|[from] Sandstorm\n|-damage|p2a: Dragonite|72\/100 brn|[from] brn\n|upkeep\n|turn|3\n|\n|t:|1700859988\n|switch|p1b: Landorus|Landorus-Therian, L50, M|100\/100\n|-ability|p1b: Landorus|Intimidate|boost\n|-fail|p2a: Dragonite|unboost|Attack|[from] ability: Inner Focus|[of] p2a: Dragonite\n|-unboost|p2b: Arcanine|atk|1\n|-terastallize|p2b: Arcanine|Grass\n|move|p1a: AWOOOOOO|Howl|p1a: AWOOOOOO|[spread] p1a,p1b\n|-boost|p1a: AWOOOOOO|atk|1\n|-boost|p1b: Landorus|atk|1\n|move|p2b: Arcanine|Rock Slide|p1b: Landorus|[spread] p1b\n|-miss|p2b: Arcanine|p1a: AWOOOOOO\n|-damage|p1b: Landorus|80\/100\n|move|p2a: Dragonite|Stomping Tantrum|p1b: Landorus\n|-immune|p1b: Landorus\n|\n|-weather|Sandstorm|[upkeep]\n|-damage|p2b: Arcanine|78\/100|[from] Sandstorm\n|-damage|p2a: Dragonite|66\/100 brn|[from] Sandstorm\n|-damage|p2a: Dragonite|60\/100 brn|[from] brn\n|upkeep\n|turn|4\n|\n|t:|1700860027\n|move|p1a: AWOOOOOO|Howl|p1a: AWOOOOOO|[spread] p1a,p1b\n|-boost|p1a: AWOOOOOO|atk|1\n|-boost|p1b: Landorus|atk|1\n|move|p1b: Landorus|Rock Slide|p2b: Arcanine|[spread] p2a,p2b\n|-supereffective|p2a: Dragonite\n|-damage|p2a: Dragonite|0 fnt\n|-damage|p2b: Arcanine|34\/100\n|faint|p2a: Dragonite\n|move|p2b: Arcanine|Flare Blitz|p1b: Landorus\n|-damage|p1b: Landorus|38\/100\n|-damage|p2b: Arcanine|22\/100|[from] Recoil\n|\n|-weather|Sandstorm|[upkeep]\n|-damage|p2b: Arcanine|16\/100|[from] Sandstorm\n|upkeep\n|\n|t:|1700860040\n|switch|p2a: Chien-Pao|Chien-Pao, L50|95\/100\n|-ability|p2a: Chien-Pao|Sword of Ruin\n|turn|5\n|\n|t:|1700860066\n|switch|p1b: Ogerpon|Ogerpon-Wellspring, L50, F|100\/100\n|move|p2b: Arcanine|Extreme Speed|p1b: Ogerpon\n|-damage|p1b: Ogerpon|76\/100\n|move|p1a: AWOOOOOO|Last Respects|p2b: Arcanine\n|-damage|p2b: Arcanine|0 fnt\n|faint|p2b: Arcanine\n|move|p2a: Chien-Pao|Ice Spinner|p1a: AWOOOOOO\n|-damage|p1a: AWOOOOOO|57\/100\n|\n|-weather|none\n|upkeep\n|\n|t:|1700860078\n|switch|p2b: Ogerpon|Ogerpon-Wellspring, L50, F|100\/100\n|turn|6\n|\n|t:|1700860112\n|move|p2a: Chien-Pao|Protect|p2a: Chien-Pao\n|-singleturn|p2a: Chien-Pao|Protect\n|move|p1b: Ogerpon|Follow Me|p1b: Ogerpon\n|-singleturn|p1b: Ogerpon|move: Follow Me\n|move|p2b: Ogerpon|Ivy Cudgel|p1b: Ogerpon|[anim] Ivy Cudgel Water\n|-heal|p1b: Ogerpon|100\/100|[from] ability: Water Absorb|[of] p2b: Ogerpon\n|move|p1a: AWOOOOOO|Will-O-Wisp|p2a: Chien-Pao\n|-activate|p2a: Chien-Pao|move: Protect\n|\n|upkeep\n|turn|7\n|\n|t:|1700860135\n|move|p2a: Chien-Pao|Ice Spinner|p1b: Ogerpon\n|-damage|p1b: Ogerpon|34\/100\n|move|p1b: Ogerpon|Ivy Cudgel|p2a: Chien-Pao|[anim] Ivy Cudgel Water\n|-damage|p2a: Chien-Pao|17\/100\n|move|p2b: Ogerpon|Horn Leech|p1a: AWOOOOOO\n|-damage|p1a: AWOOOOOO|6\/100\n|-enditem|p1a: AWOOOOOO|Sitrus Berry|[eat]\n|-heal|p1a: AWOOOOOO|30\/100|[from] item: Sitrus Berry\n|move|p1a: AWOOOOOO|Will-O-Wisp|p2b: Ogerpon\n|-status|p2b: Ogerpon|brn\n|\n|-damage|p2b: Ogerpon|94\/100 brn|[from] brn\n|upkeep\n|turn|8\n|\n|t:|1700860151\n|switch|p1a: Landorus|Landorus-Therian, L50, M|38\/100\n|-ability|p1a: Landorus|Intimidate|boost\n|-unboost|p2a: Chien-Pao|atk|1\n|-unboost|p2b: Ogerpon|atk|1\n|move|p2a: Chien-Pao|Protect|p2a: Chien-Pao\n|-singleturn|p2a: Chien-Pao|Protect\n|move|p1b: Ogerpon|Spiky Shield|p1b: Ogerpon\n|-singleturn|p1b: Ogerpon|move: Protect\n|move|p2b: Ogerpon|Horn Leech|p1a: Landorus\n|-damage|p1a: Landorus|18\/100\n|-heal|p2b: Ogerpon|100\/100 brn|[from] drain|[of] p1a: Landorus\n|\n|-damage|p2b: Ogerpon|94\/100 brn|[from] brn\n|upkeep\n|turn|9\n|\n|t:|1700860168\n|move|p1b: Ogerpon|Follow Me|p1b: Ogerpon\n|-singleturn|p1b: Ogerpon|move: Follow Me\n|move|p2b: Ogerpon|Follow Me|p2b: Ogerpon\n|-singleturn|p2b: Ogerpon|move: Follow Me\n|move|p2a: Chien-Pao|Sucker Punch||[still]\n|-fail|p2a: Chien-Pao\n|move|p1a: Landorus|Rock Slide|p2a: Chien-Pao|[spread] p2b\n|-miss|p1a: Landorus|p2a: Chien-Pao\n|-damage|p2b: Ogerpon|63\/100 brn\n|\n|-damage|p2b: Ogerpon|57\/100 brn|[from] brn\n|upkeep\n|turn|10\n|\n|t:|1700860191\n|move|p1b: Ogerpon|Spiky Shield|p1b: Ogerpon\n|-singleturn|p1b: Ogerpon|move: Protect\n|move|p2a: Chien-Pao|Sucker Punch|p1a: Landorus\n|-damage|p1a: Landorus|0 fnt\n|faint|p1a: Landorus\n|move|p2b: Ogerpon|Horn Leech|p1b: Ogerpon\n|-activate|p1b: Ogerpon|move: Protect\n|-damage|p2b: Ogerpon|45\/100 brn|[from] Spiky Shield|[of] p1b: Ogerpon\n|\n|-damage|p2b: Ogerpon|39\/100 brn|[from] brn\n|upkeep\n|\n|t:|1700860199\n|switch|p1a: AWOOOOOO|Houndstone, L50, M|30\/100\n|turn|11\n|\n|t:|1700860211\n|switch|p1b: Tyranitar|Tyranitar, L50, M, tera:Fairy|77\/100\n|-weather|Sandstorm|[from] ability: Sand Stream|[of] p1b: Tyranitar\n|move|p1a: AWOOOOOO|Will-O-Wisp|p2a: Chien-Pao\n|-status|p2a: Chien-Pao|brn\n|move|p2a: Chien-Pao|Ice Spinner|p1a: AWOOOOOO\n|-damage|p1a: AWOOOOOO|16\/100\n|move|p2b: Ogerpon|Horn Leech|p1a: AWOOOOOO\n|-damage|p1a: AWOOOOOO|0 fnt\n|-heal|p2b: Ogerpon|47\/100 brn|[from] drain|[of] p1a: AWOOOOOO\n|faint|p1a: AWOOOOOO\n|\n|-weather|Sandstorm|[upkeep]\n|-damage|p2a: Chien-Pao|11\/100 brn|[from] Sandstorm\n|-damage|p2b: Ogerpon|40\/100 brn|[from] Sandstorm\n|-damage|p1b: Tyranitar|71\/100|[from] Sandstorm\n|-damage|p2a: Chien-Pao|6\/100 brn|[from] brn\n|-damage|p2b: Ogerpon|34\/100 brn|[from] brn\n|upkeep\n|\n|t:|1700860217\n|switch|p1a: Ogerpon|Ogerpon-Wellspring, L50, F|34\/100\n|turn|12\n|\n|t:|1700860247\n|move|p1a: Ogerpon|Spiky Shield|p1a: Ogerpon\n|-singleturn|p1a: Ogerpon|move: Protect\n|move|p2a: Chien-Pao|Ice Spinner|p1b: Tyranitar\n|-damage|p1b: Tyranitar|54\/100\n|move|p2b: Ogerpon|Ivy Cudgel|p1b: Tyranitar|[anim] Ivy Cudgel Water\n|-damage|p1b: Tyranitar|32\/100\n|move|p1b: Tyranitar|Tera Blast|p2b: Ogerpon|[anim] Tera Blast Fairy\n|-damage|p2b: Ogerpon|0 fnt\n|faint|p2b: Ogerpon\n|\n|-weather|Sandstorm|[upkeep]\n|-damage|p2a: Chien-Pao|0 fnt|[from] Sandstorm\n|-damage|p1a: Ogerpon|29\/100|[from] Sandstorm\n|-damage|p1b: Tyranitar|26\/100|[from] Sandstorm\n|faint|p2a: Chien-Pao\n|\n|win|saltonthealt\n|upkeep\n|raw|saltonthealt's rating: 1401 &rarr; <strong>1423<\/strong><br \/>(+22 for winning)\n|raw|CoachTom94's rating: 1433 &rarr; <strong>1411<\/strong><br \/>(-22 for losing)\n|l|\u2606CoachTom94\n","uploadtime":1700860269,"views":22,"p1id":"saltonthealt","p2id":"coachtom94","formatid":"gen9vgc2023regulatione","rating":1411,"private":0,"password":""}