{"id":"gen9vgc2023regulatione-1995812873","p1":"I'm SO not cooking","p2":"Gaspar_elPro","format":"[Gen 9] VGC 2023 Regulation E","log":"|j|\u2606I'm SO not cooking\n|j|\u2606Gaspar_elPro\n|t:|1700605610\n|gametype|doubles\n|player|p1|I'm SO not cooking|1|1316\n|player|p2|Gaspar_elPro|1|1324\n|teamsize|p1|6\n|teamsize|p2|6\n|gen|9\n|tier|[Gen 9] VGC 2023 Regulation E\n|rated|\n|rule|Species Clause: Limit one of each Pok\u00e9mon\n|rule|Item Clause: Limit one of each item\n|clearpoke\n|poke|p1|Drifblim, L50, F|\n|poke|p1|Rillaboom, L50, F|\n|poke|p1|Dondozo, L50, M|\n|poke|p1|Tatsugiri, L50, M|\n|poke|p1|Urshifu-*, L50, M|\n|poke|p1|Iron Bundle, L50|\n|poke|p2|Ursaluna-Bloodmoon, L50, M|\n|poke|p2|Gholdengo, L50|\n|poke|p2|Zapdos, L50|\n|poke|p2|Iron Hands, L50|\n|poke|p2|Tauros-Paldea-Blaze, L50, M|\n|poke|p2|Baxcalibur, L50, F|\n|teampreview|4\n|inactive|Battle timer is ON: inactive players will automatically lose when time's up. (requested by I'm SO not cooking)\n|inactive|Gaspar_elPro has 60 seconds left.\n|\n|t:|1700605677\n|start\n|switch|p1a: Drifblim|Drifblim, L50, F|100\/100\n|switch|p1b: Rillaboom|Rillaboom, L50, F|100\/100\n|switch|p2a: Zapdos|Zapdos, L50|100\/100\n|switch|p2b: Tauros|Tauros-Paldea-Blaze, L50, M|100\/100\n|-fieldstart|move: Grassy Terrain|[from] ability: Grassy Surge|[of] p1b: Rillaboom\n|-enditem|p1a: Drifblim|Grassy Seed\n|-boost|p1a: Drifblim|def|1|[from] item: Grassy Seed\n|-ability|p2b: Tauros|Intimidate|boost\n|-unboost|p1a: Drifblim|atk|1\n|-unboost|p1b: Rillaboom|atk|1\n|turn|1\n|inactive|Gaspar_elPro has 30 seconds left.\n|inactive|Gaspar_elPro has 20 seconds left.\n|\n|t:|1700605713\n|move|p1b: Rillaboom|Fake Out|p2a: Zapdos\n|-damage|p2a: Zapdos|92\/100\n|-damage|p1b: Rillaboom|84\/100|[from] item: Rocky Helmet|[of] p2a: Zapdos\n|move|p1a: Drifblim|Minimize|p1a: Drifblim\n|-boost|p1a: Drifblim|evasion|2\n|move|p2b: Tauros|Raging Bull|p1a: Drifblim\n|-damage|p1a: Drifblim|74\/100\n|cant|p2a: Zapdos|flinch\n|\n|-heal|p1b: Rillaboom|90\/100|[from] Grassy Terrain\n|upkeep\n|turn|2\n|\n|t:|1700605730\n|move|p1a: Drifblim|Minimize|p1a: Drifblim\n|-boost|p1a: Drifblim|evasion|2\n|move|p2a: Zapdos|Thunderbolt|p1a: Drifblim|[miss]\n|-miss|p2a: Zapdos|p1a: Drifblim\n|move|p1b: Rillaboom|U-turn|p2b: Tauros\n|-resisted|p2b: Tauros\n|-damage|p2b: Tauros|98\/100\n|\n|t:|1700605733\n|switch|p1b: Tatsugiri|Tatsugiri, L50, M|100\/100|[from] U-turn\n|move|p2b: Tauros|Will-O-Wisp|p1b: Tatsugiri\n|-status|p1b: Tatsugiri|brn\n|\n|-heal|p2b: Tauros|100\/100|[from] Grassy Terrain\n|-damage|p1b: Tatsugiri|95\/100 brn|[from] brn\n|upkeep\n|turn|3\n|inactive|Gaspar_elPro has 30 seconds left.\n|\n|t:|1700605765\n|switch|p2b: Iron Hands|Iron Hands, L50|100\/100\n|move|p1b: Tatsugiri|Protect|p1b: Tatsugiri\n|-singleturn|p1b: Tatsugiri|Protect\n|move|p1a: Drifblim|Minimize|p1a: Drifblim\n|-boost|p1a: Drifblim|evasion|2\n|move|p2a: Zapdos|Thunderbolt|p1a: Drifblim|[miss]\n|-miss|p2a: Zapdos|p1a: Drifblim\n|\n|-heal|p1b: Tatsugiri|100\/100 brn|[from] Grassy Terrain\n|-damage|p1b: Tatsugiri|95\/100 brn|[from] brn\n|upkeep\n|turn|4\n|inactive|Gaspar_elPro has 30 seconds left.\n|\n|t:|1700605793\n|move|p1a: Drifblim|Baton Pass|p1a: Drifblim\n|\n|t:|1700605798\n|switch|p1a: Dondozo|Dondozo, L50, M|100\/100|[from] Baton Pass\n|-activate|p1b: Tatsugiri|ability: Commander|[of] p1a: Dondozo\n|-boost|p1a: Dondozo|atk|2\n|-boost|p1a: Dondozo|spa|2\n|-boost|p1a: Dondozo|spe|2\n|-boost|p1a: Dondozo|def|2\n|-boost|p1a: Dondozo|spd|2\n|move|p2a: Zapdos|Thunderbolt|p1a: Dondozo\n|-supereffective|p1a: Dondozo\n|-damage|p1a: Dondozo|68\/100\n|move|p2b: Iron Hands|Wild Charge|p1a: Dondozo|[miss]\n|-miss|p2b: Iron Hands|p1a: Dondozo\n|\n|-heal|p1a: Dondozo|74\/100|[from] Grassy Terrain\n|-heal|p1a: Dondozo|79\/100|[from] item: Leftovers\n|-heal|p1b: Tatsugiri|100\/100 brn|[from] Grassy Terrain\n|-damage|p1b: Tatsugiri|95\/100 brn|[from] brn\n|upkeep\n|turn|5\n|\n|t:|1700605819\n|-terastallize|p1a: Dondozo|Dragon\n|move|p1a: Dondozo|Order Up|p2a: Zapdos\n|-damage|p2a: Zapdos|60\/100\n|-boost|p1a: Dondozo|atk|1\n|move|p2a: Zapdos|Thunderbolt|p1a: Dondozo|[miss]\n|-miss|p2a: Zapdos|p1a: Dondozo\n|move|p2b: Iron Hands|Wild Charge|p1a: Dondozo\n|-resisted|p1a: Dondozo\n|-damage|p1a: Dondozo|73\/100\n|-damage|p2b: Iron Hands|99\/100|[from] Recoil\n|\n|-heal|p1a: Dondozo|79\/100|[from] Grassy Terrain\n|-heal|p1a: Dondozo|85\/100|[from] item: Leftovers\n|-heal|p1b: Tatsugiri|100\/100 brn|[from] Grassy Terrain\n|-heal|p2b: Iron Hands|100\/100|[from] Grassy Terrain\n|-damage|p1b: Tatsugiri|95\/100 brn|[from] brn\n|-fieldend|move: Grassy Terrain\n|upkeep\n|turn|6\n|inactive|Gaspar_elPro has 30 seconds left.\n|\n|t:|1700605847\n|switch|p2a: Tauros|Tauros-Paldea-Blaze, L50, M|100\/100\n|-ability|p2a: Tauros|Intimidate|boost\n|-fail|p1a: Dondozo|unboost|Attack|[from] ability: Oblivious|[of] p1a: Dondozo\n|-unboost|p1b: Tatsugiri|atk|1\n|move|p1a: Dondozo|Order Up|p2a: Tauros\n|-damage|p2a: Tauros|62\/100\n|-boost|p1a: Dondozo|atk|1\n|move|p2b: Iron Hands|Drain Punch|p1a: Dondozo|[miss]\n|-miss|p2b: Iron Hands|p1a: Dondozo\n|\n|-heal|p1a: Dondozo|90\/100|[from] item: Leftovers\n|-heal|p2a: Tauros|68\/100|[from] item: Leftovers\n|-damage|p1b: Tatsugiri|89\/100 brn|[from] brn\n|upkeep\n|turn|7\n|\n|t:|1700605870\n|switch|p2a: Zapdos|Zapdos, L50|60\/100\n|-end|p2b: Iron Hands|Quark Drive|[silent]\n|switch|p2b: Baxcalibur|Baxcalibur, L50, F|100\/100\n|move|p1a: Dondozo|Wave Crash|p2a: Zapdos\n|-damage|p2a: Zapdos|0 fnt\n|-damage|p1a: Dondozo|74\/100|[from] item: Rocky Helmet|[of] p2a: Zapdos\n|faint|p2a: Zapdos\n|-damage|p1a: Dondozo|58\/100|[from] Recoil\n|\n|-heal|p1a: Dondozo|64\/100|[from] item: Leftovers\n|-damage|p1b: Tatsugiri|84\/100 brn|[from] brn\n|upkeep\n|\n|t:|1700605883\n|switch|p2a: Tauros|Tauros-Paldea-Blaze, L50, M|68\/100\n|-ability|p2a: Tauros|Intimidate|boost\n|-fail|p1a: Dondozo|unboost|Attack|[from] ability: Oblivious|[of] p1a: Dondozo\n|-unboost|p1b: Tatsugiri|atk|1\n|turn|8\n|inactive|Gaspar_elPro has 30 seconds left.\n|\n|t:|1700605914\n|switch|p2a: Iron Hands|Iron Hands, L50|100\/100\n|move|p1a: Dondozo|Protect|p1a: Dondozo\n|-singleturn|p1a: Dondozo|Protect\n|move|p2b: Baxcalibur|Icicle Spear|p1a: Dondozo\n|-activate|p1a: Dondozo|move: Protect\n|\n|-heal|p1a: Dondozo|69\/100|[from] item: Leftovers\n|-damage|p1b: Tatsugiri|78\/100 brn|[from] brn\n|upkeep\n|turn|9\n|\n|t:|1700605929\n|switch|p2b: Tauros|Tauros-Paldea-Blaze, L50, M|68\/100\n|-ability|p2b: Tauros|Intimidate|boost\n|-fail|p1a: Dondozo|unboost|Attack|[from] ability: Oblivious|[of] p1a: Dondozo\n|-unboost|p1b: Tatsugiri|atk|1\n|move|p2a: Iron Hands|Fake Out|p1a: Dondozo|[miss]\n|-miss|p2a: Iron Hands|p1a: Dondozo\n|move|p1a: Dondozo|Order Up|p2b: Tauros\n|-damage|p2b: Tauros|22\/100\n|-boost|p1a: Dondozo|atk|1\n|\n|-heal|p1a: Dondozo|75\/100|[from] item: Leftovers\n|-heal|p2b: Tauros|28\/100|[from] item: Leftovers\n|-damage|p1b: Tatsugiri|73\/100 brn|[from] brn\n|upkeep\n|turn|10\n|\n|t:|1700605952\n|-end|p2a: Iron Hands|Quark Drive|[silent]\n|switch|p2a: Baxcalibur|Baxcalibur, L50, F|100\/100\n|move|p1a: Dondozo|Earthquake|p2a: Baxcalibur|[spread] p2a,p2b\n|-miss|p1a: Dondozo|p1b: Tatsugiri\n|-supereffective|p2b: Tauros\n|-damage|p2a: Baxcalibur|54\/100\n|-damage|p2b: Tauros|0 fnt\n|faint|p2b: Tauros\n|\n|-heal|p1a: Dondozo|81\/100|[from] item: Leftovers\n|-damage|p1b: Tatsugiri|67\/100 brn|[from] brn\n|upkeep\n|\n|t:|1700605962\n|switch|p2b: Iron Hands|Iron Hands, L50|100\/100\n|turn|11\n|\n|t:|1700605976\n|move|p1a: Dondozo|Protect|p1a: Dondozo\n|-singleturn|p1a: Dondozo|Protect\n|move|p2b: Iron Hands|Fake Out|p1a: Dondozo\n|-activate|p1a: Dondozo|move: Protect\n|move|p2a: Baxcalibur|Icicle Spear|p1a: Dondozo\n|-activate|p1a: Dondozo|move: Protect\n|\n|-heal|p1a: Dondozo|87\/100|[from] item: Leftovers\n|-damage|p1b: Tatsugiri|61\/100 brn|[from] brn\n|upkeep\n|turn|12\n|\n|t:|1700605993\n|move|p1a: Dondozo|Order Up|p2a: Baxcalibur\n|-supereffective|p2a: Baxcalibur\n|-damage|p2a: Baxcalibur|0 fnt\n|faint|p2a: Baxcalibur\n|-boost|p1a: Dondozo|atk|1\n|move|p2b: Iron Hands|Wild Charge|p1a: Dondozo|[miss]\n|-miss|p2b: Iron Hands|p1a: Dondozo\n|\n|-heal|p1a: Dondozo|93\/100|[from] item: Leftovers\n|-damage|p1b: Tatsugiri|56\/100 brn|[from] brn\n|upkeep\n|turn|13\n|-message|Gaspar_elPro forfeited.\n|\n|win|I'm SO not cooking\n|raw|I&apos;m SO not cooking's rating: 1316 &rarr; <strong>1336<\/strong><br \/>(+20 for winning)\n|raw|Gaspar_elPro's rating: 1324 &rarr; <strong>1304<\/strong><br \/>(-20 for losing)\n|l|\u2606Gaspar_elPro\n","uploadtime":1700606019,"views":8,"p1id":"imsonotcooking","p2id":"gasparelpro","formatid":"gen9vgc2023regulatione","rating":1304,"private":0,"password":""}