{"id":"gen9vgc2023regulatione-1993264750","p1":"Alfredd2640","p2":"Toedscool4school","format":"[Gen 9] VGC 2023 Regulation E","log":"|j|\u2606Alfredd2640\n|j|\u2606Toedscool4school\n|t:|1700286616\n|gametype|doubles\n|player|p1|Alfredd2640|cynthia|1665\n|player|p2|Toedscool4school|sada-ai|1565\n|teamsize|p1|6\n|teamsize|p2|6\n|gen|9\n|tier|[Gen 9] VGC 2023 Regulation E\n|rated|\n|rule|Species Clause: Limit one of each Pok\u00e9mon\n|rule|Item Clause: Limit one of each item\n|clearpoke\n|poke|p1|Lurantis, L50, M|\n|poke|p1|Grimmsnarl, L50, M|\n|poke|p1|Sinistcha, L50|\n|poke|p1|Landorus-Therian, L50, M|\n|poke|p1|Flutter Mane, L50|\n|poke|p1|Chi-Yu, L50|\n|poke|p2|Chien-Pao, L50|\n|poke|p2|Regieleki, L50|\n|poke|p2|Urshifu-*, L50, F|\n|poke|p2|Tornadus, L50, M|\n|poke|p2|Rillaboom, L50, F|\n|poke|p2|Pelipper, L50, M|\n|teampreview|4\n|inactive|Battle timer is ON: inactive players will automatically lose when time's up. (requested by Alfredd2640)\n|\n|t:|1700286635\n|start\n|switch|p1a: Lurantis|Lurantis, L50, M|100\/100\n|switch|p1b: Grimmsnarl|Grimmsnarl, L50, M|100\/100\n|switch|p2a: Regieleki|Regieleki, L50|100\/100\n|switch|p2b: Rillaboom|Rillaboom, L50, F, shiny|100\/100\n|-fieldstart|move: Grassy Terrain|[from] ability: Grassy Surge|[of] p2b: Rillaboom\n|turn|1\n|\n|t:|1700286655\n|switch|p1b: Landorus|Landorus-Therian, L50, M|100\/100\n|-ability|p1b: Landorus|Intimidate|boost\n|-unboost|p2a: Regieleki|atk|1\n|-unboost|p2b: Rillaboom|atk|1\n|move|p2b: Rillaboom|Fake Out|p1b: Landorus\n|-crit|p1b: Landorus\n|-damage|p1b: Landorus|77\/100\n|move|p2a: Regieleki|Thunderbolt|p1b: Landorus\n|-immune|p1b: Landorus\n|move|p1a: Lurantis|Superpower|p2a: Regieleki\n|-damage|p2a: Regieleki|43\/100\n|-boost|p1a: Lurantis|atk|1\n|-boost|p1a: Lurantis|def|1\n|\n|-heal|p2a: Regieleki|49\/100|[from] Grassy Terrain\n|upkeep\n|turn|2\n|\n|t:|1700286675\n|move|p2a: Regieleki|Thunderbolt|p1b: Landorus\n|-immune|p1b: Landorus\n|move|p1b: Landorus|U-turn|p2b: Rillaboom\n|-supereffective|p2b: Rillaboom\n|-damage|p2b: Rillaboom|53\/100\n|\n|t:|1700286682\n|switch|p1b: Sinistcha|Sinistcha, L50, shiny|100\/100|[from] U-turn\n|move|p2b: Rillaboom|U-turn|p1a: Lurantis\n|-supereffective|p1a: Lurantis\n|-damage|p1a: Lurantis|72\/100\n|\n|t:|1700286687\n|switch|p2b: Tornadus|Tornadus, L50, M|100\/100|[from] U-turn\n|move|p1a: Lurantis|Superpower|p2a: Regieleki\n|-damage|p2a: Regieleki|0 fnt\n|-boost|p1a: Lurantis|atk|1\n|-boost|p1a: Lurantis|def|1\n|faint|p2a: Regieleki\n|\n|-heal|p1a: Lurantis|78\/100|[from] Grassy Terrain\n|-heal|p1a: Lurantis|85\/100|[from] item: Leftovers\n|upkeep\n|\n|t:|1700286698\n|switch|p2a: Rillaboom|Rillaboom, L50, F, shiny|53\/100\n|turn|3\n|\n|t:|1700286718\n|switch|p1b: Landorus|Landorus-Therian, L50, M|77\/100\n|-ability|p1b: Landorus|Intimidate|boost\n|-unboost|p2a: Rillaboom|atk|1\n|-unboost|p2b: Tornadus|atk|1\n|-terastallize|p2b: Tornadus|Flying\n|move|p1a: Lurantis|Protect|p1a: Lurantis\n|-singleturn|p1a: Lurantis|Protect\n|move|p2b: Tornadus|Bleakwind Storm|p1a: Lurantis|[spread] p1b\n|-activate|p1a: Lurantis|move: Protect\n|-damage|p1b: Landorus|49\/100\n|-unboost|p1b: Landorus|spe|1\n|move|p2a: Rillaboom|U-turn|p1b: Landorus\n|-resisted|p1b: Landorus\n|-damage|p1b: Landorus|39\/100\n|\n|t:|1700286728\n|switch|p2a: Urshifu|Urshifu-Rapid-Strike, L50, F|100\/100|[from] U-turn\n|\n|-heal|p1a: Lurantis|91\/100|[from] Grassy Terrain\n|-heal|p1a: Lurantis|97\/100|[from] item: Leftovers\n|upkeep\n|turn|4\n|\n|t:|1700286743\n|-terastallize|p1a: Lurantis|Water\n|move|p2b: Tornadus|Bleakwind Storm|p1a: Lurantis|[spread] p1a\n|-miss|p2b: Tornadus|p1b: Landorus\n|-damage|p1a: Lurantis|61\/100\n|move|p2a: Urshifu|Surging Strikes|p1a: Lurantis\n|-resisted|p1a: Lurantis\n|-crit|p1a: Lurantis\n|-damage|p1a: Lurantis|46\/100\n|-resisted|p1a: Lurantis\n|-crit|p1a: Lurantis\n|-damage|p1a: Lurantis|32\/100\n|-resisted|p1a: Lurantis\n|-crit|p1a: Lurantis\n|-damage|p1a: Lurantis|17\/100\n|-hitcount|p1a: Lurantis|3\n|move|p1b: Landorus|U-turn|p2a: Urshifu\n|-resisted|p2a: Urshifu\n|-damage|p2a: Urshifu|90\/100\n|\n|t:|1700286757\n|switch|p1b: Sinistcha|Sinistcha, L50, shiny|100\/100|[from] U-turn\n|-heal|p1a: Lurantis|42\/100|[from] ability: Hospitality|[of] p1b: Sinistcha\n|move|p1a: Lurantis|Leaf Blade|p2a: Urshifu\n|-supereffective|p2a: Urshifu\n|-crit|p2a: Urshifu\n|-damage|p2a: Urshifu|0 fnt\n|faint|p2a: Urshifu\n|\n|-heal|p1a: Lurantis|49\/100|[from] Grassy Terrain\n|-heal|p1a: Lurantis|55\/100|[from] item: Leftovers\n|upkeep\n|\n|t:|1700286759\n|switch|p2a: Rillaboom|Rillaboom, L50, F, shiny|53\/100\n|turn|5\n|\n|t:|1700286778\n|switch|p1b: Landorus|Landorus-Therian, L50, M|39\/100\n|-ability|p1b: Landorus|Intimidate|boost\n|-unboost|p2a: Rillaboom|atk|1\n|-unboost|p2b: Tornadus|atk|1\n|move|p1a: Lurantis|Protect|p1a: Lurantis\n|-singleturn|p1a: Lurantis|Protect\n|move|p2b: Tornadus|Rain Dance|p2b: Tornadus\n|-weather|RainDance\n|move|p2a: Rillaboom|Wood Hammer|p1b: Landorus\n|-damage|p1b: Landorus|0 fnt\n|faint|p1b: Landorus\n|-damage|p2a: Rillaboom|41\/100|[from] Recoil\n|\n|-weather|RainDance|[upkeep]\n|-heal|p2a: Rillaboom|47\/100|[from] Grassy Terrain\n|-heal|p1a: Lurantis|61\/100|[from] Grassy Terrain\n|-heal|p1a: Lurantis|67\/100|[from] item: Leftovers\n|-fieldend|move: Grassy Terrain\n|upkeep\n|\n|t:|1700286783\n|switch|p1b: Sinistcha|Sinistcha, L50, shiny|100\/100\n|-heal|p1a: Lurantis|92\/100|[from] ability: Hospitality|[of] p1b: Sinistcha\n|turn|6\n|\n|t:|1700286799\n|move|p2b: Tornadus|Bleakwind Storm|p1a: Lurantis|[spread] p1a,p1b\n|-supereffective|p1b: Sinistcha\n|-damage|p1a: Lurantis|56\/100\n|-damage|p1b: Sinistcha|0 fnt\n|faint|p1b: Sinistcha\n|move|p2a: Rillaboom|Wood Hammer|p1a: Lurantis\n|-supereffective|p1a: Lurantis\n|-damage|p1a: Lurantis|12\/100\n|-damage|p2a: Rillaboom|34\/100|[from] Recoil\n|move|p1a: Lurantis|Superpower|p2a: Rillaboom\n|-damage|p2a: Rillaboom|0 fnt\n|-boost|p1a: Lurantis|atk|1\n|-boost|p1a: Lurantis|def|1\n|faint|p2a: Rillaboom\n|\n|-weather|RainDance|[upkeep]\n|-heal|p1a: Lurantis|18\/100|[from] item: Leftovers\n|upkeep\n|\n|t:|1700286802\n|switch|p1b: Grimmsnarl|Grimmsnarl, L50, M|100\/100\n|turn|7\n|\n|t:|1700286812\n|move|p1a: Lurantis|Protect|p1a: Lurantis\n|-singleturn|p1a: Lurantis|Protect\n|move|p1b: Grimmsnarl|Light Screen|p1b: Grimmsnarl\n|-sidestart|p1: Alfredd2640|move: Light Screen\n|move|p2b: Tornadus|Bleakwind Storm|p1b: Grimmsnarl|[spread] p1b\n|-activate|p1a: Lurantis|move: Protect\n|-damage|p1b: Grimmsnarl|76\/100\n|\n|-weather|RainDance|[upkeep]\n|-heal|p1a: Lurantis|24\/100|[from] item: Leftovers\n|upkeep\n|turn|8\n|\n|t:|1700286817\n|move|p1b: Grimmsnarl|Fake Tears|p1a: Lurantis\n|-boost|p1a: Lurantis|spd|2\n|move|p2b: Tornadus|Bleakwind Storm|p1a: Lurantis|[spread] p1a,p1b\n|-damage|p1a: Lurantis|11\/100\n|-damage|p1b: Grimmsnarl|50\/100\n|-boost|p1a: Lurantis|spe|1\n|-unboost|p1b: Grimmsnarl|spe|1\n|move|p1a: Lurantis|Synthesis|p1a: Lurantis\n|-heal|p1a: Lurantis|36\/100\n|\n|-weather|RainDance|[upkeep]\n|-heal|p1a: Lurantis|42\/100|[from] item: Leftovers\n|upkeep\n|turn|9\n|\n|t:|1700286824\n|move|p1b: Grimmsnarl|Parting Shot|p2b: Tornadus\n|-unboost|p2b: Tornadus|atk|1\n|-unboost|p2b: Tornadus|spa|1\n|move|p2b: Tornadus|Bleakwind Storm|p1a: Lurantis|[spread] p1a,p1b\n|-damage|p1a: Lurantis|33\/100\n|-damage|p1b: Grimmsnarl|34\/100\n|move|p1a: Lurantis|Synthesis|p1a: Lurantis\n|-heal|p1a: Lurantis|58\/100\n|\n|-weather|none\n|-heal|p1a: Lurantis|64\/100|[from] item: Leftovers\n|upkeep\n|turn|10\n|\n|t:|1700286828\n|move|p1b: Grimmsnarl|Fake Tears|p1a: Lurantis\n|-boost|p1a: Lurantis|spd|2\n|move|p2b: Tornadus|Bleakwind Storm|p1b: Grimmsnarl|[spread] p1a,p1b\n|-crit|p1a: Lurantis\n|-damage|p1a: Lurantis|2\/100\n|-damage|p1b: Grimmsnarl|18\/100\n|-boost|p1a: Lurantis|spe|1\n|move|p1a: Lurantis|Synthesis|p1a: Lurantis\n|-heal|p1a: Lurantis|51\/100\n|\n|-heal|p1a: Lurantis|58\/100|[from] item: Leftovers\n|upkeep\n|turn|11\n|\n|t:|1700286842\n|move|p1b: Grimmsnarl|Fake Tears|p1a: Lurantis\n|-boost|p1a: Lurantis|spd|2\n|move|p2b: Tornadus|Bleakwind Storm|p1b: Grimmsnarl|[spread] p1b\n|-miss|p2b: Tornadus|p1a: Lurantis\n|-damage|p1b: Grimmsnarl|2\/100\n|move|p1a: Lurantis|Synthesis|p1a: Lurantis\n|-heal|p1a: Lurantis|100\/100\n|\n|-sideend|p1: Alfredd2640|move: Light Screen\n|upkeep\n|turn|12\n|\n|t:|1700286852\n|move|p1b: Grimmsnarl|Light Screen|p1b: Grimmsnarl\n|-sidestart|p1: Alfredd2640|move: Light Screen\n|move|p2b: Tornadus|Bleakwind Storm|p1a: Lurantis|[spread] p1a\n|-miss|p2b: Tornadus|p1b: Grimmsnarl\n|-damage|p1a: Lurantis|96\/100\n|-boost|p1a: Lurantis|spe|1\n|move|p1a: Lurantis|Superpower|p2b: Tornadus\n|-resisted|p2b: Tornadus\n|-damage|p2b: Tornadus|63\/100\n|-boost|p1a: Lurantis|atk|1\n|-boost|p1a: Lurantis|def|1\n|\n|-heal|p1a: Lurantis|100\/100|[from] item: Leftovers\n|upkeep\n|turn|13\n|\n|t:|1700286859\n|move|p2b: Tornadus|Rain Dance|p2b: Tornadus\n|-weather|RainDance\n|move|p1b: Grimmsnarl|Parting Shot|p2b: Tornadus\n|-unboost|p2b: Tornadus|atk|1\n|-unboost|p2b: Tornadus|spa|1\n|move|p1a: Lurantis|Superpower|p2b: Tornadus\n|-resisted|p2b: Tornadus\n|-damage|p2b: Tornadus|20\/100\n|-boost|p1a: Lurantis|atk|1\n|-boost|p1a: Lurantis|def|1\n|\n|-weather|RainDance|[upkeep]\n|upkeep\n|turn|14\n|\n|t:|1700286864\n|move|p1b: Grimmsnarl|Parting Shot|p2b: Tornadus\n|-unboost|p2b: Tornadus|atk|1\n|-unboost|p2b: Tornadus|spa|1\n|move|p1a: Lurantis|Superpower|p2b: Tornadus\n|-resisted|p2b: Tornadus\n|-damage|p2b: Tornadus|0 fnt\n|-boost|p1a: Lurantis|atk|1\n|-boost|p1a: Lurantis|def|1\n|faint|p2b: Tornadus\n|\n|win|Alfredd2640\n|raw|Alfredd2640's rating: 1665 &rarr; <strong>1679<\/strong><br \/>(+14 for winning)\n|raw|Toedscool4school's rating: 1565 &rarr; <strong>1551<\/strong><br \/>(-14 for losing)\n","uploadtime":1700286867,"views":10,"p1id":"alfredd2640","p2id":"toedscool4school","formatid":"gen9vgc2023regulatione","rating":1551,"private":0,"password":""}