{"id":"gen9vgc2023regulatione-1997364805","p1":"Abro hilo","p2":"xgemmz","format":"[Gen 9] VGC 2023 Regulation E","log":"|j|\u2606Abro hilo\n|j|\u2606xgemmz\n|t:|1700794607\n|gametype|doubles\n|player|p1|Abro hilo|pilot|1387\n|player|p2|xgemmz|265|1395\n|teamsize|p1|6\n|teamsize|p2|6\n|gen|9\n|tier|[Gen 9] VGC 2023 Regulation E\n|rated|\n|rule|Species Clause: Limit one of each Pok\u00e9mon\n|rule|Item Clause: Limit one of each item\n|clearpoke\n|poke|p1|Ninetales-Alola, L50, M|\n|poke|p1|Empoleon, L50, M|\n|poke|p1|Roaring Moon, L50|\n|poke|p1|Sinistcha, L50|\n|poke|p1|Urshifu-*, L50, M|\n|poke|p1|Arcanine-Hisui, L50, F|\n|poke|p2|Tornadus, L50, M|\n|poke|p2|Iron Hands, L50|\n|poke|p2|Urshifu-*, L50, M|\n|poke|p2|Ogerpon-Wellspring, L50, F|\n|poke|p2|Gholdengo, L50|\n|poke|p2|Arcanine-Hisui, L50, M|\n|teampreview|4\n|inactive|Battle timer is ON: inactive players will automatically lose when time's up. (requested by xgemmz)\n|inactive|Abro hilo has 60 seconds left.\n|\n|t:|1700794640\n|start\n|switch|p1a: Sinistcha|Sinistcha, L50|100\/100\n|switch|p1b: Urshifu|Urshifu, L50, M|100\/100\n|switch|p2a: Arcanine|Arcanine-Hisui, L50, M|100\/100\n|switch|p2b: Tornadus|Tornadus, L50, M, shiny|100\/100\n|-ability|p2a: Arcanine|Intimidate|boost\n|-unboost|p1a: Sinistcha|atk|1\n|-unboost|p1b: Urshifu|atk|1\n|turn|1\n|\n|t:|1700794649\n|switch|p1a: Arcanine|Arcanine-Hisui, L50, F|100\/100\n|-ability|p1a: Arcanine|Intimidate|boost\n|-unboost|p2a: Arcanine|atk|1\n|-unboost|p2b: Tornadus|atk|1\n|-terastallize|p2a: Arcanine|Fairy\n|move|p1b: Urshifu|Protect|p1b: Urshifu\n|-singleturn|p1b: Urshifu|Protect\n|move|p2b: Tornadus|Tailwind|p2b: Tornadus\n|-sidestart|p2: xgemmz|move: Tailwind\n|move|p2a: Arcanine|Flare Blitz|p1a: Arcanine\n|-resisted|p1a: Arcanine\n|-damage|p1a: Arcanine|82\/100\n|-damage|p2a: Arcanine|95\/100|[from] Recoil\n|\n|upkeep\n|turn|2\n|inactive|xgemmz has 30 seconds left.\n|inactive|xgemmz has 20 seconds left.\n|inactive|xgemmz has 15 seconds left.\n|inactive|xgemmz has 10 seconds left.\n|\n|t:|1700794694\n|switch|p2a: Iron Hands|Iron Hands, L50, shiny|100\/100\n|switch|p1b: Sinistcha|Sinistcha, L50|100\/100\n|-heal|p1a: Arcanine|100\/100|[from] ability: Hospitality|[of] p1b: Sinistcha\n|move|p2b: Tornadus|Bleakwind Storm|p1a: Arcanine|[spread] p1a,p1b\n|-resisted|p1a: Arcanine\n|-supereffective|p1b: Sinistcha\n|-damage|p1a: Arcanine|82\/100\n|-damage|p1b: Sinistcha|22\/100\n|move|p1a: Arcanine|Flare Blitz|p2a: Iron Hands\n|-damage|p2a: Iron Hands|42\/100\n|-status|p2a: Iron Hands|brn\n|-damage|p1a: Arcanine|54\/100|[from] Recoil\n|\n|-damage|p2a: Iron Hands|36\/100 brn|[from] brn\n|upkeep\n|turn|3\n|inactive|Abro hilo has 30 seconds left.\n|inactive|xgemmz has 30 seconds left.\n|inactive|xgemmz has 20 seconds left.\n|\n|t:|1700794732\n|switch|p1a: Empoleon|Empoleon, L50, M|100\/100\n|move|p2b: Tornadus|Bleakwind Storm|p1b: Sinistcha|[spread] p1a\n|-miss|p2b: Tornadus|p1b: Sinistcha\n|-resisted|p1a: Empoleon\n|-damage|p1a: Empoleon|90\/100\n|move|p2a: Iron Hands|Drain Punch|p1a: Empoleon\n|-supereffective|p1a: Empoleon\n|-damage|p1a: Empoleon|49\/100\n|-heal|p2a: Iron Hands|51\/100 brn|[from] drain|[of] p1a: Empoleon\n|move|p1b: Sinistcha|Matcha Gotcha|p2b: Tornadus|[spread] p2a,p2b\n|-resisted|p2b: Tornadus\n|-damage|p2a: Iron Hands|36\/100 brn\n|-heal|p1b: Sinistcha|33\/100|[from] drain|[of] p2a: Iron Hands\n|-damage|p2b: Tornadus|86\/100\n|-heal|p1b: Sinistcha|40\/100|[from] drain|[of] p2b: Tornadus\n|\n|-damage|p2a: Iron Hands|30\/100 brn|[from] brn\n|upkeep\n|turn|4\n|\n|t:|1700794761\n|-end|p2a: Iron Hands|Quark Drive|[silent]\n|switch|p2a: Urshifu|Urshifu, L50, M|100\/100\n|switch|p1b: Arcanine|Arcanine-Hisui, L50, F|54\/100\n|-ability|p1b: Arcanine|Intimidate|boost\n|-unboost|p2a: Urshifu|atk|1\n|-unboost|p2b: Tornadus|atk|1\n|move|p2b: Tornadus|Bleakwind Storm|p1a: Empoleon|[spread] p1a\n|-miss|p2b: Tornadus|p1b: Arcanine\n|-resisted|p1a: Empoleon\n|-damage|p1a: Empoleon|39\/100\n|-unboost|p1a: Empoleon|spe|1\n|-ability|p1a: Empoleon|Competitive|boost\n|-boost|p1a: Empoleon|spa|2\n|move|p1a: Empoleon|Flash Cannon|p2b: Tornadus\n|-damage|p2b: Tornadus|11\/100\n|\n|-sideend|p2: xgemmz|move: Tailwind\n|upkeep\n|turn|5\n|inactive|xgemmz has 30 seconds left.\n|\n|t:|1700794791\n|-terastallize|p1b: Arcanine|Fairy\n|move|p2b: Tornadus|Tailwind|p2b: Tornadus\n|-sidestart|p2: xgemmz|move: Tailwind\n|move|p1a: Empoleon|Vacuum Wave|p2a: Urshifu\n|-supereffective|p2a: Urshifu\n|-damage|p2a: Urshifu|25\/100\n|move|p2a: Urshifu|Wicked Blow|p1a: Empoleon\n|-crit|p1a: Empoleon\n|-damage|p1a: Empoleon|0 fnt\n|faint|p1a: Empoleon\n|move|p1b: Arcanine|Tera Blast|p2b: Tornadus|[anim] Tera Blast Fairy\n|-damage|p2b: Tornadus|0 fnt\n|faint|p2b: Tornadus\n|\n|upkeep\n|\n|t:|1700794805\n|switch|p2b: Arcanine|Arcanine-Hisui, L50, M, tera:Fairy|95\/100\n|switch|p1a: Sinistcha|Sinistcha, L50|40\/100\n|-ability|p2b: Arcanine|Intimidate|boost\n|-unboost|p1a: Sinistcha|atk|1\n|-unboost|p1b: Arcanine|atk|1\n|-heal|p1b: Arcanine|79\/100|[from] ability: Hospitality|[of] p1a: Sinistcha\n|turn|6\n|\n|t:|1700794812\n|switch|p2b: Iron Hands|Iron Hands, L50, shiny|30\/100 brn\n|move|p1a: Sinistcha|Rage Powder|p1a: Sinistcha\n|-singleturn|p1a: Sinistcha|move: Rage Powder\n|move|p2a: Urshifu|Wicked Blow|p1a: Sinistcha\n|-supereffective|p1a: Sinistcha\n|-crit|p1a: Sinistcha\n|-damage|p1a: Sinistcha|0 fnt\n|-damage|p2a: Urshifu|8\/100|[from] item: Rocky Helmet|[of] p1a: Sinistcha\n|faint|p1a: Sinistcha\n|move|p1b: Arcanine|Tera Blast|p2a: Urshifu|[anim] Tera Blast Fairy\n|-supereffective|p2a: Urshifu\n|-damage|p2a: Urshifu|0 fnt\n|faint|p2a: Urshifu\n|\n|-damage|p2b: Iron Hands|23\/100 brn|[from] brn\n|upkeep\n|\n|t:|1700794823\n|switch|p2a: Arcanine|Arcanine-Hisui, L50, M, tera:Fairy|95\/100\n|switch|p1a: Urshifu|Urshifu, L50, M|100\/100\n|-ability|p2a: Arcanine|Intimidate|boost\n|-unboost|p1a: Urshifu|atk|1\n|-unboost|p1b: Arcanine|atk|1\n|turn|7\n|\n|t:|1700794832\n|move|p1a: Urshifu|Protect|p1a: Urshifu\n|-singleturn|p1a: Urshifu|Protect\n|move|p2b: Iron Hands|Fake Out|p1b: Arcanine\n|-damage|p1b: Arcanine|70\/100\n|move|p2a: Arcanine|Tera Blast|p1a: Urshifu|[anim] Tera Blast Fairy\n|-activate|p1a: Urshifu|move: Protect\n|cant|p1b: Arcanine|flinch\n|\n|-damage|p2b: Iron Hands|17\/100 brn|[from] brn\n|upkeep\n|turn|8\n|\n|t:|1700794845\n|move|p2a: Arcanine|Tera Blast|p1a: Urshifu|[anim] Tera Blast Fairy\n|-supereffective|p1a: Urshifu\n|-enditem|p1a: Urshifu|Focus Sash\n|-damage|p1a: Urshifu|1\/100\n|move|p1a: Urshifu|Wicked Blow|p2a: Arcanine\n|-resisted|p2a: Arcanine\n|-crit|p2a: Arcanine\n|-damage|p2a: Arcanine|61\/100\n|move|p1b: Arcanine|Tera Blast|p2b: Iron Hands|[anim] Tera Blast Fairy\n|-supereffective|p2b: Iron Hands\n|-damage|p2b: Iron Hands|0 fnt\n|faint|p2b: Iron Hands\n|-end|p2b: Iron Hands|Quark Drive|[silent]\n|\n|-sideend|p2: xgemmz|move: Tailwind\n|upkeep\n|turn|9\n|\n|t:|1700794860\n|move|p1a: Urshifu|Sucker Punch|p2a: Arcanine\n|-resisted|p2a: Arcanine\n|-damage|p2a: Arcanine|47\/100\n|move|p1b: Arcanine|Tera Blast|p2a: Arcanine|[anim] Tera Blast Fairy\n|-damage|p2a: Arcanine|19\/100\n|move|p2a: Arcanine|Tera Blast|p1a: Urshifu|[anim] Tera Blast Fairy\n|-supereffective|p1a: Urshifu\n|-damage|p1a: Urshifu|0 fnt\n|faint|p1a: Urshifu\n|\n|upkeep\n|turn|10\n|\n|t:|1700794865\n|move|p1b: Arcanine|Tera Blast|p2a: Arcanine|[anim] Tera Blast Fairy\n|-damage|p2a: Arcanine|0 fnt\n|faint|p2a: Arcanine\n|\n|win|Abro hilo\n|raw|Abro hilo's rating: 1387 &rarr; <strong>1407<\/strong><br \/>(+20 for winning)\n|raw|xgemmz's rating: 1395 &rarr; <strong>1375<\/strong><br \/>(-20 for losing)\n","uploadtime":1700794869,"views":4,"p1id":"abrohilo","p2id":"xgemmz","formatid":"gen9vgc2023regulatione","rating":1375,"private":0,"password":""}