{"id":"gen9vgc2023regulatione-1995933685","p1":"Inferno prodigy","p2":"hash brown enjoyer","format":"[Gen 9] VGC 2023 Regulation E","log":"|j|\u2606Inferno prodigy\n|j|\u2606hash brown enjoyer\n|n|\u2606Inferno prodigy|infernoprodigy\n|n|\u2606hash brown enjoyer|hashbrownenjoyer\n|html|View the match progress at <a href=\"\/game-bestof3-gen9vgc2023regulatione-1995929909\">game-bestof3-gen9vgc2023regulatione-1995929909<\/a>\n|t:|1700619075\n|gametype|doubles\n|player|p1|Inferno prodigy|169|\n|player|p2|hash brown enjoyer|ingo|\n|teamsize|p1|6\n|teamsize|p2|6\n|gen|9\n|tier|[Gen 9] VGC 2023 Regulation E\n|rule|Species Clause: Limit one of each Pok\u00e9mon\n|rule|Item Clause: Limit one of each item\n|clearpoke\n|poke|p1|Arcanine-Hisui, L50, F|\n|poke|p1|Tornadus, L50, M|\n|poke|p1|Flutter Mane, L50|\n|poke|p1|Iron Hands, L50|\n|poke|p1|Ogerpon-Wellspring, L50, F|\n|poke|p1|Urshifu-*, L50, F|\n|poke|p2|Tornadus, L50, M|\n|poke|p2|Urshifu-*, L50, M|\n|poke|p2|Flutter Mane, L50|\n|poke|p2|Chi-Yu, L50|\n|poke|p2|Brambleghast, L50, F|\n|poke|p2|Gholdengo, L50|\n|teampreview|4\n|j| muzikal\nInferno prodigy has agreed to open team sheets.\nhash brown enjoyer has agreed to open team sheets.\n|showteam|p1|Arcanine-Hisui||ChoiceBand|Intimidate|FlareBlitz,RockSlide,ExtremeSpeed,TeraBlast|||F|||50|,,,,,Fairy]Tornadus||CovertCloak|Prankster|Tailwind,BleakwindStorm,SunnyDay,Taunt|||M|||50|,,,,,Steel]Flutter Mane||ChoiceSpecs|Protosynthesis|DazzlingGleam,Moonblast,ShadowBall,Thunderbolt||||||50|,,,,,Fairy]Iron Hands||AssaultVest|QuarkDrive|FakeOut,WildCharge,DrainPunch,HeavySlam||||||50|,,,,,Fire]Ogerpon-Wellspring||WellspringMask|WaterAbsorb|IvyCudgel,HornLeech,SwordsDance,SpikyShield|||F|||50|,,,,,Water]Urshifu||FocusSash|UnseenFist|WickedBlow,CloseCombat,SuckerPunch,Detect|||F|||50|,,,,,Dark\n|showteam|p2|Tornadus||CovertCloak|Prankster|BleakwindStorm,Tailwind,ScaryFace,Taunt|||M|||50|,,,,,Steel]Urshifu-Rapid-Strike||MysticWater|UnseenFist|SurgingStrikes,CloseCombat,AquaJet,Detect|||M|||50|,,,,,Water]Flutter Mane||BoosterEnergy|Protosynthesis|DazzlingGleam,ShadowBall,Moonblast,Protect||||||50|,,,,,Fairy]Chi-Yu||LifeOrb|BeadsofRuin|HeatWave,DarkPulse,Overheat,Protect||||||50|,,,,,Ghost]Brambleghast||FocusSash|WindRider|Poltergeist,PowerWhip,ShadowSneak,StrengthSap|||F|||50|,,,,,Ghost]Gholdengo||ChoiceSpecs|GoodasGold|MakeItRain,ShadowBall,Thunderbolt,SteelBeam||||||50|,,,,,Steel\n|c|\u2606hash brown enjoyer|glhf\n|j| Bauerdad\n|c|\u2606Inferno prodigy|You too\n|\n|t:|1700619152\n|start\n|switch|p1a: Tornadus|Tornadus, L50, M|100\/100\n|switch|p1b: Urshifu|Urshifu, L50, F|100\/100\n|switch|p2a: Tornadus|Tornadus, L50, M|100\/100\n|switch|p2b: Chi-Yu|Chi-Yu, L50|100\/100\n|-ability|p2b: Chi-Yu|Beads of Ruin\n|turn|1\n|\n|t:|1700619187\n|move|p2a: Tornadus|Tailwind|p2a: Tornadus\n|-sidestart|p2: hash brown enjoyer|move: Tailwind\n|move|p1a: Tornadus|Tailwind|p1a: Tornadus\n|-sidestart|p1: Inferno prodigy|move: Tailwind\n|move|p2b: Chi-Yu|Heat Wave|p1a: Tornadus|[spread] p1a,p1b\n|-damage|p1a: Tornadus|29\/100\n|-damage|p1b: Urshifu|9\/100\n|-damage|p2b: Chi-Yu|91\/100|[from] item: Life Orb\n|move|p1b: Urshifu|Wicked Blow|p2b: Chi-Yu\n|-resisted|p2b: Chi-Yu\n|-crit|p2b: Chi-Yu\n|-damage|p2b: Chi-Yu|43\/100\n|\n|upkeep\n|turn|2\n|\n|t:|1700619225\n|move|p2b: Chi-Yu|Protect|p2b: Chi-Yu\n|-singleturn|p2b: Chi-Yu|Protect\n|move|p1b: Urshifu|Detect|p1b: Urshifu\n|-singleturn|p1b: Urshifu|Protect\n|move|p2a: Tornadus|Bleakwind Storm|p1a: Tornadus|[spread] p1a\n|-activate|p1b: Urshifu|move: Protect\n|-damage|p1a: Tornadus|0 fnt\n|faint|p1a: Tornadus\n|\n|upkeep\n|\n|t:|1700619235\n|switch|p1a: Flutter Mane|Flutter Mane, L50|100\/100\n|turn|3\n|\n|t:|1700619249\n|-terastallize|p1a: Flutter Mane|Fairy\n|move|p2a: Tornadus|Scary Face|p1a: Flutter Mane\n|-unboost|p1a: Flutter Mane|spe|2\n|move|p1b: Urshifu|Sucker Punch||[still]\n|-fail|p1b: Urshifu\n|move|p2b: Chi-Yu|Overheat|p1a: Flutter Mane\n|-damage|p1a: Flutter Mane|0 fnt\n|-unboost|p2b: Chi-Yu|spa|2\n|faint|p1a: Flutter Mane\n|-end|p1a: Flutter Mane|Protosynthesis|[silent]\n|-damage|p2b: Chi-Yu|33\/100|[from] item: Life Orb\n|\n|upkeep\n|\n|t:|1700619260\n|switch|p1a: Arcanine|Arcanine-Hisui, L50, F|100\/100\n|-ability|p1a: Arcanine|Intimidate|boost\n|-unboost|p2a: Tornadus|atk|1\n|-unboost|p2b: Chi-Yu|atk|1\n|turn|4\n|\n|t:|1700619284\n|-terastallize|p2a: Tornadus|Steel\n|move|p1b: Urshifu|Sucker Punch|p2a: Tornadus\n|-damage|p2a: Tornadus|57\/100\n|move|p2a: Tornadus|Bleakwind Storm|p1a: Arcanine|[spread] \n|-miss|p2a: Tornadus|p1a: Arcanine\n|-miss|p2a: Tornadus|p1b: Urshifu\n|move|p2b: Chi-Yu|Dark Pulse|p1a: Arcanine\n|-damage|p1a: Arcanine|56\/100\n|-damage|p2b: Chi-Yu|23\/100|[from] item: Life Orb\n|cant|p1a: Arcanine|flinch\n|\n|-sideend|p1: Inferno prodigy|move: Tailwind\n|-sideend|p2: hash brown enjoyer|move: Tailwind\n|upkeep\n|turn|5\n|\n|t:|1700619334\n|move|p2a: Tornadus|Tailwind|p2a: Tornadus\n|-sidestart|p2: hash brown enjoyer|move: Tailwind\n|move|p1b: Urshifu|Sucker Punch|p2b: Chi-Yu\n|-resisted|p2b: Chi-Yu\n|-damage|p2b: Chi-Yu|0 fnt\n|faint|p2b: Chi-Yu\n|move|p1a: Arcanine|Rock Slide|p2a: Tornadus\n|-resisted|p2a: Tornadus\n|-damage|p2a: Tornadus|20\/100\n|\n|upkeep\n|\n|t:|1700619350\n|switch|p2b: Brambleghast|Brambleghast, L50, F, shiny|100\/100\n|-ability|p2b: Brambleghast|Wind Rider|boost\n|-boost|p2b: Brambleghast|atk|1\n|turn|6\n|\n|t:|1700619362\n|move|p2b: Brambleghast|Shadow Sneak|p1b: Urshifu\n|-resisted|p1b: Urshifu\n|-damage|p1b: Urshifu|0 fnt\n|faint|p1b: Urshifu\n|move|p2a: Tornadus|Bleakwind Storm|p1a: Arcanine|[miss]\n|-miss|p2a: Tornadus|p1a: Arcanine\n|move|p1a: Arcanine|Rock Slide|p2a: Tornadus|[spread] p2a\n|-miss|p1a: Arcanine|p2b: Brambleghast\n|-resisted|p2a: Tornadus\n|-damage|p2a: Tornadus|0 fnt\n|faint|p2a: Tornadus\n|\n|upkeep\n|\n|t:|1700619367\n|switch|p2a: Flutter Mane|Flutter Mane, L50|100\/100\n|-enditem|p2a: Flutter Mane|Booster Energy\n|-activate|p2a: Flutter Mane|ability: Protosynthesis|[fromitem]\n|-start|p2a: Flutter Mane|protosynthesisspa\n|turn|7\n|c|\u2606Inferno prodigy|Gg\n|\n|t:|1700619373\n|move|p2a: Flutter Mane|Shadow Ball|p1a: Arcanine\n|-crit|p1a: Arcanine\n|-damage|p1a: Arcanine|0 fnt\n|faint|p1a: Arcanine\n|\n|win|hash brown enjoyer\n|c|\u2606hash brown enjoyer|gg'\n|l|\u2606Inferno prodigy\n|l| muzikal\n","uploadtime":1700619437,"views":5,"p1id":"infernoprodigy","p2id":"hashbrownenjoyer","formatid":"gen9vgc2023regulatione","rating":0,"private":0,"password":""}