{"id":"gen9vgc2023regulatione-1991673802","p1":"Reversery","p2":"hunter16k","format":"[Gen 9] VGC 2023 Regulation E","log":"|j|\u2606Reversery\n|j|\u2606hunter16k\n|n|\u2606Reversery|reversery\n|n|\u2606hunter16k|hunter16k\n|html|View the match progress at <a href=\"\/game-bestof3-gen9vgc2023regulatione-1991673801\">game-bestof3-gen9vgc2023regulatione-1991673801<\/a>\n|t:|1700101140\n|gametype|doubles\n|player|p1|Reversery|dawn-gen4pt|\n|player|p2|hunter16k|skyla|\n|teamsize|p1|6\n|teamsize|p2|6\n|gen|9\n|tier|[Gen 9] VGC 2023 Regulation E\n|rule|Species Clause: Limit one of each Pok\u00e9mon\n|rule|Item Clause: Limit one of each item\n|clearpoke\n|poke|p1|Rillaboom, L50, M|\n|poke|p1|Heatran, L50, M|\n|poke|p1|Clefairy, L50, F|\n|poke|p1|Eiscue, L50, M|\n|poke|p1|Oranguru, L50, M|\n|poke|p1|Crabominable, L50, M|\n|poke|p2|Arcanine, L50, M|\n|poke|p2|Scizor, L50, F|\n|poke|p2|Dragonite, L50, M|\n|poke|p2|Regieleki, L50|\n|poke|p2|Milotic, L50, F|\n|poke|p2|Mesprit, L50|\n|teampreview|4\n|\n|t:|1700101163\n|start\n|switch|p1a: Mondays|Oranguru, L50, M|100\/100\n|switch|p1b: Just Crab|Crabominable, L50, M|100\/100\n|switch|p2a: Coke|Arcanine, L50, M|100\/100\n|switch|p2b: Dr. Pepper|Scizor, L50, F|100\/100\n|-ability|p2a: Coke|Intimidate|boost\n|-fail|p1a: Mondays|unboost|Attack|[from] ability: Inner Focus|[of] p1a: Mondays\n|-unboost|p1b: Just Crab|atk|1\n|turn|1\n|\n|t:|1700101197\n|move|p2a: Coke|Will-O-Wisp|p1b: Just Crab\n|-status|p1b: Just Crab|brn\n|move|p2b: Dr. Pepper|U-turn|p1a: Mondays\n|-supereffective|p1a: Mondays\n|-damage|p1a: Mondays|0 fnt\n|faint|p1a: Mondays\n|\n|t:|1700101210\n|switch|p2b: Sprite|Regieleki, L50|100\/100|[from] U-turn\n|move|p1b: Just Crab|Drain Punch|p2b: Sprite\n|-damage|p2b: Sprite|73\/100\n|\n|-damage|p1b: Just Crab|95\/100 brn|[from] brn\n|upkeep\n|\n|t:|1700101221\n|switch|p1a: Pillow|Clefairy, L50, F|100\/100\n|turn|2\n|\n|t:|1700101242\n|move|p2b: Sprite|Protect|p2b: Sprite\n|-singleturn|p2b: Sprite|Protect\n|move|p2a: Coke|Extreme Speed|p1b: Just Crab\n|-damage|p1b: Just Crab|73\/100 brn\n|move|p1a: Pillow|Follow Me|p1a: Pillow\n|-singleturn|p1a: Pillow|move: Follow Me\n|move|p1b: Just Crab|Earthquake|p2b: Sprite|[spread] p1a,p2a\n|-activate|p2b: Sprite|move: Protect\n|-supereffective|p2a: Coke\n|-damage|p1a: Pillow|94\/100\n|-damage|p2a: Coke|84\/100\n|\n|-damage|p1b: Just Crab|67\/100 brn|[from] brn\n|upkeep\n|turn|3\n|\n|t:|1700101265\n|move|p2b: Sprite|Volt Switch|p1a: Pillow\n|-damage|p1a: Pillow|62\/100\n|\n|t:|1700101269\n|switch|p2b: Dr. Pepper|Scizor, L50, F|100\/100|[from] Volt Switch\n|move|p2a: Coke|Flare Blitz|p1b: Just Crab\n|-supereffective|p1b: Just Crab\n|-damage|p1b: Just Crab|0 fnt\n|faint|p1b: Just Crab\n|-damage|p2a: Coke|61\/100|[from] Recoil\n|move|p1a: Pillow|Life Dew|p1a: Pillow\n|-heal|p1a: Pillow|86\/100\n|\n|upkeep\n|\n|t:|1700101279\n|switch|p1b: Ding Dong|Rillaboom, L50, M|100\/100\n|-fieldstart|move: Grassy Terrain|[from] ability: Grassy Surge|[of] p1b: Ding Dong\n|turn|4\n|\n|t:|1700101327\n|-terastallize|p2b: Dr. Pepper|Steel\n|move|p2a: Coke|Extreme Speed|p1b: Ding Dong\n|-crit|p1b: Ding Dong\n|-damage|p1b: Ding Dong|66\/100\n|move|p1a: Pillow|Follow Me|p1a: Pillow\n|-singleturn|p1a: Pillow|move: Follow Me\n|move|p2b: Dr. Pepper|Bullet Punch|p1a: Pillow\n|-supereffective|p1a: Pillow\n|-damage|p1a: Pillow|0 fnt\n|faint|p1a: Pillow\n|move|p1b: Ding Dong|Drain Punch|p2b: Dr. Pepper\n|-supereffective|p2b: Dr. Pepper\n|-damage|p2b: Dr. Pepper|15\/100\n|-heal|p1b: Ding Dong|100\/100|[from] drain|[of] p2b: Dr. Pepper\n|\n|-heal|p2a: Coke|67\/100|[from] Grassy Terrain\n|-heal|p2b: Dr. Pepper|21\/100|[from] Grassy Terrain\n|upkeep\n|turn|5\n|\n|t:|1700101360\n|switch|p2b: Sprite|Regieleki, L50|73\/100\n|move|p1b: Ding Dong|Drain Punch|p2a: Coke\n|-damage|p2a: Coke|20\/100\n|-damage|p1b: Ding Dong|84\/100|[from] item: Rocky Helmet|[of] p2a: Coke\n|move|p2a: Coke|Will-O-Wisp|p1b: Ding Dong\n|-status|p1b: Ding Dong|brn\n|\n|-heal|p2b: Sprite|79\/100|[from] Grassy Terrain\n|-heal|p1b: Ding Dong|90\/100 brn|[from] Grassy Terrain\n|-heal|p2a: Coke|26\/100|[from] Grassy Terrain\n|-damage|p1b: Ding Dong|84\/100 brn|[from] brn\n|upkeep\n|turn|6\n|\n|t:|1700101382\n|move|p2a: Coke|Protect|p2a: Coke\n|-singleturn|p2a: Coke|Protect\n|move|p2b: Sprite|Thunderbolt|p1b: Ding Dong\n|-resisted|p1b: Ding Dong\n|-damage|p1b: Ding Dong|48\/100 brn\n|move|p1b: Ding Dong|Drain Punch|p2b: Sprite\n|-damage|p2b: Sprite|36\/100\n|-heal|p1b: Ding Dong|67\/100 brn|[from] drain|[of] p2b: Sprite\n|\n|-heal|p2b: Sprite|42\/100|[from] Grassy Terrain\n|-heal|p1b: Ding Dong|73\/100 brn|[from] Grassy Terrain\n|-heal|p2a: Coke|32\/100|[from] Grassy Terrain\n|-damage|p1b: Ding Dong|67\/100 brn|[from] brn\n|upkeep\n|turn|7\n|\n|t:|1700101402\n|move|p2a: Coke|Extreme Speed|p1b: Ding Dong\n|-damage|p1b: Ding Dong|41\/100 brn\n|move|p2b: Sprite|Thunderbolt|p1b: Ding Dong\n|-resisted|p1b: Ding Dong\n|-damage|p1b: Ding Dong|3\/100 brn\n|move|p1b: Ding Dong|Drain Punch|p2a: Coke\n|-damage|p2a: Coke|12\/100\n|-heal|p1b: Ding Dong|15\/100 brn|[from] drain|[of] p2a: Coke\n|-damage|p1b: Ding Dong|0 fnt|[from] item: Rocky Helmet|[of] p2a: Coke\n|faint|p1b: Ding Dong\n|\n|win|hunter16k\n|inactive|Reversery has 50 seconds to confirm battle start!\n|inactive|hunter16k has 50 seconds to confirm battle start!\n","uploadtime":1700101418,"views":40,"p1id":"reversery","p2id":"hunter16k","formatid":"gen9vgc2023regulatione","rating":0,"private":0,"password":""}