{"id":"gen9vgc2023regulatione-1988124891","p1":"MasterofMetapods5","p2":"bradgga24","format":"[Gen 9] VGC 2023 Regulation E","log":"|j|\u2606MasterofMetapods5\n|j|\u2606bradgga24\n|n|\u2606MasterofMetapods5|masterofmetapods5\n|n|\u2606bradgga24|bradgga24\n|html|View the match progress at <a href=\"\/game-bestof3-gen9vgc2023regulatione-1988122922\">game-bestof3-gen9vgc2023regulatione-1988122922<\/a>\n|t:|1699672636\n|gametype|doubles\n|player|p1|MasterofMetapods5|lance|\n|player|p2|bradgga24|veteran|\n|teamsize|p1|6\n|teamsize|p2|6\n|gen|9\n|tier|[Gen 9] VGC 2023 Regulation E\n|rated|Tournament battle\n|rule|Species Clause: Limit one of each Pok\u00e9mon\n|rule|Item Clause: Limit one of each item\n|clearpoke\n|poke|p1|Tyranitar, L50, F|\n|poke|p1|Landorus-Therian, L50, M|\n|poke|p1|Baxcalibur, L50, M|\n|poke|p1|Heatran, L50, F|\n|poke|p1|Urshifu-*, L50, F|\n|poke|p1|Flutter Mane, L50|\n|poke|p2|Rillaboom, L50, M|\n|poke|p2|Ursaluna-Bloodmoon, L50, M|\n|poke|p2|Illumise, L50, F|\n|poke|p2|Ogerpon-Wellspring, L50, F|\n|poke|p2|Chesnaught, L50, M|\n|poke|p2|Flutter Mane, L50|\n|teampreview|4\n|showteam|p1|Tyranitar||WeaknessPolicy|SandStream|RockSlide,Taunt,Protect,KnockOff|||F|||50|,,,,,Rock]Landorus-Therian||AssaultVest|Intimidate|SandsearStorm,TeraBlast,Uturn,RockSlide|||M|||50|,,,,,Flying]Baxcalibur||LoadedDice|ThermalExchange|ScaleShot,IcicleSpear,SwordsDance,Protect|||M|||50|,,,,,Fairy]Heatran||Leftovers|FlashFire|HeatWave,EarthPower,Protect,TeraBlast|||F|||50|,,,,,Grass]Urshifu-Rapid-Strike||SafetyGoggles|UnseenFist|SurgingStrikes,CloseCombat,AquaJet,Detect|||F|||50|,,,,,Water]Flutter Mane||BoosterEnergy|Protosynthesis|Protect,Moonblast,ShadowBall,IcyWind||||||50|,,,,,Fairy\n|showteam|p2|Rillaboom||AguavBerry|GrassySurge|GrassyGlide,DrumBeating,KnockOff,StompingTantrum|||M|||50|,,,,,Grass]Ursaluna-Bloodmoon||AssaultVest|MindsEye|BloodMoon,CalmMind,Moonblast,EarthPower|||M|||50|,,,,,Ground]Illumise||IapapaBerry|Prankster|HelpingHand,FakeTears,Roost,Tailwind|||F|||50|,,,,,Fire]Ogerpon-Wellspring||WellspringMask|WaterAbsorb|IvyCudgel,HornLeech,TeraBlast,Uturn|||F|||50|,,,,,Water]Chesnaught||HeavyDutyBoots|Bulletproof|BodyPress,BulkUp,WoodHammer,ShadowClaw|||M|||50|,,,,,Grass]Flutter Mane||BoosterEnergy|Protosynthesis|EnergyBall,DazzlingGleam,ShadowBall,Protect||||||50|,,,,,Grass\n|c|\u2606MasterofMetapods5|glhf\n|j|%Radio Free C-Side\n|\n|t:|1699672675\n|start\n|switch|p1a: Heatran|Heatran, L50, F|100\/100\n|switch|p1b: Baxcalibur|Baxcalibur, L50, M|100\/100\n|switch|p2a: Illumise|Illumise, L50, F|100\/100\n|switch|p2b: Flutter Mane|Flutter Mane, L50|100\/100\n|-enditem|p2b: Flutter Mane|Booster Energy\n|-activate|p2b: Flutter Mane|ability: Protosynthesis|[fromitem]\n|-start|p2b: Flutter Mane|protosynthesisspe\n|turn|1\n|\n|t:|1699672691\n|switch|p1b: Landorus|Landorus-Therian, L50, M|100\/100\n|-ability|p1b: Landorus|Intimidate|boost\n|-unboost|p2a: Illumise|atk|1\n|-unboost|p2b: Flutter Mane|atk|1\n|move|p2a: Illumise|Tailwind|p2a: Illumise\n|-sidestart|p2: bradgga24|move: Tailwind\n|move|p2b: Flutter Mane|Dazzling Gleam|p1a: Heatran|[spread] p1a,p1b\n|-resisted|p1a: Heatran\n|-damage|p1a: Heatran|94\/100\n|-damage|p1b: Landorus|78\/100\n|move|p1a: Heatran|Heat Wave|p2a: Illumise|[spread] p2a,p2b\n|-supereffective|p2a: Illumise\n|-damage|p2a: Illumise|15\/100\n|-damage|p2b: Flutter Mane|60\/100\n|-enditem|p2a: Illumise|Iapapa Berry|[eat]\n|-heal|p2a: Illumise|49\/100|[from] item: Iapapa Berry\n|\n|-heal|p1a: Heatran|100\/100|[from] item: Leftovers\n|upkeep\n|turn|2\n|\n|t:|1699672709\n|move|p2a: Illumise|Fake Tears|p1b: Landorus\n|-unboost|p1b: Landorus|spd|2\n|move|p2b: Flutter Mane|Energy Ball|p1b: Landorus\n|-damage|p1b: Landorus|32\/100\n|move|p1b: Landorus|Sandsear Storm|p2a: Illumise|[spread] p2b\n|-miss|p1b: Landorus|p2a: Illumise\n|-damage|p2b: Flutter Mane|24\/100\n|move|p1a: Heatran|Heat Wave|p2b: Flutter Mane|[spread] p2a,p2b\n|-supereffective|p2a: Illumise\n|-damage|p2a: Illumise|0 fnt\n|-damage|p2b: Flutter Mane|0 fnt\n|faint|p2a: Illumise\n|faint|p2b: Flutter Mane\n|-end|p2b: Flutter Mane|Protosynthesis|[silent]\n|\n|upkeep\n|\n|t:|1699672717\n|switch|p2b: Ogerpon|Ogerpon-Wellspring, L50, F|100\/100\n|switch|p2a: Rillaboom|Rillaboom, L50, M|100\/100\n|-fieldstart|move: Grassy Terrain|[from] ability: Grassy Surge|[of] p2a: Rillaboom\n|turn|3\n|\n|t:|1699672757\n|move|p1a: Heatran|Protect|p1a: Heatran\n|-singleturn|p1a: Heatran|Protect\n|move|p2b: Ogerpon|Ivy Cudgel|p1b: Landorus\n|-supereffective|p1b: Landorus\n|-damage|p1b: Landorus|0 fnt\n|faint|p1b: Landorus\n|move|p2a: Rillaboom|Stomping Tantrum|p1a: Heatran\n|-activate|p1a: Heatran|move: Protect\n|\n|upkeep\n|\n|t:|1699672759\n|switch|p1b: Baxcalibur|Baxcalibur, L50, M|100\/100\n|turn|4\n|\n|t:|1699672777\n|-terastallize|p2b: Ogerpon|Water\n|detailschange|p2b: Ogerpon|Ogerpon-Wellspring-Tera, L50, F, tera:Water\n|-ability|p2b: Ogerpon|Embody Aspect (Wellspring)|boost\n|-boost|p2b: Ogerpon|spd|1\n|-terastallize|p1a: Heatran|Grass\n|move|p2b: Ogerpon|Ivy Cudgel|p1b: Baxcalibur\n|-resisted|p1b: Baxcalibur\n|-crit|p1b: Baxcalibur\n|-damage|p1b: Baxcalibur|48\/100\n|move|p2a: Rillaboom|Stomping Tantrum|p1a: Heatran\n|-resisted|p1a: Heatran\n|-damage|p1a: Heatran|88\/100\n|move|p1b: Baxcalibur|Icicle Spear|p2b: Ogerpon\n|-resisted|p2b: Ogerpon\n|-damage|p2b: Ogerpon|93\/100\n|-resisted|p2b: Ogerpon\n|-damage|p2b: Ogerpon|85\/100\n|-resisted|p2b: Ogerpon\n|-damage|p2b: Ogerpon|77\/100\n|-resisted|p2b: Ogerpon\n|-damage|p2b: Ogerpon|70\/100\n|-hitcount|p2b: Ogerpon|4\n|move|p1a: Heatran|Heat Wave|p2a: Rillaboom|[spread] p2a,p2b\n|-supereffective|p2a: Rillaboom\n|-resisted|p2b: Ogerpon\n|-damage|p2a: Rillaboom|0 fnt\n|-damage|p2b: Ogerpon|55\/100\n|faint|p2a: Rillaboom\n|\n|-heal|p2b: Ogerpon|60\/100|[from] Grassy Terrain\n|-heal|p1b: Baxcalibur|54\/100|[from] Grassy Terrain\n|-heal|p1a: Heatran|94\/100|[from] Grassy Terrain\n|-heal|p1a: Heatran|100\/100|[from] item: Leftovers\n|-sideend|p2: bradgga24|move: Tailwind\n|upkeep\n|turn|5\n|l|%Radio Free C-Side\n|\n|t:|1699672797\n|move|p2b: Ogerpon|U-turn|p1a: Heatran\n|-supereffective|p1a: Heatran\n|-damage|p1a: Heatran|50\/100\n|move|p1b: Baxcalibur|Scale Shot|p2b: Ogerpon\n|-damage|p2b: Ogerpon|43\/100\n|-damage|p2b: Ogerpon|26\/100\n|-damage|p2b: Ogerpon|8\/100\n|-damage|p2b: Ogerpon|0 fnt\n|faint|p2b: Ogerpon\n|-hitcount|p2: Ogerpon|4\n|\n|win|MasterofMetapods5\n|l|\u2606bradgga24\n|j| LasermanZ11\n","uploadtime":1699672924,"views":18,"p1id":"masterofmetapods5","p2id":"bradgga24","formatid":"gen9vgc2023regulatione","rating":0,"private":0,"password":""}