{"id":"gen9vgc2023regulatione-1995907000","p1":"bububibjb","p2":"bkmboy","format":"[Gen 9] VGC 2023 Regulation E","log":"|j|\u2606bububibjb\n|j|\u2606bkmboy\n|t:|1700616017\n|gametype|doubles\n|player|p1|bububibjb|dawn-gen4pt|1264\n|player|p2|bkmboy|265|1322\n|teamsize|p1|6\n|teamsize|p2|6\n|gen|9\n|tier|[Gen 9] VGC 2023 Regulation E\n|rated|\n|rule|Species Clause: Limit one of each Pok\u00e9mon\n|rule|Item Clause: Limit one of each item\n|clearpoke\n|poke|p1|Flutter Mane, L50|\n|poke|p1|Tornadus, L50, M|\n|poke|p1|Zapdos-Galar, L50|\n|poke|p1|Chi-Yu, L50|\n|poke|p1|Kingambit, L50, F|\n|poke|p1|Torkoal, L50, M|\n|poke|p2|Indeedee-F, L50, F|\n|poke|p2|Regidrago, L50|\n|poke|p2|Gholdengo, L50|\n|poke|p2|Tornadus, L50, M|\n|poke|p2|Basculegion, L50, M|\n|poke|p2|Iron Moth, L50|\n|teampreview|4\n|\n|t:|1700616058\n|start\n|switch|p1a: Mazda \u0644\u0639\u0646\u062a\u06cc \u062c\u0646|Tornadus, L50, M|100\/100\n|switch|p1b: Roschelle's Bae|Zapdos-Galar, L50|100\/100\n|switch|p2a: Tornadus|Tornadus, L50, M, shiny|100\/100\n|switch|p2b: Iron Moth|Iron Moth, L50, shiny|100\/100\n|-enditem|p2b: Iron Moth|Booster Energy\n|-activate|p2b: Iron Moth|ability: Quark Drive|[fromitem]\n|-start|p2b: Iron Moth|quarkdrivespa\n|turn|1\n|inactive|Battle timer is ON: inactive players will automatically lose when time's up. (requested by bkmboy)\n|inactive|bububibjb has 60 seconds left.\n|inactive|bkmboy has 60 seconds left.\n|\n|t:|1700616102\n|-end|p2b: Iron Moth|Quark Drive|[silent]\n|switch|p2b: Gholdengo|Gholdengo, L50|100\/100\n|-terastallize|p1b: Roschelle's Bae|Steel\n|move|p2a: Tornadus|Tailwind|p2a: Tornadus\n|-sidestart|p2: bkmboy|move: Tailwind\n|move|p1a: Mazda \u0644\u0639\u0646\u062a\u06cc \u062c\u0646|Tailwind|p1a: Mazda \u0644\u0639\u0646\u062a\u06cc \u062c\u0646\n|-sidestart|p1: bububibjb|move: Tailwind\n|move|p1b: Roschelle's Bae|Brave Bird|p2b: Gholdengo\n|-resisted|p2b: Gholdengo\n|-damage|p2b: Gholdengo|52\/100\n|-damage|p1b: Roschelle's Bae|87\/100|[from] Recoil\n|-damage|p1b: Roschelle's Bae|78\/100|[from] item: Life Orb\n|\n|upkeep\n|turn|2\n|\n|t:|1700616126\n|-terastallize|p2b: Gholdengo|Steel\n|move|p2a: Tornadus|Bleakwind Storm|p1b: Roschelle's Bae|[spread] p1a,p1b\n|-resisted|p1b: Roschelle's Bae\n|-damage|p1a: Mazda \u0644\u0639\u0646\u062a\u06cc \u062c\u0646|61\/100\n|-damage|p1b: Roschelle's Bae|58\/100\n|move|p2b: Gholdengo|Make It Rain|p1a: Mazda \u0644\u0639\u0646\u062a\u06cc \u062c\u0646|[spread] p1a,p1b\n|-resisted|p1b: Roschelle's Bae\n|-damage|p1a: Mazda \u0644\u0639\u0646\u062a\u06cc \u062c\u0646|0 fnt\n|-damage|p1b: Roschelle's Bae|9\/100\n|-unboost|p2b: Gholdengo|spa|1\n|faint|p1a: Mazda \u0644\u0639\u0646\u062a\u06cc \u062c\u0646\n|move|p1b: Roschelle's Bae|Knock Off|p2b: Gholdengo\n|-damage|p2b: Gholdengo|1\/100\n|-enditem|p2b: Gholdengo|Choice Specs|[from] move: Knock Off|[of] p1b: Roschelle's Bae\n|-damage|p1b: Roschelle's Bae|0 fnt|[from] item: Life Orb\n|faint|p1b: Roschelle's Bae\n|\n|upkeep\n|\n|t:|1700616146\n|switch|p1a: Matsya|Chi-Yu, L50|100\/100\n|switch|p1b: Larissa|Flutter Mane, L50|100\/100\n|-ability|p1a: Matsya|Beads of Ruin\n|turn|3\n|\n|t:|1700616169\n|move|p2a: Tornadus|Protect|p2a: Tornadus\n|-singleturn|p2a: Tornadus|Protect\n|move|p1a: Matsya|Heat Wave|p2b: Gholdengo|[spread] p2b\n|-activate|p2a: Tornadus|move: Protect\n|-supereffective|p2b: Gholdengo\n|-damage|p2b: Gholdengo|0 fnt\n|faint|p2b: Gholdengo\n|move|p1b: Larissa|Dazzling Gleam|p2a: Tornadus\n|-activate|p2a: Tornadus|move: Protect\n|\n|upkeep\n|\n|t:|1700616181\n|switch|p2b: Iron Moth|Iron Moth, L50, shiny|100\/100\n|turn|4\n|\n|t:|1700616199\n|move|p2a: Tornadus|Rain Dance|p2a: Tornadus\n|-weather|RainDance\n|move|p1a: Matsya|Heat Wave|p2b: Iron Moth|[spread] p2a,p2b\n|-resisted|p2b: Iron Moth\n|-damage|p2a: Tornadus|67\/100\n|-damage|p2b: Iron Moth|89\/100\n|move|p1b: Larissa|Dazzling Gleam|p2a: Tornadus|[spread] p2a,p2b\n|-crit|p2a: Tornadus\n|-resisted|p2b: Iron Moth\n|-damage|p2a: Tornadus|0 fnt\n|-damage|p2b: Iron Moth|71\/100\n|faint|p2a: Tornadus\n|move|p2b: Iron Moth|Sludge Wave|p1a: Matsya|[spread] p1a,p1b\n|-damage|p1a: Matsya|54\/100\n|-damage|p1b: Larissa|36\/100\n|\n|-weather|RainDance|[upkeep]\n|-sideend|p1: bububibjb|move: Tailwind\n|-sideend|p2: bkmboy|move: Tailwind\n|upkeep\n|\n|t:|1700616214\n|switch|p2a: Basculegion|Basculegion, L50, M, shiny|100\/100\n|turn|5\n|l|\u2606bkmboy\n|inactive|bkmboy disconnected and has a minute to reconnect!\n|player|p2|\n|inactive|bububibjb has 30 seconds left.\n|inactive|bkmboy has 30 seconds left.\n|inactive|bububibjb has 20 seconds left.\n|inactive|bkmboy has 20 seconds left.\n|inactive|bububibjb has 15 seconds left.\n|inactive|bkmboy has 15 seconds left.\n|inactive|bububibjb has 10 seconds left.\n|inactive|bkmboy has 10 seconds left.\n|inactive|bububibjb has 5 seconds left.\n|inactive|bkmboy has 5 seconds left.\n|-message|bkmboy lost due to inactivity.\n|\n|win|bububibjb\n|raw|bububibjb's rating: 1264 &rarr; <strong>1293<\/strong><br \/>(+29 for winning)\n|raw|bkmboy's rating: 1322 &rarr; <strong>1299<\/strong><br \/>(-23 for losing)\n|j|\u2606bkmboy\n|player|p2|bkmboy|265\n","uploadtime":1700616276,"views":8,"p1id":"bububibjb","p2id":"bkmboy","formatid":"gen9vgc2023regulatione","rating":1293,"private":0,"password":""}