{"id":"gen9vgc2023regulatione-1988610368","p1":"vggfjdf","p2":"filthytrashgoblin","format":"[Gen 9] VGC 2023 Regulation E","log":"|j|\u2606vggfjdf\n|j|\u2606filthytrashgoblin\n|t:|1699741688\n|gametype|doubles\n|player|p1|vggfjdf|265|1053\n|player|p2|filthytrashgoblin|ghetsis|1007\n|teamsize|p1|6\n|teamsize|p2|6\n|gen|9\n|tier|[Gen 9] VGC 2023 Regulation E\n|rated|\n|rule|Species Clause: Limit one of each Pok\u00e9mon\n|rule|Item Clause: Limit one of each item\n|clearpoke\n|poke|p1|Empoleon, L50, M|\n|poke|p1|Tyranitar, L50, M|\n|poke|p1|Sinistcha, L50|\n|poke|p1|Arcanine-Hisui, L50, M|\n|poke|p1|Corviknight, L50, M|\n|poke|p1|Flutter Mane, L50|\n|poke|p2|Cresselia, L50, F|\n|poke|p2|Urshifu-*, L50, F|\n|poke|p2|Ogerpon-Hearthflame, L50, F|\n|poke|p2|Flutter Mane, L50|\n|poke|p2|Landorus-Therian, L50, M|\n|poke|p2|Heatran, L50, M|\n|teampreview|4\n|inactive|Battle timer is ON: inactive players will automatically lose when time's up. (requested by filthytrashgoblin)\n|\n|t:|1699741713\n|start\n|switch|p1a: Corviknight|Corviknight, L50, M|100\/100\n|switch|p1b: Tyranitar|Tyranitar, L50, M|100\/100\n|switch|p2a: poyo!!|Ogerpon-Hearthflame, L50, F|100\/100\n|switch|p2b: DOG|Landorus-Therian, L50, M|100\/100\n|-ability|p2b: DOG|Intimidate|boost\n|-ability|p1a: Corviknight|Mirror Armor\n|-unboost|p2b: DOG|atk|1\n|-unboost|p1b: Tyranitar|atk|1\n|-ability|p2a: poyo!!|Mold Breaker\n|-weather|Sandstorm|[from] ability: Sand Stream|[of] p1b: Tyranitar\n|turn|1\n|inactive|vggfjdf has 30 seconds left.\n|inactive|filthytrashgoblin has 30 seconds left.\n|\n|t:|1699741750\n|switch|p1b: Sinistcha|Sinistcha, L50|100\/100\n|-terastallize|p1a: Corviknight|Fire\n|move|p2b: DOG|Stomping Tantrum|p1b: Sinistcha\n|-resisted|p1b: Sinistcha\n|-damage|p1b: Sinistcha|90\/100\n|-damage|p2b: DOG|84\/100|[from] item: Rocky Helmet|[of] p1b: Sinistcha\n|move|p2a: poyo!!|Ivy Cudgel|p1a: Corviknight\n|-resisted|p1a: Corviknight\n|-damage|p1a: Corviknight|78\/100\n|move|p1a: Corviknight|Brave Bird|p2a: poyo!!\n|-supereffective|p2a: poyo!!\n|-damage|p2a: poyo!!|0 fnt\n|faint|p2a: poyo!!\n|-damage|p1a: Corviknight|46\/100|[from] Recoil\n|\n|-weather|Sandstorm|[upkeep]\n|-damage|p1a: Corviknight|40\/100|[from] Sandstorm\n|-damage|p1b: Sinistcha|84\/100|[from] Sandstorm\n|-heal|p1a: Corviknight|46\/100|[from] item: Leftovers\n|upkeep\n|\n|t:|1699741768\n|switch|p2a: head|Heatran, L50, M|100\/100\n|turn|2\n|\n|t:|1699741791\n|move|p1b: Sinistcha|Protect|p1b: Sinistcha\n|-singleturn|p1b: Sinistcha|Protect\n|move|p2b: DOG|Stomping Tantrum|p1a: Corviknight\n|-supereffective|p1a: Corviknight\n|-damage|p1a: Corviknight|2\/100\n|move|p2a: head|Heat Wave|p1b: Sinistcha|[spread] p1a\n|-activate|p1b: Sinistcha|move: Protect\n|-resisted|p1a: Corviknight\n|-damage|p1a: Corviknight|0 fnt\n|faint|p1a: Corviknight\n|-damage|p2a: head|91\/100|[from] item: Life Orb\n|\n|-weather|Sandstorm|[upkeep]\n|-damage|p1b: Sinistcha|79\/100|[from] Sandstorm\n|upkeep\n|\n|t:|1699741805\n|switch|p1a: Tyranitar|Tyranitar, L50, M|100\/100\n|turn|3\n|\n|t:|1699741818\n|move|p1b: Sinistcha|Rage Powder|p1b: Sinistcha\n|-singleturn|p1b: Sinistcha|move: Rage Powder\n|move|p2b: DOG|Stomping Tantrum|p1b: Sinistcha\n|-resisted|p1b: Sinistcha\n|-damage|p1b: Sinistcha|68\/100\n|-damage|p2b: DOG|68\/100|[from] item: Rocky Helmet|[of] p1b: Sinistcha\n|move|p2a: head|Heat Wave|p1a: Tyranitar|[spread] p1a,p1b\n|-resisted|p1a: Tyranitar\n|-supereffective|p1b: Sinistcha\n|-damage|p1a: Tyranitar|90\/100\n|-damage|p1b: Sinistcha|0 fnt\n|faint|p1b: Sinistcha\n|-damage|p2a: head|81\/100|[from] item: Life Orb\n|move|p1a: Tyranitar|Rock Slide|p2b: DOG|[spread] p2a,p2b\n|-damage|p2a: head|56\/100\n|-damage|p2b: DOG|37\/100\n|\n|-weather|Sandstorm|[upkeep]\n|upkeep\n|\n|t:|1699741833\n|switch|p1b: Arcanine|Arcanine-Hisui, L50, M|100\/100\n|-ability|p1b: Arcanine|Intimidate|boost\n|-unboost|p2a: head|atk|1\n|-unboost|p2b: DOG|atk|1\n|turn|4\n|inactive|filthytrashgoblin has 30 seconds left.\n|\n|t:|1699741868\n|move|p1b: Arcanine|Protect|p1b: Arcanine\n|-singleturn|p1b: Arcanine|Protect\n|move|p2a: head|Protect|p2a: head\n|-singleturn|p2a: head|Protect\n|move|p2b: DOG|Stomping Tantrum|p1b: Arcanine\n|-activate|p1b: Arcanine|move: Protect\n|move|p1a: Tyranitar|Knock Off|p2b: DOG\n|-damage|p2b: DOG|0 fnt\n|-enditem|p2b: DOG|Choice Scarf|[from] move: Knock Off|[of] p1a: Tyranitar\n|faint|p2b: DOG\n|\n|-weather|Sandstorm|[upkeep]\n|upkeep\n|\n|t:|1699741878\n|switch|p2b: floofadoof|Flutter Mane, L50|100\/100\n|-enditem|p2b: floofadoof|Booster Energy\n|-activate|p2b: floofadoof|ability: Protosynthesis|[fromitem]\n|-start|p2b: floofadoof|protosynthesisspe\n|turn|5\n|\n|t:|1699741896\n|move|p2b: floofadoof|Moonblast|p1a: Tyranitar\n|-supereffective|p1a: Tyranitar\n|-damage|p1a: Tyranitar|52\/100\n|move|p1b: Arcanine|Rock Slide|p2a: head|[spread] p2a,p2b\n|-damage|p2a: head|31\/100\n|-damage|p2b: floofadoof|62\/100\n|move|p2a: head|Flash Cannon|p1a: Tyranitar\n|-supereffective|p1a: Tyranitar\n|-damage|p1a: Tyranitar|6\/100\n|-damage|p2a: head|22\/100|[from] item: Life Orb\n|move|p1a: Tyranitar|Knock Off|p2b: floofadoof\n|-damage|p2b: floofadoof|6\/100\n|\n|-weather|none\n|upkeep\n|turn|6\n|\n|t:|1699741913\n|move|p2b: floofadoof|Protect|p2b: floofadoof\n|-singleturn|p2b: floofadoof|Protect\n|move|p2a: head|Protect|p2a: head\n|-singleturn|p2a: head|Protect\n|move|p1b: Arcanine|Rock Slide|p2a: head|[spread] \n|-activate|p2a: head|move: Protect\n|-activate|p2b: floofadoof|move: Protect\n|move|p1a: Tyranitar|Rock Slide|p2b: floofadoof|[spread] \n|-activate|p2a: head|move: Protect\n|-activate|p2b: floofadoof|move: Protect\n|\n|upkeep\n|turn|7\n|\n|t:|1699741934\n|move|p2b: floofadoof|Icy Wind|p1b: Arcanine|[spread] p1a,p1b\n|-resisted|p1b: Arcanine\n|-damage|p1a: Tyranitar|0 fnt\n|-damage|p1b: Arcanine|94\/100\n|-unboost|p1b: Arcanine|spe|1\n|faint|p1a: Tyranitar\n|move|p2a: head|Earth Power|p1b: Arcanine\n|-supereffective|p1b: Arcanine\n|-damage|p1b: Arcanine|0 fnt\n|faint|p1b: Arcanine\n|-damage|p2a: head|12\/100|[from] item: Life Orb\n|\n|win|filthytrashgoblin\n|raw|vggfjdf's rating: 1053 &rarr; <strong>1033<\/strong><br \/>(-20 for losing)\n|raw|filthytrashgoblin's rating: 1007 &rarr; <strong>1051<\/strong><br \/>(+44 for winning)\n","uploadtime":1699741948,"views":10,"p1id":"vggfjdf","p2id":"filthytrashgoblin","formatid":"gen9vgc2023regulatione","rating":1033,"private":0,"password":""}