{"id":"gen9vgc2023regulatione-1991534547","p1":"PritzShow","p2":"Hi its joe","format":"[Gen 9] VGC 2023 Regulation E","log":"|j|\u2606PritzShow\n|j|\u2606Hi its joe\n|t:|1700085851\n|gametype|doubles\n|player|p1|PritzShow|fisherman-gen4|1517\n|player|p2|Hi its joe|palmer|1618\n|teamsize|p1|6\n|teamsize|p2|6\n|gen|9\n|tier|[Gen 9] VGC 2023 Regulation E\n|rated|\n|rule|Species Clause: Limit one of each Pok\u00e9mon\n|rule|Item Clause: Limit one of each item\n|clearpoke\n|poke|p1|Flutter Mane, L50|\n|poke|p1|Landorus-Therian, L50, M|\n|poke|p1|Ogerpon-Wellspring, L50, F|\n|poke|p1|Kingambit, L50, F|\n|poke|p1|Weezing, L50, M|\n|poke|p1|Grimmsnarl, L50, M|\n|poke|p2|Tatsugiri, L50, M|\n|poke|p2|Ogerpon-Hearthflame, L50, F|\n|poke|p2|Dondozo, L50, M|\n|poke|p2|Rillaboom, L50, M|\n|poke|p2|Roaring Moon, L50|\n|poke|p2|Weezing, L50, M|\n|teampreview|4\n|inactive|Battle timer is ON: inactive players will automatically lose when time's up. (requested by PritzShow)\n|inactive|Hi its joe has 60 seconds left.\n|inactive|Hi its joe has 30 seconds left.\n|\n|t:|1700085918\n|start\n|switch|p1a: Landorus|Landorus-Therian, L50, M|100\/100\n|switch|p1b: Weezing|Weezing, L50, M|100\/100\n|switch|p2a: Roaring Moon|Roaring Moon, L50|100\/100\n|switch|p2b: Weezing|Weezing, L50, M|100\/100\n|-ability|p2b: Weezing|Neutralizing Gas\n|-block|p1a: Landorus|item: Ability Shield\n|-ability|p1b: Weezing|Neutralizing Gas\n|-block|p1a: Landorus|item: Ability Shield\n|-ability|p1a: Landorus|Intimidate|boost\n|-unboost|p2a: Roaring Moon|atk|1\n|-unboost|p2b: Weezing|atk|1\n|-enditem|p2a: Roaring Moon|Booster Energy\n|-activate|p2a: Roaring Moon|ability: Protosynthesis|[fromitem]\n|-start|p2a: Roaring Moon|protosynthesisspe\n|turn|1\n|\n|t:|1700085938\n|move|p2a: Roaring Moon|Protect|p2a: Roaring Moon\n|-singleturn|p2a: Roaring Moon|Protect\n|move|p1a: Landorus|U-turn|p2a: Roaring Moon\n|-activate|p2a: Roaring Moon|move: Protect\n|move|p1b: Weezing|Will-O-Wisp|p2a: Roaring Moon\n|-activate|p2a: Roaring Moon|move: Protect\n|move|p2b: Weezing|Will-O-Wisp|p1a: Landorus\n|-status|p1a: Landorus|brn\n|\n|-damage|p1a: Landorus|94\/100 brn|[from] brn\n|upkeep\n|turn|2\n|\n|t:|1700085959\n|move|p2a: Roaring Moon|Knock Off|p1b: Weezing\n|-damage|p1b: Weezing|66\/100\n|-enditem|p1b: Weezing|Sitrus Berry|[from] move: Knock Off|[of] p2a: Roaring Moon\n|move|p1a: Landorus|U-turn|p2a: Roaring Moon\n|-supereffective|p2a: Roaring Moon\n|-damage|p2a: Roaring Moon|67\/100\n|\n|t:|1700085965\n|switch|p1a: Flutter Mane|Flutter Mane, L50|100\/100|[from] U-turn\n|-enditem|p1a: Flutter Mane|Booster Energy\n|-activate|p1a: Flutter Mane|ability: Protosynthesis|[fromitem]\n|-start|p1a: Flutter Mane|protosynthesisspa\n|move|p2b: Weezing|Gunk Shot|p1a: Flutter Mane\n|-damage|p1a: Flutter Mane|46\/100\n|move|p1b: Weezing|Taunt|p2b: Weezing\n|-start|p2b: Weezing|move: Taunt\n|\n|upkeep\n|turn|3\n|c|\u2606PritzShow|dang i'm getting wrecked\n|inactive|Hi its joe has 30 seconds left.\n|inactive|PritzShow has 30 seconds left.\n|inactive|Hi its joe has 20 seconds left.\n|\n|t:|1700086001\n|-end|p1a: Flutter Mane|Protosynthesis|[silent]\n|switch|p1a: Landorus|Landorus-Therian, L50, M|94\/100 brn\n|-ability|p1a: Landorus|Intimidate|boost\n|-unboost|p2a: Roaring Moon|atk|1\n|-unboost|p2b: Weezing|atk|1\n|move|p2a: Roaring Moon|Knock Off|p1a: Landorus\n|-damage|p1a: Landorus|58\/100 brn\n|-enditem|p1a: Landorus|Ability Shield|[from] move: Knock Off|[of] p2a: Roaring Moon\n|move|p1b: Weezing|Will-O-Wisp|p2a: Roaring Moon\n|-status|p2a: Roaring Moon|brn\n|move|p2b: Weezing|Gunk Shot|p1b: Weezing\n|-resisted|p1b: Weezing\n|-damage|p1b: Weezing|53\/100\n|\n|-damage|p2a: Roaring Moon|61\/100 brn|[from] brn\n|-damage|p1a: Landorus|52\/100 brn|[from] brn\n|upkeep\n|turn|4\n|\n|t:|1700086017\n|move|p2a: Roaring Moon|Acrobatics|p1a: Landorus\n|-damage|p1a: Landorus|39\/100 brn\n|move|p1a: Landorus|Stomping Tantrum|p2b: Weezing\n|-supereffective|p2b: Weezing\n|-damage|p2b: Weezing|59\/100\n|move|p1b: Weezing|Will-O-Wisp|p2b: Weezing\n|-status|p2b: Weezing|brn\n|move|p2b: Weezing|Gunk Shot|p1b: Weezing\n|-resisted|p1b: Weezing\n|-damage|p1b: Weezing|47\/100\n|\n|-damage|p2a: Roaring Moon|55\/100 brn|[from] brn\n|-damage|p1a: Landorus|33\/100 brn|[from] brn\n|-damage|p2b: Weezing|53\/100 brn|[from] brn\n|upkeep\n|turn|5\n|inactive|Hi its joe has 30 seconds left.\n|\n|t:|1700086043\n|move|p2a: Roaring Moon|Acrobatics|p1b: Weezing\n|-damage|p1b: Weezing|38\/100\n|move|p1a: Landorus|Stomping Tantrum|p2b: Weezing\n|-supereffective|p2b: Weezing\n|-damage|p2b: Weezing|14\/100 brn\n|-enditem|p2b: Weezing|Sitrus Berry|[eat]\n|-heal|p2b: Weezing|38\/100 brn|[from] item: Sitrus Berry\n|move|p1b: Weezing|Sludge Bomb|p2b: Weezing\n|-resisted|p2b: Weezing\n|-damage|p2b: Weezing|20\/100 brn\n|move|p2b: Weezing|Gunk Shot|p1a: Landorus\n|-resisted|p1a: Landorus\n|-crit|p1a: Landorus\n|-damage|p1a: Landorus|10\/100 brn\n|\n|-damage|p2a: Roaring Moon|49\/100 brn|[from] brn\n|-damage|p1a: Landorus|4\/100 brn|[from] brn\n|-damage|p2b: Weezing|14\/100 brn|[from] brn\n|-end|p2b: Weezing|move: Taunt\n|upkeep\n|turn|6\n|\n|t:|1700086060\n|move|p1b: Weezing|Protect|p1b: Weezing\n|-singleturn|p1b: Weezing|Protect\n|move|p2a: Roaring Moon|Knock Off|p1a: Landorus\n|-damage|p1a: Landorus|0 fnt\n|faint|p1a: Landorus\n|move|p2b: Weezing|Will-O-Wisp|p1b: Weezing\n|-activate|p1b: Weezing|move: Protect\n|\n|-damage|p2a: Roaring Moon|43\/100 brn|[from] brn\n|-damage|p2b: Weezing|8\/100 brn|[from] brn\n|upkeep\n|\n|t:|1700086066\n|switch|p1a: Flutter Mane|Flutter Mane, L50|46\/100\n|turn|7\n|\n|t:|1700086077\n|move|p2a: Roaring Moon|Acrobatics|p1a: Flutter Mane\n|-damage|p1a: Flutter Mane|30\/100\n|move|p1a: Flutter Mane|Moonblast|p2a: Roaring Moon\n|-supereffective|p2a: Roaring Moon\n|-damage|p2a: Roaring Moon|0 fnt\n|faint|p2a: Roaring Moon\n|-end|p2a: Roaring Moon|Protosynthesis|[silent]\n|move|p1b: Weezing|Sludge Bomb|p2b: Weezing\n|-resisted|p2b: Weezing\n|-damage|p2b: Weezing|0 fnt\n|faint|p2b: Weezing\n|\n|upkeep\n|\n|t:|1700086084\n|switch|p2a: Tatsugiri|Tatsugiri, L50, M|100\/100\n|switch|p2b: Dondozo|Dondozo, L50, M|100\/100\n|turn|8\n|\n|t:|1700086103\n|-terastallize|p2a: Tatsugiri|Steel\n|move|p1b: Weezing|Protect|p1b: Weezing\n|-singleturn|p1b: Weezing|Protect\n|move|p1a: Flutter Mane|Moonblast|p2a: Tatsugiri\n|-resisted|p2a: Tatsugiri\n|-damage|p2a: Tatsugiri|73\/100\n|move|p2a: Tatsugiri|Surf|p1b: Weezing|[spread] p2b,p1a\n|-activate|p1b: Weezing|move: Protect\n|-resisted|p2b: Dondozo\n|-damage|p2b: Dondozo|84\/100\n|-damage|p1a: Flutter Mane|0 fnt\n|faint|p1a: Flutter Mane\n|-end|p1a: Flutter Mane|Protosynthesis|[silent]\n|move|p2b: Dondozo|Wave Crash|p1b: Weezing\n|-activate|p1b: Weezing|move: Protect\n|\n|-heal|p2b: Dondozo|90\/100|[from] item: Leftovers\n|upkeep\n|\n|t:|1700086105\n|switch|p1a: Ogerpon|Ogerpon-Wellspring, L50, F|100\/100\n|turn|9\n|j| Rei_darkness\n|inactive|Hi its joe has 30 seconds left.\n|l| Rei_darkness\n|\n|t:|1700086132\n|-terastallize|p1a: Ogerpon|Water\n|detailschange|p1a: Ogerpon|Ogerpon-Wellspring-Tera, L50, F, tera:Water\n|move|p1a: Ogerpon|Ivy Cudgel|p2a: Tatsugiri|[anim] Ivy Cudgel Water\n|-damage|p2a: Tatsugiri|0 fnt\n|faint|p2a: Tatsugiri\n|move|p2b: Dondozo|Wave Crash|p1b: Weezing\n|-damage|p1b: Weezing|0 fnt\n|faint|p1b: Weezing\n|-end|p1b: Weezing|ability: Neutralizing Gas\n|-ability|p1a: Ogerpon|Embody Aspect (Wellspring)|boost\n|-boost|p1a: Ogerpon|spd|1\n|-damage|p2b: Dondozo|81\/100|[from] Recoil\n|\n|-heal|p2b: Dondozo|87\/100|[from] item: Leftovers\n|upkeep\n|turn|10\n|j| Asacado\n|inactive|Hi its joe has 30 seconds left.\n|\n|t:|1700086164\n|move|p1a: Ogerpon|Horn Leech|p2b: Dondozo\n|-supereffective|p2b: Dondozo\n|-damage|p2b: Dondozo|20\/100\n|move|p2b: Dondozo|Order Up|p1a: Ogerpon\n|-damage|p1a: Ogerpon|72\/100\n|\n|-heal|p2b: Dondozo|26\/100|[from] item: Leftovers\n|upkeep\n|turn|11\n|-message|Hi its joe forfeited.\n|\n|win|PritzShow\n|raw|PritzShow's rating: 1517 &rarr; <strong>1543<\/strong><br \/>(+26 for winning)\n|raw|Hi its joe's rating: 1618 &rarr; <strong>1592<\/strong><br \/>(-26 for losing)\n|l|\u2606Hi its joe\n|c|\u2606PritzShow|gg joe\n|l|\u2606PritzShow\n","uploadtime":1700086308,"views":8,"p1id":"pritzshow","p2id":"hiitsjoe","formatid":"gen9vgc2023regulatione","rating":1543,"private":0,"password":""}