{"id":"gen9vgc2023regulatione-1996374866","p1":"FireZ_VGC","p2":"A Vauxhall Corsa","format":"[Gen 9] VGC 2023 Regulation E","log":"|j|\u203dFireZ_VGC\n|j|\u2606A Vauxhall Corsa\n|t:|1700676004\n|gametype|doubles\n|player|p1|FireZ_VGC|102|1122\n|player|p2|A Vauxhall Corsa|2|1142\n|teamsize|p1|6\n|teamsize|p2|6\n|gen|9\n|tier|[Gen 9] VGC 2023 Regulation E\n|rated|\n|rule|Species Clause: Limit one of each Pok\u00e9mon\n|rule|Item Clause: Limit one of each item\n|clearpoke\n|poke|p1|Typhlosion-Hisui, L50, M|\n|poke|p1|Tornadus, L50, M|\n|poke|p1|Iron Hands, L50|\n|poke|p1|Flutter Mane, L50|\n|poke|p1|Amoonguss, L50, F|\n|poke|p1|Arcanine-Hisui, L50, M|\n|poke|p2|Munkidori, L50, M|\n|poke|p2|Moltres-Galar, L50|\n|poke|p2|Sinistcha-Masterpiece, L50|\n|poke|p2|Grimmsnarl, L50, M|\n|poke|p2|Milotic, L50, M|\n|poke|p2|Arcanine-Hisui, L50, M|\n|teampreview|4\n|inactive|Battle timer is ON: inactive players will automatically lose when time's up. (requested by A Vauxhall Corsa)\n|\n|t:|1700676032\n|start\n|switch|p1a: Arcanine|Arcanine-Hisui, L50, M|100\/100\n|switch|p1b: Tornadus|Tornadus, L50, M, shiny|100\/100\n|switch|p2a: Milotic|Milotic, L50, M|100\/100\n|switch|p2b: Arcanine|Arcanine-Hisui, L50, M|100\/100\n|-ability|p1a: Arcanine|Intimidate|boost\n|-unboost|p2a: Milotic|atk|1\n|-ability|p2a: Milotic|Competitive|boost\n|-boost|p2a: Milotic|spa|2\n|-unboost|p2b: Arcanine|atk|1\n|-ability|p2b: Arcanine|Intimidate|boost\n|-unboost|p1a: Arcanine|atk|1\n|-unboost|p1b: Tornadus|atk|1\n|turn|1\n|\n|t:|1700676053\n|move|p1b: Tornadus|Tailwind|p1b: Tornadus\n|-sidestart|p1: FireZ_VGC|move: Tailwind\n|move|p1a: Arcanine|Rock Slide|p2a: Milotic|[spread] p2a,p2b\n|-supereffective|p2b: Arcanine\n|-damage|p2a: Milotic|72\/100\n|-damage|p2b: Arcanine|38\/100\n|cant|p2a: Milotic|flinch\n|cant|p2b: Arcanine|flinch\n|\n|upkeep\n|turn|2\n|inactive|A Vauxhall Corsa has 30 seconds left.\n|\n|t:|1700676080\n|move|p1b: Tornadus|Sunny Day|p1b: Tornadus\n|-weather|SunnyDay\n|move|p1a: Arcanine|Rock Slide|p2a: Milotic|[spread] p2a,p2b\n|-supereffective|p2b: Arcanine\n|-damage|p2a: Milotic|41\/100\n|-damage|p2b: Arcanine|0 fnt\n|faint|p2b: Arcanine\n|move|p2a: Milotic|Icy Wind|p1a: Arcanine|[spread] p1a,p1b\n|-resisted|p1a: Arcanine\n|-supereffective|p1b: Tornadus\n|-damage|p1a: Arcanine|88\/100\n|-damage|p1b: Tornadus|68\/100\n|-unboost|p1a: Arcanine|spe|1\n|\n|-weather|SunnyDay|[upkeep]\n|upkeep\n|\n|t:|1700676104\n|switch|p2b: Moltres|Moltres-Galar, L50|100\/100\n|turn|3\n|\n|t:|1700676116\n|move|p1b: Tornadus|Bleakwind Storm|p2a: Milotic|[spread] p2a\n|-miss|p1b: Tornadus|p2b: Moltres\n|-crit|p2a: Milotic\n|-damage|p2a: Milotic|4\/100\n|move|p1a: Arcanine|Rock Slide|p2b: Moltres|[spread] p2a,p2b\n|-supereffective|p2b: Moltres\n|-damage|p2a: Milotic|0 fnt\n|-damage|p2b: Moltres|52\/100\n|faint|p2a: Milotic\n|move|p2b: Moltres|Nasty Plot|p2b: Moltres\n|-boost|p2b: Moltres|spa|2\n|\n|-weather|SunnyDay|[upkeep]\n|upkeep\n|\n|t:|1700676131\n|switch|p2a: Sinistcha|Sinistcha-Masterpiece, L50|100\/100\n|-heal|p2b: Moltres|77\/100|[from] ability: Hospitality|[of] p2a: Sinistcha\n|turn|4\n|\n|t:|1700676140\n|switch|p1b: Iron Hands|Iron Hands, L50|100\/100\n|-terastallize|p2a: Sinistcha|Dragon\n|move|p1a: Arcanine|Rock Slide|p2a: Sinistcha|[spread] p2a,p2b\n|-supereffective|p2b: Moltres\n|-damage|p2a: Sinistcha|78\/100\n|-damage|p2b: Moltres|20\/100\n|-ability|p2b: Moltres|Berserk|boost\n|-boost|p2b: Moltres|spa|1\n|-enditem|p2b: Moltres|Sitrus Berry|[eat]\n|-heal|p2b: Moltres|45\/100|[from] item: Sitrus Berry\n|cant|p2b: Moltres|flinch\n|move|p2a: Sinistcha|Life Dew|p2a: Sinistcha|[spread] p2a,p2b\n|-heal|p2a: Sinistcha|100\/100\n|-heal|p2b: Moltres|70\/100\n|\n|-weather|SunnyDay|[upkeep]\n|-sideend|p1: FireZ_VGC|move: Tailwind\n|upkeep\n|turn|5\n|inactive|A Vauxhall Corsa has 30 seconds left.\n|\n|t:|1700676168\n|move|p1b: Iron Hands|Fake Out|p2a: Sinistcha\n|-damage|p2a: Sinistcha|86\/100\n|-damage|p1b: Iron Hands|84\/100|[from] item: Rocky Helmet|[of] p2a: Sinistcha\n|cant|p2a: Sinistcha|flinch\n|move|p2b: Moltres|Nasty Plot|p2b: Moltres\n|-boost|p2b: Moltres|spa|2\n|move|p1a: Arcanine|Rock Slide|p2a: Sinistcha|[spread] p2a,p2b\n|-supereffective|p2b: Moltres\n|-damage|p2a: Sinistcha|62\/100\n|-damage|p2b: Moltres|14\/100\n|-ability|p2b: Moltres|Berserk|boost\n|-boost|p2b: Moltres|spa|1\n|\n|-weather|SunnyDay|[upkeep]\n|upkeep\n|turn|6\n|\n|t:|1700676189\n|move|p2a: Sinistcha|Rage Powder|p2a: Sinistcha\n|-singleturn|p2a: Sinistcha|move: Rage Powder\n|move|p2b: Moltres|Fiery Wrath|p1a: Arcanine|[spread] p1a,p1b\n|-resisted|p1b: Iron Hands\n|-damage|p1a: Arcanine|0 fnt\n|-damage|p1b: Iron Hands|45\/100\n|faint|p1a: Arcanine\n|move|p1b: Iron Hands|Drain Punch|p2a: Sinistcha\n|-damage|p2a: Sinistcha|24\/100\n|-heal|p1b: Iron Hands|58\/100|[from] drain|[of] p2a: Sinistcha\n|-damage|p1b: Iron Hands|41\/100|[from] item: Rocky Helmet|[of] p2a: Sinistcha\n|\n|-weather|none\n|upkeep\n|\n|t:|1700676200\n|switch|p1a: Tornadus|Tornadus, L50, M, shiny|68\/100\n|turn|7\n|\n|t:|1700676208\n|move|p1a: Tornadus|Tailwind|p1a: Tornadus\n|-sidestart|p1: FireZ_VGC|move: Tailwind\n|move|p1b: Iron Hands|Drain Punch|p2b: Moltres\n|-damage|p2b: Moltres|0 fnt\n|-heal|p1b: Iron Hands|46\/100|[from] drain|[of] p2b: Moltres\n|faint|p2b: Moltres\n|move|p2a: Sinistcha|Life Dew|p2a: Sinistcha\n|-heal|p2a: Sinistcha|49\/100\n|\n|upkeep\n|turn|8\n|-message|A Vauxhall Corsa forfeited.\n|\n|win|FireZ_VGC\n|raw|FireZ_VGC's rating: 1122 &rarr; <strong>1146<\/strong><br \/>(+24 for winning)\n|raw|A Vauxhall Corsa's rating: 1111 &rarr; <strong>1087<\/strong><br \/>(-24 for losing)\n|l|\u2606A Vauxhall Corsa\n","uploadtime":1700676224,"views":6,"p1id":"firezvgc","p2id":"avauxhallcorsa","formatid":"gen9vgc2023regulatione","rating":1087,"private":0,"password":""}