{"id":"gen9vgc2023regulatione-1988030609","p1":"lucasarreguy","p2":"YoraeRasante","format":"[Gen 9] VGC 2023 Regulation E","log":"|j|\u2606lucasarreguy\n|j|\u2606YoraeRasante\n|n|\u2606lucasarreguy|lucasarreguy\n|n|\u2606YoraeRasante|yoraerasante\n|html|View the match progress at <a href=\"\/game-bestof3-gen9vgc2023regulatione-1988025282\">game-bestof3-gen9vgc2023regulatione-1988025282<\/a>\n|t:|1699661161\n|gametype|doubles\n|player|p1|lucasarreguy|lance-lgpe|\n|player|p2|YoraeRasante|red|\n|teamsize|p1|6\n|teamsize|p2|6\n|gen|9\n|tier|[Gen 9] VGC 2023 Regulation E\n|rule|Species Clause: Limit one of each Pok\u00e9mon\n|rule|Item Clause: Limit one of each item\n|clearpoke\n|poke|p1|Goodra-Hisui, L50, M|\n|poke|p1|Gastrodon-East, L50, F|\n|poke|p1|Iron Bundle, L50|\n|poke|p1|Umbreon, L50, M|\n|poke|p1|Sneasler, L50, F|\n|poke|p1|Tsareena, L50, F|\n|poke|p2|Tyranitar, L50, F|\n|poke|p2|Flutter Mane, L50|\n|poke|p2|Urshifu-*, L50, M|\n|poke|p2|Iron Hands, L50|\n|poke|p2|Rillaboom, L50, F|\n|poke|p2|Tornadus, L50, M|\n|teampreview|4\nYoraeRasante has agreed to open team sheets.\n|j| Marcostap\n|j| Rebornsan93\n|c| Marcostap|aceitem o open team sheet\nlucasarreguy has agreed to open team sheets.\n|showteam|p1|Goodra-Hisui||AssaultVest|SapSipper|MuddyWater,FlashCannon,Thunderbolt,IceBeam|||M|||50|,,,,,Water]Gastrodon-East||RockyHelmet|StormDrain|IceBeam,Yawn,EarthPower,Recover|||F|||50|,,,,,Fairy]Iron Bundle||BoosterEnergy|QuarkDrive|Encore,IcyWind,HelpingHand,Protect||||||50|,,,,,Ghost]Umbreon||Leftovers|Synchronize|SkillSwap,Moonlight,FoulPlay,Protect|||M|||50|,,,,,Poison]Sneasler||WhiteHerb|Unburden|DireClaw,Acrobatics,CloseCombat,Protect|||F|||50|,,,,,Flying]Tsareena||ChoiceScarf|QueenlyMajesty|PowerWhip,HighJumpKick,KnockOff,PlayRough|||F|||50|,,,,,Grass\n|showteam|p2|Tyranitar||LifeOrb|SandStream|KnockOff,RockSlide,LowKick,TeraBlast|||F|||50|,,,,,Psychic]Flutter Mane||ChoiceSpecs|Protosynthesis|ShadowBall,Moonblast,DazzlingGleam,TrickRoom||||||50|,,,,,Fairy]Urshifu-Rapid-Strike||ChoiceScarf|UnseenFist|SurgingStrikes,CloseCombat,AquaJet,Uturn|||M|||50|,,,,,Water]Iron Hands||AssaultVest|QuarkDrive|WildCharge,DrainPunch,HeavySlam,FakeOut||||||50|,,,,,Grass]Rillaboom||MiracleSeed|GrassySurge|FakeOut,WoodHammer,GrassyGlide,Taunt|||F|||50|,,,,,Grass]Tornadus||CovertCloak|Prankster|BleakwindStorm,Tailwind,Taunt,RainDance|||M|||50|,,,,,Flying\n|c| Marcostap|pode come\u00e7ar\n|j| bb_hachi8\n|j| Yuri\n|j| ShimeNaruka\n|\n|t:|1699661230\n|start\n|switch|p1a: Christie Monteiro|Tsareena, L50, F|100\/100\n|switch|p1b: Den Den Mushi|Goodra-Hisui, L50, M|100\/100\n|switch|p2a: Rillaboom|Rillaboom, L50, F|100\/100\n|switch|p2b: Iron Hands|Iron Hands, L50|100\/100\n|-fieldstart|move: Grassy Terrain|[from] ability: Grassy Surge|[of] p2a: Rillaboom\n|turn|1\n|j| PSmonteiro\n|\n|t:|1699661305\n|move|p1a: Christie Monteiro|High Jump Kick|p2a: Rillaboom\n|-damage|p2a: Rillaboom|52\/100\n|move|p2a: Rillaboom|Wood Hammer|p1b: Den Den Mushi\n|-ability|p1b: Den Den Mushi|Sap Sipper|boost\n|-boost|p1b: Den Den Mushi|atk|1\n|move|p1b: Den Den Mushi|Ice Beam|p2a: Rillaboom\n|-supereffective|p2a: Rillaboom\n|-damage|p2a: Rillaboom|0 fnt\n|faint|p2a: Rillaboom\n|move|p2b: Iron Hands|Drain Punch|p1a: Christie Monteiro\n|-damage|p1a: Christie Monteiro|47\/100\n|\n|-heal|p1a: Christie Monteiro|54\/100|[from] Grassy Terrain\n|upkeep\n|\n|t:|1699661323\n|switch|p2a: Urshifu|Urshifu-Rapid-Strike, L50, M|100\/100\n|turn|2\n|\n|t:|1699661369\n|-terastallize|p1b: Den Den Mushi|Water\n|move|p2a: Urshifu|Close Combat|p1b: Den Den Mushi\n|-damage|p1b: Den Den Mushi|41\/100\n|-unboost|p2a: Urshifu|def|1\n|-unboost|p2a: Urshifu|spd|1\n|move|p1a: Christie Monteiro|High Jump Kick|p2a: Urshifu|[miss]\n|-miss|p1a: Christie Monteiro|p2a: Urshifu\n|-damage|p1a: Christie Monteiro|4\/100|[from] highjumpkick\n|move|p1b: Den Den Mushi|Thunderbolt|p2a: Urshifu\n|-supereffective|p2a: Urshifu\n|-damage|p2a: Urshifu|0 fnt\n|faint|p2a: Urshifu\n|move|p2b: Iron Hands|Drain Punch|p1b: Den Den Mushi\n|-damage|p1b: Den Den Mushi|0 fnt\n|faint|p1b: Den Den Mushi\n|\n|-heal|p1a: Christie Monteiro|10\/100|[from] Grassy Terrain\n|upkeep\n|\n|t:|1699661390\n|switch|p2a: Tornadus|Tornadus, L50, M|100\/100\n|switch|p1b: Oi meu chapa|Sneasler, L50, F|100\/100\n|turn|3\n|\n|t:|1699661425\n|move|p1a: Christie Monteiro|High Jump Kick|p2b: Iron Hands\n|-damage|p2b: Iron Hands|70\/100\n|move|p1b: Oi meu chapa|Close Combat|p2b: Iron Hands\n|-crit|p2b: Iron Hands\n|-damage|p2b: Iron Hands|3\/100\n|-unboost|p1b: Oi meu chapa|def|1\n|-unboost|p1b: Oi meu chapa|spd|1\n|-enditem|p1b: Oi meu chapa|White Herb\n|-clearnegativeboost|p1b: Oi meu chapa|[silent]\n|move|p2a: Tornadus|Bleakwind Storm|p1b: Oi meu chapa|[spread] p1a\n|-miss|p2a: Tornadus|p1b: Oi meu chapa\n|-supereffective|p1a: Christie Monteiro\n|-damage|p1a: Christie Monteiro|0 fnt\n|faint|p1a: Christie Monteiro\n|move|p2b: Iron Hands|Drain Punch|p1b: Oi meu chapa\n|-resisted|p1b: Oi meu chapa\n|-damage|p1b: Oi meu chapa|66\/100\n|-heal|p2b: Iron Hands|15\/100|[from] drain|[of] p1b: Oi meu chapa\n|\n|-heal|p1b: Oi meu chapa|71\/100|[from] Grassy Terrain\n|-heal|p2b: Iron Hands|21\/100|[from] Grassy Terrain\n|upkeep\n|\n|t:|1699661434\n|switch|p1a: Stalleon|Umbreon, L50, M, shiny|100\/100\n|turn|4\n|\n|t:|1699661484\n|-terastallize|p2b: Iron Hands|Grass\n|move|p1a: Stalleon|Protect|p1a: Stalleon\n|-singleturn|p1a: Stalleon|Protect\n|move|p2a: Tornadus|Tailwind|p2a: Tornadus\n|-sidestart|p2: YoraeRasante|move: Tailwind\n|move|p1b: Oi meu chapa|Dire Claw|p2a: Tornadus\n|-damage|p2a: Tornadus|46\/100\n|move|p2b: Iron Hands|Drain Punch|p1a: Stalleon\n|-activate|p1a: Stalleon|move: Protect\n|\n|-heal|p1b: Oi meu chapa|77\/100|[from] Grassy Terrain\n|-heal|p2b: Iron Hands|27\/100|[from] Grassy Terrain\n|upkeep\n|turn|5\n|\n|t:|1699661503\n|move|p1b: Oi meu chapa|Dire Claw|p2b: Iron Hands\n|-supereffective|p2b: Iron Hands\n|-damage|p2b: Iron Hands|0 fnt\n|faint|p2b: Iron Hands\n|-end|p2b: Iron Hands|Quark Drive|[silent]\n|move|p2a: Tornadus|Bleakwind Storm|p1b: Oi meu chapa|[spread] p1a,p1b\n|-supereffective|p1b: Oi meu chapa\n|-damage|p1a: Stalleon|84\/100\n|-damage|p1b: Oi meu chapa|0 fnt\n|-unboost|p1a: Stalleon|spe|1\n|faint|p1b: Oi meu chapa\n|move|p1a: Stalleon|Foul Play|p2a: Tornadus\n|-damage|p2a: Tornadus|11\/100\n|\n|-heal|p1a: Stalleon|90\/100|[from] Grassy Terrain\n|-heal|p1a: Stalleon|96\/100|[from] item: Leftovers\n|-fieldend|move: Grassy Terrain\n|upkeep\n|turn|6\n|\n|t:|1699661526\n|move|p2a: Tornadus|Bleakwind Storm|p1a: Stalleon\n|-damage|p1a: Stalleon|72\/100\n|move|p1a: Stalleon|Foul Play|p2a: Tornadus\n|-damage|p2a: Tornadus|0 fnt\n|faint|p2a: Tornadus\n|\n|win|lucasarreguy\n|l| bb_hachi8\n|c|\u2606YoraeRasante|\u00e9, foi\n|l| Yuri\n|l|\u2606YoraeRasante\n|l| Rebornsan93\n|l| PSmonteiro\n","uploadtime":1699661672,"views":21,"p1id":"lucasarreguy","p2id":"yoraerasante","formatid":"gen9vgc2023regulatione","rating":0,"private":0,"password":""}