{"id":"gen9vgc2023regulatione-1989377006","p1":"HonestBattler","p2":"WhereisFr","format":"[Gen 9] VGC 2023 Regulation E","log":"|j|\u2606HonestBattler\n|j|\u2606WhereisFr\n|t:|1699842585\n|gametype|doubles\n|player|p1|HonestBattler|170|1077\n|player|p2|WhereisFr|scientist-gen4|1050\n|teamsize|p1|6\n|teamsize|p2|6\n|gen|9\n|tier|[Gen 9] VGC 2023 Regulation E\n|rated|\n|rule|Species Clause: Limit one of each Pok\u00e9mon\n|rule|Item Clause: Limit one of each item\n|clearpoke\n|poke|p1|Armarouge, L50, M|\n|poke|p1|Maushold-Four, L50|\n|poke|p1|Indeedee-F, L50, F|\n|poke|p1|Flutter Mane, L50|\n|poke|p1|Tornadus, L50, M|\n|poke|p1|Urshifu-*, L50, M|\n|poke|p2|Medicham, L50, F|\n|poke|p2|Slaking, L50, F|\n|poke|p2|Cresselia, L50, F|\n|poke|p2|Ursaluna-Bloodmoon, L50, M|\n|poke|p2|Iron Hands, L50|\n|poke|p2|Flutter Mane, L50|\n|teampreview|4\n|inactive|Battle timer is ON: inactive players will automatically lose when time's up. (requested by HonestBattler)\n|inactive|HonestBattler has 60 seconds left.\n|\n|t:|1699842619\n|start\n|switch|p1a: Flutter Mane|Flutter Mane, L50|100\/100\n|switch|p1b: Indeedee|Indeedee-F, L50, F|100\/100\n|switch|p2a: Medicham|Medicham, L50, F|100\/100\n|switch|p2b: Slaking|Slaking, L50, F|100\/100\n|-fieldstart|move: Psychic Terrain|[from] ability: Psychic Surge|[of] p1b: Indeedee\n|-enditem|p1a: Flutter Mane|Booster Energy\n|-activate|p1a: Flutter Mane|ability: Protosynthesis|[fromitem]\n|-start|p1a: Flutter Mane|protosynthesisspa\n|turn|1\n|inactive|HonestBattler has 30 seconds left.\n|\n|t:|1699842645\n|move|p2b: Slaking|Protect|p2b: Slaking\n|-singleturn|p2b: Slaking|Protect\n|move|p1b: Indeedee|Follow Me|p1b: Indeedee\n|-singleturn|p1b: Indeedee|move: Follow Me\n|move|p1a: Flutter Mane|Shadow Ball|p2a: Medicham\n|-supereffective|p2a: Medicham\n|-enditem|p2a: Medicham|Focus Sash\n|-damage|p2a: Medicham|1\/100\n|-unboost|p2a: Medicham|spd|1\n|move|p2a: Medicham|Trick Room|p2a: Medicham\n|-fieldstart|move: Trick Room|[of] p2a: Medicham\n|\n|upkeep\n|turn|2\n|\n|t:|1699842666\n|-terastallize|p2b: Slaking|Ground\n|move|p1b: Indeedee|Follow Me|p1b: Indeedee\n|-singleturn|p1b: Indeedee|move: Follow Me\n|move|p2a: Medicham|Skill Swap|p1b: Indeedee\n|-activate|p2a: Medicham|move: Skill Swap|Psychic Surge|Pure Power|[of] p1b: Indeedee\n|cant|p2b: Slaking|ability: Truant\n|move|p1a: Flutter Mane|Trick Room|p1a: Flutter Mane\n|-fieldend|move: Trick Room\n|\n|upkeep\n|turn|3\n|\n|t:|1699842690\n|move|p1b: Indeedee|Helping Hand|p1a: Flutter Mane\n|-singleturn|p1a: Flutter Mane|Helping Hand|[of] p1b: Indeedee\n|move|p1a: Flutter Mane|Dazzling Gleam|p2b: Slaking|[spread] p2a,p2b\n|-supereffective|p2a: Medicham\n|-damage|p2a: Medicham|0 fnt\n|-damage|p2b: Slaking|43\/100\n|faint|p2a: Medicham\n|move|p2b: Slaking|Earthquake|p1a: Flutter Mane|[spread] p1a,p1b\n|-damage|p1a: Flutter Mane|0 fnt\n|-damage|p1b: Indeedee|32\/100\n|faint|p1a: Flutter Mane\n|-end|p1a: Flutter Mane|Protosynthesis|[silent]\n|-damage|p2b: Slaking|33\/100|[from] item: Life Orb\n|\n|upkeep\n|\n|t:|1699842702\n|switch|p1a: Armarouge|Armarouge, L50, M|100\/100\n|switch|p2a: Cresselia|Cresselia, L50, F|100\/100\n|turn|4\n|inactive|HonestBattler has 30 seconds left.\n|\n|t:|1699842735\n|move|p1b: Indeedee|Helping Hand|p1a: Armarouge\n|-singleturn|p1a: Armarouge|Helping Hand|[of] p1b: Indeedee\n|move|p1a: Armarouge|Expanding Force|p2b: Slaking|[spread] p2a,p2b\n|-resisted|p2a: Cresselia\n|-damage|p2a: Cresselia|55\/100\n|-damage|p2b: Slaking|0 fnt\n|faint|p2b: Slaking\n|-damage|p1a: Armarouge|91\/100|[from] item: Life Orb\n|move|p2a: Cresselia|Trick Room|p2a: Cresselia\n|-fieldstart|move: Trick Room|[of] p2a: Cresselia\n|\n|upkeep\n|\n|t:|1699842745\n|switch|p2b: Ursaluna|Ursaluna-Bloodmoon, L50, M|100\/100\n|turn|5\n|\n|t:|1699842762\n|-terastallize|p1a: Armarouge|Grass\n|move|p2a: Cresselia|Helping Hand|p2b: Ursaluna\n|-singleturn|p2b: Ursaluna|Helping Hand|[of] p2a: Cresselia\n|move|p1b: Indeedee|Follow Me|p1b: Indeedee\n|-singleturn|p1b: Indeedee|move: Follow Me\n|move|p2b: Ursaluna|Hyper Voice|p1a: Armarouge|[spread] p1a,p1b\n|-damage|p1a: Armarouge|0 fnt\n|-damage|p1b: Indeedee|0 fnt\n|faint|p1a: Armarouge\n|faint|p1b: Indeedee\n|\n|-fieldend|move: Psychic Terrain\n|upkeep\n|\n|t:|1699842770\n|switch|p1b: Maushold|Maushold-Four, L50|100\/100\n|turn|6\n|\n|t:|1699842777\n|move|p2a: Cresselia|Helping Hand|p2b: Ursaluna\n|-singleturn|p2b: Ursaluna|Helping Hand|[of] p2a: Cresselia\n|move|p1b: Maushold|Protect|p1b: Maushold\n|-singleturn|p1b: Maushold|Protect\n|move|p2b: Ursaluna|Blood Moon|p1b: Maushold\n|-activate|p1b: Maushold|move: Protect\n|\n|upkeep\n|turn|7\n|\n|t:|1699842785\n|move|p2a: Cresselia|Helping Hand|p2b: Ursaluna\n|-singleturn|p2b: Ursaluna|Helping Hand|[of] p2a: Cresselia\n|move|p2b: Ursaluna|Hyper Voice|p1b: Maushold\n|-damage|p1b: Maushold|0 fnt\n|faint|p1b: Maushold\n|\n|win|WhereisFr\n|raw|HonestBattler's rating: 1077 &rarr; <strong>1054<\/strong><br \/>(-23 for losing)\n|raw|WhereisFr's rating: 1050 &rarr; <strong>1085<\/strong><br \/>(+35 for winning)\n|l|\u2606HonestBattler\n","uploadtime":1699842791,"views":11,"p1id":"honestbattler","p2id":"whereisfr","formatid":"gen9vgc2023regulatione","rating":1054,"private":0,"password":""}