{"id":"gen9vgc2023regulatione-1988815686","p1":"khe7marak","p2":"IvoryPlat","format":"[Gen 9] VGC 2023 Regulation E","log":"|j|\u2606khe7marak\n|j|\u2606IvoryPlat\n|t:|1699767306\n|gametype|doubles\n|player|p1|khe7marak|102|1070\n|player|p2|IvoryPlat|265|1040\n|teamsize|p1|6\n|teamsize|p2|6\n|gen|9\n|tier|[Gen 9] VGC 2023 Regulation E\n|rated|\n|rule|Species Clause: Limit one of each Pok\u00e9mon\n|rule|Item Clause: Limit one of each item\n|clearpoke\n|poke|p1|Palafin, L50, M|\n|poke|p1|Ogerpon-Hearthflame, L50, F|\n|poke|p1|Landorus-Therian, L50, M|\n|poke|p1|Hydreigon, L50, F|\n|poke|p1|Tornadus, L50, M|\n|poke|p1|Rillaboom, L50, M|\n|poke|p2|Ogerpon-Wellspring, L50, F|\n|poke|p2|Tinkaton, L50, F|\n|poke|p2|Dusclops, L50, M|\n|poke|p2|Ursaluna-Bloodmoon, L50, M|\n|poke|p2|Zapdos-Galar, L50|\n|poke|p2|Arcanine-Hisui, L50, F|\n|teampreview|4\n|\n|t:|1699767336\n|start\n|switch|p1a: Hydreigon|Hydreigon, L50, F|100\/100\n|switch|p1b: Palafin|Palafin, L50, M|100\/100\n|switch|p2a: Tinkaton|Tinkaton, L50, F, shiny|100\/100\n|switch|p2b: Zapdos|Zapdos-Galar, L50|100\/100\n|turn|1\n|\n|t:|1699767362\n|-terastallize|p2b: Zapdos|Flying\n|move|p1b: Palafin|Jet Punch|p2b: Zapdos\n|-damage|p2b: Zapdos|73\/100\n|move|p2b: Zapdos|Brave Bird|p1b: Palafin\n|-damage|p1b: Palafin|6\/100\n|-damage|p2b: Zapdos|34\/100|[from] Recoil\n|move|p1a: Hydreigon|Draco Meteor|p2b: Zapdos\n|-damage|p2b: Zapdos|0 fnt\n|-unboost|p1a: Hydreigon|spa|2\n|faint|p2b: Zapdos\n|move|p2a: Tinkaton|Play Rough|p1a: Hydreigon|[miss]\n|-miss|p2a: Tinkaton|p1a: Hydreigon\n|\n|-heal|p1b: Palafin|12\/100|[from] item: Leftovers\n|upkeep\n|\n|t:|1699767374\n|switch|p2b: Arcanine|Arcanine-Hisui, L50, F|100\/100\n|-ability|p2b: Arcanine|Intimidate|boost\n|-unboost|p1a: Hydreigon|atk|1\n|-unboost|p1b: Palafin|atk|1\n|turn|2\n|\n|t:|1699767393\n|switch|p1a: Rillaboom|Rillaboom, L50, M|100\/100\n|-fieldstart|move: Grassy Terrain|[from] ability: Grassy Surge|[of] p1a: Rillaboom\n|move|p1b: Palafin|Protect|p1b: Palafin\n|-singleturn|p1b: Palafin|Protect\n|move|p2b: Arcanine|Extreme Speed|p1b: Palafin\n|-activate|p1b: Palafin|move: Protect\n|move|p2a: Tinkaton|Ice Hammer|p1a: Rillaboom\n|-supereffective|p1a: Rillaboom\n|-damage|p1a: Rillaboom|41\/100\n|-unboost|p2a: Tinkaton|spe|1\n|\n|-heal|p1a: Rillaboom|47\/100|[from] Grassy Terrain\n|-heal|p1b: Palafin|17\/100|[from] Grassy Terrain\n|-heal|p1b: Palafin|23\/100|[from] item: Leftovers\n|upkeep\n|turn|3\n|\n|t:|1699767429\n|detailschange|p1b: Palafin|Palafin-Hero, L50, M\n|switch|p1b: Hydreigon|Hydreigon, L50, F|100\/100\n|move|p2b: Arcanine|Protect|p2b: Arcanine\n|-singleturn|p2b: Arcanine|Protect\n|move|p1a: Rillaboom|Stomping Tantrum|p2b: Arcanine\n|-activate|p2b: Arcanine|move: Protect\n|move|p2a: Tinkaton|Play Rough|p1b: Hydreigon\n|-supereffective|p1b: Hydreigon\n|-damage|p1b: Hydreigon|0 fnt\n|faint|p1b: Hydreigon\n|\n|-heal|p1a: Rillaboom|52\/100|[from] Grassy Terrain\n|upkeep\n|\n|t:|1699767447\n|switch|p1b: Ogerpon|Ogerpon-Hearthflame, L50, F|100\/100\n|-ability|p1b: Ogerpon|Mold Breaker\n|turn|4\n|\n|t:|1699767460\n|switch|p2b: Ogerpon|Ogerpon-Wellspring, L50, F|100\/100\n|-terastallize|p1b: Ogerpon|Fire\n|detailschange|p1b: Ogerpon|Ogerpon-Hearthflame-Tera, L50, F, tera:Fire\n|-ability|p1b: Ogerpon|Embody Aspect (Hearthflame)|boost\n|-boost|p1b: Ogerpon|atk|1\n|move|p1b: Ogerpon|Ivy Cudgel|p2a: Tinkaton\n|-supereffective|p2a: Tinkaton\n|-damage|p2a: Tinkaton|0 fnt\n|faint|p2a: Tinkaton\n|move|p1a: Rillaboom|Stomping Tantrum|p2b: Ogerpon\n|-resisted|p2b: Ogerpon\n|-damage|p2b: Ogerpon|87\/100\n|\n|-heal|p2b: Ogerpon|92\/100|[from] Grassy Terrain\n|-heal|p1a: Rillaboom|58\/100|[from] Grassy Terrain\n|upkeep\n|\n|t:|1699767470\n|switch|p2a: Arcanine|Arcanine-Hisui, L50, F|100\/100\n|-ability|p2a: Arcanine|Intimidate|boost\n|-unboost|p1a: Rillaboom|atk|1\n|-unboost|p1b: Ogerpon|atk|1\n|turn|5\n|\n|t:|1699767491\n|switch|p1b: Palafin|Palafin-Hero, L50, M|23\/100\n|-activate|p1b: Palafin|ability: Zero to Hero\n|move|p2b: Ogerpon|Follow Me|p2b: Ogerpon\n|-singleturn|p2b: Ogerpon|move: Follow Me\n|move|p1a: Rillaboom|Wood Hammer|p2b: Ogerpon\n|-damage|p2b: Ogerpon|31\/100\n|-damage|p1a: Rillaboom|36\/100|[from] Recoil\n|move|p2a: Arcanine|Flare Blitz|p1a: Rillaboom\n|-supereffective|p1a: Rillaboom\n|-damage|p1a: Rillaboom|0 fnt\n|faint|p1a: Rillaboom\n|-damage|p2a: Arcanine|89\/100|[from] Recoil\n|\n|-heal|p2b: Ogerpon|37\/100|[from] Grassy Terrain\n|-heal|p2a: Arcanine|95\/100|[from] Grassy Terrain\n|-heal|p1b: Palafin|29\/100|[from] Grassy Terrain\n|-heal|p1b: Palafin|35\/100|[from] item: Leftovers\n|upkeep\n|\n|t:|1699767503\n|switch|p1a: Ogerpon|Ogerpon-Hearthflame-Tera, L50, F, tera:Fire|100\/100\n|-ability|p1a: Ogerpon|Embody Aspect (Hearthflame)|boost\n|-boost|p1a: Ogerpon|atk|1\n|turn|6\n|\n|t:|1699767529\n|move|p2b: Ogerpon|Follow Me|p2b: Ogerpon\n|-singleturn|p2b: Ogerpon|move: Follow Me\n|move|p1a: Ogerpon|Wood Hammer|p2b: Ogerpon\n|-damage|p2b: Ogerpon|0 fnt\n|faint|p2b: Ogerpon\n|-damage|p1a: Ogerpon|86\/100|[from] Recoil\n|move|p2a: Arcanine|Rock Slide|p1a: Ogerpon|[spread] p1a,p1b\n|-supereffective|p1a: Ogerpon\n|-damage|p1a: Ogerpon|15\/100\n|-damage|p1b: Palafin|8\/100\n|cant|p1b: Palafin|flinch\n|\n|-heal|p1a: Ogerpon|21\/100|[from] Grassy Terrain\n|-heal|p2a: Arcanine|100\/100|[from] Grassy Terrain\n|-heal|p1b: Palafin|14\/100|[from] Grassy Terrain\n|-heal|p1b: Palafin|20\/100|[from] item: Leftovers\n|-fieldend|move: Grassy Terrain\n|upkeep\n|turn|7\n|\n|t:|1699767565\n|move|p2a: Arcanine|Extreme Speed|p1b: Palafin\n|-damage|p1b: Palafin|0 fnt\n|faint|p1b: Palafin\n|move|p1a: Ogerpon|Ivy Cudgel|p2a: Arcanine\n|-resisted|p2a: Arcanine\n|-damage|p2a: Arcanine|64\/100\n|\n|upkeep\n|turn|8\n|\n|t:|1699767576\n|move|p2a: Arcanine|Extreme Speed|p1a: Ogerpon\n|-damage|p1a: Ogerpon|0 fnt\n|faint|p1a: Ogerpon\n|\n|win|IvoryPlat\n|raw|khe7marak's rating: 1070 &rarr; <strong>1048<\/strong><br \/>(-22 for losing)\n|raw|IvoryPlat's rating: 1040 &rarr; <strong>1077<\/strong><br \/>(+37 for winning)\n|l|\u2606khe7marak\n","uploadtime":1699767589,"views":23,"p1id":"khe7marak","p2id":"ivoryplat","formatid":"gen9vgc2023regulatione","rating":1048,"private":0,"password":""}