{"id":"gen9vgc2023regulatione-1988794132","p1":"hash brown enjoyer","p2":"HayPrime","format":"[Gen 9] VGC 2023 Regulation E","log":"|j|\u2606hash brown enjoyer\n|j|\u2606HayPrime\n|n|\u2606hash brown enjoyer|hashbrownenjoyer\n|n|\u2606HayPrime|hayprime\n|html|View the match progress at <a href=\"\/game-bestof3-gen9vgc2023regulatione-1988794131\">game-bestof3-gen9vgc2023regulatione-1988794131<\/a>\n|t:|1699764088\n|gametype|doubles\n|player|p1|hash brown enjoyer|ingo|\n|player|p2|HayPrime|170|\n|teamsize|p1|6\n|teamsize|p2|6\n|gen|9\n|tier|[Gen 9] VGC 2023 Regulation E\n|rule|Species Clause: Limit one of each Pok\u00e9mon\n|rule|Item Clause: Limit one of each item\n|clearpoke\n|poke|p1|Rillaboom, L50, M|\n|poke|p1|Sneasler, L50, M|\n|poke|p1|Empoleon, L50, F|\n|poke|p1|Chandelure, L50, M|\n|poke|p1|Salamence, L50, F|\n|poke|p1|Spewpa, L50, F|\n|poke|p2|Heatran, L50, F|\n|poke|p2|Golem, L50, M|\n|poke|p2|Dondozo, L50, F|\n|poke|p2|Tatsugiri, L50, M|\n|poke|p2|Okidogi, L50, M|\n|poke|p2|Sinistcha, L50|\n|teampreview|4\nHayPrime has agreed to open team sheets.\n|c|\u2606HayPrime|click no\n|c|\u2606hash brown enjoyer|glhf!\n|c|\u2606HayPrime|i made mistake\nhash brown enjoyer rejected open team sheets.\n|c|\u2606HayPrime|lol\n|c|\u2606HayPrime|no u\n|c|\u2606hash brown enjoyer|lmao\n|\n|t:|1699764173\n|start\n|switch|p1a: Chandelure|Chandelure, L50, M|100\/100\n|switch|p1b: Rillaboom|Rillaboom, L50, M|100\/100\n|switch|p2a: hot n crazy|Heatran, L50, F|100\/100\n|switch|p2b: bushy tail|Okidogi, L50, M|100\/100\n|-fieldstart|move: Grassy Terrain|[from] ability: Grassy Surge|[of] p1b: Rillaboom\n|turn|1\n|\n|t:|1699764201\n|move|p2b: bushy tail|Protect|p2b: bushy tail\n|-singleturn|p2b: bushy tail|Protect\n|move|p1b: Rillaboom|Fake Out|p2b: bushy tail\n|-activate|p2b: bushy tail|move: Protect\n|move|p1a: Chandelure|Shadow Ball|p2a: hot n crazy\n|-damage|p2a: hot n crazy|46\/100\n|-damage|p1a: Chandelure|91\/100|[from] item: Life Orb\n|move|p2a: hot n crazy|Substitute|p2a: hot n crazy\n|-start|p2a: hot n crazy|Substitute\n|-damage|p2a: hot n crazy|21\/100\n|\n|-heal|p1a: Chandelure|96\/100|[from] Grassy Terrain\n|-heal|p2a: hot n crazy|27\/100|[from] Grassy Terrain\n|upkeep\n|turn|2\n|\n|t:|1699764220\n|-terastallize|p1b: Rillaboom|Water\n|move|p2a: hot n crazy|Protect|p2a: hot n crazy\n|-singleturn|p2a: hot n crazy|Protect\n|move|p1a: Chandelure|Shadow Ball|p2b: bushy tail\n|-damage|p2b: bushy tail|45\/100\n|-damage|p1a: Chandelure|87\/100|[from] item: Life Orb\n|move|p1b: Rillaboom|High Horsepower|p2a: hot n crazy\n|-activate|p2a: hot n crazy|move: Protect\n|move|p2b: bushy tail|Gunk Shot|p1b: Rillaboom\n|-damage|p1b: Rillaboom|43\/100\n|\n|-heal|p1a: Chandelure|92\/100|[from] Grassy Terrain\n|-heal|p2a: hot n crazy|34\/100|[from] Grassy Terrain\n|-heal|p1b: Rillaboom|48\/100|[from] Grassy Terrain\n|-heal|p2b: bushy tail|51\/100|[from] Grassy Terrain\n|-heal|p2b: bushy tail|57\/100|[from] item: Leftovers\n|upkeep\n|turn|3\n|\n|t:|1699764247\n|move|p1a: Chandelure|Shadow Ball|p2b: bushy tail\n|-damage|p2b: bushy tail|0 fnt\n|faint|p2b: bushy tail\n|-damage|p1a: Chandelure|82\/100|[from] item: Life Orb\n|move|p2a: hot n crazy|Earth Power|p1a: Chandelure\n|-supereffective|p1a: Chandelure\n|-crit|p1a: Chandelure\n|-damage|p1a: Chandelure|0 fnt\n|faint|p1a: Chandelure\n|-damage|p2a: hot n crazy|24\/100|[from] item: Life Orb\n|move|p1b: Rillaboom|High Horsepower|p2a: hot n crazy\n|-supereffective|p2a: hot n crazy\n|-end|p2a: hot n crazy|Substitute\n|\n|-heal|p2a: hot n crazy|30\/100|[from] Grassy Terrain\n|-heal|p1b: Rillaboom|54\/100|[from] Grassy Terrain\n|upkeep\n|\n|t:|1699764268\n|switch|p1a: Salamence|Salamence, L50, F|100\/100\n|switch|p2b: fuck|Dondozo, L50, F|100\/100\n|-ability|p1a: Salamence|Intimidate|boost\n|-unboost|p2a: hot n crazy|atk|1\n|-unboost|p2b: fuck|atk|1\n|turn|4\n|\n|t:|1699764280\n|switch|p2b: sushi = bad|Tatsugiri, L50, M|100\/100\n|move|p1a: Salamence|Protect|p1a: Salamence\n|-singleturn|p1a: Salamence|Protect\n|move|p2a: hot n crazy|Heat Wave|p1b: Rillaboom|[spread] p1b\n|-activate|p1a: Salamence|move: Protect\n|-resisted|p1b: Rillaboom\n|-damage|p1b: Rillaboom|37\/100\n|-damage|p2a: hot n crazy|20\/100|[from] item: Life Orb\n|move|p1b: Rillaboom|Wood Hammer|p2b: sushi = bad\n|-damage|p2b: sushi = bad|0 fnt\n|faint|p2b: sushi = bad\n|-damage|p1b: Rillaboom|14\/100|[from] Recoil\n|\n|-heal|p2a: hot n crazy|26\/100|[from] Grassy Terrain\n|-heal|p1b: Rillaboom|20\/100|[from] Grassy Terrain\n|upkeep\n|\n|t:|1699764288\n|switch|p2b: fuck|Dondozo, L50, F|100\/100\n|turn|5\n|\n|t:|1699764324\n|-terastallize|p2b: fuck|Dragon\n|move|p1a: Salamence|Tailwind|p1a: Salamence\n|-sidestart|p1: hash brown enjoyer|move: Tailwind\n|move|p1b: Rillaboom|High Horsepower|p2a: hot n crazy\n|-supereffective|p2a: hot n crazy\n|-damage|p2a: hot n crazy|0 fnt\n|faint|p2a: hot n crazy\n|move|p2b: fuck|Order Up|p1a: Salamence\n|-supereffective|p1a: Salamence\n|-damage|p1a: Salamence|25\/100\n|-enditem|p1a: Salamence|Sitrus Berry|[eat]\n|-heal|p1a: Salamence|50\/100|[from] item: Sitrus Berry\n|\n|-heal|p1b: Rillaboom|26\/100|[from] Grassy Terrain\n|-fieldend|move: Grassy Terrain\n|upkeep\n|turn|6\n|\n|t:|1699764340\n|move|p1a: Salamence|Dragon Claw|p2b: fuck\n|-supereffective|p2b: fuck\n|-crit|p2b: fuck\n|-damage|p2b: fuck|19\/100\n|-enditem|p2b: fuck|Sitrus Berry|[eat]\n|-heal|p2b: fuck|44\/100|[from] item: Sitrus Berry\n|move|p1b: Rillaboom|High Horsepower|p2b: fuck\n|-damage|p2b: fuck|22\/100\n|move|p2b: fuck|Order Up|p1a: Salamence\n|-supereffective|p1a: Salamence\n|-damage|p1a: Salamence|0 fnt\n|faint|p1a: Salamence\n|\n|upkeep\n|\n|t:|1699764350\n|switch|p1a: Empoleon|Empoleon, L50, F|100\/100\n|turn|7\n|\n|t:|1699764359\n|move|p1b: Rillaboom|High Horsepower|p2b: fuck\n|-damage|p2b: fuck|2\/100\n|move|p1a: Empoleon|Flash Cannon|p2b: fuck\n|-damage|p2b: fuck|0 fnt\n|faint|p2b: fuck\n|\n|win|hash brown enjoyer\n|c|\u2606hash brown enjoyer|gg\n|c|&|\/uhtml prompt-hashbrownenjoyer,hash brown enjoyer is ready for game 2!\n|inactive|HayPrime has 50 seconds to confirm battle start!\n|inactive|HayPrime has 39 seconds to confirm battle start!\n|c|&|\/uhtml prompt-hayprime,HayPrime is ready for game 2!\nBoth players are ready! Starting next match!\n","uploadtime":1699764632,"views":66,"p1id":"hashbrownenjoyer","p2id":"hayprime","formatid":"gen9vgc2023regulatione","rating":0,"private":0,"password":""}