{"id":"gen9vgc2023regulatione-1997012701","p1":"mochipupusa","p2":"Fire Mage 593","format":"[Gen 9] VGC 2023 Regulation E","log":"|j|\u2606mochipupusa\n|j|\u2606Fire Mage 593\n|t:|1700755600\n|gametype|doubles\n|player|p1|mochipupusa|collector|1188\n|player|p2|Fire Mage 593|1|1290\n|teamsize|p1|6\n|teamsize|p2|6\n|gen|9\n|tier|[Gen 9] VGC 2023 Regulation E\n|rated|\n|rule|Species Clause: Limit one of each Pok\u00e9mon\n|rule|Item Clause: Limit one of each item\n|clearpoke\n|poke|p1|Roaring Moon, L50|\n|poke|p1|Milotic, L50, M|\n|poke|p1|Landorus-Therian, L50, M|\n|poke|p1|Flutter Mane, L50|\n|poke|p1|Iron Hands, L50|\n|poke|p1|Ogerpon-Hearthflame, L50, F|\n|poke|p2|Regieleki, L50|\n|poke|p2|Farigiraf, L50, F|\n|poke|p2|Chi-Yu, L50|\n|poke|p2|Rillaboom, L50, M|\n|poke|p2|Scizor, L50, M|\n|poke|p2|Landorus-Therian, L50, M|\n|teampreview|4\nmochipupusa has agreed to open team sheets.\n|\n|t:|1700755630\n|start\n|switch|p1a: Landorus|Landorus-Therian, L50, M|100\/100\n|switch|p1b: Roaring Moon|Roaring Moon, L50|100\/100\n|switch|p2a: Regieleki|Regieleki, L50|100\/100\n|switch|p2b: Landorus|Landorus-Therian, L50, M|100\/100\n|-ability|p1a: Landorus|Intimidate|boost\n|-unboost|p2a: Regieleki|atk|1\n|-unboost|p2b: Landorus|atk|1\n|-ability|p2b: Landorus|Intimidate|boost\n|-unboost|p1a: Landorus|atk|1\n|-unboost|p1b: Roaring Moon|atk|1\n|-enditem|p1b: Roaring Moon|Booster Energy\n|-activate|p1b: Roaring Moon|ability: Protosynthesis|[fromitem]\n|-start|p1b: Roaring Moon|protosynthesisspe\n|turn|1\n|\n|t:|1700755653\n|-terastallize|p2a: Regieleki|Ice\n|move|p2a: Regieleki|Tera Blast|p1a: Landorus|[anim] Tera Blast Ice\n|-supereffective|p1a: Landorus\n|-damage|p1a: Landorus|0 fnt\n|faint|p1a: Landorus\n|move|p1b: Roaring Moon|Tailwind|p1b: Roaring Moon\n|-sidestart|p1: mochipupusa|move: Tailwind\n|move|p2b: Landorus|U-turn|p1b: Roaring Moon\n|-supereffective|p1b: Roaring Moon\n|-damage|p1b: Roaring Moon|62\/100\n|\n|t:|1700755664\n|switch|p2b: Scizor|Scizor, L50, M|100\/100|[from] U-turn\n|\n|upkeep\n|\n|t:|1700755675\n|switch|p1a: Ogerpon|Ogerpon-Hearthflame, L50, F|100\/100\n|-ability|p1a: Ogerpon|Mold Breaker\n|turn|2\n|\n|t:|1700755724\n|switch|p2a: Landorus|Landorus-Therian, L50, M|100\/100\n|-ability|p2a: Landorus|Intimidate|boost\n|-unboost|p1a: Ogerpon|atk|1\n|-unboost|p1b: Roaring Moon|atk|1\n|move|p1b: Roaring Moon|Acrobatics|p2a: Landorus\n|-damage|p2a: Landorus|75\/100\n|move|p1a: Ogerpon|Ivy Cudgel|p2b: Scizor|[anim] Ivy Cudgel Fire\n|-supereffective|p2b: Scizor\n|-damage|p2b: Scizor|0 fnt\n|faint|p2b: Scizor\n|\n|upkeep\n|\n|t:|1700755736\n|switch|p2b: Regieleki|Regieleki, L50, tera:Ice|100\/100\n|turn|3\n|\n|t:|1700755752\n|switch|p2b: Chi-Yu|Chi-Yu, L50|100\/100\n|-ability|p2b: Chi-Yu|Beads of Ruin\n|move|p1b: Roaring Moon|Acrobatics|p2a: Landorus\n|-damage|p2a: Landorus|50\/100\n|move|p1a: Ogerpon|Ivy Cudgel|p2a: Landorus|[anim] Ivy Cudgel Fire\n|-damage|p2a: Landorus|6\/100\n|move|p2a: Landorus|Stomping Tantrum|p1a: Ogerpon\n|-damage|p1a: Ogerpon|47\/100\n|\n|upkeep\n|turn|4\n|\n|t:|1700755780\n|move|p1b: Roaring Moon|Knock Off|p2b: Chi-Yu\n|-resisted|p2b: Chi-Yu\n|-damage|p2b: Chi-Yu|77\/100\n|-enditem|p2b: Chi-Yu|Charcoal|[from] move: Knock Off|[of] p1b: Roaring Moon\n|move|p1a: Ogerpon|Ivy Cudgel|p2a: Landorus|[anim] Ivy Cudgel Fire\n|-damage|p2a: Landorus|0 fnt\n|faint|p2a: Landorus\n|move|p2b: Chi-Yu|Heat Wave|p1b: Roaring Moon|[spread] p1a,p1b\n|-resisted|p1b: Roaring Moon\n|-damage|p1a: Ogerpon|0 fnt\n|-damage|p1b: Roaring Moon|39\/100\n|-status|p1b: Roaring Moon|brn\n|faint|p1a: Ogerpon\n|\n|-damage|p1b: Roaring Moon|33\/100 brn|[from] brn\n|-sideend|p1: mochipupusa|move: Tailwind\n|upkeep\n|\n|t:|1700755794\n|switch|p1a: Iron Hands|Iron Hands, L50|100\/100\n|switch|p2a: Regieleki|Regieleki, L50, tera:Ice|100\/100\n|turn|5\n|\n|t:|1700755821\n|move|p2b: Chi-Yu|Protect|p2b: Chi-Yu\n|-singleturn|p2b: Chi-Yu|Protect\n|move|p1a: Iron Hands|Fake Out|p2b: Chi-Yu\n|-activate|p2b: Chi-Yu|move: Protect\n|move|p2a: Regieleki|Tera Blast|p1b: Roaring Moon|[anim] Tera Blast Ice\n|-supereffective|p1b: Roaring Moon\n|-damage|p1b: Roaring Moon|0 fnt\n|faint|p1b: Roaring Moon\n|-end|p1b: Roaring Moon|Protosynthesis|[silent]\n|\n|upkeep\n|turn|6\n|\n|t:|1700755845\n|move|p2a: Regieleki|Tera Blast|p1a: Iron Hands|[anim] Tera Blast Ice\n|-damage|p1a: Iron Hands|61\/100\n|move|p2b: Chi-Yu|Heat Wave|p1a: Iron Hands\n|-damage|p1a: Iron Hands|27\/100\n|move|p1a: Iron Hands|Drain Punch|p2b: Chi-Yu\n|-supereffective|p2b: Chi-Yu\n|-damage|p2b: Chi-Yu|0 fnt\n|-heal|p1a: Iron Hands|48\/100|[from] drain|[of] p2b: Chi-Yu\n|faint|p2b: Chi-Yu\n|\n|upkeep\n|turn|7\n|\n|t:|1700755857\n|move|p2a: Regieleki|Tera Blast|p1a: Iron Hands|[anim] Tera Blast Ice\n|-damage|p1a: Iron Hands|20\/100\n|move|p1a: Iron Hands|Drain Punch|p2a: Regieleki\n|-supereffective|p2a: Regieleki\n|-damage|p2a: Regieleki|0 fnt\n|-heal|p1a: Iron Hands|55\/100|[from] drain|[of] p2a: Regieleki\n|faint|p2a: Regieleki\n|\n|win|mochipupusa\n|raw|mochipupusa's rating: 1188 &rarr; <strong>1220<\/strong><br \/>(+32 for winning)\n|raw|Fire Mage 593's rating: 1290 &rarr; <strong>1258<\/strong><br \/>(-32 for losing)\n|l|\u2606Fire Mage 593\n","uploadtime":1700755878,"views":1,"p1id":"mochipupusa","p2id":"firemage593","formatid":"gen9vgc2023regulatione","rating":1220,"private":0,"password":""}