{"id":"gen9vgc2023regulatione-1993896753","p1":"Krjzhzk","p2":"RoyTan","format":"[Gen 9] VGC 2023 Regulation E","log":"|j|\u2606Krjzhzk\n|j|\u2606RoyTan\n|t:|1700371746\n|gametype|doubles\n|player|p1|Krjzhzk|lance|1075\n|player|p2|RoyTan|hiker-gen4|1078\n|teamsize|p1|6\n|teamsize|p2|6\n|gen|9\n|tier|[Gen 9] VGC 2023 Regulation E\n|rated|\n|rule|Species Clause: Limit one of each Pok\u00e9mon\n|rule|Item Clause: Limit one of each item\n|clearpoke\n|poke|p1|Flutter Mane, L50|\n|poke|p1|Tornadus, L50, M|\n|poke|p1|Rillaboom, L50, M|\n|poke|p1|Garganacl, L50, F|\n|poke|p1|Arcanine-Hisui, L50, F|\n|poke|p1|Chien-Pao, L50|\n|poke|p2|Dondozo, L50, F|\n|poke|p2|Tatsugiri, L50, F|\n|poke|p2|Tornadus, L50, M|\n|poke|p2|Iron Hands, L50|\n|poke|p2|Glimmora, L50, F|\n|poke|p2|Flutter Mane, L50|\n|teampreview|4\n|inactive|Battle timer is ON: inactive players will automatically lose when time's up. (requested by RoyTan)\n|inactive|Krjzhzk has 60 seconds left.\n|\n|t:|1700371779\n|start\n|switch|p1a: Garganacl|Garganacl, L50, F|100\/100\n|switch|p1b: Tornadus|Tornadus, L50, M|100\/100\n|switch|p2a: Flutter Mane|Flutter Mane, L50|100\/100\n|switch|p2b: Glimmora|Glimmora, L50, F|100\/100\n|-enditem|p2a: Flutter Mane|Booster Energy\n|-activate|p2a: Flutter Mane|ability: Protosynthesis|[fromitem]\n|-start|p2a: Flutter Mane|protosynthesisspe\n|turn|1\n|\n|t:|1700371792\n|-terastallize|p1a: Garganacl|Ghost\n|move|p1b: Tornadus|Tailwind|p1b: Tornadus\n|-sidestart|p1: Krjzhzk|move: Tailwind\n|move|p2a: Flutter Mane|Dazzling Gleam|p1b: Tornadus|[spread] p1a,p1b\n|-damage|p1a: Garganacl|80\/100\n|-damage|p1b: Tornadus|74\/100\n|move|p2b: Glimmora|Mortal Spin|p1a: Garganacl|[spread] p1a,p1b\n|-resisted|p1a: Garganacl\n|-damage|p1a: Garganacl|78\/100\n|-damage|p1b: Tornadus|69\/100\n|-status|p1b: Tornadus|psn\n|-damage|p2b: Glimmora|84\/100|[from] item: Rocky Helmet|[of] p1b: Tornadus\n|move|p1a: Garganacl|Salt Cure|p2a: Flutter Mane\n|-damage|p2a: Flutter Mane|67\/100\n|-start|p2a: Flutter Mane|Salt Cure\n|\n|-damage|p1b: Tornadus|56\/100 psn|[from] psn\n|-damage|p2a: Flutter Mane|55\/100|[from] Salt Cure\n|upkeep\n|turn|2\n|\n|t:|1700371817\n|-terastallize|p2a: Flutter Mane|Ghost\n|move|p1a: Garganacl|Protect|p1a: Garganacl\n|-singleturn|p1a: Garganacl|Protect\n|move|p2a: Flutter Mane|Shadow Ball|p1a: Garganacl\n|-activate|p1a: Garganacl|move: Protect\n|move|p1b: Tornadus|Bleakwind Storm|p2b: Glimmora|[spread] p2a\n|-miss|p1b: Tornadus|p2b: Glimmora\n|-damage|p2a: Flutter Mane|24\/100\n|move|p2b: Glimmora|Venoshock|p1b: Tornadus\n|-damage|p1b: Tornadus|3\/100 psn\n|\n|-damage|p1b: Tornadus|0 fnt|[from] psn\n|faint|p1b: Tornadus\n|-damage|p2a: Flutter Mane|12\/100|[from] Salt Cure\n|upkeep\n|\n|t:|1700371839\n|switch|p1b: Flutter Mane|Flutter Mane, L50|100\/100\n|-enditem|p1b: Flutter Mane|Booster Energy\n|-activate|p1b: Flutter Mane|ability: Protosynthesis|[fromitem]\n|-start|p1b: Flutter Mane|protosynthesisspe\n|turn|3\n|\n|t:|1700371855\n|move|p1b: Flutter Mane|Protect|p1b: Flutter Mane\n|-singleturn|p1b: Flutter Mane|Protect\n|move|p2a: Flutter Mane|Shadow Ball|p1b: Flutter Mane\n|-activate|p1b: Flutter Mane|move: Protect\n|move|p2b: Glimmora|Mortal Spin|p1a: Garganacl|[spread] p1a\n|-activate|p1b: Flutter Mane|move: Protect\n|-resisted|p1a: Garganacl\n|-damage|p1a: Garganacl|77\/100\n|move|p1a: Garganacl|Recover|p1a: Garganacl\n|-heal|p1a: Garganacl|100\/100\n|\n|-damage|p2a: Flutter Mane|0 fnt|[from] Salt Cure\n|faint|p2a: Flutter Mane\n|-end|p2a: Flutter Mane|Protosynthesis|[silent]\n|upkeep\n|\n|t:|1700371880\n|switch|p2a: Iron Hands|Iron Hands, L50|100\/100\n|turn|4\n|inactive|Krjzhzk has 30 seconds left.\n|\n|t:|1700371911\n|move|p2a: Iron Hands|Fake Out|p1b: Flutter Mane\n|-immune|p1b: Flutter Mane\n|move|p1b: Flutter Mane|Shadow Ball|p2b: Glimmora\n|-damage|p2b: Glimmora|27\/100\n|move|p2b: Glimmora|Earth Power|p1a: Garganacl\n|-damage|p1a: Garganacl|81\/100\n|move|p1a: Garganacl|Iron Defense|p1a: Garganacl\n|-boost|p1a: Garganacl|def|2\n|\n|-sideend|p1: Krjzhzk|move: Tailwind\n|upkeep\n|turn|5\n|\n|t:|1700371931\n|move|p1b: Flutter Mane|Protect|p1b: Flutter Mane\n|-singleturn|p1b: Flutter Mane|Protect\n|move|p2b: Glimmora|Spiky Shield|p2b: Glimmora\n|-singleturn|p2b: Glimmora|move: Protect\n|move|p2a: Iron Hands|Wild Charge|p1b: Flutter Mane\n|-activate|p1b: Flutter Mane|move: Protect\n|move|p1a: Garganacl|Salt Cure|p2a: Iron Hands\n|-resisted|p2a: Iron Hands\n|-damage|p2a: Iron Hands|97\/100\n|-start|p2a: Iron Hands|Salt Cure\n|\n|-damage|p2a: Iron Hands|84\/100|[from] Salt Cure\n|upkeep\n|turn|6\n|\n|t:|1700371952\n|move|p1b: Flutter Mane|Shadow Ball|p2b: Glimmora\n|-damage|p2b: Glimmora|0 fnt\n|faint|p2b: Glimmora\n|move|p2a: Iron Hands|Wild Charge|p1b: Flutter Mane\n|-crit|p1b: Flutter Mane\n|-damage|p1b: Flutter Mane|0 fnt\n|faint|p1b: Flutter Mane\n|-end|p1b: Flutter Mane|Protosynthesis|[silent]\n|-damage|p2a: Iron Hands|70\/100|[from] Recoil\n|move|p1a: Garganacl|Iron Defense|p1a: Garganacl\n|-boost|p1a: Garganacl|def|2\n|\n|-damage|p2a: Iron Hands|58\/100|[from] Salt Cure\n|upkeep\n|\n|t:|1700371961\n|switch|p1b: Rillaboom|Rillaboom, L50, M|100\/100\n|switch|p2b: Tornadus|Tornadus, L50, M|100\/100\n|-fieldstart|move: Grassy Terrain|[from] ability: Grassy Surge|[of] p1b: Rillaboom\n|turn|7\n|\n|t:|1700371974\n|move|p1b: Rillaboom|Fake Out|p2b: Tornadus\n|-damage|p2b: Tornadus|79\/100\n|cant|p2b: Tornadus|flinch\n|move|p2a: Iron Hands|Drain Punch|p1b: Rillaboom\n|-damage|p1b: Rillaboom|64\/100\n|-heal|p2a: Iron Hands|74\/100|[from] drain|[of] p1b: Rillaboom\n|move|p1a: Garganacl|Salt Cure|p2b: Tornadus\n|-supereffective|p2b: Tornadus\n|-damage|p2b: Tornadus|36\/100\n|-start|p2b: Tornadus|Salt Cure\n|-enditem|p2b: Tornadus|Sitrus Berry|[eat]\n|-heal|p2b: Tornadus|61\/100|[from] item: Sitrus Berry\n|\n|-heal|p1b: Rillaboom|70\/100|[from] Grassy Terrain\n|-heal|p2a: Iron Hands|80\/100|[from] Grassy Terrain\n|-heal|p1a: Garganacl|86\/100|[from] Grassy Terrain\n|-damage|p2b: Tornadus|49\/100|[from] Salt Cure\n|-damage|p2a: Iron Hands|68\/100|[from] Salt Cure\n|upkeep\n|turn|8\n|\n|t:|1700371989\n|move|p1a: Garganacl|Protect|p1a: Garganacl\n|-singleturn|p1a: Garganacl|Protect\n|move|p2b: Tornadus|Bleakwind Storm|p1a: Garganacl|[spread] p1b\n|-activate|p1a: Garganacl|move: Protect\n|-supereffective|p1b: Rillaboom\n|-damage|p1b: Rillaboom|15\/100\n|move|p1b: Rillaboom|Wood Hammer|p2b: Tornadus\n|-resisted|p2b: Tornadus\n|-damage|p2b: Tornadus|0 fnt\n|faint|p2b: Tornadus\n|-damage|p1b: Rillaboom|3\/100|[from] Recoil\n|move|p2a: Iron Hands|Drain Punch|p1b: Rillaboom\n|-damage|p1b: Rillaboom|0 fnt\n|-heal|p2a: Iron Hands|69\/100|[from] drain|[of] p1b: Rillaboom\n|faint|p1b: Rillaboom\n|\n|-heal|p2a: Iron Hands|76\/100|[from] Grassy Terrain\n|-heal|p1a: Garganacl|92\/100|[from] Grassy Terrain\n|-damage|p2a: Iron Hands|63\/100|[from] Salt Cure\n|upkeep\n|turn|9\n|\n|t:|1700372006\n|move|p2a: Iron Hands|Wild Charge|p1a: Garganacl\n|-damage|p1a: Garganacl|81\/100\n|-damage|p2a: Iron Hands|61\/100|[from] Recoil\n|move|p1a: Garganacl|Iron Defense|p1a: Garganacl\n|-boost|p1a: Garganacl|def|2\n|\n|-heal|p2a: Iron Hands|67\/100|[from] Grassy Terrain\n|-heal|p1a: Garganacl|86\/100|[from] Grassy Terrain\n|-damage|p2a: Iron Hands|55\/100|[from] Salt Cure\n|upkeep\n|turn|10\n|\n|t:|1700372014\n|move|p2a: Iron Hands|Drain Punch|p1a: Garganacl\n|-immune|p1a: Garganacl\n|move|p1a: Garganacl|Recover|p1a: Garganacl\n|-heal|p1a: Garganacl|100\/100\n|\n|-heal|p2a: Iron Hands|61\/100|[from] Grassy Terrain\n|-damage|p2a: Iron Hands|49\/100|[from] Salt Cure\n|upkeep\n|turn|11\n|\n|t:|1700372020\n|move|p1a: Garganacl|Protect|p1a: Garganacl\n|-singleturn|p1a: Garganacl|Protect\n|move|p2a: Iron Hands|Drain Punch|p1a: Garganacl\n|-activate|p1a: Garganacl|move: Protect\n|\n|-heal|p2a: Iron Hands|55\/100|[from] Grassy Terrain\n|-damage|p2a: Iron Hands|42\/100|[from] Salt Cure\n|-fieldend|move: Grassy Terrain\n|upkeep\n|turn|12\n|\n|t:|1700372028\n|move|p1a: Garganacl|Protect||[still]\n|-fail|p1a: Garganacl\n|move|p2a: Iron Hands|Drain Punch|p1a: Garganacl\n|-immune|p1a: Garganacl\n|\n|-damage|p2a: Iron Hands|30\/100|[from] Salt Cure\n|upkeep\n|turn|13\n|\n|t:|1700372031\n|move|p1a: Garganacl|Protect|p1a: Garganacl\n|-singleturn|p1a: Garganacl|Protect\n|move|p2a: Iron Hands|Drain Punch|p1a: Garganacl\n|-activate|p1a: Garganacl|move: Protect\n|\n|-damage|p2a: Iron Hands|18\/100|[from] Salt Cure\n|upkeep\n|turn|14\n|\n|t:|1700372034\n|move|p1a: Garganacl|Protect||[still]\n|-fail|p1a: Garganacl\n|move|p2a: Iron Hands|Drain Punch|p1a: Garganacl\n|-immune|p1a: Garganacl\n|\n|-damage|p2a: Iron Hands|6\/100|[from] Salt Cure\n|upkeep\n|turn|15\n|\n|t:|1700372036\n|move|p1a: Garganacl|Protect|p1a: Garganacl\n|-singleturn|p1a: Garganacl|Protect\n|move|p2a: Iron Hands|Drain Punch|p1a: Garganacl\n|-activate|p1a: Garganacl|move: Protect\n|\n|-damage|p2a: Iron Hands|0 fnt|[from] Salt Cure\n|faint|p2a: Iron Hands\n|-end|p2a: Iron Hands|Quark Drive|[silent]\n|\n|win|Krjzhzk\n|upkeep\n|raw|Krjzhzk's rating: 1075 &rarr; <strong>1104<\/strong><br \/>(+29 for winning)\n|raw|RoyTan's rating: 1078 &rarr; <strong>1056<\/strong><br \/>(-22 for losing)\n","uploadtime":1700372040,"views":8,"p1id":"krjzhzk","p2id":"roytan","formatid":"gen9vgc2023regulatione","rating":1056,"private":0,"password":""}