{"id":"gen9vgc2023regulatione-2000603080","p1":"Hrv1105020","p2":"qz231128","format":"[Gen 9] VGC 2023 Regulation E","log":"|j|\u2606Hrv1105020\n|j|\u2606qz231128\n|t:|1701209527\n|gametype|doubles\n|player|p1|Hrv1105020|volkner|1134\n|player|p2|qz231128|266|1143\n|teamsize|p1|6\n|teamsize|p2|6\n|gen|9\n|tier|[Gen 9] VGC 2023 Regulation E\n|rated|\n|rule|Species Clause: Limit one of each Pok\u00e9mon\n|rule|Item Clause: Limit one of each item\n|clearpoke\n|poke|p1|Scizor, L50, M|\n|poke|p1|Arcanine-Hisui, L50, M|\n|poke|p1|Chien-Pao, L50|\n|poke|p1|Goodra-Hisui, L50, M|\n|poke|p1|Rillaboom, L50, M|\n|poke|p1|Landorus-Therian, L50, M|\n|poke|p2|Tornadus, L50, M|\n|poke|p2|Volcarona, L50, F|\n|poke|p2|Basculegion, L50, M|\n|poke|p2|Ludicolo, L50, M|\n|poke|p2|Scizor, L50, F|\n|poke|p2|Flutter Mane, L50|\n|teampreview|4\n|\n|t:|1701209580\n|start\n|switch|p1a: Landorus|Landorus-Therian, L50, M|100\/100\n|switch|p1b: Scizor|Scizor, L50, M, shiny|100\/100\n|switch|p2a: Tornadus|Tornadus, L50, M|100\/100\n|switch|p2b: Basculegion|Basculegion, L50, M|100\/100\n|-ability|p1a: Landorus|Intimidate|boost\n|-unboost|p2a: Tornadus|atk|1\n|-unboost|p2b: Basculegion|atk|1\n|turn|1\n|\n|t:|1701209601\n|move|p2a: Tornadus|Rain Dance|p2a: Tornadus\n|-weather|RainDance\n|move|p2b: Basculegion|Wave Crash|p1a: Landorus\n|-supereffective|p1a: Landorus\n|-damage|p1a: Landorus|0 fnt\n|faint|p1a: Landorus\n|-damage|p2b: Basculegion|73\/100|[from] Recoil\n|move|p1b: Scizor|Dual Wingbeat|p2b: Basculegion|[miss]\n|-miss|p1b: Scizor|p2b: Basculegion\n|\n|-weather|RainDance|[upkeep]\n|upkeep\n|inactive|Battle timer is ON: inactive players will automatically lose when time's up. (requested by qz231128)\n|\n|t:|1701209614\n|switch|p1a: Arcanine|Arcanine-Hisui, L50, M, shiny|100\/100\n|-ability|p1a: Arcanine|Intimidate|boost\n|-unboost|p2a: Tornadus|atk|1\n|-unboost|p2b: Basculegion|atk|1\n|turn|2\n|\n|t:|1701209631\n|switch|p2b: Ludicolo|Ludicolo, L50, M|100\/100\n|move|p1a: Arcanine|Protect|p1a: Arcanine\n|-singleturn|p1a: Arcanine|Protect\n|move|p2a: Tornadus|Tailwind|p2a: Tornadus\n|-sidestart|p2: qz231128|move: Tailwind\n|move|p1b: Scizor|Dual Wingbeat|p2b: Ludicolo\n|-supereffective|p2b: Ludicolo\n|-damage|p2b: Ludicolo|6\/100\n|-supereffective|p2b: Ludicolo\n|-damage|p2b: Ludicolo|0 fnt\n|faint|p2b: Ludicolo\n|-hitcount|p2: Ludicolo|2\n|-damage|p1b: Scizor|91\/100|[from] item: Life Orb\n|\n|-weather|RainDance|[upkeep]\n|upkeep\n|\n|t:|1701209638\n|switch|p2b: Basculegion|Basculegion, L50, M|73\/100\n|turn|3\n|\n|t:|1701209656\n|switch|p1a: Chien-Pao|Chien-Pao, L50|100\/100\n|-ability|p1a: Chien-Pao|Sword of Ruin\n|-terastallize|p1b: Scizor|Water\n|move|p2b: Basculegion|Wave Crash|p1a: Chien-Pao\n|-enditem|p1a: Chien-Pao|Focus Sash\n|-damage|p1a: Chien-Pao|1\/100\n|-damage|p2b: Basculegion|47\/100|[from] Recoil\n|move|p2a: Tornadus|Bleakwind Storm|p1a: Chien-Pao|[spread] p1a,p1b\n|-damage|p1a: Chien-Pao|0 fnt\n|-damage|p1b: Scizor|33\/100\n|-unboost|p1b: Scizor|spe|1\n|faint|p1a: Chien-Pao\n|move|p1b: Scizor|Dual Wingbeat|p2b: Basculegion\n|-damage|p2b: Basculegion|9\/100\n|-damage|p2b: Basculegion|0 fnt\n|faint|p2b: Basculegion\n|-hitcount|p2: Basculegion|2\n|-damage|p1b: Scizor|24\/100|[from] item: Life Orb\n|\n|-weather|RainDance|[upkeep]\n|upkeep\n|inactive|qz231128 has 30 seconds left.\n|\n|t:|1701209683\n|switch|p1a: Arcanine|Arcanine-Hisui, L50, M, shiny|100\/100\n|switch|p2b: Volcarona|Volcarona, L50, F|100\/100\n|-ability|p1a: Arcanine|Intimidate|boost\n|-unboost|p2a: Tornadus|atk|1\n|-unboost|p2b: Volcarona|atk|1\n|turn|4\n|\n|t:|1701209694\n|-terastallize|p2b: Volcarona|Water\n|move|p1b: Scizor|Protect|p1b: Scizor\n|-singleturn|p1b: Scizor|Protect\n|move|p2a: Tornadus|Bleakwind Storm|p1b: Scizor|[spread] p1a\n|-activate|p1b: Scizor|move: Protect\n|-resisted|p1a: Arcanine\n|-damage|p1a: Arcanine|81\/100\n|move|p2b: Volcarona|Quiver Dance|p2b: Volcarona\n|-boost|p2b: Volcarona|spa|1\n|-boost|p2b: Volcarona|spd|1\n|-boost|p2b: Volcarona|spe|1\n|move|p1a: Arcanine|Rock Slide|p2b: Volcarona|[spread] p2a,p2b\n|-supereffective|p2a: Tornadus\n|-damage|p2a: Tornadus|26\/100\n|-damage|p2b: Volcarona|80\/100\n|\n|-weather|RainDance|[upkeep]\n|upkeep\n|turn|5\n|\n|t:|1701209718\n|move|p1a: Arcanine|Protect|p1a: Arcanine\n|-singleturn|p1a: Arcanine|Protect\n|move|p1b: Scizor|Bullet Punch|p2a: Tornadus\n|-damage|p2a: Tornadus|0 fnt\n|faint|p2a: Tornadus\n|-damage|p1b: Scizor|14\/100|[from] item: Life Orb\n|move|p2b: Volcarona|Tera Blast|p1a: Arcanine|[anim] Tera Blast Water\n|-activate|p1a: Arcanine|move: Protect\n|\n|-weather|none\n|-sideend|p2: qz231128|move: Tailwind\n|upkeep\n|turn|6\n|\n|t:|1701209742\n|move|p2b: Volcarona|Tera Blast|p1a: Arcanine|[anim] Tera Blast Water\n|-supereffective|p1a: Arcanine\n|-damage|p1a: Arcanine|0 fnt\n|faint|p1a: Arcanine\n|move|p1b: Scizor|Dual Wingbeat|p2b: Volcarona|[miss]\n|-miss|p1b: Scizor|p2b: Volcarona\n|\n|upkeep\n|turn|7\n|\n|t:|1701209761\n|move|p2b: Volcarona|Quiver Dance|p2b: Volcarona\n|-boost|p2b: Volcarona|spa|1\n|-boost|p2b: Volcarona|spd|1\n|-boost|p2b: Volcarona|spe|1\n|move|p1b: Scizor|Dual Wingbeat|p2b: Volcarona\n|-damage|p2b: Volcarona|52\/100\n|-damage|p1b: Scizor|0 fnt|[from] item: Rocky Helmet|[of] p2b: Volcarona\n|faint|p1b: Scizor\n|\n|win|qz231128\n|-hitcount|p2b: Volcarona|1\n|raw|Hrv1105020's rating: 1134 &rarr; <strong>1110<\/strong><br \/>(-24 for losing)\n|raw|qz231128's rating: 1143 &rarr; <strong>1167<\/strong><br \/>(+24 for winning)\n","uploadtime":1701209774,"views":4,"p1id":"hrv1105020","p2id":"qz231128","formatid":"gen9vgc2023regulatione","rating":1110,"private":0,"password":""}