{"id":"gen9vgc2023regulatione-1989207073","p1":"Vaain","p2":"Kzjrehzl","format":"[Gen 9] VGC 2023 Regulation E","log":"|j|\u2606Vaain\n|j|\u2606Kzjrehzl\n|t:|1699823431\n|gametype|doubles\n|player|p1|Vaain|170|1071\n|player|p2|Kzjrehzl|lance|1050\n|teamsize|p1|6\n|teamsize|p2|6\n|gen|9\n|tier|[Gen 9] VGC 2023 Regulation E\n|rated|\n|rule|Species Clause: Limit one of each Pok\u00e9mon\n|rule|Item Clause: Limit one of each item\n|clearpoke\n|poke|p1|Iron Hands, L50|\n|poke|p1|Roaring Moon, L50|\n|poke|p1|Iron Bundle, L50|\n|poke|p1|Arcanine-Hisui, L50, F|\n|poke|p1|Ninetales-Alola, L50, F|\n|poke|p1|Landorus-Therian, L50, M|\n|poke|p2|Flutter Mane, L50|\n|poke|p2|Tornadus, L50, M|\n|poke|p2|Rillaboom, L50, F|\n|poke|p2|Garganacl, L50, F|\n|poke|p2|Arcanine-Hisui, L50, F|\n|poke|p2|Chien-Pao, L50|\n|teampreview|4\n|j| Kitranna\n|\n|t:|1699823470\n|start\n|switch|p1a: Rawring Moon|Roaring Moon, L50|100\/100\n|switch|p1b: Kuma|Ninetales-Alola, L50, F|100\/100\n|switch|p2a: Tornadus|Tornadus, L50, M|100\/100\n|switch|p2b: Garganacl|Garganacl, L50, F|100\/100\n|-weather|Snow|[from] ability: Snow Warning|[of] p1b: Kuma\n|turn|1\n|\n|t:|1699823486\n|move|p2a: Tornadus|Sunny Day|p2a: Tornadus\n|-weather|SunnyDay\n|-activate|p1a: Rawring Moon|ability: Protosynthesis\n|-start|p1a: Rawring Moon|protosynthesisatk\n|move|p1a: Rawring Moon|Iron Head|p2b: Garganacl\n|-supereffective|p2b: Garganacl\n|-damage|p2b: Garganacl|29\/100\n|-enditem|p2b: Garganacl|Sitrus Berry|[eat]\n|-heal|p2b: Garganacl|54\/100|[from] item: Sitrus Berry\n|-damage|p1a: Rawring Moon|90\/100|[from] item: Life Orb\n|move|p1b: Kuma|Aurora Veil||[still]\n|-fail|p1b: Kuma\n|move|p2b: Garganacl|Salt Cure|p1a: Rawring Moon\n|-damage|p1a: Rawring Moon|70\/100\n|-start|p1a: Rawring Moon|Salt Cure\n|\n|-weather|SunnyDay|[upkeep]\n|-damage|p1a: Rawring Moon|58\/100|[from] Salt Cure\n|upkeep\n|turn|2\n|\n|t:|1699823504\n|move|p2b: Garganacl|Protect|p2b: Garganacl\n|-singleturn|p2b: Garganacl|Protect\n|move|p2a: Tornadus|Tailwind|p2a: Tornadus\n|-sidestart|p2: Kzjrehzl|move: Tailwind\n|move|p1a: Rawring Moon|Iron Head|p2b: Garganacl\n|-activate|p2b: Garganacl|move: Protect\n|move|p1b: Kuma|Blizzard|p2a: Tornadus|[spread] p2a\n|-activate|p2b: Garganacl|move: Protect\n|-supereffective|p2a: Tornadus\n|-damage|p2a: Tornadus|54\/100\n|\n|-weather|SunnyDay|[upkeep]\n|-damage|p1a: Rawring Moon|46\/100|[from] Salt Cure\n|upkeep\n|turn|3\n|\n|t:|1699823517\n|switch|p1b: Shady|Iron Bundle, L50, shiny|100\/100\n|-enditem|p1b: Shady|Booster Energy\n|-activate|p1b: Shady|ability: Quark Drive|[fromitem]\n|-start|p1b: Shady|quarkdrivespe\n|-terastallize|p2b: Garganacl|Ghost\n|move|p2a: Tornadus|Bleakwind Storm|p1a: Rawring Moon|[spread] p1a,p1b\n|-damage|p1a: Rawring Moon|16\/100\n|-damage|p1b: Shady|32\/100\n|move|p1a: Rawring Moon|Iron Head|p2b: Garganacl\n|-damage|p2b: Garganacl|22\/100\n|-damage|p1a: Rawring Moon|6\/100|[from] item: Life Orb\n|cant|p2b: Garganacl|flinch\n|\n|-weather|SunnyDay|[upkeep]\n|-damage|p1a: Rawring Moon|0 fnt|[from] Salt Cure\n|faint|p1a: Rawring Moon\n|-end|p1a: Rawring Moon|Protosynthesis|[silent]\n|upkeep\n|\n|t:|1699823531\n|switch|p1a: Meowscles|Landorus-Therian, L50, M|100\/100\n|-ability|p1a: Meowscles|Intimidate|boost\n|-unboost|p2a: Tornadus|atk|1\n|-unboost|p2b: Garganacl|atk|1\n|turn|4\n|\n|t:|1699823547\n|move|p2b: Garganacl|Protect|p2b: Garganacl\n|-singleturn|p2b: Garganacl|Protect\n|move|p1b: Shady|Freeze-Dry|p2a: Tornadus\n|-supereffective|p2a: Tornadus\n|-damage|p2a: Tornadus|2\/100\n|move|p2a: Tornadus|Bleakwind Storm|p1a: Meowscles|[spread] p1a,p1b\n|-damage|p1a: Meowscles|58\/100\n|-damage|p1b: Shady|0 fnt\n|faint|p1b: Shady\n|-end|p1b: Shady|Quark Drive|[silent]\n|move|p1a: Meowscles|Stomping Tantrum|p2b: Garganacl\n|-activate|p2b: Garganacl|move: Protect\n|\n|-weather|SunnyDay|[upkeep]\n|upkeep\n|\n|t:|1699823556\n|switch|p1b: Kuma|Ninetales-Alola, L50, F|100\/100\n|-weather|Snow|[from] ability: Snow Warning|[of] p1b: Kuma\n|turn|5\n|\n|t:|1699823569\n|move|p2a: Tornadus|Sunny Day|p2a: Tornadus\n|-weather|SunnyDay\n|move|p1a: Meowscles|Stomping Tantrum|p2b: Garganacl\n|-damage|p2b: Garganacl|0 fnt\n|faint|p2b: Garganacl\n|move|p1b: Kuma|Dazzling Gleam|p2a: Tornadus\n|-damage|p2a: Tornadus|0 fnt\n|faint|p2a: Tornadus\n|\n|-weather|SunnyDay|[upkeep]\n|-sideend|p2: Kzjrehzl|move: Tailwind\n|upkeep\n|\n|t:|1699823575\n|switch|p2a: Arcanine|Arcanine-Hisui, L50, F|100\/100\n|switch|p2b: Flutter Mane|Flutter Mane, L50|100\/100\n|-activate|p2b: Flutter Mane|ability: Protosynthesis\n|-start|p2b: Flutter Mane|protosynthesisspe\n|-ability|p2a: Arcanine|Intimidate|boost\n|-unboost|p1a: Meowscles|atk|1\n|-unboost|p1b: Kuma|atk|1\n|turn|6\n|\n|t:|1699823585\n|move|p1b: Kuma|Protect|p1b: Kuma\n|-singleturn|p1b: Kuma|Protect\n|move|p2b: Flutter Mane|Moonblast|p1a: Meowscles\n|-damage|p1a: Meowscles|0 fnt\n|faint|p1a: Meowscles\n|move|p2a: Arcanine|Rock Slide|p1b: Kuma\n|-activate|p1b: Kuma|move: Protect\n|\n|-weather|SunnyDay|[upkeep]\n|upkeep\n|turn|7\n|\n|t:|1699823591\n|move|p2b: Flutter Mane|Substitute|p2b: Flutter Mane\n|-start|p2b: Flutter Mane|Substitute\n|-damage|p2b: Flutter Mane|76\/100\n|move|p1b: Kuma|Dazzling Gleam|p2a: Arcanine|[spread] p2a,p2b\n|-activate|p2b: Flutter Mane|move: Substitute|[damage]\n|-resisted|p2a: Arcanine\n|-damage|p2a: Arcanine|89\/100\n|move|p2a: Arcanine|Rock Slide|p1b: Kuma\n|-supereffective|p1b: Kuma\n|-damage|p1b: Kuma|0 fnt\n|faint|p1b: Kuma\n|\n|win|Kzjrehzl\n|raw|Vaain's rating: 1071 &rarr; <strong>1049<\/strong><br \/>(-22 for losing)\n|raw|Kzjrehzl's rating: 1050 &rarr; <strong>1084<\/strong><br \/>(+34 for winning)\n|l|\u2606Vaain\n","uploadtime":1699823605,"views":14,"p1id":"vaain","p2id":"kzjrehzl","formatid":"gen9vgc2023regulatione","rating":1049,"private":0,"password":""}