{"id":"gen9vgc2023regulatione-1997038142","p1":"Iron-Quadrox","p2":"Refanner","format":"[Gen 9] VGC 2023 Regulation E","log":"|j|\u2606Iron-Quadrox\n|j|\u2606Refanner\n|t:|1700758252\n|gametype|doubles\n|player|p1|Iron-Quadrox|1|1275\n|player|p2|Refanner|101|1371\n|teamsize|p1|6\n|teamsize|p2|6\n|gen|9\n|tier|[Gen 9] VGC 2023 Regulation E\n|rated|\n|rule|Species Clause: Limit one of each Pok\u00e9mon\n|rule|Item Clause: Limit one of each item\n|clearpoke\n|poke|p1|Indeedee-F, L50, F|\n|poke|p1|Armarouge, L50, M|\n|poke|p1|Hatterene, L50, F|\n|poke|p1|Ursaluna, L50, M|\n|poke|p1|Urshifu-*, L50, F|\n|poke|p1|Torkoal, L50, F|\n|poke|p2|Glimmora, L50, F|\n|poke|p2|Urshifu-*, L50, F|\n|poke|p2|Tornadus, L50, M|\n|poke|p2|Mamoswine, L50, F|\n|poke|p2|Indeedee-F, L50, F|\n|poke|p2|Regieleki, L50|\n|teampreview|4\nIron-Quadrox has agreed to open team sheets.\nRefanner has agreed to open team sheets.\n|\n|t:|1700758327\n|start\n|switch|p1a: Indeedee|Indeedee-F, L50, F|100\/100\n|switch|p1b: Armarouge|Armarouge, L50, M|100\/100\n|switch|p2a: Urshifu|Urshifu, L50, F|100\/100\n|switch|p2b: Tornadus|Tornadus, L50, M|100\/100\n|-fieldstart|move: Psychic Terrain|[from] ability: Psychic Surge|[of] p1a: Indeedee\n|-enditem|p1a: Indeedee|Psychic Seed\n|-boost|p1a: Indeedee|spd|1|[from] item: Psychic Seed\n|turn|1\n|\n|t:|1700758408\n|move|p1a: Indeedee|Follow Me|p1a: Indeedee\n|-singleturn|p1a: Indeedee|move: Follow Me\n|move|p2a: Urshifu|Wicked Blow|p1a: Indeedee\n|-supereffective|p1a: Indeedee\n|-crit|p1a: Indeedee\n|-damage|p1a: Indeedee|0 fnt\n|faint|p1a: Indeedee\n|move|p2b: Tornadus|Bleakwind Storm|p1b: Armarouge\n|-damage|p1b: Armarouge|53\/100\n|move|p1b: Armarouge|Trick Room|p1b: Armarouge\n|-fieldstart|move: Trick Room|[of] p1b: Armarouge\n|\n|upkeep\n|\n|t:|1700758422\n|switch|p1a: Torkoal|Torkoal, L50, F|100\/100\n|-weather|SunnyDay|[from] ability: Drought|[of] p1a: Torkoal\n|turn|2\n|\n|t:|1700758453\n|move|p2a: Urshifu|Protect|p2a: Urshifu\n|-singleturn|p2a: Urshifu|Protect\n|move|p1a: Torkoal|Eruption|p2b: Tornadus|[spread] p2b\n|-activate|p2a: Urshifu|move: Protect\n|-damage|p2b: Tornadus|13\/100\n|move|p1b: Armarouge|Heat Wave|p2b: Tornadus|[spread] \n|-activate|p2a: Urshifu|move: Protect\n|-miss|p1b: Armarouge|p2b: Tornadus\n|move|p2b: Tornadus|Bleakwind Storm|p1b: Armarouge|[spread] p1a,p1b\n|-damage|p1a: Torkoal|55\/100\n|-damage|p1b: Armarouge|18\/100\n|\n|-weather|SunnyDay|[upkeep]\n|upkeep\n|turn|3\n|\n|t:|1700758490\n|switch|p2a: Regieleki|Regieleki, L50|100\/100\n|move|p2b: Tornadus|Tailwind|p2b: Tornadus\n|-sidestart|p2: Refanner|move: Tailwind\n|move|p1a: Torkoal|Heat Wave|p2b: Tornadus|[spread] p2a,p2b\n|-damage|p2a: Regieleki|11\/100\n|-damage|p2b: Tornadus|0 fnt\n|faint|p2b: Tornadus\n|move|p1b: Armarouge|Heat Wave|p2a: Regieleki\n|-crit|p2a: Regieleki\n|-damage|p2a: Regieleki|0 fnt\n|faint|p2a: Regieleki\n|\n|-weather|SunnyDay|[upkeep]\n|upkeep\n|\n|t:|1700758502\n|switch|p2b: Urshifu|Urshifu, L50, F|100\/100\n|switch|p2a: Indeedee|Indeedee-F, L50, F|100\/100\n|-enditem|p2a: Indeedee|Psychic Seed\n|-boost|p2a: Indeedee|spd|1|[from] item: Psychic Seed\n|turn|4\n|\n|t:|1700758531\n|move|p2a: Indeedee|Protect|p2a: Indeedee\n|-singleturn|p2a: Indeedee|Protect\n|move|p2b: Urshifu|Protect|p2b: Urshifu\n|-singleturn|p2b: Urshifu|Protect\n|move|p1a: Torkoal|Heat Wave|p2a: Indeedee|[spread] \n|-activate|p2a: Indeedee|move: Protect\n|-activate|p2b: Urshifu|move: Protect\n|move|p1b: Armarouge|Heat Wave|p2a: Indeedee|[spread] \n|-activate|p2a: Indeedee|move: Protect\n|-activate|p2b: Urshifu|move: Protect\n|\n|-weather|SunnyDay|[upkeep]\n|upkeep\n|turn|5\n|\n|t:|1700758561\n|move|p2b: Urshifu|Protect||[still]\n|-fail|p2b: Urshifu\n|move|p1a: Torkoal|Heat Wave|p2b: Urshifu|[spread] p2a,p2b\n|-damage|p2a: Indeedee|63\/100\n|-damage|p2b: Urshifu|34\/100\n|-status|p2b: Urshifu|brn\n|move|p1b: Armarouge|Heat Wave|p2b: Urshifu|[spread] p2a,p2b\n|-damage|p2a: Indeedee|22\/100\n|-damage|p2b: Urshifu|0 fnt\n|-status|p2a: Indeedee|brn\n|faint|p2b: Urshifu\n|move|p2a: Indeedee|Psychic|p1b: Armarouge\n|-resisted|p1b: Armarouge\n|-damage|p1b: Armarouge|0 fnt\n|faint|p1b: Armarouge\n|\n|-weather|SunnyDay|[upkeep]\n|-damage|p2a: Indeedee|16\/100 brn|[from] brn\n|-fieldend|move: Trick Room\n|-fieldend|move: Psychic Terrain\n|upkeep\n|\n|t:|1700758574\n|switch|p1b: Ursaluna|Ursaluna, L50, M|100\/100\n|turn|6\n|\n|t:|1700758583\n|move|p2a: Indeedee|Psychic|p1b: Ursaluna\n|-damage|p1b: Ursaluna|72\/100\n|move|p1b: Ursaluna|Headlong Rush|p2a: Indeedee\n|-damage|p2a: Indeedee|0 fnt\n|-unboost|p1b: Ursaluna|def|1\n|-unboost|p1b: Ursaluna|spd|1\n|faint|p2a: Indeedee\n|\n|win|Iron-Quadrox\n|raw|Iron-Quadrox's rating: 1275 &rarr; <strong>1307<\/strong><br \/>(+32 for winning)\n|raw|Refanner's rating: 1371 &rarr; <strong>1346<\/strong><br \/>(-25 for losing)\n|l|\u2606Iron-Quadrox\n","uploadtime":1700758606,"views":1,"p1id":"ironquadrox","p2id":"refanner","formatid":"gen9vgc2023regulatione","rating":1307,"private":0,"password":""}