{"id":"gen9vgc2023regulatione-1990047623","p1":"justin clight","p2":"peanutbutterlaw","format":"[Gen 9] VGC 2023 Regulation E","log":"|j|\u2606justin clight\n|j|\u2606peanutbutterlaw\n|t:|1699918893\n|gametype|doubles\n|player|p1|justin clight|169|1454\n|player|p2|peanutbutterlaw|102|1464\n|teamsize|p1|6\n|teamsize|p2|6\n|gen|9\n|tier|[Gen 9] VGC 2023 Regulation E\n|rated|\n|rule|Species Clause: Limit one of each Pok\u00e9mon\n|rule|Item Clause: Limit one of each item\n|clearpoke\n|poke|p1|Amoonguss, L50, M|\n|poke|p1|Flutter Mane, L50|\n|poke|p1|Chi-Yu, L50|\n|poke|p1|Iron Bundle, L50|\n|poke|p1|Iron Hands, L50|\n|poke|p1|Landorus-Therian, L50, M|\n|poke|p2|Urshifu-*, L50, F|\n|poke|p2|Tornadus, L50, M|\n|poke|p2|Amoonguss, L50, F|\n|poke|p2|Chi-Yu, L50|\n|poke|p2|Dragonite, L50, M|\n|poke|p2|Great Tusk, L50|\n|teampreview|4\n|inactive|Battle timer is ON: inactive players will automatically lose when time's up. (requested by justin clight)\n|\n|t:|1699918923\n|start\n|switch|p1a: Iron Bundle|Iron Bundle, L50|100\/100\n|switch|p1b: Amoonguss|Amoonguss, L50, M|100\/100\n|switch|p2a: Great Tusk|Great Tusk, L50|100\/100\n|switch|p2b: Tornadus|Tornadus, L50, M|100\/100\n|-enditem|p1a: Iron Bundle|Booster Energy\n|-activate|p1a: Iron Bundle|ability: Quark Drive|[fromitem]\n|-start|p1a: Iron Bundle|quarkdrivespe\n|turn|1\n|inactive|peanutbutterlaw has 30 seconds left.\n|\n|t:|1699918951\n|-terastallize|p2a: Great Tusk|Poison\n|-terastallize|p1b: Amoonguss|Water\n|move|p1b: Amoonguss|Rage Powder|p1b: Amoonguss\n|-singleturn|p1b: Amoonguss|move: Rage Powder\n|move|p1a: Iron Bundle|Icy Wind|p2a: Great Tusk|[spread] p2a,p2b\n|-supereffective|p2b: Tornadus\n|-damage|p2a: Great Tusk|72\/100\n|-damage|p2b: Tornadus|51\/100\n|-unboost|p2a: Great Tusk|spe|1\n|-unboost|p2b: Tornadus|spe|1\n|move|p2b: Tornadus|Bleakwind Storm|p1a: Iron Bundle|[spread] p1b\n|-miss|p2b: Tornadus|p1a: Iron Bundle\n|-damage|p1b: Amoonguss|73\/100\n|move|p2a: Great Tusk|Earthquake|p1a: Iron Bundle|[spread] p1a,p1b\n|-immune|p2b: Tornadus\n|-damage|p1a: Iron Bundle|41\/100\n|-damage|p1b: Amoonguss|24\/100\n|-enditem|p1b: Amoonguss|Sitrus Berry|[eat]\n|-heal|p1b: Amoonguss|49\/100|[from] item: Sitrus Berry\n|\n|upkeep\n|turn|2\n|\n|t:|1699918976\n|move|p1a: Iron Bundle|Protect|p1a: Iron Bundle\n|-singleturn|p1a: Iron Bundle|Protect\n|move|p2b: Tornadus|Tailwind|p2b: Tornadus\n|-sidestart|p2: peanutbutterlaw|move: Tailwind\n|move|p2a: Great Tusk|Earthquake|p1a: Iron Bundle|[spread] p1b\n|-activate|p1a: Iron Bundle|move: Protect\n|-immune|p2b: Tornadus\n|-damage|p1b: Amoonguss|6\/100\n|move|p1b: Amoonguss|Spore|p2a: Great Tusk\n|-status|p2a: Great Tusk|slp|[from] move: Spore\n|\n|upkeep\n|turn|3\n|\n|t:|1699918992\n|move|p1b: Amoonguss|Protect|p1b: Amoonguss\n|-singleturn|p1b: Amoonguss|Protect\n|move|p1a: Iron Bundle|Icy Wind|p2a: Great Tusk|[spread] p2a,p2b\n|-supereffective|p2b: Tornadus\n|-damage|p2a: Great Tusk|44\/100 slp\n|-damage|p2b: Tornadus|5\/100\n|-unboost|p2a: Great Tusk|spe|1\n|-unboost|p2b: Tornadus|spe|1\n|-enditem|p2b: Tornadus|Sitrus Berry|[eat]\n|-heal|p2b: Tornadus|30\/100|[from] item: Sitrus Berry\n|move|p2b: Tornadus|Bleakwind Storm|p1b: Amoonguss|[spread] \n|-activate|p1b: Amoonguss|move: Protect\n|-miss|p2b: Tornadus|p1a: Iron Bundle\n|cant|p2a: Great Tusk|slp\n|\n|upkeep\n|turn|4\n|\n|t:|1699919009\n|move|p2b: Tornadus|Protect|p2b: Tornadus\n|-singleturn|p2b: Tornadus|Protect\n|move|p1a: Iron Bundle|Icy Wind|p2a: Great Tusk|[spread] p2a\n|-activate|p2b: Tornadus|move: Protect\n|-damage|p2a: Great Tusk|14\/100 slp\n|-unboost|p2a: Great Tusk|spe|1\n|cant|p2a: Great Tusk|slp\n|move|p1b: Amoonguss|Pollen Puff|p1a: Iron Bundle\n|-heal|p1a: Iron Bundle|91\/100\n|\n|upkeep\n|turn|5\n|\n|t:|1699919030\n|switch|p2b: Dragonite|Dragonite, L50, M|100\/100\n|switch|p1b: Iron Hands|Iron Hands, L50|100\/100\n|move|p1a: Iron Bundle|Icy Wind|p2a: Great Tusk|[spread] p2a,p2b\n|-supereffective|p2b: Dragonite\n|-damage|p2a: Great Tusk|0 fnt\n|-damage|p2b: Dragonite|50\/100\n|-unboost|p2b: Dragonite|spe|1\n|faint|p2a: Great Tusk\n|-end|p2a: Great Tusk|Protosynthesis|[silent]\n|\n|-sideend|p2: peanutbutterlaw|move: Tailwind\n|upkeep\n|\n|t:|1699919036\n|switch|p2a: Tornadus|Tornadus, L50, M|30\/100\n|turn|6\n|\n|t:|1699919048\n|-end|p1b: Iron Hands|Quark Drive|[silent]\n|switch|p1b: Flutter Mane|Flutter Mane, L50|100\/100\n|move|p2a: Tornadus|Protect|p2a: Tornadus\n|-singleturn|p2a: Tornadus|Protect\n|move|p2b: Dragonite|Extreme Speed|p1b: Flutter Mane\n|-immune|p1b: Flutter Mane\n|move|p1a: Iron Bundle|Icy Wind|p2b: Dragonite|[spread] p2b\n|-activate|p2a: Tornadus|move: Protect\n|-supereffective|p2b: Dragonite\n|-damage|p2b: Dragonite|0 fnt\n|faint|p2b: Dragonite\n|\n|upkeep\n|\n|t:|1699919050\n|switch|p2b: Chi-Yu|Chi-Yu, L50|100\/100\n|-ability|p2b: Chi-Yu|Beads of Ruin\n|turn|7\n|\n|t:|1699919065\n|move|p1b: Flutter Mane|Protect|p1b: Flutter Mane\n|-singleturn|p1b: Flutter Mane|Protect\n|move|p2a: Tornadus|Tailwind|p2a: Tornadus\n|-sidestart|p2: peanutbutterlaw|move: Tailwind\n|move|p2b: Chi-Yu|Heat Wave|p1b: Flutter Mane|[spread] \n|-activate|p1b: Flutter Mane|move: Protect\n|-miss|p2b: Chi-Yu|p1a: Iron Bundle\n|move|p1a: Iron Bundle|Icy Wind|p2a: Tornadus|[spread] p2a,p2b\n|-supereffective|p2a: Tornadus\n|-resisted|p2b: Chi-Yu\n|-damage|p2a: Tornadus|0 fnt\n|-damage|p2b: Chi-Yu|88\/100\n|-unboost|p2b: Chi-Yu|spe|1\n|faint|p2a: Tornadus\n|\n|upkeep\n|turn|8\n|inactive|peanutbutterlaw has 30 seconds left.\n|c|\u2606peanutbutterlaw|Damn bright powder bundle\n|-message|peanutbutterlaw forfeited.\n|\n|win|justin clight\n|raw|justin clight's rating: 1454 &rarr; <strong>1475<\/strong><br \/>(+21 for winning)\n|raw|peanutbutterlaw's rating: 1464 &rarr; <strong>1443<\/strong><br \/>(-21 for losing)\n|l|\u2606peanutbutterlaw\n","uploadtime":1699919213,"views":49,"p1id":"justinclight","p2id":"peanutbutterlaw","formatid":"gen9vgc2023regulatione","rating":1443,"private":0,"password":""}