{"id":"gen9vgc2023regulatione-1989767054","p1":"fvwvwev","p2":"Th3Edd2.0","format":"[Gen 9] VGC 2023 Regulation E","log":"|j|\u2606fvwvwev\n|j|\u2606Th3Edd2.0\n|t:|1699893984\n|gametype|doubles\n|player|p1|fvwvwev|102|1013\n|player|p2|Th3Edd2.0|chuck|1044\n|teamsize|p1|6\n|teamsize|p2|6\n|gen|9\n|tier|[Gen 9] VGC 2023 Regulation E\n|rated|\n|rule|Species Clause: Limit one of each Pok\u00e9mon\n|rule|Item Clause: Limit one of each item\n|clearpoke\n|poke|p1|Tyranitar, L50, F|\n|poke|p1|Sinistcha, L50|\n|poke|p1|Arcanine-Hisui, L50, M|\n|poke|p1|Corviknight, L50, F|\n|poke|p1|Milotic, L50, F|\n|poke|p1|Garchomp, L50, F|\n|poke|p2|Spectrier, L50|\n|poke|p2|Grimmsnarl, L50, M|\n|poke|p2|Ogerpon-Wellspring, L50, F|\n|poke|p2|Arcanine-Hisui, L50, F|\n|poke|p2|Chien-Pao, L50|\n|poke|p2|Clefairy, L50, M|\n|teampreview|4\n|l|\u2606Th3Edd2.0\n|player|p2|\n|\n|t:|1699894024\n|start\n|switch|p1a: Milotic|Milotic, L50, F|100\/100\n|switch|p1b: Tyranitar|Tyranitar, L50, F|100\/100\n|switch|p2a: Spectrier|Spectrier, L50|100\/100\n|switch|p2b: Grimmsnarl|Grimmsnarl, L50, M|100\/100\n|-weather|Sandstorm|[from] ability: Sand Stream|[of] p1b: Tyranitar\n|turn|1\n|j| Th3Edd\n|l| Th3Edd\n|j|\u2606Th3Edd2.0\n|player|p2|Th3Edd2.0|chuck\n|\n|t:|1699894078\n|move|p2b: Grimmsnarl|Fake Out|p1b: Tyranitar\n|-resisted|p1b: Tyranitar\n|-damage|p1b: Tyranitar|96\/100\n|move|p2a: Spectrier|Nasty Plot|p2a: Spectrier\n|-boost|p2a: Spectrier|spa|2\n|move|p1a: Milotic|Coil|p1a: Milotic\n|-boost|p1a: Milotic|atk|1\n|-boost|p1a: Milotic|def|1\n|-boost|p1a: Milotic|accuracy|1\n|cant|p1b: Tyranitar|flinch\n|\n|-weather|Sandstorm|[upkeep]\n|-damage|p2a: Spectrier|95\/100|[from] Sandstorm\n|-damage|p1a: Milotic|95\/100|[from] Sandstorm\n|-damage|p2b: Grimmsnarl|95\/100|[from] Sandstorm\n|-heal|p2a: Spectrier|100\/100|[from] item: Leftovers\n|-heal|p1a: Milotic|100\/100|[from] item: Leftovers\n|upkeep\n|turn|2\n|\n|t:|1699894104\n|move|p2a: Spectrier|Protect|p2a: Spectrier\n|-singleturn|p2a: Spectrier|Protect\n|move|p2b: Grimmsnarl|Parting Shot|p1b: Tyranitar\n|-hint|Since gen 7, Dark is immune to Prankster moves.\n|-immune|p1b: Tyranitar\n|move|p1a: Milotic|Hypnosis|p2b: Grimmsnarl\n|-status|p2b: Grimmsnarl|slp|[from] move: Hypnosis\n|move|p1b: Tyranitar|Knock Off|p2a: Spectrier\n|-activate|p2a: Spectrier|move: Protect\n|\n|-weather|Sandstorm|[upkeep]\n|-damage|p2a: Spectrier|95\/100|[from] Sandstorm\n|-damage|p1a: Milotic|95\/100|[from] Sandstorm\n|-damage|p2b: Grimmsnarl|89\/100 slp|[from] Sandstorm\n|-heal|p2a: Spectrier|100\/100|[from] item: Leftovers\n|-heal|p1a: Milotic|100\/100|[from] item: Leftovers\n|upkeep\n|turn|3\n|\n|t:|1699894132\n|-terastallize|p2a: Spectrier|Fairy\n|cant|p2b: Grimmsnarl|slp\n|move|p2a: Spectrier|Shadow Ball|p1a: Milotic\n|-damage|p1a: Milotic|35\/100\n|move|p1a: Milotic|Coil|p1a: Milotic\n|-boost|p1a: Milotic|atk|1\n|-boost|p1a: Milotic|def|1\n|-boost|p1a: Milotic|accuracy|1\n|move|p1b: Tyranitar|Knock Off|p2a: Spectrier\n|-resisted|p2a: Spectrier\n|-damage|p2a: Spectrier|72\/100\n|-enditem|p2a: Spectrier|Leftovers|[from] move: Knock Off|[of] p1b: Tyranitar\n|\n|-weather|Sandstorm|[upkeep]\n|-damage|p2a: Spectrier|66\/100|[from] Sandstorm\n|-damage|p1a: Milotic|29\/100|[from] Sandstorm\n|-damage|p2b: Grimmsnarl|83\/100 slp|[from] Sandstorm\n|-heal|p1a: Milotic|35\/100|[from] item: Leftovers\n|upkeep\n|turn|4\n|\n|t:|1699894181\n|switch|p2b: Clefairy|Clefairy, L50, M|100\/100\n|move|p2a: Spectrier|Shadow Ball|p1a: Milotic\n|-damage|p1a: Milotic|0 fnt\n|faint|p1a: Milotic\n|-ability|p2a: Spectrier|Grim Neigh|boost\n|-boost|p2a: Spectrier|spa|1\n|move|p1b: Tyranitar|Rock Slide|p2b: Clefairy|[spread] p2a,p2b\n|-damage|p2a: Spectrier|39\/100\n|-damage|p2b: Clefairy|76\/100\n|\n|-weather|Sandstorm|[upkeep]\n|-damage|p2a: Spectrier|33\/100|[from] Sandstorm\n|-damage|p2b: Clefairy|70\/100|[from] Sandstorm\n|upkeep\n|\n|t:|1699894195\n|switch|p1a: Garchomp|Garchomp, L50, F|100\/100\n|turn|5\n|\n|t:|1699894209\n|move|p2b: Clefairy|Helping Hand|p2a: Spectrier\n|-singleturn|p2a: Spectrier|Helping Hand|[of] p2b: Clefairy\n|move|p2a: Spectrier|Draining Kiss|p1b: Tyranitar\n|-supereffective|p1b: Tyranitar\n|-damage|p1b: Tyranitar|12\/100\n|-heal|p2a: Spectrier|91\/100|[from] drain|[of] p1b: Tyranitar\n|move|p1a: Garchomp|Rock Slide|p2a: Spectrier|[spread] p2a,p2b\n|-damage|p2a: Spectrier|74\/100\n|-damage|p2b: Clefairy|56\/100\n|move|p1b: Tyranitar|Rock Slide|p2b: Clefairy|[spread] p2a,p2b\n|-damage|p2a: Spectrier|48\/100\n|-damage|p2b: Clefairy|30\/100\n|\n|-weather|none\n|upkeep\n|turn|6\n|\n|t:|1699894236\n|move|p2b: Clefairy|Helping Hand|p2a: Spectrier\n|-singleturn|p2a: Spectrier|Helping Hand|[of] p2b: Clefairy\n|move|p2a: Spectrier|Shadow Ball|p1a: Garchomp\n|-damage|p1a: Garchomp|0 fnt\n|faint|p1a: Garchomp\n|-ability|p2a: Spectrier|Grim Neigh|boost\n|-boost|p2a: Spectrier|spa|1\n|move|p1b: Tyranitar|Rock Slide|p2b: Clefairy|[spread] p2a\n|-miss|p1b: Tyranitar|p2b: Clefairy\n|-damage|p2a: Spectrier|21\/100\n|\n|upkeep\n|-message|fvwvwev forfeited.\n|\n|win|Th3Edd2.0\n|raw|fvwvwev's rating: 1013 &rarr; <strong>1002<\/strong><br \/>(-11 for losing)\n|raw|Th3Edd2.0's rating: 1044 &rarr; <strong>1074<\/strong><br \/>(+30 for winning)\n|l|\u2606fvwvwev\n","uploadtime":1699894257,"views":18,"p1id":"fvwvwev","p2id":"th3edd20","formatid":"gen9vgc2023regulatione","rating":1002,"private":0,"password":""}