{"id":"gen9vgc2023regulatione-1997807973","p1":"Jadedragon61","p2":"PKMN MASTER DI","format":"[Gen 9] VGC 2023 Regulation E","log":"|j|\u2606Jadedragon61\n|j|\u2606PKMN MASTER DI\n|t:|1700854888\n|gametype|doubles\n|player|p1|Jadedragon61|colress|1472\n|player|p2|PKMN MASTER DI|2|1397\n|teamsize|p1|6\n|teamsize|p2|6\n|gen|9\n|tier|[Gen 9] VGC 2023 Regulation E\n|rated|\n|rule|Species Clause: Limit one of each Pok\u00e9mon\n|rule|Item Clause: Limit one of each item\n|clearpoke\n|poke|p1|Tyranitar, L50, F|\n|poke|p1|Rillaboom, L50, M|\n|poke|p1|Kommo-o, L50, M|\n|poke|p1|Iron Bundle, L50|\n|poke|p1|Flutter Mane, L50|\n|poke|p1|Landorus-Therian, L50, M|\n|poke|p2|Ogerpon-Wellspring, L50, F|\n|poke|p2|Arcanine-Hisui, L50, M|\n|poke|p2|Regieleki, L50|\n|poke|p2|Roaring Moon, L50|\n|poke|p2|Flutter Mane, L50|\n|poke|p2|Cresselia, L50, F|\n|teampreview|4\n|inactive|Battle timer is ON: inactive players will automatically lose when time's up. (requested by PKMN MASTER DI)\nPKMN MASTER DI rejected open team sheets.\n|c|\u2606Jadedragon61|Glhf\n|\n|t:|1700854919\n|start\n|switch|p1a: Monke|Rillaboom, L50, M, shiny|100\/100\n|switch|p1b: Jadedragon|Tyranitar, L50, F, shiny|100\/100\n|switch|p2a: Regieleki|Regieleki, L50|100\/100\n|switch|p2b: Roaring Moon|Roaring Moon, L50|100\/100\n|-fieldstart|move: Grassy Terrain|[from] ability: Grassy Surge|[of] p1a: Monke\n|-weather|Sandstorm|[from] ability: Sand Stream|[of] p1b: Jadedragon\n|-enditem|p2b: Roaring Moon|Booster Energy\n|-activate|p2b: Roaring Moon|ability: Protosynthesis|[fromitem]\n|-start|p2b: Roaring Moon|protosynthesisatk\n|turn|1\n|\n|t:|1700854939\n|move|p2a: Regieleki|Protect|p2a: Regieleki\n|-singleturn|p2a: Regieleki|Protect\n|move|p2b: Roaring Moon|Protect|p2b: Roaring Moon\n|-singleturn|p2b: Roaring Moon|Protect\n|move|p1a: Monke|Fake Out|p2b: Roaring Moon\n|-activate|p2b: Roaring Moon|move: Protect\n|move|p1b: Jadedragon|Knock Off|p2a: Regieleki\n|-activate|p2a: Regieleki|move: Protect\n|\n|-weather|Sandstorm|[upkeep]\n|-damage|p2a: Regieleki|95\/100|[from] Sandstorm\n|-damage|p2b: Roaring Moon|94\/100|[from] Sandstorm\n|-damage|p1a: Monke|95\/100|[from] Sandstorm\n|-heal|p2a: Regieleki|100\/100|[from] Grassy Terrain\n|-heal|p2b: Roaring Moon|100\/100|[from] Grassy Terrain\n|-heal|p1a: Monke|100\/100|[from] Grassy Terrain\n|upkeep\n|turn|2\n|inactive|Jadedragon61 has 30 seconds left.\n|\n|t:|1700854973\n|switch|p2a: Arcanine|Arcanine-Hisui, L50, M|100\/100\n|-ability|p2a: Arcanine|Intimidate|boost\n|-unboost|p1a: Monke|atk|1\n|-unboost|p1b: Jadedragon|atk|1\n|switch|p1a: Creamed corn|Landorus-Therian, L50, M, shiny|100\/100\n|-ability|p1a: Creamed corn|Intimidate|boost\n|-unboost|p2a: Arcanine|atk|1\n|-unboost|p2b: Roaring Moon|atk|1\n|move|p2b: Roaring Moon|Breaking Swipe|p1b: Jadedragon|[spread] p1a,p1b\n|-crit|p1b: Jadedragon\n|-damage|p1a: Creamed corn|79\/100\n|-damage|p1b: Jadedragon|64\/100\n|-unboost|p1a: Creamed corn|atk|1\n|-unboost|p1b: Jadedragon|atk|1\n|move|p1b: Jadedragon|Knock Off|p2a: Arcanine\n|-damage|p2a: Arcanine|70\/100\n|-enditem|p2a: Arcanine|Assault Vest|[from] move: Knock Off|[of] p1b: Jadedragon\n|\n|-weather|Sandstorm|[upkeep]\n|-damage|p2b: Roaring Moon|94\/100|[from] Sandstorm\n|-heal|p2b: Roaring Moon|100\/100|[from] Grassy Terrain\n|-heal|p2a: Arcanine|76\/100|[from] Grassy Terrain\n|-heal|p1b: Jadedragon|70\/100|[from] Grassy Terrain\n|upkeep\n|turn|3\n|inactive|Jadedragon61 has 30 seconds left.\n|inactive|PKMN MASTER DI has 30 seconds left.\n|\n|t:|1700855001\n|switch|p2a: Flutter Mane|Flutter Mane, L50|100\/100\n|switch|p1b: Monke|Rillaboom, L50, M, shiny|100\/100\n|move|p1a: Creamed corn|U-turn|p2b: Roaring Moon\n|-supereffective|p2b: Roaring Moon\n|-damage|p2b: Roaring Moon|64\/100\n|\n|t:|1700855008\n|switch|p1a: Jadedragon|Tyranitar, L50, F, shiny|70\/100|[from] U-turn\n|move|p2b: Roaring Moon|Tailwind|p2b: Roaring Moon\n|-sidestart|p2: PKMN MASTER DI|move: Tailwind\n|\n|-weather|Sandstorm|[upkeep]\n|-damage|p2a: Flutter Mane|94\/100|[from] Sandstorm\n|-damage|p2b: Roaring Moon|58\/100|[from] Sandstorm\n|-damage|p1b: Monke|95\/100|[from] Sandstorm\n|-heal|p2a: Flutter Mane|100\/100|[from] Grassy Terrain\n|-heal|p2b: Roaring Moon|64\/100|[from] Grassy Terrain\n|-heal|p1b: Monke|100\/100|[from] Grassy Terrain\n|-heal|p1a: Jadedragon|76\/100|[from] Grassy Terrain\n|upkeep\n|turn|4\n|\n|t:|1700855024\n|-end|p2a: Flutter Mane|Protosynthesis|[silent]\n|switch|p2a: Arcanine|Arcanine-Hisui, L50, M|76\/100\n|-ability|p2a: Arcanine|Intimidate|boost\n|-unboost|p1a: Jadedragon|atk|1\n|-unboost|p1b: Monke|atk|1\n|move|p1b: Monke|Fake Out|p2b: Roaring Moon\n|-damage|p2b: Roaring Moon|56\/100\n|cant|p2b: Roaring Moon|flinch\n|move|p1a: Jadedragon|Heavy Slam|p2a: Arcanine\n|-damage|p2a: Arcanine|65\/100\n|\n|-weather|Sandstorm|[upkeep]\n|-damage|p2b: Roaring Moon|50\/100|[from] Sandstorm\n|-damage|p1b: Monke|95\/100|[from] Sandstorm\n|-heal|p2b: Roaring Moon|56\/100|[from] Grassy Terrain\n|-heal|p2a: Arcanine|71\/100|[from] Grassy Terrain\n|-heal|p1b: Monke|100\/100|[from] Grassy Terrain\n|-heal|p1a: Jadedragon|82\/100|[from] Grassy Terrain\n|upkeep\n|turn|5\n|\n|t:|1700855044\n|-end|p2b: Roaring Moon|Protosynthesis|[silent]\n|switch|p2b: Flutter Mane|Flutter Mane, L50|100\/100\n|switch|p1b: Creamed corn|Landorus-Therian, L50, M, shiny|79\/100\n|-ability|p1b: Creamed corn|Intimidate|boost\n|-unboost|p2a: Arcanine|atk|1\n|-unboost|p2b: Flutter Mane|atk|1\n|move|p2a: Arcanine|Rock Slide|p1a: Jadedragon|[spread] p1a,p1b\n|-damage|p1a: Jadedragon|67\/100\n|-damage|p1b: Creamed corn|56\/100\n|cant|p1a: Jadedragon|flinch\n|\n|-weather|none\n|-heal|p2a: Arcanine|77\/100|[from] Grassy Terrain\n|-heal|p1a: Jadedragon|72\/100|[from] Grassy Terrain\n|-fieldend|move: Grassy Terrain\n|upkeep\n|turn|6\n|inactive|Jadedragon61 has 30 seconds left.\n|\n|t:|1700855074\n|switch|p2a: Roaring Moon|Roaring Moon, L50|56\/100\n|switch|p1a: Monke|Rillaboom, L50, M, shiny|100\/100\n|-fieldstart|move: Grassy Terrain|[from] ability: Grassy Surge|[of] p1a: Monke\n|-terastallize|p2b: Flutter Mane|Fairy\n|move|p2b: Flutter Mane|Dazzling Gleam|p1b: Creamed corn|[spread] p1a,p1b\n|-damage|p1a: Monke|39\/100\n|-damage|p1b: Creamed corn|0 fnt\n|faint|p1b: Creamed corn\n|\n|-heal|p2a: Roaring Moon|62\/100|[from] Grassy Terrain\n|-heal|p1a: Monke|44\/100|[from] Grassy Terrain\n|-sideend|p2: PKMN MASTER DI|move: Tailwind\n|upkeep\n|\n|t:|1700855086\n|switch|p1b: Jadedragon|Tyranitar, L50, F, shiny|72\/100\n|-weather|Sandstorm|[from] ability: Sand Stream|[of] p1b: Jadedragon\n|turn|7\n|\n|t:|1700855093\n|move|p1a: Monke|Fake Out|p2b: Flutter Mane\n|-damage|p2b: Flutter Mane|72\/100\n|cant|p2b: Flutter Mane|flinch\n|move|p2a: Roaring Moon|Breaking Swipe|p1a: Monke|[spread] p1a,p1b\n|-crit|p1b: Jadedragon\n|-damage|p1a: Monke|22\/100\n|-damage|p1b: Jadedragon|46\/100\n|-unboost|p1a: Monke|atk|1\n|-unboost|p1b: Jadedragon|atk|1\n|move|p1b: Jadedragon|Heavy Slam|p2b: Flutter Mane\n|-supereffective|p2b: Flutter Mane\n|-damage|p2b: Flutter Mane|0 fnt\n|faint|p2b: Flutter Mane\n|-end|p2b: Flutter Mane|Protosynthesis|[silent]\n|\n|-weather|Sandstorm|[upkeep]\n|-damage|p2a: Roaring Moon|56\/100|[from] Sandstorm\n|-damage|p1a: Monke|16\/100|[from] Sandstorm\n|-heal|p2a: Roaring Moon|62\/100|[from] Grassy Terrain\n|-heal|p1a: Monke|22\/100|[from] Grassy Terrain\n|-heal|p1b: Jadedragon|52\/100|[from] Grassy Terrain\n|upkeep\n|\n|t:|1700855111\n|switch|p2b: Arcanine|Arcanine-Hisui, L50, M|77\/100\n|-ability|p2b: Arcanine|Intimidate|boost\n|-unboost|p1a: Monke|atk|1\n|-unboost|p1b: Jadedragon|atk|1\n|turn|8\n|\n|t:|1700855122\n|move|p2a: Roaring Moon|Breaking Swipe|p1b: Jadedragon|[spread] p1a,p1b\n|-damage|p1a: Monke|1\/100\n|-damage|p1b: Jadedragon|32\/100\n|-unboost|p1a: Monke|atk|1\n|-unboost|p1b: Jadedragon|atk|1\n|move|p2b: Arcanine|Rock Slide|p1a: Monke|[spread] p1a,p1b\n|-damage|p1a: Monke|0 fnt\n|-damage|p1b: Jadedragon|11\/100\n|faint|p1a: Monke\n|cant|p1b: Jadedragon|flinch\n|\n|-weather|Sandstorm|[upkeep]\n|-damage|p2a: Roaring Moon|56\/100|[from] Sandstorm\n|-heal|p2a: Roaring Moon|62\/100|[from] Grassy Terrain\n|-heal|p2b: Arcanine|83\/100|[from] Grassy Terrain\n|-heal|p1b: Jadedragon|16\/100|[from] Grassy Terrain\n|upkeep\n|\n|t:|1700855130\n|switch|p1a: (Not) jade dragon|Kommo-o, L50, M, shiny|100\/100\n|turn|9\n|inactive|Jadedragon61 has 30 seconds left.\n|\n|t:|1700855158\n|move|p2a: Roaring Moon|Breaking Swipe|p1a: (Not) jade dragon|[spread] p1a,p1b\n|-supereffective|p1a: (Not) jade dragon\n|-damage|p1a: (Not) jade dragon|70\/100\n|-damage|p1b: Jadedragon|0 fnt\n|-unboost|p1a: (Not) jade dragon|atk|1\n|faint|p1b: Jadedragon\n|move|p1a: (Not) jade dragon|Body Press|p2a: Roaring Moon\n|-supereffective|p2a: Roaring Moon\n|-damage|p2a: Roaring Moon|0 fnt\n|faint|p2a: Roaring Moon\n|-end|p2a: Roaring Moon|Protosynthesis|[silent]\n|move|p2b: Arcanine|Rock Slide|p1a: (Not) jade dragon\n|-resisted|p1a: (Not) jade dragon\n|-damage|p1a: (Not) jade dragon|55\/100\n|\n|-weather|Sandstorm|[upkeep]\n|-damage|p1a: (Not) jade dragon|49\/100|[from] Sandstorm\n|-heal|p1a: (Not) jade dragon|55\/100|[from] Grassy Terrain\n|-heal|p1a: (Not) jade dragon|61\/100|[from] item: Leftovers\n|-heal|p2b: Arcanine|89\/100|[from] Grassy Terrain\n|upkeep\n|\n|t:|1700855175\n|switch|p2a: Regieleki|Regieleki, L50|100\/100\n|turn|10\n|\n|t:|1700855185\n|move|p1a: (Not) jade dragon|Protect|p1a: (Not) jade dragon\n|-singleturn|p1a: (Not) jade dragon|Protect\n|move|p2a: Regieleki|Tera Blast|p1a: (Not) jade dragon\n|-activate|p1a: (Not) jade dragon|move: Protect\n|move|p2b: Arcanine|Tera Blast|p1a: (Not) jade dragon\n|-activate|p1a: (Not) jade dragon|move: Protect\n|\n|-weather|Sandstorm|[upkeep]\n|-damage|p2a: Regieleki|95\/100|[from] Sandstorm\n|-damage|p1a: (Not) jade dragon|55\/100|[from] Sandstorm\n|-heal|p2a: Regieleki|100\/100|[from] Grassy Terrain\n|-heal|p1a: (Not) jade dragon|61\/100|[from] Grassy Terrain\n|-heal|p1a: (Not) jade dragon|67\/100|[from] item: Leftovers\n|-heal|p2b: Arcanine|95\/100|[from] Grassy Terrain\n|-fieldend|move: Grassy Terrain\n|upkeep\n|turn|11\n|\n|t:|1700855202\n|move|p2a: Regieleki|Tera Blast|p1a: (Not) jade dragon\n|-damage|p1a: (Not) jade dragon|41\/100\n|move|p1a: (Not) jade dragon|Body Press|p2a: Regieleki\n|-damage|p2a: Regieleki|9\/100\n|move|p2b: Arcanine|Tera Blast|p1a: (Not) jade dragon\n|-damage|p1a: (Not) jade dragon|25\/100\n|\n|-weather|none\n|-heal|p1a: (Not) jade dragon|31\/100|[from] item: Leftovers\n|upkeep\n|turn|12\n|\n|t:|1700855220\n|move|p1a: (Not) jade dragon|Protect|p1a: (Not) jade dragon\n|-singleturn|p1a: (Not) jade dragon|Protect\n|move|p2a: Regieleki|Electroweb|p1a: (Not) jade dragon\n|-activate|p1a: (Not) jade dragon|move: Protect\n|move|p2b: Arcanine|Rock Slide|p1a: (Not) jade dragon\n|-activate|p1a: (Not) jade dragon|move: Protect\n|\n|-heal|p1a: (Not) jade dragon|37\/100|[from] item: Leftovers\n|upkeep\n|turn|13\n|\n|t:|1700855231\n|move|p2a: Regieleki|Volt Switch|p1a: (Not) jade dragon\n|-resisted|p1a: (Not) jade dragon\n|-damage|p1a: (Not) jade dragon|15\/100\n|move|p1a: (Not) jade dragon|Body Press|p2a: Regieleki\n|-damage|p2a: Regieleki|0 fnt\n|faint|p2a: Regieleki\n|move|p2b: Arcanine|Rock Slide|p1a: (Not) jade dragon\n|-resisted|p1a: (Not) jade dragon\n|-damage|p1a: (Not) jade dragon|1\/100\n|\n|-heal|p1a: (Not) jade dragon|7\/100|[from] item: Leftovers\n|upkeep\n|turn|14\n|\n|t:|1700855244\n|move|p1a: (Not) jade dragon|Protect|p1a: (Not) jade dragon\n|-singleturn|p1a: (Not) jade dragon|Protect\n|move|p2b: Arcanine|Extreme Speed|p1a: (Not) jade dragon\n|-activate|p1a: (Not) jade dragon|move: Protect\n|\n|-heal|p1a: (Not) jade dragon|13\/100|[from] item: Leftovers\n|upkeep\n|turn|15\n|\n|t:|1700855251\n|-terastallize|p1a: (Not) jade dragon|Steel\n|move|p1a: (Not) jade dragon|Iron Defense|p1a: (Not) jade dragon\n|-boost|p1a: (Not) jade dragon|def|2\n|move|p2b: Arcanine|Tera Blast|p1a: (Not) jade dragon\n|-resisted|p1a: (Not) jade dragon\n|-damage|p1a: (Not) jade dragon|5\/100\n|\n|-heal|p1a: (Not) jade dragon|11\/100|[from] item: Leftovers\n|upkeep\n|turn|16\n|\n|t:|1700855261\n|move|p1a: (Not) jade dragon|Protect|p1a: (Not) jade dragon\n|-singleturn|p1a: (Not) jade dragon|Protect\n|move|p2b: Arcanine|Flare Blitz|p1a: (Not) jade dragon\n|-activate|p1a: (Not) jade dragon|move: Protect\n|\n|-heal|p1a: (Not) jade dragon|17\/100|[from] item: Leftovers\n|upkeep\n|turn|17\n|\n|t:|1700855268\n|move|p1a: (Not) jade dragon|Body Press|p2b: Arcanine\n|-supereffective|p2b: Arcanine\n|-damage|p2b: Arcanine|0 fnt\n|faint|p2b: Arcanine\n|\n|win|Jadedragon61\n|raw|Jadedragon61's rating: 1472 &rarr; <strong>1488<\/strong><br \/>(+16 for winning)\n|raw|PKMN MASTER DI's rating: 1397 &rarr; <strong>1381<\/strong><br \/>(-16 for losing)\n|l|\u2606PKMN MASTER DI\n","uploadtime":1700855275,"views":19,"p1id":"jadedragon61","p2id":"pkmnmasterdi","formatid":"gen9vgc2023regulatione","rating":1381,"private":0,"password":""}