{"id":"gen9vgc2023regulatione-1998013984","p1":"Eleisson4","p2":"Natrox1998","format":"[Gen 9] VGC 2023 Regulation E","log":"|j|\u2606Eleisson4\n|j|\u2606Natrox1998\n|n|\u2606Eleisson4|eleisson4\n|n|\u2606Natrox1998|natrox1998\n|html|View the match progress at <a href=\"\/game-bestof3-gen9vgc2023regulatione-1998009907\">game-bestof3-gen9vgc2023regulatione-1998009907<\/a>\n|t:|1700879054\n|gametype|doubles\n|player|p1|Eleisson4|101|\n|player|p2|Natrox1998|170|\n|teamsize|p1|6\n|teamsize|p2|6\n|gen|9\n|tier|[Gen 9] VGC 2023 Regulation E\n|rule|Species Clause: Limit one of each Pok\u00e9mon\n|rule|Item Clause: Limit one of each item\n|clearpoke\n|poke|p1|Iron Hands, L50|\n|poke|p1|Flutter Mane, L50|\n|poke|p1|Heatran, L50, F|\n|poke|p1|Chien-Pao, L50|\n|poke|p1|Ogerpon-Wellspring, L50, F|\n|poke|p1|Amoonguss, L50, F|\n|poke|p2|Urshifu-*, L50, M|\n|poke|p2|Gholdengo, L50|\n|poke|p2|Rillaboom, L50, F|\n|poke|p2|Tornadus, L50, M|\n|poke|p2|Arcanine-Hisui, L50, F|\n|poke|p2|Flutter Mane, L50|\n|teampreview|4\nEleisson4 has agreed to open team sheets.\n|c|\u2606Eleisson4|bro\n|c|\u2606Eleisson4|hoja\nNatrox1998 has agreed to open team sheets.\n|showteam|p1|Iron Hands||BoosterEnergy|QuarkDrive|SwordsDance,IcePunch,WildCharge,DrainPunch||||||50|,,,,,Ground]Flutter Mane||ChoiceSpecs|Protosynthesis|MysticalFire,ShadowBall,DazzlingGleam,PowerGem||||||50|,,,,,Fairy]Heatran||SitrusBerry|FlashFire|HeatWave,FlashCannon,EarthPower,Protect|||F|||50|,,,,,Grass]Chien-Pao||FocusSash|SwordofRuin|IceSpinner,SuckerPunch,PsychicFangs,Protect||||||50|,,,,,Ghost]Ogerpon-Wellspring||WellspringMask|WaterAbsorb|IvyCudgel,HornLeech,Taunt,SpikyShield|||F|||50|,,,,,Water]Amoonguss||AguavBerry|Regenerator|Spore,RagePowder,PollenPuff,ClearSmog|||F|||50|,,,,,Water\n|showteam|p2|Urshifu-Rapid-Strike||MysticWater|UnseenFist|SurgingStrikes,CloseCombat,AquaJet,Protect|||M|||50|,,,,,Water]Gholdengo||Leftovers|GoodasGold|MakeItRain,ShadowBall,NastyPlot,Protect||||||50|,,,,,Dragon]Rillaboom||AssaultVest|GrassySurge|FakeOut,GrassyGlide,WoodHammer,Uturn|||F|||50|,,,,,Fire]Tornadus||CovertCloak|Prankster|Tailwind,RainDance,Taunt,BleakwindStorm|||M|||50|,,,,,Ghost]Arcanine-Hisui||ChoiceBand|Intimidate|RockSlide,FlareBlitz,TeraBlast,ExtremeSpeed|||F|||50|,,,,,Fairy]Flutter Mane||ChoiceSpecs|Protosynthesis|DazzlingGleam,Moonblast,ShadowBall,TeraBlast||||||50|,,,,,Fairy\n|inactive|Battle timer is ON: inactive players will automatically lose when time's up. (requested by Eleisson4)\n|\n|t:|1700879159\n|start\n|switch|p1a: Heatran|Heatran, L50, F, shiny|100\/100\n|switch|p1b: Chien-Pao|Chien-Pao, L50|100\/100\n|switch|p2a: Gouken|Urshifu-Rapid-Strike, L50, M|100\/100\n|switch|p2b: Lakitus|Tornadus, L50, M|100\/100\n|-ability|p1b: Chien-Pao|Sword of Ruin\n|turn|1\n|inactive|Eleisson4 has 30 seconds left.\n|\n|t:|1700879189\n|-terastallize|p2a: Gouken|Water\n|move|p1b: Chien-Pao|Sucker Punch|p2a: Gouken\n|-damage|p2a: Gouken|56\/100\n|move|p2b: Lakitus|Tailwind|p2b: Lakitus\n|-sidestart|p2: Natrox1998|move: Tailwind\n|move|p2a: Gouken|Surging Strikes|p1b: Chien-Pao\n|-crit|p1b: Chien-Pao\n|-damage|p1b: Chien-Pao|49\/100\n|-crit|p1b: Chien-Pao\n|-damage|p1b: Chien-Pao|2\/100\n|-crit|p1b: Chien-Pao\n|-damage|p1b: Chien-Pao|0 fnt\n|faint|p1b: Chien-Pao\n|-hitcount|p1: Chien-Pao|3\n|move|p1a: Heatran|Heat Wave|p2b: Lakitus|[spread] p2a,p2b\n|-resisted|p2a: Gouken\n|-damage|p2a: Gouken|29\/100\n|-damage|p2b: Lakitus|58\/100\n|\n|upkeep\n|\n|t:|1700879205\n|switch|p1b: Iron Hands|Iron Hands, L50, shiny|100\/100\n|-enditem|p1b: Iron Hands|Booster Energy\n|-activate|p1b: Iron Hands|ability: Quark Drive|[fromitem]\n|-start|p1b: Iron Hands|quarkdriveatk\n|turn|2\n|inactive|Natrox1998 has 30 seconds left.\n|inactive|Natrox1998 has 20 seconds left.\n|inactive|Natrox1998 has 15 seconds left.\n|inactive|Natrox1998 has 10 seconds left.\n|inactive|Natrox1998 has 5 seconds left.\n|\n|t:|1700879260\n|-terastallize|p1a: Heatran|Grass\n|move|p2b: Lakitus|Tailwind||[still]\n|-fail|p2b: Lakitus\n|move|p2a: Gouken|Surging Strikes|p1a: Heatran\n|-resisted|p1a: Heatran\n|-crit|p1a: Heatran\n|-damage|p1a: Heatran|83\/100\n|-resisted|p1a: Heatran\n|-crit|p1a: Heatran\n|-damage|p1a: Heatran|63\/100\n|-resisted|p1a: Heatran\n|-crit|p1a: Heatran\n|-damage|p1a: Heatran|44\/100\n|-enditem|p1a: Heatran|Sitrus Berry|[eat]\n|-heal|p1a: Heatran|69\/100|[from] item: Sitrus Berry\n|-hitcount|p1a: Heatran|3\n|move|p1a: Heatran|Heat Wave|p2b: Lakitus|[spread] p2a,p2b\n|-resisted|p2a: Gouken\n|-crit|p2a: Gouken\n|-damage|p2a: Gouken|0 fnt\n|-damage|p2b: Lakitus|12\/100\n|faint|p2a: Gouken\n|move|p1b: Iron Hands|Wild Charge|p2b: Lakitus\n|-supereffective|p2b: Lakitus\n|-damage|p2b: Lakitus|0 fnt\n|faint|p2b: Lakitus\n|-damage|p1b: Iron Hands|98\/100|[from] Recoil\n|\n|upkeep\n|\n|t:|1700879283\n|switch|p2b: Funky Kong|Rillaboom, L50, F|100\/100\n|switch|p2a: Telameneo|Flutter Mane, L50|100\/100\n|-fieldstart|move: Grassy Terrain|[from] ability: Grassy Surge|[of] p2b: Funky Kong\n|turn|3\n|inactive|Eleisson4 has 30 seconds left.\n|inactive|Natrox1998 has 30 seconds left.\n|inactive|Eleisson4 has 20 seconds left.\n|inactive|Natrox1998 has 20 seconds left.\n|inactive|Eleisson4 has 15 seconds left.\n|inactive|Natrox1998 has 15 seconds left.\n|inactive|Natrox1998 has 10 seconds left.\n|inactive|Natrox1998 has 5 seconds left.\n|\n|t:|1700879333\n|move|p2b: Funky Kong|Fake Out|p1b: Iron Hands\n|-damage|p1b: Iron Hands|90\/100\n|move|p2a: Telameneo|Dazzling Gleam|p1a: Heatran|[spread] p1a,p1b\n|-supereffective|p1b: Iron Hands\n|-damage|p1a: Heatran|17\/100\n|-damage|p1b: Iron Hands|26\/100\n|move|p1a: Heatran|Flash Cannon|p2a: Telameneo\n|-supereffective|p2a: Telameneo\n|-damage|p2a: Telameneo|4\/100\n|cant|p1b: Iron Hands|flinch\n|\n|-heal|p2a: Telameneo|10\/100|[from] Grassy Terrain\n|-heal|p1a: Heatran|23\/100|[from] Grassy Terrain\n|-heal|p1b: Iron Hands|32\/100|[from] Grassy Terrain\n|upkeep\n|turn|4\n|inactive|Eleisson4 has 30 seconds left.\n|inactive|Natrox1998 has 30 seconds left.\n|\n|t:|1700879362\n|move|p1a: Heatran|Protect|p1a: Heatran\n|-singleturn|p1a: Heatran|Protect\n|move|p2b: Funky Kong|Grassy Glide|p1b: Iron Hands\n|-damage|p1b: Iron Hands|10\/100\n|move|p2a: Telameneo|Dazzling Gleam|p1b: Iron Hands|[spread] p1b\n|-activate|p1a: Heatran|move: Protect\n|-supereffective|p1b: Iron Hands\n|-damage|p1b: Iron Hands|0 fnt\n|faint|p1b: Iron Hands\n|-end|p1b: Iron Hands|Quark Drive|[silent]\n|\n|-heal|p2a: Telameneo|16\/100|[from] Grassy Terrain\n|-heal|p1a: Heatran|29\/100|[from] Grassy Terrain\n|-sideend|p2: Natrox1998|move: Tailwind\n|upkeep\n|\n|t:|1700879375\n|switch|p1b: Flutter Mane|Flutter Mane, L50|100\/100\n|turn|5\n|\n|t:|1700879393\n|move|p2a: Telameneo|Dazzling Gleam|p1b: Flutter Mane|[spread] p1a,p1b\n|-damage|p1a: Heatran|0 fnt\n|-damage|p1b: Flutter Mane|50\/100\n|faint|p1a: Heatran\n|move|p1b: Flutter Mane|Dazzling Gleam|p2a: Telameneo|[spread] p2a,p2b\n|-damage|p2a: Telameneo|0 fnt\n|-damage|p2b: Funky Kong|68\/100\n|faint|p2a: Telameneo\n|-end|p2a: Telameneo|Protosynthesis|[silent]\n|move|p2b: Funky Kong|U-turn|p1b: Flutter Mane\n|-resisted|p1b: Flutter Mane\n|-damage|p1b: Flutter Mane|38\/100\n|\n|-heal|p1b: Flutter Mane|44\/100|[from] Grassy Terrain\n|-heal|p2b: Funky Kong|74\/100|[from] Grassy Terrain\n|upkeep\n|turn|6\n|\n|t:|1700879423\n|move|p2b: Funky Kong|Grassy Glide|p1b: Flutter Mane\n|-damage|p1b: Flutter Mane|0 fnt\n|faint|p1b: Flutter Mane\n|-end|p1b: Flutter Mane|Protosynthesis|[silent]\n|\n|win|Natrox1998\n|c|&|\/uhtml prompt-eleisson4,Eleisson4 is ready for game 3!\n|c|&|\/uhtml prompt-natrox1998,Natrox1998 is ready for game 3!\nBoth players are ready! Starting next match!\n|l|\u2606Natrox1998\n","uploadtime":1700879953,"views":1,"p1id":"eleisson4","p2id":"natrox1998","formatid":"gen9vgc2023regulatione","rating":0,"private":0,"password":""}