{"id":"gen9vgc2023regulatione-1998681739","p1":"MentalSyndrome","p2":"Tinged","format":"[Gen 9] VGC 2023 Regulation E","log":"|j|\u2606MentalSyndrome\n|j|\u2606Tinged\n|t:|1700971805\n|gametype|doubles\n|player|p1|MentalSyndrome|byron|1144\n|player|p2|Tinged|pokemaniac|1087\n|teamsize|p1|6\n|teamsize|p2|6\n|gen|9\n|tier|[Gen 9] VGC 2023 Regulation E\n|rated|\n|rule|Species Clause: Limit one of each Pok\u00e9mon\n|rule|Item Clause: Limit one of each item\n|clearpoke\n|poke|p1|Tornadus, L50, M|\n|poke|p1|Zapdos, L50|\n|poke|p1|Lucario, L50, F|\n|poke|p1|Arbok, L50, F|\n|poke|p1|Breloom, L50, M|\n|poke|p1|Tinkaton, L50, F|\n|poke|p2|Lurantis, L50, F|\n|poke|p2|Indeedee-F, L50, F|\n|poke|p2|Torkoal, L50, F|\n|poke|p2|Lilligant-Hisui, L50, F|\n|poke|p2|Urshifu-*, L50, F|\n|poke|p2|Thundurus, L50, M|\n|teampreview|4\n|\n|t:|1700971860\n|start\n|switch|p1a: Tornadus|Tornadus, L50, M|100\/100\n|switch|p1b: Arbok|Arbok, L50, F, shiny|100\/100\n|switch|p2a: Lurantis|Lurantis, L50, F|100\/100\n|switch|p2b: Indeedee|Indeedee-F, L50, F|100\/100\n|-ability|p1b: Arbok|Intimidate|boost\n|-boost|p2a: Lurantis|atk|1\n|-unboost|p2b: Indeedee|atk|1\n|-fieldstart|move: Psychic Terrain|[from] ability: Psychic Surge|[of] p2b: Indeedee\n|turn|1\n|\n|t:|1700971897\n|-terastallize|p2a: Lurantis|Fire\n|move|p1a: Tornadus|Rain Dance|p1a: Tornadus\n|-weather|RainDance\n|move|p1b: Arbok|Gunk Shot|p2a: Lurantis|[miss]\n|-miss|p1b: Arbok|p2a: Lurantis\n|move|p2a: Lurantis|Leaf Storm|p1b: Arbok\n|-resisted|p1b: Arbok\n|-damage|p1b: Arbok|72\/100\n|-boost|p2a: Lurantis|spa|2\n|move|p2b: Indeedee|Trick Room|p2b: Indeedee\n|-fieldstart|move: Trick Room|[of] p2b: Indeedee\n|\n|-weather|RainDance|[upkeep]\n|upkeep\n|turn|2\n|\n|t:|1700971922\n|move|p2a: Lurantis|Tera Blast|p1a: Tornadus|[anim] Tera Blast Fire\n|-damage|p1a: Tornadus|59\/100\n|move|p2b: Indeedee|Psychic|p1b: Arbok\n|-supereffective|p1b: Arbok\n|-damage|p1b: Arbok|0 fnt\n|faint|p1b: Arbok\n|move|p1a: Tornadus|Bleakwind Storm|p2a: Lurantis|[spread] p2a,p2b\n|-damage|p2a: Lurantis|74\/100\n|-damage|p2b: Indeedee|67\/100\n|-unboost|p2b: Indeedee|spe|1\n|\n|-weather|RainDance|[upkeep]\n|upkeep\n|\n|t:|1700971929\n|switch|p1b: Zapdos|Zapdos, L50|100\/100\n|turn|3\n|\n|t:|1700971978\n|move|p1a: Tornadus|Protect|p1a: Tornadus\n|-singleturn|p1a: Tornadus|Protect\n|move|p2a: Lurantis|Tera Blast|p1b: Zapdos|[anim] Tera Blast Fire\n|-damage|p1b: Zapdos|79\/100\n|move|p2b: Indeedee|Psychic|p1b: Zapdos\n|-damage|p1b: Zapdos|45\/100\n|move|p1b: Zapdos|Weather Ball|p2a: Lurantis\n|-supereffective|p2a: Lurantis\n|-damage|p2a: Lurantis|0 fnt\n|faint|p2a: Lurantis\n|\n|-weather|RainDance|[upkeep]\n|upkeep\n|\n|t:|1700971990\n|switch|p2a: Torkoal|Torkoal, L50, F|100\/100\n|-weather|SunnyDay|[from] ability: Drought|[of] p2a: Torkoal\n|turn|4\n|\n|t:|1700971995\n|move|p2b: Indeedee|Follow Me|p2b: Indeedee\n|-singleturn|p2b: Indeedee|move: Follow Me\n|move|p1a: Tornadus|Rain Dance|p1a: Tornadus\n|-weather|RainDance\n|move|p2a: Torkoal|Eruption|p1a: Tornadus|[spread] p1a,p1b\n|-damage|p1a: Tornadus|31\/100\n|-damage|p1b: Zapdos|32\/100\n|move|p1b: Zapdos|Weather Ball|p2b: Indeedee\n|-damage|p2b: Indeedee|13\/100\n|\n|-weather|RainDance|[upkeep]\n|upkeep\n|turn|5\n|\n|t:|1700972021\n|switch|p1b: Lucario|Lucario, L50, F|100\/100\n|move|p2b: Indeedee|Follow Me|p2b: Indeedee\n|-singleturn|p2b: Indeedee|move: Follow Me\n|move|p2a: Torkoal|Yawn|p1a: Tornadus\n|-start|p1a: Tornadus|move: Yawn|[of] p2a: Torkoal\n|move|p1a: Tornadus|Bleakwind Storm|p2b: Indeedee|[spread] p2a,p2b\n|-damage|p2a: Torkoal|56\/100\n|-damage|p2b: Indeedee|0 fnt\n|faint|p2b: Indeedee\n|\n|-weather|RainDance|[upkeep]\n|-fieldend|move: Trick Room\n|-fieldend|move: Psychic Terrain\n|upkeep\n|\n|t:|1700972031\n|switch|p2b: Lilligant|Lilligant-Hisui, L50, F|100\/100\n|turn|6\n|\n|t:|1700972043\n|switch|p1a: Zapdos|Zapdos, L50|32\/100\n|move|p2b: Lilligant|Close Combat|p1a: Zapdos\n|-resisted|p1a: Zapdos\n|-damage|p1a: Zapdos|2\/100\n|-unboost|p2b: Lilligant|def|1\n|-unboost|p2b: Lilligant|spd|1\n|move|p1b: Lucario|Heal Pulse|p1a: Zapdos\n|-heal|p1a: Zapdos|52\/100\n|move|p2a: Torkoal|Earth Power|p1b: Lucario\n|-supereffective|p1b: Lucario\n|-damage|p1b: Lucario|31\/100\n|\n|-weather|RainDance|[upkeep]\n|upkeep\n|turn|7\n|\n|t:|1700972068\n|move|p2b: Lilligant|Close Combat|p1a: Zapdos\n|-resisted|p1a: Zapdos\n|-damage|p1a: Zapdos|24\/100\n|-unboost|p2b: Lilligant|def|1\n|-unboost|p2b: Lilligant|spd|1\n|move|p1b: Lucario|Drain Punch|p2a: Torkoal\n|-damage|p2a: Torkoal|16\/100\n|-heal|p1b: Lucario|53\/100|[from] drain|[of] p2a: Torkoal\n|-damage|p1b: Lucario|43\/100|[from] item: Life Orb\n|move|p1a: Zapdos|Hurricane|p2b: Lilligant\n|-supereffective|p2b: Lilligant\n|-enditem|p2b: Lilligant|Focus Sash\n|-damage|p2b: Lilligant|1\/100\n|-start|p2b: Lilligant|confusion\n|move|p2a: Torkoal|Earth Power|p1b: Lucario\n|-supereffective|p1b: Lucario\n|-damage|p1b: Lucario|0 fnt\n|faint|p1b: Lucario\n|\n|-weather|RainDance|[upkeep]\n|upkeep\n|\n|t:|1700972080\n|switch|p1b: Tornadus|Tornadus, L50, M|31\/100\n|turn|8\n|\n|t:|1700972094\n|move|p1b: Tornadus|Bleakwind Storm|p2b: Lilligant|[spread] p2a,p2b\n|-supereffective|p2b: Lilligant\n|-damage|p2a: Torkoal|0 fnt\n|-damage|p2b: Lilligant|0 fnt\n|faint|p2a: Torkoal\n|faint|p2b: Lilligant\n|\n|win|MentalSyndrome\n|raw|MentalSyndrome's rating: 1144 &rarr; <strong>1165<\/strong><br \/>(+21 for winning)\n|raw|Tinged's rating: 1087 &rarr; <strong>1068<\/strong><br \/>(-19 for losing)\n|l|\u2606Tinged\n","uploadtime":1700972103,"views":8,"p1id":"mentalsyndrome","p2id":"tinged","formatid":"gen9vgc2023regulatione","rating":1068,"private":0,"password":""}