{"id":"gen9vgc2023regulatione-1993271729","p1":"whyismynamejeff","p2":"Whiterrr","format":"[Gen 9] VGC 2023 Regulation E","log":"|j|\u2606whyismynamejeff\n|j|\u2606Whiterrr\n|t:|1700287843\n|gametype|doubles\n|player|p1|whyismynamejeff|colress|1132\n|player|p2|Whiterrr|101|1000\n|teamsize|p1|6\n|teamsize|p2|6\n|gen|9\n|tier|[Gen 9] VGC 2023 Regulation E\n|rated|\n|rule|Species Clause: Limit one of each Pok\u00e9mon\n|rule|Item Clause: Limit one of each item\n|clearpoke\n|poke|p1|Empoleon, L50, M|\n|poke|p1|Ogerpon-Hearthflame, L50, F|\n|poke|p1|Flutter Mane, L50|\n|poke|p1|Iron Hands, L50|\n|poke|p1|Baxcalibur, L50, F|\n|poke|p1|Landorus-Therian, L50, M|\n|poke|p2|Regieleki, L50|\n|poke|p2|Pawmot, L50, F|\n|poke|p2|Golem-Alola, L50, F|\n|poke|p2|Rabsca, L50, F|\n|poke|p2|Annihilape, L50, M|\n|poke|p2|Cresselia, L50, F|\n|teampreview|4\n|\n|t:|1700287868\n|start\n|switch|p1a: Empoleon|Empoleon, L50, M|100\/100\n|switch|p1b: Iron Hands|Iron Hands, L50|100\/100\n|switch|p2a: Regieleki|Regieleki, L50|100\/100\n|switch|p2b: Rabsca|Rabsca, L50, F|100\/100\n|turn|1\n|\n|t:|1700287882\n|-terastallize|p2a: Regieleki|Normal\n|move|p2b: Rabsca|Protect|p2b: Rabsca\n|-singleturn|p2b: Rabsca|Protect\n|move|p1b: Iron Hands|Fake Out|p2a: Regieleki\n|-damage|p2a: Regieleki|68\/100\n|cant|p2a: Regieleki|flinch\n|move|p1a: Empoleon|Flash Cannon|p2b: Rabsca\n|-activate|p2b: Rabsca|move: Protect\n|\n|upkeep\n|turn|2\n|\n|t:|1700287899\n|move|p1a: Empoleon|Protect|p1a: Empoleon\n|-singleturn|p1a: Empoleon|Protect\n|move|p2a: Regieleki|Explosion|p1b: Iron Hands|[spread] p1b\n|-activate|p1a: Empoleon|move: Protect\n|-activate|p2b: Rabsca|ability: Telepathy\n|-enditem|p2a: Regieleki|Normal Gem|[from] gem\n|-damage|p1b: Iron Hands|21\/100\n|faint|p2a: Regieleki\n|move|p1b: Iron Hands|Drain Punch|p2b: Rabsca\n|-resisted|p2b: Rabsca\n|-damage|p2b: Rabsca|89\/100\n|-heal|p1b: Iron Hands|25\/100|[from] drain|[of] p2b: Rabsca\n|move|p2b: Rabsca|Pounce|p1a: Empoleon\n|-activate|p1a: Empoleon|move: Protect\n|\n|upkeep\n|\n|t:|1700287912\n|switch|p2a: Annihilape|Annihilape, L50, M|100\/100\n|turn|3\n|\n|t:|1700287924\n|move|p2a: Annihilape|Final Gambit|p1a: Empoleon\n|-damage|p1a: Empoleon|0 fnt\n|faint|p2a: Annihilape\n|faint|p1a: Empoleon\n|move|p1b: Iron Hands|Ice Punch|p2b: Rabsca\n|-damage|p2b: Rabsca|53\/100\n|move|p2b: Rabsca|Revival Blessing|p2b: Rabsca\n|\n|t:|1700287932\n|-heal|p2: Annihilape|50\/100|[from] move: Revival Blessing\n|\n|upkeep\n|switch|p2a: Annihilape|Annihilape, L50, M|50\/100\n|\n|t:|1700287938\n|switch|p1a: Flutter Mane|Flutter Mane, L50|100\/100\n|-enditem|p1a: Flutter Mane|Booster Energy\n|-activate|p1a: Flutter Mane|ability: Protosynthesis|[fromitem]\n|-start|p1a: Flutter Mane|protosynthesisspe\n|turn|4\n|\n|t:|1700287976\n|move|p2b: Rabsca|Protect|p2b: Rabsca\n|-singleturn|p2b: Rabsca|Protect\n|move|p1a: Flutter Mane|Shadow Ball|p2a: Annihilape\n|-supereffective|p2a: Annihilape\n|-damage|p2a: Annihilape|0 fnt\n|faint|p2a: Annihilape\n|move|p1b: Iron Hands|Drain Punch|p2b: Rabsca\n|-activate|p2b: Rabsca|move: Protect\n|\n|upkeep\n|\n|t:|1700287977\n|switch|p2a: Cresselia|Cresselia, L50, F|100\/100\n|turn|5\n|-message|Whiterrr forfeited.\n|\n|win|whyismynamejeff\n|raw|whyismynamejeff's rating: 1132 &rarr; <strong>1148<\/strong><br \/>(+16 for winning)\n|raw|Whiterrr's rating: 1000 &rarr; <strong>1000<\/strong><br \/>(+0 for losing)\n|l|\u2606Whiterrr\n","uploadtime":1700287992,"views":14,"p1id":"whyismynamejeff","p2id":"whiterrr","formatid":"gen9vgc2023regulatione","rating":1000,"private":0,"password":""}