{"id":"gen9vgc2023regulatione-1992654866","p1":"Zap-n-Tap","p2":"ShockucA","format":"[Gen 9] VGC 2023 Regulation E","log":"|j|\u2606Zap-n-Tap\n|j|\u2606ShockucA\n|t:|1700221035\n|gametype|doubles\n|player|p1|Zap-n-Tap|scientist-gen4dp|1362\n|player|p2|ShockucA|scientistf|1321\n|teamsize|p1|6\n|teamsize|p2|6\n|gen|9\n|tier|[Gen 9] VGC 2023 Regulation E\n|rated|\n|rule|Species Clause: Limit one of each Pok\u00e9mon\n|rule|Item Clause: Limit one of each item\n|clearpoke\n|poke|p1|Regieleki, L50|\n|poke|p1|Ninetales-Alola, L50, F|\n|poke|p1|Enamorus-Therian, L50, F|\n|poke|p1|Kingambit, L50, F|\n|poke|p1|Armarouge, L50, F|\n|poke|p1|Farigiraf, L50, M|\n|poke|p2|Dondozo, L50, M|\n|poke|p2|Tatsugiri, L50, F|\n|poke|p2|Chi-Yu, L50|\n|poke|p2|Flutter Mane, L50|\n|poke|p2|Glimmora, L50, M|\n|poke|p2|Iron Hands, L50|\n|teampreview|4\n|inactive|Battle timer is ON: inactive players will automatically lose when time's up. (requested by Zap-n-Tap)\n|inactive|ShockucA has 60 seconds left.\n|\n|t:|1700221078\n|start\n|switch|p1a: Turtella|Enamorus-Therian, L50, F|100\/100\n|switch|p1b: Giraffe|Farigiraf, L50, M, shiny|100\/100\n|switch|p2a: Chi-Yu|Chi-Yu, L50|100\/100\n|switch|p2b: Flutter Mane|Flutter Mane, L50|100\/100\n|-ability|p2a: Chi-Yu|Beads of Ruin\n|-enditem|p2b: Flutter Mane|Booster Energy\n|-activate|p2b: Flutter Mane|ability: Protosynthesis|[fromitem]\n|-start|p2b: Flutter Mane|protosynthesisspe\n|turn|1\n|inactive|Zap-n-Tap has 30 seconds left.\n|\n|t:|1700221106\n|-terastallize|p1b: Giraffe|Fairy\n|move|p2b: Flutter Mane|Protect|p2b: Flutter Mane\n|-singleturn|p2b: Flutter Mane|Protect\n|move|p2a: Chi-Yu|Snarl|p1a: Turtella|[spread] p1a,p1b\n|-resisted|p1a: Turtella\n|-resisted|p1b: Giraffe\n|-damage|p1a: Turtella|87\/100\n|-damage|p1b: Giraffe|81\/100\n|-unboost|p1a: Turtella|spa|1\n|-unboost|p1b: Giraffe|spa|1\n|move|p1a: Turtella|Dazzling Gleam|p2b: Flutter Mane|[spread] p2a\n|-activate|p2b: Flutter Mane|move: Protect\n|-damage|p2a: Chi-Yu|75\/100\n|move|p1b: Giraffe|Trick Room|p1b: Giraffe\n|-fieldstart|move: Trick Room|[of] p1b: Giraffe\n|\n|upkeep\n|turn|2\n|inactive|ShockucA has 30 seconds left.\n|\n|t:|1700221134\n|move|p1a: Turtella|Mystical Fire|p2b: Flutter Mane\n|-damage|p2b: Flutter Mane|75\/100\n|-unboost|p2b: Flutter Mane|spa|1\n|move|p1b: Giraffe|Nasty Plot|p1b: Giraffe\n|-boost|p1b: Giraffe|spa|2\n|move|p2a: Chi-Yu|Snarl|p1b: Giraffe|[spread] p1a,p1b\n|-resisted|p1a: Turtella\n|-resisted|p1b: Giraffe\n|-damage|p1a: Turtella|71\/100\n|-damage|p1b: Giraffe|60\/100\n|-unboost|p1a: Turtella|spa|1\n|-unboost|p1b: Giraffe|spa|1\n|move|p2b: Flutter Mane|Moonblast|p1a: Turtella\n|-damage|p1a: Turtella|43\/100\n|\n|upkeep\n|turn|3\n|\n|t:|1700221159\n|move|p1a: Turtella|Earth Power|p2a: Chi-Yu\n|-supereffective|p2a: Chi-Yu\n|-damage|p2a: Chi-Yu|35\/100\n|move|p1b: Giraffe|Psychic|p2b: Flutter Mane\n|-crit|p2b: Flutter Mane\n|-damage|p2b: Flutter Mane|10\/100\n|move|p2a: Chi-Yu|Snarl|p1b: Giraffe|[spread] p1a,p1b\n|-resisted|p1a: Turtella\n|-resisted|p1b: Giraffe\n|-damage|p1a: Turtella|28\/100\n|-damage|p1b: Giraffe|39\/100\n|-unboost|p1a: Turtella|spa|1\n|-unboost|p1b: Giraffe|spa|1\n|move|p2b: Flutter Mane|Moonblast|p1b: Giraffe\n|-damage|p1b: Giraffe|2\/100\n|-unboost|p1b: Giraffe|spa|1\n|\n|upkeep\n|turn|4\n|inactive|Zap-n-Tap has 30 seconds left.\n|inactive|ShockucA has 30 seconds left.\n|inactive|Zap-n-Tap has 20 seconds left.\n|inactive|Zap-n-Tap has 15 seconds left.\n|inactive|Zap-n-Tap has 10 seconds left.\n|\n|t:|1700221206\n|move|p1a: Turtella|Earth Power|p2a: Chi-Yu\n|-supereffective|p2a: Chi-Yu\n|-damage|p2a: Chi-Yu|3\/100\n|move|p1b: Giraffe|Thunderbolt|p2b: Flutter Mane\n|-crit|p2b: Flutter Mane\n|-damage|p2b: Flutter Mane|0 fnt\n|faint|p2b: Flutter Mane\n|-end|p2b: Flutter Mane|Protosynthesis|[silent]\n|move|p2a: Chi-Yu|Snarl|p1a: Turtella|[spread] p1a,p1b\n|-resisted|p1a: Turtella\n|-resisted|p1b: Giraffe\n|-damage|p1a: Turtella|13\/100\n|-damage|p1b: Giraffe|0 fnt\n|-unboost|p1a: Turtella|spa|1\n|faint|p1b: Giraffe\n|\n|upkeep\n|\n|t:|1700221227\n|switch|p1b: Brrr|Ninetales-Alola, L50, F|100\/100\n|switch|p2b: Dondozo|Dondozo, L50, M|100\/100\n|-weather|Snow|[from] ability: Snow Warning|[of] p1b: Brrr\n|turn|5\n|inactive|ShockucA has 30 seconds left.\n|inactive|ShockucA has 20 seconds left.\n|\n|t:|1700221266\n|switch|p2a: Tatsugiri|Tatsugiri, L50, F|100\/100\n|-activate|p2a: Tatsugiri|ability: Commander|[of] p2b: Dondozo\n|-boost|p2b: Dondozo|atk|2\n|-boost|p2b: Dondozo|spa|2\n|-boost|p2b: Dondozo|spe|2\n|-boost|p2b: Dondozo|def|2\n|-boost|p2b: Dondozo|spd|2\n|move|p1a: Turtella|Dazzling Gleam|p2b: Dondozo|[spread] p2b\n|-miss|p1a: Turtella|p2a: Tatsugiri\n|-damage|p2b: Dondozo|88\/100\n|move|p2b: Dondozo|Earthquake|p1a: Turtella|[spread] p1b\n|-miss|p2b: Dondozo|p2a: Tatsugiri\n|-immune|p1a: Turtella\n|-damage|p1b: Brrr|72\/100\n|move|p1b: Brrr|Aurora Veil|p1b: Brrr\n|-sidestart|p1: Zap-n-Tap|move: Aurora Veil\n|\n|-weather|Snow|[upkeep]\n|-heal|p2b: Dondozo|95\/100|[from] item: Leftovers\n|-fieldend|move: Trick Room\n|upkeep\n|turn|6\n|inactive|Zap-n-Tap has 30 seconds left.\n|inactive|ShockucA has 30 seconds left.\n|\n|t:|1700221296\n|move|p2b: Dondozo|Protect|p2b: Dondozo\n|-singleturn|p2b: Dondozo|Protect\n|move|p1b: Brrr|Disable|p2b: Dondozo\n|-activate|p2b: Dondozo|move: Protect\n|move|p1a: Turtella|Moonblast|p2b: Dondozo\n|-activate|p2b: Dondozo|move: Protect\n|\n|-weather|Snow|[upkeep]\n|-heal|p2b: Dondozo|100\/100|[from] item: Leftovers\n|upkeep\n|turn|7\n|\n|t:|1700221306\n|move|p1b: Brrr|Disable|p2b: Dondozo\n|-start|p2b: Dondozo|Disable|Protect\n|move|p2b: Dondozo|Earthquake|p1b: Brrr|[spread] p1b\n|-miss|p2b: Dondozo|p2a: Tatsugiri\n|-immune|p1a: Turtella\n|-damage|p1b: Brrr|54\/100\n|move|p1a: Turtella|Moonblast|p2b: Dondozo\n|-damage|p2b: Dondozo|81\/100\n|\n|-weather|Snow|[upkeep]\n|-heal|p2b: Dondozo|87\/100|[from] item: Leftovers\n|upkeep\n|turn|8\n|\n|t:|1700221328\n|move|p1b: Brrr|Blizzard|p2b: Dondozo|[spread] p2b\n|-miss|p1b: Brrr|p2a: Tatsugiri\n|-resisted|p2b: Dondozo\n|-damage|p2b: Dondozo|83\/100\n|move|p2b: Dondozo|Substitute|p2b: Dondozo\n|-start|p2b: Dondozo|Substitute\n|-damage|p2b: Dondozo|58\/100\n|move|p1a: Turtella|Moonblast|p2b: Dondozo\n|-activate|p2b: Dondozo|move: Substitute|[damage]\n|\n|-weather|Snow|[upkeep]\n|-heal|p2b: Dondozo|64\/100|[from] item: Leftovers\n|upkeep\n|turn|9\n|\n|t:|1700221336\n|move|p1b: Brrr|Blizzard|p2b: Dondozo|[spread] p2b\n|-miss|p1b: Brrr|p2a: Tatsugiri\n|-resisted|p2b: Dondozo\n|-activate|p2b: Dondozo|move: Substitute|[damage]\n|move|p2b: Dondozo|Earthquake|p1a: Turtella|[spread] p1b\n|-miss|p2b: Dondozo|p2a: Tatsugiri\n|-immune|p1a: Turtella\n|-damage|p1b: Brrr|36\/100\n|move|p1a: Turtella|Moonblast|p2b: Dondozo\n|-end|p2b: Dondozo|Substitute\n|\n|-weather|none\n|-heal|p2b: Dondozo|70\/100|[from] item: Leftovers\n|upkeep\n|turn|10\n|\n|t:|1700221350\n|move|p1b: Brrr|Protect|p1b: Brrr\n|-singleturn|p1b: Brrr|Protect\n|move|p2b: Dondozo|Earthquake|p1b: Brrr|[spread] \n|-miss|p2b: Dondozo|p2a: Tatsugiri\n|-activate|p1b: Brrr|move: Protect\n|-immune|p1a: Turtella\n|move|p1a: Turtella|Dazzling Gleam|p2a: Tatsugiri|[spread] p2b\n|-miss|p1a: Turtella|p2a: Tatsugiri\n|-damage|p2b: Dondozo|59\/100\n|\n|-heal|p2b: Dondozo|65\/100|[from] item: Leftovers\n|-end|p2b: Dondozo|Disable\n|upkeep\n|turn|11\n|\n|t:|1700221368\n|move|p1b: Brrr|Disable|p2b: Dondozo\n|-start|p2b: Dondozo|Disable|Earthquake\n|cant|p2b: Dondozo|Disable|Earthquake\n|move|p1a: Turtella|Moonblast|p2b: Dondozo\n|-crit|p2b: Dondozo\n|-damage|p2b: Dondozo|14\/100\n|-unboost|p2b: Dondozo|spa|1\n|\n|-heal|p2b: Dondozo|20\/100|[from] item: Leftovers\n|upkeep\n|turn|12\n|\n|t:|1700221384\n|switch|p1b: Bzzt|Regieleki, L50|100\/100\n|move|p2b: Dondozo|Protect|p2b: Dondozo\n|-singleturn|p2b: Dondozo|Protect\n|move|p1a: Turtella|Moonblast|p2b: Dondozo\n|-activate|p2b: Dondozo|move: Protect\n|\n|-heal|p2b: Dondozo|27\/100|[from] item: Leftovers\n|-sideend|p1: Zap-n-Tap|move: Aurora Veil\n|upkeep\n|turn|13\n|inactive|ShockucA has 30 seconds left.\n|\n|t:|1700221413\n|-terastallize|p2b: Dondozo|Dragon\n|move|p1b: Bzzt|Thunderbolt|p2b: Dondozo\n|-resisted|p2b: Dondozo\n|-damage|p2b: Dondozo|17\/100\n|move|p2b: Dondozo|Order Up|p1b: Bzzt\n|-damage|p1b: Bzzt|1\/100\n|-boost|p2b: Dondozo|atk|1\n|move|p1a: Turtella|Dazzling Gleam|p2a: Tatsugiri|[spread] p2b\n|-miss|p1a: Turtella|p2a: Tatsugiri\n|-supereffective|p2b: Dondozo\n|-damage|p2b: Dondozo|0 fnt\n|faint|p2b: Dondozo\n|\n|upkeep\n|\n|t:|1700221424\n|switch|p2b: Chi-Yu|Chi-Yu, L50|3\/100\n|-ability|p2b: Chi-Yu|Beads of Ruin\n|turn|14\n|\n|t:|1700221442\n|move|p1b: Bzzt|Electroweb|p2b: Chi-Yu|[spread] p2a,p2b\n|-damage|p2a: Tatsugiri|56\/100\n|-damage|p2b: Chi-Yu|0 fnt\n|-unboost|p2a: Tatsugiri|spe|1\n|faint|p2b: Chi-Yu\n|move|p2a: Tatsugiri|Muddy Water|p1b: Bzzt|[spread] p1a,p1b\n|-damage|p1a: Turtella|0 fnt\n|-damage|p1b: Bzzt|0 fnt\n|faint|p1a: Turtella\n|faint|p1b: Bzzt\n|\n|upkeep\n|\n|t:|1700221451\n|switch|p1b: Brrr|Ninetales-Alola, L50, F|36\/100\n|-weather|Snow|[from] ability: Snow Warning|[of] p1b: Brrr\n|turn|15\n|\n|t:|1700221464\n|move|p1b: Brrr|Disable|p2a: Tatsugiri\n|-start|p2a: Tatsugiri|Disable|Muddy Water\n|cant|p2a: Tatsugiri|Disable|Muddy Water\n|\n|-weather|Snow|[upkeep]\n|upkeep\n|turn|16\n|\n|t:|1700221471\n|move|p1b: Brrr|Aurora Veil|p1b: Brrr\n|-sidestart|p1: Zap-n-Tap|move: Aurora Veil\n|-activate|p2a: Tatsugiri|move: Struggle\n|move|p2a: Tatsugiri|Struggle|p1b: Brrr\n|-crit|p1b: Brrr\n|-damage|p1b: Brrr|30\/100\n|-damage|p2a: Tatsugiri|31\/100|[from] recoil\n|\n|-weather|Snow|[upkeep]\n|upkeep\n|turn|17\n|-message|ShockucA forfeited.\n|\n|win|Zap-n-Tap\n|raw|Zap-n-Tap's rating: 1362 &rarr; <strong>1380<\/strong><br \/>(+18 for winning)\n|raw|ShockucA's rating: 1321 &rarr; <strong>1303<\/strong><br \/>(-18 for losing)\n|l|\u2606ShockucA\n","uploadtime":1700221480,"views":34,"p1id":"zapntap","p2id":"shockuca","formatid":"gen9vgc2023regulatione","rating":1303,"private":0,"password":""}