{"id":"gen9vgc2023regulatione-1999197023","p1":"zestyjoe","p2":"electricboogaloo12","format":"[Gen 9] VGC 2023 Regulation E","log":"|j|\u2606zestyjoe\n|j|\u203delectricboogaloo12\n|t:|1701044208\n|gametype|doubles\n|player|p1|zestyjoe|169|1509\n|player|p2|electricboogaloo12|cynthia|1553\n|teamsize|p1|6\n|teamsize|p2|6\n|gen|9\n|tier|[Gen 9] VGC 2023 Regulation E\n|rated|\n|rule|Species Clause: Limit one of each Pok\u00e9mon\n|rule|Item Clause: Limit one of each item\n|clearpoke\n|poke|p1|Urshifu-*, L50, M|\n|poke|p1|Gholdengo, L50|\n|poke|p1|Amoonguss, L50, M|\n|poke|p1|Farigiraf, L50, F|\n|poke|p1|Pelipper, L50, F|\n|poke|p1|Iron Hands, L50|\n|poke|p2|Gastrodon, L50, F|\n|poke|p2|Grimmsnarl, L50, M|\n|poke|p2|Articuno-Galar, L50|\n|poke|p2|Heatran, L50, M|\n|poke|p2|Raichu, L50, M|\n|poke|p2|Orthworm, L50, F|\n|teampreview|4\n|inactive|Battle timer is ON: inactive players will automatically lose when time's up. (requested by zestyjoe)\nzestyjoe has agreed to open team sheets.\n|j| buckmatic\n|inactive|zestyjoe has 60 seconds left.\n|j| LPSR\n|\n|t:|1701044250\n|start\n|switch|p1a: Iron Hands|Iron Hands, L50|100\/100\n|switch|p1b: Gholdengo|Gholdengo, L50|100\/100\n|switch|p2a: Grimmsnarl|Grimmsnarl, L50, M|100\/100\n|switch|p2b: Articuno|Articuno-Galar, L50|100\/100\n|turn|1\n|\n|t:|1701044262\n|move|p1a: Iron Hands|Fake Out|p2a: Grimmsnarl\n|-damage|p2a: Grimmsnarl|83\/100\n|move|p1b: Gholdengo|Make It Rain|p2a: Grimmsnarl|[spread] p2a,p2b\n|-supereffective|p2a: Grimmsnarl\n|-damage|p2a: Grimmsnarl|0 fnt\n|-damage|p2b: Articuno|54\/100\n|-unboost|p1b: Gholdengo|spa|1\n|faint|p2a: Grimmsnarl\n|move|p2b: Articuno|Trick Room|p2b: Articuno\n|-fieldstart|move: Trick Room|[of] p2b: Articuno\n|\n|upkeep\n|\n|t:|1701044273\n|switch|p2a: Gastrodon|Gastrodon, L50, F, shiny|100\/100\n|turn|2\n|inactive|zestyjoe has 30 seconds left.\n|\n|t:|1701044303\n|switch|p1b: Pelipper|Pelipper, L50, F|100\/100\n|-weather|RainDance|[from] ability: Drizzle|[of] p1b: Pelipper\n|-terastallize|p1a: Iron Hands|Grass\n|-terastallize|p2b: Articuno|Ground\n|move|p2a: Gastrodon|Earth Power|p1a: Iron Hands\n|-resisted|p1a: Iron Hands\n|-damage|p1a: Iron Hands|92\/100\n|move|p1a: Iron Hands|Wild Charge|p2b: Articuno\n|-immune|p2b: Articuno\n|move|p2b: Articuno|Freezing Glare|p1a: Iron Hands\n|-damage|p1a: Iron Hands|67\/100\n|\n|-weather|RainDance|[upkeep]\n|upkeep\n|turn|3\n|inactive|zestyjoe has 30 seconds left.\n|\n|t:|1701044329\n|move|p2a: Gastrodon|Ice Beam|p1a: Iron Hands\n|-supereffective|p1a: Iron Hands\n|-damage|p1a: Iron Hands|41\/100\n|move|p1a: Iron Hands|Drain Punch|p2b: Articuno\n|-damage|p2b: Articuno|10\/100\n|-heal|p1a: Iron Hands|58\/100|[from] drain|[of] p2b: Articuno\n|move|p2b: Articuno|Freezing Glare|p1b: Pelipper\n|-damage|p1b: Pelipper|16\/100\n|-status|p1b: Pelipper|frz\n|cant|p1b: Pelipper|frz\n|\n|-weather|RainDance|[upkeep]\n|upkeep\n|turn|4\n|\n|t:|1701044353\n|move|p2b: Articuno|Protect|p2b: Articuno\n|-singleturn|p2b: Articuno|Protect\n|move|p2a: Gastrodon|Yawn|p1a: Iron Hands\n|-start|p1a: Iron Hands|move: Yawn|[of] p2a: Gastrodon\n|move|p1a: Iron Hands|Drain Punch|p2b: Articuno\n|-activate|p2b: Articuno|move: Protect\n|cant|p1b: Pelipper|frz\n|\n|-weather|RainDance|[upkeep]\n|upkeep\n|turn|5\n|\n|t:|1701044363\n|-end|p1a: Iron Hands|Quark Drive|[silent]\n|switch|p1a: Gholdengo|Gholdengo, L50|100\/100\n|move|p2a: Gastrodon|Earth Power|p1a: Gholdengo\n|-supereffective|p1a: Gholdengo\n|-damage|p1a: Gholdengo|27\/100\n|move|p2b: Articuno|Freezing Glare|p1a: Gholdengo\n|-resisted|p1a: Gholdengo\n|-damage|p1a: Gholdengo|2\/100\n|cant|p1b: Pelipper|frz\n|\n|-weather|RainDance|[upkeep]\n|-fieldend|move: Trick Room\n|upkeep\n|turn|6\n|inactive|zestyjoe has 30 seconds left.\n|\n|t:|1701044396\n|move|p1a: Gholdengo|Protect|p1a: Gholdengo\n|-singleturn|p1a: Gholdengo|Protect\n|cant|p1b: Pelipper|frz\n|move|p2b: Articuno|Freezing Glare|p1a: Gholdengo\n|-activate|p1a: Gholdengo|move: Protect\n|move|p2a: Gastrodon|Ice Beam|p1b: Pelipper\n|-damage|p1b: Pelipper|0 fnt\n|faint|p1b: Pelipper\n|\n|-weather|none\n|upkeep\n|\n|t:|1701044404\n|switch|p1b: Iron Hands|Iron Hands, L50, tera:Grass|58\/100\n|turn|7\n|\n|t:|1701044422\n|move|p2b: Articuno|Protect|p2b: Articuno\n|-singleturn|p2b: Articuno|Protect\n|move|p1b: Iron Hands|Fake Out|p2a: Gastrodon\n|-damage|p2a: Gastrodon|85\/100\n|move|p1a: Gholdengo|Nasty Plot|p1a: Gholdengo\n|-boost|p1a: Gholdengo|spa|2\n|cant|p2a: Gastrodon|flinch\n|\n|upkeep\n|turn|8\n|\n|t:|1701044435\n|move|p1a: Gholdengo|Make It Rain|p2a: Gastrodon|[spread] p2a,p2b\n|-resisted|p2a: Gastrodon\n|-damage|p2a: Gastrodon|41\/100\n|-damage|p2b: Articuno|0 fnt\n|-unboost|p1a: Gholdengo|spa|1\n|-enditem|p2a: Gastrodon|Sitrus Berry|[eat]\n|-heal|p2a: Gastrodon|65\/100|[from] item: Sitrus Berry\n|faint|p2b: Articuno\n|move|p1b: Iron Hands|Drain Punch|p2a: Gastrodon\n|-crit|p2a: Gastrodon\n|-damage|p2a: Gastrodon|5\/100\n|-heal|p1b: Iron Hands|84\/100|[from] drain|[of] p2a: Gastrodon\n|move|p2a: Gastrodon|Ice Beam|p1a: Gholdengo\n|-resisted|p1a: Gholdengo\n|-damage|p1a: Gholdengo|0 fnt\n|faint|p1a: Gholdengo\n|\n|upkeep\n|\n|t:|1701044449\n|switch|p1a: Urshifu|Urshifu-Rapid-Strike, L50, M|100\/100\n|switch|p2b: Heatran|Heatran, L50, M|100\/100\n|turn|9\n|\n|t:|1701044460\n|move|p1a: Urshifu|Close Combat|p2b: Heatran\n|-supereffective|p2b: Heatran\n|-damage|p2b: Heatran|0 fnt\n|-unboost|p1a: Urshifu|def|1\n|-unboost|p1a: Urshifu|spd|1\n|faint|p2b: Heatran\n|move|p1b: Iron Hands|Drain Punch|p2a: Gastrodon\n|-damage|p2a: Gastrodon|0 fnt\n|-heal|p1b: Iron Hands|86\/100|[from] drain|[of] p2a: Gastrodon\n|faint|p2a: Gastrodon\n|\n|win|zestyjoe\n|raw|zestyjoe's rating: 1509 &rarr; <strong>1532<\/strong><br \/>(+23 for winning)\n|raw|electricboogaloo12's rating: 1553 &rarr; <strong>1530<\/strong><br \/>(-23 for losing)\n|l|\u203delectricboogaloo12\n","uploadtime":1701044471,"views":10,"p1id":"zestyjoe","p2id":"electricboogaloo12","formatid":"gen9vgc2023regulatione","rating":1530,"private":0,"password":""}