{"id":"gen9vgc2023regulatione-1988133259","p1":"yungsmitty","p2":"n1cholas212","format":"[Gen 9] VGC 2023 Regulation E","log":"|j|\u2606yungsmitty\n|j|\u2606n1cholas212\n|t:|1699673725\n|gametype|doubles\n|player|p1|yungsmitty|medium|1268\n|player|p2|n1cholas212|volkner|1208\n|teamsize|p1|6\n|teamsize|p2|6\n|gen|9\n|tier|[Gen 9] VGC 2023 Regulation E\n|rated|\n|rule|Species Clause: Limit one of each Pok\u00e9mon\n|rule|Item Clause: Limit one of each item\n|clearpoke\n|poke|p1|Politoed, L50, M|\n|poke|p1|Kingambit, L50, F|\n|poke|p1|Landorus, L50, M|\n|poke|p1|Zapdos, L50|\n|poke|p1|Rillaboom, L50, F|\n|poke|p1|Ogerpon-Wellspring, L50, F|\n|poke|p2|Iron Hands, L50|\n|poke|p2|Iron Bundle, L50|\n|poke|p2|Sneasler, L50, F|\n|poke|p2|Regieleki, L50|\n|poke|p2|Chi-Yu, L50|\n|poke|p2|Flutter Mane, L50|\n|teampreview|4\n|inactive|Battle timer is ON: inactive players will automatically lose when time's up. (requested by n1cholas212)\n|\n|t:|1699673752\n|start\n|switch|p1a: Rillaboom|Rillaboom, L50, F|100\/100\n|switch|p1b: Ogerpon|Ogerpon-Wellspring, L50, F|100\/100\n|switch|p2a: Regieleki|Regieleki, L50|100\/100\n|switch|p2b: Iron Hands|Iron Hands, L50|100\/100\n|-fieldstart|move: Grassy Terrain|[from] ability: Grassy Surge|[of] p1a: Rillaboom\n|turn|1\n|inactive|yungsmitty has 30 seconds left.\n|\n|t:|1699673783\n|move|p1b: Ogerpon|Spiky Shield|p1b: Ogerpon\n|-singleturn|p1b: Ogerpon|move: Protect\n|move|p1a: Rillaboom|Fake Out|p2a: Regieleki\n|-damage|p2a: Regieleki|73\/100\n|move|p2b: Iron Hands|Fake Out|p1b: Ogerpon\n|-activate|p1b: Ogerpon|move: Protect\n|-damage|p2b: Iron Hands|88\/100|[from] Spiky Shield|[of] p1b: Ogerpon\n|cant|p2a: Regieleki|flinch\n|\n|-heal|p2a: Regieleki|79\/100|[from] Grassy Terrain\n|-heal|p2b: Iron Hands|94\/100|[from] Grassy Terrain\n|upkeep\n|turn|2\n|\n|t:|1699673806\n|move|p1a: Rillaboom|Grassy Glide|p2a: Regieleki\n|-damage|p2a: Regieleki|0 fnt\n|faint|p2a: Regieleki\n|move|p1b: Ogerpon|Swords Dance|p1b: Ogerpon\n|-boost|p1b: Ogerpon|atk|2\n|move|p2b: Iron Hands|Wild Charge|p1b: Ogerpon\n|-damage|p1b: Ogerpon|35\/100\n|-damage|p2b: Iron Hands|84\/100|[from] Recoil\n|\n|-heal|p1b: Ogerpon|41\/100|[from] Grassy Terrain\n|-heal|p2b: Iron Hands|90\/100|[from] Grassy Terrain\n|upkeep\n|\n|t:|1699673825\n|switch|p2a: Sneasler|Sneasler, L50, F|100\/100\n|turn|3\n|\n|t:|1699673836\n|move|p1b: Ogerpon|Spiky Shield|p1b: Ogerpon\n|-singleturn|p1b: Ogerpon|move: Protect\n|move|p2a: Sneasler|Dire Claw|p1a: Rillaboom\n|-supereffective|p1a: Rillaboom\n|-damage|p1a: Rillaboom|14\/100\n|-status|p1a: Rillaboom|par\n|move|p2b: Iron Hands|Drain Punch|p1b: Ogerpon\n|-activate|p1b: Ogerpon|move: Protect\n|-damage|p2b: Iron Hands|78\/100|[from] Spiky Shield|[of] p1b: Ogerpon\n|move|p1a: Rillaboom|Stomping Tantrum|p2a: Sneasler\n|-supereffective|p2a: Sneasler\n|-damage|p2a: Sneasler|26\/100\n|\n|-heal|p1b: Ogerpon|47\/100|[from] Grassy Terrain\n|-heal|p2a: Sneasler|32\/100|[from] Grassy Terrain\n|-heal|p2b: Iron Hands|84\/100|[from] Grassy Terrain\n|-heal|p1a: Rillaboom|20\/100 par|[from] Grassy Terrain\n|upkeep\n|turn|4\n|inactive|yungsmitty has 30 seconds left.\n|\n|t:|1699673869\n|move|p2a: Sneasler|Protect|p2a: Sneasler\n|-singleturn|p2a: Sneasler|Protect\n|move|p1a: Rillaboom|Grassy Glide|p2a: Sneasler\n|-activate|p2a: Sneasler|move: Protect\n|move|p1b: Ogerpon|Ivy Cudgel|p2b: Iron Hands\n|-damage|p2b: Iron Hands|17\/100\n|move|p2b: Iron Hands|Drain Punch|p1b: Ogerpon\n|-damage|p1b: Ogerpon|0 fnt\n|-heal|p2b: Iron Hands|32\/100|[from] drain|[of] p1b: Ogerpon\n|faint|p1b: Ogerpon\n|\n|-heal|p2a: Sneasler|37\/100|[from] Grassy Terrain\n|-heal|p2b: Iron Hands|38\/100|[from] Grassy Terrain\n|-heal|p1a: Rillaboom|26\/100 par|[from] Grassy Terrain\n|upkeep\n|\n|t:|1699673891\n|switch|p1b: Politoed|Politoed, L50, M|100\/100\n|-weather|RainDance|[from] ability: Drizzle|[of] p1b: Politoed\n|turn|5\n|inactive|yungsmitty has 30 seconds left.\n|inactive|n1cholas212 has 30 seconds left.\n|inactive|n1cholas212 has 20 seconds left.\n|inactive|n1cholas212 has 15 seconds left.\n|inactive|yungsmitty has 20 seconds left.\n|inactive|yungsmitty has 15 seconds left.\n|inactive|yungsmitty has 10 seconds left.\n|\n|t:|1699673951\n|move|p1b: Politoed|Helping Hand|p1a: Rillaboom\n|-singleturn|p1a: Rillaboom|Helping Hand|[of] p1b: Politoed\n|move|p1a: Rillaboom|Grassy Glide|p2a: Sneasler\n|-resisted|p2a: Sneasler\n|-damage|p2a: Sneasler|2\/100\n|move|p2a: Sneasler|Dire Claw|p1a: Rillaboom\n|-supereffective|p1a: Rillaboom\n|-damage|p1a: Rillaboom|0 fnt\n|faint|p1a: Rillaboom\n|move|p2b: Iron Hands|Wild Charge|p1b: Politoed\n|-supereffective|p1b: Politoed\n|-damage|p1b: Politoed|16\/100\n|-enditem|p1b: Politoed|Aguav Berry|[eat]\n|-heal|p1b: Politoed|49\/100|[from] item: Aguav Berry\n|-damage|p2b: Iron Hands|23\/100|[from] Recoil\n|\n|-weather|RainDance|[upkeep]\n|-heal|p2a: Sneasler|7\/100|[from] Grassy Terrain\n|-heal|p1b: Politoed|55\/100|[from] Grassy Terrain\n|-heal|p2b: Iron Hands|29\/100|[from] Grassy Terrain\n|-fieldend|move: Grassy Terrain\n|upkeep\n|\n|t:|1699673971\n|switch|p1a: Landorus|Landorus, L50, M|100\/100\n|turn|6\n|\n|t:|1699673989\n|-terastallize|p2b: Iron Hands|Fighting\n|move|p2a: Sneasler|Protect|p2a: Sneasler\n|-singleturn|p2a: Sneasler|Protect\n|move|p1b: Politoed|Protect|p1b: Politoed\n|-singleturn|p1b: Politoed|Protect\n|move|p1a: Landorus|Sandsear Storm|p2b: Iron Hands|[spread] p2b\n|-activate|p2a: Sneasler|move: Protect\n|-crit|p2b: Iron Hands\n|-damage|p2b: Iron Hands|0 fnt\n|faint|p2b: Iron Hands\n|-end|p2b: Iron Hands|Quark Drive|[silent]\n|\n|-weather|RainDance|[upkeep]\n|upkeep\n|\n|t:|1699674002\n|switch|p2b: Iron Bundle|Iron Bundle, L50|100\/100\n|turn|7\n|\n|t:|1699674019\n|move|p1a: Landorus|Protect|p1a: Landorus\n|-singleturn|p1a: Landorus|Protect\n|move|p2b: Iron Bundle|Freeze-Dry|p1a: Landorus\n|-activate|p1a: Landorus|move: Protect\n|move|p2a: Sneasler|Close Combat|p1b: Politoed\n|-damage|p1b: Politoed|1\/100\n|-unboost|p2a: Sneasler|def|1\n|-unboost|p2a: Sneasler|spd|1\n|move|p1b: Politoed|Icy Wind|p2b: Iron Bundle|[spread] p2a,p2b\n|-crit|p2a: Sneasler\n|-resisted|p2b: Iron Bundle\n|-damage|p2a: Sneasler|0 fnt\n|-damage|p2b: Iron Bundle|96\/100\n|-unboost|p2b: Iron Bundle|spe|1\n|faint|p2a: Sneasler\n|\n|-weather|RainDance|[upkeep]\n|upkeep\n|turn|8\n|\n|t:|1699674043\n|move|p1b: Politoed|Helping Hand|p1a: Landorus\n|-singleturn|p1a: Landorus|Helping Hand|[of] p1b: Politoed\n|move|p1a: Landorus|Sandsear Storm|p2b: Iron Bundle\n|-damage|p2b: Iron Bundle|0 fnt\n|faint|p2b: Iron Bundle\n|-end|p2b: Iron Bundle|Quark Drive|[silent]\n|\n|win|yungsmitty\n|raw|yungsmitty's rating: 1268 &rarr; <strong>1289<\/strong><br \/>(+21 for winning)\n|raw|n1cholas212's rating: 1208 &rarr; <strong>1187<\/strong><br \/>(-21 for losing)\n|l|\u2606n1cholas212\n","uploadtime":1699674055,"views":48,"p1id":"yungsmitty","p2id":"n1cholas212","formatid":"gen9vgc2023regulatione","rating":1187,"private":0,"password":""}