{"id":"gen9vgc2023regulatione-1993518645","p1":"LuckyLyrical","p2":"eltlxee","format":"[Gen 9] VGC 2023 Regulation E","log":"|j|\u2606LuckyLyrical\n|j|\u2606eltlxee\n|n|\u2606LuckyLyrical|luckylyrical\n|n|\u2606eltlxee|eltlxee\n|html|View the match progress at <a href=\"\/game-bestof3-gen9vgc2023regulatione-1993518644\">game-bestof3-gen9vgc2023regulatione-1993518644<\/a>\n|t:|1700327284\n|gametype|doubles\n|player|p1|LuckyLyrical|brawly|\n|player|p2|eltlxee|265|\n|teamsize|p1|6\n|teamsize|p2|6\n|gen|9\n|tier|[Gen 9] VGC 2023 Regulation E\n|rule|Species Clause: Limit one of each Pok\u00e9mon\n|rule|Item Clause: Limit one of each item\n|clearpoke\n|poke|p1|Flutter Mane, L50|\n|poke|p1|Kommo-o, L50, M|\n|poke|p1|Torterra, L50, M|\n|poke|p1|Clefairy, L50, M|\n|poke|p1|Volcarona, L50, F|\n|poke|p1|Volbeat, L50, M|\n|poke|p2|Urshifu-*, L50, M|\n|poke|p2|Thundurus-Therian, L50, M|\n|poke|p2|Politoed, L50, M|\n|poke|p2|Brambleghast, L50, M|\n|poke|p2|Gardevoir, L50, M|\n|poke|p2|Tornadus, L50, M|\n|teampreview|4\neltlxee rejected open team sheets.\n|c|\u2606eltlxee|https:\/\/pokepast.es\/8d8117a7597234bd\n|c|\u2606LuckyLyrical|https:\/\/pokepast.es\/406c9dfa4696b563\n|c|\u2606LuckyLyrical|Mind playing without timer? My first time in a tournament\n|c|\u2606eltlxee|yeah that's fine, i need to go to lunch with my family tho so i cant take too long\n|\n|t:|1700327478\n|start\n|switch|p1a: Flutter Mane|Flutter Mane, L50|100\/100\n|switch|p1b: Volbeat|Volbeat, L50, M|100\/100\n|switch|p2a: force|Tornadus, L50, M, shiny|100\/100\n|switch|p2b: \u707e\u7978|Urshifu-Rapid-Strike, L50, M|100\/100\n|-enditem|p1a: Flutter Mane|Booster Energy\n|-activate|p1a: Flutter Mane|ability: Protosynthesis|[fromitem]\n|-start|p1a: Flutter Mane|protosynthesisspe\n|turn|1\n|\n|t:|1700327518\n|switch|p2b: frog|Politoed, L50, M|100\/100\n|-weather|RainDance|[from] ability: Drizzle|[of] p2b: frog\n|move|p2a: force|Taunt|p1b: Volbeat\n|-start|p1b: Volbeat|move: Taunt\n|cant|p1b: Volbeat|move: Taunt|Tailwind\n|move|p1a: Flutter Mane|Moonblast|p2b: frog\n|-damage|p2b: frog|62\/100\n|\n|-weather|RainDance|[upkeep]\n|upkeep\n|turn|2\n|\n|t:|1700327560\n|switch|p1b: Kommo-o|Kommo-o, L50, M|100\/100\n|move|p2b: frog|Helping Hand|p2a: force\n|-singleturn|p2a: force|Helping Hand|[of] p2b: frog\n|move|p1a: Flutter Mane|Dazzling Gleam|p2a: force|[spread] p2a,p2b\n|-damage|p2a: force|56\/100\n|-damage|p2b: frog|39\/100\n|move|p2a: force|Bleakwind Storm|p1b: Kommo-o|[spread] p1a,p1b\n|-supereffective|p1b: Kommo-o\n|-damage|p1a: Flutter Mane|33\/100\n|-damage|p1b: Kommo-o|0 fnt\n|faint|p1b: Kommo-o\n|\n|-weather|RainDance|[upkeep]\n|upkeep\n|\n|t:|1700327572\n|switch|p1b: Torterra|Torterra, L50, M|100\/100\n|turn|3\n|\n|t:|1700327617\n|-terastallize|p1b: Torterra|Steel\n|move|p2a: force|Tailwind|p2a: force\n|-sidestart|p2: eltlxee|move: Tailwind\n|move|p1a: Flutter Mane|Moonblast|p2a: force\n|-damage|p2a: force|0 fnt\n|faint|p2a: force\n|move|p2b: frog|Icy Wind|p1b: Torterra|[spread] p1a,p1b\n|-resisted|p1b: Torterra\n|-damage|p1a: Flutter Mane|24\/100\n|-damage|p1b: Torterra|96\/100\n|-unboost|p1a: Flutter Mane|spe|1\n|-unboost|p1b: Torterra|spe|1\n|move|p1b: Torterra|Bullet Seed|p2b: frog\n|-supereffective|p2b: frog\n|-damage|p2b: frog|14\/100\n|-supereffective|p2b: frog\n|-damage|p2b: frog|0 fnt\n|faint|p2b: frog\n|-hitcount|p2: frog|2\n|\n|-weather|RainDance|[upkeep]\n|upkeep\n|\n|t:|1700327639\n|switch|p2a: \u707e\u7978|Urshifu-Rapid-Strike, L50, M|100\/100\n|switch|p2b: strike|Thundurus-Therian, L50, M|100\/100\n|turn|4\n|\n|t:|1700327672\n|switch|p1b: Volbeat|Volbeat, L50, M|100\/100\n|move|p1a: Flutter Mane|Protect|p1a: Flutter Mane\n|-singleturn|p1a: Flutter Mane|Protect\n|move|p2a: \u707e\u7978|Surging Strikes|p1b: Volbeat\n|-crit|p1b: Volbeat\n|-damage|p1b: Volbeat|57\/100\n|-crit|p1b: Volbeat\n|-damage|p1b: Volbeat|12\/100\n|-crit|p1b: Volbeat\n|-damage|p1b: Volbeat|0 fnt\n|faint|p1b: Volbeat\n|-hitcount|p1: Volbeat|3\n|move|p2b: strike|Wildbolt Storm|p1a: Flutter Mane\n|-activate|p1a: Flutter Mane|move: Protect\n|\n|-weather|RainDance|[upkeep]\n|upkeep\n|\n|t:|1700327690\n|switch|p1b: Torterra|Torterra, L50, M, tera:Steel|96\/100\n|turn|5\n|\n|t:|1700327724\n|move|p1a: Flutter Mane|Protect|p1a: Flutter Mane\n|-singleturn|p1a: Flutter Mane|Protect\n|move|p2a: \u707e\u7978|Surging Strikes|p1b: Torterra\n|-damage|p1b: Torterra|78\/100\n|-damage|p1b: Torterra|58\/100\n|-damage|p1b: Torterra|41\/100\n|-hitcount|p1b: Torterra|3\n|move|p2b: strike|Wildbolt Storm|p1a: Flutter Mane|[spread] p1b\n|-activate|p1a: Flutter Mane|move: Protect\n|-damage|p1b: Torterra|0 fnt\n|faint|p1b: Torterra\n|-damage|p2b: strike|91\/100|[from] item: Life Orb\n|\n|-weather|RainDance|[upkeep]\n|upkeep\n|turn|6\n|\n|t:|1700327745\n|move|p2a: \u707e\u7978|Surging Strikes|p1a: Flutter Mane\n|-crit|p1a: Flutter Mane\n|-damage|p1a: Flutter Mane|0 fnt\n|faint|p1a: Flutter Mane\n|-end|p1a: Flutter Mane|Protosynthesis|[silent]\n|-hitcount|p1: Flutter Mane|1\n|\n|win|eltlxee\n|c|&|\/uhtml prompt-eltlxee,eltlxee is ready for game 2!\n|c|&|\/uhtml prompt-luckylyrical,LuckyLyrical is ready for game 2!\nBoth players are ready! Starting next match!\n","uploadtime":1700328666,"views":11,"p1id":"luckylyrical","p2id":"eltlxee","formatid":"gen9vgc2023regulatione","rating":0,"private":0,"password":""}