{"id":"gen9vgc2023regulatione-1998435276","p1":"Johnboge","p2":"asdfasdfasdg","format":"[Gen 9] VGC 2023 Regulation E","log":"|j|\u2606Johnboge\n|j|\u2606asdfasdfasdg\n|t:|1700942001\n|gametype|doubles\n|player|p1|Johnboge|265|1064\n|player|p2|asdfasdfasdg|unknown|1149\n|teamsize|p1|6\n|teamsize|p2|6\n|gen|9\n|tier|[Gen 9] VGC 2023 Regulation E\n|rated|\n|rule|Species Clause: Limit one of each Pok\u00e9mon\n|rule|Item Clause: Limit one of each item\n|clearpoke\n|poke|p1|Weezing-Galar, L50, F|\n|poke|p1|Sinistcha, L50|\n|poke|p1|Slaking, L50, M|\n|poke|p1|Flutter Mane, L50|\n|poke|p1|Ursaluna-Bloodmoon, L50, M|\n|poke|p1|Oranguru, L50, M|\n|poke|p2|Farigiraf, L50, M|\n|poke|p2|Iron Hands, L50|\n|poke|p2|Ursaluna-Bloodmoon, L50, M|\n|poke|p2|Tornadus, L50, M|\n|poke|p2|Ogerpon-Wellspring, L50, F|\n|poke|p2|Chi-Yu, L50|\n|teampreview|4\n|inactive|Battle timer is ON: inactive players will automatically lose when time's up. (requested by asdfasdfasdg)\n|inactive|asdfasdfasdg has 60 seconds left.\n|c|\u2606Johnboge|You will lose\n|\n|t:|1700942037\n|start\n|switch|p1a: Weezing|Weezing-Galar, L50, F|100\/100\n|switch|p1b: Slaking|Slaking, L50, M|100\/100\n|switch|p2a: Ogerpon|Ogerpon-Wellspring, L50, F|100\/100\n|switch|p2b: Tornadus|Tornadus, L50, M|100\/100\n|-ability|p1a: Weezing|Neutralizing Gas\n|turn|1\n|\n|t:|1700942055\n|move|p2b: Tornadus|Protect|p2b: Tornadus\n|-singleturn|p2b: Tornadus|Protect\n|move|p2a: Ogerpon|Spiky Shield|p2a: Ogerpon\n|-singleturn|p2a: Ogerpon|move: Protect\n|move|p1b: Slaking|Protect|p1b: Slaking\n|-singleturn|p1b: Slaking|Protect\n|move|p1a: Weezing|Protect||[still]\n|-fail|p1a: Weezing\n|\n|-status|p1b: Slaking|tox|[from] item: Toxic Orb\n|upkeep\n|turn|2\n|inactive|Johnboge has 30 seconds left.\n|inactive|asdfasdfasdg has 30 seconds left.\n|inactive|asdfasdfasdg has 20 seconds left.\n|inactive|asdfasdfasdg has 15 seconds left.\n|inactive|asdfasdfasdg has 10 seconds left.\n|inactive|asdfasdfasdg has 5 seconds left.\n|\n|t:|1700942130\n|-terastallize|p1b: Slaking|Normal\n|move|p2b: Tornadus|Protect||[still]\n|-fail|p2b: Tornadus\n|move|p2a: Ogerpon|Spiky Shield||[still]\n|-fail|p2a: Ogerpon\n|move|p1b: Slaking|Facade|p2a: Ogerpon\n|-damage|p2a: Ogerpon|0 fnt\n|faint|p2a: Ogerpon\n|move|p1a: Weezing|Sludge Bomb|p2b: Tornadus\n|-crit|p2b: Tornadus\n|-damage|p2b: Tornadus|56\/100\n|\n|-damage|p1b: Slaking|94\/100 tox|[from] psn\n|upkeep\n|\n|t:|1700942133\n|switch|p2a: Iron Hands|Iron Hands, L50|100\/100\n|turn|3\n|inactive|Johnboge has 30 seconds left.\n|\n|t:|1700942166\n|move|p1a: Weezing|Protect|p1a: Weezing\n|-singleturn|p1a: Weezing|Protect\n|move|p2a: Iron Hands|Fake Out|p1b: Slaking\n|-damage|p1b: Slaking|84\/100 tox\n|move|p2b: Tornadus|Taunt|p1b: Slaking\n|-start|p1b: Slaking|move: Taunt\n|cant|p1b: Slaking|flinch\n|\n|-damage|p1b: Slaking|71\/100 tox|[from] psn\n|upkeep\n|turn|4\n|\n|t:|1700942188\n|-terastallize|p2a: Iron Hands|Water\n|move|p2b: Tornadus|Bleakwind Storm|p1a: Weezing|[spread] p1a,p1b\n|-damage|p1a: Weezing|53\/100\n|-damage|p1b: Slaking|43\/100 tox\n|move|p1b: Slaking|Facade|p2b: Tornadus\n|-damage|p2b: Tornadus|0 fnt\n|faint|p2b: Tornadus\n|move|p1a: Weezing|Sludge Bomb|p2a: Iron Hands\n|-damage|p2a: Iron Hands|86\/100\n|move|p2a: Iron Hands|Drain Punch|p1b: Slaking\n|-supereffective|p1b: Slaking\n|-damage|p1b: Slaking|0 fnt\n|-heal|p2a: Iron Hands|100\/100|[from] drain|[of] p1b: Slaking\n|faint|p1b: Slaking\n|\n|upkeep\n|\n|t:|1700942209\n|switch|p2b: Chi-Yu|Chi-Yu, L50|100\/100\n|switch|p1b: Flutter Mane|Flutter Mane, L50|100\/100\n|-enditem|p1b: Flutter Mane|Booster Energy\n|-activate|p1b: Flutter Mane|ability: Protosynthesis|[fromitem]\n|-start|p1b: Flutter Mane|protosynthesisspe\n|turn|5\n|\n|t:|1700942225\n|move|p2b: Chi-Yu|Protect|p2b: Chi-Yu\n|-singleturn|p2b: Chi-Yu|Protect\n|move|p1a: Weezing|Protect|p1a: Weezing\n|-singleturn|p1a: Weezing|Protect\n|move|p1b: Flutter Mane|Shadow Ball|p2b: Chi-Yu\n|-activate|p2b: Chi-Yu|move: Protect\n|move|p2a: Iron Hands|Heavy Slam|p1b: Flutter Mane\n|-supereffective|p1b: Flutter Mane\n|-damage|p1b: Flutter Mane|0 fnt\n|faint|p1b: Flutter Mane\n|-end|p1b: Flutter Mane|Protosynthesis|[silent]\n|\n|upkeep\n|\n|t:|1700942240\n|switch|p1b: Sinistcha|Sinistcha, L50|100\/100\n|turn|6\n|n|\u2606asdfasdfasdg|asdfasdfasdg\n|\n|t:|1700942258\n|move|p1a: Weezing|Endure|p1a: Weezing\n|-singleturn|p1a: Weezing|move: Endure\n|move|p2b: Chi-Yu|Heat Wave|p1b: Sinistcha|[spread] p1a,p1b\n|-supereffective|p1b: Sinistcha\n|-activate|p1a: Weezing|move: Endure\n|-damage|p1a: Weezing|1\/100\n|-damage|p1b: Sinistcha|3\/100\n|-status|p1a: Weezing|brn\n|-enditem|p1a: Weezing|Sitrus Berry|[eat]\n|-heal|p1a: Weezing|26\/100 brn|[from] item: Sitrus Berry\n|-damage|p2b: Chi-Yu|91\/100|[from] item: Life Orb\n|move|p1b: Sinistcha|Matcha Gotcha|p2a: Iron Hands|[spread] p2a,p2b\n|-supereffective|p2a: Iron Hands\n|-resisted|p2b: Chi-Yu\n|-damage|p2a: Iron Hands|70\/100\n|-heal|p1b: Sinistcha|29\/100|[from] drain|[of] p2a: Iron Hands\n|-damage|p2b: Chi-Yu|75\/100\n|-heal|p1b: Sinistcha|36\/100|[from] drain|[of] p2b: Chi-Yu\n|move|p2a: Iron Hands|Heavy Slam|p1a: Weezing\n|-supereffective|p1a: Weezing\n|-activate|p1a: Weezing|move: Endure\n|-damage|p1a: Weezing|1\/100 brn\n|\n|-damage|p1a: Weezing|0 fnt|[from] brn\n|faint|p1a: Weezing\n|-end|p1a: Weezing|ability: Neutralizing Gas\n|-ability|p2b: Chi-Yu|Beads of Ruin\n|upkeep\n|turn|7\n|c|\u2606asdfasdfasdg|sorry what was that about losing?\n|inactive|Johnboge has 30 seconds left.\n|inactive|asdfasdfasdg has 30 seconds left.\n|-message|Johnboge forfeited.\n|\n|win|asdfasdfasdg\n|raw|Johnboge's rating: 1064 &rarr; <strong>1049<\/strong><br \/>(-15 for losing)\n|raw|asdfasdfasdg's rating: 1149 &rarr; <strong>1168<\/strong><br \/>(+19 for winning)\n|l|\u2606Johnboge\n","uploadtime":1700942301,"views":11,"p1id":"johnboge","p2id":"asdfasdfasdg","formatid":"gen9vgc2023regulatione","rating":1049,"private":0,"password":""}