{"id":"gen9vgc2023regulatione-1998502243","p1":"NDUTS Shrimp","p2":"lincm_28","format":"[Gen 9] VGC 2023 Regulation E","log":"|j|\u2606NDUTS Shrimp\n|j|\u2606lincm_28\n|t:|1700949584\n|gametype|doubles\n|player|p1|NDUTS Shrimp|ltsurge|1367\n|player|p2|lincm_28|266|1266\n|teamsize|p1|6\n|teamsize|p2|6\n|gen|9\n|tier|[Gen 9] VGC 2023 Regulation E\n|rated|\n|rule|Species Clause: Limit one of each Pok\u00e9mon\n|rule|Item Clause: Limit one of each item\n|clearpoke\n|poke|p1|Tornadus, L50, M|\n|poke|p1|Heatran, L50, M|\n|poke|p1|Amoonguss, L50, M|\n|poke|p1|Conkeldurr, L50, M|\n|poke|p1|Landorus-Therian, L50, M|\n|poke|p1|Rotom-Wash, L50|\n|poke|p2|Tornadus, L50, M|\n|poke|p2|Rillaboom, L50, M|\n|poke|p2|Urshifu-*, L50, M|\n|poke|p2|Arcanine-Hisui, L50, M|\n|poke|p2|Flutter Mane, L50|\n|poke|p2|Iron Hands, L50|\n|teampreview|4\n|inactive|Battle timer is ON: inactive players will automatically lose when time's up. (requested by lincm_28)\n|\n|t:|1700949629\n|start\n|switch|p1a: Heatran|Heatran, L50, M|100\/100\n|switch|p1b: Amoonguss|Amoonguss, L50, M|100\/100\n|switch|p2a: Rillaboom|Rillaboom, L50, M|100\/100\n|switch|p2b: Flutter Mane|Flutter Mane, L50|100\/100\n|-fieldstart|move: Grassy Terrain|[from] ability: Grassy Surge|[of] p2a: Rillaboom\n|turn|1\n|\n|t:|1700949651\n|-end|p2b: Flutter Mane|Protosynthesis|[silent]\n|switch|p2b: Iron Hands|Iron Hands, L50|100\/100\n|move|p2a: Rillaboom|Fake Out|p1a: Heatran\n|-resisted|p1a: Heatran\n|-damage|p1a: Heatran|94\/100\n|cant|p1a: Heatran|flinch\n|move|p1b: Amoonguss|Spore|p2b: Iron Hands\n|-status|p2b: Iron Hands|slp|[from] move: Spore\n|\n|-heal|p1a: Heatran|99\/100|[from] Grassy Terrain\n|-heal|p1a: Heatran|100\/100|[from] item: Leftovers\n|upkeep\n|turn|2\n|inactive|NDUTS Shrimp has 30 seconds left.\n|\n|t:|1700949677\n|-terastallize|p2b: Iron Hands|Water\n|move|p1a: Heatran|Substitute|p1a: Heatran\n|-start|p1a: Heatran|Substitute\n|-damage|p1a: Heatran|76\/100\n|move|p2a: Rillaboom|U-turn|p1b: Amoonguss\n|-damage|p1b: Amoonguss|79\/100\n|\n|t:|1700949685\n|switch|p2a: Flutter Mane|Flutter Mane, L50|100\/100|[from] U-turn\n|cant|p2b: Iron Hands|slp\n|move|p1b: Amoonguss|Pollen Puff|p2a: Flutter Mane\n|-resisted|p2a: Flutter Mane\n|-damage|p2a: Flutter Mane|97\/100\n|\n|-heal|p2a: Flutter Mane|100\/100|[from] Grassy Terrain\n|-heal|p1a: Heatran|82\/100|[from] Grassy Terrain\n|-heal|p1a: Heatran|88\/100|[from] item: Leftovers\n|-heal|p1b: Amoonguss|85\/100|[from] Grassy Terrain\n|upkeep\n|turn|3\n|\n|t:|1700949705\n|move|p1a: Heatran|Protect|p1a: Heatran\n|-singleturn|p1a: Heatran|Protect\n|move|p2a: Flutter Mane|Dazzling Gleam|p1b: Amoonguss|[spread] p1b\n|-activate|p1a: Heatran|move: Protect\n|-resisted|p1b: Amoonguss\n|-damage|p1b: Amoonguss|68\/100\n|cant|p2b: Iron Hands|slp\n|move|p1b: Amoonguss|Spore|p2a: Flutter Mane\n|-status|p2a: Flutter Mane|slp|[from] move: Spore\n|\n|-heal|p1a: Heatran|94\/100|[from] Grassy Terrain\n|-heal|p1a: Heatran|100\/100|[from] item: Leftovers\n|-heal|p1b: Amoonguss|74\/100|[from] Grassy Terrain\n|upkeep\n|turn|4\n|\n|t:|1700949729\n|cant|p2a: Flutter Mane|slp\n|move|p1a: Heatran|Heat Wave|p2b: Iron Hands|[spread] p2a,p2b\n|-resisted|p2b: Iron Hands\n|-damage|p2a: Flutter Mane|74\/100 slp\n|-damage|p2b: Iron Hands|92\/100 slp\n|-curestatus|p2b: Iron Hands|slp|[msg]\n|move|p2b: Iron Hands|Heavy Slam|p1b: Amoonguss\n|-damage|p1b: Amoonguss|37\/100\n|-enditem|p1b: Amoonguss|Sitrus Berry|[eat]\n|-heal|p1b: Amoonguss|62\/100|[from] item: Sitrus Berry\n|move|p1b: Amoonguss|Leaf Storm|p2b: Iron Hands\n|-supereffective|p2b: Iron Hands\n|-damage|p2b: Iron Hands|40\/100\n|-unboost|p1b: Amoonguss|spa|2\n|\n|-heal|p2a: Flutter Mane|79\/100 slp|[from] Grassy Terrain\n|-heal|p2b: Iron Hands|46\/100|[from] Grassy Terrain\n|-heal|p1b: Amoonguss|68\/100|[from] Grassy Terrain\n|upkeep\n|turn|5\n|inactive|lincm_28 has 30 seconds left.\n|\n|t:|1700949756\n|-end|p2a: Flutter Mane|Protosynthesis|[silent]\n|switch|p2a: Rillaboom|Rillaboom, L50, M|100\/100\n|switch|p1b: Landorus|Landorus-Therian, L50, M|100\/100\n|-ability|p1b: Landorus|Intimidate|boost\n|-unboost|p2a: Rillaboom|atk|1\n|-unboost|p2b: Iron Hands|atk|1\n|move|p1a: Heatran|Heat Wave|p2a: Rillaboom|[spread] p2b\n|-miss|p1a: Heatran|p2a: Rillaboom\n|-resisted|p2b: Iron Hands\n|-damage|p2b: Iron Hands|38\/100\n|move|p2b: Iron Hands|Heavy Slam|p1b: Landorus\n|-damage|p1b: Landorus|64\/100\n|\n|-heal|p2b: Iron Hands|44\/100|[from] Grassy Terrain\n|-fieldend|move: Grassy Terrain\n|upkeep\n|turn|6\n|\n|t:|1700949776\n|move|p1a: Heatran|Heat Wave|p2b: Iron Hands|[spread] p2a,p2b\n|-supereffective|p2a: Rillaboom\n|-resisted|p2b: Iron Hands\n|-damage|p2a: Rillaboom|25\/100\n|-damage|p2b: Iron Hands|36\/100\n|move|p1b: Landorus|U-turn|p2b: Iron Hands\n|-damage|p2b: Iron Hands|10\/100\n|\n|t:|1700949784\n|switch|p1b: Amoonguss|Amoonguss, L50, M|100\/100|[from] U-turn\n|move|p2a: Rillaboom|Wood Hammer|p1b: Amoonguss\n|-resisted|p1b: Amoonguss\n|-damage|p1b: Amoonguss|88\/100\n|-damage|p2a: Rillaboom|21\/100|[from] Recoil\n|move|p2b: Iron Hands|Drain Punch|p1a: Heatran\n|-supereffective|p1a: Heatran\n|-end|p1a: Heatran|Substitute\n|-heal|p2b: Iron Hands|20\/100|[from] drain|[of] p1a: Heatran\n|\n|upkeep\n|turn|7\n|\n|t:|1700949803\n|move|p1b: Amoonguss|Rage Powder|p1b: Amoonguss\n|-singleturn|p1b: Amoonguss|move: Rage Powder\n|move|p1a: Heatran|Substitute|p1a: Heatran\n|-start|p1a: Heatran|Substitute\n|-damage|p1a: Heatran|76\/100\n|move|p2a: Rillaboom|U-turn|p1a: Heatran\n|-resisted|p1a: Heatran\n|-activate|p1a: Heatran|move: Substitute|[damage]\n|\n|t:|1700949812\n|switch|p2a: Urshifu|Urshifu-Rapid-Strike, L50, M|100\/100|[from] U-turn\n|move|p2b: Iron Hands|Drain Punch|p1b: Amoonguss\n|-resisted|p1b: Amoonguss\n|-damage|p1b: Amoonguss|76\/100\n|-heal|p2b: Iron Hands|26\/100|[from] drain|[of] p1b: Amoonguss\n|\n|-heal|p1a: Heatran|82\/100|[from] item: Leftovers\n|upkeep\n|turn|8\n|\n|t:|1700949830\n|-terastallize|p1a: Heatran|Grass\n|move|p2a: Urshifu|Surging Strikes|p1a: Heatran\n|-resisted|p1a: Heatran\n|-crit|p1a: Heatran\n|-activate|p1a: Heatran|move: Substitute|[damage]\n|-resisted|p1a: Heatran\n|-crit|p1a: Heatran\n|-end|p1a: Heatran|Substitute\n|-resisted|p1a: Heatran\n|-crit|p1a: Heatran\n|-damage|p1a: Heatran|70\/100\n|-hitcount|p1a: Heatran|3\n|move|p1a: Heatran|Heat Wave|p2b: Iron Hands|[spread] p2b\n|-miss|p1a: Heatran|p2a: Urshifu\n|-resisted|p2b: Iron Hands\n|-damage|p2b: Iron Hands|18\/100\n|move|p2b: Iron Hands|Heavy Slam|p1b: Amoonguss\n|-damage|p1b: Amoonguss|51\/100\n|move|p1b: Amoonguss|Leaf Storm|p2a: Urshifu\n|-supereffective|p2a: Urshifu\n|-damage|p2a: Urshifu|0 fnt\n|-unboost|p1b: Amoonguss|spa|2\n|faint|p2a: Urshifu\n|\n|-heal|p1a: Heatran|77\/100|[from] item: Leftovers\n|upkeep\n|\n|t:|1700949855\n|switch|p2a: Flutter Mane|Flutter Mane, L50|79\/100 slp\n|turn|9\n|\n|t:|1700949868\n|switch|p1b: Landorus|Landorus-Therian, L50, M|64\/100\n|-ability|p1b: Landorus|Intimidate|boost\n|-unboost|p2a: Flutter Mane|atk|1\n|-unboost|p2b: Iron Hands|atk|1\n|cant|p2a: Flutter Mane|slp\n|move|p1a: Heatran|Substitute|p1a: Heatran\n|-start|p1a: Heatran|Substitute\n|-damage|p1a: Heatran|52\/100\n|move|p2b: Iron Hands|Drain Punch|p1a: Heatran\n|-activate|p1a: Heatran|move: Substitute|[damage]\n|-heal|p2b: Iron Hands|26\/100|[from] drain|[of] p1a: Heatran\n|\n|-heal|p1a: Heatran|58\/100|[from] item: Leftovers\n|upkeep\n|turn|10\n|\n|t:|1700949887\n|move|p1a: Heatran|Protect|p1a: Heatran\n|-singleturn|p1a: Heatran|Protect\n|-curestatus|p2a: Flutter Mane|slp|[msg]\n|move|p2a: Flutter Mane|Moonblast|p1a: Heatran\n|-activate|p1a: Heatran|move: Protect\n|move|p1b: Landorus|Earthquake|p2b: Iron Hands|[spread] p2a,p2b\n|-activate|p1a: Heatran|move: Protect\n|-damage|p2a: Flutter Mane|0 fnt\n|-damage|p2b: Iron Hands|0 fnt\n|faint|p2a: Flutter Mane\n|-end|p2a: Flutter Mane|Protosynthesis|[silent]\n|faint|p2b: Iron Hands\n|-end|p2b: Iron Hands|Quark Drive|[silent]\n|\n|-heal|p1a: Heatran|64\/100|[from] item: Leftovers\n|upkeep\n|-message|lincm_28 forfeited.\n|\n|win|NDUTS Shrimp\n|raw|NDUTS Shrimp's rating: 1367 &rarr; <strong>1381<\/strong><br \/>(+14 for winning)\n|raw|lincm_28's rating: 1266 &rarr; <strong>1248<\/strong><br \/>(-18 for losing)\n|l|\u2606lincm_28\n","uploadtime":1700949910,"views":7,"p1id":"ndutsshrimp","p2id":"lincm28","formatid":"gen9vgc2023regulatione","rating":1248,"private":0,"password":""}