{"id":"gen9vgc2023regulatione-1996621642","p1":"DNDStwo","p2":"JonaFlores","format":"[Gen 9] VGC 2023 Regulation E","log":"|j|\u2606DNDStwo\n|j|\u2606JonaFlores\n|t:|1700701660\n|gametype|doubles\n|player|p1|DNDStwo|266|1377\n|player|p2|JonaFlores|drayden|1262\n|teamsize|p1|6\n|teamsize|p2|6\n|gen|9\n|tier|[Gen 9] VGC 2023 Regulation E\n|rated|\n|rule|Species Clause: Limit one of each Pok\u00e9mon\n|rule|Item Clause: Limit one of each item\n|clearpoke\n|poke|p1|Flutter Mane, L50|\n|poke|p1|Wugtrio, L50, F|\n|poke|p1|Armarouge, L50, M|\n|poke|p1|Indeedee-F, L50, F|\n|poke|p1|Landorus-Therian, L50, M|\n|poke|p1|Tornadus, L50, M|\n|poke|p2|Kommo-o, L50, M|\n|poke|p2|Grimmsnarl, L50, M|\n|poke|p2|Arcanine-Hisui, L50, M|\n|poke|p2|Milotic, L50, M|\n|poke|p2|Gengar, L50, F|\n|poke|p2|Corviknight, L50, M|\n|teampreview|4\n|inactive|Battle timer is ON: inactive players will automatically lose when time's up. (requested by JonaFlores)\n|\n|t:|1700701692\n|start\n|switch|p1a: Armarouge|Armarouge, L50, M|100\/100\n|switch|p1b: Wugtrio|Wugtrio, L50, F|100\/100\n|switch|p2a: Gengar|Gengar, L50, F|100\/100\n|switch|p2b: Milotic|Milotic, L50, M, shiny|100\/100\n|turn|1\n|\n|t:|1700701703\n|move|p1a: Armarouge|Endure|p1a: Armarouge\n|-singleturn|p1a: Armarouge|move: Endure\n|move|p2b: Milotic|Protect|p2b: Milotic\n|-singleturn|p2b: Milotic|Protect\n|move|p1b: Wugtrio|Triple Dive|p1a: Armarouge\n|-supereffective|p1a: Armarouge\n|-damage|p1a: Armarouge|77\/100\n|-ability|p1a: Armarouge|Weak Armor|boost\n|-unboost|p1a: Armarouge|def|1\n|-boost|p1a: Armarouge|spe|2\n|-enditem|p1a: Armarouge|Weakness Policy\n|-boost|p1a: Armarouge|atk|2|[from] item: Weakness Policy\n|-boost|p1a: Armarouge|spa|2|[from] item: Weakness Policy\n|-supereffective|p1a: Armarouge\n|-damage|p1a: Armarouge|43\/100\n|-ability|p1a: Armarouge|Weak Armor|boost\n|-unboost|p1a: Armarouge|def|1\n|-boost|p1a: Armarouge|spe|2\n|-supereffective|p1a: Armarouge\n|-activate|p1a: Armarouge|move: Endure\n|-damage|p1a: Armarouge|1\/100\n|-ability|p1a: Armarouge|Weak Armor|boost\n|-unboost|p1a: Armarouge|def|1\n|-boost|p1a: Armarouge|spe|2\n|-hitcount|p1a: Armarouge|3\n|move|p2a: Gengar|Haze|p2a: Gengar\n|-clearallboost\n|\n|upkeep\n|turn|2\n|inactive|DNDStwo has 30 seconds left.\n|inactive|JonaFlores has 30 seconds left.\n|inactive|DNDStwo has 20 seconds left.\n|inactive|DNDStwo has 15 seconds left.\n|\n|t:|1700701745\n|move|p1b: Wugtrio|Final Gambit|p2b: Milotic\n|-damage|p2b: Milotic|29\/100\n|faint|p1b: Wugtrio\n|move|p2a: Gengar|Taunt|p1a: Armarouge\n|-start|p1a: Armarouge|move: Taunt\n|move|p1a: Armarouge|Expanding Force|p2b: Milotic\n|-damage|p2b: Milotic|0 fnt\n|faint|p2b: Milotic\n|\n|upkeep\n|\n|t:|1700701760\n|switch|p1b: Indeedee|Indeedee-F, L50, F|100\/100\n|switch|p2b: Arcanine|Arcanine-Hisui, L50, M|100\/100\n|-ability|p2b: Arcanine|Intimidate|boost\n|-unboost|p1a: Armarouge|atk|1\n|-unboost|p1b: Indeedee|atk|1\n|-fieldstart|move: Psychic Terrain|[from] ability: Psychic Surge|[of] p1b: Indeedee\n|turn|3\n|\n|t:|1700701775\n|switch|p1a: Landorus|Landorus-Therian, L50, M|100\/100\n|-ability|p1a: Landorus|Intimidate|boost\n|-unboost|p2a: Gengar|atk|1\n|-unboost|p2b: Arcanine|atk|1\n|move|p2a: Gengar|Taunt|p1b: Indeedee\n|-start|p1b: Indeedee|move: Taunt\n|move|p2b: Arcanine|Rock Slide|p1b: Indeedee|[spread] p1b\n|-miss|p2b: Arcanine|p1a: Landorus\n|-damage|p1b: Indeedee|87\/100\n|cant|p1b: Indeedee|move: Taunt|Trick Room\n|\n|upkeep\n|turn|4\n|\n|t:|1700701795\n|switch|p2a: Kommo-o|Kommo-o, L50, M|100\/100\n|move|p2b: Arcanine|Protect|p2b: Arcanine\n|-singleturn|p2b: Arcanine|Protect\n|move|p1a: Landorus|Earthquake|p2a: Kommo-o|[spread] p1b,p2a\n|-activate|p2b: Arcanine|move: Protect\n|-damage|p1b: Indeedee|23\/100\n|-damage|p2a: Kommo-o|58\/100\n|-enditem|p1b: Indeedee|Mago Berry|[eat]\n|-heal|p1b: Indeedee|56\/100|[from] item: Mago Berry\n|move|p1b: Indeedee|Dazzling Gleam|p2b: Arcanine|[spread] p2a\n|-activate|p2b: Arcanine|move: Protect\n|-supereffective|p2a: Kommo-o\n|-damage|p2a: Kommo-o|11\/100\n|\n|-heal|p2a: Kommo-o|18\/100|[from] item: Leftovers\n|upkeep\n|turn|5\n|\n|t:|1700701815\n|move|p2a: Kommo-o|Protect|p2a: Kommo-o\n|-singleturn|p2a: Kommo-o|Protect\n|move|p2b: Arcanine|Rock Slide|p1b: Indeedee|[spread] p1a,p1b\n|-crit|p1b: Indeedee\n|-damage|p1a: Landorus|85\/100\n|-damage|p1b: Indeedee|25\/100\n|move|p1a: Landorus|Earthquake|p2b: Arcanine|[spread] p1b,p2b\n|-activate|p2a: Kommo-o|move: Protect\n|-supereffective|p2b: Arcanine\n|-damage|p1b: Indeedee|0 fnt\n|-damage|p2b: Arcanine|0 fnt\n|faint|p1b: Indeedee\n|faint|p2b: Arcanine\n|\n|-heal|p2a: Kommo-o|24\/100|[from] item: Leftovers\n|upkeep\n|\n|t:|1700701827\n|switch|p2b: Gengar|Gengar, L50, F|100\/100\n|switch|p1b: Armarouge|Armarouge, L50, M|1\/100\n|turn|6\n|\n|t:|1700701841\n|move|p1b: Armarouge|Endure|p1b: Armarouge\n|-singleturn|p1b: Armarouge|move: Endure\n|move|p2b: Gengar|Shadow Ball|p1a: Landorus\n|-damage|p1a: Landorus|39\/100\n|move|p1a: Landorus|Earthquake|p2a: Kommo-o|[spread] p1b,p2a,p2b\n|-supereffective|p1b: Armarouge\n|-crit|p2a: Kommo-o\n|-supereffective|p2b: Gengar\n|-activate|p1b: Armarouge|move: Endure\n|-damage|p1b: Armarouge|1\/100\n|-damage|p2a: Kommo-o|0 fnt\n|-enditem|p2b: Gengar|Focus Sash\n|-damage|p2b: Gengar|1\/100\n|-ability|p1b: Armarouge|Weak Armor|boost\n|-unboost|p1b: Armarouge|def|1\n|-boost|p1b: Armarouge|spe|2\n|faint|p2a: Kommo-o\n|\n|upkeep\n|turn|7\n|\n|t:|1700701856\n|move|p1b: Armarouge|Expanding Force|p2b: Gengar\n|-supereffective|p2b: Gengar\n|-damage|p2b: Gengar|0 fnt\n|-start|p1b: Armarouge|Disable|Expanding Force|[from] ability: Cursed Body|[of] p2b: Gengar\n|faint|p2b: Gengar\n|\n|win|DNDStwo\n|raw|DNDStwo's rating: 1377 &rarr; <strong>1391<\/strong><br \/>(+14 for winning)\n|raw|JonaFlores's rating: 1262 &rarr; <strong>1245<\/strong><br \/>(-17 for losing)\n|l|\u2606JonaFlores\n","uploadtime":1700701874,"views":22,"p1id":"dndstwo","p2id":"jonaflores","formatid":"gen9vgc2023regulatione","rating":1245,"private":0,"password":""}