{"id":"gen9vgc2023regulatione-1987864482","p1":"kidturtle","p2":"KittenstheFidough","format":"[Gen 9] VGC 2023 Regulation E","log":"|j|\u2606kidturtle\n|j|\u2606KittenstheFidough\n|t:|1699643907\n|gametype|doubles\n|player|p1|kidturtle|hoopster|\n|player|p2|KittenstheFidough|steven|\n|teamsize|p1|6\n|teamsize|p2|6\n|gen|9\n|tier|[Gen 9] VGC 2023 Regulation E\n|rated|Tournament battle\n|rule|Species Clause: Limit one of each Pok\u00e9mon\n|rule|Item Clause: Limit one of each item\n|clearpoke\n|poke|p1|Ursaluna, L50, M|\n|poke|p1|Cresselia, L50, F|\n|poke|p1|Flutter Mane, L50|\n|poke|p1|Chi-Yu, L50|\n|poke|p1|Iron Hands, L50|\n|poke|p1|Urshifu-*, L50, M|\n|poke|p2|Landorus-Therian, L50, M|\n|poke|p2|Clefairy, L50, F|\n|poke|p2|Sinistcha-Masterpiece, L50|\n|poke|p2|Chien-Pao, L50|\n|poke|p2|Kommo-o, L50, F|\n|poke|p2|Iron Hands, L50|\n|teampreview|4\n|showteam|p1|Ursaluna||FlameOrb|Guts|Facade,Earthquake,SwordsDance,Protect|||M|||50|,,,,,Ghost]Cresselia||MentalHerb|Levitate|IceBeam,AllySwitch,LunarBlessing,TrickRoom|||F|||50|,,,,,Fairy]Flutter Mane||BoosterEnergy|Protosynthesis|IcyWind,ShadowBall,Moonblast,Protect||||||50|,,,,,Fairy]Chi-Yu||ChoiceSpecs|BeadsofRuin|BurningJealousy,DarkPulse,Overheat,Snarl||||||50|,,,,,Ghost]Iron Hands||SitrusBerry|QuarkDrive|DrainPunch,WildCharge,FakeOut,SwordsDance||||||50|,,,,,Fire]Urshifu||FocusSash|UnseenFist|Detect,WickedBlow,CloseCombat,SuckerPunch|||M|||50|,,,,,Dark\n|showteam|p2|Landorus-Therian||BrightPowder|Intimidate|SandsearStorm,RockSlide,Protect,TeraBlast|||M|||50|,,,,,Flying]Clefairy||Eviolite|FriendGuard|Protect,DazzlingGleam,HealPulse,FollowMe|||F|||50|,,,,,Grass]Sinistcha-Masterpiece||FocusSash|Hospitality|LifeDew,Protect,MatchaGotcha,RagePowder||||||50|,,,,,Fire]Chien-Pao||LumBerry|SwordofRuin|PsychicFangs,IceSpinner,SacredSword,Protect||||||50|,,,,,Psychic]Kommo-o||ThroatSpray|Bulletproof|ClangingScales,ClangorousSoul,FlashCannon,Protect|||F|||50|,,,,,Steel]Iron Hands||AssaultVest|QuarkDrive|FakeOut,DrainPunch,HeavySlam,WildCharge||||||50|,,,,,Steel\n|inactive|Battle timer is ON: inactive players will automatically lose when time's up. (requested by KittenstheFidough)\n|\n|t:|1699643925\n|start\n|switch|p1a: Flutter Mane|Flutter Mane, L50, shiny|100\/100\n|switch|p1b: Chi-Yu|Chi-Yu, L50|100\/100\n|switch|p2a: Kommo-o|Kommo-o, L50, F|100\/100\n|switch|p2b: Iron Hands|Iron Hands, L50|100\/100\n|-ability|p1b: Chi-Yu|Beads of Ruin\n|-enditem|p1a: Flutter Mane|Booster Energy\n|-activate|p1a: Flutter Mane|ability: Protosynthesis|[fromitem]\n|-start|p1a: Flutter Mane|protosynthesisspe\n|turn|1\n|j| KnighLt\n|inactive|kidturtle has 30 seconds left.\n|\n|t:|1699643952\n|-end|p1a: Flutter Mane|Protosynthesis|[silent]\n|switch|p1a: Ursaluna|Ursaluna, L50, M|100\/100\n|switch|p1b: Cresselia|Cresselia, L50, F|100\/100\n|-terastallize|p2a: Kommo-o|Steel\n|move|p2b: Iron Hands|Fake Out|p1b: Cresselia\n|-damage|p1b: Cresselia|91\/100\n|move|p2a: Kommo-o|Clangorous Soul|p2a: Kommo-o\n|-boost|p2a: Kommo-o|atk|1\n|-boost|p2a: Kommo-o|def|1\n|-boost|p2a: Kommo-o|spa|1\n|-boost|p2a: Kommo-o|spd|1\n|-boost|p2a: Kommo-o|spe|1\n|-damage|p2a: Kommo-o|68\/100\n|-enditem|p2a: Kommo-o|Throat Spray\n|-boost|p2a: Kommo-o|spa|1|[from] item: Throat Spray\n|\n|-status|p1a: Ursaluna|brn|[from] item: Flame Orb\n|upkeep\n|turn|2\n|inactive|KittenstheFidough has 30 seconds left.\n|\n|t:|1699643982\n|-end|p2b: Iron Hands|Quark Drive|[silent]\n|switch|p2b: Sinistcha|Sinistcha-Masterpiece, L50|100\/100\n|-heal|p2a: Kommo-o|93\/100|[from] ability: Hospitality|[of] p2b: Sinistcha\n|-terastallize|p1a: Ursaluna|Ghost\n|move|p2a: Kommo-o|Clanging Scales|p1a: Ursaluna|[spread] p1a,p1b\n|-damage|p1a: Ursaluna|39\/100 brn\n|-damage|p1b: Cresselia|45\/100\n|-unboost|p2a: Kommo-o|def|1\n|move|p1a: Ursaluna|Swords Dance|p1a: Ursaluna\n|-boost|p1a: Ursaluna|atk|2\n|move|p1b: Cresselia|Trick Room|p1b: Cresselia\n|-fieldstart|move: Trick Room|[of] p1b: Cresselia\n|\n|-damage|p1a: Ursaluna|33\/100 brn|[from] brn\n|upkeep\n|turn|3\n|\n|t:|1699644004\n|move|p2a: Kommo-o|Protect|p2a: Kommo-o\n|-singleturn|p2a: Kommo-o|Protect\n|move|p1a: Ursaluna|Earthquake|p2b: Sinistcha|[spread] p2b\n|-activate|p2a: Kommo-o|move: Protect\n|-immune|p1b: Cresselia|[from] ability: Levitate\n|-resisted|p2b: Sinistcha\n|-damage|p2b: Sinistcha|31\/100\n|move|p1b: Cresselia|Lunar Blessing|p1b: Cresselia|[spread] p1a,p1b\n|-heal|p1a: Ursaluna|58\/100 brn\n|-curestatus|p1a: Ursaluna|brn|[msg]\n|-heal|p1b: Cresselia|70\/100\n|move|p2b: Sinistcha|Matcha Gotcha|p1b: Cresselia|[spread] p1a,p1b\n|-damage|p1a: Ursaluna|34\/100\n|-heal|p2b: Sinistcha|48\/100|[from] drain|[of] p1a: Ursaluna\n|-damage|p1b: Cresselia|53\/100\n|-heal|p2b: Sinistcha|60\/100|[from] drain|[of] p1b: Cresselia\n|\n|-status|p1a: Ursaluna|brn|[from] item: Flame Orb\n|upkeep\n|turn|4\n|j| OsirisKP\n|l| OsirisKP\n|inactive|KittenstheFidough has 30 seconds left.\n|\n|t:|1699644035\n|switch|p2b: Clefairy|Clefairy, L50, F|100\/100\n|move|p1a: Ursaluna|Earthquake|p2b: Clefairy|[spread] p2a,p2b\n|-immune|p1b: Cresselia|[from] ability: Levitate\n|-supereffective|p2a: Kommo-o\n|-damage|p2a: Kommo-o|0 fnt\n|-damage|p2b: Clefairy|0 fnt\n|faint|p2a: Kommo-o\n|faint|p2b: Clefairy\n|move|p1b: Cresselia|Lunar Blessing|p1b: Cresselia|[spread] p1a,p1b\n|-heal|p1a: Ursaluna|59\/100 brn\n|-curestatus|p1a: Ursaluna|brn|[msg]\n|-heal|p1b: Cresselia|78\/100\n|\n|-status|p1a: Ursaluna|brn|[from] item: Flame Orb\n|upkeep\n|\n|t:|1699644051\n|switch|p2b: Iron Hands|Iron Hands, L50|100\/100\n|switch|p2a: Sinistcha|Sinistcha-Masterpiece, L50|60\/100\n|turn|5\n|\n|t:|1699644059\n|move|p2a: Sinistcha|Protect|p2a: Sinistcha\n|-singleturn|p2a: Sinistcha|Protect\n|move|p2b: Iron Hands|Fake Out|p1a: Ursaluna\n|-immune|p1a: Ursaluna\n|move|p1a: Ursaluna|Earthquake|p2a: Sinistcha|[spread] p2b\n|-activate|p2a: Sinistcha|move: Protect\n|-immune|p1b: Cresselia|[from] ability: Levitate\n|-supereffective|p2b: Iron Hands\n|-damage|p2b: Iron Hands|0 fnt\n|faint|p2b: Iron Hands\n|-end|p2b: Iron Hands|Quark Drive|[silent]\n|move|p1b: Cresselia|Ice Beam|p2a: Sinistcha\n|-activate|p2a: Sinistcha|move: Protect\n|\n|-damage|p1a: Ursaluna|53\/100 brn|[from] brn\n|upkeep\n|turn|6\n|\n|t:|1699644075\n|move|p1a: Ursaluna|Earthquake|p2a: Sinistcha|[spread] p2a\n|-immune|p1b: Cresselia|[from] ability: Levitate\n|-resisted|p2a: Sinistcha\n|-damage|p2a: Sinistcha|0 fnt\n|faint|p2a: Sinistcha\n|\n|win|kidturtle\n|n|\u2606kidturtle|kidturtle\n|n|\u2606KittenstheFidough|kittensthefidough\n|n| KnighLt|knighlt\n|l|\u2606KittenstheFidough\n","uploadtime":1699644093,"views":17,"p1id":"kidturtle","p2id":"kittensthefidough","formatid":"gen9vgc2023regulatione","rating":0,"private":0,"password":""}