{"id":"gen9vgc2023regulatione-1995515167","p1":"ddecent","p2":"Itz_Beazt","format":"[Gen 9] VGC 2023 Regulation E","log":"|j|\u2606ddecent\n|j|\u2606Itz_Beazt\n|t:|1700578868\n|gametype|doubles\n|player|p1|ddecent|tate|1394\n|player|p2|Itz_Beazt|265|1305\n|teamsize|p1|6\n|teamsize|p2|6\n|gen|9\n|tier|[Gen 9] VGC 2023 Regulation E\n|rated|\n|rule|Species Clause: Limit one of each Pok\u00e9mon\n|rule|Item Clause: Limit one of each item\n|clearpoke\n|poke|p1|Arcanine-Hisui, L50, F|\n|poke|p1|Ogerpon-Wellspring, L50, F|\n|poke|p1|Amoonguss, L50, M|\n|poke|p1|Roaring Moon, L50|\n|poke|p1|Zapdos, L50|\n|poke|p1|Heatran, L50, F|\n|poke|p2|Regieleki, L50|\n|poke|p2|Urshifu-*, L50, M|\n|poke|p2|Pelipper, L50, M|\n|poke|p2|Flutter Mane, L50|\n|poke|p2|Landorus-Therian, L50, M|\n|poke|p2|Tornadus, L50, M|\n|teampreview|4\n|\n|t:|1700578917\n|start\n|switch|p1a: Ogerpon|Ogerpon-Wellspring, L50, F|100\/100\n|switch|p1b: Roaring Moon|Roaring Moon, L50|100\/100\n|switch|p2a: Tornadus|Tornadus, L50, M|100\/100\n|switch|p2b: Urshifu|Urshifu-Rapid-Strike, L50, M|100\/100\n|-enditem|p1b: Roaring Moon|Booster Energy\n|-activate|p1b: Roaring Moon|ability: Protosynthesis|[fromitem]\n|-start|p1b: Roaring Moon|protosynthesisspe\n|turn|1\n|\n|t:|1700578929\n|move|p1a: Ogerpon|Follow Me|p1a: Ogerpon\n|-singleturn|p1a: Ogerpon|move: Follow Me\n|move|p2a: Tornadus|Taunt|p1a: Ogerpon\n|-start|p1a: Ogerpon|move: Taunt\n|move|p1b: Roaring Moon|Acrobatics|p2b: Urshifu\n|-supereffective|p2b: Urshifu\n|-damage|p2b: Urshifu|20\/100\n|move|p2b: Urshifu|Drain Punch|p1a: Ogerpon\n|-damage|p1a: Ogerpon|57\/100\n|-heal|p2b: Urshifu|44\/100|[from] drain|[of] p1a: Ogerpon\n|\n|upkeep\n|turn|2\n|\n|t:|1700578945\n|move|p2a: Tornadus|Tailwind|p2a: Tornadus\n|-sidestart|p2: Itz_Beazt|move: Tailwind\n|move|p2b: Urshifu|Drain Punch|p1b: Roaring Moon\n|-supereffective|p1b: Roaring Moon\n|-damage|p1b: Roaring Moon|0 fnt\n|-heal|p2b: Urshifu|100\/100|[from] drain|[of] p1b: Roaring Moon\n|faint|p1b: Roaring Moon\n|-end|p1b: Roaring Moon|Protosynthesis|[silent]\n|move|p1a: Ogerpon|Horn Leech|p2b: Urshifu\n|-supereffective|p2b: Urshifu\n|-damage|p2b: Urshifu|0 fnt\n|-heal|p1a: Ogerpon|100\/100|[from] drain|[of] p2b: Urshifu\n|faint|p2b: Urshifu\n|\n|upkeep\n|\n|t:|1700578960\n|switch|p1b: Zapdos|Zapdos, L50|100\/100\n|switch|p2b: Regieleki|Regieleki, L50|100\/100\n|turn|3\n|\n|t:|1700578974\n|switch|p2a: Landorus|Landorus-Therian, L50, M|100\/100\n|-ability|p2a: Landorus|Intimidate|boost\n|-unboost|p1a: Ogerpon|atk|1\n|-unboost|p1b: Zapdos|atk|1\n|move|p2b: Regieleki|Thunder Cage|p1a: Ogerpon\n|-damage|p1a: Ogerpon|48\/100\n|-activate|p1a: Ogerpon|move: Thunder Cage|[of] p2b: Regieleki\n|move|p1b: Zapdos|Thunderbolt|p2a: Landorus\n|-immune|p2a: Landorus\n|move|p1a: Ogerpon|Ivy Cudgel|p2b: Regieleki|[anim] Ivy Cudgel Water\n|-damage|p2b: Regieleki|15\/100\n|\n|-damage|p1a: Ogerpon|35\/100|[from] move: Thunder Cage|[partiallytrapped]\n|upkeep\n|turn|4\n|\n|t:|1700578992\n|move|p2b: Regieleki|Volt Switch|p1a: Ogerpon\n|-damage|p1a: Ogerpon|0 fnt\n|faint|p1a: Ogerpon\n|\n|t:|1700578994\n|switch|p2b: Tornadus|Tornadus, L50, M|100\/100|[from] Volt Switch\n|move|p2a: Landorus|Rock Slide|p1b: Zapdos\n|-supereffective|p1b: Zapdos\n|-damage|p1b: Zapdos|51\/100\n|move|p1b: Zapdos|Thunderbolt|p2b: Tornadus\n|-supereffective|p2b: Tornadus\n|-crit|p2b: Tornadus\n|-damage|p2b: Tornadus|0 fnt\n|faint|p2b: Tornadus\n|\n|upkeep\n|\n|t:|1700579008\n|switch|p2b: Regieleki|Regieleki, L50|15\/100\n|switch|p1a: Amoonguss|Amoonguss, L50, M|100\/100\n|turn|5\n|\n|t:|1700579024\n|-terastallize|p2b: Regieleki|Ice\n|move|p2b: Regieleki|Tera Blast|p1a: Amoonguss|[anim] Tera Blast Ice\n|-supereffective|p1a: Amoonguss\n|-damage|p1a: Amoonguss|41\/100\n|-enditem|p1a: Amoonguss|Sitrus Berry|[eat]\n|-heal|p1a: Amoonguss|66\/100|[from] item: Sitrus Berry\n|move|p2a: Landorus|Rock Slide|p1a: Amoonguss|[spread] p1a,p1b\n|-supereffective|p1b: Zapdos\n|-damage|p1a: Amoonguss|49\/100\n|-damage|p1b: Zapdos|15\/100\n|move|p1b: Zapdos|Thunderbolt|p2b: Regieleki\n|-damage|p2b: Regieleki|0 fnt\n|faint|p2b: Regieleki\n|move|p1a: Amoonguss|Leaf Storm|p2a: Landorus\n|-damage|p2a: Landorus|42\/100\n|-unboost|p1a: Amoonguss|spa|2\n|\n|-sideend|p2: Itz_Beazt|move: Tailwind\n|upkeep\n|turn|6\n|\n|t:|1700579032\n|move|p2a: Landorus|Rock Slide|p1a: Amoonguss|[spread] p1a,p1b\n|-supereffective|p1b: Zapdos\n|-damage|p1a: Amoonguss|29\/100\n|-damage|p1b: Zapdos|0 fnt\n|faint|p1b: Zapdos\n|cant|p1a: Amoonguss|flinch\n|\n|upkeep\n|turn|7\n|\n|t:|1700579043\n|move|p2a: Landorus|Rock Slide|p1a: Amoonguss\n|-damage|p1a: Amoonguss|5\/100\n|cant|p1a: Amoonguss|flinch\n|\n|upkeep\n|turn|8\n|c|\u2606Itz_Beazt|I\u2019m sorry\n|c|\u2606Itz_Beazt|thats so gay\n|c|\u2606ddecent|No you're not\n|c|\u2606ddecent|But GG\n|c|\u2606Itz_Beazt|No I actually feel bad\n|-message|ddecent forfeited.\n|\n|win|Itz_Beazt\n|raw|ddecent's rating: 1394 &rarr; <strong>1369<\/strong><br \/>(-25 for losing)\n|raw|Itz_Beazt's rating: 1305 &rarr; <strong>1330<\/strong><br \/>(+25 for winning)\n|l|\u2606ddecent\n","uploadtime":1700579074,"views":14,"p1id":"ddecent","p2id":"itzbeazt","formatid":"gen9vgc2023regulatione","rating":1330,"private":0,"password":""}