{"id":"gen9vgc2023regulatione-1991541979","p1":"septicjewel67","p2":"DRJC190","format":"[Gen 9] VGC 2023 Regulation E","log":"|j|\u2606septicjewel67\n|j|\u2606DRJC190\n|n|\u2606septicjewel67|septicjewel67\n|n|\u2606DRJC190|drjc190\n|html|View the match progress at <a href=\"\/game-bestof3-gen9vgc2023regulatione-1991541978\">game-bestof3-gen9vgc2023regulatione-1991541978<\/a>\n|t:|1700086587\n|gametype|doubles\n|player|p1|septicjewel67|266|\n|player|p2|DRJC190|170|\n|teamsize|p1|6\n|teamsize|p2|6\n|gen|9\n|tier|[Gen 9] VGC 2023 Regulation E\n|rule|Species Clause: Limit one of each Pok\u00e9mon\n|rule|Item Clause: Limit one of each item\n|clearpoke\n|poke|p1|Iron Hands, L50|\n|poke|p1|Murkrow, L50, F|\n|poke|p1|Amoonguss, L50, F|\n|poke|p1|Arcanine-Hisui, L50, M|\n|poke|p1|Basculegion, L50, M|\n|poke|p1|Kommo-o, L50, M|\n|poke|p2|Politoed, L50, F|\n|poke|p2|Indeedee-F, L50, F|\n|poke|p2|Goodra-Hisui, L50, M|\n|poke|p2|Breloom, L50, F|\n|poke|p2|Gyarados, L50, M|\n|poke|p2|Armarouge, L50, F|\n|teampreview|4\n|c|\u2606DRJC190|gl\nDRJC190 has agreed to open team sheets.\nsepticjewel67 has agreed to open team sheets.\n|showteam|p1|Iron Hands||AssaultVest|QuarkDrive|WildCharge,FakeOut,DrainPunch,HeavySlam||||||50|,,,,,Grass]Murkrow||Eviolite|Prankster|Tailwind,Quash,FoulPlay,Taunt|||F|||50|,,,,,Ghost]Amoonguss||SitrusBerry|Regenerator|Spore,Protect,PollenPuff,RagePowder|||F|||50|,,,,,Water]Arcanine-Hisui||ChoiceBand|Intimidate|TeraBlast,ExtremeSpeed,FlareBlitz,RockSlide|||M|||50|,,,,,Water]Basculegion||LifeOrb|Adaptability|Crunch,PsychicFangs,WaveCrash,Protect|||M|||50|,,,,,Dark]Kommo-o||ThroatSpray|Overcoat|ClangorousSoul,ClangingScales,Protect,HyperVoice|||M|||50|,,,,,Fairy\n|showteam|p2|Politoed||SitrusBerry|Drizzle|IceBeam,ChillingWater,HelpingHand,Protect|||F|||50|,,,,,Grass]Indeedee-F||SafetyGoggles|PsychicSurge|HealPulse,Psychic,FollowMe,HelpingHand|||F|||50|,,,,,Fairy]Goodra-Hisui||Leftovers|ShellArmor|Shelter,IronHead,BodyPress,LifeDew|||M|||50|,,,,,Flying]Breloom||BlackBelt|Technician|Spore,SeedBomb,MachPunch,Protect|||F|||50|,,,,,Fighting]Gyarados||MysticWater|Intimidate|Waterfall,TeraBlast,ThunderWave,Protect|||M|||50|,,,,,Flying]Armarouge||TwistedSpoon|FlashFire|HeatWave,ExpandingForce,TrickRoom,WideGuard|||F|||50|,,,,,Grass\n|\n|t:|1700086638\n|start\n|switch|p1a: Basculegion|Basculegion, L50, M|100\/100\n|switch|p1b: Murkrow|Murkrow, L50, F|100\/100\n|switch|p2a: Indeedee|Indeedee-F, L50, F|100\/100\n|switch|p2b: Armarouge|Armarouge, L50, F|100\/100\n|-fieldstart|move: Psychic Terrain|[from] ability: Psychic Surge|[of] p2a: Indeedee\n|turn|1\n|\n|t:|1700086651\n|-terastallize|p1a: Basculegion|Dark\n|move|p2a: Indeedee|Follow Me|p2a: Indeedee\n|-singleturn|p2a: Indeedee|move: Follow Me\n|move|p1b: Murkrow|Tailwind|p1b: Murkrow\n|-sidestart|p1: septicjewel67|move: Tailwind\n|move|p1a: Basculegion|Crunch|p2a: Indeedee\n|-supereffective|p2a: Indeedee\n|-damage|p2a: Indeedee|0 fnt\n|faint|p2a: Indeedee\n|-damage|p1a: Basculegion|91\/100|[from] item: Life Orb\n|move|p2b: Armarouge|Trick Room|p2b: Armarouge\n|-fieldstart|move: Trick Room|[of] p2b: Armarouge\n|\n|upkeep\n|\n|t:|1700086665\n|switch|p2a: Gyarados|Gyarados, L50, M, shiny|100\/100\n|-ability|p2a: Gyarados|Intimidate|boost\n|-unboost|p1a: Basculegion|atk|1\n|-unboost|p1b: Murkrow|atk|1\n|turn|2\n|\n|t:|1700086693\n|move|p1a: Basculegion|Protect|p1a: Basculegion\n|-singleturn|p1a: Basculegion|Protect\n|move|p2b: Armarouge|Heat Wave|p1a: Basculegion|[spread] p1b\n|-activate|p1a: Basculegion|move: Protect\n|-damage|p1b: Murkrow|73\/100\n|move|p2a: Gyarados|Waterfall|p1a: Basculegion\n|-activate|p1a: Basculegion|move: Protect\n|move|p1b: Murkrow|Foul Play|p2a: Gyarados\n|-damage|p2a: Gyarados|51\/100\n|\n|upkeep\n|turn|3\n|\n|t:|1700086715\n|switch|p2a: Goodra|Goodra-Hisui, L50, M|100\/100\n|move|p2b: Armarouge|Heat Wave|p1a: Basculegion|[spread] p1a\n|-miss|p2b: Armarouge|p1b: Murkrow\n|-damage|p1a: Basculegion|59\/100\n|move|p1a: Basculegion|Wave Crash|p2b: Armarouge\n|-supereffective|p2b: Armarouge\n|-damage|p2b: Armarouge|31\/100\n|-damage|p1a: Basculegion|39\/100|[from] Recoil\n|-damage|p1a: Basculegion|30\/100|[from] item: Life Orb\n|move|p1b: Murkrow|Foul Play|p2a: Goodra\n|-damage|p2a: Goodra|66\/100\n|\n|-heal|p2a: Goodra|72\/100|[from] item: Leftovers\n|upkeep\n|turn|4\n|\n|t:|1700086736\n|move|p1a: Basculegion|Protect|p1a: Basculegion\n|-singleturn|p1a: Basculegion|Protect\n|move|p2a: Goodra|Life Dew|p2a: Goodra|[spread] p2a,p2b\n|-heal|p2a: Goodra|97\/100\n|-heal|p2b: Armarouge|56\/100\n|move|p2b: Armarouge|Heat Wave|p1b: Murkrow|[spread] p1b\n|-activate|p1a: Basculegion|move: Protect\n|-damage|p1b: Murkrow|49\/100\n|move|p1b: Murkrow|Foul Play|p2b: Armarouge\n|-supereffective|p2b: Armarouge\n|-damage|p2b: Armarouge|30\/100\n|\n|-heal|p2a: Goodra|100\/100|[from] item: Leftovers\n|-sideend|p1: septicjewel67|move: Tailwind\n|upkeep\n|turn|5\n|\n|t:|1700086753\n|switch|p2b: Gyarados|Gyarados, L50, M, shiny|51\/100\n|-ability|p2b: Gyarados|Intimidate|boost\n|-unboost|p1a: Basculegion|atk|1\n|-unboost|p1b: Murkrow|atk|1\n|move|p2a: Goodra|Body Press|p1a: Basculegion\n|-supereffective|p1a: Basculegion\n|-damage|p1a: Basculegion|0 fnt\n|faint|p1a: Basculegion\n|move|p1b: Murkrow|Foul Play|p2b: Gyarados\n|-damage|p2b: Gyarados|1\/100\n|\n|-fieldend|move: Trick Room\n|-fieldend|move: Psychic Terrain\n|upkeep\n|\n|t:|1700086758\n|switch|p1a: Iron Hands|Iron Hands, L50|100\/100\n|turn|6\n|\n|t:|1700086777\n|switch|p2b: Armarouge|Armarouge, L50, F|30\/100\n|move|p1a: Iron Hands|Fake Out|p2b: Armarouge\n|-damage|p2b: Armarouge|19\/100\n|move|p1b: Murkrow|Tailwind|p1b: Murkrow\n|-sidestart|p1: septicjewel67|move: Tailwind\n|move|p2a: Goodra|Shelter|p2a: Goodra\n|-boost|p2a: Goodra|def|2\n|\n|upkeep\n|turn|7\n|\n|t:|1700086818\n|move|p1b: Murkrow|Foul Play|p2b: Armarouge\n|-supereffective|p2b: Armarouge\n|-damage|p2b: Armarouge|0 fnt\n|faint|p2b: Armarouge\n|move|p1a: Iron Hands|Drain Punch|p2a: Goodra\n|-supereffective|p2a: Goodra\n|-damage|p2a: Goodra|56\/100\n|move|p2a: Goodra|Body Press|p1b: Murkrow\n|-damage|p1b: Murkrow|0 fnt\n|faint|p1b: Murkrow\n|\n|-heal|p2a: Goodra|61\/100|[from] item: Leftovers\n|upkeep\n|\n|t:|1700086836\n|switch|p1b: Kommo-o|Kommo-o, L50, M|100\/100\n|switch|p2b: Gyarados|Gyarados, L50, M, shiny|1\/100\n|-ability|p2b: Gyarados|Intimidate|boost\n|-unboost|p1a: Iron Hands|atk|1\n|-unboost|p1b: Kommo-o|atk|1\n|turn|8\n|\n|t:|1700086864\n|-terastallize|p2a: Goodra|Flying\n|move|p2b: Gyarados|Protect|p2b: Gyarados\n|-singleturn|p2b: Gyarados|Protect\n|move|p1b: Kommo-o|Clanging Scales|p2a: Goodra|[spread] p2a\n|-activate|p2b: Gyarados|move: Protect\n|-damage|p2a: Goodra|40\/100\n|-unboost|p1b: Kommo-o|def|1\n|-enditem|p1b: Kommo-o|Throat Spray\n|-boost|p1b: Kommo-o|spa|1|[from] item: Throat Spray\n|move|p1a: Iron Hands|Drain Punch|p2a: Goodra\n|-resisted|p2a: Goodra\n|-damage|p2a: Goodra|32\/100\n|move|p2a: Goodra|Body Press|p1a: Iron Hands\n|-damage|p1a: Iron Hands|78\/100\n|\n|-heal|p2a: Goodra|38\/100|[from] item: Leftovers\n|upkeep\n|turn|9\n|\n|t:|1700086887\n|move|p1b: Kommo-o|Clanging Scales|p2a: Goodra|[spread] p2a,p2b\n|-damage|p2a: Goodra|9\/100\n|-damage|p2b: Gyarados|0 fnt\n|faint|p2b: Gyarados\n|-unboost|p1b: Kommo-o|def|1\n|move|p1a: Iron Hands|Wild Charge|p2a: Goodra\n|-supereffective|p2a: Goodra\n|-damage|p2a: Goodra|0 fnt\n|faint|p2a: Goodra\n|-damage|p1a: Iron Hands|76\/100|[from] Recoil\n|\n|win|septicjewel67\n|c|&|\/uhtml prompt-drjc190,DRJC190 is ready for game 2!\n|inactive|septicjewel67 has 50 seconds to confirm battle start!\n|c|&|\/uhtml prompt-septicjewel67,septicjewel67 is ready for game 2!\nBoth players are ready! Starting next match!\n","uploadtime":1700086951,"views":27,"p1id":"septicjewel67","p2id":"drjc190","formatid":"gen9vgc2023regulatione","rating":0,"private":0,"password":""}