{"id":"gen9vgc2023regulatione-1994213070","p1":"Kzejzkz","p2":"Jumong","format":"[Gen 9] VGC 2023 Regulation E","log":"|j|\u2606Kzejzkz\n|j|\u2606Jumong\n|t:|1700419570\n|gametype|doubles\n|player|p1|Kzejzkz|lance|1110\n|player|p2|Jumong|brock|1213\n|teamsize|p1|6\n|teamsize|p2|6\n|gen|9\n|tier|[Gen 9] VGC 2023 Regulation E\n|rated|\n|rule|Species Clause: Limit one of each Pok\u00e9mon\n|rule|Item Clause: Limit one of each item\n|clearpoke\n|poke|p1|Flutter Mane, L50|\n|poke|p1|Tornadus, L50, M|\n|poke|p1|Rillaboom, L50, M|\n|poke|p1|Garganacl, L50, F|\n|poke|p1|Arcanine-Hisui, L50, M|\n|poke|p1|Chien-Pao, L50|\n|poke|p2|Houndstone, L50, F|\n|poke|p2|Tyranitar, L50, F|\n|poke|p2|Ogerpon-Cornerstone, L50, F|\n|poke|p2|Indeedee-F, L50, F|\n|poke|p2|Milotic, L50, F|\n|poke|p2|Corviknight, L50, F|\n|teampreview|4\n|\n|t:|1700419636\n|start\n|switch|p1a: Tornadus|Tornadus, L50, M|100\/100\n|switch|p1b: Garganacl|Garganacl, L50, F|100\/100\n|switch|p2a: Milotic|Milotic, L50, F|100\/100\n|switch|p2b: Ogerpon|Ogerpon-Cornerstone, L50, F|100\/100\n|turn|1\n|\n|t:|1700419650\n|-terastallize|p1b: Garganacl|Ghost\n|move|p1a: Tornadus|Taunt|p2a: Milotic\n|-start|p2a: Milotic|move: Taunt\n|move|p2b: Ogerpon|Ivy Cudgel|p1a: Tornadus|[anim] Ivy Cudgel Rock\n|-supereffective|p1a: Tornadus\n|-damage|p1a: Tornadus|0 fnt\n|faint|p1a: Tornadus\n|cant|p2a: Milotic|move: Taunt|Coil\n|move|p1b: Garganacl|Iron Defense|p1b: Garganacl\n|-boost|p1b: Garganacl|def|2\n|\n|upkeep\n|\n|t:|1700419659\n|switch|p1a: Rillaboom|Rillaboom, L50, M|100\/100\n|-fieldstart|move: Grassy Terrain|[from] ability: Grassy Surge|[of] p1a: Rillaboom\n|turn|2\n|\n|t:|1700419679\n|-terastallize|p2a: Milotic|Grass\n|move|p2b: Ogerpon|Ivy Cudgel|p1a: Rillaboom|[anim] Ivy Cudgel Rock\n|-damage|p1a: Rillaboom|56\/100\n|move|p2a: Milotic|Hydro Pump|p1b: Garganacl\n|-damage|p1b: Garganacl|72\/100\n|move|p1a: Rillaboom|Wood Hammer|p2a: Milotic\n|-resisted|p2a: Milotic\n|-damage|p2a: Milotic|52\/100\n|-damage|p1a: Rillaboom|40\/100|[from] Recoil\n|move|p1b: Garganacl|Salt Cure|p2b: Ogerpon\n|-damage|p2b: Ogerpon|83\/100\n|-start|p2b: Ogerpon|Salt Cure\n|\n|-heal|p2b: Ogerpon|90\/100|[from] Grassy Terrain\n|-heal|p2a: Milotic|58\/100|[from] Grassy Terrain\n|-heal|p2a: Milotic|64\/100|[from] item: Leftovers\n|-heal|p1a: Rillaboom|46\/100|[from] Grassy Terrain\n|-heal|p1b: Garganacl|78\/100|[from] Grassy Terrain\n|-damage|p2b: Ogerpon|77\/100|[from] Salt Cure\n|upkeep\n|turn|3\n|\n|t:|1700419708\n|switch|p2b: Tyranitar|Tyranitar, L50, F|100\/100\n|-weather|Sandstorm|[from] ability: Sand Stream|[of] p2b: Tyranitar\n|switch|p2a: Houndstone|Houndstone, L50, F|100\/100\n|move|p1a: Rillaboom|Drain Punch|p2b: Tyranitar\n|-supereffective|p2b: Tyranitar\n|-damage|p2b: Tyranitar|0 fnt\n|-heal|p1a: Rillaboom|91\/100|[from] drain|[of] p2b: Tyranitar\n|faint|p2b: Tyranitar\n|move|p1b: Garganacl|Salt Cure|p2a: Houndstone\n|-damage|p2a: Houndstone|85\/100\n|-start|p2a: Houndstone|Salt Cure\n|\n|-weather|Sandstorm|[upkeep]\n|-damage|p1a: Rillaboom|85\/100|[from] Sandstorm\n|-damage|p1b: Garganacl|72\/100|[from] Sandstorm\n|-heal|p2a: Houndstone|91\/100|[from] Grassy Terrain\n|-heal|p1a: Rillaboom|91\/100|[from] Grassy Terrain\n|-heal|p1b: Garganacl|78\/100|[from] Grassy Terrain\n|-damage|p2a: Houndstone|79\/100|[from] Salt Cure\n|upkeep\n|\n|t:|1700419722\n|switch|p2b: Milotic|Milotic, L50, F, tera:Grass|64\/100\n|turn|4\n|\n|t:|1700419739\n|move|p2a: Houndstone|Will-O-Wisp|p1a: Rillaboom\n|-status|p1a: Rillaboom|brn\n|move|p2b: Milotic|Coil|p2b: Milotic\n|-boost|p2b: Milotic|atk|1\n|-boost|p2b: Milotic|def|1\n|-boost|p2b: Milotic|accuracy|1\n|move|p1a: Rillaboom|Wood Hammer|p2a: Houndstone\n|-damage|p2a: Houndstone|38\/100\n|-damage|p1a: Rillaboom|80\/100 brn|[from] Recoil\n|move|p1b: Garganacl|Salt Cure|p2b: Milotic\n|-damage|p2b: Milotic|53\/100\n|-start|p2b: Milotic|Salt Cure\n|\n|-weather|Sandstorm|[upkeep]\n|-damage|p2b: Milotic|47\/100|[from] Sandstorm\n|-damage|p1a: Rillaboom|74\/100 brn|[from] Sandstorm\n|-damage|p1b: Garganacl|72\/100|[from] Sandstorm\n|-heal|p2a: Houndstone|44\/100|[from] Grassy Terrain\n|-heal|p2b: Milotic|53\/100|[from] Grassy Terrain\n|-heal|p2b: Milotic|59\/100|[from] item: Leftovers\n|-heal|p1a: Rillaboom|80\/100 brn|[from] Grassy Terrain\n|-heal|p1b: Garganacl|78\/100|[from] Grassy Terrain\n|-damage|p1a: Rillaboom|74\/100 brn|[from] brn\n|-damage|p2a: Houndstone|32\/100|[from] Salt Cure\n|-damage|p2b: Milotic|47\/100|[from] Salt Cure\n|upkeep\n|turn|5\n|\n|t:|1700419757\n|switch|p2a: Ogerpon|Ogerpon-Cornerstone, L50, F|77\/100\n|move|p2b: Milotic|Hypnosis|p1b: Garganacl\n|-immune|p1b: Garganacl|[from] ability: Purifying Salt\n|move|p1a: Rillaboom|Wood Hammer|p2b: Milotic\n|-resisted|p2b: Milotic\n|-damage|p2b: Milotic|32\/100\n|-damage|p1a: Rillaboom|69\/100 brn|[from] Recoil\n|move|p1b: Garganacl|Iron Defense|p1b: Garganacl\n|-boost|p1b: Garganacl|def|2\n|\n|-weather|Sandstorm|[upkeep]\n|-damage|p2b: Milotic|26\/100|[from] Sandstorm\n|-damage|p1a: Rillaboom|63\/100 brn|[from] Sandstorm\n|-damage|p1b: Garganacl|72\/100|[from] Sandstorm\n|-heal|p2a: Ogerpon|83\/100|[from] Grassy Terrain\n|-heal|p2b: Milotic|32\/100|[from] Grassy Terrain\n|-heal|p2b: Milotic|38\/100|[from] item: Leftovers\n|-heal|p1a: Rillaboom|69\/100 brn|[from] Grassy Terrain\n|-heal|p1b: Garganacl|78\/100|[from] Grassy Terrain\n|-damage|p1a: Rillaboom|63\/100 brn|[from] brn\n|-damage|p2b: Milotic|25\/100|[from] Salt Cure\n|upkeep\n|turn|6\n|\n|t:|1700419780\n|move|p2a: Ogerpon|Spiky Shield|p2a: Ogerpon\n|-singleturn|p2a: Ogerpon|move: Protect\n|move|p2b: Milotic|Coil|p2b: Milotic\n|-boost|p2b: Milotic|atk|1\n|-boost|p2b: Milotic|def|1\n|-boost|p2b: Milotic|accuracy|1\n|move|p1a: Rillaboom|Wood Hammer|p2a: Ogerpon\n|-activate|p2a: Ogerpon|move: Protect\n|-damage|p1a: Rillaboom|51\/100 brn|[from] Spiky Shield|[of] p2a: Ogerpon\n|move|p1b: Garganacl|Salt Cure|p2a: Ogerpon\n|-activate|p2a: Ogerpon|move: Protect\n|\n|-weather|Sandstorm|[upkeep]\n|-damage|p2b: Milotic|19\/100|[from] Sandstorm\n|-damage|p1a: Rillaboom|45\/100 brn|[from] Sandstorm\n|-damage|p1b: Garganacl|72\/100|[from] Sandstorm\n|-heal|p2a: Ogerpon|90\/100|[from] Grassy Terrain\n|-heal|p2b: Milotic|25\/100|[from] Grassy Terrain\n|-heal|p2b: Milotic|31\/100|[from] item: Leftovers\n|-heal|p1a: Rillaboom|51\/100 brn|[from] Grassy Terrain\n|-heal|p1b: Garganacl|78\/100|[from] Grassy Terrain\n|-damage|p1a: Rillaboom|45\/100 brn|[from] brn\n|-damage|p2b: Milotic|19\/100|[from] Salt Cure\n|-fieldend|move: Grassy Terrain\n|upkeep\n|turn|7\n|\n|t:|1700419790\n|move|p2a: Ogerpon|Follow Me|p2a: Ogerpon\n|-singleturn|p2a: Ogerpon|move: Follow Me\n|move|p2b: Milotic|Recover|p2b: Milotic\n|-heal|p2b: Milotic|69\/100\n|move|p1a: Rillaboom|Wood Hammer|p2a: Ogerpon\n|-damage|p2a: Ogerpon|51\/100\n|-damage|p1a: Rillaboom|35\/100 brn|[from] Recoil\n|move|p1b: Garganacl|Salt Cure|p2a: Ogerpon\n|-damage|p2a: Ogerpon|36\/100\n|-start|p2a: Ogerpon|Salt Cure\n|\n|-weather|none\n|-heal|p2b: Milotic|75\/100|[from] item: Leftovers\n|-damage|p1a: Rillaboom|29\/100 brn|[from] brn\n|-damage|p2a: Ogerpon|23\/100|[from] Salt Cure\n|-damage|p2b: Milotic|62\/100|[from] Salt Cure\n|upkeep\n|turn|8\n|\n|t:|1700419801\n|move|p2a: Ogerpon|Spiky Shield|p2a: Ogerpon\n|-singleturn|p2a: Ogerpon|move: Protect\n|move|p2b: Milotic|Hydro Pump|p1b: Garganacl\n|-damage|p1b: Garganacl|50\/100\n|-enditem|p1b: Garganacl|Sitrus Berry|[eat]\n|-heal|p1b: Garganacl|75\/100|[from] item: Sitrus Berry\n|move|p1a: Rillaboom|Wood Hammer|p2b: Milotic\n|-resisted|p2b: Milotic\n|-damage|p2b: Milotic|53\/100\n|-damage|p1a: Rillaboom|26\/100 brn|[from] Recoil\n|move|p1b: Garganacl|Iron Defense|p1b: Garganacl\n|-boost|p1b: Garganacl|def|2\n|\n|-heal|p2b: Milotic|59\/100|[from] item: Leftovers\n|-damage|p1a: Rillaboom|20\/100 brn|[from] brn\n|-damage|p2a: Ogerpon|11\/100|[from] Salt Cure\n|-damage|p2b: Milotic|46\/100|[from] Salt Cure\n|upkeep\n|turn|9\n|\n|t:|1700419817\n|move|p2a: Ogerpon|Ivy Cudgel|p1a: Rillaboom|[anim] Ivy Cudgel Rock\n|-damage|p1a: Rillaboom|0 fnt\n|faint|p1a: Rillaboom\n|move|p2b: Milotic|Hydro Pump|p1b: Garganacl\n|-damage|p1b: Garganacl|47\/100\n|move|p1b: Garganacl|Salt Cure|p2a: Ogerpon\n|-damage|p2a: Ogerpon|0 fnt\n|faint|p2a: Ogerpon\n|\n|-heal|p2b: Milotic|52\/100|[from] item: Leftovers\n|-damage|p2b: Milotic|40\/100|[from] Salt Cure\n|upkeep\n|\n|t:|1700419826\n|switch|p2a: Houndstone|Houndstone, L50, F|32\/100\n|switch|p1a: Flutter Mane|Flutter Mane, L50|100\/100\n|-enditem|p1a: Flutter Mane|Booster Energy\n|-activate|p1a: Flutter Mane|ability: Protosynthesis|[fromitem]\n|-start|p1a: Flutter Mane|protosynthesisspe\n|turn|10\n|\n|t:|1700419835\n|move|p1a: Flutter Mane|Protect|p1a: Flutter Mane\n|-singleturn|p1a: Flutter Mane|Protect\n|move|p2a: Houndstone|Last Respects|p1a: Flutter Mane\n|-activate|p1a: Flutter Mane|move: Protect\n|move|p2b: Milotic|Recover|p2b: Milotic\n|-heal|p2b: Milotic|90\/100\n|move|p1b: Garganacl|Recover|p1b: Garganacl\n|-heal|p1b: Garganacl|97\/100\n|\n|-heal|p2b: Milotic|96\/100|[from] item: Leftovers\n|-damage|p2b: Milotic|83\/100|[from] Salt Cure\n|upkeep\n|turn|11\n|\n|t:|1700419847\n|move|p1a: Flutter Mane|Substitute|p1a: Flutter Mane\n|-start|p1a: Flutter Mane|Substitute\n|-damage|p1a: Flutter Mane|76\/100\n|move|p2a: Houndstone|Last Respects|p1a: Flutter Mane\n|-supereffective|p1a: Flutter Mane\n|-end|p1a: Flutter Mane|Substitute\n|move|p2b: Milotic|Hydro Pump|p1a: Flutter Mane\n|-crit|p1a: Flutter Mane\n|-damage|p1a: Flutter Mane|11\/100\n|move|p1b: Garganacl|Salt Cure|p2a: Houndstone\n|-damage|p2a: Houndstone|16\/100\n|-start|p2a: Houndstone|Salt Cure\n|\n|-heal|p2b: Milotic|89\/100|[from] item: Leftovers\n|-damage|p2a: Houndstone|4\/100|[from] Salt Cure\n|-damage|p2b: Milotic|77\/100|[from] Salt Cure\n|upkeep\n|turn|12\n|\n|t:|1700419861\n|move|p1a: Flutter Mane|Protect|p1a: Flutter Mane\n|-singleturn|p1a: Flutter Mane|Protect\n|move|p2a: Houndstone|Last Respects|p1b: Garganacl\n|-supereffective|p1b: Garganacl\n|-damage|p1b: Garganacl|85\/100\n|move|p2b: Milotic|Hydro Pump|p1a: Flutter Mane\n|-activate|p1a: Flutter Mane|move: Protect\n|move|p1b: Garganacl|Salt Cure|p2a: Houndstone\n|-damage|p2a: Houndstone|0 fnt\n|faint|p2a: Houndstone\n|\n|-heal|p2b: Milotic|83\/100|[from] item: Leftovers\n|-damage|p2b: Milotic|70\/100|[from] Salt Cure\n|upkeep\n|turn|13\n|\n|t:|1700419893\n|move|p1b: Garganacl|Protect|p1b: Garganacl\n|-singleturn|p1b: Garganacl|Protect\n|move|p1a: Flutter Mane|Moonblast|p2b: Milotic\n|-damage|p2b: Milotic|39\/100\n|move|p2b: Milotic|Hydro Pump|p1a: Flutter Mane\n|-damage|p1a: Flutter Mane|0 fnt\n|faint|p1a: Flutter Mane\n|-end|p1a: Flutter Mane|Protosynthesis|[silent]\n|\n|-heal|p2b: Milotic|45\/100|[from] item: Leftovers\n|-damage|p2b: Milotic|32\/100|[from] Salt Cure\n|upkeep\n|turn|14\n|\n|t:|1700419904\n|move|p2b: Milotic|Recover|p2b: Milotic\n|-heal|p2b: Milotic|82\/100\n|move|p1b: Garganacl|Salt Cure|p2b: Milotic\n|-damage|p2b: Milotic|74\/100\n|\n|-heal|p2b: Milotic|80\/100|[from] item: Leftovers\n|-damage|p2b: Milotic|68\/100|[from] Salt Cure\n|upkeep\n|turn|15\n|\n|t:|1700419909\n|move|p1b: Garganacl|Protect|p1b: Garganacl\n|-singleturn|p1b: Garganacl|Protect\n|move|p2b: Milotic|Coil|p2b: Milotic\n|-boost|p2b: Milotic|atk|1\n|-boost|p2b: Milotic|def|1\n|-boost|p2b: Milotic|accuracy|1\n|\n|-heal|p2b: Milotic|74\/100|[from] item: Leftovers\n|-damage|p2b: Milotic|61\/100|[from] Salt Cure\n|upkeep\n|turn|16\n|\n|t:|1700419914\n|move|p2b: Milotic|Hydro Pump|p1b: Garganacl\n|-damage|p1b: Garganacl|58\/100\n|move|p1b: Garganacl|Salt Cure|p2b: Milotic\n|-damage|p2b: Milotic|55\/100\n|\n|-heal|p2b: Milotic|61\/100|[from] item: Leftovers\n|-damage|p2b: Milotic|48\/100|[from] Salt Cure\n|upkeep\n|turn|17\n|\n|t:|1700419918\n|move|p2b: Milotic|Hydro Pump|p1b: Garganacl\n|-damage|p1b: Garganacl|31\/100\n|move|p1b: Garganacl|Recover|p1b: Garganacl\n|-heal|p1b: Garganacl|82\/100\n|\n|-heal|p2b: Milotic|54\/100|[from] item: Leftovers\n|-damage|p2b: Milotic|42\/100|[from] Salt Cure\n|upkeep\n|turn|18\n|-message|Jumong forfeited.\n|\n|win|Kzejzkz\n|raw|Kzejzkz's rating: 1110 &rarr; <strong>1142<\/strong><br \/>(+32 for winning)\n|raw|Jumong's rating: 1213 &rarr; <strong>1181<\/strong><br \/>(-32 for losing)\n|l|\u2606Jumong\n","uploadtime":1700419927,"views":6,"p1id":"kzejzkz","p2id":"jumong","formatid":"gen9vgc2023regulatione","rating":1142,"private":0,"password":""}