{"id":"gen9vgc2023regulatione-1988473576","p1":"rexrail","p2":"carpe_panem","format":"[Gen 9] VGC 2023 Regulation E","log":"|j|\u2606rexrail\n|j|\u2606carpe_panem\n|t:|1699726726\n|gametype|doubles\n|player|p1|rexrail|mars|1000\n|player|p2|carpe_panem|266|1044\n|teamsize|p1|6\n|teamsize|p2|6\n|gen|9\n|tier|[Gen 9] VGC 2023 Regulation E\n|rated|\n|rule|Species Clause: Limit one of each Pok\u00e9mon\n|rule|Item Clause: Limit one of each item\n|clearpoke\n|poke|p1|Tinkaton, L50, F|\n|poke|p1|Rillaboom, L50, M|\n|poke|p1|Urshifu-*, L50, F|\n|poke|p1|Ogerpon-Wellspring, L50, F|\n|poke|p1|Tornadus, L50, M|\n|poke|p1|Salamence, L50, M|\n|poke|p2|Torterra, L50, M|\n|poke|p2|Grimmsnarl, L50, M|\n|poke|p2|Urshifu-*, L50, F|\n|poke|p2|Cresselia, L50, F|\n|poke|p2|Ursaluna-Bloodmoon, L50, M|\n|poke|p2|Dusclops, L50, M|\n|teampreview|4\n|inactive|Battle timer is ON: inactive players will automatically lose when time's up. (requested by rexrail)\n|inactive|rexrail has 60 seconds left.\n|inactive|carpe_panem has 60 seconds left.\ncarpe_panem rejected open team sheets.\n|inactive|carpe_panem has 30 seconds left.\n|inactive|carpe_panem has 20 seconds left.\n|inactive|carpe_panem has 15 seconds left.\n|\n|t:|1699726804\n|start\n|switch|p1a: Tornadus|Tornadus, L50, M|100\/100\n|switch|p1b: Ogerpon|Ogerpon-Wellspring, L50, F|100\/100\n|switch|p2a: Torterra|Torterra, L50, M|100\/100\n|switch|p2b: Grimmsnarl|Grimmsnarl, L50, M|100\/100\n|turn|1\n|inactive|rexrail has 30 seconds left.\n|inactive|rexrail has 20 seconds left.\n|\n|t:|1699726845\n|move|p1a: Tornadus|Rain Dance|p1a: Tornadus\n|-weather|RainDance\n|move|p2b: Grimmsnarl|Light Screen|p2b: Grimmsnarl\n|-sidestart|p2: carpe_panem|move: Light Screen\n|move|p1b: Ogerpon|Ivy Cudgel|p2b: Grimmsnarl\n|-damage|p2b: Grimmsnarl|23\/100\n|move|p2a: Torterra|Iron Defense|p2a: Torterra\n|-boost|p2a: Torterra|def|2\n|\n|-weather|RainDance|[upkeep]\n|upkeep\n|turn|2\n|\n|t:|1699726863\n|move|p1a: Tornadus|Tailwind|p1a: Tornadus\n|-sidestart|p1: rexrail|move: Tailwind\n|move|p2b: Grimmsnarl|Reflect|p2b: Grimmsnarl\n|-sidestart|p2: carpe_panem|Reflect\n|move|p1b: Ogerpon|Ivy Cudgel|p2b: Grimmsnarl\n|-damage|p2b: Grimmsnarl|0 fnt\n|faint|p2b: Grimmsnarl\n|move|p2a: Torterra|Iron Defense|p2a: Torterra\n|-boost|p2a: Torterra|def|2\n|\n|-weather|RainDance|[upkeep]\n|upkeep\n|\n|t:|1699726871\n|switch|p2b: Cresselia|Cresselia, L50, F|100\/100\n|turn|3\n|\n|t:|1699726880\n|move|p1b: Ogerpon|Ivy Cudgel|p2b: Cresselia\n|-crit|p2b: Cresselia\n|-damage|p2b: Cresselia|26\/100\n|move|p1a: Tornadus|Bleakwind Storm|p2b: Cresselia|[spread] p2a,p2b\n|-supereffective|p2a: Torterra\n|-damage|p2a: Torterra|56\/100\n|-damage|p2b: Cresselia|8\/100\n|-unboost|p2b: Cresselia|spe|1\n|move|p2a: Torterra|Iron Defense|p2a: Torterra\n|-boost|p2a: Torterra|def|2\n|move|p2b: Cresselia|Trick Room|p2b: Cresselia\n|-fieldstart|move: Trick Room|[of] p2b: Cresselia\n|\n|-weather|RainDance|[upkeep]\n|upkeep\n|turn|4\n|\n|t:|1699726896\n|move|p1b: Ogerpon|Follow Me|p1b: Ogerpon\n|-singleturn|p1b: Ogerpon|move: Follow Me\n|move|p2b: Cresselia|Lunar Blessing|p2b: Cresselia|[spread] p2a,p2b\n|-heal|p2a: Torterra|81\/100\n|-heal|p2b: Cresselia|33\/100\n|move|p2a: Torterra|Body Press|p1b: Ogerpon\n|-damage|p1b: Ogerpon|0 fnt\n|faint|p1b: Ogerpon\n|move|p1a: Tornadus|Bleakwind Storm|p2a: Torterra|[spread] p2a,p2b\n|-supereffective|p2a: Torterra\n|-damage|p2a: Torterra|41\/100\n|-damage|p2b: Cresselia|16\/100\n|-enditem|p2a: Torterra|Sitrus Berry|[eat]\n|-heal|p2a: Torterra|66\/100|[from] item: Sitrus Berry\n|\n|-weather|RainDance|[upkeep]\n|upkeep\n|\n|t:|1699726912\n|switch|p1b: Salamence|Salamence, L50, M|100\/100\n|-ability|p1b: Salamence|Intimidate|boost\n|-unboost|p2a: Torterra|atk|1\n|-unboost|p2b: Cresselia|atk|1\n|turn|5\n|\n|t:|1699726926\n|switch|p2b: Ursaluna|Ursaluna-Bloodmoon, L50, M|100\/100\n|move|p2a: Torterra|Body Press|p1b: Salamence\n|-resisted|p1b: Salamence\n|-damage|p1b: Salamence|51\/100\n|move|p1b: Salamence|Heat Wave|p2a: Torterra|[spread] p2a,p2b\n|-supereffective|p2a: Torterra\n|-damage|p2a: Torterra|52\/100\n|-damage|p2b: Ursaluna|92\/100\n|move|p1a: Tornadus|Bleakwind Storm|p2b: Ursaluna|[spread] p2a,p2b\n|-supereffective|p2a: Torterra\n|-damage|p2a: Torterra|10\/100\n|-damage|p2b: Ursaluna|61\/100\n|\n|-weather|none\n|-sideend|p1: rexrail|move: Tailwind\n|upkeep\n|turn|6\n|inactive|rexrail has 30 seconds left.\n|inactive|carpe_panem has 30 seconds left.\n|\n|t:|1699726955\n|-terastallize|p2a: Torterra|Fairy\n|move|p2b: Ursaluna|Blood Moon|p1b: Salamence\n|-damage|p1b: Salamence|0 fnt\n|faint|p1b: Salamence\n|-damage|p2b: Ursaluna|52\/100|[from] item: Life Orb\n|move|p2a: Torterra|Synthesis|p2a: Torterra\n|-heal|p2a: Torterra|60\/100\n|move|p1a: Tornadus|Bleakwind Storm|p2b: Ursaluna|[spread] p2a\n|-miss|p1a: Tornadus|p2b: Ursaluna\n|-damage|p2a: Torterra|37\/100\n|\n|upkeep\n|\n|t:|1699726967\n|switch|p1b: Tinkaton|Tinkaton, L50, F|100\/100\n|turn|7\n|\n|t:|1699726977\n|move|p1b: Tinkaton|Fake Out|p2a: Torterra\n|-damage|p2a: Torterra|35\/100\n|move|p1a: Tornadus|Rain Dance|p1a: Tornadus\n|-weather|RainDance\n|move|p2b: Ursaluna|Earth Power|p1b: Tinkaton\n|-supereffective|p1b: Tinkaton\n|-damage|p1b: Tinkaton|0 fnt\n|faint|p1b: Tinkaton\n|-damage|p2b: Ursaluna|42\/100|[from] item: Life Orb\n|cant|p2a: Torterra|flinch\n|\n|-weather|RainDance|[upkeep]\n|-fieldend|move: Trick Room\n|upkeep\n|turn|8\n|\n|t:|1699727002\n|move|p1a: Tornadus|Bleakwind Storm|p2a: Torterra|[spread] p2a,p2b\n|-damage|p2a: Torterra|12\/100\n|-damage|p2b: Ursaluna|16\/100\n|-unboost|p2a: Torterra|spe|1\n|move|p2b: Ursaluna|Blood Moon|p1a: Tornadus\n|-damage|p1a: Tornadus|0 fnt\n|faint|p1a: Tornadus\n|-damage|p2b: Ursaluna|6\/100|[from] item: Life Orb\n|\n|win|carpe_panem\n|raw|rexrail's rating: 1000 &rarr; <strong>1000<\/strong><br \/>(+0 for losing)\n|raw|carpe_panem's rating: 1044 &rarr; <strong>1073<\/strong><br \/>(+29 for winning)\n|l|\u2606rexrail\n","uploadtime":1699727015,"views":12,"p1id":"rexrail","p2id":"carpepanem","formatid":"gen9vgc2023regulatione","rating":1000,"private":0,"password":""}