{"id":"gen9vgc2023regulatione-1988339401","p1":"JohnnyHaxTesting","p2":"YoskinPataNegra","format":"[Gen 9] VGC 2023 Regulation E","log":"|j|\u2606JohnnyHaxTesting\n|j|\u2606YoskinPataNegra\n|t:|1699710884\n|gametype|doubles\n|player|p1|JohnnyHaxTesting|266|1225\n|player|p2|YoskinPataNegra|2|1319\n|teamsize|p1|6\n|teamsize|p2|6\n|gen|9\n|tier|[Gen 9] VGC 2023 Regulation E\n|rated|\n|rule|Species Clause: Limit one of each Pok\u00e9mon\n|rule|Item Clause: Limit one of each item\n|clearpoke\n|poke|p1|Dragalge, L50, M|\n|poke|p1|Clefairy, L50, M|\n|poke|p1|Ursaluna-Bloodmoon, L50, M|\n|poke|p1|Farigiraf, L50, M|\n|poke|p1|Torkoal, L50, M|\n|poke|p1|Cresselia, L50, F|\n|poke|p2|Rillaboom, L50, M|\n|poke|p2|Urshifu-*, L50, M|\n|poke|p2|Arcanine-Hisui, L50, M|\n|poke|p2|Clefairy, L50, F|\n|poke|p2|Tornadus, L50, M|\n|poke|p2|Gastrodon-East, L50, F|\n|teampreview|4\n|inactive|Battle timer is ON: inactive players will automatically lose when time's up. (requested by JohnnyHaxTesting)\nJohnnyHaxTesting has agreed to open team sheets.\n|inactive|JohnnyHaxTesting has 60 seconds left.\nYoskinPataNegra has agreed to open team sheets.\n|\n|t:|1699710941\n|start\n|switch|p1a: Farigiraf|Farigiraf, L50, M|100\/100\n|switch|p1b: Clefairy|Clefairy, L50, M|100\/100\n|switch|p2a: Tornadus|Tornadus, L50, M, shiny|100\/100\n|switch|p2b: Clefairy|Clefairy, L50, F, shiny|100\/100\n|turn|1\n|\n|t:|1699710961\n|move|p2a: Tornadus|Rain Dance|p2a: Tornadus\n|-weather|RainDance\n|move|p1a: Farigiraf|Nasty Plot|p1a: Farigiraf\n|-boost|p1a: Farigiraf|spa|2\n|move|p2b: Clefairy|Encore|p1a: Farigiraf\n|-start|p1a: Farigiraf|Encore\n|move|p1b: Clefairy|Heal Pulse|p1a: Farigiraf\n|-fail|p1a: Farigiraf|heal\n|\n|-weather|RainDance|[upkeep]\n|upkeep\n|turn|2\n|\n|t:|1699710976\n|move|p1b: Clefairy|Follow Me|p1b: Clefairy\n|-singleturn|p1b: Clefairy|move: Follow Me\n|move|p2a: Tornadus|Taunt||[still]\n|cant|p1a: Farigiraf|ability: Armor Tail|Taunt|[of] p2a: Tornadus\n|move|p1a: Farigiraf|Nasty Plot|p1a: Farigiraf\n|-boost|p1a: Farigiraf|spa|2\n|move|p2b: Clefairy|Moonblast|p1b: Clefairy\n|-damage|p1b: Clefairy|78\/100\n|\n|-weather|RainDance|[upkeep]\n|upkeep\n|turn|3\n|\n|t:|1699710996\n|move|p1b: Clefairy|Follow Me|p1b: Clefairy\n|-singleturn|p1b: Clefairy|move: Follow Me\n|move|p2a: Tornadus|Bleakwind Storm|p1b: Clefairy|[spread] p1a,p1b\n|-damage|p1a: Farigiraf|77\/100\n|-damage|p1b: Clefairy|48\/100\n|-unboost|p1b: Clefairy|spe|1\n|move|p1a: Farigiraf|Nasty Plot|p1a: Farigiraf\n|-boost|p1a: Farigiraf|spa|2\n|move|p2b: Clefairy|Moonblast|p1b: Clefairy\n|-damage|p1b: Clefairy|26\/100\n|\n|-weather|RainDance|[upkeep]\n|upkeep\n|turn|4\n|\n|t:|1699711020\n|move|p1b: Clefairy|Protect|p1b: Clefairy\n|-singleturn|p1b: Clefairy|Protect\n|move|p2a: Tornadus|Tailwind|p2a: Tornadus\n|-sidestart|p2: YoskinPataNegra|move: Tailwind\n|move|p2b: Clefairy|Moonblast|p1b: Clefairy\n|-activate|p1b: Clefairy|move: Protect\n|move|p1a: Farigiraf|Nasty Plot|p1a: Farigiraf\n|-boost|p1a: Farigiraf|spa|0\n|\n|-weather|RainDance|[upkeep]\n|-end|p1a: Farigiraf|Encore\n|upkeep\n|turn|5\n|inactive|JohnnyHaxTesting has 30 seconds left.\n|inactive|JohnnyHaxTesting has 20 seconds left.\n|\n|t:|1699711065\n|move|p1b: Clefairy|Protect||[still]\n|-fail|p1b: Clefairy\n|move|p2a: Tornadus|Bleakwind Storm|p1a: Farigiraf|[spread] p1a,p1b\n|-damage|p1a: Farigiraf|51\/100\n|-damage|p1b: Clefairy|0 fnt\n|-unboost|p1a: Farigiraf|spe|1\n|faint|p1b: Clefairy\n|move|p2b: Clefairy|Encore|p1a: Farigiraf\n|-start|p1a: Farigiraf|Encore\n|move|p1a: Farigiraf|Nasty Plot|p1a: Farigiraf\n|-boost|p1a: Farigiraf|spa|0\n|\n|-weather|none\n|upkeep\n|inactive|JohnnyHaxTesting has 30 seconds left.\n|\n|t:|1699711091\n|switch|p1b: Ursaluna|Ursaluna-Bloodmoon, L50, M|100\/100\n|turn|6\n|\n|t:|1699711104\n|switch|p1a: Dragalge|Dragalge, L50, M|100\/100\n|-terastallize|p2a: Tornadus|Steel\n|move|p2a: Tornadus|Bleakwind Storm|p1a: Dragalge|[spread] p1b\n|-miss|p2a: Tornadus|p1a: Dragalge\n|-damage|p1b: Ursaluna|62\/100\n|move|p2b: Clefairy|Moonblast|p1a: Dragalge\n|-damage|p1a: Dragalge|80\/100\n|move|p1b: Ursaluna|Hyper Voice|p2b: Clefairy|[spread] p2a,p2b\n|-resisted|p2a: Tornadus\n|-damage|p2a: Tornadus|81\/100\n|-damage|p2b: Clefairy|58\/100\n|-damage|p1b: Ursaluna|53\/100|[from] item: Life Orb\n|\n|upkeep\n|turn|7\n|inactive|JohnnyHaxTesting has 30 seconds left.\n|\n|t:|1699711130\n|switch|p1a: Farigiraf|Farigiraf, L50, M|51\/100\n|move|p1b: Ursaluna|Protect|p1b: Ursaluna\n|-singleturn|p1b: Ursaluna|Protect\n|move|p2a: Tornadus|Rain Dance|p2a: Tornadus\n|-weather|RainDance\n|move|p2b: Clefairy|Heal Pulse|p2a: Tornadus\n|-heal|p2a: Tornadus|100\/100\n|\n|-weather|RainDance|[upkeep]\n|-sideend|p2: YoskinPataNegra|move: Tailwind\n|upkeep\n|turn|8\n|\n|t:|1699711147\n|move|p2a: Tornadus|Bleakwind Storm|p1a: Farigiraf|[spread] p1a,p1b\n|-damage|p1a: Farigiraf|17\/100\n|-damage|p1b: Ursaluna|16\/100\n|-unboost|p1a: Farigiraf|spe|1\n|-enditem|p1a: Farigiraf|Sitrus Berry|[eat]\n|-heal|p1a: Farigiraf|42\/100|[from] item: Sitrus Berry\n|move|p2b: Clefairy|Moonblast|p1a: Farigiraf\n|-damage|p1a: Farigiraf|21\/100\n|-unboost|p1a: Farigiraf|spa|1\n|move|p1b: Ursaluna|Earth Power|p2a: Tornadus\n|-supereffective|p2a: Tornadus\n|-damage|p2a: Tornadus|0 fnt\n|faint|p2a: Tornadus\n|-damage|p1b: Ursaluna|6\/100|[from] item: Life Orb\n|move|p1a: Farigiraf|Trick Room|p1a: Farigiraf\n|-fieldstart|move: Trick Room|[of] p1a: Farigiraf\n|\n|-weather|RainDance|[upkeep]\n|upkeep\n|\n|t:|1699711162\n|switch|p2a: Arcanine|Arcanine-Hisui, L50, M, shiny|100\/100\n|-ability|p2a: Arcanine|Intimidate|boost\n|-unboost|p1a: Farigiraf|atk|1\n|-unboost|p1b: Ursaluna|atk|1\n|turn|9\n|\n|t:|1699711180\n|move|p1b: Ursaluna|Blood Moon|p2b: Clefairy\n|-damage|p2b: Clefairy|0 fnt\n|faint|p2b: Clefairy\n|-damage|p1b: Ursaluna|0 fnt|[from] item: Life Orb\n|faint|p1b: Ursaluna\n|move|p1a: Farigiraf|Psychic|p2a: Arcanine\n|-damage|p2a: Arcanine|71\/100\n|move|p2a: Arcanine|Flare Blitz|p1a: Farigiraf\n|-damage|p1a: Farigiraf|0 fnt\n|faint|p1a: Farigiraf\n|-damage|p2a: Arcanine|62\/100|[from] Recoil\n|\n|-weather|RainDance|[upkeep]\n|upkeep\n|\n|t:|1699711198\n|switch|p2b: Urshifu|Urshifu-Rapid-Strike, L50, M|100\/100\n|switch|p1a: Dragalge|Dragalge, L50, M|80\/100\n|turn|10\n|\n|t:|1699711208\n|move|p1a: Dragalge|Draco Meteor|p2b: Urshifu\n|-damage|p2b: Urshifu|0 fnt\n|-unboost|p1a: Dragalge|spa|2\n|faint|p2b: Urshifu\n|move|p2a: Arcanine|Flare Blitz|p1a: Dragalge\n|-resisted|p1a: Dragalge\n|-damage|p1a: Dragalge|57\/100\n|-damage|p2a: Arcanine|55\/100|[from] Recoil\n|\n|-weather|RainDance|[upkeep]\n|upkeep\n|turn|11\n|\n|t:|1699711218\n|move|p1a: Dragalge|Draco Meteor|p2a: Arcanine\n|-damage|p2a: Arcanine|0 fnt\n|-unboost|p1a: Dragalge|spa|2\n|faint|p2a: Arcanine\n|\n|win|JohnnyHaxTesting\n|raw|JohnnyHaxTesting's rating: 1225 &rarr; <strong>1257<\/strong><br \/>(+32 for winning)\n|raw|YoskinPataNegra's rating: 1319 &rarr; <strong>1294<\/strong><br \/>(-25 for losing)\n","uploadtime":1699711226,"views":20,"p1id":"johnnyhaxtesting","p2id":"yoskinpatanegra","formatid":"gen9vgc2023regulatione","rating":1257,"private":0,"password":""}