{"id":"gen9vgc2023regulatione-2000510343","p1":"secretstudent","p2":"Rodito19","format":"[Gen 9] VGC 2023 Regulation E","log":"|j|\u2606secretstudent\n|j|\u2606Rodito19\n|t:|1701200867\n|gametype|doubles\n|player|p1|secretstudent|beauty|1234\n|player|p2|Rodito19|ethan|1172\n|teamsize|p1|6\n|teamsize|p2|6\n|gen|9\n|tier|[Gen 9] VGC 2023 Regulation E\n|rated|\n|rule|Species Clause: Limit one of each Pok\u00e9mon\n|rule|Item Clause: Limit one of each item\n|clearpoke\n|poke|p1|Chien-Pao, L50|\n|poke|p1|Amoonguss, L50, M|\n|poke|p1|Hatterene, L50, F|\n|poke|p1|Gyarados, L50, M|\n|poke|p1|Volcarona, L50, F|\n|poke|p1|Ogerpon, L50, F|\n|poke|p2|Ogerpon-Wellspring, L50, F|\n|poke|p2|Landorus-Therian, L50, M|\n|poke|p2|Cresselia, L50, F|\n|poke|p2|Iron Hands, L50|\n|poke|p2|Heatran, L50, F|\n|poke|p2|Flutter Mane, L50|\n|teampreview|4\n|\n|t:|1701200910\n|start\n|switch|p1a: Volcarona|Volcarona, L50, F|100\/100\n|switch|p1b: Ogerpon|Ogerpon, L50, F|100\/100\n|switch|p2a: Iron Hands|Iron Hands, L50|100\/100\n|switch|p2b: Landorus|Landorus-Therian, L50, M, shiny|100\/100\n|-ability|p2b: Landorus|Intimidate|boost\n|-unboost|p1a: Volcarona|atk|1\n|-unboost|p1b: Ogerpon|atk|1\n|-ability|p1b: Ogerpon|Defiant|boost\n|-boost|p1b: Ogerpon|atk|2\n|turn|1\n|\n|t:|1701200934\n|move|p1b: Ogerpon|Spiky Shield|p1b: Ogerpon\n|-singleturn|p1b: Ogerpon|move: Protect\n|move|p2a: Iron Hands|Fake Out|p1a: Volcarona\n|-damage|p1a: Volcarona|79\/100\n|move|p2b: Landorus|Rock Slide|p1b: Ogerpon|[spread] p1a\n|-activate|p1b: Ogerpon|move: Protect\n|-supereffective|p1a: Volcarona\n|-damage|p1a: Volcarona|0 fnt\n|faint|p1a: Volcarona\n|-damage|p2b: Landorus|91\/100|[from] item: Life Orb\n|\n|upkeep\n|\n|t:|1701200942\n|switch|p1a: Gyarados|Gyarados, L50, M|100\/100\n|-ability|p1a: Gyarados|Intimidate|boost\n|-unboost|p2a: Iron Hands|atk|1\n|-unboost|p2b: Landorus|atk|1\n|turn|2\n|\n|t:|1701200980\n|-terastallize|p2b: Landorus|Flying\n|move|p1b: Ogerpon|Follow Me|p1b: Ogerpon\n|-singleturn|p1b: Ogerpon|move: Follow Me\n|move|p1a: Gyarados|Waterfall|p2b: Landorus\n|-damage|p2b: Landorus|47\/100\n|move|p2b: Landorus|Tera Blast|p1b: Ogerpon|[anim] Tera Blast Flying\n|-supereffective|p1b: Ogerpon\n|-damage|p1b: Ogerpon|0 fnt\n|faint|p1b: Ogerpon\n|-damage|p2b: Landorus|37\/100|[from] item: Life Orb\n|move|p2a: Iron Hands|Close Combat|p1a: Gyarados\n|-resisted|p1a: Gyarados\n|-damage|p1a: Gyarados|70\/100\n|-unboost|p2a: Iron Hands|def|1\n|-unboost|p2a: Iron Hands|spd|1\n|\n|upkeep\n|\n|t:|1701200987\n|switch|p1b: Chien-Pao|Chien-Pao, L50|100\/100\n|-ability|p1b: Chien-Pao|Sword of Ruin\n|turn|3\n|\n|t:|1701201009\n|-end|p2a: Iron Hands|Quark Drive|[silent]\n|switch|p2a: Heatran|Heatran, L50, F|100\/100\n|-terastallize|p1b: Chien-Pao|Ghost\n|move|p1b: Chien-Pao|Icicle Crash|p2b: Landorus\n|-supereffective|p2b: Landorus\n|-damage|p2b: Landorus|0 fnt\n|faint|p2b: Landorus\n|move|p1a: Gyarados|Waterfall|p2a: Heatran\n|-supereffective|p2a: Heatran\n|-damage|p2a: Heatran|3\/100\n|\n|upkeep\n|\n|t:|1701201022\n|switch|p2b: Flutter Mane|Flutter Mane, L50|100\/100\n|-enditem|p2b: Flutter Mane|Booster Energy\n|-activate|p2b: Flutter Mane|ability: Protosynthesis|[fromitem]\n|-start|p2b: Flutter Mane|protosynthesisspa\n|turn|4\n|\n|t:|1701201040\n|move|p1b: Chien-Pao|Protect|p1b: Chien-Pao\n|-singleturn|p1b: Chien-Pao|Protect\n|move|p2b: Flutter Mane|Protect|p2b: Flutter Mane\n|-singleturn|p2b: Flutter Mane|Protect\n|move|p1a: Gyarados|Waterfall|p2b: Flutter Mane\n|-activate|p2b: Flutter Mane|move: Protect\n|move|p2a: Heatran|Heat Wave|p1b: Chien-Pao|[spread] \n|-activate|p1b: Chien-Pao|move: Protect\n|-miss|p2a: Heatran|p1a: Gyarados\n|\n|upkeep\n|turn|5\n|\n|t:|1701201068\n|move|p2a: Heatran|Protect|p2a: Heatran\n|-singleturn|p2a: Heatran|Protect\n|move|p1b: Chien-Pao|Sucker Punch|p2b: Flutter Mane\n|-damage|p2b: Flutter Mane|0 fnt\n|faint|p2b: Flutter Mane\n|-end|p2b: Flutter Mane|Protosynthesis|[silent]\n|move|p1a: Gyarados|Waterfall|p2a: Heatran\n|-activate|p2a: Heatran|move: Protect\n|\n|upkeep\n|-message|Rodito19 forfeited.\n|\n|win|secretstudent\n|raw|secretstudent's rating: 1234 &rarr; <strong>1255<\/strong><br \/>(+21 for winning)\n|raw|Rodito19's rating: 1172 &rarr; <strong>1151<\/strong><br \/>(-21 for losing)\n|l|\u2606Rodito19\n","uploadtime":1701201080,"views":0,"p1id":"secretstudent","p2id":"rodito19","formatid":"gen9vgc2023regulatione","rating":1151,"private":0,"password":""}