{"id":"gen9vgc2023regulatione-1994707718","p1":"IlMiracolo22","p2":"Toslowbro30","format":"[Gen 9] VGC 2023 Regulation E","log":"|j|\u2606IlMiracolo22\n|j|\u2606Toslowbro30\n|t:|1700483913\n|gametype|doubles\n|player|p1|IlMiracolo22|101|1347\n|player|p2|Toslowbro30|red|1402\n|teamsize|p1|6\n|teamsize|p2|6\n|gen|9\n|tier|[Gen 9] VGC 2023 Regulation E\n|rated|\n|rule|Species Clause: Limit one of each Pok\u00e9mon\n|rule|Item Clause: Limit one of each item\n|clearpoke\n|poke|p1|Tornadus, L50, M|\n|poke|p1|Arcanine-Hisui, L50, M|\n|poke|p1|Iron Hands, L50|\n|poke|p1|Gholdengo, L50|\n|poke|p1|Urshifu-*, L50, M|\n|poke|p1|Amoonguss, L50, M|\n|poke|p2|Urshifu-*, L50, F|\n|poke|p2|Iron Hands, L50|\n|poke|p2|Flutter Mane, L50|\n|poke|p2|Chi-Yu, L50|\n|poke|p2|Tornadus, L50, M|\n|poke|p2|Landorus-Therian, L50, M|\n|teampreview|4\nIlMiracolo22 has agreed to open team sheets.\nToslowbro30 has agreed to open team sheets.\n|c|\u2606IlMiracolo22|what the hell is fairy feather??\n|c|\u2606Toslowbro30|same as pixie plate\n|\n|t:|1700483966\n|start\n|switch|p1a: Arcanine|Arcanine-Hisui, L50, M|100\/100\n|switch|p1b: Tornadus|Tornadus, L50, M|100\/100\n|switch|p2a: Tornadus|Tornadus, L50, M|100\/100\n|switch|p2b: Landorus|Landorus-Therian, L50, M|100\/100\n|-ability|p2b: Landorus|Intimidate|boost\n|-unboost|p1a: Arcanine|atk|1\n|-unboost|p1b: Tornadus|atk|1\n|-ability|p1a: Arcanine|Intimidate|boost\n|-unboost|p2a: Tornadus|atk|1\n|-unboost|p2b: Landorus|atk|1\n|turn|1\n|c|\u2606IlMiracolo22|cool\n|\n|t:|1700483998\n|-terastallize|p1a: Arcanine|Fairy\n|move|p2a: Tornadus|Tailwind|p2a: Tornadus\n|-sidestart|p2: Toslowbro30|move: Tailwind\n|move|p2b: Landorus|U-turn|p1a: Arcanine\n|-resisted|p1a: Arcanine\n|-damage|p1a: Arcanine|90\/100\n|\n|t:|1700484004\n|switch|p2b: Iron Hands|Iron Hands, L50, shiny|100\/100|[from] U-turn\n|move|p1b: Tornadus|Bleakwind Storm|p2b: Iron Hands|[spread] p2b\n|-miss|p1b: Tornadus|p2a: Tornadus\n|-damage|p2b: Iron Hands|84\/100\n|move|p1a: Arcanine|Head Smash|p2b: Iron Hands\n|-resisted|p2b: Iron Hands\n|-damage|p2b: Iron Hands|56\/100\n|-damage|p1a: Arcanine|71\/100|[from] Recoil\n|\n|upkeep\n|turn|2\n|\n|t:|1700484025\n|move|p2b: Iron Hands|Fake Out|p1a: Arcanine\n|-damage|p1a: Arcanine|55\/100\n|move|p1b: Tornadus|Tailwind|p1b: Tornadus\n|-sidestart|p1: IlMiracolo22|move: Tailwind\n|move|p2a: Tornadus|Bleakwind Storm|p1b: Tornadus|[spread] p1b\n|-miss|p2a: Tornadus|p1a: Arcanine\n|-damage|p1b: Tornadus|68\/100\n|cant|p1a: Arcanine|flinch\n|\n|upkeep\n|turn|3\n|\n|t:|1700484045\n|switch|p2a: Landorus|Landorus-Therian, L50, M|100\/100\n|-ability|p2a: Landorus|Intimidate|boost\n|-unboost|p1a: Arcanine|atk|1\n|-unboost|p1b: Tornadus|atk|1\n|move|p1b: Tornadus|Bleakwind Storm|p2b: Iron Hands|[spread] \n|-miss|p1b: Tornadus|p2a: Landorus\n|-miss|p1b: Tornadus|p2b: Iron Hands\n|move|p1a: Arcanine|Head Smash|p2b: Iron Hands|[miss]\n|-miss|p1a: Arcanine|p2b: Iron Hands\n|move|p2b: Iron Hands|Wild Charge|p1b: Tornadus\n|-supereffective|p1b: Tornadus\n|-crit|p1b: Tornadus\n|-damage|p1b: Tornadus|0 fnt\n|faint|p1b: Tornadus\n|-damage|p2b: Iron Hands|43\/100|[from] Recoil\n|\n|upkeep\n|\n|t:|1700484054\n|switch|p1b: Urshifu|Urshifu-Rapid-Strike, L50, M|100\/100\n|turn|4\n|c|\u2606IlMiracolo22|same old story\n|\n|t:|1700484070\n|switch|p1a: Iron Hands|Iron Hands, L50|100\/100\n|-terastallize|p2a: Landorus|Flying\n|move|p2a: Landorus|Tera Blast|p1b: Urshifu|[anim] Tera Blast Flying\n|-supereffective|p1b: Urshifu\n|-damage|p1b: Urshifu|0 fnt\n|faint|p1b: Urshifu\n|move|p2b: Iron Hands|Wild Charge|p1a: Iron Hands\n|-resisted|p1a: Iron Hands\n|-damage|p1a: Iron Hands|85\/100\n|-damage|p2b: Iron Hands|39\/100|[from] Recoil\n|\n|-sideend|p2: Toslowbro30|move: Tailwind\n|upkeep\n|\n|t:|1700484077\n|switch|p1b: Arcanine|Arcanine-Hisui, L50, M, tera:Fairy|55\/100\n|-ability|p1b: Arcanine|Intimidate|boost\n|-unboost|p2a: Landorus|atk|1\n|-unboost|p2b: Iron Hands|atk|1\n|turn|5\n|\n|t:|1700484096\n|switch|p2a: Chi-Yu|Chi-Yu, L50|100\/100\n|-ability|p2a: Chi-Yu|Beads of Ruin\n|move|p1a: Iron Hands|Fake Out|p2a: Chi-Yu\n|-damage|p2a: Chi-Yu|78\/100\n|move|p1b: Arcanine|Rock Slide|p2a: Chi-Yu|[spread] p2a,p2b\n|-supereffective|p2a: Chi-Yu\n|-resisted|p2b: Iron Hands\n|-damage|p2a: Chi-Yu|0 fnt\n|-damage|p2b: Iron Hands|24\/100\n|faint|p2a: Chi-Yu\n|cant|p2b: Iron Hands|flinch\n|\n|-sideend|p1: IlMiracolo22|move: Tailwind\n|upkeep\n|\n|t:|1700484109\n|switch|p2a: Landorus|Landorus-Therian, L50, M, tera:Flying|100\/100\n|-ability|p2a: Landorus|Intimidate|boost\n|-unboost|p1a: Iron Hands|atk|1\n|-unboost|p1b: Arcanine|atk|1\n|turn|6\n|\n|t:|1700484124\n|-end|p2b: Iron Hands|Quark Drive|[silent]\n|switch|p2b: Tornadus|Tornadus, L50, M|100\/100\n|move|p2a: Landorus|Tera Blast|p1b: Arcanine|[anim] Tera Blast Flying\n|-damage|p1b: Arcanine|0 fnt\n|faint|p1b: Arcanine\n|move|p1a: Iron Hands|Drain Punch|p2b: Tornadus\n|-resisted|p2b: Tornadus\n|-damage|p2b: Tornadus|79\/100\n|-heal|p1a: Iron Hands|92\/100|[from] drain|[of] p2b: Tornadus\n|\n|upkeep\n|turn|7\n|c|\u2606IlMiracolo22|gg\n|\n|t:|1700484136\n|move|p2b: Tornadus|Tailwind|p2b: Tornadus\n|-sidestart|p2: Toslowbro30|move: Tailwind\n|move|p2a: Landorus|Tera Blast|p1a: Iron Hands|[anim] Tera Blast Flying\n|-damage|p1a: Iron Hands|51\/100\n|move|p1a: Iron Hands|Wild Charge|p2b: Tornadus\n|-supereffective|p2b: Tornadus\n|-damage|p2b: Tornadus|0 fnt\n|faint|p2b: Tornadus\n|-damage|p1a: Iron Hands|38\/100|[from] Recoil\n|\n|upkeep\n|c|\u2606Toslowbro30|gg\n|c|\u2606IlMiracolo22|nice team\n|c|\u2606Toslowbro30|those misses where bad\n|c|\u2606Toslowbro30|thanks man :)\n|c|\u2606IlMiracolo22|Yea\n|\n|t:|1700484160\n|switch|p2b: Iron Hands|Iron Hands, L50, shiny|24\/100\n|turn|8\n|c|\u2606Toslowbro30|Have a nice day!\n|c|\u2606IlMiracolo22|Without that miss, we would speak about another play\n|c|\u2606Toslowbro30|Are you heading to stuttgart regionals?\n|\n|t:|1700484191\n|move|p2b: Iron Hands|Fake Out|p1a: Iron Hands\n|-damage|p1a: Iron Hands|29\/100\n|move|p2a: Landorus|Tera Blast|p1a: Iron Hands|[anim] Tera Blast Flying\n|-damage|p1a: Iron Hands|0 fnt\n|faint|p1a: Iron Hands\n|-end|p1a: Iron Hands|Quark Drive|[silent]\n|\n|win|Toslowbro30\n|raw|IlMiracolo22's rating: 1347 &rarr; <strong>1330<\/strong><br \/>(-17 for losing)\n|raw|Toslowbro30's rating: 1402 &rarr; <strong>1419<\/strong><br \/>(+17 for winning)\n|c|\u2606IlMiracolo22|At the moment no\n|c|\u2606Toslowbro30|Ahh unfortunate\n|c|\u2606IlMiracolo22|I'm starting now play this season\n|c|\u2606Toslowbro30|If you just started, you play very goof\n|c|\u2606IlMiracolo22|For a year, I prefered stop playing\n|c|\u2606Toslowbro30|good\n|c|\u2606Toslowbro30|No dont quit\n|c|\u2606IlMiracolo22|Thx, I started follow and play VGC in SwSh era\n|c|\u2606Toslowbro30|Just dont play to much\n|c|\u2606Toslowbro30|Couple games a day\n|c|\u2606Toslowbro30|Sometimes a 2week break\n|c|\u2606Toslowbro30|Overtime you will become a better player\n|c|\u2606IlMiracolo22|thx for the suggestions\n|c|\u2606Toslowbro30|No problem\n|c|\u2606Toslowbro30|Gotta support the community\n|c|\u2606IlMiracolo22|Thx so much\n","uploadtime":1700484396,"views":9,"p1id":"ilmiracolo22","p2id":"toslowbro30","formatid":"gen9vgc2023regulatione","rating":1330,"private":0,"password":""}