{"id":"gen9vgc2023regulatione-1989311470","p1":"bway","p2":"Bobthenoivern","format":"[Gen 9] VGC 2023 Regulation E","log":"|j|\u2606bway\n|j|\u2606Bobthenoivern\n|t:|1699834963\n|gametype|doubles\n|player|p1|bway|265|1103\n|player|p2|Bobthenoivern|pokemaniac|1170\n|teamsize|p1|6\n|teamsize|p2|6\n|gen|9\n|tier|[Gen 9] VGC 2023 Regulation E\n|rated|\n|rule|Species Clause: Limit one of each Pok\u00e9mon\n|rule|Item Clause: Limit one of each item\n|clearpoke\n|poke|p1|Piplup, L50, M|\n|poke|p1|Farigiraf, L50, F|\n|poke|p1|Sinistcha, L50|\n|poke|p1|Iron Hands, L50|\n|poke|p1|Ogerpon-Hearthflame, L50, F|\n|poke|p1|Landorus-Therian, L50, M|\n|poke|p2|Tauros-Paldea-Aqua, L50, M|\n|poke|p2|Ting-Lu, L50|\n|poke|p2|Tornadus, L50, M|\n|poke|p2|Ogerpon-Wellspring, L50, F|\n|poke|p2|Rillaboom, L50, F|\n|poke|p2|Zoroark-Hisui, L50, M|\n|teampreview|4\nbway rejected open team sheets.\n|\n|t:|1699834992\n|start\n|switch|p1a: Farigiraf|Farigiraf, L50, F|100\/100\n|switch|p1b: Piplup|Piplup, L50, M|100\/100\n|switch|p2a: Jotaro|Tauros-Paldea-Aqua, L50, M|100\/100\n|switch|p2b: Ting-Lu|Ting-Lu, L50|100\/100\n|-ability|p2b: Ting-Lu|Vessel of Ruin\n|turn|1\n|\n|t:|1699835013\n|move|p1b: Piplup|Protect|p1b: Piplup\n|-singleturn|p1b: Piplup|Protect\n|move|p2a: Jotaro|Hyper Beam|p1a: Farigiraf\n|-damage|p1a: Farigiraf|46\/100\n|-mustrecharge|p2a: Jotaro\n|move|p2b: Ting-Lu|Lash Out|p1a: Farigiraf\n|-supereffective|p1a: Farigiraf\n|-damage|p1a: Farigiraf|0 fnt\n|faint|p1a: Farigiraf\n|\n|upkeep\n|\n|t:|1699835025\n|switch|p1a: Sinistcha|Sinistcha, L50|100\/100\n|turn|2\n|\n|t:|1699835034\n|-terastallize|p1a: Sinistcha|Grass\n|cant|p2a: Jotaro|recharge\n|move|p1a: Sinistcha|Matcha Gotcha|p2b: Ting-Lu|[spread] p2b\n|-miss|p1a: Sinistcha|p2a: Jotaro\n|-supereffective|p2b: Ting-Lu\n|-damage|p2b: Ting-Lu|64\/100\n|move|p2b: Ting-Lu|Lash Out|p1a: Sinistcha\n|-damage|p1a: Sinistcha|65\/100\n|move|p1b: Piplup|Yawn|p2b: Ting-Lu\n|-start|p2b: Ting-Lu|move: Yawn|[of] p1b: Piplup\n|\n|-heal|p2b: Ting-Lu|70\/100|[from] item: Leftovers\n|upkeep\n|turn|3\n|\n|t:|1699835052\n|switch|p2b: Rillaboom|Rillaboom, L50, F|100\/100\n|-fieldstart|move: Grassy Terrain|[from] ability: Grassy Surge|[of] p2b: Rillaboom\n|move|p2a: Jotaro|Will-O-Wisp|p1a: Sinistcha\n|-status|p1a: Sinistcha|brn\n|move|p1a: Sinistcha|Matcha Gotcha|p2a: Jotaro|[spread] p2b\n|-miss|p1a: Sinistcha|p2a: Jotaro\n|-resisted|p2b: Rillaboom\n|-damage|p2b: Rillaboom|83\/100\n|-heal|p1a: Sinistcha|75\/100 brn|[from] drain|[of] p2b: Rillaboom\n|move|p1b: Piplup|Fling|p1a: Sinistcha\n|-damage|p1a: Sinistcha|74\/100 brn\n|-boost|p1a: Sinistcha|spa|1|[from] item: Petaya Berry\n|-enditem|p1b: Piplup|Petaya Berry|[from] move: Fling\n|\n|-heal|p2b: Rillaboom|89\/100|[from] Grassy Terrain\n|-heal|p1a: Sinistcha|80\/100 brn|[from] Grassy Terrain\n|-damage|p1a: Sinistcha|74\/100 brn|[from] brn\n|upkeep\n|turn|4\n|\n|t:|1699835077\n|move|p2b: Rillaboom|Fake Out|p1a: Sinistcha\n|-damage|p1a: Sinistcha|59\/100 brn\n|move|p2a: Jotaro|Hex|p1a: Sinistcha\n|-damage|p1a: Sinistcha|0 fnt\n|faint|p1a: Sinistcha\n|move|p1b: Piplup|Yawn|p2b: Rillaboom\n|-start|p2b: Rillaboom|move: Yawn|[of] p1b: Piplup\n|\n|-heal|p2b: Rillaboom|95\/100|[from] Grassy Terrain\n|upkeep\n|\n|t:|1699835082\n|switch|p1a: Ogerpon|Ogerpon-Hearthflame, L50, F|100\/100\n|-ability|p1a: Ogerpon|Mold Breaker\n|turn|5\n|\n|t:|1699835098\n|move|p1b: Piplup|Protect|p1b: Piplup\n|-singleturn|p1b: Piplup|Protect\n|move|p1a: Ogerpon|Horn Leech|p2a: Jotaro\n|-enditem|p2a: Jotaro|Focus Sash\n|-damage|p2a: Jotaro|1\/100\n|replace|p2a: Zenith|Zoroark-Hisui, L50, M, shiny\n|-end|p2a: Zenith|Illusion\n|move|p2a: Zenith|Hyper Beam|p1a: Ogerpon|[miss]\n|-miss|p2a: Zenith|p1a: Ogerpon\n|move|p2b: Rillaboom|Wood Hammer|p1a: Ogerpon\n|-resisted|p1a: Ogerpon\n|-damage|p1a: Ogerpon|72\/100\n|-damage|p2b: Rillaboom|87\/100|[from] Recoil\n|\n|-heal|p1a: Ogerpon|78\/100|[from] Grassy Terrain\n|-heal|p2a: Zenith|7\/100|[from] Grassy Terrain\n|-heal|p2b: Rillaboom|93\/100|[from] Grassy Terrain\n|-end|p2b: Rillaboom|move: Yawn|[silent]\n|-status|p2b: Rillaboom|slp\n|upkeep\n|turn|6\n|\n|t:|1699835125\n|move|p2a: Zenith|Hyper Beam|p1a: Ogerpon\n|-damage|p1a: Ogerpon|0 fnt\n|-mustrecharge|p2a: Zenith\n|faint|p1a: Ogerpon\n|cant|p2b: Rillaboom|slp\n|move|p1b: Piplup|Chilling Water|p2b: Rillaboom\n|-resisted|p2b: Rillaboom\n|-damage|p2b: Rillaboom|88\/100 slp\n|-unboost|p2b: Rillaboom|atk|1\n|\n|-heal|p2a: Zenith|13\/100|[from] Grassy Terrain\n|-heal|p2b: Rillaboom|94\/100 slp|[from] Grassy Terrain\n|upkeep\n|turn|7\n|\n|t:|1699835135\n|cant|p2a: Zenith|recharge\n|cant|p2b: Rillaboom|slp\n|move|p1b: Piplup|Chilling Water|p2a: Zenith\n|-damage|p2a: Zenith|0 fnt\n|faint|p2a: Zenith\n|\n|-heal|p2b: Rillaboom|99\/100 slp|[from] Grassy Terrain\n|-fieldend|move: Grassy Terrain\n|upkeep\n|\n|t:|1699835142\n|switch|p2a: Jotaro|Tauros-Paldea-Aqua, L50, M|100\/100\n|-ability|p2a: Jotaro|Intimidate|boost\n|-unboost|p1b: Piplup|atk|1\n|-ability|p1b: Piplup|Competitive|boost\n|-boost|p1b: Piplup|spa|2\n|-enditem|p2a: Jotaro|Mirror Herb\n|-boost|p2a: Jotaro|spa|2|[from] item: Mirror Herb\n|turn|8\n|\n|t:|1699835151\n|move|p2a: Jotaro|Body Press|p1b: Piplup\n|-damage|p1b: Piplup|51\/100\n|-curestatus|p2b: Rillaboom|slp|[msg]\n|move|p2b: Rillaboom|Wood Hammer|p1b: Piplup\n|-supereffective|p1b: Piplup\n|-damage|p1b: Piplup|0 fnt\n|faint|p1b: Piplup\n|-damage|p2b: Rillaboom|90\/100|[from] Recoil\n|\n|win|Bobthenoivern\n|raw|bway's rating: 1083 &rarr; <strong>1066<\/strong><br \/>(-17 for losing)\n|raw|Bobthenoivern's rating: 1170 &rarr; <strong>1189<\/strong><br \/>(+19 for winning)\n","uploadtime":1699835156,"views":12,"p1id":"bway","p2id":"bobthenoivern","formatid":"gen9vgc2023regulatione","rating":1066,"private":0,"password":""}