{"id":"gen9vgc2023regulatione-1991051151","p1":"token leafeon","p2":"Enscyther","format":"[Gen 9] VGC 2023 Regulation E","log":"|j|\u2606token leafeon\n|j|\u2606Enscyther\n|t:|1700034861\n|gametype|doubles\n|player|p1|token leafeon|266|1115\n|player|p2|Enscyther|pokemaniac|1182\n|teamsize|p1|6\n|teamsize|p2|6\n|gen|9\n|tier|[Gen 9] VGC 2023 Regulation E\n|rated|\n|rule|Species Clause: Limit one of each Pok\u00e9mon\n|rule|Item Clause: Limit one of each item\n|clearpoke\n|poke|p1|Amoonguss, L50, M|\n|poke|p1|Gholdengo, L50|\n|poke|p1|Shiftry, L50, F|\n|poke|p1|Tauros-Paldea-Aqua, L50, M|\n|poke|p1|Tornadus, L50, M|\n|poke|p1|Flutter Mane, L50|\n|poke|p2|Iron Thorns, L50|\n|poke|p2|Kilowattrel, L50, M|\n|poke|p2|Gardevoir, L50, F|\n|poke|p2|Polteageist, L50|\n|poke|p2|Qwilfish, L50, F|\n|poke|p2|Politoed, L50, M|\n|teampreview|4\n|inactive|Battle timer is ON: inactive players will automatically lose when time's up. (requested by token leafeon)\ntoken leafeon has agreed to open team sheets.\n|inactive|Enscyther has 60 seconds left.\n|inactive|Enscyther has 30 seconds left.\n|inactive|Enscyther has 20 seconds left.\n|inactive|Enscyther has 15 seconds left.\n|\n|t:|1700034941\n|start\n|switch|p1a: Shiftry|Shiftry, L50, F|100\/100\n|switch|p1b: Tornadus|Tornadus, L50, M|100\/100\n|switch|p2a: Gardevoir|Gardevoir, L50, F|100\/100\n|switch|p2b: Polteageist|Polteageist, L50|100\/100\n|turn|1\n|inactive|token leafeon has 30 seconds left.\n|inactive|Enscyther has 30 seconds left.\n|inactive|token leafeon has 20 seconds left.\n|inactive|Enscyther has 20 seconds left.\n|inactive|Enscyther has 15 seconds left.\n|\n|t:|1700034984\n|-terastallize|p2b: Polteageist|Psychic\n|move|p1a: Shiftry|Fake Out|p2a: Gardevoir\n|-damage|p2a: Gardevoir|79\/100\n|cant|p2a: Gardevoir|flinch\n|move|p1b: Tornadus|Taunt|p2b: Polteageist\n|-start|p2b: Polteageist|move: Taunt\n|move|p2b: Polteageist|Stored Power|p1b: Tornadus\n|-damage|p1b: Tornadus|56\/100\n|\n|upkeep\n|turn|2\n|inactive|token leafeon has 30 seconds left.\n|inactive|Enscyther has 30 seconds left.\n|inactive|token leafeon has 20 seconds left.\n|inactive|Enscyther has 20 seconds left.\n|inactive|Enscyther has 15 seconds left.\n|inactive|Enscyther has 10 seconds left.\n|\n|t:|1700035033\n|move|p2a: Gardevoir|Shadow Sneak|p2b: Polteageist\n|-supereffective|p2b: Polteageist\n|-damage|p2b: Polteageist|80\/100\n|-ability|p2b: Polteageist|Weak Armor|boost\n|-unboost|p2b: Polteageist|def|1\n|-boost|p2b: Polteageist|spe|2\n|-enditem|p2b: Polteageist|Weakness Policy\n|-boost|p2b: Polteageist|atk|2|[from] item: Weakness Policy\n|-boost|p2b: Polteageist|spa|2|[from] item: Weakness Policy\n|move|p1b: Tornadus|Tailwind|p1b: Tornadus\n|-sidestart|p1: token leafeon|move: Tailwind\n|-ability|p1a: Shiftry|Wind Rider|boost\n|-boost|p1a: Shiftry|atk|1\n|move|p1a: Shiftry|Knock Off|p2b: Polteageist\n|-supereffective|p2b: Polteageist\n|-damage|p2b: Polteageist|0 fnt\n|faint|p2b: Polteageist\n|\n|upkeep\n|\n|t:|1700035054\n|switch|p2b: Iron Thorns|Iron Thorns, L50|100\/100\n|turn|3\n|\n|t:|1700035076\n|switch|p1b: Tauros|Tauros-Paldea-Aqua, L50, M|100\/100\n|-ability|p1b: Tauros|Intimidate|boost\n|-unboost|p2a: Gardevoir|atk|1\n|-unboost|p2b: Iron Thorns|atk|1\n|switch|p2a: Kilowattrel|Kilowattrel, L50, M|100\/100\n|move|p1a: Shiftry|Leaf Blade|p2b: Iron Thorns\n|-supereffective|p2b: Iron Thorns\n|-damage|p2b: Iron Thorns|0 fnt\n|faint|p2b: Iron Thorns\n|-end|p2b: Iron Thorns|Quark Drive|[silent]\n|\n|upkeep\n|\n|t:|1700035087\n|switch|p2b: Gardevoir|Gardevoir, L50, F|79\/100\n|turn|4\n|c|\u2606token leafeon|Gg\n|\n|t:|1700035099\n|switch|p1b: Gholdengo|Gholdengo, L50|100\/100\n|move|p1a: Shiftry|Explosion|p2b: Gardevoir|[spread] p2a,p2b\n|-immune|p1b: Gholdengo\n|-enditem|p2a: Kilowattrel|Focus Sash\n|-damage|p2a: Kilowattrel|1\/100\n|-damage|p2b: Gardevoir|0 fnt\n|faint|p1a: Shiftry\n|faint|p2b: Gardevoir\n|move|p2a: Kilowattrel|Discharge|p1b: Gholdengo\n|-damage|p1b: Gholdengo|61\/100\n|-status|p1b: Gholdengo|par\n|\n|-heal|p1b: Gholdengo|67\/100 par|[from] item: Leftovers\n|upkeep\n|\n|t:|1700035114\n|switch|p1a: Tauros|Tauros-Paldea-Aqua, L50, M|100\/100\n|-ability|p1a: Tauros|Intimidate|boost\n|-unboost|p2a: Kilowattrel|atk|1\n|-ability|p2a: Kilowattrel|Competitive|boost\n|-boost|p2a: Kilowattrel|spa|2\n|turn|5\n|\n|t:|1700035128\n|move|p1b: Gholdengo|Protect|p1b: Gholdengo\n|-singleturn|p1b: Gholdengo|Protect\n|move|p1a: Tauros|Aqua Jet|p2a: Kilowattrel\n|-damage|p2a: Kilowattrel|0 fnt\n|faint|p2a: Kilowattrel\n|\n|win|token leafeon\n|raw|token leafeon's rating: 1115 &rarr; <strong>1145<\/strong><br \/>(+30 for winning)\n|raw|Enscyther's rating: 1182 &rarr; <strong>1152<\/strong><br \/>(-30 for losing)\n|l|\u2606Enscyther\n","uploadtime":1700035230,"views":17,"p1id":"tokenleafeon","p2id":"enscyther","formatid":"gen9vgc2023regulatione","rating":1145,"private":0,"password":""}