{"id":"gen9vgc2023regulatione-1994823600","p1":"FunnyOwl27","p2":"AuthMayn","format":"[Gen 9] VGC 2023 Regulation E","log":"|j|\u2606FunnyOwl27\n|j|\u2606AuthMayn\n|t:|1700496130\n|gametype|doubles\n|player|p1|FunnyOwl27|giovanni|1121\n|player|p2|AuthMayn|2|1117\n|teamsize|p1|4\n|teamsize|p2|6\n|gen|9\n|tier|[Gen 9] VGC 2023 Regulation E\n|rated|\n|rule|Species Clause: Limit one of each Pok\u00e9mon\n|rule|Item Clause: Limit one of each item\n|clearpoke\n|poke|p1|Decidueye-Hisui, L50, F|\n|poke|p1|Armarouge, L50, M|\n|poke|p1|Ariados, L50, M|\n|poke|p1|Azumarill, L50, F|\n|poke|p2|Urshifu-*, L50, F|\n|poke|p2|Flutter Mane, L50|\n|poke|p2|Arcanine-Hisui, L50, F|\n|poke|p2|Chien-Pao, L50|\n|poke|p2|Farigiraf, L50, M|\n|poke|p2|Talonflame, L50, F|\n|teampreview|4\n|\n|t:|1700496157\n|start\n|switch|p1a: Armarouge|Armarouge, L50, M|100\/100\n|switch|p1b: Decidueye|Decidueye-Hisui, L50, F|100\/100\n|switch|p2a: Urshifu|Urshifu-Rapid-Strike, L50, F|100\/100\n|switch|p2b: Chien-Pao|Chien-Pao, L50|100\/100\n|-ability|p2b: Chien-Pao|Sword of Ruin\n|turn|1\n|inactive|Battle timer is ON: inactive players will automatically lose when time's up. (requested by AuthMayn)\n|\n|t:|1700496197\n|switch|p1a: Azumarill|Azumarill, L50, F|100\/100\n|-terastallize|p2a: Urshifu|Water\n|move|p2b: Chien-Pao|Swords Dance|p2b: Chien-Pao\n|-boost|p2b: Chien-Pao|atk|2\n|move|p2a: Urshifu|Surging Strikes|p1a: Azumarill\n|-resisted|p1a: Azumarill\n|-crit|p1a: Azumarill\n|-damage|p1a: Azumarill|80\/100\n|-resisted|p1a: Azumarill\n|-crit|p1a: Azumarill\n|-damage|p1a: Azumarill|60\/100\n|-resisted|p1a: Azumarill\n|-crit|p1a: Azumarill\n|-damage|p1a: Azumarill|43\/100\n|-enditem|p1a: Azumarill|Sitrus Berry|[eat]\n|-heal|p1a: Azumarill|67\/100|[from] item: Sitrus Berry\n|-hitcount|p1a: Azumarill|3\n|move|p1b: Decidueye|Leaf Blade|p2a: Urshifu\n|-supereffective|p2a: Urshifu\n|-damage|p2a: Urshifu|0 fnt\n|faint|p2a: Urshifu\n|\n|upkeep\n|\n|t:|1700496221\n|switch|p2a: Flutter Mane|Flutter Mane, L50|100\/100\n|turn|2\n|\n|t:|1700496235\n|switch|p1b: Armarouge|Armarouge, L50, M|100\/100\n|move|p1a: Azumarill|Protect|p1a: Azumarill\n|-singleturn|p1a: Azumarill|Protect\n|move|p2b: Chien-Pao|Icicle Crash|p1b: Armarouge|[miss]\n|-miss|p2b: Chien-Pao|p1b: Armarouge\n|move|p2a: Flutter Mane|Moonblast|p1b: Armarouge\n|-resisted|p1b: Armarouge\n|-damage|p1b: Armarouge|72\/100\n|\n|-heal|p1b: Armarouge|78\/100|[from] item: Leftovers\n|upkeep\n|turn|3\n|inactive|FunnyOwl27 has 30 seconds left.\n|\n|t:|1700496269\n|move|p2b: Chien-Pao|Sucker Punch||[still]\n|-fail|p2b: Chien-Pao\n|move|p1a: Azumarill|Aqua Jet|p2b: Chien-Pao\n|-damage|p2b: Chien-Pao|73\/100\n|move|p2a: Flutter Mane|Moonblast|p1a: Azumarill\n|-damage|p1a: Azumarill|2\/100\n|-unboost|p1a: Azumarill|spa|1\n|move|p1b: Armarouge|Trick Room|p1b: Armarouge\n|-fieldstart|move: Trick Room|[of] p1b: Armarouge\n|\n|-heal|p1b: Armarouge|84\/100|[from] item: Leftovers\n|upkeep\n|turn|4\n|inactive|FunnyOwl27 has 30 seconds left.\n|\n|t:|1700496294\n|move|p1a: Azumarill|Aqua Jet|p2a: Flutter Mane\n|-damage|p2a: Flutter Mane|47\/100\n|move|p2b: Chien-Pao|Sucker Punch||[still]\n|-fail|p2b: Chien-Pao\n|move|p1b: Armarouge|Will-O-Wisp|p2b: Chien-Pao\n|-status|p2b: Chien-Pao|brn\n|move|p2a: Flutter Mane|Moonblast|p1a: Azumarill\n|-damage|p1a: Azumarill|0 fnt\n|faint|p1a: Azumarill\n|\n|-heal|p1b: Armarouge|90\/100|[from] item: Leftovers\n|-damage|p2b: Chien-Pao|68\/100 brn|[from] brn\n|upkeep\n|\n|t:|1700496306\n|switch|p1a: Decidueye|Decidueye-Hisui, L50, F|100\/100\n|turn|5\n|\n|t:|1700496315\n|move|p1b: Armarouge|Wide Guard|p1b: Armarouge\n|-singleturn|p1b: Armarouge|Wide Guard\n|move|p2b: Chien-Pao|Sucker Punch||[still]\n|-fail|p2b: Chien-Pao\n|move|p1a: Decidueye|Triple Arrows|p2a: Flutter Mane\n|-resisted|p2a: Flutter Mane\n|-damage|p2a: Flutter Mane|0 fnt\n|faint|p2a: Flutter Mane\n|-end|p2a: Flutter Mane|Protosynthesis|[silent]\n|\n|-heal|p1b: Armarouge|95\/100|[from] item: Leftovers\n|-damage|p2b: Chien-Pao|62\/100 brn|[from] brn\n|upkeep\n|\n|t:|1700496328\n|switch|p2a: Farigiraf|Farigiraf, L50, M|100\/100\n|turn|6\n|\n|t:|1700496338\n|move|p2b: Chien-Pao|Sucker Punch||[still]\n|-fail|p2b: Chien-Pao\n|move|p1a: Decidueye|Triple Arrows|p2a: Farigiraf\n|-damage|p2a: Farigiraf|4\/100\n|move|p2a: Farigiraf|Psychic|p2b: Chien-Pao\n|-immune|p2b: Chien-Pao\n|move|p1b: Armarouge|Taunt|p2a: Farigiraf\n|-start|p2a: Farigiraf|move: Taunt\n|\n|-heal|p1b: Armarouge|100\/100|[from] item: Leftovers\n|-damage|p2b: Chien-Pao|56\/100 brn|[from] brn\n|upkeep\n|turn|7\n|-message|AuthMayn forfeited.\n|\n|win|FunnyOwl27\n|raw|FunnyOwl27's rating: 1121 &rarr; <strong>1146<\/strong><br \/>(+25 for winning)\n|raw|AuthMayn's rating: 1117 &rarr; <strong>1092<\/strong><br \/>(-25 for losing)\n|l|\u2606AuthMayn\n","uploadtime":1700496356,"views":11,"p1id":"funnyowl27","p2id":"authmayn","formatid":"gen9vgc2023regulatione","rating":1092,"private":0,"password":""}