{"id":"gen9vgc2023regulatione-1995000114","p1":"selill0","p2":"vlopes777","format":"[Gen 9] VGC 2023 Regulation E","log":"|j|\u2606selill0\n|j|\u2606vlopes777\n|t:|1700512074\n|gametype|doubles\n|player|p1|selill0|2|1188\n|player|p2|vlopes777|pokekid|1192\n|teamsize|p1|6\n|teamsize|p2|6\n|gen|9\n|tier|[Gen 9] VGC 2023 Regulation E\n|rated|\n|rule|Species Clause: Limit one of each Pok\u00e9mon\n|rule|Item Clause: Limit one of each item\n|clearpoke\n|poke|p1|Tornadus, L50, M|\n|poke|p1|Arcanine-Hisui, L50, F|\n|poke|p1|Iron Hands, L50|\n|poke|p1|Gholdengo, L50|\n|poke|p1|Urshifu-*, L50, M|\n|poke|p1|Ogerpon-Wellspring, L50, F|\n|poke|p2|Landorus-Therian, L50, M|\n|poke|p2|Tornadus, L50, M|\n|poke|p2|Iron Hands, L50|\n|poke|p2|Amoonguss, L50, F|\n|poke|p2|Heatran, L50, F|\n|poke|p2|Flutter Mane, L50|\n|teampreview|4\n|inactive|Battle timer is ON: inactive players will automatically lose when time's up. (requested by vlopes777)\nvlopes777 has agreed to open team sheets.\n|inactive|vlopes777 has 60 seconds left.\nselill0 rejected open team sheets.\n|\n|t:|1700512127\n|start\n|switch|p1a: Tornadus|Tornadus, L50, M|100\/100\n|switch|p1b: Arcanine|Arcanine-Hisui, L50, F|100\/100\n|switch|p2a: Heatran|Heatran, L50, F|100\/100\n|switch|p2b: Iron Hands|Iron Hands, L50|100\/100\n|-ability|p1b: Arcanine|Intimidate|boost\n|-unboost|p2a: Heatran|atk|1\n|-unboost|p2b: Iron Hands|atk|1\n|turn|1\n|inactive|vlopes777 has 30 seconds left.\n|inactive|vlopes777 has 20 seconds left.\n|inactive|vlopes777 has 15 seconds left.\n|\n|t:|1700512173\n|switch|p2a: D\u00e9m\u00e9t\u00e9ros|Landorus-Therian, L50, M|100\/100\n|-ability|p2a: D\u00e9m\u00e9t\u00e9ros|Intimidate|boost\n|-unboost|p1a: Tornadus|atk|1\n|-unboost|p1b: Arcanine|atk|1\n|move|p1a: Tornadus|Tailwind|p1a: Tornadus\n|-sidestart|p1: selill0|move: Tailwind\n|move|p1b: Arcanine|Flare Blitz|p2b: Iron Hands\n|-damage|p2b: Iron Hands|60\/100\n|-status|p2b: Iron Hands|brn\n|-damage|p1b: Arcanine|83\/100|[from] Recoil\n|move|p2b: Iron Hands|Drain Punch|p1b: Arcanine\n|-supereffective|p1b: Arcanine\n|-damage|p1b: Arcanine|55\/100\n|-heal|p2b: Iron Hands|70\/100 brn|[from] drain|[of] p1b: Arcanine\n|\n|-damage|p2b: Iron Hands|64\/100 brn|[from] brn\n|upkeep\n|turn|2\n|inactive|vlopes777 has 30 seconds left.\n|\n|t:|1700512203\n|switch|p1b: Ogerpon|Ogerpon-Wellspring, L50, F|100\/100\n|-end|p2b: Iron Hands|Quark Drive|[silent]\n|switch|p2b: Heatran|Heatran, L50, F|100\/100\n|move|p1a: Tornadus|Rain Dance|p1a: Tornadus\n|-weather|RainDance\n|move|p2a: D\u00e9m\u00e9t\u00e9ros|Stomping Tantrum|p1b: Ogerpon\n|-resisted|p1b: Ogerpon\n|-damage|p1b: Ogerpon|80\/100\n|\n|-weather|RainDance|[upkeep]\n|upkeep\n|turn|3\n|inactive|vlopes777 has 30 seconds left.\n|inactive|vlopes777 has 20 seconds left.\n|\n|t:|1700512239\n|switch|p2a: Iron Hands|Iron Hands, L50|64\/100 brn\n|switch|p2b: Amoonguss|Amoonguss, L50, F|100\/100\n|move|p1b: Ogerpon|Ivy Cudgel|p2b: Amoonguss|[anim] Ivy Cudgel Water\n|-resisted|p2b: Amoonguss\n|-damage|p2b: Amoonguss|64\/100\n|move|p1a: Tornadus|Bleakwind Storm|p2a: Iron Hands|[spread] p2a,p2b\n|-supereffective|p2b: Amoonguss\n|-crit|p2b: Amoonguss\n|-damage|p2a: Iron Hands|49\/100 brn\n|-damage|p2b: Amoonguss|0 fnt\n|-unboost|p2a: Iron Hands|spe|1\n|faint|p2b: Amoonguss\n|\n|-weather|RainDance|[upkeep]\n|-damage|p2a: Iron Hands|43\/100 brn|[from] brn\n|upkeep\n|\n|t:|1700512256\n|switch|p2b: D\u00e9m\u00e9t\u00e9ros|Landorus-Therian, L50, M|100\/100\n|-ability|p2b: D\u00e9m\u00e9t\u00e9ros|Intimidate|boost\n|-unboost|p1a: Tornadus|atk|1\n|-unboost|p1b: Ogerpon|atk|1\n|turn|4\n|\n|t:|1700512273\n|switch|p1b: Arcanine|Arcanine-Hisui, L50, F|55\/100\n|-ability|p1b: Arcanine|Intimidate|boost\n|-unboost|p2a: Iron Hands|atk|1\n|-unboost|p2b: D\u00e9m\u00e9t\u00e9ros|atk|1\n|-terastallize|p2b: D\u00e9m\u00e9t\u00e9ros|Flying\n|move|p2a: Iron Hands|Fake Out|p1a: Tornadus\n|-damage|p1a: Tornadus|96\/100\n|move|p1a: Tornadus|Bleakwind Storm|p2b: D\u00e9m\u00e9t\u00e9ros|[spread] p2a,p2b\n|-damage|p2a: Iron Hands|28\/100 brn\n|-damage|p2b: D\u00e9m\u00e9t\u00e9ros|64\/100\n|move|p2b: D\u00e9m\u00e9t\u00e9ros|Tera Blast|p1b: Arcanine|[anim] Tera Blast Flying\n|-resisted|p1b: Arcanine\n|-damage|p1b: Arcanine|30\/100\n|\n|-weather|RainDance|[upkeep]\n|-damage|p2a: Iron Hands|22\/100 brn|[from] brn\n|-sideend|p1: selill0|move: Tailwind\n|upkeep\n|turn|5\n|inactive|selill0 has 30 seconds left.\n|\n|t:|1700512300\n|switch|p2b: Heatran|Heatran, L50, F|100\/100\n|move|p1b: Arcanine|Extreme Speed|p2b: Heatran\n|-resisted|p2b: Heatran\n|-damage|p2b: Heatran|84\/100\n|move|p1a: Tornadus|Tailwind|p1a: Tornadus\n|-sidestart|p1: selill0|move: Tailwind\n|move|p2a: Iron Hands|Drain Punch|p1b: Arcanine\n|-supereffective|p1b: Arcanine\n|-damage|p1b: Arcanine|4\/100\n|-heal|p2a: Iron Hands|31\/100 brn|[from] drain|[of] p1b: Arcanine\n|\n|-weather|RainDance|[upkeep]\n|-damage|p2a: Iron Hands|25\/100 brn|[from] brn\n|upkeep\n|turn|6\n|\n|t:|1700512325\n|switch|p1b: Ogerpon|Ogerpon-Wellspring, L50, F|80\/100\n|-end|p2a: Iron Hands|Quark Drive|[silent]\n|switch|p2a: D\u00e9m\u00e9t\u00e9ros|Landorus-Therian, L50, M, tera:Flying|64\/100\n|-ability|p2a: D\u00e9m\u00e9t\u00e9ros|Intimidate|boost\n|-unboost|p1a: Tornadus|atk|1\n|-unboost|p1b: Ogerpon|atk|1\n|move|p1a: Tornadus|Bleakwind Storm|p2b: Heatran|[spread] p2a,p2b\n|-resisted|p2b: Heatran\n|-damage|p2a: D\u00e9m\u00e9t\u00e9ros|25\/100\n|-damage|p2b: Heatran|73\/100\n|-unboost|p2b: Heatran|spe|1\n|move|p2b: Heatran|Heat Wave|p1b: Ogerpon|[spread] p1a,p1b\n|-damage|p1a: Tornadus|76\/100\n|-damage|p1b: Ogerpon|59\/100\n|-damage|p2b: Heatran|63\/100|[from] item: Life Orb\n|\n|-weather|none\n|upkeep\n|turn|7\n|\n|t:|1700512348\n|move|p1b: Ogerpon|Spiky Shield|p1b: Ogerpon\n|-singleturn|p1b: Ogerpon|move: Protect\n|move|p2b: Heatran|Protect|p2b: Heatran\n|-singleturn|p2b: Heatran|Protect\n|move|p1a: Tornadus|Rain Dance|p1a: Tornadus\n|-weather|RainDance\n|move|p2a: D\u00e9m\u00e9t\u00e9ros|U-turn|p1b: Ogerpon\n|-activate|p1b: Ogerpon|move: Protect\n|-damage|p2a: D\u00e9m\u00e9t\u00e9ros|12\/100|[from] Spiky Shield|[of] p1b: Ogerpon\n|\n|-weather|RainDance|[upkeep]\n|upkeep\n|turn|8\n|\n|t:|1700512368\n|switch|p1b: Arcanine|Arcanine-Hisui, L50, F|4\/100\n|-ability|p1b: Arcanine|Intimidate|boost\n|-unboost|p2a: D\u00e9m\u00e9t\u00e9ros|atk|1\n|-unboost|p2b: Heatran|atk|1\n|move|p1a: Tornadus|Bleakwind Storm|p2b: Heatran|[spread] p2a,p2b\n|-resisted|p2b: Heatran\n|-damage|p2a: D\u00e9m\u00e9t\u00e9ros|0 fnt\n|-damage|p2b: Heatran|53\/100\n|faint|p2a: D\u00e9m\u00e9t\u00e9ros\n|move|p2b: Heatran|Flash Cannon|p1a: Tornadus\n|-damage|p1a: Tornadus|26\/100\n|-damage|p2b: Heatran|43\/100|[from] item: Life Orb\n|\n|-weather|RainDance|[upkeep]\n|-sideend|p1: selill0|move: Tailwind\n|upkeep\n|\n|t:|1700512380\n|switch|p2a: Iron Hands|Iron Hands, L50|25\/100 brn\n|turn|9\n|\n|t:|1700512393\n|move|p2a: Iron Hands|Fake Out|p1b: Arcanine\n|-resisted|p1b: Arcanine\n|-damage|p1b: Arcanine|1\/100\n|cant|p1b: Arcanine|flinch\n|move|p1a: Tornadus|Bleakwind Storm|p2b: Heatran|[spread] p2a,p2b\n|-resisted|p2b: Heatran\n|-crit|p2b: Heatran\n|-damage|p2a: Iron Hands|10\/100 brn\n|-damage|p2b: Heatran|25\/100\n|move|p2b: Heatran|Flash Cannon|p1a: Tornadus\n|-damage|p1a: Tornadus|0 fnt\n|faint|p1a: Tornadus\n|-damage|p2b: Heatran|15\/100|[from] item: Life Orb\n|\n|-weather|RainDance|[upkeep]\n|-damage|p2a: Iron Hands|4\/100 brn|[from] brn\n|upkeep\n|\n|t:|1700512410\n|switch|p1a: Ogerpon|Ogerpon-Wellspring, L50, F|59\/100\n|turn|10\n|c|\u2606vlopes777|zzzZZZZ\n|\n|t:|1700512420\n|move|p2b: Heatran|Protect|p2b: Heatran\n|-singleturn|p2b: Heatran|Protect\n|move|p1a: Ogerpon|Ivy Cudgel|p2b: Heatran|[anim] Ivy Cudgel Water\n|-activate|p2b: Heatran|move: Protect\n|move|p1b: Arcanine|Flare Blitz|p2a: Iron Hands\n|-damage|p2a: Iron Hands|0 fnt\n|faint|p2a: Iron Hands\n|-end|p2a: Iron Hands|Quark Drive|[silent]\n|-damage|p1b: Arcanine|0 fnt|[from] Recoil\n|faint|p1b: Arcanine\n|\n|-weather|RainDance|[upkeep]\n|upkeep\n|\n|t:|1700512434\n|switch|p1b: Gholdengo|Gholdengo, L50|100\/100\n|turn|11\n|\n|t:|1700512441\n|-terastallize|p1b: Gholdengo|Dragon\n|move|p1a: Ogerpon|Ivy Cudgel|p2b: Heatran|[anim] Ivy Cudgel Water\n|-supereffective|p2b: Heatran\n|-damage|p2b: Heatran|0 fnt\n|faint|p2b: Heatran\n|\n|win|selill0\n|raw|selill0's rating: 1188 &rarr; <strong>1213<\/strong><br \/>(+25 for winning)\n|raw|vlopes777's rating: 1192 &rarr; <strong>1167<\/strong><br \/>(-25 for losing)\n","uploadtime":1700512451,"views":6,"p1id":"selill0","p2id":"vlopes777","formatid":"gen9vgc2023regulatione","rating":1167,"private":0,"password":""}