{"id":"gen9vgc2023regulatione-1997961361","p1":"Ciq108","p2":"hauntedskittydoll","format":"[Gen 9] VGC 2023 Regulation E","log":"|j|\u2606Ciq108\n|j|\u2606hauntedskittydoll\n|n|\u2606Ciq108|ciq108\n|n|\u2606hauntedskittydoll|hauntedskittydoll\n|html|View the match progress at <a href=\"\/game-bestof3-gen9vgc2023regulatione-1997957518\">game-bestof3-gen9vgc2023regulatione-1997957518<\/a>\n|t:|1700872550\n|gametype|doubles\n|player|p1|Ciq108|101|\n|player|p2|hauntedskittydoll|bellelba|\n|teamsize|p1|6\n|teamsize|p2|6\n|gen|9\n|tier|[Gen 9] VGC 2023 Regulation E\n|rule|Species Clause: Limit one of each Pok\u00e9mon\n|rule|Item Clause: Limit one of each item\n|clearpoke\n|poke|p1|Dondozo, L50, F|\n|poke|p1|Tatsugiri, L50, M|\n|poke|p1|Mandibuzz, L50, F|\n|poke|p1|Glimmora, L50, M|\n|poke|p1|Espathra, L50, M|\n|poke|p1|Iron Hands, L50|\n|poke|p2|Indeedee-F, L50, F|\n|poke|p2|Armarouge, L50, F|\n|poke|p2|Decidueye, L50, F|\n|poke|p2|Sneasler, L50, M|\n|poke|p2|Gardevoir, L50, F|\n|poke|p2|Hippowdon, L50, F|\n|teampreview|4\n|inactive|Battle timer is ON: inactive players will automatically lose when time's up. (requested by Ciq108)\nhauntedskittydoll rejected open team sheets.\n|inactive|Ciq108 has 60 seconds left.\n|inactive|hauntedskittydoll has 60 seconds left.\n|\n|t:|1700872599\n|start\n|switch|p1a: Mandibuzz|Mandibuzz, L50, F|100\/100\n|switch|p1b: Glimmora|Glimmora, L50, M|100\/100\n|switch|p2a: Psy Barbie|Indeedee-F, L50, F, shiny|100\/100\n|switch|p2b: Spam Barbie|Armarouge, L50, F|100\/100\n|-fieldstart|move: Psychic Terrain|[from] ability: Psychic Surge|[of] p2a: Psy Barbie\n|turn|1\n|inactive|hauntedskittydoll has 30 seconds left.\n|inactive|hauntedskittydoll has 20 seconds left.\n|\n|t:|1700872636\n|move|p2a: Psy Barbie|Follow Me|p2a: Psy Barbie\n|-singleturn|p2a: Psy Barbie|move: Follow Me\n|move|p1b: Glimmora|Mortal Spin|p2a: Psy Barbie|[spread] p2a,p2b\n|-damage|p2a: Psy Barbie|95\/100\n|-damage|p2b: Spam Barbie|96\/100\n|-status|p2a: Psy Barbie|psn\n|-status|p2b: Spam Barbie|psn\n|move|p1a: Mandibuzz|Snarl|p2b: Spam Barbie|[spread] p2a,p2b\n|-supereffective|p2a: Psy Barbie\n|-crit|p2a: Psy Barbie\n|-supereffective|p2b: Spam Barbie\n|-damage|p2a: Psy Barbie|68\/100 psn\n|-damage|p2b: Spam Barbie|76\/100 psn\n|-unboost|p2a: Psy Barbie|spa|1\n|-unboost|p2b: Spam Barbie|spa|1\n|move|p2b: Spam Barbie|Trick Room|p2b: Spam Barbie\n|-fieldstart|move: Trick Room|[of] p2b: Spam Barbie\n|\n|-damage|p2b: Spam Barbie|64\/100 psn|[from] psn\n|-damage|p2a: Psy Barbie|56\/100 psn|[from] psn\n|upkeep\n|turn|2\n|c|\u2606Ciq108|That's a lotta Barbies ngl\n|inactive|hauntedskittydoll has 30 seconds left.\n|\n|t:|1700872662\n|move|p1b: Glimmora|Spiky Shield|p1b: Glimmora\n|-singleturn|p1b: Glimmora|move: Protect\n|move|p1a: Mandibuzz|Snarl|p2b: Spam Barbie|[spread] p2a,p2b\n|-supereffective|p2a: Psy Barbie\n|-supereffective|p2b: Spam Barbie\n|-damage|p2a: Psy Barbie|36\/100 psn\n|-damage|p2b: Spam Barbie|44\/100 psn\n|-unboost|p2a: Psy Barbie|spa|1\n|-unboost|p2b: Spam Barbie|spa|1\n|move|p2b: Spam Barbie|Expanding Force|p1b: Glimmora|[spread] \n|-activate|p1b: Glimmora|move: Protect\n|-immune|p1a: Mandibuzz\n|move|p2a: Psy Barbie|Stored Power|p1b: Glimmora\n|-activate|p1b: Glimmora|move: Protect\n|\n|-damage|p2b: Spam Barbie|31\/100 psn|[from] psn\n|-damage|p2a: Psy Barbie|23\/100 psn|[from] psn\n|upkeep\n|turn|3\n|inactive|Ciq108 has 30 seconds left.\n|inactive|hauntedskittydoll has 30 seconds left.\n|j| amlodude\n|inactive|Ciq108 has 20 seconds left.\n|inactive|Ciq108 has 15 seconds left.\n|inactiveoff|Battle timer is now OFF.\n|\n|t:|1700872708\n|move|p1a: Mandibuzz|Brave Bird|p2b: Spam Barbie\n|-crit|p2b: Spam Barbie\n|-damage|p2b: Spam Barbie|0 fnt\n|faint|p2b: Spam Barbie\n|-damage|p1a: Mandibuzz|92\/100|[from] Recoil\n|move|p2a: Psy Barbie|Stored Power|p1b: Glimmora\n|-supereffective|p1b: Glimmora\n|-damage|p1b: Glimmora|85\/100\n|move|p1b: Glimmora|Sludge Bomb|p2a: Psy Barbie\n|-damage|p2a: Psy Barbie|0 fnt\n|faint|p2a: Psy Barbie\n|\n|upkeep\n|\n|t:|1700872720\n|switch|p2b: Bird Barbie|Decidueye, L50, F, shiny|100\/100\n|switch|p2a: Barbie Barbie|Gardevoir, L50, F, shiny|100\/100\n|-ability|p2a: Barbie Barbie|Overcoat|[from] ability: Trace|[of] p1a: Mandibuzz\n|turn|4\n|\n|t:|1700872756\n|move|p2b: Bird Barbie|Protect|p2b: Bird Barbie\n|-singleturn|p2b: Bird Barbie|Protect\n|move|p1b: Glimmora|Spiky Shield|p1b: Glimmora\n|-singleturn|p1b: Glimmora|move: Protect\n|move|p1a: Mandibuzz|Snarl|p2a: Barbie Barbie|[spread] p2a\n|-activate|p2b: Bird Barbie|move: Protect\n|-damage|p2a: Barbie Barbie|92\/100\n|-unboost|p2a: Barbie Barbie|spa|1\n|move|p2a: Barbie Barbie|Psychic|p1b: Glimmora\n|-activate|p1b: Glimmora|move: Protect\n|\n|upkeep\n|turn|5\n|\n|t:|1700872779\n|move|p2a: Barbie Barbie|Protect|p2a: Barbie Barbie\n|-singleturn|p2a: Barbie Barbie|Protect\n|move|p1a: Mandibuzz|Brave Bird|p2b: Bird Barbie\n|-supereffective|p2b: Bird Barbie\n|-damage|p2b: Bird Barbie|32\/100\n|-damage|p1a: Mandibuzz|72\/100|[from] Recoil\n|move|p2b: Bird Barbie|Haze|p2b: Bird Barbie\n|-clearallboost\n|move|p1b: Glimmora|Mortal Spin|p2b: Bird Barbie|[spread] p2b\n|-activate|p2a: Barbie Barbie|move: Protect\n|-damage|p2b: Bird Barbie|27\/100\n|-status|p2b: Bird Barbie|psn\n|\n|-damage|p2b: Bird Barbie|15\/100 psn|[from] psn\n|-fieldend|move: Trick Room\n|-fieldend|move: Psychic Terrain\n|upkeep\n|turn|6\n|\n|t:|1700872800\n|move|p1b: Glimmora|Sludge Bomb|p2a: Barbie Barbie\n|-supereffective|p2a: Barbie Barbie\n|-damage|p2a: Barbie Barbie|6\/100\n|move|p2a: Barbie Barbie|Psychic|p1b: Glimmora\n|-supereffective|p1b: Glimmora\n|-damage|p1b: Glimmora|0 fnt\n|faint|p1b: Glimmora\n|-damage|p2a: Barbie Barbie|0 fnt|[from] item: Life Orb\n|faint|p2a: Barbie Barbie\n|move|p2b: Bird Barbie|Low Kick|p1a: Mandibuzz\n|-damage|p1a: Mandibuzz|59\/100\n|move|p1a: Mandibuzz|Snarl|p2b: Bird Barbie\n|-supereffective|p2b: Bird Barbie\n|-damage|p2b: Bird Barbie|0 fnt\n|faint|p2b: Bird Barbie\n|\n|win|Ciq108\n|c|\u2606Ciq108|Ggs\n|c|\u2606hauntedskittydoll|gg\n","uploadtime":1700872820,"views":13,"p1id":"ciq108","p2id":"hauntedskittydoll","formatid":"gen9vgc2023regulatione","rating":0,"private":0,"password":""}