{"id":"gen9vgc2023regulatione-1994585043","p1":"That_Leek","p2":"febobobo","format":"[Gen 9] VGC 2023 Regulation E","log":"|j|\u2606That_Leek\n|j|\u2606febobobo\n|t:|1700464427\n|gametype|doubles\n|player|p1|That_Leek|blue|1610\n|player|p2|febobobo|backpacker|1496\n|teamsize|p1|6\n|teamsize|p2|6\n|gen|9\n|tier|[Gen 9] VGC 2023 Regulation E\n|rated|\n|rule|Species Clause: Limit one of each Pok\u00e9mon\n|rule|Item Clause: Limit one of each item\n|clearpoke\n|poke|p1|Gholdengo, L50|\n|poke|p1|Ogerpon-Wellspring, L50, F|\n|poke|p1|Arcanine-Hisui, L50, M|\n|poke|p1|Chien-Pao, L50|\n|poke|p1|Scream Tail, L50|\n|poke|p1|Dragonite, L50, M|\n|poke|p2|Tornadus, L50, M|\n|poke|p2|Urshifu-*, L50, M|\n|poke|p2|Rillaboom, L50, M|\n|poke|p2|Gholdengo, L50|\n|poke|p2|Chien-Pao, L50|\n|poke|p2|Farigiraf, L50, F|\n|teampreview|4\nThat_Leek has agreed to open team sheets.\nfebobobo has agreed to open team sheets.\n|\n|t:|1700464472\n|start\n|switch|p1a: Scream Tail|Scream Tail, L50|100\/100\n|switch|p1b: Ogerpon|Ogerpon-Wellspring, L50, F|100\/100\n|switch|p2a: Tornadus|Tornadus, L50, M|100\/100\n|switch|p2b: Gholdengo|Gholdengo, L50|100\/100\n|-enditem|p1a: Scream Tail|Booster Energy\n|-activate|p1a: Scream Tail|ability: Protosynthesis|[fromitem]\n|-start|p1a: Scream Tail|protosynthesisspe\n|turn|1\n|\n|t:|1700464515\n|-terastallize|p2b: Gholdengo|Dragon\n|move|p2a: Tornadus|Tailwind|p2a: Tornadus\n|-sidestart|p2: febobobo|move: Tailwind\n|move|p2b: Gholdengo|Nasty Plot|p2b: Gholdengo\n|-boost|p2b: Gholdengo|spa|2\n|move|p1a: Scream Tail|Thunder Wave|p2a: Tornadus|[miss]\n|-miss|p1a: Scream Tail|p2a: Tornadus\n|move|p1b: Ogerpon|Ivy Cudgel|p2b: Gholdengo|[anim] Ivy Cudgel Water\n|-resisted|p2b: Gholdengo\n|-crit|p2b: Gholdengo\n|-damage|p2b: Gholdengo|61\/100\n|\n|-heal|p2b: Gholdengo|68\/100|[from] item: Leftovers\n|upkeep\n|turn|2\n|c|\u2606That_Leek|ofc\n|\n|t:|1700464533\n|-terastallize|p1b: Ogerpon|Water\n|detailschange|p1b: Ogerpon|Ogerpon-Wellspring-Tera, L50, F, tera:Water\n|-ability|p1b: Ogerpon|Embody Aspect (Wellspring)|boost\n|-boost|p1b: Ogerpon|spd|1\n|move|p2a: Tornadus|Bleakwind Storm|p1b: Ogerpon|[spread] p1a,p1b\n|-damage|p1a: Scream Tail|78\/100\n|-damage|p1b: Ogerpon|81\/100\n|-unboost|p1a: Scream Tail|spe|1\n|move|p2b: Gholdengo|Nasty Plot|p2b: Gholdengo\n|-boost|p2b: Gholdengo|spa|2\n|move|p1a: Scream Tail|Howl|p1a: Scream Tail|[spread] p1a,p1b\n|-boost|p1a: Scream Tail|atk|1\n|-boost|p1b: Ogerpon|atk|1\n|move|p1b: Ogerpon|Ivy Cudgel|p2a: Tornadus|[anim] Ivy Cudgel Water\n|-damage|p2a: Tornadus|0 fnt\n|faint|p2a: Tornadus\n|\n|-heal|p2b: Gholdengo|74\/100|[from] item: Leftovers\n|upkeep\n|\n|t:|1700464541\n|switch|p2a: Rillaboom|Rillaboom, L50, M|100\/100\n|-fieldstart|move: Grassy Terrain|[from] ability: Grassy Surge|[of] p2a: Rillaboom\n|turn|3\n|\n|t:|1700464561\n|move|p1b: Ogerpon|Spiky Shield|p1b: Ogerpon\n|-singleturn|p1b: Ogerpon|move: Protect\n|move|p2a: Rillaboom|Fake Out|p1a: Scream Tail\n|-damage|p1a: Scream Tail|67\/100\n|move|p2b: Gholdengo|Shadow Ball|p1a: Scream Tail\n|-supereffective|p1a: Scream Tail\n|-damage|p1a: Scream Tail|0 fnt\n|faint|p1a: Scream Tail\n|-end|p1a: Scream Tail|Protosynthesis|[silent]\n|\n|-heal|p2b: Gholdengo|80\/100|[from] Grassy Terrain\n|-heal|p2b: Gholdengo|86\/100|[from] item: Leftovers\n|-heal|p1b: Ogerpon|87\/100|[from] Grassy Terrain\n|upkeep\n|\n|t:|1700464568\n|switch|p1a: Chien-Pao|Chien-Pao, L50|100\/100\n|-ability|p1a: Chien-Pao|Sword of Ruin\n|turn|4\n|\n|t:|1700464588\n|move|p1a: Chien-Pao|Protect|p1a: Chien-Pao\n|-singleturn|p1a: Chien-Pao|Protect\n|move|p2b: Gholdengo|Make It Rain|p1a: Chien-Pao|[spread] p1b\n|-activate|p1a: Chien-Pao|move: Protect\n|-resisted|p1b: Ogerpon\n|-damage|p1b: Ogerpon|41\/100\n|-unboost|p2b: Gholdengo|spa|1\n|move|p2a: Rillaboom|Knock Off|p1a: Chien-Pao\n|-activate|p1a: Chien-Pao|move: Protect\n|move|p1b: Ogerpon|Horn Leech|p2b: Gholdengo\n|-resisted|p2b: Gholdengo\n|-damage|p2b: Gholdengo|30\/100\n|-heal|p1b: Ogerpon|71\/100|[from] drain|[of] p2b: Gholdengo\n|\n|-heal|p2b: Gholdengo|36\/100|[from] Grassy Terrain\n|-heal|p2b: Gholdengo|42\/100|[from] item: Leftovers\n|-heal|p1b: Ogerpon|76\/100|[from] Grassy Terrain\n|-sideend|p2: febobobo|move: Tailwind\n|upkeep\n|turn|5\n|\n|t:|1700464609\n|switch|p2b: Urshifu|Urshifu-Rapid-Strike, L50, M|100\/100\n|move|p1b: Ogerpon|Follow Me|p1b: Ogerpon\n|-singleturn|p1b: Ogerpon|move: Follow Me\n|move|p1a: Chien-Pao|Ice Spinner|p2b: Urshifu\n|-resisted|p2b: Urshifu\n|-damage|p2b: Urshifu|74\/100\n|-fieldend|move: Grassy Terrain\n|move|p2a: Rillaboom|Wood Hammer|p1b: Ogerpon\n|-supereffective|p1b: Ogerpon\n|-damage|p1b: Ogerpon|0 fnt\n|faint|p1b: Ogerpon\n|-damage|p2a: Rillaboom|76\/100|[from] Recoil\n|\n|upkeep\n|\n|t:|1700464612\n|switch|p1b: Arcanine|Arcanine-Hisui, L50, M|100\/100\n|-ability|p1b: Arcanine|Intimidate|boost\n|-unboost|p2a: Rillaboom|atk|1\n|-unboost|p2b: Urshifu|atk|1\n|turn|6\n|\n|t:|1700464627\n|switch|p2a: Gholdengo|Gholdengo, L50, tera:Dragon|42\/100\n|move|p1b: Arcanine|Extreme Speed|p2b: Urshifu\n|-damage|p2b: Urshifu|14\/100\n|move|p1a: Chien-Pao|Sucker Punch|p2b: Urshifu\n|-resisted|p2b: Urshifu\n|-damage|p2b: Urshifu|0 fnt\n|faint|p2b: Urshifu\n|\n|-heal|p2a: Gholdengo|48\/100|[from] item: Leftovers\n|upkeep\n|\n|t:|1700464633\n|switch|p2b: Rillaboom|Rillaboom, L50, M|76\/100\n|-fieldstart|move: Grassy Terrain|[from] ability: Grassy Surge|[of] p2b: Rillaboom\n|turn|7\n|\n|t:|1700464654\n|move|p1a: Chien-Pao|Protect|p1a: Chien-Pao\n|-singleturn|p1a: Chien-Pao|Protect\n|move|p2b: Rillaboom|Fake Out|p1b: Arcanine\n|-resisted|p1b: Arcanine\n|-damage|p1b: Arcanine|88\/100\n|cant|p1b: Arcanine|flinch\n|move|p2a: Gholdengo|Make It Rain|p1b: Arcanine|[spread] p1b\n|-activate|p1a: Chien-Pao|move: Protect\n|-damage|p1b: Arcanine|28\/100\n|-unboost|p2a: Gholdengo|spa|1\n|\n|-heal|p1b: Arcanine|34\/100|[from] Grassy Terrain\n|-heal|p2a: Gholdengo|55\/100|[from] Grassy Terrain\n|-heal|p2a: Gholdengo|61\/100|[from] item: Leftovers\n|-heal|p2b: Rillaboom|82\/100|[from] Grassy Terrain\n|upkeep\n|turn|8\n|\n|t:|1700464664\n|move|p2a: Gholdengo|Protect|p2a: Gholdengo\n|-singleturn|p2a: Gholdengo|Protect\n|move|p1b: Arcanine|Extreme Speed|p2b: Rillaboom\n|-damage|p2b: Rillaboom|29\/100\n|move|p2b: Rillaboom|Grassy Glide|p1b: Arcanine\n|-damage|p1b: Arcanine|0 fnt\n|faint|p1b: Arcanine\n|move|p1a: Chien-Pao|Ice Spinner|p2a: Gholdengo\n|-activate|p2a: Gholdengo|move: Protect\n|\n|-heal|p2a: Gholdengo|67\/100|[from] Grassy Terrain\n|-heal|p2a: Gholdengo|73\/100|[from] item: Leftovers\n|-heal|p2b: Rillaboom|35\/100|[from] Grassy Terrain\n|upkeep\n|turn|9\n|\n|t:|1700464682\n|move|p2b: Rillaboom|Grassy Glide|p1a: Chien-Pao\n|-damage|p1a: Chien-Pao|44\/100\n|move|p1a: Chien-Pao|Ice Spinner|p2a: Gholdengo\n|-supereffective|p2a: Gholdengo\n|-damage|p2a: Gholdengo|0 fnt\n|-fieldend|move: Grassy Terrain\n|faint|p2a: Gholdengo\n|\n|upkeep\n|turn|10\n|\n|t:|1700464690\n|move|p1a: Chien-Pao|Ice Spinner|p2b: Rillaboom\n|-supereffective|p2b: Rillaboom\n|-damage|p2b: Rillaboom|0 fnt\n|faint|p2b: Rillaboom\n|\n|win|That_Leek\n|raw|That_Leek's rating: 1610 &rarr; <strong>1624<\/strong><br \/>(+14 for winning)\n|raw|febobobo's rating: 1496 &rarr; <strong>1482<\/strong><br \/>(-14 for losing)\n|c|\u2606That_Leek|gg\n|c|\u2606febobobo|ofc\n","uploadtime":1700464696,"views":5,"p1id":"thatleek","p2id":"febobobo","formatid":"gen9vgc2023regulatione","rating":1482,"private":0,"password":""}