{"id":"gen9vgc2023regulatione-1997784376","p1":"tealpens3","p2":"DeathZoom","format":"[Gen 9] VGC 2023 Regulation E","log":"|j|\u2606tealpens3\n|j|\u2606DeathZoom\n|t:|1700852322\n|gametype|doubles\n|player|p1|tealpens3|2|1289\n|player|p2|DeathZoom|170|1410\n|teamsize|p1|6\n|teamsize|p2|6\n|gen|9\n|tier|[Gen 9] VGC 2023 Regulation E\n|rated|\n|rule|Species Clause: Limit one of each Pok\u00e9mon\n|rule|Item Clause: Limit one of each item\n|clearpoke\n|poke|p1|Gothitelle, L50, M|\n|poke|p1|Urshifu-*, L50, M|\n|poke|p1|Rillaboom, L50, M|\n|poke|p1|Flutter Mane, L50|\n|poke|p1|Dragonite, L50, M|\n|poke|p1|Chien-Pao, L50|\n|poke|p2|Arcanine, L50, F|\n|poke|p2|Sinistcha, L50|\n|poke|p2|Palafin, L50, F|\n|poke|p2|Cresselia, L50, F|\n|poke|p2|Iron Hands, L50|\n|poke|p2|Flutter Mane, L50|\n|teampreview|4\nDeathZoom rejected open team sheets.\n|\n|t:|1700852358\n|start\n|switch|p1a: Gothitelle|Gothitelle, L50, M|100\/100\n|switch|p1b: Urshifu|Urshifu-Rapid-Strike, L50, M|100\/100\n|switch|p2a: Arcanine|Arcanine, L50, F|100\/100\n|switch|p2b: Palafin|Palafin, L50, F|100\/100\n|-ability|p2a: Arcanine|Intimidate|boost\n|-unboost|p1a: Gothitelle|atk|1\n|-unboost|p1b: Urshifu|atk|1\n|turn|1\n|inactive|Battle timer is ON: inactive players will automatically lose when time's up. (requested by tealpens3)\n|\n|t:|1700852409\n|move|p1a: Gothitelle|Fake Out|p2b: Palafin\n|-damage|p2b: Palafin|97\/100\n|move|p2a: Arcanine|Extreme Speed|p1b: Urshifu\n|-damage|p1b: Urshifu|79\/100\n|move|p1b: Urshifu|Surging Strikes|p2a: Arcanine\n|-supereffective|p2a: Arcanine\n|-crit|p2a: Arcanine\n|-damage|p2a: Arcanine|63\/100\n|-supereffective|p2a: Arcanine\n|-crit|p2a: Arcanine\n|-damage|p2a: Arcanine|28\/100\n|-enditem|p2a: Arcanine|Sitrus Berry|[eat]\n|-heal|p2a: Arcanine|53\/100|[from] item: Sitrus Berry\n|-supereffective|p2a: Arcanine\n|-crit|p2a: Arcanine\n|-damage|p2a: Arcanine|16\/100\n|-hitcount|p2a: Arcanine|3\n|cant|p2b: Palafin|flinch\n|\n|-heal|p2b: Palafin|100\/100|[from] item: Leftovers\n|upkeep\n|turn|2\n|inactive|tealpens3 has 30 seconds left.\n|inactive|tealpens3 has 20 seconds left.\n|inactive|tealpens3 has 15 seconds left.\n|inactive|tealpens3 has 10 seconds left.\n|\n|t:|1700852459\n|move|p2a: Arcanine|Extreme Speed|p1b: Urshifu\n|-damage|p1b: Urshifu|58\/100\n|move|p1b: Urshifu|Surging Strikes|p2b: Palafin\n|-resisted|p2b: Palafin\n|-crit|p2b: Palafin\n|-damage|p2b: Palafin|87\/100\n|-resisted|p2b: Palafin\n|-crit|p2b: Palafin\n|-damage|p2b: Palafin|75\/100\n|-resisted|p2b: Palafin\n|-crit|p2b: Palafin\n|-damage|p2b: Palafin|65\/100\n|-hitcount|p2b: Palafin|3\n|move|p2b: Palafin|Bulk Up|p2b: Palafin\n|-boost|p2b: Palafin|atk|1\n|-boost|p2b: Palafin|def|1\n|move|p1a: Gothitelle|Psychic|p2a: Arcanine\n|-damage|p2a: Arcanine|0 fnt\n|faint|p2a: Arcanine\n|\n|-heal|p2b: Palafin|71\/100|[from] item: Leftovers\n|upkeep\n|\n|t:|1700852466\n|switch|p2a: Sinistcha|Sinistcha, L50|100\/100\n|-heal|p2b: Palafin|95\/100|[from] ability: Hospitality|[of] p2a: Sinistcha\n|turn|3\n|inactive|tealpens3 has 30 seconds left.\n|inactive|tealpens3 has 20 seconds left.\n|inactive|tealpens3 has 15 seconds left.\n|inactive|tealpens3 has 10 seconds left.\n|\n|t:|1700852514\n|switch|p1b: Rillaboom|Rillaboom, L50, M|100\/100\n|-fieldstart|move: Grassy Terrain|[from] ability: Grassy Surge|[of] p1b: Rillaboom\n|move|p2b: Palafin|Bulk Up|p2b: Palafin\n|-boost|p2b: Palafin|atk|1\n|-boost|p2b: Palafin|def|1\n|move|p2a: Sinistcha|Matcha Gotcha|p1b: Rillaboom|[spread] p1a,p1b\n|-resisted|p1b: Rillaboom\n|-damage|p1a: Gothitelle|78\/100\n|-damage|p1b: Rillaboom|89\/100\n|move|p1a: Gothitelle|Taunt|p2a: Sinistcha\n|-start|p2a: Sinistcha|move: Taunt\n|\n|-heal|p2b: Palafin|100\/100|[from] Grassy Terrain\n|-heal|p1b: Rillaboom|95\/100|[from] Grassy Terrain\n|-heal|p1a: Gothitelle|85\/100|[from] Grassy Terrain\n|upkeep\n|turn|4\n|inactive|tealpens3 has 30 seconds left.\n|inactive|tealpens3 has 20 seconds left.\n|\n|t:|1700852554\n|switch|p1a: Flutter Mane|Flutter Mane, L50|100\/100\n|move|p2b: Palafin|Protect|p2b: Palafin\n|-singleturn|p2b: Palafin|Protect\n|move|p1b: Rillaboom|Wood Hammer|p2b: Palafin\n|-activate|p2b: Palafin|move: Protect\n|move|p2a: Sinistcha|Matcha Gotcha|p1b: Rillaboom|[spread] p1a,p1b\n|-resisted|p1b: Rillaboom\n|-damage|p1a: Flutter Mane|69\/100\n|-damage|p1b: Rillaboom|84\/100\n|\n|-heal|p1a: Flutter Mane|75\/100|[from] Grassy Terrain\n|-heal|p1b: Rillaboom|90\/100|[from] Grassy Terrain\n|upkeep\n|turn|5\n|inactive|tealpens3 has 30 seconds left.\n|\n|t:|1700852584\n|switch|p2a: Iron Hands|Iron Hands, L50|100\/100\n|-terastallize|p1a: Flutter Mane|Fairy\n|-terastallize|p2b: Palafin|Poison\n|move|p1b: Rillaboom|Grassy Glide|p2b: Palafin\n|-resisted|p2b: Palafin\n|-crit|p2b: Palafin\n|-damage|p2b: Palafin|70\/100\n|move|p1a: Flutter Mane|Shadow Ball|p2b: Palafin\n|-damage|p2b: Palafin|0 fnt\n|faint|p2b: Palafin\n|\n|-heal|p1a: Flutter Mane|81\/100|[from] Grassy Terrain\n|-heal|p1b: Rillaboom|96\/100|[from] Grassy Terrain\n|upkeep\n|-message|DeathZoom forfeited.\n|\n|win|tealpens3\n|raw|tealpens3's rating: 1289 &rarr; <strong>1321<\/strong><br \/>(+32 for winning)\n|raw|DeathZoom's rating: 1388 &rarr; <strong>1362<\/strong><br \/>(-26 for losing)\n|l|\u2606DeathZoom\n","uploadtime":1700852605,"views":16,"p1id":"tealpens3","p2id":"deathzoom","formatid":"gen9vgc2023regulatione","rating":1321,"private":0,"password":""}