{"id":"gen9vgc2023regulatione-1998950374","p1":"Auscar","p2":"Rob the Frob","format":"[Gen 9] VGC 2023 Regulation E","log":"|j|\u2606Auscar\n|j|\u2606Rob the Frob\n|t:|1701016840\n|gametype|doubles\n|player|p1|Auscar|169|1317\n|player|p2|Rob the Frob|pryce|1251\n|teamsize|p1|6\n|teamsize|p2|6\n|gen|9\n|tier|[Gen 9] VGC 2023 Regulation E\n|rated|\n|rule|Species Clause: Limit one of each Pok\u00e9mon\n|rule|Item Clause: Limit one of each item\n|clearpoke\n|poke|p1|Decidueye, L50, M|\n|poke|p1|Landorus-Therian, L50, M|\n|poke|p1|Arcanine-Hisui, L50, F|\n|poke|p1|Rillaboom, L50, F|\n|poke|p1|Gholdengo, L50|\n|poke|p1|Iron Hands, L50|\n|poke|p2|Baxcalibur, L50, F|\n|poke|p2|Ninetales-Alola, L50, F|\n|poke|p2|Iron Bundle, L50|\n|poke|p2|Iron Hands, L50|\n|poke|p2|Chi-Yu, L50|\n|poke|p2|Ogerpon-Wellspring, L50, F|\n|teampreview|4\n|\n|t:|1701016877\n|start\n|switch|p1a: Decidueye|Decidueye, L50, M, shiny|100\/100\n|switch|p1b: Rillaboom|Rillaboom, L50, F|100\/100\n|switch|p2a: Ninetales|Ninetales-Alola, L50, F|100\/100\n|switch|p2b: Chi-Yu|Chi-Yu, L50|100\/100\n|-weather|Snow|[from] ability: Snow Warning|[of] p2a: Ninetales\n|-ability|p2b: Chi-Yu|Beads of Ruin\n|-fieldstart|move: Grassy Terrain|[from] ability: Grassy Surge|[of] p1b: Rillaboom\n|-enditem|p1a: Decidueye|Grassy Seed\n|-boost|p1a: Decidueye|def|1|[from] item: Grassy Seed\n|turn|1\n|\n|t:|1701016928\n|switch|p1b: Arcanine|Arcanine-Hisui, L50, F|100\/100\n|-ability|p1b: Arcanine|Intimidate|boost\n|-unboost|p2a: Ninetales|atk|1\n|-unboost|p2b: Chi-Yu|atk|1\n|-terastallize|p1a: Decidueye|Fire\n|move|p2a: Ninetales|Aurora Veil|p2a: Ninetales\n|-sidestart|p2: Rob the Frob|move: Aurora Veil\n|move|p2b: Chi-Yu|Nasty Plot|p2b: Chi-Yu\n|-boost|p2b: Chi-Yu|spa|2\n|move|p1a: Decidueye|Spirit Shackle|p2a: Ninetales\n|-damage|p2a: Ninetales|85\/100\n|-activate|p2a: Ninetales|trapped\n|\n|-weather|Snow|[upkeep]\n|-heal|p2a: Ninetales|91\/100|[from] Grassy Terrain\n|upkeep\n|turn|2\n|\n|t:|1701016963\n|move|p2a: Ninetales|Blizzard|p1a: Decidueye|[spread] p1a,p1b\n|-resisted|p1a: Decidueye\n|-resisted|p1b: Arcanine\n|-damage|p1a: Decidueye|89\/100\n|-damage|p1b: Arcanine|79\/100\n|move|p1b: Arcanine|Rock Slide|p2b: Chi-Yu|[spread] p2a,p2b\n|-supereffective|p2a: Ninetales\n|-supereffective|p2b: Chi-Yu\n|-damage|p2a: Ninetales|51\/100\n|-damage|p2b: Chi-Yu|29\/100\n|cant|p2b: Chi-Yu|flinch\n|move|p1a: Decidueye|Tailwind|p1a: Decidueye\n|-sidestart|p1: Auscar|move: Tailwind\n|\n|-weather|Snow|[upkeep]\n|-heal|p1b: Arcanine|85\/100|[from] Grassy Terrain\n|-heal|p1a: Decidueye|95\/100|[from] Grassy Terrain\n|-heal|p2a: Ninetales|57\/100|[from] Grassy Terrain\n|-heal|p2b: Chi-Yu|35\/100|[from] Grassy Terrain\n|upkeep\n|turn|3\n|\n|t:|1701016989\n|switch|p2b: Baxcalibur|Baxcalibur, L50, F|100\/100\n|move|p2a: Ninetales|Protect|p2a: Ninetales\n|-singleturn|p2a: Ninetales|Protect\n|move|p1b: Arcanine|Rock Slide|p2a: Ninetales|[spread] p2b\n|-activate|p2a: Ninetales|move: Protect\n|-supereffective|p2b: Baxcalibur\n|-damage|p2b: Baxcalibur|67\/100\n|move|p1a: Decidueye|Spirit Shackle|p2a: Ninetales\n|-activate|p2a: Ninetales|move: Protect\n|\n|-weather|Snow|[upkeep]\n|-heal|p2b: Baxcalibur|73\/100|[from] ability: Ice Body\n|-heal|p1b: Arcanine|91\/100|[from] Grassy Terrain\n|-heal|p1a: Decidueye|100\/100|[from] Grassy Terrain\n|-heal|p2a: Ninetales|63\/100|[from] Grassy Terrain\n|-heal|p2b: Baxcalibur|79\/100|[from] Grassy Terrain\n|upkeep\n|turn|4\n|\n|t:|1701017033\n|-terastallize|p2b: Baxcalibur|Water\n|move|p1b: Arcanine|Rock Slide|p2a: Ninetales|[spread] p2a,p2b\n|-supereffective|p2a: Ninetales\n|-damage|p2a: Ninetales|23\/100\n|-damage|p2b: Baxcalibur|54\/100\n|move|p1a: Decidueye|Knock Off|p2b: Baxcalibur\n|-damage|p2b: Baxcalibur|40\/100\n|-enditem|p2b: Baxcalibur|Loaded Dice|[from] move: Knock Off|[of] p1a: Decidueye\n|move|p2a: Ninetales|Moonblast|p1a: Decidueye\n|-resisted|p1a: Decidueye\n|-damage|p1a: Decidueye|91\/100\n|move|p2b: Baxcalibur|Swords Dance|p2b: Baxcalibur\n|-boost|p2b: Baxcalibur|atk|2\n|\n|-weather|Snow|[upkeep]\n|-heal|p2b: Baxcalibur|46\/100|[from] ability: Ice Body\n|-heal|p1b: Arcanine|97\/100|[from] Grassy Terrain\n|-heal|p1a: Decidueye|97\/100|[from] Grassy Terrain\n|-heal|p2a: Ninetales|29\/100|[from] Grassy Terrain\n|-heal|p2b: Baxcalibur|52\/100|[from] Grassy Terrain\n|upkeep\n|turn|5\n|\n|t:|1701017069\n|move|p1b: Arcanine|Rock Slide|p2b: Baxcalibur|[spread] p2a,p2b\n|-supereffective|p2a: Ninetales\n|-damage|p2a: Ninetales|0 fnt\n|-damage|p2b: Baxcalibur|27\/100\n|faint|p2a: Ninetales\n|move|p1a: Decidueye|Spirit Shackle|p2b: Baxcalibur\n|-damage|p2b: Baxcalibur|8\/100\n|-activate|p2b: Baxcalibur|trapped\n|move|p2b: Baxcalibur|Scale Shot|p1a: Decidueye\n|-damage|p1a: Decidueye|74\/100\n|-damage|p1a: Decidueye|51\/100\n|-damage|p1a: Decidueye|28\/100\n|-hitcount|p1a: Decidueye|3\n|-unboost|p2b: Baxcalibur|def|1\n|-boost|p2b: Baxcalibur|spe|1\n|\n|-weather|none\n|-heal|p1b: Arcanine|100\/100|[from] Grassy Terrain\n|-heal|p2b: Baxcalibur|14\/100|[from] Grassy Terrain\n|-heal|p1a: Decidueye|33\/100|[from] Grassy Terrain\n|-sideend|p1: Auscar|move: Tailwind\n|-fieldend|move: Grassy Terrain\n|upkeep\n|\n|t:|1701017089\n|switch|p2a: Iron Bundle|Iron Bundle, L50|100\/100\n|-enditem|p2a: Iron Bundle|Booster Energy\n|-activate|p2a: Iron Bundle|ability: Quark Drive|[fromitem]\n|-start|p2a: Iron Bundle|quarkdrivespe\n|turn|6\n|\n|t:|1701017100\n|switch|p1a: Landorus|Landorus-Therian, L50, M|100\/100\n|-ability|p1a: Landorus|Intimidate|boost\n|-unboost|p2a: Iron Bundle|atk|1\n|-unboost|p2b: Baxcalibur|atk|1\n|move|p2a: Iron Bundle|Icy Wind|p1b: Arcanine|[spread] p1a,p1b\n|-supereffective|p1a: Landorus\n|-resisted|p1b: Arcanine\n|-damage|p1a: Landorus|0 fnt\n|-damage|p1b: Arcanine|86\/100\n|-unboost|p1b: Arcanine|spe|1\n|faint|p1a: Landorus\n|move|p2b: Baxcalibur|Icicle Spear|p1b: Arcanine\n|-resisted|p1b: Arcanine\n|-crit|p1b: Arcanine\n|-damage|p1b: Arcanine|63\/100\n|-resisted|p1b: Arcanine\n|-damage|p1b: Arcanine|48\/100\n|-hitcount|p1b: Arcanine|2\n|move|p1b: Arcanine|Rock Slide|p2b: Baxcalibur|[spread] p2a,p2b\n|-supereffective|p2a: Iron Bundle\n|-crit|p2a: Iron Bundle\n|-damage|p2a: Iron Bundle|0 fnt\n|-damage|p2b: Baxcalibur|0 fnt\n|faint|p2a: Iron Bundle\n|-end|p2a: Iron Bundle|Quark Drive|[silent]\n|faint|p2b: Baxcalibur\n|\n|upkeep\n|\n|t:|1701017132\n|switch|p2a: Chi-Yu|Chi-Yu, L50|35\/100\n|switch|p1a: Decidueye|Decidueye, L50, M, shiny, tera:Fire|33\/100\n|-ability|p2a: Chi-Yu|Beads of Ruin\n|turn|7\n|\n|t:|1701017144\n|move|p2a: Chi-Yu|Dark Pulse|p1a: Decidueye\n|-damage|p1a: Decidueye|0 fnt\n|faint|p1a: Decidueye\n|move|p1b: Arcanine|Rock Slide|p2a: Chi-Yu\n|-supereffective|p2a: Chi-Yu\n|-damage|p2a: Chi-Yu|0 fnt\n|faint|p2a: Chi-Yu\n|\n|win|Auscar\n|raw|Auscar's rating: 1317 &rarr; <strong>1333<\/strong><br \/>(+16 for winning)\n|raw|Rob the Frob's rating: 1251 &rarr; <strong>1231<\/strong><br \/>(-20 for losing)\n|l|\u2606Rob the Frob\n","uploadtime":1701017166,"views":11,"p1id":"auscar","p2id":"robthefrob","formatid":"gen9vgc2023regulatione","rating":1231,"private":0,"password":""}