{"id":"gen9vgc2023regulatione-1988629989","p1":"General Male","p2":"gigalaser","format":"[Gen 9] VGC 2023 Regulation E","log":"|j|\u2606General Male\n|j|\u2606gigalaser\n|t:|1699743913\n|gametype|doubles\n|player|p1|General Male|169|1068\n|player|p2|gigalaser|ghetsis|1014\n|teamsize|p1|6\n|teamsize|p2|6\n|gen|9\n|tier|[Gen 9] VGC 2023 Regulation E\n|rated|\n|rule|Species Clause: Limit one of each Pok\u00e9mon\n|rule|Item Clause: Limit one of each item\n|clearpoke\n|poke|p1|Rillaboom, L50, M|\n|poke|p1|Arcanine-Hisui, L50, M|\n|poke|p1|Chien-Pao, L50|\n|poke|p1|Flutter Mane, L50|\n|poke|p1|Landorus, L50, M|\n|poke|p1|Empoleon, L50, F|\n|poke|p2|Moltres-Galar, L50|\n|poke|p2|Munkidori, L50, M|\n|poke|p2|Grimmsnarl, L50, M|\n|poke|p2|Arcanine-Hisui, L50, F|\n|poke|p2|Sinistcha, L50|\n|poke|p2|Milotic, L50, M|\n|teampreview|4\n|\n|t:|1699743951\n|start\n|switch|p1a: Rillaboom|Rillaboom, L50, M|100\/100\n|switch|p1b: Chien-Pao|Chien-Pao, L50|100\/100\n|switch|p2a: Grimmsnarl|Grimmsnarl, L50, M|100\/100\n|switch|p2b: Milotic|Milotic, L50, M|100\/100\n|-ability|p1b: Chien-Pao|Sword of Ruin\n|-fieldstart|move: Grassy Terrain|[from] ability: Grassy Surge|[of] p1a: Rillaboom\n|turn|1\n|\n|t:|1699743979\n|move|p1a: Rillaboom|Fake Out|p2a: Grimmsnarl\n|-damage|p2a: Grimmsnarl|77\/100\n|cant|p2a: Grimmsnarl|flinch\n|move|p1b: Chien-Pao|Sacred Sword|p2a: Grimmsnarl\n|-damage|p2a: Grimmsnarl|19\/100\n|move|p2b: Milotic|Hypnosis|p1a: Rillaboom\n|-status|p1a: Rillaboom|slp|[from] move: Hypnosis\n|\n|-heal|p2a: Grimmsnarl|25\/100|[from] Grassy Terrain\n|upkeep\n|turn|2\n|\n|t:|1699743996\n|move|p1b: Chien-Pao|Protect|p1b: Chien-Pao\n|-singleturn|p1b: Chien-Pao|Protect\n|cant|p1a: Rillaboom|slp\n|move|p2a: Grimmsnarl|Reflect|p2a: Grimmsnarl\n|-sidestart|p2: gigalaser|Reflect\n|move|p2b: Milotic|Icy Wind|p1a: Rillaboom|[spread] p1a\n|-activate|p1b: Chien-Pao|move: Protect\n|-supereffective|p1a: Rillaboom\n|-damage|p1a: Rillaboom|77\/100 slp\n|-unboost|p1a: Rillaboom|spe|1\n|\n|-heal|p2a: Grimmsnarl|31\/100|[from] Grassy Terrain\n|-heal|p1a: Rillaboom|83\/100 slp|[from] Grassy Terrain\n|upkeep\n|turn|3\n|\n|t:|1699744020\n|-terastallize|p2b: Milotic|Grass\n|cant|p1a: Rillaboom|slp\n|move|p1b: Chien-Pao|Sacred Sword|p2a: Grimmsnarl\n|-damage|p2a: Grimmsnarl|0 fnt\n|faint|p2a: Grimmsnarl\n|move|p2b: Milotic|Icy Wind|p1b: Chien-Pao|[spread] p1a,p1b\n|-supereffective|p1a: Rillaboom\n|-resisted|p1b: Chien-Pao\n|-damage|p1a: Rillaboom|59\/100 slp\n|-damage|p1b: Chien-Pao|91\/100\n|-unboost|p1a: Rillaboom|spe|1\n|-unboost|p1b: Chien-Pao|spe|1\n|\n|-heal|p1b: Chien-Pao|97\/100|[from] Grassy Terrain\n|-heal|p1a: Rillaboom|65\/100 slp|[from] Grassy Terrain\n|upkeep\n|\n|t:|1699744029\n|switch|p2a: Moltres|Moltres-Galar, L50|100\/100\n|turn|4\n|\n|t:|1699744043\n|move|p2b: Milotic|Hydro Pump|p1b: Chien-Pao\n|-damage|p1b: Chien-Pao|24\/100\n|move|p1b: Chien-Pao|Ice Spinner|p2b: Milotic\n|-supereffective|p2b: Milotic\n|-damage|p2b: Milotic|15\/100\n|-fieldend|move: Grassy Terrain\n|move|p2a: Moltres|Nasty Plot|p2a: Moltres\n|-boost|p2a: Moltres|spa|2\n|cant|p1a: Rillaboom|slp\n|\n|upkeep\n|turn|5\n|\n|t:|1699744081\n|move|p2b: Milotic|Life Dew||[still]|[spread] p2a,p2b\n|-fail|p2a: Moltres|heal\n|-heal|p2b: Milotic|40\/100\n|move|p1b: Chien-Pao|Ice Spinner|p2a: Moltres\n|-supereffective|p2a: Moltres\n|-damage|p2a: Moltres|42\/100\n|-ability|p2a: Moltres|Berserk|boost\n|-boost|p2a: Moltres|spa|1\n|-enditem|p2a: Moltres|Sitrus Berry|[eat]\n|-heal|p2a: Moltres|66\/100|[from] item: Sitrus Berry\n|move|p2a: Moltres|Fiery Wrath|p1b: Chien-Pao|[spread] p1a,p1b\n|-resisted|p1b: Chien-Pao\n|-damage|p1a: Rillaboom|3\/100 slp\n|-damage|p1b: Chien-Pao|0 fnt\n|faint|p1b: Chien-Pao\n|-curestatus|p1a: Rillaboom|slp|[msg]\n|cant|p1a: Rillaboom|flinch\n|\n|upkeep\n|\n|t:|1699744104\n|switch|p1b: Landorus|Landorus, L50, M|100\/100\n|turn|6\n|\n|t:|1699744131\n|switch|p1a: Flutter Mane|Flutter Mane, L50|100\/100\n|move|p1b: Landorus|Sludge Bomb|p2b: Milotic\n|-supereffective|p2b: Milotic\n|-damage|p2b: Milotic|0 fnt\n|faint|p2b: Milotic\n|move|p2a: Moltres|Fiery Wrath|p1b: Landorus|[spread] p1a,p1b\n|-damage|p1a: Flutter Mane|44\/100\n|-damage|p1b: Landorus|19\/100\n|\n|upkeep\n|\n|t:|1699744140\n|switch|p2b: Sinistcha|Sinistcha, L50|100\/100\n|-heal|p2a: Moltres|91\/100|[from] ability: Hospitality|[of] p2b: Sinistcha\n|turn|7\n|\n|t:|1699744156\n|move|p1a: Flutter Mane|Dazzling Gleam|p2a: Moltres|[spread] p2a,p2b\n|-supereffective|p2a: Moltres\n|-damage|p2a: Moltres|27\/100\n|-damage|p2b: Sinistcha|58\/100\n|-ability|p2a: Moltres|Berserk|boost\n|-boost|p2a: Moltres|spa|1\n|move|p1b: Landorus|Sludge Bomb|p2a: Moltres\n|-damage|p2a: Moltres|0 fnt\n|faint|p2a: Moltres\n|move|p2b: Sinistcha|Trick Room|p2b: Sinistcha\n|-fieldstart|move: Trick Room|[of] p2b: Sinistcha\n|\n|upkeep\n|turn|8\n|\n|t:|1699744185\n|move|p2b: Sinistcha|Matcha Gotcha|p1a: Flutter Mane|[spread] p1a,p1b\n|-damage|p1a: Flutter Mane|21\/100\n|-heal|p2b: Sinistcha|67\/100|[from] drain|[of] p1a: Flutter Mane\n|-damage|p1b: Landorus|0 fnt\n|-heal|p2b: Sinistcha|76\/100|[from] drain|[of] p1b: Landorus\n|faint|p1b: Landorus\n|move|p1a: Flutter Mane|Dazzling Gleam|p2b: Sinistcha\n|-damage|p2b: Sinistcha|17\/100\n|\n|upkeep\n|\n|t:|1699744191\n|switch|p1b: Rillaboom|Rillaboom, L50, M|3\/100\n|-fieldstart|move: Grassy Terrain|[from] ability: Grassy Surge|[of] p1b: Rillaboom\n|turn|9\n|\n|t:|1699744197\n|move|p1b: Rillaboom|Grassy Glide|p2b: Sinistcha\n|-resisted|p2b: Sinistcha\n|-damage|p2b: Sinistcha|5\/100\n|-damage|p1b: Rillaboom|0 fnt|[from] item: Rocky Helmet|[of] p2b: Sinistcha\n|faint|p1b: Rillaboom\n|move|p2b: Sinistcha|Matcha Gotcha|p1a: Flutter Mane\n|-damage|p1a: Flutter Mane|0 fnt\n|-heal|p2b: Sinistcha|13\/100|[from] drain|[of] p1a: Flutter Mane\n|faint|p1a: Flutter Mane\n|-end|p1a: Flutter Mane|Protosynthesis|[silent]\n|\n|win|gigalaser\n|raw|General Male's rating: 1068 &rarr; <strong>1045<\/strong><br \/>(-23 for losing)\n|raw|gigalaser's rating: 1014 &rarr; <strong>1058<\/strong><br \/>(+44 for winning)\n|l|\u2606General Male\n","uploadtime":1699744209,"views":14,"p1id":"generalmale","p2id":"gigalaser","formatid":"gen9vgc2023regulatione","rating":1045,"private":0,"password":""}