{"id":"gen9vgc2023regulatione-1995003539","p1":"willbill231","p2":"Gen9Dubssss","format":"[Gen 9] VGC 2023 Regulation E","log":"|j|\u2606willbill231\n|j|\u2606Gen9Dubssss\n|t:|1700512418\n|gametype|doubles\n|player|p1|willbill231|169|1179\n|player|p2|Gen9Dubssss|depotagent|1146\n|teamsize|p1|6\n|teamsize|p2|6\n|gen|9\n|tier|[Gen 9] VGC 2023 Regulation E\n|rated|\n|rule|Species Clause: Limit one of each Pok\u00e9mon\n|rule|Item Clause: Limit one of each item\n|clearpoke\n|poke|p1|Zapdos-Galar, L50|\n|poke|p1|Sneasler, L50, F|\n|poke|p1|Tornadus, L50, M|\n|poke|p1|Garchomp, L50, M|\n|poke|p1|Ninetales-Alola, L50, M|\n|poke|p1|Farigiraf, L50, M|\n|poke|p2|Armarouge, L50, F|\n|poke|p2|Indeedee-F, L50, F|\n|poke|p2|Gholdengo, L50|\n|poke|p2|Urshifu-*, L50, F|\n|poke|p2|Ursaluna-Bloodmoon, L50, M|\n|poke|p2|Sinistcha, L50|\n|teampreview|4\n|inactive|Battle timer is ON: inactive players will automatically lose when time's up. (requested by Gen9Dubssss)\n|\n|t:|1700512451\n|start\n|switch|p1a: Sneasler|Sneasler, L50, F|100\/100\n|switch|p1b: Tornadus|Tornadus, L50, M|100\/100\n|switch|p2a: Armarouge|Armarouge, L50, F|100\/100\n|switch|p2b: Urshifu|Urshifu-Rapid-Strike, L50, F|100\/100\n|turn|1\n|inactive|willbill231 has 30 seconds left.\n|inactive|Gen9Dubssss has 30 seconds left.\n|inactive|Gen9Dubssss has 20 seconds left.\n|\n|t:|1700512488\n|switch|p2b: Indeedee|Indeedee-F, L50, F|100\/100\n|-fieldstart|move: Psychic Terrain|[from] ability: Psychic Surge|[of] p2b: Indeedee\n|-enditem|p2b: Indeedee|Psychic Seed\n|-boost|p2b: Indeedee|spd|1|[from] item: Psychic Seed\n|-enditem|p1a: Sneasler|Mirror Herb\n|-boost|p1a: Sneasler|spd|1|[from] item: Mirror Herb\n|-terastallize|p1a: Sneasler|Dark\n|move|p2a: Armarouge|Protect|p2a: Armarouge\n|-singleturn|p2a: Armarouge|Protect\n|move|p1b: Tornadus|Tailwind|p1b: Tornadus\n|-sidestart|p1: willbill231|move: Tailwind\n|move|p1a: Sneasler|Tera Blast|p2a: Armarouge|[anim] Tera Blast Dark\n|-activate|p2a: Armarouge|move: Protect\n|\n|upkeep\n|turn|2\n|inactive|willbill231 has 30 seconds left.\n|inactive|Gen9Dubssss has 30 seconds left.\n|inactive|Gen9Dubssss has 20 seconds left.\n|inactive|Gen9Dubssss has 15 seconds left.\n|inactive|Gen9Dubssss has 10 seconds left.\n|\n|t:|1700512539\n|move|p2b: Indeedee|Follow Me|p2b: Indeedee\n|-singleturn|p2b: Indeedee|move: Follow Me\n|move|p1a: Sneasler|Tera Blast|p2b: Indeedee|[anim] Tera Blast Dark\n|-supereffective|p2b: Indeedee\n|-damage|p2b: Indeedee|16\/100\n|move|p1b: Tornadus|Bleakwind Storm|p2a: Armarouge|[spread] p2a,p2b\n|-damage|p2a: Armarouge|54\/100\n|-damage|p2b: Indeedee|0 fnt\n|faint|p2b: Indeedee\n|move|p2a: Armarouge|Heat Wave|p1a: Sneasler|[spread] p1a\n|-miss|p2a: Armarouge|p1b: Tornadus\n|-damage|p1a: Sneasler|67\/100\n|\n|upkeep\n|\n|t:|1700512550\n|switch|p2b: Sinistcha|Sinistcha, L50|100\/100\n|-heal|p2a: Armarouge|79\/100|[from] ability: Hospitality|[of] p2b: Sinistcha\n|turn|3\n|inactive|Gen9Dubssss has 30 seconds left.\n|inactive|Gen9Dubssss has 20 seconds left.\n|inactive|Gen9Dubssss has 15 seconds left.\n|\n|t:|1700512592\n|move|p2b: Sinistcha|Rage Powder|p2b: Sinistcha\n|-singleturn|p2b: Sinistcha|move: Rage Powder\n|move|p1b: Tornadus|Rain Dance|p1b: Tornadus\n|-weather|RainDance\n|move|p1a: Sneasler|Dire Claw|p2b: Sinistcha\n|-damage|p2b: Sinistcha|61\/100\n|-status|p2b: Sinistcha|psn\n|move|p2a: Armarouge|Expanding Force|p1a: Sneasler|[spread] p1b\n|-immune|p1a: Sneasler\n|-damage|p1b: Tornadus|10\/100\n|\n|-weather|RainDance|[upkeep]\n|-heal|p2b: Sinistcha|67\/100 psn|[from] item: Leftovers\n|-damage|p2b: Sinistcha|55\/100 psn|[from] psn\n|upkeep\n|turn|4\n|inactive|Gen9Dubssss has 30 seconds left.\n|inactive|Gen9Dubssss has 20 seconds left.\n|inactive|Gen9Dubssss has 15 seconds left.\n|inactive|Gen9Dubssss has 10 seconds left.\n|inactive|Gen9Dubssss has 5 seconds left.\n|\n|t:|1700512648\n|move|p2b: Sinistcha|Rage Powder|p2b: Sinistcha\n|-singleturn|p2b: Sinistcha|move: Rage Powder\n|move|p1a: Sneasler|Tera Blast|p2b: Sinistcha|[anim] Tera Blast Dark\n|-supereffective|p2b: Sinistcha\n|-damage|p2b: Sinistcha|0 fnt\n|faint|p2b: Sinistcha\n|move|p1b: Tornadus|Bleakwind Storm|p2a: Armarouge\n|-crit|p2a: Armarouge\n|-damage|p2a: Armarouge|0 fnt\n|faint|p2a: Armarouge\n|\n|-weather|RainDance|[upkeep]\n|-sideend|p1: willbill231|move: Tailwind\n|upkeep\n|\n|t:|1700512668\n|switch|p2a: Urshifu|Urshifu-Rapid-Strike, L50, F|100\/100\n|turn|5\n|\n|t:|1700512681\n|switch|p1a: Garchomp|Garchomp, L50, M|100\/100\n|move|p2a: Urshifu|Surging Strikes|p1a: Garchomp\n|-crit|p1a: Garchomp\n|-damage|p1a: Garchomp|74\/100\n|-damage|p2a: Urshifu|88\/100|[from] ability: Rough Skin|[of] p1a: Garchomp\n|-damage|p2a: Urshifu|72\/100|[from] item: Rocky Helmet|[of] p1a: Garchomp\n|-crit|p1a: Garchomp\n|-damage|p1a: Garchomp|48\/100\n|-damage|p2a: Urshifu|59\/100|[from] ability: Rough Skin|[of] p1a: Garchomp\n|-damage|p2a: Urshifu|43\/100|[from] item: Rocky Helmet|[of] p1a: Garchomp\n|-crit|p1a: Garchomp\n|-damage|p1a: Garchomp|24\/100\n|-damage|p2a: Urshifu|30\/100|[from] ability: Rough Skin|[of] p1a: Garchomp\n|-damage|p2a: Urshifu|14\/100|[from] item: Rocky Helmet|[of] p1a: Garchomp\n|-hitcount|p1a: Garchomp|3\n|move|p1b: Tornadus|Bleakwind Storm|p2a: Urshifu\n|-supereffective|p2a: Urshifu\n|-damage|p2a: Urshifu|0 fnt\n|faint|p2a: Urshifu\n|\n|win|willbill231\n|raw|willbill231's rating: 1179 &rarr; <strong>1202<\/strong><br \/>(+23 for winning)\n|raw|Gen9Dubssss's rating: 1146 &rarr; <strong>1123<\/strong><br \/>(-23 for losing)\n|l|\u2606Gen9Dubssss\n","uploadtime":1700512719,"views":8,"p1id":"willbill231","p2id":"gen9dubssss","formatid":"gen9vgc2023regulatione","rating":1123,"private":0,"password":""}