{"id":"gen9vgc2023regulatione-1993719263","p1":"ClydeFromPacman","p2":"AndyLaVGC","format":"[Gen 9] VGC 2023 Regulation E","log":"|j|\u2606ClydeFromPacman\n|j|\u2606AndyLaVGC\n|t:|1700349192\n|gametype|doubles\n|player|p1|ClydeFromPacman|colress|1339\n|player|p2|AndyLaVGC|170|1459\n|teamsize|p1|6\n|teamsize|p2|6\n|gen|9\n|tier|[Gen 9] VGC 2023 Regulation E\n|rated|\n|rule|Species Clause: Limit one of each Pok\u00e9mon\n|rule|Item Clause: Limit one of each item\n|clearpoke\n|poke|p1|Landorus-Therian, L50, M|\n|poke|p1|Flutter Mane, L50|\n|poke|p1|Iron Hands, L50|\n|poke|p1|Heatran, L50, F|\n|poke|p1|Ninetales-Alola, L50, M|\n|poke|p1|Baxcalibur, L50, F|\n|poke|p2|Milotic, L50, F|\n|poke|p2|Flamigo, L50, M|\n|poke|p2|Clefairy, L50, F|\n|poke|p2|Ogerpon, L50, F|\n|poke|p2|Arcanine-Hisui, L50, M|\n|poke|p2|Flutter Mane, L50|\n|teampreview|4\n|j| Deli(VeryReal)\n|inactive|Battle timer is ON: inactive players will automatically lose when time's up. (requested by AndyLaVGC)\n|c| Deli(VeryReal)|Kachow\n|inactive|ClydeFromPacman has 60 seconds left.\n|\n|t:|1700349263\n|start\n|switch|p1a: Ninetales|Ninetales-Alola, L50, M|100\/100\n|switch|p1b: Iron Hands|Iron Hands, L50|100\/100\n|switch|p2a: Milotic|Milotic, L50, F, shiny|100\/100\n|switch|p2b: Arcanine|Arcanine-Hisui, L50, M|100\/100\n|-weather|Snow|[from] ability: Snow Warning|[of] p1a: Ninetales\n|-ability|p2b: Arcanine|Intimidate|boost\n|-unboost|p1a: Ninetales|atk|1\n|-unboost|p1b: Iron Hands|atk|1\n|turn|1\n|inactive|ClydeFromPacman has 30 seconds left.\n|\n|t:|1700349291\n|switch|p2b: Clefairy|Clefairy, L50, F|100\/100\n|move|p1b: Iron Hands|Fake Out|p2b: Clefairy\n|-damage|p2b: Clefairy|92\/100\n|move|p1a: Ninetales|Aurora Veil|p1a: Ninetales\n|-sidestart|p1: ClydeFromPacman|move: Aurora Veil\n|move|p2a: Milotic|Coil|p2a: Milotic\n|-boost|p2a: Milotic|atk|1\n|-boost|p2a: Milotic|def|1\n|-boost|p2a: Milotic|accuracy|1\n|\n|-weather|Snow|[upkeep]\n|upkeep\n|turn|2\n|\n|t:|1700349302\n|switch|p2b: Arcanine|Arcanine-Hisui, L50, M|100\/100\n|-ability|p2b: Arcanine|Intimidate|boost\n|-unboost|p1a: Ninetales|atk|1\n|-unboost|p1b: Iron Hands|atk|1\n|move|p1a: Ninetales|Encore|p2a: Milotic\n|-start|p2a: Milotic|Encore\n|move|p2a: Milotic|Coil|p2a: Milotic\n|-boost|p2a: Milotic|atk|1\n|-boost|p2a: Milotic|def|1\n|-boost|p2a: Milotic|accuracy|1\n|move|p1b: Iron Hands|Volt Switch|p2a: Milotic\n|-supereffective|p2a: Milotic\n|-damage|p2a: Milotic|83\/100\n|\n|t:|1700349312\n|-end|p1b: Iron Hands|Quark Drive|[silent]\n|switch|p1b: Heatran|Heatran, L50, F|100\/100|[from] Volt Switch\n|\n|-weather|Snow|[upkeep]\n|-heal|p2a: Milotic|89\/100|[from] item: Leftovers\n|upkeep\n|turn|3\n|c|\u2606AndyLaVGC|brother\n|\n|t:|1700349326\n|move|p1a: Ninetales|Moonblast|p2a: Milotic\n|-damage|p2a: Milotic|61\/100\n|move|p1b: Heatran|Earth Power|p2a: Milotic\n|-damage|p2a: Milotic|40\/100\n|move|p2b: Arcanine|Rock Slide|p1b: Heatran|[spread] p1a\n|-miss|p2b: Arcanine|p1b: Heatran\n|-supereffective|p1a: Ninetales\n|-damage|p1a: Ninetales|58\/100\n|move|p2a: Milotic|Coil|p2a: Milotic\n|-boost|p2a: Milotic|atk|1\n|-boost|p2a: Milotic|def|1\n|-boost|p2a: Milotic|accuracy|1\n|\n|-weather|Snow|[upkeep]\n|-heal|p2a: Milotic|46\/100|[from] item: Leftovers\n|upkeep\n|turn|4\n|\n|t:|1700349340\n|switch|p2b: Clefairy|Clefairy, L50, F|92\/100\n|move|p1a: Ninetales|Moonblast|p2a: Milotic\n|-damage|p2a: Milotic|27\/100\n|move|p1b: Heatran|Earth Power|p2a: Milotic\n|-damage|p2a: Milotic|11\/100\n|move|p2a: Milotic|Coil|p2a: Milotic\n|-boost|p2a: Milotic|atk|1\n|-boost|p2a: Milotic|def|1\n|-boost|p2a: Milotic|accuracy|1\n|\n|-weather|Snow|[upkeep]\n|-heal|p2a: Milotic|17\/100|[from] item: Leftovers\n|-end|p2a: Milotic|Encore\n|upkeep\n|turn|5\n|\n|t:|1700349362\n|move|p2b: Clefairy|Follow Me|p2b: Clefairy\n|-singleturn|p2b: Clefairy|move: Follow Me\n|move|p1a: Ninetales|Moonblast|p2b: Clefairy\n|-damage|p2b: Clefairy|59\/100\n|move|p1b: Heatran|Earth Power|p2b: Clefairy\n|-damage|p2b: Clefairy|30\/100\n|move|p2a: Milotic|Recover|p2a: Milotic\n|-heal|p2a: Milotic|67\/100\n|\n|-weather|none\n|-heal|p2a: Milotic|73\/100|[from] item: Leftovers\n|-sideend|p1: ClydeFromPacman|move: Aurora Veil\n|upkeep\n|turn|6\n|\n|t:|1700349378\n|move|p2b: Clefairy|Follow Me|p2b: Clefairy\n|-singleturn|p2b: Clefairy|move: Follow Me\n|move|p1a: Ninetales|Encore|p2b: Clefairy\n|-start|p2b: Clefairy|Encore\n|move|p1b: Heatran|Flash Cannon|p2b: Clefairy\n|-supereffective|p2b: Clefairy\n|-damage|p2b: Clefairy|0 fnt\n|faint|p2b: Clefairy\n|move|p2a: Milotic|Hypnosis|p1a: Ninetales\n|-status|p1a: Ninetales|slp|[from] move: Hypnosis\n|\n|-heal|p2a: Milotic|79\/100|[from] item: Leftovers\n|upkeep\n|\n|t:|1700349385\n|switch|p2b: Flamigo|Flamigo, L50, M|100\/100\n|-copyboost|p2b: Flamigo|p2a: Milotic|[from] ability: Costar\n|turn|7\n|l| Deli(VeryReal)\n|\n|t:|1700349404\n|switch|p1b: Iron Hands|Iron Hands, L50|100\/100\n|move|p2b: Flamigo|Close Combat|p1a: Ninetales\n|-damage|p1a: Ninetales|0 fnt\n|-unboost|p2b: Flamigo|def|1\n|-unboost|p2b: Flamigo|spd|1\n|faint|p1a: Ninetales\n|move|p2a: Milotic|Hypnosis|p1b: Iron Hands\n|-status|p1b: Iron Hands|slp|[from] move: Hypnosis\n|\n|-heal|p2a: Milotic|85\/100|[from] item: Leftovers\n|upkeep\n|inactive|ClydeFromPacman has 30 seconds left.\n|inactive|ClydeFromPacman has 20 seconds left.\n|inactive|ClydeFromPacman has 15 seconds left.\n|\n|t:|1700349447\n|switch|p1a: Heatran|Heatran, L50, F|100\/100\n|turn|8\n|\n|t:|1700349459\n|move|p1a: Heatran|Protect|p1a: Heatran\n|-singleturn|p1a: Heatran|Protect\n|move|p2b: Flamigo|Close Combat|p1a: Heatran\n|-activate|p1a: Heatran|move: Protect\n|move|p2a: Milotic|Hydro Pump|p1b: Iron Hands\n|-damage|p1b: Iron Hands|73\/100 slp\n|cant|p1b: Iron Hands|slp\n|\n|-heal|p2a: Milotic|91\/100|[from] item: Leftovers\n|upkeep\n|turn|9\n|\n|t:|1700349473\n|-terastallize|p1a: Heatran|Fairy\n|move|p2b: Flamigo|Close Combat|p1b: Iron Hands\n|-damage|p1b: Iron Hands|0 fnt\n|-unboost|p2b: Flamigo|def|1\n|-unboost|p2b: Flamigo|spd|1\n|faint|p1b: Iron Hands\n|-end|p1b: Iron Hands|Quark Drive|[silent]\n|move|p1a: Heatran|Heat Wave|p2b: Flamigo|[spread] p2a,p2b\n|-resisted|p2a: Milotic\n|-damage|p2a: Milotic|79\/100\n|-damage|p2b: Flamigo|0 fnt\n|faint|p2b: Flamigo\n|move|p2a: Milotic|Hypnosis|p1a: Heatran\n|-status|p1a: Heatran|slp|[from] move: Hypnosis\n|\n|-heal|p2a: Milotic|85\/100|[from] item: Leftovers\n|upkeep\n|\n|t:|1700349484\n|switch|p2b: Arcanine|Arcanine-Hisui, L50, M|100\/100\n|switch|p1b: Baxcalibur|Baxcalibur, L50, F|100\/100\n|-ability|p2b: Arcanine|Intimidate|boost\n|-unboost|p1a: Heatran|atk|1\n|-unboost|p1b: Baxcalibur|atk|1\n|turn|10\n|\n|t:|1700349500\n|move|p1b: Baxcalibur|Icicle Spear|p2b: Arcanine\n|-resisted|p2b: Arcanine\n|-damage|p2b: Arcanine|96\/100\n|-resisted|p2b: Arcanine\n|-damage|p2b: Arcanine|90\/100\n|-resisted|p2b: Arcanine\n|-damage|p2b: Arcanine|85\/100\n|-resisted|p2b: Arcanine\n|-damage|p2b: Arcanine|79\/100\n|-hitcount|p2b: Arcanine|4\n|cant|p1a: Heatran|slp\n|move|p2b: Arcanine|Rock Slide|p1b: Baxcalibur|[spread] p1a,p1b\n|-supereffective|p1b: Baxcalibur\n|-damage|p1a: Heatran|77\/100 slp\n|-damage|p1b: Baxcalibur|50\/100\n|move|p2a: Milotic|Hypnosis|p1b: Baxcalibur\n|-status|p1b: Baxcalibur|slp|[from] move: Hypnosis\n|\n|-heal|p1a: Heatran|83\/100 slp|[from] item: Leftovers\n|-heal|p2a: Milotic|91\/100|[from] item: Leftovers\n|upkeep\n|turn|11\n|\n|t:|1700349513\n|-terastallize|p2b: Arcanine|Fairy\n|cant|p1b: Baxcalibur|slp\n|-curestatus|p1a: Heatran|slp|[msg]\n|move|p1a: Heatran|Earth Power|p2b: Arcanine\n|-damage|p2b: Arcanine|55\/100\n|move|p2b: Arcanine|Rock Slide|p1b: Baxcalibur|[spread] p1a\n|-miss|p2b: Arcanine|p1b: Baxcalibur\n|-damage|p1a: Heatran|59\/100\n|move|p2a: Milotic|Hydro Pump|p1a: Heatran\n|-damage|p1a: Heatran|21\/100\n|\n|-heal|p1a: Heatran|27\/100|[from] item: Leftovers\n|-heal|p2a: Milotic|97\/100|[from] item: Leftovers\n|upkeep\n|turn|12\n|\n|t:|1700349535\n|-curestatus|p1b: Baxcalibur|slp|[msg]\n|move|p1b: Baxcalibur|Icicle Spear|p2b: Arcanine\n|-crit|p2b: Arcanine\n|-damage|p2b: Arcanine|34\/100\n|-damage|p2b: Arcanine|23\/100\n|-damage|p2b: Arcanine|12\/100\n|-damage|p2b: Arcanine|3\/100\n|-damage|p2b: Arcanine|0 fnt\n|faint|p2b: Arcanine\n|-hitcount|p2: Arcanine|5\n|move|p1a: Heatran|Flash Cannon|p2a: Milotic\n|-resisted|p2a: Milotic\n|-damage|p2a: Milotic|82\/100\n|-unboost|p2a: Milotic|spd|1\n|-ability|p2a: Milotic|Competitive|boost\n|-boost|p2a: Milotic|spa|2\n|move|p2a: Milotic|Hydro Pump|p1a: Heatran\n|-damage|p1a: Heatran|0 fnt\n|faint|p1a: Heatran\n|\n|-heal|p2a: Milotic|88\/100|[from] item: Leftovers\n|upkeep\n|turn|13\n|\n|t:|1700349548\n|move|p1b: Baxcalibur|Scale Shot|p2a: Milotic\n|-damage|p2a: Milotic|85\/100\n|-damage|p2a: Milotic|81\/100\n|-damage|p2a: Milotic|78\/100\n|-damage|p2a: Milotic|74\/100\n|-hitcount|p2a: Milotic|4\n|-unboost|p1b: Baxcalibur|def|1\n|-boost|p1b: Baxcalibur|spe|1\n|move|p2a: Milotic|Hypnosis|p1b: Baxcalibur\n|-status|p1b: Baxcalibur|slp|[from] move: Hypnosis\n|\n|-heal|p2a: Milotic|80\/100|[from] item: Leftovers\n|upkeep\n|turn|14\n|\n|t:|1700349557\n|cant|p1b: Baxcalibur|slp\n|move|p2a: Milotic|Hydro Pump|p1b: Baxcalibur\n|-resisted|p1b: Baxcalibur\n|-damage|p1b: Baxcalibur|4\/100 slp\n|\n|-heal|p2a: Milotic|86\/100|[from] item: Leftovers\n|upkeep\n|turn|15\n|\n|t:|1700349570\n|cant|p1b: Baxcalibur|slp\n|move|p2a: Milotic|Hydro Pump|p1b: Baxcalibur\n|-resisted|p1b: Baxcalibur\n|-damage|p1b: Baxcalibur|0 fnt\n|faint|p1b: Baxcalibur\n|\n|win|AndyLaVGC\n|raw|ClydeFromPacman's rating: 1339 &rarr; <strong>1326<\/strong><br \/>(-13 for losing)\n|raw|AndyLaVGC's rating: 1459 &rarr; <strong>1472<\/strong><br \/>(+13 for winning)\n|l|\u2606ClydeFromPacman\n","uploadtime":1700349575,"views":17,"p1id":"clydefrompacman","p2id":"andylavgc","formatid":"gen9vgc2023regulatione","rating":1326,"private":0,"password":""}