{"id":"gen9vgc2023regulatione-2000580204","p1":"Marcooooooos","p2":"ProtoMasterX","format":"[Gen 9] VGC 2023 Regulation E","log":"|j|\u2606Marcooooooos\n|j|\u2606ProtoMasterX\n|t:|1701207255\n|gametype|doubles\n|player|p1|Marcooooooos|265|1226\n|player|p2|ProtoMasterX|169|1293\n|teamsize|p1|6\n|teamsize|p2|6\n|gen|9\n|tier|[Gen 9] VGC 2023 Regulation E\n|rated|\n|rule|Species Clause: Limit one of each Pok\u00e9mon\n|rule|Item Clause: Limit one of each item\n|clearpoke\n|poke|p1|Heatran, L50, M|\n|poke|p1|Ogerpon-Wellspring, L50, F|\n|poke|p1|Rillaboom, L50, F|\n|poke|p1|Salamence, L50, M|\n|poke|p1|Kingambit, L50, F|\n|poke|p1|Flutter Mane, L50|\n|poke|p2|Ursaluna-Bloodmoon, L50, M|\n|poke|p2|Sinistcha, L50|\n|poke|p2|Armarouge, L50, F|\n|poke|p2|Indeedee-F, L50, F|\n|poke|p2|Iron Hands, L50|\n|poke|p2|Cresselia, L50, F|\n|teampreview|4\nMarcooooooos has agreed to open team sheets.\n|\n|t:|1701207310\n|start\n|switch|p1a: Ogerpon|Ogerpon-Wellspring, L50, F|100\/100\n|switch|p1b: Kingambit|Kingambit, L50, F|100\/100\n|switch|p2a: Indeedee|Indeedee-F, L50, F|100\/100\n|switch|p2b: Ursaluna|Ursaluna-Bloodmoon, L50, M|100\/100\n|-fieldstart|move: Psychic Terrain|[from] ability: Psychic Surge|[of] p2a: Indeedee\n|-enditem|p2a: Indeedee|Psychic Seed\n|-boost|p2a: Indeedee|spd|1|[from] item: Psychic Seed\n|turn|1\n|\n|t:|1701207338\n|-terastallize|p2b: Ursaluna|Fairy\n|move|p1a: Ogerpon|Spiky Shield|p1a: Ogerpon\n|-singleturn|p1a: Ogerpon|move: Protect\n|move|p2b: Ursaluna|Earth Power|p1b: Kingambit\n|-supereffective|p1b: Kingambit\n|-damage|p1b: Kingambit|0 fnt\n|faint|p1b: Kingambit\n|move|p2a: Indeedee|Trick Room|p2a: Indeedee\n|-fieldstart|move: Trick Room|[of] p2a: Indeedee\n|\n|upkeep\n|\n|t:|1701207349\n|switch|p1b: Rillaboom|Rillaboom, L50, F|100\/100\n|-fieldstart|move: Grassy Terrain|[from] ability: Grassy Surge|[of] p1b: Rillaboom\n|turn|2\n|\n|t:|1701207365\n|move|p2a: Indeedee|Helping Hand|p2b: Ursaluna\n|-singleturn|p2b: Ursaluna|Helping Hand|[of] p2a: Indeedee\n|move|p1b: Rillaboom|Fake Out|p2b: Ursaluna\n|-damage|p2b: Ursaluna|91\/100\n|cant|p2b: Ursaluna|flinch\n|move|p1a: Ogerpon|Ivy Cudgel|p2b: Ursaluna|[anim] Ivy Cudgel Water\n|-damage|p2b: Ursaluna|50\/100\n|\n|-heal|p2b: Ursaluna|56\/100|[from] Grassy Terrain\n|upkeep\n|turn|3\n|\n|t:|1701207379\n|switch|p2a: Sinistcha|Sinistcha, L50|100\/100\n|-heal|p2b: Ursaluna|81\/100|[from] ability: Hospitality|[of] p2a: Sinistcha\n|move|p1b: Rillaboom|Grassy Glide|p2b: Ursaluna\n|-damage|p2b: Ursaluna|56\/100\n|move|p2b: Ursaluna|Hyper Voice|p1a: Ogerpon|[spread] p1a,p1b\n|-damage|p1a: Ogerpon|66\/100\n|-damage|p1b: Rillaboom|73\/100\n|-enditem|p2b: Ursaluna|Throat Spray\n|-boost|p2b: Ursaluna|spa|1|[from] item: Throat Spray\n|move|p1a: Ogerpon|Horn Leech|p2b: Ursaluna\n|-damage|p2b: Ursaluna|20\/100\n|-heal|p1a: Ogerpon|88\/100|[from] drain|[of] p2b: Ursaluna\n|\n|-heal|p2b: Ursaluna|26\/100|[from] Grassy Terrain\n|-heal|p1b: Rillaboom|79\/100|[from] Grassy Terrain\n|-heal|p1a: Ogerpon|94\/100|[from] Grassy Terrain\n|upkeep\n|turn|4\n|\n|t:|1701207418\n|switch|p2a: Indeedee|Indeedee-F, L50, F|100\/100\n|-fieldstart|move: Psychic Terrain|[from] ability: Psychic Surge|[of] p2a: Indeedee\n|move|p2b: Ursaluna|Blood Moon|p1a: Ogerpon\n|-damage|p1a: Ogerpon|0 fnt\n|faint|p1a: Ogerpon\n|move|p1b: Rillaboom|Grassy Glide|p2b: Ursaluna\n|-damage|p2b: Ursaluna|5\/100\n|\n|upkeep\n|\n|t:|1701207426\n|switch|p1a: Salamence|Salamence, L50, M|100\/100\n|-ability|p1a: Salamence|Intimidate|boost\n|-unboost|p2a: Indeedee|atk|1\n|-unboost|p2b: Ursaluna|atk|1\n|turn|5\n|\n|t:|1701207447\n|switch|p2a: Sinistcha|Sinistcha, L50|100\/100\n|-heal|p2b: Ursaluna|30\/100|[from] ability: Hospitality|[of] p2a: Sinistcha\n|move|p2b: Ursaluna|Moonblast|p1a: Salamence\n|-supereffective|p1a: Salamence\n|-damage|p1a: Salamence|0 fnt\n|faint|p1a: Salamence\n|move|p1b: Rillaboom|Wood Hammer|p2a: Sinistcha\n|-resisted|p2a: Sinistcha\n|-damage|p2a: Sinistcha|78\/100\n|-damage|p1b: Rillaboom|63\/100|[from] item: Rocky Helmet|[of] p2a: Sinistcha\n|-damage|p1b: Rillaboom|56\/100|[from] Recoil\n|\n|-fieldend|move: Trick Room\n|upkeep\n|turn|6\n|\n|t:|1701207462\n|move|p1b: Rillaboom|Wood Hammer|p2b: Ursaluna\n|-damage|p2b: Ursaluna|0 fnt\n|faint|p2b: Ursaluna\n|-damage|p1b: Rillaboom|46\/100|[from] Recoil\n|move|p2a: Sinistcha|Strength Sap|p1b: Rillaboom\n|-unboost|p1b: Rillaboom|atk|1\n|-heal|p2a: Sinistcha|100\/100\n|\n|upkeep\n|\n|t:|1701207469\n|switch|p2b: Armarouge|Armarouge, L50, F|100\/100\n|turn|7\n|\n|t:|1701207477\n|-terastallize|p1b: Rillaboom|Fire\n|move|p1b: Rillaboom|High Horsepower|p2b: Armarouge\n|-supereffective|p2b: Armarouge\n|-damage|p2b: Armarouge|60\/100\n|move|p2b: Armarouge|Expanding Force|p1b: Rillaboom\n|-damage|p1b: Rillaboom|0 fnt\n|faint|p1b: Rillaboom\n|-damage|p2b: Armarouge|51\/100|[from] item: Life Orb\n|\n|win|ProtoMasterX\n|raw|Marcooooooos's rating: 1226 &rarr; <strong>1206<\/strong><br \/>(-20 for losing)\n|raw|ProtoMasterX's rating: 1293 &rarr; <strong>1313<\/strong><br \/>(+20 for winning)\n","uploadtime":1701207486,"views":0,"p1id":"marcooooooos","p2id":"protomasterx","formatid":"gen9vgc2023regulatione","rating":1206,"private":0,"password":""}