{"id":"gen9vgc2023regulatione-1990255202","p1":"endygoto","p2":"kinglysquizz","format":"[Gen 9] VGC 2023 Regulation E","log":"|j|\u2606endygoto\n|j|\u2606kinglysquizz\n|n|\u2606endygoto|endygoto\n|n|\u2606kinglysquizz|kinglysquizz\n|html|View the match progress at <a href=\"\/game-bestof3-gen9vgc2023regulatione-1990253294\">game-bestof3-gen9vgc2023regulatione-1990253294<\/a>\n|t:|1699945500\n|gametype|doubles\n|player|p1|endygoto|pokemonranger-gen4|\n|player|p2|kinglysquizz|265|\n|teamsize|p1|6\n|teamsize|p2|6\n|gen|9\n|tier|[Gen 9] VGC 2023 Regulation E\n|rule|Species Clause: Limit one of each Pok\u00e9mon\n|rule|Item Clause: Limit one of each item\n|clearpoke\n|poke|p1|Landorus-Therian, L50, M|\n|poke|p1|Rillaboom, L50, M|\n|poke|p1|Heatran, L50, M|\n|poke|p1|Farigiraf, L50, F|\n|poke|p1|Empoleon, L50, F|\n|poke|p1|Zapdos, L50|\n|poke|p2|Ogerpon-Hearthflame, L50, F|\n|poke|p2|Sinistcha, L50|\n|poke|p2|Fezandipiti, L50, M|\n|poke|p2|Thundurus, L50, M|\n|poke|p2|Kommo-o, L50, F|\n|poke|p2|Gyarados, L50, F|\n|teampreview|4\n|\n|t:|1699945511\n|start\n|switch|p1a: Zippy|Zapdos, L50|100\/100\n|switch|p1b: Landorus|Landorus-Therian, L50, M|100\/100\n|switch|p2a: Kommo-o|Kommo-o, L50, F|100\/100\n|switch|p2b: Thundurus|Thundurus, L50, M|100\/100\n|-ability|p1b: Landorus|Intimidate|boost\n|-unboost|p2a: Kommo-o|atk|1\n|-unboost|p2b: Thundurus|atk|1\n|turn|1\n|inactive|Battle timer is ON: inactive players will automatically lose when time's up. (requested by endygoto)\n|j| JamiWami\n|inactive|endygoto has 60 seconds left.\n|inactive|kinglysquizz has 60 seconds left.\n|inactive|kinglysquizz has 30 seconds left.\n|\n|t:|1699945582\n|switch|p2b: Ogerpon|Ogerpon-Hearthflame, L50, F|100\/100\n|-ability|p2b: Ogerpon|Mold Breaker\n|-terastallize|p2a: Kommo-o|Steel\n|move|p1b: Landorus|Rock Slide|p2a: Kommo-o|[spread] p2a\n|-miss|p1b: Landorus|p2b: Ogerpon\n|-resisted|p2a: Kommo-o\n|-crit|p2a: Kommo-o\n|-damage|p2a: Kommo-o|87\/100\n|move|p1a: Zippy|Tailwind|p1a: Zippy\n|-sidestart|p1: endygoto|move: Tailwind\n|move|p2a: Kommo-o|Clangorous Soul|p2a: Kommo-o\n|-boost|p2a: Kommo-o|atk|1\n|-boost|p2a: Kommo-o|def|1\n|-boost|p2a: Kommo-o|spa|1\n|-boost|p2a: Kommo-o|spd|1\n|-boost|p2a: Kommo-o|spe|1\n|-damage|p2a: Kommo-o|54\/100\n|-enditem|p2a: Kommo-o|Throat Spray\n|-boost|p2a: Kommo-o|spa|1|[from] item: Throat Spray\n|\n|upkeep\n|turn|2\n|inactive|endygoto has 30 seconds left.\n|inactive|endygoto has 20 seconds left.\n|inactive|kinglysquizz has 30 seconds left.\n|inactive|endygoto has 15 seconds left.\n|inactive|endygoto has 10 seconds left.\n|inactive|kinglysquizz has 20 seconds left.\n|inactive|kinglysquizz has 15 seconds left.\n|inactive|kinglysquizz has 10 seconds left.\n|\n|t:|1699945640\n|switch|p2b: Sinistcha|Sinistcha, L50|100\/100\n|-heal|p2a: Kommo-o|78\/100|[from] ability: Hospitality|[of] p2b: Sinistcha\n|move|p2a: Kommo-o|Protect|p2a: Kommo-o\n|-singleturn|p2a: Kommo-o|Protect\n|move|p1b: Landorus|Rock Slide|p2a: Kommo-o|[spread] p2b\n|-activate|p2a: Kommo-o|move: Protect\n|-damage|p2b: Sinistcha|84\/100\n|move|p1a: Zippy|Hurricane|p2b: Sinistcha|[miss]\n|-miss|p1a: Zippy|p2b: Sinistcha\n|\n|upkeep\n|turn|3\n|\n|t:|1699945663\n|move|p2b: Sinistcha|Protect|p2b: Sinistcha\n|-singleturn|p2b: Sinistcha|Protect\n|move|p1b: Landorus|Rock Slide|p2a: Kommo-o|[spread] p2a\n|-activate|p2b: Sinistcha|move: Protect\n|-resisted|p2a: Kommo-o\n|-damage|p2a: Kommo-o|71\/100\n|move|p1a: Zippy|Hurricane|p2b: Sinistcha\n|-activate|p2b: Sinistcha|move: Protect\n|cant|p2a: Kommo-o|flinch\n|\n|upkeep\n|turn|4\n|inactive|kinglysquizz has 30 seconds left.\n|\n|t:|1699945694\n|switch|p2b: Thundurus|Thundurus, L50, M|100\/100\n|move|p1b: Landorus|Rock Slide|p2b: Thundurus|[spread] p2a,p2b\n|-resisted|p2a: Kommo-o\n|-supereffective|p2b: Thundurus\n|-damage|p2a: Kommo-o|64\/100\n|-damage|p2b: Thundurus|32\/100\n|move|p1a: Zippy|Hurricane|p2b: Thundurus\n|-resisted|p2b: Thundurus\n|-damage|p2b: Thundurus|2\/100\n|move|p2a: Kommo-o|Clanging Scales|p1b: Landorus|[spread] p1a,p1b\n|-damage|p1a: Zippy|22\/100\n|-damage|p1b: Landorus|0 fnt\n|faint|p1b: Landorus\n|-unboost|p2a: Kommo-o|def|1\n|\n|-sideend|p1: endygoto|move: Tailwind\n|upkeep\n|\n|t:|1699945713\n|switch|p1b: Run|Heatran, L50, M|100\/100\n|turn|5\n|\n|t:|1699945728\n|-terastallize|p1b: Run|Grass\n|move|p2b: Thundurus|Taunt|p1a: Zippy\n|-start|p1a: Zippy|move: Taunt\n|move|p2a: Kommo-o|Clanging Scales|p1b: Run|[spread] p1a,p1b\n|-damage|p1a: Zippy|0 fnt\n|-damage|p1b: Run|38\/100\n|faint|p1a: Zippy\n|-unboost|p2a: Kommo-o|def|1\n|move|p1b: Run|Heat Wave|p2a: Kommo-o|[spread] p2a,p2b\n|-supereffective|p2a: Kommo-o\n|-damage|p2a: Kommo-o|0 fnt\n|-damage|p2b: Thundurus|0 fnt\n|faint|p2a: Kommo-o\n|faint|p2b: Thundurus\n|-damage|p1b: Run|29\/100|[from] item: Life Orb\n|\n|upkeep\n|\n|t:|1699945742\n|switch|p2b: Ogerpon|Ogerpon-Hearthflame, L50, F|100\/100\n|switch|p1a: Empress|Empoleon, L50, F|100\/100\n|switch|p2a: Sinistcha|Sinistcha, L50|84\/100\n|-ability|p2b: Ogerpon|Mold Breaker\n|turn|6\n|inactive|kinglysquizz has 30 seconds left.\n|\n|t:|1699945770\n|move|p1b: Run|Protect|p1b: Run\n|-singleturn|p1b: Run|Protect\n|move|p2a: Sinistcha|Rage Powder|p2a: Sinistcha\n|-singleturn|p2a: Sinistcha|move: Rage Powder\n|move|p2b: Ogerpon|Ivy Cudgel|p1b: Run\n|-activate|p1b: Run|move: Protect\n|move|p1a: Empress|Ice Beam|p2a: Sinistcha\n|-supereffective|p2a: Sinistcha\n|-damage|p2a: Sinistcha|16\/100\n|-enditem|p2a: Sinistcha|Sitrus Berry|[eat]\n|-heal|p2a: Sinistcha|40\/100|[from] item: Sitrus Berry\n|\n|upkeep\n|turn|7\n|\n|t:|1699945793\n|move|p2a: Sinistcha|Protect|p2a: Sinistcha\n|-singleturn|p2a: Sinistcha|Protect\n|move|p2b: Ogerpon|Ivy Cudgel|p1b: Run\n|-supereffective|p1b: Run\n|-damage|p1b: Run|0 fnt\n|faint|p1b: Run\n|move|p1a: Empress|Ice Beam|p2a: Sinistcha\n|-activate|p2a: Sinistcha|move: Protect\n|\n|upkeep\n|turn|8\n|\n|t:|1699945809\n|move|p2b: Ogerpon|Superpower|p1a: Empress\n|-supereffective|p1a: Empress\n|-damage|p1a: Empress|0 fnt\n|-unboost|p2b: Ogerpon|atk|1\n|-unboost|p2b: Ogerpon|def|1\n|faint|p1a: Empress\n|\n|win|kinglysquizz\n|c|&|\/uhtml prompt-endygoto,endygoto is ready for game 3!\n|c|&|\/uhtml prompt-kinglysquizz,kinglysquizz is ready for game 3!\nBoth players are ready! Starting next match!\n|l| JamiWami\n","uploadtime":1699946157,"views":16,"p1id":"endygoto","p2id":"kinglysquizz","formatid":"gen9vgc2023regulatione","rating":0,"private":0,"password":""}