{"id":"gen9vgc2023regulatione-2000122435","p1":"It4li4n St4llion","p2":"IhateCTandmiss","format":"[Gen 9] VGC 2023 Regulation E","log":"|j|\u2606It4li4n St4llion\n|j|\u2606IhateCTandmiss\n|t:|1701158861\n|gametype|doubles\n|player|p1|It4li4n St4llion|clemont|1136\n|player|p2|IhateCTandmiss|170|1101\n|teamsize|p1|6\n|teamsize|p2|6\n|gen|9\n|tier|[Gen 9] VGC 2023 Regulation E\n|rated|\n|rule|Species Clause: Limit one of each Pok\u00e9mon\n|rule|Item Clause: Limit one of each item\n|clearpoke\n|poke|p1|Rillaboom, L50, F|\n|poke|p1|Chien-Pao, L50|\n|poke|p1|Heatran, L50, M|\n|poke|p1|Enamorus, L50, F|\n|poke|p1|Farigiraf, L50, F|\n|poke|p1|Clodsire, L50, F|\n|poke|p2|Slaking, L50, F|\n|poke|p2|Weezing, L50, M|\n|poke|p2|Salamence, L50, F|\n|poke|p2|Ting-Lu, L50|\n|poke|p2|Flutter Mane, L50|\n|poke|p2|Rotom-Wash, L50|\n|teampreview|4\n|\n|t:|1701158882\n|start\n|switch|p1a: Rillaboom|Rillaboom, L50, F|100\/100\n|switch|p1b: Enamorus|Enamorus, L50, F|100\/100\n|switch|p2a: Slaking|Slaking, L50, F|100\/100\n|switch|p2b: Rotom|Rotom-Wash, L50|100\/100\n|-fieldstart|move: Grassy Terrain|[from] ability: Grassy Surge|[of] p1a: Rillaboom\n|turn|1\n|inactive|Battle timer is ON: inactive players will automatically lose when time's up. (requested by It4li4n St4llion)\n|inactive|It4li4n St4llion has 60 seconds left.\n|\n|t:|1701158916\n|-terastallize|p1b: Enamorus|Poison\n|move|p1a: Rillaboom|Fake Out|p2b: Rotom\n|-damage|p2b: Rotom|84\/100\n|cant|p2b: Rotom|flinch\n|move|p1b: Enamorus|Superpower|p2a: Slaking\n|-supereffective|p2a: Slaking\n|-damage|p2a: Slaking|61\/100\n|-boost|p1b: Enamorus|atk|1\n|-boost|p1b: Enamorus|def|1\n|move|p2a: Slaking|Knock Off|p1a: Rillaboom\n|-damage|p1a: Rillaboom|63\/100\n|-enditem|p1a: Rillaboom|Miracle Seed|[from] move: Knock Off|[of] p2a: Slaking\n|\n|-heal|p2a: Slaking|68\/100|[from] Grassy Terrain\n|-heal|p1a: Rillaboom|69\/100|[from] Grassy Terrain\n|upkeep\n|turn|2\n|\n|t:|1701158938\n|move|p1a: Rillaboom|Grassy Glide|p2b: Rotom\n|-supereffective|p2b: Rotom\n|-damage|p2b: Rotom|1\/100\n|move|p2b: Rotom|Volt Switch|p1b: Enamorus\n|-damage|p1b: Enamorus|69\/100\n|\n|t:|1701158944\n|switch|p2b: Weezing|Weezing, L50, M|100\/100|[from] Volt Switch\n|-ability|p2b: Weezing|Neutralizing Gas\n|move|p1b: Enamorus|Superpower|p2a: Slaking\n|-supereffective|p2a: Slaking\n|-damage|p2a: Slaking|11\/100\n|-unboost|p1b: Enamorus|atk|1\n|-unboost|p1b: Enamorus|def|1\n|move|p2a: Slaking|Knock Off|p1b: Enamorus\n|-damage|p1b: Enamorus|21\/100\n|-enditem|p1b: Enamorus|Sitrus Berry|[from] move: Knock Off|[of] p2a: Slaking\n|\n|-heal|p1b: Enamorus|28\/100|[from] Grassy Terrain\n|-heal|p2a: Slaking|17\/100|[from] Grassy Terrain\n|-heal|p1a: Rillaboom|75\/100|[from] Grassy Terrain\n|upkeep\n|turn|3\n|inactive|It4li4n St4llion has 30 seconds left.\n|\n|t:|1701158971\n|move|p1a: Rillaboom|Grassy Glide|p2a: Slaking\n|-damage|p2a: Slaking|0 fnt\n|faint|p2a: Slaking\n|move|p1b: Enamorus|Draining Kiss|p2b: Weezing\n|-resisted|p2b: Weezing\n|-damage|p2b: Weezing|89\/100\n|-heal|p1b: Enamorus|35\/100|[from] drain|[of] p2b: Weezing\n|move|p2b: Weezing|Will-O-Wisp|p1a: Rillaboom\n|-status|p1a: Rillaboom|brn\n|\n|-heal|p1b: Enamorus|41\/100|[from] Grassy Terrain\n|-heal|p1a: Rillaboom|81\/100 brn|[from] Grassy Terrain\n|-heal|p2b: Weezing|95\/100|[from] Grassy Terrain\n|-heal|p2b: Weezing|100\/100|[from] item: Black Sludge\n|-damage|p1a: Rillaboom|75\/100 brn|[from] brn\n|upkeep\n|\n|t:|1701158988\n|switch|p2a: Flutter Mane|Flutter Mane, L50|100\/100\n|turn|4\n|inactive|It4li4n St4llion has 30 seconds left.\n|\n|t:|1701159018\n|move|p2a: Flutter Mane|Protect|p2a: Flutter Mane\n|-singleturn|p2a: Flutter Mane|Protect\n|move|p1a: Rillaboom|Grassy Glide|p2a: Flutter Mane\n|-activate|p2a: Flutter Mane|move: Protect\n|move|p1b: Enamorus|Dazzling Gleam|p2b: Weezing|[spread] p2b\n|-activate|p2a: Flutter Mane|move: Protect\n|-resisted|p2b: Weezing\n|-damage|p2b: Weezing|86\/100\n|move|p2b: Weezing|Sludge Bomb|p1a: Rillaboom\n|-supereffective|p1a: Rillaboom\n|-damage|p1a: Rillaboom|13\/100 brn\n|\n|-heal|p1b: Enamorus|47\/100|[from] Grassy Terrain\n|-heal|p1a: Rillaboom|20\/100 brn|[from] Grassy Terrain\n|-heal|p2b: Weezing|92\/100|[from] Grassy Terrain\n|-heal|p2b: Weezing|99\/100|[from] item: Black Sludge\n|-damage|p1a: Rillaboom|13\/100 brn|[from] brn\n|upkeep\n|turn|5\n|\n|t:|1701159040\n|-end|p2a: Flutter Mane|Protosynthesis|[silent]\n|switch|p2a: Rotom|Rotom-Wash, L50|1\/100\n|move|p1a: Rillaboom|Grassy Glide|p2a: Rotom\n|-supereffective|p2a: Rotom\n|-damage|p2a: Rotom|0 fnt\n|faint|p2a: Rotom\n|move|p1b: Enamorus|Dazzling Gleam|p2b: Weezing\n|-resisted|p2b: Weezing\n|-damage|p2b: Weezing|80\/100\n|move|p2b: Weezing|Sludge Bomb|p1b: Enamorus\n|-resisted|p1b: Enamorus\n|-damage|p1b: Enamorus|30\/100\n|\n|-heal|p1b: Enamorus|36\/100|[from] Grassy Terrain\n|-heal|p1a: Rillaboom|20\/100 brn|[from] Grassy Terrain\n|-heal|p2b: Weezing|86\/100|[from] Grassy Terrain\n|-heal|p2b: Weezing|92\/100|[from] item: Black Sludge\n|-damage|p1a: Rillaboom|13\/100 brn|[from] brn\n|-fieldend|move: Grassy Terrain\n|upkeep\n|\n|t:|1701159058\n|switch|p2a: Flutter Mane|Flutter Mane, L50|100\/100\n|turn|6\n|\n|t:|1701159069\n|-terastallize|p2a: Flutter Mane|Fairy\n|move|p2a: Flutter Mane|Dazzling Gleam|p1b: Enamorus|[spread] p1a,p1b\n|-resisted|p1b: Enamorus\n|-damage|p1a: Rillaboom|0 fnt\n|-damage|p1b: Enamorus|10\/100\n|faint|p1a: Rillaboom\n|move|p1b: Enamorus|Earth Power|p2b: Weezing\n|-supereffective|p2b: Weezing\n|-damage|p2b: Weezing|30\/100\n|move|p2b: Weezing|Sludge Bomb|p1b: Enamorus\n|-resisted|p1b: Enamorus\n|-damage|p1b: Enamorus|0 fnt\n|faint|p1b: Enamorus\n|\n|-heal|p2b: Weezing|36\/100|[from] item: Black Sludge\n|upkeep\n|\n|t:|1701159087\n|switch|p1b: Heatran|Heatran, L50, M|100\/100\n|switch|p1a: Chien-Pao|Chien-Pao, L50|100\/100\n|turn|7\n|\n|t:|1701159106\n|move|p2a: Flutter Mane|Protect|p2a: Flutter Mane\n|-singleturn|p2a: Flutter Mane|Protect\n|move|p1a: Chien-Pao|Icicle Crash|p2b: Weezing\n|-damage|p2b: Weezing|0 fnt\n|faint|p2b: Weezing\n|-end|p2b: Weezing|ability: Neutralizing Gas\n|-ability|p1a: Chien-Pao|Sword of Ruin\n|move|p1b: Heatran|Heat Wave|p2a: Flutter Mane\n|-activate|p2a: Flutter Mane|move: Protect\n|\n|upkeep\n|turn|8\n|-message|IhateCTandmiss forfeited.\n|\n|win|It4li4n St4llion\n|raw|It4li4n St4llion's rating: 1136 &rarr; <strong>1158<\/strong><br \/>(+22 for winning)\n|raw|IhateCTandmiss's rating: 1101 &rarr; <strong>1079<\/strong><br \/>(-22 for losing)\n|l|\u2606IhateCTandmiss\n","uploadtime":1701159125,"views":18,"p1id":"it4li4nst4llion","p2id":"ihatectandmiss","formatid":"gen9vgc2023regulatione","rating":1079,"private":0,"password":""}