{"id":"gen9vgc2023regulatione-1989435040","p1":"BrokenFairyKing","p2":"Lab Gamer","format":"[Gen 9] VGC 2023 Regulation E","log":"|j|\u2606BrokenFairyKing\n|j|\u2606Lab Gamer\n|n|\u2606BrokenFairyKing|brokenfairyking\n|n|\u2606Lab Gamer|labgamer\n|html|View the match progress at <a href=\"\/game-bestof3-gen9vgc2023regulatione-1989432220\">game-bestof3-gen9vgc2023regulatione-1989432220<\/a>\n|t:|1699850014\n|gametype|doubles\n|player|p1|BrokenFairyKing|harlequin|\n|player|p2|Lab Gamer|roark|\n|teamsize|p1|6\n|teamsize|p2|6\n|gen|9\n|tier|[Gen 9] VGC 2023 Regulation E\n|rule|Species Clause: Limit one of each Pok\u00e9mon\n|rule|Item Clause: Limit one of each item\n|clearpoke\n|poke|p1|Ursaluna-Bloodmoon, L50, M|\n|poke|p1|Oranguru, L50, F|\n|poke|p1|Dusclops, L50, M|\n|poke|p1|Ogerpon-Wellspring, L50, F|\n|poke|p1|Trevenant, L50, F|\n|poke|p1|Iron Hands, L50|\n|poke|p2|Ogerpon-Wellspring, L50, F|\n|poke|p2|Rillaboom, L50, M|\n|poke|p2|Heatran, L50, M|\n|poke|p2|Kommo-o, L50, F|\n|poke|p2|Farigiraf, L50, F|\n|poke|p2|Landorus-Therian, L50, M|\n|teampreview|4\n|inactive|Battle timer is ON: inactive players will automatically lose when time's up. (requested by BrokenFairyKing)\nLab Gamer has agreed to open team sheets.\nBrokenFairyKing has agreed to open team sheets.\n|showteam|p1|Ursaluna-Bloodmoon||SilkScarf|MindsEye|BloodMoon,HyperVoice,EarthPower,Protect|||M|||50|,,,,,Normal]Oranguru||MentalHerb|InnerFocus|TrickRoom,Instruct,Psychic,Taunt|||F|||50|,,,,,Fairy]Dusclops||Eviolite|Pressure|PainSplit,NightShade,TrickRoom,WillOWisp|||M|||50|,,,,,Ghost]Ogerpon-Wellspring||WellspringMask|WaterAbsorb|HornLeech,IvyCudgel,SpikyShield,FollowMe|||F|||50|,,,,,Water]Trevenant||SitrusBerry|Harvest|HornLeech,ShadowClaw,TrickRoom,WillOWisp|||F|||50|,,,,,Fire]Iron Hands||AssaultVest|QuarkDrive|FakeOut,DrainPunch,WildCharge,HeavySlam||||||50|,,,,,Fire\n|showteam|p2|Ogerpon-Wellspring||WellspringMask|WaterAbsorb|IvyCudgel,HornLeech,FollowMe,SpikyShield|||F|||50|,,,,,Water]Rillaboom||AssaultVest|GrassySurge|GrassyGlide,Uturn,HighHorsepower,FakeOut|||M|||50|,,,,,Fire]Heatran||Leftovers|FlashFire|MagmaStorm,EarthPower,WillOWisp,Protect|||M|||50|,,,,,Fairy]Kommo-o||GrassySeed|Bulletproof|IronHead,BodyPress,IronDefense,Protect|||F|||50|,,,,,Steel]Farigiraf||SitrusBerry|ArmorTail|DazzlingGleam,Psychic,NastyPlot,TrickRoom|||F|||50|,,,,,Fairy]Landorus-Therian||ChoiceScarf|Intimidate|StompingTantrum,TeraBlast,RockSlide,Uturn|||M|||50|,,,,,Flying\n|inactive|Lab Gamer has 30 seconds left.\n|inactive|Lab Gamer has 20 seconds left.\n|inactive|Lab Gamer has 15 seconds left.\n|\n|t:|1699850069\n|start\n|switch|p1a: Ursaluna|Ursaluna-Bloodmoon, L50, M|100\/100\n|switch|p1b: Oranguru|Oranguru, L50, F|100\/100\n|switch|p2a: Ogerpon|Ogerpon-Wellspring, L50, F|100\/100\n|switch|p2b: Landorus|Landorus-Therian, L50, M|100\/100\n|-ability|p2b: Landorus|Intimidate|boost\n|-unboost|p1a: Ursaluna|atk|1\n|-fail|p1b: Oranguru|unboost|Attack|[from] ability: Inner Focus|[of] p1b: Oranguru\n|turn|1\n|inactive|Lab Gamer has 30 seconds left.\n|inactive|Lab Gamer has 20 seconds left.\n|inactive|BrokenFairyKing has 30 seconds left.\n|\n|t:|1699850118\n|-terastallize|p2b: Landorus|Flying\n|-terastallize|p1b: Oranguru|Fairy\n|move|p1a: Ursaluna|Protect|p1a: Ursaluna\n|-singleturn|p1a: Ursaluna|Protect\n|move|p2b: Landorus|Tera Blast|p1b: Oranguru|[anim] Tera Blast Flying\n|-damage|p1b: Oranguru|55\/100\n|move|p2a: Ogerpon|Ivy Cudgel|p1b: Oranguru\n|-damage|p1b: Oranguru|13\/100\n|move|p1b: Oranguru|Trick Room|p1b: Oranguru\n|-fieldstart|move: Trick Room|[of] p1b: Oranguru\n|\n|upkeep\n|turn|2\n|\n|t:|1699850141\n|switch|p2b: Heatran|Heatran, L50, M|100\/100\n|move|p1a: Ursaluna|Blood Moon|p2b: Heatran\n|-resisted|p2b: Heatran\n|-damage|p2b: Heatran|62\/100\n|move|p1b: Oranguru|Instruct|p1a: Ursaluna\n|-singleturn|p1a: Ursaluna|move: Instruct|[of] p1b: Oranguru\n|move|p1a: Ursaluna|Blood Moon|p2b: Heatran\n|-resisted|p2b: Heatran\n|-damage|p2b: Heatran|19\/100\n|-hint|Some effects can force a Pokemon to use Blood Moon again in a row.\n|move|p2a: Ogerpon|Horn Leech|p1a: Ursaluna\n|-supereffective|p1a: Ursaluna\n|-damage|p1a: Ursaluna|42\/100\n|\n|-heal|p2b: Heatran|25\/100|[from] item: Leftovers\n|upkeep\n|turn|3\n|\n|t:|1699850163\n|move|p2a: Ogerpon|Follow Me|p2a: Ogerpon\n|-singleturn|p2a: Ogerpon|move: Follow Me\n|move|p1a: Ursaluna|Hyper Voice|p2b: Heatran|[spread] p2a,p2b\n|-resisted|p2b: Heatran\n|-damage|p2a: Ogerpon|61\/100\n|-damage|p2b: Heatran|6\/100\n|move|p1b: Oranguru|Instruct|p2a: Ogerpon\n|-singleturn|p2a: Ogerpon|move: Instruct|[of] p1b: Oranguru\n|move|p2a: Ogerpon|Follow Me||[still]\n|-fail|p2a: Ogerpon\n|move|p2b: Heatran|Magma Storm|p1a: Ursaluna\n|-damage|p1a: Ursaluna|0 fnt\n|faint|p1a: Ursaluna\n|\n|-heal|p2b: Heatran|12\/100|[from] item: Leftovers\n|upkeep\n|\n|t:|1699850177\n|switch|p1a: Dusclops|Dusclops, L50, M|100\/100\n|-ability|p1a: Dusclops|Pressure\n|turn|4\n|inactive|Lab Gamer has 30 seconds left.\n|inactive|Lab Gamer has 20 seconds left.\n|\n|t:|1699850215\n|switch|p2b: Farigiraf|Farigiraf, L50, F|100\/100\n|move|p2a: Ogerpon|Spiky Shield|p2a: Ogerpon\n|-singleturn|p2a: Ogerpon|move: Protect\n|move|p1a: Dusclops|Will-O-Wisp|p2a: Ogerpon\n|-activate|p2a: Ogerpon|move: Protect\n|move|p1b: Oranguru|Taunt|p2b: Farigiraf\n|-start|p2b: Farigiraf|move: Taunt\n|\n|upkeep\n|turn|5\n|\n|t:|1699850233\n|switch|p2a: Heatran|Heatran, L50, M|12\/100\n|move|p1a: Dusclops|Will-O-Wisp|p2a: Heatran\n|-start|p2a: Heatran|ability: Flash Fire\n|move|p1b: Oranguru|Taunt|p2a: Heatran\n|-start|p2a: Heatran|move: Taunt\n|move|p2b: Farigiraf|Psychic|p1b: Oranguru\n|-damage|p1b: Oranguru|0 fnt\n|faint|p1b: Oranguru\n|\n|-heal|p2a: Heatran|17\/100|[from] item: Leftovers\n|-fieldend|move: Trick Room\n|upkeep\n|\n|t:|1699850246\n|switch|p1b: Ogerpon|Ogerpon-Wellspring, L50, F|100\/100\n|turn|6\n|inactive|Lab Gamer has 30 seconds left.\n|\n|t:|1699850276\n|-end|p2a: Heatran|ability: Flash Fire|[silent]\n|switch|p2a: Ogerpon|Ogerpon-Wellspring, L50, F|61\/100\n|switch|p2b: Landorus|Landorus-Therian, L50, M, tera:Flying|100\/100\n|-ability|p2b: Landorus|Intimidate|boost\n|-unboost|p1a: Dusclops|atk|1\n|-unboost|p1b: Ogerpon|atk|1\n|move|p1b: Ogerpon|Horn Leech|p2a: Ogerpon\n|-damage|p2a: Ogerpon|35\/100\n|move|p1a: Dusclops|Will-O-Wisp|p2b: Landorus\n|-status|p2b: Landorus|brn\n|\n|-damage|p2b: Landorus|94\/100 brn|[from] brn\n|upkeep\n|turn|7\n|inactive|Lab Gamer has 30 seconds left.\n|\n|t:|1699850309\n|move|p1b: Ogerpon|Spiky Shield|p1b: Ogerpon\n|-singleturn|p1b: Ogerpon|move: Protect\n|move|p2b: Landorus|U-turn|p1a: Dusclops\n|-resisted|p1a: Dusclops\n|-damage|p1a: Dusclops|97\/100\n|\n|t:|1699850314\n|switch|p2b: Heatran|Heatran, L50, M|17\/100|[from] U-turn\n|move|p2a: Ogerpon|Horn Leech|p1a: Dusclops\n|-damage|p1a: Dusclops|76\/100\n|-heal|p2a: Ogerpon|45\/100|[from] drain|[of] p1a: Dusclops\n|move|p1a: Dusclops|Will-O-Wisp|p2a: Ogerpon\n|-status|p2a: Ogerpon|brn\n|\n|-heal|p2b: Heatran|23\/100|[from] item: Leftovers\n|-damage|p2a: Ogerpon|39\/100 brn|[from] brn\n|upkeep\n|turn|8\n|inactive|Lab Gamer has 30 seconds left.\n|\n|t:|1699850349\n|move|p2a: Ogerpon|Follow Me|p2a: Ogerpon\n|-singleturn|p2a: Ogerpon|move: Follow Me\n|move|p1b: Ogerpon|Ivy Cudgel|p2a: Ogerpon\n|-heal|p2a: Ogerpon|64\/100 brn|[from] ability: Water Absorb|[of] p1b: Ogerpon\n|move|p2b: Heatran|Will-O-Wisp|p1b: Ogerpon|[miss]\n|-miss|p2b: Heatran|p1b: Ogerpon\n|move|p1a: Dusclops|Night Shade|p2a: Ogerpon\n|-damage|p2a: Ogerpon|34\/100 brn\n|\n|-heal|p2b: Heatran|29\/100|[from] item: Leftovers\n|-damage|p2a: Ogerpon|28\/100 brn|[from] brn\n|upkeep\n|turn|9\n|\n|t:|1699850371\n|move|p2a: Ogerpon|Spiky Shield|p2a: Ogerpon\n|-singleturn|p2a: Ogerpon|move: Protect\n|move|p1b: Ogerpon|Spiky Shield|p1b: Ogerpon\n|-singleturn|p1b: Ogerpon|move: Protect\n|move|p2b: Heatran|Will-O-Wisp|p1b: Ogerpon\n|-activate|p1b: Ogerpon|move: Protect\n|move|p1a: Dusclops|Night Shade|p2a: Ogerpon\n|-activate|p2a: Ogerpon|move: Protect\n|\n|-heal|p2b: Heatran|35\/100|[from] item: Leftovers\n|-damage|p2a: Ogerpon|22\/100 brn|[from] brn\n|upkeep\n|turn|10\n|\n|t:|1699850386\n|move|p2a: Ogerpon|Follow Me|p2a: Ogerpon\n|-singleturn|p2a: Ogerpon|move: Follow Me\n|move|p1b: Ogerpon|Horn Leech|p2a: Ogerpon\n|-damage|p2a: Ogerpon|0 fnt\n|faint|p2a: Ogerpon\n|move|p2b: Heatran|Will-O-Wisp|p1b: Ogerpon\n|-status|p1b: Ogerpon|brn\n|move|p1a: Dusclops|Night Shade|p2b: Heatran\n|-damage|p2b: Heatran|8\/100\n|\n|-heal|p2b: Heatran|14\/100|[from] item: Leftovers\n|-damage|p1b: Ogerpon|95\/100 brn|[from] brn\n|upkeep\n|\n|t:|1699850401\n|switch|p2a: Landorus|Landorus-Therian, L50, M, tera:Flying|94\/100 brn\n|-ability|p2a: Landorus|Intimidate|boost\n|-unboost|p1a: Dusclops|atk|1\n|-unboost|p1b: Ogerpon|atk|1\n|turn|11\n|\n|t:|1699850423\n|move|p1b: Ogerpon|Spiky Shield|p1b: Ogerpon\n|-singleturn|p1b: Ogerpon|move: Protect\n|move|p2a: Landorus|Tera Blast|p1b: Ogerpon|[anim] Tera Blast Flying\n|-activate|p1b: Ogerpon|move: Protect\n|move|p2b: Heatran|Earth Power|p1b: Ogerpon\n|-activate|p1b: Ogerpon|move: Protect\n|move|p1a: Dusclops|Night Shade|p2b: Heatran\n|-damage|p2b: Heatran|0 fnt\n|faint|p2b: Heatran\n|\n|-damage|p2a: Landorus|88\/100 brn|[from] brn\n|-damage|p1b: Ogerpon|89\/100 brn|[from] brn\n|upkeep\n|\n|t:|1699850425\n|switch|p2b: Farigiraf|Farigiraf, L50, F|100\/100\n|turn|12\n|inactive|BrokenFairyKing has 30 seconds left.\n|\n|t:|1699850452\n|move|p2a: Landorus|Tera Blast|p1b: Ogerpon|[anim] Tera Blast Flying\n|-supereffective|p1b: Ogerpon\n|-damage|p1b: Ogerpon|39\/100 brn\n|move|p1b: Ogerpon|Ivy Cudgel|p2b: Farigiraf\n|-damage|p2b: Farigiraf|90\/100\n|move|p2b: Farigiraf|Psychic|p1b: Ogerpon\n|-damage|p1b: Ogerpon|10\/100 brn\n|move|p1a: Dusclops|Night Shade|p2a: Landorus\n|-damage|p2a: Landorus|58\/100 brn\n|\n|-damage|p2a: Landorus|52\/100 brn|[from] brn\n|-damage|p1b: Ogerpon|4\/100 brn|[from] brn\n|upkeep\n|turn|13\n|inactive|Lab Gamer has 30 seconds left.\n|\n|t:|1699850479\n|move|p1b: Ogerpon|Spiky Shield|p1b: Ogerpon\n|-singleturn|p1b: Ogerpon|move: Protect\n|move|p2a: Landorus|Tera Blast|p1b: Ogerpon|[anim] Tera Blast Flying\n|-activate|p1b: Ogerpon|move: Protect\n|move|p2b: Farigiraf|Nasty Plot|p2b: Farigiraf\n|-boost|p2b: Farigiraf|spa|2\n|move|p1a: Dusclops|Will-O-Wisp|p2b: Farigiraf\n|-status|p2b: Farigiraf|brn\n|\n|-damage|p2a: Landorus|46\/100 brn|[from] brn\n|-damage|p1b: Ogerpon|0 fnt|[from] brn\n|faint|p1b: Ogerpon\n|-damage|p2b: Farigiraf|85\/100 brn|[from] brn\n|upkeep\n|turn|14\n|inactive|BrokenFairyKing has 30 seconds left.\n|\n|t:|1699850507\n|move|p2a: Landorus|Tera Blast|p1a: Dusclops|[anim] Tera Blast Flying\n|-damage|p1a: Dusclops|58\/100\n|move|p2b: Farigiraf|Psychic|p1a: Dusclops\n|-damage|p1a: Dusclops|21\/100\n|move|p1a: Dusclops|Trick Room|p1a: Dusclops\n|-fieldstart|move: Trick Room|[of] p1a: Dusclops\n|\n|-damage|p2b: Farigiraf|79\/100 brn|[from] brn\n|-damage|p2a: Landorus|40\/100 brn|[from] brn\n|upkeep\n|turn|15\n|\n|t:|1699850518\n|move|p1a: Dusclops|Pain Split|p2b: Farigiraf\n|-sethp|p2b: Farigiraf|46\/100 brn|[from] move: Pain Split|[silent]\n|-sethp|p1a: Dusclops|69\/100|[from] move: Pain Split\n|-enditem|p2b: Farigiraf|Sitrus Berry|[eat]\n|-heal|p2b: Farigiraf|71\/100 brn|[from] item: Sitrus Berry\n|move|p2b: Farigiraf|Psychic|p1a: Dusclops\n|-damage|p1a: Dusclops|35\/100\n|move|p2a: Landorus|Tera Blast|p1a: Dusclops|[anim] Tera Blast Flying\n|-damage|p1a: Dusclops|16\/100\n|\n|-damage|p2b: Farigiraf|65\/100 brn|[from] brn\n|-damage|p2a: Landorus|33\/100 brn|[from] brn\n|upkeep\n|turn|16\n|\n|t:|1699850534\n|move|p1a: Dusclops|Pain Split|p2b: Farigiraf\n|-sethp|p2b: Farigiraf|38\/100 brn|[from] move: Pain Split|[silent]\n|-sethp|p1a: Dusclops|57\/100|[from] move: Pain Split\n|move|p2a: Landorus|Tera Blast|p1a: Dusclops|[anim] Tera Blast Flying\n|-damage|p1a: Dusclops|40\/100\n|move|p2b: Farigiraf|Trick Room|p2b: Farigiraf\n|-fieldend|move: Trick Room\n|\n|-damage|p2a: Landorus|27\/100 brn|[from] brn\n|-damage|p2b: Farigiraf|32\/100 brn|[from] brn\n|upkeep\n|turn|17\n|\n|t:|1699850548\n|move|p2a: Landorus|Tera Blast|p1a: Dusclops|[anim] Tera Blast Flying\n|-damage|p1a: Dusclops|23\/100\n|move|p2b: Farigiraf|Psychic|p1a: Dusclops\n|-damage|p1a: Dusclops|0 fnt\n|faint|p1a: Dusclops\n|\n|win|Lab Gamer\n|c|&|\/uhtml prompt-brokenfairyking,BrokenFairyKing is ready for game 3!\n","uploadtime":1699850555,"views":15,"p1id":"brokenfairyking","p2id":"labgamer","formatid":"gen9vgc2023regulatione","rating":0,"private":0,"password":""}