{"id":"gen9vgc2023regulatione-1992679384","p1":"mc anu","p2":"Snog2273","format":"[Gen 9] VGC 2023 Regulation E","log":"|j|\u2606mc anu\n|j|\u2606Snog2273\n|t:|1700224338\n|gametype|doubles\n|player|p1|mc anu|turo-ai|1251\n|player|p2|Snog2273|supernerd|1229\n|teamsize|p1|6\n|teamsize|p2|6\n|gen|9\n|tier|[Gen 9] VGC 2023 Regulation E\n|rated|\n|rule|Species Clause: Limit one of each Pok\u00e9mon\n|rule|Item Clause: Limit one of each item\n|clearpoke\n|poke|p1|Rillaboom, L50, F|\n|poke|p1|Iron Hands, L50|\n|poke|p1|Gholdengo, L50|\n|poke|p1|Kommo-o, L50, F|\n|poke|p1|Amoonguss, L50, F|\n|poke|p1|Landorus-Therian, L50, M|\n|poke|p2|Stonjourner, L50, F|\n|poke|p2|Chien-Pao, L50|\n|poke|p2|Landorus-Therian, L50, M|\n|poke|p2|Flutter Mane, L50|\n|poke|p2|Iron Hands, L50|\n|poke|p2|Amoonguss, L50, M|\n|teampreview|4\n|inactive|Battle timer is ON: inactive players will automatically lose when time's up. (requested by Snog2273)\nSnog2273 has agreed to open team sheets.\n|inactive|mc anu has 60 seconds left.\n|inactive|Snog2273 has 60 seconds left.\n|\n|t:|1700224385\n|start\n|switch|p1a: Rillaboom|Rillaboom, L50, F|100\/100\n|switch|p1b: Gholdengo|Gholdengo, L50|100\/100\n|switch|p2a: Chien-Pao|Chien-Pao, L50|100\/100\n|switch|p2b: Amoonguss|Amoonguss, L50, M|100\/100\n|-ability|p2a: Chien-Pao|Sword of Ruin\n|-fieldstart|move: Grassy Terrain|[from] ability: Grassy Surge|[of] p1a: Rillaboom\n|turn|1\n|\n|t:|1700224407\n|-terastallize|p1a: Rillaboom|Fire\n|move|p2a: Chien-Pao|Protect|p2a: Chien-Pao\n|-singleturn|p2a: Chien-Pao|Protect\n|move|p1b: Gholdengo|Protect|p1b: Gholdengo\n|-singleturn|p1b: Gholdengo|Protect\n|move|p1a: Rillaboom|Grassy Glide|p2a: Chien-Pao\n|-activate|p2a: Chien-Pao|move: Protect\n|move|p2b: Amoonguss|Pollen Puff|p1a: Rillaboom\n|-resisted|p1a: Rillaboom\n|-damage|p1a: Rillaboom|90\/100\n|\n|-heal|p1a: Rillaboom|96\/100|[from] Grassy Terrain\n|upkeep\n|turn|2\n|inactive|Snog2273 has 30 seconds left.\n|\n|t:|1700224434\n|move|p2b: Amoonguss|Rage Powder|p2b: Amoonguss\n|-singleturn|p2b: Amoonguss|move: Rage Powder\n|move|p1a: Rillaboom|Grassy Glide|p2b: Amoonguss\n|-resisted|p2b: Amoonguss\n|-damage|p2b: Amoonguss|86\/100\n|move|p2a: Chien-Pao|Crunch|p1b: Gholdengo\n|-supereffective|p1b: Gholdengo\n|-damage|p1b: Gholdengo|8\/100\n|move|p1b: Gholdengo|Nasty Plot|p1b: Gholdengo\n|-boost|p1b: Gholdengo|spa|2\n|\n|-heal|p1a: Rillaboom|100\/100|[from] Grassy Terrain\n|-heal|p1b: Gholdengo|14\/100|[from] Grassy Terrain\n|-heal|p2b: Amoonguss|91\/100|[from] Grassy Terrain\n|upkeep\n|turn|3\n|\n|t:|1700224450\n|move|p1b: Gholdengo|Protect|p1b: Gholdengo\n|-singleturn|p1b: Gholdengo|Protect\n|move|p2b: Amoonguss|Rage Powder|p2b: Amoonguss\n|-singleturn|p2b: Amoonguss|move: Rage Powder\n|move|p1a: Rillaboom|Grassy Glide|p2b: Amoonguss\n|-resisted|p2b: Amoonguss\n|-damage|p2b: Amoonguss|77\/100\n|move|p2a: Chien-Pao|Crunch|p1b: Gholdengo\n|-activate|p1b: Gholdengo|move: Protect\n|\n|-heal|p1b: Gholdengo|20\/100|[from] Grassy Terrain\n|-heal|p2b: Amoonguss|82\/100|[from] Grassy Terrain\n|upkeep\n|turn|4\n|\n|t:|1700224471\n|switch|p1a: Kommo-o|Kommo-o, L50, F|100\/100\n|switch|p1b: Iron Hands|Iron Hands, L50|100\/100\n|move|p2b: Amoonguss|Rage Powder|p2b: Amoonguss\n|-singleturn|p2b: Amoonguss|move: Rage Powder\n|move|p2a: Chien-Pao|Crunch|p1b: Iron Hands\n|-resisted|p1b: Iron Hands\n|-damage|p1b: Iron Hands|83\/100\n|\n|-heal|p1b: Iron Hands|89\/100|[from] Grassy Terrain\n|-heal|p2b: Amoonguss|88\/100|[from] Grassy Terrain\n|upkeep\n|turn|5\n|inactive|Snog2273 has 30 seconds left.\n|\n|t:|1700224499\n|move|p2a: Chien-Pao|Protect|p2a: Chien-Pao\n|-singleturn|p2a: Chien-Pao|Protect\n|move|p1b: Iron Hands|Fake Out|p2b: Amoonguss\n|-damage|p2b: Amoonguss|72\/100\n|move|p1a: Kommo-o|Iron Defense|p1a: Kommo-o\n|-boost|p1a: Kommo-o|def|2\n|cant|p2b: Amoonguss|flinch\n|\n|-heal|p1b: Iron Hands|95\/100|[from] Grassy Terrain\n|-heal|p2b: Amoonguss|77\/100|[from] Grassy Terrain\n|-fieldend|move: Grassy Terrain\n|upkeep\n|turn|6\n|inactive|mc anu has 30 seconds left.\n|\n|t:|1700224530\n|switch|p2a: Landorus|Landorus-Therian, L50, M|100\/100\n|-ability|p2a: Landorus|Intimidate|boost\n|-unboost|p1a: Kommo-o|atk|1\n|-unboost|p1b: Iron Hands|atk|1\n|move|p1a: Kommo-o|Body Press|p2a: Landorus\n|-resisted|p2a: Landorus\n|-damage|p2a: Landorus|53\/100\n|move|p1b: Iron Hands|Heavy Slam|p2b: Amoonguss\n|-damage|p2b: Amoonguss|53\/100\n|move|p2b: Amoonguss|Spore|p1a: Kommo-o\n|-status|p1a: Kommo-o|slp|[from] move: Spore\n|\n|upkeep\n|turn|7\n|\n|t:|1700224555\n|-end|p1b: Iron Hands|Quark Drive|[silent]\n|switch|p1b: Gholdengo|Gholdengo, L50|20\/100\n|move|p2a: Landorus|Stomping Tantrum|p1b: Gholdengo\n|-supereffective|p1b: Gholdengo\n|-damage|p1b: Gholdengo|0 fnt\n|faint|p1b: Gholdengo\n|cant|p1a: Kommo-o|slp\n|move|p2b: Amoonguss|Clear Smog|p1a: Kommo-o\n|-damage|p1a: Kommo-o|87\/100 slp\n|-clearboost|p1a: Kommo-o\n|\n|-heal|p1a: Kommo-o|93\/100 slp|[from] item: Leftovers\n|upkeep\n|\n|t:|1700224566\n|switch|p1b: Rillaboom|Rillaboom, L50, F, tera:Fire|100\/100\n|-fieldstart|move: Grassy Terrain|[from] ability: Grassy Surge|[of] p1b: Rillaboom\n|turn|8\n|\n|t:|1700224580\n|switch|p2a: Iron Hands|Iron Hands, L50|100\/100\n|cant|p1a: Kommo-o|slp\n|move|p1b: Rillaboom|Knock Off|p2b: Amoonguss\n|-damage|p2b: Amoonguss|16\/100\n|-enditem|p2b: Amoonguss|Mental Herb|[from] move: Knock Off|[of] p1b: Rillaboom\n|move|p2b: Amoonguss|Spore|p1b: Rillaboom\n|-status|p1b: Rillaboom|slp|[from] move: Spore\n|\n|-heal|p1a: Kommo-o|99\/100 slp|[from] Grassy Terrain\n|-heal|p1a: Kommo-o|100\/100 slp|[from] item: Leftovers\n|-heal|p2b: Amoonguss|22\/100|[from] Grassy Terrain\n|upkeep\n|turn|9\n|inactive|mc anu has 30 seconds left.\n|inactive|mc anu has 20 seconds left.\n|inactive|Snog2273 has 30 seconds left.\n|\n|t:|1700224629\n|-end|p2a: Iron Hands|Quark Drive|[silent]\n|switch|p2a: Landorus|Landorus-Therian, L50, M|53\/100\n|-ability|p2a: Landorus|Intimidate|boost\n|-unboost|p1a: Kommo-o|atk|1\n|-unboost|p1b: Rillaboom|atk|1\n|-curestatus|p1a: Kommo-o|slp|[msg]\n|move|p1a: Kommo-o|Iron Defense|p1a: Kommo-o\n|-boost|p1a: Kommo-o|def|2\n|cant|p1b: Rillaboom|slp\n|move|p2b: Amoonguss|Spore|p1a: Kommo-o\n|-status|p1a: Kommo-o|slp|[from] move: Spore\n|\n|-heal|p2b: Amoonguss|28\/100|[from] Grassy Terrain\n|upkeep\n|turn|10\n|inactive|mc anu has 30 seconds left.\n|\n|t:|1700224662\n|switch|p1a: Iron Hands|Iron Hands, L50|95\/100\n|move|p2a: Landorus|Stomping Tantrum|p1b: Rillaboom\n|-supereffective|p1b: Rillaboom\n|-damage|p1b: Rillaboom|7\/100 slp\n|-curestatus|p1b: Rillaboom|slp|[msg]\n|move|p1b: Rillaboom|Knock Off|p2a: Landorus\n|-damage|p2a: Landorus|13\/100\n|-enditem|p2a: Landorus|Choice Scarf|[from] move: Knock Off|[of] p1b: Rillaboom\n|move|p2b: Amoonguss|Pollen Puff|p2a: Landorus\n|-heal|p2a: Landorus|63\/100\n|\n|-heal|p1b: Rillaboom|13\/100|[from] Grassy Terrain\n|-heal|p1a: Iron Hands|100\/100|[from] Grassy Terrain\n|-heal|p2b: Amoonguss|34\/100|[from] Grassy Terrain\n|upkeep\n|turn|11\n|inactive|Snog2273 has 30 seconds left.\n|inactive|Snog2273 has 20 seconds left.\n|inactive|Snog2273 has 15 seconds left.\n|inactive|Snog2273 has 10 seconds left.\n|inactive|Snog2273 has 5 seconds left.\n|\n|t:|1700224713\n|switch|p2a: Iron Hands|Iron Hands, L50|100\/100\n|move|p1b: Rillaboom|Knock Off|p2a: Iron Hands\n|-resisted|p2a: Iron Hands\n|-damage|p2a: Iron Hands|88\/100\n|-enditem|p2a: Iron Hands|Assault Vest|[from] move: Knock Off|[of] p1b: Rillaboom\n|move|p1a: Iron Hands|Heavy Slam|p2a: Iron Hands\n|-resisted|p2a: Iron Hands\n|-damage|p2a: Iron Hands|83\/100\n|move|p2b: Amoonguss|Clear Smog|p1b: Rillaboom\n|-damage|p1b: Rillaboom|0 fnt\n|-clearboost|p1b: Rillaboom\n|faint|p1b: Rillaboom\n|\n|-heal|p2a: Iron Hands|88\/100|[from] Grassy Terrain\n|-heal|p2b: Amoonguss|40\/100|[from] Grassy Terrain\n|upkeep\n|\n|t:|1700224723\n|switch|p1b: Kommo-o|Kommo-o, L50, F|100\/100 slp\n|turn|12\n|-message|mc anu forfeited.\n|\n|win|Snog2273\n|raw|mc anu's rating: 1251 &rarr; <strong>1224<\/strong><br \/>(-27 for losing)\n|raw|Snog2273's rating: 1229 &rarr; <strong>1256<\/strong><br \/>(+27 for winning)\n","uploadtime":1700224744,"views":14,"p1id":"mcanu","p2id":"snog2273","formatid":"gen9vgc2023regulatione","rating":1224,"private":0,"password":""}