{"id":"gen9vgc2023regulatione-1988636757","p1":"Vengeful potato","p2":"LimaTau","format":"[Gen 9] VGC 2023 Regulation E","log":"|j|\u2606Vengeful potato\n|j|\u2606LimaTau\n|t:|1699744686\n|gametype|doubles\n|player|p1|Vengeful potato|swimmer|1434\n|player|p2|LimaTau|scientist-gen4|1449\n|teamsize|p1|6\n|teamsize|p2|6\n|gen|9\n|tier|[Gen 9] VGC 2023 Regulation E\n|rated|\n|rule|Species Clause: Limit one of each Pok\u00e9mon\n|rule|Item Clause: Limit one of each item\n|clearpoke\n|poke|p1|Articuno-Galar, L50|\n|poke|p1|Maushold, L50|\n|poke|p1|Urshifu-*, L50, F|\n|poke|p1|Rillaboom, L50, M|\n|poke|p1|Heatran, L50, F|\n|poke|p1|Regidrago, L50|\n|poke|p2|Flutter Mane, L50|\n|poke|p2|Iron Hands, L50|\n|poke|p2|Roaring Moon, L50|\n|poke|p2|Landorus-Therian, L50, M|\n|poke|p2|Heatran, L50, F|\n|poke|p2|Amoonguss, L50, F|\n|teampreview|4\n|inactive|Battle timer is ON: inactive players will automatically lose when time's up. (requested by LimaTau)\n|\n|t:|1699744715\n|start\n|switch|p1a: The Rizzler\ud83d\ude31\ud83d\udcaf\ud83d\udde3\ufe0f|Articuno-Galar, L50, shiny|100\/100\n|switch|p1b: Despereaux|Maushold, L50, shiny|100\/100\n|switch|p2a: Flutter Mane|Flutter Mane, L50|100\/100\n|switch|p2b: Amoonguss|Amoonguss, L50, F, shiny|100\/100\n|turn|1\n|\n|t:|1699744737\n|-terastallize|p2a: Flutter Mane|Fairy\n|move|p2b: Amoonguss|Rage Powder|p2b: Amoonguss\n|-singleturn|p2b: Amoonguss|move: Rage Powder\n|move|p2a: Flutter Mane|Moonblast|p1a: The Rizzler\ud83d\ude31\ud83d\udcaf\ud83d\udde3\ufe0f\n|-damage|p1a: The Rizzler\ud83d\ude31\ud83d\udcaf\ud83d\udde3\ufe0f|41\/100\n|move|p1b: Despereaux|Taunt|p2b: Amoonguss\n|-start|p2b: Amoonguss|move: Taunt\n|move|p1a: The Rizzler\ud83d\ude31\ud83d\udcaf\ud83d\udde3\ufe0f|Freezing Glare|p2b: Amoonguss\n|-supereffective|p2b: Amoonguss\n|-crit|p2b: Amoonguss\n|-damage|p2b: Amoonguss|0 fnt\n|faint|p2b: Amoonguss\n|\n|upkeep\n|\n|t:|1699744750\n|switch|p2b: Heatran|Heatran, L50, F|100\/100\n|turn|2\n|\n|t:|1699744757\n|move|p1b: Despereaux|Follow Me|p1b: Despereaux\n|-singleturn|p1b: Despereaux|move: Follow Me\n|move|p2a: Flutter Mane|Moonblast|p1b: Despereaux\n|-damage|p1b: Despereaux|0 fnt\n|faint|p1b: Despereaux\n|move|p1a: The Rizzler\ud83d\ude31\ud83d\udcaf\ud83d\udde3\ufe0f|Tailwind|p1a: The Rizzler\ud83d\ude31\ud83d\udcaf\ud83d\udde3\ufe0f\n|-sidestart|p1: Vengeful potato|move: Tailwind\n|move|p2b: Heatran|Heat Wave|p1a: The Rizzler\ud83d\ude31\ud83d\udcaf\ud83d\udde3\ufe0f\n|-damage|p1a: The Rizzler\ud83d\ude31\ud83d\udcaf\ud83d\udde3\ufe0f|0 fnt\n|faint|p1a: The Rizzler\ud83d\ude31\ud83d\udcaf\ud83d\udde3\ufe0f\n|\n|upkeep\n|\n|t:|1699744763\n|switch|p1b: Krakatoa|Heatran, L50, F, shiny|100\/100\n|switch|p1a: C418 - Wet Hands|Urshifu-Rapid-Strike, L50, F|100\/100\n|turn|3\n|\n|t:|1699744773\n|move|p1a: C418 - Wet Hands|Surging Strikes|p2a: Flutter Mane\n|-crit|p2a: Flutter Mane\n|-damage|p2a: Flutter Mane|57\/100\n|-crit|p2a: Flutter Mane\n|-damage|p2a: Flutter Mane|14\/100\n|-crit|p2a: Flutter Mane\n|-damage|p2a: Flutter Mane|0 fnt\n|faint|p2a: Flutter Mane\n|-end|p2a: Flutter Mane|Protosynthesis|[silent]\n|-hitcount|p2: Flutter Mane|3\n|move|p1b: Krakatoa|Earth Power|p2b: Heatran\n|-supereffective|p2b: Heatran\n|-enditem|p2b: Heatran|Shuca Berry|[eat]\n|-enditem|p2b: Heatran|Shuca Berry|[weaken]\n|-damage|p2b: Heatran|28\/100\n|-unboost|p2b: Heatran|spd|1\n|-damage|p1b: Krakatoa|91\/100|[from] item: Life Orb\n|move|p2b: Heatran|Earth Power|p1b: Krakatoa\n|-supereffective|p1b: Krakatoa\n|-damage|p1b: Krakatoa|0 fnt\n|faint|p1b: Krakatoa\n|\n|upkeep\n|\n|t:|1699744790\n|switch|p2a: Roaring Moon|Roaring Moon, L50|100\/100\n|-enditem|p2a: Roaring Moon|Booster Energy\n|-activate|p2a: Roaring Moon|ability: Protosynthesis|[fromitem]\n|-start|p2a: Roaring Moon|protosynthesisatk\n|turn|4\n|\n|t:|1699744802\n|-terastallize|p1a: C418 - Wet Hands|Steel\n|move|p2a: Roaring Moon|Protect|p2a: Roaring Moon\n|-singleturn|p2a: Roaring Moon|Protect\n|move|p1a: C418 - Wet Hands|Surging Strikes|p2b: Heatran\n|-supereffective|p2b: Heatran\n|-crit|p2b: Heatran\n|-damage|p2b: Heatran|0 fnt\n|faint|p2b: Heatran\n|-hitcount|p2: Heatran|1\n|\n|upkeep\n|turn|5\n|\n|t:|1699744812\n|move|p1a: C418 - Wet Hands|Close Combat|p2a: Roaring Moon\n|-supereffective|p2a: Roaring Moon\n|-damage|p2a: Roaring Moon|0 fnt\n|-unboost|p1a: C418 - Wet Hands|def|1\n|-unboost|p1a: C418 - Wet Hands|spd|1\n|faint|p2a: Roaring Moon\n|-end|p2a: Roaring Moon|Protosynthesis|[silent]\n|\n|win|Vengeful potato\n|raw|Vengeful potato's rating: 1434 &rarr; <strong>1455<\/strong><br \/>(+21 for winning)\n|raw|LimaTau's rating: 1449 &rarr; <strong>1428<\/strong><br \/>(-21 for losing)\n|l|\u2606LimaTau\n|c|\u2606Vengeful potato|Gg\n","uploadtime":1699744821,"views":12,"p1id":"vengefulpotato","p2id":"limatau","formatid":"gen9vgc2023regulatione","rating":1428,"private":0,"password":""}