{"id":"gen9vgc2023regulatione-1993231846","p1":"HeffNastyy","p2":"FlopyFlopsters","format":"[Gen 9] VGC 2023 Regulation E","log":"|j|\u2606HeffNastyy\n|j|\u2606FlopyFlopsters\n|t:|1700281483\n|gametype|doubles\n|player|p1|HeffNastyy|102|1498\n|player|p2|FlopyFlopsters|nate|1586\n|teamsize|p1|6\n|teamsize|p2|6\n|gen|9\n|tier|[Gen 9] VGC 2023 Regulation E\n|rated|\n|rule|Species Clause: Limit one of each Pok\u00e9mon\n|rule|Item Clause: Limit one of each item\n|clearpoke\n|poke|p1|Tornadus, L50, M|\n|poke|p1|Arcanine-Hisui, L50, M|\n|poke|p1|Gholdengo, L50|\n|poke|p1|Urshifu-*, L50, F|\n|poke|p1|Rillaboom, L50, F|\n|poke|p1|Hydreigon, L50, M|\n|poke|p2|Tornadus, L50, M|\n|poke|p2|Urshifu-*, L50, M|\n|poke|p2|Iron Hands, L50|\n|poke|p2|Farigiraf, L50, F|\n|poke|p2|Chien-Pao, L50|\n|poke|p2|Arcanine-Hisui, L50, M|\n|teampreview|4\n|inactive|Battle timer is ON: inactive players will automatically lose when time's up. (requested by FlopyFlopsters)\n|inactive|HeffNastyy has 60 seconds left.\n|\n|t:|1700281533\n|start\n|switch|p1a: Tornadus|Tornadus, L50, M|100\/100\n|switch|p1b: Gholdengo|Gholdengo, L50|100\/100\n|switch|p2a: Jimmy|Tornadus, L50, M|100\/100\n|switch|p2b: Timmy|Urshifu-Rapid-Strike, L50, M|100\/100\n|turn|1\n|inactive|HeffNastyy has 30 seconds left.\n|\n|t:|1700281559\n|-terastallize|p2b: Timmy|Water\n|-terastallize|p1b: Gholdengo|Dragon\n|move|p2a: Jimmy|Tailwind|p2a: Jimmy\n|-sidestart|p2: FlopyFlopsters|move: Tailwind\n|move|p1a: Tornadus|Tailwind|p1a: Tornadus\n|-sidestart|p1: HeffNastyy|move: Tailwind\n|move|p2b: Timmy|Surging Strikes|p1b: Gholdengo\n|-resisted|p1b: Gholdengo\n|-crit|p1b: Gholdengo\n|-damage|p1b: Gholdengo|83\/100\n|-resisted|p1b: Gholdengo\n|-crit|p1b: Gholdengo\n|-damage|p1b: Gholdengo|67\/100\n|-resisted|p1b: Gholdengo\n|-crit|p1b: Gholdengo\n|-damage|p1b: Gholdengo|49\/100\n|-hitcount|p1b: Gholdengo|3\n|move|p1b: Gholdengo|Make It Rain|p2a: Jimmy|[spread] p2a,p2b\n|-resisted|p2b: Timmy\n|-damage|p2a: Jimmy|36\/100\n|-damage|p2b: Timmy|55\/100\n|-unboost|p1b: Gholdengo|spa|1\n|-damage|p1b: Gholdengo|39\/100|[from] item: Life Orb\n|\n|upkeep\n|turn|2\n|inactive|HeffNastyy has 30 seconds left.\n|\n|t:|1700281586\n|switch|p1b: Urshifu|Urshifu-Rapid-Strike, L50, F|100\/100\n|move|p2a: Jimmy|Rain Dance|p2a: Jimmy\n|-weather|RainDance\n|move|p2b: Timmy|Surging Strikes|p1a: Tornadus\n|-crit|p1a: Tornadus\n|-damage|p1a: Tornadus|36\/100\n|-damage|p2b: Timmy|39\/100|[from] item: Rocky Helmet|[of] p1a: Tornadus\n|-crit|p1a: Tornadus\n|-damage|p1a: Tornadus|0 fnt\n|-damage|p2b: Timmy|22\/100|[from] item: Rocky Helmet|[of] p1a: Tornadus\n|faint|p1a: Tornadus\n|-hitcount|p1: Tornadus|2\n|\n|-weather|RainDance|[upkeep]\n|upkeep\n|\n|t:|1700281600\n|switch|p1a: Arcanine|Arcanine-Hisui, L50, M|100\/100\n|-ability|p1a: Arcanine|Intimidate|boost\n|-unboost|p2a: Jimmy|atk|1\n|-unboost|p2b: Timmy|atk|1\n|turn|3\n|\n|t:|1700281616\n|move|p1a: Arcanine|Extreme Speed|p2b: Timmy\n|-damage|p2b: Timmy|0 fnt\n|faint|p2b: Timmy\n|move|p1b: Urshifu|Surging Strikes|p2a: Jimmy\n|-crit|p2a: Jimmy\n|-damage|p2a: Jimmy|1\/100\n|-crit|p2a: Jimmy\n|-damage|p2a: Jimmy|0 fnt\n|faint|p2a: Jimmy\n|-hitcount|p2: Jimmy|2\n|\n|-weather|RainDance|[upkeep]\n|upkeep\n|\n|t:|1700281626\n|switch|p2b: Johnny|Chien-Pao, L50|100\/100\n|switch|p2a: Billy|Iron Hands, L50|100\/100\n|-ability|p2b: Johnny|Sword of Ruin\n|turn|4\n|\n|t:|1700281639\n|switch|p1a: Gholdengo|Gholdengo, L50, tera:Dragon|39\/100\n|move|p2a: Billy|Fake Out|p1b: Urshifu\n|-damage|p1b: Urshifu|81\/100\n|cant|p1b: Urshifu|flinch\n|move|p2b: Johnny|Sacred Sword|p1a: Gholdengo\n|-damage|p1a: Gholdengo|0 fnt\n|faint|p1a: Gholdengo\n|\n|-weather|RainDance|[upkeep]\n|-sideend|p1: HeffNastyy|move: Tailwind\n|-sideend|p2: FlopyFlopsters|move: Tailwind\n|upkeep\n|\n|t:|1700281650\n|switch|p1a: Arcanine|Arcanine-Hisui, L50, M|100\/100\n|-ability|p1a: Arcanine|Intimidate|boost\n|-unboost|p2a: Billy|atk|1\n|-unboost|p2b: Johnny|atk|1\n|turn|5\n|\n|t:|1700281660\n|move|p1a: Arcanine|Extreme Speed|p2b: Johnny\n|-damage|p2b: Johnny|39\/100\n|move|p1b: Urshifu|Surging Strikes|p2a: Billy\n|-crit|p2a: Billy\n|-damage|p2a: Billy|69\/100\n|-crit|p2a: Billy\n|-damage|p2a: Billy|38\/100\n|-crit|p2a: Billy\n|-damage|p2a: Billy|7\/100\n|-hitcount|p2a: Billy|3\n|move|p2b: Johnny|Sacred Sword|p1a: Arcanine\n|-supereffective|p1a: Arcanine\n|-damage|p1a: Arcanine|42\/100\n|move|p2a: Billy|Wild Charge|p1b: Urshifu\n|-supereffective|p1b: Urshifu\n|-damage|p1b: Urshifu|0 fnt\n|faint|p1b: Urshifu\n|-damage|p2a: Billy|0 fnt|[from] Recoil\n|faint|p2a: Billy\n|-end|p2a: Billy|Quark Drive|[silent]\n|\n|-weather|RainDance|[upkeep]\n|upkeep\n|turn|6\n|\n|t:|1700281684\n|move|p1a: Arcanine|Extreme Speed|p2b: Johnny\n|-damage|p2b: Johnny|0 fnt\n|faint|p2b: Johnny\n|\n|win|HeffNastyy\n|raw|HeffNastyy's rating: 1498 &rarr; <strong>1523<\/strong><br \/>(+25 for winning)\n|raw|FlopyFlopsters's rating: 1586 &rarr; <strong>1561<\/strong><br \/>(-25 for losing)\n|c|\u2606FlopyFlopsters|ggwp\n|l|\u2606FlopyFlopsters\n|c|\u2606HeffNastyy|gg\n","uploadtime":1700281699,"views":10,"p1id":"heffnastyy","p2id":"flopyflopsters","formatid":"gen9vgc2023regulatione","rating":1523,"private":0,"password":""}