{"id":"gen9vgc2023regulatione-1995977934","p1":"Zzag","p2":"hydreigon_chelas","format":"[Gen 9] VGC 2023 Regulation E","log":"|j|\u2606Zzag\n|j|\u2606hydreigon_chelas\n|t:|1700624495\n|gametype|doubles\n|player|p1|Zzag|lance|1435\n|player|p2|hydreigon_chelas|iris-gen5bw2|1415\n|teamsize|p1|6\n|teamsize|p2|6\n|gen|9\n|tier|[Gen 9] VGC 2023 Regulation E\n|rated|\n|rule|Species Clause: Limit one of each Pok\u00e9mon\n|rule|Item Clause: Limit one of each item\n|clearpoke\n|poke|p1|Tornadus, L50, M|\n|poke|p1|Roaring Moon, L50|\n|poke|p1|Flutter Mane, L50|\n|poke|p1|Chi-Yu, L50|\n|poke|p1|Iron Bundle, L50|\n|poke|p1|Kingambit, L50, M|\n|poke|p2|Arcanine-Hisui, L50, M|\n|poke|p2|Amoonguss, L50, F|\n|poke|p2|Roaring Moon, L50|\n|poke|p2|Iron Hands, L50|\n|poke|p2|Flutter Mane, L50|\n|poke|p2|Milotic, L50, F|\n|teampreview|4\n|inactive|Battle timer is ON: inactive players will automatically lose when time's up. (requested by Zzag)\n|inactive|Zzag has 60 seconds left.\n|inactive|hydreigon_chelas has 60 seconds left.\n|\n|t:|1700624533\n|start\n|switch|p1a: Muichiro|Iron Bundle, L50, shiny|100\/100\n|switch|p1b: Gazz|Kingambit, L50, M, shiny|100\/100\n|switch|p2a: Amoonguss|Amoonguss, L50, F|100\/100\n|switch|p2b: Roaring Moon|Roaring Moon, L50|100\/100\n|-enditem|p1a: Muichiro|Booster Energy\n|-activate|p1a: Muichiro|ability: Quark Drive|[fromitem]\n|-start|p1a: Muichiro|quarkdrivespe\n|-enditem|p2b: Roaring Moon|Booster Energy\n|-activate|p2b: Roaring Moon|ability: Protosynthesis|[fromitem]\n|-start|p2b: Roaring Moon|protosynthesisatk\n|turn|1\n|inactive|hydreigon_chelas has 30 seconds left.\n|inactive|Zzag has 30 seconds left.\n|\n|t:|1700624568\n|-end|p2b: Roaring Moon|Protosynthesis|[silent]\n|switch|p2b: Iron Hands|Iron Hands, L50|100\/100\n|move|p1a: Muichiro|Icy Wind|p2b: Iron Hands|[spread] p2a\n|-miss|p1a: Muichiro|p2b: Iron Hands\n|-supereffective|p2a: Amoonguss\n|-damage|p2a: Amoonguss|67\/100\n|-unboost|p2a: Amoonguss|spe|1\n|move|p1b: Gazz|Iron Head|p2a: Amoonguss\n|-damage|p2a: Amoonguss|32\/100\n|cant|p2a: Amoonguss|flinch\n|\n|upkeep\n|turn|2\n|inactive|hydreigon_chelas has 30 seconds left.\n|inactive|hydreigon_chelas has 20 seconds left.\n|inactive|hydreigon_chelas has 15 seconds left.\n|\n|t:|1700624613\n|switch|p1b: Fujin|Tornadus, L50, M, shiny|100\/100\n|-terastallize|p1a: Muichiro|Ghost\n|-terastallize|p2a: Amoonguss|Fire\n|move|p2b: Iron Hands|Fake Out|p1b: Fujin\n|-damage|p1b: Fujin|85\/100\n|move|p1a: Muichiro|Freeze-Dry|p2a: Amoonguss\n|-resisted|p2a: Amoonguss\n|-damage|p2a: Amoonguss|18\/100\n|-status|p2a: Amoonguss|frz\n|cant|p2a: Amoonguss|frz\n|\n|upkeep\n|turn|3\n|inactive|Zzag has 30 seconds left.\n|inactive|hydreigon_chelas has 30 seconds left.\n|\n|t:|1700624644\n|move|p1a: Muichiro|Hydro Pump|p2b: Iron Hands\n|-damage|p2b: Iron Hands|74\/100\n|move|p1b: Fujin|Bleakwind Storm|p2b: Iron Hands|[spread] p2a,p2b\n|-damage|p2a: Amoonguss|0 fnt\n|-damage|p2b: Iron Hands|55\/100\n|faint|p2a: Amoonguss\n|move|p2b: Iron Hands|Wild Charge|p1b: Fujin\n|-supereffective|p1b: Fujin\n|-damage|p1b: Fujin|0 fnt\n|faint|p1b: Fujin\n|-damage|p2b: Iron Hands|40\/100|[from] Recoil\n|\n|upkeep\n|inactive|hydreigon_chelas has 30 seconds left.\n|\n|t:|1700624675\n|switch|p1b: Shenlong|Roaring Moon, L50, shiny|100\/100\n|switch|p2a: Roaring Moon|Roaring Moon, L50|100\/100\n|turn|4\n|\n|t:|1700624694\n|move|p1a: Muichiro|Icy Wind|p2b: Iron Hands|[spread] p2a,p2b\n|-supereffective|p2a: Roaring Moon\n|-damage|p2a: Roaring Moon|66\/100\n|-damage|p2b: Iron Hands|29\/100\n|-unboost|p2a: Roaring Moon|spe|1\n|-unboost|p2b: Iron Hands|spe|1\n|move|p1b: Shenlong|Stomping Tantrum|p2b: Iron Hands\n|-supereffective|p2b: Iron Hands\n|-damage|p2b: Iron Hands|0 fnt\n|faint|p2b: Iron Hands\n|-end|p2b: Iron Hands|Quark Drive|[silent]\n|move|p2a: Roaring Moon|Knock Off|p1a: Muichiro\n|-supereffective|p1a: Muichiro\n|-damage|p1a: Muichiro|37\/100\n|\n|upkeep\n|\n|t:|1700624707\n|switch|p2b: Flutter Mane|Flutter Mane, L50|100\/100\n|turn|5\n|\n|t:|1700624719\n|move|p1a: Muichiro|Icy Wind|p2a: Roaring Moon|[spread] p2a,p2b\n|-supereffective|p2a: Roaring Moon\n|-damage|p2a: Roaring Moon|33\/100\n|-damage|p2b: Flutter Mane|81\/100\n|-unboost|p2a: Roaring Moon|spe|1\n|-unboost|p2b: Flutter Mane|spe|1\n|move|p1b: Shenlong|Stomping Tantrum|p2b: Flutter Mane\n|-damage|p2b: Flutter Mane|16\/100\n|move|p2b: Flutter Mane|Dazzling Gleam|p1a: Muichiro|[spread] p1a,p1b\n|-supereffective|p1b: Shenlong\n|-damage|p1a: Muichiro|0 fnt\n|-damage|p1b: Shenlong|0 fnt\n|faint|p1a: Muichiro\n|-end|p1a: Muichiro|Quark Drive|[silent]\n|faint|p1b: Shenlong\n|-end|p1b: Shenlong|Protosynthesis|[silent]\n|move|p2a: Roaring Moon|Dragon Dance|p2a: Roaring Moon\n|-boost|p2a: Roaring Moon|atk|1\n|-boost|p2a: Roaring Moon|spe|1\n|\n|upkeep\n|\n|t:|1700624730\n|switch|p1a: Gazz|Kingambit, L50, M, shiny|100\/100\n|turn|6\n|inactive|hydreigon_chelas has 30 seconds left.\n|\n|t:|1700624757\n|move|p1a: Gazz|Sucker Punch|p2b: Flutter Mane\n|-damage|p2b: Flutter Mane|0 fnt\n|faint|p2b: Flutter Mane\n|-end|p2b: Flutter Mane|Protosynthesis|[silent]\n|move|p2a: Roaring Moon|Knock Off|p1a: Gazz\n|-resisted|p1a: Gazz\n|-damage|p1a: Gazz|74\/100\n|-enditem|p1a: Gazz|Assault Vest|[from] move: Knock Off|[of] p2a: Roaring Moon\n|\n|upkeep\n|turn|7\n|\n|t:|1700624768\n|move|p2a: Roaring Moon|Knock Off|p1a: Gazz\n|-resisted|p1a: Gazz\n|-damage|p1a: Gazz|56\/100\n|move|p1a: Gazz|Iron Head|p2a: Roaring Moon\n|-crit|p2a: Roaring Moon\n|-damage|p2a: Roaring Moon|0 fnt\n|faint|p2a: Roaring Moon\n|-end|p2a: Roaring Moon|Protosynthesis|[silent]\n|\n|win|Zzag\n|raw|Zzag's rating: 1435 &rarr; <strong>1454<\/strong><br \/>(+19 for winning)\n|raw|hydreigon_chelas's rating: 1415 &rarr; <strong>1396<\/strong><br \/>(-19 for losing)\n|l|\u2606Zzag\n","uploadtime":1700624781,"views":1,"p1id":"zzag","p2id":"hydreigonchelas","formatid":"gen9vgc2023regulatione","rating":1396,"private":0,"password":""}