{"id":"gen9vgc2023regulatione-1989242215","p1":"Pks wayment","p2":"paultheconvincer","format":"[Gen 9] VGC 2023 Regulation E","log":"|j|\u2606Pks wayment\n|j|\u2606paultheconvincer\n|n|\u2606Pks wayment|pkswayment\n|n|\u2606paultheconvincer|paultheconvincer\n|html|View the match progress at <a href=\"\/game-bestof3-gen9vgc2023regulatione-1989242214\">game-bestof3-gen9vgc2023regulatione-1989242214<\/a>\n|t:|1699827158\n|gametype|doubles\n|player|p1|Pks wayment|lucas|\n|player|p2|paultheconvincer|102|\n|teamsize|p1|6\n|teamsize|p2|6\n|gen|9\n|tier|[Gen 9] VGC 2023 Regulation E\n|rule|Species Clause: Limit one of each Pok\u00e9mon\n|rule|Item Clause: Limit one of each item\n|clearpoke\n|poke|p1|Landorus-Therian, L50, M|\n|poke|p1|Flutter Mane, L50|\n|poke|p1|Roaring Moon, L50|\n|poke|p1|Iron Hands, L50|\n|poke|p1|Ogerpon-Wellspring, L50, F|\n|poke|p1|Gholdengo, L50|\n|poke|p2|Iron Bundle, L50|\n|poke|p2|Chi-Yu, L50|\n|poke|p2|Ogerpon-Wellspring, L50, F|\n|poke|p2|Iron Hands, L50|\n|poke|p2|Flutter Mane, L50|\n|poke|p2|Farigiraf, L50, M|\n|teampreview|4\nPks wayment has agreed to open team sheets.\npaultheconvincer has agreed to open team sheets.\n|showteam|p1|Landorus-Therian||ChoiceScarf|Intimidate|Uturn,StompingTantrum,RockSlide,TeraBlast|||M|||50|,,,,,Flying]Flutter Mane||ChoiceSpecs|Protosynthesis|Moonblast,DazzlingGleam,ShadowBall,Thunderbolt||||||50|,,,,,Fairy]Roaring Moon||BoosterEnergy|Protosynthesis|Protect,Acrobatics,KnockOff,Tailwind||||||50|,,,,,Flying]Iron Hands||AssaultVest|QuarkDrive|FakeOut,DrainPunch,WildCharge,HeavySlam||||||50|,,,,,Water]Ogerpon-Wellspring||WellspringMask|WaterAbsorb|IvyCudgel,HornLeech,FollowMe,SpikyShield|||F|||50|,,,,,Water]Gholdengo||Leftovers|GoodasGold|MakeItRain,NastyPlot,ShadowBall,Protect||||||50|,,,,,Dragon\n|showteam|p2|Iron Bundle||BoosterEnergy|QuarkDrive|FreezeDry,HydroPump,IcyWind,Protect||||||50|,,,,,Fire]Chi-Yu||LifeOrb|BeadsofRuin|Overheat,HeatWave,DarkPulse,Protect||||||50|,,,,,Ghost]Ogerpon-Wellspring||WellspringMask|WaterAbsorb|HornLeech,IvyCudgel,FollowMe,SpikyShield|||F|||50|,,,,,Water]Iron Hands||AssaultVest|QuarkDrive|FakeOut,DrainPunch,WildCharge,HeavySlam||||||50|,,,,,Water]Flutter Mane||FocusSash|Protosynthesis|ShadowBall,Moonblast,DazzlingGleam,Protect||||||50|,,,,,Fairy]Farigiraf||SitrusBerry|ArmorTail|TrickRoom,Psyshock,DazzlingGleam,NastyPlot|||M|||50|,,,,,Fairy\n|\n|t:|1699827267\n|start\n|switch|p1a: Iron Hands|Iron Hands, L50|100\/100\n|switch|p1b: Roaring Moon|Roaring Moon, L50|100\/100\n|switch|p2a: Iron Bundle|Iron Bundle, L50|100\/100\n|switch|p2b: Chi-Yu|Chi-Yu, L50|100\/100\n|-ability|p2b: Chi-Yu|Beads of Ruin\n|-enditem|p2a: Iron Bundle|Booster Energy\n|-activate|p2a: Iron Bundle|ability: Quark Drive|[fromitem]\n|-start|p2a: Iron Bundle|quarkdrivespe\n|-enditem|p1b: Roaring Moon|Booster Energy\n|-activate|p1b: Roaring Moon|ability: Protosynthesis|[fromitem]\n|-start|p1b: Roaring Moon|protosynthesisspe\n|turn|1\n|\n|t:|1699827326\n|move|p1a: Iron Hands|Fake Out|p2a: Iron Bundle\n|-damage|p2a: Iron Bundle|82\/100\n|cant|p2a: Iron Bundle|flinch\n|move|p1b: Roaring Moon|Tailwind|p1b: Roaring Moon\n|-sidestart|p1: Pks wayment|move: Tailwind\n|move|p2b: Chi-Yu|Overheat|p1a: Iron Hands\n|-damage|p1a: Iron Hands|37\/100\n|-unboost|p2b: Chi-Yu|spa|2\n|-damage|p2b: Chi-Yu|91\/100|[from] item: Life Orb\n|\n|upkeep\n|turn|2\n|\n|t:|1699827376\n|switch|p2b: Iron Hands|Iron Hands, L50|100\/100\n|move|p2a: Iron Bundle|Protect|p2a: Iron Bundle\n|-singleturn|p2a: Iron Bundle|Protect\n|move|p1b: Roaring Moon|Knock Off|p2b: Iron Hands\n|-resisted|p2b: Iron Hands\n|-damage|p2b: Iron Hands|83\/100\n|-enditem|p2b: Iron Hands|Assault Vest|[from] move: Knock Off|[of] p1b: Roaring Moon\n|move|p1a: Iron Hands|Drain Punch|p2a: Iron Bundle\n|-activate|p2a: Iron Bundle|move: Protect\n|\n|upkeep\n|turn|3\n|\n|t:|1699827408\n|-end|p1a: Iron Hands|Quark Drive|[silent]\n|switch|p1a: Landorus|Landorus-Therian, L50, M|100\/100\n|-ability|p1a: Landorus|Intimidate|boost\n|-unboost|p2a: Iron Bundle|atk|1\n|-unboost|p2b: Iron Hands|atk|1\n|move|p2b: Iron Hands|Fake Out|p1b: Roaring Moon\n|-damage|p1b: Roaring Moon|87\/100\n|cant|p1b: Roaring Moon|flinch\n|move|p2a: Iron Bundle|Icy Wind|p1b: Roaring Moon|[spread] p1a,p1b\n|-supereffective|p1a: Landorus\n|-supereffective|p1b: Roaring Moon\n|-damage|p1a: Landorus|0 fnt\n|-damage|p1b: Roaring Moon|50\/100\n|-unboost|p1b: Roaring Moon|spe|1\n|faint|p1a: Landorus\n|\n|upkeep\n|\n|t:|1699827419\n|switch|p1a: Flutter Mane|Flutter Mane, L50|100\/100\n|turn|4\n|\n|t:|1699827444\n|-end|p1b: Roaring Moon|Protosynthesis|[silent]\n|switch|p1b: Iron Hands|Iron Hands, L50|37\/100\n|-terastallize|p1a: Flutter Mane|Fairy\n|-terastallize|p2b: Iron Hands|Water\n|move|p2a: Iron Bundle|Protect|p2a: Iron Bundle\n|-singleturn|p2a: Iron Bundle|Protect\n|move|p1a: Flutter Mane|Moonblast|p2b: Iron Hands\n|-damage|p2b: Iron Hands|4\/100\n|move|p2b: Iron Hands|Heavy Slam|p1a: Flutter Mane\n|-supereffective|p1a: Flutter Mane\n|-damage|p1a: Flutter Mane|0 fnt\n|faint|p1a: Flutter Mane\n|-end|p1a: Flutter Mane|Protosynthesis|[silent]\n|\n|-sideend|p1: Pks wayment|move: Tailwind\n|upkeep\n|\n|t:|1699827458\n|switch|p1a: Roaring Moon|Roaring Moon, L50|50\/100\n|turn|5\n|\n|t:|1699827477\n|-end|p2b: Iron Hands|Quark Drive|[silent]\n|switch|p2b: Flutter Mane|Flutter Mane, L50|100\/100\n|move|p1b: Iron Hands|Fake Out|p2a: Iron Bundle\n|-damage|p2a: Iron Bundle|65\/100\n|cant|p2a: Iron Bundle|flinch\n|move|p1a: Roaring Moon|Tailwind|p1a: Roaring Moon\n|-sidestart|p1: Pks wayment|move: Tailwind\n|\n|upkeep\n|turn|6\n|\n|t:|1699827524\n|move|p2b: Flutter Mane|Protect|p2b: Flutter Mane\n|-singleturn|p2b: Flutter Mane|Protect\n|move|p1a: Roaring Moon|Knock Off|p2b: Flutter Mane\n|-activate|p2b: Flutter Mane|move: Protect\n|move|p2a: Iron Bundle|Freeze-Dry|p1a: Roaring Moon\n|-supereffective|p1a: Roaring Moon\n|-damage|p1a: Roaring Moon|0 fnt\n|faint|p1a: Roaring Moon\n|-end|p1a: Roaring Moon|Protosynthesis|[silent]\n|move|p1b: Iron Hands|Heavy Slam|p2b: Flutter Mane\n|-activate|p2b: Flutter Mane|move: Protect\n|\n|upkeep\n|turn|7\n|\n|t:|1699827534\n|move|p2a: Iron Bundle|Freeze-Dry|p1b: Iron Hands\n|-damage|p1b: Iron Hands|20\/100\n|-status|p1b: Iron Hands|frz\n|move|p2b: Flutter Mane|Moonblast|p1b: Iron Hands\n|-supereffective|p1b: Iron Hands\n|-damage|p1b: Iron Hands|0 fnt\n|faint|p1b: Iron Hands\n|-end|p1b: Iron Hands|Quark Drive|[silent]\n|\n|win|paultheconvincer\n|c|&|\/uhtml prompt-pkswayment,Pks wayment is ready for game 2!\n|c|&|\/uhtml prompt-paultheconvincer,paultheconvincer is ready for game 2!\nBoth players are ready! Starting next match!\n|l|\u2606Pks wayment\n","uploadtime":1699828336,"views":9,"p1id":"pkswayment","p2id":"paultheconvincer","formatid":"gen9vgc2023regulatione","rating":0,"private":0,"password":""}