{"id":"gen9vgc2023regulatione-1990182041","p1":"deans milk 2","p2":"Kzrkrzov","format":"[Gen 9] VGC 2023 Regulation E","log":"|j|\u2606deans milk 2\n|j|\u2606Kzrkrzov\n|t:|1699933929\n|gametype|doubles\n|player|p1|deans milk 2|102|1181\n|player|p2|Kzrkrzov|lance|1119\n|teamsize|p1|6\n|teamsize|p2|6\n|gen|9\n|tier|[Gen 9] VGC 2023 Regulation E\n|rated|\n|rule|Species Clause: Limit one of each Pok\u00e9mon\n|rule|Item Clause: Limit one of each item\n|clearpoke\n|poke|p1|Landorus-Therian, L50, M|\n|poke|p1|Iron Hands, L50|\n|poke|p1|Sinistcha, L50|\n|poke|p1|Flutter Mane, L50|\n|poke|p1|Urshifu-*, L50, M|\n|poke|p1|Heatran, L50, F|\n|poke|p2|Flutter Mane, L50|\n|poke|p2|Tornadus, L50, M|\n|poke|p2|Rillaboom, L50, F|\n|poke|p2|Garganacl, L50, F|\n|poke|p2|Arcanine-Hisui, L50, M|\n|poke|p2|Chien-Pao, L50|\n|teampreview|4\n|\n|t:|1699933980\n|start\n|switch|p1a: Iron Hands|Iron Hands, L50|100\/100\n|switch|p1b: Landorus|Landorus-Therian, L50, M|100\/100\n|switch|p2a: Tornadus|Tornadus, L50, M|100\/100\n|switch|p2b: Garganacl|Garganacl, L50, F|100\/100\n|-ability|p1b: Landorus|Intimidate|boost\n|-unboost|p2a: Tornadus|atk|1\n|-unboost|p2b: Garganacl|atk|1\n|turn|1\n|\n|t:|1699934003\n|switch|p1b: Sinistcha|Sinistcha, L50|100\/100\n|-terastallize|p2b: Garganacl|Ghost\n|move|p2a: Tornadus|Tailwind|p2a: Tornadus\n|-sidestart|p2: Kzrkrzov|move: Tailwind\n|move|p2b: Garganacl|Iron Defense|p2b: Garganacl\n|-boost|p2b: Garganacl|def|2\n|move|p1a: Iron Hands|Wild Charge|p2a: Tornadus\n|-supereffective|p2a: Tornadus\n|-damage|p2a: Tornadus|0 fnt\n|-damage|p1a: Iron Hands|84\/100|[from] item: Rocky Helmet|[of] p2a: Tornadus\n|faint|p2a: Tornadus\n|-damage|p1a: Iron Hands|65\/100|[from] Recoil\n|\n|upkeep\n|\n|t:|1699934014\n|switch|p2a: Arcanine|Arcanine-Hisui, L50, M|100\/100\n|-ability|p2a: Arcanine|Intimidate|boost\n|-unboost|p1a: Iron Hands|atk|1\n|-unboost|p1b: Sinistcha|atk|1\n|turn|2\n|\n|t:|1699934032\n|-end|p1a: Iron Hands|Quark Drive|[silent]\n|switch|p1a: Landorus|Landorus-Therian, L50, M|100\/100\n|-ability|p1a: Landorus|Intimidate|boost\n|-unboost|p2a: Arcanine|atk|1\n|-unboost|p2b: Garganacl|atk|1\n|-terastallize|p1b: Sinistcha|Fire\n|move|p2a: Arcanine|Flare Blitz|p1a: Landorus\n|-damage|p1a: Landorus|30\/100\n|-damage|p2a: Arcanine|78\/100|[from] Recoil\n|move|p2b: Garganacl|Salt Cure|p1a: Landorus\n|-damage|p1a: Landorus|22\/100\n|-start|p1a: Landorus|Salt Cure\n|move|p1b: Sinistcha|Matcha Gotcha|p2a: Arcanine|[spread] p2a,p2b\n|-damage|p2a: Arcanine|50\/100\n|-damage|p2b: Garganacl|83\/100\n|\n|-damage|p1a: Landorus|10\/100|[from] Salt Cure\n|upkeep\n|turn|3\n|\n|t:|1699934053\n|switch|p2a: Rillaboom|Rillaboom, L50, F|100\/100\n|-fieldstart|move: Grassy Terrain|[from] ability: Grassy Surge|[of] p2a: Rillaboom\n|switch|p1b: Iron Hands|Iron Hands, L50|65\/100\n|move|p1a: Landorus|Stomping Tantrum|p2a: Rillaboom\n|-resisted|p2a: Rillaboom\n|-damage|p2a: Rillaboom|81\/100\n|move|p2b: Garganacl|Salt Cure|p1b: Iron Hands\n|-resisted|p1b: Iron Hands\n|-damage|p1b: Iron Hands|62\/100\n|-start|p1b: Iron Hands|Salt Cure\n|\n|-heal|p2a: Rillaboom|86\/100|[from] Grassy Terrain\n|-heal|p2b: Garganacl|89\/100|[from] Grassy Terrain\n|-heal|p1b: Iron Hands|68\/100|[from] Grassy Terrain\n|-damage|p1a: Landorus|0 fnt|[from] Salt Cure\n|faint|p1a: Landorus\n|-damage|p1b: Iron Hands|56\/100|[from] Salt Cure\n|upkeep\n|\n|t:|1699934062\n|switch|p1a: Sinistcha|Sinistcha, L50, tera:Fire|100\/100\n|-heal|p1b: Iron Hands|80\/100|[from] ability: Hospitality|[of] p1a: Sinistcha\n|turn|4\n|\n|t:|1699934076\n|move|p2a: Rillaboom|Fake Out|p1b: Iron Hands\n|-damage|p1b: Iron Hands|70\/100\n|cant|p1b: Iron Hands|flinch\n|move|p2b: Garganacl|Salt Cure|p1a: Sinistcha\n|-supereffective|p1a: Sinistcha\n|-damage|p1a: Sinistcha|89\/100\n|-start|p1a: Sinistcha|Salt Cure\n|move|p1a: Sinistcha|Matcha Gotcha|p2a: Rillaboom|[spread] p2a,p2b\n|-resisted|p2a: Rillaboom\n|-damage|p2a: Rillaboom|74\/100\n|-heal|p1a: Sinistcha|97\/100|[from] drain|[of] p2a: Rillaboom\n|-damage|p2b: Garganacl|67\/100\n|-heal|p1a: Sinistcha|100\/100|[from] drain|[of] p2b: Garganacl\n|\n|-heal|p2a: Rillaboom|80\/100|[from] Grassy Terrain\n|-heal|p2b: Garganacl|72\/100|[from] Grassy Terrain\n|-heal|p1b: Iron Hands|76\/100|[from] Grassy Terrain\n|-damage|p1a: Sinistcha|88\/100|[from] Salt Cure\n|-damage|p1b: Iron Hands|64\/100|[from] Salt Cure\n|-sideend|p2: Kzrkrzov|move: Tailwind\n|upkeep\n|turn|5\n|\n|t:|1699934093\n|-end|p1b: Iron Hands|Quark Drive|[silent]\n|switch|p1b: Urshifu|Urshifu-Rapid-Strike, L50, M|100\/100\n|move|p2a: Rillaboom|Wood Hammer|p1b: Urshifu\n|-supereffective|p1b: Urshifu\n|-damage|p1b: Urshifu|0 fnt\n|faint|p1b: Urshifu\n|-damage|p2a: Rillaboom|52\/100|[from] Recoil\n|move|p1a: Sinistcha|Matcha Gotcha|p2a: Rillaboom|[spread] p2a,p2b\n|-resisted|p2a: Rillaboom\n|-damage|p2a: Rillaboom|41\/100\n|-heal|p1a: Sinistcha|95\/100|[from] drain|[of] p2a: Rillaboom\n|-damage|p2b: Garganacl|52\/100\n|-heal|p1a: Sinistcha|100\/100|[from] drain|[of] p2b: Garganacl\n|move|p2b: Garganacl|Salt Cure|p1a: Sinistcha\n|-supereffective|p1a: Sinistcha\n|-damage|p1a: Sinistcha|90\/100\n|\n|-heal|p2a: Rillaboom|46\/100|[from] Grassy Terrain\n|-heal|p1a: Sinistcha|97\/100|[from] Grassy Terrain\n|-heal|p2b: Garganacl|58\/100|[from] Grassy Terrain\n|-damage|p1a: Sinistcha|84\/100|[from] Salt Cure\n|upkeep\n|\n|t:|1699934109\n|switch|p1b: Iron Hands|Iron Hands, L50|64\/100\n|turn|6\n|\n|t:|1699934119\n|move|p1b: Iron Hands|Fake Out|p2a: Rillaboom\n|-damage|p2a: Rillaboom|31\/100\n|cant|p2a: Rillaboom|flinch\n|move|p1a: Sinistcha|Matcha Gotcha|p2b: Garganacl|[spread] p2a,p2b\n|-resisted|p2a: Rillaboom\n|-damage|p2a: Rillaboom|18\/100\n|-heal|p1a: Sinistcha|92\/100|[from] drain|[of] p2a: Rillaboom\n|-damage|p2b: Garganacl|36\/100\n|-heal|p1a: Sinistcha|100\/100|[from] drain|[of] p2b: Garganacl\n|-enditem|p2b: Garganacl|Sitrus Berry|[eat]\n|-heal|p2b: Garganacl|60\/100|[from] item: Sitrus Berry\n|move|p2b: Garganacl|Salt Cure|p1b: Iron Hands\n|-resisted|p1b: Iron Hands\n|-damage|p1b: Iron Hands|61\/100\n|-start|p1b: Iron Hands|Salt Cure\n|\n|-heal|p2a: Rillaboom|24\/100|[from] Grassy Terrain\n|-heal|p1b: Iron Hands|67\/100|[from] Grassy Terrain\n|-heal|p2b: Garganacl|66\/100|[from] Grassy Terrain\n|-damage|p1a: Sinistcha|88\/100|[from] Salt Cure\n|-damage|p1b: Iron Hands|54\/100|[from] Salt Cure\n|upkeep\n|turn|7\n|-message|deans milk 2 forfeited.\n|\n|win|Kzrkrzov\n|raw|deans milk 2's rating: 1181 &rarr; <strong>1152<\/strong><br \/>(-29 for losing)\n|raw|Kzrkrzov's rating: 1119 &rarr; <strong>1148<\/strong><br \/>(+29 for winning)\n|l|\u2606deans milk 2\n","uploadtime":1699934138,"views":10,"p1id":"deansmilk2","p2id":"kzrkrzov","formatid":"gen9vgc2023regulatione","rating":1148,"private":0,"password":""}