{"id":"gen9vgc2023regulatione-1998688566","p1":"Zakmancho","p2":"That_Leek","format":"[Gen 9] VGC 2023 Regulation E","log":"|j|\u2606Zakmancho\n|j|\u2606That_Leek\n|t:|1700972776\n|gametype|doubles\n|player|p1|Zakmancho|102|1433\n|player|p2|That_Leek|blue-masters|1513\n|teamsize|p1|6\n|teamsize|p2|6\n|gen|9\n|tier|[Gen 9] VGC 2023 Regulation E\n|rated|\n|rule|Species Clause: Limit one of each Pok\u00e9mon\n|rule|Item Clause: Limit one of each item\n|clearpoke\n|poke|p1|Tyranitar, L50, M|\n|poke|p1|Ogerpon-Wellspring, L50, F|\n|poke|p1|Ursaluna-Bloodmoon, L50, M|\n|poke|p1|Rillaboom, L50, M|\n|poke|p1|Flutter Mane, L50|\n|poke|p1|Iron Hands, L50|\n|poke|p2|Gholdengo, L50|\n|poke|p2|Ogerpon-Wellspring, L50, F|\n|poke|p2|Arcanine-Hisui, L50, M|\n|poke|p2|Chien-Pao, L50|\n|poke|p2|Scream Tail, L50|\n|poke|p2|Dragonite, L50, M|\n|teampreview|4\n|inactive|Battle timer is ON: inactive players will automatically lose when time's up. (requested by Zakmancho)\nThat_Leek has agreed to open team sheets.\n|\n|t:|1700972796\n|start\n|switch|p1a: Rillaboom|Rillaboom, L50, M|100\/100\n|switch|p1b: Iron Hands|Iron Hands, L50|100\/100\n|switch|p2a: Gholdengo|Gholdengo, L50|100\/100\n|switch|p2b: Ogerpon|Ogerpon-Wellspring, L50, F|100\/100\n|-fieldstart|move: Grassy Terrain|[from] ability: Grassy Surge|[of] p1a: Rillaboom\n|turn|1\n|inactive|That_Leek has 30 seconds left.\n|\n|t:|1700972825\n|move|p1a: Rillaboom|U-turn|p2b: Ogerpon\n|-supereffective|p2b: Ogerpon\n|-damage|p2b: Ogerpon|52\/100\n|\n|t:|1700972828\n|switch|p1a: Ogerpon|Ogerpon-Wellspring, L50, F|100\/100|[from] U-turn\n|move|p2b: Ogerpon|Ivy Cudgel|p1b: Iron Hands|[anim] Ivy Cudgel Water\n|-damage|p1b: Iron Hands|65\/100\n|move|p2a: Gholdengo|Nasty Plot|p2a: Gholdengo\n|-boost|p2a: Gholdengo|spa|2\n|move|p1b: Iron Hands|Swords Dance|p1b: Iron Hands\n|-boost|p1b: Iron Hands|atk|2\n|\n|-heal|p2b: Ogerpon|58\/100|[from] Grassy Terrain\n|-heal|p1b: Iron Hands|71\/100|[from] Grassy Terrain\n|upkeep\n|turn|2\n|inactive|Zakmancho has 30 seconds left.\n|inactive|Zakmancho has 20 seconds left.\n|inactive|Zakmancho has 15 seconds left.\n|inactive|Zakmancho has 10 seconds left.\n|\n|t:|1700972876\n|-terastallize|p1b: Iron Hands|Fire\n|move|p2a: Gholdengo|Protect|p2a: Gholdengo\n|-singleturn|p2a: Gholdengo|Protect\n|move|p1a: Ogerpon|Follow Me|p1a: Ogerpon\n|-singleturn|p1a: Ogerpon|move: Follow Me\n|move|p2b: Ogerpon|Horn Leech|p1a: Ogerpon\n|-damage|p1a: Ogerpon|49\/100\n|-heal|p2b: Ogerpon|84\/100|[from] drain|[of] p1a: Ogerpon\n|move|p1b: Iron Hands|Drain Punch|p2b: Ogerpon\n|-damage|p2b: Ogerpon|14\/100\n|-heal|p1b: Iron Hands|98\/100|[from] drain|[of] p2b: Ogerpon\n|\n|-heal|p1a: Ogerpon|55\/100|[from] Grassy Terrain\n|-heal|p2b: Ogerpon|20\/100|[from] Grassy Terrain\n|-heal|p1b: Iron Hands|100\/100|[from] Grassy Terrain\n|upkeep\n|turn|3\n|inactive|Zakmancho has 30 seconds left.\n|inactive|That_Leek has 30 seconds left.\n|inactive|That_Leek has 20 seconds left.\n|inactive|That_Leek has 15 seconds left.\n|\n|t:|1700972918\n|move|p1a: Ogerpon|Follow Me|p1a: Ogerpon\n|-singleturn|p1a: Ogerpon|move: Follow Me\n|move|p2b: Ogerpon|Horn Leech|p1a: Ogerpon\n|-damage|p1a: Ogerpon|0 fnt\n|-heal|p2b: Ogerpon|48\/100|[from] drain|[of] p1a: Ogerpon\n|faint|p1a: Ogerpon\n|move|p2a: Gholdengo|Shadow Ball|p1b: Iron Hands\n|-damage|p1b: Iron Hands|30\/100\n|move|p1b: Iron Hands|Drain Punch|p2b: Ogerpon\n|-damage|p2b: Ogerpon|0 fnt\n|-heal|p1b: Iron Hands|48\/100|[from] drain|[of] p2b: Ogerpon\n|faint|p2b: Ogerpon\n|\n|-heal|p1b: Iron Hands|54\/100|[from] Grassy Terrain\n|upkeep\n|\n|t:|1700972932\n|switch|p1a: Flutter Mane|Flutter Mane, L50|100\/100\n|switch|p2b: Arcanine|Arcanine-Hisui, L50, M|100\/100\n|-ability|p2b: Arcanine|Intimidate|boost\n|-unboost|p1a: Flutter Mane|atk|1\n|-fail|p1b: Iron Hands|unboost|[from] item: Clear Amulet|[of] p1b: Iron Hands\n|-enditem|p1a: Flutter Mane|Booster Energy\n|-activate|p1a: Flutter Mane|ability: Protosynthesis|[fromitem]\n|-start|p1a: Flutter Mane|protosynthesisspa\n|turn|4\n|inactive|That_Leek has 30 seconds left.\n|\n|t:|1700972958\n|-terastallize|p2a: Gholdengo|Water\n|move|p1a: Flutter Mane|Protect|p1a: Flutter Mane\n|-singleturn|p1a: Flutter Mane|Protect\n|move|p2b: Arcanine|Rock Slide|p1a: Flutter Mane|[spread] p1b\n|-activate|p1a: Flutter Mane|move: Protect\n|-supereffective|p1b: Iron Hands\n|-damage|p1b: Iron Hands|0 fnt\n|faint|p1b: Iron Hands\n|-end|p1b: Iron Hands|Quark Drive|[silent]\n|move|p2a: Gholdengo|Make It Rain|p1a: Flutter Mane\n|-activate|p1a: Flutter Mane|move: Protect\n|\n|upkeep\n|\n|t:|1700972975\n|switch|p1b: Rillaboom|Rillaboom, L50, M|100\/100\n|turn|5\n|\n|t:|1700972991\n|switch|p2b: Chien-Pao|Chien-Pao, L50|100\/100\n|-ability|p2b: Chien-Pao|Sword of Ruin\n|move|p2a: Gholdengo|Protect|p2a: Gholdengo\n|-singleturn|p2a: Gholdengo|Protect\n|move|p1b: Rillaboom|Fake Out|p2b: Chien-Pao\n|-damage|p2b: Chien-Pao|77\/100\n|move|p1a: Flutter Mane|Substitute|p1a: Flutter Mane\n|-start|p1a: Flutter Mane|Substitute\n|-damage|p1a: Flutter Mane|76\/100\n|\n|-heal|p2b: Chien-Pao|83\/100|[from] Grassy Terrain\n|-heal|p1a: Flutter Mane|82\/100|[from] Grassy Terrain\n|-fieldend|move: Grassy Terrain\n|upkeep\n|turn|6\n|inactive|That_Leek has 30 seconds left.\n|inactive|That_Leek has 20 seconds left.\n|inactive|That_Leek has 15 seconds left.\n|inactive|That_Leek has 10 seconds left.\n|inactive|That_Leek has 5 seconds left.\n|\n|t:|1700973046\n|move|p2b: Chien-Pao|Sucker Punch|p1b: Rillaboom\n|-damage|p1b: Rillaboom|47\/100\n|move|p1a: Flutter Mane|Dazzling Gleam|p2a: Gholdengo|[spread] p2a,p2b\n|-supereffective|p2b: Chien-Pao\n|-damage|p2a: Gholdengo|50\/100\n|-damage|p2b: Chien-Pao|0 fnt\n|-enditem|p2a: Gholdengo|Sitrus Berry|[eat]\n|-heal|p2a: Gholdengo|75\/100|[from] item: Sitrus Berry\n|faint|p2b: Chien-Pao\n|move|p1b: Rillaboom|Grassy Glide|p2a: Gholdengo\n|-supereffective|p2a: Gholdengo\n|-damage|p2a: Gholdengo|10\/100\n|move|p2a: Gholdengo|Make It Rain|p1a: Flutter Mane|[spread] p1a,p1b\n|-supereffective|p1a: Flutter Mane\n|-end|p1a: Flutter Mane|Substitute\n|-damage|p1b: Rillaboom|0 fnt\n|-unboost|p2a: Gholdengo|spa|1\n|faint|p1b: Rillaboom\n|\n|upkeep\n|c|\u2606That_Leek|nah\n|c|\u2606That_Leek|not the time out\n|\n|t:|1700973053\n|switch|p2b: Arcanine|Arcanine-Hisui, L50, M|100\/100\n|-ability|p2b: Arcanine|Intimidate|boost\n|-unboost|p1a: Flutter Mane|atk|1\n|turn|7\n|c|\u2606That_Leek|dam\n|c|\u2606That_Leek|crazy\n|\n|t:|1700973070\n|move|p1a: Flutter Mane|Dazzling Gleam|p2a: Gholdengo|[spread] p2a,p2b\n|-resisted|p2b: Arcanine\n|-damage|p2a: Gholdengo|0 fnt\n|-damage|p2b: Arcanine|71\/100\n|faint|p2a: Gholdengo\n|move|p2b: Arcanine|Flare Blitz|p1a: Flutter Mane\n|-damage|p1a: Flutter Mane|0 fnt\n|faint|p1a: Flutter Mane\n|-end|p1a: Flutter Mane|Protosynthesis|[silent]\n|-damage|p2b: Arcanine|51\/100|[from] Recoil\n|\n|win|That_Leek\n|raw|Zakmancho's rating: 1433 &rarr; <strong>1418<\/strong><br \/>(-15 for losing)\n|raw|That_Leek's rating: 1513 &rarr; <strong>1528<\/strong><br \/>(+15 for winning)\n","uploadtime":1700973124,"views":2,"p1id":"zakmancho","p2id":"thatleek","formatid":"gen9vgc2023regulatione","rating":1418,"private":0,"password":""}