{"id":"gen9vgc2023regulatione-1988739431","p1":"JL_GAMER7","p2":"Wolfhound1142","format":"[Gen 9] VGC 2023 Regulation E","log":"|j|\u2606JL_GAMER7\n|j|\u2606Wolfhound1142\n|t:|1699756994\n|gametype|doubles\n|player|p1|JL_GAMER7|hilbert|1045\n|player|p2|Wolfhound1142|policeman|1125\n|teamsize|p1|6\n|teamsize|p2|6\n|gen|9\n|tier|[Gen 9] VGC 2023 Regulation E\n|rated|\n|rule|Species Clause: Limit one of each Pok\u00e9mon\n|rule|Item Clause: Limit one of each item\n|clearpoke\n|poke|p1|Armarouge, L50, M|\n|poke|p1|Indeedee-F, L50, F|\n|poke|p1|Torkoal, L50, F|\n|poke|p1|Kingambit, L50, M|\n|poke|p1|Lilligant, L50, F|\n|poke|p1|Iron Hands, L50|\n|poke|p2|Ogerpon-Hearthflame, L50, F|\n|poke|p2|Ninetales, L50, F|\n|poke|p2|Roaring Moon, L50|\n|poke|p2|Great Tusk, L50|\n|poke|p2|Lilligant-Hisui, L50, F|\n|poke|p2|Chien-Pao, L50|\n|teampreview|4\n|inactive|Battle timer is ON: inactive players will automatically lose when time's up. (requested by Wolfhound1142)\n|\n|t:|1699757011\n|start\n|switch|p1a: El fuegitos|Armarouge, L50, M|100\/100\n|switch|p1b: zi|Indeedee-F, L50, F|100\/100\n|switch|p2a: Roaring Moon|Roaring Moon, L50|100\/100\n|switch|p2b: Chien-Pao|Chien-Pao, L50|100\/100\n|-ability|p2b: Chien-Pao|Sword of Ruin\n|-fieldstart|move: Psychic Terrain|[from] ability: Psychic Surge|[of] p1b: zi\n|-enditem|p1b: zi|Psychic Seed\n|-boost|p1b: zi|spd|1|[from] item: Psychic Seed\n|turn|1\n|\n|t:|1699757032\n|move|p1b: zi|Follow Me|p1b: zi\n|-singleturn|p1b: zi|move: Follow Me\n|move|p2b: Chien-Pao|Crunch|p1b: zi\n|-supereffective|p1b: zi\n|-damage|p1b: zi|0 fnt\n|faint|p1b: zi\n|move|p2a: Roaring Moon|Tailwind|p2a: Roaring Moon\n|-sidestart|p2: Wolfhound1142|move: Tailwind\n|move|p1a: El fuegitos|Trick Room|p1a: El fuegitos\n|-fieldstart|move: Trick Room|[of] p1a: El fuegitos\n|\n|upkeep\n|\n|t:|1699757040\n|switch|p1b: Est\u00e1 que arde|Torkoal, L50, F|100\/100\n|-weather|SunnyDay|[from] ability: Drought|[of] p1b: Est\u00e1 que arde\n|-activate|p2a: Roaring Moon|ability: Protosynthesis\n|-start|p2a: Roaring Moon|protosynthesisatk\n|turn|2\n|\n|t:|1699757053\n|move|p2a: Roaring Moon|Protect|p2a: Roaring Moon\n|-singleturn|p2a: Roaring Moon|Protect\n|move|p1b: Est\u00e1 que arde|Eruption|p2b: Chien-Pao|[spread] p2b\n|-activate|p2a: Roaring Moon|move: Protect\n|-supereffective|p2b: Chien-Pao\n|-damage|p2b: Chien-Pao|0 fnt\n|faint|p2b: Chien-Pao\n|move|p1a: El fuegitos|Armor Cannon|p2a: Roaring Moon\n|-activate|p2a: Roaring Moon|move: Protect\n|\n|-weather|SunnyDay|[upkeep]\n|upkeep\n|\n|t:|1699757071\n|switch|p2b: Ogerpon|Ogerpon-Hearthflame, L50, F|100\/100\n|-ability|p2b: Ogerpon|Mold Breaker\n|turn|3\n|\n|t:|1699757086\n|move|p2b: Ogerpon|Spiky Shield|p2b: Ogerpon\n|-singleturn|p2b: Ogerpon|move: Protect\n|move|p2a: Roaring Moon|Protect||[still]\n|-fail|p2a: Roaring Moon\n|move|p1b: Est\u00e1 que arde|Eruption|p2a: Roaring Moon|[spread] p2a\n|-activate|p2b: Ogerpon|move: Protect\n|-resisted|p2a: Roaring Moon\n|-crit|p2a: Roaring Moon\n|-damage|p2a: Roaring Moon|38\/100\n|move|p1a: El fuegitos|Expanding Force|p2b: Ogerpon|[spread] \n|-activate|p2b: Ogerpon|move: Protect\n|-immune|p2a: Roaring Moon\n|\n|-weather|SunnyDay|[upkeep]\n|-heal|p2a: Roaring Moon|44\/100|[from] item: Leftovers\n|upkeep\n|turn|4\n|inactive|Wolfhound1142 has 30 seconds left.\n|\n|t:|1699757117\n|move|p2b: Ogerpon|Spiky Shield||[still]\n|-fail|p2b: Ogerpon\n|move|p2a: Roaring Moon|Protect|p2a: Roaring Moon\n|-singleturn|p2a: Roaring Moon|Protect\n|move|p1b: Est\u00e1 que arde|Eruption|p2a: Roaring Moon|[spread] p2b\n|-activate|p2a: Roaring Moon|move: Protect\n|-damage|p2b: Ogerpon|0 fnt\n|faint|p2b: Ogerpon\n|move|p1a: El fuegitos|Expanding Force|p2a: Roaring Moon\n|-activate|p2a: Roaring Moon|move: Protect\n|\n|-weather|SunnyDay|[upkeep]\n|-heal|p2a: Roaring Moon|50\/100|[from] item: Leftovers\n|-sideend|p2: Wolfhound1142|move: Tailwind\n|upkeep\n|\n|t:|1699757124\n|switch|p2b: Ninetales|Ninetales, L50, F|100\/100\n|turn|5\n|\n|t:|1699757133\n|move|p2b: Ninetales|Protect|p2b: Ninetales\n|-singleturn|p2b: Ninetales|Protect\n|move|p1b: Est\u00e1 que arde|Eruption|p2a: Roaring Moon|[spread] p2a\n|-activate|p2b: Ninetales|move: Protect\n|-resisted|p2a: Roaring Moon\n|-damage|p2a: Roaring Moon|10\/100\n|move|p1a: El fuegitos|Expanding Force|p2a: Roaring Moon|[spread] \n|-activate|p2b: Ninetales|move: Protect\n|-immune|p2a: Roaring Moon\n|move|p2a: Roaring Moon|Crunch|p1a: El fuegitos\n|-supereffective|p1a: El fuegitos\n|-damage|p1a: El fuegitos|0 fnt\n|faint|p1a: El fuegitos\n|\n|-weather|SunnyDay|[upkeep]\n|-heal|p2a: Roaring Moon|16\/100|[from] item: Leftovers\n|-fieldend|move: Trick Room\n|-fieldend|move: Psychic Terrain\n|upkeep\n|\n|t:|1699757138\n|switch|p1a: La plantica|Lilligant, L50, F|100\/100\n|turn|6\n|\n|t:|1699757158\n|move|p1a: La plantica|After You|p1b: Est\u00e1 que arde\n|-activate|p1b: Est\u00e1 que arde|move: After You\n|move|p1b: Est\u00e1 que arde|Eruption|p2b: Ninetales|[spread] p2a,p2b\n|-resisted|p2a: Roaring Moon\n|-resisted|p2b: Ninetales\n|-damage|p2a: Roaring Moon|0 fnt\n|-damage|p2b: Ninetales|52\/100\n|faint|p2a: Roaring Moon\n|-end|p2a: Roaring Moon|Protosynthesis|[silent]\n|move|p2b: Ninetales|Flare Blitz|p1a: La plantica\n|-supereffective|p1a: La plantica\n|-crit|p1a: La plantica\n|-enditem|p1a: La plantica|Focus Sash\n|-damage|p1a: La plantica|1\/100\n|-damage|p2b: Ninetales|13\/100|[from] Recoil\n|\n|-weather|none\n|upkeep\n|turn|7\n|-message|Wolfhound1142 forfeited.\n|\n|win|JL_GAMER7\n|raw|JL_GAMER7's rating: 1045 &rarr; <strong>1086<\/strong><br \/>(+41 for winning)\n|raw|Wolfhound1142's rating: 1125 &rarr; <strong>1094<\/strong><br \/>(-31 for losing)\n|l|\u2606Wolfhound1142\n","uploadtime":1699757172,"views":24,"p1id":"jlgamer7","p2id":"wolfhound1142","formatid":"gen9vgc2023regulatione","rating":1086,"private":0,"password":""}