{"id":"gen9vgc2023regulatione-1998688830","p1":"steelrevolution337","p2":"salamencetv","format":"[Gen 9] VGC 2023 Regulation E","log":"|j|\u2606steelrevolution337\n|j|\u2606salamencetv\n|n|\u2606steelrevolution337|steelrevolution337\n|n|\u2606salamencetv|salamencetv\n|html|View the match progress at <a href=\"\/game-bestof3-gen9vgc2023regulatione-1998677338\">game-bestof3-gen9vgc2023regulatione-1998677338<\/a>\n|t:|1700972813\n|gametype|doubles\n|player|p1|steelrevolution337|plasmagrunt|\n|player|p2|salamencetv|pryce|\n|teamsize|p1|6\n|teamsize|p2|6\n|gen|9\n|tier|[Gen 9] VGC 2023 Regulation E\n|rule|Species Clause: Limit one of each Pok\u00e9mon\n|rule|Item Clause: Limit one of each item\n|clearpoke\n|poke|p1|Roaring Moon, L50|\n|poke|p1|Weezing, L50, F|\n|poke|p1|Persian-Alola, L50, M|\n|poke|p1|Typhlosion-Hisui, L50, M|\n|poke|p1|Landorus-Therian, L50, M|\n|poke|p1|Iron Thorns, L50|\n|poke|p2|Enamorus-Therian, L50, F|\n|poke|p2|Slowbro, L50, M|\n|poke|p2|Goodra-Hisui, L50, F|\n|poke|p2|Drifblim, L50, M|\n|poke|p2|Golem, L50, M|\n|poke|p2|Rillaboom, L50, M|\n|teampreview|4\nsalamencetv rejected open team sheets.\n|c|\u2606salamencetv|GLHF lol\n|c|\u2606steelrevolution337|same lmao\n|\n|t:|1700972852\n|start\n|switch|p1a: Persian|Persian-Alola, L50, M, shiny|100\/100\n|switch|p1b: Landorus|Landorus-Therian, L50, M|100\/100\n|switch|p2a: NootNoot|Enamorus-Therian, L50, F|100\/100\n|switch|p2b: Mr Balloney|Drifblim, L50, M|100\/100\n|-ability|p1b: Landorus|Intimidate|boost\n|-unboost|p2a: NootNoot|atk|1\n|-unboost|p2b: Mr Balloney|atk|1\n|turn|1\n|\n|t:|1700972871\n|-terastallize|p1b: Landorus|Rock\n|-terastallize|p2a: NootNoot|Water\n|move|p1a: Persian|Fake Out|p2a: NootNoot\n|-damage|p2a: NootNoot|94\/100\n|move|p1b: Landorus|Rock Slide|p2a: NootNoot|[spread] p2a,p2b\n|-supereffective|p2b: Mr Balloney\n|-damage|p2a: NootNoot|64\/100\n|-damage|p2b: Mr Balloney|47\/100\n|cant|p2a: NootNoot|flinch\n|move|p2b: Mr Balloney|Trick Room|p2b: Mr Balloney\n|-fieldstart|move: Trick Room|[of] p2b: Mr Balloney\n|\n|upkeep\n|turn|2\n|\n|t:|1700972894\n|move|p2a: NootNoot|Springtide Storm|p1a: Persian|[spread] p1a,p1b\n|-supereffective|p1a: Persian\n|-damage|p1a: Persian|0 fnt\n|-damage|p1b: Landorus|40\/100\n|faint|p1a: Persian\n|move|p2b: Mr Balloney|Will-O-Wisp|p1b: Landorus\n|-status|p1b: Landorus|brn\n|move|p1b: Landorus|Rock Slide|p2a: NootNoot|[spread] p2a,p2b\n|-supereffective|p2b: Mr Balloney\n|-damage|p2a: NootNoot|51\/100\n|-damage|p2b: Mr Balloney|19\/100\n|\n|-damage|p1b: Landorus|34\/100 brn|[from] brn\n|upkeep\n|\n|t:|1700972908\n|switch|p1a: Weezing|Weezing, L50, F|100\/100\n|-ability|p1a: Weezing|Neutralizing Gas\n|turn|3\n|\n|t:|1700972927\n|switch|p1b: Typhlosion|Typhlosion-Hisui, L50, M|100\/100\n|move|p2a: NootNoot|Earth Power|p1a: Weezing\n|-supereffective|p1a: Weezing\n|-damage|p1a: Weezing|4\/100\n|move|p1a: Weezing|Sludge Bomb|p2a: NootNoot\n|-damage|p2a: NootNoot|26\/100\n|move|p2b: Mr Balloney|Destiny Bond|p2b: Mr Balloney\n|-singlemove|p2b: Mr Balloney|Destiny Bond\n|\n|-heal|p1a: Weezing|10\/100|[from] item: Black Sludge\n|upkeep\n|turn|4\n|\n|t:|1700972957\n|move|p1a: Weezing|Protect|p1a: Weezing\n|-singleturn|p1a: Weezing|Protect\n|move|p2a: NootNoot|Tera Blast|p1b: Typhlosion|[anim] Tera Blast Water\n|-supereffective|p1b: Typhlosion\n|-damage|p1b: Typhlosion|0 fnt\n|faint|p1b: Typhlosion\n|move|p2b: Mr Balloney|Air Slash|p1a: Weezing\n|-activate|p1a: Weezing|move: Protect\n|\n|-heal|p1a: Weezing|16\/100|[from] item: Black Sludge\n|upkeep\n|\n|t:|1700972967\n|switch|p1b: Landorus|Landorus-Therian, L50, M, tera:Rock|34\/100 brn\n|turn|5\n|\n|t:|1700972996\n|move|p1a: Weezing|Protect||[still]\n|-fail|p1a: Weezing\n|move|p2a: NootNoot|Springtide Storm|p1a: Weezing|[spread] p1a,p1b\n|-resisted|p1a: Weezing\n|-damage|p1a: Weezing|0 fnt\n|-damage|p1b: Landorus|0 fnt\n|faint|p1a: Weezing\n|-end|p1a: Weezing|ability: Neutralizing Gas\n|-ability|p1b: Landorus|Intimidate|boost\n|-unboost|p2a: NootNoot|atk|1\n|-unboost|p2b: Mr Balloney|atk|1\n|faint|p1b: Landorus\n|\n|win|salamencetv\n|c|\u2606steelrevolution337|gg\n|c|\u2606salamencetv|GG\n|c|\u2606steelrevolution337|weezing is gonna have to take a long hard bath\n","uploadtime":1700973019,"views":44,"p1id":"steelrevolution337","p2id":"salamencetv","formatid":"gen9vgc2023regulatione","rating":0,"private":0,"password":""}