{"id":"gen9vgc2023regulatione-1994723299","p1":"TrainerCaat","p2":"a wild Rez","format":"[Gen 9] VGC 2023 Regulation E","log":"|j|\u2606TrainerCaat\n|j|\u2606a wild Rez\n|t:|1700485867\n|gametype|doubles\n|player|p1|TrainerCaat|battlegirl-gen4|\n|player|p2|a wild Rez|rose-zerosuit|\n|teamsize|p1|6\n|teamsize|p2|6\n|gen|9\n|tier|[Gen 9] VGC 2023 Regulation E\n|rated|Tournament battle\n|rule|Species Clause: Limit one of each Pok\u00e9mon\n|rule|Item Clause: Limit one of each item\n|clearpoke\n|poke|p1|Meowscarada, L50, M|\n|poke|p1|Dragapult, L50, F|\n|poke|p1|Arcanine-Hisui, L50, M|\n|poke|p1|Scizor, L50, M|\n|poke|p1|Ribombee, L50, M|\n|poke|p1|Rillaboom, L50, F|\n|poke|p2|Crabominable, L50, F|\n|poke|p2|Farigiraf, L50, M|\n|poke|p2|Torkoal, L50, M|\n|poke|p2|Lilligant-Hisui, L50, F|\n|poke|p2|Iron Hands, L50|\n|poke|p2|Flutter Mane, L50|\n|teampreview|4\n|showteam|p1|Meowscarada||FocusSash|Overgrow|FlowerTrick,KnockOff,PlayRough,Protect|||M|||50|,,,,,Grass]Dragapult||SitrusBerry|ClearBody|WillOWisp,ThunderWave,Hex,Protect|||F|||50|,,,,,Dragon]Arcanine-Hisui||SafetyGoggles|Intimidate|RockSlide,FlareBlitz,WillOWisp,Snarl|||M|||50|,,,,,Water]Scizor||AssaultVest|Technician|BulletPunch,BugBite,KnockOff,Protect|||M|||50|,,,,,Water]Ribombee||CovertCloak|SweetVeil|Tailwind,Moonblast,PollenPuff,HelpingHand|||M|||50|,,,,,Bug]Rillaboom||GrassySeed|Overgrow|FakeOut,GrassyGlide,HighHorsepower,KnockOff|||F|||50|,,,,,Grass\n|showteam|p2|Crabominable||SafetyGoggles|IronFist|IceHammer,CloseCombat,WideGuard,Crabhammer|||F|||50|,,,,,Water]Farigiraf||SitrusBerry|ArmorTail|TrickRoom,Psychic,DazzlingGleam,Protect|||M|||50|,,,,,Fairy]Torkoal||Charcoal|Drought|Eruption,HeatWave,EarthPower,Protect|||M|||50|,,,,,Fire]Lilligant-Hisui||FocusSash|Chlorophyll|CloseCombat,SleepPowder,AfterYou,SolarBlade|||F|||50|,,,,,Ghost]Iron Hands||AssaultVest|QuarkDrive|WildCharge,HeavySlam,FakeOut,DrainPunch||||||50|,,,,,Grass]Flutter Mane||ChoiceSpecs|Protosynthesis|Moonblast,ShadowBall,DazzlingGleam,PowerGem||||||50|,,,,,Fairy\n|c|\u2606a wild Rez|glhf\n|c|\u2606TrainerCaat|GLHF\n|\n|t:|1700485911\n|start\n|switch|p1a: Arcanine|Arcanine-Hisui, L50, M|100\/100\n|switch|p1b: Rillaboom|Rillaboom, L50, F|100\/100\n|switch|p2a: Torkoal|Torkoal, L50, M|100\/100\n|switch|p2b: Flutter Mane|Flutter Mane, L50|100\/100\n|-ability|p1a: Arcanine|Intimidate|boost\n|-unboost|p2a: Torkoal|atk|1\n|-unboost|p2b: Flutter Mane|atk|1\n|-weather|SunnyDay|[from] ability: Drought|[of] p2a: Torkoal\n|-activate|p2b: Flutter Mane|ability: Protosynthesis\n|-start|p2b: Flutter Mane|protosynthesisspe\n|turn|1\n|c|\u2606a wild Rez|why do you have protect on an ass vest set\n|c|\u2606TrainerCaat|wait i do?\n|c|\u2606TrainerCaat|oh I do LOL\n|\n|t:|1700485949\n|-end|p2b: Flutter Mane|Protosynthesis|[silent]\n|switch|p2b: Farigiraf|Farigiraf, L50, M|100\/100\n|move|p1b: Rillaboom|Fake Out||[still]\n|cant|p2b: Farigiraf|ability: Armor Tail|Fake Out|[of] p1b: Rillaboom\n|move|p1a: Arcanine|Snarl|p2a: Torkoal|[spread] p2a,p2b\n|-supereffective|p2b: Farigiraf\n|-damage|p2a: Torkoal|88\/100\n|-damage|p2b: Farigiraf|84\/100\n|-unboost|p2a: Torkoal|spa|1\n|-unboost|p2b: Farigiraf|spa|1\n|move|p2a: Torkoal|Earth Power|p1a: Arcanine\n|-supereffective|p1a: Arcanine\n|-damage|p1a: Arcanine|25\/100\n|\n|-weather|SunnyDay|[upkeep]\n|upkeep\n|turn|2\n|\n|t:|1700485975\n|move|p1a: Arcanine|Snarl|p2b: Farigiraf|[spread] p2b\n|-miss|p1a: Arcanine|p2a: Torkoal\n|-supereffective|p2b: Farigiraf\n|-damage|p2b: Farigiraf|65\/100\n|-unboost|p2b: Farigiraf|spa|1\n|move|p1b: Rillaboom|High Horsepower|p2a: Torkoal\n|-supereffective|p2a: Torkoal\n|-damage|p2a: Torkoal|35\/100\n|move|p2a: Torkoal|Eruption|p1a: Arcanine|[spread] p1a,p1b\n|-resisted|p1a: Arcanine\n|-crit|p1a: Arcanine\n|-supereffective|p1b: Rillaboom\n|-damage|p1a: Arcanine|13\/100\n|-damage|p1b: Rillaboom|60\/100\n|move|p2b: Farigiraf|Trick Room|p2b: Farigiraf\n|-fieldstart|move: Trick Room|[of] p2b: Farigiraf\n|\n|-weather|SunnyDay|[upkeep]\n|upkeep\n|turn|3\n|c|\u2606TrainerCaat|i didn't expect him to live that ngl\n|\n|t:|1700485996\n|move|p2a: Torkoal|Heat Wave|p1a: Arcanine|[spread] p1a,p1b\n|-resisted|p1a: Arcanine\n|-supereffective|p1b: Rillaboom\n|-damage|p1a: Arcanine|2\/100\n|-damage|p1b: Rillaboom|0 fnt\n|faint|p1b: Rillaboom\n|move|p2b: Farigiraf|Psychic|p1a: Arcanine\n|-damage|p1a: Arcanine|0 fnt\n|faint|p1a: Arcanine\n|\n|-weather|SunnyDay|[upkeep]\n|upkeep\n|\n|t:|1700486000\n|switch|p1b: Scizor|Scizor, L50, M|100\/100\n|switch|p1a: Meowscarada|Meowscarada, L50, M|100\/100\n|turn|4\n|\n|t:|1700486018\n|-terastallize|p2a: Torkoal|Fire\n|-terastallize|p1b: Scizor|Water\n|move|p1a: Meowscarada|Protect|p1a: Meowscarada\n|-singleturn|p1a: Meowscarada|Protect\n|move|p2a: Torkoal|Heat Wave|p1a: Meowscarada|[spread] p1b\n|-activate|p1a: Meowscarada|move: Protect\n|-resisted|p1b: Scizor\n|-damage|p1b: Scizor|81\/100\n|move|p2b: Farigiraf|Dazzling Gleam|p1a: Meowscarada|[spread] p1b\n|-activate|p1a: Meowscarada|move: Protect\n|-damage|p1b: Scizor|73\/100\n|move|p1b: Scizor|Bug Bite|p2b: Farigiraf\n|-supereffective|p2b: Farigiraf\n|-damage|p2b: Farigiraf|0 fnt\n|-enditem|p2b: Farigiraf|Sitrus Berry|[from] stealeat|[move] Bug Bite|[of] p1b: Scizor\n|-heal|p1b: Scizor|98\/100|[from] item: Sitrus Berry\n|faint|p2b: Farigiraf\n|\n|-weather|SunnyDay|[upkeep]\n|upkeep\n|\n|t:|1700486030\n|switch|p2b: Iron Hands|Iron Hands, L50|100\/100\n|turn|5\n|\n|t:|1700486051\n|move|p1a: Meowscarada|Protect||[still]\n|-fail|p1a: Meowscarada\n|move|p2b: Iron Hands|Fake Out|p1b: Scizor\n|-damage|p1b: Scizor|82\/100\n|move|p2a: Torkoal|Heat Wave|p1a: Meowscarada|[spread] p1a,p1b\n|-supereffective|p1a: Meowscarada\n|-resisted|p1b: Scizor\n|-enditem|p1a: Meowscarada|Focus Sash\n|-damage|p1a: Meowscarada|1\/100\n|-damage|p1b: Scizor|64\/100\n|cant|p1b: Scizor|flinch\n|\n|-weather|none\n|upkeep\n|turn|6\n|c|\u2606TrainerCaat|dang\n|\n|t:|1700486074\n|move|p1a: Meowscarada|Protect|p1a: Meowscarada\n|-singleturn|p1a: Meowscarada|Protect\n|move|p2a: Torkoal|Heat Wave|p1b: Scizor|[spread] p1b\n|-activate|p1a: Meowscarada|move: Protect\n|-resisted|p1b: Scizor\n|-damage|p1b: Scizor|51\/100\n|move|p2b: Iron Hands|Wild Charge|p1b: Scizor\n|-supereffective|p1b: Scizor\n|-damage|p1b: Scizor|0 fnt\n|faint|p1b: Scizor\n|-damage|p2b: Iron Hands|90\/100|[from] Recoil\n|\n|-fieldend|move: Trick Room\n|upkeep\n|turn|7\n|c|\u2606TrainerCaat|das gg lol\n|c|\u2606a wild Rez|I'd recommend maybe Quick Attack or a fighting move on ass vest scizor btw\n|c|\u2606a wild Rez|ggs\n|c|\u2606TrainerCaat|yeah\n|c|\u2606TrainerCaat|thanks :D\n|\n|t:|1700486100\n|switch|p2a: Flutter Mane|Flutter Mane, L50|100\/100\n|move|p1a: Meowscarada|Flower Trick|p2a: Flutter Mane\n|-crit|p2a: Flutter Mane\n|-damage|p2a: Flutter Mane|0 fnt\n|faint|p2a: Flutter Mane\n|-end|p2a: Flutter Mane|Protosynthesis|[silent]\n|move|p2b: Iron Hands|Drain Punch|p1a: Meowscarada\n|-supereffective|p1a: Meowscarada\n|-damage|p1a: Meowscarada|0 fnt\n|-heal|p2b: Iron Hands|91\/100|[from] drain|[of] p1a: Meowscarada\n|faint|p1a: Meowscarada\n|\n|win|a wild Rez\n|n|\u2606TrainerCaat|trainercaat\n|n|\u2606a wild Rez|awildrez\n|c|\u2606a wild Rez|nw\n|c|\u2606a wild Rez|ggs\n|l|\u2606TrainerCaat\n","uploadtime":1700486113,"views":1,"p1id":"trainercaat","p2id":"awildrez","formatid":"gen9vgc2023regulatione","rating":0,"private":0,"password":""}