{"id":"gen9vgc2023regulatione-1991795468","p1":"jeikono","p2":"yungoos gang","format":"[Gen 9] VGC 2023 Regulation E","log":"|j|\u2606jeikono\n|j|\u2606yungoos gang\n|t:|1700118828\n|gametype|doubles\n|player|p1|jeikono|whitney|1151\n|player|p2|yungoos gang|2|1163\n|teamsize|p1|4\n|teamsize|p2|6\n|gen|9\n|tier|[Gen 9] VGC 2023 Regulation E\n|rated|\n|rule|Species Clause: Limit one of each Pok\u00e9mon\n|rule|Item Clause: Limit one of each item\n|clearpoke\n|poke|p1|Sableye, L50, F|\n|poke|p1|Maushold, L50|\n|poke|p1|Sinistcha-Masterpiece, L50|\n|poke|p1|Garganacl, L50, M|\n|poke|p2|Inteleon, L50, F|\n|poke|p2|Pelipper, L50, M|\n|poke|p2|Lurantis, L50, M|\n|poke|p2|Rillaboom, L50, M|\n|poke|p2|Raichu, L50, M|\n|poke|p2|Flutter Mane, L50|\n|teampreview|4\n|inactive|Battle timer is ON: inactive players will automatically lose when time's up. (requested by jeikono)\n|\n|t:|1700118837\n|start\n|switch|p1a: Sableye|Sableye, L50, F|100\/100\n|switch|p1b: Sinistcha|Sinistcha-Masterpiece, L50|100\/100\n|switch|p2a: Squirt|Inteleon, L50, F|100\/100\n|switch|p2b: Sprite|Lurantis, L50, M, shiny|100\/100\n|turn|1\n|inactive|yungoos gang has 30 seconds left.\n|\n|t:|1700118864\n|move|p1a: Sableye|Gravity|p1a: Sableye\n|-fieldstart|move: Gravity\n|move|p2a: Squirt|Light Screen|p2a: Squirt\n|-sidestart|p2: yungoos gang|move: Light Screen\n|move|p1b: Sinistcha|Matcha Gotcha|p2a: Squirt|[spread] p2a,p2b\n|-supereffective|p2a: Squirt\n|-resisted|p2b: Sprite\n|-damage|p2a: Squirt|25\/100\n|-damage|p2b: Sprite|88\/100\n|move|p2b: Sprite|Knock Off|p1b: Sinistcha\n|-supereffective|p1b: Sinistcha\n|-damage|p1b: Sinistcha|42\/100\n|-enditem|p1b: Sinistcha|Focus Sash|[from] move: Knock Off|[of] p2b: Sprite\n|\n|upkeep\n|turn|2\n|\n|t:|1700118884\n|move|p1a: Sableye|Encore|p2a: Squirt\n|-start|p2a: Squirt|Encore\n|move|p2a: Squirt|Light Screen||[still]\n|-fail|p2a: Squirt\n|move|p1b: Sinistcha|Matcha Gotcha|p2a: Squirt|[spread] p2a,p2b\n|-supereffective|p2a: Squirt\n|-resisted|p2b: Sprite\n|-damage|p2a: Squirt|0 fnt\n|-heal|p1b: Sinistcha|52\/100|[from] drain|[of] p2a: Squirt\n|-damage|p2b: Sprite|77\/100\n|-heal|p1b: Sinistcha|58\/100|[from] drain|[of] p2b: Sprite\n|-status|p2b: Sprite|brn\n|faint|p2a: Squirt\n|move|p2b: Sprite|Knock Off|p1a: Sableye\n|-damage|p1a: Sableye|85\/100\n|-enditem|p1a: Sableye|Eject Button|[from] move: Knock Off|[of] p2b: Sprite\n|\n|-damage|p2b: Sprite|71\/100 brn|[from] brn\n|upkeep\n|\n|t:|1700118905\n|switch|p2a: Bellibber|Pelipper, L50, M|100\/100\n|-weather|RainDance|[from] ability: Drizzle|[of] p2a: Bellibber\n|turn|3\n|\n|t:|1700118917\n|move|p2a: Bellibber|Hurricane|p1b: Sinistcha\n|-supereffective|p1b: Sinistcha\n|-damage|p1b: Sinistcha|0 fnt\n|faint|p1b: Sinistcha\n|move|p1a: Sableye|Foul Play|p2b: Sprite\n|-damage|p2b: Sprite|15\/100 brn\n|-enditem|p2b: Sprite|Aguav Berry|[eat]\n|-heal|p2b: Sprite|48\/100 brn|[from] item: Aguav Berry\n|move|p2b: Sprite|Grassy Glide|p1a: Sableye\n|-damage|p1a: Sableye|72\/100\n|\n|-weather|RainDance|[upkeep]\n|-damage|p2b: Sprite|41\/100 brn|[from] brn\n|upkeep\n|\n|t:|1700118929\n|switch|p1b: Maushold|Maushold, L50|100\/100\n|turn|4\n|\n|t:|1700118945\n|move|p1b: Maushold|Population Bomb|p2a: Bellibber\n|-crit|p2a: Bellibber\n|-damage|p2a: Bellibber|86\/100\n|-damage|p2a: Bellibber|76\/100\n|-damage|p2a: Bellibber|67\/100\n|-damage|p2a: Bellibber|58\/100\n|-damage|p2a: Bellibber|49\/100\n|-crit|p2a: Bellibber\n|-damage|p2a: Bellibber|34\/100\n|-damage|p2a: Bellibber|25\/100\n|-damage|p2a: Bellibber|16\/100\n|-damage|p2a: Bellibber|7\/100\n|-crit|p2a: Bellibber\n|-damage|p2a: Bellibber|0 fnt\n|faint|p2a: Bellibber\n|-hitcount|p2: Bellibber|10\n|move|p1a: Sableye|Foul Play|p2b: Sprite\n|-damage|p2b: Sprite|0 fnt\n|faint|p2b: Sprite\n|\n|-weather|RainDance|[upkeep]\n|upkeep\n|\n|t:|1700118962\n|switch|p2b: OOH OOH AHH AHH|Rillaboom, L50, M|100\/100\n|-fieldstart|move: Grassy Terrain|[from] ability: Grassy Surge|[of] p2b: OOH OOH AHH AHH\n|turn|5\n|\n|t:|1700118975\n|move|p2b: OOH OOH AHH AHH|Grassy Glide|p1a: Sableye\n|-damage|p1a: Sableye|24\/100\n|-damage|p2b: OOH OOH AHH AHH|91\/100|[from] item: Life Orb\n|move|p1b: Maushold|Population Bomb|p2b: OOH OOH AHH AHH\n|-damage|p2b: OOH OOH AHH AHH|79\/100\n|-damage|p2b: OOH OOH AHH AHH|69\/100\n|-damage|p2b: OOH OOH AHH AHH|58\/100\n|-damage|p2b: OOH OOH AHH AHH|47\/100\n|-damage|p2b: OOH OOH AHH AHH|36\/100\n|-damage|p2b: OOH OOH AHH AHH|25\/100\n|-damage|p2b: OOH OOH AHH AHH|15\/100\n|-damage|p2b: OOH OOH AHH AHH|4\/100\n|-damage|p2b: OOH OOH AHH AHH|0 fnt\n|faint|p2b: OOH OOH AHH AHH\n|-hitcount|p2: OOH OOH AHH AHH|9\n|\n|win|jeikono\n|raw|jeikono's rating: 1151 &rarr; <strong>1177<\/strong><br \/>(+26 for winning)\n|raw|yungoos gang's rating: 1163 &rarr; <strong>1137<\/strong><br \/>(-26 for losing)\n|l|\u2606yungoos gang\n","uploadtime":1700118995,"views":16,"p1id":"jeikono","p2id":"yungoosgang","formatid":"gen9vgc2023regulatione","rating":1137,"private":0,"password":""}