{"id":"gen9vgc2023regulatione-1997915951","p1":"Aaron Mobile","p2":"raul6248","format":"[Gen 9] VGC 2023 Regulation E","log":"|j|\u2606Aaron Mobile\n|j|\u2606raul6248\n|t:|1700867064\n|gametype|doubles\n|player|p1|Aaron Mobile|aaron|1359\n|player|p2|raul6248|shadowtriad|1328\n|teamsize|p1|6\n|teamsize|p2|6\n|gen|9\n|tier|[Gen 9] VGC 2023 Regulation E\n|rated|\n|rule|Species Clause: Limit one of each Pok\u00e9mon\n|rule|Item Clause: Limit one of each item\n|clearpoke\n|poke|p1|Kingambit, L50, F|\n|poke|p1|Sinistcha-Masterpiece, L50|\n|poke|p1|Volcarona, L50, F|\n|poke|p1|Iron Hands, L50|\n|poke|p1|Chien-Pao, L50|\n|poke|p1|Landorus-Therian, L50, M|\n|poke|p2|Tornadus, L50, M|\n|poke|p2|Gholdengo, L50|\n|poke|p2|Regidrago, L50|\n|poke|p2|Urshifu-*, L50, F|\n|poke|p2|Arcanine-Hisui, L50, M|\n|poke|p2|Rillaboom, L50, F|\n|teampreview|4\n|\n|t:|1700867107\n|start\n|switch|p1a: Iron Hands|Iron Hands, L50|100\/100\n|switch|p1b: Kingambit|Kingambit, L50, F, shiny|100\/100\n|switch|p2a: Arcanine|Arcanine-Hisui, L50, M|100\/100\n|switch|p2b: Rillaboom|Rillaboom, L50, F|100\/100\n|-ability|p2a: Arcanine|Intimidate|boost\n|-unboost|p1a: Iron Hands|atk|1\n|-unboost|p1b: Kingambit|atk|1\n|-ability|p1b: Kingambit|Defiant|boost\n|-boost|p1b: Kingambit|atk|2\n|-fieldstart|move: Grassy Terrain|[from] ability: Grassy Surge|[of] p2b: Rillaboom\n|turn|1\n|\n|t:|1700867132\n|-end|p1a: Iron Hands|Quark Drive|[silent]\n|switch|p1a: Landorus|Landorus-Therian, L50, M|100\/100\n|-ability|p1a: Landorus|Intimidate|boost\n|-unboost|p2a: Arcanine|atk|1\n|-unboost|p2b: Rillaboom|atk|1\n|-terastallize|p1b: Kingambit|Poison\n|move|p2b: Rillaboom|Fake Out|p1b: Kingambit\n|-damage|p1b: Kingambit|94\/100\n|move|p2a: Arcanine|Will-O-Wisp|p1b: Kingambit\n|-status|p1b: Kingambit|brn\n|cant|p1b: Kingambit|flinch\n|\n|-heal|p1b: Kingambit|99\/100 brn|[from] Grassy Terrain\n|-damage|p1b: Kingambit|94\/100 brn|[from] brn\n|upkeep\n|turn|2\n|\n|t:|1700867152\n|switch|p2a: Tornadus|Tornadus, L50, M|100\/100\n|move|p1a: Landorus|Stomping Tantrum|p2a: Tornadus\n|-immune|p2a: Tornadus\n|move|p2b: Rillaboom|High Horsepower|p1b: Kingambit\n|-supereffective|p1b: Kingambit\n|-damage|p1b: Kingambit|63\/100 brn\n|move|p1b: Kingambit|Swords Dance|p1b: Kingambit\n|-boost|p1b: Kingambit|atk|2\n|\n|-heal|p1b: Kingambit|70\/100 brn|[from] Grassy Terrain\n|-damage|p1b: Kingambit|63\/100 brn|[from] brn\n|upkeep\n|turn|3\n|\n|t:|1700867167\n|switch|p1a: Iron Hands|Iron Hands, L50|100\/100\n|move|p2a: Tornadus|Taunt|p1b: Kingambit\n|-start|p1b: Kingambit|move: Taunt\n|move|p2b: Rillaboom|High Horsepower|p1b: Kingambit\n|-supereffective|p1b: Kingambit\n|-damage|p1b: Kingambit|33\/100 brn\n|move|p1b: Kingambit|Kowtow Cleave|p2a: Tornadus\n|-damage|p2a: Tornadus|17\/100\n|\n|-heal|p1b: Kingambit|39\/100 brn|[from] Grassy Terrain\n|-damage|p1b: Kingambit|33\/100 brn|[from] brn\n|upkeep\n|turn|4\n|\n|t:|1700867195\n|move|p1b: Kingambit|Sucker Punch|p2b: Rillaboom\n|-damage|p2b: Rillaboom|45\/100\n|move|p2a: Tornadus|Bleakwind Storm|p1b: Kingambit|[spread] p1a\n|-miss|p2a: Tornadus|p1b: Kingambit\n|-damage|p1a: Iron Hands|84\/100\n|move|p2b: Rillaboom|High Horsepower|p1b: Kingambit\n|-supereffective|p1b: Kingambit\n|-damage|p1b: Kingambit|0 fnt\n|faint|p1b: Kingambit\n|move|p1a: Iron Hands|Wild Charge|p2a: Tornadus\n|-supereffective|p2a: Tornadus\n|-damage|p2a: Tornadus|0 fnt\n|faint|p2a: Tornadus\n|-damage|p1a: Iron Hands|80\/100|[from] Recoil\n|\n|-heal|p2b: Rillaboom|51\/100|[from] Grassy Terrain\n|-heal|p1a: Iron Hands|87\/100|[from] Grassy Terrain\n|upkeep\n|\n|t:|1700867202\n|switch|p2a: Arcanine|Arcanine-Hisui, L50, M|100\/100\n|switch|p1b: Landorus|Landorus-Therian, L50, M|100\/100\n|-ability|p1b: Landorus|Intimidate|boost\n|-unboost|p2a: Arcanine|atk|1\n|-unboost|p2b: Rillaboom|atk|1\n|-ability|p2a: Arcanine|Intimidate|boost\n|-unboost|p1a: Iron Hands|atk|1\n|-unboost|p1b: Landorus|atk|1\n|turn|5\n|\n|t:|1700867227\n|switch|p2a: Urshifu|Urshifu-Rapid-Strike, L50, F|100\/100\n|move|p2b: Rillaboom|Grassy Glide|p1a: Iron Hands\n|-damage|p1a: Iron Hands|74\/100\n|move|p1b: Landorus|Stomping Tantrum|p2a: Urshifu\n|-damage|p2a: Urshifu|73\/100\n|move|p1a: Iron Hands|Drain Punch|p2b: Rillaboom\n|-damage|p2b: Rillaboom|26\/100\n|-heal|p1a: Iron Hands|85\/100|[from] drain|[of] p2b: Rillaboom\n|\n|-heal|p2a: Urshifu|79\/100|[from] Grassy Terrain\n|-heal|p2b: Rillaboom|32\/100|[from] Grassy Terrain\n|-heal|p1a: Iron Hands|91\/100|[from] Grassy Terrain\n|-fieldend|move: Grassy Terrain\n|upkeep\n|turn|6\n|\n|t:|1700867248\n|switch|p1b: Chien-Pao|Chien-Pao, L50|100\/100\n|-ability|p1b: Chien-Pao|Sword of Ruin\n|move|p2a: Urshifu|Surging Strikes|p1b: Chien-Pao\n|-crit|p1b: Chien-Pao\n|-damage|p1b: Chien-Pao|67\/100\n|-crit|p1b: Chien-Pao\n|-damage|p1b: Chien-Pao|37\/100\n|-crit|p1b: Chien-Pao\n|-damage|p1b: Chien-Pao|4\/100\n|-hitcount|p1b: Chien-Pao|3\n|move|p2b: Rillaboom|High Horsepower|p1a: Iron Hands\n|-supereffective|p1a: Iron Hands\n|-damage|p1a: Iron Hands|62\/100\n|move|p1a: Iron Hands|Wild Charge|p2a: Urshifu\n|-supereffective|p2a: Urshifu\n|-damage|p2a: Urshifu|0 fnt\n|faint|p2a: Urshifu\n|-damage|p1a: Iron Hands|47\/100|[from] Recoil\n|\n|upkeep\n|\n|t:|1700867260\n|switch|p2a: Arcanine|Arcanine-Hisui, L50, M|100\/100\n|-ability|p2a: Arcanine|Intimidate|boost\n|-unboost|p1a: Iron Hands|atk|1\n|-unboost|p1b: Chien-Pao|atk|1\n|turn|7\n|\n|t:|1700867277\n|-end|p1a: Iron Hands|Quark Drive|[silent]\n|switch|p1a: Landorus|Landorus-Therian, L50, M|100\/100\n|-ability|p1a: Landorus|Intimidate|boost\n|-unboost|p2a: Arcanine|atk|1\n|-unboost|p2b: Rillaboom|atk|1\n|move|p1b: Chien-Pao|Protect|p1b: Chien-Pao\n|-singleturn|p1b: Chien-Pao|Protect\n|move|p2a: Arcanine|Flare Blitz|p1a: Landorus\n|-damage|p1a: Landorus|40\/100\n|-damage|p2a: Arcanine|80\/100|[from] Recoil\n|move|p2b: Rillaboom|High Horsepower|p1b: Chien-Pao\n|-activate|p1b: Chien-Pao|move: Protect\n|\n|upkeep\n|turn|8\n|\n|t:|1700867301\n|-terastallize|p2a: Arcanine|Normal\n|move|p1a: Landorus|Stomping Tantrum|p2a: Arcanine\n|-damage|p2a: Arcanine|13\/100\n|-enditem|p2a: Arcanine|Sitrus Berry|[eat]\n|-heal|p2a: Arcanine|38\/100|[from] item: Sitrus Berry\n|move|p1b: Chien-Pao|Ice Spinner|p2b: Rillaboom\n|-supereffective|p2b: Rillaboom\n|-damage|p2b: Rillaboom|0 fnt\n|faint|p2b: Rillaboom\n|move|p2a: Arcanine|Will-O-Wisp|p1a: Landorus\n|-status|p1a: Landorus|brn\n|\n|-damage|p1a: Landorus|33\/100 brn|[from] brn\n|upkeep\n|turn|9\n|\n|t:|1700867330\n|move|p2a: Arcanine|Extreme Speed|p1a: Landorus\n|-damage|p1a: Landorus|0 fnt\n|faint|p1a: Landorus\n|move|p1b: Chien-Pao|Sacred Sword|p2a: Arcanine\n|-supereffective|p2a: Arcanine\n|-crit|p2a: Arcanine\n|-damage|p2a: Arcanine|0 fnt\n|faint|p2a: Arcanine\n|\n|win|Aaron Mobile\n|raw|Aaron Mobile's rating: 1359 &rarr; <strong>1377<\/strong><br \/>(+18 for winning)\n|raw|raul6248's rating: 1328 &rarr; <strong>1310<\/strong><br \/>(-18 for losing)\n","uploadtime":1700867338,"views":4,"p1id":"aaronmobile","p2id":"raul6248","formatid":"gen9vgc2023regulatione","rating":1310,"private":0,"password":""}