{"id":"gen9vgc2023regulatione-1994884183","p1":"That_Leek","p2":"Oshi no Ogerpon","format":"[Gen 9] VGC 2023 Regulation E","log":"|j|\u2606That_Leek\n|j|\u2606Oshi no Ogerpon\n|t:|1700501538\n|gametype|doubles\n|player|p1|That_Leek|blue|1615\n|player|p2|Oshi no Ogerpon|acetrainerf-gen6|1685\n|teamsize|p1|6\n|teamsize|p2|6\n|gen|9\n|tier|[Gen 9] VGC 2023 Regulation E\n|rated|\n|rule|Species Clause: Limit one of each Pok\u00e9mon\n|rule|Item Clause: Limit one of each item\n|clearpoke\n|poke|p1|Gholdengo, L50|\n|poke|p1|Ogerpon-Wellspring, L50, F|\n|poke|p1|Arcanine-Hisui, L50, M|\n|poke|p1|Chien-Pao, L50|\n|poke|p1|Scream Tail, L50|\n|poke|p1|Dragonite, L50, F|\n|poke|p2|Tornadus, L50, M|\n|poke|p2|Ogerpon-Wellspring, L50, F|\n|poke|p2|Gholdengo, L50|\n|poke|p2|Maushold-Four, L50|\n|poke|p2|Landorus-Therian, L50, M|\n|poke|p2|Chien-Pao, L50|\n|teampreview|4\nThat_Leek has agreed to open team sheets.\n|\n|t:|1700501620\n|start\n|switch|p1a: Scream Tail|Scream Tail, L50|100\/100\n|switch|p1b: Ogerpon|Ogerpon-Wellspring, L50, F|100\/100\n|switch|p2a: Gholdengo|Gholdengo, L50|100\/100\n|switch|p2b: Maushold|Maushold-Four, L50|100\/100\n|-enditem|p1a: Scream Tail|Booster Energy\n|-activate|p1a: Scream Tail|ability: Protosynthesis|[fromitem]\n|-start|p1a: Scream Tail|protosynthesisspe\n|turn|1\n|\n|t:|1700501665\n|move|p2b: Maushold|Feint|p1a: Scream Tail\n|-damage|p1a: Scream Tail|94\/100\n|move|p1a: Scream Tail|Howl|p1a: Scream Tail|[spread] p1a,p1b\n|-boost|p1a: Scream Tail|atk|1\n|-boost|p1b: Ogerpon|atk|1\n|move|p2a: Gholdengo|Make It Rain|p1b: Ogerpon|[spread] p1a,p1b\n|-supereffective|p1a: Scream Tail\n|-resisted|p1b: Ogerpon\n|-damage|p1a: Scream Tail|0 fnt\n|-damage|p1b: Ogerpon|65\/100\n|-unboost|p2a: Gholdengo|spa|1\n|faint|p1a: Scream Tail\n|-end|p1a: Scream Tail|Protosynthesis|[silent]\n|move|p1b: Ogerpon|Ivy Cudgel|p2b: Maushold|[anim] Ivy Cudgel Water\n|-damage|p2b: Maushold|28\/100\n|\n|upkeep\n|\n|t:|1700501680\n|switch|p1a: Arcanine|Arcanine-Hisui, L50, M|100\/100\n|-ability|p1a: Arcanine|Intimidate|boost\n|-unboost|p2a: Gholdengo|atk|1\n|-unboost|p2b: Maushold|atk|1\n|turn|2\n|j| Method Tester 2\n|\n|t:|1700501699\n|switch|p2a: Landorus|Landorus-Therian, L50, M|100\/100\n|-ability|p2a: Landorus|Intimidate|boost\n|-unboost|p1a: Arcanine|atk|1\n|-unboost|p1b: Ogerpon|atk|1\n|-terastallize|p1b: Ogerpon|Water\n|detailschange|p1b: Ogerpon|Ogerpon-Wellspring-Tera, L50, F, tera:Water\n|-ability|p1b: Ogerpon|Embody Aspect (Wellspring)|boost\n|-boost|p1b: Ogerpon|spd|1\n|move|p2b: Maushold|Protect|p2b: Maushold\n|-singleturn|p2b: Maushold|Protect\n|move|p1a: Arcanine|Rock Slide|p2a: Landorus|[spread] p2a\n|-activate|p2b: Maushold|move: Protect\n|-damage|p2a: Landorus|73\/100\n|move|p1b: Ogerpon|Ivy Cudgel|p2a: Landorus|[anim] Ivy Cudgel Water\n|-supereffective|p2a: Landorus\n|-damage|p2a: Landorus|0 fnt\n|faint|p2a: Landorus\n|\n|upkeep\n|\n|t:|1700501718\n|switch|p2a: Chien-Pao|Chien-Pao, L50|100\/100\n|-ability|p2a: Chien-Pao|Sword of Ruin\n|turn|3\n|\n|t:|1700501767\n|move|p1b: Ogerpon|Spiky Shield|p1b: Ogerpon\n|-singleturn|p1b: Ogerpon|move: Protect\n|move|p2b: Maushold|Follow Me|p2b: Maushold\n|-singleturn|p2b: Maushold|move: Follow Me\n|move|p2a: Chien-Pao|Crunch|p1a: Arcanine\n|-damage|p1a: Arcanine|27\/100\n|move|p1a: Arcanine|Rock Slide|p2a: Chien-Pao|[spread] p2a,p2b\n|-supereffective|p2a: Chien-Pao\n|-damage|p2a: Chien-Pao|42\/100\n|-damage|p2b: Maushold|0 fnt\n|faint|p2b: Maushold\n|\n|upkeep\n|\n|t:|1700501779\n|switch|p2b: Gholdengo|Gholdengo, L50|100\/100\n|turn|4\n|\n|t:|1700501809\n|move|p2a: Chien-Pao|Crunch|p1a: Arcanine\n|-damage|p1a: Arcanine|0 fnt\n|faint|p1a: Arcanine\n|move|p2b: Gholdengo|Thunderbolt|p1b: Ogerpon\n|-supereffective|p1b: Ogerpon\n|-damage|p1b: Ogerpon|5\/100\n|move|p1b: Ogerpon|Ivy Cudgel|p2b: Gholdengo|[anim] Ivy Cudgel Water\n|-crit|p2b: Gholdengo\n|-damage|p2b: Gholdengo|0 fnt\n|faint|p2b: Gholdengo\n|\n|upkeep\n|\n|t:|1700501817\n|switch|p1a: Chien-Pao|Chien-Pao, L50|100\/100\n|-ability|p1a: Chien-Pao|Sword of Ruin\n|turn|5\n|-message|Oshi no Ogerpon forfeited.\n|\n|win|That_Leek\n|raw|That_Leek's rating: 1615 &rarr; <strong>1639<\/strong><br \/>(+24 for winning)\n|raw|Oshi no Ogerpon's rating: 1685 &rarr; <strong>1661<\/strong><br \/>(-24 for losing)\n|l|\u2606Oshi no Ogerpon\n|l| Method Tester 2\n","uploadtime":1700501831,"views":2,"p1id":"thatleek","p2id":"oshinoogerpon","formatid":"gen9vgc2023regulatione","rating":1639,"private":0,"password":""}