{"id":"gen9vgc2023regulatione-1995948855","p1":"5Sscreen","p2":"Trreesssh","format":"[Gen 9] VGC 2023 Regulation E","log":"|j|\u26065Sscreen\n|j|\u2606Trreesssh\n|t:|1700620888\n|gametype|doubles\n|player|p1|5Sscreen|pokekid|1249\n|player|p2|Trreesssh|170|1186\n|teamsize|p1|6\n|teamsize|p2|6\n|gen|9\n|tier|[Gen 9] VGC 2023 Regulation E\n|rated|\n|rule|Species Clause: Limit one of each Pok\u00e9mon\n|rule|Item Clause: Limit one of each item\n|clearpoke\n|poke|p1|Ninetales-Alola, L50, M|\n|poke|p1|Iron Bundle, L50|\n|poke|p1|Dondozo, L50, M|\n|poke|p1|Tatsugiri, L50, M|\n|poke|p1|Cresselia, L50, F|\n|poke|p1|Ursaluna, L50, M|\n|poke|p2|Glimmora, L50, F|\n|poke|p2|Iron Bundle, L50|\n|poke|p2|Dondozo, L50, M|\n|poke|p2|Dragonite, L50, M|\n|poke|p2|Tatsugiri, L50, F|\n|poke|p2|Chi-Yu, L50|\n|teampreview|4\n|\n|t:|1700620918\n|start\n|switch|p1a: \u72d0\u547c\u72d0|Ninetales-Alola, L50, M, shiny|100\/100\n|switch|p1b: \u6211\u6bd4\u7ffc\u6cd5\u9084\u5feb|Iron Bundle, L50, shiny|100\/100\n|switch|p2a: Glimmora|Glimmora, L50, F|100\/100\n|switch|p2b: Dragonite|Dragonite, L50, M|100\/100\n|-weather|Snow|[from] ability: Snow Warning|[of] p1a: \u72d0\u547c\u72d0\n|turn|1\n|\n|t:|1700620953\n|-terastallize|p2b: Dragonite|Normal\n|move|p2b: Dragonite|Extreme Speed|p1a: \u72d0\u547c\u72d0\n|-crit|p1a: \u72d0\u547c\u72d0\n|-damage|p1a: \u72d0\u547c\u72d0|11\/100\n|move|p1b: \u6211\u6bd4\u7ffc\u6cd5\u9084\u5feb|Blizzard|p2a: Glimmora|[spread] p2a,p2b\n|-damage|p2a: Glimmora|59\/100\n|-damage|p2b: Dragonite|70\/100\n|move|p1a: \u72d0\u547c\u72d0|Aurora Veil|p1a: \u72d0\u547c\u72d0\n|-sidestart|p1: 5Sscreen|move: Aurora Veil\n|move|p2a: Glimmora|Mortal Spin|p1b: \u6211\u6bd4\u7ffc\u6cd5\u9084\u5feb|[spread] p1a,p1b\n|-supereffective|p1a: \u72d0\u547c\u72d0\n|-damage|p1a: \u72d0\u547c\u72d0|6\/100\n|-damage|p1b: \u6211\u6bd4\u7ffc\u6cd5\u9084\u5feb|98\/100\n|-status|p1a: \u72d0\u547c\u72d0|psn\n|-status|p1b: \u6211\u6bd4\u7ffc\u6cd5\u9084\u5feb|psn\n|\n|-weather|Snow|[upkeep]\n|-damage|p1b: \u6211\u6bd4\u7ffc\u6cd5\u9084\u5feb|86\/100 psn|[from] psn\n|-damage|p1a: \u72d0\u547c\u72d0|0 fnt|[from] psn\n|faint|p1a: \u72d0\u547c\u72d0\n|upkeep\n|\n|t:|1700620970\n|switch|p1a: \u4f86\u5a01\u5687\u6211\u554a|Dondozo, L50, M, shiny|100\/100\n|turn|2\n|\n|t:|1700620983\n|-end|p1b: \u6211\u6bd4\u7ffc\u6cd5\u9084\u5feb|Quark Drive|[silent]\n|switch|p1b: \u6211\u4f86\u7d20\u8cea\u7d20\u8cea|Tatsugiri, L50, M, shiny|100\/100\n|-activate|p1b: \u6211\u4f86\u7d20\u8cea\u7d20\u8cea|ability: Commander|[of] p1a: \u4f86\u5a01\u5687\u6211\u554a\n|-boost|p1a: \u4f86\u5a01\u5687\u6211\u554a|atk|2\n|-boost|p1a: \u4f86\u5a01\u5687\u6211\u554a|spa|2\n|-boost|p1a: \u4f86\u5a01\u5687\u6211\u554a|spe|2\n|-boost|p1a: \u4f86\u5a01\u5687\u6211\u554a|def|2\n|-boost|p1a: \u4f86\u5a01\u5687\u6211\u554a|spd|2\n|switch|p2b: Dondozo|Dondozo, L50, M|100\/100\n|move|p1a: \u4f86\u5a01\u5687\u6211\u554a|Earthquake|p2b: Dondozo|[spread] p2a,p2b\n|-miss|p1a: \u4f86\u5a01\u5687\u6211\u554a|p1b: \u6211\u4f86\u7d20\u8cea\u7d20\u8cea\n|-supereffective|p2a: Glimmora\n|-damage|p2a: Glimmora|0 fnt\n|-damage|p2b: Dondozo|66\/100\n|-activate|p2a: Glimmora|ability: Toxic Debris\n|-sidestart|p1: 5Sscreen|move: Toxic Spikes\n|faint|p2a: Glimmora\n|\n|-weather|Snow|[upkeep]\n|-heal|p2b: Dondozo|72\/100|[from] item: Leftovers\n|upkeep\n|\n|t:|1700621003\n|switch|p2a: Tatsugiri|Tatsugiri, L50, F|100\/100\n|-activate|p2a: Tatsugiri|ability: Commander|[of] p2b: Dondozo\n|-boost|p2b: Dondozo|atk|2\n|-boost|p2b: Dondozo|spa|2\n|-boost|p2b: Dondozo|spe|2\n|-boost|p2b: Dondozo|def|2\n|-boost|p2b: Dondozo|spd|2\n|turn|3\n|\n|t:|1700621019\n|move|p2b: Dondozo|Protect|p2b: Dondozo\n|-singleturn|p2b: Dondozo|Protect\n|move|p1a: \u4f86\u5a01\u5687\u6211\u554a|Order Up|p2b: Dondozo\n|-activate|p2b: Dondozo|move: Protect\n|\n|-weather|Snow|[upkeep]\n|-heal|p2b: Dondozo|78\/100|[from] item: Leftovers\n|upkeep\n|turn|4\n|\n|t:|1700621032\n|move|p2b: Dondozo|Substitute|p2b: Dondozo\n|-start|p2b: Dondozo|Substitute\n|-damage|p2b: Dondozo|54\/100\n|move|p1a: \u4f86\u5a01\u5687\u6211\u554a|Order Up|p2b: Dondozo\n|-end|p2b: Dondozo|Substitute\n|-boost|p1a: \u4f86\u5a01\u5687\u6211\u554a|atk|1\n|\n|-weather|Snow|[upkeep]\n|-heal|p2b: Dondozo|60\/100|[from] item: Leftovers\n|upkeep\n|turn|5\n|\n|t:|1700621044\n|move|p2b: Dondozo|Earthquake|p1b: \u6211\u4f86\u7d20\u8cea\u7d20\u8cea|[spread] p1a\n|-miss|p2b: Dondozo|p2a: Tatsugiri\n|-miss|p2b: Dondozo|p1b: \u6211\u4f86\u7d20\u8cea\u7d20\u8cea\n|-damage|p1a: \u4f86\u5a01\u5687\u6211\u554a|96\/100\n|move|p1a: \u4f86\u5a01\u5687\u6211\u554a|Order Up|p2b: Dondozo\n|-crit|p2b: Dondozo\n|-damage|p2b: Dondozo|0 fnt\n|faint|p2b: Dondozo\n|-boost|p1a: \u4f86\u5a01\u5687\u6211\u554a|atk|1\n|\n|-weather|none\n|upkeep\n|\n|t:|1700621056\n|switch|p2b: Dragonite|Dragonite, L50, M, tera:Normal|70\/100\n|turn|6\n|\n|t:|1700621092\n|move|p2b: Dragonite|Extreme Speed|p1a: \u4f86\u5a01\u5687\u6211\u554a\n|-damage|p1a: \u4f86\u5a01\u5687\u6211\u554a|79\/100\n|move|p2a: Tatsugiri|Muddy Water|p1b: \u6211\u4f86\u7d20\u8cea\u7d20\u8cea|[spread] p1a\n|-miss|p2a: Tatsugiri|p1b: \u6211\u4f86\u7d20\u8cea\u7d20\u8cea\n|-resisted|p1a: \u4f86\u5a01\u5687\u6211\u554a\n|-damage|p1a: \u4f86\u5a01\u5687\u6211\u554a|72\/100\n|move|p1a: \u4f86\u5a01\u5687\u6211\u554a|Earthquake|p2a: Tatsugiri|[spread] p2a,p2b\n|-miss|p1a: \u4f86\u5a01\u5687\u6211\u554a|p1b: \u6211\u4f86\u7d20\u8cea\u7d20\u8cea\n|-damage|p2a: Tatsugiri|0 fnt\n|-damage|p2b: Dragonite|0 fnt\n|faint|p2a: Tatsugiri\n|faint|p2b: Dragonite\n|\n|win|5Sscreen\n|raw|5Sscreen's rating: 1249 &rarr; <strong>1270<\/strong><br \/>(+21 for winning)\n|raw|Trreesssh's rating: 1186 &rarr; <strong>1165<\/strong><br \/>(-21 for losing)\n","uploadtime":1700621106,"views":9,"p1id":"5sscreen","p2id":"trreesssh","formatid":"gen9vgc2023regulatione","rating":1165,"private":0,"password":""}