{"id":"gen9vgc2023regulatione-1995669432","p1":"Profesor Turo","p2":"Flyg00n","format":"[Gen 9] VGC 2023 Regulation E","log":"|j|\u2606Profesor Turo\n|j|\u2606Flyg00n\n|t:|1700592432\n|gametype|doubles\n|player|p1|Profesor Turo|turo-ai|1068\n|player|p2|Flyg00n|bugsy|1105\n|teamsize|p1|6\n|teamsize|p2|6\n|gen|9\n|tier|[Gen 9] VGC 2023 Regulation E\n|rated|\n|rule|Species Clause: Limit one of each Pok\u00e9mon\n|rule|Item Clause: Limit one of each item\n|clearpoke\n|poke|p1|Zorua-Hisui, L50, M|\n|poke|p1|Ogerpon-Wellspring, L50, F|\n|poke|p1|Heatran, L50, F|\n|poke|p1|Ninetales-Alola, L50, F|\n|poke|p1|Spectrier, L50|\n|poke|p1|Iron Hands, L50|\n|poke|p2|Espeon, L50, M|\n|poke|p2|Kommo-o, L50, F|\n|poke|p2|Clefairy, L50, M|\n|poke|p2|Landorus-Therian, L50, M|\n|poke|p2|Sinistcha, L50|\n|poke|p2|Grimmsnarl, L50, M|\n|teampreview|4\n|inactive|Battle timer is ON: inactive players will automatically lose when time's up. (requested by Profesor Turo)\n|inactive|Flyg00n has 60 seconds left.\n|\n|t:|1700592488\n|start\n|switch|p1a: Ninetales|Ninetales-Alola, L50, F|100\/100\n|switch|p1b: Spectrier|Spectrier, L50|100\/100\n|switch|p2a: Grimmsnarl|Grimmsnarl, L50, M|100\/100\n|switch|p2b: Landorus|Landorus-Therian, L50, M|100\/100\n|-weather|Snow|[from] ability: Snow Warning|[of] p1a: Ninetales\n|-ability|p2b: Landorus|Intimidate|boost\n|-unboost|p1a: Ninetales|atk|1\n|-unboost|p1b: Spectrier|atk|1\n|turn|1\n|\n|t:|1700592507\n|move|p2a: Grimmsnarl|Light Screen|p2a: Grimmsnarl\n|-sidestart|p2: Flyg00n|move: Light Screen\n|move|p1a: Ninetales|Aurora Veil|p1a: Ninetales\n|-sidestart|p1: Profesor Turo|move: Aurora Veil\n|move|p2b: Landorus|Rock Slide|p1b: Spectrier|[spread] p1a,p1b\n|-supereffective|p1a: Ninetales\n|-damage|p1a: Ninetales|78\/100\n|-damage|p1b: Spectrier|81\/100\n|replace|p1b: Zorua|Zorua-Hisui, L50, M, shiny\n|-end|p1b: Zorua|Illusion\n|move|p1b: Zorua|Taunt|p2a: Grimmsnarl\n|-start|p2a: Grimmsnarl|move: Taunt\n|\n|-weather|Snow|[upkeep]\n|upkeep\n|turn|2\n|inactive|Flyg00n has 30 seconds left.\n|inactive|Flyg00n has 20 seconds left.\n|inactive|Flyg00n has 15 seconds left.\n|inactive|Flyg00n has 10 seconds left.\n|\n|t:|1700592554\n|move|p1a: Ninetales|Moonblast|p2a: Grimmsnarl\n|-supereffective|p2a: Grimmsnarl\n|-crit|p2a: Grimmsnarl\n|-damage|p2a: Grimmsnarl|23\/100\n|move|p2b: Landorus|U-turn|p1a: Ninetales\n|-resisted|p1a: Ninetales\n|-damage|p1a: Ninetales|71\/100\n|\n|t:|1700592569\n|switch|p2b: Kommo-o|Kommo-o, L50, F|100\/100|[from] U-turn\n|move|p1b: Zorua|Bitter Malice|p2b: Kommo-o\n|-damage|p2b: Kommo-o|87\/100\n|-unboost|p2b: Kommo-o|atk|1\n|move|p2a: Grimmsnarl|Spirit Break|p1a: Ninetales\n|-damage|p1a: Ninetales|56\/100\n|-unboost|p1a: Ninetales|spa|1\n|\n|-weather|Snow|[upkeep]\n|upkeep\n|turn|3\n|inactive|Profesor Turo has 30 seconds left.\n|inactive|Flyg00n has 30 seconds left.\n|inactive|Profesor Turo has 20 seconds left.\n|\n|t:|1700592605\n|switch|p2a: Landorus|Landorus-Therian, L50, M|100\/100\n|-ability|p2a: Landorus|Intimidate|boost\n|-unboost|p1a: Ninetales|atk|1\n|-unboost|p1b: Zorua|atk|1\n|-terastallize|p2b: Kommo-o|Fire\n|move|p1a: Ninetales|Moonblast|p2a: Landorus\n|-crit|p2a: Landorus\n|-damage|p2a: Landorus|69\/100\n|move|p2b: Kommo-o|Clangorous Soul|p2b: Kommo-o\n|-boost|p2b: Kommo-o|atk|1\n|-boost|p2b: Kommo-o|def|1\n|-boost|p2b: Kommo-o|spa|1\n|-boost|p2b: Kommo-o|spd|1\n|-boost|p2b: Kommo-o|spe|1\n|-damage|p2b: Kommo-o|54\/100\n|-enditem|p2b: Kommo-o|Throat Spray\n|-boost|p2b: Kommo-o|spa|1|[from] item: Throat Spray\n|move|p1b: Zorua|Snarl|p2a: Landorus|[spread] p2a,p2b\n|-damage|p2a: Landorus|65\/100\n|-damage|p2b: Kommo-o|51\/100\n|-unboost|p2a: Landorus|spa|1\n|-unboost|p2b: Kommo-o|spa|1\n|\n|-weather|Snow|[upkeep]\n|upkeep\n|turn|4\n|inactive|Flyg00n has 30 seconds left.\n|\n|t:|1700592637\n|move|p1a: Ninetales|Icy Wind|p2b: Kommo-o|[spread] p2a,p2b\n|-supereffective|p2a: Landorus\n|-resisted|p2b: Kommo-o\n|-damage|p2a: Landorus|48\/100\n|-damage|p2b: Kommo-o|49\/100\n|-unboost|p2a: Landorus|spe|1\n|-unboost|p2b: Kommo-o|spe|1\n|move|p2b: Kommo-o|Flash Cannon|p1a: Ninetales\n|-supereffective|p1a: Ninetales\n|-damage|p1a: Ninetales|0 fnt\n|faint|p1a: Ninetales\n|move|p1b: Zorua|Snarl|p2b: Kommo-o|[spread] p2a,p2b\n|-damage|p2a: Landorus|43\/100\n|-damage|p2b: Kommo-o|46\/100\n|-unboost|p2a: Landorus|spa|1\n|-unboost|p2b: Kommo-o|spa|1\n|move|p2a: Landorus|Stomping Tantrum|p1b: Zorua\n|-damage|p1b: Zorua|48\/100\n|\n|-weather|Snow|[upkeep]\n|upkeep\n|\n|t:|1700592646\n|switch|p1a: Spectrier|Spectrier, L50|100\/100\n|turn|5\n|inactive|Profesor Turo has 30 seconds left.\n|\n|t:|1700592671\n|-terastallize|p1a: Spectrier|Fairy\n|move|p1a: Spectrier|Nasty Plot|p1a: Spectrier\n|-boost|p1a: Spectrier|spa|2\n|move|p2b: Kommo-o|Clanging Scales|p1a: Spectrier|[spread] p1b\n|-immune|p1a: Spectrier\n|-damage|p1b: Zorua|10\/100\n|-unboost|p2b: Kommo-o|def|1\n|move|p1b: Zorua|Snarl|p2a: Landorus|[spread] p2a,p2b\n|-damage|p2a: Landorus|38\/100\n|-damage|p2b: Kommo-o|42\/100\n|-unboost|p2a: Landorus|spa|1\n|-unboost|p2b: Kommo-o|spa|1\n|move|p2a: Landorus|Rock Slide|p1a: Spectrier|[spread] p1b\n|-miss|p2a: Landorus|p1a: Spectrier\n|-damage|p1b: Zorua|0 fnt\n|faint|p1b: Zorua\n|\n|-weather|none\n|upkeep\n|\n|t:|1700592683\n|switch|p1b: Heatran|Heatran, L50, F|100\/100\n|turn|6\n|\n|t:|1700592700\n|move|p1a: Spectrier|Shadow Ball|p2a: Landorus\n|-damage|p2a: Landorus|0 fnt\n|faint|p2a: Landorus\n|-ability|p1a: Spectrier|Grim Neigh|boost\n|-boost|p1a: Spectrier|spa|1\n|move|p1b: Heatran|Earth Power|p2b: Kommo-o\n|-supereffective|p2b: Kommo-o\n|-damage|p2b: Kommo-o|13\/100\n|move|p2b: Kommo-o|Flash Cannon|p1a: Spectrier\n|-supereffective|p1a: Spectrier\n|-damage|p1a: Spectrier|73\/100\n|-unboost|p1a: Spectrier|spd|1\n|\n|upkeep\n|\n|t:|1700592719\n|switch|p2a: Grimmsnarl|Grimmsnarl, L50, M|23\/100\n|turn|7\n|inactive|Flyg00n has 30 seconds left.\n|\n|t:|1700592749\n|move|p2a: Grimmsnarl|Parting Shot|p1b: Heatran\n|-unboost|p1b: Heatran|atk|1\n|-unboost|p1b: Heatran|spa|1\n|\n|t:|1700592753\n|switch|p2a: Espeon|Espeon, L50, M|100\/100|[from] Parting Shot\n|move|p1a: Spectrier|Draining Kiss|p2a: Espeon\n|-damage|p2a: Espeon|50\/100\n|-heal|p1a: Spectrier|100\/100|[from] drain|[of] p2a: Espeon\n|-enditem|p2a: Espeon|Sitrus Berry|[eat]\n|-heal|p2a: Espeon|75\/100|[from] item: Sitrus Berry\n|move|p1b: Heatran|Earth Power|p2b: Kommo-o\n|-supereffective|p2b: Kommo-o\n|-damage|p2b: Kommo-o|0 fnt\n|faint|p2b: Kommo-o\n|\n|upkeep\n|-message|Flyg00n forfeited.\n|\n|win|Profesor Turo\n|raw|Profesor Turo's rating: 1068 &rarr; <strong>1101<\/strong><br \/>(+33 for winning)\n|raw|Flyg00n's rating: 1105 &rarr; <strong>1077<\/strong><br \/>(-28 for losing)\n|l|\u2606Flyg00n\n","uploadtime":1700592771,"views":0,"p1id":"profesorturo","p2id":"flyg00n","formatid":"gen9vgc2023regulatione","rating":1077,"private":0,"password":""}