{"id":"gen9vgc2023regulatione-1993946098","p1":"aye44uje","p2":"not a sun","format":"[Gen 9] VGC 2023 Regulation E","log":"|j|\u2606aye44uje\n|j|\u2606not a sun\n|t:|1700380434\n|gametype|doubles\n|player|p1|aye44uje|169|1209\n|player|p2|not a sun|169|1185\n|teamsize|p1|6\n|teamsize|p2|6\n|gen|9\n|tier|[Gen 9] VGC 2023 Regulation E\n|rated|\n|rule|Species Clause: Limit one of each Pok\u00e9mon\n|rule|Item Clause: Limit one of each item\n|clearpoke\n|poke|p1|Moltres-Galar, L50|\n|poke|p1|Arcanine-Hisui, L50, F|\n|poke|p1|Munkidori, L50, M|\n|poke|p1|Sinistcha, L50|\n|poke|p1|Grimmsnarl, L50, M|\n|poke|p1|Milotic, L50, M|\n|poke|p2|Chi-Yu, L50|\n|poke|p2|Urshifu-*, L50, F|\n|poke|p2|Ursaluna, L50, F|\n|poke|p2|Cresselia, L50, F|\n|poke|p2|Flutter Mane, L50|\n|poke|p2|Vikavolt, L50, M|\n|teampreview|4\n|\n|t:|1700380498\n|start\n|switch|p1a: Munkidori|Munkidori, L50, M|100\/100\n|switch|p1b: Moltres|Moltres-Galar, L50|100\/100\n|switch|p2a: Flutter Mane|Flutter Mane, L50|100\/100\n|switch|p2b: Cresselia|Cresselia, L50, F|100\/100\n|-item|p2a: Flutter Mane|Focus Sash|[from] ability: Frisk|[of] p1a: Munkidori|[identify]\n|-item|p2b: Cresselia|Mental Herb|[from] ability: Frisk|[of] p1a: Munkidori|[identify]\n|turn|1\n|inactive|Battle timer is ON: inactive players will automatically lose when time's up. (requested by not a sun)\n|inactive|not a sun has 60 seconds left.\n|\n|t:|1700380571\n|-terastallize|p2a: Flutter Mane|Fairy\n|-terastallize|p1b: Moltres|Poison\n|move|p1a: Munkidori|Fake Out|p2b: Cresselia\n|-damage|p2b: Cresselia|97\/100\n|move|p2a: Flutter Mane|Moonblast|p1b: Moltres\n|-resisted|p1b: Moltres\n|-damage|p1b: Moltres|77\/100\n|-unboost|p1b: Moltres|spa|1\n|move|p1b: Moltres|Nasty Plot|p1b: Moltres\n|-boost|p1b: Moltres|spa|2\n|cant|p2b: Cresselia|flinch\n|\n|upkeep\n|turn|2\n|inactive|aye44uje has 30 seconds left.\n|inactive|not a sun has 30 seconds left.\n|inactive|not a sun has 20 seconds left.\n|inactive|not a sun has 15 seconds left.\n|inactive|not a sun has 10 seconds left.\n|inactive|not a sun has 5 seconds left.\n|\n|t:|1700380621\n|-end|p2a: Flutter Mane|Protosynthesis|[silent]\n|switch|p2a: Ursaluna|Ursaluna, L50, F|100\/100\n|move|p1a: Munkidori|Sludge Bomb|p2a: Ursaluna\n|-resisted|p2a: Ursaluna\n|-damage|p2a: Ursaluna|82\/100\n|move|p1b: Moltres|Fiery Wrath|p2a: Ursaluna|[spread] p2a,p2b\n|-supereffective|p2b: Cresselia\n|-damage|p2a: Ursaluna|43\/100\n|-damage|p2b: Cresselia|30\/100\n|move|p2b: Cresselia|Trick Room|p2b: Cresselia\n|-fieldstart|move: Trick Room|[of] p2b: Cresselia\n|\n|-status|p2a: Ursaluna|brn|[from] item: Flame Orb\n|upkeep\n|turn|3\n|inactive|aye44uje has 30 seconds left.\n|\n|t:|1700380654\n|move|p1b: Moltres|Protect|p1b: Moltres\n|-singleturn|p1b: Moltres|Protect\n|move|p2a: Ursaluna|High Horsepower|p1b: Moltres\n|-activate|p1b: Moltres|move: Protect\n|move|p2b: Cresselia|Lunar Blessing|p2b: Cresselia|[spread] p2a,p2b\n|-heal|p2a: Ursaluna|68\/100 brn\n|-curestatus|p2a: Ursaluna|brn|[msg]\n|-heal|p2b: Cresselia|55\/100\n|move|p1a: Munkidori|Parting Shot|p2a: Ursaluna\n|-unboost|p2a: Ursaluna|atk|1\n|-unboost|p2a: Ursaluna|spa|1\n|\n|t:|1700380670\n|switch|p1a: Arcanine|Arcanine-Hisui, L50, F|100\/100|[from] Parting Shot\n|-ability|p1a: Arcanine|Intimidate|boost\n|-unboost|p2a: Ursaluna|atk|1\n|-unboost|p2b: Cresselia|atk|1\n|\n|-status|p2a: Ursaluna|brn|[from] item: Flame Orb\n|upkeep\n|turn|4\n|inactive|aye44uje has 30 seconds left.\n|\n|t:|1700380697\n|switch|p1a: Munkidori|Munkidori, L50, M|100\/100\n|-item|p2a: Ursaluna|Flame Orb|[from] ability: Frisk|[of] p1a: Munkidori|[identify]\n|-item|p2b: Cresselia|Mental Herb|[from] ability: Frisk|[of] p1a: Munkidori|[identify]\n|move|p2a: Ursaluna|High Horsepower|p1b: Moltres\n|-supereffective|p1b: Moltres\n|-damage|p1b: Moltres|0 fnt\n|faint|p1b: Moltres\n|move|p2b: Cresselia|Lunar Blessing|p2b: Cresselia|[spread] p2a,p2b\n|-heal|p2a: Ursaluna|92\/100 brn\n|-curestatus|p2a: Ursaluna|brn|[msg]\n|-heal|p2b: Cresselia|80\/100\n|\n|-status|p2a: Ursaluna|brn|[from] item: Flame Orb\n|upkeep\n|\n|t:|1700380715\n|switch|p1b: Arcanine|Arcanine-Hisui, L50, F|100\/100\n|-ability|p1b: Arcanine|Intimidate|boost\n|-unboost|p2a: Ursaluna|atk|1\n|-unboost|p2b: Cresselia|atk|1\n|turn|5\n|\n|t:|1700380738\n|move|p1a: Munkidori|Fake Out|p2a: Ursaluna\n|-damage|p2a: Ursaluna|87\/100 brn\n|cant|p2a: Ursaluna|flinch\n|move|p2b: Cresselia|Lunar Blessing|p2b: Cresselia|[spread] p2a,p2b\n|-heal|p2a: Ursaluna|100\/100 brn\n|-curestatus|p2a: Ursaluna|brn|[msg]\n|-heal|p2b: Cresselia|100\/100\n|move|p1b: Arcanine|Flare Blitz|p2a: Ursaluna\n|-damage|p2a: Ursaluna|57\/100\n|-damage|p1b: Arcanine|83\/100|[from] Recoil\n|\n|-status|p2a: Ursaluna|brn|[from] item: Flame Orb\n|upkeep\n|turn|6\n|inactive|aye44uje has 30 seconds left.\n|inactive|not a sun has 30 seconds left.\n|\n|t:|1700380772\n|switch|p2a: Flutter Mane|Flutter Mane, L50, tera:Fairy|100\/100\n|switch|p1b: Sinistcha|Sinistcha, L50|100\/100\n|move|p2b: Cresselia|Psyshock|p1a: Munkidori\n|-damage|p1a: Munkidori|68\/100\n|move|p1a: Munkidori|Parting Shot|p2a: Flutter Mane\n|-unboost|p2a: Flutter Mane|atk|1\n|-unboost|p2a: Flutter Mane|spa|1\n|\n|t:|1700380789\n|switch|p1a: Arcanine|Arcanine-Hisui, L50, F|83\/100|[from] Parting Shot\n|-ability|p1a: Arcanine|Intimidate|boost\n|-unboost|p2a: Flutter Mane|atk|1\n|-unboost|p2b: Cresselia|atk|1\n|\n|-fieldend|move: Trick Room\n|upkeep\n|turn|7\n|\n|t:|1700380806\n|move|p2b: Cresselia|Helping Hand|p2a: Flutter Mane\n|-singleturn|p2a: Flutter Mane|Helping Hand|[of] p2b: Cresselia\n|move|p2a: Flutter Mane|Shadow Ball|p1b: Sinistcha\n|-supereffective|p1b: Sinistcha\n|-damage|p1b: Sinistcha|17\/100\n|move|p1a: Arcanine|Flare Blitz|p2a: Flutter Mane\n|-enditem|p2a: Flutter Mane|Focus Sash\n|-damage|p2a: Flutter Mane|1\/100\n|-damage|p1a: Arcanine|61\/100|[from] Recoil\n|move|p1b: Sinistcha|Matcha Gotcha|p2b: Cresselia|[spread] p2a,p2b\n|-damage|p2a: Flutter Mane|0 fnt\n|-heal|p1b: Sinistcha|18\/100|[from] drain|[of] p2a: Flutter Mane\n|-damage|p2b: Cresselia|86\/100\n|-heal|p1b: Sinistcha|27\/100|[from] drain|[of] p2b: Cresselia\n|faint|p2a: Flutter Mane\n|-end|p2a: Flutter Mane|Protosynthesis|[silent]\n|\n|upkeep\n|\n|t:|1700380830\n|switch|p2a: Ursaluna|Ursaluna, L50, F|57\/100 brn\n|turn|8\n|\n|t:|1700380850\n|move|p2a: Ursaluna|Protect|p2a: Ursaluna\n|-singleturn|p2a: Ursaluna|Protect\n|move|p1a: Arcanine|Flare Blitz|p2b: Cresselia\n|-damage|p2b: Cresselia|55\/100\n|-status|p2b: Cresselia|brn\n|-damage|p1a: Arcanine|49\/100|[from] Recoil\n|move|p2b: Cresselia|Psyshock|p1b: Sinistcha\n|-damage|p1b: Sinistcha|8\/100\n|move|p1b: Sinistcha|Matcha Gotcha|p2a: Ursaluna|[spread] p2b\n|-activate|p2a: Ursaluna|move: Protect\n|-damage|p2b: Cresselia|39\/100 brn\n|-heal|p1b: Sinistcha|19\/100|[from] drain|[of] p2b: Cresselia\n|\n|-damage|p2b: Cresselia|32\/100 brn|[from] brn\n|-damage|p2a: Ursaluna|51\/100 brn|[from] brn\n|upkeep\n|turn|9\n|inactive|aye44uje has 30 seconds left.\n|\n|t:|1700380878\n|move|p1a: Arcanine|Flare Blitz|p2b: Cresselia\n|-crit|p2b: Cresselia\n|-damage|p2b: Cresselia|0 fnt\n|faint|p2b: Cresselia\n|-damage|p1a: Arcanine|37\/100|[from] Recoil\n|move|p1b: Sinistcha|Life Dew|p1b: Sinistcha|[spread] p1a,p1b\n|-heal|p1a: Arcanine|62\/100\n|-heal|p1b: Sinistcha|44\/100\n|move|p2a: Ursaluna|High Horsepower|p1a: Arcanine\n|-supereffective|p1a: Arcanine\n|-damage|p1a: Arcanine|0 fnt\n|faint|p1a: Arcanine\n|\n|-damage|p2a: Ursaluna|45\/100 brn|[from] brn\n|upkeep\n|\n|t:|1700380895\n|switch|p1a: Munkidori|Munkidori, L50, M|68\/100\n|switch|p2b: Vikavolt|Vikavolt, L50, M|100\/100\n|-item|p2a: Ursaluna|Flame Orb|[from] ability: Frisk|[of] p1a: Munkidori|[identify]\n|-item|p2b: Vikavolt|Assault Vest|[from] ability: Frisk|[of] p1a: Munkidori|[identify]\n|turn|10\n|inactive|aye44uje has 30 seconds left.\n|inactive|not a sun has 30 seconds left.\n|\n|t:|1700380922\n|move|p1a: Munkidori|Fake Out|p2b: Vikavolt\n|-damage|p2b: Vikavolt|93\/100\n|move|p1b: Sinistcha|Matcha Gotcha|p2a: Ursaluna|[spread] p2a,p2b\n|-supereffective|p2a: Ursaluna\n|-resisted|p2b: Vikavolt\n|-damage|p2a: Ursaluna|5\/100 brn\n|-heal|p1b: Sinistcha|72\/100|[from] drain|[of] p2a: Ursaluna\n|-damage|p2b: Vikavolt|83\/100\n|-heal|p1b: Sinistcha|77\/100|[from] drain|[of] p2b: Vikavolt\n|move|p2a: Ursaluna|Ice Punch|p1b: Sinistcha\n|-supereffective|p1b: Sinistcha\n|-damage|p1b: Sinistcha|12\/100\n|-damage|p2a: Ursaluna|0 fnt|[from] item: Rocky Helmet|[of] p1b: Sinistcha\n|faint|p2a: Ursaluna\n|cant|p2b: Vikavolt|flinch\n|\n|upkeep\n|turn|11\n|inactive|aye44uje has 30 seconds left.\n|\n|t:|1700380950\n|move|p1a: Munkidori|Psychic|p2b: Vikavolt\n|-damage|p2b: Vikavolt|47\/100\n|move|p1b: Sinistcha|Life Dew|p1b: Sinistcha|[spread] p1a,p1b\n|-heal|p1a: Munkidori|93\/100\n|-heal|p1b: Sinistcha|37\/100\n|move|p2b: Vikavolt|Thunderbolt|p1a: Munkidori\n|-damage|p1a: Munkidori|32\/100\n|-status|p1a: Munkidori|par\n|\n|upkeep\n|turn|12\n|\n|t:|1700380970\n|move|p1b: Sinistcha|Life Dew|p1b: Sinistcha|[spread] p1a,p1b\n|-heal|p1a: Munkidori|57\/100 par\n|-heal|p1b: Sinistcha|62\/100\n|cant|p1a: Munkidori|par\n|move|p2b: Vikavolt|Bug Buzz|p1b: Sinistcha\n|-damage|p1b: Sinistcha|12\/100\n|\n|upkeep\n|turn|13\n|\n|t:|1700380983\n|move|p1b: Sinistcha|Life Dew|p1b: Sinistcha|[spread] p1a,p1b\n|-heal|p1a: Munkidori|82\/100 par\n|-heal|p1b: Sinistcha|37\/100\n|cant|p1a: Munkidori|par\n|move|p2b: Vikavolt|Thunderbolt|p1a: Munkidori\n|-damage|p1a: Munkidori|21\/100 par\n|\n|upkeep\n|turn|14\n|\n|t:|1700380993\n|move|p1b: Sinistcha|Life Dew|p1b: Sinistcha|[spread] p1a,p1b\n|-heal|p1a: Munkidori|46\/100 par\n|-heal|p1b: Sinistcha|62\/100\n|cant|p1a: Munkidori|par\n|move|p2b: Vikavolt|Thunderbolt|p1a: Munkidori\n|-damage|p1a: Munkidori|0 fnt\n|faint|p1a: Munkidori\n|\n|upkeep\n|turn|15\n|\n|t:|1700381008\n|move|p1b: Sinistcha|Matcha Gotcha|p2b: Vikavolt\n|-resisted|p2b: Vikavolt\n|-damage|p2b: Vikavolt|34\/100\n|-heal|p1b: Sinistcha|69\/100|[from] drain|[of] p2b: Vikavolt\n|move|p2b: Vikavolt|Bug Buzz|p1b: Sinistcha\n|-damage|p1b: Sinistcha|17\/100\n|\n|upkeep\n|turn|16\n|\n|t:|1700381019\n|move|p1b: Sinistcha|Matcha Gotcha|p2b: Vikavolt\n|-resisted|p2b: Vikavolt\n|-damage|p2b: Vikavolt|21\/100\n|-heal|p1b: Sinistcha|24\/100|[from] drain|[of] p2b: Vikavolt\n|-status|p2b: Vikavolt|brn\n|move|p2b: Vikavolt|Bug Buzz|p1b: Sinistcha\n|-damage|p1b: Sinistcha|0 fnt\n|faint|p1b: Sinistcha\n|\n|win|not a sun\n|raw|aye44uje's rating: 1209 &rarr; <strong>1182<\/strong><br \/>(-27 for losing)\n|raw|not a sun's rating: 1185 &rarr; <strong>1212<\/strong><br \/>(+27 for winning)\n|l|\u2606not a sun\n","uploadtime":1700381093,"views":30,"p1id":"aye44uje","p2id":"notasun","formatid":"gen9vgc2023regulatione","rating":1182,"private":0,"password":""}