{"id":"gen9vgc2023regulatione-1999993310","p1":"haamgamer07-T","p2":"Hrv1105020","format":"[Gen 9] VGC 2023 Regulation E","log":"|j|\u2606haamgamer07-T\n|j|\u2606Hrv1105020\n|t:|1701138745\n|gametype|doubles\n|player|p1|haamgamer07-T|169|1110\n|player|p2|Hrv1105020|volkner|1148\n|teamsize|p1|6\n|teamsize|p2|6\n|gen|9\n|tier|[Gen 9] VGC 2023 Regulation E\n|rated|\n|rule|Species Clause: Limit one of each Pok\u00e9mon\n|rule|Item Clause: Limit one of each item\n|clearpoke\n|poke|p1|Goodra-Hisui, L50, M|\n|poke|p1|Grimmsnarl, L50, M|\n|poke|p1|Landorus-Therian, L50, M|\n|poke|p1|Rillaboom, L50, M|\n|poke|p1|Urshifu-*, L50, M|\n|poke|p1|Heatran, L50, M|\n|poke|p2|Scizor, L50, M|\n|poke|p2|Scream Tail, L50|\n|poke|p2|Chien-Pao, L50|\n|poke|p2|Regieleki, L50|\n|poke|p2|Rillaboom, L50, M|\n|poke|p2|Landorus-Therian, L50, M|\n|teampreview|4\n|inactive|Battle timer is ON: inactive players will automatically lose when time's up. (requested by haamgamer07-T)\n|inactive|haamgamer07-T has 60 seconds left.\n|\n|t:|1701138798\n|start\n|switch|p1a: Landorus|Landorus-Therian, L50, M|100\/100\n|switch|p1b: Heatran|Heatran, L50, M|100\/100\n|switch|p2a: Scream Tail|Scream Tail, L50, shiny|100\/100\n|switch|p2b: Rillaboom|Rillaboom, L50, M, shiny|100\/100\n|-fieldstart|move: Grassy Terrain|[from] ability: Grassy Surge|[of] p2b: Rillaboom\n|-ability|p1a: Landorus|Intimidate|boost\n|-unboost|p2a: Scream Tail|atk|1\n|-unboost|p2b: Rillaboom|atk|1\n|-enditem|p2a: Scream Tail|Booster Energy\n|-activate|p2a: Scream Tail|ability: Protosynthesis|[fromitem]\n|-start|p2a: Scream Tail|protosynthesisspe\n|turn|1\n|inactive|Hrv1105020 has 30 seconds left.\n|\n|t:|1701138824\n|switch|p1a: Grimmsnarl|Grimmsnarl, L50, M|100\/100\n|-terastallize|p2a: Scream Tail|Poison\n|move|p1b: Heatran|Protect|p1b: Heatran\n|-singleturn|p1b: Heatran|Protect\n|move|p2b: Rillaboom|Fake Out|p1a: Grimmsnarl\n|-damage|p1a: Grimmsnarl|90\/100\n|move|p2a: Scream Tail|Howl|p2a: Scream Tail|[spread] p2a,p2b\n|-boost|p2a: Scream Tail|atk|1\n|-boost|p2b: Rillaboom|atk|1\n|\n|-heal|p1a: Grimmsnarl|96\/100|[from] Grassy Terrain\n|upkeep\n|turn|2\n|inactive|Hrv1105020 has 30 seconds left.\n|\n|t:|1701138853\n|switch|p1b: Landorus|Landorus-Therian, L50, M|100\/100\n|-ability|p1b: Landorus|Intimidate|boost\n|-unboost|p2a: Scream Tail|atk|1\n|-unboost|p2b: Rillaboom|atk|1\n|move|p1a: Grimmsnarl|Reflect|p1a: Grimmsnarl\n|-sidestart|p1: haamgamer07-T|Reflect\n|move|p2a: Scream Tail|Encore|p1a: Grimmsnarl\n|-start|p1a: Grimmsnarl|Encore\n|move|p2b: Rillaboom|High Horsepower|p1b: Landorus\n|-immune|p1b: Landorus\n|\n|-heal|p1a: Grimmsnarl|100\/100|[from] Grassy Terrain\n|upkeep\n|turn|3\n|inactive|haamgamer07-T has 30 seconds left.\n|\n|t:|1701138884\n|switch|p2b: Landorus|Landorus-Therian, L50, M|100\/100\n|-ability|p2b: Landorus|Intimidate|boost\n|-unboost|p1a: Grimmsnarl|atk|1\n|-unboost|p1b: Landorus|atk|1\n|move|p1a: Grimmsnarl|Reflect||[still]\n|-fail|p1a: Grimmsnarl\n|move|p2a: Scream Tail|Psychic Fangs|p1b: Landorus\n|-sideend|p1: haamgamer07-T|Reflect\n|-damage|p1b: Landorus|90\/100\n|move|p1b: Landorus|U-turn|p2b: Landorus\n|-resisted|p2b: Landorus\n|-damage|p2b: Landorus|91\/100\n|\n|t:|1701138899\n|switch|p1b: Goodra|Goodra-Hisui, L50, M|100\/100|[from] U-turn\n|\n|upkeep\n|turn|4\n|\n|t:|1701138919\n|switch|p1b: Landorus|Landorus-Therian, L50, M|90\/100\n|-ability|p1b: Landorus|Intimidate|boost\n|-unboost|p2a: Scream Tail|atk|1\n|-unboost|p2b: Landorus|atk|1\n|move|p1a: Grimmsnarl|Reflect|p1a: Grimmsnarl\n|-sidestart|p1: haamgamer07-T|Reflect\n|move|p2a: Scream Tail|Howl|p2a: Scream Tail|[spread] p2a,p2b\n|-boost|p2a: Scream Tail|atk|1\n|-boost|p2b: Landorus|atk|1\n|move|p2b: Landorus|U-turn|p1a: Grimmsnarl\n|-damage|p1a: Grimmsnarl|81\/100\n|\n|t:|1701138930\n|switch|p2b: Rillaboom|Rillaboom, L50, M, shiny|100\/100|[from] U-turn\n|\n|-heal|p1a: Grimmsnarl|87\/100|[from] Grassy Terrain\n|upkeep\n|turn|5\n|inactive|haamgamer07-T has 30 seconds left.\n|\n|t:|1701138957\n|switch|p1a: Heatran|Heatran, L50, M|100\/100\n|move|p2b: Rillaboom|Fake Out|p1b: Landorus\n|-damage|p1b: Landorus|81\/100\n|move|p2a: Scream Tail|Howl|p2a: Scream Tail|[spread] p2a,p2b\n|-boost|p2a: Scream Tail|atk|1\n|-boost|p2b: Rillaboom|atk|1\n|cant|p1b: Landorus|flinch\n|\n|-fieldend|move: Grassy Terrain\n|upkeep\n|turn|6\n|inactive|haamgamer07-T has 30 seconds left.\n|\n|t:|1701138984\n|switch|p1b: Grimmsnarl|Grimmsnarl, L50, M|87\/100\n|-terastallize|p1a: Heatran|Fairy\n|move|p2a: Scream Tail|Psychic Fangs|p1b: Grimmsnarl\n|-immune|p1b: Grimmsnarl\n|move|p2b: Rillaboom|High Horsepower|p1a: Heatran\n|-damage|p1a: Heatran|70\/100\n|move|p1a: Heatran|Heat Wave|p2b: Rillaboom|[spread] p2b\n|-miss|p1a: Heatran|p2a: Scream Tail\n|-supereffective|p2b: Rillaboom\n|-damage|p2b: Rillaboom|34\/100\n|-status|p2b: Rillaboom|brn\n|\n|-heal|p1a: Heatran|76\/100|[from] item: Leftovers\n|-damage|p2b: Rillaboom|28\/100 brn|[from] brn\n|upkeep\n|turn|7\n|inactive|Hrv1105020 has 30 seconds left.\n|inactive|Hrv1105020 has 20 seconds left.\n|inactive|Hrv1105020 has 15 seconds left.\n|inactive|Hrv1105020 has 10 seconds left.\n|inactive|Hrv1105020 has 5 seconds left.\n|\n|t:|1701139038\n|move|p1b: Grimmsnarl|Fake Out|p2a: Scream Tail\n|-damage|p2a: Scream Tail|91\/100\n|cant|p2a: Scream Tail|flinch\n|move|p2b: Rillaboom|High Horsepower|p1b: Grimmsnarl\n|-damage|p1b: Grimmsnarl|70\/100\n|move|p1a: Heatran|Heat Wave|p2b: Rillaboom|[spread] p2a,p2b\n|-supereffective|p2b: Rillaboom\n|-damage|p2a: Scream Tail|67\/100\n|-damage|p2b: Rillaboom|0 fnt\n|faint|p2b: Rillaboom\n|\n|-heal|p1a: Heatran|82\/100|[from] item: Leftovers\n|upkeep\n|\n|t:|1701139053\n|switch|p2b: Landorus|Landorus-Therian, L50, M|91\/100\n|-ability|p2b: Landorus|Intimidate|boost\n|-unboost|p1a: Heatran|atk|1\n|-unboost|p1b: Grimmsnarl|atk|1\n|turn|8\n|\n|t:|1701139069\n|move|p1b: Grimmsnarl|Parting Shot|p2b: Landorus\n|-unboost|p2b: Landorus|atk|1\n|-unboost|p2b: Landorus|spa|1\n|\n|t:|1701139073\n|switch|p1b: Landorus|Landorus-Therian, L50, M|81\/100|[from] Parting Shot\n|-ability|p1b: Landorus|Intimidate|boost\n|-unboost|p2a: Scream Tail|atk|1\n|-unboost|p2b: Landorus|atk|1\n|move|p2a: Scream Tail|Psychic Fangs|p1a: Heatran\n|-sideend|p1: haamgamer07-T|Reflect\n|-damage|p1a: Heatran|72\/100\n|move|p2b: Landorus|U-turn|p1b: Landorus\n|-resisted|p1b: Landorus\n|-damage|p1b: Landorus|74\/100\n|\n|t:|1701139084\n|switch|p2b: Chien-Pao|Chien-Pao, L50|100\/100|[from] U-turn\n|-ability|p2b: Chien-Pao|Sword of Ruin\n|move|p1a: Heatran|Heat Wave|p2a: Scream Tail|[spread] p2a,p2b\n|-supereffective|p2b: Chien-Pao\n|-damage|p2a: Scream Tail|40\/100\n|-enditem|p2b: Chien-Pao|Focus Sash\n|-damage|p2b: Chien-Pao|1\/100\n|\n|-heal|p1a: Heatran|78\/100|[from] item: Leftovers\n|upkeep\n|turn|9\n|\n|t:|1701139108\n|switch|p1b: Grimmsnarl|Grimmsnarl, L50, M|70\/100\n|move|p2b: Chien-Pao|Protect|p2b: Chien-Pao\n|-singleturn|p2b: Chien-Pao|Protect\n|move|p2a: Scream Tail|Howl|p2a: Scream Tail|[spread] p2a,p2b\n|-boost|p2a: Scream Tail|atk|1\n|-boost|p2b: Chien-Pao|atk|1\n|move|p1a: Heatran|Flash Cannon|p2b: Chien-Pao\n|-activate|p2b: Chien-Pao|move: Protect\n|\n|-heal|p1a: Heatran|84\/100|[from] item: Leftovers\n|upkeep\n|turn|10\n|inactive|Hrv1105020 has 30 seconds left.\n|\n|t:|1701139139\n|move|p1b: Grimmsnarl|Fake Out|p2a: Scream Tail\n|-damage|p2a: Scream Tail|28\/100\n|cant|p2a: Scream Tail|flinch\n|move|p2b: Chien-Pao|Icicle Crash|p1a: Heatran\n|-crit|p1a: Heatran\n|-damage|p1a: Heatran|0 fnt\n|faint|p1a: Heatran\n|\n|upkeep\n|\n|t:|1701139157\n|switch|p1a: Goodra|Goodra-Hisui, L50, M|100\/100\n|turn|11\n|\n|t:|1701139168\n|move|p1b: Grimmsnarl|Reflect|p1b: Grimmsnarl\n|-sidestart|p1: haamgamer07-T|Reflect\n|move|p2a: Scream Tail|Psychic Fangs|p1a: Goodra\n|-sideend|p1: haamgamer07-T|Reflect\n|-resisted|p1a: Goodra\n|-damage|p1a: Goodra|91\/100\n|-damage|p2a: Scream Tail|11\/100|[from] item: Rocky Helmet|[of] p1a: Goodra\n|move|p2b: Chien-Pao|Sacred Sword|p1a: Goodra\n|-supereffective|p1a: Goodra\n|-damage|p1a: Goodra|2\/100\n|-damage|p2b: Chien-Pao|0 fnt|[from] item: Rocky Helmet|[of] p1a: Goodra\n|faint|p2b: Chien-Pao\n|move|p1a: Goodra|Heavy Slam|p2a: Scream Tail\n|-damage|p2a: Scream Tail|0 fnt\n|faint|p2a: Scream Tail\n|-end|p2a: Scream Tail|Protosynthesis|[silent]\n|\n|upkeep\n|\n|t:|1701139185\n|switch|p2a: Landorus|Landorus-Therian, L50, M|91\/100\n|-ability|p2a: Landorus|Intimidate|boost\n|-unboost|p1a: Goodra|atk|1\n|-unboost|p1b: Grimmsnarl|atk|1\n|turn|12\n|\n|t:|1701139196\n|switch|p1a: Landorus|Landorus-Therian, L50, M|74\/100\n|-ability|p1a: Landorus|Intimidate|boost\n|-unboost|p2a: Landorus|atk|1\n|move|p1b: Grimmsnarl|Reflect|p1b: Grimmsnarl\n|-sidestart|p1: haamgamer07-T|Reflect\n|move|p2a: Landorus|Rock Slide|p1b: Grimmsnarl|[spread] p1a,p1b\n|-damage|p1a: Landorus|64\/100\n|-damage|p1b: Grimmsnarl|61\/100\n|\n|upkeep\n|turn|13\n|inactive|haamgamer07-T has 30 seconds left.\n|\n|t:|1701139222\n|move|p1b: Grimmsnarl|Fake Out||[still]\n|-hint|Fake Out only works on your first turn out.\n|-fail|p1b: Grimmsnarl\n|move|p2a: Landorus|Rock Slide|p1a: Landorus|[spread] p1a,p1b\n|-damage|p1a: Landorus|54\/100\n|-damage|p1b: Grimmsnarl|51\/100\n|cant|p1a: Landorus|flinch\n|\n|upkeep\n|turn|14\n|\n|t:|1701139240\n|move|p1b: Grimmsnarl|Fake Out||[still]\n|-hint|Fake Out only works on your first turn out.\n|-fail|p1b: Grimmsnarl\n|move|p2a: Landorus|Rock Slide|p1a: Landorus|[spread] p1b\n|-miss|p2a: Landorus|p1a: Landorus\n|-damage|p1b: Grimmsnarl|41\/100\n|move|p1a: Landorus|Tera Blast|p2a: Landorus\n|-damage|p2a: Landorus|68\/100\n|\n|upkeep\n|turn|15\n|\n|t:|1701139257\n|move|p1b: Grimmsnarl|Fake Out||[still]\n|-hint|Fake Out only works on your first turn out.\n|-fail|p1b: Grimmsnarl\n|move|p2a: Landorus|Rock Slide|p1a: Landorus|[spread] p1a,p1b\n|-damage|p1a: Landorus|44\/100\n|-damage|p1b: Grimmsnarl|31\/100\n|move|p1a: Landorus|Tera Blast|p2a: Landorus\n|-damage|p2a: Landorus|45\/100\n|\n|upkeep\n|turn|16\n|\n|t:|1701139271\n|move|p1b: Grimmsnarl|Fake Out||[still]\n|-hint|Fake Out only works on your first turn out.\n|-fail|p1b: Grimmsnarl\n|move|p2a: Landorus|Rock Slide|p1b: Grimmsnarl|[spread] p1a,p1b\n|-damage|p1a: Landorus|34\/100\n|-damage|p1b: Grimmsnarl|21\/100\n|move|p1a: Landorus|Tera Blast|p2a: Landorus\n|-damage|p2a: Landorus|20\/100\n|\n|upkeep\n|turn|17\n|\n|t:|1701139286\n|move|p1b: Grimmsnarl|Fake Out||[still]\n|-hint|Fake Out only works on your first turn out.\n|-fail|p1b: Grimmsnarl\n|move|p2a: Landorus|Rock Slide|p1b: Grimmsnarl|[spread] p1a,p1b\n|-damage|p1a: Landorus|24\/100\n|-damage|p1b: Grimmsnarl|10\/100\n|move|p1a: Landorus|Tera Blast|p2a: Landorus\n|-damage|p2a: Landorus|0 fnt\n|faint|p2a: Landorus\n|\n|win|haamgamer07-T\n|raw|haamgamer07-T's rating: 1110 &rarr; <strong>1138<\/strong><br \/>(+28 for winning)\n|raw|Hrv1105020's rating: 1148 &rarr; <strong>1120<\/strong><br \/>(-28 for losing)\n|l|\u2606Hrv1105020\n","uploadtime":1701139310,"views":1,"p1id":"haamgamer07t","p2id":"hrv1105020","formatid":"gen9vgc2023regulatione","rating":1120,"private":0,"password":""}