{"id":"gen9vgc2023regulatione-2000478450","p1":"Lurvas","p2":"UltraEra","format":"[Gen 9] VGC 2023 Regulation E","log":"|j|\u2606Lurvas\n|j|\u2606UltraEra\n|t:|1701198183\n|gametype|doubles\n|player|p1|Lurvas|alder|1254\n|player|p2|UltraEra|n|1228\n|teamsize|p1|6\n|teamsize|p2|6\n|gen|9\n|tier|[Gen 9] VGC 2023 Regulation E\n|rated|\n|rule|Species Clause: Limit one of each Pok\u00e9mon\n|rule|Item Clause: Limit one of each item\n|clearpoke\n|poke|p1|Urshifu-*, L50, M|\n|poke|p1|Rillaboom, L50, F|\n|poke|p1|Flutter Mane, L50|\n|poke|p1|Arcanine-Hisui, L50, M|\n|poke|p1|Chien-Pao, L50|\n|poke|p1|Tornadus, L50, M|\n|poke|p2|Urshifu-*, L50, M|\n|poke|p2|Regieleki, L50|\n|poke|p2|Tatsugiri, L50, M|\n|poke|p2|Flutter Mane, L50|\n|poke|p2|Dondozo, L50, M|\n|poke|p2|Chi-Yu, L50|\n|teampreview|4\nLurvas has agreed to open team sheets.\n|inactive|Battle timer is ON: inactive players will automatically lose when time's up. (requested by Lurvas)\n|\n|t:|1701198206\n|start\n|switch|p1a: Rillaboom|Rillaboom, L50, F|100\/100\n|switch|p1b: Arcanine|Arcanine-Hisui, L50, M|100\/100\n|switch|p2a: Chi-Yu|Chi-Yu, L50|100\/100\n|switch|p2b: Regieleki|Regieleki, L50, shiny|100\/100\n|-ability|p2a: Chi-Yu|Beads of Ruin\n|-ability|p1b: Arcanine|Intimidate|boost\n|-unboost|p2a: Chi-Yu|atk|1\n|-unboost|p2b: Regieleki|atk|1\n|-fieldstart|move: Grassy Terrain|[from] ability: Grassy Surge|[of] p1a: Rillaboom\n|turn|1\n|inactive|UltraEra has 30 seconds left.\n|\n|t:|1701198234\n|move|p2b: Regieleki|Protect|p2b: Regieleki\n|-singleturn|p2b: Regieleki|Protect\n|move|p1a: Rillaboom|Fake Out|p2a: Chi-Yu\n|-damage|p2a: Chi-Yu|79\/100\n|cant|p2a: Chi-Yu|flinch\n|move|p1b: Arcanine|Rock Slide|p2b: Regieleki|[spread] p2a\n|-activate|p2b: Regieleki|move: Protect\n|-supereffective|p2a: Chi-Yu\n|-damage|p2a: Chi-Yu|0 fnt\n|faint|p2a: Chi-Yu\n|\n|upkeep\n|\n|t:|1701198245\n|switch|p2a: Dondozo|Dondozo, L50, M, shiny|100\/100\n|turn|2\n|inactive|UltraEra has 30 seconds left.\n|inactive|UltraEra has 20 seconds left.\n|inactive|UltraEra has 15 seconds left.\n|\n|t:|1701198286\n|switch|p1b: Flutter Mane|Flutter Mane, L50|100\/100\n|-enditem|p1b: Flutter Mane|Booster Energy\n|-activate|p1b: Flutter Mane|ability: Protosynthesis|[fromitem]\n|-start|p1b: Flutter Mane|protosynthesisspe\n|-terastallize|p2a: Dondozo|Fairy\n|move|p2b: Regieleki|Electroweb|p1a: Rillaboom|[spread] p1a,p1b\n|-resisted|p1a: Rillaboom\n|-damage|p1a: Rillaboom|91\/100\n|-damage|p1b: Flutter Mane|76\/100\n|-unboost|p1a: Rillaboom|spe|1\n|-unboost|p1b: Flutter Mane|spe|1\n|move|p1a: Rillaboom|Drum Beating|p2a: Dondozo\n|-damage|p2a: Dondozo|64\/100\n|-unboost|p2a: Dondozo|spe|1\n|move|p2a: Dondozo|Substitute|p2a: Dondozo\n|-start|p2a: Dondozo|Substitute\n|-damage|p2a: Dondozo|39\/100\n|\n|-heal|p1b: Flutter Mane|82\/100|[from] Grassy Terrain\n|-heal|p1a: Rillaboom|97\/100|[from] Grassy Terrain\n|-heal|p2a: Dondozo|45\/100|[from] Grassy Terrain\n|-heal|p2a: Dondozo|51\/100|[from] item: Leftovers\n|upkeep\n|turn|3\n|inactive|Lurvas has 30 seconds left.\n|inactive|UltraEra has 30 seconds left.\n|\n|t:|1701198314\n|move|p2a: Dondozo|Protect|p2a: Dondozo\n|-singleturn|p2a: Dondozo|Protect\n|move|p2b: Regieleki|Electroweb|p1b: Flutter Mane|[spread] p1a,p1b\n|-resisted|p1a: Rillaboom\n|-damage|p1a: Rillaboom|86\/100\n|-damage|p1b: Flutter Mane|54\/100\n|-unboost|p1a: Rillaboom|spe|1\n|-unboost|p1b: Flutter Mane|spe|1\n|move|p1b: Flutter Mane|Shadow Ball|p2a: Dondozo\n|-activate|p2a: Dondozo|move: Protect\n|move|p1a: Rillaboom|Stomping Tantrum|p2b: Regieleki\n|-supereffective|p2b: Regieleki\n|-damage|p2b: Regieleki|12\/100\n|\n|-heal|p2b: Regieleki|18\/100|[from] Grassy Terrain\n|-heal|p1b: Flutter Mane|60\/100|[from] Grassy Terrain\n|-heal|p1a: Rillaboom|92\/100|[from] Grassy Terrain\n|-heal|p2a: Dondozo|58\/100|[from] Grassy Terrain\n|-heal|p2a: Dondozo|64\/100|[from] item: Leftovers\n|upkeep\n|turn|4\n|\n|t:|1701198336\n|-end|p1b: Flutter Mane|Protosynthesis|[silent]\n|switch|p1b: Arcanine|Arcanine-Hisui, L50, M|100\/100\n|-ability|p1b: Arcanine|Intimidate|boost\n|-immune|p2a: Dondozo\n|-unboost|p2b: Regieleki|atk|1\n|move|p1a: Rillaboom|Grassy Glide|p2b: Regieleki\n|-damage|p2b: Regieleki|0 fnt\n|faint|p2b: Regieleki\n|move|p2a: Dondozo|Waterfall|p1b: Arcanine\n|-supereffective|p1b: Arcanine\n|-damage|p1b: Arcanine|0 fnt\n|faint|p1b: Arcanine\n|\n|-heal|p1a: Rillaboom|98\/100|[from] Grassy Terrain\n|-heal|p2a: Dondozo|70\/100|[from] Grassy Terrain\n|-heal|p2a: Dondozo|76\/100|[from] item: Leftovers\n|upkeep\n|\n|t:|1701198352\n|switch|p2b: Tatsugiri|Tatsugiri, L50, M, shiny|100\/100\n|switch|p1b: Urshifu|Urshifu-Rapid-Strike, L50, M|100\/100\n|-activate|p2b: Tatsugiri|ability: Commander|[of] p2a: Dondozo\n|-boost|p2a: Dondozo|atk|2\n|-boost|p2a: Dondozo|spa|2\n|-boost|p2a: Dondozo|spe|2\n|-boost|p2a: Dondozo|def|2\n|-boost|p2a: Dondozo|spd|2\n|turn|5\n|\n|t:|1701198366\n|move|p1b: Urshifu|Surging Strikes|p2a: Dondozo\n|-crit|p2a: Dondozo\n|-activate|p2a: Dondozo|move: Substitute|[damage]\n|-crit|p2a: Dondozo\n|-end|p2a: Dondozo|Substitute\n|-crit|p2a: Dondozo\n|-damage|p2a: Dondozo|60\/100\n|-hitcount|p2a: Dondozo|3\n|move|p2a: Dondozo|Tera Blast|p1b: Urshifu|[anim] Tera Blast Fairy\n|-supereffective|p1b: Urshifu\n|-damage|p1b: Urshifu|0 fnt\n|faint|p1b: Urshifu\n|move|p1a: Rillaboom|Drum Beating|p2a: Dondozo\n|-damage|p2a: Dondozo|41\/100\n|-unboost|p2a: Dondozo|spe|1\n|\n|-heal|p1a: Rillaboom|100\/100|[from] Grassy Terrain\n|-heal|p2a: Dondozo|47\/100|[from] Grassy Terrain\n|-heal|p2a: Dondozo|53\/100|[from] item: Leftovers\n|-fieldend|move: Grassy Terrain\n|upkeep\n|\n|t:|1701198383\n|switch|p1b: Flutter Mane|Flutter Mane, L50|60\/100\n|turn|6\n|\n|t:|1701198394\n|move|p1b: Flutter Mane|Shadow Ball|p2a: Dondozo\n|-crit|p2a: Dondozo\n|-damage|p2a: Dondozo|0 fnt\n|faint|p2a: Dondozo\n|move|p1a: Rillaboom|Drum Beating|p2b: Tatsugiri\n|-damage|p2b: Tatsugiri|34\/100\n|-unboost|p2b: Tatsugiri|spe|1\n|\n|upkeep\n|turn|7\n|-message|UltraEra forfeited.\n|\n|win|Lurvas\n|raw|Lurvas's rating: 1254 &rarr; <strong>1277<\/strong><br \/>(+23 for winning)\n|raw|UltraEra's rating: 1228 &rarr; <strong>1205<\/strong><br \/>(-23 for losing)\n|l|\u2606UltraEra\n","uploadtime":1701198407,"views":4,"p1id":"lurvas","p2id":"ultraera","formatid":"gen9vgc2023regulatione","rating":1205,"private":0,"password":""}