{"id":"gen9vgc2023regulatione-1998848882","p1":"It\u2019sJustKen VGC","p2":"Juytre","format":"[Gen 9] VGC 2023 Regulation E","log":"|j|\u2606It\u2019sJustKen VGC\n|j|\u2606Juytre\n|t:|1701002717\n|gametype|doubles\n|player|p1|It\u2019sJustKen VGC|turo|\n|player|p2|Juytre|will|\n|teamsize|p1|6\n|teamsize|p2|6\n|gen|9\n|tier|[Gen 9] VGC 2023 Regulation E\n|rated|Tournament battle\n|rule|Species Clause: Limit one of each Pok\u00e9mon\n|rule|Item Clause: Limit one of each item\n|clearpoke\n|poke|p1|Flutter Mane, L50|\n|poke|p1|Palafin, L50, F|\n|poke|p1|Tornadus, L50, M|\n|poke|p1|Amoonguss, L50, M|\n|poke|p1|Iron Hands, L50|\n|poke|p1|Chien-Pao, L50|\n|poke|p2|Ninetales-Alola, L50, F|\n|poke|p2|Flutter Mane, L50|\n|poke|p2|Arcanine-Hisui, L50, F|\n|poke|p2|Cetitan, L50, F|\n|poke|p2|Rillaboom, L50, F|\n|poke|p2|Urshifu-*, L50, F|\n|teampreview|4\n|inactive|Battle timer is ON: inactive players will automatically lose when time's up. (requested by It\u2019sJustKen VGC)\n|j| bloodcurseuk\n|c|\u2606Juytre|Glhf\n|j| fyfyyalt1\n|j|%krangune\u2764\n|j| Kiwigal\n|c|\u2606It\u2019sJustKen VGC|u3\n|inactive|It\u2019sJustKen VGC has 60 seconds left.\n|\n|t:|1701002754\n|start\n|switch|p1a: Palafin|Palafin, L50, F|100\/100\n|switch|p1b: Tornadus|Tornadus, L50, M|100\/100\n|switch|p2a: Arcanine|Arcanine-Hisui, L50, F|100\/100\n|switch|p2b: Urshifu|Urshifu, L50, F|100\/100\n|-ability|p2a: Arcanine|Intimidate|boost\n|-unboost|p1a: Palafin|atk|1\n|-unboost|p1b: Tornadus|atk|1\n|turn|1\n|\n|t:|1701002771\n|detailschange|p1a: Palafin|Palafin-Hero, L50, F\n|switch|p1a: Iron Hands|Iron Hands, L50|100\/100\n|-terastallize|p2a: Arcanine|Fairy\n|move|p1b: Tornadus|Rain Dance|p1b: Tornadus\n|-weather|RainDance\n|move|p2b: Urshifu|Wicked Blow|p1b: Tornadus\n|-crit|p1b: Tornadus\n|-damage|p1b: Tornadus|0 fnt\n|faint|p1b: Tornadus\n|move|p2a: Arcanine|Rock Slide|p1a: Iron Hands\n|-resisted|p1a: Iron Hands\n|-damage|p1a: Iron Hands|81\/100\n|\n|-weather|RainDance|[upkeep]\n|upkeep\n|c|\u2606Juytre|Hm\n|c|\u2606Juytre|Cool\n|\n|t:|1701002786\n|switch|p1b: Palafin|Palafin-Hero, L50, F|100\/100\n|-activate|p1b: Palafin|ability: Zero to Hero\n|turn|2\n|c| fyfyyalt1|never seen a torn that weak\n|c| fyfyyalt1|:0\n|\n|t:|1701002797\n|switch|p2a: Ninetales|Ninetales-Alola, L50, F|100\/100\n|-weather|Snow|[from] ability: Snow Warning|[of] p2a: Ninetales\n|-terastallize|p1b: Palafin|Water\n|move|p2b: Urshifu|Protect|p2b: Urshifu\n|-singleturn|p2b: Urshifu|Protect\n|move|p1a: Iron Hands|Fake Out|p2b: Urshifu\n|-activate|p2b: Urshifu|move: Protect\n|move|p1b: Palafin|Jet Punch|p2a: Ninetales\n|-damage|p2a: Ninetales|33\/100\n|-damage|p1b: Palafin|90\/100|[from] item: Life Orb\n|\n|-weather|Snow|[upkeep]\n|upkeep\n|turn|3\n|inactive|It\u2019sJustKen VGC has 30 seconds left.\n|\n|t:|1701002822\n|switch|p1b: Flutter Mane|Flutter Mane, L50|100\/100\n|-enditem|p1b: Flutter Mane|Booster Energy\n|-activate|p1b: Flutter Mane|ability: Protosynthesis|[fromitem]\n|-start|p1b: Flutter Mane|protosynthesisspe\n|move|p2a: Ninetales|Aurora Veil|p2a: Ninetales\n|-sidestart|p2: Juytre|move: Aurora Veil\n|move|p2b: Urshifu|Wicked Blow|p1b: Flutter Mane\n|-crit|p1b: Flutter Mane\n|-damage|p1b: Flutter Mane|0 fnt\n|faint|p1b: Flutter Mane\n|-end|p1b: Flutter Mane|Protosynthesis|[silent]\n|move|p1a: Iron Hands|Drain Punch|p2b: Urshifu\n|-supereffective|p2b: Urshifu\n|-damage|p2b: Urshifu|39\/100\n|-heal|p1a: Iron Hands|100\/100|[from] drain|[of] p2b: Urshifu\n|\n|-weather|Snow|[upkeep]\n|upkeep\n|\n|t:|1701002826\n|switch|p1b: Palafin|Palafin-Hero, L50, F, tera:Water|90\/100\n|turn|4\n|c| fyfyyalt1|is it banded?\n|\n|t:|1701002838\n|move|p1b: Palafin|Jet Punch|p2b: Urshifu\n|-damage|p2b: Urshifu|0 fnt\n|faint|p2b: Urshifu\n|-damage|p1b: Palafin|80\/100|[from] item: Life Orb\n|move|p2a: Ninetales|Dazzling Gleam|p1a: Iron Hands|[spread] p1a,p1b\n|-supereffective|p1a: Iron Hands\n|-damage|p1a: Iron Hands|76\/100\n|-damage|p1b: Palafin|58\/100\n|move|p1a: Iron Hands|Wild Charge|p2a: Ninetales\n|-damage|p2a: Ninetales|0 fnt\n|faint|p2a: Ninetales\n|-damage|p1a: Iron Hands|71\/100|[from] Recoil\n|\n|-weather|Snow|[upkeep]\n|upkeep\n|c| Kiwigal|no\n|c|\u2606Juytre|Black glasses\n|\n|t:|1701002845\n|switch|p2a: Arcanine|Arcanine-Hisui, L50, F, tera:Fairy|100\/100\n|switch|p2b: Cetitan|Cetitan, L50, F|100\/100\n|-ability|p2a: Arcanine|Intimidate|boost\n|-unboost|p1a: Iron Hands|atk|1\n|-unboost|p1b: Palafin|atk|1\n|turn|5\n|\n|t:|1701002852\n|move|p1b: Palafin|Protect|p1b: Palafin\n|-singleturn|p1b: Palafin|Protect\n|move|p2b: Cetitan|Play Rough|p1b: Palafin\n|-activate|p1b: Palafin|move: Protect\n|move|p2a: Arcanine|Tera Blast|p1a: Iron Hands|[anim] Tera Blast Fairy\n|-supereffective|p1a: Iron Hands\n|-damage|p1a: Iron Hands|0 fnt\n|faint|p1a: Iron Hands\n|-end|p1a: Iron Hands|Quark Drive|[silent]\n|\n|-weather|Snow|[upkeep]\n|upkeep\n|turn|6\n|c| fyfyyalt1|damn that hits like a truck\n|\n|t:|1701002859\n|move|p2b: Cetitan|Play Rough|p1b: Palafin\n|-damage|p1b: Palafin|30\/100\n|move|p2a: Arcanine|Tera Blast|p1b: Palafin|[anim] Tera Blast Fairy\n|-damage|p1b: Palafin|0 fnt\n|faint|p1b: Palafin\n|\n|win|Juytre\n|n|\u2606It\u2019sJustKen VGC|itsjustkenvgc\n|n|\u2606Juytre|juytre\n|n| bloodcurseuk|bloodcurseuk\n|n| fyfyyalt1|fyfyyalt1\n|n| krangune\u2764|krangune\n|n| Kiwigal|kiwigal\n","uploadtime":1701002860,"views":1,"p1id":"itsjustkenvgc","p2id":"juytre","formatid":"gen9vgc2023regulatione","rating":0,"private":0,"password":""}