{"id":"gen9vgc2023regulatione-1988355445","p1":"NeoFutureDude","p2":"Zodiaque","format":"[Gen 9] VGC 2023 Regulation E","log":"|j|\u2606NeoFutureDude\n|j|\u2606Zodiaque\n|t:|1699713156\n|gametype|doubles\n|player|p1|NeoFutureDude|ethan|\n|player|p2|Zodiaque|preschooler|\n|teamsize|p1|6\n|teamsize|p2|6\n|gen|9\n|tier|[Gen 9] VGC 2023 Regulation E\n|rule|Species Clause: Limit one of each Pok\u00e9mon\n|rule|Item Clause: Limit one of each item\n|clearpoke\n|poke|p1|Mamoswine, L50, M|\n|poke|p1|Froslass, L50, F|\n|poke|p1|Vikavolt, L50, F|\n|poke|p1|Snorlax, L50, F|\n|poke|p1|Gliscor, L50, M|\n|poke|p1|Kommo-o, L50, M|\n|poke|p2|Illumise, L50, F|\n|poke|p2|Poliwrath, L50, F|\n|poke|p2|Toedscruel, L50, F|\n|poke|p2|Arcanine-Hisui, L50, M|\n|poke|p2|Vikavolt, L50, F|\n|poke|p2|Garchomp, L50, F|\n|teampreview|4\n|inactive|Battle timer is ON: inactive players will automatically lose when time's up. (requested by Zodiaque)\n|inactive|Zodiaque has 60 seconds left.\n|\n|t:|1699713200\n|start\n|switch|p1a: Tox|Gliscor, L50, M|100\/100\n|switch|p1b: Snorlax|Snorlax, L50, F|100\/100\n|switch|p2a: Arcanine|Arcanine-Hisui, L50, M|100\/100\n|switch|p2b: Illumise|Illumise, L50, F|100\/100\n|-ability|p2a: Arcanine|Intimidate|boost\n|-unboost|p1a: Tox|atk|1\n|-unboost|p1b: Snorlax|atk|1\n|turn|1\n|inactive|NeoFutureDude has 30 seconds left.\n|\n|t:|1699713234\n|switch|p1a: Charge|Vikavolt, L50, F, shiny|100\/100\n|move|p2b: Illumise|Charm|p1b: Snorlax\n|-unboost|p1b: Snorlax|atk|2\n|move|p2a: Arcanine|Flare Blitz|p1a: Charge\n|-supereffective|p1a: Charge\n|-damage|p1a: Charge|0 fnt\n|faint|p1a: Charge\n|-damage|p2a: Arcanine|66\/100|[from] Recoil\n|move|p1b: Snorlax|Earthquake|p2b: Illumise|[spread] p2a,p2b\n|-supereffective|p2a: Arcanine\n|-resisted|p2b: Illumise\n|-damage|p2a: Arcanine|20\/100\n|-damage|p2b: Illumise|95\/100\n|\n|upkeep\n|c|\u2606Zodiaque|Have fun!\n|\n|t:|1699713250\n|switch|p1a: Fuzzball|Mamoswine, L50, M|100\/100\n|turn|2\n|\n|t:|1699713265\n|switch|p2a: Poliwrath|Poliwrath, L50, F|100\/100\n|switch|p1b: Tox|Gliscor, L50, M|100\/100\n|move|p2b: Illumise|Charm|p1a: Fuzzball\n|-unboost|p1a: Fuzzball|atk|2\n|move|p1a: Fuzzball|Snowscape|p1a: Fuzzball\n|-weather|Snow\n|\n|-weather|Snow|[upkeep]\n|-status|p1b: Tox|tox|[from] item: Toxic Orb\n|upkeep\n|turn|3\n|inactive|Zodiaque has 30 seconds left.\n|\n|t:|1699713292\n|move|p2a: Poliwrath|Protect|p2a: Poliwrath\n|-singleturn|p2a: Poliwrath|Protect\n|move|p2b: Illumise|Charm|p1a: Fuzzball\n|-unboost|p1a: Fuzzball|atk|2\n|move|p1b: Tox|Fling|p2a: Poliwrath\n|-activate|p2a: Poliwrath|move: Protect\n|-enditem|p1b: Tox|Toxic Orb|[from] move: Fling\n|move|p1a: Fuzzball|Mud-Slap|p2a: Poliwrath\n|-activate|p2a: Poliwrath|move: Protect\n|\n|-weather|Snow|[upkeep]\n|upkeep\n|turn|4\n|\n|t:|1699713309\n|move|p1a: Fuzzball|Ice Shard|p2b: Illumise\n|-damage|p2b: Illumise|89\/100\n|move|p2b: Illumise|Charm|p1b: Tox\n|-unboost|p1b: Tox|atk|2\n|move|p1b: Tox|Acrobatics|p2b: Illumise\n|-supereffective|p2b: Illumise\n|-damage|p2b: Illumise|44\/100\n|move|p2a: Poliwrath|Bulk Up|p2a: Poliwrath\n|-boost|p2a: Poliwrath|atk|1\n|-boost|p2a: Poliwrath|def|1\n|\n|-weather|Snow|[upkeep]\n|upkeep\n|turn|5\n|inactive|NeoFutureDude has 30 seconds left.\n|inactive|NeoFutureDude has 20 seconds left.\n|inactive|NeoFutureDude has 15 seconds left.\n|inactive|NeoFutureDude has 10 seconds left.\n|\n|t:|1699713355\n|move|p2b: Illumise|Roost|p2b: Illumise\n|-heal|p2b: Illumise|94\/100\n|-singleturn|p2b: Illumise|move: Roost\n|move|p1b: Tox|Acrobatics|p2b: Illumise\n|-supereffective|p2b: Illumise\n|-damage|p2b: Illumise|47\/100\n|move|p1a: Fuzzball|Mud-Slap|p2a: Poliwrath\n|-damage|p2a: Poliwrath|96\/100\n|-unboost|p2a: Poliwrath|accuracy|1\n|move|p2a: Poliwrath|Bulk Up|p2a: Poliwrath\n|-boost|p2a: Poliwrath|atk|1\n|-boost|p2a: Poliwrath|def|1\n|\n|-weather|Snow|[upkeep]\n|upkeep\n|turn|6\n|\n|t:|1699713379\n|switch|p1b: Snorlax|Snorlax, L50, F|100\/100\n|move|p2b: Illumise|Charm|p1b: Snorlax\n|-unboost|p1b: Snorlax|atk|2\n|move|p1a: Fuzzball|Mud-Slap|p2a: Poliwrath\n|-damage|p2a: Poliwrath|91\/100\n|-unboost|p2a: Poliwrath|accuracy|1\n|move|p2a: Poliwrath|Drain Punch|p1a: Fuzzball|[miss]\n|-miss|p2a: Poliwrath|p1a: Fuzzball\n|\n|-weather|none\n|upkeep\n|turn|7\n|inactive|Zodiaque has 30 seconds left.\n|inactive|NeoFutureDude has 30 seconds left.\n|inactive|Zodiaque has 20 seconds left.\n|inactive|Zodiaque has 15 seconds left.\n|\n|t:|1699713422\n|-terastallize|p1b: Snorlax|Normal\n|move|p2b: Illumise|Charm|p1b: Snorlax\n|-unboost|p1b: Snorlax|atk|2\n|move|p1a: Fuzzball|Snowscape|p1a: Fuzzball\n|-weather|Snow\n|move|p2a: Poliwrath|Drain Punch|p1b: Snorlax\n|-supereffective|p1b: Snorlax\n|-damage|p1b: Snorlax|0 fnt\n|-heal|p2a: Poliwrath|100\/100|[from] drain|[of] p1b: Snorlax\n|faint|p1b: Snorlax\n|\n|-weather|Snow|[upkeep]\n|upkeep\n|\n|t:|1699713436\n|switch|p1b: Tox|Gliscor, L50, M|100\/100 tox\n|turn|8\n|\n|t:|1699713448\n|switch|p2b: Arcanine|Arcanine-Hisui, L50, M|20\/100\n|-ability|p2b: Arcanine|Intimidate|boost\n|-unboost|p1a: Fuzzball|atk|1\n|-unboost|p1b: Tox|atk|1\n|move|p1b: Tox|Acrobatics|p2b: Arcanine\n|-resisted|p2b: Arcanine\n|-damage|p2b: Arcanine|3\/100\n|move|p1a: Fuzzball|Mud-Slap|p2a: Poliwrath\n|-crit|p2a: Poliwrath\n|-damage|p2a: Poliwrath|94\/100\n|-unboost|p2a: Poliwrath|accuracy|1\n|move|p2a: Poliwrath|Bulk Up|p2a: Poliwrath\n|-boost|p2a: Poliwrath|atk|1\n|-boost|p2a: Poliwrath|def|1\n|\n|-weather|Snow|[upkeep]\n|upkeep\n|turn|9\n|inactive|NeoFutureDude has 30 seconds left.\n|inactive|Zodiaque has 30 seconds left.\n|inactive|Zodiaque has 20 seconds left.\n|inactive|Zodiaque has 15 seconds left.\n|\n|t:|1699713489\n|move|p2a: Poliwrath|Protect|p2a: Poliwrath\n|-singleturn|p2a: Poliwrath|Protect\n|move|p1b: Tox|Acrobatics|p2a: Poliwrath\n|-activate|p2a: Poliwrath|move: Protect\n|move|p1a: Fuzzball|Earthquake|p2b: Arcanine|[spread] p2b\n|-activate|p2a: Poliwrath|move: Protect\n|-immune|p1b: Tox\n|-supereffective|p2b: Arcanine\n|-damage|p2b: Arcanine|0 fnt\n|faint|p2b: Arcanine\n|\n|-weather|Snow|[upkeep]\n|upkeep\n|\n|t:|1699713504\n|switch|p2b: Illumise|Illumise, L50, F|47\/100\n|turn|10\n|\n|t:|1699713521\n|-terastallize|p2b: Illumise|Dark\n|move|p2b: Illumise|Charm|p1b: Tox\n|-unboost|p1b: Tox|atk|2\n|move|p1b: Tox|Acrobatics|p2b: Illumise\n|-damage|p2b: Illumise|30\/100\n|move|p1a: Fuzzball|Mud-Slap|p2a: Poliwrath\n|-damage|p2a: Poliwrath|89\/100\n|-unboost|p2a: Poliwrath|accuracy|1\n|move|p2a: Poliwrath|Bulk Up|p2a: Poliwrath\n|-boost|p2a: Poliwrath|atk|1\n|-boost|p2a: Poliwrath|def|1\n|\n|-weather|Snow|[upkeep]\n|upkeep\n|turn|11\n|\n|t:|1699713547\n|move|p2b: Illumise|Roost|p2b: Illumise\n|-heal|p2b: Illumise|80\/100\n|move|p1b: Tox|Facade|p2b: Illumise\n|-damage|p2b: Illumise|66\/100\n|move|p1a: Fuzzball|Earthquake|p2a: Poliwrath|[spread] p2a,p2b\n|-immune|p1b: Tox\n|-damage|p2a: Poliwrath|85\/100\n|-damage|p2b: Illumise|55\/100\n|move|p2a: Poliwrath|Drain Punch|p1a: Fuzzball\n|-supereffective|p1a: Fuzzball\n|-damage|p1a: Fuzzball|0 fnt\n|-heal|p2a: Poliwrath|100\/100|[from] drain|[of] p1a: Fuzzball\n|faint|p1a: Fuzzball\n|\n|-weather|none\n|upkeep\n|turn|12\n|-message|NeoFutureDude forfeited.\n|\n|win|Zodiaque\n|l|\u2606NeoFutureDude\n","uploadtime":1699713577,"views":20,"p1id":"neofuturedude","p2id":"zodiaque","formatid":"gen9vgc2023regulatione","rating":0,"private":0,"password":""}