{"id":"gen9vgc2023regulatione-1995599342","p1":"Jbenn","p2":"tomcheung22","format":"[Gen 9] VGC 2023 Regulation E","log":"|j|\u2606Jbenn\n|j|\u2606tomcheung22\n|t:|1700586317\n|gametype|doubles\n|player|p1|Jbenn|266|\n|player|p2|tomcheung22|lady-gen4|\n|teamsize|p1|6\n|teamsize|p2|6\n|gen|9\n|tier|[Gen 9] VGC 2023 Regulation E\n|rated|Tournament battle\n|rule|Species Clause: Limit one of each Pok\u00e9mon\n|rule|Item Clause: Limit one of each item\n|clearpoke\n|poke|p1|Thundurus, L50, M|\n|poke|p1|Farigiraf, L50, M|\n|poke|p1|Torkoal, L50, F|\n|poke|p1|Kingambit, L50, F|\n|poke|p1|Flutter Mane, L50|\n|poke|p1|Landorus-Therian, L50, M|\n|poke|p2|Gliscor, L50, F|\n|poke|p2|Empoleon, L50, F|\n|poke|p2|Iron Moth, L50|\n|poke|p2|Flutter Mane, L50|\n|poke|p2|Thundurus, L50, M|\n|poke|p2|Ogerpon-Wellspring, L50, F|\n|teampreview|4\n|showteam|p1|Thundurus||ExpertBelt|Prankster|Protect,Thunderbolt,ElectricTerrain,RainDance|||M|||50|,,,,,Water]Farigiraf||SitrusBerry|ArmorTail|TrickRoom,Psychic,DazzlingGleam,NastyPlot|||M|||50|,,,,,Fairy]Torkoal||EjectPack|Drought|Protect,Overheat,EarthPower,HelpingHand|||F|||50|,,,,,Flying]Kingambit||AssaultVest|Defiant|LowKick,Assurance,SuckerPunch,TeraBlast|||F|||50|,,,,,Fire]Flutter Mane||BoosterEnergy|Protosynthesis|Protect,Moonblast,DazzlingGleam,ShadowBall||||||50|,,,,,Fairy]Landorus-Therian||ChoiceScarf|Intimidate|RockSlide,Earthquake,StompingTantrum,Uturn|||M|||50|,,,,,Fire\n|showteam|p2|Gliscor||ToxicOrb|PoisonHeal|DualWingbeat,HighHorsepower,SwordsDance,Protect|||F|||50|,,,,,Dragon]Empoleon||SitrusBerry|Competitive|WaterPledge,FlashCannon,IcyWind,Protect|||F|||50|,,,,,Fairy]Iron Moth||BoosterEnergy|QuarkDrive|Overheat,HeatWave,AcidSpray,Protect||||||50|,,,,,Fire]Flutter Mane||FairyFeather|Protosynthesis|DazzlingGleam,Moonblast,CalmMind,Protect||||||50|,,,,,Fairy]Thundurus||CovertCloak|Prankster|Thunderbolt,ScaryFace,Snarl,ElectricTerrain|||M|||50|,,,,,Dragon]Ogerpon-Wellspring||WellspringMask|WaterAbsorb|IvyCudgel,HornLeech,HelpingHand,FollowMe|||F|||50|,,,,,Water\n|inactive|Battle timer is ON: inactive players will automatically lose when time's up. (requested by Jbenn)\n|\n|t:|1700586384\n|start\n|switch|p1a: Kingambit|Kingambit, L50, F|100\/100\n|switch|p1b: Flutter Mane|Flutter Mane, L50|100\/100\n|switch|p2a: Thundurus|Thundurus, L50, M|100\/100\n|switch|p2b: Iron Moth|Iron Moth, L50|100\/100\n|-enditem|p2b: Iron Moth|Booster Energy\n|-activate|p2b: Iron Moth|ability: Quark Drive|[fromitem]\n|-start|p2b: Iron Moth|quarkdrivespe\n|-enditem|p1b: Flutter Mane|Booster Energy\n|-activate|p1b: Flutter Mane|ability: Protosynthesis|[fromitem]\n|-start|p1b: Flutter Mane|protosynthesisspa\n|turn|1\n|inactive|Jbenn has 30 seconds left.\n|\n|t:|1700586411\n|-end|p1b: Flutter Mane|Protosynthesis|[silent]\n|switch|p1b: Torkoal|Torkoal, L50, F|100\/100\n|-weather|SunnyDay|[from] ability: Drought|[of] p1b: Torkoal\n|switch|p2a: Gliscor|Gliscor, L50, F|100\/100\n|-terastallize|p1a: Kingambit|Fire\n|move|p2b: Iron Moth|Heat Wave|p1a: Kingambit|[spread] p1a,p1b\n|-resisted|p1a: Kingambit\n|-resisted|p1b: Torkoal\n|-damage|p1a: Kingambit|85\/100\n|-damage|p1b: Torkoal|66\/100\n|move|p1a: Kingambit|Tera Blast|p2b: Iron Moth|[anim] Tera Blast Fire\n|-resisted|p2b: Iron Moth\n|-damage|p2b: Iron Moth|45\/100\n|\n|-weather|SunnyDay|[upkeep]\n|-status|p2a: Gliscor|tox|[from] item: Toxic Orb\n|upkeep\n|turn|2\n|inactive|Jbenn has 30 seconds left.\n|\n|t:|1700586441\n|move|p2b: Iron Moth|Protect|p2b: Iron Moth\n|-singleturn|p2b: Iron Moth|Protect\n|move|p2a: Gliscor|Protect|p2a: Gliscor\n|-singleturn|p2a: Gliscor|Protect\n|move|p1a: Kingambit|Sucker Punch||[still]\n|-fail|p1a: Kingambit\n|move|p1b: Torkoal|Overheat|p2a: Gliscor\n|-activate|p2a: Gliscor|move: Protect\n|\n|-weather|SunnyDay|[upkeep]\n|upkeep\n|turn|3\n|\n|t:|1700586465\n|-end|p2b: Iron Moth|Quark Drive|[silent]\n|switch|p2b: Thundurus|Thundurus, L50, M|100\/100\n|switch|p1a: Farigiraf|Farigiraf, L50, M|100\/100\n|-terastallize|p2a: Gliscor|Dragon\n|move|p2a: Gliscor|Swords Dance|p2a: Gliscor\n|-boost|p2a: Gliscor|atk|2\n|move|p1b: Torkoal|Overheat|p2a: Gliscor\n|-resisted|p2a: Gliscor\n|-damage|p2a: Gliscor|52\/100 tox\n|-unboost|p1b: Torkoal|spa|2\n|-enditem|p1b: Torkoal|Eject Pack\n|\n|t:|1700586477\n|switch|p1b: Flutter Mane|Flutter Mane, L50|100\/100\n|-activate|p1b: Flutter Mane|ability: Protosynthesis\n|-start|p1b: Flutter Mane|protosynthesisspa\n|\n|-weather|SunnyDay|[upkeep]\n|-heal|p2a: Gliscor|64\/100 tox|[from] ability: Poison Heal\n|upkeep\n|turn|4\n|\n|t:|1700586494\n|move|p2a: Gliscor|Protect|p2a: Gliscor\n|-singleturn|p2a: Gliscor|Protect\n|move|p1b: Flutter Mane|Moonblast|p2a: Gliscor\n|-activate|p2a: Gliscor|move: Protect\n|move|p2b: Thundurus|Snarl|p1b: Flutter Mane|[spread] p1a,p1b\n|-supereffective|p1a: Farigiraf\n|-damage|p1a: Farigiraf|79\/100\n|-damage|p1b: Flutter Mane|90\/100\n|-unboost|p1a: Farigiraf|spa|1\n|-unboost|p1b: Flutter Mane|spa|1\n|move|p1a: Farigiraf|Nasty Plot|p1a: Farigiraf\n|-boost|p1a: Farigiraf|spa|2\n|\n|-weather|SunnyDay|[upkeep]\n|-heal|p2a: Gliscor|76\/100 tox|[from] ability: Poison Heal\n|upkeep\n|turn|5\n|\n|t:|1700586512\n|switch|p2a: Iron Moth|Iron Moth, L50|45\/100\n|move|p2b: Thundurus|Electric Terrain|p2b: Thundurus\n|-fieldstart|move: Electric Terrain\n|-activate|p2a: Iron Moth|ability: Quark Drive\n|-start|p2a: Iron Moth|quarkdrivespe\n|move|p1b: Flutter Mane|Moonblast|p2a: Iron Moth\n|-resisted|p2a: Iron Moth\n|-damage|p2a: Iron Moth|34\/100\n|move|p1a: Farigiraf|Trick Room|p1a: Farigiraf\n|-fieldstart|move: Trick Room|[of] p1a: Farigiraf\n|\n|-weather|none\n|-end|p1b: Flutter Mane|Protosynthesis\n|upkeep\n|turn|6\n|\n|t:|1700586535\n|move|p2a: Iron Moth|Protect|p2a: Iron Moth\n|-singleturn|p2a: Iron Moth|Protect\n|move|p1a: Farigiraf|Psychic|p2b: Thundurus\n|-damage|p2b: Thundurus|50\/100\n|move|p2b: Thundurus|Snarl|p1b: Flutter Mane|[spread] p1a,p1b\n|-supereffective|p1a: Farigiraf\n|-damage|p1a: Farigiraf|55\/100\n|-damage|p1b: Flutter Mane|80\/100\n|-unboost|p1a: Farigiraf|spa|1\n|-unboost|p1b: Flutter Mane|spa|1\n|move|p1b: Flutter Mane|Shadow Ball|p2a: Iron Moth\n|-activate|p2a: Iron Moth|move: Protect\n|\n|upkeep\n|turn|7\n|j| ClaritynKnarkare\n|inactive|Jbenn has 30 seconds left.\n|inactive|Jbenn has 20 seconds left.\n|inactive|Jbenn has 15 seconds left.\n|inactive|Jbenn has 10 seconds left.\n|\n|t:|1700586581\n|-end|p1b: Flutter Mane|Protosynthesis|[silent]\n|switch|p1b: Kingambit|Kingambit, L50, F, tera:Fire|85\/100\n|-end|p2a: Iron Moth|Quark Drive|[silent]\n|switch|p2a: Gliscor|Gliscor, L50, F, tera:Dragon|76\/100 tox\n|move|p1a: Farigiraf|Psychic|p2a: Gliscor\n|-damage|p2a: Gliscor|37\/100 tox\n|-unboost|p2a: Gliscor|spd|1\n|move|p2b: Thundurus|Snarl|p1b: Kingambit|[spread] p1a,p1b\n|-supereffective|p1a: Farigiraf\n|-damage|p1a: Farigiraf|33\/100\n|-damage|p1b: Kingambit|77\/100\n|-unboost|p1a: Farigiraf|spa|1\n|-unboost|p1b: Kingambit|spa|1\n|-ability|p1b: Kingambit|Defiant|boost\n|-boost|p1b: Kingambit|atk|2\n|-enditem|p1a: Farigiraf|Sitrus Berry|[eat]\n|-heal|p1a: Farigiraf|58\/100|[from] item: Sitrus Berry\n|\n|-heal|p2a: Gliscor|49\/100 tox|[from] ability: Poison Heal\n|upkeep\n|turn|8\n|inactive|Jbenn has 30 seconds left.\n|inactive|tomcheung22 has 30 seconds left.\n|\n|t:|1700586611\n|switch|p1a: Torkoal|Torkoal, L50, F|66\/100\n|-weather|SunnyDay|[from] ability: Drought|[of] p1a: Torkoal\n|switch|p2a: Iron Moth|Iron Moth, L50|34\/100\n|-activate|p2a: Iron Moth|ability: Quark Drive\n|-start|p2a: Iron Moth|quarkdrivespe\n|move|p1b: Kingambit|Assurance|p2b: Thundurus\n|-damage|p2b: Thundurus|0 fnt\n|faint|p2b: Thundurus\n|\n|-weather|SunnyDay|[upkeep]\n|upkeep\n|\n|t:|1700586634\n|switch|p2b: Gliscor|Gliscor, L50, F, tera:Dragon|49\/100 tox\n|turn|9\n|\n|t:|1700586656\n|switch|p1a: Flutter Mane|Flutter Mane, L50|80\/100\n|-activate|p1a: Flutter Mane|ability: Protosynthesis\n|-start|p1a: Flutter Mane|protosynthesisspa\n|move|p2b: Gliscor|Protect|p2b: Gliscor\n|-singleturn|p2b: Gliscor|Protect\n|move|p1b: Kingambit|Assurance|p2a: Iron Moth\n|-damage|p2a: Iron Moth|0 fnt\n|faint|p2a: Iron Moth\n|-end|p2a: Iron Moth|Quark Drive|[silent]\n|\n|-weather|SunnyDay|[upkeep]\n|-heal|p2b: Gliscor|61\/100 tox|[from] ability: Poison Heal\n|-fieldend|move: Trick Room\n|-fieldend|move: Electric Terrain\n|upkeep\n|c|\u2606Jbenn|ggs\n|\n|t:|1700586664\n|switch|p2a: Ogerpon|Ogerpon-Wellspring, L50, F|100\/100\n|turn|10\n|c|\u2606tomcheung22|ggs wp\n|\n|t:|1700586684\n|move|p2b: Gliscor|Protect|p2b: Gliscor\n|-singleturn|p2b: Gliscor|Protect\n|move|p1b: Kingambit|Sucker Punch|p2a: Ogerpon\n|-damage|p2a: Ogerpon|23\/100\n|move|p1a: Flutter Mane|Dazzling Gleam|p2b: Gliscor|[spread] p2a\n|-activate|p2b: Gliscor|move: Protect\n|-damage|p2a: Ogerpon|0 fnt\n|faint|p2a: Ogerpon\n|\n|-weather|SunnyDay|[upkeep]\n|-heal|p2b: Gliscor|73\/100 tox|[from] ability: Poison Heal\n|upkeep\n|turn|11\n|inactive|Jbenn has 30 seconds left.\n|\n|t:|1700586709\n|move|p1a: Flutter Mane|Moonblast|p2b: Gliscor\n|-supereffective|p2b: Gliscor\n|-damage|p2b: Gliscor|0 fnt\n|faint|p2b: Gliscor\n|\n|win|Jbenn\n|n|\u2606Jbenn|jbenn\n|n|\u2606tomcheung22|tomcheung22\n|n| ClaritynKnarkare|claritynknarkare\n","uploadtime":1700586716,"views":0,"p1id":"jbenn","p2id":"tomcheung22","formatid":"gen9vgc2023regulatione","rating":0,"private":0,"password":""}