{"id":"gen9vgc2023regulatione-1998727021","p1":"dab_015","p2":"whyismynamejeff","format":"[Gen 9] VGC 2023 Regulation E","log":"|j|\u2606dab_015\n|j|\u2606whyismynamejeff\n|t:|1700978710\n|gametype|doubles\n|player|p1|dab_015|170|1096\n|player|p2|whyismynamejeff|colress|1073\n|teamsize|p1|6\n|teamsize|p2|6\n|gen|9\n|tier|[Gen 9] VGC 2023 Regulation E\n|rated|\n|rule|Species Clause: Limit one of each Pok\u00e9mon\n|rule|Item Clause: Limit one of each item\n|clearpoke\n|poke|p1|Landorus-Therian, L50, M|\n|poke|p1|Iron Hands, L50|\n|poke|p1|Chien-Pao, L50|\n|poke|p1|Heatran, L50, M|\n|poke|p1|Urshifu-*, L50, F|\n|poke|p1|Ogerpon-Wellspring, L50, F|\n|poke|p2|Ogerpon-Wellspring, L50, F|\n|poke|p2|Regieleki, L50|\n|poke|p2|Indeedee-F, L50, F|\n|poke|p2|Tornadus, L50, M|\n|poke|p2|Chi-Yu, L50|\n|poke|p2|Flutter Mane, L50|\n|teampreview|4\n|\n|t:|1700978753\n|start\n|switch|p1a: Landorus|Landorus-Therian, L50, M|100\/100\n|switch|p1b: Chien-Pao|Chien-Pao, L50|100\/100\n|switch|p2a: Indeedee|Indeedee-F, L50, F|100\/100\n|switch|p2b: Regieleki|Regieleki, L50|100\/100\n|-ability|p1a: Landorus|Intimidate|boost\n|-unboost|p2a: Indeedee|atk|1\n|-unboost|p2b: Regieleki|atk|1\n|-ability|p1b: Chien-Pao|Sword of Ruin\n|-fieldstart|move: Psychic Terrain|[from] ability: Psychic Surge|[of] p2a: Indeedee\n|-enditem|p2a: Indeedee|Psychic Seed\n|-boost|p2a: Indeedee|spd|1|[from] item: Psychic Seed\n|turn|1\n|\n|t:|1700978784\n|switch|p1a: Heatran|Heatran, L50, M|100\/100\n|-terastallize|p2b: Regieleki|Ice\n|move|p1b: Chien-Pao|Protect|p1b: Chien-Pao\n|-singleturn|p1b: Chien-Pao|Protect\n|move|p2b: Regieleki|Tera Blast|p1a: Heatran|[anim] Tera Blast Ice\n|-resisted|p1a: Heatran\n|-damage|p1a: Heatran|93\/100\n|move|p2a: Indeedee|Psychic|p1b: Chien-Pao\n|-activate|p1b: Chien-Pao|move: Protect\n|\n|-heal|p1a: Heatran|99\/100|[from] item: Leftovers\n|upkeep\n|turn|2\n|\n|t:|1700978810\n|move|p2b: Regieleki|Protect|p2b: Regieleki\n|-singleturn|p2b: Regieleki|Protect\n|move|p2a: Indeedee|Protect|p2a: Indeedee\n|-singleturn|p2a: Indeedee|Protect\n|move|p1b: Chien-Pao|Sucker Punch||[still]\n|-fail|p1b: Chien-Pao\n|move|p1a: Heatran|Heat Wave|p2a: Indeedee|[spread] \n|-activate|p2a: Indeedee|move: Protect\n|-activate|p2b: Regieleki|move: Protect\n|\n|-heal|p1a: Heatran|100\/100|[from] item: Leftovers\n|upkeep\n|turn|3\n|inactive|Battle timer is ON: inactive players will automatically lose when time's up. (requested by dab_015)\n|\n|t:|1700978863\n|switch|p2b: Chi-Yu|Chi-Yu, L50|100\/100\n|-ability|p2b: Chi-Yu|Beads of Ruin\n|switch|p1b: Landorus|Landorus-Therian, L50, M|100\/100\n|-ability|p1b: Landorus|Intimidate|boost\n|-unboost|p2a: Indeedee|atk|1\n|-unboost|p2b: Chi-Yu|atk|1\n|move|p2a: Indeedee|Psychic|p1a: Heatran\n|-resisted|p1a: Heatran\n|-damage|p1a: Heatran|78\/100\n|move|p1a: Heatran|Heat Wave|p2b: Chi-Yu|[spread] p2a\n|-miss|p1a: Heatran|p2b: Chi-Yu\n|-damage|p2a: Indeedee|68\/100\n|-status|p2a: Indeedee|brn\n|\n|-heal|p1a: Heatran|84\/100|[from] item: Leftovers\n|-damage|p2a: Indeedee|62\/100 brn|[from] brn\n|upkeep\n|turn|4\n|inactive|dab_015 has 30 seconds left.\n|inactive|whyismynamejeff has 30 seconds left.\n|inactive|dab_015 has 20 seconds left.\n|\n|t:|1700978902\n|move|p2a: Indeedee|Follow Me|p2a: Indeedee\n|-singleturn|p2a: Indeedee|move: Follow Me\n|move|p1b: Landorus|Rock Slide|p2a: Indeedee|[spread] p2a,p2b\n|-supereffective|p2b: Chi-Yu\n|-damage|p2a: Indeedee|41\/100 brn\n|-damage|p2b: Chi-Yu|33\/100\n|cant|p2b: Chi-Yu|flinch\n|move|p1a: Heatran|Earth Power|p2a: Indeedee\n|-damage|p2a: Indeedee|11\/100 brn\n|\n|-heal|p1a: Heatran|90\/100|[from] item: Leftovers\n|-damage|p2a: Indeedee|5\/100 brn|[from] brn\n|upkeep\n|turn|5\n|inactive|dab_015 has 30 seconds left.\n|\n|t:|1700978928\n|move|p2a: Indeedee|Follow Me|p2a: Indeedee\n|-singleturn|p2a: Indeedee|move: Follow Me\n|move|p1b: Landorus|Rock Slide|p2a: Indeedee|[spread] p2a,p2b\n|-supereffective|p2b: Chi-Yu\n|-damage|p2a: Indeedee|0 fnt\n|-damage|p2b: Chi-Yu|0 fnt\n|faint|p2a: Indeedee\n|faint|p2b: Chi-Yu\n|move|p1a: Heatran|Heat Wave|p2: Indeedee|[notarget]\n|-fail|p1a: Heatran\n|\n|-heal|p1a: Heatran|96\/100|[from] item: Leftovers\n|-fieldend|move: Psychic Terrain\n|upkeep\n|\n|t:|1700978937\n|switch|p2b: Regieleki|Regieleki, L50, tera:Ice|100\/100\n|switch|p2a: Flutter Mane|Flutter Mane, L50|100\/100\n|turn|6\n|\n|t:|1700978962\n|switch|p1b: Chien-Pao|Chien-Pao, L50|100\/100\n|-ability|p1b: Chien-Pao|Sword of Ruin\n|move|p2b: Regieleki|Tera Blast|p1b: Chien-Pao|[anim] Tera Blast Ice\n|-resisted|p1b: Chien-Pao\n|-damage|p1b: Chien-Pao|71\/100\n|move|p2a: Flutter Mane|Shadow Ball|p1a: Heatran\n|-damage|p1a: Heatran|62\/100\n|move|p1a: Heatran|Flash Cannon|p2a: Flutter Mane\n|-supereffective|p2a: Flutter Mane\n|-damage|p2a: Flutter Mane|8\/100\n|\n|-heal|p1a: Heatran|68\/100|[from] item: Leftovers\n|upkeep\n|turn|7\n|\n|t:|1700978983\n|move|p2b: Regieleki|Protect|p2b: Regieleki\n|-singleturn|p2b: Regieleki|Protect\n|move|p2a: Flutter Mane|Dazzling Gleam|p1a: Heatran|[spread] p1a,p1b\n|-resisted|p1a: Heatran\n|-supereffective|p1b: Chien-Pao\n|-damage|p1a: Heatran|62\/100\n|-damage|p1b: Chien-Pao|0 fnt\n|faint|p1b: Chien-Pao\n|move|p1a: Heatran|Heat Wave|p2b: Regieleki|[spread] p2a\n|-activate|p2b: Regieleki|move: Protect\n|-damage|p2a: Flutter Mane|0 fnt\n|faint|p2a: Flutter Mane\n|-end|p2a: Flutter Mane|Protosynthesis|[silent]\n|\n|-heal|p1a: Heatran|68\/100|[from] item: Leftovers\n|upkeep\n|\n|t:|1700978996\n|switch|p1b: Iron Hands|Iron Hands, L50|100\/100\n|turn|8\n|\n|t:|1700979002\n|move|p2b: Regieleki|Protect||[still]\n|-fail|p2b: Regieleki\n|move|p1b: Iron Hands|Fake Out|p2b: Regieleki\n|-damage|p2b: Regieleki|77\/100\n|move|p1a: Heatran|Flash Cannon|p2b: Regieleki\n|-supereffective|p2b: Regieleki\n|-damage|p2b: Regieleki|0 fnt\n|faint|p2b: Regieleki\n|\n|win|dab_015\n|raw|dab_015's rating: 1096 &rarr; <strong>1120<\/strong><br \/>(+24 for winning)\n|raw|whyismynamejeff's rating: 1073 &rarr; <strong>1053<\/strong><br \/>(-20 for losing)\n|l|\u2606whyismynamejeff\n|l|\u2606dab_015\n|j|\u2606whyismynamejeff\n|player|p2|whyismynamejeff|colress\n","uploadtime":1700979025,"views":8,"p1id":"dab015","p2id":"whyismynamejeff","formatid":"gen9vgc2023regulatione","rating":1053,"private":0,"password":""}