{"id":"gen9vgc2023regulatione-1992518662","p1":"WatchingWorlds2023","p2":"kidturtle","format":"[Gen 9] VGC 2023 Regulation E","log":"|j|\u2606WatchingWorlds2023\n|j|\u2606kidturtle\n|t:|1700198447\n|gametype|doubles\n|player|p1|WatchingWorlds2023|2|\n|player|p2|kidturtle|hoopster|\n|teamsize|p1|6\n|teamsize|p2|6\n|gen|9\n|tier|[Gen 9] VGC 2023 Regulation E\n|rated|Tournament battle\n|rule|Species Clause: Limit one of each Pok\u00e9mon\n|rule|Item Clause: Limit one of each item\n|clearpoke\n|poke|p1|Roaring Moon, L50|\n|poke|p1|Iron Hands, L50|\n|poke|p1|Heatran, L50, M|\n|poke|p1|Ogerpon, L50, F|\n|poke|p1|Flutter Mane, L50|\n|poke|p1|Corviknight, L50, M|\n|poke|p2|Ursaluna, L50, M|\n|poke|p2|Cresselia, L50, F|\n|poke|p2|Flutter Mane, L50|\n|poke|p2|Chi-Yu, L50|\n|poke|p2|Iron Hands, L50|\n|poke|p2|Urshifu-*, L50, M|\n|teampreview|4\n|showteam|p1|Roaring Moon||BoosterEnergy|Protosynthesis|Acrobatics,KnockOff,Tailwind,Protect||||||50|,,,,,Flying]Iron Hands||AssaultVest|QuarkDrive|FakeOut,WildCharge,DrainPunch,HeavySlam||||||50|,,,,,Water]Heatran||LifeOrb|FlashFire|HeatWave,FlashCannon,EarthPower,Protect|||M|||50|,,,,,Fairy]Ogerpon||RazorClaw|Defiant|IvyCudgel,StompingTantrum,SwordsDance,SpikyShield|||F|||50|,,,,,Grass]Flutter Mane||ChoiceSpecs|Protosynthesis|DazzlingGleam,Moonblast,ShadowBall,MysticalFire||||||50|,,,,,Fairy]Corviknight||Leftovers|MirrorArmor|IronHead,IronDefense,Roost,BodyPress|||M|||50|,,,,,Dragon\n|showteam|p2|Ursaluna||FlameOrb|Guts|Facade,Earthquake,SwordsDance,Protect|||M|||50|,,,,,Ghost]Cresselia||MentalHerb|Levitate|IceBeam,AllySwitch,LunarBlessing,TrickRoom|||F|||50|,,,,,Fairy]Flutter Mane||BoosterEnergy|Protosynthesis|IcyWind,ShadowBall,Moonblast,Protect||||||50|,,,,,Fairy]Chi-Yu||ChoiceSpecs|BeadsofRuin|BurningJealousy,DarkPulse,Overheat,Snarl||||||50|,,,,,Ghost]Iron Hands||SitrusBerry|QuarkDrive|DrainPunch,WildCharge,FakeOut,SwordsDance||||||50|,,,,,Fire]Urshifu||FocusSash|UnseenFist|Detect,WickedBlow,CloseCombat,SuckerPunch|||M|||50|,,,,,Dark\n|inactive|Battle timer is ON: inactive players will automatically lose when time's up. (requested by kidturtle)\n|inactive|WatchingWorlds2023 has 60 seconds left.\n|\n|t:|1700198501\n|start\n|switch|p1a: Heatran|Heatran, L50, M|100\/100\n|switch|p1b: Roaring Moon|Roaring Moon, L50|100\/100\n|switch|p2a: Flutter Mane|Flutter Mane, L50, shiny|100\/100\n|switch|p2b: Chi-Yu|Chi-Yu, L50|100\/100\n|-ability|p2b: Chi-Yu|Beads of Ruin\n|-enditem|p2a: Flutter Mane|Booster Energy\n|-activate|p2a: Flutter Mane|ability: Protosynthesis|[fromitem]\n|-start|p2a: Flutter Mane|protosynthesisspe\n|-enditem|p1b: Roaring Moon|Booster Energy\n|-activate|p1b: Roaring Moon|ability: Protosynthesis|[fromitem]\n|-start|p1b: Roaring Moon|protosynthesisspe\n|turn|1\n|\n|t:|1700198521\n|move|p2a: Flutter Mane|Protect|p2a: Flutter Mane\n|-singleturn|p2a: Flutter Mane|Protect\n|move|p1b: Roaring Moon|Protect|p1b: Roaring Moon\n|-singleturn|p1b: Roaring Moon|Protect\n|move|p2b: Chi-Yu|Snarl|p1a: Heatran|[spread] p1a\n|-activate|p1b: Roaring Moon|move: Protect\n|-damage|p1a: Heatran|59\/100\n|-unboost|p1a: Heatran|spa|1\n|move|p1a: Heatran|Flash Cannon|p2a: Flutter Mane\n|-activate|p2a: Flutter Mane|move: Protect\n|\n|upkeep\n|turn|2\n|inactive|kidturtle has 30 seconds left.\n|\n|t:|1700198551\n|-terastallize|p1b: Roaring Moon|Flying\n|move|p2a: Flutter Mane|Moonblast|p1b: Roaring Moon\n|-damage|p1b: Roaring Moon|39\/100\n|move|p1b: Roaring Moon|Tailwind|p1b: Roaring Moon\n|-sidestart|p1: WatchingWorlds2023|move: Tailwind\n|move|p1a: Heatran|Flash Cannon|p2a: Flutter Mane\n|-supereffective|p2a: Flutter Mane\n|-damage|p2a: Flutter Mane|0 fnt\n|faint|p2a: Flutter Mane\n|-end|p2a: Flutter Mane|Protosynthesis|[silent]\n|-damage|p1a: Heatran|50\/100|[from] item: Life Orb\n|move|p2b: Chi-Yu|Snarl|p1a: Heatran|[spread] p1a,p1b\n|-damage|p1a: Heatran|9\/100\n|-damage|p1b: Roaring Moon|0 fnt\n|-unboost|p1a: Heatran|spa|1\n|faint|p1b: Roaring Moon\n|-end|p1b: Roaring Moon|Protosynthesis|[silent]\n|\n|upkeep\n|\n|t:|1700198568\n|switch|p2a: Cresselia|Cresselia, L50, F|100\/100\n|switch|p1b: Corviknight|Corviknight, L50, M|100\/100\n|turn|3\n|\n|t:|1700198576\n|switch|p1a: Iron Hands|Iron Hands, L50|100\/100\n|switch|p2b: Ursaluna|Ursaluna, L50, M|100\/100\n|move|p1b: Corviknight|Iron Defense|p1b: Corviknight\n|-boost|p1b: Corviknight|def|2\n|move|p2a: Cresselia|Trick Room|p2a: Cresselia\n|-fieldstart|move: Trick Room|[of] p2a: Cresselia\n|\n|-status|p2b: Ursaluna|brn|[from] item: Flame Orb\n|upkeep\n|turn|4\n|j|%Radio Free C-Side\n|\n|t:|1700198593\n|-terastallize|p2b: Ursaluna|Ghost\n|move|p1a: Iron Hands|Fake Out|p2b: Ursaluna\n|-immune|p2b: Ursaluna\n|move|p2b: Ursaluna|Swords Dance|p2b: Ursaluna\n|-boost|p2b: Ursaluna|atk|2\n|move|p2a: Cresselia|Ice Beam|p1b: Corviknight\n|-damage|p1b: Corviknight|88\/100\n|move|p1b: Corviknight|Iron Defense|p1b: Corviknight\n|-boost|p1b: Corviknight|def|2\n|\n|-heal|p1b: Corviknight|94\/100|[from] item: Leftovers\n|-damage|p2b: Ursaluna|95\/100 brn|[from] brn\n|upkeep\n|turn|5\n|\n|t:|1700198609\n|move|p2b: Ursaluna|Facade|p1a: Iron Hands\n|-damage|p1a: Iron Hands|0 fnt\n|faint|p1a: Iron Hands\n|-end|p1a: Iron Hands|Quark Drive|[silent]\n|move|p2a: Cresselia|Ice Beam|p1b: Corviknight\n|-damage|p1b: Corviknight|81\/100\n|move|p1b: Corviknight|Iron Defense|p1b: Corviknight\n|-boost|p1b: Corviknight|def|2\n|\n|-heal|p1b: Corviknight|87\/100|[from] item: Leftovers\n|-damage|p2b: Ursaluna|89\/100 brn|[from] brn\n|-sideend|p1: WatchingWorlds2023|move: Tailwind\n|upkeep\n|\n|t:|1700198620\n|switch|p1a: Heatran|Heatran, L50, M|9\/100\n|turn|6\n|\n|t:|1700198631\n|move|p1a: Heatran|Protect|p1a: Heatran\n|-singleturn|p1a: Heatran|Protect\n|move|p2b: Ursaluna|Earthquake|p1a: Heatran|[spread] \n|-activate|p1a: Heatran|move: Protect\n|-immune|p2a: Cresselia|[from] ability: Levitate\n|-immune|p1b: Corviknight\n|move|p1b: Corviknight|Body Press|p2a: Cresselia\n|-resisted|p2a: Cresselia\n|-damage|p2a: Cresselia|79\/100\n|move|p2a: Cresselia|Ice Beam|p1b: Corviknight\n|-damage|p1b: Corviknight|77\/100\n|\n|-heal|p1b: Corviknight|82\/100|[from] item: Leftovers\n|-damage|p2b: Ursaluna|83\/100 brn|[from] brn\n|upkeep\n|turn|7\n|\n|t:|1700198649\n|move|p1a: Heatran|Protect||[still]\n|-fail|p1a: Heatran\n|move|p2b: Ursaluna|Earthquake|p1b: Corviknight|[spread] p1a\n|-immune|p2a: Cresselia|[from] ability: Levitate\n|-immune|p1b: Corviknight\n|-supereffective|p1a: Heatran\n|-damage|p1a: Heatran|0 fnt\n|faint|p1a: Heatran\n|move|p1b: Corviknight|Iron Head|p2b: Ursaluna\n|-damage|p2b: Ursaluna|64\/100 brn\n|move|p2a: Cresselia|Ice Beam|p1b: Corviknight\n|-damage|p1b: Corviknight|70\/100\n|\n|-heal|p1b: Corviknight|76\/100|[from] item: Leftovers\n|-damage|p2b: Ursaluna|58\/100 brn|[from] brn\n|-fieldend|move: Trick Room\n|upkeep\n|turn|8\n|\n|t:|1700198655\n|move|p1b: Corviknight|Roost|p1b: Corviknight\n|-heal|p1b: Corviknight|100\/100\n|-singleturn|p1b: Corviknight|move: Roost\n|move|p2b: Ursaluna|Swords Dance|p2b: Ursaluna\n|-boost|p2b: Ursaluna|atk|2\n|move|p2a: Cresselia|Trick Room|p2a: Cresselia\n|-fieldstart|move: Trick Room|[of] p2a: Cresselia\n|\n|-damage|p2b: Ursaluna|52\/100 brn|[from] brn\n|upkeep\n|turn|9\n|\n|t:|1700198662\n|move|p2b: Ursaluna|Swords Dance|p2b: Ursaluna\n|-boost|p2b: Ursaluna|atk|2\n|move|p1b: Corviknight|Iron Head|p2b: Ursaluna\n|-damage|p2b: Ursaluna|33\/100 brn\n|move|p2a: Cresselia|Lunar Blessing|p2a: Cresselia|[spread] p2a,p2b\n|-heal|p2a: Cresselia|100\/100\n|-heal|p2b: Ursaluna|57\/100 brn\n|-curestatus|p2b: Ursaluna|brn|[msg]\n|\n|-status|p2b: Ursaluna|brn|[from] item: Flame Orb\n|upkeep\n|turn|10\n|\n|t:|1700198668\n|move|p2b: Ursaluna|Facade|p1b: Corviknight\n|-resisted|p1b: Corviknight\n|-damage|p1b: Corviknight|45\/100\n|move|p1b: Corviknight|Iron Head|p2b: Ursaluna\n|-damage|p2b: Ursaluna|41\/100 brn\n|move|p2a: Cresselia|Lunar Blessing|p2a: Cresselia|[spread] p2a,p2b\n|-heal|p2b: Ursaluna|65\/100 brn\n|-curestatus|p2b: Ursaluna|brn|[msg]\n|\n|-heal|p1b: Corviknight|51\/100|[from] item: Leftovers\n|-status|p2b: Ursaluna|brn|[from] item: Flame Orb\n|upkeep\n|turn|11\n|\n|t:|1700198675\n|move|p2b: Ursaluna|Facade|p1b: Corviknight\n|-resisted|p1b: Corviknight\n|-damage|p1b: Corviknight|0 fnt\n|faint|p1b: Corviknight\n|\n|win|kidturtle\n|n|\u2606WatchingWorlds2023|watchingworlds2023\n|n|\u2606kidturtle|kidturtle\n|n| Radio Free C-Side|radiofreecside\n|l|\u2606WatchingWorlds2023\n","uploadtime":1700198700,"views":13,"p1id":"watchingworlds2023","p2id":"kidturtle","formatid":"gen9vgc2023regulatione","rating":0,"private":0,"password":""}