{"id":"gen9vgc2023regulatione-1997932224","p1":"NormalLight","p2":"MidnightV2","format":"[Gen 9] VGC 2023 Regulation E","log":"|j|\u2606NormalLight\n|j|\u2606MidnightV2\n|n|\u2606NormalLight|normallight\n|n|\u2606MidnightV2|midnightv2\n|html|View the match progress at <a href=\"\/game-bestof3-gen9vgc2023regulatione-1997929239\">game-bestof3-gen9vgc2023regulatione-1997929239<\/a>\n|t:|1700868983\n|gametype|doubles\n|player|p1|NormalLight|n|\n|player|p2|MidnightV2|steven|\n|teamsize|p1|6\n|teamsize|p2|6\n|gen|9\n|tier|[Gen 9] VGC 2023 Regulation E\n|rule|Species Clause: Limit one of each Pok\u00e9mon\n|rule|Item Clause: Limit one of each item\n|clearpoke\n|poke|p1|Rillaboom, L50, F|\n|poke|p1|Rotom-Wash, L50|\n|poke|p1|Baxcalibur, L50, M|\n|poke|p1|Pelipper, L50, F|\n|poke|p1|Ninetales-Alola, L50, M|\n|poke|p1|Kingambit, L50, M|\n|poke|p2|Flutter Mane, L50|\n|poke|p2|Chi-Yu, L50|\n|poke|p2|Glimmora, L50, F|\n|poke|p2|Cetitan, L50, F|\n|poke|p2|Barraskewda, L50, M|\n|poke|p2|Klefki, L50, M|\n|teampreview|4\n|\n|t:|1700869033\n|start\n|switch|p1a: Ninetales|Ninetales-Alola, L50, M|100\/100\n|switch|p1b: Pelipper|Pelipper, L50, F|100\/100\n|switch|p2a: Chi-Yu|Chi-Yu, L50|100\/100\n|switch|p2b: Cetitan|Cetitan, L50, F, shiny|100\/100\n|-ability|p2a: Chi-Yu|Beads of Ruin\n|-weather|Snow|[from] ability: Snow Warning|[of] p1a: Ninetales\n|-weather|RainDance|[from] ability: Drizzle|[of] p1b: Pelipper\n|turn|1\n|\n|t:|1700869076\n|switch|p2a: Barraskewda|Barraskewda, L50, M|100\/100\n|move|p1a: Ninetales|Protect|p1a: Ninetales\n|-singleturn|p1a: Ninetales|Protect\n|move|p1b: Pelipper|Tailwind|p1b: Pelipper\n|-sidestart|p1: NormalLight|move: Tailwind\n|move|p2b: Cetitan|Ice Spinner|p1b: Pelipper\n|-damage|p1b: Pelipper|47\/100\n|\n|-weather|RainDance|[upkeep]\n|upkeep\n|turn|2\n|\n|t:|1700869119\n|switch|p1a: Kingambit|Kingambit, L50, M|100\/100\n|move|p2a: Barraskewda|Liquidation|p1a: Kingambit\n|-damage|p1a: Kingambit|27\/100\n|-unboost|p1a: Kingambit|def|1\n|-ability|p1a: Kingambit|Defiant|boost\n|-boost|p1a: Kingambit|atk|2\n|move|p1b: Pelipper|Hurricane|p2a: Barraskewda\n|-damage|p2a: Barraskewda|0 fnt\n|faint|p2a: Barraskewda\n|move|p2b: Cetitan|Ice Spinner|p1b: Pelipper\n|-damage|p1b: Pelipper|0 fnt\n|faint|p1b: Pelipper\n|\n|-weather|RainDance|[upkeep]\n|upkeep\n|\n|t:|1700869145\n|switch|p2a: Chi-Yu|Chi-Yu, L50|100\/100\n|switch|p1b: Rillaboom|Rillaboom, L50, F|100\/100\n|-fieldstart|move: Grassy Terrain|[from] ability: Grassy Surge|[of] p1b: Rillaboom\n|-ability|p2a: Chi-Yu|Beads of Ruin\n|turn|3\n|\n|t:|1700869201\n|switch|p2a: Flutter Mane|Flutter Mane, L50|100\/100\n|-enditem|p2a: Flutter Mane|Booster Energy\n|-activate|p2a: Flutter Mane|ability: Protosynthesis|[fromitem]\n|-start|p2a: Flutter Mane|protosynthesisspe\n|move|p1b: Rillaboom|Fake Out|p2a: Flutter Mane\n|-immune|p2a: Flutter Mane\n|move|p1a: Kingambit|Sucker Punch|p2b: Cetitan\n|-damage|p2b: Cetitan|14\/100\n|move|p2b: Cetitan|High Horsepower|p1a: Kingambit\n|-supereffective|p1a: Kingambit\n|-damage|p1a: Kingambit|0 fnt\n|faint|p1a: Kingambit\n|\n|-weather|RainDance|[upkeep]\n|-heal|p2b: Cetitan|20\/100|[from] Grassy Terrain\n|upkeep\n|\n|t:|1700869213\n|switch|p1a: Ninetales|Ninetales-Alola, L50, M|100\/100\n|-weather|Snow|[from] ability: Snow Warning|[of] p1a: Ninetales\n|turn|4\n|\n|t:|1700869242\n|-end|p2a: Flutter Mane|Protosynthesis|[silent]\n|switch|p2a: Chi-Yu|Chi-Yu, L50|100\/100\n|-ability|p2a: Chi-Yu|Beads of Ruin\n|move|p1b: Rillaboom|Grassy Glide|p2b: Cetitan\n|-damage|p2b: Cetitan|0 fnt\n|faint|p2b: Cetitan\n|move|p1a: Ninetales|Aurora Veil|p1a: Ninetales\n|-sidestart|p1: NormalLight|move: Aurora Veil\n|\n|-weather|Snow|[upkeep]\n|-sideend|p1: NormalLight|move: Tailwind\n|upkeep\n|\n|t:|1700869252\n|switch|p2b: Flutter Mane|Flutter Mane, L50|100\/100\n|turn|5\n|\n|t:|1700869300\n|-terastallize|p2b: Flutter Mane|Fairy\n|move|p2a: Chi-Yu|Overheat|p1b: Rillaboom\n|-supereffective|p1b: Rillaboom\n|-damage|p1b: Rillaboom|0 fnt\n|-unboost|p2a: Chi-Yu|spa|2\n|faint|p1b: Rillaboom\n|move|p2b: Flutter Mane|Dazzling Gleam|p1a: Ninetales\n|-damage|p1a: Ninetales|43\/100\n|move|p1a: Ninetales|Moonblast|p2a: Chi-Yu\n|-damage|p2a: Chi-Yu|56\/100\n|\n|-weather|Snow|[upkeep]\n|-heal|p2a: Chi-Yu|62\/100|[from] Grassy Terrain\n|-heal|p1a: Ninetales|49\/100|[from] Grassy Terrain\n|upkeep\n|turn|6\n|\n|t:|1700869316\n|-terastallize|p1a: Ninetales|Ice\n|move|p2a: Chi-Yu|Overheat|p1a: Ninetales\n|-supereffective|p1a: Ninetales\n|-damage|p1a: Ninetales|0 fnt\n|-unboost|p2a: Chi-Yu|spa|2\n|faint|p1a: Ninetales\n|\n|win|MidnightV2\n","uploadtime":1700869358,"views":2,"p1id":"normallight","p2id":"midnightv2","formatid":"gen9vgc2023regulatione","rating":0,"private":0,"password":""}