{"id":"gen9vgc2023regulatione-1991308766","p1":"Dioxide8","p2":"michisio","format":"[Gen 9] VGC 2023 Regulation E","log":"|j|\u2606Dioxide8\n|j|\u203dmichisio\n|t:|1700066301\n|gametype|doubles\n|player|p1|Dioxide8|youngster-gen4dp|1670\n|player|p2|michisio|102|1588\n|teamsize|p1|6\n|teamsize|p2|6\n|gen|9\n|tier|[Gen 9] VGC 2023 Regulation E\n|rated|\n|rule|Species Clause: Limit one of each Pok\u00e9mon\n|rule|Item Clause: Limit one of each item\n|clearpoke\n|poke|p1|Torkoal, L50, F|\n|poke|p1|Indeedee-F, L50, F|\n|poke|p1|Ursaluna, L50, M|\n|poke|p1|Armarouge, L50, F|\n|poke|p1|Lilligant-Hisui, L50, F|\n|poke|p1|Cresselia, L50, F|\n|poke|p2|Tatsugiri, L50, M|\n|poke|p2|Dondozo, L50, F|\n|poke|p2|Glimmora, L50, F|\n|poke|p2|Ninetales-Alola, L50, F|\n|poke|p2|Flutter Mane, L50|\n|poke|p2|Landorus-Therian, L50, M|\n|teampreview|4\n|inactive|Battle timer is ON: inactive players will automatically lose when time's up. (requested by Dioxide8)\n|\n|t:|1700066353\n|start\n|switch|p1a: Indeedee|Indeedee-F, L50, F, shiny|100\/100\n|switch|p1b: Armarouge|Armarouge, L50, F|100\/100\n|switch|p2a: Dondozo|Dondozo, L50, F|100\/100\n|switch|p2b: Ninetales|Ninetales-Alola, L50, F|100\/100\n|-weather|Snow|[from] ability: Snow Warning|[of] p2b: Ninetales\n|-fieldstart|move: Psychic Terrain|[from] ability: Psychic Surge|[of] p1a: Indeedee\n|-enditem|p1a: Indeedee|Psychic Seed\n|-boost|p1a: Indeedee|spd|1|[from] item: Psychic Seed\n|turn|1\n|\n|t:|1700066369\n|-terastallize|p1b: Armarouge|Grass\n|move|p2a: Dondozo|Protect|p2a: Dondozo\n|-singleturn|p2a: Dondozo|Protect\n|move|p2b: Ninetales|Aurora Veil|p2b: Ninetales\n|-sidestart|p2: michisio|move: Aurora Veil\n|move|p1b: Armarouge|Expanding Force|p2a: Dondozo|[spread] p2b\n|-activate|p2a: Dondozo|move: Protect\n|-crit|p2b: Ninetales\n|-damage|p2b: Ninetales|0 fnt\n|faint|p2b: Ninetales\n|-damage|p1b: Armarouge|91\/100|[from] item: Life Orb\n|move|p1a: Indeedee|Trick Room|p1a: Indeedee\n|-fieldstart|move: Trick Room|[of] p1a: Indeedee\n|\n|-weather|Snow|[upkeep]\n|upkeep\n|\n|t:|1700066382\n|switch|p2b: Tatsugiri|Tatsugiri, L50, M|100\/100\n|-activate|p2b: Tatsugiri|ability: Commander|[of] p2a: Dondozo\n|-boost|p2a: Dondozo|atk|2\n|-boost|p2a: Dondozo|spa|2\n|-boost|p2a: Dondozo|spe|2\n|-boost|p2a: Dondozo|def|2\n|-boost|p2a: Dondozo|spd|2\n|turn|2\n|\n|t:|1700066394\n|move|p1a: Indeedee|Helping Hand|p1b: Armarouge\n|-singleturn|p1b: Armarouge|Helping Hand|[of] p1a: Indeedee\n|move|p1b: Armarouge|Expanding Force|p2b: Tatsugiri|[spread] p2a\n|-miss|p1b: Armarouge|p2b: Tatsugiri\n|-damage|p2a: Dondozo|68\/100\n|-damage|p1b: Armarouge|81\/100|[from] item: Life Orb\n|move|p2a: Dondozo|Order Up|p1b: Armarouge\n|-damage|p1b: Armarouge|40\/100\n|-boost|p2a: Dondozo|atk|1\n|\n|-weather|Snow|[upkeep]\n|-heal|p2a: Dondozo|74\/100|[from] item: Leftovers\n|upkeep\n|turn|3\n|inactive|Dioxide8 has 30 seconds left.\n|\n|t:|1700066425\n|move|p1a: Indeedee|Helping Hand|p1b: Armarouge\n|-singleturn|p1b: Armarouge|Helping Hand|[of] p1a: Indeedee\n|move|p2a: Dondozo|Protect|p2a: Dondozo\n|-singleturn|p2a: Dondozo|Protect\n|move|p1b: Armarouge|Expanding Force|p2b: Tatsugiri|[spread] \n|-miss|p1b: Armarouge|p2b: Tatsugiri\n|-activate|p2a: Dondozo|move: Protect\n|\n|-weather|Snow|[upkeep]\n|-heal|p2a: Dondozo|80\/100|[from] item: Leftovers\n|upkeep\n|turn|4\n|\n|t:|1700066447\n|move|p1a: Indeedee|Helping Hand|p1b: Armarouge\n|-singleturn|p1b: Armarouge|Helping Hand|[of] p1a: Indeedee\n|move|p1b: Armarouge|Expanding Force|p2a: Dondozo|[spread] p2a\n|-miss|p1b: Armarouge|p2b: Tatsugiri\n|-damage|p2a: Dondozo|47\/100\n|-damage|p1b: Armarouge|30\/100|[from] item: Life Orb\n|move|p2a: Dondozo|Order Up|p1b: Armarouge\n|-damage|p1b: Armarouge|0 fnt\n|faint|p1b: Armarouge\n|-boost|p2a: Dondozo|atk|1\n|\n|-weather|Snow|[upkeep]\n|-heal|p2a: Dondozo|53\/100|[from] item: Leftovers\n|upkeep\n|\n|t:|1700066465\n|switch|p1b: Ursaluna|Ursaluna, L50, M|100\/100\n|turn|5\n|\n|t:|1700066489\n|move|p1b: Ursaluna|Protect|p1b: Ursaluna\n|-singleturn|p1b: Ursaluna|Protect\n|move|p1a: Indeedee|Psychic|p2a: Dondozo\n|-damage|p2a: Dondozo|43\/100\n|move|p2a: Dondozo|Order Up|p1a: Indeedee\n|-damage|p1a: Indeedee|39\/100\n|-boost|p2a: Dondozo|atk|1\n|\n|-weather|none\n|-heal|p2a: Dondozo|49\/100|[from] item: Leftovers\n|-fieldend|move: Trick Room\n|-fieldend|move: Psychic Terrain\n|-status|p1b: Ursaluna|brn|[from] item: Flame Orb\n|upkeep\n|turn|6\n|\n|t:|1700066507\n|move|p1a: Indeedee|Follow Me|p1a: Indeedee\n|-singleturn|p1a: Indeedee|move: Follow Me\n|move|p2a: Dondozo|Order Up|p1a: Indeedee\n|-damage|p1a: Indeedee|0 fnt\n|faint|p1a: Indeedee\n|-boost|p2a: Dondozo|atk|1\n|move|p1b: Ursaluna|Facade|p2a: Dondozo\n|-damage|p2a: Dondozo|21\/100\n|\n|-heal|p2a: Dondozo|27\/100|[from] item: Leftovers\n|-damage|p1b: Ursaluna|95\/100 brn|[from] brn\n|upkeep\n|\n|t:|1700066521\n|switch|p1a: Torkoal|Torkoal, L50, F|100\/100\n|-weather|SunnyDay|[from] ability: Drought|[of] p1a: Torkoal\n|turn|7\n|\n|t:|1700066530\n|move|p1b: Ursaluna|Protect|p1b: Ursaluna\n|-singleturn|p1b: Ursaluna|Protect\n|move|p2a: Dondozo|Order Up|p1b: Ursaluna\n|-activate|p1b: Ursaluna|move: Protect\n|move|p1a: Torkoal|Eruption|p2a: Dondozo|[spread] p2a\n|-miss|p1a: Torkoal|p2b: Tatsugiri\n|-resisted|p2a: Dondozo\n|-crit|p2a: Dondozo\n|-damage|p2a: Dondozo|0 fnt\n|faint|p2a: Dondozo\n|\n|-weather|SunnyDay|[upkeep]\n|-damage|p1b: Ursaluna|89\/100 brn|[from] brn\n|upkeep\n|\n|t:|1700066538\n|switch|p2a: Flutter Mane|Flutter Mane, L50|100\/100\n|-activate|p2a: Flutter Mane|ability: Protosynthesis\n|-start|p2a: Flutter Mane|protosynthesisspa\n|turn|8\n|inactive|Dioxide8 has 30 seconds left.\n|inactive|Dioxide8 has 20 seconds left.\n|inactive|Dioxide8 has 15 seconds left.\n|\n|t:|1700066580\n|-terastallize|p2a: Flutter Mane|Fairy\n|move|p1a: Torkoal|Protect|p1a: Torkoal\n|-singleturn|p1a: Torkoal|Protect\n|move|p2a: Flutter Mane|Moonblast|p1b: Ursaluna\n|-damage|p1b: Ursaluna|0 fnt\n|faint|p1b: Ursaluna\n|move|p2b: Tatsugiri|Muddy Water|p1a: Torkoal\n|-activate|p1a: Torkoal|move: Protect\n|\n|-weather|SunnyDay|[upkeep]\n|-sideend|p2: michisio|move: Aurora Veil\n|upkeep\n|turn|9\n|\n|t:|1700066590\n|move|p2a: Flutter Mane|Moonblast|p1a: Torkoal\n|-resisted|p1a: Torkoal\n|-damage|p1a: Torkoal|3\/100\n|-unboost|p1a: Torkoal|spa|1\n|move|p2b: Tatsugiri|Muddy Water|p1a: Torkoal\n|-supereffective|p1a: Torkoal\n|-damage|p1a: Torkoal|0 fnt\n|faint|p1a: Torkoal\n|\n|win|michisio\n|raw|Dioxide8's rating: 1670 &rarr; <strong>1645<\/strong><br \/>(-25 for losing)\n|raw|michisio's rating: 1588 &rarr; <strong>1613<\/strong><br \/>(+25 for winning)\n|j| Playsterco\n|c|\u2606Dioxide8|Gg\n|c|\u2606Dioxide8|Strong Dozo you got there haha\n|l|\u2606Dioxide8\n","uploadtime":1700066654,"views":17,"p1id":"dioxide8","p2id":"michisio","formatid":"gen9vgc2023regulatione","rating":1613,"private":0,"password":""}