{"id":"gen9vgc2023regulatione-1995536051","p1":"Coolress77","p2":"Mnthll","format":"[Gen 9] VGC 2023 Regulation E","log":"|j|\u2606Coolress77\n|j|\u2606Mnthll\n|t:|1700580780\n|gametype|doubles\n|player|p1|Coolress77|colress|\n|player|p2|Mnthll|gentleman-gen4|\n|teamsize|p1|6\n|teamsize|p2|6\n|gen|9\n|tier|[Gen 9] VGC 2023 Regulation E\n|rated|Tournament battle\n|rule|Species Clause: Limit one of each Pok\u00e9mon\n|rule|Item Clause: Limit one of each item\n|clearpoke\n|poke|p1|Tyranitar, L50, M|\n|poke|p1|Arcanine-Hisui, L50, F|\n|poke|p1|Garchomp, L50, M|\n|poke|p1|Gholdengo, L50|\n|poke|p1|Iron Bundle, L50|\n|poke|p1|Ogerpon, L50, F|\n|poke|p2|Umbreon, L50, F|\n|poke|p2|Rillaboom, L50, F|\n|poke|p2|Talonflame, L50, M|\n|poke|p2|Urshifu-*, L50, M|\n|poke|p2|Gholdengo, L50|\n|poke|p2|Cresselia, L50, F|\n|teampreview|4\n|showteam|p1|Tyranitar||AssaultVest|SandStream|RockSlide,KnockOff,TeraBlast,LowKick|||M|||50|,,,,,Psychic]Arcanine-Hisui||ChoiceBand|Intimidate|FlareBlitz,RockSlide,ExtremeSpeed,TeraBlast|||F|||50|,,,,,Fairy]Garchomp||BrightPowder|SandVeil|StompingTantrum,IronHead,SwordsDance,Protect|||M|||50|,,,,,Steel]Gholdengo||ChoiceScarf|GoodasGold|MakeItRain,ShadowBall,Thunderbolt,DazzlingGleam||||||50|,,,,,Fairy]Iron Bundle||BoosterEnergy|QuarkDrive|FreezeDry,HydroPump,IcyWind,Protect||||||50|,,,,,Ice]Ogerpon||FocusSash|Defiant|IvyCudgel,StompingTantrum,FollowMe,SpikyShield|||F|||50|,,,,,Grass\n|showteam|p2|Umbreon||Leftovers|InnerFocus|FoulPlay,Yawn,Snarl,Protect|||F|||50|,,,,,Poison]Rillaboom||MiracleSeed|GrassySurge|GrassyGlide,FakeOut,WoodHammer,Protect|||F|||50|,,,,,Grass]Talonflame||CovertCloak|GaleWings|Tailwind,BraveBird,WillOWisp,Roost|||M|||50|,,,,,Grass]Urshifu-Rapid-Strike||ChoiceScarf|UnseenFist|SurgingStrikes,CloseCombat,AquaJet,Uturn|||M|||50|,,,,,Water]Gholdengo||ChoiceSpecs|GoodasGold|MakeItRain,ShadowBall,Thunderbolt,DazzlingGleam||||||50|,,,,,Steel]Cresselia||SitrusBerry|Levitate|Moonblast,TrickRoom,IceBeam,LunarBlessing|||F|||50|,,,,,Fairy\n|c|\u2606Coolress77|glhf\n|\n|t:|1700580825\n|start\n|switch|p1a: Tyranitar|Tyranitar, L50, M|100\/100\n|switch|p1b: Arcanine|Arcanine-Hisui, L50, F|100\/100\n|switch|p2a: Talonflame|Talonflame, L50, M|100\/100\n|switch|p2b: Gholdengo|Gholdengo, L50|100\/100\n|-ability|p1b: Arcanine|Intimidate|boost\n|-unboost|p2a: Talonflame|atk|1\n|-unboost|p2b: Gholdengo|atk|1\n|-weather|Sandstorm|[from] ability: Sand Stream|[of] p1a: Tyranitar\n|turn|1\n|j| SupaJello\n|\n|t:|1700580842\n|-terastallize|p2b: Gholdengo|Steel\n|move|p2a: Talonflame|Tailwind|p2a: Talonflame\n|-sidestart|p2: Mnthll|move: Tailwind\n|move|p2b: Gholdengo|Make It Rain|p1a: Tyranitar|[spread] p1a,p1b\n|-supereffective|p1a: Tyranitar\n|-damage|p1a: Tyranitar|19\/100\n|-damage|p1b: Arcanine|26\/100\n|-unboost|p2b: Gholdengo|spa|1\n|move|p1b: Arcanine|Rock Slide|p2b: Gholdengo|[spread] p2a,p2b\n|-supereffective|p2a: Talonflame\n|-resisted|p2b: Gholdengo\n|-damage|p2a: Talonflame|0 fnt\n|-damage|p2b: Gholdengo|79\/100\n|faint|p2a: Talonflame\n|move|p1a: Tyranitar|Knock Off|p2b: Gholdengo\n|-damage|p2b: Gholdengo|28\/100\n|-enditem|p2b: Gholdengo|Choice Specs|[from] move: Knock Off|[of] p1a: Tyranitar\n|\n|-weather|Sandstorm|[upkeep]\n|upkeep\n|l| SupaJello\n|j| Patrykme\n|\n|t:|1700580862\n|switch|p2a: Umbreon|Umbreon, L50, F, shiny|100\/100\n|turn|2\n|j| oompaboompa\n|\n|t:|1700580879\n|move|p2b: Gholdengo|Make It Rain|p1a: Tyranitar|[spread] p1a,p1b\n|-supereffective|p1a: Tyranitar\n|-damage|p1a: Tyranitar|0 fnt\n|-damage|p1b: Arcanine|0 fnt\n|-unboost|p2b: Gholdengo|spa|1\n|faint|p1a: Tyranitar\n|faint|p1b: Arcanine\n|move|p2a: Umbreon|Yawn|p1: Tyranitar|[notarget]\n|-fail|p2a: Umbreon\n|\n|-weather|Sandstorm|[upkeep]\n|-damage|p2a: Umbreon|94\/100|[from] Sandstorm\n|-heal|p2a: Umbreon|100\/100|[from] item: Leftovers\n|upkeep\n|\n|t:|1700580882\n|switch|p1b: Garchomp|Garchomp, L50, M|100\/100\n|switch|p1a: Gholdengo|Gholdengo, L50|100\/100\n|turn|3\n|\n|t:|1700580909\n|-terastallize|p1a: Gholdengo|Fairy\n|move|p1a: Gholdengo|Dazzling Gleam|p2a: Umbreon|[spread] p2a,p2b\n|-supereffective|p2a: Umbreon\n|-resisted|p2b: Gholdengo\n|-damage|p2a: Umbreon|57\/100\n|-damage|p2b: Gholdengo|11\/100\n|move|p2b: Gholdengo|Make It Rain|p1a: Gholdengo|[spread] p1a,p1b\n|-supereffective|p1a: Gholdengo\n|-damage|p1a: Gholdengo|12\/100\n|-damage|p1b: Garchomp|66\/100\n|-unboost|p2b: Gholdengo|spa|1\n|move|p2a: Umbreon|Yawn|p1b: Garchomp\n|-start|p1b: Garchomp|move: Yawn|[of] p2a: Umbreon\n|move|p1b: Garchomp|Stomping Tantrum|p2b: Gholdengo\n|-supereffective|p2b: Gholdengo\n|-damage|p2b: Gholdengo|0 fnt\n|faint|p2b: Gholdengo\n|\n|-weather|Sandstorm|[upkeep]\n|-damage|p1a: Gholdengo|6\/100|[from] Sandstorm\n|-damage|p2a: Umbreon|50\/100|[from] Sandstorm\n|-heal|p2a: Umbreon|57\/100|[from] item: Leftovers\n|upkeep\n|j| O1OOO11O\n|\n|t:|1700580928\n|switch|p2b: Urshifu|Urshifu-Rapid-Strike, L50, M|100\/100\n|turn|4\n|\n|t:|1700580935\n|move|p2a: Umbreon|Protect|p2a: Umbreon\n|-singleturn|p2a: Umbreon|Protect\n|move|p2b: Urshifu|Surging Strikes|p1a: Gholdengo\n|-crit|p1a: Gholdengo\n|-damage|p1a: Gholdengo|0 fnt\n|faint|p1a: Gholdengo\n|-hitcount|p1: Gholdengo|1\n|move|p1b: Garchomp|Swords Dance|p1b: Garchomp\n|-boost|p1b: Garchomp|atk|2\n|\n|-weather|Sandstorm|[upkeep]\n|-damage|p2b: Urshifu|94\/100|[from] Sandstorm\n|-damage|p2a: Umbreon|50\/100|[from] Sandstorm\n|-heal|p2a: Umbreon|57\/100|[from] item: Leftovers\n|-end|p1b: Garchomp|move: Yawn|[silent]\n|-status|p1b: Garchomp|slp\n|-sideend|p2: Mnthll|move: Tailwind\n|upkeep\n|turn|5\n|c|\u2606Coolress77|gg\n|\n|t:|1700580950\n|move|p2b: Urshifu|Surging Strikes|p1b: Garchomp|[miss]\n|-miss|p2b: Urshifu|p1b: Garchomp\n|cant|p1b: Garchomp|slp\n|move|p2a: Umbreon|Foul Play|p1b: Garchomp\n|-damage|p1b: Garchomp|0 fnt\n|faint|p1b: Garchomp\n|\n|win|Mnthll\n|n|\u2606Coolress77|coolress77\n|n|\u2606Mnthll|mnthll\n|n| Patrykme|patrykme\n|n| oompaboompa|oompaboompa\n|n| O1OOO11O|o1ooo11o\n|l| O1OOO11O\n|l| Patrykme\n|l|\u2606Coolress77\n|l| oompaboompa\n","uploadtime":1700580951,"views":5,"p1id":"coolress77","p2id":"mnthll","formatid":"gen9vgc2023regulatione","rating":0,"private":0,"password":""}