{"id":"gen9vgc2023regulatione-1994540210","p1":"colby2935","p2":"Ghostbiker603","format":"[Gen 9] VGC 2023 Regulation E","log":"|j|\u2606colby2935\n|j|\u2606Ghostbiker603\n|t:|1700456712\n|gametype|doubles\n|player|p1|colby2935|giovanni|1276\n|player|p2|Ghostbiker603|n|1288\n|teamsize|p1|6\n|teamsize|p2|6\n|gen|9\n|tier|[Gen 9] VGC 2023 Regulation E\n|rated|\n|rule|Species Clause: Limit one of each Pok\u00e9mon\n|rule|Item Clause: Limit one of each item\n|clearpoke\n|poke|p1|Medicham, L50, M|\n|poke|p1|Muk-Alola, L50, M|\n|poke|p1|Goodra-Hisui, L50, F|\n|poke|p1|Arcanine-Hisui, L50, F|\n|poke|p1|Flutter Mane, L50|\n|poke|p1|Milotic, L50, F|\n|poke|p2|Sinistcha-Masterpiece, L50|\n|poke|p2|Farigiraf, L50, F|\n|poke|p2|Tinkaton, L50, F|\n|poke|p2|Sylveon, L50, F|\n|poke|p2|Regidrago, L50|\n|poke|p2|Goodra-Hisui, L50, M|\n|teampreview|4\n|inactive|Battle timer is ON: inactive players will automatically lose when time's up. (requested by Ghostbiker603)\n|j| nzthenoob\ncolby2935 has agreed to open team sheets.\n|inactive|Ghostbiker603 has 60 seconds left.\n|\n|t:|1700456747\n|start\n|switch|p1a: Medicham|Medicham, L50, M|100\/100\n|switch|p1b: Muk|Muk-Alola, L50, M, shiny|100\/100\n|switch|p2a: Palindrome|Farigiraf, L50, F, shiny|100\/100\n|switch|p2b: My Body Is|Regidrago, L50|100\/100\n|turn|1\n|l|\u2606colby2935\n|inactive|colby2935 disconnected and has a minute to reconnect!\n|player|p1|\n|j|\u2606colby2935\n|inactive|colby2935 reconnected and has 45 seconds left.\n|player|p1|colby2935|giovanni\n|\n|t:|1700456770\n|move|p2b: My Body Is|Protect|p2b: My Body Is\n|-singleturn|p2b: My Body Is|Protect\n|move|p1a: Medicham|High Jump Kick|p2b: My Body Is\n|-activate|p2b: My Body Is|move: Protect\n|-damage|p1a: Medicham|51\/100|[from] highjumpkick\n|move|p1b: Muk|Knock Off|p2a: Palindrome\n|-supereffective|p2a: Palindrome\n|-damage|p2a: Palindrome|23\/100\n|-enditem|p2a: Palindrome|Mental Herb|[from] move: Knock Off|[of] p1b: Muk\n|move|p2a: Palindrome|Trick Room|p2a: Palindrome\n|-fieldstart|move: Trick Room|[of] p2a: Palindrome\n|\n|upkeep\n|turn|2\n|inactive|colby2935 has 30 seconds left.\n|\n|t:|1700456797\n|move|p2a: Palindrome|Helping Hand|p2b: My Body Is\n|-singleturn|p2b: My Body Is|Helping Hand|[of] p2a: Palindrome\n|move|p2b: My Body Is|Dragon Energy|p1a: Medicham|[spread] p1a,p1b\n|-damage|p1a: Medicham|0 fnt\n|-damage|p1b: Muk|26\/100\n|faint|p1a: Medicham\n|-ability|p1b: Muk|Pure Power|[from] ability: Power of Alchemy|[of] p1a: Medicham\n|move|p1b: Muk|Gunk Shot|p2b: My Body Is\n|-damage|p2b: My Body Is|0 fnt\n|faint|p2b: My Body Is\n|\n|upkeep\n|\n|t:|1700456811\n|switch|p2b: Polteageist 2|Sinistcha-Masterpiece, L50, shiny|100\/100\n|switch|p1a: Goodra|Goodra-Hisui, L50, F|100\/100\n|-heal|p2a: Palindrome|48\/100|[from] ability: Hospitality|[of] p2b: Polteageist 2\n|turn|3\n|\n|t:|1700456825\n|move|p2a: Palindrome|Dazzling Gleam|p1a: Goodra|[spread] p1a,p1b\n|-damage|p1a: Goodra|91\/100\n|-damage|p1b: Muk|18\/100\n|move|p2b: Polteageist 2|Matcha Gotcha|p1b: Muk|[spread] p1a,p1b\n|-resisted|p1a: Goodra\n|-resisted|p1b: Muk\n|-damage|p1a: Goodra|88\/100\n|-damage|p1b: Muk|11\/100\n|move|p1b: Muk|Knock Off|p2b: Polteageist 2\n|-supereffective|p2b: Polteageist 2\n|-crit|p2b: Polteageist 2\n|-damage|p2b: Polteageist 2|0 fnt\n|-enditem|p2b: Polteageist 2|Sitrus Berry|[from] move: Knock Off|[of] p1b: Muk\n|faint|p2b: Polteageist 2\n|move|p1a: Goodra|Life Dew|p1a: Goodra|[spread] p1a,p1b\n|-heal|p1a: Goodra|100\/100\n|-heal|p1b: Muk|36\/100\n|\n|upkeep\n|\n|t:|1700456842\n|switch|p2b: Fairy Dog Thing|Sylveon, L50, F, shiny|100\/100\n|turn|4\n|\n|t:|1700456850\n|-terastallize|p2b: Fairy Dog Thing|Fire\n|-terastallize|p1a: Goodra|Water\n|move|p2a: Palindrome|Helping Hand|p2b: Fairy Dog Thing\n|-singleturn|p2b: Fairy Dog Thing|Helping Hand|[of] p2a: Palindrome\n|move|p2b: Fairy Dog Thing|Hyper Voice|p1a: Goodra|[spread] p1a,p1b\n|-damage|p1a: Goodra|67\/100\n|-damage|p1b: Muk|7\/100\n|-enditem|p2b: Fairy Dog Thing|Throat Spray\n|-boost|p2b: Fairy Dog Thing|spa|1|[from] item: Throat Spray\n|move|p1b: Muk|Gunk Shot|p2b: Fairy Dog Thing\n|-damage|p2b: Fairy Dog Thing|0 fnt\n|faint|p2b: Fairy Dog Thing\n|move|p1a: Goodra|Life Dew|p1a: Goodra|[spread] p1a,p1b\n|-heal|p1a: Goodra|92\/100\n|-heal|p1b: Muk|32\/100\n|\n|-heal|p1a: Goodra|98\/100|[from] item: Leftovers\n|upkeep\n|turn|5\n|inactive|colby2935 has 30 seconds left.\n|\n|t:|1700456879\n|move|p2a: Palindrome|Dazzling Gleam|p1b: Muk|[spread] p1a,p1b\n|-damage|p1a: Goodra|89\/100\n|-damage|p1b: Muk|24\/100\n|move|p1b: Muk|Crunch|p2a: Palindrome\n|-supereffective|p2a: Palindrome\n|-damage|p2a: Palindrome|0 fnt\n|faint|p2a: Palindrome\n|\n|win|colby2935\n|raw|colby2935's rating: 1276 &rarr; <strong>1302<\/strong><br \/>(+26 for winning)\n|raw|Ghostbiker603's rating: 1288 &rarr; <strong>1262<\/strong><br \/>(-26 for losing)\n|l|\u2606Ghostbiker603\n|l|\u2606colby2935\n","uploadtime":1700456943,"views":15,"p1id":"colby2935","p2id":"ghostbiker603","formatid":"gen9vgc2023regulatione","rating":1262,"private":0,"password":""}