{"id":"gen9vgc2023regulatione-1988108216","p1":"Shaun969","p2":"SleepyZetsu","format":"[Gen 9] VGC 2023 Regulation E","log":"|j|\u2606Shaun969\n|j|\u2606SleepyZetsu\n|t:|1699670524\n|gametype|doubles\n|player|p1|Shaun969|169|1185\n|player|p2|SleepyZetsu|colress|1297\n|teamsize|p1|6\n|teamsize|p2|6\n|gen|9\n|tier|[Gen 9] VGC 2023 Regulation E\n|rated|\n|rule|Species Clause: Limit one of each Pok\u00e9mon\n|rule|Item Clause: Limit one of each item\n|clearpoke\n|poke|p1|Iron Hands, L50|\n|poke|p1|Ogerpon-Hearthflame, L50, F|\n|poke|p1|Sinistcha, L50|\n|poke|p1|Landorus-Therian, L50, M|\n|poke|p1|Iron Bundle, L50|\n|poke|p1|Sableye, L50, M|\n|poke|p2|Ninetales-Alola, L50, M|\n|poke|p2|Sinistcha-Masterpiece, L50|\n|poke|p2|Slowking-Galar, L50, F|\n|poke|p2|Iron Hands, L50|\n|poke|p2|Moltres-Galar, L50|\n|poke|p2|Tornadus, L50, M|\n|teampreview|4\n|inactive|Battle timer is ON: inactive players will automatically lose when time's up. (requested by SleepyZetsu)\n|\n|t:|1699670558\n|start\n|switch|p1a: Sableye|Sableye, L50, M|100\/100\n|switch|p1b: Iron Bundle|Iron Bundle, L50|100\/100\n|switch|p2a: Tornadus|Tornadus, L50, M|100\/100\n|switch|p2b: Moltres|Moltres-Galar, L50|100\/100\n|-enditem|p1b: Iron Bundle|Booster Energy\n|-activate|p1b: Iron Bundle|ability: Quark Drive|[fromitem]\n|-start|p1b: Iron Bundle|quarkdrivespe\n|turn|1\n|inactive|Shaun969 has 30 seconds left.\n|inactive|SleepyZetsu has 30 seconds left.\n|\n|t:|1699670585\n|-terastallize|p2b: Moltres|Poison\n|move|p2a: Tornadus|Tailwind|p2a: Tornadus\n|-sidestart|p2: SleepyZetsu|move: Tailwind\n|move|p1a: Sableye|Light Screen|p1a: Sableye\n|-sidestart|p1: Shaun969|move: Light Screen\n|move|p1b: Iron Bundle|Freeze-Dry|p2a: Tornadus\n|-supereffective|p2a: Tornadus\n|-damage|p2a: Tornadus|13\/100\n|move|p2b: Moltres|Nasty Plot|p2b: Moltres\n|-boost|p2b: Moltres|spa|2\n|\n|upkeep\n|turn|2\n|\n|t:|1699670605\n|move|p2a: Tornadus|Rain Dance|p2a: Tornadus\n|-weather|RainDance\n|move|p1a: Sableye|Encore|p2b: Moltres\n|-start|p2b: Moltres|Encore\n|move|p1b: Iron Bundle|Icy Wind|p2a: Tornadus|[spread] p2a,p2b\n|-supereffective|p2a: Tornadus\n|-damage|p2a: Tornadus|0 fnt\n|-damage|p2b: Moltres|84\/100\n|-unboost|p2b: Moltres|spe|1\n|faint|p2a: Tornadus\n|move|p2b: Moltres|Nasty Plot|p2b: Moltres\n|-boost|p2b: Moltres|spa|2\n|\n|-weather|RainDance|[upkeep]\n|upkeep\n|\n|t:|1699670625\n|switch|p2a: Iron Hands|Iron Hands, L50|100\/100\n|turn|3\n|\n|t:|1699670633\n|-end|p1b: Iron Bundle|Quark Drive|[silent]\n|switch|p1b: Landorus|Landorus-Therian, L50, M|100\/100\n|-ability|p1b: Landorus|Intimidate|boost\n|-unboost|p2a: Iron Hands|atk|1\n|-unboost|p2b: Moltres|atk|1\n|move|p1a: Sableye|Reflect|p1a: Sableye\n|-sidestart|p1: Shaun969|Reflect\n|move|p2a: Iron Hands|Heavy Slam|p1b: Landorus\n|-damage|p1b: Landorus|76\/100\n|move|p2b: Moltres|Nasty Plot|p2b: Moltres\n|-boost|p2b: Moltres|spa|2\n|\n|-weather|RainDance|[upkeep]\n|upkeep\n|turn|4\n|\n|t:|1699670650\n|-end|p2a: Iron Hands|Quark Drive|[silent]\n|switch|p2a: Sinistcha|Sinistcha-Masterpiece, L50|100\/100\n|-heal|p2b: Moltres|100\/100|[from] ability: Hospitality|[of] p2a: Sinistcha\n|move|p1a: Sableye|Encore||[still]\n|-fail|p1a: Sableye\n|move|p1b: Landorus|Stomping Tantrum|p2b: Moltres\n|-supereffective|p2b: Moltres\n|-damage|p2b: Moltres|8\/100\n|-enditem|p2b: Moltres|Sitrus Berry|[eat]\n|-heal|p2b: Moltres|33\/100|[from] item: Sitrus Berry\n|move|p2b: Moltres|Nasty Plot|p2b: Moltres\n|-boost|p2b: Moltres|spa|0\n|\n|-weather|RainDance|[upkeep]\n|-end|p2b: Moltres|Encore\n|-sideend|p2: SleepyZetsu|move: Tailwind\n|upkeep\n|turn|5\n|inactive|Shaun969 has 30 seconds left.\n|\n|t:|1699670677\n|switch|p1a: Iron Bundle|Iron Bundle, L50|100\/100\n|move|p2b: Moltres|Protect|p2b: Moltres\n|-singleturn|p2b: Moltres|Protect\n|move|p2a: Sinistcha|Rage Powder|p2a: Sinistcha\n|-singleturn|p2a: Sinistcha|move: Rage Powder\n|move|p1b: Landorus|Stomping Tantrum|p2a: Sinistcha\n|-resisted|p2a: Sinistcha\n|-damage|p2a: Sinistcha|82\/100\n|\n|-weather|RainDance|[upkeep]\n|-heal|p2a: Sinistcha|88\/100|[from] item: Leftovers\n|upkeep\n|turn|6\n|inactive|Shaun969 has 30 seconds left.\n|\n|t:|1699670709\n|move|p2a: Sinistcha|Rage Powder|p2a: Sinistcha\n|-singleturn|p2a: Sinistcha|move: Rage Powder\n|move|p1b: Landorus|Stomping Tantrum|p2a: Sinistcha\n|-resisted|p2a: Sinistcha\n|-damage|p2a: Sinistcha|70\/100\n|move|p1a: Iron Bundle|Icy Wind|p2a: Sinistcha|[spread] p2a\n|-miss|p1a: Iron Bundle|p2b: Moltres\n|-supereffective|p2a: Sinistcha\n|-damage|p2a: Sinistcha|30\/100\n|-unboost|p2a: Sinistcha|spe|1\n|move|p2b: Moltres|Fiery Wrath|p1b: Landorus|[spread] p1a,p1b\n|-damage|p1a: Iron Bundle|0 fnt\n|-damage|p1b: Landorus|0 fnt\n|faint|p1a: Iron Bundle\n|-end|p1a: Iron Bundle|Quark Drive|[silent]\n|faint|p1b: Landorus\n|\n|-weather|none\n|-heal|p2a: Sinistcha|36\/100|[from] item: Leftovers\n|upkeep\n|\n|t:|1699670722\n|switch|p1a: Iron Hands|Iron Hands, L50|100\/100\n|switch|p1b: Sableye|Sableye, L50, M|100\/100\n|turn|7\n|\n|t:|1699670736\n|move|p1b: Sableye|Disable|p2b: Moltres\n|-start|p2b: Moltres|Disable|Fiery Wrath\n|move|p1a: Iron Hands|Wild Charge|p2b: Moltres\n|-damage|p2b: Moltres|0 fnt\n|faint|p2b: Moltres\n|-damage|p1a: Iron Hands|95\/100|[from] Recoil\n|move|p2a: Sinistcha|Strength Sap|p1a: Iron Hands\n|-unboost|p1a: Iron Hands|atk|1\n|-heal|p2a: Sinistcha|100\/100\n|\n|upkeep\n|\n|t:|1699670749\n|switch|p2b: Iron Hands|Iron Hands, L50|100\/100\n|turn|8\n|inactive|Shaun969 has 30 seconds left.\n|inactive|Shaun969 has 20 seconds left.\n|inactive|Shaun969 has 15 seconds left.\n|inactive|Shaun969 has 10 seconds left.\n|\n|t:|1699670794\n|move|p1b: Sableye|Disable|p2a: Sinistcha\n|-start|p2a: Sinistcha|Disable|Strength Sap\n|move|p1a: Iron Hands|Wild Charge|p2b: Iron Hands\n|-resisted|p2b: Iron Hands\n|-damage|p2b: Iron Hands|90\/100\n|-damage|p1a: Iron Hands|92\/100|[from] Recoil\n|move|p2b: Iron Hands|Wild Charge|p1b: Sableye\n|-damage|p1b: Sableye|50\/100\n|-damage|p2b: Iron Hands|82\/100|[from] Recoil\n|move|p2a: Sinistcha|Matcha Gotcha|p1a: Iron Hands|[spread] p1b\n|-miss|p2a: Sinistcha|p1a: Iron Hands\n|-damage|p1b: Sableye|32\/100\n|\n|-sideend|p1: Shaun969|move: Light Screen\n|upkeep\n|turn|9\n|inactive|SleepyZetsu has 30 seconds left.\n|\n|t:|1699670820\n|move|p1b: Sableye|Disable|p2b: Iron Hands\n|-start|p2b: Iron Hands|Disable|Wild Charge\n|move|p1a: Iron Hands|Drain Punch|p2b: Iron Hands\n|-damage|p2b: Iron Hands|63\/100\n|-heal|p1a: Iron Hands|100\/100|[from] drain|[of] p2b: Iron Hands\n|cant|p2b: Iron Hands|Disable|Wild Charge\n|move|p2a: Sinistcha|Matcha Gotcha|p1b: Sableye|[spread] p1a,p1b\n|-damage|p1a: Iron Hands|87\/100\n|-damage|p1b: Sableye|4\/100\n|-status|p1a: Iron Hands|brn\n|\n|-damage|p1a: Iron Hands|81\/100 brn|[from] brn\n|upkeep\n|turn|10\n|\n|t:|1699670841\n|move|p1b: Sableye|Encore|p2b: Iron Hands\n|-start|p2b: Iron Hands|Encore\n|move|p1a: Iron Hands|Heavy Slam|p2a: Sinistcha\n|-damage|p2a: Sinistcha|88\/100\n|cant|p2b: Iron Hands|Disable|Wild Charge\n|move|p2a: Sinistcha|Matcha Gotcha|p1b: Sableye|[spread] p1a,p1b\n|-damage|p1a: Iron Hands|69\/100 brn\n|-heal|p2a: Sinistcha|96\/100|[from] drain|[of] p1a: Iron Hands\n|-damage|p1b: Sableye|0 fnt\n|-heal|p2a: Sinistcha|98\/100|[from] drain|[of] p1b: Sableye\n|faint|p1b: Sableye\n|\n|-heal|p2a: Sinistcha|100\/100|[from] item: Leftovers\n|-damage|p1a: Iron Hands|63\/100 brn|[from] brn\n|-sideend|p1: Shaun969|Reflect\n|upkeep\n|turn|11\n|\n|t:|1699670863\n|move|p1a: Iron Hands|Drain Punch|p2b: Iron Hands\n|-damage|p2b: Iron Hands|54\/100\n|-heal|p1a: Iron Hands|68\/100 brn|[from] drain|[of] p2b: Iron Hands\n|-activate|p2b: Iron Hands|move: Struggle\n|move|p2b: Iron Hands|Struggle|p1a: Iron Hands\n|-damage|p1a: Iron Hands|54\/100 brn\n|-damage|p2b: Iron Hands|29\/100|[from] recoil\n|move|p2a: Sinistcha|Matcha Gotcha|p1a: Iron Hands\n|-damage|p1a: Iron Hands|35\/100 brn\n|\n|-damage|p1a: Iron Hands|29\/100 brn|[from] brn\n|-end|p2a: Sinistcha|Disable\n|upkeep\n|turn|12\n|l|\u2606Shaun969\n|inactive|Shaun969 disconnected and has a minute to reconnect!\n|player|p1|\n|inactive|Shaun969 has 30 seconds left.\n|inactive|Shaun969 has 20 seconds left.\n|inactive|Shaun969 has 15 seconds left.\n|inactive|Shaun969 has 10 seconds left.\n|inactive|Shaun969 has 5 seconds left.\n|-message|Shaun969 lost due to inactivity.\n|\n|win|SleepyZetsu\n|raw|Shaun969's rating: 1185 &rarr; <strong>1168<\/strong><br \/>(-17 for losing)\n|raw|SleepyZetsu's rating: 1297 &rarr; <strong>1314<\/strong><br \/>(+17 for winning)\n","uploadtime":1699670922,"views":24,"p1id":"shaun969","p2id":"sleepyzetsu","formatid":"gen9vgc2023regulatione","rating":1168,"private":0,"password":""}