{"id":"gen9vgc2023regulatione-1994280672","p1":"Zento chopper","p2":"fnfn3567","format":"[Gen 9] VGC 2023 Regulation E","log":"|j|\u2606Zento chopper\n|j|\u2606fnfn3567\n|t:|1700426581\n|gametype|doubles\n|player|p1|Zento chopper|nate|1243\n|player|p2|fnfn3567|266|1263\n|teamsize|p1|6\n|teamsize|p2|6\n|gen|9\n|tier|[Gen 9] VGC 2023 Regulation E\n|rated|\n|rule|Species Clause: Limit one of each Pok\u00e9mon\n|rule|Item Clause: Limit one of each item\n|clearpoke\n|poke|p1|Regieleki, L50|\n|poke|p1|Urshifu-*, L50, F|\n|poke|p1|Tornadus, L50, M|\n|poke|p1|Sinistcha, L50|\n|poke|p1|Rillaboom, L50, M|\n|poke|p1|Enamorus-Therian, L50, F|\n|poke|p2|Tornadus, L50, M|\n|poke|p2|Ogerpon-Wellspring, L50, F|\n|poke|p2|Urshifu-*, L50, F|\n|poke|p2|Clefairy, L50, M|\n|poke|p2|Flutter Mane, L50|\n|poke|p2|Roaring Moon, L50|\n|teampreview|4\n|inactive|Battle timer is ON: inactive players will automatically lose when time's up. (requested by Zento chopper)\n|inactive|Zento chopper has 60 seconds left.\n|\n|t:|1700426639\n|start\n|switch|p1a: Enamorus|Enamorus-Therian, L50, F|100\/100\n|switch|p1b: Reginald|Regieleki, L50|100\/100\n|switch|p2a: Clefairy|Clefairy, L50, M|100\/100\n|switch|p2b: Flutter Mane|Flutter Mane, L50|100\/100\n|turn|1\n|inactive|fnfn3567 has 30 seconds left.\n|\n|t:|1700426666\n|move|p1b: Reginald|Protect|p1b: Reginald\n|-singleturn|p1b: Reginald|Protect\n|move|p2a: Clefairy|Follow Me|p2a: Clefairy\n|-singleturn|p2a: Clefairy|move: Follow Me\n|move|p2b: Flutter Mane|Dazzling Gleam|p1a: Enamorus|[spread] p1a\n|-activate|p1b: Reginald|move: Protect\n|-damage|p1a: Enamorus|39\/100\n|move|p1a: Enamorus|Calm Mind|p1a: Enamorus\n|-boost|p1a: Enamorus|spa|1\n|-boost|p1a: Enamorus|spd|1\n|\n|-heal|p1a: Enamorus|45\/100|[from] item: Leftovers\n|upkeep\n|turn|2\n|inactive|Zento chopper has 30 seconds left.\n|inactive|Zento chopper has 20 seconds left.\n|inactive|Zento chopper has 15 seconds left.\n|\n|t:|1700426711\n|move|p1b: Reginald|Electroweb|p2b: Flutter Mane|[spread] p2a,p2b\n|-damage|p2a: Clefairy|74\/100\n|-damage|p2b: Flutter Mane|75\/100\n|-unboost|p2a: Clefairy|spe|1\n|-unboost|p2b: Flutter Mane|spe|1\n|-damage|p1b: Reginald|91\/100|[from] item: Life Orb\n|move|p2b: Flutter Mane|Dazzling Gleam|p1a: Enamorus|[spread] p1a,p1b\n|-damage|p1a: Enamorus|5\/100\n|-damage|p1b: Reginald|0 fnt\n|faint|p1b: Reginald\n|move|p1a: Enamorus|Dazzling Gleam|p2b: Flutter Mane|[spread] p2a,p2b\n|-damage|p2a: Clefairy|34\/100\n|-damage|p2b: Flutter Mane|30\/100\n|move|p2a: Clefairy|Moonblast|p1a: Enamorus\n|-damage|p1a: Enamorus|0 fnt\n|faint|p1a: Enamorus\n|\n|upkeep\n|\n|t:|1700426722\n|switch|p1b: Solo|Rillaboom, L50, M|100\/100\n|switch|p1a: Frothe|Sinistcha, L50, shiny|100\/100\n|-fieldstart|move: Grassy Terrain|[from] ability: Grassy Surge|[of] p1b: Solo\n|turn|3\n|\n|t:|1700426733\n|move|p2a: Clefairy|Follow Me|p2a: Clefairy\n|-singleturn|p2a: Clefairy|move: Follow Me\n|move|p1b: Solo|Grassy Glide|p2a: Clefairy\n|-damage|p2a: Clefairy|5\/100\n|move|p2b: Flutter Mane|Dazzling Gleam|p1b: Solo|[spread] p1a,p1b\n|-damage|p1a: Frothe|50\/100\n|-damage|p1b: Solo|63\/100\n|move|p1a: Frothe|Trick Room|p1a: Frothe\n|-fieldstart|move: Trick Room|[of] p1a: Frothe\n|\n|-heal|p2a: Clefairy|11\/100|[from] Grassy Terrain\n|-heal|p1a: Frothe|57\/100|[from] Grassy Terrain\n|-heal|p1b: Solo|68\/100|[from] Grassy Terrain\n|-heal|p2b: Flutter Mane|36\/100|[from] Grassy Terrain\n|upkeep\n|turn|4\n|\n|t:|1700426746\n|move|p2a: Clefairy|After You|p2b: Flutter Mane\n|-activate|p2b: Flutter Mane|move: After You\n|move|p2b: Flutter Mane|Dazzling Gleam|p1b: Solo|[spread] p1a,p1b\n|-damage|p1a: Frothe|7\/100\n|-damage|p1b: Solo|29\/100\n|move|p1a: Frothe|Matcha Gotcha|p2b: Flutter Mane|[spread] p2a,p2b\n|-damage|p2a: Clefairy|0 fnt\n|-heal|p1a: Frothe|14\/100|[from] drain|[of] p2a: Clefairy\n|-damage|p2b: Flutter Mane|10\/100\n|-heal|p1a: Frothe|25\/100|[from] drain|[of] p2b: Flutter Mane\n|faint|p2a: Clefairy\n|move|p1b: Solo|Knock Off|p2b: Flutter Mane\n|-damage|p2b: Flutter Mane|0 fnt\n|-enditem|p2b: Flutter Mane|Choice Specs|[from] move: Knock Off|[of] p1b: Solo\n|faint|p2b: Flutter Mane\n|-end|p2b: Flutter Mane|Protosynthesis|[silent]\n|\n|-heal|p1a: Frothe|31\/100|[from] Grassy Terrain\n|-heal|p1b: Solo|35\/100|[from] Grassy Terrain\n|upkeep\n|\n|t:|1700426760\n|switch|p2a: Ogerpon|Ogerpon-Wellspring, L50, F|100\/100\n|switch|p2b: Roaring Moon|Roaring Moon, L50|100\/100\n|-enditem|p2b: Roaring Moon|Booster Energy\n|-activate|p2b: Roaring Moon|ability: Protosynthesis|[fromitem]\n|-start|p2b: Roaring Moon|protosynthesisatk\n|turn|5\n|\n|t:|1700426778\n|-terastallize|p1b: Solo|Fire\n|move|p2a: Ogerpon|Follow Me|p2a: Ogerpon\n|-singleturn|p2a: Ogerpon|move: Follow Me\n|move|p1a: Frothe|Matcha Gotcha|p2a: Ogerpon|[spread] p2a,p2b\n|-resisted|p2b: Roaring Moon\n|-damage|p2a: Ogerpon|62\/100\n|-heal|p1a: Frothe|52\/100|[from] drain|[of] p2a: Ogerpon\n|-damage|p2b: Roaring Moon|84\/100\n|-heal|p1a: Frothe|63\/100|[from] drain|[of] p2b: Roaring Moon\n|-status|p2a: Ogerpon|brn\n|move|p1b: Solo|Wood Hammer|p2a: Ogerpon\n|-damage|p2a: Ogerpon|0 fnt\n|faint|p2a: Ogerpon\n|-damage|p1b: Solo|16\/100|[from] Recoil\n|move|p2b: Roaring Moon|Acrobatics|p1a: Frothe\n|-supereffective|p1a: Frothe\n|-damage|p1a: Frothe|0 fnt\n|-damage|p2b: Roaring Moon|67\/100|[from] item: Rocky Helmet|[of] p1a: Frothe\n|faint|p1a: Frothe\n|\n|-heal|p1b: Solo|22\/100|[from] Grassy Terrain\n|-heal|p2b: Roaring Moon|73\/100|[from] Grassy Terrain\n|upkeep\n|turn|6\n|\n|t:|1700426802\n|move|p1b: Solo|Wood Hammer|p2b: Roaring Moon\n|-resisted|p2b: Roaring Moon\n|-damage|p2b: Roaring Moon|19\/100\n|-damage|p1b: Solo|3\/100|[from] Recoil\n|move|p2b: Roaring Moon|Throat Chop|p1b: Solo\n|-damage|p1b: Solo|0 fnt\n|faint|p1b: Solo\n|\n|win|fnfn3567\n|raw|Zento chopper's rating: 1243 &rarr; <strong>1219<\/strong><br \/>(-24 for losing)\n|raw|fnfn3567's rating: 1263 &rarr; <strong>1287<\/strong><br \/>(+24 for winning)\n|l|\u2606Zento chopper\n","uploadtime":1700426809,"views":4,"p1id":"zentochopper","p2id":"fnfn3567","formatid":"gen9vgc2023regulatione","rating":1219,"private":0,"password":""}