{"id":"gen9vgc2023regulatione-1989733113","p1":"Akromancer","p2":"Ayresbrun","format":"[Gen 9] VGC 2023 Regulation E","log":"|j|\u2606Akromancer\n|j|\u2606Ayresbrun\n|t:|1699891069\n|gametype|doubles\n|player|p1|Akromancer|102|1116\n|player|p2|Ayresbrun|266|1141\n|teamsize|p1|6\n|teamsize|p2|6\n|gen|9\n|tier|[Gen 9] VGC 2023 Regulation E\n|rated|\n|rule|Species Clause: Limit one of each Pok\u00e9mon\n|rule|Item Clause: Limit one of each item\n|clearpoke\n|poke|p1|Tornadus, L50, M|\n|poke|p1|Arcanine-Hisui, L50, F|\n|poke|p1|Iron Hands, L50|\n|poke|p1|Gholdengo, L50|\n|poke|p1|Urshifu-*, L50, M|\n|poke|p1|Ogerpon-Wellspring, L50, F|\n|poke|p2|Flutter Mane, L50|\n|poke|p2|Tornadus, L50, M|\n|poke|p2|Heatran, L50, M|\n|poke|p2|Rillaboom, L50, F|\n|poke|p2|Arcanine, L50, M|\n|poke|p2|Hydreigon, L50, F|\n|teampreview|4\nAyresbrun has agreed to open team sheets.\n|inactive|Battle timer is ON: inactive players will automatically lose when time's up. (requested by Ayresbrun)\n|inactive|Ayresbrun has 60 seconds left.\n|\n|t:|1699891114\n|start\n|switch|p1a: Arcanine|Arcanine-Hisui, L50, F|100\/100\n|switch|p1b: Iron Hands|Iron Hands, L50|100\/100\n|switch|p2a: Tornadus|Tornadus, L50, M|100\/100\n|switch|p2b: Arcanine|Arcanine, L50, M|100\/100\n|-ability|p1a: Arcanine|Intimidate|boost\n|-unboost|p2a: Tornadus|atk|1\n|-unboost|p2b: Arcanine|atk|1\n|-ability|p2b: Arcanine|Intimidate|boost\n|-unboost|p1a: Arcanine|atk|1\n|-unboost|p1b: Iron Hands|atk|1\n|turn|1\n|inactive|Akromancer has 30 seconds left.\n|\n|t:|1699891141\n|move|p2b: Arcanine|Protect|p2b: Arcanine\n|-singleturn|p2b: Arcanine|Protect\n|move|p2a: Tornadus|Tailwind|p2a: Tornadus\n|-sidestart|p2: Ayresbrun|move: Tailwind\n|move|p1a: Arcanine|Rock Slide|p2b: Arcanine|[spread] p2a\n|-activate|p2b: Arcanine|move: Protect\n|-supereffective|p2a: Tornadus\n|-damage|p2a: Tornadus|49\/100\n|move|p1b: Iron Hands|Wild Charge|p2a: Tornadus\n|-supereffective|p2a: Tornadus\n|-damage|p2a: Tornadus|0 fnt\n|faint|p2a: Tornadus\n|-damage|p1b: Iron Hands|91\/100|[from] Recoil\n|\n|upkeep\n|\n|t:|1699891156\n|switch|p2a: Heatran|Heatran, L50, M|100\/100\n|turn|2\n|\n|t:|1699891177\n|-terastallize|p2a: Heatran|Bug\n|move|p2b: Arcanine|Will-O-Wisp|p1b: Iron Hands\n|-status|p1b: Iron Hands|brn\n|move|p2a: Heatran|Earth Power|p1a: Arcanine\n|-supereffective|p1a: Arcanine\n|-damage|p1a: Arcanine|0 fnt\n|faint|p1a: Arcanine\n|-damage|p2a: Heatran|91\/100|[from] item: Life Orb\n|move|p1b: Iron Hands|Drain Punch|p2a: Heatran\n|-resisted|p2a: Heatran\n|-damage|p2a: Heatran|85\/100\n|-heal|p1b: Iron Hands|93\/100 brn|[from] drain|[of] p2a: Heatran\n|\n|-damage|p1b: Iron Hands|87\/100 brn|[from] brn\n|upkeep\n|\n|t:|1699891191\n|switch|p1a: Urshifu|Urshifu-Rapid-Strike, L50, M|100\/100\n|turn|3\n|inactive|Akromancer has 30 seconds left.\n|inactive|Akromancer has 20 seconds left.\n|inactive|Akromancer has 15 seconds left.\n|inactive|Akromancer has 10 seconds left.\n|\n|t:|1699891241\n|switch|p2b: Rillaboom|Rillaboom, L50, F|100\/100\n|-fieldstart|move: Grassy Terrain|[from] ability: Grassy Surge|[of] p2b: Rillaboom\n|-terastallize|p1a: Urshifu|Water\n|move|p1a: Urshifu|Aqua Jet|p2a: Heatran\n|-damage|p2a: Heatran|60\/100\n|move|p2a: Heatran|Flash Cannon|p1a: Urshifu\n|-resisted|p1a: Urshifu\n|-damage|p1a: Urshifu|67\/100\n|-damage|p2a: Heatran|50\/100|[from] item: Life Orb\n|move|p1b: Iron Hands|Heavy Slam|p2a: Heatran\n|-damage|p2a: Heatran|46\/100\n|\n|-heal|p1a: Urshifu|73\/100|[from] Grassy Terrain\n|-heal|p2a: Heatran|53\/100|[from] Grassy Terrain\n|-heal|p1b: Iron Hands|93\/100 brn|[from] Grassy Terrain\n|-damage|p1b: Iron Hands|87\/100 brn|[from] brn\n|upkeep\n|turn|4\n|inactive|Akromancer has 30 seconds left.\n|inactive|Ayresbrun has 30 seconds left.\n|inactive|Ayresbrun has 20 seconds left.\n|inactive|Ayresbrun has 15 seconds left.\n|inactive|Ayresbrun has 10 seconds left.\n|\n|t:|1699891289\n|switch|p2a: Arcanine|Arcanine, L50, M|100\/100\n|-ability|p2a: Arcanine|Intimidate|boost\n|-unboost|p1a: Urshifu|atk|1\n|-unboost|p1b: Iron Hands|atk|1\n|switch|p1a: Tornadus|Tornadus, L50, M|100\/100\n|move|p2b: Rillaboom|Fake Out|p1a: Tornadus\n|-damage|p1a: Tornadus|84\/100\n|move|p1b: Iron Hands|Drain Punch|p2b: Rillaboom\n|-damage|p2b: Rillaboom|91\/100\n|-heal|p1b: Iron Hands|91\/100 brn|[from] drain|[of] p2b: Rillaboom\n|\n|-heal|p2b: Rillaboom|97\/100|[from] Grassy Terrain\n|-heal|p1b: Iron Hands|98\/100 brn|[from] Grassy Terrain\n|-damage|p1b: Iron Hands|91\/100 brn|[from] brn\n|-sideend|p2: Ayresbrun|move: Tailwind\n|upkeep\n|turn|5\n|inactive|Akromancer has 30 seconds left.\n|inactive|Ayresbrun has 30 seconds left.\n|inactive|Ayresbrun has 20 seconds left.\n|inactive|Ayresbrun has 15 seconds left.\n|inactive|Ayresbrun has 10 seconds left.\n|\n|t:|1699891339\n|switch|p2a: Heatran|Heatran, L50, M, tera:Bug|53\/100\n|move|p1a: Tornadus|Taunt|p2a: Heatran\n|-start|p2a: Heatran|move: Taunt\n|move|p2b: Rillaboom|High Horsepower|p1b: Iron Hands\n|-supereffective|p1b: Iron Hands\n|-damage|p1b: Iron Hands|50\/100 brn\n|move|p1b: Iron Hands|Wild Charge|p2a: Heatran\n|-damage|p2a: Heatran|43\/100\n|-damage|p1b: Iron Hands|48\/100 brn|[from] Recoil\n|\n|-heal|p2b: Rillaboom|100\/100|[from] Grassy Terrain\n|-heal|p2a: Heatran|49\/100|[from] Grassy Terrain\n|-heal|p1b: Iron Hands|54\/100 brn|[from] Grassy Terrain\n|-damage|p1b: Iron Hands|48\/100 brn|[from] brn\n|upkeep\n|turn|6\n|inactive|Akromancer has 30 seconds left.\n|inactive|Ayresbrun has 30 seconds left.\n|\n|t:|1699891372\n|switch|p2b: Arcanine|Arcanine, L50, M|100\/100\n|-ability|p2b: Arcanine|Intimidate|boost\n|-unboost|p1a: Tornadus|atk|1\n|-unboost|p1b: Iron Hands|atk|1\n|move|p1a: Tornadus|Bleakwind Storm|p2a: Heatran|[spread] p2a,p2b\n|-supereffective|p2a: Heatran\n|-damage|p2a: Heatran|0 fnt\n|-damage|p2b: Arcanine|65\/100\n|-unboost|p2b: Arcanine|spe|1\n|faint|p2a: Heatran\n|move|p1b: Iron Hands|Drain Punch|p2b: Arcanine\n|-damage|p2b: Arcanine|58\/100\n|-heal|p1b: Iron Hands|51\/100 brn|[from] drain|[of] p2b: Arcanine\n|\n|-heal|p2b: Arcanine|64\/100|[from] Grassy Terrain\n|-heal|p1b: Iron Hands|57\/100 brn|[from] Grassy Terrain\n|-damage|p1b: Iron Hands|51\/100 brn|[from] brn\n|upkeep\n|\n|t:|1699891387\n|switch|p2a: Rillaboom|Rillaboom, L50, F|100\/100\n|turn|7\n|\n|t:|1699891404\n|move|p1a: Tornadus|Bleakwind Storm|p2a: Rillaboom|[spread] p2b\n|-miss|p1a: Tornadus|p2a: Rillaboom\n|-damage|p2b: Arcanine|27\/100\n|-enditem|p2b: Arcanine|Sitrus Berry|[eat]\n|-heal|p2b: Arcanine|52\/100|[from] item: Sitrus Berry\n|move|p2a: Rillaboom|High Horsepower|p1b: Iron Hands\n|-supereffective|p1b: Iron Hands\n|-damage|p1b: Iron Hands|6\/100 brn\n|move|p2b: Arcanine|Flare Blitz|p1a: Tornadus\n|-damage|p1a: Tornadus|26\/100\n|-damage|p2b: Arcanine|34\/100|[from] Recoil\n|move|p1b: Iron Hands|Drain Punch|p2a: Rillaboom\n|-damage|p2a: Rillaboom|93\/100\n|-heal|p1b: Iron Hands|10\/100 brn|[from] drain|[of] p2a: Rillaboom\n|\n|-heal|p2a: Rillaboom|99\/100|[from] Grassy Terrain\n|-heal|p2b: Arcanine|40\/100|[from] Grassy Terrain\n|-heal|p1b: Iron Hands|16\/100 brn|[from] Grassy Terrain\n|-damage|p1b: Iron Hands|10\/100 brn|[from] brn\n|-fieldend|move: Grassy Terrain\n|upkeep\n|turn|8\n|inactive|Ayresbrun has 30 seconds left.\n|\n|t:|1699891432\n|move|p2b: Arcanine|Extreme Speed|p1a: Tornadus\n|-damage|p1a: Tornadus|0 fnt\n|faint|p1a: Tornadus\n|move|p2a: Rillaboom|Grassy Glide|p1b: Iron Hands\n|-damage|p1b: Iron Hands|0 fnt\n|faint|p1b: Iron Hands\n|-end|p1b: Iron Hands|Quark Drive|[silent]\n|\n|upkeep\n|\n|t:|1699891439\n|switch|p1b: Urshifu|Urshifu-Rapid-Strike, L50, M, tera:Water|73\/100\n|turn|9\n|\n|t:|1699891455\n|move|p2b: Arcanine|Extreme Speed|p1b: Urshifu\n|-damage|p1b: Urshifu|49\/100\n|move|p1b: Urshifu|Close Combat|p2a: Rillaboom\n|-damage|p2a: Rillaboom|41\/100\n|-unboost|p1b: Urshifu|def|1\n|-unboost|p1b: Urshifu|spd|1\n|move|p2a: Rillaboom|Wood Hammer|p1b: Urshifu\n|-supereffective|p1b: Urshifu\n|-damage|p1b: Urshifu|0 fnt\n|faint|p1b: Urshifu\n|-damage|p2a: Rillaboom|27\/100|[from] Recoil\n|\n|win|Ayresbrun\n|raw|Akromancer's rating: 1116 &rarr; <strong>1093<\/strong><br \/>(-23 for losing)\n|raw|Ayresbrun's rating: 1141 &rarr; <strong>1164<\/strong><br \/>(+23 for winning)\n|l|\u2606Akromancer\n","uploadtime":1699891470,"views":15,"p1id":"akromancer","p2id":"ayresbrun","formatid":"gen9vgc2023regulatione","rating":1093,"private":0,"password":""}