{"id":"gen9vgc2023regulatione-1995075526","p1":"snakevnm","p2":"itsE","format":"[Gen 9] VGC 2023 Regulation E","log":"|j|\u2606snakevnm\n|j|\u2606itsE\n|n|\u2606snakevnm|snakevnm\n|n|\u2606itsE|itse\n|html|View the match progress at <a href=\"\/game-bestof3-gen9vgc2023regulatione-1995075525\">game-bestof3-gen9vgc2023regulatione-1995075525<\/a>\n|t:|1700519861\n|gametype|doubles\n|player|p1|snakevnm|dawn-gen4pt|\n|player|p2|itsE|thorton|\n|teamsize|p1|6\n|teamsize|p2|6\n|gen|9\n|tier|[Gen 9] VGC 2023 Regulation E\n|rule|Species Clause: Limit one of each Pok\u00e9mon\n|rule|Item Clause: Limit one of each item\n|clearpoke\n|poke|p1|Armarouge, L50, M|\n|poke|p1|Indeedee-F, L50, F|\n|poke|p1|Ursaluna, L50, M|\n|poke|p1|Quaquaval, L50, F|\n|poke|p1|Dragapult, L50, F|\n|poke|p1|Maushold-Four, L50|\n|poke|p2|Kommo-o, L50, F|\n|poke|p2|Garganacl, L50, F|\n|poke|p2|Gholdengo, L50|\n|poke|p2|Meowscarada, L50, F|\n|poke|p2|Fezandipiti, L50, M|\n|poke|p2|Okidogi, L50, M|\n|teampreview|4\n|inactive|Battle timer is ON: inactive players will automatically lose when time's up. (requested by itsE)\n|inactiveoff|Battle timer is now OFF.\nitsE has agreed to open team sheets.\nsnakevnm has agreed to open team sheets.\n|showteam|p1|Armarouge||ChestoBerry|FlashFire|ExpandingForce,ArmorCannon,Protect,Rest|||M|||50|,,,,,Psychic]Indeedee-F||SitrusBerry|PsychicSurge|TrickRoom,FollowMe,Psychic,Protect|||F|||50|,,,,,Normal]Ursaluna||FlameOrb|Guts|HeadlongRush,Facade,Protect,CloseCombat|||M|||50|,,,,,Poison]Quaquaval||MysticWater|Moxie|AquaStep,CloseCombat,Protect,IceSpinner|||F|||50|,,,,,Fairy]Dragapult||PowerHerb|ClearBody|DragonDarts,PhantomForce,Protect,Uturn|||F|||50|,,,,,Electric]Maushold-Four||WideLens|Technician|PopulationBomb,TidyUp,Substitute,Protect||||||50|,,,,,Ghost\n|showteam|p2|Kommo-o||ThroatSpray|Soundproof|ClangorousSoul,Boomburst,ClangingScales,Flamethrower|||F|||50|,,,,,Steel]Garganacl||Leftovers|PurifyingSalt|SaltCure,Recover,WideGuard,Protect|||F|||50|,,,,,Dragon]Gholdengo||ChoiceSpecs|GoodasGold|MakeItRain,ShadowBall,PowerGem,FocusBlast||||||50|,,,,,Fairy]Meowscarada||FocusSash|Overgrow|FlowerTrick,KnockOff,SuckerPunch,Protect|||F|||50|,,,,,Dark]Fezandipiti||KingsRock|ToxicChain|BeatUp,Protect,DazzlingGleam,Tailwind|||M|||50|,,,,,Poison]Okidogi||AssaultVest|ToxicChain|Snarl,KnockOff,DrainPunch,PoisonJab|||M|||50|,,,,,Dark\n|l|\u2606itsE\n|player|p2|\n|j|\u2606itsE\n|player|p2|itsE|thorton\n|\n|t:|1700520011\n|start\n|switch|p1a: i fingerpaint|Armarouge, L50, M, shiny|100\/100\n|switch|p1b: paint|Indeedee-F, L50, F, shiny|100\/100\n|switch|p2a: Meowscarada|Meowscarada, L50, F|100\/100\n|switch|p2b: Fezandipiti|Fezandipiti, L50, M|100\/100\n|-fieldstart|move: Psychic Terrain|[from] ability: Psychic Surge|[of] p1b: paint\n|turn|1\n|\n|t:|1700520052\n|move|p1a: i fingerpaint|Protect|p1a: i fingerpaint\n|-singleturn|p1a: i fingerpaint|Protect\n|move|p2a: Meowscarada|Knock Off|p1b: paint\n|-supereffective|p1b: paint\n|-damage|p1b: paint|0 fnt\n|-enditem|p1b: paint|Sitrus Berry|[from] move: Knock Off|[of] p2a: Meowscarada\n|faint|p1b: paint\n|move|p2b: Fezandipiti|Beat Up|p1a: i fingerpaint\n|-activate|p1a: i fingerpaint|move: Protect\n|\n|upkeep\n|\n|t:|1700520062\n|switch|p1b: emadrews|Ursaluna, L50, M, shiny|100\/100\n|turn|2\n|\n|t:|1700520083\n|move|p2a: Meowscarada|Flower Trick|p1b: emadrews\n|-supereffective|p1b: emadrews\n|-crit|p1b: emadrews\n|-damage|p1b: emadrews|19\/100\n|move|p2b: Fezandipiti|Beat Up|p1a: i fingerpaint\n|-supereffective|p1a: i fingerpaint\n|-damage|p1a: i fingerpaint|94\/100\n|-supereffective|p1a: i fingerpaint\n|-damage|p1a: i fingerpaint|88\/100\n|-supereffective|p1a: i fingerpaint\n|-damage|p1a: i fingerpaint|84\/100\n|-status|p1a: i fingerpaint|tox|[from] ability: Toxic Chain|[of] p2b: Fezandipiti\n|-supereffective|p1a: i fingerpaint\n|-damage|p1a: i fingerpaint|77\/100 tox\n|-hitcount|p1a: i fingerpaint|4\n|move|p1a: i fingerpaint|Expanding Force|p2a: Meowscarada|[spread] p2b\n|-immune|p2a: Meowscarada\n|-supereffective|p2b: Fezandipiti\n|-damage|p2b: Fezandipiti|11\/100\n|move|p1b: emadrews|Close Combat|p2a: Meowscarada\n|-supereffective|p2a: Meowscarada\n|-enditem|p2a: Meowscarada|Focus Sash\n|-damage|p2a: Meowscarada|1\/100\n|-unboost|p1b: emadrews|def|1\n|-unboost|p1b: emadrews|spd|1\n|\n|-damage|p1a: i fingerpaint|71\/100 tox|[from] psn\n|-status|p1b: emadrews|brn|[from] item: Flame Orb\n|upkeep\n|turn|3\n|j| Llama_Llord\n|\n|t:|1700520140\n|move|p2a: Meowscarada|Protect|p2a: Meowscarada\n|-singleturn|p2a: Meowscarada|Protect\n|move|p2b: Fezandipiti|Tailwind|p2b: Fezandipiti\n|-sidestart|p2: itsE|move: Tailwind\n|move|p1a: i fingerpaint|Expanding Force|p2b: Fezandipiti|[spread] p2b\n|-activate|p2a: Meowscarada|move: Protect\n|-supereffective|p2b: Fezandipiti\n|-damage|p2b: Fezandipiti|0 fnt\n|faint|p2b: Fezandipiti\n|move|p1b: emadrews|Facade|p2a: Meowscarada\n|-activate|p2a: Meowscarada|move: Protect\n|\n|-damage|p1a: i fingerpaint|59\/100 tox|[from] psn\n|-damage|p1b: emadrews|13\/100 brn|[from] brn\n|upkeep\n|\n|t:|1700520151\n|switch|p2b: Gholdengo|Gholdengo, L50|100\/100\n|turn|4\n|\n|t:|1700520171\n|move|p2a: Meowscarada|Knock Off|p1b: emadrews\n|-damage|p1b: emadrews|0 fnt\n|-enditem|p1b: emadrews|Flame Orb|[from] move: Knock Off|[of] p2a: Meowscarada\n|faint|p1b: emadrews\n|move|p2b: Gholdengo|Shadow Ball|p1a: i fingerpaint\n|-supereffective|p1a: i fingerpaint\n|-damage|p1a: i fingerpaint|0 fnt\n|faint|p1a: i fingerpaint\n|\n|upkeep\n|\n|t:|1700520180\n|switch|p1b: ooh im a ghost|Dragapult, L50, F, shiny|100\/100\n|turn|5\n|\n|t:|1700520191\n|-terastallize|p1b: ooh im a ghost|Electric\n|move|p2a: Meowscarada|Knock Off|p1b: ooh im a ghost\n|-damage|p1b: ooh im a ghost|38\/100\n|-enditem|p1b: ooh im a ghost|Power Herb|[from] move: Knock Off|[of] p2a: Meowscarada\n|move|p2b: Gholdengo|Shadow Ball|p2a: Meowscarada\n|-resisted|p2a: Meowscarada\n|-damage|p2a: Meowscarada|0 fnt\n|faint|p2a: Meowscarada\n|move|p1b: ooh im a ghost|Phantom Force||[still]\n|-prepare|p1b: ooh im a ghost|Phantom Force\n|\n|-fieldend|move: Psychic Terrain\n|upkeep\n|c|\u2606itsE|That was\n|c|\u2606itsE|A missclick\n|c|\u2606snakevnm|LOL\n|\n|t:|1700520211\n|switch|p2a: Garganacl|Garganacl, L50, F|100\/100\n|turn|6\n|\n|t:|1700520225\n|-terastallize|p2b: Gholdengo|Fairy\n|move|p2b: Gholdengo|Shadow Ball|p1b: ooh im a ghost|[miss]\n|-miss|p2b: Gholdengo|p1b: ooh im a ghost\n|move|p1b: ooh im a ghost|Phantom Force|p2b: Gholdengo|[from]lockedmove\n|-damage|p2b: Gholdengo|45\/100\n|move|p2a: Garganacl|Salt Cure|p1b: ooh im a ghost\n|-damage|p1b: ooh im a ghost|19\/100\n|-start|p1b: ooh im a ghost|Salt Cure\n|\n|-damage|p1b: ooh im a ghost|7\/100|[from] Salt Cure\n|-sideend|p2: itsE|move: Tailwind\n|upkeep\n|turn|7\n|\n|t:|1700520238\n|move|p1b: ooh im a ghost|Dragon Darts|p2a: Garganacl\n|-damage|p2a: Garganacl|85\/100\n|-anim|p1b: ooh im a ghost|Dragon Darts|p2a: Garganacl\n|-damage|p2a: Garganacl|69\/100\n|move|p2b: Gholdengo|Shadow Ball|p1b: ooh im a ghost\n|-damage|p1b: ooh im a ghost|0 fnt\n|faint|p1b: ooh im a ghost\n|\n|win|itsE\n|c|\u2606itsE|gg\n","uploadtime":1700520245,"views":2,"p1id":"snakevnm","p2id":"itse","formatid":"gen9vgc2023regulatione","rating":0,"private":0,"password":""}