{"id":"gen9vgc2023regulatione-1999206202","p1":"bobforte22","p2":"IronThrones","format":"[Gen 9] VGC 2023 Regulation E","log":"|j|\u2606bobforte22\n|j|\u2606IronThrones\n|t:|1701045329\n|gametype|doubles\n|player|p1|bobforte22|pilot|1160\n|player|p2|IronThrones|plasmagruntf-gen5bw|1064\n|teamsize|p1|6\n|teamsize|p2|6\n|gen|9\n|tier|[Gen 9] VGC 2023 Regulation E\n|rated|\n|rule|Species Clause: Limit one of each Pok\u00e9mon\n|rule|Item Clause: Limit one of each item\n|clearpoke\n|poke|p1|Baxcalibur, L50, M|\n|poke|p1|Ninetales-Alola, L50, F|\n|poke|p1|Dragonite, L50, F|\n|poke|p1|Landorus-Therian, L50, M|\n|poke|p1|Ceruledge, L50, M|\n|poke|p1|Articuno, L50|\n|poke|p2|Ninetales-Alola, L50, M|\n|poke|p2|Appletun, L50, F|\n|poke|p2|Articuno, L50|\n|poke|p2|Iron Hands, L50|\n|poke|p2|Heatran, L50, F|\n|poke|p2|Flutter Mane, L50|\n|teampreview|4\n|inactive|Battle timer is ON: inactive players will automatically lose when time's up. (requested by IronThrones)\n|\n|t:|1701045362\n|start\n|switch|p1a: Baxcalibur|Baxcalibur, L50, M|100\/100\n|switch|p1b: Landorus|Landorus-Therian, L50, M|100\/100\n|switch|p2a: Appletun|Appletun, L50, F, shiny|100\/100\n|switch|p2b: Flutter Mane|Flutter Mane, L50|100\/100\n|-ability|p1b: Landorus|Intimidate|boost\n|-unboost|p2a: Appletun|atk|1\n|-unboost|p2b: Flutter Mane|atk|1\n|-enditem|p2b: Flutter Mane|Booster Energy\n|-activate|p2b: Flutter Mane|ability: Protosynthesis|[fromitem]\n|-start|p2b: Flutter Mane|protosynthesisspe\n|turn|1\n|inactive|bobforte22 has 30 seconds left.\n|inactive|IronThrones has 30 seconds left.\n|\n|t:|1701045389\n|-terastallize|p1a: Baxcalibur|Poison\n|-terastallize|p2a: Appletun|Ice\n|move|p2b: Flutter Mane|Dazzling Gleam|p1b: Landorus|[spread] p1a,p1b\n|-resisted|p1a: Baxcalibur\n|-damage|p1a: Baxcalibur|89\/100\n|-damage|p1b: Landorus|60\/100\n|move|p1b: Landorus|Stomping Tantrum|p2b: Flutter Mane\n|-damage|p2b: Flutter Mane|1\/100\n|move|p1a: Baxcalibur|Swords Dance|p1a: Baxcalibur\n|-boost|p1a: Baxcalibur|atk|2\n|move|p2a: Appletun|Draco Meteor|p1a: Baxcalibur\n|-damage|p1a: Baxcalibur|56\/100\n|-unboost|p2a: Appletun|spa|2\n|\n|upkeep\n|turn|2\n|inactive|bobforte22 has 30 seconds left.\n|\n|t:|1701045424\n|switch|p2a: Ninetales|Ninetales-Alola, L50, M|100\/100\n|-weather|Snow|[from] ability: Snow Warning|[of] p2a: Ninetales\n|move|p1a: Baxcalibur|Ice Shard|p2b: Flutter Mane\n|-damage|p2b: Flutter Mane|0 fnt\n|faint|p2b: Flutter Mane\n|-end|p2b: Flutter Mane|Protosynthesis|[silent]\n|move|p1b: Landorus|Stomping Tantrum|p2a: Ninetales\n|-damage|p2a: Ninetales|54\/100\n|\n|-weather|Snow|[upkeep]\n|upkeep\n|\n|t:|1701045434\n|switch|p2b: Articuno|Articuno, L50, shiny|100\/100\n|turn|3\n|\n|t:|1701045459\n|switch|p1b: Ceruledge|Ceruledge, L50, M|100\/100\n|move|p2a: Ninetales|Aurora Veil|p2a: Ninetales\n|-sidestart|p2: IronThrones|move: Aurora Veil\n|move|p2b: Articuno|Blizzard|p1b: Ceruledge|[spread] p1a,p1b\n|-resisted|p1b: Ceruledge\n|-damage|p1a: Baxcalibur|32\/100\n|-damage|p1b: Ceruledge|87\/100\n|-status|p1a: Baxcalibur|frz\n|cant|p1a: Baxcalibur|frz\n|\n|-weather|Snow|[upkeep]\n|upkeep\n|turn|4\n|\n|t:|1701045482\n|move|p2a: Ninetales|Blizzard|p1b: Ceruledge|[spread] p1a,p1b\n|-resisted|p1b: Ceruledge\n|-damage|p1a: Baxcalibur|8\/100 frz\n|-damage|p1b: Ceruledge|72\/100\n|move|p2b: Articuno|Blizzard|p1a: Baxcalibur|[spread] p1a,p1b\n|-resisted|p1b: Ceruledge\n|-damage|p1a: Baxcalibur|0 fnt\n|-damage|p1b: Ceruledge|58\/100\n|faint|p1a: Baxcalibur\n|move|p1b: Ceruledge|Bitter Blade|p2a: Ninetales\n|-supereffective|p2a: Ninetales\n|-damage|p2a: Ninetales|0 fnt\n|-heal|p1b: Ceruledge|80\/100|[from] drain|[of] p2a: Ninetales\n|faint|p2a: Ninetales\n|-damage|p1b: Ceruledge|70\/100|[from] item: Life Orb\n|\n|-weather|Snow|[upkeep]\n|upkeep\n|\n|t:|1701045503\n|switch|p2a: Appletun|Appletun, L50, F, shiny, tera:Ice|100\/100\n|switch|p1a: Landorus|Landorus-Therian, L50, M|60\/100\n|-ability|p1a: Landorus|Intimidate|boost\n|-unboost|p2a: Appletun|atk|1\n|-unboost|p2b: Articuno|atk|1\n|turn|5\n|\n|t:|1701045525\n|move|p2a: Appletun|Helping Hand|p2b: Articuno\n|-singleturn|p2b: Articuno|Helping Hand|[of] p2a: Appletun\n|move|p1a: Landorus|Stomping Tantrum|p2a: Appletun\n|-damage|p2a: Appletun|81\/100\n|-damage|p1a: Landorus|44\/100|[from] item: Rocky Helmet|[of] p2a: Appletun\n|move|p2b: Articuno|Blizzard|p1a: Landorus|[spread] p1a,p1b\n|-supereffective|p1a: Landorus\n|-resisted|p1b: Ceruledge\n|-damage|p1a: Landorus|0 fnt\n|-damage|p1b: Ceruledge|46\/100\n|faint|p1a: Landorus\n|move|p1b: Ceruledge|Bitter Blade|p2b: Articuno\n|-supereffective|p2b: Articuno\n|-damage|p2b: Articuno|56\/100\n|-heal|p1b: Ceruledge|70\/100|[from] drain|[of] p2b: Articuno\n|-damage|p1b: Ceruledge|60\/100|[from] item: Life Orb\n|\n|-weather|Snow|[upkeep]\n|upkeep\n|inactive|bobforte22 has 30 seconds left.\n|\n|t:|1701045551\n|switch|p1a: Ninetales|Ninetales-Alola, L50, F|100\/100\n|turn|6\n|\n|t:|1701045567\n|move|p2a: Appletun|Helping Hand|p2b: Articuno\n|-singleturn|p2b: Articuno|Helping Hand|[of] p2a: Appletun\n|move|p1a: Ninetales|Aurora Veil|p1a: Ninetales\n|-sidestart|p1: bobforte22|move: Aurora Veil\n|move|p2b: Articuno|Blizzard|p1a: Ninetales|[spread] p1a,p1b\n|-resisted|p1a: Ninetales\n|-resisted|p1b: Ceruledge\n|-damage|p1a: Ninetales|85\/100\n|-damage|p1b: Ceruledge|46\/100\n|move|p1b: Ceruledge|Bitter Blade|p2b: Articuno|[miss]\n|-miss|p1b: Ceruledge|p2b: Articuno\n|\n|-weather|none\n|upkeep\n|turn|7\n|inactive|bobforte22 has 30 seconds left.\n|\n|t:|1701045596\n|move|p1a: Ninetales|Encore|p2a: Appletun\n|-start|p2a: Appletun|Encore\n|move|p2b: Articuno|Blizzard|p1a: Ninetales|[spread] p1a,p1b\n|-resisted|p1a: Ninetales\n|-resisted|p1b: Ceruledge\n|-damage|p1a: Ninetales|73\/100\n|-damage|p1b: Ceruledge|35\/100\n|move|p1b: Ceruledge|Bitter Blade|p2b: Articuno\n|-supereffective|p2b: Articuno\n|-damage|p2b: Articuno|0 fnt\n|-heal|p1b: Ceruledge|64\/100|[from] drain|[of] p2b: Articuno\n|faint|p2b: Articuno\n|-damage|p1b: Ceruledge|54\/100|[from] item: Life Orb\n|move|p2a: Appletun|Helping Hand|null|[notarget]\n|-fail|p2a: Appletun\n|\n|upkeep\n|turn|8\n|-message|IronThrones forfeited.\n|\n|win|bobforte22\n|raw|bobforte22's rating: 1160 &rarr; <strong>1178<\/strong><br \/>(+18 for winning)\n|raw|IronThrones's rating: 1064 &rarr; <strong>1050<\/strong><br \/>(-14 for losing)\n|l|\u2606IronThrones\n","uploadtime":1701045617,"views":1,"p1id":"bobforte22","p2id":"ironthrones","formatid":"gen9vgc2023regulatione","rating":1050,"private":0,"password":""}