{"id":"gen9vgc2023regulatione-1988607513","p1":"Stryke Out","p2":"Berrybeans","format":"[Gen 9] VGC 2023 Regulation E","log":"|j|\u2606Stryke Out\n|j|\u2606Berrybeans\n|n|\u2606Stryke Out|strykeout\n|n|\u2606Berrybeans|berrybeans\n|html|View the match progress at <a href=\"\/game-bestof3-gen9vgc2023regulatione-1988600415\">game-bestof3-gen9vgc2023regulatione-1988600415<\/a>\n|t:|1699741370\n|gametype|doubles\n|player|p1|Stryke Out|2|\n|player|p2|Berrybeans|candice|\n|teamsize|p1|6\n|teamsize|p2|6\n|gen|9\n|tier|[Gen 9] VGC 2023 Regulation E\n|rule|Species Clause: Limit one of each Pok\u00e9mon\n|rule|Item Clause: Limit one of each item\n|clearpoke\n|poke|p1|Salazzle, L50, F|\n|poke|p1|Copperajah, L50, M|\n|poke|p1|Clefable, L50, F|\n|poke|p1|Kilowattrel, L50, F|\n|poke|p1|Ting-Lu, L50|\n|poke|p1|Baxcalibur, L50, F|\n|poke|p2|Kommo-o, L50, M|\n|poke|p2|Tinkaton, L50, F|\n|poke|p2|Sinistcha, L50|\n|poke|p2|Moltres, L50|\n|poke|p2|Tauros-Paldea-Aqua, L50, M|\n|poke|p2|Magnezone, L50|\n|teampreview|4\n|inactive|Battle timer is ON: inactive players will automatically lose when time's up. (requested by Berrybeans)\n|j| Jstardude\n|j| FuratBang\n|inactive|Stryke Out has 60 seconds left.\n|inactive|Berrybeans has 60 seconds left.\n|c|\u2606Stryke Out|can you turn timer off?\n|inactive|Stryke Out has 30 seconds left.\n|inactive|Stryke Out has 20 seconds left.\n|inactive|Stryke Out has 15 seconds left.\n|inactive|Stryke Out has 10 seconds left.\n|inactiveoff|Battle timer is now OFF.\n|c|\u2606Stryke Out|thx\n|c|\u2606Berrybeans|srry\n|c|\u2606Stryke Out|all g\n|\n|t:|1699741510\n|start\n|switch|p1a: Salazzle|Salazzle, L50, F, shiny|100\/100\n|switch|p1b: Kilowattrel|Kilowattrel, L50, F|100\/100\n|switch|p2a: Kommo-o|Kommo-o, L50, M, shiny|100\/100\n|switch|p2b: Magnezone|Magnezone, L50|100\/100\n|turn|1\n|\n|t:|1699741553\n|-terastallize|p2a: Kommo-o|Steel\n|move|p1b: Kilowattrel|Volt Switch|p2b: Magnezone\n|-resisted|p2b: Magnezone\n|-damage|p2b: Magnezone|89\/100\n|\n|t:|1699741558\n|switch|p1b: Ting-Lu|Ting-Lu, L50|100\/100|[from] Volt Switch\n|-ability|p1b: Ting-Lu|Vessel of Ruin\n|move|p1a: Salazzle|Taunt|p2a: Kommo-o\n|-start|p2a: Kommo-o|move: Taunt\n|cant|p2a: Kommo-o|move: Taunt|Clangorous Soul\n|move|p2b: Magnezone|Volt Switch|p1b: Ting-Lu\n|-immune|p1b: Ting-Lu\n|\n|upkeep\n|turn|2\n|\n|t:|1699741588\n|switch|p1a: Kilowattrel|Kilowattrel, L50, F|100\/100\n|switch|p2a: Tauros|Tauros-Paldea-Aqua, L50, M|100\/100\n|-ability|p2a: Tauros|Intimidate|boost\n|-unboost|p1a: Kilowattrel|atk|1\n|-ability|p1a: Kilowattrel|Competitive|boost\n|-boost|p1a: Kilowattrel|spa|2\n|-fail|p1b: Ting-Lu|unboost|[from] item: Clear Amulet|[of] p1b: Ting-Lu\n|switch|p2b: Sinistcha|Sinistcha, L50|100\/100\n|move|p1b: Ting-Lu|Earthquake|p2b: Sinistcha|[spread] p2a,p2b\n|-immune|p1a: Kilowattrel\n|-resisted|p2b: Sinistcha\n|-damage|p2a: Tauros|60\/100\n|-damage|p2b: Sinistcha|82\/100\n|\n|upkeep\n|turn|3\n|\n|t:|1699741618\n|move|p2b: Sinistcha|Protect|p2b: Sinistcha\n|-singleturn|p2b: Sinistcha|Protect\n|move|p2a: Tauros|Aqua Jet|p1a: Kilowattrel\n|-damage|p1a: Kilowattrel|52\/100\n|move|p1a: Kilowattrel|Volt Switch|p2a: Tauros\n|-supereffective|p2a: Tauros\n|-damage|p2a: Tauros|0 fnt\n|faint|p2a: Tauros\n|\n|t:|1699741623\n|switch|p1a: Salazzle|Salazzle, L50, F, shiny|100\/100|[from] Volt Switch\n|move|p1b: Ting-Lu|Throat Chop|p2b: Sinistcha\n|-activate|p2b: Sinistcha|move: Protect\n|\n|upkeep\n|\n|t:|1699741629\n|switch|p2a: Kommo-o|Kommo-o, L50, M, shiny, tera:Steel|100\/100\n|turn|4\n|\n|t:|1699741648\n|move|p1a: Salazzle|Fake Out|p2a: Kommo-o\n|-resisted|p2a: Kommo-o\n|-damage|p2a: Kommo-o|98\/100\n|move|p2b: Sinistcha|Rage Powder|p2b: Sinistcha\n|-singleturn|p2b: Sinistcha|move: Rage Powder\n|cant|p2a: Kommo-o|flinch\n|move|p1b: Ting-Lu|Throat Chop|p2b: Sinistcha\n|-supereffective|p2b: Sinistcha\n|-damage|p2b: Sinistcha|0 fnt\n|faint|p2b: Sinistcha\n|\n|-heal|p2a: Kommo-o|100\/100|[from] item: Leftovers\n|upkeep\n|\n|t:|1699741656\n|switch|p2b: Magnezone|Magnezone, L50|89\/100\n|turn|5\n|\n|t:|1699741673\n|-terastallize|p1b: Ting-Lu|Ghost\n|move|p1a: Salazzle|Flamethrower|p2a: Kommo-o\n|-supereffective|p2a: Kommo-o\n|-damage|p2a: Kommo-o|23\/100\n|move|p2a: Kommo-o|Drain Punch|p1b: Ting-Lu\n|-immune|p1b: Ting-Lu\n|move|p2b: Magnezone|Thunderbolt|p1a: Salazzle\n|-damage|p1a: Salazzle|28\/100\n|move|p1b: Ting-Lu|Earthquake|p2a: Kommo-o|[spread] p1a,p2a,p2b\n|-supereffective|p1a: Salazzle\n|-supereffective|p2a: Kommo-o\n|-supereffective|p2b: Magnezone\n|-damage|p1a: Salazzle|0 fnt\n|-damage|p2a: Kommo-o|0 fnt\n|-damage|p2b: Magnezone|0 fnt\n|faint|p1a: Salazzle\n|faint|p2a: Kommo-o\n|faint|p2b: Magnezone\n|\n|win|Stryke Out\n|c|\u2606Stryke Out|gg\n|c|\u2606Berrybeans|gg\n|l| FuratBang\n","uploadtime":1699741753,"views":54,"p1id":"strykeout","p2id":"berrybeans","formatid":"gen9vgc2023regulatione","rating":0,"private":0,"password":""}