{"id":"gen9vgc2023regulatione-1991945567","p1":"omg_Zenith","p2":"Walalang","format":"[Gen 9] VGC 2023 Regulation E","log":"|j|\u2606omg_Zenith\n|j|\u2606Walalang\n|n|\u2606omg_Zenith|omgzenith\n|n|\u2606Walalang|walalang\n|html|View the match progress at <a href=\"\/game-bestof3-gen9vgc2023regulatione-1991942726\">game-bestof3-gen9vgc2023regulatione-1991942726<\/a>\n|t:|1700141202\n|gametype|doubles\n|player|p1|omg_Zenith|101|\n|player|p2|Walalang|lucas-gen4pt|\n|teamsize|p1|6\n|teamsize|p2|6\n|gen|9\n|tier|[Gen 9] VGC 2023 Regulation E\n|rule|Species Clause: Limit one of each Pok\u00e9mon\n|rule|Item Clause: Limit one of each item\n|clearpoke\n|poke|p1|Roaring Moon, L50|\n|poke|p1|Amoonguss, L50, M|\n|poke|p1|Heatran, L50, M|\n|poke|p1|Iron Hands, L50|\n|poke|p1|Ninetales-Alola, L50, F|\n|poke|p1|Kingambit, L50, M|\n|poke|p2|Thundurus, L50, M|\n|poke|p2|Landorus-Therian, L50, M|\n|poke|p2|Farigiraf, L50, M|\n|poke|p2|Pikachu, L50, M|\n|poke|p2|Mamoswine, L50, M|\n|poke|p2|Mienshao, L50, M|\n|teampreview|4\nomg_Zenith has agreed to open team sheets.\nWalalang has agreed to open team sheets.\n|showteam|p1|Roaring Moon||BoosterEnergy|Protosynthesis|Protect,DragonDance,KnockOff,Acrobatics||||||50|,,,,,Poison]Amoonguss||RockyHelmet|Regenerator|Protect,PollenPuff,Spore,RagePowder|||M|||50|,,,,,Water]Heatran||Leftovers|FlashFire|Protect,HeatWave,FlashCannon,EarthPower|||M|||50|,,,,,Fairy]Iron Hands||AssaultVest|QuarkDrive|FakeOut,WildCharge,DrainPunch,VoltSwitch||||||50|,,,,,Fire]Ninetales-Alola||LightClay|SnowWarning|Moonblast,FreezeDry,AuroraVeil,Protect|||F|||50|,,,,,Water]Kingambit||BlackGlasses|Defiant|Protect,SuckerPunch,KowtowCleave,SwordsDance|||M|||50|,,,,,Dark\n|showteam|p2|Thundurus||CovertCloak|Prankster|Discharge,ScaryFace,ElectricTerrain,KnockOff|||M|||50|,,,,,Electric]Landorus-Therian||ChoiceScarf|Intimidate|StompingTantrum,RockSlide,Uturn,TeraBlast|||M|||50|,,,,,Flying]Farigiraf||SitrusBerry|ArmorTail|Imprison,TrickRoom,DazzlingGleam,Psyshock|||M|||50|,,,,,Fairy]Pikachu||LightBall|LightningRod|Discharge,TeraBlast,FakeOut,Protect|||M|||50|,,,,,Ice]Mamoswine||AssaultVest|ThickFat|StompingTantrum,Earthquake,Avalanche,TeraBlast|||M|||50|,,,,,Water]Mienshao||FocusSash|Regenerator|PoisonJab,Protect,CloseCombat,Feint|||M|||50|,,,,,Poison\n|\n|t:|1700141283\n|start\n|switch|p1a: Franky|Iron Hands, L50|100\/100\n|switch|p1b: Ninetales|Ninetales-Alola, L50, F|100\/100\n|switch|p2a: Smogoncloud|Landorus-Therian, L50, M|100\/100\n|switch|p2b: Smogonthundr|Thundurus, L50, M|100\/100\n|-ability|p2a: Smogoncloud|Intimidate|boost\n|-unboost|p1a: Franky|atk|1\n|-unboost|p1b: Ninetales|atk|1\n|-weather|Snow|[from] ability: Snow Warning|[of] p1b: Ninetales\n|turn|1\n|\n|t:|1700141321\n|move|p1a: Franky|Fake Out|p2a: Smogoncloud\n|-damage|p2a: Smogoncloud|90\/100\n|cant|p2a: Smogoncloud|flinch\n|move|p2b: Smogonthundr|Knock Off|p1a: Franky\n|-resisted|p1a: Franky\n|-damage|p1a: Franky|92\/100\n|-enditem|p1a: Franky|Assault Vest|[from] move: Knock Off|[of] p2b: Smogonthundr\n|move|p1b: Ninetales|Freeze-Dry|p2b: Smogonthundr\n|-supereffective|p2b: Smogonthundr\n|-damage|p2b: Smogonthundr|52\/100\n|\n|-weather|Snow|[upkeep]\n|upkeep\n|turn|2\n|\n|t:|1700141345\n|move|p2a: Smogoncloud|Rock Slide|p1b: Ninetales|[spread] p1a,p1b\n|-resisted|p1a: Franky\n|-supereffective|p1b: Ninetales\n|-damage|p1a: Franky|85\/100\n|-damage|p1b: Ninetales|65\/100\n|move|p2b: Smogonthundr|Knock Off|p1b: Ninetales\n|-resisted|p1b: Ninetales\n|-crit|p1b: Ninetales\n|-damage|p1b: Ninetales|52\/100\n|-enditem|p1b: Ninetales|Light Clay|[from] move: Knock Off|[of] p2b: Smogonthundr\n|move|p1b: Ninetales|Freeze-Dry|p2a: Smogoncloud\n|-supereffective|p2a: Smogoncloud\n|-damage|p2a: Smogoncloud|0 fnt\n|faint|p2a: Smogoncloud\n|move|p1a: Franky|Volt Switch|p2b: Smogonthundr\n|-damage|p2b: Smogonthundr|37\/100\n|\n|t:|1700141360\n|-end|p1a: Franky|Quark Drive|[silent]\n|switch|p1a: Amoonguss|Amoonguss, L50, M|100\/100|[from] Volt Switch\n|\n|-weather|Snow|[upkeep]\n|upkeep\n|\n|t:|1700141365\n|switch|p2a: Isaiah|Mamoswine, L50, M|100\/100\n|turn|3\n|\n|t:|1700141379\n|-terastallize|p1a: Amoonguss|Water\n|move|p1b: Ninetales|Protect|p1b: Ninetales\n|-singleturn|p1b: Ninetales|Protect\n|move|p2b: Smogonthundr|Knock Off|p1a: Amoonguss\n|-damage|p1a: Amoonguss|82\/100\n|-damage|p2b: Smogonthundr|20\/100|[from] item: Rocky Helmet|[of] p1a: Amoonguss\n|-enditem|p1a: Amoonguss|Rocky Helmet|[from] move: Knock Off|[of] p2b: Smogonthundr\n|move|p2a: Isaiah|Earthquake|p1b: Ninetales|[spread] p1a\n|-activate|p1b: Ninetales|move: Protect\n|-immune|p2b: Smogonthundr\n|-damage|p1a: Amoonguss|50\/100\n|move|p1a: Amoonguss|Spore|p2a: Isaiah\n|-status|p2a: Isaiah|slp|[from] move: Spore\n|\n|-weather|Snow|[upkeep]\n|upkeep\n|turn|4\n|\n|t:|1700141404\n|switch|p1a: Franky|Iron Hands, L50|85\/100\n|move|p2b: Smogonthundr|Discharge|p1a: Franky|[spread] p1a,p1b\n|-immune|p2a: Isaiah\n|-resisted|p1a: Franky\n|-damage|p1a: Franky|73\/100\n|-damage|p1b: Ninetales|27\/100\n|move|p1b: Ninetales|Freeze-Dry|p2b: Smogonthundr\n|-supereffective|p2b: Smogonthundr\n|-damage|p2b: Smogonthundr|0 fnt\n|faint|p2b: Smogonthundr\n|cant|p2a: Isaiah|slp\n|\n|-weather|Snow|[upkeep]\n|upkeep\n|\n|t:|1700141416\n|switch|p2b: Mienshao|Mienshao, L50, M|100\/100\n|turn|5\n|\n|t:|1700141435\n|move|p2b: Mienshao|Protect|p2b: Mienshao\n|-singleturn|p2b: Mienshao|Protect\n|move|p1a: Franky|Fake Out|p2b: Mienshao\n|-activate|p2b: Mienshao|move: Protect\n|move|p1b: Ninetales|Moonblast|p2b: Mienshao\n|-activate|p2b: Mienshao|move: Protect\n|cant|p2a: Isaiah|slp\n|\n|-weather|none\n|upkeep\n|turn|6\n|\n|t:|1700141455\n|switch|p1b: Amoonguss|Amoonguss, L50, M, tera:Water|83\/100\n|move|p2b: Mienshao|Poison Jab|p1b: Amoonguss\n|-damage|p1b: Amoonguss|61\/100\n|-status|p1b: Amoonguss|psn\n|cant|p2a: Isaiah|slp\n|move|p1a: Franky|Drain Punch|p2a: Isaiah\n|-supereffective|p2a: Isaiah\n|-damage|p2a: Isaiah|16\/100 slp\n|-heal|p1a: Franky|100\/100|[from] drain|[of] p2a: Isaiah\n|\n|-damage|p1b: Amoonguss|49\/100 psn|[from] psn\n|upkeep\n|turn|7\n|\n|t:|1700141479\n|-end|p1a: Franky|Quark Drive|[silent]\n|switch|p1a: Ninetales|Ninetales-Alola, L50, F|27\/100\n|-weather|Snow|[from] ability: Snow Warning|[of] p1a: Ninetales\n|move|p1b: Amoonguss|Protect|p1b: Amoonguss\n|-singleturn|p1b: Amoonguss|Protect\n|move|p2b: Mienshao|Poison Jab|p1a: Ninetales\n|-supereffective|p1a: Ninetales\n|-damage|p1a: Ninetales|0 fnt\n|faint|p1a: Ninetales\n|-curestatus|p2a: Isaiah|slp|[msg]\n|move|p2a: Isaiah|Stomping Tantrum|p1b: Amoonguss\n|-activate|p1b: Amoonguss|move: Protect\n|\n|-weather|Snow|[upkeep]\n|-damage|p1b: Amoonguss|37\/100 psn|[from] psn\n|upkeep\n|\n|t:|1700141493\n|switch|p1a: Franky|Iron Hands, L50|100\/100\n|turn|8\n|\n|t:|1700141506\n|move|p2b: Mienshao|Protect|p2b: Mienshao\n|-singleturn|p2b: Mienshao|Protect\n|move|p1b: Amoonguss|Rage Powder|p1b: Amoonguss\n|-singleturn|p1b: Amoonguss|move: Rage Powder\n|move|p2a: Isaiah|Earthquake|p1b: Amoonguss|[spread] p1a,p1b\n|-activate|p2b: Mienshao|move: Protect\n|-supereffective|p1a: Franky\n|-damage|p1a: Franky|43\/100\n|-damage|p1b: Amoonguss|6\/100 psn\n|move|p1a: Franky|Drain Punch|p2a: Isaiah\n|-supereffective|p2a: Isaiah\n|-damage|p2a: Isaiah|0 fnt\n|-heal|p1a: Franky|50\/100|[from] drain|[of] p2a: Isaiah\n|faint|p2a: Isaiah\n|\n|-weather|Snow|[upkeep]\n|-damage|p1b: Amoonguss|0 fnt|[from] psn\n|faint|p1b: Amoonguss\n|upkeep\n|\n|t:|1700141521\n|switch|p1b: Blackbeard|Kingambit, L50, M|100\/100\n|turn|9\n|\n|t:|1700141534\n|move|p1b: Blackbeard|Sucker Punch|p2b: Mienshao\n|-resisted|p2b: Mienshao\n|-damage|p2b: Mienshao|52\/100\n|move|p2b: Mienshao|Close Combat|p1b: Blackbeard\n|-supereffective|p1b: Blackbeard\n|-damage|p1b: Blackbeard|0 fnt\n|-unboost|p2b: Mienshao|def|1\n|-unboost|p2b: Mienshao|spd|1\n|faint|p1b: Blackbeard\n|move|p1a: Franky|Drain Punch|p2b: Mienshao\n|-damage|p2b: Mienshao|0 fnt\n|-heal|p1a: Franky|65\/100|[from] drain|[of] p2b: Mienshao\n|faint|p2b: Mienshao\n|\n|win|omg_Zenith\n","uploadtime":1700141602,"views":24,"p1id":"omgzenith","p2id":"walalang","formatid":"gen9vgc2023regulatione","rating":0,"private":0,"password":""}