{"id":"gen9vgc2023regulatione-1998016294","p1":"bambichild","p2":"mnov09","format":"[Gen 9] VGC 2023 Regulation E","log":"|j|\u2606bambichild\n|j|\u2606mnov09\n|n|\u2606bambichild|bambichild\n|n|\u2606mnov09|mnov09\n|html|View the match progress at <a href=\"\/game-bestof3-gen9vgc2023regulatione-1998012728\">game-bestof3-gen9vgc2023regulatione-1998012728<\/a>\n|t:|1700879343\n|gametype|doubles\n|player|p1|bambichild|cynthia|\n|player|p2|mnov09|102|\n|teamsize|p1|6\n|teamsize|p2|6\n|gen|9\n|tier|[Gen 9] VGC 2023 Regulation E\n|rule|Species Clause: Limit one of each Pok\u00e9mon\n|rule|Item Clause: Limit one of each item\n|clearpoke\n|poke|p1|Hydreigon, L50, F|\n|poke|p1|Frosmoth, L50, F|\n|poke|p1|Raichu, L50, F|\n|poke|p1|Tornadus, L50, M|\n|poke|p1|Basculegion, L50, M|\n|poke|p1|Rotom-Heat, L50|\n|poke|p2|Urshifu-*, L50, M|\n|poke|p2|Regieleki, L50|\n|poke|p2|Corviknight, L50, M|\n|poke|p2|Ludicolo, L50, M|\n|poke|p2|Glimmora, L50, M|\n|poke|p2|Gliscor, L50, F|\n|teampreview|4\nbambichild rejected open team sheets.\n|\n|t:|1700879431\n|start\n|switch|p1a: Tornadus|Tornadus, L50, M, shiny|100\/100\n|switch|p1b: Basculegion|Basculegion, L50, M, shiny|100\/100\n|switch|p2a: Regieleki|Regieleki, L50|100\/100\n|switch|p2b: Gliscor|Gliscor, L50, F|100\/100\n|-item|p2a: Regieleki|Air Balloon\n|turn|1\n|\n|t:|1700879475\n|switch|p1b: Raichu|Raichu, L50, F, shiny|100\/100\n|move|p2b: Gliscor|Protect|p2b: Gliscor\n|-singleturn|p2b: Gliscor|Protect\n|move|p1a: Tornadus|Tailwind|p1a: Tornadus\n|-sidestart|p1: bambichild|move: Tailwind\n|move|p2a: Regieleki|Electric Terrain|p2a: Regieleki\n|-fieldstart|move: Electric Terrain\n|\n|-status|p2b: Gliscor|tox|[from] item: Toxic Orb\n|upkeep\n|turn|2\n|\n|t:|1700879515\n|move|p1b: Raichu|Fake Out|p2b: Gliscor\n|-damage|p2b: Gliscor|92\/100 tox\n|move|p1a: Tornadus|Bleakwind Storm|p2b: Gliscor|[spread] p2a,p2b\n|-resisted|p2a: Regieleki\n|-damage|p2a: Regieleki|75\/100\n|-damage|p2b: Gliscor|48\/100 tox\n|-unboost|p2b: Gliscor|spe|1\n|-enditem|p2a: Regieleki|Air Balloon\n|move|p2a: Regieleki|Electro Ball|p1b: Raichu\n|-activate|p1b: Raichu|ability: Lightning Rod\n|-ability|p1b: Raichu|Lightning Rod|boost\n|-boost|p1b: Raichu|spa|1\n|cant|p2b: Gliscor|flinch\n|\n|-heal|p2b: Gliscor|60\/100 tox|[from] ability: Poison Heal\n|upkeep\n|turn|3\n|\n|t:|1700879562\n|move|p2b: Gliscor|Protect|p2b: Gliscor\n|-singleturn|p2b: Gliscor|Protect\n|move|p2a: Regieleki|Extreme Speed|p1b: Raichu\n|-damage|p1b: Raichu|71\/100\n|move|p1a: Tornadus|Rain Dance|p1a: Tornadus\n|-weather|RainDance\n|move|p1b: Raichu|Draining Kiss|p2b: Gliscor\n|-activate|p2b: Gliscor|move: Protect\n|\n|-weather|RainDance|[upkeep]\n|-heal|p2b: Gliscor|72\/100 tox|[from] ability: Poison Heal\n|upkeep\n|turn|4\n|\n|t:|1700879580\n|switch|p2a: Ludicolo|Ludicolo, L50, M|100\/100\n|move|p1b: Raichu|Draining Kiss|p2b: Gliscor\n|-damage|p2b: Gliscor|48\/100 tox\n|-heal|p1b: Raichu|87\/100|[from] drain|[of] p2b: Gliscor\n|move|p1a: Tornadus|Bleakwind Storm|p2a: Ludicolo|[spread] p2a,p2b\n|-supereffective|p2a: Ludicolo\n|-damage|p2a: Ludicolo|45\/100\n|-damage|p2b: Gliscor|0 fnt\n|faint|p2b: Gliscor\n|\n|-weather|RainDance|[upkeep]\n|-heal|p2a: Ludicolo|51\/100|[from] ability: Rain Dish\n|-sideend|p1: bambichild|move: Tailwind\n|upkeep\n|\n|t:|1700879595\n|switch|p2b: Corviknight|Corviknight, L50, M|100\/100\n|-enditem|p2b: Corviknight|Electric Seed\n|-boost|p2b: Corviknight|def|1|[from] item: Electric Seed\n|turn|5\n|\n|t:|1700879634\n|move|p2a: Ludicolo|Fake Out|p1b: Raichu\n|-damage|p1b: Raichu|76\/100\n|cant|p1b: Raichu|flinch\n|move|p1a: Tornadus|Bleakwind Storm|p2b: Corviknight|[spread] p2a,p2b\n|-supereffective|p2a: Ludicolo\n|-resisted|p2b: Corviknight\n|-damage|p2a: Ludicolo|0 fnt\n|-damage|p2b: Corviknight|86\/100\n|faint|p2a: Ludicolo\n|move|p2b: Corviknight|Tailwind|p2b: Corviknight\n|-sidestart|p2: mnov09|move: Tailwind\n|\n|-weather|RainDance|[upkeep]\n|-fieldend|move: Electric Terrain\n|upkeep\n|\n|t:|1700879648\n|switch|p2a: Regieleki|Regieleki, L50|75\/100\n|turn|6\n|\n|t:|1700879689\n|switch|p1a: Basculegion|Basculegion, L50, M, shiny|100\/100\n|move|p2a: Regieleki|Extreme Speed|p1b: Raichu\n|-damage|p1b: Raichu|48\/100\n|move|p2b: Corviknight|Body Press|p1b: Raichu\n|-damage|p1b: Raichu|0 fnt\n|faint|p1b: Raichu\n|\n|-weather|RainDance|[upkeep]\n|upkeep\n|\n|t:|1700879704\n|switch|p1b: Hydreigon|Hydreigon, L50, F, shiny|100\/100\n|turn|7\n|\n|t:|1700879747\n|-terastallize|p1a: Basculegion|Fairy\n|move|p1b: Hydreigon|Protect|p1b: Hydreigon\n|-singleturn|p1b: Hydreigon|Protect\n|move|p2a: Regieleki|Electro Ball|p1a: Basculegion\n|-crit|p1a: Basculegion\n|-damage|p1a: Basculegion|9\/100\n|move|p2b: Corviknight|Body Press|p1b: Hydreigon\n|-activate|p1b: Hydreigon|move: Protect\n|move|p1a: Basculegion|Last Respects|p2a: Regieleki\n|-damage|p2a: Regieleki|0 fnt\n|faint|p2a: Regieleki\n|\n|-weather|none\n|upkeep\n|turn|8\n|\n|t:|1700879784\n|move|p2b: Corviknight|Body Press|p1b: Hydreigon\n|-supereffective|p1b: Hydreigon\n|-damage|p1b: Hydreigon|15\/100\n|move|p1a: Basculegion|Last Respects|p2b: Corviknight\n|-damage|p2b: Corviknight|55\/100\n|move|p1b: Hydreigon|Dark Pulse|p2b: Corviknight\n|-damage|p2b: Corviknight|0 fnt\n|faint|p2b: Corviknight\n|-damage|p1b: Hydreigon|5\/100|[from] item: Life Orb\n|\n|win|bambichild\n|c|\u2606bambichild|ggs! c:\n|c|\u2606mnov09|Gg\n|l|\u2606mnov09\n","uploadtime":1700880022,"views":16,"p1id":"bambichild","p2id":"mnov09","formatid":"gen9vgc2023regulatione","rating":0,"private":0,"password":""}