{"id":"gen9vgc2023regulatione-1997721551","p1":"mochipupusa","p2":"Ramez","format":"[Gen 9] VGC 2023 Regulation E","log":"|j|\u2606mochipupusa\n|j|\u2606Ramez\n|t:|1700845615\n|gametype|doubles\n|player|p1|mochipupusa|collector|1365\n|player|p2|Ramez|li|1398\n|teamsize|p1|6\n|teamsize|p2|6\n|gen|9\n|tier|[Gen 9] VGC 2023 Regulation E\n|rated|\n|rule|Species Clause: Limit one of each Pok\u00e9mon\n|rule|Item Clause: Limit one of each item\n|clearpoke\n|poke|p1|Roaring Moon, L50|\n|poke|p1|Milotic, L50, F|\n|poke|p1|Landorus-Therian, L50, M|\n|poke|p1|Flutter Mane, L50|\n|poke|p1|Iron Hands, L50|\n|poke|p1|Ogerpon-Hearthflame, L50, F|\n|poke|p2|Rillaboom, L50, F|\n|poke|p2|Chi-Yu, L50|\n|poke|p2|Flutter Mane, L50|\n|poke|p2|Iron Hands, L50|\n|poke|p2|Dragonite, L50, F|\n|poke|p2|Chien-Pao, L50|\n|teampreview|4\nmochipupusa has agreed to open team sheets.\nRamez has agreed to open team sheets.\n|inactive|Battle timer is ON: inactive players will automatically lose when time's up. (requested by Ramez)\n|\n|t:|1700845658\n|start\n|switch|p1a: evs|Iron Hands, L50, shiny|100\/100\n|switch|p1b: Landorus|Landorus-Therian, L50, M|100\/100\n|switch|p2a: Dragonite|Dragonite, L50, F|100\/100\n|switch|p2b: Chien-Pao|Chien-Pao, L50|100\/100\n|-ability|p1b: Landorus|Intimidate|boost\n|-fail|p2a: Dragonite|unboost|Attack|[from] ability: Inner Focus|[of] p2a: Dragonite\n|-unboost|p2b: Chien-Pao|atk|1\n|-ability|p2b: Chien-Pao|Sword of Ruin\n|turn|1\n|inactive|mochipupusa has 30 seconds left.\n|\n|t:|1700845687\n|move|p2b: Chien-Pao|Protect|p2b: Chien-Pao\n|-singleturn|p2b: Chien-Pao|Protect\n|move|p1a: evs|Fake Out|p2a: Dragonite\n|-damage|p2a: Dragonite|82\/100\n|move|p1b: Landorus|U-turn|p2a: Dragonite\n|-resisted|p2a: Dragonite\n|-damage|p2a: Dragonite|67\/100\n|\n|t:|1700845699\n|switch|p1b: Flutter Mane|Flutter Mane, L50|100\/100|[from] U-turn\n|move|p2a: Dragonite|Stomping Tantrum|p1a: evs\n|-supereffective|p1a: evs\n|-damage|p1a: evs|27\/100\n|\n|upkeep\n|turn|2\n|inactive|mochipupusa has 30 seconds left.\n|inactive|mochipupusa has 20 seconds left.\n|\n|t:|1700845736\n|-end|p1a: evs|Quark Drive|[silent]\n|switch|p1a: Ogerpon|Ogerpon-Hearthflame, L50, F|100\/100\n|-ability|p1a: Ogerpon|Mold Breaker\n|-terastallize|p2b: Chien-Pao|Ice\n|move|p2b: Chien-Pao|Ice Shard|p1b: Flutter Mane\n|-damage|p1b: Flutter Mane|59\/100\n|-damage|p2b: Chien-Pao|91\/100|[from] item: Life Orb\n|move|p1b: Flutter Mane|Dazzling Gleam|p2b: Chien-Pao|[spread] p2a,p2b\n|-supereffective|p2a: Dragonite\n|-damage|p2a: Dragonite|0 fnt\n|-damage|p2b: Chien-Pao|35\/100\n|faint|p2a: Dragonite\n|\n|upkeep\n|inactive|Ramez has 30 seconds left.\n|\n|t:|1700845761\n|switch|p2a: Chi-Yu|Chi-Yu, L50|100\/100\n|-ability|p2a: Chi-Yu|Beads of Ruin\n|turn|3\n|\n|t:|1700845778\n|-terastallize|p1b: Flutter Mane|Fairy\n|move|p2b: Chien-Pao|Protect|p2b: Chien-Pao\n|-singleturn|p2b: Chien-Pao|Protect\n|move|p1a: Ogerpon|Ivy Cudgel|p2b: Chien-Pao|[anim] Ivy Cudgel Fire\n|-activate|p2b: Chien-Pao|move: Protect\n|move|p1b: Flutter Mane|Moonblast|p2a: Chi-Yu\n|-damage|p2a: Chi-Yu|16\/100\n|move|p2a: Chi-Yu|Heat Wave|p1a: Ogerpon|[spread] p1a,p1b\n|-damage|p1a: Ogerpon|47\/100\n|-damage|p1b: Flutter Mane|9\/100\n|\n|upkeep\n|turn|4\n|\n|t:|1700845799\n|move|p1b: Flutter Mane|Protect|p1b: Flutter Mane\n|-singleturn|p1b: Flutter Mane|Protect\n|move|p2b: Chien-Pao|Ice Shard|p1b: Flutter Mane\n|-activate|p1b: Flutter Mane|move: Protect\n|move|p1a: Ogerpon|Ivy Cudgel|p2a: Chi-Yu|[anim] Ivy Cudgel Fire\n|-resisted|p2a: Chi-Yu\n|-damage|p2a: Chi-Yu|0 fnt\n|faint|p2a: Chi-Yu\n|\n|upkeep\n|\n|t:|1700845807\n|switch|p2a: Flutter Mane|Flutter Mane, L50|100\/100\n|turn|5\n|inactive|mochipupusa has 30 seconds left.\n|inactive|mochipupusa has 20 seconds left.\n|inactive|mochipupusa has 15 seconds left.\n|\n|t:|1700845848\n|-end|p1b: Flutter Mane|Protosynthesis|[silent]\n|switch|p1b: evs|Iron Hands, L50, shiny|27\/100\n|move|p2b: Chien-Pao|Ice Shard|p1b: evs\n|-damage|p1b: evs|7\/100\n|-damage|p2b: Chien-Pao|25\/100|[from] item: Life Orb\n|move|p2a: Flutter Mane|Shadow Ball|p1a: Ogerpon\n|-damage|p1a: Ogerpon|0 fnt\n|faint|p1a: Ogerpon\n|\n|upkeep\n|\n|t:|1700845873\n|switch|p1a: Landorus|Landorus-Therian, L50, M|100\/100\n|-ability|p1a: Landorus|Intimidate|boost\n|-unboost|p2a: Flutter Mane|atk|1\n|-unboost|p2b: Chien-Pao|atk|1\n|turn|6\n|\n|t:|1700845882\n|move|p2b: Chien-Pao|Protect|p2b: Chien-Pao\n|-singleturn|p2b: Chien-Pao|Protect\n|move|p1b: evs|Fake Out|p2b: Chien-Pao\n|-activate|p2b: Chien-Pao|move: Protect\n|move|p1a: Landorus|Stomping Tantrum|p2a: Flutter Mane\n|-damage|p2a: Flutter Mane|12\/100\n|move|p2a: Flutter Mane|Shadow Ball|p1a: Landorus\n|-damage|p1a: Landorus|36\/100\n|\n|upkeep\n|turn|7\n|inactive|mochipupusa has 30 seconds left.\n|\n|t:|1700845907\n|move|p2b: Chien-Pao|Ice Shard|p1a: Landorus\n|-supereffective|p1a: Landorus\n|-damage|p1a: Landorus|0 fnt\n|faint|p1a: Landorus\n|-damage|p2b: Chien-Pao|15\/100|[from] item: Life Orb\n|move|p2a: Flutter Mane|Shadow Ball|p1b: evs\n|-damage|p1b: evs|0 fnt\n|faint|p1b: evs\n|-end|p1b: evs|Quark Drive|[silent]\n|\n|upkeep\n|\n|t:|1700845917\n|switch|p1b: Flutter Mane|Flutter Mane, L50, tera:Fairy|9\/100\n|turn|8\n|\n|t:|1700845924\n|move|p2b: Chien-Pao|Ice Shard|p1b: Flutter Mane\n|-damage|p1b: Flutter Mane|0 fnt\n|faint|p1b: Flutter Mane\n|-end|p1b: Flutter Mane|Protosynthesis|[silent]\n|-damage|p2b: Chien-Pao|6\/100|[from] item: Life Orb\n|\n|win|Ramez\n|raw|mochipupusa's rating: 1365 &rarr; <strong>1347<\/strong><br \/>(-18 for losing)\n|raw|Ramez's rating: 1398 &rarr; <strong>1416<\/strong><br \/>(+18 for winning)\n|l|\u2606Ramez\n","uploadtime":1700846240,"views":3,"p1id":"mochipupusa","p2id":"ramez","formatid":"gen9vgc2023regulatione","rating":1347,"private":0,"password":""}