{"id":"gen9vgc2023regulatione-1991345349","p1":"FinalGambitVGC","p2":"LordGig","format":"[Gen 9] VGC 2023 Regulation E","log":"|j|\u2606FinalGambitVGC\n|j|\u2606LordGig\n|t:|1700069419\n|gametype|doubles\n|player|p1|FinalGambitVGC|cynthia-masters|\n|player|p2|LordGig|colress|\n|teamsize|p1|6\n|teamsize|p2|6\n|gen|9\n|tier|[Gen 9] VGC 2023 Regulation E\n|rule|Species Clause: Limit one of each Pok\u00e9mon\n|rule|Item Clause: Limit one of each item\n|clearpoke\n|poke|p1|Annihilape, L50, M|\n|poke|p1|Maushold, L50|\n|poke|p1|Cyclizar, L50, M|\n|poke|p1|Staraptor, L50, M|\n|poke|p1|Mimikyu, L50, M|\n|poke|p1|Donphan, L50, M|\n|poke|p2|Iron Hands, L50|\n|poke|p2|Arboliva, L50, M|\n|poke|p2|Meowscarada, L50, F|\n|poke|p2|Illumise, L50, F|\n|poke|p2|Kleavor, L50, F|\n|poke|p2|Milotic, L50, F|\n|teampreview|4\n|j| AncientFuture\n|\n|t:|1700069457\n|start\n|switch|p1a: Maushold|Maushold, L50|100\/100\n|switch|p1b: Staraptor|Staraptor, L50, M|100\/100\n|switch|p2a: Myia|Illumise, L50, F, shiny|100\/100\n|switch|p2b: Wampus|Meowscarada, L50, F|100\/100\n|turn|1\n|\n|t:|1700069484\n|-terastallize|p2a: Myia|Normal\n|move|p2a: Myia|Tailwind|p2a: Myia\n|-sidestart|p2: LordGig|move: Tailwind\n|move|p2b: Wampus|Play Rough|p1a: Maushold|[miss]\n|-start|p2b: Wampus|typechange|Fairy|[from] ability: Protean\n|-miss|p2b: Wampus|p1a: Maushold\n|move|p1a: Maushold|Population Bomb|p2b: Wampus\n|-damage|p2b: Wampus|87\/100\n|-crit|p2b: Wampus\n|-damage|p2b: Wampus|68\/100\n|-damage|p2b: Wampus|55\/100\n|-damage|p2b: Wampus|43\/100\n|-damage|p2b: Wampus|31\/100\n|-hitcount|p2b: Wampus|5\n|move|p1b: Staraptor|Tailwind|p1b: Staraptor\n|-sidestart|p1: FinalGambitVGC|move: Tailwind\n|\n|upkeep\n|turn|2\n|l| AncientFuture\n|\n|t:|1700069521\n|switch|p1a: Donphan|Donphan, L50, M|100\/100\n|move|p1b: Staraptor|Protect|p1b: Staraptor\n|-singleturn|p1b: Staraptor|Protect\n|move|p2a: Myia|Encore|p1b: Staraptor\n|-activate|p1b: Staraptor|move: Protect\n|move|p2b: Wampus|Play Rough|p1a: Donphan|[miss]\n|-miss|p2b: Wampus|p1a: Donphan\n|\n|upkeep\n|turn|3\n|\n|t:|1700069537\n|switch|p1b: Maushold|Maushold, L50|100\/100\n|move|p2a: Myia|Encore||[still]\n|-fail|p2a: Myia\n|move|p1a: Donphan|Ice Shard|p2b: Wampus\n|-damage|p2b: Wampus|3\/100\n|move|p2b: Wampus|Play Rough|p1a: Donphan\n|-damage|p1a: Donphan|60\/100\n|-unboost|p1a: Donphan|atk|1\n|\n|upkeep\n|turn|4\n|\n|t:|1700069564\n|move|p1a: Donphan|Ice Shard|p2b: Wampus\n|-damage|p2b: Wampus|0 fnt\n|faint|p2b: Wampus\n|move|p1b: Maushold|Population Bomb|p2a: Myia\n|-damage|p2a: Myia|93\/100\n|-damage|p2a: Myia|84\/100\n|-hitcount|p2a: Myia|2\n|move|p2a: Myia|Infestation|p1a: Donphan\n|-damage|p1a: Donphan|54\/100\n|-activate|p1a: Donphan|move: Infestation|[of] p2a: Myia\n|\n|-damage|p1a: Donphan|38\/100|[from] move: Infestation|[partiallytrapped]\n|-sideend|p2: LordGig|move: Tailwind\n|-sideend|p1: FinalGambitVGC|move: Tailwind\n|upkeep\n|\n|t:|1700069576\n|switch|p2b: Charybdis|Milotic, L50, F|100\/100\n|turn|5\n|\n|t:|1700069594\n|move|p2a: Myia|Tailwind|p2a: Myia\n|-sidestart|p2: LordGig|move: Tailwind\n|move|p1a: Donphan|Ice Shard|p2a: Myia\n|-damage|p2a: Myia|69\/100\n|move|p2b: Charybdis|Ice Beam|p1a: Donphan\n|-supereffective|p1a: Donphan\n|-damage|p1a: Donphan|0 fnt\n|faint|p1a: Donphan\n|move|p1b: Maushold|Super Fang|p2b: Charybdis\n|-damage|p2b: Charybdis|50\/100\n|\n|-status|p2b: Charybdis|brn|[from] item: Flame Orb\n|upkeep\n|\n|t:|1700069603\n|switch|p1a: Annihilape|Annihilape, L50, M|100\/100\n|turn|6\n|\n|t:|1700069624\n|-terastallize|p1a: Annihilape|Fighting\n|move|p1b: Maushold|Follow Me|p1b: Maushold\n|-singleturn|p1b: Maushold|move: Follow Me\n|move|p2a: Myia|Encore|p1b: Maushold\n|-start|p1b: Maushold|Encore\n|move|p2b: Charybdis|Scald|p1b: Maushold\n|-damage|p1b: Maushold|45\/100\n|-status|p1b: Maushold|brn\n|move|p1a: Annihilape|Drain Punch|p2a: Myia\n|-supereffective|p2a: Myia\n|-damage|p2a: Myia|0 fnt\n|faint|p2a: Myia\n|\n|-damage|p2b: Charybdis|45\/100 brn|[from] brn\n|-damage|p1b: Maushold|39\/100 brn|[from] brn\n|upkeep\n|\n|t:|1700069637\n|switch|p2a: Gotz|Iron Hands, L50|100\/100\n|turn|7\n|\n|t:|1700069645\n|move|p1b: Maushold|Follow Me|p1b: Maushold\n|-singleturn|p1b: Maushold|move: Follow Me\n|move|p2b: Charybdis|Life Dew||[still]|[spread] p2a,p2b\n|-fail|p2a: Gotz|heal\n|-heal|p2b: Charybdis|70\/100 brn\n|move|p2a: Gotz|Play Rough|p1b: Maushold\n|-damage|p1b: Maushold|0 fnt\n|faint|p1b: Maushold\n|move|p1a: Annihilape|Drain Punch|p2b: Charybdis\n|-damage|p2b: Charybdis|39\/100 brn\n|\n|-damage|p2b: Charybdis|33\/100 brn|[from] brn\n|upkeep\n|\n|t:|1700069655\n|switch|p1b: Staraptor|Staraptor, L50, M|100\/100\n|turn|8\n|\n|t:|1700069673\n|move|p1b: Staraptor|Protect|p1b: Staraptor\n|-singleturn|p1b: Staraptor|Protect\n|move|p2b: Charybdis|Ice Beam|p1b: Staraptor\n|-activate|p1b: Staraptor|move: Protect\n|move|p2a: Gotz|Play Rough|p1a: Annihilape\n|-supereffective|p1a: Annihilape\n|-damage|p1a: Annihilape|16\/100\n|-unboost|p1a: Annihilape|atk|1\n|-ability|p1a: Annihilape|Defiant|boost\n|-boost|p1a: Annihilape|atk|2\n|move|p1a: Annihilape|Drain Punch|p2b: Charybdis\n|-damage|p2b: Charybdis|0 fnt\n|-heal|p1a: Annihilape|33\/100|[from] drain|[of] p2b: Charybdis\n|faint|p2b: Charybdis\n|\n|-heal|p1a: Annihilape|39\/100|[from] item: Leftovers\n|-sideend|p2: LordGig|move: Tailwind\n|upkeep\n|turn|9\n|j| AncientFuture\n|c|\u2606LordGig|aint i unlucky\n|\n|t:|1700069705\n|move|p1b: Staraptor|Tailwind|p1b: Staraptor\n|-sidestart|p1: FinalGambitVGC|move: Tailwind\n|move|p1a: Annihilape|Rage Fist|p2a: Gotz\n|-damage|p2a: Gotz|51\/100\n|move|p2a: Gotz|Play Rough|p1a: Annihilape\n|-supereffective|p1a: Annihilape\n|-damage|p1a: Annihilape|0 fnt\n|faint|p1a: Annihilape\n|\n|upkeep\n|turn|10\n|c| AncientFuture|Gig gets the set 2-0\n|c| AncientFuture|Illegal Tera\n|c|\u2606LordGig|oh wait jesus i didnt even notice\n|c|\u2606FinalGambitVGC|gasp! ur so right lmao\n|c|\u2606FinalGambitVGC|i totally forgot\n|\n|t:|1700069741\n|move|p1b: Staraptor|Brave Bird|p2a: Gotz\n|-damage|p2a: Gotz|0 fnt\n|faint|p2a: Gotz\n|-end|p2a: Gotz|Quark Drive|[silent]\n|-damage|p1b: Staraptor|74\/100|[from] Recoil\n|-damage|p1b: Staraptor|64\/100|[from] item: Life Orb\n|\n|win|FinalGambitVGC\n|l| AncientFuture\n|l|\u2606LordGig\n|l|\u2606FinalGambitVGC\n|j|\u2606FinalGambitVGC\n|player|p1|FinalGambitVGC|cynthia-masters\n","uploadtime":1700069856,"views":33,"p1id":"finalgambitvgc","p2id":"lordgig","formatid":"gen9vgc2023regulatione","rating":0,"private":0,"password":""}