{"id":"gen9vgc2023regulatione-1998031605","p1":"AJB0000","p2":"vase770","format":"[Gen 9] VGC 2023 Regulation E","log":"|j|\u2606AJB0000\n|j|\u2606vase770\n|t:|1700881312\n|gametype|doubles\n|player|p1|AJB0000|1|1231\n|player|p2|vase770|101|1266\n|teamsize|p1|6\n|teamsize|p2|6\n|gen|9\n|tier|[Gen 9] VGC 2023 Regulation E\n|rated|\n|rule|Species Clause: Limit one of each Pok\u00e9mon\n|rule|Item Clause: Limit one of each item\n|clearpoke\n|poke|p1|Sinistcha, L50|\n|poke|p1|Indeedee-F, L50, F|\n|poke|p1|Sylveon, L50, F|\n|poke|p1|Palafin, L50, F|\n|poke|p1|Iron Hands, L50|\n|poke|p1|Heatran, L50, M|\n|poke|p2|Corviknight, L50, F|\n|poke|p2|Gastrodon, L50, M|\n|poke|p2|Rillaboom, L50, F|\n|poke|p2|Landorus-Therian, L50, M|\n|poke|p2|Roaring Moon, L50|\n|poke|p2|Sylveon, L50, M|\n|teampreview|4\n|inactive|Battle timer is ON: inactive players will automatically lose when time's up. (requested by vase770)\n|inactive|vase770 has 60 seconds left.\nAJB0000 has agreed to open team sheets.\n|\n|t:|1700881346\n|start\n|switch|p1a: Sinistcha|Sinistcha, L50, shiny|100\/100\n|switch|p1b: Heatran|Heatran, L50, M|100\/100\n|switch|p2a: Landorus|Landorus-Therian, L50, M|100\/100\n|switch|p2b: Roaring Moon|Roaring Moon, L50|100\/100\n|-ability|p2a: Landorus|Intimidate|boost\n|-unboost|p1a: Sinistcha|atk|1\n|-unboost|p1b: Heatran|atk|1\n|-enditem|p2b: Roaring Moon|Booster Energy\n|-activate|p2b: Roaring Moon|ability: Protosynthesis|[fromitem]\n|-start|p2b: Roaring Moon|protosynthesisspe\n|turn|1\n|inactive|AJB0000 has 30 seconds left.\n|\n|t:|1700881374\n|move|p1b: Heatran|Protect|p1b: Heatran\n|-singleturn|p1b: Heatran|Protect\n|move|p2b: Roaring Moon|Tailwind|p2b: Roaring Moon\n|-sidestart|p2: vase770|move: Tailwind\n|move|p2a: Landorus|U-turn|p1a: Sinistcha\n|-damage|p1a: Sinistcha|72\/100\n|\n|t:|1700881380\n|switch|p2a: Corviknight|Corviknight, L50, F|100\/100|[from] U-turn\n|move|p1a: Sinistcha|Trick Room|p1a: Sinistcha\n|-fieldstart|move: Trick Room|[of] p1a: Sinistcha\n|\n|upkeep\n|turn|2\n|\n|t:|1700881402\n|switch|p1a: Sylveon|Sylveon, L50, F, shiny|100\/100\n|-terastallize|p2a: Corviknight|Dragon\n|move|p1b: Heatran|Heat Wave|p2a: Corviknight|[spread] p2a,p2b\n|-resisted|p2a: Corviknight\n|-resisted|p2b: Roaring Moon\n|-damage|p2a: Corviknight|84\/100\n|-damage|p2b: Roaring Moon|83\/100\n|move|p2a: Corviknight|Brave Bird|p1a: Sylveon\n|-damage|p1a: Sylveon|51\/100\n|-damage|p2a: Corviknight|69\/100|[from] Recoil\n|move|p2b: Roaring Moon|Knock Off|p1b: Heatran\n|-damage|p1b: Heatran|56\/100\n|-enditem|p1b: Heatran|Safety Goggles|[from] move: Knock Off|[of] p2b: Roaring Moon\n|\n|upkeep\n|turn|3\n|\n|t:|1700881427\n|move|p2b: Roaring Moon|Protect|p2b: Roaring Moon\n|-singleturn|p2b: Roaring Moon|Protect\n|move|p1a: Sylveon|Hyper Voice|p2a: Corviknight|[spread] p2a\n|-activate|p2b: Roaring Moon|move: Protect\n|-supereffective|p2a: Corviknight\n|-damage|p2a: Corviknight|0 fnt\n|faint|p2a: Corviknight\n|move|p1b: Heatran|Heat Wave|p2b: Roaring Moon\n|-activate|p2b: Roaring Moon|move: Protect\n|\n|upkeep\n|\n|t:|1700881433\n|switch|p2a: Gastrodon|Gastrodon, L50, M|100\/100\n|turn|4\n|\n|t:|1700881447\n|move|p2a: Gastrodon|Protect|p2a: Gastrodon\n|-singleturn|p2a: Gastrodon|Protect\n|move|p2b: Roaring Moon|Protect||[still]\n|-fail|p2b: Roaring Moon\n|move|p1a: Sylveon|Hyper Voice|p2b: Roaring Moon|[spread] p2b\n|-activate|p2a: Gastrodon|move: Protect\n|-supereffective|p2b: Roaring Moon\n|-damage|p2b: Roaring Moon|0 fnt\n|faint|p2b: Roaring Moon\n|-end|p2b: Roaring Moon|Protosynthesis|[silent]\n|move|p1b: Heatran|Heat Wave|p2a: Gastrodon\n|-activate|p2a: Gastrodon|move: Protect\n|\n|-sideend|p2: vase770|move: Tailwind\n|upkeep\n|\n|t:|1700881450\n|switch|p2b: Landorus|Landorus-Therian, L50, M|100\/100\n|-ability|p2b: Landorus|Intimidate|boost\n|-unboost|p1a: Sylveon|atk|1\n|-unboost|p1b: Heatran|atk|1\n|turn|5\n|\n|t:|1700881470\n|-terastallize|p1b: Heatran|Flying\n|move|p2a: Gastrodon|Muddy Water|p1a: Sylveon|[spread] p1a,p1b\n|-damage|p1a: Sylveon|31\/100\n|-damage|p1b: Heatran|29\/100\n|move|p1a: Sylveon|Hyper Voice|p2a: Gastrodon|[spread] p2a,p2b\n|-damage|p2a: Gastrodon|53\/100\n|-damage|p2b: Landorus|42\/100\n|move|p1b: Heatran|Heat Wave|p2b: Landorus|[spread] p2a,p2b\n|-resisted|p2a: Gastrodon\n|-damage|p2a: Gastrodon|34\/100\n|-damage|p2b: Landorus|0 fnt\n|faint|p2b: Landorus\n|\n|-heal|p2a: Gastrodon|40\/100|[from] item: Leftovers\n|-fieldend|move: Trick Room\n|upkeep\n|turn|6\n|-message|vase770 forfeited.\n|\n|win|AJB0000\n|raw|AJB0000's rating: 1231 &rarr; <strong>1259<\/strong><br \/>(+28 for winning)\n|raw|vase770's rating: 1266 &rarr; <strong>1238<\/strong><br \/>(-28 for losing)\n|l|\u2606vase770\n","uploadtime":1700881490,"views":3,"p1id":"ajb0000","p2id":"vase770","formatid":"gen9vgc2023regulatione","rating":1238,"private":0,"password":""}