{"id":"gen9vgc2023regulatione-1997597152","p1":"slow blade","p2":"Pelokice","format":"[Gen 9] VGC 2023 Regulation E","log":"|j|\u2606slow blade\n|j|\u2606Pelokice\n|t:|1700830896\n|gametype|doubles\n|player|p1|slow blade|red|1058\n|player|p2|Pelokice|101|1086\n|teamsize|p1|6\n|teamsize|p2|6\n|gen|9\n|tier|[Gen 9] VGC 2023 Regulation E\n|rated|\n|rule|Species Clause: Limit one of each Pok\u00e9mon\n|rule|Item Clause: Limit one of each item\n|clearpoke\n|poke|p1|Pawmot, L50, F|\n|poke|p1|Rabsca, L50, F|\n|poke|p1|Basculegion, L50, M|\n|poke|p1|Golem-Alola, L50, F|\n|poke|p1|Pelipper, L50, F|\n|poke|p1|Grafaiai, L50, F|\n|poke|p2|Lurantis, L50, M|\n|poke|p2|Lilligant, L50, F|\n|poke|p2|Tornadus, L50, M|\n|poke|p2|Heatran, L50, M|\n|poke|p2|Rotom-Wash, L50|\n|poke|p2|Brute Bonnet, L50|\n|teampreview|4\n|inactive|Battle timer is ON: inactive players will automatically lose when time's up. (requested by slow blade)\n|inactive|slow blade has 60 seconds left.\n|\n|t:|1700830949\n|start\n|switch|p1a: Golem|Golem-Alola, L50, F, shiny|100\/100\n|switch|p1b: Pawmot|Pawmot, L50, F, shiny|100\/100\n|switch|p2a: Tornadus|Tornadus, L50, M, shiny|100\/100\n|switch|p2b: Brute Bonnet|Brute Bonnet, L50, shiny|100\/100\n|turn|1\n|\n|t:|1700830967\n|switch|p2a: Lurantis|Lurantis, L50, M, shiny|100\/100\n|move|p1b: Pawmot|Fake Out|p2b: Brute Bonnet\n|-damage|p2b: Brute Bonnet|89\/100\n|cant|p2b: Brute Bonnet|flinch\n|move|p1a: Golem|Explosion|p2a: Lurantis|[spread] p2a,p2b\n|-immune|p1b: Pawmot|[from] ability: Volt Absorb\n|-resisted|p2a: Lurantis\n|-resisted|p2b: Brute Bonnet\n|-damage|p2a: Lurantis|18\/100\n|-damage|p2b: Brute Bonnet|42\/100\n|faint|p1a: Golem\n|\n|upkeep\n|\n|t:|1700830979\n|switch|p1a: Grafaiai|Grafaiai, L50, F, shiny|100\/100\n|turn|2\n|\n|t:|1700830990\n|-terastallize|p1b: Pawmot|Ghost\n|move|p2b: Brute Bonnet|Rage Powder|p2b: Brute Bonnet\n|-singleturn|p2b: Brute Bonnet|move: Rage Powder\n|move|p1a: Grafaiai|Copycat||[still]\n|-fail|p1a: Grafaiai\n|move|p1b: Pawmot|Revival Blessing|p1b: Pawmot\n|\n|t:|1700830996\n|-heal|p1: Golem|50\/100|[from] move: Revival Blessing\n|move|p2a: Lurantis|Superpower|p1a: Grafaiai\n|-damage|p1a: Grafaiai|44\/100\n|-boost|p2a: Lurantis|atk|1\n|-boost|p2a: Lurantis|def|1\n|\n|upkeep\n|turn|3\n|\n|t:|1700831014\n|move|p1a: Grafaiai|Copycat|p1a: Grafaiai\n|move|p1a: Grafaiai|Superpower|p2a: Lurantis|[from]move: Copycat\n|-damage|p2a: Lurantis|0 fnt\n|-unboost|p1a: Grafaiai|atk|1\n|-unboost|p1a: Grafaiai|def|1\n|faint|p2a: Lurantis\n|move|p2b: Brute Bonnet|Sucker Punch|p1b: Pawmot\n|-supereffective|p1b: Pawmot\n|-enditem|p1b: Pawmot|Focus Sash\n|-damage|p1b: Pawmot|1\/100\n|move|p1b: Pawmot|Close Combat|p2b: Brute Bonnet\n|-supereffective|p2b: Brute Bonnet\n|-damage|p2b: Brute Bonnet|0 fnt\n|-unboost|p1b: Pawmot|def|1\n|-unboost|p1b: Pawmot|spd|1\n|faint|p2b: Brute Bonnet\n|-end|p2b: Brute Bonnet|Protosynthesis|[silent]\n|\n|upkeep\n|\n|t:|1700831027\n|switch|p2a: Lilligant|Lilligant, L50, F, shiny|100\/100\n|switch|p2b: Tornadus|Tornadus, L50, M, shiny|100\/100\n|turn|4\n|inactive|slow blade has 30 seconds left.\n|inactive|slow blade has 20 seconds left.\n|\n|t:|1700831064\n|move|p2a: Lilligant|Helping Hand|p2b: Tornadus\n|-singleturn|p2b: Tornadus|Helping Hand|[of] p2a: Lilligant\n|move|p1a: Grafaiai|Copycat||[still]\n|-fail|p1a: Grafaiai\n|move|p1b: Pawmot|Double Shock||[still]\n|-fail|p1b: Pawmot|move: Double Shock\n|move|p2b: Tornadus|Bleakwind Storm|p1a: Grafaiai|[spread] p1b\n|-miss|p2b: Tornadus|p1a: Grafaiai\n|-damage|p1b: Pawmot|0 fnt\n|faint|p1b: Pawmot\n|\n|upkeep\n|\n|t:|1700831076\n|switch|p1b: Golem|Golem-Alola, L50, F, shiny|50\/100\n|turn|5\n|\n|t:|1700831093\n|switch|p1a: Pelipper|Pelipper, L50, F, shiny|100\/100\n|-weather|RainDance|[from] ability: Drizzle|[of] p1a: Pelipper\n|move|p1b: Golem|Endure|p1b: Golem\n|-singleturn|p1b: Golem|move: Endure\n|move|p2b: Tornadus|Sunny Day|p2b: Tornadus\n|-weather|SunnyDay\n|move|p2a: Lilligant|Solar Blade||[still]\n|-prepare|p2a: Lilligant|Solar Blade\n|-anim|p2a: Lilligant|Solar Blade|p1b: Golem\n|-supereffective|p1b: Golem\n|-damage|p1b: Golem|9\/100\n|\n|-weather|SunnyDay|[upkeep]\n|upkeep\n|turn|6\n|inactive|Pelokice has 30 seconds left.\n|-enditem|p1b: Golem|Custap Berry|[eat]\n|-activate|p1b: Golem|item: Custap Berry|[consumed]\n|\n|t:|1700831119\n|switch|p1a: Grafaiai|Grafaiai, L50, F, shiny|44\/100\n|move|p1b: Golem|Explosion|p2b: Tornadus|[spread] p1a,p2a,p2b\n|-resisted|p2a: Lilligant\n|-supereffective|p2b: Tornadus\n|-damage|p1a: Grafaiai|0 fnt\n|-damage|p2a: Lilligant|16\/100\n|-damage|p2b: Tornadus|0 fnt\n|faint|p1b: Golem\n|faint|p1a: Grafaiai\n|faint|p2b: Tornadus\n|move|p2a: Lilligant|After You|p2: Tornadus|[notarget]\n|-fail|p2a: Lilligant\n|\n|-weather|SunnyDay|[upkeep]\n|-heal|p2a: Lilligant|22\/100|[from] item: Leftovers\n|upkeep\n|\n|t:|1700831131\n|switch|p1b: Pelipper|Pelipper, L50, F, shiny|100\/100\n|-weather|RainDance|[from] ability: Drizzle|[of] p1b: Pelipper\n|turn|7\n|\n|t:|1700831137\n|-terastallize|p2a: Lilligant|Grass\n|move|p2a: Lilligant|Solar Blade||[still]\n|-prepare|p2a: Lilligant|Solar Blade\n|move|p1b: Pelipper|Hurricane|p2a: Lilligant\n|-supereffective|p2a: Lilligant\n|-damage|p2a: Lilligant|0 fnt\n|faint|p2a: Lilligant\n|\n|win|slow blade\n|raw|slow blade's rating: 1058 &rarr; <strong>1092<\/strong><br \/>(+34 for winning)\n|raw|Pelokice's rating: 1086 &rarr; <strong>1061<\/strong><br \/>(-25 for losing)\n","uploadtime":1700831144,"views":6,"p1id":"slowblade","p2id":"pelokice","formatid":"gen9vgc2023regulatione","rating":1061,"private":0,"password":""}