{"id":"gen9vgc2023regulatione-1995733249","p1":"Chazzitup4200","p2":"doubledgit","format":"[Gen 9] VGC 2023 Regulation E","log":"|j|\u2606Chazzitup4200\n|j|\u2606doubledgit\n|t:|1700598086\n|gametype|doubles\n|player|p1|Chazzitup4200|2|1455\n|player|p2|doubledgit|swimmerf-gen4|1431\n|teamsize|p1|6\n|teamsize|p2|6\n|gen|9\n|tier|[Gen 9] VGC 2023 Regulation E\n|rated|\n|rule|Species Clause: Limit one of each Pok\u00e9mon\n|rule|Item Clause: Limit one of each item\n|clearpoke\n|poke|p1|Weezing, L50, F|\n|poke|p1|Flutter Mane, L50|\n|poke|p1|Iron Hands, L50|\n|poke|p1|Ogerpon-Wellspring, L50, F|\n|poke|p1|Roaring Moon, L50|\n|poke|p1|Landorus-Therian, L50, M|\n|poke|p2|Landorus-Therian, L50, M|\n|poke|p2|Flutter Mane, L50|\n|poke|p2|Weezing, L50, M|\n|poke|p2|Roaring Moon, L50|\n|poke|p2|Ogerpon-Wellspring, L50, F|\n|poke|p2|Iron Hands, L50|\n|teampreview|4\n|inactive|Battle timer is ON: inactive players will automatically lose when time's up. (requested by doubledgit)\ndoubledgit has agreed to open team sheets.\n|c|\u2606doubledgit|lol\n|c|\u2606Chazzitup4200|spiderman meme\n|\n|t:|1700598115\n|start\n|switch|p1a: Ojama Yellow|Iron Hands, L50, shiny|100\/100\n|switch|p1b: Armed Dragon Lv.10|Roaring Moon, L50, shiny|100\/100\n|switch|p2a: Landorus|Landorus-Therian, L50, M|100\/100\n|switch|p2b: Iron Hands|Iron Hands, L50|100\/100\n|-ability|p2a: Landorus|Intimidate|boost\n|-unboost|p1a: Ojama Yellow|atk|1\n|-unboost|p1b: Armed Dragon Lv.10|atk|1\n|-enditem|p1b: Armed Dragon Lv.10|Booster Energy\n|-activate|p1b: Armed Dragon Lv.10|ability: Protosynthesis|[fromitem]\n|-start|p1b: Armed Dragon Lv.10|protosynthesisspe\n|turn|1\n|\n|t:|1700598132\n|move|p1a: Ojama Yellow|Fake Out|p2b: Iron Hands\n|-damage|p2b: Iron Hands|94\/100\n|move|p1b: Armed Dragon Lv.10|Tailwind|p1b: Armed Dragon Lv.10\n|-sidestart|p1: Chazzitup4200|move: Tailwind\n|move|p2a: Landorus|U-turn|p1b: Armed Dragon Lv.10\n|-supereffective|p1b: Armed Dragon Lv.10\n|-damage|p1b: Armed Dragon Lv.10|27\/100\n|\n|t:|1700598141\n|switch|p2a: Roaring Moon|Roaring Moon, L50|100\/100|[from] U-turn\n|-enditem|p2a: Roaring Moon|Booster Energy\n|-activate|p2a: Roaring Moon|ability: Protosynthesis|[fromitem]\n|-start|p2a: Roaring Moon|protosynthesisspe\n|cant|p2b: Iron Hands|flinch\n|\n|upkeep\n|turn|2\n|inactive|Chazzitup4200 has 30 seconds left.\n|inactive|Chazzitup4200 has 20 seconds left.\n|inactive|Chazzitup4200 has 15 seconds left.\n|\n|t:|1700598181\n|-end|p2b: Iron Hands|Quark Drive|[silent]\n|switch|p2b: Landorus|Landorus-Therian, L50, M|100\/100\n|-ability|p2b: Landorus|Intimidate|boost\n|-unboost|p1a: Ojama Yellow|atk|1\n|-unboost|p1b: Armed Dragon Lv.10|atk|1\n|move|p2a: Roaring Moon|Protect|p2a: Roaring Moon\n|-singleturn|p2a: Roaring Moon|Protect\n|move|p1b: Armed Dragon Lv.10|Acrobatics|p2b: Landorus\n|-damage|p2b: Landorus|79\/100\n|move|p1a: Ojama Yellow|Drain Punch|p2b: Landorus\n|-resisted|p2b: Landorus\n|-damage|p2b: Landorus|67\/100\n|\n|upkeep\n|turn|3\n|\n|t:|1700598205\n|-end|p1a: Ojama Yellow|Quark Drive|[silent]\n|switch|p1a: Ojama King|Landorus-Therian, L50, M, shiny|100\/100\n|-ability|p1a: Ojama King|Intimidate|boost\n|-unboost|p2a: Roaring Moon|atk|1\n|-unboost|p2b: Landorus|atk|1\n|move|p1b: Armed Dragon Lv.10|Knock Off|p2b: Landorus\n|-damage|p2b: Landorus|37\/100\n|-enditem|p2b: Landorus|Choice Scarf|[from] move: Knock Off|[of] p1b: Armed Dragon Lv.10\n|move|p2a: Roaring Moon|Knock Off|p1b: Armed Dragon Lv.10\n|-resisted|p1b: Armed Dragon Lv.10\n|-damage|p1b: Armed Dragon Lv.10|11\/100\n|move|p2b: Landorus|Stomping Tantrum|p1b: Armed Dragon Lv.10\n|-damage|p1b: Armed Dragon Lv.10|0 fnt\n|faint|p1b: Armed Dragon Lv.10\n|-end|p1b: Armed Dragon Lv.10|Protosynthesis|[silent]\n|\n|upkeep\n|inactive|Chazzitup4200 has 30 seconds left.\n|\n|t:|1700598231\n|switch|p1b: Ojama Yellow|Iron Hands, L50, shiny|100\/100\n|turn|4\n|\n|t:|1700598256\n|move|p2a: Roaring Moon|Protect|p2a: Roaring Moon\n|-singleturn|p2a: Roaring Moon|Protect\n|move|p1b: Ojama Yellow|Fake Out|p2b: Landorus\n|-damage|p2b: Landorus|19\/100\n|move|p1a: Ojama King|U-turn|p2b: Landorus\n|-resisted|p2b: Landorus\n|-damage|p2b: Landorus|4\/100\n|\n|t:|1700598262\n|switch|p1a: Ojama Blue|Weezing, L50, F, shiny|100\/100|[from] U-turn\n|-ability|p1a: Ojama Blue|Neutralizing Gas\n|cant|p2b: Landorus|flinch\n|\n|-sideend|p1: Chazzitup4200|move: Tailwind\n|upkeep\n|turn|5\n|inactive|Chazzitup4200 has 30 seconds left.\n|\n|t:|1700598290\n|-terastallize|p1a: Ojama Blue|Flying\n|move|p2a: Roaring Moon|Tailwind|p2a: Roaring Moon\n|-sidestart|p2: doubledgit|move: Tailwind\n|move|p2b: Landorus|Stomping Tantrum|p1b: Ojama Yellow\n|-supereffective|p1b: Ojama Yellow\n|-damage|p1b: Ojama Yellow|14\/100\n|move|p1a: Ojama Blue|Will-O-Wisp|p2a: Roaring Moon\n|-status|p2a: Roaring Moon|brn\n|move|p1b: Ojama Yellow|Drain Punch|p2b: Landorus\n|-resisted|p2b: Landorus\n|-damage|p2b: Landorus|0 fnt\n|-heal|p1b: Ojama Yellow|15\/100|[from] drain|[of] p2b: Landorus\n|faint|p2b: Landorus\n|\n|-damage|p2a: Roaring Moon|95\/100 brn|[from] brn\n|upkeep\n|\n|t:|1700598302\n|switch|p2b: Iron Hands|Iron Hands, L50|94\/100\n|turn|6\n|\n|t:|1700598327\n|-end|p1a: Ojama Blue|ability: Neutralizing Gas\n|switch|p1a: Ojama King|Landorus-Therian, L50, M, shiny|100\/100\n|-ability|p1a: Ojama King|Intimidate|boost\n|-unboost|p2a: Roaring Moon|atk|1\n|-unboost|p2b: Iron Hands|atk|1\n|move|p2b: Iron Hands|Fake Out|p1a: Ojama King\n|-damage|p1a: Ojama King|87\/100\n|move|p2a: Roaring Moon|Knock Off|p1b: Ojama Yellow\n|-resisted|p1b: Ojama Yellow\n|-damage|p1b: Ojama Yellow|11\/100\n|-enditem|p1b: Ojama Yellow|Assault Vest|[from] move: Knock Off|[of] p2a: Roaring Moon\n|move|p1b: Ojama Yellow|Drain Punch|p2a: Roaring Moon\n|-supereffective|p2a: Roaring Moon\n|-damage|p2a: Roaring Moon|0 fnt\n|-heal|p1b: Ojama Yellow|47\/100|[from] drain|[of] p2a: Roaring Moon\n|faint|p2a: Roaring Moon\n|-end|p2a: Roaring Moon|Protosynthesis|[silent]\n|\n|upkeep\n|\n|t:|1700598338\n|switch|p2a: Flutter Mane|Flutter Mane, L50|100\/100\n|turn|7\n|\n|t:|1700598359\n|switch|p1a: Ojama Blue|Weezing, L50, F, shiny, tera:Flying|100\/100\n|-ability|p1a: Ojama Blue|Neutralizing Gas\n|-terastallize|p2a: Flutter Mane|Fairy\n|move|p2a: Flutter Mane|Moonblast|p1a: Ojama Blue\n|-damage|p1a: Ojama Blue|0 fnt\n|faint|p1a: Ojama Blue\n|-end|p1a: Ojama Blue|ability: Neutralizing Gas\n|move|p2b: Iron Hands|Drain Punch|p1b: Ojama Yellow\n|-crit|p1b: Ojama Yellow\n|-damage|p1b: Ojama Yellow|1\/100\n|-heal|p2b: Iron Hands|100\/100|[from] drain|[of] p1b: Ojama Yellow\n|move|p1b: Ojama Yellow|Heavy Slam|p2a: Flutter Mane\n|-supereffective|p2a: Flutter Mane\n|-damage|p2a: Flutter Mane|0 fnt\n|faint|p2a: Flutter Mane\n|-end|p2a: Flutter Mane|Protosynthesis|[silent]\n|\n|upkeep\n|j| SunnyOS\n|l| SunnyOS\n|c|\u2606Chazzitup4200|THE 1\n|\n|t:|1700598375\n|switch|p1a: Ojama King|Landorus-Therian, L50, M, shiny|87\/100\n|-ability|p1a: Ojama King|Intimidate|boost\n|-unboost|p2b: Iron Hands|atk|1\n|turn|8\n|c|\u2606Chazzitup4200|HE IS THE 1\n|\n|t:|1700598385\n|move|p1a: Ojama King|Stomping Tantrum|p2b: Iron Hands\n|-supereffective|p2b: Iron Hands\n|-damage|p2b: Iron Hands|45\/100\n|move|p2b: Iron Hands|Drain Punch|p1b: Ojama Yellow\n|-damage|p1b: Ojama Yellow|0 fnt\n|-heal|p2b: Iron Hands|45\/100|[from] drain|[of] p1b: Ojama Yellow\n|faint|p1b: Ojama Yellow\n|-end|p1b: Ojama Yellow|Quark Drive|[silent]\n|\n|-sideend|p2: doubledgit|move: Tailwind\n|upkeep\n|turn|9\n|c|\u2606Chazzitup4200|HE WILL SAVE US\n|\n|t:|1700598394\n|move|p1a: Ojama King|Stomping Tantrum|p2b: Iron Hands\n|-supereffective|p2b: Iron Hands\n|-crit|p2b: Iron Hands\n|-damage|p2b: Iron Hands|0 fnt\n|faint|p2b: Iron Hands\n|-end|p2b: Iron Hands|Quark Drive|[silent]\n|\n|win|Chazzitup4200\n|raw|Chazzitup4200's rating: 1455 &rarr; <strong>1474<\/strong><br \/>(+19 for winning)\n|raw|doubledgit's rating: 1431 &rarr; <strong>1412<\/strong><br \/>(-19 for losing)\n|c|\u2606Chazzitup4200|GG\n|c|\u2606doubledgit|dude shut up\n|c|\u2606Chazzitup4200|lol\n|l|\u2606doubledgit\n|c|\u2606Chazzitup4200|stay mad\n","uploadtime":1700598444,"views":10,"p1id":"chazzitup4200","p2id":"doubledgit","formatid":"gen9vgc2023regulatione","rating":1412,"private":0,"password":""}