{"id":"gen9vgc2023regulatione-1989047879","p1":"rrhizler","p2":"PenglinHeHe","format":"[Gen 9] VGC 2023 Regulation E","log":"|j|\u2606rrhizler\n|j|\u2606PenglinHeHe\n|n|\u2606rrhizler|rrhizler\n|n|\u2606PenglinHeHe|penglinhehe\n|html|View the match progress at <a href=\"\/game-bestof3-gen9vgc2023regulatione-1989045078\">game-bestof3-gen9vgc2023regulatione-1989045078<\/a>\n|t:|1699806339\n|gametype|doubles\n|player|p1|rrhizler|102|\n|player|p2|PenglinHeHe|lady|\n|teamsize|p1|6\n|teamsize|p2|6\n|gen|9\n|tier|[Gen 9] VGC 2023 Regulation E\n|rule|Species Clause: Limit one of each Pok\u00e9mon\n|rule|Item Clause: Limit one of each item\n|clearpoke\n|poke|p1|Gholdengo, L50|\n|poke|p1|Iron Hands, L50|\n|poke|p1|Amoonguss, L50, M|\n|poke|p1|Scream Tail, L50|\n|poke|p1|Pelipper, L50, M|\n|poke|p1|Salamence, L50, F|\n|poke|p2|Indeedee-F, L50, F|\n|poke|p2|Sylveon, L50, F|\n|poke|p2|Armarouge, L50, M|\n|poke|p2|Murkrow, L50, F|\n|poke|p2|Urshifu-*, L50, F|\n|poke|p2|Chi-Yu, L50|\n|teampreview|4\n|inactive|Battle timer is ON: inactive players will automatically lose when time's up. (requested by PenglinHeHe)\nPenglinHeHe has agreed to open team sheets.\nrrhizler has agreed to open team sheets.\n|showteam|p1|Gholdengo||Leftovers|GoodasGold|MakeItRain,NastyPlot,ShadowBall,Protect||||||50|,,,,,Dragon]Iron Hands||AssaultVest|QuarkDrive|FakeOut,HeavySlam,WildCharge,DrainPunch||||||50|,,,,,Water]Amoonguss||SitrusBerry|Regenerator|Spore,RagePowder,PollenPuff,Protect|||M|||50|,,,,,Water]Scream Tail||BoosterEnergy|Protosynthesis|Disable,Encore,Protect,PsychicFangs||||||50|,,,,,Water]Pelipper||FocusSash|Drizzle|Hurricane,WeatherBall,Protect,WideGuard|||M|||50|,,,,,Flying]Salamence||ChoiceScarf|Intimidate|Hurricane,DracoMeteor,Tailwind,AirSlash|||F|||50|,,,,,Flying\n|showteam|p2|Indeedee-F||SafetyGoggles|PsychicSurge|FollowMe,HealPulse,Psychic,TrickRoom|||F|||50|,,,,,Dragon]Sylveon||SitrusBerry|Pixilate|ShadowBall,HyperVoice,CalmMind,Detect|||F|||50|,,,,,Ghost]Armarouge||LifeOrb|FlashFire|HeatWave,ExpandingForce,TeraBlast,Protect|||M|||50|,,,,,Fairy]Murkrow||FocusSash|Prankster|Tailwind,Flatter,RainDance,Snarl|||F|||50|,,,,,Ghost]Urshifu-Rapid-Strike||ChoiceScarf|UnseenFist|SurgingStrikes,DrainPunch,PoisonJab,Uturn|||F|||50|,,,,,Poison]Chi-Yu||MirrorHerb|BeadsofRuin|TeraBlast,BurningJealousy,DarkPulse,Protect||||||50|,,,,,Water\n|inactive|rrhizler has 30 seconds left.\n|inactive|PenglinHeHe has 30 seconds left.\n|\n|t:|1699806377\n|start\n|switch|p1a: Pelipper|Pelipper, L50, M|100\/100\n|switch|p1b: Salamence|Salamence, L50, F|100\/100\n|switch|p2a: UrCasualJackieChan|Urshifu-Rapid-Strike, L50, F|100\/100\n|switch|p2b: Murkrow|Murkrow, L50, F, shiny|100\/100\n|-ability|p1b: Salamence|Intimidate|boost\n|-unboost|p2a: UrCasualJackieChan|atk|1\n|-unboost|p2b: Murkrow|atk|1\n|-weather|RainDance|[from] ability: Drizzle|[of] p1a: Pelipper\n|turn|1\n|inactive|PenglinHeHe has 30 seconds left.\n|\n|t:|1699806404\n|move|p2b: Murkrow|Tailwind|p2b: Murkrow\n|-sidestart|p2: PenglinHeHe|move: Tailwind\n|move|p2a: UrCasualJackieChan|U-turn|p1a: Pelipper\n|-resisted|p1a: Pelipper\n|-damage|p1a: Pelipper|91\/100\n|\n|t:|1699806412\n|switch|p2a: Armarouge|Armarouge, L50, M, shiny|100\/100|[from] U-turn\n|move|p1b: Salamence|Hurricane|p2a: Armarouge\n|-damage|p2a: Armarouge|38\/100\n|move|p1a: Pelipper|Hurricane|p2a: Armarouge\n|-damage|p2a: Armarouge|0 fnt\n|faint|p2a: Armarouge\n|\n|-weather|RainDance|[upkeep]\n|upkeep\n|inactive|PenglinHeHe has 30 seconds left.\n|\n|t:|1699806441\n|switch|p2a: UrCasualJackieChan|Urshifu-Rapid-Strike, L50, F|100\/100\n|turn|2\n|\n|t:|1699806451\n|-terastallize|p2a: UrCasualJackieChan|Poison\n|move|p2a: UrCasualJackieChan|Poison Jab|p1b: Salamence\n|-damage|p1b: Salamence|53\/100\n|-status|p1b: Salamence|psn\n|move|p2b: Murkrow|Snarl|p1a: Pelipper|[spread] p1a,p1b\n|-damage|p1a: Pelipper|68\/100\n|-damage|p1b: Salamence|35\/100 psn\n|-unboost|p1a: Pelipper|spa|1\n|-unboost|p1b: Salamence|spa|1\n|move|p1b: Salamence|Hurricane|p2a: UrCasualJackieChan\n|-damage|p2a: UrCasualJackieChan|46\/100\n|move|p1a: Pelipper|Weather Ball|p2a: UrCasualJackieChan\n|-damage|p2a: UrCasualJackieChan|0 fnt\n|faint|p2a: UrCasualJackieChan\n|\n|-weather|RainDance|[upkeep]\n|-damage|p1b: Salamence|23\/100 psn|[from] psn\n|upkeep\n|\n|t:|1699806465\n|switch|p2a: Indeedee|Indeedee-F, L50, F, shiny|100\/100\n|-fieldstart|move: Psychic Terrain|[from] ability: Psychic Surge|[of] p2a: Indeedee\n|turn|3\n|\n|t:|1699806478\n|move|p1a: Pelipper|Wide Guard|p1a: Pelipper\n|-singleturn|p1a: Pelipper|Wide Guard\n|move|p2b: Murkrow|Snarl|p1b: Salamence|[spread] \n|-activate|p1a: Pelipper|move: Wide Guard\n|-activate|p1b: Salamence|move: Wide Guard\n|move|p1b: Salamence|Hurricane|p2b: Murkrow\n|-damage|p2b: Murkrow|30\/100\n|move|p2a: Indeedee|Psychic|p1a: Pelipper\n|-damage|p1a: Pelipper|5\/100\n|-unboost|p1a: Pelipper|spd|1\n|\n|-weather|RainDance|[upkeep]\n|-damage|p1b: Salamence|11\/100 psn|[from] psn\n|upkeep\n|turn|4\n|inactive|rrhizler has 30 seconds left.\n|inactive|PenglinHeHe has 30 seconds left.\n|\n|t:|1699806507\n|move|p1a: Pelipper|Protect||[still]\n|-fail|p1a: Pelipper\n|move|p2b: Murkrow|Snarl|p1a: Pelipper|[spread] p1a,p1b\n|-damage|p1a: Pelipper|0 fnt\n|-damage|p1b: Salamence|0 fnt\n|faint|p1a: Pelipper\n|faint|p1b: Salamence\n|move|p2a: Indeedee|Psychic|p1: Pelipper|[notarget]\n|-fail|p2a: Indeedee\n|\n|-weather|RainDance|[upkeep]\n|-sideend|p2: PenglinHeHe|move: Tailwind\n|upkeep\n|\n|t:|1699806513\n|switch|p1b: Amoonguss|Amoonguss, L50, M|100\/100\n|switch|p1a: Iron Hands|Iron Hands, L50|100\/100\n|turn|5\n|\n|t:|1699806535\n|-terastallize|p1a: Iron Hands|Water\n|move|p2b: Murkrow|Tailwind|p2b: Murkrow\n|-sidestart|p2: PenglinHeHe|move: Tailwind\n|move|p2a: Indeedee|Psychic|p1a: Iron Hands\n|-damage|p1a: Iron Hands|79\/100\n|-unboost|p1a: Iron Hands|spd|1\n|move|p1a: Iron Hands|Wild Charge|p2b: Murkrow\n|-supereffective|p2b: Murkrow\n|-damage|p2b: Murkrow|0 fnt\n|faint|p2b: Murkrow\n|-damage|p1a: Iron Hands|74\/100|[from] Recoil\n|move|p1b: Amoonguss|Pollen Puff|p2a: Indeedee\n|-supereffective|p2a: Indeedee\n|-damage|p2a: Indeedee|68\/100\n|\n|-weather|none\n|upkeep\n|turn|6\n|\n|t:|1699806557\n|move|p1b: Amoonguss|Protect|p1b: Amoonguss\n|-singleturn|p1b: Amoonguss|Protect\n|move|p2a: Indeedee|Psychic|p1a: Iron Hands\n|-damage|p1a: Iron Hands|37\/100\n|move|p1a: Iron Hands|Drain Punch|p2a: Indeedee\n|-damage|p2a: Indeedee|22\/100\n|-heal|p1a: Iron Hands|54\/100|[from] drain|[of] p2a: Indeedee\n|\n|upkeep\n|turn|7\n|\n|t:|1699806568\n|move|p2a: Indeedee|Psychic|p1a: Iron Hands\n|-damage|p1a: Iron Hands|20\/100\n|move|p1a: Iron Hands|Drain Punch|p2a: Indeedee\n|-damage|p2a: Indeedee|0 fnt\n|-heal|p1a: Iron Hands|28\/100|[from] drain|[of] p2a: Indeedee\n|faint|p2a: Indeedee\n|\n|win|rrhizler\n|c|&|\/uhtml prompt-rrhizler,rrhizler is ready for game 3!\n|c|&|\/uhtml prompt-penglinhehe,PenglinHeHe is ready for game 3!\nBoth players are ready! Starting next match!\n","uploadtime":1699806973,"views":8,"p1id":"rrhizler","p2id":"penglinhehe","formatid":"gen9vgc2023regulatione","rating":0,"private":0,"password":""}