{"id":"gen9vgc2023regulatione-1996045076","p1":"20221203wsm","p2":"Vitalis24","format":"[Gen 9] VGC 2023 Regulation E","log":"|j|\u260620221203wsm\n|j|\u2606Vitalis24\n|t:|1700634614\n|gametype|doubles\n|player|p1|20221203wsm|170|1312\n|player|p2|Vitalis24|ethan|1296\n|teamsize|p1|6\n|teamsize|p2|6\n|gen|9\n|tier|[Gen 9] VGC 2023 Regulation E\n|rated|\n|rule|Species Clause: Limit one of each Pok\u00e9mon\n|rule|Item Clause: Limit one of each item\n|clearpoke\n|poke|p1|Ogerpon-Wellspring, L50, F|\n|poke|p1|Flutter Mane, L50|\n|poke|p1|Iron Hands, L50|\n|poke|p1|Hatterene, L50, F|\n|poke|p1|Armarouge, L50, F|\n|poke|p1|Indeedee-F, L50, F|\n|poke|p2|Heatran, L50, F|\n|poke|p2|Ogerpon-Wellspring, L50, F|\n|poke|p2|Indeedee-F, L50, F|\n|poke|p2|Flutter Mane, L50|\n|poke|p2|Landorus-Therian, L50, M|\n|poke|p2|Urshifu-*, L50, M|\n|teampreview|4\n|inactive|Battle timer is ON: inactive players will automatically lose when time's up. (requested by 20221203wsm)\n|inactive|20221203wsm has 60 seconds left.\n|inactive|Vitalis24 has 60 seconds left.\n|\n|t:|1700634674\n|start\n|switch|p1a: Ogerpon|Ogerpon-Wellspring, L50, F|100\/100\n|switch|p1b: Iron Hands|Iron Hands, L50|100\/100\n|switch|p2a: Indeedee|Indeedee-F, L50, F|100\/100\n|switch|p2b: Urshifu|Urshifu, L50, M|100\/100\n|-fieldstart|move: Psychic Terrain|[from] ability: Psychic Surge|[of] p2a: Indeedee\n|turn|1\n|inactive|Vitalis24 has 30 seconds left.\n|\n|t:|1700634709\n|switch|p2b: Landorus|Landorus-Therian, L50, M|100\/100\n|-ability|p2b: Landorus|Intimidate|boost\n|-unboost|p1a: Ogerpon|atk|1\n|-unboost|p1b: Iron Hands|atk|1\n|move|p1a: Ogerpon|Spiky Shield|p1a: Ogerpon\n|-singleturn|p1a: Ogerpon|move: Protect\n|move|p2a: Indeedee|Follow Me|p2a: Indeedee\n|-singleturn|p2a: Indeedee|move: Follow Me\n|move|p1b: Iron Hands|Drain Punch|p2a: Indeedee\n|-damage|p2a: Indeedee|68\/100\n|-damage|p1b: Iron Hands|84\/100|[from] item: Rocky Helmet|[of] p2a: Indeedee\n|\n|upkeep\n|turn|2\n|inactive|20221203wsm has 30 seconds left.\n|\n|t:|1700634738\n|-terastallize|p2b: Landorus|Flying\n|-terastallize|p1b: Iron Hands|Grass\n|move|p1a: Ogerpon|Swords Dance|p1a: Ogerpon\n|-boost|p1a: Ogerpon|atk|2\n|move|p2b: Landorus|Tera Blast|p1a: Ogerpon|[anim] Tera Blast Flying\n|-supereffective|p1a: Ogerpon\n|-damage|p1a: Ogerpon|0 fnt\n|faint|p1a: Ogerpon\n|move|p2a: Indeedee|Psychic|p1b: Iron Hands\n|-damage|p1b: Iron Hands|64\/100\n|move|p1b: Iron Hands|Drain Punch|p2a: Indeedee\n|-damage|p2a: Indeedee|37\/100\n|-heal|p1b: Iron Hands|75\/100|[from] drain|[of] p2a: Indeedee\n|-damage|p1b: Iron Hands|59\/100|[from] item: Rocky Helmet|[of] p2a: Indeedee\n|\n|upkeep\n|\n|t:|1700634753\n|switch|p1a: Indeedee|Indeedee-F, L50, F|100\/100\n|-enditem|p1a: Indeedee|Psychic Seed\n|-boost|p1a: Indeedee|spd|1|[from] item: Psychic Seed\n|turn|3\n|\n|t:|1700634774\n|move|p2b: Landorus|Protect|p2b: Landorus\n|-singleturn|p2b: Landorus|Protect\n|move|p1a: Indeedee|Follow Me|p1a: Indeedee\n|-singleturn|p1a: Indeedee|move: Follow Me\n|move|p2a: Indeedee|Imprison|p2a: Indeedee\n|-start|p2a: Indeedee|move: Imprison\n|move|p1b: Iron Hands|Wild Charge|p2b: Landorus\n|-activate|p2b: Landorus|move: Protect\n|\n|upkeep\n|turn|4\n|\n|t:|1700634795\n|move|p1a: Indeedee|Protect|p1a: Indeedee\n|-singleturn|p1a: Indeedee|Protect\n|move|p2a: Indeedee|Follow Me|p2a: Indeedee\n|-singleturn|p2a: Indeedee|move: Follow Me\n|move|p2b: Landorus|Tera Blast|p1b: Iron Hands|[anim] Tera Blast Flying\n|-supereffective|p1b: Iron Hands\n|-damage|p1b: Iron Hands|0 fnt\n|faint|p1b: Iron Hands\n|-end|p1b: Iron Hands|Quark Drive|[silent]\n|\n|upkeep\n|\n|t:|1700634803\n|switch|p1b: Flutter Mane|Flutter Mane, L50|100\/100\n|-enditem|p1b: Flutter Mane|Booster Energy\n|-activate|p1b: Flutter Mane|ability: Protosynthesis|[fromitem]\n|-start|p1b: Flutter Mane|protosynthesisspa\n|turn|5\n|\n|t:|1700634820\n|move|p1a: Indeedee|Protect||[still]\n|-fail|p1a: Indeedee\n|move|p1b: Flutter Mane|Shadow Ball|p2b: Landorus\n|-damage|p2b: Landorus|42\/100\n|move|p2b: Landorus|Tera Blast|p1b: Flutter Mane|[anim] Tera Blast Flying\n|-damage|p1b: Flutter Mane|3\/100\n|move|p2a: Indeedee|Psychic|p1b: Flutter Mane\n|-damage|p1b: Flutter Mane|0 fnt\n|faint|p1b: Flutter Mane\n|-end|p1b: Flutter Mane|Protosynthesis|[silent]\n|\n|-fieldend|move: Psychic Terrain\n|upkeep\n|turn|6\n|-message|20221203wsm forfeited.\n|\n|win|Vitalis24\n|raw|20221203wsm's rating: 1312 &rarr; <strong>1291<\/strong><br \/>(-21 for losing)\n|raw|Vitalis24's rating: 1296 &rarr; <strong>1322<\/strong><br \/>(+26 for winning)\n|l|\u260620221203wsm\n","uploadtime":1700634838,"views":1,"p1id":"20221203wsm","p2id":"vitalis24","formatid":"gen9vgc2023regulatione","rating":1291,"private":0,"password":""}