{"id":"gen9vgc2023regulatione-2000300278","p1":"hnefl","p2":"boltund238","format":"[Gen 9] VGC 2023 Regulation E","log":"|j|\u2606hnefl\n|j|\u203dboltund238\n|t:|1701182789\n|gametype|doubles\n|player|p1|hnefl|2|1331\n|player|p2|boltund238|1|1328\n|teamsize|p1|6\n|teamsize|p2|6\n|gen|9\n|tier|[Gen 9] VGC 2023 Regulation E\n|rated|\n|rule|Species Clause: Limit one of each Pok\u00e9mon\n|rule|Item Clause: Limit one of each item\n|clearpoke\n|poke|p1|Flutter Mane, L50|\n|poke|p1|Chi-Yu, L50|\n|poke|p1|Tornadus, L50, M|\n|poke|p1|Gholdengo, L50|\n|poke|p1|Landorus-Therian, L50, M|\n|poke|p1|Ogerpon-Hearthflame, L50, F|\n|poke|p2|Flutter Mane, L50|\n|poke|p2|Iron Hands, L50|\n|poke|p2|Tornadus, L50, M|\n|poke|p2|Landorus-Therian, L50, M|\n|poke|p2|Ogerpon-Wellspring, L50, F|\n|poke|p2|Heatran, L50, F|\n|teampreview|4\n|inactive|Battle timer is ON: inactive players will automatically lose when time's up. (requested by boltund238)\nboltund238 has agreed to open team sheets.\nhnefl has agreed to open team sheets.\n|inactive|hnefl has 30 seconds left.\n|inactive|boltund238 has 30 seconds left.\n|inactive|boltund238 has 20 seconds left.\n|inactive|boltund238 has 15 seconds left.\n|inactive|boltund238 has 10 seconds left.\n|\n|t:|1701182850\n|start\n|switch|p1a: Tornadus|Tornadus, L50, M|100\/100\n|switch|p1b: Landorus|Landorus-Therian, L50, M|100\/100\n|switch|p2a: Tornadus|Tornadus, L50, M|100\/100\n|switch|p2b: Heatran|Heatran, L50, F|100\/100\n|-ability|p1b: Landorus|Intimidate|boost\n|-unboost|p2a: Tornadus|atk|1\n|-unboost|p2b: Heatran|atk|1\n|turn|1\n|inactive|boltund238 has 30 seconds left.\n|\n|t:|1701182883\n|switch|p2b: Landorus|Landorus-Therian, L50, M|100\/100\n|-ability|p2b: Landorus|Intimidate|boost\n|-unboost|p1a: Tornadus|atk|1\n|-fail|p1b: Landorus|unboost|[from] item: Clear Amulet|[of] p1b: Landorus\n|move|p1a: Tornadus|Tailwind|p1a: Tornadus\n|-sidestart|p1: hnefl|move: Tailwind\n|move|p2a: Tornadus|Tailwind|p2a: Tornadus\n|-sidestart|p2: boltund238|move: Tailwind\n|move|p1b: Landorus|Rock Slide|p2a: Tornadus|[spread] p2a,p2b\n|-supereffective|p2a: Tornadus\n|-damage|p2a: Tornadus|63\/100\n|-damage|p2b: Landorus|74\/100\n|\n|upkeep\n|turn|2\n|inactive|boltund238 has 30 seconds left.\n|\n|t:|1701182917\n|move|p2b: Landorus|Rock Slide|p1b: Landorus|[spread] p1a,p1b\n|-supereffective|p1a: Tornadus\n|-damage|p1a: Tornadus|45\/100\n|-damage|p1b: Landorus|78\/100\n|move|p1a: Tornadus|Icy Wind|p2a: Tornadus|[spread] p2a,p2b\n|-supereffective|p2a: Tornadus\n|-supereffective|p2b: Landorus\n|-damage|p2a: Tornadus|38\/100\n|-damage|p2b: Landorus|11\/100\n|-unboost|p2b: Landorus|spe|1\n|move|p1b: Landorus|Rock Slide|p2a: Tornadus|[spread] p2a,p2b\n|-supereffective|p2a: Tornadus\n|-damage|p2a: Tornadus|0 fnt\n|-damage|p2b: Landorus|0 fnt\n|faint|p2a: Tornadus\n|faint|p2b: Landorus\n|\n|upkeep\n|\n|t:|1701182931\n|switch|p2b: Heatran|Heatran, L50, F|100\/100\n|switch|p2a: Flutter Mane|Flutter Mane, L50|100\/100\n|turn|3\n|inactive|boltund238 has 30 seconds left.\n|inactive|boltund238 has 20 seconds left.\n|inactive|boltund238 has 15 seconds left.\n|inactive|boltund238 has 10 seconds left.\n|\n|t:|1701182978\n|-terastallize|p2a: Flutter Mane|Fairy\n|move|p1a: Tornadus|Icy Wind|p2a: Flutter Mane|[spread] p2a,p2b\n|-resisted|p2b: Heatran\n|-damage|p2a: Flutter Mane|90\/100\n|-damage|p2b: Heatran|98\/100\n|-unboost|p2a: Flutter Mane|spe|1\n|-unboost|p2b: Heatran|spe|1\n|move|p1b: Landorus|Stomping Tantrum|p2a: Flutter Mane\n|-damage|p2a: Flutter Mane|19\/100\n|move|p2a: Flutter Mane|Dazzling Gleam|p1b: Landorus|[spread] p1a,p1b\n|-damage|p1a: Tornadus|0 fnt\n|-damage|p1b: Landorus|0 fnt\n|faint|p1a: Tornadus\n|faint|p1b: Landorus\n|move|p2b: Heatran|Heat Wave|p1: Tornadus|[notarget]\n|-fail|p2b: Heatran\n|\n|-heal|p2b: Heatran|100\/100|[from] item: Leftovers\n|upkeep\n|\n|t:|1701182989\n|switch|p1a: Flutter Mane|Flutter Mane, L50|100\/100\n|switch|p1b: Chi-Yu|Chi-Yu, L50|100\/100\n|-ability|p1b: Chi-Yu|Beads of Ruin\n|turn|4\n|\n|t:|1701183003\n|move|p1b: Chi-Yu|Dark Pulse|p2b: Heatran\n|-damage|p2b: Heatran|49\/100\n|move|p1a: Flutter Mane|Dazzling Gleam|p2a: Flutter Mane|[spread] p2a,p2b\n|-resisted|p2b: Heatran\n|-damage|p2a: Flutter Mane|0 fnt\n|-damage|p2b: Heatran|35\/100\n|faint|p2a: Flutter Mane\n|-end|p2a: Flutter Mane|Protosynthesis|[silent]\n|move|p2b: Heatran|Flash Cannon|p1a: Flutter Mane\n|-supereffective|p1a: Flutter Mane\n|-damage|p1a: Flutter Mane|0 fnt\n|faint|p1a: Flutter Mane\n|-end|p1a: Flutter Mane|Protosynthesis|[silent]\n|\n|-heal|p2b: Heatran|41\/100|[from] item: Leftovers\n|-sideend|p1: hnefl|move: Tailwind\n|-sideend|p2: boltund238|move: Tailwind\n|upkeep\n|turn|5\n|inactive|boltund238 has 30 seconds left.\n|\n|t:|1701183031\n|move|p1b: Chi-Yu|Dark Pulse|p2b: Heatran\n|-damage|p2b: Heatran|0 fnt\n|faint|p2b: Heatran\n|\n|win|hnefl\n|raw|hnefl's rating: 1331 &rarr; <strong>1351<\/strong><br \/>(+20 for winning)\n|raw|boltund238's rating: 1328 &rarr; <strong>1308<\/strong><br \/>(-20 for losing)\n","uploadtime":1701183035,"views":2,"p1id":"hnefl","p2id":"boltund238","formatid":"gen9vgc2023regulatione","rating":1308,"private":0,"password":""}