{"id":"gen9vgc2023regulatione-1994917621","p1":"justin clight","p2":"taco_bowl_mx","format":"[Gen 9] VGC 2023 Regulation E","log":"|j|\u2606justin clight\n|j|\u2606taco_bowl_mx\n|t:|1700504530\n|gametype|doubles\n|player|p1|justin clight|101|1404\n|player|p2|taco_bowl_mx|dawn-gen4pt|1384\n|teamsize|p1|6\n|teamsize|p2|6\n|gen|9\n|tier|[Gen 9] VGC 2023 Regulation E\n|rated|\n|rule|Species Clause: Limit one of each Pok\u00e9mon\n|rule|Item Clause: Limit one of each item\n|clearpoke\n|poke|p1|Urshifu-*, L50, F|\n|poke|p1|Rillaboom, L50, F|\n|poke|p1|Gholdengo, L50|\n|poke|p1|Tornadus, L50, M|\n|poke|p1|Arcanine-Hisui, L50, M|\n|poke|p1|Flutter Mane, L50|\n|poke|p2|Flutter Mane, L50|\n|poke|p2|Chien-Pao, L50|\n|poke|p2|Iron Hands, L50|\n|poke|p2|Heatran, L50, F|\n|poke|p2|Ogerpon-Wellspring, L50, F|\n|poke|p2|Landorus-Therian, L50, M|\n|teampreview|4\ntaco_bowl_mx has agreed to open team sheets.\n|inactive|Battle timer is ON: inactive players will automatically lose when time's up. (requested by taco_bowl_mx)\njustin clight has agreed to open team sheets.\n|inactive|justin clight has 30 seconds left.\n|inactive|taco_bowl_mx has 30 seconds left.\n|\n|t:|1700504569\n|start\n|switch|p1a: YukiOnna|Flutter Mane, L50|100\/100\n|switch|p1b: Eolo|Tornadus, L50, M|100\/100\n|switch|p2a: Chien-Pao|Chien-Pao, L50|100\/100\n|switch|p2b: Heatran|Heatran, L50, F|100\/100\n|-ability|p2a: Chien-Pao|Sword of Ruin\n|-enditem|p1a: YukiOnna|Booster Energy\n|-activate|p1a: YukiOnna|ability: Protosynthesis|[fromitem]\n|-start|p1a: YukiOnna|protosynthesisspa\n|turn|1\n|inactive|taco_bowl_mx has 30 seconds left.\n|inactive|taco_bowl_mx has 20 seconds left.\n|inactive|taco_bowl_mx has 15 seconds left.\n|\n|t:|1700504611\n|move|p2a: Chien-Pao|Protect|p2a: Chien-Pao\n|-singleturn|p2a: Chien-Pao|Protect\n|move|p1a: YukiOnna|Protect|p1a: YukiOnna\n|-singleturn|p1a: YukiOnna|Protect\n|move|p1b: Eolo|Tailwind|p1b: Eolo\n|-sidestart|p1: justin clight|move: Tailwind\n|move|p2b: Heatran|Flash Cannon|p1a: YukiOnna\n|-activate|p1a: YukiOnna|move: Protect\n|\n|upkeep\n|turn|2\n|\n|t:|1700504635\n|switch|p2a: Flutter Mane|Flutter Mane, L50|100\/100\n|move|p1b: Eolo|Rain Dance|p1b: Eolo\n|-weather|RainDance\n|move|p1a: YukiOnna|Shadow Ball|p2b: Heatran\n|-damage|p2b: Heatran|55\/100\n|move|p2b: Heatran|Heat Wave|p1b: Eolo|[spread] p1a,p1b\n|-damage|p1a: YukiOnna|85\/100\n|-damage|p1b: Eolo|73\/100\n|\n|-weather|RainDance|[upkeep]\n|-heal|p2b: Heatran|61\/100|[from] item: Leftovers\n|upkeep\n|turn|3\n|\n|t:|1700504657\n|move|p2b: Heatran|Protect|p2b: Heatran\n|-singleturn|p2b: Heatran|Protect\n|move|p1b: Eolo|Bleakwind Storm|p2b: Heatran|[spread] p2a\n|-activate|p2b: Heatran|move: Protect\n|-damage|p2a: Flutter Mane|66\/100\n|move|p1a: YukiOnna|Shadow Ball|p2b: Heatran\n|-activate|p2b: Heatran|move: Protect\n|move|p2a: Flutter Mane|Shadow Ball|p1a: YukiOnna\n|-supereffective|p1a: YukiOnna\n|-damage|p1a: YukiOnna|0 fnt\n|faint|p1a: YukiOnna\n|-end|p1a: YukiOnna|Protosynthesis|[silent]\n|\n|-weather|RainDance|[upkeep]\n|-heal|p2b: Heatran|67\/100|[from] item: Leftovers\n|upkeep\n|\n|t:|1700504664\n|switch|p1a: Banjo|Urshifu-Rapid-Strike, L50, F|100\/100\n|turn|4\n|inactive|taco_bowl_mx has 30 seconds left.\n|\n|t:|1700504697\n|-end|p2a: Flutter Mane|Protosynthesis|[silent]\n|switch|p2a: Iron Hands|Iron Hands, L50, shiny|100\/100\n|-terastallize|p2b: Heatran|Grass\n|move|p1b: Eolo|Taunt|p2a: Iron Hands\n|-start|p2a: Iron Hands|move: Taunt\n|move|p1a: Banjo|Surging Strikes|p2a: Iron Hands\n|-crit|p2a: Iron Hands\n|-damage|p2a: Iron Hands|75\/100\n|-crit|p2a: Iron Hands\n|-damage|p2a: Iron Hands|50\/100\n|-crit|p2a: Iron Hands\n|-damage|p2a: Iron Hands|22\/100\n|-hitcount|p2a: Iron Hands|3\n|move|p2b: Heatran|Heat Wave|p1a: Banjo|[spread] p1a,p1b\n|-resisted|p1a: Banjo\n|-damage|p1a: Banjo|88\/100\n|-damage|p1b: Eolo|44\/100\n|\n|-weather|RainDance|[upkeep]\n|-heal|p2b: Heatran|73\/100|[from] item: Leftovers\n|-sideend|p1: justin clight|move: Tailwind\n|upkeep\n|turn|5\n|inactive|taco_bowl_mx has 30 seconds left.\n|inactive|taco_bowl_mx has 20 seconds left.\n|inactive|taco_bowl_mx has 15 seconds left.\n|inactive|taco_bowl_mx has 10 seconds left.\n|\n|t:|1700504747\n|switch|p2b: Chien-Pao|Chien-Pao, L50|100\/100\n|-ability|p2b: Chien-Pao|Sword of Ruin\n|move|p2a: Iron Hands|Fake Out|p1a: Banjo\n|-damage|p1a: Banjo|71\/100\n|move|p1b: Eolo|Tailwind|p1b: Eolo\n|-sidestart|p1: justin clight|move: Tailwind\n|cant|p1a: Banjo|flinch\n|\n|-weather|RainDance|[upkeep]\n|upkeep\n|turn|6\n|inactive|taco_bowl_mx has 30 seconds left.\n|inactive|justin clight has 30 seconds left.\n|\n|t:|1700504782\n|-end|p2a: Iron Hands|Quark Drive|[silent]\n|switch|p2a: Heatran|Heatran, L50, F, tera:Grass|73\/100\n|move|p1a: Banjo|Detect|p1a: Banjo\n|-singleturn|p1a: Banjo|Protect\n|move|p2b: Chien-Pao|Sucker Punch|p1b: Eolo\n|-damage|p1b: Eolo|0 fnt\n|faint|p1b: Eolo\n|\n|-weather|none\n|-heal|p2a: Heatran|80\/100|[from] item: Leftovers\n|upkeep\n|\n|t:|1700504789\n|switch|p1b: Sorbus|Arcanine-Hisui, L50, M|100\/100\n|-ability|p1b: Sorbus|Intimidate|boost\n|-unboost|p2a: Heatran|atk|1\n|-unboost|p2b: Chien-Pao|atk|1\n|turn|7\n|\n|t:|1700504808\n|switch|p2b: Iron Hands|Iron Hands, L50, shiny|22\/100\n|-terastallize|p1a: Banjo|Water\n|move|p1b: Sorbus|Extreme Speed|p2a: Heatran\n|-damage|p2a: Heatran|57\/100\n|move|p1a: Banjo|Surging Strikes|p2b: Iron Hands\n|-crit|p2b: Iron Hands\n|-damage|p2b: Iron Hands|0 fnt\n|faint|p2b: Iron Hands\n|-end|p2b: Iron Hands|Quark Drive|[silent]\n|-hitcount|p2: Iron Hands|1\n|move|p2a: Heatran|Earth Power|p1b: Sorbus\n|-supereffective|p1b: Sorbus\n|-damage|p1b: Sorbus|0 fnt\n|faint|p1b: Sorbus\n|\n|-heal|p2a: Heatran|63\/100|[from] item: Leftovers\n|upkeep\n|-message|justin clight forfeited.\n|\n|win|taco_bowl_mx\n|raw|justin clight's rating: 1404 &rarr; <strong>1383<\/strong><br \/>(-21 for losing)\n|raw|taco_bowl_mx's rating: 1384 &rarr; <strong>1405<\/strong><br \/>(+21 for winning)\n|l|\u2606justin clight\n","uploadtime":1700504832,"views":7,"p1id":"justinclight","p2id":"tacobowlmx","formatid":"gen9vgc2023regulatione","rating":1383,"private":0,"password":""}