{"id":"gen9vgc2023regulatione-1994294692","p1":"abs91919","p2":"Lbbones","format":"[Gen 9] VGC 2023 Regulation E","log":"|j|\u2606abs91919\n|j|\u2606Lbbones\n|t:|1700428044\n|gametype|doubles\n|player|p1|abs91919|265|1000\n|player|p2|Lbbones|102|1084\n|teamsize|p1|6\n|teamsize|p2|6\n|gen|9\n|tier|[Gen 9] VGC 2023 Regulation E\n|rated|\n|rule|Species Clause: Limit one of each Pok\u00e9mon\n|rule|Item Clause: Limit one of each item\n|clearpoke\n|poke|p1|Brambleghast, L50, F|\n|poke|p1|Gholdengo, L50|\n|poke|p1|Skeledirge, L50, M|\n|poke|p1|Tornadus, L50, M|\n|poke|p1|Ceruledge, L50, M|\n|poke|p1|Flutter Mane, L50|\n|poke|p2|Tornadus, L50, M|\n|poke|p2|Mamoswine, L50, F|\n|poke|p2|Flutter Mane, L50|\n|poke|p2|Chi-Yu, L50|\n|poke|p2|Ogerpon-Wellspring, L50, F|\n|poke|p2|Iron Hands, L50|\n|teampreview|4\nabs91919 rejected open team sheets.\n|\n|t:|1700428078\n|start\n|switch|p1a: Tornadus|Tornadus, L50, M|100\/100\n|switch|p1b: Flutter Mane|Flutter Mane, L50|100\/100\n|switch|p2a: Tornadus|Tornadus, L50, M|100\/100\n|switch|p2b: Ogerpon|Ogerpon-Wellspring, L50, F|100\/100\n|-enditem|p1b: Flutter Mane|Booster Energy\n|-activate|p1b: Flutter Mane|ability: Protosynthesis|[fromitem]\n|-start|p1b: Flutter Mane|protosynthesisspa\n|turn|1\n|\n|t:|1700428104\n|-terastallize|p2b: Ogerpon|Water\n|detailschange|p2b: Ogerpon|Ogerpon-Wellspring-Tera, L50, F, tera:Water\n|-ability|p2b: Ogerpon|Embody Aspect (Wellspring)|boost\n|-boost|p2b: Ogerpon|spd|1\n|move|p1a: Tornadus|Nasty Plot|p1a: Tornadus\n|-boost|p1a: Tornadus|spa|2\n|move|p2a: Tornadus|Taunt|p1a: Tornadus\n|-start|p1a: Tornadus|move: Taunt\n|move|p1b: Flutter Mane|Calm Mind|p1b: Flutter Mane\n|-boost|p1b: Flutter Mane|spa|1\n|-boost|p1b: Flutter Mane|spd|1\n|move|p2b: Ogerpon|Ivy Cudgel|p1b: Flutter Mane|[anim] Ivy Cudgel Water\n|-damage|p1b: Flutter Mane|0 fnt\n|faint|p1b: Flutter Mane\n|-end|p1b: Flutter Mane|Protosynthesis|[silent]\n|\n|upkeep\n|\n|t:|1700428128\n|switch|p1b: Ceruledge|Ceruledge, L50, M|100\/100\n|turn|2\n|\n|t:|1700428140\n|move|p2a: Tornadus|Tailwind|p2a: Tornadus\n|-sidestart|p2: Lbbones|move: Tailwind\n|move|p2b: Ogerpon|Ivy Cudgel|p1b: Ceruledge|[anim] Ivy Cudgel Water\n|-supereffective|p1b: Ceruledge\n|-enditem|p1b: Ceruledge|Focus Sash\n|-damage|p1b: Ceruledge|1\/100\n|-ability|p1b: Ceruledge|Weak Armor|boost\n|-unboost|p1b: Ceruledge|def|1\n|-boost|p1b: Ceruledge|spe|2\n|move|p1b: Ceruledge|Swords Dance|p1b: Ceruledge\n|-boost|p1b: Ceruledge|atk|2\n|move|p1a: Tornadus|Air Slash|p2b: Ogerpon\n|-damage|p2b: Ogerpon|26\/100\n|-damage|p1a: Tornadus|91\/100|[from] item: Life Orb\n|\n|upkeep\n|turn|3\n|\n|t:|1700428170\n|move|p2b: Ogerpon|Spiky Shield|p2b: Ogerpon\n|-singleturn|p2b: Ogerpon|move: Protect\n|move|p1b: Ceruledge|Shadow Sneak|p2b: Ogerpon\n|-activate|p2b: Ogerpon|move: Protect\n|-damage|p1b: Ceruledge|0 fnt|[from] Spiky Shield|[of] p2b: Ogerpon\n|faint|p1b: Ceruledge\n|move|p2a: Tornadus|Bleakwind Storm|p1a: Tornadus\n|-damage|p1a: Tornadus|34\/100\n|move|p1a: Tornadus|Air Slash|p2a: Tornadus\n|-damage|p2a: Tornadus|0 fnt\n|faint|p2a: Tornadus\n|-damage|p1a: Tornadus|24\/100|[from] item: Life Orb\n|\n|upkeep\n|\n|t:|1700428187\n|switch|p1b: Gholdengo|Gholdengo, L50|100\/100\n|switch|p2a: Iron Hands|Iron Hands, L50|100\/100\n|turn|4\n|\n|t:|1700428208\n|move|p2a: Iron Hands|Fake Out|p1b: Gholdengo\n|-immune|p1b: Gholdengo\n|move|p2b: Ogerpon|Ivy Cudgel|p1a: Tornadus|[anim] Ivy Cudgel Water\n|-damage|p1a: Tornadus|0 fnt\n|faint|p1a: Tornadus\n|move|p1b: Gholdengo|Nasty Plot|p1b: Gholdengo\n|-boost|p1b: Gholdengo|spa|2\n|\n|upkeep\n|turn|5\n|\n|t:|1700428230\n|-terastallize|p1b: Gholdengo|Steel\n|move|p2b: Ogerpon|Ivy Cudgel|p1b: Gholdengo|[anim] Ivy Cudgel Water\n|-damage|p1b: Gholdengo|24\/100\n|move|p2a: Iron Hands|Wild Charge|p1b: Gholdengo\n|-damage|p1b: Gholdengo|0 fnt\n|faint|p1b: Gholdengo\n|-damage|p2a: Iron Hands|96\/100|[from] Recoil\n|\n|win|Lbbones\n|raw|abs91919's rating: 1000 &rarr; <strong>1000<\/strong><br \/>(+0 for losing)\n|raw|Lbbones's rating: 1084 &rarr; <strong>1105<\/strong><br \/>(+21 for winning)\n","uploadtime":1700428243,"views":18,"p1id":"abs91919","p2id":"lbbones","formatid":"gen9vgc2023regulatione","rating":1000,"private":0,"password":""}