{"id":"gen9vgc2023regulatione-1993202345","p1":"4dudes1trickroom","p2":"Gmoney$wag","format":"[Gen 9] VGC 2023 Regulation E","log":"|j|\u26064dudes1trickroom\n|j|\u2606Gmoney$wag\n|t:|1700277439\n|gametype|doubles\n|player|p1|4dudes1trickroom|102|1385\n|player|p2|Gmoney$wag|266|1300\n|teamsize|p1|6\n|teamsize|p2|6\n|gen|9\n|tier|[Gen 9] VGC 2023 Regulation E\n|rated|\n|rule|Species Clause: Limit one of each Pok\u00e9mon\n|rule|Item Clause: Limit one of each item\n|clearpoke\n|poke|p1|Farigiraf, L50, M|\n|poke|p1|Ursaluna-Bloodmoon, L50, M|\n|poke|p1|Urshifu-*, L50, F|\n|poke|p1|Flutter Mane, L50|\n|poke|p1|Torkoal, L50, M|\n|poke|p1|Ogerpon-Hearthflame, L50, F|\n|poke|p2|Weezing, L50, F|\n|poke|p2|Roaring Moon, L50|\n|poke|p2|Landorus-Therian, L50, M|\n|poke|p2|Ogerpon-Wellspring, L50, F|\n|poke|p2|Flutter Mane, L50|\n|poke|p2|Iron Hands, L50|\n|teampreview|4\n|inactive|Battle timer is ON: inactive players will automatically lose when time's up. (requested by Gmoney$wag)\nGmoney$wag rejected open team sheets.\n|inactive|4dudes1trickroom has 60 seconds left.\n|\n|t:|1700277477\n|start\n|switch|p1a: Farigiraf|Farigiraf, L50, M|100\/100\n|switch|p1b: Ogerpon|Ogerpon-Hearthflame, L50, F|100\/100\n|switch|p2a: The 'Vid|Weezing, L50, F, shiny|100\/100\n|switch|p2b: DemHands|Iron Hands, L50, shiny|100\/100\n|-ability|p2a: The 'Vid|Neutralizing Gas\n|turn|1\n|inactive|4dudes1trickroom has 30 seconds left.\n|inactive|Gmoney$wag has 30 seconds left.\n|\n|t:|1700277511\n|switch|p1a: Torkoal|Torkoal, L50, M|100\/100\n|move|p2b: DemHands|Fake Out|p1a: Torkoal\n|-damage|p1a: Torkoal|91\/100\n|move|p1b: Ogerpon|Swords Dance|p1b: Ogerpon\n|-boost|p1b: Ogerpon|atk|2\n|move|p2a: The 'Vid|Sludge Bomb|p1b: Ogerpon\n|-supereffective|p1b: Ogerpon\n|-damage|p1b: Ogerpon|38\/100\n|\n|upkeep\n|turn|2\n|inactive|4dudes1trickroom has 30 seconds left.\n|inactive|Gmoney$wag has 30 seconds left.\n|inactive|4dudes1trickroom has 20 seconds left.\n|inactive|Gmoney$wag has 20 seconds left.\n|inactive|4dudes1trickroom has 15 seconds left.\n|inactive|Gmoney$wag has 15 seconds left.\n|inactive|4dudes1trickroom has 10 seconds left.\n|\n|t:|1700277556\n|-terastallize|p1b: Ogerpon|Fire\n|detailschange|p1b: Ogerpon|Ogerpon-Hearthflame-Tera, L50, F, tera:Fire\n|move|p1b: Ogerpon|Ivy Cudgel|p2b: DemHands|[anim] Ivy Cudgel Fire\n|-damage|p2b: DemHands|5\/100\n|move|p2a: The 'Vid|Sludge Bomb|p1b: Ogerpon\n|-damage|p1b: Ogerpon|3\/100\n|move|p2b: DemHands|Drain Punch|p1a: Torkoal\n|-damage|p1a: Torkoal|65\/100\n|-heal|p2b: DemHands|14\/100|[from] drain|[of] p1a: Torkoal\n|move|p1a: Torkoal|Overheat|p2a: The 'Vid\n|-damage|p2a: The 'Vid|50\/100\n|-unboost|p1a: Torkoal|spa|2\n|-enditem|p1a: Torkoal|Eject Pack\n|-enditem|p2a: The 'Vid|Sitrus Berry|[eat]\n|-heal|p2a: The 'Vid|75\/100|[from] item: Sitrus Berry\n|inactive|4dudes1trickroom has 30 seconds left.\n|\n|t:|1700277590\n|switch|p1a: Farigiraf|Farigiraf, L50, M|100\/100\n|\n|upkeep\n|turn|3\n|\n|t:|1700277599\n|-end|p2b: DemHands|Quark Drive|[silent]\n|switch|p2b: Shrek|Ogerpon-Wellspring, L50, F|100\/100\n|move|p2a: The 'Vid|Protect|p2a: The 'Vid\n|-singleturn|p2a: The 'Vid|Protect\n|move|p1b: Ogerpon|Ivy Cudgel|p2a: The 'Vid|[anim] Ivy Cudgel Fire\n|-activate|p2a: The 'Vid|move: Protect\n|move|p1a: Farigiraf|Trick Room|p1a: Farigiraf\n|-fieldstart|move: Trick Room|[of] p1a: Farigiraf\n|\n|upkeep\n|turn|4\n|inactive|4dudes1trickroom has 30 seconds left.\n|inactive|Gmoney$wag has 30 seconds left.\n|inactive|4dudes1trickroom has 20 seconds left.\n|\n|t:|1700277636\n|switch|p1b: Torkoal|Torkoal, L50, M|65\/100\n|move|p1a: Farigiraf|Double Kick|p2b: Shrek\n|-damage|p2b: Shrek|92\/100\n|-damage|p2b: Shrek|84\/100\n|-hitcount|p2b: Shrek|2\n|move|p2a: The 'Vid|Sludge Bomb|p1b: Torkoal\n|-damage|p1b: Torkoal|31\/100\n|-status|p1b: Torkoal|psn\n|move|p2b: Shrek|Ivy Cudgel|p1a: Farigiraf|[anim] Ivy Cudgel Water\n|-crit|p1a: Farigiraf\n|-damage|p1a: Farigiraf|31\/100\n|\n|-damage|p1b: Torkoal|19\/100 psn|[from] psn\n|upkeep\n|turn|5\n|\n|t:|1700277656\n|switch|p1b: Ursaluna|Ursaluna-Bloodmoon, L50, M|100\/100\n|move|p2a: The 'Vid|Protect|p2a: The 'Vid\n|-singleturn|p2a: The 'Vid|Protect\n|move|p2b: Shrek|Spiky Shield|p2b: Shrek\n|-singleturn|p2b: Shrek|move: Protect\n|move|p1a: Farigiraf|Double Kick|p1b: Ursaluna\n|-supereffective|p1b: Ursaluna\n|-damage|p1b: Ursaluna|91\/100\n|-enditem|p1b: Ursaluna|Weakness Policy\n|-boost|p1b: Ursaluna|atk|2|[from] item: Weakness Policy\n|-boost|p1b: Ursaluna|spa|2|[from] item: Weakness Policy\n|-supereffective|p1b: Ursaluna\n|-crit|p1b: Ursaluna\n|-damage|p1b: Ursaluna|76\/100\n|-hitcount|p1b: Ursaluna|2\n|\n|upkeep\n|turn|6\n|inactive|Gmoney$wag has 30 seconds left.\n|inactive|Gmoney$wag has 20 seconds left.\n|inactive|Gmoney$wag has 15 seconds left.\n|\n|t:|1700277697\n|-terastallize|p2a: The 'Vid|Ghost\n|move|p1a: Farigiraf|Helping Hand|p1b: Ursaluna\n|-singleturn|p1b: Ursaluna|Helping Hand|[of] p1a: Farigiraf\n|move|p1b: Ursaluna|Hyper Voice|p2a: The 'Vid|[spread] p2b\n|-immune|p2a: The 'Vid\n|-damage|p2b: Shrek|0 fnt\n|faint|p2b: Shrek\n|move|p2a: The 'Vid|Sludge Bomb|p1a: Farigiraf\n|-damage|p1a: Farigiraf|5\/100\n|-status|p1a: Farigiraf|psn\n|\n|-damage|p1a: Farigiraf|0 fnt|[from] psn\n|faint|p1a: Farigiraf\n|upkeep\n|inactive|4dudes1trickroom has 30 seconds left.\n|\n|t:|1700277724\n|switch|p1a: Ogerpon|Ogerpon-Hearthflame-Tera, L50, F, tera:Fire|3\/100\n|switch|p2b: DemHands|Iron Hands, L50, shiny|14\/100\n|turn|7\n|inactive|4dudes1trickroom has 30 seconds left.\n|inactive|Gmoney$wag has 30 seconds left.\n|inactive|Gmoney$wag has 20 seconds left.\n|inactive|Gmoney$wag has 15 seconds left.\n|inactive|Gmoney$wag has 10 seconds left.\n|inactive|Gmoney$wag has 5 seconds left.\n|\n|t:|1700277777\n|move|p2a: The 'Vid|Protect|p2a: The 'Vid\n|-singleturn|p2a: The 'Vid|Protect\n|move|p1a: Ogerpon|Spiky Shield|p1a: Ogerpon\n|-singleturn|p1a: Ogerpon|move: Protect\n|move|p2b: DemHands|Fake Out|p1a: Ogerpon\n|-activate|p1a: Ogerpon|move: Protect\n|-damage|p2b: DemHands|2\/100|[from] Spiky Shield|[of] p1a: Ogerpon\n|move|p1b: Ursaluna|Moonlight|p1b: Ursaluna\n|-heal|p1b: Ursaluna|100\/100\n|\n|-fieldend|move: Trick Room\n|upkeep\n|turn|8\n|inactive|4dudes1trickroom has 30 seconds left.\n|inactive|4dudes1trickroom has 20 seconds left.\n|\n|t:|1700277815\n|move|p1a: Ogerpon|Ivy Cudgel|p2b: DemHands|[anim] Ivy Cudgel Fire\n|-damage|p2b: DemHands|0 fnt\n|faint|p2b: DemHands\n|-end|p2b: DemHands|Quark Drive|[silent]\n|move|p2a: The 'Vid|Sludge Bomb|p1a: Ogerpon\n|-damage|p1a: Ogerpon|0 fnt\n|faint|p1a: Ogerpon\n|move|p1b: Ursaluna|Earth Power|p2a: The 'Vid\n|-damage|p2a: The 'Vid|0 fnt\n|faint|p2a: The 'Vid\n|-end|p2a: The 'Vid|ability: Neutralizing Gas\n|\n|upkeep\n|\n|t:|1700277830\n|switch|p1a: Torkoal|Torkoal, L50, M|19\/100 psn\n|switch|p2b: Moonpie|Roaring Moon, L50, shiny|100\/100\n|-weather|SunnyDay|[from] ability: Drought|[of] p1a: Torkoal\n|-activate|p2b: Moonpie|ability: Protosynthesis\n|-start|p2b: Moonpie|protosynthesisspe\n|turn|9\n|\n|t:|1700277847\n|move|p2b: Moonpie|Protect|p2b: Moonpie\n|-singleturn|p2b: Moonpie|Protect\n|move|p1b: Ursaluna|Blood Moon|p2b: Moonpie\n|-activate|p2b: Moonpie|move: Protect\n|move|p1a: Torkoal|Overheat|p2b: Moonpie\n|-activate|p2b: Moonpie|move: Protect\n|\n|-weather|SunnyDay|[upkeep]\n|-damage|p1a: Torkoal|6\/100 psn|[from] psn\n|upkeep\n|turn|10\n|\n|t:|1700277870\n|move|p1a: Torkoal|Helping Hand|p1b: Ursaluna\n|-singleturn|p1b: Ursaluna|Helping Hand|[of] p1a: Torkoal\n|move|p2b: Moonpie|Acrobatics|p1b: Ursaluna\n|-crit|p1b: Ursaluna\n|-damage|p1b: Ursaluna|81\/100\n|move|p1b: Ursaluna|Hyper Voice|p2b: Moonpie\n|-damage|p2b: Moonpie|0 fnt\n|faint|p2b: Moonpie\n|-end|p2b: Moonpie|Protosynthesis|[silent]\n|\n|win|4dudes1trickroom\n|raw|4dudes1trickroom's rating: 1385 &rarr; <strong>1400<\/strong><br \/>(+15 for winning)\n|raw|Gmoney$wag's rating: 1300 &rarr; <strong>1281<\/strong><br \/>(-19 for losing)\n|l|\u2606Gmoney$wag\n","uploadtime":1700277882,"views":30,"p1id":"4dudes1trickroom","p2id":"gmoneywag","formatid":"gen9vgc2023regulatione","rating":1281,"private":0,"password":""}