{"id":"gen9vgc2023regulatione-1991650850","p1":"notforsoon","p2":"dipplineyvgc","format":"[Gen 9] VGC 2023 Regulation E","log":"|j|\u2606notforsoon\n|j|\u2606dipplineyvgc\n|t:|1700098522\n|gametype|doubles\n|player|p1|notforsoon|bertha|1040\n|player|p2|dipplineyvgc|koga|1000\n|teamsize|p1|6\n|teamsize|p2|6\n|gen|9\n|tier|[Gen 9] VGC 2023 Regulation E\n|rated|\n|rule|Species Clause: Limit one of each Pok\u00e9mon\n|rule|Item Clause: Limit one of each item\n|clearpoke\n|poke|p1|Golem-Alola, L50, M|\n|poke|p1|Sinistcha, L50|\n|poke|p1|Dondozo, L50, F|\n|poke|p1|Iron Hands, L50|\n|poke|p1|Maushold, L50|\n|poke|p1|Rabsca, L50, F|\n|poke|p2|Farigiraf, L50, M|\n|poke|p2|Goodra-Hisui, L50, M|\n|poke|p2|Amoonguss, L50, M|\n|poke|p2|Mamoswine, L50, M|\n|poke|p2|Armarouge, L50, M|\n|poke|p2|Dondozo, L50, M|\n|teampreview|4\n|inactive|Battle timer is ON: inactive players will automatically lose when time's up. (requested by notforsoon)\n|inactive|notforsoon has 60 seconds left.\n|inactive|notforsoon has 30 seconds left.\n|c|\u2606dipplineyvgc|hurry\ndipplineyvgc has agreed to open team sheets.\n|inactive|notforsoon has 20 seconds left.\n|inactive|notforsoon has 15 seconds left.\n|inactive|notforsoon has 10 seconds left.\n|\n|t:|1700098604\n|start\n|switch|p1a: Iron Hands|Iron Hands, L50|100\/100\n|switch|p1b: Rabsca|Rabsca, L50, F|100\/100\n|switch|p2a: Farigiraf|Farigiraf, L50, M|100\/100\n|switch|p2b: Amoonguss|Amoonguss, L50, M, shiny|100\/100\n|turn|1\n|\n|t:|1700098617\n|move|p2b: Amoonguss|Rage Powder|p2b: Amoonguss\n|-singleturn|p2b: Amoonguss|move: Rage Powder\n|move|p1a: Iron Hands|Electric Terrain|p1a: Iron Hands\n|-fieldstart|move: Electric Terrain\n|-activate|p1a: Iron Hands|ability: Quark Drive\n|-start|p1a: Iron Hands|quarkdriveatk\n|move|p1b: Rabsca|Psychic|p2b: Amoonguss\n|-supereffective|p2b: Amoonguss\n|-damage|p2b: Amoonguss|56\/100\n|move|p2a: Farigiraf|Trick Room|p2a: Farigiraf\n|-fieldstart|move: Trick Room|[of] p2a: Farigiraf\n|\n|-heal|p2b: Amoonguss|62\/100|[from] item: Leftovers\n|-status|p2a: Farigiraf|tox|[from] item: Toxic Orb\n|upkeep\n|turn|2\n|inactive|notforsoon has 30 seconds left.\n|inactive|notforsoon has 20 seconds left.\n|\n|t:|1700098656\n|switch|p1b: Golem|Golem-Alola, L50, M|100\/100\n|move|p2b: Amoonguss|Rage Powder|p2b: Amoonguss\n|-singleturn|p2b: Amoonguss|move: Rage Powder\n|move|p1a: Iron Hands|Drain Punch|p2b: Amoonguss\n|-resisted|p2b: Amoonguss\n|-damage|p2b: Amoonguss|35\/100\n|move|p2a: Farigiraf|Trick|p1b: Golem\n|-activate|p2a: Farigiraf|move: Trick|[of] p1b: Golem\n|-item|p1b: Golem|Toxic Orb|[from] move: Trick\n|-item|p2a: Farigiraf|Magnet|[from] move: Trick\n|\n|-heal|p2b: Amoonguss|41\/100|[from] item: Leftovers\n|-damage|p2a: Farigiraf|94\/100 tox|[from] psn\n|-status|p1b: Golem|tox|[from] item: Toxic Orb\n|upkeep\n|turn|3\n|\n|t:|1700098680\n|-end|p1a: Iron Hands|Quark Drive|[silent]\n|switch|p1a: Rabsca|Rabsca, L50, F|100\/100\n|move|p1b: Golem|Explosion|p2a: Farigiraf|[spread] p2a,p2b\n|-activate|p1a: Rabsca|ability: Telepathy\n|-resisted|p2b: Amoonguss\n|-damage|p2a: Farigiraf|0 fnt\n|-damage|p2b: Amoonguss|0 fnt\n|faint|p1b: Golem\n|faint|p2a: Farigiraf\n|faint|p2b: Amoonguss\n|\n|upkeep\n|\n|t:|1700098694\n|switch|p1b: Iron Hands|Iron Hands, L50|100\/100\n|switch|p2b: Dondozo|Dondozo, L50, M, shiny|100\/100\n|switch|p2a: Armarouge|Armarouge, L50, M|100\/100\n|-activate|p1b: Iron Hands|ability: Quark Drive\n|-start|p1b: Iron Hands|quarkdriveatk\n|-item|p2a: Armarouge|Air Balloon\n|turn|4\n|inactive|dipplineyvgc has 30 seconds left.\n|\n|t:|1700098724\n|-terastallize|p2a: Armarouge|Psychic\n|move|p1b: Iron Hands|Fake Out|p2a: Armarouge\n|-crit|p2a: Armarouge\n|-damage|p2a: Armarouge|76\/100\n|-enditem|p2a: Armarouge|Air Balloon\n|move|p2b: Dondozo|Heavy Slam|p1a: Rabsca\n|-damage|p1a: Rabsca|63\/100\n|move|p1a: Rabsca|Revival Blessing|p1a: Rabsca\n|-enditem|p1a: Rabsca|Leppa Berry|[eat]\n|-activate|p1a: Rabsca|item: Leppa Berry|Revival Blessing|[consumed]\n|\n|t:|1700098735\n|-heal|p1: Golem|50\/100|[from] move: Revival Blessing\n|cant|p2a: Armarouge|flinch\n|\n|upkeep\n|turn|5\n|\n|t:|1700098755\n|switch|p1a: Golem|Golem-Alola, L50, M|50\/100\n|move|p2b: Dondozo|Wave Crash|p1a: Golem\n|-supereffective|p1a: Golem\n|-damage|p1a: Golem|0 fnt\n|faint|p1a: Golem\n|-damage|p2b: Dondozo|88\/100|[from] Recoil\n|move|p1b: Iron Hands|Wild Charge|p2a: Armarouge\n|-damage|p2a: Armarouge|0 fnt\n|faint|p2a: Armarouge\n|-damage|p1b: Iron Hands|86\/100|[from] Recoil\n|\n|-fieldend|move: Trick Room\n|-fieldend|move: Electric Terrain\n|-end|p1b: Iron Hands|Quark Drive\n|upkeep\n|\n|t:|1700098768\n|switch|p1a: Rabsca|Rabsca, L50, F|63\/100\n|turn|6\n|\n|t:|1700098776\n|-end|p1b: Iron Hands|Quark Drive|[silent]\n|switch|p1b: Dondozo|Dondozo, L50, F|100\/100\n|move|p2b: Dondozo|Protect|p2b: Dondozo\n|-singleturn|p2b: Dondozo|Protect\n|move|p1a: Rabsca|Revival Blessing|p1a: Rabsca\n|\n|t:|1700098783\n|-heal|p1: Golem|50\/100|[from] move: Revival Blessing\n|\n|upkeep\n|turn|7\n|\n|t:|1700098793\n|move|p1a: Rabsca|Psychic|p2b: Dondozo\n|-damage|p2b: Dondozo|55\/100\n|-unboost|p2b: Dondozo|spd|1\n|move|p2b: Dondozo|Heavy Slam|p1a: Rabsca\n|-damage|p1a: Rabsca|24\/100\n|move|p1b: Dondozo|Yawn|p2b: Dondozo\n|-start|p2b: Dondozo|move: Yawn|[of] p1b: Dondozo\n|\n|upkeep\n|turn|8\n|\n|t:|1700098807\n|switch|p1b: Golem|Golem-Alola, L50, M|50\/100\n|move|p1a: Rabsca|Protect|p1a: Rabsca\n|-singleturn|p1a: Rabsca|Protect\n|move|p2b: Dondozo|Heavy Slam|p1a: Rabsca\n|-activate|p1a: Rabsca|move: Protect\n|\n|-end|p2b: Dondozo|move: Yawn|[silent]\n|-status|p2b: Dondozo|slp\n|-status|p1b: Golem|tox|[from] item: Toxic Orb\n|upkeep\n|turn|9\n|-message|dipplineyvgc forfeited.\n|\n|win|notforsoon\n|raw|notforsoon's rating: 1040 &rarr; <strong>1070<\/strong><br \/>(+30 for winning)\n|raw|dipplineyvgc's rating: 1000 &rarr; <strong>1000<\/strong><br \/>(+0 for losing)\n|l|\u2606dipplineyvgc\n","uploadtime":1700098832,"views":13,"p1id":"notforsoon","p2id":"dipplineyvgc","formatid":"gen9vgc2023regulatione","rating":1000,"private":0,"password":""}