{"id":"gen9vgc2023regulatione-1988570295","p1":"Rocket Turtle","p2":"Auxowave","format":"[Gen 9] VGC 2023 Regulation E","log":"|j|\u2606Rocket Turtle\n|j|\u2606Auxowave\n|n|\u2606Rocket Turtle|rocketturtle\n|n|\u2606Auxowave|auxowave\n|html|View the match progress at <a href=\"\/game-bestof3-gen9vgc2023regulatione-1988565757\">game-bestof3-gen9vgc2023regulatione-1988565757<\/a>\n|t:|1699737266\n|gametype|doubles\n|player|p1|Rocket Turtle|n|\n|player|p2|Auxowave|102|\n|teamsize|p1|6\n|teamsize|p2|6\n|gen|9\n|tier|[Gen 9] VGC 2023 Regulation E\n|rule|Species Clause: Limit one of each Pok\u00e9mon\n|rule|Item Clause: Limit one of each item\n|clearpoke\n|poke|p1|Iron Hands, L50|\n|poke|p1|Landorus-Therian, L50, M|\n|poke|p1|Ogerpon-Hearthflame, L50, F|\n|poke|p1|Milotic, L50, F|\n|poke|p1|Kommo-o, L50, M|\n|poke|p1|Clefairy, L50, M|\n|poke|p2|Chi-Yu, L50|\n|poke|p2|Iron Hands, L50|\n|poke|p2|Landorus-Therian, L50, M|\n|poke|p2|Dusclops, L50, M|\n|poke|p2|Ogerpon-Wellspring, L50, F|\n|poke|p2|Ursaluna-Bloodmoon, L50, M|\n|teampreview|4\nAuxowave has agreed to open team sheets.\n|j| Jorijn\nRocket Turtle has agreed to open team sheets.\n|showteam|p1|Iron Hands||AssaultVest|QuarkDrive|FakeOut,WildCharge,DrainPunch,VoltSwitch||||||50|,,,,,Grass]Landorus-Therian||ChoiceScarf|Intimidate|TeraBlast,RockSlide,StompingTantrum,Uturn|||M|||50|,,,,,Flying]Ogerpon-Hearthflame||HearthflameMask|MoldBreaker|SpikyShield,IvyCudgel,HornLeech,SwordsDance|||F|||50|,,,,,Fire]Milotic||SafetyGoggles|Competitive|Protect,IceBeam,Scald,IcyWind|||F|||50|,,,,,Ice]Kommo-o||ThroatSpray|Bulletproof|Protect,ClangingScales,ClangorousSoul,FlashCannon|||M|||50|,,,,,Steel]Clefairy||Eviolite|FriendGuard|Protect,FollowMe,HelpingHand,LifeDew|||M|||50|,,,,,Dark\n|showteam|p2|Chi-Yu||MirrorHerb|BeadsofRuin|HeatWave,DarkPulse,NastyPlot,Protect||||||50|,,,,,Ghost]Iron Hands||AssaultVest|QuarkDrive|WildCharge,DrainPunch,VoltSwitch,FakeOut||||||50|,,,,,Fire]Landorus-Therian||ChoiceScarf|Intimidate|RockSlide,StompingTantrum,Uturn,TeraBlast|||M|||50|,,,,,Flying]Dusclops||Eviolite|Frisk|WillOWisp,TrickRoom,PainSplit,BrickBreak|||M|||50|,,,,,Dark]Ogerpon-Wellspring||WellspringMask|WaterAbsorb|SpikyShield,FollowMe,HornLeech,IvyCudgel|||F|||50|,,,,,Water]Ursaluna-Bloodmoon||WeaknessPolicy|MindsEye|EarthPower,Protect,HyperVoice,BloodMoon|||M|||50|,,,,,Normal\n|\n|t:|1699737341\n|start\n|switch|p1a: Kommo-o|Kommo-o, L50, M|100\/100\n|switch|p1b: Landorus|Landorus-Therian, L50, M|100\/100\n|switch|p2a: Iron Hands|Iron Hands, L50|100\/100\n|switch|p2b: Dusclops|Dusclops, L50, M|100\/100\n|-ability|p1b: Landorus|Intimidate|boost\n|-unboost|p2a: Iron Hands|atk|1\n|-unboost|p2b: Dusclops|atk|1\n|-item|p1a: Kommo-o|Throat Spray|[from] ability: Frisk|[of] p2b: Dusclops|[identify]\n|-item|p1b: Landorus|Choice Scarf|[from] ability: Frisk|[of] p2b: Dusclops|[identify]\n|turn|1\n|\n|t:|1699737356\n|move|p2a: Iron Hands|Fake Out|p1a: Kommo-o\n|-damage|p1a: Kommo-o|90\/100\n|move|p1b: Landorus|U-turn|p2b: Dusclops\n|-resisted|p2b: Dusclops\n|-damage|p2b: Dusclops|92\/100\n|\n|t:|1699737367\n|switch|p1b: Iron Hands|Iron Hands, L50|100\/100|[from] U-turn\n|cant|p1a: Kommo-o|flinch\n|move|p2b: Dusclops|Trick Room|p2b: Dusclops\n|-fieldstart|move: Trick Room|[of] p2b: Dusclops\n|\n|upkeep\n|turn|2\n|\n|t:|1699737395\n|-end|p2a: Iron Hands|Quark Drive|[silent]\n|switch|p2a: Ursaluna|Ursaluna-Bloodmoon, L50, M|100\/100\n|-end|p1b: Iron Hands|Quark Drive|[silent]\n|switch|p1b: Clefairy|Clefairy, L50, M|100\/100\n|move|p2b: Dusclops|Will-O-Wisp|p1b: Clefairy\n|-status|p1b: Clefairy|brn\n|move|p1a: Kommo-o|Clangorous Soul|p1a: Kommo-o\n|-boost|p1a: Kommo-o|atk|1\n|-boost|p1a: Kommo-o|def|1\n|-boost|p1a: Kommo-o|spa|1\n|-boost|p1a: Kommo-o|spd|1\n|-boost|p1a: Kommo-o|spe|1\n|-damage|p1a: Kommo-o|57\/100\n|-enditem|p1a: Kommo-o|Throat Spray\n|-boost|p1a: Kommo-o|spa|1|[from] item: Throat Spray\n|\n|-damage|p1b: Clefairy|94\/100 brn|[from] brn\n|upkeep\n|turn|3\n|\n|t:|1699737447\n|switch|p2b: Iron Hands|Iron Hands, L50|100\/100\n|-terastallize|p2a: Ursaluna|Normal\n|move|p1b: Clefairy|Follow Me|p1b: Clefairy\n|-singleturn|p1b: Clefairy|move: Follow Me\n|move|p2a: Ursaluna|Blood Moon|p1b: Clefairy\n|-damage|p1b: Clefairy|4\/100 brn\n|move|p1a: Kommo-o|Clanging Scales|p2a: Ursaluna|[spread] p2a,p2b\n|-damage|p2a: Ursaluna|10\/100\n|-damage|p2b: Iron Hands|63\/100\n|-unboost|p1a: Kommo-o|def|1\n|\n|-damage|p1b: Clefairy|0 fnt|[from] brn\n|faint|p1b: Clefairy\n|upkeep\n|\n|t:|1699737460\n|switch|p1b: Iron Hands|Iron Hands, L50|100\/100\n|turn|4\n|\n|t:|1699737494\n|move|p2a: Ursaluna|Protect|p2a: Ursaluna\n|-singleturn|p2a: Ursaluna|Protect\n|move|p1a: Kommo-o|Protect|p1a: Kommo-o\n|-singleturn|p1a: Kommo-o|Protect\n|move|p1b: Iron Hands|Fake Out|p2a: Ursaluna\n|-activate|p2a: Ursaluna|move: Protect\n|move|p2b: Iron Hands|Drain Punch|p1a: Kommo-o\n|-activate|p1a: Kommo-o|move: Protect\n|\n|upkeep\n|turn|5\n|\n|t:|1699737523\n|-terastallize|p1b: Iron Hands|Grass\n|move|p2a: Ursaluna|Blood Moon|p1a: Kommo-o\n|-damage|p1a: Kommo-o|0 fnt\n|faint|p1a: Kommo-o\n|move|p1b: Iron Hands|Drain Punch|p2a: Ursaluna\n|-supereffective|p2a: Ursaluna\n|-damage|p2a: Ursaluna|0 fnt\n|faint|p2a: Ursaluna\n|move|p2b: Iron Hands|Drain Punch|p1b: Iron Hands\n|-damage|p1b: Iron Hands|77\/100\n|-heal|p2b: Iron Hands|75\/100|[from] drain|[of] p1b: Iron Hands\n|\n|-fieldend|move: Trick Room\n|upkeep\n|j| Trabje\n|\n|t:|1699737529\n|switch|p1a: Landorus|Landorus-Therian, L50, M|100\/100\n|switch|p2a: Landorus|Landorus-Therian, L50, M|100\/100\n|-ability|p1a: Landorus|Intimidate|boost\n|-unboost|p2a: Landorus|atk|1\n|-unboost|p2b: Iron Hands|atk|1\n|-ability|p2a: Landorus|Intimidate|boost\n|-unboost|p1a: Landorus|atk|1\n|-unboost|p1b: Iron Hands|atk|1\n|turn|6\n|\n|t:|1699737547\n|-end|p2b: Iron Hands|Quark Drive|[silent]\n|switch|p2b: Dusclops|Dusclops, L50, M|92\/100\n|-item|p1a: Landorus|Choice Scarf|[from] ability: Frisk|[of] p2b: Dusclops|[identify]\n|-item|p1b: Iron Hands|Assault Vest|[from] ability: Frisk|[of] p2b: Dusclops|[identify]\n|move|p1a: Landorus|Rock Slide|p2a: Landorus|[spread] p2a,p2b\n|-damage|p2a: Landorus|84\/100\n|-damage|p2b: Dusclops|84\/100\n|cant|p2a: Landorus|flinch\n|move|p1b: Iron Hands|Wild Charge|p2a: Landorus\n|-immune|p2a: Landorus\n|\n|upkeep\n|turn|7\n|\n|t:|1699737562\n|move|p1a: Landorus|Rock Slide|p2a: Landorus|[spread] p2a,p2b\n|-damage|p2a: Landorus|69\/100\n|-damage|p2b: Dusclops|75\/100\n|move|p2a: Landorus|U-turn|p1b: Iron Hands\n|-supereffective|p1b: Iron Hands\n|-damage|p1b: Iron Hands|54\/100\n|\n|t:|1699737567\n|switch|p2a: Iron Hands|Iron Hands, L50|75\/100|[from] U-turn\n|move|p1b: Iron Hands|Wild Charge|p2b: Dusclops\n|-damage|p2b: Dusclops|56\/100\n|-damage|p1b: Iron Hands|51\/100|[from] Recoil\n|cant|p2b: Dusclops|flinch\n|\n|upkeep\n|turn|8\n|\n|t:|1699737583\n|move|p2a: Iron Hands|Fake Out|p1a: Landorus\n|-damage|p1a: Landorus|82\/100\n|cant|p1a: Landorus|flinch\n|move|p1b: Iron Hands|Drain Punch|p2a: Iron Hands\n|-damage|p2a: Iron Hands|56\/100\n|-heal|p1b: Iron Hands|61\/100|[from] drain|[of] p2a: Iron Hands\n|move|p2b: Dusclops|Will-O-Wisp|p1a: Landorus|[miss]\n|-miss|p2b: Dusclops|p1a: Landorus\n|\n|upkeep\n|turn|9\n|\n|t:|1699737605\n|-end|p2a: Iron Hands|Quark Drive|[silent]\n|switch|p2a: Landorus|Landorus-Therian, L50, M|69\/100\n|-ability|p2a: Landorus|Intimidate|boost\n|-unboost|p1a: Landorus|atk|1\n|-unboost|p1b: Iron Hands|atk|1\n|move|p1a: Landorus|Rock Slide|p2b: Dusclops|[spread] p2b\n|-miss|p1a: Landorus|p2a: Landorus\n|-damage|p2b: Dusclops|49\/100\n|move|p1b: Iron Hands|Drain Punch|p2a: Landorus\n|-resisted|p2a: Landorus\n|-damage|p2a: Landorus|58\/100\n|-heal|p1b: Iron Hands|65\/100|[from] drain|[of] p2a: Landorus\n|move|p2b: Dusclops|Pain Split|p1a: Landorus\n|-sethp|p1a: Landorus|63\/100|[from] move: Pain Split|[silent]\n|-sethp|p2b: Dusclops|71\/100|[from] move: Pain Split\n|\n|upkeep\n|turn|10\n|\n|t:|1699737623\n|move|p1a: Landorus|Rock Slide|p2b: Dusclops|[spread] p2a\n|-miss|p1a: Landorus|p2b: Dusclops\n|-damage|p2a: Landorus|45\/100\n|move|p2a: Landorus|U-turn|p1b: Iron Hands\n|-supereffective|p1b: Iron Hands\n|-damage|p1b: Iron Hands|29\/100\n|\n|t:|1699737629\n|switch|p2a: Iron Hands|Iron Hands, L50|56\/100|[from] U-turn\n|move|p1b: Iron Hands|Drain Punch|p2a: Iron Hands\n|-damage|p2a: Iron Hands|42\/100\n|-heal|p1b: Iron Hands|36\/100|[from] drain|[of] p2a: Iron Hands\n|move|p2b: Dusclops|Will-O-Wisp|p1a: Landorus\n|-status|p1a: Landorus|brn\n|\n|-damage|p1a: Landorus|57\/100 brn|[from] brn\n|upkeep\n|turn|11\n|c|\u2606Rocket Turtle|gg\n|-message|Rocket Turtle forfeited.\n|\n|win|Auxowave\n|c|\u2606Auxowave|gg\n|l|\u2606Rocket Turtle\n|l| Trabje\n","uploadtime":1699737867,"views":12,"p1id":"rocketturtle","p2id":"auxowave","formatid":"gen9vgc2023regulatione","rating":0,"private":0,"password":""}