{"id":"gen9vgc2023regulatione-1991740218","p1":"cut*redacted*vgc","p2":"WillieDangerously","format":"[Gen 9] VGC 2023 Regulation E","log":"|j|\u2606cut*redacted*vgc\n|j|\u2606WillieDangerously\n|t:|1700109372\n|gametype|doubles\n|player|p1|cut*redacted*vgc|101|1312\n|player|p2|WillieDangerously|101|1344\n|teamsize|p1|6\n|teamsize|p2|6\n|gen|9\n|tier|[Gen 9] VGC 2023 Regulation E\n|rated|\n|rule|Species Clause: Limit one of each Pok\u00e9mon\n|rule|Item Clause: Limit one of each item\n|clearpoke\n|poke|p1|Tornadus, L50, M|\n|poke|p1|Arcanine-Hisui, L50, M|\n|poke|p1|Iron Hands, L50|\n|poke|p1|Gholdengo, L50|\n|poke|p1|Urshifu-*, L50, M|\n|poke|p1|Ogerpon-Wellspring, L50, F|\n|poke|p2|Iron Hands, L50|\n|poke|p2|Iron Bundle, L50|\n|poke|p2|Sinistcha, L50|\n|poke|p2|Landorus-Therian, L50, M|\n|poke|p2|Heatran, L50, M|\n|poke|p2|Ninetales-Alola, L50, M|\n|teampreview|4\n|inactive|Battle timer is ON: inactive players will automatically lose when time's up. (requested by cut*redacted*vgc)\n|\n|t:|1700109407\n|start\n|switch|p1a: Tornadus|Tornadus, L50, M|100\/100\n|switch|p1b: Arcanine|Arcanine-Hisui, L50, M|100\/100\n|switch|p2a: Iron Hands|Iron Hands, L50|100\/100\n|switch|p2b: Landorus|Landorus-Therian, L50, M|100\/100\n|-ability|p1b: Arcanine|Intimidate|boost\n|-unboost|p2a: Iron Hands|atk|1\n|-fail|p2b: Landorus|unboost|[from] item: Clear Amulet|[of] p2b: Landorus\n|-ability|p2b: Landorus|Intimidate|boost\n|-unboost|p1a: Tornadus|atk|1\n|-unboost|p1b: Arcanine|atk|1\n|turn|1\n|inactive|cut*redacted*vgc has 30 seconds left.\n|\n|t:|1700109436\n|switch|p1b: Ogerpon|Ogerpon-Wellspring, L50, F|100\/100\n|move|p2a: Iron Hands|Fake Out|p1a: Tornadus\n|-damage|p1a: Tornadus|87\/100\n|move|p1a: Tornadus|Tailwind|p1a: Tornadus\n|-sidestart|p1: cut*redacted*vgc|move: Tailwind\n|move|p2b: Landorus|Stomping Tantrum|p1b: Ogerpon\n|-resisted|p1b: Ogerpon\n|-damage|p1b: Ogerpon|76\/100\n|\n|upkeep\n|turn|2\n|\n|t:|1700109460\n|switch|p1a: Arcanine|Arcanine-Hisui, L50, M|100\/100\n|-ability|p1a: Arcanine|Intimidate|boost\n|-unboost|p2a: Iron Hands|atk|1\n|-fail|p2b: Landorus|unboost|[from] item: Clear Amulet|[of] p2b: Landorus\n|-terastallize|p2b: Landorus|Steel\n|move|p1b: Ogerpon|Ivy Cudgel|p2b: Landorus|[anim] Ivy Cudgel Water\n|-crit|p2b: Landorus\n|-damage|p2b: Landorus|6\/100\n|move|p2b: Landorus|U-turn|p1b: Ogerpon\n|-supereffective|p1b: Ogerpon\n|-damage|p1b: Ogerpon|12\/100\n|\n|t:|1700109472\n|switch|p2b: Ninetales|Ninetales-Alola, L50, M|100\/100|[from] U-turn\n|-weather|Snow|[from] ability: Snow Warning|[of] p2b: Ninetales\n|move|p2a: Iron Hands|Wild Charge|p1a: Arcanine\n|-damage|p1a: Arcanine|68\/100\n|-damage|p2a: Iron Hands|94\/100|[from] Recoil\n|\n|-weather|Snow|[upkeep]\n|upkeep\n|turn|3\n|\n|t:|1700109492\n|-terastallize|p1a: Arcanine|Fairy\n|move|p1b: Ogerpon|Ivy Cudgel|p2a: Iron Hands|[anim] Ivy Cudgel Water\n|-damage|p2a: Iron Hands|50\/100\n|move|p1a: Arcanine|Tera Blast|p2a: Iron Hands|[anim] Tera Blast Fairy\n|-supereffective|p2a: Iron Hands\n|-damage|p2a: Iron Hands|0 fnt\n|faint|p2a: Iron Hands\n|-end|p2a: Iron Hands|Quark Drive|[silent]\n|move|p2b: Ninetales|Blizzard|p1a: Arcanine|[spread] p1a,p1b\n|-damage|p1a: Arcanine|39\/100\n|-damage|p1b: Ogerpon|0 fnt\n|faint|p1b: Ogerpon\n|\n|-weather|Snow|[upkeep]\n|upkeep\n|\n|t:|1700109507\n|switch|p1b: Gholdengo|Gholdengo, L50|100\/100\n|switch|p2a: Landorus|Landorus-Therian, L50, M, tera:Steel|6\/100\n|-ability|p2a: Landorus|Intimidate|boost\n|-unboost|p1a: Arcanine|atk|1\n|-unboost|p1b: Gholdengo|atk|1\n|turn|4\n|\n|t:|1700109520\n|switch|p1a: Tornadus|Tornadus, L50, M|87\/100\n|switch|p2b: Heatran|Heatran, L50, M|100\/100\n|move|p2a: Landorus|Protect|p2a: Landorus\n|-singleturn|p2a: Landorus|Protect\n|move|p1b: Gholdengo|Make It Rain|p2b: Heatran|[spread] p2b\n|-activate|p2a: Landorus|move: Protect\n|-resisted|p2b: Heatran\n|-damage|p2b: Heatran|91\/100\n|-unboost|p1b: Gholdengo|spa|1\n|\n|-weather|Snow|[upkeep]\n|-heal|p2b: Heatran|97\/100|[from] item: Leftovers\n|-sideend|p1: cut*redacted*vgc|move: Tailwind\n|upkeep\n|turn|5\n|\n|t:|1700109544\n|move|p1b: Gholdengo|Protect|p1b: Gholdengo\n|-singleturn|p1b: Gholdengo|Protect\n|move|p1a: Tornadus|Bleakwind Storm|p2a: Landorus|[spread] p2a,p2b\n|-resisted|p2a: Landorus\n|-resisted|p2b: Heatran\n|-damage|p2a: Landorus|0 fnt\n|-damage|p2b: Heatran|85\/100\n|faint|p2a: Landorus\n|move|p2b: Heatran|Heat Wave|p1b: Gholdengo|[spread] p1a\n|-activate|p1b: Gholdengo|move: Protect\n|-damage|p1a: Tornadus|48\/100\n|\n|-weather|Snow|[upkeep]\n|-heal|p2b: Heatran|91\/100|[from] item: Leftovers\n|upkeep\n|\n|t:|1700109555\n|switch|p2a: Ninetales|Ninetales-Alola, L50, M|100\/100\n|turn|6\n|\n|t:|1700109567\n|move|p2a: Ninetales|Helping Hand|p2b: Heatran\n|-singleturn|p2b: Heatran|Helping Hand|[of] p2a: Ninetales\n|move|p1a: Tornadus|Rain Dance|p1a: Tornadus\n|-weather|RainDance\n|move|p1b: Gholdengo|Nasty Plot|p1b: Gholdengo\n|-boost|p1b: Gholdengo|spa|2\n|move|p2b: Heatran|Heat Wave|p1b: Gholdengo|[spread] p1a,p1b\n|-supereffective|p1b: Gholdengo\n|-damage|p1a: Tornadus|20\/100\n|-damage|p1b: Gholdengo|50\/100\n|\n|-weather|RainDance|[upkeep]\n|-heal|p1b: Gholdengo|56\/100|[from] item: Leftovers\n|-heal|p2b: Heatran|97\/100|[from] item: Leftovers\n|upkeep\n|turn|7\n|\n|t:|1700109583\n|move|p2a: Ninetales|Helping Hand|p2b: Heatran\n|-singleturn|p2b: Heatran|Helping Hand|[of] p2a: Ninetales\n|move|p1a: Tornadus|Tailwind|p1a: Tornadus\n|-sidestart|p1: cut*redacted*vgc|move: Tailwind\n|move|p1b: Gholdengo|Make It Rain|p2b: Heatran|[spread] p2a,p2b\n|-supereffective|p2a: Ninetales\n|-resisted|p2b: Heatran\n|-damage|p2a: Ninetales|0 fnt\n|-damage|p2b: Heatran|83\/100\n|-unboost|p1b: Gholdengo|spa|1\n|faint|p2a: Ninetales\n|move|p2b: Heatran|Heat Wave|p1b: Gholdengo|[spread] p1a,p1b\n|-supereffective|p1b: Gholdengo\n|-damage|p1a: Tornadus|0 fnt\n|-damage|p1b: Gholdengo|0 fnt\n|faint|p1a: Tornadus\n|faint|p1b: Gholdengo\n|\n|-weather|RainDance|[upkeep]\n|-heal|p2b: Heatran|89\/100|[from] item: Leftovers\n|upkeep\n|\n|t:|1700109592\n|switch|p1b: Arcanine|Arcanine-Hisui, L50, M, tera:Fairy|39\/100\n|-ability|p1b: Arcanine|Intimidate|boost\n|-unboost|p2b: Heatran|atk|1\n|turn|8\n|\n|t:|1700109598\n|move|p1b: Arcanine|Rock Slide|p2b: Heatran\n|-damage|p2b: Heatran|36\/100\n|cant|p2b: Heatran|flinch\n|\n|-weather|RainDance|[upkeep]\n|-heal|p2b: Heatran|42\/100|[from] item: Leftovers\n|upkeep\n|turn|9\n|\n|t:|1700109603\n|move|p2b: Heatran|Protect|p2b: Heatran\n|-singleturn|p2b: Heatran|Protect\n|move|p1b: Arcanine|Rock Slide|p2b: Heatran\n|-activate|p2b: Heatran|move: Protect\n|\n|-weather|RainDance|[upkeep]\n|-heal|p2b: Heatran|49\/100|[from] item: Leftovers\n|upkeep\n|turn|10\n|\n|t:|1700109609\n|move|p1b: Arcanine|Rock Slide|p2b: Heatran|[miss]\n|-miss|p1b: Arcanine|p2b: Heatran\n|move|p2b: Heatran|Flash Cannon|p1b: Arcanine\n|-supereffective|p1b: Arcanine\n|-damage|p1b: Arcanine|0 fnt\n|faint|p1b: Arcanine\n|\n|win|WillieDangerously\n|raw|cut*redacted*vgc's rating: 1312 &rarr; <strong>1294<\/strong><br \/>(-18 for losing)\n|raw|WillieDangerously's rating: 1344 &rarr; <strong>1362<\/strong><br \/>(+18 for winning)\n","uploadtime":1700109613,"views":14,"p1id":"cutredactedvgc","p2id":"williedangerously","formatid":"gen9vgc2023regulatione","rating":1294,"private":0,"password":""}