{"id":"gen9vgc2023regulatione-1994748908","p1":"Joull","p2":"TennisElbow46","format":"[Gen 9] VGC 2023 Regulation E","log":"|j|\u2606Joull\n|j|\u2606TennisElbow46\n|t:|1700488811\n|gametype|doubles\n|player|p1|Joull|psychic-gen2|1019\n|player|p2|TennisElbow46|102|1000\n|teamsize|p1|6\n|teamsize|p2|6\n|gen|9\n|tier|[Gen 9] VGC 2023 Regulation E\n|rated|\n|rule|Species Clause: Limit one of each Pok\u00e9mon\n|rule|Item Clause: Limit one of each item\n|clearpoke\n|poke|p1|Arcanine-Hisui, L50, M|\n|poke|p1|Rillaboom, L50, M|\n|poke|p1|Flutter Mane, L50|\n|poke|p1|Urshifu-*, L50, M|\n|poke|p1|Pachirisu, L50, F|\n|poke|p1|Roaring Moon, L50|\n|poke|p2|Heatran, L50, M|\n|poke|p2|Milotic, L50, M|\n|poke|p2|Rillaboom, L50, M|\n|poke|p2|Ogerpon-Hearthflame, L50, F|\n|poke|p2|Landorus-Therian, L50, M|\n|poke|p2|Urshifu-*, L50, F|\n|teampreview|4\nTennisElbow46 has agreed to open team sheets.\n|inactive|Battle timer is ON: inactive players will automatically lose when time's up. (requested by TennisElbow46)\n|inactiveoff|Battle timer is now OFF.\n|inactive|Battle timer is ON: inactive players will automatically lose when time's up. (requested by Joull)\n|\n|t:|1700488869\n|start\n|switch|p1a: Pachirisu|Pachirisu, L50, F, shiny|100\/100\n|switch|p1b: Arcanine|Arcanine-Hisui, L50, M|100\/100\n|switch|p2a: Milotic|Milotic, L50, M|100\/100\n|switch|p2b: Rillaboom|Rillaboom, L50, M|100\/100\n|-ability|p1b: Arcanine|Intimidate|boost\n|-unboost|p2a: Milotic|atk|1\n|-ability|p2a: Milotic|Competitive|boost\n|-boost|p2a: Milotic|spa|2\n|-unboost|p2b: Rillaboom|atk|1\n|-fieldstart|move: Grassy Terrain|[from] ability: Grassy Surge|[of] p2b: Rillaboom\n|turn|1\n|\n|t:|1700488893\n|switch|p1b: Rillaboom|Rillaboom, L50, M|100\/100\n|move|p2b: Rillaboom|Fake Out|p1a: Pachirisu\n|-damage|p1a: Pachirisu|86\/100\n|cant|p1a: Pachirisu|flinch\n|move|p2a: Milotic|Scald|p1b: Rillaboom\n|-resisted|p1b: Rillaboom\n|-damage|p1b: Rillaboom|76\/100\n|\n|-heal|p1a: Pachirisu|92\/100|[from] Grassy Terrain\n|-heal|p1b: Rillaboom|82\/100|[from] Grassy Terrain\n|upkeep\n|turn|2\n|\n|t:|1700488914\n|move|p1a: Pachirisu|Nuzzle|p2a: Milotic\n|-supereffective|p2a: Milotic\n|-damage|p2a: Milotic|93\/100\n|-status|p2a: Milotic|par\n|move|p1b: Rillaboom|Wood Hammer|p2a: Milotic\n|-supereffective|p2a: Milotic\n|-damage|p2a: Milotic|0 fnt\n|faint|p2a: Milotic\n|-damage|p1b: Rillaboom|49\/100|[from] Recoil\n|move|p2b: Rillaboom|U-turn|p1b: Rillaboom\n|-supereffective|p1b: Rillaboom\n|-damage|p1b: Rillaboom|16\/100\n|\n|t:|1700488927\n|switch|p2b: Landorus|Landorus-Therian, L50, M|100\/100|[from] U-turn\n|-ability|p2b: Landorus|Intimidate|boost\n|-unboost|p1a: Pachirisu|atk|1\n|-unboost|p1b: Rillaboom|atk|1\n|\n|-heal|p1a: Pachirisu|98\/100|[from] Grassy Terrain\n|-heal|p1b: Rillaboom|22\/100|[from] Grassy Terrain\n|upkeep\n|\n|t:|1700488936\n|switch|p2a: Urshifu|Urshifu-Rapid-Strike, L50, F|100\/100\n|turn|3\n|\n|t:|1700488951\n|switch|p1b: Arcanine|Arcanine-Hisui, L50, M|100\/100\n|-ability|p1b: Arcanine|Intimidate|boost\n|-unboost|p2a: Urshifu|atk|1\n|-unboost|p2b: Landorus|atk|1\n|move|p1a: Pachirisu|Follow Me|p1a: Pachirisu\n|-singleturn|p1a: Pachirisu|move: Follow Me\n|move|p2b: Landorus|Stomping Tantrum|p1a: Pachirisu\n|-supereffective|p1a: Pachirisu\n|-damage|p1a: Pachirisu|11\/100\n|move|p2a: Urshifu|Surging Strikes|p1a: Pachirisu\n|-crit|p1a: Pachirisu\n|-damage|p1a: Pachirisu|0 fnt\n|faint|p1a: Pachirisu\n|-hitcount|p1: Pachirisu|1\n|\n|upkeep\n|\n|t:|1700488965\n|switch|p1a: Rillaboom|Rillaboom, L50, M|22\/100\n|turn|4\n|\n|t:|1700488976\n|-terastallize|p1b: Arcanine|Fairy\n|move|p2a: Urshifu|Protect|p2a: Urshifu\n|-singleturn|p2a: Urshifu|Protect\n|move|p1a: Rillaboom|Fake Out|p2a: Urshifu\n|-activate|p2a: Urshifu|move: Protect\n|move|p2b: Landorus|Stomping Tantrum|p1b: Arcanine\n|-damage|p1b: Arcanine|69\/100\n|move|p1b: Arcanine|Howl|p1b: Arcanine|[spread] p1a,p1b\n|-boost|p1a: Rillaboom|atk|1\n|-boost|p1b: Arcanine|atk|1\n|\n|-heal|p1a: Rillaboom|28\/100|[from] Grassy Terrain\n|-heal|p1b: Arcanine|76\/100|[from] Grassy Terrain\n|upkeep\n|turn|5\n|\n|t:|1700488997\n|-terastallize|p2a: Urshifu|Poison\n|move|p1a: Rillaboom|Grassy Glide|p2a: Urshifu\n|-resisted|p2a: Urshifu\n|-damage|p2a: Urshifu|68\/100\n|move|p2b: Landorus|Stomping Tantrum|p1b: Arcanine\n|-damage|p1b: Arcanine|43\/100\n|-enditem|p1b: Arcanine|Sitrus Berry|[eat]\n|-heal|p1b: Arcanine|68\/100|[from] item: Sitrus Berry\n|move|p2a: Urshifu|Poison Jab|p1a: Rillaboom\n|-supereffective|p1a: Rillaboom\n|-damage|p1a: Rillaboom|0 fnt\n|faint|p1a: Rillaboom\n|move|p1b: Arcanine|Rock Slide|p2b: Landorus|[spread] p2a,p2b\n|-damage|p2a: Urshifu|23\/100\n|-damage|p2b: Landorus|60\/100\n|\n|-heal|p2a: Urshifu|29\/100|[from] Grassy Terrain\n|-heal|p1b: Arcanine|75\/100|[from] Grassy Terrain\n|-fieldend|move: Grassy Terrain\n|upkeep\n|\n|t:|1700489016\n|switch|p1a: Urshifu|Urshifu-Rapid-Strike, L50, M|100\/100\n|turn|6\n|\n|t:|1700489039\n|move|p1b: Arcanine|Extreme Speed|p2a: Urshifu\n|-damage|p2a: Urshifu|0 fnt\n|faint|p2a: Urshifu\n|move|p1a: Urshifu|Aqua Jet|p2b: Landorus\n|-supereffective|p2b: Landorus\n|-crit|p2b: Landorus\n|-damage|p2b: Landorus|0 fnt\n|faint|p2b: Landorus\n|\n|upkeep\n|\n|t:|1700489060\n|switch|p2b: Rillaboom|Rillaboom, L50, M|100\/100\n|-fieldstart|move: Grassy Terrain|[from] ability: Grassy Surge|[of] p2b: Rillaboom\n|turn|7\n|\n|t:|1700489070\n|move|p1a: Urshifu|Protect|p1a: Urshifu\n|-singleturn|p1a: Urshifu|Protect\n|move|p2b: Rillaboom|Fake Out|p1a: Urshifu\n|-activate|p1a: Urshifu|move: Protect\n|move|p1b: Arcanine|Flare Blitz|p2b: Rillaboom\n|-supereffective|p2b: Rillaboom\n|-damage|p2b: Rillaboom|0 fnt\n|faint|p2b: Rillaboom\n|-damage|p1b: Arcanine|36\/100|[from] Recoil\n|\n|win|Joull\n|raw|Joull's rating: 1019 &rarr; <strong>1054<\/strong><br \/>(+35 for winning)\n|raw|TennisElbow46's rating: 1000 &rarr; <strong>1000<\/strong><br \/>(+0 for losing)\n","uploadtime":1700489083,"views":11,"p1id":"joull","p2id":"tenniselbow46","formatid":"gen9vgc2023regulatione","rating":1000,"private":0,"password":""}