{"id":"gen9vgc2023regulatione-1990936250","p1":"starkhd","p2":"bosilek","format":"[Gen 9] VGC 2023 Regulation E","log":"|j|\u2606starkhd\n|j|\u2606bosilek\n|t:|1700017086\n|gametype|doubles\n|player|p1|starkhd|169|1376\n|player|p2|bosilek|drayden|1343\n|teamsize|p1|6\n|teamsize|p2|6\n|gen|9\n|tier|[Gen 9] VGC 2023 Regulation E\n|rated|\n|rule|Species Clause: Limit one of each Pok\u00e9mon\n|rule|Item Clause: Limit one of each item\n|clearpoke\n|poke|p1|Ninetales-Alola, L50, F|\n|poke|p1|Roaring Moon, L50|\n|poke|p1|Gholdengo, L50|\n|poke|p1|Heatran, L50, M|\n|poke|p1|Iron Hands, L50|\n|poke|p1|Ogerpon-Wellspring, L50, F|\n|poke|p2|Basculegion, L50, M|\n|poke|p2|Rillaboom, L50, F|\n|poke|p2|Chi-Yu, L50|\n|poke|p2|Clefairy, L50, F|\n|poke|p2|Tyranitar, L50, F|\n|poke|p2|Landorus-Therian, L50, M|\n|teampreview|4\n|\n|t:|1700017129\n|start\n|switch|p1a: Goku|Roaring Moon, L50, shiny|100\/100\n|switch|p1b: Franky|Iron Hands, L50, shiny|100\/100\n|switch|p2a: Tyranitar|Tyranitar, L50, F|100\/100\n|switch|p2b: Landorus|Landorus-Therian, L50, M|100\/100\n|-ability|p2b: Landorus|Intimidate|boost\n|-unboost|p1a: Goku|atk|1\n|-unboost|p1b: Franky|atk|1\n|-weather|Sandstorm|[from] ability: Sand Stream|[of] p2a: Tyranitar\n|-enditem|p1a: Goku|Booster Energy\n|-activate|p1a: Goku|ability: Protosynthesis|[fromitem]\n|-start|p1a: Goku|protosynthesisspe\n|turn|1\n|\n|t:|1700017167\n|-terastallize|p1a: Goku|Poison\n|move|p1b: Franky|Fake Out|p2a: Tyranitar\n|-resisted|p2a: Tyranitar\n|-damage|p2a: Tyranitar|96\/100\n|move|p1a: Goku|Knock Off|p2b: Landorus\n|-damage|p2b: Landorus|64\/100\n|-enditem|p2b: Landorus|Choice Scarf|[from] move: Knock Off|[of] p1a: Goku\n|move|p2b: Landorus|Stomping Tantrum|p1b: Franky\n|-supereffective|p1b: Franky\n|-damage|p1b: Franky|35\/100\n|cant|p2a: Tyranitar|flinch\n|\n|-weather|Sandstorm|[upkeep]\n|-damage|p1a: Goku|94\/100|[from] Sandstorm\n|-damage|p1b: Franky|28\/100|[from] Sandstorm\n|upkeep\n|turn|2\n|\n|t:|1700017200\n|-end|p1b: Franky|Quark Drive|[silent]\n|switch|p1b: Juvia|Ogerpon-Wellspring, L50, F|100\/100\n|move|p1a: Goku|Protect|p1a: Goku\n|-singleturn|p1a: Goku|Protect\n|move|p2b: Landorus|Stomping Tantrum|p1a: Goku\n|-activate|p1a: Goku|move: Protect\n|move|p2a: Tyranitar|Knock Off|p1b: Juvia\n|-damage|p1b: Juvia|63\/100\n|\n|-weather|Sandstorm|[upkeep]\n|-damage|p1a: Goku|88\/100|[from] Sandstorm\n|-damage|p1b: Juvia|57\/100|[from] Sandstorm\n|upkeep\n|turn|3\n|\n|t:|1700017240\n|switch|p2a: Clefairy|Clefairy, L50, F|100\/100\n|move|p1a: Goku|Tailwind|p1a: Goku\n|-sidestart|p1: starkhd|move: Tailwind\n|move|p1b: Juvia|Ivy Cudgel|p2a: Clefairy|[anim] Ivy Cudgel Water\n|-damage|p2a: Clefairy|47\/100\n|move|p2b: Landorus|Stomping Tantrum|p1a: Goku\n|-supereffective|p1a: Goku\n|-damage|p1a: Goku|0 fnt\n|faint|p1a: Goku\n|-end|p1a: Goku|Protosynthesis|[silent]\n|\n|-weather|Sandstorm|[upkeep]\n|-damage|p1b: Juvia|51\/100|[from] Sandstorm\n|-damage|p2a: Clefairy|41\/100|[from] Sandstorm\n|upkeep\n|\n|t:|1700017248\n|switch|p1a: Franky|Iron Hands, L50, shiny|28\/100\n|turn|4\n|\n|t:|1700017270\n|-end|p1a: Franky|Quark Drive|[silent]\n|switch|p1a: Gajeel|Gholdengo, L50, shiny|100\/100\n|switch|p2b: Tyranitar|Tyranitar, L50, F|96\/100\n|move|p2a: Clefairy|Protect|p2a: Clefairy\n|-singleturn|p2a: Clefairy|Protect\n|move|p1b: Juvia|Ivy Cudgel|p2b: Tyranitar|[anim] Ivy Cudgel Water\n|-supereffective|p2b: Tyranitar\n|-damage|p2b: Tyranitar|21\/100\n|\n|-weather|Sandstorm|[upkeep]\n|-damage|p1b: Juvia|45\/100|[from] Sandstorm\n|-damage|p2a: Clefairy|35\/100|[from] Sandstorm\n|upkeep\n|turn|5\n|\n|t:|1700017298\n|move|p2a: Clefairy|Follow Me|p2a: Clefairy\n|-singleturn|p2a: Clefairy|move: Follow Me\n|move|p1b: Juvia|Ivy Cudgel|p2a: Clefairy|[anim] Ivy Cudgel Water\n|-damage|p2a: Clefairy|0 fnt\n|faint|p2a: Clefairy\n|move|p1a: Gajeel|Make It Rain|p2b: Tyranitar\n|-supereffective|p2b: Tyranitar\n|-damage|p2b: Tyranitar|0 fnt\n|-unboost|p1a: Gajeel|spa|1\n|faint|p2b: Tyranitar\n|\n|-weather|none\n|upkeep\n|\n|t:|1700017311\n|switch|p2b: Basculegion|Basculegion, L50, M, shiny|100\/100\n|switch|p2a: Landorus|Landorus-Therian, L50, M|64\/100\n|-ability|p2a: Landorus|Intimidate|boost\n|-unboost|p1a: Gajeel|atk|1\n|-unboost|p1b: Juvia|atk|1\n|turn|6\n|\n|t:|1700017336\n|-terastallize|p2a: Landorus|Flying\n|move|p1b: Juvia|Horn Leech|p2b: Basculegion\n|-supereffective|p2b: Basculegion\n|-damage|p2b: Basculegion|38\/100\n|-heal|p1b: Juvia|84\/100|[from] drain|[of] p2b: Basculegion\n|move|p1a: Gajeel|Make It Rain|p2a: Landorus|[spread] p2a,p2b\n|-crit|p2a: Landorus\n|-resisted|p2b: Basculegion\n|-damage|p2a: Landorus|0 fnt\n|-damage|p2b: Basculegion|13\/100\n|-unboost|p1a: Gajeel|spa|1\n|faint|p2a: Landorus\n|move|p2b: Basculegion|Last Respects|p1a: Gajeel\n|-supereffective|p1a: Gajeel\n|-damage|p1a: Gajeel|0 fnt\n|faint|p1a: Gajeel\n|\n|-sideend|p1: starkhd|move: Tailwind\n|upkeep\n|\n|t:|1700017349\n|switch|p1a: Franky|Iron Hands, L50, shiny|28\/100\n|turn|7\n|-message|bosilek forfeited.\n|\n|win|starkhd\n|raw|starkhd's rating: 1376 &rarr; <strong>1394<\/strong><br \/>(+18 for winning)\n|raw|bosilek's rating: 1343 &rarr; <strong>1325<\/strong><br \/>(-18 for losing)\n|l|\u2606bosilek\n","uploadtime":1700017490,"views":17,"p1id":"starkhd","p2id":"bosilek","formatid":"gen9vgc2023regulatione","rating":1325,"private":0,"password":""}