{"id":"gen9vgc2023regulatione-1991432529","p1":"RogueWings16758","p2":"Thieving_Vigilante","format":"[Gen 9] VGC 2023 Regulation E","log":"|j|\u2606RogueWings16758\n|j|\u2606Thieving_Vigilante\n|t:|1700076637\n|gametype|doubles\n|player|p1|RogueWings16758|169|1283\n|player|p2|Thieving_Vigilante|ethan|1223\n|teamsize|p1|6\n|teamsize|p2|6\n|gen|9\n|tier|[Gen 9] VGC 2023 Regulation E\n|rated|\n|rule|Species Clause: Limit one of each Pok\u00e9mon\n|rule|Item Clause: Limit one of each item\n|clearpoke\n|poke|p1|Snorlax, L50, M|\n|poke|p1|Sinistcha-Masterpiece, L50|\n|poke|p1|Landorus-Therian, L50, M|\n|poke|p1|Clefairy, L50, M|\n|poke|p1|Iron Hands, L50|\n|poke|p1|Kommo-o, L50, F|\n|poke|p2|Gholdengo, L50|\n|poke|p2|Iron Hands, L50|\n|poke|p2|Pelipper, L50, F|\n|poke|p2|Salamence, L50, M|\n|poke|p2|Umbreon, L50, M|\n|poke|p2|Arcanine-Hisui, L50, F|\n|teampreview|4\n|inactive|Battle timer is ON: inactive players will automatically lose when time's up. (requested by Thieving_Vigilante)\nThieving_Vigilante rejected open team sheets.\n|inactive|RogueWings16758 has 60 seconds left.\n|\n|t:|1700076677\n|start\n|switch|p1a: Landorus|Landorus-Therian, L50, M|100\/100\n|switch|p1b: Iron Hands|Iron Hands, L50|100\/100\n|switch|p2a: Umbreon|Umbreon, L50, M|100\/100\n|switch|p2b: Pelipper|Pelipper, L50, F|100\/100\n|-ability|p1a: Landorus|Intimidate|boost\n|-fail|p2a: Umbreon|unboost|Attack|[from] ability: Inner Focus|[of] p2a: Umbreon\n|-unboost|p2b: Pelipper|atk|1\n|-weather|RainDance|[from] ability: Drizzle|[of] p2b: Pelipper\n|turn|1\n|\n|t:|1700076700\n|move|p2b: Pelipper|Protect|p2b: Pelipper\n|-singleturn|p2b: Pelipper|Protect\n|move|p1b: Iron Hands|Fake Out|p2b: Pelipper\n|-activate|p2b: Pelipper|move: Protect\n|move|p1a: Landorus|U-turn|p2a: Umbreon\n|-supereffective|p2a: Umbreon\n|-damage|p2a: Umbreon|52\/100\n|-damage|p1a: Landorus|84\/100|[from] item: Rocky Helmet|[of] p2a: Umbreon\n|\n|t:|1700076724\n|switch|p1a: Kommo-o|Kommo-o, L50, F|100\/100|[from] U-turn\n|move|p2a: Umbreon|Fake Tears|p1b: Iron Hands\n|-unboost|p1b: Iron Hands|spd|2\n|\n|-weather|RainDance|[upkeep]\n|upkeep\n|turn|2\n|inactive|RogueWings16758 has 30 seconds left.\n|inactive|RogueWings16758 has 20 seconds left.\n|\n|t:|1700076762\n|-end|p1b: Iron Hands|Quark Drive|[silent]\n|switch|p1b: Landorus|Landorus-Therian, L50, M|84\/100\n|-ability|p1b: Landorus|Intimidate|boost\n|-fail|p2a: Umbreon|unboost|Attack|[from] ability: Inner Focus|[of] p2a: Umbreon\n|-unboost|p2b: Pelipper|atk|1\n|move|p2b: Pelipper|Hurricane|p1b: Landorus\n|-damage|p1b: Landorus|24\/100\n|move|p1a: Kommo-o|Clangorous Soul|p1a: Kommo-o\n|-boost|p1a: Kommo-o|atk|1\n|-boost|p1a: Kommo-o|def|1\n|-boost|p1a: Kommo-o|spa|1\n|-boost|p1a: Kommo-o|spd|1\n|-boost|p1a: Kommo-o|spe|1\n|-damage|p1a: Kommo-o|68\/100\n|-enditem|p1a: Kommo-o|Throat Spray\n|-boost|p1a: Kommo-o|spa|1|[from] item: Throat Spray\n|move|p2a: Umbreon|Yawn|p1a: Kommo-o\n|-start|p1a: Kommo-o|move: Yawn|[of] p2a: Umbreon\n|\n|-weather|RainDance|[upkeep]\n|upkeep\n|turn|3\n|\n|t:|1700076786\n|switch|p2a: Arcanine|Arcanine-Hisui, L50, F|100\/100\n|-ability|p2a: Arcanine|Intimidate|boost\n|-unboost|p1a: Kommo-o|atk|1\n|-unboost|p1b: Landorus|atk|1\n|move|p1b: Landorus|U-turn|p2b: Pelipper\n|-resisted|p2b: Pelipper\n|-damage|p2b: Pelipper|88\/100\n|\n|t:|1700076793\n|switch|p1b: Sinistcha|Sinistcha-Masterpiece, L50|100\/100|[from] U-turn\n|-heal|p1a: Kommo-o|93\/100|[from] ability: Hospitality|[of] p1b: Sinistcha\n|move|p1a: Kommo-o|Clanging Scales|p2b: Pelipper|[spread] p2a,p2b\n|-damage|p2a: Arcanine|7\/100\n|-damage|p2b: Pelipper|0 fnt\n|faint|p2b: Pelipper\n|-unboost|p1a: Kommo-o|def|1\n|\n|-weather|RainDance|[upkeep]\n|-end|p1a: Kommo-o|move: Yawn|[silent]\n|-status|p1a: Kommo-o|slp\n|upkeep\n|\n|t:|1700076807\n|switch|p2b: Umbreon|Umbreon, L50, M|52\/100\n|turn|4\n|\n|t:|1700076825\n|switch|p1b: Landorus|Landorus-Therian, L50, M|24\/100\n|-ability|p1b: Landorus|Intimidate|boost\n|-unboost|p2a: Arcanine|atk|1\n|-fail|p2b: Umbreon|unboost|Attack|[from] ability: Inner Focus|[of] p2b: Umbreon\n|-terastallize|p2a: Arcanine|Fairy\n|cant|p1a: Kommo-o|slp\n|move|p2a: Arcanine|Tera Blast|p1a: Kommo-o|[anim] Tera Blast Fairy\n|-supereffective|p1a: Kommo-o\n|-damage|p1a: Kommo-o|0 fnt\n|faint|p1a: Kommo-o\n|move|p2b: Umbreon|Snarl|p1b: Landorus\n|-damage|p1b: Landorus|2\/100\n|-unboost|p1b: Landorus|spa|1\n|\n|-weather|RainDance|[upkeep]\n|upkeep\n|\n|t:|1700076840\n|switch|p1a: Iron Hands|Iron Hands, L50|100\/100\n|turn|5\n|inactive|RogueWings16758 has 30 seconds left.\n|\n|t:|1700076872\n|switch|p2a: Gholdengo|Gholdengo, L50|100\/100\n|move|p2b: Umbreon|Protect|p2b: Umbreon\n|-singleturn|p2b: Umbreon|Protect\n|move|p1a: Iron Hands|Fake Out|p2a: Gholdengo\n|-immune|p2a: Gholdengo\n|move|p1b: Landorus|U-turn|p2b: Umbreon\n|-activate|p2b: Umbreon|move: Protect\n|\n|-weather|none\n|upkeep\n|turn|6\n|inactive|Thieving_Vigilante has 30 seconds left.\n|\n|t:|1700076898\n|switch|p1b: Sinistcha|Sinistcha-Masterpiece, L50|100\/100\n|move|p2a: Gholdengo|Nasty Plot|p2a: Gholdengo\n|-boost|p2a: Gholdengo|spa|2\n|move|p2b: Umbreon|Snarl|p1a: Iron Hands|[spread] p1a,p1b\n|-resisted|p1a: Iron Hands\n|-supereffective|p1b: Sinistcha\n|-damage|p1a: Iron Hands|97\/100\n|-damage|p1b: Sinistcha|72\/100\n|-unboost|p1a: Iron Hands|spa|1\n|-unboost|p1b: Sinistcha|spa|1\n|move|p1a: Iron Hands|Drain Punch|p2b: Umbreon\n|-supereffective|p2b: Umbreon\n|-damage|p2b: Umbreon|0 fnt\n|-heal|p1a: Iron Hands|100\/100|[from] drain|[of] p2b: Umbreon\n|-damage|p1a: Iron Hands|84\/100|[from] item: Rocky Helmet|[of] p2b: Umbreon\n|faint|p2b: Umbreon\n|\n|upkeep\n|\n|t:|1700076914\n|switch|p2b: Arcanine|Arcanine-Hisui, L50, F, tera:Fairy|7\/100\n|-ability|p2b: Arcanine|Intimidate|boost\n|-unboost|p1a: Iron Hands|atk|1\n|-unboost|p1b: Sinistcha|atk|1\n|turn|7\n|\n|t:|1700076937\n|-end|p1a: Iron Hands|Quark Drive|[silent]\n|switch|p1a: Landorus|Landorus-Therian, L50, M|2\/100\n|-ability|p1a: Landorus|Intimidate|boost\n|-unboost|p2a: Gholdengo|atk|1\n|-unboost|p2b: Arcanine|atk|1\n|-terastallize|p1b: Sinistcha|Fire\n|move|p2b: Arcanine|Tera Blast|p1a: Landorus|[anim] Tera Blast Fairy\n|-damage|p1a: Landorus|0 fnt\n|faint|p1a: Landorus\n|move|p2a: Gholdengo|Shadow Ball|p1b: Sinistcha\n|-damage|p1b: Sinistcha|0 fnt\n|faint|p1b: Sinistcha\n|\n|upkeep\n|\n|t:|1700076950\n|switch|p1b: Iron Hands|Iron Hands, L50|84\/100\n|turn|8\n|\n|t:|1700076962\n|move|p1b: Iron Hands|Fake Out|p2b: Arcanine\n|-damage|p2b: Arcanine|0 fnt\n|faint|p2b: Arcanine\n|move|p2a: Gholdengo|Nasty Plot|p2a: Gholdengo\n|-boost|p2a: Gholdengo|spa|2\n|\n|upkeep\n|turn|9\n|\n|t:|1700076974\n|move|p2a: Gholdengo|Shadow Ball|p1b: Iron Hands\n|-damage|p1b: Iron Hands|17\/100\n|move|p1b: Iron Hands|Wild Charge|p2a: Gholdengo\n|-damage|p2a: Gholdengo|43\/100\n|-damage|p1b: Iron Hands|5\/100|[from] Recoil\n|\n|-heal|p2a: Gholdengo|49\/100|[from] item: Leftovers\n|upkeep\n|turn|10\n|c|\u2606Thieving_Vigilante|gg\n|\n|t:|1700076986\n|move|p2a: Gholdengo|Shadow Ball|p1b: Iron Hands\n|-damage|p1b: Iron Hands|0 fnt\n|faint|p1b: Iron Hands\n|-end|p1b: Iron Hands|Quark Drive|[silent]\n|\n|win|Thieving_Vigilante\n|raw|RogueWings16758's rating: 1283 &rarr; <strong>1254<\/strong><br \/>(-29 for losing)\n|raw|Thieving_Vigilante's rating: 1223 &rarr; <strong>1252<\/strong><br \/>(+29 for winning)\n|l|\u2606RogueWings16758\n","uploadtime":1700076994,"views":16,"p1id":"roguewings16758","p2id":"thievingvigilante","formatid":"gen9vgc2023regulatione","rating":1252,"private":0,"password":""}