{"id":"gen9vgc2023regulatione-1995380734","p1":"civicVGC","p2":"Refanner","format":"[Gen 9] VGC 2023 Regulation E","log":"|j|\u2606civicVGC\n|j|\u2606Refanner\n|t:|1700562915\n|gametype|doubles\n|player|p1|civicVGC|101|1383\n|player|p2|Refanner|265|1374\n|teamsize|p1|6\n|teamsize|p2|6\n|gen|9\n|tier|[Gen 9] VGC 2023 Regulation E\n|rated|\n|rule|Species Clause: Limit one of each Pok\u00e9mon\n|rule|Item Clause: Limit one of each item\n|clearpoke\n|poke|p1|Cresselia, L50, F|\n|poke|p1|Orthworm, L50, M|\n|poke|p1|Garchomp, L50, M|\n|poke|p1|Enamorus, L50, F|\n|poke|p1|Kingambit, L50, F|\n|poke|p1|Tornadus, L50, M|\n|poke|p2|Glimmora, L50, M|\n|poke|p2|Urshifu-*, L50, F|\n|poke|p2|Tornadus, L50, M|\n|poke|p2|Mamoswine, L50, M|\n|poke|p2|Indeedee-F, L50, F|\n|poke|p2|Regieleki, L50|\n|teampreview|4\n|\n|t:|1700562988\n|start\n|switch|p1a: Garchomp|Garchomp, L50, M|100\/100\n|switch|p1b: Kingambit|Kingambit, L50, F|100\/100\n|switch|p2a: Urshifu|Urshifu, L50, F|100\/100\n|switch|p2b: Tornadus|Tornadus, L50, M|100\/100\n|turn|1\n|\n|t:|1700563023\n|-terastallize|p1b: Kingambit|Flying\n|move|p2a: Urshifu|Protect|p2a: Urshifu\n|-singleturn|p2a: Urshifu|Protect\n|move|p1a: Garchomp|Rock Slide|p2a: Urshifu|[spread] p2b\n|-activate|p2a: Urshifu|move: Protect\n|-supereffective|p2b: Tornadus\n|-damage|p2b: Tornadus|62\/100\n|move|p2b: Tornadus|Icy Wind|p1b: Kingambit|[spread] p1a,p1b\n|-supereffective|p1a: Garchomp\n|-supereffective|p1b: Kingambit\n|-damage|p1a: Garchomp|55\/100\n|-damage|p1b: Kingambit|82\/100\n|-unboost|p1a: Garchomp|spe|1\n|-unboost|p1b: Kingambit|spe|1\n|-ability|p1b: Kingambit|Defiant|boost\n|-boost|p1b: Kingambit|atk|2\n|move|p1b: Kingambit|Tera Blast|p2a: Urshifu|[anim] Tera Blast Flying\n|-activate|p2a: Urshifu|move: Protect\n|\n|upkeep\n|turn|2\n|\n|t:|1700563071\n|switch|p1a: Orthworm|Orthworm, L50, M|100\/100\n|move|p2a: Urshifu|Wicked Blow|p1b: Kingambit\n|-crit|p1b: Kingambit\n|-damage|p1b: Kingambit|32\/100\n|move|p2b: Tornadus|Bleakwind Storm|p1a: Orthworm|[spread] p1a,p1b\n|-resisted|p1a: Orthworm\n|-damage|p1a: Orthworm|80\/100\n|-damage|p1b: Kingambit|10\/100\n|move|p1b: Kingambit|Iron Head|p2b: Tornadus\n|-damage|p2b: Tornadus|0 fnt\n|-damage|p1b: Kingambit|0 fnt|[from] item: Rocky Helmet|[of] p2b: Tornadus\n|faint|p2b: Tornadus\n|faint|p1b: Kingambit\n|\n|upkeep\n|\n|t:|1700563091\n|switch|p2b: Indeedee|Indeedee-F, L50, F|100\/100\n|switch|p1b: Tornadus|Tornadus, L50, M|100\/100\n|-fieldstart|move: Psychic Terrain|[from] ability: Psychic Surge|[of] p2b: Indeedee\n|-enditem|p2b: Indeedee|Psychic Seed\n|-boost|p2b: Indeedee|spd|1|[from] item: Psychic Seed\n|turn|3\n|\n|t:|1700563124\n|-terastallize|p2a: Urshifu|Poison\n|move|p1b: Tornadus|Bleakwind Storm|p2b: Indeedee|[spread] p2a,p2b\n|-damage|p2a: Urshifu|51\/100\n|-damage|p2b: Indeedee|76\/100\n|-unboost|p2a: Urshifu|spe|1\n|move|p2b: Indeedee|Psychic|p1a: Orthworm\n|-resisted|p1a: Orthworm\n|-damage|p1a: Orthworm|52\/100\n|move|p2a: Urshifu|Close Combat|p1a: Orthworm\n|-supereffective|p1a: Orthworm\n|-damage|p1a: Orthworm|0 fnt\n|-unboost|p2a: Urshifu|def|1\n|-unboost|p2a: Urshifu|spd|1\n|faint|p1a: Orthworm\n|\n|upkeep\n|\n|t:|1700563139\n|switch|p1a: Garchomp|Garchomp, L50, M|55\/100\n|turn|4\n|\n|t:|1700563186\n|move|p1a: Garchomp|Earthquake|p2a: Urshifu|[spread] p2a,p2b\n|-immune|p1b: Tornadus\n|-supereffective|p2a: Urshifu\n|-damage|p2a: Urshifu|0 fnt\n|-damage|p2b: Indeedee|33\/100\n|faint|p2a: Urshifu\n|move|p1b: Tornadus|Bleakwind Storm|p2b: Indeedee\n|-damage|p2b: Indeedee|3\/100\n|move|p2b: Indeedee|Psychic|p1a: Garchomp\n|-damage|p1a: Garchomp|18\/100\n|-unboost|p1a: Garchomp|spd|1\n|\n|upkeep\n|\n|t:|1700563197\n|switch|p2a: Mamoswine|Mamoswine, L50, M|100\/100\n|turn|5\n|\n|t:|1700563217\n|move|p2a: Mamoswine|Protect|p2a: Mamoswine\n|-singleturn|p2a: Mamoswine|Protect\n|move|p2b: Indeedee|Protect|p2b: Indeedee\n|-singleturn|p2b: Indeedee|Protect\n|move|p1a: Garchomp|Earthquake|p2a: Mamoswine|[spread] \n|-activate|p2a: Mamoswine|move: Protect\n|-activate|p2b: Indeedee|move: Protect\n|-immune|p1b: Tornadus\n|move|p1b: Tornadus|Bleakwind Storm|p2a: Mamoswine|[spread] \n|-activate|p2a: Mamoswine|move: Protect\n|-activate|p2b: Indeedee|move: Protect\n|\n|upkeep\n|turn|6\n|\n|t:|1700563236\n|move|p2a: Mamoswine|Ice Shard|p1a: Garchomp\n|-activate|p1a: Garchomp|move: Psychic Terrain\n|move|p1a: Garchomp|Earthquake|p2b: Indeedee|[spread] p2a,p2b\n|-immune|p1b: Tornadus\n|-damage|p2a: Mamoswine|53\/100\n|-damage|p2b: Indeedee|0 fnt\n|faint|p2b: Indeedee\n|move|p1b: Tornadus|Bleakwind Storm|p2a: Mamoswine\n|-damage|p2a: Mamoswine|0 fnt\n|faint|p2a: Mamoswine\n|\n|win|civicVGC\n|raw|civicVGC's rating: 1383 &rarr; <strong>1402<\/strong><br \/>(+19 for winning)\n|raw|Refanner's rating: 1374 &rarr; <strong>1355<\/strong><br \/>(-19 for losing)\n|l|\u2606civicVGC\n","uploadtime":1700563250,"views":2,"p1id":"civicvgc","p2id":"refanner","formatid":"gen9vgc2023regulatione","rating":1355,"private":0,"password":""}