{"id":"gen9vgc2023regulatione-1990238869","p1":"zbsch","p2":"AvianRoseline","format":"[Gen 9] VGC 2023 Regulation E","log":"|j|\u2606zbsch\n|j|\u2606AvianRoseline\n|t:|1699942524\n|gametype|doubles\n|player|p1|zbsch|265|1139\n|player|p2|AvianRoseline|cynthia-gen4|1100\n|teamsize|p1|6\n|teamsize|p2|6\n|gen|9\n|tier|[Gen 9] VGC 2023 Regulation E\n|rated|\n|rule|Species Clause: Limit one of each Pok\u00e9mon\n|rule|Item Clause: Limit one of each item\n|clearpoke\n|poke|p1|Ninetales-Alola, L50, M|\n|poke|p1|Kommo-o, L50, F|\n|poke|p1|Farigiraf, L50, M|\n|poke|p1|Sinistcha, L50|\n|poke|p1|Ursaluna, L50, M|\n|poke|p1|Heatran, L50, F|\n|poke|p2|Ditto, L50|\n|poke|p2|Snorlax, L50, F|\n|poke|p2|Ogerpon-Hearthflame, L50, F|\n|poke|p2|Cresselia, L50, F|\n|poke|p2|Baxcalibur, L50, F|\n|poke|p2|Glastrier, L50|\n|teampreview|4\n|inactive|Battle timer is ON: inactive players will automatically lose when time's up. (requested by zbsch)\n|\n|t:|1699942549\n|start\n|switch|p1a: Sinistcha|Sinistcha, L50|100\/100\n|switch|p1b: Kommo-o|Kommo-o, L50, F|100\/100\n|switch|p2a: Support Madness|Cresselia, L50, F, shiny|100\/100\n|switch|p2b: Snoozelax|Snorlax, L50, F, shiny|100\/100\n|turn|1\n|\n|t:|1699942569\n|-terastallize|p1b: Kommo-o|Ghost\n|-terastallize|p2b: Snoozelax|Fairy\n|move|p1b: Kommo-o|Clangorous Soul|p1b: Kommo-o\n|-boost|p1b: Kommo-o|atk|1\n|-boost|p1b: Kommo-o|def|1\n|-boost|p1b: Kommo-o|spa|1\n|-boost|p1b: Kommo-o|spd|1\n|-boost|p1b: Kommo-o|spe|1\n|-damage|p1b: Kommo-o|68\/100\n|-enditem|p1b: Kommo-o|Throat Spray\n|-boost|p1b: Kommo-o|spa|1|[from] item: Throat Spray\n|move|p1a: Sinistcha|Strength Sap|p2b: Snoozelax\n|-unboost|p2b: Snoozelax|atk|1\n|move|p2b: Snoozelax|Belly Drum|p2b: Snoozelax\n|-damage|p2b: Snoozelax|51\/100\n|-setboost|p2b: Snoozelax|atk|6|[from] move: Belly Drum\n|move|p2a: Support Madness|Trick Room|p2a: Support Madness\n|-fieldstart|move: Trick Room|[of] p2a: Support Madness\n|\n|upkeep\n|turn|2\n|inactive|zbsch has 30 seconds left.\n|\n|t:|1699942595\n|move|p1a: Sinistcha|Rage Powder|p1a: Sinistcha\n|-singleturn|p1a: Sinistcha|move: Rage Powder\n|move|p2b: Snoozelax|Earthquake|p1b: Kommo-o|[spread] p1a,p1b\n|-immune|p2a: Support Madness|[from] ability: Levitate\n|-resisted|p1a: Sinistcha\n|-damage|p1a: Sinistcha|60\/100\n|-damage|p1b: Kommo-o|5\/100\n|move|p2a: Support Madness|Lunar Blessing|p2a: Support Madness|[spread] p2a,p2b\n|-heal|p2b: Snoozelax|76\/100\n|move|p1b: Kommo-o|Clanging Scales|p2b: Snoozelax|[spread] p2a\n|-immune|p2b: Snoozelax\n|-damage|p2a: Support Madness|56\/100\n|-unboost|p1b: Kommo-o|def|1\n|\n|-heal|p1a: Sinistcha|66\/100|[from] item: Leftovers\n|upkeep\n|turn|3\n|\n|t:|1699942616\n|move|p1b: Kommo-o|Protect|p1b: Kommo-o\n|-singleturn|p1b: Kommo-o|Protect\n|move|p2b: Snoozelax|Earthquake|p1b: Kommo-o|[spread] p1a\n|-activate|p1b: Kommo-o|move: Protect\n|-immune|p2a: Support Madness|[from] ability: Levitate\n|-resisted|p1a: Sinistcha\n|-damage|p1a: Sinistcha|30\/100\n|move|p1a: Sinistcha|Life Dew|p1a: Sinistcha|[spread] p1a,p1b\n|-heal|p1a: Sinistcha|56\/100\n|-heal|p1b: Kommo-o|30\/100\n|move|p2a: Support Madness|Lunar Blessing|p2a: Support Madness|[spread] p2a,p2b\n|-heal|p2a: Support Madness|81\/100\n|-heal|p2b: Snoozelax|100\/100\n|\n|-heal|p1a: Sinistcha|62\/100|[from] item: Leftovers\n|upkeep\n|turn|4\n|c|\u2606AvianRoseline|nu uh\n|inactive|zbsch has 30 seconds left.\n|inactive|zbsch has 20 seconds left.\n|\n|t:|1699942651\n|move|p2b: Snoozelax|Earthquake|p1b: Kommo-o|[spread] p1a,p1b\n|-immune|p2a: Support Madness|[from] ability: Levitate\n|-resisted|p1a: Sinistcha\n|-crit|p1a: Sinistcha\n|-damage|p1a: Sinistcha|1\/100\n|-damage|p1b: Kommo-o|0 fnt\n|faint|p1b: Kommo-o\n|move|p1a: Sinistcha|Matcha Gotcha|p2b: Snoozelax|[spread] p2b\n|-miss|p1a: Sinistcha|p2a: Support Madness\n|-damage|p2b: Snoozelax|85\/100\n|-heal|p1a: Sinistcha|13\/100|[from] drain|[of] p2b: Snoozelax\n|move|p2a: Support Madness|Lunar Blessing|p2a: Support Madness|[spread] p2a,p2b\n|-heal|p2a: Support Madness|100\/100\n|-heal|p2b: Snoozelax|100\/100\n|\n|-heal|p1a: Sinistcha|19\/100|[from] item: Leftovers\n|upkeep\n|\n|t:|1699942669\n|switch|p1b: Ursaluna|Ursaluna, L50, M|100\/100\n|turn|5\n|\n|t:|1699942685\n|move|p1b: Ursaluna|Protect|p1b: Ursaluna\n|-singleturn|p1b: Ursaluna|Protect\n|move|p2b: Snoozelax|Body Slam|p1b: Ursaluna\n|-activate|p1b: Ursaluna|move: Protect\n|move|p1a: Sinistcha|Strength Sap|p2b: Snoozelax\n|-unboost|p2b: Snoozelax|atk|1\n|-heal|p1a: Sinistcha|100\/100\n|move|p2a: Support Madness|Psychic|p1a: Sinistcha\n|-damage|p1a: Sinistcha|62\/100\n|\n|-heal|p1a: Sinistcha|68\/100|[from] item: Leftovers\n|-fieldend|move: Trick Room\n|-status|p1b: Ursaluna|brn|[from] item: Flame Orb\n|upkeep\n|turn|6\n|\n|t:|1699942701\n|switch|p2b: Chilling Bing|Glastrier, L50|100\/100\n|move|p1a: Sinistcha|Strength Sap|p2b: Chilling Bing\n|-unboost|p2b: Chilling Bing|atk|1\n|-heal|p1a: Sinistcha|100\/100\n|move|p1b: Ursaluna|Facade|p2a: Support Madness\n|-damage|p2a: Support Madness|11\/100\n|move|p2a: Support Madness|Trick Room|p2a: Support Madness\n|-fieldstart|move: Trick Room|[of] p2a: Support Madness\n|\n|-damage|p1b: Ursaluna|95\/100 brn|[from] brn\n|upkeep\n|turn|7\n|\n|t:|1699942723\n|move|p2b: Chilling Bing|Icicle Crash|p1b: Ursaluna|[miss]\n|-miss|p2b: Chilling Bing|p1b: Ursaluna\n|move|p1b: Ursaluna|Facade|p2b: Chilling Bing\n|-damage|p2b: Chilling Bing|22\/100\n|move|p1a: Sinistcha|Matcha Gotcha|p2b: Chilling Bing|[spread] p2a,p2b\n|-damage|p2a: Support Madness|0 fnt\n|-damage|p2b: Chilling Bing|8\/100\n|faint|p2a: Support Madness\n|\n|-damage|p1b: Ursaluna|89\/100 brn|[from] brn\n|upkeep\n|\n|t:|1699942738\n|switch|p2a: Snoozelax|Snorlax, L50, F, shiny, tera:Fairy|100\/100\n|turn|8\n|\n|t:|1699942749\n|move|p1a: Sinistcha|Rage Powder|p1a: Sinistcha\n|-singleturn|p1a: Sinistcha|move: Rage Powder\n|move|p2a: Snoozelax|Belly Drum|p2a: Snoozelax\n|-damage|p2a: Snoozelax|51\/100\n|-setboost|p2a: Snoozelax|atk|6|[from] move: Belly Drum\n|move|p2b: Chilling Bing|Icicle Crash|p1a: Sinistcha\n|-supereffective|p1a: Sinistcha\n|-damage|p1a: Sinistcha|42\/100\n|move|p1b: Ursaluna|Facade|p2a: Snoozelax\n|-damage|p2a: Snoozelax|0 fnt\n|faint|p2a: Snoozelax\n|\n|-heal|p1a: Sinistcha|48\/100|[from] item: Leftovers\n|-damage|p1b: Ursaluna|83\/100 brn|[from] brn\n|upkeep\n|\n|t:|1699942766\n|switch|p2a: Sus Amogus|Ditto, L50|100\/100\n|turn|9\n|\n|t:|1699942778\n|move|p1a: Sinistcha|Rage Powder|p1a: Sinistcha\n|-singleturn|p1a: Sinistcha|move: Rage Powder\n|move|p2b: Chilling Bing|Icicle Crash|p1a: Sinistcha\n|-supereffective|p1a: Sinistcha\n|-damage|p1a: Sinistcha|0 fnt\n|faint|p1a: Sinistcha\n|-ability|p2b: Chilling Bing|Chilling Neigh|boost\n|-boost|p2b: Chilling Bing|atk|1\n|move|p2a: Sus Amogus|Transform|p1b: Ursaluna\n|-transform|p2a: Sus Amogus|p1b: Ursaluna\n|move|p1b: Ursaluna|Facade|p2a: Sus Amogus\n|-enditem|p2a: Sus Amogus|Focus Sash\n|-damage|p2a: Sus Amogus|1\/100\n|\n|-damage|p1b: Ursaluna|77\/100 brn|[from] brn\n|upkeep\n|\n|t:|1699942787\n|switch|p1a: Heatran|Heatran, L50, F|100\/100\n|turn|10\n|inactive|AvianRoseline has 30 seconds left.\n|\n|t:|1699942819\n|move|p2b: Chilling Bing|Icicle Crash|p1b: Ursaluna\n|-supereffective|p1b: Ursaluna\n|-damage|p1b: Ursaluna|0 fnt\n|faint|p1b: Ursaluna\n|-ability|p2b: Chilling Bing|Chilling Neigh|boost\n|-boost|p2b: Chilling Bing|atk|1\n|move|p2a: Sus Amogus|Headlong Rush|p1a: Heatran\n|-supereffective|p1a: Heatran\n|-damage|p1a: Heatran|0 fnt\n|-unboost|p2a: Sus Amogus|def|1\n|-unboost|p2a: Sus Amogus|spd|1\n|faint|p1a: Heatran\n|\n|win|AvianRoseline\n|raw|zbsch's rating: 1139 &rarr; <strong>1111<\/strong><br \/>(-28 for losing)\n|raw|AvianRoseline's rating: 1100 &rarr; <strong>1128<\/strong><br \/>(+28 for winning)\n","uploadtime":1699942834,"views":33,"p1id":"zbsch","p2id":"avianroseline","formatid":"gen9vgc2023regulatione","rating":1111,"private":0,"password":""}