{"id":"gen9vgc2023regulatione-1993246109","p1":"DeAndreRicketts","p2":"Rich vvs","format":"[Gen 9] VGC 2023 Regulation E","log":"|j|\u2606DeAndreRicketts\n|j|\u2606Rich vvs\n|t:|1700283595\n|gametype|doubles\n|player|p1|DeAndreRicketts|buck|\n|player|p2|Rich vvs|fisherman-gen4|\n|teamsize|p1|6\n|teamsize|p2|6\n|gen|9\n|tier|[Gen 9] VGC 2023 Regulation E\n|rule|Species Clause: Limit one of each Pok\u00e9mon\n|rule|Item Clause: Limit one of each item\n|clearpoke\n|poke|p1|Flutter Mane, L50|\n|poke|p1|Gothitelle, L50, M|\n|poke|p1|Dondozo, L50, M|\n|poke|p1|Tatsugiri-Droopy, L50, F|\n|poke|p1|Dusclops, L50, M|\n|poke|p1|Ursaluna-Bloodmoon, L50, M|\n|poke|p2|Flutter Mane, L50|\n|poke|p2|Roaring Moon, L50|\n|poke|p2|Urshifu-*, L50, F|\n|poke|p2|Weezing, L50, F|\n|poke|p2|Ogerpon-Hearthflame, L50, F|\n|poke|p2|Iron Hands, L50|\n|teampreview|4\n|inactive|Battle timer is ON: inactive players will automatically lose when time's up. (requested by Rich vvs)\nDeAndreRicketts has agreed to open team sheets.\n|inactive|DeAndreRicketts has 60 seconds left.\n|inactive|Rich vvs has 60 seconds left.\n|\n|t:|1700283654\n|start\n|switch|p1a: Flutter Mane|Flutter Mane, L50|100\/100\n|switch|p1b: Gothitelle|Gothitelle, L50, M|100\/100\n|switch|p2a: Roaring Moon|Roaring Moon, L50|100\/100\n|switch|p2b: Flutter Mane|Flutter Mane, L50|100\/100\n|-enditem|p2a: Roaring Moon|Booster Energy\n|-activate|p2a: Roaring Moon|ability: Protosynthesis|[fromitem]\n|-start|p2a: Roaring Moon|protosynthesisspe\n|turn|1\n|inactive|DeAndreRicketts has 30 seconds left.\n|inactive|Rich vvs has 30 seconds left.\n|inactive|Rich vvs has 20 seconds left.\n|inactive|Rich vvs has 15 seconds left.\n|\n|t:|1700283694\n|-terastallize|p2a: Roaring Moon|Poison\n|move|p1b: Gothitelle|Fake Out|p2a: Roaring Moon\n|-damage|p2a: Roaring Moon|93\/100\n|cant|p2a: Roaring Moon|flinch\n|move|p1a: Flutter Mane|Thunderbolt|p2b: Flutter Mane\n|-damage|p2b: Flutter Mane|70\/100\n|move|p2b: Flutter Mane|Dazzling Gleam|p1b: Gothitelle|[spread] p1a,p1b\n|-crit|p1b: Gothitelle\n|-damage|p1a: Flutter Mane|47\/100\n|-damage|p1b: Gothitelle|54\/100\n|\n|upkeep\n|turn|2\n|inactive|DeAndreRicketts has 30 seconds left.\n|inactive|Rich vvs has 30 seconds left.\n|inactive|DeAndreRicketts has 20 seconds left.\n|inactive|Rich vvs has 20 seconds left.\n|inactive|Rich vvs has 15 seconds left.\n|inactive|Rich vvs has 10 seconds left.\n|\n|t:|1700283741\n|-end|p1a: Flutter Mane|Protosynthesis|[silent]\n|switch|p1a: Juice Wrld|Dondozo, L50, M, shiny|100\/100\n|switch|p1b: Perc|Tatsugiri-Droopy, L50, F, shiny|100\/100\n|-activate|p1b: Perc|ability: Commander|[of] p1a: Juice Wrld\n|-boost|p1a: Juice Wrld|atk|2\n|-boost|p1a: Juice Wrld|spa|2\n|-boost|p1a: Juice Wrld|spe|2\n|-boost|p1a: Juice Wrld|def|2\n|-boost|p1a: Juice Wrld|spd|2\n|move|p2a: Roaring Moon|Tailwind|p2a: Roaring Moon\n|-sidestart|p2: Rich vvs|move: Tailwind\n|move|p2b: Flutter Mane|Dazzling Gleam|p1a: Juice Wrld|[spread] p1a\n|-miss|p2b: Flutter Mane|p1b: Perc\n|-damage|p1a: Juice Wrld|77\/100\n|\n|-heal|p1a: Juice Wrld|83\/100|[from] item: Leftovers\n|upkeep\n|turn|3\n|\n|t:|1700283762\n|move|p2a: Roaring Moon|Knock Off|p1a: Juice Wrld\n|-damage|p1a: Juice Wrld|65\/100\n|-enditem|p1a: Juice Wrld|Leftovers|[from] move: Knock Off|[of] p2a: Roaring Moon\n|move|p2b: Flutter Mane|Dazzling Gleam|p1a: Juice Wrld|[spread] p1a\n|-miss|p2b: Flutter Mane|p1b: Perc\n|-damage|p1a: Juice Wrld|40\/100\n|move|p1a: Juice Wrld|Earthquake|p2b: Flutter Mane|[spread] p2a,p2b\n|-miss|p1a: Juice Wrld|p1b: Perc\n|-supereffective|p2a: Roaring Moon\n|-damage|p2a: Roaring Moon|0 fnt\n|-damage|p2b: Flutter Mane|0 fnt\n|faint|p2a: Roaring Moon\n|-end|p2a: Roaring Moon|Protosynthesis|[silent]\n|faint|p2b: Flutter Mane\n|-end|p2b: Flutter Mane|Protosynthesis|[silent]\n|\n|upkeep\n|\n|t:|1700283774\n|switch|p2b: Urshifu|Urshifu-Rapid-Strike, L50, F|100\/100\n|switch|p2a: Weezing|Weezing, L50, F|100\/100\n|-ability|p2a: Weezing|Neutralizing Gas\n|turn|4\n|\n|t:|1700283784\n|-terastallize|p1a: Juice Wrld|Grass\n|move|p2b: Urshifu|Surging Strikes|p1a: Juice Wrld\n|-resisted|p1a: Juice Wrld\n|-crit|p1a: Juice Wrld\n|-damage|p1a: Juice Wrld|31\/100\n|-resisted|p1a: Juice Wrld\n|-crit|p1a: Juice Wrld\n|-damage|p1a: Juice Wrld|23\/100\n|-resisted|p1a: Juice Wrld\n|-crit|p1a: Juice Wrld\n|-damage|p1a: Juice Wrld|15\/100\n|-hitcount|p1a: Juice Wrld|3\n|move|p1a: Juice Wrld|Earthquake|p2b: Urshifu|[spread] p2a,p2b\n|-miss|p1a: Juice Wrld|p1b: Perc\n|-supereffective|p2a: Weezing\n|-damage|p2a: Weezing|28\/100\n|-damage|p2b: Urshifu|58\/100\n|-enditem|p2a: Weezing|Sitrus Berry|[eat]\n|-heal|p2a: Weezing|53\/100|[from] item: Sitrus Berry\n|move|p2a: Weezing|Will-O-Wisp|p1a: Juice Wrld|[miss]\n|-miss|p2a: Weezing|p1a: Juice Wrld\n|\n|upkeep\n|turn|5\n|\n|t:|1700283808\n|move|p2b: Urshifu|Surging Strikes|p1a: Juice Wrld\n|-resisted|p1a: Juice Wrld\n|-crit|p1a: Juice Wrld\n|-damage|p1a: Juice Wrld|6\/100\n|-resisted|p1a: Juice Wrld\n|-crit|p1a: Juice Wrld\n|-damage|p1a: Juice Wrld|0 fnt\n|faint|p1a: Juice Wrld\n|-hitcount|p1: Juice Wrld|2\n|move|p2a: Weezing|Gunk Shot|p1b: Perc\n|-damage|p1b: Perc|35\/100\n|\n|-sideend|p2: Rich vvs|move: Tailwind\n|upkeep\n|\n|t:|1700283824\n|switch|p1a: Gothitelle|Gothitelle, L50, M|54\/100\n|turn|6\n|\n|t:|1700283835\n|move|p1a: Gothitelle|Fake Out|p2b: Urshifu\n|-damage|p2b: Urshifu|51\/100\n|cant|p2b: Urshifu|flinch\n|move|p1b: Perc|Muddy Water|p2b: Urshifu|[spread] p2b\n|-miss|p1b: Perc|p2a: Weezing\n|-resisted|p2b: Urshifu\n|-damage|p2b: Urshifu|28\/100\n|move|p2a: Weezing|Will-O-Wisp|p1b: Perc\n|-status|p1b: Perc|brn\n|\n|-damage|p1b: Perc|29\/100 brn|[from] brn\n|upkeep\n|turn|7\n|\n|t:|1700283859\n|move|p2a: Weezing|Protect|p2a: Weezing\n|-singleturn|p2a: Weezing|Protect\n|move|p2b: Urshifu|Surging Strikes|p1a: Gothitelle\n|-crit|p1a: Gothitelle\n|-damage|p1a: Gothitelle|35\/100\n|-crit|p1a: Gothitelle\n|-damage|p1a: Gothitelle|15\/100\n|-crit|p1a: Gothitelle\n|-damage|p1a: Gothitelle|0 fnt\n|faint|p1a: Gothitelle\n|-hitcount|p1: Gothitelle|3\n|move|p1b: Perc|Muddy Water|p2a: Weezing|[spread] p2b\n|-activate|p2a: Weezing|move: Protect\n|-resisted|p2b: Urshifu\n|-damage|p2b: Urshifu|4\/100\n|-unboost|p2b: Urshifu|accuracy|1\n|\n|-damage|p1b: Perc|23\/100 brn|[from] brn\n|upkeep\n|\n|t:|1700283878\n|switch|p1a: Flutter Mane|Flutter Mane, L50|47\/100\n|turn|8\n|\n|t:|1700283886\n|move|p2a: Weezing|Protect||[still]\n|-fail|p2a: Weezing\n|move|p2b: Urshifu|Surging Strikes|p1a: Flutter Mane\n|-crit|p1a: Flutter Mane\n|-damage|p1a: Flutter Mane|0 fnt\n|faint|p1a: Flutter Mane\n|-end|p1a: Flutter Mane|Protosynthesis|[silent]\n|-hitcount|p1: Flutter Mane|1\n|move|p1b: Perc|Muddy Water|p2b: Urshifu|[spread] p2a,p2b\n|-resisted|p2b: Urshifu\n|-damage|p2a: Weezing|23\/100\n|-damage|p2b: Urshifu|0 fnt\n|faint|p2b: Urshifu\n|\n|-damage|p1b: Perc|16\/100 brn|[from] brn\n|upkeep\n|turn|9\n|\n|t:|1700283898\n|move|p1b: Perc|Muddy Water|p2a: Weezing\n|-damage|p2a: Weezing|0 fnt\n|faint|p2a: Weezing\n|-end|p2a: Weezing|ability: Neutralizing Gas\n|\n|win|DeAndreRicketts\n|l|\u2606Rich vvs\n","uploadtime":1700283908,"views":16,"p1id":"deandrericketts","p2id":"richvvs","formatid":"gen9vgc2023regulatione","rating":0,"private":0,"password":""}