{"id":"gen9vgc2023regulatione-2000369882","p1":"Lurvas","p2":"Chessking07","format":"[Gen 9] VGC 2023 Regulation E","log":"|j|\u2606Lurvas\n|j|\u2606Chessking07\n|t:|1701189053\n|gametype|doubles\n|player|p1|Lurvas|alder|1125\n|player|p2|Chessking07|steven|1052\n|teamsize|p1|6\n|teamsize|p2|6\n|gen|9\n|tier|[Gen 9] VGC 2023 Regulation E\n|rated|\n|rule|Species Clause: Limit one of each Pok\u00e9mon\n|rule|Item Clause: Limit one of each item\n|clearpoke\n|poke|p1|Urshifu-*, L50, F|\n|poke|p1|Rillaboom, L50, F|\n|poke|p1|Flutter Mane, L50|\n|poke|p1|Arcanine-Hisui, L50, M|\n|poke|p1|Chien-Pao, L50|\n|poke|p1|Tornadus, L50, M|\n|poke|p2|Chien-Pao, L50|\n|poke|p2|Iron Hands, L50|\n|poke|p2|Flutter Mane, L50|\n|poke|p2|Amoonguss, L50, M|\n|poke|p2|Grimmsnarl, L50, M|\n|poke|p2|Landorus-Therian, L50, M|\n|teampreview|4\n|inactive|Battle timer is ON: inactive players will automatically lose when time's up. (requested by Chessking07)\nLurvas has agreed to open team sheets.\nChessking07 has agreed to open team sheets.\n|inactive|Lurvas has 30 seconds left.\n|inactive|Chessking07 has 30 seconds left.\n|\n|t:|1701189094\n|start\n|switch|p1a: Tornadus|Tornadus, L50, M|100\/100\n|switch|p1b: Arcanine|Arcanine-Hisui, L50, M|100\/100\n|switch|p2a: Grimmsnarl|Grimmsnarl, L50, M|100\/100\n|switch|p2b: Landorus|Landorus-Therian, L50, M, shiny|100\/100\n|-ability|p1b: Arcanine|Intimidate|boost\n|-unboost|p2a: Grimmsnarl|atk|1\n|-unboost|p2b: Landorus|atk|1\n|-ability|p2b: Landorus|Intimidate|boost\n|-unboost|p1a: Tornadus|atk|1\n|-unboost|p1b: Arcanine|atk|1\n|turn|1\n|\n|t:|1701189114\n|switch|p1b: Urshifu|Urshifu-Rapid-Strike, L50, F|100\/100\n|move|p1a: Tornadus|Tailwind|p1a: Tornadus\n|-sidestart|p1: Lurvas|move: Tailwind\n|move|p2a: Grimmsnarl|Reflect|p2a: Grimmsnarl\n|-sidestart|p2: Chessking07|Reflect\n|move|p2b: Landorus|Rock Slide|p1a: Tornadus|[spread] p1a,p1b\n|-supereffective|p1a: Tornadus\n|-resisted|p1b: Urshifu\n|-damage|p1a: Tornadus|76\/100\n|-damage|p1b: Urshifu|95\/100\n|\n|upkeep\n|turn|2\n|\n|t:|1701189129\n|switch|p2b: Amoonguss|Amoonguss, L50, M, shiny|100\/100\n|move|p1a: Tornadus|Rain Dance|p1a: Tornadus\n|-weather|RainDance\n|move|p2a: Grimmsnarl|Parting Shot|p1b: Urshifu\n|-unboost|p1b: Urshifu|atk|1\n|-unboost|p1b: Urshifu|spa|1\n|\n|t:|1701189136\n|switch|p2a: Iron Hands|Iron Hands, L50, shiny|100\/100|[from] Parting Shot\n|move|p1b: Urshifu|Surging Strikes|p2b: Amoonguss\n|-resisted|p2b: Amoonguss\n|-crit|p2b: Amoonguss\n|-damage|p2b: Amoonguss|83\/100\n|-resisted|p2b: Amoonguss\n|-crit|p2b: Amoonguss\n|-damage|p2b: Amoonguss|67\/100\n|-resisted|p2b: Amoonguss\n|-crit|p2b: Amoonguss\n|-damage|p2b: Amoonguss|48\/100\n|-enditem|p2b: Amoonguss|Sitrus Berry|[eat]\n|-heal|p2b: Amoonguss|72\/100|[from] item: Sitrus Berry\n|-hitcount|p2b: Amoonguss|3\n|\n|-weather|RainDance|[upkeep]\n|upkeep\n|turn|3\n|\n|t:|1701189153\n|move|p1b: Urshifu|Detect|p1b: Urshifu\n|-singleturn|p1b: Urshifu|Protect\n|move|p2a: Iron Hands|Fake Out|p1a: Tornadus\n|-damage|p1a: Tornadus|62\/100\n|move|p1a: Tornadus|Bleakwind Storm|p2b: Amoonguss|[spread] p2a,p2b\n|-supereffective|p2b: Amoonguss\n|-damage|p2a: Iron Hands|72\/100\n|-damage|p2b: Amoonguss|17\/100\n|-unboost|p2b: Amoonguss|spe|1\n|move|p2b: Amoonguss|Spore|p1b: Urshifu\n|-activate|p1b: Urshifu|move: Protect\n|\n|-weather|RainDance|[upkeep]\n|upkeep\n|turn|4\n|inactive|Lurvas has 30 seconds left.\n|\n|t:|1701189179\n|switch|p1b: Arcanine|Arcanine-Hisui, L50, M|100\/100\n|-ability|p1b: Arcanine|Intimidate|boost\n|-unboost|p2a: Iron Hands|atk|1\n|-unboost|p2b: Amoonguss|atk|1\n|move|p2b: Amoonguss|Protect|p2b: Amoonguss\n|-singleturn|p2b: Amoonguss|Protect\n|move|p1a: Tornadus|Taunt|p2b: Amoonguss\n|-activate|p2b: Amoonguss|move: Protect\n|move|p2a: Iron Hands|Wild Charge|p1b: Arcanine\n|-damage|p1b: Arcanine|66\/100\n|-damage|p2a: Iron Hands|65\/100|[from] Recoil\n|\n|-weather|RainDance|[upkeep]\n|-sideend|p1: Lurvas|move: Tailwind\n|upkeep\n|turn|5\n|\n|t:|1701189199\n|switch|p2b: Landorus|Landorus-Therian, L50, M, shiny|100\/100\n|-ability|p2b: Landorus|Intimidate|boost\n|-unboost|p1a: Tornadus|atk|1\n|-unboost|p1b: Arcanine|atk|1\n|-terastallize|p1b: Arcanine|Fairy\n|move|p1a: Tornadus|Taunt|p2b: Landorus\n|-start|p2b: Landorus|move: Taunt\n|move|p1b: Arcanine|Tera Blast|p2a: Iron Hands|[anim] Tera Blast Fairy\n|-supereffective|p2a: Iron Hands\n|-damage|p2a: Iron Hands|30\/100\n|move|p2a: Iron Hands|Drain Punch|p1b: Arcanine\n|-resisted|p1b: Arcanine\n|-damage|p1b: Arcanine|51\/100\n|-heal|p2a: Iron Hands|36\/100|[from] drain|[of] p1b: Arcanine\n|\n|-weather|RainDance|[upkeep]\n|upkeep\n|turn|6\n|inactive|Chessking07 has 30 seconds left.\n|\n|t:|1701189226\n|switch|p1b: Urshifu|Urshifu-Rapid-Strike, L50, F|95\/100\n|move|p2a: Iron Hands|Protect|p2a: Iron Hands\n|-singleturn|p2a: Iron Hands|Protect\n|move|p1a: Tornadus|Bleakwind Storm|p2a: Iron Hands|[spread] p2b\n|-activate|p2a: Iron Hands|move: Protect\n|-damage|p2b: Landorus|78\/100\n|move|p2b: Landorus|Rock Slide|p1b: Urshifu|[spread] p1a\n|-miss|p2b: Landorus|p1b: Urshifu\n|-supereffective|p1a: Tornadus\n|-damage|p1a: Tornadus|22\/100\n|\n|-weather|none\n|upkeep\n|turn|7\n|\n|t:|1701189249\n|switch|p1b: Arcanine|Arcanine-Hisui, L50, M, tera:Fairy|51\/100\n|-ability|p1b: Arcanine|Intimidate|boost\n|-unboost|p2a: Iron Hands|atk|1\n|-unboost|p2b: Landorus|atk|1\n|move|p1a: Tornadus|Rain Dance|p1a: Tornadus\n|-weather|RainDance\n|move|p2b: Landorus|Psychic|p1b: Arcanine\n|-damage|p1b: Arcanine|27\/100\n|move|p2a: Iron Hands|Wild Charge|p1b: Arcanine\n|-damage|p1b: Arcanine|2\/100\n|-damage|p2a: Iron Hands|31\/100|[from] Recoil\n|\n|-weather|RainDance|[upkeep]\n|-end|p2b: Landorus|move: Taunt\n|upkeep\n|turn|8\n|\n|t:|1701189270\n|-end|p2a: Iron Hands|Quark Drive|[silent]\n|switch|p2a: Grimmsnarl|Grimmsnarl, L50, M|100\/100\n|move|p1a: Tornadus|Tailwind|p1a: Tornadus\n|-sidestart|p1: Lurvas|move: Tailwind\n|move|p1b: Arcanine|Tera Blast|p2a: Grimmsnarl|[anim] Tera Blast Fairy\n|-supereffective|p2a: Grimmsnarl\n|-damage|p2a: Grimmsnarl|17\/100\n|move|p2b: Landorus|Rock Slide|p1a: Tornadus|[spread] p1a,p1b\n|-supereffective|p1a: Tornadus\n|-damage|p1a: Tornadus|0 fnt\n|-damage|p1b: Arcanine|0 fnt\n|faint|p1a: Tornadus\n|faint|p1b: Arcanine\n|\n|-weather|RainDance|[upkeep]\n|-sideend|p2: Chessking07|Reflect\n|upkeep\n|\n|t:|1701189283\n|switch|p1a: Flutter Mane|Flutter Mane, L50|100\/100\n|switch|p1b: Urshifu|Urshifu-Rapid-Strike, L50, F|95\/100\n|-enditem|p1a: Flutter Mane|Booster Energy\n|-activate|p1a: Flutter Mane|ability: Protosynthesis|[fromitem]\n|-start|p1a: Flutter Mane|protosynthesisspe\n|turn|9\n|\n|t:|1701189298\n|move|p2a: Grimmsnarl|Light Screen|p2a: Grimmsnarl\n|-sidestart|p2: Chessking07|move: Light Screen\n|move|p1a: Flutter Mane|Icy Wind|p2a: Grimmsnarl|[spread] p2a,p2b\n|-supereffective|p2b: Landorus\n|-damage|p2a: Grimmsnarl|9\/100\n|-damage|p2b: Landorus|54\/100\n|-unboost|p2a: Grimmsnarl|spe|1\n|-unboost|p2b: Landorus|spe|1\n|move|p1b: Urshifu|Surging Strikes|p2b: Landorus\n|-supereffective|p2b: Landorus\n|-crit|p2b: Landorus\n|-damage|p2b: Landorus|0 fnt\n|faint|p2b: Landorus\n|-hitcount|p2: Landorus|1\n|\n|-weather|RainDance|[upkeep]\n|upkeep\n|\n|t:|1701189310\n|switch|p2b: Amoonguss|Amoonguss, L50, M, shiny|51\/100\n|turn|10\n|\n|t:|1701189325\n|-terastallize|p2b: Amoonguss|Water\n|move|p2a: Grimmsnarl|Parting Shot|p1b: Urshifu\n|-unboost|p1b: Urshifu|atk|1\n|-unboost|p1b: Urshifu|spa|1\n|\n|t:|1701189330\n|switch|p2a: Iron Hands|Iron Hands, L50, shiny|31\/100|[from] Parting Shot\n|move|p1a: Flutter Mane|Icy Wind|p2b: Amoonguss|[spread] p2a,p2b\n|-resisted|p2b: Amoonguss\n|-damage|p2a: Iron Hands|24\/100\n|-damage|p2b: Amoonguss|47\/100\n|-unboost|p2a: Iron Hands|spe|1\n|-unboost|p2b: Amoonguss|spe|1\n|move|p1b: Urshifu|Surging Strikes|p2b: Amoonguss\n|-resisted|p2b: Amoonguss\n|-crit|p2b: Amoonguss\n|-damage|p2b: Amoonguss|27\/100\n|-resisted|p2b: Amoonguss\n|-crit|p2b: Amoonguss\n|-damage|p2b: Amoonguss|10\/100\n|-resisted|p2b: Amoonguss\n|-crit|p2b: Amoonguss\n|-damage|p2b: Amoonguss|0 fnt\n|faint|p2b: Amoonguss\n|-hitcount|p2: Amoonguss|3\n|\n|-weather|RainDance|[upkeep]\n|upkeep\n|\n|t:|1701189346\n|switch|p2b: Grimmsnarl|Grimmsnarl, L50, M|9\/100\n|turn|11\n|\n|t:|1701189355\n|move|p2a: Iron Hands|Fake Out|p1b: Urshifu\n|-damage|p1b: Urshifu|81\/100\n|cant|p1b: Urshifu|flinch\n|move|p1a: Flutter Mane|Moonblast|p2a: Iron Hands\n|-supereffective|p2a: Iron Hands\n|-damage|p2a: Iron Hands|0 fnt\n|faint|p2a: Iron Hands\n|-end|p2a: Iron Hands|Quark Drive|[silent]\n|move|p2b: Grimmsnarl|Spirit Break|p1b: Urshifu\n|-supereffective|p1b: Urshifu\n|-damage|p1b: Urshifu|20\/100\n|-unboost|p1b: Urshifu|spa|1\n|\n|-weather|none\n|-sideend|p1: Lurvas|move: Tailwind\n|upkeep\n|turn|12\n|c|\u2606Chessking07|gg\n|c|\u2606Lurvas|ggwp\n|\n|t:|1701189375\n|move|p1b: Urshifu|Aqua Jet|p2b: Grimmsnarl\n|-damage|p2b: Grimmsnarl|0 fnt\n|faint|p2b: Grimmsnarl\n|\n|win|Lurvas\n|raw|Lurvas's rating: 1125 &rarr; <strong>1145<\/strong><br \/>(+20 for winning)\n|raw|Chessking07's rating: 1052 &rarr; <strong>1038<\/strong><br \/>(-14 for losing)\n","uploadtime":1701189384,"views":15,"p1id":"lurvas","p2id":"chessking07","formatid":"gen9vgc2023regulatione","rating":1038,"private":0,"password":""}