{"id":"gen9vgc2023regulatione-1999070002","p1":"donmitchie","p2":"thevoiceswontstop","format":"[Gen 9] VGC 2023 Regulation E","log":"|j|\u2606donmitchie\n|j|\u2606thevoiceswontstop\n|t:|1701029945\n|gametype|doubles\n|player|p1|donmitchie|169|\n|player|p2|thevoiceswontstop|2|\n|teamsize|p1|6\n|teamsize|p2|6\n|gen|9\n|tier|[Gen 9] VGC 2023 Regulation E\n|rule|Species Clause: Limit one of each Pok\u00e9mon\n|rule|Item Clause: Limit one of each item\n|clearpoke\n|poke|p1|Fletchinder, L50, M|\n|poke|p1|Urshifu-*, L50, M|\n|poke|p1|Amoonguss, L50, M|\n|poke|p1|Orthworm, L50, M|\n|poke|p1|Farigiraf, L50, F|\n|poke|p1|Dragalge, L50, M|\n|poke|p2|Houndoom, L50, M|\n|poke|p2|Landorus-Therian, L50, M|\n|poke|p2|Hariyama, L50, M|\n|poke|p2|Bronzong, L50|\n|poke|p2|Jumpluff, L50, M|\n|poke|p2|Regidrago, L50|\n|teampreview|4\n|inactive|Battle timer is ON: inactive players will automatically lose when time's up. (requested by donmitchie)\n|inactiveoff|Battle timer is now OFF.\n|\n|t:|1701030007\n|start\n|switch|p1a: Orthworm|Orthworm, L50, M|100\/100\n|switch|p1b: Fletchinder|Fletchinder, L50, M|100\/100\n|switch|p2a: Regidrago|Regidrago, L50|100\/100\n|switch|p2b: Jumpluff|Jumpluff, L50, M, shiny|100\/100\n|turn|1\n|\n|t:|1701030053\n|move|p1b: Fletchinder|Tailwind|p1b: Fletchinder\n|-sidestart|p1: donmitchie|move: Tailwind\n|move|p2b: Jumpluff|Tailwind|p2b: Jumpluff\n|-sidestart|p2: thevoiceswontstop|move: Tailwind\n|move|p2a: Regidrago|Dragon Dance|p2a: Regidrago\n|-boost|p2a: Regidrago|atk|1\n|-boost|p2a: Regidrago|spe|1\n|move|p1a: Orthworm|Shed Tail|p1a: Orthworm\n|-start|p1a: Orthworm|Substitute|[from] move: Shed Tail\n|-damage|p1a: Orthworm|50\/100\n|-enditem|p1a: Orthworm|Sitrus Berry|[eat]\n|-heal|p1a: Orthworm|75\/100|[from] item: Sitrus Berry\n|\n|t:|1701030060\n|switch|p1a: Urshifu|Urshifu-Rapid-Strike, L50, M|100\/100|[from] Shed Tail\n|\n|upkeep\n|turn|2\n|\n|t:|1701030093\n|-terastallize|p1a: Urshifu|Fairy\n|move|p1b: Fletchinder|Brave Bird|p2a: Regidrago\n|-damage|p2a: Regidrago|54\/100\n|-damage|p1b: Fletchinder|70\/100|[from] Recoil\n|move|p2a: Regidrago|Scale Shot|p1b: Fletchinder\n|-damage|p1b: Fletchinder|17\/100\n|-damage|p1b: Fletchinder|0 fnt\n|faint|p1b: Fletchinder\n|-hitcount|p1: Fletchinder|2\n|-unboost|p2a: Regidrago|def|1\n|-boost|p2a: Regidrago|spe|1\n|move|p2b: Jumpluff|Acrobatics|p1a: Urshifu\n|-damage|p1a: Urshifu|89\/100\n|move|p1a: Urshifu|Close Combat|p2a: Regidrago\n|-damage|p2a: Regidrago|0 fnt\n|-unboost|p1a: Urshifu|def|1\n|-unboost|p1a: Urshifu|spd|1\n|faint|p2a: Regidrago\n|\n|upkeep\n|\n|t:|1701030120\n|switch|p1b: Amoonguss|Amoonguss, L50, M|100\/100\n|switch|p2a: Bronzong|Bronzong, L50, shiny|100\/100\n|turn|3\n|\n|t:|1701030149\n|move|p2b: Jumpluff|Acrobatics|p1a: Urshifu\n|-damage|p1a: Urshifu|73\/100\n|move|p1a: Urshifu|Surging Strikes|p2a: Bronzong\n|-crit|p2a: Bronzong\n|-damage|p2a: Bronzong|76\/100\n|-crit|p2a: Bronzong\n|-damage|p2a: Bronzong|50\/100\n|-crit|p2a: Bronzong\n|-damage|p2a: Bronzong|28\/100\n|-hitcount|p2a: Bronzong|3\n|move|p2a: Bronzong|Psychic|p1a: Urshifu\n|-crit|p1a: Urshifu\n|-end|p1a: Urshifu|Substitute\n|move|p1b: Amoonguss|Spore|p2a: Bronzong\n|-status|p2a: Bronzong|slp|[from] move: Spore\n|\n|-heal|p2a: Bronzong|34\/100 slp|[from] item: Leftovers\n|upkeep\n|turn|4\n|\n|t:|1701030174\n|move|p2b: Jumpluff|Strength Sap|p1a: Urshifu\n|-unboost|p1a: Urshifu|atk|1\n|move|p1a: Urshifu|Surging Strikes|p2b: Jumpluff\n|-resisted|p2b: Jumpluff\n|-crit|p2b: Jumpluff\n|-damage|p2b: Jumpluff|82\/100\n|-resisted|p2b: Jumpluff\n|-crit|p2b: Jumpluff\n|-damage|p2b: Jumpluff|64\/100\n|-resisted|p2b: Jumpluff\n|-crit|p2b: Jumpluff\n|-damage|p2b: Jumpluff|48\/100\n|-hitcount|p2b: Jumpluff|3\n|cant|p2a: Bronzong|slp\n|move|p1b: Amoonguss|Pollen Puff|p2b: Jumpluff\n|-damage|p2b: Jumpluff|28\/100\n|\n|-heal|p2a: Bronzong|40\/100 slp|[from] item: Leftovers\n|-sideend|p1: donmitchie|move: Tailwind\n|-sideend|p2: thevoiceswontstop|move: Tailwind\n|upkeep\n|turn|5\n|\n|t:|1701030200\n|move|p2b: Jumpluff|Strength Sap|p1a: Urshifu\n|-unboost|p1a: Urshifu|atk|1\n|-heal|p2b: Jumpluff|100\/100\n|move|p1a: Urshifu|Surging Strikes|p2a: Bronzong\n|-crit|p2a: Bronzong\n|-damage|p2a: Bronzong|15\/100 slp\n|-crit|p2a: Bronzong\n|-damage|p2a: Bronzong|0 fnt\n|faint|p2a: Bronzong\n|-hitcount|p2: Bronzong|2\n|move|p1b: Amoonguss|Pollen Puff|p2b: Jumpluff\n|-damage|p2b: Jumpluff|82\/100\n|\n|upkeep\n|\n|t:|1701030209\n|switch|p2a: Landorus|Landorus-Therian, L50, M, shiny|100\/100\n|-ability|p2a: Landorus|Intimidate|boost\n|-unboost|p1a: Urshifu|atk|1\n|-unboost|p1b: Amoonguss|atk|1\n|turn|6\n|\n|t:|1701030248\n|switch|p1a: Orthworm|Orthworm, L50, M|75\/100\n|move|p2b: Jumpluff|Sleep Powder|p1b: Amoonguss\n|-immune|p1b: Amoonguss\n|move|p2a: Landorus|Earthquake|p1b: Amoonguss|[spread] p1b\n|-heal|p1a: Orthworm|99\/100|[from] ability: Earth Eater|[of] p2a: Landorus\n|-immune|p2b: Jumpluff\n|-damage|p1b: Amoonguss|58\/100\n|-damage|p2a: Landorus|91\/100|[from] item: Life Orb\n|move|p1b: Amoonguss|Spore|p2a: Landorus\n|-status|p2a: Landorus|slp|[from] move: Spore\n|\n|upkeep\n|turn|7\n|c|\u2606thevoiceswontstop|absolutely wild\n|\n|t:|1701030279\n|move|p2b: Jumpluff|Acrobatics|p1b: Amoonguss\n|-supereffective|p1b: Amoonguss\n|-damage|p1b: Amoonguss|41\/100\n|cant|p2a: Landorus|slp\n|move|p1a: Orthworm|Iron Defense|p1a: Orthworm\n|-boost|p1a: Orthworm|def|2\n|move|p1b: Amoonguss|Pollen Puff|p2a: Landorus\n|-resisted|p2a: Landorus\n|-damage|p2a: Landorus|79\/100 slp\n|\n|upkeep\n|turn|8\n|\n|t:|1701030298\n|move|p2b: Jumpluff|Acrobatics|p1b: Amoonguss\n|-supereffective|p1b: Amoonguss\n|-damage|p1b: Amoonguss|24\/100\n|cant|p2a: Landorus|slp\n|move|p1a: Orthworm|Body Press|p2a: Landorus\n|-resisted|p2a: Landorus\n|-damage|p2a: Landorus|40\/100 slp\n|move|p1b: Amoonguss|Spore|p2a: Landorus\n|-fail|p2a: Landorus|slp\n|\n|upkeep\n|turn|9\n|\n|t:|1701030325\n|move|p1b: Amoonguss|Rage Powder|p1b: Amoonguss\n|-singleturn|p1b: Amoonguss|move: Rage Powder\n|move|p2b: Jumpluff|Acrobatics|p1b: Amoonguss\n|-supereffective|p1b: Amoonguss\n|-damage|p1b: Amoonguss|4\/100\n|cant|p2a: Landorus|slp\n|move|p1a: Orthworm|Body Press|p2a: Landorus\n|-resisted|p2a: Landorus\n|-damage|p2a: Landorus|2\/100 slp\n|\n|upkeep\n|turn|10\n|c|\u2606thevoiceswontstop|gg\n|\n|t:|1701030358\n|move|p1b: Amoonguss|Rage Powder|p1b: Amoonguss\n|-singleturn|p1b: Amoonguss|move: Rage Powder\n|move|p2b: Jumpluff|Acrobatics|p1b: Amoonguss\n|-supereffective|p1b: Amoonguss\n|-damage|p1b: Amoonguss|0 fnt\n|faint|p1b: Amoonguss\n|-curestatus|p2a: Landorus|slp|[msg]\n|move|p2a: Landorus|Brick Break|p1a: Orthworm\n|-supereffective|p1a: Orthworm\n|-damage|p1a: Orthworm|80\/100\n|-damage|p2a: Landorus|0 fnt|[from] item: Life Orb\n|faint|p2a: Landorus\n|move|p1a: Orthworm|Body Press|p2b: Jumpluff\n|-resisted|p2b: Jumpluff\n|-damage|p2b: Jumpluff|39\/100\n|\n|upkeep\n|c|\u2606donmitchie|gg\n|\n|t:|1701030369\n|switch|p1b: Urshifu|Urshifu-Rapid-Strike, L50, M, tera:Fairy|73\/100\n|turn|11\n|c|\u2606thevoiceswontstop|gg\n|-message|thevoiceswontstop forfeited.\n|\n|win|donmitchie\n","uploadtime":1701030382,"views":11,"p1id":"donmitchie","p2id":"thevoiceswontstop","formatid":"gen9vgc2023regulatione","rating":0,"private":0,"password":""}