{"id":"gen9vgc2023regulatione-1988367708","p1":"Kzjrhzk","p2":"Anvore Kujo","format":"[Gen 9] VGC 2023 Regulation E","log":"|j|\u2606Kzjrhzk\n|j|\u2606Anvore Kujo\n|t:|1699714752\n|gametype|doubles\n|player|p1|Kzjrhzk|lance|1090\n|player|p2|Anvore Kujo|workerice|1000\n|teamsize|p1|6\n|teamsize|p2|6\n|gen|9\n|tier|[Gen 9] VGC 2023 Regulation E\n|rated|\n|rule|Species Clause: Limit one of each Pok\u00e9mon\n|rule|Item Clause: Limit one of each item\n|clearpoke\n|poke|p1|Flutter Mane, L50|\n|poke|p1|Tornadus, L50, M|\n|poke|p1|Rillaboom, L50, M|\n|poke|p1|Garganacl, L50, M|\n|poke|p1|Arcanine-Hisui, L50, F|\n|poke|p1|Chien-Pao, L50|\n|poke|p2|Empoleon, L50, M|\n|poke|p2|Ogerpon-Hearthflame, L50, F|\n|poke|p2|Tornadus, L50, M|\n|poke|p2|Flutter Mane, L50|\n|poke|p2|Chien-Pao, L50|\n|poke|p2|Dragonite, L50, F|\n|teampreview|4\n|\n|t:|1699714797\n|start\n|switch|p1a: Tornadus|Tornadus, L50, M|100\/100\n|switch|p1b: Garganacl|Garganacl, L50, M|100\/100\n|switch|p2a: Escanor|Tornadus, L50, M, shiny|100\/100\n|switch|p2b: System|Flutter Mane, L50, shiny|100\/100\n|turn|1\n|\n|t:|1699714816\n|move|p2a: Escanor|Tailwind|p2a: Escanor\n|-sidestart|p2: Anvore Kujo|move: Tailwind\n|move|p2b: System|Dazzling Gleam|p1b: Garganacl|[spread] p1a,p1b\n|-damage|p1a: Tornadus|63\/100\n|-damage|p1b: Garganacl|67\/100\n|move|p1a: Tornadus|Bleakwind Storm|p2b: System|[spread] p2a,p2b\n|-damage|p2a: Escanor|65\/100\n|-damage|p2b: System|71\/100\n|move|p1b: Garganacl|Salt Cure|p2b: System\n|-damage|p2b: System|46\/100\n|-start|p2b: System|Salt Cure\n|\n|-damage|p2b: System|33\/100|[from] Salt Cure\n|upkeep\n|turn|2\n|\n|t:|1699714830\n|move|p1b: Garganacl|Protect|p1b: Garganacl\n|-singleturn|p1b: Garganacl|Protect\n|move|p2a: Escanor|Sunny Day|p2a: Escanor\n|-weather|SunnyDay\n|-activate|p2b: System|ability: Protosynthesis\n|-start|p2b: System|protosynthesisspa\n|move|p1a: Tornadus|Tailwind|p1a: Tornadus\n|-sidestart|p1: Kzjrhzk|move: Tailwind\n|move|p2b: System|Dazzling Gleam|p1a: Tornadus|[spread] p1a\n|-activate|p1b: Garganacl|move: Protect\n|-damage|p1a: Tornadus|11\/100\n|\n|-weather|SunnyDay|[upkeep]\n|-damage|p2b: System|21\/100|[from] Salt Cure\n|upkeep\n|turn|3\n|\n|t:|1699714845\n|move|p2b: System|Dazzling Gleam|p1b: Garganacl|[spread] p1a,p1b\n|-damage|p1a: Tornadus|0 fnt\n|-damage|p1b: Garganacl|24\/100\n|-enditem|p1b: Garganacl|Sitrus Berry|[eat]\n|-heal|p1b: Garganacl|48\/100|[from] item: Sitrus Berry\n|faint|p1a: Tornadus\n|move|p2a: Escanor|Bleakwind Storm|p1b: Garganacl\n|-resisted|p1b: Garganacl\n|-damage|p1b: Garganacl|35\/100\n|move|p1b: Garganacl|Recover|p1b: Garganacl\n|-heal|p1b: Garganacl|85\/100\n|\n|-weather|SunnyDay|[upkeep]\n|-damage|p2b: System|9\/100|[from] Salt Cure\n|upkeep\n|\n|t:|1699714863\n|switch|p1a: Arcanine|Arcanine-Hisui, L50, F|100\/100\n|-ability|p1a: Arcanine|Intimidate|boost\n|-unboost|p2a: Escanor|atk|1\n|-unboost|p2b: System|atk|1\n|turn|4\n|\n|t:|1699714872\n|move|p2b: System|Dazzling Gleam|p1a: Arcanine|[spread] p1a,p1b\n|-resisted|p1a: Arcanine\n|-damage|p1a: Arcanine|58\/100\n|-damage|p1b: Garganacl|44\/100\n|move|p1a: Arcanine|Rock Slide|p2a: Escanor|[spread] p2a,p2b\n|-supereffective|p2a: Escanor\n|-damage|p2a: Escanor|0 fnt\n|-damage|p2b: System|0 fnt\n|faint|p2a: Escanor\n|faint|p2b: System\n|-end|p2b: System|Protosynthesis|[silent]\n|move|p1b: Garganacl|Iron Defense|p1b: Garganacl\n|-boost|p1b: Garganacl|def|2\n|\n|-weather|SunnyDay|[upkeep]\n|-sideend|p2: Anvore Kujo|move: Tailwind\n|upkeep\n|\n|t:|1699714880\n|switch|p2b: Ruin|Chien-Pao, L50|100\/100\n|switch|p2a: Gulpsus|Empoleon, L50, M, shiny|100\/100\n|-ability|p2b: Ruin|Sword of Ruin\n|turn|5\n|\n|t:|1699714888\n|-terastallize|p1b: Garganacl|Ghost\n|move|p1a: Arcanine|Rock Slide|p2b: Ruin|[spread] p2a,p2b\n|-resisted|p2a: Gulpsus\n|-supereffective|p2b: Ruin\n|-damage|p2a: Gulpsus|74\/100\n|-enditem|p2b: Ruin|Focus Sash\n|-damage|p2b: Ruin|1\/100\n|cant|p2b: Ruin|flinch\n|move|p1b: Garganacl|Salt Cure|p2b: Ruin\n|-supereffective|p2b: Ruin\n|-damage|p2b: Ruin|0 fnt\n|faint|p2b: Ruin\n|move|p2a: Gulpsus|Hydro Pump|p1a: Arcanine\n|-supereffective|p1a: Arcanine\n|-damage|p1a: Arcanine|0 fnt\n|faint|p1a: Arcanine\n|\n|-weather|SunnyDay|[upkeep]\n|-sideend|p1: Kzjrhzk|move: Tailwind\n|upkeep\n|\n|t:|1699714902\n|switch|p1a: Rillaboom|Rillaboom, L50, M|100\/100\n|-fieldstart|move: Grassy Terrain|[from] ability: Grassy Surge|[of] p1a: Rillaboom\n|turn|6\n|\n|t:|1699714912\n|move|p1a: Rillaboom|Fake Out|p2a: Gulpsus\n|-resisted|p2a: Gulpsus\n|-damage|p2a: Gulpsus|67\/100\n|cant|p2a: Gulpsus|flinch\n|move|p1b: Garganacl|Recover|p1b: Garganacl\n|-heal|p1b: Garganacl|94\/100\n|\n|-weather|none\n|-heal|p2a: Gulpsus|73\/100|[from] Grassy Terrain\n|-heal|p1b: Garganacl|99\/100|[from] Grassy Terrain\n|upkeep\n|turn|7\n|\n|t:|1699714923\n|-terastallize|p2a: Gulpsus|Fairy\n|move|p1a: Rillaboom|Grassy Glide|p2a: Gulpsus\n|-damage|p2a: Gulpsus|32\/100\n|move|p2a: Gulpsus|Icy Wind|p1a: Rillaboom|[spread] p1a,p1b\n|-supereffective|p1a: Rillaboom\n|-crit|p1a: Rillaboom\n|-damage|p1a: Rillaboom|70\/100\n|-damage|p1b: Garganacl|91\/100\n|-unboost|p1a: Rillaboom|spe|1\n|-unboost|p1b: Garganacl|spe|1\n|move|p1b: Garganacl|Salt Cure|p2a: Gulpsus\n|-damage|p2a: Gulpsus|16\/100\n|-start|p2a: Gulpsus|Salt Cure\n|\n|-heal|p1a: Rillaboom|75\/100|[from] Grassy Terrain\n|-heal|p2a: Gulpsus|23\/100|[from] Grassy Terrain\n|-heal|p1b: Garganacl|97\/100|[from] Grassy Terrain\n|-damage|p2a: Gulpsus|10\/100|[from] Salt Cure\n|upkeep\n|turn|8\n|\n|t:|1699714936\n|move|p1a: Rillaboom|Grassy Glide|p2a: Gulpsus\n|-damage|p2a: Gulpsus|0 fnt\n|faint|p2a: Gulpsus\n|\n|win|Kzjrhzk\n|raw|Kzjrhzk's rating: 1090 &rarr; <strong>1110<\/strong><br \/>(+20 for winning)\n|raw|Anvore Kujo's rating: 1000 &rarr; <strong>1000<\/strong><br \/>(+0 for losing)\n","uploadtime":1699714939,"views":13,"p1id":"kzjrhzk","p2id":"anvorekujo","formatid":"gen9vgc2023regulatione","rating":1000,"private":0,"password":""}