{"id":"gen9vgc2023regulatione-1993248125","p1":"PICONEST","p2":"IscoDIMES","format":"[Gen 9] VGC 2023 Regulation E","log":"|j|\u2606PICONEST\n|j|\u2606IscoDIMES\n|t:|1700283903\n|gametype|doubles\n|player|p1|PICONEST|170|1216\n|player|p2|IscoDIMES|psychic-gen4|1187\n|teamsize|p1|6\n|teamsize|p2|6\n|gen|9\n|tier|[Gen 9] VGC 2023 Regulation E\n|rated|\n|rule|Species Clause: Limit one of each Pok\u00e9mon\n|rule|Item Clause: Limit one of each item\n|clearpoke\n|poke|p1|Enamorus, L50, F|\n|poke|p1|Thundurus, L50, M|\n|poke|p1|Snorlax, L50, M|\n|poke|p1|Dipplin, L50, F|\n|poke|p1|Sinistcha, L50|\n|poke|p1|Arcanine, L50, M|\n|poke|p2|Umbreon, L50, F|\n|poke|p2|Indeedee-F, L50, F|\n|poke|p2|Armarouge, L50, M|\n|poke|p2|Iron Bundle, L50|\n|poke|p2|Dugtrio, L50, M|\n|poke|p2|Magnezone, L50|\n|teampreview|4\n|\n|t:|1700283940\n|start\n|switch|p1a: Enamorus|Enamorus, L50, F|100\/100\n|switch|p1b: Thundurus|Thundurus, L50, M|100\/100\n|switch|p2a: Indeedee|Indeedee-F, L50, F|100\/100\n|switch|p2b: Armarouge|Armarouge, L50, M|100\/100\n|-fieldstart|move: Psychic Terrain|[from] ability: Psychic Surge|[of] p2a: Indeedee\n|turn|1\n|inactive|Battle timer is ON: inactive players will automatically lose when time's up. (requested by IscoDIMES)\n|\n|t:|1700283954\n|move|p2a: Indeedee|Follow Me|p2a: Indeedee\n|-singleturn|p2a: Indeedee|move: Follow Me\n|move|p1b: Thundurus|Eerie Impulse|p2a: Indeedee\n|-activate|p2a: Indeedee|move: Psychic Terrain\n|move|p1a: Enamorus|Dazzling Gleam|p2a: Indeedee|[spread] p2a,p2b\n|-resisted|p2b: Armarouge\n|-damage|p2a: Indeedee|75\/100\n|-damage|p2b: Armarouge|82\/100\n|move|p2b: Armarouge|Trick Room|p2b: Armarouge\n|-fieldstart|move: Trick Room|[of] p2b: Armarouge\n|\n|upkeep\n|turn|2\n|\n|t:|1700283975\n|switch|p2a: Magnezone|Magnezone, L50|100\/100\n|move|p2b: Armarouge|Expanding Force|p1b: Thundurus|[spread] p1a,p1b\n|-enditem|p1a: Enamorus|Focus Sash\n|-damage|p1a: Enamorus|1\/100\n|-damage|p1b: Thundurus|14\/100\n|-damage|p2b: Armarouge|72\/100|[from] item: Life Orb\n|move|p1b: Thundurus|Thunderbolt|p2b: Armarouge\n|-damage|p2b: Armarouge|29\/100\n|move|p1a: Enamorus|Earth Power|p2b: Armarouge\n|-supereffective|p2b: Armarouge\n|-damage|p2b: Armarouge|0 fnt\n|faint|p2b: Armarouge\n|\n|upkeep\n|\n|t:|1700283996\n|switch|p2b: Umbreon|Umbreon, L50, F, shiny|100\/100\n|turn|3\n|\n|t:|1700284014\n|switch|p1b: Arcanine|Arcanine, L50, M|100\/100\n|-ability|p1b: Arcanine|Intimidate|boost\n|-unboost|p2a: Magnezone|atk|1\n|-fail|p2b: Umbreon|unboost|Attack|[from] ability: Inner Focus|[of] p2b: Umbreon\n|switch|p1a: Snorlax|Snorlax, L50, M|100\/100\n|move|p2b: Umbreon|Wish|p2b: Umbreon\n|move|p2a: Magnezone|Electroweb|p1a: Snorlax|[spread] \n|-miss|p2a: Magnezone|p1a: Snorlax\n|-miss|p2a: Magnezone|p1b: Arcanine\n|\n|upkeep\n|turn|4\n|\n|t:|1700284037\n|switch|p2b: Indeedee|Indeedee-F, L50, F|75\/100\n|move|p1a: Snorlax|Yawn|p2b: Indeedee\n|-start|p2b: Indeedee|move: Yawn|[of] p1a: Snorlax\n|move|p2a: Magnezone|Electroweb|p1a: Snorlax|[spread] p1a,p1b\n|-damage|p1a: Snorlax|76\/100\n|-damage|p1b: Arcanine|66\/100\n|-unboost|p1a: Snorlax|spe|1\n|-unboost|p1b: Arcanine|spe|1\n|move|p1b: Arcanine|Flare Blitz|p2a: Magnezone\n|-supereffective|p2a: Magnezone\n|-damage|p2a: Magnezone|11\/100\n|-damage|p1b: Arcanine|34\/100|[from] Recoil\n|\n|-heal|p2b: Indeedee|100\/100|[from] move: Wish|[wisher] Umbreon\n|upkeep\n|turn|5\n|inactive|PICONEST has 30 seconds left.\n|inactive|IscoDIMES has 30 seconds left.\n|inactive|IscoDIMES has 20 seconds left.\n|\n|t:|1700284076\n|move|p2b: Indeedee|Follow Me|p2b: Indeedee\n|-singleturn|p2b: Indeedee|move: Follow Me\n|move|p1a: Snorlax|Facade|p2b: Indeedee\n|-damage|p2b: Indeedee|46\/100\n|move|p1b: Arcanine|Flare Blitz|p2b: Indeedee\n|-damage|p2b: Indeedee|0 fnt\n|faint|p2b: Indeedee\n|-damage|p1b: Arcanine|18\/100|[from] Recoil\n|move|p2a: Magnezone|Electroweb|p1b: Arcanine|[spread] p1a,p1b\n|-damage|p1a: Snorlax|43\/100\n|-damage|p1b: Arcanine|0 fnt\n|-unboost|p1a: Snorlax|spe|1\n|faint|p1b: Arcanine\n|\n|-fieldend|move: Trick Room\n|-fieldend|move: Psychic Terrain\n|upkeep\n|\n|t:|1700284096\n|switch|p1b: Enamorus|Enamorus, L50, F|1\/100\n|switch|p2b: Umbreon|Umbreon, L50, F, shiny|100\/100\n|turn|6\n|\n|t:|1700284108\n|-terastallize|p1b: Enamorus|Fairy\n|-terastallize|p2b: Umbreon|Ghost\n|move|p1b: Enamorus|Dazzling Gleam|p2b: Umbreon|[spread] p2a,p2b\n|-resisted|p2a: Magnezone\n|-crit|p2a: Magnezone\n|-damage|p2a: Magnezone|0 fnt\n|-damage|p2b: Umbreon|80\/100\n|faint|p2a: Magnezone\n|move|p2b: Umbreon|Foul Play|p1a: Snorlax\n|-damage|p1a: Snorlax|1\/100\n|move|p1a: Snorlax|Earthquake|p2b: Umbreon|[spread] p1b,p2b\n|-damage|p1b: Enamorus|0 fnt\n|-damage|p2b: Umbreon|59\/100\n|faint|p1b: Enamorus\n|\n|upkeep\n|\n|t:|1700284114\n|switch|p1b: Thundurus|Thundurus, L50, M|14\/100\n|turn|7\n|inactive|IscoDIMES has 30 seconds left.\n|\n|t:|1700284144\n|move|p1b: Thundurus|Thunderbolt|p2b: Umbreon\n|-damage|p2b: Umbreon|37\/100\n|move|p2b: Umbreon|Yawn|p1b: Thundurus\n|-start|p1b: Thundurus|move: Yawn|[of] p2b: Umbreon\n|move|p1a: Snorlax|Facade|p2b: Umbreon\n|-immune|p2b: Umbreon\n|\n|upkeep\n|turn|8\n|inactive|PICONEST has 30 seconds left.\n|inactive|PICONEST has 20 seconds left.\n|inactive|PICONEST has 15 seconds left.\n|inactive|PICONEST has 10 seconds left.\n|inactive|PICONEST has 5 seconds left.\n|\n|t:|1700284199\n|move|p2b: Umbreon|Protect|p2b: Umbreon\n|-singleturn|p2b: Umbreon|Protect\n|move|p1b: Thundurus|Thunderbolt|p2b: Umbreon\n|-activate|p2b: Umbreon|move: Protect\n|move|p1a: Snorlax|Earthquake|p2b: Umbreon|[spread] \n|-activate|p2b: Umbreon|move: Protect\n|-immune|p1b: Thundurus\n|\n|-end|p1b: Thundurus|move: Yawn|[silent]\n|-status|p1b: Thundurus|slp\n|upkeep\n|turn|9\n|inactive|PICONEST has 30 seconds left.\n|c|\u2606IscoDIMES|Gg\n|inactive|PICONEST has 20 seconds left.\n|inactive|PICONEST has 15 seconds left.\n|c|\u2606IscoDIMES|Unless cloud boy a light sleeper\n|inactive|PICONEST has 10 seconds left.\n|inactive|PICONEST has 5 seconds left.\n|\n|t:|1700284254\n|cant|p1b: Thundurus|slp\n|move|p2b: Umbreon|Foul Play|p1a: Snorlax\n|-damage|p1a: Snorlax|0 fnt\n|faint|p1a: Snorlax\n|\n|upkeep\n|turn|10\n|inactive|PICONEST has 30 seconds left.\n|inactive|PICONEST has 20 seconds left.\n|inactive|PICONEST has 15 seconds left.\n|inactive|PICONEST has 10 seconds left.\n|inactive|PICONEST has 5 seconds left.\n|\n|t:|1700284309\n|-curestatus|p1b: Thundurus|slp|[msg]\n|move|p1b: Thundurus|Thunderbolt|p2b: Umbreon\n|-damage|p2b: Umbreon|14\/100\n|move|p2b: Umbreon|Foul Play|p1b: Thundurus\n|-damage|p1b: Thundurus|0 fnt\n|faint|p1b: Thundurus\n|\n|win|IscoDIMES\n|raw|PICONEST's rating: 1216 &rarr; <strong>1189<\/strong><br \/>(-27 for losing)\n|raw|IscoDIMES's rating: 1187 &rarr; <strong>1214<\/strong><br \/>(+27 for winning)\n","uploadtime":1700284471,"views":11,"p1id":"piconest","p2id":"iscodimes","formatid":"gen9vgc2023regulatione","rating":1189,"private":0,"password":""}