{"id":"gen9vgc2023regulatione-1991622309","p1":"Some Chump","p2":"BattlelegendRyan","format":"[Gen 9] VGC 2023 Regulation E","log":"|j|\u2606Some Chump\n|j|\u2606BattlelegendRyan\n|t:|1700095281\n|gametype|doubles\n|player|p1|Some Chump|youngster-gen4dp|1018\n|player|p2|BattlelegendRyan|101|1031\n|teamsize|p1|6\n|teamsize|p2|6\n|gen|9\n|tier|[Gen 9] VGC 2023 Regulation E\n|rated|\n|rule|Species Clause: Limit one of each Pok\u00e9mon\n|rule|Item Clause: Limit one of each item\n|clearpoke\n|poke|p1|Ting-Lu, L50|\n|poke|p1|Goodra-Hisui, L50, M|\n|poke|p1|Kommo-o, L50, F|\n|poke|p1|Sinistcha-Masterpiece, L50|\n|poke|p1|Rillaboom, L50, F|\n|poke|p1|Espathra, L50, M|\n|poke|p2|Azumarill, L50, F|\n|poke|p2|Snorlax, L50, M|\n|poke|p2|Ogerpon-Hearthflame, L50, F|\n|poke|p2|Flutter Mane, L50|\n|poke|p2|Sinistcha-Masterpiece, L50|\n|poke|p2|Carbink, L50|\n|teampreview|4\n|\n|t:|1700095303\n|start\n|switch|p1a: Kommo-o|Kommo-o, L50, F|100\/100\n|switch|p1b: Sinistcha|Sinistcha-Masterpiece, L50|100\/100\n|switch|p2a: Azumarill|Azumarill, L50, F|100\/100\n|switch|p2b: Snorlax|Snorlax, L50, M|100\/100\n|turn|1\n|inactive|Battle timer is ON: inactive players will automatically lose when time's up. (requested by BattlelegendRyan)\n|\n|t:|1700095321\n|move|p1b: Sinistcha|Rage Powder|p1b: Sinistcha\n|-singleturn|p1b: Sinistcha|move: Rage Powder\n|move|p1a: Kommo-o|Belly Drum|p1a: Kommo-o\n|-damage|p1a: Kommo-o|50\/100\n|-setboost|p1a: Kommo-o|atk|6|[from] move: Belly Drum\n|move|p2a: Azumarill|Belly Drum|p2a: Azumarill\n|-damage|p2a: Azumarill|50\/100\n|-setboost|p2a: Azumarill|atk|6|[from] move: Belly Drum\n|-enditem|p2a: Azumarill|Sitrus Berry|[eat]\n|-heal|p2a: Azumarill|75\/100|[from] item: Sitrus Berry\n|move|p2b: Snorlax|Belly Drum|p2b: Snorlax\n|-damage|p2b: Snorlax|51\/100\n|-setboost|p2b: Snorlax|atk|6|[from] move: Belly Drum\n|\n|upkeep\n|turn|2\n|inactive|BattlelegendRyan has 30 seconds left.\n|\n|t:|1700095354\n|move|p1b: Sinistcha|Rage Powder|p1b: Sinistcha\n|-singleturn|p1b: Sinistcha|move: Rage Powder\n|move|p1a: Kommo-o|Drain Punch|p2b: Snorlax\n|-supereffective|p2b: Snorlax\n|-damage|p2b: Snorlax|0 fnt\n|-heal|p1a: Kommo-o|90\/100|[from] drain|[of] p2b: Snorlax\n|faint|p2b: Snorlax\n|move|p2a: Azumarill|Play Rough|p1b: Sinistcha\n|-enditem|p1b: Sinistcha|Focus Sash\n|-damage|p1b: Sinistcha|1\/100\n|\n|upkeep\n|\n|t:|1700095360\n|switch|p2b: Flutter Mane|Flutter Mane, L50|100\/100\n|-enditem|p2b: Flutter Mane|Booster Energy\n|-activate|p2b: Flutter Mane|ability: Protosynthesis|[fromitem]\n|-start|p2b: Flutter Mane|protosynthesisspa\n|turn|3\n|\n|t:|1700095381\n|-terastallize|p1a: Kommo-o|Rock\n|move|p2a: Azumarill|Protect|p2a: Azumarill\n|-singleturn|p2a: Azumarill|Protect\n|move|p1b: Sinistcha|Rage Powder|p1b: Sinistcha\n|-singleturn|p1b: Sinistcha|move: Rage Powder\n|move|p2b: Flutter Mane|Dazzling Gleam|p1b: Sinistcha|[spread] p1a,p1b\n|-damage|p1a: Kommo-o|48\/100\n|-damage|p1b: Sinistcha|0 fnt\n|faint|p1b: Sinistcha\n|move|p1a: Kommo-o|Rock Slide|p2b: Flutter Mane|[spread] p2b\n|-activate|p2a: Azumarill|move: Protect\n|-damage|p2b: Flutter Mane|0 fnt\n|faint|p2b: Flutter Mane\n|-end|p2b: Flutter Mane|Protosynthesis|[silent]\n|\n|upkeep\n|\n|t:|1700095395\n|switch|p2b: Ogerpon|Ogerpon-Hearthflame, L50, F|100\/100\n|switch|p1b: Goodra|Goodra-Hisui, L50, M|100\/100\n|-ability|p2b: Ogerpon|Mold Breaker\n|turn|4\n|\n|t:|1700095417\n|move|p2a: Azumarill|Aqua Jet|p1a: Kommo-o\n|-supereffective|p1a: Kommo-o\n|-damage|p1a: Kommo-o|0 fnt\n|faint|p1a: Kommo-o\n|move|p2b: Ogerpon|Horn Leech|p1b: Goodra\n|-resisted|p1b: Goodra\n|-damage|p1b: Goodra|91\/100\n|move|p1b: Goodra|Acid Armor|p1b: Goodra\n|-boost|p1b: Goodra|def|2\n|\n|-heal|p1b: Goodra|97\/100|[from] item: Leftovers\n|upkeep\n|\n|t:|1700095427\n|switch|p1a: Rillaboom|Rillaboom, L50, F|100\/100\n|-fieldstart|move: Grassy Terrain|[from] ability: Grassy Surge|[of] p1a: Rillaboom\n|-enditem|p1a: Rillaboom|Grassy Seed\n|-boost|p1a: Rillaboom|def|1|[from] item: Grassy Seed\n|turn|5\n|\n|t:|1700095442\n|move|p2b: Ogerpon|Follow Me|p2b: Ogerpon\n|-singleturn|p2b: Ogerpon|move: Follow Me\n|move|p1a: Rillaboom|Grassy Glide|p2b: Ogerpon\n|-resisted|p2b: Ogerpon\n|-damage|p2b: Ogerpon|89\/100\n|move|p2a: Azumarill|Play Rough|p1b: Goodra\n|-damage|p1b: Goodra|6\/100\n|-unboost|p1b: Goodra|atk|1\n|move|p1b: Goodra|Body Press|p2b: Ogerpon\n|-damage|p2b: Ogerpon|49\/100\n|\n|-heal|p2b: Ogerpon|54\/100|[from] Grassy Terrain\n|-heal|p2a: Azumarill|82\/100|[from] Grassy Terrain\n|-heal|p1b: Goodra|12\/100|[from] Grassy Terrain\n|-heal|p1b: Goodra|18\/100|[from] item: Leftovers\n|upkeep\n|turn|6\n|inactive|Some Chump has 30 seconds left.\n|\n|t:|1700095469\n|move|p2b: Ogerpon|Follow Me|p2b: Ogerpon\n|-singleturn|p2b: Ogerpon|move: Follow Me\n|move|p1a: Rillaboom|Grassy Glide|p2b: Ogerpon\n|-resisted|p2b: Ogerpon\n|-crit|p2b: Ogerpon\n|-damage|p2b: Ogerpon|36\/100\n|move|p2a: Azumarill|Play Rough|p1b: Goodra\n|-damage|p1b: Goodra|0 fnt\n|faint|p1b: Goodra\n|\n|-heal|p2b: Ogerpon|42\/100|[from] Grassy Terrain\n|-heal|p2a: Azumarill|88\/100|[from] Grassy Terrain\n|upkeep\n|turn|7\n|-message|Some Chump forfeited.\n|\n|win|BattlelegendRyan\n|raw|Some Chump's rating: 1018 &rarr; <strong>1006<\/strong><br \/>(-12 for losing)\n|raw|BattlelegendRyan's rating: 1031 &rarr; <strong>1065<\/strong><br \/>(+34 for winning)\n|c|\u2606BattlelegendRyan|gg\n","uploadtime":1700095503,"views":26,"p1id":"somechump","p2id":"battlelegendryan","formatid":"gen9vgc2023regulatione","rating":1006,"private":0,"password":""}