{"id":"gen9vgc2023regulatione-1993279891","p1":"LiShanWeiLai","p2":"1 Time cp","format":"[Gen 9] VGC 2023 Regulation E","log":"|j|\u2606LiShanWeiLai\n|j|\u26061 Time cp\n|t:|1700289321\n|gametype|doubles\n|player|p1|LiShanWeiLai|gloria-masters|1100\n|player|p2|1 Time cp|lucas|1051\n|teamsize|p1|6\n|teamsize|p2|6\n|gen|9\n|tier|[Gen 9] VGC 2023 Regulation E\n|rated|\n|rule|Species Clause: Limit one of each Pok\u00e9mon\n|rule|Item Clause: Limit one of each item\n|clearpoke\n|poke|p1|Ogerpon-Hearthflame, L50, F|\n|poke|p1|Rillaboom, L50, M|\n|poke|p1|Chien-Pao, L50|\n|poke|p1|Landorus-Therian, L50, M|\n|poke|p1|Flutter Mane, L50|\n|poke|p1|Tornadus, L50, M|\n|poke|p2|Enamorus, L50, F|\n|poke|p2|Passimian, L50, M|\n|poke|p2|Dugtrio-Alola, L50, F|\n|poke|p2|Tornadus, L50, M|\n|poke|p2|Farigiraf, L50, M|\n|poke|p2|Rillaboom, L50, M|\n|teampreview|4\n|j| ornd277\n|\n|t:|1700289346\n|start\n|switch|p1a: Landorus|Landorus-Therian, L50, M|100\/100\n|switch|p1b: Chien-Pao|Chien-Pao, L50|100\/100\n|switch|p2a: Enamorus|Enamorus, L50, F|100\/100\n|switch|p2b: Passimian|Passimian, L50, M|100\/100\n|-ability|p1a: Landorus|Intimidate|boost\n|-boost|p2a: Enamorus|atk|1\n|-unboost|p2b: Passimian|atk|1\n|-ability|p1b: Chien-Pao|Sword of Ruin\n|turn|1\n|inactive|Battle timer is ON: inactive players will automatically lose when time's up. (requested by 1 Time cp)\n|\n|t:|1700289380\n|move|p2b: Passimian|Protect|p2b: Passimian\n|-singleturn|p2b: Passimian|Protect\n|move|p1a: Landorus|U-turn|p2b: Passimian\n|-activate|p2b: Passimian|move: Protect\n|move|p1b: Chien-Pao|Icicle Crash|p2a: Enamorus\n|-supereffective|p2a: Enamorus\n|-damage|p2a: Enamorus|0 fnt\n|faint|p2a: Enamorus\n|-ability|p2b: Passimian|Contrary|[from] ability: Receiver|[of] p2a: Enamorus\n|\n|upkeep\n|\n|t:|1700289393\n|switch|p2a: Dugtrio|Dugtrio-Alola, L50, F|100\/100\n|turn|2\n|\n|t:|1700289408\n|move|p1b: Chien-Pao|Protect|p1b: Chien-Pao\n|-singleturn|p1b: Chien-Pao|Protect\n|move|p2a: Dugtrio|Charm|p2b: Passimian\n|-boost|p2b: Passimian|atk|2\n|move|p1a: Landorus|U-turn|p2a: Dugtrio\n|-resisted|p2a: Dugtrio\n|-damage|p2a: Dugtrio|65\/100\n|-ability|p2a: Dugtrio|Tangling Hair\n|-unboost|p1a: Landorus|spe|1\n|\n|t:|1700289419\n|switch|p1a: Rillaboom|Rillaboom, L50, M|100\/100|[from] U-turn\n|-fieldstart|move: Grassy Terrain|[from] ability: Grassy Surge|[of] p1a: Rillaboom\n|move|p2b: Passimian|Close Combat|p1b: Chien-Pao\n|-activate|p1b: Chien-Pao|move: Protect\n|\n|-heal|p2a: Dugtrio|71\/100|[from] Grassy Terrain\n|upkeep\n|turn|3\n|inactive|1 Time cp has 30 seconds left.\n|inactive|1 Time cp has 20 seconds left.\n|\n|t:|1700289455\n|move|p2b: Passimian|Protect|p2b: Passimian\n|-singleturn|p2b: Passimian|Protect\n|move|p1a: Rillaboom|Fake Out|p2b: Passimian\n|-activate|p2b: Passimian|move: Protect\n|move|p2a: Dugtrio|Charm|p1a: Rillaboom\n|-unboost|p1a: Rillaboom|atk|2\n|move|p1b: Chien-Pao|Sacred Sword|p2a: Dugtrio\n|-supereffective|p2a: Dugtrio\n|-damage|p2a: Dugtrio|0 fnt\n|-ability|p2a: Dugtrio|Tangling Hair\n|-unboost|p1b: Chien-Pao|spe|1\n|faint|p2a: Dugtrio\n|\n|upkeep\n|\n|t:|1700289465\n|switch|p2a: Tornadus|Tornadus, L50, M|100\/100\n|turn|4\n|\n|t:|1700289479\n|switch|p1a: Landorus|Landorus-Therian, L50, M|100\/100\n|-ability|p1a: Landorus|Intimidate|boost\n|-unboost|p2a: Tornadus|atk|1\n|-boost|p2b: Passimian|atk|1\n|move|p2a: Tornadus|Scary Face|p2b: Passimian\n|-boost|p2b: Passimian|spe|2\n|move|p2b: Passimian|Close Combat|p1a: Landorus\n|-resisted|p1a: Landorus\n|-crit|p1a: Landorus\n|-damage|p1a: Landorus|0 fnt\n|-boost|p2b: Passimian|def|1\n|-boost|p2b: Passimian|spd|1\n|faint|p1a: Landorus\n|move|p1b: Chien-Pao|Icicle Crash|p2a: Tornadus\n|-supereffective|p2a: Tornadus\n|-enditem|p2a: Tornadus|Focus Sash\n|-damage|p2a: Tornadus|1\/100\n|\n|upkeep\n|\n|t:|1700289500\n|switch|p1a: Ogerpon|Ogerpon-Hearthflame, L50, F|100\/100\n|-ability|p1a: Ogerpon|Mold Breaker\n|turn|5\n|inactive|1 Time cp has 30 seconds left.\n|\n|t:|1700289527\n|-terastallize|p2b: Passimian|Fire\n|move|p1a: Ogerpon|Spiky Shield|p1a: Ogerpon\n|-singleturn|p1a: Ogerpon|move: Protect\n|move|p2a: Tornadus|Scary Face|p2b: Passimian\n|-boost|p2b: Passimian|spe|2\n|move|p2b: Passimian|Close Combat|p1a: Ogerpon\n|-activate|p1a: Ogerpon|move: Protect\n|-damage|p2b: Passimian|88\/100|[from] Spiky Shield|[of] p1a: Ogerpon\n|move|p1b: Chien-Pao|Icicle Crash|p2a: Tornadus\n|-supereffective|p2a: Tornadus\n|-damage|p2a: Tornadus|0 fnt\n|faint|p2a: Tornadus\n|\n|-heal|p2b: Passimian|94\/100|[from] Grassy Terrain\n|-heal|p2b: Passimian|100\/100|[from] item: Leftovers\n|upkeep\n|turn|6\n|inactive|LiShanWeiLai has 30 seconds left.\n|\n|t:|1700289557\n|-terastallize|p1a: Ogerpon|Fire\n|detailschange|p1a: Ogerpon|Ogerpon-Hearthflame-Tera, L50, F, tera:Fire\n|-ability|p1a: Ogerpon|Embody Aspect (Hearthflame)|boost\n|-boost|p1a: Ogerpon|atk|1\n|move|p1b: Chien-Pao|Sucker Punch|p2b: Passimian\n|-damage|p2b: Passimian|67\/100\n|move|p2b: Passimian|Close Combat|p1a: Ogerpon\n|-damage|p1a: Ogerpon|0 fnt\n|-boost|p2b: Passimian|def|1\n|-boost|p2b: Passimian|spd|1\n|faint|p1a: Ogerpon\n|\n|-heal|p2b: Passimian|74\/100|[from] Grassy Terrain\n|-heal|p2b: Passimian|80\/100|[from] item: Leftovers\n|-fieldend|move: Grassy Terrain\n|upkeep\n|\n|t:|1700289573\n|switch|p1a: Rillaboom|Rillaboom, L50, M|100\/100\n|-fieldstart|move: Grassy Terrain|[from] ability: Grassy Surge|[of] p1a: Rillaboom\n|turn|7\n|\n|t:|1700289583\n|move|p2b: Passimian|Protect|p2b: Passimian\n|-singleturn|p2b: Passimian|Protect\n|move|p1a: Rillaboom|Fake Out|p2b: Passimian\n|-activate|p2b: Passimian|move: Protect\n|move|p1b: Chien-Pao|Sacred Sword|p2b: Passimian\n|-activate|p2b: Passimian|move: Protect\n|\n|-heal|p2b: Passimian|86\/100|[from] Grassy Terrain\n|-heal|p2b: Passimian|92\/100|[from] item: Leftovers\n|upkeep\n|turn|8\n|\n|t:|1700289601\n|move|p1b: Chien-Pao|Sucker Punch|p2b: Passimian\n|-damage|p2b: Passimian|67\/100\n|move|p2b: Passimian|Close Combat|p1a: Rillaboom\n|-damage|p1a: Rillaboom|0 fnt\n|-boost|p2b: Passimian|def|1\n|-boost|p2b: Passimian|spd|1\n|faint|p1a: Rillaboom\n|\n|-heal|p2b: Passimian|74\/100|[from] Grassy Terrain\n|-heal|p2b: Passimian|80\/100|[from] item: Leftovers\n|upkeep\n|turn|9\n|-message|LiShanWeiLai forfeited.\n|\n|win|1 Time cp\n|raw|LiShanWeiLai's rating: 1124 &rarr; <strong>1094<\/strong><br \/>(-30 for losing)\n|raw|1 Time cp's rating: 1051 &rarr; <strong>1090<\/strong><br \/>(+39 for winning)\n|l|\u2606LiShanWeiLai\n","uploadtime":1700289614,"views":33,"p1id":"lishanweilai","p2id":"1timecp","formatid":"gen9vgc2023regulatione","rating":1090,"private":0,"password":""}