{"id":"gen9vgc2023regulatione-1994313638","p1":"rbklmao","p2":"Sinfonia Sonia.","format":"[Gen 9] VGC 2023 Regulation E","log":"|j|\u2606rbklmao\n|j|\u2606Sinfonia Sonia.\n|t:|1700430040\n|gametype|doubles\n|player|p1|rbklmao|101|1091\n|player|p2|Sinfonia Sonia.|2|1051\n|teamsize|p1|6\n|teamsize|p2|6\n|gen|9\n|tier|[Gen 9] VGC 2023 Regulation E\n|rated|\n|rule|Species Clause: Limit one of each Pok\u00e9mon\n|rule|Item Clause: Limit one of each item\n|clearpoke\n|poke|p1|Gholdengo, L50|\n|poke|p1|Tornadus, L50, M|\n|poke|p1|Arcanine-Hisui, L50, F|\n|poke|p1|Rillaboom, L50, M|\n|poke|p1|Urshifu-*, L50, M|\n|poke|p1|Chien-Pao, L50|\n|poke|p2|Flutter Mane, L50|\n|poke|p2|Arcanine-Hisui, L50, F|\n|poke|p2|Goodra-Hisui, L50, F|\n|poke|p2|Corviknight, L50, M|\n|poke|p2|Grimmsnarl, L50, M|\n|poke|p2|Tyranitar, L50, F|\n|teampreview|4\n|inactive|Battle timer is ON: inactive players will automatically lose when time's up. (requested by Sinfonia Sonia.)\n|\n|t:|1700430066\n|start\n|switch|p1a: Arcanine|Arcanine-Hisui, L50, F|100\/100\n|switch|p1b: Rillaboom|Rillaboom, L50, M|100\/100\n|switch|p2a: Grimmsnarl|Grimmsnarl, L50, M|100\/100\n|switch|p2b: Corviknight|Corviknight, L50, M, shiny|100\/100\n|-ability|p1a: Arcanine|Intimidate|boost\n|-unboost|p2a: Grimmsnarl|atk|1\n|-ability|p2b: Corviknight|Mirror Armor\n|-unboost|p1a: Arcanine|atk|1\n|-fieldstart|move: Grassy Terrain|[from] ability: Grassy Surge|[of] p1b: Rillaboom\n|turn|1\n|\n|t:|1700430077\n|move|p1b: Rillaboom|Fake Out|p2b: Corviknight\n|-resisted|p2b: Corviknight\n|-damage|p2b: Corviknight|97\/100\n|move|p2a: Grimmsnarl|Reflect|p2a: Grimmsnarl\n|-sidestart|p2: Sinfonia Sonia.|Reflect\n|move|p1a: Arcanine|Flare Blitz|p2b: Corviknight\n|-supereffective|p2b: Corviknight\n|-damage|p2b: Corviknight|48\/100\n|-damage|p1a: Arcanine|82\/100|[from] Recoil\n|cant|p2b: Corviknight|flinch\n|\n|-heal|p1a: Arcanine|88\/100|[from] Grassy Terrain\n|-heal|p2b: Corviknight|54\/100|[from] item: Leftovers\n|upkeep\n|turn|2\n|\n|t:|1700430093\n|move|p2a: Grimmsnarl|Light Screen|p2a: Grimmsnarl\n|-sidestart|p2: Sinfonia Sonia.|move: Light Screen\n|move|p1a: Arcanine|Flare Blitz|p2b: Corviknight\n|-supereffective|p2b: Corviknight\n|-damage|p2b: Corviknight|2\/100\n|-damage|p1a: Arcanine|69\/100|[from] Recoil\n|move|p1b: Rillaboom|Knock Off|p2a: Grimmsnarl\n|-resisted|p2a: Grimmsnarl\n|-damage|p2a: Grimmsnarl|94\/100\n|-enditem|p2a: Grimmsnarl|Light Clay|[from] move: Knock Off|[of] p1b: Rillaboom\n|move|p2b: Corviknight|Tailwind|p2b: Corviknight\n|-sidestart|p2: Sinfonia Sonia.|move: Tailwind\n|\n|-heal|p2b: Corviknight|8\/100|[from] item: Leftovers\n|-heal|p2a: Grimmsnarl|99\/100|[from] Grassy Terrain\n|-heal|p1a: Arcanine|75\/100|[from] Grassy Terrain\n|upkeep\n|turn|3\n|inactive|Sinfonia Sonia. has 30 seconds left.\n|\n|t:|1700430121\n|switch|p2b: Tyranitar|Tyranitar, L50, F, shiny|100\/100\n|-weather|Sandstorm|[from] ability: Sand Stream|[of] p2b: Tyranitar\n|move|p2a: Grimmsnarl|Parting Shot|p1a: Arcanine\n|-unboost|p1a: Arcanine|atk|1\n|-unboost|p1a: Arcanine|spa|1\n|\n|t:|1700430128\n|switch|p2a: Goodra|Goodra-Hisui, L50, F|100\/100|[from] Parting Shot\n|move|p1b: Rillaboom|Grassy Glide|p2b: Tyranitar\n|-supereffective|p2b: Tyranitar\n|-damage|p2b: Tyranitar|62\/100\n|-enditem|p2b: Tyranitar|Weakness Policy\n|-boost|p2b: Tyranitar|atk|2|[from] item: Weakness Policy\n|-boost|p2b: Tyranitar|spa|2|[from] item: Weakness Policy\n|move|p1a: Arcanine|Flare Blitz|p2a: Goodra\n|-damage|p2a: Goodra|73\/100\n|-damage|p1a: Arcanine|65\/100|[from] Recoil\n|\n|-weather|Sandstorm|[upkeep]\n|-damage|p1b: Rillaboom|95\/100|[from] Sandstorm\n|-heal|p2b: Tyranitar|68\/100|[from] Grassy Terrain\n|-heal|p2a: Goodra|79\/100|[from] Grassy Terrain\n|-heal|p1a: Arcanine|71\/100|[from] Grassy Terrain\n|-heal|p1b: Rillaboom|100\/100|[from] Grassy Terrain\n|upkeep\n|turn|4\n|inactive|rbklmao has 30 seconds left.\n|\n|t:|1700430154\n|switch|p1a: Tornadus|Tornadus, L50, M|100\/100\n|move|p2b: Tyranitar|Protect|p2b: Tyranitar\n|-singleturn|p2b: Tyranitar|Protect\n|move|p1b: Rillaboom|Grassy Glide|p2b: Tyranitar\n|-activate|p2b: Tyranitar|move: Protect\n|move|p2a: Goodra|Sludge Bomb|p1b: Rillaboom\n|-supereffective|p1b: Rillaboom\n|-damage|p1b: Rillaboom|59\/100\n|-status|p1b: Rillaboom|psn\n|\n|-weather|Sandstorm|[upkeep]\n|-damage|p1a: Tornadus|95\/100|[from] Sandstorm\n|-damage|p1b: Rillaboom|53\/100 psn|[from] Sandstorm\n|-heal|p2b: Tyranitar|73\/100|[from] Grassy Terrain\n|-heal|p2a: Goodra|84\/100|[from] Grassy Terrain\n|-heal|p1b: Rillaboom|59\/100 psn|[from] Grassy Terrain\n|-damage|p1b: Rillaboom|47\/100 psn|[from] psn\n|upkeep\n|turn|5\n|inactive|Sinfonia Sonia. has 30 seconds left.\n|\n|t:|1700430180\n|-terastallize|p1b: Rillaboom|Grass\n|move|p1a: Tornadus|Protect|p1a: Tornadus\n|-singleturn|p1a: Tornadus|Protect\n|move|p1b: Rillaboom|Grassy Glide|p2b: Tyranitar\n|-supereffective|p2b: Tyranitar\n|-damage|p2b: Tyranitar|23\/100\n|move|p2b: Tyranitar|Rock Slide|p1b: Rillaboom|[spread] p1b\n|-activate|p1a: Tornadus|move: Protect\n|-damage|p1b: Rillaboom|0 fnt\n|faint|p1b: Rillaboom\n|move|p2a: Goodra|Ice Beam|p1a: Tornadus\n|-activate|p1a: Tornadus|move: Protect\n|\n|-weather|Sandstorm|[upkeep]\n|-damage|p1a: Tornadus|89\/100|[from] Sandstorm\n|-heal|p2b: Tyranitar|29\/100|[from] Grassy Terrain\n|-heal|p2a: Goodra|90\/100|[from] Grassy Terrain\n|-sideend|p2: Sinfonia Sonia.|move: Tailwind\n|-fieldend|move: Grassy Terrain\n|upkeep\n|\n|t:|1700430191\n|switch|p1b: Urshifu|Urshifu-Rapid-Strike, L50, M|100\/100\n|turn|6\n|\n|t:|1700430211\n|-terastallize|p2a: Goodra|Water\n|move|p1a: Tornadus|Taunt|p2a: Goodra\n|-start|p2a: Goodra|move: Taunt\n|move|p1b: Urshifu|Surging Strikes|p2b: Tyranitar\n|-supereffective|p2b: Tyranitar\n|-crit|p2b: Tyranitar\n|-damage|p2b: Tyranitar|0 fnt\n|faint|p2b: Tyranitar\n|-hitcount|p2: Tyranitar|1\n|move|p2a: Goodra|Dragon Pulse|p1b: Urshifu\n|-damage|p1b: Urshifu|37\/100\n|\n|-weather|Sandstorm|[upkeep]\n|-damage|p1b: Urshifu|31\/100|[from] Sandstorm\n|-damage|p1a: Tornadus|83\/100|[from] Sandstorm\n|-damage|p2a: Goodra|84\/100|[from] Sandstorm\n|upkeep\n|\n|t:|1700430219\n|switch|p2b: Grimmsnarl|Grimmsnarl, L50, M|99\/100\n|turn|7\n|\n|t:|1700430241\n|move|p2b: Grimmsnarl|Parting Shot|p1b: Urshifu\n|-unboost|p1b: Urshifu|atk|1\n|-unboost|p1b: Urshifu|spa|1\n|\n|t:|1700430243\n|switch|p2b: Corviknight|Corviknight, L50, M, shiny|8\/100|[from] Parting Shot\n|move|p1b: Urshifu|Surging Strikes|p2b: Corviknight\n|-crit|p2b: Corviknight\n|-damage|p2b: Corviknight|0 fnt\n|faint|p2b: Corviknight\n|-hitcount|p2: Corviknight|1\n|move|p1a: Tornadus|Bleakwind Storm|p2a: Goodra\n|-damage|p2a: Goodra|67\/100\n|-unboost|p2a: Goodra|spe|1\n|move|p2a: Goodra|Ice Beam|p1a: Tornadus\n|-supereffective|p1a: Tornadus\n|-damage|p1a: Tornadus|3\/100\n|\n|-weather|none\n|upkeep\n|\n|t:|1700430246\n|switch|p2b: Grimmsnarl|Grimmsnarl, L50, M|99\/100\n|turn|8\n|\n|t:|1700430257\n|switch|p1b: Arcanine|Arcanine-Hisui, L50, F|71\/100\n|-ability|p1b: Arcanine|Intimidate|boost\n|-unboost|p2a: Goodra|atk|1\n|-unboost|p2b: Grimmsnarl|atk|1\n|move|p1a: Tornadus|Protect|p1a: Tornadus\n|-singleturn|p1a: Tornadus|Protect\n|move|p2b: Grimmsnarl|Spirit Break|p1a: Tornadus\n|-activate|p1a: Tornadus|move: Protect\n|move|p2a: Goodra|Dragon Pulse|p1b: Arcanine\n|-damage|p1b: Arcanine|21\/100\n|\n|-end|p2a: Goodra|move: Taunt\n|-sideend|p2: Sinfonia Sonia.|Reflect\n|upkeep\n|turn|9\n|\n|t:|1700430271\n|move|p2b: Grimmsnarl|Reflect|p2b: Grimmsnarl\n|-sidestart|p2: Sinfonia Sonia.|Reflect\n|move|p1a: Tornadus|Bleakwind Storm|p2a: Goodra|[spread] p2b\n|-miss|p1a: Tornadus|p2a: Goodra\n|-damage|p2b: Grimmsnarl|80\/100\n|move|p1b: Arcanine|Psychic Fangs|p2a: Goodra\n|-sideend|p2: Sinfonia Sonia.|Reflect\n|-sideend|p2: Sinfonia Sonia.|move: Light Screen\n|-damage|p2a: Goodra|27\/100\n|move|p2a: Goodra|Dragon Pulse|p1b: Arcanine\n|-crit|p1b: Arcanine\n|-damage|p1b: Arcanine|0 fnt\n|faint|p1b: Arcanine\n|\n|upkeep\n|\n|t:|1700430281\n|switch|p1b: Urshifu|Urshifu-Rapid-Strike, L50, M|31\/100\n|turn|10\n|\n|t:|1700430290\n|move|p1b: Urshifu|Surging Strikes|p2a: Goodra\n|-resisted|p2a: Goodra\n|-crit|p2a: Goodra\n|-damage|p2a: Goodra|17\/100\n|-resisted|p2a: Goodra\n|-crit|p2a: Goodra\n|-damage|p2a: Goodra|7\/100\n|-resisted|p2a: Goodra\n|-crit|p2a: Goodra\n|-damage|p2a: Goodra|0 fnt\n|faint|p2a: Goodra\n|-hitcount|p2: Goodra|3\n|move|p1a: Tornadus|Bleakwind Storm|p2b: Grimmsnarl\n|-damage|p2b: Grimmsnarl|41\/100\n|move|p2b: Grimmsnarl|Spirit Break|p1b: Urshifu\n|-supereffective|p1b: Urshifu\n|-damage|p1b: Urshifu|0 fnt\n|faint|p1b: Urshifu\n|\n|upkeep\n|turn|11\n|\n|t:|1700430300\n|move|p1a: Tornadus|Bleakwind Storm|p2b: Grimmsnarl\n|-damage|p2b: Grimmsnarl|1\/100\n|-unboost|p2b: Grimmsnarl|spe|1\n|move|p2b: Grimmsnarl|Spirit Break|p1a: Tornadus\n|-damage|p1a: Tornadus|0 fnt\n|faint|p1a: Tornadus\n|\n|win|Sinfonia Sonia.\n|raw|rbklmao's rating: 1091 &rarr; <strong>1065<\/strong><br \/>(-26 for losing)\n|raw|Sinfonia Sonia.'s rating: 1051 &rarr; <strong>1087<\/strong><br \/>(+36 for winning)\n|c|\u2606rbklmao|fuuuck\n|c|\u2606rbklmao|gg\n","uploadtime":1700430312,"views":5,"p1id":"rbklmao","p2id":"sinfoniasonia","formatid":"gen9vgc2023regulatione","rating":1065,"private":0,"password":""}