{"id":"gen9vgc2023regulatione-1999124736","p1":"Heyo17","p2":"grimmie500","format":"[Gen 9] VGC 2023 Regulation E","log":"|j|\u2606Heyo17\n|j|\u2606grimmie500\n|t:|1701035793\n|gametype|doubles\n|player|p1|Heyo17|266|1096\n|player|p2|grimmie500|2|1044\n|teamsize|p1|6\n|teamsize|p2|6\n|gen|9\n|tier|[Gen 9] VGC 2023 Regulation E\n|rated|\n|rule|Species Clause: Limit one of each Pok\u00e9mon\n|rule|Item Clause: Limit one of each item\n|clearpoke\n|poke|p1|Shiftry, L50, M|\n|poke|p1|Volcarona, L50, M|\n|poke|p1|Kommo-o, L50, F|\n|poke|p1|Clefairy, L50, M|\n|poke|p1|Iron Hands, L50|\n|poke|p1|Flutter Mane, L50|\n|poke|p2|Cresselia, L50, F|\n|poke|p2|Iron Hands, L50|\n|poke|p2|Landorus-Therian, L50, M|\n|poke|p2|Amoonguss, L50, M|\n|poke|p2|Urshifu-*, L50, M|\n|poke|p2|Chien-Pao, L50|\n|teampreview|4\n|inactive|Battle timer is ON: inactive players will automatically lose when time's up. (requested by Heyo17)\n|\n|t:|1701035826\n|start\n|switch|p1a: Clefairy|Clefairy, L50, M|100\/100\n|switch|p1b: Kommo-o|Kommo-o, L50, F|100\/100\n|switch|p2a: Cresselia|Cresselia, L50, F|100\/100\n|switch|p2b: Landorus|Landorus-Therian, L50, M|100\/100\n|-ability|p2b: Landorus|Intimidate|boost\n|-unboost|p1a: Clefairy|atk|1\n|-unboost|p1b: Kommo-o|atk|1\n|turn|1\n|inactive|Heyo17 has 30 seconds left.\n|inactive|grimmie500 has 30 seconds left.\n|\n|t:|1701035856\n|move|p1b: Kommo-o|Clangorous Soul|p1b: Kommo-o\n|-boost|p1b: Kommo-o|atk|1\n|-boost|p1b: Kommo-o|def|1\n|-boost|p1b: Kommo-o|spa|1\n|-boost|p1b: Kommo-o|spd|1\n|-boost|p1b: Kommo-o|spe|1\n|-damage|p1b: Kommo-o|68\/100\n|-enditem|p1b: Kommo-o|Throat Spray\n|-boost|p1b: Kommo-o|spa|1|[from] item: Throat Spray\n|move|p2b: Landorus|Earthquake|p1b: Kommo-o|[spread] p1a,p1b\n|-immune|p2a: Cresselia|[from] ability: Levitate\n|-damage|p1a: Clefairy|42\/100\n|-damage|p1b: Kommo-o|45\/100\n|move|p1a: Clefairy|Encore||[still]\n|-fail|p1a: Clefairy\n|move|p2a: Cresselia|Trick Room|p2a: Cresselia\n|-fieldstart|move: Trick Room|[of] p2a: Cresselia\n|\n|upkeep\n|turn|2\n|inactive|Heyo17 has 30 seconds left.\n|inactive|grimmie500 has 30 seconds left.\n|inactive|Heyo17 has 20 seconds left.\n|inactive|Heyo17 has 15 seconds left.\n|inactive|Heyo17 has 10 seconds left.\n|\n|t:|1701035902\n|move|p2a: Cresselia|Helping Hand|p2b: Landorus\n|-singleturn|p2b: Landorus|Helping Hand|[of] p2a: Cresselia\n|move|p1a: Clefairy|Life Dew|p1a: Clefairy|[spread] p1a,p1b\n|-heal|p1a: Clefairy|67\/100\n|-heal|p1b: Kommo-o|70\/100\n|move|p2b: Landorus|Earthquake|p1b: Kommo-o|[spread] p1a,p1b\n|-immune|p2a: Cresselia|[from] ability: Levitate\n|-damage|p1a: Clefairy|0 fnt\n|-damage|p1b: Kommo-o|34\/100\n|faint|p1a: Clefairy\n|move|p1b: Kommo-o|Clanging Scales|p2b: Landorus|[spread] p2a,p2b\n|-damage|p2a: Cresselia|60\/100\n|-damage|p2b: Landorus|22\/100\n|-unboost|p1b: Kommo-o|def|1\n|\n|upkeep\n|\n|t:|1701035914\n|switch|p1a: Iron Hands|Iron Hands, L50|100\/100\n|turn|3\n|\n|t:|1701035924\n|move|p2a: Cresselia|Helping Hand|p2b: Landorus\n|-singleturn|p2b: Landorus|Helping Hand|[of] p2a: Cresselia\n|move|p1a: Iron Hands|Fake Out|p2b: Landorus\n|-damage|p2b: Landorus|4\/100\n|cant|p2b: Landorus|flinch\n|move|p1b: Kommo-o|Clanging Scales|p2b: Landorus|[spread] p2a,p2b\n|-damage|p2a: Cresselia|24\/100\n|-damage|p2b: Landorus|0 fnt\n|faint|p2b: Landorus\n|-unboost|p1b: Kommo-o|def|1\n|\n|upkeep\n|\n|t:|1701035946\n|switch|p2b: Iron Hands|Iron Hands, L50|100\/100\n|turn|4\n|\n|t:|1701035969\n|switch|p1b: Flutter Mane|Flutter Mane, L50|100\/100\n|-enditem|p1b: Flutter Mane|Booster Energy\n|-activate|p1b: Flutter Mane|ability: Protosynthesis|[fromitem]\n|-start|p1b: Flutter Mane|protosynthesisspe\n|move|p2b: Iron Hands|Fake Out|p1b: Flutter Mane\n|-immune|p1b: Flutter Mane\n|move|p1a: Iron Hands|Wild Charge|p2a: Cresselia\n|-damage|p2a: Cresselia|0 fnt\n|faint|p2a: Cresselia\n|-damage|p1a: Iron Hands|95\/100|[from] Recoil\n|\n|upkeep\n|\n|t:|1701035982\n|switch|p2a: Urshifu|Urshifu-Rapid-Strike, L50, M|100\/100\n|turn|5\n|\n|t:|1701035997\n|-end|p1b: Flutter Mane|Protosynthesis|[silent]\n|switch|p1b: Kommo-o|Kommo-o, L50, F|34\/100\n|move|p2b: Iron Hands|Drain Punch|p1a: Iron Hands\n|-damage|p1a: Iron Hands|68\/100\n|move|p1a: Iron Hands|Wild Charge|p2a: Urshifu\n|-supereffective|p2a: Urshifu\n|-damage|p2a: Urshifu|13\/100\n|-damage|p1a: Iron Hands|50\/100|[from] Recoil\n|move|p2a: Urshifu|Poison Jab|p1b: Kommo-o\n|-damage|p1b: Kommo-o|0 fnt\n|faint|p1b: Kommo-o\n|-damage|p2a: Urshifu|3\/100|[from] item: Life Orb\n|\n|-fieldend|move: Trick Room\n|upkeep\n|\n|t:|1701036006\n|switch|p1b: Flutter Mane|Flutter Mane, L50|100\/100\n|turn|6\n|\n|t:|1701036026\n|-terastallize|p1b: Flutter Mane|Fairy\n|move|p1b: Flutter Mane|Dazzling Gleam|p2b: Iron Hands|[spread] p2a,p2b\n|-supereffective|p2a: Urshifu\n|-supereffective|p2b: Iron Hands\n|-damage|p2a: Urshifu|0 fnt\n|-damage|p2b: Iron Hands|55\/100\n|faint|p2a: Urshifu\n|move|p1a: Iron Hands|Drain Punch|p2b: Iron Hands\n|-damage|p2b: Iron Hands|22\/100\n|-heal|p1a: Iron Hands|65\/100|[from] drain|[of] p2b: Iron Hands\n|move|p2b: Iron Hands|Drain Punch|p1a: Iron Hands\n|-damage|p1a: Iron Hands|34\/100\n|-heal|p2b: Iron Hands|40\/100|[from] drain|[of] p1a: Iron Hands\n|\n|upkeep\n|turn|7\n|-message|grimmie500 forfeited.\n|\n|win|Heyo17\n|raw|Heyo17's rating: 1096 &rarr; <strong>1118<\/strong><br \/>(+22 for winning)\n|raw|grimmie500's rating: 1044 &rarr; <strong>1030<\/strong><br \/>(-14 for losing)\n|l|\u2606grimmie500\n","uploadtime":1701036047,"views":2,"p1id":"heyo17","p2id":"grimmie500","formatid":"gen9vgc2023regulatione","rating":1030,"private":0,"password":""}