{"id":"gen9vgc2023regulatione-1999016094","p1":"newusernovice","p2":"Sans45910","format":"[Gen 9] VGC 2023 Regulation E","log":"|j|\u2606newusernovice\n|j|\u2606Sans45910\n|t:|1701024170\n|gametype|doubles\n|player|p1|newusernovice|brawly|1457\n|player|p2|Sans45910|nate|1521\n|teamsize|p1|6\n|teamsize|p2|6\n|gen|9\n|tier|[Gen 9] VGC 2023 Regulation E\n|rated|\n|rule|Species Clause: Limit one of each Pok\u00e9mon\n|rule|Item Clause: Limit one of each item\n|clearpoke\n|poke|p1|Rillaboom, L50, M|\n|poke|p1|Tornadus, L50, M|\n|poke|p1|Arcanine-Hisui, L50, M|\n|poke|p1|Urshifu-*, L50, M|\n|poke|p1|Gholdengo, L50|\n|poke|p1|Flutter Mane, L50|\n|poke|p2|Scizor, L50, M|\n|poke|p2|Landorus-Therian, L50, M|\n|poke|p2|Iron Bundle, L50|\n|poke|p2|Chi-Yu, L50|\n|poke|p2|Dipplin, L50, M|\n|poke|p2|Tornadus, L50, M|\n|teampreview|4\n|inactive|Battle timer is ON: inactive players will automatically lose when time's up. (requested by newusernovice)\n|inactive|newusernovice has 60 seconds left.\n|\n|t:|1701024209\n|start\n|switch|p1a: Tornadus|Tornadus, L50, M, shiny|100\/100\n|switch|p1b: Flutter Mane|Flutter Mane, L50, shiny|100\/100\n|switch|p2a: Tornadus|Tornadus, L50, M|100\/100\n|switch|p2b: Iron Bundle|Iron Bundle, L50|100\/100\n|-enditem|p2b: Iron Bundle|Booster Energy\n|-activate|p2b: Iron Bundle|ability: Quark Drive|[fromitem]\n|-start|p2b: Iron Bundle|quarkdrivespe\n|turn|1\n|\n|t:|1701024233\n|-terastallize|p1b: Flutter Mane|Fairy\n|move|p1a: Tornadus|Protect|p1a: Tornadus\n|-singleturn|p1a: Tornadus|Protect\n|move|p2a: Tornadus|Tailwind|p2a: Tornadus\n|-sidestart|p2: Sans45910|move: Tailwind\n|move|p2b: Iron Bundle|Freeze-Dry|p1a: Tornadus\n|-activate|p1a: Tornadus|move: Protect\n|move|p1b: Flutter Mane|Moonblast|p2a: Tornadus\n|-damage|p2a: Tornadus|0 fnt\n|faint|p2a: Tornadus\n|\n|upkeep\n|\n|t:|1701024241\n|switch|p2a: Chi-Yu|Chi-Yu, L50|100\/100\n|-ability|p2a: Chi-Yu|Beads of Ruin\n|turn|2\n|\n|t:|1701024256\n|switch|p1a: Arcanine|Arcanine-Hisui, L50, M|100\/100\n|-ability|p1a: Arcanine|Intimidate|boost\n|-unboost|p2a: Chi-Yu|atk|1\n|-unboost|p2b: Iron Bundle|atk|1\n|move|p2b: Iron Bundle|Freeze-Dry|p1a: Arcanine\n|-resisted|p1a: Arcanine\n|-damage|p1a: Arcanine|76\/100\n|move|p2a: Chi-Yu|Snarl|p1b: Flutter Mane|[spread] p1a,p1b\n|-resisted|p1b: Flutter Mane\n|-damage|p1a: Arcanine|40\/100\n|-damage|p1b: Flutter Mane|85\/100\n|-unboost|p1a: Arcanine|spa|1\n|-unboost|p1b: Flutter Mane|spa|1\n|-enditem|p1a: Arcanine|Sitrus Berry|[eat]\n|-heal|p1a: Arcanine|65\/100|[from] item: Sitrus Berry\n|move|p1b: Flutter Mane|Moonblast|p2b: Iron Bundle\n|-damage|p2b: Iron Bundle|0 fnt\n|faint|p2b: Iron Bundle\n|-end|p2b: Iron Bundle|Quark Drive|[silent]\n|\n|upkeep\n|\n|t:|1701024273\n|switch|p2b: Dipplin|Dipplin, L50, M|100\/100\n|-ability|p2b: Dipplin|Supersweet Syrup\n|-ability|p2b: Dipplin|Supersweet Syrup|boost\n|-unboost|p1a: Arcanine|evasion|1\n|-unboost|p1b: Flutter Mane|evasion|1\n|turn|3\n|\n|t:|1701024285\n|move|p2a: Chi-Yu|Snarl|p1b: Flutter Mane|[spread] p1a,p1b\n|-resisted|p1b: Flutter Mane\n|-damage|p1a: Arcanine|30\/100\n|-damage|p1b: Flutter Mane|68\/100\n|-unboost|p1a: Arcanine|spa|1\n|-unboost|p1b: Flutter Mane|spa|1\n|move|p1b: Flutter Mane|Moonblast|p2a: Chi-Yu\n|-damage|p2a: Chi-Yu|56\/100\n|-unboost|p2a: Chi-Yu|spa|1\n|move|p1a: Arcanine|Flare Blitz|p2b: Dipplin\n|-damage|p2b: Dipplin|66\/100\n|-damage|p1a: Arcanine|19\/100|[from] Recoil\n|move|p2b: Dipplin|Syrup Bomb|p1b: Flutter Mane\n|-damage|p1b: Flutter Mane|40\/100\n|-start|p1b: Flutter Mane|Syrup Bomb\n|\n|-unboost|p1b: Flutter Mane|spe|1\n|upkeep\n|turn|4\n|inactive|newusernovice has 30 seconds left.\n|inactive|newusernovice has 20 seconds left.\n|inactive|newusernovice has 15 seconds left.\n|\n|t:|1701024330\n|move|p1b: Flutter Mane|Protect|p1b: Flutter Mane\n|-singleturn|p1b: Flutter Mane|Protect\n|move|p1a: Arcanine|Extreme Speed|p2a: Chi-Yu\n|-damage|p2a: Chi-Yu|10\/100\n|move|p2a: Chi-Yu|Snarl|p1a: Arcanine|[spread] p1a\n|-activate|p1b: Flutter Mane|move: Protect\n|-damage|p1a: Arcanine|0 fnt\n|faint|p1a: Arcanine\n|move|p2b: Dipplin|Pollen Puff|p2a: Chi-Yu\n|-heal|p2a: Chi-Yu|60\/100\n|\n|-unboost|p1b: Flutter Mane|spe|1\n|-sideend|p2: Sans45910|move: Tailwind\n|upkeep\n|\n|t:|1701024351\n|switch|p1a: Tornadus|Tornadus, L50, M, shiny|100\/100\n|turn|5\n|\n|t:|1701024367\n|-end|p1b: Flutter Mane|Protosynthesis|[silent]\n|switch|p1b: Urshifu|Urshifu-Rapid-Strike, L50, M|100\/100\n|move|p1a: Tornadus|Tailwind|p1a: Tornadus\n|-sidestart|p1: newusernovice|move: Tailwind\n|move|p2a: Chi-Yu|Snarl|p1b: Urshifu|[spread] p1a,p1b\n|-resisted|p1b: Urshifu\n|-damage|p1a: Tornadus|82\/100\n|-damage|p1b: Urshifu|89\/100\n|-unboost|p1a: Tornadus|spa|1\n|-unboost|p1b: Urshifu|spa|1\n|move|p2b: Dipplin|Pollen Puff|p2a: Chi-Yu\n|-heal|p2a: Chi-Yu|100\/100\n|\n|upkeep\n|turn|6\n|\n|t:|1701024379\n|move|p1a: Tornadus|Rain Dance|p1a: Tornadus\n|-weather|RainDance\n|move|p1b: Urshifu|Surging Strikes|p2a: Chi-Yu\n|-supereffective|p2a: Chi-Yu\n|-crit|p2a: Chi-Yu\n|-damage|p2a: Chi-Yu|0 fnt\n|faint|p2a: Chi-Yu\n|-hitcount|p2: Chi-Yu|1\n|move|p2b: Dipplin|Syrup Bomb|p1b: Urshifu\n|-supereffective|p1b: Urshifu\n|-damage|p1b: Urshifu|42\/100\n|-start|p1b: Urshifu|Syrup Bomb\n|\n|-weather|RainDance|[upkeep]\n|-unboost|p1b: Urshifu|spe|1\n|upkeep\n|turn|7\n|-message|Sans45910 forfeited.\n|\n|win|newusernovice\n|raw|newusernovice's rating: 1457 &rarr; <strong>1481<\/strong><br \/>(+24 for winning)\n|raw|Sans45910's rating: 1521 &rarr; <strong>1497<\/strong><br \/>(-24 for losing)\n|l|\u2606Sans45910\n","uploadtime":1701024413,"views":7,"p1id":"newusernovice","p2id":"sans45910","formatid":"gen9vgc2023regulatione","rating":1481,"private":0,"password":""}