{"id":"gen9vgc2023regulatione-1989468267","p1":"meowmeowjoe","p2":"5Sscreen","format":"[Gen 9] VGC 2023 Regulation E","log":"|j|\u2606meowmeowjoe\n|j|\u26065Sscreen\n|t:|1699855271\n|gametype|doubles\n|player|p1|meowmeowjoe|guitarist|\n|player|p2|5Sscreen|pokekid|\n|teamsize|p1|6\n|teamsize|p2|6\n|gen|9\n|tier|[Gen 9] VGC 2023 Regulation E\n|rule|Species Clause: Limit one of each Pok\u00e9mon\n|rule|Item Clause: Limit one of each item\n|clearpoke\n|poke|p1|Sneasler, L50, M|\n|poke|p1|Chien-Pao, L50|\n|poke|p1|Indeedee-F, L50, F|\n|poke|p1|Armarouge, L50, F|\n|poke|p1|Tornadus, L50, M|\n|poke|p1|Urshifu-*, L50, M|\n|poke|p2|Annihilape, L50, M|\n|poke|p2|Sinistcha, L50|\n|poke|p2|Grimmsnarl, L50, M|\n|poke|p2|Landorus-Therian, L50, M|\n|poke|p2|Bellibolt, L50, M|\n|poke|p2|Corviknight, L50, M|\n|teampreview|4\n|\n|t:|1699855341\n|start\n|switch|p1a: Armarouge|Armarouge, L50, F|100\/100\n|switch|p1b: Urshifu|Urshifu-Rapid-Strike, L50, M|100\/100\n|switch|p2a: Grimmsnarl|Grimmsnarl, L50, M, shiny|100\/100\n|switch|p2b: Annihilape|Annihilape, L50, M|100\/100\n|turn|1\n|\n|t:|1699855412\n|move|p2a: Grimmsnarl|Thunder Wave|p1b: Urshifu|[miss]\n|-miss|p2a: Grimmsnarl|p1b: Urshifu\n|move|p1b: Urshifu|U-turn|p2a: Grimmsnarl\n|-damage|p2a: Grimmsnarl|73\/100\n|\n|t:|1699855422\n|switch|p1b: Indeedee|Indeedee-F, L50, F|100\/100|[from] U-turn\n|-fieldstart|move: Psychic Terrain|[from] ability: Psychic Surge|[of] p1b: Indeedee\n|move|p1a: Armarouge|Armor Cannon|p2b: Annihilape\n|-damage|p2b: Annihilape|49\/100\n|-unboost|p1a: Armarouge|def|1\n|-unboost|p1a: Armarouge|spd|1\n|move|p2b: Annihilape|Bulk Up|p2b: Annihilape\n|-boost|p2b: Annihilape|atk|1\n|-boost|p2b: Annihilape|def|1\n|\n|-heal|p2b: Annihilape|55\/100|[from] item: Leftovers\n|upkeep\n|turn|2\n|\n|t:|1699855477\n|move|p1b: Indeedee|Helping Hand|p1a: Armarouge\n|-singleturn|p1a: Armarouge|Helping Hand|[of] p1b: Indeedee\n|move|p2b: Annihilape|Protect|p2b: Annihilape\n|-singleturn|p2b: Annihilape|Protect\n|move|p2a: Grimmsnarl|Light Screen|p2a: Grimmsnarl\n|-sidestart|p2: 5Sscreen|move: Light Screen\n|move|p1a: Armarouge|Expanding Force|p2a: Grimmsnarl|[spread] \n|-activate|p2b: Annihilape|move: Protect\n|-immune|p2a: Grimmsnarl\n|\n|-heal|p2b: Annihilape|61\/100|[from] item: Leftovers\n|upkeep\n|turn|3\n|\n|t:|1699855544\n|switch|p2a: Sinistcha|Sinistcha, L50|100\/100\n|-heal|p2b: Annihilape|86\/100|[from] ability: Hospitality|[of] p2a: Sinistcha\n|-terastallize|p2b: Annihilape|Fire\n|move|p1b: Indeedee|Helping Hand|p1a: Armarouge\n|-singleturn|p1a: Armarouge|Helping Hand|[of] p1b: Indeedee\n|move|p1a: Armarouge|Expanding Force|p2a: Sinistcha|[spread] p2a,p2b\n|-damage|p2a: Sinistcha|38\/100\n|-damage|p2b: Annihilape|38\/100\n|-enditem|p2a: Sinistcha|Sitrus Berry|[eat]\n|-heal|p2a: Sinistcha|63\/100|[from] item: Sitrus Berry\n|move|p2b: Annihilape|Rage Fist|p1a: Armarouge\n|-supereffective|p1a: Armarouge\n|-enditem|p1a: Armarouge|Focus Sash\n|-damage|p1a: Armarouge|1\/100\n|-ability|p1a: Armarouge|Weak Armor|boost\n|-unboost|p1a: Armarouge|def|1\n|-boost|p1a: Armarouge|spe|2\n|\n|-heal|p2b: Annihilape|45\/100|[from] item: Leftovers\n|upkeep\n|turn|4\n|\n|t:|1699855590\n|move|p2b: Annihilape|Protect|p2b: Annihilape\n|-singleturn|p2b: Annihilape|Protect\n|move|p2a: Sinistcha|Protect|p2a: Sinistcha\n|-singleturn|p2a: Sinistcha|Protect\n|move|p1b: Indeedee|Follow Me|p1b: Indeedee\n|-singleturn|p1b: Indeedee|move: Follow Me\n|move|p1a: Armarouge|Expanding Force|p2a: Sinistcha|[spread] \n|-activate|p2a: Sinistcha|move: Protect\n|-activate|p2b: Annihilape|move: Protect\n|\n|-heal|p2b: Annihilape|51\/100|[from] item: Leftovers\n|upkeep\n|turn|5\n|\n|t:|1699855642\n|switch|p2a: Grimmsnarl|Grimmsnarl, L50, M, shiny|73\/100\n|move|p1b: Indeedee|Helping Hand|p1a: Armarouge\n|-singleturn|p1a: Armarouge|Helping Hand|[of] p1b: Indeedee\n|move|p1a: Armarouge|Expanding Force|p2a: Grimmsnarl|[spread] p2b\n|-immune|p2a: Grimmsnarl\n|-damage|p2b: Annihilape|5\/100\n|move|p2b: Annihilape|Drain Punch|p1b: Indeedee\n|-damage|p1b: Indeedee|38\/100\n|-heal|p2b: Annihilape|31\/100|[from] drain|[of] p1b: Indeedee\n|-damage|p2b: Annihilape|15\/100|[from] item: Rocky Helmet|[of] p1b: Indeedee\n|\n|-heal|p2b: Annihilape|21\/100|[from] item: Leftovers\n|-fieldend|move: Psychic Terrain\n|upkeep\n|turn|6\n|\n|t:|1699855693\n|switch|p1b: Urshifu|Urshifu-Rapid-Strike, L50, M|100\/100\n|move|p1a: Armarouge|Endure|p1a: Armarouge\n|-singleturn|p1a: Armarouge|move: Endure\n|move|p2a: Grimmsnarl|Parting Shot|p1a: Armarouge\n|-unboost|p1a: Armarouge|atk|1\n|-unboost|p1a: Armarouge|spa|1\n|\n|t:|1699855701\n|switch|p2a: Sinistcha|Sinistcha, L50|63\/100|[from] Parting Shot\n|-heal|p2b: Annihilape|46\/100|[from] ability: Hospitality|[of] p2a: Sinistcha\n|move|p2b: Annihilape|Drain Punch|p1b: Urshifu\n|-damage|p1b: Urshifu|48\/100\n|-heal|p2b: Annihilape|69\/100|[from] drain|[of] p1b: Urshifu\n|\n|-heal|p2b: Annihilape|75\/100|[from] item: Leftovers\n|upkeep\n|turn|7\n|\n|t:|1699855746\n|-terastallize|p1b: Urshifu|Water\n|move|p2a: Sinistcha|Rage Powder|p2a: Sinistcha\n|-singleturn|p2a: Sinistcha|move: Rage Powder\n|move|p1a: Armarouge|Armor Cannon|p2a: Sinistcha\n|-supereffective|p2a: Sinistcha\n|-damage|p2a: Sinistcha|6\/100\n|-unboost|p1a: Armarouge|def|1\n|-unboost|p1a: Armarouge|spd|1\n|move|p1b: Urshifu|Surging Strikes|p2a: Sinistcha\n|-resisted|p2a: Sinistcha\n|-crit|p2a: Sinistcha\n|-damage|p2a: Sinistcha|0 fnt\n|faint|p2a: Sinistcha\n|-hitcount|p2: Sinistcha|1\n|move|p2b: Annihilape|Drain Punch|p1b: Urshifu\n|-damage|p1b: Urshifu|0 fnt\n|-heal|p2b: Annihilape|97\/100|[from] drain|[of] p1b: Urshifu\n|faint|p1b: Urshifu\n|\n|-heal|p2b: Annihilape|100\/100|[from] item: Leftovers\n|upkeep\n|\n|t:|1699855780\n|switch|p1b: Indeedee|Indeedee-F, L50, F|38\/100\n|switch|p2a: Grimmsnarl|Grimmsnarl, L50, M, shiny|73\/100\n|-fieldstart|move: Psychic Terrain|[from] ability: Psychic Surge|[of] p1b: Indeedee\n|turn|8\n|\n|t:|1699855824\n|switch|p1a: Sneasler|Sneasler, L50, M|100\/100\n|-enditem|p1a: Sneasler|Psychic Seed\n|-boost|p1a: Sneasler|spd|1|[from] item: Psychic Seed\n|switch|p2a: Landorus|Landorus-Therian, L50, M|100\/100\n|-ability|p2a: Landorus|Intimidate|boost\n|-unboost|p1a: Sneasler|atk|1\n|-unboost|p1b: Indeedee|atk|1\n|move|p1b: Indeedee|Protect|p1b: Indeedee\n|-singleturn|p1b: Indeedee|Protect\n|move|p2b: Annihilape|Drain Punch|p1b: Indeedee\n|-activate|p1b: Indeedee|move: Protect\n|\n|upkeep\n|turn|9\n|\n|t:|1699855875\n|switch|p1a: Armarouge|Armarouge, L50, F|1\/100\n|move|p1b: Indeedee|Follow Me|p1b: Indeedee\n|-singleturn|p1b: Indeedee|move: Follow Me\n|move|p2a: Landorus|Rock Slide|p1b: Indeedee|[spread] p1a,p1b\n|-supereffective|p1a: Armarouge\n|-damage|p1a: Armarouge|0 fnt\n|-damage|p1b: Indeedee|12\/100\n|faint|p1a: Armarouge\n|move|p2b: Annihilape|Drain Punch|p1b: Indeedee\n|-damage|p1b: Indeedee|0 fnt\n|-damage|p2b: Annihilape|84\/100|[from] item: Rocky Helmet|[of] p1b: Indeedee\n|faint|p1b: Indeedee\n|\n|-heal|p2b: Annihilape|90\/100|[from] item: Leftovers\n|-sideend|p2: 5Sscreen|move: Light Screen\n|upkeep\n|\n|t:|1699855904\n|switch|p1b: Sneasler|Sneasler, L50, M|100\/100\n|turn|10\n|\n|t:|1699855935\n|move|p2a: Landorus|Rock Slide|p1b: Sneasler\n|-resisted|p1b: Sneasler\n|-damage|p1b: Sneasler|79\/100\n|cant|p1b: Sneasler|flinch\n|move|p2b: Annihilape|Drain Punch|p1b: Sneasler\n|-resisted|p1b: Sneasler\n|-damage|p1b: Sneasler|38\/100\n|-heal|p2b: Annihilape|100\/100|[from] drain|[of] p1b: Sneasler\n|\n|upkeep\n|turn|11\n|\n|t:|1699855955\n|move|p2a: Landorus|Rock Slide|p1b: Sneasler\n|-resisted|p1b: Sneasler\n|-damage|p1b: Sneasler|17\/100\n|cant|p1b: Sneasler|flinch\n|move|p2b: Annihilape|Rage Fist|p1b: Sneasler\n|-damage|p1b: Sneasler|0 fnt\n|faint|p1b: Sneasler\n|\n|win|5Sscreen\n","uploadtime":1699855966,"views":18,"p1id":"meowmeowjoe","p2id":"5sscreen","formatid":"gen9vgc2023regulatione","rating":0,"private":0,"password":""}