{"id":"gen9vgc2023regulatione-1996625761","p1":"huibao","p2":"Emirnent","format":"[Gen 9] VGC 2023 Regulation E","log":"|j|\u2606huibao\n|j|\u2606Emirnent\n|t:|1700702165\n|gametype|doubles\n|player|p1|huibao|265|1806\n|player|p2|Emirnent|101|1660\n|teamsize|p1|6\n|teamsize|p2|6\n|gen|9\n|tier|[Gen 9] VGC 2023 Regulation E\n|rated|\n|rule|Species Clause: Limit one of each Pok\u00e9mon\n|rule|Item Clause: Limit one of each item\n|clearpoke\n|poke|p1|Ursaluna-Bloodmoon, L50, M|\n|poke|p1|Urshifu-*, L50, F|\n|poke|p1|Landorus-Therian, L50, M|\n|poke|p1|Dusclops, L50, M|\n|poke|p1|Iron Hands, L50|\n|poke|p1|Ogerpon-Hearthflame, L50, F|\n|poke|p2|Iron Hands, L50|\n|poke|p2|Ursaluna, L50, F|\n|poke|p2|Urshifu-*, L50, F|\n|poke|p2|Farigiraf, L50, M|\n|poke|p2|Cresselia, L50, F|\n|poke|p2|Torkoal, L50, M|\n|teampreview|4\n|j| reggin etah I\n|inactive|Battle timer is ON: inactive players will automatically lose when time's up. (requested by Emirnent)\n|inactive|Emirnent has 60 seconds left.\n|j| hdwyszrj\n|\n|t:|1700702211\n|start\n|switch|p1a: Urshifu|Urshifu, L50, F|100\/100\n|switch|p1b: Ogerpon|Ogerpon-Hearthflame, L50, F|100\/100\n|switch|p2a: Iron Hands|Iron Hands, L50|100\/100\n|switch|p2b: Cresselia|Cresselia, L50, F|100\/100\n|-ability|p1b: Ogerpon|Mold Breaker\n|turn|1\n|c| reggin etah I|wiger\n|inactive|Emirnent has 30 seconds left.\n|inactive|Emirnent has 20 seconds left.\n|l| hdwyszrj\n|inactive|Emirnent has 15 seconds left.\n|inactive|Emirnent has 10 seconds left.\n|inactive|Emirnent has 5 seconds left.\n|\n|t:|1700702263\n|switch|p1a: Ursaluna|Ursaluna-Bloodmoon, L50, M|100\/100\n|move|p2a: Iron Hands|Fake Out|p1a: Ursaluna\n|-crit|p1a: Ursaluna\n|-damage|p1a: Ursaluna|82\/100\n|move|p1b: Ogerpon|Ivy Cudgel|p2b: Cresselia|[anim] Ivy Cudgel Fire\n|-damage|p2b: Cresselia|66\/100\n|move|p2b: Cresselia|Trick Room|p2b: Cresselia\n|-fieldstart|move: Trick Room|[of] p2b: Cresselia\n|\n|upkeep\n|turn|2\n|\n|t:|1700702278\n|switch|p1b: Iron Hands|Iron Hands, L50|100\/100\n|-terastallize|p1a: Ursaluna|Normal\n|move|p2b: Cresselia|Ally Switch|p2b: Cresselia\n|swap|p2b: Cresselia|0|[from] move: Ally Switch\n|move|p2b: Iron Hands|Drain Punch|p1b: Iron Hands\n|-damage|p1b: Iron Hands|70\/100\n|move|p1a: Ursaluna|Blood Moon|p2b: Iron Hands\n|-damage|p2b: Iron Hands|41\/100\n|\n|upkeep\n|turn|3\n|inactive|Emirnent has 30 seconds left.\n|\n|t:|1700702310\n|move|p1b: Iron Hands|Fake Out|p2a: Cresselia\n|-damage|p2a: Cresselia|56\/100\n|move|p2b: Iron Hands|Drain Punch|p1a: Ursaluna\n|-supereffective|p1a: Ursaluna\n|-damage|p1a: Ursaluna|13\/100\n|-heal|p2b: Iron Hands|74\/100|[from] drain|[of] p1a: Ursaluna\n|-enditem|p1a: Ursaluna|Weakness Policy\n|-boost|p1a: Ursaluna|atk|2|[from] item: Weakness Policy\n|-boost|p1a: Ursaluna|spa|2|[from] item: Weakness Policy\n|move|p1a: Ursaluna|Earth Power|p2b: Iron Hands\n|-supereffective|p2b: Iron Hands\n|-damage|p2b: Iron Hands|0 fnt\n|faint|p2b: Iron Hands\n|-end|p2b: Iron Hands|Quark Drive|[silent]\n|cant|p2a: Cresselia|flinch\n|\n|upkeep\n|\n|t:|1700702312\n|switch|p2b: Torkoal|Torkoal, L50, M|100\/100\n|-weather|SunnyDay|[from] ability: Drought|[of] p2b: Torkoal\n|turn|4\n|\n|t:|1700702332\n|-terastallize|p2b: Torkoal|Fire\n|move|p1a: Ursaluna|Protect|p1a: Ursaluna\n|-singleturn|p1a: Ursaluna|Protect\n|move|p2b: Torkoal|Eruption|p1b: Iron Hands|[spread] p1b\n|-activate|p1a: Ursaluna|move: Protect\n|-damage|p1b: Iron Hands|3\/100\n|move|p1b: Iron Hands|Drain Punch|p2b: Torkoal\n|-damage|p2b: Torkoal|67\/100\n|-heal|p1b: Iron Hands|15\/100|[from] drain|[of] p2b: Torkoal\n|move|p2a: Cresselia|Moonblast|p1b: Iron Hands\n|-supereffective|p1b: Iron Hands\n|-damage|p1b: Iron Hands|0 fnt\n|faint|p1b: Iron Hands\n|-end|p1b: Iron Hands|Quark Drive|[silent]\n|\n|-weather|SunnyDay|[upkeep]\n|upkeep\n|\n|t:|1700702349\n|switch|p1b: Ogerpon|Ogerpon-Hearthflame, L50, F|100\/100\n|-ability|p1b: Ogerpon|Mold Breaker\n|turn|5\n|\n|t:|1700702356\n|move|p1b: Ogerpon|Spiky Shield|p1b: Ogerpon\n|-singleturn|p1b: Ogerpon|move: Protect\n|move|p2b: Torkoal|Eruption|p1b: Ogerpon|[spread] p1a\n|-activate|p1b: Ogerpon|move: Protect\n|-damage|p1a: Ursaluna|0 fnt\n|faint|p1a: Ursaluna\n|move|p2a: Cresselia|Lunar Blessing|p2a: Cresselia|[spread] p2a,p2b\n|-heal|p2a: Cresselia|81\/100\n|-heal|p2b: Torkoal|91\/100\n|\n|-weather|SunnyDay|[upkeep]\n|-fieldend|move: Trick Room\n|upkeep\n|\n|t:|1700702368\n|switch|p1a: Urshifu|Urshifu, L50, F|100\/100\n|turn|6\n|\n|t:|1700702381\n|move|p1a: Urshifu|Wicked Blow|p2a: Cresselia\n|-supereffective|p2a: Cresselia\n|-crit|p2a: Cresselia\n|-damage|p2a: Cresselia|0 fnt\n|faint|p2a: Cresselia\n|move|p1b: Ogerpon|Ivy Cudgel|p2b: Torkoal|[anim] Ivy Cudgel Fire\n|-resisted|p2b: Torkoal\n|-damage|p2b: Torkoal|56\/100\n|move|p2b: Torkoal|Flamethrower|p1b: Ogerpon\n|-crit|p1b: Ogerpon\n|-damage|p1b: Ogerpon|0 fnt\n|faint|p1b: Ogerpon\n|\n|-weather|SunnyDay|[upkeep]\n|upkeep\n|\n|t:|1700702387\n|switch|p2a: Urshifu|Urshifu, L50, F|100\/100\n|turn|7\n|-message|huibao forfeited.\n|\n|win|Emirnent\n|raw|huibao's rating: 1806 &rarr; <strong>1778<\/strong><br \/>(-28 for losing)\n|raw|Emirnent's rating: 1660 &rarr; <strong>1688<\/strong><br \/>(+28 for winning)\n","uploadtime":1700702252,"views":2,"p1id":"huibao","p2id":"emirnent","formatid":"gen9vgc2023regulatione","rating":1688,"private":0,"password":""}