{"id":"gen9vgc2023regulatione-1988070527","p1":"Choruto","p2":"MatheusLC-VGC","format":"[Gen 9] VGC 2023 Regulation E","log":"|j|\u2606Choruto\n|j|\u2606MatheusLC-VGC\n|t:|1699665918\n|gametype|doubles\n|player|p1|Choruto|fisherman|\n|player|p2|MatheusLC-VGC|170|\n|teamsize|p1|6\n|teamsize|p2|6\n|gen|9\n|tier|[Gen 9] VGC 2023 Regulation E\n|rated|Tournament battle\n|rule|Species Clause: Limit one of each Pok\u00e9mon\n|rule|Item Clause: Limit one of each item\n|clearpoke\n|poke|p1|Farigiraf, L50, F|\n|poke|p1|Sylveon, L50, F|\n|poke|p1|Arcanine-Hisui, L50, M|\n|poke|p1|Urshifu-*, L50, M|\n|poke|p1|Rillaboom, L50, M|\n|poke|p1|Tornadus, L50, M|\n|poke|p2|Sableye, L50, F|\n|poke|p2|Urshifu-*, L50, M|\n|poke|p2|Enamorus-Therian, L50, F|\n|poke|p2|Munkidori, L50, M|\n|poke|p2|Kingambit, L50, M|\n|poke|p2|Sinistcha, L50|\n|teampreview|4\n|showteam|p1|Farigiraf||SitrusBerry|ArmorTail|Psychic,HyperVoice,TrickRoom,Imprison|||F|||50|,,,,,Fairy]Sylveon||ChoiceSpecs|Pixilate|HyperVoice,Moonblast,QuickAttack,HyperBeam|||F|||50|,,,,,Fairy]Arcanine-Hisui||ChoiceBand|Intimidate|FlareBlitz,RockSlide,TeraBlast,ExtremeSpeed|||M|||50|,,,,,Fairy]Urshifu-Rapid-Strike||ChoiceScarf|UnseenFist|SurgingStrikes,CloseCombat,IceSpinner,Uturn|||M|||50|,,,,,Water]Rillaboom||AssaultVest|GrassySurge|WoodHammer,HighHorsepower,GrassyGlide,FakeOut|||M|||50|,,,,,Water]Tornadus||SkyPlate|Prankster|BleakwindStorm,Tailwind,Taunt,RainDance|||M|||50|,,,,,Flying\n|showteam|p2|Sableye||SafetyGoggles|Prankster|Quash,Disable,Encore,Protect|||F|||50|,,,,,Dark]Urshifu-Rapid-Strike||FocusSash|UnseenFist|SurgingStrikes,CloseCombat,PoisonJab,Detect|||M|||50|,,,,,Water]Enamorus-Therian||ChoiceSpecs|Overcoat|Moonblast,MysticalFire,EarthPower,DazzlingGleam|||F|||50|,,,,,Fairy]Munkidori||AssaultVest|Frisk|Psychic,SludgeBomb,PartingShot,FakeOut|||M|||50|,,,,,Normal]Kingambit||SitrusBerry|Defiant|KowtowCleave,IronHead,Protect,SuckerPunch|||M|||50|,,,,,Water]Sinistcha||Leftovers|Hospitality|MatchaGotcha,TrickRoom,Protect,RagePowder||||||50|,,,,,Fire\n|j| Aylona\n|j| MattC (Banned)\n|l| MattC (Banned)\n|j| MattC (Banned)\n|inactive|Battle timer is ON: inactive players will automatically lose when time's up. (requested by MatheusLC-VGC)\n|\n|t:|1699665997\n|start\n|switch|p1a: Typhoon|Tornadus, L50, M|100\/100\n|switch|p1b: Napoleon|Urshifu-Rapid-Strike, L50, M|100\/100\n|switch|p2a: Munkidori|Munkidori, L50, M|100\/100\n|switch|p2b: Sableye|Sableye, L50, F|100\/100\n|-item|p1a: Typhoon|Sky Plate|[from] ability: Frisk|[of] p2a: Munkidori|[identify]\n|-item|p1b: Napoleon|Choice Scarf|[from] ability: Frisk|[of] p2a: Munkidori|[identify]\n|turn|1\n|j| ScaryQwQ\n|inactive|Choruto has 30 seconds left.\n|\n|t:|1699666032\n|switch|p1a: Cherry|Farigiraf, L50, F|100\/100\n|-terastallize|p1b: Napoleon|Water\n|move|p2a: Munkidori|Fake Out||[still]\n|cant|p1a: Cherry|ability: Armor Tail|Fake Out|[of] p2a: Munkidori\n|move|p2b: Sableye|Encore||[still]\n|cant|p1a: Cherry|ability: Armor Tail|Encore|[of] p2b: Sableye\n|move|p1b: Napoleon|Surging Strikes|p2a: Munkidori\n|-crit|p2a: Munkidori\n|-damage|p2a: Munkidori|60\/100\n|-crit|p2a: Munkidori\n|-damage|p2a: Munkidori|16\/100\n|-crit|p2a: Munkidori\n|-damage|p2a: Munkidori|0 fnt\n|faint|p2a: Munkidori\n|-hitcount|p2: Munkidori|3\n|\n|upkeep\n|\n|t:|1699666052\n|switch|p2a: Kingambit|Kingambit, L50, M|100\/100\n|turn|2\n|\n|t:|1699666069\n|switch|p2b: Urshifu|Urshifu-Rapid-Strike, L50, M|100\/100\n|-terastallize|p2a: Kingambit|Water\n|move|p1b: Napoleon|Surging Strikes|p2a: Kingambit\n|-resisted|p2a: Kingambit\n|-crit|p2a: Kingambit\n|-damage|p2a: Kingambit|89\/100\n|-resisted|p2a: Kingambit\n|-crit|p2a: Kingambit\n|-damage|p2a: Kingambit|80\/100\n|-resisted|p2a: Kingambit\n|-crit|p2a: Kingambit\n|-damage|p2a: Kingambit|69\/100\n|-hitcount|p2a: Kingambit|3\n|move|p1a: Cherry|Hyper Voice|p2b: Urshifu|[spread] p2a,p2b\n|-damage|p2a: Kingambit|40\/100\n|-damage|p2b: Urshifu|58\/100\n|-enditem|p2a: Kingambit|Sitrus Berry|[eat]\n|-heal|p2a: Kingambit|64\/100|[from] item: Sitrus Berry\n|move|p2a: Kingambit|Kowtow Cleave|p1b: Napoleon\n|-damage|p1b: Napoleon|52\/100\n|\n|upkeep\n|turn|3\n|inactive|MatheusLC-VGC has 30 seconds left.\n|inactive|Choruto has 30 seconds left.\n|\n|t:|1699666106\n|switch|p1a: Typhoon|Tornadus, L50, M|100\/100\n|move|p1b: Napoleon|Surging Strikes|p2a: Kingambit\n|-resisted|p2a: Kingambit\n|-crit|p2a: Kingambit\n|-damage|p2a: Kingambit|53\/100\n|-resisted|p2a: Kingambit\n|-crit|p2a: Kingambit\n|-damage|p2a: Kingambit|43\/100\n|-resisted|p2a: Kingambit\n|-crit|p2a: Kingambit\n|-damage|p2a: Kingambit|33\/100\n|-hitcount|p2a: Kingambit|3\n|move|p2b: Urshifu|Close Combat|p1b: Napoleon\n|-damage|p1b: Napoleon|0 fnt\n|-unboost|p2b: Urshifu|def|1\n|-unboost|p2b: Urshifu|spd|1\n|faint|p1b: Napoleon\n|move|p2a: Kingambit|Kowtow Cleave|p1a: Typhoon\n|-damage|p1a: Typhoon|43\/100\n|\n|upkeep\n|\n|t:|1699666121\n|switch|p1b: Cherry|Farigiraf, L50, F|100\/100\n|turn|4\n|j| moonybunny\n|\n|t:|1699666133\n|switch|p2b: Sableye|Sableye, L50, F|100\/100\n|move|p1a: Typhoon|Tailwind|p1a: Typhoon\n|-sidestart|p1: Choruto|move: Tailwind\n|move|p1b: Cherry|Psychic|p2a: Kingambit\n|-damage|p2a: Kingambit|0 fnt\n|faint|p2a: Kingambit\n|\n|upkeep\n|\n|t:|1699666140\n|switch|p2a: Urshifu|Urshifu-Rapid-Strike, L50, M|58\/100\n|turn|5\n|\n|t:|1699666150\n|move|p2b: Sableye|Protect|p2b: Sableye\n|-singleturn|p2b: Sableye|Protect\n|move|p1a: Typhoon|Bleakwind Storm|p2a: Urshifu|[spread] p2a\n|-activate|p2b: Sableye|move: Protect\n|-supereffective|p2a: Urshifu\n|-damage|p2a: Urshifu|0 fnt\n|faint|p2a: Urshifu\n|move|p1b: Cherry|Psychic|p2b: Sableye\n|-activate|p2b: Sableye|move: Protect\n|\n|upkeep\n|turn|6\n|-message|MatheusLC-VGC forfeited.\n|\n|win|Choruto\n|n|\u2606Choruto|choruto\n|n|\u2606MatheusLC-VGC|matheuslcvgc\n|n| Aylona|aylona\n|n| MattC (Banned)|mattcbanned\n|n| ScaryQwQ|scaryqwq\n|n| moonybunny|moonybunny\n","uploadtime":1699666159,"views":24,"p1id":"choruto","p2id":"matheuslcvgc","formatid":"gen9vgc2023regulatione","rating":0,"private":0,"password":""}