{"id":"gen9vgc2023regulatione-1989983284","p1":"Kian-SUPER-fly","p2":"LesserBall","format":"[Gen 9] VGC 2023 Regulation E","log":"|j|\u2606Kian-SUPER-fly\n|j|\u2606LesserBall\n|t:|1699912462\n|gametype|doubles\n|player|p1|Kian-SUPER-fly|worker|1365\n|player|p2|LesserBall|170|1355\n|teamsize|p1|6\n|teamsize|p2|6\n|gen|9\n|tier|[Gen 9] VGC 2023 Regulation E\n|rated|\n|rule|Species Clause: Limit one of each Pok\u00e9mon\n|rule|Item Clause: Limit one of each item\n|clearpoke\n|poke|p1|Roaring Moon, L50|\n|poke|p1|Flutter Mane, L50|\n|poke|p1|Iron Hands, L50|\n|poke|p1|Gholdengo, L50|\n|poke|p1|Amoonguss, L50, M|\n|poke|p1|Arcanine-Hisui, L50, M|\n|poke|p2|Roaring Moon, L50|\n|poke|p2|Iron Hands, L50|\n|poke|p2|Arcanine-Hisui, L50, F|\n|poke|p2|Flutter Mane, L50|\n|poke|p2|Ogerpon, L50, F|\n|poke|p2|Urshifu-*, L50, M|\n|teampreview|4\n|inactive|Battle timer is ON: inactive players will automatically lose when time's up. (requested by LesserBall)\nKian-SUPER-fly has agreed to open team sheets.\n|\n|t:|1699912522\n|start\n|switch|p1a: Roaring Moon|Roaring Moon, L50|100\/100\n|switch|p1b: Iron Hands|Iron Hands, L50|100\/100\n|switch|p2a: Ogerpon|Ogerpon, L50, F|100\/100\n|switch|p2b: Iron Hands|Iron Hands, L50|100\/100\n|-enditem|p1a: Roaring Moon|Booster Energy\n|-activate|p1a: Roaring Moon|ability: Protosynthesis|[fromitem]\n|-start|p1a: Roaring Moon|protosynthesisspe\n|turn|1\n|\n|t:|1699912540\n|move|p2a: Ogerpon|Spiky Shield|p2a: Ogerpon\n|-singleturn|p2a: Ogerpon|move: Protect\n|move|p1b: Iron Hands|Fake Out|p2b: Iron Hands\n|-damage|p2b: Iron Hands|90\/100\n|move|p1a: Roaring Moon|Dragon Dance|p1a: Roaring Moon\n|-boost|p1a: Roaring Moon|atk|1\n|-boost|p1a: Roaring Moon|spe|1\n|cant|p2b: Iron Hands|flinch\n|\n|upkeep\n|turn|2\n|\n|t:|1699912565\n|switch|p2a: Arcanine|Arcanine-Hisui, L50, F|100\/100\n|-ability|p2a: Arcanine|Intimidate|boost\n|-unboost|p1a: Roaring Moon|atk|1\n|-unboost|p1b: Iron Hands|atk|1\n|move|p1a: Roaring Moon|Protect|p1a: Roaring Moon\n|-singleturn|p1a: Roaring Moon|Protect\n|move|p1b: Iron Hands|Drain Punch|p2b: Iron Hands\n|-damage|p2b: Iron Hands|70\/100\n|move|p2b: Iron Hands|Wild Charge|p1a: Roaring Moon\n|-activate|p1a: Roaring Moon|move: Protect\n|\n|upkeep\n|turn|3\n|\n|t:|1699912588\n|-end|p1b: Iron Hands|Quark Drive|[silent]\n|switch|p1b: Arcanine|Arcanine-Hisui, L50, M, shiny|100\/100\n|-ability|p1b: Arcanine|Intimidate|boost\n|-unboost|p2a: Arcanine|atk|1\n|-unboost|p2b: Iron Hands|atk|1\n|move|p2a: Arcanine|Protect|p2a: Arcanine\n|-singleturn|p2a: Arcanine|Protect\n|move|p1a: Roaring Moon|Knock Off|p2a: Arcanine\n|-activate|p2a: Arcanine|move: Protect\n|move|p2b: Iron Hands|Drain Punch|p1a: Roaring Moon\n|-supereffective|p1a: Roaring Moon\n|-damage|p1a: Roaring Moon|22\/100\n|-heal|p2b: Iron Hands|100\/100|[from] drain|[of] p1a: Roaring Moon\n|\n|upkeep\n|turn|4\n|\n|t:|1699912608\n|-end|p2b: Iron Hands|Quark Drive|[silent]\n|switch|p2b: Ogerpon|Ogerpon, L50, F|100\/100\n|-terastallize|p2a: Arcanine|Normal\n|move|p2a: Arcanine|Extreme Speed|p1a: Roaring Moon\n|-damage|p1a: Roaring Moon|0 fnt\n|faint|p1a: Roaring Moon\n|-end|p1a: Roaring Moon|Protosynthesis|[silent]\n|move|p1b: Arcanine|Will-O-Wisp|p2b: Ogerpon\n|-status|p2b: Ogerpon|brn\n|\n|-damage|p2b: Ogerpon|94\/100 brn|[from] brn\n|upkeep\n|\n|t:|1699912628\n|switch|p1a: Iron Hands|Iron Hands, L50|100\/100\n|turn|5\n|\n|t:|1699912648\n|switch|p2a: Iron Hands|Iron Hands, L50|100\/100\n|move|p2b: Ogerpon|Spiky Shield|p2b: Ogerpon\n|-singleturn|p2b: Ogerpon|move: Protect\n|move|p1a: Iron Hands|Fake Out|p2b: Ogerpon\n|-activate|p2b: Ogerpon|move: Protect\n|-damage|p1a: Iron Hands|88\/100|[from] Spiky Shield|[of] p2b: Ogerpon\n|move|p1b: Arcanine|Will-O-Wisp|p2a: Iron Hands\n|-status|p2a: Iron Hands|brn\n|\n|-damage|p2b: Ogerpon|88\/100 brn|[from] brn\n|-damage|p2a: Iron Hands|94\/100 brn|[from] brn\n|upkeep\n|turn|6\n|inactive|Kian-SUPER-fly has 30 seconds left.\n|inactive|LesserBall has 30 seconds left.\n|inactive|Kian-SUPER-fly has 20 seconds left.\n|inactive|Kian-SUPER-fly has 15 seconds left.\n|inactive|Kian-SUPER-fly has 10 seconds left.\n|\n|t:|1699912694\n|-end|p1a: Iron Hands|Quark Drive|[silent]\n|switch|p1a: Gholdengo|Gholdengo, L50|100\/100\n|move|p2a: Iron Hands|Fake Out|p1b: Arcanine\n|-resisted|p1b: Arcanine\n|-damage|p1b: Arcanine|96\/100\n|move|p2b: Ogerpon|Stomping Tantrum|p1b: Arcanine\n|-supereffective|p1b: Arcanine\n|-crit|p1b: Arcanine\n|-damage|p1b: Arcanine|5\/100\n|-enditem|p1b: Arcanine|Sitrus Berry|[eat]\n|-heal|p1b: Arcanine|30\/100|[from] item: Sitrus Berry\n|cant|p1b: Arcanine|flinch\n|\n|-damage|p2b: Ogerpon|82\/100 brn|[from] brn\n|-damage|p2a: Iron Hands|88\/100 brn|[from] brn\n|upkeep\n|turn|7\n|inactive|Kian-SUPER-fly has 30 seconds left.\n|inactive|LesserBall has 30 seconds left.\n|\n|t:|1699912727\n|move|p1b: Arcanine|Extreme Speed|p2b: Ogerpon\n|-damage|p2b: Ogerpon|50\/100 brn\n|move|p2b: Ogerpon|Stomping Tantrum|p1b: Arcanine\n|-supereffective|p1b: Arcanine\n|-damage|p1b: Arcanine|0 fnt\n|faint|p1b: Arcanine\n|move|p1a: Gholdengo|Nasty Plot|p1a: Gholdengo\n|-boost|p1a: Gholdengo|spa|2\n|move|p2a: Iron Hands|Drain Punch|p1a: Gholdengo\n|-immune|p1a: Gholdengo\n|\n|-damage|p2b: Ogerpon|44\/100 brn|[from] brn\n|-damage|p2a: Iron Hands|82\/100 brn|[from] brn\n|upkeep\n|\n|t:|1699912740\n|switch|p1b: Iron Hands|Iron Hands, L50|88\/100\n|turn|8\n|\n|t:|1699912758\n|-end|p2a: Iron Hands|Quark Drive|[silent]\n|switch|p2a: Arcanine|Arcanine-Hisui, L50, F, tera:Normal|100\/100\n|-ability|p2a: Arcanine|Intimidate|boost\n|-unboost|p1a: Gholdengo|atk|1\n|-unboost|p1b: Iron Hands|atk|1\n|move|p2b: Ogerpon|Spiky Shield|p2b: Ogerpon\n|-singleturn|p2b: Ogerpon|move: Protect\n|move|p1a: Gholdengo|Shadow Ball|p2a: Arcanine\n|-immune|p2a: Arcanine\n|move|p1b: Iron Hands|Drain Punch|p2a: Arcanine\n|-supereffective|p2a: Arcanine\n|-damage|p2a: Arcanine|38\/100\n|-heal|p1b: Iron Hands|100\/100|[from] drain|[of] p2a: Arcanine\n|-enditem|p2a: Arcanine|Sitrus Berry|[eat]\n|-heal|p2a: Arcanine|63\/100|[from] item: Sitrus Berry\n|\n|-damage|p2b: Ogerpon|38\/100 brn|[from] brn\n|upkeep\n|turn|9\n|inactive|LesserBall has 30 seconds left.\n|inactive|Kian-SUPER-fly has 30 seconds left.\n|inactive|LesserBall has 20 seconds left.\n|inactive|LesserBall has 15 seconds left.\n|\n|t:|1699912803\n|move|p1a: Gholdengo|Protect|p1a: Gholdengo\n|-singleturn|p1a: Gholdengo|Protect\n|move|p2b: Ogerpon|Stomping Tantrum|p1a: Gholdengo\n|-activate|p1a: Gholdengo|move: Protect\n|move|p2a: Arcanine|Flare Blitz|p1a: Gholdengo\n|-activate|p1a: Gholdengo|move: Protect\n|move|p1b: Iron Hands|Drain Punch|p2a: Arcanine\n|-supereffective|p2a: Arcanine\n|-damage|p2a: Arcanine|0 fnt\n|faint|p2a: Arcanine\n|\n|-damage|p2b: Ogerpon|32\/100 brn|[from] brn\n|upkeep\n|\n|t:|1699912817\n|switch|p2a: Roaring Moon|Roaring Moon, L50, shiny|100\/100\n|-enditem|p2a: Roaring Moon|Booster Energy\n|-activate|p2a: Roaring Moon|ability: Protosynthesis|[fromitem]\n|-start|p2a: Roaring Moon|protosynthesisspe\n|turn|10\n|\n|t:|1699912833\n|-terastallize|p1a: Gholdengo|Dragon\n|move|p2b: Ogerpon|Follow Me|p2b: Ogerpon\n|-singleturn|p2b: Ogerpon|move: Follow Me\n|move|p2a: Roaring Moon|Knock Off|p1a: Gholdengo\n|-damage|p1a: Gholdengo|58\/100\n|-enditem|p1a: Gholdengo|Leftovers|[from] move: Knock Off|[of] p2a: Roaring Moon\n|move|p1a: Gholdengo|Make It Rain|p2a: Roaring Moon|[spread] p2a,p2b\n|-damage|p2a: Roaring Moon|21\/100\n|-damage|p2b: Ogerpon|0 fnt\n|-unboost|p1a: Gholdengo|spa|1\n|faint|p2b: Ogerpon\n|move|p1b: Iron Hands|Drain Punch|p2a: Roaring Moon\n|-supereffective|p2a: Roaring Moon\n|-damage|p2a: Roaring Moon|0 fnt\n|faint|p2a: Roaring Moon\n|-end|p2a: Roaring Moon|Protosynthesis|[silent]\n|\n|upkeep\n|\n|t:|1699912854\n|switch|p2a: Iron Hands|Iron Hands, L50|82\/100 brn\n|turn|11\n|-message|LesserBall forfeited.\n|\n|win|Kian-SUPER-fly\n|raw|Kian-SUPER-fly's rating: 1365 &rarr; <strong>1384<\/strong><br \/>(+19 for winning)\n|raw|LesserBall's rating: 1355 &rarr; <strong>1336<\/strong><br \/>(-19 for losing)\n|l|\u2606LesserBall\n","uploadtime":1699912869,"views":18,"p1id":"kiansuperfly","p2id":"lesserball","formatid":"gen9vgc2023regulatione","rating":1336,"private":0,"password":""}