{"id":"gen9vgc2023regulatione-1995853368","p1":"SkyH1gh","p2":"Luxsage","format":"[Gen 9] VGC 2023 Regulation E","log":"|j|\u2606SkyH1gh\n|j|\u2606Luxsage\n|t:|1700609856\n|gametype|doubles\n|player|p1|SkyH1gh|ortega|1062\n|player|p2|Luxsage|volkner|1006\n|teamsize|p1|6\n|teamsize|p2|6\n|gen|9\n|tier|[Gen 9] VGC 2023 Regulation E\n|rated|\n|rule|Species Clause: Limit one of each Pok\u00e9mon\n|rule|Item Clause: Limit one of each item\n|clearpoke\n|poke|p1|Ogerpon-Hearthflame, L50, F|\n|poke|p1|Torkoal, L50, F|\n|poke|p1|Sinistcha-Masterpiece, L50|\n|poke|p1|Okidogi, L50, M|\n|poke|p1|Lilligant, L50, F|\n|poke|p1|Flutter Mane, L50|\n|poke|p2|Ninetales-Alola, L50, F|\n|poke|p2|Mandibuzz, L50, F|\n|poke|p2|Clefairy, L50, M|\n|poke|p2|Sinistcha-Masterpiece, L50|\n|poke|p2|Sandslash-Alola, L50, M|\n|poke|p2|Arcanine-Hisui, L50, M|\n|teampreview|4\n|inactive|Battle timer is ON: inactive players will automatically lose when time's up. (requested by Luxsage)\n|inactive|SkyH1gh has 60 seconds left.\n|inactive|Luxsage has 60 seconds left.\nSkyH1gh has agreed to open team sheets.\n|\n|t:|1700609904\n|start\n|switch|p1a: Torkoal|Torkoal, L50, F|100\/100\n|switch|p1b: Okidogi|Okidogi, L50, M|100\/100\n|switch|p2a: Arcanine|Arcanine-Hisui, L50, M|100\/100\n|switch|p2b: Clefairy|Clefairy, L50, M|100\/100\n|-ability|p2a: Arcanine|Intimidate|boost\n|-unboost|p1a: Torkoal|atk|1\n|-ability|p1b: Okidogi|Guard Dog|boost\n|-boost|p1b: Okidogi|atk|1\n|-weather|SunnyDay|[from] ability: Drought|[of] p1a: Torkoal\n|turn|1\n|inactive|SkyH1gh has 30 seconds left.\n|inactive|Luxsage has 30 seconds left.\n|\n|t:|1700609930\n|switch|p2b: Ninetales|Ninetales-Alola, L50, F|100\/100\n|-weather|Snow|[from] ability: Snow Warning|[of] p2b: Ninetales\n|move|p2a: Arcanine|Rock Slide|p1a: Torkoal|[spread] p1a,p1b\n|-supereffective|p1a: Torkoal\n|-resisted|p1b: Okidogi\n|-damage|p1a: Torkoal|29\/100\n|-damage|p1b: Okidogi|84\/100\n|move|p1b: Okidogi|Close Combat|p2a: Arcanine\n|-supereffective|p2a: Arcanine\n|-damage|p2a: Arcanine|0 fnt\n|-unboost|p1b: Okidogi|def|1\n|-unboost|p1b: Okidogi|spd|1\n|faint|p2a: Arcanine\n|move|p1a: Torkoal|Eruption|p2b: Ninetales\n|-supereffective|p2b: Ninetales\n|-damage|p2b: Ninetales|64\/100\n|\n|-weather|Snow|[upkeep]\n|-heal|p1a: Torkoal|36\/100|[from] item: Leftovers\n|upkeep\n|\n|t:|1700609950\n|switch|p2a: Mandibuzz|Mandibuzz, L50, F|100\/100\n|turn|2\n|inactive|Luxsage has 30 seconds left.\n|inactive|Luxsage has 20 seconds left.\n|\n|t:|1700609987\n|switch|p1a: Ogerpon|Ogerpon-Hearthflame, L50, F|100\/100\n|-ability|p1a: Ogerpon|Mold Breaker\n|-terastallize|p2b: Ninetales|Fairy\n|move|p2b: Ninetales|Ice Shard|p2a: Mandibuzz\n|-supereffective|p2a: Mandibuzz\n|-damage|p2a: Mandibuzz|84\/100\n|-ability|p2a: Mandibuzz|Weak Armor|boost\n|-unboost|p2a: Mandibuzz|def|1\n|-boost|p2a: Mandibuzz|spe|2\n|-enditem|p2a: Mandibuzz|Weakness Policy\n|-boost|p2a: Mandibuzz|atk|2|[from] item: Weakness Policy\n|-boost|p2a: Mandibuzz|spa|2|[from] item: Weakness Policy\n|move|p2a: Mandibuzz|Acrobatics|p1b: Okidogi\n|-supereffective|p1b: Okidogi\n|-damage|p1b: Okidogi|0 fnt\n|faint|p1b: Okidogi\n|\n|-weather|Snow|[upkeep]\n|upkeep\n|\n|t:|1700610004\n|switch|p1b: Torkoal|Torkoal, L50, F|36\/100\n|-weather|SunnyDay|[from] ability: Drought|[of] p1b: Torkoal\n|turn|3\n|\n|t:|1700610023\n|-terastallize|p1a: Ogerpon|Fire\n|detailschange|p1a: Ogerpon|Ogerpon-Hearthflame-Tera, L50, F, tera:Fire\n|-ability|p1a: Ogerpon|Embody Aspect (Hearthflame)|boost\n|-boost|p1a: Ogerpon|atk|1\n|move|p2b: Ninetales|Ice Shard|p2a: Mandibuzz\n|-supereffective|p2a: Mandibuzz\n|-crit|p2a: Mandibuzz\n|-damage|p2a: Mandibuzz|45\/100\n|-ability|p2a: Mandibuzz|Weak Armor|boost\n|-unboost|p2a: Mandibuzz|def|1\n|-boost|p2a: Mandibuzz|spe|2\n|move|p2a: Mandibuzz|Lash Out|p1a: Ogerpon\n|-damage|p1a: Ogerpon|0 fnt\n|faint|p1a: Ogerpon\n|move|p1b: Torkoal|Solar Beam||[still]\n|-prepare|p1b: Torkoal|Solar Beam\n|-anim|p1b: Torkoal|Solar Beam|p2b: Ninetales\n|-damage|p2b: Ninetales|28\/100\n|\n|-weather|SunnyDay|[upkeep]\n|-heal|p1b: Torkoal|42\/100|[from] item: Leftovers\n|upkeep\n|\n|t:|1700610038\n|switch|p1a: Sinistcha|Sinistcha-Masterpiece, L50|100\/100\n|-heal|p1b: Torkoal|67\/100|[from] ability: Hospitality|[of] p1a: Sinistcha\n|turn|4\n|\n|t:|1700610054\n|switch|p2b: Clefairy|Clefairy, L50, M|100\/100\n|move|p1a: Sinistcha|Rage Powder|p1a: Sinistcha\n|-singleturn|p1a: Sinistcha|move: Rage Powder\n|move|p2a: Mandibuzz|Roost|p2a: Mandibuzz\n|-heal|p2a: Mandibuzz|95\/100\n|-singleturn|p2a: Mandibuzz|move: Roost\n|move|p1b: Torkoal|Eruption|p2b: Clefairy|[spread] p2a,p2b\n|-damage|p2a: Mandibuzz|60\/100\n|-damage|p2b: Clefairy|58\/100\n|\n|-weather|SunnyDay|[upkeep]\n|-heal|p1b: Torkoal|73\/100|[from] item: Leftovers\n|upkeep\n|turn|5\n|inactive|Luxsage has 30 seconds left.\n|inactive|Luxsage has 20 seconds left.\n|\n|t:|1700610089\n|switch|p2b: Ninetales|Ninetales-Alola, L50, F, tera:Fairy|28\/100\n|-weather|Snow|[from] ability: Snow Warning|[of] p2b: Ninetales\n|move|p1a: Sinistcha|Rage Powder|p1a: Sinistcha\n|-singleturn|p1a: Sinistcha|move: Rage Powder\n|move|p2a: Mandibuzz|Acrobatics|p1a: Sinistcha\n|-supereffective|p1a: Sinistcha\n|-damage|p1a: Sinistcha|0 fnt\n|faint|p1a: Sinistcha\n|move|p1b: Torkoal|Eruption|p2b: Ninetales|[spread] p2a,p2b\n|-damage|p2a: Mandibuzz|29\/100\n|-damage|p2b: Ninetales|0 fnt\n|faint|p2b: Ninetales\n|\n|-weather|Snow|[upkeep]\n|-heal|p1b: Torkoal|79\/100|[from] item: Leftovers\n|upkeep\n|-message|SkyH1gh forfeited.\n|\n|win|Luxsage\n|raw|SkyH1gh's rating: 1062 &rarr; <strong>1040<\/strong><br \/>(-22 for losing)\n|raw|Luxsage's rating: 1006 &rarr; <strong>1051<\/strong><br \/>(+45 for winning)\n|l|\u2606SkyH1gh\n","uploadtime":1700610116,"views":15,"p1id":"skyh1gh","p2id":"luxsage","formatid":"gen9vgc2023regulatione","rating":1040,"private":0,"password":""}