{"id":"gen9vgc2023regulatione-1991378783","p1":"Glitzky","p2":"japangemu","format":"[Gen 9] VGC 2023 Regulation E","log":"|j|\u2606Glitzky\n|j|\u2606japangemu\n|t:|1700072175\n|gametype|doubles\n|player|p1|Glitzky|fisherman-gen4|1426\n|player|p2|japangemu|1|1564\n|teamsize|p1|6\n|teamsize|p2|6\n|gen|9\n|tier|[Gen 9] VGC 2023 Regulation E\n|rated|\n|rule|Species Clause: Limit one of each Pok\u00e9mon\n|rule|Item Clause: Limit one of each item\n|clearpoke\n|poke|p1|Arcanine-Hisui, L50, M|\n|poke|p1|Tornadus, L50, M|\n|poke|p1|Urshifu-*, L50, F|\n|poke|p1|Iron Hands, L50|\n|poke|p1|Flutter Mane, L50|\n|poke|p1|Chien-Pao, L50|\n|poke|p2|Dusclops, L50, M|\n|poke|p2|Ursaluna-Bloodmoon, L50, M|\n|poke|p2|Iron Hands, L50|\n|poke|p2|Flutter Mane, L50|\n|poke|p2|Ogerpon-Cornerstone, L50, F|\n|poke|p2|Heatran, L50, F|\n|teampreview|4\n|inactive|Battle timer is ON: inactive players will automatically lose when time's up. (requested by Glitzky)\njapangemu rejected open team sheets.\n|inactive|Glitzky has 60 seconds left.\n|\n|t:|1700072208\n|start\n|switch|p1a: Iron Hands|Iron Hands, L50|100\/100\n|switch|p1b: Tornadus|Tornadus, L50, M|100\/100\n|switch|p2a: Dusclops|Dusclops, L50, M|100\/100\n|switch|p2b: Ogerpon|Ogerpon-Cornerstone, L50, F|100\/100\n|-ability|p2a: Dusclops|Pressure\n|turn|1\n|\n|t:|1700072222\n|-terastallize|p2a: Dusclops|Dark\n|move|p1a: Iron Hands|Fake Out|p2b: Ogerpon\n|-resisted|p2b: Ogerpon\n|-damage|p2b: Ogerpon|93\/100\n|cant|p2b: Ogerpon|flinch\n|move|p1b: Tornadus|Taunt|p2a: Dusclops\n|-hint|Since gen 7, Dark is immune to Prankster moves.\n|-immune|p2a: Dusclops\n|move|p2a: Dusclops|Trick Room|p2a: Dusclops\n|-fieldstart|move: Trick Room|[of] p2a: Dusclops\n|\n|upkeep\n|turn|2\n|inactive|Glitzky has 30 seconds left.\n|\n|t:|1700072249\n|-terastallize|p1a: Iron Hands|Fire\n|move|p1b: Tornadus|Rain Dance|p1b: Tornadus\n|-weather|RainDance\n|move|p2a: Dusclops|Will-O-Wisp|p1a: Iron Hands\n|-immune|p1a: Iron Hands\n|move|p1a: Iron Hands|Drain Punch|p2a: Dusclops\n|-supereffective|p2a: Dusclops\n|-damage|p2a: Dusclops|47\/100\n|move|p2b: Ogerpon|Ivy Cudgel|p1b: Tornadus|[anim] Ivy Cudgel Rock\n|-supereffective|p1b: Tornadus\n|-damage|p1b: Tornadus|0 fnt\n|faint|p1b: Tornadus\n|\n|-weather|RainDance|[upkeep]\n|upkeep\n|\n|t:|1700072261\n|switch|p1b: Urshifu|Urshifu-Rapid-Strike, L50, F|100\/100\n|turn|3\n|\n|t:|1700072271\n|switch|p2a: Ursaluna|Ursaluna-Bloodmoon, L50, M|100\/100\n|switch|p1b: Flutter Mane|Flutter Mane, L50|100\/100\n|move|p2b: Ogerpon|Follow Me|p2b: Ogerpon\n|-singleturn|p2b: Ogerpon|move: Follow Me\n|move|p1a: Iron Hands|Drain Punch|p2b: Ogerpon\n|-supereffective|p2b: Ogerpon\n|-damage|p2b: Ogerpon|10\/100\n|\n|-weather|RainDance|[upkeep]\n|upkeep\n|turn|4\n|\n|t:|1700072295\n|move|p2b: Ogerpon|Follow Me|p2b: Ogerpon\n|-singleturn|p2b: Ogerpon|move: Follow Me\n|move|p2a: Ursaluna|Earth Power|p1a: Iron Hands\n|-supereffective|p1a: Iron Hands\n|-damage|p1a: Iron Hands|47\/100\n|-unboost|p1a: Iron Hands|spd|1\n|move|p1a: Iron Hands|Drain Punch|p2b: Ogerpon\n|-supereffective|p2b: Ogerpon\n|-damage|p2b: Ogerpon|0 fnt\n|-heal|p1a: Iron Hands|50\/100|[from] drain|[of] p2b: Ogerpon\n|faint|p2b: Ogerpon\n|move|p1b: Flutter Mane|Dazzling Gleam|p2a: Ursaluna\n|-damage|p2a: Ursaluna|38\/100\n|\n|-weather|RainDance|[upkeep]\n|upkeep\n|\n|t:|1700072309\n|switch|p2b: Dusclops|Dusclops, L50, M, tera:Dark|47\/100\n|-ability|p2b: Dusclops|Pressure\n|turn|5\n|\n|t:|1700072318\n|-end|p1a: Iron Hands|Quark Drive|[silent]\n|switch|p1a: Urshifu|Urshifu-Rapid-Strike, L50, F|100\/100\n|move|p2b: Dusclops|Brick Break|p2a: Ursaluna\n|-supereffective|p2a: Ursaluna\n|-damage|p2a: Ursaluna|23\/100\n|-enditem|p2a: Ursaluna|Weakness Policy\n|-boost|p2a: Ursaluna|atk|2|[from] item: Weakness Policy\n|-boost|p2a: Ursaluna|spa|2|[from] item: Weakness Policy\n|move|p2a: Ursaluna|Hyper Voice|p1a: Urshifu|[spread] p1a,p1b\n|-damage|p1a: Urshifu|0 fnt\n|-damage|p1b: Flutter Mane|31\/100\n|faint|p1a: Urshifu\n|move|p1b: Flutter Mane|Dazzling Gleam|p2b: Dusclops|[spread] p2a,p2b\n|-supereffective|p2b: Dusclops\n|-damage|p2a: Ursaluna|0 fnt\n|-damage|p2b: Dusclops|5\/100\n|faint|p2a: Ursaluna\n|\n|-weather|RainDance|[upkeep]\n|-fieldend|move: Trick Room\n|upkeep\n|\n|t:|1700072332\n|switch|p1a: Iron Hands|Iron Hands, L50, tera:Fire|50\/100\n|switch|p2a: Iron Hands|Iron Hands, L50|100\/100\n|turn|6\n|\n|t:|1700072357\n|move|p1a: Iron Hands|Fake Out|p2b: Dusclops\n|-damage|p2b: Dusclops|0 fnt\n|faint|p2b: Dusclops\n|move|p2a: Iron Hands|Fake Out|p1a: Iron Hands\n|-damage|p1a: Iron Hands|40\/100\n|move|p1b: Flutter Mane|Dazzling Gleam|p2a: Iron Hands\n|-supereffective|p2a: Iron Hands\n|-damage|p2a: Iron Hands|39\/100\n|\n|-weather|none\n|upkeep\n|turn|7\n|c|\u2606Glitzky|ggs\n|-message|japangemu forfeited.\n|\n|win|Glitzky\n|raw|Glitzky's rating: 1426 &rarr; <strong>1454<\/strong><br \/>(+28 for winning)\n|raw|japangemu's rating: 1564 &rarr; <strong>1536<\/strong><br \/>(-28 for losing)\n|l|\u2606japangemu\n","uploadtime":1700072374,"views":16,"p1id":"glitzky","p2id":"japangemu","formatid":"gen9vgc2023regulatione","rating":1454,"private":0,"password":""}