{"id":"gen9vgc2023regulatione-1996694113","p1":"feelinbuggy","p2":"qmantra","format":"[Gen 9] VGC 2023 Regulation E","log":"|j|\u2606feelinbuggy\n|j|\u2606qmantra\n|t:|1700710651\n|gametype|doubles\n|player|p1|feelinbuggy|bugcatcher|1150\n|player|p2|qmantra|265|1215\n|teamsize|p1|6\n|teamsize|p2|6\n|gen|9\n|tier|[Gen 9] VGC 2023 Regulation E\n|rated|\n|rule|Species Clause: Limit one of each Pok\u00e9mon\n|rule|Item Clause: Limit one of each item\n|clearpoke\n|poke|p1|Amoonguss, L50, F|\n|poke|p1|Heatran, L50, M|\n|poke|p1|Roaring Moon, L50|\n|poke|p1|Iron Hands, L50|\n|poke|p1|Flutter Mane, L50|\n|poke|p1|Landorus-Therian, L50, M|\n|poke|p2|Dondozo, L50, F|\n|poke|p2|Tatsugiri, L50, M|\n|poke|p2|Glimmora, L50, F|\n|poke|p2|Ninetales-Alola, L50, F|\n|poke|p2|Thundurus, L50, M|\n|poke|p2|Chi-Yu, L50|\n|teampreview|4\n|inactive|Battle timer is ON: inactive players will automatically lose when time's up. (requested by qmantra)\n|c|\u2606feelinbuggy|glhf\nfeelinbuggy has agreed to open team sheets.\n|inactive|feelinbuggy has 60 seconds left.\n|inactive|feelinbuggy has 30 seconds left.\n|\n|t:|1700710711\n|start\n|switch|p1a: Heatran|Heatran, L50, M|100\/100\n|switch|p1b: Roaring Moon|Roaring Moon, L50|100\/100\n|switch|p2a: Chi-Yu|Chi-Yu, L50|100\/100\n|switch|p2b: Ninetales|Ninetales-Alola, L50, F|100\/100\n|-weather|Snow|[from] ability: Snow Warning|[of] p2b: Ninetales\n|-ability|p2a: Chi-Yu|Beads of Ruin\n|-enditem|p1b: Roaring Moon|Booster Energy\n|-activate|p1b: Roaring Moon|ability: Protosynthesis|[fromitem]\n|-start|p1b: Roaring Moon|protosynthesisspe\n|turn|1\n|inactive|feelinbuggy has 30 seconds left.\n|\n|t:|1700710739\n|-terastallize|p2b: Ninetales|Fire\n|move|p1b: Roaring Moon|Knock Off|p2b: Ninetales\n|-crit|p2b: Ninetales\n|-damage|p2b: Ninetales|0 fnt\n|-enditem|p2b: Ninetales|Light Clay|[from] move: Knock Off|[of] p1b: Roaring Moon\n|faint|p2b: Ninetales\n|move|p2a: Chi-Yu|Nasty Plot|p2a: Chi-Yu\n|-boost|p2a: Chi-Yu|spa|2\n|move|p1a: Heatran|Flash Cannon|p2a: Chi-Yu\n|-resisted|p2a: Chi-Yu\n|-damage|p2a: Chi-Yu|82\/100\n|\n|-weather|Snow|[upkeep]\n|upkeep\n|\n|t:|1700710752\n|switch|p2b: Tatsugiri|Tatsugiri, L50, M|100\/100\n|turn|2\n|\n|t:|1700710771\n|move|p1b: Roaring Moon|Knock Off|p2a: Chi-Yu\n|-resisted|p2a: Chi-Yu\n|-damage|p2a: Chi-Yu|55\/100\n|-enditem|p2a: Chi-Yu|Life Orb|[from] move: Knock Off|[of] p1b: Roaring Moon\n|move|p2b: Tatsugiri|Icy Wind|p1b: Roaring Moon|[spread] p1a,p1b\n|-resisted|p1a: Heatran\n|-supereffective|p1b: Roaring Moon\n|-damage|p1a: Heatran|97\/100\n|-damage|p1b: Roaring Moon|68\/100\n|-unboost|p1a: Heatran|spe|1\n|-unboost|p1b: Roaring Moon|spe|1\n|move|p2a: Chi-Yu|Dark Pulse|p1a: Heatran\n|-damage|p1a: Heatran|16\/100\n|move|p1a: Heatran|Earth Power|p2a: Chi-Yu\n|-supereffective|p2a: Chi-Yu\n|-damage|p2a: Chi-Yu|1\/100\n|-unboost|p2a: Chi-Yu|spd|1\n|\n|-weather|Snow|[upkeep]\n|upkeep\n|turn|3\n|\n|t:|1700710795\n|move|p2a: Chi-Yu|Protect|p2a: Chi-Yu\n|-singleturn|p2a: Chi-Yu|Protect\n|move|p1a: Heatran|Protect|p1a: Heatran\n|-singleturn|p1a: Heatran|Protect\n|move|p2b: Tatsugiri|Icy Wind|p1a: Heatran|[spread] p1b\n|-activate|p1a: Heatran|move: Protect\n|-supereffective|p1b: Roaring Moon\n|-damage|p1b: Roaring Moon|34\/100\n|-unboost|p1b: Roaring Moon|spe|1\n|move|p1b: Roaring Moon|Breaking Swipe|p2b: Tatsugiri|[spread] p2b\n|-activate|p2a: Chi-Yu|move: Protect\n|-supereffective|p2b: Tatsugiri\n|-damage|p2b: Tatsugiri|13\/100\n|-unboost|p2b: Tatsugiri|atk|1\n|\n|-weather|Snow|[upkeep]\n|upkeep\n|turn|4\n|inactive|feelinbuggy has 30 seconds left.\n|inactive|qmantra has 30 seconds left.\n|\n|t:|1700710821\n|-end|p1b: Roaring Moon|Protosynthesis|[silent]\n|switch|p1b: Iron Hands|Iron Hands, L50|100\/100\n|switch|p2a: Dondozo|Dondozo, L50, F|100\/100\n|-activate|p2b: Tatsugiri|ability: Commander|[of] p2a: Dondozo\n|-boost|p2a: Dondozo|atk|2\n|-boost|p2a: Dondozo|spa|2\n|-boost|p2a: Dondozo|spe|2\n|-boost|p2a: Dondozo|def|2\n|-boost|p2a: Dondozo|spd|2\n|move|p1a: Heatran|Heat Wave|p2a: Dondozo|[spread] p2a\n|-miss|p1a: Heatran|p2b: Tatsugiri\n|-resisted|p2a: Dondozo\n|-damage|p2a: Dondozo|92\/100\n|\n|-weather|Snow|[upkeep]\n|-heal|p2a: Dondozo|98\/100|[from] item: Leftovers\n|upkeep\n|turn|5\n|\n|t:|1700710837\n|move|p2a: Dondozo|Protect|p2a: Dondozo\n|-singleturn|p2a: Dondozo|Protect\n|move|p1b: Iron Hands|Fake Out|p2a: Dondozo\n|-activate|p2a: Dondozo|move: Protect\n|move|p1a: Heatran|Heat Wave|p2b: Tatsugiri|[spread] \n|-miss|p1a: Heatran|p2b: Tatsugiri\n|-activate|p2a: Dondozo|move: Protect\n|\n|-weather|none\n|-heal|p2a: Dondozo|100\/100|[from] item: Leftovers\n|upkeep\n|turn|6\n|inactive|qmantra has 30 seconds left.\n|inactive|qmantra has 20 seconds left.\n|inactive|qmantra has 15 seconds left.\n|inactive|qmantra has 10 seconds left.\n|inactive|qmantra has 5 seconds left.\n|\n|t:|1700710890\n|-end|p1b: Iron Hands|Quark Drive|[silent]\n|switch|p1b: Flutter Mane|Flutter Mane, L50|100\/100\n|move|p2a: Dondozo|Earthquake|p1b: Flutter Mane|[spread] p1a,p1b\n|-miss|p2a: Dondozo|p2b: Tatsugiri\n|-supereffective|p1a: Heatran\n|-enditem|p1a: Heatran|Shuca Berry|[eat]\n|-enditem|p1a: Heatran|Shuca Berry|[weaken]\n|-crit|p1b: Flutter Mane\n|-damage|p1a: Heatran|0 fnt\n|-damage|p1b: Flutter Mane|0 fnt\n|faint|p1a: Heatran\n|faint|p1b: Flutter Mane\n|-end|p1b: Flutter Mane|Protosynthesis|[silent]\n|\n|upkeep\n|\n|t:|1700710898\n|switch|p1b: Iron Hands|Iron Hands, L50|100\/100\n|switch|p1a: Roaring Moon|Roaring Moon, L50|34\/100\n|turn|7\n|\n|t:|1700710904\n|move|p2a: Dondozo|Protect|p2a: Dondozo\n|-singleturn|p2a: Dondozo|Protect\n|move|p1b: Iron Hands|Fake Out|p2a: Dondozo\n|-activate|p2a: Dondozo|move: Protect\n|move|p1a: Roaring Moon|Breaking Swipe|p2a: Dondozo|[spread] \n|-miss|p1a: Roaring Moon|p2b: Tatsugiri\n|-activate|p2a: Dondozo|move: Protect\n|\n|upkeep\n|turn|8\n|\n|t:|1700710919\n|-terastallize|p1b: Iron Hands|Water\n|move|p1a: Roaring Moon|Knock Off|p2a: Dondozo\n|-damage|p2a: Dondozo|83\/100\n|-enditem|p2a: Dondozo|Leftovers|[from] move: Knock Off|[of] p1a: Roaring Moon\n|move|p2a: Dondozo|Earthquake|p1b: Iron Hands|[spread] p1a,p1b\n|-miss|p2a: Dondozo|p2b: Tatsugiri\n|-damage|p1a: Roaring Moon|0 fnt\n|-damage|p1b: Iron Hands|74\/100\n|faint|p1a: Roaring Moon\n|-end|p1a: Roaring Moon|Protosynthesis|[silent]\n|move|p1b: Iron Hands|Drain Punch|p2a: Dondozo\n|-damage|p2a: Dondozo|68\/100\n|-heal|p1b: Iron Hands|82\/100|[from] drain|[of] p2a: Dondozo\n|\n|upkeep\n|turn|9\n|\n|t:|1700710935\n|move|p2a: Dondozo|Order Up|p1b: Iron Hands\n|-damage|p1b: Iron Hands|52\/100\n|-boost|p2a: Dondozo|atk|1\n|move|p1b: Iron Hands|Drain Punch|p2a: Dondozo\n|-damage|p2a: Dondozo|54\/100\n|-heal|p1b: Iron Hands|59\/100|[from] drain|[of] p2a: Dondozo\n|\n|upkeep\n|turn|10\n|\n|t:|1700710942\n|move|p2a: Dondozo|Order Up|p1b: Iron Hands\n|-damage|p1b: Iron Hands|23\/100\n|-boost|p2a: Dondozo|atk|1\n|move|p1b: Iron Hands|Drain Punch|p2a: Dondozo\n|-damage|p2a: Dondozo|39\/100\n|-heal|p1b: Iron Hands|30\/100|[from] drain|[of] p2a: Dondozo\n|\n|upkeep\n|turn|11\n|\n|t:|1700710946\n|move|p2a: Dondozo|Order Up|p1b: Iron Hands\n|-damage|p1b: Iron Hands|0 fnt\n|faint|p1b: Iron Hands\n|-end|p1b: Iron Hands|Quark Drive|[silent]\n|\n|win|qmantra\n|raw|feelinbuggy's rating: 1150 &rarr; <strong>1130<\/strong><br \/>(-20 for losing)\n|raw|qmantra's rating: 1215 &rarr; <strong>1235<\/strong><br \/>(+20 for winning)\n|c|\u2606feelinbuggy|ggwp\n|c|\u2606qmantra|Gg\n","uploadtime":1700710955,"views":10,"p1id":"feelinbuggy","p2id":"qmantra","formatid":"gen9vgc2023regulatione","rating":1130,"private":0,"password":""}