{"id":"gen9vgc2023regulatione-1993898597","p1":"theantienderman","p2":"dekuplayer64","format":"[Gen 9] VGC 2023 Regulation E","log":"|j|\u2606theantienderman\n|j|\u2606dekuplayer64\n|t:|1700372032\n|gametype|doubles\n|player|p1|theantienderman|supernerd|1075\n|player|p2|dekuplayer64|101|1053\n|teamsize|p1|6\n|teamsize|p2|6\n|gen|9\n|tier|[Gen 9] VGC 2023 Regulation E\n|rated|\n|rule|Species Clause: Limit one of each Pok\u00e9mon\n|rule|Item Clause: Limit one of each item\n|clearpoke\n|poke|p1|Ninetales-Alola, L50, F|\n|poke|p1|Grimmsnarl, L50, M|\n|poke|p1|Chien-Pao, L50|\n|poke|p1|Heatran, L50, F|\n|poke|p1|Rillaboom, L50, F|\n|poke|p1|Annihilape, L50, F|\n|poke|p2|Kricketune, L50, F|\n|poke|p2|Iron Hands, L50|\n|poke|p2|Chandelure, L50, F|\n|poke|p2|Ribombee, L50, F|\n|poke|p2|Falinks, L50|\n|poke|p2|Golduck, L50, M|\n|teampreview|4\n|c|\u2606theantienderman|gl hf\n|\n|t:|1700372050\n|start\n|switch|p1a: Ninetales|Ninetales-Alola, L50, F|100\/100\n|switch|p1b: Grimmsnarl|Grimmsnarl, L50, M|100\/100\n|switch|p2a: Chandelure|Chandelure, L50, F|100\/100\n|switch|p2b: Golduck|Golduck, L50, M|100\/100\n|-weather|Snow|[from] ability: Snow Warning|[of] p1a: Ninetales\n|-ability|p2b: Golduck|Cloud Nine\n|turn|1\n|\n|t:|1700372081\n|switch|p1a: Heatran|Heatran, L50, F|100\/100\n|move|p1b: Grimmsnarl|Taunt|p2a: Chandelure|[miss]\n|-miss|p1b: Grimmsnarl|p2a: Chandelure\n|move|p2b: Golduck|Psych Up|p1a: Heatran\n|-copyboost|p2b: Golduck|p1a: Heatran|[from] move: Psych Up\n|move|p2a: Chandelure|Minimize|p2a: Chandelure\n|-boost|p2a: Chandelure|evasion|2\n|\n|-weather|Snow|[upkeep]\n|upkeep\n|turn|2\n|\n|t:|1700372111\n|move|p1b: Grimmsnarl|Parting Shot|p2a: Chandelure|[miss]\n|-miss|p1b: Grimmsnarl|p2a: Chandelure\n|move|p2b: Golduck|Psych Up|p2a: Chandelure\n|-copyboost|p2b: Golduck|p2a: Chandelure|[from] move: Psych Up\n|move|p1a: Heatran|Earth Power|p2a: Chandelure|[miss]\n|-miss|p1a: Heatran|p2a: Chandelure\n|move|p2a: Chandelure|Minimize|p2a: Chandelure\n|-boost|p2a: Chandelure|evasion|2\n|\n|-weather|Snow|[upkeep]\n|upkeep\n|turn|3\n|c|\u2606dekuplayer64|Same\n|\n|t:|1700372144\n|move|p1b: Grimmsnarl|Taunt|p2a: Chandelure|[miss]\n|-miss|p1b: Grimmsnarl|p2a: Chandelure\n|move|p2b: Golduck|Psych Up|p2a: Chandelure\n|-copyboost|p2b: Golduck|p2a: Chandelure|[from] move: Psych Up\n|move|p1a: Heatran|Earth Power|p2a: Chandelure\n|-supereffective|p2a: Chandelure\n|-damage|p2a: Chandelure|21\/100\n|-unboost|p2a: Chandelure|spd|1\n|-damage|p1a: Heatran|91\/100|[from] item: Life Orb\n|move|p2a: Chandelure|Minimize|p2a: Chandelure\n|-boost|p2a: Chandelure|evasion|2\n|\n|-weather|Snow|[upkeep]\n|upkeep\n|turn|4\n|\n|t:|1700372174\n|move|p1b: Grimmsnarl|Taunt|p2a: Chandelure|[miss]\n|-miss|p1b: Grimmsnarl|p2a: Chandelure\n|move|p2b: Golduck|Nasty Plot|p2b: Golduck\n|-boost|p2b: Golduck|spa|2\n|move|p1a: Heatran|Earth Power|p2a: Chandelure|[miss]\n|-miss|p1a: Heatran|p2a: Chandelure\n|move|p2a: Chandelure|Trick Room|p2a: Chandelure\n|-fieldstart|move: Trick Room|[of] p2a: Chandelure\n|\n|-weather|Snow|[upkeep]\n|upkeep\n|turn|5\n|\n|t:|1700372198\n|-terastallize|p1a: Heatran|Grass\n|move|p1b: Grimmsnarl|Taunt|p2b: Golduck\n|-start|p2b: Golduck|move: Taunt\n|move|p2a: Chandelure|Shadow Ball|p1a: Heatran\n|-damage|p1a: Heatran|56\/100\n|move|p1a: Heatran|Earth Power|p2a: Chandelure|[miss]\n|-miss|p1a: Heatran|p2a: Chandelure\n|cant|p2b: Golduck|move: Taunt|Nasty Plot\n|\n|-weather|Snow|[upkeep]\n|upkeep\n|turn|6\n|\n|t:|1700372219\n|move|p1b: Grimmsnarl|Parting Shot|p2b: Golduck|[miss]\n|-miss|p1b: Grimmsnarl|p2b: Golduck\n|move|p2a: Chandelure|Burning Jealousy|p1a: Heatran|[spread] p1b\n|-start|p1a: Heatran|ability: Flash Fire\n|-damage|p1b: Grimmsnarl|81\/100\n|-enditem|p1b: Grimmsnarl|Eject Button\n|\n|t:|1700372240\n|switch|p1b: Chien-Pao|Chien-Pao, L50|100\/100\n|-ability|p1b: Chien-Pao|Sword of Ruin\n|move|p1a: Heatran|Earth Power|p2a: Chandelure\n|-supereffective|p2a: Chandelure\n|-damage|p2a: Chandelure|0 fnt\n|faint|p2a: Chandelure\n|-damage|p1a: Heatran|46\/100|[from] item: Life Orb\n|move|p2b: Golduck|Icy Wind|p1b: Chien-Pao|[spread] p1a,p1b\n|-supereffective|p1a: Heatran\n|-resisted|p1b: Chien-Pao\n|-damage|p1a: Heatran|10\/100\n|-damage|p1b: Chien-Pao|87\/100\n|-unboost|p1a: Heatran|spe|1\n|-unboost|p1b: Chien-Pao|spe|1\n|\n|-weather|Snow|[upkeep]\n|upkeep\n|\n|t:|1700372254\n|switch|p2a: Falinks|Falinks, L50|100\/100\n|turn|7\n|\n|t:|1700372265\n|move|p1a: Heatran|Heat Wave|p2a: Falinks|[spread] p2a,p2b\n|-resisted|p2b: Golduck\n|-damage|p2a: Falinks|0 fnt\n|-damage|p2b: Golduck|56\/100\n|faint|p2a: Falinks\n|-damage|p1a: Heatran|0 fnt|[from] item: Life Orb\n|faint|p1a: Heatran\n|move|p2b: Golduck|Icy Wind|p1b: Chien-Pao\n|-resisted|p1b: Chien-Pao\n|-damage|p1b: Chien-Pao|67\/100\n|-unboost|p1b: Chien-Pao|spe|1\n|move|p1b: Chien-Pao|Sacred Sword|p2b: Golduck\n|-damage|p2b: Golduck|15\/100\n|\n|-weather|Snow|[upkeep]\n|-heal|p2b: Golduck|21\/100|[from] item: Leftovers\n|-end|p2b: Golduck|move: Taunt\n|upkeep\n|\n|t:|1700372283\n|switch|p1a: Grimmsnarl|Grimmsnarl, L50, M|81\/100\n|switch|p2a: Iron Hands|Iron Hands, L50|100\/100\n|turn|8\n|\n|t:|1700372294\n|move|p1a: Grimmsnarl|Spirit Break|p2a: Iron Hands\n|-supereffective|p2a: Iron Hands\n|-damage|p2a: Iron Hands|41\/100\n|-unboost|p2a: Iron Hands|spa|1\n|move|p2a: Iron Hands|Drain Punch|p1b: Chien-Pao\n|-supereffective|p1b: Chien-Pao\n|-damage|p1b: Chien-Pao|0 fnt\n|-heal|p2a: Iron Hands|63\/100|[from] drain|[of] p1b: Chien-Pao\n|faint|p1b: Chien-Pao\n|-damage|p2a: Iron Hands|53\/100|[from] item: Life Orb\n|move|p2b: Golduck|Surf|p1a: Grimmsnarl|[spread] p2a,p1a\n|-damage|p2a: Iron Hands|8\/100\n|-damage|p1a: Grimmsnarl|46\/100\n|\n|-weather|none\n|-heal|p2b: Golduck|27\/100|[from] item: Leftovers\n|-fieldend|move: Trick Room\n|upkeep\n|\n|t:|1700372308\n|switch|p1b: Ninetales|Ninetales-Alola, L50, F|100\/100\n|-weather|Snow|[from] ability: Snow Warning|[of] p1b: Ninetales\n|turn|9\n|\n|t:|1700372326\n|move|p1b: Ninetales|Moonblast|p2a: Iron Hands\n|-supereffective|p2a: Iron Hands\n|-damage|p2a: Iron Hands|0 fnt\n|faint|p2a: Iron Hands\n|-end|p2a: Iron Hands|Quark Drive|[silent]\n|move|p2b: Golduck|Icy Wind|p1b: Ninetales|[spread] p1a\n|-miss|p2b: Golduck|p1b: Ninetales\n|-damage|p1a: Grimmsnarl|33\/100\n|-unboost|p1a: Grimmsnarl|spe|1\n|move|p1a: Grimmsnarl|Spirit Break|p2b: Golduck|[miss]\n|-miss|p1a: Grimmsnarl|p2b: Golduck\n|\n|-weather|Snow|[upkeep]\n|-heal|p2b: Golduck|33\/100|[from] item: Leftovers\n|upkeep\n|turn|10\n|\n|t:|1700372351\n|move|p1b: Ninetales|Moonblast|p2b: Golduck|[miss]\n|-miss|p1b: Ninetales|p2b: Golduck\n|move|p2b: Golduck|Surf|p1a: Grimmsnarl|[spread] p1a,p1b\n|-damage|p1a: Grimmsnarl|0 fnt\n|-damage|p1b: Ninetales|57\/100\n|faint|p1a: Grimmsnarl\n|\n|-weather|Snow|[upkeep]\n|-heal|p2b: Golduck|39\/100|[from] item: Leftovers\n|upkeep\n|turn|11\n|\n|t:|1700372367\n|move|p1b: Ninetales|Moonblast|p2b: Golduck\n|-damage|p2b: Golduck|4\/100\n|move|p2b: Golduck|Nasty Plot|p2b: Golduck\n|-boost|p2b: Golduck|spa|2\n|\n|-weather|Snow|[upkeep]\n|-heal|p2b: Golduck|10\/100|[from] item: Leftovers\n|upkeep\n|turn|12\n|\n|t:|1700372379\n|move|p1b: Ninetales|Moonblast|p2b: Golduck\n|-damage|p2b: Golduck|0 fnt\n|faint|p2b: Golduck\n|\n|win|theantienderman\n|raw|theantienderman's rating: 1075 &rarr; <strong>1102<\/strong><br \/>(+27 for winning)\n|raw|dekuplayer64's rating: 1053 &rarr; <strong>1036<\/strong><br \/>(-17 for losing)\n|l|\u2606dekuplayer64\n","uploadtime":1700372429,"views":8,"p1id":"theantienderman","p2id":"dekuplayer64","formatid":"gen9vgc2023regulatione","rating":1036,"private":0,"password":""}