{"id":"gen9vgc2023regulatione-1996387372","p1":"Omeega13","p2":"SprimLordLv","format":"[Gen 9] VGC 2023 Regulation E","log":"|j|\u2606Omeega13\n|j|\u2606SprimLordLv\n|t:|1700677201\n|gametype|doubles\n|player|p1|Omeega13|169|\n|player|p2|SprimLordLv|102|\n|teamsize|p1|6\n|teamsize|p2|6\n|gen|9\n|tier|[Gen 9] VGC 2023 Regulation E\n|rule|Species Clause: Limit one of each Pok\u00e9mon\n|rule|Item Clause: Limit one of each item\n|clearpoke\n|poke|p1|Flutter Mane, L50|\n|poke|p1|Palafin, L50, F|\n|poke|p1|Iron Jugulis, L50|\n|poke|p1|Iron Hands, L50|\n|poke|p1|Maushold-Four, L50|\n|poke|p1|Ceruledge, L50, M|\n|poke|p2|Iron Jugulis, L50|\n|poke|p2|Great Tusk, L50|\n|poke|p2|Iron Bundle, L50|\n|poke|p2|Iron Hands, L50|\n|poke|p2|Gholdengo, L50|\n|poke|p2|Gothitelle, L50, F|\n|teampreview|4\n|c|\u2606Omeega13|Gl\n|j| drakig\n|inactive|Battle timer is ON: inactive players will automatically lose when time's up. (requested by SprimLordLv)\n|c| drakig|ya\n|c| drakig|suerte\n|c|\u2606SprimLordLv|Gl\n|j| Machado-1497\n|inactive|SprimLordLv has 60 seconds left.\n|\n|t:|1700677259\n|start\n|switch|p1a: Ceruledge|Ceruledge, L50, M|100\/100\n|switch|p1b: Flutter Mane|Flutter Mane, L50|100\/100\n|switch|p2a: Iron Jugulis|Iron Jugulis, L50|100\/100\n|switch|p2b: Great Tusk|Great Tusk, L50|100\/100\n|-enditem|p2a: Iron Jugulis|Booster Energy\n|-activate|p2a: Iron Jugulis|ability: Quark Drive|[fromitem]\n|-start|p2a: Iron Jugulis|quarkdrivespe\n|turn|1\n|inactive|Omeega13 has 30 seconds left.\n|inactive|SprimLordLv has 30 seconds left.\n|j| Jaatiiiii\n|inactive|SprimLordLv has 20 seconds left.\n|\n|t:|1700677294\n|switch|p1a: Iron Jugulis|Iron Jugulis, L50|100\/100\n|-enditem|p1a: Iron Jugulis|Booster Energy\n|-activate|p1a: Iron Jugulis|ability: Quark Drive|[fromitem]\n|-start|p1a: Iron Jugulis|quarkdrivespe\n|move|p2b: Great Tusk|Protect|p2b: Great Tusk\n|-singleturn|p2b: Great Tusk|Protect\n|move|p2a: Iron Jugulis|Snarl|p1a: Iron Jugulis|[spread] p1a,p1b\n|-resisted|p1a: Iron Jugulis\n|-crit|p1b: Flutter Mane\n|-damage|p1a: Iron Jugulis|93\/100\n|-damage|p1b: Flutter Mane|76\/100\n|-unboost|p1a: Iron Jugulis|spa|1\n|-unboost|p1b: Flutter Mane|spa|1\n|move|p1b: Flutter Mane|Dazzling Gleam|p2b: Great Tusk|[spread] p2a\n|-activate|p2b: Great Tusk|move: Protect\n|-supereffective|p2a: Iron Jugulis\n|-damage|p2a: Iron Jugulis|43\/100\n|\n|upkeep\n|turn|2\n|j| ChriZyscr\n|inactive|SprimLordLv has 30 seconds left.\n|\n|t:|1700677321\n|move|p1a: Iron Jugulis|Tailwind|p1a: Iron Jugulis\n|-sidestart|p1: Omeega13|move: Tailwind\n|move|p1b: Flutter Mane|Dazzling Gleam|p2a: Iron Jugulis|[spread] p2a,p2b\n|-supereffective|p2a: Iron Jugulis\n|-supereffective|p2b: Great Tusk\n|-damage|p2a: Iron Jugulis|0 fnt\n|-damage|p2b: Great Tusk|1\/100\n|faint|p2a: Iron Jugulis\n|-end|p2a: Iron Jugulis|Quark Drive|[silent]\n|move|p2b: Great Tusk|Headlong Rush|p1b: Flutter Mane\n|-damage|p1b: Flutter Mane|0 fnt\n|-unboost|p2b: Great Tusk|def|1\n|-unboost|p2b: Great Tusk|spd|1\n|faint|p1b: Flutter Mane\n|-end|p1b: Flutter Mane|Protosynthesis|[silent]\n|-damage|p2b: Great Tusk|0 fnt|[from] item: Life Orb\n|faint|p2b: Great Tusk\n|-end|p2b: Great Tusk|Protosynthesis|[silent]\n|\n|upkeep\n|\n|t:|1700677336\n|switch|p1b: Ceruledge|Ceruledge, L50, M|100\/100\n|switch|p2a: Iron Bundle|Iron Bundle, L50|100\/100\n|switch|p2b: Iron Hands|Iron Hands, L50|100\/100\n|turn|3\n|inactive|Omeega13 has 30 seconds left.\n|inactive|SprimLordLv has 30 seconds left.\n|inactive|Omeega13 has 20 seconds left.\n|\n|t:|1700677375\n|move|p2b: Iron Hands|Fake Out|p1a: Iron Jugulis\n|-damage|p1a: Iron Jugulis|77\/100\n|cant|p1a: Iron Jugulis|flinch\n|move|p1b: Ceruledge|Bulk Up|p1b: Ceruledge\n|-boost|p1b: Ceruledge|atk|1\n|-boost|p1b: Ceruledge|def|1\n|move|p2a: Iron Bundle|Icy Wind|p1a: Iron Jugulis|[spread] p1a,p1b\n|-supereffective|p1a: Iron Jugulis\n|-resisted|p1b: Ceruledge\n|-damage|p1a: Iron Jugulis|41\/100\n|-damage|p1b: Ceruledge|92\/100\n|-unboost|p1a: Iron Jugulis|spe|1\n|\n|upkeep\n|turn|4\n|inactive|SprimLordLv has 30 seconds left.\n|\n|t:|1700677405\n|-terastallize|p1b: Ceruledge|Grass\n|move|p1a: Iron Jugulis|Snarl|p2b: Iron Hands|[spread] p2a,p2b\n|-resisted|p2b: Iron Hands\n|-damage|p2a: Iron Bundle|78\/100\n|-damage|p2b: Iron Hands|98\/100\n|-unboost|p2a: Iron Bundle|spa|1\n|-unboost|p2b: Iron Hands|spa|1\n|move|p1b: Ceruledge|Bitter Blade|p2b: Iron Hands\n|-damage|p2b: Iron Hands|50\/100\n|-heal|p1b: Ceruledge|100\/100|[from] drain|[of] p2b: Iron Hands\n|move|p2a: Iron Bundle|Encore|p1b: Ceruledge\n|-start|p1b: Ceruledge|Encore\n|move|p2b: Iron Hands|Drain Punch|p1a: Iron Jugulis\n|-damage|p1a: Iron Jugulis|0 fnt\n|-heal|p2b: Iron Hands|67\/100|[from] drain|[of] p1a: Iron Jugulis\n|faint|p1a: Iron Jugulis\n|-end|p1a: Iron Jugulis|Quark Drive|[silent]\n|\n|upkeep\n|\n|t:|1700677424\n|switch|p1a: Iron Hands|Iron Hands, L50|100\/100\n|turn|5\n|\n|t:|1700677441\n|move|p2a: Iron Bundle|Protect|p2a: Iron Bundle\n|-singleturn|p2a: Iron Bundle|Protect\n|move|p1a: Iron Hands|Fake Out|p2b: Iron Hands\n|-damage|p2b: Iron Hands|55\/100\n|move|p1b: Ceruledge|Bitter Blade|p2b: Iron Hands\n|-damage|p2b: Iron Hands|14\/100\n|cant|p2b: Iron Hands|flinch\n|\n|-sideend|p1: Omeega13|move: Tailwind\n|upkeep\n|turn|6\n|\n|t:|1700677466\n|move|p2a: Iron Bundle|Icy Wind|p1a: Iron Hands|[spread] p1a,p1b\n|-supereffective|p1b: Ceruledge\n|-damage|p1a: Iron Hands|93\/100\n|-damage|p1b: Ceruledge|74\/100\n|-unboost|p1a: Iron Hands|spe|1\n|move|p1b: Ceruledge|Bitter Blade|p2b: Iron Hands\n|-damage|p2b: Iron Hands|0 fnt\n|-heal|p1b: Ceruledge|83\/100|[from] drain|[of] p2b: Iron Hands\n|faint|p2b: Iron Hands\n|-end|p2b: Iron Hands|Quark Drive|[silent]\n|move|p1a: Iron Hands|Drain Punch|p2a: Iron Bundle\n|-supereffective|p2a: Iron Bundle\n|-damage|p2a: Iron Bundle|0 fnt\n|-heal|p1a: Iron Hands|100\/100|[from] drain|[of] p2a: Iron Bundle\n|faint|p2a: Iron Bundle\n|-end|p2a: Iron Bundle|Quark Drive|[silent]\n|\n|win|Omeega13\n|l| ChriZyscr\n","uploadtime":1700677481,"views":10,"p1id":"omeega13","p2id":"sprimlordlv","formatid":"gen9vgc2023regulatione","rating":0,"private":0,"password":""}