{"id":"gen9vgc2023regulatione-1993974338","p1":"testing122023H","p2":"JayoticNL","format":"[Gen 9] VGC 2023 Regulation E","log":"|j|\u2606testing122023H\n|j|\u2606JayoticNL\n|t:|1700386222\n|gametype|doubles\n|player|p1|testing122023H|102|1418\n|player|p2|JayoticNL|266|1487\n|teamsize|p1|6\n|teamsize|p2|6\n|gen|9\n|tier|[Gen 9] VGC 2023 Regulation E\n|rated|\n|rule|Species Clause: Limit one of each Pok\u00e9mon\n|rule|Item Clause: Limit one of each item\n|clearpoke\n|poke|p1|Thundurus, L50, M|\n|poke|p1|Landorus-Therian, L50, M|\n|poke|p1|Flutter Mane, L50|\n|poke|p1|Arcanine-Hisui, L50, F|\n|poke|p1|Chien-Pao, L50|\n|poke|p1|Iron Hands, L50|\n|poke|p2|Thundurus, L50, M|\n|poke|p2|Ogerpon-Wellspring, L50, F|\n|poke|p2|Arcanine-Hisui, L50, M|\n|poke|p2|Annihilape, L50, F|\n|poke|p2|Grimmsnarl, L50, M|\n|poke|p2|Gholdengo, L50|\n|teampreview|4\n|inactive|Battle timer is ON: inactive players will automatically lose when time's up. (requested by testing122023H)\n|\n|t:|1700386252\n|start\n|switch|p1a: Iron Hands|Iron Hands, L50|100\/100\n|switch|p1b: Flutter Mane|Flutter Mane, L50|100\/100\n|switch|p2a: Thundurus|Thundurus, L50, M|100\/100\n|switch|p2b: Annihilape|Annihilape, L50, F|100\/100\n|turn|1\n|\n|t:|1700386270\n|-terastallize|p1b: Flutter Mane|Fairy\n|-terastallize|p2b: Annihilape|Fire\n|move|p2a: Thundurus|Eerie Impulse|p1b: Flutter Mane\n|-unboost|p1b: Flutter Mane|spa|2\n|move|p1b: Flutter Mane|Shadow Ball|p2b: Annihilape\n|-damage|p2b: Annihilape|77\/100\n|move|p2b: Annihilape|Bulk Up|p2b: Annihilape\n|-boost|p2b: Annihilape|atk|1\n|-boost|p2b: Annihilape|def|1\n|move|p1a: Iron Hands|Wild Charge|p2b: Annihilape\n|-damage|p2b: Annihilape|45\/100\n|-damage|p1a: Iron Hands|93\/100|[from] Recoil\n|\n|-heal|p2b: Annihilape|51\/100|[from] item: Leftovers\n|upkeep\n|turn|2\n|inactive|testing122023H has 30 seconds left.\n|inactive|JayoticNL has 30 seconds left.\n|inactive|JayoticNL has 20 seconds left.\n|inactive|JayoticNL has 15 seconds left.\n|inactive|JayoticNL has 10 seconds left.\n|\n|t:|1700386320\n|-end|p1b: Flutter Mane|Protosynthesis|[silent]\n|switch|p1b: Landorus|Landorus-Therian, L50, M, shiny|100\/100\n|-ability|p1b: Landorus|Intimidate|boost\n|-unboost|p2a: Thundurus|atk|1\n|-unboost|p2b: Annihilape|atk|1\n|-ability|p2b: Annihilape|Defiant|boost\n|-boost|p2b: Annihilape|atk|2\n|switch|p2a: Arcanine|Arcanine-Hisui, L50, M|100\/100\n|-ability|p2a: Arcanine|Intimidate|boost\n|-unboost|p1a: Iron Hands|atk|1\n|-unboost|p1b: Landorus|atk|1\n|move|p2b: Annihilape|Rage Fist|p1a: Iron Hands\n|-damage|p1a: Iron Hands|0 fnt\n|faint|p1a: Iron Hands\n|-end|p1a: Iron Hands|Quark Drive|[silent]\n|\n|-heal|p2b: Annihilape|58\/100|[from] item: Leftovers\n|upkeep\n|\n|t:|1700386324\n|switch|p1a: Arcanine|Arcanine-Hisui, L50, F|100\/100\n|-ability|p1a: Arcanine|Intimidate|boost\n|-unboost|p2a: Arcanine|atk|1\n|-unboost|p2b: Annihilape|atk|1\n|-ability|p2b: Annihilape|Defiant|boost\n|-boost|p2b: Annihilape|atk|2\n|turn|3\n|\n|t:|1700386337\n|switch|p2a: Thundurus|Thundurus, L50, M|100\/100\n|move|p2b: Annihilape|Protect|p2b: Annihilape\n|-singleturn|p2b: Annihilape|Protect\n|move|p1b: Landorus|Rock Slide|p2a: Thundurus|[spread] p2a\n|-activate|p2b: Annihilape|move: Protect\n|-supereffective|p2a: Thundurus\n|-damage|p2a: Thundurus|74\/100\n|move|p1a: Arcanine|Rock Slide|p2b: Annihilape|[spread] p2a\n|-activate|p2b: Annihilape|move: Protect\n|-supereffective|p2a: Thundurus\n|-damage|p2a: Thundurus|0 fnt\n|faint|p2a: Thundurus\n|\n|-heal|p2b: Annihilape|64\/100|[from] item: Leftovers\n|upkeep\n|\n|t:|1700386349\n|switch|p2a: Arcanine|Arcanine-Hisui, L50, M|100\/100\n|-ability|p2a: Arcanine|Intimidate|boost\n|-unboost|p1a: Arcanine|atk|1\n|-unboost|p1b: Landorus|atk|1\n|turn|4\n|\n|t:|1700386354\n|switch|p2a: Gholdengo|Gholdengo, L50|100\/100\n|move|p1b: Landorus|Rock Slide|p2a: Gholdengo|[spread] p2a,p2b\n|-resisted|p2a: Gholdengo\n|-crit|p2a: Gholdengo\n|-supereffective|p2b: Annihilape\n|-damage|p2a: Gholdengo|84\/100\n|-damage|p2b: Annihilape|50\/100\n|move|p1a: Arcanine|Rock Slide|p2b: Annihilape|[spread] p2a\n|-miss|p1a: Arcanine|p2b: Annihilape\n|-resisted|p2a: Gholdengo\n|-damage|p2a: Gholdengo|71\/100\n|move|p2b: Annihilape|Drain Punch|p1a: Arcanine\n|-supereffective|p1a: Arcanine\n|-damage|p1a: Arcanine|0 fnt\n|-heal|p2b: Annihilape|92\/100|[from] drain|[of] p1a: Arcanine\n|faint|p1a: Arcanine\n|\n|-heal|p2b: Annihilape|98\/100|[from] item: Leftovers\n|upkeep\n|\n|t:|1700386364\n|switch|p1a: Flutter Mane|Flutter Mane, L50, tera:Fairy|100\/100\n|turn|5\n|\n|t:|1700386378\n|move|p1b: Landorus|Rock Slide|p2b: Annihilape|[spread] p2a,p2b\n|-resisted|p2a: Gholdengo\n|-supereffective|p2b: Annihilape\n|-damage|p2a: Gholdengo|66\/100\n|-damage|p2b: Annihilape|84\/100\n|move|p1a: Flutter Mane|Shadow Ball|p2a: Gholdengo\n|-supereffective|p2a: Gholdengo\n|-damage|p2a: Gholdengo|0 fnt\n|faint|p2a: Gholdengo\n|cant|p2b: Annihilape|flinch\n|\n|-heal|p2b: Annihilape|90\/100|[from] item: Leftovers\n|upkeep\n|\n|t:|1700386385\n|switch|p2a: Arcanine|Arcanine-Hisui, L50, M|100\/100\n|-ability|p2a: Arcanine|Intimidate|boost\n|-unboost|p1a: Flutter Mane|atk|1\n|-unboost|p1b: Landorus|atk|1\n|turn|6\n|\n|t:|1700386404\n|move|p1b: Landorus|Rock Slide|p2a: Arcanine|[spread] p2a,p2b\n|-supereffective|p2a: Arcanine\n|-crit|p2a: Arcanine\n|-supereffective|p2b: Annihilape\n|-damage|p2a: Arcanine|21\/100\n|-damage|p2b: Annihilape|79\/100\n|move|p1a: Flutter Mane|Shadow Ball|p2b: Annihilape\n|-damage|p2b: Annihilape|36\/100\n|cant|p2a: Arcanine|flinch\n|move|p2b: Annihilape|Rage Fist|p1a: Flutter Mane\n|-damage|p1a: Flutter Mane|0 fnt\n|faint|p1a: Flutter Mane\n|-end|p1a: Flutter Mane|Protosynthesis|[silent]\n|\n|-heal|p2b: Annihilape|42\/100|[from] item: Leftovers\n|upkeep\n|turn|7\n|\n|t:|1700386427\n|move|p2b: Annihilape|Protect|p2b: Annihilape\n|-singleturn|p2b: Annihilape|Protect\n|move|p1b: Landorus|Rock Slide|p2a: Arcanine|[spread] p2a\n|-activate|p2b: Annihilape|move: Protect\n|-supereffective|p2a: Arcanine\n|-damage|p2a: Arcanine|2\/100\n|move|p2a: Arcanine|Flare Blitz|p1b: Landorus\n|-damage|p1b: Landorus|35\/100\n|-damage|p2a: Arcanine|0 fnt|[from] Recoil\n|faint|p2a: Arcanine\n|\n|-heal|p2b: Annihilape|49\/100|[from] item: Leftovers\n|upkeep\n|turn|8\n|\n|t:|1700386439\n|move|p1b: Landorus|Rock Slide|p2b: Annihilape\n|-supereffective|p2b: Annihilape\n|-damage|p2b: Annihilape|34\/100\n|cant|p2b: Annihilape|flinch\n|\n|-heal|p2b: Annihilape|40\/100|[from] item: Leftovers\n|upkeep\n|turn|9\n|\n|t:|1700386445\n|move|p2b: Annihilape|Protect|p2b: Annihilape\n|-singleturn|p2b: Annihilape|Protect\n|move|p1b: Landorus|Rock Slide|p2b: Annihilape\n|-activate|p2b: Annihilape|move: Protect\n|\n|-heal|p2b: Annihilape|47\/100|[from] item: Leftovers\n|upkeep\n|turn|10\n|\n|t:|1700386452\n|move|p1b: Landorus|Rock Slide|p2b: Annihilape\n|-supereffective|p2b: Annihilape\n|-damage|p2b: Annihilape|32\/100\n|move|p2b: Annihilape|Rage Fist|p1b: Landorus\n|-damage|p1b: Landorus|0 fnt\n|faint|p1b: Landorus\n|\n|win|JayoticNL\n|raw|testing122023H's rating: 1418 &rarr; <strong>1402<\/strong><br \/>(-16 for losing)\n|raw|JayoticNL's rating: 1487 &rarr; <strong>1503<\/strong><br \/>(+16 for winning)\n|l|\u2606testing122023H\n|l|\u2606JayoticNL\n|j|\u2606JayoticNL\n|player|p2|JayoticNL|266\n","uploadtime":1700386714,"views":5,"p1id":"testing122023h","p2id":"jayoticnl","formatid":"gen9vgc2023regulatione","rating":1402,"private":0,"password":""}