{"id":"gen9vgc2023regulatione-1999581338","p1":"LowEloGrind","p2":"Player2303","format":"[Gen 9] VGC 2023 Regulation E","log":"|j|\u2606LowEloGrind\n|j|\u2606Player2303\n|t:|1701098261\n|gametype|doubles\n|player|p1|LowEloGrind|1|1225\n|player|p2|Player2303|266|1304\n|teamsize|p1|6\n|teamsize|p2|6\n|gen|9\n|tier|[Gen 9] VGC 2023 Regulation E\n|rated|\n|rule|Species Clause: Limit one of each Pok\u00e9mon\n|rule|Item Clause: Limit one of each item\n|clearpoke\n|poke|p1|Iron Hands, L50|\n|poke|p1|Sinistcha, L50|\n|poke|p1|Arcanine-Hisui, L50, F|\n|poke|p1|Moltres-Galar, L50|\n|poke|p1|Iron Bundle, L50|\n|poke|p1|Ninetales-Alola, L50, F|\n|poke|p2|Dusclops, L50, F|\n|poke|p2|Hatterene, L50, F|\n|poke|p2|Coalossal, L50, M|\n|poke|p2|Sinistcha-Masterpiece, L50|\n|poke|p2|Avalugg-Hisui, L50, F|\n|poke|p2|Pincurchin, L50, F|\n|teampreview|4\nLowEloGrind has agreed to open team sheets.\n|\n|t:|1701098296\n|start\n|switch|p1a: Under the Tree|Iron Bundle, L50|100\/100\n|switch|p1b: Snowing!!!!!|Ninetales-Alola, L50, F|100\/100\n|switch|p2a: Dusclops|Dusclops, L50, F, shiny|100\/100\n|switch|p2b: Hatterene|Hatterene, L50, F, shiny|100\/100\n|-weather|Snow|[from] ability: Snow Warning|[of] p1b: Snowing!!!!!\n|-item|p1a: Under the Tree|Booster Energy|[from] ability: Frisk|[of] p2a: Dusclops|[identify]\n|-item|p1b: Snowing!!!!!|Light Clay|[from] ability: Frisk|[of] p2a: Dusclops|[identify]\n|-enditem|p1a: Under the Tree|Booster Energy\n|-activate|p1a: Under the Tree|ability: Quark Drive|[fromitem]\n|-start|p1a: Under the Tree|quarkdrivespe\n|turn|1\n|inactive|Battle timer is ON: inactive players will automatically lose when time's up. (requested by LowEloGrind)\n|\n|t:|1701098315\n|move|p1a: Under the Tree|Hydro Pump|p2b: Hatterene\n|-damage|p2b: Hatterene|50\/100\n|move|p1b: Snowing!!!!!|Aurora Veil|p1b: Snowing!!!!!\n|-sidestart|p1: LowEloGrind|move: Aurora Veil\n|move|p2b: Hatterene|Mystical Fire|p1b: Snowing!!!!!\n|-supereffective|p1b: Snowing!!!!!\n|-damage|p1b: Snowing!!!!!|69\/100\n|-unboost|p1b: Snowing!!!!!|spa|1\n|move|p2a: Dusclops|Trick Room|p2a: Dusclops\n|-fieldstart|move: Trick Room|[of] p2a: Dusclops\n|\n|-weather|Snow|[upkeep]\n|upkeep\n|turn|2\n|\n|t:|1701098332\n|move|p2a: Dusclops|Night Shade|p1a: Under the Tree\n|-damage|p1a: Under the Tree|64\/100\n|move|p2b: Hatterene|Mystical Fire|p1a: Under the Tree\n|-damage|p1a: Under the Tree|40\/100\n|-unboost|p1a: Under the Tree|spa|1\n|move|p1b: Snowing!!!!!|Blizzard|p2a: Dusclops|[spread] p2a,p2b\n|-damage|p2a: Dusclops|92\/100\n|-damage|p2b: Hatterene|35\/100\n|move|p1a: Under the Tree|Hydro Pump|p2b: Hatterene\n|-damage|p2b: Hatterene|2\/100\n|\n|-weather|Snow|[upkeep]\n|upkeep\n|turn|3\n|\n|t:|1701098352\n|move|p2a: Dusclops|Night Shade|p1a: Under the Tree\n|-damage|p1a: Under the Tree|3\/100\n|move|p2b: Hatterene|Mystical Fire|p1a: Under the Tree\n|-damage|p1a: Under the Tree|0 fnt\n|faint|p1a: Under the Tree\n|-end|p1a: Under the Tree|Quark Drive|[silent]\n|move|p1b: Snowing!!!!!|Blizzard|p2a: Dusclops|[spread] p2a,p2b\n|-damage|p2a: Dusclops|83\/100\n|-damage|p2b: Hatterene|0 fnt\n|faint|p2b: Hatterene\n|\n|-weather|Snow|[upkeep]\n|upkeep\n|\n|t:|1701098369\n|switch|p2b: Avalugg|Avalugg-Hisui, L50, F|100\/100\n|switch|p1a: Family Disaster|Moltres-Galar, L50|100\/100\n|turn|4\n|\n|t:|1701098382\n|switch|p1b: Cuddly Dog|Arcanine-Hisui, L50, F|100\/100\n|-ability|p1b: Cuddly Dog|Intimidate|boost\n|-unboost|p2a: Dusclops|atk|1\n|-unboost|p2b: Avalugg|atk|1\n|move|p1a: Family Disaster|Protect|p1a: Family Disaster\n|-singleturn|p1a: Family Disaster|Protect\n|move|p2a: Dusclops|Night Shade|p1b: Cuddly Dog\n|-damage|p1b: Cuddly Dog|73\/100\n|move|p2b: Avalugg|Rock Blast|p1a: Family Disaster\n|-activate|p1a: Family Disaster|move: Protect\n|\n|-weather|Snow|[upkeep]\n|upkeep\n|turn|5\n|\n|t:|1701098405\n|-terastallize|p1a: Family Disaster|Steel\n|move|p2a: Dusclops|Night Shade|p1b: Cuddly Dog\n|-damage|p1b: Cuddly Dog|45\/100\n|move|p2b: Avalugg|Rock Blast|p1a: Family Disaster\n|-resisted|p1a: Family Disaster\n|-damage|p1a: Family Disaster|97\/100\n|-resisted|p1a: Family Disaster\n|-damage|p1a: Family Disaster|95\/100\n|-resisted|p1a: Family Disaster\n|-damage|p1a: Family Disaster|92\/100\n|-resisted|p1a: Family Disaster\n|-damage|p1a: Family Disaster|90\/100\n|-hitcount|p1a: Family Disaster|4\n|move|p1a: Family Disaster|Nasty Plot|p1a: Family Disaster\n|-boost|p1a: Family Disaster|spa|2\n|move|p1b: Cuddly Dog|Flare Blitz|p2a: Dusclops\n|-damage|p2a: Dusclops|32\/100\n|-damage|p1b: Cuddly Dog|31\/100|[from] Recoil\n|\n|-weather|none\n|-fieldend|move: Trick Room\n|upkeep\n|turn|6\n|\n|t:|1701098428\n|move|p1b: Cuddly Dog|Flare Blitz|p2b: Avalugg\n|-damage|p2b: Avalugg|49\/100\n|-status|p2b: Avalugg|brn\n|-damage|p1b: Cuddly Dog|14\/100|[from] Recoil\n|move|p1a: Family Disaster|Fiery Wrath|p2a: Dusclops|[spread] p2a,p2b\n|-supereffective|p2a: Dusclops\n|-damage|p2a: Dusclops|0 fnt\n|-damage|p2b: Avalugg|0 fnt\n|faint|p2a: Dusclops\n|faint|p2b: Avalugg\n|\n|upkeep\n|\n|t:|1701098436\n|switch|p2b: Coalossal|Coalossal, L50, M, shiny|100\/100\n|turn|7\n|\n|t:|1701098443\n|switch|p1b: Snowing!!!!!|Ninetales-Alola, L50, F|69\/100\n|-weather|Snow|[from] ability: Snow Warning|[of] p1b: Snowing!!!!!\n|-terastallize|p2b: Coalossal|Grass\n|move|p1a: Family Disaster|Fiery Wrath|p2b: Coalossal\n|-damage|p2b: Coalossal|52\/100\n|move|p2b: Coalossal|Flamethrower|p1a: Family Disaster\n|-supereffective|p1a: Family Disaster\n|-damage|p1a: Family Disaster|55\/100\n|\n|-weather|Snow|[upkeep]\n|upkeep\n|turn|8\n|\n|t:|1701098457\n|move|p1b: Snowing!!!!!|Blizzard|p2b: Coalossal\n|-supereffective|p2b: Coalossal\n|-damage|p2b: Coalossal|11\/100\n|move|p1a: Family Disaster|Fiery Wrath|p2b: Coalossal\n|-damage|p2b: Coalossal|0 fnt\n|faint|p2b: Coalossal\n|\n|win|LowEloGrind\n|raw|LowEloGrind's rating: 1225 &rarr; <strong>1256<\/strong><br \/>(+31 for winning)\n|raw|Player2303's rating: 1304 &rarr; <strong>1280<\/strong><br \/>(-24 for losing)\n|l|\u2606Player2303\n","uploadtime":1701098469,"views":10,"p1id":"lowelogrind","p2id":"player2303","formatid":"gen9vgc2023regulatione","rating":1256,"private":0,"password":""}