{"id":"gen9vgc2023regulatione-1990176490","p1":"bobforte22","p2":"DesertGardener","format":"[Gen 9] VGC 2023 Regulation E","log":"|j|\u2606bobforte22\n|j|\u2606DesertGardener\n|t:|1699933204\n|gametype|doubles\n|player|p1|bobforte22|pilot|\n|player|p2|DesertGardener|railstaff|\n|teamsize|p1|6\n|teamsize|p2|6\n|gen|9\n|tier|[Gen 9] VGC 2023 Regulation E\n|rated|Tournament battle\n|rule|Species Clause: Limit one of each Pok\u00e9mon\n|rule|Item Clause: Limit one of each item\n|clearpoke\n|poke|p1|Chi-Yu, L50|\n|poke|p1|Jolteon, L50, M|\n|poke|p1|Iron Hands, L50|\n|poke|p1|Iron Bundle, L50|\n|poke|p1|Arcanine, L50, F|\n|poke|p1|Iron Jugulis, L50|\n|poke|p2|Corviknight, L50, F|\n|poke|p2|Spiritomb, L50, F|\n|poke|p2|Hydreigon, L50, M|\n|poke|p2|Vaporeon, L50, F|\n|poke|p2|Wyrdeer, L50, F|\n|poke|p2|Ogerpon-Cornerstone, L50, F|\n|teampreview|4\n|showteam|p1|Chi-Yu||ChoiceSpecs|BeadsofRuin|DarkPulse,HeatWave,Flamethrower,TeraBlast||||||50|,,,,,Ghost]Jolteon||LifeOrb|VoltAbsorb|FakeTears,Protect,LightScreen,Thunderbolt|||M|||50|,,,,,Grass]Iron Hands||AssaultVest|QuarkDrive|FakeOut,TeraBlast,DrainPunch,WildCharge||||||50|,,,,,Fire]Iron Bundle||CovertCloak|QuarkDrive|FreezeDry,HydroPump,Protect,Encore||||||50|,,,,,Fairy]Arcanine||RockyHelmet|Intimidate|FlareBlitz,WillOWisp,Protect,Roar|||F|||50|,,,,,Water]Iron Jugulis||ChoiceScarf|QuarkDrive|HydroPump,DarkPulse,AirSlash,EarthPower||||||50|,,,,,Water\n|showteam|p2|Corviknight||ChoiceBand|MirrorArmor|BraveBird,DrillPeck,IronHead,TeraBlast|||F|||50|,,,,,Fire]Spiritomb||WideLens|Infiltrator|Snarl,WillOWisp,PainSplit,TrickRoom|||F|||50|,,,,,Steel]Hydreigon||CovertCloak|Levitate|Snarl,DracoMeteor,Taunt,Tailwind|||M|||50|,,,,,Poison]Vaporeon||Leftovers|WaterAbsorb|Scald,ShadowBall,Yawn,Haze|||F|||50|,,,,,Ghost]Wyrdeer||AssaultVest|Intimidate|Psyshock,EarthPower,Thunderbolt,TeraBlast|||F|||50|,,,,,Fairy]Ogerpon-Cornerstone||CornerstoneMask|Sturdy|SpikyShield,FollowMe,IvyCudgel,PowerWhip|||F|||50|,,,,,Rock\n|j|%Radio Free C-Side\n|c|\u2606bobforte22|Glhf\n|inactive|Battle timer is ON: inactive players will automatically lose when time's up. (requested by bobforte22)\n|inactive|DesertGardener has 60 seconds left.\n|\n|t:|1699933260\n|start\n|switch|p1a: Chi-Yu|Chi-Yu, L50|100\/100\n|switch|p1b: Jolteon|Jolteon, L50, M|100\/100\n|switch|p2a: Spiritomb|Spiritomb, L50, F|100\/100\n|switch|p2b: Ogerpon|Ogerpon-Cornerstone, L50, F|100\/100\n|-ability|p1a: Chi-Yu|Beads of Ruin\n|turn|1\n|inactive|bobforte22 has 30 seconds left.\n|c|\u2606DesertGardener|U2\n|\n|t:|1699933291\n|-terastallize|p1a: Chi-Yu|Ghost\n|move|p2b: Ogerpon|Ivy Cudgel|p1a: Chi-Yu\n|-damage|p1a: Chi-Yu|19\/100\n|move|p1b: Jolteon|Fake Tears|p2a: Spiritomb\n|-unboost|p2a: Spiritomb|spd|2\n|move|p1a: Chi-Yu|Heat Wave|p2a: Spiritomb|[spread] p2a,p2b\n|-damage|p2a: Spiritomb|0 fnt\n|-damage|p2b: Ogerpon|18\/100\n|-status|p2b: Ogerpon|brn\n|faint|p2a: Spiritomb\n|\n|-damage|p2b: Ogerpon|12\/100 brn|[from] brn\n|upkeep\n|\n|t:|1699933309\n|switch|p2a: Wyrdeer|Wyrdeer, L50, F|100\/100\n|-ability|p2a: Wyrdeer|Intimidate|boost\n|-unboost|p1a: Chi-Yu|atk|1\n|-unboost|p1b: Jolteon|atk|1\n|turn|2\n|\n|t:|1699933338\n|switch|p1a: Iron Hands|Iron Hands, L50|100\/100\n|move|p2b: Ogerpon|Ivy Cudgel|p1a: Iron Hands\n|-resisted|p1a: Iron Hands\n|-damage|p1a: Iron Hands|90\/100\n|move|p1b: Jolteon|Fake Tears|p2a: Wyrdeer\n|-unboost|p2a: Wyrdeer|spd|2\n|move|p2a: Wyrdeer|Earth Power|p1b: Jolteon\n|-supereffective|p1b: Jolteon\n|-crit|p1b: Jolteon\n|-damage|p1b: Jolteon|17\/100\n|-unboost|p1b: Jolteon|spd|1\n|\n|-damage|p2b: Ogerpon|6\/100 brn|[from] brn\n|upkeep\n|turn|3\n|inactive|DesertGardener has 30 seconds left.\n|inactive|DesertGardener has 20 seconds left.\n|inactive|DesertGardener has 15 seconds left.\n|inactive|DesertGardener has 10 seconds left.\n|inactive|DesertGardener has 5 seconds left.\n|\n|t:|1699933391\n|move|p1a: Iron Hands|Fake Out|p2b: Ogerpon\n|-resisted|p2b: Ogerpon\n|-damage|p2b: Ogerpon|0 fnt\n|faint|p2b: Ogerpon\n|move|p1b: Jolteon|Thunderbolt|p2a: Wyrdeer\n|-damage|p2a: Wyrdeer|39\/100\n|-damage|p1b: Jolteon|7\/100|[from] item: Life Orb\n|move|p2a: Wyrdeer|Psyshock|p1a: Iron Hands\n|-supereffective|p1a: Iron Hands\n|-damage|p1a: Iron Hands|36\/100\n|\n|upkeep\n|\n|t:|1699933394\n|switch|p2b: Hydreigon|Hydreigon, L50, M|100\/100\n|turn|4\n|\n|t:|1699933413\n|-terastallize|p2b: Hydreigon|Poison\n|move|p1b: Jolteon|Thunderbolt|p2a: Wyrdeer\n|-damage|p2a: Wyrdeer|0 fnt\n|faint|p2a: Wyrdeer\n|-damage|p1b: Jolteon|0 fnt|[from] item: Life Orb\n|faint|p1b: Jolteon\n|move|p2b: Hydreigon|Tailwind|p2b: Hydreigon\n|-sidestart|p2: DesertGardener|move: Tailwind\n|move|p1a: Iron Hands|Drain Punch|p2b: Hydreigon\n|-resisted|p2b: Hydreigon\n|-damage|p2b: Hydreigon|78\/100\n|-heal|p1a: Iron Hands|46\/100|[from] drain|[of] p2b: Hydreigon\n|\n|upkeep\n|j| kidturtle\n|\n|t:|1699933430\n|switch|p1b: Chi-Yu|Chi-Yu, L50, tera:Ghost|19\/100\n|-ability|p1b: Chi-Yu|Beads of Ruin\n|turn|5\n|j|@Bright Size\n|\n|t:|1699933442\n|move|p2b: Hydreigon|Snarl|p1b: Chi-Yu|[spread] p1a,p1b\n|-resisted|p1a: Iron Hands\n|-supereffective|p1b: Chi-Yu\n|-damage|p1a: Iron Hands|38\/100\n|-damage|p1b: Chi-Yu|0 fnt\n|-unboost|p1a: Iron Hands|spa|1\n|faint|p1b: Chi-Yu\n|move|p1a: Iron Hands|Drain Punch|p2b: Hydreigon\n|-resisted|p2b: Hydreigon\n|-damage|p2b: Hydreigon|57\/100\n|-heal|p1a: Iron Hands|46\/100|[from] drain|[of] p2b: Hydreigon\n|\n|upkeep\n|\n|t:|1699933445\n|switch|p1b: Iron Bundle|Iron Bundle, L50|100\/100\n|turn|6\n|\n|t:|1699933458\n|move|p1b: Iron Bundle|Protect|p1b: Iron Bundle\n|-singleturn|p1b: Iron Bundle|Protect\n|move|p2b: Hydreigon|Snarl|p1b: Iron Bundle|[spread] p1a\n|-activate|p1b: Iron Bundle|move: Protect\n|-resisted|p1a: Iron Hands\n|-damage|p1a: Iron Hands|41\/100\n|-unboost|p1a: Iron Hands|spa|1\n|move|p1a: Iron Hands|Drain Punch|p2b: Hydreigon\n|-resisted|p2b: Hydreigon\n|-damage|p2b: Hydreigon|36\/100\n|-heal|p1a: Iron Hands|49\/100|[from] drain|[of] p2b: Hydreigon\n|\n|upkeep\n|turn|7\n|-message|DesertGardener forfeited.\n|l|\u2606DesertGardener\n|inactive|DesertGardener disconnected and has a minute to reconnect!\n|player|p2|\n|\n|t:|1699933483\n|move|p2b: Hydreigon|Snarl|p1b: Iron Bundle|[spread] p1a,p1b\n|-resisted|p1a: Iron Hands\n|-damage|p1a: Iron Hands|44\/100\n|-damage|p1b: Iron Bundle|58\/100\n|-unboost|p1a: Iron Hands|spa|1\n|move|p1b: Iron Bundle|Freeze-Dry|p2b: Hydreigon\n|-damage|p2b: Hydreigon|9\/100\n|move|p1a: Iron Hands|Drain Punch|p2b: Hydreigon\n|-resisted|p2b: Hydreigon\n|-damage|p2b: Hydreigon|0 fnt\n|-heal|p1a: Iron Hands|47\/100|[from] drain|[of] p2b: Hydreigon\n|faint|p2b: Hydreigon\n|\n|win|bobforte22\n|n|\u2606bobforte22|bobforte22\n|n| Radio Free C-Side|radiofreecside\n|n| kidturtle|kidturtle\n|n| Bright Size|brightsize\n|l| Radio Free C-Side\n|c|\u2606bobforte22|Gg\n|l| kidturtle\n","uploadtime":1699933502,"views":8,"p1id":"bobforte22","p2id":"desertgardener","formatid":"gen9vgc2023regulatione","rating":0,"private":0,"password":""}