{"id":"gen9vgc2023regulatione-1989811455","p1":"Kalindre","p2":"tythann","format":"[Gen 9] VGC 2023 Regulation E","log":"|j|\u2606Kalindre\n|j|\u2606tythann\n|t:|1699897730\n|gametype|doubles\n|player|p1|Kalindre|170|1196\n|player|p2|tythann|2|1107\n|teamsize|p1|6\n|teamsize|p2|6\n|gen|9\n|tier|[Gen 9] VGC 2023 Regulation E\n|rated|\n|rule|Species Clause: Limit one of each Pok\u00e9mon\n|rule|Item Clause: Limit one of each item\n|clearpoke\n|poke|p1|Landorus, L50, M|\n|poke|p1|Chi-Yu, L50|\n|poke|p1|Ogerpon-Wellspring, L50, F|\n|poke|p1|Sinistcha, L50|\n|poke|p1|Dachsbun, L50, M|\n|poke|p1|Farigiraf, L50, F|\n|poke|p2|Zapdos, L50|\n|poke|p2|Flutter Mane, L50|\n|poke|p2|Iron Hands, L50|\n|poke|p2|Salamence, L50, F|\n|poke|p2|Breloom, L50, F|\n|poke|p2|Landorus-Therian, L50, M|\n|teampreview|4\n|inactive|Battle timer is ON: inactive players will automatically lose when time's up. (requested by Kalindre)\nKalindre has agreed to open team sheets.\n|inactive|Kalindre has 60 seconds left.\ntythann has agreed to open team sheets.\n|\n|t:|1699897792\n|start\n|switch|p1a: Farigiraf|Farigiraf, L50, F|100\/100\n|switch|p1b: Landorus|Landorus, L50, M|100\/100\n|switch|p2a: Zapdos|Zapdos, L50|100\/100\n|switch|p2b: Salamence|Salamence, L50, F|100\/100\n|turn|1\n|inactive|Kalindre has 30 seconds left.\n|inactive|tythann has 30 seconds left.\n|inactive|Kalindre has 20 seconds left.\n|\n|t:|1699897829\n|move|p1b: Landorus|Psychic|p2a: Zapdos\n|-damage|p2a: Zapdos|52\/100\n|move|p2b: Salamence|Dragon Dance|p2b: Salamence\n|-boost|p2b: Salamence|atk|1\n|-boost|p2b: Salamence|spe|1\n|move|p2a: Zapdos|Tailwind|p2a: Zapdos\n|-sidestart|p2: tythann|move: Tailwind\n|move|p1a: Farigiraf|Hyper Voice|p2b: Salamence|[spread] p2a,p2b\n|-crit|p2a: Zapdos\n|-damage|p2a: Zapdos|4\/100\n|-damage|p2b: Salamence|65\/100\n|-enditem|p1a: Farigiraf|Throat Spray\n|-boost|p1a: Farigiraf|spa|1|[from] item: Throat Spray\n|\n|upkeep\n|turn|2\n|inactive|Kalindre has 30 seconds left.\n|inactive|tythann has 30 seconds left.\n|inactive|Kalindre has 20 seconds left.\n|inactive|tythann has 20 seconds left.\n|\n|t:|1699897872\n|-terastallize|p2b: Salamence|Steel\n|move|p2b: Salamence|Iron Head|p1a: Farigiraf\n|-damage|p1a: Farigiraf|33\/100\n|move|p2a: Zapdos|Roost|p2a: Zapdos\n|-heal|p2a: Zapdos|54\/100\n|-singleturn|p2a: Zapdos|move: Roost\n|move|p1b: Landorus|Psychic|p2b: Salamence\n|-resisted|p2b: Salamence\n|-damage|p2b: Salamence|40\/100\n|move|p1a: Farigiraf|Hyper Voice|p2b: Salamence|[spread] p2a,p2b\n|-resisted|p2b: Salamence\n|-damage|p2a: Zapdos|7\/100\n|-damage|p2b: Salamence|13\/100\n|\n|upkeep\n|turn|3\n|inactive|Kalindre has 30 seconds left.\n|\n|t:|1699897900\n|move|p2b: Salamence|Protect|p2b: Salamence\n|-singleturn|p2b: Salamence|Protect\n|move|p2a: Zapdos|Roost|p2a: Zapdos\n|-heal|p2a: Zapdos|57\/100\n|-singleturn|p2a: Zapdos|move: Roost\n|move|p1b: Landorus|Sandsear Storm|p2b: Salamence|[spread] \n|-activate|p2b: Salamence|move: Protect\n|-miss|p1b: Landorus|p2a: Zapdos\n|move|p1a: Farigiraf|Hyper Voice|p2b: Salamence|[spread] p2a\n|-activate|p2b: Salamence|move: Protect\n|-damage|p2a: Zapdos|7\/100\n|\n|upkeep\n|turn|4\n|inactive|tythann has 30 seconds left.\n|inactive|tythann has 20 seconds left.\n|inactive|tythann has 15 seconds left.\n|inactive|tythann has 10 seconds left.\n|\n|t:|1699897949\n|move|p1a: Farigiraf|Protect|p1a: Farigiraf\n|-singleturn|p1a: Farigiraf|Protect\n|move|p2b: Salamence|Iron Head|p1b: Landorus\n|-crit|p1b: Landorus\n|-damage|p1b: Landorus|0 fnt\n|faint|p1b: Landorus\n|-ability|p2b: Salamence|Moxie|boost\n|-boost|p2b: Salamence|atk|1\n|move|p2a: Zapdos|Thunderbolt|p1a: Farigiraf\n|-activate|p1a: Farigiraf|move: Protect\n|\n|-sideend|p2: tythann|move: Tailwind\n|upkeep\n|\n|t:|1699897955\n|switch|p1b: Chi-Yu|Chi-Yu, L50|100\/100\n|-ability|p1b: Chi-Yu|Beads of Ruin\n|turn|5\n|\n|t:|1699897978\n|move|p1b: Chi-Yu|Protect|p1b: Chi-Yu\n|-singleturn|p1b: Chi-Yu|Protect\n|move|p2b: Salamence|Earthquake|p1a: Farigiraf|[spread] p1a\n|-activate|p1b: Chi-Yu|move: Protect\n|-immune|p2a: Zapdos\n|-damage|p1a: Farigiraf|0 fnt\n|faint|p1a: Farigiraf\n|-ability|p2b: Salamence|Moxie|boost\n|-boost|p2b: Salamence|atk|1\n|move|p2a: Zapdos|Tailwind|p2a: Zapdos\n|-sidestart|p2: tythann|move: Tailwind\n|\n|upkeep\n|\n|t:|1699897984\n|switch|p1a: Dachsbun|Dachsbun, L50, M|100\/100\n|turn|6\n|-message|Kalindre forfeited.\n|\n|win|tythann\n|raw|Kalindre's rating: 1196 &rarr; <strong>1165<\/strong><br \/>(-31 for losing)\n|raw|tythann's rating: 1107 &rarr; <strong>1138<\/strong><br \/>(+31 for winning)\n|l|\u2606Kalindre\n","uploadtime":1699898057,"views":7,"p1id":"kalindre","p2id":"tythann","formatid":"gen9vgc2023regulatione","rating":1138,"private":0,"password":""}