{"id":"gen9vgc2023regulatione-1993081003","p1":"Gamertag1001","p2":"Andreu.RR","format":"[Gen 9] VGC 2023 Regulation E","log":"|j|\u2606Gamertag1001\n|j|\u2606Andreu.RR\n|t:|1700262554\n|gametype|doubles\n|player|p1|Gamertag1001|unknown|1123\n|player|p2|Andreu.RR|infielder|1244\n|teamsize|p1|6\n|teamsize|p2|6\n|gen|9\n|tier|[Gen 9] VGC 2023 Regulation E\n|rated|\n|rule|Species Clause: Limit one of each Pok\u00e9mon\n|rule|Item Clause: Limit one of each item\n|clearpoke\n|poke|p1|Landorus-Therian, L50, M|\n|poke|p1|Ogerpon-Hearthflame, L50, F|\n|poke|p1|Iron Hands, L50|\n|poke|p1|Flutter Mane, L50|\n|poke|p1|Iron Bundle, L50|\n|poke|p1|Sinistcha-Masterpiece, L50|\n|poke|p2|Heatran, L50, M|\n|poke|p2|Iron Hands, L50|\n|poke|p2|Ogerpon-Wellspring, L50, F|\n|poke|p2|Chien-Pao, L50|\n|poke|p2|Dragapult, L50, F|\n|poke|p2|Landorus-Therian, L50, M|\n|teampreview|4\n|inactive|Battle timer is ON: inactive players will automatically lose when time's up. (requested by Gamertag1001)\n|inactive|Andreu.RR also wants the timer to be on.\n|inactive|Andreu.RR has 60 seconds left.\n|\n|t:|1700262585\n|start\n|switch|p1a: Wildfire|Ogerpon-Hearthflame, L50, F|100\/100\n|switch|p1b: Charge|Iron Hands, L50|100\/100\n|switch|p2a: Chien-Pao|Chien-Pao, L50|100\/100\n|switch|p2b: Iron Hands|Iron Hands, L50|100\/100\n|-ability|p2a: Chien-Pao|Sword of Ruin\n|-ability|p1a: Wildfire|Mold Breaker\n|turn|1\n|inactive|Gamertag1001 has 30 seconds left.\n|inactive|Andreu.RR has 30 seconds left.\n|inactive|Andreu.RR has 20 seconds left.\n|inactive|Andreu.RR has 15 seconds left.\n|\n|t:|1700262626\n|move|p1a: Wildfire|Spiky Shield|p1a: Wildfire\n|-singleturn|p1a: Wildfire|move: Protect\n|move|p1b: Charge|Fake Out|p2a: Chien-Pao\n|-damage|p2a: Chien-Pao|79\/100\n|cant|p2a: Chien-Pao|flinch\n|move|p2b: Iron Hands|Drain Punch|p1a: Wildfire\n|-activate|p1a: Wildfire|move: Protect\n|-damage|p2b: Iron Hands|88\/100|[from] Spiky Shield|[of] p1a: Wildfire\n|\n|upkeep\n|turn|2\n|inactive|Andreu.RR has 30 seconds left.\n|inactive|Andreu.RR has 20 seconds left.\n|\n|t:|1700262662\n|switch|p1a: Smite|Landorus-Therian, L50, M|100\/100\n|-ability|p1a: Smite|Intimidate|boost\n|-unboost|p2a: Chien-Pao|atk|1\n|-unboost|p2b: Iron Hands|atk|1\n|move|p2a: Chien-Pao|Ice Spinner|p1a: Smite\n|-supereffective|p1a: Smite\n|-damage|p1a: Smite|0 fnt\n|faint|p1a: Smite\n|move|p2b: Iron Hands|Drain Punch|p1b: Charge\n|-damage|p1b: Charge|74\/100\n|-heal|p2b: Iron Hands|100\/100|[from] drain|[of] p1b: Charge\n|move|p1b: Charge|Drain Punch|p2a: Chien-Pao\n|-supereffective|p2a: Chien-Pao\n|-damage|p2a: Chien-Pao|0 fnt\n|-heal|p1b: Charge|97\/100|[from] drain|[of] p2a: Chien-Pao\n|faint|p2a: Chien-Pao\n|\n|upkeep\n|\n|t:|1700262682\n|switch|p2a: Heatran|Heatran, L50, M|100\/100\n|switch|p1a: Krampus|Iron Bundle, L50|100\/100\n|-enditem|p1a: Krampus|Booster Energy\n|-activate|p1a: Krampus|ability: Quark Drive|[fromitem]\n|-start|p1a: Krampus|quarkdrivespe\n|turn|3\n|\n|t:|1700262696\n|-terastallize|p2a: Heatran|Fairy\n|move|p1a: Krampus|Hydro Pump|p2a: Heatran\n|-damage|p2a: Heatran|51\/100\n|move|p2a: Heatran|Earth Power|p1b: Charge\n|-supereffective|p1b: Charge\n|-damage|p1b: Charge|43\/100\n|-damage|p2a: Heatran|41\/100|[from] item: Life Orb\n|move|p2b: Iron Hands|Drain Punch|p1a: Krampus\n|-supereffective|p1a: Krampus\n|-damage|p1a: Krampus|26\/100\n|move|p1b: Charge|Drain Punch|p2a: Heatran\n|-resisted|p2a: Heatran\n|-damage|p2a: Heatran|21\/100\n|-heal|p1b: Charge|50\/100|[from] drain|[of] p2a: Heatran\n|\n|upkeep\n|turn|4\n|inactive|Gamertag1001 has 30 seconds left.\n|\n|t:|1700262723\n|move|p1a: Krampus|Freeze-Dry|p2a: Heatran\n|-damage|p2a: Heatran|0 fnt\n|faint|p2a: Heatran\n|move|p2b: Iron Hands|Drain Punch|p1a: Krampus\n|-supereffective|p1a: Krampus\n|-damage|p1a: Krampus|0 fnt\n|faint|p1a: Krampus\n|-end|p1a: Krampus|Quark Drive|[silent]\n|move|p1b: Charge|Drain Punch|p2b: Iron Hands\n|-damage|p2b: Iron Hands|70\/100\n|-heal|p1b: Charge|64\/100|[from] drain|[of] p2b: Iron Hands\n|\n|upkeep\n|\n|t:|1700262736\n|switch|p1a: Wildfire|Ogerpon-Hearthflame, L50, F|100\/100\n|switch|p2a: Ogerpon|Ogerpon-Wellspring, L50, F|100\/100\n|-ability|p1a: Wildfire|Mold Breaker\n|turn|5\n|\n|t:|1700262749\n|move|p1a: Wildfire|Spiky Shield|p1a: Wildfire\n|-singleturn|p1a: Wildfire|move: Protect\n|move|p2a: Ogerpon|Horn Leech|p1b: Charge\n|-damage|p1b: Charge|38\/100\n|move|p2b: Iron Hands|Drain Punch|p1b: Charge\n|-damage|p1b: Charge|20\/100\n|-heal|p2b: Iron Hands|80\/100|[from] drain|[of] p1b: Charge\n|move|p1b: Charge|Drain Punch|p2a: Ogerpon\n|-damage|p2a: Ogerpon|52\/100\n|-heal|p1b: Charge|36\/100|[from] drain|[of] p2a: Ogerpon\n|\n|upkeep\n|turn|6\n|inactive|Gamertag1001 has 30 seconds left.\n|\n|t:|1700262775\n|move|p1a: Wildfire|Horn Leech|p2a: Ogerpon\n|-damage|p2a: Ogerpon|5\/100\n|move|p2a: Ogerpon|Horn Leech|p1b: Charge\n|-damage|p1b: Charge|9\/100\n|-heal|p2a: Ogerpon|26\/100|[from] drain|[of] p1b: Charge\n|move|p2b: Iron Hands|Drain Punch|p1b: Charge\n|-damage|p1b: Charge|0 fnt\n|-heal|p2b: Iron Hands|85\/100|[from] drain|[of] p1b: Charge\n|faint|p1b: Charge\n|-end|p1b: Charge|Quark Drive|[silent]\n|\n|upkeep\n|turn|7\n|inactive|Andreu.RR has 30 seconds left.\n|inactive|Andreu.RR has 20 seconds left.\n|inactive|Andreu.RR has 15 seconds left.\n|inactive|Andreu.RR has 10 seconds left.\n|inactive|Andreu.RR has 5 seconds left.\n|\n|t:|1700262830\n|move|p1a: Wildfire|Spiky Shield|p1a: Wildfire\n|-singleturn|p1a: Wildfire|move: Protect\n|move|p2a: Ogerpon|Spiky Shield|p2a: Ogerpon\n|-singleturn|p2a: Ogerpon|move: Protect\n|move|p2b: Iron Hands|Fake Out||[still]\n|-hint|Fake Out only works on your first turn out.\n|-fail|p2b: Iron Hands\n|\n|upkeep\n|turn|8\n|\n|t:|1700262847\n|move|p1a: Wildfire|Horn Leech|p2a: Ogerpon\n|-damage|p2a: Ogerpon|0 fnt\n|faint|p2a: Ogerpon\n|move|p2b: Iron Hands|Drain Punch|p1a: Wildfire\n|-damage|p1a: Wildfire|65\/100\n|-heal|p2b: Iron Hands|97\/100|[from] drain|[of] p1a: Wildfire\n|\n|upkeep\n|turn|9\n|\n|t:|1700262870\n|move|p1a: Wildfire|Swords Dance|p1a: Wildfire\n|-boost|p1a: Wildfire|atk|2\n|move|p2b: Iron Hands|Drain Punch|p1a: Wildfire\n|-damage|p1a: Wildfire|27\/100\n|-heal|p2b: Iron Hands|100\/100|[from] drain|[of] p1a: Wildfire\n|\n|upkeep\n|turn|10\n|\n|t:|1700262881\n|-terastallize|p1a: Wildfire|Fire\n|detailschange|p1a: Wildfire|Ogerpon-Hearthflame-Tera, L50, F, tera:Fire\n|-ability|p1a: Wildfire|Embody Aspect (Hearthflame)|boost\n|-boost|p1a: Wildfire|atk|1\n|move|p1a: Wildfire|Spiky Shield|p1a: Wildfire\n|-singleturn|p1a: Wildfire|move: Protect\n|move|p2b: Iron Hands|Drain Punch|p1a: Wildfire\n|-activate|p1a: Wildfire|move: Protect\n|-damage|p2b: Iron Hands|88\/100|[from] Spiky Shield|[of] p1a: Wildfire\n|\n|upkeep\n|turn|11\n|\n|t:|1700262894\n|move|p1a: Wildfire|Ivy Cudgel|p2b: Iron Hands|[anim] Ivy Cudgel Fire\n|-damage|p2b: Iron Hands|0 fnt\n|faint|p2b: Iron Hands\n|-end|p2b: Iron Hands|Quark Drive|[silent]\n|\n|win|Gamertag1001\n|raw|Gamertag1001's rating: 1123 &rarr; <strong>1156<\/strong><br \/>(+33 for winning)\n|raw|Andreu.RR's rating: 1244 &rarr; <strong>1211<\/strong><br \/>(-33 for losing)\n|l|\u2606Andreu.RR\n|l|\u2606Gamertag1001\n|j|\u2606Gamertag1001\n|player|p1|Gamertag1001|unknown\n","uploadtime":1700262949,"views":16,"p1id":"gamertag1001","p2id":"andreurr","formatid":"gen9vgc2023regulatione","rating":1156,"private":0,"password":""}