{"id":"gen9vgc2023regulatione-1992079081","p1":"lilbookcase","p2":"malimygirl","format":"[Gen 9] VGC 2023 Regulation E","log":"|j|\u2606lilbookcase\n|j|\u2606malimygirl\n|t:|1700153312\n|gametype|doubles\n|player|p1|lilbookcase|doctor|1355\n|player|p2|malimygirl|102|1344\n|teamsize|p1|6\n|teamsize|p2|6\n|gen|9\n|tier|[Gen 9] VGC 2023 Regulation E\n|rated|\n|rule|Species Clause: Limit one of each Pok\u00e9mon\n|rule|Item Clause: Limit one of each item\n|clearpoke\n|poke|p1|Garchomp, L50, F|\n|poke|p1|Amoonguss, L50, M|\n|poke|p1|Kingambit, L50, F|\n|poke|p1|Tornadus, L50, M|\n|poke|p1|Thundurus-Therian, L50, M|\n|poke|p1|Flutter Mane, L50|\n|poke|p2|Dragonite, L50, F|\n|poke|p2|Urshifu-*, L50, M|\n|poke|p2|Chien-Pao, L50|\n|poke|p2|Heatran, L50, M|\n|poke|p2|Rillaboom, L50, F|\n|poke|p2|Farigiraf, L50, F|\n|teampreview|4\n|c|\u2606malimygirl|hello bitch\n|\n|t:|1700153375\n|start\n|switch|p1a: Thundurus|Thundurus-Therian, L50, M|100\/100\n|switch|p1b: Flutter Mane|Flutter Mane, L50|100\/100\n|switch|p2a: Chien-Pao|Chien-Pao, L50|100\/100\n|switch|p2b: Urshifu|Urshifu-Rapid-Strike, L50, M|100\/100\n|-ability|p2a: Chien-Pao|Sword of Ruin\n|turn|1\n|c|\u2606malimygirl|weak\n|c|\u2606malimygirl|bitch\n|c|\u2606lilbookcase|:^(\n|\n|t:|1700153410\n|-end|p1b: Flutter Mane|Protosynthesis|[silent]\n|switch|p1b: Amoonguss|Amoonguss, L50, M|100\/100\n|move|p1a: Thundurus|Volt Switch|p2b: Urshifu\n|-supereffective|p2b: Urshifu\n|-damage|p2b: Urshifu|0 fnt\n|faint|p2b: Urshifu\n|\n|t:|1700153419\n|switch|p1a: Flutter Mane|Flutter Mane, L50|100\/100|[from] Volt Switch\n|move|p2a: Chien-Pao|Icicle Crash|p1a: Flutter Mane\n|-damage|p1a: Flutter Mane|7\/100\n|\n|upkeep\n|\n|t:|1700153427\n|switch|p2b: Heatran|Heatran, L50, M|100\/100\n|turn|2\n|c|\u2606malimygirl|bitch\n|\n|t:|1700153446\n|-end|p1a: Flutter Mane|Protosynthesis|[silent]\n|switch|p1a: Thundurus|Thundurus-Therian, L50, M|100\/100\n|move|p1b: Amoonguss|Protect|p1b: Amoonguss\n|-singleturn|p1b: Amoonguss|Protect\n|move|p2a: Chien-Pao|Icicle Crash|p1b: Amoonguss\n|-activate|p1b: Amoonguss|move: Protect\n|move|p2b: Heatran|Heat Wave|p1b: Amoonguss|[spread] p1a\n|-activate|p1b: Amoonguss|move: Protect\n|-damage|p1a: Thundurus|46\/100\n|\n|upkeep\n|turn|3\n|c|\u2606malimygirl|bitch\n|c|\u2606malimygirl|coward\n|\n|t:|1700153483\n|-terastallize|p1b: Amoonguss|Water\n|move|p1a: Thundurus|Wildbolt Storm|p2b: Heatran|[spread] p2a,p2b\n|-damage|p2a: Chien-Pao|33\/100\n|-damage|p2b: Heatran|67\/100\n|move|p2a: Chien-Pao|Icicle Crash|p1b: Amoonguss\n|-resisted|p1b: Amoonguss\n|-damage|p1b: Amoonguss|77\/100\n|move|p2b: Heatran|Heat Wave|p1a: Thundurus|[spread] p1a\n|-miss|p2b: Heatran|p1b: Amoonguss\n|-damage|p1a: Thundurus|0 fnt\n|faint|p1a: Thundurus\n|cant|p1b: Amoonguss|flinch\n|\n|-heal|p2b: Heatran|73\/100|[from] item: Leftovers\n|upkeep\n|\n|t:|1700153505\n|switch|p1a: Garchomp|Garchomp, L50, F|100\/100\n|turn|4\n|\n|t:|1700153533\n|-terastallize|p2b: Heatran|Fairy\n|move|p1a: Garchomp|Protect|p1a: Garchomp\n|-singleturn|p1a: Garchomp|Protect\n|move|p2a: Chien-Pao|Sucker Punch||[still]\n|-fail|p2a: Chien-Pao\n|move|p2b: Heatran|Flash Cannon|p1a: Garchomp\n|-activate|p1a: Garchomp|move: Protect\n|move|p1b: Amoonguss|Spore|p2a: Chien-Pao\n|-status|p2a: Chien-Pao|slp|[from] move: Spore\n|\n|-heal|p2b: Heatran|79\/100|[from] item: Leftovers\n|upkeep\n|turn|5\n|\n|t:|1700153557\n|cant|p2a: Chien-Pao|slp\n|move|p1a: Garchomp|Stomping Tantrum|p2b: Heatran\n|-damage|p2b: Heatran|40\/100\n|move|p2b: Heatran|Heat Wave|p1b: Amoonguss|[spread] p1a,p1b\n|-resisted|p1a: Garchomp\n|-resisted|p1b: Amoonguss\n|-damage|p1a: Garchomp|79\/100\n|-damage|p1b: Amoonguss|60\/100\n|move|p1b: Amoonguss|Pollen Puff|p1a: Garchomp\n|-heal|p1a: Garchomp|100\/100\n|\n|-heal|p2b: Heatran|46\/100|[from] item: Leftovers\n|upkeep\n|turn|6\n|\n|t:|1700153584\n|cant|p2a: Chien-Pao|slp\n|move|p1a: Garchomp|Dragon Claw|p2a: Chien-Pao\n|-damage|p2a: Chien-Pao|0 fnt\n|faint|p2a: Chien-Pao\n|move|p2b: Heatran|Flash Cannon|p1a: Garchomp\n|-damage|p1a: Garchomp|55\/100\n|move|p1b: Amoonguss|Spore|p2b: Heatran\n|-status|p2b: Heatran|slp|[from] move: Spore\n|\n|-heal|p2b: Heatran|52\/100 slp|[from] item: Leftovers\n|upkeep\n|\n|t:|1700153598\n|switch|p2a: Dragonite|Dragonite, L50, F|100\/100\n|turn|7\n|\n|t:|1700153630\n|move|p1a: Garchomp|Protect|p1a: Garchomp\n|-singleturn|p1a: Garchomp|Protect\n|cant|p2b: Heatran|slp\n|move|p2a: Dragonite|Dragon Claw|p1a: Garchomp\n|-activate|p1a: Garchomp|move: Protect\n|move|p1b: Amoonguss|Spore|p2a: Dragonite\n|-status|p2a: Dragonite|slp|[from] move: Spore\n|\n|-heal|p2b: Heatran|58\/100 slp|[from] item: Leftovers\n|upkeep\n|turn|8\n|c|\u2606malimygirl|bitch\n|\n|t:|1700153655\n|move|p1a: Garchomp|Dragon Claw|p2a: Dragonite\n|-supereffective|p2a: Dragonite\n|-damage|p2a: Dragonite|24\/100 slp\n|-curestatus|p2b: Heatran|slp|[msg]\n|move|p2b: Heatran|Flash Cannon|p1b: Amoonguss\n|-resisted|p1b: Amoonguss\n|-damage|p1b: Amoonguss|43\/100\n|cant|p2a: Dragonite|slp\n|move|p1b: Amoonguss|Pollen Puff|p1a: Garchomp\n|-heal|p1a: Garchomp|100\/100\n|\n|-heal|p2b: Heatran|64\/100|[from] item: Leftovers\n|upkeep\n|turn|9\n|\n|t:|1700153678\n|move|p1a: Garchomp|Dragon Claw|p2a: Dragonite\n|-supereffective|p2a: Dragonite\n|-damage|p2a: Dragonite|0 fnt\n|faint|p2a: Dragonite\n|move|p2b: Heatran|Flash Cannon|p1a: Garchomp\n|-damage|p1a: Garchomp|55\/100\n|move|p1b: Amoonguss|Spore|p2b: Heatran\n|-status|p2b: Heatran|slp|[from] move: Spore\n|\n|-heal|p2b: Heatran|70\/100 slp|[from] item: Leftovers\n|upkeep\n|turn|10\n|c|\u2606lilbookcase|lol\n|\n|t:|1700153693\n|move|p1a: Garchomp|Stomping Tantrum|p2b: Heatran\n|-damage|p2b: Heatran|35\/100 slp\n|cant|p2b: Heatran|slp\n|move|p1b: Amoonguss|Pollen Puff|p1a: Garchomp\n|-heal|p1a: Garchomp|100\/100\n|\n|-heal|p2b: Heatran|41\/100 slp|[from] item: Leftovers\n|upkeep\n|turn|11\n|c|\u2606malimygirl|coward\n|\n|t:|1700153708\n|move|p1a: Garchomp|Stomping Tantrum|p2b: Heatran\n|-damage|p2b: Heatran|8\/100 slp\n|cant|p2b: Heatran|slp\n|move|p1b: Amoonguss|Pollen Puff|p2b: Heatran\n|-resisted|p2b: Heatran\n|-damage|p2b: Heatran|0 fnt\n|faint|p2b: Heatran\n|\n|win|lilbookcase\n|raw|lilbookcase's rating: 1355 &rarr; <strong>1374<\/strong><br \/>(+19 for winning)\n|raw|malimygirl's rating: 1344 &rarr; <strong>1325<\/strong><br \/>(-19 for losing)\n|c|\u2606malimygirl|bitch\n|c|\u2606lilbookcase|lol\n|c|\u2606lilbookcase|ggs\n|c|\u2606malimygirl|weak\n|c|\u2606malimygirl|dick\n|c|\u2606malimygirl|weak\n|c|\u2606malimygirl|dick\n|c|\u2606lilbookcase|shake my hand\n","uploadtime":1700153758,"views":10,"p1id":"lilbookcase","p2id":"malimygirl","formatid":"gen9vgc2023regulatione","rating":1325,"private":0,"password":""}