{"id":"gen9vgc2023regulatione-1991496820","p1":"Tariya","p2":"WarlogFV","format":"[Gen 9] VGC 2023 Regulation E","log":"|j|\u2606Tariya\n|j|\u2606WarlogFV\n|n|\u2606Tariya|tariya\n|n|\u2606WarlogFV|warlogfv\n|html|View the match progress at <a href=\"\/game-bestof3-gen9vgc2023regulatione-1991491011\">game-bestof3-gen9vgc2023regulatione-1991491011<\/a>\n|t:|1700082307\n|gametype|doubles\n|player|p1|Tariya|iono|\n|player|p2|WarlogFV|erika|\n|teamsize|p1|6\n|teamsize|p2|6\n|gen|9\n|tier|[Gen 9] VGC 2023 Regulation E\n|rule|Species Clause: Limit one of each Pok\u00e9mon\n|rule|Item Clause: Limit one of each item\n|clearpoke\n|poke|p1|Ogerpon, L50, F|\n|poke|p1|Flutter Mane, L50|\n|poke|p1|Thundurus, L50, M|\n|poke|p1|Chi-Yu, L50|\n|poke|p1|Rillaboom, L50, F|\n|poke|p1|Pelipper, L50, F|\n|poke|p2|Goodra-Hisui, L50, F|\n|poke|p2|Urshifu-*, L50, M|\n|poke|p2|Tornadus, L50, M|\n|poke|p2|Rillaboom, L50, F|\n|poke|p2|Landorus-Therian, L50, M|\n|poke|p2|Grimmsnarl, L50, M|\n|teampreview|4\n|inactive|Battle timer is ON: inactive players will automatically lose when time's up. (requested by WarlogFV)\nTariya has agreed to open team sheets.\n|c|\u2606Tariya|Ready?\n|inactive|Tariya has 60 seconds left.\n|inactive|WarlogFV has 60 seconds left.\n|\n|t:|1700082345\n|start\n|switch|p1a: Pelipper|Pelipper, L50, F|100\/100\n|switch|p1b: Thundurus|Thundurus, L50, M|100\/100\n|switch|p2a: Goodra|Goodra-Hisui, L50, F|100\/100\n|switch|p2b: Rillaboom|Rillaboom, L50, F|100\/100\n|-fieldstart|move: Grassy Terrain|[from] ability: Grassy Surge|[of] p2b: Rillaboom\n|-weather|RainDance|[from] ability: Drizzle|[of] p1a: Pelipper\n|turn|1\n|inactive|Tariya has 30 seconds left.\n|\n|t:|1700082373\n|-terastallize|p1a: Pelipper|Ghost\n|move|p2b: Rillaboom|Fake Out|p1a: Pelipper\n|-immune|p1a: Pelipper\n|move|p1b: Thundurus|Taunt|p2a: Goodra\n|-start|p2a: Goodra|move: Taunt\n|move|p1a: Pelipper|Hurricane|p2b: Rillaboom\n|-supereffective|p2b: Rillaboom\n|-damage|p2b: Rillaboom|3\/100\n|-start|p2b: Rillaboom|confusion\n|cant|p2a: Goodra|move: Taunt|Acid Armor\n|\n|-weather|RainDance|[upkeep]\n|-heal|p2b: Rillaboom|9\/100|[from] Grassy Terrain\n|upkeep\n|turn|2\n|\n|t:|1700082393\n|-activate|p2b: Rillaboom|confusion\n|move|p2b: Rillaboom|Grassy Glide|p1a: Pelipper\n|-damage|p1a: Pelipper|51\/100\n|move|p1b: Thundurus|Wildbolt Storm|p2a: Goodra|[spread] p2a,p2b\n|-resisted|p2a: Goodra\n|-crit|p2a: Goodra\n|-resisted|p2b: Rillaboom\n|-damage|p2a: Goodra|81\/100\n|-damage|p2b: Rillaboom|0 fnt\n|faint|p2b: Rillaboom\n|move|p1a: Pelipper|Tailwind|p1a: Pelipper\n|-sidestart|p1: Tariya|move: Tailwind\n|move|p2a: Goodra|Heavy Slam|p1a: Pelipper\n|-damage|p1a: Pelipper|0 fnt\n|faint|p1a: Pelipper\n|\n|-weather|RainDance|[upkeep]\n|-heal|p2a: Goodra|87\/100|[from] Grassy Terrain\n|-heal|p2a: Goodra|93\/100|[from] item: Leftovers\n|upkeep\n|inactive|WarlogFV has 30 seconds left.\n|\n|t:|1700082418\n|switch|p2b: Tornadus|Tornadus, L50, M|100\/100\n|switch|p1a: Flutter Mane|Flutter Mane, L50|100\/100\n|turn|3\n|inactive|Tariya has 30 seconds left.\n|\n|t:|1700082448\n|move|p2b: Tornadus|Tailwind|p2b: Tornadus\n|-sidestart|p2: WarlogFV|move: Tailwind\n|move|p1b: Thundurus|Wildbolt Storm|p2b: Tornadus|[spread] p2a,p2b\n|-resisted|p2a: Goodra\n|-supereffective|p2b: Tornadus\n|-damage|p2a: Goodra|81\/100\n|-damage|p2b: Tornadus|42\/100\n|move|p1a: Flutter Mane|Moonblast|p2a: Goodra\n|-damage|p2a: Goodra|27\/100\n|move|p2a: Goodra|Heavy Slam|p1a: Flutter Mane\n|-supereffective|p1a: Flutter Mane\n|-damage|p1a: Flutter Mane|0 fnt\n|faint|p1a: Flutter Mane\n|-end|p1a: Flutter Mane|Protosynthesis|[silent]\n|\n|-weather|RainDance|[upkeep]\n|-heal|p2a: Goodra|33\/100|[from] Grassy Terrain\n|-heal|p2a: Goodra|38\/100|[from] item: Leftovers\n|-end|p2a: Goodra|move: Taunt\n|upkeep\n|\n|t:|1700082456\n|switch|p1a: Ogerpon|Ogerpon, L50, F|100\/100\n|turn|4\n|inactive|Tariya has 30 seconds left.\n|inactive|WarlogFV has 30 seconds left.\n|\n|t:|1700082489\n|move|p1a: Ogerpon|Stomping Tantrum|p2a: Goodra\n|-supereffective|p2a: Goodra\n|-damage|p2a: Goodra|0 fnt\n|faint|p2a: Goodra\n|move|p1b: Thundurus|Wildbolt Storm|p2b: Tornadus\n|-supereffective|p2b: Tornadus\n|-damage|p2b: Tornadus|0 fnt\n|faint|p2b: Tornadus\n|\n|-weather|RainDance|[upkeep]\n|upkeep\n|\n|t:|1700082495\n|switch|p2b: Urshifu|Urshifu-Rapid-Strike, L50, M|100\/100\n|turn|5\n|c|\u2606Tariya|gg\n|\n|t:|1700082502\n|move|p2b: Urshifu|Detect|p2b: Urshifu\n|-singleturn|p2b: Urshifu|Protect\n|move|p1a: Ogerpon|Stomping Tantrum|p2b: Urshifu\n|-activate|p2b: Urshifu|move: Protect\n|move|p1b: Thundurus|Wildbolt Storm|p2b: Urshifu\n|-activate|p2b: Urshifu|move: Protect\n|\n|-weather|none\n|-sideend|p1: Tariya|move: Tailwind\n|-fieldend|move: Grassy Terrain\n|upkeep\n|turn|6\n|\n|t:|1700082517\n|move|p2b: Urshifu|Close Combat|p1a: Ogerpon\n|-damage|p1a: Ogerpon|17\/100\n|-unboost|p2b: Urshifu|def|1\n|-unboost|p2b: Urshifu|spd|1\n|move|p1a: Ogerpon|Stomping Tantrum|p2b: Urshifu\n|-damage|p2b: Urshifu|62\/100\n|move|p1b: Thundurus|Wildbolt Storm|p2b: Urshifu\n|-supereffective|p2b: Urshifu\n|-crit|p2b: Urshifu\n|-damage|p2b: Urshifu|0 fnt\n|faint|p2b: Urshifu\n|\n|win|Tariya\n|c|\u2606WarlogFV|gg\n|l|\u2606WarlogFV\n|c|\u2606Tariya|completely forgot\n|c|\u2606Tariya|defiant is off opponent not mine\n|c|\u2606Tariya|and threw game 1 positioning badly\n","uploadtime":1700082586,"views":16,"p1id":"tariya","p2id":"warlogfv","formatid":"gen9vgc2023regulatione","rating":0,"private":0,"password":""}