{"id":"gen9vgc2023regulatione-1989830422","p1":"gsisoa9w","p2":"boi in the back","format":"[Gen 9] VGC 2023 Regulation E","log":"|j|\u2606gsisoa9w\n|j|\u2606boi in the back\n|t:|1699899315\n|gametype|doubles\n|player|p1|gsisoa9w|alder|1072\n|player|p2|boi in the back|peony|1066\n|teamsize|p1|6\n|teamsize|p2|6\n|gen|9\n|tier|[Gen 9] VGC 2023 Regulation E\n|rated|\n|rule|Species Clause: Limit one of each Pok\u00e9mon\n|rule|Item Clause: Limit one of each item\n|clearpoke\n|poke|p1|Florges, L50, F|\n|poke|p1|Garganacl, L50, F|\n|poke|p1|Murkrow, L50, F|\n|poke|p1|Garchomp, L50, F|\n|poke|p1|Rotom-Wash, L50|\n|poke|p1|Volcarona, L50, F|\n|poke|p2|Pelipper, L50, F|\n|poke|p2|Landorus, L50, M|\n|poke|p2|Ogerpon-Wellspring, L50, F|\n|poke|p2|Articuno-Galar, L50|\n|poke|p2|Urshifu-*, L50, M|\n|poke|p2|Basculegion, L50, M|\n|teampreview|4\n|inactive|Battle timer is ON: inactive players will automatically lose when time's up. (requested by boi in the back)\n|inactive|gsisoa9w also wants the timer to be on.\n|inactive|gsisoa9w has 60 seconds left.\n|\n|t:|1699899375\n|start\n|switch|p1a: Murkrow|Murkrow, L50, F|100\/100\n|switch|p1b: Rotom|Rotom-Wash, L50|100\/100\n|switch|p2a: Pelipper|Pelipper, L50, F|100\/100\n|switch|p2b: Landorus|Landorus, L50, M|100\/100\n|-weather|RainDance|[from] ability: Drizzle|[of] p2a: Pelipper\n|turn|1\n|\n|t:|1699899390\n|move|p1a: Murkrow|Tailwind|p1a: Murkrow\n|-sidestart|p1: gsisoa9w|move: Tailwind\n|move|p1b: Rotom|Thunderbolt|p2a: Pelipper\n|-supereffective|p2a: Pelipper\n|-enditem|p2a: Pelipper|Wacan Berry|[eat]\n|-enditem|p2a: Pelipper|Wacan Berry|[weaken]\n|-damage|p2a: Pelipper|0 fnt\n|faint|p2a: Pelipper\n|move|p2b: Landorus|Sludge Bomb|p1b: Rotom\n|-damage|p1b: Rotom|44\/100\n|-enditem|p1b: Rotom|Sitrus Berry|[eat]\n|-heal|p1b: Rotom|69\/100|[from] item: Sitrus Berry\n|\n|-weather|RainDance|[upkeep]\n|upkeep\n|\n|t:|1699899398\n|switch|p2a: Ogerpon|Ogerpon-Wellspring, L50, F|100\/100\n|turn|2\n|inactive|boi in the back has 30 seconds left.\n|\n|t:|1699899425\n|switch|p1a: Florges|Florges, L50, F|100\/100\n|move|p2a: Ogerpon|Spiky Shield|p2a: Ogerpon\n|-singleturn|p2a: Ogerpon|move: Protect\n|move|p1b: Rotom|Will-O-Wisp|p2a: Ogerpon\n|-activate|p2a: Ogerpon|move: Protect\n|move|p2b: Landorus|Nasty Plot|p2b: Landorus\n|-boost|p2b: Landorus|spa|2\n|\n|-weather|RainDance|[upkeep]\n|upkeep\n|turn|3\n|inactive|gsisoa9w has 30 seconds left.\n|\n|t:|1699899451\n|move|p2a: Ogerpon|Follow Me|p2a: Ogerpon\n|-singleturn|p2a: Ogerpon|move: Follow Me\n|move|p1b: Rotom|Will-O-Wisp|p2a: Ogerpon\n|-status|p2a: Ogerpon|brn\n|move|p1a: Florges|Calm Mind|p1a: Florges\n|-boost|p1a: Florges|spa|1\n|-boost|p1a: Florges|spd|1\n|move|p2b: Landorus|Sludge Bomb|p1a: Florges\n|-supereffective|p1a: Florges\n|-damage|p1a: Florges|35\/100\n|\n|-weather|RainDance|[upkeep]\n|-heal|p1a: Florges|40\/100|[from] item: Leftovers\n|-damage|p2a: Ogerpon|95\/100 brn|[from] brn\n|upkeep\n|turn|4\n|inactive|boi in the back has 30 seconds left.\n|\n|t:|1699899480\n|move|p1a: Florges|Protect|p1a: Florges\n|-singleturn|p1a: Florges|Protect\n|move|p2a: Ogerpon|Follow Me|p2a: Ogerpon\n|-singleturn|p2a: Ogerpon|move: Follow Me\n|move|p1b: Rotom|Hydro Pump|p2a: Ogerpon\n|-heal|p2a: Ogerpon|100\/100 brn|[from] ability: Water Absorb|[of] p1b: Rotom\n|move|p2b: Landorus|Sandsear Storm|p1b: Rotom|[spread] \n|-activate|p1a: Florges|move: Protect\n|-immune|p1b: Rotom|[from] ability: Levitate\n|\n|-weather|RainDance|[upkeep]\n|-heal|p1a: Florges|46\/100|[from] item: Leftovers\n|-damage|p2a: Ogerpon|95\/100 brn|[from] brn\n|-sideend|p1: gsisoa9w|move: Tailwind\n|upkeep\n|turn|5\n|\n|t:|1699899504\n|switch|p1a: Murkrow|Murkrow, L50, F|100\/100\n|move|p2a: Ogerpon|Ivy Cudgel|p1a: Murkrow\n|-damage|p1a: Murkrow|27\/100\n|move|p2b: Landorus|Sludge Bomb|p1b: Rotom\n|-damage|p1b: Rotom|0 fnt\n|faint|p1b: Rotom\n|\n|-weather|none\n|-damage|p2a: Ogerpon|89\/100 brn|[from] brn\n|upkeep\n|\n|t:|1699899520\n|switch|p1b: Volcarona|Volcarona, L50, F|100\/100\n|turn|6\n|\n|t:|1699899530\n|-terastallize|p1b: Volcarona|Grass\n|move|p1a: Murkrow|Tailwind|p1a: Murkrow\n|-sidestart|p1: gsisoa9w|move: Tailwind\n|move|p1b: Volcarona|Bug Buzz|p2a: Ogerpon\n|-supereffective|p2a: Ogerpon\n|-damage|p2a: Ogerpon|0 fnt\n|faint|p2a: Ogerpon\n|-damage|p1b: Volcarona|91\/100|[from] item: Life Orb\n|move|p2b: Landorus|Sandsear Storm|p1a: Murkrow|[spread] p1b\n|-immune|p1a: Murkrow\n|-resisted|p1b: Volcarona\n|-damage|p1b: Volcarona|25\/100\n|\n|upkeep\n|\n|t:|1699899537\n|switch|p2a: Urshifu|Urshifu-Rapid-Strike, L50, M|100\/100\n|turn|7\n|\n|t:|1699899557\n|move|p1b: Volcarona|Protect|p1b: Volcarona\n|-singleturn|p1b: Volcarona|Protect\n|move|p1a: Murkrow|Haze|p1a: Murkrow\n|-clearallboost\n|move|p2a: Urshifu|Aqua Jet|p1a: Murkrow\n|-damage|p1a: Murkrow|0 fnt\n|faint|p1a: Murkrow\n|move|p2b: Landorus|Sludge Bomb|p1b: Volcarona\n|-activate|p1b: Volcarona|move: Protect\n|\n|upkeep\n|\n|t:|1699899559\n|switch|p1a: Florges|Florges, L50, F|46\/100\n|turn|8\n|inactive|gsisoa9w has 30 seconds left.\n|\n|t:|1699899587\n|move|p1b: Volcarona|Giga Drain|p2a: Urshifu\n|-supereffective|p2a: Urshifu\n|-damage|p2a: Urshifu|0 fnt\n|-heal|p1b: Volcarona|80\/100|[from] drain|[of] p2a: Urshifu\n|faint|p2a: Urshifu\n|-damage|p1b: Volcarona|70\/100|[from] item: Life Orb\n|move|p1a: Florges|Moonblast|p2b: Landorus\n|-damage|p2b: Landorus|54\/100\n|move|p2b: Landorus|Sludge Bomb|p1b: Volcarona\n|-supereffective|p1b: Volcarona\n|-damage|p1b: Volcarona|0 fnt\n|faint|p1b: Volcarona\n|\n|-heal|p1a: Florges|52\/100|[from] item: Leftovers\n|upkeep\n|turn|9\n|\n|t:|1699899598\n|move|p1a: Florges|Protect|p1a: Florges\n|-singleturn|p1a: Florges|Protect\n|move|p2b: Landorus|Sludge Bomb|p1a: Florges\n|-activate|p1a: Florges|move: Protect\n|\n|-heal|p1a: Florges|58\/100|[from] item: Leftovers\n|-sideend|p1: gsisoa9w|move: Tailwind\n|upkeep\n|turn|10\n|\n|t:|1699899606\n|move|p2b: Landorus|Sludge Bomb|p1a: Florges\n|-supereffective|p1a: Florges\n|-damage|p1a: Florges|2\/100\n|move|p1a: Florges|Giga Drain|p2b: Landorus\n|-damage|p2b: Landorus|30\/100\n|-heal|p1a: Florges|13\/100|[from] drain|[of] p2b: Landorus\n|\n|-heal|p1a: Florges|19\/100|[from] item: Leftovers\n|upkeep\n|turn|11\n|\n|t:|1699899619\n|move|p1a: Florges|Protect|p1a: Florges\n|-singleturn|p1a: Florges|Protect\n|move|p2b: Landorus|Sludge Bomb|p1a: Florges\n|-activate|p1a: Florges|move: Protect\n|\n|-heal|p1a: Florges|25\/100|[from] item: Leftovers\n|upkeep\n|turn|12\n|\n|t:|1699899623\n|move|p2b: Landorus|Sludge Bomb|p1a: Florges\n|-supereffective|p1a: Florges\n|-damage|p1a: Florges|0 fnt\n|faint|p1a: Florges\n|\n|win|boi in the back\n|raw|gsisoa9w's rating: 1072 &rarr; <strong>1051<\/strong><br \/>(-21 for losing)\n|raw|boi in the back's rating: 1066 &rarr; <strong>1097<\/strong><br \/>(+31 for winning)\n","uploadtime":1699899628,"views":10,"p1id":"gsisoa9w","p2id":"boiintheback","formatid":"gen9vgc2023regulatione","rating":1051,"private":0,"password":""}