{"id":"gen9vgc2023regulatione-1994872481","p1":"Adelna","p2":"healing94","format":"[Gen 9] VGC 2023 Regulation E","log":"|j|\u2606Adelna\n|j|\u2606healing94\n|t:|1700500512\n|gametype|doubles\n|player|p1|Adelna|rosa|1126\n|player|p2|healing94|red|1187\n|teamsize|p1|6\n|teamsize|p2|6\n|gen|9\n|tier|[Gen 9] VGC 2023 Regulation E\n|rated|\n|rule|Species Clause: Limit one of each Pok\u00e9mon\n|rule|Item Clause: Limit one of each item\n|clearpoke\n|poke|p1|Gallade, L50, M|\n|poke|p1|Torkoal, L50, F|\n|poke|p1|Flutter Mane, L50|\n|poke|p1|Ogerpon-Hearthflame, L50, F|\n|poke|p1|Ursaluna-Bloodmoon, L50, M|\n|poke|p1|Tornadus, L50, M|\n|poke|p2|Iron Hands, L50|\n|poke|p2|Flutter Mane, L50|\n|poke|p2|Landorus-Therian, L50, M|\n|poke|p2|Urshifu-*, L50, M|\n|poke|p2|Ogerpon-Wellspring, L50, F|\n|poke|p2|Chi-Yu, L50|\n|teampreview|4\n|inactive|Battle timer is ON: inactive players will automatically lose when time's up. (requested by healing94)\nAdelna has agreed to open team sheets.\n|\n|t:|1700500528\n|start\n|switch|p1a: Torkoal|Torkoal, L50, F|100\/100\n|switch|p1b: Tornadus|Tornadus, L50, M|100\/100\n|switch|p2a: Chi-Yu|Chi-Yu, L50|100\/100\n|switch|p2b: Urshifu|Urshifu-Rapid-Strike, L50, M|100\/100\n|-ability|p2a: Chi-Yu|Beads of Ruin\n|-weather|SunnyDay|[from] ability: Drought|[of] p1a: Torkoal\n|turn|1\n|inactive|healing94 has 30 seconds left.\n|inactive|healing94 has 20 seconds left.\n|\n|t:|1700500565\n|switch|p2a: Iron Hands|Iron Hands, L50|100\/100\n|move|p1b: Tornadus|Tailwind|p1b: Tornadus\n|-sidestart|p1: Adelna|move: Tailwind\n|move|p2b: Urshifu|Surging Strikes|p1a: Torkoal\n|-supereffective|p1a: Torkoal\n|-crit|p1a: Torkoal\n|-damage|p1a: Torkoal|86\/100\n|-supereffective|p1a: Torkoal\n|-crit|p1a: Torkoal\n|-damage|p1a: Torkoal|72\/100\n|-supereffective|p1a: Torkoal\n|-crit|p1a: Torkoal\n|-damage|p1a: Torkoal|59\/100\n|-hitcount|p1a: Torkoal|3\n|move|p1a: Torkoal|Solar Beam||[still]\n|-prepare|p1a: Torkoal|Solar Beam\n|-anim|p1a: Torkoal|Solar Beam|p2b: Urshifu\n|-supereffective|p2b: Urshifu\n|-damage|p2b: Urshifu|0 fnt\n|faint|p2b: Urshifu\n|\n|-weather|SunnyDay|[upkeep]\n|upkeep\n|\n|t:|1700500586\n|switch|p2b: Ogerpon|Ogerpon-Wellspring, L50, F|100\/100\n|turn|2\n|\n|t:|1700500599\n|move|p1b: Tornadus|Taunt|p2b: Ogerpon\n|-start|p2b: Ogerpon|move: Taunt\n|move|p2b: Ogerpon|Ivy Cudgel|p1a: Torkoal|[anim] Ivy Cudgel Water\n|-supereffective|p1a: Torkoal\n|-damage|p1a: Torkoal|13\/100\n|move|p2a: Iron Hands|Wild Charge|p1b: Tornadus\n|-supereffective|p1b: Tornadus\n|-damage|p1b: Tornadus|0 fnt\n|faint|p1b: Tornadus\n|-damage|p2a: Iron Hands|83\/100|[from] Recoil\n|move|p1a: Torkoal|Earth Power|p2a: Iron Hands\n|-supereffective|p2a: Iron Hands\n|-damage|p2a: Iron Hands|48\/100\n|\n|-weather|SunnyDay|[upkeep]\n|upkeep\n|\n|t:|1700500613\n|switch|p1b: Gallade|Gallade, L50, M|100\/100\n|turn|3\n|\n|t:|1700500630\n|-terastallize|p1b: Gallade|Grass\n|move|p1a: Torkoal|Protect|p1a: Torkoal\n|-singleturn|p1a: Torkoal|Protect\n|move|p1b: Gallade|Solar Blade||[still]\n|-prepare|p1b: Gallade|Solar Blade\n|-anim|p1b: Gallade|Solar Blade|p2b: Ogerpon\n|-damage|p2b: Ogerpon|0 fnt\n|faint|p2b: Ogerpon\n|move|p2a: Iron Hands|Drain Punch|p1a: Torkoal\n|-activate|p1a: Torkoal|move: Protect\n|\n|-weather|SunnyDay|[upkeep]\n|upkeep\n|\n|t:|1700500638\n|switch|p2b: Chi-Yu|Chi-Yu, L50|100\/100\n|-ability|p2b: Chi-Yu|Beads of Ruin\n|turn|4\n|\n|t:|1700500654\n|move|p1b: Gallade|Sacred Sword|p2b: Chi-Yu\n|-supereffective|p2b: Chi-Yu\n|-damage|p2b: Chi-Yu|0 fnt\n|faint|p2b: Chi-Yu\n|move|p2a: Iron Hands|Drain Punch|p1b: Gallade\n|-damage|p1b: Gallade|26\/100\n|-heal|p2a: Iron Hands|71\/100|[from] drain|[of] p1b: Gallade\n|move|p1a: Torkoal|Earth Power|p2a: Iron Hands\n|-supereffective|p2a: Iron Hands\n|-damage|p2a: Iron Hands|33\/100\n|\n|-weather|SunnyDay|[upkeep]\n|-sideend|p1: Adelna|move: Tailwind\n|upkeep\n|turn|5\n|-message|healing94 forfeited.\n|\n|win|Adelna\n|raw|Adelna's rating: 1126 &rarr; <strong>1155<\/strong><br \/>(+29 for winning)\n|raw|healing94's rating: 1187 &rarr; <strong>1158<\/strong><br \/>(-29 for losing)\n|l|\u2606healing94\n","uploadtime":1700500669,"views":3,"p1id":"adelna","p2id":"healing94","formatid":"gen9vgc2023regulatione","rating":1155,"private":0,"password":""}