{"id":"gen9vgc2023regulatione-1989849789","p1":"The_Jolly_Dwarf","p2":"scrapsorra","format":"[Gen 9] VGC 2023 Regulation E","log":"|j|\u2606The_Jolly_Dwarf\n|j|\u2606scrapsorra\n|t:|1699900899\n|gametype|doubles\n|player|p1|The_Jolly_Dwarf|fisherman-gen4|1247\n|player|p2|scrapsorra|ghetsis-gen5bw|1252\n|teamsize|p1|6\n|teamsize|p2|6\n|gen|9\n|tier|[Gen 9] VGC 2023 Regulation E\n|rated|\n|rule|Species Clause: Limit one of each Pok\u00e9mon\n|rule|Item Clause: Limit one of each item\n|clearpoke\n|poke|p1|Urshifu-*, L50, F|\n|poke|p1|Arcanine-Hisui, L50, F|\n|poke|p1|Tornadus, L50, M|\n|poke|p1|Rillaboom, L50, F|\n|poke|p1|Flutter Mane, L50|\n|poke|p1|Iron Hands, L50|\n|poke|p2|Delphox, L50, F|\n|poke|p2|Ogerpon-Wellspring, L50, F|\n|poke|p2|Farigiraf, L50, F|\n|poke|p2|Arcanine-Hisui, L50, M|\n|poke|p2|Iron Hands, L50|\n|poke|p2|Roaring Moon, L50|\n|teampreview|4\nscrapsorra has agreed to open team sheets.\n|inactive|Battle timer is ON: inactive players will automatically lose when time's up. (requested by The_Jolly_Dwarf)\n|\n|t:|1699900935\n|start\n|switch|p1a: Tornadus|Tornadus, L50, M|100\/100\n|switch|p1b: Rillaboom|Rillaboom, L50, F|100\/100\n|switch|p2a: Delphox|Delphox, L50, F, shiny|100\/100\n|switch|p2b: Brian Hands|Iron Hands, L50|100\/100\n|-fieldstart|move: Grassy Terrain|[from] ability: Grassy Surge|[of] p1b: Rillaboom\n|turn|1\n|inactive|The_Jolly_Dwarf has 30 seconds left.\n|\n|t:|1699900962\n|-end|p2b: Brian Hands|Quark Drive|[silent]\n|switch|p2b: Jenny-Belle|Farigiraf, L50, F, shiny|100\/100\n|move|p1b: Rillaboom|Fake Out||[still]\n|cant|p2b: Jenny-Belle|ability: Armor Tail|Fake Out|[of] p1b: Rillaboom\n|move|p1a: Tornadus|Bleakwind Storm|p2a: Delphox|[spread] p2a,p2b\n|-damage|p2a: Delphox|44\/100\n|-damage|p2b: Jenny-Belle|50\/100\n|-enditem|p2a: Delphox|Sitrus Berry|[eat]\n|-heal|p2a: Delphox|69\/100|[from] item: Sitrus Berry\n|move|p2a: Delphox|Will-O-Wisp|p1b: Rillaboom\n|-status|p1b: Rillaboom|brn\n|\n|-heal|p2a: Delphox|75\/100|[from] Grassy Terrain\n|-heal|p2b: Jenny-Belle|56\/100|[from] Grassy Terrain\n|-damage|p1b: Rillaboom|95\/100 brn|[from] brn\n|upkeep\n|turn|2\n|inactive|The_Jolly_Dwarf has 30 seconds left.\n|inactive|scrapsorra has 30 seconds left.\n|\n|t:|1699900995\n|move|p1a: Tornadus|Bleakwind Storm|p2b: Jenny-Belle|[spread] p2a,p2b\n|-damage|p2a: Delphox|16\/100\n|-damage|p2b: Jenny-Belle|9\/100\n|-unboost|p2a: Delphox|spe|1\n|-unboost|p2b: Jenny-Belle|spe|1\n|move|p2a: Delphox|Heat Wave|p1b: Rillaboom|[spread] \n|-miss|p2a: Delphox|p1a: Tornadus\n|-miss|p2a: Delphox|p1b: Rillaboom\n|move|p1b: Rillaboom|Knock Off|p2b: Jenny-Belle\n|-supereffective|p2b: Jenny-Belle\n|-damage|p2b: Jenny-Belle|0 fnt\n|-enditem|p2b: Jenny-Belle|Throat Spray|[from] move: Knock Off|[of] p1b: Rillaboom\n|faint|p2b: Jenny-Belle\n|\n|-heal|p2a: Delphox|22\/100|[from] Grassy Terrain\n|-heal|p1b: Rillaboom|100\/100 brn|[from] Grassy Terrain\n|-damage|p1b: Rillaboom|95\/100 brn|[from] brn\n|upkeep\n|\n|t:|1699901006\n|switch|p2b: Brian Hands|Iron Hands, L50|100\/100\n|turn|3\n|\n|t:|1699901019\n|move|p1b: Rillaboom|Protect|p1b: Rillaboom\n|-singleturn|p1b: Rillaboom|Protect\n|move|p2b: Brian Hands|Fake Out|p1a: Tornadus\n|-damage|p1a: Tornadus|82\/100\n|cant|p1a: Tornadus|flinch\n|move|p2a: Delphox|Heat Wave|p1a: Tornadus|[spread] \n|-activate|p1b: Rillaboom|move: Protect\n|-miss|p2a: Delphox|p1a: Tornadus\n|\n|-heal|p2a: Delphox|29\/100|[from] Grassy Terrain\n|-heal|p1b: Rillaboom|100\/100 brn|[from] Grassy Terrain\n|-damage|p1b: Rillaboom|95\/100 brn|[from] brn\n|upkeep\n|turn|4\n|\n|t:|1699901041\n|switch|p2a: Danny|Arcanine-Hisui, L50, M|100\/100\n|-ability|p2a: Danny|Intimidate|boost\n|-unboost|p1a: Tornadus|atk|1\n|-unboost|p1b: Rillaboom|atk|1\n|move|p1b: Rillaboom|Grassy Glide|p2a: Danny\n|-damage|p2a: Danny|82\/100\n|move|p1a: Tornadus|Bleakwind Storm|p2b: Brian Hands|[spread] p2a,p2b\n|-resisted|p2a: Danny\n|-damage|p2a: Danny|53\/100\n|-damage|p2b: Brian Hands|71\/100\n|-unboost|p2a: Danny|spe|1\n|move|p2b: Brian Hands|Wild Charge|p1a: Tornadus\n|-supereffective|p1a: Tornadus\n|-damage|p1a: Tornadus|0 fnt\n|faint|p1a: Tornadus\n|-damage|p2b: Brian Hands|59\/100|[from] Recoil\n|\n|-heal|p1b: Rillaboom|100\/100 brn|[from] Grassy Terrain\n|-heal|p2a: Danny|59\/100|[from] Grassy Terrain\n|-heal|p2b: Brian Hands|65\/100|[from] Grassy Terrain\n|-damage|p1b: Rillaboom|95\/100 brn|[from] brn\n|upkeep\n|inactive|The_Jolly_Dwarf has 30 seconds left.\n|\n|t:|1699901067\n|switch|p1a: Flutter Mane|Flutter Mane, L50|100\/100\n|-enditem|p1a: Flutter Mane|Booster Energy\n|-activate|p1a: Flutter Mane|ability: Protosynthesis|[fromitem]\n|-start|p1a: Flutter Mane|protosynthesisspe\n|turn|5\n|\n|t:|1699901080\n|switch|p1b: Arcanine|Arcanine-Hisui, L50, F|100\/100\n|-ability|p1b: Arcanine|Intimidate|boost\n|-unboost|p2a: Danny|atk|1\n|-unboost|p2b: Brian Hands|atk|1\n|-terastallize|p1a: Flutter Mane|Fairy\n|move|p1a: Flutter Mane|Dazzling Gleam|p2a: Danny|[spread] p2a,p2b\n|-resisted|p2a: Danny\n|-supereffective|p2b: Brian Hands\n|-damage|p2a: Danny|35\/100\n|-damage|p2b: Brian Hands|22\/100\n|move|p2a: Danny|Rock Slide|p1b: Arcanine|[spread] p1a,p1b\n|-supereffective|p1b: Arcanine\n|-damage|p1a: Flutter Mane|62\/100\n|-damage|p1b: Arcanine|23\/100\n|move|p2b: Brian Hands|Heavy Slam|p1a: Flutter Mane\n|-supereffective|p1a: Flutter Mane\n|-damage|p1a: Flutter Mane|0 fnt\n|faint|p1a: Flutter Mane\n|-end|p1a: Flutter Mane|Protosynthesis|[silent]\n|\n|-heal|p1b: Arcanine|30\/100|[from] Grassy Terrain\n|-heal|p2a: Danny|41\/100|[from] Grassy Terrain\n|-heal|p2b: Brian Hands|28\/100|[from] Grassy Terrain\n|-fieldend|move: Grassy Terrain\n|upkeep\n|\n|t:|1699901103\n|switch|p1a: Rillaboom|Rillaboom, L50, F|95\/100 brn\n|-fieldstart|move: Grassy Terrain|[from] ability: Grassy Surge|[of] p1a: Rillaboom\n|turn|6\n|\n|t:|1699901122\n|switch|p2a: Delphox|Delphox, L50, F, shiny|29\/100\n|move|p1a: Rillaboom|Fake Out|p2b: Brian Hands\n|-damage|p2b: Brian Hands|25\/100\n|move|p1b: Arcanine|Extreme Speed|p2a: Delphox\n|-damage|p2a: Delphox|0 fnt\n|faint|p2a: Delphox\n|cant|p2b: Brian Hands|flinch\n|\n|-heal|p1b: Arcanine|36\/100|[from] Grassy Terrain\n|-heal|p1a: Rillaboom|100\/100 brn|[from] Grassy Terrain\n|-heal|p2b: Brian Hands|32\/100|[from] Grassy Terrain\n|-damage|p1a: Rillaboom|95\/100 brn|[from] brn\n|upkeep\n|\n|t:|1699901128\n|switch|p2a: Danny|Arcanine-Hisui, L50, M|41\/100\n|-ability|p2a: Danny|Intimidate|boost\n|-unboost|p1a: Rillaboom|atk|1\n|-unboost|p1b: Arcanine|atk|1\n|turn|7\n|inactive|The_Jolly_Dwarf has 30 seconds left.\n|\n|t:|1699901153\n|move|p1b: Arcanine|Extreme Speed|p2a: Danny\n|-resisted|p2a: Danny\n|-damage|p2a: Danny|24\/100\n|move|p1a: Rillaboom|Grassy Glide|p2b: Brian Hands\n|-damage|p2b: Brian Hands|24\/100\n|move|p2a: Danny|Rock Slide|p1a: Rillaboom|[spread] p1a,p1b\n|-supereffective|p1b: Arcanine\n|-crit|p1b: Arcanine\n|-damage|p1a: Rillaboom|50\/100 brn\n|-damage|p1b: Arcanine|0 fnt\n|faint|p1b: Arcanine\n|move|p2b: Brian Hands|Drain Punch|p1a: Rillaboom\n|-damage|p1a: Rillaboom|26\/100 brn\n|-heal|p2b: Brian Hands|33\/100|[from] drain|[of] p1a: Rillaboom\n|\n|-heal|p2a: Danny|30\/100|[from] Grassy Terrain\n|-heal|p1a: Rillaboom|32\/100 brn|[from] Grassy Terrain\n|-heal|p2b: Brian Hands|40\/100|[from] Grassy Terrain\n|-damage|p1a: Rillaboom|26\/100 brn|[from] brn\n|upkeep\n|turn|8\n|inactive|The_Jolly_Dwarf has 30 seconds left.\n|\n|t:|1699901182\n|move|p2a: Danny|Rock Slide|p1a: Rillaboom|[miss]\n|-miss|p2a: Danny|p1a: Rillaboom\n|move|p1a: Rillaboom|Knock Off|p2a: Danny\n|-crit|p2a: Danny\n|-damage|p2a: Danny|0 fnt\n|-enditem|p2a: Danny|Choice Band|[from] move: Knock Off|[of] p1a: Rillaboom\n|faint|p2a: Danny\n|move|p2b: Brian Hands|Drain Punch|p1a: Rillaboom\n|-damage|p1a: Rillaboom|3\/100 brn\n|-heal|p2b: Brian Hands|48\/100|[from] drain|[of] p1a: Rillaboom\n|\n|-heal|p1a: Rillaboom|9\/100 brn|[from] Grassy Terrain\n|-heal|p2b: Brian Hands|55\/100|[from] Grassy Terrain\n|-damage|p1a: Rillaboom|3\/100 brn|[from] brn\n|upkeep\n|turn|9\n|\n|t:|1699901204\n|move|p1a: Rillaboom|Knock Off|p2b: Brian Hands\n|-resisted|p2b: Brian Hands\n|-damage|p2b: Brian Hands|52\/100\n|-enditem|p2b: Brian Hands|Assault Vest|[from] move: Knock Off|[of] p1a: Rillaboom\n|move|p2b: Brian Hands|Drain Punch|p1a: Rillaboom\n|-damage|p1a: Rillaboom|0 fnt\n|-heal|p2b: Brian Hands|53\/100|[from] drain|[of] p1a: Rillaboom\n|faint|p1a: Rillaboom\n|\n|win|scrapsorra\n|raw|The_Jolly_Dwarf's rating: 1247 &rarr; <strong>1222<\/strong><br \/>(-25 for losing)\n|raw|scrapsorra's rating: 1252 &rarr; <strong>1277<\/strong><br \/>(+25 for winning)\n|l|\u2606The_Jolly_Dwarf\n","uploadtime":1699901222,"views":13,"p1id":"thejollydwarf","p2id":"scrapsorra","formatid":"gen9vgc2023regulatione","rating":1222,"private":0,"password":""}