{"id":"gen9vgc2023regulatione-1991548169","p1":"septicjewel67","p2":"DRJC190","format":"[Gen 9] VGC 2023 Regulation E","log":"|j|\u2606septicjewel67\n|j|\u2606DRJC190\n|n|\u2606septicjewel67|septicjewel67\n|n|\u2606DRJC190|drjc190\n|html|View the match progress at <a href=\"\/game-bestof3-gen9vgc2023regulatione-1991541978\">game-bestof3-gen9vgc2023regulatione-1991541978<\/a>\n|t:|1700087206\n|gametype|doubles\n|player|p1|septicjewel67|266|\n|player|p2|DRJC190|170|\n|teamsize|p1|6\n|teamsize|p2|6\n|gen|9\n|tier|[Gen 9] VGC 2023 Regulation E\n|rule|Species Clause: Limit one of each Pok\u00e9mon\n|rule|Item Clause: Limit one of each item\n|clearpoke\n|poke|p1|Iron Hands, L50|\n|poke|p1|Murkrow, L50, F|\n|poke|p1|Amoonguss, L50, F|\n|poke|p1|Arcanine-Hisui, L50, M|\n|poke|p1|Basculegion, L50, M|\n|poke|p1|Kommo-o, L50, M|\n|poke|p2|Politoed, L50, F|\n|poke|p2|Indeedee-F, L50, F|\n|poke|p2|Goodra-Hisui, L50, M|\n|poke|p2|Breloom, L50, F|\n|poke|p2|Gyarados, L50, M|\n|poke|p2|Armarouge, L50, F|\n|teampreview|4\nsepticjewel67 has agreed to open team sheets.\nDRJC190 has agreed to open team sheets.\n|showteam|p1|Iron Hands||AssaultVest|QuarkDrive|WildCharge,FakeOut,DrainPunch,HeavySlam||||||50|,,,,,Grass]Murkrow||Eviolite|Prankster|Tailwind,Quash,FoulPlay,Taunt|||F|||50|,,,,,Ghost]Amoonguss||SitrusBerry|Regenerator|Spore,Protect,PollenPuff,RagePowder|||F|||50|,,,,,Water]Arcanine-Hisui||ChoiceBand|Intimidate|TeraBlast,ExtremeSpeed,FlareBlitz,RockSlide|||M|||50|,,,,,Water]Basculegion||LifeOrb|Adaptability|Crunch,PsychicFangs,WaveCrash,Protect|||M|||50|,,,,,Dark]Kommo-o||ThroatSpray|Overcoat|ClangorousSoul,ClangingScales,Protect,HyperVoice|||M|||50|,,,,,Fairy\n|showteam|p2|Politoed||SitrusBerry|Drizzle|IceBeam,ChillingWater,HelpingHand,Protect|||F|||50|,,,,,Grass]Indeedee-F||SafetyGoggles|PsychicSurge|HealPulse,Psychic,FollowMe,HelpingHand|||F|||50|,,,,,Fairy]Goodra-Hisui||Leftovers|ShellArmor|Shelter,IronHead,BodyPress,LifeDew|||M|||50|,,,,,Flying]Breloom||BlackBelt|Technician|Spore,SeedBomb,MachPunch,Protect|||F|||50|,,,,,Fighting]Gyarados||MysticWater|Intimidate|Waterfall,TeraBlast,ThunderWave,Protect|||M|||50|,,,,,Flying]Armarouge||TwistedSpoon|FlashFire|HeatWave,ExpandingForce,TrickRoom,WideGuard|||F|||50|,,,,,Grass\n|\n|t:|1700087286\n|start\n|switch|p1a: Basculegion|Basculegion, L50, M|100\/100\n|switch|p1b: Iron Hands|Iron Hands, L50|100\/100\n|switch|p2a: Indeedee|Indeedee-F, L50, F|100\/100\n|switch|p2b: Gyarados|Gyarados, L50, M, shiny|100\/100\n|-fieldstart|move: Psychic Terrain|[from] ability: Psychic Surge|[of] p2a: Indeedee\n|-ability|p2b: Gyarados|Intimidate|boost\n|-unboost|p1a: Basculegion|atk|1\n|-unboost|p1b: Iron Hands|atk|1\n|turn|1\n|\n|t:|1700087309\n|switch|p2b: Armarouge|Armarouge, L50, F|100\/100\n|-terastallize|p1a: Basculegion|Dark\n|move|p2a: Indeedee|Psychic|p1b: Iron Hands\n|-supereffective|p1b: Iron Hands\n|-damage|p1b: Iron Hands|49\/100\n|move|p1a: Basculegion|Crunch|p2a: Indeedee\n|-supereffective|p2a: Indeedee\n|-damage|p2a: Indeedee|0 fnt\n|faint|p2a: Indeedee\n|-damage|p1a: Basculegion|91\/100|[from] item: Life Orb\n|move|p1b: Iron Hands|Wild Charge|p2b: Armarouge\n|-damage|p2b: Armarouge|76\/100\n|-damage|p1b: Iron Hands|45\/100|[from] Recoil\n|\n|upkeep\n|\n|t:|1700087323\n|switch|p2a: Gyarados|Gyarados, L50, M, shiny|100\/100\n|-ability|p2a: Gyarados|Intimidate|boost\n|-unboost|p1a: Basculegion|atk|1\n|-unboost|p1b: Iron Hands|atk|1\n|turn|2\n|\n|t:|1700087345\n|-terastallize|p2b: Armarouge|Grass\n|move|p2a: Gyarados|Protect|p2a: Gyarados\n|-singleturn|p2a: Gyarados|Protect\n|move|p1a: Basculegion|Crunch|p2b: Armarouge\n|-damage|p2b: Armarouge|52\/100\n|-damage|p1a: Basculegion|81\/100|[from] item: Life Orb\n|move|p1b: Iron Hands|Wild Charge|p2a: Gyarados\n|-activate|p2a: Gyarados|move: Protect\n|move|p2b: Armarouge|Trick Room|p2b: Armarouge\n|-fieldstart|move: Trick Room|[of] p2b: Armarouge\n|\n|upkeep\n|turn|3\n|\n|t:|1700087381\n|switch|p1a: Kommo-o|Kommo-o, L50, M|100\/100\n|switch|p2a: Goodra|Goodra-Hisui, L50, M|100\/100\n|move|p1b: Iron Hands|Wild Charge|p2a: Goodra\n|-resisted|p2a: Goodra\n|-damage|p2a: Goodra|88\/100\n|-damage|p1b: Iron Hands|42\/100|[from] Recoil\n|move|p2b: Armarouge|Expanding Force|p1a: Kommo-o|[spread] p1a,p1b\n|-supereffective|p1a: Kommo-o\n|-supereffective|p1b: Iron Hands\n|-damage|p1a: Kommo-o|0 fnt\n|-damage|p1b: Iron Hands|0 fnt\n|faint|p1a: Kommo-o\n|faint|p1b: Iron Hands\n|-end|p1b: Iron Hands|Quark Drive|[silent]\n|\n|-heal|p2a: Goodra|94\/100|[from] item: Leftovers\n|upkeep\n|\n|t:|1700087386\n|switch|p1b: Murkrow|Murkrow, L50, F|100\/100\n|switch|p1a: Basculegion|Basculegion, L50, M, tera:Dark|81\/100\n|turn|4\n|\n|t:|1700087403\n|move|p1a: Basculegion|Protect|p1a: Basculegion\n|-singleturn|p1a: Basculegion|Protect\n|move|p2a: Goodra|Shelter|p2a: Goodra\n|-boost|p2a: Goodra|def|2\n|move|p2b: Armarouge|Heat Wave|p1a: Basculegion|[spread] p1b\n|-activate|p1a: Basculegion|move: Protect\n|-crit|p1b: Murkrow\n|-damage|p1b: Murkrow|62\/100\n|move|p1b: Murkrow|Foul Play|p2b: Armarouge\n|-damage|p2b: Armarouge|39\/100\n|\n|-heal|p2a: Goodra|99\/100|[from] item: Leftovers\n|upkeep\n|turn|5\n|\n|t:|1700087444\n|switch|p2b: Gyarados|Gyarados, L50, M, shiny|100\/100\n|-ability|p2b: Gyarados|Intimidate|boost\n|-unboost|p1a: Basculegion|atk|1\n|-unboost|p1b: Murkrow|atk|1\n|move|p2a: Goodra|Body Press|p1a: Basculegion\n|-supereffective|p1a: Basculegion\n|-damage|p1a: Basculegion|0 fnt\n|faint|p1a: Basculegion\n|move|p1b: Murkrow|Foul Play|p2a: Goodra\n|-damage|p2a: Goodra|82\/100\n|\n|-heal|p2a: Goodra|88\/100|[from] item: Leftovers\n|-fieldend|move: Psychic Terrain\n|upkeep\n|turn|6\n|c|\u2606septicjewel67|GG\n|c|\u2606DRJC190|ggwp\n|\n|t:|1700087459\n|move|p2a: Goodra|Body Press|p1b: Murkrow\n|-damage|p1b: Murkrow|14\/100\n|move|p2b: Gyarados|Waterfall|p1b: Murkrow\n|-damage|p1b: Murkrow|0 fnt\n|faint|p1b: Murkrow\n|\n|win|DRJC190\n|l|\u2606septicjewel67\n","uploadtime":1700087470,"views":32,"p1id":"septicjewel67","p2id":"drjc190","formatid":"gen9vgc2023regulatione","rating":0,"private":0,"password":""}