{"id":"gen9vgc2023regulatione-1997877831","p1":"ColeAnimatesStuff","p2":"ElPicaro54","format":"[Gen 9] VGC 2023 Regulation E","log":"|j|\u2606ColeAnimatesStuff\n|j|\u2606ElPicaro54\n|t:|1700862742\n|gametype|doubles\n|player|p1|ColeAnimatesStuff|cheryl|1062\n|player|p2|ElPicaro54|benga|1049\n|teamsize|p1|6\n|teamsize|p2|6\n|gen|9\n|tier|[Gen 9] VGC 2023 Regulation E\n|rated|\n|rule|Species Clause: Limit one of each Pok\u00e9mon\n|rule|Item Clause: Limit one of each item\n|clearpoke\n|poke|p1|Iron Hands, L50|\n|poke|p1|Gholdengo, L50|\n|poke|p1|Basculegion, L50, M|\n|poke|p1|Tornadus, L50, M|\n|poke|p1|Arcanine-Hisui, L50, F|\n|poke|p1|Amoonguss, L50, M|\n|poke|p2|Iron Hands, L50|\n|poke|p2|Cetitan, L50, F|\n|poke|p2|Amoonguss, L50, F|\n|poke|p2|Ting-Lu, L50|\n|poke|p2|Flutter Mane, L50|\n|poke|p2|Urshifu-*, L50, M|\n|teampreview|4\n|inactive|Battle timer is ON: inactive players will automatically lose when time's up. (requested by ElPicaro54)\n|inactive|ColeAnimatesStuff also wants the timer to be on.\nColeAnimatesStuff has agreed to open team sheets.\n|\n|t:|1700862763\n|start\n|switch|p1a: Tornadus|Tornadus, L50, M|100\/100\n|switch|p1b: Baldass|Iron Hands, L50, shiny|100\/100\n|switch|p2a: Casper|Flutter Mane, L50|100\/100\n|switch|p2b: Las Palmas|Iron Hands, L50|100\/100\n|-enditem|p2a: Casper|Booster Energy\n|-activate|p2a: Casper|ability: Protosynthesis|[fromitem]\n|-start|p2a: Casper|protosynthesisspa\n|turn|1\n|inactive|ElPicaro54 has 30 seconds left.\n|\n|t:|1700862794\n|-terastallize|p1b: Baldass|Fire\n|move|p2a: Casper|Protect|p2a: Casper\n|-singleturn|p2a: Casper|Protect\n|move|p1a: Tornadus|Tailwind|p1a: Tornadus\n|-sidestart|p1: ColeAnimatesStuff|move: Tailwind\n|move|p1b: Baldass|Heavy Slam|p2a: Casper\n|-activate|p2a: Casper|move: Protect\n|move|p2b: Las Palmas|Thunder Punch|p1a: Tornadus\n|-supereffective|p1a: Tornadus\n|-damage|p1a: Tornadus|0 fnt\n|faint|p1a: Tornadus\n|\n|upkeep\n|\n|t:|1700862806\n|switch|p1a: Arcanine|Arcanine-Hisui, L50, F|100\/100\n|-ability|p1a: Arcanine|Intimidate|boost\n|-unboost|p2a: Casper|atk|1\n|-unboost|p2b: Las Palmas|atk|1\n|turn|2\n|\n|t:|1700862814\n|-end|p2a: Casper|Protosynthesis|[silent]\n|switch|p2a: Urshifu|Urshifu-Rapid-Strike, L50, M|100\/100\n|move|p1a: Arcanine|Will-O-Wisp|p2b: Las Palmas\n|-status|p2b: Las Palmas|brn\n|move|p1b: Baldass|Heavy Slam|p2a: Urshifu\n|-resisted|p2a: Urshifu\n|-damage|p2a: Urshifu|85\/100\n|move|p2b: Las Palmas|Drain Punch|p1a: Arcanine\n|-supereffective|p1a: Arcanine\n|-damage|p1a: Arcanine|56\/100\n|\n|-damage|p2b: Las Palmas|94\/100 brn|[from] brn\n|upkeep\n|turn|3\n|c|\u2606ColeAnimatesStuff|Ooh interesting I\u2019ve never seen a thunder punch hands\n|\n|t:|1700862835\n|move|p1a: Arcanine|Will-O-Wisp|p2a: Urshifu\n|-status|p2a: Urshifu|brn\n|move|p1b: Baldass|Wild Charge|p2a: Urshifu\n|-supereffective|p2a: Urshifu\n|-damage|p2a: Urshifu|0 fnt\n|faint|p2a: Urshifu\n|-damage|p1b: Baldass|86\/100|[from] Recoil\n|move|p2b: Las Palmas|Drain Punch|p1a: Arcanine\n|-supereffective|p1a: Arcanine\n|-damage|p1a: Arcanine|17\/100\n|-heal|p2b: Las Palmas|100\/100 brn|[from] drain|[of] p1a: Arcanine\n|\n|-damage|p2b: Las Palmas|94\/100 brn|[from] brn\n|upkeep\n|\n|t:|1700862853\n|switch|p2a: Titanic|Cetitan, L50, F|100\/100\n|turn|4\n|\n|t:|1700862860\n|switch|p1a: Amoonguss|Amoonguss, L50, M, shiny|100\/100\n|-terastallize|p2a: Titanic|Fairy\n|move|p2b: Las Palmas|Protect|p2b: Las Palmas\n|-singleturn|p2b: Las Palmas|Protect\n|move|p1b: Baldass|Drain Punch|p2a: Titanic\n|-resisted|p2a: Titanic\n|-damage|p2a: Titanic|88\/100\n|-heal|p1b: Baldass|93\/100|[from] drain|[of] p2a: Titanic\n|move|p2a: Titanic|Earthquake|p1b: Baldass|[spread] p1a,p1b\n|-activate|p2b: Las Palmas|move: Protect\n|-supereffective|p1b: Baldass\n|-damage|p1a: Amoonguss|79\/100\n|-damage|p1b: Baldass|69\/100\n|\n|-damage|p2b: Las Palmas|88\/100 brn|[from] brn\n|-sideend|p1: ColeAnimatesStuff|move: Tailwind\n|upkeep\n|turn|5\n|inactive|ElPicaro54 has 30 seconds left.\n|\n|t:|1700862886\n|move|p2a: Titanic|Ice Spinner|p1a: Amoonguss\n|-supereffective|p1a: Amoonguss\n|-damage|p1a: Amoonguss|18\/100\n|-damage|p2a: Titanic|71\/100|[from] item: Rocky Helmet|[of] p1a: Amoonguss\n|move|p2b: Las Palmas|Thunder Punch|p1b: Baldass\n|-damage|p1b: Baldass|59\/100\n|move|p1b: Baldass|Heavy Slam|p2a: Titanic\n|-supereffective|p2a: Titanic\n|-damage|p2a: Titanic|49\/100\n|-enditem|p2a: Titanic|Sitrus Berry|[eat]\n|-heal|p2a: Titanic|74\/100|[from] item: Sitrus Berry\n|move|p1a: Amoonguss|Spore||[still]\n|-fail|p1a: Amoonguss\n|\n|-damage|p2b: Las Palmas|82\/100 brn|[from] brn\n|upkeep\n|turn|6\n|\n|t:|1700862908\n|-end|p1b: Baldass|Quark Drive|[silent]\n|switch|p1b: Arcanine|Arcanine-Hisui, L50, F|17\/100\n|-ability|p1b: Arcanine|Intimidate|boost\n|-unboost|p2a: Titanic|atk|1\n|-unboost|p2b: Las Palmas|atk|1\n|move|p2a: Titanic|Ice Spinner|p1a: Amoonguss\n|-supereffective|p1a: Amoonguss\n|-damage|p1a: Amoonguss|0 fnt\n|-damage|p2a: Titanic|58\/100|[from] item: Rocky Helmet|[of] p1a: Amoonguss\n|faint|p1a: Amoonguss\n|move|p2b: Las Palmas|Thunder Punch|p1b: Arcanine\n|-damage|p1b: Arcanine|2\/100\n|\n|-damage|p2b: Las Palmas|76\/100 brn|[from] brn\n|upkeep\n|\n|t:|1700862912\n|switch|p1a: Baldass|Iron Hands, L50, shiny, tera:Fire|59\/100\n|turn|7\n|\n|t:|1700862928\n|move|p2b: Las Palmas|Protect|p2b: Las Palmas\n|-singleturn|p2b: Las Palmas|Protect\n|move|p1a: Baldass|Fake Out|p2a: Titanic\n|-damage|p2a: Titanic|47\/100\n|move|p1b: Arcanine|Will-O-Wisp|p2a: Titanic\n|-status|p2a: Titanic|brn\n|cant|p2a: Titanic|flinch\n|\n|-damage|p2a: Titanic|41\/100 brn|[from] brn\n|-damage|p2b: Las Palmas|70\/100 brn|[from] brn\n|upkeep\n|turn|8\n|\n|t:|1700862948\n|-end|p2b: Las Palmas|Quark Drive|[silent]\n|switch|p2b: Casper|Flutter Mane, L50|100\/100\n|move|p1b: Arcanine|Protect|p1b: Arcanine\n|-singleturn|p1b: Arcanine|Protect\n|move|p2a: Titanic|Earthquake|p1a: Baldass|[spread] p2b,p1a\n|-activate|p1b: Arcanine|move: Protect\n|-supereffective|p1a: Baldass\n|-damage|p2b: Casper|90\/100\n|-damage|p1a: Baldass|51\/100\n|move|p1a: Baldass|Drain Punch|p2b: Casper\n|-immune|p2b: Casper\n|\n|-damage|p2a: Titanic|35\/100 brn|[from] brn\n|upkeep\n|turn|9\n|\n|t:|1700862968\n|move|p2b: Casper|Protect|p2b: Casper\n|-singleturn|p2b: Casper|Protect\n|move|p1b: Arcanine|Rock Slide|p2b: Casper|[spread] p2a\n|-activate|p2b: Casper|move: Protect\n|-crit|p2a: Titanic\n|-damage|p2a: Titanic|11\/100 brn\n|move|p2a: Titanic|Earthquake|p1b: Arcanine|[spread] p1a,p1b\n|-activate|p2b: Casper|move: Protect\n|-supereffective|p1a: Baldass\n|-supereffective|p1b: Arcanine\n|-damage|p1a: Baldass|42\/100\n|-damage|p1b: Arcanine|0 fnt\n|faint|p1b: Arcanine\n|move|p1a: Baldass|Heavy Slam|p2b: Casper\n|-activate|p2b: Casper|move: Protect\n|\n|-damage|p2a: Titanic|5\/100 brn|[from] brn\n|upkeep\n|turn|10\n|\n|t:|1700862986\n|move|p2b: Casper|Dazzling Gleam|p1a: Baldass\n|-resisted|p1a: Baldass\n|-damage|p1a: Baldass|30\/100\n|move|p2a: Titanic|Ice Spinner|p1a: Baldass\n|-resisted|p1a: Baldass\n|-damage|p1a: Baldass|27\/100\n|move|p1a: Baldass|Heavy Slam|p2b: Casper\n|-supereffective|p2b: Casper\n|-damage|p2b: Casper|0 fnt\n|faint|p2b: Casper\n|-end|p2b: Casper|Protosynthesis|[silent]\n|\n|-damage|p2a: Titanic|0 fnt|[from] brn\n|faint|p2a: Titanic\n|upkeep\n|\n|t:|1700863000\n|switch|p2b: Las Palmas|Iron Hands, L50|70\/100 brn\n|turn|11\n|\n|t:|1700863007\n|move|p2b: Las Palmas|Thunder Punch|p1a: Baldass\n|-damage|p1a: Baldass|10\/100\n|move|p1a: Baldass|Drain Punch|p2b: Las Palmas\n|-damage|p2b: Las Palmas|44\/100 brn\n|-heal|p1a: Baldass|22\/100|[from] drain|[of] p2b: Las Palmas\n|\n|-damage|p2b: Las Palmas|38\/100 brn|[from] brn\n|upkeep\n|turn|12\n|\n|t:|1700863016\n|move|p2b: Las Palmas|Thunder Punch|p1a: Baldass\n|-damage|p1a: Baldass|7\/100\n|move|p1a: Baldass|Drain Punch|p2b: Las Palmas\n|-damage|p2b: Las Palmas|10\/100 brn\n|-heal|p1a: Baldass|20\/100|[from] drain|[of] p2b: Las Palmas\n|\n|-damage|p2b: Las Palmas|4\/100 brn|[from] brn\n|upkeep\n|turn|13\n|\n|t:|1700863025\n|move|p2b: Las Palmas|Thunder Punch|p1a: Baldass\n|-damage|p1a: Baldass|4\/100\n|move|p1a: Baldass|Drain Punch|p2b: Las Palmas\n|-damage|p2b: Las Palmas|0 fnt\n|-heal|p1a: Baldass|6\/100|[from] drain|[of] p2b: Las Palmas\n|faint|p2b: Las Palmas\n|-end|p2b: Las Palmas|Quark Drive|[silent]\n|\n|win|ColeAnimatesStuff\n|raw|ColeAnimatesStuff's rating: 1062 &rarr; <strong>1092<\/strong><br \/>(+30 for winning)\n|raw|ElPicaro54's rating: 1049 &rarr; <strong>1032<\/strong><br \/>(-17 for losing)\n|l|\u2606ElPicaro54\n|c|\u2606ColeAnimatesStuff|Ggs\n","uploadtime":1700863043,"views":16,"p1id":"coleanimatesstuff","p2id":"elpicaro54","formatid":"gen9vgc2023regulatione","rating":1032,"private":0,"password":""}