{"id":"gen9vgc2023regulatione-1996681088","p1":"JohanDK","p2":"hkjjk","format":"[Gen 9] VGC 2023 Regulation E","log":"|j|\u2606JohanDK\n|j|\u2606hkjjk\n|t:|1700708994\n|gametype|doubles\n|player|p1|JohanDK|nate|1484\n|player|p2|hkjjk|1|1431\n|teamsize|p1|6\n|teamsize|p2|6\n|gen|9\n|tier|[Gen 9] VGC 2023 Regulation E\n|rated|\n|rule|Species Clause: Limit one of each Pok\u00e9mon\n|rule|Item Clause: Limit one of each item\n|clearpoke\n|poke|p1|Grimmsnarl, L50, M|\n|poke|p1|Goodra-Hisui, L50, F|\n|poke|p1|Moltres-Galar, L50|\n|poke|p1|Landorus-Therian, L50, M|\n|poke|p1|Sinistcha-Masterpiece, L50|\n|poke|p1|Ting-Lu, L50|\n|poke|p2|Arcanine-Hisui, L50, M|\n|poke|p2|Urshifu-*, L50, F|\n|poke|p2|Rillaboom, L50, M|\n|poke|p2|Iron Hands, L50|\n|poke|p2|Tornadus, L50, M|\n|poke|p2|Flutter Mane, L50|\n|teampreview|4\n|inactive|Battle timer is ON: inactive players will automatically lose when time's up. (requested by hkjjk)\n|\n|t:|1700709032\n|start\n|switch|p1a: Caracol|Goodra-Hisui, L50, F|100\/100\n|switch|p1b: Krampus|Grimmsnarl, L50, M, shiny|100\/100\n|switch|p2a: Arcanine|Arcanine-Hisui, L50, M|100\/100\n|switch|p2b: Tornadus|Tornadus, L50, M|100\/100\n|-ability|p2a: Arcanine|Intimidate|boost\n|-unboost|p1a: Caracol|atk|1\n|-unboost|p1b: Krampus|atk|1\n|turn|1\n|\n|t:|1700709054\n|move|p2b: Tornadus|Taunt|p1a: Caracol\n|-start|p1a: Caracol|move: Taunt\n|move|p1b: Krampus|Reflect|p1b: Krampus\n|-sidestart|p1: JohanDK|Reflect\n|move|p2a: Arcanine|Flare Blitz|p1b: Krampus\n|-damage|p1b: Krampus|41\/100\n|-damage|p2a: Arcanine|81\/100|[from] Recoil\n|move|p1a: Caracol|Body Press|p2a: Arcanine\n|-supereffective|p2a: Arcanine\n|-damage|p2a: Arcanine|27\/100\n|\n|upkeep\n|turn|2\n|\n|t:|1700709075\n|switch|p2a: Flutter Mane|Flutter Mane, L50|100\/100\n|move|p1b: Krampus|Parting Shot|p2a: Flutter Mane\n|-unboost|p2a: Flutter Mane|atk|1\n|-unboost|p2a: Flutter Mane|spa|1\n|\n|t:|1700709085\n|switch|p1b: Yveltalcito|Moltres-Galar, L50|100\/100|[from] Parting Shot\n|move|p2b: Tornadus|Bleakwind Storm|p1b: Yveltalcito|[spread] p1a,p1b\n|-resisted|p1a: Caracol\n|-damage|p1a: Caracol|91\/100\n|-damage|p1b: Yveltalcito|78\/100\n|-unboost|p1a: Caracol|spe|1\n|-unboost|p1b: Yveltalcito|spe|1\n|move|p1a: Caracol|Body Press|p2a: Flutter Mane\n|-immune|p2a: Flutter Mane\n|\n|-heal|p1a: Caracol|97\/100|[from] item: Leftovers\n|upkeep\n|turn|3\n|\n|t:|1700709105\n|-end|p2a: Flutter Mane|Protosynthesis|[silent]\n|switch|p2a: Arcanine|Arcanine-Hisui, L50, M|27\/100\n|-ability|p2a: Arcanine|Intimidate|boost\n|-unboost|p1a: Caracol|atk|1\n|-unboost|p1b: Yveltalcito|atk|1\n|-terastallize|p1b: Yveltalcito|Poison\n|move|p2b: Tornadus|Bleakwind Storm|p1a: Caracol|[spread] p1a,p1b\n|-resisted|p1a: Caracol\n|-damage|p1a: Caracol|87\/100\n|-damage|p1b: Yveltalcito|56\/100\n|move|p1b: Yveltalcito|Tailwind|p1b: Yveltalcito\n|-sidestart|p1: JohanDK|move: Tailwind\n|move|p1a: Caracol|Heavy Slam|p2a: Arcanine\n|-damage|p2a: Arcanine|20\/100\n|\n|-heal|p1a: Caracol|93\/100|[from] item: Leftovers\n|-end|p1a: Caracol|move: Taunt\n|upkeep\n|turn|4\n|inactive|hkjjk has 30 seconds left.\n|\n|t:|1700709134\n|move|p2b: Tornadus|Tailwind|p2b: Tornadus\n|-sidestart|p2: hkjjk|move: Tailwind\n|move|p2a: Arcanine|Head Smash|p1b: Yveltalcito\n|-crit|p1b: Yveltalcito\n|-damage|p1b: Yveltalcito|0 fnt\n|faint|p1b: Yveltalcito\n|-damage|p2a: Arcanine|0 fnt|[from] Recoil\n|faint|p2a: Arcanine\n|move|p1a: Caracol|Acid Armor|p1a: Caracol\n|-boost|p1a: Caracol|def|2\n|\n|-heal|p1a: Caracol|99\/100|[from] item: Leftovers\n|upkeep\n|\n|t:|1700709150\n|switch|p1b: Krampus|Grimmsnarl, L50, M, shiny|41\/100\n|switch|p2a: Iron Hands|Iron Hands, L50|100\/100\n|turn|5\n|\n|t:|1700709168\n|move|p2a: Iron Hands|Fake Out|p1b: Krampus\n|-damage|p1b: Krampus|31\/100\n|move|p2b: Tornadus|Taunt|p1a: Caracol\n|-start|p1a: Caracol|move: Taunt\n|cant|p1b: Krampus|flinch\n|move|p1a: Caracol|Body Press|p2a: Iron Hands\n|-crit|p2a: Iron Hands\n|-damage|p2a: Iron Hands|53\/100\n|\n|-heal|p1a: Caracol|100\/100|[from] item: Leftovers\n|upkeep\n|turn|6\n|\n|t:|1700709191\n|-end|p2a: Iron Hands|Quark Drive|[silent]\n|switch|p2a: Flutter Mane|Flutter Mane, L50|100\/100\n|move|p1b: Krampus|Light Screen|p1b: Krampus\n|-sidestart|p1: JohanDK|move: Light Screen\n|move|p2b: Tornadus|Bleakwind Storm|p1b: Krampus|[spread] p1a,p1b\n|-resisted|p1a: Caracol\n|-damage|p1a: Caracol|94\/100\n|-damage|p1b: Krampus|13\/100\n|-unboost|p1a: Caracol|spe|1\n|move|p1a: Caracol|Body Press|p2a: Flutter Mane\n|-immune|p2a: Flutter Mane\n|\n|-heal|p1a: Caracol|99\/100|[from] item: Leftovers\n|-sideend|p1: JohanDK|move: Tailwind\n|upkeep\n|turn|7\n|\n|t:|1700709211\n|-end|p2a: Flutter Mane|Protosynthesis|[silent]\n|switch|p2a: Iron Hands|Iron Hands, L50|53\/100\n|move|p1b: Krampus|Parting Shot|p2b: Tornadus\n|-unboost|p2b: Tornadus|atk|1\n|-unboost|p2b: Tornadus|spa|1\n|\n|t:|1700709217\n|switch|p1b: Chai|Sinistcha-Masterpiece, L50|100\/100|[from] Parting Shot\n|-heal|p1a: Caracol|100\/100|[from] ability: Hospitality|[of] p1b: Chai\n|move|p2b: Tornadus|Bleakwind Storm|p1a: Caracol|[spread] p1a,p1b\n|-resisted|p1a: Caracol\n|-supereffective|p1b: Chai\n|-damage|p1a: Caracol|96\/100\n|-damage|p1b: Chai|67\/100\n|-unboost|p1b: Chai|spe|1\n|move|p1a: Caracol|Heavy Slam|p2a: Iron Hands\n|-resisted|p2a: Iron Hands\n|-damage|p2a: Iron Hands|50\/100\n|\n|-heal|p1a: Caracol|100\/100|[from] item: Leftovers\n|-end|p1a: Caracol|move: Taunt\n|-sideend|p2: hkjjk|move: Tailwind\n|upkeep\n|turn|8\n|\n|t:|1700709244\n|-end|p2a: Iron Hands|Quark Drive|[silent]\n|switch|p2a: Flutter Mane|Flutter Mane, L50|100\/100\n|move|p2b: Tornadus|Taunt|p1b: Chai\n|-start|p1b: Chai|move: Taunt\n|move|p1b: Chai|Matcha Gotcha|p2b: Tornadus|[spread] p2b\n|-miss|p1b: Chai|p2a: Flutter Mane\n|-resisted|p2b: Tornadus\n|-damage|p2b: Tornadus|88\/100\n|-heal|p1b: Chai|73\/100|[from] drain|[of] p2b: Tornadus\n|move|p1a: Caracol|Body Press|p2b: Tornadus\n|-resisted|p2b: Tornadus\n|-damage|p2b: Tornadus|67\/100\n|\n|-sideend|p1: JohanDK|Reflect\n|upkeep\n|turn|9\n|inactive|hkjjk has 30 seconds left.\n|\n|t:|1700709270\n|switch|p1b: Krampus|Grimmsnarl, L50, M, shiny|13\/100\n|move|p2b: Tornadus|Taunt|p1a: Caracol\n|-start|p1a: Caracol|move: Taunt\n|move|p2a: Flutter Mane|Shadow Ball|p1b: Krampus\n|-resisted|p1b: Krampus\n|-damage|p1b: Krampus|0 fnt\n|faint|p1b: Krampus\n|move|p1a: Caracol|Heavy Slam|p2a: Flutter Mane\n|-supereffective|p2a: Flutter Mane\n|-damage|p2a: Flutter Mane|47\/100\n|\n|upkeep\n|\n|t:|1700709285\n|switch|p1b: Chai|Sinistcha-Masterpiece, L50|73\/100\n|turn|10\n|\n|t:|1700709294\n|move|p1b: Chai|Protect|p1b: Chai\n|-singleturn|p1b: Chai|Protect\n|move|p2a: Flutter Mane|Shadow Ball|p1b: Chai\n|-activate|p1b: Chai|move: Protect\n|move|p2b: Tornadus|Bleakwind Storm|p1b: Chai|[spread] p1a\n|-activate|p1b: Chai|move: Protect\n|-resisted|p1a: Caracol\n|-damage|p1a: Caracol|96\/100\n|move|p1a: Caracol|Heavy Slam|p2a: Flutter Mane\n|-supereffective|p2a: Flutter Mane\n|-damage|p2a: Flutter Mane|0 fnt\n|faint|p2a: Flutter Mane\n|-end|p2a: Flutter Mane|Protosynthesis|[silent]\n|\n|-heal|p1a: Caracol|100\/100|[from] item: Leftovers\n|upkeep\n|-message|hkjjk forfeited.\n|\n|win|JohanDK\n|raw|JohanDK's rating: 1484 &rarr; <strong>1501<\/strong><br \/>(+17 for winning)\n|raw|hkjjk's rating: 1431 &rarr; <strong>1414<\/strong><br \/>(-17 for losing)\n|l|\u2606hkjjk\n","uploadtime":1700709324,"views":8,"p1id":"johandk","p2id":"hkjjk","formatid":"gen9vgc2023regulatione","rating":1414,"private":0,"password":""}