{"id":"gen9vgc2023regulatione-1997750089","p1":"TheOrthwormJim","p2":"dcfghuijmhbg","format":"[Gen 9] VGC 2023 Regulation E","log":"|j|\u2606TheOrthwormJim\n|j|\u2606dcfghuijmhbg\n|t:|1700848671\n|gametype|doubles\n|player|p1|TheOrthwormJim|larry|1196\n|player|p2|dcfghuijmhbg|266|1210\n|teamsize|p1|6\n|teamsize|p2|6\n|gen|9\n|tier|[Gen 9] VGC 2023 Regulation E\n|rated|\n|rule|Species Clause: Limit one of each Pok\u00e9mon\n|rule|Item Clause: Limit one of each item\n|clearpoke\n|poke|p1|Dugtrio, L50, M|\n|poke|p1|Dragonite, L50, F|\n|poke|p1|Chien-Pao, L50|\n|poke|p1|Chi-Yu, L50|\n|poke|p1|Murkrow, L50, F|\n|poke|p1|Gholdengo, L50|\n|poke|p2|Arcanine, L50, F|\n|poke|p2|Roaring Moon, L50|\n|poke|p2|Iron Hands, L50|\n|poke|p2|Ogerpon, L50, F|\n|poke|p2|Gastrodon-East, L50, F|\n|poke|p2|Sylveon, L50, M|\n|teampreview|4\n|inactive|Battle timer is ON: inactive players will automatically lose when time's up. (requested by TheOrthwormJim)\n|inactive|dcfghuijmhbg has 60 seconds left.\n|\n|t:|1700848722\n|start\n|switch|p1a: Murkrow|Murkrow, L50, F|100\/100\n|switch|p1b: Chien-Pao|Chien-Pao, L50|100\/100\n|switch|p2a: Arcanine|Arcanine, L50, F|100\/100\n|switch|p2b: Roaring Moon|Roaring Moon, L50, shiny|100\/100\n|-ability|p1b: Chien-Pao|Sword of Ruin\n|-ability|p2a: Arcanine|Intimidate|boost\n|-unboost|p1a: Murkrow|atk|1\n|-unboost|p1b: Chien-Pao|atk|1\n|-enditem|p2b: Roaring Moon|Booster Energy\n|-activate|p2b: Roaring Moon|ability: Protosynthesis|[fromitem]\n|-start|p2b: Roaring Moon|protosynthesisspe\n|turn|1\n|inactive|dcfghuijmhbg has 30 seconds left.\n|\n|t:|1700848752\n|-terastallize|p2b: Roaring Moon|Poison\n|move|p1a: Murkrow|Tailwind|p1a: Murkrow\n|-sidestart|p1: TheOrthwormJim|move: Tailwind\n|move|p1b: Chien-Pao|Icicle Crash|p2b: Roaring Moon|[miss]\n|-miss|p1b: Chien-Pao|p2b: Roaring Moon\n|move|p2b: Roaring Moon|Tailwind|p2b: Roaring Moon\n|-sidestart|p2: dcfghuijmhbg|move: Tailwind\n|move|p2a: Arcanine|Will-O-Wisp|p1b: Chien-Pao\n|-status|p1b: Chien-Pao|brn\n|\n|-damage|p1b: Chien-Pao|95\/100 brn|[from] brn\n|upkeep\n|turn|2\n|\n|t:|1700848774\n|move|p2b: Roaring Moon|Breaking Swipe|p1a: Murkrow|[spread] p1a,p1b\n|-damage|p1a: Murkrow|65\/100\n|-damage|p1b: Chien-Pao|64\/100 brn\n|-unboost|p1a: Murkrow|atk|1\n|-unboost|p1b: Chien-Pao|atk|1\n|move|p1b: Chien-Pao|Sacred Sword|p2b: Roaring Moon\n|-resisted|p2b: Roaring Moon\n|-damage|p2b: Roaring Moon|94\/100\n|move|p2a: Arcanine|Howl|p2a: Arcanine|[spread] p2a,p2b\n|-boost|p2a: Arcanine|atk|1\n|-boost|p2b: Roaring Moon|atk|1\n|move|p1a: Murkrow|Foul Play|p2b: Roaring Moon\n|-damage|p2b: Roaring Moon|0 fnt\n|faint|p2b: Roaring Moon\n|-end|p2b: Roaring Moon|Protosynthesis|[silent]\n|\n|-damage|p1b: Chien-Pao|58\/100 brn|[from] brn\n|upkeep\n|\n|t:|1700848794\n|switch|p2b: Sylveon|Sylveon, L50, M|100\/100\n|turn|3\n|\n|t:|1700848809\n|-terastallize|p1a: Murkrow|Poison\n|move|p1b: Chien-Pao|Protect|p1b: Chien-Pao\n|-singleturn|p1b: Chien-Pao|Protect\n|move|p2a: Arcanine|Flare Blitz|p1b: Chien-Pao\n|-activate|p1b: Chien-Pao|move: Protect\n|move|p1a: Murkrow|Foul Play|p2a: Arcanine\n|-damage|p2a: Arcanine|15\/100\n|move|p2b: Sylveon|Hyper Voice|p1a: Murkrow|[spread] p1a\n|-activate|p1b: Chien-Pao|move: Protect\n|-resisted|p1a: Murkrow\n|-damage|p1a: Murkrow|36\/100\n|\n|-damage|p1b: Chien-Pao|52\/100 brn|[from] brn\n|upkeep\n|turn|4\n|inactive|dcfghuijmhbg has 30 seconds left.\n|\n|t:|1700848834\n|move|p1b: Chien-Pao|Icicle Crash|p2b: Sylveon\n|-damage|p2b: Sylveon|86\/100\n|move|p2a: Arcanine|Flare Blitz|p1a: Murkrow\n|-damage|p1a: Murkrow|0 fnt\n|faint|p1a: Murkrow\n|-damage|p2a: Arcanine|4\/100|[from] Recoil\n|move|p2b: Sylveon|Hyper Voice|p1b: Chien-Pao\n|-supereffective|p1b: Chien-Pao\n|-damage|p1b: Chien-Pao|0 fnt\n|faint|p1b: Chien-Pao\n|\n|-sideend|p1: TheOrthwormJim|move: Tailwind\n|-sideend|p2: dcfghuijmhbg|move: Tailwind\n|upkeep\n|\n|t:|1700848841\n|switch|p1b: Chi-Yu|Chi-Yu, L50|100\/100\n|switch|p1a: Dragonite|Dragonite, L50, F, shiny|100\/100\n|-ability|p1b: Chi-Yu|Beads of Ruin\n|turn|5\n|\n|t:|1700848859\n|move|p1a: Dragonite|Extreme Speed|p2a: Arcanine\n|-damage|p2a: Arcanine|0 fnt\n|faint|p2a: Arcanine\n|move|p1b: Chi-Yu|Heat Wave|p2b: Sylveon|[miss]\n|-miss|p1b: Chi-Yu|p2b: Sylveon\n|move|p2b: Sylveon|Hyper Voice|p1a: Dragonite|[spread] p1a,p1b\n|-supereffective|p1a: Dragonite\n|-damage|p1a: Dragonite|27\/100\n|-damage|p1b: Chi-Yu|35\/100\n|\n|upkeep\n|\n|t:|1700848869\n|switch|p2a: Gastrodon|Gastrodon-East, L50, F|100\/100\n|turn|6\n|\n|t:|1700848879\n|move|p1a: Dragonite|Extreme Speed|p2b: Sylveon\n|-damage|p2b: Sylveon|49\/100\n|move|p1b: Chi-Yu|Heat Wave|p2a: Gastrodon|[spread] p2a,p2b\n|-resisted|p2a: Gastrodon\n|-damage|p2a: Gastrodon|69\/100\n|-damage|p2b: Sylveon|0 fnt\n|faint|p2b: Sylveon\n|move|p2a: Gastrodon|Icy Wind|p1a: Dragonite|[spread] p1a,p1b\n|-supereffective|p1a: Dragonite\n|-resisted|p1b: Chi-Yu\n|-damage|p1a: Dragonite|0 fnt\n|-damage|p1b: Chi-Yu|29\/100\n|-unboost|p1b: Chi-Yu|spe|1\n|faint|p1a: Dragonite\n|\n|upkeep\n|turn|7\n|c|\u2606TheOrthwormJim|ggs\n|\n|t:|1700848894\n|move|p2a: Gastrodon|Protect|p2a: Gastrodon\n|-singleturn|p2a: Gastrodon|Protect\n|move|p1b: Chi-Yu|Heat Wave|p2a: Gastrodon\n|-activate|p2a: Gastrodon|move: Protect\n|\n|upkeep\n|turn|8\n|\n|t:|1700848900\n|move|p1b: Chi-Yu|Heat Wave|p2a: Gastrodon\n|-resisted|p2a: Gastrodon\n|-damage|p2a: Gastrodon|27\/100\n|-enditem|p2a: Gastrodon|Sitrus Berry|[eat]\n|-heal|p2a: Gastrodon|52\/100|[from] item: Sitrus Berry\n|move|p2a: Gastrodon|Earth Power|p1b: Chi-Yu\n|-supereffective|p1b: Chi-Yu\n|-damage|p1b: Chi-Yu|0 fnt\n|faint|p1b: Chi-Yu\n|\n|win|dcfghuijmhbg\n|raw|TheOrthwormJim's rating: 1196 &rarr; <strong>1172<\/strong><br \/>(-24 for losing)\n|raw|dcfghuijmhbg's rating: 1210 &rarr; <strong>1234<\/strong><br \/>(+24 for winning)\n|l|\u2606TheOrthwormJim\n","uploadtime":1700848993,"views":9,"p1id":"theorthwormjim","p2id":"dcfghuijmhbg","formatid":"gen9vgc2023regulatione","rating":1172,"private":0,"password":""}