{"id":"gen9vgc2023regulatione-1994578951","p1":"kidturtle","p2":"InfiRed","format":"[Gen 9] VGC 2023 Regulation E","log":"|j|\u2606kidturtle\n|j|\u2606InfiRed\n|t:|1700463299\n|gametype|doubles\n|player|p1|kidturtle|hoopster|\n|player|p2|InfiRed|ghetsis|\n|teamsize|p1|6\n|teamsize|p2|6\n|gen|9\n|tier|[Gen 9] VGC 2023 Regulation E\n|rated|Tournament battle\n|rule|Species Clause: Limit one of each Pok\u00e9mon\n|rule|Item Clause: Limit one of each item\n|clearpoke\n|poke|p1|Landorus-Therian, L50, M|\n|poke|p1|Flutter Mane, L50|\n|poke|p1|Heatran, L50, F|\n|poke|p1|Cresselia, L50, F|\n|poke|p1|Iron Hands, L50|\n|poke|p1|Ursaluna, L50, M|\n|poke|p2|Dragalge, L50, F|\n|poke|p2|Cresselia, L50, F|\n|poke|p2|Kingambit, L50, M|\n|poke|p2|Heatran, L50, F|\n|poke|p2|Gyarados, L50, F|\n|poke|p2|Rillaboom, L50, M|\n|teampreview|4\n|showteam|p1|Landorus-Therian||ChoiceScarf|Intimidate|StompingTantrum,TeraBlast,RockSlide,Uturn|||M|||50|,,,,,Flying]Flutter Mane||ChoiceSpecs|Protosynthesis|Moonblast,DazzlingGleam,ShadowBall,MistyTerrain||||||50|,,,,,Fairy]Heatran||LifeOrb|FlashFire|HeatWave,FlashCannon,EarthPower,Protect|||F|||50|,,,,,Grass]Cresselia||MentalHerb|Levitate|IceBeam,AllySwitch,TrickRoom,LunarBlessing|||F|||50|,,,,,Fairy]Iron Hands||AssaultVest|QuarkDrive|HeavySlam,DrainPunch,WildCharge,FakeOut||||||50|,,,,,Fire]Ursaluna||FlameOrb|Guts|Protect,SwordsDance,Facade,Earthquake|||M|||50|,,,,,Ghost\n|showteam|p2|Dragalge||LifeOrb|Adaptability|SludgeBomb,DracoMeteor,HydroPump,Protect|||F|||50|,,,,,Water]Cresselia||MentalHerb|Levitate|LunarBlessing,TrickRoom,Psyshock,Moonblast|||F|||50|,,,,,Fairy]Kingambit||AssaultVest|Defiant|KowtowCleave,SuckerPunch,IronHead,TeraBlast|||M|||50|,,,,,Fairy]Heatran||Leftovers|FlashFire|MagmaStorm,FlashCannon,EarthPower,Protect|||F|||50|,,,,,Fairy]Gyarados||SitrusBerry|Intimidate|Waterfall,Taunt,TeraBlast,Protect|||F|||50|,,,,,Flying]Rillaboom||MiracleSeed|GrassySurge|FakeOut,WoodHammer,HighHorsepower,GrassyGlide|||M|||50|,,,,,Dragon\n|inactive|Battle timer is ON: inactive players will automatically lose when time's up. (requested by InfiRed)\n|c|\u2606InfiRed|gl\n|j|%Radio Free C-Side\n|c|\u2606kidturtle|thx u 2\n|j| FatalEspresso\n|inactive|kidturtle has 60 seconds left.\n|\n|t:|1700463349\n|start\n|switch|p1a: Iron Hands|Iron Hands, L50|100\/100\n|switch|p1b: Cresselia|Cresselia, L50, F|100\/100\n|switch|p2a: Kingambit|Kingambit, L50, M|100\/100\n|switch|p2b: Gyarados|Gyarados, L50, F|100\/100\n|-ability|p2b: Gyarados|Intimidate|boost\n|-unboost|p1a: Iron Hands|atk|1\n|-unboost|p1b: Cresselia|atk|1\n|turn|1\n|inactive|kidturtle has 30 seconds left.\n|\n|t:|1700463379\n|switch|p2b: Dragalge|Dragalge, L50, F|100\/100\n|-terastallize|p2a: Kingambit|Fairy\n|move|p1a: Iron Hands|Fake Out|p2a: Kingambit\n|-damage|p2a: Kingambit|92\/100\n|cant|p2a: Kingambit|flinch\n|move|p1b: Cresselia|Trick Room|p1b: Cresselia\n|-fieldstart|move: Trick Room|[of] p1b: Cresselia\n|\n|upkeep\n|turn|2\n|inactive|kidturtle has 30 seconds left.\n|\n|t:|1700463407\n|switch|p1b: Ursaluna|Ursaluna, L50, M|100\/100\n|move|p2b: Dragalge|Sludge Bomb|p1b: Ursaluna\n|-resisted|p1b: Ursaluna\n|-damage|p1b: Ursaluna|69\/100\n|-status|p1b: Ursaluna|psn\n|-damage|p2b: Dragalge|91\/100|[from] item: Life Orb\n|move|p2a: Kingambit|Kowtow Cleave|p1b: Ursaluna\n|-damage|p1b: Ursaluna|35\/100 psn\n|move|p1a: Iron Hands|Heavy Slam|p2a: Kingambit\n|-supereffective|p2a: Kingambit\n|-damage|p2a: Kingambit|63\/100\n|\n|-damage|p1b: Ursaluna|23\/100 psn|[from] psn\n|upkeep\n|turn|3\n|\n|t:|1700463420\n|switch|p2b: Gyarados|Gyarados, L50, F|100\/100\n|-ability|p2b: Gyarados|Intimidate|boost\n|-unboost|p1a: Iron Hands|atk|1\n|-unboost|p1b: Ursaluna|atk|1\n|switch|p2a: Rillaboom|Rillaboom, L50, M|100\/100\n|-fieldstart|move: Grassy Terrain|[from] ability: Grassy Surge|[of] p2a: Rillaboom\n|-end|p1a: Iron Hands|Quark Drive|[silent]\n|switch|p1a: Cresselia|Cresselia, L50, F|100\/100\n|move|p1b: Ursaluna|Protect||[still]\n|-fail|p1b: Ursaluna\n|\n|-heal|p1b: Ursaluna|29\/100 psn|[from] Grassy Terrain\n|-damage|p1b: Ursaluna|17\/100 psn|[from] psn\n|upkeep\n|turn|4\n|inactive|kidturtle has 30 seconds left.\n|inactive|kidturtle has 20 seconds left.\n|l|%Radio Free C-Side\n|inactive|kidturtle has 15 seconds left.\n|\n|t:|1700463464\n|switch|p1b: Landorus|Landorus-Therian, L50, M|100\/100\n|-ability|p1b: Landorus|Intimidate|boost\n|-unboost|p2a: Rillaboom|atk|1\n|-unboost|p2b: Gyarados|atk|1\n|move|p2a: Rillaboom|Grassy Glide|p1b: Landorus\n|-damage|p1b: Landorus|63\/100\n|move|p2b: Gyarados|Taunt|p1a: Cresselia\n|-start|p1a: Cresselia|move: Taunt\n|-enditem|p1a: Cresselia|Mental Herb\n|-end|p1a: Cresselia|move: Taunt\n|move|p1a: Cresselia|Ice Beam|p2a: Rillaboom\n|-supereffective|p2a: Rillaboom\n|-damage|p2a: Rillaboom|68\/100\n|\n|-heal|p2a: Rillaboom|73\/100|[from] Grassy Terrain\n|upkeep\n|turn|5\n|\n|t:|1700463487\n|switch|p1a: Iron Hands|Iron Hands, L50|100\/100\n|-terastallize|p1b: Landorus|Flying\n|move|p2b: Gyarados|Waterfall|p1a: Iron Hands\n|-damage|p1a: Iron Hands|82\/100\n|move|p2a: Rillaboom|Wood Hammer|p1a: Iron Hands\n|-damage|p1a: Iron Hands|37\/100\n|-damage|p2a: Rillaboom|57\/100|[from] Recoil\n|move|p1b: Landorus|Tera Blast|p2a: Rillaboom|[anim] Tera Blast Flying\n|-supereffective|p2a: Rillaboom\n|-damage|p2a: Rillaboom|0 fnt\n|faint|p2a: Rillaboom\n|\n|-heal|p1a: Iron Hands|43\/100|[from] Grassy Terrain\n|-fieldend|move: Trick Room\n|upkeep\n|\n|t:|1700463503\n|switch|p2a: Dragalge|Dragalge, L50, F|91\/100\n|turn|6\n|\n|t:|1700463525\n|switch|p2b: Kingambit|Kingambit, L50, M, tera:Fairy|63\/100\n|move|p2a: Dragalge|Protect|p2a: Dragalge\n|-singleturn|p2a: Dragalge|Protect\n|move|p1b: Landorus|Tera Blast|p2a: Dragalge|[anim] Tera Blast Flying\n|-activate|p2a: Dragalge|move: Protect\n|move|p1a: Iron Hands|Wild Charge|p2b: Kingambit\n|-damage|p2b: Kingambit|23\/100\n|-damage|p1a: Iron Hands|35\/100|[from] Recoil\n|\n|-heal|p1a: Iron Hands|40\/100|[from] Grassy Terrain\n|-heal|p2b: Kingambit|29\/100|[from] Grassy Terrain\n|-heal|p2a: Dragalge|97\/100|[from] Grassy Terrain\n|upkeep\n|turn|7\n|\n|t:|1700463546\n|switch|p2b: Gyarados|Gyarados, L50, F|100\/100\n|-ability|p2b: Gyarados|Intimidate|boost\n|-unboost|p1a: Iron Hands|atk|1\n|-unboost|p1b: Landorus|atk|1\n|move|p1b: Landorus|Tera Blast|p2b: Gyarados|[anim] Tera Blast Flying\n|-damage|p2b: Gyarados|54\/100\n|move|p1a: Iron Hands|Wild Charge|p2b: Gyarados\n|-supereffective|p2b: Gyarados\n|-damage|p2b: Gyarados|0 fnt\n|faint|p2b: Gyarados\n|-damage|p1a: Iron Hands|29\/100|[from] Recoil\n|move|p2a: Dragalge|Sludge Bomb|p1b: Landorus\n|-damage|p1b: Landorus|0 fnt\n|faint|p1b: Landorus\n|-damage|p2a: Dragalge|87\/100|[from] item: Life Orb\n|\n|-heal|p1a: Iron Hands|35\/100|[from] Grassy Terrain\n|-heal|p2a: Dragalge|93\/100|[from] Grassy Terrain\n|-fieldend|move: Grassy Terrain\n|upkeep\n|\n|t:|1700463561\n|switch|p1b: Cresselia|Cresselia, L50, F|100\/100\n|switch|p2b: Kingambit|Kingambit, L50, M, tera:Fairy|29\/100\n|turn|8\n|j| Fair Playz Gamer\n|\n|t:|1700463573\n|move|p1a: Iron Hands|Heavy Slam|p2b: Kingambit\n|-supereffective|p2b: Kingambit\n|-damage|p2b: Kingambit|0 fnt\n|faint|p2b: Kingambit\n|move|p2a: Dragalge|Sludge Bomb|p1a: Iron Hands\n|-damage|p1a: Iron Hands|0 fnt\n|faint|p1a: Iron Hands\n|-end|p1a: Iron Hands|Quark Drive|[silent]\n|-damage|p2a: Dragalge|84\/100|[from] item: Life Orb\n|move|p1b: Cresselia|Trick Room|p1b: Cresselia\n|-fieldstart|move: Trick Room|[of] p1b: Cresselia\n|\n|upkeep\n|\n|t:|1700463579\n|switch|p1a: Ursaluna|Ursaluna, L50, M|17\/100 psn\n|turn|9\n|j| moonybunny\n|\n|t:|1700463595\n|move|p1a: Ursaluna|Protect|p1a: Ursaluna\n|-singleturn|p1a: Ursaluna|Protect\n|move|p2a: Dragalge|Sludge Bomb|p1b: Cresselia\n|-damage|p1b: Cresselia|59\/100\n|-damage|p2a: Dragalge|74\/100|[from] item: Life Orb\n|move|p1b: Cresselia|Lunar Blessing|p1b: Cresselia|[spread] p1a,p1b\n|-heal|p1a: Ursaluna|41\/100 psn\n|-curestatus|p1a: Ursaluna|psn|[msg]\n|-heal|p1b: Cresselia|84\/100\n|\n|-status|p1a: Ursaluna|brn|[from] item: Flame Orb\n|upkeep\n|turn|10\n|\n|t:|1700463612\n|move|p2a: Dragalge|Hydro Pump|p1a: Ursaluna\n|-supereffective|p1a: Ursaluna\n|-damage|p1a: Ursaluna|0 fnt\n|faint|p1a: Ursaluna\n|-damage|p2a: Dragalge|65\/100|[from] item: Life Orb\n|move|p1b: Cresselia|Ice Beam|p2a: Dragalge\n|-supereffective|p2a: Dragalge\n|-damage|p2a: Dragalge|34\/100\n|\n|upkeep\n|turn|11\n|c|\u2606InfiRed|gg\n|c|\u2606kidturtle|gg\n|c| Fair Playz Gamer|Oo\n|\n|t:|1700463626\n|move|p2a: Dragalge|Draco Meteor|p1b: Cresselia\n|-damage|p1b: Cresselia|23\/100\n|-unboost|p2a: Dragalge|spa|2\n|-damage|p2a: Dragalge|25\/100|[from] item: Life Orb\n|move|p1b: Cresselia|Ice Beam|p2a: Dragalge\n|-supereffective|p2a: Dragalge\n|-damage|p2a: Dragalge|0 fnt\n|faint|p2a: Dragalge\n|\n|win|kidturtle\n|n|\u2606kidturtle|kidturtle\n|n|\u2606InfiRed|infired\n|n| FatalEspresso|fatalespresso\n|n| Fair Playz Gamer|fairplayzgamer\n|n| moonybunny|moonybunny\n|l| moonybunny\n","uploadtime":1700463637,"views":6,"p1id":"kidturtle","p2id":"infired","formatid":"gen9vgc2023regulatione","rating":0,"private":0,"password":""}