{"id":"gen9vgc2023regulatione-1994511026","p1":"NME123","p2":"ReTurnip","format":"[Gen 9] VGC 2023 Regulation E","log":"|j|\u2606NME123\n|j|\u2606ReTurnip\n|t:|1700452632\n|gametype|doubles\n|player|p1|NME123|winona|1168\n|player|p2|ReTurnip|drayden|1071\n|teamsize|p1|6\n|teamsize|p2|6\n|gen|9\n|tier|[Gen 9] VGC 2023 Regulation E\n|rated|\n|rule|Species Clause: Limit one of each Pok\u00e9mon\n|rule|Item Clause: Limit one of each item\n|clearpoke\n|poke|p1|Rillaboom, L50, F|\n|poke|p1|Sneasler, L50, M|\n|poke|p1|Chi-Yu, L50|\n|poke|p1|Urshifu-*, L50, F|\n|poke|p1|Farigiraf, L50, F|\n|poke|p1|Tornadus, L50, M|\n|poke|p2|Dudunsparce-*, L50, M|\n|poke|p2|Jolteon, L50, M|\n|poke|p2|Noivern, L50, M|\n|poke|p2|Sinistcha-Masterpiece, L50|\n|poke|p2|Iron Hands, L50|\n|poke|p2|Kingambit, L50, M|\n|teampreview|4\nReTurnip has agreed to open team sheets.\nNME123 has agreed to open team sheets.\n|\n|t:|1700452678\n|start\n|switch|p1a: Tornadus|Tornadus, L50, M|100\/100\n|switch|p1b: Urshifu|Urshifu-Rapid-Strike, L50, F|100\/100\n|switch|p2a: Dudunsparce|Dudunsparce-Three-Segment, L50, M, shiny|100\/100\n|switch|p2b: Jolteon|Jolteon, L50, M|100\/100\n|turn|1\n|\n|t:|1700452693\n|-terastallize|p1a: Tornadus|Ghost\n|-terastallize|p2a: Dudunsparce|Normal\n|move|p1a: Tornadus|Tailwind|p1a: Tornadus\n|-sidestart|p1: NME123|move: Tailwind\n|move|p1b: Urshifu|Surging Strikes|p2b: Jolteon\n|-crit|p2b: Jolteon\n|-damage|p2b: Jolteon|65\/100\n|-crit|p2b: Jolteon\n|-damage|p2b: Jolteon|30\/100\n|-crit|p2b: Jolteon\n|-damage|p2b: Jolteon|0 fnt\n|faint|p2b: Jolteon\n|-hitcount|p2: Jolteon|3\n|move|p2a: Dudunsparce|Boomburst|p1b: Urshifu|[spread] p1b\n|-immune|p1a: Tornadus\n|-enditem|p2a: Dudunsparce|Normal Gem|[from] gem\n|-damage|p1b: Urshifu|0 fnt\n|faint|p1b: Urshifu\n|\n|upkeep\n|\n|t:|1700452716\n|switch|p2b: Iron Hands|Iron Hands, L50|100\/100\n|switch|p1b: Chi-Yu|Chi-Yu, L50|100\/100\n|-ability|p1b: Chi-Yu|Beads of Ruin\n|turn|2\n|\n|t:|1700452742\n|move|p1b: Chi-Yu|Protect|p1b: Chi-Yu\n|-singleturn|p1b: Chi-Yu|Protect\n|move|p2b: Iron Hands|Fake Out|p1b: Chi-Yu\n|-activate|p1b: Chi-Yu|move: Protect\n|move|p1a: Tornadus|Bleakwind Storm|p2a: Dudunsparce|[spread] p2b\n|-miss|p1a: Tornadus|p2a: Dudunsparce\n|-damage|p2b: Iron Hands|78\/100\n|move|p2a: Dudunsparce|Earth Power|p1a: Tornadus\n|-damage|p1a: Tornadus|60\/100\n|\n|upkeep\n|turn|3\n|\n|t:|1700452761\n|move|p1a: Tornadus|Bleakwind Storm|p2b: Iron Hands|[spread] p2a,p2b\n|-damage|p2a: Dudunsparce|48\/100\n|-damage|p2b: Iron Hands|55\/100\n|move|p1b: Chi-Yu|Overheat|p2a: Dudunsparce\n|-damage|p2a: Dudunsparce|0 fnt\n|-unboost|p1b: Chi-Yu|spa|2\n|faint|p2a: Dudunsparce\n|move|p2b: Iron Hands|Wild Charge|p1a: Tornadus\n|-damage|p1a: Tornadus|1\/100\n|-damage|p2b: Iron Hands|38\/100|[from] item: Rocky Helmet|[of] p1a: Tornadus\n|-damage|p2b: Iron Hands|27\/100|[from] Recoil\n|\n|upkeep\n|\n|t:|1700452770\n|switch|p2a: Cha Cha Cha|Sinistcha-Masterpiece, L50|100\/100\n|-heal|p2b: Iron Hands|52\/100|[from] ability: Hospitality|[of] p2a: Cha Cha Cha\n|turn|4\n|\n|t:|1700452790\n|switch|p1b: Rillaboom|Rillaboom, L50, F|100\/100\n|-fieldstart|move: Grassy Terrain|[from] ability: Grassy Surge|[of] p1b: Rillaboom\n|move|p1a: Tornadus|Bleakwind Storm|p2b: Iron Hands|[spread] p2b\n|-miss|p1a: Tornadus|p2a: Cha Cha Cha\n|-damage|p2b: Iron Hands|35\/100\n|move|p2a: Cha Cha Cha|Matcha Gotcha|p1b: Rillaboom|[spread] p1a,p1b\n|-resisted|p1b: Rillaboom\n|-damage|p1a: Tornadus|0 fnt\n|-damage|p1b: Rillaboom|91\/100\n|-status|p1b: Rillaboom|brn\n|faint|p1a: Tornadus\n|move|p2b: Iron Hands|Drain Punch|p1b: Rillaboom\n|-damage|p1b: Rillaboom|47\/100 brn\n|-heal|p2b: Iron Hands|52\/100|[from] drain|[of] p1b: Rillaboom\n|\n|-heal|p1b: Rillaboom|53\/100 brn|[from] Grassy Terrain\n|-heal|p2b: Iron Hands|58\/100|[from] Grassy Terrain\n|-damage|p1b: Rillaboom|47\/100 brn|[from] brn\n|-sideend|p1: NME123|move: Tailwind\n|upkeep\n|\n|t:|1700452810\n|switch|p1a: Chi-Yu|Chi-Yu, L50|100\/100\n|-ability|p1a: Chi-Yu|Beads of Ruin\n|turn|5\n|\n|t:|1700452823\n|move|p2a: Cha Cha Cha|Rage Powder|p2a: Cha Cha Cha\n|-singleturn|p2a: Cha Cha Cha|move: Rage Powder\n|move|p1a: Chi-Yu|Overheat|p2a: Cha Cha Cha\n|-supereffective|p2a: Cha Cha Cha\n|-damage|p2a: Cha Cha Cha|0 fnt\n|-unboost|p1a: Chi-Yu|spa|2\n|faint|p2a: Cha Cha Cha\n|move|p1b: Rillaboom|Knock Off|p2b: Iron Hands\n|-resisted|p2b: Iron Hands\n|-damage|p2b: Iron Hands|53\/100\n|-enditem|p2b: Iron Hands|Assault Vest|[from] move: Knock Off|[of] p1b: Rillaboom\n|move|p2b: Iron Hands|Drain Punch|p1a: Chi-Yu\n|-supereffective|p1a: Chi-Yu\n|-enditem|p1a: Chi-Yu|Focus Sash\n|-damage|p1a: Chi-Yu|1\/100\n|-heal|p2b: Iron Hands|80\/100|[from] drain|[of] p1a: Chi-Yu\n|\n|-heal|p1a: Chi-Yu|7\/100|[from] Grassy Terrain\n|-heal|p1b: Rillaboom|53\/100 brn|[from] Grassy Terrain\n|-heal|p2b: Iron Hands|86\/100|[from] Grassy Terrain\n|-damage|p1b: Rillaboom|47\/100 brn|[from] brn\n|upkeep\n|turn|6\n|\n|t:|1700452848\n|move|p1a: Chi-Yu|Overheat|p2b: Iron Hands\n|-damage|p2b: Iron Hands|50\/100\n|-unboost|p1a: Chi-Yu|spa|2\n|move|p1b: Rillaboom|High Horsepower|p2b: Iron Hands\n|-supereffective|p2b: Iron Hands\n|-damage|p2b: Iron Hands|25\/100\n|move|p2b: Iron Hands|Drain Punch|p1b: Rillaboom\n|-damage|p1b: Rillaboom|3\/100 brn\n|-heal|p2b: Iron Hands|42\/100|[from] drain|[of] p1b: Rillaboom\n|\n|-heal|p1a: Chi-Yu|14\/100|[from] Grassy Terrain\n|-heal|p1b: Rillaboom|9\/100 brn|[from] Grassy Terrain\n|-heal|p2b: Iron Hands|48\/100|[from] Grassy Terrain\n|-damage|p1b: Rillaboom|3\/100 brn|[from] brn\n|upkeep\n|turn|7\n|\n|t:|1700452865\n|move|p1a: Chi-Yu|Overheat|p2b: Iron Hands\n|-damage|p2b: Iron Hands|24\/100\n|-unboost|p1a: Chi-Yu|spa|2\n|move|p1b: Rillaboom|High Horsepower|p2b: Iron Hands\n|-supereffective|p2b: Iron Hands\n|-damage|p2b: Iron Hands|1\/100\n|move|p2b: Iron Hands|Drain Punch|p1a: Chi-Yu\n|-supereffective|p1a: Chi-Yu\n|-damage|p1a: Chi-Yu|0 fnt\n|-heal|p2b: Iron Hands|5\/100|[from] drain|[of] p1a: Chi-Yu\n|faint|p1a: Chi-Yu\n|\n|-heal|p1b: Rillaboom|9\/100 brn|[from] Grassy Terrain\n|-heal|p2b: Iron Hands|11\/100|[from] Grassy Terrain\n|-damage|p1b: Rillaboom|3\/100 brn|[from] brn\n|upkeep\n|turn|8\n|\n|t:|1700452886\n|move|p1b: Rillaboom|High Horsepower|p2b: Iron Hands\n|-supereffective|p2b: Iron Hands\n|-damage|p2b: Iron Hands|0 fnt\n|faint|p2b: Iron Hands\n|-end|p2b: Iron Hands|Quark Drive|[silent]\n|\n|win|NME123\n|raw|NME123's rating: 1168 &rarr; <strong>1186<\/strong><br \/>(+18 for winning)\n|raw|ReTurnip's rating: 1071 &rarr; <strong>1056<\/strong><br \/>(-15 for losing)\n|c|\u2606ReTurnip|gg\n|l|\u2606ReTurnip\n|c|\u2606NME123|gg\n","uploadtime":1700452898,"views":17,"p1id":"nme123","p2id":"returnip","formatid":"gen9vgc2023regulatione","rating":1056,"private":0,"password":""}