{"id":"gen9vgc2023regulatione-1997541283","p1":"Smoothphantom","p2":"zzloopy","format":"[Gen 9] VGC 2023 Regulation E","log":"|j|\u2606Smoothphantom\n|j|\u2606zzloopy\n|t:|1700822663\n|gametype|doubles\n|player|p1|Smoothphantom|candice|1079\n|player|p2|zzloopy|blue|1066\n|teamsize|p1|6\n|teamsize|p2|6\n|gen|9\n|tier|[Gen 9] VGC 2023 Regulation E\n|rated|\n|rule|Species Clause: Limit one of each Pok\u00e9mon\n|rule|Item Clause: Limit one of each item\n|clearpoke\n|poke|p1|Raichu, L50, M|\n|poke|p1|Tornadus, L50, M|\n|poke|p1|Farigiraf, L50, F|\n|poke|p1|Chien-Pao, L50|\n|poke|p1|Urshifu-*, L50, F|\n|poke|p1|Ogerpon-Hearthflame, L50, F|\n|poke|p2|Coalossal, L50, M|\n|poke|p2|Iron Bundle, L50|\n|poke|p2|Amoonguss, L50, M|\n|poke|p2|Tornadus, L50, M|\n|poke|p2|Indeedee-F, L50, F|\n|poke|p2|Lilligant-Hisui, L50, F|\n|teampreview|4\n|inactive|Battle timer is ON: inactive players will automatically lose when time's up. (requested by zzloopy)\n|\n|t:|1700822687\n|start\n|switch|p1a: Tornadus|Tornadus, L50, M|100\/100\n|switch|p1b: Raichu|Raichu, L50, M|100\/100\n|switch|p2a: Coalossal|Coalossal, L50, M|100\/100\n|switch|p2b: Iron Bundle|Iron Bundle, L50|100\/100\n|-enditem|p2b: Iron Bundle|Booster Energy\n|-activate|p2b: Iron Bundle|ability: Quark Drive|[fromitem]\n|-start|p2b: Iron Bundle|quarkdrivespe\n|turn|1\n|inactive|Smoothphantom has 30 seconds left.\n|inactive|Smoothphantom has 20 seconds left.\n|\n|t:|1700822723\n|-terastallize|p2a: Coalossal|Fire\n|move|p1b: Raichu|Fake Out|p2b: Iron Bundle\n|-damage|p2b: Iron Bundle|91\/100\n|move|p1a: Tornadus|Rain Dance|p1a: Tornadus\n|-weather|RainDance\n|cant|p2b: Iron Bundle|flinch\n|move|p2a: Coalossal|Heat Wave|p1a: Tornadus|[spread] p1a,p1b\n|-crit|p1b: Raichu\n|-damage|p1a: Tornadus|88\/100\n|-damage|p1b: Raichu|59\/100\n|\n|-weather|RainDance|[upkeep]\n|upkeep\n|turn|2\n|\n|t:|1700822745\n|move|p1a: Tornadus|Tailwind|p1a: Tornadus\n|-sidestart|p1: Smoothphantom|move: Tailwind\n|move|p1b: Raichu|Thunderbolt|p2b: Iron Bundle\n|-supereffective|p2b: Iron Bundle\n|-damage|p2b: Iron Bundle|0 fnt\n|faint|p2b: Iron Bundle\n|-end|p2b: Iron Bundle|Quark Drive|[silent]\n|move|p2a: Coalossal|Earth Power|p1b: Raichu\n|-supereffective|p1b: Raichu\n|-damage|p1b: Raichu|0 fnt\n|faint|p1b: Raichu\n|\n|-weather|RainDance|[upkeep]\n|upkeep\n|\n|t:|1700822757\n|switch|p2b: Tornadus|Tornadus, L50, M|100\/100\n|switch|p1b: Urshifu|Urshifu-Rapid-Strike, L50, F|100\/100\n|turn|3\n|\n|t:|1700822769\n|move|p2b: Tornadus|Sunny Day|p2b: Tornadus\n|-weather|SunnyDay\n|move|p1b: Urshifu|Surging Strikes|p2a: Coalossal\n|-supereffective|p2a: Coalossal\n|-crit|p2a: Coalossal\n|-damage|p2a: Coalossal|83\/100\n|-ability|p2a: Coalossal|Steam Engine|boost\n|-boost|p2a: Coalossal|spe|6\n|-enditem|p2a: Coalossal|Weakness Policy\n|-boost|p2a: Coalossal|atk|2|[from] item: Weakness Policy\n|-boost|p2a: Coalossal|spa|2|[from] item: Weakness Policy\n|-supereffective|p2a: Coalossal\n|-crit|p2a: Coalossal\n|-damage|p2a: Coalossal|64\/100\n|-supereffective|p2a: Coalossal\n|-crit|p2a: Coalossal\n|-damage|p2a: Coalossal|47\/100\n|-hitcount|p2a: Coalossal|3\n|move|p2a: Coalossal|Solar Beam||[still]\n|-prepare|p2a: Coalossal|Solar Beam\n|-anim|p2a: Coalossal|Solar Beam|p1b: Urshifu\n|-supereffective|p1b: Urshifu\n|-damage|p1b: Urshifu|0 fnt\n|faint|p1b: Urshifu\n|move|p1a: Tornadus|Bleakwind Storm|p2b: Tornadus|[spread] \n|-miss|p1a: Tornadus|p2a: Coalossal\n|-miss|p1a: Tornadus|p2b: Tornadus\n|\n|-weather|SunnyDay|[upkeep]\n|upkeep\n|l|\u2606zzloopy\n|inactive|zzloopy disconnected and has a minute to reconnect!\n|player|p2|\n|\n|t:|1700822788\n|switch|p1b: Chien-Pao|Chien-Pao, L50|100\/100\n|-ability|p1b: Chien-Pao|Sword of Ruin\n|turn|4\n|inactive|zzloopy has 30 seconds left.\n|inactive|zzloopy has 20 seconds left.\n|inactive|zzloopy has 15 seconds left.\n|inactive|zzloopy has 10 seconds left.\n|inactive|zzloopy has 5 seconds left.\n|j|\u2606zzloopy\n|inactive|zzloopy reconnected and has 5 seconds left.\n|player|p2|zzloopy|blue\n|\n|t:|1700822843\n|move|p1b: Chien-Pao|Protect|p1b: Chien-Pao\n|-singleturn|p1b: Chien-Pao|Protect\n|move|p1a: Tornadus|Rain Dance|p1a: Tornadus\n|-weather|RainDance\n|move|p2b: Tornadus|Tailwind|p2b: Tornadus\n|-sidestart|p2: zzloopy|move: Tailwind\n|move|p2a: Coalossal|Solar Beam||[still]\n|-prepare|p2a: Coalossal|Solar Beam\n|\n|-weather|RainDance|[upkeep]\n|upkeep\n|turn|5\n|inactive|Smoothphantom has 30 seconds left.\n|\n|t:|1700822870\n|-terastallize|p1b: Chien-Pao|Ghost\n|move|p2b: Tornadus|Sunny Day|p2b: Tornadus\n|-weather|SunnyDay\n|move|p2a: Coalossal|Solar Beam|p1b: Chien-Pao|[from]lockedmove\n|-damage|p1b: Chien-Pao|7\/100\n|move|p1b: Chien-Pao|Sacred Sword|p2a: Coalossal\n|-damage|p2a: Coalossal|12\/100\n|move|p1a: Tornadus|Bleakwind Storm|p2b: Tornadus|[spread] p2a\n|-miss|p1a: Tornadus|p2b: Tornadus\n|-damage|p2a: Coalossal|0 fnt\n|faint|p2a: Coalossal\n|\n|-weather|SunnyDay|[upkeep]\n|-sideend|p1: Smoothphantom|move: Tailwind\n|upkeep\n|\n|t:|1700822884\n|switch|p2a: Lilligant|Lilligant-Hisui, L50, F|100\/100\n|turn|6\n|inactive|zzloopy has 30 seconds left.\n|\n|t:|1700822909\n|move|p2b: Tornadus|Sunny Day||[still]\n|-fail|p2b: Tornadus\n|move|p1a: Tornadus|Rain Dance|p1a: Tornadus\n|-weather|RainDance\n|move|p2a: Lilligant|Ice Spinner|p1b: Chien-Pao\n|-damage|p1b: Chien-Pao|0 fnt\n|faint|p1b: Chien-Pao\n|-damage|p2a: Lilligant|91\/100|[from] item: Life Orb\n|\n|-weather|RainDance|[upkeep]\n|upkeep\n|turn|7\n|\n|t:|1700822922\n|move|p2b: Tornadus|Sunny Day|p2b: Tornadus\n|-weather|SunnyDay\n|move|p2a: Lilligant|Ice Spinner|p1a: Tornadus\n|-supereffective|p1a: Tornadus\n|-damage|p1a: Tornadus|0 fnt\n|faint|p1a: Tornadus\n|-damage|p2a: Lilligant|81\/100|[from] item: Life Orb\n|\n|win|zzloopy\n|raw|Smoothphantom's rating: 1079 &rarr; <strong>1056<\/strong><br \/>(-23 for losing)\n|raw|zzloopy's rating: 1066 &rarr; <strong>1097<\/strong><br \/>(+31 for winning)\n|l|\u2606Smoothphantom\n","uploadtime":1700823027,"views":14,"p1id":"smoothphantom","p2id":"zzloopy","formatid":"gen9vgc2023regulatione","rating":1056,"private":0,"password":""}