{"id":"gen9vgc2023regulatione-1999842294","p1":"Tornadoforever17","p2":"Ionaii","format":"[Gen 9] VGC 2023 Regulation E","log":"|j|\u2606Tornadoforever17\n|j|\u2606Ionaii\n|t:|1701121860\n|gametype|doubles\n|player|p1|Tornadoforever17|hilda|1169\n|player|p2|Ionaii|veteranf|1206\n|teamsize|p1|6\n|teamsize|p2|6\n|gen|9\n|tier|[Gen 9] VGC 2023 Regulation E\n|rated|\n|rule|Species Clause: Limit one of each Pok\u00e9mon\n|rule|Item Clause: Limit one of each item\n|clearpoke\n|poke|p1|Ninetales-Alola, L50, F|\n|poke|p1|Iron Bundle, L50|\n|poke|p1|Chien-Pao, L50|\n|poke|p1|Grimmsnarl, L50, M|\n|poke|p1|Heatran, L50, M|\n|poke|p1|Zapdos, L50|\n|poke|p2|Gholdengo, L50|\n|poke|p2|Urshifu-*, L50, F|\n|poke|p2|Arcanine-Hisui, L50, F|\n|poke|p2|Tornadus, L50, M|\n|poke|p2|Landorus-Therian, L50, M|\n|poke|p2|Clefairy, L50, F|\n|teampreview|4\n|inactive|Battle timer is ON: inactive players will automatically lose when time's up. (requested by Ionaii)\n|\n|t:|1701121910\n|start\n|switch|p1a: Zapdos|Zapdos, L50|100\/100\n|switch|p1b: Iron Bundle|Iron Bundle, L50|100\/100\n|switch|p2a: Gholdengo|Gholdengo, L50|100\/100\n|switch|p2b: Clefairy|Clefairy, L50, F|100\/100\n|-enditem|p1b: Iron Bundle|Booster Energy\n|-activate|p1b: Iron Bundle|ability: Quark Drive|[fromitem]\n|-start|p1b: Iron Bundle|quarkdrivespe\n|turn|1\n|inactive|Tornadoforever17 has 30 seconds left.\n|inactive|Tornadoforever17 has 20 seconds left.\n|\n|t:|1701121946\n|-end|p1b: Iron Bundle|Quark Drive|[silent]\n|switch|p1b: Heatran|Heatran, L50, M|100\/100\n|move|p1a: Zapdos|Tailwind|p1a: Zapdos\n|-sidestart|p1: Tornadoforever17|move: Tailwind\n|move|p2a: Gholdengo|Nasty Plot|p2a: Gholdengo\n|-boost|p2a: Gholdengo|spa|2\n|move|p2b: Clefairy|Icy Wind|p1a: Zapdos|[spread] p1a,p1b\n|-supereffective|p1a: Zapdos\n|-resisted|p1b: Heatran\n|-damage|p1a: Zapdos|87\/100\n|-damage|p1b: Heatran|99\/100\n|-unboost|p1a: Zapdos|spe|1\n|-unboost|p1b: Heatran|spe|1\n|\n|upkeep\n|turn|2\n|inactive|Tornadoforever17 has 30 seconds left.\n|\n|t:|1701121973\n|move|p2a: Gholdengo|Protect|p2a: Gholdengo\n|-singleturn|p2a: Gholdengo|Protect\n|move|p1a: Zapdos|Thunderbolt|p2a: Gholdengo\n|-activate|p2a: Gholdengo|move: Protect\n|move|p1b: Heatran|Heat Wave|p2b: Clefairy|[spread] p2b\n|-activate|p2a: Gholdengo|move: Protect\n|-damage|p2b: Clefairy|64\/100\n|move|p2b: Clefairy|Icy Wind|p1b: Heatran|[spread] p1a,p1b\n|-supereffective|p1a: Zapdos\n|-resisted|p1b: Heatran\n|-damage|p1a: Zapdos|75\/100\n|-damage|p1b: Heatran|98\/100\n|-unboost|p1a: Zapdos|spe|1\n|-unboost|p1b: Heatran|spe|1\n|\n|upkeep\n|turn|3\n|\n|t:|1701121994\n|move|p1a: Zapdos|Thunderbolt|p2a: Gholdengo\n|-damage|p2a: Gholdengo|49\/100\n|-damage|p1a: Zapdos|65\/100|[from] item: Life Orb\n|move|p2a: Gholdengo|Shadow Ball|p1b: Heatran\n|-damage|p1b: Heatran|26\/100\n|-unboost|p1b: Heatran|spd|1\n|move|p1b: Heatran|Heat Wave|p2a: Gholdengo|[spread] p2a,p2b\n|-supereffective|p2a: Gholdengo\n|-damage|p2a: Gholdengo|0 fnt\n|-damage|p2b: Clefairy|25\/100\n|faint|p2a: Gholdengo\n|move|p2b: Clefairy|Life Dew|p2b: Clefairy\n|-heal|p2b: Clefairy|50\/100\n|\n|upkeep\n|\n|t:|1701122009\n|switch|p2a: Urshifu|Urshifu-Rapid-Strike, L50, F|100\/100\n|turn|4\n|\n|t:|1701122026\n|move|p2a: Urshifu|Detect|p2a: Urshifu\n|-singleturn|p2a: Urshifu|Protect\n|move|p1a: Zapdos|Roost|p1a: Zapdos\n|-heal|p1a: Zapdos|100\/100\n|-singleturn|p1a: Zapdos|move: Roost\n|move|p1b: Heatran|Heat Wave|p2a: Urshifu|[spread] p2b\n|-activate|p2a: Urshifu|move: Protect\n|-damage|p2b: Clefairy|15\/100\n|move|p2b: Clefairy|Icy Wind|p1a: Zapdos|[spread] p1b\n|-miss|p2b: Clefairy|p1a: Zapdos\n|-resisted|p1b: Heatran\n|-damage|p1b: Heatran|24\/100\n|-unboost|p1b: Heatran|spe|1\n|\n|-sideend|p1: Tornadoforever17|move: Tailwind\n|upkeep\n|turn|5\n|\n|t:|1701122052\n|move|p2b: Clefairy|Follow Me|p2b: Clefairy\n|-singleturn|p2b: Clefairy|move: Follow Me\n|move|p2a: Urshifu|Swords Dance|p2a: Urshifu\n|-boost|p2a: Urshifu|atk|2\n|move|p1a: Zapdos|Thunderbolt|p2b: Clefairy\n|-damage|p2b: Clefairy|0 fnt\n|faint|p2b: Clefairy\n|-damage|p1a: Zapdos|91\/100|[from] item: Life Orb\n|move|p1b: Heatran|Heat Wave|p2a: Urshifu|[miss]\n|-miss|p1b: Heatran|p2a: Urshifu\n|\n|upkeep\n|\n|t:|1701122064\n|switch|p2b: Landorus|Landorus-Therian, L50, M|100\/100\n|-ability|p2b: Landorus|Intimidate|boost\n|-unboost|p1a: Zapdos|atk|1\n|-unboost|p1b: Heatran|atk|1\n|turn|6\n|inactive|Ionaii has 30 seconds left.\n|\n|t:|1701122098\n|move|p2b: Landorus|Rock Slide|p1b: Heatran|[spread] p1a,p1b\n|-supereffective|p1a: Zapdos\n|-damage|p1a: Zapdos|48\/100\n|-damage|p1b: Heatran|6\/100\n|move|p2a: Urshifu|Surging Strikes|p1a: Zapdos\n|-crit|p1a: Zapdos\n|-damage|p1a: Zapdos|1\/100\n|-status|p2a: Urshifu|par|[from] ability: Static|[of] p1a: Zapdos\n|-crit|p1a: Zapdos\n|-damage|p1a: Zapdos|0 fnt\n|faint|p1a: Zapdos\n|-hitcount|p1: Zapdos|2\n|move|p1b: Heatran|Heat Wave|p2a: Urshifu|[spread] p2a,p2b\n|-resisted|p2a: Urshifu\n|-damage|p2a: Urshifu|56\/100 par\n|-damage|p2b: Landorus|14\/100\n|\n|upkeep\n|\n|t:|1701122120\n|switch|p1a: Chien-Pao|Chien-Pao, L50|100\/100\n|-ability|p1a: Chien-Pao|Sword of Ruin\n|turn|7\n|\n|t:|1701122129\n|move|p1a: Chien-Pao|Sucker Punch|p2b: Landorus\n|-damage|p2b: Landorus|0 fnt\n|faint|p2b: Landorus\n|move|p2a: Urshifu|Surging Strikes|p1a: Chien-Pao\n|-crit|p1a: Chien-Pao\n|-damage|p1a: Chien-Pao|36\/100\n|-crit|p1a: Chien-Pao\n|-damage|p1a: Chien-Pao|0 fnt\n|faint|p1a: Chien-Pao\n|-hitcount|p1: Chien-Pao|2\n|move|p1b: Heatran|Heat Wave|p2a: Urshifu\n|-resisted|p2a: Urshifu\n|-damage|p2a: Urshifu|0 fnt\n|faint|p2a: Urshifu\n|\n|win|Tornadoforever17\n|raw|Tornadoforever17's rating: 1169 &rarr; <strong>1197<\/strong><br \/>(+28 for winning)\n|raw|Ionaii's rating: 1206 &rarr; <strong>1178<\/strong><br \/>(-28 for losing)\n|l|\u2606Ionaii\n","uploadtime":1701122160,"views":10,"p1id":"tornadoforever17","p2id":"ionaii","formatid":"gen9vgc2023regulatione","rating":1178,"private":0,"password":""}