{"id":"gen9vgc2023regulatione-1992339804","p1":"luggi8787","p2":"Leek_Alt","format":"[Gen 9] VGC 2023 Regulation E","log":"|j|\u2606luggi8787\n|j|\u203dLeek_Alt\n|t:|1700176386\n|gametype|doubles\n|player|p1|luggi8787|volkner|1129\n|player|p2|Leek_Alt|101|1168\n|teamsize|p1|6\n|teamsize|p2|6\n|gen|9\n|tier|[Gen 9] VGC 2023 Regulation E\n|rated|\n|rule|Species Clause: Limit one of each Pok\u00e9mon\n|rule|Item Clause: Limit one of each item\n|clearpoke\n|poke|p1|Snorlax, L50, M|\n|poke|p1|Clefairy, L50, M|\n|poke|p1|Sinistcha, L50|\n|poke|p1|Kommo-o, L50, F|\n|poke|p1|Landorus-Therian, L50, M|\n|poke|p1|Iron Hands, L50|\n|poke|p2|Iron Bundle, L50|\n|poke|p2|Gholdengo, L50|\n|poke|p2|Landorus-Therian, L50, M|\n|poke|p2|Amoonguss, L50, F|\n|poke|p2|Arcanine-Hisui, L50, F|\n|poke|p2|Flutter Mane, L50|\n|teampreview|4\nLeek_Alt has agreed to open team sheets.\n|\n|t:|1700176422\n|start\n|switch|p1a: Clefairy|Clefairy, L50, M|100\/100\n|switch|p1b: Snorlax|Snorlax, L50, M|100\/100\n|switch|p2a: Arcanine|Arcanine-Hisui, L50, F|100\/100\n|switch|p2b: Flutter Mane|Flutter Mane, L50|100\/100\n|-ability|p2a: Arcanine|Intimidate|boost\n|-unboost|p1a: Clefairy|atk|1\n|-unboost|p1b: Snorlax|atk|1\n|turn|1\n|inactive|Battle timer is ON: inactive players will automatically lose when time's up. (requested by Leek_Alt)\n|inactive|luggi8787 also wants the timer to be on.\n|inactive|luggi8787 has 60 seconds left.\n|\n|t:|1700176458\n|move|p1a: Clefairy|Follow Me|p1a: Clefairy\n|-singleturn|p1a: Clefairy|move: Follow Me\n|move|p2b: Flutter Mane|Dazzling Gleam|p1b: Snorlax|[spread] p1a,p1b\n|-damage|p1a: Clefairy|63\/100\n|-damage|p1b: Snorlax|76\/100\n|move|p2a: Arcanine|Rock Slide|p1a: Clefairy|[spread] p1b\n|-miss|p2a: Arcanine|p1a: Clefairy\n|-damage|p1b: Snorlax|62\/100\n|move|p1b: Snorlax|Belly Drum|p1b: Snorlax\n|-damage|p1b: Snorlax|12\/100\n|-setboost|p1b: Snorlax|atk|6|[from] move: Belly Drum\n|-enditem|p1b: Snorlax|Sitrus Berry|[eat]\n|-heal|p1b: Snorlax|37\/100|[from] item: Sitrus Berry\n|\n|upkeep\n|turn|2\n|\n|t:|1700176473\n|switch|p1a: Sinistcha|Sinistcha, L50|100\/100\n|-heal|p1b: Snorlax|62\/100|[from] ability: Hospitality|[of] p1a: Sinistcha\n|-terastallize|p2b: Flutter Mane|Fairy\n|move|p1b: Snorlax|Protect|p1b: Snorlax\n|-singleturn|p1b: Snorlax|Protect\n|move|p2b: Flutter Mane|Dazzling Gleam|p1a: Sinistcha|[spread] p1a\n|-activate|p1b: Snorlax|move: Protect\n|-damage|p1a: Sinistcha|41\/100\n|move|p2a: Arcanine|Rock Slide|p1a: Sinistcha|[spread] p1a\n|-activate|p1b: Snorlax|move: Protect\n|-crit|p1a: Sinistcha\n|-damage|p1a: Sinistcha|8\/100\n|\n|upkeep\n|turn|3\n|\n|t:|1700176494\n|move|p1a: Sinistcha|Rage Powder|p1a: Sinistcha\n|-singleturn|p1a: Sinistcha|move: Rage Powder\n|move|p2b: Flutter Mane|Dazzling Gleam|p1b: Snorlax|[spread] p1a,p1b\n|-damage|p1a: Sinistcha|0 fnt\n|-damage|p1b: Snorlax|23\/100\n|faint|p1a: Sinistcha\n|move|p2a: Arcanine|Flare Blitz|p1b: Snorlax\n|-damage|p1b: Snorlax|2\/100\n|-damage|p2a: Arcanine|93\/100|[from] Recoil\n|move|p1b: Snorlax|Facade|p2b: Flutter Mane\n|-damage|p2b: Flutter Mane|0 fnt\n|faint|p2b: Flutter Mane\n|-end|p2b: Flutter Mane|Protosynthesis|[silent]\n|\n|upkeep\n|\n|t:|1700176506\n|switch|p2b: Gholdengo|Gholdengo, L50|100\/100\n|switch|p1a: Iron Hands|Iron Hands, L50|100\/100\n|turn|4\n|\n|t:|1700176515\n|move|p2a: Arcanine|Protect|p2a: Arcanine\n|-singleturn|p2a: Arcanine|Protect\n|move|p2b: Gholdengo|Protect|p2b: Gholdengo\n|-singleturn|p2b: Gholdengo|Protect\n|move|p1b: Snorlax|Protect|p1b: Snorlax\n|-singleturn|p1b: Snorlax|Protect\n|move|p1a: Iron Hands|Drain Punch|p2a: Arcanine\n|-activate|p2a: Arcanine|move: Protect\n|\n|upkeep\n|turn|5\n|\n|t:|1700176523\n|move|p2a: Arcanine|Rock Slide|p1a: Iron Hands|[spread] p1a,p1b\n|-resisted|p1a: Iron Hands\n|-damage|p1a: Iron Hands|91\/100\n|-damage|p1b: Snorlax|0 fnt\n|faint|p1b: Snorlax\n|move|p2b: Gholdengo|Nasty Plot|p2b: Gholdengo\n|-boost|p2b: Gholdengo|spa|2\n|move|p1a: Iron Hands|Drain Punch|p2a: Arcanine\n|-supereffective|p2a: Arcanine\n|-damage|p2a: Arcanine|0 fnt\n|-heal|p1a: Iron Hands|100\/100|[from] drain|[of] p2a: Arcanine\n|faint|p2a: Arcanine\n|\n|upkeep\n|\n|t:|1700176534\n|switch|p2a: Landorus|Landorus-Therian, L50, M|100\/100\n|switch|p1b: Clefairy|Clefairy, L50, M|63\/100\n|-ability|p2a: Landorus|Intimidate|boost\n|-unboost|p1a: Iron Hands|atk|1\n|-unboost|p1b: Clefairy|atk|1\n|turn|6\n|\n|t:|1700176545\n|-terastallize|p1a: Iron Hands|Water\n|move|p2a: Landorus|Stomping Tantrum|p1a: Iron Hands\n|-damage|p1a: Iron Hands|76\/100\n|move|p2b: Gholdengo|Nasty Plot|p2b: Gholdengo\n|-boost|p2b: Gholdengo|spa|2\n|move|p1a: Iron Hands|Wild Charge|p2b: Gholdengo\n|-damage|p2b: Gholdengo|67\/100\n|-damage|p1a: Iron Hands|69\/100|[from] Recoil\n|move|p1b: Clefairy|Heal Pulse|p1a: Iron Hands\n|-heal|p1a: Iron Hands|100\/100\n|\n|upkeep\n|turn|7\n|\n|t:|1700176558\n|move|p2b: Gholdengo|Protect|p2b: Gholdengo\n|-singleturn|p2b: Gholdengo|Protect\n|move|p1b: Clefairy|Protect|p1b: Clefairy\n|-singleturn|p1b: Clefairy|Protect\n|move|p2a: Landorus|Stomping Tantrum|p1b: Clefairy\n|-activate|p1b: Clefairy|move: Protect\n|move|p1a: Iron Hands|Wild Charge|p2b: Gholdengo\n|-activate|p2b: Gholdengo|move: Protect\n|\n|upkeep\n|turn|8\n|\n|t:|1700176575\n|move|p1b: Clefairy|Helping Hand|p1a: Iron Hands\n|-singleturn|p1a: Iron Hands|Helping Hand|[of] p1b: Clefairy\n|move|p2a: Landorus|Stomping Tantrum|p1b: Clefairy\n|-damage|p1b: Clefairy|16\/100\n|move|p2b: Gholdengo|Shadow Ball|p1a: Iron Hands\n|-damage|p1a: Iron Hands|33\/100\n|-damage|p2b: Gholdengo|57\/100|[from] item: Life Orb\n|move|p1a: Iron Hands|Wild Charge|p2b: Gholdengo\n|-damage|p2b: Gholdengo|14\/100\n|-damage|p1a: Iron Hands|24\/100|[from] Recoil\n|\n|upkeep\n|turn|9\n|\n|t:|1700176589\n|move|p1b: Clefairy|Follow Me|p1b: Clefairy\n|-singleturn|p1b: Clefairy|move: Follow Me\n|move|p2a: Landorus|Stomping Tantrum|p1b: Clefairy\n|-damage|p1b: Clefairy|0 fnt\n|faint|p1b: Clefairy\n|move|p2b: Gholdengo|Make It Rain|p1a: Iron Hands\n|-resisted|p1a: Iron Hands\n|-damage|p1a: Iron Hands|0 fnt\n|-unboost|p2b: Gholdengo|spa|1\n|faint|p1a: Iron Hands\n|-end|p1a: Iron Hands|Quark Drive|[silent]\n|-damage|p2b: Gholdengo|4\/100|[from] item: Life Orb\n|\n|win|Leek_Alt\n|raw|luggi8787's rating: 1129 &rarr; <strong>1107<\/strong><br \/>(-22 for losing)\n|raw|Leek_Alt's rating: 1168 &rarr; <strong>1190<\/strong><br \/>(+22 for winning)\n","uploadtime":1700176595,"views":13,"p1id":"luggi8787","p2id":"leekalt","formatid":"gen9vgc2023regulatione","rating":1107,"private":0,"password":""}