{"id":"gen9vgc2023regulatione-1988696723","p1":"MidnightV2","p2":"Sliy","format":"[Gen 9] VGC 2023 Regulation E","log":"|j|\u2606MidnightV2\n|j|\u2606Sliy\n|n|\u2606MidnightV2|midnightv2\n|n|\u2606Sliy|sliy\n|html|View the match progress at <a href=\"\/game-bestof3-gen9vgc2023regulatione-1988694093\">game-bestof3-gen9vgc2023regulatione-1988694093<\/a>\n|t:|1699751857\n|gametype|doubles\n|player|p1|MidnightV2|steven|\n|player|p2|Sliy|2|\n|teamsize|p1|6\n|teamsize|p2|6\n|gen|9\n|tier|[Gen 9] VGC 2023 Regulation E\n|rule|Species Clause: Limit one of each Pok\u00e9mon\n|rule|Item Clause: Limit one of each item\n|clearpoke\n|poke|p1|Flutter Mane, L50|\n|poke|p1|Chi-Yu, L50|\n|poke|p1|Goodra-Hisui, L50, F|\n|poke|p1|Ursaluna-Bloodmoon, L50, M|\n|poke|p1|Vikavolt, L50, F|\n|poke|p1|Gyarados, L50, M|\n|poke|p2|Mimikyu, L50, M|\n|poke|p2|Meowscarada, L50, F|\n|poke|p2|Corviknight, L50, M|\n|poke|p2|Ogerpon-Wellspring, L50, F|\n|poke|p2|Zoroark-Hisui, L50, M|\n|poke|p2|Great Tusk, L50|\n|teampreview|4\n|\n|t:|1699751970\n|start\n|switch|p1a: Chi-Yu|Chi-Yu, L50|100\/100\n|switch|p1b: Goodra|Goodra-Hisui, L50, F|100\/100\n|switch|p2a: CRY|Ogerpon-Wellspring, L50, F|100\/100\n|switch|p2b: SPD|Meowscarada, L50, F|100\/100\n|-ability|p1a: Chi-Yu|Beads of Ruin\n|turn|1\n|\n|t:|1699751992\n|move|p1a: Chi-Yu|Heat Wave|p2a: CRY|[spread] p2a\n|-miss|p1a: Chi-Yu|p2b: SPD\n|-damage|p2a: CRY|44\/100\n|move|p2b: SPD|Taunt|p1b: Goodra\n|-start|p2b: SPD|typechange|Dark|[from] ability: Protean\n|-start|p1b: Goodra|move: Taunt\n|move|p2a: CRY|Ivy Cudgel|p1a: Chi-Yu\n|-supereffective|p1a: Chi-Yu\n|-damage|p1a: Chi-Yu|0 fnt\n|faint|p1a: Chi-Yu\n|cant|p1b: Goodra|move: Taunt|Acid Armor\n|\n|upkeep\n|\n|t:|1699752006\n|switch|p1a: Ursaluna|Ursaluna-Bloodmoon, L50, M|100\/100\n|turn|2\n|\n|t:|1699752049\n|move|p2a: CRY|Spiky Shield|p2a: CRY\n|-singleturn|p2a: CRY|move: Protect\n|move|p2b: SPD|Knock Off|p1a: Ursaluna\n|-damage|p1a: Ursaluna|65\/100\n|-enditem|p1a: Ursaluna|Expert Belt|[from] move: Knock Off|[of] p2b: SPD\n|move|p1a: Ursaluna|Blood Moon|p2b: SPD\n|-damage|p2b: SPD|0 fnt\n|faint|p2b: SPD\n|move|p1b: Goodra|Body Press|p2a: CRY\n|-activate|p2a: CRY|move: Protect\n|-damage|p1b: Goodra|88\/100|[from] Spiky Shield|[of] p2a: CRY\n|\n|-heal|p1b: Goodra|94\/100|[from] item: Leftovers\n|upkeep\n|\n|t:|1699752075\n|switch|p2b: BIG|Great Tusk, L50|100\/100\n|-enditem|p2b: BIG|Booster Energy\n|-activate|p2b: BIG|ability: Protosynthesis|[fromitem]\n|-start|p2b: BIG|protosynthesisatk\n|turn|3\n|\n|t:|1699752113\n|-terastallize|p2a: CRY|Water\n|detailschange|p2a: CRY|Ogerpon-Wellspring-Tera, L50, F, tera:Water\n|-ability|p2a: CRY|Embody Aspect (Wellspring)|boost\n|-boost|p2a: CRY|spd|1\n|move|p1a: Ursaluna|Protect|p1a: Ursaluna\n|-singleturn|p1a: Ursaluna|Protect\n|move|p2a: CRY|Ivy Cudgel|p1a: Ursaluna\n|-activate|p1a: Ursaluna|move: Protect\n|move|p2b: BIG|Headlong Rush|p1b: Goodra\n|-supereffective|p1b: Goodra\n|-damage|p1b: Goodra|0 fnt\n|-unboost|p2b: BIG|def|1\n|-unboost|p2b: BIG|spd|1\n|-ability|p1b: Goodra|Gooey\n|-unboost|p2b: BIG|spe|1\n|faint|p1b: Goodra\n|\n|upkeep\n|\n|t:|1699752129\n|switch|p1b: Vikavolt|Vikavolt, L50, F, shiny|100\/100\n|turn|4\n|\n|t:|1699752165\n|-terastallize|p1b: Vikavolt|Electric\n|move|p2a: CRY|Ivy Cudgel|p1a: Ursaluna\n|-supereffective|p1a: Ursaluna\n|-damage|p1a: Ursaluna|0 fnt\n|faint|p1a: Ursaluna\n|move|p1b: Vikavolt|Bug Buzz|p2b: BIG\n|-resisted|p2b: BIG\n|-damage|p2b: BIG|34\/100\n|-damage|p1b: Vikavolt|91\/100|[from] item: Life Orb\n|move|p2b: BIG|Ice Spinner|p1b: Vikavolt\n|-damage|p1b: Vikavolt|42\/100\n|\n|upkeep\n|turn|5\n|\n|t:|1699752187\n|move|p2a: CRY|Horn Leech|p1b: Vikavolt\n|-damage|p1b: Vikavolt|0 fnt\n|-heal|p2a: CRY|66\/100|[from] drain|[of] p1b: Vikavolt\n|faint|p1b: Vikavolt\n|\n|win|Sliy\n|l|\u2606Sliy\n|c|&|\/uhtml prompt-midnightv2,MidnightV2 is ready for game 3!\n|c|&|\/uhtml prompt-sliy,Sliy is ready for game 3!\nBoth players are ready! Starting next match!\n","uploadtime":1699752778,"views":11,"p1id":"midnightv2","p2id":"sliy","formatid":"gen9vgc2023regulatione","rating":0,"private":0,"password":""}