{"id":"gen9vgc2023regulatione-1989643634","p1":"jwtw","p2":"El9apuh","format":"[Gen 9] VGC 2023 Regulation E","log":"|j|\u2606jwtw\n|j|\u2606El9apuh\n|t:|1699882488\n|gametype|doubles\n|player|p1|jwtw|n|1279\n|player|p2|El9apuh|swimmer-gen4|1299\n|teamsize|p1|6\n|teamsize|p2|6\n|gen|9\n|tier|[Gen 9] VGC 2023 Regulation E\n|rated|\n|rule|Species Clause: Limit one of each Pok\u00e9mon\n|rule|Item Clause: Limit one of each item\n|clearpoke\n|poke|p1|Ogerpon-Wellspring, L50, F|\n|poke|p1|Chi-Yu, L50|\n|poke|p1|Tornadus, L50, M|\n|poke|p1|Flutter Mane, L50|\n|poke|p1|Gholdengo, L50|\n|poke|p1|Landorus-Therian, L50, M|\n|poke|p2|Zoroark-Hisui, L50, F|\n|poke|p2|Basculegion, L50, M|\n|poke|p2|Tornadus, L50, M|\n|poke|p2|Roaring Moon, L50|\n|poke|p2|Iron Hands, L50|\n|poke|p2|Gholdengo, L50|\n|teampreview|4\n|inactive|Battle timer is ON: inactive players will automatically lose when time's up. (requested by jwtw)\n|inactive|jwtw has 60 seconds left.\n|\n|t:|1699882559\n|start\n|switch|p1a: Gholdengo|Gholdengo, L50|100\/100\n|switch|p1b: Flutter Mane|Flutter Mane, L50|100\/100\n|switch|p2a: Tornadus|Tornadus, L50, M|100\/100\n|switch|p2b: Basculegion|Basculegion, L50, M, shiny|100\/100\n|turn|1\n|\n|t:|1699882580\n|-end|p1b: Flutter Mane|Protosynthesis|[silent]\n|switch|p1b: Ogerpon|Ogerpon-Wellspring, L50, F|100\/100\n|-terastallize|p1a: Gholdengo|Dragon\n|move|p2a: Tornadus|Tailwind|p2a: Tornadus\n|-sidestart|p2: El9apuh|move: Tailwind\n|move|p2b: Basculegion|Crunch|p1a: Gholdengo\n|-damage|p1a: Gholdengo|63\/100\n|move|p1a: Gholdengo|Nasty Plot|p1a: Gholdengo\n|-boost|p1a: Gholdengo|spa|2\n|\n|-heal|p1a: Gholdengo|70\/100|[from] item: Leftovers\n|upkeep\n|turn|2\n|inactive|jwtw has 30 seconds left.\n|inactive|El9apuh has 30 seconds left.\n|\n|t:|1699882607\n|switch|p2b: Iron Hands|Iron Hands, L50|100\/100\n|move|p2a: Tornadus|Taunt|p1a: Gholdengo\n|-immune|p1a: Gholdengo|[from] ability: Good as Gold\n|move|p1b: Ogerpon|Ivy Cudgel|p2a: Tornadus\n|-damage|p2a: Tornadus|19\/100\n|move|p1a: Gholdengo|Make It Rain|p2b: Iron Hands|[spread] p2a,p2b\n|-crit|p2a: Tornadus\n|-resisted|p2b: Iron Hands\n|-damage|p2a: Tornadus|0 fnt\n|-damage|p2b: Iron Hands|74\/100\n|-unboost|p1a: Gholdengo|spa|1\n|faint|p2a: Tornadus\n|\n|-heal|p1a: Gholdengo|76\/100|[from] item: Leftovers\n|upkeep\n|\n|t:|1699882626\n|switch|p2a: Basculegion|Basculegion, L50, M, shiny|100\/100\n|turn|3\n|\n|t:|1699882636\n|move|p2b: Iron Hands|Fake Out|p1a: Gholdengo\n|-damage|p1a: Gholdengo|61\/100\n|move|p1b: Ogerpon|Follow Me|p1b: Ogerpon\n|-singleturn|p1b: Ogerpon|move: Follow Me\n|move|p2a: Basculegion|Last Respects|p1b: Ogerpon\n|-damage|p1b: Ogerpon|23\/100\n|cant|p1a: Gholdengo|flinch\n|\n|-heal|p1a: Gholdengo|68\/100|[from] item: Leftovers\n|upkeep\n|turn|4\n|\n|t:|1699882650\n|move|p1b: Ogerpon|Follow Me|p1b: Ogerpon\n|-singleturn|p1b: Ogerpon|move: Follow Me\n|move|p2a: Basculegion|Last Respects|p1b: Ogerpon\n|-crit|p1b: Ogerpon\n|-damage|p1b: Ogerpon|0 fnt\n|faint|p1b: Ogerpon\n|move|p2b: Iron Hands|Wild Charge|p1a: Gholdengo\n|-resisted|p1a: Gholdengo\n|-damage|p1a: Gholdengo|44\/100\n|-damage|p2b: Iron Hands|70\/100|[from] Recoil\n|move|p1a: Gholdengo|Nasty Plot|p1a: Gholdengo\n|-boost|p1a: Gholdengo|spa|2\n|\n|-heal|p1a: Gholdengo|50\/100|[from] item: Leftovers\n|-sideend|p2: El9apuh|move: Tailwind\n|upkeep\n|\n|t:|1699882664\n|switch|p1b: Tornadus|Tornadus, L50, M|100\/100\n|turn|5\n|\n|t:|1699882674\n|move|p1b: Tornadus|Tailwind|p1b: Tornadus\n|-sidestart|p1: jwtw|move: Tailwind\n|move|p1a: Gholdengo|Make It Rain|p2a: Basculegion|[spread] p2a,p2b\n|-resisted|p2a: Basculegion\n|-crit|p2a: Basculegion\n|-resisted|p2b: Iron Hands\n|-damage|p2a: Basculegion|3\/100\n|-damage|p2b: Iron Hands|39\/100\n|-unboost|p1a: Gholdengo|spa|1\n|move|p2a: Basculegion|Last Respects|p1a: Gholdengo\n|-damage|p1a: Gholdengo|0 fnt\n|faint|p1a: Gholdengo\n|move|p2b: Iron Hands|Wild Charge|p1b: Tornadus\n|-supereffective|p1b: Tornadus\n|-damage|p1b: Tornadus|6\/100\n|-damage|p2b: Iron Hands|21\/100|[from] Recoil\n|\n|upkeep\n|\n|t:|1699882690\n|switch|p1a: Flutter Mane|Flutter Mane, L50|100\/100\n|turn|6\n|l|\u2606El9apuh\n|inactive|El9apuh disconnected and has a minute to reconnect!\n|player|p2|\n|inactive|El9apuh has 30 seconds left.\n|inactive|El9apuh has 20 seconds left.\n|inactive|El9apuh has 15 seconds left.\n|inactive|El9apuh has 10 seconds left.\n|inactive|El9apuh has 5 seconds left.\n|-message|El9apuh lost due to inactivity.\n|\n|win|jwtw\n|raw|jwtw's rating: 1279 &rarr; <strong>1305<\/strong><br \/>(+26 for winning)\n|raw|El9apuh's rating: 1299 &rarr; <strong>1273<\/strong><br \/>(-26 for losing)\n","uploadtime":1699882761,"views":25,"p1id":"jwtw","p2id":"el9apuh","formatid":"gen9vgc2023regulatione","rating":1273,"private":0,"password":""}