{"id":"gen9vgc2023regulatione-1992129021","p1":"BlueJayX2","p2":"I<3Choso","format":"[Gen 9] VGC 2023 Regulation E","log":"|j|\u2606BlueJayX2\n|j|\u2606I<3Choso\n|t:|1700157441\n|gametype|doubles\n|player|p1|BlueJayX2|marley|1100\n|player|p2|I<3Choso|pokemonbreederf-gen4|1000\n|teamsize|p1|6\n|teamsize|p2|6\n|gen|9\n|tier|[Gen 9] VGC 2023 Regulation E\n|rated|\n|rule|Species Clause: Limit one of each Pok\u00e9mon\n|rule|Item Clause: Limit one of each item\n|clearpoke\n|poke|p1|Sylveon, L50, F|\n|poke|p1|Grimmsnarl, L50, M|\n|poke|p1|Volbeat, L50, M|\n|poke|p1|Tauros-Paldea-Aqua, L50, M|\n|poke|p1|Ariados, L50, M|\n|poke|p1|Dudunsparce-*, L50, M|\n|poke|p2|Ogerpon-Hearthflame, L50, F|\n|poke|p2|Tornadus, L50, M|\n|poke|p2|Flutter Mane, L50|\n|poke|p2|Iron Bundle, L50|\n|poke|p2|Rillaboom, L50, M|\n|poke|p2|Kommo-o, L50, F|\n|teampreview|4\n|inactive|Battle timer is ON: inactive players will automatically lose when time's up. (requested by BlueJayX2)\n|\n|t:|1700157469\n|start\n|switch|p1a: Sylveon|Sylveon, L50, F, shiny|100\/100\n|switch|p1b: Volbeat|Volbeat, L50, M|100\/100\n|switch|p2a: Tornadus|Tornadus, L50, M|100\/100\n|switch|p2b: Flutter Mane|Flutter Mane, L50|100\/100\n|turn|1\n|inactive|I<3Choso has 30 seconds left.\n|\n|t:|1700157501\n|move|p1a: Sylveon|Protect|p1a: Sylveon\n|-singleturn|p1a: Sylveon|Protect\n|move|p2a: Tornadus|Sunny Day|p2a: Tornadus\n|-weather|SunnyDay\n|-activate|p2b: Flutter Mane|ability: Protosynthesis\n|-start|p2b: Flutter Mane|protosynthesisspe\n|move|p1b: Volbeat|Tailwind|p1b: Volbeat\n|-sidestart|p1: BlueJayX2|move: Tailwind\n|move|p2b: Flutter Mane|Dazzling Gleam|p1b: Volbeat|[spread] p1b\n|-activate|p1a: Sylveon|move: Protect\n|-damage|p1b: Volbeat|60\/100\n|\n|-weather|SunnyDay|[upkeep]\n|upkeep\n|turn|2\n|\n|t:|1700157517\n|move|p1b: Volbeat|Thunder Wave|p2b: Flutter Mane\n|-status|p2b: Flutter Mane|par\n|move|p2a: Tornadus|Tailwind|p2a: Tornadus\n|-sidestart|p2: I<3Choso|move: Tailwind\n|cant|p2b: Flutter Mane|par\n|move|p1a: Sylveon|Hyper Voice|p2a: Tornadus|[spread] p2a,p2b\n|-damage|p2a: Tornadus|56\/100\n|-damage|p2b: Flutter Mane|56\/100 par\n|-enditem|p1a: Sylveon|Throat Spray\n|-boost|p1a: Sylveon|spa|1|[from] item: Throat Spray\n|\n|-weather|SunnyDay|[upkeep]\n|upkeep\n|turn|3\n|\n|t:|1700157540\n|move|p1a: Sylveon|Quick Attack|p2a: Tornadus\n|-damage|p2a: Tornadus|45\/100\n|move|p1b: Volbeat|Encore|p1a: Sylveon\n|-start|p1a: Sylveon|Encore\n|move|p2b: Flutter Mane|Dazzling Gleam|p1a: Sylveon|[spread] p1a,p1b\n|-damage|p1a: Sylveon|62\/100\n|-damage|p1b: Volbeat|16\/100\n|move|p2a: Tornadus|Bleakwind Storm|p1b: Volbeat|[spread] p1a,p1b\n|-supereffective|p1b: Volbeat\n|-damage|p1a: Sylveon|36\/100\n|-damage|p1b: Volbeat|0 fnt\n|faint|p1b: Volbeat\n|\n|-weather|SunnyDay|[upkeep]\n|upkeep\n|\n|t:|1700157557\n|switch|p1b: Tauros|Tauros-Paldea-Aqua, L50, M|100\/100\n|-ability|p1b: Tauros|Intimidate|boost\n|-unboost|p2a: Tornadus|atk|1\n|-unboost|p2b: Flutter Mane|atk|1\n|turn|4\n|\n|t:|1700157573\n|move|p2a: Tornadus|Taunt|p1a: Sylveon\n|-start|p1a: Sylveon|move: Taunt\n|move|p1a: Sylveon|Quick Attack|p2a: Tornadus\n|-damage|p2a: Tornadus|35\/100\n|move|p1b: Tauros|Rock Slide|p2b: Flutter Mane|[spread] p2a,p2b\n|-supereffective|p2a: Tornadus\n|-damage|p2a: Tornadus|3\/100\n|-damage|p2b: Flutter Mane|14\/100 par\n|move|p2b: Flutter Mane|Dazzling Gleam|p1a: Sylveon|[spread] p1a,p1b\n|-supereffective|p1b: Tauros\n|-damage|p1a: Sylveon|0 fnt\n|-damage|p1b: Tauros|3\/100\n|faint|p1a: Sylveon\n|\n|-weather|SunnyDay|[upkeep]\n|-sideend|p1: BlueJayX2|move: Tailwind\n|upkeep\n|\n|t:|1700157586\n|switch|p1a: Grimmsnarl|Grimmsnarl, L50, M, shiny|100\/100\n|turn|5\n|\n|t:|1700157601\n|-terastallize|p1a: Grimmsnarl|Steel\n|move|p2b: Flutter Mane|Dazzling Gleam|p1b: Tauros|[spread] p1a,p1b\n|-resisted|p1a: Grimmsnarl\n|-supereffective|p1b: Tauros\n|-damage|p1a: Grimmsnarl|82\/100\n|-damage|p1b: Tauros|0 fnt\n|faint|p1b: Tauros\n|move|p2a: Tornadus|Bleakwind Storm|p1a: Grimmsnarl\n|-resisted|p1a: Grimmsnarl\n|-damage|p1a: Grimmsnarl|67\/100\n|move|p1a: Grimmsnarl|Spirit Break|p2b: Flutter Mane\n|-crit|p2b: Flutter Mane\n|-damage|p2b: Flutter Mane|0 fnt\n|faint|p2b: Flutter Mane\n|-end|p2b: Flutter Mane|Protosynthesis|[silent]\n|\n|-weather|none\n|-heal|p1a: Grimmsnarl|73\/100|[from] item: Leftovers\n|-sideend|p2: I<3Choso|move: Tailwind\n|upkeep\n|\n|t:|1700157616\n|switch|p2b: Ogerpon|Ogerpon-Hearthflame, L50, F|100\/100\n|-ability|p2b: Ogerpon|Mold Breaker\n|turn|6\n|\n|t:|1700157623\n|move|p2b: Ogerpon|Spiky Shield|p2b: Ogerpon\n|-singleturn|p2b: Ogerpon|move: Protect\n|move|p2a: Tornadus|Tailwind|p2a: Tornadus\n|-sidestart|p2: I<3Choso|move: Tailwind\n|move|p1a: Grimmsnarl|Parting Shot|p2b: Ogerpon\n|-activate|p2b: Ogerpon|move: Protect\n|\n|-heal|p1a: Grimmsnarl|79\/100|[from] item: Leftovers\n|upkeep\n|turn|7\n|\n|t:|1700157636\n|move|p2a: Tornadus|Sunny Day|p2a: Tornadus\n|-weather|SunnyDay\n|move|p1a: Grimmsnarl|Parting Shot|p2b: Ogerpon\n|-unboost|p2b: Ogerpon|atk|1\n|-unboost|p2b: Ogerpon|spa|1\n|move|p2b: Ogerpon|Ivy Cudgel|p1a: Grimmsnarl|[anim] Ivy Cudgel Fire\n|-supereffective|p1a: Grimmsnarl\n|-damage|p1a: Grimmsnarl|0 fnt\n|faint|p1a: Grimmsnarl\n|\n|win|I<3Choso\n|raw|BlueJayX2's rating: 1100 &rarr; <strong>1068<\/strong><br \/>(-32 for losing)\n|raw|I&lt;3Choso's rating: 1000 &rarr; <strong>1051<\/strong><br \/>(+51 for winning)\n","uploadtime":1700157651,"views":15,"p1id":"bluejayx2","p2id":"i3choso","formatid":"gen9vgc2023regulatione","rating":1051,"private":0,"password":""}