{"id":"gen9vgc2023regulatione-1991556789","p1":"w0rkj0","p2":"Nervoneo","format":"[Gen 9] VGC 2023 Regulation E","log":"|j|\u2606w0rkj0\n|j|\u2606Nervoneo\n|t:|1700088072\n|gametype|doubles\n|player|p1|w0rkj0|acetrainer-gen4|1160\n|player|p2|Nervoneo|101|1173\n|teamsize|p1|6\n|teamsize|p2|6\n|gen|9\n|tier|[Gen 9] VGC 2023 Regulation E\n|rated|\n|rule|Species Clause: Limit one of each Pok\u00e9mon\n|rule|Item Clause: Limit one of each item\n|clearpoke\n|poke|p1|Landorus, L50, M|\n|poke|p1|Clefairy, L50, M|\n|poke|p1|Arcanine-Hisui, L50, F|\n|poke|p1|Ogerpon-Wellspring, L50, F|\n|poke|p1|Roaring Moon, L50|\n|poke|p1|Iron Hands, L50|\n|poke|p2|Clodsire, L50, M|\n|poke|p2|Dipplin, L50, M|\n|poke|p2|Iron Bundle, L50|\n|poke|p2|Tauros-Paldea-Blaze, L50, M|\n|poke|p2|Landorus-Therian, L50, M|\n|poke|p2|Farigiraf, L50, M|\n|teampreview|4\n|\n|t:|1700088158\n|start\n|switch|p1a: Clefairy|Clefairy, L50, M|100\/100\n|switch|p1b: Roaring Moon|Roaring Moon, L50|100\/100\n|switch|p2a: Iron Bundle|Iron Bundle, L50|100\/100\n|switch|p2b: Tauros|Tauros-Paldea-Blaze, L50, M|100\/100\n|-ability|p2b: Tauros|Intimidate|boost\n|-unboost|p1a: Clefairy|atk|1\n|-unboost|p1b: Roaring Moon|atk|1\n|-enditem|p2a: Iron Bundle|Booster Energy\n|-activate|p2a: Iron Bundle|ability: Quark Drive|[fromitem]\n|-start|p2a: Iron Bundle|quarkdrivespe\n|-enditem|p1b: Roaring Moon|Booster Energy\n|-activate|p1b: Roaring Moon|ability: Protosynthesis|[fromitem]\n|-start|p1b: Roaring Moon|protosynthesisspe\n|turn|1\n|\n|t:|1700088179\n|move|p1a: Clefairy|Follow Me|p1a: Clefairy\n|-singleturn|p1a: Clefairy|move: Follow Me\n|move|p2a: Iron Bundle|Freeze-Dry|p1a: Clefairy\n|-damage|p1a: Clefairy|73\/100\n|-status|p1a: Clefairy|frz\n|move|p1b: Roaring Moon|Tailwind|p1b: Roaring Moon\n|-sidestart|p1: w0rkj0|move: Tailwind\n|move|p2b: Tauros|Close Combat|p1a: Clefairy\n|-resisted|p1a: Clefairy\n|-damage|p1a: Clefairy|49\/100 frz\n|-unboost|p2b: Tauros|def|1\n|-unboost|p2b: Tauros|spd|1\n|\n|upkeep\n|turn|2\n|\n|t:|1700088231\n|-end|p1b: Roaring Moon|Protosynthesis|[silent]\n|switch|p1b: Iron Hands|Iron Hands, L50|100\/100\n|switch|p2b: Clodsire|Clodsire, L50, M|100\/100\n|cant|p1a: Clefairy|frz\n|move|p2a: Iron Bundle|Freeze-Dry|p1b: Iron Hands\n|-damage|p1b: Iron Hands|86\/100\n|\n|upkeep\n|turn|3\n|\n|t:|1700088266\n|-end|p2a: Iron Bundle|Quark Drive|[silent]\n|switch|p2a: Tauros|Tauros-Paldea-Blaze, L50, M|100\/100\n|-ability|p2a: Tauros|Intimidate|boost\n|-unboost|p1a: Clefairy|atk|1\n|-unboost|p1b: Iron Hands|atk|1\n|cant|p1a: Clefairy|frz\n|move|p1b: Iron Hands|Drain Punch|p2a: Tauros\n|-damage|p2a: Tauros|68\/100\n|-heal|p1b: Iron Hands|96\/100|[from] drain|[of] p2a: Tauros\n|move|p2b: Clodsire|Stomping Tantrum|p1b: Iron Hands\n|-supereffective|p1b: Iron Hands\n|-damage|p1b: Iron Hands|63\/100\n|\n|upkeep\n|turn|4\n|\n|t:|1700088304\n|-end|p1b: Iron Hands|Quark Drive|[silent]\n|switch|p1b: Landorus|Landorus, L50, M|100\/100\n|move|p2a: Tauros|Rock Slide|p1b: Landorus|[spread] p1a,p1b\n|-crit|p1b: Landorus\n|-damage|p1a: Clefairy|35\/100 frz\n|-damage|p1b: Landorus|79\/100\n|-curestatus|p1a: Clefairy|frz|[msg]\n|cant|p1a: Clefairy|flinch\n|move|p2b: Clodsire|Gunk Shot|p1a: Clefairy\n|-supereffective|p1a: Clefairy\n|-damage|p1a: Clefairy|0 fnt\n|faint|p1a: Clefairy\n|\n|-sideend|p1: w0rkj0|move: Tailwind\n|upkeep\n|\n|t:|1700088335\n|switch|p1a: Iron Hands|Iron Hands, L50|63\/100\n|turn|5\n|\n|t:|1700088356\n|move|p1a: Iron Hands|Fake Out|p2a: Tauros\n|-damage|p2a: Tauros|51\/100\n|move|p1b: Landorus|Calm Mind|p1b: Landorus\n|-boost|p1b: Landorus|spa|1\n|-boost|p1b: Landorus|spd|1\n|cant|p2a: Tauros|flinch\n|move|p2b: Clodsire|Yawn|p1a: Iron Hands\n|-start|p1a: Iron Hands|move: Yawn|[of] p2b: Clodsire\n|\n|upkeep\n|turn|6\n|\n|t:|1700088396\n|move|p1b: Landorus|Earth Power|p2b: Clodsire\n|-supereffective|p2b: Clodsire\n|-damage|p2b: Clodsire|0 fnt\n|faint|p2b: Clodsire\n|move|p2a: Tauros|Raging Bull|p1b: Landorus\n|-damage|p1b: Landorus|29\/100\n|move|p1a: Iron Hands|Drain Punch|p2a: Tauros\n|-damage|p2a: Tauros|2\/100\n|-heal|p1a: Iron Hands|79\/100|[from] drain|[of] p2a: Tauros\n|\n|-end|p1a: Iron Hands|move: Yawn|[silent]\n|-status|p1a: Iron Hands|slp\n|upkeep\n|\n|t:|1700088410\n|switch|p2b: Iron Bundle|Iron Bundle, L50|100\/100\n|turn|7\n|\n|t:|1700088431\n|switch|p2a: Dipplin|Dipplin, L50, M|100\/100\n|-ability|p2a: Dipplin|Supersweet Syrup\n|-ability|p2a: Dipplin|Supersweet Syrup|boost\n|-unboost|p1a: Iron Hands|evasion|1\n|-unboost|p1b: Landorus|evasion|1\n|move|p1b: Landorus|Protect|p1b: Landorus\n|-singleturn|p1b: Landorus|Protect\n|move|p2b: Iron Bundle|Hydro Pump|p1b: Landorus\n|-activate|p1b: Landorus|move: Protect\n|cant|p1a: Iron Hands|slp\n|\n|upkeep\n|turn|8\n|\n|t:|1700088458\n|switch|p1b: Roaring Moon|Roaring Moon, L50|100\/100\n|switch|p2a: Tauros|Tauros-Paldea-Blaze, L50, M|2\/100\n|-ability|p2a: Tauros|Intimidate|boost\n|-unboost|p1a: Iron Hands|atk|1\n|-unboost|p1b: Roaring Moon|atk|1\n|move|p2b: Iron Bundle|Freeze-Dry|p1b: Roaring Moon\n|-supereffective|p1b: Roaring Moon\n|-damage|p1b: Roaring Moon|37\/100\n|cant|p1a: Iron Hands|slp\n|\n|upkeep\n|turn|9\n|\n|t:|1700088481\n|move|p2b: Iron Bundle|Freeze-Dry|p1b: Roaring Moon\n|-supereffective|p1b: Roaring Moon\n|-damage|p1b: Roaring Moon|0 fnt\n|faint|p1b: Roaring Moon\n|-end|p1b: Roaring Moon|Protosynthesis|[silent]\n|move|p2a: Tauros|Raging Bull|p1a: Iron Hands\n|-damage|p1a: Iron Hands|46\/100 slp\n|-curestatus|p1a: Iron Hands|slp|[msg]\n|move|p1a: Iron Hands|Drain Punch|p2b: Iron Bundle\n|-supereffective|p2b: Iron Bundle\n|-damage|p2b: Iron Bundle|26\/100\n|-heal|p1a: Iron Hands|67\/100|[from] drain|[of] p2b: Iron Bundle\n|\n|upkeep\n|\n|t:|1700088495\n|switch|p1b: Landorus|Landorus, L50, M|29\/100\n|turn|10\n|\n|t:|1700088541\n|-terastallize|p2b: Iron Bundle|Ghost\n|move|p1b: Landorus|Protect|p1b: Landorus\n|-singleturn|p1b: Landorus|Protect\n|move|p2b: Iron Bundle|Hydro Pump|p1a: Iron Hands\n|-damage|p1a: Iron Hands|36\/100\n|move|p2a: Tauros|Raging Bull|p1b: Landorus\n|-activate|p1b: Landorus|move: Protect\n|move|p1a: Iron Hands|Drain Punch|p2b: Iron Bundle\n|-immune|p2b: Iron Bundle\n|\n|upkeep\n|turn|11\n|\n|t:|1700088555\n|move|p1b: Landorus|Protect|p1b: Landorus\n|-singleturn|p1b: Landorus|Protect\n|move|p2b: Iron Bundle|Hydro Pump|p1a: Iron Hands\n|-damage|p1a: Iron Hands|9\/100\n|move|p2a: Tauros|Raging Bull|p1b: Landorus\n|-activate|p1b: Landorus|move: Protect\n|move|p1a: Iron Hands|Wild Charge|p2b: Iron Bundle\n|-damage|p2b: Iron Bundle|0 fnt\n|faint|p2b: Iron Bundle\n|-end|p2b: Iron Bundle|Quark Drive|[silent]\n|-damage|p1a: Iron Hands|5\/100|[from] Recoil\n|\n|upkeep\n|\n|t:|1700088564\n|switch|p2b: Dipplin|Dipplin, L50, M|100\/100\n|turn|12\n|\n|t:|1700088577\n|move|p1b: Landorus|Earth Power|p2a: Tauros\n|-supereffective|p2a: Tauros\n|-damage|p2a: Tauros|0 fnt\n|faint|p2a: Tauros\n|move|p1a: Iron Hands|Drain Punch|p2b: Dipplin\n|-damage|p2b: Dipplin|84\/100\n|-heal|p1a: Iron Hands|12\/100|[from] drain|[of] p2b: Dipplin\n|move|p2b: Dipplin|Syrup Bomb|p1a: Iron Hands\n|-damage|p1a: Iron Hands|0 fnt\n|faint|p1a: Iron Hands\n|-end|p1a: Iron Hands|Quark Drive|[silent]\n|\n|upkeep\n|turn|13\n|\n|t:|1700088597\n|move|p1b: Landorus|Sludge Bomb|p2b: Dipplin\n|-supereffective|p2b: Dipplin\n|-damage|p2b: Dipplin|7\/100\n|move|p2b: Dipplin|Draco Meteor|p1b: Landorus|[miss]\n|-miss|p2b: Dipplin|p1b: Landorus\n|\n|upkeep\n|turn|14\n|\n|t:|1700088604\n|move|p1b: Landorus|Sludge Bomb|p2b: Dipplin\n|-supereffective|p2b: Dipplin\n|-damage|p2b: Dipplin|0 fnt\n|faint|p2b: Dipplin\n|\n|win|w0rkj0\n|raw|w0rkj0's rating: 1160 &rarr; <strong>1184<\/strong><br \/>(+24 for winning)\n|raw|Nervoneo's rating: 1145 &rarr; <strong>1121<\/strong><br \/>(-24 for losing)\n|c|\u2606Nervoneo|ggwp\n","uploadtime":1700088612,"views":11,"p1id":"w0rkj0","p2id":"nervoneo","formatid":"gen9vgc2023regulatione","rating":1121,"private":0,"password":""}