{"id":"gen9vgc2023regulatione-1992117063","p1":"funky skunkaroo","p2":"EpicSlapShot6","format":"[Gen 9] VGC 2023 Regulation E","log":"|j|\u2606funky skunkaroo\n|j|\u2606EpicSlapShot6\n|t:|1700156491\n|gametype|doubles\n|player|p1|funky skunkaroo|shadowtriad|1060\n|player|p2|EpicSlapShot6|101|1085\n|teamsize|p1|6\n|teamsize|p2|6\n|gen|9\n|tier|[Gen 9] VGC 2023 Regulation E\n|rated|\n|rule|Species Clause: Limit one of each Pok\u00e9mon\n|rule|Item Clause: Limit one of each item\n|clearpoke\n|poke|p1|Furret, L50, F|\n|poke|p1|Tornadus, L50, M|\n|poke|p1|Clefairy, L50, F|\n|poke|p1|Flutter Mane, L50|\n|poke|p1|Landorus-Therian, L50, M|\n|poke|p1|Ogerpon-Hearthflame, L50, F|\n|poke|p2|Landorus-Therian, L50, M|\n|poke|p2|Amoonguss, L50, M|\n|poke|p2|Gholdengo, L50|\n|poke|p2|Cloyster, L50, M|\n|poke|p2|Iron Hands, L50|\n|poke|p2|Roaring Moon, L50|\n|teampreview|4\n|inactive|Battle timer is ON: inactive players will automatically lose when time's up. (requested by EpicSlapShot6)\n|inactive|funky skunkaroo also wants the timer to be on.\n|inactive|EpicSlapShot6 has 60 seconds left.\n|\n|t:|1700156530\n|start\n|switch|p1a: franklin delano|Tornadus, L50, M|100\/100\n|switch|p1b: teddy roosevelt|Landorus-Therian, L50, M|100\/100\n|switch|p2a: Iron Hands|Iron Hands, L50|100\/100\n|switch|p2b: Cloyster|Cloyster, L50, M|100\/100\n|-ability|p1b: teddy roosevelt|Intimidate|boost\n|-unboost|p2a: Iron Hands|atk|1\n|-unboost|p2b: Cloyster|atk|1\n|turn|1\n|inactive|EpicSlapShot6 has 30 seconds left.\n|inactive|EpicSlapShot6 has 20 seconds left.\n|\n|t:|1700156565\n|move|p1a: franklin delano|Taunt|p2b: Cloyster\n|-start|p2b: Cloyster|move: Taunt\n|move|p2b: Cloyster|Ice Shard|p1a: franklin delano\n|-supereffective|p1a: franklin delano\n|-damage|p1a: franklin delano|71\/100\n|move|p1b: teddy roosevelt|Stomping Tantrum|p2a: Iron Hands\n|-supereffective|p2a: Iron Hands\n|-damage|p2a: Iron Hands|38\/100\n|move|p2a: Iron Hands|Wild Charge|p1b: teddy roosevelt\n|-immune|p1b: teddy roosevelt\n|\n|upkeep\n|turn|2\n|\n|t:|1700156581\n|move|p1a: franklin delano|Tailwind|p1a: franklin delano\n|-sidestart|p1: funky skunkaroo|move: Tailwind\n|move|p1b: teddy roosevelt|Stomping Tantrum|p2a: Iron Hands\n|-supereffective|p2a: Iron Hands\n|-damage|p2a: Iron Hands|0 fnt\n|faint|p2a: Iron Hands\n|-end|p2a: Iron Hands|Quark Drive|[silent]\n|move|p2b: Cloyster|Icicle Spear|p1b: teddy roosevelt\n|-supereffective|p1b: teddy roosevelt\n|-damage|p1b: teddy roosevelt|73\/100\n|-supereffective|p1b: teddy roosevelt\n|-damage|p1b: teddy roosevelt|41\/100\n|-supereffective|p1b: teddy roosevelt\n|-damage|p1b: teddy roosevelt|9\/100\n|-supereffective|p1b: teddy roosevelt\n|-damage|p1b: teddy roosevelt|0 fnt\n|faint|p1b: teddy roosevelt\n|-hitcount|p1: teddy roosevelt|4\n|\n|upkeep\n|\n|t:|1700156598\n|switch|p1b: eleanor roosevelt|Flutter Mane, L50|100\/100\n|switch|p2a: Amoonguss|Amoonguss, L50, M|100\/100\n|-enditem|p1b: eleanor roosevelt|Booster Energy\n|-activate|p1b: eleanor roosevelt|ability: Protosynthesis|[fromitem]\n|-start|p1b: eleanor roosevelt|protosynthesisspa\n|turn|3\n|\n|t:|1700156623\n|move|p1a: franklin delano|Taunt|p2a: Amoonguss\n|-start|p2a: Amoonguss|move: Taunt\n|move|p1b: eleanor roosevelt|Dazzling Gleam|p2b: Cloyster|[spread] p2a,p2b\n|-resisted|p2a: Amoonguss\n|-damage|p2a: Amoonguss|87\/100\n|-enditem|p2b: Cloyster|Focus Sash\n|-damage|p2b: Cloyster|1\/100\n|move|p2b: Cloyster|Icicle Spear|p1a: franklin delano\n|-supereffective|p1a: franklin delano\n|-damage|p1a: franklin delano|52\/100\n|-supereffective|p1a: franklin delano\n|-damage|p1a: franklin delano|33\/100\n|-enditem|p1a: franklin delano|Sitrus Berry|[eat]\n|-heal|p1a: franklin delano|57\/100|[from] item: Sitrus Berry\n|-supereffective|p1a: franklin delano\n|-damage|p1a: franklin delano|38\/100\n|-supereffective|p1a: franklin delano\n|-damage|p1a: franklin delano|21\/100\n|-supereffective|p1a: franklin delano\n|-damage|p1a: franklin delano|2\/100\n|-hitcount|p1a: franklin delano|5\n|cant|p2a: Amoonguss|move: Taunt|Spore\n|\n|-heal|p2a: Amoonguss|93\/100|[from] item: Black Sludge\n|-end|p2b: Cloyster|move: Taunt\n|upkeep\n|turn|4\n|c|\u2606funky skunkaroo|damn these crabby patties best damn crabby patties ive had so uhhhhhhhh you tryna fuck\n|c|\u2606funky skunkaroo|meow fuck out the way\n|inactive|EpicSlapShot6 has 30 seconds left.\n|\n|t:|1700156652\n|move|p2b: Cloyster|Ice Shard|p1a: franklin delano\n|-supereffective|p1a: franklin delano\n|-damage|p1a: franklin delano|0 fnt\n|faint|p1a: franklin delano\n|move|p1b: eleanor roosevelt|Shadow Ball|p2a: Amoonguss\n|-damage|p2a: Amoonguss|59\/100\n|move|p2a: Amoonguss|Pollen Puff|p2b: Cloyster\n|-heal|p2b: Cloyster|51\/100\n|\n|-heal|p2a: Amoonguss|65\/100|[from] item: Black Sludge\n|upkeep\n|\n|t:|1700156658\n|switch|p1a: bess truman|Clefairy, L50, F|100\/100\n|turn|5\n|inactive|EpicSlapShot6 has 30 seconds left.\n|\n|t:|1700156684\n|move|p1a: bess truman|Helping Hand|p1b: eleanor roosevelt\n|-singleturn|p1b: eleanor roosevelt|Helping Hand|[of] p1a: bess truman\n|move|p1b: eleanor roosevelt|Dazzling Gleam|p2b: Cloyster|[spread] p2a,p2b\n|-resisted|p2a: Amoonguss\n|-damage|p2a: Amoonguss|45\/100\n|-damage|p2b: Cloyster|0 fnt\n|faint|p2b: Cloyster\n|move|p2a: Amoonguss|Pollen Puff|p2: Cloyster|[notarget]\n|-fail|p2a: Amoonguss\n|\n|-heal|p2a: Amoonguss|51\/100|[from] item: Black Sludge\n|-end|p2a: Amoonguss|move: Taunt\n|-sideend|p1: funky skunkaroo|move: Tailwind\n|upkeep\n|\n|t:|1700156695\n|switch|p2b: Gholdengo|Gholdengo, L50|100\/100\n|turn|6\n|\n|t:|1700156714\n|move|p1a: bess truman|Helping Hand|p1b: eleanor roosevelt\n|-singleturn|p1b: eleanor roosevelt|Helping Hand|[of] p1a: bess truman\n|move|p1b: eleanor roosevelt|Shadow Ball|p2a: Amoonguss\n|-damage|p2a: Amoonguss|0 fnt\n|faint|p2a: Amoonguss\n|move|p2b: Gholdengo|Thunder Wave|p1b: eleanor roosevelt\n|-status|p1b: eleanor roosevelt|par\n|\n|upkeep\n|turn|7\n|\n|t:|1700156726\n|move|p1a: bess truman|Follow Me|p1a: bess truman\n|-singleturn|p1a: bess truman|move: Follow Me\n|move|p2b: Gholdengo|Hex|p1a: bess truman\n|-damage|p1a: bess truman|77\/100\n|move|p1b: eleanor roosevelt|Shadow Ball|p2b: Gholdengo\n|-supereffective|p2b: Gholdengo\n|-damage|p2b: Gholdengo|0 fnt\n|faint|p2b: Gholdengo\n|\n|win|funky skunkaroo\n|raw|funky skunkaroo's rating: 1060 &rarr; <strong>1093<\/strong><br \/>(+33 for winning)\n|raw|EpicSlapShot6's rating: 1085 &rarr; <strong>1061<\/strong><br \/>(-24 for losing)\n","uploadtime":1700156626,"views":26,"p1id":"funkyskunkaroo","p2id":"epicslapshot6","formatid":"gen9vgc2023regulatione","rating":1061,"private":0,"password":""}