{"id":"gen9vgc2023regulatione-1990253538","p1":"bobforte22","p2":"TTar is DooDoo","format":"[Gen 9] VGC 2023 Regulation E","log":"|j|\u2606bobforte22\n|j|\u2606TTar is DooDoo\n|t:|1699945192\n|gametype|doubles\n|player|p1|bobforte22|pilot|1141\n|player|p2|TTar is DooDoo|clair|1141\n|teamsize|p1|6\n|teamsize|p2|6\n|gen|9\n|tier|[Gen 9] VGC 2023 Regulation E\n|rated|\n|rule|Species Clause: Limit one of each Pok\u00e9mon\n|rule|Item Clause: Limit one of each item\n|clearpoke\n|poke|p1|Chi-Yu, L50|\n|poke|p1|Jolteon, L50, F|\n|poke|p1|Iron Hands, L50|\n|poke|p1|Iron Bundle, L50|\n|poke|p1|Arcanine, L50, F|\n|poke|p1|Garchomp, L50, F|\n|poke|p2|Thundurus-Therian, L50, M|\n|poke|p2|Landorus-Therian, L50, M|\n|poke|p2|Tornadus-Therian, L50, M|\n|poke|p2|Roaring Moon, L50|\n|poke|p2|Gholdengo, L50|\n|poke|p2|Arcanine-Hisui, L50, F|\n|teampreview|4\nTTar is DooDoo has agreed to open team sheets.\n|inactive|Battle timer is ON: inactive players will automatically lose when time's up. (requested by bobforte22)\n|\n|t:|1699945229\n|start\n|switch|p1a: Garchomp|Garchomp, L50, F|100\/100\n|switch|p1b: Iron Hands|Iron Hands, L50|100\/100\n|switch|p2a: Roaring Moon|Roaring Moon, L50|100\/100\n|switch|p2b: Gholdengo|Gholdengo, L50|100\/100\n|-enditem|p2a: Roaring Moon|Booster Energy\n|-activate|p2a: Roaring Moon|ability: Protosynthesis|[fromitem]\n|-start|p2a: Roaring Moon|protosynthesisspe\n|turn|1\n|inactive|bobforte22 has 30 seconds left.\n|\n|t:|1699945262\n|-terastallize|p2b: Gholdengo|Dragon\n|move|p2a: Roaring Moon|Protect|p2a: Roaring Moon\n|-singleturn|p2a: Roaring Moon|Protect\n|move|p1b: Iron Hands|Fake Out|p2a: Roaring Moon\n|-activate|p2a: Roaring Moon|move: Protect\n|move|p1a: Garchomp|Swords Dance|p1a: Garchomp\n|-boost|p1a: Garchomp|atk|2\n|move|p2b: Gholdengo|Nasty Plot|p2b: Gholdengo\n|-boost|p2b: Gholdengo|spa|2\n|\n|upkeep\n|turn|2\n|\n|t:|1699945283\n|move|p2a: Roaring Moon|Tailwind|p2a: Roaring Moon\n|-sidestart|p2: TTar is DooDoo|move: Tailwind\n|move|p2b: Gholdengo|Shadow Ball|p1a: Garchomp\n|-damage|p1a: Garchomp|20\/100\n|move|p1a: Garchomp|Stomping Tantrum|p2b: Gholdengo\n|-damage|p2b: Gholdengo|26\/100\n|move|p1b: Iron Hands|Drain Punch|p2a: Roaring Moon\n|-supereffective|p2a: Roaring Moon\n|-damage|p2a: Roaring Moon|0 fnt\n|faint|p2a: Roaring Moon\n|-end|p2a: Roaring Moon|Protosynthesis|[silent]\n|\n|-heal|p2b: Gholdengo|32\/100|[from] item: Leftovers\n|upkeep\n|\n|t:|1699945297\n|switch|p2a: Tornadus|Tornadus-Therian, L50, M|100\/100\n|turn|3\n|\n|t:|1699945309\n|move|p1a: Garchomp|Protect|p1a: Garchomp\n|-singleturn|p1a: Garchomp|Protect\n|move|p2a: Tornadus|Fly||[still]\n|-prepare|p2a: Tornadus|Fly\n|-enditem|p2a: Tornadus|Power Herb\n|-anim|p2a: Tornadus|Fly|p1b: Iron Hands\n|-damage|p1b: Iron Hands|72\/100\n|move|p2b: Gholdengo|Make It Rain|p1a: Garchomp|[spread] p1b\n|-activate|p1a: Garchomp|move: Protect\n|-resisted|p1b: Iron Hands\n|-damage|p1b: Iron Hands|50\/100\n|-unboost|p2b: Gholdengo|spa|1\n|move|p1b: Iron Hands|Wild Charge|p2b: Gholdengo\n|-resisted|p2b: Gholdengo\n|-damage|p2b: Gholdengo|9\/100\n|-damage|p1b: Iron Hands|46\/100|[from] Recoil\n|\n|-heal|p2b: Gholdengo|15\/100|[from] item: Leftovers\n|upkeep\n|turn|4\n|inactive|bobforte22 has 30 seconds left.\n|inactive|bobforte22 has 20 seconds left.\n|inactive|bobforte22 has 15 seconds left.\n|\n|t:|1699945353\n|switch|p1a: Iron Bundle|Iron Bundle, L50|100\/100\n|move|p2a: Tornadus|Acrobatics|p1b: Iron Hands\n|-damage|p1b: Iron Hands|11\/100\n|move|p2b: Gholdengo|Make It Rain|p1a: Iron Bundle|[spread] p1a,p1b\n|-resisted|p1b: Iron Hands\n|-damage|p1a: Iron Bundle|0 fnt\n|-damage|p1b: Iron Hands|0 fnt\n|-unboost|p2b: Gholdengo|spa|1\n|faint|p1a: Iron Bundle\n|-end|p1a: Iron Bundle|Quark Drive|[silent]\n|faint|p1b: Iron Hands\n|-end|p1b: Iron Hands|Quark Drive|[silent]\n|\n|-heal|p2b: Gholdengo|21\/100|[from] item: Leftovers\n|upkeep\n|\n|t:|1699945363\n|switch|p1a: Garchomp|Garchomp, L50, F|20\/100\n|switch|p1b: Chi-Yu|Chi-Yu, L50|100\/100\n|-ability|p1b: Chi-Yu|Beads of Ruin\n|turn|5\n|inactive|TTar is DooDoo has 30 seconds left.\n|inactive|TTar is DooDoo has 20 seconds left.\n|inactive|TTar is DooDoo has 15 seconds left.\n|\n|t:|1699945407\n|move|p1a: Garchomp|Protect|p1a: Garchomp\n|-singleturn|p1a: Garchomp|Protect\n|move|p2a: Tornadus|Acrobatics|p1b: Chi-Yu\n|-damage|p1b: Chi-Yu|29\/100\n|move|p2b: Gholdengo|Make It Rain|p1a: Garchomp|[spread] p1b\n|-activate|p1a: Garchomp|move: Protect\n|-resisted|p1b: Chi-Yu\n|-damage|p1b: Chi-Yu|6\/100\n|-unboost|p2b: Gholdengo|spa|1\n|move|p1b: Chi-Yu|Heat Wave|p2a: Tornadus|[spread] p2a,p2b\n|-resisted|p2b: Gholdengo\n|-crit|p2b: Gholdengo\n|-damage|p2a: Tornadus|0 fnt\n|-damage|p2b: Gholdengo|0 fnt\n|faint|p2a: Tornadus\n|faint|p2b: Gholdengo\n|\n|-sideend|p2: TTar is DooDoo|move: Tailwind\n|upkeep\n|\n|t:|1699945419\n|switch|p2b: Arcanine|Arcanine-Hisui, L50, F|100\/100\n|-ability|p2b: Arcanine|Intimidate|boost\n|-unboost|p1a: Garchomp|atk|1\n|-unboost|p1b: Chi-Yu|atk|1\n|turn|6\n|\n|t:|1699945442\n|-terastallize|p1b: Chi-Yu|Ghost\n|move|p2b: Arcanine|Extreme Speed|p1a: Garchomp\n|-damage|p1a: Garchomp|0 fnt\n|-damage|p2b: Arcanine|88\/100|[from] ability: Rough Skin|[of] p1a: Garchomp\n|faint|p1a: Garchomp\n|move|p1b: Chi-Yu|Heat Wave|p2b: Arcanine\n|-resisted|p2b: Arcanine\n|-damage|p2b: Arcanine|56\/100\n|\n|upkeep\n|turn|7\n|c|\u2606TTar is DooDoo|NOOOOOOOOOOOOOOOOOOOOOOOOOOOOOOOOOOO\n|c|\u2606TTar is DooDoo|lmao i shouldve saw that\n|inactive|TTar is DooDoo has 30 seconds left.\n|c|\u2606bobforte22|Lol\n|inactive|TTar is DooDoo has 20 seconds left.\n|inactive|TTar is DooDoo has 15 seconds left.\n|inactive|TTar is DooDoo has 10 seconds left.\n|c|\u2606TTar is DooDoo|i dont think i had any other option though\n|inactive|TTar is DooDoo has 5 seconds left.\n|\n|t:|1699945493\n|move|p2b: Arcanine|Extreme Speed|p1b: Chi-Yu\n|-immune|p1b: Chi-Yu\n|move|p1b: Chi-Yu|Heat Wave|p2b: Arcanine\n|-resisted|p2b: Arcanine\n|-damage|p2b: Arcanine|23\/100\n|\n|upkeep\n|turn|8\n|c|\u2606bobforte22|You didn't\n|c|\u2606bobforte22|Gg\n|c|\u2606bobforte22|Gg\n|inactive|TTar is DooDoo has 30 seconds left.\n|\n|t:|1699945527\n|move|p2b: Arcanine|Extreme Speed|p1b: Chi-Yu\n|-immune|p1b: Chi-Yu\n|move|p1b: Chi-Yu|Heat Wave|p2b: Arcanine\n|-resisted|p2b: Arcanine\n|-damage|p2b: Arcanine|0 fnt\n|faint|p2b: Arcanine\n|\n|win|bobforte22\n|raw|bobforte22's rating: 1141 &rarr; <strong>1166<\/strong><br \/>(+25 for winning)\n|raw|TTar is DooDoo's rating: 1141 &rarr; <strong>1116<\/strong><br \/>(-25 for losing)\n","uploadtime":1699945539,"views":12,"p1id":"bobforte22","p2id":"ttarisdoodoo","formatid":"gen9vgc2023regulatione","rating":1116,"private":0,"password":""}