{"id":"gen9vgc2023regulatione-2000626064","p1":"Gavinmnkjl","p2":"thrushery2","format":"[Gen 9] VGC 2023 Regulation E","log":"|j|\u2606Gavinmnkjl\n|j|\u2606thrushery2\n|t:|1701211895\n|gametype|doubles\n|player|p1|Gavinmnkjl|policeman-gen4|1077\n|player|p2|thrushery2|hilbert|1101\n|teamsize|p1|6\n|teamsize|p2|6\n|gen|9\n|tier|[Gen 9] VGC 2023 Regulation E\n|rated|\n|rule|Species Clause: Limit one of each Pok\u00e9mon\n|rule|Item Clause: Limit one of each item\n|clearpoke\n|poke|p1|Landorus-Therian, L50, M|\n|poke|p1|Orthworm, L50, F|\n|poke|p1|Azumarill, L50, F|\n|poke|p1|Chien-Pao, L50|\n|poke|p1|Talonflame, L50, F|\n|poke|p1|Ogerpon-Wellspring, L50, F|\n|poke|p2|Flutter Mane, L50|\n|poke|p2|Tornadus, L50, M|\n|poke|p2|Regieleki, L50|\n|poke|p2|Chi-Yu, L50|\n|poke|p2|Ogerpon-Wellspring, L50, F|\n|poke|p2|Indeedee-F, L50, F|\n|teampreview|4\nthrushery2 has agreed to open team sheets.\nGavinmnkjl has agreed to open team sheets.\n|inactive|Battle timer is ON: inactive players will automatically lose when time's up. (requested by thrushery2)\n|\n|t:|1701211979\n|start\n|switch|p1a: Talonflame|Talonflame, L50, F|100\/100\n|switch|p1b: Ogerpon|Ogerpon-Wellspring, L50, F|100\/100\n|switch|p2a: Regieleki|Regieleki, L50|100\/100\n|switch|p2b: Tornadus|Tornadus, L50, M|100\/100\n|turn|1\n|\n|t:|1701212002\n|move|p1a: Talonflame|Tailwind|p1a: Talonflame\n|-sidestart|p1: Gavinmnkjl|move: Tailwind\n|move|p2b: Tornadus|Tailwind|p2b: Tornadus\n|-sidestart|p2: thrushery2|move: Tailwind\n|move|p2a: Regieleki|Electroweb|p1a: Talonflame|[spread] p1a,p1b\n|-supereffective|p1a: Talonflame\n|-damage|p1a: Talonflame|22\/100\n|-damage|p1b: Ogerpon|71\/100\n|-unboost|p1a: Talonflame|spe|1\n|-unboost|p1b: Ogerpon|spe|1\n|move|p1b: Ogerpon|Swords Dance|p1b: Ogerpon\n|-boost|p1b: Ogerpon|atk|2\n|\n|upkeep\n|turn|2\n|c|\u2606thrushery2|!weak ogerpon\n|c| thrushery2|\/raw <div class=\"infobox\">Ogerpon (ignoring abilities):<br \/><span class=\"message-effect-weak\">Weaknesses<\/span>: Bug, Fire, Flying, Ice, Poison<br \/><span class=\"message-effect-resist\">Resistances<\/span>: Electric, Grass, Ground, Water<br \/><span class=\"message-effect-immune\">Immunities<\/span>: Powder moves<\/div>\n|inactive|thrushery2 has 30 seconds left.\n|\n|t:|1701212033\n|switch|p1a: Landorus|Landorus-Therian, L50, M|100\/100\n|-ability|p1a: Landorus|Intimidate|boost\n|-unboost|p2a: Regieleki|atk|1\n|-unboost|p2b: Tornadus|atk|1\n|-terastallize|p2a: Regieleki|Ice\n|move|p1b: Ogerpon|Spiky Shield|p1b: Ogerpon\n|-singleturn|p1b: Ogerpon|move: Protect\n|move|p2a: Regieleki|Tera Blast|p1b: Ogerpon|[anim] Tera Blast Ice\n|-activate|p1b: Ogerpon|move: Protect\n|move|p2b: Tornadus|Bleakwind Storm|p1a: Landorus|[spread] p1a\n|-activate|p1b: Ogerpon|move: Protect\n|-damage|p1a: Landorus|70\/100\n|\n|upkeep\n|turn|3\n|\n|t:|1701212052\n|switch|p1b: Orthworm|Orthworm, L50, F, shiny|100\/100\n|move|p2a: Regieleki|Tera Blast|p1b: Orthworm|[anim] Tera Blast Ice\n|-resisted|p1b: Orthworm\n|-damage|p1b: Orthworm|79\/100\n|move|p2b: Tornadus|Bleakwind Storm|p1a: Landorus|[spread] p1a,p1b\n|-resisted|p1b: Orthworm\n|-damage|p1a: Landorus|40\/100\n|-damage|p1b: Orthworm|58\/100\n|-unboost|p1b: Orthworm|spe|1\n|move|p1a: Landorus|Earthquake|p2b: Tornadus|[spread] p2a\n|-heal|p1b: Orthworm|83\/100|[from] ability: Earth Eater|[of] p1a: Landorus\n|-immune|p2b: Tornadus\n|-damage|p2a: Regieleki|0 fnt\n|faint|p2a: Regieleki\n|\n|upkeep\n|c|\u2606thrushery2|!weak landorus\n|c| thrushery2|\/raw <div class=\"infobox\">Landorus (ignoring abilities):<br \/><span class=\"message-effect-weak\">Weaknesses<\/span>: <b>Ice<\/b>, Water<br \/><span class=\"message-effect-resist\">Resistances<\/span>: Bug, Fighting, Poison<br \/><span class=\"message-effect-immune\">Immunities<\/span>: Electric, Ground, Sandstorm damage<\/div>\n|\n|t:|1701212074\n|switch|p2a: Flutter Mane|Flutter Mane, L50|100\/100\n|turn|4\n|c|\u2606thrushery2|!weak steel\n|c| thrushery2|\/raw <div class=\"infobox\">Steel:<br \/><span class=\"message-effect-weak\">Weaknesses<\/span>: Fighting, Fire, Ground<br \/><span class=\"message-effect-resist\">Resistances<\/span>: Bug, Dragon, Fairy, Flying, Grass, Ice, Normal, Psychic, Rock, Steel<br \/><span class=\"message-effect-immune\">Immunities<\/span>: Poison, Sandstorm damage, Toxic<\/div>\n|inactive|thrushery2 has 30 seconds left.\n|\n|t:|1701212099\n|-terastallize|p1a: Landorus|Fire\n|move|p2a: Flutter Mane|Shadow Ball|p1b: Orthworm\n|-damage|p1b: Orthworm|25\/100\n|-unboost|p1b: Orthworm|spd|1\n|move|p2b: Tornadus|Bleakwind Storm|p1a: Landorus|[spread] p1a,p1b\n|-resisted|p1b: Orthworm\n|-damage|p1a: Landorus|10\/100\n|-damage|p1b: Orthworm|0 fnt\n|faint|p1b: Orthworm\n|move|p1a: Landorus|Earthquake|p2b: Tornadus|[spread] p2a\n|-immune|p2b: Tornadus\n|-enditem|p2a: Flutter Mane|Focus Sash\n|-damage|p2a: Flutter Mane|1\/100\n|\n|-sideend|p2: thrushery2|move: Tailwind\n|-sideend|p1: Gavinmnkjl|move: Tailwind\n|upkeep\n|\n|t:|1701212117\n|switch|p1b: Ogerpon|Ogerpon-Wellspring, L50, F|71\/100\n|turn|5\n|inactive|Gavinmnkjl has 30 seconds left.\n|inactive|Gavinmnkjl has 20 seconds left.\n|\n|t:|1701212153\n|move|p2b: Tornadus|Tailwind|p2b: Tornadus\n|-sidestart|p2: thrushery2|move: Tailwind\n|move|p2a: Flutter Mane|Dazzling Gleam|p1a: Landorus|[spread] p1a,p1b\n|-resisted|p1a: Landorus\n|-damage|p1a: Landorus|0 fnt\n|-damage|p1b: Ogerpon|31\/100\n|faint|p1a: Landorus\n|move|p1b: Ogerpon|Ivy Cudgel|p2b: Tornadus|[anim] Ivy Cudgel Water\n|-damage|p2b: Tornadus|49\/100\n|\n|upkeep\n|\n|t:|1701212159\n|switch|p1a: Talonflame|Talonflame, L50, F|22\/100\n|turn|6\n|\n|t:|1701212177\n|move|p1b: Ogerpon|Follow Me|p1b: Ogerpon\n|-singleturn|p1b: Ogerpon|move: Follow Me\n|move|p2a: Flutter Mane|Dazzling Gleam|p1b: Ogerpon|[spread] p1a,p1b\n|-resisted|p1a: Talonflame\n|-crit|p1b: Ogerpon\n|-damage|p1a: Talonflame|0 fnt\n|-damage|p1b: Ogerpon|0 fnt\n|faint|p1a: Talonflame\n|faint|p1b: Ogerpon\n|\n|win|thrushery2\n|raw|Gavinmnkjl's rating: 1077 &rarr; <strong>1057<\/strong><br \/>(-20 for losing)\n|raw|thrushery2's rating: 1101 &rarr; <strong>1124<\/strong><br \/>(+23 for winning)\n|c|\u2606thrushery2|gg\n","uploadtime":1701212185,"views":10,"p1id":"gavinmnkjl","p2id":"thrushery2","formatid":"gen9vgc2023regulatione","rating":1057,"private":0,"password":""}