{"id":"gen9vgc2023regulatione-1991576819","p1":"CharlienoB","p2":"SubmissiveToby","format":"[Gen 9] VGC 2023 Regulation E","log":"|j|\u2606CharlienoB\n|j|\u2606SubmissiveToby\n|t:|1700090193\n|gametype|doubles\n|player|p1|CharlienoB|266|1083\n|player|p2|SubmissiveToby|fisherman-gen4|1036\n|teamsize|p1|6\n|teamsize|p2|6\n|gen|9\n|tier|[Gen 9] VGC 2023 Regulation E\n|rated|\n|rule|Species Clause: Limit one of each Pok\u00e9mon\n|rule|Item Clause: Limit one of each item\n|clearpoke\n|poke|p1|Spectrier, L50|\n|poke|p1|Espathra, L50, M|\n|poke|p1|Gholdengo, L50|\n|poke|p1|Ting-Lu, L50|\n|poke|p1|Ogerpon-Wellspring, L50, F|\n|poke|p1|Arcanine-Hisui, L50, F|\n|poke|p2|Illumise, L50, F|\n|poke|p2|Gumshoos, L50, M|\n|poke|p2|Clodsire, L50, F|\n|poke|p2|Chandelure, L50, F|\n|poke|p2|Haxorus, L50, F|\n|poke|p2|Quaquaval, L50, M|\n|teampreview|4\n|inactive|Battle timer is ON: inactive players will automatically lose when time's up. (requested by SubmissiveToby)\n|\n|t:|1700090211\n|start\n|switch|p1a: Spectrier|Spectrier, L50|100\/100\n|switch|p1b: Espathra|Espathra, L50, M|100\/100\n|switch|p2a: Illumise|Illumise, L50, F, shiny|100\/100\n|switch|p2b: Chandelure|Chandelure, L50, F, shiny|100\/100\n|turn|1\n|inactive|CharlienoB has 30 seconds left.\n|\n|t:|1700090240\n|-terastallize|p2b: Chandelure|Dark\n|move|p2a: Illumise|Tailwind|p2a: Illumise\n|-sidestart|p2: SubmissiveToby|move: Tailwind\n|move|p2b: Chandelure|Dark Pulse|p1b: Espathra\n|-supereffective|p1b: Espathra\n|-damage|p1b: Espathra|0 fnt\n|faint|p1b: Espathra\n|move|p1a: Spectrier|Calm Mind|p1a: Spectrier\n|-boost|p1a: Spectrier|spa|1\n|-boost|p1a: Spectrier|spd|1\n|\n|upkeep\n|l|\u2606CharlienoB\n|inactive|CharlienoB disconnected and has a minute to reconnect!\n|player|p1|\n|j|\u2606CharlienoB\n|inactive|CharlienoB reconnected and has 35 seconds left.\n|player|p1|CharlienoB|266\n|\n|t:|1700090264\n|switch|p1b: Ogerpon|Ogerpon-Wellspring, L50, F|100\/100\n|turn|2\n|\n|t:|1700090277\n|move|p2a: Illumise|Encore|p1a: Spectrier\n|-start|p1a: Spectrier|Encore\n|move|p2b: Chandelure|Dark Pulse|p1a: Spectrier\n|-supereffective|p1a: Spectrier\n|-damage|p1a: Spectrier|41\/100\n|move|p1b: Ogerpon|Ivy Cudgel|p2b: Chandelure|[anim] Ivy Cudgel Water\n|-damage|p2b: Chandelure|16\/100\n|move|p1a: Spectrier|Calm Mind|p1a: Spectrier\n|-boost|p1a: Spectrier|spa|1\n|-boost|p1a: Spectrier|spd|1\n|\n|-heal|p1a: Spectrier|47\/100|[from] item: Leftovers\n|upkeep\n|turn|3\n|\n|t:|1700090297\n|-terastallize|p1a: Spectrier|Fairy\n|move|p2a: Illumise|Dazzling Gleam|p1a: Spectrier|[spread] p1a,p1b\n|-damage|p1a: Spectrier|40\/100\n|-damage|p1b: Ogerpon|85\/100\n|move|p2b: Chandelure|Heat Wave|p1b: Ogerpon|[spread] p1a,p1b\n|-damage|p1a: Spectrier|20\/100\n|-damage|p1b: Ogerpon|30\/100\n|move|p1b: Ogerpon|Ivy Cudgel|p2b: Chandelure|[anim] Ivy Cudgel Water\n|-damage|p2b: Chandelure|0 fnt\n|faint|p2b: Chandelure\n|move|p1a: Spectrier|Calm Mind|p1a: Spectrier\n|-boost|p1a: Spectrier|spa|1\n|-boost|p1a: Spectrier|spd|1\n|\n|-heal|p1a: Spectrier|25\/100|[from] item: Leftovers\n|upkeep\n|\n|t:|1700090307\n|switch|p2b: Darkwing Duck|Quaquaval, L50, M|100\/100\n|turn|4\n|\n|t:|1700090324\n|switch|p1b: Arcanine|Arcanine-Hisui, L50, F|100\/100\n|-ability|p1b: Arcanine|Intimidate|boost\n|-unboost|p2a: Illumise|atk|1\n|-unboost|p2b: Darkwing Duck|atk|1\n|move|p2a: Illumise|Dazzling Gleam|p1b: Arcanine|[spread] p1a,p1b\n|-resisted|p1b: Arcanine\n|-damage|p1a: Spectrier|20\/100\n|-damage|p1b: Arcanine|93\/100\n|move|p2b: Darkwing Duck|Brick Break|p1b: Arcanine\n|-supereffective|p1b: Arcanine\n|-damage|p1b: Arcanine|10\/100\n|move|p1a: Spectrier|Calm Mind|p1a: Spectrier\n|-boost|p1a: Spectrier|spa|1\n|-boost|p1a: Spectrier|spd|1\n|\n|-heal|p1a: Spectrier|26\/100|[from] item: Leftovers\n|-end|p1a: Spectrier|Encore\n|-sideend|p2: SubmissiveToby|move: Tailwind\n|upkeep\n|turn|5\n|\n|t:|1700090346\n|switch|p1b: Ogerpon|Ogerpon-Wellspring, L50, F|30\/100\n|move|p1a: Spectrier|Protect|p1a: Spectrier\n|-singleturn|p1a: Spectrier|Protect\n|move|p2a: Illumise|Tailwind|p2a: Illumise\n|-sidestart|p2: SubmissiveToby|move: Tailwind\n|move|p2b: Darkwing Duck|Aqua Step|p1a: Spectrier\n|-activate|p1a: Spectrier|move: Protect\n|\n|-heal|p1a: Spectrier|32\/100|[from] item: Leftovers\n|upkeep\n|turn|6\n|\n|t:|1700090367\n|move|p2a: Illumise|Dazzling Gleam|p1a: Spectrier|[spread] p1a,p1b\n|-damage|p1a: Spectrier|27\/100\n|-damage|p1b: Ogerpon|14\/100\n|move|p2b: Darkwing Duck|Brick Break|p1b: Ogerpon\n|-damage|p1b: Ogerpon|0 fnt\n|faint|p1b: Ogerpon\n|-ability|p2b: Darkwing Duck|Moxie|boost\n|-boost|p2b: Darkwing Duck|atk|1\n|move|p1a: Spectrier|Draining Kiss|p2b: Darkwing Duck\n|-supereffective|p2b: Darkwing Duck\n|-damage|p2b: Darkwing Duck|0 fnt\n|-heal|p1a: Spectrier|98\/100|[from] drain|[of] p2b: Darkwing Duck\n|faint|p2b: Darkwing Duck\n|-ability|p1a: Spectrier|Grim Neigh|boost\n|-boost|p1a: Spectrier|spa|1\n|\n|-heal|p1a: Spectrier|100\/100|[from] item: Leftovers\n|upkeep\n|inactive|SubmissiveToby has 30 seconds left.\n|\n|t:|1700090401\n|switch|p1b: Arcanine|Arcanine-Hisui, L50, F|10\/100\n|switch|p2b: Trump Weasel|Gumshoos, L50, M|100\/100\n|-ability|p1b: Arcanine|Intimidate|boost\n|-unboost|p2a: Illumise|atk|1\n|-unboost|p2b: Trump Weasel|atk|1\n|turn|7\n|\n|t:|1700090418\n|move|p1b: Arcanine|Extreme Speed|p2a: Illumise\n|-damage|p2a: Illumise|50\/100\n|move|p2a: Illumise|Charm|p1b: Arcanine\n|-unboost|p1b: Arcanine|atk|2\n|move|p1a: Spectrier|Snarl|p2b: Trump Weasel|[spread] p2a,p2b\n|-damage|p2a: Illumise|0 fnt\n|-damage|p2b: Trump Weasel|34\/100\n|-unboost|p2b: Trump Weasel|spa|1\n|faint|p2a: Illumise\n|-ability|p1a: Spectrier|Grim Neigh|boost\n|-boost|p1a: Spectrier|spa|1\n|move|p2b: Trump Weasel|Crunch|p1a: Spectrier\n|-resisted|p1a: Spectrier\n|-damage|p1a: Spectrier|81\/100\n|-unboost|p1a: Spectrier|def|1\n|-damage|p2b: Trump Weasel|25\/100|[from] item: Life Orb\n|\n|-heal|p1a: Spectrier|87\/100|[from] item: Leftovers\n|upkeep\n|turn|8\n|inactive|SubmissiveToby has 30 seconds left.\n|\n|t:|1700090445\n|move|p1b: Arcanine|Extreme Speed|p2b: Trump Weasel\n|-damage|p2b: Trump Weasel|0 fnt\n|faint|p2b: Trump Weasel\n|\n|win|CharlienoB\n|raw|CharlienoB's rating: 1083 &rarr; <strong>1107<\/strong><br \/>(+24 for winning)\n|raw|SubmissiveToby's rating: 1036 &rarr; <strong>1023<\/strong><br \/>(-13 for losing)\n","uploadtime":1700090459,"views":26,"p1id":"charlienob","p2id":"submissivetoby","formatid":"gen9vgc2023regulatione","rating":1023,"private":0,"password":""}