{"id":"gen9vgc2023regulatione-1996050191","p1":"namkison","p2":"Zealssb1899","format":"[Gen 9] VGC 2023 Regulation E","log":"|j|\u2606namkison\n|j|\u2606Zealssb1899\n|t:|1700635526\n|gametype|doubles\n|player|p1|namkison|cyclist|\n|player|p2|Zealssb1899|roxanne|\n|teamsize|p1|6\n|teamsize|p2|6\n|gen|9\n|tier|[Gen 9] VGC 2023 Regulation E\n|rule|Species Clause: Limit one of each Pok\u00e9mon\n|rule|Item Clause: Limit one of each item\n|clearpoke\n|poke|p1|Chi-Yu, L50|\n|poke|p1|Tatsugiri, L50, M|\n|poke|p1|Flutter Mane, L50|\n|poke|p1|Dragonite, L50, F|\n|poke|p1|Dondozo, L50, F|\n|poke|p1|Wo-Chien, L50|\n|poke|p2|Garchomp, L50, F|\n|poke|p2|Arcanine-Hisui, L50, M|\n|poke|p2|Meowscarada, L50, M|\n|poke|p2|Skeledirge, L50, M|\n|poke|p2|Scream Tail, L50|\n|poke|p2|Golem, L50, F|\n|teampreview|4\n|inactive|Battle timer is ON: inactive players will automatically lose when time's up. (requested by namkison)\n|inactive|Zealssb1899 has 60 seconds left.\n|\n|t:|1700635570\n|start\n|switch|p1a: Tomdozo|Dondozo, L50, F|100\/100\n|switch|p1b: Tatsujerry|Tatsugiri, L50, M|100\/100\n|switch|p2a: Kirb|Scream Tail, L50|100\/100\n|switch|p2b: Gex|Skeledirge, L50, M|100\/100\n|-activate|p1b: Tatsujerry|ability: Commander|[of] p1a: Tomdozo\n|-boost|p1a: Tomdozo|atk|2\n|-boost|p1a: Tomdozo|spa|2\n|-boost|p1a: Tomdozo|spe|2\n|-boost|p1a: Tomdozo|def|2\n|-boost|p1a: Tomdozo|spd|2\n|turn|1\n|\n|t:|1700635589\n|-terastallize|p1a: Tomdozo|Fire\n|-terastallize|p2b: Gex|Fairy\n|move|p2a: Kirb|Light Screen|p2a: Kirb\n|-sidestart|p2: Zealssb1899|move: Light Screen\n|move|p1a: Tomdozo|Rain Dance|p1a: Tomdozo\n|-weather|RainDance\n|move|p2b: Gex|Will-O-Wisp|p1a: Tomdozo\n|-immune|p1a: Tomdozo\n|\n|-weather|RainDance|[upkeep]\n|upkeep\n|turn|2\n|inactive|Zealssb1899 has 30 seconds left.\n|j| soleilfe\n|\n|t:|1700635623\n|move|p2a: Kirb|Reflect|p2a: Kirb\n|-sidestart|p2: Zealssb1899|Reflect\n|move|p1a: Tomdozo|Heavy Slam|p2a: Kirb\n|-supereffective|p2a: Kirb\n|-damage|p2a: Kirb|34\/100\n|move|p2b: Gex|Slack Off||[still]\n|-fail|p2b: Gex|heal\n|\n|-weather|RainDance|[upkeep]\n|upkeep\n|turn|3\n|inactive|Zealssb1899 has 30 seconds left.\n|inactive|Zealssb1899 has 20 seconds left.\n|\n|t:|1700635661\n|move|p2a: Kirb|Dazzling Gleam|p1a: Tomdozo|[spread] p1a\n|-miss|p2a: Kirb|p1b: Tatsujerry\n|-resisted|p1a: Tomdozo\n|-damage|p1a: Tomdozo|97\/100\n|move|p1a: Tomdozo|Heavy Slam|p2a: Kirb\n|-supereffective|p2a: Kirb\n|-damage|p2a: Kirb|0 fnt\n|faint|p2a: Kirb\n|-end|p2a: Kirb|Protosynthesis|[silent]\n|move|p2b: Gex|Torch Song|p1a: Tomdozo\n|-resisted|p1a: Tomdozo\n|-damage|p1a: Tomdozo|90\/100\n|-boost|p2b: Gex|spa|1\n|\n|-weather|RainDance|[upkeep]\n|-heal|p1a: Tomdozo|96\/100|[from] item: Leftovers\n|upkeep\n|\n|t:|1700635667\n|switch|p2a: Land Hoe|Garchomp, L50, F|100\/100\n|turn|4\n|\n|t:|1700635685\n|move|p2a: Land Hoe|Stomping Tantrum|p1a: Tomdozo\n|-supereffective|p1a: Tomdozo\n|-damage|p1a: Tomdozo|70\/100\n|move|p1a: Tomdozo|Wave Crash|p2a: Land Hoe\n|-damage|p2a: Land Hoe|2\/100\n|-damage|p1a: Tomdozo|58\/100|[from] ability: Rough Skin|[of] p2a: Land Hoe\n|-damage|p1a: Tomdozo|32\/100|[from] Recoil\n|move|p2b: Gex|Torch Song|p1a: Tomdozo\n|-resisted|p1a: Tomdozo\n|-damage|p1a: Tomdozo|22\/100\n|-boost|p2b: Gex|spa|1\n|\n|-weather|RainDance|[upkeep]\n|-heal|p1a: Tomdozo|28\/100|[from] item: Leftovers\n|upkeep\n|turn|5\n|\n|t:|1700635699\n|move|p2a: Land Hoe|Stomping Tantrum|p1a: Tomdozo\n|-supereffective|p1a: Tomdozo\n|-damage|p1a: Tomdozo|0 fnt\n|faint|p1a: Tomdozo\n|move|p2b: Gex|Torch Song|p1b: Tatsujerry\n|-resisted|p1b: Tatsujerry\n|-damage|p1b: Tatsujerry|92\/100\n|-boost|p2b: Gex|spa|1\n|\n|-weather|none\n|upkeep\n|\n|t:|1700635711\n|switch|p1a: Perry|Flutter Mane, L50|100\/100\n|-enditem|p1a: Perry|Booster Energy\n|-activate|p1a: Perry|ability: Protosynthesis|[fromitem]\n|-start|p1a: Perry|protosynthesisspa\n|turn|6\n|\n|t:|1700635732\n|move|p2a: Land Hoe|Stomping Tantrum|p1a: Perry\n|-damage|p1a: Perry|22\/100\n|move|p1b: Tatsujerry|Tera Blast|p2b: Gex\n|-crit|p2b: Gex\n|-damage|p2b: Gex|68\/100\n|move|p1a: Perry|Icy Wind|p2a: Land Hoe|[spread] p2a,p2b\n|-supereffective|p2a: Land Hoe\n|-damage|p2a: Land Hoe|0 fnt\n|-damage|p2b: Gex|55\/100\n|-unboost|p2b: Gex|spe|1\n|faint|p2a: Land Hoe\n|move|p2b: Gex|Hex|p1b: Tatsujerry\n|-damage|p1b: Tatsujerry|19\/100\n|\n|-heal|p2b: Gex|61\/100|[from] item: Leftovers\n|upkeep\n|\n|t:|1700635735\n|switch|p2a: Chumpy|Meowscarada, L50, M|100\/100\n|turn|7\n|inactive|Zealssb1899 has 30 seconds left.\n|inactive|Zealssb1899 has 20 seconds left.\n|\n|t:|1700635771\n|move|p2a: Chumpy|Flower Trick|p1a: Perry\n|-start|p2a: Chumpy|typechange|Grass|[from] ability: Protean\n|-crit|p1a: Perry\n|-damage|p1a: Perry|0 fnt\n|faint|p1a: Perry\n|-end|p1a: Perry|Protosynthesis|[silent]\n|move|p1b: Tatsujerry|Tera Blast|p2a: Chumpy\n|-damage|p2a: Chumpy|75\/100\n|move|p2b: Gex|Slack Off|p2b: Gex\n|-heal|p2b: Gex|100\/100\n|\n|upkeep\n|c|\u2606namkison|AAAAAUUUUUUGGGGGGGHHHHHHH\n|\n|t:|1700635786\n|switch|p1a: joel|Chi-Yu, L50|100\/100\n|-ability|p1a: joel|Beads of Ruin\n|turn|8\n|inactive|namkison has 30 seconds left.\n|\n|t:|1700635817\n|move|p2a: Chumpy|Flower Trick|p1b: Tatsujerry\n|-crit|p1b: Tatsujerry\n|-damage|p1b: Tatsujerry|0 fnt\n|faint|p1b: Tatsujerry\n|move|p1a: joel|Heat Wave|p2b: Gex|[spread] p2b\n|-miss|p1a: joel|p2a: Chumpy\n|-damage|p2b: Gex|51\/100\n|move|p2b: Gex|Hex|p1a: joel\n|-resisted|p1a: joel\n|-crit|p1a: joel\n|-damage|p1a: joel|56\/100\n|\n|-heal|p2b: Gex|57\/100|[from] item: Leftovers\n|-sideend|p2: Zealssb1899|move: Light Screen\n|upkeep\n|turn|9\n|\n|t:|1700635830\n|move|p2a: Chumpy|Flower Trick|p1a: joel\n|-resisted|p1a: joel\n|-crit|p1a: joel\n|-damage|p1a: joel|22\/100\n|move|p1a: joel|Heat Wave|p2b: Gex|[spread] p2a,p2b\n|-supereffective|p2a: Chumpy\n|-damage|p2a: Chumpy|0 fnt\n|-damage|p2b: Gex|0 fnt\n|faint|p2a: Chumpy\n|faint|p2b: Gex\n|\n|win|namkison\n|c|\u2606namkison|NO FREAKING WAY\n|c|\u2606namkison|WHAT\n|c|\u2606namkison|LMFAOOOO\n|l| soleilfe\n|c|\u2606namkison|gg's xD\n|c|\u2606Zealssb1899|gg's\n|c|\u2606Zealssb1899|i knew it was over after the light screen was up\n|c|\u2606namkison|i thought you totally had it LMFAO heatwave destroyed i was not expecting it to hit both pokemon and killing them\n","uploadtime":1700636027,"views":16,"p1id":"namkison","p2id":"zealssb1899","formatid":"gen9vgc2023regulatione","rating":0,"private":0,"password":""}