{"id":"gen9vgc2023regulatione-1988031519","p1":"Sour Cigar","p2":"fresitaasesina","format":"[Gen 9] VGC 2023 Regulation E","log":"|j|\u2606Sour Cigar\n|j|\u2606fresitaasesina\n|t:|1699661264\n|gametype|doubles\n|player|p1|Sour Cigar|cynthia|1430\n|player|p2|fresitaasesina|clair|1507\n|teamsize|p1|6\n|teamsize|p2|6\n|gen|9\n|tier|[Gen 9] VGC 2023 Regulation E\n|rated|\n|rule|Species Clause: Limit one of each Pok\u00e9mon\n|rule|Item Clause: Limit one of each item\n|clearpoke\n|poke|p1|Urshifu-*, L50, M|\n|poke|p1|Gholdengo, L50|\n|poke|p1|Roaring Moon, L50|\n|poke|p1|Amoonguss, L50, F|\n|poke|p1|Farigiraf, L50, F|\n|poke|p1|Arcanine-Hisui, L50, F|\n|poke|p2|Milotic, L50, M|\n|poke|p2|Kingambit, L50, M|\n|poke|p2|Tornadus, L50, M|\n|poke|p2|Flutter Mane, L50|\n|poke|p2|Iron Hands, L50|\n|poke|p2|Ogerpon-Hearthflame, L50, F|\n|teampreview|4\n|inactive|Battle timer is ON: inactive players will automatically lose when time's up. (requested by Sour Cigar)\nSour Cigar has agreed to open team sheets.\nfresitaasesina has agreed to open team sheets.\n|inactive|fresitaasesina has 30 seconds left.\n|inactive|fresitaasesina has 20 seconds left.\n|inactive|fresitaasesina has 15 seconds left.\n|inactive|fresitaasesina has 10 seconds left.\n|inactive|fresitaasesina has 5 seconds left.\n|\n|t:|1699661320\n|start\n|switch|p1a: Gholdengo|Gholdengo, L50|100\/100\n|switch|p1b: Roaring Moon|Roaring Moon, L50|100\/100\n|switch|p2a: Kingambit|Kingambit, L50, M|100\/100\n|switch|p2b: Iron Hands|Iron Hands, L50|100\/100\n|-enditem|p1b: Roaring Moon|Booster Energy\n|-activate|p1b: Roaring Moon|ability: Protosynthesis|[fromitem]\n|-start|p1b: Roaring Moon|protosynthesisspe\n|turn|1\n|\n|t:|1699661338\n|switch|p1a: Amoonguss|Amoonguss, L50, F, shiny|100\/100\n|move|p1b: Roaring Moon|Protect|p1b: Roaring Moon\n|-singleturn|p1b: Roaring Moon|Protect\n|move|p2b: Iron Hands|Fake Out|p1b: Roaring Moon\n|-activate|p1b: Roaring Moon|move: Protect\n|move|p2a: Kingambit|Swords Dance|p2a: Kingambit\n|-boost|p2a: Kingambit|atk|2\n|\n|upkeep\n|turn|2\n|\n|t:|1699661359\n|-terastallize|p2a: Kingambit|Dark\n|move|p1b: Roaring Moon|Tailwind|p1b: Roaring Moon\n|-sidestart|p1: Sour Cigar|move: Tailwind\n|move|p1a: Amoonguss|Spore|p2a: Kingambit\n|-status|p2a: Kingambit|slp|[from] move: Spore\n|move|p2b: Iron Hands|Heavy Slam|p1a: Amoonguss\n|-damage|p1a: Amoonguss|61\/100\n|cant|p2a: Kingambit|slp\n|\n|upkeep\n|turn|3\n|inactive|fresitaasesina has 30 seconds left.\n|\n|t:|1699661388\n|-end|p1b: Roaring Moon|Protosynthesis|[silent]\n|switch|p1b: Urshifu|Urshifu, L50, M|100\/100\n|-end|p2b: Iron Hands|Quark Drive|[silent]\n|switch|p2b: Ogerpon|Ogerpon-Hearthflame, L50, F|100\/100\n|-ability|p2b: Ogerpon|Mold Breaker\n|move|p1a: Amoonguss|Spore|p2b: Ogerpon\n|-immune|p2b: Ogerpon\n|cant|p2a: Kingambit|slp\n|\n|upkeep\n|turn|4\n|inactive|fresitaasesina has 30 seconds left.\n|\n|t:|1699661416\n|switch|p2a: Flutter Mane|Flutter Mane, L50|100\/100\n|-terastallize|p1b: Urshifu|Dark\n|move|p1a: Amoonguss|Protect|p1a: Amoonguss\n|-singleturn|p1a: Amoonguss|Protect\n|move|p1b: Urshifu|Wicked Blow|p2b: Ogerpon\n|-crit|p2b: Ogerpon\n|-damage|p2b: Ogerpon|5\/100\n|move|p2b: Ogerpon|Ivy Cudgel|p1a: Amoonguss\n|-activate|p1a: Amoonguss|move: Protect\n|\n|upkeep\n|turn|5\n|\n|t:|1699661434\n|-end|p2a: Flutter Mane|Protosynthesis|[silent]\n|switch|p2a: Iron Hands|Iron Hands, L50|100\/100\n|switch|p1a: Roaring Moon|Roaring Moon, L50|100\/100\n|move|p1b: Urshifu|Wicked Blow|p2a: Iron Hands\n|-resisted|p2a: Iron Hands\n|-crit|p2a: Iron Hands\n|-damage|p2a: Iron Hands|73\/100\n|move|p2b: Ogerpon|Ivy Cudgel|p1a: Roaring Moon\n|-resisted|p1a: Roaring Moon\n|-crit|p1a: Roaring Moon\n|-damage|p1a: Roaring Moon|56\/100\n|\n|-sideend|p1: Sour Cigar|move: Tailwind\n|upkeep\n|turn|6\n|\n|t:|1699661463\n|move|p1b: Urshifu|Wicked Blow|p2b: Ogerpon\n|-crit|p2b: Ogerpon\n|-damage|p2b: Ogerpon|0 fnt\n|faint|p2b: Ogerpon\n|move|p1a: Roaring Moon|Breaking Swipe|p2a: Iron Hands\n|-damage|p2a: Iron Hands|56\/100\n|-unboost|p2a: Iron Hands|atk|1\n|move|p2a: Iron Hands|Drain Punch|p1b: Urshifu\n|-supereffective|p1b: Urshifu\n|-damage|p1b: Urshifu|41\/100\n|-heal|p2a: Iron Hands|79\/100|[from] drain|[of] p1b: Urshifu\n|\n|upkeep\n|\n|t:|1699661481\n|switch|p2b: Flutter Mane|Flutter Mane, L50|100\/100\n|turn|7\n|\n|t:|1699661491\n|-end|p2b: Flutter Mane|Protosynthesis|[silent]\n|switch|p2b: Kingambit|Kingambit, L50, M, tera:Dark|100\/100 slp\n|move|p1b: Urshifu|Wicked Blow|p2b: Kingambit\n|-resisted|p2b: Kingambit\n|-crit|p2b: Kingambit\n|-damage|p2b: Kingambit|66\/100 slp\n|move|p1a: Roaring Moon|Breaking Swipe|p2b: Kingambit|[spread] p2a,p2b\n|-damage|p2a: Iron Hands|67\/100\n|-damage|p2b: Kingambit|49\/100 slp\n|-unboost|p2a: Iron Hands|atk|1\n|-unboost|p2b: Kingambit|atk|1\n|-ability|p2b: Kingambit|Defiant|boost\n|-boost|p2b: Kingambit|atk|2\n|move|p2a: Iron Hands|Drain Punch|p1b: Urshifu\n|-supereffective|p1b: Urshifu\n|-damage|p1b: Urshifu|0 fnt\n|-heal|p2a: Iron Hands|82\/100|[from] drain|[of] p1b: Urshifu\n|faint|p1b: Urshifu\n|\n|upkeep\n|\n|t:|1699661508\n|switch|p1b: Amoonguss|Amoonguss, L50, F, shiny|95\/100\n|turn|8\n|\n|t:|1699661518\n|move|p1a: Roaring Moon|Protect|p1a: Roaring Moon\n|-singleturn|p1a: Roaring Moon|Protect\n|move|p1b: Amoonguss|Protect|p1b: Amoonguss\n|-singleturn|p1b: Amoonguss|Protect\n|move|p2a: Iron Hands|Drain Punch|p1a: Roaring Moon\n|-activate|p1a: Roaring Moon|move: Protect\n|cant|p2b: Kingambit|slp\n|\n|upkeep\n|turn|9\n|\n|t:|1699661536\n|move|p1a: Roaring Moon|Tailwind|p1a: Roaring Moon\n|-sidestart|p1: Sour Cigar|move: Tailwind\n|move|p1b: Amoonguss|Spore|p2a: Iron Hands\n|-status|p2a: Iron Hands|slp|[from] move: Spore\n|cant|p2a: Iron Hands|slp\n|-curestatus|p2b: Kingambit|slp|[msg]\n|move|p2b: Kingambit|Kowtow Cleave|p1b: Amoonguss\n|-damage|p1b: Amoonguss|7\/100\n|-enditem|p1b: Amoonguss|Sitrus Berry|[eat]\n|-heal|p1b: Amoonguss|32\/100|[from] item: Sitrus Berry\n|\n|upkeep\n|turn|10\n|c|\u2606fresitaasesina|?\n|c|\u2606Sour Cigar|what\n|inactive|fresitaasesina has 30 seconds left.\n|\n|t:|1699661564\n|move|p2b: Kingambit|Sucker Punch|p1a: Roaring Moon\n|-resisted|p1a: Roaring Moon\n|-damage|p1a: Roaring Moon|12\/100\n|move|p1a: Roaring Moon|Knock Off|p2b: Kingambit\n|-resisted|p2b: Kingambit\n|-damage|p2b: Kingambit|30\/100\n|-enditem|p2b: Kingambit|Black Glasses|[from] move: Knock Off|[of] p1a: Roaring Moon\n|move|p1b: Amoonguss|Spore|p2b: Kingambit\n|-status|p2b: Kingambit|slp|[from] move: Spore\n|cant|p2a: Iron Hands|slp\n|\n|upkeep\n|turn|11\n|\n|t:|1699661583\n|-end|p1a: Roaring Moon|Protosynthesis|[silent]\n|switch|p1a: Gholdengo|Gholdengo, L50|100\/100\n|move|p1b: Amoonguss|Pollen Puff|p2b: Kingambit\n|-supereffective|p2b: Kingambit\n|-damage|p2b: Kingambit|0 fnt\n|faint|p2b: Kingambit\n|-curestatus|p2a: Iron Hands|slp|[msg]\n|move|p2a: Iron Hands|Drain Punch|p1a: Gholdengo\n|-immune|p1a: Gholdengo\n|\n|upkeep\n|\n|t:|1699661594\n|switch|p2b: Flutter Mane|Flutter Mane, L50|100\/100\n|turn|12\n|\n|t:|1699661608\n|switch|p1b: Roaring Moon|Roaring Moon, L50|12\/100\n|move|p1a: Gholdengo|Make It Rain|p2b: Flutter Mane|[spread] p2a,p2b\n|-resisted|p2a: Iron Hands\n|-supereffective|p2b: Flutter Mane\n|-damage|p2a: Iron Hands|64\/100\n|-damage|p2b: Flutter Mane|0 fnt\n|-unboost|p1a: Gholdengo|spa|1\n|faint|p2b: Flutter Mane\n|-end|p2b: Flutter Mane|Protosynthesis|[silent]\n|-damage|p1a: Gholdengo|91\/100|[from] item: Life Orb\n|move|p2a: Iron Hands|Wild Charge|p1a: Gholdengo\n|-damage|p1a: Gholdengo|72\/100\n|-damage|p2a: Iron Hands|60\/100|[from] Recoil\n|\n|-sideend|p1: Sour Cigar|move: Tailwind\n|upkeep\n|turn|13\n|-message|fresitaasesina forfeited.\n|\n|win|Sour Cigar\n|raw|Sour Cigar's rating: 1430 &rarr; <strong>1454<\/strong><br \/>(+24 for winning)\n|raw|fresitaasesina's rating: 1507 &rarr; <strong>1483<\/strong><br \/>(-24 for losing)\n|l|\u2606fresitaasesina\n","uploadtime":1699661624,"views":15,"p1id":"sourcigar","p2id":"fresitaasesina","formatid":"gen9vgc2023regulatione","rating":1454,"private":0,"password":""}