{"id":"gen9vgc2023regulatione-1991343312","p1":"ace.bnz","p2":"DonPasic","format":"[Gen 9] VGC 2023 Regulation E","log":"|j|\u2606ace.bnz\n|j|\u2606DonPasic\n|n|\u2606ace.bnz|acebnz\n|n|\u2606DonPasic|donpasic\n|html|View the match progress at <a href=\"\/game-bestof3-gen9vgc2023regulatione-1991337994\">game-bestof3-gen9vgc2023regulatione-1991337994<\/a>\n|t:|1700069249\n|gametype|doubles\n|player|p1|ace.bnz|plasmagrunt|\n|player|p2|DonPasic|cynthia|\n|teamsize|p1|6\n|teamsize|p2|6\n|gen|9\n|tier|[Gen 9] VGC 2023 Regulation E\n|rule|Species Clause: Limit one of each Pok\u00e9mon\n|rule|Item Clause: Limit one of each item\n|clearpoke\n|poke|p1|Iron Hands, L50|\n|poke|p1|Roaring Moon, L50|\n|poke|p1|Amoonguss, L50, F|\n|poke|p1|Arcanine-Hisui, L50, M|\n|poke|p1|Gholdengo, L50|\n|poke|p1|Flutter Mane, L50|\n|poke|p2|Rillaboom, L50, M|\n|poke|p2|Arcanine-Hisui, L50, M|\n|poke|p2|Farigiraf, L50, F|\n|poke|p2|Iron Hands, L50|\n|poke|p2|Sinistcha, L50|\n|poke|p2|Ursaluna-Bloodmoon, L50, M|\n|teampreview|4\nace.bnz has agreed to open team sheets.\n|\n|t:|1700069299\n|start\n|switch|p1a: Roaring Moon|Roaring Moon, L50|100\/100\n|switch|p1b: Flutter Mane|Flutter Mane, L50|100\/100\n|switch|p2a: Farigiraf|Farigiraf, L50, F|100\/100\n|switch|p2b: Iron Hands|Iron Hands, L50|100\/100\n|-enditem|p1a: Roaring Moon|Booster Energy\n|-activate|p1a: Roaring Moon|ability: Protosynthesis|[fromitem]\n|-start|p1a: Roaring Moon|protosynthesisspe\n|turn|1\n|\n|t:|1700069327\n|-end|p1a: Roaring Moon|Protosynthesis|[silent]\n|switch|p1a: Iron Hands|Iron Hands, L50|100\/100\n|move|p1b: Flutter Mane|Moonblast|p2a: Farigiraf\n|-damage|p2a: Farigiraf|24\/100\n|-enditem|p2a: Farigiraf|Sitrus Berry|[eat]\n|-heal|p2a: Farigiraf|49\/100|[from] item: Sitrus Berry\n|move|p2b: Iron Hands|Heavy Slam|p1b: Flutter Mane\n|-supereffective|p1b: Flutter Mane\n|-damage|p1b: Flutter Mane|0 fnt\n|faint|p1b: Flutter Mane\n|-end|p1b: Flutter Mane|Protosynthesis|[silent]\n|move|p2a: Farigiraf|Trick Room|p2a: Farigiraf\n|-fieldstart|move: Trick Room|[of] p2a: Farigiraf\n|\n|upkeep\n|\n|t:|1700069341\n|switch|p1b: Amoonguss|Amoonguss, L50, F|100\/100\n|turn|2\n|\n|t:|1700069376\n|switch|p2a: Sinistcha|Sinistcha, L50|100\/100\n|-terastallize|p2b: Iron Hands|Grass\n|move|p1b: Amoonguss|Spore|p2b: Iron Hands\n|-immune|p2b: Iron Hands\n|move|p2b: Iron Hands|Drain Punch|p1a: Iron Hands\n|-damage|p1a: Iron Hands|73\/100\n|move|p1a: Iron Hands|Wild Charge|p2a: Sinistcha\n|-resisted|p2a: Sinistcha\n|-damage|p2a: Sinistcha|75\/100\n|-damage|p1a: Iron Hands|56\/100|[from] item: Rocky Helmet|[of] p2a: Sinistcha\n|-damage|p1a: Iron Hands|51\/100|[from] Recoil\n|\n|upkeep\n|turn|3\n|\n|t:|1700069424\n|move|p1b: Amoonguss|Pollen Puff|p2a: Sinistcha\n|-damage|p2a: Sinistcha|56\/100\n|move|p2a: Sinistcha|Calm Mind|p2a: Sinistcha\n|-boost|p2a: Sinistcha|spa|1\n|-boost|p2a: Sinistcha|spd|1\n|move|p2b: Iron Hands|Drain Punch|p1a: Iron Hands\n|-damage|p1a: Iron Hands|22\/100\n|move|p1a: Iron Hands|Drain Punch|p2b: Iron Hands\n|-damage|p2b: Iron Hands|71\/100\n|-heal|p1a: Iron Hands|37\/100|[from] drain|[of] p2b: Iron Hands\n|\n|upkeep\n|turn|4\n|\n|t:|1700069473\n|move|p1b: Amoonguss|Pollen Puff|p1a: Iron Hands\n|-heal|p1a: Iron Hands|87\/100\n|move|p2a: Sinistcha|Matcha Gotcha|p1a: Iron Hands|[spread] p1a,p1b\n|-resisted|p1b: Amoonguss\n|-crit|p1b: Amoonguss\n|-damage|p1a: Iron Hands|63\/100\n|-heal|p2a: Sinistcha|72\/100|[from] drain|[of] p1a: Iron Hands\n|-damage|p1b: Amoonguss|85\/100\n|-heal|p2a: Sinistcha|82\/100|[from] drain|[of] p1b: Amoonguss\n|-status|p1b: Amoonguss|brn\n|move|p2b: Iron Hands|Drain Punch|p1a: Iron Hands\n|-damage|p1a: Iron Hands|34\/100\n|-heal|p2b: Iron Hands|86\/100|[from] drain|[of] p1a: Iron Hands\n|move|p1a: Iron Hands|Drain Punch|p2b: Iron Hands\n|-damage|p2b: Iron Hands|54\/100\n|-heal|p1a: Iron Hands|50\/100|[from] drain|[of] p2b: Iron Hands\n|\n|-damage|p1b: Amoonguss|80\/100 brn|[from] brn\n|upkeep\n|turn|5\n|\n|t:|1700069503\n|-end|p1a: Iron Hands|Quark Drive|[silent]\n|switch|p1a: Roaring Moon|Roaring Moon, L50|100\/100\n|move|p1b: Amoonguss|Rage Powder|p1b: Amoonguss\n|-singleturn|p1b: Amoonguss|move: Rage Powder\n|move|p2a: Sinistcha|Shadow Ball|p1b: Amoonguss\n|-damage|p1b: Amoonguss|19\/100 brn\n|-enditem|p1b: Amoonguss|Sitrus Berry|[eat]\n|-heal|p1b: Amoonguss|44\/100 brn|[from] item: Sitrus Berry\n|move|p2b: Iron Hands|Heavy Slam|p1b: Amoonguss\n|-damage|p1b: Amoonguss|13\/100 brn\n|\n|-damage|p1b: Amoonguss|7\/100 brn|[from] brn\n|-fieldend|move: Trick Room\n|upkeep\n|turn|6\n|\n|t:|1700069548\n|-terastallize|p1a: Roaring Moon|Flying\n|move|p1b: Amoonguss|Rage Powder|p1b: Amoonguss\n|-singleturn|p1b: Amoonguss|move: Rage Powder\n|move|p1a: Roaring Moon|Acrobatics|p2b: Iron Hands\n|-supereffective|p2b: Iron Hands\n|-damage|p2b: Iron Hands|0 fnt\n|faint|p2b: Iron Hands\n|-end|p2b: Iron Hands|Quark Drive|[silent]\n|move|p2a: Sinistcha|Matcha Gotcha|p1b: Amoonguss|[spread] p1a,p1b\n|-resisted|p1a: Roaring Moon\n|-resisted|p1b: Amoonguss\n|-damage|p1a: Roaring Moon|77\/100\n|-heal|p2a: Sinistcha|94\/100|[from] drain|[of] p1a: Roaring Moon\n|-damage|p1b: Amoonguss|0 fnt\n|-heal|p2a: Sinistcha|98\/100|[from] drain|[of] p1b: Amoonguss\n|faint|p1b: Amoonguss\n|\n|upkeep\n|\n|t:|1700069576\n|switch|p2b: Ursaluna|Ursaluna-Bloodmoon, L50, M|100\/100\n|switch|p1b: Iron Hands|Iron Hands, L50|50\/100\n|turn|7\n|\n|t:|1700069602\n|switch|p2b: Farigiraf|Farigiraf, L50, F|49\/100\n|move|p1a: Roaring Moon|Acrobatics|p2a: Sinistcha\n|-supereffective|p2a: Sinistcha\n|-damage|p2a: Sinistcha|0 fnt\n|-damage|p1a: Roaring Moon|61\/100|[from] item: Rocky Helmet|[of] p2a: Sinistcha\n|faint|p2a: Sinistcha\n|move|p1b: Iron Hands|Drain Punch|p2b: Farigiraf\n|-damage|p2b: Farigiraf|12\/100\n|-heal|p1b: Iron Hands|67\/100|[from] drain|[of] p2b: Farigiraf\n|\n|upkeep\n|\n|t:|1700069615\n|switch|p2a: Ursaluna|Ursaluna-Bloodmoon, L50, M|100\/100\n|turn|8\n|\n|t:|1700069641\n|move|p1a: Roaring Moon|Knock Off|p2b: Farigiraf\n|-supereffective|p2b: Farigiraf\n|-damage|p2b: Farigiraf|0 fnt\n|faint|p2b: Farigiraf\n|move|p1b: Iron Hands|Drain Punch|p2a: Ursaluna\n|-supereffective|p2a: Ursaluna\n|-damage|p2a: Ursaluna|40\/100\n|-heal|p1b: Iron Hands|93\/100|[from] drain|[of] p2a: Ursaluna\n|move|p2a: Ursaluna|Blood Moon|p1b: Iron Hands\n|-damage|p1b: Iron Hands|43\/100\n|-damage|p2a: Ursaluna|30\/100|[from] item: Life Orb\n|\n|upkeep\n|turn|9\n|-message|DonPasic forfeited.\n|\n|win|ace.bnz\n|l|\u2606DonPasic\n","uploadtime":1700070067,"views":14,"p1id":"acebnz","p2id":"donpasic","formatid":"gen9vgc2023regulatione","rating":0,"private":0,"password":""}