{"id":"gen9vgc2023regulatione-1993927252","p1":"birdkeeperneek","p2":"hsenb\u59da\u67d0","format":"[Gen 9] VGC 2023 Regulation E","log":"|j|\u2606birdkeeperneek\n|j|\u2606hsenb\u59da\u67d0\n|t:|1700376849\n|gametype|doubles\n|player|p1|birdkeeperneek|102|1430\n|player|p2|hsenb\u59da\u67d0|may-contest|1436\n|teamsize|p1|6\n|teamsize|p2|6\n|gen|9\n|tier|[Gen 9] VGC 2023 Regulation E\n|rated|\n|rule|Species Clause: Limit one of each Pok\u00e9mon\n|rule|Item Clause: Limit one of each item\n|clearpoke\n|poke|p1|Corviknight, L50, M|\n|poke|p1|Arcanine-Hisui, L50, M|\n|poke|p1|Sinistcha-Masterpiece, L50|\n|poke|p1|Heatran, L50, F|\n|poke|p1|Grimmsnarl, L50, M|\n|poke|p1|Rillaboom, L50, F|\n|poke|p2|Tornadus, L50, M|\n|poke|p2|Chi-Yu, L50|\n|poke|p2|Brambleghast, L50, F|\n|poke|p2|Gholdengo, L50|\n|poke|p2|Urshifu-*, L50, M|\n|poke|p2|Flutter Mane, L50|\n|teampreview|4\n|c|\u2606birdkeeperneek|hf\n|c|\u2606birdkeeperneek|hi again\n|\n|t:|1700376900\n|start\n|switch|p1a: Grimmsnarl|Grimmsnarl, L50, M|100\/100\n|switch|p1b: Heatran|Heatran, L50, F|100\/100\n|switch|p2a: \u987a|Tornadus, L50, M|100\/100\n|switch|p2b: \u8c6a|Gholdengo, L50|100\/100\n|turn|1\n|\n|t:|1700376912\n|move|p2a: \u987a|Tailwind|p2a: \u987a\n|-sidestart|p2: hsenb\u59da\u67d0|move: Tailwind\n|move|p1a: Grimmsnarl|Light Screen|p1a: Grimmsnarl\n|-sidestart|p1: birdkeeperneek|move: Light Screen\n|move|p2b: \u8c6a|Shadow Ball|p1b: Heatran\n|-damage|p1b: Heatran|58\/100\n|move|p1b: Heatran|Heat Wave|p2b: \u8c6a|[spread] p2b\n|-miss|p1b: Heatran|p2a: \u987a\n|-supereffective|p2b: \u8c6a\n|-damage|p2b: \u8c6a|0 fnt\n|faint|p2b: \u8c6a\n|-damage|p1b: Heatran|49\/100|[from] item: Life Orb\n|\n|upkeep\n|\n|t:|1700376925\n|switch|p2b: \u8349|Brambleghast, L50, F|100\/100\n|-ability|p2b: \u8349|Wind Rider|boost\n|-boost|p2b: \u8349|atk|1\n|turn|2\n|\n|t:|1700376933\n|move|p1b: Heatran|Protect|p1b: Heatran\n|-singleturn|p1b: Heatran|Protect\n|move|p1a: Grimmsnarl|Reflect|p1a: Grimmsnarl\n|-sidestart|p1: birdkeeperneek|Reflect\n|move|p2a: \u987a|Bleakwind Storm|p1b: Heatran|[spread] p1a\n|-activate|p1b: Heatran|move: Protect\n|-damage|p1a: Grimmsnarl|84\/100\n|move|p2b: \u8349|Poltergeist|p1b: Heatran\n|-activate|p1b: Heatran|move: Protect\n|\n|upkeep\n|turn|3\n|\n|t:|1700376954\n|move|p1a: Grimmsnarl|Parting Shot|p2b: \u8349\n|-unboost|p2b: \u8349|atk|1\n|-unboost|p2b: \u8349|spa|1\n|\n|t:|1700376959\n|switch|p1a: Corviknight|Corviknight, L50, M|100\/100|[from] Parting Shot\n|move|p2a: \u987a|Bleakwind Storm|p1b: Heatran|[spread] p1b\n|-miss|p2a: \u987a|p1a: Corviknight\n|-resisted|p1b: Heatran\n|-damage|p1b: Heatran|39\/100\n|-unboost|p1b: Heatran|spe|1\n|move|p2b: \u8349|Power Whip|p1a: Corviknight\n|-resisted|p1a: Corviknight\n|-damage|p1a: Corviknight|92\/100\n|move|p1b: Heatran|Flash Cannon|p2b: \u8349\n|-crit|p2b: \u8349\n|-enditem|p2b: \u8349|Focus Sash\n|-damage|p2b: \u8349|1\/100\n|-damage|p1b: Heatran|29\/100|[from] item: Life Orb\n|\n|-heal|p1a: Corviknight|98\/100|[from] item: Leftovers\n|upkeep\n|turn|4\n|\n|t:|1700376990\n|-terastallize|p1a: Corviknight|Dragon\n|move|p2a: \u987a|Bleakwind Storm|p1a: Corviknight|[spread] p1a,p1b\n|-resisted|p1b: Heatran\n|-damage|p1a: Corviknight|82\/100\n|-damage|p1b: Heatran|20\/100\n|-ability|p1a: Corviknight|Mirror Armor\n|-unboost|p2a: \u987a|spe|1\n|move|p2b: \u8349|Poltergeist|p1a: Corviknight\n|-activate|p1a: Corviknight|move: Poltergeist|Leftovers\n|-damage|p1a: Corviknight|53\/100\n|move|p1a: Corviknight|Bulk Up|p1a: Corviknight\n|-boost|p1a: Corviknight|atk|1\n|-boost|p1a: Corviknight|def|1\n|move|p1b: Heatran|Flash Cannon|p2b: \u8349\n|-damage|p2b: \u8349|0 fnt\n|faint|p2b: \u8349\n|-damage|p1b: Heatran|10\/100|[from] item: Life Orb\n|\n|-heal|p1a: Corviknight|59\/100|[from] item: Leftovers\n|-sideend|p2: hsenb\u59da\u67d0|move: Tailwind\n|upkeep\n|\n|t:|1700377006\n|switch|p2b: \u7389\u7389|Chi-Yu, L50|100\/100\n|-ability|p2b: \u7389\u7389|Beads of Ruin\n|turn|5\n|\n|t:|1700377035\n|-terastallize|p2b: \u7389\u7389|Ghost\n|move|p1a: Corviknight|Protect|p1a: Corviknight\n|-singleturn|p1a: Corviknight|Protect\n|move|p2b: \u7389\u7389|Dark Pulse|p1a: Corviknight\n|-activate|p1a: Corviknight|move: Protect\n|move|p2a: \u987a|Bleakwind Storm|p1b: Heatran|[spread] p1b\n|-activate|p1a: Corviknight|move: Protect\n|-resisted|p1b: Heatran\n|-damage|p1b: Heatran|0 fnt\n|faint|p1b: Heatran\n|\n|-heal|p1a: Corviknight|64\/100|[from] item: Leftovers\n|upkeep\n|\n|t:|1700377054\n|switch|p1b: Rillaboom|Rillaboom, L50, F|100\/100\n|-fieldstart|move: Grassy Terrain|[from] ability: Grassy Surge|[of] p1b: Rillaboom\n|turn|6\n|\n|t:|1700377083\n|move|p1b: Rillaboom|Grassy Glide|p2b: \u7389\u7389\n|-crit|p2b: \u7389\u7389\n|-damage|p2b: \u7389\u7389|10\/100\n|move|p2b: \u7389\u7389|Heat Wave|p1b: Rillaboom|[spread] p1a,p1b\n|-resisted|p1a: Corviknight\n|-supereffective|p1b: Rillaboom\n|-damage|p1a: Corviknight|49\/100\n|-damage|p1b: Rillaboom|40\/100\n|-status|p1b: Rillaboom|brn\n|-damage|p2b: \u7389\u7389|0 fnt|[from] item: Life Orb\n|faint|p2b: \u7389\u7389\n|move|p2a: \u987a|Bleakwind Storm|p1a: Corviknight|[spread] p1a,p1b\n|-supereffective|p1b: Rillaboom\n|-damage|p1a: Corviknight|32\/100\n|-damage|p1b: Rillaboom|12\/100 brn\n|-ability|p1a: Corviknight|Mirror Armor\n|-unboost|p2a: \u987a|spe|1\n|move|p1a: Corviknight|Roost|p1a: Corviknight\n|-heal|p1a: Corviknight|82\/100\n|\n|-heal|p1b: Rillaboom|18\/100 brn|[from] Grassy Terrain\n|-heal|p1a: Corviknight|88\/100|[from] Grassy Terrain\n|-heal|p1a: Corviknight|94\/100|[from] item: Leftovers\n|-damage|p1b: Rillaboom|12\/100 brn|[from] brn\n|upkeep\n|turn|7\n|\n|t:|1700377111\n|move|p2a: \u987a|Taunt|p1a: Corviknight\n|-start|p1a: Corviknight|move: Taunt\n|move|p1b: Rillaboom|Wood Hammer|p2a: \u987a\n|-resisted|p2a: \u987a\n|-damage|p2a: \u987a|76\/100\n|-damage|p1b: Rillaboom|5\/100 brn|[from] Recoil\n|cant|p1a: Corviknight|move: Taunt|Bulk Up\n|\n|-heal|p1b: Rillaboom|11\/100 brn|[from] Grassy Terrain\n|-heal|p1a: Corviknight|99\/100|[from] Grassy Terrain\n|-heal|p1a: Corviknight|100\/100|[from] item: Leftovers\n|-damage|p1b: Rillaboom|5\/100 brn|[from] brn\n|upkeep\n|turn|8\n|\n|t:|1700377125\n|move|p1b: Rillaboom|Wood Hammer|p2a: \u987a\n|-resisted|p2a: \u987a\n|-damage|p2a: \u987a|51\/100\n|-damage|p1b: Rillaboom|0 fnt|[from] Recoil\n|faint|p1b: Rillaboom\n|move|p2a: \u987a|Bleakwind Storm|p1a: Corviknight\n|-damage|p1a: Corviknight|80\/100\n|-ability|p1a: Corviknight|Mirror Armor\n|-unboost|p2a: \u987a|spe|1\n|move|p1a: Corviknight|Power Trip|p2a: \u987a\n|-damage|p2a: \u987a|26\/100\n|\n|-heal|p1a: Corviknight|85\/100|[from] Grassy Terrain\n|-heal|p1a: Corviknight|91\/100|[from] item: Leftovers\n|-sideend|p1: birdkeeperneek|move: Light Screen\n|upkeep\n|\n|t:|1700377147\n|switch|p1b: Grimmsnarl|Grimmsnarl, L50, M|84\/100\n|turn|9\n|\n|t:|1700377152\n|move|p1a: Corviknight|Power Trip|p2a: \u987a\n|-damage|p2a: \u987a|1\/100\n|move|p1b: Grimmsnarl|Spirit Break|p2a: \u987a\n|-crit|p2a: \u987a\n|-damage|p2a: \u987a|0 fnt\n|faint|p2a: \u987a\n|\n|win|birdkeeperneek\n|raw|birdkeeperneek's rating: 1430 &rarr; <strong>1450<\/strong><br \/>(+20 for winning)\n|raw|hsenb\u59da\u67d0's rating: 1436 &rarr; <strong>1416<\/strong><br \/>(-20 for losing)\n|c|\u2606birdkeeperneek|gg\n","uploadtime":1700377161,"views":19,"p1id":"birdkeeperneek","p2id":"hsenb","formatid":"gen9vgc2023regulatione","rating":1416,"private":0,"password":""}