{"id":"gen9vgc2023regulatione-1996596271","p1":"RillaUrshiRoar","p2":"Anomalyis","format":"[Gen 9] VGC 2023 Regulation E","log":"|j|\u2606RillaUrshiRoar\n|j|\u2606Anomalyis\n|t:|1700698604\n|gametype|doubles\n|player|p1|RillaUrshiRoar|turo|1120\n|player|p2|Anomalyis|turo-ai|1140\n|teamsize|p1|6\n|teamsize|p2|6\n|gen|9\n|tier|[Gen 9] VGC 2023 Regulation E\n|rated|\n|rule|Species Clause: Limit one of each Pok\u00e9mon\n|rule|Item Clause: Limit one of each item\n|clearpoke\n|poke|p1|Rillaboom, L50, M|\n|poke|p1|Arcanine-Hisui, L50, M|\n|poke|p1|Urshifu-*, L50, M|\n|poke|p1|Chien-Pao, L50|\n|poke|p1|Roaring Moon, L50|\n|poke|p1|Gholdengo, L50|\n|poke|p2|Iron Hands, L50|\n|poke|p2|Dondozo, L50, M|\n|poke|p2|Ogerpon-Hearthflame, L50, F|\n|poke|p2|Flutter Mane, L50|\n|poke|p2|Chi-Yu, L50|\n|poke|p2|Tatsugiri, L50, F|\n|teampreview|4\n|inactive|Battle timer is ON: inactive players will automatically lose when time's up. (requested by RillaUrshiRoar)\n|inactive|Anomalyis also wants the timer to be on.\n|\n|t:|1700698622\n|start\n|switch|p1a: Hiusi|Arcanine-Hisui, L50, M, shiny|100\/100\n|switch|p1b: Rillaboom|Rillaboom, L50, M, shiny|100\/100\n|switch|p2a: Psychologist|Flutter Mane, L50, shiny|100\/100\n|switch|p2b: Asphodel|Chi-Yu, L50|100\/100\n|-ability|p2b: Asphodel|Beads of Ruin\n|-ability|p1a: Hiusi|Intimidate|boost\n|-unboost|p2a: Psychologist|atk|1\n|-unboost|p2b: Asphodel|atk|1\n|-fieldstart|move: Grassy Terrain|[from] ability: Grassy Surge|[of] p1b: Rillaboom\n|-enditem|p2a: Psychologist|Booster Energy\n|-activate|p2a: Psychologist|ability: Protosynthesis|[fromitem]\n|-start|p2a: Psychologist|protosynthesisspe\n|turn|1\n|inactive|Anomalyis has 30 seconds left.\n|\n|t:|1700698655\n|-terastallize|p1b: Rillaboom|Fire\n|move|p2a: Psychologist|Protect|p2a: Psychologist\n|-singleturn|p2a: Psychologist|Protect\n|move|p2b: Asphodel|Protect|p2b: Asphodel\n|-singleturn|p2b: Asphodel|Protect\n|move|p1a: Hiusi|Rock Slide|p2b: Asphodel|[spread] \n|-activate|p2a: Psychologist|move: Protect\n|-activate|p2b: Asphodel|move: Protect\n|move|p1b: Rillaboom|Wood Hammer|p2a: Psychologist\n|-activate|p2a: Psychologist|move: Protect\n|\n|upkeep\n|turn|2\n|\n|t:|1700698665\n|move|p2a: Psychologist|Shadow Ball|p1b: Rillaboom\n|-damage|p1b: Rillaboom|65\/100\n|move|p2b: Asphodel|Dark Pulse|p1b: Rillaboom\n|-damage|p1b: Rillaboom|26\/100\n|move|p1a: Hiusi|Rock Slide|p2b: Asphodel|[spread] p2a,p2b\n|-crit|p2a: Psychologist\n|-supereffective|p2b: Asphodel\n|-damage|p2a: Psychologist|0 fnt\n|-enditem|p2b: Asphodel|Focus Sash\n|-damage|p2b: Asphodel|1\/100\n|faint|p2a: Psychologist\n|-end|p2a: Psychologist|Protosynthesis|[silent]\n|move|p1b: Rillaboom|Wood Hammer|p2b: Asphodel\n|-resisted|p2b: Asphodel\n|-damage|p2b: Asphodel|0 fnt\n|faint|p2b: Asphodel\n|-damage|p1b: Rillaboom|26\/100|[from] Recoil\n|\n|-heal|p1b: Rillaboom|31\/100|[from] Grassy Terrain\n|upkeep\n|\n|t:|1700698673\n|switch|p2a: Torafugu|Dondozo, L50, M|100\/100\n|switch|p2b: Sashimi|Tatsugiri, L50, F|100\/100\n|-activate|p2b: Sashimi|ability: Commander|[of] p2a: Torafugu\n|-boost|p2a: Torafugu|atk|2\n|-boost|p2a: Torafugu|spa|2\n|-boost|p2a: Torafugu|spe|2\n|-boost|p2a: Torafugu|def|2\n|-boost|p2a: Torafugu|spd|2\n|turn|3\n|\n|t:|1700698679\n|move|p2a: Torafugu|Protect|p2a: Torafugu\n|-singleturn|p2a: Torafugu|Protect\n|move|p1a: Hiusi|Rock Slide|p2a: Torafugu|[spread] \n|-miss|p1a: Hiusi|p2b: Sashimi\n|-activate|p2a: Torafugu|move: Protect\n|move|p1b: Rillaboom|U-turn|p2a: Torafugu\n|-activate|p2a: Torafugu|move: Protect\n|\n|-heal|p1b: Rillaboom|37\/100|[from] Grassy Terrain\n|upkeep\n|turn|4\n|\n|t:|1700698691\n|move|p1b: Rillaboom|Grassy Glide|p2a: Torafugu\n|-supereffective|p2a: Torafugu\n|-damage|p2a: Torafugu|78\/100\n|move|p2a: Torafugu|Wave Crash|p1b: Rillaboom\n|-supereffective|p1b: Rillaboom\n|-damage|p1b: Rillaboom|0 fnt\n|faint|p1b: Rillaboom\n|-damage|p2a: Torafugu|67\/100|[from] Recoil\n|move|p1a: Hiusi|Rock Slide|p2b: Sashimi|[spread] p2a\n|-miss|p1a: Hiusi|p2b: Sashimi\n|-damage|p2a: Torafugu|52\/100\n|\n|-heal|p2a: Torafugu|58\/100|[from] Grassy Terrain\n|-heal|p2a: Torafugu|64\/100|[from] item: Leftovers\n|upkeep\n|\n|t:|1700698702\n|switch|p1b: Chien-Pao|Chien-Pao, L50|100\/100\n|-ability|p1b: Chien-Pao|Sword of Ruin\n|turn|5\n|\n|t:|1700698706\n|move|p2a: Torafugu|Protect|p2a: Torafugu\n|-singleturn|p2a: Torafugu|Protect\n|move|p1b: Chien-Pao|Haze|p1b: Chien-Pao\n|-clearallboost\n|move|p1a: Hiusi|Rock Slide|p2a: Torafugu|[spread] \n|-miss|p1a: Hiusi|p2b: Sashimi\n|-activate|p2a: Torafugu|move: Protect\n|\n|-heal|p2a: Torafugu|71\/100|[from] Grassy Terrain\n|-heal|p2a: Torafugu|77\/100|[from] item: Leftovers\n|-fieldend|move: Grassy Terrain\n|upkeep\n|turn|6\n|-message|Anomalyis forfeited.\n|\n|win|RillaUrshiRoar\n|raw|RillaUrshiRoar's rating: 1120 &rarr; <strong>1146<\/strong><br \/>(+26 for winning)\n|raw|Anomalyis's rating: 1140 &rarr; <strong>1114<\/strong><br \/>(-26 for losing)\n|l|\u2606Anomalyis\n|l|\u2606RillaUrshiRoar\n|j|\u2606RillaUrshiRoar\n|player|p1|RillaUrshiRoar|turo\n","uploadtime":1700698750,"views":6,"p1id":"rillaurshiroar","p2id":"anomalyis","formatid":"gen9vgc2023regulatione","rating":1114,"private":0,"password":""}