{"id":"gen9vgc2023regulatione-1990166366","p1":"silver82","p2":"Darg099","format":"[Gen 9] VGC 2023 Regulation E","log":"|j|\u2606silver82\n|j|\u2606Darg099\n|t:|1699931930\n|gametype|doubles\n|player|p1|silver82|erika|1240\n|player|p2|Darg099|pokemaniac|1260\n|teamsize|p1|6\n|teamsize|p2|6\n|gen|9\n|tier|[Gen 9] VGC 2023 Regulation E\n|rated|\n|rule|Species Clause: Limit one of each Pok\u00e9mon\n|rule|Item Clause: Limit one of each item\n|clearpoke\n|poke|p1|Cresselia, L50, F|\n|poke|p1|Heatran, L50, F|\n|poke|p1|Lilligant-Hisui, L50, F|\n|poke|p1|Flutter Mane, L50|\n|poke|p1|Urshifu-*, L50, F|\n|poke|p1|Brute Bonnet, L50|\n|poke|p2|Iron Bundle, L50|\n|poke|p2|Rillaboom, L50, M|\n|poke|p2|Annihilape, L50, M|\n|poke|p2|Clefairy, L50, F|\n|poke|p2|Ogerpon-Hearthflame, L50, F|\n|poke|p2|Flutter Mane, L50|\n|teampreview|4\n|\n|t:|1699931965\n|start\n|switch|p1a: Cresselia|Cresselia, L50, F|100\/100\n|switch|p1b: Flutter Mane|Flutter Mane, L50|100\/100\n|switch|p2a: Iron Bundle|Iron Bundle, L50, shiny|100\/100\n|switch|p2b: Rillaboom|Rillaboom, L50, M|100\/100\n|-fieldstart|move: Grassy Terrain|[from] ability: Grassy Surge|[of] p2b: Rillaboom\n|-enditem|p2a: Iron Bundle|Booster Energy\n|-activate|p2a: Iron Bundle|ability: Quark Drive|[fromitem]\n|-start|p2a: Iron Bundle|quarkdrivespe\n|turn|1\n|inactive|Battle timer is ON: inactive players will automatically lose when time's up. (requested by Darg099)\n|\n|t:|1699931995\n|move|p2a: Iron Bundle|Protect|p2a: Iron Bundle\n|-singleturn|p2a: Iron Bundle|Protect\n|move|p1b: Flutter Mane|Shadow Ball|p2a: Iron Bundle\n|-activate|p2a: Iron Bundle|move: Protect\n|move|p2b: Rillaboom|Taunt|p1a: Cresselia\n|-start|p1a: Cresselia|move: Taunt\n|-enditem|p1a: Cresselia|Mental Herb\n|-end|p1a: Cresselia|move: Taunt\n|move|p1a: Cresselia|Sunny Day|p1a: Cresselia\n|-weather|SunnyDay\n|-activate|p1b: Flutter Mane|ability: Protosynthesis\n|-start|p1b: Flutter Mane|protosynthesisspe\n|\n|-weather|SunnyDay|[upkeep]\n|upkeep\n|turn|2\n|inactive|silver82 has 30 seconds left.\n|\n|t:|1699932021\n|-end|p2a: Iron Bundle|Quark Drive|[silent]\n|switch|p2a: Clefairy|Clefairy, L50, F, shiny|100\/100\n|move|p1b: Flutter Mane|Shadow Ball|p2a: Clefairy\n|-damage|p2a: Clefairy|68\/100\n|move|p2b: Rillaboom|Taunt|p1a: Cresselia\n|-start|p1a: Cresselia|move: Taunt\n|cant|p1a: Cresselia|move: Taunt|Skill Swap\n|\n|-weather|SunnyDay|[upkeep]\n|-heal|p2a: Clefairy|74\/100|[from] Grassy Terrain\n|upkeep\n|turn|3\n|\n|t:|1699932045\n|switch|p1a: Lilligant|Lilligant-Hisui, L50, F|100\/100\n|move|p2a: Clefairy|Protect|p2a: Clefairy\n|-singleturn|p2a: Clefairy|Protect\n|move|p1b: Flutter Mane|Moonblast|p2b: Rillaboom\n|-damage|p2b: Rillaboom|50\/100\n|move|p2b: Rillaboom|Wood Hammer|p1b: Flutter Mane\n|-damage|p1b: Flutter Mane|0 fnt\n|faint|p1b: Flutter Mane\n|-end|p1b: Flutter Mane|Protosynthesis|[silent]\n|-damage|p2b: Rillaboom|28\/100|[from] Recoil\n|\n|-weather|SunnyDay|[upkeep]\n|-heal|p2b: Rillaboom|35\/100|[from] Grassy Terrain\n|-heal|p2a: Clefairy|80\/100|[from] Grassy Terrain\n|upkeep\n|\n|t:|1699932067\n|switch|p1b: Cresselia|Cresselia, L50, F|100\/100\n|turn|4\n|\n|t:|1699932077\n|move|p1a: Lilligant|Victory Dance|p1a: Lilligant\n|-boost|p1a: Lilligant|atk|1\n|-boost|p1a: Lilligant|def|1\n|-boost|p1a: Lilligant|spe|1\n|move|p2b: Rillaboom|Taunt|p1b: Cresselia\n|-start|p1b: Cresselia|move: Taunt\n|move|p1b: Cresselia|Icy Wind|p2a: Clefairy|[spread] p2a,p2b\n|-supereffective|p2b: Rillaboom\n|-damage|p2a: Clefairy|73\/100\n|-damage|p2b: Rillaboom|21\/100\n|-unboost|p2a: Clefairy|spe|1\n|-unboost|p2b: Rillaboom|spe|1\n|move|p2a: Clefairy|Heal Pulse|p2b: Rillaboom\n|-heal|p2b: Rillaboom|71\/100\n|\n|-weather|SunnyDay|[upkeep]\n|-heal|p2b: Rillaboom|77\/100|[from] Grassy Terrain\n|-heal|p2a: Clefairy|80\/100|[from] Grassy Terrain\n|upkeep\n|turn|5\n|\n|t:|1699932099\n|move|p1a: Lilligant|Victory Dance|p1a: Lilligant\n|-boost|p1a: Lilligant|atk|1\n|-boost|p1a: Lilligant|def|1\n|-boost|p1a: Lilligant|spe|1\n|move|p1b: Cresselia|Icy Wind|p2a: Clefairy|[spread] p2a\n|-miss|p1b: Cresselia|p2b: Rillaboom\n|-damage|p2a: Clefairy|73\/100\n|-unboost|p2a: Clefairy|spe|1\n|move|p2b: Rillaboom|Wood Hammer|p1a: Lilligant\n|-resisted|p1a: Lilligant\n|-crit|p1a: Lilligant\n|-enditem|p1a: Lilligant|Focus Sash\n|-damage|p1a: Lilligant|1\/100\n|-damage|p2b: Rillaboom|52\/100|[from] Recoil\n|move|p2a: Clefairy|Heal Pulse|p2b: Rillaboom\n|-heal|p2b: Rillaboom|100\/100\n|\n|-weather|none\n|-heal|p1a: Lilligant|7\/100|[from] Grassy Terrain\n|-heal|p2a: Clefairy|80\/100|[from] Grassy Terrain\n|-fieldend|move: Grassy Terrain\n|upkeep\n|turn|6\n|c|\u2606silver82|bro that crit\n|inactive|silver82 has 30 seconds left.\n|\n|t:|1699932127\n|switch|p1b: Heatran|Heatran, L50, F|100\/100\n|move|p1a: Lilligant|Protect|p1a: Lilligant\n|-singleturn|p1a: Lilligant|Protect\n|move|p2a: Clefairy|Follow Me|p2a: Clefairy\n|-singleturn|p2a: Clefairy|move: Follow Me\n|move|p2b: Rillaboom|Grassy Glide|p1a: Lilligant\n|-activate|p1a: Lilligant|move: Protect\n|\n|upkeep\n|turn|7\n|\n|t:|1699932150\n|move|p2a: Clefairy|Follow Me|p2a: Clefairy\n|-singleturn|p2a: Clefairy|move: Follow Me\n|move|p1a: Lilligant|Leaf Blade|p2a: Clefairy\n|-damage|p2a: Clefairy|1\/100\n|move|p1b: Heatran|Heat Wave|p2a: Clefairy|[spread] p2a,p2b\n|-supereffective|p2b: Rillaboom\n|-damage|p2a: Clefairy|0 fnt\n|-damage|p2b: Rillaboom|32\/100\n|faint|p2a: Clefairy\n|move|p2b: Rillaboom|Grassy Glide|p1a: Lilligant\n|-resisted|p1a: Lilligant\n|-damage|p1a: Lilligant|0 fnt\n|faint|p1a: Lilligant\n|\n|upkeep\n|\n|t:|1699932165\n|switch|p1a: Cresselia|Cresselia, L50, F|100\/100\n|switch|p2a: Annihilape|Annihilape, L50, M, shiny|100\/100\n|turn|8\n|\n|t:|1699932182\n|move|p1a: Cresselia|Ally Switch|p1a: Cresselia\n|swap|p1a: Cresselia|1|[from] move: Ally Switch\n|move|p2a: Annihilape|Bulk Up|p2a: Annihilape\n|-boost|p2a: Annihilape|atk|1\n|-boost|p2a: Annihilape|def|1\n|move|p1a: Heatran|Heat Wave|p2b: Rillaboom|[spread] p2a,p2b\n|-supereffective|p2b: Rillaboom\n|-damage|p2a: Annihilape|70\/100\n|-damage|p2b: Rillaboom|0 fnt\n|faint|p2b: Rillaboom\n|\n|-heal|p2a: Annihilape|76\/100|[from] item: Leftovers\n|upkeep\n|\n|t:|1699932190\n|switch|p2b: Iron Bundle|Iron Bundle, L50, shiny|100\/100\n|turn|9\n|\n|t:|1699932205\n|-terastallize|p2a: Annihilape|Water\n|-terastallize|p1a: Heatran|Grass\n|move|p2b: Iron Bundle|Hydro Pump|p1a: Heatran\n|-resisted|p1a: Heatran\n|-damage|p1a: Heatran|79\/100\n|move|p2a: Annihilape|Bulk Up|p2a: Annihilape\n|-boost|p2a: Annihilape|atk|1\n|-boost|p2a: Annihilape|def|1\n|move|p1b: Cresselia|Sunny Day|p1b: Cresselia\n|-weather|SunnyDay\n|move|p1a: Heatran|Heat Wave|p2a: Annihilape|[spread] p2b\n|-miss|p1a: Heatran|p2a: Annihilape\n|-damage|p2b: Iron Bundle|0 fnt\n|faint|p2b: Iron Bundle\n|-end|p2b: Iron Bundle|Quark Drive|[silent]\n|\n|-weather|SunnyDay|[upkeep]\n|-heal|p2a: Annihilape|82\/100|[from] item: Leftovers\n|-heal|p1a: Heatran|85\/100|[from] item: Leftovers\n|upkeep\n|turn|10\n|\n|t:|1699932226\n|move|p1a: Heatran|Protect|p1a: Heatran\n|-singleturn|p1a: Heatran|Protect\n|move|p2a: Annihilape|Rage Fist|p1a: Heatran\n|-activate|p1a: Heatran|move: Protect\n|move|p1b: Cresselia|Icy Wind|p2a: Annihilape\n|-resisted|p2a: Annihilape\n|-damage|p2a: Annihilape|77\/100\n|-unboost|p2a: Annihilape|spe|1\n|-ability|p2a: Annihilape|Defiant|boost\n|-boost|p2a: Annihilape|atk|2\n|\n|-weather|SunnyDay|[upkeep]\n|-heal|p1a: Heatran|91\/100|[from] item: Leftovers\n|-heal|p2a: Annihilape|83\/100|[from] item: Leftovers\n|upkeep\n|turn|11\n|\n|t:|1699932245\n|move|p1b: Cresselia|Ally Switch|p1b: Cresselia\n|swap|p1b: Cresselia|0|[from] move: Ally Switch\n|move|p1b: Heatran|Tera Blast|p2a: Annihilape|[anim] Tera Blast Grass\n|-supereffective|p2a: Annihilape\n|-damage|p2a: Annihilape|11\/100\n|move|p2a: Annihilape|Rage Fist|p1a: Cresselia\n|-supereffective|p1a: Cresselia\n|-damage|p1a: Cresselia|0 fnt\n|faint|p1a: Cresselia\n|\n|-weather|SunnyDay|[upkeep]\n|-heal|p1b: Heatran|97\/100|[from] item: Leftovers\n|-heal|p2a: Annihilape|17\/100|[from] item: Leftovers\n|upkeep\n|turn|12\n|\n|t:|1699932256\n|move|p2a: Annihilape|Protect|p2a: Annihilape\n|-singleturn|p2a: Annihilape|Protect\n|move|p1b: Heatran|Tera Blast|p2a: Annihilape|[anim] Tera Blast Grass\n|-activate|p2a: Annihilape|move: Protect\n|\n|-weather|SunnyDay|[upkeep]\n|-heal|p1b: Heatran|100\/100|[from] item: Leftovers\n|-heal|p2a: Annihilape|23\/100|[from] item: Leftovers\n|upkeep\n|turn|13\n|\n|t:|1699932266\n|move|p1b: Heatran|Tera Blast|p2a: Annihilape|[anim] Tera Blast Grass\n|-supereffective|p2a: Annihilape\n|-damage|p2a: Annihilape|0 fnt\n|faint|p2a: Annihilape\n|\n|win|silver82\n|raw|silver82's rating: 1240 &rarr; <strong>1266<\/strong><br \/>(+26 for winning)\n|raw|Darg099's rating: 1260 &rarr; <strong>1234<\/strong><br \/>(-26 for losing)\n","uploadtime":1699932436,"views":11,"p1id":"silver82","p2id":"darg099","formatid":"gen9vgc2023regulatione","rating":1234,"private":0,"password":""}