{"id":"gen9vgc2023regulatione-1987930760","p1":"christianfinity2","p2":"Slowlat","format":"[Gen 9] VGC 2023 Regulation E","log":"|j|\u2606christianfinity2\n|j|\u2606Slowlat\n|t:|1699650306\n|gametype|doubles\n|player|p1|christianfinity2|youngathlete|1620\n|player|p2|Slowlat|medium|1489\n|teamsize|p1|6\n|teamsize|p2|6\n|gen|9\n|tier|[Gen 9] VGC 2023 Regulation E\n|rated|\n|rule|Species Clause: Limit one of each Pok\u00e9mon\n|rule|Item Clause: Limit one of each item\n|clearpoke\n|poke|p1|Ninetales-Alola, L50, M|\n|poke|p1|Baxcalibur, L50, F|\n|poke|p1|Arcanine-Hisui, L50, F|\n|poke|p1|Gholdengo, L50|\n|poke|p1|Rillaboom, L50, F|\n|poke|p1|Ogerpon-Wellspring, L50, F|\n|poke|p2|Grimmsnarl, L50, M|\n|poke|p2|Ursaluna-Bloodmoon, L50, M|\n|poke|p2|Landorus, L50, M|\n|poke|p2|Iron Hands, L50|\n|poke|p2|Sinistcha, L50|\n|poke|p2|Regieleki, L50|\n|teampreview|4\n|j| MafuMafuSimpSimp\n|\n|t:|1699650353\n|start\n|switch|p1a: Serendipity|Ninetales-Alola, L50, M, shiny|100\/100\n|switch|p1b: 50 Cent|Gholdengo, L50, shiny|100\/100\n|switch|p2a: Grimmsnarl|Grimmsnarl, L50, M, shiny|100\/100\n|switch|p2b: Landorus|Landorus, L50, M, shiny|100\/100\n|-weather|Snow|[from] ability: Snow Warning|[of] p1a: Serendipity\n|turn|1\n|\n|t:|1699650385\n|-terastallize|p2b: Landorus|Psychic\n|-terastallize|p1b: 50 Cent|Fairy\n|move|p2a: Grimmsnarl|Light Screen|p2a: Grimmsnarl\n|-sidestart|p2: Slowlat|move: Light Screen\n|move|p1a: Serendipity|Icy Wind|p2a: Grimmsnarl|[spread] p2a\n|-miss|p1a: Serendipity|p2b: Landorus\n|-damage|p2a: Grimmsnarl|94\/100\n|-unboost|p2a: Grimmsnarl|spe|1\n|move|p2b: Landorus|Sandsear Storm|p1b: 50 Cent|[spread] p1a,p1b\n|-crit|p1b: 50 Cent\n|-damage|p1a: Serendipity|37\/100\n|-damage|p1b: 50 Cent|4\/100\n|move|p1b: 50 Cent|Nasty Plot|p1b: 50 Cent\n|-boost|p1b: 50 Cent|spa|2\n|\n|-weather|Snow|[upkeep]\n|-heal|p1b: 50 Cent|10\/100|[from] item: Leftovers\n|upkeep\n|turn|2\n|\n|t:|1699650442\n|move|p1b: 50 Cent|Protect|p1b: 50 Cent\n|-singleturn|p1b: 50 Cent|Protect\n|move|p2a: Grimmsnarl|Parting Shot|p1a: Serendipity\n|-unboost|p1a: Serendipity|atk|1\n|-unboost|p1a: Serendipity|spa|1\n|j| LeCehlou\n|\n|t:|1699650458\n|switch|p2a: Iron Hands|Iron Hands, L50|100\/100|[from] Parting Shot\n|move|p1a: Serendipity|Aurora Veil|p1a: Serendipity\n|-sidestart|p1: christianfinity2|move: Aurora Veil\n|move|p2b: Landorus|Sandsear Storm|p1b: 50 Cent|[spread] p1a\n|-activate|p1b: 50 Cent|move: Protect\n|-damage|p1a: Serendipity|0 fnt\n|faint|p1a: Serendipity\n|\n|-weather|Snow|[upkeep]\n|-heal|p1b: 50 Cent|16\/100|[from] item: Leftovers\n|upkeep\n|\n|t:|1699650462\n|switch|p1a: Paracetamol|Rillaboom, L50, F|100\/100\n|-fieldstart|move: Grassy Terrain|[from] ability: Grassy Surge|[of] p1a: Paracetamol\n|turn|3\n|\n|t:|1699650486\n|move|p1a: Paracetamol|Fake Out|p2b: Landorus\n|-damage|p2b: Landorus|84\/100\n|move|p2a: Iron Hands|Fake Out|p1b: 50 Cent\n|-damage|p1b: 50 Cent|6\/100\n|cant|p2b: Landorus|flinch\n|cant|p1b: 50 Cent|flinch\n|\n|-weather|Snow|[upkeep]\n|-heal|p2b: Landorus|90\/100|[from] Grassy Terrain\n|-heal|p1b: 50 Cent|12\/100|[from] Grassy Terrain\n|-heal|p1b: 50 Cent|18\/100|[from] item: Leftovers\n|upkeep\n|turn|4\n|\n|t:|1699650502\n|move|p1b: 50 Cent|Protect|p1b: 50 Cent\n|-singleturn|p1b: 50 Cent|Protect\n|move|p2b: Landorus|Sludge Bomb|p1a: Paracetamol\n|-supereffective|p1a: Paracetamol\n|-damage|p1a: Paracetamol|54\/100\n|move|p1a: Paracetamol|Drum Beating|p2b: Landorus\n|-damage|p2b: Landorus|33\/100\n|-unboost|p2b: Landorus|spe|1\n|move|p2a: Iron Hands|Heavy Slam|p1b: 50 Cent\n|-activate|p1b: 50 Cent|move: Protect\n|\n|-weather|Snow|[upkeep]\n|-heal|p1b: 50 Cent|24\/100|[from] Grassy Terrain\n|-heal|p1b: 50 Cent|30\/100|[from] item: Leftovers\n|-heal|p1a: Paracetamol|59\/100|[from] Grassy Terrain\n|-heal|p2b: Landorus|39\/100|[from] Grassy Terrain\n|upkeep\n|turn|5\n|\n|t:|1699650521\n|move|p1b: 50 Cent|Make It Rain|p2b: Landorus|[spread] p2a,p2b\n|-resisted|p2a: Iron Hands\n|-damage|p2a: Iron Hands|84\/100\n|-damage|p2b: Landorus|0 fnt\n|-unboost|p1b: 50 Cent|spa|1\n|faint|p2b: Landorus\n|move|p1a: Paracetamol|High Horsepower|p2a: Iron Hands\n|-supereffective|p2a: Iron Hands\n|-damage|p2a: Iron Hands|45\/100\n|move|p2a: Iron Hands|Heavy Slam|p1b: 50 Cent\n|-supereffective|p1b: 50 Cent\n|-damage|p1b: 50 Cent|0 fnt\n|faint|p1b: 50 Cent\n|\n|-weather|none\n|-heal|p1a: Paracetamol|65\/100|[from] Grassy Terrain\n|-heal|p2a: Iron Hands|51\/100|[from] Grassy Terrain\n|upkeep\n|\n|t:|1699650539\n|switch|p2b: Sinistcha|Sinistcha, L50|100\/100\n|switch|p1b: Baxter|Baxcalibur, L50, F|100\/100\n|-heal|p2a: Iron Hands|76\/100|[from] ability: Hospitality|[of] p2b: Sinistcha\n|turn|6\n|\n|t:|1699650555\n|switch|p2b: Grimmsnarl|Grimmsnarl, L50, M, shiny|94\/100\n|move|p1b: Baxter|Icicle Crash|p2b: Grimmsnarl\n|-damage|p2b: Grimmsnarl|34\/100\n|move|p1a: Paracetamol|Drum Beating|p2a: Iron Hands\n|-damage|p2a: Iron Hands|46\/100\n|-unboost|p2a: Iron Hands|spe|1\n|move|p2a: Iron Hands|Drain Punch|p1b: Baxter\n|-supereffective|p1b: Baxter\n|-damage|p1b: Baxter|49\/100\n|-heal|p2a: Iron Hands|67\/100|[from] drain|[of] p1b: Baxter\n|\n|-heal|p1b: Baxter|55\/100|[from] Grassy Terrain\n|-heal|p1a: Paracetamol|71\/100|[from] Grassy Terrain\n|-heal|p2b: Grimmsnarl|40\/100|[from] Grassy Terrain\n|-heal|p2a: Iron Hands|73\/100|[from] Grassy Terrain\n|upkeep\n|turn|7\n|\n|t:|1699650574\n|move|p1b: Baxter|Protect|p1b: Baxter\n|-singleturn|p1b: Baxter|Protect\n|move|p2b: Grimmsnarl|Reflect|p2b: Grimmsnarl\n|-sidestart|p2: Slowlat|Reflect\n|move|p1a: Paracetamol|High Horsepower|p2a: Iron Hands\n|-supereffective|p2a: Iron Hands\n|-damage|p2a: Iron Hands|45\/100\n|move|p2a: Iron Hands|Drain Punch|p1b: Baxter\n|-activate|p1b: Baxter|move: Protect\n|\n|-heal|p1b: Baxter|61\/100|[from] Grassy Terrain\n|-heal|p1a: Paracetamol|77\/100|[from] Grassy Terrain\n|-heal|p2b: Grimmsnarl|46\/100|[from] Grassy Terrain\n|-heal|p2a: Iron Hands|51\/100|[from] Grassy Terrain\n|-fieldend|move: Grassy Terrain\n|upkeep\n|turn|8\n|\n|t:|1699650587\n|move|p1b: Baxter|High Horsepower|p2a: Iron Hands\n|-supereffective|p2a: Iron Hands\n|-crit|p2a: Iron Hands\n|-damage|p2a: Iron Hands|0 fnt\n|faint|p2a: Iron Hands\n|-end|p2a: Iron Hands|Quark Drive|[silent]\n|move|p1a: Paracetamol|High Horsepower|p2b: Grimmsnarl\n|-crit|p2b: Grimmsnarl\n|-damage|p2b: Grimmsnarl|0 fnt\n|faint|p2b: Grimmsnarl\n|\n|-sideend|p2: Slowlat|move: Light Screen\n|upkeep\n|\n|t:|1699650592\n|switch|p2b: Sinistcha|Sinistcha, L50|100\/100\n|turn|9\n|c|\u2606christianfinity2|LET'S FUCKING GOOOOOOOO\n|\n|t:|1699650599\n|move|p1b: Baxter|Icicle Crash|p2b: Sinistcha\n|-supereffective|p2b: Sinistcha\n|-damage|p2b: Sinistcha|60\/100\n|move|p1a: Paracetamol|Drum Beating|p2b: Sinistcha\n|-resisted|p2b: Sinistcha\n|-damage|p2b: Sinistcha|51\/100\n|-unboost|p2b: Sinistcha|spe|1\n|move|p2b: Sinistcha|Trick Room|p2b: Sinistcha\n|-fieldstart|move: Trick Room|[of] p2b: Sinistcha\n|\n|-sideend|p1: christianfinity2|move: Aurora Veil\n|upkeep\n|turn|10\n|j| souchanpoke_VGC\n|\n|t:|1699650611\n|move|p2b: Sinistcha|Strength Sap|p1b: Baxter\n|-fail|p1b: Baxter|unboost|[from] item: Clear Amulet|[of] p1b: Baxter\n|-heal|p2b: Sinistcha|100\/100\n|move|p1a: Paracetamol|Drum Beating|p2b: Sinistcha\n|-resisted|p2b: Sinistcha\n|-damage|p2b: Sinistcha|92\/100\n|-unboost|p2b: Sinistcha|spe|1\n|move|p1b: Baxter|Icicle Crash|p2b: Sinistcha\n|-supereffective|p2b: Sinistcha\n|-damage|p2b: Sinistcha|49\/100\n|\n|upkeep\n|turn|11\n|\n|t:|1699650622\n|move|p1b: Baxter|Protect|p1b: Baxter\n|-singleturn|p1b: Baxter|Protect\n|move|p2b: Sinistcha|Strength Sap|p1a: Paracetamol\n|-unboost|p1a: Paracetamol|atk|1\n|-heal|p2b: Sinistcha|100\/100\n|move|p1a: Paracetamol|Drum Beating|p2b: Sinistcha\n|-resisted|p2b: Sinistcha\n|-crit|p2b: Sinistcha\n|-damage|p2b: Sinistcha|80\/100\n|-unboost|p2b: Sinistcha|spe|1\n|\n|upkeep\n|turn|12\n|\n|t:|1699650636\n|move|p2b: Sinistcha|Matcha Gotcha|p1a: Paracetamol|[spread] p1a,p1b\n|-resisted|p1a: Paracetamol\n|-resisted|p1b: Baxter\n|-damage|p1a: Paracetamol|69\/100\n|-heal|p2b: Sinistcha|85\/100|[from] drain|[of] p1a: Paracetamol\n|-damage|p1b: Baxter|50\/100\n|-heal|p2b: Sinistcha|92\/100|[from] drain|[of] p1b: Baxter\n|move|p1a: Paracetamol|Drum Beating|p2b: Sinistcha\n|-resisted|p2b: Sinistcha\n|-damage|p2b: Sinistcha|86\/100\n|-unboost|p2b: Sinistcha|spe|1\n|move|p1b: Baxter|Dragon Dance|p1b: Baxter\n|-boost|p1b: Baxter|atk|1\n|-boost|p1b: Baxter|spe|1\n|\n|upkeep\n|turn|13\n|j| DrogonVCG\n|\n|t:|1699650648\n|move|p1b: Baxter|Protect|p1b: Baxter\n|-singleturn|p1b: Baxter|Protect\n|move|p2b: Sinistcha|Shadow Ball|p1b: Baxter\n|-activate|p1b: Baxter|move: Protect\n|move|p1a: Paracetamol|Drum Beating|p2b: Sinistcha\n|-resisted|p2b: Sinistcha\n|-damage|p2b: Sinistcha|80\/100\n|-unboost|p2b: Sinistcha|spe|1\n|\n|-fieldend|move: Trick Room\n|upkeep\n|turn|14\n|\n|t:|1699650660\n|move|p1b: Baxter|Icicle Crash|p2b: Sinistcha\n|-supereffective|p2b: Sinistcha\n|-damage|p2b: Sinistcha|18\/100\n|move|p1a: Paracetamol|Drum Beating|p2b: Sinistcha\n|-resisted|p2b: Sinistcha\n|-damage|p2b: Sinistcha|13\/100\n|-unboost|p2b: Sinistcha|spe|1\n|move|p2b: Sinistcha|Trick Room|p2b: Sinistcha\n|-fieldstart|move: Trick Room|[of] p2b: Sinistcha\n|\n|-sideend|p2: Slowlat|Reflect\n|upkeep\n|turn|15\n|\n|t:|1699650674\n|move|p2b: Sinistcha|Strength Sap|p1a: Paracetamol\n|-unboost|p1a: Paracetamol|atk|1\n|-heal|p2b: Sinistcha|76\/100\n|move|p1a: Paracetamol|Drum Beating|p2b: Sinistcha\n|-resisted|p2b: Sinistcha\n|-damage|p2b: Sinistcha|69\/100\n|move|p1b: Baxter|Icicle Crash|p2b: Sinistcha\n|-supereffective|p2b: Sinistcha\n|-damage|p2b: Sinistcha|0 fnt\n|faint|p2b: Sinistcha\n|\n|win|christianfinity2\n|raw|christianfinity2's rating: 1620 &rarr; <strong>1633<\/strong><br \/>(+13 for winning)\n|raw|Slowlat's rating: 1489 &rarr; <strong>1476<\/strong><br \/>(-13 for losing)\n|c|\u2606christianfinity2|gg\n|l|\u2606Slowlat\n|l| MafuMafuSimpSimp\n","uploadtime":1699650693,"views":25,"p1id":"christianfinity2","p2id":"slowlat","formatid":"gen9vgc2023regulatione","rating":1476,"private":0,"password":""}