{"id":"gen9vgc2023regulatione-1995572422","p1":"mochipupusa","p2":"greenlightdmp","format":"[Gen 9] VGC 2023 Regulation E","log":"|j|\u2606mochipupusa\n|j|\u2606greenlightdmp\n|t:|1700583981\n|gametype|doubles\n|player|p1|mochipupusa|101|1325\n|player|p2|greenlightdmp|2|1366\n|teamsize|p1|6\n|teamsize|p2|6\n|gen|9\n|tier|[Gen 9] VGC 2023 Regulation E\n|rated|\n|rule|Species Clause: Limit one of each Pok\u00e9mon\n|rule|Item Clause: Limit one of each item\n|clearpoke\n|poke|p1|Roaring Moon, L50|\n|poke|p1|Milotic, L50, F|\n|poke|p1|Landorus-Therian, L50, M|\n|poke|p1|Flutter Mane, L50|\n|poke|p1|Iron Hands, L50|\n|poke|p1|Ogerpon-Hearthflame, L50, F|\n|poke|p2|Chien-Pao, L50|\n|poke|p2|Arcanine-Hisui, L50, M|\n|poke|p2|Urshifu-*, L50, M|\n|poke|p2|Tornadus, L50, M|\n|poke|p2|Flutter Mane, L50|\n|poke|p2|Rillaboom, L50, M|\n|teampreview|4\nmochipupusa has agreed to open team sheets.\n|inactive|Battle timer is ON: inactive players will automatically lose when time's up. (requested by greenlightdmp)\n|inactive|greenlightdmp has 60 seconds left.\n|\n|t:|1700584038\n|start\n|switch|p1a: Landorus|Landorus-Therian, L50, M|100\/100\n|switch|p1b: Iron Hands|Iron Hands, L50|100\/100\n|switch|p2a: Tornadus|Tornadus, L50, M|100\/100\n|switch|p2b: Flutter Mane bk|Flutter Mane, L50|100\/100\n|-ability|p1a: Landorus|Intimidate|boost\n|-unboost|p2a: Tornadus|atk|1\n|-unboost|p2b: Flutter Mane bk|atk|1\n|-enditem|p2b: Flutter Mane bk|Booster Energy\n|-activate|p2b: Flutter Mane bk|ability: Protosynthesis|[fromitem]\n|-start|p2b: Flutter Mane bk|protosynthesisspa\n|turn|1\n|inactive|mochipupusa has 30 seconds left.\n|inactive|greenlightdmp has 30 seconds left.\n|inactive|mochipupusa has 20 seconds left.\n|\n|t:|1700584075\n|move|p2b: Flutter Mane bk|Protect|p2b: Flutter Mane bk\n|-singleturn|p2b: Flutter Mane bk|Protect\n|move|p1b: Iron Hands|Fake Out|p2a: Tornadus\n|-damage|p2a: Tornadus|84\/100\n|-damage|p1b: Iron Hands|84\/100|[from] item: Rocky Helmet|[of] p2a: Tornadus\n|cant|p2a: Tornadus|flinch\n|move|p1a: Landorus|Stomping Tantrum|p2b: Flutter Mane bk\n|-activate|p2b: Flutter Mane bk|move: Protect\n|\n|upkeep\n|turn|2\n|inactive|greenlightdmp has 30 seconds left.\n|inactive|greenlightdmp has 20 seconds left.\n|\n|t:|1700584114\n|-terastallize|p2b: Flutter Mane bk|Grass\n|move|p2a: Tornadus|Tailwind|p2a: Tornadus\n|-sidestart|p2: greenlightdmp|move: Tailwind\n|move|p2b: Flutter Mane bk|Dazzling Gleam|p1a: Landorus|[spread] p1a,p1b\n|-supereffective|p1b: Iron Hands\n|-damage|p1a: Landorus|54\/100\n|-damage|p1b: Iron Hands|43\/100\n|move|p1a: Landorus|Stomping Tantrum|p2b: Flutter Mane bk\n|-resisted|p2b: Flutter Mane bk\n|-damage|p2b: Flutter Mane bk|71\/100\n|move|p1b: Iron Hands|Heavy Slam|p2b: Flutter Mane bk\n|-damage|p2b: Flutter Mane bk|4\/100\n|\n|upkeep\n|turn|3\n|\n|t:|1700584138\n|-end|p1b: Iron Hands|Quark Drive|[silent]\n|switch|p1b: Milotic|Milotic, L50, F|100\/100\n|move|p2a: Tornadus|Rain Dance|p2a: Tornadus\n|-weather|RainDance\n|move|p2b: Flutter Mane bk|Dazzling Gleam|p1a: Landorus|[spread] p1a,p1b\n|-damage|p1a: Landorus|7\/100\n|-damage|p1b: Milotic|73\/100\n|move|p1a: Landorus|Stomping Tantrum|p2b: Flutter Mane bk\n|-resisted|p2b: Flutter Mane bk\n|-damage|p2b: Flutter Mane bk|0 fnt\n|faint|p2b: Flutter Mane bk\n|-end|p2b: Flutter Mane bk|Protosynthesis|[silent]\n|\n|-weather|RainDance|[upkeep]\n|-heal|p1b: Milotic|79\/100|[from] item: Leftovers\n|upkeep\n|\n|t:|1700584152\n|switch|p2b: Rillaboom|Rillaboom, L50, M|100\/100\n|-fieldstart|move: Grassy Terrain|[from] ability: Grassy Surge|[of] p2b: Rillaboom\n|turn|4\n|\n|t:|1700584163\n|move|p1b: Milotic|Protect|p1b: Milotic\n|-singleturn|p1b: Milotic|Protect\n|move|p2a: Tornadus|Bleakwind Storm|p1b: Milotic|[spread] p1a\n|-activate|p1b: Milotic|move: Protect\n|-damage|p1a: Landorus|0 fnt\n|faint|p1a: Landorus\n|move|p2b: Rillaboom|Wood Hammer|p1b: Milotic\n|-activate|p1b: Milotic|move: Protect\n|\n|-weather|RainDance|[upkeep]\n|-heal|p1b: Milotic|85\/100|[from] Grassy Terrain\n|-heal|p1b: Milotic|91\/100|[from] item: Leftovers\n|upkeep\n|\n|t:|1700584181\n|switch|p1a: Roaring Moon|Roaring Moon, L50|100\/100\n|-enditem|p1a: Roaring Moon|Booster Energy\n|-activate|p1a: Roaring Moon|ability: Protosynthesis|[fromitem]\n|-start|p1a: Roaring Moon|protosynthesisatk\n|turn|5\n|\n|t:|1700584194\n|-terastallize|p1b: Milotic|Dragon\n|move|p2a: Tornadus|Bleakwind Storm|p1b: Milotic|[spread] p1a,p1b\n|-damage|p1a: Roaring Moon|75\/100\n|-damage|p1b: Milotic|69\/100\n|-unboost|p1a: Roaring Moon|spe|1\n|-unboost|p1b: Milotic|spe|1\n|-ability|p1b: Milotic|Competitive|boost\n|-boost|p1b: Milotic|spa|2\n|move|p2b: Rillaboom|Wood Hammer|p1b: Milotic\n|-resisted|p1b: Milotic\n|-damage|p1b: Milotic|36\/100\n|-damage|p2b: Rillaboom|89\/100|[from] Recoil\n|move|p1a: Roaring Moon|Acrobatics|p2b: Rillaboom\n|-supereffective|p2b: Rillaboom\n|-damage|p2b: Rillaboom|0 fnt\n|faint|p2b: Rillaboom\n|move|p1b: Milotic|Icy Wind|p2a: Tornadus\n|-supereffective|p2a: Tornadus\n|-damage|p2a: Tornadus|19\/100\n|-unboost|p2a: Tornadus|spe|1\n|\n|-weather|RainDance|[upkeep]\n|-heal|p1a: Roaring Moon|81\/100|[from] Grassy Terrain\n|-heal|p1b: Milotic|42\/100|[from] Grassy Terrain\n|-heal|p1b: Milotic|48\/100|[from] item: Leftovers\n|-sideend|p2: greenlightdmp|move: Tailwind\n|upkeep\n|inactive|greenlightdmp has 30 seconds left.\n|\n|t:|1700584219\n|switch|p2b: Urshifu|Urshifu-Rapid-Strike, L50, M|100\/100\n|turn|6\n|\n|t:|1700584241\n|move|p2a: Tornadus|Tailwind|p2a: Tornadus\n|-sidestart|p2: greenlightdmp|move: Tailwind\n|move|p2b: Urshifu|Close Combat|p1a: Roaring Moon\n|-supereffective|p1a: Roaring Moon\n|-damage|p1a: Roaring Moon|0 fnt\n|-unboost|p2b: Urshifu|def|1\n|-unboost|p2b: Urshifu|spd|1\n|faint|p1a: Roaring Moon\n|-end|p1a: Roaring Moon|Protosynthesis|[silent]\n|move|p1b: Milotic|Icy Wind|p2b: Urshifu|[spread] p2a\n|-miss|p1b: Milotic|p2b: Urshifu\n|-supereffective|p2a: Tornadus\n|-damage|p2a: Tornadus|0 fnt\n|faint|p2a: Tornadus\n|\n|-weather|RainDance|[upkeep]\n|-heal|p1b: Milotic|54\/100|[from] Grassy Terrain\n|-heal|p1b: Milotic|60\/100|[from] item: Leftovers\n|upkeep\n|\n|t:|1700584258\n|switch|p1a: Iron Hands|Iron Hands, L50|43\/100\n|turn|7\n|\n|t:|1700584264\n|move|p2b: Urshifu|Protect|p2b: Urshifu\n|-singleturn|p2b: Urshifu|Protect\n|move|p1a: Iron Hands|Fake Out|p2b: Urshifu\n|-activate|p2b: Urshifu|move: Protect\n|move|p1b: Milotic|Scald|p2b: Urshifu\n|-activate|p2b: Urshifu|move: Protect\n|\n|-weather|none\n|-heal|p1a: Iron Hands|49\/100|[from] Grassy Terrain\n|-heal|p1b: Milotic|66\/100|[from] Grassy Terrain\n|-heal|p1b: Milotic|72\/100|[from] item: Leftovers\n|upkeep\n|turn|8\n|\n|t:|1700584279\n|move|p2b: Urshifu|Surging Strikes|p1a: Iron Hands\n|-crit|p1a: Iron Hands\n|-damage|p1a: Iron Hands|29\/100\n|-crit|p1a: Iron Hands\n|-damage|p1a: Iron Hands|11\/100\n|-crit|p1a: Iron Hands\n|-damage|p1a: Iron Hands|0 fnt\n|faint|p1a: Iron Hands\n|-end|p1a: Iron Hands|Quark Drive|[silent]\n|-hitcount|p1: Iron Hands|3\n|move|p1b: Milotic|Scald|p2b: Urshifu\n|-resisted|p2b: Urshifu\n|-damage|p2b: Urshifu|42\/100\n|\n|-heal|p2b: Urshifu|48\/100|[from] Grassy Terrain\n|-heal|p1b: Milotic|78\/100|[from] Grassy Terrain\n|-heal|p1b: Milotic|84\/100|[from] item: Leftovers\n|-fieldend|move: Grassy Terrain\n|upkeep\n|turn|9\n|inactive|greenlightdmp has 30 seconds left.\n|\n|t:|1700584306\n|move|p2b: Urshifu|Close Combat|p1b: Milotic\n|-damage|p1b: Milotic|24\/100\n|-unboost|p2b: Urshifu|def|1\n|-unboost|p2b: Urshifu|spd|1\n|move|p1b: Milotic|Scald|p2b: Urshifu\n|-resisted|p2b: Urshifu\n|-damage|p2b: Urshifu|0 fnt\n|faint|p2b: Urshifu\n|\n|win|mochipupusa\n|raw|mochipupusa's rating: 1325 &rarr; <strong>1347<\/strong><br \/>(+22 for winning)\n|raw|greenlightdmp's rating: 1366 &rarr; <strong>1344<\/strong><br \/>(-22 for losing)\n|l|\u2606greenlightdmp\n","uploadtime":1700584319,"views":9,"p1id":"mochipupusa","p2id":"greenlightdmp","formatid":"gen9vgc2023regulatione","rating":1344,"private":0,"password":""}