{"id":"gen9vgc2023regulatione-1998075379","p1":"toad17x","p2":"deadenne","format":"[Gen 9] VGC 2023 Regulation E","log":"|j|\u2606toad17x\n|j|\u2606deadenne\n|t:|1700887364\n|gametype|doubles\n|player|p1|toad17x|steven|1385\n|player|p2|deadenne|ghetsis-gen5bw|1267\n|teamsize|p1|6\n|teamsize|p2|6\n|gen|9\n|tier|[Gen 9] VGC 2023 Regulation E\n|rated|\n|rule|Species Clause: Limit one of each Pok\u00e9mon\n|rule|Item Clause: Limit one of each item\n|clearpoke\n|poke|p1|Wo-Chien, L50|\n|poke|p1|Garganacl, L50, F|\n|poke|p1|Glimmora, L50, M|\n|poke|p1|Cresselia, L50, F|\n|poke|p1|Ursaluna, L50, M|\n|poke|p1|Arcanine, L50, M|\n|poke|p2|Tornadus, L50, M|\n|poke|p2|Urshifu-*, L50, M|\n|poke|p2|Flutter Mane, L50|\n|poke|p2|Indeedee-F, L50, F|\n|poke|p2|Ogerpon-Hearthflame, L50, F|\n|poke|p2|Hydreigon, L50, M|\n|teampreview|4\n|inactive|Battle timer is ON: inactive players will automatically lose when time's up. (requested by toad17x)\n|inactive|toad17x has 60 seconds left.\n|inactive|deadenne has 60 seconds left.\n|inactive|deadenne has 30 seconds left.\n|inactive|deadenne has 20 seconds left.\n|inactive|deadenne has 15 seconds left.\n|inactive|deadenne has 10 seconds left.\n|\n|t:|1700887448\n|start\n|switch|p1a: Cresselia|Cresselia, L50, F|100\/100\n|switch|p1b: Ursaluna|Ursaluna, L50, M|100\/100\n|switch|p2a: Rem|Indeedee-F, L50, F|100\/100\n|switch|p2b: Kakarot|Urshifu-Rapid-Strike, L50, M|100\/100\n|-fieldstart|move: Psychic Terrain|[from] ability: Psychic Surge|[of] p2a: Rem\n|turn|1\n|inactive|toad17x has 30 seconds left.\n|\n|t:|1700887475\n|switch|p1b: Wo-Chien|Wo-Chien, L50|100\/100\n|-ability|p1b: Wo-Chien|Tablets of Ruin\n|move|p2b: Kakarot|Close Combat|p1b: Wo-Chien\n|-supereffective|p1b: Wo-Chien\n|-damage|p1b: Wo-Chien|29\/100\n|-unboost|p2b: Kakarot|def|1\n|-unboost|p2b: Kakarot|spd|1\n|-enditem|p1b: Wo-Chien|Sitrus Berry|[eat]\n|-heal|p1b: Wo-Chien|54\/100|[from] item: Sitrus Berry\n|move|p1a: Cresselia|Psychic|p2b: Kakarot\n|-supereffective|p2b: Kakarot\n|-enditem|p2b: Kakarot|Focus Sash\n|-damage|p2b: Kakarot|1\/100\n|-unboost|p2b: Kakarot|spd|1\n|move|p2a: Rem|Imprison|p2a: Rem\n|-start|p2a: Rem|move: Imprison\n|\n|upkeep\n|turn|2\n|inactive|toad17x has 30 seconds left.\n|inactive|deadenne has 30 seconds left.\n|\n|t:|1700887508\n|switch|p2b: Shrek|Ogerpon-Hearthflame, L50, F|100\/100\n|-ability|p2b: Shrek|Mold Breaker\n|-terastallize|p1b: Wo-Chien|Poison\n|move|p1a: Cresselia|Psychic|p2b: Shrek\n|-damage|p2b: Shrek|69\/100\n|move|p1b: Wo-Chien|Leech Seed|p2a: Rem\n|-start|p2a: Rem|move: Leech Seed\n|move|p2a: Rem|Dazzling Gleam|p1a: Cresselia|[spread] p1a,p1b\n|-resisted|p1b: Wo-Chien\n|-damage|p1a: Cresselia|93\/100\n|-damage|p1b: Wo-Chien|50\/100\n|\n|-damage|p2a: Rem|88\/100|[from] Leech Seed|[of] p1b: Wo-Chien\n|-heal|p1b: Wo-Chien|61\/100|[silent]\n|upkeep\n|turn|3\n|inactive|toad17x has 30 seconds left.\n|\n|t:|1700887538\n|-terastallize|p2b: Shrek|Fire\n|detailschange|p2b: Shrek|Ogerpon-Hearthflame-Tera, L50, F, tera:Fire\n|-ability|p2b: Shrek|Embody Aspect (Hearthflame)|boost\n|-boost|p2b: Shrek|atk|1\n|move|p2a: Rem|Follow Me|p2a: Rem\n|-singleturn|p2a: Rem|move: Follow Me\n|move|p2b: Shrek|Ivy Cudgel|p1b: Wo-Chien|[anim] Ivy Cudgel Fire\n|-damage|p1b: Wo-Chien|0 fnt\n|faint|p1b: Wo-Chien\n|move|p1a: Cresselia|Lunar Blessing|p1a: Cresselia\n|-heal|p1a: Cresselia|100\/100\n|\n|upkeep\n|\n|t:|1700887552\n|switch|p1b: Garganacl|Garganacl, L50, F|100\/100\n|turn|4\n|\n|t:|1700887561\n|move|p2a: Rem|Follow Me|p2a: Rem\n|-singleturn|p2a: Rem|move: Follow Me\n|move|p2b: Shrek|Ivy Cudgel|p1a: Cresselia|[anim] Ivy Cudgel Fire\n|-damage|p1a: Cresselia|22\/100\n|move|p1a: Cresselia|Lunar Blessing|p1a: Cresselia|[spread] p1a,p1b\n|-heal|p1a: Cresselia|47\/100\n|move|p1b: Garganacl|Salt Cure|p2a: Rem\n|-damage|p2a: Rem|75\/100\n|-start|p2a: Rem|Salt Cure\n|\n|-damage|p2a: Rem|62\/100|[from] Leech Seed|[of] p1b: Garganacl\n|-damage|p2a: Rem|50\/100|[from] Salt Cure\n|upkeep\n|-enditem|p2a: Rem|Sitrus Berry|[eat]\n|-heal|p2a: Rem|75\/100|[from] item: Sitrus Berry\n|turn|5\n|\n|t:|1700887578\n|move|p1a: Cresselia|Protect|p1a: Cresselia\n|-singleturn|p1a: Cresselia|Protect\n|move|p2a: Rem|Follow Me|p2a: Rem\n|-singleturn|p2a: Rem|move: Follow Me\n|move|p2b: Shrek|Ivy Cudgel|p1a: Cresselia|[anim] Ivy Cudgel Fire\n|-activate|p1a: Cresselia|move: Protect\n|move|p1b: Garganacl|Recover||[still]\n|-fail|p1b: Garganacl|heal\n|\n|-damage|p2a: Rem|62\/100|[from] Leech Seed|[of] p1b: Garganacl\n|-damage|p2a: Rem|50\/100|[from] Salt Cure\n|-fieldend|move: Psychic Terrain\n|upkeep\n|turn|6\n|\n|t:|1700887598\n|move|p2a: Rem|Follow Me|p2a: Rem\n|-singleturn|p2a: Rem|move: Follow Me\n|move|p2b: Shrek|Ivy Cudgel|p1a: Cresselia|[anim] Ivy Cudgel Fire\n|-damage|p1a: Cresselia|0 fnt\n|faint|p1a: Cresselia\n|move|p1b: Garganacl|Salt Cure|p2a: Rem\n|-damage|p2a: Rem|36\/100\n|\n|-damage|p2a: Rem|23\/100|[from] Leech Seed|[of] p1b: Garganacl\n|-damage|p2a: Rem|11\/100|[from] Salt Cure\n|upkeep\n|\n|t:|1700887611\n|switch|p1a: Ursaluna|Ursaluna, L50, M|100\/100\n|turn|7\n|\n|t:|1700887617\n|move|p1b: Garganacl|Protect|p1b: Garganacl\n|-singleturn|p1b: Garganacl|Protect\n|move|p2a: Rem|Follow Me|p2a: Rem\n|-singleturn|p2a: Rem|move: Follow Me\n|move|p2b: Shrek|Horn Leech|p1b: Garganacl\n|-activate|p1b: Garganacl|move: Protect\n|move|p1a: Ursaluna|Earthquake|p2a: Rem|[spread] p2a,p2b\n|-activate|p1b: Garganacl|move: Protect\n|-supereffective|p2b: Shrek\n|-damage|p2a: Rem|0 fnt\n|-damage|p2b: Shrek|0 fnt\n|faint|p2a: Rem\n|faint|p2b: Shrek\n|\n|-status|p1a: Ursaluna|brn|[from] item: Flame Orb\n|upkeep\n|\n|t:|1700887622\n|switch|p2b: King Ghidorah|Hydreigon, L50, M|100\/100\n|switch|p2a: Kakarot|Urshifu-Rapid-Strike, L50, M|1\/100\n|turn|8\n|\n|t:|1700887645\n|move|p2b: King Ghidorah|Draco Meteor|p1a: Ursaluna\n|-damage|p1a: Ursaluna|41\/100 brn\n|-unboost|p2b: King Ghidorah|spa|2\n|move|p2a: Kakarot|Surging Strikes|p1a: Ursaluna\n|-supereffective|p1a: Ursaluna\n|-crit|p1a: Ursaluna\n|-damage|p1a: Ursaluna|10\/100 brn\n|-supereffective|p1a: Ursaluna\n|-crit|p1a: Ursaluna\n|-damage|p1a: Ursaluna|0 fnt\n|faint|p1a: Ursaluna\n|-hitcount|p1: Ursaluna|2\n|move|p1b: Garganacl|Salt Cure|p2a: Kakarot\n|-resisted|p2a: Kakarot\n|-damage|p2a: Kakarot|0 fnt\n|faint|p2a: Kakarot\n|\n|upkeep\n|turn|9\n|\n|t:|1700887652\n|move|p2b: King Ghidorah|Focus Energy|p2b: King Ghidorah\n|-start|p2b: King Ghidorah|move: Focus Energy\n|move|p1b: Garganacl|Salt Cure|p2b: King Ghidorah\n|-damage|p2b: King Ghidorah|84\/100\n|-start|p2b: King Ghidorah|Salt Cure\n|\n|-damage|p2b: King Ghidorah|72\/100|[from] Salt Cure\n|upkeep\n|turn|10\n|\n|t:|1700887657\n|move|p1b: Garganacl|Protect|p1b: Garganacl\n|-singleturn|p1b: Garganacl|Protect\n|move|p2b: King Ghidorah|Draco Meteor|p1b: Garganacl\n|-activate|p1b: Garganacl|move: Protect\n|\n|-damage|p2b: King Ghidorah|59\/100|[from] Salt Cure\n|upkeep\n|turn|11\n|\n|t:|1700887661\n|move|p2b: King Ghidorah|Draco Meteor|p1b: Garganacl\n|-crit|p1b: Garganacl\n|-damage|p1b: Garganacl|25\/100\n|-unboost|p2b: King Ghidorah|spa|2\n|move|p1b: Garganacl|Recover|p1b: Garganacl\n|-heal|p1b: Garganacl|75\/100\n|\n|-heal|p1b: Garganacl|81\/100|[from] item: Leftovers\n|-damage|p2b: King Ghidorah|47\/100|[from] Salt Cure\n|upkeep\n|turn|12\n|\n|t:|1700887669\n|move|p1b: Garganacl|Protect|p1b: Garganacl\n|-singleturn|p1b: Garganacl|Protect\n|move|p2b: King Ghidorah|Draco Meteor|p1b: Garganacl\n|-activate|p1b: Garganacl|move: Protect\n|\n|-heal|p1b: Garganacl|87\/100|[from] item: Leftovers\n|-damage|p2b: King Ghidorah|34\/100|[from] Salt Cure\n|upkeep\n|turn|13\n|\n|t:|1700887675\n|move|p2b: King Ghidorah|Draco Meteor|p1b: Garganacl\n|-crit|p1b: Garganacl\n|-damage|p1b: Garganacl|7\/100\n|-unboost|p2b: King Ghidorah|spa|2\n|move|p1b: Garganacl|Recover|p1b: Garganacl\n|-heal|p1b: Garganacl|57\/100\n|\n|-heal|p1b: Garganacl|63\/100|[from] item: Leftovers\n|-damage|p2b: King Ghidorah|22\/100|[from] Salt Cure\n|upkeep\n|turn|14\n|\n|t:|1700887686\n|move|p1b: Garganacl|Protect|p1b: Garganacl\n|-singleturn|p1b: Garganacl|Protect\n|move|p2b: King Ghidorah|Draco Meteor|p1b: Garganacl\n|-activate|p1b: Garganacl|move: Protect\n|\n|-heal|p1b: Garganacl|69\/100|[from] item: Leftovers\n|-damage|p2b: King Ghidorah|9\/100|[from] Salt Cure\n|upkeep\n|turn|15\n|\n|t:|1700887694\n|move|p2b: King Ghidorah|Draco Meteor|p1b: Garganacl\n|-crit|p1b: Garganacl\n|-damage|p1b: Garganacl|0 fnt\n|faint|p1b: Garganacl\n|\n|win|deadenne\n|raw|toad17x's rating: 1385 &rarr; <strong>1358<\/strong><br \/>(-27 for losing)\n|raw|deadenne's rating: 1267 &rarr; <strong>1300<\/strong><br \/>(+33 for winning)\n|l|\u2606deadenne\n|c|\u2606toad17x|bruh\n","uploadtime":1700887772,"views":7,"p1id":"toad17x","p2id":"deadenne","formatid":"gen9vgc2023regulatione","rating":1300,"private":0,"password":""}