{"id":"gen9vgc2023regulatione-1998522205","p1":"TonyPajamas16","p2":"Tuffa92","format":"[Gen 9] VGC 2023 Regulation E","log":"|j|\u2606TonyPajamas16\n|j|\u2606Tuffa92\n|t:|1700951887\n|gametype|doubles\n|player|p1|TonyPajamas16|psychicf-gen4|1480\n|player|p2|Tuffa92|cynthia-gen4|1621\n|teamsize|p1|6\n|teamsize|p2|6\n|gen|9\n|tier|[Gen 9] VGC 2023 Regulation E\n|rated|\n|rule|Species Clause: Limit one of each Pok\u00e9mon\n|rule|Item Clause: Limit one of each item\n|clearpoke\n|poke|p1|Scream Tail, L50|\n|poke|p1|Spectrier, L50|\n|poke|p1|Milotic, L50, F|\n|poke|p1|Ogerpon-Hearthflame, L50, F|\n|poke|p1|Rillaboom, L50, M|\n|poke|p1|Sneasler, L50, M|\n|poke|p2|Indeedee-F, L50, F|\n|poke|p2|Ogerpon-Cornerstone, L50, F|\n|poke|p2|Hatterene, L50, F|\n|poke|p2|Armarouge, L50, F|\n|poke|p2|Iron Hands, L50|\n|poke|p2|Ursaluna, L50, F|\n|teampreview|4\n|inactive|Battle timer is ON: inactive players will automatically lose when time's up. (requested by Tuffa92)\nTuffa92 has agreed to open team sheets.\n|\n|t:|1700951948\n|start\n|switch|p1a: Ogerpon|Ogerpon-Hearthflame, L50, F|100\/100\n|switch|p1b: Milotic|Milotic, L50, F|100\/100\n|switch|p2a: Ogerpon|Ogerpon-Cornerstone, L50, F|100\/100\n|switch|p2b: Hatterene|Hatterene, L50, F|100\/100\n|-ability|p1a: Ogerpon|Mold Breaker\n|turn|1\n|inactive|TonyPajamas16 has 30 seconds left.\n|inactive|TonyPajamas16 has 20 seconds left.\n|inactive|TonyPajamas16 has 15 seconds left.\n|\n|t:|1700951991\n|move|p2a: Ogerpon|Follow Me|p2a: Ogerpon\n|-singleturn|p2a: Ogerpon|move: Follow Me\n|move|p1a: Ogerpon|Ivy Cudgel|p2a: Ogerpon|[anim] Ivy Cudgel Fire\n|-damage|p2a: Ogerpon|36\/100\n|move|p1b: Milotic|Coil|p1b: Milotic\n|-boost|p1b: Milotic|atk|1\n|-boost|p1b: Milotic|def|1\n|-boost|p1b: Milotic|accuracy|1\n|move|p2b: Hatterene|Trick Room|p2b: Hatterene\n|-fieldstart|move: Trick Room|[of] p2b: Hatterene\n|\n|upkeep\n|turn|2\n|inactive|TonyPajamas16 has 30 seconds left.\n|\n|t:|1700952017\n|move|p2b: Hatterene|Psyshock|p1a: Ogerpon\n|-damage|p1a: Ogerpon|40\/100\n|move|p1b: Milotic|Scald|p2a: Ogerpon\n|-damage|p2a: Ogerpon|10\/100\n|-status|p2a: Ogerpon|brn\n|move|p2a: Ogerpon|Ivy Cudgel|p1a: Ogerpon|[anim] Ivy Cudgel Rock\n|-supereffective|p1a: Ogerpon\n|-damage|p1a: Ogerpon|0 fnt\n|faint|p1a: Ogerpon\n|\n|-damage|p2a: Ogerpon|4\/100 brn|[from] brn\n|upkeep\n|\n|t:|1700952035\n|switch|p1a: Rillaboom|Rillaboom, L50, M|100\/100\n|-fieldstart|move: Grassy Terrain|[from] ability: Grassy Surge|[of] p1a: Rillaboom\n|turn|3\n|\n|t:|1700952046\n|move|p2b: Hatterene|Psyshock|p1a: Rillaboom\n|-damage|p1a: Rillaboom|54\/100\n|move|p1b: Milotic|Scald|p2b: Hatterene\n|-damage|p2b: Hatterene|69\/100\n|move|p1a: Rillaboom|U-turn|p2b: Hatterene\n|-damage|p2b: Hatterene|43\/100\n|\n|t:|1700952054\n|switch|p1a: Spectrier|Spectrier, L50|100\/100|[from] U-turn\n|move|p2a: Ogerpon|Horn Leech|p1b: Milotic\n|-supereffective|p1b: Milotic\n|-damage|p1b: Milotic|72\/100\n|-heal|p2a: Ogerpon|20\/100 brn|[from] drain|[of] p1b: Milotic\n|\n|-heal|p2b: Hatterene|50\/100|[from] Grassy Terrain\n|-heal|p1b: Milotic|78\/100|[from] Grassy Terrain\n|-heal|p1b: Milotic|84\/100|[from] item: Leftovers\n|-heal|p2a: Ogerpon|26\/100 brn|[from] Grassy Terrain\n|-damage|p2a: Ogerpon|20\/100 brn|[from] brn\n|upkeep\n|turn|4\n|\n|t:|1700952079\n|switch|p1a: Rillaboom|Rillaboom, L50, M|54\/100\n|move|p2a: Ogerpon|Follow Me|p2a: Ogerpon\n|-singleturn|p2a: Ogerpon|move: Follow Me\n|move|p2b: Hatterene|Psyshock|p1a: Rillaboom\n|-damage|p1a: Rillaboom|14\/100\n|move|p1b: Milotic|Scald|p2a: Ogerpon\n|-damage|p2a: Ogerpon|0 fnt\n|faint|p2a: Ogerpon\n|\n|-heal|p2b: Hatterene|56\/100|[from] Grassy Terrain\n|-heal|p1b: Milotic|90\/100|[from] Grassy Terrain\n|-heal|p1b: Milotic|96\/100|[from] item: Leftovers\n|-heal|p1a: Rillaboom|20\/100|[from] Grassy Terrain\n|upkeep\n|\n|t:|1700952096\n|switch|p2a: Ursaluna|Ursaluna, L50, F|100\/100\n|turn|5\n|\n|t:|1700952112\n|move|p1a: Rillaboom|Grassy Glide|p2b: Hatterene\n|-damage|p2b: Hatterene|13\/100\n|move|p2b: Hatterene|Dazzling Gleam|p1b: Milotic|[spread] p1a,p1b\n|-damage|p1a: Rillaboom|0 fnt\n|-damage|p1b: Milotic|72\/100\n|faint|p1a: Rillaboom\n|move|p2a: Ursaluna|High Horsepower|p1b: Milotic\n|-damage|p1b: Milotic|33\/100\n|move|p1b: Milotic|Scald|p2a: Ursaluna\n|-supereffective|p2a: Ursaluna\n|-damage|p2a: Ursaluna|49\/100\n|\n|-heal|p2b: Hatterene|20\/100|[from] Grassy Terrain\n|-heal|p2a: Ursaluna|56\/100|[from] Grassy Terrain\n|-heal|p1b: Milotic|39\/100|[from] Grassy Terrain\n|-heal|p1b: Milotic|45\/100|[from] item: Leftovers\n|-fieldend|move: Trick Room\n|upkeep\n|\n|t:|1700952127\n|switch|p1a: Spectrier|Spectrier, L50|100\/100\n|turn|6\n|\n|t:|1700952144\n|move|p1a: Spectrier|Hex|p2b: Hatterene\n|-supereffective|p2b: Hatterene\n|-damage|p2b: Hatterene|0 fnt\n|faint|p2b: Hatterene\n|-ability|p1a: Spectrier|Grim Neigh|boost\n|-boost|p1a: Spectrier|spa|1\n|move|p1b: Milotic|Hypnosis|p2a: Ursaluna|[miss]\n|-miss|p1b: Milotic|p2a: Ursaluna\n|move|p2a: Ursaluna|High Horsepower|p1a: Spectrier\n|-damage|p1a: Spectrier|0 fnt\n|faint|p1a: Spectrier\n|\n|-heal|p1b: Milotic|50\/100|[from] Grassy Terrain\n|-heal|p1b: Milotic|56\/100|[from] item: Leftovers\n|-heal|p2a: Ursaluna|62\/100|[from] Grassy Terrain\n|upkeep\n|\n|t:|1700952161\n|switch|p2b: Iron Hands|Iron Hands, L50|100\/100\n|turn|7\n|\n|t:|1700952176\n|-terastallize|p1b: Milotic|Dragon\n|move|p1b: Milotic|Icy Wind|p2a: Ursaluna|[spread] p2a,p2b\n|-supereffective|p2a: Ursaluna\n|-damage|p2a: Ursaluna|45\/100\n|-damage|p2b: Iron Hands|93\/100\n|-unboost|p2a: Ursaluna|spe|1\n|move|p2b: Iron Hands|Thunder Punch|p1b: Milotic\n|-resisted|p1b: Milotic\n|-damage|p1b: Milotic|44\/100\n|move|p2a: Ursaluna|High Horsepower|p1b: Milotic\n|-damage|p1b: Milotic|5\/100\n|\n|-heal|p1b: Milotic|11\/100|[from] Grassy Terrain\n|-heal|p1b: Milotic|17\/100|[from] item: Leftovers\n|-heal|p2b: Iron Hands|99\/100|[from] Grassy Terrain\n|-heal|p2a: Ursaluna|51\/100|[from] Grassy Terrain\n|-fieldend|move: Grassy Terrain\n|upkeep\n|turn|8\n|\n|t:|1700952197\n|move|p1b: Milotic|Hypnosis|p2b: Iron Hands\n|-status|p2b: Iron Hands|slp|[from] move: Hypnosis\n|cant|p2b: Iron Hands|slp\n|move|p2a: Ursaluna|Headlong Rush|p1b: Milotic\n|-damage|p1b: Milotic|0 fnt\n|-unboost|p2a: Ursaluna|def|1\n|-unboost|p2a: Ursaluna|spd|1\n|faint|p1b: Milotic\n|\n|win|Tuffa92\n|raw|TonyPajamas16's rating: 1480 &rarr; <strong>1468<\/strong><br \/>(-12 for losing)\n|raw|Tuffa92's rating: 1621 &rarr; <strong>1633<\/strong><br \/>(+12 for winning)\n","uploadtime":1700952210,"views":2,"p1id":"tonypajamas16","p2id":"tuffa92","formatid":"gen9vgc2023regulatione","rating":1468,"private":0,"password":""}