{"id":"gen9vgc2023regulatione-1998860065","p1":"PA_sVavaa","p2":"INPS_PerLaFamiglia","format":"[Gen 9] VGC 2023 Regulation E","log":"|j|\u2606PA_sVavaa\n|j|\u2606INPS_PerLaFamiglia\n|n|\u2606PA_sVavaa|pasvavaa\n|n|\u2606INPS_PerLaFamiglia|inpsperlafamiglia\n|html|View the match progress at <a href=\"\/game-bestof3-gen9vgc2023regulatione-1998860064\">game-bestof3-gen9vgc2023regulatione-1998860064<\/a>\n|t:|1701004583\n|gametype|doubles\n|player|p1|PA_sVavaa|veteranf|\n|player|p2|INPS_PerLaFamiglia|shadowtriad|\n|teamsize|p1|6\n|teamsize|p2|6\n|gen|9\n|tier|[Gen 9] VGC 2023 Regulation E\n|rule|Species Clause: Limit one of each Pok\u00e9mon\n|rule|Item Clause: Limit one of each item\n|clearpoke\n|poke|p1|Tornadus, L50, M|\n|poke|p1|Urshifu-*, L50, F|\n|poke|p1|Rillaboom, L50, F|\n|poke|p1|Ogerpon-Hearthflame, L50, F|\n|poke|p1|Gholdengo, L50|\n|poke|p1|Regidrago, L50|\n|poke|p2|Dondozo, L50, M|\n|poke|p2|Kommo-o, L50, F|\n|poke|p2|Iron Hands, L50|\n|poke|p2|Sinistcha, L50|\n|poke|p2|Indeedee-F, L50, F|\n|poke|p2|Arcanine, L50, F|\n|teampreview|4\nINPS_PerLaFamiglia has agreed to open team sheets.\nPA_sVavaa has agreed to open team sheets.\n|showteam|p1|Tornadus||CovertCloak|Prankster|BleakwindStorm,Tailwind,RainDance,Protect|||M|||50|,,,,,Steel]Urshifu-Rapid-Strike||MysticWater|UnseenFist|SurgingStrikes,CloseCombat,AquaJet,Detect|||F|||50|,,,,,Water]Rillaboom||AssaultVest|GrassySurge|WoodHammer,GrassyGlide,Uturn,FakeOut|||F|||50|,,,,,Fire]Ogerpon-Hearthflame||HearthflameMask|MoldBreaker|IvyCudgel,GrassyGlide,FollowMe,SpikyShield|||F|||50|,,,,,Fire]Gholdengo||ChoiceSpecs|GoodasGold|MakeItRain,ShadowBall,Thunderbolt,SteelBeam||||||50|,,,,,Steel]Regidrago||DragonFang|DragonsMaw|DragonEnergy,DracoMeteor,EarthPower,Protect||||||50|,,,,,Steel\n|showteam|p2|Dondozo||Leftovers|Unaware|Liquidation,BodyPress,Curse,Protect|||M|||50|,,,,,Dragon]Kommo-o||ThroatSpray|Bulletproof|ClangingScales,FlashCannon,ClangorousSoul,Protect|||F|||50|,,,,,Steel]Iron Hands||AssaultVest|QuarkDrive|FakeOut,WildCharge,DrainPunch,VoltSwitch||||||50|,,,,,Water]Sinistcha||RockyHelmet|Hospitality|MatchaGotcha,RagePowder,StrengthSap,TrickRoom||||||50|,,,,,Water]Indeedee-F||SafetyGoggles|PsychicSurge|DazzlingGleam,FollowMe,HealPulse,TrickRoom|||F|||50|,,,,,Fairy]Arcanine||SitrusBerry|Intimidate|FlareBlitz,Snarl,WillOWisp,MorningSun|||F|||50|,,,,,Grass\n|j| nightcoreee\n|\n|t:|1701004646\n|start\n|switch|p1a: Ogerpon|Ogerpon-Hearthflame, L50, F|100\/100\n|switch|p1b: Regidrago|Regidrago, L50|100\/100\n|switch|p2a: Kommo-o|Kommo-o, L50, F|100\/100\n|switch|p2b: Iron Hands|Iron Hands, L50|100\/100\n|-ability|p1a: Ogerpon|Mold Breaker\n|turn|1\n|j| DubiousVGC\n|\n|t:|1701004670\n|move|p1b: Regidrago|Protect|p1b: Regidrago\n|-singleturn|p1b: Regidrago|Protect\n|move|p2b: Iron Hands|Fake Out|p1b: Regidrago\n|-activate|p1b: Regidrago|move: Protect\n|move|p1a: Ogerpon|Ivy Cudgel|p2b: Iron Hands|[anim] Ivy Cudgel Fire\n|-crit|p2b: Iron Hands\n|-damage|p2b: Iron Hands|49\/100\n|move|p2a: Kommo-o|Clangorous Soul|p2a: Kommo-o\n|-boost|p2a: Kommo-o|atk|1\n|-boost|p2a: Kommo-o|def|1\n|-boost|p2a: Kommo-o|spa|1\n|-boost|p2a: Kommo-o|spd|1\n|-boost|p2a: Kommo-o|spe|1\n|-damage|p2a: Kommo-o|68\/100\n|-enditem|p2a: Kommo-o|Throat Spray\n|-boost|p2a: Kommo-o|spa|1|[from] item: Throat Spray\n|\n|upkeep\n|turn|2\n|\n|t:|1701004703\n|-terastallize|p1b: Regidrago|Steel\n|move|p2a: Kommo-o|Protect|p2a: Kommo-o\n|-singleturn|p2a: Kommo-o|Protect\n|move|p1a: Ogerpon|Ivy Cudgel|p2a: Kommo-o|[anim] Ivy Cudgel Fire\n|-activate|p2a: Kommo-o|move: Protect\n|move|p1b: Regidrago|Dragon Energy|p2b: Iron Hands|[spread] p2b\n|-activate|p2a: Kommo-o|move: Protect\n|-damage|p2b: Iron Hands|0 fnt\n|faint|p2b: Iron Hands\n|-end|p2b: Iron Hands|Quark Drive|[silent]\n|\n|upkeep\n|\n|t:|1701004717\n|switch|p2b: Indeedee|Indeedee-F, L50, F|100\/100\n|-fieldstart|move: Psychic Terrain|[from] ability: Psychic Surge|[of] p2b: Indeedee\n|turn|3\n|\n|t:|1701004736\n|-terastallize|p2a: Kommo-o|Steel\n|move|p1b: Regidrago|Protect|p1b: Regidrago\n|-singleturn|p1b: Regidrago|Protect\n|move|p2b: Indeedee|Follow Me|p2b: Indeedee\n|-singleturn|p2b: Indeedee|move: Follow Me\n|move|p2a: Kommo-o|Clanging Scales|p1a: Ogerpon|[spread] p1a\n|-activate|p1b: Regidrago|move: Protect\n|-damage|p1a: Ogerpon|23\/100\n|-unboost|p2a: Kommo-o|def|1\n|move|p1a: Ogerpon|Ivy Cudgel|p2b: Indeedee|[anim] Ivy Cudgel Fire\n|-damage|p2b: Indeedee|41\/100\n|\n|upkeep\n|turn|4\n|\n|t:|1701004776\n|switch|p1a: Rillaboom|Rillaboom, L50, F|100\/100\n|-fieldstart|move: Grassy Terrain|[from] ability: Grassy Surge|[of] p1a: Rillaboom\n|switch|p2b: Sinistcha|Sinistcha, L50|100\/100\n|-heal|p2a: Kommo-o|93\/100|[from] ability: Hospitality|[of] p2b: Sinistcha\n|move|p2a: Kommo-o|Clanging Scales|p1b: Regidrago|[spread] p1a,p1b\n|-resisted|p1b: Regidrago\n|-damage|p1a: Rillaboom|47\/100\n|-damage|p1b: Regidrago|57\/100\n|-unboost|p2a: Kommo-o|def|1\n|move|p1b: Regidrago|Earth Power|p2a: Kommo-o\n|-supereffective|p2a: Kommo-o\n|-damage|p2a: Kommo-o|53\/100\n|\n|-heal|p2a: Kommo-o|59\/100|[from] Grassy Terrain\n|-heal|p1b: Regidrago|63\/100|[from] Grassy Terrain\n|-heal|p1a: Rillaboom|53\/100|[from] Grassy Terrain\n|upkeep\n|turn|5\n|\n|t:|1701004816\n|switch|p2b: Indeedee|Indeedee-F, L50, F|41\/100\n|-fieldstart|move: Psychic Terrain|[from] ability: Psychic Surge|[of] p2b: Indeedee\n|move|p1a: Rillaboom|Fake Out|p2a: Kommo-o\n|-activate|p2a: Kommo-o|move: Psychic Terrain\n|move|p2a: Kommo-o|Clanging Scales|p1a: Rillaboom|[spread] p1a,p1b\n|-resisted|p1b: Regidrago\n|-damage|p1a: Rillaboom|0 fnt\n|-damage|p1b: Regidrago|22\/100\n|faint|p1a: Rillaboom\n|-unboost|p2a: Kommo-o|def|1\n|move|p1b: Regidrago|Draco Meteor|p2b: Indeedee\n|-damage|p2b: Indeedee|0 fnt\n|-unboost|p1b: Regidrago|spa|2\n|faint|p2b: Indeedee\n|\n|upkeep\n|\n|t:|1701004836\n|switch|p1a: Tornadus|Tornadus, L50, M|100\/100\n|switch|p2b: Sinistcha|Sinistcha, L50|100\/100\n|-heal|p2a: Kommo-o|84\/100|[from] ability: Hospitality|[of] p2b: Sinistcha\n|turn|6\n|\n|t:|1701004879\n|move|p1a: Tornadus|Protect|p1a: Tornadus\n|-singleturn|p1a: Tornadus|Protect\n|move|p2a: Kommo-o|Clanging Scales|p1a: Tornadus|[spread] p1b\n|-activate|p1a: Tornadus|move: Protect\n|-resisted|p1b: Regidrago\n|-damage|p1b: Regidrago|0 fnt\n|faint|p1b: Regidrago\n|-unboost|p2a: Kommo-o|def|1\n|move|p2b: Sinistcha|Trick Room|p2b: Sinistcha\n|-fieldstart|move: Trick Room|[of] p2b: Sinistcha\n|\n|upkeep\n|\n|t:|1701004890\n|switch|p1b: Ogerpon|Ogerpon-Hearthflame, L50, F|23\/100\n|-ability|p1b: Ogerpon|Mold Breaker\n|turn|7\n|\n|t:|1701004918\n|move|p2a: Kommo-o|Protect|p2a: Kommo-o\n|-singleturn|p2a: Kommo-o|Protect\n|move|p2b: Sinistcha|Matcha Gotcha|p1a: Tornadus|[spread] p1a,p1b\n|-resisted|p1a: Tornadus\n|-resisted|p1b: Ogerpon\n|-damage|p1a: Tornadus|86\/100\n|-damage|p1b: Ogerpon|17\/100\n|move|p1b: Ogerpon|Ivy Cudgel|p2a: Kommo-o|[anim] Ivy Cudgel Fire\n|-activate|p2a: Kommo-o|move: Protect\n|move|p1a: Tornadus|Bleakwind Storm|p2a: Kommo-o|[spread] p2b\n|-activate|p2a: Kommo-o|move: Protect\n|-supereffective|p2b: Sinistcha\n|-damage|p2b: Sinistcha|35\/100\n|-unboost|p2b: Sinistcha|spe|1\n|\n|upkeep\n|turn|8\n|j| ChrolloKills\n|l| ChrolloKills\n|\n|t:|1701004952\n|move|p2a: Kommo-o|Protect|p2a: Kommo-o\n|-singleturn|p2a: Kommo-o|Protect\n|move|p2b: Sinistcha|Strength Sap|p1b: Ogerpon\n|-unboost|p1b: Ogerpon|atk|1\n|-heal|p2b: Sinistcha|100\/100\n|move|p1b: Ogerpon|Ivy Cudgel|p2a: Kommo-o|[anim] Ivy Cudgel Fire\n|-activate|p2a: Kommo-o|move: Protect\n|move|p1a: Tornadus|Bleakwind Storm|p2b: Sinistcha|[spread] p2b\n|-activate|p2a: Kommo-o|move: Protect\n|-supereffective|p2b: Sinistcha\n|-damage|p2b: Sinistcha|43\/100\n|-unboost|p2b: Sinistcha|spe|1\n|\n|upkeep\n|turn|9\n|\n|t:|1701005003\n|move|p2b: Sinistcha|Strength Sap|p1b: Ogerpon\n|-unboost|p1b: Ogerpon|atk|1\n|-heal|p2b: Sinistcha|100\/100\n|move|p1b: Ogerpon|Ivy Cudgel|p2a: Kommo-o|[anim] Ivy Cudgel Fire\n|-supereffective|p2a: Kommo-o\n|-damage|p2a: Kommo-o|0 fnt\n|faint|p2a: Kommo-o\n|move|p1a: Tornadus|Bleakwind Storm|p2b: Sinistcha\n|-supereffective|p2b: Sinistcha\n|-damage|p2b: Sinistcha|18\/100\n|\n|-fieldend|move: Psychic Terrain\n|upkeep\n|turn|10\n|\n|t:|1701005015\n|move|p1a: Tornadus|Protect|p1a: Tornadus\n|-singleturn|p1a: Tornadus|Protect\n|move|p1b: Ogerpon|Spiky Shield|p1b: Ogerpon\n|-singleturn|p1b: Ogerpon|move: Protect\n|move|p2b: Sinistcha|Strength Sap|p1b: Ogerpon\n|-activate|p1b: Ogerpon|move: Protect\n|\n|-fieldend|move: Trick Room\n|upkeep\n|turn|11\n|\n|t:|1701005024\n|move|p1a: Tornadus|Bleakwind Storm|p2b: Sinistcha\n|-supereffective|p2b: Sinistcha\n|-crit|p2b: Sinistcha\n|-damage|p2b: Sinistcha|0 fnt\n|faint|p2b: Sinistcha\n|\n|win|PA_sVavaa\n|c|\u2606INPS_PerLaFamiglia|gg\n|c|&|\/uhtml prompt-inpsperlafamiglia,INPS_PerLaFamiglia is ready for game 2!\n|c|\u2606PA_sVavaa|gg\n|c|&|\/uhtml prompt-pasvavaa,PA_sVavaa is ready for game 2!\nBoth players are ready! Starting next match!\n|j| Kxroro\n","uploadtime":1701005694,"views":15,"p1id":"pasvavaa","p2id":"inpsperlafamiglia","formatid":"gen9vgc2023regulatione","rating":0,"private":0,"password":""}