{"id":"gen9vgc2023regulatione-2000106605","p1":"Kira6116","p2":"Orb66623","format":"[Gen 9] VGC 2023 Regulation E","log":"|j|\u2606Kira6116\n|j|\u2606Orb66623\n|t:|1701155991\n|gametype|doubles\n|player|p1|Kira6116|101|1404\n|player|p2|Orb66623|265|1480\n|teamsize|p1|6\n|teamsize|p2|6\n|gen|9\n|tier|[Gen 9] VGC 2023 Regulation E\n|rated|\n|rule|Species Clause: Limit one of each Pok\u00e9mon\n|rule|Item Clause: Limit one of each item\n|clearpoke\n|poke|p1|Empoleon, L50, F|\n|poke|p1|Tyranitar, L50, F|\n|poke|p1|Ogerpon-Cornerstone, L50, F|\n|poke|p1|Farigiraf, L50, F|\n|poke|p1|Landorus-Therian, L50, M|\n|poke|p1|Rillaboom, L50, M|\n|poke|p2|Ogerpon-Wellspring, L50, F|\n|poke|p2|Armarouge, L50, F|\n|poke|p2|Torkoal, L50, F|\n|poke|p2|Indeedee-F, L50, F|\n|poke|p2|Iron Hands, L50|\n|poke|p2|Landorus-Therian, L50, M|\n|teampreview|4\n|inactive|Battle timer is ON: inactive players will automatically lose when time's up. (requested by Orb66623)\n|\n|t:|1701156010\n|start\n|switch|p1a: Tyranitar|Tyranitar, L50, F|100\/100\n|switch|p1b: Ogerpon|Ogerpon-Cornerstone, L50, F|100\/100\n|switch|p2a: Landorus|Landorus-Therian, L50, M|100\/100\n|switch|p2b: Armarouge|Armarouge, L50, F|100\/100\n|-ability|p2a: Landorus|Intimidate|boost\n|-unboost|p1a: Tyranitar|atk|1\n|-unboost|p1b: Ogerpon|atk|1\n|-weather|Sandstorm|[from] ability: Sand Stream|[of] p1a: Tyranitar\n|turn|1\n|\n|t:|1701156029\n|move|p2b: Armarouge|Endure|p2b: Armarouge\n|-singleturn|p2b: Armarouge|move: Endure\n|move|p2a: Landorus|U-turn|p1b: Ogerpon\n|-supereffective|p1b: Ogerpon\n|-damage|p1b: Ogerpon|51\/100\n|\n|t:|1701156034\n|switch|p2a: Indeedee|Indeedee-F, L50, F|100\/100|[from] U-turn\n|-fieldstart|move: Psychic Terrain|[from] ability: Psychic Surge|[of] p2a: Indeedee\n|-enditem|p2a: Indeedee|Psychic Seed\n|-boost|p2a: Indeedee|spd|1|[from] item: Psychic Seed\n|move|p1b: Ogerpon|Swords Dance|p1b: Ogerpon\n|-boost|p1b: Ogerpon|atk|2\n|move|p1a: Tyranitar|Rock Slide|p2a: Indeedee|[spread] p2a\n|-miss|p1a: Tyranitar|p2b: Armarouge\n|-damage|p2a: Indeedee|80\/100\n|\n|-weather|Sandstorm|[upkeep]\n|-damage|p2b: Armarouge|94\/100|[from] Sandstorm\n|-damage|p2a: Indeedee|73\/100|[from] Sandstorm\n|upkeep\n|turn|2\n|inactive|Orb66623 has 30 seconds left.\n|inactive|Orb66623 has 20 seconds left.\n|\n|t:|1701156070\n|move|p1b: Ogerpon|Spiky Shield|p1b: Ogerpon\n|-singleturn|p1b: Ogerpon|move: Protect\n|move|p2a: Indeedee|Follow Me|p2a: Indeedee\n|-singleturn|p2a: Indeedee|move: Follow Me\n|move|p2b: Armarouge|Expanding Force|p1b: Ogerpon|[spread] \n|-activate|p1b: Ogerpon|move: Protect\n|-immune|p1a: Tyranitar\n|move|p1a: Tyranitar|Rock Slide|p2b: Armarouge|[spread] p2a,p2b\n|-supereffective|p2b: Armarouge\n|-damage|p2a: Indeedee|51\/100\n|-damage|p2b: Armarouge|50\/100\n|-ability|p2b: Armarouge|Weak Armor|boost\n|-unboost|p2b: Armarouge|def|1\n|-boost|p2b: Armarouge|spe|2\n|-enditem|p2b: Armarouge|Weakness Policy\n|-boost|p2b: Armarouge|atk|2|[from] item: Weakness Policy\n|-boost|p2b: Armarouge|spa|2|[from] item: Weakness Policy\n|\n|-weather|Sandstorm|[upkeep]\n|-damage|p2b: Armarouge|44\/100|[from] Sandstorm\n|-damage|p2a: Indeedee|45\/100|[from] Sandstorm\n|upkeep\n|turn|3\n|\n|t:|1701156088\n|switch|p1b: Empoleon|Empoleon, L50, F, shiny|100\/100\n|-terastallize|p2b: Armarouge|Psychic\n|move|p2a: Indeedee|Follow Me|p2a: Indeedee\n|-singleturn|p2a: Indeedee|move: Follow Me\n|move|p2b: Armarouge|Aura Sphere|p1a: Tyranitar\n|-supereffective|p1a: Tyranitar\n|-damage|p1a: Tyranitar|0 fnt\n|faint|p1a: Tyranitar\n|\n|-weather|Sandstorm|[upkeep]\n|-damage|p2b: Armarouge|37\/100|[from] Sandstorm\n|-damage|p2a: Indeedee|39\/100|[from] Sandstorm\n|upkeep\n|\n|t:|1701156098\n|switch|p1a: Rillaboom|Rillaboom, L50, M|100\/100\n|-fieldstart|move: Grassy Terrain|[from] ability: Grassy Surge|[of] p1a: Rillaboom\n|turn|4\n|inactive|Kira6116 has 30 seconds left.\n|inactive|Orb66623 has 30 seconds left.\n|\n|t:|1701156126\n|switch|p2a: Iron Hands|Iron Hands, L50|100\/100\n|move|p1a: Rillaboom|Grassy Glide|p2b: Armarouge\n|-damage|p2b: Armarouge|0 fnt\n|faint|p2b: Armarouge\n|move|p1b: Empoleon|Flash Cannon|p2a: Iron Hands\n|-resisted|p2a: Iron Hands\n|-damage|p2a: Iron Hands|92\/100\n|\n|-weather|Sandstorm|[upkeep]\n|-damage|p1a: Rillaboom|95\/100|[from] Sandstorm\n|-damage|p2a: Iron Hands|86\/100|[from] Sandstorm\n|-heal|p1a: Rillaboom|100\/100|[from] Grassy Terrain\n|-heal|p2a: Iron Hands|92\/100|[from] Grassy Terrain\n|upkeep\n|\n|t:|1701156133\n|switch|p2b: Indeedee|Indeedee-F, L50, F|39\/100\n|-fieldstart|move: Psychic Terrain|[from] ability: Psychic Surge|[of] p2b: Indeedee\n|turn|5\n|\n|t:|1701156157\n|move|p2b: Indeedee|Helping Hand|p2a: Iron Hands\n|-singleturn|p2a: Iron Hands|Helping Hand|[of] p2b: Indeedee\n|move|p1a: Rillaboom|Wood Hammer|p2a: Iron Hands\n|-damage|p2a: Iron Hands|42\/100\n|-damage|p1a: Rillaboom|81\/100|[from] Recoil\n|move|p1b: Empoleon|Chilling Water|p2a: Iron Hands\n|-damage|p2a: Iron Hands|31\/100\n|-unboost|p2a: Iron Hands|atk|1\n|move|p2a: Iron Hands|Drain Punch|p1b: Empoleon\n|-supereffective|p1b: Empoleon\n|-damage|p1b: Empoleon|38\/100\n|-heal|p2a: Iron Hands|57\/100|[from] drain|[of] p1b: Empoleon\n|\n|-weather|none\n|upkeep\n|turn|6\n|inactive|Kira6116 has 30 seconds left.\n|inactive|Orb66623 has 30 seconds left.\n|inactive|Kira6116 has 20 seconds left.\n|inactive|Orb66623 has 20 seconds left.\n|inactive|Orb66623 has 15 seconds left.\n|\n|t:|1701156200\n|-terastallize|p1a: Rillaboom|Grass\n|move|p2b: Indeedee|Follow Me|p2b: Indeedee\n|-singleturn|p2b: Indeedee|move: Follow Me\n|move|p1a: Rillaboom|Wood Hammer|p2b: Indeedee\n|-damage|p2b: Indeedee|0 fnt\n|faint|p2b: Indeedee\n|-damage|p1a: Rillaboom|70\/100|[from] Recoil\n|move|p1b: Empoleon|Flash Cannon|p2a: Iron Hands\n|-resisted|p2a: Iron Hands\n|-damage|p2a: Iron Hands|49\/100\n|-unboost|p2a: Iron Hands|spd|1\n|move|p2a: Iron Hands|Drain Punch|p1b: Empoleon\n|-supereffective|p1b: Empoleon\n|-damage|p1b: Empoleon|0 fnt\n|-heal|p2a: Iron Hands|64\/100|[from] drain|[of] p1b: Empoleon\n|faint|p1b: Empoleon\n|\n|upkeep\n|\n|t:|1701156213\n|switch|p2b: Landorus|Landorus-Therian, L50, M|100\/100\n|switch|p1b: Ogerpon|Ogerpon-Cornerstone, L50, F|51\/100\n|-ability|p2b: Landorus|Intimidate|boost\n|-unboost|p1a: Rillaboom|atk|1\n|-unboost|p1b: Ogerpon|atk|1\n|turn|7\n|\n|t:|1701156228\n|move|p1b: Ogerpon|Spiky Shield|p1b: Ogerpon\n|-singleturn|p1b: Ogerpon|move: Protect\n|move|p2b: Landorus|U-turn|p1a: Rillaboom\n|-supereffective|p1a: Rillaboom\n|-damage|p1a: Rillaboom|21\/100\n|move|p1a: Rillaboom|Wood Hammer|p2b: Landorus\n|-damage|p2b: Landorus|17\/100\n|-damage|p1a: Rillaboom|0 fnt|[from] Recoil\n|faint|p1a: Rillaboom\n|move|p2a: Iron Hands|Drain Punch|p1b: Ogerpon\n|-activate|p1b: Ogerpon|move: Protect\n|-damage|p2a: Iron Hands|52\/100|[from] Spiky Shield|[of] p1b: Ogerpon\n|\n|upkeep\n|turn|8\n|\n|t:|1701156240\n|move|p2b: Landorus|U-turn|p1b: Ogerpon\n|-supereffective|p1b: Ogerpon\n|-damage|p1b: Ogerpon|2\/100\n|move|p1b: Ogerpon|Horn Leech|p2b: Landorus\n|-damage|p2b: Landorus|0 fnt\n|-heal|p1b: Ogerpon|10\/100|[from] drain|[of] p2b: Landorus\n|faint|p2b: Landorus\n|move|p2a: Iron Hands|Drain Punch|p1b: Ogerpon\n|-supereffective|p1b: Ogerpon\n|-damage|p1b: Ogerpon|0 fnt\n|-heal|p2a: Iron Hands|56\/100|[from] drain|[of] p1b: Ogerpon\n|faint|p1b: Ogerpon\n|\n|win|Orb66623\n|raw|Kira6116's rating: 1404 &rarr; <strong>1388<\/strong><br \/>(-16 for losing)\n|raw|Orb66623's rating: 1480 &rarr; <strong>1496<\/strong><br \/>(+16 for winning)\n|l|\u2606Kira6116\n","uploadtime":1701156255,"views":8,"p1id":"kira6116","p2id":"orb66623","formatid":"gen9vgc2023regulatione","rating":1388,"private":0,"password":""}