{"id":"gen9vgc2023regulatione-1993828210","p1":"Alienatedfob1","p2":"DefiantKi","format":"[Gen 9] VGC 2023 Regulation E","log":"|j|\u2606Alienatedfob1\n|j|\u2606DefiantKi\n|t:|1700362295\n|gametype|doubles\n|player|p1|Alienatedfob1|riley|1077\n|player|p2|DefiantKi|grimsley|1162\n|teamsize|p1|6\n|teamsize|p2|6\n|gen|9\n|tier|[Gen 9] VGC 2023 Regulation E\n|rated|\n|rule|Species Clause: Limit one of each Pok\u00e9mon\n|rule|Item Clause: Limit one of each item\n|clearpoke\n|poke|p1|Flutter Mane, L50|\n|poke|p1|Ogerpon-Hearthflame, L50, F|\n|poke|p1|Iron Hands, L50|\n|poke|p1|Tornadus, L50, M|\n|poke|p1|Urshifu-*, L50, F|\n|poke|p1|Rillaboom, L50, M|\n|poke|p2|Zapdos, L50|\n|poke|p2|Garchomp, L50, M|\n|poke|p2|Iron Bundle, L50|\n|poke|p2|Ogerpon-Wellspring, L50, F|\n|poke|p2|Heatran, L50, F|\n|poke|p2|Chien-Pao, L50|\n|teampreview|4\n|\n|t:|1700362342\n|start\n|switch|p1a: Flutter Mane|Flutter Mane, L50|100\/100\n|switch|p1b: Tornadus|Tornadus, L50, M|100\/100\n|switch|p2a: Zapdos|Zapdos, L50, shiny|100\/100\n|switch|p2b: Heatran|Heatran, L50, F|100\/100\n|turn|1\n|\n|t:|1700362361\n|-terastallize|p1b: Tornadus|Ghost\n|move|p1b: Tornadus|Tailwind|p1b: Tornadus\n|-sidestart|p1: Alienatedfob1|move: Tailwind\n|move|p1a: Flutter Mane|Power Gem|p2a: Zapdos\n|-supereffective|p2a: Zapdos\n|-damage|p2a: Zapdos|18\/100\n|move|p2a: Zapdos|Discharge|p1b: Tornadus|[spread] p2b,p1a,p1b\n|-damage|p2b: Heatran|72\/100\n|-damage|p1a: Flutter Mane|63\/100\n|-damage|p1b: Tornadus|71\/100\n|move|p2b: Heatran|Flash Cannon|p1a: Flutter Mane\n|-supereffective|p1a: Flutter Mane\n|-damage|p1a: Flutter Mane|0 fnt\n|faint|p1a: Flutter Mane\n|-end|p1a: Flutter Mane|Protosynthesis|[silent]\n|-damage|p2b: Heatran|62\/100|[from] item: Life Orb\n|\n|upkeep\n|\n|t:|1700362376\n|switch|p1a: Iron Hands|Iron Hands, L50|100\/100\n|turn|2\n|\n|t:|1700362401\n|move|p1a: Iron Hands|Fake Out|p2b: Heatran\n|-resisted|p2b: Heatran\n|-damage|p2b: Heatran|56\/100\n|move|p1b: Tornadus|Rain Dance|p1b: Tornadus\n|-weather|RainDance\n|move|p2a: Zapdos|Heat Wave|p1a: Iron Hands|[spread] p1a,p1b\n|-damage|p1a: Iron Hands|93\/100\n|-damage|p1b: Tornadus|62\/100\n|-status|p1a: Iron Hands|brn\n|cant|p2b: Heatran|flinch\n|\n|-weather|RainDance|[upkeep]\n|-damage|p1a: Iron Hands|87\/100 brn|[from] brn\n|upkeep\n|turn|3\n|\n|t:|1700362421\n|move|p2b: Heatran|Protect|p2b: Heatran\n|-singleturn|p2b: Heatran|Protect\n|move|p1b: Tornadus|Bleakwind Storm|p2a: Zapdos|[spread] p2a\n|-activate|p2b: Heatran|move: Protect\n|-resisted|p2a: Zapdos\n|-damage|p2a: Zapdos|5\/100\n|move|p1a: Iron Hands|Drain Punch|p2b: Heatran\n|-activate|p2b: Heatran|move: Protect\n|move|p2a: Zapdos|Hurricane|p1a: Iron Hands\n|-damage|p1a: Iron Hands|48\/100 brn\n|-start|p1a: Iron Hands|confusion\n|\n|-weather|RainDance|[upkeep]\n|-damage|p1a: Iron Hands|42\/100 brn|[from] brn\n|upkeep\n|turn|4\n|\n|t:|1700362453\n|move|p1b: Tornadus|Bleakwind Storm|p2b: Heatran|[spread] p2a,p2b\n|-resisted|p2a: Zapdos\n|-resisted|p2b: Heatran\n|-crit|p2b: Heatran\n|-damage|p2a: Zapdos|0 fnt\n|-damage|p2b: Heatran|35\/100\n|faint|p2a: Zapdos\n|-activate|p1a: Iron Hands|confusion\n|move|p1a: Iron Hands|Drain Punch|p2b: Heatran\n|-supereffective|p2b: Heatran\n|-damage|p2b: Heatran|0 fnt\n|-heal|p1a: Iron Hands|55\/100 brn|[from] drain|[of] p2b: Heatran\n|faint|p2b: Heatran\n|\n|-weather|RainDance|[upkeep]\n|-damage|p1a: Iron Hands|49\/100 brn|[from] brn\n|-sideend|p1: Alienatedfob1|move: Tailwind\n|upkeep\n|\n|t:|1700362457\n|switch|p2a: Garchomp|Garchomp, L50, M|100\/100\n|switch|p2b: Iron Bundle|Iron Bundle, L50|100\/100\n|-enditem|p2b: Iron Bundle|Booster Energy\n|-activate|p2b: Iron Bundle|ability: Quark Drive|[fromitem]\n|-start|p2b: Iron Bundle|quarkdrivespe\n|turn|5\n|\n|t:|1700362476\n|move|p1b: Tornadus|Tailwind|p1b: Tornadus\n|-sidestart|p1: Alienatedfob1|move: Tailwind\n|move|p2b: Iron Bundle|Icy Wind|p1a: Iron Hands|[spread] p1a,p1b\n|-damage|p1a: Iron Hands|36\/100 brn\n|-damage|p1b: Tornadus|44\/100\n|-unboost|p1a: Iron Hands|spe|1\n|move|p2a: Garchomp|Rock Slide|p1b: Tornadus|[spread] p1a,p1b\n|-resisted|p1a: Iron Hands\n|-crit|p1b: Tornadus\n|-damage|p1a: Iron Hands|30\/100 brn\n|-damage|p1b: Tornadus|4\/100\n|cant|p1a: Iron Hands|flinch\n|\n|-weather|RainDance|[upkeep]\n|-damage|p1a: Iron Hands|24\/100 brn|[from] brn\n|upkeep\n|turn|6\n|\n|t:|1700362492\n|move|p2b: Iron Bundle|Protect|p2b: Iron Bundle\n|-singleturn|p2b: Iron Bundle|Protect\n|move|p1b: Tornadus|Bleakwind Storm|p2a: Garchomp|[spread] p2a\n|-activate|p2b: Iron Bundle|move: Protect\n|-damage|p2a: Garchomp|68\/100\n|move|p2a: Garchomp|Rock Slide|p1b: Tornadus|[spread] p1a,p1b\n|-resisted|p1a: Iron Hands\n|-damage|p1a: Iron Hands|18\/100 brn\n|-damage|p1b: Tornadus|0 fnt\n|faint|p1b: Tornadus\n|cant|p1a: Iron Hands|flinch\n|\n|-weather|none\n|-damage|p1a: Iron Hands|12\/100 brn|[from] brn\n|upkeep\n|\n|t:|1700362505\n|switch|p1b: Rillaboom|Rillaboom, L50, M|100\/100\n|-fieldstart|move: Grassy Terrain|[from] ability: Grassy Surge|[of] p1b: Rillaboom\n|turn|7\n|\n|t:|1700362513\n|move|p2a: Garchomp|Protect|p2a: Garchomp\n|-singleturn|p2a: Garchomp|Protect\n|move|p1b: Rillaboom|Fake Out|p2a: Garchomp\n|-activate|p2a: Garchomp|move: Protect\n|move|p2b: Iron Bundle|Freeze-Dry|p1b: Rillaboom\n|-supereffective|p1b: Rillaboom\n|-damage|p1b: Rillaboom|0 fnt\n|faint|p1b: Rillaboom\n|-activate|p1a: Iron Hands|confusion\n|-damage|p1a: Iron Hands|2\/100 brn|[from] confusion\n|\n|-heal|p2a: Garchomp|74\/100|[from] Grassy Terrain\n|-heal|p1a: Iron Hands|8\/100 brn|[from] Grassy Terrain\n|-damage|p1a: Iron Hands|2\/100 brn|[from] brn\n|upkeep\n|turn|8\n|-message|Alienatedfob1 forfeited.\n|\n|win|DefiantKi\n|raw|Alienatedfob1's rating: 1077 &rarr; <strong>1061<\/strong><br \/>(-16 for losing)\n|raw|DefiantKi's rating: 1162 &rarr; <strong>1181<\/strong><br \/>(+19 for winning)\n|l|\u2606Alienatedfob1\n|c|\u2606DefiantKi|gg\n","uploadtime":1700362543,"views":7,"p1id":"alienatedfob1","p2id":"defiantki","formatid":"gen9vgc2023regulatione","rating":1061,"private":0,"password":""}