{"id":"gen9vgc2023regulatione-1996432587","p1":"secretstudent","p2":"Neo_2708","format":"[Gen 9] VGC 2023 Regulation E","log":"|j|\u2606secretstudent\n|j|\u2606Neo_2708\n|t:|1700681489\n|gametype|doubles\n|player|p1|secretstudent|beauty|1143\n|player|p2|Neo_2708|ingo|1057\n|teamsize|p1|6\n|teamsize|p2|6\n|gen|9\n|tier|[Gen 9] VGC 2023 Regulation E\n|rated|\n|rule|Species Clause: Limit one of each Pok\u00e9mon\n|rule|Item Clause: Limit one of each item\n|clearpoke\n|poke|p1|Chien-Pao, L50|\n|poke|p1|Amoonguss, L50, M|\n|poke|p1|Hatterene, L50, F|\n|poke|p1|Gyarados, L50, M|\n|poke|p1|Volcarona, L50, M|\n|poke|p1|Ogerpon, L50, F|\n|poke|p2|Snorlax, L50, M|\n|poke|p2|Sinistcha-Masterpiece, L50|\n|poke|p2|Landorus-Therian, L50, M|\n|poke|p2|Iron Hands, L50|\n|poke|p2|Kommo-o, L50, M|\n|poke|p2|Clefairy, L50, F|\n|teampreview|4\n|inactive|Battle timer is ON: inactive players will automatically lose when time's up. (requested by Neo_2708)\nNeo_2708 has agreed to open team sheets.\n|inactive|secretstudent has 60 seconds left.\n|\n|t:|1700681529\n|start\n|switch|p1a: Volcarona|Volcarona, L50, M|100\/100\n|switch|p1b: Ogerpon|Ogerpon, L50, F|100\/100\n|switch|p2a: Big F|Snorlax, L50, M, shiny|100\/100\n|switch|p2b: Very Expected|Landorus-Therian, L50, M, shiny|100\/100\n|-ability|p2b: Very Expected|Intimidate|boost\n|-unboost|p1a: Volcarona|atk|1\n|-unboost|p1b: Ogerpon|atk|1\n|-ability|p1b: Ogerpon|Defiant|boost\n|-boost|p1b: Ogerpon|atk|2\n|turn|1\n|inactive|Neo_2708 has 30 seconds left.\n|\n|t:|1700681560\n|-terastallize|p1b: Ogerpon|Grass\n|detailschange|p1b: Ogerpon|Ogerpon-Teal-Tera, L50, F, tera:Grass\n|-ability|p1b: Ogerpon|Embody Aspect (Teal)|boost\n|-boost|p1b: Ogerpon|spe|1\n|move|p1b: Ogerpon|Ivy Cudgel|p2b: Very Expected\n|-damage|p2b: Very Expected|0 fnt\n|faint|p2b: Very Expected\n|-damage|p1b: Ogerpon|91\/100|[from] item: Life Orb\n|move|p1a: Volcarona|Quiver Dance|p1a: Volcarona\n|-boost|p1a: Volcarona|spa|1\n|-boost|p1a: Volcarona|spd|1\n|-boost|p1a: Volcarona|spe|1\n|move|p2a: Big F|Belly Drum|p2a: Big F\n|-damage|p2a: Big F|50\/100\n|-setboost|p2a: Big F|atk|6|[from] move: Belly Drum\n|-enditem|p2a: Big F|Sitrus Berry|[eat]\n|-heal|p2a: Big F|75\/100|[from] item: Sitrus Berry\n|\n|upkeep\n|\n|t:|1700681581\n|switch|p2b: Slurp|Sinistcha-Masterpiece, L50, shiny|100\/100\n|-heal|p2a: Big F|100\/100|[from] ability: Hospitality|[of] p2b: Slurp\n|turn|2\n|\n|t:|1700681588\n|move|p1b: Ogerpon|Spiky Shield|p1b: Ogerpon\n|-singleturn|p1b: Ogerpon|move: Protect\n|move|p1a: Volcarona|Protect|p1a: Volcarona\n|-singleturn|p1a: Volcarona|Protect\n|move|p2a: Big F|Protect|p2a: Big F\n|-singleturn|p2a: Big F|Protect\n|move|p2b: Slurp|Trick Room|p2b: Slurp\n|-fieldstart|move: Trick Room|[of] p2b: Slurp\n|\n|upkeep\n|turn|3\n|inactive|Neo_2708 has 30 seconds left.\n|\n|t:|1700681618\n|move|p2b: Slurp|Rage Powder|p2b: Slurp\n|-singleturn|p2b: Slurp|move: Rage Powder\n|move|p1b: Ogerpon|Follow Me|p1b: Ogerpon\n|-singleturn|p1b: Ogerpon|move: Follow Me\n|move|p2a: Big F|High Horsepower|p1b: Ogerpon|[miss]\n|-miss|p2a: Big F|p1b: Ogerpon\n|move|p1a: Volcarona|Heat Wave|p2b: Slurp|[spread] p2a,p2b\n|-supereffective|p2b: Slurp\n|-damage|p2a: Big F|84\/100\n|-damage|p2b: Slurp|0 fnt\n|faint|p2b: Slurp\n|\n|upkeep\n|\n|t:|1700681631\n|switch|p2b: Brian Hands|Iron Hands, L50|100\/100\n|turn|4\n|inactive|secretstudent has 30 seconds left.\n|\n|t:|1700681664\n|move|p1a: Volcarona|Protect|p1a: Volcarona\n|-singleturn|p1a: Volcarona|Protect\n|move|p1b: Ogerpon|Spiky Shield|p1b: Ogerpon\n|-singleturn|p1b: Ogerpon|move: Protect\n|move|p2b: Brian Hands|Fake Out|p1a: Volcarona\n|-activate|p1a: Volcarona|move: Protect\n|move|p2a: Big F|Facade|p1b: Ogerpon\n|-activate|p1b: Ogerpon|move: Protect\n|-damage|p2a: Big F|72\/100|[from] Spiky Shield|[of] p1b: Ogerpon\n|\n|upkeep\n|turn|5\n|\n|t:|1700681676\n|move|p1b: Ogerpon|Follow Me|p1b: Ogerpon\n|-singleturn|p1b: Ogerpon|move: Follow Me\n|move|p2a: Big F|Facade|p1b: Ogerpon\n|-damage|p1b: Ogerpon|0 fnt\n|faint|p1b: Ogerpon\n|move|p2b: Brian Hands|Drain Punch|p1a: Volcarona\n|-resisted|p1a: Volcarona\n|-damage|p1a: Volcarona|73\/100\n|move|p1a: Volcarona|Heat Wave|p2a: Big F|[spread] p2a,p2b\n|-damage|p2a: Big F|55\/100\n|-damage|p2b: Brian Hands|73\/100\n|\n|-heal|p1a: Volcarona|80\/100|[from] item: Leftovers\n|upkeep\n|\n|t:|1700681688\n|switch|p1b: Chien-Pao|Chien-Pao, L50|100\/100\n|-ability|p1b: Chien-Pao|Sword of Ruin\n|turn|6\n|\n|t:|1700681705\n|move|p1b: Chien-Pao|Protect|p1b: Chien-Pao\n|-singleturn|p1b: Chien-Pao|Protect\n|move|p1a: Volcarona|Protect|p1a: Volcarona\n|-singleturn|p1a: Volcarona|Protect\n|move|p2a: Big F|Facade|p1a: Volcarona\n|-activate|p1a: Volcarona|move: Protect\n|move|p2b: Brian Hands|Drain Punch|p1b: Chien-Pao\n|-activate|p1b: Chien-Pao|move: Protect\n|\n|-heal|p1a: Volcarona|86\/100|[from] item: Leftovers\n|-fieldend|move: Trick Room\n|upkeep\n|turn|7\n|\n|t:|1700681721\n|-terastallize|p2a: Big F|Water\n|move|p1a: Volcarona|Heat Wave|p2b: Brian Hands|[spread] p2a,p2b\n|-resisted|p2a: Big F\n|-damage|p2a: Big F|47\/100\n|-damage|p2b: Brian Hands|41\/100\n|move|p1b: Chien-Pao|Sacred Sword|p2a: Big F\n|-damage|p2a: Big F|12\/100\n|move|p2b: Brian Hands|Drain Punch|p1b: Chien-Pao\n|-supereffective|p1b: Chien-Pao\n|-enditem|p1b: Chien-Pao|Focus Sash\n|-damage|p1b: Chien-Pao|1\/100\n|-heal|p2b: Brian Hands|74\/100|[from] drain|[of] p1b: Chien-Pao\n|move|p2a: Big F|Facade|p1a: Volcarona\n|-damage|p1a: Volcarona|0 fnt\n|faint|p1a: Volcarona\n|\n|upkeep\n|\n|t:|1700681729\n|switch|p1a: Gyarados|Gyarados, L50, M|100\/100\n|-ability|p1a: Gyarados|Intimidate|boost\n|-unboost|p2a: Big F|atk|1\n|-unboost|p2b: Brian Hands|atk|1\n|turn|8\n|inactive|secretstudent has 30 seconds left.\n|inactive|secretstudent has 20 seconds left.\n|inactive|secretstudent has 15 seconds left.\n|\n|t:|1700681770\n|move|p2a: Big F|Protect|p2a: Big F\n|-singleturn|p2a: Big F|Protect\n|move|p1b: Chien-Pao|Icicle Crash|p2b: Brian Hands\n|-damage|p2b: Brian Hands|32\/100\n|move|p1a: Gyarados|Waterfall|p2b: Brian Hands\n|-damage|p2b: Brian Hands|0 fnt\n|faint|p2b: Brian Hands\n|-end|p2b: Brian Hands|Quark Drive|[silent]\n|\n|upkeep\n|turn|9\n|\n|t:|1700681789\n|move|p1b: Chien-Pao|Sucker Punch|p2a: Big F\n|-damage|p2a: Big F|0 fnt\n|faint|p2a: Big F\n|\n|win|secretstudent\n|raw|secretstudent's rating: 1143 &rarr; <strong>1162<\/strong><br \/>(+19 for winning)\n|raw|Neo_2708's rating: 1057 &rarr; <strong>1043<\/strong><br \/>(-14 for losing)\n","uploadtime":1700681796,"views":0,"p1id":"secretstudent","p2id":"neo2708","formatid":"gen9vgc2023regulatione","rating":1043,"private":0,"password":""}