{"id":"gen9vgc2023regulatione-1989387417","p1":"Eatyboy","p2":"Lucky Dae","format":"[Gen 9] VGC 2023 Regulation E","log":"|j|\u2606Eatyboy\n|j|\u2606Lucky Dae\n|n|\u2606Eatyboy|eatyboy\n|n|\u2606Lucky Dae|luckydae\n|html|View the match progress at <a href=\"\/game-bestof3-gen9vgc2023regulatione-1989387416\">game-bestof3-gen9vgc2023regulatione-1989387416<\/a>\n|t:|1699843824\n|gametype|doubles\n|player|p1|Eatyboy|2|\n|player|p2|Lucky Dae|backpacker|\n|teamsize|p1|6\n|teamsize|p2|6\n|gen|9\n|tier|[Gen 9] VGC 2023 Regulation E\n|rule|Species Clause: Limit one of each Pok\u00e9mon\n|rule|Item Clause: Limit one of each item\n|clearpoke\n|poke|p1|Ninetales-Alola, L50, F|\n|poke|p1|Sandslash-Alola, L50, M|\n|poke|p1|Landorus-Therian, L50, M|\n|poke|p1|Volbeat, L50, M|\n|poke|p1|Lycanroc-Midnight, L50, M|\n|poke|p1|Chien-Pao, L50|\n|poke|p2|Hariyama, L50, M|\n|poke|p2|Chandelure, L50, M|\n|poke|p2|Bronzong, L50|\n|poke|p2|Ampharos, L50, M|\n|poke|p2|Flutter Mane, L50|\n|poke|p2|Ogerpon-Cornerstone, L50, F|\n|teampreview|4\nLucky Dae rejected open team sheets.\n|j| Fridge of Nights\n|\n|t:|1699843946\n|start\n|switch|p1a: Entomology|Volbeat, L50, M, shiny|100\/100\n|switch|p1b: Seismology|Landorus-Therian, L50, M, shiny|100\/100\n|switch|p2a: Put Me To Work|Hariyama, L50, M, shiny|100\/100\n|switch|p2b: Sensory Eraser|Bronzong, L50, shiny|100\/100\n|-ability|p1b: Seismology|Intimidate|boost\n|-unboost|p2a: Put Me To Work|atk|1\n|-unboost|p2b: Sensory Eraser|atk|1\n|turn|1\n|\n|t:|1699844038\n|move|p2a: Put Me To Work|Fake Out|p1b: Seismology\n|-damage|p1b: Seismology|90\/100\n|move|p1a: Entomology|Taunt|p2b: Sensory Eraser\n|-start|p2b: Sensory Eraser|move: Taunt\n|cant|p1b: Seismology|flinch\n|cant|p2b: Sensory Eraser|move: Taunt|Trick Room\n|\n|upkeep\n|turn|2\n|\n|t:|1699844153\n|switch|p1a: Meteorology|Ninetales-Alola, L50, F|100\/100\n|-weather|Snow|[from] ability: Snow Warning|[of] p1a: Meteorology\n|switch|p2a: Slow Down|Ampharos, L50, M, shiny|100\/100\n|move|p1b: Seismology|U-turn|p2b: Sensory Eraser\n|-damage|p2b: Sensory Eraser|82\/100\n|\n|t:|1699844166\n|switch|p1b: Ice Hockey|Sandslash-Alola, L50, M, shiny|100\/100|[from] U-turn\n|move|p2b: Sensory Eraser|Future Sight|p1b: Ice Hockey\n|-start|p2b: Sensory Eraser|move: Future Sight\n|\n|-weather|Snow|[upkeep]\n|upkeep\n|turn|3\n|\n|t:|1699844349\n|move|p1b: Ice Hockey|Knock Off|p2a: Slow Down\n|-damage|p2a: Slow Down|57\/100\n|-enditem|p2a: Slow Down|Iron Ball|[from] move: Knock Off|[of] p1b: Ice Hockey\n|-damage|p1b: Ice Hockey|91\/100|[from] item: Life Orb\n|move|p1a: Meteorology|Aurora Veil|p1a: Meteorology\n|-sidestart|p1: Eatyboy|move: Aurora Veil\n|move|p2a: Slow Down|Volt Switch|p1b: Ice Hockey\n|-damage|p1b: Ice Hockey|56\/100\n|\n|t:|1699844359\n|switch|p2a: Put Me To Work|Hariyama, L50, M, shiny|100\/100|[from] Volt Switch\n|move|p2b: Sensory Eraser|Steel Beam|p1a: Meteorology\n|-supereffective|p1a: Meteorology\n|-damage|p1a: Meteorology|0 fnt\n|-damage|p2b: Sensory Eraser|32\/100|[from] steelbeam\n|faint|p1a: Meteorology\n|\n|-weather|Snow|[upkeep]\n|-end|p2b: Sensory Eraser|move: Taunt\n|upkeep\n|\n|t:|1699844386\n|switch|p1a: Entomology|Volbeat, L50, M, shiny|100\/100\n|turn|4\n|\n|t:|1699844454\n|switch|p1b: Seismology|Landorus-Therian, L50, M, shiny|90\/100\n|-ability|p1b: Seismology|Intimidate|boost\n|-unboost|p2a: Put Me To Work|atk|1\n|-unboost|p2b: Sensory Eraser|atk|1\n|move|p1a: Entomology|Taunt|p2b: Sensory Eraser\n|-start|p2b: Sensory Eraser|move: Taunt\n|move|p2a: Put Me To Work|Drain Punch|p1b: Seismology\n|-resisted|p1b: Seismology\n|-damage|p1b: Seismology|80\/100\n|cant|p2b: Sensory Eraser|move: Taunt|Trick Room\n|\n|-weather|Snow|[upkeep]\n|-end|p1b: Seismology|move: Future Sight\n|-damage|p1b: Seismology|63\/100\n|upkeep\n|turn|5\n|\n|t:|1699844526\n|switch|p1a: Ice Hockey|Sandslash-Alola, L50, M, shiny|56\/100\n|switch|p2a: Slow Down|Ampharos, L50, M, shiny|57\/100\n|-terastallize|p1b: Seismology|Flying\n|move|p1b: Seismology|Tera Blast|p2a: Slow Down|[anim] Tera Blast Flying\n|-resisted|p2a: Slow Down\n|-damage|p2a: Slow Down|23\/100\n|move|p2b: Sensory Eraser|Weather Ball|p1b: Seismology\n|-supereffective|p1b: Seismology\n|-damage|p1b: Seismology|43\/100\n|\n|-weather|Snow|[upkeep]\n|upkeep\n|turn|6\n|\n|t:|1699844582\n|move|p1a: Ice Hockey|Knock Off|p2b: Sensory Eraser\n|-supereffective|p2b: Sensory Eraser\n|-damage|p2b: Sensory Eraser|0 fnt\n|-enditem|p2b: Sensory Eraser|Safety Goggles|[from] move: Knock Off|[of] p1a: Ice Hockey\n|faint|p2b: Sensory Eraser\n|-damage|p1a: Ice Hockey|46\/100|[from] item: Life Orb\n|move|p1b: Seismology|Tera Blast|p2a: Slow Down|[anim] Tera Blast Flying\n|-resisted|p2a: Slow Down\n|-damage|p2a: Slow Down|0 fnt\n|faint|p2a: Slow Down\n|\n|-weather|none\n|upkeep\n|\n|t:|1699844592\n|switch|p2a: Put Me To Work|Hariyama, L50, M, shiny|100\/100\n|switch|p2b: Fire Alarm|Chandelure, L50, M, shiny|100\/100\n|-item|p2b: Fire Alarm|Air Balloon\n|turn|7\n|\n|t:|1699844719\n|switch|p1b: Entomology|Volbeat, L50, M, shiny|100\/100\n|-terastallize|p2a: Put Me To Work|Steel\n|move|p1a: Ice Hockey|Protect|p1a: Ice Hockey\n|-singleturn|p1a: Ice Hockey|Protect\n|move|p2a: Put Me To Work|Fake Out|p1a: Ice Hockey\n|-activate|p1a: Ice Hockey|move: Protect\n|move|p2b: Fire Alarm|Trick Room|p2b: Fire Alarm\n|-fieldstart|move: Trick Room|[of] p2b: Fire Alarm\n|\n|upkeep\n|turn|8\n|\n|t:|1699844837\n|move|p2a: Put Me To Work|Bulk Up|p2a: Put Me To Work\n|-boost|p2a: Put Me To Work|atk|1\n|-boost|p2a: Put Me To Work|def|1\n|move|p2b: Fire Alarm|Flamethrower|p1a: Ice Hockey\n|-supereffective|p1a: Ice Hockey\n|-damage|p1a: Ice Hockey|0 fnt\n|faint|p1a: Ice Hockey\n|move|p1b: Entomology|Swagger|p2b: Fire Alarm\n|-boost|p2b: Fire Alarm|atk|2\n|-start|p2b: Fire Alarm|confusion\n|\n|upkeep\n|\n|t:|1699844857\n|switch|p1a: Seismology|Landorus-Therian, L50, M, shiny, tera:Flying|43\/100\n|-ability|p1a: Seismology|Intimidate|boost\n|-unboost|p2a: Put Me To Work|atk|1\n|-unboost|p2b: Fire Alarm|atk|1\n|turn|9\n|\n|t:|1699844904\n|move|p2a: Put Me To Work|Bullet Punch|p1a: Seismology\n|-damage|p1a: Seismology|28\/100\n|-activate|p2b: Fire Alarm|confusion\n|move|p2b: Fire Alarm|Flamethrower|p1a: Seismology\n|-damage|p1a: Seismology|0 fnt\n|faint|p1a: Seismology\n|move|p1b: Entomology|Struggle Bug|p2b: Fire Alarm|[spread] p2a,p2b\n|-resisted|p2a: Put Me To Work\n|-resisted|p2b: Fire Alarm\n|-damage|p2a: Put Me To Work|97\/100\n|-damage|p2b: Fire Alarm|99\/100\n|-unboost|p2a: Put Me To Work|spa|1\n|-unboost|p2b: Fire Alarm|spa|1\n|-enditem|p2b: Fire Alarm|Air Balloon\n|\n|-heal|p2a: Put Me To Work|100\/100|[from] item: Leftovers\n|upkeep\n|turn|10\n|\n|t:|1699844929\n|move|p2a: Put Me To Work|Bulk Up|p2a: Put Me To Work\n|-boost|p2a: Put Me To Work|atk|1\n|-boost|p2a: Put Me To Work|def|1\n|-activate|p2b: Fire Alarm|confusion\n|move|p2b: Fire Alarm|Shadow Ball|p1b: Entomology\n|-damage|p1b: Entomology|72\/100\n|move|p1b: Entomology|Swagger|p2a: Put Me To Work\n|-boost|p2a: Put Me To Work|atk|2\n|-start|p2a: Put Me To Work|confusion\n|\n|-sideend|p1: Eatyboy|move: Aurora Veil\n|upkeep\n|turn|11\n|\n|t:|1699844945\n|-activate|p2a: Put Me To Work|confusion\n|-damage|p2a: Put Me To Work|81\/100|[from] confusion\n|-activate|p2b: Fire Alarm|confusion\n|move|p2b: Fire Alarm|Flamethrower|p1b: Entomology\n|-supereffective|p1b: Entomology\n|-damage|p1b: Entomology|0 fnt\n|faint|p1b: Entomology\n|\n|win|Lucky Dae\n","uploadtime":1699844953,"views":31,"p1id":"eatyboy","p2id":"luckydae","formatid":"gen9vgc2023regulatione","rating":0,"private":0,"password":""}