{"id":"gen9vgc2023regulatione-1992870390","p1":"DeAndreRicketts","p2":"xay_fresh1","format":"[Gen 9] VGC 2023 Regulation E","log":"|j|\u2606DeAndreRicketts\n|j|\u2606xay_fresh1\n|t:|1700242587\n|gametype|doubles\n|player|p1|DeAndreRicketts|buck|\n|player|p2|xay_fresh1|zinzolin|\n|teamsize|p1|6\n|teamsize|p2|6\n|gen|9\n|tier|[Gen 9] VGC 2023 Regulation E\n|rule|Species Clause: Limit one of each Pok\u00e9mon\n|rule|Item Clause: Limit one of each item\n|clearpoke\n|poke|p1|Flutter Mane, L50|\n|poke|p1|Gothitelle, L50, F|\n|poke|p1|Dondozo, L50, M|\n|poke|p1|Tatsugiri, L50, F|\n|poke|p1|Dusclops, L50, F|\n|poke|p1|Ursaluna-Bloodmoon, L50, M|\n|poke|p2|Weezing, L50, M|\n|poke|p2|Flutter Mane, L50|\n|poke|p2|Iron Hands, L50|\n|poke|p2|Roaring Moon, L50|\n|poke|p2|Ogerpon-Wellspring, L50, F|\n|poke|p2|Landorus-Therian, L50, M|\n|teampreview|4\n|\n|t:|1700242641\n|start\n|switch|p1a: Flutter Mane|Flutter Mane, L50|100\/100\n|switch|p1b: Gothitelle|Gothitelle, L50, F|100\/100\n|switch|p2a: Weezing|Weezing, L50, M, shiny|100\/100\n|switch|p2b: Roaring Moon|Roaring Moon, L50, shiny|100\/100\n|-ability|p2a: Weezing|Neutralizing Gas\n|-block|p1b: Gothitelle|item: Ability Shield\n|-enditem|p2b: Roaring Moon|Booster Energy\n|-activate|p2b: Roaring Moon|ability: Protosynthesis|[fromitem]\n|-start|p2b: Roaring Moon|protosynthesisspe\n|turn|1\n|\n|t:|1700242670\n|move|p1b: Gothitelle|Fake Out|p2b: Roaring Moon\n|-damage|p2b: Roaring Moon|94\/100\n|cant|p2b: Roaring Moon|flinch\n|move|p1a: Flutter Mane|Perish Song|p1a: Flutter Mane\n|-start|p1a: Flutter Mane|perish3|[silent]\n|-start|p1b: Gothitelle|perish3|[silent]\n|-start|p2a: Weezing|perish3|[silent]\n|-start|p2b: Roaring Moon|perish3|[silent]\n|-fieldactivate|move: Perish Song\n|move|p2a: Weezing|Taunt|p1b: Gothitelle\n|-start|p1b: Gothitelle|move: Taunt\n|\n|-start|p2b: Roaring Moon|perish3\n|-start|p1a: Flutter Mane|perish3\n|-start|p2a: Weezing|perish3\n|-start|p1b: Gothitelle|perish3\n|upkeep\n|turn|2\n|\n|t:|1700242713\n|-terastallize|p1b: Gothitelle|Dark\n|move|p1a: Flutter Mane|Protect|p1a: Flutter Mane\n|-singleturn|p1a: Flutter Mane|Protect\n|move|p2b: Roaring Moon|Knock Off|p1b: Gothitelle\n|-resisted|p1b: Gothitelle\n|-damage|p1b: Gothitelle|75\/100\n|-enditem|p1b: Gothitelle|Ability Shield|[from] move: Knock Off|[of] p2b: Roaring Moon\n|move|p2a: Weezing|Sludge Bomb|p1a: Flutter Mane\n|-activate|p1a: Flutter Mane|move: Protect\n|move|p1b: Gothitelle|Psychic|p2b: Roaring Moon\n|-immune|p2b: Roaring Moon\n|\n|-start|p2b: Roaring Moon|perish2\n|-start|p1a: Flutter Mane|perish2\n|-start|p2a: Weezing|perish2\n|-start|p1b: Gothitelle|perish2\n|upkeep\n|turn|3\n|\n|t:|1700242762\n|-end|p1a: Flutter Mane|Protosynthesis|[silent]\n|switch|p1a: Dondozo|Dondozo, L50, M|100\/100\n|-end|p2a: Weezing|ability: Neutralizing Gas\n|switch|p2a: Iron Hands|Iron Hands, L50, shiny|100\/100\n|move|p2b: Roaring Moon|Knock Off|p1a: Dondozo\n|-damage|p1a: Dondozo|70\/100\n|-enditem|p1a: Dondozo|Leftovers|[from] move: Knock Off|[of] p2b: Roaring Moon\n|move|p1b: Gothitelle|Psychic|p2a: Iron Hands\n|-supereffective|p2a: Iron Hands\n|-damage|p2a: Iron Hands|74\/100\n|-unboost|p2a: Iron Hands|spd|1\n|\n|-start|p2b: Roaring Moon|perish1\n|-start|p1b: Gothitelle|perish1\n|upkeep\n|turn|4\n|\n|t:|1700242789\n|switch|p1b: Tatsugiri|Tatsugiri, L50, F|100\/100\n|-activate|p1b: Tatsugiri|ability: Commander|[of] p1a: Dondozo\n|-boost|p1a: Dondozo|atk|2\n|-boost|p1a: Dondozo|spa|2\n|-boost|p1a: Dondozo|spe|2\n|-boost|p1a: Dondozo|def|2\n|-boost|p1a: Dondozo|spd|2\n|move|p1a: Dondozo|Protect|p1a: Dondozo\n|-singleturn|p1a: Dondozo|Protect\n|move|p2b: Roaring Moon|Breaking Swipe|p1a: Dondozo|[spread] \n|-miss|p2b: Roaring Moon|p1b: Tatsugiri\n|-activate|p1a: Dondozo|move: Protect\n|move|p2a: Iron Hands|Wild Charge|p1a: Dondozo\n|-activate|p1a: Dondozo|move: Protect\n|\n|-start|p2b: Roaring Moon|perish0\n|faint|p2b: Roaring Moon\n|-end|p2b: Roaring Moon|Protosynthesis|[silent]\n|upkeep\n|\n|t:|1700242805\n|switch|p2b: Weezing|Weezing, L50, M, shiny|100\/100\n|-ability|p2b: Weezing|Neutralizing Gas\n|turn|5\n|\n|t:|1700242825\n|move|p1a: Dondozo|Earthquake|p2b: Weezing|[spread] p2a,p2b\n|-miss|p1a: Dondozo|p1b: Tatsugiri\n|-supereffective|p2a: Iron Hands\n|-supereffective|p2b: Weezing\n|-damage|p2a: Iron Hands|3\/100\n|-damage|p2b: Weezing|20\/100\n|-enditem|p2b: Weezing|Sitrus Berry|[eat]\n|-heal|p2b: Weezing|45\/100|[from] item: Sitrus Berry\n|move|p2b: Weezing|Will-O-Wisp|p1a: Dondozo\n|-status|p1a: Dondozo|brn\n|move|p2a: Iron Hands|Drain Punch|p1a: Dondozo\n|-damage|p1a: Dondozo|58\/100 brn\n|-heal|p2a: Iron Hands|10\/100|[from] drain|[of] p1a: Dondozo\n|\n|-damage|p1a: Dondozo|52\/100 brn|[from] brn\n|upkeep\n|turn|6\n|\n|t:|1700242856\n|-end|p2a: Iron Hands|Quark Drive|[silent]\n|switch|p2a: Landorus|Landorus-Therian, L50, M|100\/100\n|move|p1a: Dondozo|Rock Slide|p2a: Landorus|[spread] p2a,p2b\n|-damage|p2a: Landorus|80\/100\n|-damage|p2b: Weezing|32\/100\n|move|p2b: Weezing|Taunt|p1a: Dondozo\n|-start|p1a: Dondozo|move: Taunt\n|\n|-damage|p1a: Dondozo|46\/100 brn|[from] brn\n|upkeep\n|turn|7\n|\n|t:|1700242887\n|-terastallize|p2a: Landorus|Flying\n|move|p2b: Weezing|Protect|p2b: Weezing\n|-singleturn|p2b: Weezing|Protect\n|move|p2a: Landorus|Tera Blast|p1a: Dondozo|[anim] Tera Blast Flying\n|-damage|p1a: Dondozo|26\/100 brn\n|move|p1a: Dondozo|Wave Crash|p2a: Landorus\n|-damage|p2a: Landorus|14\/100\n|-damage|p1a: Dondozo|11\/100 brn|[from] Recoil\n|\n|-damage|p1a: Dondozo|5\/100 brn|[from] brn\n|upkeep\n|turn|8\n|\n|t:|1700242907\n|-end|p2b: Weezing|ability: Neutralizing Gas\n|-ability|p2a: Landorus|Intimidate|boost\n|-unboost|p1a: Dondozo|atk|1\n|-unboost|p1b: Tatsugiri|atk|1\n|switch|p2b: Iron Hands|Iron Hands, L50, shiny|10\/100\n|move|p2a: Landorus|Tera Blast|p1a: Dondozo|[anim] Tera Blast Flying\n|-damage|p1a: Dondozo|0 fnt\n|faint|p1a: Dondozo\n|\n|upkeep\n|\n|t:|1700242922\n|switch|p1a: Flutter Mane|Flutter Mane, L50|100\/100\n|turn|9\n|\n|t:|1700242935\n|move|p1b: Tatsugiri|Protect|p1b: Tatsugiri\n|-singleturn|p1b: Tatsugiri|Protect\n|move|p2b: Iron Hands|Fake Out|p1b: Tatsugiri\n|-activate|p1b: Tatsugiri|move: Protect\n|move|p2a: Landorus|Tera Blast|p1a: Flutter Mane|[anim] Tera Blast Flying\n|-enditem|p1a: Flutter Mane|Focus Sash\n|-damage|p1a: Flutter Mane|1\/100\n|move|p1a: Flutter Mane|Dazzling Gleam|p2a: Landorus|[spread] p2a,p2b\n|-supereffective|p2b: Iron Hands\n|-damage|p2a: Landorus|0 fnt\n|-damage|p2b: Iron Hands|0 fnt\n|faint|p2a: Landorus\n|faint|p2b: Iron Hands\n|-end|p2b: Iron Hands|Quark Drive|[silent]\n|\n|upkeep\n|\n|t:|1700242949\n|switch|p2b: Weezing|Weezing, L50, M, shiny|32\/100\n|-ability|p2b: Weezing|Neutralizing Gas\n|turn|10\n|\n|t:|1700242964\n|move|p1a: Flutter Mane|Thunderbolt|p2b: Weezing\n|-damage|p2b: Weezing|0 fnt\n|faint|p2b: Weezing\n|-end|p2b: Weezing|ability: Neutralizing Gas\n|\n|win|DeAndreRicketts\n|l|\u2606xay_fresh1\n","uploadtime":1700243126,"views":23,"p1id":"deandrericketts","p2id":"xayfresh1","formatid":"gen9vgc2023regulatione","rating":0,"private":0,"password":""}