{"id":"gen9vgc2023regulatione-1996235929","p1":"CXKGIAO","p2":"SiriCelebi","format":"[Gen 9] VGC 2023 Regulation E","log":"|j|\u2606CXKGIAO\n|j|\u2606SiriCelebi\n|n|\u2606CXKGIAO|cxkgiao\n|n|\u2606SiriCelebi|siricelebi\n|html|View the match progress at <a href=\"\/game-bestof3-gen9vgc2023regulatione-1996235928\">game-bestof3-gen9vgc2023regulatione-1996235928<\/a>\n|t:|1700662477\n|gametype|doubles\n|player|p1|CXKGIAO|dawn-masters3|\n|player|p2|SiriCelebi|102|\n|teamsize|p1|6\n|teamsize|p2|6\n|gen|9\n|tier|[Gen 9] VGC 2023 Regulation E\n|rule|Species Clause: Limit one of each Pok\u00e9mon\n|rule|Item Clause: Limit one of each item\n|clearpoke\n|poke|p1|Slowpoke, L50, M|\n|poke|p1|Torkoal, L50, F|\n|poke|p1|Lycanroc-Dusk, L50, F|\n|poke|p1|Indeedee-F, L50, F|\n|poke|p1|Ursaluna, L50, M|\n|poke|p1|Armarouge, L50, M|\n|poke|p2|Sinistcha-Masterpiece, L50|\n|poke|p2|Ting-Lu, L50|\n|poke|p2|Garganacl, L50, M|\n|poke|p2|Glimmora, L50, F|\n|poke|p2|Lycanroc-Dusk, L50, M|\n|poke|p2|Toxapex, L50, F|\n|teampreview|4\nCXKGIAO has agreed to open team sheets.\n|l|\u2606SiriCelebi\n|player|p2|\n|inactive|Battle timer is ON: inactive players will automatically lose when time's up. (requested by CXKGIAO)\n|j|\u2606SiriCelebi\n|inactive|SiriCelebi reconnected and has 85 seconds left.\n|player|p2|SiriCelebi|102\n|\n|t:|1700662532\n|start\n|switch|p1a: \u8840\u8272\u6708\u98ce\u66b4|Ursaluna, L50, M|100\/100\n|switch|p1b: \u66b4\u98ce\u661f\u4e91\u88c2|Armarouge, L50, M|100\/100\n|switch|p2a: Glimmora|Glimmora, L50, F|100\/100\n|switch|p2b: Ting-Lu|Ting-Lu, L50|100\/100\n|-ability|p2b: Ting-Lu|Vessel of Ruin\n|turn|1\n|inactive|CXKGIAO has 30 seconds left.\n|inactive|CXKGIAO has 20 seconds left.\n|inactive|CXKGIAO has 15 seconds left.\n|\n|t:|1700662574\n|move|p2a: Glimmora|Stealth Rock|p1a: \u8840\u8272\u6708\u98ce\u66b4\n|-sidestart|p1: CXKGIAO|move: Stealth Rock\n|move|p1b: \u66b4\u98ce\u661f\u4e91\u88c2|Heat Wave|p2a: Glimmora|[spread] p2a,p2b\n|-resisted|p2a: Glimmora\n|-damage|p2a: Glimmora|78\/100\n|-damage|p2b: Ting-Lu|79\/100\n|move|p1a: \u8840\u8272\u6708\u98ce\u66b4|Earthquake|p2b: Ting-Lu|[spread] p1b,p2a,p2b\n|-supereffective|p1b: \u66b4\u98ce\u661f\u4e91\u88c2\n|-supereffective|p2a: Glimmora\n|-damage|p1b: \u66b4\u98ce\u661f\u4e91\u88c2|13\/100\n|-damage|p2a: Glimmora|0 fnt\n|-damage|p2b: Ting-Lu|61\/100\n|-ability|p1b: \u66b4\u98ce\u661f\u4e91\u88c2|Weak Armor|boost\n|-unboost|p1b: \u66b4\u98ce\u661f\u4e91\u88c2|def|1\n|-boost|p1b: \u66b4\u98ce\u661f\u4e91\u88c2|spe|2\n|-enditem|p1b: \u66b4\u98ce\u661f\u4e91\u88c2|Weakness Policy\n|-boost|p1b: \u66b4\u98ce\u661f\u4e91\u88c2|atk|2|[from] item: Weakness Policy\n|-boost|p1b: \u66b4\u98ce\u661f\u4e91\u88c2|spa|2|[from] item: Weakness Policy\n|-activate|p2a: Glimmora|ability: Toxic Debris\n|-sidestart|p1: CXKGIAO|move: Toxic Spikes\n|faint|p2a: Glimmora\n|move|p2b: Ting-Lu|Whirlwind|p1b: \u66b4\u98ce\u661f\u4e91\u88c2\n|drag|p1b: \u540e\u5907\u9690\u85cf\u80fd\u6e90\uff08\u6307\u6587\u67da\u679c\uff09|Indeedee-F, L50, F|100\/100\n|-damage|p1b: \u540e\u5907\u9690\u85cf\u80fd\u6e90\uff08\u6307\u6587\u67da\u679c\uff09|88\/100|[from] Stealth Rock\n|-status|p1b: \u540e\u5907\u9690\u85cf\u80fd\u6e90\uff08\u6307\u6587\u67da\u679c\uff09|psn\n|-fieldstart|move: Psychic Terrain|[from] ability: Psychic Surge|[of] p1b: \u540e\u5907\u9690\u85cf\u80fd\u6e90\uff08\u6307\u6587\u67da\u679c\uff09\n|\n|-damage|p1b: \u540e\u5907\u9690\u85cf\u80fd\u6e90\uff08\u6307\u6587\u67da\u679c\uff09|76\/100 psn|[from] psn\n|upkeep\n|\n|t:|1700662588\n|switch|p2a: Sinistcha|Sinistcha-Masterpiece, L50|100\/100\n|-heal|p2b: Ting-Lu|86\/100|[from] ability: Hospitality|[of] p2a: Sinistcha\n|turn|2\n|\n|t:|1700662611\n|-terastallize|p1a: \u8840\u8272\u6708\u98ce\u66b4|Fairy\n|move|p1b: \u540e\u5907\u9690\u85cf\u80fd\u6e90\uff08\u6307\u6587\u67da\u679c\uff09|Helping Hand|p1a: \u8840\u8272\u6708\u98ce\u66b4\n|-singleturn|p1a: \u8840\u8272\u6708\u98ce\u66b4|Helping Hand|[of] p1b: \u540e\u5907\u9690\u85cf\u80fd\u6e90\uff08\u6307\u6587\u67da\u679c\uff09\n|move|p2a: Sinistcha|Rage Powder|p2a: Sinistcha\n|-singleturn|p2a: Sinistcha|move: Rage Powder\n|move|p1a: \u8840\u8272\u6708\u98ce\u66b4|Play Rough|p2a: Sinistcha\n|-damage|p2a: Sinistcha|50\/100\n|-enditem|p2a: Sinistcha|Sitrus Berry|[eat]\n|-heal|p2a: Sinistcha|75\/100|[from] item: Sitrus Berry\n|move|p2b: Ting-Lu|Whirlwind|p1b: \u540e\u5907\u9690\u85cf\u80fd\u6e90\uff08\u6307\u6587\u67da\u679c\uff09\n|drag|p1b: \u4e09\u661f\u8fde\u73af\u70ae|Torkoal, L50, F|100\/100\n|-damage|p1b: \u4e09\u661f\u8fde\u73af\u70ae|76\/100|[from] Stealth Rock\n|-status|p1b: \u4e09\u661f\u8fde\u73af\u70ae|psn\n|-weather|SunnyDay|[from] ability: Drought|[of] p1b: \u4e09\u661f\u8fde\u73af\u70ae\n|\n|-weather|SunnyDay|[upkeep]\n|-damage|p1b: \u4e09\u661f\u8fde\u73af\u70ae|63\/100 psn|[from] psn\n|upkeep\n|turn|3\n|inactive|CXKGIAO has 30 seconds left.\n|\n|t:|1700662638\n|move|p2a: Sinistcha|Protect|p2a: Sinistcha\n|-singleturn|p2a: Sinistcha|Protect\n|move|p2b: Ting-Lu|Protect|p2b: Ting-Lu\n|-singleturn|p2b: Ting-Lu|Protect\n|move|p1a: \u8840\u8272\u6708\u98ce\u66b4|Play Rough|p2b: Ting-Lu\n|-activate|p2b: Ting-Lu|move: Protect\n|move|p1b: \u4e09\u661f\u8fde\u73af\u70ae|Eruption|p2b: Ting-Lu|[spread] \n|-activate|p2a: Sinistcha|move: Protect\n|-activate|p2b: Ting-Lu|move: Protect\n|\n|-weather|SunnyDay|[upkeep]\n|-damage|p1b: \u4e09\u661f\u8fde\u73af\u70ae|51\/100 psn|[from] psn\n|upkeep\n|turn|4\n|\n|t:|1700662662\n|switch|p2b: Garganacl|Garganacl, L50, M|100\/100\n|move|p2a: Sinistcha|Rage Powder|p2a: Sinistcha\n|-singleturn|p2a: Sinistcha|move: Rage Powder\n|move|p1a: \u8840\u8272\u6708\u98ce\u66b4|Play Rough|p2a: Sinistcha\n|-damage|p2a: Sinistcha|40\/100\n|move|p1b: \u4e09\u661f\u8fde\u73af\u70ae|Heat Wave|p2a: Sinistcha|[spread] p2a,p2b\n|-supereffective|p2a: Sinistcha\n|-resisted|p2b: Garganacl\n|-damage|p2a: Sinistcha|0 fnt\n|-damage|p2b: Garganacl|79\/100\n|faint|p2a: Sinistcha\n|\n|-weather|SunnyDay|[upkeep]\n|-heal|p2b: Garganacl|85\/100|[from] item: Leftovers\n|-damage|p1b: \u4e09\u661f\u8fde\u73af\u70ae|38\/100 psn|[from] psn\n|upkeep\n|\n|t:|1700662665\n|switch|p2a: Ting-Lu|Ting-Lu, L50|86\/100\n|-ability|p2a: Ting-Lu|Vessel of Ruin\n|turn|5\n|inactive|CXKGIAO has 30 seconds left.\n|\n|t:|1700662691\n|switch|p1a: \u66b4\u98ce\u661f\u4e91\u88c2|Armarouge, L50, M|13\/100\n|-damage|p1a: \u66b4\u98ce\u661f\u4e91\u88c2|0 fnt|[from] Stealth Rock\n|faint|p1a: \u66b4\u98ce\u661f\u4e91\u88c2\n|move|p2a: Ting-Lu|Protect|p2a: Ting-Lu\n|-singleturn|p2a: Ting-Lu|Protect\n|move|p2b: Garganacl|Protect|p2b: Garganacl\n|-singleturn|p2b: Garganacl|Protect\n|move|p1b: \u4e09\u661f\u8fde\u73af\u70ae|Earth Power|p2b: Garganacl\n|-activate|p2b: Garganacl|move: Protect\n|\n|-weather|SunnyDay|[upkeep]\n|-heal|p2b: Garganacl|90\/100|[from] item: Leftovers\n|-damage|p1b: \u4e09\u661f\u8fde\u73af\u70ae|26\/100 psn|[from] psn\n|-fieldend|move: Psychic Terrain\n|upkeep\n|\n|t:|1700662706\n|switch|p1a: \u8840\u8272\u6708\u98ce\u66b4|Ursaluna, L50, M, tera:Fairy|100\/100\n|-damage|p1a: \u8840\u8272\u6708\u98ce\u66b4|88\/100|[from] Stealth Rock\n|-status|p1a: \u8840\u8272\u6708\u98ce\u66b4|psn\n|turn|6\n|\n|t:|1700662721\n|-terastallize|p2b: Garganacl|Fairy\n|move|p2a: Ting-Lu|Snarl|p1b: \u4e09\u661f\u8fde\u73af\u70ae|[spread] p1a,p1b\n|-resisted|p1a: \u8840\u8272\u6708\u98ce\u66b4\n|-crit|p1a: \u8840\u8272\u6708\u98ce\u66b4\n|-damage|p1a: \u8840\u8272\u6708\u98ce\u66b4|85\/100 psn\n|-damage|p1b: \u4e09\u661f\u8fde\u73af\u70ae|16\/100 psn\n|-unboost|p1a: \u8840\u8272\u6708\u98ce\u66b4|spa|1\n|-unboost|p1b: \u4e09\u661f\u8fde\u73af\u70ae|spa|1\n|move|p2b: Garganacl|Iron Defense|p2b: Garganacl\n|-boost|p2b: Garganacl|def|2\n|move|p1a: \u8840\u8272\u6708\u98ce\u66b4|Drain Punch|p2a: Ting-Lu\n|-supereffective|p2a: Ting-Lu\n|-damage|p2a: Ting-Lu|52\/100\n|-heal|p1a: \u8840\u8272\u6708\u98ce\u66b4|100\/100 psn|[from] drain|[of] p2a: Ting-Lu\n|move|p1b: \u4e09\u661f\u8fde\u73af\u70ae|Earth Power|p2a: Ting-Lu\n|-damage|p2a: Ting-Lu|41\/100\n|\n|-weather|none\n|-heal|p2b: Garganacl|96\/100|[from] item: Leftovers\n|-damage|p1a: \u8840\u8272\u6708\u98ce\u66b4|88\/100 psn|[from] psn\n|-damage|p1b: \u4e09\u661f\u8fde\u73af\u70ae|3\/100 psn|[from] psn\n|upkeep\n|turn|7\n|inactive|CXKGIAO has 30 seconds left.\n|\n|t:|1700662746\n|move|p2a: Ting-Lu|Protect|p2a: Ting-Lu\n|-singleturn|p2a: Ting-Lu|Protect\n|move|p2b: Garganacl|Protect|p2b: Garganacl\n|-singleturn|p2b: Garganacl|Protect\n|move|p1a: \u8840\u8272\u6708\u98ce\u66b4|Earthquake|p2a: Ting-Lu|[spread] p1b\n|-activate|p2a: Ting-Lu|move: Protect\n|-activate|p2b: Garganacl|move: Protect\n|-supereffective|p1b: \u4e09\u661f\u8fde\u73af\u70ae\n|-damage|p1b: \u4e09\u661f\u8fde\u73af\u70ae|0 fnt\n|faint|p1b: \u4e09\u661f\u8fde\u73af\u70ae\n|\n|-heal|p2b: Garganacl|100\/100|[from] item: Leftovers\n|-damage|p1a: \u8840\u8272\u6708\u98ce\u66b4|76\/100 psn|[from] psn\n|upkeep\n|\n|t:|1700662759\n|switch|p1b: \u540e\u5907\u9690\u85cf\u80fd\u6e90\uff08\u6307\u6587\u67da\u679c\uff09|Indeedee-F, L50, F|76\/100 psn\n|-damage|p1b: \u540e\u5907\u9690\u85cf\u80fd\u6e90\uff08\u6307\u6587\u67da\u679c\uff09|63\/100 psn|[from] Stealth Rock\n|-fieldstart|move: Psychic Terrain|[from] ability: Psychic Surge|[of] p1b: \u540e\u5907\u9690\u85cf\u80fd\u6e90\uff08\u6307\u6587\u67da\u679c\uff09\n|turn|8\n|\n|t:|1700662782\n|move|p2a: Ting-Lu|Protect|p2a: Ting-Lu\n|-singleturn|p2a: Ting-Lu|Protect\n|move|p2b: Garganacl|Salt Cure|p1b: \u540e\u5907\u9690\u85cf\u80fd\u6e90\uff08\u6307\u6587\u67da\u679c\uff09\n|-damage|p1b: \u540e\u5907\u9690\u85cf\u80fd\u6e90\uff08\u6307\u6587\u67da\u679c\uff09|47\/100 psn\n|-start|p1b: \u540e\u5907\u9690\u85cf\u80fd\u6e90\uff08\u6307\u6587\u67da\u679c\uff09|Salt Cure\n|-enditem|p1b: \u540e\u5907\u9690\u85cf\u80fd\u6e90\uff08\u6307\u6587\u67da\u679c\uff09|Sitrus Berry|[eat]\n|-heal|p1b: \u540e\u5907\u9690\u85cf\u80fd\u6e90\uff08\u6307\u6587\u67da\u679c\uff09|72\/100 psn|[from] item: Sitrus Berry\n|move|p1a: \u8840\u8272\u6708\u98ce\u66b4|Facade|p2b: Garganacl\n|-damage|p2b: Garganacl|69\/100\n|move|p1b: \u540e\u5907\u9690\u85cf\u80fd\u6e90\uff08\u6307\u6587\u67da\u679c\uff09|Trick Room|p1b: \u540e\u5907\u9690\u85cf\u80fd\u6e90\uff08\u6307\u6587\u67da\u679c\uff09\n|-fieldstart|move: Trick Room|[of] p1b: \u540e\u5907\u9690\u85cf\u80fd\u6e90\uff08\u6307\u6587\u67da\u679c\uff09\n|\n|-heal|p2b: Garganacl|74\/100|[from] item: Leftovers\n|-damage|p1a: \u8840\u8272\u6708\u98ce\u66b4|64\/100 psn|[from] psn\n|-damage|p1b: \u540e\u5907\u9690\u85cf\u80fd\u6e90\uff08\u6307\u6587\u67da\u679c\uff09|60\/100 psn|[from] psn\n|-damage|p1b: \u540e\u5907\u9690\u85cf\u80fd\u6e90\uff08\u6307\u6587\u67da\u679c\uff09|47\/100 psn|[from] Salt Cure\n|upkeep\n|turn|9\n|\n|t:|1700662802\n|move|p1b: \u540e\u5907\u9690\u85cf\u80fd\u6e90\uff08\u6307\u6587\u67da\u679c\uff09|Helping Hand|p1a: \u8840\u8272\u6708\u98ce\u66b4\n|-singleturn|p1a: \u8840\u8272\u6708\u98ce\u66b4|Helping Hand|[of] p1b: \u540e\u5907\u9690\u85cf\u80fd\u6e90\uff08\u6307\u6587\u67da\u679c\uff09\n|move|p1a: \u8840\u8272\u6708\u98ce\u66b4|Drain Punch|p2a: Ting-Lu\n|-supereffective|p2a: Ting-Lu\n|-damage|p2a: Ting-Lu|0 fnt\n|-heal|p1a: \u8840\u8272\u6708\u98ce\u66b4|86\/100 psn|[from] drain|[of] p2a: Ting-Lu\n|faint|p2a: Ting-Lu\n|move|p2b: Garganacl|Recover|p2b: Garganacl\n|-heal|p2b: Garganacl|100\/100\n|\n|-damage|p1a: \u8840\u8272\u6708\u98ce\u66b4|74\/100 psn|[from] psn\n|-damage|p1b: \u540e\u5907\u9690\u85cf\u80fd\u6e90\uff08\u6307\u6587\u67da\u679c\uff09|35\/100 psn|[from] psn\n|-damage|p1b: \u540e\u5907\u9690\u85cf\u80fd\u6e90\uff08\u6307\u6587\u67da\u679c\uff09|23\/100 psn|[from] Salt Cure\n|upkeep\n|turn|10\n|\n|t:|1700662824\n|move|p1b: \u540e\u5907\u9690\u85cf\u80fd\u6e90\uff08\u6307\u6587\u67da\u679c\uff09|Helping Hand|p1a: \u8840\u8272\u6708\u98ce\u66b4\n|-singleturn|p1a: \u8840\u8272\u6708\u98ce\u66b4|Helping Hand|[of] p1b: \u540e\u5907\u9690\u85cf\u80fd\u6e90\uff08\u6307\u6587\u67da\u679c\uff09\n|move|p1a: \u8840\u8272\u6708\u98ce\u66b4|Facade|p2b: Garganacl\n|-damage|p2b: Garganacl|51\/100\n|move|p2b: Garganacl|Salt Cure|p1a: \u8840\u8272\u6708\u98ce\u66b4\n|-crit|p1a: \u8840\u8272\u6708\u98ce\u66b4\n|-damage|p1a: \u8840\u8272\u6708\u98ce\u66b4|60\/100 psn\n|-start|p1a: \u8840\u8272\u6708\u98ce\u66b4|Salt Cure\n|\n|-heal|p2b: Garganacl|57\/100|[from] item: Leftovers\n|-damage|p1a: \u8840\u8272\u6708\u98ce\u66b4|47\/100 psn|[from] psn\n|-damage|p1b: \u540e\u5907\u9690\u85cf\u80fd\u6e90\uff08\u6307\u6587\u67da\u679c\uff09|10\/100 psn|[from] psn\n|-damage|p1a: \u8840\u8272\u6708\u98ce\u66b4|35\/100 psn|[from] Salt Cure\n|-damage|p1b: \u540e\u5907\u9690\u85cf\u80fd\u6e90\uff08\u6307\u6587\u67da\u679c\uff09|0 fnt|[from] Salt Cure\n|faint|p1b: \u540e\u5907\u9690\u85cf\u80fd\u6e90\uff08\u6307\u6587\u67da\u679c\uff09\n|upkeep\n|turn|11\n|\n|t:|1700662843\n|move|p2b: Garganacl|Protect|p2b: Garganacl\n|-singleturn|p2b: Garganacl|Protect\n|move|p1a: \u8840\u8272\u6708\u98ce\u66b4|Facade|p2b: Garganacl\n|-activate|p2b: Garganacl|move: Protect\n|\n|-heal|p2b: Garganacl|62\/100|[from] item: Leftovers\n|-damage|p1a: \u8840\u8272\u6708\u98ce\u66b4|23\/100 psn|[from] psn\n|-damage|p1a: \u8840\u8272\u6708\u98ce\u66b4|11\/100 psn|[from] Salt Cure\n|upkeep\n|turn|12\n|c|\u2606CXKGIAO|CT!\n|c|\u2606CXKGIAO|CT@\n|c|\u2606CXKGIAO|CT!\n|\n|t:|1700662866\n|move|p1a: \u8840\u8272\u6708\u98ce\u66b4|Facade|p2b: Garganacl\n|-damage|p2b: Garganacl|30\/100\n|move|p2b: Garganacl|Recover|p2b: Garganacl\n|-heal|p2b: Garganacl|80\/100\n|\n|-heal|p2b: Garganacl|86\/100|[from] item: Leftovers\n|-damage|p1a: \u8840\u8272\u6708\u98ce\u66b4|0 fnt|[from] psn\n|faint|p1a: \u8840\u8272\u6708\u98ce\u66b4\n|\n|win|SiriCelebi\n|upkeep\n|c|\u2606SiriCelebi|gg\n|inactive|CXKGIAO has 50 seconds to confirm battle start!\n|inactive|SiriCelebi has 50 seconds to confirm battle start!\n|l|\u2606CXKGIAO\n|c|&|\/uhtml prompt-cxkgiao,CXKGIAO is ready for game 2!\n","uploadtime":1700662891,"views":6,"p1id":"cxkgiao","p2id":"siricelebi","formatid":"gen9vgc2023regulatione","rating":0,"private":0,"password":""}