{"id":"gen9vgc2023regulatione-1996047687","p1":"namkison","p2":"Zealssb1899","format":"[Gen 9] VGC 2023 Regulation E","log":"|j|\u2606namkison\n|j|\u2606Zealssb1899\n|t:|1700635076\n|gametype|doubles\n|player|p1|namkison|cyclist|\n|player|p2|Zealssb1899|roxanne|\n|teamsize|p1|6\n|teamsize|p2|6\n|gen|9\n|tier|[Gen 9] VGC 2023 Regulation E\n|rule|Species Clause: Limit one of each Pok\u00e9mon\n|rule|Item Clause: Limit one of each item\n|clearpoke\n|poke|p1|Chi-Yu, L50|\n|poke|p1|Tatsugiri, L50, F|\n|poke|p1|Flutter Mane, L50|\n|poke|p1|Dragonite, L50, M|\n|poke|p1|Dondozo, L50, M|\n|poke|p1|Wo-Chien, L50|\n|poke|p2|Garchomp, L50, F|\n|poke|p2|Arcanine-Hisui, L50, M|\n|poke|p2|Meowscarada, L50, F|\n|poke|p2|Skeledirge, L50, M|\n|poke|p2|Scream Tail, L50|\n|poke|p2|Golem, L50, F|\n|teampreview|4\n|c|\u2606namkison|OH SNAP\n|\n|t:|1700635107\n|start\n|switch|p1a: Tomdozo|Dondozo, L50, M|100\/100\n|switch|p1b: Tatsujerry|Tatsugiri, L50, F|100\/100\n|switch|p2a: Chumpy|Meowscarada, L50, F|100\/100\n|switch|p2b: Gex|Skeledirge, L50, M|100\/100\n|-activate|p1b: Tatsujerry|ability: Commander|[of] p1a: Tomdozo\n|-boost|p1a: Tomdozo|atk|2\n|-boost|p1a: Tomdozo|spa|2\n|-boost|p1a: Tomdozo|spe|2\n|-boost|p1a: Tomdozo|def|2\n|-boost|p1a: Tomdozo|spd|2\n|turn|1\n|\n|t:|1700635152\n|-terastallize|p1a: Tomdozo|Fire\n|-terastallize|p2b: Gex|Fairy\n|move|p2a: Chumpy|Flower Trick|p1a: Tomdozo\n|-start|p2a: Chumpy|typechange|Grass|[from] ability: Protean\n|-resisted|p1a: Tomdozo\n|-crit|p1a: Tomdozo\n|-damage|p1a: Tomdozo|85\/100\n|move|p1a: Tomdozo|Wave Crash|p2b: Gex\n|-damage|p2b: Gex|72\/100\n|-damage|p1a: Tomdozo|77\/100|[from] Recoil\n|move|p2b: Gex|Torch Song|p1b: Tatsujerry|[miss]\n|-miss|p2b: Gex|p1b: Tatsujerry\n|\n|-heal|p1a: Tomdozo|83\/100|[from] item: Leftovers\n|-heal|p2b: Gex|78\/100|[from] item: Leftovers\n|upkeep\n|turn|2\n|inactive|Battle timer is ON: inactive players will automatically lose when time's up. (requested by namkison)\n|\n|t:|1700635212\n|move|p2a: Chumpy|Sucker Punch|p1a: Tomdozo\n|-damage|p1a: Tomdozo|75\/100\n|move|p1a: Tomdozo|Heavy Slam|p2a: Chumpy\n|-damage|p2a: Chumpy|3\/100\n|move|p2b: Gex|Will-O-Wisp|p1b: Tatsujerry|[miss]\n|-miss|p2b: Gex|p1b: Tatsujerry\n|\n|-heal|p1a: Tomdozo|81\/100|[from] item: Leftovers\n|-heal|p2b: Gex|84\/100|[from] item: Leftovers\n|upkeep\n|turn|3\n|j| soleilfe\n|inactive|namkison has 30 seconds left.\n|inactive|Zealssb1899 has 30 seconds left.\n|inactive|Zealssb1899 has 20 seconds left.\n|\n|t:|1700635250\n|move|p2a: Chumpy|Toxic Spikes|p1a: Tomdozo\n|-sidestart|p1: namkison|move: Toxic Spikes\n|move|p1a: Tomdozo|Heavy Slam|p2a: Chumpy\n|-damage|p2a: Chumpy|0 fnt\n|faint|p2a: Chumpy\n|move|p2b: Gex|Will-O-Wisp|p1b: Tatsujerry|[miss]\n|-miss|p2b: Gex|p1b: Tatsujerry\n|\n|-heal|p1a: Tomdozo|87\/100|[from] item: Leftovers\n|-heal|p2b: Gex|90\/100|[from] item: Leftovers\n|upkeep\n|\n|t:|1700635263\n|switch|p2a: Land Hoe|Garchomp, L50, F|100\/100\n|turn|4\n|inactive|namkison has 30 seconds left.\n|\n|t:|1700635296\n|move|p2a: Land Hoe|Stomping Tantrum|p1a: Tomdozo\n|-supereffective|p1a: Tomdozo\n|-damage|p1a: Tomdozo|57\/100\n|move|p1a: Tomdozo|Wave Crash|p2a: Land Hoe\n|-damage|p2a: Land Hoe|14\/100\n|-damage|p1a: Tomdozo|44\/100|[from] ability: Rough Skin|[of] p2a: Land Hoe\n|-damage|p1a: Tomdozo|22\/100|[from] Recoil\n|move|p2b: Gex|Torch Song|p1b: Tatsujerry|[miss]\n|-miss|p2b: Gex|p1b: Tatsujerry\n|\n|-heal|p1a: Tomdozo|28\/100|[from] item: Leftovers\n|-heal|p2b: Gex|96\/100|[from] item: Leftovers\n|upkeep\n|turn|5\n|inactive|Zealssb1899 has 30 seconds left.\n|\n|t:|1700635323\n|move|p2a: Land Hoe|Stomping Tantrum|p1a: Tomdozo\n|-supereffective|p1a: Tomdozo\n|-damage|p1a: Tomdozo|3\/100\n|move|p1a: Tomdozo|Heavy Slam|p2a: Land Hoe\n|-damage|p2a: Land Hoe|0 fnt\n|-damage|p1a: Tomdozo|0 fnt|[from] ability: Rough Skin|[of] p2a: Land Hoe\n|faint|p2a: Land Hoe\n|faint|p1a: Tomdozo\n|move|p2b: Gex|Hex|p1b: Tatsujerry\n|-damage|p1b: Tatsujerry|71\/100\n|\n|-heal|p2b: Gex|100\/100|[from] item: Leftovers\n|upkeep\n|\n|t:|1700635339\n|switch|p2a: Kirb|Scream Tail, L50|100\/100\n|switch|p1a: Perry|Flutter Mane, L50|100\/100\n|-status|p1a: Perry|psn\n|-enditem|p1a: Perry|Booster Energy\n|-activate|p1a: Perry|ability: Protosynthesis|[fromitem]\n|-start|p1a: Perry|protosynthesisspa\n|turn|6\n|\n|t:|1700635363\n|move|p2a: Kirb|Light Screen|p2a: Kirb\n|-sidestart|p2: Zealssb1899|move: Light Screen\n|move|p1b: Tatsujerry|Icy Wind|p2a: Kirb|[spread] p2a,p2b\n|-damage|p2a: Kirb|95\/100\n|-damage|p2b: Gex|93\/100\n|-unboost|p2a: Kirb|spe|1\n|-unboost|p2b: Gex|spe|1\n|move|p1a: Perry|Icy Wind|p2b: Gex|[spread] p2a,p2b\n|-damage|p2a: Kirb|87\/100\n|-damage|p2b: Gex|82\/100\n|-unboost|p2a: Kirb|spe|1\n|-unboost|p2b: Gex|spe|1\n|move|p2b: Gex|Will-O-Wisp|p1b: Tatsujerry\n|-status|p1b: Tatsujerry|brn\n|\n|-heal|p2b: Gex|88\/100|[from] item: Leftovers\n|-damage|p1a: Perry|88\/100 psn|[from] psn\n|-damage|p1b: Tatsujerry|65\/100 brn|[from] brn\n|upkeep\n|turn|7\n|inactive|namkison has 30 seconds left.\n|inactive|namkison has 20 seconds left.\n|\n|t:|1700635399\n|move|p1b: Tatsujerry|Icy Wind|p2a: Kirb|[spread] p2a,p2b\n|-damage|p2a: Kirb|81\/100\n|-damage|p2b: Gex|79\/100\n|-unboost|p2a: Kirb|spe|1\n|-unboost|p2b: Gex|spe|1\n|move|p1a: Perry|Shadow Ball|p2b: Gex\n|-damage|p2b: Gex|45\/100\n|-unboost|p2b: Gex|spd|1\n|move|p2a: Kirb|Reflect|p2a: Kirb\n|-sidestart|p2: Zealssb1899|Reflect\n|move|p2b: Gex|Slack Off|p2b: Gex\n|-heal|p2b: Gex|95\/100\n|\n|-heal|p2b: Gex|100\/100|[from] item: Leftovers\n|-damage|p1a: Perry|76\/100 psn|[from] psn\n|-damage|p1b: Tatsujerry|59\/100 brn|[from] brn\n|upkeep\n|turn|8\n|inactive|namkison has 30 seconds left.\n|inactive|namkison has 20 seconds left.\n|\n|t:|1700635438\n|move|p1b: Tatsujerry|Icy Wind|p2a: Kirb|[spread] p2a,p2b\n|-damage|p2a: Kirb|76\/100\n|-damage|p2b: Gex|87\/100\n|-unboost|p2a: Kirb|spe|1\n|-unboost|p2b: Gex|spe|1\n|move|p1a: Perry|Shadow Ball|p2b: Gex\n|-crit|p2b: Gex\n|-damage|p2b: Gex|0 fnt\n|faint|p2b: Gex\n|move|p2a: Kirb|Dazzling Gleam|p1b: Tatsujerry|[spread] p1a,p1b\n|-supereffective|p1b: Tatsujerry\n|-damage|p1a: Perry|61\/100 psn\n|-damage|p1b: Tatsujerry|24\/100 brn\n|\n|-damage|p1a: Perry|49\/100 psn|[from] psn\n|-damage|p1b: Tatsujerry|18\/100 brn|[from] brn\n|upkeep\n|turn|9\n|\n|t:|1700635455\n|move|p1b: Tatsujerry|Icy Wind|p2a: Kirb\n|-damage|p2a: Kirb|68\/100\n|-unboost|p2a: Kirb|spe|1\n|move|p1a: Perry|Shadow Ball|p2a: Kirb\n|-supereffective|p2a: Kirb\n|-damage|p2a: Kirb|19\/100\n|-unboost|p2a: Kirb|spd|1\n|move|p2a: Kirb|Dazzling Gleam|p1a: Perry|[spread] p1a,p1b\n|-supereffective|p1b: Tatsujerry\n|-damage|p1a: Perry|35\/100 psn\n|-damage|p1b: Tatsujerry|0 fnt\n|faint|p1b: Tatsujerry\n|\n|-damage|p1a: Perry|22\/100 psn|[from] psn\n|upkeep\n|\n|t:|1700635468\n|switch|p1b: joel|Chi-Yu, L50|100\/100\n|-status|p1b: joel|psn\n|-ability|p1b: joel|Beads of Ruin\n|turn|10\n|\n|t:|1700635477\n|move|p1a: Perry|Shadow Ball|p2a: Kirb\n|-supereffective|p2a: Kirb\n|-damage|p2a: Kirb|0 fnt\n|faint|p2a: Kirb\n|-end|p2a: Kirb|Protosynthesis|[silent]\n|\n|win|namkison\n|c|\u2606namkison|gggggsssssssss\n|l| soleilfe\n|c|\u2606namkison|i will challenge game 2 one sec\n","uploadtime":1700636005,"views":14,"p1id":"namkison","p2id":"zealssb1899","formatid":"gen9vgc2023regulatione","rating":0,"private":0,"password":""}