{"id":"gen9vgc2023regulatione-1994327915","p1":"salvx","p2":"Dumdunsparce","format":"[Gen 9] VGC 2023 Regulation E","log":"|j|\u2606salvx\n|j|\u2606Dumdunsparce\n|t:|1700431562\n|gametype|doubles\n|player|p1|salvx|unknown|1355\n|player|p2|Dumdunsparce|harlequin|1380\n|teamsize|p1|6\n|teamsize|p2|6\n|gen|9\n|tier|[Gen 9] VGC 2023 Regulation E\n|rated|\n|rule|Species Clause: Limit one of each Pok\u00e9mon\n|rule|Item Clause: Limit one of each item\n|clearpoke\n|poke|p1|Articuno, L50|\n|poke|p1|Iron Hands, L50|\n|poke|p1|Arcanine-Hisui, L50, F|\n|poke|p1|Ninetales-Alola, L50, M|\n|poke|p1|Palafin, L50, F|\n|poke|p1|Iron Bundle, L50|\n|poke|p2|Sylveon, L50, M|\n|poke|p2|Toxtricity, L50, F|\n|poke|p2|Rillaboom, L50, F|\n|poke|p2|Skeledirge, L50, M|\n|poke|p2|Clefairy, L50, M|\n|poke|p2|Kommo-o, L50, M|\n|teampreview|4\n|inactive|Battle timer is ON: inactive players will automatically lose when time's up. (requested by salvx)\n|\n|t:|1700431591\n|start\n|switch|p1a: Palafin|Palafin, L50, F|100\/100\n|switch|p1b: Articuno|Articuno, L50, shiny|100\/100\n|switch|p2a: Sylveon|Sylveon, L50, M|100\/100\n|switch|p2b: Toxtricity|Toxtricity, L50, F|100\/100\n|turn|1\n|\n|t:|1700431599\n|detailschange|p1a: Palafin|Palafin-Hero, L50, F\n|switch|p1a: Ninetales|Ninetales-Alola, L50, M|100\/100\n|-weather|Snow|[from] ability: Snow Warning|[of] p1a: Ninetales\n|-terastallize|p2a: Sylveon|Ghost\n|move|p2b: Toxtricity|Boomburst|p1a: Ninetales|[spread] p1a,p1b\n|-immune|p2a: Sylveon\n|-damage|p1a: Ninetales|33\/100\n|-damage|p1b: Articuno|58\/100\n|-damage|p2b: Toxtricity|91\/100|[from] item: Life Orb\n|move|p2a: Sylveon|Copycat|p2a: Sylveon\n|move|p2a: Sylveon|Boomburst|p1a: Ninetales|[from]move: Copycat|[spread] p2b,p1a,p1b\n|-resisted|p2b: Toxtricity\n|-damage|p2b: Toxtricity|64\/100\n|-damage|p1a: Ninetales|0 fnt\n|-damage|p1b: Articuno|8\/100\n|faint|p1a: Ninetales\n|move|p1b: Articuno|Blizzard|p2b: Toxtricity|[spread] p2a,p2b\n|-damage|p2a: Sylveon|70\/100\n|-damage|p2b: Toxtricity|5\/100\n|-status|p2a: Sylveon|frz\n|\n|-weather|Snow|[upkeep]\n|upkeep\n|\n|t:|1700431606\n|switch|p1a: Palafin|Palafin-Hero, L50, F|100\/100\n|-activate|p1a: Palafin|ability: Zero to Hero\n|turn|2\n|inactive|Dumdunsparce has 30 seconds left.\n|\n|t:|1700431631\n|move|p1a: Palafin|Jet Punch|p2b: Toxtricity\n|-damage|p2b: Toxtricity|0 fnt\n|faint|p2b: Toxtricity\n|-curestatus|p2a: Sylveon|frz|[msg]\n|move|p2a: Sylveon|Hyper Voice|p1b: Articuno|[spread] p1a,p1b\n|-damage|p1a: Palafin|54\/100\n|-damage|p1b: Articuno|0 fnt\n|faint|p1b: Articuno\n|\n|-weather|Snow|[upkeep]\n|upkeep\n|\n|t:|1700431643\n|switch|p2b: Rillaboom|Rillaboom, L50, F|100\/100\n|switch|p1b: Iron Hands|Iron Hands, L50|100\/100\n|-fieldstart|move: Grassy Terrain|[from] ability: Grassy Surge|[of] p2b: Rillaboom\n|turn|3\n|\n|t:|1700431652\n|move|p1a: Palafin|Protect|p1a: Palafin\n|-singleturn|p1a: Palafin|Protect\n|move|p2b: Rillaboom|Fake Out|p1a: Palafin\n|-activate|p1a: Palafin|move: Protect\n|move|p2a: Sylveon|Hyper Voice|p1b: Iron Hands|[spread] p1b\n|-activate|p1a: Palafin|move: Protect\n|-supereffective|p1b: Iron Hands\n|-damage|p1b: Iron Hands|48\/100\n|move|p1b: Iron Hands|Drain Punch|p2b: Rillaboom\n|-damage|p2b: Rillaboom|56\/100\n|-heal|p1b: Iron Hands|66\/100|[from] drain|[of] p2b: Rillaboom\n|\n|-weather|Snow|[upkeep]\n|-heal|p1a: Palafin|60\/100|[from] Grassy Terrain\n|-heal|p2a: Sylveon|76\/100|[from] Grassy Terrain\n|-heal|p2b: Rillaboom|61\/100|[from] Grassy Terrain\n|-heal|p1b: Iron Hands|72\/100|[from] Grassy Terrain\n|upkeep\n|turn|4\n|inactive|Dumdunsparce has 30 seconds left.\n|\n|t:|1700431681\n|-terastallize|p1a: Palafin|Water\n|move|p2a: Sylveon|Protect|p2a: Sylveon\n|-singleturn|p2a: Sylveon|Protect\n|move|p1a: Palafin|Jet Punch|p2a: Sylveon\n|-activate|p2a: Sylveon|move: Protect\n|move|p2b: Rillaboom|Drum Beating|p1a: Palafin\n|-supereffective|p1a: Palafin\n|-damage|p1a: Palafin|0 fnt\n|faint|p1a: Palafin\n|move|p1b: Iron Hands|Drain Punch|p2b: Rillaboom\n|-damage|p2b: Rillaboom|19\/100\n|-heal|p1b: Iron Hands|89\/100|[from] drain|[of] p2b: Rillaboom\n|\n|-weather|Snow|[upkeep]\n|-heal|p2a: Sylveon|82\/100|[from] Grassy Terrain\n|-heal|p2b: Rillaboom|25\/100|[from] Grassy Terrain\n|-heal|p1b: Iron Hands|95\/100|[from] Grassy Terrain\n|upkeep\n|turn|5\n|\n|t:|1700431703\n|move|p2a: Sylveon|Hyper Voice|p1b: Iron Hands\n|-supereffective|p1b: Iron Hands\n|-damage|p1b: Iron Hands|17\/100\n|move|p2b: Rillaboom|Drum Beating|p1b: Iron Hands\n|-damage|p1b: Iron Hands|0 fnt\n|faint|p1b: Iron Hands\n|-end|p1b: Iron Hands|Quark Drive|[silent]\n|\n|win|Dumdunsparce\n|raw|salvx's rating: 1355 &rarr; <strong>1336<\/strong><br \/>(-19 for losing)\n|raw|Dumdunsparce's rating: 1380 &rarr; <strong>1399<\/strong><br \/>(+19 for winning)\n|l|\u2606salvx\n","uploadtime":1700431714,"views":14,"p1id":"salvx","p2id":"dumdunsparce","formatid":"gen9vgc2023regulatione","rating":1336,"private":0,"password":""}