{"id":"gen9vgc2023regulatione-2000591697","p1":"Digey","p2":"dfshfdsh","format":"[Gen 9] VGC 2023 Regulation E","log":"|j|\u2606Digey\n|j|\u2606dfshfdsh\n|t:|1701208373\n|gametype|doubles\n|player|p1|Digey|shadowtriad|1025\n|player|p2|dfshfdsh|shadowtriad|1050\n|teamsize|p1|6\n|teamsize|p2|6\n|gen|9\n|tier|[Gen 9] VGC 2023 Regulation E\n|rated|\n|rule|Species Clause: Limit one of each Pok\u00e9mon\n|rule|Item Clause: Limit one of each item\n|clearpoke\n|poke|p1|Ariados, L50, F|\n|poke|p1|Iron Hands, L50|\n|poke|p1|Ogerpon-Hearthflame, L50, F|\n|poke|p1|Farigiraf, L50, M|\n|poke|p1|Landorus-Therian, L50, M|\n|poke|p1|Empoleon, L50, M|\n|poke|p2|Glaceon, L50, F|\n|poke|p2|Ninetales-Alola, L50, F|\n|poke|p2|Landorus-Therian, L50, M|\n|poke|p2|Iron Hands, L50|\n|poke|p2|Ogerpon-Wellspring, L50, F|\n|poke|p2|Heatran, L50, F|\n|teampreview|4\n|inactive|Battle timer is ON: inactive players will automatically lose when time's up. (requested by Digey)\n|inactive|Digey has 60 seconds left.\n|\n|t:|1701208406\n|start\n|switch|p1a: Farigiraf|Farigiraf, L50, M|100\/100\n|switch|p1b: Empoleon|Empoleon, L50, M|100\/100\n|switch|p2a: Glaceon|Glaceon, L50, F, shiny|100\/100\n|switch|p2b: Landorus|Landorus-Therian, L50, M|100\/100\n|-ability|p2b: Landorus|Intimidate|boost\n|-unboost|p1a: Farigiraf|atk|1\n|-unboost|p1b: Empoleon|atk|1\n|-ability|p1b: Empoleon|Competitive|boost\n|-boost|p1b: Empoleon|spa|2\n|turn|1\n|\n|t:|1701208421\n|move|p2a: Glaceon|Protect|p2a: Glaceon\n|-singleturn|p2a: Glaceon|Protect\n|move|p1b: Empoleon|Protect|p1b: Empoleon\n|-singleturn|p1b: Empoleon|Protect\n|move|p2b: Landorus|Stomping Tantrum|p1b: Empoleon\n|-activate|p1b: Empoleon|move: Protect\n|move|p1a: Farigiraf|Trick Room|p1a: Farigiraf\n|-fieldstart|move: Trick Room|[of] p1a: Farigiraf\n|\n|upkeep\n|turn|2\n|\n|t:|1701208441\n|move|p1a: Farigiraf|Calm Mind|p1a: Farigiraf\n|-boost|p1a: Farigiraf|spa|1\n|-boost|p1a: Farigiraf|spd|1\n|move|p1b: Empoleon|Chilling Water|p2b: Landorus\n|-supereffective|p2b: Landorus\n|-damage|p2b: Landorus|10\/100\n|-unboost|p2b: Landorus|atk|1\n|move|p2a: Glaceon|Freeze-Dry|p1b: Empoleon\n|-damage|p1b: Empoleon|56\/100\n|move|p2b: Landorus|Stomping Tantrum|p1b: Empoleon\n|-supereffective|p1b: Empoleon\n|-damage|p1b: Empoleon|6\/100\n|\n|upkeep\n|turn|3\n|inactive|dfshfdsh has 30 seconds left.\n|\n|t:|1701208468\n|switch|p2b: Ninetales|Ninetales-Alola, L50, F, shiny|100\/100\n|-weather|Snow|[from] ability: Snow Warning|[of] p2b: Ninetales\n|-terastallize|p2a: Glaceon|Ice\n|move|p1a: Farigiraf|Shadow Ball|p2b: Ninetales\n|-damage|p2b: Ninetales|64\/100\n|move|p1b: Empoleon|Flash Cannon|p2a: Glaceon\n|-supereffective|p2a: Glaceon\n|-damage|p2a: Glaceon|0 fnt\n|faint|p2a: Glaceon\n|\n|-weather|Snow|[upkeep]\n|upkeep\n|\n|t:|1701208481\n|switch|p2a: Ogerpon|Ogerpon-Wellspring, L50, F|100\/100\n|turn|4\n|inactive|dfshfdsh has 30 seconds left.\n|\n|t:|1701208511\n|move|p1b: Empoleon|Protect|p1b: Empoleon\n|-singleturn|p1b: Empoleon|Protect\n|move|p1a: Farigiraf|Calm Mind|p1a: Farigiraf\n|-boost|p1a: Farigiraf|spa|1\n|-boost|p1a: Farigiraf|spd|1\n|move|p2b: Ninetales|Moonblast|p1a: Farigiraf\n|-damage|p1a: Farigiraf|89\/100\n|move|p2a: Ogerpon|Ivy Cudgel|p1b: Empoleon|[anim] Ivy Cudgel Water\n|-activate|p1b: Empoleon|move: Protect\n|\n|-weather|Snow|[upkeep]\n|upkeep\n|turn|5\n|\n|t:|1701208531\n|move|p2a: Ogerpon|Spiky Shield|p2a: Ogerpon\n|-singleturn|p2a: Ogerpon|move: Protect\n|move|p1a: Farigiraf|Psychic|p2b: Ninetales\n|-damage|p2b: Ninetales|0 fnt\n|faint|p2b: Ninetales\n|move|p1b: Empoleon|Icy Wind|p2a: Ogerpon\n|-activate|p2a: Ogerpon|move: Protect\n|\n|-weather|Snow|[upkeep]\n|-fieldend|move: Trick Room\n|upkeep\n|\n|t:|1701208538\n|switch|p2b: Landorus|Landorus-Therian, L50, M|10\/100\n|-ability|p2b: Landorus|Intimidate|boost\n|-unboost|p1a: Farigiraf|atk|1\n|-unboost|p1b: Empoleon|atk|1\n|-ability|p1b: Empoleon|Competitive|boost\n|-boost|p1b: Empoleon|spa|2\n|turn|6\n|\n|t:|1701208560\n|move|p1b: Empoleon|Protect|p1b: Empoleon\n|-singleturn|p1b: Empoleon|Protect\n|move|p2b: Landorus|Rock Slide|p1b: Empoleon|[spread] p1a\n|-activate|p1b: Empoleon|move: Protect\n|-damage|p1a: Farigiraf|65\/100\n|move|p2a: Ogerpon|Ivy Cudgel|p1a: Farigiraf|[anim] Ivy Cudgel Water\n|-damage|p1a: Farigiraf|5\/100\n|move|p1a: Farigiraf|Trick Room|p1a: Farigiraf\n|-fieldstart|move: Trick Room|[of] p1a: Farigiraf\n|\n|-weather|Snow|[upkeep]\n|upkeep\n|turn|7\n|-message|dfshfdsh forfeited.\n|\n|win|Digey\n|raw|Digey's rating: 1025 &rarr; <strong>1064<\/strong><br \/>(+39 for winning)\n|raw|dfshfdsh's rating: 1050 &rarr; <strong>1031<\/strong><br \/>(-19 for losing)\n|l|\u2606dfshfdsh\n","uploadtime":1701208577,"views":0,"p1id":"digey","p2id":"dfshfdsh","formatid":"gen9vgc2023regulatione","rating":1031,"private":0,"password":""}