{"id":"gen9vgc2023regulatione-1999166335","p1":"donny Donnerson","p2":"Venefici","format":"[Gen 9] VGC 2023 Regulation E","log":"|j|\u2606donny Donnerson\n|j|\u2606Venefici\n|t:|1701040506\n|gametype|doubles\n|player|p1|donny Donnerson|102|1178\n|player|p2|Venefici|hugh|1090\n|teamsize|p1|6\n|teamsize|p2|6\n|gen|9\n|tier|[Gen 9] VGC 2023 Regulation E\n|rated|\n|rule|Species Clause: Limit one of each Pok\u00e9mon\n|rule|Item Clause: Limit one of each item\n|clearpoke\n|poke|p1|Oranguru, L50, F|\n|poke|p1|Vikavolt, L50, M|\n|poke|p1|Hariyama, L50, M|\n|poke|p1|Ursaluna, L50, F|\n|poke|p1|Grimmsnarl, L50, M|\n|poke|p1|Slowbro-Galar, L50, M|\n|poke|p2|Volcarona, L50, F|\n|poke|p2|Sinistcha, L50|\n|poke|p2|Cetitan, L50, F|\n|poke|p2|Milotic, L50, F|\n|poke|p2|Ninetales-Alola, L50, M|\n|poke|p2|Iron Hands, L50|\n|teampreview|4\n|inactive|Battle timer is ON: inactive players will automatically lose when time's up. (requested by Venefici)\n|inactive|Venefici has 60 seconds left.\n|c|\u2606donny Donnerson|gl hf\n|inactive|donny Donnerson has 60 seconds left.\n|\n|t:|1701040572\n|start\n|switch|p1a: Oranguru|Oranguru, L50, F, shiny|100\/100\n|switch|p1b: Slowbro|Slowbro-Galar, L50, M|100\/100\n|switch|p2a: Ninetales|Ninetales-Alola, L50, M|100\/100\n|switch|p2b: Cetitan|Cetitan, L50, F|100\/100\n|-weather|Snow|[from] ability: Snow Warning|[of] p2a: Ninetales\n|turn|1\n|c|\u2606Venefici|ditto\n|\n|t:|1701040589\n|-terastallize|p2b: Cetitan|Water\n|move|p2a: Ninetales|Aurora Veil|p2a: Ninetales\n|-sidestart|p2: Venefici|move: Aurora Veil\n|move|p2b: Cetitan|Belly Drum|p2b: Cetitan\n|-damage|p2b: Cetitan|50\/100\n|-setboost|p2b: Cetitan|atk|6|[from] move: Belly Drum\n|-enditem|p2b: Cetitan|Sitrus Berry|[eat]\n|-heal|p2b: Cetitan|75\/100|[from] item: Sitrus Berry\n|move|p1b: Slowbro|Shell Side Arm|p2a: Ninetales|[anim] Shell Side Arm Special\n|-supereffective|p2a: Ninetales\n|-damage|p2a: Ninetales|40\/100\n|-hint|Special Shell Side Arm\n|move|p1a: Oranguru|Trick Room|p1a: Oranguru\n|-fieldstart|move: Trick Room|[of] p1a: Oranguru\n|\n|-weather|Snow|[upkeep]\n|upkeep\n|turn|2\n|\n|t:|1701040613\n|move|p2b: Cetitan|Ice Shard|p1b: Slowbro\n|-damage|p1b: Slowbro|34\/100\n|move|p1b: Slowbro|Shell Side Arm|p2b: Cetitan|[anim] Shell Side Arm Special\n|-damage|p2b: Cetitan|50\/100\n|-hint|Special Shell Side Arm\n|move|p1a: Oranguru|Instruct|p1b: Slowbro\n|-singleturn|p1b: Slowbro|move: Instruct|[of] p1a: Oranguru\n|move|p1b: Slowbro|Shell Side Arm|p2b: Cetitan|[anim] Shell Side Arm Special\n|-damage|p2b: Cetitan|24\/100\n|-hint|Special Shell Side Arm\n|move|p2a: Ninetales|Encore|p1a: Oranguru\n|-start|p1a: Oranguru|Encore\n|\n|-weather|Snow|[upkeep]\n|upkeep\n|turn|3\n|inactive|Venefici has 30 seconds left.\n|\n|t:|1701040639\n|switch|p2a: Sinistcha|Sinistcha, L50|100\/100\n|-heal|p2b: Cetitan|49\/100|[from] ability: Hospitality|[of] p2a: Sinistcha\n|move|p2b: Cetitan|Ice Shard|p1b: Slowbro\n|-damage|p1b: Slowbro|0 fnt\n|faint|p1b: Slowbro\n|move|p1a: Oranguru|Instruct|p1: Slowbro|[notarget]\n|-fail|p1a: Oranguru\n|\n|-weather|Snow|[upkeep]\n|upkeep\n|\n|t:|1701040650\n|switch|p1b: Vikavolt|Vikavolt, L50, M, shiny|100\/100\n|turn|4\n|\n|t:|1701040670\n|-terastallize|p1b: Vikavolt|Electric\n|move|p2a: Sinistcha|Rage Powder|p2a: Sinistcha\n|-singleturn|p2a: Sinistcha|move: Rage Powder\n|move|p2b: Cetitan|Ice Shard|p1b: Vikavolt\n|-damage|p1b: Vikavolt|12\/100\n|move|p1b: Vikavolt|Thunderbolt|p2a: Sinistcha\n|-resisted|p2a: Sinistcha\n|-crit|p2a: Sinistcha\n|-damage|p2a: Sinistcha|21\/100\n|-status|p2a: Sinistcha|par\n|-enditem|p2a: Sinistcha|Wiki Berry|[eat]\n|-heal|p2a: Sinistcha|54\/100 par|[from] item: Wiki Berry\n|move|p1a: Oranguru|Instruct|p2a: Sinistcha\n|-singleturn|p2a: Sinistcha|move: Instruct|[of] p1a: Oranguru\n|move|p2a: Sinistcha|Rage Powder||[still]\n|-fail|p2a: Sinistcha\n|\n|-weather|Snow|[upkeep]\n|upkeep\n|turn|5\n|-message|donny Donnerson forfeited.\n|\n|win|Venefici\n|raw|donny Donnerson's rating: 1178 &rarr; <strong>1147<\/strong><br \/>(-31 for losing)\n|raw|Venefici's rating: 1090 &rarr; <strong>1123<\/strong><br \/>(+33 for winning)\n|l|\u2606donny Donnerson\n","uploadtime":1701040694,"views":4,"p1id":"donnydonnerson","p2id":"venefici","formatid":"gen9vgc2023regulatione","rating":1123,"private":0,"password":""}