{"id":"gen9vgc2023regulatione-1995527430","p1":"F4R4W4Y","p2":"Tyranichunk","format":"[Gen 9] VGC 2023 Regulation E","log":"|j|\u2606F4R4W4Y\n|j|\u2606Tyranichunk\n|t:|1700580006\n|gametype|doubles\n|player|p1|F4R4W4Y|pokemonranger-gen4|1195\n|player|p2|Tyranichunk|hilbert|1212\n|teamsize|p1|6\n|teamsize|p2|6\n|gen|9\n|tier|[Gen 9] VGC 2023 Regulation E\n|rated|\n|rule|Species Clause: Limit one of each Pok\u00e9mon\n|rule|Item Clause: Limit one of each item\n|clearpoke\n|poke|p1|Iron Hands, L50|\n|poke|p1|Roaring Moon, L50|\n|poke|p1|Volcarona, L50, M|\n|poke|p1|Grimmsnarl, L50, M|\n|poke|p1|Gastrodon, L50, F|\n|poke|p1|Arcanine, L50, M|\n|poke|p2|Basculegion-F, L50, F|\n|poke|p2|Ogerpon-Wellspring, L50, F|\n|poke|p2|Tornadus, L50, M|\n|poke|p2|Flutter Mane, L50|\n|poke|p2|Iron Hands, L50|\n|poke|p2|Pelipper, L50, F|\n|teampreview|4\n|inactive|Battle timer is ON: inactive players will automatically lose when time's up. (requested by Tyranichunk)\n|\n|t:|1700580031\n|start\n|switch|p1a: Grimmsnarl|Grimmsnarl, L50, M|100\/100\n|switch|p1b: Arcanine|Arcanine, L50, M|100\/100\n|switch|p2a: Tornadus|Tornadus, L50, M|100\/100\n|switch|p2b: Flutter Mane|Flutter Mane, L50|100\/100\n|-ability|p1b: Arcanine|Intimidate|boost\n|-unboost|p2a: Tornadus|atk|1\n|-unboost|p2b: Flutter Mane|atk|1\n|-enditem|p2b: Flutter Mane|Booster Energy\n|-activate|p2b: Flutter Mane|ability: Protosynthesis|[fromitem]\n|-start|p2b: Flutter Mane|protosynthesisspa\n|turn|1\n|inactive|Tyranichunk has 30 seconds left.\n|inactive|Tyranichunk has 20 seconds left.\n|inactive|Tyranichunk has 15 seconds left.\n|inactive|Tyranichunk has 10 seconds left.\n|inactive|Tyranichunk has 5 seconds left.\n|\n|t:|1700580082\n|move|p2a: Tornadus|Tailwind|p2a: Tornadus\n|-sidestart|p2: Tyranichunk|move: Tailwind\n|move|p1a: Grimmsnarl|Thunder Wave|p2b: Flutter Mane\n|-status|p2b: Flutter Mane|par\n|move|p2b: Flutter Mane|Moonblast|p1a: Grimmsnarl\n|-supereffective|p1a: Grimmsnarl\n|-damage|p1a: Grimmsnarl|0 fnt\n|faint|p1a: Grimmsnarl\n|move|p1b: Arcanine|Snarl|p2a: Tornadus|[spread] p2a,p2b\n|-damage|p2a: Tornadus|92\/100\n|-damage|p2b: Flutter Mane|90\/100 par\n|-unboost|p2b: Flutter Mane|spa|1\n|\n|upkeep\n|\n|t:|1700580092\n|switch|p1a: Roaring Moon|Roaring Moon, L50|100\/100\n|-enditem|p1a: Roaring Moon|Booster Energy\n|-activate|p1a: Roaring Moon|ability: Protosynthesis|[fromitem]\n|-start|p1a: Roaring Moon|protosynthesisatk\n|turn|2\n|inactive|Tyranichunk has 30 seconds left.\n|inactive|Tyranichunk has 20 seconds left.\n|inactive|Tyranichunk has 15 seconds left.\n|\n|t:|1700580134\n|-terastallize|p1a: Roaring Moon|Fairy\n|move|p2a: Tornadus|Rain Dance|p2a: Tornadus\n|-weather|RainDance\n|move|p2b: Flutter Mane|Moonblast|p1a: Roaring Moon\n|-damage|p1a: Roaring Moon|55\/100\n|move|p1a: Roaring Moon|Throat Chop|p2b: Flutter Mane\n|-damage|p2b: Flutter Mane|0 fnt\n|faint|p2b: Flutter Mane\n|-end|p2b: Flutter Mane|Protosynthesis|[silent]\n|move|p1b: Arcanine|Snarl|p2a: Tornadus\n|-damage|p2a: Tornadus|81\/100\n|\n|-weather|RainDance|[upkeep]\n|upkeep\n|\n|t:|1700580148\n|switch|p2b: Basculegion|Basculegion-F, L50, F|100\/100\n|turn|3\n|\n|t:|1700580165\n|switch|p2a: Ogerpon|Ogerpon-Wellspring, L50, F|100\/100\n|switch|p1b: Gastrodon|Gastrodon, L50, F|100\/100\n|move|p2b: Basculegion|Surf|p1a: Roaring Moon|[spread] p1a\n|-immune|p2a: Ogerpon|[from] ability: Water Absorb\n|-ability|p1b: Gastrodon|Storm Drain|boost\n|-boost|p1b: Gastrodon|spa|1\n|-damage|p1a: Roaring Moon|0 fnt\n|faint|p1a: Roaring Moon\n|-end|p1a: Roaring Moon|Protosynthesis|[silent]\n|\n|-weather|RainDance|[upkeep]\n|upkeep\n|\n|t:|1700580177\n|switch|p1a: Arcanine|Arcanine, L50, M|100\/100\n|-ability|p1a: Arcanine|Intimidate|boost\n|-unboost|p2a: Ogerpon|atk|1\n|-unboost|p2b: Basculegion|atk|1\n|turn|4\n|inactive|Tyranichunk has 30 seconds left.\n|\n|t:|1700580207\n|move|p2b: Basculegion|Surf|p1a: Arcanine|[spread] p1a\n|-immune|p2a: Ogerpon|[from] ability: Water Absorb\n|-ability|p1b: Gastrodon|Storm Drain|boost\n|-boost|p1b: Gastrodon|spa|1\n|-supereffective|p1a: Arcanine\n|-damage|p1a: Arcanine|8\/100\n|move|p2a: Ogerpon|Horn Leech|p1b: Gastrodon\n|-supereffective|p1b: Gastrodon\n|-damage|p1b: Gastrodon|0 fnt\n|faint|p1b: Gastrodon\n|move|p1a: Arcanine|Will-O-Wisp|p2b: Basculegion\n|-status|p2b: Basculegion|brn\n|\n|-weather|RainDance|[upkeep]\n|-damage|p2b: Basculegion|94\/100 brn|[from] brn\n|-sideend|p2: Tyranichunk|move: Tailwind\n|upkeep\n|turn|5\n|-message|F4R4W4Y forfeited.\n|\n|win|Tyranichunk\n|raw|F4R4W4Y's rating: 1195 &rarr; <strong>1171<\/strong><br \/>(-24 for losing)\n|raw|Tyranichunk's rating: 1212 &rarr; <strong>1236<\/strong><br \/>(+24 for winning)\n|l|\u2606F4R4W4Y\n","uploadtime":1700580225,"views":17,"p1id":"f4r4w4y","p2id":"tyranichunk","formatid":"gen9vgc2023regulatione","rating":1171,"private":0,"password":""}