{"id":"gen9vgc2023regulatione-2000105702","p1":"Orb66623","p2":"s150004","format":"[Gen 9] VGC 2023 Regulation E","log":"|j|\u2606Orb66623\n|j|\u203ds150004\n|t:|1701155823\n|gametype|doubles\n|player|p1|Orb66623|265|1457\n|player|p2|s150004|2|1517\n|teamsize|p1|6\n|teamsize|p2|6\n|gen|9\n|tier|[Gen 9] VGC 2023 Regulation E\n|rated|\n|rule|Species Clause: Limit one of each Pok\u00e9mon\n|rule|Item Clause: Limit one of each item\n|clearpoke\n|poke|p1|Ogerpon-Wellspring, L50, F|\n|poke|p1|Armarouge, L50, M|\n|poke|p1|Torkoal, L50, F|\n|poke|p1|Indeedee-F, L50, F|\n|poke|p1|Iron Hands, L50|\n|poke|p1|Landorus-Therian, L50, M|\n|poke|p2|Dondozo, L50, M|\n|poke|p2|Salamence, L50, M|\n|poke|p2|Rillaboom, L50, F|\n|poke|p2|Heatran, L50, F|\n|poke|p2|Urshifu-*, L50, M|\n|poke|p2|Flutter Mane, L50|\n|teampreview|4\n|inactive|Battle timer is ON: inactive players will automatically lose when time's up. (requested by Orb66623)\n|\n|t:|1701155849\n|start\n|switch|p1a: Armarouge|Armarouge, L50, M|100\/100\n|switch|p1b: Landorus|Landorus-Therian, L50, M|100\/100\n|switch|p2a: Dondozo|Dondozo, L50, M|100\/100\n|switch|p2b: Heatran|Heatran, L50, F|100\/100\n|-ability|p1b: Landorus|Intimidate|boost\n|-fail|p2a: Dondozo|unboost|Attack|[from] ability: Oblivious|[of] p2a: Dondozo\n|-unboost|p2b: Heatran|atk|1\n|turn|1\n|\n|t:|1701155869\n|-terastallize|p1a: Armarouge|Psychic\n|move|p2b: Heatran|Protect|p2b: Heatran\n|-singleturn|p2b: Heatran|Protect\n|move|p1b: Landorus|U-turn|p1a: Armarouge\n|-supereffective|p1a: Armarouge\n|-damage|p1a: Armarouge|50\/100\n|-ability|p1a: Armarouge|Weak Armor|boost\n|-unboost|p1a: Armarouge|def|1\n|-boost|p1a: Armarouge|spe|2\n|-enditem|p1a: Armarouge|Weakness Policy\n|-boost|p1a: Armarouge|atk|2|[from] item: Weakness Policy\n|-boost|p1a: Armarouge|spa|2|[from] item: Weakness Policy\n|\n|t:|1701155876\n|switch|p1b: Indeedee|Indeedee-F, L50, F|100\/100|[from] U-turn\n|-fieldstart|move: Psychic Terrain|[from] ability: Psychic Surge|[of] p1b: Indeedee\n|-enditem|p1b: Indeedee|Psychic Seed\n|-boost|p1b: Indeedee|spd|1|[from] item: Psychic Seed\n|move|p1a: Armarouge|Expanding Force|p2b: Heatran|[spread] p2a\n|-activate|p2b: Heatran|move: Protect\n|-damage|p2a: Dondozo|0 fnt\n|faint|p2a: Dondozo\n|\n|upkeep\n|\n|t:|1701155891\n|switch|p2a: Urshifu|Urshifu, L50, M|100\/100\n|turn|2\n|\n|t:|1701155902\n|move|p2a: Urshifu|Protect|p2a: Urshifu\n|-singleturn|p2a: Urshifu|Protect\n|move|p1b: Indeedee|Follow Me|p1b: Indeedee\n|-singleturn|p1b: Indeedee|move: Follow Me\n|move|p1a: Armarouge|Aura Sphere|p2a: Urshifu\n|-activate|p2a: Urshifu|move: Protect\n|move|p2b: Heatran|Magma Storm|p1b: Indeedee\n|-damage|p1b: Indeedee|63\/100\n|-activate|p1b: Indeedee|move: Magma Storm|[of] p2b: Heatran\n|\n|-damage|p1b: Indeedee|51\/100|[from] move: Magma Storm|[partiallytrapped]\n|upkeep\n|turn|3\n|\n|t:|1701155920\n|switch|p2a: Salamence|Salamence, L50, M|100\/100\n|-ability|p2a: Salamence|Intimidate|boost\n|-unboost|p1a: Armarouge|atk|1\n|-unboost|p1b: Indeedee|atk|1\n|move|p2b: Heatran|Protect|p2b: Heatran\n|-singleturn|p2b: Heatran|Protect\n|move|p1b: Indeedee|Follow Me|p1b: Indeedee\n|-singleturn|p1b: Indeedee|move: Follow Me\n|move|p1a: Armarouge|Aura Sphere|p2a: Salamence\n|-resisted|p2a: Salamence\n|-damage|p2a: Salamence|71\/100\n|\n|-damage|p1b: Indeedee|38\/100|[from] move: Magma Storm|[partiallytrapped]\n|upkeep\n|turn|4\n|inactive|s150004 has 30 seconds left.\n|\n|t:|1701155948\n|switch|p2a: Urshifu|Urshifu, L50, M|100\/100\n|move|p1b: Indeedee|Helping Hand|p1a: Armarouge\n|-singleturn|p1a: Armarouge|Helping Hand|[of] p1b: Indeedee\n|move|p1a: Armarouge|Expanding Force|p2a: Urshifu|[spread] p2b\n|-immune|p2a: Urshifu\n|-resisted|p2b: Heatran\n|-damage|p2b: Heatran|0 fnt\n|faint|p2b: Heatran\n|\n|-end|p1b: Indeedee|Magma Storm|[partiallytrapped]|[silent]\n|upkeep\n|\n|t:|1701155957\n|switch|p2b: Salamence|Salamence, L50, M|71\/100\n|-ability|p2b: Salamence|Intimidate|boost\n|-unboost|p1a: Armarouge|atk|1\n|-unboost|p1b: Indeedee|atk|1\n|turn|5\n|\n|t:|1701155965\n|move|p2a: Urshifu|Protect|p2a: Urshifu\n|-singleturn|p2a: Urshifu|Protect\n|move|p1b: Indeedee|Follow Me|p1b: Indeedee\n|-singleturn|p1b: Indeedee|move: Follow Me\n|move|p1a: Armarouge|Expanding Force|p2b: Salamence|[spread] p2b\n|-activate|p2a: Urshifu|move: Protect\n|-damage|p2b: Salamence|0 fnt\n|faint|p2b: Salamence\n|\n|-fieldend|move: Psychic Terrain\n|upkeep\n|turn|6\n|-message|s150004 forfeited.\n|\n|win|Orb66623\n|raw|Orb66623's rating: 1457 &rarr; <strong>1480<\/strong><br \/>(+23 for winning)\n|raw|s150004's rating: 1517 &rarr; <strong>1494<\/strong><br \/>(-23 for losing)\n|l|\u203ds150004\n","uploadtime":1701155982,"views":7,"p1id":"orb66623","p2id":"s150004","formatid":"gen9vgc2023regulatione","rating":1480,"private":0,"password":""}