{"id":"gen9vgc2023regulatione-1993283052","p1":"Teekin","p2":"PrismaAce","format":"[Gen 9] VGC 2023 Regulation E","log":"|j|\u2606Teekin\n|j|\u2606PrismaAce\n|n|\u2606Teekin|teekin\n|n|\u2606PrismaAce|prismaace\n|html|View the match progress at <a href=\"\/game-bestof3-gen9vgc2023regulatione-1993281808\">game-bestof3-gen9vgc2023regulatione-1993281808<\/a>\n|t:|1700289910\n|gametype|doubles\n|player|p1|Teekin|ingo|\n|player|p2|PrismaAce|clair|\n|teamsize|p1|6\n|teamsize|p2|6\n|gen|9\n|tier|[Gen 9] VGC 2023 Regulation E\n|rule|Species Clause: Limit one of each Pok\u00e9mon\n|rule|Item Clause: Limit one of each item\n|clearpoke\n|poke|p1|Uxie, L50|\n|poke|p1|Wo-Chien, L50|\n|poke|p1|Tauros-Paldea-Aqua, L50, M|\n|poke|p1|Hydreigon, L50, M|\n|poke|p1|Skeledirge, L50, M|\n|poke|p1|Clefable, L50, F|\n|poke|p2|Orthworm, L50, F|\n|poke|p2|Mienshao, L50, F|\n|poke|p2|Garchomp, L50, M|\n|poke|p2|Tauros-Paldea-Aqua, L50, M|\n|poke|p2|Wo-Chien, L50|\n|poke|p2|Ceruledge, L50, M|\n|teampreview|4\n|inactive|Battle timer is ON: inactive players will automatically lose when time's up. (requested by Teekin)\n|inactiveoff|Battle timer is now OFF.\nTeekin has agreed to open team sheets.\nPrismaAce has agreed to open team sheets.\n|showteam|p1|Uxie||Leftovers|Levitate|CalmMind,MysticalPower,Protect,DazzlingGleam||||||50|,,,,,Fairy]Wo-Chien||BigRoot|TabletsofRuin|LeechSeed,PollenPuff,KnockOff,Protect||||||50|,,,,,Fire]Tauros-Paldea-Aqua||SafetyGoggles|Intimidate|AquaJet,RagingBull,CloseCombat,Protect|||M|||50|,,,,,Water]Hydreigon||ChoiceSpecs|Levitate|DarkPulse,DracoMeteor,EarthPower,FlashCannon|||M|||50|,,,,,Steel]Skeledirge||ThroatSpray|Unaware|TorchSong,ShadowBall,Protect,SlackOff|||M|||50|,,,,,Fairy]Clefable||SitrusBerry|Unaware|HealPulse,FollowMe,Protect,Moonblast|||F|||50|,,,,,Grass\n|showteam|p2|Orthworm||SitrusBerry|EarthEater|Protect,ShedTail,IronDefense,BodyPress|||F|||50|,,,,,Fire]Mienshao||FocusSash|Regenerator|FakeOut,CloseCombat,Uturn,WideGuard|||F|||50|,,,,,Grass]Garchomp||LoadedDice|RoughSkin|Earthquake,ScaleShot,Protect,SwordsDance|||M|||50|,,,,,Water]Tauros-Paldea-Aqua||SafetyGoggles|Intimidate|RagingBull,CloseCombat,AquaJet,Protect|||M|||50|,,,,,Poison]Wo-Chien||MiracleSeed|TabletsofRuin|GigaDrain,LeechSeed,FoulPlay,Protect||||||50|,,,,,Fairy]Ceruledge||Leftovers|FlashFire|BitterBlade,Poltergeist,Protect,BulkUp|||M|||50|,,,,,Grass\n|j| angelicism\n|\n|t:|1700289959\n|start\n|switch|p1a: Steve|Skeledirge, L50, M|100\/100\n|switch|p1b: Aquafina|Tauros-Paldea-Aqua, L50, M|100\/100\n|switch|p2a: Floppy Hands|Mienshao, L50, F|100\/100\n|switch|p2b: Water Arcanine|Tauros-Paldea-Aqua, L50, M|100\/100\n|-ability|p1b: Aquafina|Intimidate|boost\n|-unboost|p2a: Floppy Hands|atk|1\n|-unboost|p2b: Water Arcanine|atk|1\n|-ability|p2b: Water Arcanine|Intimidate|boost\n|-unboost|p1a: Steve|atk|1\n|-unboost|p1b: Aquafina|atk|1\n|turn|1\n|\n|t:|1700289996\n|move|p1a: Steve|Protect|p1a: Steve\n|-singleturn|p1a: Steve|Protect\n|move|p2a: Floppy Hands|Fake Out|p1a: Steve\n|-activate|p1a: Steve|move: Protect\n|move|p1b: Aquafina|Close Combat|p2b: Water Arcanine\n|-damage|p2b: Water Arcanine|63\/100\n|-unboost|p1b: Aquafina|def|1\n|-unboost|p1b: Aquafina|spd|1\n|move|p2b: Water Arcanine|Raging Bull|p1a: Steve\n|-activate|p1a: Steve|move: Protect\n|\n|upkeep\n|turn|2\n|\n|t:|1700290018\n|switch|p1b: The Wo|Wo-Chien, L50|100\/100\n|-ability|p1b: The Wo|Tablets of Ruin\n|-terastallize|p1a: Steve|Fairy\n|move|p2a: Floppy Hands|U-turn|p1b: The Wo\n|-supereffective|p1b: The Wo\n|-damage|p1b: The Wo|65\/100\n|\n|t:|1700290026\n|switch|p2a: Great Teeth|Garchomp, L50, M|100\/100|[from] U-turn\n|move|p2b: Water Arcanine|Raging Bull|p1a: Steve\n|-damage|p1a: Steve|79\/100\n|move|p1a: Steve|Torch Song|p2a: Great Teeth\n|-resisted|p2a: Great Teeth\n|-damage|p2a: Great Teeth|81\/100\n|-boost|p1a: Steve|spa|1\n|-enditem|p1a: Steve|Throat Spray\n|-boost|p1a: Steve|spa|1|[from] item: Throat Spray\n|\n|upkeep\n|turn|3\n|\n|t:|1700290050\n|move|p2a: Great Teeth|Protect|p2a: Great Teeth\n|-singleturn|p2a: Great Teeth|Protect\n|move|p1a: Steve|Protect|p1a: Steve\n|-singleturn|p1a: Steve|Protect\n|move|p2b: Water Arcanine|Close Combat|p1b: The Wo\n|-supereffective|p1b: The Wo\n|-damage|p1b: The Wo|33\/100\n|-unboost|p2b: Water Arcanine|def|1\n|-unboost|p2b: Water Arcanine|spd|1\n|move|p1b: The Wo|Leech Seed|p2a: Great Teeth\n|-activate|p2a: Great Teeth|move: Protect\n|\n|upkeep\n|turn|4\n|\n|t:|1700290089\n|switch|p2b: Floppy Hands|Mienshao, L50, F|100\/100\n|switch|p1b: Aquafina|Tauros-Paldea-Aqua, L50, M|100\/100\n|-ability|p1b: Aquafina|Intimidate|boost\n|-unboost|p2a: Great Teeth|atk|1\n|-unboost|p2b: Floppy Hands|atk|1\n|move|p2a: Great Teeth|Swords Dance|p2a: Great Teeth\n|-boost|p2a: Great Teeth|atk|2\n|move|p1a: Steve|Shadow Ball|p2b: Floppy Hands\n|-enditem|p2b: Floppy Hands|Focus Sash\n|-damage|p2b: Floppy Hands|1\/100\n|\n|upkeep\n|turn|5\n|\n|t:|1700290114\n|move|p1a: Steve|Protect|p1a: Steve\n|-singleturn|p1a: Steve|Protect\n|move|p2b: Floppy Hands|Fake Out|p1a: Steve\n|-activate|p1a: Steve|move: Protect\n|move|p1b: Aquafina|Aqua Jet|p2b: Floppy Hands\n|-damage|p2b: Floppy Hands|0 fnt\n|faint|p2b: Floppy Hands\n|move|p2a: Great Teeth|Scale Shot|p1b: Aquafina\n|-damage|p1b: Aquafina|76\/100\n|-damage|p1b: Aquafina|52\/100\n|-damage|p1b: Aquafina|29\/100\n|-damage|p1b: Aquafina|6\/100\n|-damage|p1b: Aquafina|0 fnt\n|faint|p1b: Aquafina\n|-hitcount|p1: Aquafina|5\n|-unboost|p2a: Great Teeth|def|1\n|-boost|p2a: Great Teeth|spe|1\n|\n|upkeep\n|\n|t:|1700290133\n|switch|p2b: Live Reaction|Wo-Chien, L50|100\/100\n|switch|p1b: The Wo|Wo-Chien, L50|33\/100\n|-ability|p2b: Live Reaction|Tablets of Ruin\n|-ability|p1b: The Wo|Tablets of Ruin\n|turn|6\n|\n|t:|1700290151\n|-terastallize|p2b: Live Reaction|Fairy\n|move|p2a: Great Teeth|Scale Shot|p1b: The Wo\n|-damage|p1b: The Wo|22\/100\n|-damage|p1b: The Wo|9\/100\n|-damage|p1b: The Wo|0 fnt\n|faint|p1b: The Wo\n|-hitcount|p1: The Wo|3\n|-unboost|p2a: Great Teeth|def|1\n|-boost|p2a: Great Teeth|spe|1\n|move|p2b: Live Reaction|Leech Seed|p1a: Steve|[miss]\n|-miss|p2b: Live Reaction|p1a: Steve\n|move|p1a: Steve|Torch Song|p2b: Live Reaction\n|-crit|p2b: Live Reaction\n|-damage|p2b: Live Reaction|42\/100\n|-boost|p1a: Steve|spa|1\n|\n|upkeep\n|\n|t:|1700290156\n|switch|p1b: Noodle-Arms|Hydreigon, L50, M|100\/100\n|turn|7\n|\n|t:|1700290173\n|move|p2a: Great Teeth|Scale Shot|p1b: Noodle-Arms\n|-supereffective|p1b: Noodle-Arms\n|-damage|p1b: Noodle-Arms|60\/100\n|-supereffective|p1b: Noodle-Arms\n|-damage|p1b: Noodle-Arms|23\/100\n|-supereffective|p1b: Noodle-Arms\n|-damage|p1b: Noodle-Arms|0 fnt\n|faint|p1b: Noodle-Arms\n|-hitcount|p1: Noodle-Arms|3\n|-unboost|p2a: Great Teeth|def|1\n|-boost|p2a: Great Teeth|spe|1\n|move|p2b: Live Reaction|Leech Seed|p1a: Steve\n|-start|p1a: Steve|move: Leech Seed\n|move|p1a: Steve|Shadow Ball|p2a: Great Teeth\n|-damage|p2a: Great Teeth|0 fnt\n|faint|p2a: Great Teeth\n|\n|-damage|p1a: Steve|66\/100|[from] Leech Seed|[of] p2b: Live Reaction\n|-heal|p2b: Live Reaction|56\/100|[silent]\n|upkeep\n|\n|t:|1700290184\n|switch|p2a: Water Arcanine|Tauros-Paldea-Aqua, L50, M|63\/100\n|-ability|p2a: Water Arcanine|Intimidate|boost\n|-unboost|p1a: Steve|atk|1\n|turn|8\n|\n|t:|1700290197\n|move|p2a: Water Arcanine|Raging Bull|p1a: Steve\n|-damage|p1a: Steve|43\/100\n|move|p2b: Live Reaction|Giga Drain|p1a: Steve\n|-damage|p1a: Steve|16\/100\n|-heal|p2b: Live Reaction|71\/100|[from] drain|[of] p1a: Steve\n|move|p1a: Steve|Shadow Ball|p2a: Water Arcanine\n|-damage|p2a: Water Arcanine|0 fnt\n|faint|p2a: Water Arcanine\n|\n|-damage|p1a: Steve|4\/100|[from] Leech Seed|[of] p2b: Live Reaction\n|-heal|p2b: Live Reaction|85\/100|[silent]\n|upkeep\n|turn|9\n|\n|t:|1700290205\n|move|p2b: Live Reaction|Giga Drain|p1a: Steve\n|-damage|p1a: Steve|0 fnt\n|-heal|p2b: Live Reaction|87\/100|[from] drain|[of] p1a: Steve\n|faint|p1a: Steve\n|\n|win|PrismaAce\n|c|&|\/uhtml prompt-prismaace,PrismaAce is ready for game 3!\n|c|&|\/uhtml prompt-teekin,Teekin is ready for game 3!\nBoth players are ready! Starting next match!\n|l| angelicism\n|l|\u2606PrismaAce\n","uploadtime":1700290215,"views":8,"p1id":"teekin","p2id":"prismaace","formatid":"gen9vgc2023regulatione","rating":0,"private":0,"password":""}