{"id":"gen9vgc2023regulatione-1997937019","p1":"Venefici","p2":"Learning114","format":"[Gen 9] VGC 2023 Regulation E","log":"|j|\u2606Venefici\n|j|\u2606Learning114\n|t:|1700869553\n|gametype|doubles\n|player|p1|Venefici|hugh|1084\n|player|p2|Learning114|102|1067\n|teamsize|p1|6\n|teamsize|p2|6\n|gen|9\n|tier|[Gen 9] VGC 2023 Regulation E\n|rated|\n|rule|Species Clause: Limit one of each Pok\u00e9mon\n|rule|Item Clause: Limit one of each item\n|clearpoke\n|poke|p1|Volcarona, L50, M|\n|poke|p1|Sinistcha, L50|\n|poke|p1|Snorlax, L50, F|\n|poke|p1|Milotic, L50, F|\n|poke|p1|Indeedee-F, L50, F|\n|poke|p1|Iron Hands, L50|\n|poke|p2|Snorlax, L50, F|\n|poke|p2|Farigiraf, L50, M|\n|poke|p2|Hatterene, L50, F|\n|poke|p2|Kingambit, L50, F|\n|poke|p2|Iron Hands, L50|\n|poke|p2|Sinistcha-Masterpiece, L50|\n|teampreview|4\n|inactive|Battle timer is ON: inactive players will automatically lose when time's up. (requested by Venefici)\n|inactive|Venefici has 60 seconds left.\n|inactive|Learning114 has 60 seconds left.\n|\n|t:|1700869604\n|start\n|switch|p1a: Iron Hands|Iron Hands, L50|100\/100\n|switch|p1b: Sinistcha|Sinistcha, L50|100\/100\n|switch|p2a: Hatterene|Hatterene, L50, F|100\/100\n|switch|p2b: Farigiraf|Farigiraf, L50, M|100\/100\n|turn|1\n|inactive|Learning114 has 30 seconds left.\n|\n|t:|1700869632\n|-terastallize|p2a: Hatterene|Ghost\n|move|p1b: Sinistcha|Matcha Gotcha|p2b: Farigiraf|[spread] p2a,p2b\n|-damage|p2a: Hatterene|80\/100\n|-damage|p2b: Farigiraf|75\/100\n|-status|p2b: Farigiraf|brn\n|move|p2b: Farigiraf|Nasty Plot|p2b: Farigiraf\n|-boost|p2b: Farigiraf|spa|2\n|move|p1a: Iron Hands|Heavy Slam|p2a: Hatterene\n|-damage|p2a: Hatterene|29\/100\n|move|p2a: Hatterene|Trick Room|p2a: Hatterene\n|-fieldstart|move: Trick Room|[of] p2a: Hatterene\n|\n|-heal|p2a: Hatterene|35\/100|[from] item: Leftovers\n|-damage|p2b: Farigiraf|69\/100 brn|[from] brn\n|upkeep\n|turn|2\n|inactive|Venefici has 30 seconds left.\n|inactive|Learning114 has 30 seconds left.\n|inactive|Venefici has 20 seconds left.\n|\n|t:|1700869670\n|move|p2a: Hatterene|Life Dew|p2a: Hatterene|[spread] p2a,p2b\n|-heal|p2a: Hatterene|60\/100\n|-heal|p2b: Farigiraf|94\/100 brn\n|move|p1a: Iron Hands|Wild Charge|p2b: Farigiraf\n|-damage|p2b: Farigiraf|45\/100 brn\n|-damage|p1a: Iron Hands|89\/100|[from] Recoil\n|move|p2b: Farigiraf|Dazzling Gleam|p1b: Sinistcha|[spread] p1a,p1b\n|-supereffective|p1a: Iron Hands\n|-damage|p1a: Iron Hands|54\/100\n|-damage|p1b: Sinistcha|70\/100\n|move|p1b: Sinistcha|Matcha Gotcha|p2a: Hatterene|[spread] p2a,p2b\n|-damage|p2a: Hatterene|39\/100\n|-heal|p1b: Sinistcha|80\/100|[from] drain|[of] p2a: Hatterene\n|-damage|p2b: Farigiraf|19\/100 brn\n|-heal|p1b: Sinistcha|97\/100|[from] drain|[of] p2b: Farigiraf\n|-status|p2a: Hatterene|brn\n|\n|-heal|p2a: Hatterene|45\/100 brn|[from] item: Leftovers\n|-damage|p2a: Hatterene|39\/100 brn|[from] brn\n|-damage|p2b: Farigiraf|12\/100 brn|[from] brn\n|upkeep\n|turn|3\n|inactive|Venefici has 30 seconds left.\n|inactive|Learning114 has 30 seconds left.\n|\n|t:|1700869701\n|-terastallize|p1a: Iron Hands|Fairy\n|move|p2a: Hatterene|Life Dew|p2a: Hatterene|[spread] p2a,p2b\n|-heal|p2a: Hatterene|64\/100 brn\n|-heal|p2b: Farigiraf|38\/100 brn\n|move|p1a: Iron Hands|Heavy Slam|p2a: Hatterene\n|-damage|p2a: Hatterene|7\/100 brn\n|move|p2b: Farigiraf|Dazzling Gleam|p1a: Iron Hands|[spread] p1a,p1b\n|-damage|p1a: Iron Hands|36\/100\n|-damage|p1b: Sinistcha|68\/100\n|move|p1b: Sinistcha|Life Dew|p1b: Sinistcha|[spread] p1a,p1b\n|-heal|p1a: Iron Hands|62\/100\n|-heal|p1b: Sinistcha|94\/100\n|\n|-heal|p2a: Hatterene|13\/100 brn|[from] item: Leftovers\n|-damage|p2a: Hatterene|7\/100 brn|[from] brn\n|-damage|p2b: Farigiraf|31\/100 brn|[from] brn\n|upkeep\n|turn|4\n|inactive|Learning114 has 30 seconds left.\n|\n|t:|1700869731\n|move|p2a: Hatterene|Life Dew|p2a: Hatterene|[spread] p2a,p2b\n|-heal|p2a: Hatterene|32\/100 brn\n|-heal|p2b: Farigiraf|56\/100 brn\n|move|p1a: Iron Hands|Drain Punch|p2b: Farigiraf\n|-damage|p2b: Farigiraf|19\/100 brn\n|-heal|p1a: Iron Hands|80\/100|[from] drain|[of] p2b: Farigiraf\n|move|p2b: Farigiraf|Thunderbolt|p1a: Iron Hands\n|-damage|p1a: Iron Hands|53\/100\n|move|p1b: Sinistcha|Matcha Gotcha|p2a: Hatterene|[spread] p2a,p2b\n|-damage|p2a: Hatterene|10\/100 brn\n|-heal|p1b: Sinistcha|100\/100|[from] drain|[of] p2a: Hatterene\n|-damage|p2b: Farigiraf|0 fnt\n|faint|p2b: Farigiraf\n|\n|-heal|p2a: Hatterene|16\/100 brn|[from] item: Leftovers\n|-damage|p2a: Hatterene|10\/100 brn|[from] brn\n|upkeep\n|\n|t:|1700869755\n|switch|p2b: Iron Hands|Iron Hands, L50|100\/100\n|-enditem|p2b: Iron Hands|Booster Energy\n|-activate|p2b: Iron Hands|ability: Quark Drive|[fromitem]\n|-start|p2b: Iron Hands|quarkdriveatk\n|turn|5\n|\n|t:|1700869779\n|switch|p2a: Sinistcha|Sinistcha-Masterpiece, L50|100\/100\n|-end|p1a: Iron Hands|Quark Drive|[silent]\n|switch|p1a: Volcarona|Volcarona, L50, M|100\/100\n|move|p2b: Iron Hands|Fire Punch|p1b: Sinistcha\n|-supereffective|p1b: Sinistcha\n|-damage|p1b: Sinistcha|24\/100\n|-enditem|p1b: Sinistcha|Wiki Berry|[eat]\n|-heal|p1b: Sinistcha|57\/100|[from] item: Wiki Berry\n|move|p1b: Sinistcha|Matcha Gotcha|p2b: Iron Hands|[spread] p2a,p2b\n|-resisted|p2a: Sinistcha\n|-damage|p2a: Sinistcha|84\/100\n|-heal|p1b: Sinistcha|66\/100|[from] drain|[of] p2a: Sinistcha\n|-damage|p2b: Iron Hands|75\/100\n|-heal|p1b: Sinistcha|84\/100|[from] drain|[of] p2b: Iron Hands\n|\n|-fieldend|move: Trick Room\n|upkeep\n|turn|6\n|inactive|Venefici has 30 seconds left.\n|inactive|Learning114 has 30 seconds left.\n|\n|t:|1700869810\n|switch|p1b: Milotic|Milotic, L50, F|100\/100\n|move|p1a: Volcarona|Fiery Dance|p2a: Sinistcha\n|-supereffective|p2a: Sinistcha\n|-damage|p2a: Sinistcha|0 fnt\n|faint|p2a: Sinistcha\n|move|p2b: Iron Hands|Fire Punch|p1b: Milotic\n|-resisted|p1b: Milotic\n|-damage|p1b: Milotic|79\/100\n|\n|upkeep\n|\n|t:|1700869822\n|switch|p2a: Hatterene|Hatterene, L50, F, tera:Ghost|10\/100 brn\n|turn|7\n|\n|t:|1700869835\n|move|p1a: Volcarona|Fiery Dance|p2a: Hatterene\n|-damage|p2a: Hatterene|0 fnt\n|-boost|p1a: Volcarona|spa|1\n|faint|p2a: Hatterene\n|move|p1b: Milotic|Coil|p1b: Milotic\n|-boost|p1b: Milotic|atk|1\n|-boost|p1b: Milotic|def|1\n|-boost|p1b: Milotic|accuracy|1\n|move|p2b: Iron Hands|Wild Charge|p1b: Milotic\n|-supereffective|p1b: Milotic\n|-damage|p1b: Milotic|0 fnt\n|faint|p1b: Milotic\n|-damage|p2b: Iron Hands|60\/100|[from] Recoil\n|\n|upkeep\n|\n|t:|1700869849\n|switch|p1b: Iron Hands|Iron Hands, L50, tera:Fairy|53\/100\n|turn|8\n|\n|t:|1700869855\n|move|p1b: Iron Hands|Fake Out|p2b: Iron Hands\n|-crit|p2b: Iron Hands\n|-damage|p2b: Iron Hands|43\/100\n|move|p1a: Volcarona|Fiery Dance|p2b: Iron Hands\n|-damage|p2b: Iron Hands|0 fnt\n|faint|p2b: Iron Hands\n|-end|p2b: Iron Hands|Quark Drive|[silent]\n|\n|win|Venefici\n|raw|Venefici's rating: 1084 &rarr; <strong>1110<\/strong><br \/>(+26 for winning)\n|raw|Learning114's rating: 1067 &rarr; <strong>1048<\/strong><br \/>(-19 for losing)\n|l|\u2606Learning114\n","uploadtime":1700869864,"views":6,"p1id":"venefici","p2id":"learning114","formatid":"gen9vgc2023regulatione","rating":1048,"private":0,"password":""}