{"id":"gen9vgc2023regulatione-1995409804","p1":"cocomolaco","p2":"Refanner","format":"[Gen 9] VGC 2023 Regulation E","log":"|j|\u2606cocomolaco\n|j|\u2606Refanner\n|t:|1700567063\n|gametype|doubles\n|player|p1|cocomolaco|169|1489\n|player|p2|Refanner|265|1365\n|teamsize|p1|6\n|teamsize|p2|6\n|gen|9\n|tier|[Gen 9] VGC 2023 Regulation E\n|rated|\n|rule|Species Clause: Limit one of each Pok\u00e9mon\n|rule|Item Clause: Limit one of each item\n|clearpoke\n|poke|p1|Ninetales-Alola, L50, F|\n|poke|p1|Milotic, L50, M|\n|poke|p1|Sinistcha, L50|\n|poke|p1|Iron Hands, L50|\n|poke|p1|Heatran, L50, M|\n|poke|p1|Landorus-Therian, L50, M|\n|poke|p2|Glimmora, L50, M|\n|poke|p2|Urshifu-*, L50, M|\n|poke|p2|Tornadus, L50, M|\n|poke|p2|Mamoswine, L50, M|\n|poke|p2|Indeedee-F, L50, F|\n|poke|p2|Regieleki, L50|\n|teampreview|4\n|inactive|Battle timer is ON: inactive players will automatically lose when time's up. (requested by cocomolaco)\n|\n|t:|1700567124\n|start\n|switch|p1a: Heatran|Heatran, L50, M|100\/100\n|switch|p1b: Landorus|Landorus-Therian, L50, M|100\/100\n|switch|p2a: Glimmora|Glimmora, L50, M|100\/100\n|switch|p2b: Urshifu|Urshifu, L50, M|100\/100\n|-ability|p1b: Landorus|Intimidate|boost\n|-unboost|p2a: Glimmora|atk|1\n|-unboost|p2b: Urshifu|atk|1\n|turn|1\n|inactive|cocomolaco has 30 seconds left.\n|inactive|Refanner has 30 seconds left.\n|inactive|Refanner has 20 seconds left.\n|\n|t:|1700567162\n|switch|p1a: Iron Hands|Iron Hands, L50|100\/100\n|move|p2a: Glimmora|Spiky Shield|p2a: Glimmora\n|-singleturn|p2a: Glimmora|move: Protect\n|move|p1b: Landorus|U-turn|p2b: Urshifu\n|-damage|p2b: Urshifu|73\/100\n|\n|t:|1700567171\n|switch|p1b: Ninetales|Ninetales-Alola, L50, F|100\/100|[from] U-turn\n|-weather|Snow|[from] ability: Snow Warning|[of] p1b: Ninetales\n|move|p2b: Urshifu|Substitute|p2b: Urshifu\n|-start|p2b: Urshifu|Substitute\n|-damage|p2b: Urshifu|48\/100\n|\n|-weather|Snow|[upkeep]\n|upkeep\n|turn|2\n|inactive|cocomolaco has 30 seconds left.\n|inactive|Refanner has 30 seconds left.\n|inactive|Refanner has 20 seconds left.\n|inactive|Refanner has 15 seconds left.\n|inactive|Refanner has 10 seconds left.\n|inactive|cocomolaco has 20 seconds left.\n|\n|t:|1700567221\n|switch|p2a: Indeedee|Indeedee-F, L50, F|100\/100\n|-fieldstart|move: Psychic Terrain|[from] ability: Psychic Surge|[of] p2a: Indeedee\n|-enditem|p2a: Indeedee|Psychic Seed\n|-boost|p2a: Indeedee|spd|1|[from] item: Psychic Seed\n|move|p1b: Ninetales|Aurora Veil|p1b: Ninetales\n|-sidestart|p1: cocomolaco|move: Aurora Veil\n|move|p2b: Urshifu|Close Combat|p1b: Ninetales\n|-damage|p1b: Ninetales|77\/100\n|-unboost|p2b: Urshifu|def|1\n|-unboost|p2b: Urshifu|spd|1\n|move|p1a: Iron Hands|Drain Punch|p2b: Urshifu\n|-supereffective|p2b: Urshifu\n|-end|p2b: Urshifu|Substitute\n|\n|-weather|Snow|[upkeep]\n|upkeep\n|turn|3\n|inactive|cocomolaco has 30 seconds left.\n|inactive|Refanner has 30 seconds left.\n|inactive|Refanner has 20 seconds left.\n|inactive|Refanner has 15 seconds left.\n|inactive|Refanner has 10 seconds left.\n|inactive|Refanner has 5 seconds left.\n|\n|t:|1700567276\n|-end|p1a: Iron Hands|Quark Drive|[silent]\n|switch|p1a: Heatran|Heatran, L50, M|100\/100\n|move|p2a: Indeedee|Follow Me|p2a: Indeedee\n|-singleturn|p2a: Indeedee|move: Follow Me\n|move|p1b: Ninetales|Moonblast|p2a: Indeedee\n|-damage|p2a: Indeedee|85\/100\n|-unboost|p2a: Indeedee|spa|1\n|move|p2b: Urshifu|Wicked Blow|p1b: Ninetales\n|-resisted|p1b: Ninetales\n|-crit|p1b: Ninetales\n|-damage|p1b: Ninetales|47\/100\n|\n|-weather|Snow|[upkeep]\n|upkeep\n|turn|4\n|inactive|Refanner has 30 seconds left.\n|\n|t:|1700567309\n|switch|p2b: Glimmora|Glimmora, L50, M|100\/100\n|-terastallize|p1a: Heatran|Grass\n|move|p1b: Ninetales|Helping Hand|p1a: Heatran\n|-singleturn|p1a: Heatran|Helping Hand|[of] p1b: Ninetales\n|move|p1a: Heatran|Heat Wave|p2a: Indeedee|[spread] p2a,p2b\n|-resisted|p2b: Glimmora\n|-damage|p2a: Indeedee|28\/100\n|-damage|p2b: Glimmora|36\/100\n|move|p2a: Indeedee|Psychic|p1b: Ninetales\n|-damage|p1b: Ninetales|29\/100\n|\n|-weather|Snow|[upkeep]\n|upkeep\n|turn|5\n|inactive|Refanner has 30 seconds left.\n|\n|t:|1700567343\n|move|p1b: Ninetales|Helping Hand|p1a: Heatran\n|-singleturn|p1a: Heatran|Helping Hand|[of] p1b: Ninetales\n|move|p2b: Glimmora|Sludge Bomb|p1b: Ninetales\n|-supereffective|p1b: Ninetales\n|-damage|p1b: Ninetales|0 fnt\n|faint|p1b: Ninetales\n|move|p1a: Heatran|Heat Wave|p2a: Indeedee|[spread] p2a,p2b\n|-resisted|p2b: Glimmora\n|-damage|p2a: Indeedee|0 fnt\n|-damage|p2b: Glimmora|0 fnt\n|faint|p2a: Indeedee\n|faint|p2b: Glimmora\n|\n|-weather|none\n|upkeep\n|\n|t:|1700567355\n|switch|p1b: Iron Hands|Iron Hands, L50|100\/100\n|switch|p2b: Urshifu|Urshifu, L50, M|48\/100\n|switch|p2a: Mamoswine|Mamoswine, L50, M|100\/100\n|turn|6\n|\n|t:|1700567383\n|-terastallize|p2b: Urshifu|Poison\n|move|p2b: Urshifu|Wicked Blow|p1a: Heatran\n|-crit|p1a: Heatran\n|-damage|p1a: Heatran|45\/100\n|move|p2a: Mamoswine|Icicle Crash|p1a: Heatran\n|-supereffective|p1a: Heatran\n|-damage|p1a: Heatran|0 fnt\n|faint|p1a: Heatran\n|-damage|p2a: Mamoswine|91\/100|[from] item: Life Orb\n|move|p1b: Iron Hands|Drain Punch|p2b: Urshifu\n|-resisted|p2b: Urshifu\n|-damage|p2b: Urshifu|28\/100\n|\n|-fieldend|move: Psychic Terrain\n|upkeep\n|\n|t:|1700567395\n|switch|p1a: Landorus|Landorus-Therian, L50, M|100\/100\n|-ability|p1a: Landorus|Intimidate|boost\n|-fail|p2a: Mamoswine|unboost|Attack|[from] ability: Oblivious|[of] p2a: Mamoswine\n|-unboost|p2b: Urshifu|atk|1\n|turn|7\n|inactive|Refanner has 30 seconds left.\n|\n|t:|1700567429\n|move|p1a: Landorus|Stomping Tantrum|p2b: Urshifu\n|-supereffective|p2b: Urshifu\n|-damage|p2b: Urshifu|0 fnt\n|faint|p2b: Urshifu\n|move|p2a: Mamoswine|Icicle Crash|p1a: Landorus\n|-supereffective|p1a: Landorus\n|-damage|p1a: Landorus|0 fnt\n|faint|p1a: Landorus\n|-damage|p2a: Mamoswine|81\/100|[from] item: Life Orb\n|move|p1b: Iron Hands|Drain Punch|p2a: Mamoswine\n|-supereffective|p2a: Mamoswine\n|-damage|p2a: Mamoswine|8\/100\n|\n|upkeep\n|turn|8\n|\n|t:|1700567446\n|move|p2a: Mamoswine|Protect|p2a: Mamoswine\n|-singleturn|p2a: Mamoswine|Protect\n|move|p1b: Iron Hands|Drain Punch|p2a: Mamoswine\n|-activate|p2a: Mamoswine|move: Protect\n|\n|upkeep\n|turn|9\n|\n|t:|1700567470\n|move|p2a: Mamoswine|High Horsepower|p1b: Iron Hands\n|-supereffective|p1b: Iron Hands\n|-damage|p1b: Iron Hands|45\/100\n|-damage|p2a: Mamoswine|0 fnt|[from] item: Life Orb\n|faint|p2a: Mamoswine\n|\n|win|cocomolaco\n|raw|cocomolaco's rating: 1489 &rarr; <strong>1502<\/strong><br \/>(+13 for winning)\n|raw|Refanner's rating: 1365 &rarr; <strong>1352<\/strong><br \/>(-13 for losing)\n","uploadtime":1700567477,"views":4,"p1id":"cocomolaco","p2id":"refanner","formatid":"gen9vgc2023regulatione","rating":1352,"private":0,"password":""}