{"id":"gen9vgc2023regulatione-1992968950","p1":"verylonelysole","p2":"SandleSniffer","format":"[Gen 9] VGC 2023 Regulation E","log":"|j|\u2606verylonelysole\n|j|\u2606SandleSniffer\n|t:|1700251273\n|gametype|doubles\n|player|p1|verylonelysole|bruno|1117\n|player|p2|SandleSniffer|hilbert-wonderlauncher|1190\n|teamsize|p1|6\n|teamsize|p2|6\n|gen|9\n|tier|[Gen 9] VGC 2023 Regulation E\n|rated|\n|rule|Species Clause: Limit one of each Pok\u00e9mon\n|rule|Item Clause: Limit one of each item\n|clearpoke\n|poke|p1|Iron Hands, L50|\n|poke|p1|Sinistcha-Masterpiece, L50|\n|poke|p1|Landorus-Therian, L50, M|\n|poke|p1|Chien-Pao, L50|\n|poke|p1|Iron Moth, L50|\n|poke|p1|Flutter Mane, L50|\n|poke|p2|Chien-Pao, L50|\n|poke|p2|Dragapult, L50, M|\n|poke|p2|Rillaboom, L50, M|\n|poke|p2|Regieleki, L50|\n|poke|p2|Urshifu-*, L50, F|\n|poke|p2|Iron Hands, L50|\n|teampreview|4\n|\n|t:|1700251319\n|start\n|switch|p1a: Flutter Mane|Flutter Mane, L50|100\/100\n|switch|p1b: Landorus|Landorus-Therian, L50, M, shiny|100\/100\n|switch|p2a: Chien-Pao|Chien-Pao, L50|100\/100\n|switch|p2b: Regieleki|Regieleki, L50|100\/100\n|-ability|p1b: Landorus|Intimidate|boost\n|-unboost|p2a: Chien-Pao|atk|1\n|-unboost|p2b: Regieleki|atk|1\n|-ability|p2a: Chien-Pao|Sword of Ruin\n|-enditem|p1a: Flutter Mane|Booster Energy\n|-activate|p1a: Flutter Mane|ability: Protosynthesis|[fromitem]\n|-start|p1a: Flutter Mane|protosynthesisspe\n|turn|1\n|inactive|Battle timer is ON: inactive players will automatically lose when time's up. (requested by SandleSniffer)\n|inactive|verylonelysole has 60 seconds left.\n|\n|t:|1700251369\n|move|p2a: Chien-Pao|Protect|p2a: Chien-Pao\n|-singleturn|p2a: Chien-Pao|Protect\n|move|p1a: Flutter Mane|Icy Wind|p2a: Chien-Pao|[spread] p2b\n|-activate|p2a: Chien-Pao|move: Protect\n|-damage|p2b: Regieleki|70\/100\n|move|p2b: Regieleki|Electroweb|p1a: Flutter Mane|[spread] p1a\n|-immune|p1b: Landorus\n|-damage|p1a: Flutter Mane|75\/100\n|-unboost|p1a: Flutter Mane|spe|1\n|move|p1b: Landorus|U-turn|p2a: Chien-Pao\n|-activate|p2a: Chien-Pao|move: Protect\n|\n|upkeep\n|turn|2\n|inactive|SandleSniffer has 30 seconds left.\n|\n|t:|1700251402\n|move|p2b: Regieleki|Volt Switch|p1a: Flutter Mane\n|-damage|p1a: Flutter Mane|35\/100\n|\n|t:|1700251415\n|switch|p2b: Iron Hands|Iron Hands, L50|100\/100|[from] Volt Switch\n|move|p1b: Landorus|U-turn|p2a: Chien-Pao\n|-supereffective|p2a: Chien-Pao\n|-damage|p2a: Chien-Pao|22\/100\n|\n|t:|1700251424\n|switch|p1b: Iron Hands|Iron Hands, L50|100\/100|[from] U-turn\n|move|p2a: Chien-Pao|Ice Spinner|p1b: Iron Hands\n|-damage|p1b: Iron Hands|74\/100\n|move|p1a: Flutter Mane|Icy Wind|p2b: Iron Hands|[spread] p2a,p2b\n|-resisted|p2a: Chien-Pao\n|-crit|p2b: Iron Hands\n|-damage|p2a: Chien-Pao|11\/100\n|-damage|p2b: Iron Hands|87\/100\n|-unboost|p2a: Chien-Pao|spe|1\n|-unboost|p2b: Iron Hands|spe|1\n|\n|upkeep\n|turn|3\n|inactive|verylonelysole has 30 seconds left.\n|\n|t:|1700251449\n|move|p1a: Flutter Mane|Protect|p1a: Flutter Mane\n|-singleturn|p1a: Flutter Mane|Protect\n|move|p1b: Iron Hands|Detect|p1b: Iron Hands\n|-singleturn|p1b: Iron Hands|Protect\n|move|p2b: Iron Hands|Fake Out|p1b: Iron Hands\n|-activate|p1b: Iron Hands|move: Protect\n|move|p2a: Chien-Pao|Sucker Punch||[still]\n|-fail|p2a: Chien-Pao\n|\n|upkeep\n|turn|4\n|\n|t:|1700251472\n|move|p1a: Flutter Mane|Protect||[still]\n|-fail|p1a: Flutter Mane\n|move|p2a: Chien-Pao|Sucker Punch||[still]\n|-fail|p2a: Chien-Pao\n|move|p1b: Iron Hands|Drain Punch|p2a: Chien-Pao\n|-supereffective|p2a: Chien-Pao\n|-damage|p2a: Chien-Pao|0 fnt\n|-heal|p1b: Iron Hands|78\/100|[from] drain|[of] p2a: Chien-Pao\n|faint|p2a: Chien-Pao\n|move|p2b: Iron Hands|Heavy Slam|p1a: Flutter Mane\n|-supereffective|p1a: Flutter Mane\n|-damage|p1a: Flutter Mane|0 fnt\n|faint|p1a: Flutter Mane\n|-end|p1a: Flutter Mane|Protosynthesis|[silent]\n|\n|upkeep\n|inactive|SandleSniffer has 30 seconds left.\n|inactive|SandleSniffer has 20 seconds left.\n|\n|t:|1700251507\n|switch|p2a: Urshifu|Urshifu-Rapid-Strike, L50, F|100\/100\n|switch|p1a: Landorus|Landorus-Therian, L50, M, shiny|100\/100\n|-ability|p1a: Landorus|Intimidate|boost\n|-unboost|p2a: Urshifu|atk|1\n|-unboost|p2b: Iron Hands|atk|1\n|turn|5\n|\n|t:|1700251528\n|switch|p1a: Sinistcha|Sinistcha-Masterpiece, L50|100\/100\n|-heal|p1b: Iron Hands|100\/100|[from] ability: Hospitality|[of] p1a: Sinistcha\n|-terastallize|p2a: Urshifu|Water\n|move|p2a: Urshifu|Aqua Jet|p1a: Sinistcha\n|-resisted|p1a: Sinistcha\n|-damage|p1a: Sinistcha|91\/100\n|-damage|p2a: Urshifu|84\/100|[from] item: Rocky Helmet|[of] p1a: Sinistcha\n|-damage|p2a: Urshifu|74\/100|[from] item: Life Orb\n|move|p1b: Iron Hands|Thunder Punch|p2a: Urshifu\n|-supereffective|p2a: Urshifu\n|-damage|p2a: Urshifu|1\/100\n|move|p2b: Iron Hands|Heavy Slam|p1a: Sinistcha\n|-crit|p1a: Sinistcha\n|-damage|p1a: Sinistcha|32\/100\n|-damage|p2b: Iron Hands|70\/100|[from] item: Rocky Helmet|[of] p1a: Sinistcha\n|\n|upkeep\n|turn|6\n|inactive|verylonelysole has 30 seconds left.\n|inactive|SandleSniffer has 30 seconds left.\n|\n|t:|1700251559\n|move|p2a: Urshifu|Protect|p2a: Urshifu\n|-singleturn|p2a: Urshifu|Protect\n|move|p1a: Sinistcha|Strength Sap|p2b: Iron Hands\n|-unboost|p2b: Iron Hands|atk|1\n|-heal|p1a: Sinistcha|100\/100\n|move|p1b: Iron Hands|Thunder Punch|p2a: Urshifu\n|-activate|p2a: Urshifu|move: Protect\n|move|p2b: Iron Hands|Heavy Slam|p1a: Sinistcha\n|-damage|p1a: Sinistcha|81\/100\n|-damage|p2b: Iron Hands|54\/100|[from] item: Rocky Helmet|[of] p1a: Sinistcha\n|\n|upkeep\n|turn|7\n|inactive|SandleSniffer has 30 seconds left.\n|inactive|SandleSniffer has 20 seconds left.\n|\n|t:|1700251598\n|switch|p2a: Regieleki|Regieleki, L50|70\/100\n|move|p1a: Sinistcha|Strength Sap|p2b: Iron Hands\n|-unboost|p2b: Iron Hands|atk|1\n|-heal|p1a: Sinistcha|100\/100\n|move|p1b: Iron Hands|Thunder Punch|p2a: Regieleki\n|-resisted|p2a: Regieleki\n|-damage|p2a: Regieleki|35\/100\n|move|p2b: Iron Hands|Heavy Slam|p1a: Sinistcha\n|-damage|p1a: Sinistcha|83\/100\n|-damage|p2b: Iron Hands|37\/100|[from] item: Rocky Helmet|[of] p1a: Sinistcha\n|\n|upkeep\n|turn|8\n|-message|SandleSniffer forfeited.\n|\n|win|verylonelysole\n|raw|verylonelysole's rating: 1117 &rarr; <strong>1147<\/strong><br \/>(+30 for winning)\n|raw|SandleSniffer's rating: 1190 &rarr; <strong>1160<\/strong><br \/>(-30 for losing)\n|l|\u2606SandleSniffer\n","uploadtime":1700251616,"views":9,"p1id":"verylonelysole","p2id":"sandlesniffer","formatid":"gen9vgc2023regulatione","rating":1147,"private":0,"password":""}