{"id":"gen9vgc2023regulatione-1996515174","p1":"Kzkzrjzrhzk","p2":"biffpipp","format":"[Gen 9] VGC 2023 Regulation E","log":"|j|\u2606Kzkzrjzrhzk\n|j|\u2606biffpipp\n|t:|1700689574\n|gametype|doubles\n|player|p1|Kzkzrjzrhzk|lance|1050\n|player|p2|biffpipp|101|1132\n|teamsize|p1|6\n|teamsize|p2|6\n|gen|9\n|tier|[Gen 9] VGC 2023 Regulation E\n|rated|\n|rule|Species Clause: Limit one of each Pok\u00e9mon\n|rule|Item Clause: Limit one of each item\n|clearpoke\n|poke|p1|Flutter Mane, L50|\n|poke|p1|Tornadus, L50, M|\n|poke|p1|Rillaboom, L50, M|\n|poke|p1|Garganacl, L50, M|\n|poke|p1|Arcanine-Hisui, L50, F|\n|poke|p1|Chien-Pao, L50|\n|poke|p2|Baxcalibur, L50, F|\n|poke|p2|Tornadus, L50, M|\n|poke|p2|Ninetales-Alola, L50, M|\n|poke|p2|Landorus-Therian, L50, M|\n|poke|p2|Rillaboom, L50, M|\n|poke|p2|Ogerpon-Wellspring, L50, F|\n|teampreview|4\nbiffpipp has agreed to open team sheets.\nKzkzrjzrhzk has agreed to open team sheets.\n|inactive|Battle timer is ON: inactive players will automatically lose when time's up. (requested by Kzkzrjzrhzk)\n|\n|t:|1700689610\n|start\n|switch|p1a: Tornadus|Tornadus, L50, M|100\/100\n|switch|p1b: Garganacl|Garganacl, L50, M|100\/100\n|switch|p2a: Tornadus|Tornadus, L50, M|100\/100\n|switch|p2b: Baxcalibur|Baxcalibur, L50, F, shiny|100\/100\n|turn|1\n|\n|t:|1700689626\n|switch|p1a: Arcanine|Arcanine-Hisui, L50, F|100\/100\n|-ability|p1a: Arcanine|Intimidate|boost\n|-unboost|p2a: Tornadus|atk|1\n|-unboost|p2b: Baxcalibur|atk|1\n|move|p2a: Tornadus|Taunt|p1b: Garganacl\n|-start|p1b: Garganacl|move: Taunt\n|move|p2b: Baxcalibur|Icicle Spear|p1a: Arcanine\n|-resisted|p1a: Arcanine\n|-damage|p1a: Arcanine|94\/100\n|-resisted|p1a: Arcanine\n|-damage|p1a: Arcanine|88\/100\n|-resisted|p1a: Arcanine\n|-damage|p1a: Arcanine|82\/100\n|-resisted|p1a: Arcanine\n|-damage|p1a: Arcanine|75\/100\n|-hitcount|p1a: Arcanine|4\n|move|p1b: Garganacl|Salt Cure|p2b: Baxcalibur\n|-supereffective|p2b: Baxcalibur\n|-damage|p2b: Baxcalibur|75\/100\n|-start|p2b: Baxcalibur|Salt Cure\n|\n|-damage|p2b: Baxcalibur|63\/100|[from] Salt Cure\n|upkeep\n|turn|2\n|\n|t:|1700689640\n|move|p2b: Baxcalibur|Protect|p2b: Baxcalibur\n|-singleturn|p2b: Baxcalibur|Protect\n|move|p2a: Tornadus|Tailwind|p2a: Tornadus\n|-sidestart|p2: biffpipp|move: Tailwind\n|move|p1a: Arcanine|Rock Slide|p2a: Tornadus|[spread] p2a\n|-activate|p2b: Baxcalibur|move: Protect\n|-supereffective|p2a: Tornadus\n|-damage|p2a: Tornadus|0 fnt\n|faint|p2a: Tornadus\n|move|p1b: Garganacl|Salt Cure|p2b: Baxcalibur\n|-activate|p2b: Baxcalibur|move: Protect\n|\n|-damage|p2b: Baxcalibur|51\/100|[from] Salt Cure\n|upkeep\n|\n|t:|1700689646\n|switch|p2a: Ogerpon|Ogerpon-Wellspring, L50, F|100\/100\n|turn|3\n|\n|t:|1700689653\n|switch|p2b: Landorus|Landorus-Therian, L50, M|100\/100\n|-ability|p2b: Landorus|Intimidate|boost\n|-unboost|p1a: Arcanine|atk|1\n|-unboost|p1b: Garganacl|atk|1\n|switch|p1a: Rillaboom|Rillaboom, L50, M|100\/100\n|-fieldstart|move: Grassy Terrain|[from] ability: Grassy Surge|[of] p1a: Rillaboom\n|-terastallize|p1b: Garganacl|Ghost\n|move|p2a: Ogerpon|Ivy Cudgel|p1a: Rillaboom|[anim] Ivy Cudgel Water\n|-resisted|p1a: Rillaboom\n|-damage|p1a: Rillaboom|74\/100\n|move|p1b: Garganacl|Salt Cure|p2a: Ogerpon\n|-damage|p2a: Ogerpon|90\/100\n|-start|p2a: Ogerpon|Salt Cure\n|\n|-heal|p2a: Ogerpon|96\/100|[from] Grassy Terrain\n|-heal|p1a: Rillaboom|80\/100|[from] Grassy Terrain\n|-damage|p2a: Ogerpon|72\/100|[from] Salt Cure\n|-end|p1b: Garganacl|move: Taunt\n|upkeep\n|turn|4\n|\n|t:|1700689669\n|switch|p1a: Tornadus|Tornadus, L50, M|100\/100\n|move|p1b: Garganacl|Protect|p1b: Garganacl\n|-singleturn|p1b: Garganacl|Protect\n|move|p2b: Landorus|U-turn|p1a: Tornadus\n|-resisted|p1a: Tornadus\n|-damage|p1a: Tornadus|84\/100\n|-damage|p2b: Landorus|84\/100|[from] item: Rocky Helmet|[of] p1a: Tornadus\n|\n|t:|1700689674\n|switch|p2b: Baxcalibur|Baxcalibur, L50, F, shiny|51\/100|[from] U-turn\n|move|p2a: Ogerpon|Horn Leech|p1b: Garganacl\n|-activate|p1b: Garganacl|move: Protect\n|\n|-heal|p2a: Ogerpon|78\/100|[from] Grassy Terrain\n|-heal|p2b: Baxcalibur|57\/100|[from] Grassy Terrain\n|-damage|p2a: Ogerpon|53\/100|[from] Salt Cure\n|upkeep\n|turn|5\n|\n|t:|1700689687\n|move|p1a: Tornadus|Sunny Day|p1a: Tornadus\n|-weather|SunnyDay\n|move|p2a: Ogerpon|Ivy Cudgel|p1a: Tornadus|[anim] Ivy Cudgel Water\n|-damage|p1a: Tornadus|48\/100\n|move|p2b: Baxcalibur|Icicle Spear|p1b: Garganacl\n|-damage|p1b: Garganacl|89\/100\n|-damage|p1b: Garganacl|79\/100\n|-damage|p1b: Garganacl|69\/100\n|-damage|p1b: Garganacl|58\/100\n|-damage|p1b: Garganacl|46\/100\n|-enditem|p1b: Garganacl|Sitrus Berry|[eat]\n|-heal|p1b: Garganacl|71\/100|[from] item: Sitrus Berry\n|-hitcount|p1b: Garganacl|5\n|move|p1b: Garganacl|Salt Cure|p2b: Baxcalibur\n|-supereffective|p2b: Baxcalibur\n|-damage|p2b: Baxcalibur|39\/100\n|-start|p2b: Baxcalibur|Salt Cure\n|\n|-weather|SunnyDay|[upkeep]\n|-heal|p2a: Ogerpon|59\/100|[from] Grassy Terrain\n|-heal|p2b: Baxcalibur|45\/100|[from] Grassy Terrain\n|-heal|p1b: Garganacl|77\/100|[from] Grassy Terrain\n|-damage|p2a: Ogerpon|34\/100|[from] Salt Cure\n|-damage|p2b: Baxcalibur|32\/100|[from] Salt Cure\n|-sideend|p2: biffpipp|move: Tailwind\n|upkeep\n|turn|6\n|inactive|biffpipp has 30 seconds left.\n|\n|t:|1700689717\n|move|p1a: Tornadus|Tailwind|p1a: Tornadus\n|-sidestart|p1: Kzkzrjzrhzk|move: Tailwind\n|move|p2a: Ogerpon|Ivy Cudgel|p1a: Tornadus|[anim] Ivy Cudgel Water\n|-damage|p1a: Tornadus|13\/100\n|move|p2b: Baxcalibur|Scale Shot|p1a: Tornadus|[miss]\n|-miss|p2b: Baxcalibur|p1a: Tornadus\n|move|p1b: Garganacl|Iron Defense|p1b: Garganacl\n|-boost|p1b: Garganacl|def|2\n|\n|-weather|SunnyDay|[upkeep]\n|-heal|p2a: Ogerpon|40\/100|[from] Grassy Terrain\n|-heal|p1b: Garganacl|83\/100|[from] Grassy Terrain\n|-heal|p2b: Baxcalibur|39\/100|[from] Grassy Terrain\n|-damage|p2a: Ogerpon|15\/100|[from] Salt Cure\n|-damage|p2b: Baxcalibur|26\/100|[from] Salt Cure\n|upkeep\n|turn|7\n|\n|t:|1700689730\n|move|p1a: Tornadus|Bleakwind Storm|p2a: Ogerpon|[spread] p2a,p2b\n|-supereffective|p2a: Ogerpon\n|-damage|p2a: Ogerpon|0 fnt\n|-damage|p2b: Baxcalibur|0 fnt\n|faint|p2a: Ogerpon\n|faint|p2b: Baxcalibur\n|move|p1b: Garganacl|Recover|p1b: Garganacl\n|-heal|p1b: Garganacl|100\/100\n|\n|-weather|SunnyDay|[upkeep]\n|-fieldend|move: Grassy Terrain\n|upkeep\n|\n|t:|1700689734\n|switch|p2b: Landorus|Landorus-Therian, L50, M|84\/100\n|-ability|p2b: Landorus|Intimidate|boost\n|-unboost|p1a: Tornadus|atk|1\n|-unboost|p1b: Garganacl|atk|1\n|turn|8\n|-message|biffpipp forfeited.\n|\n|win|Kzkzrjzrhzk\n|raw|Kzkzrjzrhzk's rating: 1050 &rarr; <strong>1090<\/strong><br \/>(+40 for winning)\n|raw|biffpipp's rating: 1132 &rarr; <strong>1101<\/strong><br \/>(-31 for losing)\n|l|\u2606biffpipp\n","uploadtime":1700689745,"views":1,"p1id":"kzkzrjzrhzk","p2id":"biffpipp","formatid":"gen9vgc2023regulatione","rating":1090,"private":0,"password":""}