{"id":"gen9vgc2023regulatione-1997977473","p1":"Jadedragon61","p2":"FuzzThatWuzz","format":"[Gen 9] VGC 2023 Regulation E","log":"|j|\u2606Jadedragon61\n|j|\u2606FuzzThatWuzz\n|t:|1700874514\n|gametype|doubles\n|player|p1|Jadedragon61|colress|1487\n|player|p2|FuzzThatWuzz|cynthia-gen4|1582\n|teamsize|p1|6\n|teamsize|p2|6\n|gen|9\n|tier|[Gen 9] VGC 2023 Regulation E\n|rated|\n|rule|Species Clause: Limit one of each Pok\u00e9mon\n|rule|Item Clause: Limit one of each item\n|clearpoke\n|poke|p1|Tyranitar, L50, M|\n|poke|p1|Rillaboom, L50, M|\n|poke|p1|Kommo-o, L50, F|\n|poke|p1|Iron Bundle, L50|\n|poke|p1|Flutter Mane, L50|\n|poke|p1|Landorus-Therian, L50, M|\n|poke|p2|Weezing, L50, M|\n|poke|p2|Landorus-Therian, L50, M|\n|poke|p2|Roaring Moon, L50|\n|poke|p2|Rillaboom, L50, F|\n|poke|p2|Heatran, L50, M|\n|poke|p2|Palafin, L50, M|\n|teampreview|4\n|\n|t:|1700874542\n|start\n|switch|p1a: Haitatsu!|Iron Bundle, L50, shiny|100\/100\n|switch|p1b: Creamed corn|Landorus-Therian, L50, M, shiny|100\/100\n|switch|p2a: Rillaboom|Rillaboom, L50, F|100\/100\n|switch|p2b: Weezing|Weezing, L50, M|100\/100\n|-ability|p2b: Weezing|Neutralizing Gas\n|-enditem|p1a: Haitatsu!|Booster Energy\n|-activate|p1a: Haitatsu!|ability: Quark Drive|[fromitem]\n|-start|p1a: Haitatsu!|quarkdrivespe\n|turn|1\n|inactive|Battle timer is ON: inactive players will automatically lose when time's up. (requested by Jadedragon61)\n|j| bigbrothermaster\n|l| bigbrothermaster\n|\n|t:|1700874567\n|move|p2a: Rillaboom|Fake Out|p1a: Haitatsu!\n|-damage|p1a: Haitatsu!|85\/100\n|cant|p1a: Haitatsu!|flinch\n|move|p1b: Creamed corn|U-turn|p2a: Rillaboom\n|-supereffective|p2a: Rillaboom\n|-damage|p2a: Rillaboom|43\/100\n|\n|t:|1700874575\n|switch|p1b: (Not) jade dragon|Kommo-o, L50, F, shiny|100\/100|[from] U-turn\n|move|p2b: Weezing|Will-O-Wisp|p1b: (Not) jade dragon\n|-status|p1b: (Not) jade dragon|brn\n|\n|-damage|p1b: (Not) jade dragon|94\/100 brn|[from] brn\n|upkeep\n|turn|2\n|inactive|FuzzThatWuzz has 30 seconds left.\n|\n|t:|1700874608\n|-end|p2b: Weezing|ability: Neutralizing Gas\n|-fieldstart|move: Grassy Terrain|[from] ability: Grassy Surge|[of] p2a: Rillaboom\n|switch|p2b: Heatran|Heatran, L50, M|100\/100\n|move|p2a: Rillaboom|Grassy Glide|p1a: Haitatsu!\n|-supereffective|p1a: Haitatsu!\n|-damage|p1a: Haitatsu!|0 fnt\n|faint|p1a: Haitatsu!\n|-end|p1a: Haitatsu!|Quark Drive|[silent]\n|move|p1b: (Not) jade dragon|Iron Defense|p1b: (Not) jade dragon\n|-boost|p1b: (Not) jade dragon|def|2\n|\n|-heal|p1b: (Not) jade dragon|100\/100 brn|[from] Grassy Terrain\n|-heal|p2a: Rillaboom|49\/100|[from] Grassy Terrain\n|-damage|p1b: (Not) jade dragon|94\/100 brn|[from] brn\n|upkeep\n|\n|t:|1700874617\n|switch|p1a: Creamed corn|Landorus-Therian, L50, M, shiny|100\/100\n|-ability|p1a: Creamed corn|Intimidate|boost\n|-unboost|p2a: Rillaboom|atk|1\n|-unboost|p2b: Heatran|atk|1\n|turn|3\n|\n|t:|1700874634\n|-terastallize|p1b: (Not) jade dragon|Steel\n|move|p2b: Heatran|Protect|p2b: Heatran\n|-singleturn|p2b: Heatran|Protect\n|move|p1a: Creamed corn|Stomping Tantrum|p2b: Heatran\n|-activate|p2b: Heatran|move: Protect\n|move|p1b: (Not) jade dragon|Iron Defense|p1b: (Not) jade dragon\n|-boost|p1b: (Not) jade dragon|def|2\n|move|p2a: Rillaboom|Wood Hammer|p1a: Creamed corn\n|-damage|p1a: Creamed corn|44\/100\n|-damage|p2a: Rillaboom|34\/100|[from] Recoil\n|\n|-heal|p1b: (Not) jade dragon|100\/100 brn|[from] Grassy Terrain\n|-heal|p2a: Rillaboom|40\/100|[from] Grassy Terrain\n|-damage|p1b: (Not) jade dragon|94\/100 brn|[from] brn\n|upkeep\n|turn|4\n|\n|t:|1700874653\n|-terastallize|p2b: Heatran|Fairy\n|move|p2a: Rillaboom|Grassy Glide|p1a: Creamed corn\n|-damage|p1a: Creamed corn|14\/100\n|move|p1a: Creamed corn|Stomping Tantrum|p2b: Heatran\n|-crit|p2b: Heatran\n|-damage|p2b: Heatran|42\/100\n|move|p1b: (Not) jade dragon|Iron Defense|p1b: (Not) jade dragon\n|-boost|p1b: (Not) jade dragon|def|2\n|move|p2b: Heatran|Heat Wave|p1b: (Not) jade dragon|[spread] p1b\n|-miss|p2b: Heatran|p1a: Creamed corn\n|-supereffective|p1b: (Not) jade dragon\n|-damage|p1b: (Not) jade dragon|0 fnt\n|faint|p1b: (Not) jade dragon\n|-damage|p2b: Heatran|33\/100|[from] item: Life Orb\n|\n|-heal|p2a: Rillaboom|46\/100|[from] Grassy Terrain\n|-heal|p2b: Heatran|39\/100|[from] Grassy Terrain\n|upkeep\n|\n|t:|1700874668\n|switch|p1b: Monke|Rillaboom, L50, M, shiny|100\/100\n|turn|5\n|\n|t:|1700874681\n|move|p2b: Heatran|Protect|p2b: Heatran\n|-singleturn|p2b: Heatran|Protect\n|move|p1b: Monke|Fake Out|p2a: Rillaboom\n|-damage|p2a: Rillaboom|33\/100\n|cant|p2a: Rillaboom|flinch\n|move|p1a: Creamed corn|Stomping Tantrum|p2b: Heatran\n|-activate|p2b: Heatran|move: Protect\n|\n|-heal|p2a: Rillaboom|39\/100|[from] Grassy Terrain\n|-heal|p2b: Heatran|45\/100|[from] Grassy Terrain\n|upkeep\n|turn|6\n|\n|t:|1700874697\n|move|p2a: Rillaboom|Grassy Glide|p1a: Creamed corn\n|-damage|p1a: Creamed corn|0 fnt\n|faint|p1a: Creamed corn\n|move|p1b: Monke|Wood Hammer|p2b: Heatran\n|-damage|p2b: Heatran|0 fnt\n|faint|p2b: Heatran\n|-damage|p1b: Monke|87\/100|[from] Recoil\n|\n|-heal|p2a: Rillaboom|45\/100|[from] Grassy Terrain\n|-heal|p1b: Monke|93\/100|[from] Grassy Terrain\n|-fieldend|move: Grassy Terrain\n|upkeep\n|\n|t:|1700874708\n|switch|p2b: Weezing|Weezing, L50, M|100\/100\n|-ability|p2b: Weezing|Neutralizing Gas\n|turn|7\n|-message|Jadedragon61 forfeited.\n|\n|win|FuzzThatWuzz\n|raw|Jadedragon61's rating: 1487 &rarr; <strong>1472<\/strong><br \/>(-15 for losing)\n|raw|FuzzThatWuzz's rating: 1582 &rarr; <strong>1597<\/strong><br \/>(+15 for winning)\n|l|\u2606Jadedragon61\n","uploadtime":1700874719,"views":4,"p1id":"jadedragon61","p2id":"fuzzthatwuzz","formatid":"gen9vgc2023regulatione","rating":1472,"private":0,"password":""}