{"id":"gen9vgc2023regulatione-1996120549","p1":"LotharJ","p2":"Oorko","format":"[Gen 9] VGC 2023 Regulation E","log":"|j|\u2606LotharJ\n|j|\u2606Oorko\n|t:|1700647259\n|gametype|doubles\n|player|p1|LotharJ|266|1388\n|player|p2|Oorko|dragontamer|1455\n|teamsize|p1|6\n|teamsize|p2|6\n|gen|9\n|tier|[Gen 9] VGC 2023 Regulation E\n|rated|\n|rule|Species Clause: Limit one of each Pok\u00e9mon\n|rule|Item Clause: Limit one of each item\n|clearpoke\n|poke|p1|Flutter Mane, L50|\n|poke|p1|Landorus-Therian, L50, M|\n|poke|p1|Heatran, L50, F|\n|poke|p1|Rillaboom, L50, F|\n|poke|p1|Gastrodon, L50, M|\n|poke|p1|Grimmsnarl, L50, M|\n|poke|p2|Landorus, L50, M|\n|poke|p2|Urshifu-*, L50, F|\n|poke|p2|Iron Bundle, L50|\n|poke|p2|Rillaboom, L50, M|\n|poke|p2|Farigiraf, L50, F|\n|poke|p2|Heatran, L50, M|\n|teampreview|4\n|\n|t:|1700647294\n|start\n|switch|p1a: Heatran|Heatran, L50, F, shiny|100\/100\n|switch|p1b: Grimmsnarl|Grimmsnarl, L50, M|100\/100\n|switch|p2a: Farigiraf|Farigiraf, L50, F|100\/100\n|switch|p2b: Iron Bundle|Iron Bundle, L50|100\/100\n|-enditem|p2b: Iron Bundle|Booster Energy\n|-activate|p2b: Iron Bundle|ability: Quark Drive|[fromitem]\n|-start|p2b: Iron Bundle|quarkdrivespe\n|turn|1\n|inactive|Battle timer is ON: inactive players will automatically lose when time's up. (requested by LotharJ)\n|\n|t:|1700647323\n|-end|p2b: Iron Bundle|Quark Drive|[silent]\n|switch|p2b: Urshifu|Urshifu, L50, F|100\/100\n|switch|p1a: Gastrodon|Gastrodon, L50, M, shiny|100\/100\n|move|p1b: Grimmsnarl|Light Screen|p1b: Grimmsnarl\n|-sidestart|p1: LotharJ|move: Light Screen\n|move|p2a: Farigiraf|Hyper Voice|p1b: Grimmsnarl|[spread] p1a,p1b\n|-damage|p1a: Gastrodon|80\/100\n|-damage|p1b: Grimmsnarl|78\/100\n|\n|upkeep\n|turn|2\n|\n|t:|1700647344\n|-terastallize|p2b: Urshifu|Dark\n|move|p2a: Farigiraf|Helping Hand|p2b: Urshifu\n|-singleturn|p2b: Urshifu|Helping Hand|[of] p2a: Farigiraf\n|move|p2b: Urshifu|Wicked Blow|p1a: Gastrodon\n|-crit|p1a: Gastrodon\n|-damage|p1a: Gastrodon|0 fnt\n|faint|p1a: Gastrodon\n|move|p1b: Grimmsnarl|Spirit Break|p2b: Urshifu\n|-supereffective|p2b: Urshifu\n|-damage|p2b: Urshifu|41\/100\n|-unboost|p2b: Urshifu|spa|1\n|\n|upkeep\n|\n|t:|1700647357\n|switch|p1a: Rillaboom|Rillaboom, L50, F, shiny|100\/100\n|-fieldstart|move: Grassy Terrain|[from] ability: Grassy Surge|[of] p1a: Rillaboom\n|turn|3\n|\n|t:|1700647373\n|move|p2a: Farigiraf|Helping Hand|p2b: Urshifu\n|-singleturn|p2b: Urshifu|Helping Hand|[of] p2a: Farigiraf\n|move|p2b: Urshifu|Wicked Blow|p1a: Rillaboom\n|-crit|p1a: Rillaboom\n|-damage|p1a: Rillaboom|6\/100\n|move|p1a: Rillaboom|Wood Hammer|p2b: Urshifu\n|-damage|p2b: Urshifu|0 fnt\n|faint|p2b: Urshifu\n|-damage|p1a: Rillaboom|0 fnt|[from] Recoil\n|faint|p1a: Rillaboom\n|move|p1b: Grimmsnarl|Spirit Break|p2a: Farigiraf\n|-damage|p2a: Farigiraf|68\/100\n|-unboost|p2a: Farigiraf|spa|1\n|\n|-heal|p2a: Farigiraf|74\/100|[from] Grassy Terrain\n|-heal|p1b: Grimmsnarl|84\/100|[from] Grassy Terrain\n|upkeep\n|\n|t:|1700647391\n|switch|p2b: Iron Bundle|Iron Bundle, L50|100\/100\n|switch|p1a: Heatran|Heatran, L50, F, shiny|100\/100\n|turn|4\n|\n|t:|1700647410\n|-terastallize|p1a: Heatran|Fairy\n|move|p2b: Iron Bundle|Protect|p2b: Iron Bundle\n|-singleturn|p2b: Iron Bundle|Protect\n|move|p1a: Heatran|Substitute|p1a: Heatran\n|-start|p1a: Heatran|Substitute\n|-damage|p1a: Heatran|75\/100\n|move|p1b: Grimmsnarl|Spirit Break|p2b: Iron Bundle\n|-activate|p2b: Iron Bundle|move: Protect\n|move|p2a: Farigiraf|Hyper Voice|p1b: Grimmsnarl|[spread] p1a,p1b\n|-damage|p1a: Heatran|64\/100\n|-damage|p1b: Grimmsnarl|69\/100\n|\n|-heal|p1a: Heatran|70\/100|[from] Grassy Terrain\n|-heal|p1a: Heatran|76\/100|[from] item: Leftovers\n|-heal|p2a: Farigiraf|80\/100|[from] Grassy Terrain\n|-heal|p1b: Grimmsnarl|75\/100|[from] Grassy Terrain\n|upkeep\n|turn|5\n|inactive|LotharJ has 30 seconds left.\n|\n|t:|1700647436\n|move|p2b: Iron Bundle|Encore|p1a: Heatran\n|-start|p1a: Heatran|Encore\n|move|p1a: Heatran|Substitute|p1a: Heatran\n|-fail|p1a: Heatran|move: Substitute\n|move|p1b: Grimmsnarl|Spirit Break|p2b: Iron Bundle\n|-crit|p2b: Iron Bundle\n|-damage|p2b: Iron Bundle|50\/100\n|-unboost|p2b: Iron Bundle|spa|1\n|move|p2a: Farigiraf|Hyper Voice|p1b: Grimmsnarl|[spread] p1a,p1b\n|-damage|p1a: Heatran|64\/100\n|-damage|p1b: Grimmsnarl|59\/100\n|\n|-heal|p2b: Iron Bundle|57\/100|[from] Grassy Terrain\n|-heal|p1a: Heatran|70\/100|[from] Grassy Terrain\n|-heal|p1a: Heatran|77\/100|[from] item: Leftovers\n|-heal|p2a: Farigiraf|86\/100|[from] Grassy Terrain\n|-heal|p1b: Grimmsnarl|65\/100|[from] Grassy Terrain\n|upkeep\n|turn|6\n|\n|t:|1700647457\n|move|p2b: Iron Bundle|Freeze-Dry|p1b: Grimmsnarl\n|-damage|p1b: Grimmsnarl|48\/100\n|move|p1a: Heatran|Substitute|p1a: Heatran\n|-fail|p1a: Heatran|move: Substitute\n|move|p2a: Farigiraf|Hyper Voice|p1b: Grimmsnarl|[spread] p1a,p1b\n|-damage|p1a: Heatran|64\/100\n|-damage|p1b: Grimmsnarl|32\/100\n|move|p1b: Grimmsnarl|Spirit Break|p2b: Iron Bundle\n|-damage|p2b: Iron Bundle|19\/100\n|-unboost|p2b: Iron Bundle|spa|1\n|\n|-heal|p2b: Iron Bundle|25\/100|[from] Grassy Terrain\n|-heal|p1a: Heatran|70\/100|[from] Grassy Terrain\n|-heal|p1a: Heatran|76\/100|[from] item: Leftovers\n|-heal|p2a: Farigiraf|91\/100|[from] Grassy Terrain\n|-heal|p1b: Grimmsnarl|38\/100|[from] Grassy Terrain\n|upkeep\n|turn|7\n|\n|t:|1700647470\n|-end|p2b: Iron Bundle|Quark Drive|[silent]\n|switch|p2b: Rillaboom|Rillaboom, L50, M|100\/100\n|move|p1a: Heatran|Substitute|p1a: Heatran\n|-fail|p1a: Heatran|move: Substitute\n|move|p1b: Grimmsnarl|Spirit Break|p2b: Rillaboom\n|-damage|p2b: Rillaboom|68\/100\n|-unboost|p2b: Rillaboom|spa|1\n|move|p2a: Farigiraf|Hyper Voice|p1b: Grimmsnarl|[spread] p1a,p1b\n|-damage|p1a: Heatran|62\/100\n|-damage|p1b: Grimmsnarl|23\/100\n|\n|-heal|p2b: Rillaboom|73\/100|[from] Grassy Terrain\n|-heal|p1a: Heatran|69\/100|[from] Grassy Terrain\n|-heal|p1a: Heatran|75\/100|[from] item: Leftovers\n|-heal|p2a: Farigiraf|97\/100|[from] Grassy Terrain\n|-heal|p1b: Grimmsnarl|29\/100|[from] Grassy Terrain\n|-end|p1a: Heatran|Encore\n|-fieldend|move: Grassy Terrain\n|upkeep\n|turn|8\n|inactive|LotharJ has 30 seconds left.\n|\n|t:|1700647499\n|move|p1b: Grimmsnarl|Reflect|p1b: Grimmsnarl\n|-sidestart|p1: LotharJ|Reflect\n|move|p2b: Rillaboom|Wood Hammer|p1a: Heatran\n|-end|p1a: Heatran|Substitute\n|-damage|p2b: Rillaboom|65\/100|[from] Recoil|[of] p1a: Heatran\n|move|p1a: Heatran|Magma Storm|p2b: Rillaboom\n|-supereffective|p2b: Rillaboom\n|-damage|p2b: Rillaboom|0 fnt\n|faint|p2b: Rillaboom\n|move|p2a: Farigiraf|Hyper Voice|p1b: Grimmsnarl|[spread] p1a,p1b\n|-damage|p1a: Heatran|62\/100\n|-damage|p1b: Grimmsnarl|14\/100\n|\n|-heal|p1a: Heatran|68\/100|[from] item: Leftovers\n|-sideend|p1: LotharJ|move: Light Screen\n|upkeep\n|\n|t:|1700647506\n|switch|p2b: Iron Bundle|Iron Bundle, L50|25\/100\n|turn|9\n|\n|t:|1700647522\n|move|p2a: Farigiraf|Helping Hand|p2b: Iron Bundle\n|-singleturn|p2b: Iron Bundle|Helping Hand|[of] p2a: Farigiraf\n|move|p2b: Iron Bundle|Freeze-Dry|p1a: Heatran\n|-damage|p1a: Heatran|23\/100\n|move|p1a: Heatran|Magma Storm|p2b: Iron Bundle|[miss]\n|-miss|p1a: Heatran|p2b: Iron Bundle\n|move|p1b: Grimmsnarl|Spirit Break|p2b: Iron Bundle\n|-damage|p2b: Iron Bundle|0 fnt\n|faint|p2b: Iron Bundle\n|-end|p2b: Iron Bundle|Quark Drive|[silent]\n|\n|-heal|p1a: Heatran|29\/100|[from] item: Leftovers\n|upkeep\n|turn|10\n|\n|t:|1700647540\n|move|p1a: Heatran|Protect|p1a: Heatran\n|-singleturn|p1a: Heatran|Protect\n|move|p1b: Grimmsnarl|Light Screen|p1b: Grimmsnarl\n|-sidestart|p1: LotharJ|move: Light Screen\n|move|p2a: Farigiraf|Hyper Voice|p1a: Heatran|[spread] p1b\n|-activate|p1a: Heatran|move: Protect\n|-damage|p1b: Grimmsnarl|0 fnt\n|faint|p1b: Grimmsnarl\n|\n|-heal|p1a: Heatran|35\/100|[from] item: Leftovers\n|upkeep\n|turn|11\n|\n|t:|1700647552\n|move|p1a: Heatran|Magma Storm|p2a: Farigiraf\n|-damage|p2a: Farigiraf|47\/100\n|-activate|p2a: Farigiraf|move: Magma Storm|[of] p1a: Heatran\n|-enditem|p2a: Farigiraf|Sitrus Berry|[eat]\n|-heal|p2a: Farigiraf|72\/100|[from] item: Sitrus Berry\n|move|p2a: Farigiraf|Psychic|p1a: Heatran\n|-damage|p1a: Heatran|19\/100\n|\n|-heal|p1a: Heatran|25\/100|[from] item: Leftovers\n|-damage|p2a: Farigiraf|60\/100|[from] move: Magma Storm|[partiallytrapped]\n|upkeep\n|turn|12\n|\n|t:|1700647563\n|move|p1a: Heatran|Protect|p1a: Heatran\n|-singleturn|p1a: Heatran|Protect\n|move|p2a: Farigiraf|Psychic|p1a: Heatran\n|-activate|p1a: Heatran|move: Protect\n|\n|-heal|p1a: Heatran|31\/100|[from] item: Leftovers\n|-damage|p2a: Farigiraf|47\/100|[from] move: Magma Storm|[partiallytrapped]\n|upkeep\n|turn|13\n|\n|t:|1700647574\n|move|p1a: Heatran|Magma Storm|p2a: Farigiraf|[miss]\n|-miss|p1a: Heatran|p2a: Farigiraf\n|move|p2a: Farigiraf|Psychic|p1a: Heatran\n|-damage|p1a: Heatran|14\/100\n|\n|-heal|p1a: Heatran|20\/100|[from] item: Leftovers\n|-damage|p2a: Farigiraf|35\/100|[from] move: Magma Storm|[partiallytrapped]\n|upkeep\n|turn|14\n|\n|t:|1700647586\n|move|p1a: Heatran|Protect|p1a: Heatran\n|-singleturn|p1a: Heatran|Protect\n|move|p2a: Farigiraf|Psychic|p1a: Heatran\n|-activate|p1a: Heatran|move: Protect\n|\n|-heal|p1a: Heatran|26\/100|[from] item: Leftovers\n|-damage|p2a: Farigiraf|23\/100|[from] move: Magma Storm|[partiallytrapped]\n|upkeep\n|turn|15\n|\n|t:|1700647604\n|move|p1a: Heatran|Earth Power|p2a: Farigiraf\n|-damage|p2a: Farigiraf|0 fnt\n|faint|p2a: Farigiraf\n|\n|win|LotharJ\n|raw|LotharJ's rating: 1388 &rarr; <strong>1412<\/strong><br \/>(+24 for winning)\n|raw|Oorko's rating: 1455 &rarr; <strong>1431<\/strong><br \/>(-24 for losing)\n|l|\u2606Oorko\n","uploadtime":1700648039,"views":7,"p1id":"lotharj","p2id":"oorko","formatid":"gen9vgc2023regulatione","rating":1412,"private":0,"password":""}