{"id":"gen9vgc2023regulatione-1990281339","p1":"qz231114","p2":"tizi_yeet","format":"[Gen 9] VGC 2023 Regulation E","log":"|j|\u2606qz231114\n|j|\u2606tizi_yeet\n|t:|1699950067\n|gametype|doubles\n|player|p1|qz231114|102|1220\n|player|p2|tizi_yeet|pokemaniac|1219\n|teamsize|p1|6\n|teamsize|p2|6\n|gen|9\n|tier|[Gen 9] VGC 2023 Regulation E\n|rated|\n|rule|Species Clause: Limit one of each Pok\u00e9mon\n|rule|Item Clause: Limit one of each item\n|clearpoke\n|poke|p1|Tornadus, L50, M|\n|poke|p1|Volcarona, L50, M|\n|poke|p1|Basculegion, L50, M|\n|poke|p1|Ludicolo, L50, M|\n|poke|p1|Scizor, L50, F|\n|poke|p1|Flutter Mane, L50|\n|poke|p2|Passimian, L50, F|\n|poke|p2|Chien-Pao, L50|\n|poke|p2|Arcanine-Hisui, L50, M|\n|poke|p2|Iron Hands, L50|\n|poke|p2|Sinistcha, L50|\n|poke|p2|Flutter Mane, L50|\n|teampreview|4\n|inactive|Battle timer is ON: inactive players will automatically lose when time's up. (requested by qz231114)\nqz231114 rejected open team sheets.\n|\n|t:|1699950116\n|start\n|switch|p1a: Tornadus|Tornadus, L50, M|100\/100\n|switch|p1b: Basculegion|Basculegion, L50, M|100\/100\n|switch|p2a: Arcanine|Arcanine-Hisui, L50, M|100\/100\n|switch|p2b: Chien-Pao|Chien-Pao, L50|100\/100\n|-ability|p2b: Chien-Pao|Sword of Ruin\n|-ability|p2a: Arcanine|Intimidate|boost\n|-unboost|p1a: Tornadus|atk|1\n|-unboost|p1b: Basculegion|atk|1\n|turn|1\n|\n|t:|1699950128\n|-terastallize|p1b: Basculegion|Water\n|move|p2b: Chien-Pao|Sucker Punch|p1b: Basculegion\n|-damage|p1b: Basculegion|40\/100\n|move|p1a: Tornadus|Rain Dance|p1a: Tornadus\n|-weather|RainDance\n|move|p1b: Basculegion|Flip Turn|p2a: Arcanine\n|-supereffective|p2a: Arcanine\n|-damage|p2a: Arcanine|0 fnt\n|faint|p2a: Arcanine\n|\n|t:|1699950136\n|switch|p1b: Scizor|Scizor, L50, F|100\/100|[from] Flip Turn\n|\n|-weather|RainDance|[upkeep]\n|upkeep\n|\n|t:|1699950142\n|switch|p2a: Iron Hands|Iron Hands, L50|100\/100\n|turn|2\n|\n|t:|1699950157\n|-terastallize|p2b: Chien-Pao|Electric\n|move|p2a: Iron Hands|Fake Out|p1b: Scizor\n|-resisted|p1b: Scizor\n|-damage|p1b: Scizor|90\/100\n|cant|p1b: Scizor|flinch\n|move|p2b: Chien-Pao|Tera Blast|p1a: Tornadus|[anim] Tera Blast Electric\n|-supereffective|p1a: Tornadus\n|-damage|p1a: Tornadus|0 fnt\n|faint|p1a: Tornadus\n|\n|-weather|RainDance|[upkeep]\n|-heal|p1b: Scizor|97\/100|[from] item: Leftovers\n|upkeep\n|\n|t:|1699950163\n|switch|p1a: Basculegion|Basculegion, L50, M, tera:Water|40\/100\n|turn|3\n|inactive|tizi_yeet has 30 seconds left.\n|\n|t:|1699950189\n|move|p1a: Basculegion|Aqua Jet|p2b: Chien-Pao\n|-damage|p2b: Chien-Pao|18\/100\n|move|p2b: Chien-Pao|Sucker Punch||[still]\n|-fail|p2b: Chien-Pao\n|move|p1b: Scizor|Quick Attack|p2b: Chien-Pao\n|-damage|p2b: Chien-Pao|0 fnt\n|faint|p2b: Chien-Pao\n|move|p2a: Iron Hands|Wild Charge|p1a: Basculegion\n|-supereffective|p1a: Basculegion\n|-damage|p1a: Basculegion|0 fnt\n|faint|p1a: Basculegion\n|-damage|p2a: Iron Hands|92\/100|[from] Recoil\n|\n|-weather|RainDance|[upkeep]\n|-heal|p1b: Scizor|100\/100|[from] item: Leftovers\n|upkeep\n|\n|t:|1699950206\n|switch|p2b: Flutter Mane|Flutter Mane, L50|100\/100\n|switch|p1a: Flutter Mane|Flutter Mane, L50|100\/100\n|-enditem|p2b: Flutter Mane|Booster Energy\n|-activate|p2b: Flutter Mane|ability: Protosynthesis|[fromitem]\n|-start|p2b: Flutter Mane|protosynthesisspa\n|turn|4\n|\n|t:|1699950216\n|move|p2b: Flutter Mane|Protect|p2b: Flutter Mane\n|-singleturn|p2b: Flutter Mane|Protect\n|move|p1b: Scizor|Bullet Punch|p2b: Flutter Mane\n|-activate|p2b: Flutter Mane|move: Protect\n|move|p1a: Flutter Mane|Moonblast|p2a: Iron Hands\n|-supereffective|p2a: Iron Hands\n|-damage|p2a: Iron Hands|11\/100\n|move|p2a: Iron Hands|Heavy Slam|p1a: Flutter Mane\n|-supereffective|p1a: Flutter Mane\n|-damage|p1a: Flutter Mane|0 fnt\n|faint|p1a: Flutter Mane\n|-end|p1a: Flutter Mane|Protosynthesis|[silent]\n|\n|-weather|RainDance|[upkeep]\n|upkeep\n|turn|5\n|\n|t:|1699950232\n|move|p1b: Scizor|Bullet Punch|p2b: Flutter Mane\n|-supereffective|p2b: Flutter Mane\n|-damage|p2b: Flutter Mane|0 fnt\n|faint|p2b: Flutter Mane\n|-end|p2b: Flutter Mane|Protosynthesis|[silent]\n|move|p2a: Iron Hands|Drain Punch|p1b: Scizor\n|-damage|p1b: Scizor|58\/100\n|-heal|p2a: Iron Hands|27\/100|[from] drain|[of] p1b: Scizor\n|\n|-weather|RainDance|[upkeep]\n|-heal|p1b: Scizor|64\/100|[from] item: Leftovers\n|upkeep\n|turn|6\n|\n|t:|1699950242\n|move|p1b: Scizor|Dual Wingbeat|p2a: Iron Hands\n|-damage|p2a: Iron Hands|10\/100\n|-damage|p2a: Iron Hands|0 fnt\n|faint|p2a: Iron Hands\n|-end|p2a: Iron Hands|Quark Drive|[silent]\n|-hitcount|p2: Iron Hands|2\n|\n|win|qz231114\n|raw|qz231114's rating: 1220 &rarr; <strong>1245<\/strong><br \/>(+25 for winning)\n|raw|tizi_yeet's rating: 1219 &rarr; <strong>1194<\/strong><br \/>(-25 for losing)\n","uploadtime":1699950246,"views":18,"p1id":"qz231114","p2id":"tiziyeet","formatid":"gen9vgc2023regulatione","rating":1194,"private":0,"password":""}