{"id":"gen9vgc2023regulatione-1995915322","p1":"Chaotic Raos","p2":"An Alt Account lol","format":"[Gen 9] VGC 2023 Regulation E","log":"|j|\u2606Chaotic Raos\n|j|\u2606An Alt Account lol\n|n|\u2606Chaotic Raos|chaoticraos\n|n|\u2606An Alt Account lol|analtaccountlol\n|html|View the match progress at <a href=\"\/game-bestof3-gen9vgc2023regulatione-1995915321\">game-bestof3-gen9vgc2023regulatione-1995915321<\/a>\n|t:|1700616962\n|gametype|doubles\n|player|p1|Chaotic Raos|2|\n|player|p2|An Alt Account lol|emmet|\n|teamsize|p1|6\n|teamsize|p2|6\n|gen|9\n|tier|[Gen 9] VGC 2023 Regulation E\n|rule|Species Clause: Limit one of each Pok\u00e9mon\n|rule|Item Clause: Limit one of each item\n|clearpoke\n|poke|p1|Basculegion, L50, M|\n|poke|p1|Sableye, L50, F|\n|poke|p1|Politoed, L50, M|\n|poke|p1|Scizor, L50, M|\n|poke|p1|Rillaboom, L50, M|\n|poke|p1|Rotom-Heat, L50|\n|poke|p2|Indeedee-F, L50, F|\n|poke|p2|Urshifu-*, L50, M|\n|poke|p2|Tornadus, L50, M|\n|poke|p2|Armarouge, L50, M|\n|poke|p2|Ogerpon-Cornerstone, L50, F|\n|poke|p2|Gholdengo, L50|\n|teampreview|4\n|inactive|Battle timer is ON: inactive players will automatically lose when time's up. (requested by An Alt Account lol)\n|inactiveoff|Battle timer is now OFF.\nAn Alt Account lol has agreed to open team sheets.\n|c|\u2606An Alt Account lol|glhf!\nChaotic Raos has agreed to open team sheets.\n|showteam|p1|Basculegion||MysticWater|SwiftSwim|AquaJet,LastRespects,WaveCrash,Protect|||M|||50|,,,,,Water]Sableye||RoseliBerry|Prankster|RainDance,FoulPlay,WillOWisp,Quash|||F|||50|,,,,,Steel]Politoed||SitrusBerry|Drizzle|IcyWind,HydroPump,Protect,HelpingHand|||M|||50|,,,,,Grass]Scizor||ClearAmulet|Technician|BulletPunch,Uturn,DualWingbeat,Protect|||M|||50|,,,,,Flying]Rillaboom||AssaultVest|GrassySurge|FakeOut,GrassyGlide,WoodHammer,HighHorsepower|||M|||50|,,,,,Fire]Rotom-Heat||ChoiceScarf|Levitate|Thunder,Overheat,VoltSwitch,TeraBlast||||||50|,,,,,Fairy\n|showteam|p2|Indeedee-F||PsychicSeed|PsychicSurge|FollowMe,SkillSwap,HelpingHand,TrickRoom|||F|||50|,,,,,Water]Urshifu-Rapid-Strike||Leftovers|UnseenFist|SurgingStrikes,DrainPunch,SwordsDance,Protect|||M|||50|,,,,,Dragon]Tornadus||SitrusBerry|Prankster|BleakwindStorm,Tailwind,RainDance,Protect|||M|||50|,,,,,Dark]Armarouge||LifeOrb|FlashFire|ExpandingForce,ArmorCannon,WideGuard,TrickRoom|||M|||50|,,,,,Psychic]Ogerpon-Cornerstone||CornerstoneMask|Sturdy|SpikyShield,FollowMe,IvyCudgel,PowerWhip|||F|||50|,,,,,Rock]Gholdengo||ChoiceSpecs|GoodasGold|MakeItRain,ShadowBall,DazzlingGleam,Trick||||||50|,,,,,Steel\n|c|\u2606Chaotic Raos|Game 1\n|c|\u2606Chaotic Raos|glhf!\n|\n|t:|1700617017\n|start\n|switch|p1a: Sableye|Sableye, L50, F|100\/100\n|switch|p1b: Pasty Maker|Rotom-Heat, L50, shiny|100\/100\n|switch|p2a: Weather Man|Tornadus, L50, M|100\/100\n|switch|p2b: \"The Rock\" Rock|Ogerpon-Cornerstone, L50, F|100\/100\n|turn|1\n|\n|t:|1700617055\n|switch|p1b: King Kong|Rillaboom, L50, M|100\/100\n|-fieldstart|move: Grassy Terrain|[from] ability: Grassy Surge|[of] p1b: King Kong\n|move|p2a: Weather Man|Protect|p2a: Weather Man\n|-singleturn|p2a: Weather Man|Protect\n|move|p2b: \"The Rock\" Rock|Spiky Shield|p2b: \"The Rock\" Rock\n|-singleturn|p2b: \"The Rock\" Rock|move: Protect\n|move|p1a: Sableye|Will-O-Wisp|p2b: \"The Rock\" Rock\n|-activate|p2b: \"The Rock\" Rock|move: Protect\n|\n|upkeep\n|turn|2\n|\n|t:|1700617073\n|switch|p2b: Joever|Gholdengo, L50|100\/100\n|move|p1b: King Kong|Fake Out|p2a: Weather Man\n|-damage|p2a: Weather Man|83\/100\n|move|p1a: Sableye|Will-O-Wisp|p2b: Joever\n|-immune|p2b: Joever|[from] ability: Good as Gold\n|cant|p2a: Weather Man|flinch\n|\n|upkeep\n|turn|3\n|c|\u2606An Alt Account lol|ITS JOEVER\n|\n|t:|1700617109\n|-terastallize|p2b: Joever|Steel\n|move|p2a: Weather Man|Tailwind|p2a: Weather Man\n|-sidestart|p2: An Alt Account lol|move: Tailwind\n|move|p1b: King Kong|Grassy Glide|p2a: Weather Man\n|-resisted|p2a: Weather Man\n|-damage|p2a: Weather Man|62\/100\n|move|p2b: Joever|Make It Rain|p1b: King Kong|[spread] p1a,p1b\n|-damage|p1a: Sableye|0 fnt\n|-damage|p1b: King Kong|23\/100\n|-unboost|p2b: Joever|spa|1\n|faint|p1a: Sableye\n|\n|-heal|p1b: King Kong|29\/100|[from] Grassy Terrain\n|upkeep\n|\n|t:|1700617117\n|switch|p1a: Pasty Maker|Rotom-Heat, L50, shiny|100\/100\n|turn|4\n|\n|t:|1700617142\n|move|p2a: Weather Man|Rain Dance|p2a: Weather Man\n|-weather|RainDance\n|move|p1b: King Kong|Grassy Glide|p2b: Joever\n|-resisted|p2b: Joever\n|-damage|p2b: Joever|83\/100\n|move|p2b: Joever|Make It Rain|p1b: King Kong|[spread] p1a,p1b\n|-resisted|p1a: Pasty Maker\n|-damage|p1a: Pasty Maker|80\/100\n|-damage|p1b: King Kong|0 fnt\n|-unboost|p2b: Joever|spa|1\n|faint|p1b: King Kong\n|move|p1a: Pasty Maker|Volt Switch|p2a: Weather Man\n|-supereffective|p2a: Weather Man\n|-damage|p2a: Weather Man|0 fnt\n|faint|p2a: Weather Man\n|\n|t:|1700617156\n|switch|p1a: Legion|Basculegion, L50, M|100\/100|[from] Volt Switch\n|\n|-weather|RainDance|[upkeep]\n|-heal|p2b: Joever|89\/100|[from] Grassy Terrain\n|upkeep\n|\n|t:|1700617164\n|switch|p2a: Master Splinter|Urshifu-Rapid-Strike, L50, M|100\/100\n|switch|p1b: Pasty Maker|Rotom-Heat, L50, shiny|80\/100\n|turn|5\n|\n|t:|1700617192\n|switch|p2b: \"The Rock\" Rock|Ogerpon-Cornerstone, L50, F|100\/100\n|move|p2a: Master Splinter|Surging Strikes|p1b: Pasty Maker\n|-supereffective|p1b: Pasty Maker\n|-crit|p1b: Pasty Maker\n|-damage|p1b: Pasty Maker|0 fnt\n|faint|p1b: Pasty Maker\n|-hitcount|p1: Pasty Maker|1\n|move|p1a: Legion|Last Respects|p2a: Master Splinter\n|-damage|p2a: Master Splinter|16\/100\n|\n|-weather|RainDance|[upkeep]\n|-heal|p2a: Master Splinter|22\/100|[from] Grassy Terrain\n|-heal|p2a: Master Splinter|28\/100|[from] item: Leftovers\n|-fieldend|move: Grassy Terrain\n|upkeep\n|turn|6\n|\n|t:|1700617207\n|move|p1a: Legion|Protect|p1a: Legion\n|-singleturn|p1a: Legion|Protect\n|move|p2b: \"The Rock\" Rock|Power Whip|p1a: Legion\n|-activate|p1a: Legion|move: Protect\n|move|p2a: Master Splinter|Surging Strikes|p1a: Legion\n|-resisted|p1a: Legion\n|-crit|p1a: Legion\n|-damage|p1a: Legion|84\/100\n|-resisted|p1a: Legion\n|-crit|p1a: Legion\n|-damage|p1a: Legion|68\/100\n|-resisted|p1a: Legion\n|-crit|p1a: Legion\n|-damage|p1a: Legion|51\/100\n|-hitcount|p1a: Legion|3\n|\n|-weather|RainDance|[upkeep]\n|-heal|p2a: Master Splinter|33\/100|[from] item: Leftovers\n|-sideend|p2: An Alt Account lol|move: Tailwind\n|upkeep\n|turn|7\n|\n|t:|1700617227\n|move|p1a: Legion|Last Respects|p2a: Master Splinter\n|-crit|p2a: Master Splinter\n|-damage|p2a: Master Splinter|0 fnt\n|faint|p2a: Master Splinter\n|move|p2b: \"The Rock\" Rock|Ivy Cudgel|p1a: Legion|[anim] Ivy Cudgel Rock\n|-crit|p1a: Legion\n|-damage|p1a: Legion|0 fnt\n|faint|p1a: Legion\n|\n|win|An Alt Account lol\n|c|&|\/uhtml prompt-analtaccountlol,An Alt Account lol is ready for game 2!\n|c|&|\/uhtml prompt-chaoticraos,Chaotic Raos is ready for game 2!\nBoth players are ready! Starting next match!\n|l|\u2606An Alt Account lol\n","uploadtime":1700617385,"views":12,"p1id":"chaoticraos","p2id":"analtaccountlol","formatid":"gen9vgc2023regulatione","rating":0,"private":0,"password":""}