{"id":"gen9vgc2023regulatione-1996648452","p1":"someguy459","p2":"Iamvoltron","format":"[Gen 9] VGC 2023 Regulation E","log":"|j|\u2606someguy459\n|j|\u2606Iamvoltron\n|t:|1700704963\n|gametype|doubles\n|player|p1|someguy459|ingo|1048\n|player|p2|Iamvoltron|170|1118\n|teamsize|p1|6\n|teamsize|p2|6\n|gen|9\n|tier|[Gen 9] VGC 2023 Regulation E\n|rated|\n|rule|Species Clause: Limit one of each Pok\u00e9mon\n|rule|Item Clause: Limit one of each item\n|clearpoke\n|poke|p1|Illumise, L50, F|\n|poke|p1|Ninetales-Alola, L50, F|\n|poke|p1|Baxcalibur, L50, M|\n|poke|p1|Rillaboom, L50, M|\n|poke|p1|Heatran, L50, M|\n|poke|p1|Gholdengo, L50|\n|poke|p2|Arboliva, L50, F|\n|poke|p2|Thundurus, L50, M|\n|poke|p2|Iron Bundle, L50|\n|poke|p2|Indeedee-F, L50, F|\n|poke|p2|Armarouge, L50, F|\n|poke|p2|Mudsdale, L50, F|\n|teampreview|4\n|inactive|Battle timer is ON: inactive players will automatically lose when time's up. (requested by someguy459)\n|inactive|Iamvoltron has 60 seconds left.\n|\n|t:|1700705048\n|start\n|switch|p1a: Heatran|Heatran, L50, M|100\/100\n|switch|p1b: Ninetales|Ninetales-Alola, L50, F|100\/100\n|switch|p2a: Indeedee|Indeedee-F, L50, F|100\/100\n|switch|p2b: Armarouge|Armarouge, L50, F|100\/100\n|-weather|Snow|[from] ability: Snow Warning|[of] p1b: Ninetales\n|-fieldstart|move: Psychic Terrain|[from] ability: Psychic Surge|[of] p2a: Indeedee\n|turn|1\n|inactive|Iamvoltron has 30 seconds left.\n|inactive|Iamvoltron has 20 seconds left.\n|inactive|Iamvoltron has 15 seconds left.\n|inactive|Iamvoltron has 10 seconds left.\n|inactive|Iamvoltron has 5 seconds left.\n|\n|t:|1700705103\n|move|p2a: Indeedee|Follow Me|p2a: Indeedee\n|-singleturn|p2a: Indeedee|move: Follow Me\n|move|p1b: Ninetales|Aurora Veil|p1b: Ninetales\n|-sidestart|p1: someguy459|move: Aurora Veil\n|move|p1a: Heatran|Taunt|p2a: Indeedee\n|-start|p2a: Indeedee|move: Taunt\n|move|p2b: Armarouge|Expanding Force|p1b: Ninetales|[spread] p1a,p1b\n|-resisted|p1a: Heatran\n|-damage|p1a: Heatran|76\/100\n|-damage|p1b: Ninetales|48\/100\n|-damage|p2b: Armarouge|91\/100|[from] item: Life Orb\n|\n|-weather|Snow|[upkeep]\n|upkeep\n|turn|2\n|inactive|Iamvoltron has 30 seconds left.\n|inactive|Iamvoltron has 20 seconds left.\n|\n|t:|1700705140\n|-terastallize|p2b: Armarouge|Psychic\n|move|p1b: Ninetales|Disable|p2b: Armarouge\n|-start|p2b: Armarouge|Disable|Expanding Force\n|move|p1a: Heatran|Taunt|p2b: Armarouge\n|-start|p2b: Armarouge|move: Taunt\n|cant|p2b: Armarouge|Disable|Expanding Force\n|move|p2a: Indeedee|Dazzling Gleam|p1b: Ninetales|[spread] p1a,p1b\n|-resisted|p1a: Heatran\n|-damage|p1a: Heatran|74\/100\n|-damage|p1b: Ninetales|40\/100\n|\n|-weather|Snow|[upkeep]\n|upkeep\n|turn|3\n|\n|t:|1700705159\n|switch|p2a: Mudsdale|Mudsdale, L50, F|100\/100\n|move|p1b: Ninetales|Blizzard|p2a: Mudsdale|[spread] p2a,p2b\n|-supereffective|p2a: Mudsdale\n|-damage|p2a: Mudsdale|66\/100\n|-damage|p2b: Armarouge|61\/100\n|-status|p2a: Mudsdale|frz\n|move|p1a: Heatran|Flash Cannon|p2a: Mudsdale\n|-damage|p2a: Mudsdale|29\/100 frz\n|-damage|p1a: Heatran|65\/100|[from] item: Life Orb\n|move|p2b: Armarouge|Aura Sphere|p1a: Heatran\n|-supereffective|p1a: Heatran\n|-damage|p1a: Heatran|17\/100\n|-damage|p2b: Armarouge|51\/100|[from] item: Life Orb\n|\n|-weather|Snow|[upkeep]\n|upkeep\n|turn|4\n|\n|t:|1700705182\n|move|p1b: Ninetales|Blizzard|p2b: Armarouge|[spread] p2a,p2b\n|-supereffective|p2a: Mudsdale\n|-damage|p2a: Mudsdale|0 fnt\n|-damage|p2b: Armarouge|25\/100\n|faint|p2a: Mudsdale\n|move|p1a: Heatran|Flash Cannon|p2b: Armarouge\n|-damage|p2b: Armarouge|0 fnt\n|faint|p2b: Armarouge\n|-damage|p1a: Heatran|8\/100|[from] item: Life Orb\n|\n|-weather|Snow|[upkeep]\n|upkeep\n|\n|t:|1700705190\n|switch|p2b: Indeedee|Indeedee-F, L50, F|100\/100\n|switch|p2a: Thundurus|Thundurus, L50, M|100\/100\n|turn|5\n|\n|t:|1700705210\n|switch|p1b: Rillaboom|Rillaboom, L50, M|100\/100\n|-fieldstart|move: Grassy Terrain|[from] ability: Grassy Surge|[of] p1b: Rillaboom\n|move|p1a: Heatran|Protect|p1a: Heatran\n|-singleturn|p1a: Heatran|Protect\n|move|p2a: Thundurus|Wildbolt Storm|p1a: Heatran|[spread] \n|-activate|p1a: Heatran|move: Protect\n|-miss|p2a: Thundurus|p1b: Rillaboom\n|move|p2b: Indeedee|Dazzling Gleam|p1b: Rillaboom|[spread] p1b\n|-activate|p1a: Heatran|move: Protect\n|-damage|p1b: Rillaboom|94\/100\n|\n|-weather|none\n|-heal|p1b: Rillaboom|99\/100|[from] Grassy Terrain\n|-heal|p1a: Heatran|14\/100|[from] Grassy Terrain\n|upkeep\n|turn|6\n|\n|t:|1700705233\n|move|p1b: Rillaboom|Fake Out|p2a: Thundurus\n|-damage|p2a: Thundurus|85\/100\n|move|p2b: Indeedee|Follow Me|p2b: Indeedee\n|-singleturn|p2b: Indeedee|move: Follow Me\n|move|p2a: Thundurus|Wildbolt Storm|p1a: Heatran|[spread] p1a,p1b\n|-resisted|p1b: Rillaboom\n|-damage|p1a: Heatran|0 fnt\n|-damage|p1b: Rillaboom|91\/100\n|-status|p1b: Rillaboom|par\n|faint|p1a: Heatran\n|\n|-heal|p1b: Rillaboom|97\/100 par|[from] Grassy Terrain\n|upkeep\n|\n|t:|1700705249\n|switch|p1a: Ninetales|Ninetales-Alola, L50, F|40\/100\n|-weather|Snow|[from] ability: Snow Warning|[of] p1a: Ninetales\n|turn|7\n|\n|t:|1700705262\n|move|p2a: Thundurus|Swagger|p1a: Ninetales\n|-boost|p1a: Ninetales|atk|2\n|-start|p1a: Ninetales|confusion\n|-activate|p1a: Ninetales|confusion\n|move|p1a: Ninetales|Disable|p2a: Thundurus\n|-start|p2a: Thundurus|Disable|Swagger\n|move|p2b: Indeedee|Dazzling Gleam|p1b: Rillaboom|[spread] p1a,p1b\n|-damage|p1a: Ninetales|31\/100\n|-damage|p1b: Rillaboom|90\/100 par\n|move|p1b: Rillaboom|Knock Off|p2b: Indeedee\n|-supereffective|p2b: Indeedee\n|-damage|p2b: Indeedee|29\/100\n|-damage|p1b: Rillaboom|74\/100 par|[from] item: Rocky Helmet|[of] p2b: Indeedee\n|-enditem|p2b: Indeedee|Rocky Helmet|[from] move: Knock Off|[of] p1b: Rillaboom\n|\n|-weather|Snow|[upkeep]\n|-heal|p1a: Ninetales|37\/100|[from] Grassy Terrain\n|-heal|p2b: Indeedee|36\/100|[from] Grassy Terrain\n|-heal|p1b: Rillaboom|80\/100 par|[from] Grassy Terrain\n|upkeep\n|turn|8\n|inactive|someguy459 has 30 seconds left.\n|\n|t:|1700705291\n|switch|p1a: Baxcalibur|Baxcalibur, L50, M|100\/100\n|move|p2b: Indeedee|Protect|p2b: Indeedee\n|-singleturn|p2b: Indeedee|Protect\n|cant|p1b: Rillaboom|par\n|move|p2a: Thundurus|Wildbolt Storm|p1a: Baxcalibur|[spread] p1b\n|-miss|p2a: Thundurus|p1a: Baxcalibur\n|-resisted|p1b: Rillaboom\n|-damage|p1b: Rillaboom|71\/100 par\n|\n|-weather|Snow|[upkeep]\n|-heal|p2b: Indeedee|42\/100|[from] Grassy Terrain\n|-heal|p1b: Rillaboom|77\/100 par|[from] Grassy Terrain\n|-sideend|p1: someguy459|move: Aurora Veil\n|upkeep\n|turn|9\n|inactive|someguy459 has 30 seconds left.\n|inactive|Iamvoltron has 30 seconds left.\n|\n|t:|1700705320\n|move|p1b: Rillaboom|Grassy Glide|p2b: Indeedee\n|-damage|p2b: Indeedee|6\/100\n|move|p2a: Thundurus|Wildbolt Storm|p1b: Rillaboom|[spread] p1a,p1b\n|-resisted|p1a: Baxcalibur\n|-resisted|p1b: Rillaboom\n|-damage|p1a: Baxcalibur|84\/100\n|-damage|p1b: Rillaboom|64\/100 par\n|move|p1a: Baxcalibur|Icicle Crash|p2a: Thundurus\n|-supereffective|p2a: Thundurus\n|-damage|p2a: Thundurus|0 fnt\n|faint|p2a: Thundurus\n|move|p2b: Indeedee|Dazzling Gleam|p1a: Baxcalibur|[spread] p1a,p1b\n|-supereffective|p1a: Baxcalibur\n|-damage|p1a: Baxcalibur|57\/100\n|-damage|p1b: Rillaboom|54\/100 par\n|\n|-weather|Snow|[upkeep]\n|-heal|p1a: Baxcalibur|63\/100|[from] ability: Ice Body\n|-heal|p1a: Baxcalibur|69\/100|[from] Grassy Terrain\n|-heal|p2b: Indeedee|12\/100|[from] Grassy Terrain\n|-heal|p1b: Rillaboom|60\/100 par|[from] Grassy Terrain\n|-fieldend|move: Grassy Terrain\n|upkeep\n|turn|10\n|-message|Iamvoltron forfeited.\n|\n|win|someguy459\n|raw|someguy459's rating: 1048 &rarr; <strong>1087<\/strong><br \/>(+39 for winning)\n|raw|Iamvoltron's rating: 1118 &rarr; <strong>1088<\/strong><br \/>(-30 for losing)\n|l|\u2606Iamvoltron\n","uploadtime":1700705343,"views":10,"p1id":"someguy459","p2id":"iamvoltron","formatid":"gen9vgc2023regulatione","rating":1087,"private":0,"password":""}