{"id":"gen9vgc2023regulatione-1992979643","p1":"LekiamVgc","p2":"ElcalvasoYt","format":"[Gen 9] VGC 2023 Regulation E","log":"|j|\u2606LekiamVgc\n|j|\u2606ElcalvasoYt\n|n|\u2606LekiamVgc|lekiamvgc\n|n|\u2606ElcalvasoYt|elcalvasoyt\n|html|View the match progress at <a href=\"\/game-bestof3-gen9vgc2023regulatione-1992979642\">game-bestof3-gen9vgc2023regulatione-1992979642<\/a>\n|t:|1700252277\n|gametype|doubles\n|player|p1|LekiamVgc|giovanni|\n|player|p2|ElcalvasoYt|102|\n|teamsize|p1|6\n|teamsize|p2|6\n|gen|9\n|tier|[Gen 9] VGC 2023 Regulation E\n|rule|Species Clause: Limit one of each Pok\u00e9mon\n|rule|Item Clause: Limit one of each item\n|clearpoke\n|poke|p1|Dondozo, L50, F|\n|poke|p1|Chien-Pao, L50|\n|poke|p1|Dragonite, L50, M|\n|poke|p1|Flutter Mane, L50|\n|poke|p1|Ogerpon-Hearthflame, L50, F|\n|poke|p1|Tatsugiri, L50, M|\n|poke|p2|Sneasler, L50, F|\n|poke|p2|Indeedee-F, L50, F|\n|poke|p2|Landorus-Therian, L50, M|\n|poke|p2|Tornadus, L50, M|\n|poke|p2|Armarouge, L50, F|\n|poke|p2|Ogerpon-Hearthflame, L50, F|\n|teampreview|4\n|c|\u2606LekiamVgc|hey\nLekiamVgc has agreed to open team sheets.\n|c|\u2606LekiamVgc|dale a aceptar la Open team sheet\n|c|\u2606LekiamVgc|creo que te tienes q registrar para hablar\nElcalvasoYt has agreed to open team sheets.\n|showteam|p1|Dondozo||RockyHelmet|Unaware|Protect,WaveCrash,OrderUp,Earthquake|||F|||50|,,,,,Grass]Chien-Pao||FocusSash|SwordofRuin|IceSpinner,SuckerPunch,SacredSword,Protect||||||50|,,,,,Ghost]Dragonite||ChoiceBand|InnerFocus|ExtremeSpeed,AquaJet,Outrage,StompingTantrum|||M|||50|,,,,,Normal]Flutter Mane||BoosterEnergy|Protosynthesis|ShadowBall,IcyWind,DazzlingGleam,Protect||||||50|,,,,,Fairy]Ogerpon-Hearthflame||HearthflameMask|MoldBreaker|IvyCudgel,WoodHammer,FollowMe,SpikyShield|||F|||50|,,,,,Fire]Tatsugiri||ChoiceScarf|Commander|Taunt,DracoMeteor,MuddyWater,IcyWind|||M|||50|,,,,,Ghost\n|showteam|p2|Sneasler||MirrorHerb|Unburden|FakeOut,Acrobatics,CloseCombat,DireClaw|||F|||50|,,,,,Flying]Indeedee-F||ColburBerry|PsychicSurge|Psychic,DrainPunch,FollowMe,TrickRoom|||F|||50|,,,,,Psychic]Landorus-Therian||ChoiceScarf|Intimidate|Uturn,RockSlide,Earthquake,BrickBreak|||M|||50|,,,,,Rock]Tornadus||MentalHerb|Prankster|BleakwindStorm,Tailwind,SunnyDay,Swagger|||M|||50|,,,,,Dark]Armarouge||WeaknessPolicy|WeakArmor|ExpandingForce,HeatWave,DarkPulse,Endure|||F|||50|,,,,,Dark]Ogerpon-Hearthflame||HearthflameMask|MoldBreaker|IvyCudgel,SwordsDance,SpikyShield,HornLeech|||F|||50|,,,,,Fire\n|n|\u2606ElcalvasoYt|elcalvasoyt\n|c|\u2606ElcalvasoYt|Creo que ya\n|c|\u2606LekiamVgc|ah perfe\n|c|\u2606LekiamVgc|pues mucha suerte\n|\n|t:|1700252519\n|start\n|switch|p1a: Chien-Pao|Chien-Pao, L50|100\/100\n|switch|p1b: Dragonite|Dragonite, L50, M|100\/100\n|switch|p2a: Landorus|Landorus-Therian, L50, M|100\/100\n|switch|p2b: Armarouge|Armarouge, L50, F|100\/100\n|-ability|p2a: Landorus|Intimidate|boost\n|-unboost|p1a: Chien-Pao|atk|1\n|-fail|p1b: Dragonite|unboost|Attack|[from] ability: Inner Focus|[of] p1b: Dragonite\n|-ability|p1a: Chien-Pao|Sword of Ruin\n|turn|1\n|\n|t:|1700252552\n|-terastallize|p2a: Landorus|Rock\n|-terastallize|p1b: Dragonite|Normal\n|move|p1b: Dragonite|Extreme Speed|p2a: Landorus\n|-resisted|p2a: Landorus\n|-damage|p2a: Landorus|48\/100\n|move|p1a: Chien-Pao|Sucker Punch|p2a: Landorus\n|-damage|p2a: Landorus|9\/100\n|move|p2a: Landorus|Rock Slide|p1a: Chien-Pao|[spread] p1a,p1b\n|-supereffective|p1a: Chien-Pao\n|-damage|p1a: Chien-Pao|19\/100\n|-damage|p1b: Dragonite|57\/100\n|move|p2b: Armarouge|Heat Wave|p1b: Dragonite|[spread] p1a,p1b\n|-supereffective|p1a: Chien-Pao\n|-damage|p1a: Chien-Pao|0 fnt\n|-damage|p1b: Dragonite|16\/100\n|faint|p1a: Chien-Pao\n|\n|upkeep\n|\n|t:|1700252560\n|switch|p1a: Dondozo|Dondozo, L50, F|100\/100\n|turn|2\n|\n|t:|1700252625\n|switch|p2a: Sneasler|Sneasler, L50, F|100\/100\n|switch|p1b: Tatsugiri|Tatsugiri, L50, M|100\/100\n|-activate|p1b: Tatsugiri|ability: Commander|[of] p1a: Dondozo\n|-boost|p1a: Dondozo|atk|2\n|-boost|p1a: Dondozo|spa|2\n|-boost|p1a: Dondozo|spe|2\n|-boost|p1a: Dondozo|def|2\n|-boost|p1a: Dondozo|spd|2\n|-enditem|p2a: Sneasler|Mirror Herb\n|-boost|p2a: Sneasler|atk|2|[from] item: Mirror Herb\n|-boost|p2a: Sneasler|spa|2|[from] item: Mirror Herb\n|-boost|p2a: Sneasler|spe|2|[from] item: Mirror Herb\n|-boost|p2a: Sneasler|def|2|[from] item: Mirror Herb\n|-boost|p2a: Sneasler|spd|2|[from] item: Mirror Herb\n|move|p1a: Dondozo|Earthquake|p2b: Armarouge|[spread] p2a,p2b\n|-miss|p1a: Dondozo|p1b: Tatsugiri\n|-supereffective|p2a: Sneasler\n|-supereffective|p2b: Armarouge\n|-damage|p2a: Sneasler|0 fnt\n|-damage|p2b: Armarouge|24\/100\n|-ability|p2b: Armarouge|Weak Armor|boost\n|-unboost|p2b: Armarouge|def|1\n|-boost|p2b: Armarouge|spe|2\n|-enditem|p2b: Armarouge|Weakness Policy\n|-boost|p2b: Armarouge|atk|2|[from] item: Weakness Policy\n|-boost|p2b: Armarouge|spa|2|[from] item: Weakness Policy\n|faint|p2a: Sneasler\n|move|p2b: Armarouge|Expanding Force|p1a: Dondozo\n|-damage|p1a: Dondozo|79\/100\n|\n|upkeep\n|\n|t:|1700252659\n|switch|p2a: Indeedee|Indeedee-F, L50, F|100\/100\n|-fieldstart|move: Psychic Terrain|[from] ability: Psychic Surge|[of] p2a: Indeedee\n|turn|3\n|\n|t:|1700252675\n|move|p2b: Armarouge|Endure|p2b: Armarouge\n|-singleturn|p2b: Armarouge|move: Endure\n|move|p1a: Dondozo|Earthquake|p2a: Indeedee|[spread] p2a,p2b\n|-miss|p1a: Dondozo|p1b: Tatsugiri\n|-supereffective|p2b: Armarouge\n|-damage|p2a: Indeedee|66\/100\n|-activate|p2b: Armarouge|move: Endure\n|-damage|p2b: Armarouge|1\/100\n|-ability|p2b: Armarouge|Weak Armor|boost\n|-unboost|p2b: Armarouge|def|1\n|-boost|p2b: Armarouge|spe|2\n|move|p2a: Indeedee|Psychic|p1a: Dondozo\n|-damage|p1a: Dondozo|62\/100\n|\n|upkeep\n|turn|4\n|\n|t:|1700252701\n|move|p2b: Armarouge|Expanding Force|p1b: Tatsugiri|[spread] p1a\n|-miss|p2b: Armarouge|p1b: Tatsugiri\n|-damage|p1a: Dondozo|29\/100\n|move|p1a: Dondozo|Earthquake|p2a: Indeedee|[spread] p2a,p2b\n|-miss|p1a: Dondozo|p1b: Tatsugiri\n|-supereffective|p2b: Armarouge\n|-damage|p2a: Indeedee|29\/100\n|-damage|p2b: Armarouge|0 fnt\n|faint|p2b: Armarouge\n|move|p2a: Indeedee|Psychic|p1a: Dondozo\n|-damage|p1a: Dondozo|10\/100\n|\n|upkeep\n|\n|t:|1700252713\n|switch|p2b: Landorus|Landorus-Therian, L50, M, tera:Rock|9\/100\n|-ability|p2b: Landorus|Intimidate|boost\n|-unboost|p1a: Dondozo|atk|1\n|-unboost|p1b: Tatsugiri|atk|1\n|turn|5\n|\n|t:|1700252747\n|move|p1a: Dondozo|Protect|p1a: Dondozo\n|-singleturn|p1a: Dondozo|Protect\n|move|p2b: Landorus|Rock Slide|p1a: Dondozo|[spread] \n|-miss|p2b: Landorus|p1b: Tatsugiri\n|-activate|p1a: Dondozo|move: Protect\n|move|p2a: Indeedee|Psychic|p1b: Tatsugiri|[miss]\n|-miss|p2a: Indeedee|p1b: Tatsugiri\n|\n|upkeep\n|turn|6\n|\n|t:|1700252761\n|move|p2b: Landorus|Rock Slide|p1a: Dondozo|[spread] p1a\n|-miss|p2b: Landorus|p1b: Tatsugiri\n|-damage|p1a: Dondozo|0 fnt\n|faint|p1a: Dondozo\n|move|p2a: Indeedee|Psychic|p1b: Tatsugiri\n|-damage|p1b: Tatsugiri|60\/100\n|\n|upkeep\n|\n|t:|1700252768\n|switch|p1a: Dragonite|Dragonite, L50, M, tera:Normal|16\/100\n|turn|7\n|\n|t:|1700252781\n|move|p2b: Landorus|Rock Slide|p1a: Dragonite|[spread] p1a,p1b\n|-damage|p1a: Dragonite|0 fnt\n|-damage|p1b: Tatsugiri|31\/100\n|faint|p1a: Dragonite\n|cant|p1b: Tatsugiri|flinch\n|move|p2a: Indeedee|Psychic|p1b: Tatsugiri\n|-damage|p1b: Tatsugiri|0 fnt\n|faint|p1b: Tatsugiri\n|\n|win|ElcalvasoYt\n|inactive|LekiamVgc has 50 seconds to confirm battle start!\n|inactive|ElcalvasoYt has 50 seconds to confirm battle start!\n|c|\u2606LekiamVgc|gg\n|c|&|\/uhtml prompt-lekiamvgc,LekiamVgc is ready for game 2!\n|inactive|ElcalvasoYt has 40 seconds to confirm battle start!\n|c|\u2606LekiamVgc|dale a im ready para el g2\n|inactive|ElcalvasoYt has 30 seconds to confirm battle start!\n|c|\u2606ElcalvasoYt|Vale\n|inactive|ElcalvasoYt has 20 seconds to confirm battle start!\n|inactive|ElcalvasoYt has 10 seconds to confirm battle start!\n|c|\u2606ElcalvasoYt|No en sale\nBoth players are ready! Starting next match!\n","uploadtime":1700253314,"views":44,"p1id":"lekiamvgc","p2id":"elcalvasoyt","formatid":"gen9vgc2023regulatione","rating":0,"private":0,"password":""}