{"id":"gen9vgc2023regulatione-1998673526","p1":"That_Leek","p2":"LechonkBro","format":"[Gen 9] VGC 2023 Regulation E","log":"|j|\u2606That_Leek\n|j|\u2606LechonkBro\n|t:|1700970677\n|gametype|doubles\n|player|p1|That_Leek|blue-masters|1540\n|player|p2|LechonkBro|brycenman|1442\n|teamsize|p1|6\n|teamsize|p2|6\n|gen|9\n|tier|[Gen 9] VGC 2023 Regulation E\n|rated|\n|rule|Species Clause: Limit one of each Pok\u00e9mon\n|rule|Item Clause: Limit one of each item\n|clearpoke\n|poke|p1|Gholdengo, L50|\n|poke|p1|Ogerpon-Wellspring, L50, F|\n|poke|p1|Arcanine-Hisui, L50, F|\n|poke|p1|Chien-Pao, L50|\n|poke|p1|Scream Tail, L50|\n|poke|p1|Dragonite, L50, M|\n|poke|p2|Annihilape, L50, M|\n|poke|p2|Cresselia, L50, F|\n|poke|p2|Maushold-Four, L50|\n|poke|p2|Flutter Mane, L50|\n|poke|p2|Chien-Pao, L50|\n|poke|p2|Arcanine-Hisui, L50, F|\n|teampreview|4\n|inactive|Battle timer is ON: inactive players will automatically lose when time's up. (requested by LechonkBro)\nThat_Leek has agreed to open team sheets.\n|\n|t:|1700970696\n|start\n|switch|p1a: Ogerpon|Ogerpon-Wellspring, L50, F|100\/100\n|switch|p1b: Scream Tail|Scream Tail, L50|100\/100\n|switch|p2a: Annihilape|Annihilape, L50, M|100\/100\n|switch|p2b: Maushold|Maushold-Four, L50, shiny|100\/100\n|-enditem|p1b: Scream Tail|Booster Energy\n|-activate|p1b: Scream Tail|ability: Protosynthesis|[fromitem]\n|-start|p1b: Scream Tail|protosynthesisspe\n|turn|1\n|inactive|That_Leek has 30 seconds left.\n|inactive|That_Leek has 20 seconds left.\n|inactive|That_Leek has 15 seconds left.\n|\n|t:|1700970736\n|-terastallize|p2a: Annihilape|Water\n|move|p1a: Ogerpon|Follow Me|p1a: Ogerpon\n|-singleturn|p1a: Ogerpon|move: Follow Me\n|move|p1b: Scream Tail|Thunder Wave|p2a: Annihilape\n|-status|p2a: Annihilape|par\n|move|p2b: Maushold|Beat Up|p1a: Ogerpon\n|-damage|p1a: Ogerpon|98\/100\n|-damage|p1a: Ogerpon|96\/100\n|-damage|p1a: Ogerpon|93\/100\n|-hitcount|p1a: Ogerpon|3\n|move|p2a: Annihilape|Rage Fist|p1a: Ogerpon\n|-damage|p1a: Ogerpon|72\/100\n|\n|upkeep\n|turn|2\n|\n|t:|1700970753\n|move|p2a: Annihilape|Protect|p2a: Annihilape\n|-singleturn|p2a: Annihilape|Protect\n|move|p1b: Scream Tail|Howl|p1b: Scream Tail|[spread] p1a,p1b\n|-boost|p1a: Ogerpon|atk|1\n|-boost|p1b: Scream Tail|atk|1\n|move|p2b: Maushold|Taunt|p1a: Ogerpon\n|-start|p1a: Ogerpon|move: Taunt\n|move|p1a: Ogerpon|Horn Leech|p2a: Annihilape\n|-activate|p2a: Annihilape|move: Protect\n|\n|upkeep\n|turn|3\n|\n|t:|1700970774\n|switch|p2a: Arcanine|Arcanine-Hisui, L50, F, shiny|100\/100\n|-ability|p2a: Arcanine|Intimidate|boost\n|-unboost|p1a: Ogerpon|atk|1\n|-unboost|p1b: Scream Tail|atk|1\n|move|p1b: Scream Tail|Howl|p1b: Scream Tail|[spread] p1a,p1b\n|-boost|p1a: Ogerpon|atk|1\n|-boost|p1b: Scream Tail|atk|1\n|move|p2b: Maushold|Taunt|p1b: Scream Tail\n|-start|p1b: Scream Tail|move: Taunt\n|move|p1a: Ogerpon|Horn Leech|p2a: Arcanine\n|-damage|p2a: Arcanine|48\/100\n|-heal|p1a: Ogerpon|98\/100|[from] drain|[of] p2a: Arcanine\n|\n|upkeep\n|turn|4\n|inactive|LechonkBro has 30 seconds left.\n|\n|t:|1700970800\n|-terastallize|p1a: Ogerpon|Water\n|detailschange|p1a: Ogerpon|Ogerpon-Wellspring-Tera, L50, F, tera:Water\n|-ability|p1a: Ogerpon|Embody Aspect (Wellspring)|boost\n|-boost|p1a: Ogerpon|spd|1\n|move|p2a: Arcanine|Extreme Speed|p1a: Ogerpon\n|-crit|p1a: Ogerpon\n|-damage|p1a: Ogerpon|61\/100\n|move|p1b: Scream Tail|Play Rough|p2a: Arcanine\n|-resisted|p2a: Arcanine\n|-damage|p2a: Arcanine|34\/100\n|move|p2b: Maushold|Super Fang|p1a: Ogerpon|[miss]\n|-miss|p2b: Maushold|p1a: Ogerpon\n|move|p1a: Ogerpon|Ivy Cudgel|p2b: Maushold|[anim] Ivy Cudgel Water\n|-damage|p2b: Maushold|0 fnt\n|faint|p2b: Maushold\n|\n|-end|p1a: Ogerpon|move: Taunt\n|upkeep\n|\n|t:|1700970820\n|switch|p2b: Chien-Pao|Chien-Pao, L50|100\/100\n|-ability|p2b: Chien-Pao|Sword of Ruin\n|turn|5\n|inactive|That_Leek has 30 seconds left.\n|\n|t:|1700970846\n|switch|p2a: Annihilape|Annihilape, L50, M, tera:Water|100\/100 par\n|move|p1a: Ogerpon|Spiky Shield|p1a: Ogerpon\n|-singleturn|p1a: Ogerpon|move: Protect\n|move|p2b: Chien-Pao|Sucker Punch||[still]\n|-fail|p2b: Chien-Pao\n|move|p1b: Scream Tail|Play Rough|p2b: Chien-Pao\n|-supereffective|p2b: Chien-Pao\n|-enditem|p2b: Chien-Pao|Focus Sash\n|-damage|p2b: Chien-Pao|1\/100\n|\n|upkeep\n|turn|6\n|\n|t:|1700970868\n|switch|p2b: Arcanine|Arcanine-Hisui, L50, F, shiny|34\/100\n|-ability|p2b: Arcanine|Intimidate|boost\n|-unboost|p1a: Ogerpon|atk|1\n|-unboost|p1b: Scream Tail|atk|1\n|move|p1b: Scream Tail|Play Rough|p2b: Arcanine\n|-resisted|p2b: Arcanine\n|-damage|p2b: Arcanine|23\/100\n|-unboost|p2b: Arcanine|atk|1\n|move|p1a: Ogerpon|Horn Leech|p2a: Annihilape\n|-supereffective|p2a: Annihilape\n|-damage|p2a: Annihilape|24\/100 par\n|-heal|p1a: Ogerpon|100\/100|[from] drain|[of] p2a: Annihilape\n|cant|p2a: Annihilape|par\n|\n|-heal|p2a: Annihilape|30\/100 par|[from] item: Leftovers\n|-end|p1b: Scream Tail|move: Taunt\n|upkeep\n|turn|7\n|-message|LechonkBro forfeited.\n|\n|win|That_Leek\n|raw|That_Leek's rating: 1540 &rarr; <strong>1555<\/strong><br \/>(+15 for winning)\n|raw|LechonkBro's rating: 1442 &rarr; <strong>1427<\/strong><br \/>(-15 for losing)\n|l|\u2606LechonkBro\n","uploadtime":1700970977,"views":1,"p1id":"thatleek","p2id":"lechonkbro","formatid":"gen9vgc2023regulatione","rating":1427,"private":0,"password":""}