{"id":"gen9vgc2023regulatione-1991439264","p1":"deathdragon25o","p2":"jamesdaltonbell","format":"[Gen 9] VGC 2023 Regulation E","log":"|j|\u2606deathdragon25o\n|j|\u2606jamesdaltonbell\n|n|\u2606deathdragon25o|deathdragon25o\n|n|\u2606jamesdaltonbell|jamesdaltonbell\n|html|View the match progress at <a href=\"\/game-bestof3-gen9vgc2023regulatione-1991435826\">game-bestof3-gen9vgc2023regulatione-1991435826<\/a>\n|t:|1700077198\n|gametype|doubles\n|player|p1|deathdragon25o|cress|\n|player|p2|jamesdaltonbell|pokemonbreeder|\n|teamsize|p1|6\n|teamsize|p2|6\n|gen|9\n|tier|[Gen 9] VGC 2023 Regulation E\n|rule|Species Clause: Limit one of each Pok\u00e9mon\n|rule|Item Clause: Limit one of each item\n|clearpoke\n|poke|p1|Raichu-Alola, L50, F|\n|poke|p1|Tornadus, L50, M|\n|poke|p1|Electrode-Hisui, L50|\n|poke|p1|Ogerpon, L50, F|\n|poke|p1|Braviary-Hisui, L50, M|\n|poke|p1|Flareon, L50, F|\n|poke|p2|Tinkaton, L50, F|\n|poke|p2|Moltres-Galar, L50|\n|poke|p2|Typhlosion, L50, M|\n|poke|p2|Oranguru, L50, M|\n|poke|p2|Rotom-Fan, L50|\n|poke|p2|Persian, L50, F|\n|teampreview|4\n|c|\u2606deathdragon25o|So I might have prepped for the wrong team on accident\n|c|\u2606jamesdaltonbell|oh no\n|\n|t:|1700077263\n|start\n|switch|p1a: Flareon|Flareon, L50, F|100\/100\n|switch|p1b: Ogerpon|Ogerpon, L50, F|100\/100\n|switch|p2a: Dr. Fries|Persian, L50, F, shiny|100\/100\n|switch|p2b: Dr. Strange|Oranguru, L50, M|100\/100\n|turn|1\n|c|\u2606jamesdaltonbell|glhf\n|\n|t:|1700077283\n|move|p2a: Dr. Fries|Fake Out|p1b: Ogerpon\n|-damage|p1b: Ogerpon|80\/100\n|cant|p1b: Ogerpon|flinch\n|move|p1a: Flareon|Flare Blitz|p2b: Dr. Strange\n|-damage|p2b: Dr. Strange|44\/100\n|-damage|p1a: Flareon|75\/100|[from] Recoil\n|move|p2b: Dr. Strange|Trick Room|p2b: Dr. Strange\n|-fieldstart|move: Trick Room|[of] p2b: Dr. Strange\n|\n|upkeep\n|turn|2\n|\n|t:|1700077312\n|move|p1a: Flareon|Detect|p1a: Flareon\n|-singleturn|p1a: Flareon|Protect\n|move|p2b: Dr. Strange|Shadow Ball|p1b: Ogerpon\n|-damage|p1b: Ogerpon|62\/100\n|move|p1b: Ogerpon|Lash Out|p2a: Dr. Fries\n|-damage|p2a: Dr. Fries|52\/100\n|move|p2a: Dr. Fries|Chilling Water|p1a: Flareon\n|-activate|p1a: Flareon|move: Protect\n|\n|upkeep\n|turn|3\n|\n|t:|1700077342\n|-terastallize|p1a: Flareon|Water\n|move|p1a: Flareon|Detect||[still]\n|-fail|p1a: Flareon\n|move|p2b: Dr. Strange|Instruct|p2a: Dr. Fries\n|-singleturn|p2a: Dr. Fries|move: Instruct|[of] p2b: Dr. Strange\n|move|p2a: Dr. Fries|Chilling Water|p1a: Flareon\n|-resisted|p1a: Flareon\n|-crit|p1a: Flareon\n|-damage|p1a: Flareon|60\/100\n|-unboost|p1a: Flareon|atk|1\n|move|p1b: Ogerpon|Ivy Cudgel|p2a: Dr. Fries\n|-damage|p2a: Dr. Fries|0 fnt\n|faint|p2a: Dr. Fries\n|\n|-status|p1a: Flareon|brn|[from] item: Flame Orb\n|upkeep\n|\n|t:|1700077366\n|switch|p2a: Dr. Langstrom|Moltres-Galar, L50|100\/100\n|turn|4\n|\n|t:|1700077386\n|move|p1b: Ogerpon|Spiky Shield|p1b: Ogerpon\n|-singleturn|p1b: Ogerpon|move: Protect\n|move|p2b: Dr. Strange|Shadow Ball|p1b: Ogerpon\n|-activate|p1b: Ogerpon|move: Protect\n|move|p1a: Flareon|Flare Blitz|p2a: Dr. Langstrom\n|-damage|p2a: Dr. Langstrom|33\/100\n|-damage|p1a: Flareon|30\/100 brn|[from] Recoil\n|-ability|p2a: Dr. Langstrom|Berserk|boost\n|-boost|p2a: Dr. Langstrom|spa|1\n|-enditem|p2a: Dr. Langstrom|Sitrus Berry|[eat]\n|-heal|p2a: Dr. Langstrom|58\/100|[from] item: Sitrus Berry\n|move|p2a: Dr. Langstrom|Fiery Wrath|p1a: Flareon|[spread] p1a\n|-activate|p1b: Ogerpon|move: Protect\n|-damage|p1a: Flareon|0 fnt\n|faint|p1a: Flareon\n|\n|upkeep\n|\n|t:|1700077396\n|switch|p1a: Tornadus|Tornadus, L50, M|100\/100\n|turn|5\n|\n|t:|1700077415\n|move|p1b: Ogerpon|Spiky Shield|p1b: Ogerpon\n|-singleturn|p1b: Ogerpon|move: Protect\n|move|p2b: Dr. Strange|Instruct|p2a: Dr. Langstrom\n|-singleturn|p2a: Dr. Langstrom|move: Instruct|[of] p2b: Dr. Strange\n|move|p2a: Dr. Langstrom|Fiery Wrath|p1b: Ogerpon|[spread] p1a\n|-activate|p1b: Ogerpon|move: Protect\n|-damage|p1a: Tornadus|60\/100\n|move|p2a: Dr. Langstrom|Fiery Wrath|p1b: Ogerpon|[spread] p1a\n|-activate|p1b: Ogerpon|move: Protect\n|-crit|p1a: Tornadus\n|-damage|p1a: Tornadus|0 fnt\n|faint|p1a: Tornadus\n|\n|-fieldend|move: Trick Room\n|upkeep\n|\n|t:|1700077422\n|switch|p1a: Braviary|Braviary-Hisui, L50, M|100\/100\n|turn|6\n|\n|t:|1700077442\n|move|p1b: Ogerpon|Ivy Cudgel|p2b: Dr. Strange\n|-crit|p2b: Dr. Strange\n|-damage|p2b: Dr. Strange|0 fnt\n|faint|p2b: Dr. Strange\n|move|p2a: Dr. Langstrom|Fiery Wrath|p1b: Ogerpon|[spread] p1a,p1b\n|-supereffective|p1a: Braviary\n|-damage|p1a: Braviary|17\/100\n|-damage|p1b: Ogerpon|19\/100\n|move|p1a: Braviary|Hurricane|p2a: Dr. Langstrom|[miss]\n|-miss|p1a: Braviary|p2a: Dr. Langstrom\n|\n|upkeep\n|\n|t:|1700077452\n|switch|p2b: Dr. Quinzel|Tinkaton, L50, F|100\/100\n|-ability|p2b: Dr. Quinzel|Mold Breaker\n|turn|7\n|\n|t:|1700077478\n|move|p2b: Dr. Quinzel|Fake Out|p1b: Ogerpon\n|-crit|p1b: Ogerpon\n|-damage|p1b: Ogerpon|0 fnt\n|faint|p1b: Ogerpon\n|move|p2a: Dr. Langstrom|Fiery Wrath|p1a: Braviary\n|-supereffective|p1a: Braviary\n|-damage|p1a: Braviary|0 fnt\n|faint|p1a: Braviary\n|\n|win|jamesdaltonbell\n|c|\u2606jamesdaltonbell|gg\n","uploadtime":1700077488,"views":31,"p1id":"deathdragon25o","p2id":"jamesdaltonbell","formatid":"gen9vgc2023regulatione","rating":0,"private":0,"password":""}