{"id":"gen9vgc2023regulatione-1991730885","p1":"Snarf6969","p2":"KingRDGO","format":"[Gen 9] VGC 2023 Regulation E","log":"|j|\u2606Snarf6969\n|j|\u2606KingRDGO\n|t:|1700108107\n|gametype|doubles\n|player|p1|Snarf6969|red|1145\n|player|p2|KingRDGO|steven|1138\n|teamsize|p1|6\n|teamsize|p2|6\n|gen|9\n|tier|[Gen 9] VGC 2023 Regulation E\n|rated|\n|rule|Species Clause: Limit one of each Pok\u00e9mon\n|rule|Item Clause: Limit one of each item\n|clearpoke\n|poke|p1|Hydreigon, L50, F|\n|poke|p1|Mimikyu, L50, F|\n|poke|p1|Kingambit, L50, M|\n|poke|p1|Sinistcha-Masterpiece, L50|\n|poke|p1|Chi-Yu, L50|\n|poke|p1|Inteleon, L50, M|\n|poke|p2|Ninetales-Alola, L50, M|\n|poke|p2|Baxcalibur, L50, M|\n|poke|p2|Politoed, L50, M|\n|poke|p2|Tornadus, L50, M|\n|poke|p2|Kingambit, L50, M|\n|poke|p2|Basculegion, L50, M|\n|teampreview|4\n|inactive|Battle timer is ON: inactive players will automatically lose when time's up. (requested by Snarf6969)\nKingRDGO has agreed to open team sheets.\nSnarf6969 rejected open team sheets.\n|inactive|Snarf6969 has 60 seconds left.\n|\n|t:|1700108148\n|start\n|switch|p1a: Mimikyu|Mimikyu, L50, F|100\/100\n|switch|p1b: Chi-Yu|Chi-Yu, L50|100\/100\n|switch|p2a: Frostzilla|Baxcalibur, L50, M|100\/100\n|switch|p2b: Kura Kura|Ninetales-Alola, L50, M|100\/100\n|-weather|Snow|[from] ability: Snow Warning|[of] p2b: Kura Kura\n|-ability|p1b: Chi-Yu|Beads of Ruin\n|turn|1\n|\n|t:|1700108163\n|move|p1b: Chi-Yu|Protect|p1b: Chi-Yu\n|-singleturn|p1b: Chi-Yu|Protect\n|move|p2a: Frostzilla|Protect|p2a: Frostzilla\n|-singleturn|p2a: Frostzilla|Protect\n|move|p2b: Kura Kura|Aurora Veil|p2b: Kura Kura\n|-sidestart|p2: KingRDGO|move: Aurora Veil\n|move|p1a: Mimikyu|Trick Room|p1a: Mimikyu\n|-fieldstart|move: Trick Room|[of] p1a: Mimikyu\n|-enditem|p1b: Chi-Yu|Room Service\n|-unboost|p1b: Chi-Yu|spe|1|[from] item: Room Service\n|\n|-weather|Snow|[upkeep]\n|upkeep\n|turn|2\n|\n|t:|1700108185\n|-terastallize|p2a: Frostzilla|Fire\n|move|p1b: Chi-Yu|Heat Wave|p2b: Kura Kura|[spread] p2a,p2b\n|-resisted|p2a: Frostzilla\n|-supereffective|p2b: Kura Kura\n|-damage|p2a: Frostzilla|80\/100\n|-damage|p2b: Kura Kura|17\/100\n|-ability|p2a: Frostzilla|Thermal Exchange|boost\n|-boost|p2a: Frostzilla|atk|1\n|move|p1a: Mimikyu|Play Rough|p2a: Frostzilla\n|-resisted|p2a: Frostzilla\n|-damage|p2a: Frostzilla|66\/100\n|move|p2a: Frostzilla|Glaive Rush|p1b: Chi-Yu\n|-damage|p1b: Chi-Yu|0 fnt\n|-singlemove|p2a: Frostzilla|Glaive Rush|[silent]\n|faint|p1b: Chi-Yu\n|move|p2b: Kura Kura|Blizzard|p1a: Mimikyu\n|-activate|p1a: Mimikyu|ability: Disguise\n|-damage|p1a: Mimikyu|100\/100\n|detailschange|p1a: Mimikyu|Mimikyu-Busted, L50, F\n|-damage|p1a: Mimikyu|88\/100|[from] pokemon: Mimikyu-Busted\n|\n|-weather|Snow|[upkeep]\n|upkeep\n|\n|t:|1700108200\n|switch|p1b: Sinistcha|Sinistcha-Masterpiece, L50|100\/100\n|-heal|p1a: Mimikyu|100\/100|[from] ability: Hospitality|[of] p1b: Sinistcha\n|turn|3\n|inactive|Snarf6969 has 30 seconds left.\n|\n|t:|1700108228\n|move|p1b: Sinistcha|Protect|p1b: Sinistcha\n|-singleturn|p1b: Sinistcha|Protect\n|move|p1a: Mimikyu|Curse|p2a: Frostzilla\n|-start|p2a: Frostzilla|Curse|[of] p1a: Mimikyu\n|-damage|p1a: Mimikyu|50\/100\n|move|p2a: Frostzilla|Tera Blast|p1b: Sinistcha|[anim] Tera Blast Fire\n|-activate|p1b: Sinistcha|move: Protect\n|move|p2b: Kura Kura|Blizzard|p1a: Mimikyu|[spread] p1a\n|-activate|p1b: Sinistcha|move: Protect\n|-damage|p1a: Mimikyu|20\/100\n|-status|p1a: Mimikyu|frz\n|\n|-weather|Snow|[upkeep]\n|-damage|p2a: Frostzilla|41\/100|[from] Curse\n|upkeep\n|turn|4\n|inactive|Snarf6969 has 30 seconds left.\n|\n|t:|1700108257\n|switch|p1b: Hydreigon|Hydreigon, L50, F|100\/100\n|cant|p1a: Mimikyu|frz\n|move|p2a: Frostzilla|Tera Blast|p1b: Hydreigon|[anim] Tera Blast Fire\n|-resisted|p1b: Hydreigon\n|-damage|p1b: Hydreigon|71\/100\n|move|p2b: Kura Kura|Blizzard|p1a: Mimikyu|[spread] p1a,p1b\n|-supereffective|p1b: Hydreigon\n|-damage|p1a: Mimikyu|0 fnt\n|-damage|p1b: Hydreigon|13\/100\n|faint|p1a: Mimikyu\n|\n|-weather|Snow|[upkeep]\n|-damage|p2a: Frostzilla|16\/100|[from] Curse\n|upkeep\n|\n|t:|1700108270\n|switch|p1a: Sinistcha|Sinistcha-Masterpiece, L50|100\/100\n|-heal|p1b: Hydreigon|37\/100|[from] ability: Hospitality|[of] p1a: Sinistcha\n|turn|5\n|inactive|Snarf6969 has 30 seconds left.\n|\n|t:|1700108303\n|move|p2a: Frostzilla|Ice Shard|p1b: Hydreigon\n|-supereffective|p1b: Hydreigon\n|-damage|p1b: Hydreigon|0 fnt\n|faint|p1b: Hydreigon\n|move|p1a: Sinistcha|Matcha Gotcha|p2a: Frostzilla|[spread] p2a,p2b\n|-resisted|p2a: Frostzilla\n|-damage|p2a: Frostzilla|6\/100\n|-damage|p2b: Kura Kura|0 fnt\n|faint|p2b: Kura Kura\n|\n|-weather|none\n|-damage|p2a: Frostzilla|0 fnt|[from] Curse\n|faint|p2a: Frostzilla\n|-fieldend|move: Trick Room\n|upkeep\n|\n|t:|1700108315\n|switch|p2b: Big Fish|Basculegion, L50, M|100\/100\n|switch|p2a: Windmill|Tornadus, L50, M|100\/100\n|turn|6\n|\n|t:|1700108323\n|-terastallize|p1a: Sinistcha|Water\n|move|p2a: Windmill|Taunt|p1a: Sinistcha\n|-start|p1a: Sinistcha|move: Taunt\n|move|p2b: Big Fish|Last Respects|p1a: Sinistcha\n|-damage|p1a: Sinistcha|36\/100\n|-enditem|p1a: Sinistcha|Sitrus Berry|[eat]\n|-heal|p1a: Sinistcha|61\/100|[from] item: Sitrus Berry\n|move|p1a: Sinistcha|Matcha Gotcha|p2a: Windmill|[spread] p2a,p2b\n|-resisted|p2a: Windmill\n|-supereffective|p2b: Big Fish\n|-damage|p2a: Windmill|89\/100\n|-heal|p1a: Sinistcha|67\/100|[from] drain|[of] p2a: Windmill\n|-damage|p2b: Big Fish|53\/100\n|-heal|p1a: Sinistcha|93\/100|[from] drain|[of] p2b: Big Fish\n|\n|upkeep\n|turn|7\n|\n|t:|1700108340\n|move|p2b: Big Fish|Last Respects|p1a: Sinistcha\n|-damage|p1a: Sinistcha|28\/100\n|move|p2a: Windmill|Bleakwind Storm|p1a: Sinistcha\n|-crit|p1a: Sinistcha\n|-damage|p1a: Sinistcha|0 fnt\n|faint|p1a: Sinistcha\n|\n|win|KingRDGO\n|raw|Snarf6969's rating: 1145 &rarr; <strong>1119<\/strong><br \/>(-26 for losing)\n|raw|KingRDGO's rating: 1138 &rarr; <strong>1164<\/strong><br \/>(+26 for winning)\n|c|\u2606KingRDGO|gg\n|l|\u2606Snarf6969\n|player|p2|KingRDGO|steven\n","uploadtime":1700108406,"views":16,"p1id":"snarf6969","p2id":"kingrdgo","formatid":"gen9vgc2023regulatione","rating":1119,"private":0,"password":""}