{"id":"gen9vgc2023regulatione-1995646999","p1":"Parabulatim","p2":"That_Hamos","format":"[Gen 9] VGC 2023 Regulation E","log":"|j|\u2606Parabulatim\n|j|\u2606That_Hamos\n|t:|1700590501\n|gametype|doubles\n|player|p1|Parabulatim|169|1320\n|player|p2|That_Hamos|steven|1207\n|teamsize|p1|6\n|teamsize|p2|6\n|gen|9\n|tier|[Gen 9] VGC 2023 Regulation E\n|rated|\n|rule|Species Clause: Limit one of each Pok\u00e9mon\n|rule|Item Clause: Limit one of each item\n|clearpoke\n|poke|p1|Grimmsnarl, L50, M|\n|poke|p1|Wyrdeer, L50, F|\n|poke|p1|Okidogi, L50, M|\n|poke|p1|Iron Hands, L50|\n|poke|p1|Enamorus-Therian, L50, F|\n|poke|p1|Ogerpon, L50, F|\n|poke|p2|Spiritomb, L50, F|\n|poke|p2|Iron Moth, L50|\n|poke|p2|Ogerpon-Wellspring, L50, F|\n|poke|p2|Regieleki, L50|\n|poke|p2|Clefairy, L50, F|\n|poke|p2|Chien-Pao, L50|\n|teampreview|4\n|inactive|Battle timer is ON: inactive players will automatically lose when time's up. (requested by That_Hamos)\n|\n|t:|1700590541\n|start\n|switch|p1a: Grimmsnarl|Grimmsnarl, L50, M|100\/100\n|switch|p1b: Okidogi|Okidogi, L50, M|100\/100\n|switch|p2a: Spiritomb|Spiritomb, L50, F|100\/100\n|switch|p2b: Regieleki|Regieleki, L50|100\/100\n|turn|1\n|\n|t:|1700590557\n|move|p2b: Regieleki|Protect|p2b: Regieleki\n|-singleturn|p2b: Regieleki|Protect\n|move|p1b: Okidogi|Protect|p1b: Okidogi\n|-singleturn|p1b: Okidogi|Protect\n|move|p1a: Grimmsnarl|Reflect|p1a: Grimmsnarl\n|-sidestart|p1: Parabulatim|Reflect\n|move|p2a: Spiritomb|Will-O-Wisp|p1b: Okidogi\n|-activate|p1b: Okidogi|move: Protect\n|\n|upkeep\n|turn|2\n|\n|t:|1700590573\n|switch|p1b: Wyrdeer|Wyrdeer, L50, F|100\/100\n|-ability|p1b: Wyrdeer|Intimidate|boost\n|-unboost|p2a: Spiritomb|atk|1\n|-unboost|p2b: Regieleki|atk|1\n|move|p1a: Grimmsnarl|Light Screen|p1a: Grimmsnarl\n|-sidestart|p1: Parabulatim|move: Light Screen\n|move|p2b: Regieleki|Electroweb|p1a: Grimmsnarl|[spread] p1a,p1b\n|-crit|p1b: Wyrdeer\n|-damage|p1a: Grimmsnarl|86\/100\n|-damage|p1b: Wyrdeer|77\/100\n|-unboost|p1a: Grimmsnarl|spe|1\n|move|p2a: Spiritomb|Will-O-Wisp|p1b: Wyrdeer\n|-status|p1b: Wyrdeer|brn\n|\n|-damage|p1b: Wyrdeer|71\/100 brn|[from] brn\n|upkeep\n|turn|3\n|\n|t:|1700590602\n|switch|p1a: Okidogi|Okidogi, L50, M|100\/100\n|move|p2b: Regieleki|Volt Switch|p1b: Wyrdeer\n|-damage|p1b: Wyrdeer|51\/100 brn\n|\n|t:|1700590619\n|switch|p2b: Iron Moth|Iron Moth, L50|100\/100|[from] Volt Switch\n|move|p1b: Wyrdeer|Skill Swap|p2a: Spiritomb\n|-activate|p1b: Wyrdeer|move: Skill Swap|Infiltrator|Intimidate|[of] p2a: Spiritomb\n|-ability|p2a: Spiritomb|Intimidate|boost\n|-ability|p1a: Okidogi|Guard Dog|boost\n|-boost|p1a: Okidogi|atk|1\n|-unboost|p1b: Wyrdeer|atk|1\n|move|p2a: Spiritomb|Will-O-Wisp|p1a: Okidogi\n|-status|p1a: Okidogi|brn\n|\n|-damage|p1a: Okidogi|94\/100 brn|[from] brn\n|-damage|p1b: Wyrdeer|45\/100 brn|[from] brn\n|upkeep\n|turn|4\n|inactive|Parabulatim has 30 seconds left.\n|inactive|That_Hamos has 30 seconds left.\n|\n|t:|1700590645\n|move|p2b: Iron Moth|Protect|p2b: Iron Moth\n|-singleturn|p2b: Iron Moth|Protect\n|move|p1a: Okidogi|Bulk Up|p1a: Okidogi\n|-boost|p1a: Okidogi|atk|1\n|-boost|p1a: Okidogi|def|1\n|move|p1b: Wyrdeer|Psychic|p2b: Iron Moth\n|-activate|p2b: Iron Moth|move: Protect\n|move|p2a: Spiritomb|Icy Wind|p1b: Wyrdeer|[spread] p1a,p1b\n|-damage|p1a: Okidogi|88\/100 brn\n|-damage|p1b: Wyrdeer|40\/100 brn\n|-unboost|p1a: Okidogi|spe|1\n|\n|-heal|p1a: Okidogi|94\/100 brn|[from] item: Leftovers\n|-damage|p1a: Okidogi|88\/100 brn|[from] brn\n|-damage|p1b: Wyrdeer|34\/100 brn|[from] brn\n|upkeep\n|turn|5\n|inactive|That_Hamos has 30 seconds left.\n|inactive|That_Hamos has 20 seconds left.\n|inactive|That_Hamos has 15 seconds left.\n|\n|t:|1700590688\n|-terastallize|p2b: Iron Moth|Flying\n|move|p2a: Spiritomb|Sucker Punch||[still]\n|-fail|p2a: Spiritomb\n|move|p2b: Iron Moth|Fiery Dance|p1a: Okidogi\n|-damage|p1a: Okidogi|59\/100 brn\n|move|p1a: Okidogi|Bulk Up|p1a: Okidogi\n|-boost|p1a: Okidogi|atk|1\n|-boost|p1a: Okidogi|def|1\n|move|p1b: Wyrdeer|Trick Room|p1b: Wyrdeer\n|-fieldstart|move: Trick Room|[of] p1b: Wyrdeer\n|\n|-heal|p1a: Okidogi|66\/100 brn|[from] item: Leftovers\n|-damage|p1b: Wyrdeer|28\/100 brn|[from] brn\n|-damage|p1a: Okidogi|59\/100 brn|[from] brn\n|upkeep\n|turn|6\n|inactive|Parabulatim has 30 seconds left.\n|\n|t:|1700590714\n|switch|p1b: Enamorus|Enamorus-Therian, L50, F|100\/100\n|move|p2b: Iron Moth|Protect|p2b: Iron Moth\n|-singleturn|p2b: Iron Moth|Protect\n|move|p2a: Spiritomb|Snarl|p1b: Enamorus|[spread] p1a,p1b\n|-resisted|p1a: Okidogi\n|-resisted|p1b: Enamorus\n|-damage|p1a: Okidogi|55\/100 brn\n|-damage|p1b: Enamorus|97\/100\n|-unboost|p1a: Okidogi|spa|1\n|-unboost|p1b: Enamorus|spa|1\n|move|p1a: Okidogi|Bulk Up|p1a: Okidogi\n|-boost|p1a: Okidogi|atk|1\n|-boost|p1a: Okidogi|def|1\n|\n|-heal|p1a: Okidogi|61\/100 brn|[from] item: Leftovers\n|-damage|p1a: Okidogi|55\/100 brn|[from] brn\n|upkeep\n|turn|7\n|\n|t:|1700590736\n|-end|p2b: Iron Moth|Quark Drive|[silent]\n|switch|p2b: Clefairy|Clefairy, L50, F|100\/100\n|-terastallize|p1b: Enamorus|Fairy\n|move|p1b: Enamorus|Dazzling Gleam|p2b: Clefairy|[spread] p2a,p2b\n|-supereffective|p2a: Spiritomb\n|-damage|p2a: Spiritomb|33\/100\n|-damage|p2b: Clefairy|65\/100\n|move|p2a: Spiritomb|Snarl|p1a: Okidogi|[spread] p1a,p1b\n|-resisted|p1a: Okidogi\n|-resisted|p1b: Enamorus\n|-damage|p1a: Okidogi|50\/100 brn\n|-damage|p1b: Enamorus|92\/100\n|-unboost|p1a: Okidogi|spa|1\n|-unboost|p1b: Enamorus|spa|1\n|move|p1a: Okidogi|Drain Punch|p2b: Clefairy\n|-resisted|p2b: Clefairy\n|-damage|p2b: Clefairy|38\/100\n|-heal|p1a: Okidogi|61\/100 brn|[from] drain|[of] p2b: Clefairy\n|\n|-heal|p2a: Spiritomb|39\/100|[from] item: Leftovers\n|-heal|p1a: Okidogi|67\/100 brn|[from] item: Leftovers\n|-damage|p1a: Okidogi|61\/100 brn|[from] brn\n|upkeep\n|turn|8\n|inactive|Parabulatim has 30 seconds left.\n|inactive|That_Hamos has 30 seconds left.\n|\n|t:|1700590769\n|switch|p1b: Grimmsnarl|Grimmsnarl, L50, M|86\/100\n|move|p2a: Spiritomb|Snarl|p1a: Okidogi|[spread] p1a,p1b\n|-resisted|p1a: Okidogi\n|-resisted|p1b: Grimmsnarl\n|-damage|p1a: Okidogi|57\/100 brn\n|-damage|p1b: Grimmsnarl|83\/100\n|-unboost|p1a: Okidogi|spa|1\n|-unboost|p1b: Grimmsnarl|spa|1\n|move|p2b: Clefairy|Heal Pulse|p2a: Spiritomb\n|-heal|p2a: Spiritomb|89\/100\n|move|p1a: Okidogi|Drain Punch|p2b: Clefairy\n|-resisted|p2b: Clefairy\n|-damage|p2b: Clefairy|12\/100\n|-heal|p1a: Okidogi|67\/100 brn|[from] drain|[of] p2b: Clefairy\n|\n|-heal|p2a: Spiritomb|95\/100|[from] item: Leftovers\n|-heal|p1a: Okidogi|73\/100 brn|[from] item: Leftovers\n|-damage|p1a: Okidogi|67\/100 brn|[from] brn\n|-sideend|p1: Parabulatim|Reflect\n|upkeep\n|turn|9\n|inactive|Parabulatim has 30 seconds left.\n|inactive|That_Hamos has 30 seconds left.\n|\n|t:|1700590801\n|move|p1b: Grimmsnarl|Reflect|p1b: Grimmsnarl\n|-sidestart|p1: Parabulatim|Reflect\n|move|p2a: Spiritomb|Will-O-Wisp|p1b: Grimmsnarl|[miss]\n|-miss|p2a: Spiritomb|p1b: Grimmsnarl\n|move|p2b: Clefairy|Reflect|p2b: Clefairy\n|-sidestart|p2: That_Hamos|Reflect\n|move|p1a: Okidogi|Bulk Up|p1a: Okidogi\n|-boost|p1a: Okidogi|atk|1\n|-boost|p1a: Okidogi|def|1\n|\n|-heal|p2a: Spiritomb|100\/100|[from] item: Leftovers\n|-heal|p1a: Okidogi|73\/100 brn|[from] item: Leftovers\n|-damage|p1a: Okidogi|67\/100 brn|[from] brn\n|-sideend|p1: Parabulatim|move: Light Screen\n|-fieldend|move: Trick Room\n|upkeep\n|turn|10\n|inactive|That_Hamos has 30 seconds left.\n|\n|t:|1700590832\n|move|p1b: Grimmsnarl|Light Screen|p1b: Grimmsnarl\n|-sidestart|p1: Parabulatim|move: Light Screen\n|move|p1a: Okidogi|Bulk Up|p1a: Okidogi\n|-boost|p1a: Okidogi|atk|1\n|-boost|p1a: Okidogi|def|1\n|move|p2b: Clefairy|Icy Wind|p1b: Grimmsnarl|[spread] p1a,p1b\n|-damage|p1a: Okidogi|62\/100 brn\n|-damage|p1b: Grimmsnarl|79\/100\n|-unboost|p1a: Okidogi|spe|1\n|-unboost|p1b: Grimmsnarl|spe|1\n|move|p2a: Spiritomb|Will-O-Wisp|p1b: Grimmsnarl\n|-status|p1b: Grimmsnarl|brn\n|\n|-heal|p1a: Okidogi|69\/100 brn|[from] item: Leftovers\n|-damage|p1a: Okidogi|62\/100 brn|[from] brn\n|-damage|p1b: Grimmsnarl|73\/100 brn|[from] brn\n|upkeep\n|turn|11\n|inactive|Parabulatim has 30 seconds left.\n|inactive|That_Hamos has 30 seconds left.\n|\n|t:|1700590861\n|switch|p2b: Regieleki|Regieleki, L50|100\/100\n|move|p1a: Okidogi|Drain Punch|p2b: Regieleki\n|-damage|p2b: Regieleki|34\/100\n|-heal|p1a: Okidogi|93\/100 brn|[from] drain|[of] p2b: Regieleki\n|move|p2a: Spiritomb|Snarl|p1a: Okidogi|[spread] p1a,p1b\n|-resisted|p1a: Okidogi\n|-resisted|p1b: Grimmsnarl\n|-damage|p1a: Okidogi|89\/100 brn\n|-damage|p1b: Grimmsnarl|70\/100 brn\n|-unboost|p1a: Okidogi|spa|1\n|-unboost|p1b: Grimmsnarl|spa|1\n|move|p1b: Grimmsnarl|Spirit Break|p2a: Spiritomb\n|-supereffective|p2a: Spiritomb\n|-damage|p2a: Spiritomb|82\/100\n|-unboost|p2a: Spiritomb|spa|1\n|\n|-heal|p1a: Okidogi|95\/100 brn|[from] item: Leftovers\n|-heal|p2a: Spiritomb|88\/100|[from] item: Leftovers\n|-damage|p1a: Okidogi|89\/100 brn|[from] brn\n|-damage|p1b: Grimmsnarl|64\/100 brn|[from] brn\n|upkeep\n|turn|12\n|inactive|That_Hamos has 30 seconds left.\n|\n|t:|1700590891\n|switch|p2a: Clefairy|Clefairy, L50, F|12\/100\n|move|p2b: Regieleki|Protect|p2b: Regieleki\n|-singleturn|p2b: Regieleki|Protect\n|move|p1b: Grimmsnarl|Parting Shot|p2b: Regieleki\n|-activate|p2b: Regieleki|move: Protect\n|move|p1a: Okidogi|Drain Punch|p2b: Regieleki\n|-activate|p2b: Regieleki|move: Protect\n|\n|-heal|p1a: Okidogi|95\/100 brn|[from] item: Leftovers\n|-damage|p1a: Okidogi|89\/100 brn|[from] brn\n|-damage|p1b: Grimmsnarl|58\/100 brn|[from] brn\n|upkeep\n|turn|13\n|inactive|That_Hamos has 30 seconds left.\n|\n|t:|1700590917\n|move|p1b: Grimmsnarl|Parting Shot|p2b: Regieleki\n|-unboost|p2b: Regieleki|atk|1\n|-unboost|p2b: Regieleki|spa|1\n|\n|t:|1700590922\n|switch|p1b: Wyrdeer|Wyrdeer, L50, F|28\/100 brn|[from] Parting Shot\n|-ability|p1b: Wyrdeer|Intimidate|boost\n|-unboost|p2a: Clefairy|atk|1\n|-unboost|p2b: Regieleki|atk|1\n|move|p2b: Regieleki|Electroweb|p1b: Wyrdeer|[spread] p1a,p1b\n|-crit|p1b: Wyrdeer\n|-damage|p1a: Okidogi|80\/100 brn\n|-damage|p1b: Wyrdeer|1\/100 brn\n|-unboost|p1a: Okidogi|spe|1\n|move|p2a: Clefairy|Heal Pulse|p2b: Regieleki\n|-heal|p2b: Regieleki|84\/100\n|move|p1a: Okidogi|Drain Punch|p2b: Regieleki\n|-damage|p2b: Regieleki|39\/100\n|-heal|p1a: Okidogi|100\/100 brn|[from] drain|[of] p2b: Regieleki\n|\n|-damage|p1b: Wyrdeer|0 fnt|[from] brn\n|faint|p1b: Wyrdeer\n|-damage|p1a: Okidogi|94\/100 brn|[from] brn\n|-sideend|p2: That_Hamos|Reflect\n|upkeep\n|\n|t:|1700590938\n|switch|p1b: Enamorus|Enamorus-Therian, L50, F, tera:Fairy|92\/100\n|turn|14\n|\n|t:|1700590951\n|move|p2b: Regieleki|Volt Switch|p1b: Enamorus\n|-damage|p1b: Enamorus|76\/100\n|\n|t:|1700590956\n|switch|p2b: Iron Moth|Iron Moth, L50, tera:Flying|100\/100|[from] Volt Switch\n|move|p2a: Clefairy|Reflect|p2a: Clefairy\n|-sidestart|p2: That_Hamos|Reflect\n|move|p1b: Enamorus|Dazzling Gleam|p2a: Clefairy|[spread] p2a,p2b\n|-damage|p2a: Clefairy|0 fnt\n|-damage|p2b: Iron Moth|54\/100\n|faint|p2a: Clefairy\n|move|p1a: Okidogi|Drain Punch|p2b: Iron Moth\n|-resisted|p2b: Iron Moth\n|-damage|p2b: Iron Moth|20\/100\n|-heal|p1a: Okidogi|100\/100 brn|[from] drain|[of] p2b: Iron Moth\n|-enditem|p2b: Iron Moth|Sitrus Berry|[eat]\n|-heal|p2b: Iron Moth|45\/100|[from] item: Sitrus Berry\n|\n|-damage|p1a: Okidogi|94\/100 brn|[from] brn\n|upkeep\n|\n|t:|1700590980\n|switch|p2a: Regieleki|Regieleki, L50|39\/100\n|turn|15\n|inactive|That_Hamos has 30 seconds left.\n|\n|t:|1700591001\n|switch|p1b: Grimmsnarl|Grimmsnarl, L50, M|58\/100 brn\n|move|p2a: Regieleki|Volt Switch|p1b: Grimmsnarl\n|-damage|p1b: Grimmsnarl|32\/100 brn\n|inactive|That_Hamos has 30 seconds left this turn.\n|\n|t:|1700591007\n|switch|p2a: Spiritomb|Spiritomb, L50, F|88\/100|[from] Volt Switch\n|move|p2b: Iron Moth|Flash Cannon|p1b: Grimmsnarl\n|-supereffective|p1b: Grimmsnarl\n|-damage|p1b: Grimmsnarl|0 fnt\n|faint|p1b: Grimmsnarl\n|move|p1a: Okidogi|Drain Punch|p2b: Iron Moth\n|-resisted|p2b: Iron Moth\n|-crit|p2b: Iron Moth\n|-damage|p2b: Iron Moth|0 fnt\n|-heal|p1a: Okidogi|100\/100 brn|[from] drain|[of] p2b: Iron Moth\n|faint|p2b: Iron Moth\n|-end|p2b: Iron Moth|Quark Drive|[silent]\n|\n|-heal|p2a: Spiritomb|94\/100|[from] item: Leftovers\n|-damage|p1a: Okidogi|94\/100 brn|[from] brn\n|upkeep\n|inactive|That_Hamos has 25 seconds left this turn.\n|inactive|That_Hamos has 20 seconds left.\n|inactive|That_Hamos has 15 seconds left.\n|inactive|That_Hamos has 10 seconds left.\n|\n|t:|1700591023\n|switch|p2b: Regieleki|Regieleki, L50|39\/100\n|switch|p1b: Enamorus|Enamorus-Therian, L50, F, tera:Fairy|76\/100\n|turn|16\n|inactive|That_Hamos has 10 seconds left this turn.\n|inactive|That_Hamos has 5 seconds left.\n|\n|t:|1700591033\n|move|p2b: Regieleki|Protect|p2b: Regieleki\n|-singleturn|p2b: Regieleki|Protect\n|move|p2a: Spiritomb|Will-O-Wisp|p1b: Enamorus\n|-status|p1b: Enamorus|brn\n|move|p1a: Okidogi|Drain Punch|p2b: Regieleki\n|-activate|p2b: Regieleki|move: Protect\n|move|p1b: Enamorus|Dazzling Gleam|p2a: Spiritomb|[spread] p2a\n|-activate|p2b: Regieleki|move: Protect\n|-supereffective|p2a: Spiritomb\n|-damage|p2a: Spiritomb|0 fnt\n|faint|p2a: Spiritomb\n|\n|-heal|p1a: Okidogi|100\/100 brn|[from] item: Leftovers\n|-damage|p1a: Okidogi|94\/100 brn|[from] brn\n|-damage|p1b: Enamorus|70\/100 brn|[from] brn\n|-sideend|p1: Parabulatim|Reflect\n|upkeep\n|turn|17\n|inactive|That_Hamos has 5 seconds left this turn.\n|-message|That_Hamos lost due to inactivity.\n|\n|win|Parabulatim\n|raw|Parabulatim's rating: 1320 &rarr; <strong>1334<\/strong><br \/>(+14 for winning)\n|raw|That_Hamos's rating: 1207 &rarr; <strong>1190<\/strong><br \/>(-17 for losing)\n|c|\u2606Parabulatim|gg wp\n","uploadtime":1700591057,"views":1,"p1id":"parabulatim","p2id":"thathamos","formatid":"gen9vgc2023regulatione","rating":1190,"private":0,"password":""}