{"id":"gen9vgc2023regulatione-2000027584","p1":"Slug Luvva","p2":"ezekial37","format":"[Gen 9] VGC 2023 Regulation E","log":"|j|\u2606Slug Luvva\n|j|\u2606ezekial37\n|t:|1701143007\n|gametype|doubles\n|player|p1|Slug Luvva|dawn|1065\n|player|p2|ezekial37|1|1040\n|teamsize|p1|6\n|teamsize|p2|6\n|gen|9\n|tier|[Gen 9] VGC 2023 Regulation E\n|rated|\n|rule|Species Clause: Limit one of each Pok\u00e9mon\n|rule|Item Clause: Limit one of each item\n|clearpoke\n|poke|p1|Goodra-Hisui, L50, M|\n|poke|p1|Thundurus, L50, M|\n|poke|p1|Cresselia, L50, F|\n|poke|p1|Rillaboom, L50, F|\n|poke|p1|Arcanine-Hisui, L50, M|\n|poke|p1|Sinistcha-Masterpiece, L50|\n|poke|p2|Infernape, L50, F|\n|poke|p2|Ninetales, L50, F|\n|poke|p2|Arcanine-Hisui, L50, F|\n|poke|p2|Typhlosion-Hisui, L50, F|\n|poke|p2|Moltres, L50|\n|poke|p2|Ogerpon-Hearthflame, L50, F|\n|teampreview|4\n|inactive|Battle timer is ON: inactive players will automatically lose when time's up. (requested by Slug Luvva)\n|c|\u2606Slug Luvva|Yooo\n|c|\u2606Slug Luvva|R u a gym leader?\n|c|\u2606Slug Luvva|Ur team is so cool\n|inactive|Slug Luvva has 60 seconds left.\n|inactive|ezekial37 has 60 seconds left.\n|inactive|ezekial37 has 30 seconds left.\n|\n|t:|1701143070\n|start\n|switch|p1a: Slug|Goodra-Hisui, L50, M, shiny|100\/100\n|switch|p1b: Arcanine|Arcanine-Hisui, L50, M|100\/100\n|switch|p2a: Typhlosion|Typhlosion-Hisui, L50, F, shiny|100\/100\n|switch|p2b: Infernape|Infernape, L50, F, shiny|100\/100\n|-ability|p1b: Arcanine|Intimidate|boost\n|-unboost|p2a: Typhlosion|atk|1\n|-unboost|p2b: Infernape|atk|1\n|turn|1\n|\n|t:|1701143093\n|move|p2b: Infernape|Fake Out|p1b: Arcanine\n|-resisted|p1b: Arcanine\n|-damage|p1b: Arcanine|95\/100\n|move|p2a: Typhlosion|Eruption|p1b: Arcanine|[spread] p1a,p1b\n|-resisted|p1b: Arcanine\n|-damage|p1a: Slug|70\/100\n|-damage|p1b: Arcanine|78\/100\n|cant|p1b: Arcanine|flinch\n|move|p1a: Slug|Curse|p1a: Slug\n|-unboost|p1a: Slug|spe|1\n|-boost|p1a: Slug|atk|1\n|-boost|p1a: Slug|def|1\n|\n|-heal|p1a: Slug|76\/100|[from] item: Leftovers\n|upkeep\n|turn|2\n|c|\u2606Slug Luvva|Glhf\n|inactive|ezekial37 has 30 seconds left.\n|\n|t:|1701143122\n|move|p2a: Typhlosion|Eruption|p1a: Slug|[spread] p1a,p1b\n|-resisted|p1b: Arcanine\n|-damage|p1a: Slug|42\/100\n|-damage|p1b: Arcanine|62\/100\n|move|p1b: Arcanine|Rock Slide|p2a: Typhlosion|[spread] p2a,p2b\n|-supereffective|p2a: Typhlosion\n|-damage|p2a: Typhlosion|0 fnt\n|-damage|p2b: Infernape|45\/100\n|faint|p2a: Typhlosion\n|move|p2b: Infernape|Drain Punch|p1a: Slug\n|-supereffective|p1a: Slug\n|-damage|p1a: Slug|8\/100\n|-heal|p2b: Infernape|64\/100|[from] drain|[of] p1a: Slug\n|move|p1a: Slug|Life Dew|p1a: Slug|[spread] p1a,p1b\n|-heal|p1a: Slug|33\/100\n|-heal|p1b: Arcanine|87\/100\n|\n|-heal|p1a: Slug|39\/100|[from] item: Leftovers\n|upkeep\n|\n|t:|1701143140\n|switch|p2a: Arcanine|Arcanine-Hisui, L50, F|100\/100\n|-ability|p2a: Arcanine|Intimidate|boost\n|-unboost|p1a: Slug|atk|1\n|-unboost|p1b: Arcanine|atk|1\n|turn|3\n|\n|t:|1701143160\n|switch|p2b: Ogerpon|Ogerpon-Hearthflame, L50, F|100\/100\n|-ability|p2b: Ogerpon|Mold Breaker\n|-terastallize|p2a: Arcanine|Water\n|-terastallize|p1a: Slug|Fairy\n|move|p1b: Arcanine|Rock Slide|p2b: Ogerpon|[spread] p2a,p2b\n|-supereffective|p2b: Ogerpon\n|-damage|p2a: Arcanine|70\/100\n|-damage|p2b: Ogerpon|30\/100\n|cant|p2a: Arcanine|flinch\n|move|p1a: Slug|Life Dew|p1a: Slug|[spread] p1a,p1b\n|-heal|p1a: Slug|64\/100\n|-heal|p1b: Arcanine|100\/100\n|\n|-heal|p1a: Slug|70\/100|[from] item: Leftovers\n|upkeep\n|turn|4\n|inactive|ezekial37 has 30 seconds left.\n|\n|t:|1701143192\n|move|p2b: Ogerpon|Knock Off|p1b: Arcanine\n|-damage|p1b: Arcanine|59\/100\n|-enditem|p1b: Arcanine|Choice Band|[from] move: Knock Off|[of] p2b: Ogerpon\n|move|p1b: Arcanine|Rock Slide|p2b: Ogerpon|[spread] p2a,p2b\n|-supereffective|p2b: Ogerpon\n|-damage|p2a: Arcanine|50\/100\n|-damage|p2b: Ogerpon|0 fnt\n|faint|p2b: Ogerpon\n|move|p2a: Arcanine|Iron Head|p1a: Slug\n|-supereffective|p1a: Slug\n|-damage|p1a: Slug|39\/100\n|move|p1a: Slug|Curse|p1a: Slug\n|-unboost|p1a: Slug|spe|1\n|-boost|p1a: Slug|atk|1\n|-boost|p1a: Slug|def|1\n|\n|-heal|p1a: Slug|45\/100|[from] item: Leftovers\n|upkeep\n|inactive|ezekial37 has 30 seconds left.\n|inactive|ezekial37 has 20 seconds left.\n|inactive|ezekial37 has 15 seconds left.\n|inactive|ezekial37 has 10 seconds left.\n|inactive|ezekial37 has 5 seconds left.\n|\n|t:|1701143247\n|switch|p2b: Infernape|Infernape, L50, F, shiny|64\/100\n|turn|5\n|inactive|ezekial37 has 30 seconds left.\n|inactive|ezekial37 has 20 seconds left.\n|inactive|ezekial37 has 15 seconds left.\n|inactive|ezekial37 has 10 seconds left.\n|inactive|ezekial37 has 5 seconds left.\n|\n|t:|1701143302\n|switch|p1b: Cresselia|Cresselia, L50, F|100\/100\n|move|p2b: Infernape|Drain Punch|p1b: Cresselia\n|-resisted|p1b: Cresselia\n|-damage|p1b: Cresselia|88\/100\n|-heal|p2b: Infernape|73\/100|[from] drain|[of] p1b: Cresselia\n|-damage|p2b: Infernape|56\/100|[from] item: Rocky Helmet|[of] p1b: Cresselia\n|move|p2a: Arcanine|Close Combat|p1a: Slug\n|-resisted|p1a: Slug\n|-damage|p1a: Slug|37\/100\n|-unboost|p2a: Arcanine|def|1\n|-unboost|p2a: Arcanine|spd|1\n|move|p1a: Slug|Curse|p1a: Slug\n|-unboost|p1a: Slug|spe|1\n|-boost|p1a: Slug|atk|1\n|-boost|p1a: Slug|def|1\n|\n|-heal|p1a: Slug|43\/100|[from] item: Leftovers\n|upkeep\n|turn|6\n|inactive|ezekial37 has 30 seconds left.\n|c|\u2606Slug Luvva|I will pull this off fully\n|c|\u2606Slug Luvva|Lol\n|inactive|ezekial37 has 20 seconds left.\n|inactive|ezekial37 has 15 seconds left.\n|inactive|ezekial37 has 10 seconds left.\n|inactive|ezekial37 has 5 seconds left.\n|\n|t:|1701143357\n|move|p2b: Infernape|Drain Punch|p1b: Cresselia\n|-resisted|p1b: Cresselia\n|-damage|p1b: Cresselia|76\/100\n|-heal|p2b: Infernape|65\/100|[from] drain|[of] p1b: Cresselia\n|-damage|p2b: Infernape|49\/100|[from] item: Rocky Helmet|[of] p1b: Cresselia\n|move|p2a: Arcanine|Close Combat|p1b: Cresselia\n|-resisted|p1b: Cresselia\n|-damage|p1b: Cresselia|66\/100\n|-unboost|p2a: Arcanine|def|1\n|-unboost|p2a: Arcanine|spd|1\n|-damage|p2a: Arcanine|33\/100|[from] item: Rocky Helmet|[of] p1b: Cresselia\n|move|p1a: Slug|Curse|p1a: Slug\n|-unboost|p1a: Slug|spe|1\n|-boost|p1a: Slug|atk|1\n|-boost|p1a: Slug|def|1\n|move|p1b: Cresselia|Trick Room|p1b: Cresselia\n|-fieldstart|move: Trick Room|[of] p1b: Cresselia\n|\n|-heal|p1a: Slug|49\/100|[from] item: Leftovers\n|upkeep\n|turn|7\n|inactive|Slug Luvva has 30 seconds left.\n|inactive|ezekial37 has 30 seconds left.\n|inactive|ezekial37 has 20 seconds left.\n|inactive|ezekial37 has 15 seconds left.\n|inactive|ezekial37 has 10 seconds left.\n|inactive|ezekial37 has 5 seconds left.\n|\n|t:|1701143412\n|switch|p1b: Thundurus|Thundurus, L50, M|100\/100\n|move|p1a: Slug|Curse|p1a: Slug\n|-unboost|p1a: Slug|spe|1\n|-boost|p1a: Slug|atk|1\n|-boost|p1a: Slug|def|1\n|move|p2a: Arcanine|Close Combat|p1a: Slug\n|-resisted|p1a: Slug\n|-damage|p1a: Slug|44\/100\n|-unboost|p2a: Arcanine|def|1\n|-unboost|p2a: Arcanine|spd|1\n|move|p2b: Infernape|Drain Punch|p1a: Slug\n|-resisted|p1a: Slug\n|-damage|p1a: Slug|38\/100\n|-heal|p2b: Infernape|52\/100|[from] drain|[of] p1a: Slug\n|\n|-heal|p1a: Slug|44\/100|[from] item: Leftovers\n|upkeep\n|turn|8\n|inactive|ezekial37 has 30 seconds left.\n|inactive|ezekial37 has 20 seconds left.\n|inactive|ezekial37 has 15 seconds left.\n|inactive|ezekial37 has 10 seconds left.\n|inactive|ezekial37 has 5 seconds left.\n|\n|t:|1701143467\n|switch|p1b: Arcanine|Arcanine-Hisui, L50, M|59\/100\n|-ability|p1b: Arcanine|Intimidate|boost\n|-unboost|p2a: Arcanine|atk|1\n|-unboost|p2b: Infernape|atk|1\n|move|p1a: Slug|Curse|p1a: Slug\n|-unboost|p1a: Slug|spe|1\n|-boost|p1a: Slug|atk|1\n|-boost|p1a: Slug|def|1\n|move|p2a: Arcanine|Close Combat|p1a: Slug\n|-resisted|p1a: Slug\n|-damage|p1a: Slug|41\/100\n|-unboost|p2a: Arcanine|def|1\n|-unboost|p2a: Arcanine|spd|1\n|move|p2b: Infernape|Drain Punch|p1b: Arcanine\n|-supereffective|p1b: Arcanine\n|-damage|p1b: Arcanine|0 fnt\n|-heal|p2b: Infernape|86\/100|[from] drain|[of] p1b: Arcanine\n|faint|p1b: Arcanine\n|\n|-heal|p1a: Slug|48\/100|[from] item: Leftovers\n|upkeep\n|\n|t:|1701143484\n|switch|p1b: Cresselia|Cresselia, L50, F|66\/100\n|turn|9\n|inactive|ezekial37 has 30 seconds left.\n|inactive|ezekial37 has 20 seconds left.\n|inactive|ezekial37 has 15 seconds left.\n|inactive|ezekial37 has 10 seconds left.\n|inactive|ezekial37 has 5 seconds left.\n|-message|ezekial37 lost due to inactivity.\n|\n|win|Slug Luvva\n|raw|Slug Luvva's rating: 1065 &rarr; <strong>1092<\/strong><br \/>(+27 for winning)\n|raw|ezekial37's rating: 1024 &rarr; <strong>1012<\/strong><br \/>(-12 for losing)\n|c|\u2606Slug Luvva|Nooooooo\n|c|\u2606Slug Luvva|Gg tho\n","uploadtime":1701143534,"views":1,"p1id":"slugluvva","p2id":"ezekial37","formatid":"gen9vgc2023regulatione","rating":1012,"private":0,"password":""}