{"id":"gen9vgc2023regulatione-2000450460","p1":"Guakamou","p2":"gurupatak","format":"[Gen 9] VGC 2023 Regulation E","log":"|j|\u2606Guakamou\n|j|\u2606gurupatak\n|n|\u2606Guakamou|guakamou\n|n|\u2606gurupatak|gurupatak\n|html|View the match progress at <a href=\"\/game-bestof3-gen9vgc2023regulatione-2000447206\">game-bestof3-gen9vgc2023regulatione-2000447206<\/a>\n|t:|1701195856\n|gametype|doubles\n|player|p1|Guakamou|palmer|\n|player|p2|gurupatak|170|\n|teamsize|p1|6\n|teamsize|p2|6\n|gen|9\n|tier|[Gen 9] VGC 2023 Regulation E\n|rule|Species Clause: Limit one of each Pok\u00e9mon\n|rule|Item Clause: Limit one of each item\n|clearpoke\n|poke|p1|Heatran, L50, F|\n|poke|p1|Landorus-Therian, L50, M|\n|poke|p1|Iron Hands, L50|\n|poke|p1|Iron Bundle, L50|\n|poke|p1|Rillaboom, L50, M|\n|poke|p1|Ogerpon-Hearthflame, L50, F|\n|poke|p2|Arcanine-Hisui, L50, F|\n|poke|p2|Basculegion, L50, M|\n|poke|p2|Iron Hands, L50|\n|poke|p2|Tornadus, L50, M|\n|poke|p2|Gholdengo, L50|\n|poke|p2|Farigiraf, L50, F|\n|teampreview|4\n|inactive|Battle timer is ON: inactive players will automatically lose when time's up. (requested by gurupatak)\nGuakamou has agreed to open team sheets.\ngurupatak has agreed to open team sheets.\n|showteam|p1|Heatran||LifeOrb|FlashFire|HeatWave,EarthPower,FlashCannon,Protect|||F|||50|,,,,,Fairy]Landorus-Therian||ChoiceScarf|Intimidate|TeraBlast,Uturn,RockSlide,StompingTantrum|||M|||50|,,,,,Flying]Iron Hands||AssaultVest|QuarkDrive|FakeOut,WildCharge,DrainPunch,HeavySlam||||||50|,,,,,Water]Iron Bundle||BoosterEnergy|QuarkDrive|IcyWind,Encore,FreezeDry,Protect||||||50|,,,,,Ghost]Rillaboom||MiracleSeed|GrassySurge|FakeOut,WoodHammer,Uturn,GrassyGlide|||M|||50|,,,,,Grass]Ogerpon-Hearthflame||HearthflameMask|MoldBreaker|IvyCudgel,GrassyGlide,SwordsDance,SpikyShield|||F|||50|,,,,,Fire\n|showteam|p2|Arcanine-Hisui||ChoiceBand|Intimidate|FlareBlitz,RockSlide,ExtremeSpeed,TeraBlast|||F|||50|,,,,,Fairy]Basculegion||AssaultVest|Adaptability|WaveCrash,LastRespects,PhantomForce,AquaJet|||M|||50|,,,,,Grass]Iron Hands||BoosterEnergy|QuarkDrive|WildCharge,CloseCombat,FakeOut,Detect||||||50|,,,,,Grass]Tornadus||SkyPlate|Prankster|BleakwindStorm,Tailwind,Taunt,Protect|||M|||50|,,,,,Flying]Gholdengo||ChoiceSpecs|GoodasGold|MakeItRain,ShadowBall,Thunderbolt,Trick||||||50|,,,,,Steel]Farigiraf||SafetyGoggles|ArmorTail|Psychic,DazzlingGleam,NastyPlot,TrickRoom|||F|||50|,,,,,Fairy\n|c|\u2606gurupatak|glhf\n|\n|t:|1701195887\n|start\n|switch|p1a: Ogerpon|Ogerpon-Hearthflame, L50, F|100\/100\n|switch|p1b: Rillaboom|Rillaboom, L50, M|100\/100\n|switch|p2a: Tornadus|Tornadus, L50, M|100\/100\n|switch|p2b: Arcanine|Arcanine-Hisui, L50, F|100\/100\n|-ability|p1a: Ogerpon|Mold Breaker\n|-ability|p2b: Arcanine|Intimidate|boost\n|-unboost|p1a: Ogerpon|atk|1\n|-unboost|p1b: Rillaboom|atk|1\n|-fieldstart|move: Grassy Terrain|[from] ability: Grassy Surge|[of] p1b: Rillaboom\n|turn|1\n|\n|t:|1701195898\n|-terastallize|p1a: Ogerpon|Fire\n|detailschange|p1a: Ogerpon|Ogerpon-Hearthflame-Tera, L50, F, tera:Fire\n|-ability|p1a: Ogerpon|Embody Aspect (Hearthflame)|boost\n|-boost|p1a: Ogerpon|atk|1\n|move|p2a: Tornadus|Protect|p2a: Tornadus\n|-singleturn|p2a: Tornadus|Protect\n|move|p1b: Rillaboom|Fake Out|p2b: Arcanine\n|-resisted|p2b: Arcanine\n|-damage|p2b: Arcanine|95\/100\n|move|p1a: Ogerpon|Swords Dance|p1a: Ogerpon\n|-boost|p1a: Ogerpon|atk|2\n|cant|p2b: Arcanine|flinch\n|\n|-heal|p2b: Arcanine|100\/100|[from] Grassy Terrain\n|upkeep\n|turn|2\n|\n|t:|1701195913\n|switch|p1b: Landorus|Landorus-Therian, L50, M|100\/100\n|-ability|p1b: Landorus|Intimidate|boost\n|-unboost|p2a: Tornadus|atk|1\n|-unboost|p2b: Arcanine|atk|1\n|move|p1a: Ogerpon|Grassy Glide|p2b: Arcanine\n|-damage|p2b: Arcanine|13\/100\n|move|p2a: Tornadus|Tailwind|p2a: Tornadus\n|-sidestart|p2: gurupatak|move: Tailwind\n|move|p2b: Arcanine|Rock Slide|p1a: Ogerpon|[spread] p1a,p1b\n|-supereffective|p1a: Ogerpon\n|-damage|p1a: Ogerpon|38\/100\n|-damage|p1b: Landorus|74\/100\n|\n|-heal|p2b: Arcanine|19\/100|[from] Grassy Terrain\n|-heal|p1a: Ogerpon|44\/100|[from] Grassy Terrain\n|upkeep\n|turn|3\n|\n|t:|1701195934\n|switch|p1b: Iron Hands|Iron Hands, L50|100\/100\n|move|p1a: Ogerpon|Grassy Glide|p2b: Arcanine\n|-damage|p2b: Arcanine|0 fnt\n|faint|p2b: Arcanine\n|move|p2a: Tornadus|Bleakwind Storm|p1b: Iron Hands|[spread] p1a,p1b\n|-crit|p1b: Iron Hands\n|-damage|p1a: Ogerpon|3\/100\n|-damage|p1b: Iron Hands|66\/100\n|-unboost|p1a: Ogerpon|spe|1\n|\n|-heal|p1a: Ogerpon|9\/100|[from] Grassy Terrain\n|-heal|p1b: Iron Hands|73\/100|[from] Grassy Terrain\n|upkeep\n|\n|t:|1701195950\n|switch|p2b: Basculegion|Basculegion, L50, M|100\/100\n|turn|4\n|\n|t:|1701195965\n|switch|p1a: Landorus|Landorus-Therian, L50, M|74\/100\n|-ability|p1a: Landorus|Intimidate|boost\n|-unboost|p2a: Tornadus|atk|1\n|-unboost|p2b: Basculegion|atk|1\n|-terastallize|p2b: Basculegion|Grass\n|move|p2a: Tornadus|Protect|p2a: Tornadus\n|-singleturn|p2a: Tornadus|Protect\n|move|p2b: Basculegion|Last Respects|p1a: Landorus\n|-damage|p1a: Landorus|39\/100\n|move|p1b: Iron Hands|Wild Charge|p2a: Tornadus\n|-activate|p2a: Tornadus|move: Protect\n|\n|-heal|p1b: Iron Hands|79\/100|[from] Grassy Terrain\n|upkeep\n|turn|5\n|\n|t:|1701195982\n|switch|p2a: Iron Hands|Iron Hands, L50|100\/100\n|-enditem|p2a: Iron Hands|Booster Energy\n|-activate|p2a: Iron Hands|ability: Quark Drive|[fromitem]\n|-start|p2a: Iron Hands|quarkdriveatk\n|move|p2b: Basculegion|Last Respects|p1b: Iron Hands\n|-damage|p1b: Iron Hands|56\/100\n|move|p1a: Landorus|U-turn|p2b: Basculegion\n|-supereffective|p2b: Basculegion\n|-damage|p2b: Basculegion|48\/100\n|\n|t:|1701195995\n|switch|p1a: Ogerpon|Ogerpon-Hearthflame-Tera, L50, F, tera:Fire|9\/100|[from] U-turn\n|-ability|p1a: Ogerpon|Embody Aspect (Hearthflame)|boost\n|-boost|p1a: Ogerpon|atk|1\n|move|p1b: Iron Hands|Wild Charge|p2a: Iron Hands\n|-resisted|p2a: Iron Hands\n|-damage|p2a: Iron Hands|83\/100\n|-damage|p1b: Iron Hands|52\/100|[from] Recoil\n|\n|-heal|p2b: Basculegion|55\/100|[from] Grassy Terrain\n|-heal|p2a: Iron Hands|89\/100|[from] Grassy Terrain\n|-heal|p1a: Ogerpon|14\/100|[from] Grassy Terrain\n|-heal|p1b: Iron Hands|58\/100|[from] Grassy Terrain\n|-sideend|p2: gurupatak|move: Tailwind\n|-fieldend|move: Grassy Terrain\n|upkeep\n|turn|6\n|\n|t:|1701196008\n|switch|p1a: Landorus|Landorus-Therian, L50, M|39\/100\n|-ability|p1a: Landorus|Intimidate|boost\n|-unboost|p2a: Iron Hands|atk|1\n|-unboost|p2b: Basculegion|atk|1\n|move|p2b: Basculegion|Aqua Jet|p1a: Landorus\n|-supereffective|p1a: Landorus\n|-damage|p1a: Landorus|18\/100\n|move|p2a: Iron Hands|Close Combat|p1b: Iron Hands\n|-damage|p1b: Iron Hands|17\/100\n|-unboost|p2a: Iron Hands|def|1\n|-unboost|p2a: Iron Hands|spd|1\n|move|p1b: Iron Hands|Drain Punch|p2b: Basculegion\n|-damage|p2b: Basculegion|13\/100\n|-heal|p1b: Iron Hands|34\/100|[from] drain|[of] p2b: Basculegion\n|\n|upkeep\n|turn|7\n|inactive|Guakamou has 30 seconds left.\n|inactive|Guakamou has 20 seconds left.\n|\n|t:|1701196046\n|move|p2b: Basculegion|Aqua Jet|p1a: Landorus\n|-supereffective|p1a: Landorus\n|-damage|p1a: Landorus|0 fnt\n|faint|p1a: Landorus\n|move|p2a: Iron Hands|Close Combat|p1b: Iron Hands\n|-damage|p1b: Iron Hands|0 fnt\n|-unboost|p2a: Iron Hands|def|1\n|-unboost|p2a: Iron Hands|spd|1\n|faint|p1b: Iron Hands\n|-end|p1b: Iron Hands|Quark Drive|[silent]\n|\n|upkeep\n|\n|t:|1701196052\n|switch|p1a: Rillaboom|Rillaboom, L50, M|100\/100\n|switch|p1b: Ogerpon|Ogerpon-Hearthflame-Tera, L50, F, tera:Fire|14\/100\n|-ability|p1b: Ogerpon|Embody Aspect (Hearthflame)|boost\n|-boost|p1b: Ogerpon|atk|1\n|-fieldstart|move: Grassy Terrain|[from] ability: Grassy Surge|[of] p1a: Rillaboom\n|turn|8\n|\n|t:|1701196068\n|move|p1a: Rillaboom|Fake Out|p2b: Basculegion\n|-damage|p2b: Basculegion|0 fnt\n|faint|p2b: Basculegion\n|move|p1b: Ogerpon|Ivy Cudgel|p2a: Iron Hands|[anim] Ivy Cudgel Fire\n|-damage|p2a: Iron Hands|0 fnt\n|faint|p2a: Iron Hands\n|-end|p2a: Iron Hands|Quark Drive|[silent]\n|\n|-heal|p1b: Ogerpon|20\/100|[from] Grassy Terrain\n|upkeep\n|\n|t:|1701196071\n|switch|p2b: Tornadus|Tornadus, L50, M|100\/100\n|turn|9\n|\n|t:|1701196086\n|move|p1b: Ogerpon|Grassy Glide|p2b: Tornadus\n|-resisted|p2b: Tornadus\n|-damage|p2b: Tornadus|67\/100\n|move|p1a: Rillaboom|Grassy Glide|p2b: Tornadus\n|-resisted|p2b: Tornadus\n|-damage|p2b: Tornadus|41\/100\n|move|p2b: Tornadus|Bleakwind Storm|p1a: Rillaboom|[spread] p1a\n|-miss|p2b: Tornadus|p1b: Ogerpon\n|-supereffective|p1a: Rillaboom\n|-damage|p1a: Rillaboom|1\/100\n|\n|-heal|p1b: Ogerpon|26\/100|[from] Grassy Terrain\n|-heal|p1a: Rillaboom|7\/100|[from] Grassy Terrain\n|upkeep\n|turn|10\n|c|\u2606gurupatak|na\n|\n|t:|1701196101\n|move|p2b: Tornadus|Protect|p2b: Tornadus\n|-singleturn|p2b: Tornadus|Protect\n|move|p1b: Ogerpon|Grassy Glide|p2b: Tornadus\n|-activate|p2b: Tornadus|move: Protect\n|move|p1a: Rillaboom|Grassy Glide|p2b: Tornadus\n|-activate|p2b: Tornadus|move: Protect\n|\n|-heal|p1b: Ogerpon|32\/100|[from] Grassy Terrain\n|-heal|p1a: Rillaboom|13\/100|[from] Grassy Terrain\n|upkeep\n|turn|11\n|\n|t:|1701196107\n|move|p1b: Ogerpon|Grassy Glide|p2b: Tornadus\n|-resisted|p2b: Tornadus\n|-damage|p2b: Tornadus|5\/100\n|move|p1a: Rillaboom|Grassy Glide|p2b: Tornadus\n|-resisted|p2b: Tornadus\n|-damage|p2b: Tornadus|0 fnt\n|faint|p2b: Tornadus\n|\n|win|Guakamou\n|c|\u2606gurupatak|gg\n|inactive|Guakamou has 50 seconds to confirm battle start!\n|inactive|gurupatak has 50 seconds to confirm battle start!\n|c|&|\/uhtml prompt-gurupatak,gurupatak is ready for game 3!\n|inactive|Guakamou has 40 seconds to confirm battle start!\n|c|&|\/uhtml prompt-guakamou,Guakamou is ready for game 3!\nBoth players are ready! Starting next match!\n","uploadtime":1701196375,"views":7,"p1id":"guakamou","p2id":"gurupatak","formatid":"gen9vgc2023regulatione","rating":0,"private":0,"password":""}