{"id":"gen9vgc2023regulatione-1998117968","p1":"suedanim","p2":"woodywoodward83","format":"[Gen 9] VGC 2023 Regulation E","log":"|j|\u2606suedanim\n|j|\u2606woodywoodward83\n|t:|1700894519\n|gametype|doubles\n|player|p1|suedanim|265|1086\n|player|p2|woodywoodward83|1|1159\n|teamsize|p1|6\n|teamsize|p2|6\n|gen|9\n|tier|[Gen 9] VGC 2023 Regulation E\n|rated|\n|rule|Species Clause: Limit one of each Pok\u00e9mon\n|rule|Item Clause: Limit one of each item\n|clearpoke\n|poke|p1|Wyrdeer, L50, F|\n|poke|p1|Empoleon, L50, M|\n|poke|p1|Gastrodon, L50, F|\n|poke|p1|Politoed, L50, F|\n|poke|p1|Kingambit, L50, F|\n|poke|p1|Raichu, L50, M|\n|poke|p2|Pelipper, L50, F|\n|poke|p2|Palafin, L50, F|\n|poke|p2|Tornadus, L50, M|\n|poke|p2|Gholdengo, L50|\n|poke|p2|Brute Bonnet, L50|\n|poke|p2|Urshifu-*, L50, F|\n|teampreview|4\n|inactive|Battle timer is ON: inactive players will automatically lose when time's up. (requested by suedanim)\n|\n|t:|1700894551\n|start\n|switch|p1a: Empoleon|Empoleon, L50, M|100\/100\n|switch|p1b: Wyrdeer|Wyrdeer, L50, F|100\/100\n|switch|p2a: Palafin|Palafin, L50, F|100\/100\n|switch|p2b: Urshifu|Urshifu-Rapid-Strike, L50, F|100\/100\n|-ability|p1b: Wyrdeer|Intimidate|boost\n|-unboost|p2a: Palafin|atk|1\n|-unboost|p2b: Urshifu|atk|1\n|turn|1\n|\n|t:|1700894566\n|detailschange|p2a: Palafin|Palafin-Hero, L50, F\n|switch|p2a: Pelipper|Pelipper, L50, F, shiny|100\/100\n|-weather|RainDance|[from] ability: Drizzle|[of] p2a: Pelipper\n|move|p1a: Empoleon|Protect|p1a: Empoleon\n|-singleturn|p1a: Empoleon|Protect\n|move|p2b: Urshifu|U-turn|p1b: Wyrdeer\n|-supereffective|p1b: Wyrdeer\n|-crit|p1b: Wyrdeer\n|-damage|p1b: Wyrdeer|25\/100\n|-enditem|p1b: Wyrdeer|Aguav Berry|[eat]\n|-heal|p1b: Wyrdeer|59\/100|[from] item: Aguav Berry\n|\n|t:|1700894576\n|switch|p2b: Brute Bonnet|Brute Bonnet, L50|100\/100|[from] U-turn\n|-enditem|p2b: Brute Bonnet|Booster Energy\n|-activate|p2b: Brute Bonnet|ability: Protosynthesis|[fromitem]\n|-start|p2b: Brute Bonnet|protosynthesisdef\n|move|p1b: Wyrdeer|Skill Swap||[still]\n|-fail|p1b: Wyrdeer\n|\n|-weather|RainDance|[upkeep]\n|upkeep\n|turn|2\n|inactive|suedanim has 30 seconds left.\n|\n|t:|1700894602\n|move|p2a: Pelipper|Helping Hand|p2b: Brute Bonnet\n|-singleturn|p2b: Brute Bonnet|Helping Hand|[of] p2a: Pelipper\n|move|p1a: Empoleon|Ice Beam|p2b: Brute Bonnet\n|-supereffective|p2b: Brute Bonnet\n|-damage|p2b: Brute Bonnet|30\/100\n|-damage|p1a: Empoleon|91\/100|[from] item: Life Orb\n|move|p2b: Brute Bonnet|Seed Bomb|p1a: Empoleon\n|-damage|p1a: Empoleon|36\/100\n|move|p1b: Wyrdeer|Trick Room|p1b: Wyrdeer\n|-fieldstart|move: Trick Room|[of] p1b: Wyrdeer\n|\n|-weather|RainDance|[upkeep]\n|upkeep\n|turn|3\n|\n|t:|1700894626\n|move|p1a: Empoleon|Protect|p1a: Empoleon\n|-singleturn|p1a: Empoleon|Protect\n|move|p2b: Brute Bonnet|Sucker Punch||[still]\n|-fail|p2b: Brute Bonnet\n|move|p1b: Wyrdeer|Skill Swap|p2a: Pelipper\n|-activate|p1b: Wyrdeer|move: Skill Swap|Drizzle|Intimidate|[of] p2a: Pelipper\n|-ability|p2a: Pelipper|Intimidate|boost\n|-unboost|p1a: Empoleon|atk|1\n|-ability|p1a: Empoleon|Competitive|boost\n|-boost|p1a: Empoleon|spa|2\n|-unboost|p1b: Wyrdeer|atk|1\n|move|p2a: Pelipper|Hurricane|p1b: Wyrdeer\n|-damage|p1b: Wyrdeer|25\/100\n|\n|-weather|RainDance|[upkeep]\n|upkeep\n|turn|4\n|inactive|suedanim has 30 seconds left.\n|\n|t:|1700894661\n|switch|p1b: Gastrodon|Gastrodon, L50, F|100\/100\n|move|p2a: Pelipper|Helping Hand|p2b: Brute Bonnet\n|-singleturn|p2b: Brute Bonnet|Helping Hand|[of] p2a: Pelipper\n|move|p2b: Brute Bonnet|Seed Bomb|p1a: Empoleon\n|-damage|p1a: Empoleon|0 fnt\n|faint|p1a: Empoleon\n|\n|-weather|RainDance|[upkeep]\n|upkeep\n|\n|t:|1700894670\n|switch|p1a: Raichu|Raichu, L50, M|100\/100\n|turn|5\n|\n|t:|1700894695\n|switch|p2a: Palafin|Palafin-Hero, L50, F|100\/100\n|-activate|p2a: Palafin|ability: Zero to Hero\n|move|p1a: Raichu|Fake Out|p2b: Brute Bonnet\n|-damage|p2b: Brute Bonnet|26\/100\n|move|p1b: Gastrodon|Clear Smog|p2b: Brute Bonnet\n|-supereffective|p2b: Brute Bonnet\n|-damage|p2b: Brute Bonnet|0 fnt\n|-clearboost|p2b: Brute Bonnet\n|faint|p2b: Brute Bonnet\n|-end|p2b: Brute Bonnet|Protosynthesis|[silent]\n|\n|-weather|none\n|upkeep\n|\n|t:|1700894714\n|switch|p2b: Pelipper|Pelipper, L50, F, shiny|100\/100\n|-weather|RainDance|[from] ability: Drizzle|[of] p2b: Pelipper\n|turn|6\n|inactive|woodywoodward83 has 30 seconds left.\n|\n|t:|1700894742\n|move|p2a: Palafin|Protect|p2a: Palafin\n|-singleturn|p2a: Palafin|Protect\n|move|p1b: Gastrodon|Earth Power|p2a: Palafin\n|-activate|p2a: Palafin|move: Protect\n|move|p2b: Pelipper|Hurricane|p1b: Gastrodon\n|-damage|p1b: Gastrodon|56\/100\n|move|p1a: Raichu|Thunder|p2a: Palafin\n|-activate|p2a: Palafin|move: Protect\n|\n|-weather|RainDance|[upkeep]\n|-fieldend|move: Trick Room\n|upkeep\n|turn|7\n|inactive|woodywoodward83 has 30 seconds left.\n|inactive|woodywoodward83 has 20 seconds left.\n|inactive|woodywoodward83 has 15 seconds left.\n|\n|t:|1700894787\n|move|p1a: Raichu|Thunder|p2b: Pelipper\n|-supereffective|p2b: Pelipper\n|-damage|p2b: Pelipper|0 fnt\n|faint|p2b: Pelipper\n|move|p2a: Palafin|Acrobatics|p1b: Gastrodon\n|-damage|p1b: Gastrodon|33\/100\n|-enditem|p1b: Gastrodon|Sitrus Berry|[eat]\n|-heal|p1b: Gastrodon|57\/100|[from] item: Sitrus Berry\n|move|p1b: Gastrodon|Earth Power|p2a: Palafin\n|-damage|p2a: Palafin|52\/100\n|-unboost|p2a: Palafin|spd|1\n|\n|-weather|RainDance|[upkeep]\n|upkeep\n|\n|t:|1700894801\n|switch|p2b: Urshifu|Urshifu-Rapid-Strike, L50, F|100\/100\n|turn|8\n|\n|t:|1700894822\n|move|p2a: Palafin|Protect|p2a: Palafin\n|-singleturn|p2a: Palafin|Protect\n|move|p1b: Gastrodon|Protect|p1b: Gastrodon\n|-singleturn|p1b: Gastrodon|Protect\n|move|p2b: Urshifu|Close Combat|p1a: Raichu\n|-damage|p1a: Raichu|0 fnt\n|-unboost|p2b: Urshifu|def|1\n|-unboost|p2b: Urshifu|spd|1\n|faint|p1a: Raichu\n|\n|-weather|RainDance|[upkeep]\n|upkeep\n|\n|t:|1700894825\n|switch|p1a: Wyrdeer|Wyrdeer, L50, F|25\/100\n|-ability|p1a: Wyrdeer|Intimidate|boost\n|-unboost|p2a: Palafin|atk|1\n|-unboost|p2b: Urshifu|atk|1\n|turn|9\n|\n|t:|1700894844\n|move|p2b: Urshifu|Close Combat|p1b: Gastrodon\n|-damage|p1b: Gastrodon|12\/100\n|-unboost|p2b: Urshifu|def|1\n|-unboost|p2b: Urshifu|spd|1\n|move|p2a: Palafin|Acrobatics|p1a: Wyrdeer\n|-damage|p1a: Wyrdeer|7\/100\n|move|p1a: Wyrdeer|Psychic|p2b: Urshifu\n|-supereffective|p2b: Urshifu\n|-crit|p2b: Urshifu\n|-damage|p2b: Urshifu|0 fnt\n|faint|p2b: Urshifu\n|move|p1b: Gastrodon|Earth Power|p2a: Palafin\n|-damage|p2a: Palafin|0 fnt\n|faint|p2a: Palafin\n|\n|win|suedanim\n|raw|suedanim's rating: 1086 &rarr; <strong>1119<\/strong><br \/>(+33 for winning)\n|raw|woodywoodward83's rating: 1159 &rarr; <strong>1129<\/strong><br \/>(-30 for losing)\n|c|\u2606woodywoodward83|did you have storm drain?\n","uploadtime":1700894861,"views":6,"p1id":"suedanim","p2id":"woodywoodward83","formatid":"gen9vgc2023regulatione","rating":1119,"private":0,"password":""}