{"id":"gen9vgc2023regulatione-1999571198","p1":"AyanoVGC","p2":"MarillRag1","format":"[Gen 9] VGC 2023 Regulation E","log":"|j|\u2606AyanoVGC\n|j|\u2606MarillRag1\n|t:|1701097286\n|gametype|doubles\n|player|p1|AyanoVGC|iris-gen5bw2|1374\n|player|p2|MarillRag1|idol|1392\n|teamsize|p1|6\n|teamsize|p2|6\n|gen|9\n|tier|[Gen 9] VGC 2023 Regulation E\n|rated|\n|rule|Species Clause: Limit one of each Pok\u00e9mon\n|rule|Item Clause: Limit one of each item\n|clearpoke\n|poke|p1|Iron Hands, L50|\n|poke|p1|Weezing, L50, F|\n|poke|p1|Ogerpon-Wellspring, L50, F|\n|poke|p1|Flutter Mane, L50|\n|poke|p1|Amoonguss, L50, F|\n|poke|p1|Arcanine-Hisui, L50, F|\n|poke|p2|Tornadus, L50, M|\n|poke|p2|Urshifu-*, L50, F|\n|poke|p2|Gholdengo, L50|\n|poke|p2|Flutter Mane, L50|\n|poke|p2|Arcanine-Hisui, L50, F|\n|poke|p2|Rillaboom, L50, M|\n|teampreview|4\nMarillRag1 has agreed to open team sheets.\n|\n|t:|1701097348\n|start\n|switch|p1a: Ogerpon|Ogerpon-Wellspring, L50, F|100\/100\n|switch|p1b: Arcanine|Arcanine-Hisui, L50, F|100\/100\n|switch|p2a: Tornadus|Tornadus, L50, M|100\/100\n|switch|p2b: Urshifu|Urshifu-Rapid-Strike, L50, F|100\/100\n|-ability|p1b: Arcanine|Intimidate|boost\n|-unboost|p2a: Tornadus|atk|1\n|-unboost|p2b: Urshifu|atk|1\n|turn|1\n|\n|t:|1701097388\n|switch|p1b: Weezing|Weezing, L50, F, shiny|100\/100\n|-ability|p1b: Weezing|Neutralizing Gas\n|-terastallize|p1a: Ogerpon|Water\n|detailschange|p1a: Ogerpon|Ogerpon-Wellspring-Tera, L50, F, tera:Water\n|move|p2b: Urshifu|Detect|p2b: Urshifu\n|-singleturn|p2b: Urshifu|Protect\n|move|p1a: Ogerpon|Horn Leech|p2b: Urshifu\n|-activate|p2b: Urshifu|move: Protect\n|move|p2a: Tornadus|Taunt|p1a: Ogerpon\n|-start|p1a: Ogerpon|move: Taunt\n|\n|upkeep\n|turn|2\n|\n|t:|1701097425\n|switch|p2b: Gholdengo|Gholdengo, L50|100\/100\n|-end|p1b: Weezing|ability: Neutralizing Gas\n|-ability|p1a: Ogerpon|Embody Aspect (Wellspring)|boost\n|-boost|p1a: Ogerpon|spd|1\n|switch|p1b: Arcanine|Arcanine-Hisui, L50, F|100\/100\n|-ability|p1b: Arcanine|Intimidate|boost\n|-unboost|p2a: Tornadus|atk|1\n|-unboost|p2b: Gholdengo|atk|1\n|move|p2a: Tornadus|Taunt|p1b: Arcanine\n|-start|p1b: Arcanine|move: Taunt\n|move|p1a: Ogerpon|Ivy Cudgel|p2a: Tornadus|[anim] Ivy Cudgel Water\n|-damage|p2a: Tornadus|23\/100\n|\n|upkeep\n|turn|3\n|\n|t:|1701097465\n|-terastallize|p2b: Gholdengo|Dragon\n|move|p2a: Tornadus|Tailwind|p2a: Tornadus\n|-sidestart|p2: MarillRag1|move: Tailwind\n|move|p2b: Gholdengo|Nasty Plot|p2b: Gholdengo\n|-boost|p2b: Gholdengo|spa|2\n|move|p1a: Ogerpon|Ivy Cudgel|p2b: Gholdengo|[anim] Ivy Cudgel Water\n|-resisted|p2b: Gholdengo\n|-damage|p2b: Gholdengo|63\/100\n|move|p1b: Arcanine|Rock Slide|p2b: Gholdengo|[spread] p2a,p2b\n|-supereffective|p2a: Tornadus\n|-damage|p2a: Tornadus|0 fnt\n|-damage|p2b: Gholdengo|25\/100\n|faint|p2a: Tornadus\n|\n|-heal|p2b: Gholdengo|31\/100|[from] item: Leftovers\n|upkeep\n|\n|t:|1701097502\n|switch|p2a: Urshifu|Urshifu-Rapid-Strike, L50, F|100\/100\n|turn|4\n|\n|t:|1701097515\n|switch|p1b: Chad special|Iron Hands, L50|100\/100\n|move|p2b: Gholdengo|Protect|p2b: Gholdengo\n|-singleturn|p2b: Gholdengo|Protect\n|move|p2a: Urshifu|Close Combat|p1a: Ogerpon\n|-damage|p1a: Ogerpon|17\/100\n|-unboost|p2a: Urshifu|def|1\n|-unboost|p2a: Urshifu|spd|1\n|move|p1a: Ogerpon|Ivy Cudgel|p2b: Gholdengo|[anim] Ivy Cudgel Water\n|-activate|p2b: Gholdengo|move: Protect\n|\n|-heal|p2b: Gholdengo|37\/100|[from] item: Leftovers\n|-end|p1a: Ogerpon|move: Taunt\n|upkeep\n|turn|5\n|\n|t:|1701097557\n|switch|p2b: Arcanine|Arcanine-Hisui, L50, F|100\/100\n|-ability|p2b: Arcanine|Intimidate|boost\n|-unboost|p1a: Ogerpon|atk|1\n|-unboost|p1b: Chad special|atk|1\n|switch|p1a: Weezing|Weezing, L50, F, shiny|100\/100\n|-ability|p1a: Weezing|Neutralizing Gas\n|move|p2a: Urshifu|Detect|p2a: Urshifu\n|-singleturn|p2a: Urshifu|Protect\n|move|p1b: Chad special|Ice Punch|p2b: Arcanine\n|-resisted|p2b: Arcanine\n|-damage|p2b: Arcanine|91\/100\n|\n|upkeep\n|turn|6\n|\n|t:|1701097588\n|move|p2b: Arcanine|Flare Blitz|p1b: Chad special\n|-crit|p1b: Chad special\n|-damage|p1b: Chad special|57\/100\n|-status|p1b: Chad special|brn\n|-damage|p2b: Arcanine|73\/100|[from] Recoil\n|move|p2a: Urshifu|Surging Strikes|p1b: Chad special\n|-crit|p1b: Chad special\n|-damage|p1b: Chad special|41\/100 brn\n|-crit|p1b: Chad special\n|-damage|p1b: Chad special|26\/100 brn\n|-crit|p1b: Chad special\n|-damage|p1b: Chad special|9\/100 brn\n|-hitcount|p1b: Chad special|3\n|move|p1a: Weezing|Will-O-Wisp|p2a: Urshifu\n|-status|p2a: Urshifu|brn\n|move|p1b: Chad special|Drain Punch|p2b: Arcanine\n|-supereffective|p2b: Arcanine\n|-damage|p2b: Arcanine|45\/100\n|-heal|p1b: Chad special|21\/100 brn|[from] drain|[of] p2b: Arcanine\n|-enditem|p2b: Arcanine|Sitrus Berry|[eat]\n|-heal|p2b: Arcanine|70\/100|[from] item: Sitrus Berry\n|\n|-damage|p2a: Urshifu|94\/100 brn|[from] brn\n|-damage|p1b: Chad special|15\/100 brn|[from] brn\n|-sideend|p2: MarillRag1|move: Tailwind\n|upkeep\n|turn|7\n|\n|t:|1701097643\n|move|p2b: Arcanine|Will-O-Wisp|p1a: Weezing\n|-status|p1a: Weezing|brn\n|move|p2a: Urshifu|Surging Strikes|p1b: Chad special\n|-crit|p1b: Chad special\n|-damage|p1b: Chad special|7\/100 brn\n|-crit|p1b: Chad special\n|-damage|p1b: Chad special|0 fnt\n|faint|p1b: Chad special\n|-end|p1b: Chad special|Quark Drive|[silent]\n|-hitcount|p1: Chad special|2\n|move|p1a: Weezing|Sludge Bomb|p2a: Urshifu\n|-damage|p2a: Urshifu|44\/100 brn\n|\n|-damage|p2a: Urshifu|37\/100 brn|[from] brn\n|-damage|p1a: Weezing|95\/100 brn|[from] brn\n|upkeep\n|\n|t:|1701097662\n|switch|p1b: Ogerpon|Ogerpon-Wellspring-Tera, L50, F, tera:Water|17\/100\n|turn|8\n|\n|t:|1701097687\n|move|p1b: Ogerpon|Spiky Shield|p1b: Ogerpon\n|-singleturn|p1b: Ogerpon|move: Protect\n|move|p2a: Urshifu|Detect|p2a: Urshifu\n|-singleturn|p2a: Urshifu|Protect\n|move|p2b: Arcanine|Extreme Speed|p1b: Ogerpon\n|-activate|p1b: Ogerpon|move: Protect\n|-damage|p2b: Arcanine|57\/100|[from] Spiky Shield|[of] p1b: Ogerpon\n|move|p1a: Weezing|Sludge Bomb|p2a: Urshifu\n|-activate|p2a: Urshifu|move: Protect\n|\n|-damage|p2a: Urshifu|31\/100 brn|[from] brn\n|-damage|p1a: Weezing|89\/100 brn|[from] brn\n|upkeep\n|turn|9\n|\n|t:|1701097708\n|switch|p1b: Arcanine|Arcanine-Hisui, L50, F|100\/100\n|move|p2b: Arcanine|Extreme Speed|p1b: Arcanine\n|-resisted|p1b: Arcanine\n|-damage|p1b: Arcanine|89\/100\n|move|p2a: Urshifu|Aqua Jet|p1b: Arcanine\n|-supereffective|p1b: Arcanine\n|-damage|p1b: Arcanine|26\/100\n|move|p1a: Weezing|Sludge Bomb|p2a: Urshifu\n|-damage|p2a: Urshifu|0 fnt\n|faint|p2a: Urshifu\n|\n|-damage|p1a: Weezing|83\/100 brn|[from] brn\n|upkeep\n|\n|t:|1701097731\n|switch|p2a: Gholdengo|Gholdengo, L50, tera:Dragon|37\/100\n|turn|10\n|\n|t:|1701097748\n|move|p2a: Gholdengo|Protect|p2a: Gholdengo\n|-singleturn|p2a: Gholdengo|Protect\n|move|p1b: Arcanine|Rock Slide|p2a: Gholdengo|[spread] p2b\n|-activate|p2a: Gholdengo|move: Protect\n|-supereffective|p2b: Arcanine\n|-damage|p2b: Arcanine|0 fnt\n|faint|p2b: Arcanine\n|move|p1a: Weezing|Sludge Bomb|p2a: Gholdengo\n|-activate|p2a: Gholdengo|move: Protect\n|\n|-heal|p2a: Gholdengo|44\/100|[from] item: Leftovers\n|-damage|p1a: Weezing|77\/100 brn|[from] brn\n|upkeep\n|turn|11\n|\n|t:|1701097766\n|move|p1b: Arcanine|Rock Slide|p2a: Gholdengo\n|-damage|p2a: Gholdengo|0 fnt\n|faint|p2a: Gholdengo\n|\n|win|AyanoVGC\n|raw|AyanoVGC's rating: 1374 &rarr; <strong>1395<\/strong><br \/>(+21 for winning)\n|raw|MarillRag1's rating: 1392 &rarr; <strong>1371<\/strong><br \/>(-21 for losing)\n","uploadtime":1701097779,"views":21,"p1id":"ayanovgc","p2id":"marillrag1","formatid":"gen9vgc2023regulatione","rating":1371,"private":0,"password":""}