{"id":"gen9vgc2023regulatione-1998802709","p1":"Rokhy","p2":"KodeBeast0526","format":"[Gen 9] VGC 2023 Regulation E","log":"|j|\u2606Rokhy\n|j|\u2606KodeBeast0526\n|t:|1700994041\n|gametype|doubles\n|player|p1|Rokhy|1|1325\n|player|p2|KodeBeast0526|101|1342\n|teamsize|p1|6\n|teamsize|p2|6\n|gen|9\n|tier|[Gen 9] VGC 2023 Regulation E\n|rated|\n|rule|Species Clause: Limit one of each Pok\u00e9mon\n|rule|Item Clause: Limit one of each item\n|clearpoke\n|poke|p1|Tyranitar, L50, M|\n|poke|p1|Roaring Moon, L50|\n|poke|p1|Milotic, L50, M|\n|poke|p1|Cresselia, L50, F|\n|poke|p1|Grimmsnarl, L50, M|\n|poke|p1|Arcanine-Hisui, L50, F|\n|poke|p2|Rillaboom, L50, M|\n|poke|p2|Ogerpon-Wellspring, L50, F|\n|poke|p2|Tornadus, L50, M|\n|poke|p2|Iron Hands, L50|\n|poke|p2|Landorus-Therian, L50, M|\n|poke|p2|Arcanine-Hisui, L50, M|\n|teampreview|4\n|\n|t:|1700994069\n|start\n|switch|p1a: Tyranitar|Tyranitar, L50, M, shiny|100\/100\n|switch|p1b: Grimmsnarl|Grimmsnarl, L50, M, shiny|100\/100\n|switch|p2a: Iron Hands|Iron Hands, L50|100\/100\n|switch|p2b: Landorus|Landorus-Therian, L50, M|100\/100\n|-ability|p2b: Landorus|Intimidate|boost\n|-unboost|p1a: Tyranitar|atk|1\n|-unboost|p1b: Grimmsnarl|atk|1\n|-weather|Sandstorm|[from] ability: Sand Stream|[of] p1a: Tyranitar\n|turn|1\n|\n|t:|1700994093\n|switch|p1a: Arcanine|Arcanine-Hisui, L50, F, shiny|100\/100\n|-ability|p1a: Arcanine|Intimidate|boost\n|-unboost|p2a: Iron Hands|atk|1\n|-unboost|p2b: Landorus|atk|1\n|move|p1b: Grimmsnarl|Reflect|p1b: Grimmsnarl\n|-sidestart|p1: Rokhy|Reflect\n|move|p2b: Landorus|U-turn|p1b: Grimmsnarl\n|-damage|p1b: Grimmsnarl|89\/100\n|\n|t:|1700994104\n|switch|p2b: Ogerpon|Ogerpon-Wellspring, L50, F|100\/100|[from] U-turn\n|move|p2a: Iron Hands|Drain Punch|p1a: Arcanine\n|-supereffective|p1a: Arcanine\n|-damage|p1a: Arcanine|58\/100\n|\n|-weather|Sandstorm|[upkeep]\n|-damage|p2b: Ogerpon|95\/100|[from] Sandstorm\n|-damage|p1b: Grimmsnarl|83\/100|[from] Sandstorm\n|-damage|p2a: Iron Hands|95\/100|[from] Sandstorm\n|upkeep\n|turn|2\n|\n|t:|1700994121\n|move|p2b: Ogerpon|Spiky Shield|p2b: Ogerpon\n|-singleturn|p2b: Ogerpon|move: Protect\n|move|p1b: Grimmsnarl|Parting Shot|p2b: Ogerpon\n|-activate|p2b: Ogerpon|move: Protect\n|move|p1a: Arcanine|Will-O-Wisp|p2a: Iron Hands\n|-status|p2a: Iron Hands|brn\n|move|p2a: Iron Hands|Volt Switch|p1b: Grimmsnarl\n|-damage|p1b: Grimmsnarl|72\/100\n|\n|t:|1700994138\n|-end|p2a: Iron Hands|Quark Drive|[silent]\n|switch|p2a: Landorus|Landorus-Therian, L50, M|100\/100|[from] Volt Switch\n|-ability|p2a: Landorus|Intimidate|boost\n|-unboost|p1a: Arcanine|atk|1\n|-unboost|p1b: Grimmsnarl|atk|1\n|\n|-weather|Sandstorm|[upkeep]\n|-damage|p2b: Ogerpon|89\/100|[from] Sandstorm\n|-damage|p1b: Grimmsnarl|66\/100|[from] Sandstorm\n|upkeep\n|turn|3\n|\n|t:|1700994175\n|switch|p1a: Cresselia|Cresselia, L50, F|100\/100\n|-terastallize|p2b: Ogerpon|Water\n|detailschange|p2b: Ogerpon|Ogerpon-Wellspring-Tera, L50, F, tera:Water\n|-ability|p2b: Ogerpon|Embody Aspect (Wellspring)|boost\n|-boost|p2b: Ogerpon|spd|1\n|move|p1b: Grimmsnarl|Parting Shot|p2b: Ogerpon\n|-unboost|p2b: Ogerpon|atk|1\n|-unboost|p2b: Ogerpon|spa|1\n|\n|t:|1700994187\n|switch|p1b: Arcanine|Arcanine-Hisui, L50, F, shiny|58\/100|[from] Parting Shot\n|-ability|p1b: Arcanine|Intimidate|boost\n|-unboost|p2a: Landorus|atk|1\n|-unboost|p2b: Ogerpon|atk|1\n|move|p2a: Landorus|Stomping Tantrum|p1a: Cresselia\n|-immune|p1a: Cresselia|[from] ability: Levitate\n|move|p2b: Ogerpon|Ivy Cudgel|p1b: Arcanine|[anim] Ivy Cudgel Water\n|-supereffective|p1b: Arcanine\n|-damage|p1b: Arcanine|0 fnt\n|faint|p1b: Arcanine\n|\n|-weather|Sandstorm|[upkeep]\n|-damage|p2b: Ogerpon|83\/100|[from] Sandstorm\n|-damage|p1a: Cresselia|94\/100|[from] Sandstorm\n|upkeep\n|\n|t:|1700994197\n|switch|p1b: Tyranitar|Tyranitar, L50, M, shiny|100\/100\n|turn|4\n|\n|t:|1700994209\n|move|p2b: Ogerpon|Spiky Shield|p2b: Ogerpon\n|-singleturn|p2b: Ogerpon|move: Protect\n|move|p1b: Tyranitar|Protect|p1b: Tyranitar\n|-singleturn|p1b: Tyranitar|Protect\n|move|p2a: Landorus|Stomping Tantrum|p1b: Tyranitar\n|-activate|p1b: Tyranitar|move: Protect\n|move|p1a: Cresselia|Trick Room|p1a: Cresselia\n|-fieldstart|move: Trick Room|[of] p1a: Cresselia\n|\n|-weather|Sandstorm|[upkeep]\n|-damage|p1a: Cresselia|88\/100|[from] Sandstorm\n|-damage|p2b: Ogerpon|77\/100|[from] Sandstorm\n|upkeep\n|turn|5\n|\n|t:|1700994244\n|switch|p1a: Grimmsnarl|Grimmsnarl, L50, M, shiny|66\/100\n|move|p1b: Tyranitar|Ancient Power|p2a: Landorus\n|-damage|p2a: Landorus|74\/100\n|move|p2b: Ogerpon|Horn Leech|p1a: Grimmsnarl\n|-damage|p1a: Grimmsnarl|47\/100\n|-heal|p2b: Ogerpon|90\/100|[from] drain|[of] p1a: Grimmsnarl\n|move|p2a: Landorus|Stomping Tantrum|p1b: Tyranitar\n|-supereffective|p1b: Tyranitar\n|-damage|p1b: Tyranitar|72\/100\n|-enditem|p1b: Tyranitar|Weakness Policy\n|-boost|p1b: Tyranitar|atk|2|[from] item: Weakness Policy\n|-boost|p1b: Tyranitar|spa|2|[from] item: Weakness Policy\n|\n|-weather|none\n|-sideend|p1: Rokhy|Reflect\n|upkeep\n|turn|6\n|\n|t:|1700994270\n|switch|p2b: Rillaboom|Rillaboom, L50, M, shiny|100\/100\n|-fieldstart|move: Grassy Terrain|[from] ability: Grassy Surge|[of] p2b: Rillaboom\n|switch|p2a: Iron Hands|Iron Hands, L50|95\/100 brn\n|move|p1b: Tyranitar|Protect|p1b: Tyranitar\n|-singleturn|p1b: Tyranitar|Protect\n|move|p1a: Grimmsnarl|Reflect|p1a: Grimmsnarl\n|-sidestart|p1: Rokhy|Reflect\n|\n|-heal|p2a: Iron Hands|100\/100 brn|[from] Grassy Terrain\n|-heal|p1a: Grimmsnarl|53\/100|[from] Grassy Terrain\n|-heal|p1b: Tyranitar|78\/100|[from] Grassy Terrain\n|-damage|p2a: Iron Hands|95\/100 brn|[from] brn\n|upkeep\n|turn|7\n|\n|t:|1700994288\n|-terastallize|p1b: Tyranitar|Poison\n|move|p2a: Iron Hands|Fake Out|p1a: Grimmsnarl\n|-damage|p1a: Grimmsnarl|47\/100\n|move|p2b: Rillaboom|Fake Out|p1b: Tyranitar\n|-damage|p1b: Tyranitar|70\/100\n|move|p1a: Grimmsnarl|Parting Shot|p2b: Rillaboom\n|-unboost|p2b: Rillaboom|atk|1\n|-unboost|p2b: Rillaboom|spa|1\n|\n|t:|1700994297\n|switch|p1a: Cresselia|Cresselia, L50, F|88\/100|[from] Parting Shot\n|cant|p1b: Tyranitar|flinch\n|\n|-heal|p2a: Iron Hands|100\/100 brn|[from] Grassy Terrain\n|-heal|p1b: Tyranitar|76\/100|[from] Grassy Terrain\n|-damage|p2a: Iron Hands|95\/100 brn|[from] brn\n|upkeep\n|turn|8\n|\n|t:|1700994317\n|move|p1a: Cresselia|Helping Hand|p1b: Tyranitar\n|-singleturn|p1b: Tyranitar|Helping Hand|[of] p1a: Cresselia\n|move|p2a: Iron Hands|Drain Punch|p1b: Tyranitar\n|-resisted|p1b: Tyranitar\n|-damage|p1b: Tyranitar|70\/100\n|-heal|p2a: Iron Hands|97\/100 brn|[from] drain|[of] p1b: Tyranitar\n|move|p1b: Tyranitar|Ice Beam|p2b: Rillaboom\n|-supereffective|p2b: Rillaboom\n|-damage|p2b: Rillaboom|0 fnt\n|faint|p2b: Rillaboom\n|\n|-heal|p2a: Iron Hands|100\/100 brn|[from] Grassy Terrain\n|-heal|p1b: Tyranitar|76\/100|[from] Grassy Terrain\n|-damage|p2a: Iron Hands|95\/100 brn|[from] brn\n|-fieldend|move: Trick Room\n|upkeep\n|\n|t:|1700994321\n|switch|p2b: Landorus|Landorus-Therian, L50, M|74\/100\n|-ability|p2b: Landorus|Intimidate|boost\n|-unboost|p1a: Cresselia|atk|1\n|-unboost|p1b: Tyranitar|atk|1\n|turn|9\n|\n|t:|1700994347\n|move|p2b: Landorus|Stomping Tantrum|p1b: Tyranitar\n|-supereffective|p1b: Tyranitar\n|-damage|p1b: Tyranitar|29\/100\n|move|p1a: Cresselia|Lunar Blessing|p1a: Cresselia|[spread] p1a,p1b\n|-heal|p1a: Cresselia|100\/100\n|-heal|p1b: Tyranitar|54\/100\n|move|p1b: Tyranitar|Ice Beam|p2b: Landorus\n|-supereffective|p2b: Landorus\n|-damage|p2b: Landorus|0 fnt\n|faint|p2b: Landorus\n|move|p2a: Iron Hands|Wild Charge|p1a: Cresselia\n|-damage|p1a: Cresselia|86\/100\n|-damage|p2a: Iron Hands|78\/100 brn|[from] item: Rocky Helmet|[of] p1a: Cresselia\n|-damage|p2a: Iron Hands|75\/100 brn|[from] Recoil\n|\n|-heal|p1b: Tyranitar|60\/100|[from] Grassy Terrain\n|-heal|p2a: Iron Hands|81\/100 brn|[from] Grassy Terrain\n|-damage|p2a: Iron Hands|75\/100 brn|[from] brn\n|upkeep\n|\n|t:|1700994353\n|switch|p2b: Ogerpon|Ogerpon-Wellspring-Tera, L50, F, tera:Water|90\/100\n|-ability|p2b: Ogerpon|Embody Aspect (Wellspring)|boost\n|-boost|p2b: Ogerpon|spd|1\n|turn|10\n|\n|t:|1700994380\n|move|p2b: Ogerpon|Spiky Shield|p2b: Ogerpon\n|-singleturn|p2b: Ogerpon|move: Protect\n|move|p1b: Tyranitar|Protect|p1b: Tyranitar\n|-singleturn|p1b: Tyranitar|Protect\n|move|p2a: Iron Hands|Wild Charge|p1a: Cresselia\n|-damage|p1a: Cresselia|73\/100\n|-damage|p2a: Iron Hands|59\/100 brn|[from] item: Rocky Helmet|[of] p1a: Cresselia\n|-damage|p2a: Iron Hands|55\/100 brn|[from] Recoil\n|move|p1a: Cresselia|Trick Room|p1a: Cresselia\n|-fieldstart|move: Trick Room|[of] p1a: Cresselia\n|\n|-heal|p2a: Iron Hands|61\/100 brn|[from] Grassy Terrain\n|-heal|p1b: Tyranitar|66\/100|[from] Grassy Terrain\n|-heal|p2b: Ogerpon|95\/100|[from] Grassy Terrain\n|-damage|p2a: Iron Hands|55\/100 brn|[from] brn\n|-sideend|p1: Rokhy|Reflect\n|-fieldend|move: Grassy Terrain\n|upkeep\n|turn|11\n|\n|t:|1700994394\n|move|p2a: Iron Hands|Drain Punch|p1b: Tyranitar\n|-resisted|p1b: Tyranitar\n|-damage|p1b: Tyranitar|58\/100\n|-heal|p2a: Iron Hands|59\/100 brn|[from] drain|[of] p1b: Tyranitar\n|move|p1a: Cresselia|Lunar Blessing|p1a: Cresselia|[spread] p1a,p1b\n|-heal|p1a: Cresselia|98\/100\n|-heal|p1b: Tyranitar|83\/100\n|move|p1b: Tyranitar|Dark Pulse|p2b: Ogerpon\n|-damage|p2b: Ogerpon|51\/100\n|move|p2b: Ogerpon|Ivy Cudgel|p1b: Tyranitar|[anim] Ivy Cudgel Water\n|-damage|p1b: Tyranitar|17\/100\n|\n|-damage|p2a: Iron Hands|53\/100 brn|[from] brn\n|upkeep\n|turn|12\n|\n|t:|1700994411\n|move|p1b: Tyranitar|Protect|p1b: Tyranitar\n|-singleturn|p1b: Tyranitar|Protect\n|move|p2a: Iron Hands|Drain Punch|p1b: Tyranitar\n|-activate|p1b: Tyranitar|move: Protect\n|move|p1a: Cresselia|Lunar Blessing|p1a: Cresselia|[spread] p1a,p1b\n|-heal|p1a: Cresselia|100\/100\n|-heal|p1b: Tyranitar|42\/100\n|move|p2b: Ogerpon|Horn Leech|p1a: Cresselia\n|-damage|p1a: Cresselia|66\/100\n|-heal|p2b: Ogerpon|77\/100|[from] drain|[of] p1a: Cresselia\n|-damage|p2b: Ogerpon|60\/100|[from] item: Rocky Helmet|[of] p1a: Cresselia\n|\n|-damage|p2a: Iron Hands|47\/100 brn|[from] brn\n|upkeep\n|turn|13\n|\n|t:|1700994431\n|move|p2a: Iron Hands|Drain Punch|p1b: Tyranitar\n|-resisted|p1b: Tyranitar\n|-damage|p1b: Tyranitar|33\/100\n|-heal|p2a: Iron Hands|51\/100 brn|[from] drain|[of] p1b: Tyranitar\n|move|p1a: Cresselia|Lunar Blessing|p1a: Cresselia|[spread] p1a,p1b\n|-heal|p1a: Cresselia|91\/100\n|-heal|p1b: Tyranitar|58\/100\n|move|p1b: Tyranitar|Dark Pulse|p2b: Ogerpon\n|-damage|p2b: Ogerpon|16\/100\n|move|p2b: Ogerpon|Horn Leech|p1a: Cresselia\n|-damage|p1a: Cresselia|55\/100\n|-heal|p2b: Ogerpon|42\/100|[from] drain|[of] p1a: Cresselia\n|-damage|p2b: Ogerpon|25\/100|[from] item: Rocky Helmet|[of] p1a: Cresselia\n|\n|-damage|p2a: Iron Hands|45\/100 brn|[from] brn\n|upkeep\n|turn|14\n|\n|t:|1700994452\n|move|p2a: Iron Hands|Drain Punch|p1b: Tyranitar\n|-resisted|p1b: Tyranitar\n|-damage|p1b: Tyranitar|48\/100\n|-heal|p2a: Iron Hands|49\/100 brn|[from] drain|[of] p1b: Tyranitar\n|move|p1b: Tyranitar|Dark Pulse|p2b: Ogerpon\n|-damage|p2b: Ogerpon|0 fnt\n|faint|p2b: Ogerpon\n|move|p1a: Cresselia|Lunar Blessing|p1a: Cresselia|[spread] p1a,p1b\n|-heal|p1a: Cresselia|80\/100\n|-heal|p1b: Tyranitar|73\/100\n|\n|-damage|p2a: Iron Hands|43\/100 brn|[from] brn\n|-fieldend|move: Trick Room\n|upkeep\n|turn|15\n|\n|t:|1700994470\n|move|p1b: Tyranitar|Ancient Power|p2a: Iron Hands\n|-resisted|p2a: Iron Hands\n|-damage|p2a: Iron Hands|32\/100 brn\n|move|p1a: Cresselia|Moonblast|p2a: Iron Hands\n|-supereffective|p2a: Iron Hands\n|-damage|p2a: Iron Hands|11\/100 brn\n|move|p2a: Iron Hands|Wild Charge|p1b: Tyranitar\n|-damage|p1b: Tyranitar|50\/100\n|-damage|p2a: Iron Hands|6\/100 brn|[from] Recoil\n|\n|-damage|p2a: Iron Hands|0 fnt|[from] brn\n|faint|p2a: Iron Hands\n|-end|p2a: Iron Hands|Quark Drive|[silent]\n|\n|win|Rokhy\n|upkeep\n|raw|Rokhy's rating: 1325 &rarr; <strong>1346<\/strong><br \/>(+21 for winning)\n|raw|KodeBeast0526's rating: 1342 &rarr; <strong>1321<\/strong><br \/>(-21 for losing)\n","uploadtime":1700994487,"views":19,"p1id":"rokhy","p2id":"kodebeast0526","formatid":"gen9vgc2023regulatione","rating":1321,"private":0,"password":""}