{"id":"gen9vgc2023regulatione-1996025762","p1":"LameLiarLeo","p2":"Briticus9","format":"[Gen 9] VGC 2023 Regulation E","log":"|j|\u2606LameLiarLeo\n|j|\u2606Briticus9\n|n|\u2606LameLiarLeo|lameliarleo\n|n|\u2606Briticus9|briticus9\n|html|View the match progress at <a href=\"\/game-bestof3-gen9vgc2023regulatione-1996025761\">game-bestof3-gen9vgc2023regulatione-1996025761<\/a>\n|t:|1700631316\n|gametype|doubles\n|player|p1|LameLiarLeo|caitlin|\n|player|p2|Briticus9|clair|\n|teamsize|p1|6\n|teamsize|p2|6\n|gen|9\n|tier|[Gen 9] VGC 2023 Regulation E\n|rule|Species Clause: Limit one of each Pok\u00e9mon\n|rule|Item Clause: Limit one of each item\n|clearpoke\n|poke|p1|Tyranitar, L50, F|\n|poke|p1|Lycanroc, L50, F|\n|poke|p1|Gyarados, L50, F|\n|poke|p1|Iron Valiant, L50|\n|poke|p1|Murkrow, L50, F|\n|poke|p1|Dragonite, L50, M|\n|poke|p2|Cresselia, L50, F|\n|poke|p2|Ursaluna-Bloodmoon, L50, M|\n|poke|p2|Hatterene, L50, F|\n|poke|p2|Torkoal, L50, F|\n|poke|p2|Sylveon, L50, F|\n|poke|p2|Milotic, L50, M|\n|teampreview|4\n|inactive|Battle timer is ON: inactive players will automatically lose when time's up. (requested by LameLiarLeo)\nBriticus9 has agreed to open team sheets.\nLameLiarLeo has agreed to open team sheets.\n|showteam|p1|Tyranitar||AssaultVest|SandStream|KnockOff,RockSlide,LowKick,TeraBlast|||F|||50|,,,,,Fairy]Lycanroc||FocusSash|KeenEye|RockSlide,CloseCombat,Endeavor,Protect|||F|||50|,,,,,Ghost]Gyarados||ChoiceSpecs|Intimidate|Scald,Hurricane,Thunder,IceBeam|||F|||50|,,,,,Water]Iron Valiant||BoosterEnergy|QuarkDrive|CloseCombat,Moonblast,Encore,DestinyBond||||||50|,,,,,Ghost]Murkrow||CovertCloak|Prankster|BraveBird,Tailwind,Quash,RainDance|||F|||50|,,,,,Ghost]Dragonite||ChoiceBand|InnerFocus|TeraBlast,ExtremeSpeed,StompingTantrum,Outrage|||M|||50|,,,,,Flying\n|showteam|p2|Cresselia||SafetyGoggles|Levitate|TrickRoom,LunarBlessing,Moonblast,HelpingHand|||F|||50|,,,,,Dark]Ursaluna-Bloodmoon||LifeOrb|MindsEye|BloodMoon,EarthPower,Protect,HyperVoice|||M|||50|,,,,,Normal]Hatterene||FairyFeather|MagicBounce|CalmMind,DrainingKiss,Psychic,TrickRoom|||F|||50|,,,,,Normal]Torkoal||Charcoal|Drought|Eruption,HeatWave,EarthPower,Protect|||F|||50|,,,,,Fire]Sylveon||ThroatSpray|Pixilate|HyperVoice,Moonblast,Protect,TeraBlast|||F|||50|,,,,,Fairy]Milotic||Leftovers|Competitive|Protect,IceBeam,Recover,Scald|||M|||50|,,,,,Grass\n|inactiveoff|Battle timer is now OFF.\n|\n|t:|1700631372\n|start\n|switch|p1a: Tyranitar|Tyranitar, L50, F|100\/100\n|switch|p1b: Lycanroc|Lycanroc, L50, F|100\/100\n|switch|p2a: Baddie B|Cresselia, L50, F|100\/100\n|switch|p2b: Young Money|Ursaluna-Bloodmoon, L50, M|100\/100\n|-weather|Sandstorm|[from] ability: Sand Stream|[of] p1a: Tyranitar\n|turn|1\n|\n|t:|1700631395\n|move|p1b: Lycanroc|Rock Slide|p2a: Baddie B|[spread] p2a,p2b\n|-resisted|p2b: Young Money\n|-damage|p2a: Baddie B|83\/100\n|-damage|p2b: Young Money|89\/100\n|move|p2b: Young Money|Hyper Voice|p1b: Lycanroc|[spread] p1a,p1b\n|-resisted|p1a: Tyranitar\n|-resisted|p1b: Lycanroc\n|-damage|p1a: Tyranitar|92\/100\n|-damage|p1b: Lycanroc|72\/100\n|-damage|p2b: Young Money|80\/100|[from] item: Life Orb\n|move|p1a: Tyranitar|Knock Off|p2a: Baddie B\n|-supereffective|p2a: Baddie B\n|-damage|p2a: Baddie B|6\/100\n|-enditem|p2a: Baddie B|Safety Goggles|[from] move: Knock Off|[of] p1a: Tyranitar\n|cant|p2a: Baddie B|flinch\n|\n|-weather|Sandstorm|[upkeep]\n|-damage|p2a: Baddie B|0 fnt|[from] Sandstorm\n|faint|p2a: Baddie B\n|upkeep\n|\n|t:|1700631416\n|switch|p2a: Kitty|Sylveon, L50, F|100\/100\n|turn|2\n|c|\u2606LameLiarLeo|ouch\n|\n|t:|1700631442\n|-terastallize|p2a: Kitty|Fairy\n|-terastallize|p1a: Tyranitar|Fairy\n|move|p1b: Lycanroc|Close Combat|p2b: Young Money\n|-supereffective|p2b: Young Money\n|-damage|p2b: Young Money|17\/100\n|-unboost|p1b: Lycanroc|def|1\n|-unboost|p1b: Lycanroc|spd|1\n|move|p2a: Kitty|Moonblast|p1a: Tyranitar\n|-damage|p1a: Tyranitar|60\/100\n|move|p2b: Young Money|Blood Moon|p1b: Lycanroc\n|-resisted|p1b: Lycanroc\n|-damage|p1b: Lycanroc|0 fnt\n|faint|p1b: Lycanroc\n|-damage|p2b: Young Money|8\/100|[from] item: Life Orb\n|move|p1a: Tyranitar|Tera Blast|p2a: Kitty|[anim] Tera Blast Fairy\n|-damage|p2a: Kitty|49\/100\n|\n|-weather|Sandstorm|[upkeep]\n|-damage|p2a: Kitty|42\/100|[from] Sandstorm\n|-damage|p1a: Tyranitar|54\/100|[from] Sandstorm\n|upkeep\n|\n|t:|1700631478\n|switch|p1b: Dragonite|Dragonite, L50, M|100\/100\n|turn|3\n|\n|t:|1700631494\n|move|p2b: Young Money|Protect|p2b: Young Money\n|-singleturn|p2b: Young Money|Protect\n|move|p1b: Dragonite|Extreme Speed|p2a: Kitty\n|-damage|p2a: Kitty|0 fnt\n|faint|p2a: Kitty\n|move|p1a: Tyranitar|Tera Blast|p2b: Young Money|[anim] Tera Blast Fairy\n|-activate|p2b: Young Money|move: Protect\n|\n|-weather|Sandstorm|[upkeep]\n|-damage|p1b: Dragonite|94\/100|[from] Sandstorm\n|-damage|p1a: Tyranitar|48\/100|[from] Sandstorm\n|upkeep\n|\n|t:|1700631503\n|switch|p2a: Pspspspsps|Milotic, L50, M|100\/100\n|turn|4\n|\n|t:|1700631528\n|move|p1b: Dragonite|Extreme Speed|p2b: Young Money\n|-damage|p2b: Young Money|0 fnt\n|faint|p2b: Young Money\n|move|p2a: Pspspspsps|Ice Beam|p1b: Dragonite\n|-supereffective|p1b: Dragonite\n|-crit|p1b: Dragonite\n|-damage|p1b: Dragonite|0 fnt\n|faint|p1b: Dragonite\n|move|p1a: Tyranitar|Knock Off|p2a: Pspspspsps\n|-damage|p2a: Pspspspsps|30\/100\n|-enditem|p2a: Pspspspsps|Leftovers|[from] move: Knock Off|[of] p1a: Tyranitar\n|\n|-weather|Sandstorm|[upkeep]\n|-damage|p2a: Pspspspsps|24\/100|[from] Sandstorm\n|-damage|p1a: Tyranitar|43\/100|[from] Sandstorm\n|upkeep\n|\n|t:|1700631531\n|switch|p1b: Gyarados|Gyarados, L50, F|100\/100\n|-ability|p1b: Gyarados|Intimidate|boost\n|-unboost|p2a: Pspspspsps|atk|1\n|-ability|p2a: Pspspspsps|Competitive|boost\n|-boost|p2a: Pspspspsps|spa|2\n|turn|5\n|\n|t:|1700631546\n|move|p2a: Pspspspsps|Recover|p2a: Pspspspsps\n|-heal|p2a: Pspspspsps|74\/100\n|move|p1b: Gyarados|Scald|p2a: Pspspspsps\n|-resisted|p2a: Pspspspsps\n|-damage|p2a: Pspspspsps|54\/100\n|-status|p2a: Pspspspsps|brn\n|move|p1a: Tyranitar|Knock Off|p2a: Pspspspsps\n|-damage|p2a: Pspspspsps|5\/100 brn\n|\n|-weather|none\n|-damage|p2a: Pspspspsps|0 fnt|[from] brn\n|faint|p2a: Pspspspsps\n|\n|win|LameLiarLeo\n|upkeep\n|c|&|\/uhtml prompt-lameliarleo,LameLiarLeo is ready for game 2!\n|inactive|Briticus9 has 50 seconds to confirm battle start!\n|c|&|\/uhtml prompt-briticus9,Briticus9 is ready for game 2!\nBoth players are ready! Starting next match!\n|l|\u2606Briticus9\n","uploadtime":1700631558,"views":4,"p1id":"lameliarleo","p2id":"briticus9","formatid":"gen9vgc2023regulatione","rating":0,"private":0,"password":""}