{"id":"gen9vgc2023regulatione-1992469792","p1":"atworkyolo13","p2":"legndrygoatedXD69","format":"[Gen 9] VGC 2023 Regulation E","log":"|j|\u2606atworkyolo13\n|j|\u2606legndrygoatedXD69\n|t:|1700191459\n|gametype|doubles\n|player|p1|atworkyolo13|265|1485\n|player|p2|legndrygoatedXD69|iono|1482\n|teamsize|p1|6\n|teamsize|p2|6\n|gen|9\n|tier|[Gen 9] VGC 2023 Regulation E\n|rated|\n|rule|Species Clause: Limit one of each Pok\u00e9mon\n|rule|Item Clause: Limit one of each item\n|clearpoke\n|poke|p1|Weezing, L50, F|\n|poke|p1|Great Tusk, L50|\n|poke|p1|Tornadus, L50, M|\n|poke|p1|Chi-Yu, L50|\n|poke|p1|Iron Hands, L50|\n|poke|p1|Ogerpon-Wellspring, L50, F|\n|poke|p2|Palafin, L50, F|\n|poke|p2|Chien-Pao, L50|\n|poke|p2|Amoonguss, L50, M|\n|poke|p2|Arcanine-Hisui, L50, F|\n|poke|p2|Rillaboom, L50, F|\n|poke|p2|Flutter Mane, L50|\n|teampreview|4\n|inactive|Battle timer is ON: inactive players will automatically lose when time's up. (requested by atworkyolo13)\n|inactive|legndrygoatedXD69 has 60 seconds left.\n|\n|t:|1700191493\n|start\n|switch|p1a: Tornadus|Tornadus, L50, M|100\/100\n|switch|p1b: Great Tusk|Great Tusk, L50|100\/100\n|switch|p2a: Amoonguss|Amoonguss, L50, M|100\/100\n|switch|p2b: Flutter Mane|Flutter Mane, L50|100\/100\n|turn|1\n|\n|t:|1700191512\n|-end|p2b: Flutter Mane|Protosynthesis|[silent]\n|switch|p2b: Rillaboom|Rillaboom, L50, F|100\/100\n|-fieldstart|move: Grassy Terrain|[from] ability: Grassy Surge|[of] p2b: Rillaboom\n|-terastallize|p1b: Great Tusk|Fire\n|move|p1a: Tornadus|Sunny Day|p1a: Tornadus\n|-weather|SunnyDay\n|-activate|p1b: Great Tusk|ability: Protosynthesis\n|-start|p1b: Great Tusk|protosynthesisatk\n|move|p1b: Great Tusk|Earthquake|p2b: Rillaboom|[spread] p2a,p2b\n|-immune|p1a: Tornadus\n|-resisted|p2b: Rillaboom\n|-damage|p2a: Amoonguss|82\/100\n|-damage|p2b: Rillaboom|89\/100\n|move|p2a: Amoonguss|Spore|p1b: Great Tusk\n|-status|p1b: Great Tusk|slp|[from] move: Spore\n|\n|-weather|SunnyDay|[upkeep]\n|-heal|p2b: Rillaboom|95\/100|[from] Grassy Terrain\n|-heal|p2a: Amoonguss|88\/100|[from] Grassy Terrain\n|upkeep\n|turn|2\n|j| thomas shelby 1\n|\n|t:|1700191536\n|-end|p1b: Great Tusk|Protosynthesis|[silent]\n|switch|p1b: Ogerpon|Ogerpon-Wellspring, L50, F|100\/100\n|switch|p2b: Palafin|Palafin, L50, F|100\/100\n|move|p1a: Tornadus|Protect|p1a: Tornadus\n|-singleturn|p1a: Tornadus|Protect\n|move|p2a: Amoonguss|Spore|p1a: Tornadus\n|-activate|p1a: Tornadus|move: Protect\n|\n|-weather|SunnyDay|[upkeep]\n|-heal|p2a: Amoonguss|94\/100|[from] Grassy Terrain\n|upkeep\n|turn|3\n|inactive|legndrygoatedXD69 has 30 seconds left.\n|\n|t:|1700191566\n|switch|p1a: Great Tusk|Great Tusk, L50, tera:Fire|100\/100 slp\n|-activate|p1a: Great Tusk|ability: Protosynthesis\n|-start|p1a: Great Tusk|protosynthesisatk\n|detailschange|p2b: Palafin|Palafin-Hero, L50, F\n|switch|p2b: Rillaboom|Rillaboom, L50, F|95\/100\n|move|p1b: Ogerpon|Swords Dance|p1b: Ogerpon\n|-boost|p1b: Ogerpon|atk|2\n|move|p2a: Amoonguss|Pollen Puff|p2b: Rillaboom\n|-heal|p2b: Rillaboom|100\/100\n|\n|-weather|SunnyDay|[upkeep]\n|-heal|p2a: Amoonguss|99\/100|[from] Grassy Terrain\n|upkeep\n|turn|4\n|inactive|atworkyolo13 has 30 seconds left.\n|\n|t:|1700191592\n|switch|p2a: Palafin|Palafin-Hero, L50, F|100\/100\n|-activate|p2a: Palafin|ability: Zero to Hero\n|move|p1b: Ogerpon|Spiky Shield|p1b: Ogerpon\n|-singleturn|p1b: Ogerpon|move: Protect\n|cant|p1a: Great Tusk|slp\n|move|p2b: Rillaboom|Wood Hammer|p1b: Ogerpon\n|-activate|p1b: Ogerpon|move: Protect\n|-damage|p2b: Rillaboom|88\/100|[from] Spiky Shield|[of] p1b: Ogerpon\n|\n|-weather|SunnyDay|[upkeep]\n|-heal|p2b: Rillaboom|94\/100|[from] Grassy Terrain\n|upkeep\n|turn|5\n|inactive|legndrygoatedXD69 has 30 seconds left.\n|\n|t:|1700191617\n|switch|p2a: Amoonguss|Amoonguss, L50, M|100\/100\n|-curestatus|p1a: Great Tusk|slp|[msg]\n|move|p1a: Great Tusk|Ice Spinner|p2b: Rillaboom\n|-supereffective|p2b: Rillaboom\n|-damage|p2b: Rillaboom|28\/100\n|-fieldend|move: Grassy Terrain\n|move|p1b: Ogerpon|Horn Leech|p2a: Amoonguss\n|-resisted|p2a: Amoonguss\n|-damage|p2a: Amoonguss|85\/100\n|move|p2b: Rillaboom|Wood Hammer|p1b: Ogerpon\n|-damage|p1b: Ogerpon|4\/100\n|-damage|p2b: Rillaboom|1\/100|[from] Recoil\n|\n|-weather|none\n|-end|p1a: Great Tusk|Protosynthesis\n|upkeep\n|turn|6\n|\n|t:|1700191640\n|move|p2b: Rillaboom|Protect|p2b: Rillaboom\n|-singleturn|p2b: Rillaboom|Protect\n|move|p1a: Great Tusk|Ice Spinner|p2a: Amoonguss\n|-supereffective|p2a: Amoonguss\n|-damage|p2a: Amoonguss|49\/100\n|move|p1b: Ogerpon|Horn Leech|p2b: Rillaboom\n|-activate|p2b: Rillaboom|move: Protect\n|move|p2a: Amoonguss|Spore|p1a: Great Tusk\n|-status|p1a: Great Tusk|slp|[from] move: Spore\n|\n|upkeep\n|turn|7\n|\n|t:|1700191658\n|-end|p1a: Great Tusk|Protosynthesis|[silent]\n|switch|p1a: Tornadus|Tornadus, L50, M|100\/100\n|move|p1b: Ogerpon|Spiky Shield|p1b: Ogerpon\n|-singleturn|p1b: Ogerpon|move: Protect\n|move|p2b: Rillaboom|Protect||[still]\n|-fail|p2b: Rillaboom\n|move|p2a: Amoonguss|Pollen Puff|p1b: Ogerpon\n|-activate|p1b: Ogerpon|move: Protect\n|\n|upkeep\n|turn|8\n|\n|t:|1700191683\n|move|p2b: Rillaboom|Protect|p2b: Rillaboom\n|-singleturn|p2b: Rillaboom|Protect\n|move|p1b: Ogerpon|Ivy Cudgel|p2a: Amoonguss|[anim] Ivy Cudgel Water\n|-resisted|p2a: Amoonguss\n|-crit|p2a: Amoonguss\n|-damage|p2a: Amoonguss|0 fnt\n|faint|p2a: Amoonguss\n|move|p1a: Tornadus|Bleakwind Storm|p2b: Rillaboom\n|-activate|p2b: Rillaboom|move: Protect\n|\n|upkeep\n|\n|t:|1700191697\n|switch|p2a: Palafin|Palafin-Hero, L50, F|100\/100\n|turn|9\n|\n|t:|1700191714\n|switch|p2a: Flutter Mane|Flutter Mane, L50|100\/100\n|move|p1b: Ogerpon|Horn Leech|p2a: Flutter Mane\n|-damage|p2a: Flutter Mane|0 fnt\n|-heal|p1b: Ogerpon|47\/100|[from] drain|[of] p2a: Flutter Mane\n|faint|p2a: Flutter Mane\n|-end|p2a: Flutter Mane|Protosynthesis|[silent]\n|move|p1a: Tornadus|Bleakwind Storm|p2b: Rillaboom\n|-supereffective|p2b: Rillaboom\n|-damage|p2b: Rillaboom|0 fnt\n|faint|p2b: Rillaboom\n|\n|upkeep\n|\n|t:|1700191724\n|switch|p2b: Palafin|Palafin-Hero, L50, F|100\/100\n|turn|10\n|c|\u2606legndrygoatedXD69|gg\n|c| thomas shelby 1|noob\n|\n|t:|1700191739\n|switch|p1a: Iron Hands|Iron Hands, L50|100\/100\n|-terastallize|p2b: Palafin|Water\n|move|p2b: Palafin|Jet Punch|p1a: Iron Hands\n|-damage|p1a: Iron Hands|64\/100\n|move|p1b: Ogerpon|Horn Leech|p2b: Palafin\n|-supereffective|p2b: Palafin\n|-damage|p2b: Palafin|0 fnt\n|-heal|p1b: Ogerpon|100\/100|[from] drain|[of] p2b: Palafin\n|faint|p2b: Palafin\n|\n|win|atworkyolo13\n|raw|atworkyolo13's rating: 1485 &rarr; <strong>1505<\/strong><br \/>(+20 for winning)\n|raw|legndrygoatedXD69's rating: 1482 &rarr; <strong>1462<\/strong><br \/>(-20 for losing)\n","uploadtime":1700191756,"views":15,"p1id":"atworkyolo13","p2id":"legndrygoatedxd69","formatid":"gen9vgc2023regulatione","rating":1462,"private":0,"password":""}