{"id":"gen9vgc2023regulatione-2000306665","p1":"Barry Baksteen","p2":"IronThrones","format":"[Gen 9] VGC 2023 Regulation E","log":"|j|\u2606Barry Baksteen\n|j|\u2606IronThrones\n|t:|1701183401\n|gametype|doubles\n|player|p1|Barry Baksteen|170|1214\n|player|p2|IronThrones|scientist-gen4|1170\n|teamsize|p1|6\n|teamsize|p2|6\n|gen|9\n|tier|[Gen 9] VGC 2023 Regulation E\n|rated|\n|rule|Species Clause: Limit one of each Pok\u00e9mon\n|rule|Item Clause: Limit one of each item\n|clearpoke\n|poke|p1|Grimmsnarl, L50, M|\n|poke|p1|Tornadus, L50, M|\n|poke|p1|Urshifu-*, L50, F|\n|poke|p1|Landorus-Therian, L50, M|\n|poke|p1|Chi-Yu, L50|\n|poke|p1|Gholdengo, L50|\n|poke|p2|Gengar, L50, F|\n|poke|p2|Tornadus, L50, M|\n|poke|p2|Iron Hands, L50|\n|poke|p2|Landorus-Therian, L50, M|\n|poke|p2|Gholdengo, L50|\n|poke|p2|Tsareena, L50, F|\n|teampreview|4\n|inactive|Battle timer is ON: inactive players will automatically lose when time's up. (requested by IronThrones)\n|\n|t:|1701183433\n|start\n|switch|p1a: Grimmsnarl|Grimmsnarl, L50, M|100\/100\n|switch|p1b: Landorus|Landorus-Therian, L50, M|100\/100\n|switch|p2a: Gengar|Gengar, L50, F|100\/100\n|switch|p2b: Landorus|Landorus-Therian, L50, M|100\/100\n|-ability|p1b: Landorus|Intimidate|boost\n|-unboost|p2a: Gengar|atk|1\n|-unboost|p2b: Landorus|atk|1\n|-ability|p2b: Landorus|Intimidate|boost\n|-unboost|p1a: Grimmsnarl|atk|1\n|-unboost|p1b: Landorus|atk|1\n|turn|1\n|\n|t:|1701183452\n|-terastallize|p1b: Landorus|Ice\n|move|p2a: Gengar|Protect|p2a: Gengar\n|-singleturn|p2a: Gengar|Protect\n|move|p1a: Grimmsnarl|Reflect|p1a: Grimmsnarl\n|-sidestart|p1: Barry Baksteen|Reflect\n|move|p2b: Landorus|U-turn|p1a: Grimmsnarl\n|-damage|p1a: Grimmsnarl|87\/100\n|\n|t:|1701183460\n|switch|p2b: Iron Hands|Iron Hands, L50|100\/100|[from] U-turn\n|move|p1b: Landorus|Tera Blast|p2b: Iron Hands|[anim] Tera Blast Ice\n|-damage|p2b: Iron Hands|82\/100\n|\n|upkeep\n|turn|2\n|\n|t:|1701183482\n|switch|p1b: Tornadus|Tornadus, L50, M|100\/100\n|switch|p2a: Tornadus|Tornadus, L50, M|100\/100\n|move|p1a: Grimmsnarl|Scary Face|p2a: Tornadus\n|-unboost|p2a: Tornadus|spe|2\n|move|p2b: Iron Hands|Drain Punch|p1b: Tornadus\n|-resisted|p1b: Tornadus\n|-damage|p1b: Tornadus|80\/100\n|-heal|p2b: Iron Hands|89\/100|[from] drain|[of] p1b: Tornadus\n|\n|upkeep\n|turn|3\n|\n|t:|1701183504\n|switch|p2a: Gengar|Gengar, L50, F|100\/100\n|move|p1a: Grimmsnarl|Fake Tears|p2b: Iron Hands\n|-unboost|p2b: Iron Hands|spd|2\n|move|p1b: Tornadus|Bleakwind Storm|p2a: Gengar|[spread] p2a,p2b\n|-damage|p2a: Gengar|47\/100\n|-damage|p2b: Iron Hands|50\/100\n|-unboost|p2b: Iron Hands|spe|1\n|-start|p1b: Tornadus|Disable|Bleakwind Storm|[from] ability: Cursed Body|[of] p2a: Gengar\n|move|p2b: Iron Hands|Wild Charge|p1b: Tornadus\n|-supereffective|p1b: Tornadus\n|-damage|p1b: Tornadus|0 fnt\n|faint|p1b: Tornadus\n|-damage|p2b: Iron Hands|36\/100|[from] Recoil\n|\n|upkeep\n|\n|t:|1701183515\n|switch|p1b: Chi-Yu|Chi-Yu, L50|100\/100\n|-ability|p1b: Chi-Yu|Beads of Ruin\n|turn|4\n|\n|t:|1701183536\n|-end|p2b: Iron Hands|Quark Drive|[silent]\n|switch|p2b: Tornadus|Tornadus, L50, M|100\/100\n|move|p2a: Gengar|Protect|p2a: Gengar\n|-singleturn|p2a: Gengar|Protect\n|move|p1a: Grimmsnarl|Scary Face|p2a: Gengar\n|-activate|p2a: Gengar|move: Protect\n|move|p1b: Chi-Yu|Heat Wave|p2a: Gengar|[spread] p2b\n|-activate|p2a: Gengar|move: Protect\n|-damage|p2b: Tornadus|57\/100\n|\n|upkeep\n|turn|5\n|\n|t:|1701183555\n|move|p1b: Chi-Yu|Protect|p1b: Chi-Yu\n|-singleturn|p1b: Chi-Yu|Protect\n|move|p2b: Tornadus|Tailwind|p2b: Tornadus\n|-sidestart|p2: IronThrones|move: Tailwind\n|move|p1a: Grimmsnarl|Scary Face|p2a: Gengar\n|-unboost|p2a: Gengar|spe|2\n|move|p2a: Gengar|Shadow Ball|p1b: Chi-Yu\n|-activate|p1b: Chi-Yu|move: Protect\n|\n|upkeep\n|turn|6\n|\n|t:|1701183574\n|switch|p2a: Landorus|Landorus-Therian, L50, M|100\/100\n|-ability|p2a: Landorus|Intimidate|boost\n|-unboost|p1a: Grimmsnarl|atk|1\n|-unboost|p1b: Chi-Yu|atk|1\n|move|p1a: Grimmsnarl|Scary Face|p2a: Landorus\n|-unboost|p2a: Landorus|spe|2\n|move|p2b: Tornadus|Bleakwind Storm|p1b: Chi-Yu|[spread] p1b\n|-miss|p2b: Tornadus|p1a: Grimmsnarl\n|-damage|p1b: Chi-Yu|64\/100\n|move|p1b: Chi-Yu|Heat Wave|p2b: Tornadus|[spread] p2a,p2b\n|-damage|p2a: Landorus|24\/100\n|-damage|p2b: Tornadus|11\/100\n|\n|upkeep\n|turn|7\n|\n|t:|1701183593\n|move|p1a: Grimmsnarl|Scary Face|p2a: Landorus\n|-unboost|p2a: Landorus|spe|2\n|move|p2b: Tornadus|Bleakwind Storm|p1b: Chi-Yu|[spread] p1a,p1b\n|-damage|p1a: Grimmsnarl|57\/100\n|-damage|p1b: Chi-Yu|29\/100\n|move|p1b: Chi-Yu|Heat Wave|p2b: Tornadus|[spread] p2a\n|-miss|p1b: Chi-Yu|p2b: Tornadus\n|-damage|p2a: Landorus|0 fnt\n|faint|p2a: Landorus\n|\n|upkeep\n|\n|t:|1701183605\n|switch|p2a: Iron Hands|Iron Hands, L50|36\/100\n|turn|8\n|\n|t:|1701183616\n|switch|p1b: Landorus|Landorus-Therian, L50, M, tera:Ice|100\/100\n|-ability|p1b: Landorus|Intimidate|boost\n|-unboost|p2a: Iron Hands|atk|1\n|-unboost|p2b: Tornadus|atk|1\n|move|p1a: Grimmsnarl|Fake Tears|p2a: Iron Hands\n|-unboost|p2a: Iron Hands|spd|2\n|move|p2b: Tornadus|Bleakwind Storm|p1b: Landorus|[spread] p1a,p1b\n|-damage|p1a: Grimmsnarl|31\/100\n|-damage|p1b: Landorus|56\/100\n|move|p2a: Iron Hands|Drain Punch|p1a: Grimmsnarl\n|-damage|p1a: Grimmsnarl|7\/100\n|-heal|p2a: Iron Hands|46\/100|[from] drain|[of] p1a: Grimmsnarl\n|\n|-sideend|p1: Barry Baksteen|Reflect\n|-sideend|p2: IronThrones|move: Tailwind\n|upkeep\n|turn|9\n|\n|t:|1701183636\n|move|p2b: Tornadus|Tailwind|p2b: Tornadus\n|-sidestart|p2: IronThrones|move: Tailwind\n|move|p1a: Grimmsnarl|Reflect|p1a: Grimmsnarl\n|-sidestart|p1: Barry Baksteen|Reflect\n|move|p1b: Landorus|Rock Slide|p2a: Iron Hands|[spread] p2b\n|-miss|p1b: Landorus|p2a: Iron Hands\n|-supereffective|p2b: Tornadus\n|-damage|p2b: Tornadus|0 fnt\n|faint|p2b: Tornadus\n|move|p2a: Iron Hands|Drain Punch|p1b: Landorus\n|-supereffective|p1b: Landorus\n|-damage|p1b: Landorus|8\/100\n|-heal|p2a: Iron Hands|61\/100|[from] drain|[of] p1b: Landorus\n|\n|upkeep\n|\n|t:|1701183648\n|switch|p2b: Gengar|Gengar, L50, F|47\/100\n|turn|10\n|\n|t:|1701183658\n|move|p1a: Grimmsnarl|Scary Face|p2b: Gengar\n|-unboost|p2b: Gengar|spe|2\n|move|p1b: Landorus|Rock Slide|p2b: Gengar|[spread] p2a,p2b\n|-resisted|p2a: Iron Hands\n|-damage|p2a: Iron Hands|55\/100\n|-damage|p2b: Gengar|16\/100\n|-start|p1b: Landorus|Disable|Rock Slide|[from] ability: Cursed Body|[of] p2b: Gengar\n|cant|p2b: Gengar|flinch\n|cant|p2a: Iron Hands|flinch\n|\n|upkeep\n|turn|11\n|\n|t:|1701183677\n|move|p2b: Gengar|Protect|p2b: Gengar\n|-singleturn|p2b: Gengar|Protect\n|move|p1a: Grimmsnarl|Fake Tears|p2a: Iron Hands\n|-unboost|p2a: Iron Hands|spd|2\n|-activate|p1b: Landorus|move: Struggle\n|move|p1b: Landorus|Struggle|p2b: Gengar\n|-activate|p2b: Gengar|move: Protect\n|move|p2a: Iron Hands|Drain Punch|p1a: Grimmsnarl\n|-damage|p1a: Grimmsnarl|0 fnt\n|-heal|p2a: Iron Hands|57\/100|[from] drain|[of] p1a: Grimmsnarl\n|faint|p1a: Grimmsnarl\n|\n|upkeep\n|\n|t:|1701183685\n|switch|p1a: Chi-Yu|Chi-Yu, L50|29\/100\n|-ability|p1a: Chi-Yu|Beads of Ruin\n|turn|12\n|\n|t:|1701183694\n|-activate|p1b: Landorus|move: Struggle\n|move|p1b: Landorus|Struggle|p2a: Iron Hands\n|-crit|p2a: Iron Hands\n|-damage|p2a: Iron Hands|39\/100\n|-damage|p1b: Landorus|0 fnt|[from] recoil\n|faint|p1b: Landorus\n|move|p1a: Chi-Yu|Heat Wave|p2a: Iron Hands|[spread] p2a\n|-miss|p1a: Chi-Yu|p2b: Gengar\n|-damage|p2a: Iron Hands|0 fnt\n|faint|p2a: Iron Hands\n|-end|p2a: Iron Hands|Quark Drive|[silent]\n|move|p2b: Gengar|Haze|p2b: Gengar\n|-clearallboost\n|\n|-sideend|p2: IronThrones|move: Tailwind\n|upkeep\n|turn|13\n|\n|t:|1701183711\n|move|p1a: Chi-Yu|Psychic|p2b: Gengar\n|-supereffective|p2b: Gengar\n|-damage|p2b: Gengar|0 fnt\n|-start|p1a: Chi-Yu|Disable|Psychic|[from] ability: Cursed Body|[of] p2b: Gengar\n|faint|p2b: Gengar\n|\n|win|Barry Baksteen\n|raw|Barry Baksteen's rating: 1214 &rarr; <strong>1236<\/strong><br \/>(+22 for winning)\n|raw|IronThrones's rating: 1170 &rarr; <strong>1148<\/strong><br \/>(-22 for losing)\n|l|\u2606IronThrones\n","uploadtime":1701183721,"views":5,"p1id":"barrybaksteen","p2id":"ironthrones","formatid":"gen9vgc2023regulatione","rating":1148,"private":0,"password":""}