{"id":"gen9vgc2023regulatione-1999317171","p1":"SuperZ124","p2":"Scarlet Devil Flan","format":"[Gen 9] VGC 2023 Regulation E","log":"|j|\u2606SuperZ124\n|j|\u2606Scarlet Devil Flan\n|t:|1701059380\n|gametype|doubles\n|player|p1|SuperZ124|ruinmaniac|1034\n|player|p2|Scarlet Devil Flan|tate|1000\n|teamsize|p1|6\n|teamsize|p2|6\n|gen|9\n|tier|[Gen 9] VGC 2023 Regulation E\n|rated|\n|rule|Species Clause: Limit one of each Pok\u00e9mon\n|rule|Item Clause: Limit one of each item\n|clearpoke\n|poke|p1|Ninetales-Alola, L50, M|\n|poke|p1|Iron Bundle, L50|\n|poke|p1|Chien-Pao, L50|\n|poke|p1|Dragonite, L50, M|\n|poke|p1|Tornadus, L50, M|\n|poke|p1|Landorus-Therian, L50, M|\n|poke|p2|Tinkaton, L50, F|\n|poke|p2|Tornadus, L50, M|\n|poke|p2|Oranguru, L50, M|\n|poke|p2|Electrode, L50|\n|poke|p2|Lilligant-Hisui, L50, F|\n|poke|p2|Torkoal, L50, F|\n|teampreview|4\n|c|\u2606Scarlet Devil Flan|Hello again\n|\n|t:|1701059406\n|start\n|switch|p1a: Ninetales|Ninetales-Alola, L50, M|100\/100\n|switch|p1b: Tornadus|Tornadus, L50, M|100\/100\n|switch|p2a: Ponka Donka|Tinkaton, L50, F|100\/100\n|switch|p2b: William|Tornadus, L50, M, shiny|100\/100\n|-weather|Snow|[from] ability: Snow Warning|[of] p1a: Ninetales\n|-item|p2a: Ponka Donka|Air Balloon\n|turn|1\n|\n|t:|1701059421\n|move|p1a: Ninetales|Protect|p1a: Ninetales\n|-singleturn|p1a: Ninetales|Protect\n|move|p2a: Ponka Donka|Fake Out|p1b: Tornadus\n|-damage|p1b: Tornadus|88\/100\n|move|p2b: William|Taunt|p1a: Ninetales\n|-activate|p1a: Ninetales|move: Protect\n|cant|p1b: Tornadus|flinch\n|\n|-weather|Snow|[upkeep]\n|upkeep\n|turn|2\n|\n|t:|1701059445\n|switch|p1a: Landorus|Landorus-Therian, L50, M|100\/100\n|-ability|p1a: Landorus|Intimidate|boost\n|-fail|p2a: Ponka Donka|unboost|Attack|[from] ability: Own Tempo|[of] p2a: Ponka Donka\n|-unboost|p2b: William|atk|1\n|move|p2b: William|Taunt|p1a: Landorus\n|-start|p1a: Landorus|move: Taunt\n|move|p1b: Tornadus|Taunt|p2b: William\n|-start|p2b: William|move: Taunt\n|move|p2a: Ponka Donka|Gigaton Hammer|p1a: Landorus\n|-damage|p1a: Landorus|36\/100\n|\n|-weather|Snow|[upkeep]\n|upkeep\n|turn|3\n|\n|t:|1701059467\n|switch|p2b: Hecc it We Ball.|Electrode, L50|100\/100\n|move|p2a: Ponka Donka|Protect|p2a: Ponka Donka\n|-singleturn|p2a: Ponka Donka|Protect\n|move|p1a: Landorus|Rock Slide|p2a: Ponka Donka|[spread] p2b\n|-activate|p2a: Ponka Donka|move: Protect\n|-damage|p2b: Hecc it We Ball.|72\/100\n|move|p1b: Tornadus|Bleakwind Storm|p2b: Hecc it We Ball.|[spread] p2b\n|-activate|p2a: Ponka Donka|move: Protect\n|-resisted|p2b: Hecc it We Ball.\n|-damage|p2b: Hecc it We Ball.|54\/100\n|\n|-weather|Snow|[upkeep]\n|upkeep\n|turn|4\n|\n|t:|1701059502\n|switch|p2a: Teach me da way.|Oranguru, L50, M|100\/100\n|switch|p1b: Ninetales|Ninetales-Alola, L50, M|100\/100\n|move|p2b: Hecc it We Ball.|Explosion|p1a: Landorus|[spread] p2a,p1a,p1b\n|-damage|p2a: Teach me da way.|73\/100\n|-damage|p1a: Landorus|4\/100\n|-damage|p1b: Ninetales|78\/100\n|faint|p2b: Hecc it We Ball.\n|move|p1a: Landorus|Stomping Tantrum|p2a: Teach me da way.\n|-damage|p2a: Teach me da way.|24\/100\n|\n|-weather|Snow|[upkeep]\n|-end|p1a: Landorus|move: Taunt\n|upkeep\n|\n|t:|1701059526\n|switch|p2b: Ponka Donka|Tinkaton, L50, F|100\/100\n|-item|p2b: Ponka Donka|Air Balloon\n|turn|5\n|-enditem|p2a: Teach me da way.|Custap Berry|[eat]\n|-activate|p2a: Teach me da way.|item: Custap Berry|[consumed]\n|\n|t:|1701059538\n|switch|p1a: Tornadus|Tornadus, L50, M|88\/100\n|move|p1b: Ninetales|Protect|p1b: Ninetales\n|-singleturn|p1b: Ninetales|Protect\n|move|p2b: Ponka Donka|Fake Out|p1a: Tornadus\n|-damage|p1a: Tornadus|76\/100\n|move|p2a: Teach me da way.|Encore|p1b: Ninetales\n|-activate|p1b: Ninetales|move: Protect\n|\n|-weather|none\n|upkeep\n|turn|6\n|\n|t:|1701059578\n|switch|p2a: William|Tornadus, L50, M, shiny|100\/100\n|-terastallize|p2b: Ponka Donka|Steel\n|move|p1a: Tornadus|Snowscape|p1a: Tornadus\n|-weather|Snow\n|move|p1b: Ninetales|Blizzard|p2b: Ponka Donka|[spread] p2a,p2b\n|-supereffective|p2a: William\n|-resisted|p2b: Ponka Donka\n|-damage|p2a: William|54\/100\n|-damage|p2b: Ponka Donka|86\/100\n|-enditem|p2b: Ponka Donka|Air Balloon\n|move|p2b: Ponka Donka|Gigaton Hammer|p1b: Ninetales\n|-supereffective|p1b: Ninetales\n|-damage|p1b: Ninetales|0 fnt\n|faint|p1b: Ninetales\n|\n|-weather|Snow|[upkeep]\n|upkeep\n|\n|t:|1701059609\n|switch|p1b: Landorus|Landorus-Therian, L50, M|4\/100\n|-ability|p1b: Landorus|Intimidate|boost\n|-unboost|p2a: William|atk|1\n|-fail|p2b: Ponka Donka|unboost|Attack|[from] ability: Own Tempo|[of] p2b: Ponka Donka\n|turn|7\n|\n|t:|1701059622\n|move|p2a: William|Tailwind|p2a: William\n|-sidestart|p2: Scarlet Devil Flan|move: Tailwind\n|move|p2b: Ponka Donka|Play Rough|p1b: Landorus\n|-damage|p1b: Landorus|0 fnt\n|faint|p1b: Landorus\n|move|p1a: Tornadus|Bleakwind Storm|p2a: William|[spread] p2a,p2b\n|-resisted|p2b: Ponka Donka\n|-damage|p2a: William|31\/100\n|-damage|p2b: Ponka Donka|68\/100\n|\n|-weather|Snow|[upkeep]\n|upkeep\n|\n|t:|1701059632\n|switch|p1b: Chien-Pao|Chien-Pao, L50|100\/100\n|-ability|p1b: Chien-Pao|Sword of Ruin\n|turn|8\n|\n|t:|1701059639\n|move|p2a: William|Swagger|p2b: Ponka Donka|[miss]\n|-miss|p2a: William|p2b: Ponka Donka\n|move|p1b: Chien-Pao|Sucker Punch|p2b: Ponka Donka\n|-damage|p2b: Ponka Donka|3\/100\n|move|p1a: Tornadus|Tailwind|p1a: Tornadus\n|-sidestart|p1: SuperZ124|move: Tailwind\n|move|p2b: Ponka Donka|Gigaton Hammer|p1b: Chien-Pao\n|-supereffective|p1b: Chien-Pao\n|-enditem|p1b: Chien-Pao|Focus Sash\n|-damage|p1b: Chien-Pao|1\/100\n|\n|-weather|Snow|[upkeep]\n|upkeep\n|turn|9\n|\n|t:|1701059656\n|move|p1b: Chien-Pao|Protect|p1b: Chien-Pao\n|-singleturn|p1b: Chien-Pao|Protect\n|move|p2b: Ponka Donka|Protect|p2b: Ponka Donka\n|-singleturn|p2b: Ponka Donka|Protect\n|move|p2a: William|Bleakwind Storm|p1b: Chien-Pao|[spread] p1a\n|-activate|p1b: Chien-Pao|move: Protect\n|-damage|p1a: Tornadus|51\/100\n|move|p1a: Tornadus|Bleakwind Storm|p2a: William|[spread] p2a\n|-activate|p2b: Ponka Donka|move: Protect\n|-damage|p2a: William|5\/100\n|\n|-weather|Snow|[upkeep]\n|upkeep\n|turn|10\n|c|\u2606Scarlet Devil Flan|XD\n|\n|t:|1701059691\n|switch|p2b: Teach me da way.|Oranguru, L50, M|24\/100\n|move|p1b: Chien-Pao|Sucker Punch|p2a: William\n|-crit|p2a: William\n|-damage|p2a: William|0 fnt\n|faint|p2a: William\n|move|p1a: Tornadus|Bleakwind Storm|p2b: Teach me da way.\n|-damage|p2b: Teach me da way.|0 fnt\n|faint|p2b: Teach me da way.\n|\n|-weather|none\n|-sideend|p2: Scarlet Devil Flan|move: Tailwind\n|upkeep\n|c|\u2606Scarlet Devil Flan|Ya got me, gg \/forfeit\n|c|\u2606SuperZ124|XD\n|c|\u2606SuperZ124|gg\n|-message|Scarlet Devil Flan forfeited.\n|\n|win|SuperZ124\n|raw|SuperZ124's rating: 1034 &rarr; <strong>1065<\/strong><br \/>(+31 for winning)\n|raw|Scarlet Devil Flan's rating: 1000 &rarr; <strong>1000<\/strong><br \/>(+0 for losing)\n|l|\u2606Scarlet Devil Flan\n","uploadtime":1701059733,"views":7,"p1id":"superz124","p2id":"scarletdevilflan","formatid":"gen9vgc2023regulatione","rating":1000,"private":0,"password":""}