{"id":"gen9vgc2023regulatione-2000045654","p1":"TaioD3","p2":"krlxjms","format":"[Gen 9] VGC 2023 Regulation E","log":"|j|\u2606TaioD3\n|j|\u2606krlxjms\n|t:|1701145525\n|gametype|doubles\n|player|p1|TaioD3|elesa|1098\n|player|p2|krlxjms|ethan|1120\n|teamsize|p1|6\n|teamsize|p2|6\n|gen|9\n|tier|[Gen 9] VGC 2023 Regulation E\n|rated|\n|rule|Species Clause: Limit one of each Pok\u00e9mon\n|rule|Item Clause: Limit one of each item\n|clearpoke\n|poke|p1|Oricorio-Sensu, L50, F|\n|poke|p1|Samurott-Hisui, L50, F|\n|poke|p1|Amoonguss, L50, F|\n|poke|p1|Volcarona, L50, F|\n|poke|p1|Kingambit, L50, M|\n|poke|p1|Iron Hands, L50|\n|poke|p2|Urshifu-*, L50, F|\n|poke|p2|Tornadus, L50, M|\n|poke|p2|Flutter Mane, L50|\n|poke|p2|Roaring Moon, L50|\n|poke|p2|Rillaboom, L50, M|\n|poke|p2|Arcanine-Hisui, L50, M|\n|teampreview|4\n|\n|t:|1701145573\n|start\n|switch|p1a: Samurott|Samurott-Hisui, L50, F, shiny|100\/100\n|switch|p1b: Volcarona|Volcarona, L50, F, shiny|100\/100\n|switch|p2a: Flutter Mane|Flutter Mane, L50|100\/100\n|switch|p2b: Arcanine|Arcanine-Hisui, L50, M|100\/100\n|-ability|p2b: Arcanine|Intimidate|boost\n|-unboost|p1a: Samurott|atk|1\n|-unboost|p1b: Volcarona|atk|1\n|turn|1\n|\n|t:|1701145610\n|-terastallize|p2b: Arcanine|Normal\n|move|p2a: Flutter Mane|Helping Hand|p2b: Arcanine\n|-singleturn|p2b: Arcanine|Helping Hand|[of] p2a: Flutter Mane\n|move|p1b: Volcarona|Protect|p1b: Volcarona\n|-singleturn|p1b: Volcarona|Protect\n|move|p1a: Samurott|Aqua Jet|p2b: Arcanine\n|-damage|p2b: Arcanine|80\/100\n|-damage|p1a: Samurott|91\/100|[from] item: Life Orb\n|move|p2b: Arcanine|Rock Slide|p1b: Volcarona|[spread] p1a\n|-activate|p1b: Volcarona|move: Protect\n|-damage|p1a: Samurott|13\/100\n|\n|upkeep\n|turn|2\n|\n|t:|1701145662\n|switch|p1b: Iron Hands|Iron Hands, L50, shiny|100\/100\n|move|p2a: Flutter Mane|Helping Hand|p2b: Arcanine\n|-singleturn|p2b: Arcanine|Helping Hand|[of] p2a: Flutter Mane\n|move|p2b: Arcanine|Rock Slide|p1b: Iron Hands|[spread] p1a,p1b\n|-resisted|p1b: Iron Hands\n|-damage|p1a: Samurott|0 fnt\n|-damage|p1b: Iron Hands|80\/100\n|faint|p1a: Samurott\n|\n|upkeep\n|\n|t:|1701145681\n|switch|p1a: Volcarona|Volcarona, L50, F, shiny|100\/100\n|turn|3\n|\n|t:|1701145716\n|switch|p2b: Urshifu|Urshifu-Rapid-Strike, L50, F|100\/100\n|move|p1b: Iron Hands|Fake Out|p2b: Urshifu\n|-damage|p2b: Urshifu|85\/100\n|move|p2a: Flutter Mane|Confuse Ray|p1b: Iron Hands\n|-start|p1b: Iron Hands|confusion\n|move|p1a: Volcarona|Quiver Dance|p1a: Volcarona\n|-boost|p1a: Volcarona|spa|1\n|-boost|p1a: Volcarona|spd|1\n|-boost|p1a: Volcarona|spe|1\n|\n|upkeep\n|turn|4\n|\n|t:|1701145746\n|move|p1a: Volcarona|Air Slash|p2b: Urshifu\n|-supereffective|p2b: Urshifu\n|-damage|p2b: Urshifu|0 fnt\n|faint|p2b: Urshifu\n|move|p2a: Flutter Mane|Dazzling Gleam|p1a: Volcarona|[spread] p1a,p1b\n|-resisted|p1a: Volcarona\n|-supereffective|p1b: Iron Hands\n|-damage|p1a: Volcarona|89\/100\n|-damage|p1b: Iron Hands|35\/100\n|-activate|p1b: Iron Hands|confusion\n|move|p1b: Iron Hands|Heavy Slam|p2a: Flutter Mane\n|-supereffective|p2a: Flutter Mane\n|-damage|p2a: Flutter Mane|0 fnt\n|faint|p2a: Flutter Mane\n|-end|p2a: Flutter Mane|Protosynthesis|[silent]\n|\n|upkeep\n|\n|t:|1701145755\n|switch|p2a: Arcanine|Arcanine-Hisui, L50, M, tera:Normal|80\/100\n|switch|p2b: Roaring Moon|Roaring Moon, L50|100\/100\n|-ability|p2a: Arcanine|Intimidate|boost\n|-unboost|p1a: Volcarona|atk|1\n|-unboost|p1b: Iron Hands|atk|1\n|-enditem|p2b: Roaring Moon|Booster Energy\n|-activate|p2b: Roaring Moon|ability: Protosynthesis|[fromitem]\n|-start|p2b: Roaring Moon|protosynthesisatk\n|turn|5\n|\n|t:|1701145794\n|move|p1a: Volcarona|Protect|p1a: Volcarona\n|-singleturn|p1a: Volcarona|Protect\n|move|p2a: Arcanine|Extreme Speed|p1a: Volcarona\n|-activate|p1a: Volcarona|move: Protect\n|move|p2b: Roaring Moon|Acrobatics|p1a: Volcarona\n|-activate|p1a: Volcarona|move: Protect\n|-activate|p1b: Iron Hands|confusion\n|move|p1b: Iron Hands|Drain Punch|p2a: Arcanine\n|-supereffective|p2a: Arcanine\n|-damage|p2a: Arcanine|2\/100\n|-heal|p1b: Iron Hands|60\/100|[from] drain|[of] p2a: Arcanine\n|\n|upkeep\n|turn|6\n|\n|t:|1701145842\n|move|p2a: Arcanine|Extreme Speed|p1a: Volcarona\n|-damage|p1a: Volcarona|0 fnt\n|-status|p2a: Arcanine|brn|[from] ability: Flame Body|[of] p1a: Volcarona\n|faint|p1a: Volcarona\n|move|p2b: Roaring Moon|Acrobatics|p1b: Iron Hands\n|-damage|p1b: Iron Hands|20\/100\n|-activate|p1b: Iron Hands|confusion\n|move|p1b: Iron Hands|Drain Punch|p2a: Arcanine\n|-supereffective|p2a: Arcanine\n|-damage|p2a: Arcanine|0 fnt\n|-heal|p1b: Iron Hands|21\/100|[from] drain|[of] p2a: Arcanine\n|faint|p2a: Arcanine\n|\n|upkeep\n|\n|t:|1701145854\n|switch|p1a: Oricorio|Oricorio-Sensu, L50, F, shiny|100\/100\n|turn|7\n|\n|t:|1701145863\n|-terastallize|p1a: Oricorio|Fairy\n|move|p2b: Roaring Moon|Breaking Swipe|p1a: Oricorio|[spread] p1b\n|-immune|p1a: Oricorio\n|-damage|p1b: Iron Hands|0 fnt\n|faint|p1b: Iron Hands\n|-end|p1b: Iron Hands|Quark Drive|[silent]\n|move|p1a: Oricorio|Revelation Dance|p2b: Roaring Moon\n|-supereffective|p2b: Roaring Moon\n|-damage|p2b: Roaring Moon|0 fnt\n|faint|p2b: Roaring Moon\n|-end|p2b: Roaring Moon|Protosynthesis|[silent]\n|\n|win|TaioD3\n|raw|TaioD3's rating: 1098 &rarr; <strong>1125<\/strong><br \/>(+27 for winning)\n|raw|krlxjms's rating: 1120 &rarr; <strong>1093<\/strong><br \/>(-27 for losing)\n","uploadtime":1701145874,"views":2,"p1id":"taiod3","p2id":"krlxjms","formatid":"gen9vgc2023regulatione","rating":1093,"private":0,"password":""}