{"id":"gen9vgc2023regulatione-1998285162","p1":"miniat","p2":"JayoticNL","format":"[Gen 9] VGC 2023 Regulation E","log":"|j|\u2606miniat\n|j|\u2606JayoticNL\n|t:|1700924681\n|gametype|doubles\n|player|p1|miniat|cress|1464\n|player|p2|JayoticNL|101|1465\n|teamsize|p1|6\n|teamsize|p2|6\n|gen|9\n|tier|[Gen 9] VGC 2023 Regulation E\n|rated|\n|rule|Species Clause: Limit one of each Pok\u00e9mon\n|rule|Item Clause: Limit one of each item\n|clearpoke\n|poke|p1|Grimmsnarl, L50, M|\n|poke|p1|Wyrdeer, L50, M|\n|poke|p1|Okidogi, L50, M|\n|poke|p1|Iron Hands, L50|\n|poke|p1|Enamorus-Therian, L50, F|\n|poke|p1|Tyranitar, L50, M|\n|poke|p2|Ogerpon, L50, F|\n|poke|p2|Thundurus, L50, M|\n|poke|p2|Chi-Yu, L50|\n|poke|p2|Flutter Mane, L50|\n|poke|p2|Dondozo, L50, F|\n|poke|p2|Tatsugiri, L50, M|\n|teampreview|4\n|\n|t:|1700924703\n|start\n|switch|p1a: Grimmsnarl|Grimmsnarl, L50, M|100\/100\n|switch|p1b: Iron Hands|Iron Hands, L50|100\/100\n|switch|p2a: Thundurus|Thundurus, L50, M|100\/100\n|switch|p2b: Ogerpon|Ogerpon, L50, F|100\/100\n|turn|1\n|\n|t:|1700924715\n|move|p2b: Ogerpon|Spiky Shield|p2b: Ogerpon\n|-singleturn|p2b: Ogerpon|move: Protect\n|move|p1a: Grimmsnarl|Reflect|p1a: Grimmsnarl\n|-sidestart|p1: miniat|Reflect\n|move|p2a: Thundurus|Wildbolt Storm|p1a: Grimmsnarl|[spread] \n|-miss|p2a: Thundurus|p1a: Grimmsnarl\n|-miss|p2a: Thundurus|p1b: Iron Hands\n|move|p1b: Iron Hands|Drain Punch|p2b: Ogerpon\n|-activate|p2b: Ogerpon|move: Protect\n|-damage|p1b: Iron Hands|88\/100|[from] Spiky Shield|[of] p2b: Ogerpon\n|\n|upkeep\n|turn|2\n|\n|t:|1700924750\n|move|p1a: Grimmsnarl|Light Screen|p1a: Grimmsnarl\n|-sidestart|p1: miniat|move: Light Screen\n|move|p2b: Ogerpon|Ivy Cudgel|p1b: Iron Hands\n|-crit|p1b: Iron Hands\n|-damage|p1b: Iron Hands|36\/100\n|move|p2a: Thundurus|Wildbolt Storm|p1a: Grimmsnarl|[spread] p1a,p1b\n|-resisted|p1b: Iron Hands\n|-damage|p1a: Grimmsnarl|76\/100\n|-damage|p1b: Iron Hands|30\/100\n|move|p1b: Iron Hands|Heavy Slam|p2b: Ogerpon\n|-damage|p2b: Ogerpon|43\/100\n|\n|upkeep\n|turn|3\n|\n|t:|1700924769\n|move|p1a: Grimmsnarl|Parting Shot|p2a: Thundurus\n|-unboost|p2a: Thundurus|atk|1\n|-unboost|p2a: Thundurus|spa|1\n|\n|t:|1700924771\n|switch|p1a: Okidogi|Okidogi, L50, M|100\/100|[from] Parting Shot\n|move|p2b: Ogerpon|Ivy Cudgel|p1b: Iron Hands\n|-damage|p1b: Iron Hands|5\/100\n|move|p2a: Thundurus|Wildbolt Storm|p1a: Okidogi|[spread] p1b\n|-miss|p2a: Thundurus|p1a: Okidogi\n|-resisted|p1b: Iron Hands\n|-damage|p1b: Iron Hands|1\/100\n|move|p1b: Iron Hands|Drain Punch|p2a: Thundurus\n|-resisted|p2a: Thundurus\n|-damage|p2a: Thundurus|71\/100\n|-heal|p1b: Iron Hands|12\/100|[from] drain|[of] p2a: Thundurus\n|\n|upkeep\n|turn|4\n|\n|t:|1700924783\n|-end|p1b: Iron Hands|Quark Drive|[silent]\n|switch|p1b: Grimmsnarl|Grimmsnarl, L50, M|76\/100\n|move|p2a: Thundurus|Thunder Wave|p1a: Okidogi|[miss]\n|-miss|p2a: Thundurus|p1a: Okidogi\n|move|p2b: Ogerpon|Ivy Cudgel|p1b: Grimmsnarl\n|-damage|p1b: Grimmsnarl|44\/100\n|move|p1a: Okidogi|Bulk Up|p1a: Okidogi\n|-boost|p1a: Okidogi|atk|1\n|-boost|p1a: Okidogi|def|1\n|\n|upkeep\n|turn|5\n|\n|t:|1700924794\n|move|p2a: Thundurus|Thunder Wave|p1a: Okidogi\n|-status|p1a: Okidogi|par\n|move|p2b: Ogerpon|Encore|p1a: Okidogi\n|-start|p1a: Okidogi|Encore\n|move|p1b: Grimmsnarl|Spirit Break|p2a: Thundurus\n|-damage|p2a: Thundurus|36\/100\n|move|p1a: Okidogi|Bulk Up|p1a: Okidogi\n|-boost|p1a: Okidogi|atk|1\n|-boost|p1a: Okidogi|def|1\n|\n|upkeep\n|turn|6\n|\n|t:|1700924803\n|move|p2b: Ogerpon|Ivy Cudgel|p1b: Grimmsnarl\n|-crit|p1b: Grimmsnarl\n|-damage|p1b: Grimmsnarl|0 fnt\n|faint|p1b: Grimmsnarl\n|move|p2a: Thundurus|Wildbolt Storm|p1a: Okidogi\n|-damage|p1a: Okidogi|81\/100 par\n|move|p1a: Okidogi|Bulk Up|p1a: Okidogi\n|-boost|p1a: Okidogi|atk|1\n|-boost|p1a: Okidogi|def|1\n|\n|-heal|p1a: Okidogi|87\/100 par|[from] item: Leftovers\n|upkeep\n|\n|t:|1700924813\n|switch|p1b: Wyrdeer|Wyrdeer, L50, M|100\/100\n|-ability|p1b: Wyrdeer|Intimidate|boost\n|-unboost|p2a: Thundurus|atk|1\n|-unboost|p2b: Ogerpon|atk|1\n|-ability|p2b: Ogerpon|Defiant|boost\n|-boost|p2b: Ogerpon|atk|2\n|turn|7\n|\n|t:|1700924835\n|move|p2a: Thundurus|Taunt|p1b: Wyrdeer\n|-start|p1b: Wyrdeer|move: Taunt\n|move|p2b: Ogerpon|Stomping Tantrum|p1a: Okidogi\n|-supereffective|p1a: Okidogi\n|-crit|p1a: Okidogi\n|-damage|p1a: Okidogi|0 fnt\n|faint|p1a: Okidogi\n|cant|p1b: Wyrdeer|move: Taunt|Trick Room\n|\n|upkeep\n|c|\u2606miniat|gotta love crits\n|-message|miniat forfeited.\n|\n|win|JayoticNL\n|raw|miniat's rating: 1464 &rarr; <strong>1444<\/strong><br \/>(-20 for losing)\n|raw|JayoticNL's rating: 1465 &rarr; <strong>1485<\/strong><br \/>(+20 for winning)\n|l|\u2606miniat\n","uploadtime":1700925054,"views":18,"p1id":"miniat","p2id":"jayoticnl","formatid":"gen9vgc2023regulatione","rating":1444,"private":0,"password":""}