{"id":"gen9vgc2023regulatione-1988192070","p1":"bunearyboicherry","p2":"SaltyTat3rtotz","format":"[Gen 9] VGC 2023 Regulation E","log":"|j|\u2606bunearyboicherry\n|j|\u2606SaltyTat3rtotz\n|t:|1699682502\n|gametype|doubles\n|player|p1|bunearyboicherry|hapu|1124\n|player|p2|SaltyTat3rtotz|clair|1111\n|teamsize|p1|6\n|teamsize|p2|6\n|gen|9\n|tier|[Gen 9] VGC 2023 Regulation E\n|rated|\n|rule|Species Clause: Limit one of each Pok\u00e9mon\n|rule|Item Clause: Limit one of each item\n|clearpoke\n|poke|p1|Politoed, L50, F|\n|poke|p1|Feebas, L50, F|\n|poke|p1|Tinkaton, L50, F|\n|poke|p1|Grimmsnarl, L50, M|\n|poke|p1|Braviary-Hisui, L50, M|\n|poke|p1|Revavroom, L50, F|\n|poke|p2|Azumarill, L50, F|\n|poke|p2|Brute Bonnet, L50|\n|poke|p2|Flutter Mane, L50|\n|poke|p2|Ursaluna-Bloodmoon, L50, M|\n|poke|p2|Fezandipiti, L50, M|\n|poke|p2|Arcanine-Hisui, L50, M|\n|teampreview|4\n|inactive|Battle timer is ON: inactive players will automatically lose when time's up. (requested by bunearyboicherry)\n|inactive|bunearyboicherry has 60 seconds left.\n|inactive|SaltyTat3rtotz has 60 seconds left.\n|c|\u2606bunearyboicherry|GLHF\n|\n|t:|1699682557\n|start\n|switch|p1a: Besmara|Politoed, L50, F, shiny|100\/100\n|switch|p1b: Speedbas|Feebas, L50, F|100\/100\n|switch|p2a: Brute Bonnet|Brute Bonnet, L50, shiny|100\/100\n|switch|p2b: Arcanine|Arcanine-Hisui, L50, M, shiny|100\/100\n|-ability|p2b: Arcanine|Intimidate|boost\n|-unboost|p1a: Besmara|atk|1\n|-unboost|p1b: Speedbas|atk|1\n|-weather|RainDance|[from] ability: Drizzle|[of] p1a: Besmara\n|turn|1\n|c|\u2606SaltyTat3rtotz|U2\n|inactive|SaltyTat3rtotz has 30 seconds left.\n|inactive|SaltyTat3rtotz has 20 seconds left.\n|inactive|SaltyTat3rtotz has 15 seconds left.\n|\n|t:|1699682597\n|-terastallize|p1a: Besmara|Ice\n|move|p2b: Arcanine|Protect|p2b: Arcanine\n|-singleturn|p2b: Arcanine|Protect\n|move|p1b: Speedbas|Hypnosis|p2a: Brute Bonnet\n|-status|p2a: Brute Bonnet|slp|[from] move: Hypnosis\n|move|p1a: Besmara|Muddy Water|p2a: Brute Bonnet|[spread] p2a\n|-activate|p2b: Arcanine|move: Protect\n|-resisted|p2a: Brute Bonnet\n|-damage|p2a: Brute Bonnet|83\/100 slp\n|cant|p2a: Brute Bonnet|slp\n|\n|-weather|RainDance|[upkeep]\n|upkeep\n|turn|2\n|c|\u2606SaltyTat3rtotz|Well played\n|inactive|SaltyTat3rtotz has 30 seconds left.\n|\n|t:|1699682625\n|-terastallize|p2b: Arcanine|Grass\n|move|p1a: Besmara|Protect|p1a: Besmara\n|-singleturn|p1a: Besmara|Protect\n|cant|p2a: Brute Bonnet|slp\n|move|p1b: Speedbas|Hypnosis|p2b: Arcanine\n|-status|p2b: Arcanine|slp|[from] move: Hypnosis\n|cant|p2b: Arcanine|slp\n|\n|-weather|RainDance|[upkeep]\n|upkeep\n|turn|3\n|c|\u2606SaltyTat3rtotz|Bruh double?\n|inactive|SaltyTat3rtotz has 30 seconds left.\n|\n|t:|1699682655\n|switch|p2b: Flutter Mane|Flutter Mane, L50, shiny|100\/100\n|-enditem|p2b: Flutter Mane|Booster Energy\n|-activate|p2b: Flutter Mane|ability: Protosynthesis|[fromitem]\n|-start|p2b: Flutter Mane|protosynthesisspe\n|move|p1b: Speedbas|Icy Wind|p2a: Brute Bonnet|[spread] p2a,p2b\n|-supereffective|p2a: Brute Bonnet\n|-damage|p2a: Brute Bonnet|75\/100 slp\n|-damage|p2b: Flutter Mane|96\/100\n|-unboost|p2a: Brute Bonnet|spe|1\n|-unboost|p2b: Flutter Mane|spe|1\n|move|p1a: Besmara|Blizzard|p2a: Brute Bonnet|[spread] p2a\n|-miss|p1a: Besmara|p2b: Flutter Mane\n|-enditem|p1a: Besmara|Blunder Policy\n|-boost|p1a: Besmara|spe|2\n|-supereffective|p2a: Brute Bonnet\n|-damage|p2a: Brute Bonnet|20\/100 slp\n|-curestatus|p2a: Brute Bonnet|slp|[msg]\n|move|p2a: Brute Bonnet|Spore|p1a: Besmara\n|-status|p1a: Besmara|slp|[from] move: Spore\n|\n|-weather|RainDance|[upkeep]\n|upkeep\n|turn|4\n|c|\u2606bunearyboicherry|Speedbas\n|inactive|bunearyboicherry has 30 seconds left.\n|inactive|SaltyTat3rtotz has 30 seconds left.\n|\n|t:|1699682684\n|move|p1b: Speedbas|Protect|p1b: Speedbas\n|-singleturn|p1b: Speedbas|Protect\n|move|p2a: Brute Bonnet|Rage Powder|p2a: Brute Bonnet\n|-singleturn|p2a: Brute Bonnet|move: Rage Powder\n|move|p2b: Flutter Mane|Moonblast|p1b: Speedbas\n|-activate|p1b: Speedbas|move: Protect\n|cant|p1a: Besmara|slp\n|\n|-weather|RainDance|[upkeep]\n|upkeep\n|turn|5\n|c|\u2606SaltyTat3rtotz|Ahaha yes, but hypnosis has horrid accuracy\n|inactive|SaltyTat3rtotz has 30 seconds left.\n|\n|t:|1699682710\n|move|p1b: Speedbas|Hypnosis|p2b: Flutter Mane|[miss]\n|-miss|p1b: Speedbas|p2b: Flutter Mane\n|move|p2b: Flutter Mane|Power Gem|p1a: Besmara\n|-supereffective|p1a: Besmara\n|-damage|p1a: Besmara|46\/100 slp\n|-curestatus|p1a: Besmara|slp|[msg]\n|move|p1a: Besmara|Muddy Water|p2b: Flutter Mane|[spread] p2a,p2b\n|-resisted|p2a: Brute Bonnet\n|-damage|p2a: Brute Bonnet|2\/100\n|-damage|p2b: Flutter Mane|56\/100\n|move|p2a: Brute Bonnet|Seed Bomb|p1b: Speedbas\n|-supereffective|p1b: Speedbas\n|-enditem|p1b: Speedbas|Focus Sash\n|-damage|p1b: Speedbas|2\/100\n|\n|-weather|none\n|upkeep\n|turn|6\n|inactive|bunearyboicherry has 30 seconds left.\n|\n|t:|1699682736\n|move|p2b: Flutter Mane|Protect|p2b: Flutter Mane\n|-singleturn|p2b: Flutter Mane|Protect\n|move|p2a: Brute Bonnet|Rage Powder|p2a: Brute Bonnet\n|-singleturn|p2a: Brute Bonnet|move: Rage Powder\n|move|p1a: Besmara|Blizzard|p2b: Flutter Mane|[spread] \n|-activate|p2b: Flutter Mane|move: Protect\n|-miss|p1a: Besmara|p2a: Brute Bonnet\n|move|p1b: Speedbas|Icy Wind|p2b: Flutter Mane|[spread] p2a\n|-activate|p2b: Flutter Mane|move: Protect\n|-supereffective|p2a: Brute Bonnet\n|-damage|p2a: Brute Bonnet|0 fnt\n|faint|p2a: Brute Bonnet\n|-end|p2a: Brute Bonnet|Protosynthesis|[silent]\n|\n|upkeep\n|\n|t:|1699682751\n|switch|p2a: Arcanine|Arcanine-Hisui, L50, M, shiny, tera:Grass|100\/100 slp\n|-ability|p2a: Arcanine|Intimidate|boost\n|-unboost|p1a: Besmara|atk|1\n|-unboost|p1b: Speedbas|atk|1\n|turn|7\n|\n|t:|1699682763\n|move|p2b: Flutter Mane|Protect||[still]\n|-fail|p2b: Flutter Mane\n|move|p1a: Besmara|Blizzard|p2b: Flutter Mane|[spread] p2a,p2b\n|-supereffective|p2a: Arcanine\n|-crit|p2a: Arcanine\n|-damage|p2a: Arcanine|0 fnt\n|-damage|p2b: Flutter Mane|25\/100\n|faint|p2a: Arcanine\n|move|p1b: Speedbas|Hypnosis|p2b: Flutter Mane\n|-status|p2b: Flutter Mane|slp|[from] move: Hypnosis\n|\n|upkeep\n|\n|t:|1699682772\n|switch|p2a: Ursaluna|Ursaluna-Bloodmoon, L50, M|100\/100\n|turn|8\n|\n|t:|1699682788\n|move|p2a: Ursaluna|Vacuum Wave|p1a: Besmara\n|-supereffective|p1a: Besmara\n|-damage|p1a: Besmara|16\/100\n|cant|p2b: Flutter Mane|slp\n|move|p1a: Besmara|Blizzard|p2b: Flutter Mane|[spread] p2a\n|-miss|p1a: Besmara|p2b: Flutter Mane\n|-supereffective|p2a: Ursaluna\n|-damage|p2a: Ursaluna|47\/100\n|move|p1b: Speedbas|Icy Wind|p2a: Ursaluna|[spread] p2a,p2b\n|-supereffective|p2a: Ursaluna\n|-damage|p2a: Ursaluna|39\/100\n|-damage|p2b: Flutter Mane|20\/100 slp\n|-unboost|p2a: Ursaluna|spe|1\n|-unboost|p2b: Flutter Mane|spe|1\n|\n|upkeep\n|turn|9\n|c|\u2606SaltyTat3rtotz|Gg\n|\n|t:|1699682810\n|move|p2a: Ursaluna|Vacuum Wave|p1a: Besmara\n|-supereffective|p1a: Besmara\n|-damage|p1a: Besmara|0 fnt\n|faint|p1a: Besmara\n|cant|p2b: Flutter Mane|slp\n|move|p1b: Speedbas|Hypnosis|p2a: Ursaluna\n|-status|p2a: Ursaluna|slp|[from] move: Hypnosis\n|\n|upkeep\n|\n|t:|1699682814\n|switch|p1a: Brigid|Tinkaton, L50, F, shiny|100\/100\n|turn|10\n|\n|t:|1699682822\n|-curestatus|p2b: Flutter Mane|slp|[msg]\n|move|p2b: Flutter Mane|Protect|p2b: Flutter Mane\n|-singleturn|p2b: Flutter Mane|Protect\n|move|p1b: Speedbas|Protect|p1b: Speedbas\n|-singleturn|p1b: Speedbas|Protect\n|move|p1a: Brigid|Ice Hammer|p2a: Ursaluna\n|-supereffective|p2a: Ursaluna\n|-damage|p2a: Ursaluna|1\/100 slp\n|-unboost|p1a: Brigid|spe|1\n|cant|p2a: Ursaluna|slp\n|\n|upkeep\n|turn|11\n|c|\u2606bunearyboicherry|Oof\n|\n|t:|1699682846\n|move|p2b: Flutter Mane|Shadow Ball|p1b: Speedbas\n|-damage|p1b: Speedbas|0 fnt\n|faint|p1b: Speedbas\n|move|p1a: Brigid|Ice Hammer|p2a: Ursaluna\n|-supereffective|p2a: Ursaluna\n|-damage|p2a: Ursaluna|0 fnt\n|-unboost|p1a: Brigid|spe|1\n|faint|p2a: Ursaluna\n|\n|upkeep\n|c|\u2606bunearyboicherry|This is a team for a stress cuo too\n|\n|t:|1699682856\n|switch|p1b: Ms. Frizzle|Revavroom, L50, F, shiny|100\/100\n|turn|12\n|\n|t:|1699682861\n|move|p2b: Flutter Mane|Power Gem|p1b: Ms. Frizzle\n|-resisted|p1b: Ms. Frizzle\n|-damage|p1b: Ms. Frizzle|82\/100\n|move|p1b: Ms. Frizzle|Gunk Shot|p2b: Flutter Mane\n|-damage|p2b: Flutter Mane|0 fnt\n|faint|p2b: Flutter Mane\n|-end|p2b: Flutter Mane|Protosynthesis|[silent]\n|\n|win|bunearyboicherry\n|raw|bunearyboicherry's rating: 1124 &rarr; <strong>1148<\/strong><br \/>(+24 for winning)\n|raw|SaltyTat3rtotz's rating: 1111 &rarr; <strong>1087<\/strong><br \/>(-24 for losing)\n|c|\u2606bunearyboicherry|GG\n|l|\u2606SaltyTat3rtotz\n","uploadtime":1699682882,"views":23,"p1id":"bunearyboicherry","p2id":"saltytat3rtotz","formatid":"gen9vgc2023regulatione","rating":1087,"private":0,"password":""}