{"id":"gen9vgc2023regulatione-1990150540","p1":"oscarteabag","p2":"Vitao Kazones","format":"[Gen 9] VGC 2023 Regulation E","log":"|j|\u2606oscarteabag\n|j|\u2606Vitao Kazones\n|t:|1699930097\n|gametype|doubles\n|player|p1|oscarteabag|cynthia|1325\n|player|p2|Vitao Kazones|drayden|1285\n|teamsize|p1|6\n|teamsize|p2|6\n|gen|9\n|tier|[Gen 9] VGC 2023 Regulation E\n|rated|\n|rule|Species Clause: Limit one of each Pok\u00e9mon\n|rule|Item Clause: Limit one of each item\n|clearpoke\n|poke|p1|Flutter Mane, L50|\n|poke|p1|Ogerpon-Wellspring, L50, F|\n|poke|p1|Iron Hands, L50|\n|poke|p1|Clefairy, L50, F|\n|poke|p1|Kingambit, L50, F|\n|poke|p1|Landorus-Therian, L50, M|\n|poke|p2|Flutter Mane, L50|\n|poke|p2|Landorus-Therian, L50, M|\n|poke|p2|Illumise, L50, F|\n|poke|p2|Amoonguss, L50, M|\n|poke|p2|Ogerpon-Wellspring, L50, F|\n|poke|p2|Chi-Yu, L50|\n|teampreview|4\n|\n|t:|1699930163\n|start\n|switch|p1a: Clefairy|Clefairy, L50, F, shiny|100\/100\n|switch|p1b: Iron Hands|Iron Hands, L50, shiny|100\/100\n|switch|p2a: Flutter Mane|Flutter Mane, L50|100\/100\n|switch|p2b: Illumise|Illumise, L50, F|100\/100\n|-enditem|p2a: Flutter Mane|Booster Energy\n|-activate|p2a: Flutter Mane|ability: Protosynthesis|[fromitem]\n|-start|p2a: Flutter Mane|protosynthesisspa\n|turn|1\n|\n|t:|1699930205\n|-terastallize|p1b: Iron Hands|Electric\n|move|p2b: Illumise|Protect|p2b: Illumise\n|-singleturn|p2b: Illumise|Protect\n|move|p2a: Flutter Mane|Protect|p2a: Flutter Mane\n|-singleturn|p2a: Flutter Mane|Protect\n|move|p1a: Clefairy|Protect|p1a: Clefairy\n|-singleturn|p1a: Clefairy|Protect\n|move|p1b: Iron Hands|Fake Out|p2b: Illumise\n|-activate|p2b: Illumise|move: Protect\n|\n|upkeep\n|turn|2\n|inactive|Battle timer is ON: inactive players will automatically lose when time's up. (requested by oscarteabag)\n|\n|t:|1699930234\n|move|p1a: Clefairy|Helping Hand|p1b: Iron Hands\n|-singleturn|p1b: Iron Hands|Helping Hand|[of] p1a: Clefairy\n|move|p2b: Illumise|Encore|p1b: Iron Hands\n|-start|p1b: Iron Hands|Encore\n|move|p2a: Flutter Mane|Dazzling Gleam|p1b: Iron Hands|[spread] p1a,p1b\n|-damage|p1a: Clefairy|65\/100\n|-damage|p1b: Iron Hands|83\/100\n|move|p1b: Iron Hands|Fake Out||[still]\n|-hint|Fake Out only works on your first turn out.\n|-fail|p1b: Iron Hands\n|\n|upkeep\n|turn|3\n|inactive|Vitao Kazones has 30 seconds left.\n|\n|t:|1699930260\n|-end|p1b: Iron Hands|Quark Drive|[silent]\n|switch|p1b: Kingambit|Kingambit, L50, F, shiny|100\/100\n|move|p1a: Clefairy|Protect|p1a: Clefairy\n|-singleturn|p1a: Clefairy|Protect\n|move|p2a: Flutter Mane|Dazzling Gleam|p1a: Clefairy|[spread] p1b\n|-activate|p1a: Clefairy|move: Protect\n|-damage|p1b: Kingambit|65\/100\n|move|p2b: Illumise|Infestation|p1b: Kingambit\n|-damage|p1b: Kingambit|61\/100\n|-activate|p1b: Kingambit|move: Infestation|[of] p2b: Illumise\n|\n|-damage|p1b: Kingambit|49\/100|[from] move: Infestation|[partiallytrapped]\n|upkeep\n|turn|4\n|\n|t:|1699930281\n|move|p2b: Illumise|Protect|p2b: Illumise\n|-singleturn|p2b: Illumise|Protect\n|move|p1a: Clefairy|Helping Hand|p1b: Kingambit\n|-singleturn|p1b: Kingambit|Helping Hand|[of] p1a: Clefairy\n|move|p2a: Flutter Mane|Protect|p2a: Flutter Mane\n|-singleturn|p2a: Flutter Mane|Protect\n|move|p1b: Kingambit|Kowtow Cleave|p2a: Flutter Mane\n|-activate|p2a: Flutter Mane|move: Protect\n|\n|-damage|p1b: Kingambit|37\/100|[from] move: Infestation|[partiallytrapped]\n|upkeep\n|turn|5\n|-message|oscarteabag forfeited.\n|\n|win|Vitao Kazones\n|raw|oscarteabag's rating: 1325 &rarr; <strong>1303<\/strong><br \/>(-22 for losing)\n|raw|Vitao Kazones's rating: 1285 &rarr; <strong>1313<\/strong><br \/>(+28 for winning)\n|l|\u2606oscarteabag\n","uploadtime":1699930312,"views":11,"p1id":"oscarteabag","p2id":"vitaokazones","formatid":"gen9vgc2023regulatione","rating":1303,"private":0,"password":""}