{"id":"gen9vgc2023regulatione-1988283698","p1":"Jungle211","p2":"MKenRoyW","format":"[Gen 9] VGC 2023 Regulation E","log":"|j|\u2606Jungle211\n|j|\u2606MKenRoyW\n|t:|1699701391\n|gametype|doubles\n|player|p1|Jungle211|burglar|1220\n|player|p2|MKenRoyW|policeman-gen4|1160\n|teamsize|p1|6\n|teamsize|p2|6\n|gen|9\n|tier|[Gen 9] VGC 2023 Regulation E\n|rated|\n|rule|Species Clause: Limit one of each Pok\u00e9mon\n|rule|Item Clause: Limit one of each item\n|clearpoke\n|poke|p1|Roaring Moon, L50|\n|poke|p1|Weezing, L50, M|\n|poke|p1|Typhlosion-Hisui, L50, M|\n|poke|p1|Farigiraf, L50, F|\n|poke|p1|Ogerpon-Wellspring, L50, F|\n|poke|p1|Iron Hands, L50|\n|poke|p2|Amoonguss, L50, F|\n|poke|p2|Clefairy, L50, M|\n|poke|p2|Chi-Yu, L50|\n|poke|p2|Iron Hands, L50|\n|poke|p2|Empoleon, L50, M|\n|poke|p2|Dragonite, L50, F|\n|teampreview|4\n|\n|t:|1699701438\n|start\n|switch|p1a: Ogerpon|Ogerpon-Wellspring, L50, F|100\/100\n|switch|p1b: Typhlosion|Typhlosion-Hisui, L50, M|100\/100\n|switch|p2a: Clefairy|Clefairy, L50, M|100\/100\n|switch|p2b: Chi-Yu|Chi-Yu, L50|100\/100\n|-ability|p2b: Chi-Yu|Beads of Ruin\n|turn|1\n|\n|t:|1699701464\n|-terastallize|p1b: Typhlosion|Fire\n|move|p1a: Ogerpon|Follow Me|p1a: Ogerpon\n|-singleturn|p1a: Ogerpon|move: Follow Me\n|move|p2a: Clefairy|Follow Me|p2a: Clefairy\n|-singleturn|p2a: Clefairy|move: Follow Me\n|move|p1b: Typhlosion|Eruption|p2a: Clefairy|[spread] p2a,p2b\n|-resisted|p2b: Chi-Yu\n|-damage|p2a: Clefairy|36\/100\n|-damage|p2b: Chi-Yu|67\/100\n|move|p2b: Chi-Yu|Dark Pulse|p1a: Ogerpon\n|-damage|p1a: Ogerpon|9\/100\n|\n|upkeep\n|turn|2\n|\n|t:|1699701486\n|move|p1a: Ogerpon|Follow Me|p1a: Ogerpon\n|-singleturn|p1a: Ogerpon|move: Follow Me\n|move|p1b: Typhlosion|Eruption|p2a: Clefairy|[spread] p2a,p2b\n|-crit|p2a: Clefairy\n|-resisted|p2b: Chi-Yu\n|-damage|p2a: Clefairy|0 fnt\n|-damage|p2b: Chi-Yu|33\/100\n|faint|p2a: Clefairy\n|move|p2b: Chi-Yu|Dark Pulse|p1a: Ogerpon\n|-damage|p1a: Ogerpon|0 fnt\n|faint|p1a: Ogerpon\n|\n|upkeep\n|\n|t:|1699701497\n|switch|p1a: Iron Hands|Iron Hands, L50|100\/100\n|switch|p2a: Iron Hands|Iron Hands, L50|100\/100\n|turn|3\n|\n|t:|1699701511\n|move|p2a: Iron Hands|Fake Out|p1b: Typhlosion\n|-damage|p1b: Typhlosion|76\/100\n|move|p1a: Iron Hands|Fake Out|p2b: Chi-Yu\n|-damage|p2b: Chi-Yu|7\/100\n|cant|p1b: Typhlosion|flinch\n|cant|p2b: Chi-Yu|flinch\n|\n|upkeep\n|turn|4\n|\n|t:|1699701533\n|move|p1b: Typhlosion|Eruption|p2a: Iron Hands|[spread] p2a,p2b\n|-resisted|p2b: Chi-Yu\n|-damage|p2a: Iron Hands|55\/100\n|-damage|p2b: Chi-Yu|0 fnt\n|faint|p2b: Chi-Yu\n|move|p2a: Iron Hands|Drain Punch|p1b: Typhlosion\n|-damage|p1b: Typhlosion|7\/100\n|-heal|p2a: Iron Hands|75\/100|[from] drain|[of] p1b: Typhlosion\n|move|p1a: Iron Hands|Drain Punch|p2a: Iron Hands\n|-damage|p2a: Iron Hands|47\/100\n|\n|upkeep\n|\n|t:|1699701544\n|switch|p2b: Amoonguss|Amoonguss, L50, F|100\/100\n|turn|5\n|\n|t:|1699701558\n|switch|p1b: Farigiraf|Farigiraf, L50, F, shiny|100\/100\n|move|p2a: Iron Hands|Drain Punch|p1a: Iron Hands\n|-damage|p1a: Iron Hands|67\/100\n|-heal|p2a: Iron Hands|63\/100|[from] drain|[of] p1a: Iron Hands\n|move|p1a: Iron Hands|Drain Punch|p2a: Iron Hands\n|-damage|p2a: Iron Hands|32\/100\n|-heal|p1a: Iron Hands|84\/100|[from] drain|[of] p2a: Iron Hands\n|move|p2b: Amoonguss|Spore|p1a: Iron Hands\n|-status|p1a: Iron Hands|slp|[from] move: Spore\n|\n|upkeep\n|turn|6\n|\n|t:|1699701583\n|move|p1b: Farigiraf|Twin Beam|p2a: Iron Hands\n|-supereffective|p2a: Iron Hands\n|-damage|p2a: Iron Hands|8\/100\n|-supereffective|p2a: Iron Hands\n|-damage|p2a: Iron Hands|0 fnt\n|faint|p2a: Iron Hands\n|-end|p2a: Iron Hands|Quark Drive|[silent]\n|-hitcount|p2: Iron Hands|2\n|cant|p1a: Iron Hands|slp\n|move|p2b: Amoonguss|Spore|p1b: Farigiraf\n|-status|p1b: Farigiraf|slp|[from] move: Spore\n|\n|upkeep\n|turn|7\n|\n|t:|1699701597\n|cant|p1b: Farigiraf|slp\n|cant|p1a: Iron Hands|slp\n|move|p2b: Amoonguss|Pollen Puff|p1b: Farigiraf\n|-supereffective|p1b: Farigiraf\n|-damage|p1b: Farigiraf|68\/100 slp\n|\n|upkeep\n|turn|8\n|\n|t:|1699701606\n|-curestatus|p1b: Farigiraf|slp|[msg]\n|move|p1b: Farigiraf|Hyper Voice|p2b: Amoonguss\n|-damage|p2b: Amoonguss|75\/100\n|-enditem|p1b: Farigiraf|Throat Spray\n|-boost|p1b: Farigiraf|spa|1|[from] item: Throat Spray\n|cant|p1a: Iron Hands|slp\n|move|p2b: Amoonguss|Pollen Puff|p1b: Farigiraf\n|-supereffective|p1b: Farigiraf\n|-damage|p1b: Farigiraf|34\/100\n|\n|upkeep\n|turn|9\n|\n|t:|1699701622\n|move|p1b: Farigiraf|Twin Beam|p2b: Amoonguss\n|-supereffective|p2b: Amoonguss\n|-damage|p2b: Amoonguss|39\/100\n|-supereffective|p2b: Amoonguss\n|-damage|p2b: Amoonguss|0 fnt\n|faint|p2b: Amoonguss\n|-hitcount|p2: Amoonguss|2\n|\n|win|Jungle211\n|raw|Jungle211's rating: 1220 &rarr; <strong>1241<\/strong><br \/>(+21 for winning)\n|raw|MKenRoyW's rating: 1160 &rarr; <strong>1139<\/strong><br \/>(-21 for losing)\n|l|\u2606MKenRoyW\n","uploadtime":1699701635,"views":38,"p1id":"jungle211","p2id":"mkenroyw","formatid":"gen9vgc2023regulatione","rating":1139,"private":0,"password":""}