{"id":"gen9vgc2023regulatione-1990236279","p1":"lie nvipqwbnvpibn","p2":"Sirwoodie","format":"[Gen 9] VGC 2023 Regulation E","log":"|j|\u203dlie nvipqwbnvpibn\n|j|\u2606Sirwoodie\n|t:|1699942081\n|gametype|doubles\n|player|p1|lie nvipqwbnvpibn|170|1063\n|player|p2|Sirwoodie|169|1027\n|teamsize|p1|6\n|teamsize|p2|6\n|gen|9\n|tier|[Gen 9] VGC 2023 Regulation E\n|rated|\n|rule|Species Clause: Limit one of each Pok\u00e9mon\n|rule|Item Clause: Limit one of each item\n|clearpoke\n|poke|p1|Tyranitar, L50, M|\n|poke|p1|Lycanroc, L50, F|\n|poke|p1|Garchomp, L50, M|\n|poke|p1|Armarouge, L50, M|\n|poke|p1|Indeedee-F, L50, F|\n|poke|p1|Iron Hands, L50|\n|poke|p2|Flutter Mane, L50|\n|poke|p2|Cresselia, L50, F|\n|poke|p2|Ogerpon-Wellspring, L50, F|\n|poke|p2|Clodsire, L50, F|\n|poke|p2|Slowking-Galar, L50, M|\n|poke|p2|Blissey, L50, F|\n|teampreview|4\n|inactive|Battle timer is ON: inactive players will automatically lose when time's up. (requested by lie nvipqwbnvpibn)\n|inactive|lie nvipqwbnvpibn has 60 seconds left.\n|\n|t:|1699942128\n|start\n|switch|p1a: Indeedee|Indeedee-F, L50, F|100\/100\n|switch|p1b: Garchomp|Garchomp, L50, M|100\/100\n|switch|p2a: Cresselia|Cresselia, L50, F|100\/100\n|switch|p2b: Blissey|Blissey, L50, F|100\/100\n|-fieldstart|move: Psychic Terrain|[from] ability: Psychic Surge|[of] p1a: Indeedee\n|-enditem|p1a: Indeedee|Psychic Seed\n|-boost|p1a: Indeedee|spd|1|[from] item: Psychic Seed\n|turn|1\n|\n|t:|1699942148\n|move|p1b: Garchomp|Swords Dance|p1b: Garchomp\n|-boost|p1b: Garchomp|atk|2\n|move|p2a: Cresselia|Icy Wind|p1b: Garchomp|[spread] p1a,p1b\n|-supereffective|p1b: Garchomp\n|-damage|p1a: Indeedee|96\/100\n|-damage|p1b: Garchomp|57\/100\n|-unboost|p1a: Indeedee|spe|1\n|-unboost|p1b: Garchomp|spe|1\n|move|p2b: Blissey|Defense Curl|p2b: Blissey\n|-boost|p2b: Blissey|def|1\n|move|p1a: Indeedee|Trick Room|p1a: Indeedee\n|-fieldstart|move: Trick Room|[of] p1a: Indeedee\n|\n|upkeep\n|turn|2\n|\n|t:|1699942169\n|switch|p1a: Tyranitar|Tyranitar, L50, M, shiny|100\/100\n|-weather|Sandstorm|[from] ability: Sand Stream|[of] p1a: Tyranitar\n|move|p2b: Blissey|Sing|p1b: Garchomp|[miss]\n|-miss|p2b: Blissey|p1b: Garchomp\n|move|p2a: Cresselia|Icy Wind|p1b: Garchomp|[spread] p1a\n|-miss|p2a: Cresselia|p1b: Garchomp\n|-damage|p1a: Tyranitar|95\/100\n|-unboost|p1a: Tyranitar|spe|1\n|move|p1b: Garchomp|Swords Dance|p1b: Garchomp\n|-boost|p1b: Garchomp|atk|2\n|\n|-weather|Sandstorm|[upkeep]\n|-damage|p2b: Blissey|94\/100|[from] Sandstorm\n|-damage|p2a: Cresselia|94\/100|[from] Sandstorm\n|upkeep\n|turn|3\n|\n|t:|1699942192\n|switch|p2a: Slowking|Slowking-Galar, L50, M|100\/100\n|-terastallize|p1a: Tyranitar|Flying\n|move|p1a: Tyranitar|Knock Off|p2b: Blissey\n|-damage|p2b: Blissey|61\/100\n|-enditem|p2b: Blissey|Mental Herb|[from] move: Knock Off|[of] p1a: Tyranitar\n|move|p2b: Blissey|Defense Curl|p2b: Blissey\n|-boost|p2b: Blissey|def|1\n|move|p1b: Garchomp|Earthquake|p2b: Blissey|[spread] p2a,p2b\n|-immune|p1a: Tyranitar\n|-supereffective|p2a: Slowking\n|-damage|p2a: Slowking|0 fnt\n|-damage|p2b: Blissey|15\/100\n|faint|p2a: Slowking\n|\n|-weather|Sandstorm|[upkeep]\n|-damage|p1a: Tyranitar|89\/100|[from] Sandstorm\n|-damage|p2b: Blissey|9\/100|[from] Sandstorm\n|upkeep\n|\n|t:|1699942213\n|switch|p2a: Cresselia|Cresselia, L50, F|94\/100\n|turn|4\n|\n|t:|1699942219\n|move|p1a: Tyranitar|Knock Off|p2a: Cresselia\n|-supereffective|p2a: Cresselia\n|-damage|p2a: Cresselia|17\/100\n|-enditem|p2a: Cresselia|Weakness Policy\n|-boost|p2a: Cresselia|atk|2|[from] item: Weakness Policy\n|-boost|p2a: Cresselia|spa|2|[from] item: Weakness Policy\n|move|p2b: Blissey|Defense Curl|p2b: Blissey\n|-boost|p2b: Blissey|def|1\n|move|p2a: Cresselia|Lunar Blessing|p2a: Cresselia|[spread] p2a,p2b\n|-heal|p2a: Cresselia|42\/100\n|-heal|p2b: Blissey|33\/100\n|move|p1b: Garchomp|Earthquake|p2a: Cresselia|[spread] p2b\n|-immune|p1a: Tyranitar\n|-immune|p2a: Cresselia|[from] ability: Levitate\n|-crit|p2b: Blissey\n|-damage|p2b: Blissey|0 fnt\n|faint|p2b: Blissey\n|\n|-weather|Sandstorm|[upkeep]\n|-damage|p1a: Tyranitar|83\/100|[from] Sandstorm\n|-damage|p2a: Cresselia|36\/100|[from] Sandstorm\n|upkeep\n|\n|t:|1699942240\n|switch|p2b: Clodsire|Clodsire, L50, F|100\/100\n|turn|5\n|\n|t:|1699942251\n|-terastallize|p2b: Clodsire|Water\n|move|p2b: Clodsire|Surf|p1a: Tyranitar|[spread] p2a,p1a,p1b\n|-damage|p2a: Cresselia|23\/100\n|-damage|p1a: Tyranitar|67\/100\n|-damage|p1b: Garchomp|35\/100\n|move|p1a: Tyranitar|Knock Off|p2b: Clodsire\n|-damage|p2b: Clodsire|49\/100\n|-damage|p1a: Tyranitar|50\/100|[from] item: Rocky Helmet|[of] p2b: Clodsire\n|-enditem|p2b: Clodsire|Rocky Helmet|[from] move: Knock Off|[of] p1a: Tyranitar\n|move|p2a: Cresselia|Icy Wind|p1a: Tyranitar|[spread] p1a,p1b\n|-supereffective|p1a: Tyranitar\n|-supereffective|p1b: Garchomp\n|-damage|p1a: Tyranitar|17\/100\n|-damage|p1b: Garchomp|0 fnt\n|-unboost|p1a: Tyranitar|spe|1\n|-enditem|p1a: Tyranitar|Weakness Policy\n|-boost|p1a: Tyranitar|atk|2|[from] item: Weakness Policy\n|-boost|p1a: Tyranitar|spa|2|[from] item: Weakness Policy\n|faint|p1b: Garchomp\n|\n|-weather|Sandstorm|[upkeep]\n|-damage|p1a: Tyranitar|12\/100|[from] Sandstorm\n|-damage|p2b: Clodsire|43\/100|[from] Sandstorm\n|-damage|p2a: Cresselia|17\/100|[from] Sandstorm\n|-fieldend|move: Trick Room\n|-fieldend|move: Psychic Terrain\n|upkeep\n|\n|t:|1699942268\n|switch|p1b: Indeedee|Indeedee-F, L50, F|96\/100\n|-fieldstart|move: Psychic Terrain|[from] ability: Psychic Surge|[of] p1b: Indeedee\n|turn|6\n|\n|t:|1699942280\n|move|p2a: Cresselia|Lunar Blessing|p2a: Cresselia|[spread] p2a,p2b\n|-heal|p2a: Cresselia|42\/100\n|-heal|p2b: Clodsire|68\/100\n|move|p1b: Indeedee|Dazzling Gleam|p2a: Cresselia|[spread] p2a,p2b\n|-crit|p2a: Cresselia\n|-damage|p2a: Cresselia|30\/100\n|-damage|p2b: Clodsire|58\/100\n|move|p2b: Clodsire|Stockpile|p2b: Clodsire\n|-start|p2b: Clodsire|stockpile1\n|-boost|p2b: Clodsire|def|1\n|-boost|p2b: Clodsire|spd|1\n|move|p1a: Tyranitar|Rock Slide|p2b: Clodsire|[spread] p2b\n|-miss|p1a: Tyranitar|p2a: Cresselia\n|-damage|p2b: Clodsire|19\/100\n|\n|-weather|none\n|upkeep\n|turn|7\n|\n|t:|1699942302\n|move|p1b: Indeedee|Helping Hand|p1a: Tyranitar\n|-singleturn|p1a: Tyranitar|Helping Hand|[of] p1b: Indeedee\n|move|p2a: Cresselia|Lunar Blessing|p2a: Cresselia|[spread] p2a,p2b\n|-heal|p2a: Cresselia|55\/100\n|-heal|p2b: Clodsire|44\/100\n|move|p1a: Tyranitar|Rock Slide|p2b: Clodsire|[spread] p2a,p2b\n|-damage|p2a: Cresselia|0 fnt\n|-damage|p2b: Clodsire|0 fnt\n|faint|p2a: Cresselia\n|faint|p2b: Clodsire\n|\n|win|lie nvipqwbnvpibn\n|raw|lie nvipqwbnvpibn's rating: 1063 &rarr; <strong>1090<\/strong><br \/>(+27 for winning)\n|raw|Sirwoodie's rating: 1027 &rarr; <strong>1014<\/strong><br \/>(-13 for losing)\n","uploadtime":1699942315,"views":18,"p1id":"lienvipqwbnvpibn","p2id":"sirwoodie","formatid":"gen9vgc2023regulatione","rating":1014,"private":0,"password":""}