{"id":"gen9vgc2023regulatione-1994359432","p1":"Pink_SSB","p2":"AC Wesley","format":"[Gen 9] VGC 2023 Regulation E","log":"|j|\u2606Pink_SSB\n|j|\u2606AC Wesley\n|n|\u2606Pink_SSB|pinkssb\n|n|\u2606AC Wesley|acwesley\n|html|View the match progress at <a href=\"\/game-bestof3-gen9vgc2023regulatione-1994356045\">game-bestof3-gen9vgc2023regulatione-1994356045<\/a>\n|t:|1700434956\n|gametype|doubles\n|player|p1|Pink_SSB|1|\n|player|p2|AC Wesley|thorton|\n|teamsize|p1|6\n|teamsize|p2|6\n|gen|9\n|tier|[Gen 9] VGC 2023 Regulation E\n|rule|Species Clause: Limit one of each Pok\u00e9mon\n|rule|Item Clause: Limit one of each item\n|clearpoke\n|poke|p1|Eiscue, L50, M|\n|poke|p1|Iron Hands, L50|\n|poke|p1|Sinistcha, L50|\n|poke|p1|Landorus-Therian, L50, M|\n|poke|p1|Heatran, L50, F|\n|poke|p1|Flutter Mane, L50|\n|poke|p2|Iron Hands, L50|\n|poke|p2|Farigiraf, L50, F|\n|poke|p2|Ursaluna-Bloodmoon, L50, M|\n|poke|p2|Flutter Mane, L50|\n|poke|p2|Heatran, L50, F|\n|poke|p2|Ogerpon-Wellspring, L50, F|\n|teampreview|4\n|inactive|Battle timer is ON: inactive players will automatically lose when time's up. (requested by AC Wesley)\n|inactive|AC Wesley has 60 seconds left.\nAC Wesley has agreed to open team sheets.\nPink_SSB has agreed to open team sheets.\n|showteam|p1|Eiscue||SitrusBerry|IceFace|IcicleCrash,Liquidation,BellyDrum,Protect|||M|||50|,,,,,Ghost]Iron Hands||AssaultVest|QuarkDrive|WildCharge,DrainPunch,FakeOut,HeavySlam||||||50|,,,,,Water]Sinistcha||RockyHelmet|Hospitality|MatchaGotcha,RagePowder,StrengthSap,TrickRoom||||||50|,,,,,Fire]Landorus-Therian||ChoiceScarf|Intimidate|StompingTantrum,TeraBlast,RockSlide,Uturn|||M|||50|,,,,,Flying]Heatran||Leftovers|FlashFire|FlashCannon,HeatWave,EarthPower,Protect|||F|||50|,,,,,Grass]Flutter Mane||BoosterEnergy|Protosynthesis|Moonblast,DazzlingGleam,ShadowBall,Protect||||||50|,,,,,Fairy\n|showteam|p2|Iron Hands||AssaultVest|QuarkDrive|WildCharge,DrainPunch,HeavySlam,FakeOut||||||50|,,,,,Water]Farigiraf||MentalHerb|ArmorTail|TrickRoom,Imprison,DazzlingGleam,Protect|||F|||50|,,,,,Fairy]Ursaluna-Bloodmoon||LifeOrb|MindsEye|VacuumWave,BloodMoon,EarthPower,Protect|||M|||50|,,,,,Poison]Flutter Mane||BoosterEnergy|Protosynthesis|ShadowBall,DazzlingGleam,IcyWind,Taunt||||||50|,,,,,Fairy]Heatran||Leftovers|FlashFire|MagmaStorm,FlashCannon,EarthPower,Protect|||F|||50|,,,,,Grass]Ogerpon-Wellspring||WellspringMask|WaterAbsorb|IvyCudgel,HornLeech,SpikyShield,FollowMe|||F|||50|,,,,,Water\n|inactive|AC Wesley has 30 seconds left.\n|\n|t:|1700435034\n|start\n|switch|p1a: Uncle Lando|Landorus-Therian, L50, M|100\/100\n|switch|p1b: Brian Hands|Iron Hands, L50|100\/100\n|switch|p2a: Heatran|Heatran, L50, F|100\/100\n|switch|p2b: Ogerpon|Ogerpon-Wellspring, L50, F|100\/100\n|-ability|p1a: Uncle Lando|Intimidate|boost\n|-unboost|p2a: Heatran|atk|1\n|-unboost|p2b: Ogerpon|atk|1\n|turn|1\n|inactive|Pink_SSB has 30 seconds left.\n|inactive|Pink_SSB has 20 seconds left.\n|inactive|AC Wesley has 30 seconds left.\n|inactive|Pink_SSB has 15 seconds left.\n|inactive|AC Wesley has 20 seconds left.\n|\n|t:|1700435084\n|-terastallize|p2a: Heatran|Grass\n|move|p2b: Ogerpon|Spiky Shield|p2b: Ogerpon\n|-singleturn|p2b: Ogerpon|move: Protect\n|move|p1b: Brian Hands|Fake Out|p2a: Heatran\n|-damage|p2a: Heatran|87\/100\n|move|p1a: Uncle Lando|U-turn|p2b: Ogerpon\n|-activate|p2b: Ogerpon|move: Protect\n|-damage|p1a: Uncle Lando|88\/100|[from] Spiky Shield|[of] p2b: Ogerpon\n|cant|p2a: Heatran|flinch\n|\n|-heal|p2a: Heatran|93\/100|[from] item: Leftovers\n|upkeep\n|turn|2\n|inactive|AC Wesley has 30 seconds left.\n|inactive|AC Wesley has 20 seconds left.\n|\n|t:|1700435119\n|move|p1a: Uncle Lando|U-turn|p2a: Heatran\n|-supereffective|p2a: Heatran\n|-damage|p2a: Heatran|42\/100\n|\n|t:|1700435124\n|switch|p1a: Brian's Sippy Cup|Sinistcha, L50|100\/100|[from] U-turn\n|move|p2b: Ogerpon|Ivy Cudgel|p1b: Brian Hands|[anim] Ivy Cudgel Water\n|-crit|p1b: Brian Hands\n|-damage|p1b: Brian Hands|36\/100\n|move|p2a: Heatran|Magma Storm|p1b: Brian Hands\n|-damage|p1b: Brian Hands|6\/100\n|-activate|p1b: Brian Hands|move: Magma Storm|[of] p2a: Heatran\n|move|p1b: Brian Hands|Drain Punch|p2b: Ogerpon\n|-damage|p2b: Ogerpon|48\/100\n|-heal|p1b: Brian Hands|23\/100|[from] drain|[of] p2b: Ogerpon\n|\n|-heal|p2a: Heatran|48\/100|[from] item: Leftovers\n|-damage|p1b: Brian Hands|10\/100|[from] move: Magma Storm|[partiallytrapped]\n|upkeep\n|turn|3\n|inactive|AC Wesley has 30 seconds left.\n|inactive|Pink_SSB has 30 seconds left.\n|inactive|AC Wesley has 20 seconds left.\n|inactive|AC Wesley has 15 seconds left.\n|\n|t:|1700435165\n|move|p2b: Ogerpon|Ivy Cudgel|p1b: Brian Hands|[anim] Ivy Cudgel Water\n|-damage|p1b: Brian Hands|0 fnt\n|faint|p1b: Brian Hands\n|-end|p1b: Brian Hands|Quark Drive|[silent]\n|move|p2a: Heatran|Earth Power|p1a: Brian's Sippy Cup\n|-resisted|p1a: Brian's Sippy Cup\n|-damage|p1a: Brian's Sippy Cup|81\/100\n|move|p1a: Brian's Sippy Cup|Matcha Gotcha|p2a: Heatran|[spread] p2a,p2b\n|-resisted|p2a: Heatran\n|-damage|p2a: Heatran|35\/100\n|-heal|p1a: Brian's Sippy Cup|89\/100|[from] drain|[of] p2a: Heatran\n|-damage|p2b: Ogerpon|9\/100\n|-heal|p1a: Brian's Sippy Cup|100\/100|[from] drain|[of] p2b: Ogerpon\n|\n|-heal|p2a: Heatran|41\/100|[from] item: Leftovers\n|upkeep\n|\n|t:|1700435178\n|switch|p1b: Uncle Lando|Landorus-Therian, L50, M|88\/100\n|-ability|p1b: Uncle Lando|Intimidate|boost\n|-unboost|p2a: Heatran|atk|1\n|-unboost|p2b: Ogerpon|atk|1\n|turn|4\n|inactive|AC Wesley has 30 seconds left.\n|\n|t:|1700435205\n|-terastallize|p1b: Uncle Lando|Flying\n|move|p2a: Heatran|Protect|p2a: Heatran\n|-singleturn|p2a: Heatran|Protect\n|move|p1b: Uncle Lando|Tera Blast|p2a: Heatran|[anim] Tera Blast Flying\n|-activate|p2a: Heatran|move: Protect\n|move|p2b: Ogerpon|Ivy Cudgel|p1b: Uncle Lando|[anim] Ivy Cudgel Water\n|-damage|p1b: Uncle Lando|57\/100\n|move|p1a: Brian's Sippy Cup|Matcha Gotcha|p2b: Ogerpon|[spread] \n|-activate|p2a: Heatran|move: Protect\n|-miss|p1a: Brian's Sippy Cup|p2b: Ogerpon\n|\n|-heal|p2a: Heatran|47\/100|[from] item: Leftovers\n|upkeep\n|turn|5\n|inactive|AC Wesley has 30 seconds left.\n|\n|t:|1700435238\n|move|p2b: Ogerpon|Follow Me|p2b: Ogerpon\n|-singleturn|p2b: Ogerpon|move: Follow Me\n|move|p1b: Uncle Lando|Tera Blast|p2b: Ogerpon|[anim] Tera Blast Flying\n|-supereffective|p2b: Ogerpon\n|-crit|p2b: Ogerpon\n|-damage|p2b: Ogerpon|0 fnt\n|faint|p2b: Ogerpon\n|move|p2a: Heatran|Magma Storm|p1a: Brian's Sippy Cup\n|-supereffective|p1a: Brian's Sippy Cup\n|-damage|p1a: Brian's Sippy Cup|0 fnt\n|faint|p1a: Brian's Sippy Cup\n|\n|-heal|p2a: Heatran|53\/100|[from] item: Leftovers\n|upkeep\n|\n|t:|1700435257\n|switch|p2b: Flutter Mane|Flutter Mane, L50|100\/100\n|switch|p1a: Tera-Ass|Heatran, L50, F|100\/100\n|-enditem|p2b: Flutter Mane|Booster Energy\n|-activate|p2b: Flutter Mane|ability: Protosynthesis|[fromitem]\n|-start|p2b: Flutter Mane|protosynthesisspe\n|turn|6\n|inactive|AC Wesley has 30 seconds left.\n|inactive|AC Wesley has 20 seconds left.\n|inactive|AC Wesley has 15 seconds left.\n|inactive|AC Wesley has 10 seconds left.\n|inactive|AC Wesley has 5 seconds left.\n|\n|t:|1700435311\n|move|p2b: Flutter Mane|Dazzling Gleam|p1b: Uncle Lando|[spread] p1a,p1b\n|-resisted|p1a: Tera-Ass\n|-damage|p1a: Tera-Ass|94\/100\n|-damage|p1b: Uncle Lando|17\/100\n|move|p1b: Uncle Lando|Tera Blast|p2a: Heatran|[anim] Tera Blast Flying\n|-supereffective|p2a: Heatran\n|-damage|p2a: Heatran|0 fnt\n|faint|p2a: Heatran\n|move|p1a: Tera-Ass|Flash Cannon|p2b: Flutter Mane\n|-supereffective|p2b: Flutter Mane\n|-damage|p2b: Flutter Mane|9\/100\n|-unboost|p2b: Flutter Mane|spd|1\n|\n|-heal|p1a: Tera-Ass|99\/100|[from] item: Leftovers\n|upkeep\n|\n|t:|1700435317\n|switch|p2a: Ursaluna|Ursaluna-Bloodmoon, L50, M|100\/100\n|turn|7\n|\n|t:|1700435333\n|move|p2b: Flutter Mane|Dazzling Gleam|p1b: Uncle Lando|[spread] p1a,p1b\n|-resisted|p1a: Tera-Ass\n|-damage|p1a: Tera-Ass|93\/100\n|-damage|p1b: Uncle Lando|0 fnt\n|faint|p1b: Uncle Lando\n|move|p1a: Tera-Ass|Heat Wave|p2a: Ursaluna|[spread] p2b\n|-miss|p1a: Tera-Ass|p2a: Ursaluna\n|-damage|p2b: Flutter Mane|0 fnt\n|faint|p2b: Flutter Mane\n|-end|p2b: Flutter Mane|Protosynthesis|[silent]\n|move|p2a: Ursaluna|Earth Power|p1a: Tera-Ass\n|-supereffective|p1a: Tera-Ass\n|-damage|p1a: Tera-Ass|0 fnt\n|faint|p1a: Tera-Ass\n|-damage|p2a: Ursaluna|90\/100|[from] item: Life Orb\n|\n|win|AC Wesley\n|c|&|\/uhtml prompt-acwesley,AC Wesley is ready for game 3!\n|c|&|\/uhtml prompt-pinkssb,Pink_SSB is ready for game 3!\nBoth players are ready! Starting next match!\n|l|\u2606Pink_SSB\n","uploadtime":1700435805,"views":5,"p1id":"pinkssb","p2id":"acwesley","formatid":"gen9vgc2023regulatione","rating":0,"private":0,"password":""}