{"id":"gen9vgc2023regulatione-1993307318","p1":"Akaiar","p2":"quiterock","format":"[Gen 9] VGC 2023 Regulation E","log":"|j|\u2606Akaiar\n|j|\u2606quiterock\n|t:|1700294851\n|gametype|doubles\n|player|p1|Akaiar|dawn|1047\n|player|p2|quiterock|caitlin-masters|1053\n|teamsize|p1|6\n|teamsize|p2|6\n|gen|9\n|tier|[Gen 9] VGC 2023 Regulation E\n|rated|\n|rule|Species Clause: Limit one of each Pok\u00e9mon\n|rule|Item Clause: Limit one of each item\n|clearpoke\n|poke|p1|Scream Tail, L50|\n|poke|p1|Torkoal, L50, F|\n|poke|p1|Orthworm, L50, M|\n|poke|p1|Iron Hands, L50|\n|poke|p1|Amoonguss, L50, F|\n|poke|p1|Cresselia, L50, F|\n|poke|p2|Landorus-Therian, L50, M|\n|poke|p2|Farigiraf, L50, M|\n|poke|p2|Rillaboom, L50, M|\n|poke|p2|Sneasler, L50, F|\n|poke|p2|Chien-Pao, L50|\n|poke|p2|Kingambit, L50, M|\n|teampreview|4\n|\n|t:|1700294863\n|start\n|switch|p1a: Scream Tail|Scream Tail, L50|100\/100\n|switch|p1b: Torkoal|Torkoal, L50, F|100\/100\n|switch|p2a: Kingambit|Kingambit, L50, M|100\/100\n|switch|p2b: Rillaboom|Rillaboom, L50, M|100\/100\n|-fieldstart|move: Grassy Terrain|[from] ability: Grassy Surge|[of] p2b: Rillaboom\n|-weather|SunnyDay|[from] ability: Drought|[of] p1b: Torkoal\n|-activate|p1a: Scream Tail|ability: Protosynthesis\n|-start|p1a: Scream Tail|protosynthesisspd\n|turn|1\n|inactive|Battle timer is ON: inactive players will automatically lose when time's up. (requested by quiterock)\n|\n|t:|1700294883\n|-terastallize|p1a: Scream Tail|Ghost\n|-terastallize|p2b: Rillaboom|Fire\n|move|p1b: Torkoal|Protect|p1b: Torkoal\n|-singleturn|p1b: Torkoal|Protect\n|move|p2b: Rillaboom|Wood Hammer|p1b: Torkoal\n|-activate|p1b: Torkoal|move: Protect\n|move|p2a: Kingambit|Kowtow Cleave|p1b: Torkoal\n|-activate|p1b: Torkoal|move: Protect\n|move|p1a: Scream Tail|Trick Room|p1a: Scream Tail\n|-fieldstart|move: Trick Room|[of] p1a: Scream Tail\n|\n|-weather|SunnyDay|[upkeep]\n|upkeep\n|turn|2\n|\n|t:|1700294901\n|move|p1a: Scream Tail|Helping Hand|p1b: Torkoal\n|-singleturn|p1b: Torkoal|Helping Hand|[of] p1a: Scream Tail\n|move|p2a: Kingambit|Sucker Punch|p1b: Torkoal\n|-damage|p1b: Torkoal|66\/100\n|move|p1b: Torkoal|Eruption|p2a: Kingambit|[spread] p2a,p2b\n|-supereffective|p2a: Kingambit\n|-resisted|p2b: Rillaboom\n|-damage|p2a: Kingambit|12\/100\n|-damage|p2b: Rillaboom|63\/100\n|move|p2b: Rillaboom|Wood Hammer|p1b: Torkoal\n|-resisted|p1b: Torkoal\n|-crit|p1b: Torkoal\n|-damage|p1b: Torkoal|4\/100\n|-damage|p2b: Rillaboom|47\/100|[from] Recoil\n|\n|-weather|SunnyDay|[upkeep]\n|-heal|p1b: Torkoal|10\/100|[from] Grassy Terrain\n|-heal|p2a: Kingambit|18\/100|[from] Grassy Terrain\n|-heal|p2b: Rillaboom|53\/100|[from] Grassy Terrain\n|upkeep\n|turn|3\n|inactive|Akaiar has 30 seconds left.\n|\n|t:|1700294934\n|switch|p1b: Orthworm|Orthworm, L50, M|100\/100\n|move|p2b: Rillaboom|Grassy Glide|p1b: Orthworm\n|-resisted|p1b: Orthworm\n|-damage|p1b: Orthworm|86\/100\n|move|p2a: Kingambit|Kowtow Cleave|p1a: Scream Tail\n|-supereffective|p1a: Scream Tail\n|-damage|p1a: Scream Tail|38\/100\n|move|p1a: Scream Tail|Baton Pass|p1a: Scream Tail\n|\n|t:|1700294948\n|-end|p1a: Scream Tail|Protosynthesis|[silent]\n|switch|p1a: Torkoal|Torkoal, L50, F|10\/100|[from] Baton Pass\n|\n|-weather|SunnyDay|[upkeep]\n|-heal|p1a: Torkoal|16\/100|[from] Grassy Terrain\n|-heal|p2a: Kingambit|24\/100|[from] Grassy Terrain\n|-heal|p1b: Orthworm|92\/100|[from] Grassy Terrain\n|-heal|p1b: Orthworm|98\/100|[from] item: Leftovers\n|-heal|p2b: Rillaboom|59\/100|[from] Grassy Terrain\n|upkeep\n|turn|4\n|\n|t:|1700294961\n|move|p1a: Torkoal|Protect|p1a: Torkoal\n|-singleturn|p1a: Torkoal|Protect\n|move|p2b: Rillaboom|Grassy Glide|p1a: Torkoal\n|-activate|p1a: Torkoal|move: Protect\n|move|p2a: Kingambit|Kowtow Cleave|p1b: Orthworm\n|-damage|p1b: Orthworm|61\/100\n|move|p1b: Orthworm|Iron Defense|p1b: Orthworm\n|-boost|p1b: Orthworm|def|2\n|\n|-weather|SunnyDay|[upkeep]\n|-heal|p1a: Torkoal|21\/100|[from] Grassy Terrain\n|-heal|p2a: Kingambit|30\/100|[from] Grassy Terrain\n|-heal|p1b: Orthworm|67\/100|[from] Grassy Terrain\n|-heal|p1b: Orthworm|74\/100|[from] item: Leftovers\n|-heal|p2b: Rillaboom|65\/100|[from] Grassy Terrain\n|upkeep\n|turn|5\n|\n|t:|1700294984\n|switch|p1a: Scream Tail|Scream Tail, L50, tera:Ghost|38\/100\n|-activate|p1a: Scream Tail|ability: Protosynthesis\n|-start|p1a: Scream Tail|protosynthesisspd\n|move|p2a: Kingambit|Sucker Punch||[still]\n|-fail|p2a: Kingambit\n|move|p1b: Orthworm|Iron Defense|p1b: Orthworm\n|-boost|p1b: Orthworm|def|2\n|move|p2b: Rillaboom|Wood Hammer|p1b: Orthworm\n|-resisted|p1b: Orthworm\n|-damage|p1b: Orthworm|62\/100\n|-damage|p2b: Rillaboom|62\/100|[from] Recoil\n|\n|-weather|SunnyDay|[upkeep]\n|-heal|p2a: Kingambit|35\/100|[from] Grassy Terrain\n|-heal|p1b: Orthworm|69\/100|[from] Grassy Terrain\n|-heal|p1b: Orthworm|75\/100|[from] item: Leftovers\n|-heal|p2b: Rillaboom|68\/100|[from] Grassy Terrain\n|-heal|p1a: Scream Tail|44\/100|[from] Grassy Terrain\n|-fieldend|move: Trick Room\n|-fieldend|move: Grassy Terrain\n|upkeep\n|turn|6\n|inactive|Akaiar has 30 seconds left.\n|\n|t:|1700295013\n|move|p1a: Scream Tail|Helping Hand|p1b: Orthworm\n|-singleturn|p1b: Orthworm|Helping Hand|[of] p1a: Scream Tail\n|move|p2b: Rillaboom|Wood Hammer|p1a: Scream Tail\n|-damage|p1a: Scream Tail|0 fnt\n|faint|p1a: Scream Tail\n|-end|p1a: Scream Tail|Protosynthesis|[silent]\n|-damage|p2b: Rillaboom|52\/100|[from] Recoil\n|move|p1b: Orthworm|High Horsepower|p2b: Rillaboom\n|-supereffective|p2b: Rillaboom\n|-damage|p2b: Rillaboom|0 fnt\n|faint|p2b: Rillaboom\n|move|p2a: Kingambit|Kowtow Cleave|p1b: Orthworm\n|-damage|p1b: Orthworm|63\/100\n|\n|-weather|SunnyDay|[upkeep]\n|-heal|p1b: Orthworm|69\/100|[from] item: Leftovers\n|upkeep\n|\n|t:|1700295030\n|switch|p1a: Iron Hands|Iron Hands, L50|100\/100\n|switch|p2b: Chien-Pao|Chien-Pao, L50|100\/100\n|-ability|p2b: Chien-Pao|Sword of Ruin\n|turn|7\n|\n|t:|1700295054\n|move|p2b: Chien-Pao|Protect|p2b: Chien-Pao\n|-singleturn|p2b: Chien-Pao|Protect\n|move|p1a: Iron Hands|Fake Out|p2b: Chien-Pao\n|-activate|p2b: Chien-Pao|move: Protect\n|move|p2a: Kingambit|Sucker Punch|p1b: Orthworm\n|-damage|p1b: Orthworm|56\/100\n|move|p1b: Orthworm|Body Press|p2a: Kingambit\n|-supereffective|p2a: Kingambit\n|-damage|p2a: Kingambit|0 fnt\n|faint|p2a: Kingambit\n|\n|-weather|SunnyDay|[upkeep]\n|-heal|p1b: Orthworm|62\/100|[from] item: Leftovers\n|upkeep\n|\n|t:|1700295066\n|switch|p2a: Landorus|Landorus-Therian, L50, M|100\/100\n|-ability|p2a: Landorus|Intimidate|boost\n|-unboost|p1a: Iron Hands|atk|1\n|-unboost|p1b: Orthworm|atk|1\n|turn|8\n|inactive|Akaiar has 30 seconds left.\n|\n|t:|1700295098\n|move|p2b: Chien-Pao|Sucker Punch|p1b: Orthworm\n|-damage|p1b: Orthworm|51\/100\n|move|p2a: Landorus|Stomping Tantrum|p1a: Iron Hands\n|-supereffective|p1a: Iron Hands\n|-damage|p1a: Iron Hands|32\/100\n|move|p1b: Orthworm|Body Press|p2b: Chien-Pao\n|-supereffective|p2b: Chien-Pao\n|-enditem|p2b: Chien-Pao|Focus Sash\n|-damage|p2b: Chien-Pao|1\/100\n|move|p1a: Iron Hands|Heavy Slam|p2b: Chien-Pao\n|-supereffective|p2b: Chien-Pao\n|-damage|p2b: Chien-Pao|0 fnt\n|faint|p2b: Chien-Pao\n|\n|-weather|none\n|-heal|p1b: Orthworm|57\/100|[from] item: Leftovers\n|upkeep\n|turn|9\n|-message|quiterock forfeited.\n|\n|win|Akaiar\n|raw|Akaiar's rating: 1047 &rarr; <strong>1081<\/strong><br \/>(+34 for winning)\n|raw|quiterock's rating: 1053 &rarr; <strong>1035<\/strong><br \/>(-18 for losing)\n|l|\u2606quiterock\n","uploadtime":1700295118,"views":16,"p1id":"akaiar","p2id":"quiterock","formatid":"gen9vgc2023regulatione","rating":1035,"private":0,"password":""}