{"id":"gen9vgc2023regulatione-1992186420","p1":"Ghealth","p2":"Snowfly96","format":"[Gen 9] VGC 2023 Regulation E","log":"|j|\u2606Ghealth\n|j|\u2606Snowfly96\n|t:|1700162150\n|gametype|doubles\n|player|p1|Ghealth|boarder|1098\n|player|p2|Snowfly96|skier|1011\n|teamsize|p1|6\n|teamsize|p2|6\n|gen|9\n|tier|[Gen 9] VGC 2023 Regulation E\n|rated|\n|rule|Species Clause: Limit one of each Pok\u00e9mon\n|rule|Item Clause: Limit one of each item\n|clearpoke\n|poke|p1|Enamorus, L50, F|\n|poke|p1|Glimmora, L50, M|\n|poke|p1|Iron Hands, L50|\n|poke|p1|Milotic, L50, M|\n|poke|p1|Ogerpon-Hearthflame, L50, F|\n|poke|p1|Grimmsnarl, L50, M|\n|poke|p2|Ninetales-Alola, L50, F|\n|poke|p2|Glaceon, L50, M|\n|poke|p2|Salamence, L50, M|\n|poke|p2|Noctowl, L50, M|\n|poke|p2|Ditto, L50|\n|poke|p2|Tinkaton, L50, F|\n|teampreview|4\n|inactive|Battle timer is ON: inactive players will automatically lose when time's up. (requested by Ghealth)\nGhealth rejected open team sheets.\n|\n|t:|1700162172\n|start\n|switch|p1a: Grimmsnarl|Grimmsnarl, L50, M|100\/100\n|switch|p1b: Enamorus|Enamorus, L50, F|100\/100\n|switch|p2a: Koro|Ditto, L50|100\/100\n|switch|p2b: Ruby|Tinkaton, L50, F|100\/100\n|-transform|p2a: Koro|p1b: Enamorus|[from] ability: Imposter\n|turn|1\n|inactive|Ghealth has 30 seconds left.\n|\n|t:|1700162203\n|-terastallize|p1b: Enamorus|Steel\n|move|p2b: Ruby|Fake Out|p1b: Enamorus\n|-resisted|p1b: Enamorus\n|-damage|p1b: Enamorus|92\/100\n|move|p1a: Grimmsnarl|Reflect|p1a: Grimmsnarl\n|-sidestart|p1: Ghealth|Reflect\n|cant|p1b: Enamorus|flinch\n|move|p2a: Koro|Superpower|p1a: Grimmsnarl\n|-damage|p1a: Grimmsnarl|66\/100\n|-boost|p2a: Koro|atk|1\n|-boost|p2a: Koro|def|1\n|\n|upkeep\n|turn|2\n|\n|t:|1700162220\n|move|p1a: Grimmsnarl|Thunder Wave|p2b: Ruby|[miss]\n|-miss|p1a: Grimmsnarl|p2b: Ruby\n|move|p2a: Koro|Superpower|p1b: Enamorus\n|-supereffective|p1b: Enamorus\n|-damage|p1b: Enamorus|0 fnt\n|-boost|p2a: Koro|atk|1\n|-boost|p2a: Koro|def|1\n|faint|p1b: Enamorus\n|move|p2b: Ruby|Gigaton Hammer|p1a: Grimmsnarl\n|-supereffective|p1a: Grimmsnarl\n|-damage|p1a: Grimmsnarl|0 fnt\n|faint|p1a: Grimmsnarl\n|\n|upkeep\n|\n|t:|1700162223\n|switch|p1b: Iron Hands|Iron Hands, L50|100\/100\n|switch|p1a: Ogerpon|Ogerpon-Hearthflame, L50, F|100\/100\n|-ability|p1a: Ogerpon|Mold Breaker\n|turn|3\n|\n|t:|1700162240\n|move|p1b: Iron Hands|Fake Out|p2a: Koro\n|-damage|p2a: Koro|88\/100\n|cant|p2a: Koro|flinch\n|move|p1a: Ogerpon|Stomping Tantrum|p2b: Ruby\n|-supereffective|p2b: Ruby\n|-damage|p2b: Ruby|40\/100\n|-enditem|p2b: Ruby|Sitrus Berry|[eat]\n|-heal|p2b: Ruby|65\/100|[from] item: Sitrus Berry\n|move|p2b: Ruby|Knock Off|p1b: Iron Hands\n|-resisted|p1b: Iron Hands\n|-damage|p1b: Iron Hands|95\/100\n|-enditem|p1b: Iron Hands|Assault Vest|[from] move: Knock Off|[of] p2b: Ruby\n|\n|upkeep\n|turn|4\n|inactive|Ghealth has 30 seconds left.\n|inactive|Ghealth has 20 seconds left.\n|inactive|Ghealth has 15 seconds left.\n|\n|t:|1700162282\n|move|p2b: Ruby|Baby-Doll Eyes|p1b: Iron Hands\n|-unboost|p1b: Iron Hands|atk|1\n|move|p2a: Koro|Superpower|p1a: Ogerpon\n|-damage|p1a: Ogerpon|29\/100\n|-boost|p2a: Koro|atk|1\n|-boost|p2a: Koro|def|1\n|move|p1a: Ogerpon|Ivy Cudgel|p2b: Ruby|[anim] Ivy Cudgel Fire\n|-supereffective|p2b: Ruby\n|-damage|p2b: Ruby|0 fnt\n|faint|p2b: Ruby\n|move|p1b: Iron Hands|Wild Charge|p2a: Koro\n|-supereffective|p2a: Koro\n|-damage|p2a: Koro|40\/100\n|-damage|p1b: Iron Hands|87\/100|[from] Recoil\n|\n|upkeep\n|\n|t:|1700162299\n|switch|p2b: Winter|Ninetales-Alola, L50, F|100\/100\n|-weather|Snow|[from] ability: Snow Warning|[of] p2b: Winter\n|turn|5\n|inactive|Ghealth has 30 seconds left.\n|inactive|Ghealth has 20 seconds left.\n|inactive|Ghealth has 15 seconds left.\n|\n|t:|1700162341\n|move|p2a: Koro|Superpower|p1a: Ogerpon\n|-damage|p1a: Ogerpon|0 fnt\n|-boost|p2a: Koro|atk|1\n|-boost|p2a: Koro|def|1\n|faint|p1a: Ogerpon\n|move|p2b: Winter|Fake Tears|p1b: Iron Hands\n|-unboost|p1b: Iron Hands|spd|2\n|move|p1b: Iron Hands|Wild Charge|p2a: Koro\n|-supereffective|p2a: Koro\n|-damage|p2a: Koro|0 fnt\n|faint|p2a: Koro\n|-damage|p1b: Iron Hands|82\/100|[from] Recoil\n|\n|-weather|Snow|[upkeep]\n|-sideend|p1: Ghealth|Reflect\n|upkeep\n|\n|t:|1700162344\n|switch|p2a: Boots|Glaceon, L50, M|100\/100\n|turn|6\n|\n|t:|1700162350\n|-terastallize|p2a: Boots|Ice\n|move|p2b: Winter|Fake Tears|p1b: Iron Hands\n|-unboost|p1b: Iron Hands|spd|2\n|move|p2a: Boots|Blizzard|p1b: Iron Hands\n|-damage|p1b: Iron Hands|0 fnt\n|faint|p1b: Iron Hands\n|-end|p1b: Iron Hands|Quark Drive|[silent]\n|\n|win|Snowfly96\n|raw|Ghealth's rating: 1098 &rarr; <strong>1067<\/strong><br \/>(-31 for losing)\n|raw|Snowfly96's rating: 1011 &rarr; <strong>1059<\/strong><br \/>(+48 for winning)\n|l|\u2606Ghealth\n","uploadtime":1700162357,"views":10,"p1id":"ghealth","p2id":"snowfly96","formatid":"gen9vgc2023regulatione","rating":1059,"private":0,"password":""}