{"id":"gen9vgc2023regulatione-1993787832","p1":"Stormsraven","p2":"hysaaron","format":"[Gen 9] VGC 2023 Regulation E","log":"|j|\u2606Stormsraven\n|j|\u2606hysaaron\n|t:|1700357283\n|gametype|doubles\n|player|p1|Stormsraven|266|1178\n|player|p2|hysaaron|102|1246\n|teamsize|p1|6\n|teamsize|p2|6\n|gen|9\n|tier|[Gen 9] VGC 2023 Regulation E\n|rated|\n|rule|Species Clause: Limit one of each Pok\u00e9mon\n|rule|Item Clause: Limit one of each item\n|clearpoke\n|poke|p1|Baxcalibur, L50, M|\n|poke|p1|Ninetales-Alola, L50, F|\n|poke|p1|Heatran, L50, M|\n|poke|p1|Empoleon, L50, M|\n|poke|p1|Mimikyu, L50, M|\n|poke|p1|Ogerpon-Hearthflame, L50, F|\n|poke|p2|Tornadus, L50, M|\n|poke|p2|Gholdengo, L50|\n|poke|p2|Rillaboom, L50, M|\n|poke|p2|Iron Hands, L50|\n|poke|p2|Landorus-Therian, L50, M|\n|poke|p2|Farigiraf, L50, M|\n|teampreview|4\n|inactive|Battle timer is ON: inactive players will automatically lose when time's up. (requested by hysaaron)\nStormsraven has agreed to open team sheets.\n|inactive|hysaaron has 60 seconds left.\n|\n|t:|1700357322\n|start\n|switch|p1a: Elsa|Ninetales-Alola, L50, F|100\/100\n|switch|p1b: Empoleon|Empoleon, L50, M|100\/100\n|switch|p2a: Tornadus|Tornadus, L50, M, shiny|100\/100\n|switch|p2b: Gholdengo|Gholdengo, L50, shiny|100\/100\n|-weather|Snow|[from] ability: Snow Warning|[of] p1a: Elsa\n|turn|1\n|inactive|Stormsraven has 30 seconds left.\n|\n|t:|1700357354\n|-terastallize|p1a: Elsa|Water\n|move|p2a: Tornadus|Taunt|p1a: Elsa\n|-start|p1a: Elsa|move: Taunt\n|cant|p1a: Elsa|move: Taunt|Aurora Veil\n|move|p2b: Gholdengo|Nasty Plot|p2b: Gholdengo\n|-boost|p2b: Gholdengo|spa|2\n|move|p1b: Empoleon|Blizzard|p2b: Gholdengo|[spread] p2a,p2b\n|-supereffective|p2a: Tornadus\n|-resisted|p2b: Gholdengo\n|-damage|p2a: Tornadus|47\/100\n|-damage|p2b: Gholdengo|89\/100\n|\n|-weather|Snow|[upkeep]\n|-heal|p2b: Gholdengo|95\/100|[from] item: Leftovers\n|upkeep\n|turn|2\n|inactive|hysaaron has 30 seconds left.\n|\n|t:|1700357387\n|switch|p1a: Pikaboo|Mimikyu, L50, M, shiny|100\/100\n|move|p2a: Tornadus|Rain Dance|p2a: Tornadus\n|-weather|RainDance\n|move|p2b: Gholdengo|Thunder|p1b: Empoleon\n|-supereffective|p1b: Empoleon\n|-damage|p1b: Empoleon|16\/100\n|-status|p1b: Empoleon|par\n|move|p1b: Empoleon|Blizzard|p2a: Tornadus|[spread] p2a,p2b\n|-supereffective|p2a: Tornadus\n|-resisted|p2b: Gholdengo\n|-damage|p2a: Tornadus|0 fnt\n|-damage|p2b: Gholdengo|83\/100\n|faint|p2a: Tornadus\n|\n|-weather|RainDance|[upkeep]\n|-heal|p2b: Gholdengo|89\/100|[from] item: Leftovers\n|upkeep\n|\n|t:|1700357408\n|switch|p2a: Iron Hands|Iron Hands, L50, shiny|100\/100\n|turn|3\n|inactive|hysaaron has 30 seconds left.\n|\n|t:|1700357440\n|move|p1a: Pikaboo|Shadow Sneak|p2b: Gholdengo\n|-supereffective|p2b: Gholdengo\n|-crit|p2b: Gholdengo\n|-damage|p2b: Gholdengo|14\/100\n|-damage|p1a: Pikaboo|91\/100|[from] item: Life Orb\n|move|p2b: Gholdengo|Make It Rain|p1a: Pikaboo|[spread] p1a,p1b\n|-resisted|p1b: Empoleon\n|-activate|p1a: Pikaboo|ability: Disguise\n|-damage|p1a: Pikaboo|91\/100\n|-damage|p1b: Empoleon|3\/100 par\n|-unboost|p2b: Gholdengo|spa|1\n|detailschange|p1a: Pikaboo|Mimikyu-Busted, L50, M, shiny\n|-damage|p1a: Pikaboo|79\/100|[from] pokemon: Mimikyu-Busted\n|move|p2a: Iron Hands|Wild Charge|p1a: Pikaboo\n|-damage|p1a: Pikaboo|15\/100\n|-damage|p2a: Iron Hands|90\/100|[from] Recoil\n|cant|p1b: Empoleon|par\n|\n|-weather|RainDance|[upkeep]\n|-heal|p2b: Gholdengo|20\/100|[from] item: Leftovers\n|upkeep\n|turn|4\n|\n|t:|1700357464\n|-end|p2a: Iron Hands|Quark Drive|[silent]\n|switch|p2a: Farigiraf|Farigiraf, L50, M|100\/100\n|move|p1a: Pikaboo|Shadow Sneak||[still]\n|cant|p2a: Farigiraf|ability: Armor Tail|Shadow Sneak|[of] p1a: Pikaboo\n|move|p2b: Gholdengo|Make It Rain|p1a: Pikaboo|[spread] p1a,p1b\n|-supereffective|p1a: Pikaboo\n|-resisted|p1b: Empoleon\n|-damage|p1a: Pikaboo|0 fnt\n|-damage|p1b: Empoleon|0 fnt\n|-unboost|p2b: Gholdengo|spa|1\n|faint|p1a: Pikaboo\n|faint|p1b: Empoleon\n|\n|-weather|RainDance|[upkeep]\n|-heal|p2b: Gholdengo|26\/100|[from] item: Leftovers\n|upkeep\n|\n|t:|1700357478\n|switch|p1a: Pendragon|Baxcalibur, L50, M|100\/100\n|switch|p1b: Elsa|Ninetales-Alola, L50, F, tera:Water|100\/100\n|-weather|Snow|[from] ability: Snow Warning|[of] p1b: Elsa\n|turn|5\n|inactive|hysaaron has 30 seconds left.\n|inactive|hysaaron has 20 seconds left.\n|inactive|hysaaron has 15 seconds left.\n|inactive|hysaaron has 10 seconds left.\n|\n|t:|1700357528\n|switch|p2b: Iron Hands|Iron Hands, L50, shiny|90\/100\n|move|p1b: Elsa|Aurora Veil|p1b: Elsa\n|-sidestart|p1: Stormsraven|move: Aurora Veil\n|move|p1a: Pendragon|Icicle Spear|p2b: Iron Hands\n|-damage|p2b: Iron Hands|80\/100\n|-damage|p2b: Iron Hands|71\/100\n|-damage|p2b: Iron Hands|61\/100\n|-damage|p2b: Iron Hands|51\/100\n|-hitcount|p2b: Iron Hands|4\n|move|p2a: Farigiraf|Trick Room|p2a: Farigiraf\n|-fieldstart|move: Trick Room|[of] p2a: Farigiraf\n|\n|-weather|Snow|[upkeep]\n|upkeep\n|turn|6\n|inactive|Stormsraven has 30 seconds left.\n|\n|t:|1700357558\n|move|p2b: Iron Hands|Wild Charge|p1b: Elsa\n|-supereffective|p1b: Elsa\n|-damage|p1b: Elsa|22\/100\n|-damage|p2b: Iron Hands|36\/100|[from] Recoil\n|move|p2a: Farigiraf|Imprison|p2a: Farigiraf\n|-start|p2a: Farigiraf|move: Imprison\n|move|p1a: Pendragon|Icicle Spear|p2a: Farigiraf\n|-damage|p2a: Farigiraf|88\/100\n|-damage|p2a: Farigiraf|77\/100\n|-damage|p2a: Farigiraf|67\/100\n|-damage|p2a: Farigiraf|55\/100\n|-hitcount|p2a: Farigiraf|4\n|move|p1b: Elsa|Moonblast|p2b: Iron Hands\n|-supereffective|p2b: Iron Hands\n|-damage|p2b: Iron Hands|9\/100\n|-unboost|p2b: Iron Hands|spa|1\n|\n|-weather|Snow|[upkeep]\n|upkeep\n|turn|7\n|inactive|Stormsraven has 30 seconds left.\n|\n|t:|1700357584\n|move|p1a: Pendragon|Ice Shard||[still]\n|cant|p2a: Farigiraf|ability: Armor Tail|Ice Shard|[of] p1a: Pendragon\n|move|p2b: Iron Hands|Drain Punch|p1a: Pendragon\n|-supereffective|p1a: Pendragon\n|-damage|p1a: Pendragon|66\/100\n|-heal|p2b: Iron Hands|23\/100|[from] drain|[of] p1a: Pendragon\n|move|p2a: Farigiraf|Hyper Voice|p1a: Pendragon|[spread] p1a,p1b\n|-damage|p1a: Pendragon|49\/100\n|-damage|p1b: Elsa|5\/100\n|move|p1b: Elsa|Blizzard|p2b: Iron Hands|[spread] p2a,p2b\n|-damage|p2a: Farigiraf|34\/100\n|-damage|p2b: Iron Hands|10\/100\n|\n|-weather|Snow|[upkeep]\n|upkeep\n|turn|8\n|\n|t:|1700357606\n|move|p2b: Iron Hands|Drain Punch|p1a: Pendragon\n|-supereffective|p1a: Pendragon\n|-damage|p1a: Pendragon|13\/100\n|-heal|p2b: Iron Hands|25\/100|[from] drain|[of] p1a: Pendragon\n|move|p2a: Farigiraf|Hyper Voice|p1a: Pendragon|[spread] p1a,p1b\n|-damage|p1a: Pendragon|0 fnt\n|-damage|p1b: Elsa|0 fnt\n|faint|p1a: Pendragon\n|faint|p1b: Elsa\n|\n|win|hysaaron\n|raw|Stormsraven's rating: 1178 &rarr; <strong>1158<\/strong><br \/>(-20 for losing)\n|raw|hysaaron's rating: 1246 &rarr; <strong>1266<\/strong><br \/>(+20 for winning)\n|l|\u2606Stormsraven\n","uploadtime":1700357618,"views":8,"p1id":"stormsraven","p2id":"hysaaron","formatid":"gen9vgc2023regulatione","rating":1158,"private":0,"password":""}