{"id":"gen9vgc2023regulatione-2000512320","p1":"T_Squared 27","p2":"Pkmnn00b15","format":"[Gen 9] VGC 2023 Regulation E","log":"|j|\u2606T_Squared 27\n|j|\u2606Pkmnn00b15\n|t:|1701201039\n|gametype|doubles\n|player|p1|T_Squared 27|gambler|1147\n|player|p2|Pkmnn00b15|101|1159\n|teamsize|p1|6\n|teamsize|p2|6\n|gen|9\n|tier|[Gen 9] VGC 2023 Regulation E\n|rated|\n|rule|Species Clause: Limit one of each Pok\u00e9mon\n|rule|Item Clause: Limit one of each item\n|clearpoke\n|poke|p1|Ninetales-Alola, L50, F|\n|poke|p1|Baxcalibur, L50, M|\n|poke|p1|Ogerpon-Wellspring, L50, F|\n|poke|p1|Tornadus, L50, M|\n|poke|p1|Arcanine-Hisui, L50, M|\n|poke|p1|Landorus-Therian, L50, M|\n|poke|p2|Ceruledge, L50, F|\n|poke|p2|Crawdaunt, L50, M|\n|poke|p2|Cresselia, L50, F|\n|poke|p2|Iron Hands, L50|\n|poke|p2|Amoonguss, L50, M|\n|poke|p2|Kingambit, L50, M|\n|teampreview|4\nT_Squared 27 has agreed to open team sheets.\n|c|\u2606T_Squared 27|you ok with open team sheets?\n|\n|t:|1701201110\n|start\n|switch|p1a: Ninetales|Ninetales-Alola, L50, F|100\/100\n|switch|p1b: Ogerpon|Ogerpon-Wellspring, L50, F|100\/100\n|switch|p2a: Cresselia|Cresselia, L50, F|100\/100\n|switch|p2b: Amoonguss|Amoonguss, L50, M|100\/100\n|-weather|Snow|[from] ability: Snow Warning|[of] p1a: Ninetales\n|turn|1\n|\n|t:|1701201144\n|switch|p2b: Iron Hands|Iron Hands, L50|100\/100\n|-terastallize|p1b: Ogerpon|Water\n|detailschange|p1b: Ogerpon|Ogerpon-Wellspring-Tera, L50, F, tera:Water\n|-ability|p1b: Ogerpon|Embody Aspect (Wellspring)|boost\n|-boost|p1b: Ogerpon|spd|1\n|move|p1b: Ogerpon|Ivy Cudgel|p2a: Cresselia|[anim] Ivy Cudgel Water\n|-damage|p2a: Cresselia|49\/100\n|-enditem|p2a: Cresselia|Sitrus Berry|[eat]\n|-heal|p2a: Cresselia|73\/100|[from] item: Sitrus Berry\n|move|p1a: Ninetales|Aurora Veil|p1a: Ninetales\n|-sidestart|p1: T_Squared 27|move: Aurora Veil\n|move|p2a: Cresselia|Trick Room|p2a: Cresselia\n|-fieldstart|move: Trick Room|[of] p2a: Cresselia\n|\n|-weather|Snow|[upkeep]\n|upkeep\n|turn|2\n|\n|t:|1701201176\n|move|p1b: Ogerpon|Spiky Shield|p1b: Ogerpon\n|-singleturn|p1b: Ogerpon|move: Protect\n|move|p2b: Iron Hands|Wild Charge|p1a: Ninetales\n|-damage|p1a: Ninetales|69\/100\n|-damage|p2b: Iron Hands|95\/100|[from] Recoil\n|move|p2a: Cresselia|Lunar Blessing|p2a: Cresselia|[spread] p2a,p2b\n|-heal|p2a: Cresselia|98\/100\n|-heal|p2b: Iron Hands|100\/100\n|move|p1a: Ninetales|Moonblast|p2b: Iron Hands\n|-supereffective|p2b: Iron Hands\n|-damage|p2b: Iron Hands|68\/100\n|\n|-weather|Snow|[upkeep]\n|upkeep\n|turn|3\n|\n|t:|1701201207\n|switch|p1b: Landorus|Landorus-Therian, L50, M|100\/100\n|-ability|p1b: Landorus|Intimidate|boost\n|-unboost|p2a: Cresselia|atk|1\n|-unboost|p2b: Iron Hands|atk|1\n|move|p2a: Cresselia|Helping Hand|p2b: Iron Hands\n|-singleturn|p2b: Iron Hands|Helping Hand|[of] p2a: Cresselia\n|move|p2b: Iron Hands|Drain Punch|p1b: Landorus\n|-resisted|p1b: Landorus\n|-damage|p1b: Landorus|83\/100\n|-heal|p2b: Iron Hands|74\/100|[from] drain|[of] p1b: Landorus\n|move|p1a: Ninetales|Blizzard|p2b: Iron Hands|[spread] p2a,p2b\n|-damage|p2a: Cresselia|82\/100\n|-damage|p2b: Iron Hands|58\/100\n|\n|-weather|Snow|[upkeep]\n|upkeep\n|turn|4\n|\n|t:|1701201258\n|-terastallize|p2b: Iron Hands|Water\n|move|p2b: Iron Hands|Drain Punch|p1a: Ninetales\n|-damage|p1a: Ninetales|53\/100\n|-heal|p2b: Iron Hands|63\/100|[from] drain|[of] p1a: Ninetales\n|move|p2a: Cresselia|Lunar Blessing|p2a: Cresselia|[spread] p2a,p2b\n|-heal|p2a: Cresselia|100\/100\n|-heal|p2b: Iron Hands|88\/100\n|move|p1b: Landorus|Rock Slide|p2a: Cresselia|[spread] p2a,p2b\n|-damage|p2a: Cresselia|80\/100\n|-damage|p2b: Iron Hands|68\/100\n|move|p1a: Ninetales|Moonblast|p2b: Iron Hands\n|-damage|p2b: Iron Hands|51\/100\n|\n|-weather|Snow|[upkeep]\n|upkeep\n|turn|5\n|\n|t:|1701201294\n|-end|p2b: Iron Hands|Quark Drive|[silent]\n|switch|p2b: Amoonguss|Amoonguss, L50, M|100\/100\n|move|p1a: Ninetales|Protect|p1a: Ninetales\n|-singleturn|p1a: Ninetales|Protect\n|move|p2a: Cresselia|Psychic|p1b: Landorus\n|-damage|p1b: Landorus|58\/100\n|move|p1b: Landorus|Rock Slide|p2a: Cresselia|[spread] p2a,p2b\n|-damage|p2a: Cresselia|60\/100\n|-damage|p2b: Amoonguss|77\/100\n|\n|-weather|none\n|-fieldend|move: Trick Room\n|upkeep\n|turn|6\n|\n|t:|1701201378\n|switch|p1b: Ogerpon|Ogerpon-Wellspring-Tera, L50, F, tera:Water|100\/100\n|-ability|p1b: Ogerpon|Embody Aspect (Wellspring)|boost\n|-boost|p1b: Ogerpon|spd|1\n|move|p1a: Ninetales|Blizzard|p2b: Amoonguss|[spread] p2a\n|-miss|p1a: Ninetales|p2b: Amoonguss\n|-damage|p2a: Cresselia|44\/100\n|move|p2b: Amoonguss|Spore|p1b: Ogerpon\n|-status|p1b: Ogerpon|slp|[from] move: Spore\n|move|p2a: Cresselia|Trick Room|p2a: Cresselia\n|-fieldstart|move: Trick Room|[of] p2a: Cresselia\n|\n|upkeep\n|turn|7\n|\n|t:|1701201405\n|switch|p2b: Kingambit|Kingambit, L50, M|100\/100\n|cant|p1b: Ogerpon|slp\n|move|p2a: Cresselia|Lunar Blessing|p2a: Cresselia|[spread] p2a,p2b\n|-heal|p2a: Cresselia|69\/100\n|move|p1a: Ninetales|Blizzard|p2b: Kingambit|[spread] p2b\n|-miss|p1a: Ninetales|p2a: Cresselia\n|-resisted|p2b: Kingambit\n|-damage|p2b: Kingambit|89\/100\n|\n|upkeep\n|turn|8\n|\n|t:|1701201426\n|switch|p1a: Landorus|Landorus-Therian, L50, M|58\/100\n|-ability|p1a: Landorus|Intimidate|boost\n|-unboost|p2a: Cresselia|atk|1\n|-unboost|p2b: Kingambit|atk|1\n|-ability|p2b: Kingambit|Defiant|boost\n|-boost|p2b: Kingambit|atk|2\n|move|p2b: Kingambit|Swords Dance|p2b: Kingambit\n|-boost|p2b: Kingambit|atk|2\n|move|p2a: Cresselia|Psychic|p1b: Ogerpon\n|-damage|p1b: Ogerpon|88\/100 slp\n|-curestatus|p1b: Ogerpon|slp|[msg]\n|move|p1b: Ogerpon|Ivy Cudgel|p2a: Cresselia|[anim] Ivy Cudgel Water\n|-damage|p2a: Cresselia|15\/100\n|\n|-sideend|p1: T_Squared 27|move: Aurora Veil\n|upkeep\n|turn|9\n|\n|t:|1701201459\n|move|p2b: Kingambit|Kowtow Cleave|p1a: Landorus\n|-damage|p1a: Landorus|0 fnt\n|faint|p1a: Landorus\n|move|p2a: Cresselia|Lunar Blessing|p2a: Cresselia|[spread] p2a,p2b\n|-heal|p2a: Cresselia|40\/100\n|-heal|p2b: Kingambit|100\/100\n|move|p1b: Ogerpon|Ivy Cudgel|p2a: Cresselia|[anim] Ivy Cudgel Water\n|-crit|p2a: Cresselia\n|-damage|p2a: Cresselia|0 fnt\n|faint|p2a: Cresselia\n|\n|upkeep\n|\n|t:|1701201475\n|switch|p2a: Iron Hands|Iron Hands, L50, tera:Water|51\/100\n|switch|p1a: Ninetales|Ninetales-Alola, L50, F|53\/100\n|-weather|Snow|[from] ability: Snow Warning|[of] p1a: Ninetales\n|turn|10\n|\n|t:|1701201522\n|move|p1b: Ogerpon|Spiky Shield|p1b: Ogerpon\n|-singleturn|p1b: Ogerpon|move: Protect\n|move|p2b: Kingambit|Sucker Punch||[still]\n|-fail|p2b: Kingambit\n|move|p2a: Iron Hands|Wild Charge|p1b: Ogerpon\n|-activate|p1b: Ogerpon|move: Protect\n|-damage|p2a: Iron Hands|39\/100|[from] Spiky Shield|[of] p1b: Ogerpon\n|move|p1a: Ninetales|Aurora Veil|p1a: Ninetales\n|-sidestart|p1: T_Squared 27|move: Aurora Veil\n|\n|-weather|Snow|[upkeep]\n|-fieldend|move: Trick Room\n|upkeep\n|turn|11\n|c|\u2606T_Squared 27|geese, this is a long game\n|c|\u2606T_Squared 27|but it's a good one\n|\n|t:|1701201576\n|switch|p1b: Arcanine|Arcanine-Hisui, L50, M|100\/100\n|move|p2b: Kingambit|Sucker Punch||[still]\n|-fail|p2b: Kingambit\n|move|p1a: Ninetales|Moonblast|p2a: Iron Hands\n|-damage|p2a: Iron Hands|21\/100\n|move|p2a: Iron Hands|Drain Punch|p1a: Ninetales\n|-damage|p1a: Ninetales|29\/100\n|-heal|p2a: Iron Hands|29\/100|[from] drain|[of] p1a: Ninetales\n|\n|-weather|Snow|[upkeep]\n|upkeep\n|turn|12\n|\n|t:|1701201630\n|switch|p1a: Ogerpon|Ogerpon-Wellspring-Tera, L50, F, tera:Water|88\/100\n|-ability|p1a: Ogerpon|Embody Aspect (Wellspring)|boost\n|-boost|p1a: Ogerpon|spd|1\n|move|p2b: Kingambit|Sucker Punch|p1b: Arcanine\n|-damage|p1b: Arcanine|13\/100\n|move|p1b: Arcanine|Flare Blitz|p2b: Kingambit\n|-supereffective|p2b: Kingambit\n|-damage|p2b: Kingambit|1\/100\n|move|p2a: Iron Hands|Drain Punch|p1a: Ogerpon\n|-damage|p1a: Ogerpon|52\/100\n|-heal|p2a: Iron Hands|40\/100|[from] drain|[of] p1a: Ogerpon\n|\n|-weather|Snow|[upkeep]\n|upkeep\n|turn|13\n|\n|t:|1701201661\n|move|p2b: Kingambit|Protect|p2b: Kingambit\n|-singleturn|p2b: Kingambit|Protect\n|move|p1b: Arcanine|Extreme Speed|p2b: Kingambit\n|-activate|p2b: Kingambit|move: Protect\n|move|p1a: Ogerpon|Horn Leech|p2a: Iron Hands\n|-supereffective|p2a: Iron Hands\n|-damage|p2a: Iron Hands|0 fnt\n|-heal|p1a: Ogerpon|84\/100|[from] drain|[of] p2a: Iron Hands\n|faint|p2a: Iron Hands\n|-end|p2a: Iron Hands|Quark Drive|[silent]\n|\n|-weather|Snow|[upkeep]\n|upkeep\n|\n|t:|1701201673\n|switch|p2a: Amoonguss|Amoonguss, L50, M|100\/100\n|turn|14\n|\n|t:|1701201693\n|move|p1a: Ogerpon|Spiky Shield|p1a: Ogerpon\n|-singleturn|p1a: Ogerpon|move: Protect\n|move|p1b: Arcanine|Extreme Speed|p2b: Kingambit\n|-resisted|p2b: Kingambit\n|-damage|p2b: Kingambit|0 fnt\n|faint|p2b: Kingambit\n|move|p2a: Amoonguss|Rage Powder|p2a: Amoonguss\n|-singleturn|p2a: Amoonguss|move: Rage Powder\n|\n|-weather|none\n|upkeep\n|turn|15\n|c|\u2606Pkmnn00b15|This was so difficult GGs bro\n|c|\u2606T_Squared 27|oh yeah, it was hard\n|-message|Pkmnn00b15 forfeited.\n|\n|win|T_Squared 27\n|raw|T_Squared 27's rating: 1147 &rarr; <strong>1173<\/strong><br \/>(+26 for winning)\n|raw|Pkmnn00b15's rating: 1159 &rarr; <strong>1133<\/strong><br \/>(-26 for losing)\n|l|\u2606Pkmnn00b15\n|c|\u2606T_Squared 27|but yeah, GG!\n","uploadtime":1701201786,"views":4,"p1id":"tsquared27","p2id":"pkmnn00b15","formatid":"gen9vgc2023regulatione","rating":1133,"private":0,"password":""}