{"id":"gen9vgc2023regulatione-1988178894","p1":"AediionVGC","p2":"Youngaren","format":"[Gen 9] VGC 2023 Regulation E","log":"|j|\u2606AediionVGC\n|j|\u2606Youngaren\n|n|\u2606AediionVGC|aediionvgc\n|n|\u2606Youngaren|youngaren\n|html|View the match progress at <a href=\"\/game-bestof3-gen9vgc2023regulatione-1988178893\">game-bestof3-gen9vgc2023regulatione-1988178893<\/a>\n|t:|1699680284\n|gametype|doubles\n|player|p1|AediionVGC|nessa|\n|player|p2|Youngaren|byron|\n|teamsize|p1|6\n|teamsize|p2|6\n|gen|9\n|tier|[Gen 9] VGC 2023 Regulation E\n|rule|Species Clause: Limit one of each Pok\u00e9mon\n|rule|Item Clause: Limit one of each item\n|clearpoke\n|poke|p1|Thwackey, L50, M|\n|poke|p1|Ogerpon-Hearthflame, L50, F|\n|poke|p1|Murkrow, L50, M|\n|poke|p1|Gyarados, L50, M|\n|poke|p1|Mesprit, L50|\n|poke|p1|Arcanine, L50, M|\n|poke|p2|Iron Hands, L50|\n|poke|p2|Articuno-Galar, L50|\n|poke|p2|Ogerpon-Cornerstone, L50, F|\n|poke|p2|Tyranitar, L50, M|\n|poke|p2|Ursaluna, L50, M|\n|poke|p2|Palossand, L50, M|\n|teampreview|4\nAediionVGC rejected open team sheets.\n|c|\u2606AediionVGC|It's best of 3 format so you can hit the timer when you are ready\n|c|\u2606AediionVGC|Good luck, have fun\n|c|\u2606Youngaren|Got it, glhf\n|\n|t:|1699680372\n|start\n|switch|p1a: Grass Monkey|Thwackey, L50, M|100\/100\n|switch|p1b: Fiona|Ogerpon-Hearthflame, L50, F|100\/100\n|switch|p2a: Iron Hands|Iron Hands, L50|100\/100\n|switch|p2b: Articuno|Articuno-Galar, L50|100\/100\n|-ability|p1b: Fiona|Mold Breaker\n|-fieldstart|move: Grassy Terrain|[from] ability: Grassy Surge|[of] p1a: Grass Monkey\n|-enditem|p2a: Iron Hands|Booster Energy\n|-activate|p2a: Iron Hands|ability: Quark Drive|[fromitem]\n|-start|p2a: Iron Hands|quarkdriveatk\n|turn|1\n|\n|t:|1699680409\n|move|p1b: Fiona|Spiky Shield|p1b: Fiona\n|-singleturn|p1b: Fiona|move: Protect\n|move|p1a: Grass Monkey|Fake Out|p2b: Articuno\n|-damage|p2b: Articuno|91\/100\n|move|p2a: Iron Hands|Fake Out|p1b: Fiona\n|-activate|p1b: Fiona|move: Protect\n|-damage|p2a: Iron Hands|88\/100|[from] Spiky Shield|[of] p1b: Fiona\n|cant|p2b: Articuno|flinch\n|\n|-heal|p2a: Iron Hands|94\/100|[from] Grassy Terrain\n|upkeep\n|turn|2\n|\n|t:|1699680449\n|-terastallize|p1b: Fiona|Fire\n|detailschange|p1b: Fiona|Ogerpon-Hearthflame-Tera, L50, F, tera:Fire\n|-ability|p1b: Fiona|Embody Aspect (Hearthflame)|boost\n|-boost|p1b: Fiona|atk|1\n|move|p2b: Articuno|Protect|p2b: Articuno\n|-singleturn|p2b: Articuno|Protect\n|move|p1b: Fiona|Ivy Cudgel|p2b: Articuno\n|-activate|p2b: Articuno|move: Protect\n|move|p1a: Grass Monkey|U-turn|p2b: Articuno\n|-activate|p2b: Articuno|move: Protect\n|move|p2a: Iron Hands|Drain Punch|p1a: Grass Monkey\n|-damage|p1a: Grass Monkey|3\/100\n|-heal|p2a: Iron Hands|100\/100|[from] drain|[of] p1a: Grass Monkey\n|\n|-heal|p1a: Grass Monkey|9\/100|[from] Grassy Terrain\n|upkeep\n|turn|3\n|\n|t:|1699680498\n|switch|p2b: Tyranitar|Tyranitar, L50, M|100\/100\n|-weather|Sandstorm|[from] ability: Sand Stream|[of] p2b: Tyranitar\n|move|p1b: Fiona|Ivy Cudgel|p2b: Tyranitar\n|-resisted|p2b: Tyranitar\n|-damage|p2b: Tyranitar|57\/100\n|move|p1a: Grass Monkey|U-turn|p2b: Tyranitar\n|-supereffective|p2b: Tyranitar\n|-damage|p2b: Tyranitar|22\/100\n|\n|t:|1699680507\n|switch|p1a: Reginald|Arcanine, L50, M|100\/100|[from] U-turn\n|-ability|p1a: Reginald|Intimidate|boost\n|-unboost|p2a: Iron Hands|atk|1\n|-unboost|p2b: Tyranitar|atk|1\n|move|p2a: Iron Hands|Drain Punch|p1b: Fiona\n|-damage|p1b: Fiona|46\/100\n|\n|-weather|Sandstorm|[upkeep]\n|-damage|p1b: Fiona|40\/100|[from] Sandstorm\n|-damage|p1a: Reginald|94\/100|[from] Sandstorm\n|-damage|p2a: Iron Hands|94\/100|[from] Sandstorm\n|-heal|p1b: Fiona|46\/100|[from] Grassy Terrain\n|-heal|p1a: Reginald|100\/100|[from] Grassy Terrain\n|-heal|p2b: Tyranitar|28\/100|[from] Grassy Terrain\n|-heal|p2a: Iron Hands|100\/100|[from] Grassy Terrain\n|upkeep\n|turn|4\n|\n|t:|1699680563\n|-terastallize|p2a: Iron Hands|Fire\n|move|p1b: Fiona|Trailblaze|p2b: Tyranitar\n|-supereffective|p2b: Tyranitar\n|-damage|p2b: Tyranitar|0 fnt\n|-boost|p1b: Fiona|spe|1\n|faint|p2b: Tyranitar\n|move|p1a: Reginald|Will-O-Wisp|p2a: Iron Hands\n|-immune|p2a: Iron Hands\n|move|p2a: Iron Hands|Drain Punch|p1b: Fiona\n|-damage|p1b: Fiona|0 fnt\n|faint|p1b: Fiona\n|\n|-weather|Sandstorm|[upkeep]\n|-damage|p1a: Reginald|94\/100|[from] Sandstorm\n|-damage|p2a: Iron Hands|94\/100|[from] Sandstorm\n|-heal|p1a: Reginald|100\/100|[from] Grassy Terrain\n|-heal|p2a: Iron Hands|100\/100|[from] Grassy Terrain\n|upkeep\n|j| PTP_VGC\n|c| PTP_VGC|fellas\n|c|\u2606AediionVGC|PTP\n|\n|t:|1699680604\n|switch|p1b: Grass Monkey|Thwackey, L50, M|9\/100\n|switch|p2b: Ursaluna|Ursaluna, L50, M|100\/100\n|turn|5\n|\n|t:|1699680670\n|switch|p1a: Woggles|Murkrow, L50, M|100\/100\n|move|p1b: Grass Monkey|Grassy Glide|p2b: Ursaluna\n|-supereffective|p2b: Ursaluna\n|-damage|p2b: Ursaluna|50\/100\n|move|p2a: Iron Hands|Drain Punch|p1b: Grass Monkey\n|-damage|p1b: Grass Monkey|0 fnt\n|faint|p1b: Grass Monkey\n|move|p2b: Ursaluna|Headlong Rush|p1a: Woggles\n|-immune|p1a: Woggles\n|\n|-weather|Sandstorm|[upkeep]\n|-damage|p1a: Woggles|95\/100|[from] Sandstorm\n|-damage|p2a: Iron Hands|94\/100|[from] Sandstorm\n|-heal|p2a: Iron Hands|100\/100|[from] Grassy Terrain\n|-heal|p2b: Ursaluna|56\/100|[from] Grassy Terrain\n|-fieldend|move: Grassy Terrain\n|-status|p2b: Ursaluna|brn|[from] item: Flame Orb\n|upkeep\n|\n|t:|1699680684\n|switch|p1b: Reginald|Arcanine, L50, M|100\/100\n|-ability|p1b: Reginald|Intimidate|boost\n|-unboost|p2a: Iron Hands|atk|1\n|-unboost|p2b: Ursaluna|atk|1\n|turn|6\n|\n|t:|1699680703\n|switch|p2b: Articuno|Articuno-Galar, L50|91\/100\n|move|p1a: Woggles|Sunny Day|p1a: Woggles\n|-weather|SunnyDay\n|move|p1b: Reginald|Flare Blitz|p2b: Articuno\n|-damage|p2b: Articuno|20\/100\n|-damage|p1b: Reginald|77\/100|[from] Recoil\n|move|p2a: Iron Hands|Wild Charge|p1a: Woggles\n|-supereffective|p1a: Woggles\n|-damage|p1a: Woggles|0 fnt\n|faint|p1a: Woggles\n|-damage|p2a: Iron Hands|86\/100|[from] Recoil\n|\n|-weather|SunnyDay|[upkeep]\n|-heal|p1b: Reginald|83\/100|[from] item: Leftovers\n|upkeep\n|turn|7\n|\n|t:|1699680741\n|move|p1b: Reginald|Flare Blitz|p2b: Articuno\n|-damage|p2b: Articuno|0 fnt\n|faint|p2b: Articuno\n|-damage|p1b: Reginald|77\/100|[from] Recoil\n|move|p2a: Iron Hands|Drain Punch|p1b: Reginald\n|-damage|p1b: Reginald|49\/100\n|-heal|p2a: Iron Hands|96\/100|[from] drain|[of] p1b: Reginald\n|\n|-weather|SunnyDay|[upkeep]\n|-heal|p1b: Reginald|55\/100|[from] item: Leftovers\n|upkeep\n|\n|t:|1699680754\n|switch|p2b: Ursaluna|Ursaluna, L50, M|56\/100 brn\n|turn|8\n|\n|t:|1699680791\n|move|p1b: Reginald|Flare Blitz|p2b: Ursaluna\n|-damage|p2b: Ursaluna|0 fnt\n|faint|p2b: Ursaluna\n|-damage|p1b: Reginald|33\/100|[from] Recoil\n|move|p2a: Iron Hands|Wild Charge|p1b: Reginald\n|-damage|p1b: Reginald|0 fnt\n|faint|p1b: Reginald\n|-damage|p2a: Iron Hands|90\/100|[from] Recoil\n|\n|win|Youngaren\n|inactive|AediionVGC has 50 seconds to confirm battle start!\n|inactive|Youngaren has 50 seconds to confirm battle start!\n|l| PTP_VGC\n|c|&|\/uhtml prompt-aediionvgc,AediionVGC is ready for game 2!\n|inactive|Youngaren has 40 seconds to confirm battle start!\n|c|&|\/uhtml prompt-aediionvgc,AediionVGC is ready for game 2!\n|inactive|Youngaren has 30 seconds to confirm battle start!\n|inactive|Youngaren has 20 seconds to confirm battle start!\n|inactive|Youngaren has 10 seconds to confirm battle start!\n|c|&|\/uhtml prompt-youngaren,Youngaren is ready for game 2!\nBoth players are ready! Starting next match!\n|l|\u2606Youngaren\n|l|\u2606AediionVGC\n|j| PTP_VGC\n|l| PTP_VGC\n|j|\u2606Youngaren\n|player|p2|Youngaren|byron\n","uploadtime":1699680832,"views":52,"p1id":"aediionvgc","p2id":"youngaren","formatid":"gen9vgc2023regulatione","rating":0,"private":0,"password":""}