{"id":"gen9vgc2023regulatione-1999376576","p1":"VortexTheGOAT","p2":"Lunn00","format":"[Gen 9] VGC 2023 Regulation E","log":"|j|\u2606VortexTheGOAT\n|j|\u2606Lunn00\n|t:|1701069719\n|gametype|doubles\n|player|p1|VortexTheGOAT|102|1099\n|player|p2|Lunn00|1|1147\n|teamsize|p1|6\n|teamsize|p2|6\n|gen|9\n|tier|[Gen 9] VGC 2023 Regulation E\n|rated|\n|rule|Species Clause: Limit one of each Pok\u00e9mon\n|rule|Item Clause: Limit one of each item\n|clearpoke\n|poke|p1|Pelipper, L50, M|\n|poke|p1|Urshifu-*, L50, M|\n|poke|p1|Thundurus-Therian, L50, M|\n|poke|p1|Farigiraf, L50, F|\n|poke|p1|Weezing, L50, F|\n|poke|p1|Roaring Moon, L50|\n|poke|p2|Ogerpon-Wellspring, L50, F|\n|poke|p2|Houndstone, L50, F|\n|poke|p2|Slither Wing, L50|\n|poke|p2|Kingambit, L50, M|\n|poke|p2|Sableye, L50, M|\n|poke|p2|Skeledirge, L50, M|\n|teampreview|4\nLunn00 has agreed to open team sheets.\nVortexTheGOAT has agreed to open team sheets.\n|inactive|Battle timer is ON: inactive players will automatically lose when time's up. (requested by Lunn00)\n|\n|t:|1701069789\n|start\n|switch|p1a: Pelipper|Pelipper, L50, M|100\/100\n|switch|p1b: Urshifu|Urshifu-Rapid-Strike, L50, M|100\/100\n|switch|p2a: Sableye|Sableye, L50, M|100\/100\n|switch|p2b: Slither Wing|Slither Wing, L50|100\/100\n|-weather|RainDance|[from] ability: Drizzle|[of] p1a: Pelipper\n|turn|1\n|\n|t:|1701069800\n|switch|p1a: Weezing|Weezing, L50, F|100\/100\n|-ability|p1a: Weezing|Neutralizing Gas\n|move|p1b: Urshifu|Surging Strikes|p2a: Sableye\n|-crit|p2a: Sableye\n|-damage|p2a: Sableye|57\/100\n|-crit|p2a: Sableye\n|-damage|p2a: Sableye|15\/100\n|-crit|p2a: Sableye\n|-damage|p2a: Sableye|0 fnt\n|faint|p2a: Sableye\n|-hitcount|p2: Sableye|3\n|move|p2b: Slither Wing|Bulk Up|p2b: Slither Wing\n|-boost|p2b: Slither Wing|atk|1\n|-boost|p2b: Slither Wing|def|1\n|\n|-weather|RainDance|[upkeep]\n|upkeep\n|\n|t:|1701069808\n|switch|p2a: Houndstone|Houndstone, L50, F|100\/100\n|turn|2\n|\n|t:|1701069817\n|move|p1b: Urshifu|Surging Strikes|p2b: Slither Wing\n|-crit|p2b: Slither Wing\n|-damage|p2b: Slither Wing|64\/100\n|-crit|p2b: Slither Wing\n|-damage|p2b: Slither Wing|24\/100\n|-crit|p2b: Slither Wing\n|-damage|p2b: Slither Wing|0 fnt\n|faint|p2b: Slither Wing\n|-end|p2b: Slither Wing|Protosynthesis|[silent]\n|-hitcount|p2: Slither Wing|3\n|move|p2a: Houndstone|Will-O-Wisp|p1b: Urshifu\n|-status|p1b: Urshifu|brn\n|move|p1a: Weezing|Will-O-Wisp|p2a: Houndstone\n|-status|p2a: Houndstone|brn\n|\n|-weather|RainDance|[upkeep]\n|-damage|p1b: Urshifu|95\/100 brn|[from] brn\n|-damage|p2a: Houndstone|94\/100 brn|[from] brn\n|upkeep\n|\n|t:|1701069821\n|switch|p2b: Ogerpon|Ogerpon-Wellspring, L50, F|100\/100\n|turn|3\n|\n|t:|1701069837\n|-terastallize|p2b: Ogerpon|Water\n|detailschange|p2b: Ogerpon|Ogerpon-Wellspring-Tera, L50, F, tera:Water\n|move|p1b: Urshifu|Surging Strikes|p2a: Houndstone\n|-crit|p2a: Houndstone\n|-damage|p2a: Houndstone|80\/100 brn\n|-crit|p2a: Houndstone\n|-damage|p2a: Houndstone|65\/100 brn\n|-crit|p2a: Houndstone\n|-damage|p2a: Houndstone|50\/100 brn\n|-enditem|p2a: Houndstone|Sitrus Berry|[eat]\n|-heal|p2a: Houndstone|75\/100 brn|[from] item: Sitrus Berry\n|-hitcount|p2a: Houndstone|3\n|move|p2b: Ogerpon|Horn Leech|p1b: Urshifu\n|-supereffective|p1b: Urshifu\n|-damage|p1b: Urshifu|0 fnt\n|faint|p1b: Urshifu\n|move|p2a: Houndstone|Howl|p2a: Houndstone|[spread] p2a,p2b\n|-boost|p2a: Houndstone|atk|1\n|-boost|p2b: Ogerpon|atk|1\n|move|p1a: Weezing|Gunk Shot|p2b: Ogerpon\n|-damage|p2b: Ogerpon|46\/100\n|-status|p2b: Ogerpon|psn\n|\n|-weather|RainDance|[upkeep]\n|-damage|p2b: Ogerpon|33\/100 psn|[from] psn\n|-damage|p2a: Houndstone|68\/100 brn|[from] brn\n|upkeep\n|\n|t:|1701069861\n|switch|p1b: Thundurus|Thundurus-Therian, L50, M|100\/100\n|turn|4\n|\n|t:|1701069871\n|move|p2b: Ogerpon|Spiky Shield|p2b: Ogerpon\n|-singleturn|p2b: Ogerpon|move: Protect\n|move|p1b: Thundurus|Wildbolt Storm|p2a: Houndstone|[spread] p2a\n|-activate|p2b: Ogerpon|move: Protect\n|-damage|p2a: Houndstone|1\/100 brn\n|move|p2a: Houndstone|Snarl|p1a: Weezing|[spread] p1b\n|-miss|p2a: Houndstone|p1a: Weezing\n|-damage|p1b: Thundurus|93\/100\n|-unboost|p1b: Thundurus|spa|1\n|move|p1a: Weezing|Haze|p1a: Weezing\n|-clearallboost\n|\n|-weather|RainDance|[upkeep]\n|-damage|p2b: Ogerpon|21\/100 psn|[from] psn\n|-damage|p2a: Houndstone|0 fnt|[from] brn\n|faint|p2a: Houndstone\n|upkeep\n|turn|5\n|\n|t:|1701069895\n|move|p2b: Ogerpon|Ivy Cudgel|p1b: Thundurus|[anim] Ivy Cudgel Water\n|-crit|p1b: Thundurus\n|-damage|p1b: Thundurus|0 fnt\n|faint|p1b: Thundurus\n|move|p1a: Weezing|Gunk Shot|p2b: Ogerpon\n|-damage|p2b: Ogerpon|0 fnt\n|faint|p2b: Ogerpon\n|\n|win|VortexTheGOAT\n|raw|VortexTheGOAT's rating: 1099 &rarr; <strong>1128<\/strong><br \/>(+29 for winning)\n|raw|Lunn00's rating: 1147 &rarr; <strong>1119<\/strong><br \/>(-28 for losing)\n|l|\u2606Lunn00\n","uploadtime":1701069905,"views":4,"p1id":"vortexthegoat","p2id":"lunn00","formatid":"gen9vgc2023regulatione","rating":1119,"private":0,"password":""}