{"id":"gen9vgc2023regulatione-1995863238","p1":"backtobanjo","p2":"qwedddd","format":"[Gen 9] VGC 2023 Regulation E","log":"|j|\u2606backtobanjo\n|j|\u2606qwedddd\n|t:|1700610967\n|gametype|doubles\n|player|p1|backtobanjo|1|1137\n|player|p2|qwedddd|266|1159\n|teamsize|p1|6\n|teamsize|p2|6\n|gen|9\n|tier|[Gen 9] VGC 2023 Regulation E\n|rated|\n|rule|Species Clause: Limit one of each Pok\u00e9mon\n|rule|Item Clause: Limit one of each item\n|clearpoke\n|poke|p1|Iron Bundle, L50|\n|poke|p1|Arcanine-Hisui, L50, F|\n|poke|p1|Tyranitar, L50, M|\n|poke|p1|Kommo-o, L50, F|\n|poke|p1|Rillaboom, L50, F|\n|poke|p1|Flutter Mane, L50|\n|poke|p2|Espathra, L50, M|\n|poke|p2|Sandy Shocks, L50|\n|poke|p2|Maushold-Four, L50|\n|poke|p2|Chien-Pao, L50|\n|poke|p2|Ogerpon-Wellspring, L50, F|\n|poke|p2|Annihilape, L50, F|\n|teampreview|4\n|inactive|Battle timer is ON: inactive players will automatically lose when time's up. (requested by qwedddd)\n|\n|t:|1700611000\n|start\n|switch|p1a: Iron Bundle|Iron Bundle, L50|100\/100\n|switch|p1b: Arcanine|Arcanine-Hisui, L50, F|100\/100\n|switch|p2a: Annihilape|Annihilape, L50, F|100\/100\n|switch|p2b: Espathra|Espathra, L50, M|100\/100\n|-ability|p1b: Arcanine|Intimidate|boost\n|-unboost|p2a: Annihilape|atk|1\n|-ability|p2a: Annihilape|Defiant|boost\n|-boost|p2a: Annihilape|atk|2\n|-unboost|p2b: Espathra|atk|1\n|-enditem|p1a: Iron Bundle|Booster Energy\n|-activate|p1a: Iron Bundle|ability: Quark Drive|[fromitem]\n|-start|p1a: Iron Bundle|quarkdrivespe\n|turn|1\n|\n|t:|1700611021\n|switch|p1b: Tyranitar|Tyranitar, L50, M|100\/100\n|-weather|Sandstorm|[from] ability: Sand Stream|[of] p1b: Tyranitar\n|move|p2b: Espathra|Protect|p2b: Espathra\n|-singleturn|p2b: Espathra|Protect\n|move|p1a: Iron Bundle|Icy Wind|p2a: Annihilape|[spread] p2a\n|-activate|p2b: Espathra|move: Protect\n|-damage|p2a: Annihilape|81\/100\n|-unboost|p2a: Annihilape|spe|1\n|-ability|p2a: Annihilape|Defiant|boost\n|-boost|p2a: Annihilape|atk|2\n|move|p2a: Annihilape|Final Gambit|p1a: Iron Bundle\n|-damage|p1a: Iron Bundle|0 fnt\n|faint|p2a: Annihilape\n|faint|p1a: Iron Bundle\n|-end|p1a: Iron Bundle|Quark Drive|[silent]\n|\n|-weather|Sandstorm|[upkeep]\n|-damage|p2b: Espathra|95\/100|[from] Sandstorm\n|-heal|p2b: Espathra|100\/100|[from] item: Leftovers\n|-ability|p2b: Espathra|Speed Boost|boost\n|-boost|p2b: Espathra|spe|1\n|upkeep\n|inactive|backtobanjo has 30 seconds left.\n|\n|t:|1700611046\n|switch|p1a: Arcanine|Arcanine-Hisui, L50, F|100\/100\n|switch|p2a: Sandy Shocks|Sandy Shocks, L50|100\/100\n|-ability|p1a: Arcanine|Intimidate|boost\n|-unboost|p2a: Sandy Shocks|atk|1\n|-unboost|p2b: Espathra|atk|1\n|-enditem|p2a: Sandy Shocks|Booster Energy\n|-activate|p2a: Sandy Shocks|ability: Protosynthesis|[fromitem]\n|-start|p2a: Sandy Shocks|protosynthesisspe\n|turn|2\n|inactive|qwedddd has 30 seconds left.\n|inactive|qwedddd has 20 seconds left.\n|inactive|qwedddd has 15 seconds left.\n|inactive|qwedddd has 10 seconds left.\n|inactive|qwedddd has 5 seconds left.\n|\n|t:|1700611098\n|-terastallize|p2b: Espathra|Fairy\n|move|p2a: Sandy Shocks|Gravity|p2a: Sandy Shocks\n|-fieldstart|move: Gravity\n|move|p2b: Espathra|Hypnosis|p1a: Arcanine\n|-status|p1a: Arcanine|slp|[from] move: Hypnosis\n|cant|p1a: Arcanine|slp\n|move|p1b: Tyranitar|Knock Off|p2b: Espathra\n|-resisted|p2b: Espathra\n|-damage|p2b: Espathra|73\/100\n|-enditem|p2b: Espathra|Leftovers|[from] move: Knock Off|[of] p1b: Tyranitar\n|\n|-weather|Sandstorm|[upkeep]\n|-damage|p2b: Espathra|67\/100|[from] Sandstorm\n|-ability|p2b: Espathra|Speed Boost|boost\n|-boost|p2b: Espathra|spe|1\n|upkeep\n|turn|3\n|inactive|backtobanjo has 30 seconds left.\n|\n|t:|1700611126\n|move|p2b: Espathra|Hypnosis|p1b: Tyranitar\n|-status|p1b: Tyranitar|slp|[from] move: Hypnosis\n|move|p2a: Sandy Shocks|Earth Power|p1a: Arcanine\n|-supereffective|p1a: Arcanine\n|-damage|p1a: Arcanine|0 fnt\n|faint|p1a: Arcanine\n|cant|p1b: Tyranitar|slp\n|\n|-weather|Sandstorm|[upkeep]\n|-damage|p2b: Espathra|61\/100|[from] Sandstorm\n|-ability|p2b: Espathra|Speed Boost|boost\n|-boost|p2b: Espathra|spe|1\n|upkeep\n|\n|t:|1700611138\n|switch|p1a: Kommo-o|Kommo-o, L50, F|100\/100\n|turn|4\n|\n|t:|1700611153\n|move|p1a: Kommo-o|Protect|p1a: Kommo-o\n|-singleturn|p1a: Kommo-o|Protect\n|move|p2b: Espathra|Hypnosis|p1a: Kommo-o\n|-activate|p1a: Kommo-o|move: Protect\n|move|p2a: Sandy Shocks|Earth Power|p1b: Tyranitar\n|-supereffective|p1b: Tyranitar\n|-damage|p1b: Tyranitar|58\/100 slp\n|-curestatus|p1b: Tyranitar|slp|[msg]\n|move|p1b: Tyranitar|Low Kick|p2a: Sandy Shocks\n|-damage|p2a: Sandy Shocks|67\/100\n|\n|-weather|Sandstorm|[upkeep]\n|-damage|p2b: Espathra|56\/100|[from] Sandstorm\n|-damage|p1a: Kommo-o|94\/100|[from] Sandstorm\n|-heal|p1a: Kommo-o|100\/100|[from] item: Leftovers\n|-ability|p2b: Espathra|Speed Boost|boost\n|-boost|p2b: Espathra|spe|1\n|upkeep\n|turn|5\n|inactive|backtobanjo has 30 seconds left.\n|\n|t:|1700611181\n|-terastallize|p1a: Kommo-o|Steel\n|move|p2b: Espathra|Hypnosis|p1a: Kommo-o\n|-status|p1a: Kommo-o|slp|[from] move: Hypnosis\n|move|p2a: Sandy Shocks|Earth Power|p1b: Tyranitar\n|-supereffective|p1b: Tyranitar\n|-damage|p1b: Tyranitar|20\/100\n|move|p1b: Tyranitar|Knock Off|p2a: Sandy Shocks\n|-damage|p2a: Sandy Shocks|29\/100\n|cant|p1a: Kommo-o|slp\n|\n|-weather|none\n|-ability|p2b: Espathra|Speed Boost|boost\n|-boost|p2b: Espathra|spe|1\n|upkeep\n|turn|6\n|\n|t:|1700611205\n|move|p2b: Espathra|Calm Mind|p2b: Espathra\n|-boost|p2b: Espathra|spa|1\n|-boost|p2b: Espathra|spd|1\n|move|p2a: Sandy Shocks|Zap Cannon|p1b: Tyranitar\n|-crit|p1b: Tyranitar\n|-damage|p1b: Tyranitar|0 fnt\n|faint|p1b: Tyranitar\n|-curestatus|p1a: Kommo-o|slp|[msg]\n|move|p1a: Kommo-o|Iron Head|p2b: Espathra\n|-supereffective|p2b: Espathra\n|-damage|p2b: Espathra|4\/100\n|\n|-fieldend|move: Gravity\n|-ability|p2b: Espathra|Speed Boost|boost\n|-boost|p2b: Espathra|spe|1\n|upkeep\n|turn|7\n|inactive|qwedddd has 30 seconds left.\n|\n|t:|1700611232\n|move|p2b: Espathra|Protect|p2b: Espathra\n|-singleturn|p2b: Espathra|Protect\n|move|p2a: Sandy Shocks|Earth Power|p1a: Kommo-o\n|-supereffective|p1a: Kommo-o\n|-damage|p1a: Kommo-o|21\/100\n|move|p1a: Kommo-o|Iron Head|p2b: Espathra\n|-activate|p2b: Espathra|move: Protect\n|\n|-heal|p1a: Kommo-o|27\/100|[from] item: Leftovers\n|upkeep\n|turn|8\n|\n|t:|1700611247\n|move|p2b: Espathra|Hypnosis|p1a: Kommo-o\n|-status|p1a: Kommo-o|slp|[from] move: Hypnosis\n|move|p2a: Sandy Shocks|Earth Power|p1a: Kommo-o\n|-supereffective|p1a: Kommo-o\n|-damage|p1a: Kommo-o|0 fnt\n|faint|p1a: Kommo-o\n|\n|win|qwedddd\n|raw|backtobanjo's rating: 1137 &rarr; <strong>1114<\/strong><br \/>(-23 for losing)\n|raw|qwedddd's rating: 1159 &rarr; <strong>1182<\/strong><br \/>(+23 for winning)\n|c|\u2606qwedddd|gg\n","uploadtime":1700611254,"views":10,"p1id":"backtobanjo","p2id":"qwedddd","formatid":"gen9vgc2023regulatione","rating":1114,"private":0,"password":""}