{"id":"gen9vgc2023regulatione-1995374616","p1":"Marshir0","p2":"AMAZINGSPIDY","format":"[Gen 9] VGC 2023 Regulation E","log":"|j|\u2606Marshir0\n|j|\u2606AMAZINGSPIDY\n|n|\u2606Marshir0|marshir0\n|n|\u2606AMAZINGSPIDY|amazingspidy\n|html|View the match progress at <a href=\"\/game-bestof3-gen9vgc2023regulatione-1995374615\">game-bestof3-gen9vgc2023regulatione-1995374615<\/a>\n|t:|1700561980\n|gametype|doubles\n|player|p1|Marshir0|ninjaboy|\n|player|p2|AMAZINGSPIDY|101|\n|teamsize|p1|6\n|teamsize|p2|6\n|gen|9\n|tier|[Gen 9] VGC 2023 Regulation E\n|rule|Species Clause: Limit one of each Pok\u00e9mon\n|rule|Item Clause: Limit one of each item\n|clearpoke\n|poke|p1|Chi-Yu, L50|\n|poke|p1|Iron Hands, L50|\n|poke|p1|Landorus-Therian, L50, M|\n|poke|p1|Dusclops, L50, M|\n|poke|p1|Ogerpon-Wellspring, L50, F|\n|poke|p1|Ursaluna-Bloodmoon, L50, M|\n|poke|p2|Torkoal, L50, F|\n|poke|p2|Ursaluna, L50, F|\n|poke|p2|Urshifu-*, L50, M|\n|poke|p2|Indeedee-F, L50, F|\n|poke|p2|Armarouge, L50, F|\n|poke|p2|Iron Hands, L50|\n|teampreview|4\nAMAZINGSPIDY has agreed to open team sheets.\nMarshir0 has agreed to open team sheets.\n|showteam|p1|Chi-Yu||ChoiceSpecs|BeadsofRuin|Overheat,DarkPulse,Snarl,HeatWave||||||50|,,,,,Ghost]Iron Hands||AssaultVest|QuarkDrive|WildCharge,DrainPunch,VoltSwitch,FakeOut||||||50|,,,,,Fire]Landorus-Therian||ChoiceScarf|Intimidate|RockSlide,StompingTantrum,Uturn,TeraBlast|||M|||50|,,,,,Flying]Dusclops||Eviolite|Frisk|WillOWisp,TrickRoom,PainSplit,BrickBreak|||M|||50|,,,,,Dark]Ogerpon-Wellspring||WellspringMask|WaterAbsorb|SpikyShield,FollowMe,HornLeech,IvyCudgel|||F|||50|,,,,,Water]Ursaluna-Bloodmoon||WeaknessPolicy|MindsEye|EarthPower,Protect,HyperVoice,BloodMoon|||M|||50|,,,,,Normal\n|showteam|p2|Torkoal||SitrusBerry|Drought|Eruption,HeatWave,EarthPower,Protect|||F|||50|,,,,,Fire]Ursaluna||FlameOrb|Guts|IcePunch,Facade,HeadlongRush,Protect|||F|||50|,,,,,Water]Urshifu||ChoiceBand|UnseenFist|SuckerPunch,WickedBlow,PoisonJab,CloseCombat|||M|||50|,,,,,Poison]Indeedee-F||AbilityShield|PsychicSurge|Psychic,FollowMe,HelpingHand,TrickRoom|||F|||50|,,,,,Fairy]Armarouge||TwistedSpoon|FlashFire|ExpandingForce,ArmorCannon,WideGuard,TrickRoom|||F|||50|,,,,,Psychic]Iron Hands||AssaultVest|QuarkDrive|FakeOut,DrainPunch,HeavySlam,IcePunch||||||50|,,,,,Fairy\n|\n|t:|1700562079\n|start\n|switch|p1a: Ogerpon|Ogerpon-Wellspring, L50, F|100\/100\n|switch|p1b: Iron Hands|Iron Hands, L50|100\/100\n|switch|p2a: Indeedee|Indeedee-F, L50, F|100\/100\n|switch|p2b: Urshifu|Urshifu, L50, M|100\/100\n|-fieldstart|move: Psychic Terrain|[from] ability: Psychic Surge|[of] p2a: Indeedee\n|turn|1\n|\n|t:|1700562132\n|move|p1b: Iron Hands|Fake Out|p2a: Indeedee\n|-activate|p2a: Indeedee|move: Psychic Terrain\n|move|p2a: Indeedee|Follow Me|p2a: Indeedee\n|-singleturn|p2a: Indeedee|move: Follow Me\n|move|p2b: Urshifu|Wicked Blow|p1a: Ogerpon\n|-crit|p1a: Ogerpon\n|-damage|p1a: Ogerpon|11\/100\n|move|p1a: Ogerpon|Horn Leech|p2a: Indeedee\n|-damage|p2a: Indeedee|55\/100\n|-heal|p1a: Ogerpon|33\/100|[from] drain|[of] p2a: Indeedee\n|\n|upkeep\n|turn|2\n|inactive|Battle timer is ON: inactive players will automatically lose when time's up. (requested by AMAZINGSPIDY)\n|\n|t:|1700562184\n|move|p1a: Ogerpon|Follow Me|p1a: Ogerpon\n|-singleturn|p1a: Ogerpon|move: Follow Me\n|move|p2a: Indeedee|Follow Me|p2a: Indeedee\n|-singleturn|p2a: Indeedee|move: Follow Me\n|move|p2b: Urshifu|Wicked Blow|p1a: Ogerpon\n|-crit|p1a: Ogerpon\n|-damage|p1a: Ogerpon|0 fnt\n|faint|p1a: Ogerpon\n|move|p1b: Iron Hands|Wild Charge|p2a: Indeedee\n|-damage|p2a: Indeedee|3\/100\n|-damage|p1b: Iron Hands|91\/100|[from] Recoil\n|\n|upkeep\n|inactive|Marshir0 has 30 seconds left.\n|inactive|Marshir0 has 20 seconds left.\n|\n|t:|1700562220\n|switch|p1a: Dusclops|Dusclops, L50, M|100\/100\n|-item|p2a: Indeedee|Ability Shield|[from] ability: Frisk|[of] p1a: Dusclops|[identify]\n|-item|p2b: Urshifu|Choice Band|[from] ability: Frisk|[of] p1a: Dusclops|[identify]\n|turn|3\n|inactive|Marshir0 has 30 seconds left.\n|\n|t:|1700562253\n|-terastallize|p1a: Dusclops|Dark\n|move|p2a: Indeedee|Follow Me|p2a: Indeedee\n|-singleturn|p2a: Indeedee|move: Follow Me\n|move|p2b: Urshifu|Wicked Blow|p1a: Dusclops\n|-resisted|p1a: Dusclops\n|-crit|p1a: Dusclops\n|-damage|p1a: Dusclops|73\/100\n|move|p1b: Iron Hands|Volt Switch|p2a: Indeedee\n|-damage|p2a: Indeedee|0 fnt\n|faint|p2a: Indeedee\n|inactive|Marshir0 has 30 seconds left.\n|\n|t:|1700562282\n|-end|p1b: Iron Hands|Quark Drive|[silent]\n|switch|p1b: Ursaluna|Ursaluna-Bloodmoon, L50, M|100\/100|[from] Volt Switch\n|move|p1a: Dusclops|Brick Break|p2b: Urshifu\n|-supereffective|p2b: Urshifu\n|-damage|p2b: Urshifu|74\/100\n|\n|upkeep\n|\n|t:|1700562288\n|switch|p2a: Torkoal|Torkoal, L50, F|100\/100\n|-weather|SunnyDay|[from] ability: Drought|[of] p2a: Torkoal\n|turn|4\n|inactive|Marshir0 has 30 seconds left.\n|inactive|Marshir0 has 20 seconds left.\n|\n|t:|1700562328\n|move|p1b: Ursaluna|Protect|p1b: Ursaluna\n|-singleturn|p1b: Ursaluna|Protect\n|move|p2b: Urshifu|Wicked Blow|p1b: Ursaluna\n|-crit|p1b: Ursaluna\n|-damage|p1b: Ursaluna|36\/100\n|move|p2a: Torkoal|Eruption|p1a: Dusclops|[spread] p1a\n|-activate|p1b: Ursaluna|move: Protect\n|-damage|p1a: Dusclops|32\/100\n|move|p1a: Dusclops|Trick Room|p1a: Dusclops\n|-fieldstart|move: Trick Room|[of] p1a: Dusclops\n|\n|-weather|SunnyDay|[upkeep]\n|upkeep\n|turn|5\n|inactive|Marshir0 has 30 seconds left.\n|inactive|Marshir0 has 20 seconds left.\n|inactive|Marshir0 has 15 seconds left.\n|inactive|Marshir0 has 10 seconds left.\n|\n|t:|1700562377\n|switch|p1a: Iron Hands|Iron Hands, L50|91\/100\n|move|p2a: Torkoal|Eruption|p1a: Iron Hands|[spread] p1a,p1b\n|-damage|p1a: Iron Hands|52\/100\n|-damage|p1b: Ursaluna|0 fnt\n|faint|p1b: Ursaluna\n|move|p2b: Urshifu|Wicked Blow|p1a: Iron Hands\n|-resisted|p1a: Iron Hands\n|-crit|p1a: Iron Hands\n|-damage|p1a: Iron Hands|20\/100\n|\n|-weather|SunnyDay|[upkeep]\n|-fieldend|move: Psychic Terrain\n|upkeep\n|\n|t:|1700562390\n|switch|p1b: Dusclops|Dusclops, L50, M, tera:Dark|32\/100\n|-item|p2a: Torkoal|Sitrus Berry|[from] ability: Frisk|[of] p1b: Dusclops|[identify]\n|-item|p2b: Urshifu|Choice Band|[from] ability: Frisk|[of] p1b: Dusclops|[identify]\n|turn|6\n|\n|t:|1700562411\n|switch|p2b: Armarouge|Armarouge, L50, F|100\/100\n|move|p2a: Torkoal|Protect|p2a: Torkoal\n|-singleturn|p2a: Torkoal|Protect\n|move|p1b: Dusclops|Brick Break|p2b: Armarouge\n|-resisted|p2b: Armarouge\n|-damage|p2b: Armarouge|95\/100\n|move|p1a: Iron Hands|Wild Charge|p2b: Armarouge\n|-damage|p2b: Armarouge|52\/100\n|-damage|p1a: Iron Hands|11\/100|[from] Recoil\n|\n|-weather|SunnyDay|[upkeep]\n|upkeep\n|turn|7\n|inactive|Marshir0 has 30 seconds left.\n|inactive|Marshir0 has 20 seconds left.\n|inactive|Marshir0 has 15 seconds left.\n|inactive|Marshir0 has 10 seconds left.\n|inactive|Marshir0 has 5 seconds left.\n|\n|t:|1700562462\n|move|p2a: Torkoal|Earth Power|p1a: Iron Hands\n|-supereffective|p1a: Iron Hands\n|-damage|p1a: Iron Hands|0 fnt\n|faint|p1a: Iron Hands\n|-end|p1a: Iron Hands|Quark Drive|[silent]\n|move|p1b: Dusclops|Brick Break|p2a: Torkoal\n|-damage|p2a: Torkoal|91\/100\n|move|p2b: Armarouge|Armor Cannon|p1b: Dusclops\n|-damage|p1b: Dusclops|0 fnt\n|-unboost|p2b: Armarouge|def|1\n|-unboost|p2b: Armarouge|spd|1\n|faint|p1b: Dusclops\n|\n|win|AMAZINGSPIDY\n|c|&|\/uhtml prompt-marshir0,Marshir0 is ready for game 2!\n|inactive|AMAZINGSPIDY has 50 seconds to confirm battle start!\n|inactive|AMAZINGSPIDY has 40 seconds to confirm battle start!\n|inactive|AMAZINGSPIDY has 30 seconds to confirm battle start!\n","uploadtime":1700562500,"views":6,"p1id":"marshir0","p2id":"amazingspidy","formatid":"gen9vgc2023regulatione","rating":0,"private":0,"password":""}