{"id":"gen9vgc2023regulatione-1988798592","p1":"HayPrime","p2":"hash brown enjoyer","format":"[Gen 9] VGC 2023 Regulation E","log":"|j|\u2606HayPrime\n|j|\u2606hash brown enjoyer\n|n|\u2606HayPrime|hayprime\n|n|\u2606hash brown enjoyer|hashbrownenjoyer\n|html|View the match progress at <a href=\"\/game-bestof3-gen9vgc2023regulatione-1988798591\">game-bestof3-gen9vgc2023regulatione-1988798591<\/a>\n|t:|1699764720\n|gametype|doubles\n|player|p1|HayPrime|170|\n|player|p2|hash brown enjoyer|ingo|\n|teamsize|p1|6\n|teamsize|p2|6\n|gen|9\n|tier|[Gen 9] VGC 2023 Regulation E\n|rule|Species Clause: Limit one of each Pok\u00e9mon\n|rule|Item Clause: Limit one of each item\n|clearpoke\n|poke|p1|Alomomola, L50, F|\n|poke|p1|Typhlosion, L50, M|\n|poke|p1|Wyrdeer, L50, M|\n|poke|p1|Muk-Alola, L50, F|\n|poke|p1|Yanmega, L50, F|\n|poke|p1|Skiploom, L50, M|\n|poke|p2|Morgrem, L50, M|\n|poke|p2|Lucario, L50, F|\n|poke|p2|Pyroar, L50, M|\n|poke|p2|Goodra, L50, F|\n|poke|p2|Decidueye-Hisui, L50, M|\n|poke|p2|Rabsca, L50, F|\n|teampreview|4\nhash brown enjoyer rejected open team sheets.\n|c|\u2606hash brown enjoyer|glhf!\n|c|\u2606HayPrime|so\n|c|\u2606HayPrime|little awkward\n|c|\u2606HayPrime|but this match might suck\n|c|\u2606hash brown enjoyer|wha happen\n|\n|t:|1699764802\n|start\n|switch|p1a: kath|Alomomola, L50, F|100\/100\n|switch|p1b: sitrus berry|Skiploom, L50, M|100\/100\n|switch|p2a: Morgrem|Morgrem, L50, M|100\/100\n|switch|p2b: Pyroar|Pyroar, L50, M|100\/100\n|-ability|p2b: Pyroar|Unnerve\n|turn|1\n|\n|t:|1699764830\n|switch|p1b: Wheredeer|Wyrdeer, L50, M|100\/100\n|-ability|p1b: Wheredeer|Intimidate|boost\n|-unboost|p2a: Morgrem|atk|1\n|-unboost|p2b: Pyroar|atk|1\n|move|p2a: Morgrem|Fake Out|p1a: kath\n|-damage|p1a: kath|98\/100\n|-damage|p2a: Morgrem|84\/100|[from] item: Rocky Helmet|[of] p1a: kath\n|move|p2b: Pyroar|Hyper Voice|p1a: kath|[spread] p1a,p1b\n|-damage|p1a: kath|35\/100\n|-damage|p1b: Wheredeer|44\/100\n|cant|p1a: kath|flinch\n|\n|upkeep\n|turn|2\n|\n|t:|1699764866\n|move|p2a: Morgrem|Light Screen|p2a: Morgrem\n|-sidestart|p2: hash brown enjoyer|move: Light Screen\n|move|p2b: Pyroar|Hyper Voice|p1b: Wheredeer|[spread] p1a,p1b\n|-crit|p1b: Wheredeer\n|-damage|p1a: kath|0 fnt\n|-damage|p1b: Wheredeer|0 fnt\n|faint|p1a: kath\n|faint|p1b: Wheredeer\n|\n|upkeep\n|\n|t:|1699764869\n|switch|p1b: sitrus berry|Skiploom, L50, M|100\/100\n|switch|p1a: Applejacks|Muk-Alola, L50, F|100\/100\n|turn|3\n|\n|t:|1699764880\n|move|p2a: Morgrem|Parting Shot|p1a: Applejacks\n|-hint|Since gen 7, Dark is immune to Prankster moves.\n|-immune|p1a: Applejacks\n|move|p2b: Pyroar|Hyper Voice|p1a: Applejacks|[spread] p1a,p1b\n|-damage|p1a: Applejacks|58\/100\n|-damage|p1b: sitrus berry|57\/100\n|move|p1b: sitrus berry|Leech Seed|p2a: Morgrem\n|-start|p2a: Morgrem|move: Leech Seed\n|move|p1a: Applejacks|Drain Punch|p2b: Pyroar\n|-supereffective|p2b: Pyroar\n|-damage|p2b: Pyroar|39\/100\n|-heal|p1a: Applejacks|82\/100|[from] drain|[of] p2b: Pyroar\n|\n|-heal|p1a: Applejacks|88\/100|[from] item: Leftovers\n|-damage|p2a: Morgrem|72\/100|[from] Leech Seed|[of] p1b: sitrus berry\n|-heal|p1b: sitrus berry|70\/100|[silent]\n|upkeep\n|turn|4\n|\n|t:|1699764902\n|move|p2a: Morgrem|Reflect|p2a: Morgrem\n|-sidestart|p2: hash brown enjoyer|Reflect\n|move|p2b: Pyroar|Hyper Voice|p1a: Applejacks|[spread] p1a,p1b\n|-damage|p1a: Applejacks|48\/100\n|-damage|p1b: sitrus berry|21\/100\n|move|p1b: sitrus berry|Pollen Puff|p1a: Applejacks\n|-heal|p1a: Applejacks|98\/100\n|move|p1a: Applejacks|Curse|p1a: Applejacks\n|-unboost|p1a: Applejacks|spe|1\n|-boost|p1a: Applejacks|atk|1\n|-boost|p1a: Applejacks|def|1\n|\n|-heal|p1a: Applejacks|100\/100|[from] item: Leftovers\n|-damage|p2a: Morgrem|60\/100|[from] Leech Seed|[of] p1b: sitrus berry\n|-heal|p1b: sitrus berry|34\/100|[silent]\n|upkeep\n|turn|5\n|\n|t:|1699764924\n|switch|p2a: Lucario|Lucario, L50, F|100\/100\n|move|p2b: Pyroar|Hyper Voice|p1a: Applejacks|[spread] p1a,p1b\n|-damage|p1a: Applejacks|58\/100\n|-damage|p1b: sitrus berry|0 fnt\n|faint|p1b: sitrus berry\n|-ability|p1a: Applejacks|Chlorophyll|[from] ability: Power of Alchemy|[of] p1b: sitrus berry\n|move|p1a: Applejacks|Drain Punch|p2b: Pyroar\n|-supereffective|p2b: Pyroar\n|-damage|p2b: Pyroar|0 fnt\n|-heal|p1a: Applejacks|73\/100|[from] drain|[of] p2b: Pyroar\n|faint|p2b: Pyroar\n|\n|-heal|p1a: Applejacks|79\/100|[from] item: Leftovers\n|upkeep\n|\n|t:|1699764936\n|switch|p2b: Goodra|Goodra, L50, F|100\/100\n|turn|6\n|\n|t:|1699764950\n|move|p1a: Applejacks|Protect|p1a: Applejacks\n|-singleturn|p1a: Applejacks|Protect\n|move|p2a: Lucario|Meteor Mash|p1a: Applejacks\n|-activate|p1a: Applejacks|move: Protect\n|move|p2b: Goodra|Dragon Pulse|p1a: Applejacks\n|-activate|p1a: Applejacks|move: Protect\n|\n|-heal|p1a: Applejacks|85\/100|[from] item: Leftovers\n|upkeep\n|turn|7\n|\n|t:|1699764973\n|move|p2a: Lucario|Meteor Mash|p1a: Applejacks\n|-damage|p1a: Applejacks|37\/100\n|move|p2b: Goodra|Dragon Pulse|p1a: Applejacks\n|-damage|p1a: Applejacks|8\/100\n|move|p1a: Applejacks|Drain Punch|p2a: Lucario\n|-supereffective|p2a: Lucario\n|-damage|p2a: Lucario|24\/100\n|-heal|p1a: Applejacks|34\/100|[from] drain|[of] p2a: Lucario\n|\n|-heal|p1a: Applejacks|40\/100|[from] item: Leftovers\n|upkeep\n|turn|8\n|\n|t:|1699764991\n|move|p2a: Lucario|Meteor Mash|p1a: Applejacks\n|-damage|p1a: Applejacks|0 fnt\n|-boost|p2a: Lucario|atk|1\n|faint|p1a: Applejacks\n|\n|win|hash brown enjoyer\n|c|&|\/uhtml prompt-hayprime,HayPrime is ready for game 2!\n|c|\u2606hash brown enjoyer|gg\n|c|&|\/uhtml prompt-hashbrownenjoyer,hash brown enjoyer is ready for game 2!\nBoth players are ready! Starting next match!\n","uploadtime":1699765031,"views":34,"p1id":"hayprime","p2id":"hashbrownenjoyer","formatid":"gen9vgc2023regulatione","rating":0,"private":0,"password":""}