{"id":"gen9vgc2023regulatione-1993547798","p1":"EmbaCade","p2":"Juanber13","format":"[Gen 9] VGC 2023 Regulation E","log":"|j|\u2606EmbaCade\n|j|\u2606Juanber13\n|t:|1700330450\n|gametype|doubles\n|player|p1|EmbaCade|penny|1168\n|player|p2|Juanber13|102|1076\n|teamsize|p1|6\n|teamsize|p2|6\n|gen|9\n|tier|[Gen 9] VGC 2023 Regulation E\n|rated|\n|rule|Species Clause: Limit one of each Pok\u00e9mon\n|rule|Item Clause: Limit one of each item\n|clearpoke\n|poke|p1|Flutter Mane, L50|\n|poke|p1|Landorus-Therian, L50, M|\n|poke|p1|Ogerpon-Wellspring, L50, F|\n|poke|p1|Chi-Yu, L50|\n|poke|p1|Clefairy, L50, F|\n|poke|p1|Volcarona, L50, M|\n|poke|p2|Lilligant-Hisui, L50, F|\n|poke|p2|Torkoal, L50, M|\n|poke|p2|Tinkaton, L50, F|\n|poke|p2|Goodra, L50, F|\n|poke|p2|Ogerpon-Hearthflame, L50, F|\n|poke|p2|Clefable, L50, F|\n|teampreview|4\n|c|\u2606EmbaCade|glhf :3\n|\n|t:|1700330468\n|start\n|switch|p1a: Flutter Mane|Flutter Mane, L50|100\/100\n|switch|p1b: Volcarona|Volcarona, L50, M, shiny|100\/100\n|switch|p2a: Ogerpon|Ogerpon-Hearthflame, L50, F|100\/100\n|switch|p2b: Goodra|Goodra, L50, F, shiny|100\/100\n|-ability|p2a: Ogerpon|Mold Breaker\n|-enditem|p1a: Flutter Mane|Booster Energy\n|-activate|p1a: Flutter Mane|ability: Protosynthesis|[fromitem]\n|-start|p1a: Flutter Mane|protosynthesisspe\n|turn|1\n|inactive|Battle timer is ON: inactive players will automatically lose when time's up. (requested by EmbaCade)\n|\n|t:|1700330501\n|move|p1a: Flutter Mane|Icy Wind|p2b: Goodra|[spread] p2a,p2b\n|-supereffective|p2b: Goodra\n|-damage|p2a: Ogerpon|84\/100\n|-damage|p2b: Goodra|78\/100\n|-unboost|p2a: Ogerpon|spe|1\n|-unboost|p2b: Goodra|spe|1\n|move|p1b: Volcarona|Quiver Dance|p1b: Volcarona\n|-boost|p1b: Volcarona|spa|1\n|-boost|p1b: Volcarona|spd|1\n|-boost|p1b: Volcarona|spe|1\n|move|p2a: Ogerpon|Ivy Cudgel|p1a: Flutter Mane|[anim] Ivy Cudgel Fire\n|-damage|p1a: Flutter Mane|0 fnt\n|faint|p1a: Flutter Mane\n|-end|p1a: Flutter Mane|Protosynthesis|[silent]\n|move|p2b: Goodra|Hydro Pump|p1b: Volcarona\n|-supereffective|p1b: Volcarona\n|-damage|p1b: Volcarona|53\/100\n|\n|-heal|p1b: Volcarona|58\/100|[from] item: Leftovers\n|upkeep\n|\n|t:|1700330510\n|switch|p1a: Clefairy|Clefairy, L50, F, shiny|100\/100\n|turn|2\n|\n|t:|1700330535\n|-terastallize|p1b: Volcarona|Dragon\n|move|p1b: Volcarona|Quiver Dance|p1b: Volcarona\n|-boost|p1b: Volcarona|spa|1\n|-boost|p1b: Volcarona|spd|1\n|-boost|p1b: Volcarona|spe|1\n|move|p2a: Ogerpon|Ivy Cudgel|p1a: Clefairy|[anim] Ivy Cudgel Fire\n|-damage|p1a: Clefairy|56\/100\n|move|p2b: Goodra|Hydro Pump|p1b: Volcarona\n|-resisted|p1b: Volcarona\n|-damage|p1b: Volcarona|53\/100\n|move|p1a: Clefairy|Heal Pulse|p1b: Volcarona\n|-heal|p1b: Volcarona|100\/100\n|\n|upkeep\n|turn|3\n|inactive|Juanber13 has 30 seconds left.\n|inactive|Juanber13 has 20 seconds left.\n|inactive|Juanber13 has 15 seconds left.\n|inactive|Juanber13 has 10 seconds left.\n|\n|t:|1700330582\n|move|p1b: Volcarona|Quiver Dance|p1b: Volcarona\n|-boost|p1b: Volcarona|spa|1\n|-boost|p1b: Volcarona|spd|1\n|-boost|p1b: Volcarona|spe|1\n|move|p2a: Ogerpon|U-turn|p1a: Clefairy\n|-resisted|p1a: Clefairy\n|-damage|p1a: Clefairy|46\/100\n|\n|t:|1700330590\n|switch|p2a: Torkoal|Torkoal, L50, M|100\/100|[from] U-turn\n|-weather|SunnyDay|[from] ability: Drought|[of] p2a: Torkoal\n|move|p2b: Goodra|Fire Blast|p1a: Clefairy\n|-damage|p1a: Clefairy|0 fnt\n|faint|p1a: Clefairy\n|\n|-weather|SunnyDay|[upkeep]\n|upkeep\n|\n|t:|1700330595\n|switch|p1a: Landorus|Landorus-Therian, L50, M|100\/100\n|-ability|p1a: Landorus|Intimidate|boost\n|-unboost|p2a: Torkoal|atk|1\n|-unboost|p2b: Goodra|atk|1\n|turn|4\n|inactive|Juanber13 has 30 seconds left.\n|\n|t:|1700330622\n|move|p1b: Volcarona|Heat Wave|p2b: Goodra|[spread] p2b\n|-miss|p1b: Volcarona|p2a: Torkoal\n|-resisted|p2b: Goodra\n|-damage|p2b: Goodra|29\/100\n|move|p1a: Landorus|Rock Slide|p2b: Goodra|[spread] p2a,p2b\n|-supereffective|p2a: Torkoal\n|-damage|p2a: Torkoal|69\/100\n|-damage|p2b: Goodra|6\/100\n|cant|p2b: Goodra|flinch\n|move|p2a: Torkoal|Solar Beam||[still]\n|-prepare|p2a: Torkoal|Solar Beam\n|-anim|p2a: Torkoal|Solar Beam|p1a: Landorus\n|-damage|p1a: Landorus|71\/100\n|\n|-weather|SunnyDay|[upkeep]\n|upkeep\n|turn|5\n|inactive|Juanber13 has 30 seconds left.\n|\n|t:|1700330648\n|move|p1b: Volcarona|Bug Buzz|p2a: Torkoal\n|-resisted|p2a: Torkoal\n|-damage|p2a: Torkoal|38\/100\n|move|p1a: Landorus|Rock Slide|p2b: Goodra|[spread] p2a,p2b\n|-supereffective|p2a: Torkoal\n|-damage|p2a: Torkoal|4\/100\n|-damage|p2b: Goodra|0 fnt\n|faint|p2b: Goodra\n|move|p2a: Torkoal|Flamethrower|p1a: Landorus\n|-damage|p1a: Landorus|18\/100\n|\n|-weather|SunnyDay|[upkeep]\n|upkeep\n|\n|t:|1700330667\n|switch|p2b: Ogerpon|Ogerpon-Hearthflame, L50, F|84\/100\n|-ability|p2b: Ogerpon|Mold Breaker\n|turn|6\n|\n|t:|1700330681\n|move|p1b: Volcarona|Heat Wave|p2b: Ogerpon|[spread] p2a,p2b\n|-resisted|p2a: Torkoal\n|-damage|p2a: Torkoal|0 fnt\n|-damage|p2b: Ogerpon|0 fnt\n|faint|p2a: Torkoal\n|faint|p2b: Ogerpon\n|move|p1a: Landorus|Rock Slide|p2: Torkoal|[notarget]\n|-fail|p1a: Landorus\n|\n|-weather|SunnyDay|[upkeep]\n|upkeep\n|\n|t:|1700330692\n|switch|p2b: Lilligant|Lilligant-Hisui, L50, F|100\/100\n|turn|7\n|\n|t:|1700330701\n|-terastallize|p2b: Lilligant|Fighting\n|move|p1b: Volcarona|Bug Buzz|p2b: Lilligant\n|-resisted|p2b: Lilligant\n|-damage|p2b: Lilligant|30\/100\n|move|p2b: Lilligant|Close Combat|p1b: Volcarona\n|-damage|p1b: Volcarona|32\/100\n|-unboost|p2b: Lilligant|def|1\n|-unboost|p2b: Lilligant|spd|1\n|-status|p2b: Lilligant|brn|[from] ability: Flame Body|[of] p1b: Volcarona\n|move|p1a: Landorus|Rock Slide|p2b: Lilligant\n|-resisted|p2b: Lilligant\n|-damage|p2b: Lilligant|0 fnt\n|faint|p2b: Lilligant\n|\n|win|EmbaCade\n|raw|EmbaCade's rating: 1168 &rarr; <strong>1187<\/strong><br \/>(+19 for winning)\n|raw|Juanber13's rating: 1076 &rarr; <strong>1060<\/strong><br \/>(-16 for losing)\n|c|\u2606EmbaCade|ggwp\n|l|\u2606Juanber13\n","uploadtime":1700330831,"views":16,"p1id":"embacade","p2id":"juanber13","formatid":"gen9vgc2023regulatione","rating":1060,"private":0,"password":""}