{"id":"gen9vgc2023regulatione-1993301886","p1":"BlindMagneton","p2":"ggoopie","format":"[Gen 9] VGC 2023 Regulation E","log":"|j|\u2606BlindMagneton\n|j|\u2606ggoopie\n|t:|1700293739\n|gametype|doubles\n|player|p1|BlindMagneton|wattson|1325\n|player|p2|ggoopie|marley|1304\n|teamsize|p1|6\n|teamsize|p2|6\n|gen|9\n|tier|[Gen 9] VGC 2023 Regulation E\n|rated|\n|rule|Species Clause: Limit one of each Pok\u00e9mon\n|rule|Item Clause: Limit one of each item\n|clearpoke\n|poke|p1|Mandibuzz, L50, F|\n|poke|p1|Ninetales-Alola, L50, M|\n|poke|p1|Magnezone, L50|\n|poke|p1|Flamigo, L50, M|\n|poke|p1|Farigiraf, L50, F|\n|poke|p1|Annihilape, L50, F|\n|poke|p2|Arcanine-Hisui, L50, F|\n|poke|p2|Rillaboom, L50, M|\n|poke|p2|Chien-Pao, L50|\n|poke|p2|Iron Hands, L50|\n|poke|p2|Flutter Mane, L50|\n|poke|p2|Tornadus, L50, M|\n|teampreview|4\n|\n|t:|1700293809\n|start\n|switch|p1a: Ninetales|Ninetales-Alola, L50, M|100\/100\n|switch|p1b: Mandibuzz|Mandibuzz, L50, F|100\/100\n|switch|p2a: Tornadus|Tornadus, L50, M|100\/100\n|switch|p2b: Flutter Mane|Flutter Mane, L50|100\/100\n|-weather|Snow|[from] ability: Snow Warning|[of] p1a: Ninetales\n|turn|1\n|\n|t:|1700293853\n|-terastallize|p2b: Flutter Mane|Fairy\n|move|p1a: Ninetales|Ice Shard|p1b: Mandibuzz\n|-supereffective|p1b: Mandibuzz\n|-damage|p1b: Mandibuzz|84\/100\n|-ability|p1b: Mandibuzz|Weak Armor|boost\n|-unboost|p1b: Mandibuzz|def|1\n|-boost|p1b: Mandibuzz|spe|2\n|-enditem|p1b: Mandibuzz|Weakness Policy\n|-boost|p1b: Mandibuzz|atk|2|[from] item: Weakness Policy\n|-boost|p1b: Mandibuzz|spa|2|[from] item: Weakness Policy\n|move|p2a: Tornadus|Sunny Day|p2a: Tornadus\n|-weather|SunnyDay\n|-activate|p2b: Flutter Mane|ability: Protosynthesis\n|-start|p2b: Flutter Mane|protosynthesisspa\n|move|p1b: Mandibuzz|Lash Out|p2b: Flutter Mane\n|-resisted|p2b: Flutter Mane\n|-damage|p2b: Flutter Mane|2\/100\n|move|p2b: Flutter Mane|Dazzling Gleam|p1b: Mandibuzz|[spread] p1a,p1b\n|-supereffective|p1b: Mandibuzz\n|-damage|p1a: Ninetales|7\/100\n|-damage|p1b: Mandibuzz|0 fnt\n|faint|p1b: Mandibuzz\n|\n|-weather|SunnyDay|[upkeep]\n|upkeep\n|\n|t:|1700293878\n|switch|p1b: Annihilape|Annihilape, L50, F|100\/100\n|turn|2\n|\n|t:|1700293890\n|-end|p2b: Flutter Mane|Protosynthesis|[silent]\n|switch|p2b: Arcanine|Arcanine-Hisui, L50, F|100\/100\n|-ability|p2b: Arcanine|Intimidate|boost\n|-unboost|p1a: Ninetales|atk|1\n|-unboost|p1b: Annihilape|atk|1\n|-ability|p1b: Annihilape|Defiant|boost\n|-boost|p1b: Annihilape|atk|2\n|-terastallize|p1b: Annihilape|Water\n|move|p1a: Ninetales|Ice Shard|p2b: Arcanine\n|-resisted|p2b: Arcanine\n|-damage|p2b: Arcanine|97\/100\n|move|p2a: Tornadus|Bleakwind Storm|p1a: Ninetales|[spread] p1b\n|-miss|p2a: Tornadus|p1a: Ninetales\n|-damage|p1b: Annihilape|74\/100\n|-unboost|p1b: Annihilape|spe|1\n|-ability|p1b: Annihilape|Defiant|boost\n|-boost|p1b: Annihilape|atk|2\n|move|p1b: Annihilape|Bulk Up|p1b: Annihilape\n|-boost|p1b: Annihilape|atk|1\n|-boost|p1b: Annihilape|def|1\n|\n|-weather|SunnyDay|[upkeep]\n|-heal|p1b: Annihilape|80\/100|[from] item: Leftovers\n|upkeep\n|turn|3\n|\n|t:|1700293938\n|move|p1a: Ninetales|Protect|p1a: Ninetales\n|-singleturn|p1a: Ninetales|Protect\n|move|p2b: Arcanine|Extreme Speed|p1b: Annihilape\n|-damage|p1b: Annihilape|58\/100\n|move|p2a: Tornadus|Bleakwind Storm|p1b: Annihilape|[spread] p1b\n|-activate|p1a: Ninetales|move: Protect\n|-damage|p1b: Annihilape|29\/100\n|move|p1b: Annihilape|Drain Punch|p2b: Arcanine\n|-supereffective|p2b: Arcanine\n|-damage|p2b: Arcanine|0 fnt\n|-heal|p1b: Annihilape|69\/100|[from] drain|[of] p2b: Arcanine\n|faint|p2b: Arcanine\n|\n|-weather|SunnyDay|[upkeep]\n|-heal|p1b: Annihilape|75\/100|[from] item: Leftovers\n|upkeep\n|\n|t:|1700293954\n|switch|p2b: Iron Hands|Iron Hands, L50|100\/100\n|turn|4\n|\n|t:|1700293970\n|switch|p1a: Flamigo|Flamigo, L50, M|100\/100\n|-copyboost|p1a: Flamigo|p1b: Annihilape|[from] ability: Costar\n|move|p1b: Annihilape|Protect|p1b: Annihilape\n|-singleturn|p1b: Annihilape|Protect\n|move|p2a: Tornadus|Tailwind|p2a: Tornadus\n|-sidestart|p2: ggoopie|move: Tailwind\n|move|p2b: Iron Hands|Wild Charge|p1b: Annihilape\n|-activate|p1b: Annihilape|move: Protect\n|\n|-weather|SunnyDay|[upkeep]\n|-heal|p1b: Annihilape|82\/100|[from] item: Leftovers\n|upkeep\n|turn|5\n|\n|t:|1700294007\n|move|p2a: Tornadus|Bleakwind Storm|p1b: Annihilape|[spread] p1b\n|-miss|p2a: Tornadus|p1a: Flamigo\n|-damage|p1b: Annihilape|56\/100\n|move|p2b: Iron Hands|Wild Charge|p1b: Annihilape\n|-supereffective|p1b: Annihilape\n|-damage|p1b: Annihilape|0 fnt\n|faint|p1b: Annihilape\n|-damage|p2b: Iron Hands|88\/100|[from] Recoil\n|move|p1a: Flamigo|Tailwind|p1a: Flamigo\n|-sidestart|p1: BlindMagneton|move: Tailwind\n|\n|-weather|none\n|upkeep\n|\n|t:|1700294016\n|switch|p1b: Ninetales|Ninetales-Alola, L50, M|7\/100\n|-weather|Snow|[from] ability: Snow Warning|[of] p1b: Ninetales\n|turn|6\n|\n|t:|1700294046\n|move|p2a: Tornadus|Sunny Day|p2a: Tornadus\n|-weather|SunnyDay\n|move|p1b: Ninetales|Blizzard|p2a: Tornadus|[spread] p2a,p2b\n|-supereffective|p2a: Tornadus\n|-damage|p2a: Tornadus|36\/100\n|-damage|p2b: Iron Hands|71\/100\n|move|p1a: Flamigo|Brave Bird|p2b: Iron Hands\n|-crit|p2b: Iron Hands\n|-damage|p2b: Iron Hands|0 fnt\n|faint|p2b: Iron Hands\n|-end|p2b: Iron Hands|Quark Drive|[silent]\n|-damage|p1a: Flamigo|67\/100|[from] Recoil\n|\n|-weather|SunnyDay|[upkeep]\n|upkeep\n|\n|t:|1700294050\n|switch|p2b: Flutter Mane|Flutter Mane, L50, tera:Fairy|2\/100\n|-activate|p2b: Flutter Mane|ability: Protosynthesis\n|-start|p2b: Flutter Mane|protosynthesisspa\n|turn|7\n|\n|t:|1700294065\n|move|p1b: Ninetales|Protect|p1b: Ninetales\n|-singleturn|p1b: Ninetales|Protect\n|move|p1a: Flamigo|Protect|p1a: Flamigo\n|-singleturn|p1a: Flamigo|Protect\n|move|p2b: Flutter Mane|Dazzling Gleam|p1a: Flamigo|[spread] \n|-activate|p1a: Flamigo|move: Protect\n|-activate|p1b: Ninetales|move: Protect\n|move|p2a: Tornadus|Bleakwind Storm|p1a: Flamigo|[spread] \n|-activate|p1a: Flamigo|move: Protect\n|-activate|p1b: Ninetales|move: Protect\n|\n|-weather|SunnyDay|[upkeep]\n|-sideend|p2: ggoopie|move: Tailwind\n|upkeep\n|turn|8\n|\n|t:|1700294071\n|move|p1b: Ninetales|Ice Shard|p2b: Flutter Mane\n|-damage|p2b: Flutter Mane|0 fnt\n|faint|p2b: Flutter Mane\n|-end|p2b: Flutter Mane|Protosynthesis|[silent]\n|move|p2a: Tornadus|Tailwind|p2a: Tornadus\n|-sidestart|p2: ggoopie|move: Tailwind\n|move|p1a: Flamigo|Brave Bird|p2a: Tornadus\n|-crit|p2a: Tornadus\n|-damage|p2a: Tornadus|0 fnt\n|faint|p2a: Tornadus\n|-damage|p1a: Flamigo|53\/100|[from] Recoil\n|\n|win|BlindMagneton\n|raw|BlindMagneton's rating: 1325 &rarr; <strong>1344<\/strong><br \/>(+19 for winning)\n|raw|ggoopie's rating: 1304 &rarr; <strong>1285<\/strong><br \/>(-19 for losing)\n|l|\u2606ggoopie\n","uploadtime":1700294084,"views":10,"p1id":"blindmagneton","p2id":"ggoopie","formatid":"gen9vgc2023regulatione","rating":1285,"private":0,"password":""}