{"id":"gen9vgc2023regulatione-1990931013","p1":"cardojtv","p2":"superseriousboi","format":"[Gen 9] VGC 2023 Regulation E","log":"|j|\u2606cardojtv\n|j|\u2606superseriousboi\n|t:|1700016476\n|gametype|doubles\n|player|p1|cardojtv|acetrainersnow|1274\n|player|p2|superseriousboi|1|1343\n|teamsize|p1|6\n|teamsize|p2|6\n|gen|9\n|tier|[Gen 9] VGC 2023 Regulation E\n|rated|\n|rule|Species Clause: Limit one of each Pok\u00e9mon\n|rule|Item Clause: Limit one of each item\n|clearpoke\n|poke|p1|Chien-Pao, L50|\n|poke|p1|Heatran, L50, M|\n|poke|p1|Ursaluna, L50, M|\n|poke|p1|Roaring Moon, L50|\n|poke|p1|Iron Hands, L50|\n|poke|p1|Flutter Mane, L50|\n|poke|p2|Ogerpon-Wellspring, L50, F|\n|poke|p2|Landorus-Therian, L50, M|\n|poke|p2|Heatran, L50, M|\n|poke|p2|Iron Hands, L50|\n|poke|p2|Kingambit, L50, F|\n|poke|p2|Flutter Mane, L50|\n|teampreview|4\nsuperseriousboi has agreed to open team sheets.\n|\n|t:|1700016525\n|start\n|switch|p1a: Ursaluna|Ursaluna, L50, M|100\/100\n|switch|p1b: Chien-Pao|Chien-Pao, L50|100\/100\n|switch|p2a: Heatran|Heatran, L50, M|100\/100\n|switch|p2b: Iron Hands|Iron Hands, L50|100\/100\n|-ability|p1b: Chien-Pao|Sword of Ruin\n|turn|1\n|\n|t:|1700016555\n|switch|p2a: Landorus|Landorus-Therian, L50, M|100\/100\n|-ability|p2a: Landorus|Intimidate|boost\n|-unboost|p1a: Ursaluna|atk|1\n|-unboost|p1b: Chien-Pao|atk|1\n|move|p1b: Chien-Pao|Protect|p1b: Chien-Pao\n|-singleturn|p1b: Chien-Pao|Protect\n|move|p1a: Ursaluna|Protect|p1a: Ursaluna\n|-singleturn|p1a: Ursaluna|Protect\n|move|p2b: Iron Hands|Drain Punch|p1b: Chien-Pao\n|-activate|p1b: Chien-Pao|move: Protect\n|\n|-status|p1a: Ursaluna|brn|[from] item: Flame Orb\n|upkeep\n|turn|2\n|\n|t:|1700016593\n|move|p2a: Landorus|U-turn|p1b: Chien-Pao\n|-supereffective|p1b: Chien-Pao\n|-damage|p1b: Chien-Pao|28\/100\n|\n|t:|1700016599\n|switch|p2a: Flutter Mane|Flutter Mane, L50|100\/100|[from] U-turn\n|move|p1b: Chien-Pao|Icicle Crash|p2a: Flutter Mane\n|-damage|p2a: Flutter Mane|16\/100\n|move|p2b: Iron Hands|Drain Punch|p1b: Chien-Pao\n|-supereffective|p1b: Chien-Pao\n|-damage|p1b: Chien-Pao|0 fnt\n|faint|p1b: Chien-Pao\n|move|p1a: Ursaluna|Headlong Rush|p2b: Iron Hands\n|-supereffective|p2b: Iron Hands\n|-damage|p2b: Iron Hands|26\/100\n|-unboost|p1a: Ursaluna|def|1\n|-unboost|p1a: Ursaluna|spd|1\n|\n|-damage|p1a: Ursaluna|95\/100 brn|[from] brn\n|upkeep\n|\n|t:|1700016617\n|switch|p1b: Iron Hands|Iron Hands, L50|100\/100\n|turn|3\n|\n|t:|1700016632\n|-end|p2b: Iron Hands|Quark Drive|[silent]\n|switch|p2b: Landorus|Landorus-Therian, L50, M|100\/100\n|-ability|p2b: Landorus|Intimidate|boost\n|-unboost|p1a: Ursaluna|atk|1\n|-unboost|p1b: Iron Hands|atk|1\n|switch|p1a: Heatran|Heatran, L50, M|100\/100\n|move|p1b: Iron Hands|Fake Out|p2b: Landorus\n|-damage|p2b: Landorus|89\/100\n|move|p2a: Flutter Mane|Moonblast|p1b: Iron Hands\n|-supereffective|p1b: Iron Hands\n|-damage|p1b: Iron Hands|38\/100\n|\n|upkeep\n|turn|4\n|inactive|Battle timer is ON: inactive players will automatically lose when time's up. (requested by superseriousboi)\n|\n|t:|1700016651\n|-terastallize|p1a: Heatran|Grass\n|move|p2b: Landorus|U-turn|p1a: Heatran\n|-supereffective|p1a: Heatran\n|-damage|p1a: Heatran|54\/100\n|\n|t:|1700016656\n|switch|p2b: Iron Hands|Iron Hands, L50|26\/100|[from] U-turn\n|move|p2a: Flutter Mane|Moonblast|p1b: Iron Hands\n|-supereffective|p1b: Iron Hands\n|-crit|p1b: Iron Hands\n|-damage|p1b: Iron Hands|0 fnt\n|faint|p1b: Iron Hands\n|-end|p1b: Iron Hands|Quark Drive|[silent]\n|move|p1a: Heatran|Heat Wave|p2a: Flutter Mane|[spread] p2a,p2b\n|-damage|p2a: Flutter Mane|0 fnt\n|-damage|p2b: Iron Hands|4\/100\n|faint|p2a: Flutter Mane\n|-end|p2a: Flutter Mane|Protosynthesis|[silent]\n|\n|-heal|p1a: Heatran|60\/100|[from] item: Leftovers\n|upkeep\n|\n|t:|1700016672\n|switch|p2a: Landorus|Landorus-Therian, L50, M|89\/100\n|switch|p1b: Ursaluna|Ursaluna, L50, M|95\/100 brn\n|-ability|p2a: Landorus|Intimidate|boost\n|-unboost|p1a: Heatran|atk|1\n|-unboost|p1b: Ursaluna|atk|1\n|turn|5\n|\n|t:|1700016690\n|move|p1b: Ursaluna|Protect|p1b: Ursaluna\n|-singleturn|p1b: Ursaluna|Protect\n|move|p2a: Landorus|U-turn|p1a: Heatran\n|-supereffective|p1a: Heatran\n|-damage|p1a: Heatran|19\/100\n|\n|t:|1700016695\n|switch|p2a: Heatran|Heatran, L50, M|100\/100|[from] U-turn\n|move|p1a: Heatran|Heat Wave|p2b: Iron Hands|[spread] p2b\n|-start|p2a: Heatran|ability: Flash Fire\n|-damage|p2b: Iron Hands|0 fnt\n|faint|p2b: Iron Hands\n|-end|p2b: Iron Hands|Quark Drive|[silent]\n|\n|-heal|p1a: Heatran|25\/100|[from] item: Leftovers\n|-damage|p1b: Ursaluna|89\/100 brn|[from] brn\n|upkeep\n|\n|t:|1700016705\n|switch|p2b: Landorus|Landorus-Therian, L50, M|89\/100\n|-ability|p2b: Landorus|Intimidate|boost\n|-unboost|p1a: Heatran|atk|1\n|-unboost|p1b: Ursaluna|atk|1\n|turn|6\n|inactive|superseriousboi has 30 seconds left.\n|inactive|superseriousboi has 20 seconds left.\n|inactive|superseriousboi has 15 seconds left.\n|inactive|superseriousboi has 10 seconds left.\n|\n|t:|1700016752\n|-terastallize|p2a: Heatran|Grass\n|move|p1a: Heatran|Protect|p1a: Heatran\n|-singleturn|p1a: Heatran|Protect\n|move|p2b: Landorus|Stomping Tantrum|p1a: Heatran\n|-activate|p1a: Heatran|move: Protect\n|move|p2a: Heatran|Flash Cannon|p1a: Heatran\n|-activate|p1a: Heatran|move: Protect\n|move|p1b: Ursaluna|Earthquake|p2a: Heatran|[spread] p2a\n|-activate|p1a: Heatran|move: Protect\n|-immune|p2b: Landorus\n|-resisted|p2a: Heatran\n|-damage|p2a: Heatran|88\/100\n|\n|-heal|p1a: Heatran|31\/100|[from] item: Leftovers\n|-damage|p1b: Ursaluna|83\/100 brn|[from] brn\n|upkeep\n|turn|7\n|\n|t:|1700016773\n|move|p2b: Landorus|Stomping Tantrum|p1a: Heatran\n|-resisted|p1a: Heatran\n|-damage|p1a: Heatran|14\/100\n|move|p1a: Heatran|Flash Cannon|p2b: Landorus\n|-damage|p2b: Landorus|44\/100\n|move|p2a: Heatran|Flash Cannon|p1a: Heatran\n|-crit|p1a: Heatran\n|-damage|p1a: Heatran|0 fnt\n|faint|p1a: Heatran\n|-damage|p2a: Heatran|78\/100|[from] item: Life Orb\n|move|p1b: Ursaluna|Facade|p2a: Heatran\n|-damage|p2a: Heatran|31\/100\n|\n|-damage|p1b: Ursaluna|77\/100 brn|[from] brn\n|upkeep\n|turn|8\n|\n|t:|1700016795\n|move|p2b: Landorus|Stomping Tantrum|p1b: Ursaluna\n|-damage|p1b: Ursaluna|49\/100 brn\n|move|p2a: Heatran|Flash Cannon|p1b: Ursaluna\n|-damage|p1b: Ursaluna|5\/100 brn\n|-damage|p2a: Heatran|22\/100|[from] item: Life Orb\n|move|p1b: Ursaluna|Facade|p2a: Heatran\n|-damage|p2a: Heatran|0 fnt\n|faint|p2a: Heatran\n|\n|-damage|p1b: Ursaluna|0 fnt|[from] brn\n|faint|p1b: Ursaluna\n|\n|win|superseriousboi\n|upkeep\n|raw|cardojtv's rating: 1274 &rarr; <strong>1254<\/strong><br \/>(-20 for losing)\n|raw|superseriousboi's rating: 1343 &rarr; <strong>1359<\/strong><br \/>(+16 for winning)\n|l|\u2606cardojtv\n","uploadtime":1700016811,"views":16,"p1id":"cardojtv","p2id":"superseriousboi","formatid":"gen9vgc2023regulatione","rating":1254,"private":0,"password":""}