{"id":"gen9vgc2023regulatione-1988031656","p1":"H2obama","p2":"Telefante12","format":"[Gen 9] VGC 2023 Regulation E","log":"|j|\u2606H2obama\n|j|\u2606Telefante12\n|t:|1699661278\n|gametype|doubles\n|player|p1|H2obama|1|1387\n|player|p2|Telefante12|drayden|1496\n|teamsize|p1|6\n|teamsize|p2|6\n|gen|9\n|tier|[Gen 9] VGC 2023 Regulation E\n|rated|\n|rule|Species Clause: Limit one of each Pok\u00e9mon\n|rule|Item Clause: Limit one of each item\n|clearpoke\n|poke|p1|Weezing, L50, F|\n|poke|p1|Roaring Moon, L50|\n|poke|p1|Arcanine-Hisui, L50, F|\n|poke|p1|Cresselia, L50, F|\n|poke|p1|Ogerpon-Wellspring, L50, F|\n|poke|p1|Corviknight, L50, F|\n|poke|p2|Gholdengo, L50|\n|poke|p2|Arcanine-Hisui, L50, M|\n|poke|p2|Farigiraf, L50, M|\n|poke|p2|Ursaluna-Bloodmoon, L50, M|\n|poke|p2|Munkidori, L50, M|\n|poke|p2|Amoonguss, L50, M|\n|teampreview|4\n|\n|t:|1699661321\n|start\n|switch|p1a: Weezing|Weezing, L50, F|100\/100\n|switch|p1b: Roaring Moon|Roaring Moon, L50|100\/100\n|switch|p2a: Farigiraf|Farigiraf, L50, M|100\/100\n|switch|p2b: Munkidori|Munkidori, L50, M|100\/100\n|-ability|p1a: Weezing|Neutralizing Gas\n|-enditem|p1b: Roaring Moon|Booster Energy\n|-activate|p1b: Roaring Moon|ability: Protosynthesis|[fromitem]\n|-start|p1b: Roaring Moon|protosynthesisspe\n|turn|1\n|\n|t:|1699661362\n|move|p2b: Munkidori|Fake Out|p1a: Weezing\n|-damage|p1a: Weezing|95\/100\n|move|p1b: Roaring Moon|Knock Off|p2a: Farigiraf\n|-supereffective|p2a: Farigiraf\n|-damage|p2a: Farigiraf|8\/100\n|-enditem|p2a: Farigiraf|Wiki Berry|[from] move: Knock Off|[of] p1b: Roaring Moon\n|cant|p1a: Weezing|flinch\n|move|p2a: Farigiraf|Trick Room|p2a: Farigiraf\n|-fieldstart|move: Trick Room|[of] p2a: Farigiraf\n|\n|upkeep\n|turn|2\n|\n|t:|1699661388\n|move|p1b: Roaring Moon|Protect|p1b: Roaring Moon\n|-singleturn|p1b: Roaring Moon|Protect\n|move|p2a: Farigiraf|Psychic|p1a: Weezing\n|-supereffective|p1a: Weezing\n|-damage|p1a: Weezing|13\/100\n|-enditem|p1a: Weezing|Sitrus Berry|[eat]\n|-heal|p1a: Weezing|38\/100|[from] item: Sitrus Berry\n|move|p1a: Weezing|Gunk Shot|p2a: Farigiraf|[miss]\n|-miss|p1a: Weezing|p2a: Farigiraf\n|move|p2b: Munkidori|Parting Shot|p1b: Roaring Moon\n|-activate|p1b: Roaring Moon|move: Protect\n|\n|upkeep\n|turn|3\n|\n|t:|1699661418\n|-end|p1a: Weezing|ability: Neutralizing Gas\n|switch|p1a: Cresselia|Cresselia, L50, F|100\/100\n|move|p2a: Farigiraf|Psychic|p1a: Cresselia\n|-resisted|p1a: Cresselia\n|-damage|p1a: Cresselia|89\/100\n|-unboost|p1a: Cresselia|spd|1\n|move|p2b: Munkidori|Parting Shot|p1b: Roaring Moon\n|-unboost|p1b: Roaring Moon|atk|1\n|-unboost|p1b: Roaring Moon|spa|1\n|\n|t:|1699661432\n|switch|p2b: Ursaluna|Ursaluna-Bloodmoon, L50, M|100\/100|[from] Parting Shot\n|move|p1b: Roaring Moon|Breaking Swipe|p2b: Ursaluna|[spread] p2a,p2b\n|-crit|p2b: Ursaluna\n|-damage|p2a: Farigiraf|0 fnt\n|-damage|p2b: Ursaluna|78\/100\n|-unboost|p2b: Ursaluna|atk|1\n|faint|p2a: Farigiraf\n|\n|upkeep\n|\n|t:|1699661445\n|switch|p2a: Munkidori|Munkidori, L50, M|100\/100\n|-item|p1a: Cresselia|Rocky Helmet|[from] ability: Frisk|[of] p2a: Munkidori|[identify]\n|turn|4\n|\n|t:|1699661465\n|-terastallize|p2b: Ursaluna|Normal\n|move|p2a: Munkidori|Fake Out|p1a: Cresselia\n|-damage|p1a: Cresselia|85\/100\n|-damage|p2a: Munkidori|84\/100|[from] item: Rocky Helmet|[of] p1a: Cresselia\n|cant|p1a: Cresselia|flinch\n|move|p2b: Ursaluna|Hyper Voice|p1a: Cresselia|[spread] p1a,p1b\n|-damage|p1a: Cresselia|31\/100\n|-damage|p1b: Roaring Moon|40\/100\n|-damage|p2b: Ursaluna|68\/100|[from] item: Life Orb\n|move|p1b: Roaring Moon|Knock Off|p2b: Ursaluna\n|-damage|p2b: Ursaluna|45\/100\n|-enditem|p2b: Ursaluna|Life Orb|[from] move: Knock Off|[of] p1b: Roaring Moon\n|\n|upkeep\n|turn|5\n|\n|t:|1699661512\n|switch|p1a: Weezing|Weezing, L50, F|38\/100\n|-ability|p1a: Weezing|Neutralizing Gas\n|move|p1b: Roaring Moon|Protect|p1b: Roaring Moon\n|-singleturn|p1b: Roaring Moon|Protect\n|move|p2b: Ursaluna|Hyper Voice|p1b: Roaring Moon|[spread] p1a\n|-activate|p1b: Roaring Moon|move: Protect\n|-damage|p1a: Weezing|0 fnt\n|faint|p1a: Weezing\n|-end|p1a: Weezing|ability: Neutralizing Gas\n|move|p2a: Munkidori|Sludge Bomb|p1b: Roaring Moon\n|-activate|p1b: Roaring Moon|move: Protect\n|\n|-fieldend|move: Trick Room\n|upkeep\n|\n|t:|1699661529\n|switch|p1a: Ogerpon|Ogerpon-Wellspring, L50, F|100\/100\n|turn|6\n|\n|t:|1699661549\n|switch|p2a: Arcanine|Arcanine-Hisui, L50, M|100\/100\n|-ability|p2a: Arcanine|Intimidate|boost\n|-unboost|p1a: Ogerpon|atk|1\n|-unboost|p1b: Roaring Moon|atk|1\n|-terastallize|p1a: Ogerpon|Water\n|detailschange|p1a: Ogerpon|Ogerpon-Wellspring-Tera, L50, F, tera:Water\n|-ability|p1a: Ogerpon|Embody Aspect (Wellspring)|boost\n|-boost|p1a: Ogerpon|spd|1\n|move|p2b: Ursaluna|Protect|p2b: Ursaluna\n|-singleturn|p2b: Ursaluna|Protect\n|move|p1b: Roaring Moon|Knock Off|p2a: Arcanine\n|-damage|p2a: Arcanine|77\/100\n|-enditem|p2a: Arcanine|Choice Band|[from] move: Knock Off|[of] p1b: Roaring Moon\n|move|p1a: Ogerpon|Ivy Cudgel|p2b: Ursaluna\n|-activate|p2b: Ursaluna|move: Protect\n|\n|upkeep\n|turn|7\n|\n|t:|1699661607\n|move|p2a: Arcanine|Extreme Speed|p1b: Roaring Moon\n|-damage|p1b: Roaring Moon|8\/100\n|move|p1b: Roaring Moon|Breaking Swipe|p2b: Ursaluna|[spread] p2a,p2b\n|-damage|p2a: Arcanine|66\/100\n|-damage|p2b: Ursaluna|37\/100\n|-unboost|p2a: Arcanine|atk|1\n|-unboost|p2b: Ursaluna|atk|1\n|move|p1a: Ogerpon|Ivy Cudgel|p2a: Arcanine\n|-supereffective|p2a: Arcanine\n|-damage|p2a: Arcanine|0 fnt\n|faint|p2a: Arcanine\n|move|p2b: Ursaluna|Blood Moon|p1a: Ogerpon\n|-damage|p1a: Ogerpon|27\/100\n|\n|upkeep\n|\n|t:|1699661622\n|switch|p2a: Munkidori|Munkidori, L50, M|84\/100\n|-item|p1a: Ogerpon|Wellspring Mask|[from] ability: Frisk|[of] p2a: Munkidori|[identify]\n|turn|8\n|\n|t:|1699661638\n|move|p1a: Ogerpon|Spiky Shield|p1a: Ogerpon\n|-singleturn|p1a: Ogerpon|move: Protect\n|move|p2a: Munkidori|Fake Out|p1b: Roaring Moon\n|-crit|p1b: Roaring Moon\n|-damage|p1b: Roaring Moon|0 fnt\n|faint|p1b: Roaring Moon\n|-end|p1b: Roaring Moon|Protosynthesis|[silent]\n|move|p2b: Ursaluna|Hyper Voice|p1a: Ogerpon\n|-activate|p1a: Ogerpon|move: Protect\n|\n|upkeep\n|\n|t:|1699661643\n|switch|p1b: Cresselia|Cresselia, L50, F|31\/100\n|turn|9\n|\n|t:|1699661681\n|move|p2a: Munkidori|Sludge Bomb|p1a: Ogerpon\n|-damage|p1a: Ogerpon|0 fnt\n|faint|p1a: Ogerpon\n|move|p1b: Cresselia|Lunar Blessing|p1b: Cresselia\n|-heal|p1b: Cresselia|56\/100\n|move|p2b: Ursaluna|Hyper Voice|p1b: Cresselia\n|-damage|p1b: Cresselia|18\/100\n|\n|upkeep\n|turn|10\n|\n|t:|1699661695\n|move|p2a: Munkidori|Sludge Bomb|p1b: Cresselia\n|-damage|p1b: Cresselia|0 fnt\n|faint|p1b: Cresselia\n|\n|win|Telefante12\n|raw|H2obama's rating: 1387 &rarr; <strong>1373<\/strong><br \/>(-14 for losing)\n|raw|Telefante12's rating: 1496 &rarr; <strong>1510<\/strong><br \/>(+14 for winning)\n|l|\u2606H2obama\n","uploadtime":1699661713,"views":24,"p1id":"h2obama","p2id":"telefante12","formatid":"gen9vgc2023regulatione","rating":1373,"private":0,"password":""}