{"id":"gen9vgc2023regulatione-2000407818","p1":"FloridaParkingLot","p2":"AStukov","format":"[Gen 9] VGC 2023 Regulation E","log":"|j|\u2606FloridaParkingLot\n|j|\u2606AStukov\n|t:|1701192268\n|gametype|doubles\n|player|p1|FloridaParkingLot|265|1388\n|player|p2|AStukov|volkner|1316\n|teamsize|p1|6\n|teamsize|p2|6\n|gen|9\n|tier|[Gen 9] VGC 2023 Regulation E\n|rated|\n|rule|Species Clause: Limit one of each Pok\u00e9mon\n|rule|Item Clause: Limit one of each item\n|clearpoke\n|poke|p1|Iron Hands, L50|\n|poke|p1|Flutter Mane, L50|\n|poke|p1|Chi-Yu, L50|\n|poke|p1|Tornadus, L50, M|\n|poke|p1|Landorus-Therian, L50, M|\n|poke|p1|Urshifu-*, L50, M|\n|poke|p2|Kommo-o, L50, M|\n|poke|p2|Arcanine-Hisui, L50, M|\n|poke|p2|Tyranitar, L50, M|\n|poke|p2|Cresselia, L50, F|\n|poke|p2|Rillaboom, L50, F|\n|poke|p2|Flutter Mane, L50|\n|teampreview|4\n|\n|t:|1701192290\n|start\n|switch|p1a: Iron Hands|Iron Hands, L50|100\/100\n|switch|p1b: Chi-Yu|Chi-Yu, L50|100\/100\n|switch|p2a: Kommo-o|Kommo-o, L50, M|100\/100\n|switch|p2b: Arcanine|Arcanine-Hisui, L50, M|100\/100\n|-ability|p1b: Chi-Yu|Beads of Ruin\n|-ability|p2b: Arcanine|Intimidate|boost\n|-unboost|p1a: Iron Hands|atk|1\n|-unboost|p1b: Chi-Yu|atk|1\n|turn|1\n|inactive|Battle timer is ON: inactive players will automatically lose when time's up. (requested by FloridaParkingLot)\n|\n|t:|1701192344\n|move|p1a: Iron Hands|Fake Out|p2b: Arcanine\n|-resisted|p2b: Arcanine\n|-damage|p2b: Arcanine|96\/100\n|move|p1b: Chi-Yu|Dark Pulse|p2b: Arcanine\n|-damage|p2b: Arcanine|18\/100\n|-enditem|p2b: Arcanine|Sitrus Berry|[eat]\n|-heal|p2b: Arcanine|43\/100|[from] item: Sitrus Berry\n|-damage|p1b: Chi-Yu|90\/100|[from] item: Life Orb\n|cant|p2b: Arcanine|flinch\n|move|p2a: Kommo-o|Iron Defense|p2a: Kommo-o\n|-boost|p2a: Kommo-o|def|2\n|\n|upkeep\n|turn|2\n|\n|t:|1701192363\n|switch|p1b: Flutter Mane|Flutter Mane, L50|100\/100\n|move|p2b: Arcanine|Protect|p2b: Arcanine\n|-singleturn|p2b: Arcanine|Protect\n|move|p2a: Kommo-o|Iron Defense|p2a: Kommo-o\n|-boost|p2a: Kommo-o|def|2\n|move|p1a: Iron Hands|Drain Punch|p2b: Arcanine\n|-activate|p2b: Arcanine|move: Protect\n|\n|upkeep\n|turn|3\n|\n|t:|1701192378\n|-terastallize|p2a: Kommo-o|Steel\n|move|p1b: Flutter Mane|Shadow Ball|p2b: Arcanine\n|-damage|p2b: Arcanine|0 fnt\n|faint|p2b: Arcanine\n|move|p2a: Kommo-o|Iron Head|p1b: Flutter Mane\n|-supereffective|p1b: Flutter Mane\n|-enditem|p1b: Flutter Mane|Focus Sash\n|-damage|p1b: Flutter Mane|1\/100\n|move|p1a: Iron Hands|Drain Punch|p2a: Kommo-o\n|-supereffective|p2a: Kommo-o\n|-damage|p2a: Kommo-o|87\/100\n|\n|-heal|p2a: Kommo-o|93\/100|[from] item: Leftovers\n|upkeep\n|\n|t:|1701192391\n|switch|p2b: Rillaboom|Rillaboom, L50, F|100\/100\n|-fieldstart|move: Grassy Terrain|[from] ability: Grassy Surge|[of] p2b: Rillaboom\n|turn|4\n|\n|t:|1701192397\n|move|p1b: Flutter Mane|Protect|p1b: Flutter Mane\n|-singleturn|p1b: Flutter Mane|Protect\n|move|p2b: Rillaboom|Grassy Glide|p1b: Flutter Mane\n|-activate|p1b: Flutter Mane|move: Protect\n|move|p2a: Kommo-o|Body Press|p1a: Iron Hands\n|-damage|p1a: Iron Hands|22\/100\n|move|p1a: Iron Hands|Drain Punch|p2b: Rillaboom\n|-damage|p2b: Rillaboom|75\/100\n|-heal|p1a: Iron Hands|32\/100|[from] drain|[of] p2b: Rillaboom\n|\n|-heal|p1b: Flutter Mane|7\/100|[from] Grassy Terrain\n|-heal|p2b: Rillaboom|81\/100|[from] Grassy Terrain\n|-heal|p2a: Kommo-o|99\/100|[from] Grassy Terrain\n|-heal|p2a: Kommo-o|100\/100|[from] item: Leftovers\n|-heal|p1a: Iron Hands|38\/100|[from] Grassy Terrain\n|upkeep\n|turn|5\n|\n|t:|1701192413\n|move|p2b: Rillaboom|Grassy Glide|p1b: Flutter Mane\n|-damage|p1b: Flutter Mane|0 fnt\n|faint|p1b: Flutter Mane\n|-end|p1b: Flutter Mane|Protosynthesis|[silent]\n|move|p2a: Kommo-o|Body Press|p1a: Iron Hands\n|-damage|p1a: Iron Hands|0 fnt\n|faint|p1a: Iron Hands\n|-end|p1a: Iron Hands|Quark Drive|[silent]\n|\n|-heal|p2b: Rillaboom|87\/100|[from] Grassy Terrain\n|upkeep\n|\n|t:|1701192419\n|switch|p1b: Urshifu|Urshifu, L50, M|100\/100\n|switch|p1a: Chi-Yu|Chi-Yu, L50|90\/100\n|-ability|p1a: Chi-Yu|Beads of Ruin\n|turn|6\n|\n|t:|1701192433\n|move|p1a: Chi-Yu|Protect|p1a: Chi-Yu\n|-singleturn|p1a: Chi-Yu|Protect\n|move|p2b: Rillaboom|Grassy Glide|p2a: Kommo-o\n|-resisted|p2a: Kommo-o\n|-damage|p2a: Kommo-o|95\/100\n|move|p1b: Urshifu|Wicked Blow|p2b: Rillaboom\n|-crit|p2b: Rillaboom\n|-damage|p2b: Rillaboom|17\/100\n|move|p2a: Kommo-o|Body Press|p1a: Chi-Yu\n|-activate|p1a: Chi-Yu|move: Protect\n|\n|-heal|p1a: Chi-Yu|97\/100|[from] Grassy Terrain\n|-heal|p2b: Rillaboom|23\/100|[from] Grassy Terrain\n|-heal|p2a: Kommo-o|100\/100|[from] Grassy Terrain\n|upkeep\n|turn|7\n|\n|t:|1701192451\n|-terastallize|p1a: Chi-Yu|Ghost\n|move|p2b: Rillaboom|Grassy Glide|p1b: Urshifu\n|-damage|p1b: Urshifu|57\/100\n|move|p1a: Chi-Yu|Heat Wave|p2b: Rillaboom|[spread] p2a,p2b\n|-supereffective|p2a: Kommo-o\n|-supereffective|p2b: Rillaboom\n|-damage|p2a: Kommo-o|0 fnt\n|-damage|p2b: Rillaboom|0 fnt\n|faint|p2a: Kommo-o\n|faint|p2b: Rillaboom\n|-damage|p1a: Chi-Yu|87\/100|[from] item: Life Orb\n|move|p1b: Urshifu|Wicked Blow|p2: Kommo-o|[notarget]\n|-fail|p1b: Urshifu\n|\n|-heal|p1a: Chi-Yu|93\/100|[from] Grassy Terrain\n|-heal|p1b: Urshifu|63\/100|[from] Grassy Terrain\n|upkeep\n|\n|t:|1701192459\n|switch|p2a: Flutter Mane|Flutter Mane, L50|100\/100\n|turn|8\n|\n|t:|1701192471\n|move|p1b: Urshifu|Sucker Punch|p2a: Flutter Mane\n|-damage|p2a: Flutter Mane|6\/100\n|move|p2a: Flutter Mane|Dazzling Gleam|p1b: Urshifu|[spread] p1a,p1b\n|-supereffective|p1b: Urshifu\n|-damage|p1a: Chi-Yu|41\/100\n|-damage|p1b: Urshifu|0 fnt\n|faint|p1b: Urshifu\n|move|p1a: Chi-Yu|Dark Pulse|p2a: Flutter Mane\n|-damage|p2a: Flutter Mane|0 fnt\n|faint|p2a: Flutter Mane\n|-end|p2a: Flutter Mane|Protosynthesis|[silent]\n|-damage|p1a: Chi-Yu|31\/100|[from] item: Life Orb\n|\n|win|FloridaParkingLot\n|raw|FloridaParkingLot's rating: 1388 &rarr; <strong>1404<\/strong><br \/>(+16 for winning)\n|raw|AStukov's rating: 1316 &rarr; <strong>1300<\/strong><br \/>(-16 for losing)\n|l|\u2606AStukov\n","uploadtime":1701192481,"views":5,"p1id":"floridaparkinglot","p2id":"astukov","formatid":"gen9vgc2023regulatione","rating":1300,"private":0,"password":""}