{"id":"gen9vgc2023regulatione-1992690284","p1":"CrabbyTwins","p2":"20071006w","format":"[Gen 9] VGC 2023 Regulation E","log":"|j|\u2606CrabbyTwins\n|j|\u260620071006w\n|t:|1700225634\n|gametype|doubles\n|player|p1|CrabbyTwins|doubleteam|1324\n|player|p2|20071006w|266|1346\n|teamsize|p1|6\n|teamsize|p2|6\n|gen|9\n|tier|[Gen 9] VGC 2023 Regulation E\n|rated|\n|rule|Species Clause: Limit one of each Pok\u00e9mon\n|rule|Item Clause: Limit one of each item\n|clearpoke\n|poke|p1|Iron Hands, L50|\n|poke|p1|Zoroark-Hisui, L50, M|\n|poke|p1|Roaring Moon, L50|\n|poke|p1|Weezing-Galar, L50, M|\n|poke|p1|Articuno-Galar, L50|\n|poke|p1|Landorus-Therian, L50, M|\n|poke|p2|Rillaboom, L50, F|\n|poke|p2|Ogerpon-Hearthflame, L50, F|\n|poke|p2|Ting-Lu, L50|\n|poke|p2|Iron Hands, L50|\n|poke|p2|Grimmsnarl, L50, M|\n|poke|p2|Landorus-Therian, L50, M|\n|teampreview|4\n|\n|t:|1700225696\n|start\n|switch|p1a: Landorus|Landorus-Therian, L50, M|100\/100\n|switch|p1b: Weezing|Weezing-Galar, L50, M|100\/100\n|switch|p2a: Grimmsnarl|Grimmsnarl, L50, M|100\/100\n|switch|p2b: Ogerpon|Ogerpon-Hearthflame, L50, F|100\/100\n|-ability|p1b: Weezing|Neutralizing Gas\n|turn|1\n|\n|t:|1700225735\n|switch|p2b: Ting-Lu|Ting-Lu, L50|100\/100\n|move|p1a: Landorus|Rock Slide|p2a: Grimmsnarl|[spread] p2a,p2b\n|-resisted|p2b: Ting-Lu\n|-damage|p2a: Grimmsnarl|76\/100\n|-damage|p2b: Ting-Lu|94\/100\n|move|p2a: Grimmsnarl|Reflect|p2a: Grimmsnarl\n|-sidestart|p2: 20071006w|Reflect\n|move|p1b: Weezing|Taunt|p2a: Grimmsnarl\n|-start|p2a: Grimmsnarl|move: Taunt\n|\n|-heal|p2b: Ting-Lu|100\/100|[from] item: Leftovers\n|upkeep\n|turn|2\n|\n|t:|1700225764\n|-end|p1b: Weezing|ability: Neutralizing Gas\n|-ability|p1a: Landorus|Intimidate|boost\n|-unboost|p2a: Grimmsnarl|atk|1\n|-unboost|p2b: Ting-Lu|atk|1\n|-ability|p2b: Ting-Lu|Vessel of Ruin\n|switch|p1b: Articuno|Articuno-Galar, L50|100\/100\n|move|p1a: Landorus|Rock Slide|p2b: Ting-Lu|[spread] p2a,p2b\n|-resisted|p2b: Ting-Lu\n|-damage|p2a: Grimmsnarl|58\/100\n|-damage|p2b: Ting-Lu|97\/100\n|move|p2a: Grimmsnarl|Spirit Break|p1b: Articuno\n|-damage|p1b: Articuno|78\/100\n|move|p2b: Ting-Lu|Fissure|p1b: Articuno\n|-immune|p1b: Articuno\n|\n|-heal|p2b: Ting-Lu|100\/100|[from] item: Leftovers\n|upkeep\n|turn|3\n|\n|t:|1700225804\n|switch|p1a: Weezing|Weezing-Galar, L50, M|100\/100\n|-ability|p1a: Weezing|Neutralizing Gas\n|switch|p2a: Rillaboom|Rillaboom, L50, F|100\/100\n|move|p2b: Ting-Lu|Protect|p2b: Ting-Lu\n|-singleturn|p2b: Ting-Lu|Protect\n|move|p1b: Articuno|Air Slash|p2a: Rillaboom|[miss]\n|-miss|p1b: Articuno|p2a: Rillaboom\n|\n|upkeep\n|turn|4\n|c|\u2606CrabbyTwins|aw man\n|\n|t:|1700225826\n|move|p2a: Rillaboom|Fake Out|p1b: Articuno\n|-damage|p1b: Articuno|64\/100\n|move|p1b: Articuno|Air Slash|p2a: Rillaboom\n|-supereffective|p2a: Rillaboom\n|-damage|p2a: Rillaboom|44\/100\n|move|p1a: Weezing|Strange Steam|p2b: Ting-Lu\n|-supereffective|p2b: Ting-Lu\n|-damage|p2b: Ting-Lu|70\/100\n|move|p2b: Ting-Lu|Fissure|p1a: Weezing|[miss]\n|-miss|p2b: Ting-Lu|p1a: Weezing\n|\n|-heal|p2b: Ting-Lu|76\/100|[from] item: Leftovers\n|upkeep\n|turn|5\n|\n|t:|1700225851\n|switch|p2a: Grimmsnarl|Grimmsnarl, L50, M|58\/100\n|move|p1b: Articuno|Air Slash|p2a: Grimmsnarl\n|-crit|p2a: Grimmsnarl\n|-damage|p2a: Grimmsnarl|9\/100\n|move|p1a: Weezing|Strange Steam|p2b: Ting-Lu\n|-supereffective|p2b: Ting-Lu\n|-damage|p2b: Ting-Lu|45\/100\n|-start|p2b: Ting-Lu|confusion\n|-activate|p2b: Ting-Lu|confusion\n|move|p2b: Ting-Lu|Stomping Tantrum|p1a: Weezing\n|-supereffective|p1a: Weezing\n|-damage|p1a: Weezing|52\/100\n|-damage|p2b: Ting-Lu|29\/100|[from] item: Rocky Helmet|[of] p1a: Weezing\n|\n|-heal|p2b: Ting-Lu|35\/100|[from] item: Leftovers\n|upkeep\n|turn|6\n|\n|t:|1700225874\n|switch|p2b: Rillaboom|Rillaboom, L50, F|44\/100\n|move|p1b: Articuno|Air Slash|p2a: Grimmsnarl\n|-damage|p2a: Grimmsnarl|0 fnt\n|faint|p2a: Grimmsnarl\n|move|p1a: Weezing|Strange Steam|p2b: Rillaboom\n|-damage|p2b: Rillaboom|22\/100\n|\n|upkeep\n|\n|t:|1700225886\n|switch|p2a: Ogerpon|Ogerpon-Hearthflame, L50, F|100\/100\n|turn|7\n|\n|t:|1700225902\n|-end|p1a: Weezing|ability: Neutralizing Gas\n|-ability|p2a: Ogerpon|Mold Breaker\n|-fieldstart|move: Grassy Terrain|[from] ability: Grassy Surge|[of] p2b: Rillaboom\n|switch|p1a: Landorus|Landorus-Therian, L50, M|100\/100\n|-ability|p1a: Landorus|Intimidate|boost\n|-unboost|p2a: Ogerpon|atk|1\n|-unboost|p2b: Rillaboom|atk|1\n|-terastallize|p2a: Ogerpon|Fire\n|detailschange|p2a: Ogerpon|Ogerpon-Hearthflame-Tera, L50, F, tera:Fire\n|-ability|p2a: Ogerpon|Embody Aspect (Hearthflame)|boost\n|-boost|p2a: Ogerpon|atk|1\n|move|p2b: Rillaboom|Fake Out|p1b: Articuno\n|-damage|p1b: Articuno|56\/100\n|move|p2a: Ogerpon|Ivy Cudgel|p1a: Landorus|[anim] Ivy Cudgel Fire\n|-damage|p1a: Landorus|3\/100\n|move|p1b: Articuno|Air Slash|p2b: Rillaboom\n|-supereffective|p2b: Rillaboom\n|-damage|p2b: Rillaboom|0 fnt\n|faint|p2b: Rillaboom\n|\n|upkeep\n|\n|t:|1700225921\n|switch|p2b: Ting-Lu|Ting-Lu, L50|35\/100\n|-ability|p2b: Ting-Lu|Vessel of Ruin\n|turn|8\n|\n|t:|1700225971\n|-terastallize|p1a: Landorus|Ground\n|move|p1a: Landorus|Stomping Tantrum|p2a: Ogerpon\n|-supereffective|p2a: Ogerpon\n|-damage|p2a: Ogerpon|21\/100\n|move|p2a: Ogerpon|Ivy Cudgel|p1a: Landorus|[anim] Ivy Cudgel Fire\n|-damage|p1a: Landorus|0 fnt\n|faint|p1a: Landorus\n|move|p1b: Articuno|Air Slash|p2a: Ogerpon\n|-damage|p2a: Ogerpon|0 fnt\n|faint|p2a: Ogerpon\n|move|p2b: Ting-Lu|Fissure|p1b: Articuno\n|-immune|p1b: Articuno\n|\n|-heal|p2b: Ting-Lu|41\/100|[from] Grassy Terrain\n|-heal|p2b: Ting-Lu|47\/100|[from] item: Leftovers\n|-sideend|p2: 20071006w|Reflect\n|upkeep\n|-message|20071006w forfeited.\n|\n|win|CrabbyTwins\n|raw|CrabbyTwins's rating: 1324 &rarr; <strong>1345<\/strong><br \/>(+21 for winning)\n|raw|20071006w's rating: 1346 &rarr; <strong>1325<\/strong><br \/>(-21 for losing)\n|l|\u260620071006w\n|c|\u2606CrabbyTwins|gg\n","uploadtime":1700225992,"views":20,"p1id":"crabbytwins","p2id":"20071006w","formatid":"gen9vgc2023regulatione","rating":1325,"private":0,"password":""}