{"id":"gen9vgc2023regulatione-1990545220","p1":"Christmasrieth12","p2":"Kzjrzhzk","format":"[Gen 9] VGC 2023 Regulation E","log":"|j|\u2606Christmasrieth12\n|j|\u2606Kzjrzhzk\n|t:|1699980259\n|gametype|doubles\n|player|p1|Christmasrieth12|crasherwake|1054\n|player|p2|Kzjrzhzk|lance|1026\n|teamsize|p1|6\n|teamsize|p2|6\n|gen|9\n|tier|[Gen 9] VGC 2023 Regulation E\n|rated|\n|rule|Species Clause: Limit one of each Pok\u00e9mon\n|rule|Item Clause: Limit one of each item\n|clearpoke\n|poke|p1|Ogerpon-Cornerstone, L50, F|\n|poke|p1|Kingambit, L50, F|\n|poke|p1|Grimmsnarl, L50, M|\n|poke|p1|Oranguru, L50, F|\n|poke|p1|Arcanine-Hisui, L50, F|\n|poke|p1|Clefairy, L50, F|\n|poke|p2|Flutter Mane, L50|\n|poke|p2|Tornadus, L50, M|\n|poke|p2|Rillaboom, L50, F|\n|poke|p2|Garganacl, L50, F|\n|poke|p2|Arcanine-Hisui, L50, M|\n|poke|p2|Chien-Pao, L50|\n|teampreview|4\n|inactive|Battle timer is ON: inactive players will automatically lose when time's up. (requested by Christmasrieth12)\n|\n|t:|1699980276\n|start\n|switch|p1a: Clefairy|Clefairy, L50, F|100\/100\n|switch|p1b: Ogerpon|Ogerpon-Cornerstone, L50, F|100\/100\n|switch|p2a: Tornadus|Tornadus, L50, M|100\/100\n|switch|p2b: Garganacl|Garganacl, L50, F|100\/100\n|turn|1\n|\n|t:|1699980287\n|move|p2a: Tornadus|Taunt|p1a: Clefairy\n|-start|p1a: Clefairy|move: Taunt\n|move|p1b: Ogerpon|Ivy Cudgel|p2a: Tornadus|[anim] Ivy Cudgel Rock\n|-supereffective|p2a: Tornadus\n|-damage|p2a: Tornadus|0 fnt\n|faint|p2a: Tornadus\n|cant|p1a: Clefairy|move: Taunt|Life Dew\n|move|p2b: Garganacl|Iron Defense|p2b: Garganacl\n|-boost|p2b: Garganacl|def|2\n|\n|upkeep\n|\n|t:|1699980294\n|switch|p2a: Rillaboom|Rillaboom, L50, F|100\/100\n|-fieldstart|move: Grassy Terrain|[from] ability: Grassy Surge|[of] p2a: Rillaboom\n|turn|2\n|\n|t:|1699980302\n|move|p1b: Ogerpon|Knock Off|p2b: Garganacl\n|-damage|p2b: Garganacl|87\/100\n|-enditem|p2b: Garganacl|Sitrus Berry|[from] move: Knock Off|[of] p1b: Ogerpon\n|move|p2a: Rillaboom|Wood Hammer|p1b: Ogerpon\n|-damage|p1b: Ogerpon|14\/100\n|-damage|p2a: Rillaboom|77\/100|[from] Recoil\n|move|p1a: Clefairy|Moonblast|p2a: Rillaboom\n|-damage|p2a: Rillaboom|61\/100\n|-unboost|p2a: Rillaboom|spa|1\n|move|p2b: Garganacl|Salt Cure|p1b: Ogerpon\n|-damage|p1b: Ogerpon|1\/100\n|-start|p1b: Ogerpon|Salt Cure\n|\n|-heal|p1b: Ogerpon|7\/100|[from] Grassy Terrain\n|-heal|p2a: Rillaboom|67\/100|[from] Grassy Terrain\n|-heal|p2b: Garganacl|93\/100|[from] Grassy Terrain\n|-damage|p1b: Ogerpon|0 fnt|[from] Salt Cure\n|faint|p1b: Ogerpon\n|upkeep\n|\n|t:|1699980314\n|switch|p1b: Kingambit|Kingambit, L50, F|100\/100\n|turn|3\n|\n|t:|1699980324\n|-terastallize|p1b: Kingambit|Fairy\n|-terastallize|p2b: Garganacl|Ghost\n|move|p2a: Rillaboom|Wood Hammer|p1b: Kingambit\n|-damage|p1b: Kingambit|54\/100\n|-damage|p2a: Rillaboom|51\/100|[from] Recoil\n|move|p1b: Kingambit|Iron Head|p2b: Garganacl\n|-damage|p2b: Garganacl|76\/100\n|move|p2b: Garganacl|Salt Cure|p1b: Kingambit\n|-damage|p1b: Kingambit|45\/100\n|-start|p1b: Kingambit|Salt Cure\n|move|p1a: Clefairy|Moonblast|p2a: Rillaboom\n|-damage|p2a: Rillaboom|32\/100\n|-unboost|p2a: Rillaboom|spa|1\n|\n|-heal|p2a: Rillaboom|38\/100|[from] Grassy Terrain\n|-heal|p1b: Kingambit|51\/100|[from] Grassy Terrain\n|-heal|p2b: Garganacl|82\/100|[from] Grassy Terrain\n|-damage|p1b: Kingambit|39\/100|[from] Salt Cure\n|-end|p1a: Clefairy|move: Taunt\n|upkeep\n|turn|4\n|\n|t:|1699980340\n|move|p1b: Kingambit|Protect|p1b: Kingambit\n|-singleturn|p1b: Kingambit|Protect\n|move|p2a: Rillaboom|Wood Hammer|p1a: Clefairy\n|-damage|p1a: Clefairy|27\/100\n|-damage|p2a: Rillaboom|18\/100|[from] Recoil\n|move|p2b: Garganacl|Iron Defense|p2b: Garganacl\n|-boost|p2b: Garganacl|def|2\n|move|p1a: Clefairy|Life Dew|p1a: Clefairy|[spread] p1a,p1b\n|-heal|p1a: Clefairy|52\/100\n|-heal|p1b: Kingambit|64\/100\n|\n|-heal|p2a: Rillaboom|24\/100|[from] Grassy Terrain\n|-heal|p1b: Kingambit|70\/100|[from] Grassy Terrain\n|-heal|p1a: Clefairy|58\/100|[from] Grassy Terrain\n|-heal|p2b: Garganacl|88\/100|[from] Grassy Terrain\n|-damage|p1b: Kingambit|58\/100|[from] Salt Cure\n|upkeep\n|turn|5\n|\n|t:|1699980354\n|move|p1a: Clefairy|Follow Me|p1a: Clefairy\n|-singleturn|p1a: Clefairy|move: Follow Me\n|move|p2a: Rillaboom|Wood Hammer|p1a: Clefairy\n|-damage|p1a: Clefairy|0 fnt\n|faint|p1a: Clefairy\n|-damage|p2a: Rillaboom|9\/100|[from] Recoil\n|move|p1b: Kingambit|Iron Head|p2a: Rillaboom\n|-damage|p2a: Rillaboom|0 fnt\n|faint|p2a: Rillaboom\n|move|p2b: Garganacl|Iron Defense|p2b: Garganacl\n|-boost|p2b: Garganacl|def|2\n|\n|-heal|p1b: Kingambit|63\/100|[from] Grassy Terrain\n|-heal|p2b: Garganacl|94\/100|[from] Grassy Terrain\n|-damage|p1b: Kingambit|51\/100|[from] Salt Cure\n|upkeep\n|\n|t:|1699980358\n|switch|p2a: Flutter Mane|Flutter Mane, L50|100\/100\n|switch|p1a: Arcanine|Arcanine-Hisui, L50, F|100\/100\n|-ability|p1a: Arcanine|Intimidate|boost\n|-unboost|p2a: Flutter Mane|atk|1\n|-unboost|p2b: Garganacl|atk|1\n|-enditem|p2a: Flutter Mane|Booster Energy\n|-activate|p2a: Flutter Mane|ability: Protosynthesis|[fromitem]\n|-start|p2a: Flutter Mane|protosynthesisspe\n|turn|6\n|\n|t:|1699980366\n|move|p2a: Flutter Mane|Protect|p2a: Flutter Mane\n|-singleturn|p2a: Flutter Mane|Protect\n|move|p1b: Kingambit|Protect|p1b: Kingambit\n|-singleturn|p1b: Kingambit|Protect\n|move|p1a: Arcanine|Rock Slide|p2a: Flutter Mane|[spread] p2b\n|-activate|p2a: Flutter Mane|move: Protect\n|-damage|p2b: Garganacl|89\/100\n|cant|p2b: Garganacl|flinch\n|\n|-heal|p1b: Kingambit|57\/100|[from] Grassy Terrain\n|-heal|p2b: Garganacl|95\/100|[from] Grassy Terrain\n|-damage|p1b: Kingambit|45\/100|[from] Salt Cure\n|-fieldend|move: Grassy Terrain\n|upkeep\n|turn|7\n|\n|t:|1699980375\n|move|p1b: Kingambit|Sucker Punch||[still]\n|-fail|p1b: Kingambit\n|move|p2a: Flutter Mane|Substitute|p2a: Flutter Mane\n|-start|p2a: Flutter Mane|Substitute\n|-damage|p2a: Flutter Mane|76\/100\n|move|p1a: Arcanine|Rock Slide|p2b: Garganacl|[spread] p2a,p2b\n|-end|p2a: Flutter Mane|Substitute\n|-damage|p2b: Garganacl|91\/100\n|move|p2b: Garganacl|Salt Cure|p1a: Arcanine\n|-supereffective|p1a: Arcanine\n|-damage|p1a: Arcanine|78\/100\n|-start|p1a: Arcanine|Salt Cure\n|\n|-damage|p1a: Arcanine|66\/100|[from] Salt Cure\n|-damage|p1b: Kingambit|33\/100|[from] Salt Cure\n|upkeep\n|turn|8\n|\n|t:|1699980383\n|move|p2a: Flutter Mane|Protect|p2a: Flutter Mane\n|-singleturn|p2a: Flutter Mane|Protect\n|move|p1a: Arcanine|Rock Slide|p2b: Garganacl|[spread] p2b\n|-activate|p2a: Flutter Mane|move: Protect\n|-damage|p2b: Garganacl|87\/100\n|move|p1b: Kingambit|Kowtow Cleave|p2b: Garganacl\n|-supereffective|p2b: Garganacl\n|-damage|p2b: Garganacl|67\/100\n|move|p2b: Garganacl|Salt Cure|p1b: Kingambit\n|-damage|p1b: Kingambit|26\/100\n|\n|-damage|p1a: Arcanine|53\/100|[from] Salt Cure\n|-damage|p1b: Kingambit|14\/100|[from] Salt Cure\n|upkeep\n|turn|9\n|-message|Christmasrieth12 forfeited.\n|\n|win|Kzjrzhzk\n|raw|Christmasrieth12's rating: 1054 &rarr; <strong>1034<\/strong><br \/>(-20 for losing)\n|raw|Kzjrzhzk's rating: 1026 &rarr; <strong>1065<\/strong><br \/>(+39 for winning)\n|l|\u2606Christmasrieth12\n","uploadtime":1699980407,"views":10,"p1id":"christmasrieth12","p2id":"kzjrzhzk","formatid":"gen9vgc2023regulatione","rating":1034,"private":0,"password":""}