{"id":"gen9vgc2023regulatione-1993372598","p1":"R035","p2":"GroundNecton","format":"[Gen 9] VGC 2023 Regulation E","log":"|j|\u2606R035\n|j|\u2606GroundNecton\n|t:|1700307985\n|gametype|doubles\n|player|p1|R035|may-masters2|1088\n|player|p2|GroundNecton|aaron|1210\n|teamsize|p1|6\n|teamsize|p2|6\n|gen|9\n|tier|[Gen 9] VGC 2023 Regulation E\n|rated|\n|rule|Species Clause: Limit one of each Pok\u00e9mon\n|rule|Item Clause: Limit one of each item\n|clearpoke\n|poke|p1|Iron Bundle, L50|\n|poke|p1|Cinderace, L50, M|\n|poke|p1|Landorus-Therian, L50, M|\n|poke|p1|Clefairy, L50, F|\n|poke|p1|Urshifu-*, L50, F|\n|poke|p1|Sinistcha-Masterpiece, L50|\n|poke|p2|Chien-Pao, L50|\n|poke|p2|Urshifu-*, L50, F|\n|poke|p2|Chi-Yu, L50|\n|poke|p2|Flutter Mane, L50|\n|poke|p2|Dragonite, L50, M|\n|poke|p2|Rillaboom, L50, M|\n|teampreview|4\n|inactive|Battle timer is ON: inactive players will automatically lose when time's up. (requested by R035)\n|inactive|GroundNecton has 60 seconds left.\n|inactive|GroundNecton has 30 seconds left.\n|\n|t:|1700308066\n|start\n|switch|p1a: Iron Bundle|Iron Bundle, L50|100\/100\n|switch|p1b: Cinderace|Cinderace, L50, M|100\/100\n|switch|p2a: \ub0a0\uac1c\uce58\ub294\uba38\ub9ac|Flutter Mane, L50|100\/100\n|switch|p2b: \uc704\uc720\uc774|Chi-Yu, L50|100\/100\n|-ability|p2b: \uc704\uc720\uc774|Beads of Ruin\n|-enditem|p1a: Iron Bundle|Booster Energy\n|-activate|p1a: Iron Bundle|ability: Quark Drive|[fromitem]\n|-start|p1a: Iron Bundle|quarkdrivespe\n|-enditem|p2a: \ub0a0\uac1c\uce58\ub294\uba38\ub9ac|Booster Energy\n|-activate|p2a: \ub0a0\uac1c\uce58\ub294\uba38\ub9ac|ability: Protosynthesis|[fromitem]\n|-start|p2a: \ub0a0\uac1c\uce58\ub294\uba38\ub9ac|protosynthesisspe\n|turn|1\n|inactive|R035 has 30 seconds left.\n|inactive|GroundNecton has 30 seconds left.\n|inactive|GroundNecton has 20 seconds left.\n|inactive|GroundNecton has 15 seconds left.\n|inactive|GroundNecton has 10 seconds left.\n|inactive|GroundNecton has 5 seconds left.\n|\n|t:|1700308119\n|move|p1a: Iron Bundle|Icy Wind|p2a: \ub0a0\uac1c\uce58\ub294\uba38\ub9ac|[spread] p2a,p2b\n|-resisted|p2b: \uc704\uc720\uc774\n|-damage|p2a: \ub0a0\uac1c\uce58\ub294\uba38\ub9ac|75\/100\n|-damage|p2b: \uc704\uc720\uc774|89\/100\n|-unboost|p2a: \ub0a0\uac1c\uce58\ub294\uba38\ub9ac|spe|1\n|-unboost|p2b: \uc704\uc720\uc774|spe|1\n|move|p2a: \ub0a0\uac1c\uce58\ub294\uba38\ub9ac|Icy Wind|p1a: Iron Bundle|[spread] p1a,p1b\n|-resisted|p1a: Iron Bundle\n|-resisted|p1b: Cinderace\n|-damage|p1a: Iron Bundle|92\/100\n|-damage|p1b: Cinderace|88\/100\n|-unboost|p1a: Iron Bundle|spe|1\n|-unboost|p1b: Cinderace|spe|1\n|move|p1b: Cinderace|Pyro Ball|p2a: \ub0a0\uac1c\uce58\ub294\uba38\ub9ac\n|-damage|p2a: \ub0a0\uac1c\uce58\ub294\uba38\ub9ac|0 fnt\n|faint|p2a: \ub0a0\uac1c\uce58\ub294\uba38\ub9ac\n|-end|p2a: \ub0a0\uac1c\uce58\ub294\uba38\ub9ac|Protosynthesis|[silent]\n|-damage|p1b: Cinderace|79\/100|[from] item: Life Orb\n|move|p2b: \uc704\uc720\uc774|Snarl|p1b: Cinderace|[spread] p1a,p1b\n|-crit|p1b: Cinderace\n|-damage|p1a: Iron Bundle|0 fnt\n|-damage|p1b: Cinderace|0 fnt\n|faint|p1a: Iron Bundle\n|-end|p1a: Iron Bundle|Quark Drive|[silent]\n|faint|p1b: Cinderace\n|\n|upkeep\n|\n|t:|1700308142\n|switch|p1a: Sinistcha|Sinistcha-Masterpiece, L50|100\/100\n|switch|p2a: \ud30c\uc624\uc820|Chien-Pao, L50|100\/100\n|switch|p1b: Landorus|Landorus-Therian, L50, M|100\/100\n|-ability|p1b: Landorus|Intimidate|boost\n|-unboost|p2a: \ud30c\uc624\uc820|atk|1\n|-unboost|p2b: \uc704\uc720\uc774|atk|1\n|-ability|p2a: \ud30c\uc624\uc820|Sword of Ruin\n|turn|2\n|inactive|GroundNecton has 30 seconds left.\n|\n|t:|1700308168\n|switch|p2a: \uace0\ub9b4\ud0c0|Rillaboom, L50, M|100\/100\n|-fieldstart|move: Grassy Terrain|[from] ability: Grassy Surge|[of] p2a: \uace0\ub9b4\ud0c0\n|-terastallize|p1a: Sinistcha|Water\n|move|p1a: Sinistcha|Rage Powder|p1a: Sinistcha\n|-singleturn|p1a: Sinistcha|move: Rage Powder\n|move|p1b: Landorus|Rock Slide|p2a: \uace0\ub9b4\ud0c0|[spread] p2a,p2b\n|-supereffective|p2b: \uc704\uc720\uc774\n|-damage|p2a: \uace0\ub9b4\ud0c0|80\/100\n|-damage|p2b: \uc704\uc720\uc774|16\/100\n|cant|p2b: \uc704\uc720\uc774|flinch\n|\n|-heal|p2a: \uace0\ub9b4\ud0c0|86\/100|[from] Grassy Terrain\n|-heal|p2b: \uc704\uc720\uc774|22\/100|[from] Grassy Terrain\n|upkeep\n|turn|3\n|\n|t:|1700308191\n|move|p2a: \uace0\ub9b4\ud0c0|Grassy Glide|p1a: Sinistcha\n|-supereffective|p1a: Sinistcha\n|-damage|p1a: Sinistcha|16\/100\n|-damage|p2a: \uace0\ub9b4\ud0c0|69\/100|[from] item: Rocky Helmet|[of] p1a: Sinistcha\n|move|p1b: Landorus|Rock Slide|p2b: \uc704\uc720\uc774|[spread] p2a,p2b\n|-supereffective|p2b: \uc704\uc720\uc774\n|-damage|p2a: \uace0\ub9b4\ud0c0|48\/100\n|-damage|p2b: \uc704\uc720\uc774|0 fnt\n|faint|p2b: \uc704\uc720\uc774\n|move|p1a: Sinistcha|Strength Sap|p2a: \uace0\ub9b4\ud0c0\n|-unboost|p2a: \uace0\ub9b4\ud0c0|atk|1\n|-heal|p1a: Sinistcha|100\/100\n|\n|-heal|p2a: \uace0\ub9b4\ud0c0|54\/100|[from] Grassy Terrain\n|upkeep\n|\n|t:|1700308205\n|switch|p2b: \ud30c\uc624\uc820|Chien-Pao, L50|100\/100\n|-ability|p2b: \ud30c\uc624\uc820|Sword of Ruin\n|turn|4\n|\n|t:|1700308225\n|move|p1b: Landorus|Rock Slide|p2b: \ud30c\uc624\uc820|[spread] p2a\n|-miss|p1b: Landorus|p2b: \ud30c\uc624\uc820\n|-damage|p2a: \uace0\ub9b4\ud0c0|24\/100\n|move|p2b: \ud30c\uc624\uc820|Icicle Crash|p1b: Landorus\n|-supereffective|p1b: Landorus\n|-crit|p1b: Landorus\n|-damage|p1b: Landorus|0 fnt\n|faint|p1b: Landorus\n|cant|p2a: \uace0\ub9b4\ud0c0|flinch\n|move|p1a: Sinistcha|Strength Sap|p2b: \ud30c\uc624\uc820\n|-unboost|p2b: \ud30c\uc624\uc820|atk|1\n|\n|-heal|p2a: \uace0\ub9b4\ud0c0|30\/100|[from] Grassy Terrain\n|upkeep\n|turn|5\n|-message|R035 forfeited.\n|\n|win|GroundNecton\n|raw|R035's rating: 1088 &rarr; <strong>1073<\/strong><br \/>(-15 for losing)\n|raw|GroundNecton's rating: 1210 &rarr; <strong>1227<\/strong><br \/>(+17 for winning)\n|l|\u2606R035\n","uploadtime":1700308243,"views":7,"p1id":"r035","p2id":"groundnecton","formatid":"gen9vgc2023regulatione","rating":1073,"private":0,"password":""}