{"id":"gen9vgc2023regulatione-1990154819","p1":"bobrossthesnail","p2":"klay.yrey","format":"[Gen 9] VGC 2023 Regulation E","log":"|j|\u2606bobrossthesnail\n|j|\u2606klay.yrey\n|t:|1699930591\n|gametype|doubles\n|player|p1|bobrossthesnail|170|1045\n|player|p2|klay.yrey|candice|1041\n|teamsize|p1|6\n|teamsize|p2|6\n|gen|9\n|tier|[Gen 9] VGC 2023 Regulation E\n|rated|\n|rule|Species Clause: Limit one of each Pok\u00e9mon\n|rule|Item Clause: Limit one of each item\n|clearpoke\n|poke|p1|Houndstone, L50, M|\n|poke|p1|Pawmot, L50, M|\n|poke|p1|Tyranitar, L50, F|\n|poke|p1|Amoonguss, L50, M|\n|poke|p1|Chi-Yu, L50|\n|poke|p1|Gholdengo, L50|\n|poke|p2|Flutter Mane, L50|\n|poke|p2|Vikavolt, L50, F|\n|poke|p2|Sneasler, L50, F|\n|poke|p2|Ogerpon-Cornerstone, L50, F|\n|poke|p2|Crawdaunt, L50, M|\n|poke|p2|Dipplin, L50, M|\n|teampreview|4\n|inactive|Battle timer is ON: inactive players will automatically lose when time's up. (requested by bobrossthesnail)\n|\n|t:|1699930617\n|start\n|switch|p1a: Tyranitar|Tyranitar, L50, F|100\/100\n|switch|p1b: Amoonguss|Amoonguss, L50, M|100\/100\n|switch|p2a: Ogerpon|Ogerpon-Cornerstone, L50, F|100\/100\n|switch|p2b: Vikavolt|Vikavolt, L50, F|100\/100\n|-weather|Sandstorm|[from] ability: Sand Stream|[of] p1a: Tyranitar\n|turn|1\n|inactive|bobrossthesnail has 30 seconds left.\n|\n|t:|1699930646\n|move|p2a: Ogerpon|Follow Me|p2a: Ogerpon\n|-singleturn|p2a: Ogerpon|move: Follow Me\n|move|p1b: Amoonguss|Rage Powder|p1b: Amoonguss\n|-singleturn|p1b: Amoonguss|move: Rage Powder\n|move|p1a: Tyranitar|Dragon Dance|p1a: Tyranitar\n|-boost|p1a: Tyranitar|atk|1\n|-boost|p1a: Tyranitar|spe|1\n|move|p2b: Vikavolt|Zap Cannon|p1b: Amoonguss\n|-resisted|p1b: Amoonguss\n|-damage|p1b: Amoonguss|70\/100\n|-status|p1b: Amoonguss|par\n|\n|-weather|Sandstorm|[upkeep]\n|-damage|p2b: Vikavolt|94\/100|[from] Sandstorm\n|-damage|p1b: Amoonguss|64\/100 par|[from] Sandstorm\n|upkeep\n|turn|2\n|inactive|bobrossthesnail has 30 seconds left.\n|\n|t:|1699930675\n|-singleturn|p1a: Tyranitar|move: Focus Punch\n|move|p2a: Ogerpon|Spiky Shield|p2a: Ogerpon\n|-singleturn|p2a: Ogerpon|move: Protect\n|cant|p1b: Amoonguss|par\n|move|p2b: Vikavolt|Bug Buzz|p1a: Tyranitar\n|-supereffective|p1a: Tyranitar\n|-damage|p1a: Tyranitar|17\/100\n|cant|p1a: Tyranitar|Focus Punch|Focus Punch\n|\n|-weather|Sandstorm|[upkeep]\n|-damage|p2b: Vikavolt|88\/100|[from] Sandstorm\n|-damage|p1b: Amoonguss|58\/100 par|[from] Sandstorm\n|upkeep\n|turn|3\n|inactive|bobrossthesnail has 30 seconds left.\n|\n|t:|1699930703\n|move|p1a: Tyranitar|Protect|p1a: Tyranitar\n|-singleturn|p1a: Tyranitar|Protect\n|move|p2a: Ogerpon|Ivy Cudgel|p1b: Amoonguss\n|-damage|p1b: Amoonguss|9\/100 par\n|move|p2b: Vikavolt|Bug Buzz|p1a: Tyranitar\n|-activate|p1a: Tyranitar|move: Protect\n|move|p1b: Amoonguss|Pollen Puff|p1a: Tyranitar\n|-activate|p1a: Tyranitar|move: Protect\n|\n|-weather|Sandstorm|[upkeep]\n|-damage|p2b: Vikavolt|82\/100|[from] Sandstorm\n|-damage|p1b: Amoonguss|3\/100 par|[from] Sandstorm\n|upkeep\n|turn|4\n|c|\u2606klay.yrey|DUM FUCK\n|inactive|bobrossthesnail has 30 seconds left.\n|\n|t:|1699930732\n|-singleturn|p1a: Tyranitar|move: Focus Punch\n|cant|p1b: Amoonguss|par\n|move|p2a: Ogerpon|Ivy Cudgel|p1b: Amoonguss\n|-damage|p1b: Amoonguss|0 fnt\n|faint|p1b: Amoonguss\n|move|p2b: Vikavolt|Bug Buzz|p1a: Tyranitar\n|-supereffective|p1a: Tyranitar\n|-damage|p1a: Tyranitar|0 fnt\n|faint|p1a: Tyranitar\n|\n|-weather|Sandstorm|[upkeep]\n|-damage|p2b: Vikavolt|76\/100|[from] Sandstorm\n|upkeep\n|\n|t:|1699930744\n|switch|p1a: Pawmot|Pawmot, L50, M|100\/100\n|switch|p1b: Houndstone|Houndstone, L50, M|100\/100\n|turn|5\n|inactive|bobrossthesnail has 30 seconds left.\n|\n|t:|1699930771\n|-terastallize|p1b: Houndstone|Ghost\n|-terastallize|p2b: Vikavolt|Ground\n|move|p1b: Houndstone|Last Respects|p2a: Ogerpon\n|-ability|p2a: Ogerpon|Sturdy\n|-damage|p2a: Ogerpon|1\/100\n|move|p2a: Ogerpon|Ivy Cudgel|p1a: Pawmot\n|-resisted|p1a: Pawmot\n|-damage|p1a: Pawmot|59\/100\n|move|p1a: Pawmot|Nuzzle|p2a: Ogerpon\n|-resisted|p2a: Ogerpon\n|-damage|p2a: Ogerpon|0 fnt\n|faint|p2a: Ogerpon\n|move|p2b: Vikavolt|Tera Blast|p1a: Pawmot|[anim] Tera Blast Ground\n|-supereffective|p1a: Pawmot\n|-damage|p1a: Pawmot|0 fnt\n|faint|p1a: Pawmot\n|\n|-weather|Sandstorm|[upkeep]\n|upkeep\n|\n|t:|1699930789\n|switch|p2a: Crawdaunt|Crawdaunt, L50, M|100\/100\n|turn|6\n|\n|t:|1699930796\n|move|p1b: Houndstone|Last Respects|p2b: Vikavolt\n|-damage|p2b: Vikavolt|0 fnt\n|faint|p2b: Vikavolt\n|move|p2a: Crawdaunt|Knock Off|p1b: Houndstone\n|-supereffective|p1b: Houndstone\n|-enditem|p1b: Houndstone|Focus Sash\n|-damage|p1b: Houndstone|1\/100\n|-damage|p2a: Crawdaunt|90\/100|[from] item: Life Orb\n|\n|-weather|Sandstorm|[upkeep]\n|-damage|p2a: Crawdaunt|85\/100|[from] Sandstorm\n|upkeep\n|\n|t:|1699930802\n|switch|p2b: Flutter Mane|Flutter Mane, L50|100\/100\n|turn|7\n|c|\u2606bobrossthesnail|uh oh\n|inactive|bobrossthesnail has 30 seconds left.\n|\n|t:|1699930828\n|move|p1b: Houndstone|Protect|p1b: Houndstone\n|-singleturn|p1b: Houndstone|Protect\n|move|p2a: Crawdaunt|Aqua Jet|p1b: Houndstone\n|-activate|p1b: Houndstone|move: Protect\n|move|p2b: Flutter Mane|Psyshock|p1b: Houndstone\n|-activate|p1b: Houndstone|move: Protect\n|\n|-weather|Sandstorm|[upkeep]\n|-damage|p2b: Flutter Mane|94\/100|[from] Sandstorm\n|-damage|p2a: Crawdaunt|79\/100|[from] Sandstorm\n|upkeep\n|turn|8\n|\n|t:|1699930841\n|move|p2a: Crawdaunt|Aqua Jet|p1b: Houndstone\n|-damage|p1b: Houndstone|0 fnt\n|faint|p1b: Houndstone\n|-damage|p2a: Crawdaunt|69\/100|[from] item: Life Orb\n|\n|win|klay.yrey\n|raw|bobrossthesnail's rating: 1045 &rarr; <strong>1028<\/strong><br \/>(-17 for losing)\n|raw|klay.yrey's rating: 1041 &rarr; <strong>1075<\/strong><br \/>(+34 for winning)\n","uploadtime":1699930719,"views":10,"p1id":"bobrossthesnail","p2id":"klayyrey","formatid":"gen9vgc2023regulatione","rating":1028,"private":0,"password":""}