{"id":"gen9vgc2023regulatione-1989827894","p1":"massx_01","p2":"g10608","format":"[Gen 9] VGC 2023 Regulation E","log":"|j|\u2606massx_01\n|j|\u2606g10608\n|t:|1699899108\n|gametype|doubles\n|player|p1|massx_01|bruno|1045\n|player|p2|g10608|169|1108\n|teamsize|p1|6\n|teamsize|p2|6\n|gen|9\n|tier|[Gen 9] VGC 2023 Regulation E\n|rated|\n|rule|Species Clause: Limit one of each Pok\u00e9mon\n|rule|Item Clause: Limit one of each item\n|clearpoke\n|poke|p1|Urshifu-*, L50, M|\n|poke|p1|Munkidori, L50, M|\n|poke|p1|Sinistcha-Masterpiece, L50|\n|poke|p1|Arcanine-Hisui, L50, M|\n|poke|p1|Gholdengo, L50|\n|poke|p1|Tornadus, L50, M|\n|poke|p2|Milotic, L50, F|\n|poke|p2|Weezing, L50, M|\n|poke|p2|Landorus-Therian, L50, M|\n|poke|p2|Flutter Mane, L50|\n|poke|p2|Iron Hands, L50|\n|poke|p2|Rillaboom, L50, F|\n|teampreview|4\ng10608 has agreed to open team sheets.\n|inactive|Battle timer is ON: inactive players will automatically lose when time's up. (requested by g10608)\n|\n|t:|1699899174\n|start\n|switch|p1a: Munkidori|Munkidori, L50, M|100\/100\n|switch|p1b: Tornadus|Tornadus, L50, M, shiny|100\/100\n|switch|p2a: Iron Hands|Iron Hands, L50|100\/100\n|switch|p2b: Milotic|Milotic, L50, F|100\/100\n|turn|1\n|\n|t:|1699899188\n|move|p1a: Munkidori|Fake Out|p2a: Iron Hands\n|-damage|p2a: Iron Hands|96\/100\n|cant|p2a: Iron Hands|flinch\n|move|p1b: Tornadus|Tailwind|p1b: Tornadus\n|-sidestart|p1: massx_01|move: Tailwind\n|move|p2b: Milotic|Icy Wind|p1b: Tornadus|[spread] p1a,p1b\n|-supereffective|p1b: Tornadus\n|-damage|p1a: Munkidori|89\/100\n|-damage|p1b: Tornadus|73\/100\n|-unboost|p1a: Munkidori|spe|1\n|-unboost|p1b: Tornadus|spe|1\n|\n|upkeep\n|turn|2\n|\n|t:|1699899213\n|move|p1b: Tornadus|Bleakwind Storm|p2a: Iron Hands|[spread] p2a,p2b\n|-damage|p2a: Iron Hands|70\/100\n|-damage|p2b: Milotic|75\/100\n|-unboost|p2a: Iron Hands|spe|1\n|move|p1a: Munkidori|Psychic|p2a: Iron Hands\n|-supereffective|p2a: Iron Hands\n|-damage|p2a: Iron Hands|10\/100\n|move|p2b: Milotic|Icy Wind|p1b: Tornadus|[spread] p1a,p1b\n|-supereffective|p1b: Tornadus\n|-damage|p1a: Munkidori|77\/100\n|-damage|p1b: Tornadus|46\/100\n|-unboost|p1a: Munkidori|spe|1\n|-unboost|p1b: Tornadus|spe|1\n|move|p2a: Iron Hands|Wild Charge|p1b: Tornadus\n|-supereffective|p1b: Tornadus\n|-damage|p1b: Tornadus|0 fnt\n|faint|p1b: Tornadus\n|-damage|p2a: Iron Hands|3\/100|[from] Recoil\n|\n|-heal|p2b: Milotic|81\/100|[from] item: Leftovers\n|upkeep\n|\n|t:|1699899233\n|switch|p1b: Sinistcha|Sinistcha-Masterpiece, L50|100\/100\n|-heal|p1a: Munkidori|100\/100|[from] ability: Hospitality|[of] p1b: Sinistcha\n|turn|3\n|\n|t:|1699899248\n|move|p1b: Sinistcha|Matcha Gotcha|p2b: Milotic|[spread] p2a,p2b\n|-supereffective|p2b: Milotic\n|-damage|p2a: Iron Hands|0 fnt\n|-damage|p2b: Milotic|46\/100\n|faint|p2a: Iron Hands\n|-end|p2a: Iron Hands|Quark Drive|[silent]\n|move|p1a: Munkidori|Parting Shot|p2b: Milotic\n|-unboost|p2b: Milotic|atk|1\n|-ability|p2b: Milotic|Competitive|boost\n|-boost|p2b: Milotic|spa|2\n|-unboost|p2b: Milotic|spa|1\n|-ability|p2b: Milotic|Competitive|boost\n|-boost|p2b: Milotic|spa|2\n|\n|t:|1699899258\n|switch|p1a: Arcanine|Arcanine-Hisui, L50, M, shiny|100\/100|[from] Parting Shot\n|move|p2b: Milotic|Icy Wind|p1a: Arcanine|[spread] p1a,p1b\n|-resisted|p1a: Arcanine\n|-supereffective|p1b: Sinistcha\n|-damage|p1a: Arcanine|85\/100\n|-damage|p1b: Sinistcha|38\/100\n|-unboost|p1a: Arcanine|spe|1\n|-unboost|p1b: Sinistcha|spe|1\n|\n|-heal|p2b: Milotic|51\/100|[from] item: Leftovers\n|upkeep\n|\n|t:|1699899268\n|switch|p2a: Rillaboom|Rillaboom, L50, F|100\/100\n|-fieldstart|move: Grassy Terrain|[from] ability: Grassy Surge|[of] p2a: Rillaboom\n|turn|4\n|\n|t:|1699899277\n|move|p2b: Milotic|Protect|p2b: Milotic\n|-singleturn|p2b: Milotic|Protect\n|move|p2a: Rillaboom|Fake Out|p1a: Arcanine\n|-resisted|p1a: Arcanine\n|-damage|p1a: Arcanine|77\/100\n|cant|p1a: Arcanine|flinch\n|move|p1b: Sinistcha|Matcha Gotcha|p2a: Rillaboom|[spread] p2a\n|-activate|p2b: Milotic|move: Protect\n|-resisted|p2a: Rillaboom\n|-damage|p2a: Rillaboom|83\/100\n|-heal|p1b: Sinistcha|48\/100|[from] drain|[of] p2a: Rillaboom\n|\n|-heal|p1a: Arcanine|83\/100|[from] Grassy Terrain\n|-heal|p1b: Sinistcha|54\/100|[from] Grassy Terrain\n|-heal|p2a: Rillaboom|89\/100|[from] Grassy Terrain\n|-heal|p2b: Milotic|57\/100|[from] Grassy Terrain\n|-heal|p2b: Milotic|63\/100|[from] item: Leftovers\n|-sideend|p1: massx_01|move: Tailwind\n|upkeep\n|turn|5\n|inactive|massx_01 has 30 seconds left.\n|inactive|g10608 has 30 seconds left.\n|inactive|g10608 has 20 seconds left.\n|\n|t:|1699899314\n|-terastallize|p1a: Arcanine|Electric\n|move|p2a: Rillaboom|Wood Hammer|p1a: Arcanine\n|-damage|p1a: Arcanine|0 fnt\n|faint|p1a: Arcanine\n|-damage|p2a: Rillaboom|67\/100|[from] Recoil\n|move|p2b: Milotic|Icy Wind|p1b: Sinistcha\n|-supereffective|p1b: Sinistcha\n|-damage|p1b: Sinistcha|0 fnt\n|faint|p1b: Sinistcha\n|\n|-heal|p2a: Rillaboom|72\/100|[from] Grassy Terrain\n|-heal|p2b: Milotic|69\/100|[from] Grassy Terrain\n|-heal|p2b: Milotic|75\/100|[from] item: Leftovers\n|upkeep\n|inactive|massx_01 has 30 seconds left.\n|\n|t:|1699899343\n|switch|p1a: Munkidori|Munkidori, L50, M|100\/100\n|turn|6\n|\n|t:|1699899357\n|move|p1a: Munkidori|Sludge Bomb|p2b: Milotic\n|-damage|p2b: Milotic|44\/100\n|move|p2a: Rillaboom|High Horsepower|p1a: Munkidori\n|-supereffective|p1a: Munkidori\n|-enditem|p1a: Munkidori|Focus Sash\n|-damage|p1a: Munkidori|1\/100\n|move|p2b: Milotic|Scald|p1a: Munkidori\n|-crit|p1a: Munkidori\n|-damage|p1a: Munkidori|0 fnt\n|faint|p1a: Munkidori\n|\n|win|g10608\n|raw|massx_01's rating: 1045 &rarr; <strong>1031<\/strong><br \/>(-14 for losing)\n|raw|g10608's rating: 1108 &rarr; <strong>1129<\/strong><br \/>(+21 for winning)\n|l|\u2606massx_01\n","uploadtime":1699899412,"views":18,"p1id":"massx01","p2id":"g10608","formatid":"gen9vgc2023regulatione","rating":1031,"private":0,"password":""}