{"id":"gen9vgc2023regulatione-1988491042","p1":"EmojiDeCowboy","p2":"Dr4y4gedr4go","format":"[Gen 9] VGC 2023 Regulation E","log":"|j|\u2606EmojiDeCowboy\n|j|\u2606Dr4y4gedr4go\n|t:|1699728612\n|gametype|doubles\n|player|p1|EmojiDeCowboy|blackbelt-gen4dp|1333\n|player|p2|Dr4y4gedr4go|streetthug|1395\n|teamsize|p1|6\n|teamsize|p2|6\n|gen|9\n|tier|[Gen 9] VGC 2023 Regulation E\n|rated|\n|rule|Species Clause: Limit one of each Pok\u00e9mon\n|rule|Item Clause: Limit one of each item\n|clearpoke\n|poke|p1|Thundurus-Therian, L50, M|\n|poke|p1|Roaring Moon, L50|\n|poke|p1|Urshifu-*, L50, M|\n|poke|p1|Farigiraf, L50, M|\n|poke|p1|Chien-Pao, L50|\n|poke|p1|Kingambit, L50, M|\n|poke|p2|Gholdengo, L50|\n|poke|p2|Rillaboom, L50, M|\n|poke|p2|Urshifu-*, L50, F|\n|poke|p2|Arcanine-Hisui, L50, M|\n|poke|p2|Roaring Moon, L50|\n|poke|p2|Thundurus-Therian, L50, M|\n|teampreview|4\n|j| gfhtgfkhkl\nDr4y4gedr4go has agreed to open team sheets.\n|inactive|Battle timer is ON: inactive players will automatically lose when time's up. (requested by Dr4y4gedr4go)\n|\n|t:|1699728674\n|start\n|switch|p1a: Roaring Moon|Roaring Moon, L50|100\/100\n|switch|p1b: Kingambit|Kingambit, L50, M|100\/100\n|switch|p2a: Urshifu|Urshifu-Rapid-Strike, L50, F|100\/100\n|switch|p2b: Rillaboom|Rillaboom, L50, M|100\/100\n|-fieldstart|move: Grassy Terrain|[from] ability: Grassy Surge|[of] p2b: Rillaboom\n|-enditem|p1a: Roaring Moon|Booster Energy\n|-activate|p1a: Roaring Moon|ability: Protosynthesis|[fromitem]\n|-start|p1a: Roaring Moon|protosynthesisspe\n|turn|1\n|inactive|EmojiDeCowboy has 30 seconds left.\n|inactive|EmojiDeCowboy has 20 seconds left.\n|\n|t:|1699728713\n|-terastallize|p1b: Kingambit|Fairy\n|move|p1a: Roaring Moon|Protect|p1a: Roaring Moon\n|-singleturn|p1a: Roaring Moon|Protect\n|move|p2b: Rillaboom|Fake Out|p1a: Roaring Moon\n|-activate|p1a: Roaring Moon|move: Protect\n|move|p2a: Urshifu|Close Combat|p1b: Kingambit\n|-resisted|p1b: Kingambit\n|-damage|p1b: Kingambit|73\/100\n|-unboost|p2a: Urshifu|def|1\n|-unboost|p2a: Urshifu|spd|1\n|move|p1b: Kingambit|Kowtow Cleave|p2a: Urshifu\n|-resisted|p2a: Urshifu\n|-damage|p2a: Urshifu|54\/100\n|\n|-heal|p2a: Urshifu|60\/100|[from] Grassy Terrain\n|-heal|p1b: Kingambit|79\/100|[from] Grassy Terrain\n|upkeep\n|turn|2\n|\n|t:|1699728735\n|switch|p2a: Thundurus|Thundurus-Therian, L50, M|100\/100\n|switch|p1b: Urshifu|Urshifu-Rapid-Strike, L50, M|100\/100\n|move|p1a: Roaring Moon|Tailwind|p1a: Roaring Moon\n|-sidestart|p1: EmojiDeCowboy|move: Tailwind\n|move|p2b: Rillaboom|Wood Hammer|p1b: Urshifu\n|-supereffective|p1b: Urshifu\n|-damage|p1b: Urshifu|0 fnt\n|faint|p1b: Urshifu\n|-damage|p2b: Rillaboom|69\/100|[from] Recoil\n|\n|-heal|p2b: Rillaboom|75\/100|[from] Grassy Terrain\n|upkeep\n|l| gfhtgfkhkl\n|j| gfhtgfkhkl\n|\n|t:|1699728748\n|switch|p1b: Chien-Pao|Chien-Pao, L50|100\/100\n|-ability|p1b: Chien-Pao|Sword of Ruin\n|turn|3\n|\n|t:|1699728761\n|switch|p2a: Arcanine|Arcanine-Hisui, L50, M, shiny|100\/100\n|-ability|p2a: Arcanine|Intimidate|boost\n|-unboost|p1a: Roaring Moon|atk|1\n|-unboost|p1b: Chien-Pao|atk|1\n|-terastallize|p2b: Rillaboom|Fire\n|move|p1a: Roaring Moon|Knock Off|p2b: Rillaboom\n|-damage|p2b: Rillaboom|36\/100\n|-enditem|p2b: Rillaboom|Meadow Plate|[from] move: Knock Off|[of] p1a: Roaring Moon\n|move|p1b: Chien-Pao|Ice Spinner|p2a: Arcanine\n|-resisted|p2a: Arcanine\n|-crit|p2a: Arcanine\n|-damage|p2a: Arcanine|56\/100\n|-fieldend|move: Grassy Terrain\n|move|p2b: Rillaboom|Wood Hammer|p1b: Chien-Pao\n|-damage|p1b: Chien-Pao|20\/100\n|-damage|p2b: Rillaboom|15\/100|[from] Recoil\n|\n|upkeep\n|turn|4\n|\n|t:|1699728781\n|switch|p2b: Urshifu|Urshifu-Rapid-Strike, L50, F|60\/100\n|move|p1a: Roaring Moon|Breaking Swipe|p2b: Urshifu|[spread] p2a,p2b\n|-damage|p2a: Arcanine|38\/100\n|-damage|p2b: Urshifu|41\/100\n|-unboost|p2a: Arcanine|atk|1\n|-unboost|p2b: Urshifu|atk|1\n|-enditem|p2a: Arcanine|Sitrus Berry|[eat]\n|-heal|p2a: Arcanine|62\/100|[from] item: Sitrus Berry\n|move|p1b: Chien-Pao|Sacred Sword|p2a: Arcanine\n|-supereffective|p2a: Arcanine\n|-damage|p2a: Arcanine|0 fnt\n|faint|p2a: Arcanine\n|\n|upkeep\n|\n|t:|1699728794\n|switch|p2a: Rillaboom|Rillaboom, L50, M, tera:Fire|15\/100\n|-fieldstart|move: Grassy Terrain|[from] ability: Grassy Surge|[of] p2a: Rillaboom\n|turn|5\n|\n|t:|1699728811\n|switch|p1b: Kingambit|Kingambit, L50, M, tera:Fairy|79\/100\n|move|p2a: Rillaboom|Fake Out|p1a: Roaring Moon\n|-damage|p1a: Roaring Moon|85\/100\n|cant|p1a: Roaring Moon|flinch\n|move|p2b: Urshifu|U-turn|p1b: Kingambit\n|-resisted|p1b: Kingambit\n|-damage|p1b: Kingambit|72\/100\n|\n|t:|1699728820\n|switch|p2b: Thundurus|Thundurus-Therian, L50, M|100\/100|[from] U-turn\n|\n|-heal|p1a: Roaring Moon|92\/100|[from] Grassy Terrain\n|-heal|p1b: Kingambit|78\/100|[from] Grassy Terrain\n|-heal|p2a: Rillaboom|21\/100|[from] Grassy Terrain\n|-sideend|p1: EmojiDeCowboy|move: Tailwind\n|upkeep\n|turn|6\n|\n|t:|1699728834\n|move|p2a: Rillaboom|Grassy Glide|p1b: Kingambit\n|-damage|p1b: Kingambit|50\/100\n|move|p1b: Kingambit|Sucker Punch||[still]\n|-fail|p1b: Kingambit\n|move|p1a: Roaring Moon|Tailwind|p1a: Roaring Moon\n|-sidestart|p1: EmojiDeCowboy|move: Tailwind\n|move|p2b: Thundurus|Thunderbolt|p1b: Kingambit\n|-damage|p1b: Kingambit|0 fnt\n|faint|p1b: Kingambit\n|\n|-heal|p1a: Roaring Moon|98\/100|[from] Grassy Terrain\n|-heal|p2a: Rillaboom|27\/100|[from] Grassy Terrain\n|upkeep\n|\n|t:|1699728839\n|switch|p1b: Chien-Pao|Chien-Pao, L50|20\/100\n|-ability|p1b: Chien-Pao|Sword of Ruin\n|turn|7\n|\n|t:|1699728859\n|move|p2a: Rillaboom|Grassy Glide|p1b: Chien-Pao\n|-damage|p1b: Chien-Pao|0 fnt\n|faint|p1b: Chien-Pao\n|move|p1a: Roaring Moon|Knock Off|p2a: Rillaboom\n|-damage|p2a: Rillaboom|8\/100\n|move|p2b: Thundurus|Wildbolt Storm|p1a: Roaring Moon\n|-resisted|p1a: Roaring Moon\n|-damage|p1a: Roaring Moon|75\/100\n|-status|p1a: Roaring Moon|par\n|\n|-heal|p1a: Roaring Moon|81\/100 par|[from] Grassy Terrain\n|-heal|p2a: Rillaboom|15\/100|[from] Grassy Terrain\n|upkeep\n|turn|8\n|-message|EmojiDeCowboy forfeited.\n|\n|win|Dr4y4gedr4go\n|raw|EmojiDeCowboy's rating: 1333 &rarr; <strong>1317<\/strong><br \/>(-16 for losing)\n|raw|Dr4y4gedr4go's rating: 1395 &rarr; <strong>1411<\/strong><br \/>(+16 for winning)\n|l|\u2606EmojiDeCowboy\n|c|\u2606Dr4y4gedr4go|Gg\n|l|\u2606Dr4y4gedr4go\n|j|\u2606Dr4y4gedr4go\n|player|p2|Dr4y4gedr4go|streetthug\n","uploadtime":1699728925,"views":12,"p1id":"emojidecowboy","p2id":"dr4y4gedr4go","formatid":"gen9vgc2023regulatione","rating":1317,"private":0,"password":""}