{"id":"gen9vgc2023regulatione-1990155664","p1":"Drumcat","p2":"ClubSandwichBread","format":"[Gen 9] VGC 2023 Regulation E","log":"|j|\u2606Drumcat\n|j|\u2606ClubSandwichBread\n|t:|1699930682\n|gametype|doubles\n|player|p1|Drumcat|102|1163\n|player|p2|ClubSandwichBread|swimmer-gen4dp|1209\n|teamsize|p1|6\n|teamsize|p2|6\n|gen|9\n|tier|[Gen 9] VGC 2023 Regulation E\n|rated|\n|rule|Species Clause: Limit one of each Pok\u00e9mon\n|rule|Item Clause: Limit one of each item\n|clearpoke\n|poke|p1|Clefairy, L50, M|\n|poke|p1|Cetitan, L50, M|\n|poke|p1|Kommo-o, L50, M|\n|poke|p1|Sinistcha-Masterpiece, L50|\n|poke|p1|Landorus-Therian, L50, M|\n|poke|p1|Rillaboom, L50, F|\n|poke|p2|Amoonguss, L50, F|\n|poke|p2|Roaring Moon, L50|\n|poke|p2|Tornadus, L50, M|\n|poke|p2|Urshifu-*, L50, F|\n|poke|p2|Arcanine-Hisui, L50, M|\n|poke|p2|Tinkaton, L50, F|\n|teampreview|4\n|inactive|Battle timer is ON: inactive players will automatically lose when time's up. (requested by ClubSandwichBread)\nClubSandwichBread has agreed to open team sheets.\n|inactive|Drumcat has 60 seconds left.\n|inactive|ClubSandwichBread has 60 seconds left.\n|\n|t:|1699930740\n|start\n|switch|p1a: Sinistcha|Sinistcha-Masterpiece, L50|100\/100\n|switch|p1b: Cetitan|Cetitan, L50, M|100\/100\n|switch|p2a: Tornadus|Tornadus, L50, M|100\/100\n|switch|p2b: Urshifu|Urshifu-Rapid-Strike, L50, F|100\/100\n|turn|1\n|\n|t:|1699930762\n|move|p2b: Urshifu|Detect|p2b: Urshifu\n|-singleturn|p2b: Urshifu|Protect\n|move|p1a: Sinistcha|Rage Powder|p1a: Sinistcha\n|-singleturn|p1a: Sinistcha|move: Rage Powder\n|move|p2a: Tornadus|Taunt|p1a: Sinistcha\n|-start|p1a: Sinistcha|move: Taunt\n|move|p1b: Cetitan|Belly Drum|p1b: Cetitan\n|-damage|p1b: Cetitan|50\/100\n|-setboost|p1b: Cetitan|atk|6|[from] move: Belly Drum\n|-enditem|p1b: Cetitan|Sitrus Berry|[eat]\n|-heal|p1b: Cetitan|75\/100|[from] item: Sitrus Berry\n|\n|upkeep\n|turn|2\n|inactive|Drumcat has 30 seconds left.\n|inactive|ClubSandwichBread has 30 seconds left.\n|\n|t:|1699930794\n|switch|p1a: Landorus|Landorus-Therian, L50, M|100\/100\n|-ability|p1a: Landorus|Intimidate|boost\n|-unboost|p2a: Tornadus|atk|1\n|-unboost|p2b: Urshifu|atk|1\n|-terastallize|p1b: Cetitan|Water\n|move|p2a: Tornadus|Bleakwind Storm|p1a: Landorus|[spread] p1a,p1b\n|-damage|p1a: Landorus|57\/100\n|-damage|p1b: Cetitan|49\/100\n|move|p2b: Urshifu|Close Combat|p1b: Cetitan\n|-damage|p1b: Cetitan|5\/100\n|-unboost|p2b: Urshifu|def|1\n|-unboost|p2b: Urshifu|spd|1\n|move|p1b: Cetitan|Liquidation|p2a: Tornadus\n|-damage|p2a: Tornadus|0 fnt\n|faint|p2a: Tornadus\n|\n|upkeep\n|\n|t:|1699930811\n|switch|p2a: Amoonguss|Amoonguss, L50, F|100\/100\n|turn|3\n|\n|t:|1699930826\n|switch|p1a: Sinistcha|Sinistcha-Masterpiece, L50|100\/100\n|-heal|p1b: Cetitan|30\/100|[from] ability: Hospitality|[of] p1a: Sinistcha\n|-terastallize|p2b: Urshifu|Water\n|move|p1b: Cetitan|Protect|p1b: Cetitan\n|-singleturn|p1b: Cetitan|Protect\n|move|p2b: Urshifu|Aqua Jet|p1b: Cetitan\n|-resisted|p1b: Cetitan\n|-damage|p1b: Cetitan|19\/100\n|move|p2a: Amoonguss|Spore|p1a: Sinistcha\n|-immune|p1a: Sinistcha\n|\n|upkeep\n|turn|4\n|inactive|ClubSandwichBread has 30 seconds left.\n|\n|t:|1699930855\n|switch|p2b: Roaring Moon|Roaring Moon, L50|100\/100\n|-enditem|p2b: Roaring Moon|Booster Energy\n|-activate|p2b: Roaring Moon|ability: Protosynthesis|[fromitem]\n|-start|p2b: Roaring Moon|protosynthesisatk\n|move|p2a: Amoonguss|Protect|p2a: Amoonguss\n|-singleturn|p2a: Amoonguss|Protect\n|move|p1a: Sinistcha|Rage Powder|p1a: Sinistcha\n|-singleturn|p1a: Sinistcha|move: Rage Powder\n|move|p1b: Cetitan|Ice Shard|p2a: Amoonguss\n|-activate|p2a: Amoonguss|move: Protect\n|\n|upkeep\n|turn|5\n|\n|t:|1699930873\n|switch|p2a: Urshifu|Urshifu-Rapid-Strike, L50, F, tera:Water|100\/100\n|move|p1a: Sinistcha|Rage Powder|p1a: Sinistcha\n|-singleturn|p1a: Sinistcha|move: Rage Powder\n|move|p1b: Cetitan|Ice Shard|p2b: Roaring Moon\n|-supereffective|p2b: Roaring Moon\n|-damage|p2b: Roaring Moon|0 fnt\n|faint|p2b: Roaring Moon\n|-end|p2b: Roaring Moon|Protosynthesis|[silent]\n|\n|upkeep\n|\n|t:|1699930880\n|switch|p2b: Amoonguss|Amoonguss, L50, F|100\/100\n|turn|6\n|inactive|Drumcat has 30 seconds left.\n|\n|t:|1699930906\n|move|p1b: Cetitan|Protect|p1b: Cetitan\n|-singleturn|p1b: Cetitan|Protect\n|move|p2a: Urshifu|Close Combat|p1b: Cetitan\n|-damage|p1b: Cetitan|0 fnt\n|-unboost|p2a: Urshifu|def|1\n|-unboost|p2a: Urshifu|spd|1\n|faint|p1b: Cetitan\n|move|p2b: Amoonguss|Spore|p1a: Sinistcha\n|-immune|p1a: Sinistcha\n|move|p1a: Sinistcha|Trick Room|p1a: Sinistcha\n|-fieldstart|move: Trick Room|[of] p1a: Sinistcha\n|\n|upkeep\n|-message|Drumcat forfeited.\n|\n|win|ClubSandwichBread\n|raw|Drumcat's rating: 1163 &rarr; <strong>1141<\/strong><br \/>(-22 for losing)\n|raw|ClubSandwichBread's rating: 1209 &rarr; <strong>1231<\/strong><br \/>(+22 for winning)\n|l|\u2606Drumcat\n","uploadtime":1699930927,"views":9,"p1id":"drumcat","p2id":"clubsandwichbread","formatid":"gen9vgc2023regulatione","rating":1141,"private":0,"password":""}