{"id":"gen9vgc2023regulatione-1998092905","p1":"Vitao Kazones","p2":"TuxMonroe","format":"[Gen 9] VGC 2023 Regulation E","log":"|j|\u2606Vitao Kazones\n|j|\u2606TuxMonroe\n|t:|1700890071\n|gametype|doubles\n|player|p1|Vitao Kazones|drayden|1394\n|player|p2|TuxMonroe|1|1391\n|teamsize|p1|6\n|teamsize|p2|6\n|gen|9\n|tier|[Gen 9] VGC 2023 Regulation E\n|rated|\n|rule|Species Clause: Limit one of each Pok\u00e9mon\n|rule|Item Clause: Limit one of each item\n|clearpoke\n|poke|p1|Flutter Mane, L50|\n|poke|p1|Landorus-Therian, L50, M|\n|poke|p1|Illumise, L50, F|\n|poke|p1|Amoonguss, L50, M|\n|poke|p1|Ogerpon-Wellspring, L50, F|\n|poke|p1|Chi-Yu, L50|\n|poke|p2|Iron Hands, L50|\n|poke|p2|Iron Bundle, L50|\n|poke|p2|Kingambit, L50, F|\n|poke|p2|Ogerpon-Hearthflame, L50, F|\n|poke|p2|Sinistcha, L50|\n|poke|p2|Landorus-Therian, L50, M|\n|teampreview|4\n|\n|t:|1700890123\n|start\n|switch|p1a: Ogerpon|Ogerpon-Wellspring, L50, F|100\/100\n|switch|p1b: Illumise|Illumise, L50, F|100\/100\n|switch|p2a: Iron Hands|Iron Hands, L50|100\/100\n|switch|p2b: Kingambit|Kingambit, L50, F|100\/100\n|turn|1\n|inactive|Battle timer is ON: inactive players will automatically lose when time's up. (requested by Vitao Kazones)\n|\n|t:|1700890137\n|move|p1b: Illumise|Protect|p1b: Illumise\n|-singleturn|p1b: Illumise|Protect\n|move|p1a: Ogerpon|Spiky Shield|p1a: Ogerpon\n|-singleturn|p1a: Ogerpon|move: Protect\n|move|p2a: Iron Hands|Drain Punch|p1a: Ogerpon\n|-activate|p1a: Ogerpon|move: Protect\n|-damage|p2a: Iron Hands|88\/100|[from] Spiky Shield|[of] p1a: Ogerpon\n|move|p2b: Kingambit|Assurance|p1a: Ogerpon\n|-activate|p1a: Ogerpon|move: Protect\n|-damage|p2b: Kingambit|88\/100|[from] Spiky Shield|[of] p1a: Ogerpon\n|\n|upkeep\n|turn|2\n|\n|t:|1700890158\n|switch|p1a: Landorus|Landorus-Therian, L50, M|100\/100\n|-ability|p1a: Landorus|Intimidate|boost\n|-unboost|p2a: Iron Hands|atk|1\n|-unboost|p2b: Kingambit|atk|1\n|-ability|p2b: Kingambit|Defiant|boost\n|-boost|p2b: Kingambit|atk|2\n|move|p1b: Illumise|Infestation|p2b: Kingambit\n|-damage|p2b: Kingambit|83\/100\n|-activate|p2b: Kingambit|move: Infestation|[of] p1b: Illumise\n|move|p2a: Iron Hands|Drain Punch|p1a: Landorus\n|-resisted|p1a: Landorus\n|-damage|p1a: Landorus|84\/100\n|-heal|p2a: Iron Hands|94\/100|[from] drain|[of] p1a: Landorus\n|move|p2b: Kingambit|Assurance|p1a: Landorus\n|-damage|p1a: Landorus|0 fnt\n|faint|p1a: Landorus\n|\n|-damage|p2b: Kingambit|71\/100|[from] move: Infestation|[partiallytrapped]\n|upkeep\n|\n|t:|1700890178\n|switch|p1a: Chi-Yu|Chi-Yu, L50|100\/100\n|-ability|p1a: Chi-Yu|Beads of Ruin\n|turn|3\n|\n|t:|1700890188\n|-terastallize|p2b: Kingambit|Fire\n|move|p1a: Chi-Yu|Heat Wave|p2a: Iron Hands|[spread] p2a,p2b\n|-resisted|p2b: Kingambit\n|-damage|p2a: Iron Hands|50\/100\n|-damage|p2b: Kingambit|30\/100\n|move|p1b: Illumise|Infestation|p2a: Iron Hands\n|-resisted|p2a: Iron Hands\n|-damage|p2a: Iron Hands|48\/100\n|-activate|p2a: Iron Hands|move: Infestation|[of] p1b: Illumise\n|move|p2a: Iron Hands|Wild Charge|p1a: Chi-Yu\n|-damage|p1a: Chi-Yu|47\/100\n|-damage|p2a: Iron Hands|41\/100|[from] Recoil\n|move|p2b: Kingambit|Assurance|p1a: Chi-Yu\n|-resisted|p1a: Chi-Yu\n|-damage|p1a: Chi-Yu|0 fnt\n|faint|p1a: Chi-Yu\n|\n|-damage|p2a: Iron Hands|28\/100|[from] move: Infestation|[partiallytrapped]\n|-damage|p2b: Kingambit|18\/100|[from] move: Infestation|[partiallytrapped]\n|upkeep\n|\n|t:|1700890207\n|switch|p1a: Ogerpon|Ogerpon-Wellspring, L50, F|100\/100\n|turn|4\n|\n|t:|1700890227\n|move|p1b: Illumise|Protect|p1b: Illumise\n|-singleturn|p1b: Illumise|Protect\n|move|p1a: Ogerpon|Spiky Shield|p1a: Ogerpon\n|-singleturn|p1a: Ogerpon|move: Protect\n|move|p2a: Iron Hands|Volt Switch|p2b: Kingambit\n|-damage|p2b: Kingambit|5\/100\n|\n|t:|1700890235\n|-end|p2a: Iron Hands|Quark Drive|[silent]\n|switch|p2a: Iron Bundle|Iron Bundle, L50|100\/100|[from] Volt Switch\n|-enditem|p2a: Iron Bundle|Booster Energy\n|-activate|p2a: Iron Bundle|ability: Quark Drive|[fromitem]\n|-start|p2a: Iron Bundle|quarkdrivespe\n|move|p2b: Kingambit|Assurance|p1b: Illumise\n|-activate|p1b: Illumise|move: Protect\n|\n|-damage|p2b: Kingambit|0 fnt|[from] move: Infestation|[partiallytrapped]\n|faint|p2b: Kingambit\n|upkeep\n|l|\u2606Vitao Kazones\n|inactive|Vitao Kazones disconnected and has a minute to reconnect!\n|player|p1|\n|\n|t:|1700890245\n|switch|p2b: Iron Hands|Iron Hands, L50|28\/100\n|turn|5\n|inactive|Vitao Kazones has 30 seconds left.\n|inactive|Vitao Kazones has 20 seconds left.\n|inactive|Vitao Kazones has 15 seconds left.\n|inactive|Vitao Kazones has 10 seconds left.\n|inactive|Vitao Kazones has 5 seconds left.\n|-message|Vitao Kazones lost due to inactivity.\n|\n|win|TuxMonroe\n|raw|Vitao Kazones's rating: 1394 &rarr; <strong>1374<\/strong><br \/>(-20 for losing)\n|raw|TuxMonroe's rating: 1391 &rarr; <strong>1411<\/strong><br \/>(+20 for winning)\n","uploadtime":1700890311,"views":17,"p1id":"vitaokazones","p2id":"tuxmonroe","formatid":"gen9vgc2023regulatione","rating":1374,"private":0,"password":""}