{"id":"gen9vgc2023regulatione-1991356970","p1":"sobablue","p2":"Zer0Kelvin","format":"[Gen 9] VGC 2023 Regulation E","log":"|j|\u2606sobablue\n|j|\u2606Zer0Kelvin\n|t:|1700070368\n|gametype|doubles\n|player|p1|sobablue|lady-gen4|1124\n|player|p2|Zer0Kelvin|grimsley|1089\n|teamsize|p1|6\n|teamsize|p2|6\n|gen|9\n|tier|[Gen 9] VGC 2023 Regulation E\n|rated|\n|rule|Species Clause: Limit one of each Pok\u00e9mon\n|rule|Item Clause: Limit one of each item\n|clearpoke\n|poke|p1|Arcanine-Hisui, L50, F|\n|poke|p1|Gholdengo, L50|\n|poke|p1|Rillaboom, L50, M|\n|poke|p1|Urshifu-*, L50, M|\n|poke|p1|Tornadus, L50, M|\n|poke|p1|Chien-Pao, L50|\n|poke|p2|Sableye, L50, F|\n|poke|p2|Espathra, L50, M|\n|poke|p2|Landorus, L50, M|\n|poke|p2|Ursaluna, L50, F|\n|poke|p2|Oranguru, L50, M|\n|poke|p2|Dipplin, L50, M|\n|teampreview|4\n|inactive|Battle timer is ON: inactive players will automatically lose when time's up. (requested by Zer0Kelvin)\n|inactive|sobablue has 60 seconds left.\nZer0Kelvin rejected open team sheets.\n|\n|t:|1700070424\n|start\n|switch|p1a: Arcanine|Arcanine-Hisui, L50, F, shiny|100\/100\n|switch|p1b: Chien-Pao|Chien-Pao, L50|100\/100\n|switch|p2a: Sableye|Sableye, L50, F|100\/100\n|switch|p2b: Espathra|Espathra, L50, M|100\/100\n|-ability|p1b: Chien-Pao|Sword of Ruin\n|-ability|p1a: Arcanine|Intimidate|boost\n|-unboost|p2a: Sableye|atk|1\n|-unboost|p2b: Espathra|atk|1\n|turn|1\n|\n|t:|1700070449\n|move|p2b: Espathra|Protect|p2b: Espathra\n|-singleturn|p2b: Espathra|Protect\n|move|p2a: Sableye|Gravity|p2a: Sableye\n|-fieldstart|move: Gravity\n|move|p1b: Chien-Pao|Icicle Crash|p2a: Sableye\n|-damage|p2a: Sableye|27\/100\n|-enditem|p2a: Sableye|Eject Button\n|\n|t:|1700070463\n|switch|p2a: Landorus|Landorus, L50, M|100\/100\n|move|p1a: Arcanine|Rock Slide|p2a: Landorus|[spread] p2a\n|-activate|p2b: Espathra|move: Protect\n|-damage|p2a: Landorus|38\/100\n|\n|-ability|p2b: Espathra|Speed Boost|boost\n|-boost|p2b: Espathra|spe|1\n|upkeep\n|turn|2\n|\n|t:|1700070477\n|move|p2a: Landorus|Protect|p2a: Landorus\n|-singleturn|p2a: Landorus|Protect\n|move|p1b: Chien-Pao|Sucker Punch||[still]\n|-fail|p1b: Chien-Pao\n|move|p2b: Espathra|Hypnosis|p1b: Chien-Pao\n|-status|p1b: Chien-Pao|slp|[from] move: Hypnosis\n|move|p1a: Arcanine|Rock Slide|p2a: Landorus|[spread] p2b\n|-activate|p2a: Landorus|move: Protect\n|-damage|p2b: Espathra|46\/100\n|\n|-heal|p2b: Espathra|52\/100|[from] item: Leftovers\n|-ability|p2b: Espathra|Speed Boost|boost\n|-boost|p2b: Espathra|spe|1\n|upkeep\n|turn|3\n|inactive|sobablue has 30 seconds left.\n|inactive|sobablue has 20 seconds left.\n|inactive|sobablue has 15 seconds left.\n|inactive|sobablue has 10 seconds left.\n|\n|t:|1700070525\n|switch|p1a: Urshifu|Urshifu-Rapid-Strike, L50, M|100\/100\n|-terastallize|p2a: Landorus|Ground\n|cant|p1b: Chien-Pao|slp\n|move|p2b: Espathra|Hypnosis|p1a: Urshifu\n|-status|p1a: Urshifu|slp|[from] move: Hypnosis\n|move|p2a: Landorus|Sandsear Storm|p1a: Urshifu|[spread] p1a,p1b\n|-damage|p1a: Urshifu|0 fnt\n|-enditem|p1b: Chien-Pao|Focus Sash\n|-damage|p1b: Chien-Pao|1\/100 slp\n|faint|p1a: Urshifu\n|\n|-heal|p2b: Espathra|58\/100|[from] item: Leftovers\n|-ability|p2b: Espathra|Speed Boost|boost\n|-boost|p2b: Espathra|spe|1\n|upkeep\n|\n|t:|1700070547\n|switch|p1a: Rillaboom|Rillaboom, L50, M|100\/100\n|-fieldstart|move: Grassy Terrain|[from] ability: Grassy Surge|[of] p1a: Rillaboom\n|turn|4\n|\n|t:|1700070563\n|move|p1a: Rillaboom|Fake Out|p2b: Espathra\n|-damage|p2b: Espathra|40\/100\n|cant|p2b: Espathra|flinch\n|cant|p1b: Chien-Pao|slp\n|move|p2a: Landorus|Sandsear Storm|p1b: Chien-Pao|[spread] p1a,p1b\n|-resisted|p1a: Rillaboom\n|-crit|p1a: Rillaboom\n|-damage|p1a: Rillaboom|44\/100\n|-damage|p1b: Chien-Pao|0 fnt\n|faint|p1b: Chien-Pao\n|\n|-heal|p2b: Espathra|46\/100|[from] Grassy Terrain\n|-heal|p2b: Espathra|52\/100|[from] item: Leftovers\n|-heal|p2a: Landorus|44\/100|[from] Grassy Terrain\n|-heal|p1a: Rillaboom|50\/100|[from] Grassy Terrain\n|-ability|p2b: Espathra|Speed Boost|boost\n|-boost|p2b: Espathra|spe|1\n|upkeep\n|\n|t:|1700070582\n|switch|p1b: Arcanine|Arcanine-Hisui, L50, F, shiny|100\/100\n|-ability|p1b: Arcanine|Intimidate|boost\n|-unboost|p2a: Landorus|atk|1\n|-unboost|p2b: Espathra|atk|1\n|turn|5\n|\n|t:|1700070592\n|-terastallize|p1b: Arcanine|Normal\n|move|p2b: Espathra|Ally Switch|p2b: Espathra\n|swap|p2b: Espathra|0|[from] move: Ally Switch\n|move|p1b: Arcanine|Extreme Speed|p2b: Landorus\n|-damage|p2b: Landorus|0 fnt\n|faint|p2b: Landorus\n|move|p1a: Rillaboom|Grassy Glide|p2a: Espathra\n|-damage|p2a: Espathra|12\/100\n|\n|-heal|p2a: Espathra|18\/100|[from] Grassy Terrain\n|-heal|p2a: Espathra|24\/100|[from] item: Leftovers\n|-heal|p1a: Rillaboom|55\/100|[from] Grassy Terrain\n|-fieldend|move: Gravity\n|-ability|p2a: Espathra|Speed Boost|boost\n|-boost|p2a: Espathra|spe|1\n|upkeep\n|\n|t:|1700070614\n|switch|p2b: Sableye|Sableye, L50, F|27\/100\n|turn|6\n|\n|t:|1700070627\n|move|p1b: Arcanine|Extreme Speed|p2a: Espathra\n|-damage|p2a: Espathra|0 fnt\n|faint|p2a: Espathra\n|move|p1a: Rillaboom|Grassy Glide|p2b: Sableye\n|-damage|p2b: Sableye|0 fnt\n|faint|p2b: Sableye\n|\n|-heal|p1a: Rillaboom|61\/100|[from] Grassy Terrain\n|upkeep\n|\n|t:|1700070638\n|switch|p2a: Ursaluna|Ursaluna, L50, F|100\/100\n|turn|7\n|\n|t:|1700070644\n|move|p2a: Ursaluna|Protect|p2a: Ursaluna\n|-singleturn|p2a: Ursaluna|Protect\n|move|p1b: Arcanine|Extreme Speed|p2a: Ursaluna\n|-activate|p2a: Ursaluna|move: Protect\n|move|p1a: Rillaboom|Grassy Glide|p2a: Ursaluna\n|-activate|p2a: Ursaluna|move: Protect\n|\n|-heal|p1a: Rillaboom|67\/100|[from] Grassy Terrain\n|-status|p2a: Ursaluna|brn|[from] item: Flame Orb\n|upkeep\n|turn|8\n|\n|t:|1700070665\n|move|p1b: Arcanine|Extreme Speed|p2a: Ursaluna\n|-damage|p2a: Ursaluna|56\/100 brn\n|move|p1a: Rillaboom|Grassy Glide|p2a: Ursaluna\n|-supereffective|p2a: Ursaluna\n|-damage|p2a: Ursaluna|0 fnt\n|faint|p2a: Ursaluna\n|\n|win|sobablue\n|raw|sobablue's rating: 1124 &rarr; <strong>1146<\/strong><br \/>(+22 for winning)\n|raw|Zer0Kelvin's rating: 1089 &rarr; <strong>1068<\/strong><br \/>(-21 for losing)\n|l|\u2606Zer0Kelvin\n","uploadtime":1700070675,"views":9,"p1id":"sobablue","p2id":"zer0kelvin","formatid":"gen9vgc2023regulatione","rating":1068,"private":0,"password":""}