{"id":"gen9vgc2023regulatione-1989409689","p1":"Lab Gamer","p2":"mofonguero","format":"[Gen 9] VGC 2023 Regulation E","log":"|j|\u2606Lab Gamer\n|j|\u2606mofonguero\n|n|\u2606Lab Gamer|labgamer\n|n|\u2606mofonguero|mofonguero\n|html|View the match progress at <a href=\"\/game-bestof3-gen9vgc2023regulatione-1989409688\">game-bestof3-gen9vgc2023regulatione-1989409688<\/a>\n|t:|1699846588\n|gametype|doubles\n|player|p1|Lab Gamer|roark|\n|player|p2|mofonguero|waiter|\n|teamsize|p1|6\n|teamsize|p2|6\n|gen|9\n|tier|[Gen 9] VGC 2023 Regulation E\n|rule|Species Clause: Limit one of each Pok\u00e9mon\n|rule|Item Clause: Limit one of each item\n|clearpoke\n|poke|p1|Ogerpon-Wellspring, L50, F|\n|poke|p1|Rillaboom, L50, F|\n|poke|p1|Heatran, L50, M|\n|poke|p1|Kommo-o, L50, M|\n|poke|p1|Farigiraf, L50, F|\n|poke|p1|Landorus-Therian, L50, M|\n|poke|p2|Ninetales-Alola, L50, M|\n|poke|p2|Baxcalibur, L50, M|\n|poke|p2|Rillaboom, L50, F|\n|poke|p2|Ogerpon-Wellspring, L50, F|\n|poke|p2|Heatran, L50, F|\n|poke|p2|Flutter Mane, L50|\n|teampreview|4\n|inactive|Battle timer is ON: inactive players will automatically lose when time's up. (requested by mofonguero)\nmofonguero has agreed to open team sheets.\nLab Gamer has agreed to open team sheets.\n|showteam|p1|Ogerpon-Wellspring||WellspringMask|WaterAbsorb|IvyCudgel,HornLeech,FollowMe,SpikyShield|||F|||50|,,,,,Water]Rillaboom||AssaultVest|GrassySurge|GrassyGlide,Uturn,HighHorsepower,FakeOut|||F|||50|,,,,,Fire]Heatran||Leftovers|FlashFire|MagmaStorm,EarthPower,WillOWisp,Protect|||M|||50|,,,,,Fairy]Kommo-o||GrassySeed|Bulletproof|IronHead,BodyPress,IronDefense,Protect|||M|||50|,,,,,Steel]Farigiraf||SitrusBerry|ArmorTail|DazzlingGleam,Psychic,NastyPlot,TrickRoom|||F|||50|,,,,,Fairy]Landorus-Therian||ChoiceScarf|Intimidate|StompingTantrum,TeraBlast,RockSlide,Uturn|||M|||50|,,,,,Flying\n|showteam|p2|Ninetales-Alola||LightClay|SnowWarning|Protect,IcyWind,AuroraVeil,Moonblast|||M|||50|,,,,,Water]Baxcalibur||LoadedDice|IceBody|IcicleSpear,ScaleShot,SwordsDance,Protect|||M|||50|,,,,,Poison]Rillaboom||AssaultVest|GrassySurge|WoodHammer,FakeOut,GrassyGlide,Uturn|||F|||50|,,,,,Fire]Ogerpon-Wellspring||WellspringMask|WaterAbsorb|IvyCudgel,HornLeech,FollowMe,SpikyShield|||F|||50|,,,,,Water]Heatran||Leftovers|FlashFire|Protect,HeatWave,Substitute,EarthPower|||F|||50|,,,,,Fairy]Flutter Mane||BoosterEnergy|Protosynthesis|IcyWind,Moonblast,ShadowBall,Protect||||||50|,,,,,Fairy\n|inactive|Lab Gamer has 30 seconds left.\n|inactive|mofonguero has 30 seconds left.\n|inactive|Lab Gamer has 20 seconds left.\n|inactive|mofonguero has 20 seconds left.\n|inactive|Lab Gamer has 15 seconds left.\n|inactive|mofonguero has 15 seconds left.\n|inactive|Lab Gamer has 10 seconds left.\n|\n|t:|1699846647\n|start\n|switch|p1a: Farigiraf|Farigiraf, L50, F|100\/100\n|switch|p1b: Landorus|Landorus-Therian, L50, M|100\/100\n|switch|p2a: Ninetales|Ninetales-Alola, L50, M|100\/100\n|switch|p2b: Baxcalibur|Baxcalibur, L50, M|100\/100\n|-ability|p1b: Landorus|Intimidate|boost\n|-unboost|p2a: Ninetales|atk|1\n|-unboost|p2b: Baxcalibur|atk|1\n|-weather|Snow|[from] ability: Snow Warning|[of] p2a: Ninetales\n|turn|1\n|inactive|Lab Gamer has 30 seconds left.\n|\n|t:|1699846681\n|-terastallize|p1a: Farigiraf|Fairy\n|move|p1b: Landorus|Rock Slide|p2a: Ninetales|[spread] p2a,p2b\n|-supereffective|p2a: Ninetales\n|-supereffective|p2b: Baxcalibur\n|-damage|p2a: Ninetales|67\/100\n|-damage|p2b: Baxcalibur|74\/100\n|move|p2a: Ninetales|Aurora Veil|p2a: Ninetales\n|-sidestart|p2: mofonguero|move: Aurora Veil\n|move|p2b: Baxcalibur|Swords Dance|p2b: Baxcalibur\n|-boost|p2b: Baxcalibur|atk|2\n|move|p1a: Farigiraf|Dazzling Gleam|p2b: Baxcalibur|[spread] p2a,p2b\n|-supereffective|p2b: Baxcalibur\n|-damage|p2a: Ninetales|54\/100\n|-damage|p2b: Baxcalibur|47\/100\n|\n|-weather|Snow|[upkeep]\n|-heal|p2b: Baxcalibur|53\/100|[from] ability: Ice Body\n|upkeep\n|turn|2\n|\n|t:|1699846703\n|switch|p2a: Flutter Mane|Flutter Mane, L50|100\/100\n|-enditem|p2a: Flutter Mane|Booster Energy\n|-activate|p2a: Flutter Mane|ability: Protosynthesis|[fromitem]\n|-start|p2a: Flutter Mane|protosynthesisspe\n|move|p2b: Baxcalibur|Protect|p2b: Baxcalibur\n|-singleturn|p2b: Baxcalibur|Protect\n|move|p1b: Landorus|Rock Slide|p2b: Baxcalibur|[spread] p2a\n|-activate|p2b: Baxcalibur|move: Protect\n|-damage|p2a: Flutter Mane|77\/100\n|move|p1a: Farigiraf|Dazzling Gleam|p2b: Baxcalibur|[spread] p2a\n|-activate|p2b: Baxcalibur|move: Protect\n|-damage|p2a: Flutter Mane|61\/100\n|\n|-weather|Snow|[upkeep]\n|-heal|p2b: Baxcalibur|59\/100|[from] ability: Ice Body\n|upkeep\n|turn|3\n|\n|t:|1699846727\n|move|p2a: Flutter Mane|Icy Wind|p1b: Landorus|[spread] p1a,p1b\n|-supereffective|p1b: Landorus\n|-damage|p1a: Farigiraf|89\/100\n|-damage|p1b: Landorus|37\/100\n|-unboost|p1a: Farigiraf|spe|1\n|-unboost|p1b: Landorus|spe|1\n|move|p1b: Landorus|Rock Slide|p2a: Flutter Mane|[spread] p2a,p2b\n|-supereffective|p2b: Baxcalibur\n|-damage|p2a: Flutter Mane|40\/100\n|-damage|p2b: Baxcalibur|42\/100\n|cant|p2b: Baxcalibur|flinch\n|move|p1a: Farigiraf|Dazzling Gleam|p2b: Baxcalibur|[spread] p2a,p2b\n|-supereffective|p2b: Baxcalibur\n|-damage|p2a: Flutter Mane|24\/100\n|-damage|p2b: Baxcalibur|13\/100\n|\n|-weather|Snow|[upkeep]\n|-heal|p2b: Baxcalibur|19\/100|[from] ability: Ice Body\n|upkeep\n|turn|4\n|\n|t:|1699846750\n|move|p2a: Flutter Mane|Icy Wind|p1b: Landorus|[spread] p1b\n|-miss|p2a: Flutter Mane|p1a: Farigiraf\n|-supereffective|p1b: Landorus\n|-damage|p1b: Landorus|0 fnt\n|faint|p1b: Landorus\n|move|p2b: Baxcalibur|Icicle Spear|p1a: Farigiraf\n|-crit|p1a: Farigiraf\n|-damage|p1a: Farigiraf|64\/100\n|-damage|p1a: Farigiraf|47\/100\n|-enditem|p1a: Farigiraf|Sitrus Berry|[eat]\n|-heal|p1a: Farigiraf|72\/100|[from] item: Sitrus Berry\n|-damage|p1a: Farigiraf|57\/100\n|-damage|p1a: Farigiraf|39\/100\n|-hitcount|p1a: Farigiraf|4\n|move|p1a: Farigiraf|Dazzling Gleam|p2b: Baxcalibur|[spread] p2a,p2b\n|-supereffective|p2b: Baxcalibur\n|-damage|p2a: Flutter Mane|8\/100\n|-damage|p2b: Baxcalibur|0 fnt\n|faint|p2b: Baxcalibur\n|\n|-weather|Snow|[upkeep]\n|upkeep\n|\n|t:|1699846770\n|switch|p1b: Rillaboom|Rillaboom, L50, F|100\/100\n|switch|p2b: Ogerpon|Ogerpon-Wellspring, L50, F|100\/100\n|-fieldstart|move: Grassy Terrain|[from] ability: Grassy Surge|[of] p1b: Rillaboom\n|turn|5\n|\n|t:|1699846792\n|move|p2a: Flutter Mane|Protect|p2a: Flutter Mane\n|-singleturn|p2a: Flutter Mane|Protect\n|move|p2b: Ogerpon|Spiky Shield|p2b: Ogerpon\n|-singleturn|p2b: Ogerpon|move: Protect\n|move|p1b: Rillaboom|Fake Out|p2b: Ogerpon\n|-activate|p2b: Ogerpon|move: Protect\n|-damage|p1b: Rillaboom|88\/100|[from] Spiky Shield|[of] p2b: Ogerpon\n|move|p1a: Farigiraf|Trick Room|p1a: Farigiraf\n|-fieldstart|move: Trick Room|[of] p1a: Farigiraf\n|\n|-weather|none\n|-heal|p1a: Farigiraf|45\/100|[from] Grassy Terrain\n|-heal|p1b: Rillaboom|94\/100|[from] Grassy Terrain\n|-heal|p2a: Flutter Mane|14\/100|[from] Grassy Terrain\n|upkeep\n|turn|6\n|inactive|Lab Gamer has 30 seconds left.\n|inactive|Lab Gamer has 20 seconds left.\n|inactive|Lab Gamer has 15 seconds left.\n|\n|t:|1699846837\n|-end|p2a: Flutter Mane|Protosynthesis|[silent]\n|switch|p2a: Ninetales|Ninetales-Alola, L50, M|54\/100\n|-weather|Snow|[from] ability: Snow Warning|[of] p2a: Ninetales\n|move|p1a: Farigiraf|Dazzling Gleam|p2a: Ninetales|[spread] p2a,p2b\n|-damage|p2a: Ninetales|39\/100\n|-damage|p2b: Ogerpon|86\/100\n|move|p1b: Rillaboom|U-turn|p2b: Ogerpon\n|-supereffective|p2b: Ogerpon\n|-damage|p2b: Ogerpon|50\/100\n|\n|t:|1699846846\n|switch|p1b: Kommo-o|Kommo-o, L50, M|100\/100|[from] U-turn\n|-enditem|p1b: Kommo-o|Grassy Seed\n|-boost|p1b: Kommo-o|def|1|[from] item: Grassy Seed\n|move|p2b: Ogerpon|Horn Leech|p1a: Farigiraf\n|-crit|p1a: Farigiraf\n|-damage|p1a: Farigiraf|0 fnt\n|-heal|p2b: Ogerpon|78\/100|[from] drain|[of] p1a: Farigiraf\n|faint|p1a: Farigiraf\n|\n|-weather|Snow|[upkeep]\n|-heal|p2b: Ogerpon|84\/100|[from] Grassy Terrain\n|-heal|p2a: Ninetales|45\/100|[from] Grassy Terrain\n|upkeep\n|\n|t:|1699846861\n|switch|p1a: Rillaboom|Rillaboom, L50, F|94\/100\n|turn|7\n|inactive|Lab Gamer has 30 seconds left.\n|\n|t:|1699846891\n|switch|p2b: Flutter Mane|Flutter Mane, L50|14\/100\n|move|p1a: Rillaboom|Grassy Glide|p2a: Ninetales\n|-damage|p2a: Ninetales|21\/100\n|move|p1b: Kommo-o|Iron Defense|p1b: Kommo-o\n|-boost|p1b: Kommo-o|def|2\n|move|p2a: Ninetales|Moonblast|p1b: Kommo-o\n|-supereffective|p1b: Kommo-o\n|-damage|p1b: Kommo-o|0 fnt\n|faint|p1b: Kommo-o\n|\n|-weather|Snow|[upkeep]\n|-heal|p1a: Rillaboom|100\/100|[from] Grassy Terrain\n|-heal|p2a: Ninetales|27\/100|[from] Grassy Terrain\n|-heal|p2b: Flutter Mane|20\/100|[from] Grassy Terrain\n|upkeep\n|turn|8\n|inactive|Lab Gamer has 30 seconds left.\n|\n|t:|1699846921\n|move|p2a: Ninetales|Protect|p2a: Ninetales\n|-singleturn|p2a: Ninetales|Protect\n|move|p2b: Flutter Mane|Protect|p2b: Flutter Mane\n|-singleturn|p2b: Flutter Mane|Protect\n|move|p1a: Rillaboom|Grassy Glide|p2b: Flutter Mane\n|-activate|p2b: Flutter Mane|move: Protect\n|\n|-weather|Snow|[upkeep]\n|-heal|p2a: Ninetales|33\/100|[from] Grassy Terrain\n|-heal|p2b: Flutter Mane|26\/100|[from] Grassy Terrain\n|-sideend|p2: mofonguero|move: Aurora Veil\n|upkeep\n|turn|9\n|\n|t:|1699846934\n|-end|p2b: Flutter Mane|Protosynthesis|[silent]\n|switch|p2b: Ogerpon|Ogerpon-Wellspring, L50, F|84\/100\n|move|p1a: Rillaboom|Grassy Glide|p2b: Ogerpon\n|-damage|p2b: Ogerpon|43\/100\n|move|p2a: Ninetales|Aurora Veil|p2a: Ninetales\n|-sidestart|p2: mofonguero|move: Aurora Veil\n|\n|-weather|Snow|[upkeep]\n|-heal|p2b: Ogerpon|50\/100|[from] Grassy Terrain\n|-heal|p2a: Ninetales|39\/100|[from] Grassy Terrain\n|-fieldend|move: Trick Room\n|-fieldend|move: Grassy Terrain\n|upkeep\n|turn|10\n|\n|t:|1699846952\n|move|p2b: Ogerpon|Spiky Shield|p2b: Ogerpon\n|-singleturn|p2b: Ogerpon|move: Protect\n|move|p2a: Ninetales|Icy Wind|p1a: Rillaboom\n|-supereffective|p1a: Rillaboom\n|-damage|p1a: Rillaboom|73\/100\n|-unboost|p1a: Rillaboom|spe|1\n|move|p1a: Rillaboom|U-turn|p2a: Ninetales\n|-resisted|p2a: Ninetales\n|-damage|p2a: Ninetales|33\/100\n|\n|-weather|none\n|upkeep\n|turn|11\n|\n|t:|1699846966\n|move|p2a: Ninetales|Moonblast|p1a: Rillaboom\n|-damage|p1a: Rillaboom|51\/100\n|move|p2b: Ogerpon|Horn Leech|p1a: Rillaboom\n|-resisted|p1a: Rillaboom\n|-damage|p1a: Rillaboom|32\/100\n|-heal|p2b: Ogerpon|60\/100|[from] drain|[of] p1a: Rillaboom\n|move|p1a: Rillaboom|Grassy Glide|p2b: Ogerpon\n|-damage|p2b: Ogerpon|38\/100\n|\n|upkeep\n|turn|12\n|inactive|Lab Gamer has 30 seconds left.\n|\n|t:|1699846998\n|move|p2a: Ninetales|Moonblast|p1a: Rillaboom\n|-damage|p1a: Rillaboom|10\/100\n|move|p2b: Ogerpon|Horn Leech|p1a: Rillaboom\n|-resisted|p1a: Rillaboom\n|-damage|p1a: Rillaboom|0 fnt\n|-heal|p2b: Ogerpon|44\/100|[from] drain|[of] p1a: Rillaboom\n|faint|p1a: Rillaboom\n|\n|win|mofonguero\n|c|&|\/uhtml prompt-labgamer,Lab Gamer is ready for game 2!\n|c|&|\/uhtml prompt-mofonguero,mofonguero is ready for game 2!\nBoth players are ready! Starting next match!\n|l|\u2606Lab Gamer\n","uploadtime":1699847789,"views":27,"p1id":"labgamer","p2id":"mofonguero","formatid":"gen9vgc2023regulatione","rating":0,"private":0,"password":""}