{"id":"gen9vgc2023regulatione-1991364141","p1":"babiwi bewey\u2714\ufe0f","p2":"trainerrodpractice","format":"[Gen 9] VGC 2023 Regulation E","log":"|j|\u2606babiwi bewey\u2714\ufe0f\n|j|\u2606trainerrodpractice\n|n|\u2606babiwi bewey\u2714\ufe0f|babiwibewey\n|n|\u2606trainerrodpractice|trainerrodpractice\n|html|View the match progress at <a href=\"\/game-bestof3-gen9vgc2023regulatione-1991356866\">game-bestof3-gen9vgc2023regulatione-1991356866<\/a>\n|t:|1700070961\n|gametype|doubles\n|player|p1|babiwi bewey\u2714\ufe0f|valerie|\n|player|p2|trainerrodpractice|101|\n|teamsize|p1|6\n|teamsize|p2|6\n|gen|9\n|tier|[Gen 9] VGC 2023 Regulation E\n|rated|Tournament battle\n|rule|Species Clause: Limit one of each Pok\u00e9mon\n|rule|Item Clause: Limit one of each item\n|clearpoke\n|poke|p1|Dondozo, L50, M|\n|poke|p1|Tatsugiri, L50, M|\n|poke|p1|Ninetales-Alola, L50, F|\n|poke|p1|Heatran, L50, F|\n|poke|p1|Iron Hands, L50|\n|poke|p1|Glimmora, L50, F|\n|poke|p2|Roaring Moon, L50|\n|poke|p2|Empoleon, L50, M|\n|poke|p2|Ogerpon-Hearthflame, L50, F|\n|poke|p2|Landorus-Therian, L50, M|\n|poke|p2|Flutter Mane, L50|\n|poke|p2|Iron Hands, L50|\n|teampreview|4\n|showteam|p1|Dondozo||Leftovers|Unaware|Protect,WaveCrash,Substitute,OrderUp|||M|||50|,,,,,Dragon]Tatsugiri||AbilityShield|Commander|Protect,Taunt,DracoMeteor,MuddyWater|||M|||50|,,,,,Steel]Ninetales-Alola||LightClay|SnowWarning|Blizzard,Protect,AuroraVeil,Moonblast|||F|||50|,,,,,Ghost]Heatran||ShucaBerry|FlashFire|Protect,MagmaStorm,HeatWave,EarthPower|||F|||50|,,,,,Fairy]Iron Hands||AssaultVest|QuarkDrive|WildCharge,VoltSwitch,DrainPunch,FakeOut||||||50|,,,,,Grass]Glimmora||FocusSash|ToxicDebris|SpikyShield,PowerGem,EarthPower,MortalSpin|||F|||50|,,,,,Grass\n|showteam|p2|Roaring Moon||BoosterEnergy|Protosynthesis|KnockOff,Acrobatics,Protect,Tailwind||||||50|,,,,,Flying]Empoleon||SitrusBerry|Competitive|FlashCannon,IcyWind,Protect,Yawn|||M|||50|,,,,,Fairy]Ogerpon-Hearthflame||HearthflameMask|MoldBreaker|IvyCudgel,HornLeech,SpikyShield,SwordsDance|||F|||50|,,,,,Fire]Landorus-Therian||ChoiceScarf|Intimidate|StompingTantrum,RockSlide,TeraBlast,Uturn|||M|||50|,,,,,Flying]Flutter Mane||ChoiceSpecs|Protosynthesis|DazzlingGleam,Moonblast,ShadowBall,Thunderbolt||||||50|,,,,,Fairy]Iron Hands||AssaultVest|QuarkDrive|DrainPunch,WildCharge,FakeOut,HeavySlam||||||50|,,,,,Water\n|j| MorningElegy\n|j| Lawrence_lmao\n|j| KHSPokemon\n|j| somethingelse77\n|j| Think Storm\n|\n|t:|1700070989\n|start\n|switch|p1a: Glimmora|Glimmora, L50, F|100\/100\n|switch|p1b: Ninetales|Ninetales-Alola, L50, F|100\/100\n|switch|p2a: Ogerpon|Ogerpon-Hearthflame, L50, F|100\/100\n|switch|p2b: Iron Hands|Iron Hands, L50|100\/100\n|-weather|Snow|[from] ability: Snow Warning|[of] p1b: Ninetales\n|-ability|p2a: Ogerpon|Mold Breaker\n|turn|1\n|\n|t:|1700071012\n|move|p2b: Iron Hands|Fake Out|p1b: Ninetales\n|-damage|p1b: Ninetales|88\/100\n|cant|p1b: Ninetales|flinch\n|move|p2a: Ogerpon|Swords Dance|p2a: Ogerpon\n|-boost|p2a: Ogerpon|atk|2\n|move|p1a: Glimmora|Mortal Spin|p2b: Iron Hands|[spread] p2a,p2b\n|-supereffective|p2a: Ogerpon\n|-damage|p2a: Ogerpon|91\/100\n|-damage|p2b: Iron Hands|97\/100\n|-status|p2a: Ogerpon|psn\n|-status|p2b: Iron Hands|psn\n|\n|-weather|Snow|[upkeep]\n|-damage|p2a: Ogerpon|78\/100 psn|[from] psn\n|-damage|p2b: Iron Hands|85\/100 psn|[from] psn\n|upkeep\n|turn|2\n|j| O1OOO11O\n|\n|t:|1700071038\n|move|p1b: Ninetales|Protect|p1b: Ninetales\n|-singleturn|p1b: Ninetales|Protect\n|move|p1a: Glimmora|Spiky Shield|p1a: Glimmora\n|-singleturn|p1a: Glimmora|move: Protect\n|move|p2a: Ogerpon|Horn Leech|p1b: Ninetales\n|-activate|p1b: Ninetales|move: Protect\n|move|p2b: Iron Hands|Drain Punch|p1a: Glimmora\n|-activate|p1a: Glimmora|move: Protect\n|-damage|p2b: Iron Hands|73\/100 psn|[from] Spiky Shield|[of] p1a: Glimmora\n|\n|-weather|Snow|[upkeep]\n|-damage|p2a: Ogerpon|66\/100 psn|[from] psn\n|-damage|p2b: Iron Hands|61\/100 psn|[from] psn\n|upkeep\n|turn|3\n|\n|t:|1700071057\n|move|p1b: Ninetales|Aurora Veil|p1b: Ninetales\n|-sidestart|p1: babiwi bewey\u2714\ufe0f|move: Aurora Veil\n|move|p2a: Ogerpon|Horn Leech|p1b: Ninetales\n|-damage|p1b: Ninetales|49\/100\n|-heal|p2a: Ogerpon|85\/100 psn|[from] drain|[of] p1b: Ninetales\n|move|p1a: Glimmora|Power Gem|p2a: Ogerpon\n|-supereffective|p2a: Ogerpon\n|-damage|p2a: Ogerpon|1\/100 psn\n|move|p2b: Iron Hands|Drain Punch|p1a: Glimmora\n|-damage|p1a: Glimmora|70\/100\n|-heal|p2b: Iron Hands|72\/100 psn|[from] drain|[of] p1a: Glimmora\n|-activate|p1a: Glimmora|ability: Toxic Debris\n|-sidestart|p2: trainerrodpractice|move: Toxic Spikes\n|\n|-weather|Snow|[upkeep]\n|-damage|p2a: Ogerpon|0 fnt|[from] psn\n|faint|p2a: Ogerpon\n|-damage|p2b: Iron Hands|60\/100 psn|[from] psn\n|upkeep\n|\n|t:|1700071069\n|switch|p2a: Empoleon|Empoleon, L50, M|100\/100\n|turn|4\n|\n|t:|1700071084\n|move|p1a: Glimmora|Spiky Shield|p1a: Glimmora\n|-singleturn|p1a: Glimmora|move: Protect\n|move|p1b: Ninetales|Moonblast|p2b: Iron Hands\n|-supereffective|p2b: Iron Hands\n|-damage|p2b: Iron Hands|27\/100 psn\n|move|p2b: Iron Hands|Drain Punch|p1b: Ninetales\n|-damage|p1b: Ninetales|24\/100\n|-heal|p2b: Iron Hands|37\/100 psn|[from] drain|[of] p1b: Ninetales\n|move|p2a: Empoleon|Icy Wind|p1b: Ninetales|[spread] p1b\n|-activate|p1a: Glimmora|move: Protect\n|-resisted|p1b: Ninetales\n|-damage|p1b: Ninetales|20\/100\n|-unboost|p1b: Ninetales|spe|1\n|\n|-weather|Snow|[upkeep]\n|-damage|p2b: Iron Hands|25\/100 psn|[from] psn\n|upkeep\n|turn|5\n|\n|t:|1700071117\n|move|p1a: Glimmora|Earth Power|p2a: Empoleon\n|-supereffective|p2a: Empoleon\n|-damage|p2a: Empoleon|49\/100\n|-enditem|p2a: Empoleon|Sitrus Berry|[eat]\n|-heal|p2a: Empoleon|74\/100|[from] item: Sitrus Berry\n|move|p1b: Ninetales|Moonblast|p2b: Iron Hands\n|-supereffective|p2b: Iron Hands\n|-damage|p2b: Iron Hands|0 fnt\n|faint|p2b: Iron Hands\n|-end|p2b: Iron Hands|Quark Drive|[silent]\n|move|p2a: Empoleon|Flash Cannon|p1a: Glimmora\n|-supereffective|p1a: Glimmora\n|-damage|p1a: Glimmora|14\/100\n|\n|-weather|none\n|upkeep\n|\n|t:|1700071129\n|switch|p2b: Flutter Mane|Flutter Mane, L50|100\/100\n|-status|p2b: Flutter Mane|psn\n|turn|6\n|\n|t:|1700071151\n|-terastallize|p2b: Flutter Mane|Fairy\n|move|p2b: Flutter Mane|Moonblast|p1b: Ninetales\n|-damage|p1b: Ninetales|0 fnt\n|faint|p1b: Ninetales\n|move|p1a: Glimmora|Power Gem|p2b: Flutter Mane\n|-damage|p2b: Flutter Mane|63\/100 psn\n|move|p2a: Empoleon|Flash Cannon|p1a: Glimmora\n|-supereffective|p1a: Glimmora\n|-damage|p1a: Glimmora|0 fnt\n|faint|p1a: Glimmora\n|\n|-damage|p2b: Flutter Mane|50\/100 psn|[from] psn\n|upkeep\n|\n|t:|1700071159\n|switch|p1b: Tatsugiri|Tatsugiri, L50, M|100\/100\n|switch|p1a: Dondozo|Dondozo, L50, M|100\/100\n|-activate|p1b: Tatsugiri|ability: Commander|[of] p1a: Dondozo\n|-boost|p1a: Dondozo|atk|2\n|-boost|p1a: Dondozo|spa|2\n|-boost|p1a: Dondozo|spe|2\n|-boost|p1a: Dondozo|def|2\n|-boost|p1a: Dondozo|spd|2\n|turn|7\n|c|\u2606trainerrodpractice|I just threw big time, ggs\n|c|\u2606babiwi bewey\u2714\ufe0f|ggs\n|\n|t:|1700071173\n|move|p2b: Flutter Mane|Moonblast|p1a: Dondozo\n|-damage|p1a: Dondozo|75\/100\n|-unboost|p1a: Dondozo|spa|1\n|move|p1a: Dondozo|Wave Crash|p2b: Flutter Mane\n|-damage|p2b: Flutter Mane|0 fnt\n|faint|p2b: Flutter Mane\n|-end|p2b: Flutter Mane|Protosynthesis|[silent]\n|-damage|p1a: Dondozo|64\/100|[from] Recoil\n|move|p2a: Empoleon|Yawn|p1a: Dondozo\n|-start|p1a: Dondozo|move: Yawn|[of] p2a: Empoleon\n|\n|-heal|p1a: Dondozo|70\/100|[from] item: Leftovers\n|upkeep\n|turn|8\n|\n|t:|1700071185\n|move|p1a: Dondozo|Substitute|p1a: Dondozo\n|-start|p1a: Dondozo|Substitute\n|-damage|p1a: Dondozo|45\/100\n|move|p2a: Empoleon|Icy Wind|p1b: Tatsugiri|[spread] p1a\n|-miss|p2a: Empoleon|p1b: Tatsugiri\n|-resisted|p1a: Dondozo\n|-activate|p1a: Dondozo|move: Substitute|[damage]\n|\n|-heal|p1a: Dondozo|51\/100|[from] item: Leftovers\n|-end|p1a: Dondozo|move: Yawn|[silent]\n|-status|p1a: Dondozo|slp\n|upkeep\n|turn|9\n|c|\u2606babiwi bewey\u2714\ufe0f|sorry about the freeze g1 ;-;\n|\n|t:|1700071197\n|cant|p1a: Dondozo|slp\n|move|p2a: Empoleon|Icy Wind|p1b: Tatsugiri|[spread] p1a\n|-miss|p2a: Empoleon|p1b: Tatsugiri\n|-resisted|p1a: Dondozo\n|-activate|p1a: Dondozo|move: Substitute|[damage]\n|\n|-heal|p1a: Dondozo|58\/100 slp|[from] item: Leftovers\n|upkeep\n|turn|10\n|\n|t:|1700071203\n|cant|p1a: Dondozo|slp\n|move|p2a: Empoleon|Icy Wind|p1b: Tatsugiri|[spread] p1a\n|-miss|p2a: Empoleon|p1b: Tatsugiri\n|-resisted|p1a: Dondozo\n|-activate|p1a: Dondozo|move: Substitute|[damage]\n|\n|-heal|p1a: Dondozo|64\/100 slp|[from] item: Leftovers\n|-sideend|p1: babiwi bewey\u2714\ufe0f|move: Aurora Veil\n|upkeep\n|turn|11\n|\n|t:|1700071209\n|-curestatus|p1a: Dondozo|slp|[msg]\n|move|p1a: Dondozo|Order Up|p2a: Empoleon\n|-resisted|p2a: Empoleon\n|-damage|p2a: Empoleon|57\/100\n|-boost|p1a: Dondozo|atk|1\n|move|p2a: Empoleon|Icy Wind|p1a: Dondozo|[spread] p1a\n|-miss|p2a: Empoleon|p1b: Tatsugiri\n|-resisted|p1a: Dondozo\n|-activate|p1a: Dondozo|move: Substitute|[damage]\n|\n|-heal|p1a: Dondozo|70\/100|[from] item: Leftovers\n|upkeep\n|turn|12\n|l| O1OOO11O\n|-message|trainerrodpractice forfeited.\n|\n|win|babiwi bewey\u2714\ufe0f\n","uploadtime":1700071224,"views":13,"p1id":"babiwibewey","p2id":"trainerrodpractice","formatid":"gen9vgc2023regulatione","rating":0,"private":0,"password":""}