{"id":"gen9vgc2023regulatione-1989302592","p1":"LavaDieDry","p2":"ThetaB","format":"[Gen 9] VGC 2023 Regulation E","log":"|j|\u2606LavaDieDry\n|j|\u2606ThetaB\n|n|\u2606LavaDieDry|lavadiedry\n|n|\u2606ThetaB|thetab\n|html|View the match progress at <a href=\"\/game-bestof3-gen9vgc2023regulatione-1989299601\">game-bestof3-gen9vgc2023regulatione-1989299601<\/a>\n|t:|1699833918\n|gametype|doubles\n|player|p1|LavaDieDry|colress-gen7|\n|player|p2|ThetaB|palmer|\n|teamsize|p1|6\n|teamsize|p2|6\n|gen|9\n|tier|[Gen 9] VGC 2023 Regulation E\n|rule|Species Clause: Limit one of each Pok\u00e9mon\n|rule|Item Clause: Limit one of each item\n|clearpoke\n|poke|p1|Tornadus, L50, M|\n|poke|p1|Flutter Mane, L50|\n|poke|p1|Urshifu-*, L50, F|\n|poke|p1|Ogerpon-Wellspring, L50, F|\n|poke|p1|Heatran, L50, M|\n|poke|p1|Farigiraf, L50, F|\n|poke|p2|Flutter Mane, L50|\n|poke|p2|Ogerpon-Wellspring, L50, F|\n|poke|p2|Iron Hands, L50|\n|poke|p2|Kingambit, L50, F|\n|poke|p2|Clefairy, L50, M|\n|poke|p2|Landorus-Therian, L50, M|\n|teampreview|4\n|j| 25 to 6 or 4\n|inactive|Battle timer is ON: inactive players will automatically lose when time's up. (requested by LavaDieDry)\nThetaB has agreed to open team sheets.\n|inactive|LavaDieDry has 60 seconds left.\n|inactive|ThetaB has 60 seconds left.\n|inactive|LavaDieDry has 30 seconds left.\n|inactive|ThetaB has 30 seconds left.\n|inactive|LavaDieDry has 20 seconds left.\n|inactive|LavaDieDry has 15 seconds left.\n|inactive|LavaDieDry has 10 seconds left.\n|\n|t:|1699834004\n|start\n|switch|p1a: Ogerpon|Ogerpon-Wellspring, L50, F|100\/100\n|switch|p1b: Heatran|Heatran, L50, M|100\/100\n|switch|p2a: Flutter Mane|Flutter Mane, L50|100\/100\n|switch|p2b: Iron Hands|Iron Hands, L50|100\/100\n|turn|1\n|\n|t:|1699834028\n|move|p1a: Ogerpon|Spiky Shield|p1a: Ogerpon\n|-singleturn|p1a: Ogerpon|move: Protect\n|move|p1b: Heatran|Protect|p1b: Heatran\n|-singleturn|p1b: Heatran|Protect\n|move|p2b: Iron Hands|Fake Out|p1b: Heatran\n|-activate|p1b: Heatran|move: Protect\n|move|p2a: Flutter Mane|Moonblast|p1a: Ogerpon\n|-activate|p1a: Ogerpon|move: Protect\n|\n|upkeep\n|turn|2\n|inactive|LavaDieDry has 30 seconds left.\n|inactive|LavaDieDry has 20 seconds left.\n|inactive|LavaDieDry has 15 seconds left.\n|inactive|LavaDieDry has 10 seconds left.\n|\n|t:|1699834073\n|-end|p2a: Flutter Mane|Protosynthesis|[silent]\n|switch|p2a: Clefairy|Clefairy, L50, M|100\/100\n|switch|p1b: Flutter Mane|Flutter Mane, L50|100\/100\n|-enditem|p1b: Flutter Mane|Booster Energy\n|-activate|p1b: Flutter Mane|ability: Protosynthesis|[fromitem]\n|-start|p1b: Flutter Mane|protosynthesisspa\n|-terastallize|p2b: Iron Hands|Electric\n|move|p1a: Ogerpon|Ivy Cudgel|p2b: Iron Hands\n|-crit|p2b: Iron Hands\n|-damage|p2b: Iron Hands|54\/100\n|move|p2b: Iron Hands|Wild Charge|p1a: Ogerpon\n|-damage|p1a: Ogerpon|34\/100\n|-damage|p2b: Iron Hands|40\/100|[from] Recoil\n|\n|upkeep\n|turn|3\n|inactive|LavaDieDry has 30 seconds left.\n|inactive|ThetaB has 30 seconds left.\n|\n|t:|1699834108\n|-terastallize|p1b: Flutter Mane|Fairy\n|move|p1a: Ogerpon|Follow Me|p1a: Ogerpon\n|-singleturn|p1a: Ogerpon|move: Follow Me\n|move|p2a: Clefairy|Follow Me|p2a: Clefairy\n|-singleturn|p2a: Clefairy|move: Follow Me\n|move|p1b: Flutter Mane|Dazzling Gleam|p2a: Clefairy|[spread] p2a,p2b\n|-crit|p2a: Clefairy\n|-damage|p2a: Clefairy|27\/100\n|-damage|p2b: Iron Hands|19\/100\n|move|p2b: Iron Hands|Heavy Slam|p1a: Ogerpon\n|-resisted|p1a: Ogerpon\n|-damage|p1a: Ogerpon|13\/100\n|\n|upkeep\n|turn|4\n|\n|t:|1699834128\n|move|p2a: Clefairy|Protect|p2a: Clefairy\n|-singleturn|p2a: Clefairy|Protect\n|move|p1b: Flutter Mane|Dazzling Gleam|p2a: Clefairy|[spread] p2b\n|-activate|p2a: Clefairy|move: Protect\n|-damage|p2b: Iron Hands|0 fnt\n|faint|p2b: Iron Hands\n|-end|p2b: Iron Hands|Quark Drive|[silent]\n|move|p1a: Ogerpon|Horn Leech|p2a: Clefairy\n|-activate|p2a: Clefairy|move: Protect\n|\n|upkeep\n|\n|t:|1699834132\n|switch|p2b: Flutter Mane|Flutter Mane, L50|100\/100\n|turn|5\n|\n|t:|1699834137\n|move|p2a: Clefairy|Helping Hand|p2b: Flutter Mane\n|-singleturn|p2b: Flutter Mane|Helping Hand|[of] p2a: Clefairy\n|move|p1b: Flutter Mane|Protect|p1b: Flutter Mane\n|-singleturn|p1b: Flutter Mane|Protect\n|move|p1a: Ogerpon|Spiky Shield|p1a: Ogerpon\n|-singleturn|p1a: Ogerpon|move: Protect\n|move|p2b: Flutter Mane|Dazzling Gleam|p1b: Flutter Mane|[spread] \n|-activate|p1a: Ogerpon|move: Protect\n|-activate|p1b: Flutter Mane|move: Protect\n|\n|upkeep\n|turn|6\n|\n|t:|1699834157\n|switch|p1a: Heatran|Heatran, L50, M|100\/100\n|move|p2a: Clefairy|Follow Me|p2a: Clefairy\n|-singleturn|p2a: Clefairy|move: Follow Me\n|move|p2b: Flutter Mane|Dazzling Gleam|p1a: Heatran|[spread] p1a,p1b\n|-resisted|p1a: Heatran\n|-damage|p1a: Heatran|93\/100\n|-damage|p1b: Flutter Mane|58\/100\n|move|p1b: Flutter Mane|Dazzling Gleam|p2b: Flutter Mane|[spread] p2a,p2b\n|-damage|p2a: Clefairy|0 fnt\n|-damage|p2b: Flutter Mane|59\/100\n|faint|p2a: Clefairy\n|\n|-heal|p1a: Heatran|99\/100|[from] item: Leftovers\n|upkeep\n|\n|t:|1699834163\n|switch|p2a: Kingambit|Kingambit, L50, F|100\/100\n|turn|7\n|inactive|LavaDieDry has 30 seconds left.\n|\n|t:|1699834191\n|move|p2a: Kingambit|Sucker Punch|p1b: Flutter Mane\n|-resisted|p1b: Flutter Mane\n|-damage|p1b: Flutter Mane|17\/100\n|move|p2b: Flutter Mane|Dazzling Gleam|p1b: Flutter Mane|[spread] p1a,p1b\n|-resisted|p1a: Heatran\n|-damage|p1a: Heatran|92\/100\n|-damage|p1b: Flutter Mane|0 fnt\n|faint|p1b: Flutter Mane\n|-end|p1b: Flutter Mane|Protosynthesis|[silent]\n|move|p1a: Heatran|Flamethrower|p2a: Kingambit\n|-supereffective|p2a: Kingambit\n|-damage|p2a: Kingambit|14\/100\n|\n|-heal|p1a: Heatran|98\/100|[from] item: Leftovers\n|upkeep\n|\n|t:|1699834197\n|switch|p1b: Farigiraf|Farigiraf, L50, F|100\/100\n|turn|8\n|inactive|ThetaB has 30 seconds left.\n|\n|t:|1699834223\n|move|p2b: Flutter Mane|Dazzling Gleam|p1b: Farigiraf|[spread] p1a,p1b\n|-resisted|p1a: Heatran\n|-damage|p1a: Heatran|90\/100\n|-damage|p1b: Farigiraf|62\/100\n|move|p1a: Heatran|Flamethrower|p2a: Kingambit\n|-supereffective|p2a: Kingambit\n|-damage|p2a: Kingambit|0 fnt\n|faint|p2a: Kingambit\n|move|p1b: Farigiraf|Psyshock|p2b: Flutter Mane\n|-damage|p2b: Flutter Mane|17\/100\n|\n|-heal|p1a: Heatran|96\/100|[from] item: Leftovers\n|upkeep\n|turn|9\n|\n|t:|1699834237\n|move|p2b: Flutter Mane|Dazzling Gleam|p1b: Farigiraf|[spread] p1a,p1b\n|-resisted|p1a: Heatran\n|-damage|p1a: Heatran|88\/100\n|-damage|p1b: Farigiraf|24\/100\n|-enditem|p1b: Farigiraf|Sitrus Berry|[eat]\n|-heal|p1b: Farigiraf|49\/100|[from] item: Sitrus Berry\n|move|p1a: Heatran|Flash Cannon|p2b: Flutter Mane\n|-supereffective|p2b: Flutter Mane\n|-damage|p2b: Flutter Mane|0 fnt\n|faint|p2b: Flutter Mane\n|-end|p2b: Flutter Mane|Protosynthesis|[silent]\n|\n|win|LavaDieDry\n|c|&|\/uhtml prompt-thetab,ThetaB is ready for game 3!\n|c|&|\/uhtml prompt-lavadiedry,LavaDieDry is ready for game 3!\nBoth players are ready! Starting next match!\n|j| Pokemon19385\n|l| Pokemon19385\n|l|\u2606LavaDieDry\n","uploadtime":1699834785,"views":36,"p1id":"lavadiedry","p2id":"thetab","formatid":"gen9vgc2023regulatione","rating":0,"private":0,"password":""}