{"id":"gen9vgc2023regulatione-1998516905","p1":"That_Leek","p2":"MigraineMan","format":"[Gen 9] VGC 2023 Regulation E","log":"|j|\u2606That_Leek\n|j|\u2606MigraineMan\n|t:|1700951274\n|gametype|doubles\n|player|p1|That_Leek|blue|1528\n|player|p2|MigraineMan|emmet|1530\n|teamsize|p1|6\n|teamsize|p2|6\n|gen|9\n|tier|[Gen 9] VGC 2023 Regulation E\n|rated|\n|rule|Species Clause: Limit one of each Pok\u00e9mon\n|rule|Item Clause: Limit one of each item\n|clearpoke\n|poke|p1|Gholdengo, L50|\n|poke|p1|Ogerpon-Wellspring, L50, F|\n|poke|p1|Arcanine-Hisui, L50, M|\n|poke|p1|Chien-Pao, L50|\n|poke|p1|Scream Tail, L50|\n|poke|p1|Dragonite, L50, F|\n|poke|p2|Annihilape, L50, F|\n|poke|p2|Grimmsnarl, L50, M|\n|poke|p2|Sinistcha-Masterpiece, L50|\n|poke|p2|Regieleki, L50|\n|poke|p2|Iron Hands, L50|\n|poke|p2|Maushold-Four, L50|\n|teampreview|4\nThat_Leek has agreed to open team sheets.\n|\n|t:|1700951312\n|start\n|switch|p1a: Scream Tail|Scream Tail, L50|100\/100\n|switch|p1b: Gholdengo|Gholdengo, L50|100\/100\n|switch|p2a: Grimmsnarl|Grimmsnarl, L50, M|100\/100\n|switch|p2b: Iron Hands|Iron Hands, L50|100\/100\n|-enditem|p1a: Scream Tail|Booster Energy\n|-activate|p1a: Scream Tail|ability: Protosynthesis|[fromitem]\n|-start|p1a: Scream Tail|protosynthesisspe\n|turn|1\n|\n|t:|1700951320\n|move|p2a: Grimmsnarl|Light Screen|p2a: Grimmsnarl\n|-sidestart|p2: MigraineMan|move: Light Screen\n|move|p1a: Scream Tail|Thunder Wave|p2a: Grimmsnarl\n|-status|p2a: Grimmsnarl|par\n|move|p1b: Gholdengo|Nasty Plot|p1b: Gholdengo\n|-boost|p1b: Gholdengo|spa|2\n|move|p2b: Iron Hands|Wild Charge|p1b: Gholdengo\n|-damage|p1b: Gholdengo|53\/100\n|-damage|p2b: Iron Hands|91\/100|[from] Recoil\n|\n|upkeep\n|turn|2\n|\n|t:|1700951339\n|move|p2a: Grimmsnarl|Reflect|p2a: Grimmsnarl\n|-sidestart|p2: MigraineMan|Reflect\n|move|p1a: Scream Tail|Disable|p2b: Iron Hands\n|-start|p2b: Iron Hands|Disable|Wild Charge\n|move|p1b: Gholdengo|Nasty Plot|p1b: Gholdengo\n|-boost|p1b: Gholdengo|spa|2\n|cant|p2b: Iron Hands|Disable|Wild Charge\n|\n|upkeep\n|turn|3\n|\n|t:|1700951361\n|move|p1b: Gholdengo|Protect|p1b: Gholdengo\n|-singleturn|p1b: Gholdengo|Protect\n|move|p1a: Scream Tail|Howl|p1a: Scream Tail|[spread] p1a\n|-immune|p1b: Gholdengo|[from] ability: Good as Gold\n|-boost|p1a: Scream Tail|atk|1\n|move|p2b: Iron Hands|Heavy Slam|p1a: Scream Tail\n|-supereffective|p1a: Scream Tail\n|-damage|p1a: Scream Tail|32\/100\n|move|p2a: Grimmsnarl|Spirit Break|p1b: Gholdengo\n|-activate|p1b: Gholdengo|move: Protect\n|\n|upkeep\n|turn|4\n|\n|t:|1700951375\n|move|p1a: Scream Tail|Disable|p2a: Grimmsnarl\n|-start|p2a: Grimmsnarl|Disable|Spirit Break\n|move|p1b: Gholdengo|Make It Rain|p2a: Grimmsnarl|[spread] p2a,p2b\n|-supereffective|p2a: Grimmsnarl\n|-resisted|p2b: Iron Hands\n|-damage|p2a: Grimmsnarl|0 fnt\n|-damage|p2b: Iron Hands|64\/100\n|-unboost|p1b: Gholdengo|spa|1\n|faint|p2a: Grimmsnarl\n|move|p2b: Iron Hands|Heavy Slam|p1a: Scream Tail\n|-supereffective|p1a: Scream Tail\n|-damage|p1a: Scream Tail|0 fnt\n|faint|p1a: Scream Tail\n|-end|p1a: Scream Tail|Protosynthesis|[silent]\n|\n|upkeep\n|\n|t:|1700951382\n|switch|p1a: Arcanine|Arcanine-Hisui, L50, M|100\/100\n|switch|p2a: Annihilape|Annihilape, L50, F|100\/100\n|-ability|p1a: Arcanine|Intimidate|boost\n|-unboost|p2a: Annihilape|atk|1\n|-ability|p2a: Annihilape|Defiant|boost\n|-boost|p2a: Annihilape|atk|2\n|-unboost|p2b: Iron Hands|atk|1\n|turn|5\n|\n|t:|1700951393\n|-terastallize|p1a: Arcanine|Fairy\n|move|p2a: Annihilape|Protect|p2a: Annihilape\n|-singleturn|p2a: Annihilape|Protect\n|move|p1a: Arcanine|Tera Blast|p2a: Annihilape|[anim] Tera Blast Fairy\n|-activate|p2a: Annihilape|move: Protect\n|move|p1b: Gholdengo|Shadow Ball|p2b: Iron Hands\n|-damage|p2b: Iron Hands|27\/100\n|move|p2b: Iron Hands|Drain Punch|p1a: Arcanine\n|-resisted|p1a: Arcanine\n|-damage|p1a: Arcanine|83\/100\n|-heal|p2b: Iron Hands|34\/100|[from] drain|[of] p1a: Arcanine\n|\n|-end|p2b: Iron Hands|Disable\n|upkeep\n|turn|6\n|\n|t:|1700951412\n|-terastallize|p2a: Annihilape|Fire\n|move|p2a: Annihilape|Rage Fist|p1b: Gholdengo\n|-supereffective|p1b: Gholdengo\n|-damage|p1b: Gholdengo|1\/100\n|-enditem|p1b: Gholdengo|Sitrus Berry|[eat]\n|-heal|p1b: Gholdengo|26\/100|[from] item: Sitrus Berry\n|move|p1a: Arcanine|Tera Blast|p2a: Annihilape|[anim] Tera Blast Fairy\n|-resisted|p2a: Annihilape\n|-damage|p2a: Annihilape|78\/100\n|move|p1b: Gholdengo|Shadow Ball|p2b: Iron Hands\n|-damage|p2b: Iron Hands|0 fnt\n|faint|p2b: Iron Hands\n|-end|p2b: Iron Hands|Quark Drive|[silent]\n|\n|-heal|p2a: Annihilape|85\/100|[from] item: Leftovers\n|upkeep\n|\n|t:|1700951417\n|switch|p2b: Sinistcha|Sinistcha-Masterpiece, L50|100\/100\n|-heal|p2a: Annihilape|100\/100|[from] ability: Hospitality|[of] p2b: Sinistcha\n|turn|7\n|\n|t:|1700951431\n|switch|p1a: Ogerpon|Ogerpon-Wellspring, L50, F|100\/100\n|move|p1b: Gholdengo|Protect|p1b: Gholdengo\n|-singleturn|p1b: Gholdengo|Protect\n|move|p2a: Annihilape|Rage Fist|p1b: Gholdengo\n|-activate|p1b: Gholdengo|move: Protect\n|move|p2b: Sinistcha|Strength Sap|p1a: Ogerpon\n|-unboost|p1a: Ogerpon|atk|1\n|\n|upkeep\n|turn|8\n|\n|t:|1700951442\n|move|p1a: Ogerpon|Follow Me|p1a: Ogerpon\n|-singleturn|p1a: Ogerpon|move: Follow Me\n|move|p2a: Annihilape|Rage Fist|p1a: Ogerpon\n|-damage|p1a: Ogerpon|47\/100\n|move|p1b: Gholdengo|Shadow Ball|p2a: Annihilape\n|-damage|p2a: Annihilape|34\/100\n|move|p2b: Sinistcha|Calm Mind|p2b: Sinistcha\n|-boost|p2b: Sinistcha|spa|1\n|-boost|p2b: Sinistcha|spd|1\n|\n|-heal|p2a: Annihilape|40\/100|[from] item: Leftovers\n|-sideend|p2: MigraineMan|move: Light Screen\n|upkeep\n|turn|9\n|\n|t:|1700951470\n|move|p1a: Ogerpon|Follow Me|p1a: Ogerpon\n|-singleturn|p1a: Ogerpon|move: Follow Me\n|move|p2b: Sinistcha|Rage Powder|p2b: Sinistcha\n|-singleturn|p2b: Sinistcha|move: Rage Powder\n|move|p2a: Annihilape|Drain Punch|p1a: Ogerpon\n|-damage|p1a: Ogerpon|0 fnt\n|-heal|p2a: Annihilape|61\/100|[from] drain|[of] p1a: Ogerpon\n|faint|p1a: Ogerpon\n|move|p1b: Gholdengo|Shadow Ball|p2b: Sinistcha\n|-supereffective|p2b: Sinistcha\n|-damage|p2b: Sinistcha|0 fnt\n|faint|p2b: Sinistcha\n|\n|-heal|p2a: Annihilape|67\/100|[from] item: Leftovers\n|-sideend|p2: MigraineMan|Reflect\n|upkeep\n|\n|t:|1700951475\n|switch|p1a: Arcanine|Arcanine-Hisui, L50, M, tera:Fairy|83\/100\n|-ability|p1a: Arcanine|Intimidate|boost\n|-unboost|p2a: Annihilape|atk|1\n|-ability|p2a: Annihilape|Defiant|boost\n|-boost|p2a: Annihilape|atk|2\n|turn|10\n|\n|t:|1700951483\n|move|p2a: Annihilape|Protect|p2a: Annihilape\n|-singleturn|p2a: Annihilape|Protect\n|move|p1a: Arcanine|Rock Slide|p2a: Annihilape\n|-activate|p2a: Annihilape|move: Protect\n|move|p1b: Gholdengo|Shadow Ball|p2a: Annihilape\n|-activate|p2a: Annihilape|move: Protect\n|\n|-heal|p2a: Annihilape|74\/100|[from] item: Leftovers\n|upkeep\n|turn|11\n|\n|t:|1700951494\n|move|p2a: Annihilape|Rage Fist|p1a: Arcanine\n|-damage|p1a: Arcanine|0 fnt\n|faint|p1a: Arcanine\n|move|p1b: Gholdengo|Shadow Ball|p2a: Annihilape\n|-damage|p2a: Annihilape|0 fnt\n|faint|p2a: Annihilape\n|\n|win|That_Leek\n|raw|That_Leek's rating: 1502 &rarr; <strong>1524<\/strong><br \/>(+22 for winning)\n|raw|MigraineMan's rating: 1530 &rarr; <strong>1508<\/strong><br \/>(-22 for losing)\n","uploadtime":1700951498,"views":2,"p1id":"thatleek","p2id":"migraineman","formatid":"gen9vgc2023regulatione","rating":1508,"private":0,"password":""}