{"id":"gen9vgc2023regulatione-1996745629","p1":"brvce25","p2":"krowgamingfr","format":"[Gen 9] VGC 2023 Regulation E","log":"|j|\u2606brvce25\n|j|\u2606krowgamingfr\n|t:|1700718121\n|gametype|doubles\n|player|p1|brvce25|ninjaboy|1175\n|player|p2|krowgamingfr|169|1129\n|teamsize|p1|6\n|teamsize|p2|6\n|gen|9\n|tier|[Gen 9] VGC 2023 Regulation E\n|rated|\n|rule|Species Clause: Limit one of each Pok\u00e9mon\n|rule|Item Clause: Limit one of each item\n|clearpoke\n|poke|p1|Landorus, L50, M|\n|poke|p1|Tornadus, L50, M|\n|poke|p1|Heatran, L50, F|\n|poke|p1|Iron Bundle, L50|\n|poke|p1|Gastrodon, L50, F|\n|poke|p1|Lilligant-Hisui, L50, F|\n|poke|p2|Iron Hands, L50|\n|poke|p2|Flutter Mane, L50|\n|poke|p2|Lilligant-Hisui, L50, F|\n|poke|p2|Torkoal, L50, F|\n|poke|p2|Indeedee-F, L50, F|\n|poke|p2|Shiftry, L50, M|\n|teampreview|4\n|inactive|Battle timer is ON: inactive players will automatically lose when time's up. (requested by brvce25)\n|inactive|brvce25 has 60 seconds left.\n|\n|t:|1700718176\n|start\n|switch|p1a: Iron Bundle|Iron Bundle, L50|100\/100\n|switch|p1b: Heatran|Heatran, L50, F|100\/100\n|switch|p2a: Torkoal|Torkoal, L50, F|100\/100\n|switch|p2b: Lilligant|Lilligant-Hisui, L50, F|100\/100\n|-weather|SunnyDay|[from] ability: Drought|[of] p2a: Torkoal\n|-enditem|p1a: Iron Bundle|Booster Energy\n|-activate|p1a: Iron Bundle|ability: Quark Drive|[fromitem]\n|-start|p1a: Iron Bundle|quarkdrivespe\n|turn|1\n|\n|t:|1700718200\n|move|p1a: Iron Bundle|Protect|p1a: Iron Bundle\n|-singleturn|p1a: Iron Bundle|Protect\n|move|p2a: Torkoal|Protect|p2a: Torkoal\n|-singleturn|p2a: Torkoal|Protect\n|move|p2b: Lilligant|Sleep Powder|p1a: Iron Bundle\n|-activate|p1a: Iron Bundle|move: Protect\n|move|p1b: Heatran|Heat Wave|p2b: Lilligant|[spread] p2b\n|-activate|p2a: Torkoal|move: Protect\n|-supereffective|p2b: Lilligant\n|-enditem|p2b: Lilligant|Focus Sash\n|-damage|p2b: Lilligant|1\/100\n|\n|-weather|SunnyDay|[upkeep]\n|upkeep\n|turn|2\n|\n|t:|1700718224\n|switch|p2b: Shiftry|Shiftry, L50, M|100\/100\n|-end|p1a: Iron Bundle|Quark Drive|[silent]\n|switch|p1a: Gastrodon|Gastrodon, L50, F|100\/100\n|move|p1b: Heatran|Heat Wave|p2b: Shiftry|[spread] p2a\n|-ability|p2b: Shiftry|Wind Rider|boost\n|-boost|p2b: Shiftry|atk|1\n|-resisted|p2a: Torkoal\n|-damage|p2a: Torkoal|63\/100\n|move|p2a: Torkoal|Earth Power|p1b: Heatran\n|-supereffective|p1b: Heatran\n|-damage|p1b: Heatran|40\/100\n|\n|-weather|SunnyDay|[upkeep]\n|upkeep\n|turn|3\n|\n|t:|1700718247\n|switch|p1b: Tornadus|Tornadus, L50, M|100\/100\n|-terastallize|p1a: Gastrodon|Fire\n|move|p2b: Shiftry|Leaf Blade|p1a: Gastrodon\n|-resisted|p1a: Gastrodon\n|-damage|p1a: Gastrodon|65\/100\n|-damage|p2b: Shiftry|91\/100|[from] item: Life Orb\n|move|p1a: Gastrodon|Yawn|p2b: Shiftry\n|-start|p2b: Shiftry|move: Yawn|[of] p1a: Gastrodon\n|move|p2a: Torkoal|Earth Power|p1b: Tornadus\n|-immune|p1b: Tornadus\n|\n|-weather|SunnyDay|[upkeep]\n|upkeep\n|turn|4\n|inactive|brvce25 has 30 seconds left.\n|inactive|krowgamingfr has 30 seconds left.\n|\n|t:|1700718276\n|-terastallize|p2b: Shiftry|Normal\n|move|p2a: Torkoal|Protect|p2a: Torkoal\n|-singleturn|p2a: Torkoal|Protect\n|move|p1b: Tornadus|Tailwind|p1b: Tornadus\n|-sidestart|p1: brvce25|move: Tailwind\n|move|p2b: Shiftry|Explosion|p1b: Tornadus|[spread] p1a,p1b\n|-activate|p2a: Torkoal|move: Protect\n|-damage|p1a: Gastrodon|0 fnt\n|-damage|p1b: Tornadus|0 fnt\n|faint|p2b: Shiftry\n|faint|p1a: Gastrodon\n|faint|p1b: Tornadus\n|\n|-weather|SunnyDay|[upkeep]\n|upkeep\n|\n|t:|1700718289\n|switch|p1b: Heatran|Heatran, L50, F|40\/100\n|switch|p2b: Lilligant|Lilligant-Hisui, L50, F|1\/100\n|switch|p1a: Iron Bundle|Iron Bundle, L50|100\/100\n|turn|5\n|inactive|brvce25 has 30 seconds left.\n|c|\u2606krowgamingfr|ahahaha\n|c|\u2606krowgamingfr|you like?\n|inactive|brvce25 has 20 seconds left.\n|inactive|brvce25 has 15 seconds left.\n|inactive|brvce25 has 10 seconds left.\n|\n|t:|1700718334\n|move|p1a: Iron Bundle|Icy Wind|p2a: Torkoal|[spread] p2a,p2b\n|-resisted|p2a: Torkoal\n|-supereffective|p2b: Lilligant\n|-damage|p2a: Torkoal|51\/100\n|-damage|p2b: Lilligant|0 fnt\n|-unboost|p2a: Torkoal|spe|1\n|faint|p2b: Lilligant\n|move|p1b: Heatran|Tera Blast|p2a: Torkoal\n|-damage|p2a: Torkoal|13\/100\n|move|p2a: Torkoal|Earth Power|p1b: Heatran\n|-supereffective|p1b: Heatran\n|-damage|p1b: Heatran|0 fnt\n|faint|p1b: Heatran\n|\n|-weather|none\n|upkeep\n|\n|t:|1700718338\n|switch|p2b: Flutter Mane|Flutter Mane, L50|100\/100\n|-enditem|p2b: Flutter Mane|Booster Energy\n|-activate|p2b: Flutter Mane|ability: Protosynthesis|[fromitem]\n|-start|p2b: Flutter Mane|protosynthesisspa\n|turn|6\n|\n|t:|1700718359\n|move|p1a: Iron Bundle|Protect|p1a: Iron Bundle\n|-singleturn|p1a: Iron Bundle|Protect\n|move|p2a: Torkoal|Protect|p2a: Torkoal\n|-singleturn|p2a: Torkoal|Protect\n|move|p2b: Flutter Mane|Moonblast|p1a: Iron Bundle\n|-activate|p1a: Iron Bundle|move: Protect\n|\n|upkeep\n|turn|7\n|\n|t:|1700718370\n|move|p1a: Iron Bundle|Encore|p2a: Torkoal\n|-start|p2a: Torkoal|Encore\n|move|p2b: Flutter Mane|Moonblast|p1a: Iron Bundle\n|-damage|p1a: Iron Bundle|0 fnt\n|faint|p1a: Iron Bundle\n|-end|p1a: Iron Bundle|Quark Drive|[silent]\n|\n|win|krowgamingfr\n|raw|brvce25's rating: 1175 &rarr; <strong>1148<\/strong><br \/>(-27 for losing)\n|raw|krowgamingfr's rating: 1146 &rarr; <strong>1173<\/strong><br \/>(+27 for winning)\n|c|\u2606krowgamingfr|gg\n|l|\u2606brvce25\n","uploadtime":1700718384,"views":6,"p1id":"brvce25","p2id":"krowgamingfr","formatid":"gen9vgc2023regulatione","rating":1148,"private":0,"password":""}