{"id":"gen9vgc2023regulatione-1995606932","p1":"LegoInMyEggo","p2":"DoctorCaliente","format":"[Gen 9] VGC 2023 Regulation E","log":"|j|\u2606LegoInMyEggo\n|j|\u2606DoctorCaliente\n|n|\u2606LegoInMyEggo|legoinmyeggo\n|n|\u2606DoctorCaliente|doctorcaliente\n|html|View the match progress at <a href=\"\/game-bestof3-gen9vgc2023regulatione-1995606931\">game-bestof3-gen9vgc2023regulatione-1995606931<\/a>\n|t:|1700586985\n|gametype|doubles\n|player|p1|LegoInMyEggo|adaman|\n|player|p2|DoctorCaliente|169|\n|teamsize|p1|6\n|teamsize|p2|6\n|gen|9\n|tier|[Gen 9] VGC 2023 Regulation E\n|rule|Species Clause: Limit one of each Pok\u00e9mon\n|rule|Item Clause: Limit one of each item\n|clearpoke\n|poke|p1|Oranguru, L50, F|\n|poke|p1|Lilligant-Hisui, L50, F|\n|poke|p1|Landorus-Therian, L50, M|\n|poke|p1|Ursaluna-Bloodmoon, L50, M|\n|poke|p1|Torkoal, L50, M|\n|poke|p1|Hatterene, L50, F|\n|poke|p2|Ogerpon-Hearthflame, L50, F|\n|poke|p2|Thundurus, L50, M|\n|poke|p2|Grimmsnarl, L50, M|\n|poke|p2|Tyranitar, L50, M|\n|poke|p2|Spectrier, L50|\n|poke|p2|Sableye, L50, M|\n|teampreview|4\nLegoInMyEggo has agreed to open team sheets.\nDoctorCaliente has agreed to open team sheets.\n|showteam|p1|Oranguru||MentalHerb|InnerFocus|TrickRoom,Instruct,Psychic,BrickBreak|||F|||50|,,,,,Fairy]Lilligant-Hisui||FocusSash|Chlorophyll|CloseCombat,AfterYou,SolarBlade,SleepPowder|||F|||50|,,,,,Ghost]Landorus-Therian||ChoiceScarf|Intimidate|Uturn,StompingTantrum,RockSlide,TeraBlast|||M|||50|,,,,,Flying]Ursaluna-Bloodmoon||ThroatSpray|MindsEye|BloodMoon,EarthPower,HyperVoice,Protect|||M|||50|,,,,,Normal]Torkoal||Charcoal|Drought|HeatWave,Protect,Eruption,SolarBeam|||M|||50|,,,,,Grass]Hatterene||LifeOrb|MagicBounce|TrickRoom,DazzlingGleam,DarkPulse,Protect|||F|||50|,,,,,Steel\n|showteam|p2|Ogerpon-Hearthflame||HearthflameMask|MoldBreaker|IvyCudgel,HornLeech,StompingTantrum,SpikyShield|||F|||50|,,,,,Fire]Thundurus||ChoiceScarf|Defiant|WildCharge,KnockOff,Acrobatics,Uturn|||M|||50|,,,,,Steel]Grimmsnarl||LightClay|Prankster|FakeOut,SpiritBreak,LightScreen,Reflect|||M|||50|,,,,,Ghost]Tyranitar||AssaultVest|SandStream|TeraBlast,RockSlide,IcePunch,Assurance|||M|||50|,,,,,Flying]Spectrier||ChoiceSpecs|GrimNeigh|DarkPulse,ShadowBall,Psychic,TeraBlast||||||50|,,,,,Water]Sableye||EjectButton|Prankster|Encore,FoulPlay,WillOWisp,Quash|||M|||50|,,,,,Dark\n|\n|t:|1700587180\n|start\n|switch|p1a: Landorus|Landorus-Therian, L50, M|100\/100\n|switch|p1b: Hatterene|Hatterene, L50, F|100\/100\n|switch|p2a: Grimmsnarl|Grimmsnarl, L50, M|100\/100\n|switch|p2b: Thundurus|Thundurus, L50, M|100\/100\n|-ability|p1a: Landorus|Intimidate|boost\n|-unboost|p2a: Grimmsnarl|atk|1\n|-unboost|p2b: Thundurus|atk|1\n|-ability|p2b: Thundurus|Defiant|boost\n|-boost|p2b: Thundurus|atk|2\n|turn|1\n|\n|t:|1700587290\n|-terastallize|p2b: Thundurus|Steel\n|move|p1b: Hatterene|Protect|p1b: Hatterene\n|-singleturn|p1b: Hatterene|Protect\n|move|p2a: Grimmsnarl|Fake Out|p1b: Hatterene\n|-activate|p1b: Hatterene|move: Protect\n|move|p2b: Thundurus|Wild Charge|p1b: Hatterene\n|-activate|p1b: Hatterene|move: Protect\n|move|p1a: Landorus|Rock Slide|p2a: Grimmsnarl|[spread] p2a,p2b\n|-resisted|p2b: Thundurus\n|-damage|p2a: Grimmsnarl|76\/100\n|-damage|p2b: Thundurus|85\/100\n|\n|upkeep\n|turn|2\n|\n|t:|1700587315\n|switch|p1a: Ursaluna|Ursaluna-Bloodmoon, L50, M|100\/100\n|-terastallize|p1b: Hatterene|Steel\n|move|p2a: Grimmsnarl|Reflect|p2a: Grimmsnarl\n|-sidestart|p2: DoctorCaliente|Reflect\n|move|p2b: Thundurus|Wild Charge|p1b: Hatterene\n|-damage|p1b: Hatterene|21\/100\n|-damage|p2b: Thundurus|63\/100|[from] Recoil\n|move|p1b: Hatterene|Trick Room|p1b: Hatterene\n|-fieldstart|move: Trick Room|[of] p1b: Hatterene\n|\n|upkeep\n|turn|3\n|\n|t:|1700587354\n|switch|p2b: Bonkzilla|Tyranitar, L50, M|100\/100\n|-weather|Sandstorm|[from] ability: Sand Stream|[of] p2b: Bonkzilla\n|move|p2a: Grimmsnarl|Light Screen|p2a: Grimmsnarl\n|-sidestart|p2: DoctorCaliente|move: Light Screen\n|move|p1b: Hatterene|Dazzling Gleam|p2b: Bonkzilla|[spread] p2a,p2b\n|-supereffective|p2a: Grimmsnarl\n|-supereffective|p2b: Bonkzilla\n|-damage|p2a: Grimmsnarl|5\/100\n|-damage|p2b: Bonkzilla|74\/100\n|-damage|p1b: Hatterene|11\/100|[from] item: Life Orb\n|move|p1a: Ursaluna|Hyper Voice|p2b: Bonkzilla|[spread] p2a,p2b\n|-resisted|p2b: Bonkzilla\n|-damage|p2a: Grimmsnarl|0 fnt\n|-damage|p2b: Bonkzilla|69\/100\n|faint|p2a: Grimmsnarl\n|-enditem|p1a: Ursaluna|Throat Spray\n|-boost|p1a: Ursaluna|spa|1|[from] item: Throat Spray\n|\n|-weather|Sandstorm|[upkeep]\n|upkeep\n|\n|t:|1700587375\n|switch|p2a: Thundurus|Thundurus, L50, M, tera:Steel|63\/100\n|turn|4\n|\n|t:|1700587432\n|move|p1b: Hatterene|Dark Pulse|p2a: Thundurus\n|-damage|p2a: Thundurus|23\/100\n|-damage|p1b: Hatterene|2\/100|[from] item: Life Orb\n|move|p1a: Ursaluna|Earth Power|p2b: Bonkzilla\n|-supereffective|p2b: Bonkzilla\n|-damage|p2b: Bonkzilla|30\/100\n|move|p2b: Bonkzilla|Ice Punch|p1a: Ursaluna\n|-supereffective|p1a: Ursaluna\n|-crit|p1a: Ursaluna\n|-damage|p1a: Ursaluna|40\/100\n|move|p2a: Thundurus|Knock Off|p1b: Hatterene\n|-damage|p1b: Hatterene|0 fnt\n|-enditem|p1b: Hatterene|Life Orb|[from] move: Knock Off|[of] p2a: Thundurus\n|faint|p1b: Hatterene\n|\n|-weather|Sandstorm|[upkeep]\n|upkeep\n|\n|t:|1700587447\n|switch|p1b: Torkoal|Torkoal, L50, M|100\/100\n|-weather|SunnyDay|[from] ability: Drought|[of] p1b: Torkoal\n|turn|5\n|\n|t:|1700587495\n|move|p1b: Torkoal|Eruption|p2b: Bonkzilla|[spread] p2a,p2b\n|-supereffective|p2a: Thundurus\n|-resisted|p2b: Bonkzilla\n|-damage|p2a: Thundurus|0 fnt\n|-damage|p2b: Bonkzilla|14\/100\n|faint|p2a: Thundurus\n|move|p1a: Ursaluna|Hyper Voice|p2b: Bonkzilla\n|-resisted|p2b: Bonkzilla\n|-damage|p2b: Bonkzilla|0 fnt\n|faint|p2b: Bonkzilla\n|\n|-weather|SunnyDay|[upkeep]\n|upkeep\n|\n|t:|1700587505\n|switch|p2b: ON DA LORSE|Spectrier, L50|100\/100\n|turn|6\n|\n|t:|1700587525\n|move|p1b: Torkoal|Solar Beam||[still]\n|-prepare|p1b: Torkoal|Solar Beam\n|-anim|p1b: Torkoal|Solar Beam|p2b: ON DA LORSE\n|-damage|p2b: ON DA LORSE|71\/100\n|move|p1a: Ursaluna|Blood Moon|p2b: ON DA LORSE\n|-damage|p2b: ON DA LORSE|0 fnt\n|faint|p2b: ON DA LORSE\n|\n|win|LegoInMyEggo\n|inactive|LegoInMyEggo has 50 seconds to confirm battle start!\n|inactive|DoctorCaliente has 50 seconds to confirm battle start!\n|c|&|\/uhtml prompt-legoinmyeggo,LegoInMyEggo is ready for game 2!\n|inactive|DoctorCaliente has 40 seconds to confirm battle start!\n|c|&|\/uhtml prompt-doctorcaliente,DoctorCaliente is ready for game 2!\nBoth players are ready! Starting next match!\n|l|\u2606LegoInMyEggo\n","uploadtime":1700587977,"views":5,"p1id":"legoinmyeggo","p2id":"doctorcaliente","formatid":"gen9vgc2023regulatione","rating":0,"private":0,"password":""}