{"id":"gen9vgc2023regulatione-1990812916","p1":"TurboTurtleVGC","p2":"SwaseyVGC","format":"[Gen 9] VGC 2023 Regulation E","log":"|j|\u2606TurboTurtleVGC\n|j|\u2606SwaseyVGC\n|t:|1700003414\n|gametype|doubles\n|player|p1|TurboTurtleVGC|nanu|1251\n|player|p2|SwaseyVGC|265|1330\n|teamsize|p1|6\n|teamsize|p2|6\n|gen|9\n|tier|[Gen 9] VGC 2023 Regulation E\n|rated|\n|rule|Species Clause: Limit one of each Pok\u00e9mon\n|rule|Item Clause: Limit one of each item\n|clearpoke\n|poke|p1|Arcanine-Hisui, L50, M|\n|poke|p1|Chien-Pao, L50|\n|poke|p1|Roaring Moon, L50|\n|poke|p1|Urshifu-*, L50, M|\n|poke|p1|Clefairy, L50, M|\n|poke|p1|Gholdengo, L50|\n|poke|p2|Urshifu-*, L50, F|\n|poke|p2|Enamorus, L50, F|\n|poke|p2|Rillaboom, L50, F|\n|poke|p2|Roaring Moon, L50|\n|poke|p2|Arcanine-Hisui, L50, M|\n|poke|p2|Gholdengo, L50|\n|teampreview|4\nSwaseyVGC has agreed to open team sheets.\n|\n|t:|1700003467\n|start\n|switch|p1a: Urshifu|Urshifu-Rapid-Strike, L50, M|100\/100\n|switch|p1b: Chien-Pao|Chien-Pao, L50|100\/100\n|switch|p2a: Roaring Moon|Roaring Moon, L50|100\/100\n|switch|p2b: Rillaboom|Rillaboom, L50, F|100\/100\n|-ability|p1b: Chien-Pao|Sword of Ruin\n|-fieldstart|move: Grassy Terrain|[from] ability: Grassy Surge|[of] p2b: Rillaboom\n|-enditem|p2a: Roaring Moon|Booster Energy\n|-activate|p2a: Roaring Moon|ability: Protosynthesis|[fromitem]\n|-start|p2a: Roaring Moon|protosynthesisspe\n|turn|1\n|\n|t:|1700003510\n|switch|p1a: Arcanine|Arcanine-Hisui, L50, M, shiny|100\/100\n|-ability|p1a: Arcanine|Intimidate|boost\n|-unboost|p2a: Roaring Moon|atk|1\n|-unboost|p2b: Rillaboom|atk|1\n|move|p2b: Rillaboom|Fake Out|p1b: Chien-Pao\n|-damage|p1b: Chien-Pao|88\/100\n|move|p2a: Roaring Moon|Tailwind|p2a: Roaring Moon\n|-sidestart|p2: SwaseyVGC|move: Tailwind\n|cant|p1b: Chien-Pao|flinch\n|\n|-heal|p1b: Chien-Pao|93\/100|[from] Grassy Terrain\n|upkeep\n|turn|2\n|\n|t:|1700003535\n|-end|p2a: Roaring Moon|Protosynthesis|[silent]\n|switch|p2a: Arcanine|Arcanine-Hisui, L50, M|100\/100\n|-ability|p2a: Arcanine|Intimidate|boost\n|-unboost|p1a: Arcanine|atk|1\n|-unboost|p1b: Chien-Pao|atk|1\n|-terastallize|p1a: Arcanine|Normal\n|move|p1b: Chien-Pao|Protect|p1b: Chien-Pao\n|-singleturn|p1b: Chien-Pao|Protect\n|move|p1a: Arcanine|Extreme Speed|p2a: Arcanine\n|-resisted|p2a: Arcanine\n|-damage|p2a: Arcanine|75\/100\n|move|p2b: Rillaboom|U-turn|p1a: Arcanine\n|-damage|p1a: Arcanine|71\/100\n|\n|t:|1700003548\n|switch|p2b: Urshifu|Urshifu-Rapid-Strike, L50, F|100\/100|[from] U-turn\n|\n|-heal|p2a: Arcanine|81\/100|[from] Grassy Terrain\n|-heal|p1b: Chien-Pao|99\/100|[from] Grassy Terrain\n|-heal|p1a: Arcanine|77\/100|[from] Grassy Terrain\n|upkeep\n|turn|3\n|\n|t:|1700003569\n|switch|p1a: Urshifu|Urshifu-Rapid-Strike, L50, M|100\/100\n|move|p2b: Urshifu|Close Combat|p1a: Urshifu\n|-damage|p1a: Urshifu|20\/100\n|-unboost|p2b: Urshifu|def|1\n|-unboost|p2b: Urshifu|spd|1\n|move|p2a: Arcanine|Flare Blitz|p1b: Chien-Pao\n|-supereffective|p1b: Chien-Pao\n|-damage|p1b: Chien-Pao|0 fnt\n|faint|p1b: Chien-Pao\n|-damage|p2a: Arcanine|55\/100|[from] Recoil\n|\n|-heal|p2a: Arcanine|61\/100|[from] Grassy Terrain\n|-heal|p1a: Urshifu|27\/100|[from] Grassy Terrain\n|upkeep\n|\n|t:|1700003582\n|switch|p1b: Roaring Moon|Roaring Moon, L50|100\/100\n|-enditem|p1b: Roaring Moon|Booster Energy\n|-activate|p1b: Roaring Moon|ability: Protosynthesis|[fromitem]\n|-start|p1b: Roaring Moon|protosynthesisspe\n|turn|4\n|\n|t:|1700003609\n|switch|p2a: Rillaboom|Rillaboom, L50, F|100\/100\n|move|p1b: Roaring Moon|Tailwind|p1b: Roaring Moon\n|-sidestart|p1: TurboTurtleVGC|move: Tailwind\n|move|p1a: Urshifu|Surging Strikes|p2b: Urshifu\n|-resisted|p2b: Urshifu\n|-crit|p2b: Urshifu\n|-damage|p2b: Urshifu|84\/100\n|-resisted|p2b: Urshifu\n|-crit|p2b: Urshifu\n|-damage|p2b: Urshifu|66\/100\n|-resisted|p2b: Urshifu\n|-crit|p2b: Urshifu\n|-damage|p2b: Urshifu|50\/100\n|-hitcount|p2b: Urshifu|3\n|move|p2b: Urshifu|Close Combat|p1b: Roaring Moon\n|-supereffective|p1b: Roaring Moon\n|-damage|p1b: Roaring Moon|0 fnt\n|-unboost|p2b: Urshifu|def|1\n|-unboost|p2b: Urshifu|spd|1\n|faint|p1b: Roaring Moon\n|-end|p1b: Roaring Moon|Protosynthesis|[silent]\n|\n|-heal|p1a: Urshifu|33\/100|[from] Grassy Terrain\n|-heal|p2b: Urshifu|57\/100|[from] Grassy Terrain\n|-sideend|p2: SwaseyVGC|move: Tailwind\n|upkeep\n|\n|t:|1700003632\n|switch|p1b: Arcanine|Arcanine-Hisui, L50, M, shiny, tera:Normal|77\/100\n|-ability|p1b: Arcanine|Intimidate|boost\n|-unboost|p2a: Rillaboom|atk|1\n|-unboost|p2b: Urshifu|atk|1\n|turn|5\n|\n|t:|1700003657\n|switch|p2a: Arcanine|Arcanine-Hisui, L50, M|61\/100\n|-ability|p2a: Arcanine|Intimidate|boost\n|-unboost|p1a: Urshifu|atk|1\n|-unboost|p1b: Arcanine|atk|1\n|move|p1b: Arcanine|Flare Blitz|p2a: Arcanine\n|-resisted|p2a: Arcanine\n|-damage|p2a: Arcanine|47\/100\n|-damage|p1b: Arcanine|72\/100|[from] Recoil\n|move|p1a: Urshifu|Surging Strikes|p2b: Urshifu\n|-resisted|p2b: Urshifu\n|-crit|p2b: Urshifu\n|-damage|p2b: Urshifu|35\/100\n|-resisted|p2b: Urshifu\n|-crit|p2b: Urshifu\n|-damage|p2b: Urshifu|13\/100\n|-resisted|p2b: Urshifu\n|-crit|p2b: Urshifu\n|-damage|p2b: Urshifu|0 fnt\n|faint|p2b: Urshifu\n|-hitcount|p2: Urshifu|3\n|\n|-heal|p1b: Arcanine|78\/100|[from] Grassy Terrain\n|-heal|p1a: Urshifu|39\/100|[from] Grassy Terrain\n|-heal|p2a: Arcanine|53\/100|[from] Grassy Terrain\n|-fieldend|move: Grassy Terrain\n|upkeep\n|\n|t:|1700003675\n|switch|p2b: Roaring Moon|Roaring Moon, L50|100\/100\n|turn|6\n|\n|t:|1700003694\n|move|p1a: Urshifu|Protect|p1a: Urshifu\n|-singleturn|p1a: Urshifu|Protect\n|move|p2a: Arcanine|Extreme Speed|p1a: Urshifu\n|-activate|p1a: Urshifu|move: Protect\n|move|p1b: Arcanine|Flare Blitz|p2b: Roaring Moon\n|-resisted|p2b: Roaring Moon\n|-damage|p2b: Roaring Moon|69\/100\n|-damage|p1b: Arcanine|66\/100|[from] Recoil\n|move|p2b: Roaring Moon|Tailwind|p2b: Roaring Moon\n|-sidestart|p2: SwaseyVGC|move: Tailwind\n|\n|upkeep\n|turn|7\n|\n|t:|1700003713\n|move|p2a: Arcanine|Extreme Speed|p1a: Urshifu\n|-crit|p1a: Urshifu\n|-damage|p1a: Urshifu|0 fnt\n|faint|p1a: Urshifu\n|move|p2b: Roaring Moon|Breaking Swipe|p1b: Arcanine\n|-damage|p1b: Arcanine|24\/100\n|-unboost|p1b: Arcanine|atk|1\n|move|p1b: Arcanine|Flare Blitz|p2b: Roaring Moon\n|-resisted|p2b: Roaring Moon\n|-damage|p2b: Roaring Moon|43\/100\n|-damage|p1b: Arcanine|14\/100|[from] Recoil\n|\n|-sideend|p1: TurboTurtleVGC|move: Tailwind\n|upkeep\n|turn|8\n|-message|TurboTurtleVGC forfeited.\n|\n|win|SwaseyVGC\n|raw|TurboTurtleVGC's rating: 1251 &rarr; <strong>1232<\/strong><br \/>(-19 for losing)\n|raw|SwaseyVGC's rating: 1330 &rarr; <strong>1346<\/strong><br \/>(+16 for winning)\n|l|\u2606TurboTurtleVGC\n","uploadtime":1700003724,"views":24,"p1id":"turboturtlevgc","p2id":"swaseyvgc","formatid":"gen9vgc2023regulatione","rating":1232,"private":0,"password":""}