{"id":"gen9vgc2023regulatione-1998649898","p1":"oddjobskenn","p2":"Dracula Nosferatu","format":"[Gen 9] VGC 2023 Regulation E","log":"|j|\u2606oddjobskenn\n|j|\u2606Dracula Nosferatu\n|t:|1700967571\n|gametype|doubles\n|player|p1|oddjobskenn|unknown|1093\n|player|p2|Dracula Nosferatu|grimsley-gen7|1000\n|teamsize|p1|6\n|teamsize|p2|6\n|gen|9\n|tier|[Gen 9] VGC 2023 Regulation E\n|rated|\n|rule|Species Clause: Limit one of each Pok\u00e9mon\n|rule|Item Clause: Limit one of each item\n|clearpoke\n|poke|p1|Palafin, L50, F|\n|poke|p1|Tornadus, L50, M|\n|poke|p1|Rillaboom, L50, F|\n|poke|p1|Chien-Pao, L50|\n|poke|p1|Flutter Mane, L50|\n|poke|p1|Arcanine-Hisui, L50, M|\n|poke|p2|Urshifu-*, L50, M|\n|poke|p2|Tornadus, L50, M|\n|poke|p2|Heatran, L50, F|\n|poke|p2|Iron Hands, L50|\n|poke|p2|Gholdengo, L50|\n|poke|p2|Arcanine-Hisui, L50, M|\n|teampreview|4\n|inactive|Battle timer is ON: inactive players will automatically lose when time's up. (requested by Dracula Nosferatu)\n|inactive|oddjobskenn also wants the timer to be on.\n|inactive|Dracula Nosferatu has 60 seconds left.\n|\n|t:|1700967614\n|start\n|switch|p1a: Tornadus|Tornadus, L50, M|100\/100\n|switch|p1b: Flutter Mane|Flutter Mane, L50|100\/100\n|switch|p2a: Tornadus|Tornadus, L50, M|100\/100\n|switch|p2b: Heatran|Heatran, L50, F|100\/100\n|turn|1\n|\n|t:|1700967633\n|-end|p1b: Flutter Mane|Protosynthesis|[silent]\n|switch|p1b: Rillaboom|Rillaboom, L50, F|100\/100\n|-fieldstart|move: Grassy Terrain|[from] ability: Grassy Surge|[of] p1b: Rillaboom\n|move|p1a: Tornadus|Tailwind|p1a: Tornadus\n|-sidestart|p1: oddjobskenn|move: Tailwind\n|move|p2a: Tornadus|Sunny Day|p2a: Tornadus\n|-weather|SunnyDay\n|move|p2b: Heatran|Heat Wave|p1a: Tornadus|[spread] p1a,p1b\n|-supereffective|p1b: Rillaboom\n|-damage|p1a: Tornadus|20\/100\n|-damage|p1b: Rillaboom|0 fnt\n|faint|p1b: Rillaboom\n|-damage|p2b: Heatran|91\/100|[from] item: Life Orb\n|\n|-weather|SunnyDay|[upkeep]\n|-heal|p2b: Heatran|97\/100|[from] Grassy Terrain\n|upkeep\n|\n|t:|1700967649\n|switch|p1b: Arcanine|Arcanine-Hisui, L50, M|100\/100\n|-ability|p1b: Arcanine|Intimidate|boost\n|-unboost|p2a: Tornadus|atk|1\n|-unboost|p2b: Heatran|atk|1\n|turn|2\n|\n|t:|1700967670\n|-terastallize|p2b: Heatran|Fairy\n|move|p2a: Tornadus|Tailwind|p2a: Tornadus\n|-sidestart|p2: Dracula Nosferatu|move: Tailwind\n|move|p1a: Tornadus|Bleakwind Storm|p2b: Heatran|[spread] p2a,p2b\n|-damage|p2a: Tornadus|68\/100\n|-damage|p2b: Heatran|68\/100\n|move|p1b: Arcanine|Rock Slide|p2a: Tornadus|[spread] p2a,p2b\n|-supereffective|p2a: Tornadus\n|-damage|p2a: Tornadus|4\/100\n|-damage|p2b: Heatran|46\/100\n|move|p2b: Heatran|Earth Power|p1b: Arcanine\n|-supereffective|p1b: Arcanine\n|-damage|p1b: Arcanine|0 fnt\n|faint|p1b: Arcanine\n|-damage|p2b: Heatran|36\/100|[from] item: Life Orb\n|\n|-weather|SunnyDay|[upkeep]\n|-heal|p2b: Heatran|42\/100|[from] Grassy Terrain\n|upkeep\n|\n|t:|1700967689\n|switch|p1b: Flutter Mane|Flutter Mane, L50|100\/100\n|-activate|p1b: Flutter Mane|ability: Protosynthesis\n|-start|p1b: Flutter Mane|protosynthesisspa\n|turn|3\n|\n|t:|1700967706\n|move|p1a: Tornadus|Bleakwind Storm|p2b: Heatran|[spread] p2a,p2b\n|-damage|p2a: Tornadus|0 fnt\n|-damage|p2b: Heatran|13\/100\n|faint|p2a: Tornadus\n|move|p1b: Flutter Mane|Dazzling Gleam|p2b: Heatran\n|-damage|p2b: Heatran|0 fnt\n|faint|p2b: Heatran\n|\n|-weather|SunnyDay|[upkeep]\n|upkeep\n|\n|t:|1700967715\n|switch|p2a: Iron Hands|Iron Hands, L50|100\/100\n|switch|p2b: Arcanine|Arcanine-Hisui, L50, M|100\/100\n|-ability|p2b: Arcanine|Intimidate|boost\n|-unboost|p1a: Tornadus|atk|1\n|-unboost|p1b: Flutter Mane|atk|1\n|turn|4\n|\n|t:|1700967733\n|-terastallize|p1b: Flutter Mane|Fairy\n|move|p1a: Tornadus|Bleakwind Storm|p2a: Iron Hands|[spread] p2a,p2b\n|-resisted|p2b: Arcanine\n|-damage|p2a: Iron Hands|85\/100\n|-damage|p2b: Arcanine|81\/100\n|move|p1b: Flutter Mane|Dazzling Gleam|p2a: Iron Hands|[spread] p2a,p2b\n|-supereffective|p2a: Iron Hands\n|-resisted|p2b: Arcanine\n|-damage|p2a: Iron Hands|0 fnt\n|-damage|p2b: Arcanine|30\/100\n|faint|p2a: Iron Hands\n|-end|p2a: Iron Hands|Quark Drive|[silent]\n|move|p2b: Arcanine|Rock Slide|p1a: Tornadus|[spread] p1a,p1b\n|-supereffective|p1a: Tornadus\n|-damage|p1a: Tornadus|0 fnt\n|-damage|p1b: Flutter Mane|25\/100\n|faint|p1a: Tornadus\n|\n|-weather|SunnyDay|[upkeep]\n|-heal|p1b: Flutter Mane|31\/100|[from] Grassy Terrain\n|-heal|p2b: Arcanine|36\/100|[from] Grassy Terrain\n|-sideend|p1: oddjobskenn|move: Tailwind\n|upkeep\n|turn|5\n|\n|t:|1700967752\n|move|p2b: Arcanine|Rock Slide|p1b: Flutter Mane\n|-damage|p1b: Flutter Mane|0 fnt\n|faint|p1b: Flutter Mane\n|-end|p1b: Flutter Mane|Protosynthesis|[silent]\n|\n|win|Dracula Nosferatu\n|raw|oddjobskenn's rating: 1093 &rarr; <strong>1063<\/strong><br \/>(-30 for losing)\n|raw|Dracula Nosferatu's rating: 1000 &rarr; <strong>1050<\/strong><br \/>(+50 for winning)\n|c|\u2606Dracula Nosferatu|gg\n","uploadtime":1700967761,"views":6,"p1id":"oddjobskenn","p2id":"draculanosferatu","formatid":"gen9vgc2023regulatione","rating":1050,"private":0,"password":""}