{"id":"gen9vgc2023regulatione-1996467623","p1":"MasterArios","p2":"alexshyness","format":"[Gen 9] VGC 2023 Regulation E","log":"|j|\u2606MasterArios\n|j|\u2606alexshyness\n|t:|1700684875\n|gametype|doubles\n|player|p1|MasterArios|2|\n|player|p2|alexshyness|lyra|\n|teamsize|p1|6\n|teamsize|p2|6\n|gen|9\n|tier|[Gen 9] VGC 2023 Regulation E\n|rule|Species Clause: Limit one of each Pok\u00e9mon\n|rule|Item Clause: Limit one of each item\n|clearpoke\n|poke|p1|Maushold-Four, L50|\n|poke|p1|Annihilape, L50, M|\n|poke|p1|Meowscarada, L50, M|\n|poke|p1|Gothitelle, L50, M|\n|poke|p1|Dondozo, L50, M|\n|poke|p1|Iron Moth, L50|\n|poke|p2|Lilligant, L50, F|\n|poke|p2|Torkoal, L50, M|\n|poke|p2|Great Tusk, L50|\n|poke|p2|Maushold, L50|\n|poke|p2|Raichu, L50, M|\n|poke|p2|Flutter Mane, L50|\n|teampreview|4\n|j| drakig\n|j| gobuntu\n|j| Machado-1497\n|j| pololo543\n|j| JL_GAMER7\n|j| efedefelipe93\n|j| Jalexy325\n|c| drakig|podeis empezar\n|inactive|Battle timer is ON: inactive players will automatically lose when time's up. (requested by MasterArios)\n|\n|t:|1700684969\n|start\n|switch|p1a: Iron Moth|Iron Moth, L50|100\/100\n|switch|p1b: Gothitelle|Gothitelle, L50, M|100\/100\n|switch|p2a: Torkoal|Torkoal, L50, M|100\/100\n|switch|p2b: Nagi|Great Tusk, L50, shiny|100\/100\n|-weather|SunnyDay|[from] ability: Drought|[of] p2a: Torkoal\n|-activate|p2b: Nagi|ability: Protosynthesis\n|-start|p2b: Nagi|protosynthesisatk\n|-enditem|p1a: Iron Moth|Booster Energy\n|-activate|p1a: Iron Moth|ability: Quark Drive|[fromitem]\n|-start|p1a: Iron Moth|quarkdrivespa\n|turn|1\n|c|\u2606MasterArios|GL\n|\n|t:|1700684993\n|-terastallize|p2b: Nagi|Steel\n|-terastallize|p1a: Iron Moth|Fire\n|move|p1b: Gothitelle|Fake Out|p2b: Nagi\n|-resisted|p2b: Nagi\n|-damage|p2b: Nagi|98\/100\n|cant|p2b: Nagi|flinch\n|move|p1a: Iron Moth|Sludge Wave|p2b: Nagi|[spread] p1b,p2a\n|-immune|p2b: Nagi\n|-damage|p1b: Gothitelle|59\/100\n|-damage|p2a: Torkoal|33\/100\n|-status|p2a: Torkoal|psn\n|move|p2a: Torkoal|Earth Power|p1a: Iron Moth\n|-supereffective|p1a: Iron Moth\n|-damage|p1a: Iron Moth|46\/100\n|\n|-weather|SunnyDay|[upkeep]\n|-damage|p2a: Torkoal|20\/100 psn|[from] psn\n|upkeep\n|turn|2\n|inactive|alexshyness has 30 seconds left.\n|\n|t:|1700685022\n|move|p1b: Gothitelle|Protect|p1b: Gothitelle\n|-singleturn|p1b: Gothitelle|Protect\n|move|p2a: Torkoal|Protect|p2a: Torkoal\n|-singleturn|p2a: Torkoal|Protect\n|move|p2b: Nagi|Rock Slide|p1a: Iron Moth|[spread] p1a\n|-activate|p1b: Gothitelle|move: Protect\n|-supereffective|p1a: Iron Moth\n|-damage|p1a: Iron Moth|0 fnt\n|faint|p1a: Iron Moth\n|-end|p1a: Iron Moth|Quark Drive|[silent]\n|\n|-weather|SunnyDay|[upkeep]\n|-damage|p2a: Torkoal|8\/100 psn|[from] psn\n|upkeep\n|\n|t:|1700685038\n|switch|p1a: Annihilape|Annihilape, L50, M|100\/100\n|turn|3\n|\n|t:|1700685056\n|move|p2b: Nagi|Rock Slide|p1b: Gothitelle|[spread] p1a,p1b\n|-resisted|p1a: Annihilape\n|-damage|p1a: Annihilape|89\/100\n|-damage|p1b: Gothitelle|39\/100\n|-enditem|p1b: Gothitelle|Sitrus Berry|[eat]\n|-heal|p1b: Gothitelle|64\/100|[from] item: Sitrus Berry\n|move|p1a: Annihilape|Bulk Up|p1a: Annihilape\n|-boost|p1a: Annihilape|atk|1\n|-boost|p1a: Annihilape|def|1\n|move|p1b: Gothitelle|Psychic|p2b: Nagi\n|-resisted|p2b: Nagi\n|-damage|p2b: Nagi|76\/100\n|move|p2a: Torkoal|Flamethrower|p1b: Gothitelle\n|-damage|p1b: Gothitelle|5\/100\n|\n|-weather|SunnyDay|[upkeep]\n|-heal|p1a: Annihilape|95\/100|[from] item: Leftovers\n|-damage|p2a: Torkoal|0 fnt|[from] psn\n|faint|p2a: Torkoal\n|upkeep\n|\n|t:|1700685073\n|switch|p2a: Flutter Mane|Flutter Mane, L50|100\/100\n|-activate|p2a: Flutter Mane|ability: Protosynthesis\n|-start|p2a: Flutter Mane|protosynthesisspa\n|turn|4\n|\n|t:|1700685085\n|move|p1a: Annihilape|Protect|p1a: Annihilape\n|-singleturn|p1a: Annihilape|Protect\n|move|p2b: Nagi|Rock Slide|p1b: Gothitelle|[spread] p1b\n|-activate|p1a: Annihilape|move: Protect\n|-damage|p1b: Gothitelle|0 fnt\n|faint|p1b: Gothitelle\n|move|p2a: Flutter Mane|Moonblast|p1a: Annihilape\n|-activate|p1a: Annihilape|move: Protect\n|\n|-weather|SunnyDay|[upkeep]\n|-heal|p1a: Annihilape|100\/100|[from] item: Leftovers\n|upkeep\n|\n|t:|1700685093\n|switch|p1b: Meowscarada|Meowscarada, L50, M|100\/100\n|turn|5\n|\n|t:|1700685102\n|move|p2b: Nagi|Rock Slide|p1a: Annihilape|[spread] p1a,p1b\n|-resisted|p1a: Annihilape\n|-crit|p1b: Meowscarada\n|-damage|p1a: Annihilape|93\/100\n|-damage|p1b: Meowscarada|36\/100\n|move|p1b: Meowscarada|Flower Trick|p2a: Flutter Mane\n|-start|p1b: Meowscarada|typechange|Grass|[from] ability: Protean\n|-crit|p2a: Flutter Mane\n|-damage|p2a: Flutter Mane|0 fnt\n|faint|p2a: Flutter Mane\n|-end|p2a: Flutter Mane|Protosynthesis|[silent]\n|-damage|p1b: Meowscarada|26\/100|[from] item: Life Orb\n|move|p1a: Annihilape|Drain Punch|p2b: Nagi\n|-supereffective|p2b: Nagi\n|-damage|p2b: Nagi|0 fnt\n|-heal|p1a: Annihilape|100\/100|[from] drain|[of] p2b: Nagi\n|faint|p2b: Nagi\n|-end|p2b: Nagi|Protosynthesis|[silent]\n|\n|-weather|none\n|upkeep\n|\n|t:|1700685118\n|switch|p2b: ImByFree|Maushold, L50|100\/100\n|turn|6\n|\n|t:|1700685124\n|move|p1b: Meowscarada|Brick Break|p2b: ImByFree\n|-supereffective|p2b: ImByFree\n|-damage|p2b: ImByFree|7\/100\n|-damage|p1b: Meowscarada|16\/100|[from] item: Life Orb\n|move|p2b: ImByFree|Population Bomb|p1b: Meowscarada\n|-damage|p1b: Meowscarada|0 fnt\n|faint|p1b: Meowscarada\n|-hitcount|p1: Meowscarada|1\n|move|p1a: Annihilape|Drain Punch|p2b: ImByFree\n|-supereffective|p2b: ImByFree\n|-damage|p2b: ImByFree|0 fnt\n|faint|p2b: ImByFree\n|\n|win|MasterArios\n|c|\u2606MasterArios|GG\n|l| Jalexy325\n|c|\u2606alexshyness|gg\n","uploadtime":1700685138,"views":0,"p1id":"masterarios","p2id":"alexshyness","formatid":"gen9vgc2023regulatione","rating":0,"private":0,"password":""}