{"id":"gen9vgc2023regulatione-1993484363","p1":"Iesihs","p2":"Choruto","format":"[Gen 9] VGC 2023 Regulation E","log":"|j|\u2606Iesihs\n|j|\u2606Choruto\n|t:|1700323456\n|gametype|doubles\n|player|p1|Iesihs|2|1484\n|player|p2|Choruto|fisherman|1582\n|teamsize|p1|6\n|teamsize|p2|6\n|gen|9\n|tier|[Gen 9] VGC 2023 Regulation E\n|rated|\n|rule|Species Clause: Limit one of each Pok\u00e9mon\n|rule|Item Clause: Limit one of each item\n|clearpoke\n|poke|p1|Roaring Moon, L50|\n|poke|p1|Flutter Mane, L50|\n|poke|p1|Landorus-Therian, L50, M|\n|poke|p1|Heatran, L50, M|\n|poke|p1|Amoonguss, L50, M|\n|poke|p1|Iron Hands, L50|\n|poke|p2|Farigiraf, L50, F|\n|poke|p2|Sylveon, L50, F|\n|poke|p2|Arcanine-Hisui, L50, M|\n|poke|p2|Urshifu-*, L50, M|\n|poke|p2|Rillaboom, L50, M|\n|poke|p2|Tornadus, L50, M|\n|teampreview|4\nChoruto has agreed to open team sheets.\n|l|\u2606Iesihs\n|player|p1|\n|j|\u2606Iesihs\n|player|p1|Iesihs|2\n|inactive|Battle timer is ON: inactive players will automatically lose when time's up. (requested by Choruto)\n|\n|t:|1700323502\n|start\n|switch|p1a: Roaring Moon|Roaring Moon, L50|100\/100\n|switch|p1b: Landorus|Landorus-Therian, L50, M|100\/100\n|switch|p2a: Typhoon|Tornadus, L50, M, shiny|100\/100\n|switch|p2b: Napoleon|Urshifu-Rapid-Strike, L50, M|100\/100\n|-ability|p1b: Landorus|Intimidate|boost\n|-unboost|p2a: Typhoon|atk|1\n|-unboost|p2b: Napoleon|atk|1\n|-enditem|p1a: Roaring Moon|Booster Energy\n|-activate|p1a: Roaring Moon|ability: Protosynthesis|[fromitem]\n|-start|p1a: Roaring Moon|protosynthesisatk\n|turn|1\n|\n|t:|1700323520\n|switch|p1b: Amoonguss|Amoonguss, L50, M|100\/100\n|move|p2a: Typhoon|Tailwind|p2a: Typhoon\n|-sidestart|p2: Choruto|move: Tailwind\n|move|p2b: Napoleon|Close Combat|p1a: Roaring Moon\n|-supereffective|p1a: Roaring Moon\n|-damage|p1a: Roaring Moon|0 fnt\n|-unboost|p2b: Napoleon|def|1\n|-unboost|p2b: Napoleon|spd|1\n|faint|p1a: Roaring Moon\n|-end|p1a: Roaring Moon|Protosynthesis|[silent]\n|\n|upkeep\n|inactive|Iesihs has 30 seconds left.\n|\n|t:|1700323555\n|switch|p1a: Landorus|Landorus-Therian, L50, M|100\/100\n|-ability|p1a: Landorus|Intimidate|boost\n|-unboost|p2a: Typhoon|atk|1\n|-unboost|p2b: Napoleon|atk|1\n|turn|2\n|\n|t:|1700323573\n|switch|p2b: Rush|Arcanine-Hisui, L50, M, shiny|100\/100\n|-ability|p2b: Rush|Intimidate|boost\n|-unboost|p1a: Landorus|atk|1\n|-unboost|p1b: Amoonguss|atk|1\n|-terastallize|p1b: Amoonguss|Water\n|move|p1b: Amoonguss|Rage Powder|p1b: Amoonguss\n|-singleturn|p1b: Amoonguss|move: Rage Powder\n|move|p2a: Typhoon|Bleakwind Storm|p1a: Landorus|[spread] p1a,p1b\n|-damage|p1a: Landorus|42\/100\n|-damage|p1b: Amoonguss|54\/100\n|-unboost|p1b: Amoonguss|spe|1\n|move|p1a: Landorus|Stomping Tantrum|p2b: Rush\n|-supereffective|p2b: Rush\n|-damage|p2b: Rush|0 fnt\n|faint|p2b: Rush\n|\n|upkeep\n|\n|t:|1700323586\n|switch|p2b: Angel|Sylveon, L50, F, shiny|100\/100\n|turn|3\n|\n|t:|1700323609\n|switch|p1a: Heatran|Heatran, L50, M|100\/100\n|move|p1b: Amoonguss|Protect|p1b: Amoonguss\n|-singleturn|p1b: Amoonguss|Protect\n|move|p2a: Typhoon|Bleakwind Storm|p1a: Heatran|[spread] p1a\n|-activate|p1b: Amoonguss|move: Protect\n|-resisted|p1a: Heatran\n|-crit|p1a: Heatran\n|-damage|p1a: Heatran|69\/100\n|move|p2b: Angel|Hyper Voice|p1a: Heatran|[spread] p1a\n|-activate|p1b: Amoonguss|move: Protect\n|-resisted|p1a: Heatran\n|-damage|p1a: Heatran|57\/100\n|\n|-heal|p1a: Heatran|63\/100|[from] item: Leftovers\n|upkeep\n|turn|4\n|inactive|Iesihs has 30 seconds left.\n|\n|t:|1700323637\n|switch|p1b: Landorus|Landorus-Therian, L50, M|42\/100\n|-ability|p1b: Landorus|Intimidate|boost\n|-unboost|p2a: Typhoon|atk|1\n|-unboost|p2b: Angel|atk|1\n|move|p2a: Typhoon|Bleakwind Storm|p1a: Heatran|[spread] p1a\n|-miss|p2a: Typhoon|p1b: Landorus\n|-resisted|p1a: Heatran\n|-damage|p1a: Heatran|43\/100\n|move|p2b: Angel|Hyper Voice|p1a: Heatran|[spread] p1a,p1b\n|-resisted|p1a: Heatran\n|-damage|p1a: Heatran|30\/100\n|-damage|p1b: Landorus|0 fnt\n|faint|p1b: Landorus\n|move|p1a: Heatran|Heat Wave|p2a: Typhoon|[spread] p2a,p2b\n|-damage|p2a: Typhoon|55\/100\n|-damage|p2b: Angel|72\/100\n|\n|-heal|p1a: Heatran|37\/100|[from] item: Leftovers\n|-sideend|p2: Choruto|move: Tailwind\n|upkeep\n|\n|t:|1700323655\n|switch|p1b: Amoonguss|Amoonguss, L50, M, tera:Water|87\/100\n|turn|5\n|inactive|Iesihs has 30 seconds left.\n|\n|t:|1700323685\n|move|p2a: Typhoon|Bleakwind Storm|p1a: Heatran|[spread] p1b\n|-miss|p2a: Typhoon|p1a: Heatran\n|-damage|p1b: Amoonguss|44\/100\n|move|p1a: Heatran|Flash Cannon|p2b: Angel\n|-supereffective|p2b: Angel\n|-damage|p2b: Angel|8\/100\n|move|p2b: Angel|Hyper Voice|p1b: Amoonguss|[spread] p1a,p1b\n|-resisted|p1a: Heatran\n|-crit|p1b: Amoonguss\n|-damage|p1a: Heatran|26\/100\n|-damage|p1b: Amoonguss|0 fnt\n|faint|p1b: Amoonguss\n|\n|-heal|p1a: Heatran|32\/100|[from] item: Leftovers\n|upkeep\n|turn|6\n|-message|Iesihs forfeited.\n|\n|win|Choruto\n|raw|Iesihs's rating: 1484 &rarr; <strong>1469<\/strong><br \/>(-15 for losing)\n|raw|Choruto's rating: 1582 &rarr; <strong>1597<\/strong><br \/>(+15 for winning)\n|l|\u2606Iesihs\n|j|\u2606Iesihs\n|player|p1|Iesihs|2\n","uploadtime":1700323702,"views":11,"p1id":"iesihs","p2id":"choruto","formatid":"gen9vgc2023regulatione","rating":1469,"private":0,"password":""}