{"id":"gen9vgc2023regulatione-1999067850","p1":"Typonese","p2":"jomagames12","format":"[Gen 9] VGC 2023 Regulation E","log":"|j|\u2606Typonese\n|j|\u2606jomagames12\n|t:|1701029713\n|gametype|doubles\n|player|p1|Typonese|acetrainerf-gen4|1190\n|player|p2|jomagames12|giovanni|1289\n|teamsize|p1|6\n|teamsize|p2|6\n|gen|9\n|tier|[Gen 9] VGC 2023 Regulation E\n|rated|\n|rule|Species Clause: Limit one of each Pok\u00e9mon\n|rule|Item Clause: Limit one of each item\n|clearpoke\n|poke|p1|Iron Hands, L50|\n|poke|p1|Arcanine-Hisui, L50, M|\n|poke|p1|Gholdengo, L50|\n|poke|p1|Tornadus, L50, M|\n|poke|p1|Urshifu-*, L50, M|\n|poke|p1|Amoonguss, L50, F|\n|poke|p2|Shiftry, L50, F|\n|poke|p2|Bellibolt, L50, M|\n|poke|p2|Heatran, L50, M|\n|poke|p2|Dragonite, L50, M|\n|poke|p2|Floatzel, L50, M|\n|poke|p2|Kingambit, L50, F|\n|teampreview|4\n|inactive|Battle timer is ON: inactive players will automatically lose when time's up. (requested by jomagames12)\n|\n|t:|1701029793\n|start\n|switch|p1a: Iron Hands|Iron Hands, L50|100\/100\n|switch|p1b: Urshifu|Urshifu-Rapid-Strike, L50, M|100\/100\n|switch|p2a: Shiftry|Shiftry, L50, F|100\/100\n|switch|p2b: Heatran|Heatran, L50, M|100\/100\n|turn|1\n|inactive|Typonese has 30 seconds left.\n|inactive|jomagames12 has 30 seconds left.\n|\n|t:|1701029823\n|move|p1b: Urshifu|Detect|p1b: Urshifu\n|-singleturn|p1b: Urshifu|Protect\n|move|p2a: Shiftry|Fake Out|p1b: Urshifu\n|-activate|p1b: Urshifu|move: Protect\n|move|p2b: Heatran|Heat Wave|p1b: Urshifu|[spread] p1a\n|-activate|p1b: Urshifu|move: Protect\n|-damage|p1a: Iron Hands|80\/100\n|move|p1a: Iron Hands|Drain Punch|p2a: Shiftry\n|-supereffective|p2a: Shiftry\n|-crit|p2a: Shiftry\n|-enditem|p2a: Shiftry|Focus Sash\n|-damage|p2a: Shiftry|1\/100\n|-heal|p1a: Iron Hands|100\/100|[from] drain|[of] p2a: Shiftry\n|\n|upkeep\n|turn|2\n|inactive|Typonese has 30 seconds left.\n|inactive|jomagames12 has 30 seconds left.\n|inactive|Typonese has 20 seconds left.\n|inactive|jomagames12 has 20 seconds left.\n|inactive|Typonese has 15 seconds left.\n|inactive|jomagames12 has 15 seconds left.\n|inactive|Typonese has 10 seconds left.\n|\n|t:|1701029871\n|move|p1b: Urshifu|Surging Strikes|p2a: Shiftry\n|-resisted|p2a: Shiftry\n|-crit|p2a: Shiftry\n|-damage|p2a: Shiftry|0 fnt\n|faint|p2a: Shiftry\n|-hitcount|p2: Shiftry|1\n|move|p2b: Heatran|Earth Power|p1a: Iron Hands\n|-supereffective|p1a: Iron Hands\n|-damage|p1a: Iron Hands|65\/100\n|move|p1a: Iron Hands|Drain Punch|p2b: Heatran\n|-supereffective|p2b: Heatran\n|-damage|p2b: Heatran|28\/100\n|-heal|p1a: Iron Hands|93\/100|[from] drain|[of] p2b: Heatran\n|\n|upkeep\n|\n|t:|1701029879\n|switch|p2a: Bellibolt|Bellibolt, L50, M|100\/100\n|turn|3\n|\n|t:|1701029899\n|move|p1b: Urshifu|Detect|p1b: Urshifu\n|-singleturn|p1b: Urshifu|Protect\n|move|p2b: Heatran|Protect|p2b: Heatran\n|-singleturn|p2b: Heatran|Protect\n|move|p2a: Bellibolt|Parabolic Charge|p1b: Urshifu|[spread] p1a\n|-activate|p2b: Heatran|move: Protect\n|-activate|p1b: Urshifu|move: Protect\n|-resisted|p1a: Iron Hands\n|-damage|p1a: Iron Hands|86\/100\n|-damage|p2a: Bellibolt|91\/100|[from] item: Life Orb\n|move|p1a: Iron Hands|Drain Punch|p2b: Heatran\n|-activate|p2b: Heatran|move: Protect\n|\n|upkeep\n|turn|4\n|inactive|Typonese has 30 seconds left.\n|\n|t:|1701029924\n|-terastallize|p1b: Urshifu|Water\n|move|p1b: Urshifu|Surging Strikes|p2a: Bellibolt\n|-crit|p2a: Bellibolt\n|-damage|p2a: Bellibolt|63\/100\n|-start|p2a: Bellibolt|Charge|Surging Strikes|[from] ability: Electromorphosis\n|-crit|p2a: Bellibolt\n|-damage|p2a: Bellibolt|33\/100\n|-start|p2a: Bellibolt|Charge|Surging Strikes|[from] ability: Electromorphosis\n|-crit|p2a: Bellibolt\n|-damage|p2a: Bellibolt|6\/100\n|-start|p2a: Bellibolt|Charge|Surging Strikes|[from] ability: Electromorphosis\n|-hitcount|p2a: Bellibolt|3\n|move|p2b: Heatran|Earth Power|p1a: Iron Hands\n|-supereffective|p1a: Iron Hands\n|-damage|p1a: Iron Hands|53\/100\n|move|p2a: Bellibolt|Parabolic Charge|p1b: Urshifu|[spread] p2b,p1a,p1b\n|-resisted|p1a: Iron Hands\n|-supereffective|p1b: Urshifu\n|-damage|p2b: Heatran|0 fnt\n|-heal|p2a: Bellibolt|19\/100|[from] drain|[of] p2b: Heatran\n|-damage|p1a: Iron Hands|39\/100\n|-heal|p2a: Bellibolt|27\/100|[from] drain|[of] p1a: Iron Hands\n|-damage|p1b: Urshifu|0 fnt\n|-heal|p2a: Bellibolt|68\/100|[from] drain|[of] p1b: Urshifu\n|faint|p2b: Heatran\n|faint|p1b: Urshifu\n|-damage|p2a: Bellibolt|58\/100|[from] item: Life Orb\n|-end|p2a: Bellibolt|Charge|[silent]\n|move|p1a: Iron Hands|Drain Punch|p2a: Bellibolt\n|-damage|p2a: Bellibolt|19\/100\n|-heal|p1a: Iron Hands|56\/100|[from] drain|[of] p2a: Bellibolt\n|-start|p2a: Bellibolt|Charge|Drain Punch|[from] ability: Electromorphosis\n|\n|upkeep\n|inactive|Typonese has 30 seconds left.\n|inactive|jomagames12 has 30 seconds left.\n|\n|t:|1701029953\n|switch|p1b: Arcanine|Arcanine-Hisui, L50, M|100\/100\n|switch|p2b: Dragonite|Dragonite, L50, M|100\/100\n|-ability|p1b: Arcanine|Intimidate|boost\n|-unboost|p2a: Bellibolt|atk|1\n|-fail|p2b: Dragonite|unboost|Attack|[from] ability: Inner Focus|[of] p2b: Dragonite\n|turn|5\n|inactive|Typonese has 30 seconds left.\n|\n|t:|1701029981\n|move|p2a: Bellibolt|Protect|p2a: Bellibolt\n|-singleturn|p2a: Bellibolt|Protect\n|move|p1b: Arcanine|Rock Slide|p2a: Bellibolt|[spread] \n|-activate|p2a: Bellibolt|move: Protect\n|-miss|p1b: Arcanine|p2b: Dragonite\n|move|p2b: Dragonite|Stomping Tantrum|p1b: Arcanine\n|-supereffective|p1b: Arcanine\n|-damage|p1b: Arcanine|0 fnt\n|faint|p1b: Arcanine\n|move|p1a: Iron Hands|Wild Charge|p2b: Dragonite\n|-damage|p2b: Dragonite|49\/100\n|-damage|p1a: Iron Hands|46\/100|[from] Recoil\n|\n|upkeep\n|\n|t:|1701029991\n|switch|p1b: Amoonguss|Amoonguss, L50, F|100\/100\n|turn|6\n|\n|t:|1701030012\n|-terastallize|p2a: Bellibolt|Flying\n|move|p2b: Dragonite|Stomping Tantrum|p1a: Iron Hands\n|-supereffective|p1a: Iron Hands\n|-damage|p1a: Iron Hands|6\/100\n|move|p2a: Bellibolt|Tera Blast|p1b: Amoonguss|[anim] Tera Blast Flying\n|-supereffective|p1b: Amoonguss\n|-damage|p1b: Amoonguss|5\/100\n|-enditem|p1b: Amoonguss|Sitrus Berry|[eat]\n|-heal|p1b: Amoonguss|30\/100|[from] item: Sitrus Berry\n|-damage|p2a: Bellibolt|9\/100|[from] item: Life Orb\n|move|p1a: Iron Hands|Drain Punch|p2a: Bellibolt\n|-resisted|p2a: Bellibolt\n|-damage|p2a: Bellibolt|0 fnt\n|-heal|p1a: Iron Hands|10\/100|[from] drain|[of] p2a: Bellibolt\n|faint|p2a: Bellibolt\n|move|p1b: Amoonguss|Spore|p2b: Dragonite\n|-status|p2b: Dragonite|slp|[from] move: Spore\n|\n|upkeep\n|turn|7\n|\n|t:|1701030033\n|cant|p2b: Dragonite|slp\n|move|p1a: Iron Hands|Drain Punch|p2b: Dragonite\n|-resisted|p2b: Dragonite\n|-damage|p2b: Dragonite|28\/100 slp\n|-heal|p1a: Iron Hands|18\/100|[from] drain|[of] p2b: Dragonite\n|move|p1b: Amoonguss|Pollen Puff|p1a: Iron Hands\n|-heal|p1a: Iron Hands|67\/100\n|\n|upkeep\n|turn|8\n|-message|jomagames12 forfeited.\n|\n|win|Typonese\n|raw|Typonese's rating: 1190 &rarr; <strong>1222<\/strong><br \/>(+32 for winning)\n|raw|jomagames12's rating: 1289 &rarr; <strong>1257<\/strong><br \/>(-32 for losing)\n|l|\u2606jomagames12\n","uploadtime":1701030046,"views":19,"p1id":"typonese","p2id":"jomagames12","formatid":"gen9vgc2023regulatione","rating":1222,"private":0,"password":""}