{"id":"gen9vgc2023regulatione-1996210936","p1":"i_epix","p2":"Buff FlutterMane","format":"[Gen 9] VGC 2023 Regulation E","log":"|j|\u2606i_epix\n|j|\u2606Buff FlutterMane\n|t:|1700659607\n|gametype|doubles\n|player|p1|i_epix|169|1498\n|player|p2|Buff FlutterMane|turo|1540\n|teamsize|p1|6\n|teamsize|p2|6\n|gen|9\n|tier|[Gen 9] VGC 2023 Regulation E\n|rated|\n|rule|Species Clause: Limit one of each Pok\u00e9mon\n|rule|Item Clause: Limit one of each item\n|clearpoke\n|poke|p1|Dondozo, L50, M|\n|poke|p1|Tatsugiri, L50, M|\n|poke|p1|Pawmot, L50, M|\n|poke|p1|Ogerpon-Hearthflame, L50, F|\n|poke|p1|Sinistcha, L50|\n|poke|p1|Farigiraf, L50, M|\n|poke|p2|Rillaboom, L50, M|\n|poke|p2|Arcanine-Hisui, L50, M|\n|poke|p2|Landorus, L50, M|\n|poke|p2|Urshifu-*, L50, M|\n|poke|p2|Chien-Pao, L50|\n|poke|p2|Roaring Moon, L50|\n|teampreview|4\n|inactive|Battle timer is ON: inactive players will automatically lose when time's up. (requested by Buff FlutterMane)\n|inactive|i_epix also wants the timer to be on.\n|j| Haechu\n|c| Haechu|Yooo\n|c| Haechu|Don't mind me, I'm just here to watch higher level play\n|c| Haechu|glhf y'all\n|inactive|Buff FlutterMane has 60 seconds left.\n|\n|t:|1700659638\n|start\n|switch|p1a: Farigiraf|Farigiraf, L50, M|100\/100\n|switch|p1b: Pawmot|Pawmot, L50, M|100\/100\n|switch|p2a: AI Salamence|Roaring Moon, L50, shiny|100\/100\n|switch|p2b: Rillaboom|Rillaboom, L50, M, shiny|100\/100\n|-fieldstart|move: Grassy Terrain|[from] ability: Grassy Surge|[of] p2b: Rillaboom\n|-enditem|p2a: AI Salamence|Booster Energy\n|-activate|p2a: AI Salamence|ability: Protosynthesis|[fromitem]\n|-start|p2a: AI Salamence|protosynthesisspe\n|turn|1\n|\n|t:|1700659652\n|move|p2a: AI Salamence|Protect|p2a: AI Salamence\n|-singleturn|p2a: AI Salamence|Protect\n|move|p1b: Pawmot|Fake Out|p2a: AI Salamence\n|-activate|p2a: AI Salamence|move: Protect\n|move|p2b: Rillaboom|U-turn|p1a: Farigiraf\n|-supereffective|p1a: Farigiraf\n|-damage|p1a: Farigiraf|52\/100\n|-damage|p2b: Rillaboom|84\/100|[from] item: Rocky Helmet|[of] p1a: Farigiraf\n|\n|t:|1700659661\n|switch|p2b: Hiusi|Arcanine-Hisui, L50, M, shiny|100\/100|[from] U-turn\n|-ability|p2b: Hiusi|Intimidate|boost\n|-unboost|p1a: Farigiraf|atk|1\n|-unboost|p1b: Pawmot|atk|1\n|move|p1a: Farigiraf|Trick Room|p1a: Farigiraf\n|-fieldstart|move: Trick Room|[of] p1a: Farigiraf\n|\n|-heal|p1a: Farigiraf|58\/100|[from] Grassy Terrain\n|upkeep\n|turn|2\n|inactive|Buff FlutterMane has 30 seconds left.\n|inactive|Buff FlutterMane has 20 seconds left.\n|inactive|Buff FlutterMane has 15 seconds left.\n|\n|t:|1700659703\n|-end|p2a: AI Salamence|Protosynthesis|[silent]\n|switch|p2a: Rillaboom|Rillaboom, L50, M, shiny|84\/100\n|move|p1a: Farigiraf|Dazzling Gleam|p2a: Rillaboom|[spread] p2a,p2b\n|-resisted|p2b: Hiusi\n|-damage|p2a: Rillaboom|72\/100\n|-damage|p2b: Hiusi|87\/100\n|move|p1b: Pawmot|Close Combat|p2b: Hiusi\n|-supereffective|p2b: Hiusi\n|-damage|p2b: Hiusi|0 fnt\n|-unboost|p1b: Pawmot|def|1\n|-unboost|p1b: Pawmot|spd|1\n|faint|p2b: Hiusi\n|\n|-heal|p1a: Farigiraf|64\/100|[from] Grassy Terrain\n|-heal|p2a: Rillaboom|77\/100|[from] Grassy Terrain\n|upkeep\n|\n|t:|1700659717\n|switch|p2b: AI Salamence|Roaring Moon, L50, shiny|100\/100\n|turn|3\n|inactive|Buff FlutterMane has 30 seconds left.\n|\n|t:|1700659748\n|switch|p1b: Dondozo|Dondozo, L50, M|100\/100\n|-terastallize|p2b: AI Salamence|Poison\n|move|p1a: Farigiraf|Dazzling Gleam|p2a: Rillaboom|[spread] p2a,p2b\n|-resisted|p2b: AI Salamence\n|-damage|p2a: Rillaboom|63\/100\n|-damage|p2b: AI Salamence|92\/100\n|move|p2a: Rillaboom|Wood Hammer|p1b: Dondozo\n|-supereffective|p1b: Dondozo\n|-damage|p1b: Dondozo|13\/100\n|-damage|p2a: Rillaboom|28\/100|[from] Recoil\n|move|p2b: AI Salamence|Breaking Swipe|p1a: Farigiraf|[spread] p1a,p1b\n|-damage|p1a: Farigiraf|43\/100\n|-damage|p1b: Dondozo|0 fnt\n|-unboost|p1a: Farigiraf|atk|1\n|-damage|p2b: AI Salamence|75\/100|[from] item: Rocky Helmet|[of] p1a: Farigiraf\n|faint|p1b: Dondozo\n|\n|-heal|p1a: Farigiraf|49\/100|[from] Grassy Terrain\n|-heal|p2a: Rillaboom|33\/100|[from] Grassy Terrain\n|-heal|p2b: AI Salamence|81\/100|[from] Grassy Terrain\n|upkeep\n|\n|t:|1700659764\n|switch|p1b: Pawmot|Pawmot, L50, M|100\/100\n|turn|4\n|\n|t:|1700659785\n|move|p2b: AI Salamence|Protect|p2b: AI Salamence\n|-singleturn|p2b: AI Salamence|Protect\n|move|p1b: Pawmot|Fake Out|p2a: Rillaboom\n|-damage|p2a: Rillaboom|20\/100\n|move|p1a: Farigiraf|Psychic|p2b: AI Salamence\n|-activate|p2b: AI Salamence|move: Protect\n|cant|p2a: Rillaboom|flinch\n|\n|-heal|p1a: Farigiraf|56\/100|[from] Grassy Terrain\n|-heal|p2a: Rillaboom|26\/100|[from] Grassy Terrain\n|-heal|p2b: AI Salamence|87\/100|[from] Grassy Terrain\n|upkeep\n|turn|5\n|inactive|Buff FlutterMane has 30 seconds left.\n|\n|t:|1700659811\n|move|p2b: AI Salamence|Protect||[still]\n|-fail|p2b: AI Salamence\n|move|p1a: Farigiraf|Psychic|p2b: AI Salamence\n|-supereffective|p2b: AI Salamence\n|-damage|p2b: AI Salamence|3\/100\n|move|p2a: Rillaboom|Wood Hammer|p1b: Pawmot\n|-damage|p1b: Pawmot|10\/100\n|-damage|p2a: Rillaboom|0 fnt|[from] Recoil\n|faint|p2a: Rillaboom\n|move|p1b: Pawmot|Revival Blessing|p1b: Pawmot\n|\n|t:|1700659820\n|-heal|p1: Dondozo|50\/100|[from] move: Revival Blessing\n|\n|-heal|p1a: Farigiraf|62\/100|[from] Grassy Terrain\n|-heal|p1b: Pawmot|16\/100|[from] Grassy Terrain\n|-heal|p2b: AI Salamence|9\/100|[from] Grassy Terrain\n|-fieldend|move: Trick Room\n|-fieldend|move: Grassy Terrain\n|upkeep\n|\n|t:|1700659823\n|switch|p2a: Chien-Pao|Chien-Pao, L50|100\/100\n|-ability|p2a: Chien-Pao|Sword of Ruin\n|turn|6\n|inactive|i_epix has 30 seconds left.\n|\n|t:|1700659857\n|switch|p1b: Tatsugiri|Tatsugiri, L50, M|100\/100\n|move|p2a: Chien-Pao|Icicle Crash|p1a: Farigiraf\n|-damage|p1a: Farigiraf|0 fnt\n|faint|p1a: Farigiraf\n|move|p2b: AI Salamence|Breaking Swipe|p1b: Tatsugiri\n|-supereffective|p1b: Tatsugiri\n|-crit|p1b: Tatsugiri\n|-damage|p1b: Tatsugiri|0 fnt\n|faint|p1b: Tatsugiri\n|\n|upkeep\n|\n|t:|1700659867\n|switch|p1b: Pawmot|Pawmot, L50, M|16\/100\n|switch|p1a: Dondozo|Dondozo, L50, M|50\/100\n|turn|7\n|\n|t:|1700659879\n|move|p2a: Chien-Pao|Protect|p2a: Chien-Pao\n|-singleturn|p2a: Chien-Pao|Protect\n|move|p2b: AI Salamence|Protect|p2b: AI Salamence\n|-singleturn|p2b: AI Salamence|Protect\n|move|p1b: Pawmot|Fake Out|p2a: Chien-Pao\n|-activate|p2a: Chien-Pao|move: Protect\n|move|p1a: Dondozo|Wave Crash|p2a: Chien-Pao\n|-activate|p2a: Chien-Pao|move: Protect\n|\n|-heal|p1a: Dondozo|57\/100|[from] item: Leftovers\n|upkeep\n|turn|8\n|\n|t:|1700659899\n|move|p1a: Dondozo|Protect|p1a: Dondozo\n|-singleturn|p1a: Dondozo|Protect\n|move|p2a: Chien-Pao|Sucker Punch|p1b: Pawmot\n|-resisted|p1b: Pawmot\n|-damage|p1b: Pawmot|0 fnt\n|faint|p1b: Pawmot\n|move|p2b: AI Salamence|Knock Off|p1a: Dondozo\n|-activate|p1a: Dondozo|move: Protect\n|\n|-heal|p1a: Dondozo|63\/100|[from] item: Leftovers\n|upkeep\n|turn|9\n|\n|t:|1700659913\n|move|p2b: AI Salamence|Protect|p2b: AI Salamence\n|-singleturn|p2b: AI Salamence|Protect\n|move|p2a: Chien-Pao|Sucker Punch|p1a: Dondozo\n|-damage|p1a: Dondozo|31\/100\n|move|p1a: Dondozo|Order Up|p2b: AI Salamence\n|-activate|p2b: AI Salamence|move: Protect\n|\n|-heal|p1a: Dondozo|37\/100|[from] item: Leftovers\n|upkeep\n|turn|10\n|\n|t:|1700659923\n|move|p1a: Dondozo|Protect|p1a: Dondozo\n|-singleturn|p1a: Dondozo|Protect\n|move|p2a: Chien-Pao|Sucker Punch||[still]\n|-fail|p2a: Chien-Pao\n|move|p2b: AI Salamence|Knock Off|p1a: Dondozo\n|-activate|p1a: Dondozo|move: Protect\n|\n|-heal|p1a: Dondozo|43\/100|[from] item: Leftovers\n|upkeep\n|turn|11\n|\n|t:|1700659935\n|move|p2a: Chien-Pao|Icicle Crash|p1a: Dondozo\n|-resisted|p1a: Dondozo\n|-damage|p1a: Dondozo|24\/100\n|move|p2b: AI Salamence|Knock Off|p1a: Dondozo\n|-damage|p1a: Dondozo|0 fnt\n|-enditem|p1a: Dondozo|Leftovers|[from] move: Knock Off|[of] p2b: AI Salamence\n|faint|p1a: Dondozo\n|\n|win|Buff FlutterMane\n|raw|i_epix's rating: 1498 &rarr; <strong>1480<\/strong><br \/>(-18 for losing)\n|raw|Buff FlutterMane's rating: 1540 &rarr; <strong>1558<\/strong><br \/>(+18 for winning)\n|l|\u2606i_epix\n","uploadtime":1700659949,"views":20,"p1id":"iepix","p2id":"bufffluttermane","formatid":"gen9vgc2023regulatione","rating":1480,"private":0,"password":""}