{"id":"gen9vgc2023regulatione-1998423330","p1":"newusernovice","p2":"necrozma1","format":"[Gen 9] VGC 2023 Regulation E","log":"|j|\u2606newusernovice\n|j|\u2606necrozma1\n|t:|1700940672\n|gametype|doubles\n|player|p1|newusernovice|brawly|1505\n|player|p2|necrozma1|101|1536\n|teamsize|p1|6\n|teamsize|p2|6\n|gen|9\n|tier|[Gen 9] VGC 2023 Regulation E\n|rated|\n|rule|Species Clause: Limit one of each Pok\u00e9mon\n|rule|Item Clause: Limit one of each item\n|clearpoke\n|poke|p1|Regieleki, L50|\n|poke|p1|Indeedee-F, L50, F|\n|poke|p1|Flutter Mane, L50|\n|poke|p1|Chi-Yu, L50|\n|poke|p1|Tornadus, L50, M|\n|poke|p1|Ogerpon-Wellspring, L50, F|\n|poke|p2|Wo-Chien, L50|\n|poke|p2|Pelipper, L50, F|\n|poke|p2|Basculegion, L50, M|\n|poke|p2|Flutter Mane, L50|\n|poke|p2|Salamence, L50, M|\n|poke|p2|Iron Hands, L50|\n|teampreview|4\n|inactive|Battle timer is ON: inactive players will automatically lose when time's up. (requested by necrozma1)\n|inactive|newusernovice also wants the timer to be on.\nnecrozma1 has agreed to open team sheets.\n|inactive|newusernovice has 60 seconds left.\n|\n|t:|1700940731\n|start\n|switch|p1a: Flutter Mane|Flutter Mane, L50|100\/100\n|switch|p1b: Ogerpon|Ogerpon-Wellspring, L50, F|100\/100\n|switch|p2a: Wo-Chien|Wo-Chien, L50|100\/100\n|switch|p2b: Flutter Mane|Flutter Mane, L50|100\/100\n|-ability|p2a: Wo-Chien|Tablets of Ruin\n|turn|1\n|inactive|necrozma1 has 30 seconds left.\n|\n|t:|1700940756\n|-terastallize|p2b: Flutter Mane|Fairy\n|move|p1a: Flutter Mane|Moonblast|p2a: Wo-Chien\n|-supereffective|p2a: Wo-Chien\n|-damage|p2a: Wo-Chien|44\/100\n|move|p2b: Flutter Mane|Moonblast|p1b: Ogerpon\n|-damage|p1b: Ogerpon|14\/100\n|move|p1b: Ogerpon|Swords Dance|p1b: Ogerpon\n|-boost|p1b: Ogerpon|atk|2\n|move|p2a: Wo-Chien|Snarl|p1a: Flutter Mane|[spread] p1a,p1b\n|-crit|p1b: Ogerpon\n|-damage|p1a: Flutter Mane|80\/100\n|-damage|p1b: Ogerpon|0 fnt\n|-unboost|p1a: Flutter Mane|spa|1\n|faint|p1b: Ogerpon\n|\n|upkeep\n|\n|t:|1700940775\n|switch|p1b: Regieleki|Regieleki, L50, shiny|100\/100\n|turn|2\n|inactive|newusernovice has 30 seconds left.\n|inactive|newusernovice has 20 seconds left.\n|\n|t:|1700940810\n|-terastallize|p1a: Flutter Mane|Fairy\n|move|p1b: Regieleki|Thunderbolt|p2b: Flutter Mane\n|-damage|p2b: Flutter Mane|44\/100\n|move|p1a: Flutter Mane|Moonblast|p2a: Wo-Chien\n|-supereffective|p2a: Wo-Chien\n|-damage|p2a: Wo-Chien|0 fnt\n|faint|p2a: Wo-Chien\n|move|p2b: Flutter Mane|Moonblast|p1a: Flutter Mane\n|-damage|p1a: Flutter Mane|0 fnt\n|faint|p1a: Flutter Mane\n|-end|p1a: Flutter Mane|Protosynthesis|[silent]\n|\n|upkeep\n|\n|t:|1700940825\n|switch|p1a: Tornadus|Tornadus, L50, M, shiny|100\/100\n|switch|p2a: Basculegion|Basculegion, L50, M|100\/100\n|turn|3\n|inactive|newusernovice has 30 seconds left.\n|inactive|necrozma1 has 30 seconds left.\n|inactive|newusernovice has 20 seconds left.\n|inactive|necrozma1 has 20 seconds left.\n|inactive|newusernovice has 15 seconds left.\n|inactive|necrozma1 has 15 seconds left.\n|inactive|newusernovice has 10 seconds left.\n|\n|t:|1700940872\n|move|p1b: Regieleki|Thunderbolt|p2a: Basculegion\n|-supereffective|p2a: Basculegion\n|-damage|p2a: Basculegion|0 fnt\n|faint|p2a: Basculegion\n|move|p2b: Flutter Mane|Moonblast|p1b: Regieleki\n|-damage|p1b: Regieleki|0 fnt\n|faint|p1b: Regieleki\n|move|p1a: Tornadus|Bleakwind Storm|p2b: Flutter Mane\n|-damage|p2b: Flutter Mane|0 fnt\n|faint|p2b: Flutter Mane\n|-end|p2b: Flutter Mane|Protosynthesis|[silent]\n|\n|upkeep\n|\n|t:|1700940882\n|switch|p2b: Pelipper|Pelipper, L50, F|100\/100\n|-weather|RainDance|[from] ability: Drizzle|[of] p2b: Pelipper\n|turn|4\n|\n|t:|1700940894\n|move|p1a: Tornadus|Bleakwind Storm|p2b: Pelipper\n|-damage|p2b: Pelipper|12\/100\n|move|p2b: Pelipper|Weather Ball|p1a: Tornadus\n|-damage|p1a: Tornadus|22\/100\n|\n|-weather|RainDance|[upkeep]\n|upkeep\n|turn|5\n|-message|necrozma1 forfeited.\n|\n|win|newusernovice\n|raw|newusernovice's rating: 1505 &rarr; <strong>1527<\/strong><br \/>(+22 for winning)\n|raw|necrozma1's rating: 1536 &rarr; <strong>1514<\/strong><br \/>(-22 for losing)\n|l|\u2606necrozma1\n","uploadtime":1700940910,"views":3,"p1id":"newusernovice","p2id":"necrozma1","formatid":"gen9vgc2023regulatione","rating":1514,"private":0,"password":""}