{"id":"gen9vgc2023regulatione-1994578982","p1":"LiluziHit","p2":"Stryke Out","format":"[Gen 9] VGC 2023 Regulation E","log":"|j|\u2606LiluziHit\n|j|\u2606Stryke Out\n|n|\u2606LiluziHit|liluzihit\n|n|\u2606Stryke Out|strykeout\n|html|View the match progress at <a href=\"\/game-bestof3-gen9vgc2023regulatione-1994577762\">game-bestof3-gen9vgc2023regulatione-1994577762<\/a>\n|t:|1700463304\n|gametype|doubles\n|player|p1|LiluziHit|blue|\n|player|p2|Stryke Out|cynthia-gen4|\n|teamsize|p1|6\n|teamsize|p2|6\n|gen|9\n|tier|[Gen 9] VGC 2023 Regulation E\n|rule|Species Clause: Limit one of each Pok\u00e9mon\n|rule|Item Clause: Limit one of each item\n|clearpoke\n|poke|p1|Kingambit, L50, M|\n|poke|p1|Landorus-Therian, L50, M|\n|poke|p1|Ursaluna-Bloodmoon, L50, M|\n|poke|p1|Dusknoir, L50, M|\n|poke|p1|Munkidori, L50, M|\n|poke|p1|Furret, L50, M|\n|poke|p2|Ting-Lu, L50|\n|poke|p2|Bisharp, L50, F|\n|poke|p2|Moltres, L50|\n|poke|p2|Stantler, L50, M|\n|poke|p2|Basculegion-F, L50, F|\n|poke|p2|Tauros-Paldea-Combat, L50, M|\n|teampreview|4\n|\n|t:|1700463377\n|start\n|switch|p1a: Dusknoir|Dusknoir, L50, M|100\/100\n|switch|p1b: Munkidori|Munkidori, L50, M|100\/100\n|switch|p2a: Stantler|Stantler, L50, M|100\/100\n|switch|p2b: Ting-Lu|Ting-Lu, L50|100\/100\n|-item|p1a: Dusknoir|Mental Herb|[from] ability: Frisk|[of] p2a: Stantler|[identify]\n|-item|p1b: Munkidori|Wise Glasses|[from] ability: Frisk|[of] p2a: Stantler|[identify]\n|-ability|p2b: Ting-Lu|Vessel of Ruin\n|-item|p2a: Stantler|Sitrus Berry|[from] ability: Frisk|[of] p1a: Dusknoir|[identify]\n|-item|p2b: Ting-Lu|Assault Vest|[from] ability: Frisk|[of] p1a: Dusknoir|[identify]\n|turn|1\n|\n|t:|1700463420\n|switch|p2a: Bisharp|Bisharp, L50, F, shiny|100\/100\n|move|p1b: Munkidori|Fake Out|p2a: Bisharp\n|-resisted|p2a: Bisharp\n|-damage|p2a: Bisharp|98\/100\n|move|p1a: Dusknoir|Taunt|p2a: Bisharp\n|-start|p2a: Bisharp|move: Taunt\n|move|p2b: Ting-Lu|Fissure|p1a: Dusknoir|[miss]\n|-miss|p2b: Ting-Lu|p1a: Dusknoir\n|\n|upkeep\n|turn|2\n|\n|t:|1700463477\n|-terastallize|p2b: Ting-Lu|Fire\n|move|p1b: Munkidori|Protect|p1b: Munkidori\n|-singleturn|p1b: Munkidori|Protect\n|move|p2a: Bisharp|Sucker Punch||[still]\n|-fail|p2a: Bisharp\n|move|p2b: Ting-Lu|Throat Chop|p1a: Dusknoir\n|-supereffective|p1a: Dusknoir\n|-damage|p1a: Dusknoir|53\/100\n|-start|p1a: Dusknoir|Throat Chop|[silent]\n|move|p1a: Dusknoir|Will-O-Wisp|p2a: Bisharp\n|-status|p2a: Bisharp|brn\n|\n|-damage|p2a: Bisharp|92\/100 brn|[from] brn\n|upkeep\n|turn|3\n|\n|t:|1700463556\n|move|p1a: Dusknoir|Helping Hand|p1b: Munkidori\n|-singleturn|p1b: Munkidori|Helping Hand|[of] p1a: Dusknoir\n|move|p2a: Bisharp|Sucker Punch|p1b: Munkidori\n|-supereffective|p1b: Munkidori\n|-damage|p1b: Munkidori|52\/100\n|move|p1b: Munkidori|Shadow Ball|p2b: Ting-Lu\n|-damage|p2b: Ting-Lu|90\/100\n|move|p2b: Ting-Lu|Fissure|p1a: Dusknoir|[miss]\n|-miss|p2b: Ting-Lu|p1a: Dusknoir\n|\n|-damage|p2a: Bisharp|86\/100 brn|[from] brn\n|-end|p2a: Bisharp|move: Taunt\n|-end|p1a: Dusknoir|Throat Chop|[silent]\n|upkeep\n|turn|4\n|\n|t:|1700463575\n|switch|p1b: Ursaluna|Ursaluna-Bloodmoon, L50, M|100\/100\n|move|p2a: Bisharp|Taunt|p1a: Dusknoir\n|-start|p1a: Dusknoir|move: Taunt\n|-enditem|p1a: Dusknoir|Mental Herb\n|-end|p1a: Dusknoir|move: Taunt\n|move|p1a: Dusknoir|Taunt|p2a: Bisharp\n|-start|p2a: Bisharp|move: Taunt\n|move|p2b: Ting-Lu|Throat Chop|p1b: Ursaluna\n|-damage|p1b: Ursaluna|81\/100\n|-start|p1b: Ursaluna|Throat Chop|[silent]\n|\n|-damage|p2a: Bisharp|80\/100 brn|[from] brn\n|upkeep\n|turn|5\n|\n|t:|1700463625\n|-terastallize|p1b: Ursaluna|Normal\n|move|p1a: Dusknoir|Helping Hand|p1b: Ursaluna\n|-singleturn|p1b: Ursaluna|Helping Hand|[of] p1a: Dusknoir\n|move|p2a: Bisharp|Low Kick|p1b: Ursaluna\n|-supereffective|p1b: Ursaluna\n|-damage|p1b: Ursaluna|48\/100\n|move|p1b: Ursaluna|Earth Power|p2a: Bisharp\n|-supereffective|p2a: Bisharp\n|-damage|p2a: Bisharp|0 fnt\n|faint|p2a: Bisharp\n|move|p2b: Ting-Lu|Body Press|p1b: Ursaluna\n|-supereffective|p1b: Ursaluna\n|-damage|p1b: Ursaluna|17\/100\n|\n|-end|p1b: Ursaluna|Throat Chop|[silent]\n|upkeep\n|\n|t:|1700463638\n|switch|p2a: Basculegion|Basculegion-F, L50, F, shiny|100\/100\n|turn|6\n|l|\u2606LiluziHit\n|player|p1|\n|j|\u2606LiluziHit\n|player|p1|LiluziHit|blue\n|\n|t:|1700463675\n|switch|p1a: Landorus|Landorus-Therian, L50, M, shiny|100\/100\n|-ability|p1a: Landorus|Intimidate|boost\n|-unboost|p2a: Basculegion|atk|1\n|-unboost|p2b: Ting-Lu|atk|1\n|move|p1b: Ursaluna|Protect|p1b: Ursaluna\n|-singleturn|p1b: Ursaluna|Protect\n|move|p2a: Basculegion|Phantom Force||[still]\n|-prepare|p2a: Basculegion|Phantom Force\n|move|p2b: Ting-Lu|Body Press|p1b: Ursaluna\n|-activate|p1b: Ursaluna|move: Protect\n|\n|upkeep\n|turn|7\n|\n|t:|1700463701\n|switch|p1b: Munkidori|Munkidori, L50, M|52\/100\n|move|p1a: Landorus|Stomping Tantrum|p2b: Ting-Lu\n|-supereffective|p2b: Ting-Lu\n|-damage|p2b: Ting-Lu|37\/100\n|move|p2a: Basculegion|Phantom Force|p1a: Landorus|[from]lockedmove\n|-damage|p1a: Landorus|47\/100\n|-damage|p2a: Basculegion|91\/100|[from] item: Life Orb\n|move|p2b: Ting-Lu|Body Press|p1b: Munkidori\n|-resisted|p1b: Munkidori\n|-damage|p1b: Munkidori|46\/100\n|\n|upkeep\n|turn|8\n|\n|t:|1700463717\n|move|p2a: Basculegion|Aqua Jet|p1a: Landorus\n|-supereffective|p1a: Landorus\n|-damage|p1a: Landorus|0 fnt\n|faint|p1a: Landorus\n|-damage|p2a: Basculegion|81\/100|[from] item: Life Orb\n|move|p1b: Munkidori|Shadow Ball|p2a: Basculegion\n|-supereffective|p2a: Basculegion\n|-damage|p2a: Basculegion|47\/100\n|move|p2b: Ting-Lu|Throat Chop|p1b: Munkidori\n|-supereffective|p1b: Munkidori\n|-damage|p1b: Munkidori|0 fnt\n|faint|p1b: Munkidori\n|\n|upkeep\n|\n|t:|1700463728\n|switch|p1b: Dusknoir|Dusknoir, L50, M|53\/100\n|switch|p1a: Ursaluna|Ursaluna-Bloodmoon, L50, M, tera:Normal|17\/100\n|-item|p2a: Basculegion|Life Orb|[from] ability: Frisk|[of] p1b: Dusknoir|[identify]\n|-item|p2b: Ting-Lu|Assault Vest|[from] ability: Frisk|[of] p1b: Dusknoir|[identify]\n|turn|9\n|\n|t:|1700463744\n|move|p1b: Dusknoir|Helping Hand|p1a: Ursaluna\n|-singleturn|p1a: Ursaluna|Helping Hand|[of] p1b: Dusknoir\n|move|p2a: Basculegion|Aqua Jet|p1a: Ursaluna\n|-damage|p1a: Ursaluna|2\/100\n|-damage|p2a: Basculegion|37\/100|[from] item: Life Orb\n|move|p1a: Ursaluna|Hyper Voice|p2b: Ting-Lu|[spread] p2a,p2b\n|-crit|p2b: Ting-Lu\n|-damage|p2a: Basculegion|0 fnt\n|-damage|p2b: Ting-Lu|2\/100\n|faint|p2a: Basculegion\n|-enditem|p1a: Ursaluna|Throat Spray\n|-boost|p1a: Ursaluna|spa|1|[from] item: Throat Spray\n|move|p2b: Ting-Lu|Throat Chop|p1b: Dusknoir\n|-supereffective|p1b: Dusknoir\n|-damage|p1b: Dusknoir|20\/100\n|-start|p1b: Dusknoir|Throat Chop|[silent]\n|\n|upkeep\n|\n|t:|1700463751\n|switch|p2a: Stantler|Stantler, L50, M|100\/100\n|turn|10\n|\n|t:|1700463799\n|move|p1b: Dusknoir|Helping Hand|p1a: Ursaluna\n|-singleturn|p1a: Ursaluna|Helping Hand|[of] p1b: Dusknoir\n|move|p2a: Stantler|Hypnosis|p1a: Ursaluna|[miss]\n|-miss|p2a: Stantler|p1a: Ursaluna\n|move|p1a: Ursaluna|Hyper Voice|p2b: Ting-Lu|[spread] p2a,p2b\n|-damage|p2a: Stantler|4\/100\n|-damage|p2b: Ting-Lu|0 fnt\n|-enditem|p2a: Stantler|Sitrus Berry|[eat]\n|-heal|p2a: Stantler|29\/100|[from] item: Sitrus Berry\n|faint|p2b: Ting-Lu\n|\n|-end|p1b: Dusknoir|Throat Chop|[silent]\n|upkeep\n|turn|11\n|\n|t:|1700463825\n|move|p1b: Dusknoir|Helping Hand|p1a: Ursaluna\n|-singleturn|p1a: Ursaluna|Helping Hand|[of] p1b: Dusknoir\n|move|p2a: Stantler|Hypnosis|p1a: Ursaluna\n|-status|p1a: Ursaluna|slp|[from] move: Hypnosis\n|cant|p1a: Ursaluna|slp\n|\n|upkeep\n|turn|12\n|\n|t:|1700463838\n|cant|p1a: Ursaluna|slp\n|move|p2a: Stantler|Skill Swap|p1a: Ursaluna\n|-activate|p2a: Stantler|move: Skill Swap|Mind's Eye|Frisk|[of] p1a: Ursaluna\n|move|p1b: Dusknoir|Taunt|p2a: Stantler\n|-start|p2a: Stantler|move: Taunt\n|\n|upkeep\n|turn|13\n|\n|t:|1700463846\n|move|p1b: Dusknoir|Helping Hand|p1a: Ursaluna\n|-singleturn|p1a: Ursaluna|Helping Hand|[of] p1b: Dusknoir\n|-activate|p2a: Stantler|move: Struggle\n|move|p2a: Stantler|Struggle|p1b: Dusknoir\n|-damage|p1b: Dusknoir|12\/100\n|-damage|p2a: Stantler|4\/100|[from] recoil\n|-curestatus|p1a: Ursaluna|slp|[msg]\n|move|p1a: Ursaluna|Blood Moon|p2a: Stantler\n|-damage|p2a: Stantler|0 fnt\n|faint|p2a: Stantler\n|\n|win|LiluziHit\n|inactive|LiluziHit has 50 seconds to confirm battle start!\n|inactive|Stryke Out has 50 seconds to confirm battle start!\n|c|&|\/uhtml prompt-liluzihit,LiluziHit is ready for game 3!\n|c|&|\/uhtml prompt-strykeout,Stryke Out is ready for game 3!\nBoth players are ready! Starting next match!\n","uploadtime":1700464170,"views":8,"p1id":"liluzihit","p2id":"strykeout","formatid":"gen9vgc2023regulatione","rating":0,"private":0,"password":""}