{"id":"gen9vgc2023regulatione-2000176298","p1":"110i119p","p2":"Skyking17","format":"[Gen 9] VGC 2023 Regulation E","log":"|j|\u2606110i119p\n|j|\u2606Skyking17\n|t:|1701167651\n|gametype|doubles\n|player|p1|110i119p|bugcatcher-gen4dp|1231\n|player|p2|Skyking17|ethan|1248\n|teamsize|p1|6\n|teamsize|p2|6\n|gen|9\n|tier|[Gen 9] VGC 2023 Regulation E\n|rated|\n|rule|Species Clause: Limit one of each Pok\u00e9mon\n|rule|Item Clause: Limit one of each item\n|clearpoke\n|poke|p1|Regidrago, L50|\n|poke|p1|Scizor, L50, M|\n|poke|p1|Rillaboom, L50, M|\n|poke|p1|Urshifu-*, L50, M|\n|poke|p1|Amoonguss, L50, M|\n|poke|p1|Chi-Yu, L50|\n|poke|p2|Typhlosion, L50, M|\n|poke|p2|Lilligant-Hisui, L50, F|\n|poke|p2|Urshifu-*, L50, M|\n|poke|p2|Tornadus, L50, M|\n|poke|p2|Landorus-Therian, L50, M|\n|poke|p2|Flutter Mane, L50|\n|teampreview|4\n|inactive|Battle timer is ON: inactive players will automatically lose when time's up. (requested by 110i119p)\n|\n|t:|1701167669\n|start\n|switch|p1a: Scizor|Scizor, L50, M|100\/100\n|switch|p1b: Rillaboom|Rillaboom, L50, M|100\/100\n|switch|p2a: Tornadus|Tornadus, L50, M|100\/100\n|switch|p2b: Urshifu|Urshifu-Rapid-Strike, L50, M|100\/100\n|-fieldstart|move: Grassy Terrain|[from] ability: Grassy Surge|[of] p1b: Rillaboom\n|turn|1\n|\n|t:|1701167677\n|move|p2b: Urshifu|Detect|p2b: Urshifu\n|-singleturn|p2b: Urshifu|Protect\n|move|p1b: Rillaboom|Fake Out|p2b: Urshifu\n|-activate|p2b: Urshifu|move: Protect\n|move|p2a: Tornadus|Tailwind|p2a: Tornadus\n|-sidestart|p2: Skyking17|move: Tailwind\n|move|p1a: Scizor|Tailwind|p1a: Scizor\n|-sidestart|p1: 110i119p|move: Tailwind\n|\n|upkeep\n|turn|2\n|\n|t:|1701167699\n|move|p2b: Urshifu|Aqua Jet|p1a: Scizor\n|-damage|p1a: Scizor|75\/100\n|move|p1b: Rillaboom|Grassy Glide|p2b: Urshifu\n|-supereffective|p2b: Urshifu\n|-damage|p2b: Urshifu|27\/100\n|move|p2a: Tornadus|Bleakwind Storm|p1a: Scizor|[spread] p1b\n|-miss|p2a: Tornadus|p1a: Scizor\n|-supereffective|p1b: Rillaboom\n|-damage|p1b: Rillaboom|44\/100\n|-unboost|p1b: Rillaboom|spe|1\n|move|p1a: Scizor|U-turn|p2b: Urshifu\n|-resisted|p2b: Urshifu\n|-damage|p2b: Urshifu|9\/100\n|\n|t:|1701167715\n|switch|p1a: Urshifu|Urshifu-Rapid-Strike, L50, M|100\/100|[from] U-turn\n|\n|-heal|p2b: Urshifu|15\/100|[from] Grassy Terrain\n|-heal|p1b: Rillaboom|50\/100|[from] Grassy Terrain\n|upkeep\n|turn|3\n|\n|t:|1701167728\n|move|p2b: Urshifu|Detect|p2b: Urshifu\n|-singleturn|p2b: Urshifu|Protect\n|move|p2a: Tornadus|Sunny Day|p2a: Tornadus\n|-weather|SunnyDay\n|move|p1b: Rillaboom|Grassy Glide|p2b: Urshifu\n|-activate|p2b: Urshifu|move: Protect\n|move|p1a: Urshifu|Ice Spinner|p2a: Tornadus\n|-supereffective|p2a: Tornadus\n|-crit|p2a: Tornadus\n|-damage|p2a: Tornadus|0 fnt\n|-fieldend|move: Grassy Terrain\n|faint|p2a: Tornadus\n|\n|-weather|SunnyDay|[upkeep]\n|upkeep\n|\n|t:|1701167742\n|switch|p2a: Typhlosion|Typhlosion, L50, M|100\/100\n|turn|4\n|\n|t:|1701167750\n|switch|p1a: Chi-Yu|Chi-Yu, L50|100\/100\n|-ability|p1a: Chi-Yu|Beads of Ruin\n|-terastallize|p2a: Typhlosion|Fire\n|move|p2a: Typhlosion|Eruption|p1a: Chi-Yu|[spread] p1a,p1b\n|-resisted|p1a: Chi-Yu\n|-crit|p1a: Chi-Yu\n|-supereffective|p1b: Rillaboom\n|-enditem|p1a: Chi-Yu|Focus Sash\n|-damage|p1a: Chi-Yu|1\/100\n|-damage|p1b: Rillaboom|0 fnt\n|faint|p1b: Rillaboom\n|move|p2b: Urshifu|Close Combat|p1a: Chi-Yu\n|-supereffective|p1a: Chi-Yu\n|-damage|p1a: Chi-Yu|0 fnt\n|-unboost|p2b: Urshifu|def|1\n|-unboost|p2b: Urshifu|spd|1\n|faint|p1a: Chi-Yu\n|\n|-weather|SunnyDay|[upkeep]\n|-sideend|p1: 110i119p|move: Tailwind\n|-sideend|p2: Skyking17|move: Tailwind\n|upkeep\n|\n|t:|1701167761\n|switch|p1a: Scizor|Scizor, L50, M|75\/100\n|switch|p1b: Urshifu|Urshifu-Rapid-Strike, L50, M|100\/100\n|turn|5\n|\n|t:|1701167781\n|move|p1b: Urshifu|Surging Strikes|p2a: Typhlosion\n|-supereffective|p2a: Typhlosion\n|-crit|p2a: Typhlosion\n|-damage|p2a: Typhlosion|72\/100\n|-supereffective|p2a: Typhlosion\n|-crit|p2a: Typhlosion\n|-damage|p2a: Typhlosion|43\/100\n|-supereffective|p2a: Typhlosion\n|-crit|p2a: Typhlosion\n|-damage|p2a: Typhlosion|14\/100\n|-hitcount|p2a: Typhlosion|3\n|move|p2a: Typhlosion|Solar Beam||[still]\n|-prepare|p2a: Typhlosion|Solar Beam\n|-anim|p2a: Typhlosion|Solar Beam|p1b: Urshifu\n|-supereffective|p1b: Urshifu\n|-damage|p1b: Urshifu|1\/100\n|move|p2b: Urshifu|Close Combat|p1a: Scizor\n|-damage|p1a: Scizor|15\/100\n|-unboost|p2b: Urshifu|def|1\n|-unboost|p2b: Urshifu|spd|1\n|move|p1a: Scizor|Tailwind|p1a: Scizor\n|-sidestart|p1: 110i119p|move: Tailwind\n|\n|-weather|SunnyDay|[upkeep]\n|upkeep\n|turn|6\n|\n|t:|1701167801\n|move|p2b: Urshifu|Aqua Jet|p1b: Urshifu\n|-resisted|p1b: Urshifu\n|-damage|p1b: Urshifu|0 fnt\n|faint|p1b: Urshifu\n|move|p1a: Scizor|Dual Wingbeat|p2b: Urshifu\n|-supereffective|p2b: Urshifu\n|-damage|p2b: Urshifu|0 fnt\n|faint|p2b: Urshifu\n|-hitcount|p2: Urshifu|1\n|move|p2a: Typhlosion|Eruption|p1a: Scizor\n|-supereffective|p1a: Scizor\n|-damage|p1a: Scizor|0 fnt\n|faint|p1a: Scizor\n|\n|win|Skyking17\n|raw|110i119p's rating: 1231 &rarr; <strong>1207<\/strong><br \/>(-24 for losing)\n|raw|Skyking17's rating: 1248 &rarr; <strong>1272<\/strong><br \/>(+24 for winning)\n|l|\u2606110i119p\n","uploadtime":1701167820,"views":11,"p1id":"110i119p","p2id":"skyking17","formatid":"gen9vgc2023regulatione","rating":1207,"private":0,"password":""}