{"id":"gen9vgc2023regulatione-1994501951","p1":"WickedCheeseTouch","p2":"P0keknight","format":"[Gen 9] VGC 2023 Regulation E","log":"|j|\u2606WickedCheeseTouch\n|j|\u2606P0keknight\n|t:|1700451467\n|gametype|doubles\n|player|p1|WickedCheeseTouch|lucas|\n|player|p2|P0keknight|bea|\n|teamsize|p1|6\n|teamsize|p2|6\n|gen|9\n|tier|[Gen 9] VGC 2023 Regulation E\n|rated|Tournament battle\n|rule|Species Clause: Limit one of each Pok\u00e9mon\n|rule|Item Clause: Limit one of each item\n|clearpoke\n|poke|p1|Roaring Moon, L50|\n|poke|p1|Rillaboom, L50, M|\n|poke|p1|Clefairy, L50, F|\n|poke|p1|Arcanine-Hisui, L50, M|\n|poke|p1|Urshifu-*, L50, M|\n|poke|p1|Gholdengo, L50|\n|poke|p2|Sandslash-Alola, L50, F|\n|poke|p2|Ninetales-Alola, L50, M|\n|poke|p2|Ursaluna-Bloodmoon, L50, M|\n|poke|p2|Roaring Moon, L50|\n|poke|p2|Sinistcha-Masterpiece, L50|\n|poke|p2|Iron Hands, L50|\n|teampreview|4\n|showteam|p1|Roaring Moon||BoosterEnergy|Protosynthesis|BreakingSwipe,Tailwind,KnockOff,Protect||||||50|,,,,,Poison]Rillaboom||AssaultVest|GrassySurge|FakeOut,WoodHammer,GrassyGlide,HighHorsepower|||M|||50|,,,,,Fire]Clefairy||Eviolite|FriendGuard|FollowMe,HealPulse,Encore,Protect|||F|||50|,,,,,Grass]Arcanine-Hisui||SitrusBerry|Intimidate|FlareBlitz,RockSlide,WillOWisp,Protect|||M|||50|,,,,,Water]Urshifu-Rapid-Strike||MysticWater|UnseenFist|SurgingStrikes,CloseCombat,AquaJet,Protect|||M|||50|,,,,,Water]Gholdengo||Leftovers|GoodasGold|MakeItRain,ShadowBall,NastyPlot,Protect||||||50|,,,,,Dragon\n|showteam|p2|Sandslash-Alola||ClearAmulet|SlushRush|IcicleCrash,SwordsDance,IronHead,Protect|||F|||50|,,,,,Dragon]Ninetales-Alola||LightClay|SnowWarning|Blizzard,AuroraVeil,Moonblast,Protect|||M|||50|,,,,,Water]Ursaluna-Bloodmoon||Leftovers|MindsEye|BloodMoon,EarthPower,CalmMind,Protect|||M|||50|,,,,,Fairy]Roaring Moon||BoosterEnergy|Protosynthesis|Acrobatics,KnockOff,Tailwind,Protect||||||50|,,,,,Flying]Sinistcha-Masterpiece||RockyHelmet|Hospitality|MatchaGotcha,StrengthSap,TrickRoom,RagePowder||||||50|,,,,,Fire]Iron Hands||AssaultVest|QuarkDrive|WildCharge,DrainPunch,FakeOut,HeavySlam||||||50|,,,,,Water\n|inactive|Battle timer is ON: inactive players will automatically lose when time's up. (requested by P0keknight)\n|j| christianfinity\n|j|%Radio Free C-Side\n|j| Leek_Alt\n|j| FatalEspresso\n|c| Leek_Alt|Power rankings accurate ig\n|j| lwhiteout\n|inactive|WickedCheeseTouch has 60 seconds left.\n|c| Leek_Alt|Wait it was toronto you brought snow right?\n|j| drounddd\n|c|\u2606P0keknight|yeah\n|j| Luke111192\n|j| 12laudaa\n|\n|t:|1700451521\n|start\n|switch|p1a: Gholdengo|Gholdengo, L50, shiny|100\/100\n|switch|p1b: Roaring Moon|Roaring Moon, L50|100\/100\n|switch|p2a: Roaring Moon|Roaring Moon, L50, shiny|100\/100\n|switch|p2b: Ninetales|Ninetales-Alola, L50, M, shiny|100\/100\n|-weather|Snow|[from] ability: Snow Warning|[of] p2b: Ninetales\n|-enditem|p2a: Roaring Moon|Booster Energy\n|-activate|p2a: Roaring Moon|ability: Protosynthesis|[fromitem]\n|-start|p2a: Roaring Moon|protosynthesisspe\n|-enditem|p1b: Roaring Moon|Booster Energy\n|-activate|p1b: Roaring Moon|ability: Protosynthesis|[fromitem]\n|-start|p1b: Roaring Moon|protosynthesisspe\n|turn|1\n|c| lwhiteout|ehhh sinitscha\n|c| Leek_Alt|It was Bax tho iirc\n|inactive|P0keknight has 30 seconds left.\n|\n|t:|1700451546\n|-end|p1b: Roaring Moon|Protosynthesis|[silent]\n|switch|p1b: Clefairy|Clefairy, L50, F, shiny|100\/100\n|-terastallize|p2b: Ninetales|Water\n|move|p2a: Roaring Moon|Tailwind|p2a: Roaring Moon\n|-sidestart|p2: P0keknight|move: Tailwind\n|move|p2b: Ninetales|Aurora Veil|p2b: Ninetales\n|-sidestart|p2: P0keknight|move: Aurora Veil\n|move|p1a: Gholdengo|Nasty Plot|p1a: Gholdengo\n|-boost|p1a: Gholdengo|spa|2\n|\n|-weather|Snow|[upkeep]\n|upkeep\n|turn|2\n|\n|t:|1700451565\n|move|p1a: Gholdengo|Protect|p1a: Gholdengo\n|-singleturn|p1a: Gholdengo|Protect\n|move|p1b: Clefairy|Protect|p1b: Clefairy\n|-singleturn|p1b: Clefairy|Protect\n|move|p2a: Roaring Moon|Knock Off|p1a: Gholdengo\n|-activate|p1a: Gholdengo|move: Protect\n|move|p2b: Ninetales|Blizzard|p1b: Clefairy|[spread] \n|-activate|p1a: Gholdengo|move: Protect\n|-activate|p1b: Clefairy|move: Protect\n|\n|-weather|Snow|[upkeep]\n|upkeep\n|turn|3\n|\n|t:|1700451575\n|move|p1b: Clefairy|Follow Me|p1b: Clefairy\n|-singleturn|p1b: Clefairy|move: Follow Me\n|move|p2a: Roaring Moon|Knock Off|p1b: Clefairy\n|-resisted|p1b: Clefairy\n|-damage|p1b: Clefairy|82\/100\n|-enditem|p1b: Clefairy|Eviolite|[from] move: Knock Off|[of] p2a: Roaring Moon\n|move|p2b: Ninetales|Blizzard|p1a: Gholdengo|[spread] p1a,p1b\n|-resisted|p1a: Gholdengo\n|-damage|p1a: Gholdengo|90\/100\n|-damage|p1b: Clefairy|51\/100\n|move|p1a: Gholdengo|Nasty Plot|p1a: Gholdengo\n|-boost|p1a: Gholdengo|spa|2\n|\n|-weather|Snow|[upkeep]\n|-heal|p1a: Gholdengo|96\/100|[from] item: Leftovers\n|upkeep\n|turn|4\n|inactive|WickedCheeseTouch has 30 seconds left.\n|\n|t:|1700451602\n|switch|p2b: Sinistcha|Sinistcha-Masterpiece, L50, shiny|100\/100\n|move|p1b: Clefairy|Follow Me|p1b: Clefairy\n|-singleturn|p1b: Clefairy|move: Follow Me\n|move|p2a: Roaring Moon|Acrobatics|p1b: Clefairy\n|-damage|p1b: Clefairy|9\/100\n|move|p1a: Gholdengo|Make It Rain|p2b: Sinistcha|[spread] p2a,p2b\n|-damage|p2a: Roaring Moon|21\/100\n|-damage|p2b: Sinistcha|4\/100\n|-unboost|p1a: Gholdengo|spa|1\n|\n|-weather|Snow|[upkeep]\n|-heal|p1a: Gholdengo|100\/100|[from] item: Leftovers\n|-sideend|p2: P0keknight|move: Tailwind\n|upkeep\n|turn|5\n|c| Leek_Alt|is moonblast stronger now?\n|j| kdnsjfq\n|\n|t:|1700451614\n|move|p1b: Clefairy|Follow Me|p1b: Clefairy\n|-singleturn|p1b: Clefairy|move: Follow Me\n|move|p2a: Roaring Moon|Knock Off|p1b: Clefairy\n|-resisted|p1b: Clefairy\n|-damage|p1b: Clefairy|0 fnt\n|faint|p1b: Clefairy\n|move|p1a: Gholdengo|Make It Rain|p2b: Sinistcha|[spread] p2a,p2b\n|-damage|p2a: Roaring Moon|0 fnt\n|-damage|p2b: Sinistcha|0 fnt\n|-unboost|p1a: Gholdengo|spa|1\n|faint|p2a: Roaring Moon\n|-end|p2a: Roaring Moon|Protosynthesis|[silent]\n|faint|p2b: Sinistcha\n|\n|-weather|none\n|upkeep\n|\n|t:|1700451623\n|switch|p2a: Freddy Fazbear|Ursaluna-Bloodmoon, L50, M|100\/100\n|switch|p2b: Ninetales|Ninetales-Alola, L50, M, shiny, tera:Water|100\/100\n|switch|p1b: Arcanine|Arcanine-Hisui, L50, M|100\/100\n|-weather|Snow|[from] ability: Snow Warning|[of] p2b: Ninetales\n|-ability|p1b: Arcanine|Intimidate|boost\n|-unboost|p2a: Freddy Fazbear|atk|1\n|-unboost|p2b: Ninetales|atk|1\n|turn|6\n|\n|t:|1700451643\n|-terastallize|p1b: Arcanine|Water\n|move|p1a: Gholdengo|Protect|p1a: Gholdengo\n|-singleturn|p1a: Gholdengo|Protect\n|move|p2b: Ninetales|Blizzard|p1a: Gholdengo|[spread] p1b\n|-activate|p1a: Gholdengo|move: Protect\n|-resisted|p1b: Arcanine\n|-damage|p1b: Arcanine|87\/100\n|move|p1b: Arcanine|Flare Blitz|p2a: Freddy Fazbear\n|-damage|p2a: Freddy Fazbear|80\/100\n|-damage|p1b: Arcanine|80\/100|[from] Recoil\n|move|p2a: Freddy Fazbear|Earth Power|p1a: Gholdengo\n|-activate|p1a: Gholdengo|move: Protect\n|\n|-weather|Snow|[upkeep]\n|-heal|p2a: Freddy Fazbear|86\/100|[from] item: Leftovers\n|upkeep\n|turn|7\n|j| OHVO\n|\n|t:|1700451660\n|move|p2b: Ninetales|Blizzard|p1a: Gholdengo|[spread] p1a,p1b\n|-resisted|p1a: Gholdengo\n|-resisted|p1b: Arcanine\n|-damage|p1a: Gholdengo|89\/100\n|-damage|p1b: Arcanine|67\/100\n|move|p1b: Arcanine|Flare Blitz|p2a: Freddy Fazbear\n|-damage|p2a: Freddy Fazbear|63\/100\n|-damage|p1b: Arcanine|58\/100|[from] Recoil\n|move|p1a: Gholdengo|Make It Rain|p2b: Ninetales|[spread] p2a,p2b\n|-resisted|p2b: Ninetales\n|-damage|p2a: Freddy Fazbear|3\/100\n|-damage|p2b: Ninetales|72\/100\n|-unboost|p1a: Gholdengo|spa|1\n|move|p2a: Freddy Fazbear|Earth Power|p1a: Gholdengo\n|-supereffective|p1a: Gholdengo\n|-damage|p1a: Gholdengo|0 fnt\n|faint|p1a: Gholdengo\n|\n|-weather|Snow|[upkeep]\n|-heal|p2a: Freddy Fazbear|9\/100|[from] item: Leftovers\n|upkeep\n|\n|t:|1700451668\n|switch|p1a: Roaring Moon|Roaring Moon, L50|100\/100\n|turn|8\n|\n|t:|1700451676\n|move|p1a: Roaring Moon|Protect|p1a: Roaring Moon\n|-singleturn|p1a: Roaring Moon|Protect\n|move|p2a: Freddy Fazbear|Protect|p2a: Freddy Fazbear\n|-singleturn|p2a: Freddy Fazbear|Protect\n|move|p2b: Ninetales|Moonblast|p1a: Roaring Moon\n|-activate|p1a: Roaring Moon|move: Protect\n|move|p1b: Arcanine|Flare Blitz|p2a: Freddy Fazbear\n|-activate|p2a: Freddy Fazbear|move: Protect\n|\n|-weather|Snow|[upkeep]\n|-heal|p2a: Freddy Fazbear|15\/100|[from] item: Leftovers\n|-sideend|p2: P0keknight|move: Aurora Veil\n|upkeep\n|turn|9\n|\n|t:|1700451685\n|move|p2b: Ninetales|Moonblast|p1a: Roaring Moon\n|-supereffective|p1a: Roaring Moon\n|-damage|p1a: Roaring Moon|7\/100\n|-unboost|p1a: Roaring Moon|spa|1\n|move|p1a: Roaring Moon|Knock Off|p2b: Ninetales\n|-damage|p2b: Ninetales|18\/100\n|-enditem|p2b: Ninetales|Light Clay|[from] move: Knock Off|[of] p1a: Roaring Moon\n|move|p1b: Arcanine|Flare Blitz|p2a: Freddy Fazbear\n|-damage|p2a: Freddy Fazbear|0 fnt\n|faint|p2a: Freddy Fazbear\n|-damage|p1b: Arcanine|53\/100|[from] Recoil\n|\n|-weather|Snow|[upkeep]\n|upkeep\n|turn|10\n|\n|t:|1700451693\n|move|p1a: Roaring Moon|Protect|p1a: Roaring Moon\n|-singleturn|p1a: Roaring Moon|Protect\n|move|p1b: Arcanine|Protect|p1b: Arcanine\n|-singleturn|p1b: Arcanine|Protect\n|move|p2b: Ninetales|Blizzard|p1a: Roaring Moon|[spread] \n|-activate|p1a: Roaring Moon|move: Protect\n|-activate|p1b: Arcanine|move: Protect\n|\n|-weather|none\n|upkeep\n|turn|11\n|\n|t:|1700451700\n|move|p2b: Ninetales|Blizzard|p1a: Roaring Moon|[spread] p1a,p1b\n|-supereffective|p1a: Roaring Moon\n|-resisted|p1b: Arcanine\n|-damage|p1a: Roaring Moon|0 fnt\n|-damage|p1b: Arcanine|41\/100\n|-enditem|p1b: Arcanine|Sitrus Berry|[eat]\n|-heal|p1b: Arcanine|65\/100|[from] item: Sitrus Berry\n|faint|p1a: Roaring Moon\n|-end|p1a: Roaring Moon|Protosynthesis|[silent]\n|move|p1b: Arcanine|Rock Slide|p2b: Ninetales|[miss]\n|-miss|p1b: Arcanine|p2b: Ninetales\n|\n|upkeep\n|turn|12\n|\n|t:|1700451711\n|move|p2b: Ninetales|Moonblast|p1b: Arcanine\n|-damage|p1b: Arcanine|33\/100\n|-unboost|p1b: Arcanine|spa|1\n|move|p1b: Arcanine|Rock Slide|p2b: Ninetales\n|-damage|p2b: Ninetales|0 fnt\n|faint|p2b: Ninetales\n|\n|win|WickedCheeseTouch\n|n|\u2606WickedCheeseTouch|wickedcheesetouch\n|n|\u2606P0keknight|p0keknight\n|n| christianfinity|christianfinity\n|n| Radio Free C-Side|radiofreecside\n|n| Leek_Alt|leekalt\n|n| FatalEspresso|fatalespresso\n|n| lwhiteout|lwhiteout\n|n| drounddd|drounddd\n|n| Luke111192|luke111192\n|n| 12laudaa|12laudaa\n|n| kdnsjfq|kdnsjfq\n|n| OHVO|ohvo\n","uploadtime":1700451712,"views":11,"p1id":"wickedcheesetouch","p2id":"p0keknight","formatid":"gen9vgc2023regulatione","rating":0,"private":0,"password":""}