{"id":"gen9vgc2023regulatione-1990944294","p1":"Dan el Soldador","p2":"KarmaReplicant","format":"[Gen 9] VGC 2023 Regulation E","log":"|j|\u2606Dan el Soldador\n|j|\u2606KarmaReplicant\n|t:|1700018035\n|gametype|doubles\n|player|p1|Dan el Soldador|steven|1139\n|player|p2|KarmaReplicant|ingo|1189\n|teamsize|p1|6\n|teamsize|p2|6\n|gen|9\n|tier|[Gen 9] VGC 2023 Regulation E\n|rated|\n|rule|Species Clause: Limit one of each Pok\u00e9mon\n|rule|Item Clause: Limit one of each item\n|clearpoke\n|poke|p1|Empoleon, L50, M|\n|poke|p1|Iron Hands, L50|\n|poke|p1|Landorus-Therian, L50, M|\n|poke|p1|Flutter Mane, L50|\n|poke|p1|Farigiraf, L50, M|\n|poke|p1|Ogerpon-Hearthflame, L50, F|\n|poke|p2|Urshifu-*, L50, M|\n|poke|p2|Tornadus, L50, M|\n|poke|p2|Chien-Pao, L50|\n|poke|p2|Iron Hands, L50|\n|poke|p2|Rillaboom, L50, M|\n|poke|p2|Cresselia, L50, F|\n|teampreview|4\n|inactive|Battle timer is ON: inactive players will automatically lose when time's up. (requested by Dan el Soldador)\n|\n|t:|1700018101\n|start\n|switch|p1a: Iron Hands|Iron Hands, L50|100\/100\n|switch|p1b: Farigiraf|Farigiraf, L50, M|100\/100\n|switch|p2a: Skill Bear|Urshifu-Rapid-Strike, L50, M|100\/100\n|switch|p2b: Mr. Fuga|Tornadus, L50, M, shiny|100\/100\n|turn|1\n|\n|t:|1700018116\n|switch|p2a: Type Moon|Cresselia, L50, F, shiny|100\/100\n|switch|p2b: Unfathomed Force|Iron Hands, L50|100\/100\n|move|p1a: Iron Hands|Fake Out|p2a: Type Moon\n|-damage|p2a: Type Moon|89\/100\n|move|p1b: Farigiraf|Trick Room|p1b: Farigiraf\n|-fieldstart|move: Trick Room|[of] p1b: Farigiraf\n|\n|upkeep\n|turn|2\n|\n|t:|1700018136\n|move|p2b: Unfathomed Force|Drain Punch|p1a: Iron Hands\n|-damage|p1a: Iron Hands|70\/100\n|move|p1a: Iron Hands|Wild Charge|p2a: Type Moon\n|-damage|p2a: Type Moon|52\/100\n|-damage|p1a: Iron Hands|61\/100|[from] Recoil\n|move|p1b: Farigiraf|Psychic|p2b: Unfathomed Force\n|-supereffective|p2b: Unfathomed Force\n|-crit|p2b: Unfathomed Force\n|-damage|p2b: Unfathomed Force|29\/100\n|move|p2a: Type Moon|Psychic|p1a: Iron Hands\n|-supereffective|p1a: Iron Hands\n|-damage|p1a: Iron Hands|3\/100\n|\n|upkeep\n|turn|3\n|\n|t:|1700018156\n|move|p2b: Unfathomed Force|Drain Punch|p1a: Iron Hands\n|-damage|p1a: Iron Hands|0 fnt\n|-heal|p2b: Unfathomed Force|30\/100|[from] drain|[of] p1a: Iron Hands\n|faint|p1a: Iron Hands\n|-end|p1a: Iron Hands|Quark Drive|[silent]\n|move|p1b: Farigiraf|Psychic|p2b: Unfathomed Force\n|-supereffective|p2b: Unfathomed Force\n|-crit|p2b: Unfathomed Force\n|-damage|p2b: Unfathomed Force|0 fnt\n|faint|p2b: Unfathomed Force\n|-end|p2b: Unfathomed Force|Quark Drive|[silent]\n|move|p2a: Type Moon|Lunar Blessing|p2a: Type Moon\n|-heal|p2a: Type Moon|78\/100\n|\n|upkeep\n|\n|t:|1700018171\n|switch|p2b: Mr. Fuga|Tornadus, L50, M, shiny|100\/100\n|switch|p1a: Ogerpon|Ogerpon-Hearthflame, L50, F|100\/100\n|-ability|p1a: Ogerpon|Mold Breaker\n|turn|4\n|\n|t:|1700018189\n|-terastallize|p1a: Ogerpon|Fire\n|detailschange|p1a: Ogerpon|Ogerpon-Hearthflame-Tera, L50, F, tera:Fire\n|-ability|p1a: Ogerpon|Embody Aspect (Hearthflame)|boost\n|-boost|p1a: Ogerpon|atk|1\n|move|p2b: Mr. Fuga|Rain Dance|p2b: Mr. Fuga\n|-weather|RainDance\n|move|p1b: Farigiraf|Psychic|p2b: Mr. Fuga\n|-damage|p2b: Mr. Fuga|61\/100\n|move|p1a: Ogerpon|Ivy Cudgel|p2b: Mr. Fuga|[anim] Ivy Cudgel Fire\n|-damage|p2b: Mr. Fuga|0 fnt\n|faint|p2b: Mr. Fuga\n|move|p2a: Type Moon|Trick Room|p2a: Type Moon\n|-fieldend|move: Trick Room\n|\n|-weather|RainDance|[upkeep]\n|upkeep\n|\n|t:|1700018199\n|switch|p2b: Skill Bear|Urshifu-Rapid-Strike, L50, M|100\/100\n|turn|5\n|inactive|Dan el Soldador has 30 seconds left.\n|inactive|KarmaReplicant has 30 seconds left.\n|inactive|Dan el Soldador has 20 seconds left.\n|inactive|KarmaReplicant has 20 seconds left.\n|inactive|Dan el Soldador has 15 seconds left.\n|inactive|Dan el Soldador has 10 seconds left.\n|\n|t:|1700018246\n|-terastallize|p2b: Skill Bear|Water\n|move|p2b: Skill Bear|Surging Strikes|p1a: Ogerpon\n|-supereffective|p1a: Ogerpon\n|-crit|p1a: Ogerpon\n|-damage|p1a: Ogerpon|12\/100\n|-supereffective|p1a: Ogerpon\n|-crit|p1a: Ogerpon\n|-damage|p1a: Ogerpon|0 fnt\n|faint|p1a: Ogerpon\n|-hitcount|p1: Ogerpon|2\n|move|p2a: Type Moon|Lunar Blessing|p2a: Type Moon|[spread] p2a,p2b\n|-heal|p2a: Type Moon|100\/100\n|move|p1b: Farigiraf|Dazzling Gleam|p2a: Type Moon|[spread] p2a,p2b\n|-damage|p2a: Type Moon|89\/100\n|-damage|p2b: Skill Bear|77\/100\n|\n|-weather|RainDance|[upkeep]\n|upkeep\n|\n|t:|1700018264\n|switch|p1a: Flutter Mane|Flutter Mane, L50|100\/100\n|-enditem|p1a: Flutter Mane|Booster Energy\n|-activate|p1a: Flutter Mane|ability: Protosynthesis|[fromitem]\n|-start|p1a: Flutter Mane|protosynthesisspe\n|turn|6\n|\n|t:|1700018280\n|move|p1a: Flutter Mane|Thunderbolt|p2b: Skill Bear\n|-supereffective|p2b: Skill Bear\n|-damage|p2b: Skill Bear|0 fnt\n|faint|p2b: Skill Bear\n|move|p2a: Type Moon|Lunar Blessing|p2a: Type Moon\n|-heal|p2a: Type Moon|100\/100\n|move|p1b: Farigiraf|Psychic|p2a: Type Moon\n|-resisted|p2a: Type Moon\n|-damage|p2a: Type Moon|88\/100\n|\n|-weather|RainDance|[upkeep]\n|upkeep\n|turn|7\n|\n|t:|1700018301\n|move|p1a: Flutter Mane|Moonblast|p2a: Type Moon\n|-damage|p2a: Type Moon|55\/100\n|move|p2a: Type Moon|Psychic|p1a: Flutter Mane\n|-damage|p1a: Flutter Mane|59\/100\n|move|p1b: Farigiraf|Dazzling Gleam|p2a: Type Moon\n|-damage|p2a: Type Moon|40\/100\n|-enditem|p2a: Type Moon|Sitrus Berry|[eat]\n|-heal|p2a: Type Moon|64\/100|[from] item: Sitrus Berry\n|\n|-weather|RainDance|[upkeep]\n|upkeep\n|turn|8\n|\n|t:|1700018317\n|move|p1a: Flutter Mane|Moonblast|p2a: Type Moon\n|-damage|p2a: Type Moon|33\/100\n|move|p2a: Type Moon|Psychic|p1a: Flutter Mane\n|-damage|p1a: Flutter Mane|19\/100\n|-unboost|p1a: Flutter Mane|spd|1\n|move|p1b: Farigiraf|Psychic|p2a: Type Moon\n|-resisted|p2a: Type Moon\n|-damage|p2a: Type Moon|21\/100\n|\n|-weather|none\n|upkeep\n|turn|9\n|\n|t:|1700018331\n|move|p1a: Flutter Mane|Moonblast|p2a: Type Moon\n|-damage|p2a: Type Moon|0 fnt\n|faint|p2a: Type Moon\n|\n|win|Dan el Soldador\n|raw|Dan el Soldador's rating: 1139 &rarr; <strong>1168<\/strong><br \/>(+29 for winning)\n|raw|KarmaReplicant's rating: 1189 &rarr; <strong>1160<\/strong><br \/>(-29 for losing)\n|l|\u2606KarmaReplicant\n","uploadtime":1700018347,"views":13,"p1id":"danelsoldador","p2id":"karmareplicant","formatid":"gen9vgc2023regulatione","rating":1160,"private":0,"password":""}