{"id":"gen9vgc2023regulatione-1989583223","p1":"swilson14","p2":"NejiSensei","format":"[Gen 9] VGC 2023 Regulation E","log":"|j|\u2606swilson14\n|j|\u2606NejiSensei\n|t:|1699874782\n|gametype|doubles\n|player|p1|swilson14|266|1433\n|player|p2|NejiSensei|101|1496\n|teamsize|p1|6\n|teamsize|p2|6\n|gen|9\n|tier|[Gen 9] VGC 2023 Regulation E\n|rated|\n|rule|Species Clause: Limit one of each Pok\u00e9mon\n|rule|Item Clause: Limit one of each item\n|clearpoke\n|poke|p1|Kommo-o, L50, M|\n|poke|p1|Tyranitar, L50, F|\n|poke|p1|Rillaboom, L50, F|\n|poke|p1|Flutter Mane, L50|\n|poke|p1|Arcanine-Hisui, L50, M|\n|poke|p1|Iron Bundle, L50|\n|poke|p2|Chi-Yu, L50|\n|poke|p2|Iron Hands, L50|\n|poke|p2|Farigiraf, L50, M|\n|poke|p2|Munkidori, L50, M|\n|poke|p2|Iron Bundle, L50|\n|poke|p2|Landorus-Therian, L50, M|\n|teampreview|4\n|\n|t:|1699874819\n|start\n|switch|p1a: Tyranitar|Tyranitar, L50, F|100\/100\n|switch|p1b: Kommo-o|Kommo-o, L50, M|100\/100\n|switch|p2a: Iron Hands|Iron Hands, L50|100\/100\n|switch|p2b: Iron Bundle|Iron Bundle, L50|100\/100\n|-weather|Sandstorm|[from] ability: Sand Stream|[of] p1a: Tyranitar\n|-enditem|p2b: Iron Bundle|Booster Energy\n|-activate|p2b: Iron Bundle|ability: Quark Drive|[fromitem]\n|-start|p2b: Iron Bundle|quarkdrivespe\n|turn|1\n|inactive|Battle timer is ON: inactive players will automatically lose when time's up. (requested by NejiSensei)\n|inactive|swilson14 has 60 seconds left.\n|\n|t:|1699874923\n|-terastallize|p1a: Tyranitar|Psychic\n|move|p2b: Iron Bundle|Protect|p2b: Iron Bundle\n|-singleturn|p2b: Iron Bundle|Protect\n|move|p1a: Tyranitar|Low Kick|p2b: Iron Bundle\n|-activate|p2b: Iron Bundle|move: Protect\n|move|p1b: Kommo-o|Body Press|p2b: Iron Bundle\n|-activate|p2b: Iron Bundle|move: Protect\n|move|p2a: Iron Hands|Drain Punch|p1a: Tyranitar\n|-resisted|p1a: Tyranitar\n|-damage|p1a: Tyranitar|80\/100\n|\n|-weather|Sandstorm|[upkeep]\n|-damage|p2b: Iron Bundle|94\/100|[from] Sandstorm\n|-damage|p1a: Tyranitar|74\/100|[from] Sandstorm\n|-damage|p1b: Kommo-o|94\/100|[from] Sandstorm\n|-damage|p2a: Iron Hands|94\/100|[from] Sandstorm\n|-heal|p1b: Kommo-o|100\/100|[from] item: Leftovers\n|upkeep\n|turn|2\n|inactive|swilson14 has 30 seconds left.\n|inactive|NejiSensei has 30 seconds left.\n|\n|t:|1699874952\n|-end|p2a: Iron Hands|Quark Drive|[silent]\n|switch|p2a: Chi-Yu|Chi-Yu, L50|100\/100\n|-ability|p2a: Chi-Yu|Beads of Ruin\n|-terastallize|p2b: Iron Bundle|Ghost\n|move|p2b: Iron Bundle|Freeze-Dry|p1b: Kommo-o\n|-supereffective|p1b: Kommo-o\n|-damage|p1b: Kommo-o|20\/100\n|move|p1a: Tyranitar|Rock Slide|p2a: Chi-Yu|[spread] p2a,p2b\n|-supereffective|p2a: Chi-Yu\n|-damage|p2a: Chi-Yu|0 fnt\n|-damage|p2b: Iron Bundle|56\/100\n|faint|p2a: Chi-Yu\n|move|p1b: Kommo-o|Iron Defense|p1b: Kommo-o\n|-boost|p1b: Kommo-o|def|2\n|\n|-weather|Sandstorm|[upkeep]\n|-damage|p2b: Iron Bundle|50\/100|[from] Sandstorm\n|-damage|p1a: Tyranitar|68\/100|[from] Sandstorm\n|-damage|p1b: Kommo-o|14\/100|[from] Sandstorm\n|-heal|p1b: Kommo-o|20\/100|[from] item: Leftovers\n|upkeep\n|\n|t:|1699874974\n|switch|p2a: Munkidori|Munkidori, L50, M|100\/100\n|turn|3\n|\n|t:|1699874985\n|move|p1b: Kommo-o|Protect|p1b: Kommo-o\n|-singleturn|p1b: Kommo-o|Protect\n|move|p2a: Munkidori|Fake Out|p1a: Tyranitar\n|-damage|p1a: Tyranitar|61\/100\n|move|p2b: Iron Bundle|Freeze-Dry|p1b: Kommo-o\n|-activate|p1b: Kommo-o|move: Protect\n|cant|p1a: Tyranitar|flinch\n|\n|-weather|Sandstorm|[upkeep]\n|-damage|p2b: Iron Bundle|44\/100|[from] Sandstorm\n|-damage|p2a: Munkidori|94\/100|[from] Sandstorm\n|-damage|p1a: Tyranitar|55\/100|[from] Sandstorm\n|-damage|p1b: Kommo-o|14\/100|[from] Sandstorm\n|-heal|p1b: Kommo-o|20\/100|[from] item: Leftovers\n|upkeep\n|turn|4\n|\n|t:|1699875003\n|switch|p1b: Iron Bundle|Iron Bundle, L50|100\/100\n|-enditem|p1b: Iron Bundle|Booster Energy\n|-activate|p1b: Iron Bundle|ability: Quark Drive|[fromitem]\n|-start|p1b: Iron Bundle|quarkdrivespe\n|move|p2b: Iron Bundle|Hydro Pump|p1a: Tyranitar\n|-damage|p1a: Tyranitar|17\/100\n|move|p2a: Munkidori|Sludge Bomb|p1a: Tyranitar\n|-crit|p1a: Tyranitar\n|-damage|p1a: Tyranitar|0 fnt\n|faint|p1a: Tyranitar\n|\n|-weather|Sandstorm|[upkeep]\n|-damage|p1b: Iron Bundle|94\/100|[from] Sandstorm\n|-damage|p2b: Iron Bundle|38\/100|[from] Sandstorm\n|-damage|p2a: Munkidori|88\/100|[from] Sandstorm\n|upkeep\n|\n|t:|1699875016\n|switch|p1a: Flutter Mane|Flutter Mane, L50|100\/100\n|turn|5\n|j| Jinthewindmaster\n|\n|t:|1699875031\n|move|p2b: Iron Bundle|Icy Wind|p1b: Iron Bundle|[spread] p1a,p1b\n|-resisted|p1b: Iron Bundle\n|-damage|p1a: Flutter Mane|80\/100\n|-damage|p1b: Iron Bundle|84\/100\n|-unboost|p1a: Flutter Mane|spe|1\n|-unboost|p1b: Iron Bundle|spe|1\n|move|p1b: Iron Bundle|Icy Wind|p2a: Munkidori|[spread] p2a,p2b\n|-damage|p2a: Munkidori|65\/100\n|-damage|p2b: Iron Bundle|0 fnt\n|-unboost|p2a: Munkidori|spe|1\n|faint|p2b: Iron Bundle\n|-end|p2b: Iron Bundle|Quark Drive|[silent]\n|move|p1a: Flutter Mane|Shadow Ball|p2a: Munkidori\n|-supereffective|p2a: Munkidori\n|-damage|p2a: Munkidori|0 fnt\n|faint|p2a: Munkidori\n|\n|-weather|none\n|upkeep\n|l|\u2606NejiSensei\n|inactive|NejiSensei disconnected and has a minute to reconnect!\n|player|p2|\n|inactive|NejiSensei has 30 seconds left.\n|inactive|NejiSensei has 20 seconds left.\n|inactive|NejiSensei has 15 seconds left.\n|inactive|NejiSensei has 10 seconds left.\n|inactive|NejiSensei has 5 seconds left.\n|-message|NejiSensei lost due to inactivity.\n|\n|win|swilson14\n|raw|swilson14's rating: 1433 &rarr; <strong>1457<\/strong><br \/>(+24 for winning)\n|raw|NejiSensei's rating: 1496 &rarr; <strong>1472<\/strong><br \/>(-24 for losing)\n|l|\u2606swilson14\n","uploadtime":1699875125,"views":36,"p1id":"swilson14","p2id":"nejisensei","formatid":"gen9vgc2023regulatione","rating":1457,"private":0,"password":""}