{"id":"gen9vgc2023regulatione-1991967626","p1":"fairylilipad","p2":"aquartertwo","format":"[Gen 9] VGC 2023 Regulation E","log":"|j|\u2606fairylilipad\n|j|\u2606aquartertwo\n|n|\u2606fairylilipad|fairylilipad\n|n|\u2606aquartertwo|aquartertwo\n|html|View the match progress at <a href=\"\/game-bestof3-gen9vgc2023regulatione-1991963810\">game-bestof3-gen9vgc2023regulatione-1991963810<\/a>\n|t:|1700143496\n|gametype|doubles\n|player|p1|fairylilipad|guitarist|\n|player|p2|aquartertwo|clerk|\n|teamsize|p1|6\n|teamsize|p2|6\n|gen|9\n|tier|[Gen 9] VGC 2023 Regulation E\n|rule|Species Clause: Limit one of each Pok\u00e9mon\n|rule|Item Clause: Limit one of each item\n|clearpoke\n|poke|p1|Weezing, L50, F|\n|poke|p1|Roaring Moon, L50|\n|poke|p1|Flutter Mane, L50|\n|poke|p1|Ogerpon-Hearthflame, L50, F|\n|poke|p1|Rillaboom, L50, M|\n|poke|p1|Urshifu-*, L50, F|\n|poke|p2|Tornadus, L50, M|\n|poke|p2|Flutter Mane, L50|\n|poke|p2|Regidrago, L50|\n|poke|p2|Heatran, L50, M|\n|poke|p2|Urshifu-*, L50, M|\n|poke|p2|Farigiraf, L50, M|\n|teampreview|4\nfairylilipad has agreed to open team sheets.\n|\n|t:|1700143642\n|start\n|switch|p1a: Weezing|Weezing, L50, F|100\/100\n|switch|p1b: Roaring Moon|Roaring Moon, L50|100\/100\n|switch|p2a: Flutter Mane|Flutter Mane, L50|100\/100\n|switch|p2b: Heatran|Heatran, L50, M|100\/100\n|-ability|p1a: Weezing|Neutralizing Gas\n|-enditem|p2a: Flutter Mane|Booster Energy\n|-activate|p2a: Flutter Mane|ability: Protosynthesis|[fromitem]\n|-start|p2a: Flutter Mane|protosynthesisspa\n|-enditem|p1b: Roaring Moon|Booster Energy\n|-activate|p1b: Roaring Moon|ability: Protosynthesis|[fromitem]\n|-start|p1b: Roaring Moon|protosynthesisspe\n|turn|1\n|\n|t:|1700143674\n|-terastallize|p2a: Flutter Mane|Water\n|move|p1b: Roaring Moon|Protect|p1b: Roaring Moon\n|-singleturn|p1b: Roaring Moon|Protect\n|move|p1a: Weezing|Protect|p1a: Weezing\n|-singleturn|p1a: Weezing|Protect\n|move|p2a: Flutter Mane|Dazzling Gleam|p1b: Roaring Moon|[spread] \n|-activate|p1a: Weezing|move: Protect\n|-activate|p1b: Roaring Moon|move: Protect\n|move|p2b: Heatran|Earth Power|p1a: Weezing\n|-activate|p1a: Weezing|move: Protect\n|\n|upkeep\n|turn|2\n|\n|t:|1700143743\n|-terastallize|p1a: Weezing|Ghost\n|move|p1b: Roaring Moon|Tailwind|p1b: Roaring Moon\n|-sidestart|p1: fairylilipad|move: Tailwind\n|move|p1a: Weezing|Gunk Shot|p2a: Flutter Mane|[miss]\n|-miss|p1a: Weezing|p2a: Flutter Mane\n|move|p2a: Flutter Mane|Substitute|p2a: Flutter Mane\n|-start|p2a: Flutter Mane|Substitute\n|-damage|p2a: Flutter Mane|76\/100\n|move|p2b: Heatran|Heat Wave|p1b: Roaring Moon|[spread] p1a,p1b\n|-resisted|p1b: Roaring Moon\n|-crit|p1b: Roaring Moon\n|-damage|p1a: Weezing|30\/100\n|-damage|p1b: Roaring Moon|65\/100\n|-enditem|p1a: Weezing|Sitrus Berry|[eat]\n|-heal|p1a: Weezing|55\/100|[from] item: Sitrus Berry\n|-damage|p2b: Heatran|91\/100|[from] item: Life Orb\n|\n|upkeep\n|turn|3\n|\n|t:|1700143781\n|move|p2a: Flutter Mane|Protect|p2a: Flutter Mane\n|-singleturn|p2a: Flutter Mane|Protect\n|move|p1b: Roaring Moon|Knock Off|p2a: Flutter Mane\n|-activate|p2a: Flutter Mane|move: Protect\n|move|p1a: Weezing|Gunk Shot|p2a: Flutter Mane\n|-activate|p2a: Flutter Mane|move: Protect\n|move|p2b: Heatran|Heat Wave|p1b: Roaring Moon|[spread] p1a,p1b\n|-resisted|p1b: Roaring Moon\n|-damage|p1a: Weezing|0 fnt\n|-damage|p1b: Roaring Moon|43\/100\n|faint|p1a: Weezing\n|-end|p1a: Weezing|ability: Neutralizing Gas\n|-damage|p2b: Heatran|82\/100|[from] item: Life Orb\n|\n|upkeep\n|\n|t:|1700143798\n|switch|p1a: Urshifu|Urshifu-Rapid-Strike, L50, F|100\/100\n|turn|4\n|\n|t:|1700143828\n|move|p1b: Roaring Moon|Knock Off|p2a: Flutter Mane\n|-end|p2a: Flutter Mane|Substitute\n|move|p1a: Urshifu|Surging Strikes|p2a: Flutter Mane\n|-resisted|p2a: Flutter Mane\n|-crit|p2a: Flutter Mane\n|-damage|p2a: Flutter Mane|57\/100\n|-resisted|p2a: Flutter Mane\n|-crit|p2a: Flutter Mane\n|-damage|p2a: Flutter Mane|34\/100\n|-resisted|p2a: Flutter Mane\n|-crit|p2a: Flutter Mane\n|-damage|p2a: Flutter Mane|13\/100\n|-hitcount|p2a: Flutter Mane|3\n|move|p2a: Flutter Mane|Dazzling Gleam|p1a: Urshifu|[spread] p1a,p1b\n|-supereffective|p1a: Urshifu\n|-supereffective|p1b: Roaring Moon\n|-damage|p1a: Urshifu|0 fnt\n|-damage|p1b: Roaring Moon|0 fnt\n|faint|p1a: Urshifu\n|faint|p1b: Roaring Moon\n|-end|p1b: Roaring Moon|Protosynthesis|[silent]\n|move|p2b: Heatran|Flash Cannon|p1: Urshifu|[notarget]\n|-fail|p2b: Heatran\n|\n|upkeep\n|\n|t:|1700143845\n|switch|p1a: Flutter Mane|Flutter Mane, L50|100\/100\n|turn|5\n|\n|t:|1700143863\n|move|p2a: Flutter Mane|Protect|p2a: Flutter Mane\n|-singleturn|p2a: Flutter Mane|Protect\n|move|p1a: Flutter Mane|Dazzling Gleam|p2a: Flutter Mane|[spread] p2b\n|-activate|p2a: Flutter Mane|move: Protect\n|-resisted|p2b: Heatran\n|-damage|p2b: Heatran|70\/100\n|move|p2b: Heatran|Flash Cannon|p1a: Flutter Mane\n|-supereffective|p1a: Flutter Mane\n|-damage|p1a: Flutter Mane|0 fnt\n|faint|p1a: Flutter Mane\n|-end|p1a: Flutter Mane|Protosynthesis|[silent]\n|-damage|p2b: Heatran|61\/100|[from] item: Life Orb\n|\n|win|aquartertwo\n|c|&|\/uhtml prompt-fairylilipad,fairylilipad is ready for game 3!\n|inactive|aquartertwo has 50 seconds to confirm battle start!\n|c|&|\/uhtml prompt-aquartertwo,aquartertwo is ready for game 3!\nBoth players are ready! Starting next match!\n|l|\u2606aquartertwo\n","uploadtime":1700144231,"views":27,"p1id":"fairylilipad","p2id":"aquartertwo","formatid":"gen9vgc2023regulatione","rating":0,"private":0,"password":""}