{"id":"gen9vgc2023regulatione-1995149726","p1":"OttoTheIdol","p2":"Venefici","format":"[Gen 9] VGC 2023 Regulation E","log":"|j|\u2606OttoTheIdol\n|j|\u2606Venefici\n|t:|1700528123\n|gametype|doubles\n|player|p1|OttoTheIdol|2|1143\n|player|p2|Venefici|hugh|1049\n|teamsize|p1|6\n|teamsize|p2|6\n|gen|9\n|tier|[Gen 9] VGC 2023 Regulation E\n|rated|\n|rule|Species Clause: Limit one of each Pok\u00e9mon\n|rule|Item Clause: Limit one of each item\n|clearpoke\n|poke|p1|Dachsbun, L50, F|\n|poke|p1|Chi-Yu, L50|\n|poke|p1|Iron Bundle, L50|\n|poke|p1|Ninetales-Alola, L50, F|\n|poke|p1|Baxcalibur, L50, F|\n|poke|p1|Arcanine-Hisui, L50, M|\n|poke|p2|Volcarona, L50, M|\n|poke|p2|Rillaboom, L50, M|\n|poke|p2|Palafin, L50, F|\n|poke|p2|Roaring Moon, L50|\n|poke|p2|Iron Hands, L50|\n|poke|p2|Farigiraf, L50, M|\n|teampreview|4\n|inactive|Battle timer is ON: inactive players will automatically lose when time's up. (requested by Venefici)\n|inactive|Venefici has 60 seconds left.\n|\n|t:|1700528173\n|start\n|switch|p1a: Ninetales|Ninetales-Alola, L50, F, shiny|100\/100\n|switch|p1b: Baxcalibur|Baxcalibur, L50, F|100\/100\n|switch|p2a: Rillaboom|Rillaboom, L50, M|100\/100\n|switch|p2b: Volcarona|Volcarona, L50, M|100\/100\n|-weather|Snow|[from] ability: Snow Warning|[of] p1a: Ninetales\n|-fieldstart|move: Grassy Terrain|[from] ability: Grassy Surge|[of] p2a: Rillaboom\n|turn|1\n|inactive|OttoTheIdol has 30 seconds left.\n|\n|t:|1700528198\n|-terastallize|p1a: Ninetales|Ghost\n|move|p2a: Rillaboom|Fake Out|p1b: Baxcalibur\n|-damage|p1b: Baxcalibur|92\/100\n|move|p1a: Ninetales|Aurora Veil|p1a: Ninetales\n|-sidestart|p1: OttoTheIdol|move: Aurora Veil\n|cant|p1b: Baxcalibur|flinch\n|move|p2b: Volcarona|Fiery Dance|p1a: Ninetales\n|-damage|p1a: Ninetales|66\/100\n|\n|-weather|Snow|[upkeep]\n|-heal|p1a: Ninetales|72\/100|[from] Grassy Terrain\n|-heal|p1b: Baxcalibur|98\/100|[from] Grassy Terrain\n|upkeep\n|turn|2\n|inactive|Venefici has 30 seconds left.\n|\n|t:|1700528225\n|move|p1a: Ninetales|Blizzard|p2b: Volcarona|[spread] p2a,p2b\n|-supereffective|p2a: Rillaboom\n|-resisted|p2b: Volcarona\n|-damage|p2a: Rillaboom|35\/100\n|-damage|p2b: Volcarona|85\/100\n|move|p1b: Baxcalibur|Swords Dance|p1b: Baxcalibur\n|-boost|p1b: Baxcalibur|atk|2\n|move|p2b: Volcarona|Quiver Dance|p2b: Volcarona\n|-boost|p2b: Volcarona|spa|1\n|-boost|p2b: Volcarona|spd|1\n|-boost|p2b: Volcarona|spe|1\n|move|p2a: Rillaboom|U-turn|p1a: Ninetales\n|-resisted|p1a: Ninetales\n|-damage|p1a: Ninetales|60\/100\n|\n|t:|1700528236\n|switch|p2a: Iron Hands|Iron Hands, L50|100\/100|[from] U-turn\n|\n|-weather|Snow|[upkeep]\n|-heal|p2b: Volcarona|91\/100|[from] Grassy Terrain\n|-heal|p2b: Volcarona|97\/100|[from] item: Leftovers\n|-heal|p1a: Ninetales|66\/100|[from] Grassy Terrain\n|-heal|p1b: Baxcalibur|100\/100|[from] Grassy Terrain\n|upkeep\n|turn|3\n|\n|t:|1700528259\n|-terastallize|p2a: Iron Hands|Fairy\n|move|p2b: Volcarona|Protect|p2b: Volcarona\n|-singleturn|p2b: Volcarona|Protect\n|move|p1b: Baxcalibur|Protect|p1b: Baxcalibur\n|-singleturn|p1b: Baxcalibur|Protect\n|move|p1a: Ninetales|Encore|p2b: Volcarona\n|-activate|p2b: Volcarona|move: Protect\n|move|p2a: Iron Hands|Brick Break|p1a: Ninetales\n|-immune|p1a: Ninetales\n|\n|-weather|Snow|[upkeep]\n|-heal|p2b: Volcarona|100\/100|[from] Grassy Terrain\n|-heal|p1a: Ninetales|72\/100|[from] Grassy Terrain\n|upkeep\n|turn|4\n|inactive|OttoTheIdol has 30 seconds left.\n|\n|t:|1700528285\n|move|p2b: Volcarona|Fiery Dance|p1a: Ninetales\n|-damage|p1a: Ninetales|23\/100\n|move|p1a: Ninetales|Encore|p2b: Volcarona\n|-start|p2b: Volcarona|Encore\n|move|p1b: Baxcalibur|Icicle Spear|p2b: Volcarona\n|-resisted|p2b: Volcarona\n|-damage|p2b: Volcarona|88\/100\n|-resisted|p2b: Volcarona\n|-damage|p2b: Volcarona|74\/100\n|-resisted|p2b: Volcarona\n|-damage|p2b: Volcarona|61\/100\n|-resisted|p2b: Volcarona\n|-damage|p2b: Volcarona|48\/100\n|-resisted|p2b: Volcarona\n|-damage|p2b: Volcarona|36\/100\n|-hitcount|p2b: Volcarona|5\n|move|p2a: Iron Hands|Brick Break|p1b: Baxcalibur\n|-sideend|p1: OttoTheIdol|move: Aurora Veil\n|-supereffective|p1b: Baxcalibur\n|-damage|p1b: Baxcalibur|49\/100\n|\n|-weather|Snow|[upkeep]\n|-heal|p2b: Volcarona|41\/100|[from] Grassy Terrain\n|-heal|p2b: Volcarona|47\/100|[from] item: Leftovers\n|-heal|p1a: Ninetales|30\/100|[from] Grassy Terrain\n|-heal|p1b: Baxcalibur|56\/100|[from] Grassy Terrain\n|upkeep\n|turn|5\n|inactive|OttoTheIdol has 30 seconds left.\n|\n|t:|1700528315\n|move|p2b: Volcarona|Fiery Dance|p1a: Ninetales\n|-damage|p1a: Ninetales|0 fnt\n|-boost|p2b: Volcarona|spa|1\n|faint|p1a: Ninetales\n|move|p1b: Baxcalibur|Icicle Spear|p2b: Volcarona\n|-resisted|p2b: Volcarona\n|-damage|p2b: Volcarona|33\/100\n|-resisted|p2b: Volcarona\n|-damage|p2b: Volcarona|19\/100\n|-resisted|p2b: Volcarona\n|-damage|p2b: Volcarona|5\/100\n|-resisted|p2b: Volcarona\n|-damage|p2b: Volcarona|0 fnt\n|faint|p2b: Volcarona\n|-hitcount|p2: Volcarona|4\n|move|p2a: Iron Hands|Drain Punch|p1b: Baxcalibur\n|-supereffective|p1b: Baxcalibur\n|-damage|p1b: Baxcalibur|2\/100\n|\n|-weather|none\n|-heal|p1b: Baxcalibur|8\/100|[from] Grassy Terrain\n|-fieldend|move: Grassy Terrain\n|upkeep\n|inactive|OttoTheIdol has 30 seconds left.\n|\n|t:|1700528344\n|switch|p1a: Dachsbun|Dachsbun, L50, F, shiny|100\/100\n|switch|p2b: Rillaboom|Rillaboom, L50, M|35\/100\n|-fieldstart|move: Grassy Terrain|[from] ability: Grassy Surge|[of] p2b: Rillaboom\n|turn|6\n|inactive|OttoTheIdol has 30 seconds left.\n|inactive|Venefici has 30 seconds left.\n|inactive|OttoTheIdol has 20 seconds left.\n|\n|t:|1700528388\n|move|p1b: Baxcalibur|Icicle Spear|p2b: Rillaboom\n|-supereffective|p2b: Rillaboom\n|-damage|p2b: Rillaboom|0 fnt\n|faint|p2b: Rillaboom\n|-hitcount|p2: Rillaboom|1\n|move|p1a: Dachsbun|Yawn|p2a: Iron Hands\n|-start|p2a: Iron Hands|move: Yawn|[of] p1a: Dachsbun\n|move|p2a: Iron Hands|Drain Punch|p1b: Baxcalibur\n|-supereffective|p1b: Baxcalibur\n|-damage|p1b: Baxcalibur|0 fnt\n|faint|p1b: Baxcalibur\n|\n|upkeep\n|\n|t:|1700528401\n|switch|p1b: Chi-Yu|Chi-Yu, L50|100\/100\n|switch|p2b: Palafin|Palafin, L50, F|100\/100\n|-ability|p1b: Chi-Yu|Beads of Ruin\n|turn|7\n|\n|t:|1700528418\n|move|p2b: Palafin|Jet Punch|p1b: Chi-Yu\n|-supereffective|p1b: Chi-Yu\n|-crit|p1b: Chi-Yu\n|-damage|p1b: Chi-Yu|19\/100\n|move|p1b: Chi-Yu|Lava Plume|p2b: Palafin|[spread] p2a,p2b\n|-ability|p1a: Dachsbun|Well-Baked Body|boost\n|-boost|p1a: Dachsbun|def|2\n|-crit|p2a: Iron Hands\n|-resisted|p2b: Palafin\n|-damage|p2a: Iron Hands|64\/100\n|-damage|p2b: Palafin|78\/100\n|move|p1a: Dachsbun|Body Press|p2b: Palafin\n|-crit|p2b: Palafin\n|-damage|p2b: Palafin|3\/100\n|move|p2a: Iron Hands|Heavy Slam|p1a: Dachsbun\n|-supereffective|p1a: Dachsbun\n|-damage|p1a: Dachsbun|57\/100\n|\n|-heal|p1b: Chi-Yu|25\/100|[from] Grassy Terrain\n|-heal|p2b: Palafin|9\/100|[from] Grassy Terrain\n|-heal|p1a: Dachsbun|63\/100|[from] Grassy Terrain\n|-heal|p1a: Dachsbun|69\/100|[from] item: Leftovers\n|-heal|p2a: Iron Hands|70\/100|[from] Grassy Terrain\n|-end|p2a: Iron Hands|move: Yawn|[silent]\n|-status|p2a: Iron Hands|slp\n|upkeep\n|turn|8\n|inactive|OttoTheIdol has 30 seconds left.\n|inactive|Venefici has 30 seconds left.\n|\n|t:|1700528445\n|move|p2b: Palafin|Jet Punch|p1b: Chi-Yu\n|-supereffective|p1b: Chi-Yu\n|-damage|p1b: Chi-Yu|0 fnt\n|faint|p1b: Chi-Yu\n|move|p1a: Dachsbun|Body Press|p2b: Palafin\n|-damage|p2b: Palafin|0 fnt\n|faint|p2b: Palafin\n|cant|p2a: Iron Hands|slp\n|\n|-heal|p1a: Dachsbun|75\/100|[from] Grassy Terrain\n|-heal|p1a: Dachsbun|81\/100|[from] item: Leftovers\n|-heal|p2a: Iron Hands|76\/100 slp|[from] Grassy Terrain\n|upkeep\n|turn|9\n|\n|t:|1700528461\n|move|p1a: Dachsbun|Body Press|p2a: Iron Hands\n|-resisted|p2a: Iron Hands\n|-crit|p2a: Iron Hands\n|-damage|p2a: Iron Hands|50\/100 slp\n|-curestatus|p2a: Iron Hands|slp|[msg]\n|move|p2a: Iron Hands|Heavy Slam|p1a: Dachsbun\n|-supereffective|p1a: Dachsbun\n|-damage|p1a: Dachsbun|35\/100\n|\n|-heal|p1a: Dachsbun|41\/100|[from] Grassy Terrain\n|-heal|p1a: Dachsbun|47\/100|[from] item: Leftovers\n|-heal|p2a: Iron Hands|56\/100|[from] Grassy Terrain\n|upkeep\n|turn|10\n|\n|t:|1700528480\n|move|p1a: Dachsbun|Body Press|p2a: Iron Hands\n|-resisted|p2a: Iron Hands\n|-damage|p2a: Iron Hands|41\/100\n|move|p2a: Iron Hands|Heavy Slam|p1a: Dachsbun\n|-supereffective|p1a: Dachsbun\n|-damage|p1a: Dachsbun|4\/100\n|\n|-heal|p1a: Dachsbun|10\/100|[from] Grassy Terrain\n|-heal|p1a: Dachsbun|16\/100|[from] item: Leftovers\n|-heal|p2a: Iron Hands|47\/100|[from] Grassy Terrain\n|-fieldend|move: Grassy Terrain\n|upkeep\n|turn|11\n|-message|OttoTheIdol forfeited.\n|\n|win|Venefici\n|raw|OttoTheIdol's rating: 1143 &rarr; <strong>1111<\/strong><br \/>(-32 for losing)\n|raw|Venefici's rating: 1049 &rarr; <strong>1090<\/strong><br \/>(+41 for winning)\n|l|\u2606OttoTheIdol\n","uploadtime":1700528501,"views":4,"p1id":"ottotheidol","p2id":"venefici","formatid":"gen9vgc2023regulatione","rating":1090,"private":0,"password":""}