{"id":"gen9vgc2023regulatione-1988534766","p1":"ScarsonaVGC","p2":"Ryugami0","format":"[Gen 9] VGC 2023 Regulation E","log":"|j|\u2606ScarsonaVGC\n|j|\u2606Ryugami0\n|n|\u2606ScarsonaVGC|scarsonavgc\n|n|\u2606Ryugami0|ryugami0\n|html|View the match progress at <a href=\"\/game-bestof3-gen9vgc2023regulatione-1988534761\">game-bestof3-gen9vgc2023regulatione-1988534761<\/a>\n|t:|1699733323\n|gametype|doubles\n|player|p1|ScarsonaVGC|266|\n|player|p2|Ryugami0|brycenman|\n|teamsize|p1|6\n|teamsize|p2|6\n|gen|9\n|tier|[Gen 9] VGC 2023 Regulation E\n|rule|Species Clause: Limit one of each Pok\u00e9mon\n|rule|Item Clause: Limit one of each item\n|clearpoke\n|poke|p1|Ninetales-Alola, L50, M|\n|poke|p1|Glimmora, L50, M|\n|poke|p1|Dondozo, L50, M|\n|poke|p1|Tatsugiri, L50, F|\n|poke|p1|Chien-Pao, L50|\n|poke|p1|Dragonite, L50, F|\n|poke|p2|Tornadus, L50, M|\n|poke|p2|Flutter Mane, L50|\n|poke|p2|Rillaboom, L50, F|\n|poke|p2|Ogerpon-Hearthflame, L50, F|\n|poke|p2|Chien-Pao, L50|\n|poke|p2|Dragonite, L50, F|\n|teampreview|4\n|inactive|Battle timer is ON: inactive players will automatically lose when time's up. (requested by Ryugami0)\nRyugami0 has agreed to open team sheets.\nScarsonaVGC has agreed to open team sheets.\n|showteam|p1|Ninetales-Alola||LightClay|SnowWarning|FreezeDry,IcyWind,AuroraVeil,Protect|||M|||50|,,,,,Ghost]Glimmora||FocusSash|ToxicDebris|PowerGem,EarthPower,MortalSpin,SpikyShield|||M|||50|,,,,,Grass]Dondozo||Leftovers|Unaware|Earthquake,Protect,OrderUp,Substitute|||M|||50|,,,,,Dragon]Tatsugiri||ChoiceScarf|Commander|DracoMeteor,MuddyWater,IcyWind,DragonPulse|||F|||50|,,,,,Dragon]Chien-Pao||LifeOrb|SwordofRuin|IcicleCrash,SacredSword,SuckerPunch,Protect||||||50|,,,,,Poison]Dragonite||ChoiceBand|Multiscale|ExtremeSpeed,AerialAce,Outrage,Earthquake|||F|||50|,,,,,Normal\n|showteam|p2|Tornadus||CovertCloak|Prankster|BleakwindStorm,SunnyDay,Tailwind,Taunt|||M|||50|,,,,,Dark]Flutter Mane||ChoiceSpecs|Protosynthesis|Moonblast,ShadowBall,DazzlingGleam,EnergyBall||||||50|,,,,,Fairy]Rillaboom||AssaultVest|GrassySurge|HighHorsepower,WoodHammer,GrassyGlide,FakeOut|||F|||50|,,,,,Water]Ogerpon-Hearthflame||HearthflameMask|MoldBreaker|IvyCudgel,SwordsDance,GrassyGlide,SpikyShield|||F|||50|,,,,,Fire]Chien-Pao||FocusSash|SwordofRuin|IcicleCrash,LashOut,SuckerPunch,Protect||||||50|,,,,,Ghost]Dragonite||ChoiceBand|InnerFocus|ExtremeSpeed,Outrage,StompingTantrum,AquaJet|||F|||50|,,,,,Normal\n|inactive|ScarsonaVGC has 30 seconds left.\n|inactive|Ryugami0 has 30 seconds left.\n|inactive|ScarsonaVGC has 20 seconds left.\n|\n|t:|1699733367\n|start\n|switch|p1a: Ninetales|Ninetales-Alola, L50, M, shiny|100\/100\n|switch|p1b: Glimmora|Glimmora, L50, M|100\/100\n|switch|p2a: DTP|Tornadus, L50, M|100\/100\n|switch|p2b: FlapFlap|Flutter Mane, L50|100\/100\n|-weather|Snow|[from] ability: Snow Warning|[of] p1a: Ninetales\n|turn|1\n|inactive|ScarsonaVGC has 30 seconds left.\n|inactive|ScarsonaVGC has 20 seconds left.\n|\n|t:|1699733404\n|move|p2a: DTP|Sunny Day|p2a: DTP\n|-weather|SunnyDay\n|-activate|p2b: FlapFlap|ability: Protosynthesis\n|-start|p2b: FlapFlap|protosynthesisspa\n|move|p1a: Ninetales|Icy Wind|p2b: FlapFlap|[spread] p2a,p2b\n|-supereffective|p2a: DTP\n|-damage|p2a: DTP|71\/100\n|-damage|p2b: FlapFlap|89\/100\n|-unboost|p2b: FlapFlap|spe|1\n|move|p1b: Glimmora|Mortal Spin|p2b: FlapFlap|[spread] p2a,p2b\n|-damage|p2a: DTP|68\/100\n|-damage|p2b: FlapFlap|85\/100\n|-status|p2b: FlapFlap|psn\n|move|p2b: FlapFlap|Dazzling Gleam|p1a: Ninetales|[spread] p1a,p1b\n|-resisted|p1b: Glimmora\n|-damage|p1a: Ninetales|44\/100\n|-damage|p1b: Glimmora|60\/100\n|\n|-weather|SunnyDay|[upkeep]\n|-damage|p2b: FlapFlap|72\/100 psn|[from] psn\n|upkeep\n|turn|2\n|inactive|ScarsonaVGC has 30 seconds left.\n|inactive|ScarsonaVGC has 20 seconds left.\n|inactive|ScarsonaVGC has 15 seconds left.\n|\n|t:|1699733449\n|-terastallize|p2b: FlapFlap|Fairy\n|move|p2a: DTP|Tailwind|p2a: DTP\n|-sidestart|p2: Ryugami0|move: Tailwind\n|move|p2b: FlapFlap|Dazzling Gleam|p1a: Ninetales|[spread] p1a,p1b\n|-resisted|p1b: Glimmora\n|-damage|p1a: Ninetales|0 fnt\n|-damage|p1b: Glimmora|9\/100\n|faint|p1a: Ninetales\n|move|p1b: Glimmora|Power Gem|p2b: FlapFlap\n|-damage|p2b: FlapFlap|30\/100 psn\n|\n|-weather|SunnyDay|[upkeep]\n|-damage|p2b: FlapFlap|18\/100 psn|[from] psn\n|upkeep\n|inactive|ScarsonaVGC has 30 seconds left.\n|\n|t:|1699733483\n|switch|p1a: Dondoro|Dondozo, L50, M|100\/100\n|turn|3\n|\n|t:|1699733495\n|move|p1b: Glimmora|Spiky Shield|p1b: Glimmora\n|-singleturn|p1b: Glimmora|move: Protect\n|move|p1a: Dondoro|Protect|p1a: Dondoro\n|-singleturn|p1a: Dondoro|Protect\n|move|p2a: DTP|Taunt|p1a: Dondoro\n|-activate|p1a: Dondoro|move: Protect\n|move|p2b: FlapFlap|Dazzling Gleam|p1b: Glimmora|[spread] \n|-activate|p1a: Dondoro|move: Protect\n|-activate|p1b: Glimmora|move: Protect\n|\n|-weather|SunnyDay|[upkeep]\n|-damage|p2b: FlapFlap|5\/100 psn|[from] psn\n|upkeep\n|turn|4\n|inactive|ScarsonaVGC has 30 seconds left.\n|inactive|ScarsonaVGC has 20 seconds left.\n|inactive|ScarsonaVGC has 15 seconds left.\n|inactive|ScarsonaVGC has 10 seconds left.\n|\n|t:|1699733544\n|move|p1b: Glimmora|Spiky Shield||[still]\n|-fail|p1b: Glimmora\n|move|p2a: DTP|Taunt|p1a: Dondoro\n|-start|p1a: Dondoro|move: Taunt\n|move|p2b: FlapFlap|Dazzling Gleam|p1a: Dondoro|[spread] p1a,p1b\n|-resisted|p1b: Glimmora\n|-damage|p1a: Dondoro|30\/100\n|-damage|p1b: Glimmora|0 fnt\n|faint|p1b: Glimmora\n|move|p1a: Dondoro|Order Up|p2a: DTP\n|-damage|p2a: DTP|46\/100\n|\n|-weather|SunnyDay|[upkeep]\n|-heal|p1a: Dondoro|36\/100|[from] item: Leftovers\n|-damage|p2b: FlapFlap|0 fnt|[from] psn\n|faint|p2b: FlapFlap\n|-end|p2b: FlapFlap|Protosynthesis|[silent]\n|upkeep\n|\n|t:|1699733565\n|switch|p2b: FYMB|Ogerpon-Hearthflame, L50, F|100\/100\n|switch|p1b: Tatsugiri|Tatsugiri, L50, F|100\/100\n|-activate|p1b: Tatsugiri|ability: Commander|[of] p1a: Dondoro\n|-boost|p1a: Dondoro|atk|2\n|-boost|p1a: Dondoro|spa|2\n|-boost|p1a: Dondoro|spe|2\n|-boost|p1a: Dondoro|def|2\n|-boost|p1a: Dondoro|spd|2\n|-ability|p2b: FYMB|Mold Breaker\n|turn|5\n|\n|t:|1699733582\n|-terastallize|p1a: Dondoro|Dragon\n|move|p2b: FYMB|Ivy Cudgel|p1a: Dondoro\n|-resisted|p1a: Dondoro\n|-damage|p1a: Dondoro|20\/100\n|move|p2a: DTP|Bleakwind Storm|p1b: Tatsugiri|[spread] \n|-miss|p2a: DTP|p1b: Tatsugiri\n|-miss|p2a: DTP|p1a: Dondoro\n|move|p1a: Dondoro|Earthquake|p2a: DTP|[spread] p2b\n|-miss|p1a: Dondoro|p1b: Tatsugiri\n|-immune|p2a: DTP\n|-damage|p2b: FYMB|52\/100\n|\n|-weather|none\n|-heal|p1a: Dondoro|26\/100|[from] item: Leftovers\n|-sideend|p2: Ryugami0|move: Tailwind\n|upkeep\n|turn|6\n|inactive|ScarsonaVGC has 30 seconds left.\n|\n|t:|1699733609\n|move|p2b: FYMB|Spiky Shield|p2b: FYMB\n|-singleturn|p2b: FYMB|move: Protect\n|move|p2a: DTP|Sunny Day|p2a: DTP\n|-weather|SunnyDay\n|move|p1a: Dondoro|Order Up|p2a: DTP\n|-damage|p2a: DTP|0 fnt\n|faint|p2a: DTP\n|-boost|p1a: Dondoro|atk|1\n|\n|-weather|SunnyDay|[upkeep]\n|-heal|p1a: Dondoro|32\/100|[from] item: Leftovers\n|-end|p1a: Dondoro|move: Taunt\n|upkeep\n|\n|t:|1699733611\n|switch|p2a: GetPregnant|Rillaboom, L50, F|100\/100\n|-fieldstart|move: Grassy Terrain|[from] ability: Grassy Surge|[of] p2a: GetPregnant\n|turn|7\n|\n|t:|1699733633\n|move|p1a: Dondoro|Protect|p1a: Dondoro\n|-singleturn|p1a: Dondoro|Protect\n|move|p2a: GetPregnant|Fake Out|p1a: Dondoro\n|-activate|p1a: Dondoro|move: Protect\n|move|p2b: FYMB|Swords Dance|p2b: FYMB\n|-boost|p2b: FYMB|atk|2\n|\n|-weather|SunnyDay|[upkeep]\n|-heal|p1a: Dondoro|38\/100|[from] Grassy Terrain\n|-heal|p1a: Dondoro|44\/100|[from] item: Leftovers\n|-heal|p2b: FYMB|59\/100|[from] Grassy Terrain\n|upkeep\n|turn|8\n|inactive|ScarsonaVGC has 30 seconds left.\n|inactive|ScarsonaVGC has 20 seconds left.\n|\n|t:|1699733668\n|move|p1a: Dondoro|Order Up|p2a: GetPregnant\n|-damage|p2a: GetPregnant|22\/100\n|-boost|p1a: Dondoro|atk|1\n|move|p2b: FYMB|Ivy Cudgel|p1a: Dondoro\n|-resisted|p1a: Dondoro\n|-damage|p1a: Dondoro|12\/100\n|move|p2a: GetPregnant|Wood Hammer|p1a: Dondoro\n|-resisted|p1a: Dondoro\n|-damage|p1a: Dondoro|0 fnt\n|faint|p1a: Dondoro\n|-damage|p2a: GetPregnant|18\/100|[from] Recoil\n|\n|-weather|SunnyDay|[upkeep]\n|-heal|p2b: FYMB|65\/100|[from] Grassy Terrain\n|-heal|p2a: GetPregnant|24\/100|[from] Grassy Terrain\n|upkeep\n|turn|9\n|inactive|ScarsonaVGC has 30 seconds left.\n|inactive|ScarsonaVGC has 20 seconds left.\n|inactive|ScarsonaVGC has 15 seconds left.\n|inactive|ScarsonaVGC has 10 seconds left.\n|inactive|ScarsonaVGC has 5 seconds left.\n|\n|t:|1699733718\n|move|p2b: FYMB|Grassy Glide|p1b: Tatsugiri\n|-damage|p1b: Tatsugiri|0 fnt\n|faint|p1b: Tatsugiri\n|\n|win|Ryugami0\n|c|&|\/uhtml prompt-ryugami0,Ryugami0 is ready for game 2!\n|inactive|ScarsonaVGC has 50 seconds to confirm battle start!\n|c|&|\/uhtml prompt-scarsonavgc,ScarsonaVGC is ready for game 2!\nBoth players are ready! Starting next match!\n","uploadtime":1699734788,"views":10,"p1id":"scarsonavgc","p2id":"ryugami0","formatid":"gen9vgc2023regulatione","rating":0,"private":0,"password":""}