{"id":"gen9vgc2023regulatione-1999692859","p1":"CaliberChamp","p2":"Supa993","format":"[Gen 9] VGC 2023 Regulation E","log":"|j|\u2606CaliberChamp\n|j|\u2606Supa993\n|t:|1701108345\n|gametype|doubles\n|player|p1|CaliberChamp|red-masters|1173\n|player|p2|Supa993|2|1121\n|teamsize|p1|6\n|teamsize|p2|6\n|gen|9\n|tier|[Gen 9] VGC 2023 Regulation E\n|rated|\n|rule|Species Clause: Limit one of each Pok\u00e9mon\n|rule|Item Clause: Limit one of each item\n|clearpoke\n|poke|p1|Cinderace, L50, M|\n|poke|p1|Corviknight, L50, M|\n|poke|p1|Toxtricity-Low-Key, L50, F|\n|poke|p1|Grimmsnarl, L50, M|\n|poke|p1|Quaquaval, L50, M|\n|poke|p1|Frosmoth, L50, F|\n|poke|p2|Tornadus, L50, M|\n|poke|p2|Flutter Mane, L50|\n|poke|p2|Rillaboom, L50, F|\n|poke|p2|Ogerpon-Wellspring, L50, F|\n|poke|p2|Chien-Pao, L50|\n|poke|p2|Arcanine-Hisui, L50, F|\n|teampreview|4\n|\n|t:|1701108382\n|start\n|switch|p1a: Hyrok|Grimmsnarl, L50, M|100\/100\n|switch|p1b: Riffit|Toxtricity-Low-Key, L50, F|100\/100\n|switch|p2a: Tornadus|Tornadus, L50, M|100\/100\n|switch|p2b: Rillaboom|Rillaboom, L50, F|100\/100\n|-fieldstart|move: Grassy Terrain|[from] ability: Grassy Surge|[of] p2b: Rillaboom\n|turn|1\n|inactive|Battle timer is ON: inactive players will automatically lose when time's up. (requested by CaliberChamp)\n|\n|t:|1701108402\n|switch|p2a: Arcanine|Arcanine-Hisui, L50, F|100\/100\n|-ability|p2a: Arcanine|Intimidate|boost\n|-unboost|p1a: Hyrok|atk|1\n|-unboost|p1b: Riffit|atk|1\n|move|p2b: Rillaboom|Fake Out|p1b: Riffit\n|-damage|p1b: Riffit|78\/100\n|move|p1a: Hyrok|Reflect|p1a: Hyrok\n|-sidestart|p1: CaliberChamp|Reflect\n|cant|p1b: Riffit|flinch\n|\n|-heal|p1b: Riffit|84\/100|[from] Grassy Terrain\n|upkeep\n|turn|2\n|inactive|CaliberChamp has 30 seconds left.\n|inactive|CaliberChamp has 20 seconds left.\n|inactive|Supa993 has 30 seconds left.\n|\n|t:|1701108439\n|switch|p1b: Karasu|Corviknight, L50, M|100\/100\n|move|p1a: Hyrok|Light Screen|p1a: Hyrok\n|-sidestart|p1: CaliberChamp|move: Light Screen\n|move|p2a: Arcanine|Rock Slide|p1a: Hyrok|[spread] p1a,p1b\n|-damage|p1a: Hyrok|79\/100\n|-damage|p1b: Karasu|84\/100\n|move|p2b: Rillaboom|Stomping Tantrum|p1b: Karasu\n|-immune|p1b: Karasu\n|\n|-heal|p1a: Hyrok|85\/100|[from] Grassy Terrain\n|upkeep\n|turn|3\n|inactive|Supa993 has 30 seconds left.\n|\n|t:|1701108467\n|switch|p2a: Tornadus|Tornadus, L50, M|100\/100\n|move|p1a: Hyrok|Scary Face|p2a: Tornadus\n|-unboost|p2a: Tornadus|spe|2\n|move|p2b: Rillaboom|Wood Hammer|p1a: Hyrok\n|-damage|p1a: Hyrok|40\/100\n|-damage|p2b: Rillaboom|86\/100|[from] Recoil\n|move|p1b: Karasu|Bulk Up|p1b: Karasu\n|-boost|p1b: Karasu|atk|1\n|-boost|p1b: Karasu|def|1\n|\n|-heal|p2b: Rillaboom|92\/100|[from] Grassy Terrain\n|-heal|p1a: Hyrok|46\/100|[from] Grassy Terrain\n|upkeep\n|turn|4\n|inactive|CaliberChamp has 30 seconds left.\n|inactive|CaliberChamp has 20 seconds left.\n|inactive|CaliberChamp has 15 seconds left.\n|inactive|CaliberChamp has 10 seconds left.\n|\n|t:|1701108516\n|-terastallize|p1a: Hyrok|Steel\n|move|p2a: Tornadus|Tailwind|p2a: Tornadus\n|-sidestart|p2: Supa993|move: Tailwind\n|move|p1a: Hyrok|Scary Face|p2b: Rillaboom\n|-unboost|p2b: Rillaboom|spe|2\n|move|p2b: Rillaboom|Wood Hammer|p1a: Hyrok\n|-resisted|p1a: Hyrok\n|-damage|p1a: Hyrok|25\/100\n|-damage|p2b: Rillaboom|85\/100|[from] Recoil\n|move|p1b: Karasu|Brave Bird|p2b: Rillaboom\n|-supereffective|p2b: Rillaboom\n|-damage|p2b: Rillaboom|0 fnt\n|faint|p2b: Rillaboom\n|-damage|p1b: Karasu|56\/100|[from] Recoil\n|\n|-heal|p1a: Hyrok|31\/100|[from] Grassy Terrain\n|upkeep\n|inactive|Supa993 has 30 seconds left.\n|\n|t:|1701108547\n|switch|p2b: Arcanine|Arcanine-Hisui, L50, F|100\/100\n|-ability|p2b: Arcanine|Intimidate|boost\n|-unboost|p1a: Hyrok|atk|1\n|-ability|p1b: Karasu|Mirror Armor\n|-unboost|p2b: Arcanine|atk|1\n|turn|5\n|\n|t:|1701108565\n|move|p1a: Hyrok|Scary Face|p2b: Arcanine\n|-unboost|p2b: Arcanine|spe|2\n|move|p2a: Tornadus|Icy Wind|p1b: Karasu|[spread] p1a,p1b\n|-resisted|p1a: Hyrok\n|-damage|p1a: Hyrok|26\/100\n|-damage|p1b: Karasu|47\/100\n|-ability|p1b: Karasu|Mirror Armor\n|-unboost|p2a: Tornadus|spe|1\n|move|p2b: Arcanine|Flare Blitz|p1a: Hyrok\n|-supereffective|p1a: Hyrok\n|-damage|p1a: Hyrok|0 fnt\n|faint|p1a: Hyrok\n|-damage|p2b: Arcanine|91\/100|[from] Recoil\n|move|p1b: Karasu|Roost|p1b: Karasu\n|-heal|p1b: Karasu|98\/100\n|-singleturn|p1b: Karasu|move: Roost\n|\n|-heal|p2b: Arcanine|97\/100|[from] Grassy Terrain\n|-heal|p1b: Karasu|100\/100|[from] Grassy Terrain\n|-sideend|p1: CaliberChamp|Reflect\n|-fieldend|move: Grassy Terrain\n|upkeep\n|inactive|CaliberChamp has 30 seconds left.\n|\n|t:|1701108595\n|switch|p1a: Riffit|Toxtricity-Low-Key, L50, F|84\/100\n|turn|6\n|\n|t:|1701108605\n|move|p2a: Tornadus|Bleakwind Storm|p1b: Karasu|[spread] p1a,p1b\n|-resisted|p1a: Riffit\n|-resisted|p1b: Karasu\n|-damage|p1a: Riffit|69\/100\n|-damage|p1b: Karasu|91\/100\n|move|p2b: Arcanine|Flare Blitz|p1b: Karasu\n|-supereffective|p1b: Karasu\n|-damage|p1b: Karasu|43\/100\n|-damage|p2b: Arcanine|81\/100|[from] item: Rocky Helmet|[of] p1b: Karasu\n|-damage|p2b: Arcanine|64\/100|[from] Recoil\n|move|p1a: Riffit|Overdrive|p2a: Tornadus|[spread] p2a,p2b\n|-supereffective|p2a: Tornadus\n|-damage|p2a: Tornadus|1\/100\n|-damage|p2b: Arcanine|18\/100\n|move|p1b: Karasu|Body Press|p2b: Arcanine\n|-supereffective|p2b: Arcanine\n|-damage|p2b: Arcanine|0 fnt\n|faint|p2b: Arcanine\n|\n|-sideend|p1: CaliberChamp|move: Light Screen\n|upkeep\n|\n|t:|1701108625\n|switch|p2b: Ogerpon|Ogerpon-Wellspring, L50, F|100\/100\n|turn|7\n|\n|t:|1701108639\n|-terastallize|p2b: Ogerpon|Water\n|detailschange|p2b: Ogerpon|Ogerpon-Wellspring-Tera, L50, F, tera:Water\n|-ability|p2b: Ogerpon|Embody Aspect (Wellspring)|boost\n|-boost|p2b: Ogerpon|spd|1\n|move|p2b: Ogerpon|Ivy Cudgel|p1a: Riffit|[anim] Ivy Cudgel Water\n|-damage|p1a: Riffit|0 fnt\n|faint|p1a: Riffit\n|move|p2a: Tornadus|Icy Wind|p1b: Karasu\n|-crit|p1b: Karasu\n|-damage|p1b: Karasu|20\/100\n|-ability|p1b: Karasu|Mirror Armor\n|-unboost|p2a: Tornadus|spe|1\n|move|p1b: Karasu|Roost|p1b: Karasu\n|-heal|p1b: Karasu|70\/100\n|-singleturn|p1b: Karasu|move: Roost\n|\n|-sideend|p2: Supa993|move: Tailwind\n|upkeep\n|\n|t:|1701108658\n|switch|p1a: Ace|Cinderace, L50, M|100\/100\n|turn|8\n|inactive|CaliberChamp has 30 seconds left.\n|\n|t:|1701108685\n|move|p2a: Tornadus|Tailwind|p2a: Tornadus\n|-sidestart|p2: Supa993|move: Tailwind\n|move|p2b: Ogerpon|Ivy Cudgel|p1b: Karasu|[anim] Ivy Cudgel Water\n|-damage|p1b: Karasu|40\/100\n|move|p1a: Ace|Trailblaze|p2b: Ogerpon\n|-start|p1a: Ace|typechange|Grass|[from] ability: Libero\n|-supereffective|p2b: Ogerpon\n|-damage|p2b: Ogerpon|28\/100\n|-boost|p1a: Ace|spe|1\n|-damage|p1a: Ace|91\/100|[from] item: Life Orb\n|move|p1b: Karasu|Brave Bird|p2b: Ogerpon\n|-damage|p2b: Ogerpon|0 fnt\n|faint|p2b: Ogerpon\n|-damage|p1b: Karasu|31\/100|[from] Recoil\n|\n|upkeep\n|turn|9\n|-message|Supa993 forfeited.\n|\n|win|CaliberChamp\n|raw|CaliberChamp's rating: 1173 &rarr; <strong>1194<\/strong><br \/>(+21 for winning)\n|raw|Supa993's rating: 1121 &rarr; <strong>1100<\/strong><br \/>(-21 for losing)\n|l|\u2606Supa993\n","uploadtime":1701108734,"views":5,"p1id":"caliberchamp","p2id":"supa993","formatid":"gen9vgc2023regulatione","rating":1100,"private":0,"password":""}