{"id":"gen9vgc2023regulatione-1989139817","p1":"QrdeJegoMac","p2":"ErikTwee","format":"[Gen 9] VGC 2023 Regulation E","log":"|j|\u2606QrdeJegoMac\n|j|\u2606ErikTwee\n|t:|1699816486\n|gametype|doubles\n|player|p1|QrdeJegoMac|169|1507\n|player|p2|ErikTwee|170|1456\n|teamsize|p1|6\n|teamsize|p2|6\n|gen|9\n|tier|[Gen 9] VGC 2023 Regulation E\n|rated|\n|rule|Species Clause: Limit one of each Pok\u00e9mon\n|rule|Item Clause: Limit one of each item\n|clearpoke\n|poke|p1|Ogerpon-Hearthflame, L50, F|\n|poke|p1|Urshifu-*, L50, F|\n|poke|p1|Tornadus, L50, M|\n|poke|p1|Landorus-Therian, L50, M|\n|poke|p1|Flutter Mane, L50|\n|poke|p1|Kingambit, L50, M|\n|poke|p2|Staraptor, L50, F|\n|poke|p2|Ursaluna, L50, M|\n|poke|p2|Urshifu-*, L50, F|\n|poke|p2|Scream Tail, L50|\n|poke|p2|Farigiraf, L50, M|\n|poke|p2|Torkoal, L50, M|\n|teampreview|4\n|inactive|Battle timer is ON: inactive players will automatically lose when time's up. (requested by QrdeJegoMac)\nQrdeJegoMac has agreed to open team sheets.\n|inactive|ErikTwee has 60 seconds left.\n|\n|t:|1699816523\n|start\n|switch|p1a: Flutter Mane|Flutter Mane, L50|100\/100\n|switch|p1b: Kingambit|Kingambit, L50, M, shiny|100\/100\n|switch|p2a: Farigiraf|Farigiraf, L50, M|100\/100\n|switch|p2b: Urshifu|Urshifu, L50, F|100\/100\n|turn|1\n|inactive|ErikTwee has 30 seconds left.\n|\n|t:|1699816557\n|switch|p1b: Tornadus|Tornadus, L50, M|100\/100\n|move|p1a: Flutter Mane|Dazzling Gleam|p2b: Urshifu|[spread] p2a,p2b\n|-supereffective|p2b: Urshifu\n|-damage|p2a: Farigiraf|63\/100\n|-enditem|p2b: Urshifu|Focus Sash\n|-damage|p2b: Urshifu|1\/100\n|move|p2b: Urshifu|Close Combat|p1b: Tornadus\n|-resisted|p1b: Tornadus\n|-damage|p1b: Tornadus|64\/100\n|-unboost|p2b: Urshifu|def|1\n|-unboost|p2b: Urshifu|spd|1\n|move|p2a: Farigiraf|Trick Room|p2a: Farigiraf\n|-fieldstart|move: Trick Room|[of] p2a: Farigiraf\n|\n|upkeep\n|turn|2\n|inactive|ErikTwee has 30 seconds left.\n|inactive|ErikTwee has 20 seconds left.\n|inactive|ErikTwee has 15 seconds left.\n|\n|t:|1699816599\n|switch|p1b: Kingambit|Kingambit, L50, M, shiny|100\/100\n|move|p2a: Farigiraf|Protect|p2a: Farigiraf\n|-singleturn|p2a: Farigiraf|Protect\n|move|p2b: Urshifu|Sucker Punch|p1a: Flutter Mane\n|-damage|p1a: Flutter Mane|45\/100\n|move|p1a: Flutter Mane|Dazzling Gleam|p2a: Farigiraf|[spread] p2b\n|-activate|p2a: Farigiraf|move: Protect\n|-supereffective|p2b: Urshifu\n|-damage|p2b: Urshifu|0 fnt\n|faint|p2b: Urshifu\n|\n|upkeep\n|\n|t:|1699816613\n|switch|p2b: Torkoal|Torkoal, L50, M|100\/100\n|-weather|SunnyDay|[from] ability: Drought|[of] p2b: Torkoal\n|-activate|p1a: Flutter Mane|ability: Protosynthesis\n|-start|p1a: Flutter Mane|protosynthesisspe\n|turn|3\n|\n|t:|1699816625\n|-terastallize|p2a: Farigiraf|Fairy\n|move|p1b: Kingambit|Protect|p1b: Kingambit\n|-singleturn|p1b: Kingambit|Protect\n|move|p2b: Torkoal|Eruption|p1b: Kingambit|[spread] p1a\n|-activate|p1b: Kingambit|move: Protect\n|-damage|p1a: Flutter Mane|0 fnt\n|faint|p1a: Flutter Mane\n|-end|p1a: Flutter Mane|Protosynthesis|[silent]\n|move|p2a: Farigiraf|Dazzling Gleam|p1b: Kingambit\n|-activate|p1b: Kingambit|move: Protect\n|\n|-weather|SunnyDay|[upkeep]\n|upkeep\n|\n|t:|1699816629\n|switch|p1a: Tornadus|Tornadus, L50, M|64\/100\n|turn|4\n|\n|t:|1699816651\n|move|p1a: Tornadus|Rain Dance|p1a: Tornadus\n|-weather|RainDance\n|move|p2b: Torkoal|Eruption|p1a: Tornadus|[spread] p1a,p1b\n|-supereffective|p1b: Kingambit\n|-damage|p1a: Tornadus|39\/100\n|-damage|p1b: Kingambit|42\/100\n|move|p1b: Kingambit|Kowtow Cleave|p2b: Torkoal\n|-damage|p2b: Torkoal|56\/100\n|move|p2a: Farigiraf|Dazzling Gleam|p1a: Tornadus|[spread] p1a,p1b\n|-damage|p1a: Tornadus|18\/100\n|-damage|p1b: Kingambit|18\/100\n|\n|-weather|RainDance|[upkeep]\n|upkeep\n|turn|5\n|inactive|ErikTwee has 30 seconds left.\n|\n|t:|1699816680\n|switch|p2b: Ursaluna|Ursaluna, L50, M|100\/100\n|move|p1b: Kingambit|Protect|p1b: Kingambit\n|-singleturn|p1b: Kingambit|Protect\n|move|p2a: Farigiraf|Protect|p2a: Farigiraf\n|-singleturn|p2a: Farigiraf|Protect\n|move|p1a: Tornadus|Bleakwind Storm|p2b: Ursaluna|[spread] p2b\n|-activate|p2a: Farigiraf|move: Protect\n|-damage|p2b: Ursaluna|75\/100\n|\n|-weather|RainDance|[upkeep]\n|-fieldend|move: Trick Room\n|-status|p2b: Ursaluna|brn|[from] item: Flame Orb\n|upkeep\n|turn|6\n|\n|t:|1699816704\n|-terastallize|p1b: Kingambit|Dark\n|move|p1a: Tornadus|Bleakwind Storm|p2b: Ursaluna|[spread] p2a,p2b\n|-damage|p2a: Farigiraf|37\/100\n|-damage|p2b: Ursaluna|44\/100 brn\n|-enditem|p2a: Farigiraf|Sitrus Berry|[eat]\n|-heal|p2a: Farigiraf|62\/100|[from] item: Sitrus Berry\n|move|p1b: Kingambit|Kowtow Cleave|p2a: Farigiraf\n|-resisted|p2a: Farigiraf\n|-damage|p2a: Farigiraf|26\/100\n|move|p2b: Ursaluna|Facade|p1a: Tornadus\n|-damage|p1a: Tornadus|0 fnt\n|faint|p1a: Tornadus\n|move|p2a: Farigiraf|Trick Room|p2a: Farigiraf\n|-fieldstart|move: Trick Room|[of] p2a: Farigiraf\n|\n|-weather|RainDance|[upkeep]\n|-damage|p2b: Ursaluna|38\/100 brn|[from] brn\n|upkeep\n|\n|t:|1699816709\n|switch|p1a: Urshifu|Urshifu-Rapid-Strike, L50, F|100\/100\n|turn|7\n|inactive|ErikTwee has 30 seconds left.\n|\n|t:|1699816743\n|move|p2b: Ursaluna|Facade|p1a: Urshifu\n|-enditem|p1a: Urshifu|Focus Sash\n|-damage|p1a: Urshifu|1\/100\n|move|p1b: Kingambit|Kowtow Cleave|p2a: Farigiraf\n|-resisted|p2a: Farigiraf\n|-damage|p2a: Farigiraf|0 fnt\n|faint|p2a: Farigiraf\n|move|p1a: Urshifu|Surging Strikes|p2b: Ursaluna\n|-supereffective|p2b: Ursaluna\n|-crit|p2b: Ursaluna\n|-damage|p2b: Ursaluna|0 fnt\n|faint|p2b: Ursaluna\n|-hitcount|p2: Ursaluna|1\n|\n|-weather|RainDance|[upkeep]\n|upkeep\n|\n|t:|1699816760\n|switch|p2b: Torkoal|Torkoal, L50, M|56\/100\n|-weather|SunnyDay|[from] ability: Drought|[of] p2b: Torkoal\n|turn|8\n|\n|t:|1699816781\n|move|p1b: Kingambit|Protect|p1b: Kingambit\n|-singleturn|p1b: Kingambit|Protect\n|move|p1a: Urshifu|Protect|p1a: Urshifu\n|-singleturn|p1a: Urshifu|Protect\n|move|p2b: Torkoal|Eruption|p1a: Urshifu|[spread] \n|-activate|p1a: Urshifu|move: Protect\n|-activate|p1b: Kingambit|move: Protect\n|\n|-weather|SunnyDay|[upkeep]\n|upkeep\n|turn|9\n|\n|t:|1699816795\n|move|p1b: Kingambit|Sucker Punch|p2b: Torkoal\n|-damage|p2b: Torkoal|11\/100\n|move|p1a: Urshifu|Aqua Jet|p2b: Torkoal\n|-supereffective|p2b: Torkoal\n|-damage|p2b: Torkoal|0 fnt\n|faint|p2b: Torkoal\n|\n|win|QrdeJegoMac\n|raw|QrdeJegoMac's rating: 1507 &rarr; <strong>1524<\/strong><br \/>(+17 for winning)\n|raw|ErikTwee's rating: 1456 &rarr; <strong>1439<\/strong><br \/>(-17 for losing)\n","uploadtime":1699816807,"views":14,"p1id":"qrdejegomac","p2id":"eriktwee","formatid":"gen9vgc2023regulatione","rating":1439,"private":0,"password":""}