{"id":"gen9vgc2023regulatione-1995804480","p1":"Yoyoforce","p2":"iPetBigfoot","format":"[Gen 9] VGC 2023 Regulation E","log":"|j|\u2606Yoyoforce\n|j|\u2606iPetBigfoot\n|t:|1700604796\n|gametype|doubles\n|player|p1|Yoyoforce|alder|\n|player|p2|iPetBigfoot|carmine-festival|\n|teamsize|p1|6\n|teamsize|p2|6\n|gen|9\n|tier|[Gen 9] VGC 2023 Regulation E\n|rule|Species Clause: Limit one of each Pok\u00e9mon\n|rule|Item Clause: Limit one of each item\n|clearpoke\n|poke|p1|Chi-Yu, L50|\n|poke|p1|Tornadus, L50, M|\n|poke|p1|Landorus-Therian, L50, M|\n|poke|p1|Flutter Mane, L50|\n|poke|p1|Iron Hands, L50|\n|poke|p1|Ogerpon-Wellspring, L50, F|\n|poke|p2|Regieleki, L50|\n|poke|p2|Urshifu-*, L50, M|\n|poke|p2|Tornadus, L50, M|\n|poke|p2|Ogerpon-Hearthflame, L50, F|\n|poke|p2|Gholdengo, L50|\n|poke|p2|Landorus-Therian, L50, M|\n|teampreview|4\niPetBigfoot has agreed to open team sheets.\nYoyoforce has agreed to open team sheets.\n|showteam|p1|Chi-Yu||LifeOrb|BeadsofRuin|Protect,TeraBlast,DarkPulse,HeatWave||||||50|,,,,,Grass]Tornadus||CovertCloak|Prankster|BleakwindStorm,IcyWind,Tailwind,Taunt|||M|||50|,,,,,Dark]Landorus-Therian||RockyHelmet|Intimidate|Earthquake,Uturn,RockSlide,TeraBlast|||M|||50|,,,,,Flying]Flutter Mane||BoosterEnergy|Protosynthesis|TrickRoom,DazzlingGleam,ShadowBall,Protect||||||50|,,,,,Fairy]Iron Hands||AssaultVest|QuarkDrive|DrainPunch,WildCharge,FakeOut,HeavySlam||||||50|,,,,,Water]Ogerpon-Wellspring||WellspringMask|WaterAbsorb|IvyCudgel,HornLeech,FollowMe,SpikyShield|||F|||50|,,,,,Water\n|showteam|p2|Regieleki||Magnet|Transistor|Thunderbolt,Electroweb,TeraBlast,Protect||||||50|,,,,,Ice]Urshifu||ChoiceBand|UnseenFist|WickedBlow,SuckerPunch,CloseCombat,Uturn|||M|||50|,,,,,Dark]Tornadus||CovertCloak|Prankster|BleakwindStorm,Tailwind,Taunt,Protect|||M|||50|,,,,,Dark]Ogerpon-Hearthflame||HearthflameMask|MoldBreaker|IvyCudgel,WoodHammer,FollowMe,SpikyShield|||F|||50|,,,,,Fire]Gholdengo||LifeOrb|GoodasGold|MakeItRain,ShadowBall,NastyPlot,Protect||||||50|,,,,,Dragon]Landorus-Therian||ChoiceScarf|Intimidate|StompingTantrum,TeraBlast,RockSlide,Uturn|||M|||50|,,,,,Flying\n|\n|t:|1700604859\n|start\n|switch|p1a: Misdreamus|Flutter Mane, L50, shiny|100\/100\n|switch|p1b: Hariken|Tornadus, L50, M|100\/100\n|switch|p2a: Gholdengo|Gholdengo, L50|100\/100\n|switch|p2b: Tornadus|Tornadus, L50, M|100\/100\n|-enditem|p1a: Misdreamus|Booster Energy\n|-activate|p1a: Misdreamus|ability: Protosynthesis|[fromitem]\n|-start|p1a: Misdreamus|protosynthesisspe\n|turn|1\n|\n|t:|1700604899\n|-terastallize|p1b: Hariken|Dark\n|move|p1a: Misdreamus|Protect|p1a: Misdreamus\n|-singleturn|p1a: Misdreamus|Protect\n|move|p2a: Gholdengo|Protect|p2a: Gholdengo\n|-singleturn|p2a: Gholdengo|Protect\n|move|p2b: Tornadus|Taunt|p1b: Hariken\n|-hint|Since gen 7, Dark is immune to Prankster moves.\n|-immune|p1b: Hariken\n|move|p1b: Hariken|Tailwind|p1b: Hariken\n|-sidestart|p1: Yoyoforce|move: Tailwind\n|\n|upkeep\n|turn|2\n|\n|t:|1700604925\n|switch|p2a: Urshifu|Urshifu, L50, M|100\/100\n|move|p2b: Tornadus|Tailwind|p2b: Tornadus\n|-sidestart|p2: iPetBigfoot|move: Tailwind\n|move|p1a: Misdreamus|Dazzling Gleam|p2a: Urshifu|[spread] p2a,p2b\n|-supereffective|p2a: Urshifu\n|-damage|p2a: Urshifu|0 fnt\n|-damage|p2b: Tornadus|64\/100\n|faint|p2a: Urshifu\n|move|p1b: Hariken|Icy Wind|p2b: Tornadus\n|-supereffective|p2b: Tornadus\n|-damage|p2b: Tornadus|22\/100\n|\n|upkeep\n|j| Bolt-Beam Studios\n|\n|t:|1700604933\n|switch|p2a: Gholdengo|Gholdengo, L50|100\/100\n|turn|3\n|c| Bolt-Beam Studios|you got this\n|c| Bolt-Beam Studios|stuart\n|c|\u2606iPetBigfoot|hes playing like shit and its working\n|c|\u2606iPetBigfoot|call me plopy\n|c|\u2606Yoyoforce|shut up Alex\n|c|\u2606iPetBigfoot|isnt that ironic\n|\n|t:|1700604987\n|move|p1a: Misdreamus|Shadow Ball|p2a: Gholdengo\n|-supereffective|p2a: Gholdengo\n|-damage|p2a: Gholdengo|34\/100\n|move|p2b: Tornadus|Bleakwind Storm|p1a: Misdreamus|[spread] p1a,p1b\n|-damage|p1a: Misdreamus|68\/100\n|-damage|p1b: Hariken|58\/100\n|move|p1b: Hariken|Bleakwind Storm|p2a: Gholdengo|[spread] p2a\n|-miss|p1b: Hariken|p2b: Tornadus\n|-resisted|p2a: Gholdengo\n|-damage|p2a: Gholdengo|18\/100\n|-unboost|p2a: Gholdengo|spe|1\n|move|p2a: Gholdengo|Make It Rain|p1a: Misdreamus|[spread] p1a,p1b\n|-supereffective|p1a: Misdreamus\n|-damage|p1a: Misdreamus|0 fnt\n|-damage|p1b: Hariken|0 fnt\n|-unboost|p2a: Gholdengo|spa|1\n|faint|p1a: Misdreamus\n|-end|p1a: Misdreamus|Protosynthesis|[silent]\n|faint|p1b: Hariken\n|-damage|p2a: Gholdengo|8\/100|[from] item: Life Orb\n|\n|upkeep\n|c| Bolt-Beam Studios|nuh uh\n|c| Bolt-Beam Studios|also stuart\n|\n|t:|1700605008\n|switch|p1a: Haryandro|Iron Hands, L50|100\/100\n|switch|p1b: Ame|Ogerpon-Wellspring, L50, F|100\/100\n|turn|4\n|c| Bolt-Beam Studios|nice ko stuart\n|c| Bolt-Beam Studios|go get em\n|j| WilfredVGC\n|\n|t:|1700605025\n|move|p2b: Tornadus|Protect|p2b: Tornadus\n|-singleturn|p2b: Tornadus|Protect\n|move|p2a: Gholdengo|Protect|p2a: Gholdengo\n|-singleturn|p2a: Gholdengo|Protect\n|move|p1b: Ame|Ivy Cudgel|p2b: Tornadus|[anim] Ivy Cudgel Water\n|-activate|p2b: Tornadus|move: Protect\n|move|p1a: Haryandro|Drain Punch|p2a: Gholdengo\n|-activate|p2a: Gholdengo|move: Protect\n|\n|-sideend|p1: Yoyoforce|move: Tailwind\n|upkeep\n|turn|5\n|\n|t:|1700605046\n|move|p2b: Tornadus|Bleakwind Storm|p1b: Ame|[spread] p1b\n|-miss|p2b: Tornadus|p1a: Haryandro\n|-supereffective|p1b: Ame\n|-damage|p1b: Ame|38\/100\n|move|p2a: Gholdengo|Shadow Ball|p1a: Haryandro\n|-damage|p1a: Haryandro|82\/100\n|-damage|p2a: Gholdengo|0 fnt|[from] item: Life Orb\n|faint|p2a: Gholdengo\n|move|p1b: Ame|Ivy Cudgel|p2b: Tornadus|[anim] Ivy Cudgel Water\n|-damage|p2b: Tornadus|0 fnt\n|faint|p2b: Tornadus\n|move|p1a: Haryandro|Wild Charge|p2: Gholdengo|[notarget]\n|-fail|p1a: Haryandro\n|\n|-sideend|p2: iPetBigfoot|move: Tailwind\n|upkeep\n|c| Bolt-Beam Studios|drain punching into a ghold?\n|\n|t:|1700605053\n|switch|p2b: Landorus|Landorus-Therian, L50, M|100\/100\n|-ability|p2b: Landorus|Intimidate|boost\n|-unboost|p1a: Haryandro|atk|1\n|-unboost|p1b: Ame|atk|1\n|turn|6\n|c| WilfredVGC|What is happening\n|\n|t:|1700605069\n|-terastallize|p2b: Landorus|Flying\n|move|p2b: Landorus|Tera Blast|p1a: Haryandro|[anim] Tera Blast Flying\n|-damage|p1a: Haryandro|42\/100\n|move|p1b: Ame|Ivy Cudgel|p2b: Landorus|[anim] Ivy Cudgel Water\n|-crit|p2b: Landorus\n|-damage|p2b: Landorus|16\/100\n|move|p1a: Haryandro|Heavy Slam|p2b: Landorus\n|-damage|p2b: Landorus|0 fnt\n|faint|p2b: Landorus\n|\n|win|Yoyoforce\n|c|\u2606iPetBigfoot|I can't have shit with bleakwind\n|c| WilfredVGC|Use air slash\n|c|\u2606iPetBigfoot|fuck this move\n|l|\u2606iPetBigfoot\n|c| Bolt-Beam Studios|stuart almost lost\n|c| Bolt-Beam Studios|oh\n|c|\u2606Yoyoforce|Gg\n","uploadtime":1700605084,"views":4,"p1id":"yoyoforce","p2id":"ipetbigfoot","formatid":"gen9vgc2023regulatione","rating":0,"private":0,"password":""}