{"id":"gen9vgc2023regulatione-1995018248","p1":"LemVGC","p2":"Dysi2404","format":"[Gen 9] VGC 2023 Regulation E","log":"|j|\u2606LemVGC\n|j|\u2606Dysi2404\n|n|\u2606LemVGC|lemvgc\n|n|\u2606Dysi2404|dysi2404\n|html|View the match progress at <a href=\"\/game-bestof3-gen9vgc2023regulatione-1995018245\">game-bestof3-gen9vgc2023regulatione-1995018245<\/a>\n|t:|1700513882\n|gametype|doubles\n|player|p1|LemVGC|169|\n|player|p2|Dysi2404|n|\n|teamsize|p1|6\n|teamsize|p2|6\n|gen|9\n|tier|[Gen 9] VGC 2023 Regulation E\n|rule|Species Clause: Limit one of each Pok\u00e9mon\n|rule|Item Clause: Limit one of each item\n|clearpoke\n|poke|p1|Sinistcha, L50|\n|poke|p1|Ursaluna-Bloodmoon, L50, M|\n|poke|p1|Heatran, L50, M|\n|poke|p1|Gyarados, L50, M|\n|poke|p1|Iron Hands, L50|\n|poke|p1|Tinkaton, L50, F|\n|poke|p2|Gastrodon, L50, M|\n|poke|p2|Landorus-Therian, L50, M|\n|poke|p2|Heatran, L50, M|\n|poke|p2|Flutter Mane, L50|\n|poke|p2|Rillaboom, L50, M|\n|poke|p2|Kingambit, L50, M|\n|teampreview|4\nLemVGC has agreed to open team sheets.\nDysi2404 has agreed to open team sheets.\n|showteam|p1|Sinistcha||RockyHelmet|Hospitality|MatchaGotcha,RagePowder,StrengthSap,TrickRoom||||||50|,,,,,Water]Ursaluna-Bloodmoon||Leftovers|MindsEye|BloodMoon,EarthPower,CalmMind,Protect|||M|||50|,,,,,Poison]Heatran||ShucaBerry|FlashFire|HeatWave,FlashCannon,EarthPower,Protect|||M|||50|,,,,,Fairy]Gyarados||SafetyGoggles|Intimidate|Waterfall,ThunderWave,Taunt,Protect|||M|||50|,,,,,Fairy]Iron Hands||AssaultVest|QuarkDrive|WildCharge,DrainPunch,HeavySlam,FakeOut||||||50|,,,,,Fire]Tinkaton||SitrusBerry|OwnTempo|FakeOut,GigatonHammer,PlayRough,KnockOff|||F|||50|,,,,,Water\n|showteam|p2|Gastrodon||SitrusBerry|StormDrain|EarthPower,IceBeam,Yawn,Protect|||M|||50|,,,,,Poison]Landorus-Therian||ChoiceScarf|Intimidate|StompingTantrum,TeraBlast,Uturn,RockSlide|||M|||50|,,,,,Flying]Heatran||Leftovers|FlashFire|MagmaStorm,EarthPower,Substitute,Protect|||M|||50|,,,,,Fairy]Flutter Mane||ChoiceSpecs|Protosynthesis|Moonblast,DazzlingGleam,ShadowBall,PerishSong||||||50|,,,,,Fairy]Rillaboom||MiracleSeed|GrassySurge|FakeOut,GrassyGlide,Protect,WoodHammer|||M|||50|,,,,,Fire]Kingambit||AssaultVest|Defiant|KowtowCleave,SuckerPunch,IronHead,TeraBlast|||M|||50|,,,,,Fairy\n|c|\u2606LemVGC|dobbiamo aspettare polpo?\n|c|\u2606Dysi2404|esatto\n|j| Polpolpo\n|c|\u2606Dysi2404|buono, gl\n|c| Polpolpo|andate pure\n|c|\u2606LemVGC|tra pochi minuti potrei disconnettervi non spaventatevi\n|c|\u2606LemVGC|sono sui mezzi e un punto ha poca connessione\n|c|\u2606Dysi2404|eccoci\n|c|\u2606Dysi2404|sereno\n|\n|t:|1700514128\n|start\n|switch|p1a: Iron Hands|Iron Hands, L50|100\/100\n|switch|p1b: Ursaluna|Ursaluna-Bloodmoon, L50, M|100\/100\n|switch|p2a: Heatran|Heatran, L50, M|100\/100\n|switch|p2b: Gastrodon|Gastrodon, L50, M|100\/100\n|turn|1\n|\n|t:|1700514179\n|-terastallize|p2a: Heatran|Fairy\n|move|p1a: Iron Hands|Fake Out|p2b: Gastrodon\n|-damage|p2b: Gastrodon|89\/100\n|move|p2a: Heatran|Substitute|p2a: Heatran\n|-start|p2a: Heatran|Substitute\n|-damage|p2a: Heatran|75\/100\n|move|p1b: Ursaluna|Earth Power|p2a: Heatran\n|-end|p2a: Heatran|Substitute\n|cant|p2b: Gastrodon|flinch\n|\n|-heal|p2a: Heatran|82\/100|[from] item: Leftovers\n|upkeep\n|turn|2\n|\n|t:|1700514215\n|move|p2a: Heatran|Protect|p2a: Heatran\n|-singleturn|p2a: Heatran|Protect\n|move|p1b: Ursaluna|Protect|p1b: Ursaluna\n|-singleturn|p1b: Ursaluna|Protect\n|move|p1a: Iron Hands|Drain Punch|p2b: Gastrodon\n|-damage|p2b: Gastrodon|58\/100\n|move|p2b: Gastrodon|Yawn|p1b: Ursaluna\n|-activate|p1b: Ursaluna|move: Protect\n|\n|-heal|p2a: Heatran|88\/100|[from] item: Leftovers\n|upkeep\n|turn|3\n|\n|t:|1700514252\n|move|p2b: Gastrodon|Protect|p2b: Gastrodon\n|-singleturn|p2b: Gastrodon|Protect\n|move|p2a: Heatran|Magma Storm|p1b: Ursaluna\n|-damage|p1b: Ursaluna|50\/100\n|-activate|p1b: Ursaluna|move: Magma Storm|[of] p2a: Heatran\n|move|p1b: Ursaluna|Blood Moon|p2a: Heatran\n|-damage|p2a: Heatran|23\/100\n|move|p1a: Iron Hands|Wild Charge|p2a: Heatran\n|-crit|p2a: Heatran\n|-damage|p2a: Heatran|0 fnt\n|faint|p2a: Heatran\n|-damage|p1a: Iron Hands|96\/100|[from] Recoil\n|\n|-heal|p1b: Ursaluna|56\/100|[from] item: Leftovers\n|-end|p1b: Ursaluna|Magma Storm|[partiallytrapped]|[silent]\n|upkeep\n|\n|t:|1700514289\n|switch|p2a: Landorus|Landorus-Therian, L50, M|100\/100\n|-ability|p2a: Landorus|Intimidate|boost\n|-unboost|p1a: Iron Hands|atk|1\n|-unboost|p1b: Ursaluna|atk|1\n|turn|4\n|\n|t:|1700514326\n|-end|p1a: Iron Hands|Quark Drive|[silent]\n|switch|p1a: Sinistcha|Sinistcha, L50|100\/100\n|-heal|p1b: Ursaluna|81\/100|[from] ability: Hospitality|[of] p1a: Sinistcha\n|move|p2a: Landorus|U-turn|p1a: Sinistcha\n|-damage|p1a: Sinistcha|76\/100\n|-damage|p2a: Landorus|84\/100|[from] item: Rocky Helmet|[of] p1a: Sinistcha\n|\n|t:|1700514334\n|switch|p2a: Flutter Mane|Flutter Mane, L50|100\/100|[from] U-turn\n|move|p1b: Ursaluna|Calm Mind|p1b: Ursaluna\n|-boost|p1b: Ursaluna|spa|1\n|-boost|p1b: Ursaluna|spd|1\n|move|p2b: Gastrodon|Yawn|p1a: Sinistcha\n|-start|p1a: Sinistcha|move: Yawn|[of] p2b: Gastrodon\n|\n|-heal|p1b: Ursaluna|87\/100|[from] item: Leftovers\n|upkeep\n|turn|5\n|\n|t:|1700514405\n|switch|p1a: Iron Hands|Iron Hands, L50|96\/100\n|move|p2a: Flutter Mane|Moonblast|p1a: Iron Hands\n|-supereffective|p1a: Iron Hands\n|-damage|p1a: Iron Hands|29\/100\n|-unboost|p1a: Iron Hands|spa|1\n|move|p1b: Ursaluna|Blood Moon|p2b: Gastrodon\n|-damage|p2b: Gastrodon|0 fnt\n|faint|p2b: Gastrodon\n|\n|-heal|p1b: Ursaluna|93\/100|[from] item: Leftovers\n|upkeep\n|\n|t:|1700514416\n|switch|p2b: Landorus|Landorus-Therian, L50, M|84\/100\n|-ability|p2b: Landorus|Intimidate|boost\n|-unboost|p1a: Iron Hands|atk|1\n|-unboost|p1b: Ursaluna|atk|1\n|turn|6\n|\n|t:|1700514455\n|-end|p1a: Iron Hands|Quark Drive|[silent]\n|switch|p1a: Heatran|Heatran, L50, M|100\/100\n|move|p1b: Ursaluna|Protect|p1b: Ursaluna\n|-singleturn|p1b: Ursaluna|Protect\n|move|p2b: Landorus|Rock Slide|p1b: Ursaluna|[spread] p1a\n|-activate|p1b: Ursaluna|move: Protect\n|-damage|p1a: Heatran|81\/100\n|move|p2a: Flutter Mane|Moonblast|p1b: Ursaluna\n|-activate|p1b: Ursaluna|move: Protect\n|\n|-heal|p1b: Ursaluna|99\/100|[from] item: Leftovers\n|upkeep\n|turn|7\n|\n|t:|1700514475\n|-terastallize|p1b: Ursaluna|Poison\n|move|p2b: Landorus|Rock Slide|p1a: Heatran|[spread] p1a,p1b\n|-damage|p1a: Heatran|60\/100\n|-damage|p1b: Ursaluna|84\/100\n|move|p2a: Flutter Mane|Moonblast|p1b: Ursaluna\n|-resisted|p1b: Ursaluna\n|-damage|p1b: Ursaluna|61\/100\n|-unboost|p1b: Ursaluna|spa|1\n|move|p1a: Heatran|Flash Cannon|p2a: Flutter Mane\n|-supereffective|p2a: Flutter Mane\n|-damage|p2a: Flutter Mane|19\/100\n|move|p1b: Ursaluna|Blood Moon|p2b: Landorus\n|-damage|p2b: Landorus|0 fnt\n|faint|p2b: Landorus\n|\n|-heal|p1b: Ursaluna|67\/100|[from] item: Leftovers\n|upkeep\n|turn|8\n|\n|t:|1700514491\n|move|p2a: Flutter Mane|Moonblast|p1b: Ursaluna\n|-resisted|p1b: Ursaluna\n|-damage|p1b: Ursaluna|43\/100\n|-unboost|p1b: Ursaluna|spa|1\n|move|p1a: Heatran|Flash Cannon|p2a: Flutter Mane\n|-supereffective|p2a: Flutter Mane\n|-damage|p2a: Flutter Mane|0 fnt\n|faint|p2a: Flutter Mane\n|-end|p2a: Flutter Mane|Protosynthesis|[silent]\n|\n|win|LemVGC\n|c|\u2606Dysi2404|gg\n|c|&|\/uhtml prompt-dysi2404,Dysi2404 is ready for game 2!\n|c|\u2606LemVGC|gg\n|inactive|LemVGC has 50 seconds to confirm battle start!\n|inactive|LemVGC has 40 seconds to confirm battle start!\n|c|&|\/uhtml prompt-lemvgc,LemVGC is ready for game 2!\nBoth players are ready! Starting next match!\n|l|\u2606LemVGC\n|j|\u2606LemVGC\n|player|p1|LemVGC|169\n","uploadtime":1700516041,"views":14,"p1id":"lemvgc","p2id":"dysi2404","formatid":"gen9vgc2023regulatione","rating":0,"private":0,"password":""}