{"id":"gen9vgc2023regulatione-1995731269","p1":"Shinoz","p2":"0l0f3rn3","format":"[Gen 9] VGC 2023 Regulation E","log":"|j|\u2606Shinoz\n|j|\u26060l0f3rn3\n|t:|1700597902\n|gametype|doubles\n|player|p1|Shinoz|266|1390\n|player|p2|0l0f3rn3|101|1562\n|teamsize|p1|6\n|teamsize|p2|6\n|gen|9\n|tier|[Gen 9] VGC 2023 Regulation E\n|rated|\n|rule|Species Clause: Limit one of each Pok\u00e9mon\n|rule|Item Clause: Limit one of each item\n|clearpoke\n|poke|p1|Iron Bundle, L50|\n|poke|p1|Landorus-Therian, L50, M|\n|poke|p1|Rillaboom, L50, F|\n|poke|p1|Urshifu-*, L50, M|\n|poke|p1|Heatran, L50, F|\n|poke|p1|Iron Hands, L50|\n|poke|p2|Torkoal, L50, M|\n|poke|p2|Flutter Mane, L50|\n|poke|p2|Ursaluna, L50, M|\n|poke|p2|Iron Hands, L50|\n|poke|p2|Brute Bonnet, L50|\n|poke|p2|Farigiraf, L50, M|\n|teampreview|4\nShinoz has agreed to open team sheets.\n|inactive|Battle timer is ON: inactive players will automatically lose when time's up. (requested by Shinoz)\n0l0f3rn3 has agreed to open team sheets.\n|inactive|Shinoz has 30 seconds left.\n|inactive|Shinoz has 20 seconds left.\n|inactive|Shinoz has 15 seconds left.\n|inactive|Shinoz has 10 seconds left.\n|\n|t:|1700597987\n|start\n|switch|p1a: Urshifu|Urshifu, L50, M|100\/100\n|switch|p1b: Iron Bundle|Iron Bundle, L50|100\/100\n|switch|p2a: Iron Hands|Iron Hands, L50|100\/100\n|switch|p2b: Farigiraf|Farigiraf, L50, M|100\/100\n|-enditem|p1b: Iron Bundle|Booster Energy\n|-activate|p1b: Iron Bundle|ability: Quark Drive|[fromitem]\n|-start|p1b: Iron Bundle|quarkdrivespe\n|-enditem|p2a: Iron Hands|Booster Energy\n|-activate|p2a: Iron Hands|ability: Quark Drive|[fromitem]\n|-start|p2a: Iron Hands|quarkdriveatk\n|turn|1\n|inactive|Shinoz has 30 seconds left.\n|inactive|Shinoz has 20 seconds left.\n|inactive|Shinoz has 15 seconds left.\n|\n|t:|1700598031\n|move|p1a: Urshifu|Detect|p1a: Urshifu\n|-singleturn|p1a: Urshifu|Protect\n|move|p2a: Iron Hands|Fake Out|p1a: Urshifu\n|-activate|p1a: Urshifu|move: Protect\n|move|p1b: Iron Bundle|Encore|p2a: Iron Hands\n|-start|p2a: Iron Hands|Encore\n|move|p2b: Farigiraf|Trick Room|p2b: Farigiraf\n|-fieldstart|move: Trick Room|[of] p2b: Farigiraf\n|\n|upkeep\n|turn|2\n|inactive|Shinoz has 30 seconds left.\n|inactive|Shinoz has 20 seconds left.\n|inactive|0l0f3rn3 has 30 seconds left.\n|inactive|0l0f3rn3 has 20 seconds left.\n|\n|t:|1700598080\n|-end|p2a: Iron Hands|Quark Drive|[silent]\n|switch|p2a: Torkoal|Torkoal, L50, M|100\/100\n|-weather|SunnyDay|[from] ability: Drought|[of] p2a: Torkoal\n|move|p2b: Farigiraf|Dazzling Gleam|p1b: Iron Bundle|[spread] p1a,p1b\n|-supereffective|p1a: Urshifu\n|-damage|p1a: Urshifu|2\/100\n|-damage|p1b: Iron Bundle|78\/100\n|move|p1a: Urshifu|Wicked Blow|p2a: Torkoal\n|-crit|p2a: Torkoal\n|-damage|p2a: Torkoal|53\/100\n|move|p1b: Iron Bundle|Freeze-Dry|p2a: Torkoal\n|-resisted|p2a: Torkoal\n|-damage|p2a: Torkoal|38\/100\n|\n|-weather|SunnyDay|[upkeep]\n|upkeep\n|turn|3\n|inactive|Shinoz has 30 seconds left.\n|inactive|0l0f3rn3 has 30 seconds left.\n|\n|t:|1700598113\n|switch|p1a: Rillaboom|Rillaboom, L50, F|100\/100\n|-fieldstart|move: Grassy Terrain|[from] ability: Grassy Surge|[of] p1a: Rillaboom\n|move|p1b: Iron Bundle|Protect|p1b: Iron Bundle\n|-singleturn|p1b: Iron Bundle|Protect\n|move|p2a: Torkoal|Body Press|p1b: Iron Bundle\n|-activate|p1b: Iron Bundle|move: Protect\n|move|p2b: Farigiraf|Psychic|p1b: Iron Bundle\n|-activate|p1b: Iron Bundle|move: Protect\n|\n|-weather|SunnyDay|[upkeep]\n|-heal|p2a: Torkoal|45\/100|[from] Grassy Terrain\n|-heal|p1b: Iron Bundle|84\/100|[from] Grassy Terrain\n|upkeep\n|turn|4\n|inactive|Shinoz has 30 seconds left.\n|\n|t:|1700598142\n|-end|p1b: Iron Bundle|Quark Drive|[silent]\n|switch|p1b: Iron Hands|Iron Hands, L50, shiny|100\/100\n|-terastallize|p1a: Rillaboom|Fire\n|move|p2a: Torkoal|Overheat|p1a: Rillaboom\n|-resisted|p1a: Rillaboom\n|-damage|p1a: Rillaboom|59\/100\n|-unboost|p2a: Torkoal|spa|2\n|move|p2b: Farigiraf|Psychic|p1b: Iron Hands\n|-supereffective|p1b: Iron Hands\n|-damage|p1b: Iron Hands|63\/100\n|-unboost|p1b: Iron Hands|spd|1\n|move|p1a: Rillaboom|Wood Hammer|p2b: Farigiraf\n|-damage|p2b: Farigiraf|33\/100\n|-damage|p1a: Rillaboom|36\/100|[from] Recoil\n|-enditem|p1a: Rillaboom|Sitrus Berry|[eat]\n|-heal|p1a: Rillaboom|61\/100|[from] item: Sitrus Berry\n|\n|-weather|SunnyDay|[upkeep]\n|-heal|p2a: Torkoal|51\/100|[from] Grassy Terrain\n|-heal|p2b: Farigiraf|39\/100|[from] Grassy Terrain\n|-heal|p1b: Iron Hands|69\/100|[from] Grassy Terrain\n|-heal|p1a: Rillaboom|67\/100|[from] Grassy Terrain\n|upkeep\n|turn|5\n|-message|0l0f3rn3 forfeited.\n|\n|win|Shinoz\n|raw|Shinoz's rating: 1390 &rarr; <strong>1419<\/strong><br \/>(+29 for winning)\n|raw|0l0f3rn3's rating: 1562 &rarr; <strong>1533<\/strong><br \/>(-29 for losing)\n|l|\u26060l0f3rn3\n","uploadtime":1700598170,"views":1,"p1id":"shinoz","p2id":"0l0f3rn3","formatid":"gen9vgc2023regulatione","rating":1419,"private":0,"password":""}