{"id":"gen9vgc2023regulatione-1994762683","p1":"momolele","p2":"rrhizler","format":"[Gen 9] VGC 2023 Regulation E","log":"|j|\u2606momolele\n|j|\u2606rrhizler\n|t:|1700490281\n|gametype|doubles\n|player|p1|momolele|1|\n|player|p2|rrhizler|170|\n|teamsize|p1|6\n|teamsize|p2|6\n|gen|9\n|tier|[Gen 9] VGC 2023 Regulation E\n|rule|Species Clause: Limit one of each Pok\u00e9mon\n|rule|Item Clause: Limit one of each item\n|clearpoke\n|poke|p1|Heatran, L50, F|\n|poke|p1|Farigiraf, L50, F|\n|poke|p1|Dragonite, L50, F|\n|poke|p1|Chien-Pao, L50|\n|poke|p1|Rillaboom, L50, F|\n|poke|p1|Urshifu-*, L50, F|\n|poke|p2|Dusclops, L50, M|\n|poke|p2|Ursaluna-Bloodmoon, L50, M|\n|poke|p2|Tatsugiri, L50, M|\n|poke|p2|Sylveon, L50, F|\n|poke|p2|Dondozo, L50, F|\n|poke|p2|Indeedee-F, L50, F|\n|teampreview|4\n|\n|t:|1700490288\n|start\n|switch|p1a: Chien-Pao|Chien-Pao, L50|100\/100\n|switch|p1b: Urshifu|Urshifu-Rapid-Strike, L50, F|100\/100\n|switch|p2a: Mr Pink|Sylveon, L50, F|100\/100\n|switch|p2b: Mr Blue|Indeedee-F, L50, F|100\/100\n|-ability|p1a: Chien-Pao|Sword of Ruin\n|-fieldstart|move: Psychic Terrain|[from] ability: Psychic Surge|[of] p2b: Mr Blue\n|turn|1\n|\n|t:|1700490295\n|move|p1b: Urshifu|U-turn|p2b: Mr Blue\n|-supereffective|p2b: Mr Blue\n|-damage|p2b: Mr Blue|19\/100\n|-damage|p1b: Urshifu|84\/100|[from] item: Rocky Helmet|[of] p2b: Mr Blue\n|\n|t:|1700490300\n|switch|p1b: Heatran|Heatran, L50, F|100\/100|[from] U-turn\n|move|p1a: Chien-Pao|Icicle Crash|p2b: Mr Blue\n|-damage|p2b: Mr Blue|0 fnt\n|faint|p2b: Mr Blue\n|move|p2a: Mr Pink|Hyper Voice|p1b: Heatran|[spread] p1a,p1b\n|-supereffective|p1a: Chien-Pao\n|-resisted|p1b: Heatran\n|-enditem|p1a: Chien-Pao|Focus Sash\n|-damage|p1a: Chien-Pao|1\/100\n|-damage|p1b: Heatran|92\/100\n|\n|upkeep\n|\n|t:|1700490303\n|switch|p2b: Mr White|Dusclops, L50, M|100\/100\n|-item|p1b: Heatran|Assault Vest|[from] ability: Frisk|[of] p2b: Mr White|[identify]\n|turn|2\n|\n|t:|1700490339\n|switch|p1a: Rillaboom|Rillaboom, L50, F|100\/100\n|-fieldstart|move: Grassy Terrain|[from] ability: Grassy Surge|[of] p1a: Rillaboom\n|move|p1b: Heatran|Heat Wave|p2a: Mr Pink|[spread] p2a,p2b\n|-damage|p2a: Mr Pink|73\/100\n|-damage|p2b: Mr White|81\/100\n|move|p2a: Mr Pink|Hyper Voice|p1a: Rillaboom|[spread] p1a,p1b\n|-resisted|p1b: Heatran\n|-damage|p1a: Rillaboom|23\/100\n|-damage|p1b: Heatran|83\/100\n|move|p2b: Mr White|Trick Room|p2b: Mr White\n|-fieldstart|move: Trick Room|[of] p2b: Mr White\n|\n|-heal|p2b: Mr White|88\/100|[from] Grassy Terrain\n|-heal|p2a: Mr Pink|79\/100|[from] Grassy Terrain\n|-heal|p1b: Heatran|89\/100|[from] Grassy Terrain\n|-heal|p1a: Rillaboom|29\/100|[from] Grassy Terrain\n|upkeep\n|turn|3\n|\n|t:|1700490531\n|move|p1a: Rillaboom|Fake Out|p2a: Mr Pink\n|-damage|p2a: Mr Pink|61\/100\n|move|p2b: Mr White|Night Shade|p1b: Heatran\n|-damage|p1b: Heatran|64\/100\n|cant|p2a: Mr Pink|flinch\n|move|p1b: Heatran|Flash Cannon|p2b: Mr White\n|-damage|p2b: Mr White|63\/100\n|\n|-heal|p2b: Mr White|69\/100|[from] Grassy Terrain\n|-heal|p2a: Mr Pink|67\/100|[from] Grassy Terrain\n|-heal|p1b: Heatran|70\/100|[from] Grassy Terrain\n|-heal|p1a: Rillaboom|35\/100|[from] Grassy Terrain\n|upkeep\n|turn|4\n|\n|t:|1700490576\n|move|p1a: Rillaboom|Grassy Glide|p2b: Mr White\n|-damage|p2b: Mr White|41\/100\n|move|p2b: Mr White|Night Shade|p1b: Heatran\n|-damage|p1b: Heatran|45\/100\n|move|p2a: Mr Pink|Hyper Voice|p1a: Rillaboom|[spread] p1a,p1b\n|-resisted|p1b: Heatran\n|-damage|p1a: Rillaboom|0 fnt\n|-damage|p1b: Heatran|37\/100\n|faint|p1a: Rillaboom\n|move|p1b: Heatran|Heat Wave|p2a: Mr Pink|[spread] p2b\n|-miss|p1b: Heatran|p2a: Mr Pink\n|-damage|p2b: Mr White|20\/100\n|\n|-heal|p2b: Mr White|26\/100|[from] Grassy Terrain\n|-heal|p2a: Mr Pink|73\/100|[from] Grassy Terrain\n|-heal|p1b: Heatran|43\/100|[from] Grassy Terrain\n|upkeep\n|\n|t:|1700490589\n|switch|p1a: Chien-Pao|Chien-Pao, L50|1\/100\n|-ability|p1a: Chien-Pao|Sword of Ruin\n|turn|5\n|\n|t:|1700490604\n|move|p1a: Chien-Pao|Protect|p1a: Chien-Pao\n|-singleturn|p1a: Chien-Pao|Protect\n|move|p2b: Mr White|Night Shade|p1b: Heatran\n|-damage|p1b: Heatran|18\/100\n|move|p2a: Mr Pink|Hyper Voice|p1b: Heatran|[spread] p1b\n|-activate|p1a: Chien-Pao|move: Protect\n|-resisted|p1b: Heatran\n|-damage|p1b: Heatran|9\/100\n|move|p1b: Heatran|Heat Wave|p2a: Mr Pink|[spread] p2a,p2b\n|-damage|p2a: Mr Pink|44\/100\n|-damage|p2b: Mr White|5\/100\n|-status|p2a: Mr Pink|brn\n|\n|-heal|p2b: Mr White|11\/100|[from] Grassy Terrain\n|-heal|p2a: Mr Pink|50\/100 brn|[from] Grassy Terrain\n|-heal|p1b: Heatran|15\/100|[from] Grassy Terrain\n|-heal|p1a: Chien-Pao|7\/100|[from] Grassy Terrain\n|-damage|p2a: Mr Pink|44\/100 brn|[from] brn\n|upkeep\n|turn|6\n|\n|t:|1700490655\n|move|p1a: Chien-Pao|Sucker Punch|p2a: Mr Pink\n|-resisted|p2a: Mr Pink\n|-damage|p2a: Mr Pink|13\/100 brn\n|move|p2b: Mr White|Night Shade|p1b: Heatran\n|-damage|p1b: Heatran|0 fnt\n|faint|p1b: Heatran\n|move|p2a: Mr Pink|Hyper Voice|p1a: Chien-Pao\n|-supereffective|p1a: Chien-Pao\n|-damage|p1a: Chien-Pao|0 fnt\n|faint|p1a: Chien-Pao\n|\n|-heal|p2b: Mr White|18\/100|[from] Grassy Terrain\n|-heal|p2a: Mr Pink|19\/100 brn|[from] Grassy Terrain\n|-damage|p2a: Mr Pink|13\/100 brn|[from] brn\n|-fieldend|move: Trick Room\n|-fieldend|move: Grassy Terrain\n|upkeep\n|\n|t:|1700490666\n|switch|p1a: Urshifu|Urshifu-Rapid-Strike, L50, F|84\/100\n|turn|7\n|\n|t:|1700490682\n|-terastallize|p1a: Urshifu|Water\n|move|p1a: Urshifu|Surging Strikes|p2b: Mr White\n|-crit|p2b: Mr White\n|-damage|p2b: Mr White|0 fnt\n|faint|p2b: Mr White\n|-hitcount|p2: Mr White|1\n|move|p2a: Mr Pink|Hyper Voice|p1a: Urshifu\n|-damage|p1a: Urshifu|0 fnt\n|faint|p1a: Urshifu\n|\n|win|rrhizler\n|l|\u2606momolele\n","uploadtime":1700491135,"views":16,"p1id":"momolele","p2id":"rrhizler","formatid":"gen9vgc2023regulatione","rating":0,"private":0,"password":""}