{"id":"gen9vgc2023regulatione-1994673965","p1":"Mortipherus","p2":"Nowation","format":"[Gen 9] VGC 2023 Regulation E","log":"|j|\u2606Mortipherus\n|j|\u203dNowation\n|t:|1700479167\n|gametype|doubles\n|player|p1|Mortipherus|biker-gen4|1310\n|player|p2|Nowation|169|1196\n|teamsize|p1|6\n|teamsize|p2|6\n|gen|9\n|tier|[Gen 9] VGC 2023 Regulation E\n|rated|\n|rule|Species Clause: Limit one of each Pok\u00e9mon\n|rule|Item Clause: Limit one of each item\n|clearpoke\n|poke|p1|Ursaluna-Bloodmoon, L50, M|\n|poke|p1|Iron Hands, L50|\n|poke|p1|Flutter Mane, L50|\n|poke|p1|Ogerpon-Cornerstone, L50, F|\n|poke|p1|Farigiraf, L50, M|\n|poke|p1|Urshifu-*, L50, F|\n|poke|p2|Milotic, L50, F|\n|poke|p2|Shiftry, L50, M|\n|poke|p2|Scizor, L50, M|\n|poke|p2|Iron Hands, L50|\n|poke|p2|Chi-Yu, L50|\n|poke|p2|Ogerpon-Hearthflame, L50, F|\n|teampreview|4\n|\n|t:|1700479187\n|start\n|switch|p1a: Ogerpon|Ogerpon-Cornerstone, L50, F|100\/100\n|switch|p1b: Farigiraf|Farigiraf, L50, M|100\/100\n|switch|p2a: Scizor|Scizor, L50, M|100\/100\n|switch|p2b: Iron Hands|Iron Hands, L50|100\/100\n|turn|1\n|inactive|Battle timer is ON: inactive players will automatically lose when time's up. (requested by Mortipherus)\n|\n|t:|1700479209\n|move|p1a: Ogerpon|Follow Me|p1a: Ogerpon\n|-singleturn|p1a: Ogerpon|move: Follow Me\n|move|p2a: Scizor|Close Combat|p1a: Ogerpon\n|-supereffective|p1a: Ogerpon\n|-damage|p1a: Ogerpon|17\/100\n|-unboost|p2a: Scizor|def|1\n|-unboost|p2a: Scizor|spd|1\n|move|p2b: Iron Hands|Drain Punch|p1a: Ogerpon\n|-supereffective|p1a: Ogerpon\n|-damage|p1a: Ogerpon|0 fnt\n|faint|p1a: Ogerpon\n|move|p1b: Farigiraf|Trick Room|p1b: Farigiraf\n|-fieldstart|move: Trick Room|[of] p1b: Farigiraf\n|\n|upkeep\n|\n|t:|1700479223\n|switch|p1a: Ursaluna|Ursaluna-Bloodmoon, L50, M|100\/100\n|turn|2\n|\n|t:|1700479230\n|-terastallize|p1a: Ursaluna|Normal\n|move|p1b: Farigiraf|Helping Hand|p1a: Ursaluna\n|-singleturn|p1a: Ursaluna|Helping Hand|[of] p1b: Farigiraf\n|move|p2a: Scizor|Protect|p2a: Scizor\n|-singleturn|p2a: Scizor|Protect\n|move|p1a: Ursaluna|Hyper Voice|p2a: Scizor|[spread] p2b\n|-activate|p2a: Scizor|move: Protect\n|-damage|p2b: Iron Hands|40\/100\n|-damage|p1a: Ursaluna|91\/100|[from] item: Life Orb\n|move|p2b: Iron Hands|Iron Head|p1a: Ursaluna\n|-damage|p1a: Ursaluna|65\/100\n|\n|upkeep\n|turn|3\n|inactive|Nowation has 30 seconds left.\n|\n|t:|1700479262\n|-terastallize|p2b: Iron Hands|Ghost\n|move|p1b: Farigiraf|Helping Hand|p1a: Ursaluna\n|-singleturn|p1a: Ursaluna|Helping Hand|[of] p1b: Farigiraf\n|move|p2a: Scizor|Bullet Punch||[still]\n|cant|p1b: Farigiraf|ability: Armor Tail|Bullet Punch|[of] p2a: Scizor\n|move|p1a: Ursaluna|Hyper Voice|p2b: Iron Hands|[spread] p2a,p2b\n|-resisted|p2a: Scizor\n|-enditem|p2a: Scizor|Focus Sash\n|-damage|p2a: Scizor|1\/100\n|-damage|p2b: Iron Hands|0 fnt\n|faint|p2b: Iron Hands\n|-end|p2b: Iron Hands|Quark Drive|[silent]\n|-damage|p1a: Ursaluna|55\/100|[from] item: Life Orb\n|\n|upkeep\n|\n|t:|1700479274\n|switch|p2b: Milotic|Milotic, L50, F, shiny|100\/100\n|turn|4\n|\n|t:|1700479282\n|move|p2a: Scizor|Protect|p2a: Scizor\n|-singleturn|p2a: Scizor|Protect\n|move|p1a: Ursaluna|Blood Moon|p2b: Milotic\n|-damage|p2b: Milotic|0 fnt\n|faint|p2b: Milotic\n|-damage|p1a: Ursaluna|45\/100|[from] item: Life Orb\n|move|p1b: Farigiraf|Dazzling Gleam|p2a: Scizor\n|-activate|p2a: Scizor|move: Protect\n|\n|upkeep\n|\n|t:|1700479292\n|switch|p2b: Ogerpon|Ogerpon-Hearthflame, L50, F|100\/100\n|-ability|p2b: Ogerpon|Mold Breaker\n|turn|5\n|\n|t:|1700479301\n|move|p1b: Farigiraf|Helping Hand|p1a: Ursaluna\n|-singleturn|p1a: Ursaluna|Helping Hand|[of] p1b: Farigiraf\n|move|p2a: Scizor|Protect||[still]\n|-fail|p2a: Scizor\n|move|p2b: Ogerpon|Spiky Shield|p2b: Ogerpon\n|-singleturn|p2b: Ogerpon|move: Protect\n|move|p1a: Ursaluna|Hyper Voice|p2b: Ogerpon|[spread] p2a\n|-activate|p2b: Ogerpon|move: Protect\n|-resisted|p2a: Scizor\n|-damage|p2a: Scizor|0 fnt\n|faint|p2a: Scizor\n|-damage|p1a: Ursaluna|36\/100|[from] item: Life Orb\n|\n|-fieldend|move: Trick Room\n|upkeep\n|turn|6\n|\n|t:|1700479322\n|move|p1a: Ursaluna|Protect|p1a: Ursaluna\n|-singleturn|p1a: Ursaluna|Protect\n|move|p2b: Ogerpon|Ivy Cudgel|p1a: Ursaluna|[anim] Ivy Cudgel Fire\n|-activate|p1a: Ursaluna|move: Protect\n|move|p1b: Farigiraf|Trick Room|p1b: Farigiraf\n|-fieldstart|move: Trick Room|[of] p1b: Farigiraf\n|\n|upkeep\n|turn|7\n|\n|t:|1700479339\n|move|p1a: Ursaluna|Hyper Voice|p2b: Ogerpon\n|-damage|p2b: Ogerpon|0 fnt\n|faint|p2b: Ogerpon\n|-damage|p1a: Ursaluna|26\/100|[from] item: Life Orb\n|\n|win|Mortipherus\n|raw|Mortipherus's rating: 1310 &rarr; <strong>1324<\/strong><br \/>(+14 for winning)\n|raw|Nowation's rating: 1196 &rarr; <strong>1179<\/strong><br \/>(-17 for losing)\n","uploadtime":1700479347,"views":8,"p1id":"mortipherus","p2id":"nowation","formatid":"gen9vgc2023regulatione","rating":1179,"private":0,"password":""}