{"id":"gen9vgc2023regulatione-1989110603","p1":"j0kertnf","p2":"LindaLuna","format":"[Gen 9] VGC 2023 Regulation E","log":"|j|\u2606j0kertnf\n|j|\u2606LindaLuna\n|t:|1699813341\n|gametype|doubles\n|player|p1|j0kertnf|101|1364\n|player|p2|LindaLuna|giovanni|1355\n|teamsize|p1|6\n|teamsize|p2|6\n|gen|9\n|tier|[Gen 9] VGC 2023 Regulation E\n|rated|\n|rule|Species Clause: Limit one of each Pok\u00e9mon\n|rule|Item Clause: Limit one of each item\n|clearpoke\n|poke|p1|Iron Hands, L50|\n|poke|p1|Heatran, L50, M|\n|poke|p1|Amoonguss, L50, M|\n|poke|p1|Flutter Mane, L50|\n|poke|p1|Landorus-Therian, L50, M|\n|poke|p1|Chien-Pao, L50|\n|poke|p2|Glastrier, L50|\n|poke|p2|Landorus-Therian, L50, M|\n|poke|p2|Urshifu-*, L50, F|\n|poke|p2|Tornadus, L50, M|\n|poke|p2|Spectrier, L50|\n|poke|p2|Ninetales-Alola, L50, M|\n|teampreview|4\nj0kertnf has agreed to open team sheets.\nLindaLuna has agreed to open team sheets.\n|inactive|Battle timer is ON: inactive players will automatically lose when time's up. (requested by j0kertnf)\n|inactive|j0kertnf has 60 seconds left.\n|inactive|LindaLuna has 60 seconds left.\n|inactive|j0kertnf has 30 seconds left.\n|inactive|j0kertnf has 20 seconds left.\n|inactive|j0kertnf has 15 seconds left.\n|inactive|j0kertnf has 10 seconds left.\n|inactive|j0kertnf has 5 seconds left.\n|\n|t:|1699813445\n|start\n|switch|p1a: Kuma|Iron Hands, L50|100\/100\n|switch|p1b: Landorus|Landorus-Therian, L50, M|100\/100\n|switch|p2a: Urshifu|Urshifu-Rapid-Strike, L50, F|100\/100\n|switch|p2b: Tornadus|Tornadus, L50, M|100\/100\n|-ability|p1b: Landorus|Intimidate|boost\n|-unboost|p2a: Urshifu|atk|1\n|-unboost|p2b: Tornadus|atk|1\n|turn|1\n|inactive|j0kertnf has 30 seconds left.\n|inactive|LindaLuna has 30 seconds left.\n|inactive|j0kertnf has 20 seconds left.\n|inactive|j0kertnf has 15 seconds left.\n|inactive|j0kertnf has 10 seconds left.\n|\n|t:|1699813494\n|move|p1a: Kuma|Fake Out|p2a: Urshifu\n|-damage|p2a: Urshifu|87\/100\n|move|p2b: Tornadus|Tailwind|p2b: Tornadus\n|-sidestart|p2: LindaLuna|move: Tailwind\n|cant|p2a: Urshifu|flinch\n|move|p1b: Landorus|Rock Slide|p2b: Tornadus|[spread] p2a,p2b\n|-resisted|p2a: Urshifu\n|-supereffective|p2b: Tornadus\n|-damage|p2a: Urshifu|78\/100\n|-damage|p2b: Tornadus|57\/100\n|\n|upkeep\n|turn|2\n|inactive|j0kertnf has 30 seconds left.\n|inactive|LindaLuna has 30 seconds left.\n|inactive|j0kertnf has 20 seconds left.\n|inactive|j0kertnf has 15 seconds left.\n|\n|t:|1699813539\n|move|p2a: Urshifu|Detect|p2a: Urshifu\n|-singleturn|p2a: Urshifu|Protect\n|move|p2b: Tornadus|Bleakwind Storm|p1b: Landorus|[spread] p1a\n|-miss|p2b: Tornadus|p1b: Landorus\n|-damage|p1a: Kuma|83\/100\n|move|p1b: Landorus|Rock Slide|p2b: Tornadus|[spread] p2b\n|-activate|p2a: Urshifu|move: Protect\n|-supereffective|p2b: Tornadus\n|-damage|p2b: Tornadus|13\/100\n|move|p1a: Kuma|Wild Charge|p2a: Urshifu\n|-activate|p2a: Urshifu|move: Protect\n|\n|upkeep\n|turn|3\n|inactive|j0kertnf has 30 seconds left.\n|inactive|LindaLuna has 30 seconds left.\n|inactive|j0kertnf has 20 seconds left.\n|inactive|j0kertnf has 15 seconds left.\n|inactive|j0kertnf has 10 seconds left.\n|inactive|j0kertnf has 5 seconds left.\n|\n|t:|1699813592\n|switch|p1b: Flutter Mane|Flutter Mane, L50|100\/100\n|-enditem|p1b: Flutter Mane|Booster Energy\n|-activate|p1b: Flutter Mane|ability: Protosynthesis|[fromitem]\n|-start|p1b: Flutter Mane|protosynthesisspe\n|-end|p1a: Kuma|Quark Drive|[silent]\n|switch|p1a: Akainu|Heatran, L50, M, shiny|100\/100\n|move|p2b: Tornadus|Bleakwind Storm|p1a: Akainu|[spread] p1a,p1b\n|-resisted|p1a: Akainu\n|-damage|p1a: Akainu|89\/100\n|-damage|p1b: Flutter Mane|72\/100\n|-unboost|p1a: Akainu|spe|1\n|move|p2a: Urshifu|Surging Strikes|p1a: Akainu\n|-supereffective|p1a: Akainu\n|-crit|p1a: Akainu\n|-damage|p1a: Akainu|41\/100\n|-supereffective|p1a: Akainu\n|-crit|p1a: Akainu\n|-damage|p1a: Akainu|0 fnt\n|faint|p1a: Akainu\n|-hitcount|p1: Akainu|2\n|-damage|p2a: Urshifu|68\/100|[from] item: Life Orb\n|\n|upkeep\n|\n|t:|1699813611\n|switch|p1a: Kuma|Iron Hands, L50|83\/100\n|turn|4\n|inactive|j0kertnf has 30 seconds left.\n|inactive|LindaLuna has 30 seconds left.\n|inactive|j0kertnf has 20 seconds left.\n|inactive|LindaLuna has 20 seconds left.\n|inactive|j0kertnf has 15 seconds left.\n|\n|t:|1699813653\n|switch|p2b: Ninetales|Ninetales-Alola, L50, M|100\/100\n|-weather|Snow|[from] ability: Snow Warning|[of] p2b: Ninetales\n|move|p2a: Urshifu|Detect|p2a: Urshifu\n|-singleturn|p2a: Urshifu|Protect\n|move|p1a: Kuma|Fake Out|p2a: Urshifu\n|-activate|p2a: Urshifu|move: Protect\n|move|p1b: Flutter Mane|Dazzling Gleam|p2a: Urshifu|[spread] p2b\n|-activate|p2a: Urshifu|move: Protect\n|-damage|p2b: Ninetales|73\/100\n|\n|-weather|Snow|[upkeep]\n|-sideend|p2: LindaLuna|move: Tailwind\n|upkeep\n|turn|5\n|inactive|j0kertnf has 30 seconds left.\n|inactive|j0kertnf has 20 seconds left.\n|inactive|j0kertnf has 15 seconds left.\n|inactive|j0kertnf has 10 seconds left.\n|inactive|j0kertnf has 5 seconds left.\n|\n|t:|1699813706\n|-terastallize|p1b: Flutter Mane|Fairy\n|-terastallize|p2a: Urshifu|Poison\n|move|p1b: Flutter Mane|Moonblast|p2a: Urshifu\n|-resisted|p2a: Urshifu\n|-damage|p2a: Urshifu|33\/100\n|-unboost|p2a: Urshifu|spa|1\n|move|p2b: Ninetales|Aurora Veil|p2b: Ninetales\n|-sidestart|p2: LindaLuna|move: Aurora Veil\n|move|p2a: Urshifu|Surging Strikes|p1b: Flutter Mane\n|-crit|p1b: Flutter Mane\n|-damage|p1b: Flutter Mane|31\/100\n|-crit|p1b: Flutter Mane\n|-damage|p1b: Flutter Mane|0 fnt\n|faint|p1b: Flutter Mane\n|-end|p1b: Flutter Mane|Protosynthesis|[silent]\n|-hitcount|p1: Flutter Mane|2\n|-damage|p2a: Urshifu|24\/100|[from] item: Life Orb\n|move|p1a: Kuma|Heavy Slam|p2b: Ninetales\n|-supereffective|p2b: Ninetales\n|-damage|p2b: Ninetales|0 fnt\n|faint|p2b: Ninetales\n|\n|-weather|Snow|[upkeep]\n|upkeep\n|\n|t:|1699813722\n|switch|p2b: Tornadus|Tornadus, L50, M|13\/100\n|switch|p1b: Landorus|Landorus-Therian, L50, M|100\/100\n|-ability|p1b: Landorus|Intimidate|boost\n|-unboost|p2a: Urshifu|atk|1\n|-unboost|p2b: Tornadus|atk|1\n|turn|6\n|c|\u2606LindaLuna|gg\n|inactive|j0kertnf has 30 seconds left.\n|\n|t:|1699813761\n|move|p2b: Tornadus|Tailwind|p2b: Tornadus\n|-sidestart|p2: LindaLuna|move: Tailwind\n|move|p2a: Urshifu|Surging Strikes|p1b: Landorus\n|-supereffective|p1b: Landorus\n|-crit|p1b: Landorus\n|-damage|p1b: Landorus|41\/100\n|-supereffective|p1b: Landorus\n|-crit|p1b: Landorus\n|-damage|p1b: Landorus|0 fnt\n|faint|p1b: Landorus\n|-hitcount|p1: Landorus|2\n|-damage|p2a: Urshifu|14\/100|[from] item: Life Orb\n|move|p1a: Kuma|Wild Charge|p2a: Urshifu\n|-damage|p2a: Urshifu|0 fnt\n|faint|p2a: Urshifu\n|-damage|p1a: Kuma|80\/100|[from] Recoil\n|\n|-weather|Snow|[upkeep]\n|upkeep\n|\n|t:|1699813766\n|switch|p2a: Glastrier|Glastrier, L50|100\/100\n|turn|7\n|\n|t:|1699813780\n|move|p2b: Tornadus|Bleakwind Storm|p1a: Kuma|[miss]\n|-miss|p2b: Tornadus|p1a: Kuma\n|move|p2a: Glastrier|Iron Defense|p2a: Glastrier\n|-boost|p2a: Glastrier|def|2\n|move|p1a: Kuma|Drain Punch|p2a: Glastrier\n|-supereffective|p2a: Glastrier\n|-damage|p2a: Glastrier|86\/100\n|-heal|p1a: Kuma|87\/100|[from] drain|[of] p2a: Glastrier\n|\n|-weather|Snow|[upkeep]\n|-heal|p2a: Glastrier|92\/100|[from] item: Leftovers\n|upkeep\n|turn|8\n|\n|t:|1699813794\n|move|p2b: Tornadus|Bleakwind Storm|p1a: Kuma\n|-damage|p1a: Kuma|64\/100\n|move|p2a: Glastrier|Body Press|p1a: Kuma\n|-damage|p1a: Kuma|28\/100\n|move|p1a: Kuma|Drain Punch|p2a: Glastrier\n|-supereffective|p2a: Glastrier\n|-damage|p2a: Glastrier|79\/100\n|-heal|p1a: Kuma|34\/100|[from] drain|[of] p2a: Glastrier\n|\n|-weather|none\n|-heal|p2a: Glastrier|85\/100|[from] item: Leftovers\n|upkeep\n|turn|9\n|\n|t:|1699813805\n|move|p2b: Tornadus|Bleakwind Storm|p1a: Kuma\n|-damage|p1a: Kuma|13\/100\n|move|p2a: Glastrier|Body Press|p1a: Kuma\n|-damage|p1a: Kuma|0 fnt\n|faint|p1a: Kuma\n|-end|p1a: Kuma|Quark Drive|[silent]\n|\n|win|LindaLuna\n|raw|j0kertnf's rating: 1364 &rarr; <strong>1343<\/strong><br \/>(-21 for losing)\n|raw|LindaLuna's rating: 1355 &rarr; <strong>1376<\/strong><br \/>(+21 for winning)\n|l|\u2606j0kertnf\n","uploadtime":1699813816,"views":16,"p1id":"j0kertnf","p2id":"lindaluna","formatid":"gen9vgc2023regulatione","rating":1343,"private":0,"password":""}