{"id":"gen9vgc2023regulatione-1998500927","p1":"WilfredVGC","p2":"Yoyoforce","format":"[Gen 9] VGC 2023 Regulation E","log":"|j|\u2606WilfredVGC\n|j|\u2606Yoyoforce\n|n|\u2606WilfredVGC|wilfredvgc\n|n|\u2606Yoyoforce|yoyoforce\n|html|View the match progress at <a href=\"\/game-bestof3-gen9vgc2023regulatione-1998497657\">game-bestof3-gen9vgc2023regulatione-1998497657<\/a>\n|t:|1700949434\n|gametype|doubles\n|player|p1|WilfredVGC|sabrina-masters|\n|player|p2|Yoyoforce|alder|\n|teamsize|p1|6\n|teamsize|p2|6\n|gen|9\n|tier|[Gen 9] VGC 2023 Regulation E\n|rule|Species Clause: Limit one of each Pok\u00e9mon\n|rule|Item Clause: Limit one of each item\n|clearpoke\n|poke|p1|Brambleghast, L50, M|\n|poke|p1|Roaring Moon, L50|\n|poke|p1|Weezing, L50, F|\n|poke|p1|Flutter Mane, L50|\n|poke|p1|Urshifu-*, L50, F|\n|poke|p1|Iron Hands, L50|\n|poke|p2|Chi-Yu, L50|\n|poke|p2|Tornadus, L50, M|\n|poke|p2|Landorus-Therian, L50, M|\n|poke|p2|Flutter Mane, L50|\n|poke|p2|Iron Hands, L50|\n|poke|p2|Ogerpon-Wellspring, L50, F|\n|teampreview|4\nYoyoforce has agreed to open team sheets.\nWilfredVGC has agreed to open team sheets.\n|showteam|p1|Brambleghast||FocusSash|WindRider|PowerWhip,Protect,ShadowSneak,Poltergeist|||M|||50|,,,,,Ghost]Roaring Moon||BoosterEnergy|Protosynthesis|Tailwind,BreakingSwipe,KnockOff,Protect||||||50|,,,,,Poison]Weezing||Leftovers|NeutralizingGas|Protect,GunkShot,Taunt,WillOWisp|||F|||50|,,,,,Ghost]Flutter Mane||ChoiceSpecs|Protosynthesis|DazzlingGleam,ShadowBall,Moonblast,IcyWind||||||50|,,,,,Fairy]Urshifu||ChoiceBand|UnseenFist|WickedBlow,SuckerPunch,CloseCombat,PoisonJab|||F|||50|,,,,,Dark]Iron Hands||AssaultVest|QuarkDrive|DrainPunch,WildCharge,HeavySlam,FakeOut||||||50|,,,,,Water\n|showteam|p2|Chi-Yu||LifeOrb|BeadsofRuin|Protect,TeraBlast,DarkPulse,HeatWave||||||50|,,,,,Grass]Tornadus||RockyHelmet|Prankster|BleakwindStorm,Protect,Tailwind,SunnyDay|||M|||50|,,,,,Ghost]Landorus-Therian||ChoiceScarf|Intimidate|StompingTantrum,Uturn,RockSlide,TeraBlast|||M|||50|,,,,,Flying]Flutter Mane||ChoiceSpecs|Protosynthesis|Moonblast,DazzlingGleam,ShadowBall,Psyshock||||||50|,,,,,Fairy]Iron Hands||AssaultVest|QuarkDrive|DrainPunch,WildCharge,FakeOut,HeavySlam||||||50|,,,,,Water]Ogerpon-Wellspring||WellspringMask|WaterAbsorb|IvyCudgel,HornLeech,FollowMe,SpikyShield|||F|||50|,,,,,Water\n|c|\u2606Yoyoforce|No timer\n|j| YuyaTada's Sysbot\n|c|\u2606Yoyoforce|tho\n|j| iPetBigfoot\n|j| Topperlecat\n|c|\u2606WilfredVGC|agreed\n|c|\u2606Yoyoforce|Im thinking of how to beat your ass\n|c|\u2606WilfredVGC|okay buddy\n|\n|t:|1700949574\n|start\n|switch|p1a: Roaring Moon|Roaring Moon, L50|100\/100\n|switch|p1b: Flutter Mane|Flutter Mane, L50|100\/100\n|switch|p2a: Tornadus|Tornadus, L50, M|100\/100\n|switch|p2b: Haryandro|Iron Hands, L50|100\/100\n|-enditem|p1a: Roaring Moon|Booster Energy\n|-activate|p1a: Roaring Moon|ability: Protosynthesis|[fromitem]\n|-start|p1a: Roaring Moon|protosynthesisspe\n|turn|1\n|c| Topperlecat|no fucking way bro is trash talking after he got shit on \ud83d\udc80\n|c|\u2606WilfredVGC|he wouldve won if he didnt throw tbh\n|\n|t:|1700949622\n|-end|p1b: Flutter Mane|Protosynthesis|[silent]\n|switch|p1b: Iron Hands|Iron Hands, L50|100\/100\n|-terastallize|p2a: Tornadus|Ghost\n|move|p2b: Haryandro|Fake Out|p1a: Roaring Moon\n|-damage|p1a: Roaring Moon|85\/100\n|move|p2a: Tornadus|Tailwind|p2a: Tornadus\n|-sidestart|p2: Yoyoforce|move: Tailwind\n|cant|p1a: Roaring Moon|flinch\n|\n|upkeep\n|turn|2\n|\n|t:|1700949640\n|move|p1b: Iron Hands|Fake Out|p2b: Haryandro\n|-damage|p2b: Haryandro|90\/100\n|move|p2a: Tornadus|Bleakwind Storm|p1b: Iron Hands|[spread] p1a,p1b\n|-damage|p1a: Roaring Moon|56\/100\n|-damage|p1b: Iron Hands|84\/100\n|-unboost|p1b: Iron Hands|spe|1\n|move|p1a: Roaring Moon|Tailwind|p1a: Roaring Moon\n|-sidestart|p1: WilfredVGC|move: Tailwind\n|cant|p2b: Haryandro|flinch\n|\n|upkeep\n|turn|3\n|\n|t:|1700949760\n|-end|p1b: Iron Hands|Quark Drive|[silent]\n|switch|p1b: Flutter Mane|Flutter Mane, L50|100\/100\n|move|p1a: Roaring Moon|Knock Off|p2b: Haryandro\n|-resisted|p2b: Haryandro\n|-damage|p2b: Haryandro|75\/100\n|-enditem|p2b: Haryandro|Assault Vest|[from] move: Knock Off|[of] p1a: Roaring Moon\n|move|p2a: Tornadus|Bleakwind Storm|p1a: Roaring Moon|[spread] p1a,p1b\n|-damage|p1a: Roaring Moon|25\/100\n|-damage|p1b: Flutter Mane|64\/100\n|move|p2b: Haryandro|Drain Punch|p1a: Roaring Moon\n|-supereffective|p1a: Roaring Moon\n|-damage|p1a: Roaring Moon|0 fnt\n|-heal|p2b: Haryandro|84\/100|[from] drain|[of] p1a: Roaring Moon\n|faint|p1a: Roaring Moon\n|-end|p1a: Roaring Moon|Protosynthesis|[silent]\n|\n|upkeep\n|\n|t:|1700949774\n|switch|p1a: Iron Hands|Iron Hands, L50|84\/100\n|turn|4\n|\n|t:|1700949804\n|move|p1a: Iron Hands|Fake Out|p2b: Haryandro\n|-damage|p2b: Haryandro|74\/100\n|move|p1b: Flutter Mane|Shadow Ball|p2a: Tornadus\n|-supereffective|p2a: Tornadus\n|-damage|p2a: Tornadus|0 fnt\n|faint|p2a: Tornadus\n|cant|p2b: Haryandro|flinch\n|\n|-sideend|p2: Yoyoforce|move: Tailwind\n|upkeep\n|\n|t:|1700949822\n|switch|p2a: Taichi|Landorus-Therian, L50, M|100\/100\n|-ability|p2a: Taichi|Intimidate|boost\n|-unboost|p1a: Iron Hands|atk|1\n|-unboost|p1b: Flutter Mane|atk|1\n|turn|5\n|\n|t:|1700949835\n|-terastallize|p1a: Iron Hands|Water\n|move|p1b: Flutter Mane|Shadow Ball|p2b: Haryandro\n|-damage|p2b: Haryandro|30\/100\n|move|p2a: Taichi|Stomping Tantrum|p1a: Iron Hands\n|-damage|p1a: Iron Hands|53\/100\n|move|p1a: Iron Hands|Drain Punch|p2b: Haryandro\n|-damage|p2b: Haryandro|9\/100\n|-heal|p1a: Iron Hands|64\/100|[from] drain|[of] p2b: Haryandro\n|move|p2b: Haryandro|Heavy Slam|p1b: Flutter Mane\n|-supereffective|p1b: Flutter Mane\n|-damage|p1b: Flutter Mane|0 fnt\n|faint|p1b: Flutter Mane\n|-end|p1b: Flutter Mane|Protosynthesis|[silent]\n|\n|-sideend|p1: WilfredVGC|move: Tailwind\n|upkeep\n|\n|t:|1700949845\n|switch|p1b: Urshifu|Urshifu, L50, F|100\/100\n|turn|6\n|\n|t:|1700949860\n|move|p2a: Taichi|Stomping Tantrum|p1b: Urshifu\n|-damage|p1b: Urshifu|57\/100\n|move|p1b: Urshifu|Wicked Blow|p2a: Taichi\n|-crit|p2a: Taichi\n|-damage|p2a: Taichi|0 fnt\n|faint|p2a: Taichi\n|move|p1a: Iron Hands|Drain Punch|p2b: Haryandro\n|-damage|p2b: Haryandro|0 fnt\n|-heal|p1a: Iron Hands|69\/100|[from] drain|[of] p2b: Haryandro\n|faint|p2b: Haryandro\n|-end|p2b: Haryandro|Quark Drive|[silent]\n|\n|upkeep\n|\n|t:|1700949871\n|switch|p2b: Misdreamus|Flutter Mane, L50, shiny|100\/100\n|turn|7\n|\n|t:|1700949879\n|move|p2b: Misdreamus|Dazzling Gleam|p1a: Iron Hands|[spread] p1a,p1b\n|-supereffective|p1b: Urshifu\n|-damage|p1a: Iron Hands|49\/100\n|-damage|p1b: Urshifu|0 fnt\n|faint|p1b: Urshifu\n|move|p1a: Iron Hands|Heavy Slam|p2b: Misdreamus\n|-supereffective|p2b: Misdreamus\n|-damage|p2b: Misdreamus|16\/100\n|\n|upkeep\n|turn|8\n|\n|t:|1700949888\n|move|p2b: Misdreamus|Dazzling Gleam|p1a: Iron Hands\n|-damage|p1a: Iron Hands|19\/100\n|move|p1a: Iron Hands|Heavy Slam|p2b: Misdreamus\n|-supereffective|p2b: Misdreamus\n|-damage|p2b: Misdreamus|0 fnt\n|faint|p2b: Misdreamus\n|-end|p2b: Misdreamus|Protosynthesis|[silent]\n|\n|win|WilfredVGC\n|c| YuyaTada's Sysbot|crot\n|c|\u2606WilfredVGC|ggs\n|l| iPetBigfoot\n|c|\u2606Yoyoforce|COME ON\n|c| Topperlecat|there we go\n|l|\u2606Yoyoforce\n|c| Topperlecat|thank fuck\n|c|\u2606WilfredVGC|won cleanly lfg\n","uploadtime":1700949936,"views":13,"p1id":"wilfredvgc","p2id":"yoyoforce","formatid":"gen9vgc2023regulatione","rating":0,"private":0,"password":""}