{"id":"gen9vgc2023regulatione-1999850602","p1":"KilnFirelinkAlt","p2":"Llort365","format":"[Gen 9] VGC 2023 Regulation E","log":"|j|\u2606KilnFirelinkAlt\n|j|\u2606Llort365\n|t:|1701122673\n|gametype|doubles\n|player|p1|KilnFirelinkAlt|iris-gen5bw2|1070\n|player|p2|Llort365|hilbert-wonderlauncher|1176\n|teamsize|p1|6\n|teamsize|p2|6\n|gen|9\n|tier|[Gen 9] VGC 2023 Regulation E\n|rated|\n|rule|Species Clause: Limit one of each Pok\u00e9mon\n|rule|Item Clause: Limit one of each item\n|clearpoke\n|poke|p1|Lurantis, L50, M|\n|poke|p1|Cresselia, L50, F|\n|poke|p1|Sylveon, L50, M|\n|poke|p1|Goodra-Hisui, L50, F|\n|poke|p1|Amoonguss, L50, M|\n|poke|p1|Ninetales-Alola, L50, F|\n|poke|p2|Farigiraf, L50, M|\n|poke|p2|Heatran, L50, F|\n|poke|p2|Amoonguss, L50, M|\n|poke|p2|Ursaluna-Bloodmoon, L50, M|\n|poke|p2|Ogerpon-Wellspring, L50, F|\n|poke|p2|Kingambit, L50, M|\n|teampreview|4\nLlort365 has agreed to open team sheets.\nKilnFirelinkAlt rejected open team sheets.\n|inactive|Battle timer is ON: inactive players will automatically lose when time's up. (requested by KilnFirelinkAlt)\n|\n|t:|1701122702\n|start\n|switch|p1a: Lurantis|Lurantis, L50, M|100\/100\n|switch|p1b: Ninetales|Ninetales-Alola, L50, F|100\/100\n|switch|p2a: Farigiraf|Farigiraf, L50, M|100\/100\n|switch|p2b: Ursaluna|Ursaluna-Bloodmoon, L50, M|100\/100\n|turn|1\n|\n|t:|1701122721\n|-terastallize|p2b: Ursaluna|Normal\n|-terastallize|p1a: Lurantis|Fire\n|move|p1b: Ninetales|Fake Tears|p1a: Lurantis\n|-boost|p1a: Lurantis|spd|2\n|move|p2b: Ursaluna|Blood Moon|p1b: Ninetales\n|-enditem|p1b: Ninetales|Focus Sash\n|-damage|p1b: Ninetales|1\/100\n|move|p1a: Lurantis|Superpower|p2b: Ursaluna\n|-supereffective|p2b: Ursaluna\n|-damage|p2b: Ursaluna|52\/100\n|-boost|p1a: Lurantis|atk|1\n|-boost|p1a: Lurantis|def|1\n|move|p2a: Farigiraf|Trick Room|p2a: Farigiraf\n|-fieldstart|move: Trick Room|[of] p2a: Farigiraf\n|\n|upkeep\n|turn|2\n|\n|t:|1701122740\n|move|p2a: Farigiraf|Helping Hand|p2b: Ursaluna\n|-singleturn|p2b: Ursaluna|Helping Hand|[of] p2a: Farigiraf\n|move|p1a: Lurantis|Superpower|p2b: Ursaluna\n|-supereffective|p2b: Ursaluna\n|-damage|p2b: Ursaluna|0 fnt\n|-boost|p1a: Lurantis|atk|1\n|-boost|p1a: Lurantis|def|1\n|faint|p2b: Ursaluna\n|move|p1b: Ninetales|Fake Tears|p1a: Lurantis\n|-boost|p1a: Lurantis|spd|2\n|\n|upkeep\n|\n|t:|1701122757\n|switch|p2b: Heatran|Heatran, L50, F|100\/100\n|turn|3\n|\n|t:|1701122771\n|move|p2b: Heatran|Protect|p2b: Heatran\n|-singleturn|p2b: Heatran|Protect\n|move|p1a: Lurantis|Superpower|p2b: Heatran\n|-activate|p2b: Heatran|move: Protect\n|move|p2a: Farigiraf|Psychic|p1b: Ninetales\n|-damage|p1b: Ninetales|0 fnt\n|faint|p1b: Ninetales\n|\n|upkeep\n|\n|t:|1701122783\n|switch|p1b: Cresselia|Cresselia, L50, F|100\/100\n|turn|4\n|\n|t:|1701122805\n|switch|p2a: Kingambit|Kingambit, L50, M|100\/100\n|move|p1a: Lurantis|Superpower|p2b: Heatran\n|-supereffective|p2b: Heatran\n|-damage|p2b: Heatran|3\/100\n|-boost|p1a: Lurantis|atk|1\n|-boost|p1a: Lurantis|def|1\n|move|p1b: Cresselia|Dazzling Gleam|p2b: Heatran|[spread] p2a,p2b\n|-resisted|p2b: Heatran\n|-damage|p2a: Kingambit|90\/100\n|-damage|p2b: Heatran|0 fnt\n|faint|p2b: Heatran\n|\n|upkeep\n|\n|t:|1701122816\n|switch|p2b: Farigiraf|Farigiraf, L50, M|100\/100\n|turn|5\n|\n|t:|1701122832\n|move|p2a: Kingambit|Protect|p2a: Kingambit\n|-singleturn|p2a: Kingambit|Protect\n|move|p2b: Farigiraf|Protect|p2b: Farigiraf\n|-singleturn|p2b: Farigiraf|Protect\n|move|p1a: Lurantis|Superpower|p2a: Kingambit\n|-activate|p2a: Kingambit|move: Protect\n|move|p1b: Cresselia|Dazzling Gleam|p2a: Kingambit|[spread] \n|-activate|p2a: Kingambit|move: Protect\n|-activate|p2b: Farigiraf|move: Protect\n|\n|-fieldend|move: Trick Room\n|upkeep\n|turn|6\n|\n|t:|1701122846\n|move|p2b: Farigiraf|Helping Hand|p2a: Kingambit\n|-singleturn|p2a: Kingambit|Helping Hand|[of] p2b: Farigiraf\n|move|p2a: Kingambit|Sucker Punch|p1a: Lurantis\n|-damage|p1a: Lurantis|69\/100\n|move|p1a: Lurantis|Superpower|p2a: Kingambit\n|-supereffective|p2a: Kingambit\n|-damage|p2a: Kingambit|0 fnt\n|-boost|p1a: Lurantis|atk|1\n|-boost|p1a: Lurantis|def|1\n|faint|p2a: Kingambit\n|move|p1b: Cresselia|Trick Room|p1b: Cresselia\n|-fieldstart|move: Trick Room|[of] p1b: Cresselia\n|\n|upkeep\n|turn|7\n|-message|Llort365 forfeited.\n|\n|win|KilnFirelinkAlt\n|raw|KilnFirelinkAlt's rating: 1070 &rarr; <strong>1108<\/strong><br \/>(+38 for winning)\n|raw|Llort365's rating: 1176 &rarr; <strong>1144<\/strong><br \/>(-32 for losing)\n|l|\u2606Llort365\n","uploadtime":1701122862,"views":9,"p1id":"kilnfirelinkalt","p2id":"llort365","formatid":"gen9vgc2023regulatione","rating":1108,"private":0,"password":""}