{"id":"gen9vgc2023regulatione-1999162460","p1":"iukgbyufdry","p2":"Venefici","format":"[Gen 9] VGC 2023 Regulation E","log":"|j|\u2606iukgbyufdry\n|j|\u2606Venefici\n|t:|1701040054\n|gametype|doubles\n|player|p1|iukgbyufdry|2|1187\n|player|p2|Venefici|hugh|1080\n|teamsize|p1|6\n|teamsize|p2|6\n|gen|9\n|tier|[Gen 9] VGC 2023 Regulation E\n|rated|\n|rule|Species Clause: Limit one of each Pok\u00e9mon\n|rule|Item Clause: Limit one of each item\n|clearpoke\n|poke|p1|Flutter Mane, L50|\n|poke|p1|Urshifu-*, L50, F|\n|poke|p1|Chi-Yu, L50|\n|poke|p1|Ogerpon-Wellspring, L50, F|\n|poke|p1|Iron Hands, L50|\n|poke|p1|Sinistcha-Masterpiece, L50|\n|poke|p2|Volcarona, L50, F|\n|poke|p2|Sinistcha, L50|\n|poke|p2|Cetitan, L50, F|\n|poke|p2|Milotic, L50, M|\n|poke|p2|Ninetales-Alola, L50, M|\n|poke|p2|Iron Hands, L50|\n|teampreview|4\n|inactive|Battle timer is ON: inactive players will automatically lose when time's up. (requested by Venefici)\niukgbyufdry rejected open team sheets.\n|inactive|Venefici has 60 seconds left.\n|\n|t:|1701040096\n|start\n|switch|p1a: Ogerpon|Ogerpon-Wellspring, L50, F|100\/100\n|switch|p1b: Chi-Yu|Chi-Yu, L50|100\/100\n|switch|p2a: Ninetales|Ninetales-Alola, L50, M|100\/100\n|switch|p2b: Cetitan|Cetitan, L50, F|100\/100\n|-weather|Snow|[from] ability: Snow Warning|[of] p2a: Ninetales\n|-ability|p1b: Chi-Yu|Beads of Ruin\n|turn|1\n|inactive|Venefici has 30 seconds left.\n|\n|t:|1701040123\n|-terastallize|p1b: Chi-Yu|Fire\n|-terastallize|p2b: Cetitan|Water\n|move|p1a: Ogerpon|Follow Me|p1a: Ogerpon\n|-singleturn|p1a: Ogerpon|move: Follow Me\n|move|p2b: Cetitan|Ice Shard|p1a: Ogerpon\n|-damage|p1a: Ogerpon|86\/100\n|move|p2a: Ninetales|Aurora Veil|p2a: Ninetales\n|-sidestart|p2: Venefici|move: Aurora Veil\n|move|p1b: Chi-Yu|Inferno|p2b: Cetitan|[miss]\n|-miss|p1b: Chi-Yu|p2b: Cetitan\n|-enditem|p1b: Chi-Yu|Blunder Policy\n|-boost|p1b: Chi-Yu|spe|2\n|\n|-weather|Snow|[upkeep]\n|upkeep\n|turn|2\n|inactive|Venefici has 30 seconds left.\n|\n|t:|1701040153\n|move|p1a: Ogerpon|Follow Me|p1a: Ogerpon\n|-singleturn|p1a: Ogerpon|move: Follow Me\n|move|p1b: Chi-Yu|Nasty Plot|p1b: Chi-Yu\n|-boost|p1b: Chi-Yu|spa|2\n|move|p2a: Ninetales|Icy Wind|p1b: Chi-Yu|[spread] p1a,p1b\n|-resisted|p1b: Chi-Yu\n|-damage|p1a: Ogerpon|70\/100\n|-damage|p1b: Chi-Yu|94\/100\n|-unboost|p1a: Ogerpon|spe|1\n|-unboost|p1b: Chi-Yu|spe|1\n|move|p2b: Cetitan|Liquidation|p1a: Ogerpon\n|-heal|p1a: Ogerpon|95\/100|[from] ability: Water Absorb|[of] p2b: Cetitan\n|\n|-weather|Snow|[upkeep]\n|upkeep\n|turn|3\n|inactive|iukgbyufdry has 30 seconds left.\n|inactive|Venefici has 30 seconds left.\n|\n|t:|1701040187\n|move|p1a: Ogerpon|Follow Me|p1a: Ogerpon\n|-singleturn|p1a: Ogerpon|move: Follow Me\n|move|p1b: Chi-Yu|Dark Pulse|p2b: Cetitan\n|-damage|p2b: Cetitan|30\/100\n|-enditem|p2b: Cetitan|Sitrus Berry|[eat]\n|-heal|p2b: Cetitan|55\/100|[from] item: Sitrus Berry\n|move|p2a: Ninetales|Encore|p1a: Ogerpon\n|-start|p1a: Ogerpon|Encore\n|move|p2b: Cetitan|Belly Drum|p2b: Cetitan\n|-damage|p2b: Cetitan|5\/100\n|-setboost|p2b: Cetitan|atk|6|[from] move: Belly Drum\n|\n|-weather|Snow|[upkeep]\n|upkeep\n|turn|4\n|inactive|Venefici has 30 seconds left.\n|\n|t:|1701040213\n|move|p2b: Cetitan|Protect|p2b: Cetitan\n|-singleturn|p2b: Cetitan|Protect\n|move|p1a: Ogerpon|Follow Me|p1a: Ogerpon\n|-singleturn|p1a: Ogerpon|move: Follow Me\n|move|p1b: Chi-Yu|Heat Wave|p2b: Cetitan|[spread] p2a\n|-activate|p2b: Cetitan|move: Protect\n|-supereffective|p2a: Ninetales\n|-crit|p2a: Ninetales\n|-damage|p2a: Ninetales|0 fnt\n|faint|p2a: Ninetales\n|\n|-weather|Snow|[upkeep]\n|upkeep\n|\n|t:|1701040225\n|switch|p2a: Iron Hands|Iron Hands, L50|100\/100\n|turn|5\n|\n|t:|1701040237\n|move|p2a: Iron Hands|Fake Out|p1a: Ogerpon\n|-damage|p1a: Ogerpon|81\/100\n|cant|p1a: Ogerpon|flinch\n|move|p1b: Chi-Yu|Heat Wave|p2b: Cetitan|[spread] p2a,p2b\n|-resisted|p2b: Cetitan\n|-damage|p2a: Iron Hands|50\/100\n|-damage|p2b: Cetitan|0 fnt\n|faint|p2b: Cetitan\n|\n|-weather|none\n|-sideend|p2: Venefici|move: Aurora Veil\n|upkeep\n|\n|t:|1701040248\n|switch|p2b: Milotic|Milotic, L50, M|100\/100\n|turn|6\n|\n|t:|1701040260\n|move|p1a: Ogerpon|Follow Me|p1a: Ogerpon\n|-singleturn|p1a: Ogerpon|move: Follow Me\n|move|p1b: Chi-Yu|Dark Pulse|p2b: Milotic\n|-damage|p2b: Milotic|23\/100\n|cant|p2b: Milotic|flinch\n|move|p2a: Iron Hands|Wild Charge|p1a: Ogerpon\n|-damage|p1a: Ogerpon|42\/100\n|-damage|p2a: Iron Hands|42\/100|[from] Recoil\n|\n|-end|p1a: Ogerpon|Encore\n|upkeep\n|turn|7\n|\n|t:|1701040281\n|move|p2b: Milotic|Protect|p2b: Milotic\n|-singleturn|p2b: Milotic|Protect\n|move|p1a: Ogerpon|Follow Me|p1a: Ogerpon\n|-singleturn|p1a: Ogerpon|move: Follow Me\n|move|p1b: Chi-Yu|Heat Wave|p2a: Iron Hands|[spread] \n|-activate|p2b: Milotic|move: Protect\n|-miss|p1b: Chi-Yu|p2a: Iron Hands\n|move|p2a: Iron Hands|Drain Punch|p1a: Ogerpon\n|-damage|p1a: Ogerpon|6\/100\n|-heal|p2a: Iron Hands|56\/100|[from] drain|[of] p1a: Ogerpon\n|\n|upkeep\n|turn|8\n|inactive|Venefici has 30 seconds left.\n|\n|t:|1701040308\n|move|p1a: Ogerpon|Follow Me|p1a: Ogerpon\n|-singleturn|p1a: Ogerpon|move: Follow Me\n|move|p1b: Chi-Yu|Heat Wave|p2a: Iron Hands|[spread] p2a,p2b\n|-resisted|p2b: Milotic\n|-damage|p2a: Iron Hands|0 fnt\n|-damage|p2b: Milotic|0 fnt\n|faint|p2a: Iron Hands\n|-end|p2a: Iron Hands|Quark Drive|[silent]\n|faint|p2b: Milotic\n|\n|win|iukgbyufdry\n|raw|iukgbyufdry's rating: 1187 &rarr; <strong>1205<\/strong><br \/>(+18 for winning)\n|raw|Venefici's rating: 1080 &rarr; <strong>1065<\/strong><br \/>(-15 for losing)\n|l|\u2606iukgbyufdry\n","uploadtime":1701040318,"views":3,"p1id":"iukgbyufdry","p2id":"venefici","formatid":"gen9vgc2023regulatione","rating":1065,"private":0,"password":""}