{"id":"gen9vgc2023regulatione-1999628853","p1":"Ozwald McFly","p2":"phantomslayer17","format":"[Gen 9] VGC 2023 Regulation E","log":"|j|\u2606Ozwald McFly\n|j|\u2606phantomslayer17\n|t:|1701102651\n|gametype|doubles\n|player|p1|Ozwald McFly|2|1399\n|player|p2|phantomslayer17|burglar|1402\n|teamsize|p1|6\n|teamsize|p2|6\n|gen|9\n|tier|[Gen 9] VGC 2023 Regulation E\n|rated|\n|rule|Species Clause: Limit one of each Pok\u00e9mon\n|rule|Item Clause: Limit one of each item\n|clearpoke\n|poke|p1|Noctowl, L50, F|\n|poke|p1|Sandy Shocks, L50|\n|poke|p1|Espeon, L50, F|\n|poke|p1|Indeedee-F, L50, F|\n|poke|p1|Iron Hands, L50|\n|poke|p1|Decidueye-Hisui, L50, M|\n|poke|p2|Tornadus, L50, M|\n|poke|p2|Flutter Mane, L50|\n|poke|p2|Haxorus, L50, F|\n|poke|p2|Heatran, L50, F|\n|poke|p2|Brute Bonnet, L50|\n|poke|p2|Urshifu-*, L50, F|\n|teampreview|4\n|j| gpmeyers\n|l| gpmeyers\n|\n|t:|1701102699\n|start\n|switch|p1a: Decidueye|Decidueye-Hisui, L50, M, shiny|100\/100\n|switch|p1b: Indeedee|Indeedee-F, L50, F|100\/100\n|switch|p2a: Flutter Mane|Flutter Mane, L50|100\/100\n|switch|p2b: Urshifu|Urshifu-Rapid-Strike, L50, F|100\/100\n|-fieldstart|move: Psychic Terrain|[from] ability: Psychic Surge|[of] p1b: Indeedee\n|-enditem|p2a: Flutter Mane|Booster Energy\n|-activate|p2a: Flutter Mane|ability: Protosynthesis|[fromitem]\n|-start|p2a: Flutter Mane|protosynthesisspe\n|turn|1\n|\n|t:|1701102713\n|move|p1a: Decidueye|Protect|p1a: Decidueye\n|-singleturn|p1a: Decidueye|Protect\n|move|p2a: Flutter Mane|Dazzling Gleam|p1b: Indeedee|[spread] p1b\n|-activate|p1a: Decidueye|move: Protect\n|-damage|p1b: Indeedee|78\/100\n|move|p2b: Urshifu|Ice Spinner|p1a: Decidueye\n|-supereffective|p1a: Decidueye\n|-damage|p1a: Decidueye|0 fnt\n|-fieldend|move: Psychic Terrain\n|faint|p1a: Decidueye\n|move|p1b: Indeedee|Trick Room|p1b: Indeedee\n|-fieldstart|move: Trick Room|[of] p1b: Indeedee\n|\n|upkeep\n|\n|t:|1701102728\n|switch|p1a: Iron Hands|Iron Hands, L50|100\/100\n|turn|2\n|\n|t:|1701102738\n|switch|p2b: Brute Bonnet|Brute Bonnet, L50, shiny|100\/100\n|move|p1a: Iron Hands|Heavy Slam|p2a: Flutter Mane\n|-supereffective|p2a: Flutter Mane\n|-damage|p2a: Flutter Mane|0 fnt\n|faint|p2a: Flutter Mane\n|-end|p2a: Flutter Mane|Protosynthesis|[silent]\n|move|p1b: Indeedee|Psyshock|p2b: Brute Bonnet\n|-immune|p2b: Brute Bonnet\n|\n|upkeep\n|\n|t:|1701102747\n|switch|p2a: Urshifu|Urshifu-Rapid-Strike, L50, F|100\/100\n|turn|3\n|\n|t:|1701102760\n|-terastallize|p2a: Urshifu|Water\n|move|p2b: Brute Bonnet|Rage Powder|p2b: Brute Bonnet\n|-singleturn|p2b: Brute Bonnet|move: Rage Powder\n|move|p1b: Indeedee|Follow Me|p1b: Indeedee\n|-singleturn|p1b: Indeedee|move: Follow Me\n|move|p1a: Iron Hands|Wild Charge|p2b: Brute Bonnet\n|-resisted|p2b: Brute Bonnet\n|-damage|p2b: Brute Bonnet|83\/100\n|-damage|p1a: Iron Hands|96\/100|[from] Recoil\n|move|p2a: Urshifu|Surging Strikes|p1b: Indeedee\n|-crit|p1b: Indeedee\n|-damage|p1b: Indeedee|37\/100\n|-enditem|p1b: Indeedee|Sitrus Berry|[eat]\n|-heal|p1b: Indeedee|62\/100|[from] item: Sitrus Berry\n|-crit|p1b: Indeedee\n|-damage|p1b: Indeedee|21\/100\n|-crit|p1b: Indeedee\n|-damage|p1b: Indeedee|0 fnt\n|faint|p1b: Indeedee\n|-hitcount|p1: Indeedee|3\n|\n|-heal|p2b: Brute Bonnet|89\/100|[from] item: Leftovers\n|upkeep\n|\n|t:|1701102780\n|switch|p1b: Espeon|Espeon, L50, F|100\/100\n|turn|4\n|\n|t:|1701102793\n|-terastallize|p1b: Espeon|Fairy\n|move|p1a: Iron Hands|Drain Punch|p2b: Brute Bonnet\n|-supereffective|p2b: Brute Bonnet\n|-damage|p2b: Brute Bonnet|34\/100\n|-heal|p1a: Iron Hands|100\/100|[from] drain|[of] p2b: Brute Bonnet\n|move|p2b: Brute Bonnet|Spore|p1a: Iron Hands\n|-status|p1a: Iron Hands|slp|[from] move: Spore\n|move|p2a: Urshifu|Surging Strikes|p1a: Iron Hands\n|-crit|p1a: Iron Hands\n|-damage|p1a: Iron Hands|73\/100 slp\n|-crit|p1a: Iron Hands\n|-damage|p1a: Iron Hands|45\/100 slp\n|-crit|p1a: Iron Hands\n|-damage|p1a: Iron Hands|16\/100 slp\n|-hitcount|p1a: Iron Hands|3\n|move|p1b: Espeon|Dazzling Gleam|p2b: Brute Bonnet|[spread] p2a,p2b\n|-supereffective|p2b: Brute Bonnet\n|-damage|p2a: Urshifu|50\/100\n|-damage|p2b: Brute Bonnet|0 fnt\n|faint|p2b: Brute Bonnet\n|-end|p2b: Brute Bonnet|Protosynthesis|[silent]\n|\n|upkeep\n|\n|t:|1701102795\n|switch|p2b: Haxorus|Haxorus, L50, F, shiny|100\/100\n|-ability|p2b: Haxorus|Mold Breaker\n|turn|5\n|\n|t:|1701102820\n|cant|p1a: Iron Hands|slp\n|move|p2b: Haxorus|Earthquake|p1b: Espeon|[spread] p2a,p1a,p1b\n|-supereffective|p1a: Iron Hands\n|-damage|p2a: Urshifu|18\/100\n|-damage|p1a: Iron Hands|0 fnt\n|-damage|p1b: Espeon|44\/100\n|faint|p1a: Iron Hands\n|-end|p1a: Iron Hands|Quark Drive|[silent]\n|move|p2a: Urshifu|Surging Strikes|p1b: Espeon\n|-crit|p1b: Espeon\n|-damage|p1b: Espeon|0 fnt\n|faint|p1b: Espeon\n|-hitcount|p1: Espeon|1\n|\n|win|phantomslayer17\n|raw|Ozwald McFly's rating: 1399 &rarr; <strong>1379<\/strong><br \/>(-20 for losing)\n|raw|phantomslayer17's rating: 1402 &rarr; <strong>1422<\/strong><br \/>(+20 for winning)\n|l|\u2606phantomslayer17\n","uploadtime":1701102833,"views":1,"p1id":"ozwaldmcfly","p2id":"phantomslayer17","formatid":"gen9vgc2023regulatione","rating":1379,"private":0,"password":""}