{"id":"gen9vgc2023regulatione-1998201226","p1":"Cyalia12","p2":"KaosCarter","format":"[Gen 9] VGC 2023 Regulation E","log":"|j|\u2606Cyalia12\n|j|\u2606KaosCarter\n|n|\u2606Cyalia12|cyalia12\n|n|\u2606KaosCarter|kaoscarter\n|html|View the match progress at <a href=\"\/game-bestof3-gen9vgc2023regulatione-1998198303\">game-bestof3-gen9vgc2023regulatione-1998198303<\/a>\n|t:|1700911579\n|gametype|doubles\n|player|p1|Cyalia12|youngster-gen4dp|\n|player|p2|KaosCarter|acetrainer-gen4dp|\n|teamsize|p1|6\n|teamsize|p2|6\n|gen|9\n|tier|[Gen 9] VGC 2023 Regulation E\n|rule|Species Clause: Limit one of each Pok\u00e9mon\n|rule|Item Clause: Limit one of each item\n|clearpoke\n|poke|p1|Arcanine-Hisui, L50, M|\n|poke|p1|Chien-Pao, L50|\n|poke|p1|Rillaboom, L50, F|\n|poke|p1|Gholdengo, L50|\n|poke|p1|Tornadus, L50, M|\n|poke|p1|Urshifu-*, L50, F|\n|poke|p2|Heatran, L50, M|\n|poke|p2|Tornadus, L50, M|\n|poke|p2|Sneasler, L50, F|\n|poke|p2|Shiftry, L50, M|\n|poke|p2|Chi-Yu, L50|\n|poke|p2|Indeedee-F, L50, F|\n|teampreview|4\n|inactive|Battle timer is ON: inactive players will automatically lose when time's up. (requested by KaosCarter)\nCyalia12 has agreed to open team sheets.\nKaosCarter has agreed to open team sheets.\n|showteam|p1|Arcanine-Hisui||ChoiceBand|Intimidate|ExtremeSpeed,FlareBlitz,RockSlide,TeraBlast|||M|||50|,,,,,Fairy]Chien-Pao||FocusSash|SwordofRuin|IcicleCrash,SuckerPunch,SacredSword,Protect||||||50|,,,,,Ghost]Rillaboom||AssaultVest|GrassySurge|WoodHammer,HighHorsepower,GrassyGlide,FakeOut|||F|||50|,,,,,Fire]Gholdengo||Leftovers|GoodasGold|Protect,MakeItRain,ShadowBall,NastyPlot||||||50|,,,,,Dragon]Tornadus||RockyHelmet|Prankster|Tailwind,BleakwindStorm,Taunt,RainDance|||M|||50|,,,,,Steel]Urshifu-Rapid-Strike||MysticWater|UnseenFist|SurgingStrikes,CloseCombat,AquaJet,Detect|||F|||50|,,,,,Water\n|showteam|p2|Heatran||SitrusBerry|FlashFire|Protect,HeatWave,EarthPower,FlashCannon|||M|||50|,,,,,Fairy]Tornadus||MentalHerb|Prankster|BleakwindStorm,Tailwind,SunnyDay,ScaryFace|||M|||50|,,,,,Ghost]Sneasler||ClearAmulet|PoisonTouch|Protect,DireClaw,CloseCombat,FakeOut|||F|||50|,,,,,Flying]Shiftry||FocusSash|WindRider|SuckerPunch,Reversal,LeafBlade,FakeOut|||M|||50|,,,,,Ghost]Chi-Yu||ChoiceSpecs|BeadsofRuin|HeatWave,Psychic,Overheat,DarkPulse||||||50|,,,,,Ghost]Indeedee-F||PsychicSeed|PsychicSurge|FollowMe,Psyshock,TrickRoom,Imprison|||F|||50|,,,,,Fairy\n|\n|t:|1700911633\n|start\n|switch|p1a: Tornadus|Tornadus, L50, M|100\/100\n|switch|p1b: Urshifu|Urshifu-Rapid-Strike, L50, F|100\/100\n|switch|p2a: Tornadus|Tornadus, L50, M|100\/100\n|switch|p2b: Indeedee|Indeedee-F, L50, F|100\/100\n|-fieldstart|move: Psychic Terrain|[from] ability: Psychic Surge|[of] p2b: Indeedee\n|-enditem|p2b: Indeedee|Psychic Seed\n|-boost|p2b: Indeedee|spd|1|[from] item: Psychic Seed\n|turn|1\n|\n|t:|1700911651\n|-terastallize|p1b: Urshifu|Water\n|move|p2a: Tornadus|Sunny Day|p2a: Tornadus\n|-weather|SunnyDay\n|move|p1a: Tornadus|Rain Dance|p1a: Tornadus\n|-weather|RainDance\n|move|p1b: Urshifu|Surging Strikes|p2b: Indeedee\n|-crit|p2b: Indeedee\n|-damage|p2b: Indeedee|42\/100\n|-crit|p2b: Indeedee\n|-damage|p2b: Indeedee|0 fnt\n|faint|p2b: Indeedee\n|-hitcount|p2: Indeedee|2\n|\n|-weather|RainDance|[upkeep]\n|upkeep\n|\n|t:|1700911670\n|switch|p2b: Chi-Yu|Chi-Yu, L50|100\/100\n|-ability|p2b: Chi-Yu|Beads of Ruin\n|turn|2\n|\n|t:|1700911693\n|move|p1b: Urshifu|Detect|p1b: Urshifu\n|-singleturn|p1b: Urshifu|Protect\n|move|p2a: Tornadus|Tailwind|p2a: Tornadus\n|-sidestart|p2: KaosCarter|move: Tailwind\n|move|p1a: Tornadus|Tailwind|p1a: Tornadus\n|-sidestart|p1: Cyalia12|move: Tailwind\n|move|p2b: Chi-Yu|Dark Pulse|p1b: Urshifu\n|-activate|p1b: Urshifu|move: Protect\n|\n|-weather|RainDance|[upkeep]\n|upkeep\n|turn|3\n|inactive|Cyalia12 has 30 seconds left.\n|inactive|KaosCarter has 30 seconds left.\n|\n|t:|1700911730\n|-terastallize|p2b: Chi-Yu|Ghost\n|move|p1a: Tornadus|Rain Dance||[still]\n|-fail|p1a: Tornadus\n|move|p2a: Tornadus|Bleakwind Storm|p1b: Urshifu|[spread] p1a,p1b\n|-damage|p1a: Tornadus|37\/100\n|-damage|p1b: Urshifu|23\/100\n|-unboost|p1a: Tornadus|spe|1\n|move|p2b: Chi-Yu|Dark Pulse|p1b: Urshifu\n|-damage|p1b: Urshifu|0 fnt\n|faint|p1b: Urshifu\n|\n|-weather|RainDance|[upkeep]\n|upkeep\n|\n|t:|1700911742\n|switch|p1b: Chien-Pao|Chien-Pao, L50|100\/100\n|-ability|p1b: Chien-Pao|Sword of Ruin\n|turn|4\n|\n|t:|1700911766\n|switch|p2b: Heatran|Heatran, L50, M|100\/100\n|move|p2a: Tornadus|Sunny Day|p2a: Tornadus\n|-weather|SunnyDay\n|move|p1b: Chien-Pao|Icicle Crash|p2b: Heatran\n|-resisted|p2b: Heatran\n|-damage|p2b: Heatran|88\/100\n|move|p1a: Tornadus|Bleakwind Storm|p2b: Heatran|[spread] p2a\n|-miss|p1a: Tornadus|p2b: Heatran\n|-damage|p2a: Tornadus|57\/100\n|\n|-weather|SunnyDay|[upkeep]\n|upkeep\n|turn|5\n|inactive|KaosCarter has 30 seconds left.\n|\n|t:|1700911795\n|switch|p2a: Chi-Yu|Chi-Yu, L50, tera:Ghost|100\/100\n|-ability|p2a: Chi-Yu|Beads of Ruin\n|move|p1a: Tornadus|Rain Dance|p1a: Tornadus\n|-weather|RainDance\n|move|p1b: Chien-Pao|Icicle Crash|p2a: Chi-Yu\n|-damage|p2a: Chi-Yu|3\/100\n|move|p2b: Heatran|Heat Wave|p1a: Tornadus|[spread] p1a,p1b\n|-supereffective|p1b: Chien-Pao\n|-damage|p1a: Tornadus|6\/100\n|-damage|p1b: Chien-Pao|15\/100\n|\n|-weather|RainDance|[upkeep]\n|-sideend|p1: Cyalia12|move: Tailwind\n|-sideend|p2: KaosCarter|move: Tailwind\n|-fieldend|move: Psychic Terrain\n|upkeep\n|turn|6\n|inactive|Cyalia12 has 30 seconds left.\n|inactive|KaosCarter has 30 seconds left.\n|\n|t:|1700911835\n|move|p1b: Chien-Pao|Sacred Sword|p2b: Heatran\n|-supereffective|p2b: Heatran\n|-damage|p2b: Heatran|20\/100\n|-enditem|p2b: Heatran|Sitrus Berry|[eat]\n|-heal|p2b: Heatran|45\/100|[from] item: Sitrus Berry\n|move|p2a: Chi-Yu|Heat Wave|p1b: Chien-Pao|[spread] p1a,p1b\n|-supereffective|p1b: Chien-Pao\n|-damage|p1a: Tornadus|0 fnt\n|-damage|p1b: Chien-Pao|0 fnt\n|faint|p1a: Tornadus\n|faint|p1b: Chien-Pao\n|move|p2b: Heatran|Heat Wave|p1: Tornadus|[notarget]\n|-fail|p2b: Heatran\n|\n|-weather|RainDance|[upkeep]\n|upkeep\n|\n|t:|1700911847\n|switch|p1b: Gholdengo|Gholdengo, L50|100\/100\n|turn|7\n|\n|t:|1700911862\n|move|p2a: Chi-Yu|Heat Wave|p1b: Gholdengo\n|-supereffective|p1b: Gholdengo\n|-damage|p1b: Gholdengo|0 fnt\n|faint|p1b: Gholdengo\n|\n|win|KaosCarter\n|c|\u2606Cyalia12|gg\n|l|\u2606Cyalia12\n|c|\u2606KaosCarter|Gg\n","uploadtime":1700911957,"views":7,"p1id":"cyalia12","p2id":"kaoscarter","formatid":"gen9vgc2023regulatione","rating":0,"private":0,"password":""}