{"id":"gen9vgc2023regulatione-1994961146","p1":"Gill x Mayhem","p2":"Ljhartman","format":"[Gen 9] VGC 2023 Regulation E","log":"|j|\u2606Gill x Mayhem\n|j|\u2606Ljhartman\n|n|\u2606Gill x Mayhem|gillxmayhem\n|n|\u2606Ljhartman|ljhartman\n|html|View the match progress at <a href=\"\/game-bestof3-gen9vgc2023regulatione-1994955791\">game-bestof3-gen9vgc2023regulatione-1994955791<\/a>\n|t:|1700508354\n|gametype|doubles\n|player|p1|Gill x Mayhem|265|\n|player|p2|Ljhartman|2|\n|teamsize|p1|6\n|teamsize|p2|6\n|gen|9\n|tier|[Gen 9] VGC 2023 Regulation E\n|rule|Species Clause: Limit one of each Pok\u00e9mon\n|rule|Item Clause: Limit one of each item\n|clearpoke\n|poke|p1|Indeedee-F, L50, F|\n|poke|p1|Armarouge, L50, M|\n|poke|p1|Ursaluna, L50, F|\n|poke|p1|Oranguru, L50, F|\n|poke|p1|Hatterene, L50, F|\n|poke|p1|Bruxish, L50, F|\n|poke|p2|Mimikyu, L50, F|\n|poke|p2|Snorlax, L50, M|\n|poke|p2|Gyarados, L50, F|\n|poke|p2|Talonflame, L50, F|\n|poke|p2|Golem-Alola, L50, M|\n|poke|p2|Rillaboom, L50, M|\n|teampreview|4\nGill x Mayhem rejected open team sheets.\n|\n|t:|1700508398\n|start\n|switch|p1a: Indeedee|Indeedee-F, L50, F|100\/100\n|switch|p1b: Hatterene|Hatterene, L50, F|100\/100\n|switch|p2a: reddragon|Gyarados, L50, F, shiny|100\/100\n|switch|p2b: redflying|Talonflame, L50, F|100\/100\n|-ability|p2a: reddragon|Intimidate|boost\n|-unboost|p1a: Indeedee|atk|1\n|-unboost|p1b: Hatterene|atk|1\n|-fieldstart|move: Psychic Terrain|[from] ability: Psychic Surge|[of] p1a: Indeedee\n|-enditem|p1a: Indeedee|Psychic Seed\n|-boost|p1a: Indeedee|spd|1|[from] item: Psychic Seed\n|turn|1\n|\n|t:|1700508428\n|move|p1a: Indeedee|Follow Me|p1a: Indeedee\n|-singleturn|p1a: Indeedee|move: Follow Me\n|move|p2b: redflying|Brave Bird|p1a: Indeedee\n|-activate|p1a: Indeedee|move: Psychic Terrain\n|move|p2a: reddragon|Waterfall|p1a: Indeedee\n|-damage|p1a: Indeedee|56\/100\n|move|p1b: Hatterene|Trick Room|p1b: Hatterene\n|-fieldstart|move: Trick Room|[of] p1b: Hatterene\n|\n|upkeep\n|turn|2\n|\n|t:|1700508457\n|move|p1a: Indeedee|Helping Hand|p1b: Hatterene\n|-singleturn|p1b: Hatterene|Helping Hand|[of] p1a: Indeedee\n|move|p1b: Hatterene|Psychic|p2a: reddragon\n|-damage|p2a: reddragon|0 fnt\n|faint|p2a: reddragon\n|-damage|p1b: Hatterene|91\/100|[from] item: Life Orb\n|move|p2b: redflying|Flare Blitz|p1a: Indeedee\n|-damage|p1a: Indeedee|4\/100\n|-damage|p2b: redflying|81\/100|[from] Recoil\n|\n|upkeep\n|\n|t:|1700508468\n|switch|p2a: Golem|Golem-Alola, L50, M|100\/100\n|turn|3\n|\n|t:|1700508487\n|move|p1a: Indeedee|Helping Hand|p1b: Hatterene\n|-singleturn|p1b: Hatterene|Helping Hand|[of] p1a: Indeedee\n|move|p2a: Golem|Protect|p2a: Golem\n|-singleturn|p2a: Golem|Protect\n|move|p1b: Hatterene|Psychic|p2b: redflying\n|-damage|p2b: redflying|0 fnt\n|faint|p2b: redflying\n|-damage|p1b: Hatterene|81\/100|[from] item: Life Orb\n|\n|upkeep\n|\n|t:|1700508494\n|switch|p2b: Rillaboom|Rillaboom, L50, M|100\/100\n|-fieldstart|move: Grassy Terrain|[from] ability: Grassy Surge|[of] p2b: Rillaboom\n|turn|4\n|\n|t:|1700508521\n|switch|p1a: Oranguru|Oranguru, L50, F|100\/100\n|move|p2b: Rillaboom|Grassy Glide|p1b: Hatterene\n|-damage|p1b: Hatterene|31\/100\n|move|p1b: Hatterene|Psychic|p2a: Golem\n|-damage|p2a: Golem|9\/100\n|-damage|p1b: Hatterene|21\/100|[from] item: Life Orb\n|move|p2a: Golem|Rock Blast|p1b: Hatterene\n|-damage|p1b: Hatterene|6\/100\n|-damage|p1b: Hatterene|0 fnt\n|faint|p1b: Hatterene\n|-hitcount|p1: Hatterene|2\n|\n|-heal|p2a: Golem|14\/100|[from] Grassy Terrain\n|upkeep\n|\n|t:|1700508544\n|switch|p1b: Indeedee|Indeedee-F, L50, F|4\/100\n|-fieldstart|move: Psychic Terrain|[from] ability: Psychic Surge|[of] p1b: Indeedee\n|turn|5\n|\n|t:|1700508578\n|move|p1a: Oranguru|Foul Play|p2b: Rillaboom\n|-damage|p2b: Rillaboom|58\/100\n|move|p2a: Golem|Rock Blast|p1a: Oranguru|[miss]\n|-miss|p2a: Golem|p1a: Oranguru\n|move|p1b: Indeedee|Dazzling Gleam|p2b: Rillaboom|[spread] p2a,p2b\n|-damage|p2a: Golem|0 fnt\n|-damage|p2b: Rillaboom|48\/100\n|faint|p2a: Golem\n|move|p2b: Rillaboom|Wood Hammer|p1a: Oranguru\n|-damage|p1a: Oranguru|44\/100\n|-damage|p2b: Rillaboom|27\/100|[from] Recoil\n|\n|-fieldend|move: Trick Room\n|upkeep\n|turn|6\n|-message|Ljhartman forfeited.\n|\n|win|Gill x Mayhem\n|c|\u2606Ljhartman|ggs!\n|c|\u2606Gill x Mayhem|ggs!\n|l|\u2606Ljhartman\n","uploadtime":1700508709,"views":12,"p1id":"gillxmayhem","p2id":"ljhartman","formatid":"gen9vgc2023regulatione","rating":0,"private":0,"password":""}