{"id":"gen9vgc2023regulatione-1988659459","p1":"IAmAchilles","p2":"Vengeful potato","format":"[Gen 9] VGC 2023 Regulation E","log":"|j|\u2606IAmAchilles\n|j|\u2606Vengeful potato\n|t:|1699747315\n|gametype|doubles\n|player|p1|IAmAchilles|gambler|1389\n|player|p2|Vengeful potato|swimmer|1485\n|teamsize|p1|6\n|teamsize|p2|6\n|gen|9\n|tier|[Gen 9] VGC 2023 Regulation E\n|rated|\n|rule|Species Clause: Limit one of each Pok\u00e9mon\n|rule|Item Clause: Limit one of each item\n|clearpoke\n|poke|p1|Urshifu-*, L50, F|\n|poke|p1|Arcanine-Hisui, L50, M|\n|poke|p1|Rillaboom, L50, M|\n|poke|p1|Dragonite, L50, F|\n|poke|p1|Farigiraf, L50, M|\n|poke|p1|Kingambit, L50, F|\n|poke|p2|Articuno-Galar, L50|\n|poke|p2|Maushold, L50|\n|poke|p2|Urshifu-*, L50, F|\n|poke|p2|Rillaboom, L50, M|\n|poke|p2|Heatran, L50, F|\n|poke|p2|Regidrago, L50|\n|teampreview|4\n|inactive|Battle timer is ON: inactive players will automatically lose when time's up. (requested by IAmAchilles)\n|inactive|Vengeful potato has 60 seconds left.\n|\n|t:|1699747370\n|start\n|switch|p1a: Arcanine|Arcanine-Hisui, L50, M, shiny|100\/100\n|switch|p1b: Dragonite|Dragonite, L50, F, shiny|100\/100\n|switch|p2a: The Rizzler\ud83d\ude31\ud83d\udcaf\ud83d\udde3\ufe0f|Articuno-Galar, L50, shiny|100\/100\n|switch|p2b: Despereaux|Maushold, L50, shiny|100\/100\n|-ability|p1a: Arcanine|Intimidate|boost\n|-unboost|p2a: The Rizzler\ud83d\ude31\ud83d\udcaf\ud83d\udde3\ufe0f|atk|1\n|-ability|p2a: The Rizzler\ud83d\ude31\ud83d\udcaf\ud83d\udde3\ufe0f|Competitive|boost\n|-boost|p2a: The Rizzler\ud83d\ude31\ud83d\udcaf\ud83d\udde3\ufe0f|spa|2\n|-unboost|p2b: Despereaux|atk|1\n|turn|1\n|\n|t:|1699747382\n|move|p2b: Despereaux|Follow Me|p2b: Despereaux\n|-singleturn|p2b: Despereaux|move: Follow Me\n|move|p1b: Dragonite|Extreme Speed|p2b: Despereaux\n|-damage|p2b: Despereaux|58\/100\n|-damage|p1b: Dragonite|84\/100|[from] item: Rocky Helmet|[of] p2b: Despereaux\n|move|p1a: Arcanine|Howl|p1a: Arcanine|[spread] p1a,p1b\n|-boost|p1a: Arcanine|atk|1\n|-boost|p1b: Dragonite|atk|1\n|move|p2a: The Rizzler\ud83d\ude31\ud83d\udcaf\ud83d\udde3\ufe0f|Tailwind|p2a: The Rizzler\ud83d\ude31\ud83d\udcaf\ud83d\udde3\ufe0f\n|-sidestart|p2: Vengeful potato|move: Tailwind\n|\n|upkeep\n|turn|2\n|\n|t:|1699747393\n|move|p2b: Despereaux|Follow Me|p2b: Despereaux\n|-singleturn|p2b: Despereaux|move: Follow Me\n|move|p1b: Dragonite|Extreme Speed|p2b: Despereaux\n|-damage|p2b: Despereaux|0 fnt\n|-damage|p1b: Dragonite|68\/100|[from] item: Rocky Helmet|[of] p2b: Despereaux\n|faint|p2b: Despereaux\n|move|p2a: The Rizzler\ud83d\ude31\ud83d\udcaf\ud83d\udde3\ufe0f|Freezing Glare|p1b: Dragonite\n|-damage|p1b: Dragonite|0 fnt\n|faint|p1b: Dragonite\n|move|p1a: Arcanine|Rock Slide|p2a: The Rizzler\ud83d\ude31\ud83d\udcaf\ud83d\udde3\ufe0f\n|-supereffective|p2a: The Rizzler\ud83d\ude31\ud83d\udcaf\ud83d\udde3\ufe0f\n|-damage|p2a: The Rizzler\ud83d\ude31\ud83d\udcaf\ud83d\udde3\ufe0f|20\/100\n|\n|upkeep\n|\n|t:|1699747408\n|switch|p2b: THE DRAGON BALL\ud83e\udd76|Regidrago, L50, shiny|100\/100\n|switch|p1b: Kingambit|Kingambit, L50, F|100\/100\n|turn|3\n|\n|t:|1699747419\n|move|p1b: Kingambit|Sucker Punch|p2a: The Rizzler\ud83d\ude31\ud83d\udcaf\ud83d\udde3\ufe0f\n|-supereffective|p2a: The Rizzler\ud83d\ude31\ud83d\udcaf\ud83d\udde3\ufe0f\n|-damage|p2a: The Rizzler\ud83d\ude31\ud83d\udcaf\ud83d\udde3\ufe0f|0 fnt\n|faint|p2a: The Rizzler\ud83d\ude31\ud83d\udcaf\ud83d\udde3\ufe0f\n|move|p2b: THE DRAGON BALL\ud83e\udd76|Dragon Energy|p1a: Arcanine|[spread] p1a,p1b\n|-resisted|p1b: Kingambit\n|-damage|p1a: Arcanine|7\/100\n|-damage|p1b: Kingambit|57\/100\n|move|p1a: Arcanine|Howl|p1a: Arcanine|[spread] p1a,p1b\n|-boost|p1a: Arcanine|atk|1\n|-boost|p1b: Kingambit|atk|1\n|\n|upkeep\n|\n|t:|1699747427\n|switch|p2a: Krakatoa|Heatran, L50, F, shiny|100\/100\n|turn|4\n|\n|t:|1699747440\n|-terastallize|p2a: Krakatoa|Fairy\n|-terastallize|p1b: Kingambit|Dark\n|move|p2b: THE DRAGON BALL\ud83e\udd76|Protect|p2b: THE DRAGON BALL\ud83e\udd76\n|-singleturn|p2b: THE DRAGON BALL\ud83e\udd76|Protect\n|move|p1b: Kingambit|Sucker Punch||[still]\n|-fail|p1b: Kingambit\n|move|p2a: Krakatoa|Heat Wave|p1b: Kingambit|[spread] p1a,p1b\n|-resisted|p1a: Arcanine\n|-damage|p1a: Arcanine|0 fnt\n|-damage|p1b: Kingambit|10\/100\n|faint|p1a: Arcanine\n|-damage|p2a: Krakatoa|91\/100|[from] item: Life Orb\n|\n|-sideend|p2: Vengeful potato|move: Tailwind\n|upkeep\n|\n|t:|1699747444\n|switch|p1a: Urshifu|Urshifu-Rapid-Strike, L50, F|100\/100\n|turn|5\n|\n|t:|1699747461\n|move|p1b: Kingambit|Sucker Punch|p2b: THE DRAGON BALL\ud83e\udd76\n|-damage|p2b: THE DRAGON BALL\ud83e\udd76|12\/100\n|move|p1a: Urshifu|Surging Strikes|p2a: Krakatoa\n|-crit|p2a: Krakatoa\n|-damage|p2a: Krakatoa|74\/100\n|-crit|p2a: Krakatoa\n|-damage|p2a: Krakatoa|56\/100\n|-crit|p2a: Krakatoa\n|-damage|p2a: Krakatoa|39\/100\n|-hitcount|p2a: Krakatoa|3\n|move|p2a: Krakatoa|Heat Wave|p1a: Urshifu|[spread] p1a,p1b\n|-resisted|p1a: Urshifu\n|-damage|p1a: Urshifu|64\/100\n|-damage|p1b: Kingambit|0 fnt\n|faint|p1b: Kingambit\n|-damage|p2a: Krakatoa|30\/100|[from] item: Life Orb\n|move|p2b: THE DRAGON BALL\ud83e\udd76|Dragon Energy|p1a: Urshifu\n|-damage|p1a: Urshifu|44\/100\n|\n|upkeep\n|turn|6\n|\n|t:|1699747477\n|move|p1a: Urshifu|Surging Strikes|p2b: THE DRAGON BALL\ud83e\udd76\n|-resisted|p2b: THE DRAGON BALL\ud83e\udd76\n|-crit|p2b: THE DRAGON BALL\ud83e\udd76\n|-damage|p2b: THE DRAGON BALL\ud83e\udd76|3\/100\n|-resisted|p2b: THE DRAGON BALL\ud83e\udd76\n|-crit|p2b: THE DRAGON BALL\ud83e\udd76\n|-damage|p2b: THE DRAGON BALL\ud83e\udd76|0 fnt\n|faint|p2b: THE DRAGON BALL\ud83e\udd76\n|-hitcount|p2: THE DRAGON BALL\ud83e\udd76|2\n|move|p2a: Krakatoa|Earth Power|p1a: Urshifu\n|-damage|p1a: Urshifu|0 fnt\n|faint|p1a: Urshifu\n|-damage|p2a: Krakatoa|20\/100|[from] item: Life Orb\n|\n|win|Vengeful potato\n|raw|IAmAchilles's rating: 1389 &rarr; <strong>1374<\/strong><br \/>(-15 for losing)\n|raw|Vengeful potato's rating: 1485 &rarr; <strong>1500<\/strong><br \/>(+15 for winning)\n|l|\u2606IAmAchilles\n|c|\u2606Vengeful potato|Gg\n","uploadtime":1699747487,"views":12,"p1id":"iamachilles","p2id":"vengefulpotato","formatid":"gen9vgc2023regulatione","rating":1374,"private":0,"password":""}