{"id":"gen9vgc2023regulatione-1988477040","p1":"Bolt-Beam Studios","p2":"That_Leek","format":"[Gen 9] VGC 2023 Regulation E","log":"|j|\u2606Bolt-Beam Studios\n|j|\u2606That_Leek\n|n|\u2606Bolt-Beam Studios|boltbeamstudios\n|n|\u2606That_Leek|thatleek\n|html|View the match progress at <a href=\"\/game-bestof3-gen9vgc2023regulatione-1988475478\">game-bestof3-gen9vgc2023regulatione-1988475478<\/a>\n|t:|1699727106\n|gametype|doubles\n|player|p1|Bolt-Beam Studios|courtney-gen3|\n|player|p2|That_Leek|blue|\n|teamsize|p1|6\n|teamsize|p2|6\n|gen|9\n|tier|[Gen 9] VGC 2023 Regulation E\n|rule|Species Clause: Limit one of each Pok\u00e9mon\n|rule|Item Clause: Limit one of each item\n|clearpoke\n|poke|p1|Hydreigon, L50, M|\n|poke|p1|Landorus-Therian, L50, M|\n|poke|p1|Heatran, L50, M|\n|poke|p1|Flutter Mane, L50|\n|poke|p1|Rillaboom, L50, F|\n|poke|p1|Ogerpon-Wellspring, L50, F|\n|poke|p2|Dondozo, L50, M|\n|poke|p2|Tatsugiri, L50, M|\n|poke|p2|Heatran, L50, M|\n|poke|p2|Sinistcha, L50|\n|poke|p2|Landorus-Therian, L50, M|\n|poke|p2|Flutter Mane, L50|\n|teampreview|4\n|inactive|Battle timer is ON: inactive players will automatically lose when time's up. (requested by Bolt-Beam Studios)\nThat_Leek has agreed to open team sheets.\n|\n|t:|1699727132\n|start\n|switch|p1a: Flutter Mane|Flutter Mane, L50|100\/100\n|switch|p1b: Landorus|Landorus-Therian, L50, M|100\/100\n|switch|p2a: Heatran|Heatran, L50, M|100\/100\n|switch|p2b: Tatsugiri|Tatsugiri, L50, M|100\/100\n|-ability|p1b: Landorus|Intimidate|boost\n|-unboost|p2a: Heatran|atk|1\n|-unboost|p2b: Tatsugiri|atk|1\n|turn|1\n|\n|t:|1699727147\n|move|p2b: Tatsugiri|Protect|p2b: Tatsugiri\n|-singleturn|p2b: Tatsugiri|Protect\n|move|p1b: Landorus|U-turn|p2a: Heatran\n|-resisted|p2a: Heatran\n|-damage|p2a: Heatran|95\/100\n|\n|t:|1699727154\n|switch|p1b: Kong|Rillaboom, L50, F, shiny|100\/100|[from] U-turn\n|-fieldstart|move: Grassy Terrain|[from] ability: Grassy Surge|[of] p1b: Kong\n|move|p1a: Flutter Mane|Dazzling Gleam|p2b: Tatsugiri|[spread] p2a\n|-activate|p2b: Tatsugiri|move: Protect\n|-resisted|p2a: Heatran\n|-damage|p2a: Heatran|89\/100\n|move|p2a: Heatran|Flash Cannon|p1a: Flutter Mane\n|-supereffective|p1a: Flutter Mane\n|-damage|p1a: Flutter Mane|10\/100\n|\n|-heal|p1a: Flutter Mane|16\/100|[from] Grassy Terrain\n|-heal|p2a: Heatran|95\/100|[from] Grassy Terrain\n|upkeep\n|turn|2\n|\n|t:|1699727177\n|switch|p2b: Sinistcha|Sinistcha, L50|100\/100\n|-heal|p2a: Heatran|100\/100|[from] ability: Hospitality|[of] p2b: Sinistcha\n|-terastallize|p2a: Heatran|Grass\n|move|p1a: Flutter Mane|Dazzling Gleam|p2a: Heatran|[spread] p2a,p2b\n|-damage|p2a: Heatran|76\/100\n|-damage|p2b: Sinistcha|53\/100\n|move|p1b: Kong|High Horsepower|p2a: Heatran\n|-resisted|p2a: Heatran\n|-damage|p2a: Heatran|61\/100\n|move|p2a: Heatran|Heat Wave|p1a: Flutter Mane|[spread] p1a,p1b\n|-supereffective|p1b: Kong\n|-damage|p1a: Flutter Mane|0 fnt\n|-damage|p1b: Kong|13\/100\n|faint|p1a: Flutter Mane\n|-end|p1a: Flutter Mane|Protosynthesis|[silent]\n|\n|-heal|p1b: Kong|19\/100|[from] Grassy Terrain\n|-heal|p2a: Heatran|67\/100|[from] Grassy Terrain\n|-heal|p2b: Sinistcha|59\/100|[from] Grassy Terrain\n|upkeep\n|\n|t:|1699727184\n|switch|p1a: Landorus|Landorus-Therian, L50, M|100\/100\n|-ability|p1a: Landorus|Intimidate|boost\n|-unboost|p2a: Heatran|atk|1\n|-unboost|p2b: Sinistcha|atk|1\n|turn|3\n|\n|t:|1699727196\n|switch|p1b: Ogerpon|Ogerpon-Wellspring, L50, F|100\/100\n|-terastallize|p1a: Landorus|Flying\n|move|p1a: Landorus|Tera Blast|p2a: Heatran|[anim] Tera Blast Flying\n|-supereffective|p2a: Heatran\n|-damage|p2a: Heatran|0 fnt\n|faint|p2a: Heatran\n|move|p2b: Sinistcha|Matcha Gotcha|p1b: Ogerpon|[spread] p1a,p1b\n|-resisted|p1a: Landorus\n|-damage|p1a: Landorus|81\/100\n|-heal|p2b: Sinistcha|68\/100|[from] drain|[of] p1a: Landorus\n|-damage|p1b: Ogerpon|61\/100\n|-heal|p2b: Sinistcha|89\/100|[from] drain|[of] p1b: Ogerpon\n|-status|p1b: Ogerpon|brn\n|\n|-heal|p1b: Ogerpon|67\/100 brn|[from] Grassy Terrain\n|-heal|p2b: Sinistcha|95\/100|[from] Grassy Terrain\n|-damage|p1b: Ogerpon|61\/100 brn|[from] brn\n|upkeep\n|\n|t:|1699727203\n|switch|p2a: Landorus|Landorus-Therian, L50, M|100\/100\n|-ability|p2a: Landorus|Intimidate|boost\n|-unboost|p1a: Landorus|atk|1\n|-unboost|p1b: Ogerpon|atk|1\n|turn|4\n|\n|t:|1699727211\n|move|p1b: Ogerpon|Spiky Shield|p1b: Ogerpon\n|-singleturn|p1b: Ogerpon|move: Protect\n|move|p2a: Landorus|Rock Slide|p1b: Ogerpon|[spread] p1a\n|-activate|p1b: Ogerpon|move: Protect\n|-supereffective|p1a: Landorus\n|-damage|p1a: Landorus|24\/100\n|move|p1a: Landorus|Tera Blast|p2b: Sinistcha|[anim] Tera Blast Flying\n|-supereffective|p2b: Sinistcha\n|-damage|p2b: Sinistcha|10\/100\n|move|p2b: Sinistcha|Matcha Gotcha|p1a: Landorus|[spread] p1a\n|-activate|p1b: Ogerpon|move: Protect\n|-resisted|p1a: Landorus\n|-damage|p1a: Landorus|3\/100\n|-heal|p2b: Sinistcha|20\/100|[from] drain|[of] p1a: Landorus\n|\n|-heal|p1b: Ogerpon|67\/100 brn|[from] Grassy Terrain\n|-heal|p2b: Sinistcha|26\/100|[from] Grassy Terrain\n|-damage|p1b: Ogerpon|61\/100 brn|[from] brn\n|upkeep\n|turn|5\n|\n|t:|1699727222\n|move|p2a: Landorus|Rock Slide|p1a: Landorus|[spread] p1a,p1b\n|-supereffective|p1a: Landorus\n|-damage|p1a: Landorus|0 fnt\n|-damage|p1b: Ogerpon|36\/100 brn\n|faint|p1a: Landorus\n|move|p1b: Ogerpon|Ivy Cudgel|p2a: Landorus\n|-supereffective|p2a: Landorus\n|-damage|p2a: Landorus|52\/100\n|move|p2b: Sinistcha|Matcha Gotcha|p1b: Ogerpon\n|-damage|p1b: Ogerpon|0 fnt\n|-heal|p2b: Sinistcha|45\/100|[from] drain|[of] p1b: Ogerpon\n|faint|p1b: Ogerpon\n|\n|-heal|p2b: Sinistcha|51\/100|[from] Grassy Terrain\n|-fieldend|move: Grassy Terrain\n|upkeep\n|\n|t:|1699727224\n|switch|p1a: Kong|Rillaboom, L50, F, shiny|19\/100\n|-fieldstart|move: Grassy Terrain|[from] ability: Grassy Surge|[of] p1a: Kong\n|turn|6\n|-message|Bolt-Beam Studios forfeited.\n|\n|win|That_Leek\n|c|&|\/uhtml prompt-thatleek,That_Leek is ready for game 3!\n|c|&|\/uhtml prompt-boltbeamstudios,Bolt-Beam Studios is ready for game 3!\nBoth players are ready! Starting next match!\n|l|\u2606Bolt-Beam Studios\n","uploadtime":1699727232,"views":12,"p1id":"boltbeamstudios","p2id":"thatleek","formatid":"gen9vgc2023regulatione","rating":0,"private":0,"password":""}