{"id":"gen9vgc2023regulatione-1990946586","p1":"hjgklm3k","p2":"Playeroftheone1","format":"[Gen 9] VGC 2023 Regulation E","log":"|j|\u2606hjgklm3k\n|j|\u2606Playeroftheone1\n|t:|1700018315\n|gametype|doubles\n|player|p1|hjgklm3k|1|1234\n|player|p2|Playeroftheone1|veteran|1328\n|teamsize|p1|6\n|teamsize|p2|4\n|gen|9\n|tier|[Gen 9] VGC 2023 Regulation E\n|rated|\n|rule|Species Clause: Limit one of each Pok\u00e9mon\n|rule|Item Clause: Limit one of each item\n|clearpoke\n|poke|p1|Tornadus, L50, M|\n|poke|p1|Ogerpon-Hearthflame, L50, F|\n|poke|p1|Flutter Mane, L50|\n|poke|p1|Dragonite, L50, M|\n|poke|p1|Chi-Yu, L50|\n|poke|p1|Iron Bundle, L50|\n|poke|p2|Armarouge, L50, F|\n|poke|p2|Indeedee-F, L50, F|\n|poke|p2|Dondozo, L50, M|\n|poke|p2|Tatsugiri, L50, M|\n|teampreview|4\n|\n|t:|1700018353\n|start\n|switch|p1a: Ogerpon|Ogerpon-Hearthflame, L50, F|100\/100\n|switch|p1b: Iron Bundle|Iron Bundle, L50|100\/100\n|switch|p2a: Tatsugiri|Tatsugiri, L50, M, shiny|100\/100\n|switch|p2b: Dondozo|Dondozo, L50, M, shiny|100\/100\n|-activate|p2a: Tatsugiri|ability: Commander|[of] p2b: Dondozo\n|-boost|p2b: Dondozo|atk|2\n|-boost|p2b: Dondozo|spa|2\n|-boost|p2b: Dondozo|spe|2\n|-boost|p2b: Dondozo|def|2\n|-boost|p2b: Dondozo|spd|2\n|-ability|p1a: Ogerpon|Mold Breaker\n|-enditem|p1b: Iron Bundle|Booster Energy\n|-activate|p1b: Iron Bundle|ability: Quark Drive|[fromitem]\n|-start|p1b: Iron Bundle|quarkdrivespe\n|turn|1\n|\n|t:|1700018381\n|move|p1b: Iron Bundle|Freeze-Dry|p2b: Dondozo\n|-supereffective|p2b: Dondozo\n|-damage|p2b: Dondozo|65\/100\n|-status|p2b: Dondozo|frz\n|move|p1a: Ogerpon|Horn Leech|p2b: Dondozo\n|-supereffective|p2b: Dondozo\n|-damage|p2b: Dondozo|34\/100 frz\n|cant|p2b: Dondozo|frz\n|\n|-heal|p2b: Dondozo|41\/100 frz|[from] item: Leftovers\n|upkeep\n|turn|2\n|\n|t:|1700018397\n|move|p1b: Iron Bundle|Freeze-Dry|p2b: Dondozo\n|-supereffective|p2b: Dondozo\n|-damage|p2b: Dondozo|5\/100 frz\n|move|p1a: Ogerpon|Horn Leech|p2b: Dondozo\n|-supereffective|p2b: Dondozo\n|-damage|p2b: Dondozo|0 fnt\n|faint|p2b: Dondozo\n|\n|upkeep\n|\n|t:|1700018405\n|switch|p2b: Indeedee|Indeedee-F, L50, F, shiny|100\/100\n|-fieldstart|move: Psychic Terrain|[from] ability: Psychic Surge|[of] p2b: Indeedee\n|-enditem|p2b: Indeedee|Psychic Seed\n|-boost|p2b: Indeedee|spd|1|[from] item: Psychic Seed\n|turn|3\n|\n|t:|1700018433\n|move|p1b: Iron Bundle|Freeze-Dry|p2a: Tatsugiri\n|-supereffective|p2a: Tatsugiri\n|-damage|p2a: Tatsugiri|0 fnt\n|faint|p2a: Tatsugiri\n|move|p1a: Ogerpon|Ivy Cudgel|p2b: Indeedee|[anim] Ivy Cudgel Fire\n|-damage|p2b: Indeedee|20\/100\n|move|p2b: Indeedee|Dazzling Gleam|p1b: Iron Bundle|[spread] p1a,p1b\n|-resisted|p1a: Ogerpon\n|-damage|p1a: Ogerpon|93\/100\n|-damage|p1b: Iron Bundle|73\/100\n|\n|upkeep\n|\n|t:|1700018442\n|switch|p2a: Armarouge|Armarouge, L50, F, shiny|100\/100\n|turn|4\n|\n|t:|1700018451\n|-terastallize|p2a: Armarouge|Psychic\n|move|p2b: Indeedee|Helping Hand|p2a: Armarouge\n|-singleturn|p2a: Armarouge|Helping Hand|[of] p2b: Indeedee\n|move|p1b: Iron Bundle|Icy Wind|p2a: Armarouge|[spread] p2a,p2b\n|-damage|p2a: Armarouge|72\/100\n|-damage|p2b: Indeedee|8\/100\n|-unboost|p2a: Armarouge|spe|1\n|-unboost|p2b: Indeedee|spe|1\n|move|p1a: Ogerpon|Stomping Tantrum|p2a: Armarouge\n|-damage|p2a: Armarouge|39\/100\n|move|p2a: Armarouge|Expanding Force|p1b: Iron Bundle|[spread] p1a,p1b\n|-damage|p1a: Ogerpon|0 fnt\n|-damage|p1b: Iron Bundle|0 fnt\n|faint|p1a: Ogerpon\n|faint|p1b: Iron Bundle\n|-end|p1b: Iron Bundle|Quark Drive|[silent]\n|\n|upkeep\n|\n|t:|1700018462\n|switch|p1b: Flutter Mane|Flutter Mane, L50|100\/100\n|switch|p1a: Chi-Yu|Chi-Yu, L50|100\/100\n|-ability|p1a: Chi-Yu|Beads of Ruin\n|turn|5\n|\n|t:|1700018472\n|move|p1b: Flutter Mane|Dazzling Gleam|p2b: Indeedee|[spread] p2a,p2b\n|-damage|p2a: Armarouge|0 fnt\n|-damage|p2b: Indeedee|0 fnt\n|faint|p2a: Armarouge\n|faint|p2b: Indeedee\n|\n|win|hjgklm3k\n|raw|hjgklm3k's rating: 1234 &rarr; <strong>1266<\/strong><br \/>(+32 for winning)\n|raw|Playeroftheone1's rating: 1328 &rarr; <strong>1303<\/strong><br \/>(-25 for losing)\n|l|\u2606Playeroftheone1\n","uploadtime":1700018482,"views":12,"p1id":"hjgklm3k","p2id":"playeroftheone1","formatid":"gen9vgc2023regulatione","rating":1266,"private":0,"password":""}