{"id":"gen9vgc2023regulatione-1990981312","p1":"sakurawa sumi","p2":"AXELLARAMENA","format":"[Gen 9] VGC 2023 Regulation E","log":"|j|\u2606sakurawa sumi\n|j|\u2606AXELLARAMENA\n|t:|1700022912\n|gametype|doubles\n|player|p1|sakurawa sumi|hexmaniac-gen6|1090\n|player|p2|AXELLARAMENA|1|1073\n|teamsize|p1|6\n|teamsize|p2|6\n|gen|9\n|tier|[Gen 9] VGC 2023 Regulation E\n|rated|\n|rule|Species Clause: Limit one of each Pok\u00e9mon\n|rule|Item Clause: Limit one of each item\n|clearpoke\n|poke|p1|Snorlax, L50, F|\n|poke|p1|Sinistcha-Masterpiece, L50|\n|poke|p1|Landorus-Therian, L50, M|\n|poke|p1|Iron Hands, L50|\n|poke|p1|Clefairy, L50, F|\n|poke|p1|Kommo-o, L50, F|\n|poke|p2|Torterra, L50, M|\n|poke|p2|Sinistcha, L50|\n|poke|p2|Grumpig, L50, F|\n|poke|p2|Talonflame, L50, F|\n|poke|p2|Ursaluna-Bloodmoon, L50, M|\n|poke|p2|Indeedee-F, L50, F|\n|teampreview|4\n|l|\u2606sakurawa sumi\n|player|p1|\n|j|\u2606sakurawa sumi\n|player|p1|sakurawa sumi|hexmaniac-gen6\n|inactive|Battle timer is ON: inactive players will automatically lose when time's up. (requested by sakurawa sumi)\n|\n|t:|1700022950\n|start\n|switch|p1a: Kommo-o|Kommo-o, L50, F|100\/100\n|switch|p1b: Iron Hands|Iron Hands, L50|100\/100\n|switch|p2a: Grumpig|Grumpig, L50, F, shiny|100\/100\n|switch|p2b: Indeedee|Indeedee-F, L50, F|100\/100\n|-fieldstart|move: Psychic Terrain|[from] ability: Psychic Surge|[of] p2b: Indeedee\n|-enditem|p2b: Indeedee|Psychic Seed\n|-boost|p2b: Indeedee|spd|1|[from] item: Psychic Seed\n|turn|1\n|inactive|AXELLARAMENA has 30 seconds left.\n|\n|t:|1700022975\n|-end|p1b: Iron Hands|Quark Drive|[silent]\n|switch|p1b: Clefairy|Clefairy, L50, F|100\/100\n|-terastallize|p1a: Kommo-o|Steel\n|move|p1a: Kommo-o|Clangorous Soul|p1a: Kommo-o\n|-boost|p1a: Kommo-o|atk|1\n|-boost|p1a: Kommo-o|def|1\n|-boost|p1a: Kommo-o|spa|1\n|-boost|p1a: Kommo-o|spd|1\n|-boost|p1a: Kommo-o|spe|1\n|-damage|p1a: Kommo-o|68\/100\n|-enditem|p1a: Kommo-o|Throat Spray\n|-boost|p1a: Kommo-o|spa|1|[from] item: Throat Spray\n|move|p2a: Grumpig|Taunt|p1a: Kommo-o\n|-start|p1a: Kommo-o|move: Taunt\n|move|p2b: Indeedee|Trick Room|p2b: Indeedee\n|-fieldstart|move: Trick Room|[of] p2b: Indeedee\n|\n|upkeep\n|turn|2\n|inactive|sakurawa sumi has 30 seconds left.\n|\n|t:|1700023006\n|switch|p2b: Ursaluna|Ursaluna-Bloodmoon, L50, M|100\/100\n|move|p1b: Clefairy|Heal Pulse|p1a: Kommo-o\n|-heal|p1a: Kommo-o|100\/100\n|move|p2a: Grumpig|Simple Beam|p2b: Ursaluna\n|-endability|p2b: Ursaluna|Mind's Eye|[from] move: Simple Beam\n|-ability|p2b: Ursaluna|Simple|[from] move: Simple Beam\n|move|p1a: Kommo-o|Flash Cannon|p2a: Grumpig\n|-damage|p2a: Grumpig|41\/100\n|\n|upkeep\n|turn|3\n|inactive|AXELLARAMENA has 30 seconds left.\n|\n|t:|1700023032\n|move|p1b: Clefairy|Follow Me|p1b: Clefairy\n|-singleturn|p1b: Clefairy|move: Follow Me\n|move|p2b: Ursaluna|Calm Mind|p2b: Ursaluna\n|-boost|p2b: Ursaluna|spa|2\n|-boost|p2b: Ursaluna|spd|2\n|move|p2a: Grumpig|Taunt|p1b: Clefairy\n|-start|p1b: Clefairy|move: Taunt\n|move|p1a: Kommo-o|Flash Cannon|p2b: Ursaluna\n|-damage|p2b: Ursaluna|62\/100\n|\n|upkeep\n|turn|4\n|\n|t:|1700023049\n|switch|p1b: Iron Hands|Iron Hands, L50|100\/100\n|switch|p2a: Sinistcha|Sinistcha, L50, shiny|100\/100\n|-heal|p2b: Ursaluna|87\/100|[from] ability: Hospitality|[of] p2a: Sinistcha\n|move|p2b: Ursaluna|Calm Mind|p2b: Ursaluna\n|-boost|p2b: Ursaluna|spa|2\n|-boost|p2b: Ursaluna|spd|2\n|move|p1a: Kommo-o|Clanging Scales|p2a: Sinistcha|[spread] p2a,p2b\n|-damage|p2a: Sinistcha|25\/100\n|-damage|p2b: Ursaluna|60\/100\n|-unboost|p1a: Kommo-o|def|1\n|\n|-end|p1a: Kommo-o|move: Taunt\n|upkeep\n|turn|5\n|inactive|AXELLARAMENA has 30 seconds left.\n|inactive|AXELLARAMENA has 20 seconds left.\n|\n|t:|1700023086\n|-end|p1b: Iron Hands|Quark Drive|[silent]\n|switch|p1b: Clefairy|Clefairy, L50, F|100\/100\n|move|p1a: Kommo-o|Protect|p1a: Kommo-o\n|-singleturn|p1a: Kommo-o|Protect\n|move|p2b: Ursaluna|Hyper Voice|p1a: Kommo-o|[spread] p1b\n|-activate|p1a: Kommo-o|move: Protect\n|-damage|p1b: Clefairy|0 fnt\n|faint|p1b: Clefairy\n|-enditem|p2b: Ursaluna|Throat Spray\n|-boost|p2b: Ursaluna|spa|2|[from] item: Throat Spray\n|move|p2a: Sinistcha|Life Dew|p2a: Sinistcha|[spread] p2a,p2b\n|-heal|p2a: Sinistcha|50\/100\n|-heal|p2b: Ursaluna|85\/100\n|\n|-fieldend|move: Trick Room\n|-fieldend|move: Psychic Terrain\n|upkeep\n|\n|t:|1700023106\n|switch|p1b: Iron Hands|Iron Hands, L50|100\/100\n|turn|6\n|\n|t:|1700023115\n|move|p2b: Ursaluna|Protect|p2b: Ursaluna\n|-singleturn|p2b: Ursaluna|Protect\n|move|p1b: Iron Hands|Fake Out|p2b: Ursaluna\n|-activate|p2b: Ursaluna|move: Protect\n|move|p1a: Kommo-o|Clanging Scales|p2b: Ursaluna|[spread] p2a\n|-activate|p2b: Ursaluna|move: Protect\n|-damage|p2a: Sinistcha|0 fnt\n|faint|p2a: Sinistcha\n|-unboost|p1a: Kommo-o|def|1\n|\n|upkeep\n|inactive|AXELLARAMENA has 30 seconds left.\n|\n|t:|1700023146\n|switch|p2a: Indeedee|Indeedee-F, L50, F|100\/100\n|-fieldstart|move: Psychic Terrain|[from] ability: Psychic Surge|[of] p2a: Indeedee\n|turn|7\n|\n|t:|1700023164\n|-terastallize|p2b: Ursaluna|Fairy\n|move|p1a: Kommo-o|Clanging Scales|p2b: Ursaluna|[spread] p2a\n|-immune|p2b: Ursaluna\n|-damage|p2a: Indeedee|42\/100\n|-unboost|p1a: Kommo-o|def|1\n|move|p1b: Iron Hands|Drain Punch|p2b: Ursaluna\n|-resisted|p2b: Ursaluna\n|-damage|p2b: Ursaluna|69\/100\n|move|p2b: Ursaluna|Earth Power|p1a: Kommo-o\n|-supereffective|p1a: Kommo-o\n|-damage|p1a: Kommo-o|0 fnt\n|faint|p1a: Kommo-o\n|move|p2a: Indeedee|Trick Room|p2a: Indeedee\n|-fieldstart|move: Trick Room|[of] p2a: Indeedee\n|\n|upkeep\n|\n|t:|1700023180\n|switch|p1a: Sinistcha|Sinistcha-Masterpiece, L50|100\/100\n|turn|8\n|\n|t:|1700023196\n|move|p2b: Ursaluna|Earth Power|p1b: Iron Hands\n|-supereffective|p1b: Iron Hands\n|-damage|p1b: Iron Hands|0 fnt\n|faint|p1b: Iron Hands\n|-end|p1b: Iron Hands|Quark Drive|[silent]\n|move|p2a: Indeedee|Heal Pulse|p2b: Ursaluna\n|-heal|p2b: Ursaluna|100\/100\n|move|p1a: Sinistcha|Trick Room|p1a: Sinistcha\n|-fieldend|move: Trick Room\n|\n|upkeep\n|turn|9\n|\n|t:|1700023211\n|move|p1a: Sinistcha|Matcha Gotcha|p2a: Indeedee|[spread] p2b\n|-miss|p1a: Sinistcha|p2a: Indeedee\n|-damage|p2b: Ursaluna|92\/100\n|move|p2b: Ursaluna|Earth Power|p1a: Sinistcha\n|-resisted|p1a: Sinistcha\n|-damage|p1a: Sinistcha|4\/100\n|move|p2a: Indeedee|Trick Room|p2a: Indeedee\n|-fieldstart|move: Trick Room|[of] p2a: Indeedee\n|\n|upkeep\n|turn|10\n|-message|sakurawa sumi forfeited.\n|\n|win|AXELLARAMENA\n|raw|sakurawa sumi's rating: 1090 &rarr; <strong>1065<\/strong><br \/>(-25 for losing)\n|raw|AXELLARAMENA's rating: 1073 &rarr; <strong>1103<\/strong><br \/>(+30 for winning)\n|l|\u2606sakurawa sumi\n","uploadtime":1700023227,"views":8,"p1id":"sakurawasumi","p2id":"axellaramena","formatid":"gen9vgc2023regulatione","rating":1065,"private":0,"password":""}