{"id":"gen9vgc2023regulatione-1991389891","p1":"doormattyy","p2":"GAMINGCAT98Studios","format":"[Gen 9] VGC 2023 Regulation E","log":"|j|\u2606doormattyy\n|j|\u2606GAMINGCAT98Studios\n|t:|1700073082\n|gametype|doubles\n|player|p1|doormattyy|1|1124\n|player|p2|GAMINGCAT98Studios|101|1022\n|teamsize|p1|6\n|teamsize|p2|6\n|gen|9\n|tier|[Gen 9] VGC 2023 Regulation E\n|rated|\n|rule|Species Clause: Limit one of each Pok\u00e9mon\n|rule|Item Clause: Limit one of each item\n|clearpoke\n|poke|p1|Fezandipiti, L50, M|\n|poke|p1|Sableye, L50, F|\n|poke|p1|Landorus-Therian, L50, M|\n|poke|p1|Milotic, L50, F|\n|poke|p1|Rillaboom, L50, F|\n|poke|p1|Urshifu-*, L50, F|\n|poke|p2|Dragapult, L50, F|\n|poke|p2|Glimmora, L50, M|\n|poke|p2|Kingambit, L50, F|\n|poke|p2|Scream Tail, L50|\n|poke|p2|Ribombee, L50, M|\n|poke|p2|Ogerpon-Wellspring, L50, F|\n|teampreview|4\ndoormattyy rejected open team sheets.\n|inactive|Battle timer is ON: inactive players will automatically lose when time's up. (requested by doormattyy)\n|\n|t:|1700073112\n|start\n|switch|p1a: Sableye|Sableye, L50, F|100\/100\n|switch|p1b: Rillaboom|Rillaboom, L50, F|100\/100\n|switch|p2a: Dragapult|Dragapult, L50, F|100\/100\n|switch|p2b: Glimmora|Glimmora, L50, M|100\/100\n|-item|p2b: Glimmora|Air Balloon\n|-fieldstart|move: Grassy Terrain|[from] ability: Grassy Surge|[of] p1b: Rillaboom\n|turn|1\n|\n|t:|1700073136\n|switch|p1b: Milotic|Milotic, L50, F|100\/100\n|move|p1a: Sableye|Gravity|p1a: Sableye\n|-fieldstart|move: Gravity\n|move|p2b: Glimmora|Rock Slide|p1b: Milotic|[spread] p1a,p1b\n|-damage|p1a: Sableye|83\/100\n|-damage|p1b: Milotic|86\/100\n|move|p2a: Dragapult|Dragon Tail|p1b: Milotic\n|-damage|p1b: Milotic|58\/100\n|drag|p1b: Rillaboom|Rillaboom, L50, F|100\/100\n|\n|-heal|p1a: Sableye|88\/100|[from] Grassy Terrain\n|upkeep\n|turn|2\n|\n|t:|1700073161\n|move|p1b: Rillaboom|Grassy Glide|p2a: Dragapult\n|-resisted|p2a: Dragapult\n|-damage|p2a: Dragapult|72\/100\n|move|p1a: Sableye|Encore|p2b: Glimmora\n|-start|p2b: Glimmora|Encore\n|move|p2a: Dragapult|Dragon Darts|p1a: Sableye\n|-damage|p1a: Sableye|62\/100\n|-anim|p2a: Dragapult|Dragon Darts|p1b: Rillaboom\n|-damage|p1b: Rillaboom|71\/100\n|move|p2b: Glimmora|Rock Slide|p1b: Rillaboom|[spread] p1a,p1b\n|-damage|p1a: Sableye|42\/100\n|-damage|p1b: Rillaboom|53\/100\n|\n|-heal|p2a: Dragapult|78\/100|[from] Grassy Terrain\n|-heal|p1b: Rillaboom|59\/100|[from] Grassy Terrain\n|-heal|p1a: Sableye|48\/100|[from] Grassy Terrain\n|upkeep\n|turn|3\n|\n|t:|1700073185\n|switch|p1a: Milotic|Milotic, L50, F|58\/100\n|move|p1b: Rillaboom|Grassy Glide|p2a: Dragapult\n|-resisted|p2a: Dragapult\n|-damage|p2a: Dragapult|48\/100\n|move|p2a: Dragapult|Phantom Force||[still]\n|-prepare|p2a: Dragapult|Phantom Force\n|move|p2b: Glimmora|Rock Slide|p1a: Milotic|[spread] p1a,p1b\n|-damage|p1a: Milotic|42\/100\n|-damage|p1b: Rillaboom|39\/100\n|-enditem|p1a: Milotic|Sitrus Berry|[eat]\n|-heal|p1a: Milotic|67\/100|[from] item: Sitrus Berry\n|\n|-heal|p1b: Rillaboom|45\/100|[from] Grassy Terrain\n|-heal|p1a: Milotic|73\/100|[from] Grassy Terrain\n|upkeep\n|turn|4\n|\n|t:|1700073207\n|switch|p1b: Urshifu|Urshifu, L50, F|100\/100\n|move|p2a: Dragapult|Phantom Force|p1a: Milotic|[from]lockedmove\n|-damage|p1a: Milotic|35\/100\n|move|p2b: Glimmora|Rock Slide|p1b: Urshifu|[spread] p1a,p1b\n|-crit|p1a: Milotic\n|-resisted|p1b: Urshifu\n|-damage|p1a: Milotic|12\/100\n|-damage|p1b: Urshifu|91\/100\n|move|p1a: Milotic|Hypnosis|p2b: Glimmora\n|-status|p2b: Glimmora|slp|[from] move: Hypnosis\n|\n|-heal|p2a: Dragapult|54\/100|[from] Grassy Terrain\n|-heal|p1b: Urshifu|97\/100|[from] Grassy Terrain\n|-heal|p1a: Milotic|18\/100|[from] Grassy Terrain\n|-end|p2b: Glimmora|Encore\n|upkeep\n|turn|5\n|inactive|GAMINGCAT98Studios has 30 seconds left.\n|\n|t:|1700073239\n|move|p1b: Urshifu|Wicked Blow|p2a: Dragapult\n|-supereffective|p2a: Dragapult\n|-crit|p2a: Dragapult\n|-damage|p2a: Dragapult|0 fnt\n|faint|p2a: Dragapult\n|cant|p2b: Glimmora|slp\n|move|p1a: Milotic|Hydro Pump|p2b: Glimmora\n|-supereffective|p2b: Glimmora\n|-damage|p2b: Glimmora|0 fnt\n|-enditem|p2b: Glimmora|Air Balloon\n|faint|p2b: Glimmora\n|\n|-heal|p1b: Urshifu|100\/100|[from] Grassy Terrain\n|-heal|p1a: Milotic|23\/100|[from] Grassy Terrain\n|-fieldend|move: Gravity\n|-fieldend|move: Grassy Terrain\n|upkeep\n|\n|t:|1700073246\n|switch|p2a: Scream Tail|Scream Tail, L50|100\/100\n|switch|p2b: Ribombee|Ribombee, L50, M|100\/100\n|turn|6\n|\n|t:|1700073260\n|switch|p1a: Sableye|Sableye, L50, F|48\/100\n|-terastallize|p1b: Urshifu|Poison\n|move|p2b: Ribombee|Pollen Puff|p1b: Urshifu\n|-resisted|p1b: Urshifu\n|-damage|p1b: Urshifu|72\/100\n|move|p1b: Urshifu|Poison Jab|p2b: Ribombee\n|-supereffective|p2b: Ribombee\n|-damage|p2b: Ribombee|0 fnt\n|faint|p2b: Ribombee\n|move|p2a: Scream Tail|Bulk Up|p2a: Scream Tail\n|-boost|p2a: Scream Tail|atk|1\n|-boost|p2a: Scream Tail|def|1\n|\n|upkeep\n|turn|7\n|\n|t:|1700073282\n|move|p1a: Sableye|Fake Out|p2a: Scream Tail\n|-damage|p2a: Scream Tail|97\/100\n|move|p1b: Urshifu|Wicked Blow|p2a: Scream Tail\n|-crit|p2a: Scream Tail\n|-damage|p2a: Scream Tail|48\/100\n|cant|p2a: Scream Tail|flinch\n|\n|upkeep\n|turn|8\n|\n|t:|1700073293\n|move|p1a: Sableye|Encore|p2a: Scream Tail\n|-start|p2a: Scream Tail|Encore\n|move|p1b: Urshifu|Poison Jab|p2a: Scream Tail\n|-supereffective|p2a: Scream Tail\n|-damage|p2a: Scream Tail|9\/100\n|-status|p2a: Scream Tail|psn\n|-enditem|p2a: Scream Tail|Wiki Berry|[eat]\n|-heal|p2a: Scream Tail|42\/100 psn|[from] item: Wiki Berry\n|move|p2a: Scream Tail|Bulk Up|p2a: Scream Tail\n|-boost|p2a: Scream Tail|atk|1\n|-boost|p2a: Scream Tail|def|1\n|\n|-damage|p2a: Scream Tail|30\/100 psn|[from] psn\n|upkeep\n|turn|9\n|\n|t:|1700073308\n|move|p1a: Sableye|Taunt|p2a: Scream Tail\n|-start|p2a: Scream Tail|move: Taunt\n|move|p1b: Urshifu|Wicked Blow|p2a: Scream Tail\n|-crit|p2a: Scream Tail\n|-damage|p2a: Scream Tail|0 fnt\n|faint|p2a: Scream Tail\n|-end|p2a: Scream Tail|Protosynthesis|[silent]\n|\n|win|doormattyy\n|raw|doormattyy's rating: 1124 &rarr; <strong>1142<\/strong><br \/>(+18 for winning)\n|raw|GAMINGCAT98Studios's rating: 1022 &rarr; <strong>1012<\/strong><br \/>(-10 for losing)\n|l|\u2606GAMINGCAT98Studios\n","uploadtime":1700073464,"views":14,"p1id":"doormattyy","p2id":"gamingcat98studios","formatid":"gen9vgc2023regulatione","rating":1012,"private":0,"password":""}