{"id":"gen9vgc2023regulatione-1995272047","p1":"AManFromHisui","p2":"Perjutsu545","format":"[Gen 9] VGC 2023 Regulation E","log":"|j|\u2606AManFromHisui\n|j|\u2606Perjutsu545\n|t:|1700544676\n|gametype|doubles\n|player|p1|AManFromHisui|adaman|1145\n|player|p2|Perjutsu545|brawly|1238\n|teamsize|p1|6\n|teamsize|p2|6\n|gen|9\n|tier|[Gen 9] VGC 2023 Regulation E\n|rated|\n|rule|Species Clause: Limit one of each Pok\u00e9mon\n|rule|Item Clause: Limit one of each item\n|clearpoke\n|poke|p1|Tornadus, L50, M|\n|poke|p1|Urshifu-*, L50, F|\n|poke|p1|Flutter Mane, L50|\n|poke|p1|Arcanine-Hisui, L50, M|\n|poke|p1|Rillaboom, L50, F|\n|poke|p1|Gholdengo, L50|\n|poke|p2|Kingambit, L50, M|\n|poke|p2|Rillaboom, L50, F|\n|poke|p2|Chandelure, L50, F|\n|poke|p2|Iron Bundle, L50|\n|poke|p2|Landorus-Therian, L50, M|\n|poke|p2|Forretress, L50, M|\n|teampreview|4\n|inactive|Battle timer is ON: inactive players will automatically lose when time's up. (requested by AManFromHisui)\n|inactive|AManFromHisui has 60 seconds left.\n|inactive|Perjutsu545 has 60 seconds left.\n|inactive|AManFromHisui has 30 seconds left.\n|inactive|Perjutsu545 has 30 seconds left.\n|inactive|AManFromHisui has 20 seconds left.\n|inactive|Perjutsu545 has 20 seconds left.\n|inactive|AManFromHisui has 15 seconds left.\n|inactive|AManFromHisui has 10 seconds left.\n|inactive|AManFromHisui has 5 seconds left.\n|\n|t:|1700544766\n|start\n|switch|p1a: Tornadus|Tornadus, L50, M|100\/100\n|switch|p1b: Urshifu|Urshifu-Rapid-Strike, L50, F|100\/100\n|switch|p2a: Gholdenslo|Forretress, L50, M, shiny|100\/100\n|switch|p2b: Rillaboom|Rillaboom, L50, F|100\/100\n|-fieldstart|move: Grassy Terrain|[from] ability: Grassy Surge|[of] p2b: Rillaboom\n|turn|1\n|inactive|Perjutsu545 has 30 seconds left.\n|\n|t:|1700544796\n|move|p1b: Urshifu|Detect|p1b: Urshifu\n|-singleturn|p1b: Urshifu|Protect\n|move|p1a: Tornadus|Taunt|p2a: Gholdenslo\n|-start|p2a: Gholdenslo|move: Taunt\n|move|p2b: Rillaboom|Grassy Glide|p1b: Urshifu\n|-activate|p1b: Urshifu|move: Protect\n|cant|p2a: Gholdenslo|move: Taunt|Toxic Spikes\n|\n|upkeep\n|turn|2\n|\n|t:|1700544817\n|switch|p1b: Arcanine|Arcanine-Hisui, L50, M|100\/100\n|-ability|p1b: Arcanine|Intimidate|boost\n|-unboost|p2a: Gholdenslo|atk|1\n|-unboost|p2b: Rillaboom|atk|1\n|move|p1a: Tornadus|Bleakwind Storm|p2b: Rillaboom|[spread] p2a,p2b\n|-supereffective|p2b: Rillaboom\n|-crit|p2b: Rillaboom\n|-damage|p2a: Gholdenslo|54\/100\n|-damage|p2b: Rillaboom|22\/100\n|-unboost|p2a: Gholdenslo|spe|1\n|move|p2b: Rillaboom|U-turn|p1b: Arcanine\n|-resisted|p1b: Arcanine\n|-damage|p1b: Arcanine|90\/100\n|\n|t:|1700544830\n|switch|p2b: Washington|Landorus-Therian, L50, M|100\/100|[from] U-turn\n|-ability|p2b: Washington|Intimidate|boost\n|-unboost|p1a: Tornadus|atk|1\n|-unboost|p1b: Arcanine|atk|1\n|move|p2a: Gholdenslo|Gyro Ball|p1a: Tornadus\n|-damage|p1a: Tornadus|63\/100\n|\n|-heal|p1b: Arcanine|96\/100|[from] Grassy Terrain\n|-heal|p2a: Gholdenslo|60\/100|[from] Grassy Terrain\n|-heal|p2a: Gholdenslo|66\/100|[from] item: Leftovers\n|upkeep\n|turn|3\n|inactive|Perjutsu545 has 30 seconds left.\n|\n|t:|1700544862\n|switch|p1b: Urshifu|Urshifu-Rapid-Strike, L50, F|100\/100\n|-terastallize|p2b: Washington|Flying\n|move|p1a: Tornadus|Tailwind|p1a: Tornadus\n|-sidestart|p1: AManFromHisui|move: Tailwind\n|move|p2b: Washington|Tera Blast|p1b: Urshifu|[anim] Tera Blast Flying\n|-supereffective|p1b: Urshifu\n|-damage|p1b: Urshifu|0 fnt\n|faint|p1b: Urshifu\n|move|p2a: Gholdenslo|Gyro Ball|p1a: Tornadus\n|-crit|p1a: Tornadus\n|-damage|p1a: Tornadus|0 fnt\n|faint|p1a: Tornadus\n|\n|-heal|p2a: Gholdenslo|72\/100|[from] Grassy Terrain\n|-heal|p2a: Gholdenslo|78\/100|[from] item: Leftovers\n|-end|p2a: Gholdenslo|move: Taunt\n|upkeep\n|\n|t:|1700544882\n|switch|p1a: Arcanine|Arcanine-Hisui, L50, M|96\/100\n|switch|p1b: Flutter Mane|Flutter Mane, L50, shiny|100\/100\n|-ability|p1a: Arcanine|Intimidate|boost\n|-unboost|p2a: Gholdenslo|atk|1\n|-unboost|p2b: Washington|atk|1\n|-enditem|p1b: Flutter Mane|Booster Energy\n|-activate|p1b: Flutter Mane|ability: Protosynthesis|[fromitem]\n|-start|p1b: Flutter Mane|protosynthesisspa\n|turn|4\n|\n|t:|1700544899\n|-terastallize|p1b: Flutter Mane|Steel\n|move|p1b: Flutter Mane|Moonblast|p2b: Washington\n|-damage|p2b: Washington|20\/100\n|move|p1a: Arcanine|Flare Blitz|p2a: Gholdenslo\n|-supereffective|p2a: Gholdenslo\n|-damage|p2a: Gholdenslo|0 fnt\n|faint|p2a: Gholdenslo\n|-damage|p1a: Arcanine|70\/100|[from] Recoil\n|move|p2b: Washington|Tera Blast|p1b: Flutter Mane|[anim] Tera Blast Flying\n|-resisted|p1b: Flutter Mane\n|-damage|p1b: Flutter Mane|61\/100\n|\n|-heal|p1b: Flutter Mane|67\/100|[from] Grassy Terrain\n|-heal|p1a: Arcanine|76\/100|[from] Grassy Terrain\n|upkeep\n|inactive|Perjutsu545 has 30 seconds left.\n|\n|t:|1700544927\n|switch|p2a: Lampire|Chandelure, L50, F, shiny|100\/100\n|turn|5\n|\n|t:|1700544946\n|move|p1b: Flutter Mane|Shadow Ball|p2a: Lampire\n|-supereffective|p2a: Lampire\n|-enditem|p2a: Lampire|Focus Sash\n|-damage|p2a: Lampire|1\/100\n|move|p1a: Arcanine|Flare Blitz|p2b: Washington\n|-damage|p2b: Washington|0 fnt\n|faint|p2b: Washington\n|-damage|p1a: Arcanine|70\/100|[from] Recoil\n|move|p2a: Lampire|Heat Wave|p1a: Arcanine|[spread] p1a,p1b\n|-resisted|p1a: Arcanine\n|-supereffective|p1b: Flutter Mane\n|-damage|p1a: Arcanine|58\/100\n|-damage|p1b: Flutter Mane|0 fnt\n|faint|p1b: Flutter Mane\n|-end|p1b: Flutter Mane|Protosynthesis|[silent]\n|\n|-heal|p1a: Arcanine|64\/100|[from] Grassy Terrain\n|-heal|p2a: Lampire|7\/100|[from] Grassy Terrain\n|-fieldend|move: Grassy Terrain\n|upkeep\n|\n|t:|1700544965\n|switch|p2b: Rillaboom|Rillaboom, L50, F|22\/100\n|-fieldstart|move: Grassy Terrain|[from] ability: Grassy Surge|[of] p2b: Rillaboom\n|turn|6\n|\n|t:|1700544975\n|move|p2b: Rillaboom|Fake Out|p1a: Arcanine\n|-resisted|p1a: Arcanine\n|-damage|p1a: Arcanine|55\/100\n|cant|p1a: Arcanine|flinch\n|move|p2a: Lampire|Hex|p1a: Arcanine\n|-damage|p1a: Arcanine|11\/100\n|\n|-heal|p1a: Arcanine|17\/100|[from] Grassy Terrain\n|-heal|p2a: Lampire|13\/100|[from] Grassy Terrain\n|-heal|p2b: Rillaboom|28\/100|[from] Grassy Terrain\n|-sideend|p1: AManFromHisui|move: Tailwind\n|upkeep\n|turn|7\n|-message|AManFromHisui forfeited.\n|\n|win|Perjutsu545\n|raw|AManFromHisui's rating: 1145 &rarr; <strong>1127<\/strong><br \/>(-18 for losing)\n|raw|Perjutsu545's rating: 1238 &rarr; <strong>1256<\/strong><br \/>(+18 for winning)\n|c|\u2606Perjutsu545|Gg\n|c|\u2606Perjutsu545|That read on your urshifu switch was so satisfying\n","uploadtime":1700545010,"views":5,"p1id":"amanfromhisui","p2id":"perjutsu545","formatid":"gen9vgc2023regulatione","rating":1127,"private":0,"password":""}