{"id":"gen9vgc2023regulatione-1997880938","p1":"FloridaParkingLot","p2":"Labbbing","format":"[Gen 9] VGC 2023 Regulation E","log":"|j|\u2606FloridaParkingLot\n|j|\u2606Labbbing\n|t:|1700863097\n|gametype|doubles\n|player|p1|FloridaParkingLot|169|1392\n|player|p2|Labbbing|turo|1385\n|teamsize|p1|6\n|teamsize|p2|6\n|gen|9\n|tier|[Gen 9] VGC 2023 Regulation E\n|rated|\n|rule|Species Clause: Limit one of each Pok\u00e9mon\n|rule|Item Clause: Limit one of each item\n|clearpoke\n|poke|p1|Iron Hands, L50|\n|poke|p1|Chi-Yu, L50|\n|poke|p1|Flutter Mane, L50|\n|poke|p1|Tornadus, L50, M|\n|poke|p1|Landorus-Therian, L50, M|\n|poke|p1|Urshifu-*, L50, F|\n|poke|p2|Ogerpon-Cornerstone, L50, F|\n|poke|p2|Ursaluna, L50, M|\n|poke|p2|Cresselia, L50, F|\n|poke|p2|Chien-Pao, L50|\n|poke|p2|Dragonite, L50, M|\n|poke|p2|Flutter Mane, L50|\n|teampreview|4\n|inactive|Battle timer is ON: inactive players will automatically lose when time's up. (requested by Labbbing)\n|inactive|FloridaParkingLot has 60 seconds left.\n|\n|t:|1700863140\n|start\n|switch|p1a: Iron Hands|Iron Hands, L50|100\/100\n|switch|p1b: Flutter Mane|Flutter Mane, L50|100\/100\n|switch|p2a: Dragonite|Dragonite, L50, M, shiny|100\/100\n|switch|p2b: Ogerpon|Ogerpon-Cornerstone, L50, F|100\/100\n|turn|1\n|\n|t:|1700863161\n|switch|p2b: Thot|Cresselia, L50, F, shiny|100\/100\n|move|p1b: Flutter Mane|Dazzling Gleam|p2a: Dragonite|[spread] p2a,p2b\n|-supereffective|p2a: Dragonite\n|-damage|p2a: Dragonite|60\/100\n|-damage|p2b: Thot|81\/100\n|move|p2a: Dragonite|Aerial Ace|p1b: Flutter Mane\n|-damage|p1b: Flutter Mane|26\/100\n|move|p1a: Iron Hands|Drain Punch|p2b: Thot\n|-resisted|p2b: Thot\n|-damage|p2b: Thot|67\/100\n|\n|upkeep\n|turn|2\n|\n|t:|1700863178\n|move|p1b: Flutter Mane|Shadow Ball|p2b: Thot\n|-supereffective|p2b: Thot\n|-damage|p2b: Thot|13\/100\n|move|p2a: Dragonite|Stomping Tantrum|p1a: Iron Hands\n|-supereffective|p1a: Iron Hands\n|-damage|p1a: Iron Hands|63\/100\n|move|p1a: Iron Hands|Wild Charge|p2b: Thot\n|-damage|p2b: Thot|0 fnt\n|faint|p2b: Thot\n|-damage|p1a: Iron Hands|60\/100|[from] Recoil\n|\n|upkeep\n|\n|t:|1700863190\n|switch|p2b: Ursaluna|Ursaluna, L50, M, shiny|100\/100\n|turn|3\n|\n|t:|1700863202\n|-end|p1a: Iron Hands|Quark Drive|[silent]\n|switch|p1a: Tornadus|Tornadus, L50, M|100\/100\n|-terastallize|p2b: Ursaluna|Ghost\n|move|p1b: Flutter Mane|Dazzling Gleam|p2a: Dragonite|[spread] p2a,p2b\n|-supereffective|p2a: Dragonite\n|-damage|p2a: Dragonite|17\/100\n|-damage|p2b: Ursaluna|73\/100\n|move|p2a: Dragonite|Aerial Ace|p1b: Flutter Mane\n|-damage|p1b: Flutter Mane|0 fnt\n|faint|p1b: Flutter Mane\n|-end|p1b: Flutter Mane|Protosynthesis|[silent]\n|move|p2b: Ursaluna|Earthquake|p1a: Tornadus|[spread] \n|-immune|p2a: Dragonite\n|-immune|p1a: Tornadus\n|\n|-status|p2b: Ursaluna|brn|[from] item: Flame Orb\n|upkeep\n|\n|t:|1700863214\n|switch|p1b: Chi-Yu|Chi-Yu, L50|100\/100\n|-ability|p1b: Chi-Yu|Beads of Ruin\n|turn|4\n|\n|t:|1700863232\n|move|p1b: Chi-Yu|Protect|p1b: Chi-Yu\n|-singleturn|p1b: Chi-Yu|Protect\n|move|p1a: Tornadus|Bleakwind Storm|p2b: Ursaluna|[spread] p2a\n|-miss|p1a: Tornadus|p2b: Ursaluna\n|-damage|p2a: Dragonite|0 fnt\n|faint|p2a: Dragonite\n|move|p2b: Ursaluna|Earthquake|p1a: Tornadus|[spread] \n|-activate|p1b: Chi-Yu|move: Protect\n|-immune|p1a: Tornadus\n|\n|-damage|p2b: Ursaluna|67\/100 brn|[from] brn\n|upkeep\n|\n|t:|1700863239\n|switch|p2a: Ogerpon|Ogerpon-Cornerstone, L50, F|100\/100\n|turn|5\n|\n|t:|1700863249\n|switch|p1b: Iron Hands|Iron Hands, L50|60\/100\n|move|p2b: Ursaluna|Protect|p2b: Ursaluna\n|-singleturn|p2b: Ursaluna|Protect\n|move|p1a: Tornadus|Tailwind|p1a: Tornadus\n|-sidestart|p1: FloridaParkingLot|move: Tailwind\n|move|p2a: Ogerpon|Ivy Cudgel|p1b: Iron Hands|[anim] Ivy Cudgel Rock\n|-resisted|p1b: Iron Hands\n|-crit|p1b: Iron Hands\n|-damage|p1b: Iron Hands|33\/100\n|\n|-damage|p2b: Ursaluna|61\/100 brn|[from] brn\n|upkeep\n|turn|6\n|\n|t:|1700863264\n|move|p2a: Ogerpon|Spiky Shield|p2a: Ogerpon\n|-singleturn|p2a: Ogerpon|move: Protect\n|move|p1a: Tornadus|Scary Face|p2a: Ogerpon\n|-activate|p2a: Ogerpon|move: Protect\n|move|p1b: Iron Hands|Wild Charge|p2b: Ursaluna\n|-damage|p2b: Ursaluna|24\/100 brn\n|-damage|p1b: Iron Hands|25\/100|[from] Recoil\n|move|p2b: Ursaluna|Facade|p1a: Tornadus\n|-damage|p1a: Tornadus|0 fnt\n|faint|p1a: Tornadus\n|\n|-damage|p2b: Ursaluna|18\/100 brn|[from] brn\n|upkeep\n|\n|t:|1700863276\n|switch|p1a: Chi-Yu|Chi-Yu, L50|100\/100\n|-ability|p1a: Chi-Yu|Beads of Ruin\n|turn|7\n|\n|t:|1700863294\n|move|p2a: Ogerpon|Spiky Shield||[still]\n|-fail|p2a: Ogerpon\n|move|p1a: Chi-Yu|Heat Wave|p2b: Ursaluna|[spread] p2a,p2b\n|-damage|p2a: Ogerpon|27\/100\n|-damage|p2b: Ursaluna|0 fnt\n|faint|p2b: Ursaluna\n|-damage|p1a: Chi-Yu|90\/100|[from] item: Life Orb\n|move|p1b: Iron Hands|Drain Punch|p2a: Ogerpon\n|-supereffective|p2a: Ogerpon\n|-damage|p2a: Ogerpon|0 fnt\n|-heal|p1b: Iron Hands|33\/100|[from] drain|[of] p2a: Ogerpon\n|faint|p2a: Ogerpon\n|\n|win|FloridaParkingLot\n|raw|FloridaParkingLot's rating: 1392 &rarr; <strong>1412<\/strong><br \/>(+20 for winning)\n|raw|Labbbing's rating: 1385 &rarr; <strong>1365<\/strong><br \/>(-20 for losing)\n|l|\u2606Labbbing\n","uploadtime":1700863304,"views":1,"p1id":"floridaparkinglot","p2id":"labbbing","formatid":"gen9vgc2023regulatione","rating":1365,"private":0,"password":""}