{"id":"gen9vgc2023regulatione-1996570749","p1":"xX_Goober2011_Xx","p2":"neotis_","format":"[Gen 9] VGC 2023 Regulation E","log":"|j|\u2606xX_Goober2011_Xx\n|j|\u2606neotis_\n|t:|1700695560\n|gametype|doubles\n|player|p1|xX_Goober2011_Xx|hilda|1092\n|player|p2|neotis_|102|1000\n|teamsize|p1|6\n|teamsize|p2|4\n|gen|9\n|tier|[Gen 9] VGC 2023 Regulation E\n|rated|\n|rule|Species Clause: Limit one of each Pok\u00e9mon\n|rule|Item Clause: Limit one of each item\n|clearpoke\n|poke|p1|Cresselia, L50, F|\n|poke|p1|Torkoal, L50, M|\n|poke|p1|Iron Hands, L50|\n|poke|p1|Ursaluna, L50, F|\n|poke|p1|Farigiraf, L50, F|\n|poke|p1|Kingambit, L50, F|\n|poke|p2|Tinkaton, L50, F|\n|poke|p2|Vikavolt, L50, M|\n|poke|p2|Indeedee, L50, M|\n|poke|p2|Slowking, L50, M|\n|teampreview|4\n|inactive|Battle timer is ON: inactive players will automatically lose when time's up. (requested by neotis_)\n|\n|t:|1700695592\n|start\n|switch|p1a: Torkoal|Torkoal, L50, M|100\/100\n|switch|p1b: Iron Hands|Iron Hands, L50|100\/100\n|switch|p2a: Indeedee|Indeedee, L50, M|100\/100\n|switch|p2b: Tinkaton|Tinkaton, L50, F|100\/100\n|-ability|p2b: Tinkaton|Mold Breaker\n|-fieldstart|move: Psychic Terrain|[from] ability: Psychic Surge|[of] p2a: Indeedee\n|-weather|SunnyDay|[from] ability: Drought|[of] p1a: Torkoal\n|turn|1\n|inactive|xX_Goober2011_Xx has 30 seconds left.\n|inactive|xX_Goober2011_Xx has 20 seconds left.\n|\n|t:|1700695628\n|-terastallize|p1a: Torkoal|Fire\n|move|p2b: Tinkaton|Gigaton Hammer|p1a: Torkoal\n|-resisted|p1a: Torkoal\n|-damage|p1a: Torkoal|80\/100\n|move|p1b: Iron Hands|Heavy Slam|p2b: Tinkaton\n|-damage|p2b: Tinkaton|63\/100\n|move|p1a: Torkoal|Eruption|p2b: Tinkaton|[spread] p2a,p2b\n|-supereffective|p2b: Tinkaton\n|-damage|p2a: Indeedee|18\/100\n|-damage|p2b: Tinkaton|0 fnt\n|faint|p2b: Tinkaton\n|move|p2a: Indeedee|Trick Room|p2a: Indeedee\n|-fieldstart|move: Trick Room|[of] p2a: Indeedee\n|\n|-weather|SunnyDay|[upkeep]\n|-heal|p2a: Indeedee|23\/100|[from] item: Leftovers\n|upkeep\n|\n|t:|1700695645\n|switch|p2b: Slowking|Slowking, L50, M|100\/100\n|turn|2\n|\n|t:|1700695663\n|move|p1a: Torkoal|Protect|p1a: Torkoal\n|-singleturn|p1a: Torkoal|Protect\n|move|p2b: Slowking|Protect|p2b: Slowking\n|-singleturn|p2b: Slowking|Protect\n|move|p1b: Iron Hands|Wild Charge|p2b: Slowking\n|-activate|p2b: Slowking|move: Protect\n|move|p2a: Indeedee|Psyshock|p1a: Torkoal\n|-activate|p1a: Torkoal|move: Protect\n|\n|-weather|SunnyDay|[upkeep]\n|-heal|p2a: Indeedee|29\/100|[from] item: Leftovers\n|upkeep\n|turn|3\n|\n|t:|1700695682\n|move|p2a: Indeedee|Protect|p2a: Indeedee\n|-singleturn|p2a: Indeedee|Protect\n|move|p1a: Torkoal|Eruption|p2b: Slowking|[spread] p2b\n|-activate|p2a: Indeedee|move: Protect\n|-resisted|p2b: Slowking\n|-damage|p2b: Slowking|74\/100\n|move|p2b: Slowking|Water Gun|p1a: Torkoal\n|-supereffective|p1a: Torkoal\n|-damage|p1a: Torkoal|63\/100\n|move|p1b: Iron Hands|Wild Charge|p2b: Slowking\n|-supereffective|p2b: Slowking\n|-damage|p2b: Slowking|0 fnt\n|faint|p2b: Slowking\n|-damage|p1b: Iron Hands|85\/100|[from] Recoil\n|\n|-weather|SunnyDay|[upkeep]\n|-heal|p2a: Indeedee|35\/100|[from] item: Leftovers\n|upkeep\n|\n|t:|1700695687\n|switch|p2b: Vikavolt|Vikavolt, L50, M|100\/100\n|turn|4\n|\n|t:|1700695710\n|-terastallize|p2b: Vikavolt|Fire\n|move|p1a: Torkoal|Eruption|p2a: Indeedee|[spread] p2a,p2b\n|-resisted|p2b: Vikavolt\n|-damage|p2a: Indeedee|0 fnt\n|-damage|p2b: Vikavolt|54\/100\n|faint|p2a: Indeedee\n|move|p1b: Iron Hands|Heavy Slam|p2b: Vikavolt\n|-resisted|p2b: Vikavolt\n|-damage|p2b: Vikavolt|31\/100\n|move|p2b: Vikavolt|Tera Blast|p1b: Iron Hands|[anim] Tera Blast Fire\n|-damage|p1b: Iron Hands|45\/100\n|\n|-weather|SunnyDay|[upkeep]\n|upkeep\n|turn|5\n|\n|t:|1700695725\n|move|p1a: Torkoal|Earth Power|p2b: Vikavolt\n|-immune|p2b: Vikavolt|[from] ability: Levitate\n|move|p1b: Iron Hands|Drain Punch|p2b: Vikavolt\n|-damage|p2b: Vikavolt|0 fnt\n|-heal|p1b: Iron Hands|57\/100|[from] drain|[of] p2b: Vikavolt\n|faint|p2b: Vikavolt\n|\n|win|xX_Goober2011_Xx\n|raw|xX_Goober2011_Xx's rating: 1092 &rarr; <strong>1111<\/strong><br \/>(+19 for winning)\n|raw|neotis_'s rating: 1000 &rarr; <strong>1000<\/strong><br \/>(+0 for losing)\n|l|\u2606neotis_\n","uploadtime":1700695734,"views":14,"p1id":"xxgoober2011xx","p2id":"neotis","formatid":"gen9vgc2023regulatione","rating":1000,"private":0,"password":""}