{"id":"gen9vgc2023regulatione-1994007050","p1":"shuijun1\u82cd\u708e\u5203\u9b3c\u4fa0","p2":"Pokeyrach21","format":"[Gen 9] VGC 2023 Regulation E","log":"|j|\u2606shuijun1\u82cd\u708e\u5203\u9b3c\u4fa0\n|j|\u2606Pokeyrach21\n|t:|1700392405\n|gametype|doubles\n|player|p1|shuijun1\u82cd\u708e\u5203\u9b3c\u4fa0|iono|1390\n|player|p2|Pokeyrach21|hiker-gen4|1470\n|teamsize|p1|6\n|teamsize|p2|6\n|gen|9\n|tier|[Gen 9] VGC 2023 Regulation E\n|rated|\n|rule|Species Clause: Limit one of each Pok\u00e9mon\n|rule|Item Clause: Limit one of each item\n|clearpoke\n|poke|p1|Roaring Moon, L50|\n|poke|p1|Armarouge, L50, M|\n|poke|p1|Tsareena, L50, F|\n|poke|p1|Arcanine-Hisui, L50, M|\n|poke|p1|Okidogi, L50, M|\n|poke|p1|Ogerpon-Wellspring, L50, F|\n|poke|p2|Tornadus, L50, M|\n|poke|p2|Regidrago, L50|\n|poke|p2|Urshifu-*, L50, F|\n|poke|p2|Gholdengo, L50|\n|poke|p2|Rillaboom, L50, M|\n|poke|p2|Farigiraf, L50, M|\n|teampreview|4\n|inactive|Battle timer is ON: inactive players will automatically lose when time's up. (requested by Pokeyrach21)\n|inactive|shuijun1\u82cd\u708e\u5203\u9b3c\u4fa0 has 60 seconds left.\n|inactive|Pokeyrach21 has 60 seconds left.\nPokeyrach21 has agreed to open team sheets.\n|inactive|Pokeyrach21 has 30 seconds left.\n|inactive|Pokeyrach21 has 20 seconds left.\n|inactive|Pokeyrach21 has 15 seconds left.\n|\n|t:|1700392481\n|start\n|switch|p1a: Tsareena|Tsareena, L50, F, shiny|100\/100\n|switch|p1b: Roaring Moon|Roaring Moon, L50|100\/100\n|switch|p2a: Atlantic|Urshifu-Rapid-Strike, L50, F|100\/100\n|switch|p2b: Chiefie|Tornadus, L50, M|100\/100\n|-enditem|p1b: Roaring Moon|Booster Energy\n|-activate|p1b: Roaring Moon|ability: Protosynthesis|[fromitem]\n|-start|p1b: Roaring Moon|protosynthesisspe\n|turn|1\n|\n|t:|1700392504\n|move|p1b: Roaring Moon|Tailwind|p1b: Roaring Moon\n|-sidestart|p1: shuijun1\u82cd\u708e\u5203\u9b3c\u4fa0|move: Tailwind\n|move|p2a: Atlantic|U-turn|p1a: Tsareena\n|-supereffective|p1a: Tsareena\n|-damage|p1a: Tsareena|39\/100\n|\n|t:|1700392513\n|switch|p2a: George|Rillaboom, L50, M|100\/100|[from] U-turn\n|-fieldstart|move: Grassy Terrain|[from] ability: Grassy Surge|[of] p2a: George\n|move|p1a: Tsareena|Power Whip|p2a: George\n|-resisted|p2a: George\n|-damage|p2a: George|66\/100\n|move|p2b: Chiefie|Bleakwind Storm|p1b: Roaring Moon|[spread] \n|-miss|p2b: Chiefie|p1a: Tsareena\n|-miss|p2b: Chiefie|p1b: Roaring Moon\n|\n|-heal|p1a: Tsareena|45\/100|[from] Grassy Terrain\n|-heal|p2a: George|72\/100|[from] Grassy Terrain\n|upkeep\n|turn|2\n|\n|t:|1700392535\n|move|p1a: Tsareena|Protect|p1a: Tsareena\n|-singleturn|p1a: Tsareena|Protect\n|move|p2b: Chiefie|Tailwind|p2b: Chiefie\n|-sidestart|p2: Pokeyrach21|move: Tailwind\n|move|p1b: Roaring Moon|Knock Off|p2b: Chiefie\n|-damage|p2b: Chiefie|39\/100\n|-enditem|p2b: Chiefie|Covert Cloak|[from] move: Knock Off|[of] p1b: Roaring Moon\n|move|p2a: George|U-turn|p1a: Tsareena\n|-activate|p1a: Tsareena|move: Protect\n|\n|-heal|p2a: George|78\/100|[from] Grassy Terrain\n|-heal|p1a: Tsareena|51\/100|[from] Grassy Terrain\n|upkeep\n|turn|3\n|\n|t:|1700392556\n|-terastallize|p1a: Tsareena|Fairy\n|move|p1b: Roaring Moon|Iron Head|p2b: Chiefie\n|-damage|p2b: Chiefie|4\/100\n|move|p2b: Chiefie|Bleakwind Storm|p1a: Tsareena|[spread] p1b\n|-miss|p2b: Chiefie|p1a: Tsareena\n|-damage|p1b: Roaring Moon|69\/100\n|move|p2a: George|U-turn|p1b: Roaring Moon\n|-supereffective|p1b: Roaring Moon\n|-damage|p1b: Roaring Moon|10\/100\n|\n|t:|1700392568\n|switch|p2a: Atlantic|Urshifu-Rapid-Strike, L50, F|100\/100|[from] U-turn\n|move|p1a: Tsareena|Play Rough|p2a: Atlantic\n|-supereffective|p2a: Atlantic\n|-damage|p2a: Atlantic|11\/100\n|\n|-heal|p1b: Roaring Moon|16\/100|[from] Grassy Terrain\n|-heal|p2a: Atlantic|17\/100|[from] Grassy Terrain\n|-heal|p1a: Tsareena|57\/100|[from] Grassy Terrain\n|upkeep\n|turn|4\n|\n|t:|1700392583\n|move|p2b: Chiefie|Rain Dance|p2b: Chiefie\n|-weather|RainDance\n|move|p1b: Roaring Moon|Knock Off|p2a: Atlantic\n|-resisted|p2a: Atlantic\n|-damage|p2a: Atlantic|0 fnt\n|-enditem|p2a: Atlantic|Choice Scarf|[from] move: Knock Off|[of] p1b: Roaring Moon\n|faint|p2a: Atlantic\n|move|p1a: Tsareena|Play Rough|p2b: Chiefie\n|-damage|p2b: Chiefie|0 fnt\n|faint|p2b: Chiefie\n|\n|-weather|RainDance|[upkeep]\n|-heal|p1b: Roaring Moon|22\/100|[from] Grassy Terrain\n|-heal|p1a: Tsareena|63\/100|[from] Grassy Terrain\n|-sideend|p1: shuijun1\u82cd\u708e\u5203\u9b3c\u4fa0|move: Tailwind\n|upkeep\n|\n|t:|1700392591\n|switch|p2b: Nom Nom|Regidrago, L50|100\/100\n|switch|p2a: George|Rillaboom, L50, M|78\/100\n|turn|5\n|\n|t:|1700392605\n|-terastallize|p2b: Nom Nom|Steel\n|move|p1a: Tsareena|Protect|p1a: Tsareena\n|-singleturn|p1a: Tsareena|Protect\n|move|p1b: Roaring Moon|Tailwind|p1b: Roaring Moon\n|-sidestart|p1: shuijun1\u82cd\u708e\u5203\u9b3c\u4fa0|move: Tailwind\n|move|p2b: Nom Nom|Dragon Energy|p1b: Roaring Moon|[spread] p1b\n|-activate|p1a: Tsareena|move: Protect\n|-supereffective|p1b: Roaring Moon\n|-damage|p1b: Roaring Moon|0 fnt\n|faint|p1b: Roaring Moon\n|-end|p1b: Roaring Moon|Protosynthesis|[silent]\n|move|p2a: George|Wood Hammer|p1a: Tsareena\n|-activate|p1a: Tsareena|move: Protect\n|\n|-weather|RainDance|[upkeep]\n|-heal|p2a: George|84\/100|[from] Grassy Terrain\n|-heal|p1a: Tsareena|69\/100|[from] Grassy Terrain\n|-sideend|p2: Pokeyrach21|move: Tailwind\n|-fieldend|move: Grassy Terrain\n|upkeep\n|\n|t:|1700392615\n|switch|p1b: Arcanine|Arcanine-Hisui, L50, M|100\/100\n|-ability|p1b: Arcanine|Intimidate|boost\n|-unboost|p2a: George|atk|1\n|-unboost|p2b: Nom Nom|atk|1\n|turn|6\n|\n|t:|1700392627\n|move|p1b: Arcanine|Flare Blitz|p2a: George\n|-supereffective|p2a: George\n|-crit|p2a: George\n|-damage|p2a: George|0 fnt\n|faint|p2a: George\n|-damage|p1b: Arcanine|68\/100|[from] Recoil\n|move|p1a: Tsareena|High Jump Kick|p2b: Nom Nom\n|-supereffective|p2b: Nom Nom\n|-damage|p2b: Nom Nom|9\/100\n|move|p2b: Nom Nom|Earth Power|p1b: Arcanine\n|-supereffective|p1b: Arcanine\n|-damage|p1b: Arcanine|0 fnt\n|faint|p1b: Arcanine\n|\n|-weather|RainDance|[upkeep]\n|upkeep\n|\n|t:|1700392636\n|switch|p1b: Okidogi|Okidogi, L50, M|100\/100\n|turn|7\n|\n|t:|1700392644\n|move|p1b: Okidogi|Drain Punch|p2b: Nom Nom\n|-supereffective|p2b: Nom Nom\n|-damage|p2b: Nom Nom|0 fnt\n|faint|p2b: Nom Nom\n|\n|win|shuijun1\u82cd\u708e\u5203\u9b3c\u4fa0\n|raw|shuijun1\u82cd\u708e\u5203\u9b3c\u4fa0's rating: 1390 &rarr; <strong>1415<\/strong><br \/>(+25 for winning)\n|raw|Pokeyrach21's rating: 1470 &rarr; <strong>1445<\/strong><br \/>(-25 for losing)\n","uploadtime":1700392654,"views":9,"p1id":"shuijun1","p2id":"pokeyrach21","formatid":"gen9vgc2023regulatione","rating":1415,"private":0,"password":""}