{"id":"gen9vgc2023regulatione-1990474482","p1":"xXDarkArceus69Xx","p2":"ColeAnimatesStuff","format":"[Gen 9] VGC 2023 Regulation E","log":"|j|\u2606xXDarkArceus69Xx\n|j|\u203dColeAnimatesStuff\n|t:|1699974337\n|gametype|doubles\n|player|p1|xXDarkArceus69Xx|2|1178\n|player|p2|ColeAnimatesStuff|cheryl|1092\n|teamsize|p1|6\n|teamsize|p2|6\n|gen|9\n|tier|[Gen 9] VGC 2023 Regulation E\n|rated|\n|rule|Species Clause: Limit one of each Pok\u00e9mon\n|rule|Item Clause: Limit one of each item\n|clearpoke\n|poke|p1|Tornadus, L50, M|\n|poke|p1|Urshifu-*, L50, M|\n|poke|p1|Chien-Pao, L50|\n|poke|p1|Ogerpon-Hearthflame, L50, F|\n|poke|p1|Flutter Mane, L50|\n|poke|p1|Arcanine-Hisui, L50, M|\n|poke|p2|Iron Hands, L50|\n|poke|p2|Gholdengo, L50|\n|poke|p2|Basculegion, L50, M|\n|poke|p2|Tornadus, L50, M|\n|poke|p2|Farigiraf, L50, M|\n|poke|p2|Rillaboom, L50, M|\n|teampreview|4\nColeAnimatesStuff rejected open team sheets.\n|inactive|Battle timer is ON: inactive players will automatically lose when time's up. (requested by ColeAnimatesStuff)\n|\n|t:|1699974381\n|start\n|switch|p1a: Tornadus|Tornadus, L50, M|100\/100\n|switch|p1b: Ogerpon|Ogerpon-Hearthflame, L50, F|100\/100\n|switch|p2a: Iron Hands|Iron Hands, L50, shiny|100\/100\n|switch|p2b: Tornadus|Tornadus, L50, M|100\/100\n|-ability|p1b: Ogerpon|Mold Breaker\n|turn|1\n|\n|t:|1699974391\n|-terastallize|p1b: Ogerpon|Fire\n|detailschange|p1b: Ogerpon|Ogerpon-Hearthflame-Tera, L50, F, tera:Fire\n|-ability|p1b: Ogerpon|Embody Aspect (Hearthflame)|boost\n|-boost|p1b: Ogerpon|atk|1\n|move|p2a: Iron Hands|Fake Out|p1b: Ogerpon\n|-crit|p1b: Ogerpon\n|-damage|p1b: Ogerpon|71\/100\n|move|p1a: Tornadus|Tailwind|p1a: Tornadus\n|-sidestart|p1: xXDarkArceus69Xx|move: Tailwind\n|move|p2b: Tornadus|Taunt|p1a: Tornadus\n|-start|p1a: Tornadus|move: Taunt\n|cant|p1b: Ogerpon|flinch\n|\n|upkeep\n|turn|2\n|inactive|ColeAnimatesStuff has 30 seconds left.\n|\n|t:|1699974418\n|-terastallize|p2a: Iron Hands|Fire\n|move|p2b: Tornadus|Rain Dance|p2b: Tornadus\n|-weather|RainDance\n|move|p1b: Ogerpon|Ivy Cudgel|p2a: Iron Hands|[anim] Ivy Cudgel Fire\n|-resisted|p2a: Iron Hands\n|-damage|p2a: Iron Hands|82\/100\n|move|p1a: Tornadus|Icy Wind|p2b: Tornadus|[spread] p2a,p2b\n|-resisted|p2a: Iron Hands\n|-supereffective|p2b: Tornadus\n|-damage|p2a: Iron Hands|78\/100\n|-damage|p2b: Tornadus|78\/100\n|-unboost|p2a: Iron Hands|spe|1\n|-unboost|p2b: Tornadus|spe|1\n|move|p2a: Iron Hands|Heavy Slam|p1b: Ogerpon\n|-resisted|p1b: Ogerpon\n|-damage|p1b: Ogerpon|43\/100\n|\n|-weather|RainDance|[upkeep]\n|upkeep\n|turn|3\n|\n|t:|1699974440\n|move|p1b: Ogerpon|Spiky Shield|p1b: Ogerpon\n|-singleturn|p1b: Ogerpon|move: Protect\n|move|p2b: Tornadus|Tailwind|p2b: Tornadus\n|-sidestart|p2: ColeAnimatesStuff|move: Tailwind\n|move|p1a: Tornadus|Bleakwind Storm|p2a: Iron Hands|[spread] p2a,p2b\n|-damage|p2a: Iron Hands|55\/100\n|-damage|p2b: Tornadus|47\/100\n|move|p2a: Iron Hands|Heavy Slam|p1b: Ogerpon\n|-activate|p1b: Ogerpon|move: Protect\n|-damage|p2a: Iron Hands|43\/100|[from] Spiky Shield|[of] p1b: Ogerpon\n|\n|-weather|RainDance|[upkeep]\n|upkeep\n|turn|4\n|inactive|xXDarkArceus69Xx has 30 seconds left.\n|inactive|ColeAnimatesStuff has 30 seconds left.\n|\n|t:|1699974474\n|switch|p2b: Basculegion|Basculegion, L50, M|100\/100\n|move|p1b: Ogerpon|Ivy Cudgel|p2b: Basculegion|[anim] Ivy Cudgel Fire\n|-resisted|p2b: Basculegion\n|-damage|p2b: Basculegion|61\/100\n|move|p1a: Tornadus|Bleakwind Storm|p2b: Basculegion|[spread] p2a,p2b\n|-damage|p2a: Iron Hands|19\/100\n|-damage|p2b: Basculegion|16\/100\n|move|p2a: Iron Hands|Wild Charge|p1a: Tornadus\n|-supereffective|p1a: Tornadus\n|-damage|p1a: Tornadus|0 fnt\n|faint|p1a: Tornadus\n|-damage|p2a: Iron Hands|1\/100|[from] Recoil\n|\n|-weather|RainDance|[upkeep]\n|-sideend|p1: xXDarkArceus69Xx|move: Tailwind\n|upkeep\n|\n|t:|1699974494\n|switch|p1a: Arcanine|Arcanine-Hisui, L50, M|100\/100\n|-ability|p1a: Arcanine|Intimidate|boost\n|-unboost|p2a: Iron Hands|atk|1\n|-unboost|p2b: Basculegion|atk|1\n|turn|5\n|\n|t:|1699974519\n|move|p1a: Arcanine|Extreme Speed|p2a: Iron Hands\n|-damage|p2a: Iron Hands|0 fnt\n|faint|p2a: Iron Hands\n|-end|p2a: Iron Hands|Quark Drive|[silent]\n|move|p2b: Basculegion|Flip Turn|p1b: Ogerpon\n|-supereffective|p1b: Ogerpon\n|-damage|p1b: Ogerpon|0 fnt\n|faint|p1b: Ogerpon\n|\n|t:|1699974529\n|switch|p2b: Tornadus|Tornadus, L50, M|47\/100|[from] Flip Turn\n|\n|-weather|RainDance|[upkeep]\n|upkeep\n|\n|t:|1699974536\n|switch|p1b: Flutter Mane|Flutter Mane, L50|100\/100\n|switch|p2a: Basculegion|Basculegion, L50, M|16\/100\n|turn|6\n|\n|t:|1699974551\n|move|p1a: Arcanine|Extreme Speed|p2b: Tornadus\n|-damage|p2b: Tornadus|0 fnt\n|faint|p2b: Tornadus\n|move|p2a: Basculegion|Wave Crash|p1a: Arcanine\n|-supereffective|p1a: Arcanine\n|-damage|p1a: Arcanine|0 fnt\n|faint|p1a: Arcanine\n|-damage|p2a: Basculegion|0 fnt|[from] Recoil\n|faint|p2a: Basculegion\n|move|p1b: Flutter Mane|Dazzling Gleam|p2: Basculegion|[notarget]\n|-fail|p1b: Flutter Mane\n|\n|-weather|none\n|-sideend|p2: ColeAnimatesStuff|move: Tailwind\n|upkeep\n|\n|t:|1699974559\n|switch|p2b: Gholdengo|Gholdengo, L50|100\/100\n|turn|7\n|-message|xXDarkArceus69Xx forfeited.\n|\n|win|ColeAnimatesStuff\n|raw|xXDarkArceus69Xx's rating: 1178 &rarr; <strong>1147<\/strong><br \/>(-31 for losing)\n|raw|ColeAnimatesStuff's rating: 1092 &rarr; <strong>1125<\/strong><br \/>(+33 for winning)\n|l|\u2606xXDarkArceus69Xx\n","uploadtime":1699974572,"views":8,"p1id":"xxdarkarceus69xx","p2id":"coleanimatesstuff","formatid":"gen9vgc2023regulatione","rating":1125,"private":0,"password":""}