{"id":"gen9vgc2023regulatione-1991849328","p1":"DrRom_TV","p2":"Whalek","format":"[Gen 9] VGC 2023 Regulation E","log":"|j|\u2606DrRom_TV\n|j|\u2606Whalek\n|t:|1700128087\n|gametype|doubles\n|player|p1|DrRom_TV|102|1354\n|player|p2|Whalek|169|1260\n|teamsize|p1|6\n|teamsize|p2|6\n|gen|9\n|tier|[Gen 9] VGC 2023 Regulation E\n|rated|\n|rule|Species Clause: Limit one of each Pok\u00e9mon\n|rule|Item Clause: Limit one of each item\n|clearpoke\n|poke|p1|Ogerpon-Hearthflame, L50, F|\n|poke|p1|Landorus-Therian, L50, M|\n|poke|p1|Sinistcha, L50|\n|poke|p1|Roaring Moon, L50|\n|poke|p1|Iron Hands, L50|\n|poke|p1|Grimmsnarl, L50, M|\n|poke|p2|Ogerpon-Hearthflame, L50, F|\n|poke|p2|Iron Hands, L50|\n|poke|p2|Sinistcha, L50|\n|poke|p2|Dragapult, L50, M|\n|poke|p2|Overqwil, L50, F|\n|poke|p2|Thundurus, L50, M|\n|teampreview|4\n|inactive|Battle timer is ON: inactive players will automatically lose when time's up. (requested by Whalek)\n|\n|t:|1700128117\n|start\n|switch|p1a: Roaring Moon|Roaring Moon, L50|100\/100\n|switch|p1b: Iron Hands|Iron Hands, L50|100\/100\n|switch|p2a: Iron Hands|Iron Hands, L50|100\/100\n|switch|p2b: Thundurus|Thundurus, L50, M|100\/100\n|-enditem|p1a: Roaring Moon|Booster Energy\n|-activate|p1a: Roaring Moon|ability: Protosynthesis|[fromitem]\n|-start|p1a: Roaring Moon|protosynthesisatk\n|turn|1\n|\n|t:|1700128137\n|move|p1b: Iron Hands|Fake Out|p2a: Iron Hands\n|-damage|p2a: Iron Hands|90\/100\n|cant|p2a: Iron Hands|flinch\n|move|p2b: Thundurus|Thunder Wave|p1a: Roaring Moon\n|-hint|Since gen 7, Dark is immune to Prankster moves.\n|-immune|p1a: Roaring Moon\n|move|p1a: Roaring Moon|Dragon Dance|p1a: Roaring Moon\n|-boost|p1a: Roaring Moon|atk|1\n|-boost|p1a: Roaring Moon|spe|1\n|\n|upkeep\n|turn|2\n|c|\u2606Whalek|Always forget It\n|\n|t:|1700128160\n|-terastallize|p1a: Roaring Moon|Ghost\n|move|p2b: Thundurus|Rain Dance|p2b: Thundurus\n|-weather|RainDance\n|move|p1a: Roaring Moon|Knock Off|p2b: Thundurus\n|-damage|p2b: Thundurus|0 fnt\n|-enditem|p2b: Thundurus|Covert Cloak|[from] move: Knock Off|[of] p1a: Roaring Moon\n|faint|p2b: Thundurus\n|move|p1b: Iron Hands|Heavy Slam|p2a: Iron Hands\n|-resisted|p2a: Iron Hands\n|-damage|p2a: Iron Hands|85\/100\n|move|p2a: Iron Hands|Volt Switch|p1a: Roaring Moon\n|-damage|p1a: Roaring Moon|89\/100\n|\n|t:|1700128168\n|-end|p2a: Iron Hands|Quark Drive|[silent]\n|switch|p2a: Overqwil|Overqwil, L50, F|100\/100|[from] Volt Switch\n|\n|-weather|RainDance|[upkeep]\n|upkeep\n|\n|t:|1700128170\n|switch|p2b: Dragapult|Dragapult, L50, M|100\/100\n|turn|3\n|\n|t:|1700128195\n|move|p2b: Dragapult|Protect|p2b: Dragapult\n|-singleturn|p2b: Dragapult|Protect\n|move|p1a: Roaring Moon|Knock Off|p2b: Dragapult\n|-activate|p2b: Dragapult|move: Protect\n|move|p2a: Overqwil|Crunch|p1a: Roaring Moon\n|-supereffective|p1a: Roaring Moon\n|-damage|p1a: Roaring Moon|0 fnt\n|faint|p1a: Roaring Moon\n|-end|p1a: Roaring Moon|Protosynthesis|[silent]\n|move|p1b: Iron Hands|Drain Punch|p2a: Overqwil\n|-damage|p2a: Overqwil|58\/100\n|\n|-weather|RainDance|[upkeep]\n|upkeep\n|\n|t:|1700128212\n|switch|p1a: Grimmsnarl|Grimmsnarl, L50, M|100\/100\n|turn|4\n|\n|t:|1700128224\n|switch|p2a: Iron Hands|Iron Hands, L50|85\/100\n|move|p1a: Grimmsnarl|Reflect|p1a: Grimmsnarl\n|-sidestart|p1: DrRom_TV|Reflect\n|move|p2b: Dragapult|Disable|p1b: Iron Hands\n|-start|p1b: Iron Hands|Disable|Drain Punch\n|move|p1b: Iron Hands|Heavy Slam|p2b: Dragapult\n|-damage|p2b: Dragapult|34\/100\n|\n|-weather|RainDance|[upkeep]\n|upkeep\n|turn|5\n|inactive|DrRom_TV has 30 seconds left.\n|\n|t:|1700128256\n|move|p2a: Iron Hands|Fake Out|p1a: Grimmsnarl\n|-damage|p1a: Grimmsnarl|88\/100\n|move|p2b: Dragapult|Phantom Force||[still]\n|-prepare|p2b: Dragapult|Phantom Force\n|cant|p1a: Grimmsnarl|flinch\n|move|p1b: Iron Hands|Heavy Slam|p2b: Dragapult|[miss]\n|-miss|p1b: Iron Hands|p2b: Dragapult\n|\n|-weather|RainDance|[upkeep]\n|upkeep\n|turn|6\n|\n|t:|1700128275\n|move|p2b: Dragapult|Phantom Force|p1b: Iron Hands|[from]lockedmove\n|-damage|p1b: Iron Hands|72\/100\n|-damage|p2b: Dragapult|24\/100|[from] item: Life Orb\n|move|p1a: Grimmsnarl|Spirit Break|p2a: Iron Hands\n|-supereffective|p2a: Iron Hands\n|-damage|p2a: Iron Hands|48\/100\n|-unboost|p2a: Iron Hands|spa|1\n|move|p1b: Iron Hands|Heavy Slam|p2b: Dragapult\n|-damage|p2b: Dragapult|0 fnt\n|faint|p2b: Dragapult\n|move|p2a: Iron Hands|Drain Punch|p1b: Iron Hands\n|-damage|p1b: Iron Hands|52\/100\n|-heal|p2a: Iron Hands|58\/100|[from] drain|[of] p1b: Iron Hands\n|\n|-weather|none\n|upkeep\n|\n|t:|1700128285\n|switch|p2b: Overqwil|Overqwil, L50, F|58\/100\n|turn|7\n|\n|t:|1700128306\n|-terastallize|p2a: Iron Hands|Fire\n|move|p2b: Overqwil|Poison Jab|p1b: Iron Hands\n|-damage|p1b: Iron Hands|21\/100\n|move|p1a: Grimmsnarl|Spirit Break|p2a: Iron Hands\n|-resisted|p2a: Iron Hands\n|-damage|p2a: Iron Hands|49\/100\n|-unboost|p2a: Iron Hands|spa|1\n|move|p1b: Iron Hands|Heavy Slam|p2b: Overqwil\n|-damage|p2b: Overqwil|6\/100\n|move|p2a: Iron Hands|Drain Punch|p1b: Iron Hands\n|-damage|p1b: Iron Hands|0 fnt\n|-heal|p2a: Iron Hands|59\/100|[from] drain|[of] p1b: Iron Hands\n|faint|p1b: Iron Hands\n|-end|p1b: Iron Hands|Quark Drive|[silent]\n|\n|upkeep\n|\n|t:|1700128327\n|switch|p1b: Landorus|Landorus-Therian, L50, M|100\/100\n|-ability|p1b: Landorus|Intimidate|boost\n|-unboost|p2a: Iron Hands|atk|1\n|-unboost|p2b: Overqwil|atk|1\n|turn|8\n|c|\u2606Whalek|GG\n|\n|t:|1700128341\n|move|p1a: Grimmsnarl|Parting Shot|p2a: Iron Hands\n|-unboost|p2a: Iron Hands|atk|1\n|-unboost|p2a: Iron Hands|spa|1\n|move|p1b: Landorus|Stomping Tantrum|p2b: Overqwil\n|-supereffective|p2b: Overqwil\n|-damage|p2b: Overqwil|0 fnt\n|faint|p2b: Overqwil\n|move|p2a: Iron Hands|Drain Punch|p1a: Grimmsnarl\n|-damage|p1a: Grimmsnarl|72\/100\n|-heal|p2a: Iron Hands|65\/100|[from] drain|[of] p1a: Grimmsnarl\n|\n|upkeep\n|turn|9\n|-message|Whalek forfeited.\n|\n|win|DrRom_TV\n|raw|DrRom_TV's rating: 1354 &rarr; <strong>1369<\/strong><br \/>(+15 for winning)\n|raw|Whalek's rating: 1260 &rarr; <strong>1242<\/strong><br \/>(-18 for losing)\n|l|\u2606Whalek\n","uploadtime":1700128356,"views":22,"p1id":"drromtv","p2id":"whalek","formatid":"gen9vgc2023regulatione","rating":1242,"private":0,"password":""}