{"id":"gen9vgc2023regulatione-1990180292","p1":"SpoupSpoup","p2":"Kzrkrzov","format":"[Gen 9] VGC 2023 Regulation E","log":"|j|\u2606SpoupSpoup\n|j|\u2606Kzrkrzov\n|t:|1699933706\n|gametype|doubles\n|player|p1|SpoupSpoup|winona|1197\n|player|p2|Kzrkrzov|lance|1082\n|teamsize|p1|6\n|teamsize|p2|6\n|gen|9\n|tier|[Gen 9] VGC 2023 Regulation E\n|rated|\n|rule|Species Clause: Limit one of each Pok\u00e9mon\n|rule|Item Clause: Limit one of each item\n|clearpoke\n|poke|p1|Tornadus, L50, M|\n|poke|p1|Greninja-*, L50, F|\n|poke|p1|Iron Valiant, L50|\n|poke|p1|Iron Moth, L50|\n|poke|p1|Ogerpon-Hearthflame, L50, F|\n|poke|p1|Baxcalibur, L50, F|\n|poke|p2|Flutter Mane, L50|\n|poke|p2|Tornadus, L50, M|\n|poke|p2|Rillaboom, L50, M|\n|poke|p2|Garganacl, L50, F|\n|poke|p2|Arcanine-Hisui, L50, M|\n|poke|p2|Chien-Pao, L50|\n|teampreview|4\n|inactive|Battle timer is ON: inactive players will automatically lose when time's up. (requested by SpoupSpoup)\n|\n|t:|1699933714\n|start\n|switch|p1a: Tornadus|Tornadus, L50, M, shiny|100\/100\n|switch|p1b: Greninja|Greninja, L50, F, shiny|100\/100\n|switch|p2a: Tornadus|Tornadus, L50, M|100\/100\n|switch|p2b: Garganacl|Garganacl, L50, F|100\/100\n|turn|1\n|\n|t:|1699933727\n|-terastallize|p2b: Garganacl|Ghost\n|move|p1a: Tornadus|Protect|p1a: Tornadus\n|-singleturn|p1a: Tornadus|Protect\n|move|p1b: Greninja|Water Shuriken|p2b: Garganacl\n|-start|p1b: Greninja|typechange|Water|[from] ability: Protean\n|-damage|p2b: Garganacl|95\/100\n|-damage|p2b: Garganacl|89\/100\n|-damage|p2b: Garganacl|83\/100\n|-damage|p2b: Garganacl|77\/100\n|-hitcount|p2b: Garganacl|4\n|move|p2a: Tornadus|Bleakwind Storm|p1b: Greninja|[spread] p1b\n|-activate|p1a: Tornadus|move: Protect\n|-damage|p1b: Greninja|58\/100\n|move|p2b: Garganacl|Salt Cure|p1b: Greninja\n|-damage|p1b: Greninja|36\/100\n|-start|p1b: Greninja|Salt Cure\n|\n|-damage|p1b: Greninja|11\/100|[from] Salt Cure\n|upkeep\n|turn|2\n|\n|t:|1699933750\n|switch|p1b: Ogerpon|Ogerpon-Hearthflame, L50, F|100\/100\n|-ability|p1b: Ogerpon|Mold Breaker\n|move|p2b: Garganacl|Protect|p2b: Garganacl\n|-singleturn|p2b: Garganacl|Protect\n|move|p1a: Tornadus|Tailwind|p1a: Tornadus\n|-sidestart|p1: SpoupSpoup|move: Tailwind\n|move|p2a: Tornadus|Tailwind|p2a: Tornadus\n|-sidestart|p2: Kzrkrzov|move: Tailwind\n|\n|upkeep\n|turn|3\n|\n|t:|1699933771\n|switch|p2b: Arcanine|Arcanine-Hisui, L50, M|100\/100\n|-ability|p2b: Arcanine|Intimidate|boost\n|-unboost|p1a: Tornadus|atk|1\n|-unboost|p1b: Ogerpon|atk|1\n|-terastallize|p1b: Ogerpon|Fire\n|detailschange|p1b: Ogerpon|Ogerpon-Hearthflame-Tera, L50, F, tera:Fire\n|-ability|p1b: Ogerpon|Embody Aspect (Hearthflame)|boost\n|-boost|p1b: Ogerpon|atk|1\n|move|p1a: Tornadus|Sunny Day|p1a: Tornadus\n|-weather|SunnyDay\n|move|p2a: Tornadus|Bleakwind Storm|p1a: Tornadus|[spread] p1a,p1b\n|-damage|p1a: Tornadus|62\/100\n|-damage|p1b: Ogerpon|68\/100\n|-unboost|p1a: Tornadus|spe|1\n|move|p1b: Ogerpon|Ivy Cudgel|p2b: Arcanine\n|-resisted|p2b: Arcanine\n|-damage|p2b: Arcanine|62\/100\n|\n|-weather|SunnyDay|[upkeep]\n|upkeep\n|turn|4\n|\n|t:|1699933791\n|move|p1a: Tornadus|Protect|p1a: Tornadus\n|-singleturn|p1a: Tornadus|Protect\n|move|p1b: Ogerpon|Spiky Shield|p1b: Ogerpon\n|-singleturn|p1b: Ogerpon|move: Protect\n|move|p2b: Arcanine|Rock Slide|p1a: Tornadus|[spread] \n|-activate|p1a: Tornadus|move: Protect\n|-activate|p1b: Ogerpon|move: Protect\n|move|p2a: Tornadus|Bleakwind Storm|p1a: Tornadus|[spread] \n|-activate|p1a: Tornadus|move: Protect\n|-activate|p1b: Ogerpon|move: Protect\n|\n|-weather|SunnyDay|[upkeep]\n|upkeep\n|turn|5\n|inactive|SpoupSpoup has 30 seconds left.\n|\n|t:|1699933824\n|move|p2b: Arcanine|Rock Slide|p1a: Tornadus|[spread] p1a\n|-miss|p2b: Arcanine|p1b: Ogerpon\n|-supereffective|p1a: Tornadus\n|-damage|p1a: Tornadus|0 fnt\n|faint|p1a: Tornadus\n|move|p2a: Tornadus|Bleakwind Storm|p1b: Ogerpon\n|-damage|p1b: Ogerpon|22\/100\n|move|p1b: Ogerpon|Wood Hammer|p2b: Arcanine\n|-damage|p2b: Arcanine|0 fnt\n|faint|p2b: Arcanine\n|-damage|p1b: Ogerpon|2\/100|[from] Recoil\n|\n|-weather|SunnyDay|[upkeep]\n|-sideend|p1: SpoupSpoup|move: Tailwind\n|-sideend|p2: Kzrkrzov|move: Tailwind\n|upkeep\n|\n|t:|1699933846\n|switch|p2b: Rillaboom|Rillaboom, L50, M|100\/100\n|switch|p1a: Greninja|Greninja, L50, F, shiny|11\/100\n|-fieldstart|move: Grassy Terrain|[from] ability: Grassy Surge|[of] p2b: Rillaboom\n|turn|6\n|\n|t:|1699933856\n|move|p1a: Greninja|Protect|p1a: Greninja\n|-start|p1a: Greninja|typechange|Normal|[from] ability: Protean\n|-singleturn|p1a: Greninja|Protect\n|move|p1b: Ogerpon|Spiky Shield|p1b: Ogerpon\n|-singleturn|p1b: Ogerpon|move: Protect\n|move|p2b: Rillaboom|Fake Out|p1b: Ogerpon\n|-activate|p1b: Ogerpon|move: Protect\n|-damage|p2b: Rillaboom|88\/100|[from] Spiky Shield|[of] p1b: Ogerpon\n|move|p2a: Tornadus|Tailwind|p2a: Tornadus\n|-sidestart|p2: Kzrkrzov|move: Tailwind\n|\n|-weather|SunnyDay|[upkeep]\n|-heal|p2b: Rillaboom|94\/100|[from] Grassy Terrain\n|-heal|p1a: Greninja|17\/100|[from] Grassy Terrain\n|-heal|p1b: Ogerpon|8\/100|[from] Grassy Terrain\n|upkeep\n|turn|7\n|inactive|SpoupSpoup has 30 seconds left.\n|\n|t:|1699933890\n|move|p2b: Rillaboom|Grassy Glide|p1b: Ogerpon\n|-resisted|p1b: Ogerpon\n|-damage|p1b: Ogerpon|0 fnt\n|faint|p1b: Ogerpon\n|move|p1a: Greninja|Water Shuriken|p2a: Tornadus\n|-damage|p2a: Tornadus|98\/100\n|-damage|p2a: Tornadus|97\/100\n|-damage|p2a: Tornadus|95\/100\n|-damage|p2a: Tornadus|94\/100\n|-damage|p2a: Tornadus|92\/100\n|-hitcount|p2a: Tornadus|5\n|move|p2a: Tornadus|Bleakwind Storm|p1a: Greninja\n|-damage|p1a: Greninja|0 fnt\n|faint|p1a: Greninja\n|\n|-weather|none\n|-heal|p2b: Rillaboom|99\/100|[from] Grassy Terrain\n|upkeep\n|\n|t:|1699933907\n|switch|p1b: Iron Valiant|Iron Valiant, L50, shiny|100\/100\n|-enditem|p1b: Iron Valiant|Booster Energy\n|-activate|p1b: Iron Valiant|ability: Quark Drive|[fromitem]\n|-start|p1b: Iron Valiant|quarkdrivespa\n|turn|8\n|\n|t:|1699933916\n|move|p2a: Tornadus|Bleakwind Storm|p1b: Iron Valiant\n|-supereffective|p1b: Iron Valiant\n|-damage|p1b: Iron Valiant|0 fnt\n|faint|p1b: Iron Valiant\n|-end|p1b: Iron Valiant|Quark Drive|[silent]\n|\n|win|Kzrkrzov\n|raw|SpoupSpoup's rating: 1197 &rarr; <strong>1164<\/strong><br \/>(-33 for losing)\n|raw|Kzrkrzov's rating: 1082 &rarr; <strong>1119<\/strong><br \/>(+37 for winning)\n|l|\u2606SpoupSpoup\n","uploadtime":1699933920,"views":9,"p1id":"spoupspoup","p2id":"kzrkrzov","formatid":"gen9vgc2023regulatione","rating":1119,"private":0,"password":""}