{"id":"gen9vgc2023regulatione-2000189912","p1":"SaltyTat3rtotz","p2":"bunearyboicherry","format":"[Gen 9] VGC 2023 Regulation E","log":"|j|\u2606SaltyTat3rtotz\n|j|\u2606bunearyboicherry\n|t:|1701169680\n|gametype|doubles\n|player|p1|SaltyTat3rtotz|clair|1108\n|player|p2|bunearyboicherry|hapu|1103\n|teamsize|p1|6\n|teamsize|p2|6\n|gen|9\n|tier|[Gen 9] VGC 2023 Regulation E\n|rated|\n|rule|Species Clause: Limit one of each Pok\u00e9mon\n|rule|Item Clause: Limit one of each item\n|clearpoke\n|poke|p1|Brute Bonnet, L50|\n|poke|p1|Flutter Mane, L50|\n|poke|p1|Iron Hands, L50|\n|poke|p1|Ursaluna-Bloodmoon, L50, M|\n|poke|p1|Fezandipiti, L50, M|\n|poke|p1|Arcanine-Hisui, L50, M|\n|poke|p2|Noctowl, L50, F|\n|poke|p2|Wyrdeer, L50, M|\n|poke|p2|Indeedee-F, L50, F|\n|poke|p2|Torkoal, L50, M|\n|poke|p2|Charjabug, L50, F|\n|poke|p2|Chi-Yu, L50|\n|teampreview|4\n|inactive|Battle timer is ON: inactive players will automatically lose when time's up. (requested by bunearyboicherry)\n|\n|t:|1701169703\n|start\n|switch|p1a: Brute Bonnet|Brute Bonnet, L50, shiny|100\/100\n|switch|p1b: Ursaluna|Ursaluna-Bloodmoon, L50, M|100\/100\n|switch|p2a: Noctowl|Noctowl, L50, F, shiny|100\/100\n|switch|p2b: Torkoal|Torkoal, L50, M|100\/100\n|-weather|SunnyDay|[from] ability: Drought|[of] p2b: Torkoal\n|-activate|p1a: Brute Bonnet|ability: Protosynthesis\n|-start|p1a: Brute Bonnet|protosynthesisdef\n|turn|1\n|\n|t:|1701169725\n|move|p2a: Noctowl|Tailwind|p2a: Noctowl\n|-sidestart|p2: bunearyboicherry|move: Tailwind\n|move|p1a: Brute Bonnet|Spore|p2b: Torkoal\n|-status|p2b: Torkoal|slp|[from] move: Spore\n|move|p1b: Ursaluna|Hyper Voice|p2b: Torkoal|[spread] p2a,p2b\n|-crit|p2b: Torkoal\n|-damage|p2a: Noctowl|55\/100\n|-damage|p2b: Torkoal|37\/100 slp\n|cant|p2b: Torkoal|slp\n|\n|-weather|SunnyDay|[upkeep]\n|upkeep\n|turn|2\n|\n|t:|1701169742\n|move|p1a: Brute Bonnet|Rage Powder|p1a: Brute Bonnet\n|-singleturn|p1a: Brute Bonnet|move: Rage Powder\n|move|p2a: Noctowl|Air Slash|p1a: Brute Bonnet\n|-supereffective|p1a: Brute Bonnet\n|-damage|p1a: Brute Bonnet|47\/100\n|move|p1b: Ursaluna|Hyper Voice|p2a: Noctowl|[spread] p2a,p2b\n|-damage|p2a: Noctowl|10\/100\n|-damage|p2b: Torkoal|0 fnt\n|-enditem|p2a: Noctowl|Sitrus Berry|[eat]\n|-heal|p2a: Noctowl|35\/100|[from] item: Sitrus Berry\n|faint|p2b: Torkoal\n|\n|-weather|SunnyDay|[upkeep]\n|upkeep\n|\n|t:|1701169747\n|switch|p2b: Chi-Yu|Chi-Yu, L50|100\/100\n|-ability|p2b: Chi-Yu|Beads of Ruin\n|turn|3\n|\n|t:|1701169771\n|switch|p2a: Charjabug|Charjabug, L50, F, shiny|100\/100\n|-terastallize|p2b: Chi-Yu|Fire\n|-terastallize|p1a: Brute Bonnet|Water\n|move|p2b: Chi-Yu|Heat Wave|p1b: Ursaluna|[spread] p1b\n|-miss|p2b: Chi-Yu|p1a: Brute Bonnet\n|-damage|p1b: Ursaluna|0 fnt\n|faint|p1b: Ursaluna\n|move|p1a: Brute Bonnet|Spore|p2b: Chi-Yu\n|-status|p2b: Chi-Yu|slp|[from] move: Spore\n|\n|-weather|SunnyDay|[upkeep]\n|upkeep\n|\n|t:|1701169784\n|switch|p1b: Arcanine|Arcanine-Hisui, L50, M, shiny|100\/100\n|-ability|p1b: Arcanine|Intimidate|boost\n|-unboost|p2a: Charjabug|atk|1\n|-unboost|p2b: Chi-Yu|atk|1\n|turn|4\n|c|\u2606bunearyboicherry|Welp\n|\n|t:|1701169806\n|cant|p2b: Chi-Yu|slp\n|move|p1b: Arcanine|Flare Blitz|p2a: Charjabug\n|-supereffective|p2a: Charjabug\n|-damage|p2a: Charjabug|0 fnt\n|faint|p2a: Charjabug\n|-damage|p1b: Arcanine|69\/100|[from] Recoil\n|move|p1a: Brute Bonnet|Spore|p2b: Chi-Yu\n|-fail|p2b: Chi-Yu|slp\n|\n|-weather|SunnyDay|[upkeep]\n|-sideend|p2: bunearyboicherry|move: Tailwind\n|upkeep\n|c|\u2606bunearyboicherry|That miss lost me the game\n|\n|t:|1701169816\n|switch|p2a: Noctowl|Noctowl, L50, F, shiny|35\/100\n|turn|5\n|c|\u2606SaltyTat3rtotz|Oof, wanna rematch after?\n|\n|t:|1701169831\n|cant|p2b: Chi-Yu|slp\n|move|p1b: Arcanine|Rock Slide|p2b: Chi-Yu|[spread] p2a\n|-miss|p1b: Arcanine|p2b: Chi-Yu\n|-supereffective|p2a: Noctowl\n|-damage|p2a: Noctowl|0 fnt\n|faint|p2a: Noctowl\n|move|p1a: Brute Bonnet|Spore|p2b: Chi-Yu\n|-fail|p2b: Chi-Yu|slp\n|\n|-weather|none\n|-end|p1a: Brute Bonnet|Protosynthesis\n|upkeep\n|turn|6\n|c|\u2606bunearyboicherry|Nah\n|c|\u2606SaltyTat3rtotz|Fair fair\n|\n|t:|1701169848\n|move|p1a: Brute Bonnet|Rage Powder|p1a: Brute Bonnet\n|-singleturn|p1a: Brute Bonnet|move: Rage Powder\n|-curestatus|p2b: Chi-Yu|slp|[msg]\n|move|p2b: Chi-Yu|Heat Wave|p1a: Brute Bonnet|[spread] p1a\n|-miss|p2b: Chi-Yu|p1b: Arcanine\n|-resisted|p1a: Brute Bonnet\n|-damage|p1a: Brute Bonnet|2\/100\n|move|p1b: Arcanine|Rock Slide|p2b: Chi-Yu\n|-supereffective|p2b: Chi-Yu\n|-damage|p2b: Chi-Yu|0 fnt\n|faint|p2b: Chi-Yu\n|\n|win|SaltyTat3rtotz\n|raw|SaltyTat3rtotz's rating: 1108 &rarr; <strong>1133<\/strong><br \/>(+25 for winning)\n|raw|bunearyboicherry's rating: 1103 &rarr; <strong>1078<\/strong><br \/>(-25 for losing)\n|c|\u2606bunearyboicherry|Its not as bad as my other team\n|c|\u2606SaltyTat3rtotz|Gg\n|c|\u2606bunearyboicherry|That relies on hypnosis feebas\n|c|\u2606bunearyboicherry|GG\n|c|\u2606SaltyTat3rtotz|Oh god no\n|l|\u2606SaltyTat3rtotz\n|c|\u2606bunearyboicherry|Swift swim is a heck of a gimmick\n","uploadtime":1701169896,"views":1,"p1id":"saltytat3rtotz","p2id":"bunearyboicherry","formatid":"gen9vgc2023regulatione","rating":1078,"private":0,"password":""}