{"id":"gen9vgc2023regulatione-1999814960","p1":"Exnigorochi","p2":"Kzjrkz","format":"[Gen 9] VGC 2023 Regulation E","log":"|j|\u2606Exnigorochi\n|j|\u2606Kzjrkz\n|t:|1701119245\n|gametype|doubles\n|player|p1|Exnigorochi|102|1106\n|player|p2|Kzjrkz|lance|1174\n|teamsize|p1|6\n|teamsize|p2|6\n|gen|9\n|tier|[Gen 9] VGC 2023 Regulation E\n|rated|\n|rule|Species Clause: Limit one of each Pok\u00e9mon\n|rule|Item Clause: Limit one of each item\n|clearpoke\n|poke|p1|Arcanine-Hisui, L50, M|\n|poke|p1|Urshifu-*, L50, M|\n|poke|p1|Rillaboom, L50, M|\n|poke|p1|Chien-Pao, L50|\n|poke|p1|Flutter Mane, L50|\n|poke|p1|Tornadus, L50, M|\n|poke|p2|Flutter Mane, L50|\n|poke|p2|Tornadus, L50, M|\n|poke|p2|Rillaboom, L50, F|\n|poke|p2|Garganacl, L50, F|\n|poke|p2|Arcanine-Hisui, L50, F|\n|poke|p2|Chien-Pao, L50|\n|teampreview|4\n|inactive|Battle timer is ON: inactive players will automatically lose when time's up. (requested by Exnigorochi)\n|inactive|Exnigorochi has 60 seconds left.\n|inactive|Kzjrkz has 60 seconds left.\n|\n|t:|1701119305\n|start\n|switch|p1a: Tornadus|Tornadus, L50, M|100\/100\n|switch|p1b: Urshifu|Urshifu-Rapid-Strike, L50, M|100\/100\n|switch|p2a: Tornadus|Tornadus, L50, M|100\/100\n|switch|p2b: Garganacl|Garganacl, L50, F|100\/100\n|turn|1\n|\n|t:|1701119317\n|-terastallize|p2b: Garganacl|Ghost\n|move|p1a: Tornadus|Tailwind|p1a: Tornadus\n|-sidestart|p1: Exnigorochi|move: Tailwind\n|move|p1b: Urshifu|Surging Strikes|p2b: Garganacl\n|-crit|p2b: Garganacl\n|-damage|p2b: Garganacl|81\/100\n|-crit|p2b: Garganacl\n|-damage|p2b: Garganacl|62\/100\n|-crit|p2b: Garganacl\n|-damage|p2b: Garganacl|41\/100\n|-enditem|p2b: Garganacl|Sitrus Berry|[eat]\n|-heal|p2b: Garganacl|66\/100|[from] item: Sitrus Berry\n|-hitcount|p2b: Garganacl|3\n|-damage|p1b: Urshifu|91\/100|[from] item: Life Orb\n|move|p2a: Tornadus|Bleakwind Storm|p1b: Urshifu|[spread] p1a,p1b\n|-supereffective|p1b: Urshifu\n|-damage|p1a: Tornadus|59\/100\n|-damage|p1b: Urshifu|0 fnt\n|faint|p1b: Urshifu\n|move|p2b: Garganacl|Salt Cure|p1a: Tornadus\n|-supereffective|p1a: Tornadus\n|-damage|p1a: Tornadus|15\/100\n|\n|upkeep\n|\n|t:|1701119321\n|switch|p1b: Chien-Pao|Chien-Pao, L50|100\/100\n|-ability|p1b: Chien-Pao|Sword of Ruin\n|turn|2\n|\n|t:|1701119343\n|switch|p2a: Arcanine|Arcanine-Hisui, L50, F|100\/100\n|-ability|p2a: Arcanine|Intimidate|boost\n|-unboost|p1a: Tornadus|atk|1\n|-unboost|p1b: Chien-Pao|atk|1\n|move|p1b: Chien-Pao|Lash Out|p2b: Garganacl\n|-supereffective|p2b: Garganacl\n|-damage|p2b: Garganacl|0 fnt\n|faint|p2b: Garganacl\n|move|p1a: Tornadus|Bleakwind Storm|p2a: Arcanine\n|-resisted|p2a: Arcanine\n|-damage|p2a: Arcanine|69\/100\n|\n|upkeep\n|\n|t:|1701119352\n|switch|p2b: Tornadus|Tornadus, L50, M|100\/100\n|turn|3\n|\n|t:|1701119361\n|move|p2b: Tornadus|Tailwind|p2b: Tornadus\n|-sidestart|p2: Kzjrkz|move: Tailwind\n|move|p1b: Chien-Pao|Lash Out|p2a: Arcanine\n|-damage|p2a: Arcanine|18\/100\n|move|p1a: Tornadus|Bleakwind Storm|p2a: Arcanine|[spread] p2a,p2b\n|-resisted|p2a: Arcanine\n|-damage|p2a: Arcanine|0 fnt\n|-damage|p2b: Tornadus|71\/100\n|faint|p2a: Arcanine\n|\n|upkeep\n|\n|t:|1701119370\n|switch|p2a: Rillaboom|Rillaboom, L50, F|100\/100\n|-fieldstart|move: Grassy Terrain|[from] ability: Grassy Surge|[of] p2a: Rillaboom\n|turn|4\n|\n|t:|1701119377\n|move|p2a: Rillaboom|Fake Out|p1b: Chien-Pao\n|-damage|p1b: Chien-Pao|80\/100\n|cant|p1b: Chien-Pao|flinch\n|move|p1a: Tornadus|Bleakwind Storm|p2a: Rillaboom|[spread] p2a\n|-miss|p1a: Tornadus|p2b: Tornadus\n|-supereffective|p2a: Rillaboom\n|-damage|p2a: Rillaboom|39\/100\n|-unboost|p2a: Rillaboom|spe|1\n|move|p2b: Tornadus|Bleakwind Storm|p1a: Tornadus|[spread] p1a,p1b\n|-crit|p1a: Tornadus\n|-damage|p1a: Tornadus|0 fnt\n|-damage|p1b: Chien-Pao|26\/100\n|-unboost|p1b: Chien-Pao|spe|1\n|faint|p1a: Tornadus\n|\n|-heal|p1b: Chien-Pao|32\/100|[from] Grassy Terrain\n|-heal|p2a: Rillaboom|44\/100|[from] Grassy Terrain\n|-sideend|p1: Exnigorochi|move: Tailwind\n|upkeep\n|\n|t:|1701119380\n|switch|p1a: Arcanine|Arcanine-Hisui, L50, M|100\/100\n|-ability|p1a: Arcanine|Intimidate|boost\n|-unboost|p2a: Rillaboom|atk|1\n|-unboost|p2b: Tornadus|atk|1\n|turn|5\n|\n|t:|1701119396\n|move|p1b: Chien-Pao|Protect|p1b: Chien-Pao\n|-singleturn|p1b: Chien-Pao|Protect\n|move|p2b: Tornadus|Bleakwind Storm|p1b: Chien-Pao|[spread] p1a\n|-activate|p1b: Chien-Pao|move: Protect\n|-resisted|p1a: Arcanine\n|-damage|p1a: Arcanine|80\/100\n|move|p2a: Rillaboom|Wood Hammer|p1a: Arcanine\n|-damage|p1a: Arcanine|0 fnt\n|faint|p1a: Arcanine\n|-damage|p2a: Rillaboom|22\/100|[from] Recoil\n|\n|-heal|p2a: Rillaboom|28\/100|[from] Grassy Terrain\n|-heal|p1b: Chien-Pao|38\/100|[from] Grassy Terrain\n|upkeep\n|turn|6\n|\n|t:|1701119411\n|move|p2a: Rillaboom|Grassy Glide|p1b: Chien-Pao\n|-crit|p1b: Chien-Pao\n|-damage|p1b: Chien-Pao|0 fnt\n|faint|p1b: Chien-Pao\n|\n|win|Kzjrkz\n|raw|Exnigorochi's rating: 1106 &rarr; <strong>1086<\/strong><br \/>(-20 for losing)\n|raw|Kzjrkz's rating: 1174 &rarr; <strong>1194<\/strong><br \/>(+20 for winning)\n","uploadtime":1701119416,"views":2,"p1id":"exnigorochi","p2id":"kzjrkz","formatid":"gen9vgc2023regulatione","rating":1086,"private":0,"password":""}