{"id":"gen9vgc2023regulatione-1999596517","p1":"skeletal man","p2":"TheWorstCookie","format":"[Gen 9] VGC 2023 Regulation E","log":"|j|\u2606skeletal man\n|j|\u2606TheWorstCookie\n|t:|1701099672\n|gametype|doubles\n|player|p1|skeletal man|102|1222\n|player|p2|TheWorstCookie|cynthia|1216\n|teamsize|p1|6\n|teamsize|p2|6\n|gen|9\n|tier|[Gen 9] VGC 2023 Regulation E\n|rated|\n|rule|Species Clause: Limit one of each Pok\u00e9mon\n|rule|Item Clause: Limit one of each item\n|clearpoke\n|poke|p1|Chien-Pao, L50|\n|poke|p1|Urshifu-*, L50, F|\n|poke|p1|Arcanine-Hisui, L50, F|\n|poke|p1|Flutter Mane, L50|\n|poke|p1|Tornadus, L50, M|\n|poke|p1|Ninetales-Alola, L50, F|\n|poke|p2|Tornadus, L50, M|\n|poke|p2|Flutter Mane, L50|\n|poke|p2|Chien-Pao, L50|\n|poke|p2|Landorus-Therian, L50, M|\n|poke|p2|Urshifu-*, L50, M|\n|poke|p2|Heatran, L50, M|\n|teampreview|4\n|inactive|Battle timer is ON: inactive players will automatically lose when time's up. (requested by TheWorstCookie)\nskeletal man rejected open team sheets.\n|inactive|TheWorstCookie has 60 seconds left.\n|inactive|TheWorstCookie has 30 seconds left.\n|\n|t:|1701099736\n|start\n|switch|p1a: Ninetales|Ninetales-Alola, L50, F|100\/100\n|switch|p1b: Tornadus|Tornadus, L50, M|100\/100\n|switch|p2a: Tornadus|Tornadus, L50, M|100\/100\n|switch|p2b: Heatran|Heatran, L50, M|100\/100\n|-weather|Snow|[from] ability: Snow Warning|[of] p1a: Ninetales\n|turn|1\n|inactive|skeletal man has 30 seconds left.\n|\n|t:|1701099761\n|move|p2b: Heatran|Protect|p2b: Heatran\n|-singleturn|p2b: Heatran|Protect\n|move|p2a: Tornadus|Tailwind|p2a: Tornadus\n|-sidestart|p2: TheWorstCookie|move: Tailwind\n|move|p1b: Tornadus|Tailwind|p1b: Tornadus\n|-sidestart|p1: skeletal man|move: Tailwind\n|move|p1a: Ninetales|Encore|p2a: Tornadus\n|-start|p2a: Tornadus|Encore\n|-enditem|p2a: Tornadus|Mental Herb\n|-end|p2a: Tornadus|Encore\n|\n|-weather|Snow|[upkeep]\n|upkeep\n|turn|2\n|\n|t:|1701099779\n|move|p2a: Tornadus|Sunny Day|p2a: Tornadus\n|-weather|SunnyDay\n|move|p1a: Ninetales|Encore|p2b: Heatran\n|-start|p2b: Heatran|Encore\n|move|p1b: Tornadus|Icy Wind|p2b: Heatran|[spread] p2a,p2b\n|-supereffective|p2a: Tornadus\n|-resisted|p2b: Heatran\n|-damage|p2a: Tornadus|64\/100\n|-damage|p2b: Heatran|97\/100\n|-unboost|p2a: Tornadus|spe|1\n|-unboost|p2b: Heatran|spe|1\n|move|p2b: Heatran|Protect||[still]\n|-fail|p2b: Heatran\n|\n|-weather|SunnyDay|[upkeep]\n|upkeep\n|turn|3\n|\n|t:|1701099799\n|switch|p2b: Chien-Pao|Chien-Pao, L50|100\/100\n|-ability|p2b: Chien-Pao|Sword of Ruin\n|move|p1b: Tornadus|Rain Dance|p1b: Tornadus\n|-weather|RainDance\n|move|p1a: Ninetales|Icy Wind|p2b: Chien-Pao|[spread] p2a,p2b\n|-supereffective|p2a: Tornadus\n|-resisted|p2b: Chien-Pao\n|-damage|p2a: Tornadus|33\/100\n|-damage|p2b: Chien-Pao|90\/100\n|-unboost|p2a: Tornadus|spe|1\n|-unboost|p2b: Chien-Pao|spe|1\n|move|p2a: Tornadus|Bleakwind Storm|p1b: Tornadus|[spread] p1a,p1b\n|-damage|p1a: Ninetales|67\/100\n|-damage|p1b: Tornadus|58\/100\n|\n|-weather|RainDance|[upkeep]\n|upkeep\n|turn|4\n|inactive|TheWorstCookie has 30 seconds left.\n|inactive|TheWorstCookie has 20 seconds left.\n|inactive|TheWorstCookie has 15 seconds left.\n|inactive|TheWorstCookie has 10 seconds left.\n|\n|t:|1701099845\n|move|p2a: Tornadus|Sunny Day|p2a: Tornadus\n|-weather|SunnyDay\n|move|p1a: Ninetales|Icy Wind|p2b: Chien-Pao|[spread] p2a,p2b\n|-supereffective|p2a: Tornadus\n|-resisted|p2b: Chien-Pao\n|-damage|p2a: Tornadus|0 fnt\n|-damage|p2b: Chien-Pao|80\/100\n|-unboost|p2b: Chien-Pao|spe|1\n|faint|p2a: Tornadus\n|move|p1b: Tornadus|Bleakwind Storm|p2b: Chien-Pao\n|-damage|p2b: Chien-Pao|0 fnt\n|faint|p2b: Chien-Pao\n|\n|-weather|SunnyDay|[upkeep]\n|-sideend|p2: TheWorstCookie|move: Tailwind\n|-sideend|p1: skeletal man|move: Tailwind\n|upkeep\n|\n|t:|1701099859\n|switch|p2b: Urshifu|Urshifu-Rapid-Strike, L50, M|100\/100\n|switch|p2a: Heatran|Heatran, L50, M|97\/100\n|turn|5\n|\n|t:|1701099869\n|move|p1b: Tornadus|Tailwind|p1b: Tornadus\n|-sidestart|p1: skeletal man|move: Tailwind\n|move|p1a: Ninetales|Freeze-Dry|p2b: Urshifu\n|-supereffective|p2b: Urshifu\n|-damage|p2b: Urshifu|33\/100\n|move|p2b: Urshifu|Surging Strikes|p1b: Tornadus\n|-crit|p1b: Tornadus\n|-damage|p1b: Tornadus|37\/100\n|-crit|p1b: Tornadus\n|-damage|p1b: Tornadus|16\/100\n|-crit|p1b: Tornadus\n|-damage|p1b: Tornadus|0 fnt\n|faint|p1b: Tornadus\n|-hitcount|p1: Tornadus|3\n|move|p2a: Heatran|Heat Wave|p1a: Ninetales\n|-supereffective|p1a: Ninetales\n|-damage|p1a: Ninetales|0 fnt\n|faint|p1a: Ninetales\n|-damage|p2a: Heatran|88\/100|[from] item: Life Orb\n|\n|-weather|SunnyDay|[upkeep]\n|upkeep\n|\n|t:|1701099884\n|switch|p1a: Arcanine|Arcanine-Hisui, L50, F|100\/100\n|switch|p1b: Urshifu|Urshifu-Rapid-Strike, L50, F|100\/100\n|-ability|p1a: Arcanine|Intimidate|boost\n|-unboost|p2a: Heatran|atk|1\n|-unboost|p2b: Urshifu|atk|1\n|turn|6\n|\n|t:|1701099912\n|-terastallize|p1a: Arcanine|Normal\n|-terastallize|p2a: Heatran|Grass\n|move|p1a: Arcanine|Extreme Speed|p2b: Urshifu\n|-damage|p2b: Urshifu|0 fnt\n|faint|p2b: Urshifu\n|move|p1b: Urshifu|Close Combat|p2a: Heatran\n|-damage|p2a: Heatran|27\/100\n|-unboost|p1b: Urshifu|def|1\n|-unboost|p1b: Urshifu|spd|1\n|move|p2a: Heatran|Heat Wave|p1a: Arcanine|[spread] p1a\n|-miss|p2a: Heatran|p1b: Urshifu\n|-damage|p1a: Arcanine|14\/100\n|-status|p1a: Arcanine|brn\n|-damage|p2a: Heatran|17\/100|[from] item: Life Orb\n|\n|-weather|SunnyDay|[upkeep]\n|-damage|p1a: Arcanine|8\/100 brn|[from] brn\n|upkeep\n|turn|7\n|inactive|TheWorstCookie has 30 seconds left.\n|inactive|TheWorstCookie has 20 seconds left.\n|\n|t:|1701099949\n|move|p1a: Arcanine|Extreme Speed|p2a: Heatran\n|-damage|p2a: Heatran|0 fnt\n|faint|p2a: Heatran\n|\n|win|skeletal man\n|raw|skeletal man's rating: 1222 &rarr; <strong>1247<\/strong><br \/>(+25 for winning)\n|raw|TheWorstCookie's rating: 1216 &rarr; <strong>1191<\/strong><br \/>(-25 for losing)\n|l|\u2606TheWorstCookie\n|l|\u2606skeletal man\n|j|\u2606skeletal man\n|player|p1|skeletal man|102\n","uploadtime":1701100000,"views":24,"p1id":"skeletalman","p2id":"theworstcookie","formatid":"gen9vgc2023regulatione","rating":1191,"private":0,"password":""}