{"id":"gen9vgc2023regulatione-1989649569","p1":"Ayresbrun","p2":"Hweeson","format":"[Gen 9] VGC 2023 Regulation E","log":"|j|\u2606Ayresbrun\n|j|\u2606Hweeson\n|t:|1699883123\n|gametype|doubles\n|player|p1|Ayresbrun|266|1327\n|player|p2|Hweeson|266|1329\n|teamsize|p1|6\n|teamsize|p2|6\n|gen|9\n|tier|[Gen 9] VGC 2023 Regulation E\n|rated|\n|rule|Species Clause: Limit one of each Pok\u00e9mon\n|rule|Item Clause: Limit one of each item\n|clearpoke\n|poke|p1|Flutter Mane, L50|\n|poke|p1|Tornadus, L50, M|\n|poke|p1|Heatran, L50, M|\n|poke|p1|Rillaboom, L50, M|\n|poke|p1|Arcanine, L50, M|\n|poke|p1|Hydreigon, L50, M|\n|poke|p2|Moltres-Galar, L50|\n|poke|p2|Sinistcha, L50|\n|poke|p2|Arcanine, L50, M|\n|poke|p2|Cresselia, L50, F|\n|poke|p2|Gyarados, L50, F|\n|poke|p2|Landorus-Therian, L50, M|\n|teampreview|4\n|inactive|Battle timer is ON: inactive players will automatically lose when time's up. (requested by Hweeson)\nAyresbrun has agreed to open team sheets.\nHweeson rejected open team sheets.\n|inactive|Ayresbrun has 60 seconds left.\n|inactive|Hweeson has 60 seconds left.\n|inactive|Ayresbrun has 30 seconds left.\n|inactive|Ayresbrun has 20 seconds left.\n|\n|t:|1699883195\n|start\n|switch|p1a: Rillaboom|Rillaboom, L50, M|100\/100\n|switch|p1b: Hydreigon|Hydreigon, L50, M|100\/100\n|switch|p2a: Moltres|Moltres-Galar, L50|100\/100\n|switch|p2b: Cresselia|Cresselia, L50, F|100\/100\n|-fieldstart|move: Grassy Terrain|[from] ability: Grassy Surge|[of] p1a: Rillaboom\n|turn|1\n|inactive|Hweeson has 30 seconds left.\n|inactive|Hweeson has 20 seconds left.\n|\n|t:|1699883234\n|switch|p2b: Landorus|Landorus-Therian, L50, M|100\/100\n|-ability|p2b: Landorus|Intimidate|boost\n|-unboost|p1a: Rillaboom|atk|1\n|-unboost|p1b: Hydreigon|atk|1\n|move|p1a: Rillaboom|Fake Out|p2a: Moltres\n|-damage|p2a: Moltres|91\/100\n|cant|p2a: Moltres|flinch\n|move|p1b: Hydreigon|Focus Energy|p1b: Hydreigon\n|-start|p1b: Hydreigon|move: Focus Energy\n|\n|upkeep\n|turn|2\n|inactive|Ayresbrun has 30 seconds left.\n|\n|t:|1699883262\n|-terastallize|p1b: Hydreigon|Steel\n|move|p2b: Landorus|Rock Slide|p1b: Hydreigon|[spread] p1a,p1b\n|-resisted|p1b: Hydreigon\n|-damage|p1a: Rillaboom|82\/100\n|-damage|p1b: Hydreigon|90\/100\n|move|p2a: Moltres|Fiery Wrath|p1a: Rillaboom|[spread] p1a,p1b\n|-damage|p1a: Rillaboom|61\/100\n|-damage|p1b: Hydreigon|63\/100\n|move|p1b: Hydreigon|Draco Meteor|p2a: Moltres\n|-crit|p2a: Moltres\n|-damage|p2a: Moltres|10\/100\n|-unboost|p1b: Hydreigon|spa|2\n|-ability|p2a: Moltres|Berserk|boost\n|-boost|p2a: Moltres|spa|1\n|move|p1a: Rillaboom|Wood Hammer|p2b: Landorus\n|-damage|p2b: Landorus|46\/100\n|-damage|p1a: Rillaboom|44\/100|[from] Recoil\n|\n|-heal|p1b: Hydreigon|69\/100|[from] item: Leftovers\n|-heal|p1a: Rillaboom|50\/100|[from] Grassy Terrain\n|upkeep\n|turn|3\n|inactive|Ayresbrun has 30 seconds left.\n|\n|t:|1699883288\n|move|p1a: Rillaboom|Grassy Glide|p2a: Moltres\n|-resisted|p2a: Moltres\n|-damage|p2a: Moltres|0 fnt\n|faint|p2a: Moltres\n|move|p2b: Landorus|Rock Slide|p1b: Hydreigon|[spread] p1a\n|-miss|p2b: Landorus|p1b: Hydreigon\n|-damage|p1a: Rillaboom|29\/100\n|move|p1b: Hydreigon|Dark Pulse|p2b: Landorus\n|-damage|p2b: Landorus|21\/100\n|\n|-heal|p1b: Hydreigon|75\/100|[from] item: Leftovers\n|-heal|p1a: Rillaboom|35\/100|[from] Grassy Terrain\n|upkeep\n|\n|t:|1699883305\n|switch|p2a: Sinistcha|Sinistcha, L50|100\/100\n|-heal|p2b: Landorus|46\/100|[from] ability: Hospitality|[of] p2a: Sinistcha\n|turn|4\n|\n|t:|1699883318\n|-terastallize|p2a: Sinistcha|Water\n|move|p2b: Landorus|Rock Slide|p1b: Hydreigon|[spread] p1a,p1b\n|-resisted|p1b: Hydreigon\n|-damage|p1a: Rillaboom|15\/100\n|-damage|p1b: Hydreigon|65\/100\n|move|p1b: Hydreigon|Dark Pulse|p2a: Sinistcha\n|-damage|p2a: Sinistcha|78\/100\n|move|p1a: Rillaboom|Wood Hammer|p2b: Landorus\n|-damage|p2b: Landorus|0 fnt\n|faint|p2b: Landorus\n|-damage|p1a: Rillaboom|1\/100|[from] Recoil\n|move|p2a: Sinistcha|Matcha Gotcha|p1b: Hydreigon|[spread] p1a,p1b\n|-resisted|p1a: Rillaboom\n|-resisted|p1b: Hydreigon\n|-damage|p1a: Rillaboom|0 fnt\n|-heal|p2a: Sinistcha|78\/100|[from] drain|[of] p1a: Rillaboom\n|-damage|p1b: Hydreigon|48\/100\n|-heal|p2a: Sinistcha|88\/100|[from] drain|[of] p1b: Hydreigon\n|faint|p1a: Rillaboom\n|\n|-heal|p1b: Hydreigon|54\/100|[from] item: Leftovers\n|-heal|p2a: Sinistcha|94\/100|[from] Grassy Terrain\n|upkeep\n|inactive|Ayresbrun has 30 seconds left.\n|\n|t:|1699883349\n|switch|p2b: Cresselia|Cresselia, L50, F|100\/100\n|switch|p1a: Flutter Mane|Flutter Mane, L50|100\/100\n|turn|5\n|\n|t:|1699883363\n|switch|p1b: Heatran|Heatran, L50, M|100\/100\n|move|p1a: Flutter Mane|Shadow Ball|p2b: Cresselia\n|-supereffective|p2b: Cresselia\n|-damage|p2b: Cresselia|25\/100\n|-unboost|p2b: Cresselia|spd|1\n|move|p2a: Sinistcha|Shadow Ball|p1a: Flutter Mane\n|-supereffective|p1a: Flutter Mane\n|-damage|p1a: Flutter Mane|28\/100\n|move|p2b: Cresselia|Trick Room|p2b: Cresselia\n|-fieldstart|move: Trick Room|[of] p2b: Cresselia\n|\n|-heal|p2a: Sinistcha|100\/100|[from] Grassy Terrain\n|-heal|p1a: Flutter Mane|33\/100|[from] Grassy Terrain\n|-fieldend|move: Grassy Terrain\n|upkeep\n|turn|6\n|inactive|Hweeson has 30 seconds left.\n|\n|t:|1699883394\n|-end|p1a: Flutter Mane|Protosynthesis|[silent]\n|switch|p1a: Hydreigon|Hydreigon, L50, M, tera:Steel|54\/100\n|move|p2a: Sinistcha|Matcha Gotcha|p1b: Heatran|[spread] p1a,p1b\n|-resisted|p1a: Hydreigon\n|-resisted|p1b: Heatran\n|-damage|p1a: Hydreigon|39\/100\n|-damage|p1b: Heatran|94\/100\n|move|p2b: Cresselia|Psychic|p1a: Hydreigon\n|-resisted|p1a: Hydreigon\n|-damage|p1a: Hydreigon|27\/100\n|move|p1b: Heatran|Heat Wave|p2b: Cresselia|[spread] p2b\n|-miss|p1b: Heatran|p2a: Sinistcha\n|-damage|p2b: Cresselia|0 fnt\n|faint|p2b: Cresselia\n|-damage|p1b: Heatran|84\/100|[from] item: Life Orb\n|\n|-heal|p1a: Hydreigon|33\/100|[from] item: Leftovers\n|upkeep\n|turn|7\n|inactive|Ayresbrun has 30 seconds left.\n|\n|t:|1699883424\n|move|p1a: Hydreigon|Protect|p1a: Hydreigon\n|-singleturn|p1a: Hydreigon|Protect\n|move|p2a: Sinistcha|Matcha Gotcha|p1b: Heatran|[spread] p1b\n|-activate|p1a: Hydreigon|move: Protect\n|-resisted|p1b: Heatran\n|-damage|p1b: Heatran|78\/100\n|move|p1b: Heatran|Flash Cannon|p2a: Sinistcha\n|-resisted|p2a: Sinistcha\n|-damage|p2a: Sinistcha|72\/100\n|-damage|p1b: Heatran|69\/100|[from] item: Life Orb\n|\n|-heal|p1a: Hydreigon|39\/100|[from] item: Leftovers\n|upkeep\n|turn|8\n|inactive|Ayresbrun has 30 seconds left.\n|\n|t:|1699883454\n|move|p2a: Sinistcha|Matcha Gotcha|p1b: Heatran|[spread] p1a,p1b\n|-resisted|p1a: Hydreigon\n|-resisted|p1b: Heatran\n|-damage|p1a: Hydreigon|25\/100\n|-heal|p2a: Sinistcha|80\/100|[from] drain|[of] p1a: Hydreigon\n|-damage|p1b: Heatran|63\/100\n|-heal|p2a: Sinistcha|83\/100|[from] drain|[of] p1b: Heatran\n|-status|p1a: Hydreigon|brn\n|move|p1b: Heatran|Earth Power|p2a: Sinistcha\n|-damage|p2a: Sinistcha|41\/100\n|-enditem|p2a: Sinistcha|Sitrus Berry|[eat]\n|-heal|p2a: Sinistcha|65\/100|[from] item: Sitrus Berry\n|-damage|p1b: Heatran|53\/100|[from] item: Life Orb\n|move|p1a: Hydreigon|Dark Pulse|p2a: Sinistcha\n|-damage|p2a: Sinistcha|23\/100\n|\n|-heal|p1a: Hydreigon|31\/100 brn|[from] item: Leftovers\n|-damage|p1a: Hydreigon|25\/100 brn|[from] brn\n|upkeep\n|turn|9\n|\n|t:|1699883473\n|move|p1b: Heatran|Protect|p1b: Heatran\n|-singleturn|p1b: Heatran|Protect\n|move|p1a: Hydreigon|Protect|p1a: Hydreigon\n|-singleturn|p1a: Hydreigon|Protect\n|move|p2a: Sinistcha|Shadow Ball|p1b: Heatran\n|-activate|p1b: Heatran|move: Protect\n|\n|-heal|p1a: Hydreigon|31\/100 brn|[from] item: Leftovers\n|-damage|p1a: Hydreigon|25\/100 brn|[from] brn\n|-fieldend|move: Trick Room\n|upkeep\n|turn|10\n|-message|Hweeson forfeited.\n|\n|win|Ayresbrun\n|raw|Ayresbrun's rating: 1327 &rarr; <strong>1347<\/strong><br \/>(+20 for winning)\n|raw|Hweeson's rating: 1329 &rarr; <strong>1309<\/strong><br \/>(-20 for losing)\n|l|\u2606Hweeson\n","uploadtime":1699883487,"views":20,"p1id":"ayresbrun","p2id":"hweeson","formatid":"gen9vgc2023regulatione","rating":1309,"private":0,"password":""}