{"id":"gen9vgc2023regulatione-1992563590","p1":"Lynx417","p2":"Levelup_yaman","format":"[Gen 9] VGC 2023 Regulation E","log":"|j|\u2606Lynx417\n|j|\u2606Levelup_yaman\n|t:|1700206473\n|gametype|doubles\n|player|p1|Lynx417|170|1016\n|player|p2|Levelup_yaman|picnicker|1000\n|teamsize|p1|6\n|teamsize|p2|6\n|gen|9\n|tier|[Gen 9] VGC 2023 Regulation E\n|rated|\n|rule|Species Clause: Limit one of each Pok\u00e9mon\n|rule|Item Clause: Limit one of each item\n|clearpoke\n|poke|p1|Gholdengo, L50|\n|poke|p1|Pelipper, L50, F|\n|poke|p1|Amoonguss, L50, M|\n|poke|p1|Tatsugiri, L50, F|\n|poke|p1|Dondozo, L50, F|\n|poke|p1|Basculegion, L50, M|\n|poke|p2|Sinistcha-Masterpiece, L50|\n|poke|p2|Landorus-Therian, L50, M|\n|poke|p2|Baxcalibur, L50, M|\n|poke|p2|Ogerpon-Wellspring, L50, F|\n|poke|p2|Tornadus, L50, M|\n|poke|p2|Skeledirge, L50, F|\n|teampreview|4\n|inactive|Battle timer is ON: inactive players will automatically lose when time's up. (requested by Levelup_yaman)\n|\n|t:|1700206488\n|start\n|switch|p1a: Gholdengo|Gholdengo, L50|100\/100\n|switch|p1b: Amoonguss|Amoonguss, L50, M|100\/100\n|switch|p2a: Landorus|Landorus-Therian, L50, M|100\/100\n|switch|p2b: Tornadus|Tornadus, L50, M|100\/100\n|-ability|p2a: Landorus|Intimidate|boost\n|-unboost|p1a: Gholdengo|atk|1\n|-unboost|p1b: Amoonguss|atk|1\n|turn|1\n|\n|t:|1700206508\n|-terastallize|p2a: Landorus|Flying\n|move|p2b: Tornadus|Tailwind|p2b: Tornadus\n|-sidestart|p2: Levelup_yaman|move: Tailwind\n|move|p2a: Landorus|Tera Blast|p1b: Amoonguss|[anim] Tera Blast Flying\n|-supereffective|p1b: Amoonguss\n|-damage|p1b: Amoonguss|0 fnt\n|faint|p1b: Amoonguss\n|move|p1a: Gholdengo|Thunderbolt|p2b: Tornadus\n|-supereffective|p2b: Tornadus\n|-damage|p2b: Tornadus|46\/100\n|\n|upkeep\n|\n|t:|1700206519\n|switch|p1b: Tatsugiri|Tatsugiri, L50, F|100\/100\n|turn|2\n|\n|t:|1700206527\n|switch|p1a: Dondozo|Dondozo, L50, F|100\/100\n|-activate|p1b: Tatsugiri|ability: Commander|[of] p1a: Dondozo\n|-boost|p1a: Dondozo|atk|2\n|-boost|p1a: Dondozo|spa|2\n|-boost|p1a: Dondozo|spe|2\n|-boost|p1a: Dondozo|def|2\n|-boost|p1a: Dondozo|spd|2\n|move|p2a: Landorus|Tera Blast|p1b: Tatsugiri|[anim] Tera Blast Flying|[miss]\n|-miss|p2a: Landorus|p1b: Tatsugiri\n|move|p2b: Tornadus|Bleakwind Storm|p1a: Dondozo|[spread] p1a\n|-miss|p2b: Tornadus|p1b: Tatsugiri\n|-damage|p1a: Dondozo|85\/100\n|\n|upkeep\n|turn|3\n|\n|t:|1700206547\n|move|p2b: Tornadus|Sunny Day|p2b: Tornadus\n|-weather|SunnyDay\n|move|p2a: Landorus|Tera Blast|p1a: Dondozo|[anim] Tera Blast Flying\n|-damage|p1a: Dondozo|66\/100\n|move|p1a: Dondozo|Wave Crash|p2a: Landorus\n|-damage|p2a: Landorus|36\/100\n|-damage|p1a: Dondozo|53\/100|[from] Recoil\n|\n|-weather|SunnyDay|[upkeep]\n|upkeep\n|turn|4\n|\n|t:|1700206560\n|move|p2a: Landorus|Tera Blast|p1a: Dondozo|[anim] Tera Blast Flying\n|-damage|p1a: Dondozo|33\/100\n|move|p2b: Tornadus|Bleakwind Storm|p1a: Dondozo|[spread] \n|-miss|p2b: Tornadus|p1b: Tatsugiri\n|-miss|p2b: Tornadus|p1a: Dondozo\n|move|p1a: Dondozo|Order Up|p2a: Landorus\n|-damage|p2a: Landorus|0 fnt\n|faint|p2a: Landorus\n|-boost|p1a: Dondozo|atk|1\n|\n|-weather|SunnyDay|[upkeep]\n|-sideend|p2: Levelup_yaman|move: Tailwind\n|upkeep\n|\n|t:|1700206569\n|switch|p2a: Ogerpon|Ogerpon-Wellspring, L50, F|100\/100\n|turn|5\n|inactive|Lynx417 has 30 seconds left.\n|inactive|Lynx417 has 20 seconds left.\n|\n|t:|1700206606\n|move|p2b: Tornadus|Tailwind|p2b: Tornadus\n|-sidestart|p2: Levelup_yaman|move: Tailwind\n|move|p2a: Ogerpon|Wood Hammer|p1a: Dondozo\n|-supereffective|p1a: Dondozo\n|-damage|p1a: Dondozo|0 fnt\n|faint|p1a: Dondozo\n|-damage|p2a: Ogerpon|82\/100|[from] Recoil\n|\n|-weather|SunnyDay|[upkeep]\n|upkeep\n|\n|t:|1700206610\n|switch|p1a: Gholdengo|Gholdengo, L50|100\/100\n|turn|6\n|\n|t:|1700206632\n|move|p2a: Ogerpon|Play Rough|p1b: Tatsugiri\n|-supereffective|p1b: Tatsugiri\n|-damage|p1b: Tatsugiri|0 fnt\n|faint|p1b: Tatsugiri\n|move|p2b: Tornadus|Bleakwind Storm|p1a: Gholdengo\n|-resisted|p1a: Gholdengo\n|-damage|p1a: Gholdengo|76\/100\n|move|p1a: Gholdengo|Make It Rain|p2a: Ogerpon|[spread] p2a,p2b\n|-resisted|p2a: Ogerpon\n|-damage|p2a: Ogerpon|55\/100\n|-damage|p2b: Tornadus|8\/100\n|-unboost|p1a: Gholdengo|spa|1\n|\n|-weather|SunnyDay|[upkeep]\n|-heal|p1a: Gholdengo|83\/100|[from] item: Leftovers\n|upkeep\n|turn|7\n|\n|t:|1700206648\n|move|p2a: Ogerpon|Ivy Cudgel|p1a: Gholdengo|[anim] Ivy Cudgel Water\n|-damage|p1a: Gholdengo|49\/100\n|move|p2b: Tornadus|Bleakwind Storm|p1a: Gholdengo\n|-resisted|p1a: Gholdengo\n|-damage|p1a: Gholdengo|25\/100\n|move|p1a: Gholdengo|Make It Rain|p2a: Ogerpon|[spread] p2a,p2b\n|-resisted|p2a: Ogerpon\n|-damage|p2a: Ogerpon|34\/100\n|-damage|p2b: Tornadus|0 fnt\n|-unboost|p1a: Gholdengo|spa|1\n|faint|p2b: Tornadus\n|\n|-weather|none\n|-heal|p1a: Gholdengo|31\/100|[from] item: Leftovers\n|upkeep\n|\n|t:|1700206656\n|switch|p2b: Sinistcha|Sinistcha-Masterpiece, L50|100\/100\n|-heal|p2a: Ogerpon|59\/100|[from] ability: Hospitality|[of] p2b: Sinistcha\n|turn|8\n|\n|t:|1700206665\n|-terastallize|p1a: Gholdengo|Steel\n|move|p2a: Ogerpon|Ivy Cudgel|p1a: Gholdengo|[anim] Ivy Cudgel Water\n|-damage|p1a: Gholdengo|0 fnt\n|faint|p1a: Gholdengo\n|\n|win|Levelup_yaman\n|raw|Lynx417's rating: 1016 &rarr; <strong>1003<\/strong><br \/>(-13 for losing)\n|raw|Levelup_yaman's rating: 1000 &rarr; <strong>1042<\/strong><br \/>(+42 for winning)\n|c|\u2606Lynx417|gg\n|l|\u2606Lynx417\n","uploadtime":1700206674,"views":16,"p1id":"lynx417","p2id":"levelupyaman","formatid":"gen9vgc2023regulatione","rating":1003,"private":0,"password":""}