{"id":"gen9vgc2023regulatione-1989403421","p1":"ori11","p2":"Bioniclettuce","format":"[Gen 9] VGC 2023 Regulation E","log":"|j|\u2606ori11\n|j|\u2606Bioniclettuce\n|t:|1699845805\n|gametype|doubles\n|player|p1|ori11|101|\n|player|p2|Bioniclettuce|alder|\n|teamsize|p1|6\n|teamsize|p2|6\n|gen|9\n|tier|[Gen 9] VGC 2023 Regulation E\n|rule|Species Clause: Limit one of each Pok\u00e9mon\n|rule|Item Clause: Limit one of each item\n|clearpoke\n|poke|p1|Urshifu-*, L50, M|\n|poke|p1|Heatran, L50, M|\n|poke|p1|Articuno, L50|\n|poke|p1|Abomasnow, L50, M|\n|poke|p1|Jolteon, L50, F|\n|poke|p1|Annihilape, L50, F|\n|poke|p2|Tornadus, L50, M|\n|poke|p2|Dragapult, L50, M|\n|poke|p2|Wyrdeer, L50, F|\n|poke|p2|Okidogi, L50, M|\n|poke|p2|Ogerpon-Cornerstone, L50, F|\n|poke|p2|Moltres-Galar, L50|\n|teampreview|4\n|l|\u2606ori11\n|player|p1|\nBioniclettuce rejected open team sheets.\n|j|\u2606ori11\n|player|p1|ori11|101\n|l|\u2606ori11\n|player|p1|\n|c|\u2606Bioniclettuce|glhf\n|j|\u2606ori11\n|player|p1|ori11|101\n|c|\u2606ori11|You too fam\n|j| fayetssf\n|l|\u2606ori11\n|player|p1|\n|j|\u2606ori11\n|player|p1|ori11|101\n|j| Fleechi\n|c|\u2606Bioniclettuce|is your internet good\n|c|\u2606Bioniclettuce|LOL\n|\n|t:|1699845963\n|start\n|switch|p1a: Jolteon|Jolteon, L50, F|100\/100\n|switch|p1b: Annihilape|Annihilape, L50, F|100\/100\n|switch|p2a: Mountain Dew|Wyrdeer, L50, F|100\/100\n|switch|p2b: biggies|Okidogi, L50, M|100\/100\n|-ability|p2a: Mountain Dew|Intimidate|boost\n|-unboost|p1a: Jolteon|atk|1\n|-unboost|p1b: Annihilape|atk|1\n|-ability|p1b: Annihilape|Defiant|boost\n|-boost|p1b: Annihilape|atk|2\n|turn|1\n|\n|t:|1699846004\n|-terastallize|p1b: Annihilape|Fairy\n|move|p1a: Jolteon|Pin Missile|p1b: Annihilape\n|-resisted|p1b: Annihilape\n|-damage|p1b: Annihilape|99\/100\n|-resisted|p1b: Annihilape\n|-damage|p1b: Annihilape|98\/100\n|-resisted|p1b: Annihilape\n|-damage|p1b: Annihilape|96\/100\n|-resisted|p1b: Annihilape\n|-damage|p1b: Annihilape|95\/100\n|-resisted|p1b: Annihilape\n|-damage|p1b: Annihilape|94\/100\n|-hitcount|p1b: Annihilape|5\n|move|p2b: biggies|Knock Off|p1a: Jolteon\n|-damage|p1a: Jolteon|34\/100\n|-enditem|p1a: Jolteon|Loaded Dice|[from] move: Knock Off|[of] p2b: biggies\n|move|p1b: Annihilape|Tera Blast|p2b: biggies|[anim] Tera Blast Fairy\n|-damage|p2b: biggies|39\/100\n|move|p2a: Mountain Dew|Skill Swap|p1b: Annihilape\n|-activate|p2a: Mountain Dew|move: Skill Swap|Defiant|Intimidate|[of] p1b: Annihilape\n|-ability|p1b: Annihilape|Intimidate|boost\n|-unboost|p2a: Mountain Dew|atk|1\n|-ability|p2a: Mountain Dew|Defiant|boost\n|-boost|p2a: Mountain Dew|atk|2\n|-ability|p2b: biggies|Guard Dog|boost\n|-boost|p2b: biggies|atk|1\n|\n|-heal|p2b: biggies|45\/100|[from] item: Leftovers\n|upkeep\n|turn|2\n|j| Burnerv2\n|c|\u2606ori11|LOL\n|c|\u2606ori11|im on mobile\n|\n|t:|1699846060\n|move|p1a: Jolteon|Thunderbolt|p2a: Mountain Dew\n|-damage|p2a: Mountain Dew|70\/100\n|move|p2b: biggies|Drain Punch|p1a: Jolteon\n|-damage|p1a: Jolteon|0 fnt\n|-heal|p2b: biggies|60\/100|[from] drain|[of] p1a: Jolteon\n|faint|p1a: Jolteon\n|move|p1b: Annihilape|Rage Fist|p2b: biggies\n|-damage|p2b: biggies|0 fnt\n|faint|p2b: biggies\n|move|p2a: Mountain Dew|Reflect|p2a: Mountain Dew\n|-sidestart|p2: Bioniclettuce|Reflect\n|\n|upkeep\n|c|\u2606ori11|So like i kepy going back to the disc to donthe link\n|c|\u2606ori11|also incant yupe well\n|c|\u2606ori11|like a walking tpyo\n|\n|t:|1699846097\n|switch|p1a: Urshifu|Urshifu, L50, M|100\/100\n|switch|p2b: biggies' dad|Ogerpon-Cornerstone, L50, F|100\/100\n|turn|3\n|\n|t:|1699846137\n|move|p2b: biggies' dad|Ivy Cudgel|p1b: Annihilape\n|-damage|p1b: Annihilape|35\/100\n|-enditem|p1b: Annihilape|Sitrus Berry|[eat]\n|-heal|p1b: Annihilape|60\/100|[from] item: Sitrus Berry\n|move|p1a: Urshifu|Wicked Blow|p2a: Mountain Dew\n|-supereffective|p2a: Mountain Dew\n|-crit|p2a: Mountain Dew\n|-damage|p2a: Mountain Dew|0 fnt\n|faint|p2a: Mountain Dew\n|move|p1b: Annihilape|Rage Fist|p2b: biggies' dad\n|-ability|p2b: biggies' dad|Sturdy\n|-damage|p2b: biggies' dad|1\/100\n|\n|upkeep\n|c|\u2606ori11|I didnt realize it showed that many disconnects\n|\n|t:|1699846148\n|switch|p2a: HyperX Headset|Dragapult, L50, M|100\/100\n|turn|4\n|\n|t:|1699846164\n|-terastallize|p2a: HyperX Headset|Ghost\n|move|p2a: HyperX Headset|Tera Blast|p1a: Urshifu|[anim] Tera Blast Ghost\n|-resisted|p1a: Urshifu\n|-damage|p1a: Urshifu|68\/100\n|-damage|p2a: HyperX Headset|91\/100|[from] item: Life Orb\n|move|p2b: biggies' dad|Ivy Cudgel|p1b: Annihilape\n|-crit|p1b: Annihilape\n|-damage|p1b: Annihilape|0 fnt\n|faint|p1b: Annihilape\n|move|p1a: Urshifu|Wicked Blow|p2a: HyperX Headset\n|-supereffective|p2a: HyperX Headset\n|-crit|p2a: HyperX Headset\n|-damage|p2a: HyperX Headset|0 fnt\n|faint|p2a: HyperX Headset\n|\n|upkeep\n|\n|t:|1699846175\n|switch|p1b: Abomasnow|Abomasnow, L50, M|100\/100\n|-weather|Snow|[from] ability: Snow Warning|[of] p1b: Abomasnow\n|turn|5\n|\n|t:|1699846181\n|move|p2b: biggies' dad|Ivy Cudgel|p1a: Urshifu\n|-resisted|p1a: Urshifu\n|-damage|p1a: Urshifu|40\/100\n|move|p1a: Urshifu|Wicked Blow|p2b: biggies' dad\n|-crit|p2b: biggies' dad\n|-damage|p2b: biggies' dad|0 fnt\n|faint|p2b: biggies' dad\n|\n|win|ori11\n|c|\u2606Bioniclettuce|gg\n|l|\u2606Bioniclettuce\n|c|\u2606ori11|Gg\n|l| fayetssf\n|l| Burnerv2\n|j| fayetssf\n|l| fayetssf\n|l|\u2606ori11\n|j| fayetssf\n","uploadtime":1699846596,"views":10,"p1id":"ori11","p2id":"bioniclettuce","formatid":"gen9vgc2023regulatione","rating":0,"private":0,"password":""}