{"id":"gen9vgc2023regulatione-1989900957","p1":"tqyqt","p2":"larskorrie","format":"[Gen 9] VGC 2023 Regulation E","log":"|j|\u2606tqyqt\n|j|\u203dlarskorrie\n|t:|1699905156\n|gametype|doubles\n|player|p1|tqyqt|bugcatcher-gen4dp|1176\n|player|p2|larskorrie|skyla|1297\n|teamsize|p1|6\n|teamsize|p2|6\n|gen|9\n|tier|[Gen 9] VGC 2023 Regulation E\n|rated|\n|rule|Species Clause: Limit one of each Pok\u00e9mon\n|rule|Item Clause: Limit one of each item\n|clearpoke\n|poke|p1|Ninetales-Alola, L50, M|\n|poke|p1|Frosmoth, L50, M|\n|poke|p1|Sinistcha-Masterpiece, L50|\n|poke|p1|Chi-Yu, L50|\n|poke|p1|Landorus-Therian, L50, M|\n|poke|p1|Urshifu-*, L50, F|\n|poke|p2|Chi-Yu, L50|\n|poke|p2|Oranguru, L50, F|\n|poke|p2|Garchomp, L50, M|\n|poke|p2|Tyranitar, L50, M|\n|poke|p2|Iron Bundle, L50|\n|poke|p2|Amoonguss, L50, M|\n|teampreview|4\n|\n|t:|1699905176\n|start\n|switch|p1a: Ninetales|Ninetales-Alola, L50, M|100\/100\n|switch|p1b: Frosmoth|Frosmoth, L50, M|100\/100\n|switch|p2a: Iron Bundle|Iron Bundle, L50|100\/100\n|switch|p2b: Chi-Yu|Chi-Yu, L50|100\/100\n|-ability|p2b: Chi-Yu|Beads of Ruin\n|-weather|Snow|[from] ability: Snow Warning|[of] p1a: Ninetales\n|-enditem|p2a: Iron Bundle|Booster Energy\n|-activate|p2a: Iron Bundle|ability: Quark Drive|[fromitem]\n|-start|p2a: Iron Bundle|quarkdrivespe\n|turn|1\n|\n|t:|1699905197\n|-terastallize|p2b: Chi-Yu|Fire\n|move|p1b: Frosmoth|Protect|p1b: Frosmoth\n|-singleturn|p1b: Frosmoth|Protect\n|move|p2a: Iron Bundle|Icy Wind|p1b: Frosmoth|[spread] p1a\n|-activate|p1b: Frosmoth|move: Protect\n|-resisted|p1a: Ninetales\n|-damage|p1a: Ninetales|89\/100\n|-unboost|p1a: Ninetales|spe|1\n|move|p2b: Chi-Yu|Heat Wave|p1b: Frosmoth|[spread] p1a\n|-activate|p1b: Frosmoth|move: Protect\n|-supereffective|p1a: Ninetales\n|-damage|p1a: Ninetales|0 fnt\n|faint|p1a: Ninetales\n|\n|-weather|Snow|[upkeep]\n|upkeep\n|\n|t:|1699905211\n|switch|p1a: Urshifu|Urshifu-Rapid-Strike, L50, F|100\/100\n|turn|2\n|\n|t:|1699905238\n|-terastallize|p1b: Frosmoth|Water\n|move|p1a: Urshifu|Protect|p1a: Urshifu\n|-singleturn|p1a: Urshifu|Protect\n|move|p2a: Iron Bundle|Freeze-Dry|p1a: Urshifu\n|-activate|p1a: Urshifu|move: Protect\n|move|p2b: Chi-Yu|Heat Wave|p1a: Urshifu|[spread] p1b\n|-activate|p1a: Urshifu|move: Protect\n|-resisted|p1b: Frosmoth\n|-damage|p1b: Frosmoth|83\/100\n|move|p1b: Frosmoth|Quiver Dance|p1b: Frosmoth\n|-boost|p1b: Frosmoth|spa|1\n|-boost|p1b: Frosmoth|spd|1\n|-boost|p1b: Frosmoth|spe|1\n|\n|-weather|Snow|[upkeep]\n|-heal|p1b: Frosmoth|89\/100|[from] item: Leftovers\n|upkeep\n|turn|3\n|\n|t:|1699905265\n|move|p1b: Frosmoth|Protect|p1b: Frosmoth\n|-singleturn|p1b: Frosmoth|Protect\n|move|p2a: Iron Bundle|Icy Wind|p1a: Urshifu|[spread] p1a\n|-activate|p1b: Frosmoth|move: Protect\n|-resisted|p1a: Urshifu\n|-damage|p1a: Urshifu|80\/100\n|-unboost|p1a: Urshifu|spe|1\n|move|p2b: Chi-Yu|Dark Pulse|p1a: Urshifu\n|-resisted|p1a: Urshifu\n|-damage|p1a: Urshifu|40\/100\n|move|p1a: Urshifu|Close Combat|p2a: Iron Bundle\n|-supereffective|p2a: Iron Bundle\n|-damage|p2a: Iron Bundle|0 fnt\n|-unboost|p1a: Urshifu|def|1\n|-unboost|p1a: Urshifu|spd|1\n|faint|p2a: Iron Bundle\n|-end|p2a: Iron Bundle|Quark Drive|[silent]\n|\n|-weather|Snow|[upkeep]\n|-heal|p1b: Frosmoth|95\/100|[from] item: Leftovers\n|upkeep\n|\n|t:|1699905289\n|switch|p2a: Garchomp|Garchomp, L50, M|100\/100\n|turn|4\n|\n|t:|1699905309\n|move|p2a: Garchomp|Protect|p2a: Garchomp\n|-singleturn|p2a: Garchomp|Protect\n|move|p1a: Urshifu|Aqua Jet|p2b: Chi-Yu\n|-supereffective|p2b: Chi-Yu\n|-damage|p2b: Chi-Yu|4\/100\n|move|p2b: Chi-Yu|Dark Pulse|p1a: Urshifu\n|-resisted|p1a: Urshifu\n|-damage|p1a: Urshifu|0 fnt\n|faint|p1a: Urshifu\n|move|p1b: Frosmoth|Quiver Dance|p1b: Frosmoth\n|-boost|p1b: Frosmoth|spa|1\n|-boost|p1b: Frosmoth|spd|1\n|-boost|p1b: Frosmoth|spe|1\n|\n|-weather|Snow|[upkeep]\n|-heal|p1b: Frosmoth|100\/100|[from] item: Leftovers\n|upkeep\n|\n|t:|1699905318\n|switch|p1a: Sinistcha|Sinistcha-Masterpiece, L50|100\/100\n|turn|5\n|\n|t:|1699905337\n|move|p2b: Chi-Yu|Protect|p2b: Chi-Yu\n|-singleturn|p2b: Chi-Yu|Protect\n|move|p1b: Frosmoth|Blizzard|p2a: Garchomp|[spread] p2a\n|-activate|p2b: Chi-Yu|move: Protect\n|-supereffective|p2a: Garchomp\n|-damage|p2a: Garchomp|0 fnt\n|faint|p2a: Garchomp\n|move|p1a: Sinistcha|Matcha Gotcha|p2b: Chi-Yu\n|-activate|p2b: Chi-Yu|move: Protect\n|\n|-weather|none\n|upkeep\n|\n|t:|1699905346\n|switch|p2a: Tyranitar|Tyranitar, L50, M|100\/100\n|-weather|Sandstorm|[from] ability: Sand Stream|[of] p2a: Tyranitar\n|turn|6\n|\n|t:|1699905354\n|move|p1b: Frosmoth|Protect|p1b: Frosmoth\n|-singleturn|p1b: Frosmoth|Protect\n|move|p2b: Chi-Yu|Overheat|p1a: Sinistcha\n|-supereffective|p1a: Sinistcha\n|-damage|p1a: Sinistcha|0 fnt\n|-unboost|p2b: Chi-Yu|spa|2\n|faint|p1a: Sinistcha\n|move|p2a: Tyranitar|Thunder Punch|p1b: Frosmoth\n|-activate|p1b: Frosmoth|move: Protect\n|\n|-weather|Sandstorm|[upkeep]\n|-damage|p1b: Frosmoth|94\/100|[from] Sandstorm\n|-damage|p2b: Chi-Yu|0 fnt|[from] Sandstorm\n|faint|p2b: Chi-Yu\n|-heal|p1b: Frosmoth|100\/100|[from] item: Leftovers\n|upkeep\n|turn|7\n|\n|t:|1699905369\n|move|p1b: Frosmoth|Tera Blast|p2a: Tyranitar|[anim] Tera Blast Water\n|-supereffective|p2a: Tyranitar\n|-damage|p2a: Tyranitar|41\/100\n|move|p2a: Tyranitar|Thunder Punch|p1b: Frosmoth\n|-supereffective|p1b: Frosmoth\n|-damage|p1b: Frosmoth|42\/100\n|\n|-weather|Sandstorm|[upkeep]\n|-damage|p1b: Frosmoth|36\/100|[from] Sandstorm\n|-heal|p1b: Frosmoth|42\/100|[from] item: Leftovers\n|upkeep\n|turn|8\n|\n|t:|1699905379\n|move|p1b: Frosmoth|Tera Blast|p2a: Tyranitar|[anim] Tera Blast Water\n|-supereffective|p2a: Tyranitar\n|-damage|p2a: Tyranitar|0 fnt\n|faint|p2a: Tyranitar\n|\n|win|tqyqt\n|raw|tqyqt's rating: 1176 &rarr; <strong>1209<\/strong><br \/>(+33 for winning)\n|raw|larskorrie's rating: 1297 &rarr; <strong>1264<\/strong><br \/>(-33 for losing)\n|l|\u203dlarskorrie\n","uploadtime":1699905394,"views":6,"p1id":"tqyqt","p2id":"larskorrie","formatid":"gen9vgc2023regulatione","rating":1209,"private":0,"password":""}