{"id":"gen9vgc2023regulatione-1993946514","p1":"RealestYuan","p2":"MarillRag1","format":"[Gen 9] VGC 2023 Regulation E","log":"|j|\u2606RealestYuan\n|j|\u2606MarillRag1\n|t:|1700380518\n|gametype|doubles\n|player|p1|RealestYuan|clerkf|1135\n|player|p2|MarillRag1|2|1196\n|teamsize|p1|6\n|teamsize|p2|6\n|gen|9\n|tier|[Gen 9] VGC 2023 Regulation E\n|rated|\n|rule|Species Clause: Limit one of each Pok\u00e9mon\n|rule|Item Clause: Limit one of each item\n|clearpoke\n|poke|p1|Torkoal, L50, F|\n|poke|p1|Rillaboom, L50, M|\n|poke|p1|Tornadus, L50, M|\n|poke|p1|Landorus-Therian, L50, M|\n|poke|p1|Gallade, L50, M|\n|poke|p1|Iron Bundle, L50|\n|poke|p2|Tornadus, L50, M|\n|poke|p2|Arcanine-Hisui, L50, F|\n|poke|p2|Iron Hands, L50|\n|poke|p2|Gholdengo, L50|\n|poke|p2|Urshifu-*, L50, M|\n|poke|p2|Ogerpon-Wellspring, L50, F|\n|teampreview|4\nMarillRag1 has agreed to open team sheets.\n|\n|t:|1700380566\n|start\n|switch|p1a: Tornadus|Tornadus, L50, M|100\/100\n|switch|p1b: Iron Bundle|Iron Bundle, L50|100\/100\n|switch|p2a: Tornadus|Tornadus, L50, M|100\/100\n|switch|p2b: Ogerpon|Ogerpon-Wellspring, L50, F|100\/100\n|-enditem|p1b: Iron Bundle|Booster Energy\n|-activate|p1b: Iron Bundle|ability: Quark Drive|[fromitem]\n|-start|p1b: Iron Bundle|quarkdrivespa\n|turn|1\n|\n|t:|1700380590\n|move|p2b: Ogerpon|Spiky Shield|p2b: Ogerpon\n|-singleturn|p2b: Ogerpon|move: Protect\n|move|p2a: Tornadus|Tailwind|p2a: Tornadus\n|-sidestart|p2: MarillRag1|move: Tailwind\n|move|p1a: Tornadus|Tailwind|p1a: Tornadus\n|-sidestart|p1: RealestYuan|move: Tailwind\n|move|p1b: Iron Bundle|Freeze-Dry|p2b: Ogerpon\n|-activate|p2b: Ogerpon|move: Protect\n|\n|upkeep\n|turn|2\n|\n|t:|1700380608\n|switch|p2b: Arcanine|Arcanine-Hisui, L50, F|100\/100\n|-ability|p2b: Arcanine|Intimidate|boost\n|-unboost|p1a: Tornadus|atk|1\n|-unboost|p1b: Iron Bundle|atk|1\n|move|p1a: Tornadus|Taunt|p2a: Tornadus\n|-start|p2a: Tornadus|move: Taunt\n|move|p1b: Iron Bundle|Freeze-Dry|p2b: Arcanine\n|-resisted|p2b: Arcanine\n|-damage|p2b: Arcanine|73\/100\n|move|p2a: Tornadus|Bleakwind Storm|p1a: Tornadus|[spread] p1a\n|-miss|p2a: Tornadus|p1b: Iron Bundle\n|-damage|p1a: Tornadus|77\/100\n|\n|upkeep\n|turn|3\n|\n|t:|1700380626\n|switch|p1a: Landorus|Landorus-Therian, L50, M|100\/100\n|-ability|p1a: Landorus|Intimidate|boost\n|-unboost|p2a: Tornadus|atk|1\n|-unboost|p2b: Arcanine|atk|1\n|-terastallize|p2b: Arcanine|Fairy\n|move|p1b: Iron Bundle|Protect|p1b: Iron Bundle\n|-singleturn|p1b: Iron Bundle|Protect\n|move|p2a: Tornadus|Bleakwind Storm|p1a: Landorus|[spread] p1a\n|-activate|p1b: Iron Bundle|move: Protect\n|-damage|p1a: Landorus|57\/100\n|move|p2b: Arcanine|Rock Slide|p1b: Iron Bundle|[spread] \n|-activate|p1b: Iron Bundle|move: Protect\n|-miss|p2b: Arcanine|p1a: Landorus\n|\n|upkeep\n|turn|4\n|\n|t:|1700380646\n|switch|p2b: Ogerpon|Ogerpon-Wellspring, L50, F|100\/100\n|move|p1b: Iron Bundle|Icy Wind|p2a: Tornadus|[spread] p2a,p2b\n|-supereffective|p2a: Tornadus\n|-damage|p2a: Tornadus|48\/100\n|-damage|p2b: Ogerpon|71\/100\n|-unboost|p2b: Ogerpon|spe|1\n|move|p1a: Landorus|Rock Slide|p2b: Ogerpon|[spread] p2a\n|-miss|p1a: Landorus|p2b: Ogerpon\n|-supereffective|p2a: Tornadus\n|-damage|p2a: Tornadus|0 fnt\n|faint|p2a: Tornadus\n|\n|-sideend|p2: MarillRag1|move: Tailwind\n|-sideend|p1: RealestYuan|move: Tailwind\n|upkeep\n|\n|t:|1700380670\n|switch|p2a: Urshifu|Urshifu-Rapid-Strike, L50, M|100\/100\n|turn|5\n|\n|t:|1700380713\n|move|p2a: Urshifu|Close Combat|p1b: Iron Bundle\n|-supereffective|p1b: Iron Bundle\n|-damage|p1b: Iron Bundle|0 fnt\n|-unboost|p2a: Urshifu|def|1\n|-unboost|p2a: Urshifu|spd|1\n|faint|p1b: Iron Bundle\n|-end|p1b: Iron Bundle|Quark Drive|[silent]\n|move|p1a: Landorus|Rock Slide|p2a: Urshifu|[spread] p2a,p2b\n|-resisted|p2a: Urshifu\n|-damage|p2a: Urshifu|76\/100\n|-damage|p2b: Ogerpon|40\/100\n|move|p2b: Ogerpon|Ivy Cudgel|p1a: Landorus|[anim] Ivy Cudgel Water\n|-supereffective|p1a: Landorus\n|-damage|p1a: Landorus|0 fnt\n|faint|p1a: Landorus\n|\n|upkeep\n|\n|t:|1700380723\n|switch|p1b: Tornadus|Tornadus, L50, M|77\/100\n|switch|p1a: Rillaboom|Rillaboom, L50, M|100\/100\n|-fieldstart|move: Grassy Terrain|[from] ability: Grassy Surge|[of] p1a: Rillaboom\n|turn|6\n|\n|t:|1700380738\n|switch|p2a: Arcanine|Arcanine-Hisui, L50, F, tera:Fairy|73\/100\n|-ability|p2a: Arcanine|Intimidate|boost\n|-unboost|p1a: Rillaboom|atk|1\n|-unboost|p1b: Tornadus|atk|1\n|move|p2b: Ogerpon|Spiky Shield|p2b: Ogerpon\n|-singleturn|p2b: Ogerpon|move: Protect\n|move|p1a: Rillaboom|Grassy Glide|p2a: Arcanine\n|-damage|p2a: Arcanine|44\/100\n|move|p1b: Tornadus|Bleakwind Storm|p2a: Arcanine|[spread] p2a\n|-activate|p2b: Ogerpon|move: Protect\n|-damage|p2a: Arcanine|6\/100\n|\n|-heal|p2a: Arcanine|12\/100|[from] Grassy Terrain\n|-heal|p2b: Ogerpon|45\/100|[from] Grassy Terrain\n|upkeep\n|turn|7\n|\n|t:|1700380749\n|move|p2b: Ogerpon|Follow Me|p2b: Ogerpon\n|-singleturn|p2b: Ogerpon|move: Follow Me\n|move|p1a: Rillaboom|Grassy Glide|p2b: Ogerpon\n|-damage|p2b: Ogerpon|21\/100\n|move|p2a: Arcanine|Flare Blitz|p1a: Rillaboom\n|-supereffective|p1a: Rillaboom\n|-enditem|p1a: Rillaboom|Focus Sash\n|-damage|p1a: Rillaboom|1\/100\n|-damage|p2a: Arcanine|0 fnt|[from] Recoil\n|faint|p2a: Arcanine\n|move|p1b: Tornadus|Bleakwind Storm|p2b: Ogerpon\n|-supereffective|p2b: Ogerpon\n|-damage|p2b: Ogerpon|0 fnt\n|faint|p2b: Ogerpon\n|\n|-heal|p1a: Rillaboom|7\/100|[from] Grassy Terrain\n|upkeep\n|\n|t:|1700380757\n|switch|p2b: Urshifu|Urshifu-Rapid-Strike, L50, M|76\/100\n|turn|8\n|\n|t:|1700380767\n|move|p2b: Urshifu|Aqua Jet|p1a: Rillaboom\n|-resisted|p1a: Rillaboom\n|-damage|p1a: Rillaboom|0 fnt\n|faint|p1a: Rillaboom\n|move|p1b: Tornadus|Bleakwind Storm|p2b: Urshifu|[miss]\n|-miss|p1b: Tornadus|p2b: Urshifu\n|\n|-heal|p2b: Urshifu|82\/100|[from] Grassy Terrain\n|upkeep\n|turn|9\n|\n|t:|1700380777\n|move|p2b: Urshifu|Aqua Jet|p1b: Tornadus\n|-damage|p1b: Tornadus|51\/100\n|move|p1b: Tornadus|Bleakwind Storm|p2b: Urshifu|[miss]\n|-miss|p1b: Tornadus|p2b: Urshifu\n|\n|-heal|p2b: Urshifu|88\/100|[from] Grassy Terrain\n|upkeep\n|turn|10\n|\n|t:|1700380789\n|move|p2b: Urshifu|Aqua Jet|p1b: Tornadus\n|-damage|p1b: Tornadus|20\/100\n|move|p1b: Tornadus|Bleakwind Storm|p2b: Urshifu\n|-supereffective|p2b: Urshifu\n|-damage|p2b: Urshifu|0 fnt\n|faint|p2b: Urshifu\n|\n|win|RealestYuan\n|raw|RealestYuan's rating: 1135 &rarr; <strong>1164<\/strong><br \/>(+29 for winning)\n|raw|MarillRag1's rating: 1196 &rarr; <strong>1167<\/strong><br \/>(-29 for losing)\n","uploadtime":1700380804,"views":17,"p1id":"realestyuan","p2id":"marillrag1","formatid":"gen9vgc2023regulatione","rating":1164,"private":0,"password":""}