{"id":"gen9vgc2023regulatione-1989103199","p1":"puffypoop2","p2":"Builts","format":"[Gen 9] VGC 2023 Regulation E","log":"|j|\u2606puffypoop2\n|j|\u203dBuilts\n|t:|1699812514\n|gametype|doubles\n|player|p1|puffypoop2|2|1108\n|player|p2|Builts|265|1046\n|teamsize|p1|6\n|teamsize|p2|6\n|gen|9\n|tier|[Gen 9] VGC 2023 Regulation E\n|rated|\n|rule|Species Clause: Limit one of each Pok\u00e9mon\n|rule|Item Clause: Limit one of each item\n|clearpoke\n|poke|p1|Roaring Moon, L50|\n|poke|p1|Rillaboom, L50, F|\n|poke|p1|Urshifu-*, L50, F|\n|poke|p1|Weezing, L50, F|\n|poke|p1|Flutter Mane, L50|\n|poke|p1|Ogerpon-Hearthflame, L50, F|\n|poke|p2|Indeedee-F, L50, F|\n|poke|p2|Armarouge, L50, F|\n|poke|p2|Sylveon, L50, F|\n|poke|p2|Ursaluna, L50, F|\n|poke|p2|Urshifu-*, L50, F|\n|poke|p2|Torkoal, L50, F|\n|teampreview|4\n|inactive|Battle timer is ON: inactive players will automatically lose when time's up. (requested by Builts)\n|inactive|Builts has 60 seconds left.\n|\n|t:|1699812563\n|start\n|switch|p1a: Weezing|Weezing, L50, F|100\/100\n|switch|p1b: Roaring Moon|Roaring Moon, L50|100\/100\n|switch|p2a: Indeedee|Indeedee-F, L50, F|100\/100\n|switch|p2b: Armarouge|Armarouge, L50, F|100\/100\n|-ability|p1a: Weezing|Neutralizing Gas\n|-enditem|p1b: Roaring Moon|Booster Energy\n|-activate|p1b: Roaring Moon|ability: Protosynthesis|[fromitem]\n|-start|p1b: Roaring Moon|protosynthesisspe\n|turn|1\n|\n|t:|1699812580\n|move|p2a: Indeedee|Follow Me|p2a: Indeedee\n|-singleturn|p2a: Indeedee|move: Follow Me\n|move|p1b: Roaring Moon|Knock Off|p2a: Indeedee\n|-supereffective|p2a: Indeedee\n|-damage|p2a: Indeedee|12\/100\n|-enditem|p2a: Indeedee|Psychic Seed|[from] move: Knock Off|[of] p1b: Roaring Moon\n|move|p1a: Weezing|Taunt|p2a: Indeedee\n|-start|p2a: Indeedee|move: Taunt\n|move|p2b: Armarouge|Trick Room|p2b: Armarouge\n|-fieldstart|move: Trick Room|[of] p2b: Armarouge\n|\n|upkeep\n|turn|2\n|inactive|puffypoop2 has 30 seconds left.\n|\n|t:|1699812607\n|-terastallize|p2b: Armarouge|Grass\n|move|p2b: Armarouge|Expanding Force|p1a: Weezing\n|-supereffective|p1a: Weezing\n|-damage|p1a: Weezing|0 fnt\n|faint|p1a: Weezing\n|-end|p1a: Weezing|ability: Neutralizing Gas\n|-fieldstart|move: Psychic Terrain|[from] ability: Psychic Surge|[of] p2a: Indeedee\n|move|p2a: Indeedee|Dazzling Gleam|p1b: Roaring Moon\n|-supereffective|p1b: Roaring Moon\n|-damage|p1b: Roaring Moon|33\/100\n|move|p1b: Roaring Moon|Knock Off|p2b: Armarouge\n|-damage|p2b: Armarouge|59\/100\n|-enditem|p2b: Armarouge|Twisted Spoon|[from] move: Knock Off|[of] p1b: Roaring Moon\n|\n|upkeep\n|\n|t:|1699812622\n|switch|p1a: Rillaboom|Rillaboom, L50, F|100\/100\n|-fieldstart|move: Grassy Terrain|[from] ability: Grassy Surge|[of] p1a: Rillaboom\n|turn|3\n|\n|t:|1699812649\n|move|p1b: Roaring Moon|Protect|p1b: Roaring Moon\n|-singleturn|p1b: Roaring Moon|Protect\n|move|p1a: Rillaboom|Fake Out|p2b: Armarouge\n|-damage|p2b: Armarouge|45\/100\n|cant|p2b: Armarouge|flinch\n|move|p2a: Indeedee|Dazzling Gleam|p1a: Rillaboom|[spread] p1a\n|-activate|p1b: Roaring Moon|move: Protect\n|-damage|p1a: Rillaboom|89\/100\n|\n|-heal|p2b: Armarouge|52\/100|[from] Grassy Terrain\n|-heal|p2a: Indeedee|19\/100|[from] Grassy Terrain\n|-heal|p1a: Rillaboom|95\/100|[from] Grassy Terrain\n|-heal|p1b: Roaring Moon|39\/100|[from] Grassy Terrain\n|upkeep\n|turn|4\n|\n|t:|1699812668\n|move|p1a: Rillaboom|Grassy Glide|p2a: Indeedee\n|-damage|p2a: Indeedee|0 fnt\n|faint|p2a: Indeedee\n|move|p2b: Armarouge|Heat Wave|p1b: Roaring Moon|[spread] p1a,p1b\n|-supereffective|p1a: Rillaboom\n|-resisted|p1b: Roaring Moon\n|-damage|p1a: Rillaboom|32\/100\n|-damage|p1b: Roaring Moon|24\/100\n|move|p1b: Roaring Moon|Knock Off|p2b: Armarouge\n|-damage|p2b: Armarouge|21\/100\n|\n|-heal|p2b: Armarouge|28\/100|[from] Grassy Terrain\n|-heal|p1a: Rillaboom|38\/100|[from] Grassy Terrain\n|-heal|p1b: Roaring Moon|30\/100|[from] Grassy Terrain\n|upkeep\n|\n|t:|1699812681\n|switch|p2a: Sylveon|Sylveon, L50, F|100\/100\n|turn|5\n|inactive|puffypoop2 has 30 seconds left.\n|inactive|puffypoop2 has 20 seconds left.\n|inactive|puffypoop2 has 15 seconds left.\n|\n|t:|1699812721\n|move|p2a: Sylveon|Hyper Voice|p1b: Roaring Moon|[spread] p1a,p1b\n|-supereffective|p1b: Roaring Moon\n|-damage|p1a: Rillaboom|7\/100\n|-damage|p1b: Roaring Moon|0 fnt\n|faint|p1b: Roaring Moon\n|-end|p1b: Roaring Moon|Protosynthesis|[silent]\n|-enditem|p2a: Sylveon|Throat Spray\n|-boost|p2a: Sylveon|spa|1|[from] item: Throat Spray\n|move|p2b: Armarouge|Heat Wave|p1a: Rillaboom\n|-supereffective|p1a: Rillaboom\n|-damage|p1a: Rillaboom|0 fnt\n|faint|p1a: Rillaboom\n|\n|-heal|p2b: Armarouge|34\/100|[from] Grassy Terrain\n|-fieldend|move: Trick Room\n|upkeep\n|\n|t:|1699812730\n|switch|p1b: Urshifu|Urshifu-Rapid-Strike, L50, F|100\/100\n|turn|6\n|\n|t:|1699812747\n|-terastallize|p1b: Urshifu|Water\n|move|p1b: Urshifu|Surging Strikes|p2a: Sylveon\n|-crit|p2a: Sylveon\n|-damage|p2a: Sylveon|67\/100\n|-crit|p2a: Sylveon\n|-damage|p2a: Sylveon|33\/100\n|-crit|p2a: Sylveon\n|-damage|p2a: Sylveon|0 fnt\n|faint|p2a: Sylveon\n|-hitcount|p2: Sylveon|3\n|move|p2b: Armarouge|Trick Room|p2b: Armarouge\n|-fieldstart|move: Trick Room|[of] p2b: Armarouge\n|\n|-heal|p2b: Armarouge|40\/100|[from] Grassy Terrain\n|upkeep\n|\n|t:|1699812758\n|switch|p2a: Ursaluna|Ursaluna, L50, F|100\/100\n|turn|7\n|inactive|puffypoop2 has 30 seconds left.\n|inactive|puffypoop2 has 20 seconds left.\n|\n|t:|1699812796\n|move|p2a: Ursaluna|Headlong Rush|p1b: Urshifu\n|-damage|p1b: Urshifu|31\/100\n|-unboost|p2a: Ursaluna|def|1\n|-unboost|p2a: Ursaluna|spd|1\n|move|p2b: Armarouge|Expanding Force|p1b: Urshifu\n|-damage|p1b: Urshifu|0 fnt\n|faint|p1b: Urshifu\n|\n|win|Builts\n|raw|puffypoop2's rating: 1108 &rarr; <strong>1079<\/strong><br \/>(-29 for losing)\n|raw|Builts's rating: 1046 &rarr; <strong>1085<\/strong><br \/>(+39 for winning)\n|l|\u2606puffypoop2\n","uploadtime":1699812810,"views":26,"p1id":"puffypoop2","p2id":"builts","formatid":"gen9vgc2023regulatione","rating":1079,"private":0,"password":""}