{"id":"gen9vgc2023regulatione-1987902602","p1":"Gill x Mayhem","p2":"katterene","format":"[Gen 9] VGC 2023 Regulation E","log":"|j|\u2606Gill x Mayhem\n|j|\u2606katterene\n|n|\u2606Gill x Mayhem|gillxmayhem\n|n|\u2606katterene|katterene\n|html|View the match progress at <a href=\"\/game-bestof3-gen9vgc2023regulatione-1987902601\">game-bestof3-gen9vgc2023regulatione-1987902601<\/a>\n|t:|1699647526\n|gametype|doubles\n|player|p1|Gill x Mayhem|infielder|\n|player|p2|katterene|parasollady|\n|teamsize|p1|6\n|teamsize|p2|6\n|gen|9\n|tier|[Gen 9] VGC 2023 Regulation E\n|rule|Species Clause: Limit one of each Pok\u00e9mon\n|rule|Item Clause: Limit one of each item\n|clearpoke\n|poke|p1|Hatterene, L50, F|\n|poke|p1|Indeedee-F, L50, F|\n|poke|p1|Armarouge, L50, F|\n|poke|p1|Torkoal, L50, M|\n|poke|p1|Ursaluna, L50, F|\n|poke|p1|Crabominable, L50, F|\n|poke|p2|Slowbro-Galar, L50, F|\n|poke|p2|Milotic, L50, F|\n|poke|p2|Urshifu-*, L50, M|\n|poke|p2|Tinkaton, L50, F|\n|poke|p2|Skeledirge, L50, F|\n|poke|p2|Avalugg-Hisui, L50, M|\n|teampreview|4\n|c|\u2606Gill x Mayhem|Good luck!\n|c|\u2606katterene|You too! GLHF :D\n|\n|t:|1699647602\n|start\n|switch|p1a: Indeedee|Indeedee-F, L50, F|100\/100\n|switch|p1b: Armarouge|Armarouge, L50, F|100\/100\n|switch|p2a: Slowbro|Slowbro-Galar, L50, F|100\/100\n|switch|p2b: Urshifu - X|Urshifu, L50, M|100\/100\n|-fieldstart|move: Psychic Terrain|[from] ability: Psychic Surge|[of] p1a: Indeedee\n|turn|1\n|\n|t:|1699647635\n|-terastallize|p1b: Armarouge|Fairy\n|-terastallize|p2a: Slowbro|Dark\n|move|p2b: Urshifu - X|Wicked Blow|p1a: Indeedee\n|-supereffective|p1a: Indeedee\n|-crit|p1a: Indeedee\n|-damage|p1a: Indeedee|0 fnt\n|-damage|p2b: Urshifu - X|84\/100|[from] item: Rocky Helmet|[of] p1a: Indeedee\n|faint|p1a: Indeedee\n|move|p1b: Armarouge|Tera Blast|p2b: Urshifu - X|[anim] Tera Blast Fairy\n|-supereffective|p2b: Urshifu - X\n|-damage|p2b: Urshifu - X|0 fnt\n|faint|p2b: Urshifu - X\n|move|p2a: Slowbro|Imprison|p2a: Slowbro\n|-start|p2a: Slowbro|move: Imprison\n|\n|upkeep\n|\n|t:|1699647656\n|switch|p2b: Milotic|Milotic, L50, F|100\/100\n|switch|p1a: Ursaluna|Ursaluna, L50, F|100\/100\n|turn|2\n|\n|t:|1699647667\n|move|p2b: Milotic|Coil|p2b: Milotic\n|-boost|p2b: Milotic|atk|1\n|-boost|p2b: Milotic|def|1\n|-boost|p2b: Milotic|accuracy|1\n|move|p1b: Armarouge|Tera Blast|p2a: Slowbro|[anim] Tera Blast Fairy\n|-supereffective|p2a: Slowbro\n|-damage|p2a: Slowbro|1\/100\n|move|p1a: Ursaluna|Yawn|p2b: Milotic\n|-start|p2b: Milotic|move: Yawn|[of] p1a: Ursaluna\n|move|p2a: Slowbro|Shell Side Arm|p1b: Armarouge|[anim] Shell Side Arm Physical\n|-supereffective|p1b: Armarouge\n|-crit|p1b: Armarouge\n|-damage|p1b: Armarouge|0 fnt\n|-hint|Physical Shell Side Arm\n|faint|p1b: Armarouge\n|\n|-heal|p2a: Slowbro|7\/100|[from] item: Leftovers\n|-status|p1a: Ursaluna|brn|[from] item: Flame Orb\n|upkeep\n|\n|t:|1699647680\n|switch|p1b: Torkoal|Torkoal, L50, M|100\/100\n|-weather|SunnyDay|[from] ability: Drought|[of] p1b: Torkoal\n|turn|3\n|\n|t:|1699647705\n|move|p2a: Slowbro|Protect|p2a: Slowbro\n|-singleturn|p2a: Slowbro|Protect\n|move|p2b: Milotic|Hypnosis|p1b: Torkoal\n|-status|p1b: Torkoal|slp|[from] move: Hypnosis\n|move|p1a: Ursaluna|Facade|p2b: Milotic\n|-damage|p2b: Milotic|3\/100\n|cant|p1b: Torkoal|slp\n|\n|-weather|SunnyDay|[upkeep]\n|-heal|p2a: Slowbro|13\/100|[from] item: Leftovers\n|-damage|p1a: Ursaluna|95\/100 brn|[from] brn\n|-end|p2b: Milotic|move: Yawn|[silent]\n|-status|p2b: Milotic|slp\n|upkeep\n|turn|4\n|\n|t:|1699647735\n|switch|p2a: Avalugg|Avalugg-Hisui, L50, M|100\/100\n|-enditem|p2a: Avalugg|Psychic Seed\n|-boost|p2a: Avalugg|spd|1|[from] item: Psychic Seed\n|cant|p2b: Milotic|slp\n|move|p1a: Ursaluna|Facade|p2a: Avalugg\n|-resisted|p2a: Avalugg\n|-damage|p2a: Avalugg|65\/100\n|-curestatus|p1b: Torkoal|slp|[msg]\n|move|p1b: Torkoal|Heat Wave|p2a: Avalugg|[spread] p2a,p2b\n|-resisted|p2b: Milotic\n|-damage|p2a: Avalugg|0 fnt\n|-damage|p2b: Milotic|0 fnt\n|faint|p2a: Avalugg\n|faint|p2b: Milotic\n|\n|-weather|SunnyDay|[upkeep]\n|-damage|p1a: Ursaluna|89\/100 brn|[from] brn\n|upkeep\n|\n|t:|1699647752\n|switch|p2a: Slowbro|Slowbro-Galar, L50, F, tera:Dark|47\/100\n|turn|5\n|\n|t:|1699647758\n|move|p1a: Ursaluna|Facade|p2a: Slowbro\n|-damage|p2a: Slowbro|0 fnt\n|faint|p2a: Slowbro\n|\n|win|Gill x Mayhem\n|inactive|Gill x Mayhem has 50 seconds to confirm battle start!\n|inactive|katterene has 50 seconds to confirm battle start!\n|c|&|\/uhtml prompt-gillxmayhem,Gill x Mayhem is ready for game 2!\n|inactive|katterene has 40 seconds to confirm battle start!\n|c|&|\/uhtml prompt-katterene,katterene is ready for game 2!\nBoth players are ready! Starting next match!\n|l|\u2606Gill x Mayhem\n","uploadtime":1699647781,"views":29,"p1id":"gillxmayhem","p2id":"katterene","formatid":"gen9vgc2023regulatione","rating":0,"private":0,"password":""}