{"id":"gen9vgc2023regulatione-1989287957","p1":"Steezowl","p2":"spikle rick","format":"[Gen 9] VGC 2023 Regulation E","log":"|j|\u2606Steezowl\n|j|\u2606spikle rick\n|t:|1699832208\n|gametype|doubles\n|player|p1|Steezowl|blue|1067\n|player|p2|spikle rick|265|1083\n|teamsize|p1|6\n|teamsize|p2|6\n|gen|9\n|tier|[Gen 9] VGC 2023 Regulation E\n|rated|\n|rule|Species Clause: Limit one of each Pok\u00e9mon\n|rule|Item Clause: Limit one of each item\n|clearpoke\n|poke|p1|Salamence, L50, M|\n|poke|p1|Ogerpon-Hearthflame, L50, F|\n|poke|p1|Chien-Pao, L50|\n|poke|p1|Tornadus, L50, M|\n|poke|p1|Urshifu-*, L50, F|\n|poke|p1|Arcanine-Hisui, L50, M|\n|poke|p2|Volcarona, L50, F|\n|poke|p2|Pelipper, L50, F|\n|poke|p2|Amoonguss, L50, F|\n|poke|p2|Iron Hands, L50|\n|poke|p2|Clefairy, L50, F|\n|poke|p2|Landorus-Therian, L50, M|\n|teampreview|4\n|\n|t:|1699832246\n|start\n|switch|p1a: Arcanine|Arcanine-Hisui, L50, M|100\/100\n|switch|p1b: Tornadus|Tornadus, L50, M|100\/100\n|switch|p2a: Volcarona|Volcarona, L50, F|100\/100\n|switch|p2b: Clefairy|Clefairy, L50, F|100\/100\n|-ability|p1a: Arcanine|Intimidate|boost\n|-unboost|p2a: Volcarona|atk|1\n|-unboost|p2b: Clefairy|atk|1\n|turn|1\n|\n|t:|1699832269\n|move|p2b: Clefairy|Follow Me|p2b: Clefairy\n|-singleturn|p2b: Clefairy|move: Follow Me\n|move|p1b: Tornadus|Tailwind|p1b: Tornadus\n|-sidestart|p1: Steezowl|move: Tailwind\n|move|p1a: Arcanine|Flare Blitz|p2b: Clefairy\n|-damage|p2b: Clefairy|0 fnt\n|faint|p2b: Clefairy\n|-damage|p1a: Arcanine|71\/100|[from] Recoil\n|move|p2a: Volcarona|Quiver Dance|p2a: Volcarona\n|-boost|p2a: Volcarona|spa|1\n|-boost|p2a: Volcarona|spd|1\n|-boost|p2a: Volcarona|spe|1\n|\n|upkeep\n|\n|t:|1699832291\n|switch|p2b: Pelipper|Pelipper, L50, F|100\/100\n|-weather|RainDance|[from] ability: Drizzle|[of] p2b: Pelipper\n|turn|2\n|inactive|Battle timer is ON: inactive players will automatically lose when time's up. (requested by Steezowl)\n|\n|t:|1699832321\n|switch|p2b: Landorus|Landorus-Therian, L50, M|100\/100\n|-ability|p2b: Landorus|Intimidate|boost\n|-unboost|p1a: Arcanine|atk|1\n|-unboost|p1b: Tornadus|atk|1\n|-terastallize|p2a: Volcarona|Flying\n|move|p1b: Tornadus|Bleakwind Storm|p2b: Landorus|[spread] p2a,p2b\n|-damage|p2a: Volcarona|78\/100\n|-damage|p2b: Landorus|56\/100\n|move|p1a: Arcanine|Flare Blitz|p2a: Volcarona\n|-damage|p2a: Volcarona|38\/100\n|-damage|p1a: Arcanine|59\/100|[from] Recoil\n|move|p2a: Volcarona|Hurricane|p1a: Arcanine\n|-resisted|p1a: Arcanine\n|-damage|p1a: Arcanine|6\/100\n|\n|-weather|RainDance|[upkeep]\n|-heal|p2b: Landorus|62\/100|[from] item: Leftovers\n|upkeep\n|turn|3\n|inactive|Steezowl has 30 seconds left.\n|inactive|spikle rick has 30 seconds left.\n|inactive|Steezowl has 20 seconds left.\n|inactive|Steezowl has 15 seconds left.\n|\n|t:|1699832363\n|move|p2a: Volcarona|Protect|p2a: Volcarona\n|-singleturn|p2a: Volcarona|Protect\n|move|p1b: Tornadus|Bleakwind Storm|p2a: Volcarona|[spread] p2b\n|-activate|p2a: Volcarona|move: Protect\n|-damage|p2b: Landorus|23\/100\n|move|p1a: Arcanine|Flare Blitz|p2a: Volcarona\n|-activate|p2a: Volcarona|move: Protect\n|move|p2b: Landorus|Rock Slide|p1b: Tornadus|[spread] p1a,p1b\n|-supereffective|p1a: Arcanine\n|-supereffective|p1b: Tornadus\n|-damage|p1a: Arcanine|0 fnt\n|-damage|p1b: Tornadus|50\/100\n|faint|p1a: Arcanine\n|\n|-weather|RainDance|[upkeep]\n|-heal|p2b: Landorus|29\/100|[from] item: Leftovers\n|upkeep\n|\n|t:|1699832379\n|switch|p1a: Chien-Pao|Chien-Pao, L50|100\/100\n|-ability|p1a: Chien-Pao|Sword of Ruin\n|turn|4\n|inactive|spikle rick has 30 seconds left.\n|\n|t:|1699832409\n|switch|p2b: Pelipper|Pelipper, L50, F|100\/100\n|move|p2a: Volcarona|Protect||[still]\n|-fail|p2a: Volcarona\n|move|p1a: Chien-Pao|Sucker Punch||[still]\n|-fail|p1a: Chien-Pao\n|move|p1b: Tornadus|Bleakwind Storm|p2b: Pelipper|[spread] p2a,p2b\n|-damage|p2a: Volcarona|17\/100\n|-damage|p2b: Pelipper|49\/100\n|\n|-weather|RainDance|[upkeep]\n|-sideend|p1: Steezowl|move: Tailwind\n|upkeep\n|turn|5\n|inactive|spikle rick has 30 seconds left.\n|\n|t:|1699832434\n|move|p1a: Chien-Pao|Protect|p1a: Chien-Pao\n|-singleturn|p1a: Chien-Pao|Protect\n|move|p2a: Volcarona|Bug Buzz|p1a: Chien-Pao\n|-activate|p1a: Chien-Pao|move: Protect\n|move|p1b: Tornadus|Bleakwind Storm|p2b: Pelipper|[spread] p2a,p2b\n|-damage|p2a: Volcarona|0 fnt\n|-damage|p2b: Pelipper|0 fnt\n|faint|p2a: Volcarona\n|faint|p2b: Pelipper\n|\n|-weather|RainDance|[upkeep]\n|upkeep\n|-message|spikle rick forfeited.\n|\n|win|Steezowl\n|raw|Steezowl's rating: 1067 &rarr; <strong>1098<\/strong><br \/>(+31 for winning)\n|raw|spikle rick's rating: 1083 &rarr; <strong>1060<\/strong><br \/>(-23 for losing)\n|l|\u2606spikle rick\n","uploadtime":1699832450,"views":14,"p1id":"steezowl","p2id":"spiklerick","formatid":"gen9vgc2023regulatione","rating":1060,"private":0,"password":""}