{"id":"gen9vgc2023regulatione-1996955319","p1":"Lego superman","p2":"aaooa","format":"[Gen 9] VGC 2023 Regulation E","log":"|j|\u2606Lego superman\n|j|\u2606aaooa\n|t:|1700749282\n|gametype|doubles\n|player|p1|Lego superman|gentleman-gen4|1085\n|player|p2|aaooa|169|1141\n|teamsize|p1|6\n|teamsize|p2|6\n|gen|9\n|tier|[Gen 9] VGC 2023 Regulation E\n|rated|\n|rule|Species Clause: Limit one of each Pok\u00e9mon\n|rule|Item Clause: Limit one of each item\n|clearpoke\n|poke|p1|Inteleon, L50, M|\n|poke|p1|Ogerpon-Hearthflame, L50, F|\n|poke|p1|Thundurus, L50, M|\n|poke|p1|Flutter Mane, L50|\n|poke|p1|Sableye, L50, F|\n|poke|p1|Chien-Pao, L50|\n|poke|p2|Weezing-Galar, L50, F|\n|poke|p2|Toedscruel, L50, F|\n|poke|p2|Tornadus, L50, M|\n|poke|p2|Shiftry, L50, M|\n|poke|p2|Slaking, L50, M|\n|poke|p2|Koffing, L50, F|\n|teampreview|4\n|inactive|Battle timer is ON: inactive players will automatically lose when time's up. (requested by aaooa)\n|l|\u2606aaooa\n|inactive|aaooa disconnected and has a minute to reconnect!\n|player|p2|\n|j|\u2606aaooa\n|inactive|aaooa reconnected.\n|player|p2|aaooa|169\n|l|\u2606aaooa\n|inactive|aaooa disconnected and has a minute to reconnect!\n|player|p2|\n|j|\u2606aaooa\n|inactive|aaooa reconnected.\n|player|p2|aaooa|169\n|inactive|Lego superman has 60 seconds left.\n|l|\u2606aaooa\n|inactive|aaooa disconnected and has a minute to reconnect!\n|player|p2|\n|j|\u2606aaooa\n|inactive|aaooa reconnected.\n|player|p2|aaooa|169\n|\n|t:|1700749354\n|start\n|switch|p1a: Sableye|Sableye, L50, F|100\/100\n|switch|p1b: Inteleon|Inteleon, L50, M, shiny|100\/100\n|switch|p2a: Toedscruel|Toedscruel, L50, F|100\/100\n|switch|p2b: Weezing|Weezing-Galar, L50, F|100\/100\n|-ability|p2b: Weezing|Neutralizing Gas\n|turn|1\n|inactive|Lego superman has 30 seconds left.\n|inactive|aaooa has 30 seconds left.\n|inactive|Lego superman has 20 seconds left.\n|\n|t:|1700749391\n|-terastallize|p1b: Inteleon|Grass\n|-terastallize|p2a: Toedscruel|Flying\n|move|p1a: Sableye|Fake Out|p2b: Weezing\n|-damage|p2b: Weezing|94\/100\n|-enditem|p2b: Weezing|Eject Button\n|\n|t:|1700749397\n|-end|p2b: Weezing|ability: Neutralizing Gas\n|switch|p2b: Slaking|Slaking, L50, M|100\/100\n|move|p1b: Inteleon|Ice Beam|p2a: Toedscruel\n|-supereffective|p2a: Toedscruel\n|-enditem|p2a: Toedscruel|Yache Berry|[eat]\n|-enditem|p2a: Toedscruel|Yache Berry|[weaken]\n|-damage|p2a: Toedscruel|70\/100\n|move|p2a: Toedscruel|Spore|p1b: Inteleon\n|-immune|p1b: Inteleon\n|\n|upkeep\n|turn|2\n|\n|t:|1700749419\n|switch|p2a: Koffing|Koffing, L50, F|100\/100\n|-ability|p2a: Koffing|Neutralizing Gas\n|move|p1b: Inteleon|Snipe Shot|p2b: Slaking\n|-crit|p2b: Slaking\n|-damage|p2b: Slaking|22\/100\n|move|p2b: Slaking|Encore|p1a: Sableye\n|-start|p1a: Sableye|Encore\n|move|p1a: Sableye|Fake Out||[still]\n|-hint|Fake Out only works on your first turn out.\n|-fail|p1a: Sableye\n|\n|upkeep\n|turn|3\n|inactive|Lego superman has 30 seconds left.\n|\n|t:|1700749449\n|switch|p1a: Chien-Pao|Chien-Pao, L50|100\/100\n|move|p2b: Slaking|Sucker Punch|p1b: Inteleon\n|-damage|p1b: Inteleon|52\/100\n|move|p1b: Inteleon|Ice Beam|p2b: Slaking\n|-damage|p2b: Slaking|0 fnt\n|faint|p2b: Slaking\n|move|p2a: Koffing|Toxic|p1b: Inteleon\n|-status|p1b: Inteleon|tox\n|\n|-damage|p1b: Inteleon|46\/100 tox|[from] psn\n|upkeep\n|\n|t:|1700749464\n|switch|p2b: Weezing|Weezing-Galar, L50, F|94\/100\n|-ability|p2b: Weezing|Neutralizing Gas\n|turn|4\n|\n|t:|1700749482\n|move|p2b: Weezing|Protect|p2b: Weezing\n|-singleturn|p2b: Weezing|Protect\n|move|p1a: Chien-Pao|Ice Spinner|p2a: Koffing\n|-damage|p2a: Koffing|63\/100\n|move|p1b: Inteleon|Snipe Shot|p2a: Koffing\n|-damage|p2a: Koffing|24\/100\n|move|p2a: Koffing|Will-O-Wisp|p1a: Chien-Pao\n|-status|p1a: Chien-Pao|brn\n|\n|-damage|p1b: Inteleon|34\/100 tox|[from] psn\n|-damage|p1a: Chien-Pao|95\/100 brn|[from] brn\n|upkeep\n|turn|5\n|inactive|Lego superman has 30 seconds left.\n|\n|t:|1700749507\n|move|p1a: Chien-Pao|Throat Chop|p2b: Weezing\n|-resisted|p2b: Weezing\n|-damage|p2b: Weezing|83\/100\n|-start|p2b: Weezing|Throat Chop|[silent]\n|move|p1b: Inteleon|Snipe Shot|p2b: Weezing\n|-damage|p2b: Weezing|22\/100\n|move|p2b: Weezing|Dazzling Gleam|p1b: Inteleon|[spread] p1a,p1b\n|-supereffective|p1a: Chien-Pao\n|-damage|p1a: Chien-Pao|9\/100 brn\n|-damage|p1b: Inteleon|0 fnt\n|faint|p1b: Inteleon\n|move|p2a: Koffing|Pain Split|p1a: Chien-Pao\n|-sethp|p1a: Chien-Pao|16\/100 brn|[from] move: Pain Split|[silent]\n|-sethp|p2a: Koffing|17\/100|[from] move: Pain Split\n|\n|-damage|p1a: Chien-Pao|10\/100 brn|[from] brn\n|upkeep\n|\n|t:|1700749513\n|switch|p1b: Ogerpon|Ogerpon-Hearthflame, L50, F|100\/100\n|turn|6\n|inactive|Lego superman has 30 seconds left.\n|\n|t:|1700749541\n|move|p2b: Weezing|Protect|p2b: Weezing\n|-singleturn|p2b: Weezing|Protect\n|move|p2a: Koffing|Protect|p2a: Koffing\n|-singleturn|p2a: Koffing|Protect\n|move|p1a: Chien-Pao|Sucker Punch||[still]\n|-fail|p1a: Chien-Pao\n|move|p1b: Ogerpon|Ivy Cudgel|p2a: Koffing|[anim] Ivy Cudgel Fire\n|-activate|p2a: Koffing|move: Protect\n|\n|-damage|p1a: Chien-Pao|4\/100 brn|[from] brn\n|-end|p2b: Weezing|Throat Chop|[silent]\n|upkeep\n|turn|7\n|\n|t:|1700749553\n|move|p2a: Koffing|Protect||[still]\n|-fail|p2a: Koffing\n|move|p1a: Chien-Pao|Sucker Punch||[still]\n|-fail|p1a: Chien-Pao\n|move|p1b: Ogerpon|Ivy Cudgel|p2a: Koffing|[anim] Ivy Cudgel Fire\n|-damage|p2a: Koffing|0 fnt\n|faint|p2a: Koffing\n|move|p2b: Weezing|Pain Split|p1b: Ogerpon\n|-sethp|p1b: Ogerpon|61\/100|[from] move: Pain Split|[silent]\n|-sethp|p2b: Weezing|59\/100|[from] move: Pain Split\n|\n|-damage|p1a: Chien-Pao|0 fnt|[from] brn\n|faint|p1a: Chien-Pao\n|upkeep\n|\n|t:|1700749567\n|switch|p1a: Sableye|Sableye, L50, F|100\/100\n|switch|p2a: Toedscruel|Toedscruel, L50, F, tera:Flying|70\/100\n|turn|8\n|\n|t:|1700749586\n|move|p1a: Sableye|Fake Out|p2b: Weezing\n|-damage|p2b: Weezing|52\/100\n|move|p2a: Toedscruel|Spore|p1a: Sableye\n|-status|p1a: Sableye|slp|[from] move: Spore\n|move|p1b: Ogerpon|Ivy Cudgel|p2a: Toedscruel|[anim] Ivy Cudgel Fire\n|-damage|p2a: Toedscruel|0 fnt\n|faint|p2a: Toedscruel\n|cant|p2b: Weezing|flinch\n|\n|upkeep\n|turn|9\n|\n|t:|1700749608\n|move|p1b: Ogerpon|Spiky Shield|p1b: Ogerpon\n|-singleturn|p1b: Ogerpon|move: Protect\n|move|p2b: Weezing|Sludge Bomb|p1b: Ogerpon\n|-activate|p1b: Ogerpon|move: Protect\n|cant|p1a: Sableye|slp\n|\n|upkeep\n|turn|10\n|\n|t:|1700749623\n|move|p1b: Ogerpon|Ivy Cudgel|p2b: Weezing|[anim] Ivy Cudgel Fire\n|-crit|p2b: Weezing\n|-damage|p2b: Weezing|0 fnt\n|faint|p2b: Weezing\n|-end|p2b: Weezing|ability: Neutralizing Gas\n|-ability|p1b: Ogerpon|Mold Breaker\n|\n|win|Lego superman\n|raw|Lego superman's rating: 1085 &rarr; <strong>1117<\/strong><br \/>(+32 for winning)\n|raw|aaooa's rating: 1141 &rarr; <strong>1112<\/strong><br \/>(-29 for losing)\n|c|\u2606aaooa|gg\n|l|\u2606aaooa\n|j|\u2606aaooa\n|player|p2|aaooa|169\n","uploadtime":1700749640,"views":2,"p1id":"legosuperman","p2id":"aaooa","formatid":"gen9vgc2023regulatione","rating":1112,"private":0,"password":""}