{"id":"gen9vgc2023regulatione-1995530540","p1":"fuent127","p2":"Mnthll","format":"[Gen 9] VGC 2023 Regulation E","log":"|j|\u2606fuent127\n|j|\u2606Mnthll\n|t:|1700580288\n|gametype|doubles\n|player|p1|fuent127|veteran|\n|player|p2|Mnthll|gentleman-gen4|\n|teamsize|p1|6\n|teamsize|p2|6\n|gen|9\n|tier|[Gen 9] VGC 2023 Regulation E\n|rated|Tournament battle\n|rule|Species Clause: Limit one of each Pok\u00e9mon\n|rule|Item Clause: Limit one of each item\n|clearpoke\n|poke|p1|Ogerpon-Hearthflame, L50, F|\n|poke|p1|Rillaboom, L50, M|\n|poke|p1|Flutter Mane, L50|\n|poke|p1|Urshifu-*, L50, F|\n|poke|p1|Tornadus, L50, M|\n|poke|p1|Heatran, L50, M|\n|poke|p2|Umbreon, L50, F|\n|poke|p2|Rillaboom, L50, F|\n|poke|p2|Talonflame, L50, F|\n|poke|p2|Urshifu-*, L50, M|\n|poke|p2|Gholdengo, L50|\n|poke|p2|Cresselia, L50, F|\n|teampreview|4\n|showteam|p1|Ogerpon-Hearthflame||HearthflameMask|MoldBreaker|IvyCudgel,SwordsDance,GrassyGlide,SpikyShield|||F|||50|,,,,,Fire]Rillaboom||AssaultVest|GrassySurge|WoodHammer,FakeOut,GrassyGlide,HighHorsepower|||M|||50|,,,,,Fire]Flutter Mane||FocusSash|Protosynthesis|Moonblast,ShadowBall,TrickRoom,Imprison||||||50|,,,,,Fairy]Urshifu||BlackGlasses|UnseenFist|WickedBlow,SuckerPunch,SwordsDance,Protect|||F|||50|,,,,,Poison]Tornadus||WideLens|Prankster|BleakwindStorm,Tailwind,ScaryFace,Protect|||M|||50|,,,,,Ghost]Heatran||LifeOrb|FlashFire|HeatWave,FlashCannon,EarthPower,Protect|||M|||50|,,,,,Fairy\n|showteam|p2|Umbreon||Leftovers|InnerFocus|FoulPlay,Yawn,Snarl,Protect|||F|||50|,,,,,Poison]Rillaboom||MiracleSeed|GrassySurge|GrassyGlide,FakeOut,WoodHammer,Protect|||F|||50|,,,,,Grass]Talonflame||CovertCloak|GaleWings|Tailwind,BraveBird,WillOWisp,Roost|||F|||50|,,,,,Grass]Urshifu-Rapid-Strike||ChoiceScarf|UnseenFist|SurgingStrikes,CloseCombat,AquaJet,Uturn|||M|||50|,,,,,Water]Gholdengo||ChoiceSpecs|GoodasGold|MakeItRain,ShadowBall,Thunderbolt,DazzlingGleam||||||50|,,,,,Steel]Cresselia||SitrusBerry|Levitate|Moonblast,TrickRoom,IceBeam,LunarBlessing|||F|||50|,,,,,Fairy\n|\n|t:|1700580353\n|start\n|switch|p1a: Tornadus|Tornadus, L50, M|100\/100\n|switch|p1b: Heatran|Heatran, L50, M|100\/100\n|switch|p2a: Talonflame|Talonflame, L50, F|100\/100\n|switch|p2b: Cresselia|Cresselia, L50, F|100\/100\n|turn|1\n|\n|t:|1700580389\n|move|p2a: Talonflame|Brave Bird|p1a: Tornadus\n|-damage|p1a: Tornadus|57\/100\n|-damage|p2a: Talonflame|86\/100|[from] Recoil\n|move|p1a: Tornadus|Bleakwind Storm|p2a: Talonflame|[spread] p2a,p2b\n|-damage|p2a: Talonflame|36\/100\n|-damage|p2b: Cresselia|70\/100\n|move|p1b: Heatran|Heat Wave|p2a: Talonflame|[spread] p2a,p2b\n|-resisted|p2a: Talonflame\n|-crit|p2a: Talonflame\n|-damage|p2a: Talonflame|0 fnt\n|-damage|p2b: Cresselia|36\/100\n|-enditem|p2b: Cresselia|Sitrus Berry|[eat]\n|-heal|p2b: Cresselia|61\/100|[from] item: Sitrus Berry\n|faint|p2a: Talonflame\n|-damage|p1b: Heatran|91\/100|[from] item: Life Orb\n|move|p2b: Cresselia|Ice Beam|p1a: Tornadus\n|-supereffective|p1a: Tornadus\n|-damage|p1a: Tornadus|19\/100\n|\n|upkeep\n|inactive|Battle timer is ON: inactive players will automatically lose when time's up. (requested by fuent127)\n|\n|t:|1700580409\n|switch|p2a: Urshifu|Urshifu-Rapid-Strike, L50, M|100\/100\n|turn|2\n|inactive|fuent127 has 30 seconds left.\n|inactive|fuent127 has 20 seconds left.\n|inactive|fuent127 has 15 seconds left.\n|inactive|fuent127 has 10 seconds left.\n|\n|t:|1700580457\n|-terastallize|p2a: Urshifu|Water\n|move|p1a: Tornadus|Tailwind|p1a: Tornadus\n|-sidestart|p1: fuent127|move: Tailwind\n|move|p2a: Urshifu|Surging Strikes|p1b: Heatran\n|-supereffective|p1b: Heatran\n|-crit|p1b: Heatran\n|-damage|p1b: Heatran|38\/100\n|-supereffective|p1b: Heatran\n|-crit|p1b: Heatran\n|-damage|p1b: Heatran|0 fnt\n|faint|p1b: Heatran\n|-hitcount|p1: Heatran|2\n|move|p2b: Cresselia|Trick Room|p2b: Cresselia\n|-fieldstart|move: Trick Room|[of] p2b: Cresselia\n|\n|upkeep\n|\n|t:|1700580471\n|switch|p1b: Urshifu|Urshifu, L50, F|100\/100\n|turn|3\n|\n|t:|1700580487\n|-terastallize|p1b: Urshifu|Poison\n|move|p2b: Cresselia|Moonblast|p1a: Tornadus\n|-damage|p1a: Tornadus|0 fnt\n|faint|p1a: Tornadus\n|move|p2a: Urshifu|Surging Strikes|p1b: Urshifu\n|-crit|p1b: Urshifu\n|-damage|p1b: Urshifu|70\/100\n|-crit|p1b: Urshifu\n|-damage|p1b: Urshifu|40\/100\n|-crit|p1b: Urshifu\n|-damage|p1b: Urshifu|12\/100\n|-hitcount|p1b: Urshifu|3\n|move|p1b: Urshifu|Wicked Blow|p2b: Cresselia\n|-supereffective|p2b: Cresselia\n|-crit|p2b: Cresselia\n|-damage|p2b: Cresselia|0 fnt\n|faint|p2b: Cresselia\n|\n|upkeep\n|\n|t:|1700580501\n|switch|p2b: Umbreon|Umbreon, L50, F, shiny|100\/100\n|switch|p1a: Ogerpon|Ogerpon-Hearthflame, L50, F|100\/100\n|-ability|p1a: Ogerpon|Mold Breaker\n|turn|4\n|inactive|fuent127 has 30 seconds left.\n|\n|t:|1700580530\n|move|p1b: Urshifu|Sucker Punch|p2a: Urshifu\n|-damage|p2a: Urshifu|58\/100\n|move|p2b: Umbreon|Yawn|p1a: Ogerpon\n|-start|p1a: Ogerpon|move: Yawn|[of] p2b: Umbreon\n|move|p2a: Urshifu|Surging Strikes|p1b: Urshifu\n|-crit|p1b: Urshifu\n|-damage|p1b: Urshifu|0 fnt\n|faint|p1b: Urshifu\n|-hitcount|p1: Urshifu|1\n|move|p1a: Ogerpon|Grassy Glide|p2a: Urshifu\n|-supereffective|p2a: Urshifu\n|-damage|p2a: Urshifu|0 fnt\n|faint|p2a: Urshifu\n|\n|upkeep\n|turn|5\n|\n|t:|1700580552\n|move|p2b: Umbreon|Foul Play|p1a: Ogerpon\n|-damage|p1a: Ogerpon|40\/100\n|move|p1a: Ogerpon|Ivy Cudgel|p2b: Umbreon|[anim] Ivy Cudgel Fire\n|-damage|p2b: Umbreon|61\/100\n|\n|-heal|p2b: Umbreon|68\/100|[from] item: Leftovers\n|-end|p1a: Ogerpon|move: Yawn|[silent]\n|-status|p1a: Ogerpon|slp\n|-sideend|p1: fuent127|move: Tailwind\n|upkeep\n|turn|6\n|\n|t:|1700580561\n|cant|p1a: Ogerpon|slp\n|move|p2b: Umbreon|Foul Play|p1a: Ogerpon\n|-damage|p1a: Ogerpon|0 fnt\n|faint|p1a: Ogerpon\n|\n|win|Mnthll\n|n|\u2606fuent127|fuent127\n|n|\u2606Mnthll|mnthll\n|l|\u2606fuent127\n","uploadtime":1700581119,"views":5,"p1id":"fuent127","p2id":"mnthll","formatid":"gen9vgc2023regulatione","rating":0,"private":0,"password":""}