{"id":"gen9vgc2023regulatione-1993776668","p1":"ChoccyMilkMafia","p2":"Lars&Nina_VGC","format":"[Gen 9] VGC 2023 Regulation E","log":"|j|\u2606ChoccyMilkMafia\n|j|\u2606Lars&Nina_VGC\n|t:|1700355944\n|gametype|doubles\n|player|p1|ChoccyMilkMafia|kieran|1039\n|player|p2|Lars&Nina_VGC|101|1109\n|teamsize|p1|6\n|teamsize|p2|6\n|gen|9\n|tier|[Gen 9] VGC 2023 Regulation E\n|rated|\n|rule|Species Clause: Limit one of each Pok\u00e9mon\n|rule|Item Clause: Limit one of each item\n|clearpoke\n|poke|p1|Chi-Yu, L50|\n|poke|p1|Sinistcha, L50|\n|poke|p1|Murkrow, L50, M|\n|poke|p1|Regieleki, L50|\n|poke|p1|Indeedee-F, L50, F|\n|poke|p1|Crawdaunt, L50, F|\n|poke|p2|Muk-Alola, L50, F|\n|poke|p2|Scovillain, L50, M|\n|poke|p2|Grimmsnarl, L50, M|\n|poke|p2|Dondozo, L50, M|\n|poke|p2|Tatsugiri, L50, F|\n|poke|p2|Sylveon, L50, M|\n|teampreview|4\n|inactive|Battle timer is ON: inactive players will automatically lose when time's up. (requested by Lars&Nina_VGC)\n|\n|t:|1700355960\n|start\n|switch|p1a: large boke|Sinistcha, L50|100\/100\n|switch|p1b: FISH BLAST|Chi-Yu, L50|100\/100\n|switch|p2a: Muk|Muk-Alola, L50, F|100\/100\n|switch|p2b: Grimmsnarl|Grimmsnarl, L50, M|100\/100\n|-ability|p1b: FISH BLAST|Beads of Ruin\n|turn|1\n|\n|t:|1700355978\n|move|p1b: FISH BLAST|Protect|p1b: FISH BLAST\n|-singleturn|p1b: FISH BLAST|Protect\n|move|p2b: Grimmsnarl|Fake Out|p1b: FISH BLAST\n|-activate|p1b: FISH BLAST|move: Protect\n|move|p2a: Muk|Minimize|p2a: Muk\n|-boost|p2a: Muk|evasion|2\n|move|p1a: large boke|Trick Room|p1a: large boke\n|-fieldstart|move: Trick Room|[of] p1a: large boke\n|-enditem|p1b: FISH BLAST|Room Service\n|-unboost|p1b: FISH BLAST|spe|1|[from] item: Room Service\n|\n|upkeep\n|turn|2\n|\n|t:|1700355992\n|move|p2b: Grimmsnarl|Light Screen|p2b: Grimmsnarl\n|-sidestart|p2: Lars&Nina_VGC|move: Light Screen\n|move|p2a: Muk|Minimize|p2a: Muk\n|-boost|p2a: Muk|evasion|2\n|move|p1b: FISH BLAST|Lava Plume|p2a: Muk|[spread] p1a,p2b\n|-miss|p1b: FISH BLAST|p2a: Muk\n|-supereffective|p1a: large boke\n|-damage|p1a: large boke|63\/100\n|-damage|p2b: Grimmsnarl|69\/100\n|-status|p2b: Grimmsnarl|brn\n|-enditem|p1a: large boke|Weakness Policy\n|-boost|p1a: large boke|atk|2|[from] item: Weakness Policy\n|-boost|p1a: large boke|spa|2|[from] item: Weakness Policy\n|move|p1a: large boke|Matcha Gotcha|p2a: Muk|[spread] p2b\n|-miss|p1a: large boke|p2a: Muk\n|-damage|p2b: Grimmsnarl|18\/100 brn\n|-heal|p1a: large boke|92\/100|[from] drain|[of] p2b: Grimmsnarl\n|\n|-damage|p2b: Grimmsnarl|12\/100 brn|[from] brn\n|upkeep\n|turn|3\n|\n|t:|1700356014\n|switch|p2b: Scovillain|Scovillain, L50, M|100\/100\n|move|p2a: Muk|Minimize|p2a: Muk\n|-boost|p2a: Muk|evasion|2\n|move|p1b: FISH BLAST|Overheat|p2a: Muk\n|-damage|p2a: Muk|49\/100\n|-unboost|p1b: FISH BLAST|spa|2\n|move|p1a: large boke|Matcha Gotcha|p2a: Muk|[spread] p2b\n|-miss|p1a: large boke|p2a: Muk\n|-resisted|p2b: Scovillain\n|-damage|p2b: Scovillain|85\/100\n|-heal|p1a: large boke|99\/100|[from] drain|[of] p2b: Scovillain\n|\n|-heal|p2a: Muk|55\/100|[from] item: Leftovers\n|-ability|p2b: Scovillain|Moody|boost\n|-boost|p2b: Scovillain|atk|2\n|-unboost|p2b: Scovillain|def|1\n|upkeep\n|turn|4\n|\n|t:|1700356037\n|switch|p1b: \ud83d\udcde...|Crawdaunt, L50, F|100\/100\n|-terastallize|p1a: large boke|Water\n|move|p2a: Muk|Protect|p2a: Muk\n|-singleturn|p2a: Muk|Protect\n|move|p1a: large boke|Scald|p2b: Scovillain\n|-damage|p2b: Scovillain|19\/100\n|move|p2b: Scovillain|Grassy Terrain|p2b: Scovillain\n|-fieldstart|move: Grassy Terrain\n|\n|-heal|p2a: Muk|61\/100|[from] Grassy Terrain\n|-heal|p2a: Muk|67\/100|[from] item: Leftovers\n|-heal|p1a: large boke|100\/100|[from] Grassy Terrain\n|-heal|p2b: Scovillain|24\/100|[from] Grassy Terrain\n|-ability|p2b: Scovillain|Moody|boost\n|-boost|p2b: Scovillain|spa|2\n|-unboost|p2b: Scovillain|atk|1\n|upkeep\n|turn|5\n|inactive|Lars&Nina_VGC has 30 seconds left.\n|\n|t:|1700356065\n|move|p2a: Muk|Drain Punch|p1b: \ud83d\udcde...\n|-supereffective|p1b: \ud83d\udcde...\n|-damage|p1b: \ud83d\udcde...|58\/100\n|-heal|p2a: Muk|84\/100|[from] drain|[of] p1b: \ud83d\udcde...\n|move|p1b: \ud83d\udcde...|Swords Dance|p1b: \ud83d\udcde...\n|-boost|p1b: \ud83d\udcde...|atk|2\n|move|p1a: large boke|Scald|p2b: Scovillain\n|-damage|p2b: Scovillain|0 fnt\n|faint|p2b: Scovillain\n|-ability|p2a: Muk|Moody|[from] ability: Power of Alchemy|[of] p2b: Scovillain\n|\n|-heal|p2a: Muk|90\/100|[from] Grassy Terrain\n|-heal|p2a: Muk|96\/100|[from] item: Leftovers\n|-heal|p1b: \ud83d\udcde...|64\/100|[from] Grassy Terrain\n|-fieldend|move: Trick Room\n|-ability|p2a: Muk|Moody|boost\n|-boost|p2a: Muk|spd|2\n|-unboost|p2a: Muk|spe|1\n|upkeep\n|\n|t:|1700356086\n|switch|p2b: Grimmsnarl|Grimmsnarl, L50, M|12\/100 brn\n|turn|6\n|\n|t:|1700356099\n|move|p2b: Grimmsnarl|Fake Out|p1b: \ud83d\udcde...\n|-damage|p1b: \ud83d\udcde...|58\/100\n|move|p1a: large boke|Scald|p2a: Muk|[miss]\n|-miss|p1a: large boke|p2a: Muk\n|cant|p1b: \ud83d\udcde...|flinch\n|move|p2a: Muk|Drain Punch|p1b: \ud83d\udcde...\n|-supereffective|p1b: \ud83d\udcde...\n|-damage|p1b: \ud83d\udcde...|14\/100\n|-heal|p2a: Muk|100\/100|[from] drain|[of] p1b: \ud83d\udcde...\n|\n|-heal|p2b: Grimmsnarl|18\/100 brn|[from] Grassy Terrain\n|-heal|p1b: \ud83d\udcde...|20\/100|[from] Grassy Terrain\n|-damage|p2b: Grimmsnarl|12\/100 brn|[from] brn\n|-ability|p2a: Muk|Moody|boost\n|-boost|p2a: Muk|spd|2\n|-unboost|p2a: Muk|atk|1\n|upkeep\n|turn|7\n|inactive|Lars&Nina_VGC has 30 seconds left.\n|\n|t:|1700356132\n|move|p2b: Grimmsnarl|Reflect|p2b: Grimmsnarl\n|-sidestart|p2: Lars&Nina_VGC|Reflect\n|move|p1a: large boke|Matcha Gotcha|p2a: Muk|[spread] p2b\n|-miss|p1a: large boke|p2a: Muk\n|-damage|p2b: Grimmsnarl|0 fnt\n|faint|p2b: Grimmsnarl\n|move|p1b: \ud83d\udcde...|Crabhammer|p2a: Muk\n|-damage|p2a: Muk|27\/100\n|move|p2a: Muk|Drain Punch|p1b: \ud83d\udcde...\n|-supereffective|p1b: \ud83d\udcde...\n|-damage|p1b: \ud83d\udcde...|0 fnt\n|-heal|p2a: Muk|34\/100|[from] drain|[of] p1b: \ud83d\udcde...\n|faint|p1b: \ud83d\udcde...\n|\n|-heal|p2a: Muk|41\/100|[from] Grassy Terrain\n|-heal|p2a: Muk|47\/100|[from] item: Leftovers\n|-ability|p2a: Muk|Moody|boost\n|-boost|p2a: Muk|atk|2\n|-unboost|p2a: Muk|spe|1\n|upkeep\n|\n|t:|1700356154\n|switch|p2b: Sylveon|Sylveon, L50, M|100\/100\n|switch|p1b: FISH BLAST|Chi-Yu, L50|100\/100\n|-ability|p1b: FISH BLAST|Beads of Ruin\n|turn|8\n|\n|t:|1700356167\n|-terastallize|p2b: Sylveon|Water\n|move|p1b: FISH BLAST|Lava Plume|p2a: Muk|[spread] p1a,p2b\n|-miss|p1b: FISH BLAST|p2a: Muk\n|-resisted|p1a: large boke\n|-resisted|p2b: Sylveon\n|-damage|p1a: large boke|92\/100\n|-damage|p2b: Sylveon|91\/100\n|move|p1a: large boke|Matcha Gotcha|p2b: Sylveon|[spread] p2b\n|-miss|p1a: large boke|p2a: Muk\n|-supereffective|p2b: Sylveon\n|-damage|p2b: Sylveon|4\/100\n|-heal|p1a: large boke|100\/100|[from] drain|[of] p2b: Sylveon\n|-enditem|p2b: Sylveon|Wiki Berry|[eat]\n|-heal|p2b: Sylveon|37\/100|[from] item: Wiki Berry\n|move|p2b: Sylveon|Psych Up|p2a: Muk\n|-copyboost|p2b: Sylveon|p2a: Muk|[from] move: Psych Up\n|move|p2a: Muk|Drain Punch|p1b: FISH BLAST\n|-supereffective|p1b: FISH BLAST\n|-damage|p1b: FISH BLAST|30\/100\n|-heal|p2a: Muk|73\/100|[from] drain|[of] p1b: FISH BLAST\n|\n|-heal|p1b: FISH BLAST|37\/100|[from] Grassy Terrain\n|-heal|p2b: Sylveon|43\/100|[from] Grassy Terrain\n|-heal|p2a: Muk|79\/100|[from] Grassy Terrain\n|-heal|p2a: Muk|85\/100|[from] item: Leftovers\n|-fieldend|move: Grassy Terrain\n|-ability|p2a: Muk|Moody|boost\n|-boost|p2a: Muk|spd|2\n|-unboost|p2a: Muk|def|1\n|upkeep\n|turn|9\n|inactive|ChoccyMilkMafia has 30 seconds left.\n|inactive|Lars&Nina_VGC has 30 seconds left.\n|\n|t:|1700356200\n|move|p2b: Sylveon|Protect|p2b: Sylveon\n|-singleturn|p2b: Sylveon|Protect\n|move|p2a: Muk|Protect|p2a: Muk\n|-singleturn|p2a: Muk|Protect\n|move|p1b: FISH BLAST|Lava Plume|p2b: Sylveon|[spread] p1a\n|-activate|p2a: Muk|move: Protect\n|-activate|p2b: Sylveon|move: Protect\n|-resisted|p1a: large boke\n|-damage|p1a: large boke|91\/100\n|move|p1a: large boke|Matcha Gotcha|p2b: Sylveon|[spread] \n|-activate|p2a: Muk|move: Protect\n|-activate|p2b: Sylveon|move: Protect\n|\n|-heal|p2a: Muk|92\/100|[from] item: Leftovers\n|-sideend|p2: Lars&Nina_VGC|move: Light Screen\n|-ability|p2a: Muk|Moody|boost\n|-boost|p2a: Muk|spe|2\n|-unboost|p2a: Muk|spa|1\n|upkeep\n|turn|10\n|\n|t:|1700356224\n|move|p1b: FISH BLAST|Lava Plume|p2b: Sylveon|[spread] p1a\n|-miss|p1b: FISH BLAST|p2a: Muk\n|-miss|p1b: FISH BLAST|p2b: Sylveon\n|-resisted|p1a: large boke\n|-damage|p1a: large boke|82\/100\n|-status|p1a: large boke|brn\n|move|p1a: large boke|Matcha Gotcha|p2a: Muk|[spread] p2a\n|-miss|p1a: large boke|p2b: Sylveon\n|-resisted|p2a: Muk\n|-damage|p2a: Muk|86\/100\n|-heal|p1a: large boke|85\/100 brn|[from] drain|[of] p2a: Muk\n|move|p2a: Muk|Drain Punch|p1b: FISH BLAST\n|-supereffective|p1b: FISH BLAST\n|-damage|p1b: FISH BLAST|0 fnt\n|-heal|p2a: Muk|99\/100|[from] drain|[of] p1b: FISH BLAST\n|faint|p1b: FISH BLAST\n|move|p2b: Sylveon|Stored Power|p1a: large boke\n|-damage|p1a: large boke|32\/100 brn\n|\n|-heal|p2a: Muk|100\/100|[from] item: Leftovers\n|-damage|p1a: large boke|29\/100 brn|[from] brn\n|-ability|p2a: Muk|Moody|boost\n|-boost|p2a: Muk|atk|2\n|-unboost|p2a: Muk|spe|1\n|upkeep\n|-message|ChoccyMilkMafia forfeited.\n|\n|win|Lars&Nina_VGC\n|raw|ChoccyMilkMafia's rating: 1039 &rarr; <strong>1026<\/strong><br \/>(-13 for losing)\n|raw|Lars&amp;Nina_VGC's rating: 1109 &rarr; <strong>1129<\/strong><br \/>(+20 for winning)\n","uploadtime":1700356250,"views":15,"p1id":"choccymilkmafia","p2id":"larsninavgc","formatid":"gen9vgc2023regulatione","rating":1026,"private":0,"password":""}