{"id":"gen9vgc2023regulatione-1998517861","p1":"FGEGE GEGEB ER ER","p2":"huntchaser","format":"[Gen 9] VGC 2023 Regulation E","log":"|j|\u2606FGEGE GEGEB ER ER\n|j|\u2606huntchaser\n|t:|1700951382\n|gametype|doubles\n|player|p1|FGEGE GEGEB ER ER|101|1045\n|player|p2|huntchaser|atticus|1076\n|teamsize|p1|6\n|teamsize|p2|6\n|gen|9\n|tier|[Gen 9] VGC 2023 Regulation E\n|rated|\n|rule|Species Clause: Limit one of each Pok\u00e9mon\n|rule|Item Clause: Limit one of each item\n|clearpoke\n|poke|p1|Annihilape, L50, F|\n|poke|p1|Flutter Mane, L50|\n|poke|p1|Umbreon, L50, M|\n|poke|p1|Maushold-Four, L50|\n|poke|p1|Rillaboom, L50, F|\n|poke|p1|Garganacl, L50, M|\n|poke|p2|Raichu-Alola, L50, M|\n|poke|p2|Pincurchin, L50, M|\n|poke|p2|Iron Treads, L50|\n|poke|p2|Tauros-Paldea-Blaze, L50, M|\n|poke|p2|Ogerpon-Wellspring, L50, F|\n|poke|p2|Gholdengo, L50|\n|teampreview|4\n|inactive|Battle timer is ON: inactive players will automatically lose when time's up. (requested by huntchaser)\n|\n|t:|1700951396\n|start\n|switch|p1a: Annihilape|Annihilape, L50, F|100\/100\n|switch|p1b: Umbreon|Umbreon, L50, M|100\/100\n|switch|p2a: Pincurchin|Pincurchin, L50, M|100\/100\n|switch|p2b: Raichu|Raichu-Alola, L50, M|100\/100\n|-fieldstart|move: Electric Terrain|[from] ability: Electric Surge|[of] p2a: Pincurchin\n|turn|1\n|\n|t:|1700951419\n|-terastallize|p1a: Annihilape|Fire\n|move|p2b: Raichu|Protect|p2b: Raichu\n|-singleturn|p2b: Raichu|Protect\n|move|p1a: Annihilape|Bulk Up|p1a: Annihilape\n|-boost|p1a: Annihilape|atk|1\n|-boost|p1a: Annihilape|def|1\n|move|p1b: Umbreon|Light Screen|p1b: Umbreon\n|-sidestart|p1: FGEGE GEGEB ER ER|move: Light Screen\n|move|p2a: Pincurchin|Toxic Spikes|p1b: Umbreon\n|-sidestart|p1: FGEGE GEGEB ER ER|move: Toxic Spikes\n|\n|upkeep\n|turn|2\n|\n|t:|1700951442\n|-terastallize|p2b: Raichu|Poison\n|move|p2b: Raichu|Psychic|p1a: Annihilape\n|-damage|p1a: Annihilape|77\/100\n|move|p1a: Annihilape|Drain Punch|p2a: Pincurchin\n|-damage|p2a: Pincurchin|38\/100\n|-heal|p1a: Annihilape|98\/100|[from] drain|[of] p2a: Pincurchin\n|move|p1b: Umbreon|Assurance|p2b: Raichu\n|-damage|p2b: Raichu|56\/100\n|move|p2a: Pincurchin|Thunder Wave|p1a: Annihilape|[miss]\n|-miss|p2a: Pincurchin|p1a: Annihilape\n|\n|upkeep\n|turn|3\n|\n|t:|1700951466\n|move|p2b: Raichu|Psychic|p1a: Annihilape\n|-damage|p1a: Annihilape|76\/100\n|move|p1a: Annihilape|Rage Fist|p2b: Raichu\n|-damage|p2b: Raichu|0 fnt\n|faint|p2b: Raichu\n|move|p1b: Umbreon|Assurance|p2a: Pincurchin\n|-damage|p2a: Pincurchin|13\/100\n|move|p2a: Pincurchin|Thunder Wave|p1a: Annihilape\n|-status|p1a: Annihilape|par\n|\n|upkeep\n|\n|t:|1700951478\n|switch|p2b: Tauros|Tauros-Paldea-Blaze, L50, M|100\/100\n|-ability|p2b: Tauros|Intimidate|boost\n|-fail|p1a: Annihilape|unboost|[from] item: Clear Amulet|[of] p1a: Annihilape\n|-unboost|p1b: Umbreon|atk|1\n|turn|4\n|inactive|huntchaser has 30 seconds left.\n|\n|t:|1700951503\n|switch|p1b: Rillaboom|Rillaboom, L50, F|100\/100\n|-status|p1b: Rillaboom|psn\n|-fieldstart|move: Grassy Terrain|[from] ability: Grassy Surge|[of] p1b: Rillaboom\n|move|p2b: Tauros|Raging Bull|p1b: Rillaboom\n|-sideend|p1: FGEGE GEGEB ER ER|move: Light Screen\n|-supereffective|p1b: Rillaboom\n|-crit|p1b: Rillaboom\n|-damage|p1b: Rillaboom|0 fnt\n|faint|p1b: Rillaboom\n|move|p1a: Annihilape|Rage Fist|p2b: Tauros\n|-damage|p2b: Tauros|0 fnt\n|faint|p2b: Tauros\n|move|p2a: Pincurchin|Hex|p1a: Annihilape\n|-damage|p1a: Annihilape|51\/100 par\n|\n|-heal|p1a: Annihilape|57\/100 par|[from] Grassy Terrain\n|-heal|p2a: Pincurchin|19\/100|[from] Grassy Terrain\n|upkeep\n|\n|t:|1700951520\n|switch|p2b: Gholdengo|Gholdengo, L50|100\/100\n|switch|p1b: Umbreon|Umbreon, L50, M|100\/100\n|-status|p1b: Umbreon|psn\n|turn|5\n|\n|t:|1700951536\n|move|p2b: Gholdengo|Protect|p2b: Gholdengo\n|-singleturn|p2b: Gholdengo|Protect\n|move|p2a: Pincurchin|Sucker Punch|p1a: Annihilape\n|-damage|p1a: Annihilape|47\/100 par\n|move|p1b: Umbreon|Light Screen|p1b: Umbreon\n|-sidestart|p1: FGEGE GEGEB ER ER|move: Light Screen\n|move|p1a: Annihilape|Rage Fist|p2b: Gholdengo\n|-activate|p2b: Gholdengo|move: Protect\n|\n|-heal|p1a: Annihilape|53\/100 par|[from] Grassy Terrain\n|-heal|p2a: Pincurchin|25\/100|[from] Grassy Terrain\n|-damage|p1b: Umbreon|88\/100 psn|[from] psn\n|upkeep\n|turn|6\n|\n|t:|1700951556\n|move|p2b: Gholdengo|Make It Rain|p1b: Umbreon|[spread] p1a,p1b\n|-resisted|p1a: Annihilape\n|-crit|p1a: Annihilape\n|-damage|p1a: Annihilape|18\/100 par\n|-damage|p1b: Umbreon|64\/100 psn\n|-unboost|p2b: Gholdengo|spa|1\n|move|p1b: Umbreon|Assurance|p2a: Pincurchin\n|-damage|p2a: Pincurchin|1\/100\n|move|p1a: Annihilape|Rage Fist|p2b: Gholdengo\n|-supereffective|p2b: Gholdengo\n|-damage|p2b: Gholdengo|0 fnt\n|faint|p2b: Gholdengo\n|move|p2a: Pincurchin|Hex|p1a: Annihilape\n|-damage|p1a: Annihilape|2\/100 par\n|\n|-heal|p1b: Umbreon|70\/100 psn|[from] Grassy Terrain\n|-heal|p1a: Annihilape|8\/100 par|[from] Grassy Terrain\n|-heal|p2a: Pincurchin|7\/100|[from] Grassy Terrain\n|-damage|p1b: Umbreon|58\/100 psn|[from] psn\n|upkeep\n|turn|7\n|\n|t:|1700951577\n|move|p2a: Pincurchin|Sucker Punch|p1a: Annihilape\n|-damage|p1a: Annihilape|0 fnt\n|faint|p1a: Annihilape\n|move|p1b: Umbreon|Assurance|p2a: Pincurchin\n|-damage|p2a: Pincurchin|0 fnt\n|faint|p2a: Pincurchin\n|\n|win|FGEGE GEGEB ER ER\n|raw|FGEGE GEGEB ER ER's rating: 1045 &rarr; <strong>1081<\/strong><br \/>(+36 for winning)\n|raw|huntchaser's rating: 1076 &rarr; <strong>1053<\/strong><br \/>(-23 for losing)\n|c|\u2606huntchaser|gg\n|l|\u2606FGEGE GEGEB ER ER\n","uploadtime":1700951597,"views":2,"p1id":"fgegegegeberer","p2id":"huntchaser","formatid":"gen9vgc2023regulatione","rating":1053,"private":0,"password":""}