{"id":"gen9vgc2023regulatione-1999283178","p1":"tpw989","p2":"Mazovin","format":"[Gen 9] VGC 2023 Regulation E","log":"|j|\u2606tpw989\n|j|\u2606Mazovin\n|t:|1701054819\n|gametype|doubles\n|player|p1|tpw989|blackbelt|1133\n|player|p2|Mazovin|lance|1045\n|teamsize|p1|6\n|teamsize|p2|6\n|gen|9\n|tier|[Gen 9] VGC 2023 Regulation E\n|rated|\n|rule|Species Clause: Limit one of each Pok\u00e9mon\n|rule|Item Clause: Limit one of each item\n|clearpoke\n|poke|p1|Indeedee-F, L50, F|\n|poke|p1|Armarouge, L50, F|\n|poke|p1|Torkoal, L50, M|\n|poke|p1|Lilligant-Hisui, L50, F|\n|poke|p1|Ursaluna, L50, M|\n|poke|p1|Milotic, L50, M|\n|poke|p2|Flutter Mane, L50|\n|poke|p2|Tornadus, L50, M|\n|poke|p2|Rillaboom, L50, F|\n|poke|p2|Garganacl, L50, F|\n|poke|p2|Arcanine-Hisui, L50, F|\n|poke|p2|Chien-Pao, L50|\n|teampreview|4\n|\n|t:|1701054836\n|start\n|switch|p1a: Torkoal|Torkoal, L50, M|100\/100\n|switch|p1b: Lilligant|Lilligant-Hisui, L50, F|100\/100\n|switch|p2a: Tornadus|Tornadus, L50, M|100\/100\n|switch|p2b: Arcanine|Arcanine-Hisui, L50, F|100\/100\n|-ability|p2b: Arcanine|Intimidate|boost\n|-unboost|p1a: Torkoal|atk|1\n|-unboost|p1b: Lilligant|atk|1\n|-weather|SunnyDay|[from] ability: Drought|[of] p1a: Torkoal\n|turn|1\n|\n|t:|1701054854\n|switch|p1a: Indeedee|Indeedee-F, L50, F, shiny|100\/100\n|-fieldstart|move: Psychic Terrain|[from] ability: Psychic Surge|[of] p1a: Indeedee\n|move|p2a: Tornadus|Taunt|p1b: Lilligant\n|-activate|p1b: Lilligant|move: Psychic Terrain\n|move|p1b: Lilligant|Ice Spinner|p2a: Tornadus\n|-supereffective|p2a: Tornadus\n|-damage|p2a: Tornadus|52\/100\n|-damage|p1b: Lilligant|84\/100|[from] item: Rocky Helmet|[of] p2a: Tornadus\n|-fieldend|move: Psychic Terrain\n|move|p2b: Arcanine|Rock Slide|p1b: Lilligant|[spread] p1b\n|-miss|p2b: Arcanine|p1a: Indeedee\n|-resisted|p1b: Lilligant\n|-damage|p1b: Lilligant|51\/100\n|\n|-weather|SunnyDay|[upkeep]\n|upkeep\n|turn|2\n|\n|t:|1701054887\n|move|p1a: Indeedee|Helping Hand|p1b: Lilligant\n|-singleturn|p1b: Lilligant|Helping Hand|[of] p1a: Indeedee\n|move|p2a: Tornadus|Tailwind|p2a: Tornadus\n|-sidestart|p2: Mazovin|move: Tailwind\n|move|p1b: Lilligant|Ice Spinner|p2a: Tornadus\n|-supereffective|p2a: Tornadus\n|-damage|p2a: Tornadus|0 fnt\n|-damage|p1b: Lilligant|35\/100|[from] item: Rocky Helmet|[of] p2a: Tornadus\n|faint|p2a: Tornadus\n|move|p2b: Arcanine|Rock Slide|p1b: Lilligant|[spread] p1a,p1b\n|-resisted|p1b: Lilligant\n|-damage|p1a: Indeedee|48\/100\n|-damage|p1b: Lilligant|6\/100\n|\n|-weather|SunnyDay|[upkeep]\n|upkeep\n|\n|t:|1701054901\n|switch|p2a: Rillaboom|Rillaboom, L50, F|100\/100\n|-fieldstart|move: Grassy Terrain|[from] ability: Grassy Surge|[of] p2a: Rillaboom\n|turn|3\n|\n|t:|1701054912\n|switch|p1a: Torkoal|Torkoal, L50, M|100\/100\n|move|p2a: Rillaboom|Grassy Glide|p1b: Lilligant\n|-resisted|p1b: Lilligant\n|-damage|p1b: Lilligant|0 fnt\n|faint|p1b: Lilligant\n|move|p2b: Arcanine|Rock Slide|p1a: Torkoal\n|-supereffective|p1a: Torkoal\n|-damage|p1a: Torkoal|19\/100\n|\n|-weather|SunnyDay|[upkeep]\n|-heal|p1a: Torkoal|25\/100|[from] Grassy Terrain\n|upkeep\n|\n|t:|1701054923\n|switch|p1b: Indeedee|Indeedee-F, L50, F, shiny|48\/100\n|-fieldstart|move: Psychic Terrain|[from] ability: Psychic Surge|[of] p1b: Indeedee\n|turn|4\n|\n|t:|1701054936\n|move|p1a: Torkoal|Protect|p1a: Torkoal\n|-singleturn|p1a: Torkoal|Protect\n|move|p2b: Arcanine|Rock Slide|p1b: Indeedee|[spread] p1b\n|-activate|p1a: Torkoal|move: Protect\n|-damage|p1b: Indeedee|0 fnt\n|faint|p1b: Indeedee\n|move|p2a: Rillaboom|Wood Hammer|p1a: Torkoal\n|-activate|p1a: Torkoal|move: Protect\n|\n|-weather|SunnyDay|[upkeep]\n|upkeep\n|\n|t:|1701054946\n|switch|p1b: Armarouge|Armarouge, L50, F|100\/100\n|turn|5\n|\n|t:|1701054955\n|move|p2b: Arcanine|Rock Slide|p1a: Torkoal|[spread] p1a,p1b\n|-supereffective|p1a: Torkoal\n|-supereffective|p1b: Armarouge\n|-damage|p1a: Torkoal|0 fnt\n|-damage|p1b: Armarouge|18\/100\n|faint|p1a: Torkoal\n|move|p2a: Rillaboom|Wood Hammer|p1b: Armarouge\n|-resisted|p1b: Armarouge\n|-damage|p1b: Armarouge|0 fnt\n|faint|p1b: Armarouge\n|-damage|p2a: Rillaboom|95\/100|[from] Recoil\n|\n|win|Mazovin\n|raw|tpw989's rating: 1133 &rarr; <strong>1102<\/strong><br \/>(-31 for losing)\n|raw|Mazovin's rating: 1045 &rarr; <strong>1086<\/strong><br \/>(+41 for winning)\n","uploadtime":1701054962,"views":2,"p1id":"tpw989","p2id":"mazovin","formatid":"gen9vgc2023regulatione","rating":1086,"private":0,"password":""}