{"id":"gen9vgc2023regulatione-1996398073","p1":"benjc","p2":"ironknuckle23","format":"[Gen 9] VGC 2023 Regulation E","log":"|j|\u2606benjc\n|j|\u2606ironknuckle23\n|n|\u2606benjc|benjc\n|n|\u2606ironknuckle23|ironknuckle23\n|html|View the match progress at <a href=\"\/game-bestof3-gen9vgc2023regulatione-1996398072\">game-bestof3-gen9vgc2023regulatione-1996398072<\/a>\n|t:|1700678213\n|gametype|doubles\n|player|p1|benjc|preschooler|\n|player|p2|ironknuckle23|2|\n|teamsize|p1|6\n|teamsize|p2|6\n|gen|9\n|tier|[Gen 9] VGC 2023 Regulation E\n|rule|Species Clause: Limit one of each Pok\u00e9mon\n|rule|Item Clause: Limit one of each item\n|clearpoke\n|poke|p1|Scizor, L50, M|\n|poke|p1|Gardevoir, L50, F|\n|poke|p1|Ting-Lu, L50|\n|poke|p1|Gyarados, L50, F|\n|poke|p1|Eelektross, L50, M|\n|poke|p1|Poltchageist, L50|\n|poke|p2|Flutter Mane, L50|\n|poke|p2|Roaring Moon, L50|\n|poke|p2|Clefairy, L50, M|\n|poke|p2|Orthworm, L50, F|\n|poke|p2|Rotom-Mow, L50|\n|poke|p2|Moltres, L50|\n|teampreview|4\n|inactive|Battle timer is ON: inactive players will automatically lose when time's up. (requested by benjc)\nironknuckle23 rejected open team sheets.\n|c|\u2606ironknuckle23|hey hey!\n|c|\u2606ironknuckle23|gl hf!\n|c|\u2606benjc|gl hf!\n|inactive|benjc has 60 seconds left.\n|inactive|ironknuckle23 has 60 seconds left.\n|\n|t:|1700678263\n|start\n|switch|p1a: Gardevoir|Gardevoir, L50, F|100\/100\n|switch|p1b: Poltchageist|Poltchageist, L50|100\/100\n|switch|p2a: Rotom|Rotom-Mow, L50|100\/100\n|switch|p2b: Moltres|Moltres, L50, shiny|100\/100\n|turn|1\n|inactive|benjc has 30 seconds left.\n|\n|t:|1700678298\n|switch|p1b: Eelektross|Eelektross, L50, M|100\/100\n|move|p2b: Moltres|Heat Wave|p1b: Eelektross|[spread] p1a,p1b\n|-crit|p1a: Gardevoir\n|-damage|p1a: Gardevoir|54\/100\n|-damage|p1b: Eelektross|63\/100\n|move|p2a: Rotom|Volt Switch|p1a: Gardevoir\n|-damage|p1a: Gardevoir|24\/100\n|\n|t:|1700678307\n|switch|p2a: Clefairy|Clefairy, L50, M, shiny|100\/100|[from] Volt Switch\n|move|p1a: Gardevoir|Trick Room|p1a: Gardevoir\n|-fieldstart|move: Trick Room|[of] p1a: Gardevoir\n|\n|upkeep\n|turn|2\n|inactive|ironknuckle23 has 30 seconds left.\n|\n|t:|1700678344\n|switch|p1a: Poltchageist|Poltchageist, L50|100\/100\n|-heal|p1b: Eelektross|88\/100|[from] ability: Hospitality|[of] p1a: Poltchageist\n|-terastallize|p2b: Moltres|Fighting\n|move|p2a: Clefairy|Follow Me|p2a: Clefairy\n|-singleturn|p2a: Clefairy|move: Follow Me\n|move|p1b: Eelektross|Heavy Slam|p2a: Clefairy\n|-supereffective|p2a: Clefairy\n|-damage|p2a: Clefairy|58\/100\n|move|p2b: Moltres|Heat Wave|p1a: Poltchageist|[spread] p1a,p1b\n|-supereffective|p1a: Poltchageist\n|-damage|p1a: Poltchageist|18\/100\n|-damage|p1b: Eelektross|52\/100\n|\n|upkeep\n|turn|3\n|inactive|benjc has 30 seconds left.\n|inactive|benjc has 20 seconds left.\n|inactive|benjc has 15 seconds left.\n|\n|t:|1700678385\n|move|p2a: Clefairy|Protect|p2a: Clefairy\n|-singleturn|p2a: Clefairy|Protect\n|move|p1a: Poltchageist|Night Shade|p2a: Clefairy\n|-activate|p2a: Clefairy|move: Protect\n|move|p1b: Eelektross|Heavy Slam|p2a: Clefairy\n|-activate|p2a: Clefairy|move: Protect\n|move|p2b: Moltres|Heat Wave|p1a: Poltchageist|[spread] p1a,p1b\n|-supereffective|p1a: Poltchageist\n|-damage|p1a: Poltchageist|0 fnt\n|-damage|p1b: Eelektross|14\/100\n|-enditem|p1b: Eelektross|Sitrus Berry|[eat]\n|-heal|p1b: Eelektross|39\/100|[from] item: Sitrus Berry\n|faint|p1a: Poltchageist\n|\n|upkeep\n|\n|t:|1700678391\n|switch|p1a: Scizor|Scizor, L50, M|100\/100\n|turn|4\n|inactive|benjc has 30 seconds left.\n|\n|t:|1700678418\n|-terastallize|p1a: Scizor|Fire\n|move|p2a: Clefairy|Follow Me|p2a: Clefairy\n|-singleturn|p2a: Clefairy|move: Follow Me\n|move|p1a: Scizor|Bullet Punch|p2a: Clefairy\n|-supereffective|p2a: Clefairy\n|-damage|p2a: Clefairy|20\/100\n|move|p1b: Eelektross|Heavy Slam|p2a: Clefairy\n|-supereffective|p2a: Clefairy\n|-damage|p2a: Clefairy|0 fnt\n|faint|p2a: Clefairy\n|move|p2b: Moltres|Heat Wave|p1a: Scizor|[spread] p1b\n|-miss|p2b: Moltres|p1a: Scizor\n|-damage|p1b: Eelektross|2\/100\n|\n|upkeep\n|\n|t:|1700678431\n|switch|p2a: Rotom|Rotom-Mow, L50|100\/100\n|turn|5\n|c|\u2606benjc|im fucking swarm scizor nooooo\n|inactive|benjc has 30 seconds left.\n|inactive|benjc has 20 seconds left.\n|c|\u2606ironknuckle23|like by accident?\n|inactive|benjc has 15 seconds left.\n|c|\u2606benjc|yea\n|inactive|benjc has 10 seconds left.\n|inactive|benjc has 5 seconds left.\n|\n|t:|1700678484\n|move|p2a: Rotom|Protect|p2a: Rotom\n|-singleturn|p2a: Rotom|Protect\n|move|p1b: Eelektross|Flamethrower|p2a: Rotom\n|-activate|p2a: Rotom|move: Protect\n|move|p1a: Scizor|Knock Off|p2a: Rotom\n|-activate|p2a: Rotom|move: Protect\n|move|p2b: Moltres|Heat Wave|p1a: Scizor|[spread] p1a,p1b\n|-resisted|p1a: Scizor\n|-damage|p1a: Scizor|81\/100\n|-damage|p1b: Eelektross|0 fnt\n|faint|p1b: Eelektross\n|\n|-fieldend|move: Trick Room\n|upkeep\n|c|\u2606benjc|damn\n|c|\u2606ironknuckle23|that's rough sorry\n|\n|t:|1700678497\n|switch|p1b: Gardevoir|Gardevoir, L50, F|24\/100\n|turn|6\n|\n|t:|1700678508\n|move|p2b: Moltres|Ancient Power|p1a: Scizor\n|-supereffective|p1a: Scizor\n|-damage|p1a: Scizor|37\/100\n|move|p2a: Rotom|Volt Switch|p1b: Gardevoir\n|-damage|p1b: Gardevoir|0 fnt\n|faint|p1b: Gardevoir\n|\n|t:|1700678514\n|switch|p2a: Roaring Moon|Roaring Moon, L50|100\/100|[from] Volt Switch\n|move|p1a: Scizor|U-turn|p2b: Moltres\n|-resisted|p2b: Moltres\n|-damage|p2b: Moltres|82\/100\n|\n|upkeep\n|turn|7\n|c|\u2606benjc|i mean u hard called both my doubles i think u had this\n|\n|t:|1700678527\n|move|p1a: Scizor|Bullet Punch|p2b: Moltres\n|-damage|p2b: Moltres|56\/100\n|move|p2a: Roaring Moon|Knock Off|p1a: Scizor\n|-damage|p1a: Scizor|0 fnt\n|-enditem|p1a: Scizor|Metal Coat|[from] move: Knock Off|[of] p2a: Roaring Moon\n|faint|p1a: Scizor\n|\n|win|ironknuckle23\n|c|\u2606ironknuckle23|gg!\n|c|\u2606benjc|ggs\n|c|&|\/uhtml prompt-benjc,benjc is ready for game 2!\n|inactive|ironknuckle23 has 50 seconds to confirm battle start!\n|c|&|\/uhtml prompt-ironknuckle23,ironknuckle23 is ready for game 2!\nBoth players are ready! Starting next match!\n","uploadtime":1700679048,"views":16,"p1id":"benjc","p2id":"ironknuckle23","formatid":"gen9vgc2023regulatione","rating":0,"private":0,"password":""}