{"id":"gen9vgc2023regulatione-1993367379","p1":"Arnan33","p2":"GroundNecton","format":"[Gen 9] VGC 2023 Regulation E","log":"|j|\u2606Arnan33\n|j|\u2606GroundNecton\n|t:|1700307074\n|gametype|doubles\n|player|p1|Arnan33|265|1097\n|player|p2|GroundNecton|aaron|1143\n|teamsize|p1|6\n|teamsize|p2|6\n|gen|9\n|tier|[Gen 9] VGC 2023 Regulation E\n|rated|\n|rule|Species Clause: Limit one of each Pok\u00e9mon\n|rule|Item Clause: Limit one of each item\n|clearpoke\n|poke|p1|Tornadus, L50, M|\n|poke|p1|Arcanine-Hisui, L50, M|\n|poke|p1|Iron Hands, L50|\n|poke|p1|Urshifu-*, L50, F|\n|poke|p1|Sinistcha, L50|\n|poke|p1|Chien-Pao, L50|\n|poke|p2|Chien-Pao, L50|\n|poke|p2|Urshifu-*, L50, F|\n|poke|p2|Chi-Yu, L50|\n|poke|p2|Flutter Mane, L50|\n|poke|p2|Dragonite, L50, M|\n|poke|p2|Rillaboom, L50, F|\n|teampreview|4\n|\n|t:|1700307137\n|start\n|switch|p1a: Tornadus|Tornadus, L50, M|100\/100\n|switch|p1b: Bill|Urshifu-Rapid-Strike, L50, F|100\/100\n|switch|p2a: \ud30c\uc624\uc820|Chien-Pao, L50|100\/100\n|switch|p2b: \ub9dd\ub098\ub1fd|Dragonite, L50, M|100\/100\n|-ability|p2a: \ud30c\uc624\uc820|Sword of Ruin\n|turn|1\n|\n|t:|1700307198\n|move|p2b: \ub9dd\ub098\ub1fd|Extreme Speed|p1b: Bill\n|-damage|p1b: Bill|40\/100\n|move|p1a: Tornadus|Tailwind|p1a: Tornadus\n|-sidestart|p1: Arnan33|move: Tailwind\n|move|p1b: Bill|Surging Strikes|p2b: \ub9dd\ub098\ub1fd\n|-resisted|p2b: \ub9dd\ub098\ub1fd\n|-crit|p2b: \ub9dd\ub098\ub1fd\n|-damage|p2b: \ub9dd\ub098\ub1fd|85\/100\n|-resisted|p2b: \ub9dd\ub098\ub1fd\n|-crit|p2b: \ub9dd\ub098\ub1fd\n|-damage|p2b: \ub9dd\ub098\ub1fd|70\/100\n|-resisted|p2b: \ub9dd\ub098\ub1fd\n|-crit|p2b: \ub9dd\ub098\ub1fd\n|-damage|p2b: \ub9dd\ub098\ub1fd|55\/100\n|-hitcount|p2b: \ub9dd\ub098\ub1fd|3\n|move|p2a: \ud30c\uc624\uc820|Crunch|p1b: Bill\n|-resisted|p1b: Bill\n|-damage|p1b: Bill|15\/100\n|\n|upkeep\n|turn|2\n|\n|t:|1700307220\n|switch|p1b: Andre|Iron Hands, L50|100\/100\n|move|p2b: \ub9dd\ub098\ub1fd|Extreme Speed|p1b: Andre\n|-damage|p1b: Andre|53\/100\n|move|p1a: Tornadus|Bleakwind Storm|p2a: \ud30c\uc624\uc820|[spread] p2a,p2b\n|-damage|p2a: \ud30c\uc624\uc820|36\/100\n|-damage|p2b: \ub9dd\ub098\ub1fd|13\/100\n|move|p2a: \ud30c\uc624\uc820|Icicle Crash|p1a: Tornadus\n|-supereffective|p1a: Tornadus\n|-damage|p1a: Tornadus|0 fnt\n|faint|p1a: Tornadus\n|\n|upkeep\n|\n|t:|1700307233\n|switch|p1a: Geiger|Arcanine-Hisui, L50, M|100\/100\n|-ability|p1a: Geiger|Intimidate|boost\n|-unboost|p2a: \ud30c\uc624\uc820|atk|1\n|-fail|p2b: \ub9dd\ub098\ub1fd|unboost|Attack|[from] ability: Inner Focus|[of] p2b: \ub9dd\ub098\ub1fd\n|turn|3\n|\n|t:|1700307270\n|-terastallize|p2b: \ub9dd\ub098\ub1fd|Normal\n|move|p2a: \ud30c\uc624\uc820|Protect|p2a: \ud30c\uc624\uc820\n|-singleturn|p2a: \ud30c\uc624\uc820|Protect\n|move|p2b: \ub9dd\ub098\ub1fd|Extreme Speed|p1b: Andre\n|-damage|p1b: Andre|0 fnt\n|faint|p1b: Andre\n|-end|p1b: Andre|Quark Drive|[silent]\n|move|p1a: Geiger|Tera Blast|p2a: \ud30c\uc624\uc820\n|-activate|p2a: \ud30c\uc624\uc820|move: Protect\n|\n|upkeep\n|\n|t:|1700307281\n|switch|p1b: Bill|Urshifu-Rapid-Strike, L50, F|15\/100\n|turn|4\n|\n|t:|1700307289\n|move|p2b: \ub9dd\ub098\ub1fd|Extreme Speed|p1b: Bill\n|-damage|p1b: Bill|0 fnt\n|faint|p1b: Bill\n|move|p2a: \ud30c\uc624\uc820|Sucker Punch|p1a: Geiger\n|-damage|p1a: Geiger|64\/100\n|move|p1a: Geiger|Tera Blast|p2b: \ub9dd\ub098\ub1fd\n|-damage|p2b: \ub9dd\ub098\ub1fd|0 fnt\n|faint|p2b: \ub9dd\ub098\ub1fd\n|\n|-sideend|p1: Arnan33|move: Tailwind\n|upkeep\n|\n|t:|1700307306\n|switch|p2b: \uc6b0\ub77c\uc624\uc2a4|Urshifu-Rapid-Strike, L50, F|100\/100\n|turn|5\n|\n|t:|1700307325\n|-terastallize|p1a: Geiger|Fairy\n|move|p2a: \ud30c\uc624\uc820|Crunch|p1a: Geiger\n|-resisted|p1a: Geiger\n|-damage|p1a: Geiger|43\/100\n|move|p2b: \uc6b0\ub77c\uc624\uc2a4|Surging Strikes|p1a: Geiger\n|-crit|p1a: Geiger\n|-damage|p1a: Geiger|0 fnt\n|faint|p1a: Geiger\n|-hitcount|p1: Geiger|1\n|\n|win|GroundNecton\n|raw|Arnan33's rating: 1097 &rarr; <strong>1076<\/strong><br \/>(-21 for losing)\n|raw|GroundNecton's rating: 1143 &rarr; <strong>1165<\/strong><br \/>(+22 for winning)\n","uploadtime":1700307335,"views":9,"p1id":"arnan33","p2id":"groundnecton","formatid":"gen9vgc2023regulatione","rating":1076,"private":0,"password":""}