{"id":"gen9vgc2023regulatione-1997443270","p1":"JTizzle93","p2":"AdrianaCT","format":"[Gen 9] VGC 2023 Regulation E","log":"|j|\u2606JTizzle93\n|j|\u2606AdrianaCT\n|t:|1700806082\n|gametype|doubles\n|player|p1|JTizzle93|clown|1214\n|player|p2|AdrianaCT|102|1305\n|teamsize|p1|6\n|teamsize|p2|6\n|gen|9\n|tier|[Gen 9] VGC 2023 Regulation E\n|rated|\n|rule|Species Clause: Limit one of each Pok\u00e9mon\n|rule|Item Clause: Limit one of each item\n|clearpoke\n|poke|p1|Weezing, L50, F|\n|poke|p1|Landorus-Therian, L50, M|\n|poke|p1|Roaring Moon, L50|\n|poke|p1|Ogerpon-Wellspring, L50, F|\n|poke|p1|Flutter Mane, L50|\n|poke|p1|Iron Hands, L50|\n|poke|p2|Moltres-Galar, L50|\n|poke|p2|Flutter Mane, L50|\n|poke|p2|Landorus-Therian, L50, M|\n|poke|p2|Ogerpon-Wellspring, L50, F|\n|poke|p2|Sinistcha, L50|\n|poke|p2|Arcanine-Hisui, L50, M|\n|teampreview|4\n|inactive|Battle timer is ON: inactive players will automatically lose when time's up. (requested by AdrianaCT)\nAdrianaCT has agreed to open team sheets.\n|\n|t:|1700806136\n|start\n|switch|p1a: Wu-Tang|Roaring Moon, L50, shiny|100\/100\n|switch|p1b: Bad Kitty|Landorus-Therian, L50, M|100\/100\n|switch|p2a: Moltres|Moltres-Galar, L50|100\/100\n|switch|p2b: Landorus|Landorus-Therian, L50, M|100\/100\n|-ability|p1b: Bad Kitty|Intimidate|boost\n|-unboost|p2a: Moltres|atk|1\n|-unboost|p2b: Landorus|atk|1\n|-ability|p2b: Landorus|Intimidate|boost\n|-unboost|p1a: Wu-Tang|atk|1\n|-unboost|p1b: Bad Kitty|atk|1\n|-enditem|p1a: Wu-Tang|Booster Energy\n|-activate|p1a: Wu-Tang|ability: Protosynthesis|[fromitem]\n|-start|p1a: Wu-Tang|protosynthesisspe\n|turn|1\n|\n|t:|1700806159\n|move|p1a: Wu-Tang|Tailwind|p1a: Wu-Tang\n|-sidestart|p1: JTizzle93|move: Tailwind\n|move|p1b: Bad Kitty|Rock Slide|p2a: Moltres|[spread] p2a,p2b\n|-supereffective|p2a: Moltres\n|-damage|p2a: Moltres|78\/100\n|-damage|p2b: Landorus|85\/100\n|move|p2b: Landorus|U-turn|p1a: Wu-Tang\n|-supereffective|p1a: Wu-Tang\n|-damage|p1a: Wu-Tang|60\/100\n|\n|t:|1700806169\n|switch|p2b: Sinistcha|Sinistcha, L50, shiny|100\/100|[from] U-turn\n|-heal|p2a: Moltres|100\/100|[from] ability: Hospitality|[of] p2b: Sinistcha\n|move|p2a: Moltres|Nasty Plot|p2a: Moltres\n|-boost|p2a: Moltres|spa|2\n|\n|upkeep\n|turn|2\n|c|\u2606JTizzle93|:(\n|inactive|JTizzle93 has 30 seconds left.\n|inactive|JTizzle93 has 20 seconds left.\n|inactive|JTizzle93 has 15 seconds left.\n|inactive|JTizzle93 has 10 seconds left.\n|inactive|JTizzle93 has 5 seconds left.\n|\n|t:|1700806221\n|switch|p1b: Clown Fiesta|Ogerpon-Wellspring, L50, F|100\/100\n|-terastallize|p2b: Sinistcha|Water\n|move|p1a: Wu-Tang|Knock Off|p2b: Sinistcha\n|-damage|p2b: Sinistcha|76\/100\n|-enditem|p2b: Sinistcha|Mental Herb|[from] move: Knock Off|[of] p1a: Wu-Tang\n|move|p2a: Moltres|Nasty Plot|p2a: Moltres\n|-boost|p2a: Moltres|spa|2\n|move|p2b: Sinistcha|Trick Room|p2b: Sinistcha\n|-fieldstart|move: Trick Room|[of] p2b: Sinistcha\n|\n|upkeep\n|turn|3\n|inactive|JTizzle93 has 30 seconds left.\n|\n|t:|1700806249\n|move|p1b: Clown Fiesta|Spiky Shield|p1b: Clown Fiesta\n|-singleturn|p1b: Clown Fiesta|move: Protect\n|move|p1a: Wu-Tang|Protect|p1a: Wu-Tang\n|-singleturn|p1a: Wu-Tang|Protect\n|move|p2b: Sinistcha|Matcha Gotcha|p1a: Wu-Tang|[spread] \n|-activate|p1a: Wu-Tang|move: Protect\n|-activate|p1b: Clown Fiesta|move: Protect\n|move|p2a: Moltres|Fiery Wrath|p1b: Clown Fiesta|[spread] \n|-activate|p1a: Wu-Tang|move: Protect\n|-activate|p1b: Clown Fiesta|move: Protect\n|\n|upkeep\n|turn|4\n|inactive|JTizzle93 has 30 seconds left.\n|c|\u2606AdrianaCT|Why sadge\n|\n|t:|1700806282\n|move|p2b: Sinistcha|Matcha Gotcha|p1a: Wu-Tang|[spread] p1b\n|-miss|p2b: Sinistcha|p1a: Wu-Tang\n|-damage|p1b: Clown Fiesta|78\/100\n|-heal|p2b: Sinistcha|88\/100|[from] drain|[of] p1b: Clown Fiesta\n|-status|p1b: Clown Fiesta|brn\n|move|p2a: Moltres|Fiery Wrath|p1b: Clown Fiesta|[spread] p1a,p1b\n|-resisted|p1a: Wu-Tang\n|-damage|p1a: Wu-Tang|27\/100\n|-damage|p1b: Clown Fiesta|4\/100 brn\n|cant|p1b: Clown Fiesta|flinch\n|move|p1a: Wu-Tang|Acrobatics|p2b: Sinistcha\n|-damage|p2b: Sinistcha|69\/100\n|\n|-damage|p1b: Clown Fiesta|0 fnt|[from] brn\n|faint|p1b: Clown Fiesta\n|-sideend|p1: JTizzle93|move: Tailwind\n|upkeep\n|c|\u2606JTizzle93|how little that rock slide did after intimidate lol\n|inactive|JTizzle93 has 30 seconds left.\n|inactive|JTizzle93 has 20 seconds left.\n|inactive|JTizzle93 has 15 seconds left.\n|\n|t:|1700806325\n|switch|p1b: Catchin' Hands|Iron Hands, L50, shiny|100\/100\n|turn|5\n|c|\u2606AdrianaCT|Valid of you\n|inactive|AdrianaCT has 30 seconds left.\n|\n|t:|1700806353\n|-terastallize|p1a: Wu-Tang|Flying\n|move|p2b: Sinistcha|Protect|p2b: Sinistcha\n|-singleturn|p2b: Sinistcha|Protect\n|move|p2a: Moltres|Protect|p2a: Moltres\n|-singleturn|p2a: Moltres|Protect\n|move|p1b: Catchin' Hands|Fake Out|p2a: Moltres\n|-activate|p2a: Moltres|move: Protect\n|move|p1a: Wu-Tang|Acrobatics|p2b: Sinistcha\n|-activate|p2b: Sinistcha|move: Protect\n|\n|upkeep\n|turn|6\n|inactive|JTizzle93 has 30 seconds left.\n|inactive|AdrianaCT has 30 seconds left.\n|\n|t:|1700806387\n|switch|p2b: Landorus|Landorus-Therian, L50, M|85\/100\n|-ability|p2b: Landorus|Intimidate|boost\n|-unboost|p1a: Wu-Tang|atk|1\n|-unboost|p1b: Catchin' Hands|atk|1\n|move|p1a: Wu-Tang|Protect|p1a: Wu-Tang\n|-singleturn|p1a: Wu-Tang|Protect\n|move|p1b: Catchin' Hands|Wild Charge|p2a: Moltres\n|-supereffective|p2a: Moltres\n|-damage|p2a: Moltres|39\/100\n|-damage|p1b: Catchin' Hands|88\/100|[from] Recoil\n|-ability|p2a: Moltres|Berserk|boost\n|-boost|p2a: Moltres|spa|1\n|-enditem|p2a: Moltres|Sitrus Berry|[eat]\n|-heal|p2a: Moltres|63\/100|[from] item: Sitrus Berry\n|move|p2a: Moltres|Nasty Plot|p2a: Moltres\n|-boost|p2a: Moltres|spa|1\n|\n|-fieldend|move: Trick Room\n|upkeep\n|turn|7\n|inactive|JTizzle93 has 30 seconds left.\n|inactive|JTizzle93 has 20 seconds left.\n|inactive|JTizzle93 has 15 seconds left.\n|inactive|JTizzle93 has 10 seconds left.\n|inactive|JTizzle93 has 5 seconds left.\n|\n|t:|1700806441\n|move|p1a: Wu-Tang|Acrobatics|p2a: Moltres\n|-damage|p2a: Moltres|40\/100\n|move|p2b: Landorus|U-turn|p1b: Catchin' Hands\n|-resisted|p1b: Catchin' Hands\n|-damage|p1b: Catchin' Hands|78\/100\n|\n|t:|1700806446\n|switch|p2b: Sinistcha|Sinistcha, L50, shiny, tera:Water|69\/100|[from] U-turn\n|-heal|p2a: Moltres|65\/100|[from] ability: Hospitality|[of] p2b: Sinistcha\n|move|p2a: Moltres|Fiery Wrath|p1a: Wu-Tang|[spread] p1a,p1b\n|-resisted|p1b: Catchin' Hands\n|-damage|p1a: Wu-Tang|0 fnt\n|-damage|p1b: Catchin' Hands|50\/100\n|faint|p1a: Wu-Tang\n|-end|p1a: Wu-Tang|Protosynthesis|[silent]\n|move|p1b: Catchin' Hands|Wild Charge|p2a: Moltres\n|-supereffective|p2a: Moltres\n|-damage|p2a: Moltres|6\/100\n|-damage|p1b: Catchin' Hands|38\/100|[from] Recoil\n|\n|upkeep\n|\n|t:|1700806459\n|switch|p1a: Bad Kitty|Landorus-Therian, L50, M|100\/100\n|-ability|p1a: Bad Kitty|Intimidate|boost\n|-unboost|p2a: Moltres|atk|1\n|-unboost|p2b: Sinistcha|atk|1\n|turn|8\n|inactive|JTizzle93 has 30 seconds left.\n|inactive|JTizzle93 has 20 seconds left.\n|inactive|JTizzle93 has 15 seconds left.\n|inactive|JTizzle93 has 10 seconds left.\n|\n|t:|1700806504\n|switch|p2b: Landorus|Landorus-Therian, L50, M|85\/100\n|-ability|p2b: Landorus|Intimidate|boost\n|-unboost|p1a: Bad Kitty|atk|1\n|-unboost|p1b: Catchin' Hands|atk|1\n|move|p2a: Moltres|Protect|p2a: Moltres\n|-singleturn|p2a: Moltres|Protect\n|move|p1a: Bad Kitty|Rock Slide|p2a: Moltres|[spread] p2b\n|-activate|p2a: Moltres|move: Protect\n|-damage|p2b: Landorus|70\/100\n|move|p1b: Catchin' Hands|Heavy Slam|p2b: Landorus\n|-damage|p2b: Landorus|42\/100\n|\n|upkeep\n|turn|9\n|inactive|AdrianaCT has 30 seconds left.\n|\n|t:|1700806533\n|switch|p2b: Sinistcha|Sinistcha, L50, shiny, tera:Water|69\/100\n|-heal|p2a: Moltres|31\/100|[from] ability: Hospitality|[of] p2b: Sinistcha\n|move|p1a: Bad Kitty|Rock Slide|p2a: Moltres|[spread] p2a,p2b\n|-supereffective|p2a: Moltres\n|-damage|p2a: Moltres|8\/100\n|-damage|p2b: Sinistcha|58\/100\n|move|p2a: Moltres|Fiery Wrath|p1a: Bad Kitty|[spread] p1a,p1b\n|-resisted|p1b: Catchin' Hands\n|-damage|p1a: Bad Kitty|0 fnt\n|-damage|p1b: Catchin' Hands|7\/100\n|faint|p1a: Bad Kitty\n|cant|p1b: Catchin' Hands|flinch\n|\n|upkeep\n|turn|10\n|c|\u2606JTizzle93|sadge\n|c|\u2606JTizzle93|gg\n|\n|t:|1700806557\n|move|p2b: Sinistcha|Rage Powder|p2b: Sinistcha\n|-singleturn|p2b: Sinistcha|move: Rage Powder\n|move|p2a: Moltres|Tera Blast|p1b: Catchin' Hands\n|-damage|p1b: Catchin' Hands|0 fnt\n|faint|p1b: Catchin' Hands\n|-end|p1b: Catchin' Hands|Quark Drive|[silent]\n|\n|win|AdrianaCT\n|raw|JTizzle93's rating: 1214 &rarr; <strong>1195<\/strong><br \/>(-19 for losing)\n|raw|AdrianaCT's rating: 1305 &rarr; <strong>1320<\/strong><br \/>(+15 for winning)\n|c|\u2606AdrianaCT|Gg\n|l|\u2606JTizzle93\n","uploadtime":1700806567,"views":20,"p1id":"jtizzle93","p2id":"adrianact","formatid":"gen9vgc2023regulatione","rating":1195,"private":0,"password":""}