{"id":"gen9vgc2023regulatione-1989459400","p1":"King32bit","p2":"SoulKingPR","format":"[Gen 9] VGC 2023 Regulation E","log":"|j|\u2606King32bit\n|j|\u2606SoulKingPR\n|t:|1699853773\n|gametype|doubles\n|player|p1|King32bit|lance|\n|player|p2|SoulKingPR|266|\n|teamsize|p1|6\n|teamsize|p2|6\n|gen|9\n|tier|[Gen 9] VGC 2023 Regulation E\n|rule|Species Clause: Limit one of each Pok\u00e9mon\n|rule|Item Clause: Limit one of each item\n|clearpoke\n|poke|p1|Salamence, L50, M|\n|poke|p1|Ninetales-Alola, L50, F|\n|poke|p1|Heatran, L50, F|\n|poke|p1|Rillaboom, L50, F|\n|poke|p1|Ogerpon-Hearthflame, L50, F|\n|poke|p1|Milotic, L50, M|\n|poke|p2|Tyranitar, L50, M|\n|poke|p2|Tornadus, L50, M|\n|poke|p2|Ogerpon-Cornerstone, L50, F|\n|poke|p2|Rillaboom, L50, M|\n|poke|p2|Gholdengo, L50|\n|poke|p2|Great Tusk, L50|\n|teampreview|4\n|\n|t:|1699853811\n|start\n|switch|p1a: Rillaboom|Rillaboom, L50, F|100\/100\n|switch|p1b: Ninetales|Ninetales-Alola, L50, F|100\/100\n|switch|p2a: Tyranitar|Tyranitar, L50, M, shiny|100\/100\n|switch|p2b: Ogerpon|Ogerpon-Cornerstone, L50, F|100\/100\n|-weather|Snow|[from] ability: Snow Warning|[of] p1b: Ninetales\n|-fieldstart|move: Grassy Terrain|[from] ability: Grassy Surge|[of] p1a: Rillaboom\n|-weather|Sandstorm|[from] ability: Sand Stream|[of] p2a: Tyranitar\n|turn|1\n|\n|t:|1699853845\n|move|p1a: Rillaboom|Fake Out|p2b: Ogerpon\n|-resisted|p2b: Ogerpon\n|-damage|p2b: Ogerpon|91\/100\n|move|p1b: Ninetales|Icy Wind|p2b: Ogerpon|[spread] p2a,p2b\n|-supereffective|p2b: Ogerpon\n|-damage|p2a: Tyranitar|94\/100\n|-damage|p2b: Ogerpon|73\/100\n|-unboost|p2a: Tyranitar|spe|1\n|-unboost|p2b: Ogerpon|spe|1\n|cant|p2b: Ogerpon|flinch\n|move|p2a: Tyranitar|Knock Off|p1b: Ninetales\n|-resisted|p1b: Ninetales\n|-damage|p1b: Ninetales|67\/100\n|-enditem|p1b: Ninetales|Light Clay|[from] move: Knock Off|[of] p2a: Tyranitar\n|\n|-weather|Sandstorm|[upkeep]\n|-damage|p1b: Ninetales|61\/100|[from] Sandstorm\n|-damage|p1a: Rillaboom|95\/100|[from] Sandstorm\n|-heal|p1b: Ninetales|67\/100|[from] Grassy Terrain\n|-heal|p1a: Rillaboom|100\/100|[from] Grassy Terrain\n|-heal|p2b: Ogerpon|79\/100|[from] Grassy Terrain\n|-heal|p2a: Tyranitar|100\/100|[from] Grassy Terrain\n|upkeep\n|turn|2\n|\n|t:|1699853876\n|move|p2b: Ogerpon|Spiky Shield|p2b: Ogerpon\n|-singleturn|p2b: Ogerpon|move: Protect\n|move|p1a: Rillaboom|Grassy Glide|p2b: Ogerpon\n|-activate|p2b: Ogerpon|move: Protect\n|-damage|p1a: Rillaboom|88\/100|[from] Spiky Shield|[of] p2b: Ogerpon\n|move|p1b: Ninetales|Icy Wind|p2b: Ogerpon|[spread] p2a\n|-activate|p2b: Ogerpon|move: Protect\n|-damage|p2a: Tyranitar|94\/100\n|-unboost|p2a: Tyranitar|spe|1\n|move|p2a: Tyranitar|Earthquake|p1b: Ninetales|[spread] p1a,p1b\n|-activate|p2b: Ogerpon|move: Protect\n|-resisted|p1a: Rillaboom\n|-damage|p1a: Rillaboom|82\/100\n|-damage|p1b: Ninetales|50\/100\n|\n|-weather|Sandstorm|[upkeep]\n|-damage|p1b: Ninetales|44\/100|[from] Sandstorm\n|-damage|p1a: Rillaboom|76\/100|[from] Sandstorm\n|-heal|p1b: Ninetales|50\/100|[from] Grassy Terrain\n|-heal|p1a: Rillaboom|82\/100|[from] Grassy Terrain\n|-heal|p2b: Ogerpon|85\/100|[from] Grassy Terrain\n|-heal|p2a: Tyranitar|99\/100|[from] Grassy Terrain\n|upkeep\n|turn|3\n|\n|t:|1699853906\n|move|p1a: Rillaboom|Grassy Glide|p2b: Ogerpon\n|-damage|p2b: Ogerpon|42\/100\n|move|p1b: Ninetales|Moonblast|p2a: Tyranitar\n|-supereffective|p2a: Tyranitar\n|-damage|p2a: Tyranitar|70\/100\n|-enditem|p2a: Tyranitar|Weakness Policy\n|-boost|p2a: Tyranitar|atk|2|[from] item: Weakness Policy\n|-boost|p2a: Tyranitar|spa|2|[from] item: Weakness Policy\n|move|p2b: Ogerpon|Horn Leech|p1b: Ninetales\n|-damage|p1b: Ninetales|0 fnt\n|-heal|p2b: Ogerpon|70\/100|[from] drain|[of] p1b: Ninetales\n|faint|p1b: Ninetales\n|move|p2a: Tyranitar|Rock Slide|p1a: Rillaboom\n|-damage|p1a: Rillaboom|5\/100\n|\n|-weather|Sandstorm|[upkeep]\n|-damage|p1a: Rillaboom|0 fnt|[from] Sandstorm\n|faint|p1a: Rillaboom\n|-heal|p2b: Ogerpon|76\/100|[from] Grassy Terrain\n|-heal|p2a: Tyranitar|76\/100|[from] Grassy Terrain\n|upkeep\n|\n|t:|1699853927\n|switch|p1b: Ogerpon|Ogerpon-Hearthflame, L50, F|100\/100\n|switch|p1a: Salamence|Salamence, L50, M|100\/100\n|-ability|p1b: Ogerpon|Mold Breaker\n|-ability|p1a: Salamence|Intimidate|boost\n|-unboost|p2a: Tyranitar|atk|1\n|-unboost|p2b: Ogerpon|atk|1\n|turn|4\n|\n|t:|1699853953\n|-terastallize|p1a: Salamence|Steel\n|-terastallize|p2a: Tyranitar|Ghost\n|move|p2b: Ogerpon|Spiky Shield|p2b: Ogerpon\n|-singleturn|p2b: Ogerpon|move: Protect\n|move|p1b: Ogerpon|Grassy Glide|p2b: Ogerpon\n|-activate|p2b: Ogerpon|move: Protect\n|-damage|p1b: Ogerpon|88\/100|[from] Spiky Shield|[of] p2b: Ogerpon\n|move|p1a: Salamence|Iron Head|p2a: Tyranitar\n|-crit|p2a: Tyranitar\n|-damage|p2a: Tyranitar|20\/100\n|move|p2a: Tyranitar|Earthquake|p1a: Salamence|[spread] p1a,p1b\n|-activate|p2b: Ogerpon|move: Protect\n|-supereffective|p1a: Salamence\n|-damage|p1a: Salamence|53\/100\n|-damage|p1b: Ogerpon|57\/100\n|\n|-weather|Sandstorm|[upkeep]\n|-damage|p1b: Ogerpon|51\/100|[from] Sandstorm\n|-damage|p2a: Tyranitar|14\/100|[from] Sandstorm\n|-heal|p1b: Ogerpon|57\/100|[from] Grassy Terrain\n|-heal|p1a: Salamence|59\/100|[from] Grassy Terrain\n|-heal|p2b: Ogerpon|82\/100|[from] Grassy Terrain\n|-heal|p2a: Tyranitar|20\/100|[from] Grassy Terrain\n|upkeep\n|turn|5\n|\n|t:|1699853991\n|move|p2a: Tyranitar|Protect|p2a: Tyranitar\n|-singleturn|p2a: Tyranitar|Protect\n|move|p1b: Ogerpon|Grassy Glide|p2b: Ogerpon\n|-damage|p2b: Ogerpon|28\/100\n|move|p1a: Salamence|Iron Head|p2a: Tyranitar\n|-activate|p2a: Tyranitar|move: Protect\n|move|p2b: Ogerpon|Play Rough|p1b: Ogerpon\n|-resisted|p1b: Ogerpon\n|-damage|p1b: Ogerpon|42\/100\n|\n|-weather|none\n|-heal|p1b: Ogerpon|48\/100|[from] Grassy Terrain\n|-heal|p1a: Salamence|65\/100|[from] Grassy Terrain\n|-heal|p2b: Ogerpon|34\/100|[from] Grassy Terrain\n|-heal|p2a: Tyranitar|26\/100|[from] Grassy Terrain\n|-fieldend|move: Grassy Terrain\n|upkeep\n|turn|6\n|\n|t:|1699854020\n|move|p1b: Ogerpon|Grassy Glide|p2b: Ogerpon\n|-damage|p2b: Ogerpon|0 fnt\n|faint|p2b: Ogerpon\n|move|p1a: Salamence|Iron Head|p2a: Tyranitar\n|-damage|p2a: Tyranitar|0 fnt\n|faint|p2a: Tyranitar\n|\n|upkeep\n|\n|t:|1699854029\n|switch|p2b: Rillaboom|Rillaboom, L50, M, shiny|100\/100\n|switch|p2a: Great Tusk|Great Tusk, L50, shiny|100\/100\n|-fieldstart|move: Grassy Terrain|[from] ability: Grassy Surge|[of] p2b: Rillaboom\n|turn|7\n|\n|t:|1699854048\n|move|p1b: Ogerpon|Ivy Cudgel|p2a: Great Tusk\n|-damage|p2a: Great Tusk|54\/100\n|move|p1a: Salamence|Dual Wingbeat|p2b: Rillaboom\n|-supereffective|p2b: Rillaboom\n|-damage|p2b: Rillaboom|62\/100\n|-supereffective|p2b: Rillaboom\n|-damage|p2b: Rillaboom|23\/100\n|-hitcount|p2b: Rillaboom|2\n|move|p2a: Great Tusk|Play Rough|p1b: Ogerpon|[miss]\n|-miss|p2a: Great Tusk|p1b: Ogerpon\n|move|p2b: Rillaboom|High Horsepower|p1b: Ogerpon\n|-damage|p1b: Ogerpon|2\/100\n|\n|-heal|p1b: Ogerpon|8\/100|[from] Grassy Terrain\n|-heal|p1a: Salamence|71\/100|[from] Grassy Terrain\n|-heal|p2a: Great Tusk|60\/100|[from] Grassy Terrain\n|-heal|p2b: Rillaboom|29\/100|[from] Grassy Terrain\n|upkeep\n|turn|8\n|\n|t:|1699854084\n|move|p1b: Ogerpon|Grassy Glide|p2a: Great Tusk\n|-supereffective|p2a: Great Tusk\n|-damage|p2a: Great Tusk|0 fnt\n|faint|p2a: Great Tusk\n|-end|p2a: Great Tusk|Protosynthesis|[silent]\n|move|p1a: Salamence|Dual Wingbeat|p2b: Rillaboom\n|-supereffective|p2b: Rillaboom\n|-damage|p2b: Rillaboom|0 fnt\n|faint|p2b: Rillaboom\n|-hitcount|p2: Rillaboom|1\n|\n|win|King32bit\n","uploadtime":1699854097,"views":17,"p1id":"king32bit","p2id":"soulkingpr","formatid":"gen9vgc2023regulatione","rating":0,"private":0,"password":""}