{"id":"gen9vgc2023regulatione-1992877303","p1":"TrapZelda","p2":"OsorioSiempreDura","format":"[Gen 9] VGC 2023 Regulation E","log":"|j|\u2606TrapZelda\n|j|\u2606OsorioSiempreDura\n|t:|1700243162\n|gametype|doubles\n|player|p1|TrapZelda|101|1340\n|player|p2|OsorioSiempreDura|170|1290\n|teamsize|p1|6\n|teamsize|p2|6\n|gen|9\n|tier|[Gen 9] VGC 2023 Regulation E\n|rated|\n|rule|Species Clause: Limit one of each Pok\u00e9mon\n|rule|Item Clause: Limit one of each item\n|clearpoke\n|poke|p1|Annihilape, L50, M|\n|poke|p1|Gholdengo, L50|\n|poke|p1|Sinistcha, L50|\n|poke|p1|Enamorus-Therian, L50, F|\n|poke|p1|Ursaluna-Bloodmoon, L50, M|\n|poke|p1|Cresselia, L50, F|\n|poke|p2|Rillaboom, L50, M|\n|poke|p2|Gholdengo, L50|\n|poke|p2|Urshifu-*, L50, M|\n|poke|p2|Tornadus, L50, M|\n|poke|p2|Arcanine-Hisui, L50, F|\n|poke|p2|Flutter Mane, L50|\n|teampreview|4\n|\n|t:|1700243203\n|start\n|switch|p1a: Annihilape|Annihilape, L50, M|100\/100\n|switch|p1b: Sinistcha|Sinistcha, L50|100\/100\n|switch|p2a: Tornadus|Tornadus, L50, M, shiny|100\/100\n|switch|p2b: Urshifu|Urshifu-Rapid-Strike, L50, M|100\/100\n|turn|1\n|\n|t:|1700243223\n|move|p2b: Urshifu|Surging Strikes|p1a: Annihilape\n|-crit|p1a: Annihilape\n|-damage|p1a: Annihilape|79\/100\n|-crit|p1a: Annihilape\n|-damage|p1a: Annihilape|54\/100\n|-crit|p1a: Annihilape\n|-damage|p1a: Annihilape|29\/100\n|-hitcount|p1a: Annihilape|3\n|move|p2a: Tornadus|Bleakwind Storm|p1a: Annihilape|[spread] p1a,p1b\n|-supereffective|p1a: Annihilape\n|-supereffective|p1b: Sinistcha\n|-damage|p1a: Annihilape|0 fnt\n|-damage|p1b: Sinistcha|33\/100\n|-unboost|p1b: Sinistcha|spe|1\n|faint|p1a: Annihilape\n|move|p1b: Sinistcha|Trick Room|p1b: Sinistcha\n|-fieldstart|move: Trick Room|[of] p1b: Sinistcha\n|\n|upkeep\n|\n|t:|1700243238\n|switch|p1a: Ursaluna|Ursaluna-Bloodmoon, L50, M|100\/100\n|turn|2\n|\n|t:|1700243251\n|-terastallize|p1a: Ursaluna|Normal\n|move|p1b: Sinistcha|Matcha Gotcha|p2a: Tornadus|[spread] p2a,p2b\n|-resisted|p2a: Tornadus\n|-crit|p2a: Tornadus\n|-supereffective|p2b: Urshifu\n|-damage|p2a: Tornadus|81\/100\n|-heal|p1b: Sinistcha|44\/100|[from] drain|[of] p2a: Tornadus\n|-damage|p2b: Urshifu|33\/100\n|-heal|p1b: Sinistcha|81\/100|[from] drain|[of] p2b: Urshifu\n|move|p1a: Ursaluna|Hyper Voice|p2a: Tornadus|[spread] p2a,p2b\n|-damage|p2a: Tornadus|13\/100\n|-damage|p2b: Urshifu|0 fnt\n|faint|p2b: Urshifu\n|move|p2a: Tornadus|Bleakwind Storm|p1b: Sinistcha|[spread] p1a,p1b\n|-supereffective|p1b: Sinistcha\n|-damage|p1a: Ursaluna|67\/100\n|-damage|p1b: Sinistcha|14\/100\n|\n|upkeep\n|\n|t:|1700243270\n|switch|p2b: Rillaboom|Rillaboom, L50, M|100\/100\n|-fieldstart|move: Grassy Terrain|[from] ability: Grassy Surge|[of] p2b: Rillaboom\n|turn|3\n|\n|t:|1700243292\n|-terastallize|p2b: Rillaboom|Fire\n|move|p1a: Ursaluna|Protect|p1a: Ursaluna\n|-singleturn|p1a: Ursaluna|Protect\n|move|p2b: Rillaboom|Fake Out|p1a: Ursaluna\n|-activate|p1a: Ursaluna|move: Protect\n|move|p1b: Sinistcha|Strength Sap|p2b: Rillaboom\n|-unboost|p2b: Rillaboom|atk|1\n|-heal|p1b: Sinistcha|100\/100\n|move|p2a: Tornadus|Bleakwind Storm|p1b: Sinistcha|[spread] \n|-activate|p1a: Ursaluna|move: Protect\n|-miss|p2a: Tornadus|p1b: Sinistcha\n|\n|-heal|p1a: Ursaluna|74\/100|[from] Grassy Terrain\n|upkeep\n|turn|4\n|\n|t:|1700243325\n|move|p1b: Sinistcha|Shadow Ball|p2b: Rillaboom\n|-damage|p2b: Rillaboom|78\/100\n|move|p1a: Ursaluna|Hyper Voice|p2a: Tornadus|[spread] p2a,p2b\n|-damage|p2a: Tornadus|0 fnt\n|-damage|p2b: Rillaboom|35\/100\n|faint|p2a: Tornadus\n|move|p2b: Rillaboom|Wood Hammer|p1a: Ursaluna\n|-damage|p1a: Ursaluna|34\/100\n|-damage|p2b: Rillaboom|22\/100|[from] Recoil\n|\n|-heal|p1a: Ursaluna|41\/100|[from] Grassy Terrain\n|-heal|p2b: Rillaboom|28\/100|[from] Grassy Terrain\n|upkeep\n|\n|t:|1700243331\n|switch|p2a: Gholdengo|Gholdengo, L50|100\/100\n|turn|5\n|\n|t:|1700243356\n|switch|p1b: Cresselia|Cresselia, L50, F|100\/100\n|move|p2b: Rillaboom|Grassy Glide|p1a: Ursaluna\n|-damage|p1a: Ursaluna|22\/100\n|move|p1a: Ursaluna|Earth Power|p2b: Rillaboom\n|-supereffective|p2b: Rillaboom\n|-damage|p2b: Rillaboom|0 fnt\n|faint|p2b: Rillaboom\n|move|p2a: Gholdengo|Nasty Plot|p2a: Gholdengo\n|-boost|p2a: Gholdengo|spa|2\n|\n|-heal|p1a: Ursaluna|28\/100|[from] Grassy Terrain\n|-fieldend|move: Trick Room\n|upkeep\n|turn|6\n|\n|t:|1700243371\n|move|p1a: Ursaluna|Protect|p1a: Ursaluna\n|-singleturn|p1a: Ursaluna|Protect\n|move|p2a: Gholdengo|Make It Rain|p1b: Cresselia|[spread] p1b\n|-activate|p1a: Ursaluna|move: Protect\n|-damage|p1b: Cresselia|44\/100\n|-unboost|p2a: Gholdengo|spa|1\n|move|p1b: Cresselia|Lunar Blessing|p1b: Cresselia|[spread] p1a,p1b\n|-heal|p1a: Ursaluna|53\/100\n|-heal|p1b: Cresselia|69\/100\n|\n|-heal|p1a: Ursaluna|59\/100|[from] Grassy Terrain\n|upkeep\n|turn|7\n|\n|t:|1700243389\n|switch|p1b: Sinistcha|Sinistcha, L50|100\/100\n|-heal|p1a: Ursaluna|84\/100|[from] ability: Hospitality|[of] p1b: Sinistcha\n|move|p2a: Gholdengo|Shadow Ball|p1b: Sinistcha\n|-supereffective|p1b: Sinistcha\n|-damage|p1b: Sinistcha|0 fnt\n|faint|p1b: Sinistcha\n|move|p1a: Ursaluna|Earth Power|p2a: Gholdengo\n|-supereffective|p2a: Gholdengo\n|-damage|p2a: Gholdengo|4\/100\n|\n|-heal|p2a: Gholdengo|10\/100|[from] Grassy Terrain\n|-heal|p2a: Gholdengo|17\/100|[from] item: Leftovers\n|-heal|p1a: Ursaluna|90\/100|[from] Grassy Terrain\n|-fieldend|move: Grassy Terrain\n|upkeep\n|\n|t:|1700243405\n|switch|p1b: Cresselia|Cresselia, L50, F|69\/100\n|turn|8\n|\n|t:|1700243412\n|move|p1b: Cresselia|Ally Switch|p1b: Cresselia\n|swap|p1b: Cresselia|0|[from] move: Ally Switch\n|move|p2a: Gholdengo|Shadow Ball|p1b: Ursaluna\n|-immune|p1b: Ursaluna\n|move|p1b: Ursaluna|Earth Power|p2a: Gholdengo\n|-supereffective|p2a: Gholdengo\n|-damage|p2a: Gholdengo|0 fnt\n|faint|p2a: Gholdengo\n|\n|win|TrapZelda\n|raw|TrapZelda's rating: 1340 &rarr; <strong>1357<\/strong><br \/>(+17 for winning)\n|raw|OsorioSiempreDura's rating: 1290 &rarr; <strong>1269<\/strong><br \/>(-21 for losing)\n|l|\u2606OsorioSiempreDura\n","uploadtime":1700243427,"views":11,"p1id":"trapzelda","p2id":"osoriosiempredura","formatid":"gen9vgc2023regulatione","rating":1269,"private":0,"password":""}