{"id":"gen9vgc2023regulatione-1988742289","p1":"JL_GAMER7","p2":"flearther","format":"[Gen 9] VGC 2023 Regulation E","log":"|j|\u2606JL_GAMER7\n|j|\u2606flearther\n|t:|1699757351\n|gametype|doubles\n|player|p1|JL_GAMER7|hilbert|1115\n|player|p2|flearther|2|1067\n|teamsize|p1|6\n|teamsize|p2|6\n|gen|9\n|tier|[Gen 9] VGC 2023 Regulation E\n|rated|\n|rule|Species Clause: Limit one of each Pok\u00e9mon\n|rule|Item Clause: Limit one of each item\n|clearpoke\n|poke|p1|Armarouge, L50, M|\n|poke|p1|Indeedee-F, L50, F|\n|poke|p1|Torkoal, L50, M|\n|poke|p1|Kingambit, L50, M|\n|poke|p1|Lilligant, L50, F|\n|poke|p1|Iron Hands, L50|\n|poke|p2|Iron Hands, L50|\n|poke|p2|Cresselia, L50, F|\n|poke|p2|Pawmot, L50, M|\n|poke|p2|Wo-Chien, L50|\n|poke|p2|Gothitelle, L50, M|\n|poke|p2|Flutter Mane, L50|\n|teampreview|4\n|inactive|Battle timer is ON: inactive players will automatically lose when time's up. (requested by JL_GAMER7)\n|\n|t:|1699757407\n|start\n|switch|p1a: Est\u00e1 que arde|Torkoal, L50, M|100\/100\n|switch|p1b: La plantica|Lilligant, L50, F|100\/100\n|switch|p2a: Gothitelle|Gothitelle, L50, M|100\/100\n|switch|p2b: Flutter Mane|Flutter Mane, L50|100\/100\n|-weather|SunnyDay|[from] ability: Drought|[of] p1a: Est\u00e1 que arde\n|-activate|p2b: Flutter Mane|ability: Protosynthesis\n|-start|p2b: Flutter Mane|protosynthesisspd\n|turn|1\n|\n|t:|1699757419\n|-terastallize|p1a: Est\u00e1 que arde|Fire\n|move|p2a: Gothitelle|Fake Out|p1a: Est\u00e1 que arde\n|-damage|p1a: Est\u00e1 que arde|95\/100\n|move|p1b: La plantica|After You|p1a: Est\u00e1 que arde\n|-activate|p1a: Est\u00e1 que arde|move: After You\n|cant|p1a: Est\u00e1 que arde|flinch\n|move|p2b: Flutter Mane|Perish Song|p2b: Flutter Mane\n|-start|p1a: Est\u00e1 que arde|perish3|[silent]\n|-start|p1b: La plantica|perish3|[silent]\n|-start|p2a: Gothitelle|perish3|[silent]\n|-start|p2b: Flutter Mane|perish3|[silent]\n|-fieldactivate|move: Perish Song\n|\n|-weather|SunnyDay|[upkeep]\n|-start|p1b: La plantica|perish3\n|-start|p2b: Flutter Mane|perish3\n|-start|p2a: Gothitelle|perish3\n|-start|p1a: Est\u00e1 que arde|perish3\n|upkeep\n|turn|2\n|\n|t:|1699757442\n|move|p2b: Flutter Mane|Protect|p2b: Flutter Mane\n|-singleturn|p2b: Flutter Mane|Protect\n|move|p1b: La plantica|After You|p1a: Est\u00e1 que arde\n|-activate|p1a: Est\u00e1 que arde|move: After You\n|move|p1a: Est\u00e1 que arde|Eruption|p2a: Gothitelle|[spread] p2a\n|-activate|p2b: Flutter Mane|move: Protect\n|-damage|p2a: Gothitelle|20\/100\n|move|p2a: Gothitelle|Taunt|p1b: La plantica\n|-start|p1b: La plantica|move: Taunt\n|\n|-weather|SunnyDay|[upkeep]\n|-heal|p2a: Gothitelle|26\/100|[from] item: Leftovers\n|-start|p1b: La plantica|perish2\n|-start|p2b: Flutter Mane|perish2\n|-start|p2a: Gothitelle|perish2\n|-start|p1a: Est\u00e1 que arde|perish2\n|upkeep\n|turn|3\n|inactive|JL_GAMER7 has 30 seconds left.\n|\n|t:|1699757476\n|move|p2a: Gothitelle|Protect|p2a: Gothitelle\n|-singleturn|p2a: Gothitelle|Protect\n|move|p1b: La plantica|Solar Beam||[still]\n|-prepare|p1b: La plantica|Solar Beam\n|-anim|p1b: La plantica|Solar Beam|p2a: Gothitelle\n|-activate|p2a: Gothitelle|move: Protect\n|move|p2b: Flutter Mane|Dazzling Gleam|p1a: Est\u00e1 que arde|[spread] p1a,p1b\n|-resisted|p1a: Est\u00e1 que arde\n|-damage|p1a: Est\u00e1 que arde|77\/100\n|-damage|p1b: La plantica|69\/100\n|move|p1a: Est\u00e1 que arde|Eruption|p2a: Gothitelle|[spread] p2b\n|-activate|p2a: Gothitelle|move: Protect\n|-damage|p2b: Flutter Mane|60\/100\n|\n|-weather|SunnyDay|[upkeep]\n|-heal|p2a: Gothitelle|32\/100|[from] item: Leftovers\n|-start|p1b: La plantica|perish1\n|-start|p2b: Flutter Mane|perish1\n|-start|p2a: Gothitelle|perish1\n|-start|p1a: Est\u00e1 que arde|perish1\n|upkeep\n|turn|4\n|inactive|flearther has 30 seconds left.\n|inactive|flearther has 20 seconds left.\n|inactive|flearther has 15 seconds left.\n|inactive|JL_GAMER7 has 30 seconds left.\n|\n|t:|1699757524\n|move|p2b: Flutter Mane|Protect|p2b: Flutter Mane\n|-singleturn|p2b: Flutter Mane|Protect\n|move|p1b: La plantica|Solar Beam||[still]\n|-prepare|p1b: La plantica|Solar Beam\n|-anim|p1b: La plantica|Solar Beam|p2a: Gothitelle\n|-damage|p2a: Gothitelle|0 fnt\n|faint|p2a: Gothitelle\n|move|p1a: Est\u00e1 que arde|Earth Power|p2b: Flutter Mane\n|-activate|p2b: Flutter Mane|move: Protect\n|\n|-weather|SunnyDay|[upkeep]\n|-start|p1b: La plantica|perish0\n|-start|p2b: Flutter Mane|perish0\n|-start|p1a: Est\u00e1 que arde|perish0\n|faint|p1b: La plantica\n|faint|p2b: Flutter Mane\n|-end|p2b: Flutter Mane|Protosynthesis|[silent]\n|faint|p1a: Est\u00e1 que arde\n|upkeep\n|\n|t:|1699757538\n|switch|p1b: zi|Indeedee-F, L50, F|100\/100\n|switch|p2b: Pawmot|Pawmot, L50, M|100\/100\n|switch|p2a: Cresselia|Cresselia, L50, F|100\/100\n|switch|p1a: El fuegitos|Armarouge, L50, M|100\/100\n|-fieldstart|move: Psychic Terrain|[from] ability: Psychic Surge|[of] p1b: zi\n|-enditem|p1b: zi|Psychic Seed\n|-boost|p1b: zi|spd|1|[from] item: Psychic Seed\n|turn|5\n|\n|t:|1699757560\n|-terastallize|p2b: Pawmot|Flying\n|move|p1b: zi|Helping Hand|p1a: El fuegitos\n|-singleturn|p1a: El fuegitos|Helping Hand|[of] p1b: zi\n|move|p2b: Pawmot|Revival Blessing|p2b: Pawmot\n|-enditem|p2b: Pawmot|Leppa Berry|[eat]\n|-activate|p2b: Pawmot|item: Leppa Berry|Revival Blessing|[consumed]\n|\n|t:|1699757567\n|-heal|p2: Flutter Mane|50\/100|[from] move: Revival Blessing\n|move|p2a: Cresselia|Moonblast|p1a: El fuegitos\n|-resisted|p1a: El fuegitos\n|-damage|p1a: El fuegitos|91\/100\n|move|p1a: El fuegitos|Expanding Force|p2a: Cresselia|[spread] p2a,p2b\n|-resisted|p2a: Cresselia\n|-damage|p2a: Cresselia|60\/100\n|-damage|p2b: Pawmot|0 fnt\n|faint|p2b: Pawmot\n|-damage|p1a: El fuegitos|81\/100|[from] item: Life Orb\n|\n|-weather|none\n|upkeep\n|\n|t:|1699757578\n|switch|p2b: Flutter Mane|Flutter Mane, L50|50\/100\n|turn|6\n|\n|t:|1699757594\n|move|p1b: zi|Helping Hand|p1a: El fuegitos\n|-singleturn|p1a: El fuegitos|Helping Hand|[of] p1b: zi\n|move|p2a: Cresselia|Protect|p2a: Cresselia\n|-singleturn|p2a: Cresselia|Protect\n|move|p2b: Flutter Mane|Perish Song|p2b: Flutter Mane\n|-start|p1a: El fuegitos|perish3|[silent]\n|-start|p1b: zi|perish3|[silent]\n|-start|p2a: Cresselia|perish3|[silent]\n|-start|p2b: Flutter Mane|perish3|[silent]\n|-fieldactivate|move: Perish Song\n|move|p1a: El fuegitos|Expanding Force|p2b: Flutter Mane|[spread] p2b\n|-activate|p2a: Cresselia|move: Protect\n|-damage|p2b: Flutter Mane|0 fnt\n|faint|p2b: Flutter Mane\n|-end|p2b: Flutter Mane|Protosynthesis|[silent]\n|-damage|p1a: El fuegitos|71\/100|[from] item: Life Orb\n|\n|-start|p1b: zi|perish3\n|-start|p2a: Cresselia|perish3\n|-start|p1a: El fuegitos|perish3\n|upkeep\n|turn|7\n|\n|t:|1699757612\n|move|p1b: zi|Helping Hand|p1a: El fuegitos\n|-singleturn|p1a: El fuegitos|Helping Hand|[of] p1b: zi\n|move|p2a: Cresselia|Lunar Blessing|p2a: Cresselia\n|-heal|p2a: Cresselia|86\/100\n|move|p1a: El fuegitos|Armor Cannon|p2a: Cresselia\n|-damage|p2a: Cresselia|12\/100\n|-unboost|p1a: El fuegitos|def|1\n|-unboost|p1a: El fuegitos|spd|1\n|-damage|p1a: El fuegitos|61\/100|[from] item: Life Orb\n|\n|-start|p2a: Cresselia|perish2\n|-start|p1b: zi|perish2\n|-start|p1a: El fuegitos|perish2\n|upkeep\n|turn|8\n|\n|t:|1699757629\n|move|p2a: Cresselia|Protect|p2a: Cresselia\n|-singleturn|p2a: Cresselia|Protect\n|move|p1b: zi|Dazzling Gleam|p2a: Cresselia\n|-activate|p2a: Cresselia|move: Protect\n|move|p1a: El fuegitos|Trick Room|p1a: El fuegitos\n|-fieldstart|move: Trick Room|[of] p1a: El fuegitos\n|\n|-start|p1a: El fuegitos|perish1\n|-start|p1b: zi|perish1\n|-start|p2a: Cresselia|perish1\n|upkeep\n|turn|9\n|\n|t:|1699757651\n|move|p1b: zi|Helping Hand|p1a: El fuegitos\n|-singleturn|p1a: El fuegitos|Helping Hand|[of] p1b: zi\n|move|p2a: Cresselia|Protect||[still]\n|-fail|p2a: Cresselia\n|move|p1a: El fuegitos|Armor Cannon|p2a: Cresselia\n|-damage|p2a: Cresselia|0 fnt\n|-unboost|p1a: El fuegitos|def|1\n|-unboost|p1a: El fuegitos|spd|1\n|faint|p2a: Cresselia\n|-damage|p1a: El fuegitos|51\/100|[from] item: Life Orb\n|\n|win|JL_GAMER7\n|raw|JL_GAMER7's rating: 1115 &rarr; <strong>1137<\/strong><br \/>(+22 for winning)\n|raw|flearther's rating: 1067 &rarr; <strong>1050<\/strong><br \/>(-17 for losing)\n|c|\u2606flearther|gg\n|c|\u2606JL_GAMER7|gg\n","uploadtime":1699757660,"views":26,"p1id":"jlgamer7","p2id":"flearther","formatid":"gen9vgc2023regulatione","rating":1050,"private":0,"password":""}