{"id":"gen9vgc2023regulatione-1991508700","p1":"Astra15","p2":"Storm149","format":"[Gen 9] VGC 2023 Regulation E","log":"|j|\u2606Astra15\n|j|\u2606Storm149\n|t:|1700083410\n|gametype|doubles\n|player|p1|Astra15|hugh|\n|player|p2|Storm149|red|\n|teamsize|p1|6\n|teamsize|p2|6\n|gen|9\n|tier|[Gen 9] VGC 2023 Regulation E\n|rule|Species Clause: Limit one of each Pok\u00e9mon\n|rule|Item Clause: Limit one of each item\n|clearpoke\n|poke|p1|Amoonguss, L50, F|\n|poke|p1|Pelipper, L50, M|\n|poke|p1|Goodra, L50, M|\n|poke|p1|Urshifu-*, L50, M|\n|poke|p1|Mamoswine, L50, M|\n|poke|p1|Pawmot, L50, F|\n|poke|p2|Ursaluna-Bloodmoon, L50, M|\n|poke|p2|Slowbro-Galar, L50, M|\n|poke|p2|Lumineon, L50, M|\n|poke|p2|Foongus, L50, F|\n|poke|p2|Hatterene, L50, F|\n|poke|p2|Glastrier, L50|\n|teampreview|4\n|j| eyemasked\nStorm149 rejected open team sheets.\n|j| PorygonTheBot\n|c| PorygonTheBot|You got this!\n|\n|t:|1700083462\n|start\n|switch|p1a: Pelipper|Pelipper, L50, M|100\/100\n|switch|p1b: Urshifu|Urshifu-Rapid-Strike, L50, M|100\/100\n|switch|p2a: Dark Magician Girl|Hatterene, L50, F|100\/100\n|switch|p2b: Foongus|Foongus, L50, F|100\/100\n|-weather|RainDance|[from] ability: Drizzle|[of] p1a: Pelipper\n|turn|1\n|\n|t:|1700083479\n|move|p2b: Foongus|Rage Powder|p2b: Foongus\n|-singleturn|p2b: Foongus|move: Rage Powder\n|move|p1b: Urshifu|Surging Strikes|p2b: Foongus\n|-resisted|p2b: Foongus\n|-crit|p2b: Foongus\n|-damage|p2b: Foongus|67\/100\n|-resisted|p2b: Foongus\n|-crit|p2b: Foongus\n|-damage|p2b: Foongus|33\/100\n|-resisted|p2b: Foongus\n|-crit|p2b: Foongus\n|-damage|p2b: Foongus|0 fnt\n|faint|p2b: Foongus\n|-hitcount|p2: Foongus|3\n|move|p1a: Pelipper|Tailwind|p1a: Pelipper\n|-sidestart|p1: Astra15|move: Tailwind\n|move|p2a: Dark Magician Girl|Trick Room|p2a: Dark Magician Girl\n|-fieldstart|move: Trick Room|[of] p2a: Dark Magician Girl\n|\n|-weather|RainDance|[upkeep]\n|upkeep\n|\n|t:|1700083495\n|switch|p2b: Glastrier|Glastrier, L50|100\/100\n|turn|2\n|\n|t:|1700083520\n|-terastallize|p2b: Glastrier|Ghost\n|move|p1a: Pelipper|Protect|p1a: Pelipper\n|-singleturn|p1a: Pelipper|Protect\n|move|p1b: Urshifu|Protect|p1b: Urshifu\n|-singleturn|p1b: Urshifu|Protect\n|move|p2a: Dark Magician Girl|Psychic|p1b: Urshifu\n|-activate|p1b: Urshifu|move: Protect\n|move|p2b: Glastrier|Icicle Crash|p1a: Pelipper\n|-activate|p1a: Pelipper|move: Protect\n|\n|-weather|RainDance|[upkeep]\n|upkeep\n|turn|3\n|\n|t:|1700083543\n|move|p2a: Dark Magician Girl|Psychic|p1b: Urshifu\n|-supereffective|p1b: Urshifu\n|-damage|p1b: Urshifu|0 fnt\n|faint|p1b: Urshifu\n|move|p2b: Glastrier|Icicle Crash|p1a: Pelipper|[miss]\n|-miss|p2b: Glastrier|p1a: Pelipper\n|move|p1a: Pelipper|Weather Ball|p2b: Glastrier\n|-damage|p2b: Glastrier|58\/100\n|\n|-weather|RainDance|[upkeep]\n|upkeep\n|\n|t:|1700083555\n|switch|p1b: Mamoswine|Mamoswine, L50, M|100\/100\n|turn|4\n|\n|t:|1700083562\n|move|p1a: Pelipper|Protect|p1a: Pelipper\n|-singleturn|p1a: Pelipper|Protect\n|move|p1b: Mamoswine|Protect|p1b: Mamoswine\n|-singleturn|p1b: Mamoswine|Protect\n|move|p2a: Dark Magician Girl|Dazzling Gleam|p1a: Pelipper|[spread] \n|-activate|p1a: Pelipper|move: Protect\n|-activate|p1b: Mamoswine|move: Protect\n|move|p2b: Glastrier|Close Combat|p1b: Mamoswine\n|-activate|p1b: Mamoswine|move: Protect\n|\n|-weather|RainDance|[upkeep]\n|-sideend|p1: Astra15|move: Tailwind\n|upkeep\n|turn|5\n|\n|t:|1700083588\n|move|p2a: Dark Magician Girl|Dazzling Gleam|p1b: Mamoswine|[spread] p1a,p1b\n|-damage|p1a: Pelipper|60\/100\n|-damage|p1b: Mamoswine|64\/100\n|move|p2b: Glastrier|Close Combat|p1b: Mamoswine\n|-supereffective|p1b: Mamoswine\n|-damage|p1b: Mamoswine|0 fnt\n|-unboost|p2b: Glastrier|def|1\n|-unboost|p2b: Glastrier|spd|1\n|faint|p1b: Mamoswine\n|-ability|p2b: Glastrier|Chilling Neigh|boost\n|-boost|p2b: Glastrier|atk|1\n|-damage|p2b: Glastrier|49\/100|[from] item: Life Orb\n|move|p1a: Pelipper|Weather Ball|p2b: Glastrier\n|-damage|p2b: Glastrier|0 fnt\n|faint|p2b: Glastrier\n|\n|-weather|none\n|-heal|p1a: Pelipper|66\/100|[from] item: Leftovers\n|-fieldend|move: Trick Room\n|upkeep\n|l| eyemasked\n|\n|t:|1700083604\n|switch|p1b: Pawmot|Pawmot, L50, F|100\/100\n|switch|p2b: Slowbro|Slowbro-Galar, L50, M|100\/100\n|turn|6\n|\n|t:|1700083618\n|move|p1a: Pelipper|Protect|p1a: Pelipper\n|-singleturn|p1a: Pelipper|Protect\n|move|p2a: Dark Magician Girl|Protect|p2a: Dark Magician Girl\n|-singleturn|p2a: Dark Magician Girl|Protect\n|move|p1b: Pawmot|Revival Blessing|p1b: Pawmot\n|\n|t:|1700083623\n|-heal|p1: Urshifu|50\/100|[from] move: Revival Blessing\n|move|p2b: Slowbro|Psychic|p1b: Pawmot\n|-supereffective|p1b: Pawmot\n|-enditem|p1b: Pawmot|Focus Sash\n|-damage|p1b: Pawmot|1\/100\n|\n|-heal|p1a: Pelipper|72\/100|[from] item: Leftovers\n|upkeep\n|turn|7\n|-activate|p2b: Slowbro|ability: Quick Draw\n|\n|t:|1700083639\n|switch|p1a: Urshifu|Urshifu-Rapid-Strike, L50, M|50\/100\n|-terastallize|p1b: Pawmot|Electric\n|move|p2b: Slowbro|Psychic|p1b: Pawmot\n|-damage|p1b: Pawmot|0 fnt\n|faint|p1b: Pawmot\n|move|p2a: Dark Magician Girl|Trick Room|p2a: Dark Magician Girl\n|-fieldstart|move: Trick Room|[of] p2a: Dark Magician Girl\n|\n|upkeep\n|\n|t:|1700083652\n|switch|p1b: Pelipper|Pelipper, L50, M|72\/100\n|-weather|RainDance|[from] ability: Drizzle|[of] p1b: Pelipper\n|turn|8\n|\n|t:|1700083682\n|move|p2a: Dark Magician Girl|Dazzling Gleam|p1b: Pelipper|[spread] p1a,p1b\n|-supereffective|p1a: Urshifu\n|-damage|p1a: Urshifu|0 fnt\n|-damage|p1b: Pelipper|32\/100\n|faint|p1a: Urshifu\n|move|p2b: Slowbro|Shell Side Arm|p1b: Pelipper|[anim] Shell Side Arm Special\n|-damage|p1b: Pelipper|0 fnt\n|-hint|Special Shell Side Arm\n|faint|p1b: Pelipper\n|\n|win|Storm149\n","uploadtime":1700083683,"views":10,"p1id":"astra15","p2id":"storm149","formatid":"gen9vgc2023regulatione","rating":0,"private":0,"password":null}