{"id":"gen9vgc2023regulatione-1994166686","p1":"Joull","p2":"Letskeepitclassy","format":"[Gen 9] VGC 2023 Regulation E","log":"|j|\u2606Joull\n|j|\u203dLetskeepitclassy\n|t:|1700414573\n|gametype|doubles\n|player|p1|Joull|psychic-gen2|1047\n|player|p2|Letskeepitclassy|1|1000\n|teamsize|p1|6\n|teamsize|p2|6\n|gen|9\n|tier|[Gen 9] VGC 2023 Regulation E\n|rated|\n|rule|Species Clause: Limit one of each Pok\u00e9mon\n|rule|Item Clause: Limit one of each item\n|clearpoke\n|poke|p1|Arcanine-Hisui, L50, M|\n|poke|p1|Rillaboom, L50, M|\n|poke|p1|Flutter Mane, L50|\n|poke|p1|Urshifu-*, L50, M|\n|poke|p1|Pachirisu, L50, F|\n|poke|p1|Roaring Moon, L50|\n|poke|p2|Armarouge, L50, M|\n|poke|p2|Bruxish, L50, M|\n|poke|p2|Tornadus, L50, M|\n|poke|p2|Ambipom, L50, M|\n|poke|p2|Enamorus, L50, F|\n|poke|p2|Skeledirge, L50, F|\n|teampreview|4\n|inactive|Battle timer is ON: inactive players will automatically lose when time's up. (requested by Letskeepitclassy)\n|inactive|Joull has 60 seconds left.\nLetskeepitclassy has agreed to open team sheets.\n|\n|t:|1700414617\n|start\n|switch|p1a: Arcanine|Arcanine-Hisui, L50, M|100\/100\n|switch|p1b: Pachirisu|Pachirisu, L50, F, shiny|100\/100\n|switch|p2a: Tornadus|Tornadus, L50, M|100\/100\n|switch|p2b: Bruxish|Bruxish, L50, M, shiny|100\/100\n|-ability|p1a: Arcanine|Intimidate|boost\n|-unboost|p2a: Tornadus|atk|1\n|-unboost|p2b: Bruxish|atk|1\n|turn|1\n|\n|t:|1700414632\n|switch|p1a: Roaring Moon|Roaring Moon, L50|100\/100\n|-enditem|p1a: Roaring Moon|Booster Energy\n|-activate|p1a: Roaring Moon|ability: Protosynthesis|[fromitem]\n|-start|p1a: Roaring Moon|protosynthesisspe\n|move|p2a: Tornadus|Taunt|p1b: Pachirisu\n|-start|p1b: Pachirisu|move: Taunt\n|move|p1b: Pachirisu|Nuzzle|p2b: Bruxish\n|-supereffective|p2b: Bruxish\n|-damage|p2b: Bruxish|87\/100\n|-status|p2b: Bruxish|par\n|cant|p2b: Bruxish|par\n|\n|upkeep\n|turn|2\n|\n|t:|1700414649\n|switch|p2b: Enamorus|Enamorus, L50, F, shiny|100\/100\n|move|p2a: Tornadus|Tailwind|p2a: Tornadus\n|-sidestart|p2: Letskeepitclassy|move: Tailwind\n|move|p1a: Roaring Moon|Knock Off|p2b: Enamorus\n|-resisted|p2b: Enamorus\n|-damage|p2b: Enamorus|62\/100\n|-enditem|p2b: Enamorus|Choice Scarf|[from] move: Knock Off|[of] p1a: Roaring Moon\n|move|p1b: Pachirisu|Nuzzle|p2a: Tornadus\n|-supereffective|p2a: Tornadus\n|-damage|p2a: Tornadus|88\/100\n|\n|upkeep\n|turn|3\n|\n|t:|1700414666\n|move|p1a: Roaring Moon|Protect|p1a: Roaring Moon\n|-singleturn|p1a: Roaring Moon|Protect\n|move|p2a: Tornadus|Bleakwind Storm|p1a: Roaring Moon|[spread] p1b\n|-activate|p1a: Roaring Moon|move: Protect\n|-resisted|p1b: Pachirisu\n|-damage|p1b: Pachirisu|77\/100\n|move|p2b: Enamorus|Earth Power|p1b: Pachirisu\n|-supereffective|p1b: Pachirisu\n|-damage|p1b: Pachirisu|2\/100\n|move|p1b: Pachirisu|Nuzzle|p2b: Enamorus\n|-supereffective|p2b: Enamorus\n|-damage|p2b: Enamorus|48\/100\n|-status|p2b: Enamorus|par\n|\n|-end|p1b: Pachirisu|move: Taunt\n|upkeep\n|turn|4\n|\n|t:|1700414689\n|-end|p1a: Roaring Moon|Protosynthesis|[silent]\n|switch|p1a: Arcanine|Arcanine-Hisui, L50, M|100\/100\n|-ability|p1a: Arcanine|Intimidate|boost\n|-unboost|p2a: Tornadus|atk|1\n|-unboost|p2b: Enamorus|atk|1\n|move|p2a: Tornadus|Sludge Bomb|p1b: Pachirisu\n|-damage|p1b: Pachirisu|0 fnt\n|faint|p1b: Pachirisu\n|move|p2b: Enamorus|Dazzling Gleam|p1a: Arcanine\n|-resisted|p1a: Arcanine\n|-damage|p1a: Arcanine|78\/100\n|\n|upkeep\n|\n|t:|1700414703\n|switch|p1b: Roaring Moon|Roaring Moon, L50|100\/100\n|turn|5\n|\n|t:|1700414716\n|-terastallize|p1b: Roaring Moon|Flying\n|move|p2a: Tornadus|Bleakwind Storm|p1b: Roaring Moon|[spread] p1b\n|-miss|p2a: Tornadus|p1a: Arcanine\n|-damage|p1b: Roaring Moon|66\/100\n|move|p1b: Roaring Moon|Tailwind|p1b: Roaring Moon\n|-sidestart|p1: Joull|move: Tailwind\n|move|p1a: Arcanine|Rock Slide|p2a: Tornadus|[spread] p2a,p2b\n|-supereffective|p2a: Tornadus\n|-supereffective|p2b: Enamorus\n|-damage|p2a: Tornadus|0 fnt\n|-damage|p2b: Enamorus|0 fnt\n|faint|p2a: Tornadus\n|faint|p2b: Enamorus\n|\n|-sideend|p2: Letskeepitclassy|move: Tailwind\n|upkeep\n|\n|t:|1700414719\n|switch|p2a: Bruxish|Bruxish, L50, M, shiny|87\/100 par\n|switch|p2b: Armarouge|Armarouge, L50, M, shiny|100\/100\n|turn|6\n|inactive|Letskeepitclassy has 30 seconds left.\n|inactive|Letskeepitclassy has 20 seconds left.\n|\n|t:|1700414761\n|-terastallize|p2a: Bruxish|Water\n|move|p1b: Roaring Moon|Knock Off|p2a: Bruxish\n|-damage|p2a: Bruxish|3\/100 par\n|-enditem|p2a: Bruxish|Choice Band|[from] move: Knock Off|[of] p1b: Roaring Moon\n|move|p1a: Arcanine|Howl|p1a: Arcanine|[spread] p1a,p1b\n|-boost|p1a: Arcanine|atk|1\n|-boost|p1b: Roaring Moon|atk|1\n|move|p2b: Armarouge|Armor Cannon|p1b: Roaring Moon\n|-damage|p1b: Roaring Moon|7\/100\n|-unboost|p2b: Armarouge|def|1\n|-unboost|p2b: Armarouge|spd|1\n|move|p2a: Bruxish|Liquidation|p1a: Arcanine\n|-supereffective|p1a: Arcanine\n|-damage|p1a: Arcanine|0 fnt\n|faint|p1a: Arcanine\n|\n|upkeep\n|\n|t:|1700414779\n|switch|p1a: Urshifu|Urshifu-Rapid-Strike, L50, M|100\/100\n|turn|7\n|\n|t:|1700414786\n|move|p1b: Roaring Moon|Knock Off|p2a: Bruxish\n|-damage|p2a: Bruxish|0 fnt\n|faint|p2a: Bruxish\n|move|p1a: Urshifu|Surging Strikes|p2b: Armarouge\n|-supereffective|p2b: Armarouge\n|-crit|p2b: Armarouge\n|-damage|p2b: Armarouge|26\/100\n|-ability|p2b: Armarouge|Weak Armor|boost\n|-unboost|p2b: Armarouge|def|1\n|-boost|p2b: Armarouge|spe|2\n|-supereffective|p2b: Armarouge\n|-crit|p2b: Armarouge\n|-damage|p2b: Armarouge|0 fnt\n|faint|p2b: Armarouge\n|-hitcount|p2: Armarouge|2\n|\n|win|Joull\n|raw|Joull's rating: 1047 &rarr; <strong>1076<\/strong><br \/>(+29 for winning)\n|raw|Letskeepitclassy's rating: 1000 &rarr; <strong>1000<\/strong><br \/>(+0 for losing)\n|l|\u203dLetskeepitclassy\n","uploadtime":1700414801,"views":5,"p1id":"joull","p2id":"letskeepitclassy","formatid":"gen9vgc2023regulatione","rating":1000,"private":0,"password":""}