{"id":"gen9vgc2023regulatione-1989930701","p1":"Ratiscrew","p2":"Dryslide","format":"[Gen 9] VGC 2023 Regulation E","log":"|j|\u2606Ratiscrew\n|j|\u2606Dryslide\n|t:|1699907725\n|gametype|doubles\n|player|p1|Ratiscrew|265|1231\n|player|p2|Dryslide|flannery|1293\n|teamsize|p1|6\n|teamsize|p2|6\n|gen|9\n|tier|[Gen 9] VGC 2023 Regulation E\n|rated|\n|rule|Species Clause: Limit one of each Pok\u00e9mon\n|rule|Item Clause: Limit one of each item\n|clearpoke\n|poke|p1|Flamigo, L50, M|\n|poke|p1|Clefairy, L50, F|\n|poke|p1|Magcargo, L50, M|\n|poke|p1|Dachsbun, L50, M|\n|poke|p1|Espathra, L50, M|\n|poke|p1|Indeedee-F, L50, F|\n|poke|p2|Flutter Mane, L50|\n|poke|p2|Urshifu-*, L50, F|\n|poke|p2|Arcanine-Hisui, L50, F|\n|poke|p2|Rillaboom, L50, M|\n|poke|p2|Chien-Pao, L50|\n|poke|p2|Tornadus, L50, M|\n|teampreview|4\n|\n|t:|1699907775\n|start\n|switch|p1a: Magcargo|Magcargo, L50, M|100\/100\n|switch|p1b: Clefairy|Clefairy, L50, F|100\/100\n|switch|p2a: Tornadus|Tornadus, L50, M|100\/100\n|switch|p2b: Urshifu|Urshifu-Rapid-Strike, L50, F|100\/100\n|turn|1\n|inactive|Battle timer is ON: inactive players will automatically lose when time's up. (requested by Dryslide)\n|\n|t:|1699907795\n|move|p1b: Clefairy|Follow Me|p1b: Clefairy\n|-singleturn|p1b: Clefairy|move: Follow Me\n|move|p2a: Tornadus|Rain Dance|p2a: Tornadus\n|-weather|RainDance\n|move|p2b: Urshifu|Surging Strikes|p1b: Clefairy\n|-crit|p1b: Clefairy\n|-damage|p1b: Clefairy|65\/100\n|-crit|p1b: Clefairy\n|-damage|p1b: Clefairy|29\/100\n|-crit|p1b: Clefairy\n|-damage|p1b: Clefairy|0 fnt\n|faint|p1b: Clefairy\n|-hitcount|p1: Clefairy|3\n|move|p1a: Magcargo|Shell Smash|p1a: Magcargo\n|-unboost|p1a: Magcargo|def|1\n|-unboost|p1a: Magcargo|spd|1\n|-boost|p1a: Magcargo|atk|2\n|-boost|p1a: Magcargo|spa|2\n|-boost|p1a: Magcargo|spe|2\n|\n|-weather|RainDance|[upkeep]\n|upkeep\n|\n|t:|1699907811\n|switch|p1b: Flamigo|Flamigo, L50, M|100\/100\n|-copyboost|p1b: Flamigo|p1a: Magcargo|[from] ability: Costar\n|turn|2\n|\n|t:|1699907828\n|-terastallize|p2b: Urshifu|Water\n|move|p1a: Magcargo|Protect|p1a: Magcargo\n|-singleturn|p1a: Magcargo|Protect\n|move|p2a: Tornadus|Tailwind|p2a: Tornadus\n|-sidestart|p2: Dryslide|move: Tailwind\n|move|p1b: Flamigo|Brave Bird|p2b: Urshifu\n|-damage|p2b: Urshifu|0 fnt\n|faint|p2b: Urshifu\n|-damage|p1b: Flamigo|63\/100|[from] Recoil\n|-damage|p1b: Flamigo|53\/100|[from] item: Life Orb\n|\n|-weather|RainDance|[upkeep]\n|upkeep\n|\n|t:|1699907848\n|switch|p2b: Flutter Mane|Flutter Mane, L50|100\/100\n|-enditem|p2b: Flutter Mane|Booster Energy\n|-activate|p2b: Flutter Mane|ability: Protosynthesis|[fromitem]\n|-start|p2b: Flutter Mane|protosynthesisspa\n|turn|3\n|\n|t:|1699907864\n|move|p2b: Flutter Mane|Shadow Ball|p1a: Magcargo\n|-damage|p1a: Magcargo|0 fnt\n|faint|p1a: Magcargo\n|move|p1b: Flamigo|Brave Bird|p2b: Flutter Mane\n|-damage|p2b: Flutter Mane|0 fnt\n|faint|p2b: Flutter Mane\n|-end|p2b: Flutter Mane|Protosynthesis|[silent]\n|-damage|p1b: Flamigo|25\/100|[from] Recoil\n|-damage|p1b: Flamigo|16\/100|[from] item: Life Orb\n|move|p2a: Tornadus|Bleakwind Storm|p1b: Flamigo\n|-supereffective|p1b: Flamigo\n|-damage|p1b: Flamigo|0 fnt\n|faint|p1b: Flamigo\n|\n|-weather|RainDance|[upkeep]\n|upkeep\n|\n|t:|1699907880\n|switch|p2b: Rillaboom|Rillaboom, L50, M|100\/100\n|switch|p1b: Espathra|Espathra, L50, M|100\/100\n|-fieldstart|move: Grassy Terrain|[from] ability: Grassy Surge|[of] p2b: Rillaboom\n|turn|4\n|\n|t:|1699907889\n|move|p2b: Rillaboom|Fake Out|p1b: Espathra\n|-damage|p1b: Espathra|86\/100\n|move|p2a: Tornadus|Bleakwind Storm|p1b: Espathra\n|-damage|p1b: Espathra|30\/100\n|-unboost|p1b: Espathra|spe|1\n|cant|p1b: Espathra|flinch\n|\n|-weather|RainDance|[upkeep]\n|-heal|p1b: Espathra|36\/100|[from] Grassy Terrain\n|-heal|p1b: Espathra|42\/100|[from] item: Leftovers\n|-ability|p1b: Espathra|Speed Boost|boost\n|-boost|p1b: Espathra|spe|1\n|upkeep\n|turn|5\n|\n|t:|1699907907\n|move|p2b: Rillaboom|Grassy Glide|p1b: Espathra\n|-damage|p1b: Espathra|2\/100\n|move|p2a: Tornadus|Bleakwind Storm|p1b: Espathra\n|-damage|p1b: Espathra|0 fnt\n|faint|p1b: Espathra\n|\n|win|Dryslide\n|raw|Ratiscrew's rating: 1231 &rarr; <strong>1210<\/strong><br \/>(-21 for losing)\n|raw|Dryslide's rating: 1293 &rarr; <strong>1314<\/strong><br \/>(+21 for winning)\n|l|\u2606Ratiscrew\n","uploadtime":1699907917,"views":15,"p1id":"ratiscrew","p2id":"dryslide","formatid":"gen9vgc2023regulatione","rating":1210,"private":0,"password":""}