{"id":"gen9vgc2023regulatione-1990303297","p1":"reznob","p2":"Box29","format":"[Gen 9] VGC 2023 Regulation E","log":"|j|\u2606reznob\n|j|\u2606Box29\n|t:|1699953651\n|gametype|doubles\n|player|p1|reznob|acetrainersnow|1398\n|player|p2|Box29|101|1457\n|teamsize|p1|6\n|teamsize|p2|6\n|gen|9\n|tier|[Gen 9] VGC 2023 Regulation E\n|rated|\n|rule|Species Clause: Limit one of each Pok\u00e9mon\n|rule|Item Clause: Limit one of each item\n|clearpoke\n|poke|p1|Arcanine, L50, F|\n|poke|p1|Rillaboom, L50, M|\n|poke|p1|Urshifu-*, L50, F|\n|poke|p1|Grimmsnarl, L50, M|\n|poke|p1|Gholdengo, L50|\n|poke|p1|Dragonite, L50, F|\n|poke|p2|Urshifu-*, L50, F|\n|poke|p2|Oranguru, L50, F|\n|poke|p2|Indeedee-F, L50, F|\n|poke|p2|Ursaluna-Bloodmoon, L50, M|\n|poke|p2|Chien-Pao, L50|\n|poke|p2|Ogerpon-Hearthflame, L50, F|\n|teampreview|4\n|inactive|Battle timer is ON: inactive players will automatically lose when time's up. (requested by reznob)\n|\n|t:|1699953672\n|start\n|switch|p1a: Rillaboom|Rillaboom, L50, M|100\/100\n|switch|p1b: Urshifu|Urshifu-Rapid-Strike, L50, F|100\/100\n|switch|p2a: BtoB|Urshifu-Rapid-Strike, L50, F|100\/100\n|switch|p2b: Chien-Pao|Chien-Pao, L50|100\/100\n|-ability|p2b: Chien-Pao|Sword of Ruin\n|-fieldstart|move: Grassy Terrain|[from] ability: Grassy Surge|[of] p1a: Rillaboom\n|turn|1\n|\n|t:|1699953696\n|switch|p2b: Indeedee|Indeedee-F, L50, F|100\/100\n|-fieldstart|move: Psychic Terrain|[from] ability: Psychic Surge|[of] p2b: Indeedee\n|-terastallize|p1b: Urshifu|Water\n|move|p1a: Rillaboom|Fake Out|p2b: Indeedee\n|-activate|p2b: Indeedee|move: Psychic Terrain\n|move|p1b: Urshifu|U-turn|p2b: Indeedee\n|-supereffective|p2b: Indeedee\n|-damage|p2b: Indeedee|53\/100\n|-damage|p1b: Urshifu|84\/100|[from] item: Rocky Helmet|[of] p2b: Indeedee\n|\n|t:|1699953709\n|switch|p1b: Dragonite|Dragonite, L50, F|100\/100|[from] U-turn\n|move|p2a: BtoB|U-turn|p1a: Rillaboom\n|-supereffective|p1a: Rillaboom\n|-damage|p1a: Rillaboom|51\/100\n|\n|t:|1699953724\n|switch|p2a: Ogerpon|Ogerpon-Hearthflame, L50, F|100\/100|[from] U-turn\n|-ability|p2a: Ogerpon|Mold Breaker\n|\n|upkeep\n|turn|2\n|\n|t:|1699953740\n|switch|p1a: Grimmsnarl|Grimmsnarl, L50, M|100\/100\n|switch|p2b: Chien-Pao|Chien-Pao, L50|100\/100\n|-ability|p2b: Chien-Pao|Sword of Ruin\n|move|p2a: Ogerpon|Ivy Cudgel|p1a: Grimmsnarl|[anim] Ivy Cudgel Fire\n|-damage|p1a: Grimmsnarl|7\/100\n|move|p1b: Dragonite|Aerial Ace|p2a: Ogerpon\n|-supereffective|p2a: Ogerpon\n|-damage|p2a: Ogerpon|0 fnt\n|faint|p2a: Ogerpon\n|\n|upkeep\n|\n|t:|1699953760\n|switch|p2a: BtoB|Urshifu-Rapid-Strike, L50, F|100\/100\n|turn|3\n|inactive|reznob has 30 seconds left.\n|\n|t:|1699953787\n|move|p1a: Grimmsnarl|Reflect|p1a: Grimmsnarl\n|-sidestart|p1: reznob|Reflect\n|move|p2a: BtoB|Surging Strikes|p1a: Grimmsnarl\n|-crit|p1a: Grimmsnarl\n|-damage|p1a: Grimmsnarl|0 fnt\n|faint|p1a: Grimmsnarl\n|-hitcount|p1: Grimmsnarl|1\n|move|p2b: Chien-Pao|Icicle Crash|p1b: Dragonite\n|-supereffective|p1b: Dragonite\n|-damage|p1b: Dragonite|14\/100\n|cant|p1b: Dragonite|flinch\n|\n|upkeep\n|\n|t:|1699953798\n|switch|p1a: Rillaboom|Rillaboom, L50, M|51\/100\n|-fieldstart|move: Grassy Terrain|[from] ability: Grassy Surge|[of] p1a: Rillaboom\n|turn|4\n|\n|t:|1699953804\n|switch|p2a: Indeedee|Indeedee-F, L50, F|53\/100\n|-fieldstart|move: Psychic Terrain|[from] ability: Psychic Surge|[of] p2a: Indeedee\n|move|p1a: Rillaboom|Fake Out|p2b: Chien-Pao\n|-activate|p2b: Chien-Pao|move: Psychic Terrain\n|move|p2b: Chien-Pao|Icicle Crash|p1a: Rillaboom\n|-supereffective|p1a: Rillaboom\n|-damage|p1a: Rillaboom|0 fnt\n|faint|p1a: Rillaboom\n|move|p1b: Dragonite|Aerial Ace|p2a: Indeedee\n|-damage|p2a: Indeedee|7\/100\n|-damage|p1b: Dragonite|0 fnt|[from] item: Rocky Helmet|[of] p2a: Indeedee\n|faint|p1b: Dragonite\n|\n|upkeep\n|\n|t:|1699953811\n|switch|p1b: Urshifu|Urshifu-Rapid-Strike, L50, F, tera:Water|84\/100\n|turn|5\n|\n|t:|1699953817\n|move|p2a: Indeedee|Follow Me|p2a: Indeedee\n|-singleturn|p2a: Indeedee|move: Follow Me\n|move|p1b: Urshifu|Rock Slide|p2b: Chien-Pao|[spread] p2a,p2b\n|-supereffective|p2b: Chien-Pao\n|-damage|p2a: Indeedee|0 fnt\n|-damage|p2b: Chien-Pao|48\/100\n|faint|p2a: Indeedee\n|move|p2b: Chien-Pao|Throat Chop|p1b: Urshifu\n|-damage|p1b: Urshifu|47\/100\n|-start|p1b: Urshifu|Throat Chop|[silent]\n|\n|upkeep\n|\n|t:|1699953825\n|switch|p2a: BtoB|Urshifu-Rapid-Strike, L50, F|100\/100\n|turn|6\n|\n|t:|1699953828\n|-terastallize|p2a: BtoB|Water\n|move|p2b: Chien-Pao|Protect|p2b: Chien-Pao\n|-singleturn|p2b: Chien-Pao|Protect\n|move|p1b: Urshifu|Rock Slide|p2a: BtoB|[spread] p2a\n|-activate|p2b: Chien-Pao|move: Protect\n|-damage|p2a: BtoB|73\/100\n|cant|p2a: BtoB|flinch\n|\n|-end|p1b: Urshifu|Throat Chop|[silent]\n|upkeep\n|turn|7\n|\n|t:|1699953839\n|move|p1b: Urshifu|Rock Slide|p2b: Chien-Pao|[spread] p2a,p2b\n|-supereffective|p2b: Chien-Pao\n|-damage|p2a: BtoB|48\/100\n|-damage|p2b: Chien-Pao|0 fnt\n|faint|p2b: Chien-Pao\n|cant|p2a: BtoB|flinch\n|\n|upkeep\n|turn|8\n|\n|t:|1699953846\n|move|p1b: Urshifu|Rock Slide|p2a: BtoB\n|-damage|p2a: BtoB|20\/100\n|move|p2a: BtoB|Surging Strikes|p1b: Urshifu\n|-resisted|p1b: Urshifu\n|-crit|p1b: Urshifu\n|-damage|p1b: Urshifu|31\/100\n|-resisted|p1b: Urshifu\n|-crit|p1b: Urshifu\n|-damage|p1b: Urshifu|16\/100\n|-resisted|p1b: Urshifu\n|-crit|p1b: Urshifu\n|-damage|p1b: Urshifu|0 fnt\n|faint|p1b: Urshifu\n|-hitcount|p1: Urshifu|3\n|\n|win|Box29\n|raw|reznob's rating: 1398 &rarr; <strong>1381<\/strong><br \/>(-17 for losing)\n|raw|Box29's rating: 1457 &rarr; <strong>1474<\/strong><br \/>(+17 for winning)\n|l|\u2606reznob\n","uploadtime":1699953858,"views":28,"p1id":"reznob","p2id":"box29","formatid":"gen9vgc2023regulatione","rating":1381,"private":0,"password":""}