{"id":"gen9vgc2023regulatione-1995884263","p1":"Eleisson4","p2":"Tenken11","format":"[Gen 9] VGC 2023 Regulation E","log":"|j|\u2606Eleisson4\n|j|\u2606Tenken11\n|n|\u2606Eleisson4|eleisson4\n|n|\u2606Tenken11|tenken11\n|html|View the match progress at <a href=\"\/game-bestof3-gen9vgc2023regulatione-1995882796\">game-bestof3-gen9vgc2023regulatione-1995882796<\/a>\n|t:|1700613381\n|gametype|doubles\n|player|p1|Eleisson4|169|\n|player|p2|Tenken11|266|\n|teamsize|p1|6\n|teamsize|p2|6\n|gen|9\n|tier|[Gen 9] VGC 2023 Regulation E\n|rule|Species Clause: Limit one of each Pok\u00e9mon\n|rule|Item Clause: Limit one of each item\n|clearpoke\n|poke|p1|Iron Hands, L50|\n|poke|p1|Flutter Mane, L50|\n|poke|p1|Heatran, L50, F|\n|poke|p1|Chien-Pao, L50|\n|poke|p1|Ogerpon-Wellspring, L50, F|\n|poke|p1|Amoonguss, L50, F|\n|poke|p2|Clefairy, L50, M|\n|poke|p2|Cetitan, L50, F|\n|poke|p2|Kommo-o, L50, F|\n|poke|p2|Sinistcha-Masterpiece, L50|\n|poke|p2|Landorus-Therian, L50, M|\n|poke|p2|Rillaboom, L50, F|\n|teampreview|4\nEleisson4 has agreed to open team sheets.\nTenken11 has agreed to open team sheets.\n|showteam|p1|Iron Hands||BoosterEnergy|QuarkDrive|SwordsDance,IcePunch,WildCharge,DrainPunch||||||50|,,,,,Ground]Flutter Mane||ChoiceSpecs|Protosynthesis|MysticalFire,ShadowBall,DazzlingGleam,PowerGem||||||50|,,,,,Fairy]Heatran||SitrusBerry|FlashFire|HeatWave,FlashCannon,EarthPower,Protect|||F|||50|,,,,,Grass]Chien-Pao||FocusSash|SwordofRuin|IceSpinner,SuckerPunch,PsychicFangs,Protect||||||50|,,,,,Ghost]Ogerpon-Wellspring||WellspringMask|WaterAbsorb|IvyCudgel,HornLeech,Taunt,SpikyShield|||F|||50|,,,,,Water]Amoonguss||AguavBerry|Regenerator|Spore,RagePowder,PollenPuff,ClearSmog|||F|||50|,,,,,Water\n|showteam|p2|Clefairy||Eviolite|FriendGuard|FollowMe,HealPulse,HelpingHand,Protect|||M|||50|,,,,,Dark]Cetitan||SitrusBerry|ThickFat|Liquidation,IceShard,BellyDrum,Protect|||F|||50|,,,,,Water]Kommo-o||ThroatSpray|Overcoat|ClangingScales,FlashCannon,ClangorousSoul,Protect|||F|||50|,,,,,Steel]Sinistcha-Masterpiece||WideLens|Hospitality|MatchaGotcha,StrengthSap,RagePowder,TrickRoom||||||50|,,,,,Fire]Landorus-Therian||ChoiceScarf|Intimidate|StompingTantrum,TeraBlast,RockSlide,Uturn|||M|||50|,,,,,Flying]Rillaboom||AssaultVest|GrassySurge|WoodHammer,GrassyGlide,Uturn,FakeOut|||F|||50|,,,,,Fire\n|\n|t:|1700613411\n|start\n|switch|p1a: Iron Hands|Iron Hands, L50, shiny|100\/100\n|switch|p1b: Heatran|Heatran, L50, F, shiny|100\/100\n|switch|p2a: Clefairy|Clefairy, L50, M|100\/100\n|switch|p2b: Cetitan|Cetitan, L50, F|100\/100\n|-enditem|p1a: Iron Hands|Booster Energy\n|-activate|p1a: Iron Hands|ability: Quark Drive|[fromitem]\n|-start|p1a: Iron Hands|quarkdriveatk\n|turn|1\n|\n|t:|1700613439\n|-terastallize|p2b: Cetitan|Water\n|move|p2a: Clefairy|Follow Me|p2a: Clefairy\n|-singleturn|p2a: Clefairy|move: Follow Me\n|move|p1b: Heatran|Flash Cannon|p2a: Clefairy\n|-supereffective|p2a: Clefairy\n|-damage|p2a: Clefairy|21\/100\n|move|p2b: Cetitan|Belly Drum|p2b: Cetitan\n|-damage|p2b: Cetitan|50\/100\n|-setboost|p2b: Cetitan|atk|6|[from] move: Belly Drum\n|-enditem|p2b: Cetitan|Sitrus Berry|[eat]\n|-heal|p2b: Cetitan|75\/100|[from] item: Sitrus Berry\n|move|p1a: Iron Hands|Swords Dance|p1a: Iron Hands\n|-boost|p1a: Iron Hands|atk|2\n|\n|upkeep\n|turn|2\n|\n|t:|1700613466\n|move|p2a: Clefairy|Helping Hand|p2b: Cetitan\n|-singleturn|p2b: Cetitan|Helping Hand|[of] p2a: Clefairy\n|move|p1b: Heatran|Flash Cannon|p2a: Clefairy\n|-supereffective|p2a: Clefairy\n|-damage|p2a: Clefairy|0 fnt\n|faint|p2a: Clefairy\n|move|p2b: Cetitan|Liquidation|p1a: Iron Hands\n|-crit|p1a: Iron Hands\n|-damage|p1a: Iron Hands|0 fnt\n|faint|p1a: Iron Hands\n|-end|p1a: Iron Hands|Quark Drive|[silent]\n|\n|upkeep\n|\n|t:|1700613475\n|switch|p1a: Amoonguss|Amoonguss, L50, F, shiny|100\/100\n|switch|p2a: Sinistcha|Sinistcha-Masterpiece, L50|100\/100\n|-heal|p2b: Cetitan|99\/100|[from] ability: Hospitality|[of] p2a: Sinistcha\n|turn|3\n|\n|t:|1700613494\n|switch|p2a: Kommo-o|Kommo-o, L50, F|100\/100\n|-terastallize|p1b: Heatran|Grass\n|move|p1b: Heatran|Heat Wave|p2a: Kommo-o|[spread] p2b\n|-miss|p1b: Heatran|p2a: Kommo-o\n|-resisted|p2b: Cetitan\n|-damage|p2b: Cetitan|92\/100\n|move|p2b: Cetitan|Liquidation|p1b: Heatran\n|-resisted|p1b: Heatran\n|-damage|p1b: Heatran|21\/100\n|-enditem|p1b: Heatran|Sitrus Berry|[eat]\n|-heal|p1b: Heatran|46\/100|[from] item: Sitrus Berry\n|move|p1a: Amoonguss|Spore|p2b: Cetitan\n|-status|p2b: Cetitan|slp|[from] move: Spore\n|\n|upkeep\n|turn|4\n|\n|t:|1700613558\n|move|p1b: Heatran|Protect|p1b: Heatran\n|-singleturn|p1b: Heatran|Protect\n|cant|p2b: Cetitan|slp\n|move|p2a: Kommo-o|Clangorous Soul|p2a: Kommo-o\n|-boost|p2a: Kommo-o|atk|1\n|-boost|p2a: Kommo-o|def|1\n|-boost|p2a: Kommo-o|spa|1\n|-boost|p2a: Kommo-o|spd|1\n|-boost|p2a: Kommo-o|spe|1\n|-damage|p2a: Kommo-o|68\/100\n|-enditem|p2a: Kommo-o|Throat Spray\n|-boost|p2a: Kommo-o|spa|1|[from] item: Throat Spray\n|move|p1a: Amoonguss|Spore|p2a: Kommo-o\n|-immune|p2a: Kommo-o|[from] ability: Overcoat\n|\n|upkeep\n|turn|5\n|\n|t:|1700613579\n|move|p2a: Kommo-o|Protect|p2a: Kommo-o\n|-singleturn|p2a: Kommo-o|Protect\n|cant|p2b: Cetitan|slp\n|move|p1b: Heatran|Earth Power|p2a: Kommo-o\n|-activate|p2a: Kommo-o|move: Protect\n|move|p1a: Amoonguss|Pollen Puff|p1b: Heatran\n|-heal|p1b: Heatran|96\/100\n|\n|upkeep\n|turn|6\n|\n|t:|1700613596\n|-curestatus|p2b: Cetitan|slp|[msg]\n|move|p2b: Cetitan|Ice Shard|p1a: Amoonguss\n|-supereffective|p1a: Amoonguss\n|-damage|p1a: Amoonguss|0 fnt\n|faint|p1a: Amoonguss\n|move|p2a: Kommo-o|Clanging Scales|p1b: Heatran\n|-damage|p1b: Heatran|4\/100\n|-unboost|p2a: Kommo-o|def|1\n|move|p1b: Heatran|Earth Power|p2a: Kommo-o\n|-damage|p2a: Kommo-o|45\/100\n|-unboost|p2a: Kommo-o|spd|1\n|\n|upkeep\n|\n|t:|1700613607\n|switch|p1a: Chien-Pao|Chien-Pao, L50|100\/100\n|-ability|p1a: Chien-Pao|Sword of Ruin\n|turn|7\n|\n|t:|1700613623\n|move|p2a: Kommo-o|Protect|p2a: Kommo-o\n|-singleturn|p2a: Kommo-o|Protect\n|move|p1a: Chien-Pao|Ice Spinner|p2a: Kommo-o\n|-activate|p2a: Kommo-o|move: Protect\n|move|p1b: Heatran|Flash Cannon|p2b: Cetitan\n|-resisted|p2b: Cetitan\n|-damage|p2b: Cetitan|73\/100\n|move|p2b: Cetitan|Liquidation|p1a: Chien-Pao\n|-enditem|p1a: Chien-Pao|Focus Sash\n|-damage|p1a: Chien-Pao|1\/100\n|\n|upkeep\n|turn|8\n|\n|t:|1700613642\n|move|p1a: Chien-Pao|Sucker Punch|p2a: Kommo-o\n|-resisted|p2a: Kommo-o\n|-damage|p2a: Kommo-o|25\/100\n|move|p2b: Cetitan|Ice Shard|p1a: Chien-Pao\n|-resisted|p1a: Chien-Pao\n|-damage|p1a: Chien-Pao|0 fnt\n|faint|p1a: Chien-Pao\n|move|p2a: Kommo-o|Clanging Scales|p1b: Heatran\n|-damage|p1b: Heatran|0 fnt\n|faint|p1b: Heatran\n|\n|win|Tenken11\n|c|&|\/uhtml prompt-eleisson4,Eleisson4 is ready for game 3!\n|inactive|Tenken11 has 50 seconds to confirm battle start!\n|c|&|\/uhtml prompt-tenken11,Tenken11 is ready for game 3!\nBoth players are ready! Starting next match!\n|l|\u2606Eleisson4\n","uploadtime":1700614297,"views":12,"p1id":"eleisson4","p2id":"tenken11","formatid":"gen9vgc2023regulatione","rating":0,"private":0,"password":""}