{"id":"gen9vgc2023regulatione-1992207071","p1":"LegacyShowden","p2":"datbishgames","format":"[Gen 9] VGC 2023 Regulation E","log":"|j|\u2606LegacyShowden\n|j|\u2606datbishgames\n|t:|1700163887\n|gametype|doubles\n|player|p1|LegacyShowden|rosa|1210\n|player|p2|datbishgames|mira|1281\n|teamsize|p1|6\n|teamsize|p2|6\n|gen|9\n|tier|[Gen 9] VGC 2023 Regulation E\n|rated|\n|rule|Species Clause: Limit one of each Pok\u00e9mon\n|rule|Item Clause: Limit one of each item\n|clearpoke\n|poke|p1|Landorus-Therian, L50, M|\n|poke|p1|Samurott-Hisui, L50, M|\n|poke|p1|Ogerpon-Hearthflame, L50, F|\n|poke|p1|Kommo-o, L50, M|\n|poke|p1|Gholdengo, L50|\n|poke|p1|Thundurus, L50, M|\n|poke|p2|Ninetales, L50, M|\n|poke|p2|Roaring Moon, L50|\n|poke|p2|Flutter Mane, L50|\n|poke|p2|Chi-Yu, L50|\n|poke|p2|Lilligant-Hisui, L50, F|\n|poke|p2|Tornadus, L50, M|\n|teampreview|4\n|inactive|Battle timer is ON: inactive players will automatically lose when time's up. (requested by datbishgames)\n|inactive|LegacyShowden also wants the timer to be on.\n|inactive|LegacyShowden has 60 seconds left.\n|inactive|datbishgames has 60 seconds left.\n|\n|t:|1700163938\n|start\n|switch|p1a: Landorus|Landorus-Therian, L50, M|100\/100\n|switch|p1b: Thundurus|Thundurus, L50, M, shiny|100\/100\n|switch|p2a: Tornadus|Tornadus, L50, M|100\/100\n|switch|p2b: Roaring Moon|Roaring Moon, L50|100\/100\n|-ability|p1a: Landorus|Intimidate|boost\n|-unboost|p2a: Tornadus|atk|1\n|-fail|p2b: Roaring Moon|unboost|[from] item: Clear Amulet|[of] p2b: Roaring Moon\n|turn|1\n|\n|t:|1700163952\n|move|p2a: Tornadus|Protect|p2a: Tornadus\n|-singleturn|p2a: Tornadus|Protect\n|move|p1b: Thundurus|Taunt|p2a: Tornadus\n|-activate|p2a: Tornadus|move: Protect\n|move|p1a: Landorus|U-turn|p2b: Roaring Moon\n|-supereffective|p2b: Roaring Moon\n|-damage|p2b: Roaring Moon|30\/100\n|\n|t:|1700163955\n|switch|p1a: Gholdengo|Gholdengo, L50|100\/100|[from] U-turn\n|move|p2b: Roaring Moon|Breaking Swipe|p1a: Gholdengo|[spread] p1a,p1b\n|-resisted|p1a: Gholdengo\n|-crit|p1a: Gholdengo\n|-damage|p1a: Gholdengo|83\/100\n|-damage|p1b: Thundurus|65\/100\n|-unboost|p1a: Gholdengo|atk|1\n|-unboost|p1b: Thundurus|atk|1\n|\n|upkeep\n|turn|2\n|\n|t:|1700163968\n|move|p1b: Thundurus|Taunt|p2a: Tornadus\n|-start|p2a: Tornadus|move: Taunt\n|cant|p2a: Tornadus|move: Taunt|Sunny Day\n|move|p2b: Roaring Moon|Knock Off|p1a: Gholdengo\n|-supereffective|p1a: Gholdengo\n|-damage|p1a: Gholdengo|0 fnt\n|-enditem|p1a: Gholdengo|Life Orb|[from] move: Knock Off|[of] p2b: Roaring Moon\n|faint|p1a: Gholdengo\n|\n|upkeep\n|\n|t:|1700163974\n|switch|p1a: Landorus|Landorus-Therian, L50, M|100\/100\n|-ability|p1a: Landorus|Intimidate|boost\n|-unboost|p2a: Tornadus|atk|1\n|-fail|p2b: Roaring Moon|unboost|[from] item: Clear Amulet|[of] p2b: Roaring Moon\n|turn|3\n|\n|t:|1700163982\n|move|p2b: Roaring Moon|Protect|p2b: Roaring Moon\n|-singleturn|p2b: Roaring Moon|Protect\n|move|p1a: Landorus|Rock Slide|p2b: Roaring Moon|[spread] p2a\n|-activate|p2b: Roaring Moon|move: Protect\n|-supereffective|p2a: Tornadus\n|-damage|p2a: Tornadus|60\/100\n|move|p1b: Thundurus|Wildbolt Storm|p2a: Tornadus|[spread] p2a\n|-activate|p2b: Roaring Moon|move: Protect\n|-supereffective|p2a: Tornadus\n|-damage|p2a: Tornadus|0 fnt\n|faint|p2a: Tornadus\n|\n|upkeep\n|\n|t:|1700163996\n|switch|p2a: Flutter Mane|Flutter Mane, L50|100\/100\n|turn|4\n|\n|t:|1700164008\n|move|p1a: Landorus|Rock Slide|p2b: Roaring Moon|[spread] p2a,p2b\n|-damage|p2a: Flutter Mane|62\/100\n|-damage|p2b: Roaring Moon|5\/100\n|move|p2a: Flutter Mane|Moonblast|p1b: Thundurus\n|-damage|p1b: Thundurus|0 fnt\n|faint|p1b: Thundurus\n|move|p2b: Roaring Moon|Breaking Swipe|p1a: Landorus\n|-damage|p1a: Landorus|60\/100\n|-unboost|p1a: Landorus|atk|1\n|\n|upkeep\n|\n|t:|1700164014\n|switch|p1b: Samurott|Samurott-Hisui, L50, M|100\/100\n|turn|5\n|\n|t:|1700164028\n|move|p1b: Samurott|Sucker Punch|p2a: Flutter Mane\n|-damage|p2a: Flutter Mane|0 fnt\n|faint|p2a: Flutter Mane\n|-end|p2a: Flutter Mane|Protosynthesis|[silent]\n|move|p1a: Landorus|Rock Slide|p2b: Roaring Moon\n|-damage|p2b: Roaring Moon|0 fnt\n|faint|p2b: Roaring Moon\n|-end|p2b: Roaring Moon|Protosynthesis|[silent]\n|\n|upkeep\n|\n|t:|1700164033\n|switch|p2b: Chi-Yu|Chi-Yu, L50|100\/100\n|-ability|p2b: Chi-Yu|Beads of Ruin\n|turn|6\n|\n|t:|1700164042\n|move|p2b: Chi-Yu|Heat Wave|p1b: Samurott|[spread] p1a,p1b\n|-resisted|p1b: Samurott\n|-damage|p1a: Landorus|0 fnt\n|-damage|p1b: Samurott|79\/100\n|faint|p1a: Landorus\n|move|p1b: Samurott|Razor Shell|p2b: Chi-Yu\n|-supereffective|p2b: Chi-Yu\n|-damage|p2b: Chi-Yu|0 fnt\n|faint|p2b: Chi-Yu\n|\n|win|LegacyShowden\n|raw|LegacyShowden's rating: 1210 &rarr; <strong>1240<\/strong><br \/>(+30 for winning)\n|raw|datbishgames's rating: 1281 &rarr; <strong>1251<\/strong><br \/>(-30 for losing)\n|l|\u2606datbishgames\n","uploadtime":1700164061,"views":17,"p1id":"legacyshowden","p2id":"datbishgames","formatid":"gen9vgc2023regulatione","rating":1240,"private":0,"password":""}