{"id":"gen9vgc2023regulatione-1988832887","p1":"Cheeseless","p2":"violet mm","format":"[Gen 9] VGC 2023 Regulation E","log":"|j|\u203dCheeseless\n|j|\u2606violet mm\n|t:|1699770143\n|gametype|doubles\n|player|p1|Cheeseless|acetrainerf-gen4dp|1461\n|player|p2|violet mm|101|1372\n|teamsize|p1|6\n|teamsize|p2|6\n|gen|9\n|tier|[Gen 9] VGC 2023 Regulation E\n|rated|\n|rule|Species Clause: Limit one of each Pok\u00e9mon\n|rule|Item Clause: Limit one of each item\n|clearpoke\n|poke|p1|Indeedee-F, L50, F|\n|poke|p1|Armarouge, L50, F|\n|poke|p1|Sylveon, L50, F|\n|poke|p1|Ursaluna, L50, M|\n|poke|p1|Urshifu-*, L50, M|\n|poke|p1|Torkoal, L50, M|\n|poke|p2|Dusclops, L50, F|\n|poke|p2|Ursaluna-Bloodmoon, L50, M|\n|poke|p2|Iron Hands, L50|\n|poke|p2|Armarouge, L50, F|\n|poke|p2|Indeedee-F, L50, F|\n|poke|p2|Urshifu-*, L50, M|\n|teampreview|4\n|inactive|Battle timer is ON: inactive players will automatically lose when time's up. (requested by Cheeseless)\n|\n|t:|1699770163\n|start\n|switch|p1a: Indeedee|Indeedee-F, L50, F|100\/100\n|switch|p1b: Armarouge|Armarouge, L50, F|100\/100\n|switch|p2a: Indeedee|Indeedee-F, L50, F|100\/100\n|switch|p2b: Armarouge|Armarouge, L50, F|100\/100\n|-fieldstart|move: Psychic Terrain|[from] ability: Psychic Surge|[of] p2a: Indeedee\n|-enditem|p1a: Indeedee|Psychic Seed\n|-boost|p1a: Indeedee|spd|1|[from] item: Psychic Seed\n|turn|1\n|inactive|Cheeseless has 30 seconds left.\n|\n|t:|1699770188\n|-terastallize|p2b: Armarouge|Psychic\n|move|p2a: Indeedee|Helping Hand|p2b: Armarouge\n|-singleturn|p2b: Armarouge|Helping Hand|[of] p2a: Indeedee\n|move|p1a: Indeedee|Helping Hand|p1b: Armarouge\n|-singleturn|p1b: Armarouge|Helping Hand|[of] p1a: Indeedee\n|move|p2b: Armarouge|Expanding Force|p1b: Armarouge|[spread] p1a,p1b\n|-resisted|p1a: Indeedee\n|-resisted|p1b: Armarouge\n|-damage|p1a: Indeedee|45\/100\n|-damage|p1b: Armarouge|11\/100\n|-damage|p2b: Armarouge|91\/100|[from] item: Life Orb\n|move|p1b: Armarouge|Expanding Force|p2b: Armarouge|[spread] p2a,p2b\n|-resisted|p2a: Indeedee\n|-resisted|p2b: Armarouge\n|-damage|p2a: Indeedee|43\/100\n|-damage|p2b: Armarouge|12\/100\n|\n|upkeep\n|turn|2\n|inactive|Cheeseless has 30 seconds left.\n|\n|t:|1699770215\n|move|p2a: Indeedee|Helping Hand|p2b: Armarouge\n|-singleturn|p2b: Armarouge|Helping Hand|[of] p2a: Indeedee\n|move|p1b: Armarouge|Wide Guard|p1b: Armarouge\n|-singleturn|p1b: Armarouge|Wide Guard\n|move|p2b: Armarouge|Expanding Force|p1b: Armarouge|[spread] \n|-activate|p1a: Indeedee|move: Wide Guard\n|-activate|p1b: Armarouge|move: Wide Guard\n|move|p1a: Indeedee|Trick Room|p1a: Indeedee\n|-fieldstart|move: Trick Room|[of] p1a: Indeedee\n|\n|upkeep\n|turn|3\n|\n|t:|1699770231\n|move|p1a: Indeedee|Helping Hand|p1b: Armarouge\n|-singleturn|p1b: Armarouge|Helping Hand|[of] p1a: Indeedee\n|move|p2b: Armarouge|Wide Guard|p2b: Armarouge\n|-singleturn|p2b: Armarouge|Wide Guard\n|move|p1b: Armarouge|Expanding Force|p2b: Armarouge|[spread] \n|-activate|p2a: Indeedee|move: Wide Guard\n|-activate|p2b: Armarouge|move: Wide Guard\n|move|p2a: Indeedee|Trick Room|p2a: Indeedee\n|-fieldend|move: Trick Room\n|\n|upkeep\n|turn|4\n|\n|t:|1699770247\n|move|p2b: Armarouge|Wide Guard|p2b: Armarouge\n|-singleturn|p2b: Armarouge|Wide Guard\n|move|p1b: Armarouge|Wide Guard|p1b: Armarouge\n|-singleturn|p1b: Armarouge|Wide Guard\n|move|p2a: Indeedee|Psychic|p1b: Armarouge\n|-resisted|p1b: Armarouge\n|-damage|p1b: Armarouge|0 fnt\n|faint|p1b: Armarouge\n|move|p1a: Indeedee|Trick Room|p1a: Indeedee\n|-fieldstart|move: Trick Room|[of] p1a: Indeedee\n|\n|upkeep\n|\n|t:|1699770268\n|switch|p1b: Ursaluna|Ursaluna, L50, M|100\/100\n|turn|5\n|\n|t:|1699770291\n|move|p1b: Ursaluna|Headlong Rush|p2b: Armarouge\n|-damage|p2b: Armarouge|0 fnt\n|-unboost|p1b: Ursaluna|def|1\n|-unboost|p1b: Ursaluna|spd|1\n|faint|p2b: Armarouge\n|move|p1a: Indeedee|Dazzling Gleam|p2a: Indeedee\n|-damage|p2a: Indeedee|27\/100\n|move|p2a: Indeedee|Trick Room|p2a: Indeedee\n|-fieldend|move: Trick Room\n|\n|-fieldend|move: Psychic Terrain\n|-status|p1b: Ursaluna|brn|[from] item: Flame Orb\n|upkeep\n|\n|t:|1699770299\n|switch|p2b: Urshifu|Urshifu-Rapid-Strike, L50, M|100\/100\n|turn|6\n|\n|t:|1699770313\n|move|p2a: Indeedee|Follow Me|p2a: Indeedee\n|-singleturn|p2a: Indeedee|move: Follow Me\n|move|p1a: Indeedee|Follow Me|p1a: Indeedee\n|-singleturn|p1a: Indeedee|move: Follow Me\n|move|p2b: Urshifu|Close Combat|p1a: Indeedee\n|-damage|p1a: Indeedee|0 fnt\n|-unboost|p2b: Urshifu|def|1\n|-unboost|p2b: Urshifu|spd|1\n|faint|p1a: Indeedee\n|move|p1b: Ursaluna|Facade|p2a: Indeedee\n|-damage|p2a: Indeedee|0 fnt\n|-damage|p1b: Ursaluna|84\/100 brn|[from] item: Rocky Helmet|[of] p2a: Indeedee\n|faint|p2a: Indeedee\n|\n|-damage|p1b: Ursaluna|78\/100 brn|[from] brn\n|upkeep\n|\n|t:|1699770327\n|switch|p2a: Iron Hands|Iron Hands, L50|100\/100\n|switch|p1a: Sylveon|Sylveon, L50, F|100\/100\n|turn|7\n|\n|t:|1699770337\n|-terastallize|p1b: Ursaluna|Ghost\n|move|p2a: Iron Hands|Fake Out|p1a: Sylveon\n|-damage|p1a: Sylveon|81\/100\n|move|p2b: Urshifu|Close Combat|p1b: Ursaluna\n|-immune|p1b: Ursaluna\n|cant|p1a: Sylveon|flinch\n|move|p1b: Ursaluna|Facade|p2b: Urshifu\n|-damage|p2b: Urshifu|0 fnt\n|faint|p2b: Urshifu\n|\n|-damage|p1b: Ursaluna|72\/100 brn|[from] brn\n|upkeep\n|turn|8\n|-message|violet mm forfeited.\n|\n|win|Cheeseless\n|raw|Cheeseless's rating: 1461 &rarr; <strong>1476<\/strong><br \/>(+15 for winning)\n|raw|violet mm's rating: 1372 &rarr; <strong>1357<\/strong><br \/>(-15 for losing)\n|l|\u2606violet mm\n","uploadtime":1699770358,"views":24,"p1id":"cheeseless","p2id":"violetmm","formatid":"gen9vgc2023regulatione","rating":1357,"private":0,"password":""}