{"id":"gen9vgc2023regulatione-1990142823","p1":"bobforte22","p2":"Jonh 420","format":"[Gen 9] VGC 2023 Regulation E","log":"|j|\u2606bobforte22\n|j|\u2606Jonh 420\n|t:|1699929208\n|gametype|doubles\n|player|p1|bobforte22|pilot|1202\n|player|p2|Jonh 420|102|1193\n|teamsize|p1|6\n|teamsize|p2|6\n|gen|9\n|tier|[Gen 9] VGC 2023 Regulation E\n|rated|\n|rule|Species Clause: Limit one of each Pok\u00e9mon\n|rule|Item Clause: Limit one of each item\n|clearpoke\n|poke|p1|Chi-Yu, L50|\n|poke|p1|Jolteon, L50, M|\n|poke|p1|Iron Hands, L50|\n|poke|p1|Iron Bundle, L50|\n|poke|p1|Arcanine, L50, M|\n|poke|p1|Iron Jugulis, L50|\n|poke|p2|Garganacl, L50, M|\n|poke|p2|Clefable, L50, M|\n|poke|p2|Cresselia, L50, F|\n|poke|p2|Dusclops, L50, F|\n|poke|p2|Sableye, L50, F|\n|poke|p2|Pachirisu, L50, F|\n|teampreview|4\n|inactive|Battle timer is ON: inactive players will automatically lose when time's up. (requested by bobforte22)\n|\n|t:|1699929241\n|start\n|switch|p1a: Chi-Yu|Chi-Yu, L50|100\/100\n|switch|p1b: Jolteon|Jolteon, L50, M|100\/100\n|switch|p2a: Sableye|Sableye, L50, F|100\/100\n|switch|p2b: Garganacl|Garganacl, L50, M|100\/100\n|-ability|p1a: Chi-Yu|Beads of Ruin\n|turn|1\n|inactive|Jonh 420 has 30 seconds left.\n|\n|t:|1699929268\n|-terastallize|p1a: Chi-Yu|Ghost\n|move|p2a: Sableye|Fake Out|p1b: Jolteon\n|-damage|p1b: Jolteon|89\/100\n|cant|p1b: Jolteon|flinch\n|move|p1a: Chi-Yu|Heat Wave|p2a: Sableye|[spread] p2a,p2b\n|-resisted|p2b: Garganacl\n|-damage|p2a: Sableye|0 fnt\n|-damage|p2b: Garganacl|77\/100\n|faint|p2a: Sableye\n|move|p2b: Garganacl|Body Press|p1a: Chi-Yu\n|-immune|p1a: Chi-Yu\n|\n|upkeep\n|\n|t:|1699929284\n|switch|p2a: Cresselia|Cresselia, L50, F|100\/100\n|turn|2\n|\n|t:|1699929291\n|move|p1b: Jolteon|Fake Tears|p2a: Cresselia\n|-unboost|p2a: Cresselia|spd|2\n|move|p1a: Chi-Yu|Heat Wave|p2b: Garganacl|[spread] p2a,p2b\n|-resisted|p2b: Garganacl\n|-damage|p2a: Cresselia|4\/100\n|-damage|p2b: Garganacl|51\/100\n|move|p2a: Cresselia|Lunar Blessing|p2a: Cresselia|[spread] p2a,p2b\n|-heal|p2a: Cresselia|29\/100\n|-heal|p2b: Garganacl|76\/100\n|move|p2b: Garganacl|Salt Cure|p1a: Chi-Yu\n|-damage|p1a: Chi-Yu|81\/100\n|-start|p1a: Chi-Yu|Salt Cure\n|\n|-heal|p2a: Cresselia|35\/100|[from] item: Leftovers\n|-damage|p1a: Chi-Yu|69\/100|[from] Salt Cure\n|upkeep\n|turn|3\n|inactive|Jonh 420 has 30 seconds left.\n|\n|t:|1699929319\n|move|p1b: Jolteon|Fake Tears|p2b: Garganacl\n|-unboost|p2b: Garganacl|spd|2\n|move|p1a: Chi-Yu|Heat Wave|p2b: Garganacl|[spread] p2a\n|-miss|p1a: Chi-Yu|p2b: Garganacl\n|-damage|p2a: Cresselia|0 fnt\n|faint|p2a: Cresselia\n|move|p2b: Garganacl|Body Press|p1b: Jolteon\n|-damage|p1b: Jolteon|56\/100\n|\n|-damage|p1a: Chi-Yu|57\/100|[from] Salt Cure\n|upkeep\n|\n|t:|1699929331\n|switch|p2a: Clefable|Clefable, L50, M|100\/100\n|turn|4\n|\n|t:|1699929339\n|move|p1b: Jolteon|Fake Tears|p2a: Clefable\n|-unboost|p2a: Clefable|spd|2\n|move|p1a: Chi-Yu|Heat Wave|p2b: Garganacl|[spread] \n|-miss|p1a: Chi-Yu|p2a: Clefable\n|-miss|p1a: Chi-Yu|p2b: Garganacl\n|move|p2a: Clefable|Calm Mind|p2a: Clefable\n|-boost|p2a: Clefable|spa|1\n|-boost|p2a: Clefable|spd|1\n|move|p2b: Garganacl|Iron Defense|p2b: Garganacl\n|-boost|p2b: Garganacl|def|2\n|\n|-damage|p1a: Chi-Yu|45\/100|[from] Salt Cure\n|upkeep\n|turn|5\n|\n|t:|1699929359\n|move|p1b: Jolteon|Fake Tears|p2a: Clefable\n|-unboost|p2a: Clefable|spd|2\n|move|p1a: Chi-Yu|Heat Wave|p2a: Clefable|[spread] p2a,p2b\n|-resisted|p2b: Garganacl\n|-damage|p2a: Clefable|0 fnt\n|-damage|p2b: Garganacl|25\/100\n|faint|p2a: Clefable\n|move|p2b: Garganacl|Body Press|p1b: Jolteon\n|-damage|p1b: Jolteon|0 fnt\n|faint|p1b: Jolteon\n|\n|-damage|p1a: Chi-Yu|32\/100|[from] Salt Cure\n|upkeep\n|\n|t:|1699929372\n|switch|p1b: Iron Hands|Iron Hands, L50|100\/100\n|turn|6\n|-message|Jonh 420 forfeited.\n|\n|win|bobforte22\n|raw|bobforte22's rating: 1202 &rarr; <strong>1226<\/strong><br \/>(+24 for winning)\n|raw|Jonh 420's rating: 1193 &rarr; <strong>1169<\/strong><br \/>(-24 for losing)\n|l|\u2606Jonh 420\n","uploadtime":1699929394,"views":8,"p1id":"bobforte22","p2id":"jonh420","formatid":"gen9vgc2023regulatione","rating":1169,"private":0,"password":""}