{"id":"gen9vgc2023regulatione-1991376292","p1":"Balkanized","p2":"sobablue","format":"[Gen 9] VGC 2023 Regulation E","log":"|j|\u2606Balkanized\n|j|\u2606sobablue\n|t:|1700071969\n|gametype|doubles\n|player|p1|Balkanized|skier|1124\n|player|p2|sobablue|lady-gen4|1102\n|teamsize|p1|6\n|teamsize|p2|6\n|gen|9\n|tier|[Gen 9] VGC 2023 Regulation E\n|rated|\n|rule|Species Clause: Limit one of each Pok\u00e9mon\n|rule|Item Clause: Limit one of each item\n|clearpoke\n|poke|p1|Kommo-o, L50, M|\n|poke|p1|Cresselia, L50, F|\n|poke|p1|Quaquaval, L50, F|\n|poke|p1|Volcarona, L50, F|\n|poke|p1|Oricorio-Pom-Pom, L50, F|\n|poke|p1|Florges, L50, F|\n|poke|p2|Arcanine-Hisui, L50, F|\n|poke|p2|Gholdengo, L50|\n|poke|p2|Rillaboom, L50, M|\n|poke|p2|Urshifu-*, L50, F|\n|poke|p2|Tornadus, L50, M|\n|poke|p2|Chien-Pao, L50|\n|teampreview|4\n|\n|t:|1700071988\n|start\n|switch|p1a: Quaquaval|Quaquaval, L50, F|100\/100\n|switch|p1b: Oricorio|Oricorio-Pom-Pom, L50, F|100\/100\n|switch|p2a: Arcanine|Arcanine-Hisui, L50, F, shiny|100\/100\n|switch|p2b: Chien-Pao|Chien-Pao, L50|100\/100\n|-ability|p2b: Chien-Pao|Sword of Ruin\n|-ability|p2a: Arcanine|Intimidate|boost\n|-unboost|p1a: Quaquaval|atk|1\n|-unboost|p1b: Oricorio|atk|1\n|turn|1\n|inactive|Battle timer is ON: inactive players will automatically lose when time's up. (requested by Balkanized)\n|\n|t:|1700072020\n|switch|p2b: Rillaboom|Rillaboom, L50, M|100\/100\n|-fieldstart|move: Grassy Terrain|[from] ability: Grassy Surge|[of] p2b: Rillaboom\n|-terastallize|p1b: Oricorio|Electric\n|move|p2a: Arcanine|Rock Slide|p1b: Oricorio|[spread] p1a,p1b\n|-resisted|p1a: Quaquaval\n|-damage|p1a: Quaquaval|78\/100\n|-damage|p1b: Oricorio|34\/100\n|move|p1a: Quaquaval|Swords Dance|p1a: Quaquaval\n|-boost|p1a: Quaquaval|atk|2\n|-activate|p1b: Oricorio|ability: Dancer\n|move|p1b: Oricorio|Swords Dance|p1b: Oricorio|[from]ability: Dancer\n|-boost|p1b: Oricorio|atk|2\n|move|p1b: Oricorio|Quiver Dance|p1b: Oricorio\n|-boost|p1b: Oricorio|spa|1\n|-boost|p1b: Oricorio|spd|1\n|-boost|p1b: Oricorio|spe|1\n|\n|-heal|p1b: Oricorio|40\/100|[from] Grassy Terrain\n|-heal|p1a: Quaquaval|84\/100|[from] Grassy Terrain\n|upkeep\n|turn|2\n|inactive|Balkanized has 30 seconds left.\n|inactive|sobablue has 30 seconds left.\n|\n|t:|1700072046\n|move|p2b: Rillaboom|Fake Out|p1a: Quaquaval\n|-damage|p1a: Quaquaval|69\/100\n|move|p1b: Oricorio|Air Cutter|p2a: Arcanine|[spread] p2a,p2b\n|-resisted|p2a: Arcanine\n|-supereffective|p2b: Rillaboom\n|-damage|p2a: Arcanine|85\/100\n|-damage|p2b: Rillaboom|55\/100\n|move|p2a: Arcanine|Rock Slide|p1b: Oricorio|[spread] p1a,p1b\n|-resisted|p1a: Quaquaval\n|-damage|p1a: Quaquaval|44\/100\n|-damage|p1b: Oricorio|0 fnt\n|faint|p1b: Oricorio\n|cant|p1a: Quaquaval|flinch\n|\n|-heal|p2a: Arcanine|91\/100|[from] Grassy Terrain\n|-heal|p1a: Quaquaval|50\/100|[from] Grassy Terrain\n|-heal|p2b: Rillaboom|60\/100|[from] Grassy Terrain\n|upkeep\n|\n|t:|1700072066\n|switch|p1b: Cresselia|Cresselia, L50, F|100\/100\n|turn|3\n|\n|t:|1700072091\n|switch|p2a: Gholdengo|Gholdengo, L50|100\/100\n|move|p1b: Cresselia|Ally Switch|p1b: Cresselia\n|swap|p1b: Cresselia|0|[from] move: Ally Switch\n|move|p2b: Rillaboom|Grassy Glide|p1a: Cresselia\n|-damage|p1a: Cresselia|75\/100\n|move|p1b: Quaquaval|Aqua Step|p2a: Gholdengo\n|-damage|p2a: Gholdengo|49\/100\n|-boost|p1b: Quaquaval|spe|1\n|\n|-heal|p1b: Quaquaval|56\/100|[from] Grassy Terrain\n|-heal|p2b: Rillaboom|66\/100|[from] Grassy Terrain\n|-heal|p2a: Gholdengo|55\/100|[from] Grassy Terrain\n|-heal|p2a: Gholdengo|61\/100|[from] item: Leftovers\n|-heal|p1a: Cresselia|81\/100|[from] item: Leftovers\n|upkeep\n|turn|4\n|inactive|Balkanized has 30 seconds left.\n|inactive|sobablue has 30 seconds left.\n|inactive|Balkanized has 20 seconds left.\n|\n|t:|1700072131\n|switch|p2b: Arcanine|Arcanine-Hisui, L50, F, shiny|91\/100\n|-ability|p2b: Arcanine|Intimidate|boost\n|-unboost|p1a: Cresselia|atk|1\n|-unboost|p1b: Quaquaval|atk|1\n|move|p1b: Quaquaval|Acrobatics|p2b: Arcanine\n|-resisted|p2b: Arcanine\n|-damage|p2b: Arcanine|82\/100\n|move|p2a: Gholdengo|Make It Rain|p1a: Cresselia|[spread] p1a,p1b\n|-resisted|p1b: Quaquaval\n|-damage|p1a: Cresselia|57\/100\n|-damage|p1b: Quaquaval|29\/100\n|-unboost|p2a: Gholdengo|spa|1\n|move|p1a: Cresselia|Lunar Blessing|p1a: Cresselia|[spread] p1a,p1b\n|-heal|p1a: Cresselia|82\/100\n|-heal|p1b: Quaquaval|54\/100\n|\n|-heal|p1b: Quaquaval|60\/100|[from] Grassy Terrain\n|-heal|p2b: Arcanine|88\/100|[from] Grassy Terrain\n|-heal|p2a: Gholdengo|67\/100|[from] Grassy Terrain\n|-heal|p2a: Gholdengo|73\/100|[from] item: Leftovers\n|-heal|p1a: Cresselia|88\/100|[from] item: Leftovers\n|upkeep\n|turn|5\n|inactive|Balkanized has 30 seconds left.\n|inactive|sobablue has 30 seconds left.\n|\n|t:|1700072163\n|switch|p2b: Rillaboom|Rillaboom, L50, M|66\/100\n|move|p1a: Cresselia|Helping Hand|p1b: Quaquaval\n|-singleturn|p1b: Quaquaval|Helping Hand|[of] p1a: Cresselia\n|move|p1b: Quaquaval|Aqua Step|p2b: Rillaboom\n|-resisted|p2b: Rillaboom\n|-damage|p2b: Rillaboom|40\/100\n|-boost|p1b: Quaquaval|spe|1\n|move|p2a: Gholdengo|Nasty Plot|p2a: Gholdengo\n|-boost|p2a: Gholdengo|spa|2\n|\n|-heal|p1b: Quaquaval|67\/100|[from] Grassy Terrain\n|-heal|p2b: Rillaboom|46\/100|[from] Grassy Terrain\n|-heal|p2a: Gholdengo|79\/100|[from] Grassy Terrain\n|-heal|p2a: Gholdengo|85\/100|[from] item: Leftovers\n|-heal|p1a: Cresselia|94\/100|[from] item: Leftovers\n|-fieldend|move: Grassy Terrain\n|upkeep\n|turn|6\n|inactive|Balkanized has 30 seconds left.\n|inactive|sobablue has 30 seconds left.\n|\n|t:|1700072193\n|move|p2b: Rillaboom|Fake Out|p1a: Cresselia\n|-damage|p1a: Cresselia|84\/100\n|move|p1b: Quaquaval|Swords Dance|p1b: Quaquaval\n|-boost|p1b: Quaquaval|atk|2\n|move|p2a: Gholdengo|Nasty Plot|p2a: Gholdengo\n|-boost|p2a: Gholdengo|spa|2\n|cant|p1a: Cresselia|flinch\n|\n|-heal|p2a: Gholdengo|92\/100|[from] item: Leftovers\n|-heal|p1a: Cresselia|90\/100|[from] item: Leftovers\n|upkeep\n|turn|7\n|\n|t:|1700072209\n|switch|p2b: Arcanine|Arcanine-Hisui, L50, F, shiny|88\/100\n|-ability|p2b: Arcanine|Intimidate|boost\n|-unboost|p1a: Cresselia|atk|1\n|-unboost|p1b: Quaquaval|atk|1\n|move|p1a: Cresselia|Helping Hand|p1b: Quaquaval\n|-singleturn|p1b: Quaquaval|Helping Hand|[of] p1a: Cresselia\n|move|p1b: Quaquaval|Aqua Step|p2a: Gholdengo\n|-damage|p2a: Gholdengo|10\/100\n|-boost|p1b: Quaquaval|spe|1\n|move|p2a: Gholdengo|Make It Rain|p1b: Quaquaval|[spread] p1a,p1b\n|-resisted|p1b: Quaquaval\n|-crit|p1b: Quaquaval\n|-damage|p1a: Cresselia|29\/100\n|-damage|p1b: Quaquaval|0 fnt\n|-unboost|p2a: Gholdengo|spa|1\n|faint|p1b: Quaquaval\n|\n|-heal|p2a: Gholdengo|16\/100|[from] item: Leftovers\n|-heal|p1a: Cresselia|35\/100|[from] item: Leftovers\n|upkeep\n|\n|t:|1700072228\n|switch|p1b: Kommo-o|Kommo-o, L50, M|100\/100\n|turn|8\n|\n|t:|1700072245\n|move|p2b: Arcanine|Rock Slide|p1b: Kommo-o|[spread] p1a,p1b\n|-resisted|p1b: Kommo-o\n|-damage|p1a: Cresselia|6\/100\n|-damage|p1b: Kommo-o|84\/100\n|move|p1b: Kommo-o|Clangorous Soul|p1b: Kommo-o\n|-boost|p1b: Kommo-o|atk|1\n|-boost|p1b: Kommo-o|def|1\n|-boost|p1b: Kommo-o|spa|1\n|-boost|p1b: Kommo-o|spd|1\n|-boost|p1b: Kommo-o|spe|1\n|-damage|p1b: Kommo-o|51\/100\n|-enditem|p1b: Kommo-o|Throat Spray\n|-boost|p1b: Kommo-o|spa|1|[from] item: Throat Spray\n|move|p2a: Gholdengo|Shadow Ball|p1a: Cresselia\n|-supereffective|p1a: Cresselia\n|-damage|p1a: Cresselia|0 fnt\n|faint|p1a: Cresselia\n|\n|-heal|p2a: Gholdengo|22\/100|[from] item: Leftovers\n|upkeep\n|turn|9\n|inactive|sobablue has 30 seconds left.\n|\n|t:|1700072274\n|switch|p2b: Rillaboom|Rillaboom, L50, M|46\/100\n|-fieldstart|move: Grassy Terrain|[from] ability: Grassy Surge|[of] p2b: Rillaboom\n|move|p1b: Kommo-o|Clanging Scales|p2b: Rillaboom|[spread] p2a,p2b\n|-resisted|p2a: Gholdengo\n|-damage|p2a: Gholdengo|0 fnt\n|-damage|p2b: Rillaboom|0 fnt\n|faint|p2a: Gholdengo\n|faint|p2b: Rillaboom\n|-unboost|p1b: Kommo-o|def|1\n|\n|-heal|p1b: Kommo-o|57\/100|[from] Grassy Terrain\n|upkeep\n|\n|t:|1700072288\n|switch|p2b: Arcanine|Arcanine-Hisui, L50, F, shiny|88\/100\n|switch|p2a: Chien-Pao|Chien-Pao, L50|100\/100\n|-ability|p2a: Chien-Pao|Sword of Ruin\n|-ability|p2b: Arcanine|Intimidate|boost\n|-unboost|p1b: Kommo-o|atk|1\n|turn|10\n|\n|t:|1700072303\n|-terastallize|p2b: Arcanine|Normal\n|move|p2b: Arcanine|Extreme Speed|p1b: Kommo-o\n|-damage|p1b: Kommo-o|0 fnt\n|faint|p1b: Kommo-o\n|\n|win|sobablue\n|raw|Balkanized's rating: 1124 &rarr; <strong>1097<\/strong><br \/>(-27 for losing)\n|raw|sobablue's rating: 1102 &rarr; <strong>1129<\/strong><br \/>(+27 for winning)\n|l|\u2606Balkanized\n","uploadtime":1700072311,"views":9,"p1id":"balkanized","p2id":"sobablue","formatid":"gen9vgc2023regulatione","rating":1097,"private":0,"password":""}