{"id":"gen9vgc2023regulatione-1989384857","p1":"BreadyTorus","p2":"Yellow_Jayboi","format":"[Gen 9] VGC 2023 Regulation E","log":"|j|\u2606BreadyTorus\n|j|\u2606Yellow_Jayboi\n|t:|1699843518\n|gametype|doubles\n|player|p1|BreadyTorus|unknown|1043\n|player|p2|Yellow_Jayboi|benga|1000\n|teamsize|p1|6\n|teamsize|p2|6\n|gen|9\n|tier|[Gen 9] VGC 2023 Regulation E\n|rated|\n|rule|Species Clause: Limit one of each Pok\u00e9mon\n|rule|Item Clause: Limit one of each item\n|clearpoke\n|poke|p1|Gallade, L50, M|\n|poke|p1|Drifblim, L50, M|\n|poke|p1|Ogerpon-Cornerstone, L50, F|\n|poke|p1|Scream Tail, L50|\n|poke|p1|Chi-Yu, L50|\n|poke|p1|Tornadus, L50, M|\n|poke|p2|Meowscarada, L50, M|\n|poke|p2|Scream Tail, L50|\n|poke|p2|Tornadus, L50, M|\n|poke|p2|Gengar, L50, F|\n|poke|p2|Dragonite, L50, F|\n|poke|p2|Clefairy, L50, F|\n|teampreview|4\nYellow_Jayboi has agreed to open team sheets.\n|inactive|Battle timer is ON: inactive players will automatically lose when time's up. (requested by Yellow_Jayboi)\n|inactive|BreadyTorus has 60 seconds left.\n|inactive|Yellow_Jayboi has 60 seconds left.\n|\n|t:|1699843571\n|start\n|switch|p1a: My Fish|Chi-Yu, L50|100\/100\n|switch|p1b: Kracko|Tornadus, L50, M|100\/100\n|switch|p2a: Meowscarada|Meowscarada, L50, M|100\/100\n|switch|p2b: Scream Tail|Scream Tail, L50|100\/100\n|-ability|p1a: My Fish|Beads of Ruin\n|-enditem|p2b: Scream Tail|Booster Energy\n|-activate|p2b: Scream Tail|ability: Protosynthesis|[fromitem]\n|-start|p2b: Scream Tail|protosynthesisspe\n|turn|1\n|inactive|BreadyTorus has 30 seconds left.\n|inactive|BreadyTorus has 20 seconds left.\n|inactive|BreadyTorus has 15 seconds left.\n|\n|t:|1699843613\n|switch|p1a: Wham-Bam Rock|Ogerpon-Cornerstone, L50, F|100\/100\n|move|p2b: Scream Tail|Protect|p2b: Scream Tail\n|-singleturn|p2b: Scream Tail|Protect\n|move|p2a: Meowscarada|Protect|p2a: Meowscarada\n|-singleturn|p2a: Meowscarada|Protect\n|move|p1b: Kracko|Taunt|p2b: Scream Tail\n|-activate|p2b: Scream Tail|move: Protect\n|\n|upkeep\n|turn|2\n|inactive|Yellow_Jayboi has 30 seconds left.\n|\n|t:|1699843646\n|move|p2b: Scream Tail|Psychic Fangs|p1a: Wham-Bam Rock\n|-damage|p1a: Wham-Bam Rock|73\/100\n|move|p2a: Meowscarada|Flower Trick|p1a: Wham-Bam Rock\n|-crit|p1a: Wham-Bam Rock\n|-damage|p1a: Wham-Bam Rock|0 fnt\n|faint|p1a: Wham-Bam Rock\n|move|p1b: Kracko|Sludge Bomb|p2b: Scream Tail\n|-supereffective|p2b: Scream Tail\n|-crit|p2b: Scream Tail\n|-damage|p2b: Scream Tail|33\/100\n|\n|upkeep\n|\n|t:|1699843669\n|switch|p1a: Curl|Scream Tail, L50|100\/100\n|turn|3\n|inactive|Yellow_Jayboi has 30 seconds left.\n|\n|t:|1699843694\n|-terastallize|p2a: Meowscarada|Grass\n|move|p1b: Kracko|Tailwind|p1b: Kracko\n|-sidestart|p1: BreadyTorus|move: Tailwind\n|move|p1a: Curl|Ice Beam|p2a: Meowscarada\n|-supereffective|p2a: Meowscarada\n|-damage|p2a: Meowscarada|28\/100\n|move|p2b: Scream Tail|Disable|p1b: Kracko\n|-start|p1b: Kracko|Disable|Tailwind\n|-enditem|p1b: Kracko|Mental Herb\n|-end|p1b: Kracko|Disable\n|move|p2a: Meowscarada|Flower Trick|p1a: Curl\n|-crit|p1a: Curl\n|-damage|p1a: Curl|5\/100\n|\n|-heal|p1a: Curl|11\/100|[from] item: Leftovers\n|upkeep\n|turn|4\n|\n|t:|1699843719\n|move|p1a: Curl|Protect|p1a: Curl\n|-singleturn|p1a: Curl|Protect\n|move|p2a: Meowscarada|Sucker Punch||[still]\n|-fail|p2a: Meowscarada\n|move|p1b: Kracko|Bleakwind Storm|p2b: Scream Tail|[spread] p2a,p2b\n|-supereffective|p2a: Meowscarada\n|-damage|p2a: Meowscarada|0 fnt\n|-damage|p2b: Scream Tail|4\/100\n|faint|p2a: Meowscarada\n|move|p2b: Scream Tail|Encore|p1b: Kracko\n|-start|p1b: Kracko|Encore\n|\n|-heal|p1a: Curl|17\/100|[from] item: Leftovers\n|upkeep\n|\n|t:|1699843732\n|switch|p2a: Dragonite|Dragonite, L50, F|100\/100\n|turn|5\n|\n|t:|1699843746\n|-end|p2b: Scream Tail|Protosynthesis|[silent]\n|switch|p2b: Clefairy|Clefairy, L50, F|100\/100\n|move|p2a: Dragonite|Extreme Speed|p1a: Curl\n|-damage|p1a: Curl|0 fnt\n|faint|p1a: Curl\n|-end|p1a: Curl|Protosynthesis|[silent]\n|-damage|p2a: Dragonite|91\/100|[from] item: Life Orb\n|move|p1b: Kracko|Bleakwind Storm|p2a: Dragonite|[spread] p2b\n|-miss|p1b: Kracko|p2a: Dragonite\n|-damage|p2b: Clefairy|65\/100\n|-unboost|p2b: Clefairy|spe|1\n|\n|upkeep\n|\n|t:|1699843758\n|switch|p1a: My Fish|Chi-Yu, L50|100\/100\n|-ability|p1a: My Fish|Beads of Ruin\n|turn|6\n|\n|t:|1699843780\n|-terastallize|p1b: Kracko|Steel\n|move|p2b: Clefairy|Follow Me|p2b: Clefairy\n|-singleturn|p2b: Clefairy|move: Follow Me\n|move|p1a: My Fish|Heat Wave|p2a: Dragonite|[spread] p2a,p2b\n|-resisted|p2a: Dragonite\n|-damage|p2a: Dragonite|69\/100\n|-damage|p2b: Clefairy|9\/100\n|-status|p2a: Dragonite|brn\n|-damage|p1a: My Fish|91\/100|[from] item: Life Orb\n|move|p1b: Kracko|Bleakwind Storm|p2b: Clefairy|[spread] p2a\n|-miss|p1b: Kracko|p2b: Clefairy\n|-damage|p2a: Dragonite|26\/100 brn\n|move|p2a: Dragonite|Stomping Tantrum|p1a: My Fish\n|-supereffective|p1a: My Fish\n|-damage|p1a: My Fish|27\/100\n|-damage|p2a: Dragonite|17\/100 brn|[from] item: Life Orb\n|\n|-damage|p2a: Dragonite|11\/100 brn|[from] brn\n|-sideend|p1: BreadyTorus|move: Tailwind\n|upkeep\n|turn|7\n|inactive|Yellow_Jayboi has 30 seconds left.\n|\n|t:|1699843812\n|move|p2a: Dragonite|Extreme Speed|p1a: My Fish\n|-damage|p1a: My Fish|0 fnt\n|faint|p1a: My Fish\n|-damage|p2a: Dragonite|1\/100 brn|[from] item: Life Orb\n|move|p2b: Clefairy|Follow Me|p2b: Clefairy\n|-singleturn|p2b: Clefairy|move: Follow Me\n|move|p1b: Kracko|Bleakwind Storm|p2a: Dragonite|[spread] p2a\n|-miss|p1b: Kracko|p2b: Clefairy\n|-damage|p2a: Dragonite|0 fnt\n|faint|p2a: Dragonite\n|\n|-end|p1b: Kracko|Encore\n|upkeep\n|\n|t:|1699843825\n|switch|p2a: Scream Tail|Scream Tail, L50|4\/100\n|turn|8\n|\n|t:|1699843833\n|move|p2b: Clefairy|Follow Me|p2b: Clefairy\n|-singleturn|p2b: Clefairy|move: Follow Me\n|move|p2a: Scream Tail|Disable|p1b: Kracko\n|-start|p1b: Kracko|Disable|Bleakwind Storm\n|cant|p1b: Kracko|Disable|Bleakwind Storm\n|\n|upkeep\n|turn|9\n|\n|t:|1699843852\n|move|p2a: Scream Tail|Psychic Fangs|p1b: Kracko\n|-resisted|p1b: Kracko\n|-damage|p1b: Kracko|87\/100\n|move|p1b: Kracko|Sludge Bomb|p2b: Clefairy\n|-supereffective|p2b: Clefairy\n|-damage|p2b: Clefairy|0 fnt\n|faint|p2b: Clefairy\n|\n|upkeep\n|turn|10\n|-message|Yellow_Jayboi forfeited.\n|\n|win|BreadyTorus\n|raw|BreadyTorus's rating: 1043 &rarr; <strong>1072<\/strong><br \/>(+29 for winning)\n|raw|Yellow_Jayboi's rating: 1000 &rarr; <strong>1000<\/strong><br \/>(+0 for losing)\n|l|\u2606Yellow_Jayboi\n","uploadtime":1699843871,"views":11,"p1id":"breadytorus","p2id":"yellowjayboi","formatid":"gen9vgc2023regulatione","rating":1000,"private":0,"password":""}