{"id":"gen9vgc2023regulatione-1989714272","p1":"kidturtle","p2":"uwu_0w0_uwu_0w0","format":"[Gen 9] VGC 2023 Regulation E","log":"|j|\u2606kidturtle\n|j|\u2606uwu_0w0_uwu_0w0\n|n|\u2606kidturtle|kidturtle\n|n|\u2606uwu_0w0_uwu_0w0|uwu0w0uwu0w0\n|html|View the match progress at <a href=\"\/game-bestof3-gen9vgc2023regulatione-1989714271\">game-bestof3-gen9vgc2023regulatione-1989714271<\/a>\n|t:|1699889392\n|gametype|doubles\n|player|p1|kidturtle|hoopster|\n|player|p2|uwu_0w0_uwu_0w0|clair|\n|teamsize|p1|6\n|teamsize|p2|6\n|gen|9\n|tier|[Gen 9] VGC 2023 Regulation E\n|rated|Tournament battle\n|rule|Species Clause: Limit one of each Pok\u00e9mon\n|rule|Item Clause: Limit one of each item\n|clearpoke\n|poke|p1|Ursaluna, L50, M|\n|poke|p1|Cresselia, L50, F|\n|poke|p1|Flutter Mane, L50|\n|poke|p1|Chi-Yu, L50|\n|poke|p1|Iron Hands, L50|\n|poke|p1|Urshifu-*, L50, M|\n|poke|p2|Armarouge, L50, M|\n|poke|p2|Indeedee-F, L50, F|\n|poke|p2|Gholdengo, L50|\n|poke|p2|Dipplin, L50, M|\n|poke|p2|Dragonite, L50, M|\n|poke|p2|Iron Bundle, L50|\n|teampreview|4\n|showteam|p1|Ursaluna||FlameOrb|Guts|Facade,Earthquake,SwordsDance,Protect|||M|||50|,,,,,Ghost]Cresselia||MentalHerb|Levitate|IceBeam,AllySwitch,LunarBlessing,TrickRoom|||F|||50|,,,,,Fairy]Flutter Mane||BoosterEnergy|Protosynthesis|IcyWind,ShadowBall,Moonblast,Protect||||||50|,,,,,Fairy]Chi-Yu||ChoiceSpecs|BeadsofRuin|BurningJealousy,DarkPulse,Overheat,Snarl||||||50|,,,,,Ghost]Iron Hands||SitrusBerry|QuarkDrive|DrainPunch,WildCharge,FakeOut,SwordsDance||||||50|,,,,,Fire]Urshifu||FocusSash|UnseenFist|Detect,WickedBlow,CloseCombat,SuckerPunch|||M|||50|,,,,,Dark\n|showteam|p2|Armarouge||ChoiceSpecs|WeakArmor|ArmorCannon,ExpandingForce,TeraBlast,AcidSpray|||M|||50|,,,,,Fire]Indeedee-F||ColburBerry|PsychicSurge|TrickRoom,FollowMe,FakeOut,Psyshock|||F|||50|,,,,,Bug]Gholdengo||AssaultVest|GoodasGold|MakeItRain,DazzlingGleam,Psychic,Thunderbolt||||||50|,,,,,Steel]Dipplin||MentalHerb|SupersweetSyrup|PollenPuff,GigaDrain,Protect,Recover|||M|||50|,,,,,Grass]Dragonite||ChoiceScarf|Multiscale|ExtremeSpeed,Earthquake,AquaJet,FirePunch|||M|||50|,,,,,Dragon]Iron Bundle||BoosterEnergy|QuarkDrive|FreezeDry,HydroPump,ChillingWater,Protect||||||50|,,,,,Ice\n|inactive|Battle timer is ON: inactive players will automatically lose when time's up. (requested by uwu_0w0_uwu_0w0)\n|\n|t:|1699889411\n|start\n|switch|p1a: Flutter Mane|Flutter Mane, L50, shiny|100\/100\n|switch|p1b: Chi-Yu|Chi-Yu, L50|100\/100\n|switch|p2a: Armarouge|Armarouge, L50, M|100\/100\n|switch|p2b: Indeedee|Indeedee-F, L50, F, shiny|100\/100\n|-ability|p1b: Chi-Yu|Beads of Ruin\n|-fieldstart|move: Psychic Terrain|[from] ability: Psychic Surge|[of] p2b: Indeedee\n|-enditem|p1a: Flutter Mane|Booster Energy\n|-activate|p1a: Flutter Mane|ability: Protosynthesis|[fromitem]\n|-start|p1a: Flutter Mane|protosynthesisspe\n|turn|1\n|\n|t:|1699889435\n|-terastallize|p2a: Armarouge|Fire\n|move|p2b: Indeedee|Follow Me|p2b: Indeedee\n|-singleturn|p2b: Indeedee|move: Follow Me\n|move|p1a: Flutter Mane|Moonblast|p2b: Indeedee\n|-damage|p2b: Indeedee|56\/100\n|-unboost|p2b: Indeedee|spa|1\n|move|p1b: Chi-Yu|Snarl|p2a: Armarouge|[spread] p2b\n|-miss|p1b: Chi-Yu|p2a: Armarouge\n|-supereffective|p2b: Indeedee\n|-enditem|p2b: Indeedee|Colbur Berry|[eat]\n|-enditem|p2b: Indeedee|Colbur Berry|[weaken]\n|-damage|p2b: Indeedee|26\/100\n|-unboost|p2b: Indeedee|spa|1\n|move|p2a: Armarouge|Armor Cannon|p1a: Flutter Mane\n|-damage|p1a: Flutter Mane|0 fnt\n|-unboost|p2a: Armarouge|def|1\n|-unboost|p2a: Armarouge|spd|1\n|faint|p1a: Flutter Mane\n|-end|p1a: Flutter Mane|Protosynthesis|[silent]\n|\n|upkeep\n|\n|t:|1699889447\n|switch|p1a: Ursaluna|Ursaluna, L50, M|100\/100\n|turn|2\n|\n|t:|1699889465\n|move|p1a: Ursaluna|Protect|p1a: Ursaluna\n|-singleturn|p1a: Ursaluna|Protect\n|move|p1b: Chi-Yu|Snarl|p2b: Indeedee|[spread] p2a,p2b\n|-supereffective|p2b: Indeedee\n|-damage|p2a: Armarouge|28\/100\n|-damage|p2b: Indeedee|0 fnt\n|-unboost|p2a: Armarouge|spa|1\n|faint|p2b: Indeedee\n|move|p2a: Armarouge|Armor Cannon|p1b: Chi-Yu\n|-resisted|p1b: Chi-Yu\n|-damage|p1b: Chi-Yu|47\/100\n|-unboost|p2a: Armarouge|def|1\n|-unboost|p2a: Armarouge|spd|1\n|\n|-status|p1a: Ursaluna|brn|[from] item: Flame Orb\n|upkeep\n|\n|t:|1699889481\n|switch|p2b: Gholdengo|Gholdengo, L50|100\/100\n|turn|3\n|\n|t:|1699889493\n|switch|p1a: Cresselia|Cresselia, L50, F|100\/100\n|move|p1b: Chi-Yu|Snarl|p2a: Armarouge|[spread] p2a,p2b\n|-supereffective|p2b: Gholdengo\n|-damage|p2a: Armarouge|0 fnt\n|-damage|p2b: Gholdengo|38\/100\n|-unboost|p2b: Gholdengo|spa|1\n|faint|p2a: Armarouge\n|move|p2b: Gholdengo|Dazzling Gleam|p1a: Cresselia|[spread] p1a,p1b\n|-damage|p1a: Cresselia|89\/100\n|-damage|p1b: Chi-Yu|28\/100\n|\n|upkeep\n|\n|t:|1699889506\n|switch|p2a: Dipplin|Dipplin, L50, M, shiny|100\/100\n|-ability|p2a: Dipplin|Supersweet Syrup\n|-ability|p2a: Dipplin|Supersweet Syrup|boost\n|-unboost|p1a: Cresselia|evasion|1\n|-unboost|p1b: Chi-Yu|evasion|1\n|turn|4\n|\n|t:|1699889521\n|switch|p1a: Ursaluna|Ursaluna, L50, M|100\/100 brn\n|move|p1b: Chi-Yu|Snarl|p2b: Gholdengo|[spread] p2a,p2b\n|-supereffective|p2b: Gholdengo\n|-damage|p2a: Dipplin|54\/100\n|-damage|p2b: Gholdengo|0 fnt\n|-unboost|p2a: Dipplin|spa|1\n|faint|p2b: Gholdengo\n|move|p2a: Dipplin|Pollen Puff|p2: Gholdengo|[notarget]\n|-fail|p2a: Dipplin\n|\n|-damage|p1a: Ursaluna|95\/100 brn|[from] brn\n|upkeep\n|turn|5\n|c|\u2606uwu_0w0_uwu_0w0|gg\n|\n|t:|1699889537\n|-terastallize|p1a: Ursaluna|Ghost\n|move|p1b: Chi-Yu|Snarl|p2a: Dipplin\n|-damage|p2a: Dipplin|0 fnt\n|faint|p2a: Dipplin\n|\n|win|kidturtle\n|c|\u2606kidturtle|gg\n|c|&|\/uhtml prompt-kidturtle,kidturtle is ready for game 2!\n|c|&|\/uhtml prompt-uwu0w0uwu0w0,uwu_0w0_uwu_0w0 is ready for game 2!\nBoth players are ready! Starting next match!\n","uploadtime":1699889766,"views":16,"p1id":"kidturtle","p2id":"uwu0w0uwu0w0","formatid":"gen9vgc2023regulatione","rating":0,"private":0,"password":""}