{"id":"gen9vgc2023regulatione-1999798955","p1":"Xyzkun","p2":"Zemigas2004","format":"[Gen 9] VGC 2023 Regulation E","log":"|j|\u2606Xyzkun\n|j|\u2606Zemigas2004\n|t:|1701117734\n|gametype|doubles\n|player|p1|Xyzkun|iris-gen5bw2|1115\n|player|p2|Zemigas2004|ethan|1178\n|teamsize|p1|6\n|teamsize|p2|6\n|gen|9\n|tier|[Gen 9] VGC 2023 Regulation E\n|rated|\n|rule|Species Clause: Limit one of each Pok\u00e9mon\n|rule|Item Clause: Limit one of each item\n|clearpoke\n|poke|p1|Rillaboom, L50, M|\n|poke|p1|Espathra, L50, M|\n|poke|p1|Amoonguss, L50, F|\n|poke|p1|Kommo-o, L50, F|\n|poke|p1|Indeedee-F, L50, F|\n|poke|p1|Chi-Yu, L50|\n|poke|p2|Thundurus, L50, M|\n|poke|p2|Amoonguss, L50, F|\n|poke|p2|Enamorus, L50, F|\n|poke|p2|Garchomp, L50, F|\n|poke|p2|Chien-Pao, L50|\n|poke|p2|Gholdengo, L50|\n|teampreview|4\n|inactive|Battle timer is ON: inactive players will automatically lose when time's up. (requested by Zemigas2004)\n|inactive|Zemigas2004 has 60 seconds left.\n|\n|t:|1701117779\n|start\n|switch|p1a: Espathra|Espathra, L50, M|100\/100\n|switch|p1b: Indeedee|Indeedee-F, L50, F|100\/100\n|switch|p2a: Garchomp|Garchomp, L50, F|100\/100\n|switch|p2b: Chien-Pao|Chien-Pao, L50|100\/100\n|-ability|p2b: Chien-Pao|Sword of Ruin\n|-fieldstart|move: Psychic Terrain|[from] ability: Psychic Surge|[of] p1b: Indeedee\n|-enditem|p1b: Indeedee|Psychic Seed\n|-boost|p1b: Indeedee|spd|1|[from] item: Psychic Seed\n|turn|1\n|inactive|Xyzkun has 30 seconds left.\n|inactive|Xyzkun has 20 seconds left.\n|\n|t:|1701117818\n|move|p2b: Chien-Pao|Crunch|p1b: Indeedee\n|-supereffective|p1b: Indeedee\n|-damage|p1b: Indeedee|0 fnt\n|faint|p1b: Indeedee\n|move|p1a: Espathra|Lumina Crash|p2a: Garchomp\n|-damage|p2a: Garchomp|34\/100\n|-damage|p1a: Espathra|91\/100|[from] item: Life Orb\n|move|p2a: Garchomp|Swords Dance|p2a: Garchomp\n|-boost|p2a: Garchomp|atk|2\n|\n|-ability|p1a: Espathra|Speed Boost|boost\n|-boost|p1a: Espathra|spe|1\n|upkeep\n|\n|t:|1701117824\n|switch|p1b: Chi-Yu|Chi-Yu, L50|100\/100\n|-ability|p1b: Chi-Yu|Beads of Ruin\n|turn|2\n|\n|t:|1701117840\n|move|p2b: Chien-Pao|Protect|p2b: Chien-Pao\n|-singleturn|p2b: Chien-Pao|Protect\n|move|p2a: Garchomp|Protect|p2a: Garchomp\n|-singleturn|p2a: Garchomp|Protect\n|move|p1a: Espathra|Dazzling Gleam|p2a: Garchomp|[spread] \n|-activate|p2a: Garchomp|move: Protect\n|-activate|p2b: Chien-Pao|move: Protect\n|move|p1b: Chi-Yu|Snarl|p2b: Chien-Pao|[spread] \n|-activate|p2a: Garchomp|move: Protect\n|-activate|p2b: Chien-Pao|move: Protect\n|\n|-ability|p1a: Espathra|Speed Boost|boost\n|-boost|p1a: Espathra|spe|1\n|upkeep\n|turn|3\n|\n|t:|1701117855\n|switch|p2a: Enamorus|Enamorus, L50, F|100\/100\n|move|p1a: Espathra|Dazzling Gleam|p2a: Enamorus|[spread] p2a,p2b\n|-supereffective|p2b: Chien-Pao\n|-damage|p2a: Enamorus|49\/100\n|-enditem|p2b: Chien-Pao|Focus Sash\n|-damage|p2b: Chien-Pao|1\/100\n|-damage|p1a: Espathra|81\/100|[from] item: Life Orb\n|move|p2b: Chien-Pao|Crunch|p1a: Espathra\n|-supereffective|p1a: Espathra\n|-damage|p1a: Espathra|0 fnt\n|faint|p1a: Espathra\n|move|p1b: Chi-Yu|Snarl|p2b: Chien-Pao|[spread] p2a,p2b\n|-resisted|p2a: Enamorus\n|-resisted|p2b: Chien-Pao\n|-crit|p2b: Chien-Pao\n|-damage|p2a: Enamorus|27\/100\n|-damage|p2b: Chien-Pao|0 fnt\n|-boost|p2a: Enamorus|spa|1\n|faint|p2b: Chien-Pao\n|\n|upkeep\n|inactive|Zemigas2004 has 30 seconds left.\n|\n|t:|1701117885\n|switch|p2b: Garchomp|Garchomp, L50, F|34\/100\n|switch|p1a: Rillaboom|Rillaboom, L50, M|100\/100\n|-fieldstart|move: Grassy Terrain|[from] ability: Grassy Surge|[of] p1a: Rillaboom\n|turn|4\n|\n|t:|1701117906\n|switch|p2a: Gholdengo|Gholdengo, L50|100\/100\n|move|p2b: Garchomp|Protect|p2b: Garchomp\n|-singleturn|p2b: Garchomp|Protect\n|move|p1a: Rillaboom|Fake Out|p2a: Gholdengo\n|-immune|p2a: Gholdengo\n|move|p1b: Chi-Yu|Dark Pulse|p2b: Garchomp\n|-activate|p2b: Garchomp|move: Protect\n|\n|-heal|p2b: Garchomp|40\/100|[from] Grassy Terrain\n|upkeep\n|turn|5\n|inactive|Zemigas2004 has 30 seconds left.\n|inactive|Zemigas2004 has 20 seconds left.\n|inactive|Zemigas2004 has 15 seconds left.\n|\n|t:|1701117949\n|-terastallize|p2a: Gholdengo|Dragon\n|move|p1a: Rillaboom|Grassy Glide|p2b: Garchomp\n|-damage|p2b: Garchomp|10\/100\n|-damage|p1a: Rillaboom|88\/100|[from] ability: Rough Skin|[of] p2b: Garchomp\n|move|p1b: Chi-Yu|Snarl|p2a: Gholdengo|[spread] p2a,p2b\n|-damage|p2a: Gholdengo|72\/100\n|-damage|p2b: Garchomp|0 fnt\n|-unboost|p2a: Gholdengo|spa|1\n|faint|p2b: Garchomp\n|move|p2a: Gholdengo|Nasty Plot|p2a: Gholdengo\n|-boost|p2a: Gholdengo|spa|2\n|\n|-heal|p2a: Gholdengo|78\/100|[from] Grassy Terrain\n|-heal|p2a: Gholdengo|84\/100|[from] item: Leftovers\n|-heal|p1a: Rillaboom|94\/100|[from] Grassy Terrain\n|-heal|p1a: Rillaboom|99\/100|[from] item: Leftovers\n|upkeep\n|\n|t:|1701117954\n|switch|p2b: Enamorus|Enamorus, L50, F|27\/100\n|turn|6\n|inactive|Xyzkun has 30 seconds left.\n|inactive|Xyzkun has 20 seconds left.\n|\n|t:|1701117990\n|move|p2b: Enamorus|Moonblast|p1b: Chi-Yu\n|-damage|p1b: Chi-Yu|63\/100\n|move|p1b: Chi-Yu|Dark Pulse|p2a: Gholdengo\n|-crit|p2a: Gholdengo\n|-damage|p2a: Gholdengo|7\/100\n|move|p2a: Gholdengo|Shadow Ball|p1a: Rillaboom\n|-damage|p1a: Rillaboom|8\/100\n|-unboost|p1a: Rillaboom|spd|1\n|move|p1a: Rillaboom|Wood Hammer|p2b: Enamorus\n|-resisted|p2b: Enamorus\n|-damage|p2b: Enamorus|0 fnt\n|faint|p2b: Enamorus\n|-damage|p1a: Rillaboom|2\/100|[from] Recoil\n|\n|-heal|p1b: Chi-Yu|68\/100|[from] Grassy Terrain\n|-heal|p2a: Gholdengo|13\/100|[from] Grassy Terrain\n|-heal|p2a: Gholdengo|19\/100|[from] item: Leftovers\n|-heal|p1a: Rillaboom|7\/100|[from] Grassy Terrain\n|-heal|p1a: Rillaboom|13\/100|[from] item: Leftovers\n|upkeep\n|turn|7\n|\n|t:|1701118011\n|move|p2a: Gholdengo|Protect|p2a: Gholdengo\n|-singleturn|p2a: Gholdengo|Protect\n|move|p1a: Rillaboom|Grassy Glide|p2a: Gholdengo\n|-activate|p2a: Gholdengo|move: Protect\n|move|p1b: Chi-Yu|Dark Pulse|p2a: Gholdengo\n|-activate|p2a: Gholdengo|move: Protect\n|\n|-heal|p1b: Chi-Yu|74\/100|[from] Grassy Terrain\n|-heal|p2a: Gholdengo|25\/100|[from] Grassy Terrain\n|-heal|p2a: Gholdengo|32\/100|[from] item: Leftovers\n|-heal|p1a: Rillaboom|19\/100|[from] Grassy Terrain\n|-heal|p1a: Rillaboom|25\/100|[from] item: Leftovers\n|upkeep\n|turn|8\n|\n|t:|1701118028\n|move|p1a: Rillaboom|Grassy Glide|p2a: Gholdengo\n|-resisted|p2a: Gholdengo\n|-damage|p2a: Gholdengo|16\/100\n|move|p1b: Chi-Yu|Dark Pulse|p2a: Gholdengo\n|-damage|p2a: Gholdengo|0 fnt\n|faint|p2a: Gholdengo\n|\n|win|Xyzkun\n|raw|Xyzkun's rating: 1115 &rarr; <strong>1144<\/strong><br \/>(+29 for winning)\n|raw|Zemigas2004's rating: 1178 &rarr; <strong>1149<\/strong><br \/>(-29 for losing)\n","uploadtime":1701118035,"views":10,"p1id":"xyzkun","p2id":"zemigas2004","formatid":"gen9vgc2023regulatione","rating":1144,"private":0,"password":""}