{"id":"gen9vgc2023regulatione-1995975324","p1":"Tenken11","p2":"Tampico11","format":"[Gen 9] VGC 2023 Regulation E","log":"|j|\u2606Tenken11\n|j|\u2606Tampico11\n|n|\u2606Tenken11|tenken11\n|n|\u2606Tampico11|tampico11\n|html|View the match progress at <a href=\"\/game-bestof3-gen9vgc2023regulatione-1995971345\">game-bestof3-gen9vgc2023regulatione-1995971345<\/a>\n|t:|1700624164\n|gametype|doubles\n|player|p1|Tenken11|266|\n|player|p2|Tampico11|ethan|\n|teamsize|p1|6\n|teamsize|p2|6\n|gen|9\n|tier|[Gen 9] VGC 2023 Regulation E\n|rule|Species Clause: Limit one of each Pok\u00e9mon\n|rule|Item Clause: Limit one of each item\n|clearpoke\n|poke|p1|Clefairy, L50, F|\n|poke|p1|Cetitan, L50, F|\n|poke|p1|Kommo-o, L50, M|\n|poke|p1|Sinistcha-Masterpiece, L50|\n|poke|p1|Landorus-Therian, L50, M|\n|poke|p1|Rillaboom, L50, M|\n|poke|p2|Iron Hands, L50|\n|poke|p2|Amoonguss, L50, M|\n|poke|p2|Grimmsnarl, L50, M|\n|poke|p2|Ursaluna-Bloodmoon, L50, M|\n|poke|p2|Annihilape, L50, M|\n|poke|p2|Cresselia, L50, F|\n|teampreview|4\nTampico11 has agreed to open team sheets.\nTenken11 has agreed to open team sheets.\n|showteam|p1|Clefairy||Eviolite|FriendGuard|FollowMe,HealPulse,HelpingHand,Protect|||F|||50|,,,,,Dark]Cetitan||SitrusBerry|ThickFat|Liquidation,IceShard,BellyDrum,Protect|||F|||50|,,,,,Water]Kommo-o||ThroatSpray|Overcoat|ClangingScales,FlashCannon,ClangorousSoul,Protect|||M|||50|,,,,,Steel]Sinistcha-Masterpiece||WideLens|Hospitality|MatchaGotcha,StrengthSap,RagePowder,TrickRoom||||||50|,,,,,Fire]Landorus-Therian||ChoiceScarf|Intimidate|StompingTantrum,TeraBlast,RockSlide,Uturn|||M|||50|,,,,,Flying]Rillaboom||AssaultVest|GrassySurge|WoodHammer,GrassyGlide,Uturn,FakeOut|||M|||50|,,,,,Fire\n|showteam|p2|Iron Hands||AssaultVest|QuarkDrive|FakeOut,DrainPunch,WildCharge,HeavySlam||||||50|,,,,,Water]Amoonguss||MentalHerb|Regenerator|PollenPuff,ClearSmog,RagePowder,Spore|||M|||50|,,,,,Fire]Grimmsnarl||CovertCloak|Prankster|SpiritBreak,PartingShot,Reflect,LightScreen|||M|||50|,,,,,Water]Ursaluna-Bloodmoon||SilkScarf|MindsEye|HyperVoice,BloodMoon,EarthPower,Protect|||M|||50|,,,,,Grass]Annihilape||SitrusBerry|Defiant|DrainPunch,RageFist,BulkUp,Protect|||M|||50|,,,,,Fire]Cresselia||SafetyGoggles|Levitate|IceBeam,LunarBlessing,HelpingHand,TrickRoom|||F|||50|,,,,,Fire\n|inactive|Battle timer is ON: inactive players will automatically lose when time's up. (requested by Tampico11)\n|inactive|Tenken11 has 60 seconds left.\n|\n|t:|1700624231\n|start\n|switch|p1a: Kommo-o|Kommo-o, L50, M|100\/100\n|switch|p1b: Clefairy|Clefairy, L50, F|100\/100\n|switch|p2a: Anestesia|Amoonguss, L50, M, shiny|100\/100\n|switch|p2b: Cresselia|Cresselia, L50, F|100\/100\n|turn|1\n|inactive|Tampico11 has 30 seconds left.\n|\n|t:|1700624260\n|-terastallize|p1a: Kommo-o|Steel\n|move|p1a: Kommo-o|Clangorous Soul|p1a: Kommo-o\n|-boost|p1a: Kommo-o|atk|1\n|-boost|p1a: Kommo-o|def|1\n|-boost|p1a: Kommo-o|spa|1\n|-boost|p1a: Kommo-o|spd|1\n|-boost|p1a: Kommo-o|spe|1\n|-damage|p1a: Kommo-o|68\/100\n|-enditem|p1a: Kommo-o|Throat Spray\n|-boost|p1a: Kommo-o|spa|1|[from] item: Throat Spray\n|move|p1b: Clefairy|Heal Pulse|p1a: Kommo-o\n|-heal|p1a: Kommo-o|100\/100\n|move|p2a: Anestesia|Clear Smog|p1a: Kommo-o\n|-immune|p1a: Kommo-o\n|move|p2b: Cresselia|Trick Room|p2b: Cresselia\n|-fieldstart|move: Trick Room|[of] p2b: Cresselia\n|\n|upkeep\n|turn|2\n|inactive|Tenken11 has 30 seconds left.\n|\n|t:|1700624288\n|switch|p1b: Rillaboom|Rillaboom, L50, M|100\/100\n|-fieldstart|move: Grassy Terrain|[from] ability: Grassy Surge|[of] p1b: Rillaboom\n|switch|p2b: Ferropalmas|Iron Hands, L50, shiny|100\/100\n|move|p2a: Anestesia|Spore|p1b: Rillaboom\n|-immune|p1b: Rillaboom\n|move|p1a: Kommo-o|Clanging Scales|p2b: Ferropalmas|[spread] p2a,p2b\n|-damage|p2a: Anestesia|41\/100\n|-damage|p2b: Ferropalmas|62\/100\n|-unboost|p1a: Kommo-o|def|1\n|\n|-heal|p2a: Anestesia|47\/100|[from] Grassy Terrain\n|-heal|p2b: Ferropalmas|68\/100|[from] Grassy Terrain\n|upkeep\n|turn|3\n|inactive|Tenken11 has 30 seconds left.\n|inactive|Tampico11 has 30 seconds left.\n|inactive|Tenken11 has 20 seconds left.\n|inactive|Tampico11 has 20 seconds left.\n|inactive|Tenken11 has 15 seconds left.\n|inactive|Tampico11 has 15 seconds left.\n|inactive|Tenken11 has 10 seconds left.\n|inactive|Tampico11 has 10 seconds left.\n|\n|t:|1700624334\n|move|p2b: Ferropalmas|Fake Out|p1b: Rillaboom\n|-damage|p1b: Rillaboom|85\/100\n|cant|p1b: Rillaboom|flinch\n|move|p2a: Anestesia|Pollen Puff|p2b: Ferropalmas\n|-heal|p2b: Ferropalmas|100\/100\n|move|p1a: Kommo-o|Clanging Scales|p2b: Ferropalmas|[spread] p2a,p2b\n|-damage|p2a: Anestesia|0 fnt\n|-damage|p2b: Ferropalmas|59\/100\n|faint|p2a: Anestesia\n|-unboost|p1a: Kommo-o|def|1\n|\n|-heal|p2b: Ferropalmas|65\/100|[from] Grassy Terrain\n|-heal|p1b: Rillaboom|91\/100|[from] Grassy Terrain\n|upkeep\n|\n|t:|1700624341\n|switch|p2a: Ursaluna|Ursaluna-Bloodmoon, L50, M|100\/100\n|turn|4\n|j| Fancy Cucudrula\n|inactive|Tampico11 has 30 seconds left.\n|\n|t:|1700624370\n|switch|p1b: Clefairy|Clefairy, L50, F|100\/100\n|move|p1a: Kommo-o|Protect|p1a: Kommo-o\n|-singleturn|p1a: Kommo-o|Protect\n|move|p2a: Ursaluna|Blood Moon|p1b: Clefairy\n|-damage|p1b: Clefairy|13\/100\n|move|p2b: Ferropalmas|Heavy Slam|p1b: Clefairy\n|-supereffective|p1b: Clefairy\n|-damage|p1b: Clefairy|0 fnt\n|faint|p1b: Clefairy\n|\n|-heal|p2b: Ferropalmas|72\/100|[from] Grassy Terrain\n|upkeep\n|\n|t:|1700624379\n|switch|p1b: Rillaboom|Rillaboom, L50, M|91\/100\n|turn|5\n|\n|t:|1700624391\n|move|p1b: Rillaboom|Fake Out|p2b: Ferropalmas\n|-damage|p2b: Ferropalmas|62\/100\n|move|p2a: Ursaluna|Earth Power|p1a: Kommo-o\n|-supereffective|p1a: Kommo-o\n|-damage|p1a: Kommo-o|30\/100\n|cant|p2b: Ferropalmas|flinch\n|move|p1a: Kommo-o|Clanging Scales|p2a: Ursaluna|[spread] p2a,p2b\n|-damage|p2a: Ursaluna|21\/100\n|-damage|p2b: Ferropalmas|18\/100\n|-unboost|p1a: Kommo-o|def|1\n|\n|-heal|p2a: Ursaluna|27\/100|[from] Grassy Terrain\n|-heal|p2b: Ferropalmas|24\/100|[from] Grassy Terrain\n|-heal|p1b: Rillaboom|97\/100|[from] Grassy Terrain\n|-heal|p1a: Kommo-o|36\/100|[from] Grassy Terrain\n|-fieldend|move: Trick Room\n|upkeep\n|turn|6\n|inactive|Tampico11 has 30 seconds left.\n|\n|t:|1700624427\n|switch|p2a: Cresselia|Cresselia, L50, F|100\/100\n|move|p1a: Kommo-o|Clanging Scales|p2b: Ferropalmas|[spread] p2a,p2b\n|-damage|p2a: Cresselia|61\/100\n|-damage|p2b: Ferropalmas|0 fnt\n|faint|p2b: Ferropalmas\n|-end|p2b: Ferropalmas|Quark Drive|[silent]\n|-unboost|p1a: Kommo-o|def|1\n|move|p1b: Rillaboom|U-turn|p2a: Cresselia\n|-supereffective|p2a: Cresselia\n|-damage|p2a: Cresselia|27\/100\n|\n|t:|1700624432\n|switch|p1b: Sinistcha|Sinistcha-Masterpiece, L50|100\/100|[from] U-turn\n|-heal|p1a: Kommo-o|61\/100|[from] ability: Hospitality|[of] p1b: Sinistcha\n|\n|-heal|p1a: Kommo-o|66\/100|[from] Grassy Terrain\n|-fieldend|move: Grassy Terrain\n|upkeep\n|\n|t:|1700624436\n|switch|p2b: Ursaluna|Ursaluna-Bloodmoon, L50, M|27\/100\n|turn|7\n|-message|Tampico11 forfeited.\n|\n|win|Tenken11\n","uploadtime":1700624450,"views":1,"p1id":"tenken11","p2id":"tampico11","formatid":"gen9vgc2023regulatione","rating":0,"private":0,"password":""}