{"id":"gen9vgc2023regulatione-1993060199","p1":"Dragergrap","p2":"bunearyboicherry","format":"[Gen 9] VGC 2023 Regulation E","log":"|j|\u2606Dragergrap\n|j|\u2606bunearyboicherry\n|t:|1700260294\n|gametype|doubles\n|player|p1|Dragergrap|265|1032\n|player|p2|bunearyboicherry|hapu|1000\n|teamsize|p1|6\n|teamsize|p2|6\n|gen|9\n|tier|[Gen 9] VGC 2023 Regulation E\n|rated|\n|rule|Species Clause: Limit one of each Pok\u00e9mon\n|rule|Item Clause: Limit one of each item\n|clearpoke\n|poke|p1|Arcanine-Hisui, L50, F|\n|poke|p1|Clefairy, L50, M|\n|poke|p1|Hydreigon, L50, M|\n|poke|p1|Ursaluna-Bloodmoon, L50, M|\n|poke|p1|Ninetales-Alola, L50, M|\n|poke|p1|Amoonguss, L50, F|\n|poke|p2|Politoed, L50, F|\n|poke|p2|Feebas, L50, F|\n|poke|p2|Thundurus-Therian, L50, M|\n|poke|p2|Mamoswine, L50, M|\n|poke|p2|Scream Tail, L50|\n|poke|p2|Landorus-Therian, L50, M|\n|teampreview|4\n|inactive|Battle timer is ON: inactive players will automatically lose when time's up. (requested by bunearyboicherry)\n|\n|t:|1700260319\n|start\n|switch|p1a: Ursaluna|Ursaluna-Bloodmoon, L50, M|100\/100\n|switch|p1b: Ninetales|Ninetales-Alola, L50, M|100\/100\n|switch|p2a: Speedbas|Feebas, L50, F, shiny|100\/100\n|switch|p2b: Landorus|Landorus-Therian, L50, M|100\/100\n|-ability|p2b: Landorus|Intimidate|boost\n|-unboost|p1a: Ursaluna|atk|1\n|-unboost|p1b: Ninetales|atk|1\n|-weather|Snow|[from] ability: Snow Warning|[of] p1b: Ninetales\n|turn|1\n|\n|t:|1700260344\n|move|p2b: Landorus|U-turn|p1b: Ninetales\n|-resisted|p1b: Ninetales\n|-damage|p1b: Ninetales|86\/100\n|\n|t:|1700260347\n|switch|p2b: Besmara|Politoed, L50, F, shiny|100\/100|[from] U-turn\n|-weather|RainDance|[from] ability: Drizzle|[of] p2b: Besmara\n|move|p2a: Speedbas|Hypnosis|p1a: Ursaluna|[miss]\n|-miss|p2a: Speedbas|p1a: Ursaluna\n|move|p1b: Ninetales|Aurora Veil||[still]\n|-fail|p1b: Ninetales\n|move|p1a: Ursaluna|Blood Moon|p2b: Besmara\n|-damage|p2b: Besmara|20\/100\n|\n|-weather|RainDance|[upkeep]\n|upkeep\n|turn|2\n|inactive|Dragergrap has 30 seconds left.\n|\n|t:|1700260376\n|switch|p1b: Clefairy|Clefairy, L50, M|100\/100\n|move|p2b: Besmara|Protect|p2b: Besmara\n|-singleturn|p2b: Besmara|Protect\n|move|p1a: Ursaluna|Protect|p1a: Ursaluna\n|-singleturn|p1a: Ursaluna|Protect\n|move|p2a: Speedbas|Hypnosis|p1a: Ursaluna\n|-activate|p1a: Ursaluna|move: Protect\n|\n|-weather|RainDance|[upkeep]\n|upkeep\n|turn|3\n|\n|t:|1700260401\n|move|p1b: Clefairy|Helping Hand|p1a: Ursaluna\n|-singleturn|p1a: Ursaluna|Helping Hand|[of] p1b: Clefairy\n|move|p2a: Speedbas|Hypnosis|p1a: Ursaluna\n|-status|p1a: Ursaluna|slp|[from] move: Hypnosis\n|move|p2b: Besmara|Muddy Water|p1b: Clefairy|[spread] p1a,p1b\n|-supereffective|p1a: Ursaluna\n|-damage|p1a: Ursaluna|29\/100 slp\n|-damage|p1b: Clefairy|75\/100\n|-unboost|p1b: Clefairy|accuracy|1\n|cant|p1a: Ursaluna|slp\n|\n|-weather|RainDance|[upkeep]\n|-heal|p1a: Ursaluna|35\/100 slp|[from] item: Leftovers\n|upkeep\n|turn|4\n|\n|t:|1700260421\n|switch|p1a: Ninetales|Ninetales-Alola, L50, M|86\/100\n|-weather|Snow|[from] ability: Snow Warning|[of] p1a: Ninetales\n|move|p1b: Clefairy|Protect|p1b: Clefairy\n|-singleturn|p1b: Clefairy|Protect\n|move|p2a: Speedbas|Hypnosis|p1b: Clefairy\n|-activate|p1b: Clefairy|move: Protect\n|move|p2b: Besmara|Blizzard|p1b: Clefairy|[spread] p1a\n|-activate|p1b: Clefairy|move: Protect\n|-resisted|p1a: Ninetales\n|-damage|p1a: Ninetales|76\/100\n|\n|-weather|Snow|[upkeep]\n|upkeep\n|turn|5\n|\n|t:|1700260439\n|move|p2b: Besmara|Protect|p2b: Besmara\n|-singleturn|p2b: Besmara|Protect\n|move|p1a: Ninetales|Aurora Veil|p1a: Ninetales\n|-sidestart|p1: Dragergrap|move: Aurora Veil\n|move|p2a: Speedbas|Hypnosis|p1a: Ninetales\n|-status|p1a: Ninetales|slp|[from] move: Hypnosis\n|move|p1b: Clefairy|Heal Pulse|p1a: Ninetales\n|-heal|p1a: Ninetales|100\/100 slp\n|\n|-weather|Snow|[upkeep]\n|upkeep\n|turn|6\n|\n|t:|1700260454\n|switch|p1a: Ursaluna|Ursaluna-Bloodmoon, L50, M|35\/100 slp\n|move|p2a: Speedbas|Icy Wind|p1b: Clefairy|[spread] p1a,p1b\n|-supereffective|p1a: Ursaluna\n|-damage|p1a: Ursaluna|30\/100 slp\n|-damage|p1b: Clefairy|73\/100\n|-unboost|p1a: Ursaluna|spe|1\n|-unboost|p1b: Clefairy|spe|1\n|move|p2b: Besmara|Muddy Water|p1a: Ursaluna|[spread] p1a,p1b\n|-supereffective|p1a: Ursaluna\n|-damage|p1a: Ursaluna|0 fnt\n|-damage|p1b: Clefairy|60\/100\n|faint|p1a: Ursaluna\n|move|p1b: Clefairy|Heal Pulse|p1: Ursaluna|[notarget]\n|-fail|p1b: Clefairy\n|\n|-weather|Snow|[upkeep]\n|upkeep\n|\n|t:|1700260470\n|switch|p1a: Hydreigon|Hydreigon, L50, M|100\/100\n|turn|7\n|\n|t:|1700260481\n|move|p2b: Besmara|Protect|p2b: Besmara\n|-singleturn|p2b: Besmara|Protect\n|move|p1a: Hydreigon|Nasty Plot|p1a: Hydreigon\n|-boost|p1a: Hydreigon|spa|2\n|move|p2a: Speedbas|Icy Wind|p1b: Clefairy|[spread] p1a,p1b\n|-supereffective|p1a: Hydreigon\n|-damage|p1a: Hydreigon|95\/100\n|-damage|p1b: Clefairy|58\/100\n|-unboost|p1a: Hydreigon|spe|1\n|-unboost|p1b: Clefairy|spe|1\n|move|p1b: Clefairy|Heal Pulse|p1a: Hydreigon\n|-heal|p1a: Hydreigon|100\/100\n|\n|-weather|Snow|[upkeep]\n|upkeep\n|turn|8\n|inactive|Dragergrap has 30 seconds left.\n|inactive|bunearyboicherry has 30 seconds left.\n|\n|t:|1700260515\n|-terastallize|p2b: Besmara|Ice\n|move|p1b: Clefairy|Protect|p1b: Clefairy\n|-singleturn|p1b: Clefairy|Protect\n|move|p2a: Speedbas|Icy Wind|p1a: Hydreigon|[spread] p1a\n|-activate|p1b: Clefairy|move: Protect\n|-supereffective|p1a: Hydreigon\n|-damage|p1a: Hydreigon|95\/100\n|-unboost|p1a: Hydreigon|spe|1\n|move|p2b: Besmara|Blizzard|p1a: Hydreigon|[spread] p1a\n|-activate|p1b: Clefairy|move: Protect\n|-supereffective|p1a: Hydreigon\n|-damage|p1a: Hydreigon|57\/100\n|move|p1a: Hydreigon|Dark Pulse|p2b: Besmara\n|-damage|p2b: Besmara|0 fnt\n|faint|p2b: Besmara\n|-damage|p1a: Hydreigon|48\/100|[from] item: Life Orb\n|\n|-weather|none\n|upkeep\n|\n|t:|1700260525\n|switch|p2b: Scream Tail|Scream Tail, L50, shiny|100\/100\n|-enditem|p2b: Scream Tail|Booster Energy\n|-activate|p2b: Scream Tail|ability: Protosynthesis|[fromitem]\n|-start|p2b: Scream Tail|protosynthesisspe\n|turn|9\n|inactive|Dragergrap has 30 seconds left.\n|inactive|bunearyboicherry has 30 seconds left.\n|\n|t:|1700260552\n|move|p2b: Scream Tail|Play Rough|p1a: Hydreigon\n|-supereffective|p1a: Hydreigon\n|-crit|p1a: Hydreigon\n|-damage|p1a: Hydreigon|0 fnt\n|faint|p1a: Hydreigon\n|move|p2a: Speedbas|Hypnosis|p1b: Clefairy\n|-status|p1b: Clefairy|slp|[from] move: Hypnosis\n|cant|p1b: Clefairy|slp\n|\n|upkeep\n|\n|t:|1700260562\n|switch|p1a: Ninetales|Ninetales-Alola, L50, M|100\/100 slp\n|-weather|Snow|[from] ability: Snow Warning|[of] p1a: Ninetales\n|turn|10\n|\n|t:|1700260571\n|cant|p1b: Clefairy|slp\n|move|p2b: Scream Tail|Howl|p2b: Scream Tail|[spread] p2a,p2b\n|-boost|p2a: Speedbas|atk|1\n|-boost|p2b: Scream Tail|atk|1\n|cant|p1a: Ninetales|slp\n|move|p2a: Speedbas|Icy Wind|p1b: Clefairy|[spread] p1a,p1b\n|-resisted|p1a: Ninetales\n|-damage|p1a: Ninetales|99\/100 slp\n|-damage|p1b: Clefairy|55\/100 slp\n|-unboost|p1a: Ninetales|spe|1\n|-unboost|p1b: Clefairy|spe|1\n|\n|-weather|Snow|[upkeep]\n|upkeep\n|turn|11\n|\n|t:|1700260588\n|cant|p1b: Clefairy|slp\n|move|p2b: Scream Tail|Howl|p2b: Scream Tail|[spread] p2a,p2b\n|-boost|p2a: Speedbas|atk|1\n|-boost|p2b: Scream Tail|atk|1\n|move|p2a: Speedbas|Icy Wind|p1b: Clefairy|[spread] p1a,p1b\n|-resisted|p1a: Ninetales\n|-crit|p1b: Clefairy\n|-damage|p1a: Ninetales|98\/100 slp\n|-damage|p1b: Clefairy|50\/100 slp\n|-unboost|p1a: Ninetales|spe|1\n|-unboost|p1b: Clefairy|spe|1\n|cant|p1a: Ninetales|slp\n|\n|-weather|Snow|[upkeep]\n|upkeep\n|turn|12\n|\n|t:|1700260606\n|move|p2a: Speedbas|Protect|p2a: Speedbas\n|-singleturn|p2a: Speedbas|Protect\n|-curestatus|p1b: Clefairy|slp|[msg]\n|move|p1b: Clefairy|Follow Me|p1b: Clefairy\n|-singleturn|p1b: Clefairy|move: Follow Me\n|move|p2b: Scream Tail|Play Rough|p1b: Clefairy\n|-damage|p1b: Clefairy|1\/100\n|-curestatus|p1a: Ninetales|slp|[msg]\n|move|p1a: Ninetales|Blizzard|p2a: Speedbas|[spread] p2b\n|-activate|p2a: Speedbas|move: Protect\n|-damage|p2b: Scream Tail|75\/100\n|\n|-weather|Snow|[upkeep]\n|-sideend|p1: Dragergrap|move: Aurora Veil\n|upkeep\n|turn|13\n|\n|t:|1700260627\n|move|p1b: Clefairy|Protect|p1b: Clefairy\n|-singleturn|p1b: Clefairy|Protect\n|move|p2b: Scream Tail|Play Rough|p1a: Ninetales|[miss]\n|-miss|p2b: Scream Tail|p1a: Ninetales\n|move|p2a: Speedbas|Hypnosis|p1a: Ninetales\n|-status|p1a: Ninetales|slp|[from] move: Hypnosis\n|cant|p1a: Ninetales|slp\n|\n|-weather|Snow|[upkeep]\n|upkeep\n|turn|14\n|-message|Dragergrap forfeited.\n|\n|win|bunearyboicherry\n|raw|Dragergrap's rating: 1032 &rarr; <strong>1016<\/strong><br \/>(-16 for losing)\n|raw|bunearyboicherry's rating: 1000 &rarr; <strong>1044<\/strong><br \/>(+44 for winning)\n|l|\u2606Dragergrap\n","uploadtime":1700260648,"views":25,"p1id":"dragergrap","p2id":"bunearyboicherry","formatid":"gen9vgc2023regulatione","rating":1016,"private":0,"password":""}