{"id":"gen9vgc2023regulatione-1995718332","p1":"WoodieBot","p2":"Neckbeard97","format":"[Gen 9] VGC 2023 Regulation E","log":"|j|\u2606WoodieBot\n|j|\u2606Neckbeard97\n|t:|1700596722\n|gametype|doubles\n|player|p1|WoodieBot|supernerd|1203\n|player|p2|Neckbeard97|cyrus|1275\n|teamsize|p1|6\n|teamsize|p2|6\n|gen|9\n|tier|[Gen 9] VGC 2023 Regulation E\n|rated|\n|rule|Species Clause: Limit one of each Pok\u00e9mon\n|rule|Item Clause: Limit one of each item\n|clearpoke\n|poke|p1|Iron Hands, L50|\n|poke|p1|Ting-Lu, L50|\n|poke|p1|Volcarona, L50, M|\n|poke|p1|Scream Tail, L50|\n|poke|p1|Enamorus-Therian, L50, F|\n|poke|p1|Cresselia, L50, F|\n|poke|p2|Garganacl, L50, F|\n|poke|p2|Gothitelle, L50, F|\n|poke|p2|Iron Hands, L50|\n|poke|p2|Glimmora, L50, F|\n|poke|p2|Bronzong, L50|\n|poke|p2|Flutter Mane, L50|\n|teampreview|4\n|inactive|Battle timer is ON: inactive players will automatically lose when time's up. (requested by Neckbeard97)\n|\n|t:|1700596778\n|start\n|switch|p1a: Enamorus|Enamorus-Therian, L50, F|100\/100\n|switch|p1b: Scream Tail|Scream Tail, L50|100\/100\n|switch|p2a: Garganacl|Garganacl, L50, F|100\/100\n|switch|p2b: Glimmora|Glimmora, L50, F|100\/100\n|-enditem|p1b: Scream Tail|Booster Energy\n|-activate|p1b: Scream Tail|ability: Protosynthesis|[fromitem]\n|-start|p1b: Scream Tail|protosynthesisspe\n|turn|1\n|inactive|WoodieBot has 30 seconds left.\n|inactive|WoodieBot has 20 seconds left.\n|\n|t:|1700596816\n|-terastallize|p2a: Garganacl|Poison\n|move|p1b: Scream Tail|Protect|p1b: Scream Tail\n|-singleturn|p1b: Scream Tail|Protect\n|move|p2b: Glimmora|Mortal Spin|p1b: Scream Tail|[spread] p1a\n|-activate|p1b: Scream Tail|move: Protect\n|-supereffective|p1a: Enamorus\n|-damage|p1a: Enamorus|90\/100\n|-status|p1a: Enamorus|psn\n|move|p1a: Enamorus|Earth Power|p2b: Glimmora\n|-supereffective|p2b: Glimmora\n|-damage|p2b: Glimmora|0 fnt\n|faint|p2b: Glimmora\n|-damage|p1a: Enamorus|81\/100 psn|[from] item: Life Orb\n|move|p2a: Garganacl|Salt Cure|p1a: Enamorus\n|-supereffective|p1a: Enamorus\n|-damage|p1a: Enamorus|53\/100 psn\n|-start|p1a: Enamorus|Salt Cure\n|\n|-damage|p1a: Enamorus|40\/100 psn|[from] psn\n|-damage|p1a: Enamorus|28\/100 psn|[from] Salt Cure\n|upkeep\n|\n|t:|1700596841\n|switch|p2b: Gothitelle|Gothitelle, L50, F|100\/100\n|turn|2\n|inactive|WoodieBot has 30 seconds left.\n|inactive|WoodieBot has 20 seconds left.\n|\n|t:|1700596876\n|move|p2b: Gothitelle|Fake Out|p1a: Enamorus\n|-damage|p1a: Enamorus|22\/100 psn\n|move|p1b: Scream Tail|Disable|p2a: Garganacl\n|-start|p2a: Garganacl|Disable|Salt Cure\n|cant|p1a: Enamorus|flinch\n|cant|p2a: Garganacl|Disable|Salt Cure\n|\n|-damage|p1a: Enamorus|9\/100 psn|[from] psn\n|-damage|p1a: Enamorus|0 fnt|[from] Salt Cure\n|faint|p1a: Enamorus\n|upkeep\n|\n|t:|1700596894\n|switch|p1a: Ting-Lu|Ting-Lu, L50|100\/100\n|-ability|p1a: Ting-Lu|Vessel of Ruin\n|turn|3\n|\n|t:|1700596915\n|switch|p2a: Flutter Mane|Flutter Mane, L50|100\/100\n|move|p1b: Scream Tail|Howl|p1b: Scream Tail|[spread] p1a,p1b\n|-boost|p1a: Ting-Lu|atk|1\n|-boost|p1b: Scream Tail|atk|1\n|move|p2b: Gothitelle|Heal Pulse|p2a: Flutter Mane\n|-fail|p2a: Flutter Mane|heal\n|move|p1a: Ting-Lu|Lash Out|p2b: Gothitelle\n|-supereffective|p2b: Gothitelle\n|-damage|p2b: Gothitelle|0 fnt\n|faint|p2b: Gothitelle\n|\n|upkeep\n|\n|t:|1700596929\n|switch|p2b: Garganacl|Garganacl, L50, F, tera:Poison|100\/100\n|turn|4\n|\n|t:|1700596948\n|-terastallize|p1a: Ting-Lu|Poison\n|move|p1b: Scream Tail|Encore||[still]\n|-fail|p1b: Scream Tail\n|move|p2a: Flutter Mane|Moonblast|p1a: Ting-Lu\n|-resisted|p1a: Ting-Lu\n|-damage|p1a: Ting-Lu|82\/100\n|move|p2b: Garganacl|Salt Cure|p1b: Scream Tail\n|-damage|p1b: Scream Tail|90\/100\n|-start|p1b: Scream Tail|Salt Cure\n|move|p1a: Ting-Lu|Stomping Tantrum|p2b: Garganacl\n|-supereffective|p2b: Garganacl\n|-damage|p2b: Garganacl|45\/100\n|\n|-heal|p2b: Garganacl|51\/100|[from] item: Leftovers\n|-damage|p1b: Scream Tail|78\/100|[from] Salt Cure\n|upkeep\n|turn|5\n|\n|t:|1700596971\n|move|p2b: Garganacl|Protect|p2b: Garganacl\n|-singleturn|p2b: Garganacl|Protect\n|move|p1b: Scream Tail|Disable|p2b: Garganacl\n|-activate|p2b: Garganacl|move: Protect\n|move|p2a: Flutter Mane|Moonblast|p1b: Scream Tail\n|-damage|p1b: Scream Tail|37\/100\n|move|p1a: Ting-Lu|Heavy Slam|p2a: Flutter Mane\n|-supereffective|p2a: Flutter Mane\n|-damage|p2a: Flutter Mane|0 fnt\n|faint|p2a: Flutter Mane\n|-end|p2a: Flutter Mane|Protosynthesis|[silent]\n|\n|-heal|p2b: Garganacl|57\/100|[from] item: Leftovers\n|-damage|p1b: Scream Tail|24\/100|[from] Salt Cure\n|upkeep\n|turn|6\n|\n|t:|1700596993\n|move|p1b: Scream Tail|Encore|p2b: Garganacl\n|-start|p2b: Garganacl|Encore\n|move|p2b: Garganacl|Protect|p2b: Garganacl\n|-singleturn|p2b: Garganacl|Protect\n|move|p1a: Ting-Lu|Stomping Tantrum|p2b: Garganacl\n|-activate|p2b: Garganacl|move: Protect\n|\n|-heal|p2b: Garganacl|63\/100|[from] item: Leftovers\n|-damage|p1b: Scream Tail|12\/100|[from] Salt Cure\n|upkeep\n|turn|7\n|\n|t:|1700597007\n|move|p2b: Garganacl|Protect||[still]\n|-fail|p2b: Garganacl\n|move|p1b: Scream Tail|Howl|p1b: Scream Tail|[spread] p1a,p1b\n|-boost|p1a: Ting-Lu|atk|1\n|-boost|p1b: Scream Tail|atk|1\n|move|p1a: Ting-Lu|Stomping Tantrum|p2b: Garganacl\n|-supereffective|p2b: Garganacl\n|-damage|p2b: Garganacl|0 fnt\n|faint|p2b: Garganacl\n|\n|win|WoodieBot\n|raw|WoodieBot's rating: 1203 &rarr; <strong>1233<\/strong><br \/>(+30 for winning)\n|raw|Neckbeard97's rating: 1275 &rarr; <strong>1245<\/strong><br \/>(-30 for losing)\n|l|\u2606Neckbeard97\n","uploadtime":1700597019,"views":0,"p1id":"woodiebot","p2id":"neckbeard97","formatid":"gen9vgc2023regulatione","rating":1233,"private":0,"password":""}