{"id":"gen9vgc2023regulatione-1998533414","p1":"meesterkrebs","p2":"Baybayftw","format":"[Gen 9] VGC 2023 Regulation E","log":"|j|\u2606meesterkrebs\n|j|\u2606Baybayftw\n|t:|1700953195\n|gametype|doubles\n|player|p1|meesterkrebs|steven|1208\n|player|p2|Baybayftw|ethan|1178\n|teamsize|p1|6\n|teamsize|p2|6\n|gen|9\n|tier|[Gen 9] VGC 2023 Regulation E\n|rated|\n|rule|Species Clause: Limit one of each Pok\u00e9mon\n|rule|Item Clause: Limit one of each item\n|clearpoke\n|poke|p1|Urshifu-*, L50, F|\n|poke|p1|Gholdengo, L50|\n|poke|p1|Arcanine, L50, M|\n|poke|p1|Rillaboom, L50, M|\n|poke|p1|Sableye, L50, F|\n|poke|p1|Iron Bundle, L50|\n|poke|p2|Tornadus, L50, M|\n|poke|p2|Urshifu-*, L50, F|\n|poke|p2|Arcanine-Hisui, L50, F|\n|poke|p2|Regidrago, L50|\n|poke|p2|Rillaboom, L50, M|\n|poke|p2|Gholdengo, L50|\n|teampreview|4\n|j| kkeith\n|inactive|Battle timer is ON: inactive players will automatically lose when time's up. (requested by Baybayftw)\n|\n|t:|1700953268\n|start\n|switch|p1a: Iron Bundle|Iron Bundle, L50|100\/100\n|switch|p1b: Sableye|Sableye, L50, F|100\/100\n|switch|p2a: Tornadus|Tornadus, L50, M|100\/100\n|switch|p2b: Rillaboom|Rillaboom, L50, M|100\/100\n|-fieldstart|move: Grassy Terrain|[from] ability: Grassy Surge|[of] p2b: Rillaboom\n|-enditem|p1a: Iron Bundle|Booster Energy\n|-activate|p1a: Iron Bundle|ability: Quark Drive|[fromitem]\n|-start|p1a: Iron Bundle|quarkdrivespe\n|turn|1\n|\n|t:|1700953286\n|move|p2a: Tornadus|Tailwind|p2a: Tornadus\n|-sidestart|p2: Baybayftw|move: Tailwind\n|move|p2b: Rillaboom|Grassy Glide|p1a: Iron Bundle\n|-supereffective|p1a: Iron Bundle\n|-damage|p1a: Iron Bundle|11\/100\n|move|p1b: Sableye|Will-O-Wisp|p2b: Rillaboom\n|-status|p2b: Rillaboom|brn\n|move|p1a: Iron Bundle|Icy Wind|p2b: Rillaboom|[spread] p2a\n|-miss|p1a: Iron Bundle|p2b: Rillaboom\n|-supereffective|p2a: Tornadus\n|-damage|p2a: Tornadus|68\/100\n|-unboost|p2a: Tornadus|spe|1\n|\n|-heal|p1a: Iron Bundle|17\/100|[from] Grassy Terrain\n|-damage|p2b: Rillaboom|95\/100 brn|[from] brn\n|upkeep\n|turn|2\n|\n|t:|1700953310\n|move|p1a: Iron Bundle|Protect|p1a: Iron Bundle\n|-singleturn|p1a: Iron Bundle|Protect\n|move|p2b: Rillaboom|Grassy Glide|p1a: Iron Bundle\n|-activate|p1a: Iron Bundle|move: Protect\n|move|p1b: Sableye|Disable|p2b: Rillaboom\n|-start|p2b: Rillaboom|Disable|Grassy Glide\n|move|p2a: Tornadus|Bleakwind Storm|p1b: Sableye|[spread] p1b\n|-activate|p1a: Iron Bundle|move: Protect\n|-damage|p1b: Sableye|65\/100\n|\n|-heal|p1a: Iron Bundle|23\/100|[from] Grassy Terrain\n|-heal|p2b: Rillaboom|100\/100 brn|[from] Grassy Terrain\n|-heal|p1b: Sableye|71\/100|[from] Grassy Terrain\n|-damage|p2b: Rillaboom|95\/100 brn|[from] brn\n|upkeep\n|turn|3\n|inactive|meesterkrebs has 30 seconds left.\n|\n|t:|1700953335\n|move|p1b: Sableye|Encore|p2b: Rillaboom\n|-start|p2b: Rillaboom|Encore\n|move|p1a: Iron Bundle|Freeze-Dry|p2a: Tornadus\n|-supereffective|p2a: Tornadus\n|-damage|p2a: Tornadus|16\/100\n|-enditem|p2a: Tornadus|Sitrus Berry|[eat]\n|-heal|p2a: Tornadus|40\/100|[from] item: Sitrus Berry\n|cant|p2b: Rillaboom|Disable|Grassy Glide\n|move|p2a: Tornadus|Bleakwind Storm|p1a: Iron Bundle|[spread] \n|-miss|p2a: Tornadus|p1a: Iron Bundle\n|-miss|p2a: Tornadus|p1b: Sableye\n|\n|-heal|p1a: Iron Bundle|29\/100|[from] Grassy Terrain\n|-heal|p2b: Rillaboom|100\/100 brn|[from] Grassy Terrain\n|-heal|p1b: Sableye|77\/100|[from] Grassy Terrain\n|-damage|p2b: Rillaboom|95\/100 brn|[from] brn\n|upkeep\n|turn|4\n|inactive|meesterkrebs has 30 seconds left.\n|inactive|meesterkrebs has 20 seconds left.\n|inactive|meesterkrebs has 15 seconds left.\n|\n|t:|1700953377\n|switch|p2b: Urshifu|Urshifu-Rapid-Strike, L50, F|100\/100\n|switch|p1b: Urshifu|Urshifu-Rapid-Strike, L50, F|100\/100\n|move|p2a: Tornadus|Protect|p2a: Tornadus\n|-singleturn|p2a: Tornadus|Protect\n|move|p1a: Iron Bundle|Freeze-Dry|p2a: Tornadus\n|-activate|p2a: Tornadus|move: Protect\n|\n|-heal|p1a: Iron Bundle|35\/100|[from] Grassy Terrain\n|-sideend|p2: Baybayftw|move: Tailwind\n|upkeep\n|turn|5\n|inactive|meesterkrebs has 30 seconds left.\n|inactive|meesterkrebs has 20 seconds left.\n|inactive|meesterkrebs has 15 seconds left.\n|\n|t:|1700953420\n|-end|p1a: Iron Bundle|Quark Drive|[silent]\n|switch|p1a: Gholdengo|Gholdengo, L50|100\/100\n|move|p1b: Urshifu|Aqua Jet|p2a: Tornadus\n|-damage|p2a: Tornadus|9\/100\n|move|p2a: Tornadus|Tailwind|p2a: Tornadus\n|-sidestart|p2: Baybayftw|move: Tailwind\n|move|p2b: Urshifu|Surging Strikes|p1b: Urshifu\n|-resisted|p1b: Urshifu\n|-crit|p1b: Urshifu\n|-damage|p1b: Urshifu|88\/100\n|-resisted|p1b: Urshifu\n|-crit|p1b: Urshifu\n|-damage|p1b: Urshifu|77\/100\n|-resisted|p1b: Urshifu\n|-crit|p1b: Urshifu\n|-damage|p1b: Urshifu|65\/100\n|-hitcount|p1b: Urshifu|3\n|\n|-heal|p1b: Urshifu|71\/100|[from] Grassy Terrain\n|-fieldend|move: Grassy Terrain\n|upkeep\n|turn|6\n|\n|t:|1700953444\n|move|p1b: Urshifu|Aqua Jet|p2a: Tornadus\n|-damage|p2a: Tornadus|0 fnt\n|faint|p2a: Tornadus\n|move|p2b: Urshifu|U-turn|p1a: Gholdengo\n|-resisted|p1a: Gholdengo\n|-damage|p1a: Gholdengo|95\/100\n|\n|t:|1700953451\n|switch|p2b: Arcanine|Arcanine-Hisui, L50, F, shiny|100\/100|[from] U-turn\n|-ability|p2b: Arcanine|Intimidate|boost\n|-unboost|p1a: Gholdengo|atk|1\n|-unboost|p1b: Urshifu|atk|1\n|move|p1a: Gholdengo|Dazzling Gleam|p2b: Arcanine\n|-resisted|p2b: Arcanine\n|-damage|p2b: Arcanine|85\/100\n|\n|-heal|p1a: Gholdengo|100\/100|[from] item: Leftovers\n|upkeep\n|\n|t:|1700953462\n|switch|p2a: Rillaboom|Rillaboom, L50, M|95\/100 brn\n|-fieldstart|move: Grassy Terrain|[from] ability: Grassy Surge|[of] p2a: Rillaboom\n|turn|7\n|\n|t:|1700953484\n|switch|p1b: Sableye|Sableye, L50, F|77\/100\n|-terastallize|p2b: Arcanine|Water\n|-terastallize|p1a: Gholdengo|Fairy\n|move|p2b: Arcanine|Flare Blitz|p1a: Gholdengo\n|-damage|p1a: Gholdengo|20\/100\n|-damage|p2b: Arcanine|56\/100|[from] Recoil\n|move|p2a: Rillaboom|Wood Hammer|p1b: Sableye\n|-damage|p1b: Sableye|0 fnt\n|faint|p1b: Sableye\n|-damage|p2a: Rillaboom|75\/100 brn|[from] Recoil\n|move|p1a: Gholdengo|Nasty Plot|p1a: Gholdengo\n|-boost|p1a: Gholdengo|spa|2\n|\n|-heal|p2b: Arcanine|63\/100|[from] Grassy Terrain\n|-heal|p2a: Rillaboom|81\/100 brn|[from] Grassy Terrain\n|-heal|p1a: Gholdengo|26\/100|[from] Grassy Terrain\n|-heal|p1a: Gholdengo|32\/100|[from] item: Leftovers\n|-damage|p2a: Rillaboom|75\/100 brn|[from] brn\n|upkeep\n|\n|t:|1700953506\n|switch|p1b: Iron Bundle|Iron Bundle, L50|35\/100\n|turn|8\n|\n|t:|1700953517\n|move|p1b: Iron Bundle|Protect|p1b: Iron Bundle\n|-singleturn|p1b: Iron Bundle|Protect\n|move|p1a: Gholdengo|Protect|p1a: Gholdengo\n|-singleturn|p1a: Gholdengo|Protect\n|move|p2a: Rillaboom|Grassy Glide|p1b: Iron Bundle\n|-activate|p1b: Iron Bundle|move: Protect\n|move|p2b: Arcanine|Flare Blitz|p1a: Gholdengo\n|-activate|p1a: Gholdengo|move: Protect\n|\n|-heal|p2b: Arcanine|69\/100|[from] Grassy Terrain\n|-heal|p2a: Rillaboom|81\/100 brn|[from] Grassy Terrain\n|-heal|p1b: Iron Bundle|42\/100|[from] Grassy Terrain\n|-heal|p1a: Gholdengo|38\/100|[from] Grassy Terrain\n|-heal|p1a: Gholdengo|45\/100|[from] item: Leftovers\n|-damage|p2a: Rillaboom|75\/100 brn|[from] brn\n|-sideend|p2: Baybayftw|move: Tailwind\n|upkeep\n|turn|9\n|inactive|meesterkrebs has 30 seconds left.\n|\n|t:|1700953543\n|move|p2a: Rillaboom|Grassy Glide|p1b: Iron Bundle\n|-supereffective|p1b: Iron Bundle\n|-damage|p1b: Iron Bundle|0 fnt\n|faint|p1b: Iron Bundle\n|-end|p1b: Iron Bundle|Quark Drive|[silent]\n|move|p2b: Arcanine|Flare Blitz|p1a: Gholdengo\n|-damage|p1a: Gholdengo|0 fnt\n|faint|p1a: Gholdengo\n|-damage|p2b: Arcanine|53\/100|[from] Recoil\n|\n|-heal|p2b: Arcanine|59\/100|[from] Grassy Terrain\n|-heal|p2a: Rillaboom|81\/100 brn|[from] Grassy Terrain\n|-damage|p2a: Rillaboom|75\/100 brn|[from] brn\n|upkeep\n|-message|meesterkrebs forfeited.\n|\n|win|Baybayftw\n|raw|meesterkrebs's rating: 1208 &rarr; <strong>1181<\/strong><br \/>(-27 for losing)\n|raw|Baybayftw's rating: 1178 &rarr; <strong>1205<\/strong><br \/>(+27 for winning)\n|l|\u2606Baybayftw\n|l| kkeith\n","uploadtime":1700953572,"views":24,"p1id":"meesterkrebs","p2id":"baybayftw","formatid":"gen9vgc2023regulatione","rating":1181,"private":0,"password":""}