{"id":"gen9vgc2023regulatione-1992797444","p1":"KimiTheWeeb","p2":"Piace","format":"[Gen 9] VGC 2023 Regulation E","log":"|j|\u2606KimiTheWeeb\n|j|\u2606Piace\n|t:|1700236299\n|gametype|doubles\n|player|p1|KimiTheWeeb|maid|1350\n|player|p2|Piace|265|1418\n|teamsize|p1|6\n|teamsize|p2|6\n|gen|9\n|tier|[Gen 9] VGC 2023 Regulation E\n|rated|\n|rule|Species Clause: Limit one of each Pok\u00e9mon\n|rule|Item Clause: Limit one of each item\n|clearpoke\n|poke|p1|Kommo-o, L50, M|\n|poke|p1|Clefairy, L50, F|\n|poke|p1|Arcanine-Hisui, L50, F|\n|poke|p1|Rillaboom, L50, F|\n|poke|p1|Milotic, L50, F|\n|poke|p1|Flutter Mane, L50|\n|poke|p2|Chi-Yu, L50|\n|poke|p2|Tornadus, L50, M|\n|poke|p2|Ogerpon-Hearthflame, L50, F|\n|poke|p2|Landorus-Therian, L50, M|\n|poke|p2|Chien-Pao, L50|\n|poke|p2|Flutter Mane, L50|\n|teampreview|4\n|inactive|Battle timer is ON: inactive players will automatically lose when time's up. (requested by Piace)\n|inactive|Piace has 60 seconds left.\n|\n|t:|1700236340\n|start\n|switch|p1a: Rillaboom|Rillaboom, L50, F|100\/100\n|switch|p1b: Arcanine|Arcanine-Hisui, L50, F|100\/100\n|switch|p2a: Chi-Yu|Chi-Yu, L50|100\/100\n|switch|p2b: Ogerpon|Ogerpon-Hearthflame, L50, F|100\/100\n|-ability|p2b: Ogerpon|Mold Breaker\n|-ability|p2a: Chi-Yu|Beads of Ruin\n|-ability|p1b: Arcanine|Intimidate|boost\n|-unboost|p2a: Chi-Yu|atk|1\n|-unboost|p2b: Ogerpon|atk|1\n|-fieldstart|move: Grassy Terrain|[from] ability: Grassy Surge|[of] p1a: Rillaboom\n|turn|1\n|\n|t:|1700236364\n|switch|p2b: Landorus|Landorus-Therian, L50, M|100\/100\n|-ability|p2b: Landorus|Intimidate|boost\n|-unboost|p1a: Rillaboom|atk|1\n|-unboost|p1b: Arcanine|atk|1\n|switch|p2a: Chien-Pao|Chien-Pao, L50|100\/100\n|-ability|p2a: Chien-Pao|Sword of Ruin\n|-terastallize|p1a: Rillaboom|Fire\n|move|p1b: Arcanine|Rock Slide|p2b: Landorus|[spread] p2a,p2b\n|-supereffective|p2a: Chien-Pao\n|-damage|p2a: Chien-Pao|18\/100\n|-damage|p2b: Landorus|54\/100\n|move|p1a: Rillaboom|Knock Off|p2a: Chien-Pao\n|-resisted|p2a: Chien-Pao\n|-damage|p2a: Chien-Pao|3\/100\n|-enditem|p2a: Chien-Pao|Focus Sash|[from] move: Knock Off|[of] p1a: Rillaboom\n|\n|-heal|p2a: Chien-Pao|9\/100|[from] Grassy Terrain\n|upkeep\n|turn|2\n|inactive|KimiTheWeeb has 30 seconds left.\n|inactive|Piace has 30 seconds left.\n|\n|t:|1700236390\n|switch|p1b: Kommo-o|Kommo-o, L50, M|100\/100\n|switch|p1a: Flutter Mane|Flutter Mane, L50|100\/100\n|-enditem|p1a: Flutter Mane|Booster Energy\n|-activate|p1a: Flutter Mane|ability: Protosynthesis|[fromitem]\n|-start|p1a: Flutter Mane|protosynthesisspe\n|move|p2b: Landorus|Stomping Tantrum|p1b: Kommo-o\n|-damage|p1b: Kommo-o|51\/100\n|move|p2a: Chien-Pao|Sacred Sword|p1a: Flutter Mane\n|-immune|p1a: Flutter Mane\n|\n|-heal|p2a: Chien-Pao|15\/100|[from] Grassy Terrain\n|-heal|p1b: Kommo-o|57\/100|[from] Grassy Terrain\n|-heal|p1b: Kommo-o|63\/100|[from] item: Leftovers\n|upkeep\n|turn|3\n|\n|t:|1700236413\n|move|p1b: Kommo-o|Protect|p1b: Kommo-o\n|-singleturn|p1b: Kommo-o|Protect\n|move|p2a: Chien-Pao|Sucker Punch|p1a: Flutter Mane\n|-damage|p1a: Flutter Mane|30\/100\n|move|p1a: Flutter Mane|Icy Wind|p2b: Landorus|[spread] p2b\n|-miss|p1a: Flutter Mane|p2a: Chien-Pao\n|-supereffective|p2b: Landorus\n|-damage|p2b: Landorus|0 fnt\n|faint|p2b: Landorus\n|\n|-heal|p1a: Flutter Mane|35\/100|[from] Grassy Terrain\n|-heal|p2a: Chien-Pao|20\/100|[from] Grassy Terrain\n|-heal|p1b: Kommo-o|69\/100|[from] Grassy Terrain\n|-heal|p1b: Kommo-o|75\/100|[from] item: Leftovers\n|upkeep\n|\n|t:|1700236422\n|switch|p2b: Chi-Yu|Chi-Yu, L50|100\/100\n|-ability|p2b: Chi-Yu|Beads of Ruin\n|turn|4\n|\n|t:|1700236443\n|move|p1a: Flutter Mane|Protect|p1a: Flutter Mane\n|-singleturn|p1a: Flutter Mane|Protect\n|move|p2a: Chien-Pao|Sacred Sword|p1a: Flutter Mane\n|-activate|p1a: Flutter Mane|move: Protect\n|move|p2b: Chi-Yu|Psychic|p1b: Kommo-o\n|-supereffective|p1b: Kommo-o\n|-damage|p1b: Kommo-o|0 fnt\n|faint|p1b: Kommo-o\n|\n|-heal|p1a: Flutter Mane|41\/100|[from] Grassy Terrain\n|-heal|p2a: Chien-Pao|26\/100|[from] Grassy Terrain\n|upkeep\n|\n|t:|1700236456\n|switch|p1b: Arcanine|Arcanine-Hisui, L50, F|100\/100\n|-ability|p1b: Arcanine|Intimidate|boost\n|-unboost|p2a: Chien-Pao|atk|1\n|-unboost|p2b: Chi-Yu|atk|1\n|turn|5\n|\n|t:|1700236467\n|switch|p2b: Ogerpon|Ogerpon-Hearthflame, L50, F|100\/100\n|-ability|p2b: Ogerpon|Mold Breaker\n|move|p2a: Chien-Pao|Protect|p2a: Chien-Pao\n|-singleturn|p2a: Chien-Pao|Protect\n|move|p1b: Arcanine|Extreme Speed|p2a: Chien-Pao\n|-activate|p2a: Chien-Pao|move: Protect\n|move|p1a: Flutter Mane|Moonblast|p2b: Ogerpon\n|-resisted|p2b: Ogerpon\n|-damage|p2b: Ogerpon|73\/100\n|\n|-heal|p1a: Flutter Mane|47\/100|[from] Grassy Terrain\n|-heal|p2a: Chien-Pao|32\/100|[from] Grassy Terrain\n|-heal|p2b: Ogerpon|79\/100|[from] Grassy Terrain\n|-fieldend|move: Grassy Terrain\n|upkeep\n|turn|6\n|\n|t:|1700236486\n|move|p1a: Flutter Mane|Protect|p1a: Flutter Mane\n|-singleturn|p1a: Flutter Mane|Protect\n|move|p1b: Arcanine|Extreme Speed|p2a: Chien-Pao\n|-damage|p2a: Chien-Pao|0 fnt\n|faint|p2a: Chien-Pao\n|move|p2b: Ogerpon|Wood Hammer|p1b: Arcanine\n|-damage|p1b: Arcanine|13\/100\n|-damage|p2b: Ogerpon|46\/100|[from] Recoil\n|\n|upkeep\n|\n|t:|1700236491\n|switch|p2a: Chi-Yu|Chi-Yu, L50|100\/100\n|-ability|p2a: Chi-Yu|Beads of Ruin\n|turn|7\n|\n|t:|1700236503\n|switch|p1b: Rillaboom|Rillaboom, L50, F, tera:Fire|100\/100\n|-fieldstart|move: Grassy Terrain|[from] ability: Grassy Surge|[of] p1b: Rillaboom\n|move|p2b: Ogerpon|Follow Me|p2b: Ogerpon\n|-singleturn|p2b: Ogerpon|move: Follow Me\n|move|p1a: Flutter Mane|Icy Wind|p2b: Ogerpon|[spread] p2a,p2b\n|-resisted|p2a: Chi-Yu\n|-damage|p2a: Chi-Yu|93\/100\n|-damage|p2b: Ogerpon|22\/100\n|-unboost|p2a: Chi-Yu|spe|1\n|-unboost|p2b: Ogerpon|spe|1\n|move|p2a: Chi-Yu|Dark Pulse|p1a: Flutter Mane\n|-damage|p1a: Flutter Mane|0 fnt\n|faint|p1a: Flutter Mane\n|-end|p1a: Flutter Mane|Protosynthesis|[silent]\n|\n|-heal|p2b: Ogerpon|28\/100|[from] Grassy Terrain\n|-heal|p2a: Chi-Yu|98\/100|[from] Grassy Terrain\n|upkeep\n|\n|t:|1700236521\n|switch|p1a: Arcanine|Arcanine-Hisui, L50, F|13\/100\n|-ability|p1a: Arcanine|Intimidate|boost\n|-unboost|p2a: Chi-Yu|atk|1\n|-unboost|p2b: Ogerpon|atk|1\n|turn|8\n|inactive|KimiTheWeeb has 30 seconds left.\n|\n|t:|1700236549\n|move|p1a: Arcanine|Extreme Speed|p2a: Chi-Yu\n|-damage|p2a: Chi-Yu|33\/100\n|move|p2b: Ogerpon|Ivy Cudgel|p1a: Arcanine|[anim] Ivy Cudgel Fire\n|-resisted|p1a: Arcanine\n|-damage|p1a: Arcanine|2\/100\n|move|p1b: Rillaboom|Knock Off|p2b: Ogerpon\n|-damage|p2b: Ogerpon|0 fnt\n|faint|p2b: Ogerpon\n|move|p2a: Chi-Yu|Dark Pulse|p1b: Rillaboom\n|-damage|p1b: Rillaboom|38\/100\n|\n|-heal|p1a: Arcanine|8\/100|[from] Grassy Terrain\n|-heal|p1b: Rillaboom|44\/100|[from] Grassy Terrain\n|-heal|p2a: Chi-Yu|39\/100|[from] Grassy Terrain\n|upkeep\n|turn|9\n|\n|t:|1700236571\n|move|p1a: Arcanine|Extreme Speed|p2a: Chi-Yu\n|-damage|p2a: Chi-Yu|0 fnt\n|faint|p2a: Chi-Yu\n|\n|win|KimiTheWeeb\n|raw|KimiTheWeeb's rating: 1350 &rarr; <strong>1374<\/strong><br \/>(+24 for winning)\n|raw|Piace's rating: 1418 &rarr; <strong>1394<\/strong><br \/>(-24 for losing)\n|l|\u2606Piace\n","uploadtime":1700236593,"views":29,"p1id":"kimitheweeb","p2id":"piace","formatid":"gen9vgc2023regulatione","rating":1374,"private":0,"password":""}