{"id":"gen9vgc2023regulatione-1993785119","p1":"Longke","p2":"Grassghosttype","format":"[Gen 9] VGC 2023 Regulation E","log":"|j|\u2606Longke\n|j|\u2606Grassghosttype\n|t:|1700356956\n|gametype|doubles\n|player|p1|Longke|hilbert-wonderlauncher|1119\n|player|p2|Grassghosttype|101|1089\n|teamsize|p1|6\n|teamsize|p2|6\n|gen|9\n|tier|[Gen 9] VGC 2023 Regulation E\n|rated|\n|rule|Species Clause: Limit one of each Pok\u00e9mon\n|rule|Item Clause: Limit one of each item\n|clearpoke\n|poke|p1|Baxcalibur, L50, F|\n|poke|p1|Skeledirge, L50, M|\n|poke|p1|Dondozo, L50, F|\n|poke|p1|Pawmot, L50, M|\n|poke|p1|Tatsugiri, L50, F|\n|poke|p1|Great Tusk, L50|\n|poke|p2|Chi-Yu, L50|\n|poke|p2|Baxcalibur, L50, M|\n|poke|p2|Landorus-Therian, L50, M|\n|poke|p2|Ogerpon-Wellspring, L50, F|\n|poke|p2|Garganacl, L50, F|\n|poke|p2|Sinistcha, L50|\n|teampreview|4\n|inactive|Battle timer is ON: inactive players will automatically lose when time's up. (requested by Grassghosttype)\n|inactive|Grassghosttype has 60 seconds left.\n|\n|t:|1700356992\n|start\n|switch|p1a: Skeledirge|Skeledirge, L50, M|100\/100\n|switch|p1b: Pawmot|Pawmot, L50, M|100\/100\n|switch|p2a: Ogerpon|Ogerpon-Wellspring, L50, F|100\/100\n|switch|p2b: Landorus|Landorus-Therian, L50, M|100\/100\n|-ability|p2b: Landorus|Intimidate|boost\n|-unboost|p1a: Skeledirge|atk|1\n|-unboost|p1b: Pawmot|atk|1\n|turn|1\n|inactive|Longke has 30 seconds left.\n|inactive|Longke has 20 seconds left.\n|inactive|Longke has 15 seconds left.\n|\n|t:|1700357033\n|switch|p1a: Dondozo|Dondozo, L50, F|100\/100\n|move|p1b: Pawmot|Fake Out|p2b: Landorus\n|-damage|p2b: Landorus|93\/100\n|move|p2a: Ogerpon|Ivy Cudgel|p1a: Dondozo|[anim] Ivy Cudgel Water\n|-resisted|p1a: Dondozo\n|-damage|p1a: Dondozo|81\/100\n|cant|p2b: Landorus|flinch\n|\n|-heal|p1a: Dondozo|87\/100|[from] item: Leftovers\n|upkeep\n|turn|2\n|inactive|Longke has 30 seconds left.\n|inactive|Longke has 20 seconds left.\n|\n|t:|1700357071\n|-terastallize|p1a: Dondozo|Grass\n|move|p2a: Ogerpon|Horn Leech|p1a: Dondozo\n|-resisted|p1a: Dondozo\n|-damage|p1a: Dondozo|72\/100\n|move|p1b: Pawmot|Double Shock|p2a: Ogerpon\n|-damage|p2a: Ogerpon|42\/100\n|-start|p1b: Pawmot|typechange|???\/Fighting|[from] move: Double Shock\n|move|p2b: Landorus|Stomping Tantrum|p1b: Pawmot\n|-enditem|p1b: Pawmot|Focus Sash\n|-damage|p1b: Pawmot|1\/100\n|move|p1a: Dondozo|Wave Crash|p2b: Landorus\n|-supereffective|p2b: Landorus\n|-damage|p2b: Landorus|0 fnt\n|faint|p2b: Landorus\n|-damage|p1a: Dondozo|53\/100|[from] Recoil\n|\n|-heal|p1a: Dondozo|59\/100|[from] item: Leftovers\n|upkeep\n|\n|t:|1700357088\n|switch|p2b: Sinistcha|Sinistcha, L50|100\/100\n|-heal|p2a: Ogerpon|66\/100|[from] ability: Hospitality|[of] p2b: Sinistcha\n|turn|3\n|inactive|Longke has 30 seconds left.\n|\n|t:|1700357119\n|switch|p1b: Tatsugiri|Tatsugiri, L50, F|100\/100\n|-activate|p1b: Tatsugiri|ability: Commander|[of] p1a: Dondozo\n|-boost|p1a: Dondozo|atk|2\n|-boost|p1a: Dondozo|spa|2\n|-boost|p1a: Dondozo|spe|2\n|-boost|p1a: Dondozo|def|2\n|-boost|p1a: Dondozo|spd|2\n|move|p2a: Ogerpon|Spiky Shield|p2a: Ogerpon\n|-singleturn|p2a: Ogerpon|move: Protect\n|move|p1a: Dondozo|Order Up|p2b: Sinistcha\n|-damage|p2b: Sinistcha|54\/100\n|-boost|p1a: Dondozo|atk|1\n|move|p2b: Sinistcha|Matcha Gotcha|p1b: Tatsugiri|[spread] p1a\n|-miss|p2b: Sinistcha|p1b: Tatsugiri\n|-resisted|p1a: Dondozo\n|-damage|p1a: Dondozo|51\/100\n|-heal|p2b: Sinistcha|61\/100|[from] drain|[of] p1a: Dondozo\n|\n|-heal|p1a: Dondozo|57\/100|[from] item: Leftovers\n|-heal|p2b: Sinistcha|67\/100|[from] item: Leftovers\n|upkeep\n|turn|4\n|inactive|Longke has 30 seconds left.\n|inactive|Grassghosttype has 30 seconds left.\n|inactive|Grassghosttype has 20 seconds left.\n|\n|t:|1700357155\n|-terastallize|p2a: Ogerpon|Water\n|detailschange|p2a: Ogerpon|Ogerpon-Wellspring-Tera, L50, F, tera:Water\n|-ability|p2a: Ogerpon|Embody Aspect (Wellspring)|boost\n|-boost|p2a: Ogerpon|spd|1\n|move|p2a: Ogerpon|Ivy Cudgel|p1a: Dondozo|[anim] Ivy Cudgel Water\n|-resisted|p1a: Dondozo\n|-damage|p1a: Dondozo|44\/100\n|move|p1a: Dondozo|Order Up|p2b: Sinistcha\n|-damage|p2b: Sinistcha|9\/100\n|-boost|p1a: Dondozo|atk|1\n|move|p2b: Sinistcha|Shadow Ball|p1a: Dondozo\n|-damage|p1a: Dondozo|23\/100\n|\n|-heal|p1a: Dondozo|29\/100|[from] item: Leftovers\n|-heal|p2b: Sinistcha|16\/100|[from] item: Leftovers\n|upkeep\n|turn|5\n|inactive|Grassghosttype has 30 seconds left.\n|\n|t:|1700357180\n|move|p2a: Ogerpon|Ivy Cudgel|p1a: Dondozo|[anim] Ivy Cudgel Water\n|-resisted|p1a: Dondozo\n|-damage|p1a: Dondozo|17\/100\n|move|p1a: Dondozo|Order Up|p2a: Ogerpon\n|-damage|p2a: Ogerpon|0 fnt\n|faint|p2a: Ogerpon\n|-boost|p1a: Dondozo|atk|1\n|move|p2b: Sinistcha|Strength Sap|p1a: Dondozo\n|-unboost|p1a: Dondozo|atk|1\n|-heal|p2b: Sinistcha|100\/100\n|\n|-heal|p1a: Dondozo|23\/100|[from] item: Leftovers\n|upkeep\n|\n|t:|1700357192\n|switch|p2a: Garganacl|Garganacl, L50, F|100\/100\n|turn|6\n|\n|t:|1700357208\n|move|p2b: Sinistcha|Rage Powder|p2b: Sinistcha\n|-singleturn|p2b: Sinistcha|move: Rage Powder\n|move|p1a: Dondozo|Wave Crash|p2a: Garganacl\n|-supereffective|p2a: Garganacl\n|-damage|p2a: Garganacl|0 fnt\n|faint|p2a: Garganacl\n|-damage|p1a: Dondozo|0 fnt|[from] Recoil\n|faint|p1a: Dondozo\n|\n|upkeep\n|c|\u2606Grassghosttype|Uh\n|\n|t:|1700357216\n|switch|p1a: Skeledirge|Skeledirge, L50, M|100\/100\n|turn|7\n|c|\u2606Grassghosttype|Rage powder?\n|inactive|Grassghosttype has 30 seconds left.\n|inactive|Grassghosttype has 20 seconds left.\n|\n|t:|1700357254\n|move|p1b: Tatsugiri|Draco Meteor|p2b: Sinistcha\n|-damage|p2b: Sinistcha|21\/100\n|-unboost|p1b: Tatsugiri|spa|2\n|move|p2b: Sinistcha|Shadow Ball|p1a: Skeledirge\n|-supereffective|p1a: Skeledirge\n|-damage|p1a: Skeledirge|41\/100\n|move|p1a: Skeledirge|Torch Song|p2b: Sinistcha\n|-supereffective|p2b: Sinistcha\n|-damage|p2b: Sinistcha|0 fnt\n|-boost|p1a: Skeledirge|spa|1\n|faint|p2b: Sinistcha\n|\n|win|Longke\n|raw|Longke's rating: 1119 &rarr; <strong>1142<\/strong><br \/>(+23 for winning)\n|raw|Grassghosttype's rating: 1089 &rarr; <strong>1068<\/strong><br \/>(-21 for losing)\n","uploadtime":1700357376,"views":13,"p1id":"longke","p2id":"grassghosttype","formatid":"gen9vgc2023regulatione","rating":1068,"private":0,"password":""}