{"id":"gen9vgc2023regulatione-1989695113","p1":"bento_furious","p2":"kricketot marx","format":"[Gen 9] VGC 2023 Regulation E","log":"|j|\u2606bento_furious\n|j|\u2606kricketot marx\n|t:|1699887641\n|gametype|doubles\n|player|p1|bento_furious|2|1294\n|player|p2|kricketot marx|lyra-masters2|1354\n|teamsize|p1|6\n|teamsize|p2|6\n|gen|9\n|tier|[Gen 9] VGC 2023 Regulation E\n|rated|\n|rule|Species Clause: Limit one of each Pok\u00e9mon\n|rule|Item Clause: Limit one of each item\n|clearpoke\n|poke|p1|Weezing, L50, M|\n|poke|p1|Ogerpon-Wellspring, L50, F|\n|poke|p1|Roaring Moon, L50|\n|poke|p1|Flutter Mane, L50|\n|poke|p1|Volcarona, L50, F|\n|poke|p1|Landorus-Therian, L50, M|\n|poke|p2|Chien-Pao, L50|\n|poke|p2|Dragonite, L50, F|\n|poke|p2|Rillaboom, L50, F|\n|poke|p2|Heatran, L50, M|\n|poke|p2|Urshifu-*, L50, F|\n|poke|p2|Farigiraf, L50, F|\n|teampreview|4\n|inactive|Battle timer is ON: inactive players will automatically lose when time's up. (requested by bento_furious)\nkricketot marx has agreed to open team sheets.\n|inactive|bento_furious has 60 seconds left.\n|inactive|kricketot marx has 60 seconds left.\n|inactive|kricketot marx has 30 seconds left.\n|\n|t:|1699887706\n|start\n|switch|p1a: Weezing|Weezing, L50, M|100\/100\n|switch|p1b: Flutter Mane|Flutter Mane, L50|100\/100\n|switch|p2a: Urshifu|Urshifu-Rapid-Strike, L50, F|100\/100\n|switch|p2b: Dragonite|Dragonite, L50, F|100\/100\n|-ability|p1a: Weezing|Neutralizing Gas\n|turn|1\n|inactive|kricketot marx has 30 seconds left.\n|\n|t:|1699887733\n|-terastallize|p2a: Urshifu|Water\n|move|p2a: Urshifu|Surging Strikes|p1b: Flutter Mane\n|-crit|p1b: Flutter Mane\n|-damage|p1b: Flutter Mane|57\/100\n|-crit|p1b: Flutter Mane\n|-damage|p1b: Flutter Mane|14\/100\n|-crit|p1b: Flutter Mane\n|-damage|p1b: Flutter Mane|0 fnt\n|faint|p1b: Flutter Mane\n|-end|p1b: Flutter Mane|Protosynthesis|[silent]\n|-hitcount|p1: Flutter Mane|3\n|move|p2b: Dragonite|Stomping Tantrum|p1a: Weezing\n|-supereffective|p1a: Weezing\n|-enditem|p1a: Weezing|Shuca Berry|[eat]\n|-enditem|p1a: Weezing|Shuca Berry|[weaken]\n|-damage|p1a: Weezing|66\/100\n|move|p1a: Weezing|Will-O-Wisp|p2a: Urshifu\n|-status|p2a: Urshifu|brn\n|\n|-damage|p2a: Urshifu|94\/100 brn|[from] brn\n|upkeep\n|\n|t:|1699887754\n|switch|p1b: Ogerpon|Ogerpon-Wellspring, L50, F|100\/100\n|turn|2\n|\n|t:|1699887776\n|switch|p2a: Rillaboom|Rillaboom, L50, F|100\/100\n|-terastallize|p1b: Ogerpon|Water\n|detailschange|p1b: Ogerpon|Ogerpon-Wellspring-Tera, L50, F, tera:Water\n|move|p1b: Ogerpon|Swords Dance|p1b: Ogerpon\n|-boost|p1b: Ogerpon|atk|2\n|move|p2b: Dragonite|Stomping Tantrum|p1a: Weezing\n|-supereffective|p1a: Weezing\n|-damage|p1a: Weezing|0 fnt\n|faint|p1a: Weezing\n|-end|p1a: Weezing|ability: Neutralizing Gas\n|-ability|p1b: Ogerpon|Embody Aspect (Wellspring)|boost\n|-boost|p1b: Ogerpon|spd|1\n|-fieldstart|move: Grassy Terrain|[from] ability: Grassy Surge|[of] p2a: Rillaboom\n|\n|upkeep\n|\n|t:|1699887786\n|switch|p1a: Landorus|Landorus-Therian, L50, M|100\/100\n|-ability|p1a: Landorus|Intimidate|boost\n|-unboost|p2a: Rillaboom|atk|1\n|-fail|p2b: Dragonite|unboost|Attack|[from] ability: Inner Focus|[of] p2b: Dragonite\n|turn|3\n|\n|t:|1699887806\n|switch|p2b: Heatran|Heatran, L50, M|100\/100\n|switch|p2a: Urshifu|Urshifu-Rapid-Strike, L50, F, tera:Water|94\/100 brn\n|move|p1a: Landorus|Rock Slide|p2a: Urshifu|[spread] p2a,p2b\n|-damage|p2a: Urshifu|70\/100 brn\n|-damage|p2b: Heatran|82\/100\n|move|p1b: Ogerpon|Ivy Cudgel|p2a: Urshifu\n|-resisted|p2a: Urshifu\n|-damage|p2a: Urshifu|0 fnt\n|faint|p2a: Urshifu\n|\n|-heal|p2b: Heatran|88\/100|[from] Grassy Terrain\n|upkeep\n|\n|t:|1699887826\n|switch|p2a: Rillaboom|Rillaboom, L50, F|100\/100\n|turn|4\n|\n|t:|1699887833\n|move|p1b: Ogerpon|Spiky Shield|p1b: Ogerpon\n|-singleturn|p1b: Ogerpon|move: Protect\n|move|p2a: Rillaboom|Fake Out|p1b: Ogerpon\n|-activate|p1b: Ogerpon|move: Protect\n|-damage|p2a: Rillaboom|88\/100|[from] Spiky Shield|[of] p1b: Ogerpon\n|move|p1a: Landorus|Rock Slide|p2a: Rillaboom|[spread] p2a,p2b\n|-damage|p2a: Rillaboom|70\/100\n|-damage|p2b: Heatran|69\/100\n|move|p2b: Heatran|Flash Cannon|p1a: Landorus\n|-damage|p1a: Landorus|51\/100\n|\n|-heal|p2b: Heatran|75\/100|[from] Grassy Terrain\n|-heal|p2a: Rillaboom|77\/100|[from] Grassy Terrain\n|upkeep\n|turn|5\n|inactive|kricketot marx has 30 seconds left.\n|\n|t:|1699887864\n|move|p2a: Rillaboom|Protect|p2a: Rillaboom\n|-singleturn|p2a: Rillaboom|Protect\n|move|p1a: Landorus|Rock Slide|p2b: Heatran|[spread] p2b\n|-activate|p2a: Rillaboom|move: Protect\n|-damage|p2b: Heatran|56\/100\n|move|p1b: Ogerpon|Ivy Cudgel|p2a: Rillaboom\n|-activate|p2a: Rillaboom|move: Protect\n|move|p2b: Heatran|Flash Cannon|p1a: Landorus\n|-damage|p1a: Landorus|0 fnt\n|faint|p1a: Landorus\n|\n|-heal|p2b: Heatran|62\/100|[from] Grassy Terrain\n|-heal|p2a: Rillaboom|83\/100|[from] Grassy Terrain\n|upkeep\n|turn|6\n|\n|t:|1699887886\n|switch|p2a: Dragonite|Dragonite, L50, F|100\/100\n|move|p1b: Ogerpon|Spiky Shield|p1b: Ogerpon\n|-singleturn|p1b: Ogerpon|move: Protect\n|move|p2b: Heatran|Earth Power|p1b: Ogerpon\n|-activate|p1b: Ogerpon|move: Protect\n|\n|-heal|p2b: Heatran|69\/100|[from] Grassy Terrain\n|-fieldend|move: Grassy Terrain\n|upkeep\n|turn|7\n|\n|t:|1699887896\n|move|p1b: Ogerpon|Ivy Cudgel|p2a: Dragonite\n|-resisted|p2a: Dragonite\n|-damage|p2a: Dragonite|29\/100\n|move|p2a: Dragonite|Outrage|p1b: Ogerpon\n|-damage|p1b: Ogerpon|3\/100\n|move|p2b: Heatran|Earth Power|p1b: Ogerpon\n|-damage|p1b: Ogerpon|0 fnt\n|faint|p1b: Ogerpon\n|\n|win|kricketot marx\n|raw|bento_furious's rating: 1294 &rarr; <strong>1273<\/strong><br \/>(-21 for losing)\n|raw|kricketot marx's rating: 1354 &rarr; <strong>1371<\/strong><br \/>(+17 for winning)\n","uploadtime":1699887907,"views":22,"p1id":"bentofurious","p2id":"kricketotmarx","formatid":"gen9vgc2023regulatione","rating":1273,"private":0,"password":""}