{"id":"gen9vgc2023regulatione-1993021573","p1":"finiro","p2":"SuspiciousGoober76","format":"[Gen 9] VGC 2023 Regulation E","log":"|j|\u2606finiro\n|j|\u2606SuspiciousGoober76\n|t:|1700256283\n|gametype|doubles\n|player|p1|finiro|gambler|\n|player|p2|SuspiciousGoober76|galacticgrunt|\n|teamsize|p1|6\n|teamsize|p2|6\n|gen|9\n|tier|[Gen 9] VGC 2023 Regulation E\n|rule|Species Clause: Limit one of each Pok\u00e9mon\n|rule|Item Clause: Limit one of each item\n|clearpoke\n|poke|p1|Avalugg-Hisui, L50, M|\n|poke|p1|Ogerpon-Cornerstone, L50, F|\n|poke|p1|Clefairy, L50, M|\n|poke|p1|Slowking, L50, M|\n|poke|p1|Grimmsnarl, L50, M|\n|poke|p1|Volcarona, L50, M|\n|poke|p2|Lilligant, L50, F|\n|poke|p2|Torkoal, L50, F|\n|poke|p2|Conkeldurr, L50, F|\n|poke|p2|Farigiraf, L50, M|\n|poke|p2|Iron Hands, L50|\n|poke|p2|Dusknoir, L50, M|\n|teampreview|4\n|j| F3athers\n|j| Jstardude\n|n| F3athers|f3athers\n|c| F3athers|oh why didnt you guys use the b03 mode\n|j| Stryke Out\n|c|\u2606SuspiciousGoober76|i thought i did but it just didn\u2019t ig\n|c|\u2606SuspiciousGoober76|i verbally said that is the only way i lose thos\n|\n|t:|1700256375\n|start\n|switch|p1a: Clefairy|Clefairy, L50, M|100\/100\n|switch|p1b: Slowking|Slowking, L50, M|100\/100\n|switch|p2a: Conkeldurr|Conkeldurr, L50, F|100\/100\n|switch|p2b: Farigiraf|Farigiraf, L50, M|100\/100\n|turn|1\n|c|\u2606SuspiciousGoober76|and then it happened\n|\n|t:|1700256393\n|move|p1a: Clefairy|Follow Me|p1a: Clefairy\n|-singleturn|p1a: Clefairy|move: Follow Me\n|move|p1b: Slowking|Imprison|p1b: Slowking\n|-start|p1b: Slowking|move: Imprison\n|cant|p2b: Farigiraf|move: Imprison|Imprison\n|move|p2a: Conkeldurr|Rock Slide|p1b: Slowking|[spread] p1a,p1b\n|-damage|p1a: Clefairy|84\/100\n|-damage|p1b: Slowking|84\/100\n|\n|upkeep\n|turn|2\n|j| revognillaf\n|\n|t:|1700256413\n|switch|p2b: Brutus|Lilligant, L50, F|100\/100\n|switch|p2a: Iron Hands|Iron Hands, L50|100\/100\n|move|p1b: Slowking|Psychic|p2a: Iron Hands\n|-supereffective|p2a: Iron Hands\n|-damage|p2a: Iron Hands|62\/100\n|-unboost|p2a: Iron Hands|spd|1\n|move|p1a: Clefairy|Life Dew|p1a: Clefairy|[spread] p1a,p1b\n|-heal|p1a: Clefairy|100\/100\n|-heal|p1b: Slowking|100\/100\n|\n|upkeep\n|turn|3\n|\n|t:|1700256431\n|-terastallize|p1b: Slowking|Grass\n|move|p1a: Clefairy|Helping Hand|p1b: Slowking\n|-singleturn|p1b: Slowking|Helping Hand|[of] p1a: Clefairy\n|move|p2b: Brutus|Sleep Powder|p1a: Clefairy\n|-status|p1a: Clefairy|slp|[from] move: Sleep Powder\n|move|p1b: Slowking|Psychic|p2a: Iron Hands\n|-supereffective|p2a: Iron Hands\n|-damage|p2a: Iron Hands|0 fnt\n|faint|p2a: Iron Hands\n|-end|p2a: Iron Hands|Quark Drive|[silent]\n|\n|upkeep\n|\n|t:|1700256443\n|switch|p2a: Conkeldurr|Conkeldurr, L50, F|100\/100\n|turn|4\n|\n|t:|1700256470\n|-terastallize|p2a: Conkeldurr|Fire\n|move|p2b: Brutus|Protect|p2b: Brutus\n|-singleturn|p2b: Brutus|Protect\n|cant|p1a: Clefairy|slp\n|move|p1b: Slowking|Psychic|p2a: Conkeldurr\n|-damage|p2a: Conkeldurr|63\/100\n|move|p2a: Conkeldurr|Drain Punch|p1b: Slowking\n|-damage|p1b: Slowking|66\/100\n|-heal|p2a: Conkeldurr|80\/100|[from] drain|[of] p1b: Slowking\n|\n|upkeep\n|turn|5\n|\n|t:|1700256498\n|switch|p2a: Farigiraf|Farigiraf, L50, M|100\/100\n|move|p2b: Brutus|Solar Beam||[still]\n|-prepare|p2b: Brutus|Solar Beam\n|move|p1b: Slowking|Chilly Reception|p1b: Slowking\n|-weather|Snow\n|\n|t:|1700256511\n|switch|p1b: Ogerpon|Ogerpon-Cornerstone, L50, F|100\/100|[from] Chilly Reception\n|cant|p1a: Clefairy|slp\n|\n|-weather|Snow|[upkeep]\n|upkeep\n|turn|6\n|\n|t:|1700256533\n|cant|p1a: Clefairy|slp\n|move|p2b: Brutus|Solar Beam|p1a: Clefairy|[from]lockedmove\n|-damage|p1a: Clefairy|80\/100 slp\n|move|p1b: Ogerpon|U-turn|p2a: Farigiraf\n|-supereffective|p2a: Farigiraf\n|-damage|p2a: Farigiraf|53\/100\n|-damage|p1b: Ogerpon|84\/100|[from] item: Rocky Helmet|[of] p2a: Farigiraf\n|l| Stryke Out\n|\n|t:|1700256546\n|switch|p1b: Slowking|Slowking, L50, M, tera:Grass|66\/100|[from] U-turn\n|move|p2a: Farigiraf|Trick Room|p2a: Farigiraf\n|-fieldstart|move: Trick Room|[of] p2a: Farigiraf\n|\n|-weather|Snow|[upkeep]\n|upkeep\n|turn|7\n|\n|t:|1700256557\n|switch|p2b: Conkeldurr|Conkeldurr, L50, F, tera:Fire|80\/100\n|move|p2a: Farigiraf|Ally Switch|p2a: Farigiraf\n|swap|p2a: Farigiraf|1|[from] move: Ally Switch\n|-curestatus|p1a: Clefairy|slp|[msg]\n|move|p1a: Clefairy|Life Dew|p1a: Clefairy|[spread] p1a,p1b\n|-heal|p1a: Clefairy|100\/100\n|-heal|p1b: Slowking|91\/100\n|move|p1b: Slowking|Trick Room|p1b: Slowking\n|-fieldend|move: Trick Room\n|\n|-weather|Snow|[upkeep]\n|upkeep\n|turn|8\n|\n|t:|1700256577\n|switch|p1b: Ogerpon|Ogerpon-Cornerstone, L50, F|84\/100\n|move|p1a: Clefairy|Follow Me|p1a: Clefairy\n|-singleturn|p1a: Clefairy|move: Follow Me\n|move|p2b: Farigiraf|Imprison|p2b: Farigiraf\n|-start|p2b: Farigiraf|move: Imprison\n|move|p2a: Conkeldurr|Drain Punch|p1a: Clefairy\n|-resisted|p1a: Clefairy\n|-damage|p1a: Clefairy|84\/100\n|-heal|p2a: Conkeldurr|87\/100|[from] drain|[of] p1a: Clefairy\n|\n|-weather|Snow|[upkeep]\n|upkeep\n|turn|9\n|j| Stryke Out\n|\n|t:|1700256599\n|move|p2b: Farigiraf|Ally Switch|p2b: Farigiraf\n|swap|p2b: Farigiraf|0|[from] move: Ally Switch\n|move|p1a: Clefairy|Follow Me|p1a: Clefairy\n|-singleturn|p1a: Clefairy|move: Follow Me\n|move|p1b: Ogerpon|Ivy Cudgel|p2a: Farigiraf|[anim] Ivy Cudgel Rock\n|-crit|p2a: Farigiraf\n|-damage|p2a: Farigiraf|0 fnt\n|faint|p2a: Farigiraf\n|move|p2b: Conkeldurr|Drain Punch|p1a: Clefairy\n|-resisted|p1a: Clefairy\n|-damage|p1a: Clefairy|67\/100\n|-heal|p2b: Conkeldurr|94\/100|[from] drain|[of] p1a: Clefairy\n|\n|-weather|none\n|upkeep\n|\n|t:|1700256606\n|switch|p2a: Brutus|Lilligant, L50, F|100\/100\n|turn|10\n|c| Jstardude|woah new animation\n|\n|t:|1700256621\n|move|p2b: Conkeldurr|Protect|p2b: Conkeldurr\n|-singleturn|p2b: Conkeldurr|Protect\n|move|p1a: Clefairy|Follow Me|p1a: Clefairy\n|-singleturn|p1a: Clefairy|move: Follow Me\n|move|p2a: Brutus|Sleep Powder|p1a: Clefairy|[miss]\n|-miss|p2a: Brutus|p1a: Clefairy\n|move|p1b: Ogerpon|Ivy Cudgel|p2a: Brutus|[anim] Ivy Cudgel Rock\n|-damage|p2a: Brutus|24\/100\n|\n|upkeep\n|turn|11\n|c| F3athers|yea they updated all the cudgels\n|\n|t:|1700256640\n|move|p2a: Brutus|Protect|p2a: Brutus\n|-singleturn|p2a: Brutus|Protect\n|move|p1a: Clefairy|Follow Me|p1a: Clefairy\n|-singleturn|p1a: Clefairy|move: Follow Me\n|move|p1b: Ogerpon|Ivy Cudgel|p2a: Brutus|[anim] Ivy Cudgel Rock\n|-activate|p2a: Brutus|move: Protect\n|move|p2b: Conkeldurr|Drain Punch|p1a: Clefairy\n|-resisted|p1a: Clefairy\n|-damage|p1a: Clefairy|49\/100\n|-heal|p2b: Conkeldurr|100\/100|[from] drain|[of] p1a: Clefairy\n|\n|upkeep\n|turn|12\n|\n|t:|1700256650\n|move|p1a: Clefairy|Follow Me|p1a: Clefairy\n|-singleturn|p1a: Clefairy|move: Follow Me\n|move|p2a: Brutus|Sleep Powder|p1a: Clefairy\n|-status|p1a: Clefairy|slp|[from] move: Sleep Powder\n|move|p1b: Ogerpon|Ivy Cudgel|p2a: Brutus|[anim] Ivy Cudgel Rock\n|-damage|p2a: Brutus|0 fnt\n|faint|p2a: Brutus\n|move|p2b: Conkeldurr|Drain Punch|p1a: Clefairy\n|-resisted|p1a: Clefairy\n|-damage|p1a: Clefairy|33\/100 slp\n|\n|upkeep\n|turn|13\n|\n|t:|1700256667\n|cant|p1a: Clefairy|slp\n|move|p1b: Ogerpon|U-turn|p2b: Conkeldurr\n|-resisted|p2b: Conkeldurr\n|-damage|p2b: Conkeldurr|87\/100\n|\n|t:|1700256672\n|switch|p1b: Grimmsnarl|Grimmsnarl, L50, M|100\/100|[from] U-turn\n|move|p2b: Conkeldurr|Drain Punch|p1b: Grimmsnarl\n|-damage|p1b: Grimmsnarl|57\/100\n|-heal|p2b: Conkeldurr|100\/100|[from] drain|[of] p1b: Grimmsnarl\n|\n|upkeep\n|turn|14\n|\n|t:|1700256682\n|move|p1b: Grimmsnarl|Reflect|p1b: Grimmsnarl\n|-sidestart|p1: finiro|Reflect\n|-curestatus|p1a: Clefairy|slp|[msg]\n|move|p1a: Clefairy|Life Dew|p1a: Clefairy|[spread] p1a,p1b\n|-heal|p1a: Clefairy|58\/100\n|-heal|p1b: Grimmsnarl|82\/100\n|move|p2b: Conkeldurr|Rock Slide|p1a: Clefairy|[spread] p1a,p1b\n|-damage|p1a: Clefairy|46\/100\n|-damage|p1b: Grimmsnarl|67\/100\n|\n|upkeep\n|turn|15\n|\n|t:|1700256696\n|move|p1b: Grimmsnarl|Bulk Up|p1b: Grimmsnarl\n|-boost|p1b: Grimmsnarl|atk|1\n|-boost|p1b: Grimmsnarl|def|1\n|-enditem|p2b: Conkeldurr|Mirror Herb\n|-boost|p2b: Conkeldurr|atk|1|[from] item: Mirror Herb\n|-boost|p2b: Conkeldurr|def|1|[from] item: Mirror Herb\n|move|p1a: Clefairy|Life Dew|p1a: Clefairy|[spread] p1a,p1b\n|-heal|p1a: Clefairy|71\/100\n|-heal|p1b: Grimmsnarl|92\/100\n|move|p2b: Conkeldurr|Drain Punch|p1b: Grimmsnarl\n|-damage|p1b: Grimmsnarl|65\/100\n|\n|upkeep\n|turn|16\n|c|\u2606finiro|tech\n|\n|t:|1700256710\n|move|p1b: Grimmsnarl|Bulk Up|p1b: Grimmsnarl\n|-boost|p1b: Grimmsnarl|atk|1\n|-boost|p1b: Grimmsnarl|def|1\n|move|p1a: Clefairy|Life Dew|p1a: Clefairy|[spread] p1a,p1b\n|-heal|p1a: Clefairy|95\/100\n|-heal|p1b: Grimmsnarl|90\/100\n|move|p2b: Conkeldurr|Drain Punch|p1b: Grimmsnarl\n|-damage|p1b: Grimmsnarl|68\/100\n|\n|upkeep\n|turn|17\n|\n|t:|1700256724\n|move|p1b: Grimmsnarl|Bulk Up|p1b: Grimmsnarl\n|-boost|p1b: Grimmsnarl|atk|1\n|-boost|p1b: Grimmsnarl|def|1\n|move|p1a: Clefairy|Life Dew|p1a: Clefairy|[spread] p1a,p1b\n|-heal|p1a: Clefairy|100\/100\n|-heal|p1b: Grimmsnarl|93\/100\n|move|p2b: Conkeldurr|Drain Punch|p1b: Grimmsnarl\n|-damage|p1b: Grimmsnarl|76\/100\n|\n|upkeep\n|turn|18\n|\n|t:|1700256736\n|move|p1a: Clefairy|Helping Hand|p1b: Grimmsnarl\n|-singleturn|p1b: Grimmsnarl|Helping Hand|[of] p1a: Clefairy\n|move|p1b: Grimmsnarl|False Surrender|p2b: Conkeldurr\n|-damage|p2b: Conkeldurr|1\/100\n|move|p2b: Conkeldurr|Rock Slide|p1b: Grimmsnarl|[spread] p1a,p1b\n|-damage|p1a: Clefairy|83\/100\n|-damage|p1b: Grimmsnarl|67\/100\n|\n|-sideend|p1: finiro|Reflect\n|upkeep\n|turn|19\n|c|\u2606SuspiciousGoober76|fucking kill me\n|\n|t:|1700256746\n|move|p1a: Clefairy|Helping Hand|p1b: Grimmsnarl\n|-singleturn|p1b: Grimmsnarl|Helping Hand|[of] p1a: Clefairy\n|move|p1b: Grimmsnarl|False Surrender|p2b: Conkeldurr\n|-damage|p2b: Conkeldurr|0 fnt\n|faint|p2b: Conkeldurr\n|\n|win|finiro\n|c|\u2606finiro|ggs\n|c|\u2606SuspiciousGoober76|gg\n|l| Stryke Out\n|l| Jstardude\n|l|\u2606SuspiciousGoober76\n|l|\u2606finiro\n|j| jayballester\n","uploadtime":1700256864,"views":37,"p1id":"finiro","p2id":"suspiciousgoober76","formatid":"gen9vgc2023regulatione","rating":0,"private":0,"password":""}