{"id":"gen9vgc2023regulatione-1995229850","p1":"Cat010","p2":"thrushery2","format":"[Gen 9] VGC 2023 Regulation E","log":"|j|\u2606Cat010\n|j|\u2606thrushery2\n|t:|1700537404\n|gametype|doubles\n|player|p1|Cat010|anabel|1021\n|player|p2|thrushery2|hilbert|1066\n|teamsize|p1|6\n|teamsize|p2|6\n|gen|9\n|tier|[Gen 9] VGC 2023 Regulation E\n|rated|\n|rule|Species Clause: Limit one of each Pok\u00e9mon\n|rule|Item Clause: Limit one of each item\n|clearpoke\n|poke|p1|Tornadus, L50, M|\n|poke|p1|Gliscor, L50, F|\n|poke|p1|Gholdengo, L50|\n|poke|p1|Clefable, L50, F|\n|poke|p1|Glimmora, L50, F|\n|poke|p1|Dragonite, L50, F|\n|poke|p2|Regieleki, L50|\n|poke|p2|Chi-Yu, L50|\n|poke|p2|Tornadus, L50, M|\n|poke|p2|Indeedee-F, L50, F|\n|poke|p2|Ogerpon-Wellspring, L50, F|\n|poke|p2|Flutter Mane, L50|\n|teampreview|4\nthrushery2 has agreed to open team sheets.\nCat010 has agreed to open team sheets.\n|\n|t:|1700537469\n|start\n|switch|p1a: Tornadus|Tornadus, L50, M|100\/100\n|switch|p1b: Gliscor|Gliscor, L50, F|100\/100\n|switch|p2a: Tornadus|Tornadus, L50, M|100\/100\n|switch|p2b: Regieleki|Regieleki, L50|100\/100\n|turn|1\n|\n|t:|1700537499\n|-terastallize|p2b: Regieleki|Ice\n|move|p2a: Tornadus|Tailwind|p2a: Tornadus\n|-sidestart|p2: thrushery2|move: Tailwind\n|move|p1a: Tornadus|Tailwind|p1a: Tornadus\n|-sidestart|p1: Cat010|move: Tailwind\n|move|p2b: Regieleki|Tera Blast|p1b: Gliscor|[anim] Tera Blast Ice\n|-supereffective|p1b: Gliscor\n|-damage|p1b: Gliscor|0 fnt\n|faint|p1b: Gliscor\n|\n|upkeep\n|\n|t:|1700537507\n|switch|p1b: Gholdengo|Gholdengo, L50|100\/100\n|turn|2\n|\n|t:|1700537537\n|move|p1a: Tornadus|Protect|p1a: Tornadus\n|-singleturn|p1a: Tornadus|Protect\n|move|p2b: Regieleki|Thunderbolt|p1b: Gholdengo\n|-damage|p1b: Gholdengo|23\/100\n|-status|p1b: Gholdengo|par\n|move|p2a: Tornadus|Bleakwind Storm|p1b: Gholdengo|[spread] p1b\n|-activate|p1a: Tornadus|move: Protect\n|-resisted|p1b: Gholdengo\n|-damage|p1b: Gholdengo|4\/100 par\n|-unboost|p1b: Gholdengo|spe|1\n|move|p1b: Gholdengo|Nasty Plot|p1b: Gholdengo\n|-boost|p1b: Gholdengo|spa|2\n|\n|upkeep\n|turn|3\n|\n|t:|1700537553\n|move|p2b: Regieleki|Electroweb|p1a: Tornadus|[spread] p1a,p1b\n|-supereffective|p1a: Tornadus\n|-damage|p1a: Tornadus|51\/100\n|-damage|p1b: Gholdengo|0 fnt\n|-unboost|p1a: Tornadus|spe|1\n|faint|p1b: Gholdengo\n|move|p2a: Tornadus|Bleakwind Storm|p1a: Tornadus\n|-damage|p1a: Tornadus|20\/100\n|move|p1a: Tornadus|Bleakwind Storm|p2a: Tornadus|[spread] p2b\n|-miss|p1a: Tornadus|p2a: Tornadus\n|-damage|p2b: Regieleki|39\/100\n|\n|upkeep\n|\n|t:|1700537556\n|switch|p1b: Dragonite|Dragonite, L50, F|100\/100\n|turn|4\n|\n|t:|1700537585\n|switch|p2a: Indeedee|Indeedee-F, L50, F|100\/100\n|-fieldstart|move: Psychic Terrain|[from] ability: Psychic Surge|[of] p2a: Indeedee\n|-enditem|p2a: Indeedee|Psychic Seed\n|-boost|p2a: Indeedee|spd|1|[from] item: Psychic Seed\n|move|p1a: Tornadus|Protect|p1a: Tornadus\n|-singleturn|p1a: Tornadus|Protect\n|move|p2b: Regieleki|Tera Blast|p1b: Dragonite|[anim] Tera Blast Ice\n|-supereffective|p1b: Dragonite\n|-damage|p1b: Dragonite|55\/100\n|move|p1b: Dragonite|Ice Punch|p2a: Indeedee\n|-damage|p2a: Indeedee|72\/100\n|\n|-sideend|p1: Cat010|move: Tailwind\n|-sideend|p2: thrushery2|move: Tailwind\n|upkeep\n|turn|5\n|\n|t:|1700537604\n|move|p2a: Indeedee|Follow Me|p2a: Indeedee\n|-singleturn|p2a: Indeedee|move: Follow Me\n|move|p1a: Tornadus|Tailwind|p1a: Tornadus\n|-sidestart|p1: Cat010|move: Tailwind\n|move|p2b: Regieleki|Thunderbolt|p1b: Dragonite\n|-damage|p1b: Dragonite|16\/100\n|move|p1b: Dragonite|Dragon Claw|p2a: Indeedee\n|-damage|p2a: Indeedee|24\/100\n|\n|upkeep\n|turn|6\n|\n|t:|1700537617\n|move|p2a: Indeedee|Follow Me|p2a: Indeedee\n|-singleturn|p2a: Indeedee|move: Follow Me\n|move|p2b: Regieleki|Electroweb|p1a: Tornadus|[spread] p1a,p1b\n|-supereffective|p1a: Tornadus\n|-crit|p1a: Tornadus\n|-damage|p1a: Tornadus|0 fnt\n|-damage|p1b: Dragonite|0 fnt\n|faint|p1a: Tornadus\n|faint|p1b: Dragonite\n|\n|win|thrushery2\n|raw|Cat010's rating: 1021 &rarr; <strong>1010<\/strong><br \/>(-11 for losing)\n|raw|thrushery2's rating: 1066 &rarr; <strong>1092<\/strong><br \/>(+26 for winning)\n|l|\u2606Cat010\n|c|\u2606thrushery2|gg\n","uploadtime":1700537629,"views":4,"p1id":"cat010","p2id":"thrushery2","formatid":"gen9vgc2023regulatione","rating":1010,"private":0,"password":""}