{"id":"gen9vgc2023regulatione-1991566980","p1":"massx_01","p2":"Xyzkun","format":"[Gen 9] VGC 2023 Regulation E","log":"|j|\u2606massx_01\n|j|\u2606Xyzkun\n|t:|1700089123\n|gametype|doubles\n|player|p1|massx_01|bruno|1183\n|player|p2|Xyzkun|iris-gen5bw2|1225\n|teamsize|p1|6\n|teamsize|p2|6\n|gen|9\n|tier|[Gen 9] VGC 2023 Regulation E\n|rated|\n|rule|Species Clause: Limit one of each Pok\u00e9mon\n|rule|Item Clause: Limit one of each item\n|clearpoke\n|poke|p1|Clefairy, L50, F|\n|poke|p1|Sneasler, L50, M|\n|poke|p1|Indeedee-F, L50, F|\n|poke|p1|Armarouge, L50, F|\n|poke|p1|Iron Bundle, L50|\n|poke|p1|Ogerpon, L50, F|\n|poke|p2|Iron Hands, L50|\n|poke|p2|Landorus-Therian, L50, M|\n|poke|p2|Flutter Mane, L50|\n|poke|p2|Chien-Pao, L50|\n|poke|p2|Sinistcha, L50|\n|poke|p2|Ogerpon-Hearthflame, L50, F|\n|teampreview|4\n|inactive|Battle timer is ON: inactive players will automatically lose when time's up. (requested by Xyzkun)\n|inactive|massx_01 has 60 seconds left.\n|inactive|Xyzkun has 60 seconds left.\n|\n|t:|1700089166\n|start\n|switch|p1a: Indeedee|Indeedee-F, L50, F|100\/100\n|switch|p1b: Armarouge|Armarouge, L50, F|100\/100\n|switch|p2a: Iron Hands|Iron Hands, L50|100\/100\n|switch|p2b: Flutter Mane|Flutter Mane, L50|100\/100\n|-fieldstart|move: Psychic Terrain|[from] ability: Psychic Surge|[of] p1a: Indeedee\n|turn|1\n|inactive|massx_01 has 30 seconds left.\n|inactive|Xyzkun has 30 seconds left.\n|inactive|massx_01 has 20 seconds left.\n|inactive|massx_01 has 15 seconds left.\n|inactive|massx_01 has 10 seconds left.\n|\n|t:|1700089211\n|-end|p2a: Iron Hands|Quark Drive|[silent]\n|switch|p2a: Chien-Pao|Chien-Pao, L50|100\/100\n|-ability|p2a: Chien-Pao|Sword of Ruin\n|-terastallize|p1b: Armarouge|Grass\n|move|p2b: Flutter Mane|Protect|p2b: Flutter Mane\n|-singleturn|p2b: Flutter Mane|Protect\n|move|p1a: Indeedee|Calm Mind|p1a: Indeedee\n|-boost|p1a: Indeedee|spa|1\n|-boost|p1a: Indeedee|spd|1\n|move|p1b: Armarouge|Expanding Force|p2a: Chien-Pao|[spread] \n|-activate|p2b: Flutter Mane|move: Protect\n|-immune|p2a: Chien-Pao\n|\n|upkeep\n|turn|2\n|inactive|Xyzkun has 30 seconds left.\n|inactive|Xyzkun has 20 seconds left.\n|\n|t:|1700089249\n|-terastallize|p2b: Flutter Mane|Steel\n|move|p1b: Armarouge|Endure|p1b: Armarouge\n|-singleturn|p1b: Armarouge|move: Endure\n|move|p2a: Chien-Pao|Ice Spinner|p1a: Indeedee\n|-damage|p1a: Indeedee|9\/100\n|-fieldend|move: Psychic Terrain\n|move|p2b: Flutter Mane|Shadow Ball|p1b: Armarouge\n|-damage|p1b: Armarouge|53\/100\n|move|p1a: Indeedee|Dazzling Gleam|p2a: Chien-Pao|[spread] p2a,p2b\n|-supereffective|p2a: Chien-Pao\n|-resisted|p2b: Flutter Mane\n|-damage|p2a: Chien-Pao|15\/100\n|-damage|p2b: Flutter Mane|89\/100\n|\n|-heal|p2b: Flutter Mane|95\/100|[from] item: Leftovers\n|-heal|p1a: Indeedee|16\/100|[from] item: Leftovers\n|upkeep\n|turn|3\n|inactive|massx_01 has 30 seconds left.\n|inactive|Xyzkun has 30 seconds left.\n|inactive|massx_01 has 20 seconds left.\n|inactive|massx_01 has 15 seconds left.\n|\n|t:|1700089291\n|switch|p1a: Iron Bundle|Iron Bundle, L50|100\/100\n|-enditem|p1a: Iron Bundle|Booster Energy\n|-activate|p1a: Iron Bundle|ability: Quark Drive|[fromitem]\n|-start|p1a: Iron Bundle|quarkdrivespa\n|move|p2a: Chien-Pao|Ice Spinner|p1b: Armarouge\n|-supereffective|p1b: Armarouge\n|-damage|p1b: Armarouge|0 fnt\n|faint|p1b: Armarouge\n|move|p2b: Flutter Mane|Dazzling Gleam|p1a: Iron Bundle\n|-damage|p1a: Iron Bundle|20\/100\n|\n|-heal|p2b: Flutter Mane|100\/100|[from] item: Leftovers\n|upkeep\n|\n|t:|1700089307\n|switch|p1b: Indeedee|Indeedee-F, L50, F|16\/100\n|-fieldstart|move: Psychic Terrain|[from] ability: Psychic Surge|[of] p1b: Indeedee\n|turn|4\n|\n|t:|1700089323\n|move|p2a: Chien-Pao|Ice Spinner|p1b: Indeedee\n|-damage|p1b: Indeedee|0 fnt\n|-fieldend|move: Psychic Terrain\n|faint|p1b: Indeedee\n|move|p2b: Flutter Mane|Dazzling Gleam|p1a: Iron Bundle\n|-damage|p1a: Iron Bundle|0 fnt\n|faint|p1a: Iron Bundle\n|-end|p1a: Iron Bundle|Quark Drive|[silent]\n|\n|upkeep\n|\n|t:|1700089333\n|switch|p1a: Sneasler|Sneasler, L50, M, shiny|100\/100\n|turn|5\n|inactive|Xyzkun has 30 seconds left.\n|\n|t:|1700089360\n|move|p2a: Chien-Pao|Sucker Punch|p1a: Sneasler\n|-resisted|p1a: Sneasler\n|-damage|p1a: Sneasler|62\/100\n|move|p2b: Flutter Mane|Shadow Ball|p1a: Sneasler\n|-damage|p1a: Sneasler|13\/100\n|-unboost|p1a: Sneasler|spd|1\n|move|p1a: Sneasler|Close Combat|p2b: Flutter Mane\n|-supereffective|p2b: Flutter Mane\n|-damage|p2b: Flutter Mane|0 fnt\n|-unboost|p1a: Sneasler|def|1\n|-unboost|p1a: Sneasler|spd|1\n|faint|p2b: Flutter Mane\n|-end|p2b: Flutter Mane|Protosynthesis|[silent]\n|\n|upkeep\n|\n|t:|1700089364\n|switch|p2b: Sinistcha|Sinistcha, L50|100\/100\n|-heal|p2a: Chien-Pao|40\/100|[from] ability: Hospitality|[of] p2b: Sinistcha\n|turn|6\n|\n|t:|1700089379\n|move|p2a: Chien-Pao|Ice Spinner|p1a: Sneasler\n|-damage|p1a: Sneasler|0 fnt\n|faint|p1a: Sneasler\n|\n|win|Xyzkun\n|raw|massx_01's rating: 1183 &rarr; <strong>1161<\/strong><br \/>(-22 for losing)\n|raw|Xyzkun's rating: 1225 &rarr; <strong>1247<\/strong><br \/>(+22 for winning)\n","uploadtime":1700089387,"views":18,"p1id":"massx01","p2id":"xyzkun","formatid":"gen9vgc2023regulatione","rating":1161,"private":0,"password":""}