{"id":"gen9vgc2023regulatione-1990240111","p1":"Joe sheboygan","p2":"Noob Noob for real","format":"[Gen 9] VGC 2023 Regulation E","log":"|j|\u2606Joe sheboygan\n|j|\u2606Noob Noob for real\n|t:|1699942744\n|gametype|doubles\n|player|p1|Joe sheboygan|red|1559\n|player|p2|Noob Noob for real|266|1508\n|teamsize|p1|6\n|teamsize|p2|6\n|gen|9\n|tier|[Gen 9] VGC 2023 Regulation E\n|rated|\n|rule|Species Clause: Limit one of each Pok\u00e9mon\n|rule|Item Clause: Limit one of each item\n|clearpoke\n|poke|p1|Tornadus, L50, M|\n|poke|p1|Flutter Mane, L50|\n|poke|p1|Chi-Yu, L50|\n|poke|p1|Urshifu-*, L50, F|\n|poke|p1|Arcanine-Hisui, L50, F|\n|poke|p1|Rillaboom, L50, F|\n|poke|p2|Mimikyu, L50, M|\n|poke|p2|Ursaluna-Bloodmoon, L50, M|\n|poke|p2|Zapdos-Galar, L50|\n|poke|p2|Amoonguss, L50, F|\n|poke|p2|Ogerpon-Hearthflame, L50, F|\n|poke|p2|Chien-Pao, L50|\n|teampreview|4\n|inactive|Battle timer is ON: inactive players will automatically lose when time's up. (requested by Noob Noob for real)\n|inactive|Joe sheboygan has 60 seconds left.\n|\n|t:|1699942792\n|start\n|switch|p1a: Flutter Mane|Flutter Mane, L50|100\/100\n|switch|p1b: Chi-Yu|Chi-Yu, L50|100\/100\n|switch|p2a: Mimikyu|Mimikyu, L50, M|100\/100\n|switch|p2b: Zapdos|Zapdos-Galar, L50|100\/100\n|-ability|p1b: Chi-Yu|Beads of Ruin\n|-enditem|p1a: Flutter Mane|Booster Energy\n|-activate|p1a: Flutter Mane|ability: Protosynthesis|[fromitem]\n|-start|p1a: Flutter Mane|protosynthesisspe\n|turn|1\n|\n|t:|1699942809\n|-terastallize|p2a: Mimikyu|Dragon\n|move|p1a: Flutter Mane|Icy Wind|p2a: Mimikyu|[spread] p2a,p2b\n|-supereffective|p2b: Zapdos\n|-activate|p2a: Mimikyu|ability: Disguise\n|-damage|p2a: Mimikyu|100\/100\n|-damage|p2b: Zapdos|57\/100\n|-unboost|p2a: Mimikyu|spe|1\n|-unboost|p2b: Zapdos|spe|1\n|-ability|p2b: Zapdos|Defiant|boost\n|-boost|p2b: Zapdos|atk|2\n|detailschange|p2a: Mimikyu|Mimikyu-Busted, L50, M, tera:Dragon\n|-damage|p2a: Mimikyu|88\/100|[from] pokemon: Mimikyu-Busted\n|move|p1b: Chi-Yu|Heat Wave|p2a: Mimikyu|[spread] p2b\n|-miss|p1b: Chi-Yu|p2a: Mimikyu\n|-damage|p2b: Zapdos|0 fnt\n|faint|p2b: Zapdos\n|move|p2a: Mimikyu|Trick Room|p2a: Mimikyu\n|-fieldstart|move: Trick Room|[of] p2a: Mimikyu\n|\n|upkeep\n|\n|t:|1699942825\n|switch|p2b: Ursaluna|Ursaluna-Bloodmoon, L50, M|100\/100\n|turn|2\n|\n|t:|1699942845\n|switch|p1b: Arcanine|Arcanine-Hisui, L50, F|100\/100\n|-ability|p1b: Arcanine|Intimidate|boost\n|-unboost|p2a: Mimikyu|atk|1\n|-unboost|p2b: Ursaluna|atk|1\n|move|p1a: Flutter Mane|Protect|p1a: Flutter Mane\n|-singleturn|p1a: Flutter Mane|Protect\n|move|p2a: Mimikyu|Shadow Sneak|p1b: Arcanine\n|-damage|p1b: Arcanine|91\/100\n|move|p2b: Ursaluna|Earth Power|p1b: Arcanine\n|-supereffective|p1b: Arcanine\n|-damage|p1b: Arcanine|0 fnt\n|faint|p1b: Arcanine\n|\n|upkeep\n|\n|t:|1699942859\n|switch|p1b: Rillaboom|Rillaboom, L50, F|100\/100\n|-fieldstart|move: Grassy Terrain|[from] ability: Grassy Surge|[of] p1b: Rillaboom\n|turn|3\n|\n|t:|1699942869\n|-terastallize|p1a: Flutter Mane|Fairy\n|move|p2b: Ursaluna|Protect|p2b: Ursaluna\n|-singleturn|p2b: Ursaluna|Protect\n|move|p1b: Rillaboom|Fake Out|p2b: Ursaluna\n|-activate|p2b: Ursaluna|move: Protect\n|move|p2a: Mimikyu|Will-O-Wisp|p1b: Rillaboom\n|-status|p1b: Rillaboom|brn\n|move|p1a: Flutter Mane|Dazzling Gleam|p2a: Mimikyu|[spread] p2a\n|-activate|p2b: Ursaluna|move: Protect\n|-supereffective|p2a: Mimikyu\n|-damage|p2a: Mimikyu|4\/100\n|\n|-heal|p2a: Mimikyu|10\/100|[from] Grassy Terrain\n|-damage|p1b: Rillaboom|95\/100 brn|[from] brn\n|upkeep\n|turn|4\n|j| RM20VGC777\n|\n|t:|1699942887\n|switch|p2a: Amoonguss|Amoonguss, L50, F|100\/100\n|move|p1b: Rillaboom|Grassy Glide|p2a: Amoonguss\n|-resisted|p2a: Amoonguss\n|-damage|p2a: Amoonguss|97\/100\n|-damage|p1b: Rillaboom|78\/100 brn|[from] item: Rocky Helmet|[of] p2a: Amoonguss\n|move|p2b: Ursaluna|Blood Moon|p1a: Flutter Mane\n|-damage|p1a: Flutter Mane|18\/100\n|move|p1a: Flutter Mane|Moonblast|p2b: Ursaluna\n|-damage|p2b: Ursaluna|24\/100\n|\n|-heal|p2a: Amoonguss|100\/100|[from] Grassy Terrain\n|-heal|p2b: Ursaluna|30\/100|[from] Grassy Terrain\n|-heal|p2b: Ursaluna|36\/100|[from] item: Leftovers\n|-heal|p1b: Rillaboom|84\/100 brn|[from] Grassy Terrain\n|-heal|p1a: Flutter Mane|24\/100|[from] Grassy Terrain\n|-damage|p1b: Rillaboom|78\/100 brn|[from] brn\n|upkeep\n|turn|5\n|\n|t:|1699942910\n|move|p2b: Ursaluna|Protect|p2b: Ursaluna\n|-singleturn|p2b: Ursaluna|Protect\n|move|p1a: Flutter Mane|Protect|p1a: Flutter Mane\n|-singleturn|p1a: Flutter Mane|Protect\n|move|p2a: Amoonguss|Spore|p1a: Flutter Mane\n|-activate|p1a: Flutter Mane|move: Protect\n|move|p1b: Rillaboom|Wood Hammer|p2b: Ursaluna\n|-activate|p2b: Ursaluna|move: Protect\n|\n|-heal|p2b: Ursaluna|42\/100|[from] Grassy Terrain\n|-heal|p2b: Ursaluna|48\/100|[from] item: Leftovers\n|-heal|p1b: Rillaboom|84\/100 brn|[from] Grassy Terrain\n|-heal|p1a: Flutter Mane|29\/100|[from] Grassy Terrain\n|-damage|p1b: Rillaboom|78\/100 brn|[from] brn\n|-fieldend|move: Trick Room\n|upkeep\n|turn|6\n|\n|t:|1699942920\n|switch|p2b: Mimikyu|Mimikyu-Busted, L50, M, tera:Dragon|10\/100\n|move|p1b: Rillaboom|Grassy Glide|p2b: Mimikyu\n|-resisted|p2b: Mimikyu\n|-damage|p2b: Mimikyu|3\/100\n|move|p1a: Flutter Mane|Dazzling Gleam|p2a: Amoonguss|[spread] p2a,p2b\n|-resisted|p2a: Amoonguss\n|-supereffective|p2b: Mimikyu\n|-damage|p2a: Amoonguss|80\/100\n|-damage|p2b: Mimikyu|0 fnt\n|faint|p2b: Mimikyu\n|move|p2a: Amoonguss|Spore|p1a: Flutter Mane\n|-status|p1a: Flutter Mane|slp|[from] move: Spore\n|\n|-heal|p1a: Flutter Mane|35\/100 slp|[from] Grassy Terrain\n|-heal|p1b: Rillaboom|84\/100 brn|[from] Grassy Terrain\n|-heal|p2a: Amoonguss|86\/100|[from] Grassy Terrain\n|-damage|p1b: Rillaboom|78\/100 brn|[from] brn\n|upkeep\n|\n|t:|1699942933\n|switch|p2b: Ursaluna|Ursaluna-Bloodmoon, L50, M|48\/100\n|turn|7\n|\n|t:|1699942938\n|move|p2b: Ursaluna|Protect|p2b: Ursaluna\n|-singleturn|p2b: Ursaluna|Protect\n|cant|p1a: Flutter Mane|slp\n|move|p1b: Rillaboom|Wood Hammer|p2b: Ursaluna\n|-activate|p2b: Ursaluna|move: Protect\n|move|p2a: Amoonguss|Pollen Puff|p1b: Rillaboom\n|-supereffective|p1b: Rillaboom\n|-damage|p1b: Rillaboom|53\/100 brn\n|\n|-heal|p1a: Flutter Mane|41\/100 slp|[from] Grassy Terrain\n|-heal|p1b: Rillaboom|59\/100 brn|[from] Grassy Terrain\n|-heal|p2b: Ursaluna|54\/100|[from] Grassy Terrain\n|-heal|p2b: Ursaluna|60\/100|[from] item: Leftovers\n|-heal|p2a: Amoonguss|92\/100|[from] Grassy Terrain\n|-damage|p1b: Rillaboom|53\/100 brn|[from] brn\n|-fieldend|move: Grassy Terrain\n|upkeep\n|turn|8\n|\n|t:|1699942957\n|move|p2a: Amoonguss|Rage Powder|p2a: Amoonguss\n|-singleturn|p2a: Amoonguss|move: Rage Powder\n|cant|p1a: Flutter Mane|slp\n|move|p1b: Rillaboom|Wood Hammer|p2b: Ursaluna\n|-supereffective|p2b: Ursaluna\n|-damage|p2b: Ursaluna|15\/100\n|-damage|p1b: Rillaboom|37\/100 brn|[from] Recoil\n|move|p2b: Ursaluna|Blood Moon|p1a: Flutter Mane\n|-damage|p1a: Flutter Mane|0 fnt\n|faint|p1a: Flutter Mane\n|-end|p1a: Flutter Mane|Protosynthesis|[silent]\n|\n|-heal|p2b: Ursaluna|20\/100|[from] item: Leftovers\n|-damage|p1b: Rillaboom|31\/100 brn|[from] brn\n|upkeep\n|\n|t:|1699942960\n|switch|p1a: Chi-Yu|Chi-Yu, L50|100\/100\n|-ability|p1a: Chi-Yu|Beads of Ruin\n|turn|9\n|\n|t:|1699942972\n|move|p2a: Amoonguss|Protect|p2a: Amoonguss\n|-singleturn|p2a: Amoonguss|Protect\n|move|p1a: Chi-Yu|Overheat|p2a: Amoonguss\n|-activate|p2a: Amoonguss|move: Protect\n|move|p1b: Rillaboom|Wood Hammer|p2b: Ursaluna\n|-supereffective|p2b: Ursaluna\n|-damage|p2b: Ursaluna|0 fnt\n|faint|p2b: Ursaluna\n|-damage|p1b: Rillaboom|24\/100 brn|[from] Recoil\n|\n|-damage|p1b: Rillaboom|18\/100 brn|[from] brn\n|upkeep\n|turn|10\n|\n|t:|1699942984\n|move|p2a: Amoonguss|Rage Powder|p2a: Amoonguss\n|-singleturn|p2a: Amoonguss|move: Rage Powder\n|move|p1a: Chi-Yu|Overheat|p2a: Amoonguss|[miss]\n|-miss|p1a: Chi-Yu|p2a: Amoonguss\n|move|p1b: Rillaboom|High Horsepower|p2a: Amoonguss\n|-damage|p2a: Amoonguss|79\/100\n|-damage|p1b: Rillaboom|1\/100 brn|[from] item: Rocky Helmet|[of] p2a: Amoonguss\n|\n|-damage|p1b: Rillaboom|0 fnt|[from] brn\n|faint|p1b: Rillaboom\n|upkeep\n|turn|11\n|c|\u2606Joe sheboygan|Gg\n|c|\u2606Noob Noob for real|oops\n|c|\u2606Noob Noob for real|lol\n|c|\u2606Noob Noob for real|misclick\n|c|\u2606Noob Noob for real|gg\n|\n|t:|1699942997\n|move|p1a: Chi-Yu|Overheat|p2a: Amoonguss|[miss]\n|-miss|p1a: Chi-Yu|p2a: Amoonguss\n|move|p2a: Amoonguss|Spore|p1a: Chi-Yu\n|-status|p1a: Chi-Yu|slp|[from] move: Spore\n|\n|upkeep\n|turn|12\n|c|\u2606Joe sheboygan|Don't think it matters\n|c|\u2606Joe sheboygan|Gg\n|\n|t:|1699943005\n|cant|p1a: Chi-Yu|slp\n|move|p2a: Amoonguss|Pollen Puff|p1a: Chi-Yu\n|-crit|p1a: Chi-Yu\n|-damage|p1a: Chi-Yu|66\/100 slp\n|\n|upkeep\n|turn|13\n|\n|t:|1699943009\n|cant|p1a: Chi-Yu|slp\n|move|p2a: Amoonguss|Pollen Puff|p1a: Chi-Yu\n|-damage|p1a: Chi-Yu|46\/100 slp\n|\n|upkeep\n|turn|14\n|\n|t:|1699943016\n|cant|p1a: Chi-Yu|slp\n|move|p2a: Amoonguss|Pollen Puff|p1a: Chi-Yu\n|-damage|p1a: Chi-Yu|25\/100 slp\n|\n|upkeep\n|turn|15\n|\n|t:|1699943024\n|-curestatus|p1a: Chi-Yu|slp|[msg]\n|move|p1a: Chi-Yu|Overheat|p2a: Amoonguss|[miss]\n|-miss|p1a: Chi-Yu|p2a: Amoonguss\n|move|p2a: Amoonguss|Spore|p1a: Chi-Yu\n|-status|p1a: Chi-Yu|slp|[from] move: Spore\n|\n|upkeep\n|turn|16\n|c|\u2606Noob Noob for real|yo\n|c|\u2606Joe sheboygan|Lol\n|c|\u2606Noob Noob for real|lol\n|c|\u2606Joe sheboygan|Wtf is this haha\n|c|\u2606Noob Noob for real|triple miss is crazy\n|\n|t:|1699943039\n|cant|p1a: Chi-Yu|slp\n|move|p2a: Amoonguss|Pollen Puff|p1a: Chi-Yu\n|-damage|p1a: Chi-Yu|4\/100 slp\n|\n|upkeep\n|turn|17\n|\n|t:|1699943044\n|cant|p1a: Chi-Yu|slp\n|move|p2a: Amoonguss|Pollen Puff|p1a: Chi-Yu\n|-damage|p1a: Chi-Yu|0 fnt\n|faint|p1a: Chi-Yu\n|\n|win|Noob Noob for real\n|raw|Joe sheboygan's rating: 1559 &rarr; <strong>1536<\/strong><br \/>(-23 for losing)\n|raw|Noob Noob for real's rating: 1508 &rarr; <strong>1531<\/strong><br \/>(+23 for winning)\n|c|\u2606Noob Noob for real|Dang\n|c|\u2606Noob Noob for real|So sorry bro\n|c|\u2606Joe sheboygan|3 Sleeps and 3 miss\n|c|\u2606Joe sheboygan|Wtf\n|c|\u2606Noob Noob for real|I need to buy the lottery\n","uploadtime":1699943061,"views":30,"p1id":"joesheboygan","p2id":"noobnoobforreal","formatid":"gen9vgc2023regulatione","rating":1531,"private":0,"password":""}