{"id":"gen9vgc2023regulatione-1992363612","p1":"Kzjehzk","p2":"pureconfusion64","format":"[Gen 9] VGC 2023 Regulation E","log":"|j|\u2606Kzjehzk\n|j|\u2606pureconfusion64\n|t:|1700178994\n|gametype|doubles\n|player|p1|Kzjehzk|lance|1080\n|player|p2|pureconfusion64|acetrainer-gen4dp|1161\n|teamsize|p1|6\n|teamsize|p2|6\n|gen|9\n|tier|[Gen 9] VGC 2023 Regulation E\n|rated|\n|rule|Species Clause: Limit one of each Pok\u00e9mon\n|rule|Item Clause: Limit one of each item\n|clearpoke\n|poke|p1|Flutter Mane, L50|\n|poke|p1|Tornadus, L50, M|\n|poke|p1|Rillaboom, L50, F|\n|poke|p1|Garganacl, L50, F|\n|poke|p1|Arcanine-Hisui, L50, M|\n|poke|p1|Chien-Pao, L50|\n|poke|p2|Cyclizar, L50, F|\n|poke|p2|Ambipom, L50, M|\n|poke|p2|Skeledirge, L50, F|\n|poke|p2|Zapdos, L50|\n|poke|p2|Baxcalibur, L50, F|\n|poke|p2|Ting-Lu, L50|\n|teampreview|4\npureconfusion64 rejected open team sheets.\n|\n|t:|1700179021\n|start\n|switch|p1a: Tornadus|Tornadus, L50, M|100\/100\n|switch|p1b: Garganacl|Garganacl, L50, F|100\/100\n|switch|p2a: Cyclizar|Cyclizar, L50, F|100\/100\n|switch|p2b: Ambipom|Ambipom, L50, M, shiny|100\/100\n|turn|1\n|\n|t:|1700179044\n|-terastallize|p1b: Garganacl|Ghost\n|move|p2b: Ambipom|Fake Out|p1b: Garganacl\n|-immune|p1b: Garganacl\n|move|p2a: Cyclizar|Double-Edge|p1a: Tornadus\n|-damage|p1a: Tornadus|35\/100\n|-damage|p2a: Cyclizar|84\/100|[from] item: Rocky Helmet|[of] p1a: Tornadus\n|-damage|p2a: Cyclizar|57\/100|[from] Recoil\n|move|p1a: Tornadus|Bleakwind Storm|p2b: Ambipom|[spread] p2a\n|-miss|p1a: Tornadus|p2b: Ambipom\n|-damage|p2a: Cyclizar|7\/100\n|move|p1b: Garganacl|Salt Cure|p2a: Cyclizar\n|-damage|p2a: Cyclizar|0 fnt\n|faint|p2a: Cyclizar\n|\n|upkeep\n|\n|t:|1700179052\n|switch|p2a: Baxcalibur|Baxcalibur, L50, F, shiny|100\/100\n|turn|2\n|\n|t:|1700179075\n|switch|p1a: Arcanine|Arcanine-Hisui, L50, M|100\/100\n|-ability|p1a: Arcanine|Intimidate|boost\n|-unboost|p2a: Baxcalibur|atk|1\n|-unboost|p2b: Ambipom|atk|1\n|-terastallize|p2a: Baxcalibur|Poison\n|move|p2b: Ambipom|Fling|p1b: Garganacl\n|-supereffective|p1b: Garganacl\n|-damage|p1b: Garganacl|87\/100\n|-enditem|p2b: Ambipom|Razor Fang|[from] move: Fling\n|move|p2a: Baxcalibur|Dragon Dance|p2a: Baxcalibur\n|-boost|p2a: Baxcalibur|atk|1\n|-boost|p2a: Baxcalibur|spe|1\n|cant|p1b: Garganacl|flinch\n|\n|upkeep\n|turn|3\n|\n|t:|1700179109\n|switch|p1a: Tornadus|Tornadus, L50, M|35\/100\n|move|p2a: Baxcalibur|High Horsepower|p1a: Tornadus\n|-immune|p1a: Tornadus\n|move|p2b: Ambipom|Knock Off|p1b: Garganacl\n|-supereffective|p1b: Garganacl\n|-damage|p1b: Garganacl|60\/100\n|-enditem|p1b: Garganacl|Sitrus Berry|[from] move: Knock Off|[of] p2b: Ambipom\n|move|p1b: Garganacl|Iron Defense|p1b: Garganacl\n|-boost|p1b: Garganacl|def|2\n|\n|upkeep\n|turn|4\n|\n|t:|1700179124\n|move|p1a: Tornadus|Taunt|p2a: Baxcalibur\n|-start|p2a: Baxcalibur|move: Taunt\n|move|p2a: Baxcalibur|Icicle Spear|p1a: Tornadus\n|-supereffective|p1a: Tornadus\n|-damage|p1a: Tornadus|0 fnt\n|faint|p1a: Tornadus\n|-hitcount|p1: Tornadus|1\n|move|p2b: Ambipom|Taunt|p1b: Garganacl\n|-start|p1b: Garganacl|move: Taunt\n|move|p1b: Garganacl|Salt Cure|p2a: Baxcalibur\n|-damage|p2a: Baxcalibur|84\/100\n|-start|p2a: Baxcalibur|Salt Cure\n|\n|-damage|p2a: Baxcalibur|72\/100|[from] Salt Cure\n|upkeep\n|\n|t:|1700179127\n|switch|p1a: Arcanine|Arcanine-Hisui, L50, M|100\/100\n|-ability|p1a: Arcanine|Intimidate|boost\n|-unboost|p2a: Baxcalibur|atk|1\n|-unboost|p2b: Ambipom|atk|1\n|turn|5\n|\n|t:|1700179142\n|switch|p1a: Rillaboom|Rillaboom, L50, F|100\/100\n|-fieldstart|move: Grassy Terrain|[from] ability: Grassy Surge|[of] p1a: Rillaboom\n|move|p2a: Baxcalibur|High Horsepower|p1a: Rillaboom\n|-resisted|p1a: Rillaboom\n|-damage|p1a: Rillaboom|89\/100\n|move|p2b: Ambipom|Knock Off|p1b: Garganacl\n|-supereffective|p1b: Garganacl\n|-damage|p1b: Garganacl|52\/100\n|move|p1b: Garganacl|Salt Cure|p2b: Ambipom\n|-crit|p2b: Ambipom\n|-damage|p2b: Ambipom|68\/100\n|-start|p2b: Ambipom|Salt Cure\n|\n|-heal|p2a: Baxcalibur|78\/100|[from] Grassy Terrain\n|-heal|p2b: Ambipom|74\/100|[from] Grassy Terrain\n|-heal|p1a: Rillaboom|95\/100|[from] Grassy Terrain\n|-heal|p1b: Garganacl|58\/100|[from] Grassy Terrain\n|-damage|p2a: Baxcalibur|66\/100|[from] Salt Cure\n|-damage|p2b: Ambipom|62\/100|[from] Salt Cure\n|upkeep\n|turn|6\n|\n|t:|1700179160\n|switch|p1a: Arcanine|Arcanine-Hisui, L50, M|100\/100\n|-ability|p1a: Arcanine|Intimidate|boost\n|-unboost|p2a: Baxcalibur|atk|1\n|-unboost|p2b: Ambipom|atk|1\n|move|p2a: Baxcalibur|Glaive Rush|p1b: Garganacl\n|-damage|p1b: Garganacl|46\/100\n|-singlemove|p2a: Baxcalibur|Glaive Rush|[silent]\n|move|p2b: Ambipom|Knock Off|p1a: Arcanine\n|-damage|p1a: Arcanine|85\/100\n|-enditem|p1a: Arcanine|Choice Band|[from] move: Knock Off|[of] p2b: Ambipom\n|move|p1b: Garganacl|Salt Cure|p2a: Baxcalibur\n|-damage|p2a: Baxcalibur|38\/100\n|\n|-heal|p2a: Baxcalibur|43\/100|[from] Grassy Terrain\n|-heal|p2b: Ambipom|68\/100|[from] Grassy Terrain\n|-heal|p1a: Arcanine|91\/100|[from] Grassy Terrain\n|-heal|p1b: Garganacl|52\/100|[from] Grassy Terrain\n|-damage|p2a: Baxcalibur|31\/100|[from] Salt Cure\n|-damage|p2b: Ambipom|56\/100|[from] Salt Cure\n|-end|p2a: Baxcalibur|move: Taunt\n|-end|p1b: Garganacl|move: Taunt\n|upkeep\n|turn|7\n|\n|t:|1700179180\n|move|p2a: Baxcalibur|Icicle Spear|p1a: Arcanine\n|-resisted|p1a: Arcanine\n|-damage|p1a: Arcanine|87\/100\n|-resisted|p1a: Arcanine\n|-damage|p1a: Arcanine|83\/100\n|-resisted|p1a: Arcanine\n|-damage|p1a: Arcanine|78\/100\n|-resisted|p1a: Arcanine\n|-damage|p1a: Arcanine|74\/100\n|-resisted|p1a: Arcanine\n|-damage|p1a: Arcanine|69\/100\n|-hitcount|p1a: Arcanine|5\n|move|p2b: Ambipom|Knock Off|p1b: Garganacl\n|-supereffective|p1b: Garganacl\n|-damage|p1b: Garganacl|46\/100\n|move|p1a: Arcanine|Rock Slide|p2b: Ambipom|[spread] p2a,p2b\n|-damage|p2a: Baxcalibur|3\/100\n|-damage|p2b: Ambipom|8\/100\n|move|p1b: Garganacl|Recover|p1b: Garganacl\n|-heal|p1b: Garganacl|97\/100\n|\n|-heal|p2a: Baxcalibur|8\/100|[from] Grassy Terrain\n|-heal|p2b: Ambipom|14\/100|[from] Grassy Terrain\n|-heal|p1a: Arcanine|75\/100|[from] Grassy Terrain\n|-heal|p1b: Garganacl|100\/100|[from] Grassy Terrain\n|-damage|p2a: Baxcalibur|0 fnt|[from] Salt Cure\n|faint|p2a: Baxcalibur\n|-damage|p2b: Ambipom|2\/100|[from] Salt Cure\n|upkeep\n|\n|t:|1700179195\n|switch|p2a: Skeledirge|Skeledirge, L50, F, shiny|100\/100\n|turn|8\n|\n|t:|1700179210\n|move|p2b: Ambipom|Knock Off|p1b: Garganacl\n|-supereffective|p1b: Garganacl\n|-damage|p1b: Garganacl|95\/100\n|move|p1a: Arcanine|Rock Slide|p2a: Skeledirge|[spread] p2a,p2b\n|-supereffective|p2a: Skeledirge\n|-damage|p2a: Skeledirge|55\/100\n|-damage|p2b: Ambipom|0 fnt\n|faint|p2b: Ambipom\n|move|p2a: Skeledirge|Torch Song|p1a: Arcanine\n|-resisted|p1a: Arcanine\n|-damage|p1a: Arcanine|62\/100\n|-boost|p2a: Skeledirge|spa|1\n|-enditem|p2a: Skeledirge|Throat Spray\n|-boost|p2a: Skeledirge|spa|1|[from] item: Throat Spray\n|move|p1b: Garganacl|Salt Cure|p2a: Skeledirge\n|-supereffective|p2a: Skeledirge\n|-damage|p2a: Skeledirge|29\/100\n|-start|p2a: Skeledirge|Salt Cure\n|\n|-heal|p1a: Arcanine|68\/100|[from] Grassy Terrain\n|-heal|p2a: Skeledirge|36\/100|[from] Grassy Terrain\n|-heal|p1b: Garganacl|100\/100|[from] Grassy Terrain\n|-damage|p2a: Skeledirge|23\/100|[from] Salt Cure\n|upkeep\n|turn|9\n|\n|t:|1700179225\n|move|p1b: Garganacl|Protect|p1b: Garganacl\n|-singleturn|p1b: Garganacl|Protect\n|move|p1a: Arcanine|Rock Slide|p2a: Skeledirge\n|-supereffective|p2a: Skeledirge\n|-damage|p2a: Skeledirge|0 fnt\n|faint|p2a: Skeledirge\n|\n|win|Kzjehzk\n|raw|Kzjehzk's rating: 1080 &rarr; <strong>1114<\/strong><br \/>(+34 for winning)\n|raw|pureconfusion64's rating: 1161 &rarr; <strong>1130<\/strong><br \/>(-31 for losing)\n|l|\u2606pureconfusion64\n","uploadtime":1700179233,"views":13,"p1id":"kzjehzk","p2id":"pureconfusion64","formatid":"gen9vgc2023regulatione","rating":1114,"private":0,"password":""}