{"id":"gen9vgc2023regulatione-1998940085","p1":"Arnaenaed \u223e","p2":"AgenteDino","format":"[Gen 9] VGC 2023 Regulation E","log":"|j|\u2606Arnaenaed \u223e\n|j|\u2606AgenteDino\n|t:|1701015617\n|gametype|doubles\n|player|p1|Arnaenaed \u223e|clay|\n|player|p2|AgenteDino|guitarist-gen4|\n|teamsize|p1|6\n|teamsize|p2|6\n|gen|9\n|tier|[Gen 9] VGC 2023 Regulation E\n|rule|Species Clause: Limit one of each Pok\u00e9mon\n|rule|Item Clause: Limit one of each item\n|clearpoke\n|poke|p1|Chien-Pao, L50|\n|poke|p1|Ogerpon, L50, F|\n|poke|p1|Sinistcha, L50|\n|poke|p1|Conkeldurr, L50, M|\n|poke|p1|Heatran, L50, M|\n|poke|p1|Gholdengo, L50|\n|poke|p2|Tornadus, L50, M|\n|poke|p2|Urshifu-*, L50, F|\n|poke|p2|Chien-Pao, L50|\n|poke|p2|Dragonite, L50, F|\n|poke|p2|Iron Hands, L50|\n|poke|p2|Flutter Mane, L50|\n|teampreview|4\n|\n|t:|1701015650\n|start\n|switch|p1a: Sinistcha|Sinistcha, L50|100\/100\n|switch|p1b: Chien-Pao|Chien-Pao, L50|100\/100\n|switch|p2a: Tornadus|Tornadus, L50, M|100\/100\n|switch|p2b: Dragonite|Dragonite, L50, F|100\/100\n|-ability|p1b: Chien-Pao|Sword of Ruin\n|turn|1\n|\n|t:|1701015684\n|-terastallize|p2b: Dragonite|Normal\n|move|p2a: Tornadus|Tailwind|p2a: Tornadus\n|-sidestart|p2: AgenteDino|move: Tailwind\n|move|p2b: Dragonite|Iron Head|p1b: Chien-Pao\n|-supereffective|p1b: Chien-Pao\n|-enditem|p1b: Chien-Pao|Focus Sash\n|-damage|p1b: Chien-Pao|1\/100\n|move|p1b: Chien-Pao|Ice Spinner|p2a: Tornadus\n|-supereffective|p2a: Tornadus\n|-damage|p2a: Tornadus|0 fnt\n|faint|p2a: Tornadus\n|move|p1a: Sinistcha|Trick Room|p1a: Sinistcha\n|-fieldstart|move: Trick Room|[of] p1a: Sinistcha\n|\n|upkeep\n|\n|t:|1701015701\n|switch|p2a: Chien-Pao|Chien-Pao, L50|100\/100\n|-ability|p2a: Chien-Pao|Sword of Ruin\n|turn|2\n|\n|t:|1701015726\n|switch|p1a: Conkeldurr|Conkeldurr, L50, M|100\/100\n|move|p1b: Chien-Pao|Protect|p1b: Chien-Pao\n|-singleturn|p1b: Chien-Pao|Protect\n|move|p2a: Chien-Pao|Sucker Punch||[still]\n|-fail|p2a: Chien-Pao\n|move|p2b: Dragonite|Iron Head|p1b: Chien-Pao\n|-activate|p1b: Chien-Pao|move: Protect\n|\n|-status|p1a: Conkeldurr|brn|[from] item: Flame Orb\n|upkeep\n|turn|3\n|\n|t:|1701015755\n|switch|p2b: Urshifu|Urshifu-Rapid-Strike, L50, F|100\/100\n|-terastallize|p1b: Chien-Pao|Ghost\n|move|p2a: Chien-Pao|Protect|p2a: Chien-Pao\n|-singleturn|p2a: Chien-Pao|Protect\n|move|p1a: Conkeldurr|Drain Punch|p2b: Urshifu\n|-damage|p2b: Urshifu|19\/100\n|move|p1b: Chien-Pao|Sacred Sword|p2a: Chien-Pao\n|-activate|p2a: Chien-Pao|move: Protect\n|\n|-damage|p1a: Conkeldurr|95\/100 brn|[from] brn\n|upkeep\n|turn|4\n|\n|t:|1701015805\n|switch|p1b: Gholdengo|Gholdengo, L50|100\/100\n|switch|p2a: Dragonite|Dragonite, L50, F, tera:Normal|100\/100\n|move|p2b: Urshifu|Aqua Jet|p1b: Gholdengo\n|-damage|p1b: Gholdengo|75\/100\n|move|p1a: Conkeldurr|Drain Punch|p2b: Urshifu\n|-damage|p2b: Urshifu|0 fnt\n|-heal|p1a: Conkeldurr|100\/100 brn|[from] drain|[of] p2b: Urshifu\n|faint|p2b: Urshifu\n|\n|-damage|p1a: Conkeldurr|95\/100 brn|[from] brn\n|-sideend|p2: AgenteDino|move: Tailwind\n|upkeep\n|\n|t:|1701015816\n|switch|p2b: Chien-Pao|Chien-Pao, L50|100\/100\n|-ability|p2b: Chien-Pao|Sword of Ruin\n|turn|5\n|\n|t:|1701015846\n|move|p2b: Chien-Pao|Sucker Punch|p1b: Gholdengo\n|-supereffective|p1b: Gholdengo\n|-damage|p1b: Gholdengo|0 fnt\n|faint|p1b: Gholdengo\n|move|p1a: Conkeldurr|Drain Punch|p2b: Chien-Pao\n|-supereffective|p2b: Chien-Pao\n|-enditem|p2b: Chien-Pao|Focus Sash\n|-damage|p2b: Chien-Pao|1\/100\n|-heal|p1a: Conkeldurr|100\/100 brn|[from] drain|[of] p2b: Chien-Pao\n|move|p2a: Dragonite|Outrage|p1a: Conkeldurr\n|-damage|p1a: Conkeldurr|0 fnt\n|faint|p1a: Conkeldurr\n|\n|-fieldend|move: Trick Room\n|upkeep\n|\n|t:|1701015865\n|switch|p1b: Sinistcha|Sinistcha, L50|100\/100\n|switch|p1a: Chien-Pao|Chien-Pao, L50, tera:Ghost|1\/100\n|-ability|p1a: Chien-Pao|Sword of Ruin\n|-heal|p1a: Chien-Pao|26\/100|[from] ability: Hospitality|[of] p1b: Sinistcha\n|turn|6\n|\n|t:|1701015898\n|move|p1a: Chien-Pao|Sucker Punch|p2b: Chien-Pao\n|-resisted|p2b: Chien-Pao\n|-damage|p2b: Chien-Pao|0 fnt\n|faint|p2b: Chien-Pao\n|move|p2a: Dragonite|Outrage|p1b: Sinistcha|[from]lockedmove\n|-damage|p1b: Sinistcha|0 fnt\n|faint|p1b: Sinistcha\n|\n|upkeep\n|turn|7\n|\n|t:|1701015918\n|move|p1a: Chien-Pao|Protect|p1a: Chien-Pao\n|-singleturn|p1a: Chien-Pao|Protect\n|move|p2a: Dragonite|Outrage|p1a: Chien-Pao|[from]lockedmove\n|-activate|p1a: Chien-Pao|move: Protect\n|-start|p2a: Dragonite|confusion|[fatigue]\n|\n|upkeep\n|turn|8\n|\n|t:|1701015924\n|move|p1a: Chien-Pao|Sacred Sword|p2a: Dragonite\n|-supereffective|p2a: Dragonite\n|-crit|p2a: Dragonite\n|-damage|p2a: Dragonite|0 fnt\n|faint|p2a: Dragonite\n|\n|win|Arnaenaed \u223e\n|l|\u2606Arnaenaed \u223e\n|l|\u2606AgenteDino\n|j|\u2606Arnaenaed \u223e\n|player|p1|Arnaenaed \u223e|clay\n","uploadtime":1701016081,"views":5,"p1id":"arnaenaed","p2id":"agentedino","formatid":"gen9vgc2023regulatione","rating":0,"private":0,"password":""}