{"id":"gen9vgc2023regulatione-1994339309","p1":"Osprey11","p2":"Puriner","format":"[Gen 9] VGC 2023 Regulation E","log":"|j|\u2606Osprey11\n|j|\u2606Puriner\n|n|\u2606Osprey11|osprey11\n|n|\u2606Puriner|puriner\n|html|View the match progress at <a href=\"\/game-bestof3-gen9vgc2023regulatione-1994336481\">game-bestof3-gen9vgc2023regulatione-1994336481<\/a>\n|t:|1700432782\n|gametype|doubles\n|player|p1|Osprey11|101|\n|player|p2|Puriner|colress|\n|teamsize|p1|6\n|teamsize|p2|6\n|gen|9\n|tier|[Gen 9] VGC 2023 Regulation E\n|rule|Species Clause: Limit one of each Pok\u00e9mon\n|rule|Item Clause: Limit one of each item\n|clearpoke\n|poke|p1|Moltres-Galar, L50|\n|poke|p1|Sinistcha, L50|\n|poke|p1|Iron Hands, L50|\n|poke|p1|Ogerpon-Wellspring, L50, F|\n|poke|p1|Arcanine-Hisui, L50, M|\n|poke|p1|Tornadus, L50, M|\n|poke|p2|Torkoal, L50, M|\n|poke|p2|Roaring Moon, L50|\n|poke|p2|Flutter Mane, L50|\n|poke|p2|Tornadus, L50, M|\n|poke|p2|Ogerpon-Hearthflame, L50, F|\n|poke|p2|Cresselia, L50, F|\n|teampreview|4\n|j| Van. Volcanucks\n|\n|t:|1700432845\n|start\n|switch|p1a: Iron Hands|Iron Hands, L50|100\/100\n|switch|p1b: Tornadus|Tornadus, L50, M|100\/100\n|switch|p2a: Cresselia|Cresselia, L50, F|100\/100\n|switch|p2b: Flutter Mane|Flutter Mane, L50|100\/100\n|turn|1\n|\n|t:|1700432883\n|switch|p1b: Arcanine|Arcanine-Hisui, L50, M|100\/100\n|-ability|p1b: Arcanine|Intimidate|boost\n|-unboost|p2a: Cresselia|atk|1\n|-unboost|p2b: Flutter Mane|atk|1\n|-terastallize|p1a: Iron Hands|Fire\n|move|p2b: Flutter Mane|Moonblast|p1a: Iron Hands\n|-resisted|p1a: Iron Hands\n|-damage|p1a: Iron Hands|82\/100\n|-unboost|p1a: Iron Hands|spa|1\n|move|p2a: Cresselia|Ice Beam|p1b: Arcanine\n|-resisted|p1b: Arcanine\n|-damage|p1b: Arcanine|94\/100\n|move|p1a: Iron Hands|Heavy Slam|p2b: Flutter Mane\n|-supereffective|p2b: Flutter Mane\n|-damage|p2b: Flutter Mane|0 fnt\n|faint|p2b: Flutter Mane\n|-end|p2b: Flutter Mane|Protosynthesis|[silent]\n|\n|upkeep\n|\n|t:|1700432936\n|switch|p2b: Ogerpon|Ogerpon-Hearthflame, L50, F|100\/100\n|-ability|p2b: Ogerpon|Mold Breaker\n|turn|2\n|\n|t:|1700432976\n|move|p2b: Ogerpon|Spiky Shield|p2b: Ogerpon\n|-singleturn|p2b: Ogerpon|move: Protect\n|move|p2a: Cresselia|Protect|p2a: Cresselia\n|-singleturn|p2a: Cresselia|Protect\n|move|p1b: Arcanine|Rock Slide|p2b: Ogerpon|[spread] \n|-activate|p2a: Cresselia|move: Protect\n|-activate|p2b: Ogerpon|move: Protect\n|move|p1a: Iron Hands|Drain Punch|p2b: Ogerpon\n|-activate|p2b: Ogerpon|move: Protect\n|-damage|p1a: Iron Hands|70\/100|[from] Spiky Shield|[of] p2b: Ogerpon\n|\n|upkeep\n|turn|3\n|\n|t:|1700433022\n|move|p2b: Ogerpon|Swords Dance|p2b: Ogerpon\n|-boost|p2b: Ogerpon|atk|2\n|move|p1b: Arcanine|Rock Slide|p2b: Ogerpon|[spread] p2a,p2b\n|-supereffective|p2b: Ogerpon\n|-damage|p2a: Cresselia|85\/100\n|-damage|p2b: Ogerpon|41\/100\n|move|p2a: Cresselia|Lunar Blessing|p2a: Cresselia|[spread] p2a,p2b\n|-heal|p2a: Cresselia|100\/100\n|-heal|p2b: Ogerpon|66\/100\n|move|p1a: Iron Hands|Drain Punch|p2b: Ogerpon\n|-damage|p2b: Ogerpon|15\/100\n|-heal|p1a: Iron Hands|87\/100|[from] drain|[of] p2b: Ogerpon\n|\n|upkeep\n|turn|4\n|\n|t:|1700433040\n|move|p2b: Ogerpon|Spiky Shield|p2b: Ogerpon\n|-singleturn|p2b: Ogerpon|move: Protect\n|move|p1b: Arcanine|Rock Slide|p2b: Ogerpon|[spread] p2a\n|-activate|p2b: Ogerpon|move: Protect\n|-damage|p2a: Cresselia|84\/100\n|move|p2a: Cresselia|Lunar Blessing|p2a: Cresselia|[spread] p2a,p2b\n|-heal|p2a: Cresselia|100\/100\n|-heal|p2b: Ogerpon|40\/100\n|move|p1a: Iron Hands|Drain Punch|p2b: Ogerpon\n|-activate|p2b: Ogerpon|move: Protect\n|-damage|p1a: Iron Hands|75\/100|[from] Spiky Shield|[of] p2b: Ogerpon\n|\n|upkeep\n|turn|5\n|\n|t:|1700433080\n|move|p2a: Cresselia|Helping Hand|p2b: Ogerpon\n|-singleturn|p2b: Ogerpon|Helping Hand|[of] p2a: Cresselia\n|move|p2b: Ogerpon|Horn Leech|p1b: Arcanine\n|-damage|p1b: Arcanine|0 fnt\n|-heal|p2b: Ogerpon|100\/100|[from] drain|[of] p1b: Arcanine\n|faint|p1b: Arcanine\n|move|p1a: Iron Hands|Drain Punch|p2b: Ogerpon\n|-damage|p2b: Ogerpon|48\/100\n|-heal|p1a: Iron Hands|93\/100|[from] drain|[of] p2b: Ogerpon\n|\n|upkeep\n|\n|t:|1700433090\n|switch|p1b: Tornadus|Tornadus, L50, M|100\/100\n|turn|6\n|\n|t:|1700433110\n|move|p2b: Ogerpon|Spiky Shield|p2b: Ogerpon\n|-singleturn|p2b: Ogerpon|move: Protect\n|move|p1b: Tornadus|Rain Dance|p1b: Tornadus\n|-weather|RainDance\n|move|p2a: Cresselia|Lunar Blessing|p2a: Cresselia|[spread] p2a,p2b\n|-heal|p2b: Ogerpon|73\/100\n|move|p1a: Iron Hands|Heavy Slam|p2a: Cresselia\n|-damage|p2a: Cresselia|72\/100\n|\n|-weather|RainDance|[upkeep]\n|-heal|p2a: Cresselia|78\/100|[from] item: Leftovers\n|upkeep\n|turn|7\n|\n|t:|1700433129\n|move|p2b: Ogerpon|Horn Leech|p1b: Tornadus\n|-resisted|p1b: Tornadus\n|-damage|p1b: Tornadus|54\/100\n|-heal|p2b: Ogerpon|100\/100|[from] drain|[of] p1b: Tornadus\n|move|p1b: Tornadus|Bleakwind Storm|p2a: Cresselia|[spread] p2a,p2b\n|-supereffective|p2b: Ogerpon\n|-damage|p2a: Cresselia|63\/100\n|-damage|p2b: Ogerpon|31\/100\n|-unboost|p2b: Ogerpon|spe|1\n|move|p2a: Cresselia|Ice Beam|p1b: Tornadus\n|-supereffective|p1b: Tornadus\n|-damage|p1b: Tornadus|20\/100\n|move|p1a: Iron Hands|Drain Punch|p2b: Ogerpon\n|-damage|p2b: Ogerpon|0 fnt\n|-heal|p1a: Iron Hands|100\/100|[from] drain|[of] p2b: Ogerpon\n|faint|p2b: Ogerpon\n|\n|-weather|RainDance|[upkeep]\n|-heal|p2a: Cresselia|70\/100|[from] item: Leftovers\n|upkeep\n|\n|t:|1700433146\n|switch|p2b: Torkoal|Torkoal, L50, M|100\/100\n|-weather|SunnyDay|[from] ability: Drought|[of] p2b: Torkoal\n|turn|8\n|\n|t:|1700433179\n|move|p1b: Tornadus|Rain Dance|p1b: Tornadus\n|-weather|RainDance\n|move|p2a: Cresselia|Ice Beam|p1b: Tornadus\n|-supereffective|p1b: Tornadus\n|-damage|p1b: Tornadus|0 fnt\n|faint|p1b: Tornadus\n|move|p1a: Iron Hands|Drain Punch|p2b: Torkoal\n|-damage|p2b: Torkoal|71\/100\n|move|p2b: Torkoal|Earth Power|p1a: Iron Hands\n|-supereffective|p1a: Iron Hands\n|-damage|p1a: Iron Hands|74\/100\n|\n|-weather|RainDance|[upkeep]\n|-heal|p2a: Cresselia|76\/100|[from] item: Leftovers\n|upkeep\n|\n|t:|1700433191\n|switch|p1b: Ogerpon|Ogerpon-Wellspring, L50, F|100\/100\n|turn|9\n|\n|t:|1700433224\n|-terastallize|p2b: Torkoal|Grass\n|move|p2a: Cresselia|Helping Hand|p2b: Torkoal\n|-singleturn|p2b: Torkoal|Helping Hand|[of] p2a: Cresselia\n|move|p1b: Ogerpon|Ivy Cudgel|p2b: Torkoal|[anim] Ivy Cudgel Water\n|-resisted|p2b: Torkoal\n|-damage|p2b: Torkoal|44\/100\n|move|p1a: Iron Hands|Drain Punch|p2b: Torkoal\n|-damage|p2b: Torkoal|15\/100\n|-heal|p1a: Iron Hands|86\/100|[from] drain|[of] p2b: Torkoal\n|move|p2b: Torkoal|Earth Power|p1a: Iron Hands\n|-supereffective|p1a: Iron Hands\n|-damage|p1a: Iron Hands|47\/100\n|\n|-weather|RainDance|[upkeep]\n|-heal|p2a: Cresselia|82\/100|[from] item: Leftovers\n|upkeep\n|turn|10\n|\n|t:|1700433244\n|move|p2b: Torkoal|Protect|p2b: Torkoal\n|-singleturn|p2b: Torkoal|Protect\n|move|p1b: Ogerpon|Ivy Cudgel|p2b: Torkoal|[anim] Ivy Cudgel Water\n|-activate|p2b: Torkoal|move: Protect\n|move|p2a: Cresselia|Lunar Blessing|p2a: Cresselia|[spread] p2a,p2b\n|-heal|p2a: Cresselia|100\/100\n|-heal|p2b: Torkoal|40\/100\n|move|p1a: Iron Hands|Drain Punch|p2b: Torkoal\n|-activate|p2b: Torkoal|move: Protect\n|\n|-weather|RainDance|[upkeep]\n|upkeep\n|turn|11\n|\n|t:|1700433265\n|move|p1b: Ogerpon|Ivy Cudgel|p2b: Torkoal|[anim] Ivy Cudgel Water\n|-resisted|p2b: Torkoal\n|-damage|p2b: Torkoal|12\/100\n|move|p2a: Cresselia|Lunar Blessing|p2a: Cresselia|[spread] p2a,p2b\n|-heal|p2b: Torkoal|37\/100\n|move|p1a: Iron Hands|Drain Punch|p2b: Torkoal\n|-damage|p2b: Torkoal|6\/100\n|-heal|p1a: Iron Hands|60\/100|[from] drain|[of] p2b: Torkoal\n|move|p2b: Torkoal|Earth Power|p1a: Iron Hands\n|-supereffective|p1a: Iron Hands\n|-damage|p1a: Iron Hands|34\/100\n|\n|-weather|RainDance|[upkeep]\n|upkeep\n|turn|12\n|\n|t:|1700433302\n|move|p1b: Ogerpon|Ivy Cudgel|p2b: Torkoal|[anim] Ivy Cudgel Water\n|-resisted|p2b: Torkoal\n|-crit|p2b: Torkoal\n|-damage|p2b: Torkoal|0 fnt\n|faint|p2b: Torkoal\n|move|p2a: Cresselia|Lunar Blessing||[still]\n|-fail|p2a: Cresselia\n|move|p1a: Iron Hands|Heavy Slam|p2a: Cresselia\n|-damage|p2a: Cresselia|76\/100\n|\n|-weather|none\n|-heal|p2a: Cresselia|82\/100|[from] item: Leftovers\n|upkeep\n|turn|13\n|\n|t:|1700433319\n|move|p1b: Ogerpon|Ivy Cudgel|p2a: Cresselia|[anim] Ivy Cudgel Water\n|-damage|p2a: Cresselia|45\/100\n|move|p2a: Cresselia|Ice Beam|p1b: Ogerpon\n|-damage|p1b: Ogerpon|86\/100\n|move|p1a: Iron Hands|Drain Punch|p2a: Cresselia\n|-resisted|p2a: Cresselia\n|-damage|p2a: Cresselia|29\/100\n|-heal|p1a: Iron Hands|42\/100|[from] drain|[of] p2a: Cresselia\n|\n|-heal|p2a: Cresselia|35\/100|[from] item: Leftovers\n|upkeep\n|turn|14\n|\n|t:|1700433333\n|move|p1b: Ogerpon|Ivy Cudgel|p2a: Cresselia|[anim] Ivy Cudgel Water\n|-damage|p2a: Cresselia|0 fnt\n|faint|p2a: Cresselia\n|\n|win|Osprey11\n|c|\u2606Osprey11|gg\n|c|\u2606Puriner|ggs\n|l| Van. Volcanucks\n","uploadtime":1700433344,"views":6,"p1id":"osprey11","p2id":"puriner","formatid":"gen9vgc2023regulatione","rating":0,"private":0,"password":""}