{"id":"gen9vgc2023regulatione-1999012036","p1":"king bob the 31st","p2":"LongDragonKing428","format":"[Gen 9] VGC 2023 Regulation E","log":"|j|\u2606king bob the 31st\n|j|\u2606LongDragonKing428\n|t:|1701023742\n|gametype|doubles\n|player|p1|king bob the 31st|unknown|1194\n|player|p2|LongDragonKing428|gambler|1206\n|teamsize|p1|6\n|teamsize|p2|6\n|gen|9\n|tier|[Gen 9] VGC 2023 Regulation E\n|rated|\n|rule|Species Clause: Limit one of each Pok\u00e9mon\n|rule|Item Clause: Limit one of each item\n|clearpoke\n|poke|p1|Chien-Pao, L50|\n|poke|p1|Urshifu-*, L50, M|\n|poke|p1|Landorus-Therian, L50, M|\n|poke|p1|Rillaboom, L50, M|\n|poke|p1|Tornadus, L50, M|\n|poke|p1|Flutter Mane, L50|\n|poke|p2|Farigiraf, L50, F|\n|poke|p2|Ursaluna, L50, F|\n|poke|p2|Urshifu-*, L50, F|\n|poke|p2|Chien-Pao, L50|\n|poke|p2|Iron Hands, L50|\n|poke|p2|Amoonguss, L50, M|\n|teampreview|4\n|inactive|Battle timer is ON: inactive players will automatically lose when time's up. (requested by king bob the 31st)\n|inactive|king bob the 31st has 60 seconds left.\n|inactive|LongDragonKing428 has 60 seconds left.\n|\n|t:|1701023791\n|start\n|switch|p1a: Tornadus|Tornadus, L50, M, shiny|100\/100\n|switch|p1b: Chien-Pao|Chien-Pao, L50|100\/100\n|switch|p2a: Farigiraf|Farigiraf, L50, F|100\/100\n|switch|p2b: Chien-Pao|Chien-Pao, L50|100\/100\n|-ability|p1b: Chien-Pao|Sword of Ruin\n|-ability|p2b: Chien-Pao|Sword of Ruin\n|turn|1\n|inactive|LongDragonKing428 has 30 seconds left.\n|\n|t:|1701023825\n|-terastallize|p2a: Farigiraf|Fairy\n|move|p1a: Tornadus|Protect|p1a: Tornadus\n|-singleturn|p1a: Tornadus|Protect\n|move|p1b: Chien-Pao|Sacred Sword|p2b: Chien-Pao\n|-supereffective|p2b: Chien-Pao\n|-enditem|p2b: Chien-Pao|Focus Sash\n|-damage|p2b: Chien-Pao|1\/100\n|move|p2b: Chien-Pao|Sacred Sword|p1b: Chien-Pao\n|-supereffective|p1b: Chien-Pao\n|-enditem|p1b: Chien-Pao|Focus Sash\n|-damage|p1b: Chien-Pao|1\/100\n|move|p2a: Farigiraf|Dazzling Gleam|p1a: Tornadus|[spread] p1b\n|-activate|p1a: Tornadus|move: Protect\n|-supereffective|p1b: Chien-Pao\n|-damage|p1b: Chien-Pao|0 fnt\n|faint|p1b: Chien-Pao\n|\n|upkeep\n|\n|t:|1701023844\n|switch|p1b: Flutter Mane|Flutter Mane, L50|100\/100\n|-enditem|p1b: Flutter Mane|Booster Energy\n|-activate|p1b: Flutter Mane|ability: Protosynthesis|[fromitem]\n|-start|p1b: Flutter Mane|protosynthesisspe\n|turn|2\n|\n|t:|1701023861\n|move|p1a: Tornadus|Tailwind|p1a: Tornadus\n|-sidestart|p1: king bob the 31st|move: Tailwind\n|move|p1b: Flutter Mane|Dazzling Gleam|p2b: Chien-Pao|[spread] p2a,p2b\n|-supereffective|p2b: Chien-Pao\n|-damage|p2a: Farigiraf|73\/100\n|-damage|p2b: Chien-Pao|0 fnt\n|faint|p2b: Chien-Pao\n|move|p2a: Farigiraf|Imprison|p2a: Farigiraf\n|-start|p2a: Farigiraf|move: Imprison\n|\n|upkeep\n|\n|t:|1701023871\n|switch|p2b: Iron Hands|Iron Hands, L50|100\/100\n|turn|3\n|inactive|king bob the 31st has 30 seconds left.\n|inactive|king bob the 31st has 20 seconds left.\n|\n|t:|1701023907\n|move|p1b: Flutter Mane|Icy Wind|p2b: Iron Hands|[spread] p2a,p2b\n|-damage|p2a: Farigiraf|60\/100\n|-damage|p2b: Iron Hands|93\/100\n|-unboost|p2a: Farigiraf|spe|1\n|-unboost|p2b: Iron Hands|spe|1\n|move|p1a: Tornadus|Bleakwind Storm|p2a: Farigiraf|[spread] p2b\n|-miss|p1a: Tornadus|p2a: Farigiraf\n|-damage|p2b: Iron Hands|76\/100\n|move|p2b: Iron Hands|Heavy Slam|p1b: Flutter Mane\n|-supereffective|p1b: Flutter Mane\n|-damage|p1b: Flutter Mane|0 fnt\n|faint|p1b: Flutter Mane\n|-end|p1b: Flutter Mane|Protosynthesis|[silent]\n|move|p2a: Farigiraf|Trick Room|p2a: Farigiraf\n|-fieldstart|move: Trick Room|[of] p2a: Farigiraf\n|\n|upkeep\n|\n|t:|1701023918\n|switch|p1b: Urshifu|Urshifu-Rapid-Strike, L50, M|100\/100\n|turn|4\n|inactive|LongDragonKing428 has 30 seconds left.\n|\n|t:|1701023949\n|move|p1b: Urshifu|Detect|p1b: Urshifu\n|-singleturn|p1b: Urshifu|Protect\n|move|p2a: Farigiraf|Dazzling Gleam|p1b: Urshifu|[spread] p1a\n|-activate|p1b: Urshifu|move: Protect\n|-damage|p1a: Tornadus|78\/100\n|move|p2b: Iron Hands|Wild Charge|p1b: Urshifu\n|-activate|p1b: Urshifu|move: Protect\n|move|p1a: Tornadus|Bleakwind Storm|p2a: Farigiraf|[spread] p2a,p2b\n|-damage|p2a: Farigiraf|32\/100\n|-damage|p2b: Iron Hands|60\/100\n|\n|upkeep\n|turn|5\n|inactive|king bob the 31st has 30 seconds left.\n|\n|t:|1701023977\n|-terastallize|p1b: Urshifu|Water\n|move|p1b: Urshifu|Aqua Jet||[still]\n|cant|p2a: Farigiraf|ability: Armor Tail|Aqua Jet|[of] p1b: Urshifu\n|move|p2a: Farigiraf|Dazzling Gleam|p1b: Urshifu|[spread] p1a,p1b\n|-damage|p1a: Tornadus|55\/100\n|-damage|p1b: Urshifu|60\/100\n|move|p2b: Iron Hands|Wild Charge|p1a: Tornadus\n|-supereffective|p1a: Tornadus\n|-damage|p1a: Tornadus|0 fnt\n|faint|p1a: Tornadus\n|-damage|p2b: Iron Hands|49\/100|[from] Recoil\n|\n|-sideend|p1: king bob the 31st|move: Tailwind\n|upkeep\n|turn|6\n|\n|t:|1701023994\n|move|p2a: Farigiraf|Dazzling Gleam|p1b: Urshifu\n|-damage|p1b: Urshifu|2\/100\n|move|p2b: Iron Hands|Wild Charge|p1b: Urshifu\n|-supereffective|p1b: Urshifu\n|-damage|p1b: Urshifu|0 fnt\n|faint|p1b: Urshifu\n|-damage|p2b: Iron Hands|48\/100|[from] Recoil\n|\n|win|LongDragonKing428\n|raw|king bob the 31st's rating: 1194 &rarr; <strong>1170<\/strong><br \/>(-24 for losing)\n|raw|LongDragonKing428's rating: 1206 &rarr; <strong>1230<\/strong><br \/>(+24 for winning)\n|l|\u2606king bob the 31st\n","uploadtime":1701024006,"views":3,"p1id":"kingbobthe31st","p2id":"longdragonking428","formatid":"gen9vgc2023regulatione","rating":1170,"private":0,"password":""}