{"id":"gen9vgc2023regulatione-1991364638","p1":"AceofJades39","p2":"Sokolata_","format":"[Gen 9] VGC 2023 Regulation E","log":"|j|\u2606AceofJades39\n|j|\u2606Sokolata_\n|t:|1700071001\n|gametype|doubles\n|player|p1|AceofJades39|acetrainerf-gen4dp|1408\n|player|p2|Sokolata_|265|1407\n|teamsize|p1|6\n|teamsize|p2|6\n|gen|9\n|tier|[Gen 9] VGC 2023 Regulation E\n|rated|\n|rule|Species Clause: Limit one of each Pok\u00e9mon\n|rule|Item Clause: Limit one of each item\n|clearpoke\n|poke|p1|Iron Hands, L50|\n|poke|p1|Flutter Mane, L50|\n|poke|p1|Landorus-Therian, L50, M|\n|poke|p1|Ogerpon-Wellspring, L50, F|\n|poke|p1|Chi-Yu, L50|\n|poke|p1|Sinistcha, L50|\n|poke|p2|Dondozo, L50, F|\n|poke|p2|Tatsugiri, L50, M|\n|poke|p2|Glimmora, L50, F|\n|poke|p2|Ninetales-Alola, L50, F|\n|poke|p2|Flutter Mane, L50|\n|poke|p2|Ogerpon-Hearthflame, L50, F|\n|teampreview|4\n|\n|t:|1700071067\n|start\n|switch|p1a: Piano|Landorus-Therian, L50, M|100\/100\n|switch|p1b: Hugo|Iron Hands, L50|100\/100\n|switch|p2a: Ninetales|Ninetales-Alola, L50, F, shiny|100\/100\n|switch|p2b: Ogerpon|Ogerpon-Hearthflame, L50, F|100\/100\n|-ability|p1a: Piano|Intimidate|boost\n|-unboost|p2a: Ninetales|atk|1\n|-unboost|p2b: Ogerpon|atk|1\n|-ability|p2b: Ogerpon|Mold Breaker\n|-weather|Snow|[from] ability: Snow Warning|[of] p2a: Ninetales\n|turn|1\n|\n|t:|1700071083\n|move|p2b: Ogerpon|Spiky Shield|p2b: Ogerpon\n|-singleturn|p2b: Ogerpon|move: Protect\n|move|p2a: Ninetales|Protect|p2a: Ninetales\n|-singleturn|p2a: Ninetales|Protect\n|move|p1b: Hugo|Fake Out|p2a: Ninetales\n|-activate|p2a: Ninetales|move: Protect\n|move|p1a: Piano|Rock Slide|p2a: Ninetales|[spread] \n|-activate|p2a: Ninetales|move: Protect\n|-activate|p2b: Ogerpon|move: Protect\n|\n|-weather|Snow|[upkeep]\n|upkeep\n|turn|2\n|\n|t:|1700071106\n|-end|p1b: Hugo|Quark Drive|[silent]\n|switch|p1b: Fionna|Ogerpon-Wellspring, L50, F|100\/100\n|move|p1a: Piano|Rock Slide|p2b: Ogerpon|[spread] p2a,p2b\n|-supereffective|p2a: Ninetales\n|-supereffective|p2b: Ogerpon\n|-damage|p2a: Ninetales|67\/100\n|-damage|p2b: Ogerpon|45\/100\n|move|p2b: Ogerpon|Knock Off|p1b: Fionna\n|-crit|p1b: Fionna\n|-damage|p1b: Fionna|65\/100\n|move|p2a: Ninetales|Aurora Veil|p2a: Ninetales\n|-sidestart|p2: Sokolata_|move: Aurora Veil\n|\n|-weather|Snow|[upkeep]\n|upkeep\n|turn|3\n|\n|t:|1700071122\n|move|p2b: Ogerpon|Spiky Shield|p2b: Ogerpon\n|-singleturn|p2b: Ogerpon|move: Protect\n|move|p1a: Piano|Rock Slide|p2b: Ogerpon|[spread] p2a\n|-activate|p2b: Ogerpon|move: Protect\n|-supereffective|p2a: Ninetales\n|-crit|p2a: Ninetales\n|-damage|p2a: Ninetales|19\/100\n|cant|p2a: Ninetales|flinch\n|move|p1b: Fionna|Ivy Cudgel|p2b: Ogerpon|[anim] Ivy Cudgel Water\n|-activate|p2b: Ogerpon|move: Protect\n|\n|-weather|Snow|[upkeep]\n|upkeep\n|turn|4\n|\n|t:|1700071150\n|switch|p1b: Hugo|Iron Hands, L50|100\/100\n|move|p2a: Ninetales|Protect|p2a: Ninetales\n|-singleturn|p2a: Ninetales|Protect\n|move|p1a: Piano|Rock Slide|p2b: Ogerpon|[spread] p2b\n|-activate|p2a: Ninetales|move: Protect\n|-supereffective|p2b: Ogerpon\n|-damage|p2b: Ogerpon|9\/100\n|move|p2b: Ogerpon|Ivy Cudgel|p1a: Piano|[anim] Ivy Cudgel Fire\n|-damage|p1a: Piano|57\/100\n|\n|-weather|Snow|[upkeep]\n|upkeep\n|turn|5\n|\n|t:|1700071168\n|move|p1b: Hugo|Fake Out|p2a: Ninetales\n|-damage|p2a: Ninetales|11\/100\n|move|p1a: Piano|Rock Slide|p2a: Ninetales|[spread] \n|-miss|p1a: Piano|p2a: Ninetales\n|-miss|p1a: Piano|p2b: Ogerpon\n|move|p2b: Ogerpon|Knock Off|p1a: Piano\n|-damage|p1a: Piano|30\/100\n|-enditem|p1a: Piano|Choice Scarf|[from] move: Knock Off|[of] p2b: Ogerpon\n|cant|p2a: Ninetales|flinch\n|\n|-weather|none\n|upkeep\n|turn|6\n|\n|t:|1700071193\n|switch|p1a: Fionna|Ogerpon-Wellspring, L50, F|65\/100\n|move|p2b: Ogerpon|Ivy Cudgel|p1b: Hugo|[anim] Ivy Cudgel Fire\n|-damage|p1b: Hugo|73\/100\n|move|p2a: Ninetales|Blizzard|p1b: Hugo|[spread] p1a,p1b\n|-damage|p1a: Fionna|41\/100\n|-damage|p1b: Hugo|60\/100\n|move|p1b: Hugo|Wild Charge|p2a: Ninetales\n|-damage|p2a: Ninetales|0 fnt\n|faint|p2a: Ninetales\n|-damage|p1b: Hugo|57\/100|[from] Recoil\n|\n|upkeep\n|\n|t:|1700071207\n|switch|p2a: Dondozo|Dondozo, L50, F|100\/100\n|turn|7\n|\n|t:|1700071263\n|switch|p2b: Tatsugiri|Tatsugiri, L50, M|100\/100\n|-activate|p2b: Tatsugiri|ability: Commander|[of] p2a: Dondozo\n|-boost|p2a: Dondozo|atk|2\n|-boost|p2a: Dondozo|spa|2\n|-boost|p2a: Dondozo|spe|2\n|-boost|p2a: Dondozo|def|2\n|-boost|p2a: Dondozo|spd|2\n|-terastallize|p2a: Dondozo|Dragon\n|move|p1a: Fionna|Horn Leech|p2a: Dondozo\n|-resisted|p2a: Dondozo\n|-damage|p2a: Dondozo|96\/100\n|-heal|p1a: Fionna|43\/100|[from] drain|[of] p2a: Dondozo\n|move|p2a: Dondozo|Substitute|p2a: Dondozo\n|-start|p2a: Dondozo|Substitute\n|-damage|p2a: Dondozo|71\/100\n|move|p1b: Hugo|Wild Charge|p2a: Dondozo\n|-resisted|p2a: Dondozo\n|-activate|p2a: Dondozo|move: Substitute|[damage]\n|-damage|p1b: Hugo|56\/100|[from] Recoil|[of] p2a: Dondozo\n|\n|-heal|p2a: Dondozo|77\/100|[from] item: Leftovers\n|upkeep\n|turn|8\n|\n|t:|1700071286\n|move|p2a: Dondozo|Protect|p2a: Dondozo\n|-singleturn|p2a: Dondozo|Protect\n|move|p1a: Fionna|Ivy Cudgel|p2a: Dondozo|[anim] Ivy Cudgel Water\n|-activate|p2a: Dondozo|move: Protect\n|move|p1b: Hugo|Drain Punch|p2a: Dondozo\n|-activate|p2a: Dondozo|move: Protect\n|\n|-heal|p2a: Dondozo|84\/100|[from] item: Leftovers\n|upkeep\n|turn|9\n|\n|t:|1700071296\n|move|p1a: Fionna|Ivy Cudgel|p2a: Dondozo|[anim] Ivy Cudgel Water\n|-resisted|p2a: Dondozo\n|-activate|p2a: Dondozo|move: Substitute|[damage]\n|move|p2a: Dondozo|Order Up|p1a: Fionna\n|-damage|p1a: Fionna|0 fnt\n|faint|p1a: Fionna\n|-boost|p2a: Dondozo|atk|1\n|move|p1b: Hugo|Drain Punch|p2a: Dondozo\n|-activate|p2a: Dondozo|move: Substitute|[damage]\n|-heal|p1b: Hugo|61\/100|[from] drain|[of] p2a: Dondozo\n|\n|-heal|p2a: Dondozo|90\/100|[from] item: Leftovers\n|-sideend|p2: Sokolata_|move: Aurora Veil\n|upkeep\n|\n|t:|1700071314\n|switch|p1a: Chug Jug|Sinistcha, L50|100\/100\n|-heal|p1b: Hugo|86\/100|[from] ability: Hospitality|[of] p1a: Chug Jug\n|turn|10\n|\n|t:|1700071334\n|move|p2a: Dondozo|Order Up|p1a: Chug Jug\n|-damage|p1a: Chug Jug|56\/100\n|-boost|p2a: Dondozo|atk|1\n|move|p1a: Chug Jug|Matcha Gotcha|p2a: Dondozo|[spread] p2a\n|-miss|p1a: Chug Jug|p2b: Tatsugiri\n|-resisted|p2a: Dondozo\n|-end|p2a: Dondozo|Substitute\n|-heal|p1a: Chug Jug|59\/100|[from] drain|[of] p2a: Dondozo\n|move|p1b: Hugo|Drain Punch|p2a: Dondozo\n|-damage|p2a: Dondozo|77\/100\n|-heal|p1b: Hugo|92\/100|[from] drain|[of] p2a: Dondozo\n|\n|-heal|p2a: Dondozo|84\/100|[from] item: Leftovers\n|upkeep\n|turn|11\n|\n|t:|1700071350\n|move|p2a: Dondozo|Substitute|p2a: Dondozo\n|-start|p2a: Dondozo|Substitute\n|-damage|p2a: Dondozo|59\/100\n|move|p1b: Hugo|Drain Punch|p2a: Dondozo\n|-activate|p2a: Dondozo|move: Substitute|[damage]\n|-heal|p1b: Hugo|98\/100|[from] drain|[of] p2a: Dondozo\n|move|p1a: Chug Jug|Trick Room|p1a: Chug Jug\n|-fieldstart|move: Trick Room|[of] p1a: Chug Jug\n|\n|-heal|p2a: Dondozo|65\/100|[from] item: Leftovers\n|upkeep\n|turn|12\n|\n|t:|1700071360\n|move|p2a: Dondozo|Protect|p2a: Dondozo\n|-singleturn|p2a: Dondozo|Protect\n|move|p1b: Hugo|Drain Punch|p2a: Dondozo\n|-activate|p2a: Dondozo|move: Protect\n|move|p1a: Chug Jug|Matcha Gotcha|p2a: Dondozo|[spread] \n|-miss|p1a: Chug Jug|p2b: Tatsugiri\n|-activate|p2a: Dondozo|move: Protect\n|\n|-heal|p2a: Dondozo|71\/100|[from] item: Leftovers\n|upkeep\n|turn|13\n|\n|t:|1700071370\n|move|p1b: Hugo|Drain Punch|p2a: Dondozo\n|-end|p2a: Dondozo|Substitute\n|-heal|p1b: Hugo|100\/100|[from] drain|[of] p2a: Dondozo\n|move|p1a: Chug Jug|Matcha Gotcha|p2b: Tatsugiri|[spread] p2a\n|-miss|p1a: Chug Jug|p2b: Tatsugiri\n|-resisted|p2a: Dondozo\n|-crit|p2a: Dondozo\n|-damage|p2a: Dondozo|56\/100\n|-heal|p1a: Chug Jug|68\/100|[from] drain|[of] p2a: Dondozo\n|-status|p2a: Dondozo|brn\n|move|p2a: Dondozo|Order Up|p1a: Chug Jug\n|-damage|p1a: Chug Jug|40\/100\n|-boost|p2a: Dondozo|atk|1\n|\n|-heal|p2a: Dondozo|62\/100 brn|[from] item: Leftovers\n|-damage|p2a: Dondozo|56\/100 brn|[from] brn\n|upkeep\n|turn|14\n|\n|t:|1700071391\n|move|p2a: Dondozo|Protect|p2a: Dondozo\n|-singleturn|p2a: Dondozo|Protect\n|move|p1b: Hugo|Drain Punch|p2a: Dondozo\n|-activate|p2a: Dondozo|move: Protect\n|move|p1a: Chug Jug|Strength Sap|p2a: Dondozo\n|-activate|p2a: Dondozo|move: Protect\n|\n|-heal|p2a: Dondozo|62\/100 brn|[from] item: Leftovers\n|-damage|p2a: Dondozo|56\/100 brn|[from] brn\n|upkeep\n|turn|15\n|\n|t:|1700071395\n|move|p1b: Hugo|Drain Punch|p2a: Dondozo\n|-damage|p2a: Dondozo|43\/100 brn\n|move|p1a: Chug Jug|Strength Sap|p2a: Dondozo\n|-unboost|p2a: Dondozo|atk|1\n|-heal|p1a: Chug Jug|100\/100\n|move|p2a: Dondozo|Order Up|p1a: Chug Jug\n|-damage|p1a: Chug Jug|72\/100\n|-boost|p2a: Dondozo|atk|1\n|\n|-heal|p2a: Dondozo|49\/100 brn|[from] item: Leftovers\n|-damage|p2a: Dondozo|43\/100 brn|[from] brn\n|-fieldend|move: Trick Room\n|upkeep\n|turn|16\n|\n|t:|1700071413\n|move|p2a: Dondozo|Substitute|p2a: Dondozo\n|-start|p2a: Dondozo|Substitute\n|-damage|p2a: Dondozo|18\/100 brn\n|move|p1b: Hugo|Drain Punch|p2a: Dondozo\n|-activate|p2a: Dondozo|move: Substitute|[damage]\n|move|p1a: Chug Jug|Trick Room|p1a: Chug Jug\n|-fieldstart|move: Trick Room|[of] p1a: Chug Jug\n|\n|-heal|p2a: Dondozo|24\/100 brn|[from] item: Leftovers\n|-damage|p2a: Dondozo|18\/100 brn|[from] brn\n|upkeep\n|turn|17\n|\n|t:|1700071430\n|move|p2a: Dondozo|Protect|p2a: Dondozo\n|-singleturn|p2a: Dondozo|Protect\n|move|p1b: Hugo|Drain Punch|p2a: Dondozo\n|-activate|p2a: Dondozo|move: Protect\n|move|p1a: Chug Jug|Strength Sap|p2a: Dondozo\n|-activate|p2a: Dondozo|move: Protect\n|\n|-heal|p2a: Dondozo|24\/100 brn|[from] item: Leftovers\n|-damage|p2a: Dondozo|18\/100 brn|[from] brn\n|upkeep\n|turn|18\n|\n|t:|1700071438\n|move|p1b: Hugo|Drain Punch|p2a: Dondozo\n|-end|p2a: Dondozo|Substitute\n|move|p1a: Chug Jug|Strength Sap|p2a: Dondozo\n|-unboost|p2a: Dondozo|atk|1\n|-heal|p1a: Chug Jug|100\/100\n|move|p2a: Dondozo|Earthquake|p1a: Chug Jug|[spread] p1a,p1b\n|-miss|p2a: Dondozo|p2b: Tatsugiri\n|-resisted|p1a: Chug Jug\n|-supereffective|p1b: Hugo\n|-damage|p1a: Chug Jug|92\/100\n|-damage|p1b: Hugo|64\/100\n|\n|-heal|p2a: Dondozo|24\/100 brn|[from] item: Leftovers\n|-damage|p2a: Dondozo|18\/100 brn|[from] brn\n|upkeep\n|turn|19\n|\n|t:|1700071462\n|-end|p1b: Hugo|Quark Drive|[silent]\n|switch|p1b: Piano|Landorus-Therian, L50, M|30\/100\n|-ability|p1b: Piano|Intimidate|boost\n|-unboost|p2a: Dondozo|atk|1\n|-unboost|p2b: Tatsugiri|atk|1\n|move|p1a: Chug Jug|Rage Powder|p1a: Chug Jug\n|-singleturn|p1a: Chug Jug|move: Rage Powder\n|move|p2a: Dondozo|Earthquake|p1b: Piano|[spread] p1a\n|-miss|p2a: Dondozo|p2b: Tatsugiri\n|-immune|p1b: Piano\n|-resisted|p1a: Chug Jug\n|-damage|p1a: Chug Jug|84\/100\n|\n|-heal|p2a: Dondozo|24\/100 brn|[from] item: Leftovers\n|-damage|p2a: Dondozo|18\/100 brn|[from] brn\n|upkeep\n|turn|20\n|\n|t:|1700071489\n|switch|p1a: Hugo|Iron Hands, L50|64\/100\n|move|p2a: Dondozo|Protect|p2a: Dondozo\n|-singleturn|p2a: Dondozo|Protect\n|move|p1b: Piano|U-turn|p2a: Dondozo\n|-activate|p2a: Dondozo|move: Protect\n|\n|-heal|p2a: Dondozo|24\/100 brn|[from] item: Leftovers\n|-damage|p2a: Dondozo|18\/100 brn|[from] brn\n|-fieldend|move: Trick Room\n|upkeep\n|turn|21\n|\n|t:|1700071496\n|move|p1a: Hugo|Fake Out|p2a: Dondozo\n|-damage|p2a: Dondozo|13\/100 brn\n|move|p1b: Piano|U-turn|p2a: Dondozo\n|-damage|p2a: Dondozo|4\/100 brn\n|\n|t:|1700071500\n|switch|p1b: Chug Jug|Sinistcha, L50|84\/100|[from] U-turn\n|-heal|p1a: Hugo|89\/100|[from] ability: Hospitality|[of] p1b: Chug Jug\n|cant|p2a: Dondozo|flinch\n|\n|-heal|p2a: Dondozo|11\/100 brn|[from] item: Leftovers\n|-damage|p2a: Dondozo|4\/100 brn|[from] brn\n|upkeep\n|turn|22\n|\n|t:|1700071520\n|move|p2a: Dondozo|Order Up|p1a: Hugo\n|-damage|p1a: Hugo|62\/100\n|-boost|p2a: Dondozo|atk|1\n|move|p1a: Hugo|Drain Punch|p2a: Dondozo\n|-crit|p2a: Dondozo\n|-damage|p2a: Dondozo|0 fnt\n|-heal|p1a: Hugo|64\/100|[from] drain|[of] p2a: Dondozo\n|faint|p2a: Dondozo\n|move|p1b: Chug Jug|Trick Room|p1b: Chug Jug\n|-fieldstart|move: Trick Room|[of] p1b: Chug Jug\n|\n|upkeep\n|inactive|Battle timer is ON: inactive players will automatically lose when time's up. (requested by Sokolata_)\n|\n|t:|1700071525\n|switch|p2a: Ogerpon|Ogerpon-Hearthflame, L50, F|9\/100\n|-ability|p2a: Ogerpon|Mold Breaker\n|turn|23\n|\n|t:|1700071534\n|move|p1a: Hugo|Drain Punch|p2a: Ogerpon\n|-damage|p2a: Ogerpon|0 fnt\n|-heal|p1a: Hugo|67\/100|[from] drain|[of] p2a: Ogerpon\n|faint|p2a: Ogerpon\n|move|p1b: Chug Jug|Matcha Gotcha|p2b: Tatsugiri\n|-damage|p2b: Tatsugiri|62\/100\n|-heal|p1b: Chug Jug|99\/100|[from] drain|[of] p2b: Tatsugiri\n|move|p2b: Tatsugiri|Taunt|p1b: Chug Jug\n|-start|p1b: Chug Jug|move: Taunt\n|\n|upkeep\n|turn|24\n|\n|t:|1700071547\n|move|p1a: Hugo|Wild Charge|p2b: Tatsugiri\n|-damage|p2b: Tatsugiri|0 fnt\n|faint|p2b: Tatsugiri\n|-damage|p1a: Hugo|57\/100|[from] Recoil\n|\n|win|AceofJades39\n|raw|AceofJades39's rating: 1408 &rarr; <strong>1428<\/strong><br \/>(+20 for winning)\n|raw|Sokolata_'s rating: 1407 &rarr; <strong>1387<\/strong><br \/>(-20 for losing)\n|l|\u2606Sokolata_\n","uploadtime":1700071555,"views":20,"p1id":"aceofjades39","p2id":"sokolata","formatid":"gen9vgc2023regulatione","rating":1387,"private":0,"password":""}