{"id":"gen9vgc2023regulatione-1994503636","p1":"TheLegendaryMuffin","p2":"SnrubYesthatlldo","format":"[Gen 9] VGC 2023 Regulation E","log":"|j|\u2606TheLegendaryMuffin\n|j|\u2606SnrubYesthatlldo\n|t:|1700451685\n|gametype|doubles\n|player|p1|TheLegendaryMuffin|hiker-gen4|1582\n|player|p2|SnrubYesthatlldo|101|1725\n|teamsize|p1|6\n|teamsize|p2|6\n|gen|9\n|tier|[Gen 9] VGC 2023 Regulation E\n|rated|\n|rule|Species Clause: Limit one of each Pok\u00e9mon\n|rule|Item Clause: Limit one of each item\n|clearpoke\n|poke|p1|Lucario, L50, M|\n|poke|p1|Chien-Pao, L50|\n|poke|p1|Tornadus, L50, M|\n|poke|p1|Rillaboom, L50, M|\n|poke|p1|Gholdengo, L50|\n|poke|p1|Landorus-Therian, L50, M|\n|poke|p2|Roaring Moon, L50|\n|poke|p2|Chi-Yu, L50|\n|poke|p2|Flutter Mane, L50|\n|poke|p2|Amoonguss, L50, F|\n|poke|p2|Corviknight, L50, M|\n|poke|p2|Urshifu-*, L50, M|\n|teampreview|4\nSnrubYesthatlldo has agreed to open team sheets.\nTheLegendaryMuffin has agreed to open team sheets.\n|\n|t:|1700451721\n|start\n|switch|p1a: Doggonite|Lucario, L50, M|100\/100\n|switch|p1b: Chien-Pao|Chien-Pao, L50|100\/100\n|switch|p2a: Roaring Moon|Roaring Moon, L50|100\/100\n|switch|p2b: Urshifu|Urshifu-Rapid-Strike, L50, M|100\/100\n|-ability|p1b: Chien-Pao|Sword of Ruin\n|-enditem|p2a: Roaring Moon|Booster Energy\n|-activate|p2a: Roaring Moon|ability: Protosynthesis|[fromitem]\n|-start|p2a: Roaring Moon|protosynthesisspe\n|turn|1\n|j| WeOutHereVibin\n|\n|t:|1700451740\n|-terastallize|p2b: Urshifu|Water\n|-terastallize|p1a: Doggonite|Normal\n|move|p1a: Doggonite|Extreme Speed|p2b: Urshifu\n|-damage|p2b: Urshifu|16\/100\n|move|p1b: Chien-Pao|Sucker Punch|p2b: Urshifu\n|-damage|p2b: Urshifu|0 fnt\n|faint|p2b: Urshifu\n|move|p2a: Roaring Moon|Tailwind|p2a: Roaring Moon\n|-sidestart|p2: SnrubYesthatlldo|move: Tailwind\n|\n|upkeep\n|\n|t:|1700451756\n|switch|p2b: Flutter Mane|Flutter Mane, L50|100\/100\n|turn|2\n|\n|t:|1700451779\n|move|p1a: Doggonite|Extreme Speed|p2a: Roaring Moon\n|-damage|p2a: Roaring Moon|29\/100\n|move|p1b: Chien-Pao|Sucker Punch|p2a: Roaring Moon\n|-resisted|p2a: Roaring Moon\n|-damage|p2a: Roaring Moon|6\/100\n|move|p2a: Roaring Moon|Breaking Swipe|p1b: Chien-Pao|[spread] p1a,p1b\n|-damage|p1a: Doggonite|55\/100\n|-damage|p1b: Chien-Pao|71\/100\n|-unboost|p1a: Doggonite|atk|1\n|-unboost|p1b: Chien-Pao|atk|1\n|move|p2b: Flutter Mane|Dazzling Gleam|p1a: Doggonite|[spread] p1a,p1b\n|-supereffective|p1b: Chien-Pao\n|-damage|p1a: Doggonite|0 fnt\n|-damage|p1b: Chien-Pao|0 fnt\n|faint|p1a: Doggonite\n|faint|p1b: Chien-Pao\n|\n|upkeep\n|\n|t:|1700451782\n|switch|p1b: Rillaboom|Rillaboom, L50, M|100\/100\n|switch|p1a: Landorus|Landorus-Therian, L50, M|100\/100\n|-ability|p1a: Landorus|Intimidate|boost\n|-unboost|p2a: Roaring Moon|atk|1\n|-unboost|p2b: Flutter Mane|atk|1\n|-fieldstart|move: Grassy Terrain|[from] ability: Grassy Surge|[of] p1b: Rillaboom\n|turn|3\n|c|\u2606TheLegendaryMuffin|God lucario is ass lol\n|\n|t:|1700451812\n|move|p1b: Rillaboom|Fake Out|p2a: Roaring Moon\n|-crit|p2a: Roaring Moon\n|-damage|p2a: Roaring Moon|0 fnt\n|faint|p2a: Roaring Moon\n|-end|p2a: Roaring Moon|Protosynthesis|[silent]\n|move|p2b: Flutter Mane|Dazzling Gleam|p1b: Rillaboom|[spread] p1a,p1b\n|-damage|p1a: Landorus|46\/100\n|-damage|p1b: Rillaboom|66\/100\n|move|p1a: Landorus|Stomping Tantrum|p2b: Flutter Mane\n|-damage|p2b: Flutter Mane|36\/100\n|\n|-heal|p2b: Flutter Mane|42\/100|[from] Grassy Terrain\n|-heal|p1b: Rillaboom|72\/100|[from] Grassy Terrain\n|upkeep\n|\n|t:|1700451814\n|switch|p2a: Corviknight|Corviknight, L50, M|100\/100\n|turn|4\n|\n|t:|1700451822\n|move|p1b: Rillaboom|Grassy Glide|p2b: Flutter Mane\n|-damage|p2b: Flutter Mane|0 fnt\n|faint|p2b: Flutter Mane\n|-end|p2b: Flutter Mane|Protosynthesis|[silent]\n|move|p1a: Landorus|Stomping Tantrum|p2a: Corviknight\n|-immune|p2a: Corviknight\n|move|p2a: Corviknight|Brave Bird|p1b: Rillaboom\n|-supereffective|p1b: Rillaboom\n|-damage|p1b: Rillaboom|0 fnt\n|faint|p1b: Rillaboom\n|-damage|p2a: Corviknight|77\/100|[from] Recoil\n|\n|-sideend|p2: SnrubYesthatlldo|move: Tailwind\n|upkeep\n|turn|5\n|-message|TheLegendaryMuffin forfeited.\n|\n|win|SnrubYesthatlldo\n|raw|TheLegendaryMuffin's rating: 1582 &rarr; <strong>1570<\/strong><br \/>(-12 for losing)\n|raw|SnrubYesthatlldo's rating: 1725 &rarr; <strong>1737<\/strong><br \/>(+12 for winning)\n|l|\u2606TheLegendaryMuffin\n|c|\u2606SnrubYesthatlldo|My moon is ridiculously bulky haha\n|c|\u2606SnrubYesthatlldo|gg\n|l| WeOutHereVibin\n","uploadtime":1700451938,"views":11,"p1id":"thelegendarymuffin","p2id":"snrubyesthatlldo","formatid":"gen9vgc2023regulatione","rating":1570,"private":0,"password":""}