{"id":"gen9vgc2023regulatione-1989420470","p1":"Shikahkah","p2":"AbsRam","format":"[Gen 9] VGC 2023 Regulation E","log":"|j|\u2606Shikahkah\n|j|\u2606AbsRam\n|t:|1699847999\n|gametype|doubles\n|player|p1|Shikahkah|170|1314\n|player|p2|AbsRam|1|1423\n|teamsize|p1|6\n|teamsize|p2|6\n|gen|9\n|tier|[Gen 9] VGC 2023 Regulation E\n|rated|\n|rule|Species Clause: Limit one of each Pok\u00e9mon\n|rule|Item Clause: Limit one of each item\n|clearpoke\n|poke|p1|Kleavor, L50, M|\n|poke|p1|Cresselia, L50, F|\n|poke|p1|Scizor, L50, F|\n|poke|p1|Ting-Lu, L50|\n|poke|p1|Iron Bundle, L50|\n|poke|p1|Tornadus, L50, M|\n|poke|p2|Grimmsnarl, L50, M|\n|poke|p2|Iron Bundle, L50|\n|poke|p2|Abomasnow, L50, F|\n|poke|p2|Ursaluna, L50, M|\n|poke|p2|Cresselia, L50, F|\n|poke|p2|Arcanine-Hisui, L50, F|\n|teampreview|4\n|inactive|Battle timer is ON: inactive players will automatically lose when time's up. (requested by AbsRam)\n|inactive|Shikahkah has 60 seconds left.\n|\n|t:|1699848042\n|start\n|switch|p1a: Kleavor|Kleavor, L50, M|100\/100\n|switch|p1b: Tornadus|Tornadus, L50, M|100\/100\n|switch|p2a: Grimmsnarl|Grimmsnarl, L50, M, shiny|100\/100\n|switch|p2b: Arcanine|Arcanine-Hisui, L50, F|100\/100\n|-ability|p2b: Arcanine|Intimidate|boost\n|-fail|p1a: Kleavor|unboost|[from] item: Clear Amulet|[of] p1a: Kleavor\n|-unboost|p1b: Tornadus|atk|1\n|turn|1\n|inactive|Shikahkah has 30 seconds left.\n|\n|t:|1699848068\n|move|p2a: Grimmsnarl|Fake Out|p1a: Kleavor\n|-resisted|p1a: Kleavor\n|-damage|p1a: Kleavor|90\/100\n|move|p1b: Tornadus|Tailwind|p1b: Tornadus\n|-sidestart|p1: Shikahkah|move: Tailwind\n|cant|p1a: Kleavor|flinch\n|move|p2b: Arcanine|Rock Slide|p1a: Kleavor|[spread] p1a,p1b\n|-supereffective|p1a: Kleavor\n|-supereffective|p1b: Tornadus\n|-damage|p1a: Kleavor|17\/100\n|-damage|p1b: Tornadus|14\/100\n|\n|upkeep\n|turn|2\n|\n|t:|1699848084\n|move|p2a: Grimmsnarl|Sucker Punch|p1a: Kleavor\n|-damage|p1a: Kleavor|0 fnt\n|faint|p1a: Kleavor\n|move|p1b: Tornadus|Bleakwind Storm|p2b: Arcanine|[spread] p2a,p2b\n|-resisted|p2b: Arcanine\n|-damage|p2a: Grimmsnarl|53\/100\n|-damage|p2b: Arcanine|73\/100\n|-unboost|p2b: Arcanine|spe|1\n|move|p2b: Arcanine|Rock Slide|p1b: Tornadus\n|-supereffective|p1b: Tornadus\n|-damage|p1b: Tornadus|0 fnt\n|faint|p1b: Tornadus\n|\n|upkeep\n|\n|t:|1699848092\n|switch|p1b: Ting-Lu|Ting-Lu, L50|100\/100\n|switch|p1a: Iron Bundle|Iron Bundle, L50|100\/100\n|-ability|p1b: Ting-Lu|Vessel of Ruin\n|-enditem|p1a: Iron Bundle|Booster Energy\n|-activate|p1a: Iron Bundle|ability: Quark Drive|[fromitem]\n|-start|p1a: Iron Bundle|quarkdrivespe\n|turn|3\n|\n|t:|1699848106\n|switch|p2b: Abomasnow|Abomasnow, L50, F, shiny|100\/100\n|-weather|Snow|[from] ability: Snow Warning|[of] p2b: Abomasnow\n|move|p1a: Iron Bundle|Protect|p1a: Iron Bundle\n|-singleturn|p1a: Iron Bundle|Protect\n|move|p2a: Grimmsnarl|Parting Shot|p1a: Iron Bundle\n|-activate|p1a: Iron Bundle|move: Protect\n|move|p1b: Ting-Lu|Heavy Slam|p2a: Grimmsnarl\n|-supereffective|p2a: Grimmsnarl\n|-damage|p2a: Grimmsnarl|0 fnt\n|faint|p2a: Grimmsnarl\n|\n|-weather|Snow|[upkeep]\n|upkeep\n|\n|t:|1699848121\n|switch|p2a: Iron Bundle|Iron Bundle, L50|100\/100\n|-enditem|p2a: Iron Bundle|Booster Energy\n|-activate|p2a: Iron Bundle|ability: Quark Drive|[fromitem]\n|-start|p2a: Iron Bundle|quarkdrivespe\n|turn|4\n|\n|t:|1699848145\n|move|p1a: Iron Bundle|Freeze-Dry|p2b: Abomasnow\n|-damage|p2b: Abomasnow|82\/100\n|move|p2a: Iron Bundle|Aurora Veil|p2a: Iron Bundle\n|-sidestart|p2: AbsRam|move: Aurora Veil\n|move|p1b: Ting-Lu|Heavy Slam|p2b: Abomasnow\n|-supereffective|p2b: Abomasnow\n|-damage|p2b: Abomasnow|43\/100\n|move|p2b: Abomasnow|Giga Drain|p1a: Iron Bundle\n|-supereffective|p1a: Iron Bundle\n|-damage|p1a: Iron Bundle|0 fnt\n|-heal|p2b: Abomasnow|78\/100|[from] drain|[of] p1a: Iron Bundle\n|faint|p1a: Iron Bundle\n|-end|p1a: Iron Bundle|Quark Drive|[silent]\n|\n|-weather|Snow|[upkeep]\n|-sideend|p1: Shikahkah|move: Tailwind\n|upkeep\n|turn|5\n|-message|Shikahkah forfeited.\n|\n|win|AbsRam\n|raw|Shikahkah's rating: 1314 &rarr; <strong>1300<\/strong><br \/>(-14 for losing)\n|raw|AbsRam's rating: 1423 &rarr; <strong>1437<\/strong><br \/>(+14 for winning)\n|l|\u2606Shikahkah\n","uploadtime":1699848171,"views":9,"p1id":"shikahkah","p2id":"absram","formatid":"gen9vgc2023regulatione","rating":1300,"private":0,"password":""}