{"id":"gen9vgc2023regulatione-1996254661","p1":"FireZ_VGC","p2":"thrushery2","format":"[Gen 9] VGC 2023 Regulation E","log":"|j|\u203dFireZ_VGC\n|j|\u2606thrushery2\n|t:|1700664425\n|gametype|doubles\n|player|p1|FireZ_VGC|102|1280\n|player|p2|thrushery2|hilbert|1195\n|teamsize|p1|6\n|teamsize|p2|6\n|gen|9\n|tier|[Gen 9] VGC 2023 Regulation E\n|rated|\n|rule|Species Clause: Limit one of each Pok\u00e9mon\n|rule|Item Clause: Limit one of each item\n|clearpoke\n|poke|p1|Typhlosion-Hisui, L50, M|\n|poke|p1|Tornadus, L50, M|\n|poke|p1|Iron Hands, L50|\n|poke|p1|Flutter Mane, L50|\n|poke|p1|Amoonguss, L50, F|\n|poke|p1|Ogerpon-Wellspring, L50, F|\n|poke|p2|Flutter Mane, L50|\n|poke|p2|Tornadus, L50, M|\n|poke|p2|Regieleki, L50|\n|poke|p2|Chi-Yu, L50|\n|poke|p2|Ogerpon-Wellspring, L50, F|\n|poke|p2|Indeedee-F, L50, F|\n|teampreview|4\nthrushery2 has agreed to open team sheets.\n|c|\u2606thrushery2|!weak iron hands\n|c|!thrushery2|\/raw <div class=\"infobox\">Iron Hands (ignoring abilities):<br \/><span class=\"message-effect-weak\">Weaknesses<\/span>: Fairy, Ground, Psychic<br \/><span class=\"message-effect-resist\">Resistances<\/span>: Bug, Dark, Electric, Rock, Steel<br \/><span class=\"message-effect-immune\">Immunities<\/span>: Paralysis<\/div>\n|inactive|Battle timer is ON: inactive players will automatically lose when time's up. (requested by FireZ_VGC)\n|\n|t:|1700664498\n|start\n|switch|p1a: Typhlosion|Typhlosion-Hisui, L50, M|100\/100\n|switch|p1b: Amoonguss|Amoonguss, L50, F|100\/100\n|switch|p2a: Indeedee|Indeedee-F, L50, F|100\/100\n|switch|p2b: Ogerpon|Ogerpon-Wellspring, L50, F|100\/100\n|-fieldstart|move: Psychic Terrain|[from] ability: Psychic Surge|[of] p2a: Indeedee\n|-enditem|p2a: Indeedee|Psychic Seed\n|-boost|p2a: Indeedee|spd|1|[from] item: Psychic Seed\n|turn|1\n|\n|t:|1700664516\n|-terastallize|p1a: Typhlosion|Electric\n|move|p2a: Indeedee|Follow Me|p2a: Indeedee\n|-singleturn|p2a: Indeedee|move: Follow Me\n|move|p2b: Ogerpon|Swords Dance|p2b: Ogerpon\n|-boost|p2b: Ogerpon|atk|2\n|move|p1a: Typhlosion|Tera Blast|p2a: Indeedee|[anim] Tera Blast Electric\n|-damage|p2a: Indeedee|60\/100\n|move|p1b: Amoonguss|Spore|p2a: Indeedee\n|-status|p2a: Indeedee|slp|[from] move: Spore\n|\n|upkeep\n|turn|2\n|inactive|thrushery2 has 30 seconds left.\n|inactive|thrushery2 has 20 seconds left.\n|inactive|thrushery2 has 15 seconds left.\n|c|\u2606thrushery2|!weak amoonguss\n|c|!thrushery2|\/raw <div class=\"infobox\">Amoonguss (ignoring abilities):<br \/><span class=\"message-effect-weak\">Weaknesses<\/span>: Fire, Flying, Ice, Psychic<br \/><span class=\"message-effect-resist\">Resistances<\/span>: Electric, Fairy, Fighting, <b>Grass<\/b>, Water<br \/><span class=\"message-effect-immune\">Immunities<\/span>: Powder moves, Toxic<\/div>\n|inactive|thrushery2 has 10 seconds left.\n|inactive|thrushery2 has 5 seconds left.\n|\n|t:|1700664567\n|move|p2b: Ogerpon|Spiky Shield|p2b: Ogerpon\n|-singleturn|p2b: Ogerpon|move: Protect\n|move|p1b: Amoonguss|Rage Powder|p1b: Amoonguss\n|-singleturn|p1b: Amoonguss|move: Rage Powder\n|move|p1a: Typhlosion|Tera Blast|p2b: Ogerpon|[anim] Tera Blast Electric\n|-activate|p2b: Ogerpon|move: Protect\n|cant|p2a: Indeedee|slp\n|\n|upkeep\n|turn|3\n|\n|t:|1700664583\n|switch|p2b: Regieleki|Regieleki, L50|100\/100\n|move|p1a: Typhlosion|Tera Blast|p2b: Regieleki|[anim] Tera Blast Electric\n|-resisted|p2b: Regieleki\n|-damage|p2b: Regieleki|51\/100\n|cant|p2a: Indeedee|slp\n|move|p1b: Amoonguss|Pollen Puff|p2b: Regieleki\n|-damage|p2b: Regieleki|24\/100\n|\n|upkeep\n|turn|4\n|inactive|thrushery2 has 30 seconds left.\n|\n|t:|1700664610\n|move|p2b: Regieleki|Protect|p2b: Regieleki\n|-singleturn|p2b: Regieleki|Protect\n|move|p1a: Typhlosion|Tera Blast|p2b: Regieleki|[anim] Tera Blast Electric\n|-activate|p2b: Regieleki|move: Protect\n|-curestatus|p2a: Indeedee|slp|[msg]\n|move|p2a: Indeedee|Psychic|p1b: Amoonguss\n|-supereffective|p1b: Amoonguss\n|-damage|p1b: Amoonguss|51\/100\n|move|p1b: Amoonguss|Spore|p2b: Regieleki\n|-activate|p2b: Regieleki|move: Protect\n|\n|upkeep\n|turn|5\n|inactive|thrushery2 has 30 seconds left.\n|\n|t:|1700664642\n|move|p2b: Regieleki|Electroweb|p1b: Amoonguss|[spread] p1a\n|-miss|p2b: Regieleki|p1b: Amoonguss\n|-resisted|p1a: Typhlosion\n|-damage|p1a: Typhlosion|83\/100\n|-unboost|p1a: Typhlosion|spe|1\n|move|p2a: Indeedee|Psychic|p1b: Amoonguss\n|-supereffective|p1b: Amoonguss\n|-damage|p1b: Amoonguss|0 fnt\n|faint|p1b: Amoonguss\n|move|p1a: Typhlosion|Tera Blast|p2b: Regieleki|[anim] Tera Blast Electric\n|-resisted|p2b: Regieleki\n|-damage|p2b: Regieleki|0 fnt\n|faint|p2b: Regieleki\n|\n|-fieldend|move: Psychic Terrain\n|upkeep\n|c|\u2606thrushery2|!weak electric\n|c|!thrushery2|\/raw <div class=\"infobox\">Electric:<br \/><span class=\"message-effect-weak\">Weaknesses<\/span>: Ground<br \/><span class=\"message-effect-resist\">Resistances<\/span>: Electric, Flying, Steel<br \/><span class=\"message-effect-immune\">Immunities<\/span>: Paralysis<\/div>\n|\n|t:|1700664662\n|switch|p2b: Flutter Mane|Flutter Mane, L50|100\/100\n|switch|p1b: Iron Hands|Iron Hands, L50|100\/100\n|turn|6\n|c|\u2606thrushery2|!weak iron hands\n|c|!thrushery2|\/raw <div class=\"infobox\">Iron Hands (ignoring abilities):<br \/><span class=\"message-effect-weak\">Weaknesses<\/span>: Fairy, Ground, Psychic<br \/><span class=\"message-effect-resist\">Resistances<\/span>: Bug, Dark, Electric, Rock, Steel<br \/><span class=\"message-effect-immune\">Immunities<\/span>: Paralysis<\/div>\n|inactive|FireZ_VGC has 30 seconds left.\n|\n|t:|1700664695\n|switch|p1a: Ogerpon|Ogerpon-Wellspring, L50, F|100\/100\n|move|p2b: Flutter Mane|Protect|p2b: Flutter Mane\n|-singleturn|p2b: Flutter Mane|Protect\n|move|p1b: Iron Hands|Fake Out|p2a: Indeedee\n|-damage|p2a: Indeedee|45\/100\n|cant|p2a: Indeedee|flinch\n|\n|upkeep\n|turn|7\n|\n|t:|1700664719\n|-terastallize|p2b: Flutter Mane|Fairy\n|move|p2a: Indeedee|Helping Hand|p2b: Flutter Mane\n|-singleturn|p2b: Flutter Mane|Helping Hand|[of] p2a: Indeedee\n|move|p1a: Ogerpon|Spiky Shield|p1a: Ogerpon\n|-singleturn|p1a: Ogerpon|move: Protect\n|move|p2b: Flutter Mane|Dazzling Gleam|p1a: Ogerpon|[spread] p1b\n|-activate|p1a: Ogerpon|move: Protect\n|-supereffective|p1b: Iron Hands\n|-damage|p1b: Iron Hands|18\/100\n|move|p1b: Iron Hands|Drain Punch|p2a: Indeedee\n|-damage|p2a: Indeedee|2\/100\n|-heal|p1b: Iron Hands|32\/100|[from] drain|[of] p2a: Indeedee\n|\n|upkeep\n|turn|8\n|inactive|FireZ_VGC has 30 seconds left.\n|inactive|FireZ_VGC has 20 seconds left.\n|c|\u2606thrushery2|!weak ogerpon\n|c|!thrushery2|\/raw <div class=\"infobox\">Ogerpon (ignoring abilities):<br \/><span class=\"message-effect-weak\">Weaknesses<\/span>: Bug, Fire, Flying, Ice, Poison<br \/><span class=\"message-effect-resist\">Resistances<\/span>: Electric, Grass, Ground, Water<br \/><span class=\"message-effect-immune\">Immunities<\/span>: Powder moves<\/div>\n|inactive|FireZ_VGC has 15 seconds left.\n|inactive|FireZ_VGC has 10 seconds left.\n|inactive|FireZ_VGC has 5 seconds left.\n|\n|t:|1700664771\n|-end|p1b: Iron Hands|Quark Drive|[silent]\n|switch|p1b: Typhlosion|Typhlosion-Hisui, L50, M, tera:Electric|83\/100\n|move|p2b: Flutter Mane|Moonblast|p1a: Ogerpon\n|-damage|p1a: Ogerpon|38\/100\n|move|p1a: Ogerpon|Ivy Cudgel|p2a: Indeedee|[anim] Ivy Cudgel Water\n|-damage|p2a: Indeedee|0 fnt\n|faint|p2a: Indeedee\n|\n|upkeep\n|\n|t:|1700664779\n|switch|p2a: Ogerpon|Ogerpon-Wellspring, L50, F|100\/100\n|turn|9\n|inactive|FireZ_VGC has 30 seconds left.\n|\n|t:|1700664806\n|move|p2a: Ogerpon|Spiky Shield|p2a: Ogerpon\n|-singleturn|p2a: Ogerpon|move: Protect\n|move|p2b: Flutter Mane|Moonblast|p1b: Typhlosion\n|-damage|p1b: Typhlosion|0 fnt\n|faint|p1b: Typhlosion\n|move|p1a: Ogerpon|Horn Leech|p2b: Flutter Mane\n|-damage|p2b: Flutter Mane|10\/100\n|-heal|p1a: Ogerpon|70\/100|[from] drain|[of] p2b: Flutter Mane\n|\n|upkeep\n|\n|t:|1700664815\n|switch|p1b: Iron Hands|Iron Hands, L50|32\/100\n|turn|10\n|\n|t:|1700664824\n|move|p2b: Flutter Mane|Protect|p2b: Flutter Mane\n|-singleturn|p2b: Flutter Mane|Protect\n|move|p2a: Ogerpon|Spiky Shield||[still]\n|-fail|p2a: Ogerpon\n|move|p1b: Iron Hands|Fake Out|p2b: Flutter Mane\n|-activate|p2b: Flutter Mane|move: Protect\n|move|p1a: Ogerpon|Horn Leech|p2b: Flutter Mane\n|-activate|p2b: Flutter Mane|move: Protect\n|\n|upkeep\n|turn|11\n|inactive|thrushery2 has 30 seconds left.\n|\n|t:|1700664852\n|move|p1a: Ogerpon|Follow Me|p1a: Ogerpon\n|-singleturn|p1a: Ogerpon|move: Follow Me\n|move|p2b: Flutter Mane|Moonblast|p1a: Ogerpon\n|-damage|p1a: Ogerpon|2\/100\n|move|p2a: Ogerpon|Swords Dance|p2a: Ogerpon\n|-boost|p2a: Ogerpon|atk|2\n|move|p1b: Iron Hands|Drain Punch|p2a: Ogerpon\n|-damage|p2a: Ogerpon|50\/100\n|-heal|p1b: Iron Hands|50\/100|[from] drain|[of] p2a: Ogerpon\n|\n|upkeep\n|turn|12\n|\n|t:|1700664868\n|move|p1a: Ogerpon|Spiky Shield|p1a: Ogerpon\n|-singleturn|p1a: Ogerpon|move: Protect\n|move|p2b: Flutter Mane|Dazzling Gleam|p1a: Ogerpon|[spread] p1b\n|-activate|p1a: Ogerpon|move: Protect\n|-supereffective|p1b: Iron Hands\n|-damage|p1b: Iron Hands|0 fnt\n|faint|p1b: Iron Hands\n|-end|p1b: Iron Hands|Quark Drive|[silent]\n|move|p2a: Ogerpon|Horn Leech|p1a: Ogerpon\n|-activate|p1a: Ogerpon|move: Protect\n|-damage|p2a: Ogerpon|38\/100|[from] Spiky Shield|[of] p1a: Ogerpon\n|\n|upkeep\n|turn|13\n|-message|FireZ_VGC forfeited.\n|\n|win|thrushery2\n|raw|FireZ_VGC's rating: 1280 &rarr; <strong>1249<\/strong><br \/>(-31 for losing)\n|raw|thrushery2's rating: 1195 &rarr; <strong>1226<\/strong><br \/>(+31 for winning)\n|l|\u203dFireZ_VGC\n","uploadtime":1700664881,"views":16,"p1id":"firezvgc","p2id":"thrushery2","formatid":"gen9vgc2023regulatione","rating":1226,"private":0,"password":""}