{"id":"gen9vgc2023regulatione-1989410030","p1":"no1ferrothornfan","p2":"Slowlat","format":"[Gen 9] VGC 2023 Regulation E","log":"|j|\u2606no1ferrothornfan\n|j|\u2606Slowlat\n|t:|1699846630\n|gametype|doubles\n|player|p1|no1ferrothornfan|skyla|1637\n|player|p2|Slowlat|medium|1567\n|teamsize|p1|6\n|teamsize|p2|6\n|gen|9\n|tier|[Gen 9] VGC 2023 Regulation E\n|rated|\n|rule|Species Clause: Limit one of each Pok\u00e9mon\n|rule|Item Clause: Limit one of each item\n|clearpoke\n|poke|p1|Tornadus, L50, M|\n|poke|p1|Rillaboom, L50, M|\n|poke|p1|Heatran, L50, F|\n|poke|p1|Landorus-Therian, L50, M|\n|poke|p1|Flutter Mane, L50|\n|poke|p1|Urshifu-*, L50, F|\n|poke|p2|Grimmsnarl, L50, M|\n|poke|p2|Ursaluna-Bloodmoon, L50, M|\n|poke|p2|Arcanine-Hisui, L50, F|\n|poke|p2|Iron Hands, L50|\n|poke|p2|Sinistcha, L50|\n|poke|p2|Regieleki, L50|\n|teampreview|4\n|j| PcistaMasterRace\n|j| huhinthiseconomy\n|inactive|Battle timer is ON: inactive players will automatically lose when time's up. (requested by Slowlat)\n|\n|t:|1699846700\n|start\n|switch|p1a: Flutter Mane|Flutter Mane, L50|100\/100\n|switch|p1b: Urshifu|Urshifu, L50, F|100\/100\n|switch|p2a: Grimmsnarl|Grimmsnarl, L50, M, shiny|100\/100\n|switch|p2b: Iron Hands|Iron Hands, L50|100\/100\n|turn|1\n|inactive|no1ferrothornfan has 30 seconds left.\n|inactive|no1ferrothornfan has 20 seconds left.\n|inactive|no1ferrothornfan has 15 seconds left.\n|\n|t:|1699846744\n|switch|p1b: Heatran|Heatran, L50, F|100\/100\n|-terastallize|p1a: Flutter Mane|Fairy\n|move|p2a: Grimmsnarl|Light Screen|p2a: Grimmsnarl\n|-sidestart|p2: Slowlat|move: Light Screen\n|move|p1a: Flutter Mane|Moonblast|p2b: Iron Hands\n|-supereffective|p2b: Iron Hands\n|-damage|p2b: Iron Hands|17\/100\n|move|p2b: Iron Hands|Heavy Slam|p1a: Flutter Mane\n|-supereffective|p1a: Flutter Mane\n|-damage|p1a: Flutter Mane|0 fnt\n|faint|p1a: Flutter Mane\n|-end|p1a: Flutter Mane|Protosynthesis|[silent]\n|\n|upkeep\n|inactive|no1ferrothornfan has 30 seconds left.\n|j| Dymax913\n|\n|t:|1699846778\n|switch|p1a: Urshifu|Urshifu, L50, F|100\/100\n|turn|2\n|\n|t:|1699846789\n|move|p2a: Grimmsnarl|Parting Shot|p1b: Heatran\n|-unboost|p1b: Heatran|atk|1\n|-unboost|p1b: Heatran|spa|1\n|\n|t:|1699846792\n|switch|p2a: Sinistcha|Sinistcha, L50|100\/100|[from] Parting Shot\n|-heal|p2b: Iron Hands|41\/100|[from] ability: Hospitality|[of] p2a: Sinistcha\n|move|p1a: Urshifu|Wicked Blow|p2b: Iron Hands\n|-resisted|p2b: Iron Hands\n|-crit|p2b: Iron Hands\n|-damage|p2b: Iron Hands|22\/100\n|move|p1b: Heatran|Will-O-Wisp|p2a: Sinistcha\n|-status|p2a: Sinistcha|brn\n|move|p2b: Iron Hands|Drain Punch|p1b: Heatran\n|-supereffective|p1b: Heatran\n|-damage|p1b: Heatran|25\/100\n|-heal|p2b: Iron Hands|51\/100|[from] drain|[of] p1b: Heatran\n|\n|-heal|p1b: Heatran|31\/100|[from] item: Leftovers\n|-damage|p2a: Sinistcha|94\/100 brn|[from] brn\n|upkeep\n|turn|3\n|inactive|no1ferrothornfan has 30 seconds left.\n|\n|t:|1699846820\n|-terastallize|p2a: Sinistcha|Fairy\n|move|p1a: Urshifu|Wicked Blow|p2a: Sinistcha\n|-resisted|p2a: Sinistcha\n|-crit|p2a: Sinistcha\n|-damage|p2a: Sinistcha|71\/100 brn\n|move|p1b: Heatran|Will-O-Wisp|p2b: Iron Hands\n|-status|p2b: Iron Hands|brn\n|move|p2b: Iron Hands|Drain Punch|p1b: Heatran\n|-supereffective|p1b: Heatran\n|-damage|p1b: Heatran|0 fnt\n|-heal|p2b: Iron Hands|62\/100 brn|[from] drain|[of] p1b: Heatran\n|faint|p1b: Heatran\n|move|p2a: Sinistcha|Trick Room|p2a: Sinistcha\n|-fieldstart|move: Trick Room|[of] p2a: Sinistcha\n|\n|-damage|p2b: Iron Hands|56\/100 brn|[from] brn\n|-damage|p2a: Sinistcha|65\/100 brn|[from] brn\n|upkeep\n|\n|t:|1699846833\n|switch|p1b: Rillaboom|Rillaboom, L50, M|100\/100\n|-fieldstart|move: Grassy Terrain|[from] ability: Grassy Surge|[of] p1b: Rillaboom\n|turn|4\n|inactive|no1ferrothornfan has 30 seconds left.\n|\n|t:|1699846866\n|move|p1a: Urshifu|Protect|p1a: Urshifu\n|-singleturn|p1a: Urshifu|Protect\n|move|p1b: Rillaboom|Grassy Glide|p2a: Sinistcha\n|-damage|p2a: Sinistcha|40\/100 brn\n|move|p2b: Iron Hands|Drain Punch|p1a: Urshifu\n|-activate|p1a: Urshifu|move: Protect\n|move|p2a: Sinistcha|Matcha Gotcha|p1b: Rillaboom|[spread] p1b\n|-activate|p1a: Urshifu|move: Protect\n|-resisted|p1b: Rillaboom\n|-damage|p1b: Rillaboom|89\/100\n|-heal|p2a: Sinistcha|47\/100 brn|[from] drain|[of] p1b: Rillaboom\n|\n|-heal|p2b: Iron Hands|62\/100 brn|[from] Grassy Terrain\n|-heal|p2a: Sinistcha|53\/100 brn|[from] Grassy Terrain\n|-heal|p1b: Rillaboom|95\/100|[from] Grassy Terrain\n|-damage|p2b: Iron Hands|56\/100 brn|[from] brn\n|-damage|p2a: Sinistcha|47\/100 brn|[from] brn\n|upkeep\n|turn|5\n|inactive|no1ferrothornfan has 30 seconds left.\n|\n|t:|1699846894\n|move|p2b: Iron Hands|Drain Punch|p1a: Urshifu\n|-supereffective|p1a: Urshifu\n|-damage|p1a: Urshifu|55\/100\n|-heal|p2b: Iron Hands|72\/100 brn|[from] drain|[of] p1a: Urshifu\n|move|p2a: Sinistcha|Strength Sap|p1b: Rillaboom\n|-unboost|p1b: Rillaboom|atk|1\n|-heal|p2a: Sinistcha|100\/100 brn\n|move|p1b: Rillaboom|Wood Hammer|p2b: Iron Hands\n|-damage|p2b: Iron Hands|41\/100 brn\n|-damage|p1b: Rillaboom|82\/100|[from] Recoil\n|move|p1a: Urshifu|Wicked Blow|p2b: Iron Hands\n|-resisted|p2b: Iron Hands\n|-crit|p2b: Iron Hands\n|-damage|p2b: Iron Hands|21\/100 brn\n|\n|-heal|p2b: Iron Hands|27\/100 brn|[from] Grassy Terrain\n|-heal|p1b: Rillaboom|87\/100|[from] Grassy Terrain\n|-heal|p1a: Urshifu|61\/100|[from] Grassy Terrain\n|-damage|p2b: Iron Hands|21\/100 brn|[from] brn\n|-damage|p2a: Sinistcha|94\/100 brn|[from] brn\n|upkeep\n|turn|6\n|inactive|no1ferrothornfan has 30 seconds left.\n|\n|t:|1699846923\n|move|p2b: Iron Hands|Drain Punch|p1a: Urshifu\n|-supereffective|p1a: Urshifu\n|-damage|p1a: Urshifu|14\/100\n|-heal|p2b: Iron Hands|38\/100 brn|[from] drain|[of] p1a: Urshifu\n|move|p2a: Sinistcha|Matcha Gotcha|p1a: Urshifu|[spread] p1a,p1b\n|-resisted|p1b: Rillaboom\n|-damage|p1a: Urshifu|0 fnt\n|-heal|p2a: Sinistcha|100\/100 brn|[from] drain|[of] p1a: Urshifu\n|-damage|p1b: Rillaboom|76\/100\n|faint|p1a: Urshifu\n|move|p1b: Rillaboom|Wood Hammer|p2a: Sinistcha\n|-damage|p2a: Sinistcha|65\/100 brn\n|-damage|p1b: Rillaboom|66\/100|[from] Recoil\n|\n|-heal|p2b: Iron Hands|44\/100 brn|[from] Grassy Terrain\n|-heal|p2a: Sinistcha|71\/100 brn|[from] Grassy Terrain\n|-heal|p1b: Rillaboom|72\/100|[from] Grassy Terrain\n|-damage|p2b: Iron Hands|38\/100 brn|[from] brn\n|-damage|p2a: Sinistcha|65\/100 brn|[from] brn\n|upkeep\n|turn|7\n|-message|no1ferrothornfan forfeited.\n|\n|win|Slowlat\n|raw|no1ferrothornfan's rating: 1637 &rarr; <strong>1613<\/strong><br \/>(-24 for losing)\n|raw|Slowlat's rating: 1567 &rarr; <strong>1591<\/strong><br \/>(+24 for winning)\n|l|\u2606no1ferrothornfan\n|l| huhinthiseconomy\n|l|\u2606Slowlat\n|l| Dymax913\n","uploadtime":1699847127,"views":14,"p1id":"no1ferrothornfan","p2id":"slowlat","formatid":"gen9vgc2023regulatione","rating":1591,"private":0,"password":""}