{"id":"gen9vgc2023regulatione-1999748670","p1":"bjvhvb12233443","p2":"TrendanBrendan","format":"[Gen 9] VGC 2023 Regulation E","log":"|j|\u2606bjvhvb12233443\n|j|\u2606TrendanBrendan\n|t:|1701113230\n|gametype|doubles\n|player|p1|bjvhvb12233443|265|1166\n|player|p2|TrendanBrendan|elio|1262\n|teamsize|p1|6\n|teamsize|p2|6\n|gen|9\n|tier|[Gen 9] VGC 2023 Regulation E\n|rated|\n|rule|Species Clause: Limit one of each Pok\u00e9mon\n|rule|Item Clause: Limit one of each item\n|clearpoke\n|poke|p1|Milotic, L50, M|\n|poke|p1|Arcanine-Hisui, L50, M|\n|poke|p1|Rillaboom, L50, M|\n|poke|p1|Zapdos, L50|\n|poke|p1|Urshifu-*, L50, M|\n|poke|p1|Glimmora, L50, F|\n|poke|p2|Amoonguss, L50, M|\n|poke|p2|Heatran, L50, M|\n|poke|p2|Roaring Moon, L50|\n|poke|p2|Iron Hands, L50|\n|poke|p2|Flutter Mane, L50|\n|poke|p2|Landorus-Therian, L50, M|\n|teampreview|4\nTrendanBrendan has agreed to open team sheets.\n|c|\u2606TrendanBrendan|glhf\n|c|\u2606TrendanBrendan|LOVE this team tbh\n|c|\u2606TrendanBrendan|Reminds me of SWSH\n|\n|t:|1701113295\n|start\n|switch|p1a: Milotic|Milotic, L50, M|100\/100\n|switch|p1b: Glimmora|Glimmora, L50, F, shiny|100\/100\n|switch|p2a: Amoonguss|Amoonguss, L50, M|100\/100\n|switch|p2b: Roaring Moon|Roaring Moon, L50|100\/100\n|-enditem|p2b: Roaring Moon|Booster Energy\n|-activate|p2b: Roaring Moon|ability: Protosynthesis|[fromitem]\n|-start|p2b: Roaring Moon|protosynthesisspe\n|turn|1\n|\n|t:|1701113319\n|switch|p1b: Zapdos|Zapdos, L50|100\/100\n|move|p2b: Roaring Moon|Tailwind|p2b: Roaring Moon\n|-sidestart|p2: TrendanBrendan|move: Tailwind\n|move|p1a: Milotic|Hypnosis|p2a: Amoonguss\n|-status|p2a: Amoonguss|slp|[from] move: Hypnosis\n|cant|p2a: Amoonguss|slp\n|\n|upkeep\n|turn|2\n|\n|t:|1701113336\n|cant|p2a: Amoonguss|slp\n|move|p2b: Roaring Moon|Knock Off|p1b: Zapdos\n|-damage|p1b: Zapdos|59\/100\n|-status|p2b: Roaring Moon|par|[from] ability: Static|[of] p1b: Zapdos\n|-enditem|p1b: Zapdos|Safety Goggles|[from] move: Knock Off|[of] p2b: Roaring Moon\n|move|p1b: Zapdos|Tailwind|p1b: Zapdos\n|-sidestart|p1: bjvhvb12233443|move: Tailwind\n|move|p1a: Milotic|Coil|p1a: Milotic\n|-boost|p1a: Milotic|atk|1\n|-boost|p1a: Milotic|def|1\n|-boost|p1a: Milotic|accuracy|1\n|\n|upkeep\n|turn|3\n|\n|t:|1701113350\n|cant|p2b: Roaring Moon|par\n|move|p1b: Zapdos|Hurricane|p2a: Amoonguss\n|-supereffective|p2a: Amoonguss\n|-damage|p2a: Amoonguss|21\/100 slp\n|move|p1a: Milotic|Coil|p1a: Milotic\n|-boost|p1a: Milotic|atk|1\n|-boost|p1a: Milotic|def|1\n|-boost|p1a: Milotic|accuracy|1\n|cant|p2a: Amoonguss|slp\n|\n|upkeep\n|turn|4\n|\n|t:|1701113362\n|move|p2b: Roaring Moon|Knock Off|p1a: Milotic\n|-damage|p1a: Milotic|78\/100\n|-enditem|p1a: Milotic|Leftovers|[from] move: Knock Off|[of] p2b: Roaring Moon\n|move|p1b: Zapdos|Thunderbolt|p2a: Amoonguss\n|-resisted|p2a: Amoonguss\n|-damage|p2a: Amoonguss|4\/100 slp\n|move|p1a: Milotic|Scald|p2a: Amoonguss\n|-resisted|p2a: Amoonguss\n|-damage|p2a: Amoonguss|0 fnt\n|faint|p2a: Amoonguss\n|\n|-sideend|p2: TrendanBrendan|move: Tailwind\n|upkeep\n|\n|t:|1701113369\n|switch|p2a: Flutter Mane|Flutter Mane, L50|100\/100\n|turn|5\n|\n|t:|1701113378\n|-terastallize|p2a: Flutter Mane|Fairy\n|move|p1b: Zapdos|Thunderbolt|p2a: Flutter Mane\n|-damage|p2a: Flutter Mane|64\/100\n|move|p1a: Milotic|Hypnosis|p2a: Flutter Mane\n|-status|p2a: Flutter Mane|slp|[from] move: Hypnosis\n|cant|p2a: Flutter Mane|slp\n|move|p2b: Roaring Moon|Tailwind|p2b: Roaring Moon\n|-sidestart|p2: TrendanBrendan|move: Tailwind\n|\n|-sideend|p1: bjvhvb12233443|move: Tailwind\n|upkeep\n|turn|6\n|\n|t:|1701113395\n|cant|p2a: Flutter Mane|slp\n|move|p2b: Roaring Moon|Knock Off|p1a: Milotic\n|-damage|p1a: Milotic|63\/100\n|move|p1b: Zapdos|Thunderbolt|p2a: Flutter Mane\n|-crit|p2a: Flutter Mane\n|-damage|p2a: Flutter Mane|5\/100 slp\n|move|p1a: Milotic|Scald|p2a: Flutter Mane\n|-damage|p2a: Flutter Mane|0 fnt\n|faint|p2a: Flutter Mane\n|-end|p2a: Flutter Mane|Protosynthesis|[silent]\n|\n|upkeep\n|\n|t:|1701113400\n|switch|p2a: Landorus|Landorus-Therian, L50, M|100\/100\n|-ability|p2a: Landorus|Intimidate|boost\n|-unboost|p1a: Milotic|atk|1\n|-ability|p1a: Milotic|Competitive|boost\n|-boost|p1a: Milotic|spa|2\n|-unboost|p1b: Zapdos|atk|1\n|turn|7\n|\n|t:|1701113413\n|move|p2a: Landorus|Rock Slide|p1b: Zapdos|[spread] p1a,p1b\n|-supereffective|p1b: Zapdos\n|-damage|p1a: Milotic|54\/100\n|-damage|p1b: Zapdos|30\/100\n|cant|p2b: Roaring Moon|par\n|move|p1b: Zapdos|Tailwind|p1b: Zapdos\n|-sidestart|p1: bjvhvb12233443|move: Tailwind\n|move|p1a: Milotic|Scald|p2a: Landorus\n|-supereffective|p2a: Landorus\n|-damage|p2a: Landorus|0 fnt\n|faint|p2a: Landorus\n|\n|upkeep\n|turn|8\n|c|\u2606TrendanBrendan|ggwp\n|\n|t:|1701113428\n|move|p2b: Roaring Moon|Breaking Swipe|p1b: Zapdos|[spread] p1a,p1b\n|-damage|p1a: Milotic|44\/100\n|-damage|p1b: Zapdos|11\/100\n|-unboost|p1a: Milotic|atk|1\n|-ability|p1a: Milotic|Competitive|boost\n|-boost|p1a: Milotic|spa|2\n|-unboost|p1b: Zapdos|atk|1\n|move|p1b: Zapdos|Hurricane|p2b: Roaring Moon\n|-damage|p2b: Roaring Moon|56\/100 par\n|move|p1a: Milotic|Scald|p2b: Roaring Moon\n|-resisted|p2b: Roaring Moon\n|-damage|p2b: Roaring Moon|9\/100 par\n|\n|-sideend|p2: TrendanBrendan|move: Tailwind\n|upkeep\n|turn|9\n|-message|TrendanBrendan forfeited.\n|\n|win|bjvhvb12233443\n|raw|bjvhvb12233443's rating: 1166 &rarr; <strong>1198<\/strong><br \/>(+32 for winning)\n|raw|TrendanBrendan's rating: 1262 &rarr; <strong>1230<\/strong><br \/>(-32 for losing)\n","uploadtime":1701113449,"views":10,"p1id":"bjvhvb12233443","p2id":"trendanbrendan","formatid":"gen9vgc2023regulatione","rating":1198,"private":0,"password":""}