{"id":"gen9vgc2023regulatione-2000552508","p1":"cell_phon","p2":"Lurvas","format":"[Gen 9] VGC 2023 Regulation E","log":"|j|\u2606cell_phon\n|j|\u2606Lurvas\n|t:|1701204673\n|gametype|doubles\n|player|p1|cell_phon|whitney|1305\n|player|p2|Lurvas|alder|1283\n|teamsize|p1|6\n|teamsize|p2|6\n|gen|9\n|tier|[Gen 9] VGC 2023 Regulation E\n|rated|\n|rule|Species Clause: Limit one of each Pok\u00e9mon\n|rule|Item Clause: Limit one of each item\n|clearpoke\n|poke|p1|Landorus-Therian, L50, M|\n|poke|p1|Flutter Mane, L50|\n|poke|p1|Iron Hands, L50|\n|poke|p1|Weezing, L50, M|\n|poke|p1|Dondozo, L50, M|\n|poke|p1|Heatran, L50, F|\n|poke|p2|Urshifu-*, L50, M|\n|poke|p2|Rillaboom, L50, M|\n|poke|p2|Flutter Mane, L50|\n|poke|p2|Arcanine-Hisui, L50, M|\n|poke|p2|Chien-Pao, L50|\n|poke|p2|Tornadus, L50, M|\n|teampreview|4\nLurvas has agreed to open team sheets.\n|inactive|Battle timer is ON: inactive players will automatically lose when time's up. (requested by Lurvas)\n|\n|t:|1701204705\n|start\n|switch|p1a: Flutter Mane|Flutter Mane, L50|100\/100\n|switch|p1b: Pedorron|Weezing, L50, M, shiny|100\/100\n|switch|p2a: Tornadus|Tornadus, L50, M|100\/100\n|switch|p2b: Flutter Mane|Flutter Mane, L50|100\/100\n|-ability|p1b: Pedorron|Neutralizing Gas\n|-enditem|p2b: Flutter Mane|Booster Energy\n|-activate|p2b: Flutter Mane|ability: Protosynthesis|[fromitem]\n|-start|p2b: Flutter Mane|protosynthesisspe\n|turn|1\n|\n|t:|1701204725\n|move|p2b: Flutter Mane|Shadow Ball|p1a: Flutter Mane\n|-supereffective|p1a: Flutter Mane\n|-damage|p1a: Flutter Mane|13\/100\n|-unboost|p1a: Flutter Mane|spd|1\n|move|p1a: Flutter Mane|Thunderbolt|p2a: Tornadus\n|-supereffective|p2a: Tornadus\n|-damage|p2a: Tornadus|0 fnt\n|faint|p2a: Tornadus\n|move|p1b: Pedorron|Sludge Bomb|p2b: Flutter Mane\n|-damage|p2b: Flutter Mane|75\/100\n|\n|upkeep\n|\n|t:|1701204738\n|switch|p2a: Arcanine|Arcanine-Hisui, L50, M|100\/100\n|turn|2\n|\n|t:|1701204747\n|-end|p1a: Flutter Mane|Protosynthesis|[silent]\n|switch|p1a: Heatran|Heatran, L50, F|100\/100\n|move|p1b: Pedorron|Protect|p1b: Pedorron\n|-singleturn|p1b: Pedorron|Protect\n|move|p2b: Flutter Mane|Shadow Ball|p1a: Heatran\n|-damage|p1a: Heatran|67\/100\n|-unboost|p1a: Heatran|spd|1\n|move|p2a: Arcanine|Flare Blitz|p1b: Pedorron\n|-activate|p1b: Pedorron|move: Protect\n|\n|-heal|p1a: Heatran|73\/100|[from] item: Leftovers\n|upkeep\n|turn|3\n|\n|t:|1701204763\n|switch|p2a: Rillaboom|Rillaboom, L50, M|100\/100\n|move|p2b: Flutter Mane|Shadow Ball|p1b: Pedorron\n|-damage|p1b: Pedorron|59\/100\n|move|p1a: Heatran|Flamethrower|p2b: Flutter Mane\n|-damage|p2b: Flutter Mane|31\/100\n|move|p1b: Pedorron|Sludge Bomb|p2b: Flutter Mane\n|-damage|p2b: Flutter Mane|6\/100\n|\n|-heal|p1a: Heatran|80\/100|[from] item: Leftovers\n|upkeep\n|turn|4\n|\n|t:|1701204780\n|switch|p1a: Flutter Mane|Flutter Mane, L50|13\/100\n|move|p1b: Pedorron|Protect|p1b: Pedorron\n|-singleturn|p1b: Pedorron|Protect\n|move|p2b: Flutter Mane|Shadow Ball|p1b: Pedorron\n|-activate|p1b: Pedorron|move: Protect\n|move|p2a: Rillaboom|Stomping Tantrum|p1a: Flutter Mane\n|-damage|p1a: Flutter Mane|0 fnt\n|faint|p1a: Flutter Mane\n|-end|p1a: Flutter Mane|Protosynthesis|[silent]\n|\n|upkeep\n|\n|t:|1701204791\n|switch|p1a: Heatran|Heatran, L50, F|80\/100\n|turn|5\n|\n|t:|1701204797\n|move|p2b: Flutter Mane|Shadow Ball|p1b: Pedorron\n|-damage|p1b: Pedorron|19\/100\n|move|p2a: Rillaboom|Stomping Tantrum|p1a: Heatran\n|-supereffective|p1a: Heatran\n|-damage|p1a: Heatran|0 fnt\n|faint|p1a: Heatran\n|move|p1b: Pedorron|Sludge Bomb|p2a: Rillaboom\n|-supereffective|p2a: Rillaboom\n|-damage|p2a: Rillaboom|58\/100\n|-status|p2a: Rillaboom|psn\n|\n|-damage|p2a: Rillaboom|45\/100 psn|[from] psn\n|upkeep\n|\n|t:|1701204808\n|switch|p1a: Landorus|Landorus-Therian, L50, M|100\/100\n|turn|6\n|\n|t:|1701204820\n|move|p1b: Pedorron|Protect|p1b: Pedorron\n|-singleturn|p1b: Pedorron|Protect\n|move|p2b: Flutter Mane|Icy Wind|p1b: Pedorron|[spread] p1a\n|-activate|p1b: Pedorron|move: Protect\n|-supereffective|p1a: Landorus\n|-damage|p1a: Landorus|34\/100\n|-unboost|p1a: Landorus|spe|1\n|move|p1a: Landorus|Stomping Tantrum|p2b: Flutter Mane\n|-crit|p2b: Flutter Mane\n|-damage|p2b: Flutter Mane|0 fnt\n|faint|p2b: Flutter Mane\n|-end|p2b: Flutter Mane|Protosynthesis|[silent]\n|move|p2a: Rillaboom|Drum Beating|p1a: Landorus\n|-damage|p1a: Landorus|0 fnt\n|faint|p1a: Landorus\n|\n|-damage|p2a: Rillaboom|33\/100 psn|[from] psn\n|upkeep\n|\n|t:|1701204838\n|switch|p2b: Arcanine|Arcanine-Hisui, L50, M|100\/100\n|turn|7\n|\n|t:|1701204844\n|move|p2b: Arcanine|Flare Blitz|p1b: Pedorron\n|-damage|p1b: Pedorron|0 fnt\n|faint|p1b: Pedorron\n|-end|p1b: Pedorron|ability: Neutralizing Gas\n|-fieldstart|move: Grassy Terrain|[from] ability: Grassy Surge|[of] p2a: Rillaboom\n|-damage|p2b: Arcanine|95\/100|[from] Recoil\n|\n|win|Lurvas\n|raw|cell_phon's rating: 1305 &rarr; <strong>1284<\/strong><br \/>(-21 for losing)\n|raw|Lurvas's rating: 1283 &rarr; <strong>1310<\/strong><br \/>(+27 for winning)\n|l|\u2606cell_phon\n|c|\u2606Lurvas|gg\n","uploadtime":1701204857,"views":1,"p1id":"cellphon","p2id":"lurvas","formatid":"gen9vgc2023regulatione","rating":1284,"private":0,"password":""}