{"id":"gen9vgc2023regulatione-1991838298","p1":"huntaaahr","p2":"arachnid pie","format":"[Gen 9] VGC 2023 Regulation E","log":"|j|\u2606huntaaahr\n|j|\u2606arachnid pie\n|t:|1700126240\n|gametype|doubles\n|player|p1|huntaaahr|169|1106\n|player|p2|arachnid pie|iris|1079\n|teamsize|p1|6\n|teamsize|p2|6\n|gen|9\n|tier|[Gen 9] VGC 2023 Regulation E\n|rated|\n|rule|Species Clause: Limit one of each Pok\u00e9mon\n|rule|Item Clause: Limit one of each item\n|clearpoke\n|poke|p1|Sinistcha, L50|\n|poke|p1|Grimmsnarl, L50, M|\n|poke|p1|Volcarona, L50, M|\n|poke|p1|Kommo-o, L50, F|\n|poke|p1|Clefairy, L50, M|\n|poke|p1|Ogerpon-Wellspring, L50, F|\n|poke|p2|Talonflame, L50, M|\n|poke|p2|Breloom, L50, F|\n|poke|p2|Crawdaunt, L50, F|\n|poke|p2|Froslass, L50, F|\n|poke|p2|Stonjourner, L50, F|\n|poke|p2|Arcanine-Hisui, L50, M|\n|teampreview|4\narachnid pie has agreed to open team sheets.\n|\n|t:|1700126278\n|start\n|switch|p1a: Grimmsnarl|Grimmsnarl, L50, M|100\/100\n|switch|p1b: Ogerpon|Ogerpon-Wellspring, L50, F|100\/100\n|switch|p2a: Crawdaunt|Crawdaunt, L50, F|100\/100\n|switch|p2b: evergreen|Froslass, L50, F, shiny|100\/100\n|turn|1\n|\n|t:|1700126296\n|move|p1a: Grimmsnarl|Reflect|p1a: Grimmsnarl\n|-sidestart|p1: huntaaahr|Reflect\n|move|p2b: evergreen|Thunderbolt|p1b: Ogerpon\n|-damage|p1b: Ogerpon|67\/100\n|move|p1b: Ogerpon|Swords Dance|p1b: Ogerpon\n|-boost|p1b: Ogerpon|atk|2\n|move|p2a: Crawdaunt|Crabhammer|p1a: Grimmsnarl\n|-damage|p1a: Grimmsnarl|31\/100\n|\n|upkeep\n|turn|2\n|\n|t:|1700126317\n|move|p1a: Grimmsnarl|Light Screen|p1a: Grimmsnarl\n|-sidestart|p1: huntaaahr|move: Light Screen\n|move|p2b: evergreen|Thunderbolt|p1b: Ogerpon\n|-damage|p1b: Ogerpon|46\/100\n|move|p1b: Ogerpon|Ivy Cudgel|p2b: evergreen|[anim] Ivy Cudgel Water\n|-damage|p2b: evergreen|0 fnt\n|faint|p2b: evergreen\n|move|p2a: Crawdaunt|Crabhammer|p1a: Grimmsnarl\n|-damage|p1a: Grimmsnarl|0 fnt\n|faint|p1a: Grimmsnarl\n|\n|upkeep\n|\n|t:|1700126327\n|switch|p2b: Talonflame|Talonflame, L50, M|100\/100\n|switch|p1a: Sinistcha|Sinistcha, L50|100\/100\n|-heal|p1b: Ogerpon|71\/100|[from] ability: Hospitality|[of] p1a: Sinistcha\n|turn|3\n|\n|t:|1700126340\n|switch|p2a: Breloom|Breloom, L50, F|100\/100\n|-terastallize|p1b: Ogerpon|Water\n|detailschange|p1b: Ogerpon|Ogerpon-Wellspring-Tera, L50, F, tera:Water\n|-ability|p1b: Ogerpon|Embody Aspect (Wellspring)|boost\n|-boost|p1b: Ogerpon|spd|1\n|move|p2b: Talonflame|Brave Bird|p1b: Ogerpon\n|-crit|p1b: Ogerpon\n|-damage|p1b: Ogerpon|9\/100\n|-damage|p2b: Talonflame|76\/100|[from] Recoil\n|move|p1b: Ogerpon|Ivy Cudgel|p2b: Talonflame|[anim] Ivy Cudgel Water\n|-supereffective|p2b: Talonflame\n|-crit|p2b: Talonflame\n|-damage|p2b: Talonflame|0 fnt\n|faint|p2b: Talonflame\n|move|p1a: Sinistcha|Matcha Gotcha|p2a: Breloom\n|-resisted|p2a: Breloom\n|-damage|p2a: Breloom|58\/100\n|\n|-status|p2a: Breloom|tox|[from] item: Toxic Orb\n|upkeep\n|\n|t:|1700126356\n|switch|p2b: Crawdaunt|Crawdaunt, L50, F|100\/100\n|turn|4\n|\n|t:|1700126366\n|move|p1b: Ogerpon|Spiky Shield|p1b: Ogerpon\n|-singleturn|p1b: Ogerpon|move: Protect\n|move|p2b: Crawdaunt|Aqua Jet|p1b: Ogerpon\n|-activate|p1b: Ogerpon|move: Protect\n|-damage|p2b: Crawdaunt|88\/100|[from] Spiky Shield|[of] p1b: Ogerpon\n|move|p2a: Breloom|Poison Jab|p1a: Sinistcha\n|-damage|p1a: Sinistcha|82\/100\n|move|p1a: Sinistcha|Matcha Gotcha|p2b: Crawdaunt|[spread] p2a,p2b\n|-resisted|p2a: Breloom\n|-supereffective|p2b: Crawdaunt\n|-damage|p2a: Breloom|28\/100 tox\n|-heal|p1a: Sinistcha|96\/100|[from] drain|[of] p2a: Breloom\n|-damage|p2b: Crawdaunt|0 fnt\n|-heal|p1a: Sinistcha|100\/100|[from] drain|[of] p2b: Crawdaunt\n|faint|p2b: Crawdaunt\n|\n|-heal|p2a: Breloom|40\/100 tox|[from] ability: Poison Heal\n|upkeep\n|turn|5\n|-message|arachnid pie forfeited.\n|\n|win|huntaaahr\n|raw|huntaaahr's rating: 1106 &rarr; <strong>1129<\/strong><br \/>(+23 for winning)\n|raw|arachnid pie's rating: 1079 &rarr; <strong>1059<\/strong><br \/>(-20 for losing)\n|l|\u2606arachnid pie\n","uploadtime":1700126390,"views":19,"p1id":"huntaaahr","p2id":"arachnidpie","formatid":"gen9vgc2023regulatione","rating":1059,"private":0,"password":""}