{"id":"gen9vgc2023regulatione-1994906414","p1":"gaM7","p2":"AcerbusSigil","format":"[Gen 9] VGC 2023 Regulation E","log":"|j|\u2606gaM7\n|j|\u2606AcerbusSigil\n|t:|1700503527\n|gametype|doubles\n|player|p1|gaM7|101|1063\n|player|p2|AcerbusSigil|cynthia-gen4|1085\n|teamsize|p1|6\n|teamsize|p2|6\n|gen|9\n|tier|[Gen 9] VGC 2023 Regulation E\n|rated|\n|rule|Species Clause: Limit one of each Pok\u00e9mon\n|rule|Item Clause: Limit one of each item\n|clearpoke\n|poke|p1|Salamence, L50, F|\n|poke|p1|Ninetales-Alola, L50, F|\n|poke|p1|Grimmsnarl, L50, M|\n|poke|p1|Rillaboom, L50, F|\n|poke|p1|Gholdengo, L50|\n|poke|p1|Regieleki, L50|\n|poke|p2|Arcanine-Hisui, L50, M|\n|poke|p2|Rillaboom, L50, F|\n|poke|p2|Sneasler, L50, M|\n|poke|p2|Flutter Mane, L50|\n|poke|p2|Dragapult, L50, M|\n|poke|p2|Regieleki, L50|\n|teampreview|4\n|\n|t:|1700503569\n|start\n|switch|p1a: Ninetales|Ninetales-Alola, L50, F, shiny|100\/100\n|switch|p1b: Grimmsnarl|Grimmsnarl, L50, M, shiny|100\/100\n|switch|p2a: Arcanine|Arcanine-Hisui, L50, M|100\/100\n|switch|p2b: Flutter Mane|Flutter Mane, L50|100\/100\n|-weather|Snow|[from] ability: Snow Warning|[of] p1a: Ninetales\n|-ability|p2a: Arcanine|Intimidate|boost\n|-unboost|p1a: Ninetales|atk|1\n|-unboost|p1b: Grimmsnarl|atk|1\n|turn|1\n|\n|t:|1700503601\n|move|p1b: Grimmsnarl|Fake Out|p2a: Arcanine\n|-resisted|p2a: Arcanine\n|-damage|p2a: Arcanine|96\/100\n|move|p2b: Flutter Mane|Mystical Fire|p1a: Ninetales\n|-supereffective|p1a: Ninetales\n|-damage|p1a: Ninetales|15\/100\n|move|p1a: Ninetales|Aurora Veil|p1a: Ninetales\n|-sidestart|p1: gaM7|move: Aurora Veil\n|cant|p2a: Arcanine|flinch\n|\n|-weather|Snow|[upkeep]\n|upkeep\n|turn|2\n|\n|t:|1700503621\n|move|p1b: Grimmsnarl|Thunder Wave|p2b: Flutter Mane\n|-status|p2b: Flutter Mane|par\n|move|p1a: Ninetales|Blizzard|p2a: Arcanine|[spread] p2a,p2b\n|-resisted|p2a: Arcanine\n|-damage|p2a: Arcanine|81\/100\n|-damage|p2b: Flutter Mane|68\/100 par\n|move|p2a: Arcanine|Psychic Fangs|p1a: Ninetales\n|-sideend|p1: gaM7|move: Aurora Veil\n|-damage|p1a: Ninetales|0 fnt\n|faint|p1a: Ninetales\n|cant|p2b: Flutter Mane|par\n|\n|-weather|Snow|[upkeep]\n|upkeep\n|\n|t:|1700503646\n|switch|p1a: Rillaboom|Rillaboom, L50, F|100\/100\n|-fieldstart|move: Grassy Terrain|[from] ability: Grassy Surge|[of] p1a: Rillaboom\n|turn|3\n|\n|t:|1700503657\n|switch|p2a: Sneasler|Sneasler, L50, M|100\/100\n|-enditem|p2a: Sneasler|Grassy Seed\n|-boost|p2a: Sneasler|def|1|[from] item: Grassy Seed\n|move|p1a: Rillaboom|Fake Out|p2a: Sneasler\n|-damage|p2a: Sneasler|87\/100\n|move|p2b: Flutter Mane|Mystical Fire|p1a: Rillaboom\n|-supereffective|p1a: Rillaboom\n|-damage|p1a: Rillaboom|44\/100\n|-unboost|p1a: Rillaboom|spa|1\n|move|p1b: Grimmsnarl|Spirit Break|p2b: Flutter Mane\n|-damage|p2b: Flutter Mane|17\/100 par\n|-unboost|p2b: Flutter Mane|spa|1\n|\n|-weather|Snow|[upkeep]\n|-heal|p2a: Sneasler|92\/100|[from] Grassy Terrain\n|-heal|p1a: Rillaboom|50\/100|[from] Grassy Terrain\n|-heal|p2b: Flutter Mane|23\/100 par|[from] Grassy Terrain\n|upkeep\n|turn|4\n|\n|t:|1700503708\n|switch|p1a: Salamence|Salamence, L50, F|100\/100\n|-ability|p1a: Salamence|Intimidate|boost\n|-unboost|p2a: Sneasler|atk|1\n|-unboost|p2b: Flutter Mane|atk|1\n|move|p1b: Grimmsnarl|Thunder Wave|p2a: Sneasler\n|-status|p2a: Sneasler|par\n|move|p2a: Sneasler|Dire Claw|p1b: Grimmsnarl\n|-supereffective|p1b: Grimmsnarl\n|-damage|p1b: Grimmsnarl|45\/100\n|-status|p1b: Grimmsnarl|par\n|move|p2b: Flutter Mane|Mystical Fire|p1a: Salamence\n|-resisted|p1a: Salamence\n|-damage|p1a: Salamence|87\/100\n|-unboost|p1a: Salamence|spa|1\n|\n|-weather|Snow|[upkeep]\n|-heal|p2a: Sneasler|98\/100 par|[from] Grassy Terrain\n|-heal|p2b: Flutter Mane|29\/100 par|[from] Grassy Terrain\n|-heal|p1b: Grimmsnarl|51\/100 par|[from] Grassy Terrain\n|upkeep\n|turn|5\n|\n|t:|1700503770\n|move|p1b: Grimmsnarl|Parting Shot|p2a: Sneasler\n|-unboost|p2a: Sneasler|atk|1\n|-unboost|p2a: Sneasler|spa|1\n|\n|t:|1700503774\n|switch|p1b: Rillaboom|Rillaboom, L50, F|50\/100|[from] Parting Shot\n|cant|p2a: Sneasler|par\n|move|p1a: Salamence|Rock Slide|p2b: Flutter Mane|[spread] p2a,p2b\n|-resisted|p2a: Sneasler\n|-damage|p2a: Sneasler|88\/100 par\n|-damage|p2b: Flutter Mane|0 fnt\n|faint|p2b: Flutter Mane\n|-end|p2b: Flutter Mane|Protosynthesis|[silent]\n|\n|-weather|none\n|-heal|p2a: Sneasler|94\/100 par|[from] Grassy Terrain\n|-heal|p1b: Rillaboom|57\/100|[from] Grassy Terrain\n|upkeep\n|\n|t:|1700503788\n|switch|p2b: Arcanine|Arcanine-Hisui, L50, M|81\/100\n|-ability|p2b: Arcanine|Intimidate|boost\n|-unboost|p1a: Salamence|atk|1\n|-unboost|p1b: Rillaboom|atk|1\n|turn|6\n|\n|t:|1700503822\n|move|p1b: Rillaboom|Fake Out|p2b: Arcanine\n|-resisted|p2b: Arcanine\n|-damage|p2b: Arcanine|76\/100\n|move|p2a: Sneasler|Dire Claw|p1b: Rillaboom\n|-supereffective|p1b: Rillaboom\n|-damage|p1b: Rillaboom|19\/100\n|-status|p1b: Rillaboom|psn\n|move|p1a: Salamence|Tailwind|p1a: Salamence\n|-sidestart|p1: gaM7|move: Tailwind\n|cant|p2b: Arcanine|flinch\n|\n|-heal|p1b: Rillaboom|25\/100 psn|[from] Grassy Terrain\n|-heal|p2a: Sneasler|99\/100 par|[from] Grassy Terrain\n|-heal|p2b: Arcanine|83\/100|[from] Grassy Terrain\n|-damage|p1b: Rillaboom|13\/100 psn|[from] psn\n|upkeep\n|turn|7\n|\n|t:|1700503881\n|switch|p1a: Grimmsnarl|Grimmsnarl, L50, M, shiny|51\/100 par\n|switch|p2a: Rillaboom|Rillaboom, L50, F|100\/100\n|move|p2b: Arcanine|Extreme Speed|p1b: Rillaboom\n|-damage|p1b: Rillaboom|0 fnt\n|faint|p1b: Rillaboom\n|\n|-heal|p2b: Arcanine|89\/100|[from] Grassy Terrain\n|-heal|p1a: Grimmsnarl|57\/100 par|[from] Grassy Terrain\n|-fieldend|move: Grassy Terrain\n|upkeep\n|\n|t:|1700503893\n|switch|p1b: Salamence|Salamence, L50, F|87\/100\n|-ability|p1b: Salamence|Intimidate|boost\n|-unboost|p2a: Rillaboom|atk|1\n|-unboost|p2b: Arcanine|atk|1\n|turn|8\n|\n|t:|1700503939\n|move|p2a: Rillaboom|Fake Out|p1a: Grimmsnarl\n|-damage|p1a: Grimmsnarl|48\/100 par\n|move|p2b: Arcanine|Extreme Speed|p1a: Grimmsnarl\n|-damage|p1a: Grimmsnarl|19\/100 par\n|cant|p1a: Grimmsnarl|flinch\n|move|p1b: Salamence|Dual Wingbeat|p2a: Rillaboom\n|-supereffective|p2a: Rillaboom\n|-damage|p2a: Rillaboom|65\/100\n|-supereffective|p2a: Rillaboom\n|-damage|p2a: Rillaboom|29\/100\n|-hitcount|p2a: Rillaboom|2\n|\n|-heal|p2a: Rillaboom|35\/100|[from] item: Leftovers\n|upkeep\n|turn|9\n|\n|t:|1700503975\n|move|p2b: Arcanine|Extreme Speed|p1a: Grimmsnarl\n|-damage|p1a: Grimmsnarl|0 fnt\n|faint|p1a: Grimmsnarl\n|move|p1b: Salamence|Dual Wingbeat|p2a: Rillaboom\n|-supereffective|p2a: Rillaboom\n|-damage|p2a: Rillaboom|0 fnt\n|faint|p2a: Rillaboom\n|-hitcount|p2: Rillaboom|1\n|\n|-sideend|p1: gaM7|move: Tailwind\n|upkeep\n|\n|t:|1700503985\n|switch|p2a: Sneasler|Sneasler, L50, M|99\/100 par\n|turn|10\n|\n|t:|1700504030\n|-terastallize|p2b: Arcanine|Normal\n|move|p1b: Salamence|Protect|p1b: Salamence\n|-singleturn|p1b: Salamence|Protect\n|move|p2b: Arcanine|Extreme Speed|p1b: Salamence\n|-activate|p1b: Salamence|move: Protect\n|cant|p2a: Sneasler|par\n|\n|upkeep\n|turn|11\n|\n|t:|1700504064\n|-terastallize|p1b: Salamence|Steel\n|move|p2b: Arcanine|Extreme Speed|p1b: Salamence\n|-resisted|p1b: Salamence\n|-damage|p1b: Salamence|65\/100\n|move|p1b: Salamence|Dual Wingbeat|p2a: Sneasler\n|-supereffective|p2a: Sneasler\n|-damage|p2a: Sneasler|41\/100 par\n|-supereffective|p2a: Sneasler\n|-damage|p2a: Sneasler|0 fnt\n|faint|p2a: Sneasler\n|-hitcount|p2: Sneasler|2\n|\n|upkeep\n|turn|12\n|\n|t:|1700504082\n|move|p1b: Salamence|Protect|p1b: Salamence\n|-singleturn|p1b: Salamence|Protect\n|move|p2b: Arcanine|Extreme Speed|p1b: Salamence\n|-activate|p1b: Salamence|move: Protect\n|\n|upkeep\n|turn|13\n|\n|t:|1700504099\n|move|p2b: Arcanine|Extreme Speed|p1b: Salamence\n|-resisted|p1b: Salamence\n|-damage|p1b: Salamence|44\/100\n|-enditem|p1b: Salamence|Sitrus Berry|[eat]\n|-heal|p1b: Salamence|69\/100|[from] item: Sitrus Berry\n|move|p1b: Salamence|Dual Wingbeat|p2b: Arcanine|[miss]\n|-miss|p1b: Salamence|p2b: Arcanine\n|\n|upkeep\n|turn|14\n|\n|t:|1700504109\n|move|p1b: Salamence|Protect|p1b: Salamence\n|-singleturn|p1b: Salamence|Protect\n|move|p2b: Arcanine|Extreme Speed|p1b: Salamence\n|-activate|p1b: Salamence|move: Protect\n|\n|upkeep\n|turn|15\n|\n|t:|1700504116\n|move|p1b: Salamence|Dual Wingbeat|p2b: Arcanine\n|-damage|p2b: Arcanine|67\/100\n|-damage|p2b: Arcanine|45\/100\n|-hitcount|p2b: Arcanine|2\n|-activate|p2b: Arcanine|move: Struggle\n|move|p2b: Arcanine|Struggle|p1b: Salamence\n|-damage|p1b: Salamence|50\/100\n|-damage|p2b: Arcanine|19\/100|[from] recoil\n|\n|upkeep\n|turn|16\n|\n|t:|1700504139\n|move|p1b: Salamence|Dual Wingbeat|p2b: Arcanine\n|-damage|p2b: Arcanine|0 fnt\n|faint|p2b: Arcanine\n|-hitcount|p2: Arcanine|1\n|\n|win|gaM7\n|raw|gaM7's rating: 1063 &rarr; <strong>1095<\/strong><br \/>(+32 for winning)\n|raw|AcerbusSigil's rating: 1085 &rarr; <strong>1061<\/strong><br \/>(-24 for losing)\n","uploadtime":1700504148,"views":1,"p1id":"gam7","p2id":"acerbussigil","formatid":"gen9vgc2023regulatione","rating":1061,"private":0,"password":""}