{"id":"gen9vgc2023regulatione-1998458500","p1":"SigmaIota","p2":"Levelup_yaman","format":"[Gen 9] VGC 2023 Regulation E","log":"|j|\u2606SigmaIota\n|j|\u2606Levelup_yaman\n|t:|1700944591\n|gametype|doubles\n|player|p1|SigmaIota|266|1093\n|player|p2|Levelup_yaman|picnicker|1190\n|teamsize|p1|5\n|teamsize|p2|6\n|gen|9\n|tier|[Gen 9] VGC 2023 Regulation E\n|rated|\n|rule|Species Clause: Limit one of each Pok\u00e9mon\n|rule|Item Clause: Limit one of each item\n|clearpoke\n|poke|p1|Abomasnow, L50, M|\n|poke|p1|Iron Bundle, L50|\n|poke|p1|Baxcalibur, L50, F|\n|poke|p1|Cetitan, L50, M|\n|poke|p1|Ceruledge, L50, F|\n|poke|p2|Pawmot, L50, F|\n|poke|p2|Baxcalibur, L50, M|\n|poke|p2|Skeledirge, L50, M|\n|poke|p2|Arboliva, L50, F|\n|poke|p2|Garganacl, L50, M|\n|poke|p2|Kingambit, L50, F|\n|teampreview|4\n|inactive|Battle timer is ON: inactive players will automatically lose when time's up. (requested by Levelup_yaman)\n|\n|t:|1700944613\n|start\n|switch|p1a: Abomasnow|Abomasnow, L50, M|100\/100\n|switch|p1b: Iron Bundle|Iron Bundle, L50, shiny|100\/100\n|switch|p2a: Baxcalibur|Baxcalibur, L50, M|100\/100\n|switch|p2b: Skeledirge|Skeledirge, L50, M|100\/100\n|-weather|Snow|[from] ability: Snow Warning|[of] p1a: Abomasnow\n|-enditem|p1b: Iron Bundle|Booster Energy\n|-activate|p1b: Iron Bundle|ability: Quark Drive|[fromitem]\n|-start|p1b: Iron Bundle|quarkdrivespe\n|turn|1\n|inactive|SigmaIota has 30 seconds left.\n|\n|t:|1700944641\n|move|p1b: Iron Bundle|Chilling Water|p2b: Skeledirge\n|-supereffective|p2b: Skeledirge\n|-damage|p2b: Skeledirge|32\/100\n|-unboost|p2b: Skeledirge|atk|1\n|move|p2b: Skeledirge|Torch Song|p1a: Abomasnow\n|-supereffective|p1a: Abomasnow\n|-damage|p1a: Abomasnow|0 fnt\n|-boost|p2b: Skeledirge|spa|1\n|faint|p1a: Abomasnow\n|move|p2a: Baxcalibur|Glaive Rush|p1b: Iron Bundle\n|-crit|p1b: Iron Bundle\n|-damage|p1b: Iron Bundle|22\/100\n|-singlemove|p2a: Baxcalibur|Glaive Rush|[silent]\n|\n|-weather|Snow|[upkeep]\n|upkeep\n|\n|t:|1700944656\n|switch|p1a: Ceruledge|Ceruledge, L50, F|100\/100\n|turn|2\n|\n|t:|1700944671\n|switch|p2b: Kingambit|Kingambit, L50, F|100\/100\n|switch|p1a: Cetitan|Cetitan, L50, M|100\/100\n|move|p1b: Iron Bundle|Chilling Water|p2b: Kingambit\n|-damage|p2b: Kingambit|78\/100\n|move|p2a: Baxcalibur|Crunch|p1a: Cetitan\n|-damage|p1a: Cetitan|82\/100\n|\n|-weather|Snow|[upkeep]\n|upkeep\n|turn|3\n|inactive|SigmaIota has 30 seconds left.\n|\n|t:|1700944703\n|move|p1b: Iron Bundle|Freeze-Dry|p2a: Baxcalibur\n|-damage|p2a: Baxcalibur|61\/100\n|move|p1a: Cetitan|Entrainment|p2a: Baxcalibur\n|-endability|p2a: Baxcalibur|Thermal Exchange|[from] move: Entrainment\n|-ability|p2a: Baxcalibur|Slush Rush|[from] move: Entrainment\n|move|p2a: Baxcalibur|Glaive Rush|p1b: Iron Bundle\n|-damage|p1b: Iron Bundle|0 fnt\n|-singlemove|p2a: Baxcalibur|Glaive Rush|[silent]\n|faint|p1b: Iron Bundle\n|-end|p1b: Iron Bundle|Quark Drive|[silent]\n|move|p2b: Kingambit|Iron Head|p1a: Cetitan\n|-supereffective|p1a: Cetitan\n|-damage|p1a: Cetitan|21\/100\n|-enditem|p1a: Cetitan|Sitrus Berry|[eat]\n|-heal|p1a: Cetitan|46\/100|[from] item: Sitrus Berry\n|\n|-weather|Snow|[upkeep]\n|upkeep\n|\n|t:|1700944711\n|switch|p1b: Ceruledge|Ceruledge, L50, F|100\/100\n|turn|4\n|inactive|SigmaIota has 30 seconds left.\n|\n|t:|1700944736\n|-terastallize|p1b: Ceruledge|Ice\n|move|p2b: Kingambit|Sucker Punch|p1b: Ceruledge\n|-damage|p1b: Ceruledge|68\/100\n|move|p2a: Baxcalibur|Crunch|p1b: Ceruledge\n|-damage|p1b: Ceruledge|42\/100\n|move|p1a: Cetitan|Stomping Tantrum|p2a: Baxcalibur\n|-damage|p2a: Baxcalibur|45\/100\n|move|p1b: Ceruledge|Brick Break|p2b: Kingambit\n|-supereffective|p2b: Kingambit\n|-damage|p2b: Kingambit|0 fnt\n|faint|p2b: Kingambit\n|\n|-weather|Snow|[upkeep]\n|upkeep\n|\n|t:|1700944750\n|switch|p2b: Skeledirge|Skeledirge, L50, M|32\/100\n|turn|5\n|\n|t:|1700944761\n|move|p2a: Baxcalibur|Glaive Rush|p1b: Ceruledge\n|-damage|p1b: Ceruledge|0 fnt\n|-singlemove|p2a: Baxcalibur|Glaive Rush|[silent]\n|faint|p1b: Ceruledge\n|move|p2b: Skeledirge|Hyper Voice|p1a: Cetitan\n|-damage|p1a: Cetitan|20\/100\n|move|p1a: Cetitan|Stomping Tantrum|p2b: Skeledirge\n|-supereffective|p2b: Skeledirge\n|-damage|p2b: Skeledirge|0 fnt\n|faint|p2b: Skeledirge\n|\n|-weather|none\n|upkeep\n|\n|t:|1700944767\n|switch|p2b: Pawmot|Pawmot, L50, F|100\/100\n|turn|6\n|\n|t:|1700944774\n|move|p2b: Pawmot|Close Combat|p1a: Cetitan\n|-supereffective|p1a: Cetitan\n|-damage|p1a: Cetitan|0 fnt\n|-unboost|p2b: Pawmot|def|1\n|-unboost|p2b: Pawmot|spd|1\n|faint|p1a: Cetitan\n|\n|win|Levelup_yaman\n|raw|SigmaIota's rating: 1093 &rarr; <strong>1076<\/strong><br \/>(-17 for losing)\n|raw|Levelup_yaman's rating: 1190 &rarr; <strong>1208<\/strong><br \/>(+18 for winning)\n|l|\u2606SigmaIota\n","uploadtime":1700944786,"views":11,"p1id":"sigmaiota","p2id":"levelupyaman","formatid":"gen9vgc2023regulatione","rating":1076,"private":0,"password":""}