{"id":"gen9vgc2023regulatione-1999643005","p1":"TrendanBrendan","p2":"zinvoke","format":"[Gen 9] VGC 2023 Regulation E","log":"|j|\u2606TrendanBrendan\n|j|\u2606zinvoke\n|t:|1701103919\n|gametype|doubles\n|player|p1|TrendanBrendan|lucas|1236\n|player|p2|zinvoke|2|1232\n|teamsize|p1|6\n|teamsize|p2|6\n|gen|9\n|tier|[Gen 9] VGC 2023 Regulation E\n|rated|\n|rule|Species Clause: Limit one of each Pok\u00e9mon\n|rule|Item Clause: Limit one of each item\n|clearpoke\n|poke|p1|Amoonguss, L50, M|\n|poke|p1|Heatran, L50, F|\n|poke|p1|Roaring Moon, L50|\n|poke|p1|Iron Hands, L50|\n|poke|p1|Flutter Mane, L50|\n|poke|p1|Landorus-Therian, L50, M|\n|poke|p2|Munkidori, L50, M|\n|poke|p2|Gholdengo, L50|\n|poke|p2|Ogerpon-Cornerstone, L50, F|\n|poke|p2|Kingambit, L50, F|\n|poke|p2|Thundurus, L50, M|\n|poke|p2|Chien-Pao, L50|\n|teampreview|4\n|inactive|Battle timer is ON: inactive players will automatically lose when time's up. (requested by zinvoke)\nTrendanBrendan has agreed to open team sheets.\n|inactive|TrendanBrendan has 60 seconds left.\n|\n|t:|1701103966\n|start\n|switch|p1a: Iron Hands|Iron Hands, L50|100\/100\n|switch|p1b: Roaring Moon|Roaring Moon, L50|100\/100\n|switch|p2a: Munkidori|Munkidori, L50, M|100\/100\n|switch|p2b: Chien-Pao|Chien-Pao, L50|100\/100\n|-ability|p2b: Chien-Pao|Sword of Ruin\n|-enditem|p1b: Roaring Moon|Booster Energy\n|-activate|p1b: Roaring Moon|ability: Protosynthesis|[fromitem]\n|-start|p1b: Roaring Moon|protosynthesisspe\n|turn|1\n|\n|t:|1701103990\n|switch|p2b: Gholdengo|Gholdengo, L50|100\/100\n|move|p1b: Roaring Moon|Protect|p1b: Roaring Moon\n|-singleturn|p1b: Roaring Moon|Protect\n|move|p1a: Iron Hands|Fake Out|p2b: Gholdengo\n|-immune|p2b: Gholdengo\n|move|p2a: Munkidori|Psychic|p1a: Iron Hands\n|-supereffective|p1a: Iron Hands\n|-damage|p1a: Iron Hands|48\/100\n|\n|upkeep\n|turn|2\n|\n|t:|1701104006\n|switch|p2b: Chien-Pao|Chien-Pao, L50|100\/100\n|-ability|p2b: Chien-Pao|Sword of Ruin\n|-end|p1a: Iron Hands|Quark Drive|[silent]\n|switch|p1a: Heatran|Heatran, L50, F|100\/100\n|move|p1b: Roaring Moon|Knock Off|p2b: Chien-Pao\n|-resisted|p2b: Chien-Pao\n|-damage|p2b: Chien-Pao|68\/100\n|-enditem|p2b: Chien-Pao|Assault Vest|[from] move: Knock Off|[of] p1b: Roaring Moon\n|move|p2a: Munkidori|Psychic|p1a: Heatran\n|-resisted|p1a: Heatran\n|-damage|p1a: Heatran|81\/100\n|\n|upkeep\n|turn|3\n|inactive|zinvoke has 30 seconds left.\n|\n|t:|1701104036\n|switch|p2a: Ogerpon|Ogerpon-Cornerstone, L50, F|100\/100\n|move|p1b: Roaring Moon|Knock Off|p2a: Ogerpon\n|-damage|p2a: Ogerpon|40\/100\n|move|p2b: Chien-Pao|Sacred Sword|p1a: Heatran\n|-supereffective|p1a: Heatran\n|-damage|p1a: Heatran|16\/100\n|move|p1a: Heatran|Heat Wave|p2b: Chien-Pao|[spread] p2a,p2b\n|-supereffective|p2b: Chien-Pao\n|-damage|p2a: Ogerpon|0 fnt\n|-damage|p2b: Chien-Pao|0 fnt\n|faint|p2a: Ogerpon\n|faint|p2b: Chien-Pao\n|\n|upkeep\n|c|\u2606TrendanBrendan|Whats AV Pao do?\n|\n|t:|1701104049\n|switch|p2b: Gholdengo|Gholdengo, L50|100\/100\n|switch|p2a: Munkidori|Munkidori, L50, M|100\/100\n|turn|4\n|\n|t:|1701104061\n|-terastallize|p2b: Gholdengo|Steel\n|move|p1b: Roaring Moon|Protect|p1b: Roaring Moon\n|-singleturn|p1b: Roaring Moon|Protect\n|move|p1a: Heatran|Protect|p1a: Heatran\n|-singleturn|p1a: Heatran|Protect\n|move|p2a: Munkidori|Fake Out|p1b: Roaring Moon\n|-activate|p1b: Roaring Moon|move: Protect\n|move|p2b: Gholdengo|Make It Rain|p1b: Roaring Moon|[spread] \n|-activate|p1a: Heatran|move: Protect\n|-activate|p1b: Roaring Moon|move: Protect\n|\n|upkeep\n|turn|5\n|\n|t:|1701104086\n|move|p1b: Roaring Moon|Tailwind|p1b: Roaring Moon\n|-sidestart|p1: TrendanBrendan|move: Tailwind\n|move|p1a: Heatran|Earth Power|p2b: Gholdengo\n|-supereffective|p2b: Gholdengo\n|-damage|p2b: Gholdengo|29\/100\n|move|p2a: Munkidori|Sludge Wave|p1b: Roaring Moon|[spread] p1b\n|-immune|p2b: Gholdengo\n|-immune|p1a: Heatran\n|-damage|p1b: Roaring Moon|60\/100\n|move|p2b: Gholdengo|Make It Rain|p1b: Roaring Moon|[spread] p1a,p1b\n|-resisted|p1a: Heatran\n|-crit|p1b: Roaring Moon\n|-damage|p1a: Heatran|0 fnt\n|-damage|p1b: Roaring Moon|0 fnt\n|-unboost|p2b: Gholdengo|spa|1\n|faint|p1a: Heatran\n|faint|p1b: Roaring Moon\n|-end|p1b: Roaring Moon|Protosynthesis|[silent]\n|\n|upkeep\n|c|\u2606zinvoke|He dies :\/\n|\n|t:|1701104095\n|switch|p1b: Flutter Mane|Flutter Mane, L50|100\/100\n|switch|p1a: Iron Hands|Iron Hands, L50|48\/100\n|turn|6\n|\n|t:|1701104108\n|-terastallize|p1b: Flutter Mane|Fairy\n|move|p1a: Iron Hands|Fake Out|p2a: Munkidori\n|-damage|p2a: Munkidori|74\/100\n|move|p1b: Flutter Mane|Moonblast|p2b: Gholdengo\n|-resisted|p2b: Gholdengo\n|-crit|p2b: Gholdengo\n|-damage|p2b: Gholdengo|0 fnt\n|faint|p2b: Gholdengo\n|cant|p2a: Munkidori|flinch\n|\n|upkeep\n|turn|7\n|\n|t:|1701104122\n|move|p1b: Flutter Mane|Moonblast|p2a: Munkidori\n|-resisted|p2a: Munkidori\n|-damage|p2a: Munkidori|8\/100\n|move|p2a: Munkidori|Sludge Wave|p1a: Iron Hands|[spread] p1a,p1b\n|-supereffective|p1b: Flutter Mane\n|-damage|p1a: Iron Hands|27\/100\n|-damage|p1b: Flutter Mane|25\/100\n|move|p1a: Iron Hands|Wild Charge|p2a: Munkidori\n|-damage|p2a: Munkidori|0 fnt\n|faint|p2a: Munkidori\n|-damage|p1a: Iron Hands|26\/100|[from] Recoil\n|\n|win|TrendanBrendan\n|raw|TrendanBrendan's rating: 1236 &rarr; <strong>1261<\/strong><br \/>(+25 for winning)\n|raw|zinvoke's rating: 1232 &rarr; <strong>1207<\/strong><br \/>(-25 for losing)\n|c|\u2606TrendanBrendan|: [ poor kitty\n|c|\u2606TrendanBrendan|I love Pao\n|c|\u2606TrendanBrendan|AV seems cool if you go bulky enough\n|c|\u2606TrendanBrendan|Like if you can defensive tera\n","uploadtime":1701104196,"views":22,"p1id":"trendanbrendan","p2id":"zinvoke","formatid":"gen9vgc2023regulatione","rating":1207,"private":0,"password":""}