{"id":"gen9vgc2023regulatione-1989761484","p1":"Tiger58","p2":"Kzjrzk","format":"[Gen 9] VGC 2023 Regulation E","log":"|j|\u2606Tiger58\n|j|\u2606Kzjrzk\n|t:|1699893519\n|gametype|doubles\n|player|p1|Tiger58|n|1097\n|player|p2|Kzjrzk|lance|1077\n|teamsize|p1|6\n|teamsize|p2|6\n|gen|9\n|tier|[Gen 9] VGC 2023 Regulation E\n|rated|\n|rule|Species Clause: Limit one of each Pok\u00e9mon\n|rule|Item Clause: Limit one of each item\n|clearpoke\n|poke|p1|Luxray, L50, M|\n|poke|p1|Wo-Chien, L50|\n|poke|p1|Flutter Mane, L50|\n|poke|p1|Cresselia, L50, F|\n|poke|p1|Gliscor, L50, M|\n|poke|p1|Urshifu-*, L50, M|\n|poke|p2|Flutter Mane, L50|\n|poke|p2|Tornadus, L50, M|\n|poke|p2|Rillaboom, L50, F|\n|poke|p2|Garganacl, L50, M|\n|poke|p2|Arcanine-Hisui, L50, M|\n|poke|p2|Chien-Pao, L50|\n|teampreview|4\n|\n|t:|1699893575\n|start\n|switch|p1a: Flutter Mane|Flutter Mane, L50|100\/100\n|switch|p1b: Cresselia|Cresselia, L50, F|100\/100\n|switch|p2a: Tornadus|Tornadus, L50, M|100\/100\n|switch|p2b: Garganacl|Garganacl, L50, M|100\/100\n|turn|1\n|\n|t:|1699893583\n|move|p2a: Tornadus|Taunt|p1b: Cresselia\n|-start|p1b: Cresselia|move: Taunt\n|move|p1a: Flutter Mane|Dazzling Gleam|p2b: Garganacl|[spread] p2a,p2b\n|-damage|p2a: Tornadus|75\/100\n|-damage|p2b: Garganacl|77\/100\n|move|p1b: Cresselia|Icy Wind|p2b: Garganacl|[spread] p2a,p2b\n|-supereffective|p2a: Tornadus\n|-damage|p2a: Tornadus|57\/100\n|-damage|p2b: Garganacl|71\/100\n|-unboost|p2a: Tornadus|spe|1\n|-unboost|p2b: Garganacl|spe|1\n|move|p2b: Garganacl|Salt Cure|p1a: Flutter Mane\n|-damage|p1a: Flutter Mane|70\/100\n|-start|p1a: Flutter Mane|Salt Cure\n|\n|-damage|p1a: Flutter Mane|58\/100|[from] Salt Cure\n|upkeep\n|turn|2\n|\n|t:|1699893597\n|move|p1a: Flutter Mane|Dazzling Gleam|p2a: Tornadus|[spread] p2a,p2b\n|-damage|p2a: Tornadus|28\/100\n|-damage|p2b: Garganacl|42\/100\n|-enditem|p2b: Garganacl|Sitrus Berry|[eat]\n|-heal|p2b: Garganacl|67\/100|[from] item: Sitrus Berry\n|move|p1b: Cresselia|Icy Wind|p2b: Garganacl|[spread] p2a,p2b\n|-supereffective|p2a: Tornadus\n|-damage|p2a: Tornadus|10\/100\n|-damage|p2b: Garganacl|59\/100\n|-unboost|p2a: Tornadus|spe|1\n|-unboost|p2b: Garganacl|spe|1\n|move|p2a: Tornadus|Bleakwind Storm|p1a: Flutter Mane|[spread] p1a\n|-miss|p2a: Tornadus|p1b: Cresselia\n|-damage|p1a: Flutter Mane|23\/100\n|move|p2b: Garganacl|Iron Defense|p2b: Garganacl\n|-boost|p2b: Garganacl|def|2\n|\n|-damage|p1a: Flutter Mane|10\/100|[from] Salt Cure\n|upkeep\n|turn|3\n|\n|t:|1699893611\n|move|p2a: Tornadus|Tailwind|p2a: Tornadus\n|-sidestart|p2: Kzjrzk|move: Tailwind\n|move|p1a: Flutter Mane|Dazzling Gleam|p2a: Tornadus|[spread] p2a,p2b\n|-damage|p2a: Tornadus|0 fnt\n|-damage|p2b: Garganacl|30\/100\n|faint|p2a: Tornadus\n|move|p1b: Cresselia|Icy Wind|p2b: Garganacl\n|-damage|p2b: Garganacl|20\/100\n|-unboost|p2b: Garganacl|spe|1\n|move|p2b: Garganacl|Recover|p2b: Garganacl\n|-heal|p2b: Garganacl|71\/100\n|\n|-damage|p1a: Flutter Mane|0 fnt|[from] Salt Cure\n|faint|p1a: Flutter Mane\n|-end|p1a: Flutter Mane|Protosynthesis|[silent]\n|-end|p1b: Cresselia|move: Taunt\n|upkeep\n|\n|t:|1699893627\n|switch|p1a: Urshifu|Urshifu-Rapid-Strike, L50, M|100\/100\n|switch|p2a: Rillaboom|Rillaboom, L50, F|100\/100\n|-fieldstart|move: Grassy Terrain|[from] ability: Grassy Surge|[of] p2a: Rillaboom\n|turn|4\n|\n|t:|1699893646\n|-terastallize|p2b: Garganacl|Ghost\n|move|p2a: Rillaboom|Grassy Glide|p1a: Urshifu\n|-supereffective|p1a: Urshifu\n|-damage|p1a: Urshifu|17\/100\n|move|p1a: Urshifu|Taunt|p2b: Garganacl\n|-start|p2b: Garganacl|move: Taunt\n|move|p1b: Cresselia|Icy Wind|p2b: Garganacl|[spread] p2a,p2b\n|-supereffective|p2a: Rillaboom\n|-damage|p2a: Rillaboom|83\/100\n|-damage|p2b: Garganacl|64\/100\n|-unboost|p2a: Rillaboom|spe|1\n|-unboost|p2b: Garganacl|spe|1\n|move|p2b: Garganacl|Salt Cure|p1a: Urshifu\n|-resisted|p1a: Urshifu\n|-damage|p1a: Urshifu|10\/100\n|-start|p1a: Urshifu|Salt Cure\n|\n|-heal|p1a: Urshifu|16\/100|[from] Grassy Terrain\n|-heal|p2a: Rillaboom|89\/100|[from] Grassy Terrain\n|-heal|p2b: Garganacl|70\/100|[from] Grassy Terrain\n|-damage|p1a: Urshifu|0 fnt|[from] Salt Cure\n|faint|p1a: Urshifu\n|upkeep\n|\n|t:|1699893657\n|switch|p1a: Luxray|Luxray, L50, M|100\/100\n|-ability|p1a: Luxray|Intimidate|boost\n|-unboost|p2a: Rillaboom|atk|1\n|-unboost|p2b: Garganacl|atk|1\n|turn|5\n|\n|t:|1699893667\n|move|p2a: Rillaboom|Drain Punch|p1a: Luxray\n|-damage|p1a: Luxray|81\/100\n|-heal|p2a: Rillaboom|98\/100|[from] drain|[of] p1a: Luxray\n|-damage|p2a: Rillaboom|82\/100|[from] item: Rocky Helmet|[of] p1a: Luxray\n|move|p1b: Cresselia|Icy Wind|p2b: Garganacl|[spread] p2a,p2b\n|-supereffective|p2a: Rillaboom\n|-damage|p2a: Rillaboom|64\/100\n|-damage|p2b: Garganacl|63\/100\n|-unboost|p2a: Rillaboom|spe|1\n|-unboost|p2b: Garganacl|spe|1\n|move|p1a: Luxray|Confuse Ray|p2b: Garganacl\n|-start|p2b: Garganacl|confusion\n|-activate|p2b: Garganacl|confusion\n|move|p2b: Garganacl|Salt Cure|p1a: Luxray\n|-damage|p1a: Luxray|69\/100\n|-start|p1a: Luxray|Salt Cure\n|\n|-heal|p2a: Rillaboom|70\/100|[from] Grassy Terrain\n|-heal|p1a: Luxray|75\/100|[from] Grassy Terrain\n|-heal|p2b: Garganacl|69\/100|[from] Grassy Terrain\n|-damage|p1a: Luxray|63\/100|[from] Salt Cure\n|upkeep\n|turn|6\n|\n|t:|1699893686\n|move|p1b: Cresselia|Icy Wind|p2a: Rillaboom|[spread] p2b\n|-miss|p1b: Cresselia|p2a: Rillaboom\n|-crit|p2b: Garganacl\n|-damage|p2b: Garganacl|57\/100\n|-unboost|p2b: Garganacl|spe|1\n|move|p2a: Rillaboom|Wood Hammer|p1a: Luxray\n|-damage|p1a: Luxray|0 fnt\n|-damage|p2a: Rillaboom|54\/100|[from] item: Rocky Helmet|[of] p1a: Luxray\n|faint|p1a: Luxray\n|-damage|p2a: Rillaboom|35\/100|[from] Recoil\n|-activate|p2b: Garganacl|confusion\n|move|p2b: Garganacl|Salt Cure|p1b: Cresselia\n|-damage|p1b: Cresselia|94\/100\n|-start|p1b: Cresselia|Salt Cure\n|\n|-heal|p1b: Cresselia|99\/100|[from] item: Leftovers\n|-heal|p2a: Rillaboom|41\/100|[from] Grassy Terrain\n|-heal|p2b: Garganacl|63\/100|[from] Grassy Terrain\n|-damage|p1b: Cresselia|88\/100|[from] Salt Cure\n|-end|p2b: Garganacl|move: Taunt\n|-sideend|p2: Kzjrzk|move: Tailwind\n|upkeep\n|turn|7\n|\n|t:|1699893698\n|-terastallize|p1b: Cresselia|Fairy\n|move|p1b: Cresselia|Moonblast|p2b: Garganacl\n|-damage|p2b: Garganacl|39\/100\n|move|p2a: Rillaboom|Drain Punch|p1b: Cresselia\n|-resisted|p1b: Cresselia\n|-damage|p1b: Cresselia|81\/100\n|-heal|p2a: Rillaboom|44\/100|[from] drain|[of] p1b: Cresselia\n|-end|p2b: Garganacl|confusion\n|move|p2b: Garganacl|Recover|p2b: Garganacl\n|-heal|p2b: Garganacl|89\/100\n|\n|-heal|p1b: Cresselia|87\/100|[from] item: Leftovers\n|-heal|p2a: Rillaboom|50\/100|[from] Grassy Terrain\n|-heal|p2b: Garganacl|95\/100|[from] Grassy Terrain\n|-damage|p1b: Cresselia|75\/100|[from] Salt Cure\n|upkeep\n|turn|8\n|\n|t:|1699893712\n|switch|p2a: Flutter Mane|Flutter Mane, L50|100\/100\n|-enditem|p2a: Flutter Mane|Booster Energy\n|-activate|p2a: Flutter Mane|ability: Protosynthesis|[fromitem]\n|-start|p2a: Flutter Mane|protosynthesisspe\n|move|p1b: Cresselia|Moonblast|p2b: Garganacl\n|-damage|p2b: Garganacl|67\/100\n|move|p2b: Garganacl|Salt Cure|p1b: Cresselia\n|-damage|p1b: Cresselia|68\/100\n|\n|-heal|p1b: Cresselia|74\/100|[from] item: Leftovers\n|-heal|p2b: Garganacl|73\/100|[from] Grassy Terrain\n|-damage|p1b: Cresselia|62\/100|[from] Salt Cure\n|-fieldend|move: Grassy Terrain\n|upkeep\n|turn|9\n|\n|t:|1699893719\n|move|p2b: Garganacl|Protect|p2b: Garganacl\n|-singleturn|p2b: Garganacl|Protect\n|move|p2a: Flutter Mane|Substitute|p2a: Flutter Mane\n|-start|p2a: Flutter Mane|Substitute\n|-damage|p2a: Flutter Mane|76\/100\n|move|p1b: Cresselia|Lunar Blessing|p1b: Cresselia\n|-heal|p1b: Cresselia|87\/100\n|\n|-heal|p1b: Cresselia|93\/100|[from] item: Leftovers\n|-damage|p1b: Cresselia|81\/100|[from] Salt Cure\n|upkeep\n|turn|10\n|\n|t:|1699893728\n|move|p2a: Flutter Mane|Protect|p2a: Flutter Mane\n|-singleturn|p2a: Flutter Mane|Protect\n|move|p1b: Cresselia|Moonblast|p2b: Garganacl\n|-damage|p2b: Garganacl|46\/100\n|move|p2b: Garganacl|Recover|p2b: Garganacl\n|-heal|p2b: Garganacl|97\/100\n|\n|-heal|p1b: Cresselia|87\/100|[from] item: Leftovers\n|-damage|p1b: Cresselia|75\/100|[from] Salt Cure\n|upkeep\n|turn|11\n|\n|t:|1699893736\n|move|p2a: Flutter Mane|Moonblast|p1b: Cresselia\n|-damage|p1b: Cresselia|37\/100\n|move|p1b: Cresselia|Lunar Blessing|p1b: Cresselia\n|-heal|p1b: Cresselia|62\/100\n|move|p2b: Garganacl|Salt Cure|p1b: Cresselia\n|-damage|p1b: Cresselia|56\/100\n|\n|-heal|p1b: Cresselia|62\/100|[from] item: Leftovers\n|-damage|p1b: Cresselia|49\/100|[from] Salt Cure\n|upkeep\n|turn|12\n|\n|t:|1699893743\n|move|p2b: Garganacl|Protect|p2b: Garganacl\n|-singleturn|p2b: Garganacl|Protect\n|move|p2a: Flutter Mane|Moonblast|p1b: Cresselia\n|-damage|p1b: Cresselia|14\/100\n|-unboost|p1b: Cresselia|spa|1\n|move|p1b: Cresselia|Moonblast|p2b: Garganacl\n|-activate|p2b: Garganacl|move: Protect\n|\n|-heal|p1b: Cresselia|20\/100|[from] item: Leftovers\n|-damage|p1b: Cresselia|8\/100|[from] Salt Cure\n|upkeep\n|turn|13\n|\n|t:|1699893750\n|move|p2a: Flutter Mane|Protect|p2a: Flutter Mane\n|-singleturn|p2a: Flutter Mane|Protect\n|move|p2b: Garganacl|Protect||[still]\n|-fail|p2b: Garganacl\n|move|p1b: Cresselia|Moonblast|p2b: Garganacl\n|-damage|p2b: Garganacl|80\/100\n|\n|-heal|p1b: Cresselia|14\/100|[from] item: Leftovers\n|-damage|p1b: Cresselia|1\/100|[from] Salt Cure\n|upkeep\n|turn|14\n|\n|t:|1699893755\n|move|p2a: Flutter Mane|Moonblast|p1b: Cresselia\n|-damage|p1b: Cresselia|0 fnt\n|faint|p1b: Cresselia\n|\n|win|Kzjrzk\n|raw|Tiger58's rating: 1097 &rarr; <strong>1071<\/strong><br \/>(-26 for losing)\n|raw|Kzjrzk's rating: 1077 &rarr; <strong>1107<\/strong><br \/>(+30 for winning)\n|l|\u2606Tiger58\n","uploadtime":1699893758,"views":8,"p1id":"tiger58","p2id":"kzjrzk","formatid":"gen9vgc2023regulatione","rating":1071,"private":0,"password":""}