{"id":"gen9vgc2023regulatione-1990566424","p1":"TrainerDylan24","p2":"Schnorchler","format":"[Gen 9] VGC 2023 Regulation E","log":"|j|\u2606TrainerDylan24\n|j|\u2606Schnorchler\n|t:|1699981973\n|gametype|doubles\n|player|p1|TrainerDylan24|swimmerf|1163\n|player|p2|Schnorchler|red|1182\n|teamsize|p1|6\n|teamsize|p2|6\n|gen|9\n|tier|[Gen 9] VGC 2023 Regulation E\n|rated|\n|rule|Species Clause: Limit one of each Pok\u00e9mon\n|rule|Item Clause: Limit one of each item\n|clearpoke\n|poke|p1|Maushold-Four, L50|\n|poke|p1|Politoed, L50, F|\n|poke|p1|Kilowattrel, L50, F|\n|poke|p1|Rillaboom, L50, M|\n|poke|p1|Forretress, L50, F|\n|poke|p1|Iron Bundle, L50|\n|poke|p2|Enamorus, L50, F|\n|poke|p2|Passimian, L50, M|\n|poke|p2|Dugtrio-Alola, L50, F|\n|poke|p2|Tornadus, L50, M|\n|poke|p2|Farigiraf, L50, M|\n|poke|p2|Rillaboom, L50, F|\n|teampreview|4\n|inactive|Battle timer is ON: inactive players will automatically lose when time's up. (requested by Schnorchler)\n|\n|t:|1699981991\n|start\n|switch|p1a: Politoed|Politoed, L50, F|100\/100\n|switch|p1b: Kilowattrel|Kilowattrel, L50, F|100\/100\n|switch|p2a: Enamorus|Enamorus, L50, F|100\/100\n|switch|p2b: Passimian|Passimian, L50, M|100\/100\n|-weather|RainDance|[from] ability: Drizzle|[of] p1a: Politoed\n|turn|1\n|\n|t:|1699982002\n|move|p2b: Passimian|Protect|p2b: Passimian\n|-singleturn|p2b: Passimian|Protect\n|move|p1b: Kilowattrel|Thunder|p2a: Enamorus\n|-supereffective|p2a: Enamorus\n|-damage|p2a: Enamorus|0 fnt\n|faint|p2a: Enamorus\n|-ability|p2b: Passimian|Contrary|[from] ability: Receiver|[of] p2a: Enamorus\n|move|p1a: Politoed|Icy Wind|p2b: Passimian\n|-activate|p2b: Passimian|move: Protect\n|\n|-weather|RainDance|[upkeep]\n|upkeep\n|\n|t:|1699982012\n|switch|p2a: Tornadus|Tornadus, L50, M|100\/100\n|turn|2\n|\n|t:|1699982024\n|move|p2a: Tornadus|Tailwind|p2a: Tornadus\n|-sidestart|p2: Schnorchler|move: Tailwind\n|move|p2b: Passimian|Close Combat|p1b: Kilowattrel\n|-resisted|p1b: Kilowattrel\n|-damage|p1b: Kilowattrel|47\/100\n|-boost|p2b: Passimian|def|1\n|-boost|p2b: Passimian|spd|1\n|move|p1b: Kilowattrel|Hurricane|p2b: Passimian\n|-supereffective|p2b: Passimian\n|-damage|p2b: Passimian|26\/100\n|move|p1a: Politoed|Muddy Water|p2a: Tornadus|[spread] p2a\n|-miss|p1a: Politoed|p2b: Passimian\n|-crit|p2a: Tornadus\n|-enditem|p2a: Tornadus|Focus Sash\n|-damage|p2a: Tornadus|1\/100\n|-damage|p1a: Politoed|91\/100|[from] item: Life Orb\n|\n|-weather|RainDance|[upkeep]\n|-heal|p2b: Passimian|32\/100|[from] item: Leftovers\n|upkeep\n|turn|3\n|\n|t:|1699982048\n|move|p2a: Tornadus|Protect|p2a: Tornadus\n|-singleturn|p2a: Tornadus|Protect\n|move|p2b: Passimian|Protect|p2b: Passimian\n|-singleturn|p2b: Passimian|Protect\n|move|p1b: Kilowattrel|Protect|p1b: Kilowattrel\n|-singleturn|p1b: Kilowattrel|Protect\n|move|p1a: Politoed|Muddy Water|p2a: Tornadus|[spread] \n|-activate|p2a: Tornadus|move: Protect\n|-activate|p2b: Passimian|move: Protect\n|\n|-weather|RainDance|[upkeep]\n|-heal|p2b: Passimian|38\/100|[from] item: Leftovers\n|upkeep\n|turn|4\n|inactive|Schnorchler has 30 seconds left.\n|\n|t:|1699982076\n|move|p2a: Tornadus|Scary Face|p2b: Passimian\n|-boost|p2b: Passimian|spe|2\n|move|p2b: Passimian|Close Combat|p1b: Kilowattrel\n|-resisted|p1b: Kilowattrel\n|-damage|p1b: Kilowattrel|0 fnt\n|-boost|p2b: Passimian|def|1\n|-boost|p2b: Passimian|spd|1\n|faint|p1b: Kilowattrel\n|move|p1a: Politoed|Muddy Water|p2a: Tornadus|[spread] p2a,p2b\n|-damage|p2a: Tornadus|0 fnt\n|-damage|p2b: Passimian|7\/100\n|faint|p2a: Tornadus\n|-damage|p1a: Politoed|81\/100|[from] item: Life Orb\n|\n|-weather|RainDance|[upkeep]\n|-heal|p2b: Passimian|13\/100|[from] item: Leftovers\n|upkeep\n|\n|t:|1699982087\n|switch|p1b: Maushold|Maushold-Four, L50|100\/100\n|switch|p2a: Dugtrio|Dugtrio-Alola, L50, F|100\/100\n|turn|5\n|\n|t:|1699982099\n|-terastallize|p2a: Dugtrio|Ghost\n|move|p2b: Passimian|Protect|p2b: Passimian\n|-singleturn|p2b: Passimian|Protect\n|move|p1b: Maushold|Follow Me|p1b: Maushold\n|-singleturn|p1b: Maushold|move: Follow Me\n|move|p2a: Dugtrio|Charm|p1b: Maushold\n|-unboost|p1b: Maushold|atk|2\n|move|p1a: Politoed|Muddy Water|p2a: Dugtrio|[spread] p2a\n|-activate|p2b: Passimian|move: Protect\n|-damage|p2a: Dugtrio|9\/100\n|-damage|p1a: Politoed|71\/100|[from] item: Life Orb\n|\n|-weather|none\n|-heal|p2b: Passimian|20\/100|[from] item: Leftovers\n|-sideend|p2: Schnorchler|move: Tailwind\n|upkeep\n|turn|6\n|\n|t:|1699982115\n|move|p1b: Maushold|Follow Me|p1b: Maushold\n|-singleturn|p1b: Maushold|move: Follow Me\n|move|p2a: Dugtrio|Charm|p1b: Maushold\n|-unboost|p1b: Maushold|atk|2\n|move|p2b: Passimian|Drain Punch|p1b: Maushold\n|-supereffective|p1b: Maushold\n|-damage|p1b: Maushold|0 fnt\n|-heal|p2b: Passimian|59\/100|[from] drain|[of] p1b: Maushold\n|faint|p1b: Maushold\n|move|p1a: Politoed|Muddy Water|p2a: Dugtrio|[spread] p2a,p2b\n|-damage|p2a: Dugtrio|0 fnt\n|-damage|p2b: Passimian|38\/100\n|faint|p2a: Dugtrio\n|-damage|p1a: Politoed|61\/100|[from] item: Life Orb\n|\n|-heal|p2b: Passimian|45\/100|[from] item: Leftovers\n|upkeep\n|\n|t:|1699982122\n|switch|p1b: Forretress|Forretress, L50, F|100\/100\n|turn|7\n|\n|t:|1699982132\n|move|p2b: Passimian|Close Combat|p1b: Forretress\n|-damage|p1b: Forretress|57\/100\n|-boost|p2b: Passimian|def|1\n|-boost|p2b: Passimian|spd|1\n|move|p1a: Politoed|Muddy Water|p2b: Passimian\n|-damage|p2b: Passimian|20\/100\n|-damage|p1a: Politoed|51\/100|[from] item: Life Orb\n|move|p1b: Forretress|Iron Defense|p1b: Forretress\n|-boost|p1b: Forretress|def|2\n|\n|-heal|p2b: Passimian|26\/100|[from] item: Leftovers\n|-heal|p1b: Forretress|63\/100|[from] item: Leftovers\n|upkeep\n|turn|8\n|\n|t:|1699982155\n|move|p2b: Passimian|Drain Punch|p1a: Politoed\n|-damage|p1a: Politoed|14\/100\n|-heal|p2b: Passimian|43\/100|[from] drain|[of] p1a: Politoed\n|move|p1a: Politoed|Muddy Water|p2b: Passimian\n|-damage|p2b: Passimian|19\/100\n|-damage|p1a: Politoed|5\/100|[from] item: Life Orb\n|move|p1b: Forretress|Body Press|p2b: Passimian\n|-crit|p2b: Passimian\n|-damage|p2b: Passimian|0 fnt\n|faint|p2b: Passimian\n|\n|win|TrainerDylan24\n|raw|TrainerDylan24's rating: 1163 &rarr; <strong>1189<\/strong><br \/>(+26 for winning)\n|raw|Schnorchler's rating: 1182 &rarr; <strong>1156<\/strong><br \/>(-26 for losing)\n|l|\u2606Schnorchler\n","uploadtime":1699982169,"views":9,"p1id":"trainerdylan24","p2id":"schnorchler","formatid":"gen9vgc2023regulatione","rating":1156,"private":0,"password":""}