{"id":"gen9vgc2023regulatione-1995727510","p1":"Capn Neo","p2":"Halotowers","format":"[Gen 9] VGC 2023 Regulation E","log":"|j|\u2606Capn Neo\n|j|\u2606Halotowers\n|t:|1700597558\n|gametype|doubles\n|player|p1|Capn Neo|red|\n|player|p2|Halotowers|schoolkid-gen4|\n|teamsize|p1|6\n|teamsize|p2|6\n|gen|9\n|tier|[Gen 9] VGC 2023 Regulation E\n|rule|Species Clause: Limit one of each Pok\u00e9mon\n|rule|Item Clause: Limit one of each item\n|clearpoke\n|poke|p1|Urshifu-*, L50, M|\n|poke|p1|Iron Bundle, L50|\n|poke|p1|Slowking-Galar, L50, F|\n|poke|p1|Dipplin, L50, F|\n|poke|p1|Illumise, L50, F|\n|poke|p1|Zoroark-Hisui, L50, F|\n|poke|p2|Uxie, L50|\n|poke|p2|Clefable, L50, F|\n|poke|p2|Decidueye-Hisui, L50, M|\n|poke|p2|Spectrier, L50|\n|poke|p2|Umbreon, L50, M|\n|poke|p2|Clodsire, L50, M|\n|teampreview|4\n|\n|t:|1700597572\n|start\n|switch|p1a: Peach|Illumise, L50, F|100\/100\n|switch|p1b: Bowser|Slowking-Galar, L50, F|100\/100\n|switch|p2a: Machine Made|Uxie, L50|100\/100\n|switch|p2b: Axem Pink|Clefable, L50, F|100\/100\n|turn|1\n|c|\u2606Halotowers|GLHF!\n|c|\u2606Capn Neo|glhf\n|\n|t:|1700597607\n|switch|p2b: Axem Green|Umbreon, L50, M|100\/100\n|move|p1a: Peach|Light Screen|p1a: Peach\n|-sidestart|p1: Capn Neo|move: Light Screen\n|move|p1b: Bowser|Blizzard|p2b: Axem Green|[spread] p2a,p2b\n|-damage|p2a: Machine Made|81\/100\n|-damage|p2b: Axem Green|79\/100\n|move|p2a: Machine Made|Trick Room|p2a: Machine Made\n|-fieldstart|move: Trick Room|[of] p2a: Machine Made\n|\n|upkeep\n|turn|2\n|j| MikeTitan\n|\n|t:|1700597631\n|move|p1a: Peach|Fake Tears|p2b: Axem Green\n|-hint|Since gen 7, Dark is immune to Prankster moves.\n|-immune|p2b: Axem Green\n|move|p1b: Bowser|Chilly Reception|p1b: Bowser\n|-weather|Snow\n|\n|t:|1700597651\n|switch|p1b: Geno|Iron Bundle, L50|100\/100|[from] Chilly Reception\n|-enditem|p1b: Geno|Booster Energy\n|-activate|p1b: Geno|ability: Quark Drive|[fromitem]\n|-start|p1b: Geno|quarkdrivespa\n|move|p2b: Axem Green|Snarl|p1a: Peach|[spread] p1a,p1b\n|-damage|p1a: Peach|92\/100\n|-damage|p1b: Geno|88\/100\n|-unboost|p1a: Peach|spa|1\n|-unboost|p1b: Geno|spa|1\n|move|p2a: Machine Made|Light Screen|p2a: Machine Made\n|-sidestart|p2: Halotowers|move: Light Screen\n|\n|-weather|Snow|[upkeep]\n|upkeep\n|turn|3\n|\n|t:|1700597679\n|switch|p2a: Axem Pink|Clefable, L50, F|100\/100\n|move|p2b: Axem Green|Snarl|p1b: Geno|[spread] p1a,p1b\n|-damage|p1a: Peach|84\/100\n|-damage|p1b: Geno|75\/100\n|-unboost|p1a: Peach|spa|1\n|-unboost|p1b: Geno|spa|1\n|move|p1a: Peach|Bug Buzz|p2b: Axem Green\n|-supereffective|p2b: Axem Green\n|-damage|p2b: Axem Green|64\/100\n|move|p1b: Geno|Blizzard|p2a: Axem Pink|[spread] p2a,p2b\n|-damage|p2a: Axem Pink|65\/100\n|-damage|p2b: Axem Green|50\/100\n|\n|-weather|Snow|[upkeep]\n|upkeep\n|turn|4\n|\n|t:|1700597704\n|move|p2b: Axem Green|Helping Hand|p2a: Axem Pink\n|-singleturn|p2a: Axem Pink|Helping Hand|[of] p2b: Axem Green\n|move|p2a: Axem Pink|Moonblast|p1b: Geno\n|-damage|p1b: Geno|13\/100\n|-unboost|p1b: Geno|spa|1\n|move|p1a: Peach|Bug Buzz|p2b: Axem Green\n|-supereffective|p2b: Axem Green\n|-damage|p2b: Axem Green|36\/100\n|-unboost|p2b: Axem Green|spd|1\n|move|p1b: Geno|Blizzard|p2b: Axem Green|[spread] p2a,p2b\n|-damage|p2a: Axem Pink|33\/100\n|-damage|p2b: Axem Green|18\/100\n|-enditem|p2a: Axem Pink|Sitrus Berry|[eat]\n|-heal|p2a: Axem Pink|57\/100|[from] item: Sitrus Berry\n|\n|-weather|Snow|[upkeep]\n|upkeep\n|turn|5\n|\n|t:|1700597738\n|move|p1b: Geno|Protect|p1b: Geno\n|-singleturn|p1b: Geno|Protect\n|move|p2a: Axem Pink|Heal Pulse|p2b: Axem Green\n|-heal|p2b: Axem Green|68\/100\n|move|p2b: Axem Green|Snarl|p1b: Geno|[spread] p1a\n|-activate|p1b: Geno|move: Protect\n|-damage|p1a: Peach|77\/100\n|-unboost|p1a: Peach|spa|1\n|move|p1a: Peach|Bug Buzz|p2b: Axem Green\n|-supereffective|p2b: Axem Green\n|-damage|p2b: Axem Green|50\/100\n|\n|-weather|Snow|[upkeep]\n|-sideend|p1: Capn Neo|move: Light Screen\n|-fieldend|move: Trick Room\n|upkeep\n|turn|6\n|\n|t:|1700597767\n|switch|p2b: Machine Made|Uxie, L50|81\/100\n|-terastallize|p1b: Geno|Ice\n|move|p2a: Axem Pink|Protect|p2a: Axem Pink\n|-singleturn|p2a: Axem Pink|Protect\n|move|p1b: Geno|Blizzard|p2b: Machine Made|[spread] p2b\n|-activate|p2a: Axem Pink|move: Protect\n|-damage|p2b: Machine Made|65\/100\n|move|p1a: Peach|Bug Buzz|p2b: Machine Made\n|-supereffective|p2b: Machine Made\n|-damage|p2b: Machine Made|54\/100\n|\n|-weather|none\n|-sideend|p2: Halotowers|move: Light Screen\n|upkeep\n|turn|7\n|\n|t:|1700597789\n|-end|p1b: Geno|Quark Drive|[silent]\n|switch|p1b: Bowser|Slowking-Galar, L50, F|100\/100\n|move|p2a: Axem Pink|Follow Me|p2a: Axem Pink\n|-singleturn|p2a: Axem Pink|move: Follow Me\n|move|p1a: Peach|Bug Buzz|p2a: Axem Pink\n|-resisted|p2a: Axem Pink\n|-damage|p2a: Axem Pink|43\/100\n|move|p2b: Machine Made|Trick Room|p2b: Machine Made\n|-fieldstart|move: Trick Room|[of] p2b: Machine Made\n|\n|upkeep\n|turn|8\n|c| MikeTitan|Uxie dumb thicc\n|\n|t:|1700597814\n|switch|p2b: Axem Green|Umbreon, L50, M|50\/100\n|-terastallize|p2a: Axem Pink|Steel\n|move|p2a: Axem Pink|Follow Me|p2a: Axem Pink\n|-singleturn|p2a: Axem Pink|move: Follow Me\n|move|p1b: Bowser|Sludge Bomb|p2a: Axem Pink\n|-immune|p2a: Axem Pink\n|move|p1a: Peach|Bug Buzz|p2a: Axem Pink\n|-resisted|p2a: Axem Pink\n|-damage|p2a: Axem Pink|29\/100\n|-unboost|p2a: Axem Pink|spd|1\n|\n|upkeep\n|turn|9\n|\n|t:|1700597846\n|move|p1b: Bowser|Blizzard|p2a: Axem Pink|[spread] p2a,p2b\n|-resisted|p2a: Axem Pink\n|-damage|p2a: Axem Pink|11\/100\n|-damage|p2b: Axem Green|31\/100\n|move|p2a: Axem Pink|Heal Pulse|p2b: Axem Green\n|-heal|p2b: Axem Green|81\/100\n|move|p2b: Axem Green|Snarl|p1b: Bowser|[spread] p1a,p1b\n|-supereffective|p1b: Bowser\n|-damage|p1a: Peach|66\/100\n|-damage|p1b: Bowser|86\/100\n|-unboost|p1a: Peach|spa|1\n|-unboost|p1b: Bowser|spa|1\n|move|p1a: Peach|Bug Buzz|p2b: Axem Green\n|-supereffective|p2b: Axem Green\n|-damage|p2b: Axem Green|67\/100\n|\n|-heal|p1b: Bowser|92\/100|[from] item: Leftovers\n|upkeep\n|turn|10\n|\n|t:|1700597870\n|switch|p2a: Machine Made|Uxie, L50|54\/100\n|move|p1a: Peach|Light Screen|p1a: Peach\n|-sidestart|p1: Capn Neo|move: Light Screen\n|move|p1b: Bowser|Blizzard|p2b: Axem Green|[spread] p2a,p2b\n|-damage|p2a: Machine Made|40\/100\n|-damage|p2b: Axem Green|54\/100\n|move|p2b: Axem Green|Snarl|p1b: Bowser|[spread] p1a,p1b\n|-supereffective|p1b: Bowser\n|-damage|p1a: Peach|59\/100\n|-damage|p1b: Bowser|81\/100\n|-unboost|p1a: Peach|spa|1\n|-unboost|p1b: Bowser|spa|1\n|\n|-heal|p1b: Bowser|87\/100|[from] item: Leftovers\n|upkeep\n|turn|11\n|c|\u2606Capn Neo|this is taking forever\n|\n|t:|1700597899\n|switch|p1a: Mario|Urshifu, L50, M|100\/100\n|move|p1b: Bowser|Blizzard|p2a: Machine Made|[spread] p2a,p2b\n|-damage|p2a: Machine Made|31\/100\n|-damage|p2b: Axem Green|43\/100\n|move|p2b: Axem Green|Snarl|p1b: Bowser|[spread] p1a,p1b\n|-resisted|p1a: Mario\n|-supereffective|p1b: Bowser\n|-damage|p1a: Mario|99\/100\n|-damage|p1b: Bowser|77\/100\n|-unboost|p1a: Mario|spa|1\n|-unboost|p1b: Bowser|spa|1\n|move|p2a: Machine Made|Light Screen|p2a: Machine Made\n|-sidestart|p2: Halotowers|move: Light Screen\n|\n|-heal|p1b: Bowser|83\/100|[from] item: Leftovers\n|-fieldend|move: Trick Room\n|upkeep\n|turn|12\n|c| MikeTitan|Bulky trick room gaming\n|\n|t:|1700597931\n|switch|p2a: Axem Red|Decidueye-Hisui, L50, M|100\/100\n|move|p1a: Mario|Wicked Blow|p2a: Axem Red\n|-resisted|p2a: Axem Red\n|-crit|p2a: Axem Red\n|-damage|p2a: Axem Red|63\/100\n|move|p2b: Axem Green|Foul Play|p1b: Bowser\n|-supereffective|p1b: Bowser\n|-damage|p1b: Bowser|47\/100\n|move|p1b: Bowser|Blizzard|p2a: Axem Red|[spread] p2a,p2b\n|-supereffective|p2a: Axem Red\n|-damage|p2a: Axem Red|49\/100\n|-damage|p2b: Axem Green|38\/100\n|\n|-heal|p1b: Bowser|53\/100|[from] item: Leftovers\n|upkeep\n|turn|13\n|c| MikeTitan|No freezes yet is insane\n|\n|t:|1700597970\n|move|p1a: Mario|U-turn|p2a: Axem Red\n|-damage|p2a: Axem Red|20\/100\n|\n|t:|1700597976\n|switch|p1a: Peach|Illumise, L50, F|59\/100|[from] U-turn\n|move|p2b: Axem Green|Foul Play|p1b: Bowser\n|-supereffective|p1b: Bowser\n|-damage|p1b: Bowser|11\/100\n|move|p2a: Axem Red|Brick Break|p1a: Peach\n|-sideend|p1: Capn Neo|move: Light Screen\n|-resisted|p1a: Peach\n|-damage|p1a: Peach|38\/100\n|move|p1b: Bowser|Sludge Bomb|p2b: Axem Green\n|-damage|p2b: Axem Green|29\/100\n|\n|-heal|p1b: Bowser|17\/100|[from] item: Leftovers\n|upkeep\n|turn|14\n|\n|t:|1700598000\n|switch|p2a: Axem Pink|Clefable, L50, F, tera:Steel|11\/100\n|move|p1a: Peach|Bug Buzz|p2a: Axem Pink\n|-resisted|p2a: Axem Pink\n|-damage|p2a: Axem Pink|2\/100\n|move|p2b: Axem Green|Foul Play|p1b: Bowser\n|-supereffective|p1b: Bowser\n|-damage|p1b: Bowser|0 fnt\n|faint|p1b: Bowser\n|\n|upkeep\n|c|\u2606Capn Neo|this is the worst\n|\n|t:|1700598014\n|switch|p1b: Geno|Iron Bundle, L50, tera:Ice|13\/100\n|turn|15\n|c| MikeTitan|No\n|c| MikeTitan|this is the best\n|\n|t:|1700598024\n|move|p2a: Axem Pink|Protect|p2a: Axem Pink\n|-singleturn|p2a: Axem Pink|Protect\n|move|p1b: Geno|Blizzard|p2b: Axem Green|[spread] \n|-activate|p2a: Axem Pink|move: Protect\n|-miss|p1b: Geno|p2b: Axem Green\n|move|p1a: Peach|Bug Buzz|p2a: Axem Pink\n|-activate|p2a: Axem Pink|move: Protect\n|move|p2b: Axem Green|Snarl|p1b: Geno|[spread] p1b\n|-miss|p2b: Axem Green|p1a: Peach\n|-damage|p1b: Geno|0 fnt\n|faint|p1b: Geno\n|-end|p1b: Geno|Quark Drive|[silent]\n|\n|-sideend|p2: Halotowers|move: Light Screen\n|upkeep\n|c| MikeTitan|Hey now, hey nowww\n|c| MikeTitan|this is what dreams are made of\n|\n|t:|1700598037\n|switch|p1b: Mario|Urshifu, L50, M|99\/100\n|turn|16\n|c|\u2606Halotowers|aaaa\n|\n|t:|1700598056\n|switch|p2a: Machine Made|Uxie, L50|31\/100\n|move|p1b: Mario|Close Combat|p2b: Axem Green\n|-supereffective|p2b: Axem Green\n|-damage|p2b: Axem Green|0 fnt\n|-unboost|p1b: Mario|def|1\n|-unboost|p1b: Mario|spd|1\n|faint|p2b: Axem Green\n|move|p1a: Peach|Bug Buzz|p2a: Machine Made\n|-supereffective|p2a: Machine Made\n|-damage|p2a: Machine Made|0 fnt\n|faint|p2a: Machine Made\n|\n|upkeep\n|\n|t:|1700598068\n|switch|p2a: Axem Pink|Clefable, L50, F, tera:Steel|2\/100\n|switch|p2b: Axem Red|Decidueye-Hisui, L50, M|20\/100\n|turn|17\n|\n|t:|1700598079\n|move|p2a: Axem Pink|Follow Me|p2a: Axem Pink\n|-singleturn|p2a: Axem Pink|move: Follow Me\n|move|p1b: Mario|Close Combat|p2a: Axem Pink\n|-supereffective|p2a: Axem Pink\n|-damage|p2a: Axem Pink|0 fnt\n|-unboost|p1b: Mario|def|1\n|-unboost|p1b: Mario|spd|1\n|faint|p2a: Axem Pink\n|move|p1a: Peach|Bug Buzz|p2b: Axem Red\n|-damage|p2b: Axem Red|0 fnt\n|faint|p2b: Axem Red\n|\n|win|Capn Neo\n|c|\u2606Halotowers|damn\n|c|\u2606Capn Neo|NO WAY\n|c| MikeTitan|Ggs!\n|c|\u2606Capn Neo|ggs\n|l| MikeTitan\n|c|\u2606Halotowers|ggs\n|l|\u2606Halotowers\n|l|\u2606Capn Neo\n|j| Hauntedskittydoll\n","uploadtime":1700598098,"views":21,"p1id":"capnneo","p2id":"halotowers","formatid":"gen9vgc2023regulatione","rating":0,"private":0,"password":""}