{"id":"gen9vgc2023regulatione-1991509857","p1":"EdwinVGC","p2":"Kzjehzl","format":"[Gen 9] VGC 2023 Regulation E","log":"|j|\u2606EdwinVGC\n|j|\u2606Kzjehzl\n|t:|1700083513\n|gametype|doubles\n|player|p1|EdwinVGC|265|1086\n|player|p2|Kzjehzl|lance|1000\n|teamsize|p1|6\n|teamsize|p2|6\n|gen|9\n|tier|[Gen 9] VGC 2023 Regulation E\n|rated|\n|rule|Species Clause: Limit one of each Pok\u00e9mon\n|rule|Item Clause: Limit one of each item\n|clearpoke\n|poke|p1|Thundurus-Therian, L50, M|\n|poke|p1|Pelipper, L50, M|\n|poke|p1|Basculegion, L50, M|\n|poke|p1|Amoonguss, L50, F|\n|poke|p1|Chien-Pao, L50|\n|poke|p1|Dragonite, L50, F|\n|poke|p2|Flutter Mane, L50|\n|poke|p2|Tornadus, L50, M|\n|poke|p2|Rillaboom, L50, M|\n|poke|p2|Garganacl, L50, M|\n|poke|p2|Arcanine-Hisui, L50, M|\n|poke|p2|Chien-Pao, L50|\n|teampreview|4\nEdwinVGC has agreed to open team sheets.\nKzjehzl has agreed to open team sheets.\n|\n|t:|1700083546\n|start\n|switch|p1a: Thundurus|Thundurus-Therian, L50, M|100\/100\n|switch|p1b: Pelipper|Pelipper, L50, M|100\/100\n|switch|p2a: Tornadus|Tornadus, L50, M|100\/100\n|switch|p2b: Garganacl|Garganacl, L50, M|100\/100\n|-weather|RainDance|[from] ability: Drizzle|[of] p1b: Pelipper\n|turn|1\n|\n|t:|1700083562\n|-terastallize|p2b: Garganacl|Ghost\n|move|p1b: Pelipper|Wide Guard|p1b: Pelipper\n|-singleturn|p1b: Pelipper|Wide Guard\n|move|p2a: Tornadus|Sunny Day|p2a: Tornadus\n|-weather|SunnyDay\n|move|p1a: Thundurus|Wildbolt Storm|p2b: Garganacl|[spread] p2a,p2b\n|-supereffective|p2a: Tornadus\n|-damage|p2a: Tornadus|36\/100\n|-damage|p2b: Garganacl|71\/100\n|move|p2b: Garganacl|Salt Cure|p1a: Thundurus\n|-supereffective|p1a: Thundurus\n|-damage|p1a: Thundurus|63\/100\n|-start|p1a: Thundurus|Salt Cure\n|\n|-weather|SunnyDay|[upkeep]\n|-damage|p1a: Thundurus|51\/100|[from] Salt Cure\n|upkeep\n|turn|2\n|\n|t:|1700083589\n|move|p2a: Tornadus|Tailwind|p2a: Tornadus\n|-sidestart|p2: Kzjehzl|move: Tailwind\n|move|p1a: Thundurus|Wildbolt Storm|p2a: Tornadus|[spread] p2a,p2b\n|-supereffective|p2a: Tornadus\n|-damage|p2a: Tornadus|0 fnt\n|-damage|p2b: Garganacl|41\/100\n|-enditem|p2b: Garganacl|Sitrus Berry|[eat]\n|-heal|p2b: Garganacl|65\/100|[from] item: Sitrus Berry\n|faint|p2a: Tornadus\n|move|p2b: Garganacl|Salt Cure|p1b: Pelipper\n|-supereffective|p1b: Pelipper\n|-damage|p1b: Pelipper|72\/100\n|-start|p1b: Pelipper|Salt Cure\n|move|p1b: Pelipper|Weather Ball|p2b: Garganacl\n|-damage|p2b: Garganacl|39\/100\n|\n|-weather|SunnyDay|[upkeep]\n|-damage|p1a: Thundurus|39\/100|[from] Salt Cure\n|-damage|p1b: Pelipper|47\/100|[from] Salt Cure\n|upkeep\n|\n|t:|1700083604\n|switch|p2a: Arcanine|Arcanine-Hisui, L50, M|100\/100\n|-ability|p2a: Arcanine|Intimidate|boost\n|-unboost|p1a: Thundurus|atk|1\n|-unboost|p1b: Pelipper|atk|1\n|turn|3\n|\n|t:|1700083616\n|switch|p1b: Amoonguss|Amoonguss, L50, F|100\/100\n|move|p2a: Arcanine|Rock Slide|p1b: Amoonguss|[spread] p1a,p1b\n|-supereffective|p1a: Thundurus\n|-damage|p1a: Thundurus|0 fnt\n|-damage|p1b: Amoonguss|70\/100\n|faint|p1a: Thundurus\n|move|p2b: Garganacl|Recover|p2b: Garganacl\n|-heal|p2b: Garganacl|89\/100\n|\n|-weather|SunnyDay|[upkeep]\n|upkeep\n|\n|t:|1700083626\n|switch|p1a: Pelipper|Pelipper, L50, M|47\/100\n|-weather|RainDance|[from] ability: Drizzle|[of] p1a: Pelipper\n|turn|4\n|\n|t:|1700083643\n|switch|p2a: Chien-Pao|Chien-Pao, L50|100\/100\n|-ability|p2a: Chien-Pao|Sword of Ruin\n|move|p1a: Pelipper|Wide Guard|p1a: Pelipper\n|-singleturn|p1a: Pelipper|Wide Guard\n|move|p2b: Garganacl|Salt Cure|p1a: Pelipper\n|-supereffective|p1a: Pelipper\n|-damage|p1a: Pelipper|6\/100\n|-start|p1a: Pelipper|Salt Cure\n|move|p1b: Amoonguss|Spore|p2b: Garganacl\n|-immune|p2b: Garganacl|[from] ability: Purifying Salt\n|\n|-weather|RainDance|[upkeep]\n|-damage|p1a: Pelipper|0 fnt|[from] Salt Cure\n|faint|p1a: Pelipper\n|upkeep\n|\n|t:|1700083656\n|switch|p1a: Basculegion|Basculegion, L50, M|100\/100\n|turn|5\n|\n|t:|1700083674\n|-terastallize|p1b: Amoonguss|Water\n|move|p1a: Basculegion|Aqua Jet|p2a: Chien-Pao\n|-damage|p2a: Chien-Pao|40\/100\n|-damage|p1a: Basculegion|91\/100|[from] item: Life Orb\n|move|p2a: Chien-Pao|Ice Spinner|p1b: Amoonguss\n|-resisted|p1b: Amoonguss\n|-damage|p1b: Amoonguss|48\/100\n|-damage|p2a: Chien-Pao|24\/100|[from] item: Rocky Helmet|[of] p1b: Amoonguss\n|move|p2b: Garganacl|Salt Cure|p1a: Basculegion\n|-damage|p1a: Basculegion|68\/100\n|-start|p1a: Basculegion|Salt Cure\n|move|p1b: Amoonguss|Spore|p2a: Chien-Pao\n|-status|p2a: Chien-Pao|slp|[from] move: Spore\n|\n|-weather|RainDance|[upkeep]\n|-damage|p1a: Basculegion|43\/100|[from] Salt Cure\n|-sideend|p2: Kzjehzl|move: Tailwind\n|upkeep\n|turn|6\n|\n|t:|1700083701\n|move|p2b: Garganacl|Protect|p2b: Garganacl\n|-singleturn|p2b: Garganacl|Protect\n|cant|p2a: Chien-Pao|slp\n|move|p1a: Basculegion|Last Respects|p2b: Garganacl\n|-activate|p2b: Garganacl|move: Protect\n|move|p1b: Amoonguss|Pollen Puff|p1a: Basculegion\n|-heal|p1a: Basculegion|93\/100\n|\n|-weather|RainDance|[upkeep]\n|-damage|p1a: Basculegion|68\/100|[from] Salt Cure\n|upkeep\n|turn|7\n|\n|t:|1700083724\n|cant|p2a: Chien-Pao|slp\n|move|p1a: Basculegion|Last Respects|p2b: Garganacl\n|-supereffective|p2b: Garganacl\n|-damage|p2b: Garganacl|5\/100\n|-damage|p1a: Basculegion|59\/100|[from] item: Life Orb\n|move|p2b: Garganacl|Recover|p2b: Garganacl\n|-heal|p2b: Garganacl|56\/100\n|move|p1b: Amoonguss|Pollen Puff|p2a: Chien-Pao\n|-supereffective|p2a: Chien-Pao\n|-crit|p2a: Chien-Pao\n|-damage|p2a: Chien-Pao|0 fnt\n|faint|p2a: Chien-Pao\n|\n|-weather|RainDance|[upkeep]\n|-damage|p1a: Basculegion|34\/100|[from] Salt Cure\n|upkeep\n|\n|t:|1700083732\n|switch|p2a: Arcanine|Arcanine-Hisui, L50, M|100\/100\n|-ability|p2a: Arcanine|Intimidate|boost\n|-unboost|p1a: Basculegion|atk|1\n|-unboost|p1b: Amoonguss|atk|1\n|turn|8\n|\n|t:|1700083749\n|move|p1b: Amoonguss|Rage Powder|p1b: Amoonguss\n|-singleturn|p1b: Amoonguss|move: Rage Powder\n|move|p1a: Basculegion|Aqua Jet|p2a: Arcanine\n|-supereffective|p2a: Arcanine\n|-damage|p2a: Arcanine|0 fnt\n|faint|p2a: Arcanine\n|-damage|p1a: Basculegion|25\/100|[from] item: Life Orb\n|move|p2b: Garganacl|Salt Cure|p1b: Amoonguss\n|-damage|p1b: Amoonguss|37\/100\n|-start|p1b: Amoonguss|Salt Cure\n|\n|-weather|RainDance|[upkeep]\n|-damage|p1a: Basculegion|0 fnt|[from] Salt Cure\n|faint|p1a: Basculegion\n|-damage|p1b: Amoonguss|12\/100|[from] Salt Cure\n|upkeep\n|turn|9\n|\n|t:|1700083772\n|move|p2b: Garganacl|Protect|p2b: Garganacl\n|-singleturn|p2b: Garganacl|Protect\n|move|p1b: Amoonguss|Pollen Puff|p2b: Garganacl\n|-activate|p2b: Garganacl|move: Protect\n|\n|-weather|RainDance|[upkeep]\n|-damage|p1b: Amoonguss|0 fnt|[from] Salt Cure\n|faint|p1b: Amoonguss\n|\n|win|Kzjehzl\n|upkeep\n|raw|EdwinVGC's rating: 1086 &rarr; <strong>1058<\/strong><br \/>(-28 for losing)\n|raw|Kzjehzl's rating: 1000 &rarr; <strong>1050<\/strong><br \/>(+50 for winning)\n","uploadtime":1700083777,"views":10,"p1id":"edwinvgc","p2id":"kzjehzl","formatid":"gen9vgc2023regulatione","rating":1050,"private":0,"password":""}