{"id":"gen9vgc2023regulatione-1990103262","p1":"Snog2273","p2":"zakpaskal","format":"[Gen 9] VGC 2023 Regulation E","log":"|j|\u2606Snog2273\n|j|\u2606zakpaskal\n|t:|1699924865\n|gametype|doubles\n|player|p1|Snog2273|supernerd|1365\n|player|p2|zakpaskal|crasherwake|1325\n|teamsize|p1|6\n|teamsize|p2|6\n|gen|9\n|tier|[Gen 9] VGC 2023 Regulation E\n|rated|\n|rule|Species Clause: Limit one of each Pok\u00e9mon\n|rule|Item Clause: Limit one of each item\n|clearpoke\n|poke|p1|Polteageist, L50|\n|poke|p1|Indeedee-F, L50, F|\n|poke|p1|Sneasler, L50, F|\n|poke|p1|Ogerpon-Cornerstone, L50, F|\n|poke|p1|Flutter Mane, L50|\n|poke|p1|Landorus-Therian, L50, M|\n|poke|p2|Tornadus, L50, M|\n|poke|p2|Chien-Pao, L50|\n|poke|p2|Landorus-Therian, L50, M|\n|poke|p2|Urshifu-*, L50, M|\n|poke|p2|Heatran, L50, M|\n|poke|p2|Goodra-Hisui, L50, F|\n|teampreview|4\n|inactive|Battle timer is ON: inactive players will automatically lose when time's up. (requested by Snog2273)\nSnog2273 has agreed to open team sheets.\n|inactive|Snog2273 has 60 seconds left.\n|inactive|zakpaskal has 60 seconds left.\n|\n|t:|1699924921\n|start\n|switch|p1a: Landorus|Landorus-Therian, L50, M|100\/100\n|switch|p1b: Indeedee|Indeedee-F, L50, F|100\/100\n|switch|p2a: Heatran|Heatran, L50, M|100\/100\n|switch|p2b: Urshifu|Urshifu-Rapid-Strike, L50, M|100\/100\n|-ability|p1a: Landorus|Intimidate|boost\n|-unboost|p2a: Heatran|atk|1\n|-unboost|p2b: Urshifu|atk|1\n|-fieldstart|move: Psychic Terrain|[from] ability: Psychic Surge|[of] p1b: Indeedee\n|turn|1\n|inactive|Snog2273 has 30 seconds left.\n|inactive|zakpaskal has 30 seconds left.\n|\n|t:|1699924951\n|switch|p2b: Chien-Pao|Chien-Pao, L50|100\/100\n|-ability|p2b: Chien-Pao|Sword of Ruin\n|-terastallize|p1a: Landorus|Flying\n|-terastallize|p2a: Heatran|Grass\n|move|p1b: Indeedee|Follow Me|p1b: Indeedee\n|-singleturn|p1b: Indeedee|move: Follow Me\n|move|p1a: Landorus|Tera Blast|p2a: Heatran|[anim] Tera Blast Flying\n|-supereffective|p2a: Heatran\n|-damage|p2a: Heatran|0 fnt\n|faint|p2a: Heatran\n|\n|upkeep\n|\n|t:|1699924965\n|switch|p2a: Goodra|Goodra-Hisui, L50, F|100\/100\n|turn|2\n|\n|t:|1699924983\n|move|p2b: Chien-Pao|Protect|p2b: Chien-Pao\n|-singleturn|p2b: Chien-Pao|Protect\n|move|p1b: Indeedee|Follow Me|p1b: Indeedee\n|-singleturn|p1b: Indeedee|move: Follow Me\n|move|p1a: Landorus|Tera Blast|p2b: Chien-Pao|[anim] Tera Blast Flying\n|-activate|p2b: Chien-Pao|move: Protect\n|move|p2a: Goodra|Shelter|p2a: Goodra\n|-boost|p2a: Goodra|def|2\n|\n|upkeep\n|turn|3\n|\n|t:|1699924999\n|move|p1b: Indeedee|Follow Me|p1b: Indeedee\n|-singleturn|p1b: Indeedee|move: Follow Me\n|move|p1a: Landorus|Tera Blast|p2b: Chien-Pao|[anim] Tera Blast Flying\n|-damage|p2b: Chien-Pao|13\/100\n|move|p2b: Chien-Pao|Lash Out|p1b: Indeedee\n|-supereffective|p1b: Indeedee\n|-crit|p1b: Indeedee\n|-damage|p1b: Indeedee|0 fnt\n|-damage|p2b: Chien-Pao|0 fnt|[from] item: Rocky Helmet|[of] p1b: Indeedee\n|faint|p1b: Indeedee\n|faint|p2b: Chien-Pao\n|move|p2a: Goodra|Body Press|p1a: Landorus\n|-resisted|p1a: Landorus\n|-damage|p1a: Landorus|71\/100\n|\n|upkeep\n|\n|t:|1699925015\n|switch|p2b: Urshifu|Urshifu-Rapid-Strike, L50, M|100\/100\n|switch|p1b: Sneasler|Sneasler, L50, F|100\/100\n|-enditem|p1b: Sneasler|Psychic Seed\n|-boost|p1b: Sneasler|spd|1|[from] item: Psychic Seed\n|turn|4\n|\n|t:|1699925024\n|move|p2b: Urshifu|Detect|p2b: Urshifu\n|-singleturn|p2b: Urshifu|Protect\n|move|p1b: Sneasler|Close Combat|p2a: Goodra\n|-supereffective|p2a: Goodra\n|-damage|p2a: Goodra|48\/100\n|-unboost|p1b: Sneasler|def|1\n|-unboost|p1b: Sneasler|spd|1\n|move|p1a: Landorus|Tera Blast|p2b: Urshifu|[anim] Tera Blast Flying\n|-activate|p2b: Urshifu|move: Protect\n|move|p2a: Goodra|Shelter|p2a: Goodra\n|-boost|p2a: Goodra|def|2\n|\n|-heal|p2a: Goodra|54\/100|[from] item: Leftovers\n|upkeep\n|turn|5\n|\n|t:|1699925040\n|move|p1b: Sneasler|Close Combat|p2a: Goodra\n|-supereffective|p2a: Goodra\n|-damage|p2a: Goodra|15\/100\n|-unboost|p1b: Sneasler|def|1\n|-unboost|p1b: Sneasler|spd|1\n|move|p1a: Landorus|Tera Blast|p2b: Urshifu|[anim] Tera Blast Flying\n|-supereffective|p2b: Urshifu\n|-damage|p2b: Urshifu|0 fnt\n|faint|p2b: Urshifu\n|move|p2a: Goodra|Body Press|p1b: Sneasler\n|-resisted|p1b: Sneasler\n|-damage|p1b: Sneasler|0 fnt\n|faint|p1b: Sneasler\n|\n|-heal|p2a: Goodra|20\/100|[from] item: Leftovers\n|-fieldend|move: Psychic Terrain\n|upkeep\n|\n|t:|1699925053\n|switch|p1b: Ogerpon|Ogerpon-Cornerstone, L50, F|100\/100\n|turn|6\n|\n|t:|1699925066\n|move|p1a: Landorus|Tera Blast|p2a: Goodra|[anim] Tera Blast Flying\n|-resisted|p2a: Goodra\n|-damage|p2a: Goodra|12\/100\n|move|p1b: Ogerpon|Ivy Cudgel|p2a: Goodra\n|-resisted|p2a: Goodra\n|-damage|p2a: Goodra|5\/100\n|move|p2a: Goodra|Life Dew|p2a: Goodra\n|-heal|p2a: Goodra|30\/100\n|\n|-heal|p2a: Goodra|36\/100|[from] item: Leftovers\n|upkeep\n|turn|7\n|\n|t:|1699925080\n|move|p1a: Landorus|Tera Blast|p2a: Goodra|[anim] Tera Blast Flying\n|-resisted|p2a: Goodra\n|-damage|p2a: Goodra|29\/100\n|move|p1b: Ogerpon|Ivy Cudgel|p2a: Goodra\n|-resisted|p2a: Goodra\n|-damage|p2a: Goodra|20\/100\n|move|p2a: Goodra|Life Dew|p2a: Goodra\n|-heal|p2a: Goodra|46\/100\n|\n|-heal|p2a: Goodra|51\/100|[from] item: Leftovers\n|upkeep\n|turn|8\n|\n|t:|1699925096\n|move|p1a: Landorus|Tera Blast|p2a: Goodra|[anim] Tera Blast Flying\n|-resisted|p2a: Goodra\n|-damage|p2a: Goodra|43\/100\n|move|p1b: Ogerpon|Ivy Cudgel|p2a: Goodra\n|-resisted|p2a: Goodra\n|-damage|p2a: Goodra|36\/100\n|move|p2a: Goodra|Life Dew|p2a: Goodra\n|-heal|p2a: Goodra|62\/100\n|\n|-heal|p2a: Goodra|67\/100|[from] item: Leftovers\n|upkeep\n|turn|9\n|\n|t:|1699925107\n|move|p1a: Landorus|Tera Blast|p2a: Goodra|[anim] Tera Blast Flying\n|-resisted|p2a: Goodra\n|-damage|p2a: Goodra|59\/100\n|move|p1b: Ogerpon|Ivy Cudgel|p2a: Goodra\n|-resisted|p2a: Goodra\n|-damage|p2a: Goodra|52\/100\n|move|p2a: Goodra|Body Press|p1b: Ogerpon\n|-supereffective|p1b: Ogerpon\n|-ability|p1b: Ogerpon|Sturdy\n|-damage|p1b: Ogerpon|1\/100\n|\n|-heal|p2a: Goodra|58\/100|[from] item: Leftovers\n|upkeep\n|turn|10\n|\n|t:|1699925120\n|move|p1b: Ogerpon|Spiky Shield|p1b: Ogerpon\n|-singleturn|p1b: Ogerpon|move: Protect\n|move|p1a: Landorus|Tera Blast|p2a: Goodra|[anim] Tera Blast Flying\n|-resisted|p2a: Goodra\n|-damage|p2a: Goodra|50\/100\n|move|p2a: Goodra|Life Dew|p2a: Goodra\n|-heal|p2a: Goodra|75\/100\n|\n|-heal|p2a: Goodra|81\/100|[from] item: Leftovers\n|upkeep\n|turn|11\n|\n|t:|1699925133\n|move|p1a: Landorus|Tera Blast|p2a: Goodra|[anim] Tera Blast Flying\n|-resisted|p2a: Goodra\n|-crit|p2a: Goodra\n|-damage|p2a: Goodra|46\/100\n|move|p1b: Ogerpon|Ivy Cudgel|p2a: Goodra\n|-resisted|p2a: Goodra\n|-damage|p2a: Goodra|39\/100\n|move|p2a: Goodra|Body Press|p1b: Ogerpon\n|-supereffective|p1b: Ogerpon\n|-crit|p1b: Ogerpon\n|-damage|p1b: Ogerpon|0 fnt\n|faint|p1b: Ogerpon\n|\n|-heal|p2a: Goodra|44\/100|[from] item: Leftovers\n|upkeep\n|turn|12\n|\n|t:|1699925146\n|move|p1a: Landorus|Tera Blast|p2a: Goodra|[anim] Tera Blast Flying\n|-resisted|p2a: Goodra\n|-damage|p2a: Goodra|37\/100\n|move|p2a: Goodra|Life Dew|p2a: Goodra\n|-heal|p2a: Goodra|62\/100\n|\n|-heal|p2a: Goodra|68\/100|[from] item: Leftovers\n|upkeep\n|turn|13\n|\n|t:|1699925154\n|move|p1a: Landorus|Tera Blast|p2a: Goodra|[anim] Tera Blast Flying\n|-resisted|p2a: Goodra\n|-damage|p2a: Goodra|59\/100\n|move|p2a: Goodra|Draco Meteor|p1a: Landorus|[miss]\n|-miss|p2a: Goodra|p1a: Landorus\n|\n|-heal|p2a: Goodra|65\/100|[from] item: Leftovers\n|upkeep\n|turn|14\n|\n|t:|1699925162\n|move|p1a: Landorus|Tera Blast|p2a: Goodra|[anim] Tera Blast Flying\n|-resisted|p2a: Goodra\n|-damage|p2a: Goodra|57\/100\n|move|p2a: Goodra|Draco Meteor|p1a: Landorus\n|-damage|p1a: Landorus|6\/100\n|-unboost|p2a: Goodra|spa|2\n|\n|-heal|p2a: Goodra|63\/100|[from] item: Leftovers\n|upkeep\n|turn|15\n|\n|t:|1699925171\n|move|p1a: Landorus|Tera Blast|p2a: Goodra|[anim] Tera Blast Flying\n|-resisted|p2a: Goodra\n|-damage|p2a: Goodra|55\/100\n|move|p2a: Goodra|Body Press|p1a: Landorus\n|-resisted|p1a: Landorus\n|-damage|p1a: Landorus|0 fnt\n|faint|p1a: Landorus\n|\n|win|zakpaskal\n|raw|Snog2273's rating: 1365 &rarr; <strong>1343<\/strong><br \/>(-22 for losing)\n|raw|zakpaskal's rating: 1325 &rarr; <strong>1347<\/strong><br \/>(+22 for winning)\n|l|\u2606zakpaskal\n","uploadtime":1699925182,"views":30,"p1id":"snog2273","p2id":"zakpaskal","formatid":"gen9vgc2023regulatione","rating":1343,"private":0,"password":""}