{"id":"gen9vgc2023regulatione-1994029082","p1":"McPborn","p2":"Conchiboar4","format":"[Gen 9] VGC 2023 Regulation E","log":"|j|\u2606McPborn\n|j|\u2606Conchiboar4\n|t:|1700396402\n|gametype|doubles\n|player|p1|McPborn|bruno|1279\n|player|p2|Conchiboar4|266|1180\n|teamsize|p1|6\n|teamsize|p2|6\n|gen|9\n|tier|[Gen 9] VGC 2023 Regulation E\n|rated|\n|rule|Species Clause: Limit one of each Pok\u00e9mon\n|rule|Item Clause: Limit one of each item\n|clearpoke\n|poke|p1|Iron Bundle, L50|\n|poke|p1|Regieleki, L50|\n|poke|p1|Iron Hands, L50|\n|poke|p1|Landorus-Therian, L50, M|\n|poke|p1|Chi-Yu, L50|\n|poke|p1|Farigiraf, L50, F|\n|poke|p2|Mamoswine, L50, M|\n|poke|p2|Iron Hands, L50|\n|poke|p2|Grimmsnarl, L50, M|\n|poke|p2|Heatran, L50, F|\n|poke|p2|Sinistcha, L50|\n|poke|p2|Urshifu-*, L50, F|\n|teampreview|4\n|\n|t:|1700396462\n|start\n|switch|p1a: Regieleki|Regieleki, L50|100\/100\n|switch|p1b: Chi-Yu|Chi-Yu, L50|100\/100\n|switch|p2a: Grimmsnarl|Grimmsnarl, L50, M|100\/100\n|switch|p2b: Mamoswine|Mamoswine, L50, M|100\/100\n|-ability|p1b: Chi-Yu|Beads of Ruin\n|turn|1\n|\n|t:|1700396488\n|-terastallize|p2b: Mamoswine|Dragon\n|move|p1a: Regieleki|Protect|p1a: Regieleki\n|-singleturn|p1a: Regieleki|Protect\n|move|p2a: Grimmsnarl|Light Screen|p2a: Grimmsnarl\n|-sidestart|p2: Conchiboar4|move: Light Screen\n|move|p1b: Chi-Yu|Heat Wave|p2a: Grimmsnarl|[spread] p2a,p2b\n|-resisted|p2b: Mamoswine\n|-damage|p2a: Grimmsnarl|50\/100\n|-damage|p2b: Mamoswine|73\/100\n|-damage|p1b: Chi-Yu|91\/100|[from] item: Life Orb\n|move|p2b: Mamoswine|High Horsepower|p1b: Chi-Yu\n|-supereffective|p1b: Chi-Yu\n|-damage|p1b: Chi-Yu|0 fnt\n|faint|p1b: Chi-Yu\n|\n|upkeep\n|\n|t:|1700396506\n|switch|p1b: Iron Hands|Iron Hands, L50|100\/100\n|turn|2\n|\n|t:|1700396520\n|-terastallize|p1a: Regieleki|Ice\n|move|p2b: Mamoswine|Protect|p2b: Mamoswine\n|-singleturn|p2b: Mamoswine|Protect\n|move|p2a: Grimmsnarl|Reflect|p2a: Grimmsnarl\n|-sidestart|p2: Conchiboar4|Reflect\n|move|p1a: Regieleki|Tera Blast|p2b: Mamoswine|[anim] Tera Blast Ice\n|-activate|p2b: Mamoswine|move: Protect\n|move|p1b: Iron Hands|Drain Punch|p2a: Grimmsnarl\n|-damage|p2a: Grimmsnarl|25\/100\n|\n|upkeep\n|turn|3\n|\n|t:|1700396543\n|move|p2a: Grimmsnarl|Parting Shot|p1a: Regieleki\n|-unboost|p1a: Regieleki|atk|1\n|-unboost|p1a: Regieleki|spa|1\n|\n|t:|1700396546\n|switch|p2a: Iron Hands|Iron Hands, L50|100\/100|[from] Parting Shot\n|move|p1a: Regieleki|Tera Blast|p2b: Mamoswine|[anim] Tera Blast Ice\n|-supereffective|p2b: Mamoswine\n|-damage|p2b: Mamoswine|26\/100\n|move|p2b: Mamoswine|High Horsepower|p1b: Iron Hands\n|-supereffective|p1b: Iron Hands\n|-damage|p1b: Iron Hands|26\/100\n|move|p1b: Iron Hands|Wild Charge|p2a: Iron Hands\n|-resisted|p2a: Iron Hands\n|-damage|p2a: Iron Hands|88\/100\n|-damage|p1b: Iron Hands|23\/100|[from] Recoil\n|\n|upkeep\n|turn|4\n|\n|t:|1700396571\n|-end|p1b: Iron Hands|Quark Drive|[silent]\n|switch|p1b: Landorus|Landorus-Therian, L50, M|100\/100\n|-ability|p1b: Landorus|Intimidate|boost\n|-unboost|p2a: Iron Hands|atk|1\n|-fail|p2b: Mamoswine|unboost|Attack|[from] ability: Oblivious|[of] p2b: Mamoswine\n|move|p1a: Regieleki|Protect|p1a: Regieleki\n|-singleturn|p1a: Regieleki|Protect\n|move|p2b: Mamoswine|Protect|p2b: Mamoswine\n|-singleturn|p2b: Mamoswine|Protect\n|move|p2a: Iron Hands|Drain Punch|p1a: Regieleki\n|-activate|p1a: Regieleki|move: Protect\n|\n|upkeep\n|turn|5\n|\n|t:|1700396592\n|move|p2b: Mamoswine|Ice Shard|p1b: Landorus\n|-supereffective|p1b: Landorus\n|-damage|p1b: Landorus|0 fnt\n|faint|p1b: Landorus\n|move|p1a: Regieleki|Thunderbolt|p2b: Mamoswine\n|-resisted|p2b: Mamoswine\n|-damage|p2b: Mamoswine|9\/100\n|move|p2a: Iron Hands|Drain Punch|p1a: Regieleki\n|-supereffective|p1a: Regieleki\n|-damage|p1a: Regieleki|0 fnt\n|-heal|p2a: Iron Hands|100\/100|[from] drain|[of] p1a: Regieleki\n|faint|p1a: Regieleki\n|\n|upkeep\n|-message|McPborn forfeited.\n|\n|win|Conchiboar4\n|raw|McPborn's rating: 1279 &rarr; <strong>1247<\/strong><br \/>(-32 for losing)\n|raw|Conchiboar4's rating: 1180 &rarr; <strong>1212<\/strong><br \/>(+32 for winning)\n|l|\u2606McPborn\n","uploadtime":1700396626,"views":5,"p1id":"mcpborn","p2id":"conchiboar4","formatid":"gen9vgc2023regulatione","rating":1212,"private":0,"password":""}