{"id":"gen9vgc2023regulatione-1993565255","p1":"VeversonJP","p2":"jwils4","format":"[Gen 9] VGC 2023 Regulation E","log":"|j|\u2606VeversonJP\n|j|\u2606jwils4\n|t:|1700332348\n|gametype|doubles\n|player|p1|VeversonJP|swimmer-gen4dp|1084\n|player|p2|jwils4|101|1137\n|teamsize|p1|6\n|teamsize|p2|6\n|gen|9\n|tier|[Gen 9] VGC 2023 Regulation E\n|rated|\n|rule|Species Clause: Limit one of each Pok\u00e9mon\n|rule|Item Clause: Limit one of each item\n|clearpoke\n|poke|p1|Basculegion, L50, M|\n|poke|p1|Pelipper, L50, F|\n|poke|p1|Alomomola, L50, M|\n|poke|p1|Ogerpon-Wellspring, L50, F|\n|poke|p1|Palafin, L50, F|\n|poke|p1|Azumarill, L50, F|\n|poke|p2|Tornadus, L50, M|\n|poke|p2|Arcanine-Hisui, L50, M|\n|poke|p2|Iron Hands, L50|\n|poke|p2|Urshifu-*, L50, F|\n|poke|p2|Sinistcha, L50|\n|poke|p2|Chien-Pao, L50|\n|teampreview|4\n|\n|t:|1700332364\n|start\n|switch|p1a: Felipe|Pelipper, L50, F|100\/100\n|switch|p1b: Azuma Ryuu|Azumarill, L50, F|100\/100\n|switch|p2a: Tornadus|Tornadus, L50, M|100\/100\n|switch|p2b: Mr. Green|Sinistcha, L50|100\/100\n|-weather|RainDance|[from] ability: Drizzle|[of] p1a: Felipe\n|turn|1\n|\n|t:|1700332379\n|move|p2a: Tornadus|Tailwind|p2a: Tornadus\n|-sidestart|p2: jwils4|move: Tailwind\n|move|p2b: Mr. Green|Matcha Gotcha|p1a: Felipe|[spread] p1a,p1b\n|-supereffective|p1b: Azuma Ryuu\n|-damage|p1a: Felipe|70\/100\n|-damage|p1b: Azuma Ryuu|39\/100\n|-enditem|p1b: Azuma Ryuu|Sitrus Berry|[eat]\n|-heal|p1b: Azuma Ryuu|64\/100|[from] item: Sitrus Berry\n|move|p1a: Felipe|Tailwind|p1a: Felipe\n|-sidestart|p1: VeversonJP|move: Tailwind\n|move|p1b: Azuma Ryuu|Belly Drum|p1b: Azuma Ryuu\n|-damage|p1b: Azuma Ryuu|14\/100\n|-setboost|p1b: Azuma Ryuu|atk|6|[from] move: Belly Drum\n|\n|-weather|RainDance|[upkeep]\n|upkeep\n|turn|2\n|\n|t:|1700332402\n|move|p1b: Azuma Ryuu|Aqua Jet|p2a: Tornadus\n|-damage|p2a: Tornadus|0 fnt\n|faint|p2a: Tornadus\n|move|p1a: Felipe|Hurricane|p2b: Mr. Green\n|-supereffective|p2b: Mr. Green\n|-damage|p2b: Mr. Green|33\/100\n|-enditem|p2b: Mr. Green|Sitrus Berry|[eat]\n|-heal|p2b: Mr. Green|58\/100|[from] item: Sitrus Berry\n|move|p2b: Mr. Green|Matcha Gotcha|p1b: Azuma Ryuu|[spread] p1a,p1b\n|-supereffective|p1b: Azuma Ryuu\n|-damage|p1a: Felipe|41\/100\n|-heal|p2b: Mr. Green|72\/100|[from] drain|[of] p1a: Felipe\n|-damage|p1b: Azuma Ryuu|0 fnt\n|-heal|p2b: Mr. Green|79\/100|[from] drain|[of] p1b: Azuma Ryuu\n|-status|p1a: Felipe|brn\n|faint|p1b: Azuma Ryuu\n|\n|-weather|RainDance|[upkeep]\n|-damage|p1a: Felipe|35\/100 brn|[from] brn\n|upkeep\n|\n|t:|1700332424\n|switch|p2a: Bill|Urshifu-Rapid-Strike, L50, F|100\/100\n|switch|p1b: Aqua|Ogerpon-Wellspring, L50, F|100\/100\n|turn|3\n|\n|t:|1700332440\n|move|p2a: Bill|Close Combat|p1b: Aqua\n|-damage|p1b: Aqua|18\/100\n|-unboost|p2a: Bill|def|1\n|-unboost|p2a: Bill|spd|1\n|move|p1b: Aqua|Horn Leech|p2a: Bill\n|-supereffective|p2a: Bill\n|-damage|p2a: Bill|0 fnt\n|-heal|p1b: Aqua|71\/100|[from] drain|[of] p2a: Bill\n|faint|p2a: Bill\n|move|p1a: Felipe|Hurricane|p2b: Mr. Green\n|-supereffective|p2b: Mr. Green\n|-damage|p2b: Mr. Green|11\/100\n|-start|p2b: Mr. Green|confusion\n|-activate|p2b: Mr. Green|confusion\n|-damage|p2b: Mr. Green|7\/100|[from] confusion\n|\n|-weather|RainDance|[upkeep]\n|-damage|p1a: Felipe|29\/100 brn|[from] brn\n|upkeep\n|\n|t:|1700332455\n|switch|p2a: Andre|Iron Hands, L50|100\/100\n|turn|4\n|j| DeathReaperTTV\n|\n|t:|1700332492\n|move|p2a: Andre|Fake Out|p1a: Felipe\n|-damage|p1a: Felipe|11\/100 brn\n|-activate|p2b: Mr. Green|confusion\n|move|p2b: Mr. Green|Rage Powder|p2b: Mr. Green\n|-singleturn|p2b: Mr. Green|move: Rage Powder\n|move|p1b: Aqua|Horn Leech|p2a: Andre\n|-damage|p2a: Andre|70\/100\n|-heal|p1b: Aqua|92\/100|[from] drain|[of] p2a: Andre\n|cant|p1a: Felipe|flinch\n|\n|-weather|RainDance|[upkeep]\n|-damage|p1a: Felipe|5\/100 brn|[from] brn\n|-sideend|p2: jwils4|move: Tailwind\n|-sideend|p1: VeversonJP|move: Tailwind\n|upkeep\n|turn|5\n|\n|t:|1700332513\n|-terastallize|p2a: Andre|Poison\n|move|p1b: Aqua|Spiky Shield|p1b: Aqua\n|-singleturn|p1b: Aqua|move: Protect\n|-activate|p2b: Mr. Green|confusion\n|move|p2b: Mr. Green|Rage Powder|p2b: Mr. Green\n|-singleturn|p2b: Mr. Green|move: Rage Powder\n|move|p1a: Felipe|Hurricane|p2b: Mr. Green\n|-supereffective|p2b: Mr. Green\n|-damage|p2b: Mr. Green|0 fnt\n|faint|p2b: Mr. Green\n|move|p2a: Andre|Wild Charge|p1b: Aqua\n|-activate|p1b: Aqua|move: Protect\n|-damage|p2a: Andre|58\/100|[from] Spiky Shield|[of] p1b: Aqua\n|\n|-weather|RainDance|[upkeep]\n|-damage|p1a: Felipe|0 fnt|[from] brn\n|faint|p1a: Felipe\n|upkeep\n|\n|t:|1700332530\n|switch|p1a: Kokoro|Alomomola, L50, M|100\/100\n|turn|6\n|\n|t:|1700332549\n|-terastallize|p1b: Aqua|Water\n|detailschange|p1b: Aqua|Ogerpon-Wellspring-Tera, L50, F, tera:Water\n|-ability|p1b: Aqua|Embody Aspect (Wellspring)|boost\n|-boost|p1b: Aqua|spd|1\n|move|p1b: Aqua|Ivy Cudgel|p2a: Andre|[anim] Ivy Cudgel Water\n|-damage|p2a: Andre|0 fnt\n|faint|p2a: Andre\n|-end|p2a: Andre|Quark Drive|[silent]\n|\n|win|VeversonJP\n|raw|VeversonJP's rating: 1084 &rarr; <strong>1116<\/strong><br \/>(+32 for winning)\n|raw|jwils4's rating: 1137 &rarr; <strong>1108<\/strong><br \/>(-29 for losing)\n|l|\u2606jwils4\n","uploadtime":1700332575,"views":7,"p1id":"veversonjp","p2id":"jwils4","formatid":"gen9vgc2023regulatione","rating":1108,"private":0,"password":""}