{"id":"gen9vgc2023regulatione-1994884007","p1":"Kzjzzikzl","p2":"icedemon19","format":"[Gen 9] VGC 2023 Regulation E","log":"|j|\u2606Kzjzzikzl\n|j|\u2606icedemon19\n|t:|1700501523\n|gametype|doubles\n|player|p1|Kzjzzikzl|lance|1130\n|player|p2|icedemon19|red|1103\n|teamsize|p1|6\n|teamsize|p2|6\n|gen|9\n|tier|[Gen 9] VGC 2023 Regulation E\n|rated|\n|rule|Species Clause: Limit one of each Pok\u00e9mon\n|rule|Item Clause: Limit one of each item\n|clearpoke\n|poke|p1|Flutter Mane, L50|\n|poke|p1|Tornadus, L50, M|\n|poke|p1|Rillaboom, L50, F|\n|poke|p1|Garganacl, L50, M|\n|poke|p1|Arcanine-Hisui, L50, M|\n|poke|p1|Chien-Pao, L50|\n|poke|p2|Flutter Mane, L50|\n|poke|p2|Iron Hands, L50|\n|poke|p2|Landorus-Therian, L50, M|\n|poke|p2|Ogerpon-Wellspring, L50, F|\n|poke|p2|Tornadus, L50, M|\n|poke|p2|Urshifu-*, L50, F|\n|teampreview|4\nicedemon19 rejected open team sheets.\n|inactive|Battle timer is ON: inactive players will automatically lose when time's up. (requested by Kzjzzikzl)\n|\n|t:|1700501555\n|start\n|switch|p1a: Tornadus|Tornadus, L50, M|100\/100\n|switch|p1b: Garganacl|Garganacl, L50, M|100\/100\n|switch|p2a: Tornadus|Tornadus, L50, M|100\/100\n|switch|p2b: Urshifu|Urshifu-Rapid-Strike, L50, F|100\/100\n|turn|1\n|\n|t:|1700501575\n|-terastallize|p1b: Garganacl|Ghost\n|move|p2a: Tornadus|Tailwind|p2a: Tornadus\n|-sidestart|p2: icedemon19|move: Tailwind\n|move|p2b: Urshifu|Surging Strikes|p1a: Tornadus\n|-crit|p1a: Tornadus\n|-damage|p1a: Tornadus|69\/100\n|-damage|p2b: Urshifu|84\/100|[from] item: Rocky Helmet|[of] p1a: Tornadus\n|-crit|p1a: Tornadus\n|-damage|p1a: Tornadus|37\/100\n|-damage|p2b: Urshifu|67\/100|[from] item: Rocky Helmet|[of] p1a: Tornadus\n|-crit|p1a: Tornadus\n|-damage|p1a: Tornadus|6\/100\n|-damage|p2b: Urshifu|51\/100|[from] item: Rocky Helmet|[of] p1a: Tornadus\n|-hitcount|p1a: Tornadus|3\n|move|p1a: Tornadus|Bleakwind Storm|p2b: Urshifu|[spread] p2a,p2b\n|-supereffective|p2b: Urshifu\n|-damage|p2a: Tornadus|62\/100\n|-damage|p2b: Urshifu|0 fnt\n|faint|p2b: Urshifu\n|move|p1b: Garganacl|Salt Cure|p2a: Tornadus\n|-supereffective|p2a: Tornadus\n|-damage|p2a: Tornadus|28\/100\n|\n|upkeep\n|inactive|icedemon19 has 30 seconds left.\n|\n|t:|1700501600\n|switch|p2b: Flutter Mane|Flutter Mane, L50|100\/100\n|-enditem|p2b: Flutter Mane|Booster Energy\n|-activate|p2b: Flutter Mane|ability: Protosynthesis|[fromitem]\n|-start|p2b: Flutter Mane|protosynthesisspe\n|turn|2\n|\n|t:|1700501613\n|-terastallize|p2b: Flutter Mane|Fairy\n|move|p1a: Tornadus|Tailwind|p1a: Tornadus\n|-sidestart|p1: Kzjzzikzl|move: Tailwind\n|move|p2b: Flutter Mane|Moonblast|p1b: Garganacl\n|-damage|p1b: Garganacl|52\/100\n|-unboost|p1b: Garganacl|spa|1\n|move|p2a: Tornadus|Bleakwind Storm|p1b: Garganacl|[spread] p1a,p1b\n|-damage|p1a: Tornadus|0 fnt\n|-damage|p1b: Garganacl|32\/100\n|-unboost|p1b: Garganacl|spe|1\n|-enditem|p1b: Garganacl|Sitrus Berry|[eat]\n|-heal|p1b: Garganacl|57\/100|[from] item: Sitrus Berry\n|faint|p1a: Tornadus\n|move|p1b: Garganacl|Salt Cure|p2b: Flutter Mane\n|-damage|p2b: Flutter Mane|68\/100\n|-start|p2b: Flutter Mane|Salt Cure\n|\n|-damage|p2b: Flutter Mane|56\/100|[from] Salt Cure\n|upkeep\n|\n|t:|1700501632\n|switch|p1a: Arcanine|Arcanine-Hisui, L50, M|100\/100\n|-ability|p1a: Arcanine|Intimidate|boost\n|-unboost|p2a: Tornadus|atk|1\n|-unboost|p2b: Flutter Mane|atk|1\n|turn|3\n|\n|t:|1700501642\n|move|p1a: Arcanine|Extreme Speed|p2b: Flutter Mane\n|-damage|p2b: Flutter Mane|0 fnt\n|faint|p2b: Flutter Mane\n|-end|p2b: Flutter Mane|Protosynthesis|[silent]\n|move|p2a: Tornadus|Rain Dance|p2a: Tornadus\n|-weather|RainDance\n|move|p1b: Garganacl|Recover|p1b: Garganacl\n|-heal|p1b: Garganacl|100\/100\n|\n|-weather|RainDance|[upkeep]\n|upkeep\n|\n|t:|1700501651\n|switch|p2b: Iron Hands|Iron Hands, L50|100\/100\n|turn|4\n|\n|t:|1700501661\n|move|p1a: Arcanine|Extreme Speed|p2a: Tornadus\n|-damage|p2a: Tornadus|0 fnt\n|faint|p2a: Tornadus\n|move|p2b: Iron Hands|Drain Punch|p1a: Arcanine\n|-supereffective|p1a: Arcanine\n|-damage|p1a: Arcanine|0 fnt\n|faint|p1a: Arcanine\n|move|p1b: Garganacl|Iron Defense|p1b: Garganacl\n|-boost|p1b: Garganacl|def|2\n|\n|-weather|RainDance|[upkeep]\n|-sideend|p2: icedemon19|move: Tailwind\n|upkeep\n|\n|t:|1700501671\n|switch|p1a: Rillaboom|Rillaboom, L50, F|100\/100\n|-fieldstart|move: Grassy Terrain|[from] ability: Grassy Surge|[of] p1a: Rillaboom\n|turn|5\n|\n|t:|1700501687\n|move|p1a: Rillaboom|Fake Out|p2b: Iron Hands\n|-damage|p2b: Iron Hands|91\/100\n|move|p1b: Garganacl|Iron Defense|p1b: Garganacl\n|-boost|p1b: Garganacl|def|2\n|cant|p2b: Iron Hands|flinch\n|\n|-weather|RainDance|[upkeep]\n|-heal|p2b: Iron Hands|97\/100|[from] Grassy Terrain\n|-sideend|p1: Kzjzzikzl|move: Tailwind\n|upkeep\n|turn|6\n|\n|t:|1700501698\n|move|p1a: Rillaboom|Drain Punch|p2b: Iron Hands\n|-damage|p2b: Iron Hands|78\/100\n|move|p2b: Iron Hands|Drain Punch|p1a: Rillaboom\n|-damage|p1a: Rillaboom|62\/100\n|-heal|p2b: Iron Hands|94\/100|[from] drain|[of] p1a: Rillaboom\n|move|p1b: Garganacl|Salt Cure|p2b: Iron Hands\n|-resisted|p2b: Iron Hands\n|-damage|p2b: Iron Hands|89\/100\n|-start|p2b: Iron Hands|Salt Cure\n|\n|-weather|RainDance|[upkeep]\n|-heal|p1a: Rillaboom|68\/100|[from] Grassy Terrain\n|-heal|p2b: Iron Hands|95\/100|[from] Grassy Terrain\n|-damage|p2b: Iron Hands|83\/100|[from] Salt Cure\n|upkeep\n|turn|7\n|\n|t:|1700501714\n|move|p1a: Rillaboom|Wood Hammer|p2b: Iron Hands\n|-damage|p2b: Iron Hands|30\/100\n|-damage|p1a: Rillaboom|46\/100|[from] Recoil\n|move|p2b: Iron Hands|Drain Punch|p1a: Rillaboom\n|-damage|p1a: Rillaboom|8\/100\n|-heal|p2b: Iron Hands|46\/100|[from] drain|[of] p1a: Rillaboom\n|move|p1b: Garganacl|Iron Defense|p1b: Garganacl\n|-boost|p1b: Garganacl|def|2\n|\n|-weather|none\n|-heal|p1a: Rillaboom|14\/100|[from] Grassy Terrain\n|-heal|p2b: Iron Hands|51\/100|[from] Grassy Terrain\n|-damage|p2b: Iron Hands|39\/100|[from] Salt Cure\n|upkeep\n|turn|8\n|-message|icedemon19 forfeited.\n|\n|win|Kzjzzikzl\n|raw|Kzjzzikzl's rating: 1130 &rarr; <strong>1153<\/strong><br \/>(+23 for winning)\n|raw|icedemon19's rating: 1103 &rarr; <strong>1080<\/strong><br \/>(-23 for losing)\n|l|\u2606icedemon19\n","uploadtime":1700501724,"views":3,"p1id":"kzjzzikzl","p2id":"icedemon19","formatid":"gen9vgc2023regulatione","rating":1080,"private":0,"password":""}