{"id":"gen9vgc2023regulatione-1995136475","p1":"Venefici","p2":"hellycopeter","format":"[Gen 9] VGC 2023 Regulation E","log":"|j|\u2606Venefici\n|j|\u2606hellycopeter\n|t:|1700526618\n|gametype|doubles\n|player|p1|Venefici|hugh|1083\n|player|p2|hellycopeter|266|1127\n|teamsize|p1|6\n|teamsize|p2|6\n|gen|9\n|tier|[Gen 9] VGC 2023 Regulation E\n|rated|\n|rule|Species Clause: Limit one of each Pok\u00e9mon\n|rule|Item Clause: Limit one of each item\n|clearpoke\n|poke|p1|Volcarona, L50, M|\n|poke|p1|Rillaboom, L50, M|\n|poke|p1|Palafin, L50, M|\n|poke|p1|Roaring Moon, L50|\n|poke|p1|Iron Hands, L50|\n|poke|p1|Farigiraf, L50, M|\n|poke|p2|Gholdengo, L50|\n|poke|p2|Iron Hands, L50|\n|poke|p2|Amoonguss, L50, F|\n|poke|p2|Pelipper, L50, M|\n|poke|p2|Salamence, L50, F|\n|poke|p2|Urshifu-*, L50, F|\n|teampreview|4\n|inactive|Battle timer is ON: inactive players will automatically lose when time's up. (requested by Venefici)\n|l|\u2606hellycopeter\n|inactive|hellycopeter disconnected and has a minute to reconnect!\n|player|p2|\n|j|\u2606hellycopeter\n|inactive|hellycopeter reconnected and has 75 seconds left.\n|player|p2|hellycopeter|266\n|inactive|hellycopeter also wants the timer to be on.\n|inactive|hellycopeter has 60 seconds left.\n|\n|t:|1700526652\n|start\n|switch|p1a: Palafin|Palafin, L50, M|100\/100\n|switch|p1b: Rillaboom|Rillaboom, L50, M|100\/100\n|switch|p2a: Salamence|Salamence, L50, F|100\/100\n|switch|p2b: Gholdengo|Gholdengo, L50|100\/100\n|-ability|p2a: Salamence|Intimidate|boost\n|-unboost|p1a: Palafin|atk|1\n|-unboost|p1b: Rillaboom|atk|1\n|-fieldstart|move: Grassy Terrain|[from] ability: Grassy Surge|[of] p1b: Rillaboom\n|turn|1\n|inactive|Venefici has 30 seconds left.\n|\n|t:|1700526679\n|switch|p2a: Iron Hands|Iron Hands, L50|100\/100\n|-terastallize|p1b: Rillaboom|Fire\n|move|p1b: Rillaboom|Fake Out|p2a: Iron Hands\n|-damage|p2a: Iron Hands|95\/100\n|move|p1a: Palafin|Jet Punch|p2b: Gholdengo\n|-damage|p2b: Gholdengo|87\/100\n|move|p2b: Gholdengo|Nasty Plot|p2b: Gholdengo\n|-boost|p2b: Gholdengo|spa|2\n|\n|-heal|p2b: Gholdengo|93\/100|[from] Grassy Terrain\n|-heal|p2b: Gholdengo|99\/100|[from] item: Leftovers\n|-heal|p2a: Iron Hands|100\/100|[from] Grassy Terrain\n|upkeep\n|turn|2\n|\n|t:|1700526703\n|-terastallize|p2b: Gholdengo|Dragon\n|move|p2a: Iron Hands|Fake Out|p1b: Rillaboom\n|-damage|p1b: Rillaboom|87\/100\n|-damage|p2a: Iron Hands|84\/100|[from] item: Rocky Helmet|[of] p1b: Rillaboom\n|move|p1a: Palafin|Jet Punch|p2b: Gholdengo\n|-resisted|p2b: Gholdengo\n|-damage|p2b: Gholdengo|92\/100\n|move|p2b: Gholdengo|Make It Rain|p1b: Rillaboom|[spread] p1a,p1b\n|-resisted|p1a: Palafin\n|-resisted|p1b: Rillaboom\n|-damage|p1a: Palafin|52\/100\n|-damage|p1b: Rillaboom|37\/100\n|-unboost|p2b: Gholdengo|spa|1\n|-enditem|p1a: Palafin|Eject Button\n|\n|t:|1700526721\n|detailschange|p1a: Palafin|Palafin-Hero, L50, M\n|switch|p1a: Roaring Moon|Roaring Moon, L50|100\/100\n|-enditem|p1a: Roaring Moon|Booster Energy\n|-activate|p1a: Roaring Moon|ability: Protosynthesis|[fromitem]\n|-start|p1a: Roaring Moon|protosynthesisspe\n|cant|p1b: Rillaboom|flinch\n|\n|-heal|p2b: Gholdengo|98\/100|[from] Grassy Terrain\n|-heal|p2b: Gholdengo|100\/100|[from] item: Leftovers\n|-heal|p1b: Rillaboom|44\/100|[from] Grassy Terrain\n|-heal|p2a: Iron Hands|90\/100|[from] Grassy Terrain\n|upkeep\n|turn|3\n|inactive|Venefici has 30 seconds left.\n|\n|t:|1700526748\n|move|p2b: Gholdengo|Protect|p2b: Gholdengo\n|-singleturn|p2b: Gholdengo|Protect\n|move|p1a: Roaring Moon|Breaking Swipe|p2b: Gholdengo|[spread] p2a\n|-activate|p2b: Gholdengo|move: Protect\n|-damage|p2a: Iron Hands|74\/100\n|-unboost|p2a: Iron Hands|atk|1\n|move|p1b: Rillaboom|Knock Off|p2b: Gholdengo\n|-activate|p2b: Gholdengo|move: Protect\n|move|p2a: Iron Hands|Drain Punch|p1a: Roaring Moon\n|-supereffective|p1a: Roaring Moon\n|-damage|p1a: Roaring Moon|23\/100\n|-heal|p2a: Iron Hands|100\/100|[from] drain|[of] p1a: Roaring Moon\n|\n|-heal|p1a: Roaring Moon|29\/100|[from] Grassy Terrain\n|-heal|p1b: Rillaboom|50\/100|[from] Grassy Terrain\n|upkeep\n|turn|4\n|inactive|Venefici has 30 seconds left.\n|inactive|hellycopeter has 30 seconds left.\n|\n|t:|1700526780\n|switch|p2b: Amoonguss|Amoonguss, L50, F|100\/100\n|move|p1a: Roaring Moon|Protect|p1a: Roaring Moon\n|-singleturn|p1a: Roaring Moon|Protect\n|move|p1b: Rillaboom|U-turn|p2b: Amoonguss\n|-damage|p2b: Amoonguss|89\/100\n|\n|t:|1700526789\n|switch|p1b: Iron Hands|Iron Hands, L50|100\/100|[from] U-turn\n|move|p2a: Iron Hands|Wild Charge|p1a: Roaring Moon\n|-activate|p1a: Roaring Moon|move: Protect\n|\n|-heal|p1a: Roaring Moon|35\/100|[from] Grassy Terrain\n|-heal|p2b: Amoonguss|95\/100|[from] Grassy Terrain\n|upkeep\n|turn|5\n|inactive|Venefici has 30 seconds left.\n|\n|t:|1700526818\n|-end|p2a: Iron Hands|Quark Drive|[silent]\n|switch|p2a: Salamence|Salamence, L50, F|100\/100\n|-ability|p2a: Salamence|Intimidate|boost\n|-unboost|p1a: Roaring Moon|atk|1\n|-unboost|p1b: Iron Hands|atk|1\n|move|p2b: Amoonguss|Protect|p2b: Amoonguss\n|-singleturn|p2b: Amoonguss|Protect\n|move|p1a: Roaring Moon|Acrobatics|p2b: Amoonguss\n|-activate|p2b: Amoonguss|move: Protect\n|move|p1b: Iron Hands|Heavy Slam|p2b: Amoonguss\n|-activate|p2b: Amoonguss|move: Protect\n|\n|-heal|p1a: Roaring Moon|41\/100|[from] Grassy Terrain\n|-heal|p2b: Amoonguss|100\/100|[from] Grassy Terrain\n|-fieldend|move: Grassy Terrain\n|upkeep\n|turn|6\n|inactive|Venefici has 30 seconds left.\n|inactive|hellycopeter has 30 seconds left.\n|inactive|hellycopeter has 20 seconds left.\n|inactive|hellycopeter has 15 seconds left.\n|\n|t:|1700526862\n|move|p2b: Amoonguss|Rage Powder|p2b: Amoonguss\n|-singleturn|p2b: Amoonguss|move: Rage Powder\n|move|p1a: Roaring Moon|Breaking Swipe|p2a: Salamence|[spread] p2a,p2b\n|-supereffective|p2a: Salamence\n|-damage|p2a: Salamence|61\/100\n|-damage|p2b: Amoonguss|89\/100\n|-unboost|p2a: Salamence|atk|1\n|-unboost|p2b: Amoonguss|atk|1\n|move|p2a: Salamence|Draco Meteor|p1a: Roaring Moon\n|-supereffective|p1a: Roaring Moon\n|-damage|p1a: Roaring Moon|0 fnt\n|-unboost|p2a: Salamence|spa|2\n|faint|p1a: Roaring Moon\n|-end|p1a: Roaring Moon|Protosynthesis|[silent]\n|move|p1b: Iron Hands|Wild Charge|p2b: Amoonguss\n|-resisted|p2b: Amoonguss\n|-damage|p2b: Amoonguss|76\/100\n|-damage|p1b: Iron Hands|97\/100|[from] Recoil\n|\n|upkeep\n|\n|t:|1700526883\n|switch|p1a: Rillaboom|Rillaboom, L50, M, tera:Fire|50\/100\n|-fieldstart|move: Grassy Terrain|[from] ability: Grassy Surge|[of] p1a: Rillaboom\n|turn|7\n|\n|t:|1700526896\n|switch|p2a: Iron Hands|Iron Hands, L50|100\/100\n|move|p1a: Rillaboom|Fake Out|p2a: Iron Hands\n|-damage|p2a: Iron Hands|92\/100\n|move|p1b: Iron Hands|Heavy Slam|p2b: Amoonguss\n|-damage|p2b: Amoonguss|53\/100\n|move|p2b: Amoonguss|Spore|p1b: Iron Hands\n|-status|p1b: Iron Hands|slp|[from] move: Spore\n|\n|-heal|p1a: Rillaboom|56\/100|[from] Grassy Terrain\n|-heal|p2a: Iron Hands|98\/100|[from] Grassy Terrain\n|-heal|p1b: Iron Hands|100\/100 slp|[from] Grassy Terrain\n|-heal|p2b: Amoonguss|59\/100|[from] Grassy Terrain\n|upkeep\n|turn|8\n|inactive|Venefici has 30 seconds left.\n|inactive|Venefici has 20 seconds left.\n|\n|t:|1700526933\n|move|p2a: Iron Hands|Fake Out|p1a: Rillaboom\n|-damage|p1a: Rillaboom|40\/100\n|-damage|p2a: Iron Hands|82\/100|[from] item: Rocky Helmet|[of] p1a: Rillaboom\n|cant|p1a: Rillaboom|flinch\n|cant|p1b: Iron Hands|slp\n|move|p2b: Amoonguss|Spore|p1a: Rillaboom\n|-status|p1a: Rillaboom|slp|[from] move: Spore\n|\n|-heal|p1a: Rillaboom|47\/100 slp|[from] Grassy Terrain\n|-heal|p2a: Iron Hands|88\/100|[from] Grassy Terrain\n|-heal|p2b: Amoonguss|65\/100|[from] Grassy Terrain\n|upkeep\n|turn|9\n|\n|t:|1700526958\n|cant|p1a: Rillaboom|slp\n|move|p2a: Iron Hands|Wild Charge|p1a: Rillaboom\n|-damage|p1a: Rillaboom|0 fnt\n|-damage|p2a: Iron Hands|71\/100|[from] item: Rocky Helmet|[of] p1a: Rillaboom\n|faint|p1a: Rillaboom\n|-damage|p2a: Iron Hands|62\/100|[from] Recoil\n|cant|p1b: Iron Hands|slp\n|move|p2b: Amoonguss|Pollen Puff|p2a: Iron Hands\n|-heal|p2a: Iron Hands|100\/100\n|\n|-heal|p2b: Amoonguss|71\/100|[from] Grassy Terrain\n|upkeep\n|\n|t:|1700526971\n|switch|p1a: Palafin|Palafin-Hero, L50, M|52\/100\n|-activate|p1a: Palafin|ability: Zero to Hero\n|turn|10\n|\n|t:|1700526980\n|switch|p2b: Salamence|Salamence, L50, F|61\/100\n|-ability|p2b: Salamence|Intimidate|boost\n|-unboost|p1a: Palafin|atk|1\n|-unboost|p1b: Iron Hands|atk|1\n|move|p1a: Palafin|Acrobatics|p2b: Salamence\n|-damage|p2b: Salamence|26\/100\n|move|p2a: Iron Hands|Wild Charge|p1a: Palafin\n|-supereffective|p1a: Palafin\n|-damage|p1a: Palafin|0 fnt\n|faint|p1a: Palafin\n|-damage|p2a: Iron Hands|90\/100|[from] Recoil\n|cant|p1b: Iron Hands|slp\n|\n|-heal|p2a: Iron Hands|96\/100|[from] Grassy Terrain\n|upkeep\n|turn|11\n|inactive|hellycopeter has 30 seconds left.\n|\n|t:|1700527008\n|move|p2b: Salamence|Draco Meteor|p1b: Iron Hands\n|-damage|p1b: Iron Hands|70\/100 slp\n|-unboost|p2b: Salamence|spa|2\n|move|p2a: Iron Hands|Wild Charge|p1b: Iron Hands\n|-resisted|p1b: Iron Hands\n|-damage|p1b: Iron Hands|52\/100 slp\n|-damage|p2a: Iron Hands|91\/100|[from] Recoil\n|-curestatus|p1b: Iron Hands|slp|[msg]\n|move|p1b: Iron Hands|Drain Punch|p2b: Salamence\n|-resisted|p2b: Salamence\n|-damage|p2b: Salamence|12\/100\n|-heal|p1b: Iron Hands|57\/100|[from] drain|[of] p2b: Salamence\n|\n|-heal|p2a: Iron Hands|98\/100|[from] Grassy Terrain\n|-heal|p1b: Iron Hands|64\/100|[from] Grassy Terrain\n|-fieldend|move: Grassy Terrain\n|upkeep\n|turn|12\n|inactive|Venefici has 30 seconds left.\n|\n|t:|1700527041\n|switch|p2b: Gholdengo|Gholdengo, L50, tera:Dragon|100\/100\n|move|p2a: Iron Hands|Drain Punch|p1b: Iron Hands\n|-damage|p1b: Iron Hands|30\/100\n|-heal|p2a: Iron Hands|100\/100|[from] drain|[of] p1b: Iron Hands\n|move|p1b: Iron Hands|Drain Punch|p2b: Gholdengo\n|-damage|p2b: Gholdengo|79\/100\n|-heal|p1b: Iron Hands|39\/100|[from] drain|[of] p2b: Gholdengo\n|\n|-heal|p2b: Gholdengo|85\/100|[from] item: Leftovers\n|upkeep\n|turn|13\n|\n|t:|1700527060\n|move|p2b: Gholdengo|Shadow Ball|p1b: Iron Hands\n|-damage|p1b: Iron Hands|18\/100\n|move|p2a: Iron Hands|Drain Punch|p1b: Iron Hands\n|-damage|p1b: Iron Hands|0 fnt\n|faint|p1b: Iron Hands\n|-end|p1b: Iron Hands|Quark Drive|[silent]\n|\n|win|hellycopeter\n|raw|Venefici's rating: 1083 &rarr; <strong>1063<\/strong><br \/>(-20 for losing)\n|raw|hellycopeter's rating: 1127 &rarr; <strong>1149<\/strong><br \/>(+22 for winning)\n","uploadtime":1700527069,"views":3,"p1id":"venefici","p2id":"hellycopeter","formatid":"gen9vgc2023regulatione","rating":1063,"private":0,"password":""}