{"id":"gen9vgc2023regulatione-1993621365","p1":"Drookez","p2":"SnoaeCone","format":"[Gen 9] VGC 2023 Regulation E","log":"|j|\u2606Drookez\n|j|\u2606SnoaeCone\n|n|\u2606Drookez|drookez\n|n|\u2606SnoaeCone|snoaecone\n|html|View the match progress at <a href=\"\/game-bestof3-gen9vgc2023regulatione-1993617200\">game-bestof3-gen9vgc2023regulatione-1993617200<\/a>\n|t:|1700338421\n|gametype|doubles\n|player|p1|Drookez|whitney|\n|player|p2|SnoaeCone|caitlin|\n|teamsize|p1|6\n|teamsize|p2|6\n|gen|9\n|tier|[Gen 9] VGC 2023 Regulation E\n|rule|Species Clause: Limit one of each Pok\u00e9mon\n|rule|Item Clause: Limit one of each item\n|clearpoke\n|poke|p1|Clefairy, L50, F|\n|poke|p1|Kommo-o, L50, F|\n|poke|p1|Milotic, L50, F|\n|poke|p1|Arcanine-Hisui, L50, M|\n|poke|p1|Sinistcha, L50|\n|poke|p1|Snorlax, L50, F|\n|poke|p2|Ninetales-Alola, L50, F|\n|poke|p2|Sinistcha-Masterpiece, L50|\n|poke|p2|Armarouge, L50, F|\n|poke|p2|Indeedee-F, L50, F|\n|poke|p2|Baxcalibur, L50, F|\n|poke|p2|Fezandipiti, L50, M|\n|teampreview|4\nSnoaeCone has agreed to open team sheets.\nDrookez has agreed to open team sheets.\n|showteam|p1|Clefairy||Eviolite|FriendGuard|DazzlingGleam,IcyWind,HelpingHand,FollowMe|||F|||50|,,,,,Dark]Kommo-o||ThroatSpray|Soundproof|ClangorousSoul,ClangingScales,FlashCannon,Protect|||F|||50|,,,,,Steel]Milotic||Leftovers|Competitive|Scald,IceBeam,IcyWind,Protect|||F|||50|,,,,,Steel]Arcanine-Hisui||SitrusBerry|Intimidate|FlareBlitz,RockSlide,ExtremeSpeed,Protect|||M|||50|,,,,,Normal]Sinistcha||RockyHelmet|Hospitality|MatchaGotcha,StrengthSap,RagePowder,Protect||||||50|,,,,,Fire]Snorlax||AssaultVest|ThickFat|Facade,HeavySlam,IcePunch,HighHorsepower|||F|||50|,,,,,Ghost\n|showteam|p2|Ninetales-Alola||LightClay|SnowWarning|AuroraVeil,Blizzard,Encore,Moonblast|||F|||50|,,,,,Water]Sinistcha-Masterpiece||Leftovers|Hospitality|MatchaGotcha,RagePowder,TrickRoom,StrengthSap||||||50|,,,,,Steel]Armarouge||LifeOrb|FlashFire|ExpandingForce,ArmorCannon,TrickRoom,Protect|||F|||50|,,,,,Grass]Indeedee-F||PsychicSeed|PsychicSurge|FollowMe,HelpingHand,TrickRoom,DazzlingGleam|||F|||50|,,,,,Fairy]Baxcalibur||LoadedDice|ThermalExchange|IcicleSpear,ScaleShot,SwordsDance,Protect|||F|||50|,,,,,Fairy]Fezandipiti||CovertCloak|ToxicChain|IcyWind,DazzlingGleam,Venoshock,Tailwind|||M|||50|,,,,,Flying\n|\n|t:|1700338480\n|start\n|switch|p1a: 1989|Milotic, L50, F|100\/100\n|switch|p1b: Debut|Snorlax, L50, F|100\/100\n|switch|p2a: Baxcalibur|Baxcalibur, L50, F|100\/100\n|switch|p2b: Armarouge|Armarouge, L50, F|100\/100\n|turn|1\n|\n|t:|1700338518\n|switch|p2b: Yuki|Ninetales-Alola, L50, F, shiny|100\/100\n|-weather|Snow|[from] ability: Snow Warning|[of] p2b: Yuki\n|move|p2a: Baxcalibur|Swords Dance|p2a: Baxcalibur\n|-boost|p2a: Baxcalibur|atk|2\n|move|p1a: 1989|Scald|p2b: Yuki\n|-damage|p2b: Yuki|61\/100\n|-status|p2b: Yuki|brn\n|move|p1b: Debut|Heavy Slam|p2a: Baxcalibur\n|-supereffective|p2a: Baxcalibur\n|-damage|p2a: Baxcalibur|75\/100\n|\n|-weather|Snow|[upkeep]\n|-damage|p2b: Yuki|55\/100 brn|[from] brn\n|upkeep\n|turn|2\n|\n|t:|1700338546\n|move|p2b: Yuki|Aurora Veil|p2b: Yuki\n|-sidestart|p2: SnoaeCone|move: Aurora Veil\n|move|p2a: Baxcalibur|Scale Shot|p1b: Debut\n|-damage|p1b: Debut|69\/100\n|-damage|p1b: Debut|38\/100\n|-damage|p1b: Debut|11\/100\n|-damage|p1b: Debut|0 fnt\n|faint|p1b: Debut\n|-hitcount|p1: Debut|4\n|-unboost|p2a: Baxcalibur|def|1\n|-boost|p2a: Baxcalibur|spe|1\n|move|p1a: 1989|Ice Beam|p2a: Baxcalibur\n|-damage|p2a: Baxcalibur|56\/100\n|\n|-weather|Snow|[upkeep]\n|-damage|p2b: Yuki|49\/100 brn|[from] brn\n|upkeep\n|\n|t:|1700338554\n|switch|p1b: Evermore|Arcanine-Hisui, L50, M|100\/100\n|-ability|p1b: Evermore|Intimidate|boost\n|-unboost|p2a: Baxcalibur|atk|1\n|-unboost|p2b: Yuki|atk|1\n|turn|3\n|\n|t:|1700338583\n|move|p1b: Evermore|Protect|p1b: Evermore\n|-singleturn|p1b: Evermore|Protect\n|move|p2a: Baxcalibur|Scale Shot|p1b: Evermore\n|-activate|p1b: Evermore|move: Protect\n|move|p2b: Yuki|Moonblast|p1a: 1989\n|-damage|p1a: 1989|80\/100\n|move|p1a: 1989|Scald|p2b: Yuki\n|-damage|p2b: Yuki|22\/100 brn\n|\n|-weather|Snow|[upkeep]\n|-heal|p1a: 1989|86\/100|[from] item: Leftovers\n|-damage|p2b: Yuki|16\/100 brn|[from] brn\n|upkeep\n|turn|4\n|\n|t:|1700338613\n|switch|p2b: Cuppa|Sinistcha-Masterpiece, L50|100\/100\n|-heal|p2a: Baxcalibur|81\/100|[from] ability: Hospitality|[of] p2b: Cuppa\n|-terastallize|p1b: Evermore|Normal\n|move|p1b: Evermore|Extreme Speed|p2a: Baxcalibur\n|-damage|p2a: Baxcalibur|50\/100\n|move|p2a: Baxcalibur|Scale Shot|p1b: Evermore\n|-damage|p1b: Evermore|73\/100\n|-damage|p1b: Evermore|48\/100\n|-enditem|p1b: Evermore|Sitrus Berry|[eat]\n|-heal|p1b: Evermore|73\/100|[from] item: Sitrus Berry\n|-damage|p1b: Evermore|44\/100\n|-damage|p1b: Evermore|17\/100\n|-hitcount|p1b: Evermore|4\n|-unboost|p2a: Baxcalibur|def|1\n|-boost|p2a: Baxcalibur|spe|1\n|move|p1a: 1989|Scald|p2a: Baxcalibur\n|-resisted|p2a: Baxcalibur\n|-damage|p2a: Baxcalibur|36\/100\n|\n|-weather|Snow|[upkeep]\n|-heal|p1a: 1989|92\/100|[from] item: Leftovers\n|upkeep\n|turn|5\n|\n|t:|1700338660\n|switch|p2a: Yuki|Ninetales-Alola, L50, F, shiny|16\/100 brn\n|move|p1b: Evermore|Protect|p1b: Evermore\n|-singleturn|p1b: Evermore|Protect\n|move|p1a: 1989|Scald|p2a: Yuki\n|-damage|p2a: Yuki|0 fnt\n|faint|p2a: Yuki\n|move|p2b: Cuppa|Matcha Gotcha|p1b: Evermore|[spread] p1a\n|-activate|p1b: Evermore|move: Protect\n|-supereffective|p1a: 1989\n|-damage|p1a: 1989|53\/100\n|-status|p1a: 1989|brn\n|\n|-weather|none\n|-heal|p1a: 1989|59\/100 brn|[from] item: Leftovers\n|-damage|p1a: 1989|53\/100 brn|[from] brn\n|upkeep\n|\n|t:|1700338673\n|switch|p2a: Armarouge|Armarouge, L50, F|100\/100\n|turn|6\n|\n|t:|1700338684\n|move|p2a: Armarouge|Protect|p2a: Armarouge\n|-singleturn|p2a: Armarouge|Protect\n|move|p1b: Evermore|Extreme Speed|p2a: Armarouge\n|-activate|p2a: Armarouge|move: Protect\n|move|p1a: 1989|Ice Beam|p2b: Cuppa\n|-supereffective|p2b: Cuppa\n|-damage|p2b: Cuppa|54\/100\n|move|p2b: Cuppa|Matcha Gotcha|p1b: Evermore|[spread] p1a,p1b\n|-supereffective|p1a: 1989\n|-crit|p1a: 1989\n|-damage|p1a: 1989|0 fnt\n|-heal|p2b: Cuppa|84\/100|[from] drain|[of] p1a: 1989\n|-damage|p1b: Evermore|0 fnt\n|-heal|p2b: Cuppa|93\/100|[from] drain|[of] p1b: Evermore\n|faint|p1a: 1989\n|faint|p1b: Evermore\n|\n|-heal|p2b: Cuppa|99\/100|[from] item: Leftovers\n|upkeep\n|\n|t:|1700338688\n|switch|p1b: Folklore|Kommo-o, L50, F|100\/100\n|turn|7\n|\n|t:|1700338714\n|move|p1b: Folklore|Clangorous Soul|p1b: Folklore\n|-boost|p1b: Folklore|atk|1\n|-boost|p1b: Folklore|def|1\n|-boost|p1b: Folklore|spa|1\n|-boost|p1b: Folklore|spd|1\n|-boost|p1b: Folklore|spe|1\n|-damage|p1b: Folklore|68\/100\n|-enditem|p1b: Folklore|Throat Spray\n|-boost|p1b: Folklore|spa|1|[from] item: Throat Spray\n|move|p2a: Armarouge|Expanding Force|p1b: Folklore\n|-supereffective|p1b: Folklore\n|-damage|p1b: Folklore|0 fnt\n|faint|p1b: Folklore\n|-damage|p2a: Armarouge|91\/100|[from] item: Life Orb\n|\n|win|SnoaeCone\n|c|&|\/uhtml prompt-snoaecone,SnoaeCone is ready for game 3!\n|inactive|Drookez has 50 seconds to confirm battle start!\n|inactive|Drookez has 40 seconds to confirm battle start!\n|c|&|\/uhtml prompt-drookez,Drookez is ready for game 3!\nBoth players are ready! Starting next match!\n","uploadtime":1700339142,"views":8,"p1id":"drookez","p2id":"snoaecone","formatid":"gen9vgc2023regulatione","rating":0,"private":0,"password":""}