{"id":"gen9vgc2023regulatione-1998410760","p1":"meesterkrebs","p2":"JacK_RcC","format":"[Gen 9] VGC 2023 Regulation E","log":"|j|\u2606meesterkrebs\n|j|\u2606JacK_RcC\n|t:|1700939260\n|gametype|doubles\n|player|p1|meesterkrebs|steven|1161\n|player|p2|JacK_RcC|biker|1171\n|teamsize|p1|6\n|teamsize|p2|6\n|gen|9\n|tier|[Gen 9] VGC 2023 Regulation E\n|rated|\n|rule|Species Clause: Limit one of each Pok\u00e9mon\n|rule|Item Clause: Limit one of each item\n|clearpoke\n|poke|p1|Urshifu-*, L50, F|\n|poke|p1|Gholdengo, L50|\n|poke|p1|Arcanine, L50, M|\n|poke|p1|Rillaboom, L50, F|\n|poke|p1|Sableye, L50, F|\n|poke|p1|Roaring Moon, L50|\n|poke|p2|Urshifu-*, L50, F|\n|poke|p2|Tornadus, L50, M|\n|poke|p2|Rillaboom, L50, M|\n|poke|p2|Landorus-Therian, L50, M|\n|poke|p2|Iron Bundle, L50|\n|poke|p2|Ogerpon-Hearthflame, L50, F|\n|teampreview|4\n|inactive|Battle timer is ON: inactive players will automatically lose when time's up. (requested by JacK_RcC)\n|inactive|meesterkrebs has 60 seconds left.\n|inactive|JacK_RcC has 60 seconds left.\nJacK_RcC rejected open team sheets.\n|\n|t:|1700939311\n|start\n|switch|p1a: Sableye|Sableye, L50, F|100\/100\n|switch|p1b: Gholdengo|Gholdengo, L50|100\/100\n|switch|p2a: Tornadus|Tornadus, L50, M|100\/100\n|switch|p2b: Ogerpon|Ogerpon-Hearthflame, L50, F|100\/100\n|-ability|p2b: Ogerpon|Mold Breaker\n|turn|1\n|inactive|JacK_RcC has 30 seconds left.\n|\n|t:|1700939336\n|-terastallize|p2b: Ogerpon|Fire\n|detailschange|p2b: Ogerpon|Ogerpon-Hearthflame-Tera, L50, F, tera:Fire\n|-ability|p2b: Ogerpon|Embody Aspect (Hearthflame)|boost\n|-boost|p2b: Ogerpon|atk|1\n|move|p1b: Gholdengo|Protect|p1b: Gholdengo\n|-singleturn|p1b: Gholdengo|Protect\n|move|p1a: Sableye|Encore||[still]\n|-fail|p1a: Sableye\n|move|p2a: Tornadus|Bleakwind Storm|p1a: Sableye|[spread] p1a\n|-activate|p1b: Gholdengo|move: Protect\n|-damage|p1a: Sableye|62\/100\n|move|p2b: Ogerpon|Ivy Cudgel|p1b: Gholdengo|[anim] Ivy Cudgel Fire\n|-activate|p1b: Gholdengo|move: Protect\n|\n|upkeep\n|turn|2\n|\n|t:|1700939358\n|switch|p1b: Arcanine|Arcanine, L50, M|100\/100\n|-ability|p1b: Arcanine|Intimidate|boost\n|-unboost|p2a: Tornadus|atk|1\n|-unboost|p2b: Ogerpon|atk|1\n|move|p2a: Tornadus|Taunt|p1a: Sableye\n|-hint|Since gen 7, Dark is immune to Prankster moves.\n|-immune|p1a: Sableye\n|move|p1a: Sableye|Disable|p2b: Ogerpon\n|-start|p2b: Ogerpon|Disable|Ivy Cudgel\n|cant|p2b: Ogerpon|Disable|Ivy Cudgel\n|\n|upkeep\n|turn|3\n|inactive|meesterkrebs has 30 seconds left.\n|inactive|meesterkrebs has 20 seconds left.\n|inactive|meesterkrebs has 15 seconds left.\n|\n|t:|1700939400\n|move|p2a: Tornadus|Tailwind|p2a: Tornadus\n|-sidestart|p2: JacK_RcC|move: Tailwind\n|move|p1a: Sableye|Encore|p2b: Ogerpon\n|-start|p2b: Ogerpon|Encore\n|cant|p2b: Ogerpon|Disable|Ivy Cudgel\n|move|p1b: Arcanine|Snarl|p2b: Ogerpon|[spread] p2b\n|-miss|p1b: Arcanine|p2a: Tornadus\n|-damage|p2b: Ogerpon|91\/100\n|-unboost|p2b: Ogerpon|spa|1\n|\n|upkeep\n|turn|4\n|\n|t:|1700939423\n|switch|p1b: Gholdengo|Gholdengo, L50|100\/100\n|move|p1a: Sableye|Encore|p2a: Tornadus\n|-start|p2a: Tornadus|Encore\n|move|p2a: Tornadus|Tailwind||[still]\n|-fail|p2a: Tornadus\n|-activate|p2b: Ogerpon|move: Struggle\n|move|p2b: Ogerpon|Struggle|p1b: Gholdengo\n|-damage|p1b: Gholdengo|83\/100\n|-damage|p2b: Ogerpon|66\/100|[from] recoil\n|\n|-heal|p1b: Gholdengo|89\/100|[from] item: Leftovers\n|upkeep\n|turn|5\n|\n|t:|1700939440\n|switch|p2a: Rillaboom|Rillaboom, L50, M|100\/100\n|-fieldstart|move: Grassy Terrain|[from] ability: Grassy Surge|[of] p2a: Rillaboom\n|switch|p2b: Iron Bundle|Iron Bundle, L50|100\/100\n|-enditem|p2b: Iron Bundle|Booster Energy\n|-activate|p2b: Iron Bundle|ability: Quark Drive|[fromitem]\n|-start|p2b: Iron Bundle|quarkdrivespe\n|move|p1a: Sableye|Disable||[still]\n|-fail|p1a: Sableye\n|move|p1b: Gholdengo|Nasty Plot|p1b: Gholdengo\n|-boost|p1b: Gholdengo|spa|2\n|\n|-heal|p1b: Gholdengo|95\/100|[from] Grassy Terrain\n|-heal|p1b: Gholdengo|100\/100|[from] item: Leftovers\n|-heal|p1a: Sableye|68\/100|[from] Grassy Terrain\n|upkeep\n|turn|6\n|inactive|JacK_RcC has 30 seconds left.\n|\n|t:|1700939472\n|move|p1a: Sableye|Will-O-Wisp|p2a: Rillaboom\n|-status|p2a: Rillaboom|brn\n|move|p2b: Iron Bundle|Hydro Pump|p1a: Sableye\n|-damage|p1a: Sableye|3\/100\n|move|p2a: Rillaboom|High Horsepower|p1b: Gholdengo\n|-supereffective|p1b: Gholdengo\n|-damage|p1b: Gholdengo|71\/100\n|move|p1b: Gholdengo|Make It Rain|p2b: Iron Bundle|[spread] p2a,p2b\n|-damage|p2a: Rillaboom|45\/100 brn\n|-damage|p2b: Iron Bundle|0 fnt\n|-unboost|p1b: Gholdengo|spa|1\n|faint|p2b: Iron Bundle\n|-end|p2b: Iron Bundle|Quark Drive|[silent]\n|\n|-heal|p2a: Rillaboom|51\/100 brn|[from] Grassy Terrain\n|-heal|p1b: Gholdengo|78\/100|[from] Grassy Terrain\n|-heal|p1b: Gholdengo|84\/100|[from] item: Leftovers\n|-heal|p1a: Sableye|9\/100|[from] Grassy Terrain\n|-damage|p2a: Rillaboom|45\/100 brn|[from] brn\n|-sideend|p2: JacK_RcC|move: Tailwind\n|upkeep\n|\n|t:|1700939491\n|switch|p2b: Ogerpon|Ogerpon-Hearthflame-Tera, L50, F, tera:Fire|66\/100\n|-ability|p2b: Ogerpon|Embody Aspect (Hearthflame)|boost\n|-boost|p2b: Ogerpon|atk|1\n|turn|7\n|\n|t:|1700939515\n|switch|p1a: Arcanine|Arcanine, L50, M|100\/100\n|-ability|p1a: Arcanine|Intimidate|boost\n|-unboost|p2a: Rillaboom|atk|1\n|-unboost|p2b: Ogerpon|atk|1\n|move|p1b: Gholdengo|Protect|p1b: Gholdengo\n|-singleturn|p1b: Gholdengo|Protect\n|move|p2a: Rillaboom|Grassy Glide|p1a: Arcanine\n|-resisted|p1a: Arcanine\n|-damage|p1a: Arcanine|94\/100\n|move|p2b: Ogerpon|Ivy Cudgel|p1b: Gholdengo|[anim] Ivy Cudgel Fire\n|-activate|p1b: Gholdengo|move: Protect\n|\n|-heal|p2b: Ogerpon|71\/100|[from] Grassy Terrain\n|-heal|p1a: Arcanine|99\/100|[from] Grassy Terrain\n|-heal|p1b: Gholdengo|90\/100|[from] Grassy Terrain\n|-heal|p1b: Gholdengo|96\/100|[from] item: Leftovers\n|-heal|p2a: Rillaboom|51\/100 brn|[from] Grassy Terrain\n|-damage|p2a: Rillaboom|45\/100 brn|[from] brn\n|upkeep\n|turn|8\n|inactive|meesterkrebs has 30 seconds left.\n|\n|t:|1700939546\n|switch|p1a: Sableye|Sableye, L50, F|9\/100\n|-terastallize|p1b: Gholdengo|Fairy\n|move|p2b: Ogerpon|Ivy Cudgel|p1b: Gholdengo|[anim] Ivy Cudgel Fire\n|-crit|p1b: Gholdengo\n|-damage|p1b: Gholdengo|0 fnt\n|faint|p1b: Gholdengo\n|move|p2a: Rillaboom|High Horsepower|p1a: Sableye\n|-damage|p1a: Sableye|0 fnt\n|faint|p1a: Sableye\n|\n|-heal|p2b: Ogerpon|77\/100|[from] Grassy Terrain\n|-heal|p2a: Rillaboom|51\/100 brn|[from] Grassy Terrain\n|-damage|p2a: Rillaboom|45\/100 brn|[from] brn\n|upkeep\n|\n|t:|1700939561\n|switch|p1b: Rillaboom|Rillaboom, L50, F|100\/100\n|switch|p1a: Arcanine|Arcanine, L50, M|99\/100\n|-ability|p1a: Arcanine|Intimidate|boost\n|-unboost|p2a: Rillaboom|atk|1\n|-unboost|p2b: Ogerpon|atk|1\n|turn|9\n|\n|t:|1700939575\n|move|p1b: Rillaboom|Fake Out|p2b: Ogerpon\n|-damage|p2b: Ogerpon|56\/100\n|cant|p2b: Ogerpon|flinch\n|move|p1a: Arcanine|Flare Blitz|p2a: Rillaboom\n|-supereffective|p2a: Rillaboom\n|-crit|p2a: Rillaboom\n|-damage|p2a: Rillaboom|0 fnt\n|faint|p2a: Rillaboom\n|-damage|p1a: Arcanine|84\/100|[from] Recoil\n|\n|-heal|p2b: Ogerpon|62\/100|[from] Grassy Terrain\n|-heal|p1a: Arcanine|90\/100|[from] Grassy Terrain\n|-fieldend|move: Grassy Terrain\n|upkeep\n|\n|t:|1700939587\n|switch|p2a: Tornadus|Tornadus, L50, M|100\/100\n|turn|10\n|\n|t:|1700939604\n|move|p2a: Tornadus|Bleakwind Storm|p1a: Arcanine|[spread] p1b\n|-miss|p2a: Tornadus|p1a: Arcanine\n|-supereffective|p1b: Rillaboom\n|-damage|p1b: Rillaboom|47\/100\n|-unboost|p1b: Rillaboom|spe|1\n|move|p2b: Ogerpon|Stomping Tantrum|p1a: Arcanine\n|-supereffective|p1a: Arcanine\n|-damage|p1a: Arcanine|15\/100\n|-enditem|p1a: Arcanine|Sitrus Berry|[eat]\n|-heal|p1a: Arcanine|40\/100|[from] item: Sitrus Berry\n|move|p1a: Arcanine|Flare Blitz|p2b: Ogerpon\n|-resisted|p2b: Ogerpon\n|-damage|p2b: Ogerpon|31\/100\n|-damage|p1a: Arcanine|32\/100|[from] Recoil\n|move|p1b: Rillaboom|Grassy Glide|p2b: Ogerpon\n|-resisted|p2b: Ogerpon\n|-damage|p2b: Ogerpon|11\/100\n|\n|upkeep\n|turn|11\n|inactive|meesterkrebs has 30 seconds left.\n|inactive|JacK_RcC has 30 seconds left.\n|\n|t:|1700939633\n|move|p2a: Tornadus|Bleakwind Storm|p1a: Arcanine|[spread] p1a,p1b\n|-supereffective|p1b: Rillaboom\n|-damage|p1a: Arcanine|0 fnt\n|-damage|p1b: Rillaboom|0 fnt\n|faint|p1a: Arcanine\n|faint|p1b: Rillaboom\n|\n|win|JacK_RcC\n|raw|meesterkrebs's rating: 1161 &rarr; <strong>1137<\/strong><br \/>(-24 for losing)\n|raw|JacK_RcC's rating: 1171 &rarr; <strong>1195<\/strong><br \/>(+24 for winning)\n","uploadtime":1700939638,"views":6,"p1id":"meesterkrebs","p2id":"jackrcc","formatid":"gen9vgc2023regulatione","rating":1137,"private":0,"password":""}