{"id":"gen9vgc2023regulatione-2000352824","p1":"Froglock","p2":"willcr2000","format":"[Gen 9] VGC 2023 Regulation E","log":"|j|\u2606Froglock\n|j|\u2606willcr2000\n|t:|1701187563\n|gametype|doubles\n|player|p1|Froglock|aromalady|1120\n|player|p2|willcr2000|acetrainerf|1091\n|teamsize|p1|6\n|teamsize|p2|6\n|gen|9\n|tier|[Gen 9] VGC 2023 Regulation E\n|rated|\n|rule|Species Clause: Limit one of each Pok\u00e9mon\n|rule|Item Clause: Limit one of each item\n|clearpoke\n|poke|p1|Snorlax, L50, M|\n|poke|p1|Flutter Mane, L50|\n|poke|p1|Landorus-Therian, L50, M|\n|poke|p1|Tornadus, L50, M|\n|poke|p1|Indeedee-F, L50, F|\n|poke|p1|Regieleki, L50|\n|poke|p2|Tyranitar, L50, M|\n|poke|p2|Rillaboom, L50, M|\n|poke|p2|Flutter Mane, L50|\n|poke|p2|Tornadus, L50, M|\n|poke|p2|Ogerpon-Wellspring, L50, F|\n|poke|p2|Arcanine-Hisui, L50, M|\n|teampreview|4\n|inactive|Battle timer is ON: inactive players will automatically lose when time's up. (requested by willcr2000)\n|inactive|Froglock has 60 seconds left.\n|\n|t:|1701187627\n|start\n|switch|p1a: Landorus|Landorus-Therian, L50, M|100\/100\n|switch|p1b: Regieleki|Regieleki, L50|100\/100\n|switch|p2a: Tornadus|Tornadus, L50, M|100\/100\n|switch|p2b: Arcanine|Arcanine-Hisui, L50, M|100\/100\n|-ability|p1a: Landorus|Intimidate|boost\n|-unboost|p2a: Tornadus|atk|1\n|-unboost|p2b: Arcanine|atk|1\n|-ability|p2b: Arcanine|Intimidate|boost\n|-unboost|p1a: Landorus|atk|1\n|-unboost|p1b: Regieleki|atk|1\n|turn|1\n|\n|t:|1701187649\n|move|p2a: Tornadus|Tailwind|p2a: Tornadus\n|-sidestart|p2: willcr2000|move: Tailwind\n|move|p1b: Regieleki|Volt Switch|p2a: Tornadus\n|-supereffective|p2a: Tornadus\n|-damage|p2a: Tornadus|0 fnt\n|faint|p2a: Tornadus\n|-damage|p1b: Regieleki|91\/100|[from] item: Life Orb\n|\n|t:|1701187659\n|switch|p1b: Flutter Mane|Flutter Mane, L50|100\/100|[from] Volt Switch\n|move|p2b: Arcanine|Rock Slide|p1a: Landorus|[spread] p1a,p1b\n|-damage|p1a: Landorus|79\/100\n|-damage|p1b: Flutter Mane|64\/100\n|cant|p1a: Landorus|flinch\n|\n|upkeep\n|\n|t:|1701187666\n|switch|p2a: Tyranitar|Tyranitar, L50, M, shiny|100\/100\n|-weather|Sandstorm|[from] ability: Sand Stream|[of] p2a: Tyranitar\n|turn|2\n|inactive|Froglock has 30 seconds left.\n|inactive|Froglock has 20 seconds left.\n|\n|t:|1701187703\n|move|p2b: Arcanine|Rock Slide|p1a: Landorus|[spread] p1a\n|-miss|p2b: Arcanine|p1b: Flutter Mane\n|-damage|p1a: Landorus|58\/100\n|move|p1a: Landorus|Stomping Tantrum|p2b: Arcanine\n|-supereffective|p2b: Arcanine\n|-damage|p2b: Arcanine|0 fnt\n|faint|p2b: Arcanine\n|move|p1b: Flutter Mane|Moonblast|p2a: Tyranitar\n|-supereffective|p2a: Tyranitar\n|-damage|p2a: Tyranitar|37\/100\n|move|p2a: Tyranitar|Iron Head|p1b: Flutter Mane\n|-supereffective|p1b: Flutter Mane\n|-damage|p1b: Flutter Mane|0 fnt\n|faint|p1b: Flutter Mane\n|-end|p1b: Flutter Mane|Protosynthesis|[silent]\n|\n|-weather|Sandstorm|[upkeep]\n|upkeep\n|\n|t:|1701187717\n|switch|p1b: Regieleki|Regieleki, L50|91\/100\n|switch|p2b: Rillaboom|Rillaboom, L50, M|100\/100\n|-fieldstart|move: Grassy Terrain|[from] ability: Grassy Surge|[of] p2b: Rillaboom\n|turn|3\n|\n|t:|1701187737\n|switch|p1a: Indeedee|Indeedee-F, L50, F|100\/100\n|-fieldstart|move: Psychic Terrain|[from] ability: Psychic Surge|[of] p1a: Indeedee\n|move|p2b: Rillaboom|Fake Out|p1b: Regieleki\n|-activate|p1b: Regieleki|move: Psychic Terrain\n|move|p1b: Regieleki|Electroweb|p2a: Tyranitar|[spread] p2a,p2b\n|-resisted|p2b: Rillaboom\n|-damage|p2a: Tyranitar|26\/100\n|-damage|p2b: Rillaboom|82\/100\n|-unboost|p2a: Tyranitar|spe|1\n|-unboost|p2b: Rillaboom|spe|1\n|-damage|p1b: Regieleki|81\/100|[from] item: Life Orb\n|move|p2a: Tyranitar|Rock Slide|p1b: Regieleki|[spread] p1b\n|-miss|p2a: Tyranitar|p1a: Indeedee\n|-damage|p1b: Regieleki|27\/100\n|\n|-weather|Sandstorm|[upkeep]\n|-damage|p1b: Regieleki|21\/100|[from] Sandstorm\n|-damage|p1a: Indeedee|94\/100|[from] Sandstorm\n|-damage|p2b: Rillaboom|76\/100|[from] Sandstorm\n|-heal|p2b: Rillaboom|82\/100|[from] item: Leftovers\n|upkeep\n|turn|4\n|l|\u2606Froglock\n|inactive|Froglock disconnected and has a minute to reconnect!\n|player|p1|\n|inactive|Froglock has 30 seconds left.\n|inactive|willcr2000 has 30 seconds left.\n|inactive|Froglock has 20 seconds left.\n|inactive|Froglock has 15 seconds left.\n|j|\u2606Froglock\n|inactive|Froglock reconnected and has 15 seconds left.\n|player|p1|Froglock|aromalady\n|inactive|Froglock has 10 seconds left.\n|\n|t:|1701187786\n|move|p1b: Regieleki|Electroweb|p2b: Rillaboom|[spread] p2a\n|-miss|p1b: Regieleki|p2b: Rillaboom\n|-damage|p2a: Tyranitar|14\/100\n|-unboost|p2a: Tyranitar|spe|1\n|-damage|p1b: Regieleki|11\/100|[from] item: Life Orb\n|move|p1a: Indeedee|Hyper Voice|p2a: Tyranitar|[spread] p2a,p2b\n|-resisted|p2a: Tyranitar\n|-damage|p2a: Tyranitar|8\/100\n|-damage|p2b: Rillaboom|53\/100\n|-enditem|p1a: Indeedee|Throat Spray\n|-boost|p1a: Indeedee|spa|1|[from] item: Throat Spray\n|move|p2b: Rillaboom|Knock Off|p1b: Regieleki\n|-damage|p1b: Regieleki|0 fnt\n|-enditem|p1b: Regieleki|Life Orb|[from] move: Knock Off|[of] p2b: Rillaboom\n|faint|p1b: Regieleki\n|move|p2a: Tyranitar|Crunch|p1a: Indeedee\n|-supereffective|p1a: Indeedee\n|-damage|p1a: Indeedee|0 fnt\n|faint|p1a: Indeedee\n|\n|-weather|Sandstorm|[upkeep]\n|-damage|p2b: Rillaboom|47\/100|[from] Sandstorm\n|-heal|p2b: Rillaboom|53\/100|[from] item: Leftovers\n|-sideend|p2: willcr2000|move: Tailwind\n|upkeep\n|\n|t:|1701187800\n|switch|p1b: Landorus|Landorus-Therian, L50, M|58\/100\n|-ability|p1b: Landorus|Intimidate|boost\n|-unboost|p2a: Tyranitar|atk|1\n|-unboost|p2b: Rillaboom|atk|1\n|turn|5\n|inactive|willcr2000 has 30 seconds left.\n|\n|t:|1701187827\n|-terastallize|p1b: Landorus|Flying\n|move|p1b: Landorus|Tera Blast|p2b: Rillaboom|[anim] Tera Blast Flying\n|-supereffective|p2b: Rillaboom\n|-damage|p2b: Rillaboom|0 fnt\n|faint|p2b: Rillaboom\n|move|p2a: Tyranitar|Rock Slide|p1b: Landorus\n|-supereffective|p1b: Landorus\n|-damage|p1b: Landorus|0 fnt\n|faint|p1b: Landorus\n|\n|win|willcr2000\n|raw|Froglock's rating: 1120 &rarr; <strong>1093<\/strong><br \/>(-27 for losing)\n|raw|willcr2000's rating: 1091 &rarr; <strong>1120<\/strong><br \/>(+29 for winning)\n|c|\u2606willcr2000|gg\n","uploadtime":1701187847,"views":9,"p1id":"froglock","p2id":"willcr2000","formatid":"gen9vgc2023regulatione","rating":1093,"private":0,"password":""}