{"id":"gen9vgc2023regulatione-1999436928","p1":"omnomapuss","p2":"Air0404","format":"[Gen 9] VGC 2023 Regulation E","log":"|j|\u2606omnomapuss\n|j|\u2606Air0404\n|t:|1701080315\n|gametype|doubles\n|player|p1|omnomapuss|crasherwake|1284\n|player|p2|Air0404|dawn|1193\n|teamsize|p1|6\n|teamsize|p2|6\n|gen|9\n|tier|[Gen 9] VGC 2023 Regulation E\n|rated|\n|rule|Species Clause: Limit one of each Pok\u00e9mon\n|rule|Item Clause: Limit one of each item\n|clearpoke\n|poke|p1|Ogerpon-Hearthflame, L50, F|\n|poke|p1|Chien-Pao, L50|\n|poke|p1|Urshifu-*, L50, F|\n|poke|p1|Gholdengo, L50|\n|poke|p1|Rillaboom, L50, M|\n|poke|p1|Roaring Moon, L50|\n|poke|p2|Tornadus, L50, M|\n|poke|p2|Arcanine-Hisui, L50, F|\n|poke|p2|Urshifu-*, L50, M|\n|poke|p2|Flutter Mane, L50|\n|poke|p2|Iron Hands, L50|\n|poke|p2|Amoonguss, L50, M|\n|teampreview|4\n|\n|t:|1701080338\n|start\n|switch|p1a: Gholdengo|Gholdengo, L50|100\/100\n|switch|p1b: Rillaboom|Rillaboom, L50, M|100\/100\n|switch|p2a: Urshifu|Urshifu-Rapid-Strike, L50, M|100\/100\n|switch|p2b: Arcanine|Arcanine-Hisui, L50, F|100\/100\n|-ability|p2b: Arcanine|Intimidate|boost\n|-unboost|p1a: Gholdengo|atk|1\n|-unboost|p1b: Rillaboom|atk|1\n|-fieldstart|move: Grassy Terrain|[from] ability: Grassy Surge|[of] p1b: Rillaboom\n|turn|1\n|\n|t:|1701080367\n|-terastallize|p1a: Gholdengo|Steel\n|move|p1b: Rillaboom|Fake Out|p2b: Arcanine\n|-resisted|p2b: Arcanine\n|-damage|p2b: Arcanine|96\/100\n|move|p2a: Urshifu|U-turn|p1b: Rillaboom\n|-supereffective|p1b: Rillaboom\n|-damage|p1b: Rillaboom|47\/100\n|\n|t:|1701080378\n|switch|p2a: Amoonguss|Amoonguss, L50, M|100\/100|[from] U-turn\n|move|p1a: Gholdengo|Make It Rain|p2b: Arcanine|[spread] p2a,p2b\n|-damage|p2a: Amoonguss|12\/100\n|-damage|p2b: Arcanine|0 fnt\n|-unboost|p1a: Gholdengo|spa|1\n|faint|p2b: Arcanine\n|\n|-heal|p1b: Rillaboom|54\/100|[from] Grassy Terrain\n|-heal|p2a: Amoonguss|17\/100|[from] Grassy Terrain\n|upkeep\n|inactive|Battle timer is ON: inactive players will automatically lose when time's up. (requested by omnomapuss)\n|inactive|Air0404 has 60 seconds left.\n|inactive|Air0404 has 30 seconds left.\n|inactive|Air0404 has 20 seconds left.\n|inactive|Air0404 has 15 seconds left.\n|inactive|Air0404 has 10 seconds left.\n|inactive|Air0404 has 5 seconds left.\n|\n|t:|1701080527\n|switch|p2b: Iron Hands|Iron Hands, L50|100\/100\n|turn|2\n|inactive|Air0404 has 30 seconds left.\n|inactive|Air0404 has 20 seconds left.\n|inactive|Air0404 has 15 seconds left.\n|inactive|Air0404 has 10 seconds left.\n|inactive|Air0404 has 5 seconds left.\n|\n|t:|1701080582\n|move|p2b: Iron Hands|Fake Out|p1a: Gholdengo\n|-resisted|p1a: Gholdengo\n|-damage|p1a: Gholdengo|91\/100\n|cant|p1a: Gholdengo|flinch\n|move|p1b: Rillaboom|Wood Hammer|p2b: Iron Hands\n|-damage|p2b: Iron Hands|60\/100\n|-damage|p1b: Rillaboom|36\/100|[from] Recoil\n|move|p2a: Amoonguss|Pollen Puff|p1b: Rillaboom\n|-supereffective|p1b: Rillaboom\n|-damage|p1b: Rillaboom|6\/100\n|\n|-heal|p1a: Gholdengo|97\/100|[from] Grassy Terrain\n|-heal|p1b: Rillaboom|12\/100|[from] Grassy Terrain\n|-heal|p2b: Iron Hands|66\/100|[from] Grassy Terrain\n|-heal|p2a: Amoonguss|23\/100|[from] Grassy Terrain\n|upkeep\n|turn|3\n|inactive|Air0404 has 30 seconds left.\n|inactive|Air0404 has 20 seconds left.\n|inactive|Air0404 has 15 seconds left.\n|inactive|Air0404 has 10 seconds left.\n|inactive|Air0404 has 5 seconds left.\n|\n|t:|1701080637\n|move|p2b: Iron Hands|Fake Out||[still]\n|-hint|Fake Out only works on your first turn out.\n|-fail|p2b: Iron Hands\n|move|p1a: Gholdengo|Make It Rain|p2a: Amoonguss|[spread] p2a,p2b\n|-resisted|p2b: Iron Hands\n|-damage|p2a: Amoonguss|0 fnt\n|-damage|p2b: Iron Hands|49\/100\n|-unboost|p1a: Gholdengo|spa|1\n|faint|p2a: Amoonguss\n|move|p1b: Rillaboom|U-turn|p2b: Iron Hands\n|-resisted|p2b: Iron Hands\n|-damage|p2b: Iron Hands|43\/100\n|\n|t:|1701080647\n|switch|p1b: Ogerpon|Ogerpon-Hearthflame, L50, F|100\/100|[from] U-turn\n|-ability|p1b: Ogerpon|Mold Breaker\n|\n|-heal|p1a: Gholdengo|100\/100|[from] Grassy Terrain\n|-heal|p2b: Iron Hands|49\/100|[from] Grassy Terrain\n|upkeep\n|n|!omnomapuss|omnomapuss\n|inactive|Air0404 has 30 seconds left.\n|inactive|Air0404 has 20 seconds left.\n|inactive|Air0404 has 15 seconds left.\n|inactive|Air0404 has 10 seconds left.\n|inactive|Air0404 has 5 seconds left.\n|\n|t:|1701080702\n|switch|p2a: Urshifu|Urshifu-Rapid-Strike, L50, M|100\/100\n|turn|4\n|inactive|Air0404 has 30 seconds left.\n|inactive|Air0404 has 20 seconds left.\n|inactive|Air0404 has 15 seconds left.\n|inactive|Air0404 has 10 seconds left.\n|inactive|Air0404 has 5 seconds left.\n|\n|t:|1701080757\n|switch|p1a: Rillaboom|Rillaboom, L50, M|12\/100\n|move|p2b: Iron Hands|Fake Out||[still]\n|-hint|Fake Out only works on your first turn out.\n|-fail|p2b: Iron Hands\n|move|p1b: Ogerpon|Grassy Glide|p2a: Urshifu\n|-supereffective|p2a: Urshifu\n|-damage|p2a: Urshifu|11\/100\n|move|p2a: Urshifu|Surging Strikes|p1a: Rillaboom\n|-resisted|p1a: Rillaboom\n|-crit|p1a: Rillaboom\n|-damage|p1a: Rillaboom|2\/100\n|-resisted|p1a: Rillaboom\n|-crit|p1a: Rillaboom\n|-damage|p1a: Rillaboom|0 fnt\n|faint|p1a: Rillaboom\n|-hitcount|p1: Rillaboom|2\n|\n|-heal|p2a: Urshifu|17\/100|[from] Grassy Terrain\n|-heal|p2b: Iron Hands|55\/100|[from] Grassy Terrain\n|upkeep\n|\n|t:|1701080766\n|switch|p1a: Roaring Moon|Roaring Moon, L50|100\/100\n|-enditem|p1a: Roaring Moon|Booster Energy\n|-activate|p1a: Roaring Moon|ability: Protosynthesis|[fromitem]\n|-start|p1a: Roaring Moon|protosynthesisatk\n|turn|5\n|inactive|Air0404 has 30 seconds left.\n|inactive|Air0404 has 20 seconds left.\n|inactive|Air0404 has 15 seconds left.\n|inactive|Air0404 has 10 seconds left.\n|inactive|Air0404 has 5 seconds left.\n|\n|t:|1701080821\n|move|p2b: Iron Hands|Fake Out||[still]\n|-hint|Fake Out only works on your first turn out.\n|-fail|p2b: Iron Hands\n|move|p1b: Ogerpon|Grassy Glide|p2a: Urshifu\n|-supereffective|p2a: Urshifu\n|-damage|p2a: Urshifu|0 fnt\n|faint|p2a: Urshifu\n|move|p1a: Roaring Moon|Acrobatics|p2b: Iron Hands\n|-damage|p2b: Iron Hands|19\/100\n|\n|-heal|p2b: Iron Hands|25\/100|[from] Grassy Terrain\n|-fieldend|move: Grassy Terrain\n|upkeep\n|turn|6\n|inactive|Air0404 has 30 seconds left.\n|inactive|Air0404 has 20 seconds left.\n|inactive|Air0404 has 15 seconds left.\n|l|\u2606Air0404\n|inactive|Air0404 disconnected and has a minute to reconnect!\n|player|p2|\n|inactive|Air0404 has 10 seconds left.\n|inactive|Air0404 has 5 seconds left.\n|-message|Air0404 lost due to inactivity.\n|\n|win|omnomapuss\n|raw|omnomapuss's rating: 1284 &rarr; <strong>1301<\/strong><br \/>(+17 for winning)\n|raw|Air0404's rating: 1163 &rarr; <strong>1146<\/strong><br \/>(-17 for losing)\n","uploadtime":1701080652,"views":4,"p1id":"omnomapuss","p2id":"air0404","formatid":"gen9vgc2023regulatione","rating":1146,"private":0,"password":""}