{"id":"gen9vgc2023regulatione-1996168857","p1":"fragment008","p2":"Dino2323","format":"[Gen 9] VGC 2023 Regulation E","log":"|j|\u2606fragment008\n|j|\u2606Dino2323\n|n|\u2606fragment008|fragment008\n|n|\u2606Dino2323|dino2323\n|html|View the match progress at <a href=\"\/game-bestof3-gen9vgc2023regulatione-1996168856\">game-bestof3-gen9vgc2023regulatione-1996168856<\/a>\n|t:|1700654291\n|gametype|doubles\n|player|p1|fragment008|266|\n|player|p2|Dino2323|169|\n|teamsize|p1|6\n|teamsize|p2|6\n|gen|9\n|tier|[Gen 9] VGC 2023 Regulation E\n|rule|Species Clause: Limit one of each Pok\u00e9mon\n|rule|Item Clause: Limit one of each item\n|clearpoke\n|poke|p1|Ogerpon-Wellspring, L50, F|\n|poke|p1|Regieleki, L50|\n|poke|p1|Indeedee-F, L50, F|\n|poke|p1|Tornadus, L50, M|\n|poke|p1|Chi-Yu, L50|\n|poke|p1|Flutter Mane, L50|\n|poke|p2|Glimmora, L50, F|\n|poke|p2|Gholdengo, L50|\n|poke|p2|Ogerpon-Wellspring, L50, F|\n|poke|p2|Iron Hands, L50|\n|poke|p2|Dondozo, L50, M|\n|poke|p2|Tatsugiri, L50, M|\n|teampreview|4\nDino2323 has agreed to open team sheets.\nfragment008 has agreed to open team sheets.\n|showteam|p1|Ogerpon-Wellspring||WellspringMask|WaterAbsorb|IvyCudgel,HornLeech,SwordsDance,SpikyShield|||F|||50|,,,,,Water]Regieleki||Magnet|Transistor|Thunderbolt,Electroweb,TeraBlast,Protect||||||50|,,,,,Ice]Indeedee-F||PsychicSeed|PsychicSurge|Psychic,FollowMe,HelpingHand,Protect|||F|||50|,,,,,Dragon]Tornadus||SafetyGoggles|Prankster|Tailwind,BleakwindStorm,RainDance,Protect|||M|||50|,,,,,Dark]Chi-Yu||LifeOrb|BeadsofRuin|HeatWave,Overheat,Snarl,Protect||||||50|,,,,,Fire]Flutter Mane||FocusSash|Protosynthesis|Moonblast,ShadowBall,DazzlingGleam,Protect||||||50|,,,,,Fairy\n|showteam|p2|Glimmora||FocusSash|ToxicDebris|PowerGem,SludgeBomb,EarthPower,SpikyShield|||F|||50|,,,,,Grass]Gholdengo||Leftovers|GoodasGold|MakeItRain,ShadowBall,NastyPlot,Protect||||||50|,,,,,Steel]Ogerpon-Wellspring||WellspringMask|WaterAbsorb|IvyCudgel,PowerWhip,FollowMe,SpikyShield|||F|||50|,,,,,Water]Iron Hands||AssaultVest|QuarkDrive|WildCharge,DrainPunch,HeavySlam,FakeOut||||||50|,,,,,Grass]Dondozo||ClearAmulet|Unaware|WaveCrash,Earthquake,OrderUp,Protect|||M|||50|,,,,,Dragon]Tatsugiri||ChoiceScarf|Commander|MuddyWater,IcyWind,DracoMeteor,TeraBlast|||M|||50|,,,,,Dragon\n|\n|t:|1700654352\n|start\n|switch|p1a: Regieleki|Regieleki, L50|100\/100\n|switch|p1b: Indeedee|Indeedee-F, L50, F|100\/100\n|switch|p2a: Glimmora|Glimmora, L50, F, shiny|100\/100\n|switch|p2b: Iron Hands|Iron Hands, L50|100\/100\n|-fieldstart|move: Psychic Terrain|[from] ability: Psychic Surge|[of] p1b: Indeedee\n|-enditem|p1b: Indeedee|Psychic Seed\n|-boost|p1b: Indeedee|spd|1|[from] item: Psychic Seed\n|turn|1\n|\n|t:|1700654407\n|move|p1a: Regieleki|Electroweb|p2b: Iron Hands|[spread] p2a,p2b\n|-resisted|p2b: Iron Hands\n|-damage|p2a: Glimmora|67\/100\n|-damage|p2b: Iron Hands|94\/100\n|-unboost|p2a: Glimmora|spe|1\n|-unboost|p2b: Iron Hands|spe|1\n|move|p1b: Indeedee|Psychic|p2b: Iron Hands\n|-supereffective|p2b: Iron Hands\n|-damage|p2b: Iron Hands|54\/100\n|move|p2a: Glimmora|Earth Power|p1a: Regieleki\n|-supereffective|p1a: Regieleki\n|-damage|p1a: Regieleki|0 fnt\n|faint|p1a: Regieleki\n|move|p2b: Iron Hands|Drain Punch|p1b: Indeedee\n|-damage|p1b: Indeedee|56\/100\n|-heal|p2b: Iron Hands|70\/100|[from] drain|[of] p1b: Indeedee\n|\n|upkeep\n|\n|t:|1700654425\n|switch|p1a: Flutter Mane|Flutter Mane, L50|100\/100\n|turn|2\n|\n|t:|1700654440\n|-end|p2b: Iron Hands|Quark Drive|[silent]\n|switch|p2b: Dondozo|Dondozo, L50, M|100\/100\n|-terastallize|p1a: Flutter Mane|Fairy\n|move|p1b: Indeedee|Helping Hand|p1a: Flutter Mane\n|-singleturn|p1a: Flutter Mane|Helping Hand|[of] p1b: Indeedee\n|move|p1a: Flutter Mane|Moonblast|p2b: Dondozo\n|-damage|p2b: Dondozo|0 fnt\n|faint|p2b: Dondozo\n|move|p2a: Glimmora|Sludge Bomb|p1a: Flutter Mane\n|-supereffective|p1a: Flutter Mane\n|-enditem|p1a: Flutter Mane|Focus Sash\n|-damage|p1a: Flutter Mane|1\/100\n|-status|p1a: Flutter Mane|psn\n|\n|-damage|p1a: Flutter Mane|0 fnt|[from] psn\n|faint|p1a: Flutter Mane\n|-end|p1a: Flutter Mane|Protosynthesis|[silent]\n|upkeep\n|\n|t:|1700654459\n|switch|p1a: Ogerpon|Ogerpon-Wellspring, L50, F|100\/100\n|switch|p2b: Tatsugiri|Tatsugiri, L50, M|100\/100\n|turn|3\n|\n|t:|1700654471\n|move|p2a: Glimmora|Spiky Shield|p2a: Glimmora\n|-singleturn|p2a: Glimmora|move: Protect\n|move|p1b: Indeedee|Follow Me|p1b: Indeedee\n|-singleturn|p1b: Indeedee|move: Follow Me\n|move|p2b: Tatsugiri|Icy Wind|p1b: Indeedee|[spread] p1a,p1b\n|-damage|p1a: Ogerpon|84\/100\n|-damage|p1b: Indeedee|47\/100\n|-unboost|p1a: Ogerpon|spe|1\n|-unboost|p1b: Indeedee|spe|1\n|move|p1a: Ogerpon|Swords Dance|p1a: Ogerpon\n|-boost|p1a: Ogerpon|atk|2\n|\n|upkeep\n|turn|4\n|\n|t:|1700654494\n|move|p1b: Indeedee|Helping Hand|p1a: Ogerpon\n|-singleturn|p1a: Ogerpon|Helping Hand|[of] p1b: Indeedee\n|move|p2b: Tatsugiri|Icy Wind|p1a: Ogerpon|[spread] p1a,p1b\n|-damage|p1a: Ogerpon|69\/100\n|-damage|p1b: Indeedee|38\/100\n|-unboost|p1a: Ogerpon|spe|1\n|-unboost|p1b: Indeedee|spe|1\n|move|p2a: Glimmora|Sludge Bomb|p1a: Ogerpon\n|-supereffective|p1a: Ogerpon\n|-damage|p1a: Ogerpon|0 fnt\n|faint|p1a: Ogerpon\n|\n|upkeep\n|turn|5\n|\n|t:|1700654509\n|move|p2b: Tatsugiri|Icy Wind|p1b: Indeedee\n|-damage|p1b: Indeedee|26\/100\n|-unboost|p1b: Indeedee|spe|1\n|move|p2a: Glimmora|Sludge Bomb|p1b: Indeedee\n|-damage|p1b: Indeedee|0 fnt\n|faint|p1b: Indeedee\n|\n|win|Dino2323\n|c|&|\/uhtml prompt-fragment008,fragment008 is ready for game 2!\n","uploadtime":1700654520,"views":5,"p1id":"fragment008","p2id":"dino2323","formatid":"gen9vgc2023regulatione","rating":0,"private":0,"password":""}