{"id":"gen9vgc2023regulatione-1998190490","p1":"CharlienoB","p2":"baggtz","format":"[Gen 9] VGC 2023 Regulation E","log":"|j|\u2606CharlienoB\n|j|\u2606baggtz\n|t:|1700909537\n|gametype|doubles\n|player|p1|CharlienoB|2|1196\n|player|p2|baggtz|plasmagruntf-gen5bw|1178\n|teamsize|p1|6\n|teamsize|p2|6\n|gen|9\n|tier|[Gen 9] VGC 2023 Regulation E\n|rated|\n|rule|Species Clause: Limit one of each Pok\u00e9mon\n|rule|Item Clause: Limit one of each item\n|clearpoke\n|poke|p1|Hippowdon, L50, F|\n|poke|p1|Arcanine-Hisui, L50, M|\n|poke|p1|Gastrodon, L50, M|\n|poke|p1|Amoonguss, L50, F|\n|poke|p1|Scizor, L50, F|\n|poke|p1|Gholdengo, L50|\n|poke|p2|Murkrow, L50, F|\n|poke|p2|Iron Hands, L50|\n|poke|p2|Arcanine-Hisui, L50, F|\n|poke|p2|Gholdengo, L50|\n|poke|p2|Urshifu-*, L50, M|\n|poke|p2|Rillaboom, L50, M|\n|teampreview|4\n|\n|t:|1700909555\n|start\n|switch|p1a: Amoonguss|Amoonguss, L50, F|100\/100\n|switch|p1b: Gholdengo|Gholdengo, L50|100\/100\n|switch|p2a: Murkrow|Murkrow, L50, F|100\/100\n|switch|p2b: Arcanine|Arcanine-Hisui, L50, F|100\/100\n|-ability|p2b: Arcanine|Intimidate|boost\n|-unboost|p1a: Amoonguss|atk|1\n|-unboost|p1b: Gholdengo|atk|1\n|turn|1\n|\n|t:|1700909579\n|switch|p2b: Rillaboom|Rillaboom, L50, M|100\/100\n|-fieldstart|move: Grassy Terrain|[from] ability: Grassy Surge|[of] p2b: Rillaboom\n|switch|p1a: Hippowdon|Hippowdon, L50, F|100\/100\n|-weather|Sandstorm|[from] ability: Sand Stream|[of] p1a: Hippowdon\n|-terastallize|p1b: Gholdengo|Dragon\n|move|p2a: Murkrow|Tailwind|p2a: Murkrow\n|-sidestart|p2: baggtz|move: Tailwind\n|move|p1b: Gholdengo|Nasty Plot|p1b: Gholdengo\n|-boost|p1b: Gholdengo|spa|2\n|\n|-weather|Sandstorm|[upkeep]\n|-damage|p2b: Rillaboom|94\/100|[from] Sandstorm\n|-damage|p2a: Murkrow|94\/100|[from] Sandstorm\n|-damage|p1b: Gholdengo|94\/100|[from] Sandstorm\n|-heal|p2b: Rillaboom|100\/100|[from] Grassy Terrain\n|-heal|p1b: Gholdengo|100\/100|[from] Grassy Terrain\n|upkeep\n|turn|2\n|\n|t:|1700909611\n|switch|p2a: Gholdengo|Gholdengo, L50|100\/100\n|move|p1b: Gholdengo|Protect|p1b: Gholdengo\n|-singleturn|p1b: Gholdengo|Protect\n|move|p2b: Rillaboom|Fake Out|p1b: Gholdengo\n|-activate|p1b: Gholdengo|move: Protect\n|move|p1a: Hippowdon|Substitute|p1a: Hippowdon\n|-start|p1a: Hippowdon|Substitute\n|-damage|p1a: Hippowdon|76\/100\n|\n|-weather|Sandstorm|[upkeep]\n|-damage|p2b: Rillaboom|94\/100|[from] Sandstorm\n|-damage|p1b: Gholdengo|94\/100|[from] Sandstorm\n|-heal|p2b: Rillaboom|100\/100|[from] Grassy Terrain\n|-heal|p1b: Gholdengo|100\/100|[from] Grassy Terrain\n|-heal|p1a: Hippowdon|82\/100|[from] Grassy Terrain\n|-heal|p1a: Hippowdon|88\/100|[from] item: Leftovers\n|upkeep\n|turn|3\n|inactive|Battle timer is ON: inactive players will automatically lose when time's up. (requested by CharlienoB)\n|\n|t:|1700909648\n|move|p2b: Rillaboom|Protect|p2b: Rillaboom\n|-singleturn|p2b: Rillaboom|Protect\n|move|p1a: Hippowdon|Protect|p1a: Hippowdon\n|-singleturn|p1a: Hippowdon|Protect\n|move|p2a: Gholdengo|Nasty Plot|p2a: Gholdengo\n|-boost|p2a: Gholdengo|spa|2\n|move|p1b: Gholdengo|Make It Rain|p2b: Rillaboom|[spread] p2a\n|-activate|p2b: Rillaboom|move: Protect\n|-resisted|p2a: Gholdengo\n|-damage|p2a: Gholdengo|44\/100\n|-unboost|p1b: Gholdengo|spa|1\n|-damage|p1b: Gholdengo|91\/100|[from] item: Life Orb\n|\n|-weather|Sandstorm|[upkeep]\n|-damage|p2b: Rillaboom|94\/100|[from] Sandstorm\n|-damage|p1b: Gholdengo|84\/100|[from] Sandstorm\n|-heal|p2a: Gholdengo|50\/100|[from] Grassy Terrain\n|-heal|p2a: Gholdengo|56\/100|[from] item: Leftovers\n|-heal|p2b: Rillaboom|100\/100|[from] Grassy Terrain\n|-heal|p1b: Gholdengo|91\/100|[from] Grassy Terrain\n|-heal|p1a: Hippowdon|94\/100|[from] Grassy Terrain\n|-heal|p1a: Hippowdon|100\/100|[from] item: Leftovers\n|upkeep\n|turn|4\n|inactive|baggtz has 30 seconds left.\n|inactive|baggtz has 20 seconds left.\n|inactive|baggtz has 15 seconds left.\n|\n|t:|1700909692\n|-terastallize|p2a: Gholdengo|Dragon\n|move|p1b: Gholdengo|Protect|p1b: Gholdengo\n|-singleturn|p1b: Gholdengo|Protect\n|move|p2a: Gholdengo|Shadow Ball|p1b: Gholdengo\n|-activate|p1b: Gholdengo|move: Protect\n|move|p2b: Rillaboom|Wood Hammer|p1b: Gholdengo\n|-activate|p1b: Gholdengo|move: Protect\n|move|p1a: Hippowdon|Earthquake|p2b: Rillaboom|[spread] p2a,p2b\n|-activate|p1b: Gholdengo|move: Protect\n|-resisted|p2b: Rillaboom\n|-damage|p2a: Gholdengo|42\/100\n|-damage|p2b: Rillaboom|92\/100\n|\n|-weather|Sandstorm|[upkeep]\n|-damage|p2a: Gholdengo|36\/100|[from] Sandstorm\n|-damage|p2b: Rillaboom|86\/100|[from] Sandstorm\n|-damage|p1b: Gholdengo|84\/100|[from] Sandstorm\n|-heal|p2a: Gholdengo|42\/100|[from] Grassy Terrain\n|-heal|p2a: Gholdengo|49\/100|[from] item: Leftovers\n|-heal|p2b: Rillaboom|92\/100|[from] Grassy Terrain\n|-heal|p1b: Gholdengo|91\/100|[from] Grassy Terrain\n|-sideend|p2: baggtz|move: Tailwind\n|upkeep\n|turn|5\n|inactive|baggtz has 30 seconds left.\n|\n|t:|1700909726\n|move|p1a: Hippowdon|Protect|p1a: Hippowdon\n|-singleturn|p1a: Hippowdon|Protect\n|move|p1b: Gholdengo|Make It Rain|p2b: Rillaboom|[spread] p2a,p2b\n|-damage|p2a: Gholdengo|0 fnt\n|-damage|p2b: Rillaboom|0 fnt\n|-unboost|p1b: Gholdengo|spa|1\n|faint|p2a: Gholdengo\n|faint|p2b: Rillaboom\n|-damage|p1b: Gholdengo|81\/100|[from] item: Life Orb\n|\n|-weather|none\n|-heal|p1b: Gholdengo|87\/100|[from] Grassy Terrain\n|-fieldend|move: Grassy Terrain\n|upkeep\n|-message|baggtz forfeited.\n|\n|win|CharlienoB\n|raw|CharlienoB's rating: 1196 &rarr; <strong>1220<\/strong><br \/>(+24 for winning)\n|raw|baggtz's rating: 1178 &rarr; <strong>1154<\/strong><br \/>(-24 for losing)\n|l|\u2606baggtz\n","uploadtime":1700909751,"views":15,"p1id":"charlienob","p2id":"baggtz","formatid":"gen9vgc2023regulatione","rating":1154,"private":0,"password":""}