{"id":"gen9vgc2023regulatione-1997972809","p1":"lost oblitus","p2":"CloudlessZeus6","format":"[Gen 9] VGC 2023 Regulation E","log":"|j|\u2606lost oblitus\n|j|\u2606CloudlessZeus6\n|t:|1700873938\n|gametype|doubles\n|player|p1|lost oblitus|supernerd|1109\n|player|p2|CloudlessZeus6|fisherman-gen4|1098\n|teamsize|p1|6\n|teamsize|p2|5\n|gen|9\n|tier|[Gen 9] VGC 2023 Regulation E\n|rated|\n|rule|Species Clause: Limit one of each Pok\u00e9mon\n|rule|Item Clause: Limit one of each item\n|clearpoke\n|poke|p1|Orthworm, L50, F|\n|poke|p1|Medicham, L50, F|\n|poke|p1|Oinkologne-F, L50, F|\n|poke|p1|Farigiraf, L50, M|\n|poke|p1|Magcargo, L50, M|\n|poke|p1|Lampent, L50, M|\n|poke|p2|Ceruledge, L50, M|\n|poke|p2|Chien-Pao, L50|\n|poke|p2|Ogerpon-Wellspring, L50, F|\n|poke|p2|Regieleki, L50|\n|poke|p2|Flutter Mane, L50|\n|teampreview|4\n|inactive|Battle timer is ON: inactive players will automatically lose when time's up. (requested by CloudlessZeus6)\n|\n|t:|1700873992\n|start\n|switch|p1a: Medicham|Medicham, L50, F|100\/100\n|switch|p1b: Orthworm|Orthworm, L50, F|100\/100\n|switch|p2a: Ceruledge|Ceruledge, L50, M|100\/100\n|switch|p2b: Flutter Mane|Flutter Mane, L50|100\/100\n|-enditem|p2b: Flutter Mane|Booster Energy\n|-activate|p2b: Flutter Mane|ability: Protosynthesis|[fromitem]\n|-start|p2b: Flutter Mane|protosynthesisspe\n|turn|1\n|\n|t:|1700874013\n|move|p1b: Orthworm|Protect|p1b: Orthworm\n|-singleturn|p1b: Orthworm|Protect\n|move|p2b: Flutter Mane|Imprison|p2b: Flutter Mane\n|-start|p2b: Flutter Mane|move: Imprison\n|move|p2a: Ceruledge|Bitter Blade|p1b: Orthworm\n|-activate|p1b: Orthworm|move: Protect\n|cant|p1a: Medicham|move: Imprison|Trick Room\n|\n|upkeep\n|turn|2\n|inactive|lost oblitus has 30 seconds left.\n|\n|t:|1700874040\n|move|p2b: Flutter Mane|Dazzling Gleam|p1a: Medicham|[spread] p1a,p1b\n|-supereffective|p1a: Medicham\n|-resisted|p1b: Orthworm\n|-damage|p1a: Medicham|29\/100\n|-damage|p1b: Orthworm|84\/100\n|move|p2a: Ceruledge|Swords Dance|p2a: Ceruledge\n|-boost|p2a: Ceruledge|atk|2\n|move|p1b: Orthworm|Iron Head|p2b: Flutter Mane\n|-supereffective|p2b: Flutter Mane\n|-damage|p2b: Flutter Mane|0 fnt\n|faint|p2b: Flutter Mane\n|-end|p2b: Flutter Mane|Protosynthesis|[silent]\n|move|p1a: Medicham|Skill Swap|p1b: Orthworm\n|-activate|p1a: Medicham|move: Skill Swap|||[of] p1b: Orthworm\n|\n|upkeep\n|\n|t:|1700874061\n|switch|p2b: Ogerpon|Ogerpon-Wellspring, L50, F|100\/100\n|turn|3\n|\n|t:|1700874078\n|-terastallize|p1b: Orthworm|Ground\n|move|p2b: Ogerpon|Ivy Cudgel|p1a: Medicham|[anim] Ivy Cudgel Water\n|-damage|p1a: Medicham|0 fnt\n|faint|p1a: Medicham\n|move|p2a: Ceruledge|Bitter Blade|p1b: Orthworm\n|-damage|p1b: Orthworm|29\/100\n|move|p1b: Orthworm|Earthquake|p2a: Ceruledge|[spread] p2a,p2b\n|-supereffective|p2a: Ceruledge\n|-resisted|p2b: Ogerpon\n|-damage|p2a: Ceruledge|0 fnt\n|-damage|p2b: Ogerpon|73\/100\n|faint|p2a: Ceruledge\n|\n|upkeep\n|\n|t:|1700874089\n|switch|p2a: Chien-Pao|Chien-Pao, L50|100\/100\n|switch|p1a: Farigiraf|Farigiraf, L50, M|100\/100\n|-ability|p2a: Chien-Pao|Sword of Ruin\n|turn|4\n|\n|t:|1700874109\n|move|p2a: Chien-Pao|Icicle Crash|p1b: Orthworm\n|-supereffective|p1b: Orthworm\n|-damage|p1b: Orthworm|0 fnt\n|faint|p1b: Orthworm\n|move|p2b: Ogerpon|Ivy Cudgel|p1a: Farigiraf|[anim] Ivy Cudgel Water\n|-damage|p1a: Farigiraf|33\/100\n|move|p1a: Farigiraf|Trick Room|p1a: Farigiraf\n|-fieldstart|move: Trick Room|[of] p1a: Farigiraf\n|\n|upkeep\n|\n|t:|1700874117\n|switch|p1b: Magcargo|Magcargo, L50, M|100\/100\n|turn|5\n|\n|t:|1700874132\n|-terastallize|p2a: Chien-Pao|Dark\n|move|p2b: Ogerpon|Spiky Shield|p2b: Ogerpon\n|-singleturn|p2b: Ogerpon|move: Protect\n|move|p1b: Magcargo|Power Gem|p2a: Chien-Pao\n|-damage|p2a: Chien-Pao|60\/100\n|move|p1a: Farigiraf|Hyper Voice|p2b: Ogerpon|[spread] p2a\n|-activate|p2b: Ogerpon|move: Protect\n|-damage|p2a: Chien-Pao|15\/100\n|-enditem|p1a: Farigiraf|Throat Spray\n|-boost|p1a: Farigiraf|spa|1|[from] item: Throat Spray\n|move|p2a: Chien-Pao|Icicle Crash|p1a: Farigiraf\n|-damage|p1a: Farigiraf|0 fnt\n|faint|p1a: Farigiraf\n|\n|upkeep\n|turn|6\n|\n|t:|1700874150\n|move|p2a: Chien-Pao|Protect|p2a: Chien-Pao\n|-singleturn|p2a: Chien-Pao|Protect\n|move|p1b: Magcargo|Power Gem|p2b: Ogerpon\n|-damage|p2b: Ogerpon|42\/100\n|move|p2b: Ogerpon|Ivy Cudgel|p1b: Magcargo|[anim] Ivy Cudgel Water\n|-supereffective|p1b: Magcargo\n|-damage|p1b: Magcargo|0 fnt\n|faint|p1b: Magcargo\n|\n|win|CloudlessZeus6\n|raw|lost oblitus's rating: 1109 &rarr; <strong>1083<\/strong><br \/>(-26 for losing)\n|raw|CloudlessZeus6's rating: 1098 &rarr; <strong>1124<\/strong><br \/>(+26 for winning)\n|l|\u2606lost oblitus\n","uploadtime":1700874160,"views":7,"p1id":"lostoblitus","p2id":"cloudlesszeus6","formatid":"gen9vgc2023regulatione","rating":1083,"private":0,"password":""}