{"id":"gen9vgc2023regulatione-1994101888","p1":"cheech.solos","p2":"Daehkcarc420","format":"[Gen 9] VGC 2023 Regulation E","log":"|j|\u2606cheech.solos\n|j|\u2606Daehkcarc420\n|t:|1700407043\n|gametype|doubles\n|player|p1|cheech.solos|ethan|1072\n|player|p2|Daehkcarc420|102|1151\n|teamsize|p1|6\n|teamsize|p2|6\n|gen|9\n|tier|[Gen 9] VGC 2023 Regulation E\n|rated|\n|rule|Species Clause: Limit one of each Pok\u00e9mon\n|rule|Item Clause: Limit one of each item\n|clearpoke\n|poke|p1|Ninetales-Alola, L50, M|\n|poke|p1|Baxcalibur, L50, M|\n|poke|p1|Chi-Yu, L50|\n|poke|p1|Ogerpon-Wellspring, L50, F|\n|poke|p1|Tornadus, L50, M|\n|poke|p1|Iron Hands, L50|\n|poke|p2|Lurantis, L50, F|\n|poke|p2|Goodra-Hisui, L50, M|\n|poke|p2|Armarouge, L50, F|\n|poke|p2|Indeedee-F, L50, F|\n|poke|p2|Sinistcha, L50|\n|poke|p2|Dusclops, L50, F|\n|teampreview|4\n|inactive|Battle timer is ON: inactive players will automatically lose when time's up. (requested by Daehkcarc420)\n|inactive|cheech.solos has 60 seconds left.\n|\n|t:|1700407093\n|start\n|switch|p1a: Ogerpon|Ogerpon-Wellspring, L50, F|100\/100\n|switch|p1b: Chi-Yu|Chi-Yu, L50|100\/100\n|switch|p2a: Armarouge|Armarouge, L50, F|100\/100\n|switch|p2b: Indeedee|Indeedee-F, L50, F|100\/100\n|-ability|p1b: Chi-Yu|Beads of Ruin\n|-fieldstart|move: Psychic Terrain|[from] ability: Psychic Surge|[of] p2b: Indeedee\n|turn|1\n|inactive|Daehkcarc420 has 30 seconds left.\n|\n|t:|1700407120\n|-terastallize|p1a: Ogerpon|Water\n|detailschange|p1a: Ogerpon|Ogerpon-Wellspring-Tera, L50, F, tera:Water\n|-ability|p1a: Ogerpon|Embody Aspect (Wellspring)|boost\n|-boost|p1a: Ogerpon|spd|1\n|move|p2b: Indeedee|Follow Me|p2b: Indeedee\n|-singleturn|p2b: Indeedee|move: Follow Me\n|move|p1b: Chi-Yu|Heat Wave|p2b: Indeedee|[spread] p2b\n|-start|p2a: Armarouge|ability: Flash Fire\n|-damage|p2b: Indeedee|46\/100\n|move|p1a: Ogerpon|Ivy Cudgel|p2b: Indeedee|[anim] Ivy Cudgel Water\n|-damage|p2b: Indeedee|0 fnt\n|faint|p2b: Indeedee\n|move|p2a: Armarouge|Trick Room|p2a: Armarouge\n|-fieldstart|move: Trick Room|[of] p2a: Armarouge\n|\n|upkeep\n|\n|t:|1700407132\n|switch|p2b: Lurantis|Lurantis, L50, F|100\/100\n|turn|2\n|\n|t:|1700407144\n|switch|p1b: Baxcalibur|Baxcalibur, L50, M|100\/100\n|move|p1a: Ogerpon|Spiky Shield|p1a: Ogerpon\n|-singleturn|p1a: Ogerpon|move: Protect\n|move|p2b: Lurantis|Superpower|p1b: Baxcalibur\n|-supereffective|p1b: Baxcalibur\n|-damage|p1b: Baxcalibur|21\/100\n|-boost|p2b: Lurantis|atk|1\n|-boost|p2b: Lurantis|def|1\n|move|p2a: Armarouge|Expanding Force|p1b: Baxcalibur|[spread] p1b\n|-activate|p1a: Ogerpon|move: Protect\n|-damage|p1b: Baxcalibur|0 fnt\n|faint|p1b: Baxcalibur\n|\n|upkeep\n|\n|t:|1700407156\n|switch|p1b: Chi-Yu|Chi-Yu, L50|100\/100\n|-ability|p1b: Chi-Yu|Beads of Ruin\n|turn|3\n|\n|t:|1700407176\n|move|p2b: Lurantis|Superpower|p1b: Chi-Yu\n|-supereffective|p1b: Chi-Yu\n|-damage|p1b: Chi-Yu|0 fnt\n|-boost|p2b: Lurantis|atk|1\n|-boost|p2b: Lurantis|def|1\n|faint|p1b: Chi-Yu\n|move|p2a: Armarouge|Expanding Force|p1a: Ogerpon\n|-damage|p1a: Ogerpon|30\/100\n|move|p1a: Ogerpon|Ivy Cudgel|p2a: Armarouge|[anim] Ivy Cudgel Water\n|-supereffective|p2a: Armarouge\n|-damage|p2a: Armarouge|0 fnt\n|faint|p2a: Armarouge\n|\n|upkeep\n|\n|t:|1700407194\n|switch|p2a: Sinistcha|Sinistcha, L50|100\/100\n|switch|p1b: Ninetales|Ninetales-Alola, L50, M|100\/100\n|-weather|Snow|[from] ability: Snow Warning|[of] p1b: Ninetales\n|turn|4\n|\n|t:|1700407213\n|move|p2b: Lurantis|Protect|p2b: Lurantis\n|-singleturn|p2b: Lurantis|Protect\n|move|p1a: Ogerpon|Spiky Shield|p1a: Ogerpon\n|-singleturn|p1a: Ogerpon|move: Protect\n|move|p2a: Sinistcha|Foul Play|p1a: Ogerpon\n|-activate|p1a: Ogerpon|move: Protect\n|-damage|p2a: Sinistcha|88\/100|[from] Spiky Shield|[of] p1a: Ogerpon\n|move|p1b: Ninetales|Blizzard|p2a: Sinistcha|[spread] p2a\n|-activate|p2b: Lurantis|move: Protect\n|-supereffective|p2a: Sinistcha\n|-damage|p2a: Sinistcha|0 fnt\n|faint|p2a: Sinistcha\n|\n|-weather|Snow|[upkeep]\n|upkeep\n|turn|5\n|\n|t:|1700407230\n|-terastallize|p2b: Lurantis|Water\n|move|p1a: Ogerpon|Follow Me|p1a: Ogerpon\n|-singleturn|p1a: Ogerpon|move: Follow Me\n|move|p2b: Lurantis|Petal Blizzard|p1b: Ninetales|[spread] p1a,p1b\n|-supereffective|p1a: Ogerpon\n|-damage|p1a: Ogerpon|0 fnt\n|-damage|p1b: Ninetales|31\/100\n|faint|p1a: Ogerpon\n|move|p1b: Ninetales|Blizzard|p2b: Lurantis\n|-resisted|p2b: Lurantis\n|-damage|p2b: Lurantis|66\/100\n|\n|-weather|Snow|[upkeep]\n|-fieldend|move: Trick Room\n|-fieldend|move: Psychic Terrain\n|upkeep\n|turn|6\n|\n|t:|1700407245\n|move|p1b: Ninetales|Blizzard|p2b: Lurantis\n|-resisted|p2b: Lurantis\n|-damage|p2b: Lurantis|26\/100\n|move|p2b: Lurantis|Superpower|p1b: Ninetales\n|-damage|p1b: Ninetales|0 fnt\n|-boost|p2b: Lurantis|atk|1\n|-boost|p2b: Lurantis|def|1\n|faint|p1b: Ninetales\n|\n|win|Daehkcarc420\n|raw|cheech.solos's rating: 1072 &rarr; <strong>1056<\/strong><br \/>(-16 for losing)\n|raw|Daehkcarc420's rating: 1151 &rarr; <strong>1170<\/strong><br \/>(+19 for winning)\n|l|\u2606cheech.solos\n","uploadtime":1700407259,"views":7,"p1id":"cheechsolos","p2id":"daehkcarc420","formatid":"gen9vgc2023regulatione","rating":1056,"private":0,"password":""}