{"id":"gen9vgc2023regulatione-1997421997","p1":"kmud8","p2":"LuigianaPurchase","format":"[Gen 9] VGC 2023 Regulation E","log":"|j|\u2606kmud8\n|j|\u2606LuigianaPurchase\n|t:|1700802569\n|gametype|doubles\n|player|p1|kmud8|hilbert|1098\n|player|p2|LuigianaPurchase|2|1046\n|teamsize|p1|6\n|teamsize|p2|6\n|gen|9\n|tier|[Gen 9] VGC 2023 Regulation E\n|rated|\n|rule|Species Clause: Limit one of each Pok\u00e9mon\n|rule|Item Clause: Limit one of each item\n|clearpoke\n|poke|p1|Chimecho, L50, F|\n|poke|p1|Bellibolt, L50, M|\n|poke|p1|Cinderace, L50, F|\n|poke|p1|Shiftry, L50, F|\n|poke|p1|Enamorus, L50, F|\n|poke|p1|Basculin, L50, M|\n|poke|p2|Thundurus, L50, M|\n|poke|p2|Landorus-Therian, L50, M|\n|poke|p2|Wo-Chien, L50|\n|poke|p2|Urshifu-*, L50, M|\n|poke|p2|Heatran, L50, F|\n|poke|p2|Enamorus, L50, F|\n|teampreview|4\nLuigianaPurchase has agreed to open team sheets.\nkmud8 has agreed to open team sheets.\n|\n|t:|1700802609\n|start\n|switch|p1a: Chimecho|Chimecho, L50, F|100\/100\n|switch|p1b: Shiftry|Shiftry, L50, F|100\/100\n|switch|p2a: Wo-Champion|Wo-Chien, L50|100\/100\n|switch|p2b: Landorus|Landorus-Therian, L50, M|100\/100\n|-ability|p2b: Landorus|Intimidate|boost\n|-unboost|p1a: Chimecho|atk|1\n|-unboost|p1b: Shiftry|atk|1\n|-ability|p2a: Wo-Champion|Tablets of Ruin\n|turn|1\n|\n|t:|1700802637\n|move|p1b: Shiftry|Fake Out|p2b: Landorus\n|-damage|p2b: Landorus|95\/100\n|cant|p2b: Landorus|flinch\n|move|p2a: Wo-Champion|Foul Play|p1b: Shiftry\n|-resisted|p1b: Shiftry\n|-damage|p1b: Shiftry|80\/100\n|move|p1a: Chimecho|Icy Wind|p2b: Landorus|[spread] p2a,p2b\n|-supereffective|p2a: Wo-Champion\n|-supereffective|p2b: Landorus\n|-damage|p2a: Wo-Champion|89\/100\n|-damage|p2b: Landorus|70\/100\n|-unboost|p2a: Wo-Champion|spe|1\n|-unboost|p2b: Landorus|spe|1\n|\n|upkeep\n|turn|2\n|\n|t:|1700802659\n|move|p1b: Shiftry|Tailwind|p1b: Shiftry\n|-sidestart|p1: kmud8|move: Tailwind\n|-ability|p1b: Shiftry|Wind Rider|boost\n|-boost|p1b: Shiftry|atk|1\n|move|p1a: Chimecho|Icy Wind|p2a: Wo-Champion|[spread] p2a,p2b\n|-supereffective|p2a: Wo-Champion\n|-supereffective|p2b: Landorus\n|-damage|p2a: Wo-Champion|77\/100\n|-damage|p2b: Landorus|44\/100\n|-unboost|p2a: Wo-Champion|spe|1\n|-unboost|p2b: Landorus|spe|1\n|move|p2b: Landorus|U-turn|p1b: Shiftry\n|-supereffective|p1b: Shiftry\n|-damage|p1b: Shiftry|0 fnt\n|faint|p1b: Shiftry\n|\n|t:|1700802671\n|switch|p2b: Thundurus|Thundurus, L50, M|100\/100|[from] U-turn\n|move|p2a: Wo-Champion|Giga Drain|p1a: Chimecho\n|-damage|p1a: Chimecho|82\/100\n|-heal|p2a: Wo-Champion|85\/100|[from] drain|[of] p1a: Chimecho\n|\n|upkeep\n|\n|t:|1700802680\n|switch|p1b: Cinderace|Cinderace, L50, F|100\/100\n|turn|3\n|\n|t:|1700802701\n|-terastallize|p1b: Cinderace|Dark\n|move|p2b: Thundurus|Thunder Wave|p1b: Cinderace\n|-hint|Since gen 7, Dark is immune to Prankster moves.\n|-immune|p1b: Cinderace\n|move|p1b: Cinderace|Pyro Ball|p2a: Wo-Champion\n|-supereffective|p2a: Wo-Champion\n|-damage|p2a: Wo-Champion|0 fnt\n|faint|p2a: Wo-Champion\n|-damage|p1b: Cinderace|91\/100|[from] item: Life Orb\n|move|p1a: Chimecho|Encore|p2b: Thundurus\n|-start|p2b: Thundurus|Encore\n|\n|upkeep\n|\n|t:|1700802712\n|switch|p2a: Landorus|Landorus-Therian, L50, M|44\/100\n|-ability|p2a: Landorus|Intimidate|boost\n|-unboost|p1a: Chimecho|atk|1\n|-unboost|p1b: Cinderace|atk|1\n|turn|4\n|\n|t:|1700802724\n|move|p1a: Chimecho|Ally Switch|p1a: Chimecho\n|swap|p1a: Chimecho|1|[from] move: Ally Switch\n|move|p2b: Thundurus|Thunder Wave|p1a: Cinderace\n|-hint|Since gen 7, Dark is immune to Prankster moves.\n|-immune|p1a: Cinderace\n|move|p1a: Cinderace|Pyro Ball|p2a: Landorus\n|-damage|p2a: Landorus|0 fnt\n|faint|p2a: Landorus\n|-damage|p1a: Cinderace|81\/100|[from] item: Life Orb\n|\n|upkeep\n|\n|t:|1700802730\n|switch|p2a: Enamorus|Enamorus, L50, F|100\/100\n|turn|5\n|\n|t:|1700802752\n|-terastallize|p2a: Enamorus|Fairy\n|move|p1b: Chimecho|Helping Hand|p1a: Cinderace\n|-singleturn|p1a: Cinderace|Helping Hand|[of] p1b: Chimecho\n|move|p2b: Thundurus|Thunder Wave|p1a: Cinderace\n|-hint|Since gen 7, Dark is immune to Prankster moves.\n|-immune|p1a: Cinderace\n|move|p1a: Cinderace|Pyro Ball|p2a: Enamorus\n|-damage|p2a: Enamorus|0 fnt\n|faint|p2a: Enamorus\n|-damage|p1a: Cinderace|71\/100|[from] item: Life Orb\n|\n|-sideend|p1: kmud8|move: Tailwind\n|upkeep\n|turn|6\n|\n|t:|1700802771\n|move|p2b: Thundurus|Thunder Wave|p1b: Chimecho\n|-status|p1b: Chimecho|par\n|move|p1a: Cinderace|Taunt|p2b: Thundurus\n|-start|p2b: Thundurus|move: Taunt\n|move|p1b: Chimecho|Icy Wind|p2b: Thundurus\n|-supereffective|p2b: Thundurus\n|-damage|p2b: Thundurus|72\/100\n|-unboost|p2b: Thundurus|spe|1\n|\n|-end|p2b: Thundurus|Encore\n|upkeep\n|turn|7\n|\n|t:|1700802788\n|move|p1a: Cinderace|Pyro Ball|p2b: Thundurus\n|-damage|p2b: Thundurus|27\/100\n|-damage|p1a: Cinderace|62\/100|[from] item: Life Orb\n|move|p2b: Thundurus|Wildbolt Storm|p1a: Cinderace|[spread] p1a,p1b\n|-damage|p1a: Cinderace|19\/100\n|-damage|p1b: Chimecho|57\/100 par\n|cant|p1b: Chimecho|par\n|\n|upkeep\n|turn|8\n|\n|t:|1700802801\n|move|p1a: Cinderace|Sucker Punch|p2b: Thundurus\n|-damage|p2b: Thundurus|2\/100\n|-damage|p1a: Cinderace|2\/100|[from] item: Rocky Helmet|[of] p2b: Thundurus\n|-damage|p1a: Cinderace|0 fnt|[from] item: Life Orb\n|faint|p1a: Cinderace\n|move|p2b: Thundurus|Wildbolt Storm|p1b: Chimecho\n|-damage|p1b: Chimecho|21\/100 par\n|move|p1b: Chimecho|Icy Wind|p2b: Thundurus\n|-supereffective|p2b: Thundurus\n|-damage|p2b: Thundurus|0 fnt\n|faint|p2b: Thundurus\n|\n|win|kmud8\n|raw|kmud8's rating: 1098 &rarr; <strong>1120<\/strong><br \/>(+22 for winning)\n|raw|LuigianaPurchase's rating: 1046 &rarr; <strong>1032<\/strong><br \/>(-14 for losing)\n|l|\u2606LuigianaPurchase\n","uploadtime":1700802815,"views":7,"p1id":"kmud8","p2id":"luigianapurchase","formatid":"gen9vgc2023regulatione","rating":1032,"private":0,"password":""}