{"id":"gen9vgc2023regulatione-1998119607","p1":"leafyarrow","p2":"the only train","format":"[Gen 9] VGC 2023 Regulation E","log":"|j|\u2606leafyarrow\n|j|\u2606the only train\n|n|\u2606leafyarrow|leafyarrow\n|n|\u2606the only train|theonlytrain\n|html|View the match progress at <a href=\"\/game-bestof3-gen9vgc2023regulatione-1998119606\">game-bestof3-gen9vgc2023regulatione-1998119606<\/a>\n|t:|1700894836\n|gametype|doubles\n|player|p1|leafyarrow|selene|\n|player|p2|the only train|lucas|\n|teamsize|p1|6\n|teamsize|p2|6\n|gen|9\n|tier|[Gen 9] VGC 2023 Regulation E\n|rule|Species Clause: Limit one of each Pok\u00e9mon\n|rule|Item Clause: Limit one of each item\n|clearpoke\n|poke|p1|Farigiraf, L50, F|\n|poke|p1|Arcanine-Hisui, L50, F|\n|poke|p1|Landorus, L50, M|\n|poke|p1|Rillaboom, L50, M|\n|poke|p1|Urshifu-*, L50, F|\n|poke|p1|Regieleki, L50|\n|poke|p2|Iron Hands, L50|\n|poke|p2|Landorus-Therian, L50, M|\n|poke|p2|Heatran, L50, F|\n|poke|p2|Amoonguss, L50, M|\n|poke|p2|Flutter Mane, L50|\n|poke|p2|Roaring Moon, L50|\n|teampreview|4\nthe only train has agreed to open team sheets.\nleafyarrow has agreed to open team sheets.\n|showteam|p1|Farigiraf||RockyHelmet|ArmorTail|HelpingHand,DazzlingGleam,TrickRoom,Psychic|||F|||50|,,,,,Fairy]Arcanine-Hisui||ChoiceBand|Intimidate|TeraBlast,ExtremeSpeed,FlareBlitz,RockSlide|||F|||50|,,,,,Fairy]Landorus||LifeOrb|SheerForce|EarthPower,SludgeBomb,SandsearStorm,Protect|||M|||50|,,,,,Poison]Rillaboom||MiracleSeed|GrassySurge|GrassyGlide,Uturn,WoodHammer,FakeOut|||M|||50|,,,,,Grass]Urshifu-Rapid-Strike||MysticWater|UnseenFist|CloseCombat,SurgingStrikes,AquaJet,Protect|||F|||50|,,,,,Water]Regieleki||Magnet|Transistor|Electroweb,Thunderbolt,TeraBlast,Protect||||||50|,,,,,Ice\n|showteam|p2|Iron Hands||AssaultVest|QuarkDrive|HeavySlam,FakeOut,WildCharge,DrainPunch||||||50|,,,,,Water]Landorus-Therian||ChoiceScarf|Intimidate|StompingTantrum,TeraBlast,Uturn,RockSlide|||M|||50|,,,,,Flying]Heatran||Leftovers|FlashFire|FlashCannon,HeatWave,EarthPower,Protect|||F|||50|,,,,,Grass]Amoonguss||RockyHelmet|Regenerator|Protect,Spore,RagePowder,PollenPuff|||M|||50|,,,,,Water]Flutter Mane||ChoiceSpecs|Protosynthesis|DazzlingGleam,Moonblast,ShadowBall,Charm||||||50|,,,,,Fairy]Roaring Moon||BoosterEnergy|Protosynthesis|Acrobatics,KnockOff,Protect,DragonDance||||||50|,,,,,Flying\n|c|\u2606the only train|glhf !\n|c|\u2606leafyarrow|same to you\n|\n|t:|1700894877\n|start\n|switch|p1a: Arcanine|Arcanine-Hisui, L50, F|100\/100\n|switch|p1b: Rillaboom|Rillaboom, L50, M|100\/100\n|switch|p2a: Amoonguss|Amoonguss, L50, M|100\/100\n|switch|p2b: Landorus|Landorus-Therian, L50, M|100\/100\n|-ability|p2b: Landorus|Intimidate|boost\n|-unboost|p1a: Arcanine|atk|1\n|-unboost|p1b: Rillaboom|atk|1\n|-ability|p1a: Arcanine|Intimidate|boost\n|-unboost|p2a: Amoonguss|atk|1\n|-unboost|p2b: Landorus|atk|1\n|-fieldstart|move: Grassy Terrain|[from] ability: Grassy Surge|[of] p1b: Rillaboom\n|turn|1\n|\n|t:|1700894909\n|move|p2a: Amoonguss|Protect|p2a: Amoonguss\n|-singleturn|p2a: Amoonguss|Protect\n|move|p1b: Rillaboom|Fake Out|p2b: Landorus\n|-damage|p2b: Landorus|88\/100\n|cant|p2b: Landorus|flinch\n|move|p1a: Arcanine|Flare Blitz|p2a: Amoonguss\n|-activate|p2a: Amoonguss|move: Protect\n|\n|upkeep\n|turn|2\n|\n|t:|1700894933\n|-terastallize|p1a: Arcanine|Fairy\n|move|p2b: Landorus|Stomping Tantrum|p1a: Arcanine\n|-damage|p1a: Arcanine|45\/100\n|move|p1a: Arcanine|Flare Blitz|p2a: Amoonguss\n|-supereffective|p2a: Amoonguss\n|-damage|p2a: Amoonguss|10\/100\n|-damage|p1a: Arcanine|29\/100|[from] item: Rocky Helmet|[of] p2a: Amoonguss\n|-damage|p1a: Arcanine|0 fnt|[from] Recoil\n|faint|p1a: Arcanine\n|move|p1b: Rillaboom|U-turn|p2b: Landorus\n|-resisted|p2b: Landorus\n|-damage|p2b: Landorus|79\/100\n|\n|t:|1700894949\n|switch|p1b: Regieleki|Regieleki, L50|100\/100|[from] U-turn\n|move|p2a: Amoonguss|Pollen Puff|p2b: Landorus\n|-heal|p2b: Landorus|100\/100\n|\n|-heal|p2a: Amoonguss|15\/100|[from] Grassy Terrain\n|upkeep\n|\n|t:|1700894962\n|switch|p1a: Urshifu|Urshifu-Rapid-Strike, L50, F|100\/100\n|turn|3\n|\n|t:|1700894978\n|switch|p2b: Iron Hands|Iron Hands, L50|100\/100\n|move|p2a: Amoonguss|Protect|p2a: Amoonguss\n|-singleturn|p2a: Amoonguss|Protect\n|move|p1b: Regieleki|Thunderbolt|p2a: Amoonguss\n|-activate|p2a: Amoonguss|move: Protect\n|move|p1a: Urshifu|Surging Strikes|p2b: Iron Hands\n|-crit|p2b: Iron Hands\n|-damage|p2b: Iron Hands|84\/100\n|-crit|p2b: Iron Hands\n|-damage|p2b: Iron Hands|65\/100\n|-crit|p2b: Iron Hands\n|-damage|p2b: Iron Hands|47\/100\n|-hitcount|p2b: Iron Hands|3\n|\n|-heal|p2b: Iron Hands|53\/100|[from] Grassy Terrain\n|-heal|p2a: Amoonguss|21\/100|[from] Grassy Terrain\n|upkeep\n|turn|4\n|\n|t:|1700895000\n|move|p1b: Regieleki|Protect|p1b: Regieleki\n|-singleturn|p1b: Regieleki|Protect\n|move|p1a: Urshifu|Protect|p1a: Urshifu\n|-singleturn|p1a: Urshifu|Protect\n|move|p2b: Iron Hands|Fake Out|p1b: Regieleki\n|-activate|p1b: Regieleki|move: Protect\n|move|p2a: Amoonguss|Rage Powder|p2a: Amoonguss\n|-singleturn|p2a: Amoonguss|move: Rage Powder\n|\n|-heal|p2b: Iron Hands|59\/100|[from] Grassy Terrain\n|-heal|p2a: Amoonguss|27\/100|[from] Grassy Terrain\n|upkeep\n|turn|5\n|\n|t:|1700895036\n|move|p2a: Amoonguss|Protect|p2a: Amoonguss\n|-singleturn|p2a: Amoonguss|Protect\n|move|p1b: Regieleki|Thunderbolt|p2a: Amoonguss\n|-activate|p2a: Amoonguss|move: Protect\n|move|p1a: Urshifu|Surging Strikes|p2b: Iron Hands\n|-crit|p2b: Iron Hands\n|-damage|p2b: Iron Hands|40\/100\n|-crit|p2b: Iron Hands\n|-damage|p2b: Iron Hands|20\/100\n|-crit|p2b: Iron Hands\n|-damage|p2b: Iron Hands|1\/100\n|-hitcount|p2b: Iron Hands|3\n|move|p2b: Iron Hands|Drain Punch|p1b: Regieleki\n|-damage|p1b: Regieleki|21\/100\n|-heal|p2b: Iron Hands|29\/100|[from] drain|[of] p1b: Regieleki\n|\n|-heal|p1b: Regieleki|27\/100|[from] Grassy Terrain\n|-heal|p2b: Iron Hands|35\/100|[from] Grassy Terrain\n|-heal|p2a: Amoonguss|33\/100|[from] Grassy Terrain\n|-fieldend|move: Grassy Terrain\n|upkeep\n|turn|6\n|\n|t:|1700895065\n|move|p1a: Urshifu|Protect|p1a: Urshifu\n|-singleturn|p1a: Urshifu|Protect\n|move|p2a: Amoonguss|Rage Powder|p2a: Amoonguss\n|-singleturn|p2a: Amoonguss|move: Rage Powder\n|move|p1b: Regieleki|Thunderbolt|p2a: Amoonguss\n|-resisted|p2a: Amoonguss\n|-damage|p2a: Amoonguss|2\/100\n|-status|p2a: Amoonguss|par\n|move|p2b: Iron Hands|Drain Punch|p1b: Regieleki\n|-damage|p1b: Regieleki|0 fnt\n|-heal|p2b: Iron Hands|45\/100|[from] drain|[of] p1b: Regieleki\n|faint|p1b: Regieleki\n|\n|upkeep\n|\n|t:|1700895074\n|switch|p1b: Rillaboom|Rillaboom, L50, M|100\/100\n|-fieldstart|move: Grassy Terrain|[from] ability: Grassy Surge|[of] p1b: Rillaboom\n|turn|7\n|\n|t:|1700895084\n|move|p2a: Amoonguss|Protect|p2a: Amoonguss\n|-singleturn|p2a: Amoonguss|Protect\n|move|p1b: Rillaboom|Fake Out|p2a: Amoonguss\n|-activate|p2a: Amoonguss|move: Protect\n|move|p1a: Urshifu|Surging Strikes|p2b: Iron Hands\n|-crit|p2b: Iron Hands\n|-damage|p2b: Iron Hands|26\/100\n|-crit|p2b: Iron Hands\n|-damage|p2b: Iron Hands|8\/100\n|-crit|p2b: Iron Hands\n|-damage|p2b: Iron Hands|0 fnt\n|faint|p2b: Iron Hands\n|-end|p2b: Iron Hands|Quark Drive|[silent]\n|-hitcount|p2: Iron Hands|3\n|\n|-heal|p2a: Amoonguss|8\/100 par|[from] Grassy Terrain\n|upkeep\n|\n|t:|1700895089\n|switch|p2b: Landorus|Landorus-Therian, L50, M|100\/100\n|-ability|p2b: Landorus|Intimidate|boost\n|-unboost|p1a: Urshifu|atk|1\n|-unboost|p1b: Rillaboom|atk|1\n|turn|8\n|inactive|Battle timer is ON: inactive players will automatically lose when time's up. (requested by the only train)\n|\n|t:|1700895114\n|-terastallize|p2b: Landorus|Flying\n|move|p1a: Urshifu|Protect|p1a: Urshifu\n|-singleturn|p1a: Urshifu|Protect\n|cant|p2a: Amoonguss|par\n|move|p2b: Landorus|Tera Blast|p1b: Rillaboom|[anim] Tera Blast Flying\n|-supereffective|p1b: Rillaboom\n|-damage|p1b: Rillaboom|0 fnt\n|faint|p1b: Rillaboom\n|\n|-heal|p2a: Amoonguss|14\/100 par|[from] Grassy Terrain\n|upkeep\n|turn|9\n|-message|leafyarrow forfeited.\n|\n|win|the only train\n|c|&|\/uhtml prompt-theonlytrain,the only train is ready for game 2!\n|c|&|\/uhtml prompt-leafyarrow,leafyarrow is ready for game 2!\nBoth players are ready! Starting next match!\n","uploadtime":1700895392,"views":17,"p1id":"leafyarrow","p2id":"theonlytrain","formatid":"gen9vgc2023regulatione","rating":0,"private":0,"password":""}