{"id":"gen9vgc2023regulatione-1998081945","p1":"Meegee Felgo","p2":"RandumbRaccoon","format":"[Gen 9] VGC 2023 Regulation E","log":"|j|\u2606Meegee Felgo\n|j|\u2606RandumbRaccoon\n|n|\u2606Meegee Felgo|meegeefelgo\n|n|\u2606RandumbRaccoon|randumbraccoon\n|html|View the match progress at <a href=\"\/game-bestof3-gen9vgc2023regulatione-1998080480\">game-bestof3-gen9vgc2023regulatione-1998080480<\/a>\n|t:|1700888338\n|gametype|doubles\n|player|p1|Meegee Felgo|burglar|\n|player|p2|RandumbRaccoon|ingo|\n|teamsize|p1|6\n|teamsize|p2|6\n|gen|9\n|tier|[Gen 9] VGC 2023 Regulation E\n|rule|Species Clause: Limit one of each Pok\u00e9mon\n|rule|Item Clause: Limit one of each item\n|clearpoke\n|poke|p1|Brambleghast, L50, M|\n|poke|p1|Urshifu-*, L50, F|\n|poke|p1|Chi-Yu, L50|\n|poke|p1|Flutter Mane, L50|\n|poke|p1|Gholdengo, L50|\n|poke|p1|Tornadus, L50, M|\n|poke|p2|Chien-Pao, L50|\n|poke|p2|Amoonguss, L50, F|\n|poke|p2|Arcanine-Hisui, L50, M|\n|poke|p2|Flutter Mane, L50|\n|poke|p2|Urshifu-*, L50, M|\n|poke|p2|Tornadus, L50, M|\n|teampreview|4\n|inactive|Battle timer is ON: inactive players will automatically lose when time's up. (requested by RandumbRaccoon)\nMeegee Felgo has agreed to open team sheets.\nRandumbRaccoon has agreed to open team sheets.\n|showteam|p1|Brambleghast||FocusSash|WindRider|ShadowSneak,Poltergeist,PowerWhip,Protect|||M|||50|,,,,,Ghost]Urshifu-Rapid-Strike||MysticWater|UnseenFist|AquaJet,SurgingStrikes,CloseCombat,Protect|||F|||50|,,,,,Water]Chi-Yu||LifeOrb|BeadsofRuin|Overheat,HeatWave,DarkPulse,Protect||||||50|,,,,,Ghost]Flutter Mane||BoosterEnergy|Protosynthesis|Moonblast,DazzlingGleam,ShadowBall,Protect||||||50|,,,,,Fairy]Gholdengo||ChoiceSpecs|GoodasGold|MakeItRain,ShadowBall,Thunderbolt,Trick||||||50|,,,,,Steel]Tornadus||CovertCloak|Prankster|BleakwindStorm,Taunt,SunnyDay,Tailwind|||M|||50|,,,,,Steel\n|showteam|p2|Chien-Pao||FocusSash|SwordofRuin|Crunch,IceSpinner,SacredSword,LashOut||||||50|,,,,,Ghost]Amoonguss||RockyHelmet|Regenerator|PollenPuff,Spore,RagePowder,SludgeBomb|||F|||50|,,,,,Water]Arcanine-Hisui||ChoiceBand|Intimidate|ExtremeSpeed,HeadSmash,FlareBlitz,RockSlide|||M|||50|,,,,,Normal]Flutter Mane||BoosterEnergy|Protosynthesis|Moonblast,DazzlingGleam,ShadowBall,Protect||||||50|,,,,,Fairy]Urshifu-Rapid-Strike||ChoiceScarf|UnseenFist|SurgingStrikes,CloseCombat,IceSpinner,Uturn|||M|||50|,,,,,Grass]Tornadus||CovertCloak|Prankster|Tailwind,Taunt,BleakwindStorm,HeatWave|||M|||50|,,,,,Flying\n|inactive|Meegee Felgo has 30 seconds left.\n|inactive|RandumbRaccoon has 30 seconds left.\n|inactive|Meegee Felgo has 20 seconds left.\n|inactive|Meegee Felgo has 15 seconds left.\n|\n|t:|1700888392\n|start\n|switch|p1a: Tornadus|Tornadus, L50, M|100\/100\n|switch|p1b: Chi-Yu|Chi-Yu, L50|100\/100\n|switch|p2a: Urshifu|Urshifu-Rapid-Strike, L50, M|100\/100\n|switch|p2b: Tornadus|Tornadus, L50, M|100\/100\n|-ability|p1b: Chi-Yu|Beads of Ruin\n|turn|1\n|\n|t:|1700888412\n|-terastallize|p1b: Chi-Yu|Ghost\n|move|p1a: Tornadus|Sunny Day|p1a: Tornadus\n|-weather|SunnyDay\n|move|p2b: Tornadus|Tailwind|p2b: Tornadus\n|-sidestart|p2: RandumbRaccoon|move: Tailwind\n|move|p2a: Urshifu|Surging Strikes|p1b: Chi-Yu\n|-crit|p1b: Chi-Yu\n|-damage|p1b: Chi-Yu|86\/100\n|-crit|p1b: Chi-Yu\n|-damage|p1b: Chi-Yu|70\/100\n|-crit|p1b: Chi-Yu\n|-damage|p1b: Chi-Yu|55\/100\n|-hitcount|p1b: Chi-Yu|3\n|move|p1b: Chi-Yu|Heat Wave|p2b: Tornadus|[spread] p2a,p2b\n|-resisted|p2a: Urshifu\n|-damage|p2a: Urshifu|41\/100\n|-damage|p2b: Tornadus|0 fnt\n|faint|p2b: Tornadus\n|-damage|p1b: Chi-Yu|46\/100|[from] item: Life Orb\n|\n|-weather|SunnyDay|[upkeep]\n|upkeep\n|\n|t:|1700888424\n|switch|p2b: Arcanine|Arcanine-Hisui, L50, M|100\/100\n|-ability|p2b: Arcanine|Intimidate|boost\n|-unboost|p1a: Tornadus|atk|1\n|-unboost|p1b: Chi-Yu|atk|1\n|turn|2\n|\n|t:|1700888442\n|move|p1a: Tornadus|Tailwind|p1a: Tornadus\n|-sidestart|p1: Meegee Felgo|move: Tailwind\n|move|p2a: Urshifu|Surging Strikes|p1b: Chi-Yu\n|-crit|p1b: Chi-Yu\n|-damage|p1b: Chi-Yu|31\/100\n|-crit|p1b: Chi-Yu\n|-damage|p1b: Chi-Yu|17\/100\n|-crit|p1b: Chi-Yu\n|-damage|p1b: Chi-Yu|0 fnt\n|faint|p1b: Chi-Yu\n|-hitcount|p1: Chi-Yu|3\n|move|p2b: Arcanine|Rock Slide|p1a: Tornadus\n|-supereffective|p1a: Tornadus\n|-damage|p1a: Tornadus|0 fnt\n|faint|p1a: Tornadus\n|\n|-weather|SunnyDay|[upkeep]\n|upkeep\n|\n|t:|1700888452\n|switch|p1a: Brambleghast|Brambleghast, L50, M|100\/100\n|switch|p1b: Flutter Mane|Flutter Mane, L50|100\/100\n|-activate|p1b: Flutter Mane|ability: Protosynthesis\n|-start|p1b: Flutter Mane|protosynthesisspa\n|-ability|p1a: Brambleghast|Wind Rider|boost\n|-boost|p1a: Brambleghast|atk|1\n|turn|3\n|inactive|Meegee Felgo has 30 seconds left.\n|\n|t:|1700888483\n|switch|p2b: Amoonguss|Amoonguss, L50, F|100\/100\n|move|p2a: Urshifu|Surging Strikes|p1b: Flutter Mane\n|-crit|p1b: Flutter Mane\n|-damage|p1b: Flutter Mane|84\/100\n|-crit|p1b: Flutter Mane\n|-damage|p1b: Flutter Mane|67\/100\n|-crit|p1b: Flutter Mane\n|-damage|p1b: Flutter Mane|52\/100\n|-hitcount|p1b: Flutter Mane|3\n|move|p1b: Flutter Mane|Shadow Ball|p2b: Amoonguss\n|-damage|p2b: Amoonguss|55\/100\n|move|p1a: Brambleghast|Poltergeist|p2b: Amoonguss\n|-activate|p2b: Amoonguss|move: Poltergeist|Rocky Helmet\n|-damage|p2b: Amoonguss|0 fnt\n|faint|p2b: Amoonguss\n|\n|-weather|SunnyDay|[upkeep]\n|upkeep\n|\n|t:|1700888496\n|switch|p2b: Arcanine|Arcanine-Hisui, L50, M|100\/100\n|-ability|p2b: Arcanine|Intimidate|boost\n|-unboost|p1a: Brambleghast|atk|1\n|-unboost|p1b: Flutter Mane|atk|1\n|turn|4\n|inactive|Meegee Felgo has 30 seconds left.\n|\n|t:|1700888523\n|-terastallize|p2a: Urshifu|Grass\n|move|p2a: Urshifu|Surging Strikes|p1b: Flutter Mane\n|-crit|p1b: Flutter Mane\n|-damage|p1b: Flutter Mane|35\/100\n|-crit|p1b: Flutter Mane\n|-damage|p1b: Flutter Mane|18\/100\n|-crit|p1b: Flutter Mane\n|-damage|p1b: Flutter Mane|3\/100\n|-hitcount|p1b: Flutter Mane|3\n|move|p1b: Flutter Mane|Moonblast|p2a: Urshifu\n|-damage|p2a: Urshifu|0 fnt\n|faint|p2a: Urshifu\n|move|p2b: Arcanine|Rock Slide|p1b: Flutter Mane|[spread] p1a,p1b\n|-damage|p1a: Brambleghast|20\/100\n|-damage|p1b: Flutter Mane|0 fnt\n|faint|p1b: Flutter Mane\n|-end|p1b: Flutter Mane|Protosynthesis|[silent]\n|move|p1a: Brambleghast|Poltergeist|p2b: Arcanine\n|-activate|p2b: Arcanine|move: Poltergeist|Choice Band\n|-damage|p2b: Arcanine|30\/100\n|\n|-weather|SunnyDay|[upkeep]\n|-sideend|p2: RandumbRaccoon|move: Tailwind\n|upkeep\n|turn|5\n|inactive|Meegee Felgo has 30 seconds left.\n|inactive|Meegee Felgo has 20 seconds left.\n|\n|t:|1700888563\n|move|p1a: Brambleghast|Poltergeist|p2b: Arcanine|[miss]\n|-miss|p1a: Brambleghast|p2b: Arcanine\n|move|p2b: Arcanine|Rock Slide|p1a: Brambleghast\n|-damage|p1a: Brambleghast|0 fnt\n|faint|p1a: Brambleghast\n|\n|win|RandumbRaccoon\n|c|&|\/uhtml prompt-meegeefelgo,Meegee Felgo is ready for game 3!\n|c|&|\/uhtml prompt-randumbraccoon,RandumbRaccoon is ready for game 3!\nBoth players are ready! Starting next match!\n","uploadtime":1700888812,"views":3,"p1id":"meegeefelgo","p2id":"randumbraccoon","formatid":"gen9vgc2023regulatione","rating":0,"private":0,"password":""}