{"id":"gen9vgc2023regulatione-1999008575","p1":"Lycro","p2":"Ariesxvgc","format":"[Gen 9] VGC 2023 Regulation E","log":"|j|\u2606Lycro\n|j|\u2606Ariesxvgc\n|t:|1701023371\n|gametype|doubles\n|player|p1|Lycro|169|\n|player|p2|Ariesxvgc|hilbert-wonderlauncher|\n|teamsize|p1|6\n|teamsize|p2|6\n|gen|9\n|tier|[Gen 9] VGC 2023 Regulation E\n|rule|Species Clause: Limit one of each Pok\u00e9mon\n|rule|Item Clause: Limit one of each item\n|clearpoke\n|poke|p1|Flutter Mane, L50|\n|poke|p1|Arcanine-Hisui, L50, F|\n|poke|p1|Rillaboom, L50, M|\n|poke|p1|Milotic, L50, M|\n|poke|p1|Iron Hands, L50|\n|poke|p1|Cresselia, L50, F|\n|poke|p2|Gholdengo, L50|\n|poke|p2|Iron Hands, L50|\n|poke|p2|Urshifu-*, L50, M|\n|poke|p2|Rillaboom, L50, M|\n|poke|p2|Dragonite, L50, M|\n|poke|p2|Chien-Pao, L50|\n|teampreview|4\n|c|\u2606Lycro|Glhf\nLycro has agreed to open team sheets.\nAriesxvgc has agreed to open team sheets.\n|showteam|p1|Flutter Mane||FairyFeather|Protosynthesis|Moonblast,ShadowBall,DazzlingGleam,Protect||||||50|,,,,,Fairy]Arcanine-Hisui||SitrusBerry|Intimidate|FlareBlitz,RockSlide,ExtremeSpeed,Protect|||F|||50|,,,,,Normal]Rillaboom||MiracleSeed|GrassySurge|GrassyGlide,HighHorsepower,WoodHammer,FakeOut|||M|||50|,,,,,Fire]Milotic||Leftovers|Competitive|Scald,IceBeam,Haze,Protect|||M|||50|,,,,,Steel]Iron Hands||AssaultVest|QuarkDrive|WildCharge,DrainPunch,HeavySlam,FakeOut||||||50|,,,,,Water]Cresselia||MentalHerb|Levitate|Moonblast,IceBeam,LunarBlessing,TrickRoom|||F|||50|,,,,,Fairy\n|showteam|p2|Gholdengo||Leftovers|GoodasGold|Protect,MakeItRain,ShadowBall,NastyPlot||||||50|,,,,,Dragon]Iron Hands||AssaultVest|QuarkDrive|FakeOut,DrainPunch,HeavySlam,WildCharge||||||50|,,,,,Water]Urshifu-Rapid-Strike||MysticWater|UnseenFist|AquaJet,CloseCombat,Detect,SurgingStrikes|||M|||50|,,,,,Water]Rillaboom||MiracleSeed|GrassySurge|FakeOut,KnockOff,GrassyGlide,WoodHammer|||M|||50|,,,,,Water]Dragonite||ChoiceBand|InnerFocus|ExtremeSpeed,AerialAce,DragonClaw,StompingTantrum|||M|||50|,,,,,Normal]Chien-Pao||FocusSash|SwordofRuin|Protect,IcicleCrash,SuckerPunch,SacredSword||||||50|,,,,,Ghost\n|\n|t:|1701023433\n|start\n|switch|p1a: Iron Hands|Iron Hands, L50|100\/100\n|switch|p1b: Arcanine|Arcanine-Hisui, L50, F|100\/100\n|switch|p2a: Urshifu|Urshifu-Rapid-Strike, L50, M|100\/100\n|switch|p2b: Rillaboom|Rillaboom, L50, M|100\/100\n|-ability|p1b: Arcanine|Intimidate|boost\n|-unboost|p2a: Urshifu|atk|1\n|-unboost|p2b: Rillaboom|atk|1\n|-fieldstart|move: Grassy Terrain|[from] ability: Grassy Surge|[of] p2b: Rillaboom\n|turn|1\n|\n|t:|1701023475\n|-terastallize|p1b: Arcanine|Normal\n|move|p2b: Rillaboom|Fake Out|p1a: Iron Hands\n|-damage|p1a: Iron Hands|94\/100\n|move|p2a: Urshifu|Surging Strikes|p1b: Arcanine\n|-crit|p1b: Arcanine\n|-damage|p1b: Arcanine|73\/100\n|-crit|p1b: Arcanine\n|-damage|p1b: Arcanine|47\/100\n|-enditem|p1b: Arcanine|Sitrus Berry|[eat]\n|-heal|p1b: Arcanine|72\/100|[from] item: Sitrus Berry\n|-crit|p1b: Arcanine\n|-damage|p1b: Arcanine|44\/100\n|-hitcount|p1b: Arcanine|3\n|move|p1b: Arcanine|Flare Blitz|p2b: Rillaboom\n|-supereffective|p2b: Rillaboom\n|-damage|p2b: Rillaboom|0 fnt\n|faint|p2b: Rillaboom\n|-damage|p1b: Arcanine|8\/100|[from] Recoil\n|cant|p1a: Iron Hands|flinch\n|\n|-heal|p1b: Arcanine|14\/100|[from] Grassy Terrain\n|-heal|p1a: Iron Hands|100\/100|[from] Grassy Terrain\n|upkeep\n|\n|t:|1701023500\n|switch|p2b: Iron Hands|Iron Hands, L50|100\/100\n|turn|2\n|\n|t:|1701023522\n|move|p2b: Iron Hands|Fake Out|p1a: Iron Hands\n|-damage|p1a: Iron Hands|89\/100\n|move|p1b: Arcanine|Extreme Speed|p2b: Iron Hands\n|-damage|p2b: Iron Hands|72\/100\n|move|p2a: Urshifu|Surging Strikes|p1b: Arcanine\n|-crit|p1b: Arcanine\n|-damage|p1b: Arcanine|0 fnt\n|faint|p1b: Arcanine\n|-hitcount|p1: Arcanine|1\n|cant|p1a: Iron Hands|flinch\n|\n|-heal|p1a: Iron Hands|96\/100|[from] Grassy Terrain\n|-heal|p2b: Iron Hands|79\/100|[from] Grassy Terrain\n|upkeep\n|\n|t:|1701023542\n|switch|p1b: Cresselia|Cresselia, L50, F|100\/100\n|turn|3\n|\n|t:|1701023590\n|move|p2a: Urshifu|Surging Strikes|p1a: Iron Hands\n|-crit|p1a: Iron Hands\n|-damage|p1a: Iron Hands|79\/100\n|-crit|p1a: Iron Hands\n|-damage|p1a: Iron Hands|63\/100\n|-crit|p1a: Iron Hands\n|-damage|p1a: Iron Hands|47\/100\n|-hitcount|p1a: Iron Hands|3\n|move|p1b: Cresselia|Moonblast|p2b: Iron Hands\n|-supereffective|p2b: Iron Hands\n|-damage|p2b: Iron Hands|52\/100\n|move|p1a: Iron Hands|Drain Punch|p2b: Iron Hands\n|-damage|p2b: Iron Hands|24\/100\n|-heal|p1a: Iron Hands|62\/100|[from] drain|[of] p2b: Iron Hands\n|move|p2b: Iron Hands|Drain Punch|p1a: Iron Hands\n|-crit|p1a: Iron Hands\n|-damage|p1a: Iron Hands|18\/100\n|-heal|p2b: Iron Hands|44\/100|[from] drain|[of] p1a: Iron Hands\n|\n|-heal|p1a: Iron Hands|24\/100|[from] Grassy Terrain\n|-heal|p2b: Iron Hands|50\/100|[from] Grassy Terrain\n|upkeep\n|turn|4\n|\n|t:|1701023641\n|-terastallize|p2b: Iron Hands|Water\n|move|p2a: Urshifu|Detect|p2a: Urshifu\n|-singleturn|p2a: Urshifu|Protect\n|move|p1b: Cresselia|Lunar Blessing|p1b: Cresselia|[spread] p1a,p1b\n|-heal|p1a: Iron Hands|49\/100\n|move|p1a: Iron Hands|Wild Charge|p2a: Urshifu\n|-activate|p2a: Urshifu|move: Protect\n|move|p2b: Iron Hands|Wild Charge|p1a: Iron Hands\n|-resisted|p1a: Iron Hands\n|-damage|p1a: Iron Hands|30\/100\n|-damage|p2b: Iron Hands|46\/100|[from] Recoil\n|\n|-heal|p1a: Iron Hands|36\/100|[from] Grassy Terrain\n|-heal|p2b: Iron Hands|52\/100|[from] Grassy Terrain\n|upkeep\n|turn|5\n|\n|t:|1701023683\n|-end|p2b: Iron Hands|Quark Drive|[silent]\n|switch|p2b: Chien-Pao|Chien-Pao, L50|100\/100\n|-ability|p2b: Chien-Pao|Sword of Ruin\n|move|p2a: Urshifu|Surging Strikes|p1a: Iron Hands\n|-crit|p1a: Iron Hands\n|-damage|p1a: Iron Hands|13\/100\n|-crit|p1a: Iron Hands\n|-damage|p1a: Iron Hands|0 fnt\n|faint|p1a: Iron Hands\n|-end|p1a: Iron Hands|Quark Drive|[silent]\n|-hitcount|p1: Iron Hands|2\n|move|p1b: Cresselia|Moonblast|p2a: Urshifu\n|-supereffective|p2a: Urshifu\n|-damage|p2a: Urshifu|32\/100\n|\n|-heal|p2a: Urshifu|39\/100|[from] Grassy Terrain\n|-fieldend|move: Grassy Terrain\n|upkeep\n|\n|t:|1701023691\n|switch|p1a: Flutter Mane|Flutter Mane, L50|100\/100\n|turn|6\n|\n|t:|1701023731\n|move|p1a: Flutter Mane|Protect|p1a: Flutter Mane\n|-singleturn|p1a: Flutter Mane|Protect\n|move|p2a: Urshifu|Aqua Jet|p1a: Flutter Mane\n|-damage|p1a: Flutter Mane|56\/100\n|move|p2b: Chien-Pao|Icicle Crash|p1a: Flutter Mane\n|-activate|p1a: Flutter Mane|move: Protect\n|move|p1b: Cresselia|Moonblast|p2b: Chien-Pao\n|-supereffective|p2b: Chien-Pao\n|-damage|p2b: Chien-Pao|27\/100\n|\n|upkeep\n|turn|7\n|\n|t:|1701023763\n|move|p1a: Flutter Mane|Protect|p1a: Flutter Mane\n|-singleturn|p1a: Flutter Mane|Protect\n|move|p2b: Chien-Pao|Sucker Punch||[still]\n|-fail|p2b: Chien-Pao\n|move|p2a: Urshifu|Aqua Jet|p1a: Flutter Mane\n|-damage|p1a: Flutter Mane|16\/100\n|move|p1b: Cresselia|Moonblast|p2b: Chien-Pao\n|-supereffective|p2b: Chien-Pao\n|-damage|p2b: Chien-Pao|0 fnt\n|faint|p2b: Chien-Pao\n|\n|upkeep\n|\n|t:|1701023777\n|switch|p2b: Iron Hands|Iron Hands, L50, tera:Water|52\/100\n|turn|8\n|\n|t:|1701023794\n|move|p2b: Iron Hands|Fake Out|p1b: Cresselia\n|-damage|p1b: Cresselia|90\/100\n|move|p2a: Urshifu|Aqua Jet|p1a: Flutter Mane\n|-damage|p1a: Flutter Mane|0 fnt\n|faint|p1a: Flutter Mane\n|-end|p1a: Flutter Mane|Protosynthesis|[silent]\n|cant|p1b: Cresselia|flinch\n|\n|upkeep\n|turn|9\n|\n|t:|1701023827\n|move|p2a: Urshifu|Surging Strikes|p1b: Cresselia\n|-crit|p1b: Cresselia\n|-damage|p1b: Cresselia|75\/100\n|-crit|p1b: Cresselia\n|-damage|p1b: Cresselia|59\/100\n|-crit|p1b: Cresselia\n|-damage|p1b: Cresselia|42\/100\n|-hitcount|p1b: Cresselia|3\n|move|p1b: Cresselia|Moonblast|p2a: Urshifu\n|-supereffective|p2a: Urshifu\n|-damage|p2a: Urshifu|0 fnt\n|faint|p2a: Urshifu\n|move|p2b: Iron Hands|Heavy Slam|p1b: Cresselia\n|-damage|p1b: Cresselia|14\/100\n|\n|upkeep\n|turn|10\n|\n|t:|1701023847\n|move|p1b: Cresselia|Lunar Blessing|p1b: Cresselia\n|-heal|p1b: Cresselia|39\/100\n|move|p2b: Iron Hands|Heavy Slam|p1b: Cresselia\n|-damage|p1b: Cresselia|13\/100\n|\n|upkeep\n|turn|11\n|\n|t:|1701023859\n|move|p1b: Cresselia|Lunar Blessing|p1b: Cresselia\n|-heal|p1b: Cresselia|38\/100\n|move|p2b: Iron Hands|Heavy Slam|p1b: Cresselia\n|-damage|p1b: Cresselia|11\/100\n|\n|upkeep\n|turn|12\n|\n|t:|1701023870\n|move|p1b: Cresselia|Lunar Blessing|p1b: Cresselia\n|-heal|p1b: Cresselia|36\/100\n|move|p2b: Iron Hands|Heavy Slam|p1b: Cresselia\n|-damage|p1b: Cresselia|11\/100\n|\n|upkeep\n|turn|13\n|\n|t:|1701023882\n|move|p1b: Cresselia|Lunar Blessing|p1b: Cresselia\n|-heal|p1b: Cresselia|36\/100\n|move|p2b: Iron Hands|Wild Charge|p1b: Cresselia\n|-damage|p1b: Cresselia|1\/100\n|-damage|p2b: Iron Hands|44\/100|[from] Recoil\n|\n|upkeep\n|turn|14\n|\n|t:|1701023892\n|move|p1b: Cresselia|Ice Beam|p2b: Iron Hands\n|-resisted|p2b: Iron Hands\n|-damage|p2b: Iron Hands|37\/100\n|move|p2b: Iron Hands|Wild Charge|p1b: Cresselia\n|-damage|p1b: Cresselia|0 fnt\n|faint|p1b: Cresselia\n|-damage|p2b: Iron Hands|37\/100|[from] Recoil\n|\n|win|Ariesxvgc\n|c|\u2606Lycro|gg\n","uploadtime":1701023923,"views":7,"p1id":"lycro","p2id":"ariesxvgc","formatid":"gen9vgc2023regulatione","rating":0,"private":0,"password":""}