{"id":"gen9vgc2023regulatione-1996475644","p1":"Pnuma","p2":"Not our Business","format":"[Gen 9] VGC 2023 Regulation E","log":"|j|\u2606Pnuma\n|j|\u2606Not our Business\n|n|\u2606Pnuma|pnuma\n|n|\u2606Not our Business|notourbusiness\n|html|View the match progress at <a href=\"\/game-bestof3-gen9vgc2023regulatione-1996475643\">game-bestof3-gen9vgc2023regulatione-1996475643<\/a>\n|t:|1700685660\n|gametype|doubles\n|player|p1|Pnuma|veteran|\n|player|p2|Not our Business|1|\n|teamsize|p1|6\n|teamsize|p2|6\n|gen|9\n|tier|[Gen 9] VGC 2023 Regulation E\n|rule|Species Clause: Limit one of each Pok\u00e9mon\n|rule|Item Clause: Limit one of each item\n|clearpoke\n|poke|p1|Froslass, L50, F|\n|poke|p1|Tauros, L50, M|\n|poke|p1|Hydreigon, L50, F|\n|poke|p1|Great Tusk, L50|\n|poke|p1|Volcarona, L50, M|\n|poke|p1|Garganacl, L50, M|\n|poke|p2|Slowking, L50, M|\n|poke|p2|Vikavolt, L50, M|\n|poke|p2|Snorlax, L50, F|\n|poke|p2|Bronzong, L50|\n|poke|p2|Sinistcha, L50|\n|poke|p2|Dragonite, L50, M|\n|teampreview|4\n|c|\u2606Pnuma|Glhf\n|c|\u2606Not our Business|gl hf\n|c|\u2606Not our Business|ich h\u00e4tte mir deinen kader genau angucken sollen merk ich gerade xD\n|inactive|Battle timer is ON: inactive players will automatically lose when time's up. (requested by Pnuma)\n|inactive|Pnuma has 60 seconds left.\n|\n|t:|1700685765\n|start\n|switch|p1a: Froslass|Froslass, L50, F, shiny|100\/100\n|switch|p1b: Tauros|Tauros, L50, M|100\/100\n|switch|p2a: Slowking|Slowking, L50, M|100\/100\n|switch|p2b: Sinistcha|Sinistcha, L50|100\/100\n|turn|1\n|c|\u2606Pnuma|XD\n|inactive|Pnuma has 30 seconds left.\n|inactive|Pnuma has 20 seconds left.\n|inactive|Pnuma has 15 seconds left.\n|\n|t:|1700685805\n|move|p1a: Froslass|Frost Breath|p1b: Tauros\n|-crit|p1b: Tauros\n|-damage|p1b: Tauros|71\/100\n|-setboost|p1b: Tauros|atk|6|[from] ability: Anger Point\n|move|p1b: Tauros|Raging Bull|p2a: Slowking\n|-damage|p2a: Slowking|0 fnt\n|faint|p2a: Slowking\n|move|p2b: Sinistcha|Trick Room|p2b: Sinistcha\n|-fieldstart|move: Trick Room|[of] p2b: Sinistcha\n|\n|upkeep\n|\n|t:|1700685824\n|switch|p2a: Vikavolt|Vikavolt, L50, M|100\/100\n|turn|2\n|\n|t:|1700685840\n|move|p2a: Vikavolt|Bug Buzz|p1b: Tauros\n|-crit|p1b: Tauros\n|-damage|p1b: Tauros|0 fnt\n|faint|p1b: Tauros\n|move|p2b: Sinistcha|Matcha Gotcha|p1a: Froslass\n|-damage|p1a: Froslass|52\/100\n|move|p1a: Froslass|Frost Breath|p2b: Sinistcha\n|-supereffective|p2b: Sinistcha\n|-crit|p2b: Sinistcha\n|-damage|p2b: Sinistcha|53\/100\n|\n|upkeep\n|\n|t:|1700685855\n|switch|p1b: Garganacl|Garganacl, L50, M, shiny|100\/100\n|turn|3\n|c|\u2606Not our Business|tauros hab ich irgenwie komplett ausgeblendet xD\n|\n|t:|1700685871\n|-terastallize|p1b: Garganacl|Grass\n|-terastallize|p2a: Vikavolt|Grass\n|move|p1b: Garganacl|Salt Cure|p2a: Vikavolt\n|-damage|p2a: Vikavolt|86\/100\n|move|p2a: Vikavolt|Energy Ball|p1b: Garganacl\n|-resisted|p1b: Garganacl\n|-damage|p1b: Garganacl|80\/100\n|move|p2b: Sinistcha|Shadow Ball|p1a: Froslass\n|-supereffective|p1a: Froslass\n|-damage|p1a: Froslass|0 fnt\n|faint|p1a: Froslass\n|\n|-heal|p1b: Garganacl|86\/100|[from] item: Leftovers\n|upkeep\n|\n|t:|1700685888\n|switch|p1a: Hydreigon|Hydreigon, L50, F, shiny|100\/100\n|turn|4\n|\n|t:|1700685900\n|move|p1a: Hydreigon|Protect|p1a: Hydreigon\n|-singleturn|p1a: Hydreigon|Protect\n|move|p1b: Garganacl|Recover|p1b: Garganacl\n|-heal|p1b: Garganacl|100\/100\n|move|p2a: Vikavolt|Bug Buzz|p1a: Hydreigon\n|-activate|p1a: Hydreigon|move: Protect\n|move|p2b: Sinistcha|Matcha Gotcha|p1a: Hydreigon|[spread] p1b\n|-activate|p1a: Hydreigon|move: Protect\n|-resisted|p1b: Garganacl\n|-damage|p1b: Garganacl|92\/100\n|-heal|p2b: Sinistcha|58\/100|[from] drain|[of] p1b: Garganacl\n|\n|-heal|p1b: Garganacl|98\/100|[from] item: Leftovers\n|upkeep\n|turn|5\n|\n|t:|1700685922\n|move|p1b: Garganacl|Salt Cure|p2b: Sinistcha\n|-damage|p2b: Sinistcha|44\/100\n|-start|p2b: Sinistcha|Salt Cure\n|move|p2a: Vikavolt|Bug Buzz|p1a: Hydreigon\n|-supereffective|p1a: Hydreigon\n|-damage|p1a: Hydreigon|0 fnt\n|faint|p1a: Hydreigon\n|move|p2b: Sinistcha|Matcha Gotcha|p1b: Garganacl\n|-resisted|p1b: Garganacl\n|-crit|p1b: Garganacl\n|-damage|p1b: Garganacl|78\/100\n|-heal|p2b: Sinistcha|56\/100|[from] drain|[of] p1b: Garganacl\n|\n|-heal|p1b: Garganacl|84\/100|[from] item: Leftovers\n|-damage|p2b: Sinistcha|44\/100|[from] Salt Cure\n|-fieldend|move: Trick Room\n|upkeep\n|turn|6\n|\n|t:|1700685937\n|move|p2b: Sinistcha|Shadow Ball|p1b: Garganacl\n|-damage|p1b: Garganacl|72\/100\n|move|p2a: Vikavolt|Bug Buzz|p1b: Garganacl\n|-supereffective|p1b: Garganacl\n|-damage|p1b: Garganacl|0 fnt\n|faint|p1b: Garganacl\n|\n|win|Not our Business\n|c|&|\/uhtml prompt-notourbusiness,Not our Business is ready for game 2!\n|inactive|Pnuma has 50 seconds to confirm battle start!\n|inactive|Pnuma has 40 seconds to confirm battle start!\n|inactive|Pnuma has 30 seconds to confirm battle start!\n|inactive|Pnuma has 20 seconds to confirm battle start!\n|inactive|Pnuma has 10 seconds to confirm battle start!\n|c|&|\/uhtml prompt-notourbusiness,Not our Business is ready for game 2!\n|c|&|\/uhtml prompt-pnuma,Pnuma is ready for game 2!\nBoth players are ready! Starting next match!\n","uploadtime":1700686408,"views":26,"p1id":"pnuma","p2id":"notourbusiness","formatid":"gen9vgc2023regulatione","rating":0,"private":0,"password":""}