{"id":"gen9vgc2023regulatione-1991676300","p1":"Reversery","p2":"hunter16k","format":"[Gen 9] VGC 2023 Regulation E","log":"|j|\u2606Reversery\n|j|\u2606hunter16k\n|n|\u2606Reversery|reversery\n|n|\u2606hunter16k|hunter16k\n|html|View the match progress at <a href=\"\/game-bestof3-gen9vgc2023regulatione-1991673801\">game-bestof3-gen9vgc2023regulatione-1991673801<\/a>\n|t:|1700101428\n|gametype|doubles\n|player|p1|Reversery|dawn-gen4pt|\n|player|p2|hunter16k|skyla|\n|teamsize|p1|6\n|teamsize|p2|6\n|gen|9\n|tier|[Gen 9] VGC 2023 Regulation E\n|rule|Species Clause: Limit one of each Pok\u00e9mon\n|rule|Item Clause: Limit one of each item\n|clearpoke\n|poke|p1|Rillaboom, L50, M|\n|poke|p1|Heatran, L50, M|\n|poke|p1|Clefairy, L50, F|\n|poke|p1|Eiscue, L50, M|\n|poke|p1|Oranguru, L50, M|\n|poke|p1|Crabominable, L50, M|\n|poke|p2|Arcanine, L50, M|\n|poke|p2|Scizor, L50, F|\n|poke|p2|Dragonite, L50, M|\n|poke|p2|Regieleki, L50|\n|poke|p2|Milotic, L50, F|\n|poke|p2|Mesprit, L50|\n|teampreview|4\n|\n|t:|1700101469\n|start\n|switch|p1a: Just Crab|Crabominable, L50, M|100\/100\n|switch|p1b: Cool But Not|Heatran, L50, M|100\/100\n|switch|p2a: Coke|Arcanine, L50, M|100\/100\n|switch|p2b: Pepsi|Milotic, L50, F|100\/100\n|-ability|p2a: Coke|Intimidate|boost\n|-unboost|p1a: Just Crab|atk|1\n|-unboost|p1b: Cool But Not|atk|1\n|-item|p1b: Cool But Not|Air Balloon\n|turn|1\n|\n|t:|1700101497\n|move|p2a: Coke|Protect|p2a: Coke\n|-singleturn|p2a: Coke|Protect\n|move|p1b: Cool But Not|Protect|p1b: Cool But Not\n|-singleturn|p1b: Cool But Not|Protect\n|move|p2b: Pepsi|Scald|p1b: Cool But Not\n|-activate|p1b: Cool But Not|move: Protect\n|move|p1a: Just Crab|Thunder Punch|p2b: Pepsi\n|-supereffective|p2b: Pepsi\n|-damage|p2b: Pepsi|69\/100\n|\n|-heal|p2b: Pepsi|75\/100|[from] item: Leftovers\n|upkeep\n|turn|2\n|\n|t:|1700101534\n|move|p2a: Coke|Will-O-Wisp|p1a: Just Crab|[miss]\n|-miss|p2a: Coke|p1a: Just Crab\n|move|p1b: Cool But Not|Earth Power|p2a: Coke\n|-supereffective|p2a: Coke\n|-damage|p2a: Coke|40\/100\n|move|p2b: Pepsi|Scald|p1b: Cool But Not\n|-supereffective|p1b: Cool But Not\n|-damage|p1b: Cool But Not|45\/100\n|-enditem|p1b: Cool But Not|Air Balloon\n|move|p1a: Just Crab|Earthquake|p2a: Coke|[spread] p1b,p2a,p2b\n|-supereffective|p1b: Cool But Not\n|-supereffective|p2a: Coke\n|-damage|p1b: Cool But Not|0 fnt\n|-damage|p2a: Coke|5\/100\n|-damage|p2b: Pepsi|63\/100\n|faint|p1b: Cool But Not\n|\n|-heal|p2b: Pepsi|69\/100|[from] item: Leftovers\n|upkeep\n|\n|t:|1700101558\n|switch|p1b: Ding Dong|Rillaboom, L50, M|100\/100\n|-fieldstart|move: Grassy Terrain|[from] ability: Grassy Surge|[of] p1b: Ding Dong\n|turn|3\n|\n|t:|1700101574\n|move|p2a: Coke|Protect|p2a: Coke\n|-singleturn|p2a: Coke|Protect\n|move|p1b: Ding Dong|U-turn|p2a: Coke\n|-activate|p2a: Coke|move: Protect\n|move|p2b: Pepsi|Recover|p2b: Pepsi\n|-heal|p2b: Pepsi|100\/100\n|move|p1a: Just Crab|Thunder Punch|p2b: Pepsi\n|-supereffective|p2b: Pepsi\n|-damage|p2b: Pepsi|72\/100\n|\n|-heal|p2a: Coke|11\/100|[from] Grassy Terrain\n|-heal|p2b: Pepsi|78\/100|[from] Grassy Terrain\n|-heal|p2b: Pepsi|84\/100|[from] item: Leftovers\n|upkeep\n|turn|4\n|\n|t:|1700101624\n|switch|p2a: Dr. Pepper|Scizor, L50, F|100\/100\n|move|p2b: Pepsi|Protect|p2b: Pepsi\n|-singleturn|p2b: Pepsi|Protect\n|move|p1b: Ding Dong|U-turn|p2b: Pepsi\n|-activate|p2b: Pepsi|move: Protect\n|move|p1a: Just Crab|Drain Punch|p2a: Dr. Pepper\n|-damage|p2a: Dr. Pepper|71\/100\n|\n|-heal|p2b: Pepsi|90\/100|[from] Grassy Terrain\n|-heal|p2b: Pepsi|96\/100|[from] item: Leftovers\n|-heal|p2a: Dr. Pepper|77\/100|[from] Grassy Terrain\n|upkeep\n|turn|5\n|\n|t:|1700101663\n|move|p1b: Ding Dong|U-turn|p2b: Pepsi\n|-damage|p2b: Pepsi|68\/100\n|\n|t:|1700101671\n|switch|p1b: Pillow|Clefairy, L50, F|100\/100|[from] U-turn\n|move|p2b: Pepsi|Scald|p1a: Just Crab\n|-damage|p1a: Just Crab|86\/100\n|move|p2a: Dr. Pepper|U-turn|p1b: Pillow\n|-resisted|p1b: Pillow\n|-damage|p1b: Pillow|75\/100\n|\n|t:|1700101680\n|switch|p2a: Fanta|Dragonite, L50, M|100\/100|[from] U-turn\n|move|p1a: Just Crab|Drain Punch|p2a: Fanta\n|-resisted|p2a: Fanta\n|-damage|p2a: Fanta|87\/100\n|-heal|p1a: Just Crab|92\/100|[from] drain|[of] p2a: Fanta\n|\n|-heal|p2b: Pepsi|74\/100|[from] Grassy Terrain\n|-heal|p2b: Pepsi|80\/100|[from] item: Leftovers\n|-heal|p1a: Just Crab|98\/100|[from] Grassy Terrain\n|-heal|p1b: Pillow|81\/100|[from] Grassy Terrain\n|upkeep\n|turn|6\n|\n|t:|1700101725\n|switch|p2b: Dr. Pepper|Scizor, L50, F|77\/100\n|-terastallize|p2a: Fanta|Normal\n|move|p1b: Pillow|Helping Hand|p1a: Just Crab\n|-singleturn|p1a: Just Crab|Helping Hand|[of] p1b: Pillow\n|move|p2a: Fanta|Extreme Speed|p1b: Pillow\n|-damage|p1b: Pillow|41\/100\n|move|p1a: Just Crab|Ice Hammer|p2a: Fanta\n|-damage|p2a: Fanta|28\/100\n|-unboost|p1a: Just Crab|spe|1\n|\n|-heal|p2a: Fanta|33\/100|[from] Grassy Terrain\n|-heal|p2b: Dr. Pepper|83\/100|[from] Grassy Terrain\n|-heal|p1b: Pillow|47\/100|[from] Grassy Terrain\n|-heal|p1a: Just Crab|100\/100|[from] Grassy Terrain\n|upkeep\n|turn|7\n|\n|t:|1700101766\n|move|p1b: Pillow|Protect|p1b: Pillow\n|-singleturn|p1b: Pillow|Protect\n|move|p2a: Fanta|Extreme Speed|p1b: Pillow\n|-activate|p1b: Pillow|move: Protect\n|move|p2b: Dr. Pepper|Close Combat|p1a: Just Crab\n|-supereffective|p1a: Just Crab\n|-damage|p1a: Just Crab|0 fnt\n|-unboost|p2b: Dr. Pepper|def|1\n|-unboost|p2b: Dr. Pepper|spd|1\n|faint|p1a: Just Crab\n|\n|-heal|p2a: Fanta|39\/100|[from] Grassy Terrain\n|-heal|p2b: Dr. Pepper|89\/100|[from] Grassy Terrain\n|-heal|p1b: Pillow|54\/100|[from] Grassy Terrain\n|-fieldend|move: Grassy Terrain\n|upkeep\n|\n|t:|1700101781\n|switch|p1a: Ding Dong|Rillaboom, L50, M|100\/100\n|-fieldstart|move: Grassy Terrain|[from] ability: Grassy Surge|[of] p1a: Ding Dong\n|turn|8\n|\n|t:|1700101809\n|switch|p2b: Coke|Arcanine, L50, M|11\/100\n|-ability|p2b: Coke|Intimidate|boost\n|-unboost|p1a: Ding Dong|atk|1\n|-unboost|p1b: Pillow|atk|1\n|move|p1b: Pillow|Helping Hand|p1a: Ding Dong\n|-singleturn|p1a: Ding Dong|Helping Hand|[of] p1b: Pillow\n|move|p2a: Fanta|Extreme Speed|p1a: Ding Dong\n|-damage|p1a: Ding Dong|62\/100\n|move|p1a: Ding Dong|Grassy Glide|p2a: Fanta\n|-damage|p2a: Fanta|0 fnt\n|faint|p2a: Fanta\n|\n|-heal|p1a: Ding Dong|68\/100|[from] Grassy Terrain\n|-heal|p2b: Coke|17\/100|[from] Grassy Terrain\n|-heal|p1b: Pillow|60\/100|[from] Grassy Terrain\n|upkeep\n|\n|t:|1700101830\n|switch|p2a: Dr. Pepper|Scizor, L50, F|89\/100\n|turn|9\n|\n|t:|1700101839\n|switch|p2b: Pepsi|Milotic, L50, F|80\/100\n|move|p1b: Pillow|Protect|p1b: Pillow\n|-singleturn|p1b: Pillow|Protect\n|move|p1a: Ding Dong|Grassy Glide|p2b: Pepsi\n|-supereffective|p2b: Pepsi\n|-damage|p2b: Pepsi|18\/100\n|move|p2a: Dr. Pepper|U-turn|p1a: Ding Dong\n|-supereffective|p1a: Ding Dong\n|-damage|p1a: Ding Dong|0 fnt\n|faint|p1a: Ding Dong\n|\n|t:|1700101850\n|switch|p2a: Coke|Arcanine, L50, M|17\/100|[from] U-turn\n|-ability|p2a: Coke|Intimidate|boost\n|-unboost|p1b: Pillow|atk|1\n|\n|-heal|p2a: Coke|23\/100|[from] Grassy Terrain\n|-heal|p2b: Pepsi|24\/100|[from] Grassy Terrain\n|-heal|p2b: Pepsi|30\/100|[from] item: Leftovers\n|-heal|p1b: Pillow|66\/100|[from] Grassy Terrain\n|upkeep\n|turn|10\n|\n|t:|1700101891\n|-terastallize|p1b: Pillow|Fire\n|move|p1b: Pillow|Protect|p1b: Pillow\n|-singleturn|p1b: Pillow|Protect\n|move|p2a: Coke|Flare Blitz|p1b: Pillow\n|-activate|p1b: Pillow|move: Protect\n|move|p2b: Pepsi|Recover|p2b: Pepsi\n|-heal|p2b: Pepsi|80\/100\n|\n|-heal|p2a: Coke|29\/100|[from] Grassy Terrain\n|-heal|p2b: Pepsi|86\/100|[from] Grassy Terrain\n|-heal|p2b: Pepsi|92\/100|[from] item: Leftovers\n|-heal|p1b: Pillow|72\/100|[from] Grassy Terrain\n|upkeep\n|turn|11\n|\n|t:|1700101912\n|move|p2a: Coke|Extreme Speed|p1b: Pillow\n|-damage|p1b: Pillow|51\/100\n|move|p1b: Pillow|Follow Me|p1b: Pillow\n|-singleturn|p1b: Pillow|move: Follow Me\n|move|p2b: Pepsi|Scald|p1b: Pillow\n|-supereffective|p1b: Pillow\n|-damage|p1b: Pillow|6\/100\n|\n|-heal|p2a: Coke|36\/100|[from] Grassy Terrain\n|-heal|p2b: Pepsi|98\/100|[from] Grassy Terrain\n|-heal|p2b: Pepsi|100\/100|[from] item: Leftovers\n|-heal|p1b: Pillow|12\/100|[from] Grassy Terrain\n|upkeep\n|turn|12\n|c|\u2606Reversery|gg\n|\n|t:|1700101928\n|move|p1b: Pillow|Protect|p1b: Pillow\n|-singleturn|p1b: Pillow|Protect\n|move|p2a: Coke|Extreme Speed|p1b: Pillow\n|-activate|p1b: Pillow|move: Protect\n|move|p2b: Pepsi|Scald|p1b: Pillow\n|-activate|p1b: Pillow|move: Protect\n|\n|-heal|p2a: Coke|42\/100|[from] Grassy Terrain\n|-heal|p1b: Pillow|19\/100|[from] Grassy Terrain\n|-fieldend|move: Grassy Terrain\n|upkeep\n|turn|13\n|c|\u2606hunter16k|gg\n|\n|t:|1700101942\n|move|p1b: Pillow|Protect|p1b: Pillow\n|-singleturn|p1b: Pillow|Protect\n|move|p2a: Coke|Extreme Speed|p1b: Pillow\n|-activate|p1b: Pillow|move: Protect\n|move|p2b: Pepsi|Scald|p1b: Pillow\n|-activate|p1b: Pillow|move: Protect\n|\n|upkeep\n|turn|14\n|c|\u2606hunter16k|any second now\n|c|\u2606Reversery|bro\n|\n|t:|1700101963\n|move|p1b: Pillow|Protect||[still]\n|-fail|p1b: Pillow\n|move|p2a: Coke|Extreme Speed|p1b: Pillow\n|-damage|p1b: Pillow|0 fnt\n|faint|p1b: Pillow\n|\n|win|hunter16k\n|c|\u2606hunter16k|ggs\n|c|\u2606Reversery|gg llol\n","uploadtime":1700101974,"views":38,"p1id":"reversery","p2id":"hunter16k","formatid":"gen9vgc2023regulatione","rating":0,"private":0,"password":""}