{"id":"gen9vgc2023regulatione-1997926699","p1":"Venefici","p2":"Apollo213","format":"[Gen 9] VGC 2023 Regulation E","log":"|j|\u2606Venefici\n|j|\u2606Apollo213\n|t:|1700868328\n|gametype|doubles\n|player|p1|Venefici|hugh|1161\n|player|p2|Apollo213|2|1150\n|teamsize|p1|6\n|teamsize|p2|6\n|gen|9\n|tier|[Gen 9] VGC 2023 Regulation E\n|rated|\n|rule|Species Clause: Limit one of each Pok\u00e9mon\n|rule|Item Clause: Limit one of each item\n|clearpoke\n|poke|p1|Volcarona, L50, M|\n|poke|p1|Sinistcha, L50|\n|poke|p1|Snorlax, L50, F|\n|poke|p1|Milotic, L50, M|\n|poke|p1|Indeedee-F, L50, F|\n|poke|p1|Iron Hands, L50|\n|poke|p2|Chi-Yu, L50|\n|poke|p2|Meowscarada, L50, M|\n|poke|p2|Flutter Mane, L50|\n|poke|p2|Regieleki, L50|\n|poke|p2|Fezandipiti, L50, M|\n|poke|p2|Iron Bundle, L50|\n|teampreview|4\n|inactive|Battle timer is ON: inactive players will automatically lose when time's up. (requested by Apollo213)\n|inactive|Venefici also wants the timer to be on.\n|inactive|Venefici has 60 seconds left.\n|inactive|Apollo213 has 60 seconds left.\n|\n|t:|1700868364\n|start\n|switch|p1a: Volcarona|Volcarona, L50, M|100\/100\n|switch|p1b: Sinistcha|Sinistcha, L50|100\/100\n|switch|p2a: Flutter Mane|Flutter Mane, L50|100\/100\n|switch|p2b: Chi-Yu|Chi-Yu, L50|100\/100\n|-ability|p2b: Chi-Yu|Beads of Ruin\n|turn|1\n|\n|t:|1700868388\n|-terastallize|p1b: Sinistcha|Water\n|move|p1b: Sinistcha|Rage Powder|p1b: Sinistcha\n|-singleturn|p1b: Sinistcha|move: Rage Powder\n|move|p2a: Flutter Mane|Dazzling Gleam|p1b: Sinistcha|[spread] p1a,p1b\n|-resisted|p1a: Volcarona\n|-damage|p1a: Volcarona|83\/100\n|-damage|p1b: Sinistcha|62\/100\n|move|p2b: Chi-Yu|Nasty Plot|p2b: Chi-Yu\n|-boost|p2b: Chi-Yu|spa|2\n|move|p1a: Volcarona|Quiver Dance|p1a: Volcarona\n|-boost|p1a: Volcarona|spa|1\n|-boost|p1a: Volcarona|spd|1\n|-boost|p1a: Volcarona|spe|1\n|\n|-heal|p1a: Volcarona|88\/100|[from] item: Leftovers\n|upkeep\n|turn|2\n|inactive|Venefici has 30 seconds left.\n|inactive|Apollo213 has 30 seconds left.\n|inactive|Apollo213 has 20 seconds left.\n|\n|t:|1700868427\n|-terastallize|p2b: Chi-Yu|Fire\n|move|p2a: Flutter Mane|Shadow Ball|p1a: Volcarona\n|-damage|p1a: Volcarona|55\/100\n|move|p1a: Volcarona|Fiery Dance|p2b: Chi-Yu\n|-resisted|p2b: Chi-Yu\n|-damage|p2b: Chi-Yu|68\/100\n|move|p2b: Chi-Yu|Heat Wave|p1b: Sinistcha|[spread] p1a,p1b\n|-resisted|p1b: Sinistcha\n|-damage|p1a: Volcarona|0 fnt\n|-damage|p1b: Sinistcha|1\/100\n|-enditem|p1b: Sinistcha|Wiki Berry|[eat]\n|-heal|p1b: Sinistcha|34\/100|[from] item: Wiki Berry\n|faint|p1a: Volcarona\n|move|p1b: Sinistcha|Life Dew|p1b: Sinistcha\n|-heal|p1b: Sinistcha|59\/100\n|\n|upkeep\n|\n|t:|1700868450\n|switch|p1a: Iron Hands|Iron Hands, L50|100\/100\n|turn|3\n|\n|t:|1700868463\n|switch|p1b: Snorlax|Snorlax, L50, F|100\/100\n|move|p1a: Iron Hands|Fake Out|p2b: Chi-Yu\n|-damage|p2b: Chi-Yu|41\/100\n|move|p2a: Flutter Mane|Dazzling Gleam|p1a: Iron Hands|[spread] p1a,p1b\n|-supereffective|p1a: Iron Hands\n|-damage|p1a: Iron Hands|53\/100\n|-damage|p1b: Snorlax|72\/100\n|cant|p2b: Chi-Yu|flinch\n|\n|upkeep\n|turn|4\n|\n|t:|1700868476\n|move|p1b: Snorlax|Protect|p1b: Snorlax\n|-singleturn|p1b: Snorlax|Protect\n|move|p2a: Flutter Mane|Dazzling Gleam|p1b: Snorlax|[spread] p1a\n|-activate|p1b: Snorlax|move: Protect\n|-supereffective|p1a: Iron Hands\n|-damage|p1a: Iron Hands|8\/100\n|move|p2b: Chi-Yu|Heat Wave|p1b: Snorlax|[spread] \n|-activate|p1b: Snorlax|move: Protect\n|-miss|p2b: Chi-Yu|p1a: Iron Hands\n|move|p1a: Iron Hands|Drain Punch|p2b: Chi-Yu\n|-damage|p2b: Chi-Yu|0 fnt\n|-heal|p1a: Iron Hands|19\/100|[from] drain|[of] p2b: Chi-Yu\n|faint|p2b: Chi-Yu\n|\n|upkeep\n|inactive|Apollo213 has 30 seconds left.\n|\n|t:|1700868503\n|switch|p2b: Regieleki|Regieleki, L50|100\/100\n|turn|5\n|\n|t:|1700868521\n|-end|p1a: Iron Hands|Quark Drive|[silent]\n|switch|p1a: Sinistcha|Sinistcha, L50, tera:Water|59\/100\n|-heal|p1b: Snorlax|97\/100|[from] ability: Hospitality|[of] p1a: Sinistcha\n|move|p2b: Regieleki|Volt Switch|p1b: Snorlax\n|-damage|p1b: Snorlax|68\/100\n|\n|t:|1700868529\n|switch|p2b: Iron Bundle|Iron Bundle, L50|100\/100|[from] Volt Switch\n|-enditem|p2b: Iron Bundle|Booster Energy\n|-activate|p2b: Iron Bundle|ability: Quark Drive|[fromitem]\n|-start|p2b: Iron Bundle|quarkdrivespe\n|move|p2a: Flutter Mane|Dazzling Gleam|p1b: Snorlax|[spread] p1a,p1b\n|-damage|p1a: Sinistcha|31\/100\n|-damage|p1b: Snorlax|47\/100\n|-enditem|p1b: Snorlax|Sitrus Berry|[eat]\n|-heal|p1b: Snorlax|72\/100|[from] item: Sitrus Berry\n|move|p1b: Snorlax|Belly Drum|p1b: Snorlax\n|-damage|p1b: Snorlax|22\/100\n|-setboost|p1b: Snorlax|atk|6|[from] move: Belly Drum\n|\n|upkeep\n|turn|6\n|inactive|Apollo213 has 30 seconds left.\n|\n|t:|1700868563\n|switch|p1a: Iron Hands|Iron Hands, L50|19\/100\n|move|p1b: Snorlax|Protect|p1b: Snorlax\n|-singleturn|p1b: Snorlax|Protect\n|move|p2b: Iron Bundle|Freeze-Dry|p1b: Snorlax\n|-activate|p1b: Snorlax|move: Protect\n|move|p2a: Flutter Mane|Dazzling Gleam|p1a: Iron Hands|[spread] p1a\n|-activate|p1b: Snorlax|move: Protect\n|-supereffective|p1a: Iron Hands\n|-damage|p1a: Iron Hands|0 fnt\n|faint|p1a: Iron Hands\n|-end|p1a: Iron Hands|Quark Drive|[silent]\n|\n|upkeep\n|\n|t:|1700868578\n|switch|p1a: Sinistcha|Sinistcha, L50, tera:Water|31\/100\n|-heal|p1b: Snorlax|46\/100|[from] ability: Hospitality|[of] p1a: Sinistcha\n|turn|7\n|\n|t:|1700868592\n|move|p2b: Iron Bundle|Freeze-Dry|p1a: Sinistcha\n|-supereffective|p1a: Sinistcha\n|-damage|p1a: Sinistcha|0 fnt\n|faint|p1a: Sinistcha\n|move|p2a: Flutter Mane|Dazzling Gleam|p1b: Snorlax\n|-damage|p1b: Snorlax|18\/100\n|move|p1b: Snorlax|Body Slam|p2b: Iron Bundle\n|-damage|p2b: Iron Bundle|0 fnt\n|faint|p2b: Iron Bundle\n|-end|p2b: Iron Bundle|Quark Drive|[silent]\n|\n|upkeep\n|\n|t:|1700868601\n|switch|p2b: Regieleki|Regieleki, L50|100\/100\n|turn|8\n|\n|t:|1700868609\n|move|p1b: Snorlax|Protect|p1b: Snorlax\n|-singleturn|p1b: Snorlax|Protect\n|move|p2b: Regieleki|Thunderbolt|p1b: Snorlax\n|-activate|p1b: Snorlax|move: Protect\n|move|p2a: Flutter Mane|Dazzling Gleam|p1b: Snorlax\n|-activate|p1b: Snorlax|move: Protect\n|\n|upkeep\n|turn|9\n|\n|t:|1700868629\n|move|p2b: Regieleki|Thunderbolt|p1b: Snorlax\n|-damage|p1b: Snorlax|0 fnt\n|faint|p1b: Snorlax\n|\n|win|Apollo213\n|raw|Venefici's rating: 1161 &rarr; <strong>1135<\/strong><br \/>(-26 for losing)\n|raw|Apollo213's rating: 1150 &rarr; <strong>1176<\/strong><br \/>(+26 for winning)\n|l|\u2606Apollo213\n","uploadtime":1700868638,"views":3,"p1id":"venefici","p2id":"apollo213","formatid":"gen9vgc2023regulatione","rating":1135,"private":0,"password":""}