{"id":"gen9vgc2023regulatione-1997898826","p1":"JL_GAMER7","p2":"DragonSniper555","format":"[Gen 9] VGC 2023 Regulation E","log":"|j|\u2606JL_GAMER7\n|j|\u2606DragonSniper555\n|t:|1700865122\n|gametype|doubles\n|player|p1|JL_GAMER7|hilbert|\n|player|p2|DragonSniper555|1|\n|teamsize|p1|6\n|teamsize|p2|6\n|gen|9\n|tier|[Gen 9] VGC 2023 Regulation E\n|rule|Species Clause: Limit one of each Pok\u00e9mon\n|rule|Item Clause: Limit one of each item\n|clearpoke\n|poke|p1|Armarouge, L50, F|\n|poke|p1|Indeedee-F, L50, F|\n|poke|p1|Torkoal, L50, M|\n|poke|p1|Kingambit, L50, F|\n|poke|p1|Lilligant, L50, F|\n|poke|p1|Iron Hands, L50|\n|poke|p2|Iron Jugulis, L50|\n|poke|p2|Great Tusk, L50|\n|poke|p2|Iron Bundle, L50|\n|poke|p2|Iron Hands, L50|\n|poke|p2|Gholdengo, L50|\n|poke|p2|Gothitelle, L50, M|\n|teampreview|4\n|j| SlashLigue\n|c| SlashLigue|ya podeis empezar\n|inactive|Battle timer is ON: inactive players will automatically lose when time's up. (requested by JL_GAMER7)\n|j| NutriaToxica\n|\n|t:|1700865139\n|start\n|switch|p1a: Est\u00e1 que arde|Torkoal, L50, M|100\/100\n|switch|p1b: La plantica|Lilligant, L50, F|100\/100\n|switch|p2a: La hidrah|Iron Jugulis, L50|100\/100\n|switch|p2b: El Papa Nueces|Iron Bundle, L50|100\/100\n|-weather|SunnyDay|[from] ability: Drought|[of] p1a: Est\u00e1 que arde\n|-enditem|p2a: La hidrah|Booster Energy\n|-activate|p2a: La hidrah|ability: Quark Drive|[fromitem]\n|-start|p2a: La hidrah|quarkdrivespe\n|turn|1\n|j| tormentita013\n|\n|t:|1700865152\n|-terastallize|p1a: Est\u00e1 que arde|Fire\n|move|p2a: La hidrah|Protect|p2a: La hidrah\n|-singleturn|p2a: La hidrah|Protect\n|move|p1b: La plantica|After You|p1a: Est\u00e1 que arde\n|-activate|p1a: Est\u00e1 que arde|move: After You\n|move|p1a: Est\u00e1 que arde|Eruption|p2a: La hidrah|[spread] p2b\n|-activate|p2a: La hidrah|move: Protect\n|-enditem|p2b: El Papa Nueces|Focus Sash\n|-damage|p2b: El Papa Nueces|1\/100\n|move|p2b: El Papa Nueces|Icy Wind|p1a: Est\u00e1 que arde|[spread] p1a,p1b\n|-resisted|p1a: Est\u00e1 que arde\n|-supereffective|p1b: La plantica\n|-damage|p1a: Est\u00e1 que arde|87\/100\n|-damage|p1b: La plantica|52\/100\n|-unboost|p1a: Est\u00e1 que arde|spe|1\n|-unboost|p1b: La plantica|spe|1\n|\n|-weather|SunnyDay|[upkeep]\n|upkeep\n|turn|2\n|j| drakig\n|j| MasterArios\n|j| efedefelipe93\n|j| ramagamer107\n|\n|t:|1700865169\n|move|p2a: La hidrah|Tailwind|p2a: La hidrah\n|-sidestart|p2: DragonSniper555|move: Tailwind\n|move|p2b: El Papa Nueces|Icy Wind|p1b: La plantica|[spread] p1a,p1b\n|-resisted|p1a: Est\u00e1 que arde\n|-supereffective|p1b: La plantica\n|-damage|p1a: Est\u00e1 que arde|74\/100\n|-damage|p1b: La plantica|0 fnt\n|-unboost|p1a: Est\u00e1 que arde|spe|1\n|faint|p1b: La plantica\n|move|p1a: Est\u00e1 que arde|Eruption|p2a: La hidrah|[spread] p2a,p2b\n|-crit|p2a: La hidrah\n|-damage|p2a: La hidrah|0 fnt\n|-damage|p2b: El Papa Nueces|0 fnt\n|faint|p2a: La hidrah\n|-end|p2a: La hidrah|Quark Drive|[silent]\n|faint|p2b: El Papa Nueces\n|-end|p2b: El Papa Nueces|Quark Drive|[silent]\n|\n|-weather|SunnyDay|[upkeep]\n|upkeep\n|\n|t:|1700865199\n|switch|p2b: La Emo|Gothitelle, L50, M|100\/100\n|switch|p2a: Er Cormilloh|Great Tusk, L50|100\/100\n|switch|p1b: las manicas relaja|Iron Hands, L50|100\/100\n|-activate|p2a: Er Cormilloh|ability: Protosynthesis\n|-start|p2a: Er Cormilloh|protosynthesisatk\n|-enditem|p1b: las manicas relaja|Booster Energy\n|-activate|p1b: las manicas relaja|ability: Quark Drive|[fromitem]\n|-start|p1b: las manicas relaja|quarkdriveatk\n|turn|3\n|\n|t:|1700865212\n|move|p2a: Er Cormilloh|Protect|p2a: Er Cormilloh\n|-singleturn|p2a: Er Cormilloh|Protect\n|move|p1b: las manicas relaja|Fake Out|p2a: Er Cormilloh\n|-activate|p2a: Er Cormilloh|move: Protect\n|move|p2b: La Emo|Charm|p1b: las manicas relaja\n|-unboost|p1b: las manicas relaja|atk|2\n|move|p1a: Est\u00e1 que arde|Eruption|p2b: La Emo|[spread] p2b\n|-activate|p2a: Er Cormilloh|move: Protect\n|-damage|p2b: La Emo|36\/100\n|\n|-weather|SunnyDay|[upkeep]\n|-heal|p2b: La Emo|42\/100|[from] item: Leftovers\n|upkeep\n|turn|4\n|inactive|JL_GAMER7 has 30 seconds left.\n|inactive|JL_GAMER7 has 20 seconds left.\n|inactive|JL_GAMER7 has 15 seconds left.\n|\n|t:|1700865254\n|move|p2b: La Emo|Protect|p2b: La Emo\n|-singleturn|p2b: La Emo|Protect\n|move|p2a: Er Cormilloh|Earthquake|p1a: Est\u00e1 que arde|[spread] p1a,p1b\n|-activate|p2b: La Emo|move: Protect\n|-supereffective|p1a: Est\u00e1 que arde\n|-supereffective|p1b: las manicas relaja\n|-damage|p1a: Est\u00e1 que arde|0 fnt\n|-damage|p1b: las manicas relaja|19\/100\n|faint|p1a: Est\u00e1 que arde\n|-damage|p2a: Er Cormilloh|91\/100|[from] item: Life Orb\n|move|p1b: las manicas relaja|Drain Punch|p2a: Er Cormilloh\n|-damage|p2a: Er Cormilloh|67\/100\n|-heal|p1b: las manicas relaja|27\/100|[from] drain|[of] p2a: Er Cormilloh\n|\n|-weather|SunnyDay|[upkeep]\n|-heal|p2b: La Emo|49\/100|[from] item: Leftovers\n|upkeep\n|\n|t:|1700865264\n|switch|p1a: El fuegitos|Armarouge, L50, F|100\/100\n|turn|5\n|inactive|JL_GAMER7 has 30 seconds left.\n|inactive|JL_GAMER7 has 20 seconds left.\n|\n|t:|1700865301\n|-terastallize|p2a: Er Cormilloh|Ground\n|move|p2a: Er Cormilloh|Earthquake|p1b: las manicas relaja|[spread] p2b,p1a,p1b\n|-crit|p2b: La Emo\n|-supereffective|p1a: El fuegitos\n|-supereffective|p1b: las manicas relaja\n|-damage|p2b: La Emo|0 fnt\n|-damage|p1a: El fuegitos|0 fnt\n|-damage|p1b: las manicas relaja|0 fnt\n|faint|p2b: La Emo\n|faint|p1a: El fuegitos\n|faint|p1b: las manicas relaja\n|-end|p1b: las manicas relaja|Quark Drive|[silent]\n|-damage|p2a: Er Cormilloh|58\/100|[from] item: Life Orb\n|\n|win|DragonSniper555\n|c|\u2606DragonSniper555|GG\n|l|\u2606DragonSniper555\n|c| MasterArios|GG\n|l|\u2606JL_GAMER7\n|l| MasterArios\n","uploadtime":1700865334,"views":10,"p1id":"jlgamer7","p2id":"dragonsniper555","formatid":"gen9vgc2023regulatione","rating":0,"private":0,"password":""}