{"id":"gen9vgc2023regulatione-1988817062","p1":"Sakunah","p2":"wholesomeisland","format":"[Gen 9] VGC 2023 Regulation E","log":"|j|\u2606Sakunah\n|j|\u2606wholesomeisland\n|t:|1699767523\n|gametype|doubles\n|player|p1|Sakunah|170|1145\n|player|p2|wholesomeisland|101|1116\n|teamsize|p1|6\n|teamsize|p2|6\n|gen|9\n|tier|[Gen 9] VGC 2023 Regulation E\n|rated|\n|rule|Species Clause: Limit one of each Pok\u00e9mon\n|rule|Item Clause: Limit one of each item\n|clearpoke\n|poke|p1|Zoroark-Hisui, L50, M|\n|poke|p1|Maushold, L50|\n|poke|p1|Kingambit, L50, F|\n|poke|p1|Flutter Mane, L50|\n|poke|p1|Chien-Pao, L50|\n|poke|p1|Kommo-o, L50, M|\n|poke|p2|Tornadus, L50, M|\n|poke|p2|Cresselia, L50, F|\n|poke|p2|Arcanine, L50, M|\n|poke|p2|Amoonguss, L50, F|\n|poke|p2|Garchomp, L50, M|\n|poke|p2|Iron Valiant, L50|\n|teampreview|4\n|inactive|Battle timer is ON: inactive players will automatically lose when time's up. (requested by wholesomeisland)\n|inactive|Sakunah has 60 seconds left.\n|\n|t:|1699767565\n|start\n|switch|p1a: Kingambit|Kingambit, L50, F|100\/100\n|switch|p1b: Chien-Pao|Chien-Pao, L50|100\/100\n|switch|p2a: Tornadus|Tornadus, L50, M, shiny|100\/100\n|switch|p2b: Cresselia|Cresselia, L50, F, shiny|100\/100\n|-ability|p1b: Chien-Pao|Sword of Ruin\n|turn|1\n|\n|t:|1699767590\n|-terastallize|p2b: Cresselia|Fairy\n|move|p2a: Tornadus|Tailwind|p2a: Tornadus\n|-sidestart|p2: wholesomeisland|move: Tailwind\n|move|p2b: Cresselia|Calm Mind|p2b: Cresselia\n|-boost|p2b: Cresselia|spa|1\n|-boost|p2b: Cresselia|spd|1\n|move|p1b: Chien-Pao|Icicle Crash|p2a: Tornadus\n|-supereffective|p2a: Tornadus\n|-damage|p2a: Tornadus|0 fnt\n|faint|p2a: Tornadus\n|move|p1a: Kingambit|Kowtow Cleave|p2b: Cresselia\n|-resisted|p2b: Cresselia\n|-damage|p2b: Cresselia|71\/100\n|\n|-heal|p2b: Cresselia|78\/100|[from] item: Leftovers\n|upkeep\n|\n|t:|1699767600\n|switch|p2a: Garchomp|Garchomp, L50, M|100\/100\n|turn|2\n|\n|t:|1699767620\n|-terastallize|p1a: Kingambit|Flying\n|move|p2a: Garchomp|Protect|p2a: Garchomp\n|-singleturn|p2a: Garchomp|Protect\n|move|p2b: Cresselia|Calm Mind|p2b: Cresselia\n|-boost|p2b: Cresselia|spa|1\n|-boost|p2b: Cresselia|spd|1\n|move|p1b: Chien-Pao|Icicle Crash|p2a: Garchomp\n|-activate|p2a: Garchomp|move: Protect\n|move|p1a: Kingambit|Iron Head|p2b: Cresselia\n|-supereffective|p2b: Cresselia\n|-damage|p2b: Cresselia|0 fnt\n|faint|p2b: Cresselia\n|\n|upkeep\n|\n|t:|1699767631\n|switch|p2b: Iron Valiant|Iron Valiant, L50|100\/100\n|turn|3\n|inactive|Sakunah has 30 seconds left.\n|inactive|wholesomeisland has 30 seconds left.\n|\n|t:|1699767660\n|move|p1a: Kingambit|Protect|p1a: Kingambit\n|-singleturn|p1a: Kingambit|Protect\n|move|p2b: Iron Valiant|Spirit Break|p1b: Chien-Pao\n|-supereffective|p1b: Chien-Pao\n|-enditem|p1b: Chien-Pao|Focus Sash\n|-damage|p1b: Chien-Pao|1\/100\n|-unboost|p1b: Chien-Pao|spa|1\n|move|p2a: Garchomp|Rock Slide|p1b: Chien-Pao|[spread] p1b\n|-activate|p1a: Kingambit|move: Protect\n|-supereffective|p1b: Chien-Pao\n|-damage|p1b: Chien-Pao|0 fnt\n|faint|p1b: Chien-Pao\n|\n|upkeep\n|\n|t:|1699767676\n|switch|p1b: Flutter Mane|Flutter Mane, L50|100\/100\n|turn|4\n|inactive|wholesomeisland has 30 seconds left.\n|\n|t:|1699767703\n|switch|p1a: Maushold|Maushold, L50|100\/100\n|move|p2b: Iron Valiant|Spirit Break|p1b: Flutter Mane\n|-damage|p1b: Flutter Mane|18\/100\n|-unboost|p1b: Flutter Mane|spa|1\n|move|p2a: Garchomp|Rock Slide|p1b: Flutter Mane|[spread] p1a,p1b\n|-damage|p1a: Maushold|82\/100\n|-damage|p1b: Flutter Mane|0 fnt\n|faint|p1b: Flutter Mane\n|-end|p1b: Flutter Mane|Protosynthesis|[silent]\n|\n|-sideend|p2: wholesomeisland|move: Tailwind\n|upkeep\n|\n|t:|1699767718\n|switch|p1b: Kingambit|Kingambit, L50, F, tera:Flying|100\/100\n|turn|5\n|inactive|wholesomeisland has 30 seconds left.\n|\n|t:|1699767749\n|move|p1b: Kingambit|Protect|p1b: Kingambit\n|-singleturn|p1b: Kingambit|Protect\n|move|p2b: Iron Valiant|Spirit Break|p1a: Maushold\n|-damage|p1a: Maushold|24\/100\n|-unboost|p1a: Maushold|spa|1\n|move|p2a: Garchomp|Rock Slide|p1b: Kingambit|[spread] p1a\n|-activate|p1b: Kingambit|move: Protect\n|-damage|p1a: Maushold|6\/100\n|move|p1a: Maushold|Super Fang|p2a: Garchomp\n|-damage|p2a: Garchomp|51\/100\n|-damage|p1a: Maushold|0 fnt|[from] ability: Rough Skin|[of] p2a: Garchomp\n|faint|p1a: Maushold\n|\n|upkeep\n|turn|6\n|\n|t:|1699767768\n|move|p1b: Kingambit|Sucker Punch|p2a: Garchomp\n|-damage|p2a: Garchomp|0 fnt\n|-damage|p1b: Kingambit|88\/100|[from] ability: Rough Skin|[of] p2a: Garchomp\n|faint|p2a: Garchomp\n|move|p2b: Iron Valiant|Spirit Break|p1b: Kingambit\n|-damage|p1b: Kingambit|48\/100\n|-unboost|p1b: Kingambit|spa|1\n|-ability|p1b: Kingambit|Defiant|boost\n|-boost|p1b: Kingambit|atk|2\n|\n|upkeep\n|turn|7\n|\n|t:|1699767792\n|move|p2b: Iron Valiant|Spirit Break|p1b: Kingambit\n|-damage|p1b: Kingambit|7\/100\n|-unboost|p1b: Kingambit|spa|1\n|-ability|p1b: Kingambit|Defiant|boost\n|-boost|p1b: Kingambit|atk|2\n|move|p1b: Kingambit|Iron Head|p2b: Iron Valiant\n|-supereffective|p2b: Iron Valiant\n|-damage|p2b: Iron Valiant|0 fnt\n|faint|p2b: Iron Valiant\n|-end|p2b: Iron Valiant|Quark Drive|[silent]\n|\n|win|Sakunah\n|raw|Sakunah's rating: 1145 &rarr; <strong>1168<\/strong><br \/>(+23 for winning)\n|raw|wholesomeisland's rating: 1116 &rarr; <strong>1093<\/strong><br \/>(-23 for losing)\n","uploadtime":1699767804,"views":12,"p1id":"sakunah","p2id":"wholesomeisland","formatid":"gen9vgc2023regulatione","rating":1093,"private":0,"password":""}