{"id":"gen9vgc2023regulatione-1989718608","p1":"WickedCheeseTouch","p2":"kidturtle","format":"[Gen 9] VGC 2023 Regulation E","log":"|j|\u2606WickedCheeseTouch\n|j|\u2606kidturtle\n|n|\u2606WickedCheeseTouch|wickedcheesetouch\n|n|\u2606kidturtle|kidturtle\n|html|View the match progress at <a href=\"\/game-bestof3-gen9vgc2023regulatione-1989718607\">game-bestof3-gen9vgc2023regulatione-1989718607<\/a>\n|t:|1699889774\n|gametype|doubles\n|player|p1|WickedCheeseTouch|lucas|\n|player|p2|kidturtle|hoopster|\n|teamsize|p1|6\n|teamsize|p2|6\n|gen|9\n|tier|[Gen 9] VGC 2023 Regulation E\n|rated|Tournament battle\n|rule|Species Clause: Limit one of each Pok\u00e9mon\n|rule|Item Clause: Limit one of each item\n|clearpoke\n|poke|p1|Tornadus, L50, M|\n|poke|p1|Urshifu-*, L50, M|\n|poke|p1|Gholdengo, L50|\n|poke|p1|Arcanine-Hisui, L50, M|\n|poke|p1|Rillaboom, L50, M|\n|poke|p1|Ogerpon-Wellspring, L50, F|\n|poke|p2|Ursaluna, L50, M|\n|poke|p2|Cresselia, L50, F|\n|poke|p2|Flutter Mane, L50|\n|poke|p2|Chi-Yu, L50|\n|poke|p2|Iron Hands, L50|\n|poke|p2|Urshifu-*, L50, M|\n|teampreview|4\n|showteam|p1|Tornadus||CovertCloak|Prankster|BleakwindStorm,Tailwind,RainDance,Taunt|||M|||50|,,,,,Steel]Urshifu||FocusSash|UnseenFist|WickedBlow,CloseCombat,SuckerPunch,Protect|||M|||50|,,,,,Dark]Gholdengo||LifeOrb|GoodasGold|MakeItRain,ShadowBall,NastyPlot,Protect||||||50|,,,,,Steel]Arcanine-Hisui||SitrusBerry|Intimidate|FlareBlitz,RockSlide,ExtremeSpeed,WillOWisp|||M|||50|,,,,,Water]Rillaboom||AssaultVest|GrassySurge|FakeOut,WoodHammer,GrassyGlide,HighHorsepower|||M|||50|,,,,,Fire]Ogerpon-Wellspring||WellspringMask|WaterAbsorb|IvyCudgel,PowerWhip,FollowMe,SpikyShield|||F|||50|,,,,,Water\n|showteam|p2|Ursaluna||FlameOrb|Guts|Facade,Earthquake,SwordsDance,Protect|||M|||50|,,,,,Ghost]Cresselia||MentalHerb|Levitate|IceBeam,AllySwitch,LunarBlessing,TrickRoom|||F|||50|,,,,,Fairy]Flutter Mane||BoosterEnergy|Protosynthesis|IcyWind,ShadowBall,Moonblast,Protect||||||50|,,,,,Fairy]Chi-Yu||ChoiceSpecs|BeadsofRuin|BurningJealousy,DarkPulse,Overheat,Snarl||||||50|,,,,,Ghost]Iron Hands||SitrusBerry|QuarkDrive|DrainPunch,WildCharge,FakeOut,SwordsDance||||||50|,,,,,Fire]Urshifu||FocusSash|UnseenFist|Detect,WickedBlow,CloseCombat,SuckerPunch|||M|||50|,,,,,Dark\n|inactive|Battle timer is ON: inactive players will automatically lose when time's up. (requested by kidturtle)\n|inactive|WickedCheeseTouch has 60 seconds left.\n|\n|t:|1699889829\n|start\n|switch|p1a: Urshifu|Urshifu, L50, M|100\/100\n|switch|p1b: Ogerpon|Ogerpon-Wellspring, L50, F|100\/100\n|switch|p2a: Flutter Mane|Flutter Mane, L50, shiny|100\/100\n|switch|p2b: Chi-Yu|Chi-Yu, L50|100\/100\n|-ability|p2b: Chi-Yu|Beads of Ruin\n|-enditem|p2a: Flutter Mane|Booster Energy\n|-activate|p2a: Flutter Mane|ability: Protosynthesis|[fromitem]\n|-start|p2a: Flutter Mane|protosynthesisspe\n|turn|1\n|\n|t:|1699889843\n|switch|p1a: Arcanine|Arcanine-Hisui, L50, M|100\/100\n|-ability|p1a: Arcanine|Intimidate|boost\n|-unboost|p2a: Flutter Mane|atk|1\n|-unboost|p2b: Chi-Yu|atk|1\n|move|p1b: Ogerpon|Spiky Shield|p1b: Ogerpon\n|-singleturn|p1b: Ogerpon|move: Protect\n|move|p2a: Flutter Mane|Moonblast|p1b: Ogerpon\n|-activate|p1b: Ogerpon|move: Protect\n|move|p2b: Chi-Yu|Burning Jealousy|p1a: Arcanine|[spread] p1a\n|-activate|p1b: Ogerpon|move: Protect\n|-resisted|p1a: Arcanine\n|-damage|p1a: Arcanine|86\/100\n|\n|upkeep\n|turn|2\n|\n|t:|1699889872\n|move|p2a: Flutter Mane|Shadow Ball|p1a: Arcanine\n|-damage|p1a: Arcanine|29\/100\n|-unboost|p1a: Arcanine|spd|1\n|-enditem|p1a: Arcanine|Sitrus Berry|[eat]\n|-heal|p1a: Arcanine|54\/100|[from] item: Sitrus Berry\n|move|p2b: Chi-Yu|Burning Jealousy|p1a: Arcanine|[spread] p1a,p1b\n|-resisted|p1a: Arcanine\n|-damage|p1a: Arcanine|33\/100\n|-damage|p1b: Ogerpon|49\/100\n|move|p1a: Arcanine|Will-O-Wisp|p2b: Chi-Yu\n|-immune|p2b: Chi-Yu\n|move|p1b: Ogerpon|Ivy Cudgel|p2b: Chi-Yu\n|-supereffective|p2b: Chi-Yu\n|-damage|p2b: Chi-Yu|0 fnt\n|faint|p2b: Chi-Yu\n|\n|upkeep\n|\n|t:|1699889880\n|switch|p2b: Cresselia|Cresselia, L50, F|100\/100\n|turn|3\n|inactive|kidturtle has 30 seconds left.\n|\n|t:|1699889907\n|switch|p1a: Rillaboom|Rillaboom, L50, M, shiny|100\/100\n|-fieldstart|move: Grassy Terrain|[from] ability: Grassy Surge|[of] p1a: Rillaboom\n|move|p2a: Flutter Mane|Moonblast|p1a: Rillaboom\n|-damage|p1a: Rillaboom|64\/100\n|-unboost|p1a: Rillaboom|spa|1\n|move|p1b: Ogerpon|Power Whip|p2b: Cresselia\n|-damage|p2b: Cresselia|53\/100\n|move|p2b: Cresselia|Trick Room|p2b: Cresselia\n|-fieldstart|move: Trick Room|[of] p2b: Cresselia\n|\n|-heal|p1a: Rillaboom|70\/100|[from] Grassy Terrain\n|-heal|p1b: Ogerpon|55\/100|[from] Grassy Terrain\n|upkeep\n|turn|4\n|inactive|kidturtle has 30 seconds left.\n|inactive|kidturtle has 20 seconds left.\n|\n|t:|1699889942\n|switch|p2b: Ursaluna|Ursaluna, L50, M|100\/100\n|move|p2a: Flutter Mane|Protect|p2a: Flutter Mane\n|-singleturn|p2a: Flutter Mane|Protect\n|move|p1a: Rillaboom|Fake Out|p2b: Ursaluna\n|-damage|p2b: Ursaluna|91\/100\n|move|p1b: Ogerpon|Ivy Cudgel|p2b: Ursaluna\n|-supereffective|p2b: Ursaluna\n|-damage|p2b: Ursaluna|12\/100\n|\n|-heal|p2b: Ursaluna|18\/100|[from] Grassy Terrain\n|-heal|p1a: Rillaboom|76\/100|[from] Grassy Terrain\n|-heal|p1b: Ogerpon|60\/100|[from] Grassy Terrain\n|-status|p2b: Ursaluna|brn|[from] item: Flame Orb\n|upkeep\n|turn|5\n|\n|t:|1699889958\n|-end|p2a: Flutter Mane|Protosynthesis|[silent]\n|switch|p2a: Cresselia|Cresselia, L50, F|53\/100\n|move|p2b: Ursaluna|Protect|p2b: Ursaluna\n|-singleturn|p2b: Ursaluna|Protect\n|move|p1a: Rillaboom|Grassy Glide|p2b: Ursaluna\n|-activate|p2b: Ursaluna|move: Protect\n|move|p1b: Ogerpon|Power Whip|p2a: Cresselia\n|-damage|p2a: Cresselia|8\/100\n|\n|-heal|p2b: Ursaluna|24\/100 brn|[from] Grassy Terrain\n|-heal|p1a: Rillaboom|82\/100|[from] Grassy Terrain\n|-heal|p1b: Ogerpon|66\/100|[from] Grassy Terrain\n|-damage|p2b: Ursaluna|18\/100 brn|[from] brn\n|upkeep\n|turn|6\n|\n|t:|1699889974\n|switch|p1b: Arcanine|Arcanine-Hisui, L50, M|33\/100\n|-ability|p1b: Arcanine|Intimidate|boost\n|-unboost|p2a: Cresselia|atk|1\n|-unboost|p2b: Ursaluna|atk|1\n|move|p2a: Cresselia|Ally Switch|p2a: Cresselia\n|swap|p2a: Cresselia|1|[from] move: Ally Switch\n|move|p1a: Rillaboom|Grassy Glide|p2b: Cresselia\n|-damage|p2b: Cresselia|0 fnt\n|faint|p2b: Cresselia\n|move|p2a: Ursaluna|Facade|p1a: Rillaboom\n|-crit|p1a: Rillaboom\n|-damage|p1a: Rillaboom|0 fnt\n|faint|p1a: Rillaboom\n|\n|-heal|p2a: Ursaluna|24\/100 brn|[from] Grassy Terrain\n|-heal|p1b: Arcanine|39\/100|[from] Grassy Terrain\n|-damage|p2a: Ursaluna|18\/100 brn|[from] brn\n|upkeep\n|\n|t:|1699889988\n|switch|p2b: Flutter Mane|Flutter Mane, L50, shiny|100\/100\n|switch|p1a: Urshifu|Urshifu, L50, M|100\/100\n|turn|7\n|\n|t:|1699890002\n|-terastallize|p2b: Flutter Mane|Fairy\n|move|p2a: Ursaluna|Protect|p2a: Ursaluna\n|-singleturn|p2a: Ursaluna|Protect\n|move|p1a: Urshifu|Protect|p1a: Urshifu\n|-singleturn|p1a: Urshifu|Protect\n|move|p1b: Arcanine|Extreme Speed|p2a: Ursaluna\n|-activate|p2a: Ursaluna|move: Protect\n|move|p2b: Flutter Mane|Moonblast|p1b: Arcanine\n|-resisted|p1b: Arcanine\n|-damage|p1b: Arcanine|6\/100\n|\n|-heal|p2a: Ursaluna|24\/100 brn|[from] Grassy Terrain\n|-heal|p1b: Arcanine|12\/100|[from] Grassy Terrain\n|-damage|p2a: Ursaluna|18\/100 brn|[from] brn\n|-fieldend|move: Trick Room\n|-fieldend|move: Grassy Terrain\n|upkeep\n|turn|8\n|inactive|kidturtle has 30 seconds left.\n|\n|t:|1699890031\n|move|p2a: Ursaluna|Protect||[still]\n|-fail|p2a: Ursaluna\n|move|p2b: Flutter Mane|Moonblast|p1a: Urshifu\n|-supereffective|p1a: Urshifu\n|-enditem|p1a: Urshifu|Focus Sash\n|-damage|p1a: Urshifu|1\/100\n|move|p1b: Arcanine|Flare Blitz|p2b: Flutter Mane\n|-damage|p2b: Flutter Mane|0 fnt\n|faint|p2b: Flutter Mane\n|-end|p2b: Flutter Mane|Protosynthesis|[silent]\n|-damage|p1b: Arcanine|0 fnt|[from] Recoil\n|faint|p1b: Arcanine\n|move|p1a: Urshifu|Wicked Blow|p2a: Ursaluna\n|-crit|p2a: Ursaluna\n|-damage|p2a: Ursaluna|0 fnt\n|faint|p2a: Ursaluna\n|\n|win|WickedCheeseTouch\n|l|\u2606kidturtle\n|c|&|\/uhtml prompt-wickedcheesetouch,WickedCheeseTouch is ready for game 2!\n|c|&|\/uhtml prompt-kidturtle,kidturtle is ready for game 2!\nBoth players are ready! Starting next match!\n","uploadtime":1699890042,"views":13,"p1id":"wickedcheesetouch","p2id":"kidturtle","formatid":"gen9vgc2023regulatione","rating":0,"private":0,"password":""}