{"id":"gen9vgc2023regulatione-1988045479","p1":"lainshy","p2":"Leon1das","format":"[Gen 9] VGC 2023 Regulation E","log":"|j|\u2606lainshy\n|j|\u2606Leon1das\n|n|\u2606lainshy|lainshy\n|n|\u2606Leon1das|leon1das\n|html|View the match progress at <a href=\"\/game-bestof3-gen9vgc2023regulatione-1988045478\">game-bestof3-gen9vgc2023regulatione-1988045478<\/a>\n|t:|1699662873\n|gametype|doubles\n|player|p1|lainshy|geeta|\n|player|p2|Leon1das|170|\n|teamsize|p1|6\n|teamsize|p2|6\n|gen|9\n|tier|[Gen 9] VGC 2023 Regulation E\n|rule|Species Clause: Limit one of each Pok\u00e9mon\n|rule|Item Clause: Limit one of each item\n|clearpoke\n|poke|p1|Baxcalibur, L50, F|\n|poke|p1|Kingambit, L50, F|\n|poke|p1|Ursaluna-Bloodmoon, L50, M|\n|poke|p1|Corviknight, L50, F|\n|poke|p1|Gholdengo, L50|\n|poke|p1|Ribombee, L50, F|\n|poke|p2|Cresselia, L50, F|\n|poke|p2|Ursaluna-Bloodmoon, L50, M|\n|poke|p2|Iron Hands, L50|\n|poke|p2|Ogerpon-Wellspring, L50, F|\n|poke|p2|Arcanine-Hisui, L50, M|\n|poke|p2|Flutter Mane, L50|\n|teampreview|4\nlainshy has agreed to open team sheets.\n|j| Bard0_Gamer\n|j| lucasarreguy\nLeon1das has agreed to open team sheets.\n|showteam|p1|Baxcalibur||LoadedDice|ThermalExchange|Protect,GlaiveRush,IcicleSpear,IceShard|||F|||50|,,,,,Ice]Kingambit||FocusSash|SupremeOverlord|SwordsDance,KowtowCleave,SuckerPunch,IronHead|||F|||50|,,,,,Poison]Ursaluna-Bloodmoon||Leftovers|MindsEye|CalmMind,BloodMoon,EarthPower,Moonlight|||M|||50|,,,,,Flying]Corviknight||RockyHelmet|MirrorArmor|BraveBird,BodyPress,Tailwind,Roost|||F|||50|,,,,,Dragon]Gholdengo||SitrusBerry|GoodasGold|NastyPlot,Protect,MakeItRain,ShadowBall||||||50|,,,,,Steel]Ribombee||HeavyDutyBoots|ShieldDust|StickyWeb,StunSpore,DazzlingGleam,PollenPuff|||F|||50|,,,,,Steel\n|showteam|p2|Cresselia||MentalHerb|Levitate|Psychic,HelpingHand,LunarBlessing,TrickRoom|||F|||50|,,,,,Fire]Ursaluna-Bloodmoon||ThroatSpray|MindsEye|BloodMoon,EarthPower,HyperVoice,Protect|||M|||50|,,,,,Grass]Iron Hands||AssaultVest|QuarkDrive|FakeOut,DrainPunch,WildCharge,HeavySlam||||||50|,,,,,Fire]Ogerpon-Wellspring||WellspringMask|WaterAbsorb|IvyCudgel,FollowMe,HornLeech,SpikyShield|||F|||50|,,,,,Water]Arcanine-Hisui||SitrusBerry|Intimidate|RockSlide,FlareBlitz,ExtremeSpeed,Protect|||M|||50|,,,,,Grass]Flutter Mane||BoosterEnergy|Protosynthesis|Moonblast,ShadowBall,DazzlingGleam,Protect||||||50|,,,,,Fairy\n|j| Rebornsan93\n|c| lucasarreguy|podem come\u00e7ar\n|j| bb_hachi8\n|\n|t:|1699663047\n|start\n|switch|p1a: Corviknight|Corviknight, L50, F|100\/100\n|switch|p1b: Ursaluna|Ursaluna-Bloodmoon, L50, M|100\/100\n|switch|p2a: Michelangelo|Iron Hands, L50|100\/100\n|switch|p2b: Hachiko|Arcanine-Hisui, L50, M|100\/100\n|-ability|p2b: Hachiko|Intimidate|boost\n|-ability|p1a: Corviknight|Mirror Armor\n|-unboost|p2b: Hachiko|atk|1\n|-unboost|p1b: Ursaluna|atk|1\n|turn|1\n|j| PSmonteiro\n|\n|t:|1699663113\n|switch|p2b: Celinha|Cresselia, L50, F|100\/100\n|move|p2a: Michelangelo|Fake Out|p1b: Ursaluna\n|-damage|p1b: Ursaluna|90\/100\n|move|p1a: Corviknight|Tailwind|p1a: Corviknight\n|-sidestart|p1: lainshy|move: Tailwind\n|cant|p1b: Ursaluna|flinch\n|\n|-heal|p1b: Ursaluna|96\/100|[from] item: Leftovers\n|upkeep\n|turn|2\n|\n|t:|1699663153\n|move|p1a: Corviknight|Brave Bird|p2a: Michelangelo\n|-damage|p2a: Michelangelo|76\/100\n|-damage|p1a: Corviknight|91\/100|[from] Recoil\n|move|p1b: Ursaluna|Earth Power|p2a: Michelangelo\n|-supereffective|p2a: Michelangelo\n|-damage|p2a: Michelangelo|28\/100\n|move|p2a: Michelangelo|Drain Punch|p1b: Ursaluna\n|-supereffective|p1b: Ursaluna\n|-damage|p1b: Ursaluna|30\/100\n|-heal|p2a: Michelangelo|58\/100|[from] drain|[of] p1b: Ursaluna\n|move|p2b: Celinha|Trick Room|p2b: Celinha\n|-fieldstart|move: Trick Room|[of] p2b: Celinha\n|\n|-heal|p1b: Ursaluna|36\/100|[from] item: Leftovers\n|upkeep\n|turn|3\n|\n|t:|1699663208\n|switch|p1b: Gholdengo|Gholdengo, L50|100\/100\n|move|p2b: Celinha|Helping Hand|p2a: Michelangelo\n|-singleturn|p2a: Michelangelo|Helping Hand|[of] p2b: Celinha\n|move|p2a: Michelangelo|Wild Charge|p1a: Corviknight\n|-supereffective|p1a: Corviknight\n|-damage|p1a: Corviknight|0 fnt\n|-damage|p2a: Michelangelo|42\/100|[from] item: Rocky Helmet|[of] p1a: Corviknight\n|faint|p1a: Corviknight\n|-damage|p2a: Michelangelo|22\/100|[from] Recoil\n|\n|upkeep\n|j| DorititosKiller\n|\n|t:|1699663226\n|switch|p1a: Baxcalibur|Baxcalibur, L50, F|100\/100\n|turn|4\n|j| Marcostap\n|\n|t:|1699663261\n|move|p2a: Michelangelo|Drain Punch|p1a: Baxcalibur\n|-supereffective|p1a: Baxcalibur\n|-damage|p1a: Baxcalibur|18\/100\n|-heal|p2a: Michelangelo|54\/100|[from] drain|[of] p1a: Baxcalibur\n|move|p2b: Celinha|Lunar Blessing|p2b: Celinha|[spread] p2a,p2b\n|-heal|p2a: Michelangelo|80\/100\n|move|p1b: Gholdengo|Nasty Plot|p1b: Gholdengo\n|-boost|p1b: Gholdengo|spa|2\n|move|p1a: Baxcalibur|Icicle Spear|p2b: Celinha\n|-damage|p2b: Celinha|91\/100\n|-damage|p2b: Celinha|81\/100\n|-damage|p2b: Celinha|71\/100\n|-damage|p2b: Celinha|63\/100\n|-hitcount|p2b: Celinha|4\n|\n|-sideend|p1: lainshy|move: Tailwind\n|upkeep\n|turn|5\n|\n|t:|1699663298\n|move|p2b: Celinha|Helping Hand|p2a: Michelangelo\n|-singleturn|p2a: Michelangelo|Helping Hand|[of] p2b: Celinha\n|move|p1a: Baxcalibur|Protect|p1a: Baxcalibur\n|-singleturn|p1a: Baxcalibur|Protect\n|move|p2a: Michelangelo|Wild Charge|p1b: Gholdengo\n|-damage|p1b: Gholdengo|6\/100\n|-enditem|p1b: Gholdengo|Sitrus Berry|[eat]\n|-heal|p1b: Gholdengo|31\/100|[from] item: Sitrus Berry\n|-damage|p2a: Michelangelo|64\/100|[from] Recoil\n|move|p1b: Gholdengo|Make It Rain|p2b: Celinha|[spread] p2a,p2b\n|-resisted|p2a: Michelangelo\n|-damage|p2a: Michelangelo|39\/100\n|-damage|p2b: Celinha|4\/100\n|-unboost|p1b: Gholdengo|spa|1\n|\n|upkeep\n|turn|6\n|\n|t:|1699663330\n|move|p1b: Gholdengo|Protect|p1b: Gholdengo\n|-singleturn|p1b: Gholdengo|Protect\n|move|p2a: Michelangelo|Wild Charge|p1b: Gholdengo\n|-activate|p1b: Gholdengo|move: Protect\n|move|p2b: Celinha|Psychic|p1a: Baxcalibur\n|-damage|p1a: Baxcalibur|0 fnt\n|faint|p1a: Baxcalibur\n|\n|-fieldend|move: Trick Room\n|upkeep\n|\n|t:|1699663339\n|switch|p1a: Ursaluna|Ursaluna-Bloodmoon, L50, M|36\/100\n|turn|7\n|\n|t:|1699663385\n|-end|p2a: Michelangelo|Quark Drive|[silent]\n|switch|p2a: La Ursa Luna|Ursaluna-Bloodmoon, L50, M|100\/100\n|-terastallize|p1a: Ursaluna|Flying\n|move|p1b: Gholdengo|Make It Rain|p2b: Celinha|[spread] p2a,p2b\n|-damage|p2a: La Ursa Luna|25\/100\n|-damage|p2b: Celinha|0 fnt\n|-unboost|p1b: Gholdengo|spa|1\n|faint|p2b: Celinha\n|move|p1a: Ursaluna|Moonlight|p1a: Ursaluna\n|-heal|p1a: Ursaluna|86\/100\n|\n|-heal|p1a: Ursaluna|92\/100|[from] item: Leftovers\n|upkeep\n|\n|t:|1699663407\n|switch|p2b: Hachiko|Arcanine-Hisui, L50, M|100\/100\n|-ability|p2b: Hachiko|Intimidate|boost\n|-unboost|p1a: Ursaluna|atk|1\n|-unboost|p1b: Gholdengo|atk|1\n|turn|8\n|l|\u2606Leon1das\n|player|p2|\n|j|\u2606Leon1das\n|player|p2|Leon1das|170\n|j| ShimeNaruka\n|\n|t:|1699663476\n|move|p2a: La Ursa Luna|Protect|p2a: La Ursa Luna\n|-singleturn|p2a: La Ursa Luna|Protect\n|move|p1b: Gholdengo|Make It Rain|p2a: La Ursa Luna|[spread] p2b\n|-activate|p2a: La Ursa Luna|move: Protect\n|-damage|p2b: Hachiko|46\/100\n|-unboost|p1b: Gholdengo|spa|1\n|-enditem|p2b: Hachiko|Sitrus Berry|[eat]\n|-heal|p2b: Hachiko|71\/100|[from] item: Sitrus Berry\n|move|p2b: Hachiko|Flare Blitz|p1a: Ursaluna\n|-damage|p1a: Ursaluna|56\/100\n|-damage|p2b: Hachiko|58\/100|[from] Recoil\n|move|p1a: Ursaluna|Earth Power|p2b: Hachiko\n|-supereffective|p2b: Hachiko\n|-damage|p2b: Hachiko|0 fnt\n|faint|p2b: Hachiko\n|\n|-heal|p1a: Ursaluna|61\/100|[from] item: Leftovers\n|upkeep\n|\n|t:|1699663494\n|switch|p2b: Michelangelo|Iron Hands, L50|39\/100\n|turn|9\n|\n|t:|1699663521\n|-terastallize|p2a: La Ursa Luna|Grass\n|move|p2b: Michelangelo|Fake Out|p1a: Ursaluna\n|-damage|p1a: Ursaluna|50\/100\n|move|p1b: Gholdengo|Make It Rain|p2b: Michelangelo|[spread] p2a,p2b\n|-resisted|p2b: Michelangelo\n|-damage|p2a: La Ursa Luna|0 fnt\n|-damage|p2b: Michelangelo|31\/100\n|-unboost|p1b: Gholdengo|spa|1\n|faint|p2a: La Ursa Luna\n|cant|p1a: Ursaluna|flinch\n|\n|-heal|p1a: Ursaluna|56\/100|[from] item: Leftovers\n|upkeep\n|turn|10\n|l| bb_hachi8\n|\n|t:|1699663576\n|move|p1b: Gholdengo|Protect|p1b: Gholdengo\n|-singleturn|p1b: Gholdengo|Protect\n|move|p2b: Michelangelo|Drain Punch|p1a: Ursaluna\n|-resisted|p1a: Ursaluna\n|-damage|p1a: Ursaluna|42\/100\n|-heal|p2b: Michelangelo|37\/100|[from] drain|[of] p1a: Ursaluna\n|move|p1a: Ursaluna|Earth Power|p2b: Michelangelo\n|-supereffective|p2b: Michelangelo\n|-damage|p2b: Michelangelo|0 fnt\n|faint|p2b: Michelangelo\n|-end|p2b: Michelangelo|Quark Drive|[silent]\n|\n|win|lainshy\n|inactive|lainshy has 50 seconds to confirm battle start!\n|inactive|Leon1das has 50 seconds to confirm battle start!\n|l|\u2606Leon1das\n|c|\u2606lainshy|qq\n|c|&|\/uhtml prompt-lainshy,lainshy is ready for game 2!\n|inactive|Leon1das has 40 seconds to confirm battle start!\n|inactive|Leon1das has 30 seconds to confirm battle start!\n|c|&|\/uhtml prompt-lainshy,lainshy is ready for game 2!\n|inactive|Leon1das has 20 seconds to confirm battle start!\n|inactive|Leon1das has 10 seconds to confirm battle start!\n","uploadtime":1699663597,"views":25,"p1id":"lainshy","p2id":"leon1das","formatid":"gen9vgc2023regulatione","rating":0,"private":0,"password":""}