{"id":"gen9vgc2023regulatione-1996413890","p1":"misurducky","p2":"The Carkol Rider","format":"[Gen 9] VGC 2023 Regulation E","log":"|j|\u2606misurducky\n|j|\u2606The Carkol Rider\n|n|\u2606misurducky|misurducky\n|n|\u2606The Carkol Rider|thecarkolrider\n|html|View the match progress at <a href=\"\/game-bestof3-gen9vgc2023regulatione-1996413889\">game-bestof3-gen9vgc2023regulatione-1996413889<\/a>\n|t:|1700679685\n|gametype|doubles\n|player|p1|misurducky|rood|\n|player|p2|The Carkol Rider|grimsley|\n|teamsize|p1|6\n|teamsize|p2|6\n|gen|9\n|tier|[Gen 9] VGC 2023 Regulation E\n|rule|Species Clause: Limit one of each Pok\u00e9mon\n|rule|Item Clause: Limit one of each item\n|clearpoke\n|poke|p1|Flutter Mane, L50|\n|poke|p1|Torkoal, L50, M|\n|poke|p1|Clefable, L50, M|\n|poke|p1|Zapdos-Galar, L50|\n|poke|p1|Ting-Lu, L50|\n|poke|p1|Ditto, L50|\n|poke|p2|Urshifu-*, L50, F|\n|poke|p2|Roaring Moon, L50|\n|poke|p2|Arcanine-Hisui, L50, M|\n|poke|p2|Gholdengo, L50|\n|poke|p2|Sentret, L50, F|\n|poke|p2|Landorus-Therian, L50, M|\n|teampreview|4\n|c|\u2606The Carkol Rider|glhf\n|c|\u2606misurducky|glhf\n|c|\u2606misurducky|is it open sheets\n|c|\u2606The Carkol Rider|nope\nThe Carkol Rider rejected open team sheets.\n|c|\u2606misurducky|kk didnt figure so\n|c|\u2606misurducky|just wanted to make sure\n|\n|t:|1700679762\n|start\n|switch|p1a: Flutter Mane|Flutter Mane, L50|100\/100\n|switch|p1b: Torkoal|Torkoal, L50, M|100\/100\n|switch|p2a: Roaring Moon|Roaring Moon, L50|100\/100\n|switch|p2b: Sentret|Sentret, L50, F|100\/100\n|-weather|SunnyDay|[from] ability: Drought|[of] p1b: Torkoal\n|-activate|p1a: Flutter Mane|ability: Protosynthesis\n|-start|p1a: Flutter Mane|protosynthesisspe\n|-activate|p2a: Roaring Moon|ability: Protosynthesis\n|-start|p2a: Roaring Moon|protosynthesisatk\n|-item|p1a: Flutter Mane|Booster Energy|[from] ability: Frisk|[of] p2b: Sentret|[identify]\n|-item|p1b: Torkoal|Sitrus Berry|[from] ability: Frisk|[of] p2b: Sentret|[identify]\n|turn|1\n|c|\u2606misurducky|oops wrong flutter item\n|c|\u2606misurducky|oh well\n|\n|t:|1700679800\n|-terastallize|p1a: Flutter Mane|Fairy\n|-terastallize|p2a: Roaring Moon|Poison\n|move|p1a: Flutter Mane|Dazzling Gleam|p2a: Roaring Moon|[spread] p2a,p2b\n|-resisted|p2a: Roaring Moon\n|-damage|p2a: Roaring Moon|80\/100\n|-damage|p2b: Sentret|57\/100\n|move|p2a: Roaring Moon|Tailwind|p2a: Roaring Moon\n|-sidestart|p2: The Carkol Rider|move: Tailwind\n|move|p2b: Sentret|Super Fang|p1b: Torkoal\n|-damage|p1b: Torkoal|51\/100\n|move|p1b: Torkoal|Will-O-Wisp|p2a: Roaring Moon\n|-status|p2a: Roaring Moon|brn\n|\n|-weather|SunnyDay|[upkeep]\n|-damage|p2a: Roaring Moon|74\/100 brn|[from] brn\n|upkeep\n|turn|2\n|\n|t:|1700679824\n|move|p2a: Roaring Moon|Stomping Tantrum|p1a: Flutter Mane\n|-damage|p1a: Flutter Mane|54\/100\n|move|p1a: Flutter Mane|Shadow Ball|p2a: Roaring Moon\n|-crit|p2a: Roaring Moon\n|-damage|p2a: Roaring Moon|7\/100 brn\n|move|p2b: Sentret|Knock Off|p1b: Torkoal\n|-damage|p1b: Torkoal|43\/100\n|-enditem|p1b: Torkoal|Sitrus Berry|[from] move: Knock Off|[of] p2b: Sentret\n|move|p1b: Torkoal|Earth Power|p2a: Roaring Moon\n|-supereffective|p2a: Roaring Moon\n|-damage|p2a: Roaring Moon|0 fnt\n|faint|p2a: Roaring Moon\n|-end|p2a: Roaring Moon|Protosynthesis|[silent]\n|\n|-weather|SunnyDay|[upkeep]\n|upkeep\n|\n|t:|1700679836\n|switch|p2a: Arcanine|Arcanine-Hisui, L50, M|100\/100\n|turn|3\n|\n|t:|1700679854\n|move|p2b: Sentret|Follow Me|p2b: Sentret\n|-singleturn|p2b: Sentret|move: Follow Me\n|move|p1a: Flutter Mane|Moonblast|p2b: Sentret\n|-damage|p2b: Sentret|0 fnt\n|faint|p2b: Sentret\n|move|p2a: Arcanine|Flare Blitz|p1a: Flutter Mane\n|-damage|p1a: Flutter Mane|0 fnt\n|faint|p1a: Flutter Mane\n|-end|p1a: Flutter Mane|Protosynthesis|[silent]\n|move|p1b: Torkoal|Earth Power|p2a: Arcanine\n|-supereffective|p2a: Arcanine\n|-crit|p2a: Arcanine\n|-damage|p2a: Arcanine|27\/100\n|\n|-weather|SunnyDay|[upkeep]\n|upkeep\n|c|\u2606misurducky|these crits wtf\n|\n|t:|1700679871\n|switch|p1a: Zapdos|Zapdos-Galar, L50|100\/100\n|switch|p2b: Urshifu|Urshifu-Rapid-Strike, L50, F|100\/100\n|turn|4\n|\n|t:|1700679887\n|move|p2b: Urshifu|Surging Strikes|p1b: Torkoal\n|-supereffective|p1b: Torkoal\n|-crit|p1b: Torkoal\n|-damage|p1b: Torkoal|29\/100\n|-supereffective|p1b: Torkoal\n|-crit|p1b: Torkoal\n|-damage|p1b: Torkoal|15\/100\n|-supereffective|p1b: Torkoal\n|-crit|p1b: Torkoal\n|-damage|p1b: Torkoal|0 fnt\n|faint|p1b: Torkoal\n|-hitcount|p1: Torkoal|3\n|move|p2a: Arcanine|Flare Blitz|p1a: Zapdos\n|-enditem|p1a: Zapdos|Focus Sash\n|-damage|p1a: Zapdos|1\/100\n|move|p1a: Zapdos|Brave Bird|p2b: Urshifu\n|-supereffective|p2b: Urshifu\n|-damage|p2b: Urshifu|0 fnt\n|faint|p2b: Urshifu\n|-damage|p1a: Zapdos|0 fnt|[from] Recoil\n|faint|p1a: Zapdos\n|\n|-weather|SunnyDay|[upkeep]\n|-sideend|p2: The Carkol Rider|move: Tailwind\n|upkeep\n|\n|t:|1700679902\n|switch|p1b: Ting-Lu|Ting-Lu, L50|100\/100\n|-ability|p1b: Ting-Lu|Vessel of Ruin\n|turn|5\n|\n|t:|1700679904\n|move|p2a: Arcanine|Flare Blitz|p1b: Ting-Lu\n|-damage|p1b: Ting-Lu|63\/100\n|move|p1b: Ting-Lu|Earthquake|p2a: Arcanine\n|-supereffective|p2a: Arcanine\n|-damage|p2a: Arcanine|0 fnt\n|faint|p2a: Arcanine\n|\n|win|misurducky\n|c|\u2606The Carkol Rider|gg\n|c|&|\/uhtml prompt-thecarkolrider,The Carkol Rider is ready for game 2!\n|c|\u2606misurducky|gg\n|c|&|\/uhtml prompt-misurducky,misurducky is ready for game 2!\nBoth players are ready! Starting next match!\n|j| Fernanch\n|l| Fernanch\n|j| Fernanch\n|j| LogIce\n|l| LogIce\n","uploadtime":1700680331,"views":5,"p1id":"misurducky","p2id":"thecarkolrider","formatid":"gen9vgc2023regulatione","rating":0,"private":0,"password":""}