{"id":"gen9vgc2023regulatione-1999814169","p1":"Lambo_JR_97","p2":"Syblaze","format":"[Gen 9] VGC 2023 Regulation E","log":"|j|\u2606Lambo_JR_97\n|j|\u2606Syblaze\n|t:|1701119166\n|gametype|doubles\n|player|p1|Lambo_JR_97|2|1146\n|player|p2|Syblaze|266|1046\n|teamsize|p1|6\n|teamsize|p2|6\n|gen|9\n|tier|[Gen 9] VGC 2023 Regulation E\n|rated|\n|rule|Species Clause: Limit one of each Pok\u00e9mon\n|rule|Item Clause: Limit one of each item\n|clearpoke\n|poke|p1|Iron Hands, L50|\n|poke|p1|Sinistcha, L50|\n|poke|p1|Landorus-Therian, L50, M|\n|poke|p1|Ogerpon-Wellspring, L50, F|\n|poke|p1|Grimmsnarl, L50, M|\n|poke|p1|Gothitelle, L50, F|\n|poke|p2|Skeledirge, L50, F|\n|poke|p2|Landorus-Therian, L50, M|\n|poke|p2|Sinistcha, L50|\n|poke|p2|Samurott, L50, F|\n|poke|p2|Chesnaught, L50, F|\n|poke|p2|Grimmsnarl, L50, M|\n|teampreview|4\n|inactive|Battle timer is ON: inactive players will automatically lose when time's up. (requested by Lambo_JR_97)\n|inactive|Lambo_JR_97 has 60 seconds left.\n|inactive|Syblaze has 60 seconds left.\n|\n|t:|1701119206\n|start\n|switch|p1a: Gothitelle|Gothitelle, L50, F|100\/100\n|switch|p1b: Iron Hands|Iron Hands, L50, shiny|100\/100\n|switch|p2a: Landorus|Landorus-Therian, L50, M|100\/100\n|switch|p2b: Skeledirge|Skeledirge, L50, F|100\/100\n|-ability|p2a: Landorus|Intimidate|boost\n|-unboost|p1a: Gothitelle|atk|1\n|-unboost|p1b: Iron Hands|atk|1\n|turn|1\n|\n|t:|1701119229\n|move|p1a: Gothitelle|Fake Out|p2a: Landorus\n|-damage|p2a: Landorus|97\/100\n|move|p2a: Landorus|U-turn|p1a: Gothitelle\n|-supereffective|p1a: Gothitelle\n|-damage|p1a: Gothitelle|60\/100\n|\n|t:|1701119235\n|switch|p2a: Sinistcha|Sinistcha, L50|100\/100|[from] U-turn\n|move|p2b: Skeledirge|Torch Song|p1a: Gothitelle\n|-damage|p1a: Gothitelle|26\/100\n|-boost|p2b: Skeledirge|spa|1\n|move|p1b: Iron Hands|Belly Drum|p1b: Iron Hands\n|-damage|p1b: Iron Hands|50\/100\n|-setboost|p1b: Iron Hands|atk|6|[from] move: Belly Drum\n|-enditem|p1b: Iron Hands|Sitrus Berry|[eat]\n|-heal|p1b: Iron Hands|75\/100|[from] item: Sitrus Berry\n|\n|upkeep\n|turn|2\n|inactive|Lambo_JR_97 has 30 seconds left.\n|inactive|Syblaze has 30 seconds left.\n|inactive|Syblaze has 20 seconds left.\n|inactive|Syblaze has 15 seconds left.\n|inactive|Syblaze has 10 seconds left.\n|\n|t:|1701119283\n|switch|p1a: Grimmsnarl|Grimmsnarl, L50, M, shiny|100\/100\n|move|p2a: Sinistcha|Rage Powder|p2a: Sinistcha\n|-singleturn|p2a: Sinistcha|move: Rage Powder\n|move|p2b: Skeledirge|Torch Song|p1a: Grimmsnarl\n|-damage|p1a: Grimmsnarl|48\/100\n|-boost|p2b: Skeledirge|spa|1\n|move|p1b: Iron Hands|Thunder Punch|p2a: Sinistcha\n|-resisted|p2a: Sinistcha\n|-damage|p2a: Sinistcha|11\/100\n|\n|upkeep\n|turn|3\n|\n|t:|1701119305\n|switch|p2b: Landorus|Landorus-Therian, L50, M|97\/100\n|-ability|p2b: Landorus|Intimidate|boost\n|-unboost|p1a: Grimmsnarl|atk|1\n|-unboost|p1b: Iron Hands|atk|1\n|move|p1a: Grimmsnarl|Light Screen|p1a: Grimmsnarl\n|-sidestart|p1: Lambo_JR_97|move: Light Screen\n|move|p2a: Sinistcha|Strength Sap|p1b: Iron Hands\n|-unboost|p1b: Iron Hands|atk|1\n|-heal|p2a: Sinistcha|100\/100\n|move|p1b: Iron Hands|Thunder Punch|p2b: Landorus\n|-immune|p2b: Landorus\n|\n|upkeep\n|turn|4\n|\n|t:|1701119327\n|move|p1b: Iron Hands|Detect|p1b: Iron Hands\n|-singleturn|p1b: Iron Hands|Protect\n|move|p1a: Grimmsnarl|Taunt|p2a: Sinistcha\n|-start|p2a: Sinistcha|move: Taunt\n|move|p2b: Landorus|Rock Slide|p1b: Iron Hands|[spread] p1a\n|-activate|p1b: Iron Hands|move: Protect\n|-damage|p1a: Grimmsnarl|27\/100\n|cant|p2a: Sinistcha|move: Taunt|Calm Mind\n|\n|upkeep\n|turn|5\n|\n|t:|1701119351\n|move|p1a: Grimmsnarl|Reflect|p1a: Grimmsnarl\n|-sidestart|p1: Lambo_JR_97|Reflect\n|move|p2b: Landorus|Sandsear Storm|p1a: Grimmsnarl|[spread] p1a,p1b\n|-supereffective|p1b: Iron Hands\n|-damage|p1a: Grimmsnarl|11\/100\n|-damage|p1b: Iron Hands|49\/100\n|-status|p1a: Grimmsnarl|brn\n|move|p2a: Sinistcha|Matcha Gotcha|p1b: Iron Hands|[spread] p1a,p1b\n|-damage|p1a: Grimmsnarl|0 fnt\n|-damage|p1b: Iron Hands|34\/100\n|faint|p1a: Grimmsnarl\n|move|p1b: Iron Hands|Drain Punch|p2b: Landorus\n|-resisted|p2b: Landorus\n|-damage|p2b: Landorus|24\/100\n|-heal|p1b: Iron Hands|63\/100|[from] drain|[of] p2b: Landorus\n|\n|upkeep\n|\n|t:|1701119366\n|switch|p1a: Landorus|Landorus-Therian, L50, M|100\/100\n|-ability|p1a: Landorus|Intimidate|boost\n|-unboost|p2a: Sinistcha|atk|1\n|-unboost|p2b: Landorus|atk|1\n|turn|6\n|\n|t:|1701119386\n|switch|p2b: Skeledirge|Skeledirge, L50, F|100\/100\n|switch|p2a: Samurott|Samurott, L50, F|100\/100\n|-terastallize|p1a: Landorus|Flying\n|move|p1a: Landorus|Tera Blast|p2a: Samurott|[anim] Tera Blast Flying\n|-damage|p2a: Samurott|43\/100\n|move|p1b: Iron Hands|Drain Punch|p2b: Skeledirge\n|-immune|p2b: Skeledirge\n|\n|upkeep\n|turn|7\n|inactive|Syblaze has 30 seconds left.\n|\n|t:|1701119415\n|switch|p2a: Landorus|Landorus-Therian, L50, M|24\/100\n|-ability|p2a: Landorus|Intimidate|boost\n|-unboost|p1a: Landorus|atk|1\n|-unboost|p1b: Iron Hands|atk|1\n|switch|p2b: Sinistcha|Sinistcha, L50|100\/100\n|-heal|p2a: Landorus|49\/100|[from] ability: Hospitality|[of] p2b: Sinistcha\n|move|p1a: Landorus|Tera Blast|p2a: Landorus|[anim] Tera Blast Flying\n|-damage|p2a: Landorus|6\/100\n|move|p1b: Iron Hands|Thunder Punch|p2b: Sinistcha\n|-resisted|p2b: Sinistcha\n|-damage|p2b: Sinistcha|50\/100\n|\n|upkeep\n|turn|8\n|inactive|Lambo_JR_97 has 30 seconds left.\n|inactive|Syblaze has 30 seconds left.\n|inactive|Syblaze has 20 seconds left.\n|\n|t:|1701119454\n|switch|p2a: Skeledirge|Skeledirge, L50, F|100\/100\n|move|p1a: Landorus|Tera Blast|p2a: Skeledirge|[anim] Tera Blast Flying\n|-damage|p2a: Skeledirge|47\/100\n|move|p2b: Sinistcha|Strength Sap|p1b: Iron Hands\n|-unboost|p1b: Iron Hands|atk|1\n|-heal|p2b: Sinistcha|100\/100\n|move|p1b: Iron Hands|Thunder Punch|p2b: Sinistcha\n|-resisted|p2b: Sinistcha\n|-damage|p2b: Sinistcha|56\/100\n|\n|-heal|p2a: Skeledirge|54\/100|[from] item: Leftovers\n|upkeep\n|turn|9\n|inactive|Syblaze has 30 seconds left.\n|inactive|Syblaze has 20 seconds left.\n|\n|t:|1701119493\n|switch|p2b: Samurott|Samurott, L50, F|43\/100\n|switch|p2a: Landorus|Landorus-Therian, L50, M|6\/100\n|-ability|p2a: Landorus|Intimidate|boost\n|-unboost|p1a: Landorus|atk|1\n|-unboost|p1b: Iron Hands|atk|1\n|move|p1a: Landorus|Tera Blast|p2b: Samurott|[anim] Tera Blast Flying\n|-damage|p2b: Samurott|5\/100\n|move|p1b: Iron Hands|Thunder Punch|p2a: Landorus\n|-immune|p2a: Landorus\n|\n|upkeep\n|turn|10\n|c|\u2606Syblaze|d*mn im insane at manuvering\n|inactive|Syblaze has 30 seconds left.\n|inactive|Syblaze has 20 seconds left.\n|inactive|Syblaze has 15 seconds left.\n|\n|t:|1701119535\n|move|p1a: Landorus|Tera Blast|p2a: Landorus|[anim] Tera Blast Flying\n|-damage|p2a: Landorus|0 fnt\n|faint|p2a: Landorus\n|move|p2b: Samurott|Encore|p1b: Iron Hands\n|-start|p1b: Iron Hands|Encore\n|move|p1b: Iron Hands|Thunder Punch|p2b: Samurott\n|-supereffective|p2b: Samurott\n|-crit|p2b: Samurott\n|-damage|p2b: Samurott|0 fnt\n|faint|p2b: Samurott\n|\n|-sideend|p1: Lambo_JR_97|move: Light Screen\n|upkeep\n|\n|t:|1701119541\n|switch|p2a: Skeledirge|Skeledirge, L50, F|54\/100\n|switch|p2b: Sinistcha|Sinistcha, L50|56\/100\n|-heal|p2a: Skeledirge|78\/100|[from] ability: Hospitality|[of] p2b: Sinistcha\n|turn|11\n|\n|t:|1701119559\n|switch|p1a: Gothitelle|Gothitelle, L50, F|26\/100\n|-terastallize|p2b: Sinistcha|Dragon\n|move|p2b: Sinistcha|Strength Sap|p1b: Iron Hands\n|-unboost|p1b: Iron Hands|atk|1\n|-heal|p2b: Sinistcha|100\/100\n|move|p2a: Skeledirge|Torch Song|p1b: Iron Hands\n|-damage|p1b: Iron Hands|29\/100\n|-boost|p2a: Skeledirge|spa|1\n|move|p1b: Iron Hands|Thunder Punch|p2a: Skeledirge\n|-damage|p2a: Skeledirge|43\/100\n|\n|-heal|p2a: Skeledirge|49\/100|[from] item: Leftovers\n|upkeep\n|turn|12\n|inactive|Lambo_JR_97 has 30 seconds left.\n|\n|t:|1701119585\n|move|p1a: Gothitelle|Fake Out|p2b: Sinistcha\n|-damage|p2b: Sinistcha|95\/100\n|cant|p2b: Sinistcha|flinch\n|move|p2a: Skeledirge|Torch Song|p1b: Iron Hands\n|-damage|p1b: Iron Hands|0 fnt\n|-boost|p2a: Skeledirge|spa|1\n|faint|p1b: Iron Hands\n|-end|p1b: Iron Hands|Quark Drive|[silent]\n|\n|-heal|p2a: Skeledirge|55\/100|[from] item: Leftovers\n|-sideend|p1: Lambo_JR_97|Reflect\n|upkeep\n|\n|t:|1701119595\n|switch|p1b: Landorus|Landorus-Therian, L50, M, tera:Flying|100\/100\n|-ability|p1b: Landorus|Intimidate|boost\n|-unboost|p2a: Skeledirge|atk|1\n|-unboost|p2b: Sinistcha|atk|1\n|turn|13\n|\n|t:|1701119612\n|move|p1b: Landorus|Stomping Tantrum|p2a: Skeledirge\n|-supereffective|p2a: Skeledirge\n|-damage|p2a: Skeledirge|0 fnt\n|faint|p2a: Skeledirge\n|move|p2b: Sinistcha|Strength Sap|p1b: Landorus\n|-unboost|p1b: Landorus|atk|1\n|-heal|p2b: Sinistcha|100\/100\n|move|p1a: Gothitelle|Taunt|p2b: Sinistcha\n|-start|p2b: Sinistcha|move: Taunt\n|\n|upkeep\n|turn|14\n|\n|t:|1701119626\n|move|p1b: Landorus|Stomping Tantrum|p2b: Sinistcha\n|-damage|p2b: Sinistcha|74\/100\n|move|p2b: Sinistcha|Matcha Gotcha|p1a: Gothitelle|[spread] p1a,p1b\n|-resisted|p1b: Landorus\n|-damage|p1a: Gothitelle|3\/100\n|-heal|p2b: Sinistcha|90\/100|[from] drain|[of] p1a: Gothitelle\n|-damage|p1b: Landorus|84\/100\n|-heal|p2b: Sinistcha|100\/100|[from] drain|[of] p1b: Landorus\n|move|p1a: Gothitelle|Psychic|p2b: Sinistcha\n|-damage|p2b: Sinistcha|69\/100\n|\n|upkeep\n|turn|15\n|\n|t:|1701119642\n|move|p1b: Landorus|Stomping Tantrum|p2b: Sinistcha\n|-damage|p2b: Sinistcha|40\/100\n|move|p2b: Sinistcha|Matcha Gotcha|p1a: Gothitelle|[spread] p1a\n|-miss|p2b: Sinistcha|p1b: Landorus\n|-damage|p1a: Gothitelle|0 fnt\n|-heal|p2b: Sinistcha|42\/100|[from] drain|[of] p1a: Gothitelle\n|faint|p1a: Gothitelle\n|\n|upkeep\n|turn|16\n|\n|t:|1701119653\n|move|p1b: Landorus|Stomping Tantrum|p2b: Sinistcha\n|-damage|p2b: Sinistcha|16\/100\n|move|p2b: Sinistcha|Matcha Gotcha|p1b: Landorus\n|-resisted|p1b: Landorus\n|-damage|p1b: Landorus|62\/100\n|-heal|p2b: Sinistcha|30\/100|[from] drain|[of] p1b: Landorus\n|\n|-end|p2b: Sinistcha|move: Taunt\n|upkeep\n|turn|17\n|\n|t:|1701119663\n|move|p1b: Landorus|Stomping Tantrum|p2b: Sinistcha\n|-damage|p2b: Sinistcha|0 fnt\n|faint|p2b: Sinistcha\n|\n|win|Lambo_JR_97\n|raw|Lambo_JR_97's rating: 1146 &rarr; <strong>1164<\/strong><br \/>(+18 for winning)\n|raw|Syblaze's rating: 1046 &rarr; <strong>1034<\/strong><br \/>(-12 for losing)\n|c|\u2606Syblaze|noo\n|c|\u2606Syblaze|the high roll\n|c|\u2606Syblaze|ggs\n|c|\u2606Lambo_JR_97|gg\n|c|\u2606Lambo_JR_97|yeah i thought i lost\n|c|\u2606Syblaze|it was close\n|c|\u2606Syblaze|fun game\n","uploadtime":1701119687,"views":27,"p1id":"lambojr97","p2id":"syblaze","formatid":"gen9vgc2023regulatione","rating":1034,"private":0,"password":""}