{"id":"gen9vgc2023regulatione-1997448206","p1":"puddingss","p2":"ControlForTheWin","format":"[Gen 9] VGC 2023 Regulation E","log":"|j|\u2606puddingss\n|j|\u2606ControlForTheWin\n|t:|1700806980\n|gametype|doubles\n|player|p1|puddingss|steven|1187\n|player|p2|ControlForTheWin|caitlin|1220\n|teamsize|p1|6\n|teamsize|p2|6\n|gen|9\n|tier|[Gen 9] VGC 2023 Regulation E\n|rated|\n|rule|Species Clause: Limit one of each Pok\u00e9mon\n|rule|Item Clause: Limit one of each item\n|clearpoke\n|poke|p1|Glimmora, L50, F|\n|poke|p1|Landorus, L50, M|\n|poke|p1|Dondozo, L50, M|\n|poke|p1|Tatsugiri, L50, M|\n|poke|p1|Flutter Mane, L50|\n|poke|p1|Arcanine-Hisui, L50, M|\n|poke|p2|Armarouge, L50, F|\n|poke|p2|Indeedee-F, L50, F|\n|poke|p2|Urshifu-*, L50, M|\n|poke|p2|Ursaluna, L50, M|\n|poke|p2|Lilligant-Hisui, L50, F|\n|poke|p2|Torkoal, L50, M|\n|teampreview|4\n|inactive|Battle timer is ON: inactive players will automatically lose when time's up. (requested by puddingss)\n|\n|t:|1700807007\n|start\n|switch|p1a: \u6211\u662f\u653b\u6bd43\u53f7|Glimmora, L50, F|100\/100\n|switch|p1b: Arcanine|Arcanine-Hisui, L50, M|100\/100\n|switch|p2a: Lilligant|Lilligant-Hisui, L50, F|100\/100\n|switch|p2b: Torkoal|Torkoal, L50, M|100\/100\n|-ability|p1b: Arcanine|Intimidate|boost\n|-unboost|p2a: Lilligant|atk|1\n|-unboost|p2b: Torkoal|atk|1\n|-weather|SunnyDay|[from] ability: Drought|[of] p2b: Torkoal\n|turn|1\n|\n|t:|1700807020\n|move|p2a: Lilligant|Sleep Powder|p1b: Arcanine|[miss]\n|-miss|p2a: Lilligant|p1b: Arcanine\n|move|p1a: \u6211\u662f\u653b\u6bd43\u53f7|Gunk Shot|p2a: Lilligant\n|-supereffective|p2a: Lilligant\n|-damage|p2a: Lilligant|22\/100\n|-status|p2a: Lilligant|psn\n|move|p1b: Arcanine|Flare Blitz|p2a: Lilligant\n|-supereffective|p2a: Lilligant\n|-damage|p2a: Lilligant|0 fnt\n|faint|p2a: Lilligant\n|-damage|p1b: Arcanine|95\/100|[from] Recoil\n|move|p2b: Torkoal|Earth Power|p1a: \u6211\u662f\u653b\u6bd43\u53f7\n|-supereffective|p1a: \u6211\u662f\u653b\u6bd43\u53f7\n|-enditem|p1a: \u6211\u662f\u653b\u6bd43\u53f7|Focus Sash\n|-damage|p1a: \u6211\u662f\u653b\u6bd43\u53f7|1\/100\n|\n|-weather|SunnyDay|[upkeep]\n|upkeep\n|\n|t:|1700807036\n|switch|p2a: Urshifu|Urshifu, L50, M|100\/100\n|turn|2\n|\n|t:|1700807048\n|-terastallize|p1b: Arcanine|Water\n|move|p2a: Urshifu|Close Combat|p1b: Arcanine\n|-damage|p1b: Arcanine|11\/100\n|-unboost|p2a: Urshifu|def|1\n|-unboost|p2a: Urshifu|spd|1\n|move|p1a: \u6211\u662f\u653b\u6bd43\u53f7|Mortal Spin|p2a: Urshifu|[spread] p2a,p2b\n|-damage|p2a: Urshifu|93\/100\n|-damage|p2b: Torkoal|97\/100\n|-status|p2a: Urshifu|psn\n|-status|p2b: Torkoal|psn\n|move|p1b: Arcanine|Rock Slide|p2a: Urshifu|[spread] p2a,p2b\n|-resisted|p2a: Urshifu\n|-supereffective|p2b: Torkoal\n|-damage|p2a: Urshifu|71\/100 psn\n|-damage|p2b: Torkoal|56\/100 psn\n|cant|p2b: Torkoal|flinch\n|\n|-weather|SunnyDay|[upkeep]\n|-damage|p2a: Urshifu|58\/100 psn|[from] psn\n|-damage|p2b: Torkoal|43\/100 psn|[from] psn\n|upkeep\n|turn|3\n|\n|t:|1700807067\n|move|p2a: Urshifu|Close Combat|p1b: Arcanine\n|-damage|p1b: Arcanine|0 fnt\n|-unboost|p2a: Urshifu|def|1\n|-unboost|p2a: Urshifu|spd|1\n|faint|p1b: Arcanine\n|move|p1a: \u6211\u662f\u653b\u6bd43\u53f7|Power Gem|p2b: Torkoal\n|-supereffective|p2b: Torkoal\n|-damage|p2b: Torkoal|0 fnt\n|faint|p2b: Torkoal\n|\n|-weather|SunnyDay|[upkeep]\n|-damage|p2a: Urshifu|46\/100 psn|[from] psn\n|upkeep\n|\n|t:|1700807073\n|switch|p1b: Tatsugiri|Tatsugiri, L50, M|100\/100\n|switch|p2b: Ursaluna|Ursaluna, L50, M|100\/100\n|turn|4\n|\n|t:|1700807084\n|move|p2b: Ursaluna|Protect|p2b: Ursaluna\n|-singleturn|p2b: Ursaluna|Protect\n|move|p2a: Urshifu|Close Combat|p1a: \u6211\u662f\u653b\u6bd43\u53f7\n|-damage|p1a: \u6211\u662f\u653b\u6bd43\u53f7|0 fnt\n|-unboost|p2a: Urshifu|def|1\n|-unboost|p2a: Urshifu|spd|1\n|-activate|p1a: \u6211\u662f\u653b\u6bd43\u53f7|ability: Toxic Debris\n|-sidestart|p2: ControlForTheWin|move: Toxic Spikes\n|faint|p1a: \u6211\u662f\u653b\u6bd43\u53f7\n|move|p1b: Tatsugiri|Draco Meteor|p2b: Ursaluna\n|-activate|p2b: Ursaluna|move: Protect\n|\n|-weather|SunnyDay|[upkeep]\n|-damage|p2a: Urshifu|33\/100 psn|[from] psn\n|-status|p2b: Ursaluna|brn|[from] item: Flame Orb\n|upkeep\n|\n|t:|1700807089\n|switch|p1a: \u6211\u662f\u653b\u6bd4|Dondozo, L50, M|100\/100\n|-activate|p1b: Tatsugiri|ability: Commander|[of] p1a: \u6211\u662f\u653b\u6bd4\n|-boost|p1a: \u6211\u662f\u653b\u6bd4|atk|2\n|-boost|p1a: \u6211\u662f\u653b\u6bd4|spa|2\n|-boost|p1a: \u6211\u662f\u653b\u6bd4|spe|2\n|-boost|p1a: \u6211\u662f\u653b\u6bd4|def|2\n|-boost|p1a: \u6211\u662f\u653b\u6bd4|spd|2\n|turn|5\n|\n|t:|1700807096\n|-terastallize|p2b: Ursaluna|Ghost\n|move|p2a: Urshifu|Close Combat|p1a: \u6211\u662f\u653b\u6bd4\n|-damage|p1a: \u6211\u662f\u653b\u6bd4|78\/100\n|-unboost|p2a: Urshifu|def|1\n|-unboost|p2a: Urshifu|spd|1\n|-damage|p2a: Urshifu|17\/100 psn|[from] item: Rocky Helmet|[of] p1a: \u6211\u662f\u653b\u6bd4\n|move|p1a: \u6211\u662f\u653b\u6bd4|Wave Crash|p2b: Ursaluna\n|-damage|p2b: Ursaluna|62\/100 brn\n|-damage|p1a: \u6211\u662f\u653b\u6bd4|65\/100|[from] Recoil\n|move|p2b: Ursaluna|Facade|p1a: \u6211\u662f\u653b\u6bd4\n|-damage|p1a: \u6211\u662f\u653b\u6bd4|21\/100\n|-damage|p2b: Ursaluna|46\/100 brn|[from] item: Rocky Helmet|[of] p1a: \u6211\u662f\u653b\u6bd4\n|\n|-weather|none\n|-damage|p2a: Urshifu|4\/100 psn|[from] psn\n|-damage|p2b: Ursaluna|40\/100 brn|[from] brn\n|upkeep\n|turn|6\n|\n|t:|1700807113\n|move|p2a: Urshifu|Close Combat|p1a: \u6211\u662f\u653b\u6bd4\n|-crit|p1a: \u6211\u662f\u653b\u6bd4\n|-damage|p1a: \u6211\u662f\u653b\u6bd4|0 fnt\n|-unboost|p2a: Urshifu|def|1\n|-unboost|p2a: Urshifu|spd|1\n|-damage|p2a: Urshifu|0 fnt|[from] item: Rocky Helmet|[of] p1a: \u6211\u662f\u653b\u6bd4\n|faint|p1a: \u6211\u662f\u653b\u6bd4\n|faint|p2a: Urshifu\n|move|p2b: Ursaluna|Facade|p1b: Tatsugiri\n|-crit|p1b: Tatsugiri\n|-damage|p1b: Tatsugiri|0 fnt\n|faint|p1b: Tatsugiri\n|\n|win|ControlForTheWin\n|raw|puddingss's rating: 1187 &rarr; <strong>1164<\/strong><br \/>(-23 for losing)\n|raw|ControlForTheWin's rating: 1220 &rarr; <strong>1243<\/strong><br \/>(+23 for winning)\n","uploadtime":1700807127,"views":5,"p1id":"puddingss","p2id":"controlforthewin","formatid":"gen9vgc2023regulatione","rating":1164,"private":0,"password":""}