{"id":"gen9vgc2023regulatione-1997377807","p1":"Gerardo20","p2":"HeffNastyy","format":"[Gen 9] VGC 2023 Regulation E","log":"|j|\u2606Gerardo20\n|j|\u2606HeffNastyy\n|t:|1700796284\n|gametype|doubles\n|player|p1|Gerardo20|giovanni|1359\n|player|p2|HeffNastyy|lance|1452\n|teamsize|p1|6\n|teamsize|p2|6\n|gen|9\n|tier|[Gen 9] VGC 2023 Regulation E\n|rated|\n|rule|Species Clause: Limit one of each Pok\u00e9mon\n|rule|Item Clause: Limit one of each item\n|clearpoke\n|poke|p1|Flutter Mane, L50|\n|poke|p1|Chi-Yu, L50|\n|poke|p1|Murkrow, L50, M|\n|poke|p1|Amoonguss, L50, F|\n|poke|p1|Ogerpon-Wellspring, L50, F|\n|poke|p1|Okidogi, L50, M|\n|poke|p2|Tornadus, L50, M|\n|poke|p2|Arcanine-Hisui, L50, F|\n|poke|p2|Gholdengo, L50|\n|poke|p2|Urshifu-*, L50, F|\n|poke|p2|Rillaboom, L50, F|\n|poke|p2|Zapdos, L50|\n|teampreview|4\nHeffNastyy has agreed to open team sheets.\n|\n|t:|1700796350\n|start\n|switch|p1a: Flutter Mane|Flutter Mane, L50|100\/100\n|switch|p1b: Murkrow|Murkrow, L50, M|100\/100\n|switch|p2a: Rillaboom|Rillaboom, L50, F|100\/100\n|switch|p2b: Urshifu|Urshifu-Rapid-Strike, L50, F|100\/100\n|-fieldstart|move: Grassy Terrain|[from] ability: Grassy Surge|[of] p2a: Rillaboom\n|-enditem|p1a: Flutter Mane|Booster Energy\n|-activate|p1a: Flutter Mane|ability: Protosynthesis|[fromitem]\n|-start|p1a: Flutter Mane|protosynthesisspe\n|turn|1\n|\n|t:|1700796406\n|-terastallize|p2b: Urshifu|Water\n|move|p2a: Rillaboom|Fake Out|p1b: Murkrow\n|-damage|p1b: Murkrow|73\/100\n|move|p1b: Murkrow|Tailwind|p1b: Murkrow\n|-sidestart|p1: Gerardo20|move: Tailwind\n|move|p1a: Flutter Mane|Moonblast|p2b: Urshifu\n|-damage|p2b: Urshifu|34\/100\n|move|p2b: Urshifu|Surging Strikes|p1b: Murkrow\n|-crit|p1b: Murkrow\n|-damage|p1b: Murkrow|11\/100\n|-crit|p1b: Murkrow\n|-damage|p1b: Murkrow|0 fnt\n|faint|p1b: Murkrow\n|-hitcount|p1: Murkrow|2\n|\n|-heal|p2b: Urshifu|40\/100|[from] Grassy Terrain\n|upkeep\n|\n|t:|1700796424\n|switch|p1b: Chi-Yu|Chi-Yu, L50|100\/100\n|-ability|p1b: Chi-Yu|Beads of Ruin\n|turn|2\n|\n|t:|1700796452\n|switch|p2b: Arcanine|Arcanine-Hisui, L50, F|100\/100\n|-ability|p2b: Arcanine|Intimidate|boost\n|-unboost|p1a: Flutter Mane|atk|1\n|-unboost|p1b: Chi-Yu|atk|1\n|-terastallize|p1b: Chi-Yu|Fire\n|move|p2a: Rillaboom|Grassy Glide|p1a: Flutter Mane\n|-damage|p1a: Flutter Mane|30\/100\n|move|p1a: Flutter Mane|Dazzling Gleam|p2b: Arcanine|[spread] p2a,p2b\n|-crit|p2a: Rillaboom\n|-resisted|p2b: Arcanine\n|-damage|p2a: Rillaboom|58\/100\n|-damage|p2b: Arcanine|75\/100\n|move|p1b: Chi-Yu|Heat Wave|p2a: Rillaboom|[spread] p2a,p2b\n|-supereffective|p2a: Rillaboom\n|-resisted|p2b: Arcanine\n|-damage|p2a: Rillaboom|0 fnt\n|-damage|p2b: Arcanine|44\/100\n|faint|p2a: Rillaboom\n|-damage|p1b: Chi-Yu|90\/100|[from] item: Life Orb\n|\n|-heal|p1a: Flutter Mane|35\/100|[from] Grassy Terrain\n|-heal|p1b: Chi-Yu|97\/100|[from] Grassy Terrain\n|-heal|p2b: Arcanine|50\/100|[from] Grassy Terrain\n|upkeep\n|\n|t:|1700796473\n|switch|p2a: Urshifu|Urshifu-Rapid-Strike, L50, F, tera:Water|40\/100\n|turn|3\n|\n|t:|1700796508\n|move|p1a: Flutter Mane|Protect|p1a: Flutter Mane\n|-singleturn|p1a: Flutter Mane|Protect\n|move|p2a: Urshifu|Aqua Jet|p1a: Flutter Mane\n|-damage|p1a: Flutter Mane|0 fnt\n|faint|p1a: Flutter Mane\n|-end|p1a: Flutter Mane|Protosynthesis|[silent]\n|move|p1b: Chi-Yu|Dark Pulse|p2a: Urshifu\n|-damage|p2a: Urshifu|0 fnt\n|faint|p2a: Urshifu\n|-damage|p1b: Chi-Yu|87\/100|[from] item: Life Orb\n|move|p2b: Arcanine|Rock Slide|p1b: Chi-Yu\n|-supereffective|p1b: Chi-Yu\n|-damage|p1b: Chi-Yu|0 fnt\n|faint|p1b: Chi-Yu\n|\n|-heal|p2b: Arcanine|56\/100|[from] Grassy Terrain\n|upkeep\n|\n|t:|1700796524\n|switch|p1b: Okidogi|Okidogi, L50, M|100\/100\n|switch|p2a: Zapdos|Zapdos, L50|100\/100\n|turn|4\n|\n|t:|1700796531\n|move|p1b: Okidogi|Drain Punch|p2b: Arcanine\n|-supereffective|p2b: Arcanine\n|-damage|p2b: Arcanine|0 fnt\n|faint|p2b: Arcanine\n|move|p2a: Zapdos|Hurricane|p1b: Okidogi\n|-supereffective|p1b: Okidogi\n|-damage|p1b: Okidogi|1\/100\n|-enditem|p1b: Okidogi|Sitrus Berry|[eat]\n|-heal|p1b: Okidogi|26\/100|[from] item: Sitrus Berry\n|\n|-heal|p1b: Okidogi|32\/100|[from] Grassy Terrain\n|-sideend|p1: Gerardo20|move: Tailwind\n|upkeep\n|turn|5\n|\n|t:|1700796552\n|move|p2a: Zapdos|Hurricane|p1b: Okidogi\n|-supereffective|p1b: Okidogi\n|-damage|p1b: Okidogi|0 fnt\n|faint|p1b: Okidogi\n|\n|win|HeffNastyy\n|raw|Gerardo20's rating: 1359 &rarr; <strong>1344<\/strong><br \/>(-15 for losing)\n|raw|HeffNastyy's rating: 1452 &rarr; <strong>1467<\/strong><br \/>(+15 for winning)\n|l|\u2606Gerardo20\n","uploadtime":1700796567,"views":5,"p1id":"gerardo20","p2id":"heffnastyy","formatid":"gen9vgc2023regulatione","rating":1344,"private":0,"password":""}