{"id":"gen9vgc2023regulatione-1988168701","p1":"Tempest brute","p2":"kidturtle","format":"[Gen 9] VGC 2023 Regulation E","log":"|j|!Tempest brute\n|j|\u2606kidturtle\n|t:|1699678690\n|gametype|doubles\n|player|p1|Tempest brute|veteran|\n|player|p2|kidturtle|hoopster|\n|teamsize|p1|6\n|teamsize|p2|6\n|gen|9\n|tier|[Gen 9] VGC 2023 Regulation E\n|rated|Tournament battle\n|rule|Species Clause: Limit one of each Pok\u00e9mon\n|rule|Item Clause: Limit one of each item\n|clearpoke\n|poke|p1|Iron Valiant, L50|\n|poke|p1|Ting-Lu, L50|\n|poke|p1|Ogerpon-Hearthflame, L50, F|\n|poke|p1|Rotom-Wash, L50|\n|poke|p1|Gholdengo, L50|\n|poke|p1|Dragonite, L50, M|\n|poke|p2|Ursaluna, L50, M|\n|poke|p2|Cresselia, L50, F|\n|poke|p2|Flutter Mane, L50|\n|poke|p2|Chi-Yu, L50|\n|poke|p2|Iron Hands, L50|\n|poke|p2|Urshifu-*, L50, M|\n|teampreview|4\n|showteam|p1|Iron Valiant||BoosterEnergy|QuarkDrive|SpiritBreak,CloseCombat,Encore,Protect||||||50|,,,,,Ghost]Ting-Lu||Leftovers|VesselofRuin|BodyPress,ThroatChop,Whirlwind,Protect||||||50|,,,,,Poison]Ogerpon-Hearthflame||HearthflameMask|MoldBreaker|IvyCudgel,HornLeech,LeechSeed,SpikyShield|||F|||50|,,,,,Fire]Rotom-Wash||SitrusBerry|Levitate|WillOWisp,HydroPump,Thunderbolt,Protect||||||50|,,,,,Dragon]Gholdengo||RockyHelmet|GoodasGold|MakeItRain,ShadowBall,Recover,Protect||||||50|,,,,,Steel]Dragonite||AssaultVest|Multiscale|ExtremeSpeed,AerialAce,Outrage,StompingTantrum|||M|||50|,,,,,Grass\n|showteam|p2|Ursaluna||FlameOrb|Guts|Facade,Earthquake,SwordsDance,Protect|||M|||50|,,,,,Ghost]Cresselia||MentalHerb|Levitate|IceBeam,AllySwitch,LunarBlessing,TrickRoom|||F|||50|,,,,,Fairy]Flutter Mane||BoosterEnergy|Protosynthesis|IcyWind,ShadowBall,Moonblast,Protect||||||50|,,,,,Fairy]Chi-Yu||ChoiceSpecs|BeadsofRuin|BurningJealousy,DarkPulse,Overheat,Snarl||||||50|,,,,,Ghost]Iron Hands||SitrusBerry|QuarkDrive|DrainPunch,WildCharge,FakeOut,SwordsDance||||||50|,,,,,Fire]Urshifu||FocusSash|UnseenFist|Detect,WickedBlow,CloseCombat,SuckerPunch|||M|||50|,,,,,Dark\n|j|%Radio Free C-Side\n|inactive|Battle timer is ON: inactive players will automatically lose when time's up. (requested by kidturtle)\n|j| 4KuserVGC\n|c| 4KuserVGC|hi tempest and kidturtle\n|j| MasterofMetapods5\n|j| nicolas rainier\n|j| sweedish man\n|inactive|Tempest brute has 60 seconds left.\n|\n|t:|1699678738\n|start\n|switch|p1a: Klefki Lu|Ting-Lu, L50|100\/100\n|switch|p1b: Ogerpon|Ogerpon-Hearthflame, L50, F|100\/100\n|switch|p2a: Flutter Mane|Flutter Mane, L50, shiny|100\/100\n|switch|p2b: Chi-Yu|Chi-Yu, L50|100\/100\n|-ability|p2b: Chi-Yu|Beads of Ruin\n|-ability|p1b: Ogerpon|Mold Breaker\n|-ability|p1a: Klefki Lu|Vessel of Ruin\n|-enditem|p2a: Flutter Mane|Booster Energy\n|-activate|p2a: Flutter Mane|ability: Protosynthesis|[fromitem]\n|-start|p2a: Flutter Mane|protosynthesisspe\n|turn|1\n|c| nicolas rainier|whirlwind is gonna be annoying\n|j| Flarefox_7\n|inactive|kidturtle has 30 seconds left.\n|\n|t:|1699678766\n|-terastallize|p1b: Ogerpon|Fire\n|detailschange|p1b: Ogerpon|Ogerpon-Hearthflame-Tera, L50, F, tera:Fire\n|-ability|p1b: Ogerpon|Embody Aspect (Hearthflame)|boost\n|-boost|p1b: Ogerpon|atk|1\n|move|p1a: Klefki Lu|Protect|p1a: Klefki Lu\n|-singleturn|p1a: Klefki Lu|Protect\n|move|p2a: Flutter Mane|Shadow Ball|p1b: Ogerpon\n|-damage|p1b: Ogerpon|63\/100\n|move|p2b: Chi-Yu|Dark Pulse|p1b: Ogerpon\n|-damage|p1b: Ogerpon|8\/100\n|cant|p1b: Ogerpon|flinch\n|\n|upkeep\n|turn|2\n|c| Flarefox_7|klefki's n danger!!!\n|c| nicolas rainier|lol\n|c| nicolas rainier|rip\n|c| Flarefox_7|oh great read on ur side kidturtle\n|j| Riokei_showdown\n|inactive|kidturtle has 30 seconds left.\n|c| nicolas rainier|and also flinch\n|\n|t:|1699678794\n|switch|p1b: Dragonite|Dragonite, L50, M|100\/100\n|move|p2a: Flutter Mane|Moonblast|p1a: Klefki Lu\n|-supereffective|p1a: Klefki Lu\n|-damage|p1a: Klefki Lu|26\/100\n|-unboost|p1a: Klefki Lu|spa|1\n|move|p2b: Chi-Yu|Dark Pulse|p1b: Dragonite\n|-damage|p1b: Dragonite|84\/100\n|move|p1a: Klefki Lu|Throat Chop|p2a: Flutter Mane\n|-damage|p2a: Flutter Mane|35\/100\n|-start|p2a: Flutter Mane|Throat Chop|[silent]\n|\n|-heal|p1a: Klefki Lu|32\/100|[from] item: Leftovers\n|upkeep\n|turn|3\n|j| DesertGardener\n|inactive|kidturtle has 30 seconds left.\n|l| DesertGardener\n|inactive|kidturtle has 20 seconds left.\n|\n|t:|1699678830\n|move|p1a: Klefki Lu|Protect|p1a: Klefki Lu\n|-singleturn|p1a: Klefki Lu|Protect\n|move|p2a: Flutter Mane|Moonblast|p1a: Klefki Lu\n|-activate|p1a: Klefki Lu|move: Protect\n|move|p2b: Chi-Yu|Dark Pulse|p1b: Dragonite\n|-damage|p1b: Dragonite|50\/100\n|move|p1b: Dragonite|Aerial Ace|p2a: Flutter Mane\n|-damage|p2a: Flutter Mane|0 fnt\n|faint|p2a: Flutter Mane\n|-end|p2a: Flutter Mane|Protosynthesis|[silent]\n|\n|-heal|p1a: Klefki Lu|38\/100|[from] item: Leftovers\n|upkeep\n|\n|t:|1699678832\n|switch|p2a: Cresselia|Cresselia, L50, F|100\/100\n|turn|4\n|l| Riokei_showdown\n|c| Flarefox_7|ok tempest you better win bcuz i want that 21 tour\n|\n|t:|1699678854\n|switch|p2a: Ursaluna|Ursaluna, L50, M|100\/100\n|move|p2b: Chi-Yu|Dark Pulse|p1b: Dragonite\n|-crit|p1b: Dragonite\n|-damage|p1b: Dragonite|4\/100\n|move|p1b: Dragonite|Stomping Tantrum|p2b: Chi-Yu\n|-supereffective|p2b: Chi-Yu\n|-damage|p2b: Chi-Yu|30\/100\n|move|p1a: Klefki Lu|Whirlwind|p2a: Ursaluna\n|drag|p2a: Cresselia|Cresselia, L50, F|100\/100\n|\n|-heal|p1a: Klefki Lu|45\/100|[from] item: Leftovers\n|upkeep\n|turn|5\n|c| 4KuserVGC|stop forcing to win lol\n|\n|t:|1699678867\n|move|p1b: Dragonite|Extreme Speed|p2b: Chi-Yu\n|-damage|p2b: Chi-Yu|0 fnt\n|faint|p2b: Chi-Yu\n|move|p1a: Klefki Lu|Whirlwind|p2a: Cresselia\n|drag|p2a: Ursaluna|Ursaluna, L50, M|100\/100\n|\n|-heal|p1a: Klefki Lu|51\/100|[from] item: Leftovers\n|-status|p2a: Ursaluna|brn|[from] item: Flame Orb\n|upkeep\n|\n|t:|1699678870\n|switch|p2b: Cresselia|Cresselia, L50, F|100\/100\n|turn|6\n|c| Flarefox_7|uh oh\n|c| Flarefox_7|tempest is in trouble\n|c| Flarefox_7|KLEFKI LU CLUTCH UP\n|inactive|kidturtle has 30 seconds left.\n|\n|t:|1699678898\n|move|p1b: Dragonite|Outrage|p2b: Cresselia\n|-damage|p2b: Cresselia|70\/100\n|move|p1a: Klefki Lu|Throat Chop|p2b: Cresselia\n|-supereffective|p2b: Cresselia\n|-damage|p2b: Cresselia|35\/100\n|-start|p2b: Cresselia|Throat Chop|[silent]\n|move|p2a: Ursaluna|Swords Dance|p2a: Ursaluna\n|-boost|p2a: Ursaluna|atk|2\n|move|p2b: Cresselia|Trick Room|p2b: Cresselia\n|-fieldstart|move: Trick Room|[of] p2b: Cresselia\n|\n|-heal|p1a: Klefki Lu|57\/100|[from] item: Leftovers\n|-damage|p2a: Ursaluna|95\/100 brn|[from] brn\n|upkeep\n|turn|7\n|\n|t:|1699678912\n|move|p1a: Klefki Lu|Protect|p1a: Klefki Lu\n|-singleturn|p1a: Klefki Lu|Protect\n|move|p2a: Ursaluna|Facade|p1a: Klefki Lu\n|-activate|p1a: Klefki Lu|move: Protect\n|move|p2b: Cresselia|Lunar Blessing|p2b: Cresselia|[spread] p2a,p2b\n|-heal|p2a: Ursaluna|100\/100 brn\n|-curestatus|p2a: Ursaluna|brn|[msg]\n|-heal|p2b: Cresselia|60\/100\n|move|p1b: Dragonite|Outrage|p2b: Cresselia|[from]lockedmove\n|-damage|p2b: Cresselia|29\/100\n|\n|-heal|p1a: Klefki Lu|63\/100|[from] item: Leftovers\n|-end|p2b: Cresselia|Throat Chop|[silent]\n|-status|p2a: Ursaluna|brn|[from] item: Flame Orb\n|upkeep\n|turn|8\n|j| LifeOrbPex\n|\n|t:|1699678923\n|switch|p1a: Ogerpon|Ogerpon-Hearthflame-Tera, L50, F, tera:Fire|8\/100\n|-ability|p1a: Ogerpon|Embody Aspect (Hearthflame)|boost\n|-boost|p1a: Ogerpon|atk|1\n|move|p2a: Ursaluna|Facade|p1a: Ogerpon\n|-damage|p1a: Ogerpon|0 fnt\n|faint|p1a: Ogerpon\n|move|p2b: Cresselia|Ice Beam|p1b: Dragonite\n|-supereffective|p1b: Dragonite\n|-damage|p1b: Dragonite|0 fnt\n|faint|p1b: Dragonite\n|\n|-damage|p2a: Ursaluna|95\/100 brn|[from] brn\n|upkeep\n|c| nicolas rainier|AV out rage deals not a lot\n|\n|t:|1699678929\n|switch|p1b: Klefki Lu|Ting-Lu, L50|63\/100\n|switch|p1a: Mimi \"Incen\" Rotom|Rotom-Wash, L50|100\/100\n|-ability|p1b: Klefki Lu|Vessel of Ruin\n|turn|9\n|\n|t:|1699678944\n|-terastallize|p2a: Ursaluna|Ghost\n|move|p2a: Ursaluna|Facade|p1a: Mimi \"Incen\" Rotom\n|-damage|p1a: Mimi \"Incen\" Rotom|0 fnt\n|faint|p1a: Mimi \"Incen\" Rotom\n|move|p1b: Klefki Lu|Throat Chop|p2b: Cresselia\n|-supereffective|p2b: Cresselia\n|-damage|p2b: Cresselia|0 fnt\n|faint|p2b: Cresselia\n|\n|-heal|p1b: Klefki Lu|69\/100|[from] item: Leftovers\n|-damage|p2a: Ursaluna|89\/100 brn|[from] brn\n|upkeep\n|turn|10\n|l| LifeOrbPex\n|\n|t:|1699678950\n|move|p1b: Klefki Lu|Protect|p1b: Klefki Lu\n|-singleturn|p1b: Klefki Lu|Protect\n|move|p2a: Ursaluna|Facade|p1b: Klefki Lu\n|-activate|p1b: Klefki Lu|move: Protect\n|\n|-heal|p1b: Klefki Lu|75\/100|[from] item: Leftovers\n|-damage|p2a: Ursaluna|83\/100 brn|[from] brn\n|-fieldend|move: Trick Room\n|upkeep\n|turn|11\n|c| Flarefox_7|av rage can do damage butt it cant when u see tempests spread\n|\n|t:|1699678957\n|move|p1b: Klefki Lu|Throat Chop|p2a: Ursaluna\n|-supereffective|p2a: Ursaluna\n|-damage|p2a: Ursaluna|39\/100 brn\n|-start|p2a: Ursaluna|Throat Chop|[silent]\n|move|p2a: Ursaluna|Facade|p1b: Klefki Lu\n|-damage|p1b: Klefki Lu|0 fnt\n|faint|p1b: Klefki Lu\n|\n|win|kidturtle\n|n|\u2606Tempest brute|tempestbrute\n|n|\u2606kidturtle|kidturtle\n|n| Radio Free C-Side|radiofreecside\n|n| 4KuserVGC|4kuservgc\n|n| MasterofMetapods5|masterofmetapods5\n|n| nicolas rainier|nicolasrainier\n|n| sweedish man|sweedishman\n|n| Flarefox_7|flarefox7\n|c| Flarefox_7|wait\n|c|\u2606kidturtle|gg\n|c| Flarefox_7|klefki's slower isnt it\n","uploadtime":1699678966,"views":24,"p1id":"tempestbrute","p2id":"kidturtle","formatid":"gen9vgc2023regulatione","rating":0,"private":0,"password":""}