{"id":"gen9vgc2023regulatione-1997959855","p1":"Tukitiko","p2":"Speed1421","format":"[Gen 9] VGC 2023 Regulation E","log":"|j|\u2606Tukitiko\n|j|\u2606Speed1421\n|t:|1700872364\n|gametype|doubles\n|player|p1|Tukitiko|lusamine-nihilego|1223\n|player|p2|Speed1421|pokefan-gen4|1293\n|teamsize|p1|6\n|teamsize|p2|6\n|gen|9\n|tier|[Gen 9] VGC 2023 Regulation E\n|rated|\n|rule|Species Clause: Limit one of each Pok\u00e9mon\n|rule|Item Clause: Limit one of each item\n|clearpoke\n|poke|p1|Kingambit, L50, M|\n|poke|p1|Heatran, L50, M|\n|poke|p1|Rillaboom, L50, M|\n|poke|p1|Ogerpon-Wellspring, L50, F|\n|poke|p1|Sneasler, L50, M|\n|poke|p1|Sinistcha-Masterpiece, L50|\n|poke|p2|Azumarill, L50, M|\n|poke|p2|Regidrago, L50|\n|poke|p2|Sinistcha-Masterpiece, L50|\n|poke|p2|Chandelure, L50, F|\n|poke|p2|Samurott-Hisui, L50, M|\n|poke|p2|Clefairy, L50, M|\n|teampreview|4\n|inactive|Battle timer is ON: inactive players will automatically lose when time's up. (requested by Speed1421)\n|inactive|Tukitiko also wants the timer to be on.\n|\n|t:|1700872378\n|start\n|switch|p1a: Estefano|Rillaboom, L50, M|100\/100\n|switch|p1b: Rey Gamb\u00f3n|Kingambit, L50, M|100\/100\n|switch|p2a: Chandelure|Chandelure, L50, F|100\/100\n|switch|p2b: Clefairy|Clefairy, L50, M|100\/100\n|-fieldstart|move: Grassy Terrain|[from] ability: Grassy Surge|[of] p1a: Estefano\n|turn|1\n|\n|t:|1700872391\n|move|p1a: Estefano|Fake Out|p2b: Clefairy\n|-damage|p2b: Clefairy|90\/100\n|cant|p2b: Clefairy|flinch\n|move|p1b: Rey Gamb\u00f3n|Sucker Punch|p2a: Chandelure\n|-supereffective|p2a: Chandelure\n|-damage|p2a: Chandelure|0 fnt\n|faint|p2a: Chandelure\n|-damage|p1b: Rey Gamb\u00f3n|91\/100|[from] item: Life Orb\n|\n|-heal|p1b: Rey Gamb\u00f3n|97\/100|[from] Grassy Terrain\n|-heal|p2b: Clefairy|96\/100|[from] Grassy Terrain\n|upkeep\n|\n|t:|1700872398\n|switch|p2a: Regidrago|Regidrago, L50|100\/100\n|turn|2\n|\n|t:|1700872409\n|move|p2b: Clefairy|Follow Me|p2b: Clefairy\n|-singleturn|p2b: Clefairy|move: Follow Me\n|move|p2a: Regidrago|Dragon Energy|p1b: Rey Gamb\u00f3n|[spread] p1a,p1b\n|-resisted|p1b: Rey Gamb\u00f3n\n|-damage|p1a: Estefano|45\/100\n|-damage|p1b: Rey Gamb\u00f3n|62\/100\n|move|p1a: Estefano|U-turn|p2b: Clefairy\n|-resisted|p2b: Clefairy\n|-damage|p2b: Clefairy|86\/100\n|\n|t:|1700872418\n|switch|p1a: Adelito|Sneasler, L50, M|100\/100|[from] U-turn\n|-enditem|p1a: Adelito|Grassy Seed\n|-boost|p1a: Adelito|def|1|[from] item: Grassy Seed\n|move|p1b: Rey Gamb\u00f3n|Swords Dance|p1b: Rey Gamb\u00f3n\n|-boost|p1b: Rey Gamb\u00f3n|atk|2\n|\n|-heal|p1b: Rey Gamb\u00f3n|68\/100|[from] Grassy Terrain\n|-heal|p2b: Clefairy|92\/100|[from] Grassy Terrain\n|upkeep\n|turn|3\n|\n|t:|1700872425\n|move|p1a: Adelito|Protect|p1a: Adelito\n|-singleturn|p1a: Adelito|Protect\n|move|p2b: Clefairy|Follow Me|p2b: Clefairy\n|-singleturn|p2b: Clefairy|move: Follow Me\n|move|p2a: Regidrago|Dragon Energy|p1b: Rey Gamb\u00f3n|[spread] p1b\n|-activate|p1a: Adelito|move: Protect\n|-resisted|p1b: Rey Gamb\u00f3n\n|-crit|p1b: Rey Gamb\u00f3n\n|-damage|p1b: Rey Gamb\u00f3n|18\/100\n|move|p1b: Rey Gamb\u00f3n|Iron Head|p2b: Clefairy\n|-supereffective|p2b: Clefairy\n|-damage|p2b: Clefairy|0 fnt\n|faint|p2b: Clefairy\n|-damage|p1b: Rey Gamb\u00f3n|9\/100|[from] item: Life Orb\n|\n|-heal|p1b: Rey Gamb\u00f3n|15\/100|[from] Grassy Terrain\n|upkeep\n|\n|t:|1700872436\n|switch|p2b: Sinistcha|Sinistcha-Masterpiece, L50|100\/100\n|turn|4\n|\n|t:|1700872445\n|move|p2b: Sinistcha|Rage Powder|p2b: Sinistcha\n|-singleturn|p2b: Sinistcha|move: Rage Powder\n|move|p1b: Rey Gamb\u00f3n|Sucker Punch||[still]\n|-fail|p1b: Rey Gamb\u00f3n\n|move|p1a: Adelito|Dire Claw|p2b: Sinistcha\n|-damage|p2b: Sinistcha|51\/100\n|-status|p2b: Sinistcha|par\n|move|p2a: Regidrago|Dragon Energy|p1b: Rey Gamb\u00f3n|[spread] p1a,p1b\n|-resisted|p1b: Rey Gamb\u00f3n\n|-damage|p1a: Adelito|1\/100\n|-damage|p1b: Rey Gamb\u00f3n|0 fnt\n|faint|p1b: Rey Gamb\u00f3n\n|\n|-heal|p1a: Adelito|7\/100|[from] Grassy Terrain\n|-heal|p2b: Sinistcha|57\/100 par|[from] Grassy Terrain\n|upkeep\n|\n|t:|1700872456\n|switch|p1b: Mandy|Ogerpon-Wellspring, L50, F|100\/100\n|turn|5\n|\n|t:|1700872468\n|move|p1b: Mandy|Spiky Shield|p1b: Mandy\n|-singleturn|p1b: Mandy|move: Protect\n|move|p2b: Sinistcha|Rage Powder|p2b: Sinistcha\n|-singleturn|p2b: Sinistcha|move: Rage Powder\n|move|p1a: Adelito|Acrobatics|p2b: Sinistcha\n|-supereffective|p2b: Sinistcha\n|-damage|p2b: Sinistcha|0 fnt\n|faint|p2b: Sinistcha\n|move|p2a: Regidrago|Dragon Energy|p1a: Adelito|[spread] p1a\n|-activate|p1b: Mandy|move: Protect\n|-damage|p1a: Adelito|0 fnt\n|faint|p1a: Adelito\n|\n|-fieldend|move: Grassy Terrain\n|upkeep\n|\n|t:|1700872478\n|switch|p1a: Estefano|Rillaboom, L50, M|45\/100\n|-fieldstart|move: Grassy Terrain|[from] ability: Grassy Surge|[of] p1a: Estefano\n|turn|6\n|\n|t:|1700872484\n|-terastallize|p1b: Mandy|Water\n|detailschange|p1b: Mandy|Ogerpon-Wellspring-Tera, L50, F, tera:Water\n|-ability|p1b: Mandy|Embody Aspect (Wellspring)|boost\n|-boost|p1b: Mandy|spd|1\n|move|p1a: Estefano|Fake Out|p2a: Regidrago\n|-damage|p2a: Regidrago|86\/100\n|cant|p2a: Regidrago|flinch\n|move|p1b: Mandy|Ivy Cudgel|p2a: Regidrago|[anim] Ivy Cudgel Water\n|-resisted|p2a: Regidrago\n|-damage|p2a: Regidrago|41\/100\n|\n|-heal|p2a: Regidrago|47\/100|[from] Grassy Terrain\n|-heal|p1a: Estefano|50\/100|[from] Grassy Terrain\n|upkeep\n|turn|7\n|\n|t:|1700872500\n|move|p2a: Regidrago|Dragon Energy|p1a: Estefano|[spread] p1a,p1b\n|-damage|p1a: Estefano|25\/100\n|-damage|p1b: Mandy|75\/100\n|move|p1b: Mandy|Ivy Cudgel|p2a: Regidrago|[anim] Ivy Cudgel Water\n|-resisted|p2a: Regidrago\n|-damage|p2a: Regidrago|7\/100\n|move|p1a: Estefano|Wood Hammer|p2a: Regidrago\n|-resisted|p2a: Regidrago\n|-damage|p2a: Regidrago|0 fnt\n|faint|p2a: Regidrago\n|-damage|p1a: Estefano|22\/100|[from] Recoil\n|\n|win|Tukitiko\n|raw|Tukitiko's rating: 1223 &rarr; <strong>1253<\/strong><br \/>(+30 for winning)\n|raw|Speed1421's rating: 1293 &rarr; <strong>1263<\/strong><br \/>(-30 for losing)\n|l|\u2606Speed1421\n","uploadtime":1700872510,"views":1,"p1id":"tukitiko","p2id":"speed1421","formatid":"gen9vgc2023regulatione","rating":1253,"private":0,"password":""}