{"id":"gen9vgc2023regulatione-1991840983","p1":"jiegg123456","p2":"TheNeatPerson","format":"[Gen 9] VGC 2023 Regulation E","log":"|j|\u2606jiegg123456\n|j|\u2606TheNeatPerson\n|t:|1700126686\n|gametype|doubles\n|player|p1|jiegg123456|dawn|1296\n|player|p2|TheNeatPerson|2|1176\n|teamsize|p1|6\n|teamsize|p2|6\n|gen|9\n|tier|[Gen 9] VGC 2023 Regulation E\n|rated|\n|rule|Species Clause: Limit one of each Pok\u00e9mon\n|rule|Item Clause: Limit one of each item\n|clearpoke\n|poke|p1|Heatran, L50, F|\n|poke|p1|Landorus-Therian, L50, M|\n|poke|p1|Grimmsnarl, L50, M|\n|poke|p1|Enamorus, L50, F|\n|poke|p1|Ogerpon-Hearthflame, L50, F|\n|poke|p1|Palafin, L50, F|\n|poke|p2|Armarouge, L50, M|\n|poke|p2|Chi-Yu, L50|\n|poke|p2|Sinistcha, L50|\n|poke|p2|Landorus-Therian, L50, M|\n|poke|p2|Tornadus, L50, M|\n|poke|p2|Urshifu-*, L50, F|\n|teampreview|4\n|inactive|Battle timer is ON: inactive players will automatically lose when time's up. (requested by TheNeatPerson)\nTheNeatPerson has agreed to open team sheets.\n|inactive|TheNeatPerson has 60 seconds left.\n|\n|t:|1700126731\n|start\n|switch|p1a: Palafin|Palafin, L50, F, shiny|100\/100\n|switch|p1b: Grimmsnarl|Grimmsnarl, L50, M, shiny|100\/100\n|switch|p2a: Splonkatron|Tornadus, L50, M|100\/100\n|switch|p2b: Metatron|Landorus-Therian, L50, M|100\/100\n|-ability|p2b: Metatron|Intimidate|boost\n|-unboost|p1a: Palafin|atk|1\n|-unboost|p1b: Grimmsnarl|atk|1\n|turn|1\n|inactive|jiegg123456 has 30 seconds left.\n|inactive|TheNeatPerson has 30 seconds left.\n|inactive|jiegg123456 has 20 seconds left.\n|inactive|jiegg123456 has 15 seconds left.\n|\n|t:|1700126775\n|detailschange|p1a: Palafin|Palafin-Hero, L50, F, shiny\n|switch|p1a: Heatran|Heatran, L50, F, shiny|100\/100\n|move|p2a: Splonkatron|Tailwind|p2a: Splonkatron\n|-sidestart|p2: TheNeatPerson|move: Tailwind\n|move|p1b: Grimmsnarl|Reflect|p1b: Grimmsnarl\n|-sidestart|p1: jiegg123456|Reflect\n|move|p2b: Metatron|Stomping Tantrum|p1a: Heatran\n|-supereffective|p1a: Heatran\n|-damage|p1a: Heatran|0 fnt\n|faint|p1a: Heatran\n|\n|upkeep\n|\n|t:|1700126789\n|switch|p1a: Palafin|Palafin-Hero, L50, F, shiny|100\/100\n|-activate|p1a: Palafin|ability: Zero to Hero\n|turn|2\n|\n|t:|1700126808\n|move|p1b: Grimmsnarl|Reflect||[still]\n|-fail|p1b: Grimmsnarl\n|move|p2b: Metatron|Stomping Tantrum|p1a: Palafin\n|-damage|p1a: Palafin|81\/100\n|move|p2a: Splonkatron|Bleakwind Storm|p1a: Palafin|[spread] p1a\n|-miss|p2a: Splonkatron|p1b: Grimmsnarl\n|-damage|p1a: Palafin|59\/100\n|move|p1a: Palafin|Ice Beam|p2b: Metatron\n|-supereffective|p2b: Metatron\n|-damage|p2b: Metatron|0 fnt\n|faint|p2b: Metatron\n|\n|upkeep\n|\n|t:|1700126820\n|switch|p2b: Slugger|Urshifu, L50, F|100\/100\n|turn|3\n|\n|t:|1700126843\n|move|p1a: Palafin|Jet Punch|p2a: Splonkatron\n|-damage|p2a: Splonkatron|50\/100\n|move|p1b: Grimmsnarl|Light Screen|p1b: Grimmsnarl\n|-sidestart|p1: jiegg123456|move: Light Screen\n|move|p2a: Splonkatron|Icy Wind|p1b: Grimmsnarl|[spread] p1a,p1b\n|-resisted|p1a: Palafin\n|-damage|p1a: Palafin|57\/100\n|-damage|p1b: Grimmsnarl|92\/100\n|-unboost|p1a: Palafin|spe|1\n|-unboost|p1b: Grimmsnarl|spe|1\n|move|p2b: Slugger|Wicked Blow|p1a: Palafin\n|-crit|p1a: Palafin\n|-damage|p1a: Palafin|5\/100\n|\n|upkeep\n|turn|4\n|\n|t:|1700126862\n|move|p2b: Slugger|Sucker Punch|p1a: Palafin\n|-damage|p1a: Palafin|0 fnt\n|faint|p1a: Palafin\n|move|p2a: Splonkatron|Bleakwind Storm|p1b: Grimmsnarl\n|-damage|p1b: Grimmsnarl|53\/100\n|-unboost|p1b: Grimmsnarl|spe|1\n|move|p1b: Grimmsnarl|Spirit Break|p2b: Slugger\n|-supereffective|p2b: Slugger\n|-damage|p2b: Slugger|11\/100\n|-unboost|p2b: Slugger|spa|1\n|\n|-sideend|p2: TheNeatPerson|move: Tailwind\n|upkeep\n|\n|t:|1700126876\n|switch|p1a: Ogerpon|Ogerpon-Hearthflame, L50, F|100\/100\n|-ability|p1a: Ogerpon|Mold Breaker\n|turn|5\n|inactive|jiegg123456 has 30 seconds left.\n|inactive|jiegg123456 has 20 seconds left.\n|inactive|jiegg123456 has 15 seconds left.\n|inactive|jiegg123456 has 10 seconds left.\n|inactive|jiegg123456 has 5 seconds left.\n|\n|t:|1700126926\n|-terastallize|p2b: Slugger|Dark\n|-terastallize|p1a: Ogerpon|Fire\n|detailschange|p1a: Ogerpon|Ogerpon-Hearthflame-Tera, L50, F, tera:Fire\n|-ability|p1a: Ogerpon|Embody Aspect (Hearthflame)|boost\n|-boost|p1a: Ogerpon|atk|1\n|move|p2a: Splonkatron|Tailwind|p2a: Splonkatron\n|-sidestart|p2: TheNeatPerson|move: Tailwind\n|move|p1b: Grimmsnarl|Reflect||[still]\n|-fail|p1b: Grimmsnarl\n|move|p2b: Slugger|Wicked Blow|p1a: Ogerpon\n|-crit|p1a: Ogerpon\n|-damage|p1a: Ogerpon|0 fnt\n|faint|p1a: Ogerpon\n|\n|upkeep\n|turn|6\n|inactive|jiegg123456 has 30 seconds left.\n|inactive|jiegg123456 has 20 seconds left.\n|inactive|jiegg123456 has 15 seconds left.\n|inactive|jiegg123456 has 10 seconds left.\n|inactive|jiegg123456 has 5 seconds left.\n|\n|t:|1700126981\n|move|p1b: Grimmsnarl|Light Screen||[still]\n|-fail|p1b: Grimmsnarl\n|move|p2a: Splonkatron|Bleakwind Storm|p1b: Grimmsnarl\n|-damage|p1b: Grimmsnarl|17\/100\n|-unboost|p1b: Grimmsnarl|spe|1\n|move|p2b: Slugger|Close Combat|p1b: Grimmsnarl\n|-damage|p1b: Grimmsnarl|0 fnt\n|-unboost|p2b: Slugger|def|1\n|-unboost|p2b: Slugger|spd|1\n|faint|p1b: Grimmsnarl\n|\n|win|TheNeatPerson\n|raw|jiegg123456's rating: 1296 &rarr; <strong>1263<\/strong><br \/>(-33 for losing)\n|raw|TheNeatPerson's rating: 1176 &rarr; <strong>1209<\/strong><br \/>(+33 for winning)\n","uploadtime":1700126994,"views":16,"p1id":"jiegg123456","p2id":"theneatperson","formatid":"gen9vgc2023regulatione","rating":1209,"private":0,"password":""}