{"id":"gen9vgc2023regulatione-1993915171","p1":"Orionseas","p2":"Dark Eagle1325","format":"[Gen 9] VGC 2023 Regulation E","log":"|j|\u2606Orionseas\n|j|\u2606Dark Eagle1325\n|t:|1700374732\n|gametype|doubles\n|player|p1|Orionseas|101|1233\n|player|p2|Dark Eagle1325|acetrainer-gen4dp|1221\n|teamsize|p1|6\n|teamsize|p2|6\n|gen|9\n|tier|[Gen 9] VGC 2023 Regulation E\n|rated|\n|rule|Species Clause: Limit one of each Pok\u00e9mon\n|rule|Item Clause: Limit one of each item\n|clearpoke\n|poke|p1|Snorlax, L50, F|\n|poke|p1|Sinistcha-Masterpiece, L50|\n|poke|p1|Kingambit, L50, M|\n|poke|p1|Chandelure, L50, M|\n|poke|p1|Gyarados, L50, F|\n|poke|p1|Cresselia, L50, F|\n|poke|p2|Azelf, L50|\n|poke|p2|Gyarados, L50, F|\n|poke|p2|Chi-Yu, L50|\n|poke|p2|Tornadus, L50, M|\n|poke|p2|Palafin, L50, M|\n|poke|p2|Flutter Mane, L50|\n|teampreview|4\n|\n|t:|1700374764\n|start\n|switch|p1a: Snorlax|Snorlax, L50, F|100\/100\n|switch|p1b: Cresselia|Cresselia, L50, F|100\/100\n|switch|p2a: Palafin|Palafin, L50, M|100\/100\n|switch|p2b: Tornadus|Tornadus, L50, M|100\/100\n|turn|1\n|\n|t:|1700374796\n|detailschange|p2a: Palafin|Palafin-Hero, L50, M\n|switch|p2a: Flutter Mane|Flutter Mane, L50|100\/100\n|-enditem|p2a: Flutter Mane|Booster Energy\n|-activate|p2a: Flutter Mane|ability: Protosynthesis|[fromitem]\n|-start|p2a: Flutter Mane|protosynthesisspa\n|move|p2b: Tornadus|Taunt|p1a: Snorlax\n|-start|p1a: Snorlax|move: Taunt\n|move|p1b: Cresselia|Ice Beam|p2b: Tornadus\n|-supereffective|p2b: Tornadus\n|-damage|p2b: Tornadus|48\/100\n|move|p1a: Snorlax|Facade|p2b: Tornadus\n|-damage|p2b: Tornadus|4\/100\n|\n|upkeep\n|turn|2\n|\n|t:|1700374821\n|switch|p1a: Gyarados|Gyarados, L50, F|100\/100\n|-ability|p1a: Gyarados|Intimidate|boost\n|-unboost|p2a: Flutter Mane|atk|1\n|-unboost|p2b: Tornadus|atk|1\n|move|p2b: Tornadus|Rain Dance|p2b: Tornadus\n|-weather|RainDance\n|move|p2a: Flutter Mane|Shadow Ball|p1b: Cresselia\n|-supereffective|p1b: Cresselia\n|-damage|p1b: Cresselia|16\/100\n|move|p1b: Cresselia|Trick Room|p1b: Cresselia\n|-fieldstart|move: Trick Room|[of] p1b: Cresselia\n|\n|-weather|RainDance|[upkeep]\n|upkeep\n|turn|3\n|\n|t:|1700374859\n|move|p2b: Tornadus|Taunt|p1b: Cresselia\n|-start|p1b: Cresselia|move: Taunt\n|-enditem|p1b: Cresselia|Mental Herb\n|-end|p1b: Cresselia|move: Taunt\n|move|p1b: Cresselia|Moonblast|p2b: Tornadus\n|-damage|p2b: Tornadus|0 fnt\n|faint|p2b: Tornadus\n|move|p1a: Gyarados|Waterfall|p2a: Flutter Mane\n|-damage|p2a: Flutter Mane|0 fnt\n|faint|p2a: Flutter Mane\n|-end|p2a: Flutter Mane|Protosynthesis|[silent]\n|\n|-weather|RainDance|[upkeep]\n|upkeep\n|\n|t:|1700374871\n|switch|p2b: Gyarados|Gyarados, L50, F|100\/100\n|switch|p2a: Palafin|Palafin-Hero, L50, M|100\/100\n|-ability|p2b: Gyarados|Intimidate|boost\n|-unboost|p1a: Gyarados|atk|1\n|-unboost|p1b: Cresselia|atk|1\n|-activate|p2a: Palafin|ability: Zero to Hero\n|turn|4\n|\n|t:|1700374910\n|-terastallize|p2a: Palafin|Water\n|move|p1b: Cresselia|Ice Beam|p2b: Gyarados\n|-damage|p2b: Gyarados|82\/100\n|move|p1a: Gyarados|Taunt|p2b: Gyarados\n|-start|p2b: Gyarados|move: Taunt\n|move|p2b: Gyarados|Waterfall|p1b: Cresselia\n|-damage|p1b: Cresselia|0 fnt\n|faint|p1b: Cresselia\n|move|p2a: Palafin|Ice Punch|p1a: Gyarados\n|-damage|p1a: Gyarados|72\/100\n|\n|-weather|RainDance|[upkeep]\n|-heal|p1a: Gyarados|78\/100|[from] item: Leftovers\n|upkeep\n|\n|t:|1700374927\n|switch|p1b: Sinistcha|Sinistcha-Masterpiece, L50|100\/100\n|-heal|p1a: Gyarados|100\/100|[from] ability: Hospitality|[of] p1b: Sinistcha\n|turn|5\n|\n|t:|1700374946\n|switch|p1a: Snorlax|Snorlax, L50, F|100\/100\n|move|p1b: Sinistcha|Strength Sap|p2a: Palafin\n|-unboost|p2a: Palafin|atk|1\n|move|p2b: Gyarados|Iron Head|p1b: Sinistcha\n|-damage|p1b: Sinistcha|75\/100\n|-damage|p2b: Gyarados|65\/100|[from] item: Rocky Helmet|[of] p1b: Sinistcha\n|move|p2a: Palafin|Ice Punch|p1b: Sinistcha\n|-supereffective|p1b: Sinistcha\n|-damage|p1b: Sinistcha|35\/100\n|-damage|p2a: Palafin|84\/100|[from] item: Rocky Helmet|[of] p1b: Sinistcha\n|\n|-weather|RainDance|[upkeep]\n|upkeep\n|turn|6\n|\n|t:|1700374964\n|switch|p1a: Gyarados|Gyarados, L50, F|100\/100\n|-ability|p1a: Gyarados|Intimidate|boost\n|-unboost|p2a: Palafin|atk|1\n|-fail|p2b: Gyarados|unboost|[from] item: Clear Amulet|[of] p2b: Gyarados\n|move|p1b: Sinistcha|Strength Sap|p2b: Gyarados\n|-fail|p2b: Gyarados|unboost|[from] item: Clear Amulet|[of] p2b: Gyarados\n|-heal|p1b: Sinistcha|100\/100\n|move|p2b: Gyarados|Waterfall|p1a: Gyarados\n|-resisted|p1a: Gyarados\n|-damage|p1a: Gyarados|70\/100\n|move|p2a: Palafin|Drain Punch|p1a: Gyarados\n|-resisted|p1a: Gyarados\n|-damage|p1a: Gyarados|62\/100\n|-heal|p2a: Palafin|88\/100|[from] drain|[of] p1a: Gyarados\n|\n|-weather|none\n|-heal|p1a: Gyarados|69\/100|[from] item: Leftovers\n|-end|p2b: Gyarados|move: Taunt\n|-fieldend|move: Trick Room\n|upkeep\n|turn|7\n|\n|t:|1700374999\n|move|p2a: Palafin|Ice Punch|p1b: Sinistcha\n|-supereffective|p1b: Sinistcha\n|-damage|p1b: Sinistcha|71\/100\n|-damage|p2a: Palafin|72\/100|[from] item: Rocky Helmet|[of] p1b: Sinistcha\n|move|p2b: Gyarados|Dragon Dance|p2b: Gyarados\n|-boost|p2b: Gyarados|atk|1\n|-boost|p2b: Gyarados|spe|1\n|move|p1a: Gyarados|Thunder Wave|p2a: Palafin\n|-status|p2a: Palafin|par\n|move|p1b: Sinistcha|Matcha Gotcha|p2b: Gyarados|[spread] p2a,p2b\n|-supereffective|p2a: Palafin\n|-damage|p2a: Palafin|7\/100 par\n|-heal|p1b: Sinistcha|100\/100|[from] drain|[of] p2a: Palafin\n|-damage|p2b: Gyarados|38\/100\n|\n|-heal|p1a: Gyarados|75\/100|[from] item: Leftovers\n|upkeep\n|turn|8\n|\n|t:|1700375025\n|move|p1b: Sinistcha|Rage Powder|p1b: Sinistcha\n|-singleturn|p1b: Sinistcha|move: Rage Powder\n|move|p2b: Gyarados|Waterfall|p1b: Sinistcha\n|-resisted|p1b: Sinistcha\n|-damage|p1b: Sinistcha|74\/100\n|-damage|p2b: Gyarados|21\/100|[from] item: Rocky Helmet|[of] p1b: Sinistcha\n|move|p1a: Gyarados|Thunder Wave|p2b: Gyarados\n|-status|p2b: Gyarados|par\n|move|p2a: Palafin|Wave Crash|p1b: Sinistcha\n|-resisted|p1b: Sinistcha\n|-damage|p1b: Sinistcha|47\/100\n|-damage|p2a: Palafin|0 fnt|[from] item: Rocky Helmet|[of] p1b: Sinistcha\n|faint|p2a: Palafin\n|\n|-heal|p1a: Gyarados|81\/100|[from] item: Leftovers\n|upkeep\n|turn|9\n|-message|Dark Eagle1325 forfeited.\n|\n|win|Orionseas\n|raw|Orionseas's rating: 1233 &rarr; <strong>1257<\/strong><br \/>(+24 for winning)\n|raw|Dark Eagle1325's rating: 1221 &rarr; <strong>1197<\/strong><br \/>(-24 for losing)\n|l|\u2606Dark Eagle1325\n","uploadtime":1700375044,"views":17,"p1id":"orionseas","p2id":"darkeagle1325","formatid":"gen9vgc2023regulatione","rating":1197,"private":0,"password":""}