{"id":"gen9vgc2023regulatione-1998635538","p1":"Randomteam0706","p2":"cubo1991","format":"[Gen 9] VGC 2023 Regulation E","log":"|j|\u2606Randomteam0706\n|j|\u2606cubo1991\n|t:|1700965774\n|gametype|doubles\n|player|p1|Randomteam0706|101|1028\n|player|p2|cubo1991|gentleman-gen4|1000\n|teamsize|p1|6\n|teamsize|p2|6\n|gen|9\n|tier|[Gen 9] VGC 2023 Regulation E\n|rated|\n|rule|Species Clause: Limit one of each Pok\u00e9mon\n|rule|Item Clause: Limit one of each item\n|clearpoke\n|poke|p1|Kingambit, L50, F|\n|poke|p1|Ceruledge, L50, M|\n|poke|p1|Ludicolo, L50, M|\n|poke|p1|Jumpluff, L50, F|\n|poke|p1|Misdreavus, L50, M|\n|poke|p1|Torkoal, L50, M|\n|poke|p2|Gastrodon, L50, M|\n|poke|p2|Cinderace, L50, F|\n|poke|p2|Ninetales, L50, M|\n|poke|p2|Dragonite, L50, M|\n|poke|p2|Articuno-Galar, L50|\n|poke|p2|Gholdengo, L50|\n|teampreview|4\n|\n|t:|1700965820\n|start\n|switch|p1a: Torkoal|Torkoal, L50, M|100\/100\n|switch|p1b: Ceruledge|Ceruledge, L50, M|100\/100\n|switch|p2a: Ninetales|Ninetales, L50, M, shiny|100\/100\n|switch|p2b: Cinderace|Cinderace, L50, F|100\/100\n|-weather|SunnyDay|[from] ability: Drought|[of] p2a: Ninetales\n|turn|1\n|\n|t:|1700965855\n|move|p1b: Ceruledge|Protect|p1b: Ceruledge\n|-singleturn|p1b: Ceruledge|Protect\n|move|p2b: Cinderace|Sucker Punch||[still]\n|-fail|p2b: Cinderace\n|move|p2a: Ninetales|Hex|p1b: Ceruledge\n|-activate|p1b: Ceruledge|move: Protect\n|move|p1a: Torkoal|Overheat|p2a: Ninetales\n|-resisted|p2a: Ninetales\n|-damage|p2a: Ninetales|69\/100\n|-unboost|p1a: Torkoal|spa|2\n|-enditem|p1a: Torkoal|Eject Pack\n|\n|t:|1700965872\n|switch|p1a: Misdreavus|Misdreavus, L50, M|100\/100\n|\n|-weather|SunnyDay|[upkeep]\n|upkeep\n|turn|2\n|\n|t:|1700965889\n|move|p1a: Misdreavus|Helping Hand|p1b: Ceruledge\n|-singleturn|p1b: Ceruledge|Helping Hand|[of] p1a: Misdreavus\n|move|p2b: Cinderace|Sucker Punch|p1b: Ceruledge\n|-start|p2b: Cinderace|typechange|Dark|[from] ability: Libero\n|-supereffective|p1b: Ceruledge\n|-damage|p1b: Ceruledge|2\/100\n|-ability|p1b: Ceruledge|Weak Armor|boost\n|-unboost|p1b: Ceruledge|def|1\n|-boost|p1b: Ceruledge|spe|2\n|-enditem|p1b: Ceruledge|Weakness Policy\n|-boost|p1b: Ceruledge|atk|2|[from] item: Weakness Policy\n|-boost|p1b: Ceruledge|spa|2|[from] item: Weakness Policy\n|-damage|p2b: Cinderace|91\/100|[from] item: Life Orb\n|move|p1b: Ceruledge|Bitter Blade|p2b: Cinderace\n|-damage|p2b: Cinderace|0 fnt\n|-heal|p1b: Ceruledge|42\/100|[from] drain|[of] p2b: Cinderace\n|faint|p2b: Cinderace\n|move|p2a: Ninetales|Will-O-Wisp|p1a: Misdreavus\n|-status|p1a: Misdreavus|brn\n|\n|-weather|SunnyDay|[upkeep]\n|-damage|p1a: Misdreavus|95\/100 brn|[from] brn\n|upkeep\n|\n|t:|1700965919\n|switch|p2b: Dragonite|Dragonite, L50, M, shiny|100\/100\n|turn|3\n|\n|t:|1700965937\n|move|p1b: Ceruledge|Poltergeist|p2a: Ninetales\n|-activate|p2a: Ninetales|move: Poltergeist|Quick Claw\n|-damage|p2a: Ninetales|0 fnt\n|faint|p2a: Ninetales\n|move|p2b: Dragonite|Dragon Claw|p1b: Ceruledge\n|-damage|p1b: Ceruledge|0 fnt\n|faint|p1b: Ceruledge\n|move|p1a: Misdreavus|Trick Room|p1a: Misdreavus\n|-fieldstart|move: Trick Room|[of] p1a: Misdreavus\n|\n|-weather|SunnyDay|[upkeep]\n|-damage|p1a: Misdreavus|89\/100 brn|[from] brn\n|upkeep\n|\n|t:|1700965950\n|switch|p1b: Kingambit|Kingambit, L50, F|100\/100\n|switch|p2a: Gholdengo|Gholdengo, L50|100\/100\n|turn|4\n|\n|t:|1700965972\n|-terastallize|p2b: Dragonite|Normal\n|move|p1b: Kingambit|Kowtow Cleave|p2a: Gholdengo\n|-supereffective|p2a: Gholdengo\n|-damage|p2a: Gholdengo|0 fnt\n|faint|p2a: Gholdengo\n|move|p1a: Misdreavus|Night Shade|p2b: Dragonite\n|-immune|p2b: Dragonite\n|move|p2b: Dragonite|Flamethrower|p1b: Kingambit\n|-supereffective|p1b: Kingambit\n|-damage|p1b: Kingambit|59\/100\n|\n|-weather|SunnyDay|[upkeep]\n|-damage|p1a: Misdreavus|83\/100 brn|[from] brn\n|upkeep\n|turn|5\n|\n|t:|1700965989\n|switch|p1a: Torkoal|Torkoal, L50, M|100\/100\n|move|p1b: Kingambit|Kowtow Cleave|p2b: Dragonite\n|-damage|p2b: Dragonite|78\/100\n|move|p2b: Dragonite|Surf|p1b: Kingambit|[spread] p1a,p1b\n|-supereffective|p1a: Torkoal\n|-damage|p1a: Torkoal|80\/100\n|-damage|p1b: Kingambit|54\/100\n|\n|-weather|none\n|upkeep\n|turn|6\n|\n|t:|1700966008\n|-terastallize|p1a: Torkoal|Fire\n|move|p2b: Dragonite|Extreme Speed|p1a: Torkoal\n|-damage|p1a: Torkoal|46\/100\n|move|p1a: Torkoal|Eruption|p2b: Dragonite\n|-damage|p2b: Dragonite|42\/100\n|move|p1b: Kingambit|Kowtow Cleave|p2b: Dragonite\n|-damage|p2b: Dragonite|0 fnt\n|faint|p2b: Dragonite\n|\n|win|Randomteam0706\n|raw|Randomteam0706's rating: 1028 &rarr; <strong>1061<\/strong><br \/>(+33 for winning)\n|raw|cubo1991's rating: 1000 &rarr; <strong>1000<\/strong><br \/>(+0 for losing)\n|c|\u2606cubo1991|gg!\n|l|\u2606cubo1991\n","uploadtime":1700966063,"views":6,"p1id":"randomteam0706","p2id":"cubo1991","formatid":"gen9vgc2023regulatione","rating":1000,"private":0,"password":""}