{"id":"gen9vgc2023regulatione-1999020506","p1":"Marinza","p2":"tyl8","format":"[Gen 9] VGC 2023 Regulation E","log":"|j|\u2606Marinza\n|j|\u2606tyl8\n|t:|1701024644\n|gametype|doubles\n|player|p1|Marinza|102|1513\n|player|p2|tyl8|dawn|1594\n|teamsize|p1|6\n|teamsize|p2|6\n|gen|9\n|tier|[Gen 9] VGC 2023 Regulation E\n|rated|\n|rule|Species Clause: Limit one of each Pok\u00e9mon\n|rule|Item Clause: Limit one of each item\n|clearpoke\n|poke|p1|Indeedee-F, L50, F|\n|poke|p1|Armarouge, L50, M|\n|poke|p1|Hatterene, L50, F|\n|poke|p1|Ursaluna, L50, M|\n|poke|p1|Urshifu-*, L50, M|\n|poke|p1|Torkoal, L50, F|\n|poke|p2|Ninetales-Alola, L50, M|\n|poke|p2|Glastrier, L50|\n|poke|p2|Farigiraf, L50, M|\n|poke|p2|Rillaboom, L50, F|\n|poke|p2|Ting-Lu, L50|\n|poke|p2|Arcanine-Hisui, L50, M|\n|teampreview|4\n|inactive|Battle timer is ON: inactive players will automatically lose when time's up. (requested by tyl8)\n|inactive|Marinza also wants the timer to be on.\n|inactive|tyl8 has 60 seconds left.\n|\n|t:|1701024688\n|start\n|switch|p1a: Indeedee|Indeedee-F, L50, F|100\/100\n|switch|p1b: Armarouge|Armarouge, L50, M|100\/100\n|switch|p2a: Ting-Lu|Ting-Lu, L50|100\/100\n|switch|p2b: Arcanine|Arcanine-Hisui, L50, M|100\/100\n|-ability|p2b: Arcanine|Intimidate|boost\n|-unboost|p1a: Indeedee|atk|1\n|-unboost|p1b: Armarouge|atk|1\n|-fieldstart|move: Psychic Terrain|[from] ability: Psychic Surge|[of] p1a: Indeedee\n|-enditem|p1a: Indeedee|Psychic Seed\n|-boost|p1a: Indeedee|spd|1|[from] item: Psychic Seed\n|-ability|p2a: Ting-Lu|Vessel of Ruin\n|turn|1\n|inactive|Marinza has 30 seconds left.\n|inactive|Marinza has 20 seconds left.\n|\n|t:|1701024728\n|switch|p1a: Hatterene|Hatterene, L50, F|100\/100\n|-terastallize|p1b: Armarouge|Grass\n|move|p2b: Arcanine|Rock Slide|p1a: Hatterene|[spread] p1a,p1b\n|-damage|p1a: Hatterene|53\/100\n|-damage|p1b: Armarouge|61\/100\n|move|p2a: Ting-Lu|Lash Out|p1b: Armarouge\n|-damage|p1b: Armarouge|30\/100\n|cant|p1b: Armarouge|flinch\n|\n|upkeep\n|turn|2\n|\n|t:|1701024749\n|move|p1b: Armarouge|Wide Guard|p1b: Armarouge\n|-singleturn|p1b: Armarouge|Wide Guard\n|move|p2b: Arcanine|Rock Slide|p1b: Armarouge|[spread] \n|-activate|p1a: Hatterene|move: Wide Guard\n|-activate|p1b: Armarouge|move: Wide Guard\n|move|p2a: Ting-Lu|Heavy Slam|p1a: Hatterene\n|-supereffective|p1a: Hatterene\n|-damage|p1a: Hatterene|0 fnt\n|faint|p1a: Hatterene\n|\n|upkeep\n|c|\u2606Marinza|Gg\n|c|\u2606Marinza|fuck\n|\n|t:|1701024772\n|switch|p1a: Indeedee|Indeedee-F, L50, F|100\/100\n|turn|3\n|\n|t:|1701024778\n|move|p1b: Armarouge|Wide Guard|p1b: Armarouge\n|-singleturn|p1b: Armarouge|Wide Guard\n|move|p2b: Arcanine|Rock Slide|p1a: Indeedee|[spread] \n|-activate|p1a: Indeedee|move: Wide Guard\n|-activate|p1b: Armarouge|move: Wide Guard\n|move|p2a: Ting-Lu|Heavy Slam|p1b: Armarouge\n|-damage|p1b: Armarouge|0 fnt\n|faint|p1b: Armarouge\n|move|p1a: Indeedee|Trick Room|p1a: Indeedee\n|-fieldstart|move: Trick Room|[of] p1a: Indeedee\n|\n|upkeep\n|\n|t:|1701024788\n|switch|p1b: Torkoal|Torkoal, L50, F|100\/100\n|-weather|SunnyDay|[from] ability: Drought|[of] p1b: Torkoal\n|turn|4\n|\n|t:|1701024801\n|move|p1a: Indeedee|Follow Me|p1a: Indeedee\n|-singleturn|p1a: Indeedee|move: Follow Me\n|move|p1b: Torkoal|Earth Power|p2b: Arcanine\n|-supereffective|p2b: Arcanine\n|-damage|p2b: Arcanine|0 fnt\n|faint|p2b: Arcanine\n|move|p2a: Ting-Lu|Stomping Tantrum|p1a: Indeedee\n|-damage|p1a: Indeedee|67\/100\n|\n|-weather|SunnyDay|[upkeep]\n|upkeep\n|\n|t:|1701024814\n|switch|p2b: Rillaboom|Rillaboom, L50, F|100\/100\n|-fieldstart|move: Grassy Terrain|[from] ability: Grassy Surge|[of] p2b: Rillaboom\n|turn|5\n|\n|t:|1701024830\n|-terastallize|p2b: Rillaboom|Fire\n|move|p2b: Rillaboom|Fake Out|p1a: Indeedee\n|-damage|p1a: Indeedee|52\/100\n|cant|p1a: Indeedee|flinch\n|move|p1b: Torkoal|Eruption|p2b: Rillaboom|[spread] p2a,p2b\n|-resisted|p2b: Rillaboom\n|-damage|p2a: Ting-Lu|74\/100\n|-damage|p2b: Rillaboom|67\/100\n|move|p2a: Ting-Lu|Stomping Tantrum|p1b: Torkoal\n|-supereffective|p1b: Torkoal\n|-damage|p1b: Torkoal|52\/100\n|\n|-weather|SunnyDay|[upkeep]\n|-heal|p1b: Torkoal|58\/100|[from] Grassy Terrain\n|-heal|p2a: Ting-Lu|80\/100|[from] Grassy Terrain\n|-heal|p1a: Indeedee|58\/100|[from] Grassy Terrain\n|-heal|p2b: Rillaboom|73\/100|[from] Grassy Terrain\n|upkeep\n|turn|6\n|c|\u2606Marinza|Chirurgical flich\n|\n|t:|1701024851\n|move|p1a: Indeedee|Helping Hand|p1b: Torkoal\n|-singleturn|p1b: Torkoal|Helping Hand|[of] p1a: Indeedee\n|move|p2b: Rillaboom|Protect|p2b: Rillaboom\n|-singleturn|p2b: Rillaboom|Protect\n|move|p1b: Torkoal|Heat Wave|p2b: Rillaboom|[spread] p2a\n|-activate|p2b: Rillaboom|move: Protect\n|-damage|p2a: Ting-Lu|51\/100\n|move|p2a: Ting-Lu|Stomping Tantrum|p1b: Torkoal\n|-supereffective|p1b: Torkoal\n|-damage|p1b: Torkoal|13\/100\n|\n|-weather|SunnyDay|[upkeep]\n|-heal|p1b: Torkoal|19\/100|[from] Grassy Terrain\n|-heal|p2a: Ting-Lu|58\/100|[from] Grassy Terrain\n|-heal|p1a: Indeedee|64\/100|[from] Grassy Terrain\n|-heal|p2b: Rillaboom|80\/100|[from] Grassy Terrain\n|upkeep\n|turn|7\n|-message|Marinza forfeited.\n|\n|win|tyl8\n|raw|Marinza's rating: 1513 &rarr; <strong>1498<\/strong><br \/>(-15 for losing)\n|raw|tyl8's rating: 1594 &rarr; <strong>1609<\/strong><br \/>(+15 for winning)\n|l|\u2606Marinza\n|c|\u2606tyl8|Gg\n|l|\u2606tyl8\n|j|\u2606tyl8\n|player|p2|tyl8|dawn\n","uploadtime":1701024914,"views":2,"p1id":"marinza","p2id":"tyl8","formatid":"gen9vgc2023regulatione","rating":1498,"private":0,"password":""}