{"id":"gen9vgc2023regulatione-1998538060","p1":"Bertscai","p2":"Matcha Man Savage","format":"[Gen 9] VGC 2023 Regulation E","log":"|j|\u2606Bertscai\n|j|\u2606Matcha Man Savage\n|t:|1700953748\n|gametype|doubles\n|player|p1|Bertscai|zinzolin|1226\n|player|p2|Matcha Man Savage|pokemaniac|1336\n|teamsize|p1|6\n|teamsize|p2|6\n|gen|9\n|tier|[Gen 9] VGC 2023 Regulation E\n|rated|\n|rule|Species Clause: Limit one of each Pok\u00e9mon\n|rule|Item Clause: Limit one of each item\n|clearpoke\n|poke|p1|Sylveon, L50, M|\n|poke|p1|Ogerpon-Hearthflame, L50, F|\n|poke|p1|Roaring Moon, L50|\n|poke|p1|Landorus-Therian, L50, M|\n|poke|p1|Gholdengo, L50|\n|poke|p1|Kingambit, L50, F|\n|poke|p2|Baxcalibur, L50, M|\n|poke|p2|Flutter Mane, L50|\n|poke|p2|Landorus-Therian, L50, M|\n|poke|p2|Ninetales-Alola, L50, F|\n|poke|p2|Chi-Yu, L50|\n|poke|p2|Goodra-Hisui, L50, F|\n|teampreview|4\n|inactive|Battle timer is ON: inactive players will automatically lose when time's up. (requested by Bertscai)\n|inactive|Matcha Man Savage also wants the timer to be on.\n|inactive|Matcha Man Savage has 60 seconds left.\n|\n|t:|1700953803\n|start\n|switch|p1a: Gholdengo|Gholdengo, L50|100\/100\n|switch|p1b: Roaring Moon|Roaring Moon, L50|100\/100\n|switch|p2a: Tairy Fera|Flutter Mane, L50|100\/100\n|switch|p2b: Nuketown|Chi-Yu, L50|100\/100\n|-ability|p2b: Nuketown|Beads of Ruin\n|-enditem|p1b: Roaring Moon|Booster Energy\n|-activate|p1b: Roaring Moon|ability: Protosynthesis|[fromitem]\n|-start|p1b: Roaring Moon|protosynthesisspe\n|turn|1\n|\n|t:|1700953824\n|switch|p1a: Landorus|Landorus-Therian, L50, M|100\/100\n|-ability|p1a: Landorus|Intimidate|boost\n|-unboost|p2a: Tairy Fera|atk|1\n|-unboost|p2b: Nuketown|atk|1\n|move|p1b: Roaring Moon|Tailwind|p1b: Roaring Moon\n|-sidestart|p1: Bertscai|move: Tailwind\n|move|p2a: Tairy Fera|Dazzling Gleam|p1b: Roaring Moon|[spread] p1a,p1b\n|-supereffective|p1b: Roaring Moon\n|-damage|p1a: Landorus|49\/100\n|-damage|p1b: Roaring Moon|0 fnt\n|faint|p1b: Roaring Moon\n|-end|p1b: Roaring Moon|Protosynthesis|[silent]\n|move|p2b: Nuketown|Heat Wave|p1a: Landorus\n|-damage|p1a: Landorus|0 fnt\n|faint|p1a: Landorus\n|-damage|p2b: Nuketown|91\/100|[from] item: Life Orb\n|\n|upkeep\n|\n|t:|1700953838\n|switch|p1b: Ogerpon|Ogerpon-Hearthflame, L50, F|100\/100\n|switch|p1a: Gholdengo|Gholdengo, L50|100\/100\n|-ability|p1b: Ogerpon|Mold Breaker\n|turn|2\n|inactive|Matcha Man Savage has 30 seconds left.\n|\n|t:|1700953863\n|-terastallize|p1b: Ogerpon|Fire\n|detailschange|p1b: Ogerpon|Ogerpon-Hearthflame-Tera, L50, F, tera:Fire\n|-ability|p1b: Ogerpon|Embody Aspect (Hearthflame)|boost\n|-boost|p1b: Ogerpon|atk|1\n|move|p2b: Nuketown|Protect|p2b: Nuketown\n|-singleturn|p2b: Nuketown|Protect\n|move|p1b: Ogerpon|Ivy Cudgel|p2b: Nuketown|[anim] Ivy Cudgel Fire\n|-activate|p2b: Nuketown|move: Protect\n|move|p1a: Gholdengo|Make It Rain|p2b: Nuketown|[spread] p2a\n|-activate|p2b: Nuketown|move: Protect\n|-supereffective|p2a: Tairy Fera\n|-damage|p2a: Tairy Fera|13\/100\n|-unboost|p1a: Gholdengo|spa|1\n|move|p2a: Tairy Fera|Icy Wind|p1a: Gholdengo|[spread] p1a,p1b\n|-resisted|p1a: Gholdengo\n|-resisted|p1b: Ogerpon\n|-damage|p1a: Gholdengo|90\/100\n|-damage|p1b: Ogerpon|91\/100\n|-unboost|p1a: Gholdengo|spe|1\n|-unboost|p1b: Ogerpon|spe|1\n|\n|-heal|p1a: Gholdengo|96\/100|[from] item: Leftovers\n|upkeep\n|turn|3\n|inactive|Matcha Man Savage has 30 seconds left.\n|inactive|Matcha Man Savage has 20 seconds left.\n|\n|t:|1700953903\n|switch|p2b: Antarctica|Ninetales-Alola, L50, F|100\/100\n|-weather|Snow|[from] ability: Snow Warning|[of] p2b: Antarctica\n|move|p1b: Ogerpon|Ivy Cudgel|p2b: Antarctica|[anim] Ivy Cudgel Fire\n|-supereffective|p2b: Antarctica\n|-damage|p2b: Antarctica|0 fnt\n|faint|p2b: Antarctica\n|move|p1a: Gholdengo|Make It Rain|p2a: Tairy Fera\n|-supereffective|p2a: Tairy Fera\n|-damage|p2a: Tairy Fera|0 fnt\n|-unboost|p1a: Gholdengo|spa|1\n|faint|p2a: Tairy Fera\n|-end|p2a: Tairy Fera|Protosynthesis|[silent]\n|\n|-weather|Snow|[upkeep]\n|-heal|p1a: Gholdengo|100\/100|[from] item: Leftovers\n|upkeep\n|\n|t:|1700953913\n|switch|p2b: Rosa Tubsman|Goodra-Hisui, L50, F|100\/100\n|switch|p2a: Nuketown|Chi-Yu, L50|91\/100\n|-ability|p2a: Nuketown|Beads of Ruin\n|turn|4\n|inactive|Matcha Man Savage has 30 seconds left.\n|\n|t:|1700953940\n|-terastallize|p2b: Rosa Tubsman|Flying\n|move|p2a: Nuketown|Protect|p2a: Nuketown\n|-singleturn|p2a: Nuketown|Protect\n|move|p1b: Ogerpon|Ivy Cudgel|p2a: Nuketown|[anim] Ivy Cudgel Fire\n|-activate|p2a: Nuketown|move: Protect\n|move|p1a: Gholdengo|Nasty Plot|p1a: Gholdengo\n|-boost|p1a: Gholdengo|spa|2\n|move|p2b: Rosa Tubsman|Shelter|p2b: Rosa Tubsman\n|-boost|p2b: Rosa Tubsman|def|2\n|\n|-weather|Snow|[upkeep]\n|-sideend|p1: Bertscai|move: Tailwind\n|upkeep\n|turn|5\n|inactive|Matcha Man Savage has 30 seconds left.\n|\n|t:|1700953970\n|move|p2a: Nuketown|Heat Wave|p1b: Ogerpon|[spread] p1a,p1b\n|-supereffective|p1a: Gholdengo\n|-resisted|p1b: Ogerpon\n|-damage|p1a: Gholdengo|0 fnt\n|-damage|p1b: Ogerpon|59\/100\n|faint|p1a: Gholdengo\n|-damage|p2a: Nuketown|82\/100|[from] item: Life Orb\n|move|p1b: Ogerpon|Ivy Cudgel|p2a: Nuketown|[anim] Ivy Cudgel Fire\n|-resisted|p2a: Nuketown\n|-damage|p2a: Nuketown|3\/100\n|move|p2b: Rosa Tubsman|Body Press|p1b: Ogerpon\n|-damage|p1b: Ogerpon|8\/100\n|\n|-weather|Snow|[upkeep]\n|upkeep\n|turn|6\n|\n|t:|1700953987\n|move|p2a: Nuketown|Dark Pulse|p1b: Ogerpon\n|-damage|p1b: Ogerpon|0 fnt\n|faint|p1b: Ogerpon\n|-damage|p2a: Nuketown|0 fnt|[from] item: Life Orb\n|faint|p2a: Nuketown\n|\n|win|Matcha Man Savage\n|raw|Bertscai's rating: 1226 &rarr; <strong>1209<\/strong><br \/>(-17 for losing)\n|raw|Matcha Man Savage's rating: 1336 &rarr; <strong>1350<\/strong><br \/>(+14 for winning)\n|l|\u2606Bertscai\n","uploadtime":1700954095,"views":13,"p1id":"bertscai","p2id":"matchamansavage","formatid":"gen9vgc2023regulatione","rating":1209,"private":0,"password":""}