{"id":"gen9vgc2023regulatione-1993476332","p1":"Zmlt","p2":"GB Five","format":"[Gen 9] VGC 2023 Regulation E","log":"|j|\u2606Zmlt\n|j|\u2606GB Five\n|t:|1700322524\n|gametype|doubles\n|player|p1|Zmlt|101|1475\n|player|p2|GB Five|265|1650\n|teamsize|p1|6\n|teamsize|p2|6\n|gen|9\n|tier|[Gen 9] VGC 2023 Regulation E\n|rated|\n|rule|Species Clause: Limit one of each Pok\u00e9mon\n|rule|Item Clause: Limit one of each item\n|clearpoke\n|poke|p1|Landorus, L50, M|\n|poke|p1|Ninetales-Alola, L50, F|\n|poke|p1|Flutter Mane, L50|\n|poke|p1|Tornadus, L50, M|\n|poke|p1|Ogerpon-Hearthflame, L50, F|\n|poke|p1|Urshifu-*, L50, M|\n|poke|p2|Weezing, L50, M|\n|poke|p2|Urshifu-*, L50, M|\n|poke|p2|Tornadus, L50, M|\n|poke|p2|Lucario, L50, M|\n|poke|p2|Farigiraf, L50, M|\n|poke|p2|Roaring Moon, L50|\n|teampreview|4\n|\n|t:|1700322557\n|start\n|switch|p1a: Flutter Mane|Flutter Mane, L50|100\/100\n|switch|p1b: Landorus|Landorus, L50, M|100\/100\n|switch|p2a: \u8d1d\u8d1d\u8d1d\u8d1d\u8d1d\u8d1d\u8d1d\u8d1d|Weezing, L50, M|100\/100\n|switch|p2b: \u9006\u98ce\u56fd\u8db3\uff01\u9006\u98ce\u56fd\u8db3\uff01|Roaring Moon, L50|100\/100\n|-ability|p2a: \u8d1d\u8d1d\u8d1d\u8d1d\u8d1d\u8d1d\u8d1d\u8d1d|Neutralizing Gas\n|-enditem|p2b: \u9006\u98ce\u56fd\u8db3\uff01\u9006\u98ce\u56fd\u8db3\uff01|Booster Energy\n|-activate|p2b: \u9006\u98ce\u56fd\u8db3\uff01\u9006\u98ce\u56fd\u8db3\uff01|ability: Protosynthesis|[fromitem]\n|-start|p2b: \u9006\u98ce\u56fd\u8db3\uff01\u9006\u98ce\u56fd\u8db3\uff01|protosynthesisspe\n|turn|1\n|inactive|Battle timer is ON: inactive players will automatically lose when time's up. (requested by Zmlt)\n|\n|t:|1700322594\n|move|p1b: Landorus|Protect|p1b: Landorus\n|-singleturn|p1b: Landorus|Protect\n|move|p2b: \u9006\u98ce\u56fd\u8db3\uff01\u9006\u98ce\u56fd\u8db3\uff01|Tailwind|p2b: \u9006\u98ce\u56fd\u8db3\uff01\u9006\u98ce\u56fd\u8db3\uff01\n|-sidestart|p2: GB Five|move: Tailwind\n|move|p2a: \u8d1d\u8d1d\u8d1d\u8d1d\u8d1d\u8d1d\u8d1d\u8d1d|Gunk Shot|p1a: Flutter Mane\n|-damage|p1a: Flutter Mane|14\/100\n|move|p1a: Flutter Mane|Trick Room|p1a: Flutter Mane\n|-fieldstart|move: Trick Room|[of] p1a: Flutter Mane\n|\n|upkeep\n|turn|2\n|inactive|GB Five has 30 seconds left.\n|\n|t:|1700322622\n|move|p2a: \u8d1d\u8d1d\u8d1d\u8d1d\u8d1d\u8d1d\u8d1d\u8d1d|Protect|p2a: \u8d1d\u8d1d\u8d1d\u8d1d\u8d1d\u8d1d\u8d1d\u8d1d\n|-singleturn|p2a: \u8d1d\u8d1d\u8d1d\u8d1d\u8d1d\u8d1d\u8d1d\u8d1d|Protect\n|move|p2b: \u9006\u98ce\u56fd\u8db3\uff01\u9006\u98ce\u56fd\u8db3\uff01|Protect|p2b: \u9006\u98ce\u56fd\u8db3\uff01\u9006\u98ce\u56fd\u8db3\uff01\n|-singleturn|p2b: \u9006\u98ce\u56fd\u8db3\uff01\u9006\u98ce\u56fd\u8db3\uff01|Protect\n|move|p1b: Landorus|Sandsear Storm|p2a: \u8d1d\u8d1d\u8d1d\u8d1d\u8d1d\u8d1d\u8d1d\u8d1d|[spread] \n|-activate|p2a: \u8d1d\u8d1d\u8d1d\u8d1d\u8d1d\u8d1d\u8d1d\u8d1d|move: Protect\n|-activate|p2b: \u9006\u98ce\u56fd\u8db3\uff01\u9006\u98ce\u56fd\u8db3\uff01|move: Protect\n|move|p1a: Flutter Mane|Dazzling Gleam|p2b: \u9006\u98ce\u56fd\u8db3\uff01\u9006\u98ce\u56fd\u8db3\uff01|[spread] \n|-activate|p2a: \u8d1d\u8d1d\u8d1d\u8d1d\u8d1d\u8d1d\u8d1d\u8d1d|move: Protect\n|-activate|p2b: \u9006\u98ce\u56fd\u8db3\uff01\u9006\u98ce\u56fd\u8db3\uff01|move: Protect\n|\n|upkeep\n|turn|3\n|inactive|GB Five has 30 seconds left.\n|\n|t:|1700322650\n|-terastallize|p2b: \u9006\u98ce\u56fd\u8db3\uff01\u9006\u98ce\u56fd\u8db3\uff01|Ghost\n|move|p2a: \u8d1d\u8d1d\u8d1d\u8d1d\u8d1d\u8d1d\u8d1d\u8d1d|Protect||[still]\n|-fail|p2a: \u8d1d\u8d1d\u8d1d\u8d1d\u8d1d\u8d1d\u8d1d\u8d1d\n|move|p1b: Landorus|Sandsear Storm|p2a: \u8d1d\u8d1d\u8d1d\u8d1d\u8d1d\u8d1d\u8d1d\u8d1d|[spread] p2a,p2b\n|-supereffective|p2a: \u8d1d\u8d1d\u8d1d\u8d1d\u8d1d\u8d1d\u8d1d\u8d1d\n|-damage|p2a: \u8d1d\u8d1d\u8d1d\u8d1d\u8d1d\u8d1d\u8d1d\u8d1d|0 fnt\n|-damage|p2b: \u9006\u98ce\u56fd\u8db3\uff01\u9006\u98ce\u56fd\u8db3\uff01|58\/100\n|faint|p2a: \u8d1d\u8d1d\u8d1d\u8d1d\u8d1d\u8d1d\u8d1d\u8d1d\n|-end|p2a: \u8d1d\u8d1d\u8d1d\u8d1d\u8d1d\u8d1d\u8d1d\u8d1d|ability: Neutralizing Gas\n|-damage|p1b: Landorus|91\/100|[from] item: Life Orb\n|move|p1a: Flutter Mane|Dazzling Gleam|p2b: \u9006\u98ce\u56fd\u8db3\uff01\u9006\u98ce\u56fd\u8db3\uff01\n|-damage|p2b: \u9006\u98ce\u56fd\u8db3\uff01\u9006\u98ce\u56fd\u8db3\uff01|15\/100\n|move|p2b: \u9006\u98ce\u56fd\u8db3\uff01\u9006\u98ce\u56fd\u8db3\uff01|Knock Off|p1b: Landorus\n|-damage|p1b: Landorus|37\/100\n|-enditem|p1b: Landorus|Life Orb|[from] move: Knock Off|[of] p2b: \u9006\u98ce\u56fd\u8db3\uff01\u9006\u98ce\u56fd\u8db3\uff01\n|\n|upkeep\n|\n|t:|1700322671\n|switch|p2a: \u3053\u308c\u308f\u9752\u6625\u3060\uff01|Urshifu, L50, M|100\/100\n|turn|4\n|\n|t:|1700322685\n|move|p2b: \u9006\u98ce\u56fd\u8db3\uff01\u9006\u98ce\u56fd\u8db3\uff01|Protect|p2b: \u9006\u98ce\u56fd\u8db3\uff01\u9006\u98ce\u56fd\u8db3\uff01\n|-singleturn|p2b: \u9006\u98ce\u56fd\u8db3\uff01\u9006\u98ce\u56fd\u8db3\uff01|Protect\n|move|p2a: \u3053\u308c\u308f\u9752\u6625\u3060\uff01|Sucker Punch|p1a: Flutter Mane\n|-damage|p1a: Flutter Mane|0 fnt\n|faint|p1a: Flutter Mane\n|-end|p1a: Flutter Mane|Protosynthesis|[silent]\n|move|p1b: Landorus|Sandsear Storm|p2a: \u3053\u308c\u308f\u9752\u6625\u3060\uff01|[spread] p2a\n|-activate|p2b: \u9006\u98ce\u56fd\u8db3\uff01\u9006\u98ce\u56fd\u8db3\uff01|move: Protect\n|-damage|p2a: \u3053\u308c\u308f\u9752\u6625\u3060\uff01|44\/100\n|\n|-sideend|p2: GB Five|move: Tailwind\n|upkeep\n|\n|t:|1700322700\n|switch|p1a: Urshifu|Urshifu, L50, M|100\/100\n|turn|5\n|\n|t:|1700322713\n|move|p2a: \u3053\u308c\u308f\u9752\u6625\u3060\uff01|Sucker Punch|p1b: Landorus\n|-damage|p1b: Landorus|0 fnt\n|faint|p1b: Landorus\n|move|p1a: Urshifu|Wicked Blow|p2b: \u9006\u98ce\u56fd\u8db3\uff01\u9006\u98ce\u56fd\u8db3\uff01\n|-supereffective|p2b: \u9006\u98ce\u56fd\u8db3\uff01\u9006\u98ce\u56fd\u8db3\uff01\n|-crit|p2b: \u9006\u98ce\u56fd\u8db3\uff01\u9006\u98ce\u56fd\u8db3\uff01\n|-damage|p2b: \u9006\u98ce\u56fd\u8db3\uff01\u9006\u98ce\u56fd\u8db3\uff01|0 fnt\n|faint|p2b: \u9006\u98ce\u56fd\u8db3\uff01\u9006\u98ce\u56fd\u8db3\uff01\n|-end|p2b: \u9006\u98ce\u56fd\u8db3\uff01\u9006\u98ce\u56fd\u8db3\uff01|Protosynthesis|[silent]\n|\n|-fieldend|move: Trick Room\n|upkeep\n|\n|t:|1700322723\n|switch|p2b: \u6ce2\u5bfc\u306e\u52c7\u8005|Lucario, L50, M|100\/100\n|switch|p1b: Ogerpon|Ogerpon-Hearthflame, L50, F|100\/100\n|-ability|p1b: Ogerpon|Mold Breaker\n|turn|6\n|inactive|Zmlt has 30 seconds left.\n|\n|t:|1700322750\n|-terastallize|p1a: Urshifu|Ghost\n|move|p2a: \u3053\u308c\u308f\u9752\u6625\u3060\uff01|Sucker Punch|p1b: Ogerpon\n|-damage|p1b: Ogerpon|15\/100\n|move|p1b: Ogerpon|Ivy Cudgel|p2a: \u3053\u308c\u308f\u9752\u6625\u3060\uff01|[anim] Ivy Cudgel Fire\n|-damage|p2a: \u3053\u308c\u308f\u9752\u6625\u3060\uff01|0 fnt\n|faint|p2a: \u3053\u308c\u308f\u9752\u6625\u3060\uff01\n|move|p2b: \u6ce2\u5bfc\u306e\u52c7\u8005|Close Combat|p1a: Urshifu\n|-immune|p1a: Urshifu\n|move|p1a: Urshifu|Wicked Blow|p2b: \u6ce2\u5bfc\u306e\u52c7\u8005\n|-resisted|p2b: \u6ce2\u5bfc\u306e\u52c7\u8005\n|-crit|p2b: \u6ce2\u5bfc\u306e\u52c7\u8005\n|-damage|p2b: \u6ce2\u5bfc\u306e\u52c7\u8005|30\/100\n|\n|upkeep\n|turn|7\n|-message|GB Five forfeited.\n|\n|win|Zmlt\n|raw|Zmlt's rating: 1475 &rarr; <strong>1504<\/strong><br \/>(+29 for winning)\n|raw|GB Five's rating: 1650 &rarr; <strong>1621<\/strong><br \/>(-29 for losing)\n|l|\u2606GB Five\n","uploadtime":1700322780,"views":7,"p1id":"zmlt","p2id":"gbfive","formatid":"gen9vgc2023regulatione","rating":1504,"private":0,"password":""}