{"id":"gen9vgc2023regulatione-1994490375","p1":"Poke Chiyo","p2":"Ratrap","format":"[Gen 9] VGC 2023 Regulation E","log":"|j|\u2606Poke Chiyo\n|j|\u2606Ratrap\n|t:|1700450035\n|gametype|doubles\n|player|p1|Poke Chiyo|265|1517\n|player|p2|Ratrap|pokefan-gen4|1555\n|teamsize|p1|6\n|teamsize|p2|6\n|gen|9\n|tier|[Gen 9] VGC 2023 Regulation E\n|rated|\n|rule|Species Clause: Limit one of each Pok\u00e9mon\n|rule|Item Clause: Limit one of each item\n|clearpoke\n|poke|p1|Dusclops, L50, F|\n|poke|p1|Ursaluna-Bloodmoon, L50, M|\n|poke|p1|Sinistcha, L50|\n|poke|p1|Iron Hands, L50|\n|poke|p1|Arcanine-Hisui, L50, M|\n|poke|p1|Chien-Pao, L50|\n|poke|p2|Scream Tail, L50|\n|poke|p2|Arcanine-Hisui, L50, M|\n|poke|p2|Hippowdon, L50, M|\n|poke|p2|Dondozo, L50, F|\n|poke|p2|Tatsugiri, L50, M|\n|poke|p2|Glimmora, L50, F|\n|teampreview|4\n|inactive|Battle timer is ON: inactive players will automatically lose when time's up. (requested by Ratrap)\n|c|\u2606Ratrap|Yeet\n|inactive|Poke Chiyo has 60 seconds left.\n|\n|t:|1700450070\n|start\n|switch|p1a: Dusclops|Dusclops, L50, F|100\/100\n|switch|p1b: Iron Hands|Iron Hands, L50|100\/100\n|switch|p2a: Hippowdon|Hippowdon, L50, M|100\/100\n|switch|p2b: Glimmora|Glimmora, L50, F|100\/100\n|-weather|Sandstorm|[from] ability: Sand Stream|[of] p2a: Hippowdon\n|-item|p2a: Hippowdon|Rocky Helmet|[from] ability: Frisk|[of] p1a: Dusclops|[identify]\n|-item|p2b: Glimmora|Focus Sash|[from] ability: Frisk|[of] p1a: Dusclops|[identify]\n|turn|1\n|inactive|Poke Chiyo has 30 seconds left.\n|\n|t:|1700450105\n|move|p1b: Iron Hands|Fake Out|p2a: Hippowdon\n|-damage|p2a: Hippowdon|91\/100\n|-damage|p1b: Iron Hands|84\/100|[from] item: Rocky Helmet|[of] p2a: Hippowdon\n|move|p2b: Glimmora|Mortal Spin|p1b: Iron Hands|[spread] p1a,p1b\n|-resisted|p1a: Dusclops\n|-damage|p1a: Dusclops|99\/100\n|-damage|p1b: Iron Hands|81\/100\n|-status|p1a: Dusclops|psn\n|-status|p1b: Iron Hands|psn\n|cant|p2a: Hippowdon|flinch\n|move|p1a: Dusclops|Will-O-Wisp|p2a: Hippowdon|[miss]\n|-miss|p1a: Dusclops|p2a: Hippowdon\n|\n|-weather|Sandstorm|[upkeep]\n|-damage|p1b: Iron Hands|74\/100 psn|[from] Sandstorm\n|-damage|p1a: Dusclops|93\/100 psn|[from] Sandstorm\n|-damage|p1b: Iron Hands|62\/100 psn|[from] psn\n|-damage|p1a: Dusclops|81\/100 psn|[from] psn\n|upkeep\n|turn|2\n|j| previouslyunnamed\n|l| previouslyunnamed\n|j| 5Sscreen\n|inactive|Poke Chiyo has 30 seconds left.\n|inactive|Ratrap has 30 seconds left.\n|\n|t:|1700450137\n|move|p2b: Glimmora|Sludge Bomb|p1b: Iron Hands\n|-damage|p1b: Iron Hands|41\/100 psn\n|move|p2a: Hippowdon|Sand Tomb|p1a: Dusclops\n|-damage|p1a: Dusclops|73\/100 psn\n|-activate|p1a: Dusclops|move: Sand Tomb|[of] p2a: Hippowdon\n|move|p1b: Iron Hands|Drain Punch|p2a: Hippowdon\n|-damage|p2a: Hippowdon|68\/100\n|-heal|p1b: Iron Hands|51\/100 psn|[from] drain|[of] p2a: Hippowdon\n|-damage|p1b: Iron Hands|34\/100 psn|[from] item: Rocky Helmet|[of] p2a: Hippowdon\n|move|p1a: Dusclops|Will-O-Wisp|p2a: Hippowdon\n|-status|p2a: Hippowdon|brn\n|\n|-weather|Sandstorm|[upkeep]\n|-damage|p1b: Iron Hands|28\/100 psn|[from] Sandstorm\n|-damage|p1a: Dusclops|66\/100 psn|[from] Sandstorm\n|-damage|p1b: Iron Hands|16\/100 psn|[from] psn\n|-damage|p1a: Dusclops|54\/100 psn|[from] psn\n|-damage|p2a: Hippowdon|62\/100 brn|[from] brn\n|-damage|p1a: Dusclops|42\/100 psn|[from] move: Sand Tomb|[partiallytrapped]\n|upkeep\n|turn|3\n|inactive|Poke Chiyo has 30 seconds left.\n|inactive|Ratrap has 30 seconds left.\n|\n|t:|1700450166\n|move|p2b: Glimmora|Power Gem|p1a: Dusclops\n|-damage|p1a: Dusclops|18\/100 psn\n|move|p2a: Hippowdon|Slack Off|p2a: Hippowdon\n|-heal|p2a: Hippowdon|100\/100 brn\n|move|p1b: Iron Hands|Drain Punch|p2a: Hippowdon\n|-damage|p2a: Hippowdon|75\/100 brn\n|-heal|p1b: Iron Hands|26\/100 psn|[from] drain|[of] p2a: Hippowdon\n|-damage|p1b: Iron Hands|10\/100 psn|[from] item: Rocky Helmet|[of] p2a: Hippowdon\n|move|p1a: Dusclops|Trick Room|p1a: Dusclops\n|-fieldstart|move: Trick Room|[of] p1a: Dusclops\n|\n|-weather|Sandstorm|[upkeep]\n|-damage|p1a: Dusclops|11\/100 psn|[from] Sandstorm\n|-damage|p1b: Iron Hands|4\/100 psn|[from] Sandstorm\n|-damage|p1a: Dusclops|0 fnt|[from] psn\n|faint|p1a: Dusclops\n|-damage|p1b: Iron Hands|0 fnt|[from] psn\n|faint|p1b: Iron Hands\n|-end|p1b: Iron Hands|Quark Drive|[silent]\n|-damage|p2a: Hippowdon|69\/100 brn|[from] brn\n|upkeep\n|\n|t:|1700450188\n|switch|p1a: Sinistcha|Sinistcha, L50|100\/100\n|switch|p1b: Ursaluna|Ursaluna-Bloodmoon, L50, M|100\/100\n|turn|4\n|inactive|Poke Chiyo has 30 seconds left.\n|\n|t:|1700450214\n|move|p2a: Hippowdon|Protect|p2a: Hippowdon\n|-singleturn|p2a: Hippowdon|Protect\n|move|p2b: Glimmora|Spiky Shield|p2b: Glimmora\n|-singleturn|p2b: Glimmora|move: Protect\n|move|p1b: Ursaluna|Earth Power|p2b: Glimmora\n|-activate|p2b: Glimmora|move: Protect\n|move|p1a: Sinistcha|Matcha Gotcha|p2a: Hippowdon|[spread] \n|-activate|p2a: Hippowdon|move: Protect\n|-activate|p2b: Glimmora|move: Protect\n|\n|-weather|Sandstorm|[upkeep]\n|-damage|p1a: Sinistcha|94\/100|[from] Sandstorm\n|-damage|p2a: Hippowdon|63\/100 brn|[from] brn\n|upkeep\n|turn|5\n|inactive|Poke Chiyo has 30 seconds left.\n|inactive|Poke Chiyo has 20 seconds left.\n|inactive|Ratrap has 30 seconds left.\n|inactive|Poke Chiyo has 15 seconds left.\n|inactive|Poke Chiyo has 10 seconds left.\n|inactive|Poke Chiyo has 5 seconds left.\n|\n|t:|1700450264\n|move|p1b: Ursaluna|Hyper Voice|p2b: Glimmora|[spread] p2a,p2b\n|-resisted|p2b: Glimmora\n|-damage|p2a: Hippowdon|32\/100 brn\n|-damage|p2b: Glimmora|85\/100\n|move|p2a: Hippowdon|Sand Tomb|p1b: Ursaluna\n|-damage|p1b: Ursaluna|96\/100\n|-activate|p1b: Ursaluna|move: Sand Tomb|[of] p2a: Hippowdon\n|move|p1a: Sinistcha|Matcha Gotcha|p2b: Glimmora|[spread] p2a,p2b\n|-supereffective|p2a: Hippowdon\n|-damage|p2a: Hippowdon|0 fnt\n|-heal|p1a: Sinistcha|100\/100|[from] drain|[of] p2a: Hippowdon\n|-damage|p2b: Glimmora|63\/100\n|faint|p2a: Hippowdon\n|move|p2b: Glimmora|Mortal Spin|p1b: Ursaluna|[spread] p1a,p1b\n|-resisted|p1b: Ursaluna\n|-damage|p1a: Sinistcha|97\/100\n|-damage|p1b: Ursaluna|95\/100\n|-status|p1a: Sinistcha|psn\n|-status|p1b: Ursaluna|psn\n|-damage|p2b: Glimmora|47\/100|[from] item: Rocky Helmet|[of] p1a: Sinistcha\n|\n|-weather|none\n|-damage|p1b: Ursaluna|82\/100 psn|[from] psn\n|-damage|p1a: Sinistcha|84\/100 psn|[from] psn\n|-end|p1b: Ursaluna|Sand Tomb|[partiallytrapped]|[silent]\n|upkeep\n|\n|t:|1700450288\n|switch|p2a: Dondozo|Dondozo, L50, F|100\/100\n|turn|6\n|\n|t:|1700450301\n|move|p2a: Dondozo|Protect|p2a: Dondozo\n|-singleturn|p2a: Dondozo|Protect\n|move|p2b: Glimmora|Spiky Shield|p2b: Glimmora\n|-singleturn|p2b: Glimmora|move: Protect\n|move|p1b: Ursaluna|Blood Moon|p2a: Dondozo\n|-activate|p2a: Dondozo|move: Protect\n|move|p1a: Sinistcha|Matcha Gotcha|p2a: Dondozo|[spread] \n|-activate|p2a: Dondozo|move: Protect\n|-activate|p2b: Glimmora|move: Protect\n|\n|-damage|p1b: Ursaluna|70\/100 psn|[from] psn\n|-damage|p1a: Sinistcha|72\/100 psn|[from] psn\n|upkeep\n|turn|7\n|\n|t:|1700450322\n|switch|p2b: Cross|Tatsugiri, L50, M|100\/100\n|-activate|p2b: Cross|ability: Commander|[of] p2a: Dondozo\n|-boost|p2a: Dondozo|atk|2\n|-boost|p2a: Dondozo|spa|2\n|-boost|p2a: Dondozo|spe|2\n|-boost|p2a: Dondozo|def|2\n|-boost|p2a: Dondozo|spd|2\n|-terastallize|p1b: Ursaluna|Normal\n|-terastallize|p2a: Dondozo|Dragon\n|move|p1b: Ursaluna|Earth Power|p2b: Cross|[miss]\n|-miss|p1b: Ursaluna|p2b: Cross\n|move|p1a: Sinistcha|Matcha Gotcha|p2b: Cross|[spread] p2a\n|-miss|p1a: Sinistcha|p2b: Cross\n|-resisted|p2a: Dondozo\n|-damage|p2a: Dondozo|95\/100\n|-heal|p1a: Sinistcha|76\/100 psn|[from] drain|[of] p2a: Dondozo\n|move|p2a: Dondozo|Wave Crash|p1b: Ursaluna\n|-damage|p1b: Ursaluna|0 fnt\n|faint|p1b: Ursaluna\n|-damage|p2a: Dondozo|72\/100|[from] Recoil\n|\n|-heal|p2a: Dondozo|79\/100|[from] item: Leftovers\n|-damage|p1a: Sinistcha|63\/100 psn|[from] psn\n|-fieldend|move: Trick Room\n|upkeep\n|turn|8\n|-message|Poke Chiyo forfeited.\n|\n|win|Ratrap\n|raw|Poke Chiyo's rating: 1517 &rarr; <strong>1499<\/strong><br \/>(-18 for losing)\n|raw|Ratrap's rating: 1555 &rarr; <strong>1573<\/strong><br \/>(+18 for winning)\n|l|\u2606Poke Chiyo\n|l|\u2606Ratrap\n","uploadtime":1700450371,"views":13,"p1id":"pokechiyo","p2id":"ratrap","formatid":"gen9vgc2023regulatione","rating":1499,"private":0,"password":""}