{"id":"gen9vgc2023regulatione-1988832527","p1":"Omegateck","p2":"bobforte22","format":"[Gen 9] VGC 2023 Regulation E","log":"|j|\u2606Omegateck\n|j|\u2606bobforte22\n|n|\u2606Omegateck|omegateck\n|n|\u2606bobforte22|bobforte22\n|html|View the match progress at <a href=\"\/game-bestof3-gen9vgc2023regulatione-1988832526\">game-bestof3-gen9vgc2023regulatione-1988832526<\/a>\n|t:|1699770082\n|gametype|doubles\n|player|p1|Omegateck|pokefan-gen4|\n|player|p2|bobforte22|pilot|\n|teamsize|p1|6\n|teamsize|p2|6\n|gen|9\n|tier|[Gen 9] VGC 2023 Regulation E\n|rated|Tournament battle\n|rule|Species Clause: Limit one of each Pok\u00e9mon\n|rule|Item Clause: Limit one of each item\n|clearpoke\n|poke|p1|Ogerpon, L50, F|\n|poke|p1|Roaring Moon, L50|\n|poke|p1|Urshifu-*, L50, F|\n|poke|p1|Arcanine-Hisui, L50, M|\n|poke|p1|Thundurus-Therian, L50, M|\n|poke|p1|Gholdengo, L50|\n|poke|p2|Chi-Yu, L50|\n|poke|p2|Jolteon, L50, F|\n|poke|p2|Iron Hands, L50|\n|poke|p2|Iron Bundle, L50|\n|poke|p2|Arcanine, L50, F|\n|poke|p2|Iron Jugulis, L50|\n|teampreview|4\n|showteam|p1|Ogerpon||RazorClaw|Defiant|IvyCudgel,StompingTantrum,SwordsDance,SpikyShield|||F|||50|,,,,,Grass]Roaring Moon||BoosterEnergy|Protosynthesis|KnockOff,BreakingSwipe,Tailwind,Protect||||||50|,,,,,Poison]Urshifu-Rapid-Strike||MysticWater|UnseenFist|SurgingStrikes,CloseCombat,Substitute,Detect|||F|||50|,,,,,Water]Arcanine-Hisui||ChoiceBand|Intimidate|FlareBlitz,RockSlide,TeraBlast,ExtremeSpeed|||M|||50|,,,,,Fairy]Thundurus-Therian||AssaultVest|VoltAbsorb|Thunderbolt,TeraBlast,WildboltStorm,GrassKnot|||M|||50|,,,,,Flying]Gholdengo||Leftovers|GoodasGold|MakeItRain,ShadowBall,NastyPlot,Protect||||||50|,,,,,Dragon\n|showteam|p2|Chi-Yu||ChoiceSpecs|BeadsofRuin|DarkPulse,HeatWave,Flamethrower,TeraBlast||||||50|,,,,,Ghost]Jolteon||LifeOrb|VoltAbsorb|FakeTears,Protect,LightScreen,Thunderbolt|||F|||50|,,,,,Grass]Iron Hands||AssaultVest|QuarkDrive|FakeOut,TeraBlast,DrainPunch,WildCharge||||||50|,,,,,Fire]Iron Bundle||CovertCloak|QuarkDrive|FreezeDry,HydroPump,Protect,Encore||||||50|,,,,,Fairy]Arcanine||RockyHelmet|Intimidate|FlareBlitz,WillOWisp,Protect,Roar|||F|||50|,,,,,Water]Iron Jugulis||ChoiceScarf|QuarkDrive|HydroPump,DarkPulse,AirSlash,EarthPower||||||50|,,,,,Water\n|c|\u2606bobforte22|Glhf\n|\n|t:|1699770124\n|start\n|switch|p1a: Roaring Moon|Roaring Moon, L50|100\/100\n|switch|p1b: Thundurus|Thundurus-Therian, L50, M|100\/100\n|switch|p2a: Iron Hands|Iron Hands, L50|100\/100\n|switch|p2b: Iron Jugulis|Iron Jugulis, L50|100\/100\n|-enditem|p1a: Roaring Moon|Booster Energy\n|-activate|p1a: Roaring Moon|ability: Protosynthesis|[fromitem]\n|-start|p1a: Roaring Moon|protosynthesisspe\n|turn|1\n|inactive|Battle timer is ON: inactive players will automatically lose when time's up. (requested by bobforte22)\n|inactive|bobforte22 has 60 seconds left.\n|\n|t:|1699770167\n|move|p2a: Iron Hands|Fake Out|p1b: Thundurus\n|-damage|p1b: Thundurus|79\/100\n|move|p1a: Roaring Moon|Tailwind|p1a: Roaring Moon\n|-sidestart|p1: Omegateck|move: Tailwind\n|cant|p1b: Thundurus|flinch\n|move|p2b: Iron Jugulis|Dark Pulse|p1b: Thundurus\n|-damage|p1b: Thundurus|45\/100\n|\n|upkeep\n|turn|2\n|inactive|Omegateck has 30 seconds left.\n|\n|t:|1699770193\n|switch|p1b: Urshifu|Urshifu-Rapid-Strike, L50, F|100\/100\n|-end|p2b: Iron Jugulis|Quark Drive|[silent]\n|switch|p2b: Arcanine|Arcanine, L50, F, shiny|100\/100\n|-ability|p2b: Arcanine|Intimidate|boost\n|-unboost|p1a: Roaring Moon|atk|1\n|-unboost|p1b: Urshifu|atk|1\n|-terastallize|p2a: Iron Hands|Fire\n|move|p1a: Roaring Moon|Breaking Swipe|p2b: Arcanine|[spread] p2a,p2b\n|-damage|p2a: Iron Hands|91\/100\n|-damage|p2b: Arcanine|89\/100\n|-unboost|p2a: Iron Hands|atk|1\n|-unboost|p2b: Arcanine|atk|1\n|-damage|p1a: Roaring Moon|84\/100|[from] item: Rocky Helmet|[of] p2b: Arcanine\n|move|p2a: Iron Hands|Tera Blast|p1b: Urshifu|[anim] Tera Blast Fire\n|-resisted|p1b: Urshifu\n|-damage|p1b: Urshifu|87\/100\n|\n|upkeep\n|turn|3\n|inactive|Omegateck has 30 seconds left.\n|inactive|bobforte22 has 30 seconds left.\n|\n|t:|1699770223\n|move|p1a: Roaring Moon|Breaking Swipe|p2b: Arcanine|[spread] p2a,p2b\n|-damage|p2a: Iron Hands|81\/100\n|-damage|p2b: Arcanine|77\/100\n|-unboost|p2a: Iron Hands|atk|1\n|-unboost|p2b: Arcanine|atk|1\n|-damage|p1a: Roaring Moon|67\/100|[from] item: Rocky Helmet|[of] p2b: Arcanine\n|move|p1b: Urshifu|Substitute|p1b: Urshifu\n|-start|p1b: Urshifu|Substitute\n|-damage|p1b: Urshifu|63\/100\n|move|p2b: Arcanine|Will-O-Wisp||[still]\n|-fail|p2b: Arcanine\n|move|p2a: Iron Hands|Wild Charge|p1b: Urshifu\n|-supereffective|p1b: Urshifu\n|-end|p1b: Urshifu|Substitute\n|-damage|p2a: Iron Hands|75\/100|[from] Recoil|[of] p1b: Urshifu\n|\n|upkeep\n|turn|4\n|inactive|bobforte22 has 30 seconds left.\n|inactive|bobforte22 has 20 seconds left.\n|\n|t:|1699770259\n|-end|p2a: Iron Hands|Quark Drive|[silent]\n|switch|p2a: Iron Bundle|Iron Bundle, L50|100\/100\n|move|p1a: Roaring Moon|Protect|p1a: Roaring Moon\n|-singleturn|p1a: Roaring Moon|Protect\n|move|p1b: Urshifu|Detect|p1b: Urshifu\n|-singleturn|p1b: Urshifu|Protect\n|move|p2b: Arcanine|Will-O-Wisp|p1b: Urshifu\n|-activate|p1b: Urshifu|move: Protect\n|\n|-sideend|p1: Omegateck|move: Tailwind\n|upkeep\n|turn|5\n|\n|t:|1699770282\n|switch|p1b: Thundurus|Thundurus-Therian, L50, M|45\/100\n|move|p1a: Roaring Moon|Tailwind|p1a: Roaring Moon\n|-sidestart|p1: Omegateck|move: Tailwind\n|move|p2a: Iron Bundle|Freeze-Dry|p1b: Thundurus\n|-supereffective|p1b: Thundurus\n|-damage|p1b: Thundurus|0 fnt\n|faint|p1b: Thundurus\n|move|p2b: Arcanine|Will-O-Wisp|p1a: Roaring Moon\n|-status|p1a: Roaring Moon|brn\n|\n|-damage|p1a: Roaring Moon|61\/100 brn|[from] brn\n|upkeep\n|\n|t:|1699770296\n|switch|p1b: Urshifu|Urshifu-Rapid-Strike, L50, F|63\/100\n|turn|6\n|\n|t:|1699770311\n|move|p1a: Roaring Moon|Knock Off|p2a: Iron Bundle\n|-damage|p2a: Iron Bundle|87\/100\n|-enditem|p2a: Iron Bundle|Covert Cloak|[from] move: Knock Off|[of] p1a: Roaring Moon\n|move|p1b: Urshifu|Surging Strikes|p2a: Iron Bundle\n|-resisted|p2a: Iron Bundle\n|-crit|p2a: Iron Bundle\n|-damage|p2a: Iron Bundle|75\/100\n|-resisted|p2a: Iron Bundle\n|-crit|p2a: Iron Bundle\n|-damage|p2a: Iron Bundle|63\/100\n|-resisted|p2a: Iron Bundle\n|-crit|p2a: Iron Bundle\n|-damage|p2a: Iron Bundle|52\/100\n|-hitcount|p2a: Iron Bundle|3\n|move|p2a: Iron Bundle|Freeze-Dry|p1b: Urshifu\n|-supereffective|p1b: Urshifu\n|-damage|p1b: Urshifu|0 fnt\n|faint|p1b: Urshifu\n|move|p2b: Arcanine|Will-O-Wisp|p1a: Roaring Moon|[miss]\n|-miss|p2b: Arcanine|p1a: Roaring Moon\n|\n|-damage|p1a: Roaring Moon|55\/100 brn|[from] brn\n|upkeep\n|\n|t:|1699770323\n|switch|p1b: Gholdengo|Gholdengo, L50|100\/100\n|turn|7\n|\n|t:|1699770340\n|-terastallize|p1b: Gholdengo|Dragon\n|move|p2a: Iron Bundle|Protect|p2a: Iron Bundle\n|-singleturn|p2a: Iron Bundle|Protect\n|move|p1a: Roaring Moon|Knock Off|p2b: Arcanine\n|-damage|p2b: Arcanine|64\/100\n|-damage|p1a: Roaring Moon|39\/100 brn|[from] item: Rocky Helmet|[of] p2b: Arcanine\n|-enditem|p2b: Arcanine|Rocky Helmet|[from] move: Knock Off|[of] p1a: Roaring Moon\n|move|p1b: Gholdengo|Make It Rain|p2a: Iron Bundle|[spread] p2b\n|-activate|p2a: Iron Bundle|move: Protect\n|-resisted|p2b: Arcanine\n|-damage|p2b: Arcanine|41\/100\n|-unboost|p1b: Gholdengo|spa|1\n|move|p2b: Arcanine|Flare Blitz|p1b: Gholdengo\n|-resisted|p1b: Gholdengo\n|-damage|p1b: Gholdengo|90\/100\n|-damage|p2b: Arcanine|38\/100|[from] Recoil\n|\n|-heal|p1b: Gholdengo|96\/100|[from] item: Leftovers\n|-damage|p1a: Roaring Moon|33\/100 brn|[from] brn\n|upkeep\n|turn|8\n|inactive|bobforte22 has 30 seconds left.\n|inactive|bobforte22 has 20 seconds left.\n|\n|t:|1699770377\n|-end|p2a: Iron Bundle|Quark Drive|[silent]\n|switch|p2a: Iron Hands|Iron Hands, L50, tera:Fire|75\/100\n|move|p1a: Roaring Moon|Knock Off|p2a: Iron Hands\n|-damage|p2a: Iron Hands|65\/100\n|-enditem|p2a: Iron Hands|Assault Vest|[from] move: Knock Off|[of] p1a: Roaring Moon\n|move|p1b: Gholdengo|Make It Rain|p2b: Arcanine|[spread] p2a,p2b\n|-resisted|p2a: Iron Hands\n|-resisted|p2b: Arcanine\n|-damage|p2a: Iron Hands|54\/100\n|-damage|p2b: Arcanine|20\/100\n|-unboost|p1b: Gholdengo|spa|1\n|move|p2b: Arcanine|Flare Blitz|p1a: Roaring Moon\n|-resisted|p1a: Roaring Moon\n|-damage|p1a: Roaring Moon|22\/100 brn\n|-damage|p2b: Arcanine|16\/100|[from] Recoil\n|\n|-heal|p1b: Gholdengo|100\/100|[from] item: Leftovers\n|-damage|p1a: Roaring Moon|16\/100 brn|[from] brn\n|-sideend|p1: Omegateck|move: Tailwind\n|upkeep\n|turn|9\n|inactive|bobforte22 has 30 seconds left.\n|\n|t:|1699770402\n|move|p1a: Roaring Moon|Protect|p1a: Roaring Moon\n|-singleturn|p1a: Roaring Moon|Protect\n|move|p1b: Gholdengo|Protect|p1b: Gholdengo\n|-singleturn|p1b: Gholdengo|Protect\n|move|p2b: Arcanine|Will-O-Wisp|p1b: Gholdengo\n|-activate|p1b: Gholdengo|move: Protect\n|move|p2a: Iron Hands|Drain Punch|p1a: Roaring Moon\n|-activate|p1a: Roaring Moon|move: Protect\n|\n|-damage|p1a: Roaring Moon|10\/100 brn|[from] brn\n|upkeep\n|turn|10\n|\n|t:|1699770409\n|move|p1a: Roaring Moon|Breaking Swipe|p2a: Iron Hands|[spread] p2a,p2b\n|-damage|p2a: Iron Hands|50\/100\n|-damage|p2b: Arcanine|10\/100\n|-unboost|p2a: Iron Hands|atk|1\n|-unboost|p2b: Arcanine|atk|1\n|move|p1b: Gholdengo|Nasty Plot|p1b: Gholdengo\n|-boost|p1b: Gholdengo|spa|2\n|move|p2b: Arcanine|Will-O-Wisp|p1b: Gholdengo\n|-immune|p1b: Gholdengo|[from] ability: Good as Gold\n|move|p2a: Iron Hands|Drain Punch|p1a: Roaring Moon\n|-supereffective|p1a: Roaring Moon\n|-crit|p1a: Roaring Moon\n|-damage|p1a: Roaring Moon|0 fnt\n|-heal|p2a: Iron Hands|54\/100|[from] drain|[of] p1a: Roaring Moon\n|faint|p1a: Roaring Moon\n|-end|p1a: Roaring Moon|Protosynthesis|[silent]\n|\n|upkeep\n|turn|11\n|\n|t:|1699770429\n|move|p1b: Gholdengo|Nasty Plot|p1b: Gholdengo\n|-boost|p1b: Gholdengo|spa|2\n|move|p2b: Arcanine|Flare Blitz|p1b: Gholdengo\n|-resisted|p1b: Gholdengo\n|-damage|p1b: Gholdengo|92\/100\n|-damage|p2b: Arcanine|6\/100|[from] Recoil\n|move|p2a: Iron Hands|Drain Punch|p1b: Gholdengo\n|-damage|p1b: Gholdengo|66\/100\n|-heal|p2a: Iron Hands|64\/100|[from] drain|[of] p1b: Gholdengo\n|\n|-heal|p1b: Gholdengo|73\/100|[from] item: Leftovers\n|upkeep\n|turn|12\n|\n|t:|1699770441\n|move|p1b: Gholdengo|Protect|p1b: Gholdengo\n|-singleturn|p1b: Gholdengo|Protect\n|move|p2b: Arcanine|Flare Blitz|p1b: Gholdengo\n|-activate|p1b: Gholdengo|move: Protect\n|move|p2a: Iron Hands|Drain Punch|p1b: Gholdengo\n|-activate|p1b: Gholdengo|move: Protect\n|\n|-heal|p1b: Gholdengo|79\/100|[from] item: Leftovers\n|upkeep\n|turn|13\n|\n|t:|1699770448\n|move|p1b: Gholdengo|Shadow Ball|p2a: Iron Hands\n|-damage|p2a: Iron Hands|0 fnt\n|faint|p2a: Iron Hands\n|-end|p2a: Iron Hands|Quark Drive|[silent]\n|move|p2b: Arcanine|Flare Blitz|p1b: Gholdengo\n|-resisted|p1b: Gholdengo\n|-damage|p1b: Gholdengo|70\/100\n|-damage|p2b: Arcanine|3\/100|[from] Recoil\n|\n|-heal|p1b: Gholdengo|76\/100|[from] item: Leftovers\n|upkeep\n|\n|t:|1699770456\n|switch|p2a: Iron Bundle|Iron Bundle, L50|52\/100\n|turn|14\n|inactive|Omegateck has 30 seconds left.\n|\n|t:|1699770482\n|move|p2a: Iron Bundle|Protect|p2a: Iron Bundle\n|-singleturn|p2a: Iron Bundle|Protect\n|move|p1b: Gholdengo|Make It Rain|p2b: Arcanine|[spread] p2b\n|-activate|p2a: Iron Bundle|move: Protect\n|-resisted|p2b: Arcanine\n|-damage|p2b: Arcanine|0 fnt\n|-unboost|p1b: Gholdengo|spa|1\n|faint|p2b: Arcanine\n|\n|-heal|p1b: Gholdengo|82\/100|[from] item: Leftovers\n|upkeep\n|\n|t:|1699770495\n|switch|p2b: Iron Jugulis|Iron Jugulis, L50|100\/100\n|turn|15\n|l|\u2606Omegateck\n|inactive|Omegateck disconnected and has a minute to reconnect!\n|player|p1|\n|j| Somaster100\n|inactive|Omegateck has 30 seconds left.\n|inactive|Omegateck has 20 seconds left.\n|inactive|Omegateck has 15 seconds left.\n|inactive|Omegateck has 10 seconds left.\n|j|\u2606Omegateck\n|inactive|Omegateck reconnected and has 10 seconds left.\n|player|p1|Omegateck|pokefan-gen4\n|inactive|Omegateck has 5 seconds left.\n|\n|t:|1699770550\n|move|p2b: Iron Jugulis|Dark Pulse|p1b: Gholdengo\n|-damage|p1b: Gholdengo|43\/100\n|move|p2a: Iron Bundle|Freeze-Dry|p1b: Gholdengo\n|-supereffective|p1b: Gholdengo\n|-damage|p1b: Gholdengo|0 fnt\n|faint|p1b: Gholdengo\n|\n|win|bobforte22\n","uploadtime":1699770560,"views":12,"p1id":"omegateck","p2id":"bobforte22","formatid":"gen9vgc2023regulatione","rating":0,"private":0,"password":""}