{"id":"gen9vgc2023regulatione-1994898125","p1":"sdmiiu","p2":"TheTantricPoke","format":"[Gen 9] VGC 2023 Regulation E","log":"|j|\u2606sdmiiu\n|j|\u2606TheTantricPoke\n|t:|1700502785\n|gametype|doubles\n|player|p1|sdmiiu|red|1149\n|player|p2|TheTantricPoke|shauntal|1071\n|teamsize|p1|6\n|teamsize|p2|6\n|gen|9\n|tier|[Gen 9] VGC 2023 Regulation E\n|rated|\n|rule|Species Clause: Limit one of each Pok\u00e9mon\n|rule|Item Clause: Limit one of each item\n|clearpoke\n|poke|p1|Baxcalibur, L50, F|\n|poke|p1|Sneasler, L50, F|\n|poke|p1|Inteleon, L50, M|\n|poke|p1|Scizor, L50, M|\n|poke|p1|Moltres-Galar, L50|\n|poke|p1|Clefable, L50, F|\n|poke|p2|Heatran, L50, F|\n|poke|p2|Urshifu-*, L50, M|\n|poke|p2|Dragonite, L50, F|\n|poke|p2|Chien-Pao, L50|\n|poke|p2|Amoonguss, L50, F|\n|poke|p2|Flutter Mane, L50|\n|teampreview|4\n|inactive|Battle timer is ON: inactive players will automatically lose when time's up. (requested by sdmiiu)\nsdmiiu has agreed to open team sheets.\n|c|\u2606TheTantricPoke|why clefable?\nTheTantricPoke has agreed to open team sheets.\n|c|\u2606sdmiiu|youll see\n|c|\u2606TheTantricPoke|oh wow XD ok!\n|inactive|TheTantricPoke has 30 seconds left.\n|\n|t:|1700502831\n|start\n|switch|p1a: Baxcalibur|Baxcalibur, L50, F|100\/100\n|switch|p1b: Clefable|Clefable, L50, F|100\/100\n|switch|p2a: Chien-Pao|Chien-Pao, L50|100\/100\n|switch|p2b: Urshifu|Urshifu-Rapid-Strike, L50, M|100\/100\n|-ability|p2a: Chien-Pao|Sword of Ruin\n|turn|1\n|c|\u2606sdmiiu|xd\n|\n|t:|1700502850\n|move|p1b: Clefable|Follow Me|p1b: Clefable\n|-singleturn|p1b: Clefable|move: Follow Me\n|move|p2b: Urshifu|U-turn|p1b: Clefable\n|-resisted|p1b: Clefable\n|-damage|p1b: Clefable|82\/100\n|\n|t:|1700502857\n|switch|p2b: Dragonite|Dragonite, L50, F|100\/100|[from] U-turn\n|move|p2a: Chien-Pao|Taunt|p1b: Clefable\n|-start|p1b: Clefable|move: Taunt\n|move|p1a: Baxcalibur|Dragon Dance|p1a: Baxcalibur\n|-boost|p1a: Baxcalibur|atk|1\n|-boost|p1a: Baxcalibur|spe|1\n|\n|-heal|p1b: Clefable|88\/100|[from] item: Leftovers\n|upkeep\n|turn|2\n|\n|t:|1700502882\n|-terastallize|p2b: Dragonite|Flying\n|-terastallize|p1b: Clefable|Fairy\n|move|p1a: Baxcalibur|Ice Shard|p2b: Dragonite\n|-supereffective|p2b: Dragonite\n|-damage|p2b: Dragonite|7\/100\n|move|p2a: Chien-Pao|Sucker Punch||[still]\n|-fail|p2a: Chien-Pao\n|move|p2b: Dragonite|Low Kick|p1a: Baxcalibur\n|-supereffective|p1a: Baxcalibur\n|-damage|p1a: Baxcalibur|0 fnt\n|faint|p1a: Baxcalibur\n|move|p1b: Clefable|Dazzling Gleam|p2b: Dragonite|[spread] p2a,p2b\n|-supereffective|p2a: Chien-Pao\n|-enditem|p2a: Chien-Pao|Focus Sash\n|-damage|p2a: Chien-Pao|1\/100\n|-damage|p2b: Dragonite|0 fnt\n|faint|p2b: Dragonite\n|\n|-heal|p1b: Clefable|94\/100|[from] item: Leftovers\n|upkeep\n|inactive|TheTantricPoke has 30 seconds left.\n|\n|t:|1700502912\n|switch|p1a: Sneasler|Sneasler, L50, F|100\/100\n|switch|p2b: Heatran|Heatran, L50, F|100\/100\n|turn|3\n|inactive|TheTantricPoke has 30 seconds left.\n|inactive|TheTantricPoke has 20 seconds left.\n|\n|t:|1700502950\n|switch|p1b: Inteleon|Inteleon, L50, M|100\/100\n|move|p2a: Chien-Pao|Protect|p2a: Chien-Pao\n|-singleturn|p2a: Chien-Pao|Protect\n|move|p2b: Heatran|Protect|p2b: Heatran\n|-singleturn|p2b: Heatran|Protect\n|move|p1a: Sneasler|Fake Out|p2a: Chien-Pao\n|-activate|p2a: Chien-Pao|move: Protect\n|\n|upkeep\n|turn|4\n|inactive|TheTantricPoke has 30 seconds left.\n|\n|t:|1700502978\n|switch|p2b: Urshifu|Urshifu-Rapid-Strike, L50, M|100\/100\n|move|p2a: Chien-Pao|Icicle Crash|p1a: Sneasler\n|-damage|p1a: Sneasler|0 fnt\n|faint|p1a: Sneasler\n|move|p1b: Inteleon|Snipe Shot|p2b: Urshifu\n|-resisted|p2b: Urshifu\n|-crit|p2b: Urshifu\n|-damage|p2b: Urshifu|35\/100\n|\n|upkeep\n|\n|t:|1700502986\n|switch|p1a: Clefable|Clefable, L50, F, tera:Fairy|94\/100\n|turn|5\n|c|\u2606TheTantricPoke|why i did not hit cef? :O\n|inactive|TheTantricPoke has 30 seconds left.\n|c|\u2606sdmiiu|predict\n|inactive|TheTantricPoke has 20 seconds left.\n|c|\u2606TheTantricPoke|i mean, with suckerpunch\n|inactive|TheTantricPoke has 15 seconds left.\n|inactive|TheTantricPoke has 10 seconds left.\n|c|\u2606sdmiiu|oo\n|inactive|TheTantricPoke has 5 seconds left.\n|\n|t:|1700503038\n|move|p2b: Urshifu|U-turn|p1b: Inteleon\n|-damage|p1b: Inteleon|45\/100\n|\n|t:|1700503041\n|switch|p2b: Heatran|Heatran, L50, F|100\/100|[from] U-turn\n|move|p2a: Chien-Pao|Taunt|p1a: Clefable\n|-start|p1a: Clefable|move: Taunt\n|move|p1b: Inteleon|Air Cutter|p2a: Chien-Pao|[spread] p2a,p2b\n|-resisted|p2b: Heatran\n|-damage|p2a: Chien-Pao|0 fnt\n|-damage|p2b: Heatran|94\/100\n|faint|p2a: Chien-Pao\n|move|p1a: Clefable|Dazzling Gleam|p2b: Heatran\n|-resisted|p2b: Heatran\n|-damage|p2b: Heatran|83\/100\n|\n|-heal|p2b: Heatran|89\/100|[from] item: Leftovers\n|-heal|p1a: Clefable|99\/100|[from] item: Leftovers\n|upkeep\n|c|\u2606sdmiiu|i would be a wp\n|\n|t:|1700503055\n|switch|p2a: Urshifu|Urshifu-Rapid-Strike, L50, M|35\/100\n|turn|6\n|\n|t:|1700503063\n|move|p2a: Urshifu|Close Combat|p1b: Inteleon\n|-crit|p1b: Inteleon\n|-damage|p1b: Inteleon|0 fnt\n|-unboost|p2a: Urshifu|def|1\n|-unboost|p2a: Urshifu|spd|1\n|faint|p1b: Inteleon\n|move|p2b: Heatran|Flash Cannon|p1a: Clefable\n|-supereffective|p1a: Clefable\n|-damage|p1a: Clefable|9\/100\n|move|p1a: Clefable|Dazzling Gleam|p2b: Heatran|[spread] p2a,p2b\n|-supereffective|p2a: Urshifu\n|-resisted|p2b: Heatran\n|-damage|p2a: Urshifu|0 fnt\n|-damage|p2b: Heatran|81\/100\n|faint|p2a: Urshifu\n|\n|-heal|p2b: Heatran|87\/100|[from] item: Leftovers\n|-heal|p1a: Clefable|15\/100|[from] item: Leftovers\n|upkeep\n|turn|7\n|\n|t:|1700503079\n|move|p2b: Heatran|Flash Cannon|p1a: Clefable\n|-supereffective|p1a: Clefable\n|-damage|p1a: Clefable|0 fnt\n|faint|p1a: Clefable\n|\n|win|TheTantricPoke\n|raw|sdmiiu's rating: 1149 &rarr; <strong>1118<\/strong><br \/>(-31 for losing)\n|raw|TheTantricPoke's rating: 1071 &rarr; <strong>1107<\/strong><br \/>(+36 for winning)\n|c|\u2606sdmiiu|wp\n|c|\u2606TheTantricPoke|gg\n|c|\u2606sdmiiu|yuo wongg\n|l|\u2606sdmiiu\n","uploadtime":1700503202,"views":3,"p1id":"sdmiiu","p2id":"thetantricpoke","formatid":"gen9vgc2023regulatione","rating":1107,"private":0,"password":""}