{"id":"gen9vgc2023regulatione-1998343195","p1":"playtimedfg","p2":"Gjsaw","format":"[Gen 9] VGC 2023 Regulation E","log":"|j|\u2606playtimedfg\n|j|\u2606Gjsaw\n|t:|1700931689\n|gametype|doubles\n|player|p1|playtimedfg|red|1011\n|player|p2|Gjsaw|1|1082\n|teamsize|p1|6\n|teamsize|p2|6\n|gen|9\n|tier|[Gen 9] VGC 2023 Regulation E\n|rated|\n|rule|Species Clause: Limit one of each Pok\u00e9mon\n|rule|Item Clause: Limit one of each item\n|clearpoke\n|poke|p1|Ogerpon-Hearthflame, L50, F|\n|poke|p1|Tornadus, L50, M|\n|poke|p1|Flutter Mane, L50|\n|poke|p1|Heatran, L50, M|\n|poke|p1|Landorus-Therian, L50, M|\n|poke|p1|Arcanine, L50, F|\n|poke|p2|Iron Hands, L50|\n|poke|p2|Abomasnow, L50, F|\n|poke|p2|Baxcalibur, L50, F|\n|poke|p2|Sableye, L50, F|\n|poke|p2|Dragonite, L50, F|\n|poke|p2|Goodra-Hisui, L50, M|\n|teampreview|4\n|inactive|Battle timer is ON: inactive players will automatically lose when time's up. (requested by playtimedfg)\nplaytimedfg has agreed to open team sheets.\nGjsaw has agreed to open team sheets.\n|inactiveoff|Battle timer is now OFF.\n|\n|t:|1700931785\n|start\n|switch|p1a: Tornadus|Tornadus, L50, M|100\/100\n|switch|p1b: Ogerpon|Ogerpon-Hearthflame, L50, F|100\/100\n|switch|p2a: Iron Hands|Iron Hands, L50|100\/100\n|switch|p2b: Dragonite|Dragonite, L50, F|100\/100\n|-ability|p1b: Ogerpon|Mold Breaker\n|turn|1\n|\n|t:|1700931810\n|move|p1b: Ogerpon|Spiky Shield|p1b: Ogerpon\n|-singleturn|p1b: Ogerpon|move: Protect\n|move|p2a: Iron Hands|Fake Out|p1a: Tornadus\n|-damage|p1a: Tornadus|82\/100\n|cant|p1a: Tornadus|flinch\n|move|p2b: Dragonite|Aerial Ace|p1b: Ogerpon\n|-activate|p1b: Ogerpon|move: Protect\n|-damage|p2b: Dragonite|88\/100|[from] Spiky Shield|[of] p1b: Ogerpon\n|\n|upkeep\n|turn|2\n|\n|t:|1700931838\n|switch|p2b: Goodra|Goodra-Hisui, L50, M|100\/100\n|-terastallize|p1b: Ogerpon|Fire\n|detailschange|p1b: Ogerpon|Ogerpon-Hearthflame-Tera, L50, F, tera:Fire\n|-ability|p1b: Ogerpon|Embody Aspect (Hearthflame)|boost\n|-boost|p1b: Ogerpon|atk|1\n|move|p1b: Ogerpon|Swords Dance|p1b: Ogerpon\n|-boost|p1b: Ogerpon|atk|2\n|move|p1a: Tornadus|Bleakwind Storm|p2b: Goodra|[spread] p2a\n|-miss|p1a: Tornadus|p2b: Goodra\n|-damage|p2a: Iron Hands|85\/100\n|move|p2a: Iron Hands|Volt Switch|p1a: Tornadus\n|-supereffective|p1a: Tornadus\n|-damage|p1a: Tornadus|59\/100\n|\n|t:|1700931848\n|-end|p2a: Iron Hands|Quark Drive|[silent]\n|switch|p2a: Dragonite|Dragonite, L50, F|88\/100|[from] Volt Switch\n|\n|upkeep\n|turn|3\n|\n|t:|1700931873\n|move|p2a: Dragonite|Extreme Speed|p1b: Ogerpon\n|-damage|p1b: Ogerpon|43\/100\n|move|p1a: Tornadus|Tailwind|p1a: Tornadus\n|-sidestart|p1: playtimedfg|move: Tailwind\n|move|p1b: Ogerpon|Ivy Cudgel|p2b: Goodra|[anim] Ivy Cudgel Fire\n|-damage|p2b: Goodra|0 fnt\n|faint|p2b: Goodra\n|\n|upkeep\n|\n|t:|1700931883\n|switch|p2b: Sableye|Sableye, L50, F|100\/100\n|turn|4\n|\n|t:|1700931897\n|move|p2a: Dragonite|Extreme Speed|p1b: Ogerpon\n|-crit|p1b: Ogerpon\n|-damage|p1b: Ogerpon|0 fnt\n|faint|p1b: Ogerpon\n|move|p1a: Tornadus|Taunt|p2b: Sableye\n|-hint|Since gen 7, Dark is immune to Prankster moves.\n|-immune|p2b: Sableye\n|move|p2b: Sableye|Reflect|p2b: Sableye\n|-sidestart|p2: Gjsaw|Reflect\n|\n|upkeep\n|\n|t:|1700931917\n|switch|p1b: Flutter Mane|Flutter Mane, L50|100\/100\n|-enditem|p1b: Flutter Mane|Booster Energy\n|-activate|p1b: Flutter Mane|ability: Protosynthesis|[fromitem]\n|-start|p1b: Flutter Mane|protosynthesisspe\n|turn|5\n|\n|t:|1700931932\n|switch|p2a: Iron Hands|Iron Hands, L50|85\/100\n|move|p2b: Sableye|Light Screen|p2b: Sableye\n|-sidestart|p2: Gjsaw|move: Light Screen\n|move|p1b: Flutter Mane|Moonblast|p2a: Iron Hands\n|-supereffective|p2a: Iron Hands\n|-damage|p2a: Iron Hands|51\/100\n|move|p1a: Tornadus|Bleakwind Storm|p2b: Sableye|[spread] p2a,p2b\n|-damage|p2a: Iron Hands|40\/100\n|-damage|p2b: Sableye|75\/100\n|\n|upkeep\n|turn|6\n|\n|t:|1700931951\n|-terastallize|p2a: Iron Hands|Grass\n|move|p1a: Tornadus|Protect|p1a: Tornadus\n|-singleturn|p1a: Tornadus|Protect\n|move|p2b: Sableye|Taunt|p1a: Tornadus\n|-activate|p1a: Tornadus|move: Protect\n|move|p1b: Flutter Mane|Calm Mind|p1b: Flutter Mane\n|-boost|p1b: Flutter Mane|spa|1\n|-boost|p1b: Flutter Mane|spd|1\n|move|p2a: Iron Hands|Heavy Slam|p1b: Flutter Mane\n|-supereffective|p1b: Flutter Mane\n|-damage|p1b: Flutter Mane|0 fnt\n|faint|p1b: Flutter Mane\n|-end|p1b: Flutter Mane|Protosynthesis|[silent]\n|\n|-sideend|p1: playtimedfg|move: Tailwind\n|upkeep\n|\n|t:|1700931967\n|switch|p1b: Arcanine|Arcanine, L50, F|100\/100\n|-ability|p1b: Arcanine|Intimidate|boost\n|-unboost|p2a: Iron Hands|atk|1\n|-unboost|p2b: Sableye|atk|1\n|turn|7\n|\n|t:|1700931989\n|-end|p2a: Iron Hands|Quark Drive|[silent]\n|switch|p2a: Dragonite|Dragonite, L50, F|88\/100\n|move|p1a: Tornadus|Tailwind|p1a: Tornadus\n|-sidestart|p1: playtimedfg|move: Tailwind\n|move|p2b: Sableye|Taunt|p1a: Tornadus\n|-start|p1a: Tornadus|move: Taunt\n|-enditem|p1a: Tornadus|Mental Herb\n|-end|p1a: Tornadus|move: Taunt\n|move|p1b: Arcanine|Howl|p1b: Arcanine|[spread] p1a,p1b\n|-boost|p1a: Tornadus|atk|1\n|-boost|p1b: Arcanine|atk|1\n|\n|upkeep\n|turn|8\n|\n|t:|1700932023\n|move|p1a: Tornadus|Protect|p1a: Tornadus\n|-singleturn|p1a: Tornadus|Protect\n|move|p2b: Sableye|Taunt|p1a: Tornadus\n|-activate|p1a: Tornadus|move: Protect\n|move|p1b: Arcanine|Will-O-Wisp|p2a: Dragonite\n|-status|p2a: Dragonite|brn\n|move|p2a: Dragonite|Ice Spinner|p1a: Tornadus\n|-activate|p1a: Tornadus|move: Protect\n|\n|-damage|p2a: Dragonite|82\/100 brn|[from] brn\n|-sideend|p2: Gjsaw|Reflect\n|upkeep\n|turn|9\n|\n|t:|1700932050\n|move|p2b: Sableye|Taunt|p1a: Tornadus\n|-start|p1a: Tornadus|move: Taunt\n|move|p1a: Tornadus|Bleakwind Storm|p2b: Sableye|[spread] p2a\n|-miss|p1a: Tornadus|p2b: Sableye\n|-damage|p2a: Dragonite|62\/100 brn\n|-unboost|p2a: Dragonite|spe|1\n|move|p1b: Arcanine|Flare Blitz|p2b: Sableye\n|-damage|p2b: Sableye|0 fnt\n|faint|p2b: Sableye\n|-damage|p1b: Arcanine|82\/100|[from] Recoil\n|move|p2a: Dragonite|Ice Spinner|p1a: Tornadus\n|-supereffective|p1a: Tornadus\n|-damage|p1a: Tornadus|4\/100\n|\n|-heal|p1b: Arcanine|88\/100|[from] item: Leftovers\n|-damage|p2a: Dragonite|56\/100 brn|[from] brn\n|-sideend|p2: Gjsaw|move: Light Screen\n|upkeep\n|\n|t:|1700932057\n|switch|p2b: Iron Hands|Iron Hands, L50, tera:Grass|40\/100\n|turn|10\n|\n|t:|1700932078\n|move|p2b: Iron Hands|Fake Out|p1b: Arcanine\n|-damage|p1b: Arcanine|71\/100\n|move|p1a: Tornadus|Bleakwind Storm|p2a: Dragonite|[spread] p2a,p2b\n|-supereffective|p2b: Iron Hands\n|-damage|p2a: Dragonite|28\/100 brn\n|-damage|p2b: Iron Hands|6\/100\n|cant|p1b: Arcanine|flinch\n|move|p2a: Dragonite|Ice Spinner|p1a: Tornadus\n|-supereffective|p1a: Tornadus\n|-damage|p1a: Tornadus|0 fnt\n|faint|p1a: Tornadus\n|\n|-heal|p1b: Arcanine|77\/100|[from] item: Leftovers\n|-damage|p2a: Dragonite|21\/100 brn|[from] brn\n|-sideend|p1: playtimedfg|move: Tailwind\n|upkeep\n|turn|11\n|\n|t:|1700932104\n|move|p1b: Arcanine|Protect|p1b: Arcanine\n|-singleturn|p1b: Arcanine|Protect\n|move|p2b: Iron Hands|Drain Punch|p1b: Arcanine\n|-activate|p1b: Arcanine|move: Protect\n|move|p2a: Dragonite|Ice Spinner|p1b: Arcanine\n|-activate|p1b: Arcanine|move: Protect\n|\n|-heal|p1b: Arcanine|83\/100|[from] item: Leftovers\n|-damage|p2a: Dragonite|15\/100 brn|[from] brn\n|upkeep\n|turn|12\n|\n|t:|1700932134\n|move|p1b: Arcanine|Flare Blitz|p2b: Iron Hands\n|-supereffective|p2b: Iron Hands\n|-damage|p2b: Iron Hands|0 fnt\n|faint|p2b: Iron Hands\n|-end|p2b: Iron Hands|Quark Drive|[silent]\n|-damage|p1b: Arcanine|81\/100|[from] Recoil\n|move|p2a: Dragonite|Ice Spinner|p1b: Arcanine\n|-resisted|p1b: Arcanine\n|-damage|p1b: Arcanine|70\/100\n|\n|-heal|p1b: Arcanine|76\/100|[from] item: Leftovers\n|-damage|p2a: Dragonite|9\/100 brn|[from] brn\n|upkeep\n|turn|13\n|\n|t:|1700932149\n|move|p1b: Arcanine|Flare Blitz|p2a: Dragonite\n|-resisted|p2a: Dragonite\n|-damage|p2a: Dragonite|0 fnt\n|faint|p2a: Dragonite\n|-damage|p1b: Arcanine|73\/100|[from] Recoil\n|\n|win|playtimedfg\n|raw|playtimedfg's rating: 1011 &rarr; <strong>1057<\/strong><br \/>(+46 for winning)\n|raw|Gjsaw's rating: 1082 &rarr; <strong>1055<\/strong><br \/>(-27 for losing)\n","uploadtime":1700932158,"views":0,"p1id":"playtimedfg","p2id":"gjsaw","formatid":"gen9vgc2023regulatione","rating":1055,"private":0,"password":""}