{"id":"gen9vgc2023regulatione-1990990672","p1":"jomina","p2":"silver82","format":"[Gen 9] VGC 2023 Regulation E","log":"|j|\u2606jomina\n|j|\u2606silver82\n|t:|1700024290\n|gametype|doubles\n|player|p1|jomina|266|1307\n|player|p2|silver82|erika|1291\n|teamsize|p1|6\n|teamsize|p2|6\n|gen|9\n|tier|[Gen 9] VGC 2023 Regulation E\n|rated|\n|rule|Species Clause: Limit one of each Pok\u00e9mon\n|rule|Item Clause: Limit one of each item\n|clearpoke\n|poke|p1|Ogerpon-Wellspring, L50, F|\n|poke|p1|Iron Hands, L50|\n|poke|p1|Spectrier, L50|\n|poke|p1|Landorus-Therian, L50, M|\n|poke|p1|Kommo-o, L50, M|\n|poke|p1|Clefairy, L50, F|\n|poke|p2|Cresselia, L50, F|\n|poke|p2|Heatran, L50, M|\n|poke|p2|Ogerpon-Hearthflame, L50, F|\n|poke|p2|Flutter Mane, L50|\n|poke|p2|Urshifu-*, L50, M|\n|poke|p2|Brute Bonnet, L50|\n|teampreview|4\n|inactive|Battle timer is ON: inactive players will automatically lose when time's up. (requested by jomina)\n|inactive|jomina has 60 seconds left.\n|\n|t:|1700024329\n|start\n|switch|p1a: Landorus|Landorus-Therian, L50, M|100\/100\n|switch|p1b: Clefairy|Clefairy, L50, F, shiny|100\/100\n|switch|p2a: Cresselia|Cresselia, L50, F|100\/100\n|switch|p2b: Flutter Mane|Flutter Mane, L50|100\/100\n|-ability|p1a: Landorus|Intimidate|boost\n|-unboost|p2a: Cresselia|atk|1\n|-unboost|p2b: Flutter Mane|atk|1\n|turn|1\n|inactive|jomina has 30 seconds left.\n|inactive|silver82 has 30 seconds left.\n|\n|t:|1700024354\n|move|p1a: Landorus|Stomping Tantrum|p2b: Flutter Mane\n|-damage|p2b: Flutter Mane|6\/100\n|move|p2b: Flutter Mane|Moonblast|p1b: Clefairy\n|-damage|p1b: Clefairy|56\/100\n|move|p2a: Cresselia|Sunny Day|p2a: Cresselia\n|-weather|SunnyDay\n|-activate|p2b: Flutter Mane|ability: Protosynthesis\n|-start|p2b: Flutter Mane|protosynthesisspe\n|move|p1b: Clefairy|Encore|p2a: Cresselia\n|-start|p2a: Cresselia|Encore\n|-enditem|p2a: Cresselia|Mental Herb\n|-end|p2a: Cresselia|Encore\n|\n|-weather|SunnyDay|[upkeep]\n|upkeep\n|turn|2\n|\n|t:|1700024374\n|switch|p1a: Ogerpon|Ogerpon-Wellspring, L50, F|100\/100\n|move|p2b: Flutter Mane|Moonblast|p1b: Clefairy\n|-damage|p1b: Clefairy|14\/100\n|move|p2a: Cresselia|Icy Wind|p1a: Ogerpon|[spread] p1a,p1b\n|-damage|p1a: Ogerpon|95\/100\n|-damage|p1b: Clefairy|8\/100\n|-unboost|p1a: Ogerpon|spe|1\n|-unboost|p1b: Clefairy|spe|1\n|move|p1b: Clefairy|Moonblast|p2b: Flutter Mane\n|-damage|p2b: Flutter Mane|0 fnt\n|faint|p2b: Flutter Mane\n|-end|p2b: Flutter Mane|Protosynthesis|[silent]\n|\n|-weather|SunnyDay|[upkeep]\n|upkeep\n|inactive|silver82 has 30 seconds left.\n|\n|t:|1700024400\n|switch|p2b: Heatran|Heatran, L50, M|100\/100\n|turn|3\n|inactive|jomina has 30 seconds left.\n|\n|t:|1700024425\n|switch|p1b: Landorus|Landorus-Therian, L50, M|100\/100\n|-ability|p1b: Landorus|Intimidate|boost\n|-unboost|p2a: Cresselia|atk|1\n|-unboost|p2b: Heatran|atk|1\n|-terastallize|p2b: Heatran|Grass\n|move|p2a: Cresselia|Skill Swap|p1b: Landorus\n|-activate|p2a: Cresselia|move: Skill Swap|Intimidate|Levitate|[of] p1b: Landorus\n|-ability|p2a: Cresselia|Intimidate|boost\n|-unboost|p1a: Ogerpon|atk|1\n|-unboost|p1b: Landorus|atk|1\n|move|p2b: Heatran|Heat Wave|p1a: Ogerpon|[spread] p1a,p1b\n|-damage|p1a: Ogerpon|37\/100\n|-damage|p1b: Landorus|18\/100\n|move|p1a: Ogerpon|Ivy Cudgel|p2b: Heatran|[anim] Ivy Cudgel Water\n|-resisted|p2b: Heatran\n|-damage|p2b: Heatran|92\/100\n|\n|-weather|SunnyDay|[upkeep]\n|-heal|p2b: Heatran|98\/100|[from] item: Leftovers\n|upkeep\n|turn|4\n|\n|t:|1700024448\n|-terastallize|p1b: Landorus|Flying\n|move|p2b: Heatran|Protect|p2b: Heatran\n|-singleturn|p2b: Heatran|Protect\n|move|p1b: Landorus|Tera Blast|p2b: Heatran|[anim] Tera Blast Flying\n|-activate|p2b: Heatran|move: Protect\n|move|p2a: Cresselia|Icy Wind|p1a: Ogerpon|[spread] p1a,p1b\n|-supereffective|p1b: Landorus\n|-damage|p1a: Ogerpon|29\/100\n|-damage|p1b: Landorus|0 fnt\n|-unboost|p1a: Ogerpon|spe|1\n|faint|p1b: Landorus\n|move|p1a: Ogerpon|Encore|p2a: Cresselia\n|-start|p2a: Cresselia|Encore\n|\n|-weather|SunnyDay|[upkeep]\n|-heal|p2b: Heatran|100\/100|[from] item: Leftovers\n|upkeep\n|\n|t:|1700024455\n|switch|p1b: Iron Hands|Iron Hands, L50|100\/100\n|turn|5\n|\n|t:|1700024478\n|switch|p2b: Urshifu|Urshifu, L50, M|100\/100\n|move|p2a: Cresselia|Icy Wind|p1a: Ogerpon|[spread] p1a,p1b\n|-damage|p1a: Ogerpon|21\/100\n|-damage|p1b: Iron Hands|96\/100\n|-unboost|p1a: Ogerpon|spe|1\n|-unboost|p1b: Iron Hands|spe|1\n|move|p1a: Ogerpon|Encore||[still]\n|-fail|p1a: Ogerpon\n|move|p1b: Iron Hands|Wild Charge|p2a: Cresselia\n|-damage|p2a: Cresselia|64\/100\n|-damage|p1b: Iron Hands|87\/100|[from] Recoil\n|\n|-weather|none\n|upkeep\n|turn|6\n|inactive|silver82 has 30 seconds left.\n|inactive|silver82 has 20 seconds left.\n|\n|t:|1700024515\n|switch|p1a: Clefairy|Clefairy, L50, F, shiny|8\/100\n|move|p2b: Urshifu|Wicked Blow|p1a: Clefairy\n|-resisted|p1a: Clefairy\n|-crit|p1a: Clefairy\n|-damage|p1a: Clefairy|0 fnt\n|faint|p1a: Clefairy\n|move|p2a: Cresselia|Icy Wind|p1b: Iron Hands\n|-damage|p1b: Iron Hands|82\/100\n|-unboost|p1b: Iron Hands|spe|1\n|move|p1b: Iron Hands|Drain Punch|p2b: Urshifu\n|-supereffective|p2b: Urshifu\n|-damage|p2b: Urshifu|14\/100\n|-heal|p1b: Iron Hands|100\/100|[from] drain|[of] p2b: Urshifu\n|\n|upkeep\n|\n|t:|1700024527\n|switch|p1a: Ogerpon|Ogerpon-Wellspring, L50, F|21\/100\n|turn|7\n|\n|t:|1700024548\n|move|p2b: Urshifu|Wicked Blow|p1a: Ogerpon\n|-crit|p1a: Ogerpon\n|-damage|p1a: Ogerpon|0 fnt\n|faint|p1a: Ogerpon\n|move|p2a: Cresselia|Icy Wind|p1b: Iron Hands\n|-damage|p1b: Iron Hands|95\/100\n|-unboost|p1b: Iron Hands|spe|1\n|move|p1b: Iron Hands|Wild Charge|p2a: Cresselia\n|-damage|p2a: Cresselia|25\/100\n|-damage|p1b: Iron Hands|85\/100|[from] Recoil\n|\n|-end|p2a: Cresselia|Encore\n|upkeep\n|turn|8\n|inactive|silver82 has 30 seconds left.\n|\n|t:|1700024575\n|move|p2b: Urshifu|Wicked Blow|p1b: Iron Hands\n|-resisted|p1b: Iron Hands\n|-crit|p1b: Iron Hands\n|-damage|p1b: Iron Hands|64\/100\n|move|p2a: Cresselia|Sunny Day|p2a: Cresselia\n|-weather|SunnyDay\n|move|p1b: Iron Hands|Drain Punch|p2b: Urshifu\n|-supereffective|p2b: Urshifu\n|-damage|p2b: Urshifu|0 fnt\n|-heal|p1b: Iron Hands|69\/100|[from] drain|[of] p2b: Urshifu\n|faint|p2b: Urshifu\n|\n|-weather|SunnyDay|[upkeep]\n|upkeep\n|\n|t:|1700024584\n|switch|p2b: Heatran|Heatran, L50, M, tera:Grass|100\/100\n|turn|9\n|\n|t:|1700024594\n|move|p2a: Cresselia|Ally Switch|p2a: Cresselia\n|swap|p2a: Cresselia|1|[from] move: Ally Switch\n|move|p2a: Heatran|Heat Wave|p1b: Iron Hands\n|-damage|p1b: Iron Hands|26\/100\n|move|p1b: Iron Hands|Drain Punch|p2b: Cresselia\n|-resisted|p2b: Cresselia\n|-damage|p2b: Cresselia|8\/100\n|-heal|p1b: Iron Hands|35\/100|[from] drain|[of] p2b: Cresselia\n|\n|-weather|SunnyDay|[upkeep]\n|upkeep\n|turn|10\n|\n|t:|1700024608\n|move|p2b: Cresselia|Icy Wind|p1b: Iron Hands\n|-damage|p1b: Iron Hands|29\/100\n|-unboost|p1b: Iron Hands|spe|1\n|move|p2a: Heatran|Heat Wave|p1b: Iron Hands\n|-damage|p1b: Iron Hands|0 fnt\n|faint|p1b: Iron Hands\n|-end|p1b: Iron Hands|Quark Drive|[silent]\n|\n|win|silver82\n|raw|jomina's rating: 1307 &rarr; <strong>1286<\/strong><br \/>(-21 for losing)\n|raw|silver82's rating: 1291 &rarr; <strong>1317<\/strong><br \/>(+26 for winning)\n|l|\u2606jomina\n","uploadtime":1700024618,"views":20,"p1id":"jomina","p2id":"silver82","formatid":"gen9vgc2023regulatione","rating":1286,"private":0,"password":""}