{"id":"gen9vgc2023regulatione-1998026095","p1":"N4N0vgc","p2":"Fancy Cucudrula","format":"[Gen 9] VGC 2023 Regulation E","log":"|j|\u2606N4N0vgc\n|j|\u2606Fancy Cucudrula\n|n|\u2606N4N0vgc|n4n0vgc\n|n|\u2606Fancy Cucudrula|fancycucudrula\n|html|View the match progress at <a href=\"\/game-bestof3-gen9vgc2023regulatione-1998026094\">game-bestof3-gen9vgc2023regulatione-1998026094<\/a>\n|t:|1700880597\n|gametype|doubles\n|player|p1|N4N0vgc|guzma|\n|player|p2|Fancy Cucudrula|valerie|\n|teamsize|p1|6\n|teamsize|p2|6\n|gen|9\n|tier|[Gen 9] VGC 2023 Regulation E\n|rule|Species Clause: Limit one of each Pok\u00e9mon\n|rule|Item Clause: Limit one of each item\n|clearpoke\n|poke|p1|Tornadus, L50, M|\n|poke|p1|Arcanine-Hisui, L50, M|\n|poke|p1|Rillaboom, L50, F|\n|poke|p1|Flutter Mane, L50|\n|poke|p1|Urshifu-*, L50, M|\n|poke|p1|Chien-Pao, L50|\n|poke|p2|Flutter Mane, L50|\n|poke|p2|Amoonguss, L50, M|\n|poke|p2|Heatran, L50, F|\n|poke|p2|Iron Hands, L50|\n|poke|p2|Landorus-Therian, L50, M|\n|poke|p2|Chien-Pao, L50|\n|teampreview|4\n|inactive|Battle timer is ON: inactive players will automatically lose when time's up. (requested by Fancy Cucudrula)\nFancy Cucudrula has agreed to open team sheets.\n|c|\u2606Fancy Cucudrula|OTS bello\n|c|\u2606Fancy Cucudrula|belloso!\n|c|\u2606Fancy Cucudrula|OTS\n|inactive|N4N0vgc has 60 seconds left.\n|inactive|Fancy Cucudrula has 60 seconds left.\n|c|\u2606Fancy Cucudrula|ots\nN4N0vgc has agreed to open team sheets.\n|showteam|p1|Tornadus||RockyHelmet|Prankster|BleakwindStorm,Taunt,Tailwind,RainDance|||M|||50|,,,,,Ghost]Arcanine-Hisui||ChoiceBand|Intimidate|ExtremeSpeed,FlareBlitz,RockSlide,TeraBlast|||M|||50|,,,,,Fairy]Rillaboom||AssaultVest|GrassySurge|FakeOut,WoodHammer,GrassyGlide,HighHorsepower|||F|||50|,,,,,Fire]Flutter Mane||BoosterEnergy|Protosynthesis|Moonblast,ShadowBall,DazzlingGleam,Protect||||||50|,,,,,Fairy]Urshifu-Rapid-Strike||MysticWater|UnseenFist|Detect,SurgingStrikes,CloseCombat,AquaJet|||M|||50|,,,,,Water]Chien-Pao||FocusSash|SwordofRuin|SuckerPunch,IcicleCrash,SacredSword,Protect||||||50|,,,,,Ghost\n|showteam|p2|Flutter Mane||ChoiceSpecs|Protosynthesis|DazzlingGleam,Moonblast,ShadowBall,PerishSong||||||50|,,,,,Fairy]Amoonguss||RockyHelmet|Regenerator|RagePowder,PollenPuff,Spore,Protect|||M|||50|,,,,,Water]Heatran||SafetyGoggles|FlashFire|HeatWave,EarthPower,FlashCannon,Protect|||F|||50|,,,,,Fairy]Iron Hands||AssaultVest|QuarkDrive|DrainPunch,WildCharge,HeavySlam,FakeOut||||||50|,,,,,Water]Landorus-Therian||ChoiceScarf|Intimidate|StompingTantrum,TeraBlast,RockSlide,Uturn|||M|||50|,,,,,Flying]Chien-Pao||FocusSash|SwordofRuin|IceSpinner,SuckerPunch,Haze,Protect||||||50|,,,,,Ghost\n|inactive|N4N0vgc has 30 seconds left.\n|inactive|Fancy Cucudrula has 30 seconds left.\n|inactive|N4N0vgc has 20 seconds left.\n|inactive|Fancy Cucudrula has 20 seconds left.\n|inactive|N4N0vgc has 15 seconds left.\n|inactive|Fancy Cucudrula has 15 seconds left.\n|inactive|N4N0vgc has 10 seconds left.\n|\n|t:|1700880676\n|start\n|switch|p1a: Lakitu|Tornadus, L50, M|100\/100\n|switch|p1b: Funky Kong|Rillaboom, L50, F|100\/100\n|switch|p2a: Sasha Colby|Flutter Mane, L50|100\/100\n|switch|p2b: Mistress|Iron Hands, L50, shiny|100\/100\n|-fieldstart|move: Grassy Terrain|[from] ability: Grassy Surge|[of] p1b: Funky Kong\n|turn|1\n|\n|t:|1700880700\n|-end|p2a: Sasha Colby|Protosynthesis|[silent]\n|switch|p2a: Luquisha|Landorus-Therian, L50, M|100\/100\n|-ability|p2a: Luquisha|Intimidate|boost\n|-unboost|p1a: Lakitu|atk|1\n|-unboost|p1b: Funky Kong|atk|1\n|move|p1a: Lakitu|Tailwind|p1a: Lakitu\n|-sidestart|p1: N4N0vgc|move: Tailwind\n|move|p1b: Funky Kong|Wood Hammer|p2a: Luquisha\n|-damage|p2a: Luquisha|47\/100\n|-damage|p1b: Funky Kong|84\/100|[from] Recoil\n|move|p2b: Mistress|Wild Charge|p1a: Lakitu\n|-supereffective|p1a: Lakitu\n|-damage|p1a: Lakitu|0 fnt\n|-damage|p2b: Mistress|84\/100|[from] item: Rocky Helmet|[of] p1a: Lakitu\n|faint|p1a: Lakitu\n|-damage|p2b: Mistress|64\/100|[from] Recoil\n|\n|-heal|p1b: Funky Kong|90\/100|[from] Grassy Terrain\n|-heal|p2b: Mistress|70\/100|[from] Grassy Terrain\n|upkeep\n|\n|t:|1700880712\n|switch|p1a: MelaMeneo|Flutter Mane, L50|100\/100\n|-enditem|p1a: MelaMeneo|Booster Energy\n|-activate|p1a: MelaMeneo|ability: Protosynthesis|[fromitem]\n|-start|p1a: MelaMeneo|protosynthesisspa\n|turn|2\n|\n|t:|1700880724\n|switch|p2a: Brita Filter|Amoonguss, L50, M, shiny|100\/100\n|-terastallize|p1a: MelaMeneo|Fairy\n|move|p1a: MelaMeneo|Dazzling Gleam|p2b: Mistress|[spread] p2a,p2b\n|-resisted|p2a: Brita Filter\n|-supereffective|p2b: Mistress\n|-damage|p2a: Brita Filter|77\/100\n|-damage|p2b: Mistress|7\/100\n|move|p1b: Funky Kong|Wood Hammer|p2b: Mistress\n|-damage|p2b: Mistress|0 fnt\n|faint|p2b: Mistress\n|-end|p2b: Mistress|Quark Drive|[silent]\n|-damage|p1b: Funky Kong|88\/100|[from] Recoil\n|\n|-heal|p1b: Funky Kong|94\/100|[from] Grassy Terrain\n|-heal|p2a: Brita Filter|83\/100|[from] Grassy Terrain\n|upkeep\n|\n|t:|1700880737\n|switch|p2b: Luquisha|Landorus-Therian, L50, M|47\/100\n|-ability|p2b: Luquisha|Intimidate|boost\n|-unboost|p1a: MelaMeneo|atk|1\n|-unboost|p1b: Funky Kong|atk|1\n|turn|3\n|\n|t:|1700880758\n|move|p1a: MelaMeneo|Protect|p1a: MelaMeneo\n|-singleturn|p1a: MelaMeneo|Protect\n|move|p1b: Funky Kong|Wood Hammer|p2b: Luquisha\n|-damage|p2b: Luquisha|8\/100\n|-damage|p1b: Funky Kong|82\/100|[from] Recoil\n|move|p2b: Luquisha|U-turn|p1b: Funky Kong\n|-supereffective|p1b: Funky Kong\n|-damage|p1b: Funky Kong|30\/100\n|\n|t:|1700880766\n|switch|p2b: Sasha Colby|Flutter Mane, L50|100\/100|[from] U-turn\n|move|p2a: Brita Filter|Spore|p1a: MelaMeneo\n|-activate|p1a: MelaMeneo|move: Protect\n|\n|-heal|p1b: Funky Kong|35\/100|[from] Grassy Terrain\n|-heal|p2a: Brita Filter|89\/100|[from] Grassy Terrain\n|upkeep\n|turn|4\n|\n|t:|1700880778\n|-end|p2b: Sasha Colby|Protosynthesis|[silent]\n|switch|p2b: Luquisha|Landorus-Therian, L50, M|8\/100\n|-ability|p2b: Luquisha|Intimidate|boost\n|-unboost|p1a: MelaMeneo|atk|1\n|-unboost|p1b: Funky Kong|atk|1\n|move|p1a: MelaMeneo|Dazzling Gleam|p2b: Luquisha|[spread] p2a,p2b\n|-resisted|p2a: Brita Filter\n|-damage|p2a: Brita Filter|65\/100\n|-damage|p2b: Luquisha|0 fnt\n|faint|p2b: Luquisha\n|move|p1b: Funky Kong|Wood Hammer|p2a: Brita Filter\n|-resisted|p2a: Brita Filter\n|-damage|p2a: Brita Filter|59\/100\n|-damage|p1b: Funky Kong|19\/100|[from] item: Rocky Helmet|[of] p2a: Brita Filter\n|-damage|p1b: Funky Kong|17\/100|[from] Recoil\n|move|p2a: Brita Filter|Spore|p1a: MelaMeneo\n|-status|p1a: MelaMeneo|slp|[from] move: Spore\n|\n|-heal|p1b: Funky Kong|22\/100|[from] Grassy Terrain\n|-heal|p2a: Brita Filter|65\/100|[from] Grassy Terrain\n|-sideend|p1: N4N0vgc|move: Tailwind\n|upkeep\n|\n|t:|1700880795\n|switch|p2b: Sasha Colby|Flutter Mane, L50|100\/100\n|turn|5\n|\n|t:|1700880809\n|-terastallize|p2b: Sasha Colby|Fairy\n|move|p2b: Sasha Colby|Moonblast|p1a: MelaMeneo\n|-damage|p1a: MelaMeneo|13\/100 slp\n|cant|p1a: MelaMeneo|slp\n|move|p1b: Funky Kong|Wood Hammer|p2b: Sasha Colby\n|-damage|p2b: Sasha Colby|48\/100\n|-damage|p1b: Funky Kong|11\/100|[from] Recoil\n|move|p2a: Brita Filter|Pollen Puff|p1b: Funky Kong\n|-supereffective|p1b: Funky Kong\n|-damage|p1b: Funky Kong|0 fnt\n|faint|p1b: Funky Kong\n|\n|-heal|p2b: Sasha Colby|53\/100|[from] Grassy Terrain\n|-heal|p1a: MelaMeneo|19\/100 slp|[from] Grassy Terrain\n|-heal|p2a: Brita Filter|71\/100|[from] Grassy Terrain\n|-fieldend|move: Grassy Terrain\n|upkeep\n|\n|t:|1700880812\n|switch|p1b: Cari\u00f1OSO|Urshifu-Rapid-Strike, L50, M|100\/100\n|turn|6\n|\n|t:|1700880824\n|move|p2a: Brita Filter|Rage Powder|p2a: Brita Filter\n|-singleturn|p2a: Brita Filter|move: Rage Powder\n|move|p2b: Sasha Colby|Moonblast|p1a: MelaMeneo\n|-damage|p1a: MelaMeneo|0 fnt\n|faint|p1a: MelaMeneo\n|-end|p1a: MelaMeneo|Protosynthesis|[silent]\n|move|p1b: Cari\u00f1OSO|Surging Strikes|p2a: Brita Filter\n|-resisted|p2a: Brita Filter\n|-crit|p2a: Brita Filter\n|-damage|p2a: Brita Filter|60\/100\n|-damage|p1b: Cari\u00f1OSO|84\/100|[from] item: Rocky Helmet|[of] p2a: Brita Filter\n|-resisted|p2a: Brita Filter\n|-crit|p2a: Brita Filter\n|-damage|p2a: Brita Filter|49\/100\n|-damage|p1b: Cari\u00f1OSO|68\/100|[from] item: Rocky Helmet|[of] p2a: Brita Filter\n|-resisted|p2a: Brita Filter\n|-crit|p2a: Brita Filter\n|-damage|p2a: Brita Filter|40\/100\n|-damage|p1b: Cari\u00f1OSO|52\/100|[from] item: Rocky Helmet|[of] p2a: Brita Filter\n|-hitcount|p2a: Brita Filter|3\n|\n|upkeep\n|turn|7\n|\n|t:|1700880843\n|move|p2a: Brita Filter|Rage Powder|p2a: Brita Filter\n|-singleturn|p2a: Brita Filter|move: Rage Powder\n|move|p2b: Sasha Colby|Moonblast|p1b: Cari\u00f1OSO\n|-supereffective|p1b: Cari\u00f1OSO\n|-damage|p1b: Cari\u00f1OSO|0 fnt\n|faint|p1b: Cari\u00f1OSO\n|\n|win|Fancy Cucudrula\n|c|&|\/uhtml prompt-n4n0vgc,N4N0vgc is ready for game 2!\n|c|&|\/uhtml prompt-fancycucudrula,Fancy Cucudrula is ready for game 2!\nBoth players are ready! Starting next match!\n|l|\u2606Fancy Cucudrula\n|j|\u2606Fancy Cucudrula\n|player|p2|Fancy Cucudrula|valerie\n","uploadtime":1700881481,"views":3,"p1id":"n4n0vgc","p2id":"fancycucudrula","formatid":"gen9vgc2023regulatione","rating":0,"private":0,"password":""}