{"id":"gen9vgc2023regulatione-1998897892","p1":"hop on the way","p2":"gf\u8fd8\u6211\u514b\u96f720\u79cd\u65cf","format":"[Gen 9] VGC 2023 Regulation E","log":"|j|\u2606hop on the way\n|j|\u203dgf\u8fd8\u6211\u514b\u96f720\u79cd\u65cf\n|t:|1701010280\n|gametype|doubles\n|player|p1|hop on the way|pokemaniac|\n|player|p2|gf\u8fd8\u6211\u514b\u96f720\u79cd\u65cf|roxie|\n|teamsize|p1|6\n|teamsize|p2|6\n|gen|9\n|tier|[Gen 9] VGC 2023 Regulation E\n|rule|Species Clause: Limit one of each Pok\u00e9mon\n|rule|Item Clause: Limit one of each item\n|clearpoke\n|poke|p1|Iron Bundle, L50|\n|poke|p1|Ninetales-Alola, L50, M|\n|poke|p1|Lycanroc-Dusk, L50, M|\n|poke|p1|Dragonite, L50, M|\n|poke|p1|Golem-Alola, L50, F|\n|poke|p1|Trevenant, L50, M|\n|poke|p2|Dondozo, L50, M|\n|poke|p2|Tatsugiri, L50, F|\n|poke|p2|Flutter Mane, L50|\n|poke|p2|Chien-Pao, L50|\n|poke|p2|Ogerpon-Cornerstone, L50, F|\n|poke|p2|Lycanroc-Dusk, L50, F|\n|teampreview|4\n|\n|t:|1701010335\n|start\n|switch|p1a: \u77f3\u5934\u5c0f\u53ef\u7231|Golem-Alola, L50, F, shiny|100\/100\n|switch|p1b: Trevenant|Trevenant, L50, M|100\/100\n|switch|p2a: Dondozo|Dondozo, L50, M, shiny|100\/100\n|switch|p2b: Flutter Mane|Flutter Mane, L50|100\/100\n|-item|p2a: Dondozo|Leftovers|[from] ability: Frisk|[of] p1b: Trevenant|[identify]\n|-item|p2b: Flutter Mane|Choice Specs|[from] ability: Frisk|[of] p1b: Trevenant|[identify]\n|turn|1\n|\n|t:|1701010373\n|-end|p2b: Flutter Mane|Protosynthesis|[silent]\n|switch|p2b: Tatsugiri|Tatsugiri, L50, F, shiny|100\/100\n|-activate|p2b: Tatsugiri|ability: Commander|[of] p2a: Dondozo\n|-boost|p2a: Dondozo|atk|2\n|-boost|p2a: Dondozo|spa|2\n|-boost|p2a: Dondozo|spe|2\n|-boost|p2a: Dondozo|def|2\n|-boost|p2a: Dondozo|spd|2\n|-terastallize|p2a: Dondozo|Dragon\n|move|p1b: Trevenant|Protect|p1b: Trevenant\n|-singleturn|p1b: Trevenant|Protect\n|move|p2a: Dondozo|Earthquake|p1a: \u77f3\u5934\u5c0f\u53ef\u7231|[spread] p1a\n|-miss|p2a: Dondozo|p2b: Tatsugiri\n|-activate|p1b: Trevenant|move: Protect\n|-supereffective|p1a: \u77f3\u5934\u5c0f\u53ef\u7231\n|-damage|p1a: \u77f3\u5934\u5c0f\u53ef\u7231|0 fnt\n|faint|p1a: \u77f3\u5934\u5c0f\u53ef\u7231\n|\n|upkeep\n|\n|t:|1701010392\n|switch|p1a: \u7d2b\u8272\u5c0f\u53ef\u7231|Ninetales-Alola, L50, M, shiny|100\/100\n|-weather|Snow|[from] ability: Snow Warning|[of] p1a: \u7d2b\u8272\u5c0f\u53ef\u7231\n|turn|2\n|\n|t:|1701010401\n|-terastallize|p1a: \u7d2b\u8272\u5c0f\u53ef\u7231|Fairy\n|move|p1a: \u7d2b\u8272\u5c0f\u53ef\u7231|Moonblast|p2a: Dondozo\n|-supereffective|p2a: Dondozo\n|-damage|p2a: Dondozo|60\/100\n|move|p2a: Dondozo|Order Up|p1b: Trevenant\n|-damage|p1b: Trevenant|16\/100\n|-boost|p2a: Dondozo|atk|1\n|move|p1b: Trevenant|Toxic|p2a: Dondozo\n|-status|p2a: Dondozo|tox\n|\n|-weather|Snow|[upkeep]\n|-heal|p2a: Dondozo|67\/100 tox|[from] item: Leftovers\n|-heal|p1b: Trevenant|22\/100|[from] item: Leftovers\n|-damage|p2a: Dondozo|60\/100 tox|[from] psn\n|upkeep\n|turn|3\n|\n|t:|1701010423\n|move|p1b: Trevenant|Protect|p1b: Trevenant\n|-singleturn|p1b: Trevenant|Protect\n|move|p1a: \u7d2b\u8272\u5c0f\u53ef\u7231|Moonblast|p2a: Dondozo\n|-supereffective|p2a: Dondozo\n|-damage|p2a: Dondozo|24\/100 tox\n|-unboost|p2a: Dondozo|spa|1\n|move|p2a: Dondozo|Wave Crash|p1a: \u7d2b\u8272\u5c0f\u53ef\u7231\n|-damage|p1a: \u7d2b\u8272\u5c0f\u53ef\u7231|0 fnt\n|faint|p1a: \u7d2b\u8272\u5c0f\u53ef\u7231\n|-damage|p2a: Dondozo|3\/100 tox|[from] Recoil\n|\n|-weather|Snow|[upkeep]\n|-heal|p2a: Dondozo|10\/100 tox|[from] item: Leftovers\n|-heal|p1b: Trevenant|29\/100|[from] item: Leftovers\n|-damage|p2a: Dondozo|0 fnt|[from] psn\n|faint|p2a: Dondozo\n|upkeep\n|\n|t:|1701010438\n|switch|p1a: \u767d\u8272\u5c0f\u53ef\u7231|Iron Bundle, L50, shiny|100\/100\n|switch|p2a: Flutter Mane|Flutter Mane, L50|100\/100\n|-enditem|p1a: \u767d\u8272\u5c0f\u53ef\u7231|Booster Energy\n|-activate|p1a: \u767d\u8272\u5c0f\u53ef\u7231|ability: Quark Drive|[fromitem]\n|-start|p1a: \u767d\u8272\u5c0f\u53ef\u7231|quarkdrivespe\n|turn|4\n|\n|t:|1701010450\n|move|p1a: \u767d\u8272\u5c0f\u53ef\u7231|Blizzard|p2b: Tatsugiri|[spread] p2a,p2b\n|-damage|p2a: Flutter Mane|61\/100\n|-damage|p2b: Tatsugiri|50\/100\n|move|p2b: Tatsugiri|Icy Wind|p1b: Trevenant|[spread] p1a,p1b\n|-resisted|p1a: \u767d\u8272\u5c0f\u53ef\u7231\n|-supereffective|p1b: Trevenant\n|-damage|p1a: \u767d\u8272\u5c0f\u53ef\u7231|94\/100\n|-damage|p1b: Trevenant|8\/100\n|-unboost|p1a: \u767d\u8272\u5c0f\u53ef\u7231|spe|1\n|-unboost|p1b: Trevenant|spe|1\n|move|p2a: Flutter Mane|Dazzling Gleam|p1a: \u767d\u8272\u5c0f\u53ef\u7231|[spread] p1a,p1b\n|-damage|p1a: \u767d\u8272\u5c0f\u53ef\u7231|13\/100\n|-damage|p1b: Trevenant|0 fnt\n|faint|p1b: Trevenant\n|\n|-weather|Snow|[upkeep]\n|upkeep\n|turn|5\n|\n|t:|1701010466\n|move|p2b: Tatsugiri|Icy Wind|p1a: \u767d\u8272\u5c0f\u53ef\u7231\n|-resisted|p1a: \u767d\u8272\u5c0f\u53ef\u7231\n|-damage|p1a: \u767d\u8272\u5c0f\u53ef\u7231|5\/100\n|-unboost|p1a: \u767d\u8272\u5c0f\u53ef\u7231|spe|1\n|move|p2a: Flutter Mane|Dazzling Gleam|p1a: \u767d\u8272\u5c0f\u53ef\u7231\n|-damage|p1a: \u767d\u8272\u5c0f\u53ef\u7231|0 fnt\n|faint|p1a: \u767d\u8272\u5c0f\u53ef\u7231\n|-end|p1a: \u767d\u8272\u5c0f\u53ef\u7231|Quark Drive|[silent]\n|\n|win|gf\u8fd8\u6211\u514b\u96f720\u79cd\u65cf\n|l|\u2606hop on the way\n","uploadtime":1701010490,"views":4,"p1id":"hopontheway","p2id":"gf20","formatid":"gen9vgc2023regulatione","rating":0,"private":0,"password":""}