{"id":"gen9vgc2023regulatione-1993875295","p1":"Abro hilo","p2":"TJRaynes","format":"[Gen 9] VGC 2023 Regulation E","log":"|j|\u2606Abro hilo\n|j|\u2606TJRaynes\n|n|\u2606Abro hilo|abrohilo\n|n|\u2606TJRaynes|tjraynes\n|html|View the match progress at <a href=\"\/game-bestof3-gen9vgc2023regulatione-1993871429\">game-bestof3-gen9vgc2023regulatione-1993871429<\/a>\n|t:|1700368566\n|gametype|doubles\n|player|p1|Abro hilo|pilot|\n|player|p2|TJRaynes|marley|\n|teamsize|p1|6\n|teamsize|p2|6\n|gen|9\n|tier|[Gen 9] VGC 2023 Regulation E\n|rated|Tournament battle\n|rule|Species Clause: Limit one of each Pok\u00e9mon\n|rule|Item Clause: Limit one of each item\n|clearpoke\n|poke|p1|Empoleon, L50, M|\n|poke|p1|Roaring Moon, L50|\n|poke|p1|Flutter Mane, L50|\n|poke|p1|Amoonguss, L50, F|\n|poke|p1|Iron Hands, L50|\n|poke|p1|Landorus-Therian, L50, M|\n|poke|p2|Tyranitar, L50, F|\n|poke|p2|Houndstone, L50, F|\n|poke|p2|Landorus, L50, M|\n|poke|p2|Regieleki, L50|\n|poke|p2|Arcanine-Hisui, L50, M|\n|poke|p2|Gholdengo, L50|\n|teampreview|4\n|showteam|p1|Empoleon||AssaultVest|Competitive|FlashCannon,IcyWind,HydroPump,VacuumWave|||M|||50|,,,,,Poison]Roaring Moon||BoosterEnergy|Protosynthesis|KnockOff,Acrobatics,Protect,DragonDance||||||50|,,,,,Flying]Flutter Mane||ChoiceSpecs|Protosynthesis|ShadowBall,Moonblast,DazzlingGleam,IcyWind||||||50|,,,,,Fairy]Amoonguss||RockyHelmet|Regenerator|Spore,RagePowder,PollenPuff,ClearSmog|||F|||50|,,,,,Water]Iron Hands||SitrusBerry|QuarkDrive|DrainPunch,FakeOut,WildCharge,HeavySlam||||||50|,,,,,Grass]Landorus-Therian||ChoiceScarf|Intimidate|StompingTantrum,Uturn,RockSlide,TeraBlast|||M|||50|,,,,,Flying\n|showteam|p2|Tyranitar||SitrusBerry|SandStream|Protect,RockSlide,Crunch,IcyWind|||F|||50|,,,,,Grass]Houndstone||RockyHelmet|Fluffy|AllySwitch,WillOWisp,Yawn,LastRespects|||F|||50|,,,,,Water]Landorus||LifeOrb|SandForce|Protect,EarthPower,Psychic,TeraBlast|||M|||50|,,,,,Flying]Regieleki||ChoiceScarf|Transistor|Electroweb,VoltSwitch,Thunderbolt,TeraBlast||||||50|,,,,,Ice]Arcanine-Hisui||AssaultVest|Intimidate|FlareBlitz,RockSlide,HeadSmash,WildCharge|||M|||50|,,,,,Grass]Gholdengo||Leftovers|GoodasGold|Protect,NastyPlot,MakeItRain,ShadowBall||||||50|,,,,,Dragon\n|\n|t:|1700368591\n|start\n|switch|p1a: Amoonguss|Amoonguss, L50, F|100\/100\n|switch|p1b: Roaring Moon|Roaring Moon, L50|100\/100\n|switch|p2a: Houndstone|Houndstone, L50, F|100\/100\n|switch|p2b: Landorus|Landorus, L50, M|100\/100\n|-enditem|p1b: Roaring Moon|Booster Energy\n|-activate|p1b: Roaring Moon|ability: Protosynthesis|[fromitem]\n|-start|p1b: Roaring Moon|protosynthesisatk\n|turn|1\n|\n|t:|1700368615\n|switch|p2a: Gholdengo|Gholdengo, L50|100\/100\n|-terastallize|p2b: Landorus|Flying\n|move|p1b: Roaring Moon|Protect|p1b: Roaring Moon\n|-singleturn|p1b: Roaring Moon|Protect\n|move|p2b: Landorus|Tera Blast|p1b: Roaring Moon|[anim] Tera Blast Flying\n|-activate|p1b: Roaring Moon|move: Protect\n|move|p1a: Amoonguss|Spore|p2b: Landorus\n|-status|p2b: Landorus|slp|[from] move: Spore\n|\n|upkeep\n|turn|2\n|\n|t:|1700368631\n|switch|p2a: Arcanine|Arcanine-Hisui, L50, M|100\/100\n|-ability|p2a: Arcanine|Intimidate|boost\n|-unboost|p1a: Amoonguss|atk|1\n|-unboost|p1b: Roaring Moon|atk|1\n|move|p1a: Amoonguss|Rage Powder|p1a: Amoonguss\n|-singleturn|p1a: Amoonguss|move: Rage Powder\n|cant|p2b: Landorus|slp\n|move|p1b: Roaring Moon|Knock Off|p2a: Arcanine\n|-damage|p2a: Arcanine|46\/100\n|-enditem|p2a: Arcanine|Assault Vest|[from] move: Knock Off|[of] p1b: Roaring Moon\n|\n|upkeep\n|turn|3\n|\n|t:|1700368649\n|switch|p1a: Landorus|Landorus-Therian, L50, M|100\/100\n|-ability|p1a: Landorus|Intimidate|boost\n|-unboost|p2a: Arcanine|atk|1\n|-unboost|p2b: Landorus|atk|1\n|cant|p2b: Landorus|slp\n|move|p1b: Roaring Moon|Dragon Dance|p1b: Roaring Moon\n|-boost|p1b: Roaring Moon|atk|1\n|-boost|p1b: Roaring Moon|spe|1\n|move|p2a: Arcanine|Head Smash|p1b: Roaring Moon\n|-damage|p1b: Roaring Moon|58\/100\n|-damage|p2a: Arcanine|26\/100|[from] Recoil\n|\n|upkeep\n|turn|4\n|j| Lenged Ender\n|j|%Radio Free C-Side\n|\n|t:|1700368668\n|switch|p2a: Houndstone|Houndstone, L50, F|100\/100\n|move|p1b: Roaring Moon|Knock Off|p2b: Landorus\n|-damage|p2b: Landorus|24\/100 slp\n|-enditem|p2b: Landorus|Life Orb|[from] move: Knock Off|[of] p1b: Roaring Moon\n|move|p1a: Landorus|Rock Slide|p2b: Landorus|[spread] p2a,p2b\n|-supereffective|p2b: Landorus\n|-damage|p2a: Houndstone|80\/100\n|-damage|p2b: Landorus|0 fnt\n|faint|p2b: Landorus\n|\n|upkeep\n|\n|t:|1700368676\n|switch|p2b: Arcanine|Arcanine-Hisui, L50, M|26\/100\n|-ability|p2b: Arcanine|Intimidate|boost\n|-unboost|p1a: Landorus|atk|1\n|-unboost|p1b: Roaring Moon|atk|1\n|turn|5\n|\n|t:|1700368685\n|move|p1b: Roaring Moon|Knock Off|p2a: Houndstone\n|-supereffective|p2a: Houndstone\n|-damage|p2a: Houndstone|41\/100\n|-damage|p1b: Roaring Moon|42\/100|[from] item: Rocky Helmet|[of] p2a: Houndstone\n|-enditem|p2a: Houndstone|Rocky Helmet|[from] move: Knock Off|[of] p1b: Roaring Moon\n|move|p1a: Landorus|Rock Slide|p2b: Arcanine|[spread] p2a,p2b\n|-supereffective|p2b: Arcanine\n|-crit|p2b: Arcanine\n|-damage|p2a: Houndstone|27\/100\n|-damage|p2b: Arcanine|0 fnt\n|faint|p2b: Arcanine\n|cant|p2a: Houndstone|flinch\n|\n|upkeep\n|\n|t:|1700368696\n|switch|p2b: Gholdengo|Gholdengo, L50|100\/100\n|turn|6\n|\n|t:|1700368701\n|move|p2b: Gholdengo|Protect|p2b: Gholdengo\n|-singleturn|p2b: Gholdengo|Protect\n|move|p1b: Roaring Moon|Knock Off|p2b: Gholdengo\n|-activate|p2b: Gholdengo|move: Protect\n|move|p1a: Landorus|Rock Slide|p2b: Gholdengo|[spread] p2a\n|-activate|p2b: Gholdengo|move: Protect\n|-damage|p2a: Houndstone|13\/100\n|move|p2a: Houndstone|Will-O-Wisp|p1a: Landorus\n|-status|p1a: Landorus|brn\n|\n|-damage|p1a: Landorus|94\/100 brn|[from] brn\n|upkeep\n|turn|7\n|\n|t:|1700368719\n|move|p2b: Gholdengo|Protect||[still]\n|-fail|p2b: Gholdengo\n|move|p1b: Roaring Moon|Knock Off|p2b: Gholdengo\n|-supereffective|p2b: Gholdengo\n|-damage|p2b: Gholdengo|27\/100\n|-enditem|p2b: Gholdengo|Leftovers|[from] move: Knock Off|[of] p1b: Roaring Moon\n|move|p1a: Landorus|Rock Slide|p2b: Gholdengo|[spread] p2a\n|-miss|p1a: Landorus|p2b: Gholdengo\n|-damage|p2a: Houndstone|6\/100\n|move|p2a: Houndstone|Will-O-Wisp|p1b: Roaring Moon\n|-status|p1b: Roaring Moon|brn\n|\n|-damage|p1b: Roaring Moon|36\/100 brn|[from] brn\n|-damage|p1a: Landorus|88\/100 brn|[from] brn\n|upkeep\n|turn|8\n|\n|t:|1700368734\n|move|p2a: Houndstone|Ally Switch|p2a: Houndstone\n|swap|p2a: Houndstone|1|[from] move: Ally Switch\n|move|p1b: Roaring Moon|Knock Off|p2b: Houndstone\n|-supereffective|p2b: Houndstone\n|-damage|p2b: Houndstone|0 fnt\n|faint|p2b: Houndstone\n|move|p1a: Landorus|Rock Slide|p2a: Gholdengo\n|-resisted|p2a: Gholdengo\n|-damage|p2a: Gholdengo|23\/100\n|cant|p2a: Gholdengo|flinch\n|\n|-damage|p1b: Roaring Moon|30\/100 brn|[from] brn\n|-damage|p1a: Landorus|82\/100 brn|[from] brn\n|upkeep\n|turn|9\n|\n|t:|1700368739\n|move|p1b: Roaring Moon|Knock Off|p2a: Gholdengo\n|-supereffective|p2a: Gholdengo\n|-damage|p2a: Gholdengo|0 fnt\n|faint|p2a: Gholdengo\n|\n|win|Abro hilo\n","uploadtime":1700368743,"views":7,"p1id":"abrohilo","p2id":"tjraynes","formatid":"gen9vgc2023regulatione","rating":0,"private":0,"password":""}