{"id":"gen9vgc2023regulatione-1990273229","p1":"Xeades","p2":"qz231114","format":"[Gen 9] VGC 2023 Regulation E","log":"|j|\u2606Xeades\n|j|\u2606qz231114\n|t:|1699948700\n|gametype|doubles\n|player|p1|Xeades|lance|1126\n|player|p2|qz231114|102|1168\n|teamsize|p1|6\n|teamsize|p2|6\n|gen|9\n|tier|[Gen 9] VGC 2023 Regulation E\n|rated|\n|rule|Species Clause: Limit one of each Pok\u00e9mon\n|rule|Item Clause: Limit one of each item\n|clearpoke\n|poke|p1|Flutter Mane, L50|\n|poke|p1|Amoonguss, L50, M|\n|poke|p1|Urshifu-*, L50, M|\n|poke|p1|Landorus-Therian, L50, M|\n|poke|p1|Iron Hands, L50|\n|poke|p1|Chi-Yu, L50|\n|poke|p2|Tornadus, L50, M|\n|poke|p2|Volcarona, L50, M|\n|poke|p2|Basculegion, L50, M|\n|poke|p2|Ludicolo, L50, F|\n|poke|p2|Scizor, L50, F|\n|poke|p2|Flutter Mane, L50|\n|teampreview|4\n|\n|t:|1699948720\n|start\n|switch|p1a: Urshifu|Urshifu-Rapid-Strike, L50, M|100\/100\n|switch|p1b: Landorus|Landorus-Therian, L50, M|100\/100\n|switch|p2a: Tornadus|Tornadus, L50, M|100\/100\n|switch|p2b: Basculegion|Basculegion, L50, M|100\/100\n|-ability|p1b: Landorus|Intimidate|boost\n|-unboost|p2a: Tornadus|atk|1\n|-unboost|p2b: Basculegion|atk|1\n|turn|1\n|inactive|Battle timer is ON: inactive players will automatically lose when time's up. (requested by qz231114)\n|\n|t:|1699948738\n|move|p2a: Tornadus|Rain Dance|p2a: Tornadus\n|-weather|RainDance\n|move|p2b: Basculegion|Flip Turn|p1b: Landorus\n|-supereffective|p1b: Landorus\n|-damage|p1b: Landorus|1\/100\n|\n|t:|1699948745\n|switch|p2b: Flutter Mane|Flutter Mane, L50|100\/100|[from] Flip Turn\n|move|p1a: Urshifu|Surging Strikes|p2a: Tornadus\n|-crit|p2a: Tornadus\n|-damage|p2a: Tornadus|59\/100\n|-crit|p2a: Tornadus\n|-damage|p2a: Tornadus|17\/100\n|-crit|p2a: Tornadus\n|-damage|p2a: Tornadus|0 fnt\n|faint|p2a: Tornadus\n|-hitcount|p2: Tornadus|3\n|move|p1b: Landorus|Rock Slide|p2b: Flutter Mane\n|-damage|p2b: Flutter Mane|43\/100\n|\n|-weather|RainDance|[upkeep]\n|upkeep\n|\n|t:|1699948750\n|switch|p2a: Volcarona|Volcarona, L50, M|100\/100\n|turn|2\n|\n|t:|1699948768\n|-terastallize|p2a: Volcarona|Water\n|move|p1a: Urshifu|Surging Strikes|p2b: Flutter Mane\n|-crit|p2b: Flutter Mane\n|-damage|p2b: Flutter Mane|0 fnt\n|faint|p2b: Flutter Mane\n|-end|p2b: Flutter Mane|Protosynthesis|[silent]\n|-hitcount|p2: Flutter Mane|1\n|move|p1b: Landorus|Rock Slide|p2a: Volcarona\n|-damage|p2a: Volcarona|77\/100\n|move|p2a: Volcarona|Quiver Dance|p2a: Volcarona\n|-boost|p2a: Volcarona|spa|1\n|-boost|p2a: Volcarona|spd|1\n|-boost|p2a: Volcarona|spe|1\n|\n|-weather|RainDance|[upkeep]\n|upkeep\n|\n|t:|1699948775\n|switch|p2b: Basculegion|Basculegion, L50, M|100\/100\n|turn|3\n|\n|t:|1699948796\n|switch|p1a: Iron Hands|Iron Hands, L50|100\/100\n|move|p2b: Basculegion|Wave Crash|p1a: Iron Hands\n|-damage|p1a: Iron Hands|3\/100\n|-enditem|p1a: Iron Hands|Sitrus Berry|[eat]\n|-heal|p1a: Iron Hands|28\/100|[from] item: Sitrus Berry\n|-damage|p2b: Basculegion|60\/100|[from] Recoil\n|move|p2a: Volcarona|Quiver Dance|p2a: Volcarona\n|-boost|p2a: Volcarona|spa|1\n|-boost|p2a: Volcarona|spd|1\n|-boost|p2a: Volcarona|spe|1\n|move|p1b: Landorus|Rock Slide|p2a: Volcarona|[spread] p2a,p2b\n|-damage|p2a: Volcarona|57\/100\n|-damage|p2b: Basculegion|35\/100\n|\n|-weather|RainDance|[upkeep]\n|upkeep\n|turn|4\n|\n|t:|1699948817\n|move|p2b: Basculegion|Wave Crash|p1a: Iron Hands\n|-damage|p1a: Iron Hands|0 fnt\n|faint|p1a: Iron Hands\n|-end|p1a: Iron Hands|Quark Drive|[silent]\n|-damage|p2b: Basculegion|23\/100|[from] Recoil\n|move|p2a: Volcarona|Giga Drain|p1b: Landorus\n|-damage|p1b: Landorus|0 fnt\n|-heal|p2a: Volcarona|57\/100|[from] drain|[of] p1b: Landorus\n|faint|p1b: Landorus\n|\n|-weather|RainDance|[upkeep]\n|upkeep\n|\n|t:|1699948830\n|switch|p1b: Chi-Yu|Chi-Yu, L50|100\/100\n|switch|p1a: Urshifu|Urshifu-Rapid-Strike, L50, M|100\/100\n|-ability|p1b: Chi-Yu|Beads of Ruin\n|turn|5\n|\n|t:|1699948851\n|-terastallize|p1b: Chi-Yu|Ghost\n|move|p2b: Basculegion|Wave Crash|p1b: Chi-Yu\n|-enditem|p1b: Chi-Yu|Focus Sash\n|-damage|p1b: Chi-Yu|1\/100\n|-damage|p2b: Basculegion|2\/100|[from] Recoil\n|move|p1a: Urshifu|Close Combat|p2a: Volcarona\n|-damage|p2a: Volcarona|1\/100\n|-unboost|p1a: Urshifu|def|1\n|-unboost|p1a: Urshifu|spd|1\n|-damage|p1a: Urshifu|84\/100|[from] item: Rocky Helmet|[of] p2a: Volcarona\n|move|p2a: Volcarona|Giga Drain|p1a: Urshifu\n|-supereffective|p1a: Urshifu\n|-damage|p1a: Urshifu|0 fnt\n|-heal|p2a: Volcarona|39\/100|[from] drain|[of] p1a: Urshifu\n|faint|p1a: Urshifu\n|move|p1b: Chi-Yu|Dark Pulse|p2a: Volcarona\n|-damage|p2a: Volcarona|14\/100\n|\n|-weather|RainDance|[upkeep]\n|upkeep\n|turn|6\n|\n|t:|1699948874\n|move|p2b: Basculegion|Wave Crash|p1b: Chi-Yu\n|-damage|p1b: Chi-Yu|0 fnt\n|faint|p1b: Chi-Yu\n|-damage|p2b: Basculegion|1\/100|[from] Recoil\n|\n|win|qz231114\n|raw|Xeades's rating: 1126 &rarr; <strong>1102<\/strong><br \/>(-24 for losing)\n|raw|qz231114's rating: 1143 &rarr; <strong>1167<\/strong><br \/>(+24 for winning)\n|l|\u2606Xeades\n","uploadtime":1699948880,"views":17,"p1id":"xeades","p2id":"qz231114","formatid":"gen9vgc2023regulatione","rating":1102,"private":0,"password":""}