{"id":"gen9vgc2023regulatione-1998511467","p1":"That_Leek","p2":"MightyTaggart","format":"[Gen 9] VGC 2023 Regulation E","log":"|j|\u2606That_Leek\n|j|\u2606MightyTaggart\n|t:|1700950645\n|gametype|doubles\n|player|p1|That_Leek|blue|1529\n|player|p2|MightyTaggart|265|1455\n|teamsize|p1|6\n|teamsize|p2|6\n|gen|9\n|tier|[Gen 9] VGC 2023 Regulation E\n|rated|\n|rule|Species Clause: Limit one of each Pok\u00e9mon\n|rule|Item Clause: Limit one of each item\n|clearpoke\n|poke|p1|Gholdengo, L50|\n|poke|p1|Ogerpon-Wellspring, L50, F|\n|poke|p1|Arcanine-Hisui, L50, M|\n|poke|p1|Chien-Pao, L50|\n|poke|p1|Scream Tail, L50|\n|poke|p1|Dragonite, L50, M|\n|poke|p2|Regieleki, L50|\n|poke|p2|Farigiraf, L50, F|\n|poke|p2|Roaring Moon, L50|\n|poke|p2|Rillaboom, L50, F|\n|poke|p2|Arcanine-Hisui, L50, M|\n|poke|p2|Urshifu-*, L50, M|\n|teampreview|4\nThat_Leek has agreed to open team sheets.\n|inactive|Battle timer is ON: inactive players will automatically lose when time's up. (requested by MightyTaggart)\nMightyTaggart has agreed to open team sheets.\n|\n|t:|1700950677\n|start\n|switch|p1a: Gholdengo|Gholdengo, L50|100\/100\n|switch|p1b: Ogerpon|Ogerpon-Wellspring, L50, F|100\/100\n|switch|p2a: Regieleki|Regieleki, L50|100\/100\n|switch|p2b: Roaring Moon|Roaring Moon, L50|100\/100\n|-enditem|p2b: Roaring Moon|Booster Energy\n|-activate|p2b: Roaring Moon|ability: Protosynthesis|[fromitem]\n|-start|p2b: Roaring Moon|protosynthesisspe\n|turn|1\n|\n|t:|1700950698\n|move|p1a: Gholdengo|Protect|p1a: Gholdengo\n|-singleturn|p1a: Gholdengo|Protect\n|move|p2b: Roaring Moon|Knock Off|p1a: Gholdengo\n|-activate|p1a: Gholdengo|move: Protect\n|move|p2a: Regieleki|Thunderbolt|p1b: Ogerpon\n|-damage|p1b: Ogerpon|36\/100\n|-damage|p2a: Regieleki|91\/100|[from] item: Life Orb\n|move|p1b: Ogerpon|Horn Leech|p2a: Regieleki\n|-damage|p2a: Regieleki|16\/100\n|-heal|p1b: Ogerpon|67\/100|[from] drain|[of] p2a: Regieleki\n|\n|upkeep\n|turn|2\n|\n|t:|1700950713\n|switch|p1b: Dragonite|Dragonite, L50, M|100\/100\n|-terastallize|p1a: Gholdengo|Water\n|move|p2b: Roaring Moon|Knock Off|p1a: Gholdengo\n|-damage|p1a: Gholdengo|56\/100\n|-enditem|p1a: Gholdengo|Sitrus Berry|[from] move: Knock Off|[of] p2b: Roaring Moon\n|move|p2a: Regieleki|Thunderbolt|p1b: Dragonite\n|-damage|p1b: Dragonite|54\/100\n|-damage|p2a: Regieleki|6\/100|[from] item: Life Orb\n|move|p1a: Gholdengo|Nasty Plot|p1a: Gholdengo\n|-boost|p1a: Gholdengo|spa|2\n|\n|upkeep\n|turn|3\n|\n|t:|1700950732\n|move|p2a: Regieleki|Protect|p2a: Regieleki\n|-singleturn|p2a: Regieleki|Protect\n|move|p1b: Dragonite|Extreme Speed|p2a: Regieleki\n|-activate|p2a: Regieleki|move: Protect\n|move|p2b: Roaring Moon|Breaking Swipe|p1b: Dragonite|[spread] p1a,p1b\n|-supereffective|p1b: Dragonite\n|-damage|p1a: Gholdengo|35\/100\n|-damage|p1b: Dragonite|17\/100\n|-unboost|p1a: Gholdengo|atk|1\n|-unboost|p1b: Dragonite|atk|1\n|move|p1a: Gholdengo|Make It Rain|p2a: Regieleki|[spread] p2b\n|-activate|p2a: Regieleki|move: Protect\n|-damage|p2b: Roaring Moon|6\/100\n|-unboost|p1a: Gholdengo|spa|1\n|\n|upkeep\n|turn|4\n|inactive|MightyTaggart has 30 seconds left.\n|\n|t:|1700950763\n|move|p1b: Dragonite|Extreme Speed|p2a: Regieleki\n|-damage|p2a: Regieleki|0 fnt\n|faint|p2a: Regieleki\n|move|p2b: Roaring Moon|Breaking Swipe|p1a: Gholdengo|[spread] p1a,p1b\n|-supereffective|p1b: Dragonite\n|-damage|p1a: Gholdengo|15\/100\n|-damage|p1b: Dragonite|0 fnt\n|-unboost|p1a: Gholdengo|atk|1\n|faint|p1b: Dragonite\n|move|p1a: Gholdengo|Shadow Ball|p2b: Roaring Moon\n|-resisted|p2b: Roaring Moon\n|-damage|p2b: Roaring Moon|0 fnt\n|faint|p2b: Roaring Moon\n|-end|p2b: Roaring Moon|Protosynthesis|[silent]\n|\n|upkeep\n|\n|t:|1700950777\n|switch|p2a: Arcanine|Arcanine-Hisui, L50, M|100\/100\n|switch|p2b: Urshifu|Urshifu-Rapid-Strike, L50, M|100\/100\n|switch|p1b: Ogerpon|Ogerpon-Wellspring, L50, F|67\/100\n|-ability|p2a: Arcanine|Intimidate|boost\n|-unboost|p1a: Gholdengo|atk|1\n|-unboost|p1b: Ogerpon|atk|1\n|turn|5\n|\n|t:|1700950790\n|move|p2b: Urshifu|Close Combat|p1a: Gholdengo\n|-damage|p1a: Gholdengo|0 fnt\n|-unboost|p2b: Urshifu|def|1\n|-unboost|p2b: Urshifu|spd|1\n|faint|p1a: Gholdengo\n|move|p2a: Arcanine|Flare Blitz|p1b: Ogerpon\n|-damage|p1b: Ogerpon|10\/100\n|-damage|p2a: Arcanine|81\/100|[from] Recoil\n|move|p1b: Ogerpon|Horn Leech|p2b: Urshifu\n|-supereffective|p2b: Urshifu\n|-damage|p2b: Urshifu|20\/100\n|-heal|p1b: Ogerpon|47\/100|[from] drain|[of] p2b: Urshifu\n|\n|upkeep\n|\n|t:|1700950792\n|switch|p1a: Chien-Pao|Chien-Pao, L50|100\/100\n|-ability|p1a: Chien-Pao|Sword of Ruin\n|turn|6\n|inactive|That_Leek has 30 seconds left.\n|inactive|That_Leek has 20 seconds left.\n|inactive|That_Leek has 15 seconds left.\n|inactive|That_Leek has 10 seconds left.\n|inactive|That_Leek has 5 seconds left.\n|\n|t:|1700950843\n|-terastallize|p2a: Arcanine|Fairy\n|move|p1b: Ogerpon|Follow Me|p1b: Ogerpon\n|-singleturn|p1b: Ogerpon|move: Follow Me\n|move|p2b: Urshifu|Aqua Jet|p1b: Ogerpon\n|-heal|p1b: Ogerpon|72\/100|[from] ability: Water Absorb|[of] p2b: Urshifu\n|move|p1a: Chien-Pao|Sacred Sword|p2a: Arcanine\n|-resisted|p2a: Arcanine\n|-damage|p2a: Arcanine|57\/100\n|move|p2a: Arcanine|Rock Slide|p1b: Ogerpon|[spread] p1a,p1b\n|-supereffective|p1a: Chien-Pao\n|-damage|p1a: Chien-Pao|22\/100\n|-damage|p1b: Ogerpon|35\/100\n|\n|upkeep\n|turn|7\n|inactive|That_Leek has 30 seconds left.\n|inactive|MightyTaggart has 30 seconds left.\n|inactive|MightyTaggart has 20 seconds left.\n|inactive|MightyTaggart has 15 seconds left.\n|inactive|MightyTaggart has 10 seconds left.\n|inactive|MightyTaggart has 5 seconds left.\n|\n|t:|1700950898\n|move|p1b: Ogerpon|Follow Me|p1b: Ogerpon\n|-singleturn|p1b: Ogerpon|move: Follow Me\n|move|p1a: Chien-Pao|Ice Spinner|p2a: Arcanine\n|-damage|p2a: Arcanine|0 fnt\n|faint|p2a: Arcanine\n|move|p2b: Urshifu|Surging Strikes|p1b: Ogerpon\n|-heal|p1b: Ogerpon|59\/100|[from] ability: Water Absorb|[of] p2b: Urshifu\n|\n|upkeep\n|turn|8\n|inactive|MightyTaggart has 30 seconds left.\n|inactive|MightyTaggart has 20 seconds left.\n|inactive|MightyTaggart has 15 seconds left.\n|inactive|MightyTaggart has 10 seconds left.\n|inactive|MightyTaggart has 5 seconds left.\n|\n|t:|1700950953\n|move|p1a: Chien-Pao|Sucker Punch|p2b: Urshifu\n|-resisted|p2b: Urshifu\n|-damage|p2b: Urshifu|0 fnt\n|faint|p2b: Urshifu\n|\n|win|That_Leek\n|raw|That_Leek's rating: 1511 &rarr; <strong>1528<\/strong><br \/>(+17 for winning)\n|raw|MightyTaggart's rating: 1455 &rarr; <strong>1438<\/strong><br \/>(-17 for losing)\n","uploadtime":1700950962,"views":1,"p1id":"thatleek","p2id":"mightytaggart","formatid":"gen9vgc2023regulatione","rating":1438,"private":0,"password":""}