{"id":"gen9vgc2023regulatione-1993248886","p1":"Rich vvs","p2":"DeAndreRicketts","format":"[Gen 9] VGC 2023 Regulation E","log":"|j|\u2606Rich vvs\n|j|\u2606DeAndreRicketts\n|t:|1700284024\n|gametype|doubles\n|player|p1|Rich vvs|fisherman-gen4|\n|player|p2|DeAndreRicketts|buck|\n|teamsize|p1|6\n|teamsize|p2|6\n|gen|9\n|tier|[Gen 9] VGC 2023 Regulation E\n|rule|Species Clause: Limit one of each Pok\u00e9mon\n|rule|Item Clause: Limit one of each item\n|clearpoke\n|poke|p1|Flutter Mane, L50|\n|poke|p1|Roaring Moon, L50|\n|poke|p1|Urshifu-*, L50, M|\n|poke|p1|Weezing, L50, F|\n|poke|p1|Ogerpon-Hearthflame, L50, F|\n|poke|p1|Iron Hands, L50|\n|poke|p2|Flutter Mane, L50|\n|poke|p2|Gothitelle, L50, F|\n|poke|p2|Dondozo, L50, M|\n|poke|p2|Tatsugiri-Droopy, L50, F|\n|poke|p2|Dusclops, L50, F|\n|poke|p2|Ursaluna-Bloodmoon, L50, M|\n|teampreview|4\n|inactive|Battle timer is ON: inactive players will automatically lose when time's up. (requested by Rich vvs)\nDeAndreRicketts has agreed to open team sheets.\n|\n|t:|1700284049\n|start\n|switch|p1a: Roaring Moon|Roaring Moon, L50|100\/100\n|switch|p1b: Flutter Mane|Flutter Mane, L50|100\/100\n|switch|p2a: Flutter Mane|Flutter Mane, L50|100\/100\n|switch|p2b: Gothitelle|Gothitelle, L50, F|100\/100\n|-enditem|p1a: Roaring Moon|Booster Energy\n|-activate|p1a: Roaring Moon|ability: Protosynthesis|[fromitem]\n|-start|p1a: Roaring Moon|protosynthesisspe\n|turn|1\n|inactive|Rich vvs has 30 seconds left.\n|inactive|Rich vvs has 20 seconds left.\n|inactive|Rich vvs has 15 seconds left.\n|inactive|Rich vvs has 10 seconds left.\n|\n|t:|1700284095\n|-end|p2a: Flutter Mane|Protosynthesis|[silent]\n|switch|p2a: Juice Wrld|Dondozo, L50, M, shiny|100\/100\n|switch|p2b: Perc|Tatsugiri-Droopy, L50, F, shiny|100\/100\n|-activate|p2b: Perc|ability: Commander|[of] p2a: Juice Wrld\n|-boost|p2a: Juice Wrld|atk|2\n|-boost|p2a: Juice Wrld|spa|2\n|-boost|p2a: Juice Wrld|spe|2\n|-boost|p2a: Juice Wrld|def|2\n|-boost|p2a: Juice Wrld|spd|2\n|-terastallize|p1b: Flutter Mane|Fairy\n|move|p1a: Roaring Moon|Protect|p1a: Roaring Moon\n|-singleturn|p1a: Roaring Moon|Protect\n|move|p1b: Flutter Mane|Dazzling Gleam|p2a: Juice Wrld|[spread] p2a\n|-miss|p1b: Flutter Mane|p2b: Perc\n|-damage|p2a: Juice Wrld|68\/100\n|\n|-heal|p2a: Juice Wrld|74\/100|[from] item: Leftovers\n|upkeep\n|turn|2\n|inactive|Rich vvs has 30 seconds left.\n|inactive|Rich vvs has 20 seconds left.\n|\n|t:|1700284135\n|move|p1a: Roaring Moon|Knock Off|p2a: Juice Wrld\n|-damage|p2a: Juice Wrld|57\/100\n|-enditem|p2a: Juice Wrld|Leftovers|[from] move: Knock Off|[of] p1a: Roaring Moon\n|move|p1b: Flutter Mane|Dazzling Gleam|p2b: Perc|[spread] p2a\n|-miss|p1b: Flutter Mane|p2b: Perc\n|-damage|p2a: Juice Wrld|25\/100\n|move|p2a: Juice Wrld|Earthquake|p1b: Flutter Mane|[spread] p1a,p1b\n|-miss|p2a: Juice Wrld|p2b: Perc\n|-damage|p1a: Roaring Moon|39\/100\n|-damage|p1b: Flutter Mane|19\/100\n|\n|upkeep\n|turn|3\n|\n|t:|1700284156\n|move|p2a: Juice Wrld|Protect|p2a: Juice Wrld\n|-singleturn|p2a: Juice Wrld|Protect\n|move|p1a: Roaring Moon|Acrobatics|p2a: Juice Wrld\n|-activate|p2a: Juice Wrld|move: Protect\n|move|p1b: Flutter Mane|Dazzling Gleam|p2a: Juice Wrld|[spread] \n|-miss|p1b: Flutter Mane|p2b: Perc\n|-activate|p2a: Juice Wrld|move: Protect\n|\n|upkeep\n|turn|4\n|\n|t:|1700284176\n|move|p1a: Roaring Moon|Acrobatics|p2a: Juice Wrld\n|-damage|p2a: Juice Wrld|12\/100\n|move|p1b: Flutter Mane|Dazzling Gleam|p2a: Juice Wrld|[spread] p2a\n|-miss|p1b: Flutter Mane|p2b: Perc\n|-damage|p2a: Juice Wrld|0 fnt\n|faint|p2a: Juice Wrld\n|\n|upkeep\n|inactive|DeAndreRicketts has 30 seconds left.\n|\n|t:|1700284209\n|switch|p2a: Flutter Mane|Flutter Mane, L50|100\/100\n|turn|5\n|\n|t:|1700284228\n|-terastallize|p2b: Perc|Poison\n|move|p1a: Roaring Moon|Tailwind|p1a: Roaring Moon\n|-sidestart|p1: Rich vvs|move: Tailwind\n|move|p1b: Flutter Mane|Dazzling Gleam|p2b: Perc|[spread] p2a,p2b\n|-resisted|p2b: Perc\n|-damage|p2a: Flutter Mane|34\/100\n|-damage|p2b: Perc|61\/100\n|move|p2b: Perc|Muddy Water|p1a: Roaring Moon|[spread] p1a,p1b\n|-resisted|p1a: Roaring Moon\n|-damage|p1a: Roaring Moon|22\/100\n|-damage|p1b: Flutter Mane|0 fnt\n|-unboost|p1a: Roaring Moon|accuracy|1\n|faint|p1b: Flutter Mane\n|-end|p1b: Flutter Mane|Protosynthesis|[silent]\n|move|p2a: Flutter Mane|Dazzling Gleam|p1a: Roaring Moon\n|-supereffective|p1a: Roaring Moon\n|-damage|p1a: Roaring Moon|0 fnt\n|faint|p1a: Roaring Moon\n|-end|p1a: Roaring Moon|Protosynthesis|[silent]\n|\n|upkeep\n|\n|t:|1700284236\n|switch|p1b: Urshifu|Urshifu-Rapid-Strike, L50, M|100\/100\n|switch|p1a: Weezing|Weezing, L50, F|100\/100\n|-ability|p1a: Weezing|Neutralizing Gas\n|turn|6\n|inactive|DeAndreRicketts has 30 seconds left.\n|\n|t:|1700284263\n|move|p1b: Urshifu|Surging Strikes|p2a: Flutter Mane\n|-crit|p2a: Flutter Mane\n|-damage|p2a: Flutter Mane|0 fnt\n|faint|p2a: Flutter Mane\n|-end|p2a: Flutter Mane|Protosynthesis|[silent]\n|-hitcount|p2: Flutter Mane|1\n|move|p2b: Perc|Muddy Water|p1a: Weezing|[spread] p1a,p1b\n|-resisted|p1b: Urshifu\n|-damage|p1a: Weezing|69\/100\n|-damage|p1b: Urshifu|75\/100\n|-unboost|p1b: Urshifu|accuracy|1\n|move|p1a: Weezing|Gunk Shot|p2b: Perc\n|-resisted|p2b: Perc\n|-damage|p2b: Perc|27\/100\n|\n|upkeep\n|\n|t:|1700284275\n|switch|p2a: Gothitelle|Gothitelle, L50, F|100\/100\n|turn|7\n|inactive|Rich vvs has 30 seconds left.\n|inactive|Rich vvs has 20 seconds left.\n|inactive|Rich vvs has 15 seconds left.\n|inactive|Rich vvs has 10 seconds left.\n|\n|t:|1700284323\n|move|p2a: Gothitelle|Fake Out|p1b: Urshifu\n|-damage|p1b: Urshifu|68\/100\n|cant|p1b: Urshifu|flinch\n|move|p2b: Perc|Muddy Water|p1a: Weezing|[spread] p1a,p1b\n|-resisted|p1b: Urshifu\n|-damage|p1a: Weezing|37\/100\n|-damage|p1b: Urshifu|45\/100\n|-unboost|p1b: Urshifu|accuracy|1\n|-enditem|p1a: Weezing|Sitrus Berry|[eat]\n|-heal|p1a: Weezing|62\/100|[from] item: Sitrus Berry\n|move|p1a: Weezing|Gunk Shot|p2b: Perc\n|-resisted|p2b: Perc\n|-damage|p2b: Perc|0 fnt\n|faint|p2b: Perc\n|\n|upkeep\n|turn|8\n|\n|t:|1700284344\n|move|p1b: Urshifu|Surging Strikes|p2a: Gothitelle|[miss]\n|-miss|p1b: Urshifu|p2a: Gothitelle\n|move|p1a: Weezing|Gunk Shot|p2a: Gothitelle|[miss]\n|-miss|p1a: Weezing|p2a: Gothitelle\n|move|p2a: Gothitelle|Psychic|p1b: Urshifu\n|-supereffective|p1b: Urshifu\n|-damage|p1b: Urshifu|0 fnt\n|faint|p1b: Urshifu\n|\n|-sideend|p1: Rich vvs|move: Tailwind\n|upkeep\n|turn|9\n|\n|t:|1700284356\n|move|p2a: Gothitelle|Psychic|p1a: Weezing\n|-supereffective|p1a: Weezing\n|-damage|p1a: Weezing|12\/100\n|move|p1a: Weezing|Gunk Shot|p2a: Gothitelle|[miss]\n|-miss|p1a: Weezing|p2a: Gothitelle\n|\n|upkeep\n|turn|10\n|\n|t:|1700284365\n|move|p2a: Gothitelle|Psychic|p1a: Weezing\n|-supereffective|p1a: Weezing\n|-crit|p1a: Weezing\n|-damage|p1a: Weezing|0 fnt\n|faint|p1a: Weezing\n|-end|p1a: Weezing|ability: Neutralizing Gas\n|\n|win|DeAndreRicketts\n","uploadtime":1700284388,"views":36,"p1id":"richvvs","p2id":"deandrericketts","formatid":"gen9vgc2023regulatione","rating":0,"private":0,"password":""}