{"id":"gen9vgc2023regulatione-1989942448","p1":"javilongots","p2":"QuimeraVGC","format":"[Gen 9] VGC 2023 Regulation E","log":"|j|\u2606javilongots\n|j|\u2606QuimeraVGC\n|t:|1699908751\n|gametype|doubles\n|player|p1|javilongots|palmer|1209\n|player|p2|QuimeraVGC|red|1209\n|teamsize|p1|6\n|teamsize|p2|6\n|gen|9\n|tier|[Gen 9] VGC 2023 Regulation E\n|rated|\n|rule|Species Clause: Limit one of each Pok\u00e9mon\n|rule|Item Clause: Limit one of each item\n|clearpoke\n|poke|p1|Iron Hands, L50|\n|poke|p1|Oranguru, L50, M|\n|poke|p1|Ursaluna-Bloodmoon, L50, M|\n|poke|p1|Kingambit, L50, M|\n|poke|p1|Milotic, L50, F|\n|poke|p1|Ogerpon-Hearthflame, L50, F|\n|poke|p2|Gallade, L50, M|\n|poke|p2|Iron Hands, L50|\n|poke|p2|Lucario, L50, F|\n|poke|p2|Passimian, L50, M|\n|poke|p2|Annihilape, L50, M|\n|poke|p2|Tauros-Paldea-Blaze, L50, M|\n|teampreview|4\n|inactive|Battle timer is ON: inactive players will automatically lose when time's up. (requested by javilongots)\n|\n|t:|1699908783\n|start\n|switch|p1a: Oranguru|Oranguru, L50, M|100\/100\n|switch|p1b: Iron Hands|Iron Hands, L50|100\/100\n|switch|p2a: Gallade|Gallade, L50, M|100\/100\n|switch|p2b: Iron Hands|Iron Hands, L50|100\/100\n|turn|1\n|\n|t:|1699908803\n|move|p2a: Gallade|Quick Guard|p2a: Gallade\n|-singleturn|p2a: Gallade|Quick Guard\n|move|p1b: Iron Hands|Fake Out|p2a: Gallade\n|-activate|p2a: Gallade|move: Quick Guard\n|move|p2b: Iron Hands|Belly Drum|p2b: Iron Hands\n|-damage|p2b: Iron Hands|50\/100\n|-setboost|p2b: Iron Hands|atk|6|[from] move: Belly Drum\n|-enditem|p2b: Iron Hands|Sitrus Berry|[eat]\n|-heal|p2b: Iron Hands|75\/100|[from] item: Sitrus Berry\n|move|p1a: Oranguru|Trick Room|p1a: Oranguru\n|-fieldstart|move: Trick Room|[of] p1a: Oranguru\n|\n|upkeep\n|turn|2\n|inactive|javilongots has 30 seconds left.\n|inactive|QuimeraVGC has 30 seconds left.\n|\n|t:|1699908835\n|-terastallize|p2b: Iron Hands|Ghost\n|move|p1b: Iron Hands|Drain Punch|p2b: Iron Hands\n|-immune|p2b: Iron Hands\n|move|p1a: Oranguru|Instruct|p1b: Iron Hands\n|-singleturn|p1b: Iron Hands|move: Instruct|[of] p1a: Oranguru\n|move|p1b: Iron Hands|Drain Punch|p2b: Iron Hands\n|-immune|p2b: Iron Hands\n|move|p2b: Iron Hands|Drain Punch|p1b: Iron Hands\n|-damage|p1b: Iron Hands|13\/100\n|-heal|p2b: Iron Hands|100\/100|[from] drain|[of] p1b: Iron Hands\n|move|p2a: Gallade|Life Dew||[still]|[still]|[spread] \n|-fail|p2a: Gallade|heal\n|-fail|p2b: Iron Hands|heal\n|\n|upkeep\n|turn|3\n|inactive|javilongots has 30 seconds left.\n|\n|t:|1699908865\n|switch|p2a: Annihilape|Annihilape, L50, M|100\/100\n|-terastallize|p1b: Iron Hands|Grass\n|move|p1b: Iron Hands|Drain Punch|p2a: Annihilape\n|-immune|p2a: Annihilape\n|move|p1a: Oranguru|Instruct|p1b: Iron Hands\n|-singleturn|p1b: Iron Hands|move: Instruct|[of] p1a: Oranguru\n|move|p1b: Iron Hands|Drain Punch|p2a: Annihilape\n|-immune|p2a: Annihilape\n|move|p2b: Iron Hands|Drain Punch|p1b: Iron Hands\n|-damage|p1b: Iron Hands|0 fnt\n|faint|p1b: Iron Hands\n|-end|p1b: Iron Hands|Quark Drive|[silent]\n|\n|upkeep\n|c|\u2606javilongots|lol\n|c|\u2606QuimeraVGC|XD\n|\n|t:|1699908880\n|switch|p1b: Ursaluna|Ursaluna-Bloodmoon, L50, M|100\/100\n|turn|4\n|\n|t:|1699908898\n|switch|p2a: Lucario|Lucario, L50, F|100\/100\n|move|p2b: Iron Hands|Detect|p2b: Iron Hands\n|-singleturn|p2b: Iron Hands|Protect\n|move|p1b: Ursaluna|Hyper Voice|p2b: Iron Hands|[spread] p2a\n|-activate|p2b: Iron Hands|move: Protect\n|-resisted|p2a: Lucario\n|-damage|p2a: Lucario|62\/100\n|-damage|p1b: Ursaluna|91\/100|[from] item: Life Orb\n|move|p1a: Oranguru|Instruct|p1b: Ursaluna\n|-singleturn|p1b: Ursaluna|move: Instruct|[of] p1a: Oranguru\n|move|p1b: Ursaluna|Hyper Voice|p2b: Iron Hands|[spread] p2a\n|-activate|p2b: Iron Hands|move: Protect\n|-resisted|p2a: Lucario\n|-damage|p2a: Lucario|24\/100\n|-damage|p1b: Ursaluna|81\/100|[from] item: Life Orb\n|\n|upkeep\n|turn|5\n|inactive|QuimeraVGC has 30 seconds left.\n|\n|t:|1699908926\n|switch|p2a: Annihilape|Annihilape, L50, M|100\/100\n|move|p1b: Ursaluna|Blood Moon|p2b: Iron Hands\n|-damage|p2b: Iron Hands|7\/100\n|-damage|p1b: Ursaluna|71\/100|[from] item: Life Orb\n|move|p1a: Oranguru|Instruct|p1b: Ursaluna\n|-singleturn|p1b: Ursaluna|move: Instruct|[of] p1a: Oranguru\n|move|p1b: Ursaluna|Blood Moon|p2b: Iron Hands\n|-damage|p2b: Iron Hands|0 fnt\n|faint|p2b: Iron Hands\n|-end|p2b: Iron Hands|Quark Drive|[silent]\n|-damage|p1b: Ursaluna|61\/100|[from] item: Life Orb\n|-hint|Some effects can force a Pokemon to use Blood Moon again in a row.\n|\n|-fieldend|move: Trick Room\n|upkeep\n|\n|t:|1699908939\n|switch|p2b: Gallade|Gallade, L50, M|100\/100\n|turn|6\n|\n|t:|1699908962\n|move|p2a: Annihilape|Drain Punch|p1a: Oranguru\n|-damage|p1a: Oranguru|68\/100\n|move|p2b: Gallade|Knock Off|p1a: Oranguru\n|-supereffective|p1a: Oranguru\n|-damage|p1a: Oranguru|25\/100\n|-enditem|p1a: Oranguru|Clear Amulet|[from] move: Knock Off|[of] p2b: Gallade\n|move|p1b: Ursaluna|Hyper Voice|p2b: Gallade|[spread] p2a,p2b\n|-damage|p2a: Annihilape|47\/100\n|-damage|p2b: Gallade|56\/100\n|-damage|p1b: Ursaluna|51\/100|[from] item: Life Orb\n|move|p1a: Oranguru|Trick Room|p1a: Oranguru\n|-fieldstart|move: Trick Room|[of] p1a: Oranguru\n|\n|-heal|p2a: Annihilape|53\/100|[from] item: Leftovers\n|upkeep\n|turn|7\n|inactive|QuimeraVGC has 30 seconds left.\n|\n|t:|1699908990\n|move|p2b: Gallade|Wide Guard|p2b: Gallade\n|-singleturn|p2b: Gallade|Wide Guard\n|move|p1b: Ursaluna|Hyper Voice|p2b: Gallade|[spread] \n|-activate|p2a: Annihilape|move: Wide Guard\n|-activate|p2b: Gallade|move: Wide Guard\n|move|p1a: Oranguru|Instruct|p1b: Ursaluna\n|-singleturn|p1b: Ursaluna|move: Instruct|[of] p1a: Oranguru\n|move|p1b: Ursaluna|Hyper Voice|p2a: Annihilape|[spread] \n|-activate|p2a: Annihilape|move: Wide Guard\n|-activate|p2b: Gallade|move: Wide Guard\n|move|p2a: Annihilape|Drain Punch|p1b: Ursaluna\n|-supereffective|p1b: Ursaluna\n|-damage|p1b: Ursaluna|0 fnt\n|-heal|p2a: Annihilape|81\/100|[from] drain|[of] p1b: Ursaluna\n|faint|p1b: Ursaluna\n|\n|-heal|p2a: Annihilape|87\/100|[from] item: Leftovers\n|upkeep\n|c|\u2606QuimeraVGC|bye ursa\n|\n|t:|1699909007\n|switch|p1b: Milotic|Milotic, L50, F, shiny|100\/100\n|turn|8\n|\n|t:|1699909022\n|move|p2a: Annihilape|Protect|p2a: Annihilape\n|-singleturn|p2a: Annihilape|Protect\n|move|p1a: Oranguru|Shadow Ball|p2a: Annihilape\n|-activate|p2a: Annihilape|move: Protect\n|move|p2b: Gallade|Life Dew|p2b: Gallade|[spread] p2a,p2b\n|-heal|p2a: Annihilape|100\/100\n|-heal|p2b: Gallade|81\/100\n|move|p1b: Milotic|Scald|p2a: Annihilape\n|-activate|p2a: Annihilape|move: Protect\n|\n|upkeep\n|turn|9\n|c|\u2606javilongots|jeez\n|inactive|QuimeraVGC has 30 seconds left.\n|\n|t:|1699909048\n|switch|p2a: Lucario|Lucario, L50, F|24\/100\n|move|p1a: Oranguru|Shadow Ball|p2a: Lucario\n|-damage|p2a: Lucario|0 fnt\n|faint|p2a: Lucario\n|move|p2b: Gallade|Knock Off|p1b: Milotic\n|-damage|p1b: Milotic|67\/100\n|-enditem|p1b: Milotic|Sitrus Berry|[from] move: Knock Off|[of] p2b: Gallade\n|move|p1b: Milotic|Scald|p2b: Gallade\n|-damage|p2b: Gallade|46\/100\n|-status|p2b: Gallade|brn\n|\n|-damage|p2b: Gallade|40\/100 brn|[from] brn\n|upkeep\n|\n|t:|1699909060\n|switch|p2a: Annihilape|Annihilape, L50, M|100\/100\n|turn|10\n|\n|t:|1699909079\n|move|p1b: Milotic|Protect|p1b: Milotic\n|-singleturn|p1b: Milotic|Protect\n|move|p1a: Oranguru|Bulldoze|p2a: Annihilape|[spread] p2a,p2b\n|-activate|p1b: Milotic|move: Protect\n|-damage|p2a: Annihilape|95\/100\n|-damage|p2b: Gallade|32\/100 brn\n|-unboost|p2a: Annihilape|spe|1\n|-ability|p2a: Annihilape|Defiant|boost\n|-boost|p2a: Annihilape|atk|2\n|-unboost|p2b: Gallade|spe|1\n|move|p2b: Gallade|Life Dew|p2b: Gallade|[spread] p2a,p2b\n|-heal|p2a: Annihilape|100\/100\n|-heal|p2b: Gallade|57\/100 brn\n|move|p2a: Annihilape|Drain Punch|p1a: Oranguru\n|-damage|p1a: Oranguru|0 fnt\n|faint|p1a: Oranguru\n|\n|-damage|p2b: Gallade|51\/100 brn|[from] brn\n|-fieldend|move: Trick Room\n|upkeep\n|turn|11\n|\n|t:|1699909100\n|move|p1b: Milotic|Scald|p2a: Annihilape\n|-damage|p2a: Annihilape|61\/100\n|-status|p2a: Annihilape|brn\n|move|p2a: Annihilape|Rage Fist|p1b: Milotic\n|-damage|p1b: Milotic|0 fnt\n|faint|p1b: Milotic\n|\n|win|QuimeraVGC\n|raw|javilongots's rating: 1209 &rarr; <strong>1184<\/strong><br \/>(-25 for losing)\n|raw|QuimeraVGC's rating: 1209 &rarr; <strong>1234<\/strong><br \/>(+25 for winning)\n|c|\u2606QuimeraVGC|gg\n|c|\u2606javilongots|gg\n","uploadtime":1699909111,"views":20,"p1id":"javilongots","p2id":"quimeravgc","formatid":"gen9vgc2023regulatione","rating":1184,"private":0,"password":""}