{"id":"gen9vgc2023regulatione-1992490446","p1":"joemada","p2":"qz231116","format":"[Gen 9] VGC 2023 Regulation E","log":"|j|\u2606joemada\n|j|\u2606qz231116\n|t:|1700194213\n|gametype|doubles\n|player|p1|joemada|265|1132\n|player|p2|qz231116|101|1127\n|teamsize|p1|6\n|teamsize|p2|6\n|gen|9\n|tier|[Gen 9] VGC 2023 Regulation E\n|rated|\n|rule|Species Clause: Limit one of each Pok\u00e9mon\n|rule|Item Clause: Limit one of each item\n|clearpoke\n|poke|p1|Empoleon, L50, M|\n|poke|p1|Ogerpon-Hearthflame, L50, F|\n|poke|p1|Sinistcha, L50|\n|poke|p1|Flutter Mane, L50|\n|poke|p1|Landorus-Therian, L50, M|\n|poke|p1|Iron Hands, L50|\n|poke|p2|Tornadus, L50, M|\n|poke|p2|Volcarona, L50, M|\n|poke|p2|Basculegion, L50, M|\n|poke|p2|Ludicolo, L50, M|\n|poke|p2|Scizor, L50, M|\n|poke|p2|Flutter Mane, L50|\n|teampreview|4\njoemada has agreed to open team sheets.\nqz231116 rejected open team sheets.\n|inactive|Battle timer is ON: inactive players will automatically lose when time's up. (requested by qz231116)\n|\n|t:|1700194230\n|start\n|switch|p1a: Empoleon|Empoleon, L50, M|100\/100\n|switch|p1b: Iron Hands|Iron Hands, L50|100\/100\n|switch|p2a: Tornadus|Tornadus, L50, M|100\/100\n|switch|p2b: Basculegion|Basculegion, L50, M|100\/100\n|turn|1\n|\n|t:|1700194249\n|-terastallize|p2b: Basculegion|Water\n|move|p1b: Iron Hands|Fake Out|p2a: Tornadus\n|-damage|p2a: Tornadus|77\/100\n|move|p2a: Tornadus|Rain Dance|p2a: Tornadus\n|-weather|RainDance\n|move|p2b: Basculegion|Wave Crash|p1b: Iron Hands\n|-damage|p1b: Iron Hands|0 fnt\n|faint|p1b: Iron Hands\n|-end|p1b: Iron Hands|Quark Drive|[silent]\n|-damage|p2b: Basculegion|59\/100|[from] Recoil\n|move|p1a: Empoleon|Icy Wind|p2b: Basculegion|[spread] p2a,p2b\n|-supereffective|p2a: Tornadus\n|-resisted|p2b: Basculegion\n|-damage|p2a: Tornadus|40\/100\n|-damage|p2b: Basculegion|52\/100\n|-unboost|p2b: Basculegion|spe|1\n|\n|-weather|RainDance|[upkeep]\n|upkeep\n|\n|t:|1700194273\n|switch|p1b: Sinistcha|Sinistcha, L50|100\/100\n|turn|2\n|\n|t:|1700194281\n|move|p2a: Tornadus|Bleakwind Storm|p1b: Sinistcha|[spread] p1a,p1b\n|-resisted|p1a: Empoleon\n|-supereffective|p1b: Sinistcha\n|-damage|p1a: Empoleon|84\/100\n|-damage|p1b: Sinistcha|22\/100\n|move|p2b: Basculegion|Wave Crash|p1b: Sinistcha\n|-resisted|p1b: Sinistcha\n|-damage|p1b: Sinistcha|0 fnt\n|-damage|p2b: Basculegion|36\/100|[from] item: Rocky Helmet|[of] p1b: Sinistcha\n|faint|p1b: Sinistcha\n|-damage|p2b: Basculegion|30\/100|[from] Recoil\n|move|p1a: Empoleon|Icy Wind|p2a: Tornadus|[spread] p2a,p2b\n|-supereffective|p2a: Tornadus\n|-resisted|p2b: Basculegion\n|-damage|p2a: Tornadus|6\/100\n|-damage|p2b: Basculegion|22\/100\n|-unboost|p2b: Basculegion|spe|1\n|\n|-weather|RainDance|[upkeep]\n|-heal|p1a: Empoleon|90\/100|[from] item: Leftovers\n|upkeep\n|\n|t:|1700194296\n|switch|p1b: Ogerpon|Ogerpon-Hearthflame, L50, F|100\/100\n|-ability|p1b: Ogerpon|Mold Breaker\n|turn|3\n|\n|t:|1700194307\n|move|p1b: Ogerpon|Spiky Shield|p1b: Ogerpon\n|-singleturn|p1b: Ogerpon|move: Protect\n|move|p2a: Tornadus|Tailwind|p2a: Tornadus\n|-sidestart|p2: qz231116|move: Tailwind\n|move|p2b: Basculegion|Wave Crash|p1b: Ogerpon\n|-activate|p1b: Ogerpon|move: Protect\n|-damage|p2b: Basculegion|10\/100|[from] Spiky Shield|[of] p1b: Ogerpon\n|move|p1a: Empoleon|Icy Wind|p2a: Tornadus|[spread] p2a,p2b\n|-supereffective|p2a: Tornadus\n|-resisted|p2b: Basculegion\n|-damage|p2a: Tornadus|0 fnt\n|-damage|p2b: Basculegion|3\/100\n|-unboost|p2b: Basculegion|spe|1\n|faint|p2a: Tornadus\n|\n|-weather|RainDance|[upkeep]\n|-heal|p1a: Empoleon|97\/100|[from] item: Leftovers\n|upkeep\n|\n|t:|1700194320\n|switch|p2a: Volcarona|Volcarona, L50, M|100\/100\n|turn|4\n|\n|t:|1700194335\n|move|p2a: Volcarona|Quiver Dance|p2a: Volcarona\n|-boost|p2a: Volcarona|spa|1\n|-boost|p2a: Volcarona|spd|1\n|-boost|p2a: Volcarona|spe|1\n|move|p2b: Basculegion|Wave Crash|p1b: Ogerpon\n|-damage|p1b: Ogerpon|0 fnt\n|faint|p1b: Ogerpon\n|-damage|p2b: Basculegion|0 fnt|[from] Recoil\n|faint|p2b: Basculegion\n|move|p1a: Empoleon|Hydro Pump|p2a: Volcarona\n|-supereffective|p2a: Volcarona\n|-damage|p2a: Volcarona|13\/100\n|\n|-weather|RainDance|[upkeep]\n|-heal|p1a: Empoleon|100\/100|[from] item: Leftovers\n|upkeep\n|\n|t:|1700194342\n|switch|p2b: Flutter Mane|Flutter Mane, L50|100\/100\n|turn|5\n|\n|t:|1700194358\n|move|p2b: Flutter Mane|Thunder|p1a: Empoleon\n|-supereffective|p1a: Empoleon\n|-damage|p1a: Empoleon|0 fnt\n|faint|p1a: Empoleon\n|\n|win|qz231116\n|raw|joemada's rating: 1132 &rarr; <strong>1107<\/strong><br \/>(-25 for losing)\n|raw|qz231116's rating: 1127 &rarr; <strong>1152<\/strong><br \/>(+25 for winning)\n|l|\u2606joemada\n","uploadtime":1700194366,"views":16,"p1id":"joemada","p2id":"qz231116","formatid":"gen9vgc2023regulatione","rating":1107,"private":0,"password":""}