{"id":"gen9vgc2023regulatione-2000253451","p1":"fiirrreeee!","p2":"cicibi","format":"[Gen 9] VGC 2023 Regulation E","log":"|j|\u2606fiirrreeee!\n|j|\u2606cicibi\n|t:|1701177913\n|gametype|doubles\n|player|p1|fiirrreeee!|n|1582\n|player|p2|cicibi|policeman|1717\n|teamsize|p1|6\n|teamsize|p2|6\n|gen|9\n|tier|[Gen 9] VGC 2023 Regulation E\n|rated|\n|rule|Species Clause: Limit one of each Pok\u00e9mon\n|rule|Item Clause: Limit one of each item\n|clearpoke\n|poke|p1|Flutter Mane, L50|\n|poke|p1|Gholdengo, L50|\n|poke|p1|Salamence, L50, M|\n|poke|p1|Amoonguss, L50, M|\n|poke|p1|Iron Hands, L50|\n|poke|p1|Pelipper, L50, M|\n|poke|p2|Chi-Yu, L50|\n|poke|p2|Farigiraf, L50, F|\n|poke|p2|Flutter Mane, L50|\n|poke|p2|Iron Hands, L50|\n|poke|p2|Landorus-Therian, L50, M|\n|poke|p2|Ogerpon-Wellspring, L50, F|\n|teampreview|4\n|\n|t:|1701177966\n|start\n|switch|p1a: Pelipper|Pelipper, L50, M|100\/100\n|switch|p1b: Flutter Mane|Flutter Mane, L50|100\/100\n|switch|p2a: Chi-Yu|Chi-Yu, L50|100\/100\n|switch|p2b: Flutter Mane|Flutter Mane, L50|100\/100\n|-weather|RainDance|[from] ability: Drizzle|[of] p1a: Pelipper\n|-ability|p2a: Chi-Yu|Beads of Ruin\n|-enditem|p1b: Flutter Mane|Booster Energy\n|-activate|p1b: Flutter Mane|ability: Protosynthesis|[fromitem]\n|-start|p1b: Flutter Mane|protosynthesisspe\n|turn|1\n|j| Zonco\n|\n|t:|1701178031\n|-terastallize|p1a: Pelipper|Flying\n|move|p2a: Chi-Yu|Protect|p2a: Chi-Yu\n|-singleturn|p2a: Chi-Yu|Protect\n|move|p1b: Flutter Mane|Icy Wind|p2a: Chi-Yu|[spread] p2b\n|-activate|p2a: Chi-Yu|move: Protect\n|-damage|p2b: Flutter Mane|85\/100\n|-unboost|p2b: Flutter Mane|spe|1\n|move|p1a: Pelipper|Hurricane|p2a: Chi-Yu\n|-activate|p2a: Chi-Yu|move: Protect\n|move|p2b: Flutter Mane|Moonblast|p1a: Pelipper\n|-enditem|p1a: Pelipper|Focus Sash\n|-damage|p1a: Pelipper|1\/100\n|\n|-weather|RainDance|[upkeep]\n|upkeep\n|turn|2\n|inactive|Battle timer is ON: inactive players will automatically lose when time's up. (requested by cicibi)\n|\n|t:|1701178101\n|switch|p2a: Iron Hands|Iron Hands, L50|100\/100\n|move|p1b: Flutter Mane|Shadow Ball|p2b: Flutter Mane\n|-supereffective|p2b: Flutter Mane\n|-damage|p2b: Flutter Mane|22\/100\n|move|p1a: Pelipper|Hurricane|p2b: Flutter Mane\n|-damage|p2b: Flutter Mane|0 fnt\n|faint|p2b: Flutter Mane\n|-end|p2b: Flutter Mane|Protosynthesis|[silent]\n|\n|-weather|RainDance|[upkeep]\n|upkeep\n|\n|t:|1701178115\n|switch|p2b: Ogerpon|Ogerpon-Wellspring, L50, F|100\/100\n|turn|3\n|\n|t:|1701178126\n|move|p1a: Pelipper|Protect|p1a: Pelipper\n|-singleturn|p1a: Pelipper|Protect\n|move|p2a: Iron Hands|Fake Out|p1a: Pelipper\n|-activate|p1a: Pelipper|move: Protect\n|move|p1b: Flutter Mane|Icy Wind|p2a: Iron Hands|[spread] p2a,p2b\n|-damage|p2a: Iron Hands|94\/100\n|-damage|p2b: Ogerpon|87\/100\n|-unboost|p2a: Iron Hands|spe|1\n|-unboost|p2b: Ogerpon|spe|1\n|move|p2b: Ogerpon|Ivy Cudgel|p1b: Flutter Mane|[anim] Ivy Cudgel Water\n|-damage|p1b: Flutter Mane|0 fnt\n|faint|p1b: Flutter Mane\n|-end|p1b: Flutter Mane|Protosynthesis|[silent]\n|\n|-weather|RainDance|[upkeep]\n|upkeep\n|\n|t:|1701178143\n|switch|p1b: Salamence|Salamence, L50, M|100\/100\n|-ability|p1b: Salamence|Intimidate|boost\n|-unboost|p2a: Iron Hands|atk|1\n|-unboost|p2b: Ogerpon|atk|1\n|turn|4\n|\n|t:|1701178165\n|move|p2b: Ogerpon|Spiky Shield|p2b: Ogerpon\n|-singleturn|p2b: Ogerpon|move: Protect\n|move|p1b: Salamence|Air Slash|p2a: Iron Hands\n|-damage|p2a: Iron Hands|80\/100\n|move|p1a: Pelipper|Hurricane|p2a: Iron Hands\n|-damage|p2a: Iron Hands|50\/100\n|cant|p2a: Iron Hands|flinch\n|\n|-weather|RainDance|[upkeep]\n|upkeep\n|turn|5\n|inactive|fiirrreeee! has 30 seconds left.\n|inactive|cicibi has 30 seconds left.\n|inactive|fiirrreeee! has 20 seconds left.\n|inactive|cicibi has 20 seconds left.\n|inactive|cicibi has 15 seconds left.\n|inactive|cicibi has 10 seconds left.\n|\n|t:|1701178214\n|-terastallize|p2b: Ogerpon|Water\n|detailschange|p2b: Ogerpon|Ogerpon-Wellspring-Tera, L50, F, tera:Water\n|-ability|p2b: Ogerpon|Embody Aspect (Wellspring)|boost\n|-boost|p2b: Ogerpon|spd|1\n|move|p2b: Ogerpon|Follow Me|p2b: Ogerpon\n|-singleturn|p2b: Ogerpon|move: Follow Me\n|move|p1b: Salamence|Air Slash|p2b: Ogerpon\n|-damage|p2b: Ogerpon|67\/100\n|move|p1a: Pelipper|Hurricane|p2b: Ogerpon\n|-damage|p2b: Ogerpon|28\/100\n|-start|p2b: Ogerpon|confusion\n|move|p2a: Iron Hands|Drain Punch|p1a: Pelipper\n|-resisted|p1a: Pelipper\n|-damage|p1a: Pelipper|0 fnt\n|-heal|p2a: Iron Hands|51\/100|[from] drain|[of] p1a: Pelipper\n|faint|p1a: Pelipper\n|\n|-weather|none\n|upkeep\n|\n|t:|1701178233\n|switch|p1a: Iron Hands|Iron Hands, L50|100\/100\n|turn|6\n|inactive|fiirrreeee! has 30 seconds left.\n|inactive|cicibi has 30 seconds left.\n|inactive|fiirrreeee! has 20 seconds left.\n|inactive|fiirrreeee! has 15 seconds left.\n|inactive|cicibi has 20 seconds left.\n|\n|t:|1701178282\n|-end|p2a: Iron Hands|Quark Drive|[silent]\n|switch|p2a: Chi-Yu|Chi-Yu, L50|100\/100\n|-ability|p2a: Chi-Yu|Beads of Ruin\n|-activate|p2b: Ogerpon|confusion\n|-damage|p2b: Ogerpon|19\/100|[from] confusion\n|move|p1a: Iron Hands|Fake Out|p2a: Chi-Yu\n|-damage|p2a: Chi-Yu|85\/100\n|move|p1b: Salamence|Tailwind|p1b: Salamence\n|-sidestart|p1: fiirrreeee!|move: Tailwind\n|\n|-heal|p2a: Chi-Yu|91\/100|[from] item: Leftovers\n|upkeep\n|turn|7\n|\n|t:|1701178305\n|switch|p2b: Iron Hands|Iron Hands, L50|51\/100\n|move|p2a: Chi-Yu|Protect|p2a: Chi-Yu\n|-singleturn|p2a: Chi-Yu|Protect\n|move|p1b: Salamence|Draco Meteor|p2b: Iron Hands\n|-damage|p2b: Iron Hands|17\/100\n|-unboost|p1b: Salamence|spa|2\n|move|p1a: Iron Hands|Drain Punch|p2a: Chi-Yu\n|-activate|p2a: Chi-Yu|move: Protect\n|\n|-heal|p2a: Chi-Yu|97\/100|[from] item: Leftovers\n|upkeep\n|turn|8\n|inactive|fiirrreeee! has 30 seconds left.\n|\n|t:|1701178340\n|move|p2b: Iron Hands|Fake Out|p1a: Iron Hands\n|-damage|p1a: Iron Hands|90\/100\n|move|p1b: Salamence|Draco Meteor|p2b: Iron Hands\n|-damage|p2b: Iron Hands|2\/100\n|-unboost|p1b: Salamence|spa|2\n|cant|p1a: Iron Hands|flinch\n|move|p2a: Chi-Yu|Nasty Plot|p2a: Chi-Yu\n|-boost|p2a: Chi-Yu|spa|2\n|\n|-heal|p2a: Chi-Yu|100\/100|[from] item: Leftovers\n|upkeep\n|turn|9\n|inactive|fiirrreeee! has 30 seconds left.\n|inactive|cicibi has 30 seconds left.\n|\n|t:|1701178372\n|-end|p2b: Iron Hands|Quark Drive|[silent]\n|switch|p2b: Ogerpon|Ogerpon-Wellspring-Tera, L50, F, tera:Water|19\/100\n|-ability|p2b: Ogerpon|Embody Aspect (Wellspring)|boost\n|-boost|p2b: Ogerpon|spd|1\n|move|p2a: Chi-Yu|Protect|p2a: Chi-Yu\n|-singleturn|p2a: Chi-Yu|Protect\n|move|p1b: Salamence|Draco Meteor|p2a: Chi-Yu\n|-activate|p2a: Chi-Yu|move: Protect\n|move|p1a: Iron Hands|Drain Punch|p2a: Chi-Yu\n|-activate|p2a: Chi-Yu|move: Protect\n|\n|-sideend|p1: fiirrreeee!|move: Tailwind\n|upkeep\n|turn|10\n|inactive|fiirrreeee! has 30 seconds left.\n|inactive|cicibi has 30 seconds left.\n|inactive|fiirrreeee! has 20 seconds left.\n|\n|t:|1701178409\n|move|p2b: Ogerpon|Follow Me|p2b: Ogerpon\n|-singleturn|p2b: Ogerpon|move: Follow Me\n|move|p1b: Salamence|Draco Meteor|p2b: Ogerpon|[miss]\n|-miss|p1b: Salamence|p2b: Ogerpon\n|move|p2a: Chi-Yu|Heat Wave|p1a: Iron Hands|[spread] p1a,p1b\n|-resisted|p1b: Salamence\n|-damage|p1a: Iron Hands|43\/100\n|-damage|p1b: Salamence|48\/100\n|move|p1a: Iron Hands|Drain Punch|p2b: Ogerpon\n|-damage|p2b: Ogerpon|0 fnt\n|-heal|p1a: Iron Hands|50\/100|[from] drain|[of] p2b: Ogerpon\n|faint|p2b: Ogerpon\n|\n|upkeep\n|\n|t:|1701178426\n|switch|p2b: Iron Hands|Iron Hands, L50|2\/100\n|turn|11\n|\n|t:|1701178435\n|move|p2b: Iron Hands|Fake Out|p1a: Iron Hands\n|-damage|p1a: Iron Hands|40\/100\n|move|p1b: Salamence|Roost|p1b: Salamence\n|-heal|p1b: Salamence|98\/100\n|-singleturn|p1b: Salamence|move: Roost\n|move|p2a: Chi-Yu|Heat Wave|p1b: Salamence|[spread] p1a,p1b\n|-resisted|p1b: Salamence\n|-damage|p1a: Iron Hands|0 fnt\n|-damage|p1b: Salamence|45\/100\n|faint|p1a: Iron Hands\n|-end|p1a: Iron Hands|Quark Drive|[silent]\n|\n|upkeep\n|turn|12\n|-message|fiirrreeee! forfeited.\n|\n|win|cicibi\n|raw|fiirrreeee!'s rating: 1582 &rarr; <strong>1569<\/strong><br \/>(-13 for losing)\n|raw|cicibi's rating: 1717 &rarr; <strong>1730<\/strong><br \/>(+13 for winning)\n|l|\u2606fiirrreeee!\n","uploadtime":1701178462,"views":26,"p1id":"fiirrreeee","p2id":"cicibi","formatid":"gen9vgc2023regulatione","rating":1569,"private":0,"password":""}