{"id":"gen9vgc2023regulatione-1995495905","p1":"paolance","p2":"DaWoblefet","format":"[Gen 9] VGC 2023 Regulation E","log":"|j|\u2606paolance\n|j|\u2606DaWoblefet\n|n|\u2606paolance|paolance\n|n|\u2606DaWoblefet|dawoblefet\n|html|View the match progress at <a href=\"\/game-bestof3-gen9vgc2023regulatione-1995493612\">game-bestof3-gen9vgc2023regulatione-1995493612<\/a>\n|t:|1700577055\n|gametype|doubles\n|player|p1|paolance|266|\n|player|p2|DaWoblefet|#dawoblefet|\n|teamsize|p1|6\n|teamsize|p2|6\n|gen|9\n|tier|[Gen 9] VGC 2023 Regulation E\n|rated|Tournament battle\n|rule|Species Clause: Limit one of each Pok\u00e9mon\n|rule|Item Clause: Limit one of each item\n|clearpoke\n|poke|p1|Amoonguss, L50, M|\n|poke|p1|Landorus-Therian, L50, M|\n|poke|p1|Iron Hands, L50|\n|poke|p1|Flutter Mane, L50|\n|poke|p1|Heatran, L50, F|\n|poke|p1|Chien-Pao, L50|\n|poke|p2|Dusclops, L50, F|\n|poke|p2|Ursaluna-Bloodmoon, L50, M|\n|poke|p2|Iron Hands, L50|\n|poke|p2|Ogerpon-Wellspring, L50, F|\n|poke|p2|Landorus-Therian, L50, M|\n|poke|p2|Chi-Yu, L50|\n|teampreview|4\n|showteam|p1|Amoonguss||RockyHelmet|Regenerator|PollenPuff,RagePowder,Spore,Protect|||M|||50|,,,,,Water]Landorus-Therian||ChoiceScarf|Intimidate|TeraBlast,Uturn,StompingTantrum,RockSlide|||M|||50|,,,,,Flying]Iron Hands||AssaultVest|QuarkDrive|FakeOut,WildCharge,DrainPunch,HeavySlam||||||50|,,,,,Water]Flutter Mane||BoosterEnergy|Protosynthesis|Moonblast,ShadowBall,DazzlingGleam,Protect||||||50|,,,,,Fairy]Heatran||Leftovers|FlashFire|MagmaStorm,FlashCannon,EarthPower,Protect|||F|||50|,,,,,Grass]Chien-Pao||FocusSash|SwordofRuin|IcicleCrash,SuckerPunch,SacredSword,Protect||||||50|,,,,,Ghost\n|showteam|p2|Dusclops||Eviolite|Pressure|TrickRoom,WillOWisp,PainSplit,BrickBreak|||F|||50|,,,,,Dark]Ursaluna-Bloodmoon||WeaknessPolicy|MindsEye|HyperVoice,EarthPower,BloodMoon,Protect|||M|||50|,,,,,Normal]Iron Hands||AssaultVest|QuarkDrive|DrainPunch,HeavySlam,FakeOut,VoltSwitch||||||50|,,,,,Fire]Ogerpon-Wellspring||WellspringMask|WaterAbsorb|FollowMe,IvyCudgel,HornLeech,SpikyShield|||F|||50|,,,,,Water]Landorus-Therian||ChoiceScarf|Intimidate|RockSlide,Uturn,StompingTantrum,TeraBlast|||M|||50|,,,,,Flying]Chi-Yu||SitrusBerry|BeadsofRuin|HeatWave,DarkPulse,NastyPlot,Protect||||||50|,,,,,Ghost\n|c|\u2606DaWoblefet|gl hf\n|j| L1Lmacncheese\n|c|\u2606paolance|glhf\n|j| Red Fang X\n|j| infernape339\n|\n|t:|1700577091\n|start\n|switch|p1a: Amoonguss|Amoonguss, L50, M|100\/100\n|switch|p1b: Landorus|Landorus-Therian, L50, M, shiny|100\/100\n|switch|p2a: Dusclops|Dusclops, L50, F|100\/100\n|switch|p2b: Iron Hands|Iron Hands, L50, shiny|100\/100\n|-ability|p1b: Landorus|Intimidate|boost\n|-unboost|p2a: Dusclops|atk|1\n|-unboost|p2b: Iron Hands|atk|1\n|-ability|p2a: Dusclops|Pressure\n|turn|1\n|\n|t:|1700577124\n|move|p1b: Landorus|U-turn|p2b: Iron Hands\n|-resisted|p2b: Iron Hands\n|-damage|p2b: Iron Hands|91\/100\n|\n|t:|1700577126\n|switch|p1b: Heatran|Heatran, L50, F, shiny|100\/100|[from] U-turn\n|move|p2b: Iron Hands|Volt Switch|p1a: Amoonguss\n|-resisted|p1a: Amoonguss\n|-damage|p1a: Amoonguss|95\/100\n|\n|t:|1700577131\n|-end|p2b: Iron Hands|Quark Drive|[silent]\n|switch|p2b: Ogerpon|Ogerpon-Wellspring, L50, F|100\/100|[from] Volt Switch\n|move|p1a: Amoonguss|Spore|p2a: Dusclops\n|-status|p2a: Dusclops|slp|[from] move: Spore\n|cant|p2a: Dusclops|slp\n|\n|upkeep\n|turn|2\n|j| Poke abir\n|c| infernape339|if dus had low sweep would be really good\n|c|\u2606DaWoblefet|!learn dusclops, low sweep\n|c|&DaWoblefet|\/raw <div class=\"infobox\">In [Gen 9] VGC 2023 Regulation E, Dusclops <span class=\"message-learn-cannotlearn\">can't<\/span> learn Low Sweep<\/div>\n|c|\u2606DaWoblefet|this is so sad\n|\n|t:|1700577168\n|switch|p2b: Ursaluna|Ursaluna-Bloodmoon, L50, M|100\/100\n|switch|p1a: Flutter Mane|Flutter Mane, L50|100\/100\n|-enditem|p1a: Flutter Mane|Booster Energy\n|-activate|p1a: Flutter Mane|ability: Protosynthesis|[fromitem]\n|-start|p1a: Flutter Mane|protosynthesisspa\n|move|p1b: Heatran|Protect|p1b: Heatran\n|-singleturn|p1b: Heatran|Protect\n|cant|p2a: Dusclops|slp\n|\n|upkeep\n|turn|3\n|c| Red Fang X|Wouldn't that do lots of damage to ursaluna?\n|\n|t:|1700577195\n|-terastallize|p1b: Heatran|Grass\n|-terastallize|p2b: Ursaluna|Normal\n|move|p1a: Flutter Mane|Shadow Ball|p2a: Dusclops\n|-supereffective|p2a: Dusclops\n|-damage|p2a: Dusclops|27\/100 slp\n|move|p1b: Heatran|Flash Cannon|p2a: Dusclops\n|-damage|p2a: Dusclops|0 fnt\n|faint|p2a: Dusclops\n|move|p2b: Ursaluna|Blood Moon|p1a: Flutter Mane\n|-damage|p1a: Flutter Mane|0 fnt\n|faint|p1a: Flutter Mane\n|-end|p1a: Flutter Mane|Protosynthesis|[silent]\n|\n|upkeep\n|c| Red Fang X|Oh no, i'm thinking of low kick\n|\n|t:|1700577215\n|switch|p1a: Landorus|Landorus-Therian, L50, M, shiny|100\/100\n|switch|p2a: Ogerpon|Ogerpon-Wellspring, L50, F|100\/100\n|-ability|p1a: Landorus|Intimidate|boost\n|-unboost|p2a: Ogerpon|atk|1\n|-unboost|p2b: Ursaluna|atk|1\n|turn|4\n|\n|t:|1700577224\n|move|p2a: Ogerpon|Spiky Shield|p2a: Ogerpon\n|-singleturn|p2a: Ogerpon|move: Protect\n|move|p2b: Ursaluna|Protect|p2b: Ursaluna\n|-singleturn|p2b: Ursaluna|Protect\n|move|p1a: Landorus|Stomping Tantrum|p2b: Ursaluna\n|-activate|p2b: Ursaluna|move: Protect\n|move|p1b: Heatran|Magma Storm|p2b: Ursaluna\n|-activate|p2b: Ursaluna|move: Protect\n|\n|upkeep\n|turn|5\n|\n|t:|1700577242\n|move|p2a: Ogerpon|Follow Me|p2a: Ogerpon\n|-singleturn|p2a: Ogerpon|move: Follow Me\n|move|p1a: Landorus|Stomping Tantrum|p2a: Ogerpon\n|-resisted|p2a: Ogerpon\n|-damage|p2a: Ogerpon|77\/100\n|move|p1b: Heatran|Magma Storm|p2a: Ogerpon\n|-damage|p2a: Ogerpon|25\/100\n|-activate|p2a: Ogerpon|move: Magma Storm|[of] p1b: Heatran\n|move|p2b: Ursaluna|Hyper Voice|p1b: Heatran|[spread] p1a,p1b\n|-damage|p1a: Landorus|34\/100\n|-damage|p1b: Heatran|53\/100\n|\n|-heal|p1b: Heatran|59\/100|[from] item: Leftovers\n|-damage|p2a: Ogerpon|13\/100|[from] move: Magma Storm|[partiallytrapped]\n|upkeep\n|turn|6\n|c| infernape339|wait, but dusclops can learn icy wind\n|\n|t:|1700577280\n|move|p2a: Ogerpon|Follow Me|p2a: Ogerpon\n|-singleturn|p2a: Ogerpon|move: Follow Me\n|move|p1a: Landorus|Stomping Tantrum|p2a: Ogerpon\n|-resisted|p2a: Ogerpon\n|-damage|p2a: Ogerpon|0 fnt\n|faint|p2a: Ogerpon\n|move|p1b: Heatran|Magma Storm|p2b: Ursaluna\n|-damage|p2b: Ursaluna|38\/100\n|-activate|p2b: Ursaluna|move: Magma Storm|[of] p1b: Heatran\n|move|p2b: Ursaluna|Blood Moon|p1b: Heatran\n|-damage|p1b: Heatran|0 fnt\n|faint|p1b: Heatran\n|\n|-end|p2b: Ursaluna|Magma Storm|[partiallytrapped]|[silent]\n|upkeep\n|c| Poke abir|Ogerpon water has way too high damage for a support pokrmon\n|c|\u2606DaWoblefet|I hear that doesn't work so well for triggering your own Weakness Policy, infernape339\n|\n|t:|1700577303\n|switch|p2a: Iron Hands|Iron Hands, L50, shiny|91\/100\n|switch|p1b: Amoonguss|Amoonguss, L50, M|100\/100\n|turn|7\n|\n|t:|1700577308\n|move|p2a: Iron Hands|Fake Out|p1a: Landorus\n|-damage|p1a: Landorus|18\/100\n|move|p1b: Amoonguss|Rage Powder|p1b: Amoonguss\n|-singleturn|p1b: Amoonguss|move: Rage Powder\n|cant|p1a: Landorus|flinch\n|move|p2b: Ursaluna|Hyper Voice|p1a: Landorus|[spread] p1a,p1b\n|-damage|p1a: Landorus|0 fnt\n|-damage|p1b: Amoonguss|52\/100\n|faint|p1a: Landorus\n|\n|upkeep\n|turn|8\n|c|\u2606paolance|ggwp\n|c|\u2606DaWoblefet|ggs\n|c| infernape339|yeah maybe, have a chance of miss and you cant tera\n|c|\u2606DaWoblefet|you can't target allies\n|c|\u2606paolance|iron hands should have been my pick\n|c|\u2606DaWoblefet|Icy Wind hits both opponents\n|c| Red Fang X|And brick break can destroy opposing screens\n|-message|paolance forfeited.\n|\n|win|DaWoblefet\n","uploadtime":1700577344,"views":5,"p1id":"paolance","p2id":"dawoblefet","formatid":"gen9vgc2023regulatione","rating":0,"private":0,"password":""}