{"id":"gen9vgc2023regulatione-1991055054","p1":"5Sscreen","p2":"KaptenOl","format":"[Gen 9] VGC 2023 Regulation E","log":"|j|\u26065Sscreen\n|j|\u2606KaptenOl\n|t:|1700035568\n|gametype|doubles\n|player|p1|5Sscreen|pokekid|1183\n|player|p2|KaptenOl|silver|1125\n|teamsize|p1|6\n|teamsize|p2|6\n|gen|9\n|tier|[Gen 9] VGC 2023 Regulation E\n|rated|\n|rule|Species Clause: Limit one of each Pok\u00e9mon\n|rule|Item Clause: Limit one of each item\n|clearpoke\n|poke|p1|Annihilape, L50, F|\n|poke|p1|Sinistcha, L50|\n|poke|p1|Grimmsnarl, L50, M|\n|poke|p1|Landorus-Therian, L50, M|\n|poke|p1|Bellibolt, L50, M|\n|poke|p1|Corviknight, L50, M|\n|poke|p2|Ogerpon-Wellspring, L50, F|\n|poke|p2|Chi-Yu, L50|\n|poke|p2|Landorus-Therian, L50, M|\n|poke|p2|Iron Hands, L50|\n|poke|p2|Heatran, L50, M|\n|poke|p2|Flutter Mane, L50|\n|teampreview|4\n|inactive|Battle timer is ON: inactive players will automatically lose when time's up. (requested by KaptenOl)\n|inactive|5Sscreen has 60 seconds left.\n|\n|t:|1700035599\n|start\n|switch|p1a: Grimmsnarl|Grimmsnarl, L50, M, shiny|100\/100\n|switch|p1b: Bellibolt|Bellibolt, L50, M, shiny|100\/100\n|switch|p2a: Flutter Mane|Flutter Mane, L50|100\/100\n|switch|p2b: Heatran|Heatran, L50, M|100\/100\n|-enditem|p2a: Flutter Mane|Booster Energy\n|-activate|p2a: Flutter Mane|ability: Protosynthesis|[fromitem]\n|-start|p2a: Flutter Mane|protosynthesisspe\n|turn|1\n|\n|t:|1700035622\n|move|p1a: Grimmsnarl|Light Screen|p1a: Grimmsnarl\n|-sidestart|p1: 5Sscreen|move: Light Screen\n|move|p2a: Flutter Mane|Dazzling Gleam|p1a: Grimmsnarl|[spread] p1a,p1b\n|-supereffective|p1a: Grimmsnarl\n|-crit|p1a: Grimmsnarl\n|-damage|p1a: Grimmsnarl|25\/100\n|-damage|p1b: Bellibolt|89\/100\n|-start|p1b: Bellibolt|Charge|Dazzling Gleam|[from] ability: Electromorphosis\n|move|p2b: Heatran|Flash Cannon|p1a: Grimmsnarl\n|-supereffective|p1a: Grimmsnarl\n|-damage|p1a: Grimmsnarl|0 fnt\n|faint|p1a: Grimmsnarl\n|move|p1b: Bellibolt|Thunderbolt|p2b: Heatran\n|-damage|p2b: Heatran|44\/100\n|-end|p1b: Bellibolt|Charge|[silent]\n|\n|upkeep\n|\n|t:|1700035634\n|switch|p1a: Landorus|Landorus-Therian, L50, M|100\/100\n|-ability|p1a: Landorus|Intimidate|boost\n|-unboost|p2a: Flutter Mane|atk|1\n|-unboost|p2b: Heatran|atk|1\n|turn|2\n|inactive|5Sscreen has 30 seconds left.\n|\n|t:|1700035661\n|switch|p2b: Landorus|Landorus-Therian, L50, M|100\/100\n|-ability|p2b: Landorus|Intimidate|boost\n|-unboost|p1a: Landorus|atk|1\n|-unboost|p1b: Bellibolt|atk|1\n|move|p2a: Flutter Mane|Protect|p2a: Flutter Mane\n|-singleturn|p2a: Flutter Mane|Protect\n|move|p1a: Landorus|U-turn|p2a: Flutter Mane\n|-activate|p2a: Flutter Mane|move: Protect\n|move|p1b: Bellibolt|Parabolic Charge|p2a: Flutter Mane|[spread] \n|-activate|p2a: Flutter Mane|move: Protect\n|-immune|p1a: Landorus\n|-immune|p2b: Landorus\n|\n|upkeep\n|turn|3\n|inactive|5Sscreen has 30 seconds left.\n|\n|t:|1700035692\n|move|p2a: Flutter Mane|Moonblast|p1a: Landorus\n|-damage|p1a: Landorus|60\/100\n|-unboost|p1a: Landorus|spa|1\n|move|p2b: Landorus|Stomping Tantrum|p1b: Bellibolt\n|-supereffective|p1b: Bellibolt\n|-damage|p1b: Bellibolt|27\/100\n|-start|p1b: Bellibolt|Charge|Stomping Tantrum|[from] ability: Electromorphosis\n|move|p1a: Landorus|U-turn|p2a: Flutter Mane\n|-resisted|p2a: Flutter Mane\n|-damage|p2a: Flutter Mane|93\/100\n|\n|t:|1700035701\n|switch|p1a: Sinistcha|Sinistcha, L50|100\/100|[from] U-turn\n|-heal|p1b: Bellibolt|52\/100|[from] ability: Hospitality|[of] p1a: Sinistcha\n|move|p1b: Bellibolt|Parabolic Charge|p2a: Flutter Mane|[spread] p1a,p2a\n|-immune|p2b: Landorus\n|-resisted|p1a: Sinistcha\n|-damage|p1a: Sinistcha|87\/100\n|-heal|p1b: Bellibolt|57\/100|[from] drain|[of] p1a: Sinistcha\n|-damage|p2a: Flutter Mane|51\/100\n|-heal|p1b: Bellibolt|71\/100|[from] drain|[of] p2a: Flutter Mane\n|-end|p1b: Bellibolt|Charge|[silent]\n|\n|upkeep\n|turn|4\n|\n|t:|1700035726\n|-terastallize|p1b: Bellibolt|Water\n|move|p1a: Sinistcha|Protect|p1a: Sinistcha\n|-singleturn|p1a: Sinistcha|Protect\n|move|p2a: Flutter Mane|Shadow Ball|p1a: Sinistcha\n|-activate|p1a: Sinistcha|move: Protect\n|move|p2b: Landorus|Stomping Tantrum|p1b: Bellibolt\n|-damage|p1b: Bellibolt|38\/100\n|-start|p1b: Bellibolt|Charge|Stomping Tantrum|[from] ability: Electromorphosis\n|move|p1b: Bellibolt|Parabolic Charge|p2a: Flutter Mane|[spread] p2a\n|-activate|p1a: Sinistcha|move: Protect\n|-immune|p2b: Landorus\n|-damage|p2a: Flutter Mane|9\/100\n|-heal|p1b: Bellibolt|51\/100|[from] drain|[of] p2a: Flutter Mane\n|-end|p1b: Bellibolt|Charge|[silent]\n|\n|upkeep\n|turn|5\n|\n|t:|1700035747\n|switch|p1a: Landorus|Landorus-Therian, L50, M|60\/100\n|-ability|p1a: Landorus|Intimidate|boost\n|-unboost|p2a: Flutter Mane|atk|1\n|-unboost|p2b: Landorus|atk|1\n|move|p2a: Flutter Mane|Moonblast|p1b: Bellibolt\n|-damage|p1b: Bellibolt|32\/100\n|-unboost|p1b: Bellibolt|spa|1\n|-start|p1b: Bellibolt|Charge|Moonblast|[from] ability: Electromorphosis\n|move|p2b: Landorus|Stomping Tantrum|p1b: Bellibolt\n|-damage|p1b: Bellibolt|11\/100\n|-start|p1b: Bellibolt|Charge|Stomping Tantrum|[from] ability: Electromorphosis\n|move|p1b: Bellibolt|Parabolic Charge|p2b: Landorus|[spread] p2a\n|-immune|p1a: Landorus\n|-immune|p2b: Landorus\n|-damage|p2a: Flutter Mane|0 fnt\n|-heal|p1b: Bellibolt|13\/100|[from] drain|[of] p2a: Flutter Mane\n|faint|p2a: Flutter Mane\n|-end|p2a: Flutter Mane|Protosynthesis|[silent]\n|-end|p1b: Bellibolt|Charge|[silent]\n|\n|upkeep\n|\n|t:|1700035760\n|switch|p2a: Chi-Yu|Chi-Yu, L50|100\/100\n|-ability|p2a: Chi-Yu|Beads of Ruin\n|turn|6\n|\n|t:|1700035783\n|switch|p2b: Heatran|Heatran, L50, M|44\/100\n|move|p1a: Landorus|Stomping Tantrum|p2a: Chi-Yu\n|-supereffective|p2a: Chi-Yu\n|-enditem|p2a: Chi-Yu|Focus Sash\n|-damage|p2a: Chi-Yu|1\/100\n|move|p2a: Chi-Yu|Heat Wave|p1b: Bellibolt|[spread] p1a,p1b\n|-resisted|p1b: Bellibolt\n|-damage|p1a: Landorus|21\/100\n|-damage|p1b: Bellibolt|2\/100\n|-start|p1b: Bellibolt|Charge|Heat Wave|[from] ability: Electromorphosis\n|move|p1b: Bellibolt|Parabolic Charge|p2b: Heatran|[spread] p2a,p2b\n|-immune|p1a: Landorus\n|-damage|p2a: Chi-Yu|0 fnt\n|-heal|p1b: Bellibolt|3\/100|[from] drain|[of] p2a: Chi-Yu\n|-damage|p2b: Heatran|16\/100\n|-heal|p1b: Bellibolt|14\/100|[from] drain|[of] p2b: Heatran\n|faint|p2a: Chi-Yu\n|-end|p1b: Bellibolt|Charge|[silent]\n|\n|upkeep\n|\n|t:|1700035793\n|switch|p2a: Landorus|Landorus-Therian, L50, M|100\/100\n|-ability|p2a: Landorus|Intimidate|boost\n|-unboost|p1a: Landorus|atk|1\n|-unboost|p1b: Bellibolt|atk|1\n|turn|7\n|inactive|5Sscreen has 30 seconds left.\n|\n|t:|1700035825\n|switch|p1a: Sinistcha|Sinistcha, L50|87\/100\n|-heal|p1b: Bellibolt|39\/100|[from] ability: Hospitality|[of] p1a: Sinistcha\n|move|p2b: Heatran|Protect|p2b: Heatran\n|-singleturn|p2b: Heatran|Protect\n|move|p2a: Landorus|Rock Slide|p1a: Sinistcha|[spread] p1a,p1b\n|-damage|p1a: Sinistcha|68\/100\n|-damage|p1b: Bellibolt|23\/100\n|-start|p1b: Bellibolt|Charge|Rock Slide|[from] ability: Electromorphosis\n|move|p1b: Bellibolt|Muddy Water|p2b: Heatran|[spread] p2a\n|-activate|p2b: Heatran|move: Protect\n|-supereffective|p2a: Landorus\n|-damage|p2a: Landorus|53\/100\n|\n|upkeep\n|turn|8\n|inactive|5Sscreen has 30 seconds left.\n|\n|t:|1700035853\n|switch|p1a: Landorus|Landorus-Therian, L50, M|21\/100\n|-ability|p1a: Landorus|Intimidate|boost\n|-unboost|p2a: Landorus|atk|1\n|-unboost|p2b: Heatran|atk|1\n|-terastallize|p2b: Heatran|Grass\n|move|p2a: Landorus|Rock Slide|p1b: Bellibolt|[spread] p1a,p1b\n|-damage|p1a: Landorus|3\/100\n|-damage|p1b: Bellibolt|13\/100\n|-start|p1b: Bellibolt|Charge|Rock Slide|[from] ability: Electromorphosis\n|move|p2b: Heatran|Tera Blast|p1b: Bellibolt|[anim] Tera Blast Grass\n|-supereffective|p1b: Bellibolt\n|-damage|p1b: Bellibolt|0 fnt\n|faint|p1b: Bellibolt\n|\n|-sideend|p1: 5Sscreen|move: Light Screen\n|upkeep\n|\n|t:|1700035867\n|switch|p1b: Sinistcha|Sinistcha, L50|68\/100\n|-heal|p1a: Landorus|27\/100|[from] ability: Hospitality|[of] p1b: Sinistcha\n|turn|9\n|\n|t:|1700035884\n|move|p1a: Landorus|U-turn|p2b: Heatran\n|-supereffective|p2b: Heatran\n|-damage|p2b: Heatran|0 fnt\n|faint|p2b: Heatran\n|move|p2a: Landorus|Rock Slide|p1a: Landorus|[spread] p1a,p1b\n|-damage|p1a: Landorus|9\/100\n|-damage|p1b: Sinistcha|57\/100\n|move|p1b: Sinistcha|Matcha Gotcha|p2a: Landorus\n|-damage|p2a: Landorus|12\/100\n|-heal|p1b: Sinistcha|76\/100|[from] drain|[of] p2a: Landorus\n|\n|upkeep\n|turn|10\n|-message|KaptenOl forfeited.\n|\n|win|5Sscreen\n|raw|5Sscreen's rating: 1183 &rarr; <strong>1204<\/strong><br \/>(+21 for winning)\n|raw|KaptenOl's rating: 1125 &rarr; <strong>1104<\/strong><br \/>(-21 for losing)\n|l|\u2606KaptenOl\n","uploadtime":1700035900,"views":18,"p1id":"5sscreen","p2id":"kaptenol","formatid":"gen9vgc2023regulatione","rating":1104,"private":0,"password":""}