{"id":"gen9vgc2023regulatione-1989135201","p1":"christianfinity","p2":"Kemils","format":"[Gen 9] VGC 2023 Regulation E","log":"|j|\u2606christianfinity\n|j|\u2606Kemils\n|n|\u2606christianfinity|christianfinity\n|n|\u2606Kemils|kemils\n|html|View the match progress at <a href=\"\/game-bestof3-gen9vgc2023regulatione-1989129619\">game-bestof3-gen9vgc2023regulatione-1989129619<\/a>\n|t:|1699816000\n|gametype|doubles\n|player|p1|christianfinity|youngathlete|\n|player|p2|Kemils|roxie|\n|teamsize|p1|6\n|teamsize|p2|6\n|gen|9\n|tier|[Gen 9] VGC 2023 Regulation E\n|rated|Tournament battle\n|rule|Species Clause: Limit one of each Pok\u00e9mon\n|rule|Item Clause: Limit one of each item\n|clearpoke\n|poke|p1|Ninetales-Alola, L50, F|\n|poke|p1|Baxcalibur, L50, M|\n|poke|p1|Arcanine-Hisui, L50, M|\n|poke|p1|Gholdengo, L50|\n|poke|p1|Rillaboom, L50, M|\n|poke|p1|Ogerpon-Wellspring, L50, F|\n|poke|p2|Goodra-Hisui, L50, M|\n|poke|p2|Flutter Mane, L50|\n|poke|p2|Ogerpon-Hearthflame, L50, F|\n|poke|p2|Rillaboom, L50, M|\n|poke|p2|Urshifu-*, L50, M|\n|poke|p2|Grimmsnarl, L50, M|\n|teampreview|4\n|j| TJRaynes\n|j| bolokya\nKemils has agreed to open team sheets.\n|j| ale cog\n|j| Izzywooperstan\n|j| AJD55\nchristianfinity has agreed to open team sheets.\n|showteam|p1|Ninetales-Alola||LightClay|SnowWarning|AuroraVeil,IcyWind,Moonblast,Encore|||F|||50|,,,,,Ghost]Baxcalibur||ClearAmulet|IceBody|DragonDance,IcicleCrash,HighHorsepower,Protect|||M|||50|,,,,,Poison]Arcanine-Hisui||ChoiceBand|Intimidate|FlareBlitz,RockSlide,ExtremeSpeed,TeraBlast|||M|||50|,,,,,Fairy]Gholdengo||Leftovers|GoodasGold|NastyPlot,MakeItRain,ShadowBall,Protect||||||50|,,,,,Fairy]Rillaboom||AssaultVest|GrassySurge|FakeOut,GrassyGlide,DrumBeating,HighHorsepower|||M|||50|,,,,,Fire]Ogerpon-Wellspring||WellspringMask|WaterAbsorb|SwordsDance,IvyCudgel,HornLeech,SpikyShield|||F|||50|,,,,,Water\n|showteam|p2|Goodra-Hisui||Leftovers|ShellArmor|BodyPress,HeavySlam,Shelter,Protect|||M|||50|,,,,,Fairy]Flutter Mane||BoosterEnergy|Protosynthesis|Moonblast,IcyWind,ShadowBall,Protect||||||50|,,,,,Fairy]Ogerpon-Hearthflame||HearthflameMask|MoldBreaker|IvyCudgel,GrassyGlide,SwordsDance,SpikyShield|||F|||50|,,,,,Fire]Rillaboom||AssaultVest|GrassySurge|WoodHammer,GrassyGlide,HighHorsepower,FakeOut|||M|||50|,,,,,Fire]Urshifu-Rapid-Strike||ChoiceScarf|UnseenFist|SurgingStrikes,AquaJet,Uturn,CloseCombat|||M|||50|,,,,,Water]Grimmsnarl||LightClay|Prankster|SpiritBreak,ThunderWave,Reflect,LightScreen|||M|||50|,,,,,Ghost\n|\n|t:|1699816039\n|start\n|switch|p1a: Paracetamol|Rillaboom, L50, M|100\/100\n|switch|p1b: Vacuole|Ogerpon-Wellspring, L50, F|100\/100\n|switch|p2a: Goodra|Goodra-Hisui, L50, M|100\/100\n|switch|p2b: Ogerpon|Ogerpon-Hearthflame, L50, F|100\/100\n|-ability|p2b: Ogerpon|Mold Breaker\n|-fieldstart|move: Grassy Terrain|[from] ability: Grassy Surge|[of] p1a: Paracetamol\n|turn|1\n|\n|t:|1699816055\n|move|p2b: Ogerpon|Spiky Shield|p2b: Ogerpon\n|-singleturn|p2b: Ogerpon|move: Protect\n|move|p1a: Paracetamol|Fake Out|p2a: Goodra\n|-resisted|p2a: Goodra\n|-damage|p2a: Goodra|96\/100\n|move|p1b: Vacuole|Swords Dance|p1b: Vacuole\n|-boost|p1b: Vacuole|atk|2\n|cant|p2a: Goodra|flinch\n|\n|-heal|p2a: Goodra|100\/100|[from] Grassy Terrain\n|upkeep\n|turn|2\n|\n|t:|1699816081\n|-terastallize|p2b: Ogerpon|Fire\n|detailschange|p2b: Ogerpon|Ogerpon-Hearthflame-Tera, L50, F, tera:Fire\n|-ability|p2b: Ogerpon|Embody Aspect (Hearthflame)|boost\n|-boost|p2b: Ogerpon|atk|1\n|-terastallize|p1a: Paracetamol|Fire\n|move|p2b: Ogerpon|Ivy Cudgel|p1b: Vacuole\n|-damage|p1b: Vacuole|0 fnt\n|faint|p1b: Vacuole\n|move|p1a: Paracetamol|Drum Beating|p2b: Ogerpon\n|-resisted|p2b: Ogerpon\n|-damage|p2b: Ogerpon|64\/100\n|-unboost|p2b: Ogerpon|spe|1\n|move|p2a: Goodra|Shelter|p2a: Goodra\n|-boost|p2a: Goodra|def|2\n|\n|-heal|p2b: Ogerpon|70\/100|[from] Grassy Terrain\n|upkeep\n|c|\u2606christianfinity|That just kills\n|c|\u2606christianfinity|wtf\n|\n|t:|1699816099\n|switch|p1b: Serendipity|Ninetales-Alola, L50, F, shiny|100\/100\n|-weather|Snow|[from] ability: Snow Warning|[of] p1b: Serendipity\n|turn|3\n|\n|t:|1699816107\n|move|p2a: Goodra|Protect|p2a: Goodra\n|-singleturn|p2a: Goodra|Protect\n|move|p1b: Serendipity|Encore|p2a: Goodra\n|-activate|p2a: Goodra|move: Protect\n|move|p2b: Ogerpon|Ivy Cudgel|p1b: Serendipity\n|-supereffective|p1b: Serendipity\n|-crit|p1b: Serendipity\n|-damage|p1b: Serendipity|0 fnt\n|faint|p1b: Serendipity\n|move|p1a: Paracetamol|High Horsepower|p2b: Ogerpon\n|-supereffective|p2b: Ogerpon\n|-damage|p2b: Ogerpon|0 fnt\n|faint|p2b: Ogerpon\n|\n|-weather|Snow|[upkeep]\n|upkeep\n|\n|t:|1699816120\n|switch|p2b: Urshifu|Urshifu-Rapid-Strike, L50, M|100\/100\n|switch|p1b: 50 Cent|Gholdengo, L50, shiny|100\/100\n|turn|4\n|\n|t:|1699816131\n|move|p1a: Paracetamol|Grassy Glide|p2b: Urshifu\n|-supereffective|p2b: Urshifu\n|-damage|p2b: Urshifu|34\/100\n|move|p2b: Urshifu|Surging Strikes|p1b: 50 Cent\n|-crit|p1b: 50 Cent\n|-damage|p1b: 50 Cent|83\/100\n|-crit|p1b: 50 Cent\n|-damage|p1b: 50 Cent|63\/100\n|-crit|p1b: 50 Cent\n|-damage|p1b: 50 Cent|44\/100\n|-hitcount|p1b: 50 Cent|3\n|move|p1b: 50 Cent|Shadow Ball|p2b: Urshifu\n|-damage|p2b: Urshifu|0 fnt\n|faint|p2b: Urshifu\n|move|p2a: Goodra|Shelter|p2a: Goodra\n|-boost|p2a: Goodra|def|2\n|\n|-weather|Snow|[upkeep]\n|-heal|p1b: 50 Cent|50\/100|[from] Grassy Terrain\n|-heal|p1b: 50 Cent|57\/100|[from] item: Leftovers\n|upkeep\n|\n|t:|1699816148\n|switch|p2b: Flutter Mane|Flutter Mane, L50|100\/100\n|-enditem|p2b: Flutter Mane|Booster Energy\n|-activate|p2b: Flutter Mane|ability: Protosynthesis|[fromitem]\n|-start|p2b: Flutter Mane|protosynthesisspe\n|turn|5\n|l| AJD55\n|\n|t:|1699816182\n|move|p2b: Flutter Mane|Protect|p2b: Flutter Mane\n|-singleturn|p2b: Flutter Mane|Protect\n|move|p1b: 50 Cent|Nasty Plot|p1b: 50 Cent\n|-boost|p1b: 50 Cent|spa|2\n|move|p1a: Paracetamol|Drum Beating|p2a: Goodra\n|-resisted|p2a: Goodra\n|-damage|p2a: Goodra|98\/100\n|-unboost|p2a: Goodra|spe|1\n|move|p2a: Goodra|Body Press|p1a: Paracetamol\n|-damage|p1a: Paracetamol|31\/100\n|\n|-weather|Snow|[upkeep]\n|-heal|p1b: 50 Cent|63\/100|[from] Grassy Terrain\n|-heal|p1b: 50 Cent|69\/100|[from] item: Leftovers\n|-heal|p1a: Paracetamol|37\/100|[from] Grassy Terrain\n|-heal|p2a: Goodra|100\/100|[from] Grassy Terrain\n|-fieldend|move: Grassy Terrain\n|upkeep\n|turn|6\n|\n|t:|1699816210\n|move|p1b: 50 Cent|Protect|p1b: 50 Cent\n|-singleturn|p1b: 50 Cent|Protect\n|move|p2b: Flutter Mane|Shadow Ball|p1b: 50 Cent\n|-activate|p1b: 50 Cent|move: Protect\n|move|p1a: Paracetamol|Drum Beating|p2b: Flutter Mane\n|-damage|p2b: Flutter Mane|35\/100\n|-unboost|p2b: Flutter Mane|spe|1\n|move|p2a: Goodra|Heavy Slam|p1b: 50 Cent\n|-activate|p1b: 50 Cent|move: Protect\n|\n|-weather|Snow|[upkeep]\n|-heal|p1b: 50 Cent|75\/100|[from] item: Leftovers\n|upkeep\n|turn|7\n|\n|t:|1699816257\n|move|p1b: 50 Cent|Protect||[still]\n|-fail|p1b: 50 Cent\n|move|p2b: Flutter Mane|Shadow Ball|p1b: 50 Cent\n|-supereffective|p1b: 50 Cent\n|-damage|p1b: 50 Cent|1\/100\n|move|p1a: Paracetamol|Drum Beating|p2b: Flutter Mane\n|-damage|p2b: Flutter Mane|0 fnt\n|faint|p2b: Flutter Mane\n|-end|p2b: Flutter Mane|Protosynthesis|[silent]\n|move|p2a: Goodra|Heavy Slam|p1b: 50 Cent\n|-resisted|p1b: 50 Cent\n|-damage|p1b: 50 Cent|0 fnt\n|faint|p1b: 50 Cent\n|\n|-weather|none\n|upkeep\n|turn|8\n|j| AJD55\n|c|\u2606christianfinity|gg\n|c|\u2606Kemils|ggs\n|\n|t:|1699816273\n|move|p1a: Paracetamol|High Horsepower|p2a: Goodra\n|-supereffective|p2a: Goodra\n|-damage|p2a: Goodra|86\/100\n|move|p2a: Goodra|Body Press|p1a: Paracetamol\n|-damage|p1a: Paracetamol|0 fnt\n|faint|p1a: Paracetamol\n|\n|win|Kemils\n|l| TJRaynes\n|l| Izzywooperstan\n|l|\u2606Kemils\n|l| ale cog\n|l| AJD55\n|l| bolokya\n","uploadtime":1699817146,"views":8,"p1id":"christianfinity","p2id":"kemils","formatid":"gen9vgc2023regulatione","rating":0,"private":0,"password":""}