{"id":"gen9vgc2023regulatione-1998407612","p1":"lumenessence","p2":"JabsGR","format":"[Gen 9] VGC 2023 Regulation E","log":"|j|\u2606lumenessence\n|j|\u2606JabsGR\n|n|\u2606lumenessence|lumenessence\n|n|\u2606JabsGR|jabsgr\n|html|View the match progress at <a href=\"\/game-bestof3-gen9vgc2023regulatione-1998403587\">game-bestof3-gen9vgc2023regulatione-1998403587<\/a>\n|t:|1700938906\n|gametype|doubles\n|player|p1|lumenessence|psychicf-gen4|\n|player|p2|JabsGR|veteran-gen4|\n|teamsize|p1|6\n|teamsize|p2|6\n|gen|9\n|tier|[Gen 9] VGC 2023 Regulation E\n|rule|Species Clause: Limit one of each Pok\u00e9mon\n|rule|Item Clause: Limit one of each item\n|clearpoke\n|poke|p1|Landorus, L50, M|\n|poke|p1|Iron Hands, L50|\n|poke|p1|Kilowattrel, L50, M|\n|poke|p1|Orthworm, L50, M|\n|poke|p1|Toedscruel, L50, M|\n|poke|p1|Qwilfish, L50, M|\n|poke|p2|Chandelure, L50, M|\n|poke|p2|Illumise, L50, F|\n|poke|p2|Baxcalibur, L50, F|\n|poke|p2|Rillaboom, L50, M|\n|poke|p2|Bruxish, L50, M|\n|poke|p2|Thundurus-Therian, L50, M|\n|teampreview|4\n|inactive|Battle timer is ON: inactive players will automatically lose when time's up. (requested by JabsGR)\nlumenessence rejected open team sheets.\n|inactive|lumenessence has 60 seconds left.\n|inactive|JabsGR has 60 seconds left.\n|inactive|lumenessence has 30 seconds left.\n|\n|t:|1700938972\n|start\n|switch|p1a: Toedscruel|Toedscruel, L50, M|100\/100\n|switch|p1b: Landorus|Landorus, L50, M|100\/100\n|switch|p2a: Illumise|Illumise, L50, F|100\/100\n|switch|p2b: Rillaboom|Rillaboom, L50, M|100\/100\n|-fieldstart|move: Grassy Terrain|[from] ability: Grassy Surge|[of] p2b: Rillaboom\n|turn|1\n|inactive|lumenessence has 30 seconds left.\n|inactive|lumenessence has 20 seconds left.\n|inactive|lumenessence has 15 seconds left.\n|\n|t:|1700939017\n|move|p2a: Illumise|Tailwind|p2a: Illumise\n|-sidestart|p2: JabsGR|move: Tailwind\n|move|p2b: Rillaboom|Wood Hammer|p1b: Landorus\n|-damage|p1b: Landorus|2\/100\n|-damage|p2b: Rillaboom|70\/100|[from] Recoil\n|move|p1b: Landorus|U-turn|p2b: Rillaboom\n|-supereffective|p2b: Rillaboom\n|-damage|p2b: Rillaboom|16\/100\n|\n|t:|1700939025\n|switch|p1b: Iron Hands|Iron Hands, L50|100\/100|[from] U-turn\n|move|p1a: Toedscruel|Trick Room|p1a: Toedscruel\n|-fieldstart|move: Trick Room|[of] p1a: Toedscruel\n|\n|-heal|p2b: Rillaboom|22\/100|[from] Grassy Terrain\n|upkeep\n|turn|2\n|inactive|lumenessence has 30 seconds left.\n|inactive|JabsGR has 30 seconds left.\n|\n|t:|1700939053\n|-terastallize|p1b: Iron Hands|Grass\n|move|p2a: Illumise|Encore|p1a: Toedscruel\n|-start|p1a: Toedscruel|Encore\n|-enditem|p1a: Toedscruel|Mental Herb\n|-end|p1a: Toedscruel|Encore\n|move|p1b: Iron Hands|Drain Punch|p2b: Rillaboom\n|-damage|p2b: Rillaboom|0 fnt\n|faint|p2b: Rillaboom\n|move|p1a: Toedscruel|Foul Play|p2a: Illumise\n|-damage|p2a: Illumise|89\/100\n|\n|-heal|p2a: Illumise|95\/100|[from] Grassy Terrain\n|upkeep\n|\n|t:|1700939066\n|switch|p2b: Chandelure|Chandelure, L50, M|100\/100\n|-item|p2b: Chandelure|Air Balloon\n|turn|3\n|inactive|lumenessence has 30 seconds left.\n|\n|t:|1700939092\n|-terastallize|p2b: Chandelure|Grass\n|move|p1a: Toedscruel|Rage Powder|p1a: Toedscruel\n|-singleturn|p1a: Toedscruel|move: Rage Powder\n|move|p2a: Illumise|Encore|p1a: Toedscruel\n|-start|p1a: Toedscruel|Encore\n|move|p1b: Iron Hands|Earthquake|p2a: Illumise|[spread] p1a,p2a\n|-immune|p2b: Chandelure\n|-resisted|p1a: Toedscruel\n|-resisted|p2a: Illumise\n|-damage|p1a: Toedscruel|94\/100\n|-damage|p2a: Illumise|86\/100\n|move|p2b: Chandelure|Heat Wave|p1a: Toedscruel|[spread] p1a,p1b\n|-supereffective|p1a: Toedscruel\n|-supereffective|p1b: Iron Hands\n|-damage|p1a: Toedscruel|22\/100\n|-damage|p1b: Iron Hands|53\/100\n|-status|p1a: Toedscruel|brn\n|\n|-heal|p1b: Iron Hands|59\/100|[from] Grassy Terrain\n|-heal|p1a: Toedscruel|28\/100 brn|[from] Grassy Terrain\n|-heal|p2a: Illumise|92\/100|[from] Grassy Terrain\n|-damage|p1a: Toedscruel|22\/100 brn|[from] brn\n|upkeep\n|turn|4\n|\n|t:|1700939114\n|-end|p1b: Iron Hands|Quark Drive|[silent]\n|switch|p1b: Landorus|Landorus, L50, M|2\/100\n|move|p1a: Toedscruel|Rage Powder|p1a: Toedscruel\n|-singleturn|p1a: Toedscruel|move: Rage Powder\n|move|p2a: Illumise|Sunny Day|p2a: Illumise\n|-weather|SunnyDay\n|move|p2b: Chandelure|Heat Wave|p1a: Toedscruel|[spread] p1b\n|-miss|p2b: Chandelure|p1a: Toedscruel\n|-damage|p1b: Landorus|0 fnt\n|faint|p1b: Landorus\n|\n|-weather|SunnyDay|[upkeep]\n|-heal|p1a: Toedscruel|28\/100 brn|[from] Grassy Terrain\n|-heal|p2a: Illumise|98\/100|[from] Grassy Terrain\n|-damage|p1a: Toedscruel|22\/100 brn|[from] brn\n|-sideend|p2: JabsGR|move: Tailwind\n|upkeep\n|\n|t:|1700939123\n|switch|p1b: Iron Hands|Iron Hands, L50, tera:Grass|59\/100\n|turn|5\n|\n|t:|1700939130\n|move|p1b: Iron Hands|Fake Out|p2b: Chandelure\n|-damage|p2b: Chandelure|77\/100\n|-enditem|p2b: Chandelure|Air Balloon\n|move|p1a: Toedscruel|Rage Powder|p1a: Toedscruel\n|-singleturn|p1a: Toedscruel|move: Rage Powder\n|move|p2a: Illumise|Struggle Bug|p1a: Toedscruel|[spread] p1a,p1b\n|-supereffective|p1a: Toedscruel\n|-supereffective|p1b: Iron Hands\n|-damage|p1a: Toedscruel|5\/100 brn\n|-damage|p1b: Iron Hands|49\/100\n|-unboost|p1a: Toedscruel|spa|1\n|-unboost|p1b: Iron Hands|spa|1\n|cant|p2b: Chandelure|flinch\n|\n|-weather|SunnyDay|[upkeep]\n|-heal|p1b: Iron Hands|55\/100|[from] Grassy Terrain\n|-heal|p1a: Toedscruel|11\/100 brn|[from] Grassy Terrain\n|-heal|p2a: Illumise|100\/100|[from] Grassy Terrain\n|-heal|p2b: Chandelure|83\/100|[from] Grassy Terrain\n|-damage|p1a: Toedscruel|5\/100 brn|[from] brn\n|-fieldend|move: Trick Room\n|-fieldend|move: Grassy Terrain\n|upkeep\n|turn|6\n|inactive|JabsGR has 30 seconds left.\n|\n|t:|1700939158\n|move|p1a: Toedscruel|Rage Powder|p1a: Toedscruel\n|-singleturn|p1a: Toedscruel|move: Rage Powder\n|move|p2b: Chandelure|Heat Wave|p1a: Toedscruel|[spread] p1a,p1b\n|-supereffective|p1a: Toedscruel\n|-supereffective|p1b: Iron Hands\n|-damage|p1a: Toedscruel|0 fnt\n|-damage|p1b: Iron Hands|0 fnt\n|faint|p1a: Toedscruel\n|faint|p1b: Iron Hands\n|-end|p1b: Iron Hands|Quark Drive|[silent]\n|move|p2a: Illumise|Struggle Bug|p1: Toedscruel|[notarget]\n|-fail|p2a: Illumise\n|\n|-weather|SunnyDay|[upkeep]\n|upkeep\n|\n|t:|1700939164\n|switch|p1b: Orthworm|Orthworm, L50, M|100\/100\n|turn|7\n|c|\u2606lumenessence|gg\n|c|\u2606lumenessence|s\n|\n|t:|1700939172\n|move|p2a: Illumise|Tailwind|p2a: Illumise\n|-sidestart|p2: JabsGR|move: Tailwind\n|move|p2b: Chandelure|Flamethrower|p1b: Orthworm\n|-supereffective|p1b: Orthworm\n|-damage|p1b: Orthworm|0 fnt\n|faint|p1b: Orthworm\n|\n|win|JabsGR\n|c|\u2606JabsGR|gg\n|l|\u2606lumenessence\n","uploadtime":1700939181,"views":31,"p1id":"lumenessence","p2id":"jabsgr","formatid":"gen9vgc2023regulatione","rating":0,"private":0,"password":""}