{"id":"gen9vgc2023regulatione-1993317786","p1":"BlindMagneton","p2":"vivixification","format":"[Gen 9] VGC 2023 Regulation E","log":"|j|\u2606BlindMagneton\n|j|\u2606vivixification\n|t:|1700297095\n|gametype|doubles\n|player|p1|BlindMagneton|wattson|1442\n|player|p2|vivixification|dragontamer-gen9|1439\n|teamsize|p1|6\n|teamsize|p2|6\n|gen|9\n|tier|[Gen 9] VGC 2023 Regulation E\n|rated|\n|rule|Species Clause: Limit one of each Pok\u00e9mon\n|rule|Item Clause: Limit one of each item\n|clearpoke\n|poke|p1|Mandibuzz, L50, F|\n|poke|p1|Ninetales-Alola, L50, M|\n|poke|p1|Magnezone, L50|\n|poke|p1|Flamigo, L50, F|\n|poke|p1|Farigiraf, L50, M|\n|poke|p1|Annihilape, L50, F|\n|poke|p2|Tornadus, L50, M|\n|poke|p2|Ogerpon-Hearthflame, L50, F|\n|poke|p2|Landorus-Therian, L50, M|\n|poke|p2|Flutter Mane, L50|\n|poke|p2|Iron Hands, L50|\n|poke|p2|Chien-Pao, L50|\n|teampreview|4\n|inactive|Battle timer is ON: inactive players will automatically lose when time's up. (requested by vivixification)\n|inactive|BlindMagneton has 60 seconds left.\n|inactive|vivixification has 60 seconds left.\n|inactive|vivixification has 30 seconds left.\n|\n|t:|1700297159\n|start\n|switch|p1a: Mandibuzz|Mandibuzz, L50, F|100\/100\n|switch|p1b: Ninetales|Ninetales-Alola, L50, M|100\/100\n|switch|p2a: Landorus|Landorus-Therian, L50, M|100\/100\n|switch|p2b: Flutter Mane|Flutter Mane, L50|100\/100\n|-ability|p2a: Landorus|Intimidate|boost\n|-unboost|p1a: Mandibuzz|atk|1\n|-unboost|p1b: Ninetales|atk|1\n|-weather|Snow|[from] ability: Snow Warning|[of] p1b: Ninetales\n|turn|1\n|\n|t:|1700297183\n|move|p1b: Ninetales|Protect|p1b: Ninetales\n|-singleturn|p1b: Ninetales|Protect\n|move|p1a: Mandibuzz|Protect|p1a: Mandibuzz\n|-singleturn|p1a: Mandibuzz|Protect\n|move|p2a: Landorus|Rock Slide|p1a: Mandibuzz|[spread] \n|-activate|p1a: Mandibuzz|move: Protect\n|-activate|p1b: Ninetales|move: Protect\n|move|p2b: Flutter Mane|Moonblast|p1b: Ninetales\n|-activate|p1b: Ninetales|move: Protect\n|\n|-weather|Snow|[upkeep]\n|upkeep\n|turn|2\n|\n|t:|1700297198\n|-terastallize|p1a: Mandibuzz|Ground\n|move|p1b: Ninetales|Ice Shard|p1a: Mandibuzz\n|-supereffective|p1a: Mandibuzz\n|-damage|p1a: Mandibuzz|88\/100\n|-ability|p1a: Mandibuzz|Weak Armor|boost\n|-unboost|p1a: Mandibuzz|def|1\n|-boost|p1a: Mandibuzz|spe|2\n|-enditem|p1a: Mandibuzz|Weakness Policy\n|-boost|p1a: Mandibuzz|atk|2|[from] item: Weakness Policy\n|-boost|p1a: Mandibuzz|spa|2|[from] item: Weakness Policy\n|move|p1a: Mandibuzz|Lash Out|p2b: Flutter Mane\n|-damage|p2b: Flutter Mane|0 fnt\n|faint|p2b: Flutter Mane\n|-end|p2b: Flutter Mane|Protosynthesis|[silent]\n|move|p2a: Landorus|Rock Slide|p1b: Ninetales|[spread] p1a\n|-miss|p2a: Landorus|p1b: Ninetales\n|-resisted|p1a: Mandibuzz\n|-damage|p1a: Mandibuzz|73\/100\n|-ability|p1a: Mandibuzz|Weak Armor|boost\n|-unboost|p1a: Mandibuzz|def|1\n|-boost|p1a: Mandibuzz|spe|2\n|\n|-weather|Snow|[upkeep]\n|upkeep\n|inactive|vivixification has 30 seconds left.\n|\n|t:|1700297231\n|switch|p2b: Ogerpon|Ogerpon-Hearthflame, L50, F|100\/100\n|-ability|p2b: Ogerpon|Mold Breaker\n|turn|3\n|inactive|BlindMagneton has 30 seconds left.\n|inactive|vivixification has 30 seconds left.\n|inactive|BlindMagneton has 20 seconds left.\n|inactive|BlindMagneton has 15 seconds left.\n|\n|t:|1700297274\n|switch|p2a: Iron Hands|Iron Hands, L50, shiny|100\/100\n|switch|p1b: Flamigo|Flamigo, L50, F|100\/100\n|-copyboost|p1b: Flamigo|p1a: Mandibuzz|[from] ability: Costar\n|-terastallize|p2b: Ogerpon|Fire\n|detailschange|p2b: Ogerpon|Ogerpon-Hearthflame-Tera, L50, F, tera:Fire\n|-ability|p2b: Ogerpon|Embody Aspect (Hearthflame)|boost\n|-boost|p2b: Ogerpon|atk|1\n|move|p1a: Mandibuzz|Protect|p1a: Mandibuzz\n|-singleturn|p1a: Mandibuzz|Protect\n|move|p2b: Ogerpon|Ivy Cudgel|p1a: Mandibuzz|[anim] Ivy Cudgel Fire\n|-activate|p1a: Mandibuzz|move: Protect\n|\n|-weather|Snow|[upkeep]\n|upkeep\n|turn|4\n|inactive|BlindMagneton has 30 seconds left.\n|inactive|BlindMagneton has 20 seconds left.\n|inactive|BlindMagneton has 15 seconds left.\n|inactive|vivixification has 30 seconds left.\n|\n|t:|1700297319\n|move|p2b: Ogerpon|Spiky Shield|p2b: Ogerpon\n|-singleturn|p2b: Ogerpon|move: Protect\n|move|p1b: Flamigo|Brave Bird|p2b: Ogerpon\n|-activate|p2b: Ogerpon|move: Protect\n|-damage|p1b: Flamigo|88\/100|[from] Spiky Shield|[of] p2b: Ogerpon\n|move|p1a: Mandibuzz|Bone Rush|p2a: Iron Hands\n|-supereffective|p2a: Iron Hands\n|-damage|p2a: Iron Hands|80\/100\n|-supereffective|p2a: Iron Hands\n|-damage|p2a: Iron Hands|59\/100\n|-supereffective|p2a: Iron Hands\n|-damage|p2a: Iron Hands|39\/100\n|-hitcount|p2a: Iron Hands|3\n|move|p2a: Iron Hands|Drain Punch|p1a: Mandibuzz\n|-damage|p1a: Mandibuzz|0 fnt\n|-heal|p2a: Iron Hands|67\/100|[from] drain|[of] p1a: Mandibuzz\n|faint|p1a: Mandibuzz\n|\n|-weather|Snow|[upkeep]\n|upkeep\n|\n|t:|1700297337\n|switch|p1a: Ninetales|Ninetales-Alola, L50, M|100\/100\n|turn|5\n|inactive|BlindMagneton has 30 seconds left.\n|inactive|BlindMagneton has 20 seconds left.\n|inactive|BlindMagneton has 15 seconds left.\n|inactive|BlindMagneton has 10 seconds left.\n|inactive|BlindMagneton has 5 seconds left.\n|\n|t:|1700297391\n|switch|p2b: Landorus|Landorus-Therian, L50, M|100\/100\n|-ability|p2b: Landorus|Intimidate|boost\n|-unboost|p1a: Ninetales|atk|1\n|-fail|p1b: Flamigo|unboost|[from] item: Clear Amulet|[of] p1b: Flamigo\n|move|p1b: Flamigo|Brave Bird|p2a: Iron Hands\n|-damage|p2a: Iron Hands|8\/100\n|-damage|p1b: Flamigo|58\/100|[from] Recoil\n|move|p1a: Ninetales|Blizzard|p2a: Iron Hands|[spread] p2a,p2b\n|-supereffective|p2b: Landorus\n|-damage|p2a: Iron Hands|0 fnt\n|-damage|p2b: Landorus|0 fnt\n|faint|p2a: Iron Hands\n|-end|p2a: Iron Hands|Quark Drive|[silent]\n|faint|p2b: Landorus\n|\n|-weather|none\n|upkeep\n|\n|t:|1700297404\n|switch|p2a: Ogerpon|Ogerpon-Hearthflame-Tera, L50, F, tera:Fire|100\/100\n|-ability|p2a: Ogerpon|Embody Aspect (Hearthflame)|boost\n|-boost|p2a: Ogerpon|atk|1\n|turn|6\n|\n|t:|1700297417\n|move|p1b: Flamigo|Protect|p1b: Flamigo\n|-singleturn|p1b: Flamigo|Protect\n|move|p1a: Ninetales|Ice Shard|p2a: Ogerpon\n|-resisted|p2a: Ogerpon\n|-damage|p2a: Ogerpon|96\/100\n|move|p2a: Ogerpon|Ivy Cudgel|p1b: Flamigo|[anim] Ivy Cudgel Fire\n|-activate|p1b: Flamigo|move: Protect\n|\n|upkeep\n|turn|7\n|\n|t:|1700297430\n|move|p1a: Ninetales|Ice Shard|p2a: Ogerpon\n|-resisted|p2a: Ogerpon\n|-damage|p2a: Ogerpon|92\/100\n|move|p1b: Flamigo|Close Combat|p2a: Ogerpon\n|-damage|p2a: Ogerpon|0 fnt\n|-unboost|p1b: Flamigo|def|1\n|-unboost|p1b: Flamigo|spd|1\n|faint|p2a: Ogerpon\n|\n|win|BlindMagneton\n|raw|BlindMagneton's rating: 1442 &rarr; <strong>1462<\/strong><br \/>(+20 for winning)\n|raw|vivixification's rating: 1439 &rarr; <strong>1419<\/strong><br \/>(-20 for losing)\n|l|\u2606vivixification\n","uploadtime":1700297461,"views":11,"p1id":"blindmagneton","p2id":"vivixification","formatid":"gen9vgc2023regulatione","rating":1419,"private":0,"password":""}