{"id":"gen9vgc2023regulatione-1990098806","p1":"peanutbutterlaw","p2":"Vengeful potato","format":"[Gen 9] VGC 2023 Regulation E","log":"|j|\u2606peanutbutterlaw\n|j|\u2606Vengeful potato\n|t:|1699924384\n|gametype|doubles\n|player|p1|peanutbutterlaw|102|1422\n|player|p2|Vengeful potato|swimmer|1580\n|teamsize|p1|6\n|teamsize|p2|6\n|gen|9\n|tier|[Gen 9] VGC 2023 Regulation E\n|rated|\n|rule|Species Clause: Limit one of each Pok\u00e9mon\n|rule|Item Clause: Limit one of each item\n|clearpoke\n|poke|p1|Farigiraf, L50, F|\n|poke|p1|Iron Hands, L50|\n|poke|p1|Iron Bundle, L50|\n|poke|p1|Abomasnow, L50, M|\n|poke|p1|Cresselia, L50, F|\n|poke|p1|Ursaluna, L50, M|\n|poke|p2|Articuno-Galar, L50|\n|poke|p2|Maushold, L50|\n|poke|p2|Urshifu-*, L50, F|\n|poke|p2|Brute Bonnet, L50|\n|poke|p2|Armarouge, L50, F|\n|poke|p2|Regidrago, L50|\n|teampreview|4\n|\n|t:|1699924407\n|start\n|switch|p1a: Iron Bundle|Iron Bundle, L50|100\/100\n|switch|p1b: Abomasnow|Abomasnow, L50, M|100\/100\n|switch|p2a: The Rizzler\ud83d\ude31\ud83d\udcaf\ud83d\udde3\ufe0f|Articuno-Galar, L50, shiny|100\/100\n|switch|p2b: Despereaux|Maushold, L50, shiny|100\/100\n|-weather|Snow|[from] ability: Snow Warning|[of] p1b: Abomasnow\n|turn|1\n|\n|t:|1699924415\n|move|p1a: Iron Bundle|Blizzard|p2b: Despereaux|[spread] p2a,p2b\n|-supereffective|p2a: The Rizzler\ud83d\ude31\ud83d\udcaf\ud83d\udde3\ufe0f\n|-damage|p2a: The Rizzler\ud83d\ude31\ud83d\udcaf\ud83d\udde3\ufe0f|15\/100\n|-damage|p2b: Despereaux|28\/100\n|-status|p2b: Despereaux|frz\n|-curestatus|p2b: Despereaux|frz|[msg]\n|move|p2b: Despereaux|Taunt|p1b: Abomasnow\n|-start|p1b: Abomasnow|move: Taunt\n|move|p2a: The Rizzler\ud83d\ude31\ud83d\udcaf\ud83d\udde3\ufe0f|Tailwind|p2a: The Rizzler\ud83d\ude31\ud83d\udcaf\ud83d\udde3\ufe0f\n|-sidestart|p2: Vengeful potato|move: Tailwind\n|cant|p1b: Abomasnow|move: Taunt|Aurora Veil\n|\n|-weather|Snow|[upkeep]\n|upkeep\n|turn|2\n|\n|t:|1699924437\n|move|p2b: Despereaux|Super Fang|p1a: Iron Bundle\n|-damage|p1a: Iron Bundle|51\/100\n|move|p2a: The Rizzler\ud83d\ude31\ud83d\udcaf\ud83d\udde3\ufe0f|Freezing Glare|p1a: Iron Bundle\n|-damage|p1a: Iron Bundle|0 fnt\n|faint|p1a: Iron Bundle\n|-end|p1a: Iron Bundle|Quark Drive|[silent]\n|move|p1b: Abomasnow|Blizzard|p2a: The Rizzler\ud83d\ude31\ud83d\udcaf\ud83d\udde3\ufe0f|[spread] p2a,p2b\n|-supereffective|p2a: The Rizzler\ud83d\ude31\ud83d\udcaf\ud83d\udde3\ufe0f\n|-damage|p2a: The Rizzler\ud83d\ude31\ud83d\udcaf\ud83d\udde3\ufe0f|0 fnt\n|-damage|p2b: Despereaux|0 fnt\n|faint|p2a: The Rizzler\ud83d\ude31\ud83d\udcaf\ud83d\udde3\ufe0f\n|faint|p2b: Despereaux\n|\n|-weather|Snow|[upkeep]\n|upkeep\n|\n|t:|1699924447\n|switch|p1a: Cresselia|Cresselia, L50, F|100\/100\n|switch|p2b: THE DOOM SHROOM|Brute Bonnet, L50, shiny|100\/100\n|switch|p2a: Azula|Armarouge, L50, F, shiny|100\/100\n|turn|3\n|\n|t:|1699924459\n|-terastallize|p1a: Cresselia|Poison\n|move|p2a: Azula|Heat Wave|p1b: Abomasnow|[spread] p1a,p1b\n|-supereffective|p1b: Abomasnow\n|-damage|p1a: Cresselia|69\/100\n|-damage|p1b: Abomasnow|0 fnt\n|faint|p1b: Abomasnow\n|-damage|p2a: Azula|91\/100|[from] item: Life Orb\n|move|p2b: THE DOOM SHROOM|Spore|p1a: Cresselia\n|-activate|p1a: Cresselia|item: Safety Goggles|Spore\n|move|p1a: Cresselia|Trick Room|p1a: Cresselia\n|-fieldstart|move: Trick Room|[of] p1a: Cresselia\n|\n|-weather|Snow|[upkeep]\n|upkeep\n|\n|t:|1699924471\n|switch|p1b: Ursaluna|Ursaluna, L50, M|100\/100\n|turn|4\n|\n|t:|1699924488\n|move|p1b: Ursaluna|Protect|p1b: Ursaluna\n|-singleturn|p1b: Ursaluna|Protect\n|move|p1a: Cresselia|Calm Mind|p1a: Cresselia\n|-boost|p1a: Cresselia|spa|1\n|-boost|p1a: Cresselia|spd|1\n|move|p2b: THE DOOM SHROOM|Crunch|p1a: Cresselia\n|-damage|p1a: Cresselia|47\/100\n|move|p2a: Azula|Heat Wave|p1b: Ursaluna|[spread] p1a\n|-activate|p1b: Ursaluna|move: Protect\n|-damage|p1a: Cresselia|24\/100\n|-damage|p2a: Azula|82\/100|[from] item: Life Orb\n|\n|-weather|Snow|[upkeep]\n|-sideend|p2: Vengeful potato|move: Tailwind\n|-status|p1b: Ursaluna|brn|[from] item: Flame Orb\n|upkeep\n|turn|5\n|j| 5Sscreen\n|\n|t:|1699924516\n|move|p1b: Ursaluna|Facade|p2a: Azula\n|-damage|p2a: Azula|0 fnt\n|faint|p2a: Azula\n|move|p2b: THE DOOM SHROOM|Bullet Seed|p1b: Ursaluna\n|-supereffective|p1b: Ursaluna\n|-damage|p1b: Ursaluna|78\/100 brn\n|-supereffective|p1b: Ursaluna\n|-damage|p1b: Ursaluna|55\/100 brn\n|-supereffective|p1b: Ursaluna\n|-damage|p1b: Ursaluna|35\/100 brn\n|-supereffective|p1b: Ursaluna\n|-damage|p1b: Ursaluna|14\/100 brn\n|-supereffective|p1b: Ursaluna\n|-damage|p1b: Ursaluna|0 fnt\n|faint|p1b: Ursaluna\n|-hitcount|p1: Ursaluna|5\n|move|p1a: Cresselia|Lunar Blessing|p1a: Cresselia\n|-heal|p1a: Cresselia|49\/100\n|\n|-weather|none\n|upkeep\n|turn|6\n|-message|peanutbutterlaw forfeited.\n|\n|win|Vengeful potato\n|raw|peanutbutterlaw's rating: 1422 &rarr; <strong>1411<\/strong><br \/>(-11 for losing)\n|raw|Vengeful potato's rating: 1580 &rarr; <strong>1591<\/strong><br \/>(+11 for winning)\n|l|\u2606peanutbutterlaw\n|l|\u2606Vengeful potato\n","uploadtime":1699924620,"views":14,"p1id":"peanutbutterlaw","p2id":"vengefulpotato","formatid":"gen9vgc2023regulatione","rating":1411,"private":0,"password":""}