{"id":"gen9vgc2023regulatione-2000454330","p1":"miencraftLord77","p2":"KyotoDog","format":"[Gen 9] VGC 2023 Regulation E","log":"|j|\u2606miencraftLord77\n|j|\u2606KyotoDog\n|t:|1701196181\n|gametype|doubles\n|player|p1|miencraftLord77|lucas|1159\n|player|p2|KyotoDog|cyclist|1239\n|teamsize|p1|6\n|teamsize|p2|6\n|gen|9\n|tier|[Gen 9] VGC 2023 Regulation E\n|rated|\n|rule|Species Clause: Limit one of each Pok\u00e9mon\n|rule|Item Clause: Limit one of each item\n|clearpoke\n|poke|p1|Cetitan, L50, M|\n|poke|p1|Abomasnow, L50, M|\n|poke|p1|Amoonguss, L50, M|\n|poke|p1|Baxcalibur, L50, M|\n|poke|p1|Indeedee-F, L50, F|\n|poke|p1|Clefairy, L50, M|\n|poke|p2|Arcanine-Hisui, L50, M|\n|poke|p2|Flutter Mane, L50|\n|poke|p2|Urshifu-*, L50, M|\n|poke|p2|Tornadus, L50, M|\n|poke|p2|Pelipper, L50, M|\n|poke|p2|Rillaboom, L50, M|\n|teampreview|4\n|inactive|Battle timer is ON: inactive players will automatically lose when time's up. (requested by miencraftLord77)\n|\n|t:|1701196195\n|start\n|switch|p1a: Cetitan|Cetitan, L50, M|100\/100\n|switch|p1b: Clefairy|Clefairy, L50, M|100\/100\n|switch|p2a: Tornadus|Tornadus, L50, M|100\/100\n|switch|p2b: Pelipper|Pelipper, L50, M|100\/100\n|-weather|RainDance|[from] ability: Drizzle|[of] p2b: Pelipper\n|turn|1\n|inactive|miencraftLord77 has 30 seconds left.\n|inactive|KyotoDog has 30 seconds left.\n|\n|t:|1701196228\n|move|p1b: Clefairy|Follow Me|p1b: Clefairy\n|-singleturn|p1b: Clefairy|move: Follow Me\n|move|p2a: Tornadus|Taunt|p1b: Clefairy\n|-start|p1b: Clefairy|move: Taunt\n|move|p1a: Cetitan|Belly Drum|p1a: Cetitan\n|-damage|p1a: Cetitan|50\/100\n|-setboost|p1a: Cetitan|atk|6|[from] move: Belly Drum\n|-enditem|p1a: Cetitan|Sitrus Berry|[eat]\n|-heal|p1a: Cetitan|75\/100|[from] item: Sitrus Berry\n|move|p2b: Pelipper|Hurricane|p1b: Clefairy\n|-damage|p1b: Clefairy|68\/100\n|\n|-weather|RainDance|[upkeep]\n|upkeep\n|turn|2\n|inactive|KyotoDog has 30 seconds left.\n|\n|t:|1701196253\n|switch|p1b: Abomasnow|Abomasnow, L50, M|100\/100\n|-weather|Snow|[from] ability: Snow Warning|[of] p1b: Abomasnow\n|move|p1a: Cetitan|Protect|p1a: Cetitan\n|-singleturn|p1a: Cetitan|Protect\n|move|p2a: Tornadus|Bleakwind Storm|p1b: Abomasnow|[spread] p1b\n|-activate|p1a: Cetitan|move: Protect\n|-supereffective|p1b: Abomasnow\n|-damage|p1b: Abomasnow|46\/100\n|move|p2b: Pelipper|Hurricane|p1a: Cetitan\n|-activate|p1a: Cetitan|move: Protect\n|\n|-weather|Snow|[upkeep]\n|upkeep\n|turn|3\n|inactive|miencraftLord77 has 30 seconds left.\n|inactive|KyotoDog has 30 seconds left.\n|inactive|miencraftLord77 has 20 seconds left.\n|inactive|KyotoDog has 20 seconds left.\n|\n|t:|1701196289\n|move|p1a: Cetitan|Ice Shard|p2b: Pelipper\n|-damage|p2b: Pelipper|0 fnt\n|faint|p2b: Pelipper\n|move|p2a: Tornadus|Extrasensory|p1b: Abomasnow\n|-damage|p1b: Abomasnow|23\/100\n|move|p1b: Abomasnow|Aurora Veil|p1b: Abomasnow\n|-sidestart|p1: miencraftLord77|move: Aurora Veil\n|\n|-weather|Snow|[upkeep]\n|upkeep\n|\n|t:|1701196299\n|switch|p2b: Arcanine|Arcanine-Hisui, L50, M|100\/100\n|-ability|p2b: Arcanine|Intimidate|boost\n|-unboost|p1a: Cetitan|atk|1\n|-unboost|p1b: Abomasnow|atk|1\n|turn|4\n|inactive|miencraftLord77 has 30 seconds left.\n|inactive|KyotoDog has 30 seconds left.\n|inactive|miencraftLord77 has 20 seconds left.\n|inactive|miencraftLord77 has 15 seconds left.\n|inactive|miencraftLord77 has 10 seconds left.\n|inactive|miencraftLord77 has 5 seconds left.\n|\n|t:|1701196354\n|switch|p2a: Urshifu|Urshifu-Rapid-Strike, L50, M|100\/100\n|move|p1a: Cetitan|Ice Shard|p2b: Arcanine\n|-resisted|p2b: Arcanine\n|-damage|p2b: Arcanine|57\/100\n|move|p2b: Arcanine|Rock Slide|p1b: Abomasnow|[spread] p1a,p1b\n|-supereffective|p1a: Cetitan\n|-crit|p1a: Cetitan\n|-supereffective|p1b: Abomasnow\n|-damage|p1a: Cetitan|0 fnt\n|-damage|p1b: Abomasnow|0 fnt\n|faint|p1a: Cetitan\n|faint|p1b: Abomasnow\n|\n|-weather|Snow|[upkeep]\n|upkeep\n|c|\u2606miencraftLord77|tf\n|c|\u2606miencraftLord77|my time fialed\n|c|\u2606miencraftLord77|bruhhh\n|\n|t:|1701196371\n|switch|p1a: Baxcalibur|Baxcalibur, L50, M|100\/100\n|switch|p1b: Clefairy|Clefairy, L50, M|68\/100\n|turn|5\n|-message|miencraftLord77 forfeited.\n|\n|win|KyotoDog\n|raw|miencraftLord77's rating: 1159 &rarr; <strong>1140<\/strong><br \/>(-19 for losing)\n|raw|KyotoDog's rating: 1239 &rarr; <strong>1258<\/strong><br \/>(+19 for winning)\n|c|\u2606miencraftLord77|such a lame way to lose\n|c|\u2606miencraftLord77|ggs\n","uploadtime":1701196380,"views":6,"p1id":"miencraftlord77","p2id":"kyotodog","formatid":"gen9vgc2023regulatione","rating":1140,"private":0,"password":""}