{"id":"gen9vgc2023regulatione-1989324697","p1":"paranguaricutiri","p2":"PrettyNormal","format":"[Gen 9] VGC 2023 Regulation E","log":"|j|\u2606paranguaricutiri\n|j|\u2606PrettyNormal\n|n|\u2606paranguaricutiri|paranguaricutiri\n|n|\u2606PrettyNormal|prettynormal\n|html|View the match progress at <a href=\"\/game-bestof3-gen9vgc2023regulatione-1989324696\">game-bestof3-gen9vgc2023regulatione-1989324696<\/a>\n|t:|1699836496\n|gametype|doubles\n|player|p1|paranguaricutiri|169|\n|player|p2|PrettyNormal|maid|\n|teamsize|p1|6\n|teamsize|p2|6\n|gen|9\n|tier|[Gen 9] VGC 2023 Regulation E\n|rule|Species Clause: Limit one of each Pok\u00e9mon\n|rule|Item Clause: Limit one of each item\n|clearpoke\n|poke|p1|Sandy Shocks, L50|\n|poke|p1|Ceruledge, L50, F|\n|poke|p1|Empoleon, L50, M|\n|poke|p1|Flamigo, L50, F|\n|poke|p1|Krookodile, L50, M|\n|poke|p1|Meowscarada, L50, F|\n|poke|p2|Swanna, L50, M|\n|poke|p2|Illumise, L50, F|\n|poke|p2|Dipplin, L50, F|\n|poke|p2|Mienshao, L50, M|\n|poke|p2|Scizor, L50, F|\n|poke|p2|Milotic, L50, F|\n|teampreview|4\nPrettyNormal rejected open team sheets.\n|j| zfxvxdfxdg\n|c|\u2606paranguaricutiri|<3\n|\n|t:|1699836565\n|start\n|switch|p1a: Meowscarada|Meowscarada, L50, F|100\/100\n|switch|p1b: Krookodile|Krookodile, L50, M|100\/100\n|switch|p2a: Swanna|Swanna, L50, M|100\/100\n|switch|p2b: Illumise|Illumise, L50, F|100\/100\n|turn|1\n|\n|t:|1699836586\n|-terastallize|p2a: Swanna|Flying\n|move|p2b: Illumise|Rain Dance|p2b: Illumise\n|-weather|RainDance\n|move|p2a: Swanna|Hurricane|p1b: Krookodile\n|-damage|p1b: Krookodile|24\/100\n|move|p1b: Krookodile|Rock Slide|p2b: Illumise|[spread] p2a\n|-miss|p1b: Krookodile|p2b: Illumise\n|-supereffective|p2a: Swanna\n|-damage|p2a: Swanna|39\/100\n|move|p1a: Meowscarada|Trick|p2a: Swanna\n|-activate|p1a: Meowscarada|move: Trick|[of] p2a: Swanna\n|-item|p2a: Swanna|Toxic Orb|[from] move: Trick\n|-item|p1a: Meowscarada|Choice Scarf|[from] move: Trick\n|\n|-weather|RainDance|[upkeep]\n|-status|p2a: Swanna|tox|[from] item: Toxic Orb\n|upkeep\n|turn|2\n|\n|t:|1699836639\n|move|p2b: Illumise|Tailwind|p2b: Illumise\n|-sidestart|p2: PrettyNormal|move: Tailwind\n|move|p2a: Swanna|Flip Turn|p1b: Krookodile\n|-supereffective|p1b: Krookodile\n|-damage|p1b: Krookodile|0 fnt\n|faint|p1b: Krookodile\n|\n|t:|1699836646\n|switch|p2a: Mienshao|Mienshao, L50, M|100\/100|[from] Flip Turn\n|move|p1a: Meowscarada|Knock Off|p2a: Mienshao\n|-resisted|p2a: Mienshao\n|-damage|p2a: Mienshao|58\/100\n|-enditem|p2a: Mienshao|Power Herb|[from] move: Knock Off|[of] p1a: Meowscarada\n|\n|-weather|RainDance|[upkeep]\n|upkeep\n|\n|t:|1699836661\n|switch|p1b: Sandy Shocks|Sandy Shocks, L50|100\/100\n|turn|3\n|\n|t:|1699836697\n|-terastallize|p1b: Sandy Shocks|Electric\n|move|p2a: Mienshao|Protect|p2a: Mienshao\n|-singleturn|p2a: Mienshao|Protect\n|move|p1a: Meowscarada|Knock Off|p2b: Illumise\n|-damage|p2b: Illumise|37\/100\n|-enditem|p2b: Illumise|Focus Sash|[from] move: Knock Off|[of] p1a: Meowscarada\n|move|p2b: Illumise|Bug Buzz|p1a: Meowscarada\n|-supereffective|p1a: Meowscarada\n|-damage|p1a: Meowscarada|0 fnt\n|faint|p1a: Meowscarada\n|move|p1b: Sandy Shocks|Thunderbolt|p2a: Mienshao\n|-activate|p2a: Mienshao|move: Protect\n|\n|-weather|RainDance|[upkeep]\n|upkeep\n|c|\u2606paranguaricutiri|bruh\n|\n|t:|1699836708\n|switch|p1a: Flamigo|Flamigo, L50, F|100\/100\n|-copyboost|p1a: Flamigo|p1b: Sandy Shocks|[from] ability: Costar\n|turn|4\n|\n|t:|1699836728\n|move|p2a: Mienshao|Bounce||[still]\n|-prepare|p2a: Mienshao|Bounce\n|move|p2b: Illumise|Bug Buzz|p1b: Sandy Shocks\n|-damage|p1b: Sandy Shocks|68\/100\n|-unboost|p1b: Sandy Shocks|spd|1\n|move|p1b: Sandy Shocks|Thunderbolt|p2a: Mienshao|[miss]\n|-miss|p1b: Sandy Shocks|p2a: Mienshao\n|move|p1a: Flamigo|Dual Wingbeat|p2b: Illumise|[miss]\n|-miss|p1a: Flamigo|p2b: Illumise\n|\n|-weather|RainDance|[upkeep]\n|upkeep\n|turn|5\n|\n|t:|1699836751\n|switch|p2b: Swanna|Swanna, L50, M, tera:Flying|39\/100 tox\n|move|p1a: Flamigo|Detect|p1a: Flamigo\n|-singleturn|p1a: Flamigo|Protect\n|move|p2a: Mienshao|Bounce|p1a: Flamigo|[from]lockedmove\n|-activate|p1a: Flamigo|move: Protect\n|move|p1b: Sandy Shocks|Thunderbolt|p2a: Mienshao\n|-damage|p2a: Mienshao|0 fnt\n|faint|p2a: Mienshao\n|\n|-weather|none\n|-damage|p2b: Swanna|33\/100 tox|[from] psn\n|-sideend|p2: PrettyNormal|move: Tailwind\n|upkeep\n|\n|t:|1699836763\n|switch|p2a: Illumise|Illumise, L50, F|37\/100\n|turn|6\n|\n|t:|1699836804\n|move|p2a: Illumise|Tailwind|p2a: Illumise\n|-sidestart|p2: PrettyNormal|move: Tailwind\n|move|p2b: Swanna|Flip Turn|p1b: Sandy Shocks\n|-damage|p1b: Sandy Shocks|47\/100\n|\n|t:|1699836808\n|switch|p2b: Scizor|Scizor, L50, F|100\/100|[from] Flip Turn\n|move|p1b: Sandy Shocks|Thunderbolt|p2b: Scizor\n|-damage|p2b: Scizor|25\/100\n|-status|p2b: Scizor|par\n|move|p1a: Flamigo|Dual Wingbeat|p2a: Illumise\n|-supereffective|p2a: Illumise\n|-damage|p2a: Illumise|0 fnt\n|faint|p2a: Illumise\n|-hitcount|p2: Illumise|1\n|\n|upkeep\n|\n|t:|1699836819\n|switch|p2a: Swanna|Swanna, L50, M, tera:Flying|33\/100 tox\n|turn|7\n|\n|t:|1699836855\n|cant|p2b: Scizor|par\n|move|p2a: Swanna|Ice Beam|p1b: Sandy Shocks\n|-damage|p1b: Sandy Shocks|2\/100\n|move|p1b: Sandy Shocks|Thunderbolt|p2a: Swanna\n|-supereffective|p2a: Swanna\n|-damage|p2a: Swanna|0 fnt\n|faint|p2a: Swanna\n|move|p1a: Flamigo|Close Combat|p2b: Scizor\n|-damage|p2b: Scizor|0 fnt\n|-unboost|p1a: Flamigo|def|1\n|-unboost|p1a: Flamigo|spd|1\n|faint|p2b: Scizor\n|\n|win|paranguaricutiri\n|c|\u2606paranguaricutiri|yipee\n|inactive|paranguaricutiri has 50 seconds to confirm battle start!\n|inactive|PrettyNormal has 50 seconds to confirm battle start!\n|c|&|\/uhtml prompt-paranguaricutiri,paranguaricutiri is ready for game 2!\n|c|&|\/uhtml prompt-prettynormal,PrettyNormal is ready for game 2!\nBoth players are ready! Starting next match!\n|l| zfxvxdfxdg\n","uploadtime":1699837249,"views":35,"p1id":"paranguaricutiri","p2id":"prettynormal","formatid":"gen9vgc2023regulatione","rating":0,"private":0,"password":""}