{"id":"gen9vgc2023regulatione-1988765195","p1":"RandoOnShowdown","p2":"Spler","format":"[Gen 9] VGC 2023 Regulation E","log":"|j|\u2606RandoOnShowdown\n|j|\u2606Spler\n|t:|1699760239\n|gametype|doubles\n|player|p1|RandoOnShowdown|fantina|1373\n|player|p2|Spler|1|1434\n|teamsize|p1|6\n|teamsize|p2|6\n|gen|9\n|tier|[Gen 9] VGC 2023 Regulation E\n|rated|\n|rule|Species Clause: Limit one of each Pok\u00e9mon\n|rule|Item Clause: Limit one of each item\n|clearpoke\n|poke|p1|Chien-Pao, L50|\n|poke|p1|Arcanine-Hisui, L50, M|\n|poke|p1|Urshifu-*, L50, M|\n|poke|p1|Rillaboom, L50, M|\n|poke|p1|Gholdengo, L50|\n|poke|p1|Tornadus, L50, M|\n|poke|p2|Volbeat, L50, M|\n|poke|p2|Flutter Mane, L50|\n|poke|p2|Ogerpon-Wellspring, L50, F|\n|poke|p2|Landorus-Therian, L50, M|\n|poke|p2|Chi-Yu, L50|\n|poke|p2|Iron Hands, L50|\n|teampreview|4\n|inactive|Battle timer is ON: inactive players will automatically lose when time's up. (requested by RandoOnShowdown)\n|inactive|Spler has 60 seconds left.\n|\n|t:|1699760305\n|start\n|switch|p1a: Urshifu|Urshifu-Rapid-Strike, L50, M|100\/100\n|switch|p1b: Tornadus|Tornadus, L50, M|100\/100\n|switch|p2a: Volbeat|Volbeat, L50, M|100\/100\n|switch|p2b: Ogerpon|Ogerpon-Wellspring, L50, F|100\/100\n|turn|1\n|inactive|Spler has 30 seconds left.\n|\n|t:|1699760334\n|-terastallize|p2b: Ogerpon|Water\n|detailschange|p2b: Ogerpon|Ogerpon-Wellspring-Tera, L50, F, tera:Water\n|-ability|p2b: Ogerpon|Embody Aspect (Wellspring)|boost\n|-boost|p2b: Ogerpon|spd|1\n|move|p2a: Volbeat|Tailwind|p2a: Volbeat\n|-sidestart|p2: Spler|move: Tailwind\n|move|p2b: Ogerpon|Ivy Cudgel|p1b: Tornadus\n|-damage|p1b: Tornadus|0 fnt\n|faint|p1b: Tornadus\n|move|p1a: Urshifu|U-turn|p2b: Ogerpon\n|-damage|p2b: Ogerpon|72\/100\n|\n|t:|1699760354\n|switch|p1a: Rillaboom|Rillaboom, L50, M|100\/100|[from] U-turn\n|-fieldstart|move: Grassy Terrain|[from] ability: Grassy Surge|[of] p1a: Rillaboom\n|\n|-heal|p2b: Ogerpon|78\/100|[from] Grassy Terrain\n|upkeep\n|\n|t:|1699760362\n|switch|p1b: Gholdengo|Gholdengo, L50|100\/100\n|turn|2\n|\n|t:|1699760383\n|switch|p2b: Landorus|Landorus-Therian, L50, M|100\/100\n|-ability|p2b: Landorus|Intimidate|boost\n|-unboost|p1a: Rillaboom|atk|1\n|-unboost|p1b: Gholdengo|atk|1\n|-terastallize|p1b: Gholdengo|Dragon\n|move|p1a: Rillaboom|Fake Out|p2b: Landorus\n|-damage|p2b: Landorus|91\/100\n|move|p2a: Volbeat|Thunder Wave|p1a: Rillaboom\n|-status|p1a: Rillaboom|par\n|move|p1b: Gholdengo|Nasty Plot|p1b: Gholdengo\n|-boost|p1b: Gholdengo|spa|2\n|\n|upkeep\n|turn|3\n|\n|t:|1699760405\n|move|p2a: Volbeat|Encore|p1a: Rillaboom\n|-start|p1a: Rillaboom|Encore\n|move|p2b: Landorus|Stomping Tantrum|p1b: Gholdengo\n|-damage|p1b: Gholdengo|54\/100\n|move|p1b: Gholdengo|Nasty Plot|p1b: Gholdengo\n|-boost|p1b: Gholdengo|spa|2\n|move|p1a: Rillaboom|Fake Out||[still]\n|-hint|Fake Out only works on your first turn out.\n|-fail|p1a: Rillaboom\n|\n|-heal|p1b: Gholdengo|61\/100|[from] Grassy Terrain\n|-heal|p1b: Gholdengo|67\/100|[from] item: Leftovers\n|upkeep\n|turn|4\n|\n|t:|1699760427\n|switch|p1a: Urshifu|Urshifu-Rapid-Strike, L50, M|100\/100\n|move|p2b: Landorus|Stomping Tantrum|p1b: Gholdengo\n|-damage|p1b: Gholdengo|20\/100\n|move|p2a: Volbeat|Lunge|p1a: Urshifu\n|-resisted|p1a: Urshifu\n|-damage|p1a: Urshifu|90\/100\n|-unboost|p1a: Urshifu|atk|1\n|move|p1b: Gholdengo|Shadow Ball|p2b: Landorus\n|-damage|p2b: Landorus|0 fnt\n|faint|p2b: Landorus\n|\n|-heal|p1a: Urshifu|97\/100|[from] Grassy Terrain\n|-heal|p1b: Gholdengo|27\/100|[from] Grassy Terrain\n|-heal|p1b: Gholdengo|33\/100|[from] item: Leftovers\n|-sideend|p2: Spler|move: Tailwind\n|upkeep\n|inactive|Spler has 30 seconds left.\n|\n|t:|1699760453\n|switch|p2b: Flutter Mane|Flutter Mane, L50|100\/100\n|turn|5\n|\n|t:|1699760470\n|move|p2a: Volbeat|Tailwind|p2a: Volbeat\n|-sidestart|p2: Spler|move: Tailwind\n|move|p2b: Flutter Mane|Dazzling Gleam|p1b: Gholdengo|[spread] p1a,p1b\n|-supereffective|p1a: Urshifu\n|-supereffective|p1b: Gholdengo\n|-damage|p1a: Urshifu|0 fnt\n|-damage|p1b: Gholdengo|0 fnt\n|faint|p1a: Urshifu\n|faint|p1b: Gholdengo\n|\n|-fieldend|move: Grassy Terrain\n|upkeep\n|-message|RandoOnShowdown forfeited.\n|\n|win|Spler\n|raw|RandoOnShowdown's rating: 1373 &rarr; <strong>1355<\/strong><br \/>(-18 for losing)\n|raw|Spler's rating: 1415 &rarr; <strong>1433<\/strong><br \/>(+18 for winning)\n|l|\u2606RandoOnShowdown\n","uploadtime":1699760487,"views":12,"p1id":"randoonshowdown","p2id":"spler","formatid":"gen9vgc2023regulatione","rating":1355,"private":0,"password":""}