{"id":"gen9vgc2023regulatione-2000063175","p1":"pedroamtz","p2":"NoahDaGr81","format":"[Gen 9] VGC 2023 Regulation E","log":"|j|\u2606pedroamtz\n|j|\u2606NoahDaGr81\n|t:|1701148192\n|gametype|doubles\n|player|p1|pedroamtz|chili|1088\n|player|p2|NoahDaGr81|pokemonbreeder|1043\n|teamsize|p1|6\n|teamsize|p2|6\n|gen|9\n|tier|[Gen 9] VGC 2023 Regulation E\n|rated|\n|rule|Species Clause: Limit one of each Pok\u00e9mon\n|rule|Item Clause: Limit one of each item\n|clearpoke\n|poke|p1|Ting-Lu, L50|\n|poke|p1|Amoonguss, L50, F|\n|poke|p1|Arcanine, L50, F|\n|poke|p1|Gothitelle, L50, F|\n|poke|p1|Baxcalibur, L50, F|\n|poke|p1|Scream Tail, L50|\n|poke|p2|Urshifu-*, L50, M|\n|poke|p2|Meowscarada, L50, M|\n|poke|p2|Flutter Mane, L50|\n|poke|p2|Chi-Yu, L50|\n|poke|p2|Ninetales, L50, M|\n|poke|p2|Tornadus, L50, M|\n|teampreview|4\n|\n|t:|1701148226\n|start\n|switch|p1a: Baxcalibur|Baxcalibur, L50, F|100\/100\n|switch|p1b: Arcanine|Arcanine, L50, F|100\/100\n|switch|p2a: Meowscarada|Meowscarada, L50, M|100\/100\n|switch|p2b: Mercurius|Chi-Yu, L50|100\/100\n|-ability|p2b: Mercurius|Beads of Ruin\n|-ability|p1b: Arcanine|Intimidate|boost\n|-unboost|p2a: Meowscarada|atk|1\n|-unboost|p2b: Mercurius|atk|1\n|turn|1\n|\n|t:|1701148256\n|-terastallize|p2b: Mercurius|Fire\n|-terastallize|p1a: Baxcalibur|Poison\n|move|p2a: Meowscarada|Skill Swap|p1b: Arcanine\n|-start|p2a: Meowscarada|typechange|Psychic|[from] ability: Protean\n|-activate|p2a: Meowscarada|move: Skill Swap|Intimidate|Protean|[of] p1b: Arcanine\n|-ability|p2a: Meowscarada|Intimidate|boost\n|-unboost|p1a: Baxcalibur|atk|1\n|-unboost|p1b: Arcanine|atk|1\n|move|p2b: Mercurius|Heat Wave|p1a: Baxcalibur|[spread] p1a,p1b\n|-crit|p1a: Baxcalibur\n|-resisted|p1b: Arcanine\n|-damage|p1a: Baxcalibur|0 fnt\n|-damage|p1b: Arcanine|62\/100\n|faint|p1a: Baxcalibur\n|move|p1b: Arcanine|Will-O-Wisp|p2a: Meowscarada\n|-status|p2a: Meowscarada|brn\n|\n|-damage|p2a: Meowscarada|95\/100 brn|[from] brn\n|upkeep\n|\n|t:|1701148265\n|switch|p1a: Scream Tail|Scream Tail, L50|100\/100\n|-enditem|p1a: Scream Tail|Booster Energy\n|-activate|p1a: Scream Tail|ability: Protosynthesis|[fromitem]\n|-start|p1a: Scream Tail|protosynthesisspe\n|turn|2\n|inactive|Battle timer is ON: inactive players will automatically lose when time's up. (requested by pedroamtz)\n|\n|t:|1701148297\n|switch|p1b: Ting-Lu|Ting-Lu, L50|100\/100\n|-ability|p1b: Ting-Lu|Vessel of Ruin\n|move|p1a: Scream Tail|Disable|p2b: Mercurius\n|-start|p2b: Mercurius|Disable|Heat Wave\n|move|p2a: Meowscarada|Knock Off|p1b: Ting-Lu\n|-resisted|p1b: Ting-Lu\n|-damage|p1b: Ting-Lu|98\/100\n|-enditem|p1b: Ting-Lu|Assault Vest|[from] move: Knock Off|[of] p2a: Meowscarada\n|cant|p2b: Mercurius|Disable|Heat Wave\n|\n|-damage|p2a: Meowscarada|89\/100 brn|[from] brn\n|upkeep\n|turn|3\n|\n|t:|1701148319\n|switch|p2b: Osborne|Flutter Mane, L50, shiny|100\/100\n|move|p1a: Scream Tail|Perish Song|p1a: Scream Tail\n|-start|p1a: Scream Tail|perish3|[silent]\n|-start|p1b: Ting-Lu|perish3|[silent]\n|-start|p2a: Meowscarada|perish3|[silent]\n|-start|p2b: Osborne|perish3|[silent]\n|-fieldactivate|move: Perish Song\n|move|p2a: Meowscarada|Skill Swap|p1b: Ting-Lu\n|-activate|p2a: Meowscarada|move: Skill Swap|Vessel of Ruin|Intimidate|[of] p1b: Ting-Lu\n|-ability|p2a: Meowscarada|Vessel of Ruin\n|-ability|p1b: Ting-Lu|Intimidate|boost\n|-unboost|p2a: Meowscarada|atk|1\n|-unboost|p2b: Osborne|atk|1\n|move|p1b: Ting-Lu|Stomping Tantrum|p2b: Osborne\n|-damage|p2b: Osborne|40\/100\n|\n|-damage|p2a: Meowscarada|83\/100 brn|[from] brn\n|-start|p1a: Scream Tail|perish3\n|-start|p2b: Osborne|perish3\n|-start|p2a: Meowscarada|perish3\n|-start|p1b: Ting-Lu|perish3\n|upkeep\n|turn|4\n|inactive|NoahDaGr81 has 30 seconds left.\n|\n|t:|1701148352\n|-end|p1a: Scream Tail|Protosynthesis|[silent]\n|switch|p1a: Arcanine|Arcanine, L50, F|62\/100\n|-ability|p1a: Arcanine|Intimidate|boost\n|-unboost|p2a: Meowscarada|atk|1\n|-unboost|p2b: Osborne|atk|1\n|move|p2b: Osborne|Moonblast|p1a: Arcanine\n|-resisted|p1a: Arcanine\n|-damage|p1a: Arcanine|42\/100\n|-unboost|p1a: Arcanine|spa|1\n|-damage|p2b: Osborne|30\/100|[from] item: Life Orb\n|move|p2a: Meowscarada|Flower Trick|p1b: Ting-Lu\n|-supereffective|p1b: Ting-Lu\n|-crit|p1b: Ting-Lu\n|-damage|p1b: Ting-Lu|84\/100\n|move|p1b: Ting-Lu|Heavy Slam|p2b: Osborne\n|-supereffective|p2b: Osborne\n|-damage|p2b: Osborne|0 fnt\n|faint|p2b: Osborne\n|-end|p2b: Osborne|Protosynthesis|[silent]\n|\n|-damage|p2a: Meowscarada|77\/100 brn|[from] brn\n|-start|p2a: Meowscarada|perish2\n|-start|p1b: Ting-Lu|perish2\n|upkeep\n|\n|t:|1701148375\n|switch|p2b: Urshifu|Urshifu-Rapid-Strike, L50, M|100\/100\n|turn|5\n|\n|t:|1701148393\n|switch|p1b: Scream Tail|Scream Tail, L50|100\/100\n|move|p2a: Meowscarada|Protect|p2a: Meowscarada\n|-singleturn|p2a: Meowscarada|Protect\n|move|p2b: Urshifu|Surging Strikes|p1a: Arcanine\n|-supereffective|p1a: Arcanine\n|-crit|p1a: Arcanine\n|-damage|p1a: Arcanine|0 fnt\n|-damage|p2b: Urshifu|84\/100|[from] item: Rocky Helmet|[of] p1a: Arcanine\n|faint|p1a: Arcanine\n|-hitcount|p1: Arcanine|1\n|\n|-damage|p2a: Meowscarada|71\/100 brn|[from] brn\n|-start|p2a: Meowscarada|perish1\n|upkeep\n|\n|t:|1701148397\n|switch|p1a: Ting-Lu|Ting-Lu, L50|84\/100\n|-ability|p1a: Ting-Lu|Vessel of Ruin\n|turn|6\n|inactive|NoahDaGr81 has 30 seconds left.\n|\n|t:|1701148433\n|switch|p2a: Mercurius|Chi-Yu, L50, tera:Fire|100\/100\n|-ability|p2a: Mercurius|Beads of Ruin\n|move|p1b: Scream Tail|Disable|p2b: Urshifu\n|-start|p2b: Urshifu|Disable|Surging Strikes\n|cant|p2b: Urshifu|Disable|Surging Strikes\n|move|p1a: Ting-Lu|Stomping Tantrum|p2a: Mercurius\n|-supereffective|p2a: Mercurius\n|-damage|p2a: Mercurius|8\/100\n|\n|upkeep\n|turn|7\n|inactive|pedroamtz has 30 seconds left.\n|inactive|NoahDaGr81 has 30 seconds left.\n|\n|t:|1701148465\n|switch|p2a: Meowscarada|Meowscarada, L50, M|71\/100 brn\n|move|p1b: Scream Tail|Play Rough|p2a: Meowscarada\n|-supereffective|p2a: Meowscarada\n|-damage|p2a: Meowscarada|11\/100 brn\n|move|p2b: Urshifu|Drain Punch|p1a: Ting-Lu\n|-supereffective|p1a: Ting-Lu\n|-damage|p1a: Ting-Lu|36\/100\n|-heal|p2b: Urshifu|100\/100|[from] drain|[of] p1a: Ting-Lu\n|move|p1a: Ting-Lu|Ruination|p2b: Urshifu\n|-damage|p2b: Urshifu|51\/100\n|\n|-damage|p2a: Meowscarada|5\/100 brn|[from] brn\n|upkeep\n|turn|8\n|\n|t:|1701148488\n|move|p2a: Meowscarada|Skill Swap|p1a: Ting-Lu\n|-start|p2a: Meowscarada|typechange|Psychic|[from] ability: Protean\n|-activate|p2a: Meowscarada|move: Skill Swap|Vessel of Ruin|Protean|[of] p1a: Ting-Lu\n|-ability|p2a: Meowscarada|Vessel of Ruin\n|move|p1b: Scream Tail|Play Rough|p2b: Urshifu\n|-supereffective|p2b: Urshifu\n|-damage|p2b: Urshifu|4\/100\n|move|p2b: Urshifu|Drain Punch|p1a: Ting-Lu\n|-supereffective|p1a: Ting-Lu\n|-damage|p1a: Ting-Lu|0 fnt\n|-heal|p2b: Urshifu|29\/100|[from] drain|[of] p1a: Ting-Lu\n|faint|p1a: Ting-Lu\n|\n|-damage|p2a: Meowscarada|0 fnt|[from] brn\n|faint|p2a: Meowscarada\n|upkeep\n|\n|t:|1701148507\n|switch|p2a: Mercurius|Chi-Yu, L50, tera:Fire|8\/100\n|-ability|p2a: Mercurius|Beads of Ruin\n|turn|9\n|\n|t:|1701148523\n|move|p1b: Scream Tail|Play Rough|p2a: Mercurius|[miss]\n|-miss|p1b: Scream Tail|p2a: Mercurius\n|move|p2a: Mercurius|Heat Wave|p1b: Scream Tail\n|-damage|p1b: Scream Tail|5\/100\n|move|p2b: Urshifu|Drain Punch|p1b: Scream Tail\n|-resisted|p1b: Scream Tail\n|-damage|p1b: Scream Tail|0 fnt\n|-heal|p2b: Urshifu|32\/100|[from] drain|[of] p1b: Scream Tail\n|faint|p1b: Scream Tail\n|-end|p1b: Scream Tail|Protosynthesis|[silent]\n|\n|win|NoahDaGr81\n|raw|pedroamtz's rating: 1088 &rarr; <strong>1062<\/strong><br \/>(-26 for losing)\n|raw|NoahDaGr81's rating: 1043 &rarr; <strong>1081<\/strong><br \/>(+38 for winning)\n","uploadtime":1701148538,"views":23,"p1id":"pedroamtz","p2id":"noahdagr81","formatid":"gen9vgc2023regulatione","rating":1062,"private":0,"password":""}