{"id":"gen9vgc2023regulatione-1993161320","p1":"CanuckChum","p2":"TheblackGotenks","format":"[Gen 9] VGC 2023 Regulation E","log":"|j|\u2606CanuckChum\n|j|\u2606TheblackGotenks\n|n|\u2606CanuckChum|canuckchum\n|n|\u2606TheblackGotenks|theblackgotenks\n|html|View the match progress at <a href=\"\/game-bestof3-gen9vgc2023regulatione-1993161319\">game-bestof3-gen9vgc2023regulatione-1993161319<\/a>\n|t:|1700272221\n|gametype|doubles\n|player|p1|CanuckChum|colress|\n|player|p2|TheblackGotenks|ghetsis-gen5bw|\n|teamsize|p1|6\n|teamsize|p2|6\n|gen|9\n|tier|[Gen 9] VGC 2023 Regulation E\n|rule|Species Clause: Limit one of each Pok\u00e9mon\n|rule|Item Clause: Limit one of each item\n|clearpoke\n|poke|p1|Ogerpon-Wellspring, L50, F|\n|poke|p1|Landorus-Therian, L50, M|\n|poke|p1|Fezandipiti, L50, M|\n|poke|p1|Weezing, L50, M|\n|poke|p1|Empoleon, L50, M|\n|poke|p1|Heatran, L50, M|\n|poke|p2|Volcarona, L50, F|\n|poke|p2|Clefairy, L50, M|\n|poke|p2|Ting-Lu, L50|\n|poke|p2|Mienshao, L50, F|\n|poke|p2|Thundurus, L50, M|\n|poke|p2|Wyrdeer, L50, F|\n|teampreview|4\n|c|\u2606TheblackGotenks|Glhf!\n|c|\u2606CanuckChum|glhf to you too\nCanuckChum rejected open team sheets.\n|l|\u2606TheblackGotenks\n|player|p2|\n|j|\u2606TheblackGotenks\n|player|p2|TheblackGotenks|ghetsis-gen5bw\n|\n|t:|1700272342\n|start\n|switch|p1a: Djinn Buster|Landorus-Therian, L50, M|100\/100\n|switch|p1b: Magmatic|Heatran, L50, M|100\/100\n|switch|p2a: Volcarona|Volcarona, L50, F|100\/100\n|switch|p2b: Mienshao|Mienshao, L50, F|100\/100\n|-ability|p1a: Djinn Buster|Intimidate|boost\n|-unboost|p2a: Volcarona|atk|1\n|-unboost|p2b: Mienshao|atk|1\n|-enditem|p2b: Mienshao|Eject Pack\n|\n|t:|1700272355\n|switch|p2b: Wyrdeer|Wyrdeer, L50, F|100\/100\n|-ability|p2b: Wyrdeer|Intimidate|boost\n|-unboost|p1a: Djinn Buster|atk|1\n|-unboost|p1b: Magmatic|atk|1\n|turn|1\n|\n|t:|1700272384\n|move|p1a: Djinn Buster|Rock Slide|p2b: Wyrdeer|[spread] p2a,p2b\n|-supereffective|p2a: Volcarona\n|-damage|p2a: Volcarona|16\/100\n|-damage|p2b: Wyrdeer|83\/100\n|move|p2a: Volcarona|Quiver Dance|p2a: Volcarona\n|-boost|p2a: Volcarona|spa|1\n|-boost|p2a: Volcarona|spd|1\n|-boost|p2a: Volcarona|spe|1\n|move|p2b: Wyrdeer|Earth Power|p1b: Magmatic\n|-supereffective|p1b: Magmatic\n|-damage|p1b: Magmatic|12\/100\n|move|p1b: Magmatic|Heat Wave|p2b: Wyrdeer|[spread] p2a,p2b\n|-damage|p2a: Volcarona|0 fnt\n|-damage|p2b: Wyrdeer|22\/100\n|faint|p2a: Volcarona\n|-damage|p1b: Magmatic|2\/100|[from] item: Life Orb\n|\n|upkeep\n|\n|t:|1700272407\n|switch|p2a: Mienshao|Mienshao, L50, F|100\/100\n|turn|2\n|\n|t:|1700272427\n|move|p2a: Mienshao|Fake Out|p1a: Djinn Buster\n|-damage|p1a: Djinn Buster|86\/100\n|cant|p1a: Djinn Buster|flinch\n|move|p2b: Wyrdeer|Psyshield Bash|p1b: Magmatic\n|-resisted|p1b: Magmatic\n|-damage|p1b: Magmatic|0 fnt\n|-boost|p2b: Wyrdeer|def|1\n|faint|p1b: Magmatic\n|\n|upkeep\n|\n|t:|1700272449\n|switch|p1b: Sadge|Ogerpon-Wellspring, L50, F|100\/100\n|turn|3\n|\n|t:|1700272469\n|switch|p2b: Thundurus|Thundurus, L50, M|100\/100\n|-terastallize|p2a: Mienshao|Fighting\n|move|p1a: Djinn Buster|Rock Slide|p2a: Mienshao|[spread] p2a,p2b\n|-resisted|p2a: Mienshao\n|-supereffective|p2b: Thundurus\n|-damage|p2a: Mienshao|85\/100\n|-damage|p2b: Thundurus|51\/100\n|move|p1b: Sadge|Ivy Cudgel|p2a: Mienshao|[anim] Ivy Cudgel Water\n|-damage|p2a: Mienshao|0 fnt\n|faint|p2a: Mienshao\n|\n|upkeep\n|\n|t:|1700272482\n|switch|p2a: Wyrdeer|Wyrdeer, L50, F|22\/100\n|-ability|p2a: Wyrdeer|Intimidate|boost\n|-unboost|p1a: Djinn Buster|atk|1\n|-unboost|p1b: Sadge|atk|1\n|turn|4\n|\n|t:|1700272496\n|switch|p1a: Penguin Brave|Empoleon, L50, M|100\/100\n|move|p2b: Thundurus|Wildbolt Storm|p1b: Sadge|[spread] p1a\n|-miss|p2b: Thundurus|p1b: Sadge\n|-supereffective|p1a: Penguin Brave\n|-damage|p1a: Penguin Brave|53\/100\n|move|p1b: Sadge|Ivy Cudgel|p2a: Wyrdeer|[anim] Ivy Cudgel Water\n|-damage|p2a: Wyrdeer|0 fnt\n|faint|p2a: Wyrdeer\n|\n|upkeep\n|turn|5\n|\n|t:|1700272523\n|move|p2b: Thundurus|Wildbolt Storm|p1a: Penguin Brave|[spread] p1a,p1b\n|-supereffective|p1a: Penguin Brave\n|-damage|p1a: Penguin Brave|8\/100\n|-damage|p1b: Sadge|58\/100\n|-status|p1b: Sadge|par\n|move|p1b: Sadge|Ivy Cudgel|p2b: Thundurus|[anim] Ivy Cudgel Water\n|-damage|p2b: Thundurus|0 fnt\n|faint|p2b: Thundurus\n|\n|win|CanuckChum\n|c|&|\/uhtml prompt-theblackgotenks,TheblackGotenks is ready for game 2!\n|c|&|\/uhtml prompt-canuckchum,CanuckChum is ready for game 2!\nBoth players are ready! Starting next match!\n|j| Adrian3210\n|l| Adrian3210\n","uploadtime":1700272810,"views":9,"p1id":"canuckchum","p2id":"theblackgotenks","formatid":"gen9vgc2023regulatione","rating":0,"private":0,"password":""}