{"id":"gen9vgc2023regulatione-1995317774","p1":"UrshiTornisntSkill","p2":"meowmeowjoe","format":"[Gen 9] VGC 2023 Regulation E","log":"|j|\u2606UrshiTornisntSkill\n|j|\u2606meowmeowjoe\n|t:|1700552692\n|gametype|doubles\n|player|p1|UrshiTornisntSkill|caitlin|1199\n|player|p2|meowmeowjoe|guitarist|1238\n|teamsize|p1|6\n|teamsize|p2|6\n|gen|9\n|tier|[Gen 9] VGC 2023 Regulation E\n|rated|\n|rule|Species Clause: Limit one of each Pok\u00e9mon\n|rule|Item Clause: Limit one of each item\n|clearpoke\n|poke|p1|Regieleki, L50|\n|poke|p1|Ninetales, L50, F|\n|poke|p1|Flutter Mane, L50|\n|poke|p1|Chi-Yu, L50|\n|poke|p1|Illumise, L50, F|\n|poke|p1|Meowscarada, L50, M|\n|poke|p2|Ninetales-Alola, L50, M|\n|poke|p2|Iron Bundle, L50|\n|poke|p2|Dondozo, L50, M|\n|poke|p2|Tatsugiri, L50, M|\n|poke|p2|Cresselia, L50, F|\n|poke|p2|Ursaluna, L50, M|\n|teampreview|4\n|inactive|Battle timer is ON: inactive players will automatically lose when time's up. (requested by meowmeowjoe)\n|\n|t:|1700552728\n|start\n|switch|p1a: Illumise|Illumise, L50, F, shiny|100\/100\n|switch|p1b: Chi-Yu|Chi-Yu, L50|100\/100\n|switch|p2a: \u72d0\u547c\u72d0|Ninetales-Alola, L50, M, shiny|100\/100\n|switch|p2b: \u6211\u6bd4\u7ffc\u6cd5\u9084\u5feb|Iron Bundle, L50, shiny|100\/100\n|-weather|Snow|[from] ability: Snow Warning|[of] p2a: \u72d0\u547c\u72d0\n|-ability|p1b: Chi-Yu|Beads of Ruin\n|turn|1\n|\n|t:|1700552747\n|-terastallize|p1b: Chi-Yu|Fire\n|move|p1a: Illumise|Tailwind|p1a: Illumise\n|-sidestart|p1: UrshiTornisntSkill|move: Tailwind\n|move|p1b: Chi-Yu|Heat Wave|p2a: \u72d0\u547c\u72d0|[spread] p2a,p2b\n|-supereffective|p2a: \u72d0\u547c\u72d0\n|-damage|p2a: \u72d0\u547c\u72d0|0 fnt\n|-damage|p2b: \u6211\u6bd4\u7ffc\u6cd5\u9084\u5feb|0 fnt\n|faint|p2a: \u72d0\u547c\u72d0\n|faint|p2b: \u6211\u6bd4\u7ffc\u6cd5\u9084\u5feb\n|-end|p2b: \u6211\u6bd4\u7ffc\u6cd5\u9084\u5feb|Quark Drive|[silent]\n|\n|-weather|Snow|[upkeep]\n|upkeep\n|\n|t:|1700552760\n|switch|p2b: \u6211\u4f86\u7d20\u8cea\u7d20\u8cea|Tatsugiri, L50, M, shiny|100\/100\n|switch|p2a: \u4f86\u5a01\u5687\u6211\u554a|Dondozo, L50, M, shiny|100\/100\n|-activate|p2b: \u6211\u4f86\u7d20\u8cea\u7d20\u8cea|ability: Commander|[of] p2a: \u4f86\u5a01\u5687\u6211\u554a\n|-boost|p2a: \u4f86\u5a01\u5687\u6211\u554a|atk|2\n|-boost|p2a: \u4f86\u5a01\u5687\u6211\u554a|spa|2\n|-boost|p2a: \u4f86\u5a01\u5687\u6211\u554a|spe|2\n|-boost|p2a: \u4f86\u5a01\u5687\u6211\u554a|def|2\n|-boost|p2a: \u4f86\u5a01\u5687\u6211\u554a|spd|2\n|turn|2\n|\n|t:|1700552775\n|move|p1a: Illumise|Sweet Scent|p2a: \u4f86\u5a01\u5687\u6211\u554a|[spread] \n|-miss|p1a: Illumise|p2b: \u6211\u4f86\u7d20\u8cea\u7d20\u8cea\n|-fail|p2a: \u4f86\u5a01\u5687\u6211\u554a|unboost|[from] item: Clear Amulet|[of] p2a: \u4f86\u5a01\u5687\u6211\u554a\n|move|p1b: Chi-Yu|Overheat|p2a: \u4f86\u5a01\u5687\u6211\u554a\n|-resisted|p2a: \u4f86\u5a01\u5687\u6211\u554a\n|-damage|p2a: \u4f86\u5a01\u5687\u6211\u554a|57\/100\n|-unboost|p1b: Chi-Yu|spa|2\n|move|p2a: \u4f86\u5a01\u5687\u6211\u554a|Wave Crash|p1b: Chi-Yu\n|-supereffective|p1b: Chi-Yu\n|-damage|p1b: Chi-Yu|0 fnt\n|faint|p1b: Chi-Yu\n|-damage|p2a: \u4f86\u5a01\u5687\u6211\u554a|37\/100|[from] Recoil\n|\n|-weather|Snow|[upkeep]\n|upkeep\n|\n|t:|1700552786\n|switch|p1b: Meowscarada|Meowscarada, L50, M|100\/100\n|turn|3\n|\n|t:|1700552796\n|-terastallize|p2a: \u4f86\u5a01\u5687\u6211\u554a|Dragon\n|move|p1b: Meowscarada|Flower Trick|p2a: \u4f86\u5a01\u5687\u6211\u554a\n|-start|p1b: Meowscarada|typechange|Grass|[from] ability: Protean\n|-resisted|p2a: \u4f86\u5a01\u5687\u6211\u554a\n|-crit|p2a: \u4f86\u5a01\u5687\u6211\u554a\n|-damage|p2a: \u4f86\u5a01\u5687\u6211\u554a|20\/100\n|move|p1a: Illumise|Struggle Bug|p2b: \u6211\u4f86\u7d20\u8cea\u7d20\u8cea|[spread] p2a\n|-miss|p1a: Illumise|p2b: \u6211\u4f86\u7d20\u8cea\u7d20\u8cea\n|-damage|p2a: \u4f86\u5a01\u5687\u6211\u554a|14\/100\n|move|p2a: \u4f86\u5a01\u5687\u6211\u554a|Order Up|p1b: Meowscarada\n|-damage|p1b: Meowscarada|0 fnt\n|faint|p1b: Meowscarada\n|-boost|p2a: \u4f86\u5a01\u5687\u6211\u554a|atk|1\n|\n|-weather|Snow|[upkeep]\n|upkeep\n|\n|t:|1700552810\n|switch|p1b: Ninetales|Ninetales, L50, F, shiny|100\/100\n|-weather|SunnyDay|[from] ability: Drought|[of] p1b: Ninetales\n|turn|4\n|\n|t:|1700552818\n|move|p2a: \u4f86\u5a01\u5687\u6211\u554a|Protect|p2a: \u4f86\u5a01\u5687\u6211\u554a\n|-singleturn|p2a: \u4f86\u5a01\u5687\u6211\u554a|Protect\n|move|p1b: Ninetales|Fire Blast|p2a: \u4f86\u5a01\u5687\u6211\u554a\n|-activate|p2a: \u4f86\u5a01\u5687\u6211\u554a|move: Protect\n|move|p1a: Illumise|Struggle Bug|p2a: \u4f86\u5a01\u5687\u6211\u554a|[spread] \n|-miss|p1a: Illumise|p2b: \u6211\u4f86\u7d20\u8cea\u7d20\u8cea\n|-activate|p2a: \u4f86\u5a01\u5687\u6211\u554a|move: Protect\n|\n|-weather|SunnyDay|[upkeep]\n|-sideend|p1: UrshiTornisntSkill|move: Tailwind\n|upkeep\n|turn|5\n|\n|t:|1700552832\n|move|p2a: \u4f86\u5a01\u5687\u6211\u554a|Earthquake|p1b: Ninetales|[spread] p1a,p1b\n|-miss|p2a: \u4f86\u5a01\u5687\u6211\u554a|p2b: \u6211\u4f86\u7d20\u8cea\u7d20\u8cea\n|-resisted|p1a: Illumise\n|-supereffective|p1b: Ninetales\n|-damage|p1a: Illumise|67\/100\n|-damage|p1b: Ninetales|0 fnt\n|faint|p1b: Ninetales\n|move|p1a: Illumise|Struggle Bug|p2b: \u6211\u4f86\u7d20\u8cea\u7d20\u8cea|[spread] p2a\n|-miss|p1a: Illumise|p2b: \u6211\u4f86\u7d20\u8cea\u7d20\u8cea\n|-damage|p2a: \u4f86\u5a01\u5687\u6211\u554a|9\/100\n|\n|-weather|SunnyDay|[upkeep]\n|upkeep\n|turn|6\n|\n|t:|1700552844\n|move|p2a: \u4f86\u5a01\u5687\u6211\u554a|Order Up|p1a: Illumise\n|-damage|p1a: Illumise|0 fnt\n|faint|p1a: Illumise\n|\n|win|meowmeowjoe\n|raw|UrshiTornisntSkill's rating: 1199 &rarr; <strong>1177<\/strong><br \/>(-22 for losing)\n|raw|meowmeowjoe's rating: 1238 &rarr; <strong>1260<\/strong><br \/>(+22 for winning)\n","uploadtime":1700552850,"views":8,"p1id":"urshitornisntskill","p2id":"meowmeowjoe","formatid":"gen9vgc2023regulatione","rating":1177,"private":0,"password":""}