{"id":"gen9vgc2023regulatione-1999666237","p1":"MorningElegy","p2":"CouchLamp","format":"[Gen 9] VGC 2023 Regulation E","log":"|j|\u2606MorningElegy\n|j|\u2606CouchLamp\n|n|\u2606MorningElegy|morningelegy\n|n|\u2606CouchLamp|couchlamp\n|html|View the match progress at <a href=\"\/game-bestof3-gen9vgc2023regulatione-1999662731\">game-bestof3-gen9vgc2023regulatione-1999662731<\/a>\n|t:|1701105999\n|gametype|doubles\n|player|p1|MorningElegy|psychic-gen2|\n|player|p2|CouchLamp|steven|\n|teamsize|p1|6\n|teamsize|p2|6\n|gen|9\n|tier|[Gen 9] VGC 2023 Regulation E\n|rated|Tournament battle\n|rule|Species Clause: Limit one of each Pok\u00e9mon\n|rule|Item Clause: Limit one of each item\n|clearpoke\n|poke|p1|Urshifu-*, L50, F|\n|poke|p1|Gholdengo, L50|\n|poke|p1|Salamence, L50, M|\n|poke|p1|Politoed, L50, F|\n|poke|p1|Gothitelle, L50, M|\n|poke|p1|Amoonguss, L50, F|\n|poke|p2|Chien-Pao, L50|\n|poke|p2|Dragonite, L50, F|\n|poke|p2|Urshifu-*, L50, M|\n|poke|p2|Rillaboom, L50, M|\n|poke|p2|Heatran, L50, F|\n|poke|p2|Farigiraf, L50, M|\n|teampreview|4\n|showteam|p1|Urshifu-Rapid-Strike||ChoiceScarf|UnseenFist|SurgingStrikes,CloseCombat,Uturn,AquaJet|||F|||50|,,,,,Water]Gholdengo||MetalCoat|GoodasGold|MakeItRain,ShadowBall,NastyPlot,Protect||||||50|,,,,,Dragon]Salamence||CovertCloak|Intimidate|DracoMeteor,Hurricane,Tailwind,Protect|||M|||50|,,,,,Flying]Politoed||DampRock|Drizzle|MuddyWater,PerishSong,Encore,Protect|||F|||50|,,,,,Dark]Gothitelle||SitrusBerry|ShadowTag|Psychic,FakeOut,TrickRoom,Protect|||M|||50|,,,,,Fairy]Amoonguss||RockyHelmet|Regenerator|PollenPuff,Spore,RagePowder,Protect|||F|||50|,,,,,Water\n|showteam|p2|Chien-Pao||FocusSash|SwordofRuin|SuckerPunch,Protect,IcicleCrash,SacredSword||||||50|,,,,,Ghost]Dragonite||ChoiceBand|InnerFocus|ExtremeSpeed,Outrage,StompingTantrum,IceSpinner|||F|||50|,,,,,Normal]Urshifu-Rapid-Strike||ChoiceScarf|UnseenFist|SurgingStrikes,RockSlide,CloseCombat,Uturn|||M|||50|,,,,,Water]Rillaboom||MiracleSeed|GrassySurge|FakeOut,Protect,WoodHammer,GrassyGlide|||M|||50|,,,,,Fire]Heatran||AssaultVest|FlashFire|HeatWave,FlashCannon,TeraBlast,EarthPower|||F|||50|,,,,,Fairy]Farigiraf||RockyHelmet|ArmorTail|Psychic,HelpingHand,TrickRoom,DazzlingGleam|||M|||50|,,,,,Fairy\n|inactive|Battle timer is ON: inactive players will automatically lose when time's up. (requested by CouchLamp)\n|\n|t:|1701106058\n|start\n|switch|p1a: Urshifu|Urshifu-Rapid-Strike, L50, F|100\/100\n|switch|p1b: Mana|Gothitelle, L50, M, shiny|100\/100\n|switch|p2a: Chien-Pao|Chien-Pao, L50|100\/100\n|switch|p2b: Dragonite|Dragonite, L50, F|100\/100\n|-ability|p2a: Chien-Pao|Sword of Ruin\n|turn|1\n|inactive|CouchLamp has 30 seconds left.\n|\n|t:|1701106090\n|switch|p1a: K\u00f6zi|Gholdengo, L50|100\/100\n|-terastallize|p2a: Chien-Pao|Ghost\n|move|p2a: Chien-Pao|Icicle Crash|p1b: Mana\n|-damage|p1b: Mana|44\/100\n|-enditem|p1b: Mana|Sitrus Berry|[eat]\n|-heal|p1b: Mana|69\/100|[from] item: Sitrus Berry\n|move|p2b: Dragonite|Outrage|p1b: Mana\n|-damage|p1b: Mana|0 fnt\n|faint|p1b: Mana\n|\n|upkeep\n|\n|t:|1701106105\n|switch|p1b: Urshifu|Urshifu-Rapid-Strike, L50, F|100\/100\n|turn|2\n|\n|t:|1701106119\n|switch|p1a: Kami|Politoed, L50, F|100\/100\n|-weather|RainDance|[from] ability: Drizzle|[of] p1a: Kami\n|move|p1b: Urshifu|Surging Strikes|p2a: Chien-Pao\n|-crit|p2a: Chien-Pao\n|-damage|p2a: Chien-Pao|51\/100\n|-crit|p2a: Chien-Pao\n|-damage|p2a: Chien-Pao|3\/100\n|-crit|p2a: Chien-Pao\n|-damage|p2a: Chien-Pao|0 fnt\n|faint|p2a: Chien-Pao\n|-hitcount|p2: Chien-Pao|3\n|move|p2b: Dragonite|Outrage|p1b: Urshifu|[from]lockedmove\n|-damage|p1b: Urshifu|0 fnt\n|faint|p1b: Urshifu\n|-start|p2b: Dragonite|confusion|[fatigue]\n|\n|-weather|RainDance|[upkeep]\n|upkeep\n|c|\u2606MorningElegy|damn\n|c|\u2606MorningElegy|it locked optimally\n|\n|t:|1701106142\n|switch|p2a: Urshifu|Urshifu-Rapid-Strike, L50, M|100\/100\n|switch|p1b: K\u00f6zi|Gholdengo, L50|100\/100\n|turn|3\n|c|\u2606MorningElegy|hit yourself please :p\n|\n|t:|1701106166\n|-terastallize|p1b: K\u00f6zi|Dragon\n|move|p2a: Urshifu|Surging Strikes|p1b: K\u00f6zi\n|-resisted|p1b: K\u00f6zi\n|-crit|p1b: K\u00f6zi\n|-damage|p1b: K\u00f6zi|85\/100\n|-resisted|p1b: K\u00f6zi\n|-crit|p1b: K\u00f6zi\n|-damage|p1b: K\u00f6zi|70\/100\n|-resisted|p1b: K\u00f6zi\n|-crit|p1b: K\u00f6zi\n|-damage|p1b: K\u00f6zi|55\/100\n|-hitcount|p1b: K\u00f6zi|3\n|move|p1b: K\u00f6zi|Nasty Plot|p1b: K\u00f6zi\n|-boost|p1b: K\u00f6zi|spa|2\n|-activate|p2b: Dragonite|confusion\n|move|p2b: Dragonite|Outrage|p1a: Kami\n|-damage|p1a: Kami|12\/100\n|move|p1a: Kami|Muddy Water|p2b: Dragonite|[spread] p2a,p2b\n|-resisted|p2a: Urshifu\n|-resisted|p2b: Dragonite\n|-damage|p2a: Urshifu|78\/100\n|-damage|p2b: Dragonite|85\/100\n|-unboost|p2b: Dragonite|accuracy|1\n|\n|-weather|RainDance|[upkeep]\n|upkeep\n|turn|4\n|\n|t:|1701106189\n|move|p2a: Urshifu|Surging Strikes|p1a: Kami\n|-resisted|p1a: Kami\n|-crit|p1a: Kami\n|-damage|p1a: Kami|0 fnt\n|faint|p1a: Kami\n|-hitcount|p1: Kami|1\n|move|p1b: K\u00f6zi|Make It Rain|p2b: Dragonite|[spread] p2a,p2b\n|-resisted|p2a: Urshifu\n|-damage|p2a: Urshifu|0 fnt\n|-damage|p2b: Dragonite|0 fnt\n|-unboost|p1b: K\u00f6zi|spa|1\n|faint|p2a: Urshifu\n|faint|p2b: Dragonite\n|\n|-weather|RainDance|[upkeep]\n|upkeep\n|\n|t:|1701106200\n|switch|p2b: Rillaboom|Rillaboom, L50, M|100\/100\n|-fieldstart|move: Grassy Terrain|[from] ability: Grassy Surge|[of] p2b: Rillaboom\n|turn|5\n|\n|t:|1701106214\n|move|p1b: K\u00f6zi|Protect|p1b: K\u00f6zi\n|-singleturn|p1b: K\u00f6zi|Protect\n|move|p2b: Rillaboom|Fake Out|p1b: K\u00f6zi\n|-activate|p1b: K\u00f6zi|move: Protect\n|\n|-weather|RainDance|[upkeep]\n|-heal|p1b: K\u00f6zi|61\/100|[from] Grassy Terrain\n|upkeep\n|turn|6\n|\n|t:|1701106226\n|move|p1b: K\u00f6zi|Nasty Plot|p1b: K\u00f6zi\n|-boost|p1b: K\u00f6zi|spa|2\n|move|p2b: Rillaboom|Wood Hammer|p1b: K\u00f6zi\n|-resisted|p1b: K\u00f6zi\n|-damage|p1b: K\u00f6zi|16\/100\n|-damage|p2b: Rillaboom|86\/100|[from] Recoil\n|\n|-weather|RainDance|[upkeep]\n|-heal|p2b: Rillaboom|92\/100|[from] Grassy Terrain\n|-heal|p1b: K\u00f6zi|22\/100|[from] Grassy Terrain\n|upkeep\n|turn|7\n|\n|t:|1701106235\n|move|p1b: K\u00f6zi|Protect|p1b: K\u00f6zi\n|-singleturn|p1b: K\u00f6zi|Protect\n|move|p2b: Rillaboom|Grassy Glide|p1b: K\u00f6zi\n|-activate|p1b: K\u00f6zi|move: Protect\n|\n|-weather|RainDance|[upkeep]\n|-heal|p1b: K\u00f6zi|28\/100|[from] Grassy Terrain\n|-heal|p2b: Rillaboom|98\/100|[from] Grassy Terrain\n|upkeep\n|turn|8\n|\n|t:|1701106242\n|move|p2b: Rillaboom|Grassy Glide|p1b: K\u00f6zi\n|-resisted|p1b: K\u00f6zi\n|-damage|p1b: K\u00f6zi|8\/100\n|move|p1b: K\u00f6zi|Shadow Ball|p2b: Rillaboom\n|-damage|p2b: Rillaboom|0 fnt\n|faint|p2b: Rillaboom\n|\n|win|MorningElegy\n|c|\u2606CouchLamp|ggwp\n|c|\u2606MorningElegy|gg\n|l|\u2606CouchLamp\n","uploadtime":1701106308,"views":10,"p1id":"morningelegy","p2id":"couchlamp","formatid":"gen9vgc2023regulatione","rating":0,"private":0,"password":""}