{"id":"gen9vgc2023regulatione-1988152762","p1":"HeffNastyy","p2":"Reafox","format":"[Gen 9] VGC 2023 Regulation E","log":"|j|\u2606HeffNastyy\n|j|\u2606Reafox\n|t:|1699676342\n|gametype|doubles\n|player|p1|HeffNastyy|266|1240\n|player|p2|Reafox|169|1322\n|teamsize|p1|6\n|teamsize|p2|6\n|gen|9\n|tier|[Gen 9] VGC 2023 Regulation E\n|rated|\n|rule|Species Clause: Limit one of each Pok\u00e9mon\n|rule|Item Clause: Limit one of each item\n|clearpoke\n|poke|p1|Cresselia, L50, F|\n|poke|p1|Ursaluna-Bloodmoon, L50, M|\n|poke|p1|Landorus-Therian, L50, M|\n|poke|p1|Kingambit, L50, M|\n|poke|p1|Sinistcha, L50|\n|poke|p1|Iron Hands, L50|\n|poke|p2|Amoonguss, L50, M|\n|poke|p2|Flutter Mane, L50|\n|poke|p2|Urshifu-*, L50, M|\n|poke|p2|Tornadus, L50, M|\n|poke|p2|Iron Hands, L50|\n|poke|p2|Ogerpon-Cornerstone, L50, F|\n|teampreview|4\n|inactive|Battle timer is ON: inactive players will automatically lose when time's up. (requested by Reafox)\nHeffNastyy has agreed to open team sheets.\n|inactive|HeffNastyy has 60 seconds left.\n|inactive|Reafox has 60 seconds left.\n|\n|t:|1699676388\n|start\n|switch|p1a: Cresselia|Cresselia, L50, F|100\/100\n|switch|p1b: Riley|Iron Hands, L50, shiny|100\/100\n|switch|p2a: Iron Hands|Iron Hands, L50|100\/100\n|switch|p2b: Ogerpon|Ogerpon-Cornerstone, L50, F|100\/100\n|turn|1\n|\n|t:|1699676403\n|move|p2a: Iron Hands|Fake Out|p1b: Riley\n|-damage|p1b: Riley|89\/100\n|cant|p1b: Riley|flinch\n|move|p2b: Ogerpon|Knock Off|p1a: Cresselia\n|-supereffective|p1a: Cresselia\n|-damage|p1a: Cresselia|56\/100\n|-enditem|p1a: Cresselia|Mental Herb|[from] move: Knock Off|[of] p2b: Ogerpon\n|move|p1a: Cresselia|Trick Room|p1a: Cresselia\n|-fieldstart|move: Trick Room|[of] p1a: Cresselia\n|\n|upkeep\n|turn|2\n|\n|t:|1699676425\n|move|p2b: Ogerpon|Spiky Shield|p2b: Ogerpon\n|-singleturn|p2b: Ogerpon|move: Protect\n|move|p1b: Riley|Drain Punch|p2b: Ogerpon\n|-activate|p2b: Ogerpon|move: Protect\n|-damage|p1b: Riley|77\/100|[from] Spiky Shield|[of] p2b: Ogerpon\n|move|p2a: Iron Hands|Drain Punch|p1b: Riley\n|-damage|p1b: Riley|51\/100\n|move|p1a: Cresselia|Psychic|p2a: Iron Hands\n|-supereffective|p2a: Iron Hands\n|-damage|p2a: Iron Hands|67\/100\n|\n|upkeep\n|turn|3\n|\n|t:|1699676441\n|switch|p2b: Amoonguss|Amoonguss, L50, M|100\/100\n|move|p1b: Riley|Drain Punch|p2a: Iron Hands\n|-damage|p2a: Iron Hands|38\/100\n|-heal|p1b: Riley|65\/100|[from] drain|[of] p2a: Iron Hands\n|move|p2a: Iron Hands|Drain Punch|p1b: Riley\n|-damage|p1b: Riley|35\/100\n|-heal|p2a: Iron Hands|54\/100|[from] drain|[of] p1b: Riley\n|move|p1a: Cresselia|Lunar Blessing|p1a: Cresselia|[spread] p1a,p1b\n|-heal|p1a: Cresselia|81\/100\n|-heal|p1b: Riley|60\/100\n|\n|upkeep\n|turn|4\n|\n|t:|1699676463\n|-terastallize|p1b: Riley|Grass\n|move|p2b: Amoonguss|Spore|p1a: Cresselia\n|-status|p1a: Cresselia|slp|[from] move: Spore\n|move|p1b: Riley|Drain Punch|p2b: Amoonguss\n|-resisted|p2b: Amoonguss\n|-damage|p2b: Amoonguss|82\/100\n|-heal|p1b: Riley|69\/100|[from] drain|[of] p2b: Amoonguss\n|-damage|p1b: Riley|53\/100|[from] item: Rocky Helmet|[of] p2b: Amoonguss\n|move|p2a: Iron Hands|Drain Punch|p1b: Riley\n|-crit|p1b: Riley\n|-damage|p1b: Riley|10\/100\n|-heal|p2a: Iron Hands|76\/100|[from] drain|[of] p1b: Riley\n|cant|p1a: Cresselia|slp\n|\n|upkeep\n|turn|5\n|inactive|HeffNastyy has 30 seconds left.\n|\n|t:|1699676495\n|move|p2b: Amoonguss|Pollen Puff|p1a: Cresselia\n|-supereffective|p1a: Cresselia\n|-damage|p1a: Cresselia|56\/100 slp\n|move|p1b: Riley|Drain Punch|p2a: Iron Hands\n|-damage|p2a: Iron Hands|48\/100\n|-heal|p1b: Riley|23\/100|[from] drain|[of] p2a: Iron Hands\n|move|p2a: Iron Hands|Drain Punch|p1b: Riley\n|-damage|p1b: Riley|0 fnt\n|-heal|p2a: Iron Hands|60\/100|[from] drain|[of] p1b: Riley\n|faint|p1b: Riley\n|-end|p1b: Riley|Quark Drive|[silent]\n|cant|p1a: Cresselia|slp\n|\n|-fieldend|move: Trick Room\n|upkeep\n|\n|t:|1699676514\n|switch|p1b: Ursaluna|Ursaluna-Bloodmoon, L50, M|100\/100\n|turn|6\n|\n|t:|1699676533\n|move|p1b: Ursaluna|Protect|p1b: Ursaluna\n|-singleturn|p1b: Ursaluna|Protect\n|-curestatus|p1a: Cresselia|slp|[msg]\n|move|p1a: Cresselia|Psychic|p2b: Amoonguss\n|-supereffective|p2b: Amoonguss\n|-damage|p2b: Amoonguss|37\/100\n|-unboost|p2b: Amoonguss|spd|1\n|move|p2a: Iron Hands|Drain Punch|p1b: Ursaluna\n|-activate|p1b: Ursaluna|move: Protect\n|move|p2b: Amoonguss|Pollen Puff|p2a: Iron Hands\n|-heal|p2a: Iron Hands|100\/100\n|\n|upkeep\n|turn|7\n|\n|t:|1699676554\n|switch|p2b: Urshifu|Urshifu-Rapid-Strike, L50, M|100\/100\n|move|p1a: Cresselia|Psychic|p2b: Urshifu\n|-supereffective|p2b: Urshifu\n|-damage|p2b: Urshifu|39\/100\n|move|p2a: Iron Hands|Drain Punch|p1b: Ursaluna\n|-supereffective|p1b: Ursaluna\n|-damage|p1b: Ursaluna|39\/100\n|move|p1b: Ursaluna|Earth Power|p2a: Iron Hands\n|-supereffective|p2a: Iron Hands\n|-damage|p2a: Iron Hands|8\/100\n|-unboost|p2a: Iron Hands|spd|1\n|-damage|p1b: Ursaluna|30\/100|[from] item: Life Orb\n|\n|upkeep\n|turn|8\n|inactive|HeffNastyy has 30 seconds left.\n|\n|t:|1699676586\n|move|p1b: Ursaluna|Protect|p1b: Ursaluna\n|-singleturn|p1b: Ursaluna|Protect\n|move|p2b: Urshifu|Surging Strikes|p1a: Cresselia\n|-crit|p1a: Cresselia\n|-damage|p1a: Cresselia|43\/100\n|-crit|p1a: Cresselia\n|-damage|p1a: Cresselia|30\/100\n|-crit|p1a: Cresselia\n|-damage|p1a: Cresselia|16\/100\n|-hitcount|p1a: Cresselia|3\n|move|p1a: Cresselia|Psychic|p2b: Urshifu\n|-supereffective|p2b: Urshifu\n|-damage|p2b: Urshifu|0 fnt\n|faint|p2b: Urshifu\n|move|p2a: Iron Hands|Drain Punch|p1b: Ursaluna\n|-activate|p1b: Ursaluna|move: Protect\n|\n|upkeep\n|\n|t:|1699676600\n|switch|p2b: Ogerpon|Ogerpon-Cornerstone, L50, F|100\/100\n|turn|9\n|inactive|HeffNastyy has 30 seconds left.\n|\n|t:|1699676626\n|move|p2b: Ogerpon|Ivy Cudgel|p1a: Cresselia\n|-damage|p1a: Cresselia|0 fnt\n|faint|p1a: Cresselia\n|move|p2a: Iron Hands|Drain Punch|p1b: Ursaluna\n|-supereffective|p1b: Ursaluna\n|-damage|p1b: Ursaluna|0 fnt\n|-heal|p2a: Iron Hands|21\/100|[from] drain|[of] p1b: Ursaluna\n|faint|p1b: Ursaluna\n|\n|upkeep\n|\n|t:|1699676635\n|switch|p1b: Scarface|Kingambit, L50, M, shiny|100\/100\n|turn|10\n|\n|t:|1699676648\n|move|p2b: Ogerpon|Knock Off|p1b: Scarface\n|-resisted|p1b: Scarface\n|-damage|p1b: Scarface|87\/100\n|-enditem|p1b: Scarface|Black Glasses|[from] move: Knock Off|[of] p2b: Ogerpon\n|move|p2a: Iron Hands|Drain Punch|p1b: Scarface\n|-supereffective|p1b: Scarface\n|-damage|p1b: Scarface|0 fnt\n|-heal|p2a: Iron Hands|60\/100|[from] drain|[of] p1b: Scarface\n|faint|p1b: Scarface\n|\n|win|Reafox\n|raw|HeffNastyy's rating: 1240 &rarr; <strong>1221<\/strong><br \/>(-19 for losing)\n|raw|Reafox's rating: 1322 &rarr; <strong>1337<\/strong><br \/>(+15 for winning)\n","uploadtime":1699676659,"views":15,"p1id":"heffnastyy","p2id":"reafox","formatid":"gen9vgc2023regulatione","rating":1221,"private":0,"password":""}