{"id":"gen9vgc2023regulatione-1994283903","p1":"Pink_SSB","p2":"AquamarineVGC","format":"[Gen 9] VGC 2023 Regulation E","log":"|j|\u2606Pink_SSB\n|j|\u2606AquamarineVGC\n|n|\u2606Pink_SSB|pinkssb\n|n|\u2606AquamarineVGC|aquamarinevgc\n|html|View the match progress at <a href=\"\/game-bestof3-gen9vgc2023regulatione-1994280622\">game-bestof3-gen9vgc2023regulatione-1994280622<\/a>\n|t:|1700426915\n|gametype|doubles\n|player|p1|Pink_SSB|1|\n|player|p2|AquamarineVGC|lucas-gen4pt|\n|teamsize|p1|6\n|teamsize|p2|6\n|gen|9\n|tier|[Gen 9] VGC 2023 Regulation E\n|rule|Species Clause: Limit one of each Pok\u00e9mon\n|rule|Item Clause: Limit one of each item\n|clearpoke\n|poke|p1|Eiscue, L50, M|\n|poke|p1|Iron Hands, L50|\n|poke|p1|Sinistcha, L50|\n|poke|p1|Landorus-Therian, L50, M|\n|poke|p1|Heatran, L50, F|\n|poke|p1|Flutter Mane, L50|\n|poke|p2|Ninetales-Alola, L50, M|\n|poke|p2|Iron Bundle, L50|\n|poke|p2|Clefairy, L50, F|\n|poke|p2|Annihilape, L50, M|\n|poke|p2|Landorus-Therian, L50, M|\n|poke|p2|Cresselia, L50, F|\n|teampreview|4\nPink_SSB has agreed to open team sheets.\n|\n|t:|1700426945\n|start\n|switch|p1a: Brian Hands|Iron Hands, L50|100\/100\n|switch|p1b: Tera-Ass|Heatran, L50, F|100\/100\n|switch|p2a: Ninetales|Ninetales-Alola, L50, M|100\/100\n|switch|p2b: Iron Bundle|Iron Bundle, L50|100\/100\n|-weather|Snow|[from] ability: Snow Warning|[of] p2a: Ninetales\n|turn|1\n|\n|t:|1700426973\n|-end|p2b: Iron Bundle|Quark Drive|[silent]\n|switch|p2b: Annihilape|Annihilape, L50, M|100\/100\n|move|p2a: Ninetales|Protect|p2a: Ninetales\n|-singleturn|p2a: Ninetales|Protect\n|move|p1a: Brian Hands|Fake Out|p2b: Annihilape\n|-immune|p2b: Annihilape\n|move|p1b: Tera-Ass|Heat Wave|p2a: Ninetales|[spread] p2b\n|-activate|p2a: Ninetales|move: Protect\n|-damage|p2b: Annihilape|70\/100\n|\n|-weather|Snow|[upkeep]\n|-heal|p2b: Annihilape|76\/100|[from] item: Leftovers\n|upkeep\n|turn|2\n|\n|t:|1700426999\n|move|p1b: Tera-Ass|Protect|p1b: Tera-Ass\n|-singleturn|p1b: Tera-Ass|Protect\n|move|p2a: Ninetales|Aurora Veil|p2a: Ninetales\n|-sidestart|p2: AquamarineVGC|move: Aurora Veil\n|move|p2b: Annihilape|Bulk Up|p2b: Annihilape\n|-boost|p2b: Annihilape|atk|1\n|-boost|p2b: Annihilape|def|1\n|move|p1a: Brian Hands|Heavy Slam|p2a: Ninetales\n|-supereffective|p2a: Ninetales\n|-enditem|p2a: Ninetales|Focus Sash\n|-damage|p2a: Ninetales|1\/100\n|\n|-weather|Snow|[upkeep]\n|-heal|p2b: Annihilape|82\/100|[from] item: Leftovers\n|upkeep\n|turn|3\n|\n|t:|1700427017\n|-end|p1a: Brian Hands|Quark Drive|[silent]\n|switch|p1a: Flutter Mane|Flutter Mane, L50|100\/100\n|-enditem|p1a: Flutter Mane|Booster Energy\n|-activate|p1a: Flutter Mane|ability: Protosynthesis|[fromitem]\n|-start|p1a: Flutter Mane|protosynthesisspe\n|move|p2a: Ninetales|Blizzard|p1a: Flutter Mane|[spread] p1a,p1b\n|-resisted|p1b: Tera-Ass\n|-damage|p1a: Flutter Mane|65\/100\n|-damage|p1b: Tera-Ass|94\/100\n|move|p2b: Annihilape|Rage Fist|p1b: Tera-Ass\n|-damage|p1b: Tera-Ass|38\/100\n|move|p1b: Tera-Ass|Heat Wave|p2a: Ninetales|[spread] p2a,p2b\n|-supereffective|p2a: Ninetales\n|-damage|p2a: Ninetales|0 fnt\n|-damage|p2b: Annihilape|59\/100\n|faint|p2a: Ninetales\n|\n|-weather|Snow|[upkeep]\n|-heal|p2b: Annihilape|65\/100|[from] item: Leftovers\n|-heal|p1b: Tera-Ass|44\/100|[from] item: Leftovers\n|upkeep\n|\n|t:|1700427035\n|switch|p2a: Cresselia|Cresselia, L50, F|100\/100\n|turn|4\n|\n|t:|1700427056\n|move|p2b: Annihilape|Protect|p2b: Annihilape\n|-singleturn|p2b: Annihilape|Protect\n|move|p1a: Flutter Mane|Shadow Ball|p2b: Annihilape\n|-activate|p2b: Annihilape|move: Protect\n|move|p2a: Cresselia|Ice Beam|p1a: Flutter Mane\n|-damage|p1a: Flutter Mane|47\/100\n|move|p1b: Tera-Ass|Earth Power|p2b: Annihilape\n|-activate|p2b: Annihilape|move: Protect\n|\n|-weather|Snow|[upkeep]\n|-heal|p2b: Annihilape|71\/100|[from] item: Leftovers\n|-heal|p1b: Tera-Ass|50\/100|[from] item: Leftovers\n|upkeep\n|turn|5\n|j| Van. Volcanucks\n|\n|t:|1700427084\n|-terastallize|p2b: Annihilape|Fire\n|move|p1a: Flutter Mane|Shadow Ball|p2b: Annihilape\n|-damage|p2b: Annihilape|49\/100\n|-unboost|p2b: Annihilape|spd|1\n|-ability|p2b: Annihilape|Defiant|boost\n|-boost|p2b: Annihilape|atk|2\n|move|p2b: Annihilape|Rage Fist|p1b: Tera-Ass\n|-damage|p1b: Tera-Ass|0 fnt\n|faint|p1b: Tera-Ass\n|move|p2a: Cresselia|Lunar Blessing|p2a: Cresselia|[spread] p2a,p2b\n|-heal|p2b: Annihilape|74\/100\n|\n|-weather|none\n|-heal|p2b: Annihilape|80\/100|[from] item: Leftovers\n|upkeep\n|\n|t:|1700427097\n|switch|p1b: Brian Hands|Iron Hands, L50|100\/100\n|turn|6\n|\n|t:|1700427108\n|switch|p2a: Iron Bundle|Iron Bundle, L50|100\/100\n|move|p2b: Annihilape|Protect|p2b: Annihilape\n|-singleturn|p2b: Annihilape|Protect\n|move|p1b: Brian Hands|Fake Out|p2b: Annihilape\n|-activate|p2b: Annihilape|move: Protect\n|move|p1a: Flutter Mane|Shadow Ball|p2b: Annihilape\n|-activate|p2b: Annihilape|move: Protect\n|\n|-heal|p2b: Annihilape|86\/100|[from] item: Leftovers\n|-sideend|p2: AquamarineVGC|move: Aurora Veil\n|upkeep\n|turn|7\n|\n|t:|1700427129\n|move|p1a: Flutter Mane|Protect|p1a: Flutter Mane\n|-singleturn|p1a: Flutter Mane|Protect\n|move|p2a: Iron Bundle|Icy Wind|p1a: Flutter Mane|[spread] p1b\n|-activate|p1a: Flutter Mane|move: Protect\n|-damage|p1b: Brian Hands|92\/100\n|-unboost|p1b: Brian Hands|spe|1\n|move|p2b: Annihilape|Drain Punch|p1b: Brian Hands\n|-damage|p1b: Brian Hands|31\/100\n|-heal|p2b: Annihilape|100\/100|[from] drain|[of] p1b: Brian Hands\n|move|p1b: Brian Hands|Drain Punch|p2a: Iron Bundle\n|-supereffective|p2a: Iron Bundle\n|-damage|p2a: Iron Bundle|0 fnt\n|-heal|p1b: Brian Hands|58\/100|[from] drain|[of] p2a: Iron Bundle\n|faint|p2a: Iron Bundle\n|-end|p2a: Iron Bundle|Quark Drive|[silent]\n|\n|upkeep\n|\n|t:|1700427144\n|switch|p2a: Cresselia|Cresselia, L50, F|100\/100\n|turn|8\n|\n|t:|1700427168\n|move|p1a: Flutter Mane|Shadow Ball|p2b: Annihilape\n|-damage|p2b: Annihilape|52\/100\n|move|p2b: Annihilape|Drain Punch|p1b: Brian Hands\n|-damage|p1b: Brian Hands|0 fnt\n|-heal|p2b: Annihilape|85\/100|[from] drain|[of] p1b: Brian Hands\n|faint|p1b: Brian Hands\n|-end|p1b: Brian Hands|Quark Drive|[silent]\n|move|p2a: Cresselia|Lunar Blessing|p2a: Cresselia|[spread] p2a,p2b\n|-heal|p2b: Annihilape|100\/100\n|\n|upkeep\n|\n|t:|1700427174\n|switch|p1b: Eiscue|Eiscue, L50, M|100\/100\n|turn|9\n|\n|t:|1700427194\n|move|p1a: Flutter Mane|Protect|p1a: Flutter Mane\n|-singleturn|p1a: Flutter Mane|Protect\n|move|p2b: Annihilape|Rage Fist|p1a: Flutter Mane\n|-activate|p1a: Flutter Mane|move: Protect\n|move|p1b: Eiscue|Belly Drum|p1b: Eiscue\n|-damage|p1b: Eiscue|50\/100\n|-setboost|p1b: Eiscue|atk|6|[from] move: Belly Drum\n|-enditem|p1b: Eiscue|Sitrus Berry|[eat]\n|-heal|p1b: Eiscue|75\/100|[from] item: Sitrus Berry\n|move|p2a: Cresselia|Psychic|p1b: Eiscue\n|-damage|p1b: Eiscue|45\/100\n|-unboost|p1b: Eiscue|spd|1\n|\n|upkeep\n|turn|10\n|\n|t:|1700427231\n|move|p2b: Annihilape|Protect|p2b: Annihilape\n|-singleturn|p2b: Annihilape|Protect\n|move|p1a: Flutter Mane|Shadow Ball|p2a: Cresselia\n|-supereffective|p2a: Cresselia\n|-damage|p2a: Cresselia|52\/100\n|move|p1b: Eiscue|Icicle Crash|p2a: Cresselia\n|-damage|p2a: Cresselia|0 fnt\n|faint|p2a: Cresselia\n|\n|upkeep\n|turn|11\n|inactive|Battle timer is ON: inactive players will automatically lose when time's up. (requested by Pink_SSB)\n|\n|t:|1700427253\n|move|p1a: Flutter Mane|Shadow Ball|p2b: Annihilape\n|-damage|p2b: Annihilape|45\/100\n|move|p2b: Annihilape|Rage Fist|p1b: Eiscue\n|-activate|p1b: Eiscue|ability: Ice Face\n|-damage|p1b: Eiscue|45\/100\n|detailschange|p1b: Eiscue|Eiscue-Noice, L50, M\n|move|p1b: Eiscue|Liquidation|p2b: Annihilape\n|-supereffective|p2b: Annihilape\n|-damage|p2b: Annihilape|0 fnt\n|faint|p2b: Annihilape\n|\n|win|Pink_SSB\n|c|\u2606AquamarineVGC|GG\n","uploadtime":1700427373,"views":12,"p1id":"pinkssb","p2id":"aquamarinevgc","formatid":"gen9vgc2023regulatione","rating":0,"private":0,"password":""}