{"id":"gen9vgc2023regulatione-1989423113","p1":"SlopMcFlopsters","p2":"LasermanZ11","format":"[Gen 9] VGC 2023 Regulation E","log":"|j|\u2606SlopMcFlopsters\n|j|\u2606LasermanZ11\n|t:|1699848344\n|gametype|doubles\n|player|p1|SlopMcFlopsters|li|\n|player|p2|LasermanZ11|ash|\n|teamsize|p1|6\n|teamsize|p2|6\n|gen|9\n|tier|[Gen 9] VGC 2023 Regulation E\n|rated|Tournament battle\n|rule|Species Clause: Limit one of each Pok\u00e9mon\n|rule|Item Clause: Limit one of each item\n|clearpoke\n|poke|p1|Tornadus, L50, M|\n|poke|p1|Urshifu-*, L50, M|\n|poke|p1|Iron Hands, L50|\n|poke|p1|Farigiraf, L50, F|\n|poke|p1|Chien-Pao, L50|\n|poke|p1|Decidueye-Hisui, L50, F|\n|poke|p2|Mamoswine, L50, M|\n|poke|p2|Flutter Mane, L50|\n|poke|p2|Heatran, L50, M|\n|poke|p2|Ogerpon-Wellspring, L50, F|\n|poke|p2|Tornadus, L50, M|\n|poke|p2|Iron Hands, L50|\n|teampreview|4\n|showteam|p1|Tornadus||RockyHelmet|Prankster|BleakwindStorm,Tailwind,RainDance,Taunt|||M|||50|,,,,,Steel]Urshifu-Rapid-Strike||MysticWater|UnseenFist|SurgingStrikes,CloseCombat,AquaJet,Detect|||M|||50|,,,,,Water]Iron Hands||AssaultVest|QuarkDrive|WildCharge,DrainPunch,HeavySlam,FakeOut||||||50|,,,,,Grass]Farigiraf||SitrusBerry|ArmorTail|Psychic,HyperVoice,Imprison,TrickRoom|||F|||50|,,,,,Fairy]Chien-Pao||FocusSash|SwordofRuin|IceSpinner,SuckerPunch,SacredSword,Protect||||||50|,,,,,Poison]Decidueye-Hisui||ScopeLens|Scrappy|TripleArrows,LeafBlade,KnockOff,Protect|||F|||50|,,,,,Fire\n|showteam|p2|Mamoswine||ExpertBelt|Oblivious|IceShard,HighHorsepower,IcicleCrash,Protect|||M|||50|,,,,,Dragon]Flutter Mane||BoosterEnergy|Protosynthesis|ShadowBall,Moonblast,IcyWind,Protect||||||50|,,,,,Fairy]Heatran||LifeOrb|FlashFire|HeatWave,FlashCannon,EarthPower,Protect|||M|||50|,,,,,Fairy]Ogerpon-Wellspring||WellspringMask|WaterAbsorb|IvyCudgel,HornLeech,FollowMe,SpikyShield|||F|||50|,,,,,Water]Tornadus||CovertCloak|Prankster|BleakwindStorm,Tailwind,Taunt,RainDance|||M|||50|,,,,,Ghost]Iron Hands||AssaultVest|QuarkDrive|FakeOut,WildCharge,DrainPunch,HeavySlam||||||50|,,,,,Water\n|inactive|Battle timer is ON: inactive players will automatically lose when time's up. (requested by SlopMcFlopsters)\n|c|\u2606SlopMcFlopsters|GLHF\n|c|\u2606LasermanZ11|same to you\n|inactive|LasermanZ11 has 60 seconds left.\n|j| ChampionNBloom\n|inactive|LasermanZ11 has 30 seconds left.\n|inactive|LasermanZ11 has 20 seconds left.\n|inactive|LasermanZ11 has 15 seconds left.\n|j| Cdogp\n|inactive|LasermanZ11 has 10 seconds left.\n|\n|t:|1699848430\n|start\n|switch|p1a: Tornadus|Tornadus, L50, M|100\/100\n|switch|p1b: Urshifu|Urshifu-Rapid-Strike, L50, M|100\/100\n|switch|p2a: Flutter Mane|Flutter Mane, L50|100\/100\n|switch|p2b: Ogerpon|Ogerpon-Wellspring, L50, F|100\/100\n|-enditem|p2a: Flutter Mane|Booster Energy\n|-activate|p2a: Flutter Mane|ability: Protosynthesis|[fromitem]\n|-start|p2a: Flutter Mane|protosynthesisspe\n|turn|1\n|l| Cdogp\n|inactive|LasermanZ11 has 30 seconds left.\n|\n|t:|1699848461\n|-terastallize|p2b: Ogerpon|Water\n|detailschange|p2b: Ogerpon|Ogerpon-Wellspring-Tera, L50, F, tera:Water\n|-ability|p2b: Ogerpon|Embody Aspect (Wellspring)|boost\n|-boost|p2b: Ogerpon|spd|1\n|move|p1b: Urshifu|Detect|p1b: Urshifu\n|-singleturn|p1b: Urshifu|Protect\n|move|p2b: Ogerpon|Follow Me|p2b: Ogerpon\n|-singleturn|p2b: Ogerpon|move: Follow Me\n|move|p2a: Flutter Mane|Moonblast|p1b: Urshifu\n|-activate|p1b: Urshifu|move: Protect\n|move|p1a: Tornadus|Bleakwind Storm|p2a: Flutter Mane|[spread] p2a\n|-miss|p1a: Tornadus|p2b: Ogerpon\n|-damage|p2a: Flutter Mane|74\/100\n|\n|upkeep\n|turn|2\n|\n|t:|1699848485\n|-terastallize|p1b: Urshifu|Water\n|move|p2b: Ogerpon|Follow Me|p2b: Ogerpon\n|-singleturn|p2b: Ogerpon|move: Follow Me\n|move|p2a: Flutter Mane|Moonblast|p1b: Urshifu\n|-damage|p1b: Urshifu|33\/100\n|move|p1b: Urshifu|Surging Strikes|p2b: Ogerpon\n|-resisted|p2b: Ogerpon\n|-crit|p2b: Ogerpon\n|-damage|p2b: Ogerpon|83\/100\n|-resisted|p2b: Ogerpon\n|-crit|p2b: Ogerpon\n|-damage|p2b: Ogerpon|66\/100\n|-resisted|p2b: Ogerpon\n|-crit|p2b: Ogerpon\n|-damage|p2b: Ogerpon|48\/100\n|-hitcount|p2b: Ogerpon|3\n|move|p1a: Tornadus|Bleakwind Storm|p2a: Flutter Mane|[spread] p2b\n|-miss|p1a: Tornadus|p2a: Flutter Mane\n|-damage|p2b: Ogerpon|27\/100\n|\n|upkeep\n|turn|3\n|inactive|LasermanZ11 has 30 seconds left.\n|\n|t:|1699848511\n|move|p1a: Tornadus|Tailwind|p1a: Tornadus\n|-sidestart|p1: SlopMcFlopsters|move: Tailwind\n|move|p1b: Urshifu|Surging Strikes|p2b: Ogerpon\n|-resisted|p2b: Ogerpon\n|-crit|p2b: Ogerpon\n|-damage|p2b: Ogerpon|10\/100\n|-resisted|p2b: Ogerpon\n|-crit|p2b: Ogerpon\n|-damage|p2b: Ogerpon|0 fnt\n|faint|p2b: Ogerpon\n|-hitcount|p2: Ogerpon|2\n|move|p2a: Flutter Mane|Icy Wind|p1a: Tornadus|[spread] p1a,p1b\n|-supereffective|p1a: Tornadus\n|-resisted|p1b: Urshifu\n|-damage|p1a: Tornadus|74\/100\n|-damage|p1b: Urshifu|23\/100\n|-unboost|p1a: Tornadus|spe|1\n|-unboost|p1b: Urshifu|spe|1\n|\n|upkeep\n|\n|t:|1699848524\n|switch|p2b: Tornadus|Tornadus, L50, M|100\/100\n|turn|4\n|\n|t:|1699848546\n|move|p1b: Urshifu|Aqua Jet|p2a: Flutter Mane\n|-damage|p2a: Flutter Mane|18\/100\n|move|p1a: Tornadus|Rain Dance|p1a: Tornadus\n|-weather|RainDance\n|move|p2b: Tornadus|Tailwind|p2b: Tornadus\n|-sidestart|p2: LasermanZ11|move: Tailwind\n|move|p2a: Flutter Mane|Moonblast|p1a: Tornadus\n|-damage|p1a: Tornadus|24\/100\n|\n|-weather|RainDance|[upkeep]\n|upkeep\n|turn|5\n|\n|t:|1699848560\n|move|p1b: Urshifu|Aqua Jet|p2a: Flutter Mane\n|-damage|p2a: Flutter Mane|0 fnt\n|faint|p2a: Flutter Mane\n|-end|p2a: Flutter Mane|Protosynthesis|[silent]\n|move|p2b: Tornadus|Bleakwind Storm|p1a: Tornadus|[spread] p1a,p1b\n|-damage|p1a: Tornadus|0 fnt\n|-damage|p1b: Urshifu|0 fnt\n|faint|p1a: Tornadus\n|faint|p1b: Urshifu\n|\n|-weather|RainDance|[upkeep]\n|upkeep\n|\n|t:|1699848569\n|switch|p2a: Heatran|Heatran, L50, M|100\/100\n|switch|p1b: Chien-Pao|Chien-Pao, L50|100\/100\n|switch|p1a: Iron Hands|Iron Hands, L50|100\/100\n|-ability|p1b: Chien-Pao|Sword of Ruin\n|turn|6\n|\n|t:|1699848588\n|move|p1a: Iron Hands|Fake Out|p2a: Heatran\n|-resisted|p2a: Heatran\n|-damage|p2a: Heatran|92\/100\n|move|p1b: Chien-Pao|Ice Spinner|p2b: Tornadus\n|-supereffective|p2b: Tornadus\n|-damage|p2b: Tornadus|0 fnt\n|faint|p2b: Tornadus\n|cant|p2a: Heatran|flinch\n|\n|-weather|RainDance|[upkeep]\n|-sideend|p1: SlopMcFlopsters|move: Tailwind\n|upkeep\n|turn|7\n|\n|t:|1699848607\n|move|p2a: Heatran|Heat Wave|p1a: Iron Hands|[spread] p1a,p1b\n|-supereffective|p1b: Chien-Pao\n|-damage|p1a: Iron Hands|86\/100\n|-damage|p1b: Chien-Pao|15\/100\n|-status|p1b: Chien-Pao|brn\n|-damage|p2a: Heatran|82\/100|[from] item: Life Orb\n|move|p1b: Chien-Pao|Sacred Sword|p2a: Heatran\n|-supereffective|p2a: Heatran\n|-damage|p2a: Heatran|47\/100\n|move|p1a: Iron Hands|Drain Punch|p2a: Heatran\n|-supereffective|p2a: Heatran\n|-damage|p2a: Heatran|0 fnt\n|-heal|p1a: Iron Hands|100\/100|[from] drain|[of] p2a: Heatran\n|faint|p2a: Heatran\n|\n|win|SlopMcFlopsters\n|n|\u2606SlopMcFlopsters|slopmcflopsters\n|n|\u2606LasermanZ11|lasermanz11\n|n| ChampionNBloom|championnbloom\n|c|\u2606SlopMcFlopsters|ggwp\n|l|\u2606SlopMcFlopsters\n","uploadtime":1699848628,"views":8,"p1id":"slopmcflopsters","p2id":"lasermanz11","formatid":"gen9vgc2023regulatione","rating":0,"private":0,"password":""}