{"id":"gen9vgc2023regulatione-1994448819","p1":"Umbrian","p2":"xCoolio","format":"[Gen 9] VGC 2023 Regulation E","log":"|j|\u2606Umbrian\n|j|\u2606xCoolio\n|n|\u2606Umbrian|umbrian\n|n|\u2606xCoolio|xcoolio\n|html|View the match progress at <a href=\"\/game-bestof3-gen9vgc2023regulatione-1994448818\">game-bestof3-gen9vgc2023regulatione-1994448818<\/a>\n|t:|1700445143\n|gametype|doubles\n|player|p1|Umbrian|adaman|\n|player|p2|xCoolio|169|\n|teamsize|p1|6\n|teamsize|p2|6\n|gen|9\n|tier|[Gen 9] VGC 2023 Regulation E\n|rule|Species Clause: Limit one of each Pok\u00e9mon\n|rule|Item Clause: Limit one of each item\n|clearpoke\n|poke|p1|Weezing-Galar, L50, M|\n|poke|p1|Grafaiai, L50, M|\n|poke|p1|Flareon, L50, M|\n|poke|p1|Weavile, L50, F|\n|poke|p1|Squawkabilly, L50, F|\n|poke|p1|Toedscool, L50, M|\n|poke|p2|Dugtrio, L50, F|\n|poke|p2|Orthworm, L50, F|\n|poke|p2|Wigglytuff, L50, M|\n|poke|p2|Trevenant, L50, M|\n|poke|p2|Mismagius, L50, F|\n|poke|p2|Pawmo, L50, M|\n|teampreview|4\n|c|\u2606Umbrian|glhf!\nUmbrian rejected open team sheets.\n|c|\u2606xCoolio|hf\n|\n|t:|1700445241\n|start\n|switch|p1a: Weezing|Weezing-Galar, L50, M|100\/100\n|switch|p1b: Weavile|Weavile, L50, F|100\/100\n|switch|p2a: Mismagius|Mismagius, L50, F|100\/100\n|switch|p2b: Trevenant|Trevenant, L50, M|100\/100\n|-ability|p1a: Weezing|Neutralizing Gas\n|turn|1\n|\n|t:|1700445285\n|switch|p2a: Orthworm|Orthworm, L50, F|100\/100\n|move|p1b: Weavile|Knock Off|p2a: Orthworm\n|-crit|p2a: Orthworm\n|-damage|p2a: Orthworm|17\/100\n|-enditem|p2a: Orthworm|Leftovers|[from] move: Knock Off|[of] p1b: Weavile\n|move|p1a: Weezing|Taunt|p2b: Trevenant\n|-start|p2b: Trevenant|move: Taunt\n|cant|p2b: Trevenant|move: Taunt|Trick Room\n|\n|upkeep\n|turn|2\n|\n|t:|1700445308\n|move|p1b: Weavile|Knock Off|p2b: Trevenant\n|-supereffective|p2b: Trevenant\n|-damage|p2b: Trevenant|0 fnt\n|-enditem|p2b: Trevenant|Sitrus Berry|[from] move: Knock Off|[of] p1b: Weavile\n|faint|p2b: Trevenant\n|move|p2a: Orthworm|Heavy Slam|p1a: Weezing\n|-supereffective|p1a: Weezing\n|-damage|p1a: Weezing|31\/100\n|move|p1a: Weezing|Fire Blast|p2a: Orthworm\n|-supereffective|p2a: Orthworm\n|-damage|p2a: Orthworm|0 fnt\n|faint|p2a: Orthworm\n|\n|upkeep\n|\n|t:|1700445316\n|switch|p2a: Dugtrio|Dugtrio, L50, F|100\/100\n|switch|p2b: Mismagius|Mismagius, L50, F|100\/100\n|turn|3\n|\n|t:|1700445330\n|-terastallize|p2b: Mismagius|Fairy\n|move|p2a: Dugtrio|Protect|p2a: Dugtrio\n|-singleturn|p2a: Dugtrio|Protect\n|move|p1b: Weavile|Knock Off|p2b: Mismagius\n|-resisted|p2b: Mismagius\n|-damage|p2b: Mismagius|35\/100\n|-enditem|p2b: Mismagius|Choice Specs|[from] move: Knock Off|[of] p1b: Weavile\n|move|p2b: Mismagius|Dazzling Gleam|p1b: Weavile|[spread] p1a,p1b\n|-resisted|p1a: Weezing\n|-supereffective|p1b: Weavile\n|-damage|p1a: Weezing|19\/100\n|-damage|p1b: Weavile|29\/100\n|-enditem|p1a: Weezing|Mago Berry|[eat]\n|-heal|p1a: Weezing|52\/100|[from] item: Mago Berry\n|move|p1a: Weezing|Will-O-Wisp|p2a: Dugtrio\n|-activate|p2a: Dugtrio|move: Protect\n|\n|upkeep\n|turn|4\n|\n|t:|1700445352\n|move|p2a: Dugtrio|Sucker Punch|p1b: Weavile\n|-resisted|p1b: Weavile\n|-damage|p1b: Weavile|11\/100\n|move|p1b: Weavile|Knock Off|p2a: Dugtrio\n|-enditem|p2a: Dugtrio|Focus Sash\n|-damage|p2a: Dugtrio|1\/100\n|move|p2b: Mismagius|Psychic|p1a: Weezing\n|-supereffective|p1a: Weezing\n|-damage|p1a: Weezing|0 fnt\n|faint|p1a: Weezing\n|-end|p1a: Weezing|ability: Neutralizing Gas\n|-ability|p1b: Weavile|Pressure\n|\n|upkeep\n|\n|t:|1700445369\n|switch|p1a: Squawkabilly|Squawkabilly, L50, F|100\/100\n|-ability|p1a: Squawkabilly|Intimidate|boost\n|-unboost|p2a: Dugtrio|atk|1\n|-unboost|p2b: Mismagius|atk|1\n|turn|5\n|\n|t:|1700445389\n|-terastallize|p1a: Squawkabilly|Steel\n|move|p2a: Dugtrio|Sucker Punch|p1b: Weavile\n|-resisted|p1b: Weavile\n|-damage|p1b: Weavile|0 fnt\n|faint|p1b: Weavile\n|move|p2b: Mismagius|Dazzling Gleam|p1a: Squawkabilly\n|-resisted|p1a: Squawkabilly\n|-damage|p1a: Squawkabilly|71\/100\n|move|p1a: Squawkabilly|Brave Bird|p2b: Mismagius\n|-damage|p2b: Mismagius|0 fnt\n|faint|p2b: Mismagius\n|-damage|p1a: Squawkabilly|63\/100|[from] Recoil\n|\n|upkeep\n|\n|t:|1700445393\n|switch|p1b: Grafaiai|Grafaiai, L50, M|100\/100\n|turn|6\n|\n|t:|1700445402\n|move|p2a: Dugtrio|Protect|p2a: Dugtrio\n|-singleturn|p2a: Dugtrio|Protect\n|move|p1b: Grafaiai|Knock Off|p2a: Dugtrio\n|-activate|p2a: Dugtrio|move: Protect\n|move|p1a: Squawkabilly|Brave Bird|p2a: Dugtrio\n|-activate|p2a: Dugtrio|move: Protect\n|\n|upkeep\n|turn|7\n|\n|t:|1700445411\n|move|p2a: Dugtrio|Earthquake|p1a: Squawkabilly|[spread] p1a,p1b\n|-supereffective|p1a: Squawkabilly\n|-supereffective|p1b: Grafaiai\n|-damage|p1a: Squawkabilly|0 fnt\n|-damage|p1b: Grafaiai|17\/100\n|faint|p1a: Squawkabilly\n|move|p1b: Grafaiai|Knock Off|p2a: Dugtrio\n|-damage|p2a: Dugtrio|0 fnt\n|faint|p2a: Dugtrio\n|\n|win|Umbrian\n|c|\u2606xCoolio|dang that was a crit away\n|inactive|Umbrian has 50 seconds to confirm battle start!\n|inactive|xCoolio has 50 seconds to confirm battle start!\n|c|&|\/uhtml prompt-xcoolio,xCoolio is ready for game 2!\n|c|\u2606Umbrian|true lol\n|inactive|Umbrian has 40 seconds to confirm battle start!\n|c|&|\/uhtml prompt-umbrian,Umbrian is ready for game 2!\nBoth players are ready! Starting next match!\n|j| Memes4.0\n|l|\u2606xCoolio\n","uploadtime":1700445892,"views":7,"p1id":"umbrian","p2id":"xcoolio","formatid":"gen9vgc2023regulatione","rating":0,"private":0,"password":""}