{"id":"gen9vgc2023regulatione-1992373321","p1":"CALAMELLA","p2":"PomegranateSparkle","format":"[Gen 9] VGC 2023 Regulation E","log":"|j|\u2606CALAMELLA\n|j|\u2606PomegranateSparkle\n|t:|1700180078\n|gametype|doubles\n|player|p1|CALAMELLA|drayden|1426\n|player|p2|PomegranateSparkle|sage|1342\n|teamsize|p1|6\n|teamsize|p2|6\n|gen|9\n|tier|[Gen 9] VGC 2023 Regulation E\n|rated|\n|rule|Species Clause: Limit one of each Pok\u00e9mon\n|rule|Item Clause: Limit one of each item\n|clearpoke\n|poke|p1|Ursaluna-Bloodmoon, L50, M|\n|poke|p1|Dusclops, L50, M|\n|poke|p1|Ogerpon-Hearthflame, L50, F|\n|poke|p1|Rillaboom, L50, F|\n|poke|p1|Flutter Mane, L50|\n|poke|p1|Roaring Moon, L50|\n|poke|p2|Annihilape, L50, F|\n|poke|p2|Arcanine-Hisui, L50, M|\n|poke|p2|Iron Bundle, L50|\n|poke|p2|Ogerpon-Wellspring, L50, F|\n|poke|p2|Rillaboom, L50, M|\n|poke|p2|Gholdengo, L50|\n|teampreview|4\n|inactive|Battle timer is ON: inactive players will automatically lose when time's up. (requested by CALAMELLA)\n|\n|t:|1700180147\n|start\n|switch|p1a: Roaring Moon|Roaring Moon, L50|100\/100\n|switch|p1b: Flutter Mane|Flutter Mane, L50|100\/100\n|switch|p2a: Gholdengo|Gholdengo, L50, shiny|100\/100\n|switch|p2b: Arcanine|Arcanine-Hisui, L50, M|100\/100\n|-ability|p2b: Arcanine|Intimidate|boost\n|-unboost|p1a: Roaring Moon|atk|1\n|-unboost|p1b: Flutter Mane|atk|1\n|-enditem|p1b: Flutter Mane|Booster Energy\n|-activate|p1b: Flutter Mane|ability: Protosynthesis|[fromitem]\n|-start|p1b: Flutter Mane|protosynthesisspe\n|turn|1\n|inactive|CALAMELLA has 30 seconds left.\n|inactive|PomegranateSparkle has 30 seconds left.\n|\n|t:|1700180177\n|move|p2a: Gholdengo|Protect|p2a: Gholdengo\n|-singleturn|p2a: Gholdengo|Protect\n|move|p1b: Flutter Mane|Moonblast|p2a: Gholdengo\n|-activate|p2a: Gholdengo|move: Protect\n|move|p1a: Roaring Moon|Knock Off|p2a: Gholdengo\n|-activate|p2a: Gholdengo|move: Protect\n|move|p2b: Arcanine|Rock Slide|p1b: Flutter Mane|[spread] p1a,p1b\n|-damage|p1a: Roaring Moon|45\/100\n|-damage|p1b: Flutter Mane|10\/100\n|\n|upkeep\n|turn|2\n|inactive|CALAMELLA has 30 seconds left.\n|\n|t:|1700180203\n|switch|p2a: Ogerpon|Ogerpon-Wellspring, L50, F|100\/100\n|move|p1b: Flutter Mane|Shadow Ball|p2a: Ogerpon\n|-damage|p2a: Ogerpon|55\/100\n|move|p1a: Roaring Moon|Breaking Swipe|p2a: Ogerpon|[spread] p2a,p2b\n|-damage|p2a: Ogerpon|36\/100\n|-damage|p2b: Arcanine|83\/100\n|-unboost|p2a: Ogerpon|atk|1\n|-unboost|p2b: Arcanine|atk|1\n|move|p2b: Arcanine|Rock Slide|p1b: Flutter Mane|[spread] p1a,p1b\n|-damage|p1a: Roaring Moon|8\/100\n|-damage|p1b: Flutter Mane|0 fnt\n|faint|p1b: Flutter Mane\n|-end|p1b: Flutter Mane|Protosynthesis|[silent]\n|\n|upkeep\n|\n|t:|1700180222\n|switch|p1b: Rillaboom|Rillaboom, L50, F|100\/100\n|-fieldstart|move: Grassy Terrain|[from] ability: Grassy Surge|[of] p1b: Rillaboom\n|turn|3\n|\n|t:|1700180233\n|switch|p2b: Gholdengo|Gholdengo, L50, shiny|100\/100\n|move|p2a: Ogerpon|Spiky Shield|p2a: Ogerpon\n|-singleturn|p2a: Ogerpon|move: Protect\n|move|p1a: Roaring Moon|Breaking Swipe|p2a: Ogerpon|[spread] p2b\n|-activate|p2a: Ogerpon|move: Protect\n|-damage|p1a: Roaring Moon|0 fnt|[from] Spiky Shield|[of] p2a: Ogerpon\n|-resisted|p2b: Gholdengo\n|-damage|p2b: Gholdengo|93\/100\n|-unboost|p2b: Gholdengo|atk|1\n|faint|p1a: Roaring Moon\n|-end|p1a: Roaring Moon|Protosynthesis|[silent]\n|move|p1b: Rillaboom|High Horsepower|p2b: Gholdengo\n|-supereffective|p2b: Gholdengo\n|-damage|p2b: Gholdengo|25\/100\n|\n|-heal|p2a: Ogerpon|42\/100|[from] Grassy Terrain\n|-heal|p2b: Gholdengo|31\/100|[from] Grassy Terrain\n|-heal|p2b: Gholdengo|37\/100|[from] item: Leftovers\n|upkeep\n|\n|t:|1700180254\n|switch|p1a: Ogerpon|Ogerpon-Hearthflame, L50, F|100\/100\n|-ability|p1a: Ogerpon|Mold Breaker\n|turn|4\n|\n|t:|1700180268\n|switch|p2a: Arcanine|Arcanine-Hisui, L50, M|83\/100\n|-ability|p2a: Arcanine|Intimidate|boost\n|-unboost|p1a: Ogerpon|atk|1\n|-unboost|p1b: Rillaboom|atk|1\n|move|p2b: Gholdengo|Protect|p2b: Gholdengo\n|-singleturn|p2b: Gholdengo|Protect\n|move|p1a: Ogerpon|Grassy Glide|p2a: Arcanine\n|-damage|p2a: Arcanine|43\/100\n|move|p1b: Rillaboom|Grassy Glide|p2a: Arcanine\n|-damage|p2a: Arcanine|15\/100\n|\n|-heal|p2a: Arcanine|21\/100|[from] Grassy Terrain\n|-heal|p2b: Gholdengo|43\/100|[from] Grassy Terrain\n|-heal|p2b: Gholdengo|49\/100|[from] item: Leftovers\n|upkeep\n|turn|5\n|inactive|CALAMELLA has 30 seconds left.\n|inactive|PomegranateSparkle has 30 seconds left.\n|\n|t:|1700180301\n|switch|p2a: Rillaboom|Rillaboom, L50, M|100\/100\n|-terastallize|p2b: Gholdengo|Dragon\n|move|p1b: Rillaboom|Grassy Glide|p2a: Rillaboom\n|-resisted|p2a: Rillaboom\n|-damage|p2a: Rillaboom|89\/100\n|move|p1a: Ogerpon|Ivy Cudgel|p2b: Gholdengo|[anim] Ivy Cudgel Fire\n|-resisted|p2b: Gholdengo\n|-damage|p2b: Gholdengo|28\/100\n|move|p2b: Gholdengo|Shadow Ball|p1a: Ogerpon\n|-damage|p1a: Ogerpon|56\/100\n|\n|-heal|p1a: Ogerpon|62\/100|[from] Grassy Terrain\n|-heal|p2b: Gholdengo|34\/100|[from] Grassy Terrain\n|-heal|p2b: Gholdengo|40\/100|[from] item: Leftovers\n|-heal|p2a: Rillaboom|95\/100|[from] Grassy Terrain\n|upkeep\n|turn|6\n|\n|t:|1700180326\n|move|p1a: Ogerpon|Spiky Shield|p1a: Ogerpon\n|-singleturn|p1a: Ogerpon|move: Protect\n|move|p2a: Rillaboom|Fake Out|p1a: Ogerpon\n|-activate|p1a: Ogerpon|move: Protect\n|-damage|p2a: Rillaboom|82\/100|[from] Spiky Shield|[of] p1a: Ogerpon\n|move|p2b: Gholdengo|Nasty Plot|p2b: Gholdengo\n|-boost|p2b: Gholdengo|spa|2\n|move|p1b: Rillaboom|High Horsepower|p2b: Gholdengo\n|-damage|p2b: Gholdengo|19\/100\n|\n|-heal|p1a: Ogerpon|68\/100|[from] Grassy Terrain\n|-heal|p2b: Gholdengo|25\/100|[from] Grassy Terrain\n|-heal|p2b: Gholdengo|31\/100|[from] item: Leftovers\n|-heal|p2a: Rillaboom|88\/100|[from] Grassy Terrain\n|upkeep\n|turn|7\n|\n|t:|1700180350\n|switch|p2a: Arcanine|Arcanine-Hisui, L50, M|21\/100\n|-ability|p2a: Arcanine|Intimidate|boost\n|-unboost|p1a: Ogerpon|atk|1\n|-unboost|p1b: Rillaboom|atk|1\n|-terastallize|p1a: Ogerpon|Fire\n|detailschange|p1a: Ogerpon|Ogerpon-Hearthflame-Tera, L50, F, tera:Fire\n|-ability|p1a: Ogerpon|Embody Aspect (Hearthflame)|boost\n|-boost|p1a: Ogerpon|atk|1\n|move|p2b: Gholdengo|Protect|p2b: Gholdengo\n|-singleturn|p2b: Gholdengo|Protect\n|move|p1a: Ogerpon|Ivy Cudgel|p2a: Arcanine|[anim] Ivy Cudgel Fire\n|-resisted|p2a: Arcanine\n|-damage|p2a: Arcanine|3\/100\n|move|p1b: Rillaboom|High Horsepower|p2b: Gholdengo\n|-activate|p2b: Gholdengo|move: Protect\n|\n|-heal|p1a: Ogerpon|74\/100|[from] Grassy Terrain\n|-heal|p2a: Arcanine|9\/100|[from] Grassy Terrain\n|-heal|p2b: Gholdengo|37\/100|[from] Grassy Terrain\n|-heal|p2b: Gholdengo|42\/100|[from] item: Leftovers\n|-fieldend|move: Grassy Terrain\n|upkeep\n|turn|8\n|inactive|PomegranateSparkle has 30 seconds left.\n|\n|t:|1700180381\n|move|p2a: Arcanine|Extreme Speed|p1a: Ogerpon\n|-damage|p1a: Ogerpon|22\/100\n|move|p1a: Ogerpon|Ivy Cudgel|p2b: Gholdengo|[anim] Ivy Cudgel Fire\n|-resisted|p2b: Gholdengo\n|-damage|p2b: Gholdengo|15\/100\n|move|p2b: Gholdengo|Shadow Ball|p1b: Rillaboom\n|-damage|p1b: Rillaboom|41\/100\n|move|p1b: Rillaboom|Grassy Glide|p2b: Gholdengo\n|-resisted|p2b: Gholdengo\n|-crit|p2b: Gholdengo\n|-damage|p2b: Gholdengo|0 fnt\n|faint|p2b: Gholdengo\n|\n|upkeep\n|\n|t:|1700180400\n|switch|p2b: Rillaboom|Rillaboom, L50, M|88\/100\n|-fieldstart|move: Grassy Terrain|[from] ability: Grassy Surge|[of] p2b: Rillaboom\n|turn|9\n|\n|t:|1700180415\n|move|p2b: Rillaboom|Fake Out|p1b: Rillaboom\n|-damage|p1b: Rillaboom|28\/100\n|move|p2a: Arcanine|Extreme Speed|p1a: Ogerpon\n|-damage|p1a: Ogerpon|0 fnt\n|faint|p1a: Ogerpon\n|cant|p1b: Rillaboom|flinch\n|\n|-heal|p2a: Arcanine|15\/100|[from] Grassy Terrain\n|-heal|p2b: Rillaboom|94\/100|[from] Grassy Terrain\n|-heal|p1b: Rillaboom|34\/100|[from] Grassy Terrain\n|upkeep\n|turn|10\n|\n|t:|1700180431\n|move|p2a: Arcanine|Extreme Speed|p1b: Rillaboom\n|-damage|p1b: Rillaboom|0 fnt\n|faint|p1b: Rillaboom\n|\n|win|PomegranateSparkle\n|raw|CALAMELLA's rating: 1426 &rarr; <strong>1401<\/strong><br \/>(-25 for losing)\n|raw|PomegranateSparkle's rating: 1342 &rarr; <strong>1367<\/strong><br \/>(+25 for winning)\n|l|\u2606CALAMELLA\n","uploadtime":1700180444,"views":52,"p1id":"calamella","p2id":"pomegranatesparkle","formatid":"gen9vgc2023regulatione","rating":1367,"private":0,"password":""}