{"id":"gen9vgc2023regulatione-1995789700","p1":"mythikz","p2":"KitchenIsInFlames","format":"[Gen 9] VGC 2023 Regulation E","log":"|j|\u2606mythikz\n|j|\u2606KitchenIsInFlames\n|n|\u2606mythikz|mythikz\n|n|\u2606KitchenIsInFlames|kitchenisinflames\n|html|View the match progress at <a href=\"\/game-bestof3-gen9vgc2023regulatione-1995789699\">game-bestof3-gen9vgc2023regulatione-1995789699<\/a>\n|t:|1700603358\n|gametype|doubles\n|player|p1|mythikz|n|\n|player|p2|KitchenIsInFlames|blue|\n|teamsize|p1|6\n|teamsize|p2|6\n|gen|9\n|tier|[Gen 9] VGC 2023 Regulation E\n|rated|Tournament battle\n|rule|Species Clause: Limit one of each Pok\u00e9mon\n|rule|Item Clause: Limit one of each item\n|clearpoke\n|poke|p1|Baxcalibur, L50, F|\n|poke|p1|Ogerpon, L50, F|\n|poke|p1|Iron Hands, L50|\n|poke|p1|Ninetales-Alola, L50, M|\n|poke|p1|Gyarados, L50, M|\n|poke|p1|Heatran, L50, M|\n|poke|p2|Landorus-Therian, L50, M|\n|poke|p2|Flutter Mane, L50|\n|poke|p2|Heatran, L50, M|\n|poke|p2|Iron Hands, L50|\n|poke|p2|Amoonguss, L50, F|\n|poke|p2|Roaring Moon, L50|\n|teampreview|4\n|showteam|p1|Baxcalibur||LoadedDice|ThermalExchange|Protect,ScaleShot,SwordsDance,IcicleSpear|||F|||50|,,,,,Water]Ogerpon||LifeOrb|Defiant|SpikyShield,Uturn,StompingTantrum,IvyCudgel|||F|||50|,,,,,Grass]Iron Hands||AssaultVest|QuarkDrive|FakeOut,HeavySlam,DrainPunch,WildCharge||||||50|,,,,,Grass]Ninetales-Alola||LightClay|SnowWarning|AuroraVeil,Protect,Moonblast,FreezeDry|||M|||50|,,,,,Water]Gyarados||SitrusBerry|Intimidate|Protect,TeraBlast,Taunt,Waterfall|||M|||50|,,,,,Ground]Heatran||Leftovers|FlashFire|LavaPlume,Protect,FlashCannon,MagmaStorm|||M|||50|,,,,,Flying\n|showteam|p2|Landorus-Therian||ChoiceScarf|Intimidate|StompingTantrum,TeraBlast,Uturn,RockSlide|||M|||50|,,,,,Flying]Flutter Mane||ChoiceSpecs|Protosynthesis|Moonblast,DazzlingGleam,ShadowBall,PerishSong||||||50|,,,,,Fairy]Heatran||LifeOrb|FlashFire|HeatWave,EarthPower,FlashCannon,Protect|||M|||50|,,,,,Fairy]Iron Hands||AssaultVest|QuarkDrive|FakeOut,DrainPunch,WildCharge,HeavySlam||||||50|,,,,,Grass]Amoonguss||RockyHelmet|Regenerator|Spore,RagePowder,PollenPuff,Protect|||F|||50|,,,,,Water]Roaring Moon||BoosterEnergy|Protosynthesis|Acrobatics,KnockOff,DragonDance,Protect||||||50|,,,,,Flying\n|\n|t:|1700603412\n|start\n|switch|p1a: Heatran|Heatran, L50, M|100\/100\n|switch|p1b: Ninetales|Ninetales-Alola, L50, M|100\/100\n|switch|p2a: Landorus|Landorus-Therian, L50, M|100\/100\n|switch|p2b: Iron Hands|Iron Hands, L50|100\/100\n|-ability|p2a: Landorus|Intimidate|boost\n|-unboost|p1a: Heatran|atk|1\n|-unboost|p1b: Ninetales|atk|1\n|-weather|Snow|[from] ability: Snow Warning|[of] p1b: Ninetales\n|turn|1\n|\n|t:|1700603436\n|switch|p1a: Gyarados|Gyarados, L50, M|100\/100\n|-ability|p1a: Gyarados|Intimidate|boost\n|-unboost|p2a: Landorus|atk|1\n|-unboost|p2b: Iron Hands|atk|1\n|move|p1b: Ninetales|Protect|p1b: Ninetales\n|-singleturn|p1b: Ninetales|Protect\n|move|p2a: Landorus|U-turn|p1b: Ninetales\n|-activate|p1b: Ninetales|move: Protect\n|move|p2b: Iron Hands|Heavy Slam|p1b: Ninetales\n|-activate|p1b: Ninetales|move: Protect\n|\n|-weather|Snow|[upkeep]\n|upkeep\n|turn|2\n|\n|t:|1700603477\n|-terastallize|p1a: Gyarados|Ground\n|move|p2a: Landorus|U-turn|p1b: Ninetales\n|-resisted|p1b: Ninetales\n|-damage|p1b: Ninetales|92\/100\n|\n|t:|1700603494\n|switch|p2a: Roaring Moon|Roaring Moon, L50|100\/100|[from] U-turn\n|-enditem|p2a: Roaring Moon|Booster Energy\n|-activate|p2a: Roaring Moon|ability: Protosynthesis|[fromitem]\n|-start|p2a: Roaring Moon|protosynthesisatk\n|move|p1b: Ninetales|Aurora Veil|p1b: Ninetales\n|-sidestart|p1: mythikz|move: Aurora Veil\n|move|p1a: Gyarados|Tera Blast|p2b: Iron Hands|[anim] Tera Blast Ground\n|-supereffective|p2b: Iron Hands\n|-damage|p2b: Iron Hands|58\/100\n|move|p2b: Iron Hands|Wild Charge|p1a: Gyarados\n|-immune|p1a: Gyarados\n|\n|-weather|Snow|[upkeep]\n|upkeep\n|turn|3\n|\n|t:|1700603532\n|switch|p1a: Heatran|Heatran, L50, M|100\/100\n|-end|p2b: Iron Hands|Quark Drive|[silent]\n|switch|p2b: Landorus|Landorus-Therian, L50, M|100\/100\n|-ability|p2b: Landorus|Intimidate|boost\n|-unboost|p1a: Heatran|atk|1\n|-unboost|p1b: Ninetales|atk|1\n|-terastallize|p2a: Roaring Moon|Flying\n|move|p1b: Ninetales|Protect|p1b: Ninetales\n|-singleturn|p1b: Ninetales|Protect\n|move|p2a: Roaring Moon|Acrobatics|p1b: Ninetales\n|-activate|p1b: Ninetales|move: Protect\n|\n|-weather|Snow|[upkeep]\n|upkeep\n|turn|4\n|\n|t:|1700603558\n|switch|p1a: Gyarados|Gyarados, L50, M, tera:Ground|100\/100\n|-ability|p1a: Gyarados|Intimidate|boost\n|-unboost|p2a: Roaring Moon|atk|1\n|-unboost|p2b: Landorus|atk|1\n|move|p2b: Landorus|Stomping Tantrum|p1a: Gyarados\n|-damage|p1a: Gyarados|83\/100\n|move|p1b: Ninetales|Freeze-Dry|p2a: Roaring Moon\n|-supereffective|p2a: Roaring Moon\n|-damage|p2a: Roaring Moon|54\/100\n|move|p2a: Roaring Moon|Acrobatics|p1b: Ninetales\n|-damage|p1b: Ninetales|66\/100\n|\n|-weather|Snow|[upkeep]\n|upkeep\n|turn|5\n|\n|t:|1700603576\n|switch|p2b: Iron Hands|Iron Hands, L50|58\/100\n|-end|p2a: Roaring Moon|Protosynthesis|[silent]\n|switch|p2a: Heatran|Heatran, L50, M|100\/100\n|move|p1b: Ninetales|Freeze-Dry|p2a: Heatran\n|-resisted|p2a: Heatran\n|-crit|p2a: Heatran\n|-damage|p2a: Heatran|93\/100\n|move|p1a: Gyarados|Waterfall|p2b: Iron Hands\n|-damage|p2b: Iron Hands|35\/100\n|\n|-weather|none\n|upkeep\n|turn|6\n|\n|t:|1700603606\n|switch|p1b: Heatran|Heatran, L50, M|100\/100\n|move|p2b: Iron Hands|Fake Out|p1a: Gyarados\n|-damage|p1a: Gyarados|72\/100\n|move|p2a: Heatran|Flash Cannon|p1b: Heatran\n|-resisted|p1b: Heatran\n|-damage|p1b: Heatran|92\/100\n|-damage|p2a: Heatran|83\/100|[from] item: Life Orb\n|cant|p1a: Gyarados|flinch\n|\n|-heal|p1b: Heatran|98\/100|[from] item: Leftovers\n|upkeep\n|turn|7\n|\n|t:|1700603631\n|move|p2a: Heatran|Protect|p2a: Heatran\n|-singleturn|p2a: Heatran|Protect\n|move|p1a: Gyarados|Tera Blast|p2a: Heatran|[anim] Tera Blast Ground\n|-activate|p2a: Heatran|move: Protect\n|move|p1b: Heatran|Magma Storm|p2b: Iron Hands|[miss]\n|-miss|p1b: Heatran|p2b: Iron Hands\n|move|p2b: Iron Hands|Drain Punch|p1a: Gyarados\n|-damage|p1a: Gyarados|45\/100\n|-heal|p2b: Iron Hands|47\/100|[from] drain|[of] p1a: Gyarados\n|-enditem|p1a: Gyarados|Sitrus Berry|[eat]\n|-heal|p1a: Gyarados|69\/100|[from] item: Sitrus Berry\n|\n|-heal|p1b: Heatran|100\/100|[from] item: Leftovers\n|upkeep\n|turn|8\n|\n|t:|1700603654\n|switch|p2a: Landorus|Landorus-Therian, L50, M|100\/100\n|-ability|p2a: Landorus|Intimidate|boost\n|-unboost|p1a: Gyarados|atk|1\n|-unboost|p1b: Heatran|atk|1\n|-end|p2b: Iron Hands|Quark Drive|[silent]\n|switch|p2b: Roaring Moon|Roaring Moon, L50, tera:Flying|54\/100\n|move|p1a: Gyarados|Waterfall|p2a: Landorus\n|-supereffective|p2a: Landorus\n|-damage|p2a: Landorus|49\/100\n|move|p1b: Heatran|Magma Storm|p2b: Roaring Moon\n|-damage|p2b: Roaring Moon|2\/100\n|-activate|p2b: Roaring Moon|move: Magma Storm|[of] p1b: Heatran\n|\n|-damage|p2b: Roaring Moon|0 fnt|[from] move: Magma Storm|[partiallytrapped]\n|faint|p2b: Roaring Moon\n|-end|p2b: Roaring Moon|Protosynthesis|[silent]\n|upkeep\n|\n|t:|1700603657\n|switch|p2b: Iron Hands|Iron Hands, L50|47\/100\n|turn|9\n|\n|t:|1700603671\n|move|p1a: Gyarados|Protect|p1a: Gyarados\n|-singleturn|p1a: Gyarados|Protect\n|move|p1b: Heatran|Protect|p1b: Heatran\n|-singleturn|p1b: Heatran|Protect\n|move|p2b: Iron Hands|Fake Out|p1a: Gyarados\n|-activate|p1a: Gyarados|move: Protect\n|move|p2a: Landorus|Stomping Tantrum|p1b: Heatran\n|-activate|p1b: Heatran|move: Protect\n|\n|-sideend|p1: mythikz|move: Aurora Veil\n|upkeep\n|turn|10\n|\n|t:|1700603692\n|switch|p1b: Ninetales|Ninetales-Alola, L50, M|66\/100\n|-weather|Snow|[from] ability: Snow Warning|[of] p1b: Ninetales\n|move|p2a: Landorus|Stomping Tantrum|p1b: Ninetales\n|-damage|p1b: Ninetales|29\/100\n|move|p1a: Gyarados|Waterfall|p2a: Landorus\n|-supereffective|p2a: Landorus\n|-damage|p2a: Landorus|0 fnt\n|faint|p2a: Landorus\n|move|p2b: Iron Hands|Drain Punch|p1a: Gyarados\n|-damage|p1a: Gyarados|26\/100\n|-heal|p2b: Iron Hands|66\/100|[from] drain|[of] p1a: Gyarados\n|\n|-weather|Snow|[upkeep]\n|upkeep\n|\n|t:|1700603704\n|switch|p2a: Heatran|Heatran, L50, M|83\/100\n|turn|11\n|\n|t:|1700603723\n|move|p2a: Heatran|Protect|p2a: Heatran\n|-singleturn|p2a: Heatran|Protect\n|move|p1a: Gyarados|Protect|p1a: Gyarados\n|-singleturn|p1a: Gyarados|Protect\n|move|p1b: Ninetales|Aurora Veil|p1b: Ninetales\n|-sidestart|p1: mythikz|move: Aurora Veil\n|move|p2b: Iron Hands|Drain Punch|p1a: Gyarados\n|-activate|p1a: Gyarados|move: Protect\n|\n|-weather|Snow|[upkeep]\n|upkeep\n|turn|12\n|\n|t:|1700603736\n|move|p1b: Ninetales|Moonblast|p2b: Iron Hands\n|-supereffective|p2b: Iron Hands\n|-damage|p2b: Iron Hands|32\/100\n|-unboost|p2b: Iron Hands|spa|1\n|move|p2a: Heatran|Heat Wave|p1a: Gyarados|[spread] p1a,p1b\n|-supereffective|p1b: Ninetales\n|-damage|p1a: Gyarados|0 fnt\n|-damage|p1b: Ninetales|0 fnt\n|faint|p1a: Gyarados\n|faint|p1b: Ninetales\n|-damage|p2a: Heatran|74\/100|[from] item: Life Orb\n|move|p2b: Iron Hands|Drain Punch|p1: Gyarados|[notarget]\n|-fail|p2b: Iron Hands\n|\n|-weather|Snow|[upkeep]\n|upkeep\n|\n|t:|1700603745\n|switch|p1b: Baxcalibur|Baxcalibur, L50, F|100\/100\n|switch|p1a: Heatran|Heatran, L50, M|100\/100\n|turn|13\n|\n|t:|1700603765\n|move|p1b: Baxcalibur|Swords Dance|p1b: Baxcalibur\n|-boost|p1b: Baxcalibur|atk|2\n|move|p2a: Heatran|Earth Power|p1a: Heatran\n|-supereffective|p1a: Heatran\n|-damage|p1a: Heatran|7\/100\n|-damage|p2a: Heatran|64\/100|[from] item: Life Orb\n|move|p1a: Heatran|Lava Plume|p2a: Heatran|[spread] p1b,p2b\n|-start|p2a: Heatran|ability: Flash Fire\n|-damage|p1b: Baxcalibur|78\/100\n|-damage|p2b: Iron Hands|14\/100\n|-ability|p1b: Baxcalibur|Thermal Exchange|boost\n|-boost|p1b: Baxcalibur|atk|1\n|move|p2b: Iron Hands|Drain Punch|p1a: Heatran\n|-supereffective|p1a: Heatran\n|-damage|p1a: Heatran|0 fnt\n|-heal|p2b: Iron Hands|16\/100|[from] drain|[of] p1a: Heatran\n|faint|p1a: Heatran\n|\n|-weather|Snow|[upkeep]\n|upkeep\n|turn|14\n|\n|t:|1700603783\n|move|p1b: Baxcalibur|Scale Shot|p2a: Heatran\n|-resisted|p2a: Heatran\n|-damage|p2a: Heatran|48\/100\n|-resisted|p2a: Heatran\n|-crit|p2a: Heatran\n|-damage|p2a: Heatran|24\/100\n|-resisted|p2a: Heatran\n|-crit|p2a: Heatran\n|-damage|p2a: Heatran|3\/100\n|-resisted|p2a: Heatran\n|-damage|p2a: Heatran|0 fnt\n|faint|p2a: Heatran\n|-hitcount|p2: Heatran|4\n|-unboost|p1b: Baxcalibur|def|1\n|-boost|p1b: Baxcalibur|spe|1\n|move|p2b: Iron Hands|Drain Punch|p1b: Baxcalibur\n|-supereffective|p1b: Baxcalibur\n|-damage|p1b: Baxcalibur|24\/100\n|-heal|p2b: Iron Hands|41\/100|[from] drain|[of] p1b: Baxcalibur\n|\n|-weather|none\n|upkeep\n|turn|15\n|\n|t:|1700603802\n|move|p1b: Baxcalibur|Scale Shot|p2b: Iron Hands\n|-damage|p2b: Iron Hands|18\/100\n|-damage|p2b: Iron Hands|0 fnt\n|faint|p2b: Iron Hands\n|-end|p2b: Iron Hands|Quark Drive|[silent]\n|-hitcount|p2: Iron Hands|2\n|\n|win|mythikz\n|c|&|\/uhtml prompt-kitchenisinflames,KitchenIsInFlames is ready for game 2!\n|c|&|\/uhtml prompt-mythikz,mythikz is ready for game 2!\nBoth players are ready! Starting next match!\n|l|\u2606mythikz\n","uploadtime":1700603980,"views":0,"p1id":"mythikz","p2id":"kitchenisinflames","formatid":"gen9vgc2023regulatione","rating":0,"private":0,"password":""}