{"id":"gen9vgc2023regulatione-1996317055","p1":"wu1fan","p2":"Iooyan","format":"[Gen 9] VGC 2023 Regulation E","log":"|j|\u2606wu1fan\n|j|\u2606Iooyan\n|t:|1700670539\n|gametype|doubles\n|player|p1|wu1fan|102|1045\n|player|p2|Iooyan|cynthia|1030\n|teamsize|p1|6\n|teamsize|p2|6\n|gen|9\n|tier|[Gen 9] VGC 2023 Regulation E\n|rated|\n|rule|Species Clause: Limit one of each Pok\u00e9mon\n|rule|Item Clause: Limit one of each item\n|clearpoke\n|poke|p1|Arcanine-Hisui, L50, M|\n|poke|p1|Baxcalibur, L50, M|\n|poke|p1|Ninetales-Alola, L50, F|\n|poke|p1|Ogerpon-Wellspring, L50, F|\n|poke|p1|Clefairy, L50, M|\n|poke|p1|Flutter Mane, L50|\n|poke|p2|Landorus-Therian, L50, M|\n|poke|p2|Urshifu-*, L50, M|\n|poke|p2|Flutter Mane, L50|\n|poke|p2|Chien-Pao, L50|\n|poke|p2|Amoonguss, L50, M|\n|poke|p2|Iron Hands, L50|\n|teampreview|4\n|inactive|Battle timer is ON: inactive players will automatically lose when time's up. (requested by Iooyan)\n|\n|t:|1700670567\n|start\n|switch|p1a: Ninetales|Ninetales-Alola, L50, F|100\/100\n|switch|p1b: Baxcalibur|Baxcalibur, L50, M|100\/100\n|switch|p2a: Urshifu|Urshifu-Rapid-Strike, L50, M|100\/100\n|switch|p2b: Landorus|Landorus-Therian, L50, M|100\/100\n|-weather|Snow|[from] ability: Snow Warning|[of] p1a: Ninetales\n|-ability|p2b: Landorus|Intimidate|boost\n|-unboost|p1a: Ninetales|atk|1\n|-unboost|p1b: Baxcalibur|atk|1\n|turn|1\n|\n|t:|1700670587\n|switch|p2b: Chien-Pao|Chien-Pao, L50|100\/100\n|-ability|p2b: Chien-Pao|Sword of Ruin\n|switch|p1b: Arcanine|Arcanine-Hisui, L50, M|100\/100\n|-ability|p1b: Arcanine|Intimidate|boost\n|-unboost|p2a: Urshifu|atk|1\n|-unboost|p2b: Chien-Pao|atk|1\n|move|p2a: Urshifu|Protect|p2a: Urshifu\n|-singleturn|p2a: Urshifu|Protect\n|move|p1a: Ninetales|Aurora Veil|p1a: Ninetales\n|-sidestart|p1: wu1fan|move: Aurora Veil\n|\n|-weather|Snow|[upkeep]\n|upkeep\n|turn|2\n|inactive|Iooyan has 30 seconds left.\n|\n|t:|1700670619\n|switch|p2b: Flutter Mane|Flutter Mane, L50|100\/100\n|move|p1a: Ninetales|Moonblast|p2a: Urshifu\n|-supereffective|p2a: Urshifu\n|-damage|p2a: Urshifu|26\/100\n|move|p2a: Urshifu|Surging Strikes|p1b: Arcanine\n|-supereffective|p1b: Arcanine\n|-crit|p1b: Arcanine\n|-damage|p1b: Arcanine|0 fnt\n|faint|p1b: Arcanine\n|-hitcount|p1: Arcanine|1\n|\n|-weather|Snow|[upkeep]\n|upkeep\n|\n|t:|1700670638\n|switch|p1b: Baxcalibur|Baxcalibur, L50, M|100\/100\n|turn|3\n|\n|t:|1700670658\n|-terastallize|p1b: Baxcalibur|Poison\n|move|p2b: Flutter Mane|Moonblast|p1b: Baxcalibur\n|-resisted|p1b: Baxcalibur\n|-damage|p1b: Baxcalibur|79\/100\n|-unboost|p1b: Baxcalibur|spa|1\n|move|p1a: Ninetales|Freeze-Dry|p2a: Urshifu\n|-supereffective|p2a: Urshifu\n|-damage|p2a: Urshifu|0 fnt\n|faint|p2a: Urshifu\n|move|p1b: Baxcalibur|Dragon Dance|p1b: Baxcalibur\n|-boost|p1b: Baxcalibur|atk|1\n|-boost|p1b: Baxcalibur|spe|1\n|\n|-weather|Snow|[upkeep]\n|-heal|p1b: Baxcalibur|85\/100|[from] ability: Ice Body\n|upkeep\n|\n|t:|1700670667\n|switch|p2a: Chien-Pao|Chien-Pao, L50|100\/100\n|-ability|p2a: Chien-Pao|Sword of Ruin\n|turn|4\n|\n|t:|1700670691\n|-end|p2b: Flutter Mane|Protosynthesis|[silent]\n|switch|p2b: Landorus|Landorus-Therian, L50, M|100\/100\n|-ability|p2b: Landorus|Intimidate|boost\n|-unboost|p1a: Ninetales|atk|1\n|-unboost|p1b: Baxcalibur|atk|1\n|move|p2a: Chien-Pao|Sucker Punch|p1b: Baxcalibur\n|-damage|p1b: Baxcalibur|57\/100\n|move|p1a: Ninetales|Moonblast|p2a: Chien-Pao\n|-supereffective|p2a: Chien-Pao\n|-damage|p2a: Chien-Pao|4\/100\n|move|p1b: Baxcalibur|Icicle Spear|p2b: Landorus\n|-supereffective|p2b: Landorus\n|-damage|p2b: Landorus|25\/100\n|-supereffective|p2b: Landorus\n|-damage|p2b: Landorus|0 fnt\n|faint|p2b: Landorus\n|-hitcount|p2: Landorus|2\n|\n|-weather|Snow|[upkeep]\n|-heal|p1b: Baxcalibur|63\/100|[from] ability: Ice Body\n|upkeep\n|\n|t:|1700670701\n|switch|p2b: Flutter Mane|Flutter Mane, L50|100\/100\n|turn|5\n|inactive|Iooyan has 30 seconds left.\n|\n|t:|1700670735\n|move|p2a: Chien-Pao|Protect|p2a: Chien-Pao\n|-singleturn|p2a: Chien-Pao|Protect\n|move|p1b: Baxcalibur|Protect|p1b: Baxcalibur\n|-singleturn|p1b: Baxcalibur|Protect\n|move|p2b: Flutter Mane|Shadow Ball|p1b: Baxcalibur\n|-activate|p1b: Baxcalibur|move: Protect\n|move|p1a: Ninetales|Blizzard|p2a: Chien-Pao|[spread] p2b\n|-activate|p2a: Chien-Pao|move: Protect\n|-damage|p2b: Flutter Mane|77\/100\n|\n|-weather|Snow|[upkeep]\n|-heal|p1b: Baxcalibur|69\/100|[from] ability: Ice Body\n|-sideend|p1: wu1fan|move: Aurora Veil\n|upkeep\n|turn|6\n|inactive|wu1fan has 30 seconds left.\n|\n|t:|1700670765\n|move|p2a: Chien-Pao|Sucker Punch|p1b: Baxcalibur\n|-damage|p1b: Baxcalibur|21\/100\n|move|p2b: Flutter Mane|Shadow Ball|p1b: Baxcalibur\n|-damage|p1b: Baxcalibur|0 fnt\n|faint|p1b: Baxcalibur\n|move|p1a: Ninetales|Aurora Veil|p1a: Ninetales\n|-sidestart|p1: wu1fan|move: Aurora Veil\n|\n|-weather|Snow|[upkeep]\n|upkeep\n|\n|t:|1700670776\n|switch|p1b: Ogerpon|Ogerpon-Wellspring, L50, F|100\/100\n|turn|7\n|inactive|Iooyan has 30 seconds left.\n|\n|t:|1700670807\n|move|p1b: Ogerpon|Spiky Shield|p1b: Ogerpon\n|-singleturn|p1b: Ogerpon|move: Protect\n|move|p2b: Flutter Mane|Shadow Ball|p1b: Ogerpon\n|-activate|p1b: Ogerpon|move: Protect\n|move|p2a: Chien-Pao|Sacred Sword|p1b: Ogerpon\n|-activate|p1b: Ogerpon|move: Protect\n|-damage|p2a: Chien-Pao|0 fnt|[from] Spiky Shield|[of] p1b: Ogerpon\n|faint|p2a: Chien-Pao\n|move|p1a: Ninetales|Blizzard|p2b: Flutter Mane\n|-damage|p2b: Flutter Mane|47\/100\n|\n|-weather|Snow|[upkeep]\n|upkeep\n|turn|8\n|-message|Iooyan forfeited.\n|\n|win|wu1fan\n|raw|wu1fan's rating: 1045 &rarr; <strong>1077<\/strong><br \/>(+32 for winning)\n|raw|Iooyan's rating: 1030 &rarr; <strong>1016<\/strong><br \/>(-14 for losing)\n|l|\u2606Iooyan\n","uploadtime":1700670830,"views":4,"p1id":"wu1fan","p2id":"iooyan","formatid":"gen9vgc2023regulatione","rating":1016,"private":0,"password":""}