{"id":"gen9vgc2023regulatione-1991220098","p1":"Tonino810","p2":"Eviovulpix","format":"[Gen 9] VGC 2023 Regulation E","log":"|j|\u2606Tonino810\n|j|\u2606Eviovulpix\n|n|\u2606Tonino810|tonino810\n|n|\u2606Eviovulpix|eviovulpix\n|html|View the match progress at <a href=\"\/game-bestof3-gen9vgc2023regulatione-1991216130\">game-bestof3-gen9vgc2023regulatione-1991216130<\/a>\n|t:|1700058452\n|gametype|doubles\n|player|p1|Tonino810|1|\n|player|p2|Eviovulpix|dragontamer|\n|teamsize|p1|6\n|teamsize|p2|6\n|gen|9\n|tier|[Gen 9] VGC 2023 Regulation E\n|rule|Species Clause: Limit one of each Pok\u00e9mon\n|rule|Item Clause: Limit one of each item\n|clearpoke\n|poke|p1|Charizard, L50, M|\n|poke|p1|Tornadus, L50, M|\n|poke|p1|Ninetales, L50, M|\n|poke|p1|Gastrodon, L50, F|\n|poke|p1|Iron Hands, L50|\n|poke|p1|Rillaboom, L50, F|\n|poke|p2|Dusclops, L50, M|\n|poke|p2|Ursaluna-Bloodmoon, L50, M|\n|poke|p2|Chi-Yu, L50|\n|poke|p2|Landorus-Therian, L50, M|\n|poke|p2|Iron Hands, L50|\n|poke|p2|Ogerpon-Wellspring, L50, F|\n|teampreview|4\n|j| rari0\nTonino810 has agreed to open team sheets.\nEviovulpix has agreed to open team sheets.\n|showteam|p1|Charizard||Charcoal|SolarPower|Flamethrower,HeatWave,AirSlash,Protect|||M|||50|,,,,,Fire]Tornadus||SharpBeak|Prankster|BleakwindStorm,Tailwind,Protect,SunnyDay|||M|||50|,,,,,Ghost]Ninetales||EjectPack|Drought|Overheat,HeatWave,Protect,SolarBeam|||M|||50|,,,,,Grass]Gastrodon||Leftovers|StormDrain|MuddyWater,Recover,Yawn,IcyWind|||F|||50|,,,,,Fire]Iron Hands||AssaultVest|QuarkDrive|FakeOut,DrainPunch,WildCharge,HeavySlam||||||50|,,,,,Water]Rillaboom||MiracleSeed|GrassySurge|FakeOut,GrassyGlide,HighHorsepower,Protect|||F|||50|,,,,,Fire\n|showteam|p2|Dusclops||Eviolite|Frisk|NightShade,WillOWisp,PainSplit,TrickRoom|||M|||50|,,,,,Dark]Ursaluna-Bloodmoon||LifeOrb|MindsEye|BloodMoon,HyperVoice,Protect,EarthPower|||M|||50|,,,,,Normal]Chi-Yu||FocusSash|BeadsofRuin|Snarl,DarkPulse,HeatWave,Protect||||||50|,,,,,Ghost]Landorus-Therian||ChoiceScarf|Intimidate|TeraBlast,RockTomb,StompingTantrum,Uturn|||M|||50|,,,,,Flying]Iron Hands||AssaultVest|QuarkDrive|FakeOut,HeavySlam,DrainPunch,WildCharge||||||50|,,,,,Fire]Ogerpon-Wellspring||WellspringMask|WaterAbsorb|IvyCudgel,HornLeech,FollowMe,SpikyShield|||F|||50|,,,,,Water\n|inactive|Battle timer is ON: inactive players will automatically lose when time's up. (requested by Tonino810)\n|inactive|Tonino810 has 60 seconds left.\n|l| rari0\n|\n|t:|1700058507\n|start\n|switch|p1a: Tornadus|Tornadus, L50, M|100\/100\n|switch|p1b: Charizard|Charizard, L50, M, shiny|100\/100\n|switch|p2a: Ogerpon|Ogerpon-Wellspring, L50, F|100\/100\n|switch|p2b: Dusclops|Dusclops, L50, M|100\/100\n|-item|p1a: Tornadus|Sharp Beak|[from] ability: Frisk|[of] p2b: Dusclops|[identify]\n|-item|p1b: Charizard|Charcoal|[from] ability: Frisk|[of] p2b: Dusclops|[identify]\n|turn|1\n|\n|t:|1700058525\n|-terastallize|p1b: Charizard|Fire\n|move|p2a: Ogerpon|Follow Me|p2a: Ogerpon\n|-singleturn|p2a: Ogerpon|move: Follow Me\n|move|p1a: Tornadus|Sunny Day|p1a: Tornadus\n|-weather|SunnyDay\n|move|p1b: Charizard|Flamethrower|p2a: Ogerpon\n|-damage|p2a: Ogerpon|0 fnt\n|faint|p2a: Ogerpon\n|move|p2b: Dusclops|Trick Room|p2b: Dusclops\n|-fieldstart|move: Trick Room|[of] p2b: Dusclops\n|\n|-weather|SunnyDay|[upkeep]\n|-damage|p1b: Charizard|88\/100|[from] ability: Solar Power|[of] p1b: Charizard\n|upkeep\n|\n|t:|1700058532\n|switch|p2a: Ursaluna|Ursaluna-Bloodmoon, L50, M|100\/100\n|turn|2\n|\n|t:|1700058541\n|switch|p1a: Iron Hands|Iron Hands, L50|100\/100\n|-terastallize|p2a: Ursaluna|Normal\n|move|p1b: Charizard|Protect|p1b: Charizard\n|-singleturn|p1b: Charizard|Protect\n|move|p2b: Dusclops|Will-O-Wisp|p1a: Iron Hands\n|-status|p1a: Iron Hands|brn\n|move|p2a: Ursaluna|Hyper Voice|p1b: Charizard|[spread] p1a\n|-activate|p1b: Charizard|move: Protect\n|-damage|p1a: Iron Hands|62\/100 brn\n|-damage|p2a: Ursaluna|90\/100|[from] item: Life Orb\n|\n|-weather|SunnyDay|[upkeep]\n|-damage|p1b: Charizard|76\/100|[from] ability: Solar Power|[of] p1b: Charizard\n|-damage|p1a: Iron Hands|56\/100 brn|[from] brn\n|upkeep\n|turn|3\n|\n|t:|1700058563\n|move|p2a: Ursaluna|Protect|p2a: Ursaluna\n|-singleturn|p2a: Ursaluna|Protect\n|move|p1a: Iron Hands|Fake Out|p2a: Ursaluna\n|-activate|p2a: Ursaluna|move: Protect\n|move|p2b: Dusclops|Night Shade|p1a: Iron Hands\n|-damage|p1a: Iron Hands|36\/100 brn\n|move|p1b: Charizard|Flamethrower|p2b: Dusclops\n|-damage|p2b: Dusclops|5\/100\n|\n|-weather|SunnyDay|[upkeep]\n|-damage|p1b: Charizard|64\/100|[from] ability: Solar Power|[of] p1b: Charizard\n|-damage|p1a: Iron Hands|30\/100 brn|[from] brn\n|upkeep\n|turn|4\n|\n|t:|1700058585\n|-end|p1a: Iron Hands|Quark Drive|[silent]\n|switch|p1a: Tornadus|Tornadus, L50, M|100\/100\n|move|p1b: Charizard|Protect|p1b: Charizard\n|-singleturn|p1b: Charizard|Protect\n|move|p2b: Dusclops|Pain Split|p1b: Charizard\n|-activate|p1b: Charizard|move: Protect\n|move|p2a: Ursaluna|Hyper Voice|p1b: Charizard|[spread] p1a\n|-activate|p1b: Charizard|move: Protect\n|-damage|p1a: Tornadus|26\/100\n|-damage|p2a: Ursaluna|80\/100|[from] item: Life Orb\n|\n|-weather|SunnyDay|[upkeep]\n|-damage|p1b: Charizard|51\/100|[from] ability: Solar Power|[of] p1b: Charizard\n|upkeep\n|turn|5\n|\n|t:|1700058604\n|switch|p1b: Iron Hands|Iron Hands, L50|30\/100 brn\n|move|p1a: Tornadus|Protect|p1a: Tornadus\n|-singleturn|p1a: Tornadus|Protect\n|move|p2b: Dusclops|Pain Split|p1b: Iron Hands\n|-sethp|p1b: Iron Hands|17\/100 brn|[from] move: Pain Split|[silent]\n|-sethp|p2b: Dusclops|28\/100|[from] move: Pain Split\n|move|p2a: Ursaluna|Hyper Voice|p1b: Iron Hands|[spread] p1b\n|-activate|p1a: Tornadus|move: Protect\n|-damage|p1b: Iron Hands|0 fnt\n|faint|p1b: Iron Hands\n|-end|p1b: Iron Hands|Quark Drive|[silent]\n|-damage|p2a: Ursaluna|70\/100|[from] item: Life Orb\n|\n|-weather|none\n|-fieldend|move: Trick Room\n|upkeep\n|\n|t:|1700058619\n|switch|p1b: Charizard|Charizard, L50, M, shiny, tera:Fire|51\/100\n|turn|6\n|\n|t:|1700058631\n|move|p1a: Tornadus|Sunny Day|p1a: Tornadus\n|-weather|SunnyDay\n|move|p1b: Charizard|Heat Wave|p2b: Dusclops|[spread] p2a,p2b\n|-damage|p2a: Ursaluna|0 fnt\n|-damage|p2b: Dusclops|0 fnt\n|faint|p2a: Ursaluna\n|faint|p2b: Dusclops\n|\n|-weather|SunnyDay|[upkeep]\n|-damage|p1b: Charizard|39\/100|[from] ability: Solar Power|[of] p1b: Charizard\n|upkeep\n|\n|t:|1700058635\n|switch|p2a: Landorus|Landorus-Therian, L50, M|100\/100\n|-ability|p2a: Landorus|Intimidate|boost\n|-unboost|p1a: Tornadus|atk|1\n|-unboost|p1b: Charizard|atk|1\n|turn|7\n|\n|t:|1700058644\n|move|p1a: Tornadus|Tailwind|p1a: Tornadus\n|-sidestart|p1: Tonino810|move: Tailwind\n|move|p1b: Charizard|Flamethrower|p2a: Landorus\n|-damage|p2a: Landorus|0 fnt\n|faint|p2a: Landorus\n|\n|win|Tonino810\n|c|\u2606Eviovulpix|gg\n|l|\u2606Eviovulpix\n","uploadtime":1700058784,"views":16,"p1id":"tonino810","p2id":"eviovulpix","formatid":"gen9vgc2023regulatione","rating":0,"private":0,"password":""}