{"id":"gen9vgc2023regulatione-1996993559","p1":"heavenz11","p2":"Emanyueru1","format":"[Gen 9] VGC 2023 Regulation E","log":"|j|\u2606heavenz11\n|j|\u2606Emanyueru1\n|t:|1700753542\n|gametype|doubles\n|player|p1|heavenz11|volkner|1188\n|player|p2|Emanyueru1|pokekidf-gen8|1256\n|teamsize|p1|6\n|teamsize|p2|6\n|gen|9\n|tier|[Gen 9] VGC 2023 Regulation E\n|rated|\n|rule|Species Clause: Limit one of each Pok\u00e9mon\n|rule|Item Clause: Limit one of each item\n|clearpoke\n|poke|p1|Tornadus, L50, M|\n|poke|p1|Urshifu-*, L50, M|\n|poke|p1|Farigiraf, L50, M|\n|poke|p1|Rillaboom, L50, F|\n|poke|p1|Heatran, L50, F|\n|poke|p1|Flutter Mane, L50|\n|poke|p2|Ogerpon-Hearthflame, L50, F|\n|poke|p2|Vaporeon, L50, F|\n|poke|p2|Glaceon, L50, F|\n|poke|p2|Espeon, L50, F|\n|poke|p2|Umbreon, L50, F|\n|poke|p2|Sylveon, L50, F|\n|teampreview|4\n|\n|t:|1700753570\n|start\n|switch|p1a: Rillaboom|Rillaboom, L50, F|100\/100\n|switch|p1b: Urshifu|Urshifu-Rapid-Strike, L50, M|100\/100\n|switch|p2a: Ogerpon|Ogerpon-Hearthflame, L50, F|100\/100\n|switch|p2b: Glaceon|Glaceon, L50, F|100\/100\n|-ability|p2a: Ogerpon|Mold Breaker\n|-fieldstart|move: Grassy Terrain|[from] ability: Grassy Surge|[of] p1a: Rillaboom\n|turn|1\n|\n|t:|1700753604\n|switch|p2a: Vaporeon|Vaporeon, L50, F|100\/100\n|-terastallize|p1b: Urshifu|Water\n|move|p1a: Rillaboom|Fake Out|p2b: Glaceon\n|-damage|p2b: Glaceon|86\/100\n|move|p1b: Urshifu|Surging Strikes|p2a: Vaporeon\n|-immune|p2a: Vaporeon|[from] ability: Water Absorb\n|cant|p2b: Glaceon|flinch\n|\n|-heal|p2b: Glaceon|92\/100|[from] Grassy Terrain\n|upkeep\n|turn|2\n|\n|t:|1700753623\n|-terastallize|p2b: Glaceon|Dragon\n|move|p2a: Vaporeon|Detect|p2a: Vaporeon\n|-singleturn|p2a: Vaporeon|Protect\n|move|p1a: Rillaboom|Grassy Glide|p2a: Vaporeon\n|-activate|p2a: Vaporeon|move: Protect\n|move|p1b: Urshifu|Surging Strikes|p2b: Glaceon\n|-resisted|p2b: Glaceon\n|-crit|p2b: Glaceon\n|-damage|p2b: Glaceon|77\/100\n|-resisted|p2b: Glaceon\n|-crit|p2b: Glaceon\n|-damage|p2b: Glaceon|63\/100\n|-resisted|p2b: Glaceon\n|-crit|p2b: Glaceon\n|-damage|p2b: Glaceon|49\/100\n|-hitcount|p2b: Glaceon|3\n|move|p2b: Glaceon|Freeze-Dry|p1b: Urshifu\n|-supereffective|p1b: Urshifu\n|-crit|p1b: Urshifu\n|-damage|p1b: Urshifu|0 fnt\n|faint|p1b: Urshifu\n|\n|-heal|p2b: Glaceon|55\/100|[from] Grassy Terrain\n|upkeep\n|\n|t:|1700753644\n|switch|p1b: Flutter Mane|Flutter Mane, L50|100\/100\n|turn|3\n|-activate|p2b: Glaceon|item: Quick Claw\n|\n|t:|1700753661\n|move|p2b: Glaceon|Detect|p2b: Glaceon\n|-singleturn|p2b: Glaceon|Protect\n|move|p1a: Rillaboom|Grassy Glide|p2a: Vaporeon\n|-supereffective|p2a: Vaporeon\n|-crit|p2a: Vaporeon\n|-damage|p2a: Vaporeon|4\/100\n|move|p1b: Flutter Mane|Dazzling Gleam|p2a: Vaporeon|[spread] p2a\n|-activate|p2b: Glaceon|move: Protect\n|-damage|p2a: Vaporeon|0 fnt\n|faint|p2a: Vaporeon\n|\n|-heal|p2b: Glaceon|60\/100|[from] Grassy Terrain\n|upkeep\n|\n|t:|1700753667\n|switch|p2a: Ogerpon|Ogerpon-Hearthflame, L50, F|100\/100\n|-ability|p2a: Ogerpon|Mold Breaker\n|turn|4\n|-activate|p2b: Glaceon|item: Quick Claw\n|\n|t:|1700753689\n|-end|p1b: Flutter Mane|Protosynthesis|[silent]\n|switch|p1b: Tornadus|Tornadus, L50, M|100\/100\n|move|p2b: Glaceon|Freeze-Dry|p1a: Rillaboom\n|-supereffective|p1a: Rillaboom\n|-damage|p1a: Rillaboom|44\/100\n|move|p2a: Ogerpon|Horn Leech|p1b: Tornadus\n|-resisted|p1b: Tornadus\n|-damage|p1b: Tornadus|76\/100\n|move|p1a: Rillaboom|U-turn|p2a: Ogerpon\n|-damage|p2a: Ogerpon|66\/100\n|\n|t:|1700753703\n|switch|p1a: Flutter Mane|Flutter Mane, L50|100\/100|[from] U-turn\n|\n|-heal|p2a: Ogerpon|72\/100|[from] Grassy Terrain\n|-heal|p2b: Glaceon|66\/100|[from] Grassy Terrain\n|upkeep\n|turn|5\n|\n|t:|1700753719\n|move|p2b: Glaceon|Detect|p2b: Glaceon\n|-singleturn|p2b: Glaceon|Protect\n|move|p1b: Tornadus|Tailwind|p1b: Tornadus\n|-sidestart|p1: heavenz11|move: Tailwind\n|move|p1a: Flutter Mane|Shadow Ball|p2a: Ogerpon\n|-damage|p2a: Ogerpon|0 fnt\n|faint|p2a: Ogerpon\n|\n|-heal|p2b: Glaceon|72\/100|[from] Grassy Terrain\n|-fieldend|move: Grassy Terrain\n|upkeep\n|\n|t:|1700753725\n|switch|p2a: Sylveon|Sylveon, L50, F|100\/100\n|turn|6\n|\n|t:|1700753738\n|-end|p1a: Flutter Mane|Protosynthesis|[silent]\n|switch|p1a: Rillaboom|Rillaboom, L50, F|44\/100\n|-fieldstart|move: Grassy Terrain|[from] ability: Grassy Surge|[of] p1a: Rillaboom\n|move|p1b: Tornadus|Bleakwind Storm|p2b: Glaceon|[spread] p2b\n|-miss|p1b: Tornadus|p2a: Sylveon\n|-damage|p2b: Glaceon|41\/100\n|-unboost|p2b: Glaceon|spe|1\n|move|p2a: Sylveon|Hyper Voice|p1a: Rillaboom|[spread] p1a,p1b\n|-damage|p1a: Rillaboom|10\/100\n|-damage|p1b: Tornadus|19\/100\n|move|p2b: Glaceon|Freeze-Dry|p1a: Rillaboom\n|-supereffective|p1a: Rillaboom\n|-damage|p1a: Rillaboom|0 fnt\n|faint|p1a: Rillaboom\n|\n|-heal|p2b: Glaceon|46\/100|[from] Grassy Terrain\n|upkeep\n|\n|t:|1700753754\n|switch|p1a: Flutter Mane|Flutter Mane, L50|100\/100\n|turn|7\n|\n|t:|1700753765\n|move|p2a: Sylveon|Detect|p2a: Sylveon\n|-singleturn|p2a: Sylveon|Protect\n|move|p2b: Glaceon|Detect|p2b: Glaceon\n|-singleturn|p2b: Glaceon|Protect\n|move|p1a: Flutter Mane|Moonblast|p2a: Sylveon\n|-activate|p2a: Sylveon|move: Protect\n|move|p1b: Tornadus|Bleakwind Storm|p2b: Glaceon|[spread] \n|-activate|p2a: Sylveon|move: Protect\n|-activate|p2b: Glaceon|move: Protect\n|\n|-heal|p2b: Glaceon|52\/100|[from] Grassy Terrain\n|upkeep\n|turn|8\n|\n|t:|1700753779\n|move|p1a: Flutter Mane|Moonblast|p2a: Sylveon\n|-damage|p2a: Sylveon|45\/100\n|-unboost|p2a: Sylveon|spa|1\n|move|p1b: Tornadus|Bleakwind Storm|p2a: Sylveon|[spread] p2b\n|-miss|p1b: Tornadus|p2a: Sylveon\n|-damage|p2b: Glaceon|16\/100\n|move|p2a: Sylveon|Hyper Voice|p1b: Tornadus|[spread] p1a,p1b\n|-crit|p1a: Flutter Mane\n|-damage|p1a: Flutter Mane|26\/100\n|-damage|p1b: Tornadus|0 fnt\n|faint|p1b: Tornadus\n|move|p2b: Glaceon|Freeze-Dry|p1a: Flutter Mane\n|-damage|p1a: Flutter Mane|0 fnt\n|faint|p1a: Flutter Mane\n|-end|p1a: Flutter Mane|Protosynthesis|[silent]\n|\n|win|Emanyueru1\n|raw|heavenz11's rating: 1188 &rarr; <strong>1168<\/strong><br \/>(-20 for losing)\n|raw|Emanyueru1's rating: 1256 &rarr; <strong>1276<\/strong><br \/>(+20 for winning)\n|c|\u2606Emanyueru1|gg\n|c|\u2606heavenz11|gg\n|l|\u2606heavenz11\n","uploadtime":1700753799,"views":0,"p1id":"heavenz11","p2id":"emanyueru1","formatid":"gen9vgc2023regulatione","rating":1168,"private":0,"password":""}