{"id":"gen9vgc2023regulatione-1997910441","p1":"MoronSeeds","p2":"Jadedragon61","format":"[Gen 9] VGC 2023 Regulation E","log":"|j|\u2606MoronSeeds\n|j|\u2606Jadedragon61\n|t:|1700866426\n|gametype|doubles\n|player|p1|MoronSeeds|caitlin|\n|player|p2|Jadedragon61|colress|\n|teamsize|p1|6\n|teamsize|p2|6\n|gen|9\n|tier|[Gen 9] VGC 2023 Regulation E\n|rule|Species Clause: Limit one of each Pok\u00e9mon\n|rule|Item Clause: Limit one of each item\n|clearpoke\n|poke|p1|Baxcalibur, L50, M|\n|poke|p1|Ninetales-Alola, L50, F|\n|poke|p1|Hydreigon, L50, M|\n|poke|p1|Quagsire, L50, M|\n|poke|p1|Skiploom, L50, M|\n|poke|p1|Rotom-Frost, L50|\n|poke|p2|Tyranitar, L50, M|\n|poke|p2|Perrserker, L50, M|\n|poke|p2|Salamence, L50, F|\n|poke|p2|Cinderace, L50, M|\n|poke|p2|Amoonguss, L50, M|\n|poke|p2|Zapdos-Galar, L50|\n|teampreview|4\n|c|\u2606Jadedragon61|Glhf\nJadedragon61 rejected open team sheets.\n|\n|t:|1700866455\n|start\n|switch|p1a: Gumbo Jones|Skiploom, L50, M, shiny|100\/100\n|switch|p1b: Mommy?|Quagsire, L50, M|100\/100\n|switch|p2a: Monster energy|Perrserker, L50, M, shiny|100\/100\n|switch|p2b: Numero dos|Tyranitar, L50, M, shiny|100\/100\n|-weather|Sandstorm|[from] ability: Sand Stream|[of] p2b: Numero dos\n|turn|1\n|j| amlosmurf\n|j| EpicDadGrillFail\n|j| Pokemon_and_beer\n|\n|t:|1700866501\n|move|p2a: Monster energy|Fake Out|p1a: Gumbo Jones\n|-damage|p1a: Gumbo Jones|77\/100\n|cant|p1a: Gumbo Jones|flinch\n|move|p2b: Numero dos|Rock Slide|p1a: Gumbo Jones|[spread] p1a,p1b\n|-supereffective|p1a: Gumbo Jones\n|-resisted|p1b: Mommy?\n|-damage|p1a: Gumbo Jones|21\/100\n|-damage|p1b: Mommy?|86\/100\n|cant|p1b: Mommy?|flinch\n|\n|-weather|Sandstorm|[upkeep]\n|-damage|p1a: Gumbo Jones|15\/100|[from] Sandstorm\n|upkeep\n|turn|2\n|\n|t:|1700866521\n|switch|p2a: *insert bad joke*|Amoonguss, L50, M, shiny|100\/100\n|move|p1a: Gumbo Jones|Pollen Puff|p2b: Numero dos\n|-supereffective|p2b: Numero dos\n|-damage|p2b: Numero dos|93\/100\n|move|p2b: Numero dos|Rock Slide|p1a: Gumbo Jones|[spread] p1a,p1b\n|-supereffective|p1a: Gumbo Jones\n|-resisted|p1b: Mommy?\n|-damage|p1a: Gumbo Jones|0 fnt\n|-damage|p1b: Mommy?|69\/100\n|faint|p1a: Gumbo Jones\n|move|p1b: Mommy?|High Horsepower|p2a: *insert bad joke*\n|-damage|p2a: *insert bad joke*|67\/100\n|-damage|p1b: Mommy?|59\/100|[from] item: Life Orb\n|\n|-weather|Sandstorm|[upkeep]\n|-damage|p2a: *insert bad joke*|61\/100|[from] Sandstorm\n|upkeep\n|\n|t:|1700866538\n|switch|p1a: Glunk|Baxcalibur, L50, M|100\/100\n|turn|3\n|j| Cmholde2\n|c| amlosmurf|since when is quagsire a horse\n|\n|t:|1700866555\n|switch|p2a: Monster energy|Perrserker, L50, M, shiny|100\/100\n|move|p1a: Glunk|Dragon Dance|p1a: Glunk\n|-boost|p1a: Glunk|atk|1\n|-boost|p1a: Glunk|spe|1\n|move|p2b: Numero dos|Knock Off|p1a: Glunk\n|-damage|p1a: Glunk|52\/100\n|-enditem|p1a: Glunk|Loaded Dice|[from] move: Knock Off|[of] p2b: Numero dos\n|move|p1b: Mommy?|Liquidation|p2b: Numero dos\n|-supereffective|p2b: Numero dos\n|-damage|p2b: Numero dos|20\/100\n|-damage|p1b: Mommy?|50\/100|[from] item: Life Orb\n|\n|-weather|Sandstorm|[upkeep]\n|-damage|p1a: Glunk|45\/100|[from] Sandstorm\n|upkeep\n|turn|4\n|c|\u2606Jadedragon61|What else could clodsire be?\n|\n|t:|1700866578\n|move|p1a: Glunk|Protect|p1a: Glunk\n|-singleturn|p1a: Glunk|Protect\n|move|p2a: Monster energy|Fake Out|p1a: Glunk\n|-activate|p1a: Glunk|move: Protect\n|move|p2b: Numero dos|Rock Slide|p1a: Glunk|[spread] p1b\n|-activate|p1a: Glunk|move: Protect\n|-resisted|p1b: Mommy?\n|-damage|p1b: Mommy?|32\/100\n|cant|p1b: Mommy?|flinch\n|\n|-weather|Sandstorm|[upkeep]\n|-damage|p1a: Glunk|39\/100|[from] Sandstorm\n|upkeep\n|turn|5\n|\n|t:|1700866595\n|switch|p2a: *insert bad joke*|Amoonguss, L50, M, shiny|94\/100\n|move|p1a: Glunk|High Horsepower|p2a: *insert bad joke*\n|-damage|p2a: *insert bad joke*|53\/100\n|move|p2b: Numero dos|Rock Slide|p1b: Mommy?|[spread] p1b\n|-miss|p2b: Numero dos|p1a: Glunk\n|-resisted|p1b: Mommy?\n|-damage|p1b: Mommy?|16\/100\n|move|p1b: Mommy?|Liquidation|p2b: Numero dos\n|-supereffective|p2b: Numero dos\n|-damage|p2b: Numero dos|0 fnt\n|faint|p2b: Numero dos\n|-damage|p1b: Mommy?|6\/100|[from] item: Life Orb\n|\n|-weather|none\n|upkeep\n|\n|t:|1700866608\n|switch|p2b: Virgil|Zapdos-Galar, L50|100\/100\n|turn|6\n|\n|t:|1700866635\n|-terastallize|p2b: Virgil|Fighting\n|move|p1b: Mommy?|Protect|p1b: Mommy?\n|-singleturn|p1b: Mommy?|Protect\n|move|p1a: Glunk|Scale Shot|p2b: Virgil\n|-damage|p2b: Virgil|78\/100\n|-damage|p2b: Virgil|54\/100\n|-damage|p2b: Virgil|28\/100\n|-hitcount|p2b: Virgil|3\n|-unboost|p1a: Glunk|def|1\n|-boost|p1a: Glunk|spe|1\n|move|p2b: Virgil|Tailwind|p2b: Virgil\n|-sidestart|p2: Jadedragon61|move: Tailwind\n|move|p2a: *insert bad joke*|Energy Ball|p1b: Mommy?\n|-activate|p1b: Mommy?|move: Protect\n|\n|upkeep\n|turn|7\n|\n|t:|1700866660\n|move|p2b: Virgil|Protect|p2b: Virgil\n|-singleturn|p2b: Virgil|Protect\n|move|p1a: Glunk|Scale Shot|p2b: Virgil\n|-activate|p2b: Virgil|move: Protect\n|move|p2a: *insert bad joke*|Spore|p1a: Glunk\n|-status|p1a: Glunk|slp|[from] move: Spore\n|move|p1b: Mommy?|High Horsepower|p2a: *insert bad joke*\n|-damage|p2a: *insert bad joke*|15\/100\n|-enditem|p2a: *insert bad joke*|Sitrus Berry|[eat]\n|-heal|p2a: *insert bad joke*|40\/100|[from] item: Sitrus Berry\n|-damage|p1b: Mommy?|0 fnt|[from] item: Life Orb\n|faint|p1b: Mommy?\n|\n|upkeep\n|\n|t:|1700866673\n|switch|p1b: Ganch|Hydreigon, L50, M|100\/100\n|turn|8\n|\n|t:|1700866685\n|-terastallize|p1b: Ganch|Fighting\n|move|p2b: Virgil|Close Combat|p1b: Ganch\n|-damage|p1b: Ganch|25\/100\n|-unboost|p2b: Virgil|def|1\n|-unboost|p2b: Virgil|spd|1\n|cant|p1a: Glunk|slp\n|move|p2a: *insert bad joke*|Pollen Puff|p2b: Virgil\n|-heal|p2b: Virgil|78\/100\n|move|p1b: Ganch|Focus Blast|p2a: *insert bad joke*\n|-resisted|p2a: *insert bad joke*\n|-damage|p2a: *insert bad joke*|12\/100\n|\n|upkeep\n|turn|9\n|\n|t:|1700866705\n|move|p2b: Virgil|Close Combat|p1a: Glunk\n|-supereffective|p1a: Glunk\n|-damage|p1a: Glunk|0 fnt\n|-unboost|p2b: Virgil|def|1\n|-unboost|p2b: Virgil|spd|1\n|faint|p1a: Glunk\n|move|p2a: *insert bad joke*|Energy Ball|p1b: Ganch\n|-damage|p1b: Ganch|0 fnt\n|faint|p1b: Ganch\n|\n|win|Jadedragon61\n|c|\u2606MoronSeeds|rats\n|c| Pokemon_and_beer|Gg\n|c|\u2606MoronSeeds|gg\n|c|\u2606MoronSeeds|that was jacksin\n|c|\u2606Jadedragon61|Gg\n|c|\u2606MoronSeeds|I lost\n|c|\u2606MoronSeeds|no good game\n|c|\u2606MoronSeeds|;)\n|c|\u2606Jadedragon61|I was havking\n|l| Pokemon_and_beer\n|l|\u2606Jadedragon61\n|l| Cmholde2\n","uploadtime":1700866765,"views":37,"p1id":"moronseeds","p2id":"jadedragon61","formatid":"gen9vgc2023regulatione","rating":0,"private":0,"password":""}