{"id":"gen9vgc2023regulatione-1998548370","p1":"Priest_of_Talos","p2":"xatudrip","format":"[Gen 9] VGC 2023 Regulation E","log":"|j|\u2606Priest_of_Talos\n|j|\u2606xatudrip\n|n|\u2606Priest_of_Talos|priestoftalos\n|n|\u2606xatudrip|xatudrip\n|html|View the match progress at <a href=\"\/game-bestof3-gen9vgc2023regulatione-1998544947\">game-bestof3-gen9vgc2023regulatione-1998544947<\/a>\n|t:|1700954962\n|gametype|doubles\n|player|p1|Priest_of_Talos|boarder|\n|player|p2|xatudrip|clair|\n|teamsize|p1|6\n|teamsize|p2|6\n|gen|9\n|tier|[Gen 9] VGC 2023 Regulation E\n|rule|Species Clause: Limit one of each Pok\u00e9mon\n|rule|Item Clause: Limit one of each item\n|clearpoke\n|poke|p1|Scream Tail, L50|\n|poke|p1|Chien-Pao, L50|\n|poke|p1|Glimmora, L50, M|\n|poke|p1|Glastrier, L50|\n|poke|p1|Salamence, L50, F|\n|poke|p1|Annihilape, L50, M|\n|poke|p2|Tornadus, L50, M|\n|poke|p2|Sinistcha-Masterpiece, L50|\n|poke|p2|Baxcalibur, L50, F|\n|poke|p2|Abomasnow, L50, F|\n|poke|p2|Mimikyu, L50, F|\n|poke|p2|Snorlax, L50, M|\n|teampreview|4\nPriest_of_Talos has agreed to open team sheets.\nxatudrip has agreed to open team sheets.\n|showteam|p1|Scream Tail||MentalHerb|Protosynthesis|TrickRoom,ThunderWave,DazzlingGleam,Reflect||||||50|,,,,,Ghost]Chien-Pao||FocusSash|SwordofRuin|IceSpinner,BrickBreak,SuckerPunch,Protect||||||50|,,,,,Ghost]Glimmora||LifeOrb|ToxicDebris|DazzlingGleam,PowerGem,SludgeBomb,Protect|||M|||50|,,,,,Fairy]Glastrier||AssaultVest|ChillingNeigh|IcicleCrash,HeavySlam,CloseCombat,Avalanche||||||50|,,,,,Fire]Salamence||CovertCloak|Intimidate|DualWingbeat,IronHead,Tailwind,Protect|||F|||50|,,,,,Steel]Annihilape||Leftovers|Defiant|BulkUp,RageFist,DrainPunch,Protect|||M|||50|,,,,,Fire\n|showteam|p2|Tornadus||MentalHerb|Prankster|Taunt,Tailwind,BleakwindStorm,Protect|||M|||50|,,,,,Flying]Sinistcha-Masterpiece||BigRoot|Hospitality|Protect,MatchaGotcha,RagePowder,StrengthSap||||||50|,,,,,Water]Baxcalibur||LoadedDice|IceBody|ScaleShot,IcicleSpear,Protect,SwordsDance|||F|||50|,,,,,Steel]Abomasnow||SitrusBerry|SnowWarning|AuroraVeil,Blizzard,Protect,LeafStorm|||F|||50|,,,,,Fire]Mimikyu||AssaultVest|Disguise|TrickRoom,WillOWisp,PlayRough,ShadowSneak|||F|||50|,,,,,Fairy]Snorlax||AguavBerry|Gluttony|BellyDrum,BodySlam,Protect,IronHead|||M|||50|,,,,,Poison\n|\n|t:|1700955031\n|start\n|switch|p1a: Scream Tail|Scream Tail, L50|100\/100\n|switch|p1b: Annihilape|Annihilape, L50, M|100\/100\n|switch|p2a: Tornadus|Tornadus, L50, M|100\/100\n|switch|p2b: Abomasnow|Abomasnow, L50, F|100\/100\n|-weather|Snow|[from] ability: Snow Warning|[of] p2b: Abomasnow\n|turn|1\n|\n|t:|1700955068\n|-terastallize|p1b: Annihilape|Fire\n|move|p2a: Tornadus|Bleakwind Storm|p1b: Annihilape|[spread] \n|-miss|p2a: Tornadus|p1a: Scream Tail\n|-miss|p2a: Tornadus|p1b: Annihilape\n|move|p1b: Annihilape|Bulk Up|p1b: Annihilape\n|-boost|p1b: Annihilape|atk|1\n|-boost|p1b: Annihilape|def|1\n|move|p2b: Abomasnow|Aurora Veil|p2b: Abomasnow\n|-sidestart|p2: xatudrip|move: Aurora Veil\n|move|p1a: Scream Tail|Trick Room|p1a: Scream Tail\n|-fieldstart|move: Trick Room|[of] p1a: Scream Tail\n|\n|-weather|Snow|[upkeep]\n|upkeep\n|turn|2\n|c|\u2606xatudrip|killing myself\n|c|\u2606Priest_of_Talos|ya know, fair\n|\n|t:|1700955108\n|move|p2b: Abomasnow|Protect|p2b: Abomasnow\n|-singleturn|p2b: Abomasnow|Protect\n|move|p1b: Annihilape|Bulk Up|p1b: Annihilape\n|-boost|p1b: Annihilape|atk|1\n|-boost|p1b: Annihilape|def|1\n|move|p2a: Tornadus|Bleakwind Storm|p1b: Annihilape|[spread] p1a,p1b\n|-damage|p1a: Scream Tail|78\/100\n|-damage|p1b: Annihilape|75\/100\n|-unboost|p1b: Annihilape|spe|1\n|-ability|p1b: Annihilape|Defiant|boost\n|-boost|p1b: Annihilape|atk|2\n|move|p1a: Scream Tail|Reflect|p1a: Scream Tail\n|-sidestart|p1: Priest_of_Talos|Reflect\n|\n|-weather|Snow|[upkeep]\n|-heal|p1b: Annihilape|81\/100|[from] item: Leftovers\n|upkeep\n|turn|3\n|\n|t:|1700955128\n|-end|p1a: Scream Tail|Protosynthesis|[silent]\n|switch|p1a: Glastrier|Glastrier, L50|100\/100\n|move|p1b: Annihilape|Drain Punch|p2b: Abomasnow\n|-supereffective|p2b: Abomasnow\n|-damage|p2b: Abomasnow|0 fnt\n|-heal|p1b: Annihilape|100\/100|[from] drain|[of] p2b: Abomasnow\n|faint|p2b: Abomasnow\n|move|p2a: Tornadus|Bleakwind Storm|p1a: Glastrier|[spread] p1a,p1b\n|-damage|p1a: Glastrier|84\/100\n|-damage|p1b: Annihilape|75\/100\n|-unboost|p1a: Glastrier|spe|1\n|\n|-weather|Snow|[upkeep]\n|-heal|p1b: Annihilape|81\/100|[from] item: Leftovers\n|upkeep\n|\n|t:|1700955133\n|switch|p2b: Baxcalibur|Baxcalibur, L50, F|100\/100\n|turn|4\n|c|\u2606xatudrip|ggs\n|c|\u2606Priest_of_Talos|gg\n|\n|t:|1700955159\n|move|p2a: Tornadus|Protect|p2a: Tornadus\n|-singleturn|p2a: Tornadus|Protect\n|move|p2b: Baxcalibur|Protect|p2b: Baxcalibur\n|-singleturn|p2b: Baxcalibur|Protect\n|move|p1a: Glastrier|Close Combat|p2b: Baxcalibur\n|-activate|p2b: Baxcalibur|move: Protect\n|move|p1b: Annihilape|Rage Fist|p2a: Tornadus\n|-activate|p2a: Tornadus|move: Protect\n|\n|-weather|Snow|[upkeep]\n|-heal|p1b: Annihilape|87\/100|[from] item: Leftovers\n|upkeep\n|turn|5\n|\n|t:|1700955187\n|move|p2a: Tornadus|Taunt|p1b: Annihilape\n|-start|p1b: Annihilape|move: Taunt\n|move|p1a: Glastrier|Close Combat|p2b: Baxcalibur\n|-supereffective|p2b: Baxcalibur\n|-damage|p2b: Baxcalibur|54\/100\n|-unboost|p1a: Glastrier|def|1\n|-unboost|p1a: Glastrier|spd|1\n|move|p1b: Annihilape|Rage Fist|p2a: Tornadus\n|-damage|p2a: Tornadus|0 fnt\n|faint|p2a: Tornadus\n|move|p2b: Baxcalibur|Scale Shot|p1b: Annihilape\n|-damage|p1b: Annihilape|82\/100\n|-damage|p1b: Annihilape|77\/100\n|-damage|p1b: Annihilape|72\/100\n|-damage|p1b: Annihilape|66\/100\n|-damage|p1b: Annihilape|61\/100\n|-hitcount|p1b: Annihilape|5\n|-unboost|p2b: Baxcalibur|def|1\n|-boost|p2b: Baxcalibur|spe|1\n|\n|-weather|none\n|-heal|p1b: Annihilape|67\/100|[from] item: Leftovers\n|-sideend|p2: xatudrip|move: Aurora Veil\n|-fieldend|move: Trick Room\n|upkeep\n|\n|t:|1700955205\n|switch|p2a: Sinistcha|Sinistcha-Masterpiece, L50|100\/100\n|-heal|p2b: Baxcalibur|79\/100|[from] ability: Hospitality|[of] p2a: Sinistcha\n|turn|6\n|\n|t:|1700955233\n|switch|p1a: Scream Tail|Scream Tail, L50|78\/100\n|move|p2a: Sinistcha|Rage Powder|p2a: Sinistcha\n|-singleturn|p2a: Sinistcha|move: Rage Powder\n|move|p2b: Baxcalibur|Scale Shot|p1b: Annihilape\n|-damage|p1b: Annihilape|61\/100\n|-damage|p1b: Annihilape|55\/100\n|-damage|p1b: Annihilape|50\/100\n|-damage|p1b: Annihilape|46\/100\n|-hitcount|p1b: Annihilape|4\n|-unboost|p2b: Baxcalibur|def|1\n|-boost|p2b: Baxcalibur|spe|1\n|move|p1b: Annihilape|Rage Fist|p2a: Sinistcha\n|-supereffective|p2a: Sinistcha\n|-damage|p2a: Sinistcha|0 fnt\n|faint|p2a: Sinistcha\n|\n|-heal|p1b: Annihilape|51\/100|[from] item: Leftovers\n|-sideend|p1: Priest_of_Talos|Reflect\n|upkeep\n|turn|7\n|\n|t:|1700955255\n|move|p2b: Baxcalibur|Scale Shot|p1b: Annihilape\n|-damage|p1b: Annihilape|44\/100\n|-damage|p1b: Annihilape|36\/100\n|-damage|p1b: Annihilape|28\/100\n|-crit|p1b: Annihilape\n|-damage|p1b: Annihilape|4\/100\n|-hitcount|p1b: Annihilape|4\n|-unboost|p2b: Baxcalibur|def|1\n|-boost|p2b: Baxcalibur|spe|1\n|move|p1a: Scream Tail|Dazzling Gleam|p2b: Baxcalibur\n|-supereffective|p2b: Baxcalibur\n|-damage|p2b: Baxcalibur|40\/100\n|move|p1b: Annihilape|Drain Punch|p2b: Baxcalibur\n|-supereffective|p2b: Baxcalibur\n|-damage|p2b: Baxcalibur|0 fnt\n|-heal|p1b: Annihilape|23\/100|[from] drain|[of] p2b: Baxcalibur\n|faint|p2b: Baxcalibur\n|\n|win|Priest_of_Talos\n","uploadtime":1700955259,"views":28,"p1id":"priestoftalos","p2id":"xatudrip","formatid":"gen9vgc2023regulatione","rating":0,"private":0,"password":""}