{"id":"gen9vgc2023regulatione-1992491808","p1":"RocketGrunt6407","p2":"joyboyverso","format":"[Gen 9] VGC 2023 Regulation E","log":"|j|\u2606RocketGrunt6407\n|j|\u2606joyboyverso\n|t:|1700194398\n|gametype|doubles\n|player|p1|RocketGrunt6407|rocketgruntf|1093\n|player|p2|joyboyverso|2|1122\n|teamsize|p1|6\n|teamsize|p2|6\n|gen|9\n|tier|[Gen 9] VGC 2023 Regulation E\n|rated|\n|rule|Species Clause: Limit one of each Pok\u00e9mon\n|rule|Item Clause: Limit one of each item\n|clearpoke\n|poke|p1|Chi-Yu, L50|\n|poke|p1|Farigiraf, L50, F|\n|poke|p1|Dipplin, L50, F|\n|poke|p1|Iron Hands, L50|\n|poke|p1|Iron Bundle, L50|\n|poke|p1|Landorus-Therian, L50, M|\n|poke|p2|Tornadus, L50, M|\n|poke|p2|Arcanine-Hisui, L50, M|\n|poke|p2|Iron Hands, L50|\n|poke|p2|Gholdengo, L50|\n|poke|p2|Urshifu-*, L50, M|\n|poke|p2|Ogerpon-Wellspring, L50, F|\n|teampreview|4\njoyboyverso has agreed to open team sheets.\n|\n|t:|1700194470\n|start\n|switch|p1a: Safari|Farigiraf, L50, F|100\/100\n|switch|p1b: Iron Hands|Iron Hands, L50|100\/100\n|switch|p2a: Tornadus|Tornadus, L50, M|100\/100\n|switch|p2b: Iron Hands|Iron Hands, L50|100\/100\n|turn|1\n|\n|t:|1700194502\n|move|p2b: Iron Hands|Fake Out||[still]\n|cant|p1a: Safari|ability: Armor Tail|Fake Out|[of] p2b: Iron Hands\n|move|p2a: Tornadus|Tailwind|p2a: Tornadus\n|-sidestart|p2: joyboyverso|move: Tailwind\n|move|p1b: Iron Hands|Wild Charge|p2a: Tornadus\n|-supereffective|p2a: Tornadus\n|-damage|p2a: Tornadus|0 fnt\n|faint|p2a: Tornadus\n|-damage|p1b: Iron Hands|80\/100|[from] Recoil\n|move|p1a: Safari|Trick Room|p1a: Safari\n|-fieldstart|move: Trick Room|[of] p1a: Safari\n|\n|upkeep\n|\n|t:|1700194520\n|switch|p2a: Arcanine|Arcanine-Hisui, L50, M|100\/100\n|-ability|p2a: Arcanine|Intimidate|boost\n|-unboost|p1a: Safari|atk|1\n|-unboost|p1b: Iron Hands|atk|1\n|turn|2\n|\n|t:|1700194565\n|-terastallize|p2a: Arcanine|Fairy\n|move|p1b: Iron Hands|Drain Punch|p2a: Arcanine\n|-resisted|p2a: Arcanine\n|-damage|p2a: Arcanine|84\/100\n|-heal|p1b: Iron Hands|87\/100|[from] drain|[of] p2a: Arcanine\n|move|p1a: Safari|Psychic|p2b: Iron Hands\n|-supereffective|p2b: Iron Hands\n|-damage|p2b: Iron Hands|66\/100\n|move|p2b: Iron Hands|Heavy Slam|p1b: Iron Hands\n|-resisted|p1b: Iron Hands\n|-crit|p1b: Iron Hands\n|-damage|p1b: Iron Hands|78\/100\n|move|p2a: Arcanine|Tera Blast|p1b: Iron Hands|[anim] Tera Blast Fairy\n|-supereffective|p1b: Iron Hands\n|-damage|p1b: Iron Hands|0 fnt\n|faint|p1b: Iron Hands\n|-end|p1b: Iron Hands|Quark Drive|[silent]\n|\n|upkeep\n|\n|t:|1700194590\n|switch|p1b: Landorus|Landorus-Therian, L50, M|100\/100\n|-ability|p1b: Landorus|Intimidate|boost\n|-unboost|p2a: Arcanine|atk|1\n|-unboost|p2b: Iron Hands|atk|1\n|turn|3\n|\n|t:|1700194609\n|-terastallize|p1b: Landorus|Flying\n|move|p1a: Safari|Psychic|p2b: Iron Hands\n|-supereffective|p2b: Iron Hands\n|-damage|p2b: Iron Hands|31\/100\n|-unboost|p2b: Iron Hands|spd|1\n|move|p2b: Iron Hands|Drain Punch|p1a: Safari\n|-damage|p1a: Safari|80\/100\n|-heal|p2b: Iron Hands|40\/100|[from] drain|[of] p1a: Safari\n|move|p1b: Landorus|Tera Blast|p2a: Arcanine|[anim] Tera Blast Flying\n|-damage|p2a: Arcanine|12\/100\n|move|p2a: Arcanine|Tera Blast|p1a: Safari|[anim] Tera Blast Fairy\n|-damage|p1a: Safari|46\/100\n|-enditem|p1a: Safari|Sitrus Berry|[eat]\n|-heal|p1a: Safari|71\/100|[from] item: Sitrus Berry\n|\n|upkeep\n|turn|4\n|\n|t:|1700194649\n|move|p1a: Safari|Dazzling Gleam|p2b: Iron Hands|[spread] p2a,p2b\n|-supereffective|p2b: Iron Hands\n|-damage|p2a: Arcanine|0 fnt\n|-damage|p2b: Iron Hands|15\/100\n|faint|p2a: Arcanine\n|move|p2b: Iron Hands|Heavy Slam|p1b: Landorus\n|-damage|p1b: Landorus|72\/100\n|move|p1b: Landorus|Tera Blast|p2b: Iron Hands|[anim] Tera Blast Flying\n|-damage|p2b: Iron Hands|0 fnt\n|faint|p2b: Iron Hands\n|-end|p2b: Iron Hands|Quark Drive|[silent]\n|\n|-sideend|p2: joyboyverso|move: Tailwind\n|upkeep\n|\n|t:|1700194663\n|switch|p2a: Urshifu|Urshifu-Rapid-Strike, L50, M|100\/100\n|turn|5\n|\n|t:|1700194697\n|switch|p1b: Iron Bundle|Iron Bundle, L50|100\/100\n|-enditem|p1b: Iron Bundle|Booster Energy\n|-activate|p1b: Iron Bundle|ability: Quark Drive|[fromitem]\n|-start|p1b: Iron Bundle|quarkdrivespe\n|move|p2a: Urshifu|Aqua Jet||[still]\n|cant|p1a: Safari|ability: Armor Tail|Aqua Jet|[of] p2a: Urshifu\n|move|p1a: Safari|Psychic|p2a: Urshifu\n|-supereffective|p2a: Urshifu\n|-damage|p2a: Urshifu|4\/100\n|\n|-fieldend|move: Trick Room\n|upkeep\n|turn|6\n|-message|joyboyverso forfeited.\n|\n|win|RocketGrunt6407\n|raw|RocketGrunt6407's rating: 1093 &rarr; <strong>1121<\/strong><br \/>(+28 for winning)\n|raw|joyboyverso's rating: 1122 &rarr; <strong>1095<\/strong><br \/>(-27 for losing)\n|l|\u2606joyboyverso\n","uploadtime":1700194741,"views":56,"p1id":"rocketgrunt6407","p2id":"joyboyverso","formatid":"gen9vgc2023regulatione","rating":1095,"private":0,"password":""}