{"id":"gen9vgc2023regulatione-1998233767","p1":"faiRyVGC","p2":"Fadecampo","format":"[Gen 9] VGC 2023 Regulation E","log":"|j|\u2606faiRyVGC\n|j|\u2606Fadecampo\n|n|\u2606faiRyVGC|fairyvgc\n|n|\u2606Fadecampo|fadecampo\n|html|View the match progress at <a href=\"\/game-bestof3-gen9vgc2023regulatione-1998231576\">game-bestof3-gen9vgc2023regulatione-1998231576<\/a>\n|t:|1700917223\n|gametype|doubles\n|player|p1|faiRyVGC|lucas-gen4pt|\n|player|p2|Fadecampo|101|\n|teamsize|p1|6\n|teamsize|p2|6\n|gen|9\n|tier|[Gen 9] VGC 2023 Regulation E\n|rated|Tournament battle\n|rule|Species Clause: Limit one of each Pok\u00e9mon\n|rule|Item Clause: Limit one of each item\n|clearpoke\n|poke|p1|Mamoswine, L50, F|\n|poke|p1|Sinistcha-Masterpiece, L50|\n|poke|p1|Chi-Yu, L50|\n|poke|p1|Iron Hands, L50|\n|poke|p1|Salamence, L50, F|\n|poke|p1|Dondozo, L50, M|\n|poke|p2|Amoonguss, L50, F|\n|poke|p2|Tornadus, L50, M|\n|poke|p2|Iron Hands, L50|\n|poke|p2|Arcanine-Hisui, L50, M|\n|poke|p2|Gholdengo, L50|\n|poke|p2|Urshifu-*, L50, M|\n|teampreview|4\n|showteam|p1|Mamoswine||LifeOrb|Oblivious|IcicleCrash,IceShard,HighHorsepower,Protect|||F|||50|,,,,,Water]Sinistcha-Masterpiece||SitrusBerry|Hospitality|MatchaGotcha,RagePowder,TrickRoom,StrengthSap||||||50|,,,,,Water]Chi-Yu||FocusSash|BeadsofRuin|HeatWave,DarkPulse,Snarl,Protect||||||50|,,,,,Ghost]Iron Hands||AssaultVest|QuarkDrive|DrainPunch,WildCharge,HeavySlam,FakeOut||||||50|,,,,,Water]Salamence||ClearAmulet|Intimidate|DualWingbeat,Bulldoze,Tailwind,Protect|||F|||50|,,,,,Flying]Dondozo||Leftovers|Unaware|WaveCrash,HeavySlam,Protect,Yawn|||M|||50|,,,,,Dragon\n|showteam|p2|Amoonguss||SitrusBerry|Regenerator|PollenPuff,Spore,RagePowder,Protect|||F|||50|,,,,,Water]Tornadus||RockyHelmet|Prankster|Tailwind,BleakwindStorm,Protect,RainDance|||M|||50|,,,,,Ghost]Iron Hands||AssaultVest|QuarkDrive|FakeOut,WildCharge,DrainPunch,VoltSwitch||||||50|,,,,,Water]Arcanine-Hisui||ChoiceBand|Intimidate|FlareBlitz,ExtremeSpeed,RockSlide,HeadSmash|||M|||50|,,,,,Fairy]Gholdengo||Leftovers|GoodasGold|MakeItRain,ShadowBall,NastyPlot,Protect||||||50|,,,,,Dragon]Urshifu-Rapid-Strike||MysticWater|UnseenFist|AquaJet,Detect,CloseCombat,SurgingStrikes|||M|||50|,,,,,Water\n|inactive|Battle timer is ON: inactive players will automatically lose when time's up. (requested by faiRyVGC)\n|inactive|faiRyVGC has 60 seconds left.\n|\n|t:|1700917266\n|start\n|switch|p1a: Salamence|Salamence, L50, F, shiny|100\/100\n|switch|p1b: Sinistcha|Sinistcha-Masterpiece, L50|100\/100\n|switch|p2a: Hirofumi|Arcanine-Hisui, L50, M, shiny|100\/100\n|switch|p2b: Snow|Tornadus, L50, M|100\/100\n|-ability|p1a: Salamence|Intimidate|boost\n|-unboost|p2a: Hirofumi|atk|1\n|-unboost|p2b: Snow|atk|1\n|-ability|p2a: Hirofumi|Intimidate|boost\n|-fail|p1a: Salamence|unboost|[from] item: Clear Amulet|[of] p1a: Salamence\n|-unboost|p1b: Sinistcha|atk|1\n|turn|1\n|inactive|faiRyVGC has 30 seconds left.\n|\n|t:|1700917292\n|move|p1a: Salamence|Protect|p1a: Salamence\n|-singleturn|p1a: Salamence|Protect\n|move|p2b: Snow|Bleakwind Storm|p1b: Sinistcha|[spread] p1b\n|-activate|p1a: Salamence|move: Protect\n|-supereffective|p1b: Sinistcha\n|-damage|p1b: Sinistcha|28\/100\n|-unboost|p1b: Sinistcha|spe|1\n|-enditem|p1b: Sinistcha|Sitrus Berry|[eat]\n|-heal|p1b: Sinistcha|53\/100|[from] item: Sitrus Berry\n|move|p2a: Hirofumi|Rock Slide|p1b: Sinistcha|[spread] p1b\n|-activate|p1a: Salamence|move: Protect\n|-damage|p1b: Sinistcha|33\/100\n|move|p1b: Sinistcha|Trick Room|p1b: Sinistcha\n|-fieldstart|move: Trick Room|[of] p1b: Sinistcha\n|\n|upkeep\n|turn|2\n|inactive|faiRyVGC has 30 seconds left.\n|\n|t:|1700917323\n|switch|p2a: amoonguss bus|Amoonguss, L50, F, shiny|100\/100\n|switch|p1a: Iron Hands|Iron Hands, L50, shiny|100\/100\n|-terastallize|p1b: Sinistcha|Water\n|move|p1b: Sinistcha|Strength Sap|p2a: amoonguss bus\n|-unboost|p2a: amoonguss bus|atk|1\n|-heal|p1b: Sinistcha|78\/100\n|move|p2b: Snow|Bleakwind Storm|p1b: Sinistcha|[spread] p1a\n|-miss|p2b: Snow|p1b: Sinistcha\n|-damage|p1a: Iron Hands|84\/100\n|\n|upkeep\n|turn|3\n|\n|t:|1700917337\n|switch|p1b: Mamoswine|Mamoswine, L50, F, shiny|100\/100\n|move|p2b: Snow|Protect|p2b: Snow\n|-singleturn|p2b: Snow|Protect\n|move|p2a: amoonguss bus|Spore|p1a: Iron Hands\n|-status|p1a: Iron Hands|slp|[from] move: Spore\n|cant|p1a: Iron Hands|slp\n|\n|upkeep\n|turn|4\n|\n|t:|1700917354\n|switch|p2b: Zeen|Urshifu-Rapid-Strike, L50, M|100\/100\n|move|p2a: amoonguss bus|Spore|p1b: Mamoswine\n|-status|p1b: Mamoswine|slp|[from] move: Spore\n|-curestatus|p1a: Iron Hands|slp|[msg]\n|move|p1a: Iron Hands|Wild Charge|p2b: Zeen\n|-supereffective|p2b: Zeen\n|-damage|p2b: Zeen|4\/100\n|-damage|p1a: Iron Hands|66\/100|[from] Recoil\n|cant|p1b: Mamoswine|slp\n|\n|upkeep\n|turn|5\n|\n|t:|1700917373\n|switch|p1b: Sinistcha|Sinistcha-Masterpiece, L50, tera:Water|78\/100\n|-heal|p1a: Iron Hands|91\/100|[from] ability: Hospitality|[of] p1b: Sinistcha\n|-terastallize|p2b: Zeen|Water\n|move|p2a: amoonguss bus|Spore|p1a: Iron Hands\n|-status|p1a: Iron Hands|slp|[from] move: Spore\n|cant|p1a: Iron Hands|slp\n|move|p2b: Zeen|Surging Strikes|p1b: Sinistcha\n|-resisted|p1b: Sinistcha\n|-crit|p1b: Sinistcha\n|-damage|p1b: Sinistcha|63\/100\n|-resisted|p1b: Sinistcha\n|-crit|p1b: Sinistcha\n|-damage|p1b: Sinistcha|48\/100\n|-resisted|p1b: Sinistcha\n|-crit|p1b: Sinistcha\n|-damage|p1b: Sinistcha|33\/100\n|-hitcount|p1b: Sinistcha|3\n|\n|-fieldend|move: Trick Room\n|upkeep\n|turn|6\n|\n|t:|1700917384\n|move|p1b: Sinistcha|Rage Powder|p1b: Sinistcha\n|-singleturn|p1b: Sinistcha|move: Rage Powder\n|move|p2a: amoonguss bus|Rage Powder|p2a: amoonguss bus\n|-singleturn|p2a: amoonguss bus|move: Rage Powder\n|move|p2b: Zeen|Surging Strikes|p1b: Sinistcha\n|-resisted|p1b: Sinistcha\n|-crit|p1b: Sinistcha\n|-damage|p1b: Sinistcha|20\/100\n|-resisted|p1b: Sinistcha\n|-crit|p1b: Sinistcha\n|-damage|p1b: Sinistcha|6\/100\n|-resisted|p1b: Sinistcha\n|-crit|p1b: Sinistcha\n|-damage|p1b: Sinistcha|0 fnt\n|faint|p1b: Sinistcha\n|-hitcount|p1: Sinistcha|3\n|-curestatus|p1a: Iron Hands|slp|[msg]\n|move|p1a: Iron Hands|Wild Charge|p2a: amoonguss bus\n|-resisted|p2a: amoonguss bus\n|-damage|p2a: amoonguss bus|81\/100\n|-damage|p1a: Iron Hands|87\/100|[from] Recoil\n|\n|upkeep\n|\n|t:|1700917392\n|switch|p1b: Salamence|Salamence, L50, F, shiny|100\/100\n|-ability|p1b: Salamence|Intimidate|boost\n|-unboost|p2a: amoonguss bus|atk|1\n|-unboost|p2b: Zeen|atk|1\n|turn|7\n|inactive|faiRyVGC has 30 seconds left.\n|\n|t:|1700917419\n|switch|p2b: Hirofumi|Arcanine-Hisui, L50, M, shiny|100\/100\n|-ability|p2b: Hirofumi|Intimidate|boost\n|-unboost|p1a: Iron Hands|atk|1\n|-fail|p1b: Salamence|unboost|[from] item: Clear Amulet|[of] p1b: Salamence\n|move|p1b: Salamence|Dual Wingbeat|p2a: amoonguss bus\n|-supereffective|p2a: amoonguss bus\n|-damage|p2a: amoonguss bus|50\/100\n|-enditem|p2a: amoonguss bus|Sitrus Berry|[eat]\n|-heal|p2a: amoonguss bus|75\/100|[from] item: Sitrus Berry\n|-supereffective|p2a: amoonguss bus\n|-crit|p2a: amoonguss bus\n|-damage|p2a: amoonguss bus|20\/100\n|-hitcount|p2a: amoonguss bus|2\n|move|p1a: Iron Hands|Heavy Slam|p2a: amoonguss bus\n|-damage|p2a: amoonguss bus|0 fnt\n|faint|p2a: amoonguss bus\n|\n|upkeep\n|\n|t:|1700917429\n|switch|p2a: Zeen|Urshifu-Rapid-Strike, L50, M, tera:Water|4\/100\n|turn|8\n|\n|t:|1700917440\n|-end|p1a: Iron Hands|Quark Drive|[silent]\n|switch|p1a: Mamoswine|Mamoswine, L50, F, shiny|100\/100 slp\n|move|p1b: Salamence|Protect|p1b: Salamence\n|-singleturn|p1b: Salamence|Protect\n|move|p2a: Zeen|Surging Strikes|p1a: Mamoswine\n|-supereffective|p1a: Mamoswine\n|-crit|p1a: Mamoswine\n|-damage|p1a: Mamoswine|18\/100 slp\n|-supereffective|p1a: Mamoswine\n|-crit|p1a: Mamoswine\n|-damage|p1a: Mamoswine|0 fnt\n|faint|p1a: Mamoswine\n|-hitcount|p1: Mamoswine|2\n|move|p2b: Hirofumi|Rock Slide|p1b: Salamence\n|-activate|p1b: Salamence|move: Protect\n|\n|upkeep\n|\n|t:|1700917446\n|switch|p1a: Iron Hands|Iron Hands, L50, shiny|87\/100\n|turn|9\n|\n|t:|1700917460\n|switch|p2b: Snow|Tornadus, L50, M|100\/100\n|move|p2a: Zeen|Detect|p2a: Zeen\n|-singleturn|p2a: Zeen|Protect\n|move|p1a: Iron Hands|Fake Out|p2b: Snow\n|-crit|p2b: Snow\n|-damage|p2b: Snow|79\/100\n|-damage|p1a: Iron Hands|70\/100|[from] item: Rocky Helmet|[of] p2b: Snow\n|move|p1b: Salamence|Tailwind|p1b: Salamence\n|-sidestart|p1: faiRyVGC|move: Tailwind\n|\n|upkeep\n|turn|10\n|\n|t:|1700917472\n|move|p1b: Salamence|Protect|p1b: Salamence\n|-singleturn|p1b: Salamence|Protect\n|move|p2b: Snow|Tailwind|p2b: Snow\n|-sidestart|p2: Fadecampo|move: Tailwind\n|move|p2a: Zeen|Surging Strikes|p1a: Iron Hands\n|-crit|p1a: Iron Hands\n|-damage|p1a: Iron Hands|45\/100\n|-crit|p1a: Iron Hands\n|-damage|p1a: Iron Hands|23\/100\n|-crit|p1a: Iron Hands\n|-damage|p1a: Iron Hands|2\/100\n|-hitcount|p1a: Iron Hands|3\n|move|p1a: Iron Hands|Wild Charge|p2b: Snow\n|-supereffective|p2b: Snow\n|-damage|p2b: Snow|0 fnt\n|-damage|p1a: Iron Hands|0 fnt|[from] item: Rocky Helmet|[of] p2b: Snow\n|faint|p2b: Snow\n|faint|p1a: Iron Hands\n|-end|p1a: Iron Hands|Quark Drive|[silent]\n|\n|upkeep\n|\n|t:|1700917476\n|switch|p2b: Hirofumi|Arcanine-Hisui, L50, M, shiny|100\/100\n|-ability|p2b: Hirofumi|Intimidate|boost\n|-fail|p1b: Salamence|unboost|[from] item: Clear Amulet|[of] p1b: Salamence\n|turn|11\n|\n|t:|1700917482\n|move|p1b: Salamence|Bulldoze|p2b: Hirofumi|[spread] p2a,p2b\n|-supereffective|p2b: Hirofumi\n|-damage|p2a: Zeen|0 fnt\n|-damage|p2b: Hirofumi|26\/100\n|-unboost|p2b: Hirofumi|spe|1\n|faint|p2a: Zeen\n|move|p2b: Hirofumi|Rock Slide|p1b: Salamence\n|-supereffective|p1b: Salamence\n|-damage|p1b: Salamence|0 fnt\n|faint|p1b: Salamence\n|\n|win|Fadecampo\n","uploadtime":1700917489,"views":4,"p1id":"fairyvgc","p2id":"fadecampo","formatid":"gen9vgc2023regulatione","rating":0,"private":0,"password":""}