{"id":"gen9vgc2023regulatione-1996122924","p1":"J0hn St0ne","p2":"tyl8","format":"[Gen 9] VGC 2023 Regulation E","log":"|j|\u2606J0hn St0ne\n|j|\u2606tyl8\n|t:|1700647626\n|gametype|doubles\n|player|p1|J0hn St0ne|steven|1435\n|player|p2|tyl8|dawn|1545\n|teamsize|p1|6\n|teamsize|p2|6\n|gen|9\n|tier|[Gen 9] VGC 2023 Regulation E\n|rated|\n|rule|Species Clause: Limit one of each Pok\u00e9mon\n|rule|Item Clause: Limit one of each item\n|clearpoke\n|poke|p1|Ting-Lu, L50|\n|poke|p1|Iron Bundle, L50|\n|poke|p1|Ninetales-Alola, L50, M|\n|poke|p1|Heatran, L50, M|\n|poke|p1|Landorus-Therian, L50, M|\n|poke|p1|Rillaboom, L50, F|\n|poke|p2|Ninetales-Alola, L50, M|\n|poke|p2|Glastrier, L50|\n|poke|p2|Farigiraf, L50, M|\n|poke|p2|Rillaboom, L50, F|\n|poke|p2|Ting-Lu, L50|\n|poke|p2|Arcanine-Hisui, L50, F|\n|teampreview|4\n|inactive|Battle timer is ON: inactive players will automatically lose when time's up. (requested by tyl8)\n|inactive|J0hn St0ne has 60 seconds left.\n|inactive|tyl8 has 60 seconds left.\n|inactive|tyl8 has 30 seconds left.\n|inactive|tyl8 has 20 seconds left.\n|\n|t:|1700647697\n|start\n|switch|p1a: Heatran|Heatran, L50, M|100\/100\n|switch|p1b: Landorus|Landorus-Therian, L50, M|100\/100\n|switch|p2a: Glastrier|Glastrier, L50|100\/100\n|switch|p2b: Farigiraf|Farigiraf, L50, M, shiny|100\/100\n|-ability|p1b: Landorus|Intimidate|boost\n|-unboost|p2a: Glastrier|atk|1\n|-unboost|p2b: Farigiraf|atk|1\n|turn|1\n|\n|t:|1700647719\n|switch|p1b: Iron Bundle|Iron Bundle, L50|100\/100\n|-enditem|p1b: Iron Bundle|Booster Energy\n|-activate|p1b: Iron Bundle|ability: Quark Drive|[fromitem]\n|-start|p1b: Iron Bundle|quarkdrivespe\n|-terastallize|p2a: Glastrier|Dragon\n|move|p1a: Heatran|Heat Wave|p2a: Glastrier|[spread] p2a\n|-miss|p1a: Heatran|p2b: Farigiraf\n|-resisted|p2a: Glastrier\n|-damage|p2a: Glastrier|88\/100\n|move|p2a: Glastrier|Iron Defense|p2a: Glastrier\n|-boost|p2a: Glastrier|def|2\n|move|p2b: Farigiraf|Trick Room|p2b: Farigiraf\n|-fieldstart|move: Trick Room|[of] p2b: Farigiraf\n|\n|-heal|p2a: Glastrier|94\/100|[from] item: Leftovers\n|upkeep\n|turn|2\n|inactive|J0hn St0ne has 30 seconds left.\n|\n|t:|1700647753\n|switch|p1a: Landorus|Landorus-Therian, L50, M|100\/100\n|-ability|p1a: Landorus|Intimidate|boost\n|-unboost|p2a: Glastrier|atk|1\n|-unboost|p2b: Farigiraf|atk|1\n|-terastallize|p1b: Iron Bundle|Ghost\n|move|p2a: Glastrier|Body Press|p1b: Iron Bundle\n|-immune|p1b: Iron Bundle\n|move|p2b: Farigiraf|Psychic|p1b: Iron Bundle\n|-damage|p1b: Iron Bundle|51\/100\n|move|p1b: Iron Bundle|Encore|p2a: Glastrier\n|-start|p2a: Glastrier|Encore\n|\n|-heal|p2a: Glastrier|100\/100|[from] item: Leftovers\n|upkeep\n|turn|3\n|\n|t:|1700647777\n|-end|p1b: Iron Bundle|Quark Drive|[silent]\n|switch|p1b: Ting-Lu|Ting-Lu, L50|100\/100\n|-ability|p1b: Ting-Lu|Vessel of Ruin\n|move|p2a: Glastrier|Body Press|p1a: Landorus\n|-resisted|p1a: Landorus\n|-damage|p1a: Landorus|70\/100\n|move|p2b: Farigiraf|Psychic|p1b: Ting-Lu\n|-immune|p1b: Ting-Lu\n|move|p1a: Landorus|Stomping Tantrum|p2b: Farigiraf\n|-damage|p2b: Farigiraf|67\/100\n|\n|upkeep\n|turn|4\n|\n|t:|1700647792\n|move|p2a: Glastrier|Body Press|p1b: Ting-Lu\n|-supereffective|p1b: Ting-Lu\n|-damage|p1b: Ting-Lu|43\/100\n|move|p1b: Ting-Lu|Ruination|p2a: Glastrier\n|-damage|p2a: Glastrier|50\/100\n|move|p2b: Farigiraf|Nasty Plot|p2b: Farigiraf\n|-boost|p2b: Farigiraf|spa|2\n|move|p1a: Landorus|Stomping Tantrum|p2a: Glastrier\n|-damage|p2a: Glastrier|33\/100\n|\n|-heal|p2a: Glastrier|40\/100|[from] item: Leftovers\n|-heal|p1b: Ting-Lu|49\/100|[from] item: Leftovers\n|upkeep\n|turn|5\n|-message|J0hn St0ne forfeited.\n|\n|win|tyl8\n|raw|J0hn St0ne's rating: 1435 &rarr; <strong>1421<\/strong><br \/>(-14 for losing)\n|raw|tyl8's rating: 1545 &rarr; <strong>1559<\/strong><br \/>(+14 for winning)\n|l|\u2606J0hn St0ne\n","uploadtime":1700647810,"views":7,"p1id":"j0hnst0ne","p2id":"tyl8","formatid":"gen9vgc2023regulatione","rating":1421,"private":0,"password":""}