{"id":"gen9vgc2023regulatione-1994296198","p1":"Jacksonell90","p2":"PINKYCURCHLORD","format":"[Gen 9] VGC 2023 Regulation E","log":"|j|\u2606Jacksonell90\n|j|\u2606PINKYCURCHLORD\n|t:|1700428204\n|gametype|doubles\n|player|p1|Jacksonell90|101|1049\n|player|p2|PINKYCURCHLORD|burglar|1038\n|teamsize|p1|6\n|teamsize|p2|6\n|gen|9\n|tier|[Gen 9] VGC 2023 Regulation E\n|rated|\n|rule|Species Clause: Limit one of each Pok\u00e9mon\n|rule|Item Clause: Limit one of each item\n|clearpoke\n|poke|p1|Tornadus, L50, M|\n|poke|p1|Arcanine-Hisui, L50, M|\n|poke|p1|Iron Hands, L50|\n|poke|p1|Urshifu-*, L50, F|\n|poke|p1|Sinistcha, L50|\n|poke|p1|Chien-Pao, L50|\n|poke|p2|Pincurchin, L50, F|\n|poke|p2|Iron Hands, L50|\n|poke|p2|Farigiraf, L50, M|\n|poke|p2|Iron Bundle, L50|\n|poke|p2|Ninetales-Alola, L50, M|\n|poke|p2|Heatran, L50, M|\n|teampreview|4\n|inactive|Battle timer is ON: inactive players will automatically lose when time's up. (requested by PINKYCURCHLORD)\n|inactive|PINKYCURCHLORD has 60 seconds left.\n|inactive|Jacksonell90 has 60 seconds left.\nJacksonell90 has agreed to open team sheets.\n|inactive|PINKYCURCHLORD has 30 seconds left.\n|inactive|PINKYCURCHLORD has 20 seconds left.\n|\n|t:|1700428278\n|start\n|switch|p1a: Tornadus|Tornadus, L50, M|100\/100\n|switch|p1b: Andre|Iron Hands, L50|100\/100\n|switch|p2a: Iron Hands|Iron Hands, L50|100\/100\n|switch|p2b: Farigiraf|Farigiraf, L50, M|100\/100\n|turn|1\n|inactive|Jacksonell90 has 30 seconds left.\n|\n|t:|1700428306\n|switch|p1a: Geiger|Arcanine-Hisui, L50, M|100\/100\n|-ability|p1a: Geiger|Intimidate|boost\n|-unboost|p2a: Iron Hands|atk|1\n|-unboost|p2b: Farigiraf|atk|1\n|move|p2a: Iron Hands|Fake Out|p1b: Andre\n|-damage|p1b: Andre|93\/100\n|cant|p1b: Andre|flinch\n|move|p2b: Farigiraf|Trick Room|p2b: Farigiraf\n|-fieldstart|move: Trick Room|[of] p2b: Farigiraf\n|\n|upkeep\n|turn|2\n|inactive|PINKYCURCHLORD has 30 seconds left.\n|\n|t:|1700428332\n|-terastallize|p1a: Geiger|Fairy\n|move|p2a: Iron Hands|Drain Punch|p1a: Geiger\n|-resisted|p1a: Geiger\n|-damage|p1a: Geiger|82\/100\n|move|p2b: Farigiraf|Psychic|p1b: Andre\n|-supereffective|p1b: Andre\n|-damage|p1b: Andre|16\/100\n|move|p1b: Andre|Close Combat|p2b: Farigiraf\n|-damage|p2b: Farigiraf|38\/100\n|-unboost|p1b: Andre|def|1\n|-unboost|p1b: Andre|spd|1\n|-enditem|p2b: Farigiraf|Sitrus Berry|[eat]\n|-heal|p2b: Farigiraf|63\/100|[from] item: Sitrus Berry\n|move|p1a: Geiger|Rock Slide|p2b: Farigiraf|[spread] p2a,p2b\n|-resisted|p2a: Iron Hands\n|-damage|p2a: Iron Hands|85\/100\n|-damage|p2b: Farigiraf|22\/100\n|\n|upkeep\n|turn|3\n|inactive|Jacksonell90 has 30 seconds left.\n|inactive|PINKYCURCHLORD has 30 seconds left.\n|inactive|PINKYCURCHLORD has 20 seconds left.\n|inactive|Jacksonell90 has 20 seconds left.\n|inactive|PINKYCURCHLORD has 15 seconds left.\n|\n|t:|1700428374\n|move|p2a: Iron Hands|Heavy Slam|p1a: Geiger\n|-supereffective|p1a: Geiger\n|-damage|p1a: Geiger|49\/100\n|move|p2b: Farigiraf|Psychic|p1b: Andre\n|-supereffective|p1b: Andre\n|-crit|p1b: Andre\n|-damage|p1b: Andre|0 fnt\n|faint|p1b: Andre\n|-end|p1b: Andre|Quark Drive|[silent]\n|move|p1a: Geiger|Rock Slide|p2a: Iron Hands|[spread] p2a,p2b\n|-resisted|p2a: Iron Hands\n|-damage|p2a: Iron Hands|69\/100\n|-damage|p2b: Farigiraf|0 fnt\n|faint|p2b: Farigiraf\n|\n|upkeep\n|\n|t:|1700428382\n|switch|p2b: Pincurchin|Pincurchin, L50, F, shiny|100\/100\n|switch|p1b: Bill|Urshifu-Rapid-Strike, L50, F|100\/100\n|-fieldstart|move: Electric Terrain|[from] ability: Electric Surge|[of] p2b: Pincurchin\n|-activate|p2a: Iron Hands|ability: Quark Drive\n|-start|p2a: Iron Hands|quarkdriveatk\n|turn|4\n|inactive|PINKYCURCHLORD has 30 seconds left.\n|\n|t:|1700428416\n|-terastallize|p2b: Pincurchin|Dragon\n|move|p2b: Pincurchin|Acupressure|p2a: Iron Hands\n|-boost|p2a: Iron Hands|evasion|2\n|move|p2a: Iron Hands|Wild Charge|p1b: Bill\n|-supereffective|p1b: Bill\n|-damage|p1b: Bill|0 fnt\n|faint|p1b: Bill\n|-damage|p2a: Iron Hands|50\/100|[from] Recoil\n|move|p1a: Geiger|Rock Slide|p2b: Pincurchin|[spread] p2b\n|-miss|p1a: Geiger|p2a: Iron Hands\n|-damage|p2b: Pincurchin|54\/100\n|\n|upkeep\n|\n|t:|1700428428\n|switch|p1b: Tornadus|Tornadus, L50, M|100\/100\n|turn|5\n|\n|t:|1700428439\n|move|p2b: Pincurchin|Acupressure|p2a: Iron Hands\n|-boost|p2a: Iron Hands|spe|2\n|move|p1a: Geiger|Rock Slide|p2b: Pincurchin|[spread] p2a,p2b\n|-resisted|p2a: Iron Hands\n|-damage|p2a: Iron Hands|33\/100\n|-damage|p2b: Pincurchin|7\/100\n|move|p2a: Iron Hands|Wild Charge|p1b: Tornadus\n|-supereffective|p1b: Tornadus\n|-damage|p1b: Tornadus|0 fnt\n|faint|p1b: Tornadus\n|-damage|p2a: Iron Hands|15\/100|[from] Recoil\n|\n|-fieldend|move: Trick Room\n|upkeep\n|turn|6\n|inactive|PINKYCURCHLORD has 30 seconds left.\n|\n|t:|1700428466\n|move|p2b: Pincurchin|Sucker Punch|p1a: Geiger\n|-resisted|p1a: Geiger\n|-crit|p1a: Geiger\n|-damage|p1a: Geiger|35\/100\n|move|p2a: Iron Hands|Heavy Slam|p1a: Geiger\n|-supereffective|p1a: Geiger\n|-damage|p1a: Geiger|0 fnt\n|faint|p1a: Geiger\n|\n|win|PINKYCURCHLORD\n|raw|Jacksonell90's rating: 1049 &rarr; <strong>1031<\/strong><br \/>(-18 for losing)\n|raw|PINKYCURCHLORD's rating: 1038 &rarr; <strong>1073<\/strong><br \/>(+35 for winning)\n|l|\u2606Jacksonell90\n","uploadtime":1700428481,"views":11,"p1id":"jacksonell90","p2id":"pinkycurchlord","formatid":"gen9vgc2023regulatione","rating":1031,"private":0,"password":""}