{"id":"gen9vgc2023regulatione-1991406918","p1":"papasmurfette","p2":"japangemu","format":"[Gen 9] VGC 2023 Regulation E","log":"|j|\u2606papasmurfette\n|j|\u2606japangemu\n|t:|1700074481\n|gametype|doubles\n|player|p1|papasmurfette|jogger|1520\n|player|p2|japangemu|1|1567\n|teamsize|p1|6\n|teamsize|p2|6\n|gen|9\n|tier|[Gen 9] VGC 2023 Regulation E\n|rated|\n|rule|Species Clause: Limit one of each Pok\u00e9mon\n|rule|Item Clause: Limit one of each item\n|clearpoke\n|poke|p1|Tornadus, L50, M|\n|poke|p1|Urshifu-*, L50, F|\n|poke|p1|Rillaboom, L50, M|\n|poke|p1|Landorus-Therian, L50, M|\n|poke|p1|Heatran, L50, F|\n|poke|p1|Gholdengo, L50|\n|poke|p2|Dusclops, L50, M|\n|poke|p2|Ursaluna-Bloodmoon, L50, M|\n|poke|p2|Iron Hands, L50|\n|poke|p2|Flutter Mane, L50|\n|poke|p2|Ogerpon-Cornerstone, L50, F|\n|poke|p2|Heatran, L50, F|\n|teampreview|4\n|\n|t:|1700074542\n|start\n|switch|p1a: Tornadus|Tornadus, L50, M|100\/100\n|switch|p1b: Rillaboom|Rillaboom, L50, M|100\/100\n|switch|p2a: Dusclops|Dusclops, L50, M|100\/100\n|switch|p2b: Ogerpon|Ogerpon-Cornerstone, L50, F|100\/100\n|-fieldstart|move: Grassy Terrain|[from] ability: Grassy Surge|[of] p1b: Rillaboom\n|-ability|p2a: Dusclops|Pressure\n|turn|1\n|inactive|Battle timer is ON: inactive players will automatically lose when time's up. (requested by japangemu)\n|\n|t:|1700074575\n|-terastallize|p2a: Dusclops|Dark\n|move|p1b: Rillaboom|Fake Out|p2a: Dusclops\n|-damage|p2a: Dusclops|92\/100\n|move|p2b: Ogerpon|Follow Me|p2b: Ogerpon\n|-singleturn|p2b: Ogerpon|move: Follow Me\n|move|p1a: Tornadus|Taunt|p2b: Ogerpon\n|-start|p2b: Ogerpon|move: Taunt\n|cant|p2a: Dusclops|flinch\n|\n|-heal|p2a: Dusclops|98\/100|[from] Grassy Terrain\n|upkeep\n|turn|2\n|\n|t:|1700074597\n|switch|p1a: Gholdengo|Gholdengo, L50|100\/100\n|move|p2b: Ogerpon|Ivy Cudgel|p1a: Gholdengo|[anim] Ivy Cudgel Rock\n|-resisted|p1a: Gholdengo\n|-damage|p1a: Gholdengo|74\/100\n|move|p1b: Rillaboom|U-turn|p2a: Dusclops\n|-supereffective|p2a: Dusclops\n|-crit|p2a: Dusclops\n|-damage|p2a: Dusclops|55\/100\n|\n|t:|1700074606\n|switch|p1b: Heatran|Heatran, L50, F|100\/100|[from] U-turn\n|move|p2a: Dusclops|Trick Room|p2a: Dusclops\n|-fieldstart|move: Trick Room|[of] p2a: Dusclops\n|\n|-heal|p2a: Dusclops|61\/100|[from] Grassy Terrain\n|-heal|p1a: Gholdengo|79\/100|[from] Grassy Terrain\n|upkeep\n|turn|3\n|\n|t:|1700074629\n|switch|p2a: Ursaluna|Ursaluna-Bloodmoon, L50, M|100\/100\n|move|p1b: Heatran|Protect|p1b: Heatran\n|-singleturn|p1b: Heatran|Protect\n|move|p1a: Gholdengo|Nasty Plot|p1a: Gholdengo\n|-boost|p1a: Gholdengo|spa|2\n|move|p2b: Ogerpon|Ivy Cudgel|p1b: Heatran|[anim] Ivy Cudgel Rock\n|-activate|p1b: Heatran|move: Protect\n|\n|-heal|p1a: Gholdengo|85\/100|[from] Grassy Terrain\n|upkeep\n|turn|4\n|\n|t:|1700074652\n|switch|p1b: Rillaboom|Rillaboom, L50, M|100\/100\n|move|p2a: Ursaluna|Blood Moon|p1a: Gholdengo\n|-resisted|p1a: Gholdengo\n|-damage|p1a: Gholdengo|46\/100\n|move|p1a: Gholdengo|Make It Rain|p2a: Ursaluna|[spread] p2a,p2b\n|-supereffective|p2b: Ogerpon\n|-damage|p2a: Ursaluna|0 fnt\n|-ability|p2b: Ogerpon|Sturdy\n|-damage|p2b: Ogerpon|1\/100\n|-unboost|p1a: Gholdengo|spa|1\n|faint|p2a: Ursaluna\n|move|p2b: Ogerpon|Ivy Cudgel|p1a: Gholdengo|[anim] Ivy Cudgel Rock\n|-resisted|p1a: Gholdengo\n|-damage|p1a: Gholdengo|16\/100\n|\n|-heal|p1a: Gholdengo|22\/100|[from] Grassy Terrain\n|-heal|p2b: Ogerpon|7\/100|[from] Grassy Terrain\n|-end|p2b: Ogerpon|move: Taunt\n|upkeep\n|\n|t:|1700074674\n|switch|p2a: Dusclops|Dusclops, L50, M, tera:Dark|61\/100\n|-ability|p2a: Dusclops|Pressure\n|turn|5\n|\n|t:|1700074692\n|move|p1a: Gholdengo|Protect|p1a: Gholdengo\n|-singleturn|p1a: Gholdengo|Protect\n|move|p2b: Ogerpon|Spiky Shield|p2b: Ogerpon\n|-singleturn|p2b: Ogerpon|move: Protect\n|move|p2a: Dusclops|Will-O-Wisp|p1b: Rillaboom\n|-status|p1b: Rillaboom|brn\n|move|p1b: Rillaboom|U-turn|p2b: Ogerpon\n|-activate|p2b: Ogerpon|move: Protect\n|-damage|p1b: Rillaboom|88\/100 brn|[from] Spiky Shield|[of] p2b: Ogerpon\n|\n|-heal|p2a: Dusclops|67\/100|[from] Grassy Terrain\n|-heal|p1b: Rillaboom|94\/100 brn|[from] Grassy Terrain\n|-heal|p1a: Gholdengo|27\/100|[from] Grassy Terrain\n|-heal|p2b: Ogerpon|13\/100|[from] Grassy Terrain\n|-damage|p1b: Rillaboom|88\/100 brn|[from] brn\n|-fieldend|move: Grassy Terrain\n|upkeep\n|turn|6\n|\n|t:|1700074712\n|move|p2a: Dusclops|Pain Split|p1b: Rillaboom\n|-sethp|p1b: Rillaboom|68\/100 brn|[from] move: Pain Split|[silent]\n|-sethp|p2a: Dusclops|96\/100|[from] move: Pain Split\n|move|p1b: Rillaboom|Wood Hammer|p2b: Ogerpon\n|-damage|p2b: Ogerpon|0 fnt\n|faint|p2b: Ogerpon\n|-damage|p1b: Rillaboom|65\/100 brn|[from] Recoil\n|move|p1a: Gholdengo|Make It Rain|p2a: Dusclops\n|-damage|p2a: Dusclops|35\/100\n|-unboost|p1a: Gholdengo|spa|1\n|\n|-damage|p1b: Rillaboom|59\/100 brn|[from] brn\n|-fieldend|move: Trick Room\n|upkeep\n|\n|t:|1700074726\n|switch|p2b: Iron Hands|Iron Hands, L50|100\/100\n|turn|7\n|\n|t:|1700074744\n|move|p1a: Gholdengo|Make It Rain|p2b: Iron Hands|[spread] p2a,p2b\n|-resisted|p2b: Iron Hands\n|-damage|p2a: Dusclops|4\/100\n|-damage|p2b: Iron Hands|84\/100\n|-unboost|p1a: Gholdengo|spa|1\n|move|p1b: Rillaboom|Wood Hammer|p2a: Dusclops\n|-damage|p2a: Dusclops|0 fnt\n|faint|p2a: Dusclops\n|-damage|p1b: Rillaboom|58\/100 brn|[from] Recoil\n|move|p2b: Iron Hands|Wild Charge|p1a: Gholdengo\n|-damage|p1a: Gholdengo|0 fnt\n|faint|p1a: Gholdengo\n|-damage|p2b: Iron Hands|79\/100|[from] Recoil\n|\n|-damage|p1b: Rillaboom|52\/100 brn|[from] brn\n|upkeep\n|\n|t:|1700074753\n|switch|p1a: Heatran|Heatran, L50, F|100\/100\n|turn|8\n|\n|t:|1700074764\n|switch|p1b: Tornadus|Tornadus, L50, M|100\/100\n|-terastallize|p1a: Heatran|Fairy\n|move|p1a: Heatran|Tera Blast|p2b: Iron Hands|[anim] Tera Blast Fairy\n|-supereffective|p2b: Iron Hands\n|-damage|p2b: Iron Hands|20\/100\n|-damage|p1a: Heatran|91\/100|[from] item: Life Orb\n|move|p2b: Iron Hands|Drain Punch|p1b: Tornadus\n|-resisted|p1b: Tornadus\n|-damage|p1b: Tornadus|77\/100\n|-heal|p2b: Iron Hands|29\/100|[from] drain|[of] p1b: Tornadus\n|\n|upkeep\n|turn|9\n|-message|japangemu forfeited.\n|\n|win|papasmurfette\n|raw|papasmurfette's rating: 1520 &rarr; <strong>1543<\/strong><br \/>(+23 for winning)\n|raw|japangemu's rating: 1567 &rarr; <strong>1544<\/strong><br \/>(-23 for losing)\n|l|\u2606japangemu\n|c|\u2606papasmurfette|Ggs\n","uploadtime":1700074784,"views":36,"p1id":"papasmurfette","p2id":"japangemu","formatid":"gen9vgc2023regulatione","rating":1543,"private":0,"password":""}