{"id":"gen9vgc2023regulatione-1994366924","p1":"Pink_SSB","p2":"CrystalDialga","format":"[Gen 9] VGC 2023 Regulation E","log":"|j|\u2606Pink_SSB\n|j|\u2606CrystalDialga\n|n|\u2606Pink_SSB|pinkssb\n|n|\u2606CrystalDialga|crystaldialga\n|html|View the match progress at <a href=\"\/game-bestof3-gen9vgc2023regulatione-1994366923\">game-bestof3-gen9vgc2023regulatione-1994366923<\/a>\n|t:|1700435797\n|gametype|doubles\n|player|p1|Pink_SSB|1|\n|player|p2|CrystalDialga|larry|\n|teamsize|p1|6\n|teamsize|p2|6\n|gen|9\n|tier|[Gen 9] VGC 2023 Regulation E\n|rule|Species Clause: Limit one of each Pok\u00e9mon\n|rule|Item Clause: Limit one of each item\n|clearpoke\n|poke|p1|Eiscue, L50, M|\n|poke|p1|Iron Hands, L50|\n|poke|p1|Sinistcha, L50|\n|poke|p1|Landorus-Therian, L50, M|\n|poke|p1|Heatran, L50, F|\n|poke|p1|Flutter Mane, L50|\n|poke|p2|Dragapult, L50, M|\n|poke|p2|Chien-Pao, L50|\n|poke|p2|Ting-Lu, L50|\n|poke|p2|Rillaboom, L50, M|\n|poke|p2|Dondozo, L50, F|\n|poke|p2|Amoonguss, L50, M|\n|teampreview|4\nCrystalDialga has agreed to open team sheets.\n|c|\u2606CrystalDialga|im a fan of the eiscue pick\n|c|\u2606CrystalDialga|gl hf\n|c|\u2606Pink_SSB|thx\n|c|\u2606Pink_SSB|glhf\n|inactive|Battle timer is ON: inactive players will automatically lose when time's up. (requested by Pink_SSB)\n|\n|t:|1700435848\n|start\n|switch|p1a: Tera-Ass|Heatran, L50, F|100\/100\n|switch|p1b: Flutter Mane|Flutter Mane, L50|100\/100\n|switch|p2a: pookie bear|Dragapult, L50, M|100\/100\n|switch|p2b: Dude from Ice Age|Chien-Pao, L50|100\/100\n|-ability|p2b: Dude from Ice Age|Sword of Ruin\n|-enditem|p1b: Flutter Mane|Booster Energy\n|-activate|p1b: Flutter Mane|ability: Protosynthesis|[fromitem]\n|-start|p1b: Flutter Mane|protosynthesisspe\n|turn|1\n|inactive|Pink_SSB has 30 seconds left.\n|inactive|Pink_SSB has 20 seconds left.\n|inactive|Pink_SSB has 15 seconds left.\n|\n|t:|1700435888\n|switch|p2a: \"One more fissure\"|Ting-Lu, L50|100\/100\n|-ability|p2a: \"One more fissure\"|Vessel of Ruin\n|move|p1b: Flutter Mane|Shadow Ball|p2a: \"One more fissure\"\n|-resisted|p2a: \"One more fissure\"\n|-damage|p2a: \"One more fissure\"|93\/100\n|move|p2b: Dude from Ice Age|Icicle Crash|p1b: Flutter Mane\n|-damage|p1b: Flutter Mane|0 fnt\n|faint|p1b: Flutter Mane\n|-end|p1b: Flutter Mane|Protosynthesis|[silent]\n|move|p1a: Tera-Ass|Heat Wave|p2b: Dude from Ice Age|[spread] p2a,p2b\n|-supereffective|p2b: Dude from Ice Age\n|-damage|p2a: \"One more fissure\"|81\/100\n|-damage|p2b: Dude from Ice Age|4\/100\n|\n|upkeep\n|\n|t:|1700435897\n|switch|p1b: Eiscue|Eiscue, L50, M|100\/100\n|turn|2\n|inactive|CrystalDialga has 30 seconds left.\n|inactive|CrystalDialga has 20 seconds left.\n|inactive|CrystalDialga has 15 seconds left.\n|\n|t:|1700435941\n|switch|p2b: Donbozo|Dondozo, L50, F|100\/100\n|-terastallize|p1a: Tera-Ass|Grass\n|move|p1b: Eiscue|Protect|p1b: Eiscue\n|-singleturn|p1b: Eiscue|Protect\n|move|p1a: Tera-Ass|Flash Cannon|p2b: Donbozo\n|-resisted|p2b: Donbozo\n|-damage|p2b: Donbozo|86\/100\n|move|p2a: \"One more fissure\"|Ruination|p1b: Eiscue\n|-activate|p1b: Eiscue|move: Protect\n|\n|-heal|p2b: Donbozo|92\/100|[from] item: Leftovers\n|upkeep\n|turn|3\n|\n|t:|1700435953\n|switch|p1a: Brian's Sippy Cup|Sinistcha, L50|100\/100\n|move|p1b: Eiscue|Belly Drum|p1b: Eiscue\n|-damage|p1b: Eiscue|50\/100\n|-setboost|p1b: Eiscue|atk|6|[from] move: Belly Drum\n|-enditem|p1b: Eiscue|Sitrus Berry|[eat]\n|-heal|p1b: Eiscue|75\/100|[from] item: Sitrus Berry\n|move|p2a: \"One more fissure\"|Fissure|p1a: Brian's Sippy Cup|[miss]\n|-miss|p2a: \"One more fissure\"|p1a: Brian's Sippy Cup\n|move|p2b: Donbozo|Yawn|p1b: Eiscue\n|-start|p1b: Eiscue|move: Yawn|[of] p2b: Donbozo\n|\n|-heal|p2b: Donbozo|98\/100|[from] item: Leftovers\n|upkeep\n|turn|4\n|inactive|CrystalDialga has 30 seconds left.\n|\n|t:|1700435986\n|move|p1b: Eiscue|Icicle Crash|p2a: \"One more fissure\"\n|-supereffective|p2a: \"One more fissure\"\n|-damage|p2a: \"One more fissure\"|0 fnt\n|faint|p2a: \"One more fissure\"\n|move|p1a: Brian's Sippy Cup|Matcha Gotcha|p2b: Donbozo\n|-supereffective|p2b: Donbozo\n|-damage|p2b: Donbozo|13\/100\n|move|p2b: Donbozo|Heavy Slam|p1a: Brian's Sippy Cup\n|-damage|p1a: Brian's Sippy Cup|73\/100\n|-damage|p2b: Donbozo|0 fnt|[from] item: Rocky Helmet|[of] p1a: Brian's Sippy Cup\n|faint|p2b: Donbozo\n|\n|-end|p1b: Eiscue|move: Yawn|[silent]\n|-status|p1b: Eiscue|slp\n|upkeep\n|\n|t:|1700435996\n|switch|p2a: pookie bear|Dragapult, L50, M|100\/100\n|switch|p2b: Dude from Ice Age|Chien-Pao, L50|4\/100\n|-ability|p2b: Dude from Ice Age|Sword of Ruin\n|turn|5\n|\n|t:|1700436005\n|switch|p1a: Tera-Ass|Heatran, L50, F, tera:Grass|100\/100\n|move|p2a: pookie bear|Dragon Darts|p1b: Eiscue\n|-activate|p1b: Eiscue|ability: Ice Face\n|-damage|p1b: Eiscue|75\/100 slp\n|detailschange|p1b: Eiscue|Eiscue-Noice, L50, M\n|-anim|p2a: pookie bear|Dragon Darts|p1a: Tera-Ass\n|-damage|p1a: Tera-Ass|62\/100\n|cant|p1b: Eiscue|slp\n|move|p2b: Dude from Ice Age|Icicle Crash|p1a: Tera-Ass\n|-supereffective|p1a: Tera-Ass\n|-damage|p1a: Tera-Ass|0 fnt\n|faint|p1a: Tera-Ass\n|\n|upkeep\n|\n|t:|1700436011\n|switch|p1a: Brian's Sippy Cup|Sinistcha, L50|73\/100\n|-heal|p1b: Eiscue|99\/100 slp|[from] ability: Hospitality|[of] p1a: Brian's Sippy Cup\n|turn|6\n|\n|t:|1700436028\n|move|p2a: pookie bear|Dragon Darts|p1b: Eiscue\n|-damage|p1b: Eiscue|26\/100 slp\n|-anim|p2a: pookie bear|Dragon Darts|p1a: Brian's Sippy Cup\n|-damage|p1a: Brian's Sippy Cup|29\/100\n|-curestatus|p1b: Eiscue|slp|[msg]\n|move|p1b: Eiscue|Icicle Crash|p2a: pookie bear\n|-supereffective|p2a: pookie bear\n|-damage|p2a: pookie bear|0 fnt\n|faint|p2a: pookie bear\n|move|p2b: Dude from Ice Age|Sacred Sword|p1b: Eiscue\n|-supereffective|p1b: Eiscue\n|-damage|p1b: Eiscue|0 fnt\n|faint|p1b: Eiscue\n|move|p1a: Brian's Sippy Cup|Trick Room|p1a: Brian's Sippy Cup\n|-fieldstart|move: Trick Room|[of] p1a: Brian's Sippy Cup\n|\n|upkeep\n|turn|7\n|\n|t:|1700436044\n|move|p2b: Dude from Ice Age|Sucker Punch|p1a: Brian's Sippy Cup\n|-supereffective|p1a: Brian's Sippy Cup\n|-damage|p1a: Brian's Sippy Cup|0 fnt\n|-damage|p2b: Dude from Ice Age|0 fnt|[from] item: Rocky Helmet|[of] p1a: Brian's Sippy Cup\n|faint|p1a: Brian's Sippy Cup\n|faint|p2b: Dude from Ice Age\n|\n|win|CrystalDialga\n|c|\u2606Pink_SSB|rip lol\n|c|&|\/uhtml prompt-pinkssb,Pink_SSB is ready for game 2!\n|c|\u2606CrystalDialga|close as hell\n|inactive|CrystalDialga has 50 seconds to confirm battle start!\n|c|&|\/uhtml prompt-crystaldialga,CrystalDialga is ready for game 2!\nBoth players are ready! Starting next match!\n|l|\u2606Pink_SSB\n|l|\u2606CrystalDialga\n|j|\u2606Pink_SSB\n|player|p1|Pink_SSB|1\n|l|\u2606Pink_SSB\n|player|p1|\n|j|\u2606Pink_SSB\n|player|p1|Pink_SSB|1\n","uploadtime":1700436054,"views":14,"p1id":"pinkssb","p2id":"crystaldialga","formatid":"gen9vgc2023regulatione","rating":0,"private":0,"password":""}