{"id":"gen9vgc2023regulatione-1990054680","p1":"LegacyShowden","p2":"WeRrsome","format":"[Gen 9] VGC 2023 Regulation E","log":"|j|\u2606LegacyShowden\n|j|\u2606WeRrsome\n|t:|1699919642\n|gametype|doubles\n|player|p1|LegacyShowden|rosa|1179\n|player|p2|WeRrsome|266|1124\n|teamsize|p1|6\n|teamsize|p2|6\n|gen|9\n|tier|[Gen 9] VGC 2023 Regulation E\n|rated|\n|rule|Species Clause: Limit one of each Pok\u00e9mon\n|rule|Item Clause: Limit one of each item\n|clearpoke\n|poke|p1|Landorus-Therian, L50, M|\n|poke|p1|Samurott-Hisui, L50, M|\n|poke|p1|Kommo-o, L50, M|\n|poke|p1|Heatran, L50, M|\n|poke|p1|Rillaboom, L50, M|\n|poke|p1|Flutter Mane, L50|\n|poke|p2|Raichu, L50, F|\n|poke|p2|Dusclops, L50, M|\n|poke|p2|Garganacl, L50, M|\n|poke|p2|Tornadus, L50, M|\n|poke|p2|Basculegion, L50, M|\n|poke|p2|Pelipper, L50, M|\n|teampreview|4\n|inactive|Battle timer is ON: inactive players will automatically lose when time's up. (requested by LegacyShowden)\nWeRrsome rejected open team sheets.\n|inactive|LegacyShowden has 60 seconds left.\n|inactive|WeRrsome has 60 seconds left.\n|\n|t:|1699919684\n|start\n|switch|p1a: Landorus|Landorus-Therian, L50, M|100\/100\n|switch|p1b: Samurott|Samurott-Hisui, L50, M|100\/100\n|switch|p2a: Basculegion|Basculegion, L50, M|100\/100\n|switch|p2b: Dusclops|Dusclops, L50, M|100\/100\n|-ability|p1a: Landorus|Intimidate|boost\n|-unboost|p2a: Basculegion|atk|1\n|-unboost|p2b: Dusclops|atk|1\n|-ability|p2b: Dusclops|Pressure\n|turn|1\n|\n|t:|1699919701\n|move|p2a: Basculegion|Protect|p2a: Basculegion\n|-singleturn|p2a: Basculegion|Protect\n|move|p1a: Landorus|Stomping Tantrum|p2a: Basculegion\n|-activate|p2a: Basculegion|move: Protect\n|move|p1b: Samurott|Ceaseless Edge|p2a: Basculegion\n|-activate|p2a: Basculegion|move: Protect\n|move|p2b: Dusclops|Will-O-Wisp|p1a: Landorus\n|-status|p1a: Landorus|brn\n|\n|-damage|p1a: Landorus|94\/100 brn|[from] brn\n|upkeep\n|turn|2\n|\n|t:|1699919721\n|switch|p2a: Pelipper|Pelipper, L50, M|100\/100\n|-weather|RainDance|[from] ability: Drizzle|[of] p2a: Pelipper\n|move|p1a: Landorus|Stomping Tantrum|p2b: Dusclops\n|-damage|p2b: Dusclops|90\/100\n|move|p1b: Samurott|Ceaseless Edge|p2b: Dusclops\n|-supereffective|p2b: Dusclops\n|-damage|p2b: Dusclops|45\/100\n|-sidestart|p2: WeRrsome|Spikes\n|move|p2b: Dusclops|Icy Wind|p1a: Landorus|[spread] p1a,p1b\n|-supereffective|p1a: Landorus\n|-crit|p1a: Landorus\n|-resisted|p1b: Samurott\n|-damage|p1a: Landorus|39\/100 brn\n|-damage|p1b: Samurott|96\/100\n|-unboost|p1a: Landorus|spe|1\n|-unboost|p1b: Samurott|spe|1\n|\n|-weather|RainDance|[upkeep]\n|-damage|p1a: Landorus|33\/100 brn|[from] brn\n|upkeep\n|turn|3\n|\n|t:|1699919739\n|move|p2a: Pelipper|Wide Guard|p2a: Pelipper\n|-singleturn|p2a: Pelipper|Wide Guard\n|move|p1a: Landorus|Stomping Tantrum|p2b: Dusclops\n|-damage|p2b: Dusclops|35\/100\n|move|p1b: Samurott|Ceaseless Edge|p2b: Dusclops|[miss]\n|-miss|p1b: Samurott|p2b: Dusclops\n|move|p2b: Dusclops|Pain Split|p1b: Samurott\n|-sethp|p1b: Samurott|63\/100|[from] move: Pain Split|[silent]\n|-sethp|p2b: Dusclops|71\/100|[from] move: Pain Split\n|\n|-weather|RainDance|[upkeep]\n|-damage|p1a: Landorus|27\/100 brn|[from] brn\n|upkeep\n|turn|4\n|\n|t:|1699919762\n|switch|p2b: Tornadus|Tornadus, L50, M|100\/100\n|move|p1a: Landorus|Stomping Tantrum|p2b: Tornadus\n|-immune|p2b: Tornadus\n|move|p2a: Pelipper|Weather Ball|p1a: Landorus\n|-supereffective|p1a: Landorus\n|-damage|p1a: Landorus|0 fnt\n|faint|p1a: Landorus\n|move|p1b: Samurott|Razor Shell|p2b: Tornadus\n|-damage|p2b: Tornadus|10\/100\n|-enditem|p2b: Tornadus|Sitrus Berry|[eat]\n|-heal|p2b: Tornadus|34\/100|[from] item: Sitrus Berry\n|\n|-weather|RainDance|[upkeep]\n|upkeep\n|\n|t:|1699919769\n|switch|p1a: Rillaboom|Rillaboom, L50, M|100\/100\n|-fieldstart|move: Grassy Terrain|[from] ability: Grassy Surge|[of] p1a: Rillaboom\n|turn|5\n|\n|t:|1699919783\n|move|p2b: Tornadus|Protect|p2b: Tornadus\n|-singleturn|p2b: Tornadus|Protect\n|move|p1a: Rillaboom|Fake Out|p2a: Pelipper\n|-damage|p2a: Pelipper|80\/100\n|move|p1b: Samurott|Sucker Punch||[still]\n|-fail|p1b: Samurott\n|cant|p2a: Pelipper|flinch\n|\n|-weather|RainDance|[upkeep]\n|-heal|p1b: Samurott|69\/100|[from] Grassy Terrain\n|upkeep\n|turn|6\n|\n|t:|1699919792\n|move|p2b: Tornadus|Tailwind|p2b: Tornadus\n|-sidestart|p2: WeRrsome|move: Tailwind\n|move|p1a: Rillaboom|Grassy Glide|p2b: Tornadus\n|-resisted|p2b: Tornadus\n|-damage|p2b: Tornadus|10\/100\n|move|p2a: Pelipper|Hurricane|p1a: Rillaboom\n|-supereffective|p1a: Rillaboom\n|-damage|p1a: Rillaboom|30\/100\n|move|p1b: Samurott|Ceaseless Edge|p2a: Pelipper\n|-damage|p2a: Pelipper|26\/100\n|-sidestart|p2: WeRrsome|Spikes\n|\n|-weather|none\n|-heal|p1a: Rillaboom|35\/100|[from] Grassy Terrain\n|-heal|p1b: Samurott|75\/100|[from] Grassy Terrain\n|upkeep\n|turn|7\n|inactive|WeRrsome has 30 seconds left.\n|inactive|LegacyShowden has 30 seconds left.\n|\n|t:|1699919824\n|switch|p2b: Dusclops|Dusclops, L50, M|71\/100\n|-damage|p2b: Dusclops|55\/100|[from] Spikes\n|-ability|p2b: Dusclops|Pressure\n|move|p2a: Pelipper|Protect|p2a: Pelipper\n|-singleturn|p2a: Pelipper|Protect\n|move|p1a: Rillaboom|Grassy Glide|p2a: Pelipper\n|-activate|p2a: Pelipper|move: Protect\n|move|p1b: Samurott|Sucker Punch||[still]\n|-fail|p1b: Samurott\n|\n|-heal|p1a: Rillaboom|41\/100|[from] Grassy Terrain\n|-heal|p1b: Samurott|81\/100|[from] Grassy Terrain\n|-heal|p2b: Dusclops|61\/100|[from] Grassy Terrain\n|upkeep\n|turn|8\n|\n|t:|1699919843\n|switch|p2a: Tornadus|Tornadus, L50, M|10\/100\n|move|p1a: Rillaboom|Grassy Glide|p2b: Dusclops\n|-damage|p2b: Dusclops|43\/100\n|move|p1b: Samurott|Ceaseless Edge|p2b: Dusclops\n|-supereffective|p2b: Dusclops\n|-damage|p2b: Dusclops|2\/100\n|-sidestart|p2: WeRrsome|Spikes\n|move|p2b: Dusclops|Will-O-Wisp|p1a: Rillaboom\n|-status|p1a: Rillaboom|brn\n|\n|-heal|p1a: Rillaboom|47\/100 brn|[from] Grassy Terrain\n|-heal|p1b: Samurott|87\/100|[from] Grassy Terrain\n|-heal|p2b: Dusclops|8\/100|[from] Grassy Terrain\n|-damage|p1a: Rillaboom|41\/100 brn|[from] brn\n|upkeep\n|turn|9\n|\n|t:|1699919859\n|move|p1a: Rillaboom|Grassy Glide|p2b: Dusclops\n|-damage|p2b: Dusclops|0 fnt\n|faint|p2b: Dusclops\n|move|p1b: Samurott|Sucker Punch|p2a: Tornadus\n|-damage|p2a: Tornadus|0 fnt\n|faint|p2a: Tornadus\n|\n|-heal|p1a: Rillaboom|47\/100 brn|[from] Grassy Terrain\n|-heal|p1b: Samurott|93\/100|[from] Grassy Terrain\n|-damage|p1a: Rillaboom|41\/100 brn|[from] brn\n|-sideend|p2: WeRrsome|move: Tailwind\n|-fieldend|move: Grassy Terrain\n|upkeep\n|\n|t:|1699919863\n|switch|p2a: Pelipper|Pelipper, L50, M|26\/100\n|switch|p2b: Basculegion|Basculegion, L50, M|100\/100\n|-damage|p2b: Basculegion|76\/100|[from] Spikes\n|-weather|RainDance|[from] ability: Drizzle|[of] p2a: Pelipper\n|turn|10\n|inactive|WeRrsome has 30 seconds left.\n|\n|t:|1699919893\n|switch|p1a: Kommo-o|Kommo-o, L50, M|100\/100\n|move|p2b: Basculegion|Protect|p2b: Basculegion\n|-singleturn|p2b: Basculegion|Protect\n|move|p2a: Pelipper|Hurricane|p1a: Kommo-o\n|-supereffective|p1a: Kommo-o\n|-damage|p1a: Kommo-o|20\/100\n|-enditem|p1a: Kommo-o|Sitrus Berry|[eat]\n|-heal|p1a: Kommo-o|45\/100|[from] item: Sitrus Berry\n|move|p1b: Samurott|Ceaseless Edge|p2a: Pelipper\n|-damage|p2a: Pelipper|0 fnt\n|faint|p2a: Pelipper\n|\n|-weather|RainDance|[upkeep]\n|upkeep\n|turn|11\n|\n|t:|1699919910\n|-terastallize|p2b: Basculegion|Water\n|move|p1b: Samurott|Sucker Punch|p2b: Basculegion\n|-damage|p2b: Basculegion|34\/100\n|move|p2b: Basculegion|Psychic Fangs|p1a: Kommo-o\n|-supereffective|p1a: Kommo-o\n|-damage|p1a: Kommo-o|9\/100\n|move|p1a: Kommo-o|Iron Defense|p1a: Kommo-o\n|-boost|p1a: Kommo-o|def|2\n|\n|-weather|RainDance|[upkeep]\n|upkeep\n|turn|12\n|\n|t:|1699919925\n|move|p2b: Basculegion|Aqua Jet|p1a: Kommo-o\n|-resisted|p1a: Kommo-o\n|-crit|p1a: Kommo-o\n|-damage|p1a: Kommo-o|0 fnt\n|faint|p1a: Kommo-o\n|move|p1b: Samurott|Razor Shell|p2b: Basculegion\n|-resisted|p2b: Basculegion\n|-damage|p2b: Basculegion|0 fnt\n|faint|p2b: Basculegion\n|\n|win|LegacyShowden\n|raw|LegacyShowden's rating: 1179 &rarr; <strong>1200<\/strong><br \/>(+21 for winning)\n|raw|WeRrsome's rating: 1124 &rarr; <strong>1103<\/strong><br \/>(-21 for losing)\n|l|\u2606WeRrsome\n","uploadtime":1699919933,"views":18,"p1id":"legacyshowden","p2id":"werrsome","formatid":"gen9vgc2023regulatione","rating":1103,"private":0,"password":""}