{"id":"gen9vgc2023regulatione-1990206345","p1":"Jimothy1","p2":"Builts","format":"[Gen 9] VGC 2023 Regulation E","log":"|j|\u2606Jimothy1\n|j|\u203dBuilts\n|t:|1699937286\n|gametype|doubles\n|player|p1|Jimothy1|dragontamer|1233\n|player|p2|Builts|266|1297\n|teamsize|p1|6\n|teamsize|p2|6\n|gen|9\n|tier|[Gen 9] VGC 2023 Regulation E\n|rated|\n|rule|Species Clause: Limit one of each Pok\u00e9mon\n|rule|Item Clause: Limit one of each item\n|clearpoke\n|poke|p1|Falinks, L50|\n|poke|p1|Amoonguss, L50, M|\n|poke|p1|Arcanine-Hisui, L50, M|\n|poke|p1|Grimmsnarl, L50, M|\n|poke|p1|Moltres-Galar, L50|\n|poke|p1|Chien-Pao, L50|\n|poke|p2|Indeedee-F, L50, F|\n|poke|p2|Armarouge, L50, F|\n|poke|p2|Sylveon, L50, M|\n|poke|p2|Ursaluna, L50, M|\n|poke|p2|Urshifu-*, L50, F|\n|poke|p2|Torkoal, L50, M|\n|teampreview|4\n|inactive|Battle timer is ON: inactive players will automatically lose when time's up. (requested by Builts)\n|\n|t:|1699937301\n|start\n|switch|p1a: Falinks|Falinks, L50|100\/100\n|switch|p1b: Grimmsnarl|Grimmsnarl, L50, M|100\/100\n|switch|p2a: Indeedee|Indeedee-F, L50, F|100\/100\n|switch|p2b: Armarouge|Armarouge, L50, F|100\/100\n|-fieldstart|move: Psychic Terrain|[from] ability: Psychic Surge|[of] p2a: Indeedee\n|-enditem|p2a: Indeedee|Psychic Seed\n|-boost|p2a: Indeedee|spd|1|[from] item: Psychic Seed\n|turn|1\n|inactive|Builts has 30 seconds left.\n|\n|t:|1699937331\n|-terastallize|p1a: Falinks|Steel\n|move|p1b: Grimmsnarl|Light Screen|p1b: Grimmsnarl\n|-sidestart|p1: Jimothy1|move: Light Screen\n|move|p1a: Falinks|No Retreat|p1a: Falinks\n|-boost|p1a: Falinks|atk|1\n|-boost|p1a: Falinks|def|1\n|-boost|p1a: Falinks|spa|1\n|-boost|p1a: Falinks|spd|1\n|-boost|p1a: Falinks|spe|1\n|-start|p1a: Falinks|move: No Retreat\n|move|p2a: Indeedee|Dazzling Gleam|p1a: Falinks|[spread] p1a,p1b\n|-resisted|p1a: Falinks\n|-supereffective|p1b: Grimmsnarl\n|-damage|p1a: Falinks|95\/100\n|-damage|p1b: Grimmsnarl|79\/100\n|move|p2b: Armarouge|Trick Room|p2b: Armarouge\n|-fieldstart|move: Trick Room|[of] p2b: Armarouge\n|\n|upkeep\n|turn|2\n|inactive|Jimothy1 has 30 seconds left.\n|\n|t:|1699937361\n|move|p2a: Indeedee|Helping Hand|p2b: Armarouge\n|-singleturn|p2b: Armarouge|Helping Hand|[of] p2a: Indeedee\n|move|p1b: Grimmsnarl|Reflect|p1b: Grimmsnarl\n|-sidestart|p1: Jimothy1|Reflect\n|move|p2b: Armarouge|Heat Wave|p1b: Grimmsnarl|[spread] p1a,p1b\n|-supereffective|p1a: Falinks\n|-damage|p1a: Falinks|16\/100\n|-damage|p1b: Grimmsnarl|32\/100\n|move|p1a: Falinks|Rock Slide|p2a: Indeedee|[spread] p2a,p2b\n|-supereffective|p2b: Armarouge\n|-damage|p2a: Indeedee|75\/100\n|-damage|p2b: Armarouge|55\/100\n|\n|upkeep\n|turn|3\n|inactive|Jimothy1 has 30 seconds left.\n|\n|t:|1699937388\n|switch|p2a: Sylveon|Sylveon, L50, M|100\/100\n|move|p2b: Armarouge|Heat Wave|p1b: Grimmsnarl|[spread] p1a,p1b\n|-supereffective|p1a: Falinks\n|-crit|p1b: Grimmsnarl\n|-damage|p1a: Falinks|0 fnt\n|-damage|p1b: Grimmsnarl|0 fnt\n|faint|p1a: Falinks\n|faint|p1b: Grimmsnarl\n|\n|upkeep\n|\n|t:|1699937393\n|switch|p1b: Amoonguss|Amoonguss, L50, M|100\/100\n|switch|p1a: Chien-Pao|Chien-Pao, L50|100\/100\n|-ability|p1a: Chien-Pao|Sword of Ruin\n|turn|4\n|\n|t:|1699937413\n|-terastallize|p2b: Armarouge|Grass\n|move|p1a: Chien-Pao|Protect|p1a: Chien-Pao\n|-singleturn|p1a: Chien-Pao|Protect\n|move|p1b: Amoonguss|Spore|p2b: Armarouge\n|-immune|p2b: Armarouge\n|move|p2a: Sylveon|Hyper Voice|p1a: Chien-Pao|[spread] p1b\n|-activate|p1a: Chien-Pao|move: Protect\n|-resisted|p1b: Amoonguss\n|-damage|p1b: Amoonguss|90\/100\n|-enditem|p2a: Sylveon|Throat Spray\n|-boost|p2a: Sylveon|spa|1|[from] item: Throat Spray\n|move|p2b: Armarouge|Expanding Force|p1a: Chien-Pao|[spread] p1b\n|-activate|p1a: Chien-Pao|move: Protect\n|-supereffective|p1b: Amoonguss\n|-damage|p1b: Amoonguss|20\/100\n|\n|upkeep\n|turn|5\n|inactive|Jimothy1 has 30 seconds left.\n|\n|t:|1699937438\n|move|p1b: Amoonguss|Sludge Bomb|p2b: Armarouge\n|-supereffective|p2b: Armarouge\n|-damage|p2b: Armarouge|0 fnt\n|faint|p2b: Armarouge\n|move|p2a: Sylveon|Hyper Voice|p1a: Chien-Pao|[spread] p1a,p1b\n|-supereffective|p1a: Chien-Pao\n|-resisted|p1b: Amoonguss\n|-enditem|p1a: Chien-Pao|Focus Sash\n|-damage|p1a: Chien-Pao|1\/100\n|-damage|p1b: Amoonguss|4\/100\n|move|p1a: Chien-Pao|Icicle Crash|p2a: Sylveon|[miss]\n|-miss|p1a: Chien-Pao|p2a: Sylveon\n|\n|-fieldend|move: Trick Room\n|-fieldend|move: Psychic Terrain\n|upkeep\n|\n|t:|1699937451\n|switch|p2b: Indeedee|Indeedee-F, L50, F|75\/100\n|-fieldstart|move: Psychic Terrain|[from] ability: Psychic Surge|[of] p2b: Indeedee\n|turn|6\n|\n|t:|1699937464\n|move|p2b: Indeedee|Follow Me|p2b: Indeedee\n|-singleturn|p2b: Indeedee|move: Follow Me\n|move|p1a: Chien-Pao|Icicle Crash|p2b: Indeedee\n|-damage|p2b: Indeedee|17\/100\n|move|p2a: Sylveon|Hyper Voice|p1b: Amoonguss|[spread] p1a,p1b\n|-supereffective|p1a: Chien-Pao\n|-resisted|p1b: Amoonguss\n|-damage|p1a: Chien-Pao|0 fnt\n|-damage|p1b: Amoonguss|0 fnt\n|faint|p1a: Chien-Pao\n|faint|p1b: Amoonguss\n|\n|win|Builts\n|raw|Jimothy1's rating: 1233 &rarr; <strong>1213<\/strong><br \/>(-20 for losing)\n|raw|Builts's rating: 1297 &rarr; <strong>1317<\/strong><br \/>(+20 for winning)\n|l|\u2606Jimothy1\n","uploadtime":1699937476,"views":15,"p1id":"jimothy1","p2id":"builts","formatid":"gen9vgc2023regulatione","rating":1213,"private":0,"password":""}