{"id":"gen9vgc2023regulatione-1991163330","p1":"Jippt351","p2":"js3499929","format":"[Gen 9] VGC 2023 Regulation E","log":"|j|\u2606Jippt351\n|j|\u2606js3499929\n|t:|1700052192\n|gametype|doubles\n|player|p1|Jippt351|lucas|1309\n|player|p2|js3499929|265|1419\n|teamsize|p1|6\n|teamsize|p2|6\n|gen|9\n|tier|[Gen 9] VGC 2023 Regulation E\n|rated|\n|rule|Species Clause: Limit one of each Pok\u00e9mon\n|rule|Item Clause: Limit one of each item\n|clearpoke\n|poke|p1|Tornadus, L50, M|\n|poke|p1|Flutter Mane, L50|\n|poke|p1|Regidrago, L50|\n|poke|p1|Heatran, L50, F|\n|poke|p1|Urshifu-*, L50, M|\n|poke|p1|Farigiraf, L50, M|\n|poke|p2|Gholdengo, L50|\n|poke|p2|Tornadus, L50, M|\n|poke|p2|Landorus-Therian, L50, M|\n|poke|p2|Ogerpon-Wellspring, L50, F|\n|poke|p2|Amoonguss, L50, M|\n|poke|p2|Roaring Moon, L50|\n|teampreview|4\n|inactive|Battle timer is ON: inactive players will automatically lose when time's up. (requested by Jippt351)\n|inactive|js3499929 has 60 seconds left.\n|\n|t:|1700052229\n|start\n|switch|p1a: Tornadus|Tornadus, L50, M|100\/100\n|switch|p1b: Heatran|Heatran, L50, F|100\/100\n|switch|p2a: Tornadus|Tornadus, L50, M|100\/100\n|switch|p2b: Gholdengo|Gholdengo, L50|100\/100\n|turn|1\n|\n|t:|1700052242\n|switch|p2b: Roaring Moon|Roaring Moon, L50|100\/100\n|move|p1a: Tornadus|Tailwind|p1a: Tornadus\n|-sidestart|p1: Jippt351|move: Tailwind\n|move|p1b: Heatran|Heat Wave|p2a: Tornadus|[spread] p2a,p2b\n|-resisted|p2b: Roaring Moon\n|-damage|p2a: Tornadus|46\/100\n|-damage|p2b: Roaring Moon|77\/100\n|-damage|p1b: Heatran|91\/100|[from] item: Life Orb\n|move|p2a: Tornadus|Bleakwind Storm|p1a: Tornadus|[spread] p1a,p1b\n|-resisted|p1b: Heatran\n|-damage|p1a: Tornadus|60\/100\n|-damage|p1b: Heatran|76\/100\n|-unboost|p1b: Heatran|spe|1\n|\n|upkeep\n|turn|2\n|\n|t:|1700052259\n|move|p1a: Tornadus|Sunny Day|p1a: Tornadus\n|-weather|SunnyDay\n|-activate|p2b: Roaring Moon|ability: Protosynthesis\n|-start|p2b: Roaring Moon|protosynthesisatk\n|move|p2a: Tornadus|Tailwind|p2a: Tornadus\n|-sidestart|p2: js3499929|move: Tailwind\n|move|p2b: Roaring Moon|Stomping Tantrum|p1b: Heatran\n|-supereffective|p1b: Heatran\n|-damage|p1b: Heatran|0 fnt\n|faint|p1b: Heatran\n|\n|-weather|SunnyDay|[upkeep]\n|upkeep\n|\n|t:|1700052270\n|switch|p1b: Flutter Mane|Flutter Mane, L50|100\/100\n|-activate|p1b: Flutter Mane|ability: Protosynthesis\n|-start|p1b: Flutter Mane|protosynthesisspa\n|turn|3\n|\n|t:|1700052282\n|-terastallize|p1b: Flutter Mane|Water\n|-terastallize|p2b: Roaring Moon|Fire\n|move|p2a: Tornadus|Protect|p2a: Tornadus\n|-singleturn|p2a: Tornadus|Protect\n|move|p1b: Flutter Mane|Dazzling Gleam|p2b: Roaring Moon|[spread] p2b\n|-activate|p2a: Tornadus|move: Protect\n|-resisted|p2b: Roaring Moon\n|-damage|p2b: Roaring Moon|57\/100\n|move|p1a: Tornadus|Bleakwind Storm|p2a: Tornadus|[spread] \n|-activate|p2a: Tornadus|move: Protect\n|-miss|p1a: Tornadus|p2b: Roaring Moon\n|move|p2b: Roaring Moon|Tera Blast|p1b: Flutter Mane|[anim] Tera Blast Fire\n|-resisted|p1b: Flutter Mane\n|-damage|p1b: Flutter Mane|23\/100\n|\n|-weather|SunnyDay|[upkeep]\n|upkeep\n|turn|4\n|inactive|js3499929 has 30 seconds left.\n|inactive|js3499929 has 20 seconds left.\n|\n|t:|1700052319\n|switch|p2a: Gholdengo|Gholdengo, L50|100\/100\n|move|p1b: Flutter Mane|Shadow Ball|p2b: Roaring Moon\n|-damage|p2b: Roaring Moon|4\/100\n|move|p1a: Tornadus|Bleakwind Storm|p2a: Gholdengo|[spread] p2a,p2b\n|-resisted|p2a: Gholdengo\n|-damage|p2a: Gholdengo|80\/100\n|-damage|p2b: Roaring Moon|0 fnt\n|faint|p2b: Roaring Moon\n|-end|p2b: Roaring Moon|Protosynthesis|[silent]\n|\n|-weather|SunnyDay|[upkeep]\n|-sideend|p1: Jippt351|move: Tailwind\n|upkeep\n|\n|t:|1700052332\n|switch|p2b: Tornadus|Tornadus, L50, M|46\/100\n|turn|5\n|\n|t:|1700052341\n|move|p1a: Tornadus|Tailwind|p1a: Tornadus\n|-sidestart|p1: Jippt351|move: Tailwind\n|move|p1b: Flutter Mane|Shadow Ball|p2a: Gholdengo\n|-supereffective|p2a: Gholdengo\n|-damage|p2a: Gholdengo|0 fnt\n|faint|p2a: Gholdengo\n|move|p2b: Tornadus|Bleakwind Storm|p1a: Tornadus|[spread] p1a,p1b\n|-damage|p1a: Tornadus|15\/100\n|-damage|p1b: Flutter Mane|0 fnt\n|-unboost|p1a: Tornadus|spe|1\n|faint|p1b: Flutter Mane\n|-end|p1b: Flutter Mane|Protosynthesis|[silent]\n|\n|-weather|SunnyDay|[upkeep]\n|-sideend|p2: js3499929|move: Tailwind\n|upkeep\n|\n|t:|1700052355\n|switch|p1b: Regidrago|Regidrago, L50|100\/100\n|switch|p2a: Amoonguss|Amoonguss, L50, M|100\/100\n|turn|6\n|\n|t:|1700052367\n|move|p2b: Tornadus|Tailwind|p2b: Tornadus\n|-sidestart|p2: js3499929|move: Tailwind\n|move|p1b: Regidrago|Dragon Energy|p2b: Tornadus|[spread] p2a,p2b\n|-damage|p2a: Amoonguss|14\/100\n|-damage|p2b: Tornadus|0 fnt\n|-enditem|p2a: Amoonguss|Sitrus Berry|[eat]\n|-heal|p2a: Amoonguss|38\/100|[from] item: Sitrus Berry\n|faint|p2b: Tornadus\n|move|p1a: Tornadus|Bleakwind Storm|p2a: Amoonguss\n|-supereffective|p2a: Amoonguss\n|-damage|p2a: Amoonguss|0 fnt\n|faint|p2a: Amoonguss\n|\n|win|Jippt351\n|raw|Jippt351's rating: 1309 &rarr; <strong>1335<\/strong><br \/>(+26 for winning)\n|raw|js3499929's rating: 1419 &rarr; <strong>1393<\/strong><br \/>(-26 for losing)\n|l|\u2606js3499929\n","uploadtime":1700052378,"views":12,"p1id":"jippt351","p2id":"js3499929","formatid":"gen9vgc2023regulatione","rating":1335,"private":0,"password":""}