{"id":"gen9vgc2023regulatione-1995717817","p1":"Ziren_13","p2":"humanbacon","format":"[Gen 9] VGC 2023 Regulation E","log":"|j|\u2606Ziren_13\n|j|\u2606humanbacon\n|t:|1700596676\n|gametype|doubles\n|player|p1|Ziren_13|li|1357\n|player|p2|humanbacon|benga|1322\n|teamsize|p1|6\n|teamsize|p2|6\n|gen|9\n|tier|[Gen 9] VGC 2023 Regulation E\n|rated|\n|rule|Species Clause: Limit one of each Pok\u00e9mon\n|rule|Item Clause: Limit one of each item\n|clearpoke\n|poke|p1|Charizard, L50, M|\n|poke|p1|Tornadus, L50, M|\n|poke|p1|Roaring Moon, L50|\n|poke|p1|Arcanine-Hisui, L50, M|\n|poke|p1|Milotic, L50, F|\n|poke|p1|Urshifu-*, L50, M|\n|poke|p2|Clodsire, L50, F|\n|poke|p2|Flutter Mane, L50|\n|poke|p2|Chien-Pao, L50|\n|poke|p2|Arcanine, L50, M|\n|poke|p2|Crawdaunt, L50, F|\n|poke|p2|Tsareena, L50, F|\n|teampreview|4\n|\n|t:|1700596720\n|start\n|switch|p1a: Tornadus|Tornadus, L50, M|100\/100\n|switch|p1b: Charizard|Charizard, L50, M, shiny|100\/100\n|switch|p2a: Flutter Mane|Flutter Mane, L50|100\/100\n|switch|p2b: Arcanine|Arcanine, L50, M|100\/100\n|-ability|p2b: Arcanine|Intimidate|boost\n|-unboost|p1a: Tornadus|atk|1\n|-unboost|p1b: Charizard|atk|1\n|-enditem|p2a: Flutter Mane|Booster Energy\n|-activate|p2a: Flutter Mane|ability: Protosynthesis|[fromitem]\n|-start|p2a: Flutter Mane|protosynthesisspe\n|turn|1\n|\n|t:|1700596751\n|move|p1a: Tornadus|Tailwind|p1a: Tornadus\n|-sidestart|p1: Ziren_13|move: Tailwind\n|move|p1b: Charizard|Heat Wave|p2a: Flutter Mane|[spread] p2a,p2b\n|-resisted|p2b: Arcanine\n|-damage|p2a: Flutter Mane|52\/100\n|-damage|p2b: Arcanine|74\/100\n|move|p2a: Flutter Mane|Icy Wind|p1a: Tornadus|[spread] p1a,p1b\n|-supereffective|p1a: Tornadus\n|-damage|p1a: Tornadus|60\/100\n|-damage|p1b: Charizard|80\/100\n|-unboost|p1a: Tornadus|spe|1\n|-unboost|p1b: Charizard|spe|1\n|move|p2b: Arcanine|Snarl|p1a: Tornadus|[spread] p1a,p1b\n|-damage|p1a: Tornadus|46\/100\n|-damage|p1b: Charizard|68\/100\n|-unboost|p1a: Tornadus|spa|1\n|-unboost|p1b: Charizard|spa|1\n|-enditem|p1a: Tornadus|Sitrus Berry|[eat]\n|-heal|p1a: Tornadus|71\/100|[from] item: Sitrus Berry\n|\n|upkeep\n|turn|2\n|\n|t:|1700596800\n|move|p1a: Tornadus|Sunny Day|p1a: Tornadus\n|-weather|SunnyDay\n|move|p2a: Flutter Mane|Shadow Ball|p1b: Charizard\n|-damage|p1b: Charizard|9\/100\n|move|p1b: Charizard|Heat Wave|p2a: Flutter Mane|[spread] p2a\n|-miss|p1b: Charizard|p2b: Arcanine\n|-damage|p2a: Flutter Mane|0 fnt\n|faint|p2a: Flutter Mane\n|-end|p2a: Flutter Mane|Protosynthesis|[silent]\n|move|p2b: Arcanine|Flamethrower|p1a: Tornadus\n|-damage|p1a: Tornadus|10\/100\n|\n|-weather|SunnyDay|[upkeep]\n|-damage|p1b: Charizard|0 fnt|[from] ability: Solar Power|[of] p1b: Charizard\n|faint|p1b: Charizard\n|upkeep\n|\n|t:|1700596817\n|switch|p2a: Chien-Pao|Chien-Pao, L50|100\/100\n|switch|p1b: Arcanine|Arcanine-Hisui, L50, M, shiny|100\/100\n|-ability|p1b: Arcanine|Intimidate|boost\n|-unboost|p2a: Chien-Pao|atk|1\n|-unboost|p2b: Arcanine|atk|1\n|-ability|p2a: Chien-Pao|Sword of Ruin\n|turn|3\n|\n|t:|1700596843\n|switch|p1a: Roaring Moon|Roaring Moon, L50, shiny|100\/100\n|-activate|p1a: Roaring Moon|ability: Protosynthesis\n|-start|p1a: Roaring Moon|protosynthesisatk\n|switch|p2b: Clodsire|Clodsire, L50, F|100\/100\n|move|p2a: Chien-Pao|Protect|p2a: Chien-Pao\n|-singleturn|p2a: Chien-Pao|Protect\n|move|p1b: Arcanine|Rock Slide|p2b: Clodsire|[spread] p2b\n|-activate|p2a: Chien-Pao|move: Protect\n|-resisted|p2b: Clodsire\n|-damage|p2b: Clodsire|81\/100\n|-damage|p1b: Arcanine|91\/100|[from] item: Life Orb\n|\n|-weather|SunnyDay|[upkeep]\n|-heal|p2b: Clodsire|88\/100|[from] item: Leftovers\n|upkeep\n|turn|4\n|\n|t:|1700596862\n|-end|p1a: Roaring Moon|Protosynthesis|[silent]\n|switch|p1a: Tornadus|Tornadus, L50, M|10\/100\n|switch|p2a: Arcanine|Arcanine, L50, M|74\/100\n|-ability|p2a: Arcanine|Intimidate|boost\n|-unboost|p1a: Tornadus|atk|1\n|-unboost|p1b: Arcanine|atk|1\n|move|p1b: Arcanine|Rock Slide|p2b: Clodsire|[spread] p2a,p2b\n|-supereffective|p2a: Arcanine\n|-resisted|p2b: Clodsire\n|-damage|p2a: Arcanine|24\/100\n|-damage|p2b: Clodsire|77\/100\n|-damage|p1b: Arcanine|81\/100|[from] item: Life Orb\n|move|p2b: Clodsire|Stomping Tantrum|p1b: Arcanine\n|-supereffective|p1b: Arcanine\n|-damage|p1b: Arcanine|0 fnt\n|faint|p1b: Arcanine\n|\n|-weather|SunnyDay|[upkeep]\n|-heal|p2b: Clodsire|84\/100|[from] item: Leftovers\n|-sideend|p1: Ziren_13|move: Tailwind\n|upkeep\n|\n|t:|1700596879\n|switch|p1b: Roaring Moon|Roaring Moon, L50, shiny|100\/100\n|-activate|p1b: Roaring Moon|ability: Protosynthesis\n|-start|p1b: Roaring Moon|protosynthesisatk\n|turn|5\n|\n|t:|1700596892\n|move|p2a: Arcanine|Protect|p2a: Arcanine\n|-singleturn|p2a: Arcanine|Protect\n|move|p1a: Tornadus|Tailwind|p1a: Tornadus\n|-sidestart|p1: Ziren_13|move: Tailwind\n|move|p1b: Roaring Moon|Breaking Swipe|p2a: Arcanine|[spread] p2b\n|-activate|p2a: Arcanine|move: Protect\n|-damage|p2b: Clodsire|52\/100\n|-unboost|p2b: Clodsire|atk|1\n|move|p2b: Clodsire|Poison Jab|p1a: Tornadus\n|-damage|p1a: Tornadus|0 fnt\n|faint|p1a: Tornadus\n|\n|-weather|SunnyDay|[upkeep]\n|-heal|p2b: Clodsire|59\/100|[from] item: Leftovers\n|upkeep\n|turn|6\n|\n|t:|1700596906\n|switch|p2b: Chien-Pao|Chien-Pao, L50|100\/100\n|-ability|p2b: Chien-Pao|Sword of Ruin\n|move|p1b: Roaring Moon|Breaking Swipe|p2a: Arcanine|[spread] p2a,p2b\n|-damage|p2a: Arcanine|0 fnt\n|-damage|p2b: Chien-Pao|54\/100\n|-unboost|p2b: Chien-Pao|atk|1\n|faint|p2a: Arcanine\n|\n|-weather|none\n|-end|p1b: Roaring Moon|Protosynthesis\n|upkeep\n|\n|t:|1700596914\n|switch|p2a: Clodsire|Clodsire, L50, F|59\/100\n|turn|7\n|\n|t:|1700596930\n|-terastallize|p1b: Roaring Moon|Fire\n|move|p1b: Roaring Moon|Dragon Dance|p1b: Roaring Moon\n|-boost|p1b: Roaring Moon|atk|1\n|-boost|p1b: Roaring Moon|spe|1\n|move|p2b: Chien-Pao|Ice Spinner|p1b: Roaring Moon\n|-resisted|p1b: Roaring Moon\n|-damage|p1b: Roaring Moon|82\/100\n|move|p2a: Clodsire|Curse|p2a: Clodsire\n|-unboost|p2a: Clodsire|spe|1\n|-boost|p2a: Clodsire|atk|1\n|-boost|p2a: Clodsire|def|1\n|\n|-heal|p2a: Clodsire|65\/100|[from] item: Leftovers\n|upkeep\n|turn|8\n|\n|t:|1700596943\n|move|p2b: Chien-Pao|Sucker Punch|p1b: Roaring Moon\n|-damage|p1b: Roaring Moon|46\/100\n|move|p1b: Roaring Moon|Breaking Swipe|p2a: Clodsire|[spread] p2a,p2b\n|-damage|p2a: Clodsire|36\/100\n|-damage|p2b: Chien-Pao|0 fnt\n|-unboost|p2a: Clodsire|atk|1\n|faint|p2b: Chien-Pao\n|move|p2a: Clodsire|Curse|p2a: Clodsire\n|-unboost|p2a: Clodsire|spe|1\n|-boost|p2a: Clodsire|atk|1\n|-boost|p2a: Clodsire|def|1\n|\n|-heal|p2a: Clodsire|42\/100|[from] item: Leftovers\n|-sideend|p1: Ziren_13|move: Tailwind\n|upkeep\n|turn|9\n|\n|t:|1700596959\n|move|p1b: Roaring Moon|Knock Off|p2a: Clodsire\n|-damage|p2a: Clodsire|7\/100\n|-enditem|p2a: Clodsire|Leftovers|[from] move: Knock Off|[of] p1b: Roaring Moon\n|move|p2a: Clodsire|Stomping Tantrum|p1b: Roaring Moon\n|-supereffective|p1b: Roaring Moon\n|-damage|p1b: Roaring Moon|0 fnt\n|faint|p1b: Roaring Moon\n|-end|p1b: Roaring Moon|Protosynthesis|[silent]\n|\n|win|humanbacon\n|raw|Ziren_13's rating: 1357 &rarr; <strong>1335<\/strong><br \/>(-22 for losing)\n|raw|humanbacon's rating: 1322 &rarr; <strong>1344<\/strong><br \/>(+22 for winning)\n|l|\u2606Ziren_13\n","uploadtime":1700597069,"views":10,"p1id":"ziren13","p2id":"humanbacon","formatid":"gen9vgc2023regulatione","rating":1335,"private":0,"password":""}