{"id":"gen9vgc2023regulatione-1999599556","p1":"Scentimeter","p2":"Kzkjzkrak","format":"[Gen 9] VGC 2023 Regulation E","log":"|j|\u2606Scentimeter\n|j|\u2606Kzkjzkrak\n|t:|1701099950\n|gametype|doubles\n|player|p1|Scentimeter|ryuki|1000\n|player|p2|Kzkjzkrak|lance|1000\n|teamsize|p1|4\n|teamsize|p2|6\n|gen|9\n|tier|[Gen 9] VGC 2023 Regulation E\n|rated|\n|rule|Species Clause: Limit one of each Pok\u00e9mon\n|rule|Item Clause: Limit one of each item\n|clearpoke\n|poke|p1|Lokix, L50, F|\n|poke|p1|Garganacl, L50, M|\n|poke|p1|Falinks, L50|\n|poke|p1|Sinistcha, L50|\n|poke|p2|Flutter Mane, L50|\n|poke|p2|Tornadus, L50, M|\n|poke|p2|Rillaboom, L50, F|\n|poke|p2|Garganacl, L50, F|\n|poke|p2|Arcanine-Hisui, L50, M|\n|poke|p2|Chien-Pao, L50|\n|teampreview|4\n|\n|t:|1701099969\n|start\n|switch|p1a: Lokix|Lokix, L50, F|100\/100\n|switch|p1b: Garganacl|Garganacl, L50, M|100\/100\n|switch|p2a: Tornadus|Tornadus, L50, M|100\/100\n|switch|p2b: Garganacl|Garganacl, L50, F|100\/100\n|turn|1\n|inactive|Battle timer is ON: inactive players will automatically lose when time's up. (requested by Kzkjzkrak)\n|\n|t:|1701100003\n|-terastallize|p1a: Lokix|Bug\n|-terastallize|p2b: Garganacl|Ghost\n|move|p1b: Garganacl|Wide Guard|p1b: Garganacl\n|-singleturn|p1b: Garganacl|Wide Guard\n|move|p1a: Lokix|First Impression|p2a: Tornadus\n|-resisted|p2a: Tornadus\n|-damage|p2a: Tornadus|35\/100\n|-damage|p1a: Lokix|84\/100|[from] item: Rocky Helmet|[of] p2a: Tornadus\n|move|p2a: Tornadus|Bleakwind Storm|p1a: Lokix|[spread] \n|-activate|p1a: Lokix|move: Wide Guard\n|-activate|p1b: Garganacl|move: Wide Guard\n|move|p2b: Garganacl|Iron Defense|p2b: Garganacl\n|-boost|p2b: Garganacl|def|2\n|\n|upkeep\n|turn|2\n|inactive|Scentimeter has 30 seconds left.\n|inactive|Kzkjzkrak has 30 seconds left.\n|\n|t:|1701100036\n|switch|p2a: Arcanine|Arcanine-Hisui, L50, M|100\/100\n|-ability|p2a: Arcanine|Intimidate|boost\n|-unboost|p1a: Lokix|atk|1\n|-unboost|p1b: Garganacl|atk|1\n|move|p1a: Lokix|Leech Life|p2a: Arcanine\n|-resisted|p2a: Arcanine\n|-damage|p2a: Arcanine|64\/100\n|-heal|p1a: Lokix|100\/100|[from] drain|[of] p2a: Arcanine\n|move|p2b: Garganacl|Salt Cure|p1b: Garganacl\n|-damage|p1b: Garganacl|91\/100\n|-start|p1b: Garganacl|Salt Cure\n|move|p1b: Garganacl|Salt Cure|p2b: Garganacl\n|-damage|p2b: Garganacl|97\/100\n|-start|p2b: Garganacl|Salt Cure\n|\n|-heal|p1b: Garganacl|98\/100|[from] item: Leftovers\n|-damage|p1b: Garganacl|85\/100|[from] Salt Cure\n|-damage|p2b: Garganacl|85\/100|[from] Salt Cure\n|upkeep\n|turn|3\n|inactive|Scentimeter has 30 seconds left.\n|inactive|Kzkjzkrak has 30 seconds left.\n|inactive|Scentimeter has 20 seconds left.\n|inactive|Scentimeter has 15 seconds left.\n|\n|t:|1701100078\n|move|p1b: Garganacl|Protect|p1b: Garganacl\n|-singleturn|p1b: Garganacl|Protect\n|move|p1a: Lokix|Brick Break|p2a: Arcanine\n|-supereffective|p2a: Arcanine\n|-damage|p2a: Arcanine|26\/100\n|move|p2a: Arcanine|Rock Slide|p1b: Garganacl|[spread] \n|-activate|p1b: Garganacl|move: Protect\n|-miss|p2a: Arcanine|p1a: Lokix\n|move|p2b: Garganacl|Salt Cure|p1a: Lokix\n|-supereffective|p1a: Lokix\n|-damage|p1a: Lokix|59\/100\n|-start|p1a: Lokix|Salt Cure\n|\n|-heal|p1b: Garganacl|91\/100|[from] item: Leftovers\n|-damage|p1a: Lokix|47\/100|[from] Salt Cure\n|-damage|p1b: Garganacl|79\/100|[from] Salt Cure\n|-damage|p2b: Garganacl|73\/100|[from] Salt Cure\n|upkeep\n|turn|4\n|\n|t:|1701100100\n|switch|p2a: Tornadus|Tornadus, L50, M|35\/100\n|move|p1b: Garganacl|Wide Guard|p1b: Garganacl\n|-singleturn|p1b: Garganacl|Wide Guard\n|move|p1a: Lokix|Brick Break|p2a: Tornadus\n|-resisted|p2a: Tornadus\n|-damage|p2a: Tornadus|18\/100\n|-damage|p1a: Lokix|31\/100|[from] item: Rocky Helmet|[of] p2a: Tornadus\n|move|p2b: Garganacl|Iron Defense|p2b: Garganacl\n|-boost|p2b: Garganacl|def|2\n|\n|-heal|p1b: Garganacl|85\/100|[from] item: Leftovers\n|-damage|p1a: Lokix|18\/100|[from] Salt Cure\n|-damage|p1b: Garganacl|73\/100|[from] Salt Cure\n|-damage|p2b: Garganacl|61\/100|[from] Salt Cure\n|upkeep\n|turn|5\n|\n|t:|1701100120\n|move|p1b: Garganacl|Wide Guard|p1b: Garganacl\n|-singleturn|p1b: Garganacl|Wide Guard\n|move|p2a: Tornadus|Taunt|p1b: Garganacl\n|-start|p1b: Garganacl|move: Taunt\n|move|p1a: Lokix|Leech Life|p2a: Tornadus\n|-resisted|p2a: Tornadus\n|-damage|p2a: Tornadus|0 fnt\n|-heal|p1a: Lokix|29\/100|[from] drain|[of] p2a: Tornadus\n|-damage|p1a: Lokix|13\/100|[from] item: Rocky Helmet|[of] p2a: Tornadus\n|faint|p2a: Tornadus\n|move|p2b: Garganacl|Salt Cure|p1a: Lokix\n|-supereffective|p1a: Lokix\n|-damage|p1a: Lokix|0 fnt\n|faint|p1a: Lokix\n|\n|-heal|p1b: Garganacl|79\/100|[from] item: Leftovers\n|-damage|p2b: Garganacl|49\/100|[from] Salt Cure\n|-damage|p1b: Garganacl|66\/100|[from] Salt Cure\n|upkeep\n|-enditem|p2b: Garganacl|Sitrus Berry|[eat]\n|-heal|p2b: Garganacl|73\/100|[from] item: Sitrus Berry\n|\n|t:|1701100142\n|switch|p1a: Falinks|Falinks, L50|100\/100\n|switch|p2a: Arcanine|Arcanine-Hisui, L50, M|26\/100\n|-ability|p2a: Arcanine|Intimidate|boost\n|-unboost|p1a: Falinks|atk|1\n|-ability|p1a: Falinks|Defiant|boost\n|-boost|p1a: Falinks|atk|2\n|-unboost|p1b: Garganacl|atk|1\n|turn|6\n|\n|t:|1701100154\n|move|p2a: Arcanine|Flare Blitz|p1a: Falinks\n|-damage|p1a: Falinks|0 fnt\n|faint|p1a: Falinks\n|-damage|p2a: Arcanine|0 fnt|[from] Recoil\n|faint|p2a: Arcanine\n|move|p1b: Garganacl|Salt Cure|p2b: Garganacl\n|-damage|p2b: Garganacl|72\/100\n|move|p2b: Garganacl|Salt Cure|p1b: Garganacl\n|-damage|p1b: Garganacl|57\/100\n|\n|-heal|p1b: Garganacl|64\/100|[from] item: Leftovers\n|-damage|p1b: Garganacl|51\/100|[from] Salt Cure\n|-damage|p2b: Garganacl|59\/100|[from] Salt Cure\n|upkeep\n|\n|t:|1701100167\n|switch|p2a: Chien-Pao|Chien-Pao, L50|100\/100\n|switch|p1a: Sinistcha|Sinistcha, L50|100\/100\n|-ability|p2a: Chien-Pao|Sword of Ruin\n|-heal|p1b: Garganacl|76\/100|[from] ability: Hospitality|[of] p1a: Sinistcha\n|turn|7\n|-message|Scentimeter forfeited.\n|\n|win|Kzkjzkrak\n|raw|Scentimeter's rating: 1000 &rarr; <strong>1000<\/strong><br \/>(+0 for losing)\n|raw|Kzkjzkrak's rating: 1000 &rarr; <strong>1040<\/strong><br \/>(+40 for winning)\n|l|\u2606Scentimeter\n","uploadtime":1701100196,"views":5,"p1id":"scentimeter","p2id":"kzkjzkrak","formatid":"gen9vgc2023regulatione","rating":1000,"private":0,"password":""}