{"id":"gen9vgc2023regulatione-1998243869","p1":"Lurvas","p2":"totorool","format":"[Gen 9] VGC 2023 Regulation E","log":"|j|\u2606Lurvas\n|j|\u2606totorool\n|t:|1700918861\n|gametype|doubles\n|player|p1|Lurvas|alder|1000\n|player|p2|totorool|101|1133\n|teamsize|p1|6\n|teamsize|p2|6\n|gen|9\n|tier|[Gen 9] VGC 2023 Regulation E\n|rated|\n|rule|Species Clause: Limit one of each Pok\u00e9mon\n|rule|Item Clause: Limit one of each item\n|clearpoke\n|poke|p1|Urshifu-*, L50, M|\n|poke|p1|Rillaboom, L50, M|\n|poke|p1|Flutter Mane, L50|\n|poke|p1|Arcanine-Hisui, L50, M|\n|poke|p1|Chien-Pao, L50|\n|poke|p1|Tornadus, L50, M|\n|poke|p2|Iron Hands, L50|\n|poke|p2|Glimmora, L50, M|\n|poke|p2|Landorus-Therian, L50, M|\n|poke|p2|Umbreon, L50, F|\n|poke|p2|Flutter Mane, L50|\n|poke|p2|Urshifu-*, L50, F|\n|teampreview|4\n|inactive|Battle timer is ON: inactive players will automatically lose when time's up. (requested by totorool)\nLurvas has agreed to open team sheets.\n|\n|t:|1700918893\n|start\n|switch|p1a: Chien-Pao|Chien-Pao, L50|100\/100\n|switch|p1b: Rillaboom|Rillaboom, L50, M, shiny|100\/100\n|switch|p2a: Iron Hands|Iron Hands, L50|100\/100\n|switch|p2b: Umbreon|Umbreon, L50, F|100\/100\n|-ability|p1a: Chien-Pao|Sword of Ruin\n|-fieldstart|move: Grassy Terrain|[from] ability: Grassy Surge|[of] p1b: Rillaboom\n|turn|1\n|inactive|totorool has 30 seconds left.\n|inactive|totorool has 20 seconds left.\n|\n|t:|1700918931\n|-end|p2a: Iron Hands|Quark Drive|[silent]\n|switch|p2a: Glimmora|Glimmora, L50, M|100\/100\n|move|p1b: Rillaboom|Fake Out|p2a: Glimmora\n|-resisted|p2a: Glimmora\n|-damage|p2a: Glimmora|90\/100\n|-activate|p2a: Glimmora|ability: Toxic Debris\n|-sidestart|p1: Lurvas|move: Toxic Spikes\n|move|p1a: Chien-Pao|Sacred Sword|p2b: Umbreon\n|-supereffective|p2b: Umbreon\n|-damage|p2b: Umbreon|49\/100\n|move|p2b: Umbreon|Foul Play|p1b: Rillaboom\n|-damage|p1b: Rillaboom|40\/100\n|\n|-heal|p1b: Rillaboom|46\/100|[from] Grassy Terrain\n|-heal|p2a: Glimmora|96\/100|[from] Grassy Terrain\n|-heal|p2b: Umbreon|55\/100|[from] Grassy Terrain\n|-heal|p2b: Umbreon|61\/100|[from] item: Leftovers\n|upkeep\n|turn|2\n|inactive|totorool has 30 seconds left.\n|\n|t:|1700918960\n|switch|p2a: Iron Hands|Iron Hands, L50|100\/100\n|move|p2b: Umbreon|Protect|p2b: Umbreon\n|-singleturn|p2b: Umbreon|Protect\n|move|p1a: Chien-Pao|Sacred Sword|p2b: Umbreon\n|-activate|p2b: Umbreon|move: Protect\n|move|p1b: Rillaboom|Stomping Tantrum|p2a: Iron Hands\n|-supereffective|p2a: Iron Hands\n|-damage|p2a: Iron Hands|55\/100\n|\n|-heal|p1b: Rillaboom|52\/100|[from] Grassy Terrain\n|-heal|p2b: Umbreon|67\/100|[from] Grassy Terrain\n|-heal|p2b: Umbreon|73\/100|[from] item: Leftovers\n|-heal|p2a: Iron Hands|61\/100|[from] Grassy Terrain\n|upkeep\n|turn|3\n|\n|t:|1700918980\n|move|p2a: Iron Hands|Fake Out|p1b: Rillaboom\n|-damage|p1b: Rillaboom|26\/100\n|-damage|p2a: Iron Hands|51\/100|[from] item: Life Orb\n|move|p1a: Chien-Pao|Sacred Sword|p2b: Umbreon\n|-supereffective|p2b: Umbreon\n|-damage|p2b: Umbreon|22\/100\n|cant|p1b: Rillaboom|flinch\n|move|p2b: Umbreon|Foul Play|p1b: Rillaboom\n|-damage|p1b: Rillaboom|0 fnt\n|faint|p1b: Rillaboom\n|\n|-heal|p2b: Umbreon|28\/100|[from] Grassy Terrain\n|-heal|p2b: Umbreon|34\/100|[from] item: Leftovers\n|-heal|p2a: Iron Hands|58\/100|[from] Grassy Terrain\n|upkeep\n|\n|t:|1700918997\n|switch|p1b: Flutter Mane|Flutter Mane, L50|100\/100\n|-status|p1b: Flutter Mane|psn\n|-enditem|p1b: Flutter Mane|Booster Energy\n|-activate|p1b: Flutter Mane|ability: Protosynthesis|[fromitem]\n|-start|p1b: Flutter Mane|protosynthesisspe\n|turn|4\n|\n|t:|1700919013\n|move|p2a: Iron Hands|Protect|p2a: Iron Hands\n|-singleturn|p2a: Iron Hands|Protect\n|move|p1b: Flutter Mane|Moonblast|p2a: Iron Hands\n|-activate|p2a: Iron Hands|move: Protect\n|move|p1a: Chien-Pao|Sacred Sword|p2b: Umbreon\n|-supereffective|p2b: Umbreon\n|-damage|p2b: Umbreon|0 fnt\n|faint|p2b: Umbreon\n|\n|-heal|p2a: Iron Hands|64\/100|[from] Grassy Terrain\n|-damage|p1b: Flutter Mane|88\/100 psn|[from] psn\n|upkeep\n|\n|t:|1700919023\n|switch|p2b: Urshifu|Urshifu-Rapid-Strike, L50, F|100\/100\n|turn|5\n|\n|t:|1700919045\n|-end|p2a: Iron Hands|Quark Drive|[silent]\n|switch|p2a: Glimmora|Glimmora, L50, M|96\/100\n|move|p1a: Chien-Pao|Protect|p1a: Chien-Pao\n|-singleturn|p1a: Chien-Pao|Protect\n|move|p1b: Flutter Mane|Moonblast|p2b: Urshifu\n|-supereffective|p2b: Urshifu\n|-damage|p2b: Urshifu|0 fnt\n|faint|p2b: Urshifu\n|\n|-heal|p1b: Flutter Mane|94\/100 psn|[from] Grassy Terrain\n|-heal|p2a: Glimmora|100\/100|[from] Grassy Terrain\n|-damage|p1b: Flutter Mane|82\/100 psn|[from] psn\n|-fieldend|move: Grassy Terrain\n|upkeep\n|\n|t:|1700919054\n|switch|p2b: Iron Hands|Iron Hands, L50|64\/100\n|turn|6\n|\n|t:|1700919066\n|move|p2b: Iron Hands|Fake Out|p1a: Chien-Pao\n|-damage|p1a: Chien-Pao|73\/100\n|-damage|p2b: Iron Hands|54\/100|[from] item: Life Orb\n|move|p1b: Flutter Mane|Moonblast|p2b: Iron Hands\n|-supereffective|p2b: Iron Hands\n|-damage|p2b: Iron Hands|0 fnt\n|faint|p2b: Iron Hands\n|-end|p2b: Iron Hands|Quark Drive|[silent]\n|cant|p1a: Chien-Pao|flinch\n|move|p2a: Glimmora|Power Gem|p1a: Chien-Pao\n|-supereffective|p1a: Chien-Pao\n|-damage|p1a: Chien-Pao|0 fnt\n|faint|p1a: Chien-Pao\n|\n|-damage|p1b: Flutter Mane|69\/100 psn|[from] psn\n|upkeep\n|\n|t:|1700919080\n|switch|p1a: Arcanine|Arcanine-Hisui, L50, M|100\/100\n|-status|p1a: Arcanine|psn\n|-ability|p1a: Arcanine|Intimidate|boost\n|-unboost|p2a: Glimmora|atk|1\n|turn|7\n|\n|t:|1700919096\n|-terastallize|p2a: Glimmora|Rock\n|move|p1b: Flutter Mane|Shadow Ball|p2a: Glimmora\n|-damage|p2a: Glimmora|78\/100\n|move|p1a: Arcanine|Flare Blitz|p2a: Glimmora\n|-resisted|p2a: Glimmora\n|-damage|p2a: Glimmora|26\/100\n|-activate|p2a: Glimmora|ability: Toxic Debris\n|-sidestart|p1: Lurvas|move: Toxic Spikes\n|-damage|p1a: Arcanine|82\/100 psn|[from] Recoil\n|move|p2a: Glimmora|Power Gem|p1a: Arcanine\n|-supereffective|p1a: Arcanine\n|-damage|p1a: Arcanine|0 fnt\n|faint|p1a: Arcanine\n|\n|-damage|p1b: Flutter Mane|57\/100 psn|[from] psn\n|upkeep\n|turn|8\n|\n|t:|1700919116\n|move|p1b: Flutter Mane|Shadow Ball|p2a: Glimmora\n|-damage|p2a: Glimmora|4\/100\n|move|p2a: Glimmora|Power Gem|p1b: Flutter Mane\n|-damage|p1b: Flutter Mane|10\/100 psn\n|\n|-damage|p1b: Flutter Mane|0 fnt|[from] psn\n|faint|p1b: Flutter Mane\n|-end|p1b: Flutter Mane|Protosynthesis|[silent]\n|\n|win|totorool\n|upkeep\n|raw|Lurvas's rating: 1000 &rarr; <strong>1000<\/strong><br \/>(+0 for losing)\n|raw|totorool's rating: 1133 &rarr; <strong>1149<\/strong><br \/>(+16 for winning)\n|c|\u2606Lurvas|ggwp\n|l|\u2606totorool\n","uploadtime":1700919133,"views":0,"p1id":"lurvas","p2id":"totorool","formatid":"gen9vgc2023regulatione","rating":1000,"private":0,"password":""}