{"id":"gen9vgc2023regulatione-1994863392","p1":"PizzaTimeJoshua","p2":"Aphro Ray Koga","format":"[Gen 9] VGC 2023 Regulation E","log":"|j|\u2606PizzaTimeJoshua\n|j|\u2606Aphro Ray Koga\n|n|\u2606PizzaTimeJoshua|pizzatimejoshua\n|n|\u2606Aphro Ray Koga|aphroraykoga\n|html|View the match progress at <a href=\"\/game-bestof3-gen9vgc2023regulatione-1994859297\">game-bestof3-gen9vgc2023regulatione-1994859297<\/a>\n|t:|1700499692\n|gametype|doubles\n|player|p1|PizzaTimeJoshua|scientist|\n|player|p2|Aphro Ray Koga|marlon|\n|teamsize|p1|6\n|teamsize|p2|6\n|gen|9\n|tier|[Gen 9] VGC 2023 Regulation E\n|rated|Tournament battle\n|rule|Species Clause: Limit one of each Pok\u00e9mon\n|rule|Item Clause: Limit one of each item\n|clearpoke\n|poke|p1|Zoroark-Hisui, L50, F|\n|poke|p1|Munchlax, L50, M|\n|poke|p1|Pikachu, L50, M|\n|poke|p1|Rillaboom, L50, M|\n|poke|p1|Iron Hands, L50|\n|poke|p1|Sinistcha, L50|\n|poke|p2|Charizard, L50, M|\n|poke|p2|Gastrodon-East, L50, M|\n|poke|p2|Tornadus, L50, M|\n|poke|p2|Brambleghast, L50, M|\n|poke|p2|Pelipper, L50, F|\n|poke|p2|Abomasnow, L50, F|\n|teampreview|4\n|showteam|p1|Zoroark-Hisui||ChoiceSpecs|Illusion|SludgeBomb,HyperVoice,TeraBlast,BitterMalice|||F|||50|,,,,,Dark]Munchlax||Eviolite|ThickFat|BellyDrum,Protect,LastResort,StompingTantrum|||M|||50|,,,,,Ground]Pikachu||LightBall|LightningRod|FakeOut,VoltSwitch,VoltTackle,TeraBlast|||M|||50|,,,,,Flying]Rillaboom||MiracleSeed|GrassySurge|FakeOut,GrassyGlide,WoodHammer,Uturn|||M|||50|,,,,,Fire]Iron Hands||AssaultVest|QuarkDrive|DrainPunch,FakeOut,WildCharge,HeavySlam||||||50|,,,,,Fire]Sinistcha||RockyHelmet|Hospitality|MatchaGotcha,RagePowder,LifeDew,TrickRoom||||||50|,,,,,Water\n|showteam|p2|Charizard||LifeOrb|SolarPower|WeatherBall,HeatWave,Hurricane,Protect|||M|||50|,,,,,Grass]Gastrodon-East||Leftovers|StormDrain|MuddyWater,SludgeBomb,Protect,EarthPower|||M|||50|,,,,,Poison]Tornadus||CovertCloak|Prankster|BleakwindStorm,WeatherBall,SunnyDay,Tailwind|||M|||50|,,,,,Flying]Brambleghast||LoadedDice|WindRider|PhantomForce,GrassyGlide,Protect,BulletSeed|||M|||50|,,,,,Grass]Pelipper||FocusSash|Drizzle|Hurricane,WideGuard,Tailwind,Surf|||F|||50|,,,,,Steel]Abomasnow||LightClay|SnowWarning|AuroraVeil,GigaDrain,Blizzard,WeatherBall|||F|||50|,,,,,Grass\n|inactive|Battle timer is ON: inactive players will automatically lose when time's up. (requested by Aphro Ray Koga)\n|inactive|Aphro Ray Koga has 60 seconds left.\n|\n|t:|1700499735\n|start\n|switch|p1a: Iron Hands|Iron Hands, L50|100\/100\n|switch|p1b: Munchlax|Munchlax, L50, M|100\/100\n|switch|p2a: Charizard|Charizard, L50, M, shiny|100\/100\n|switch|p2b: Tornadus|Tornadus, L50, M|100\/100\n|turn|1\n|\n|t:|1700499751\n|move|p2a: Charizard|Protect|p2a: Charizard\n|-singleturn|p2a: Charizard|Protect\n|move|p1b: Munchlax|Protect|p1b: Munchlax\n|-singleturn|p1b: Munchlax|Protect\n|move|p2b: Tornadus|Sunny Day|p2b: Tornadus\n|-weather|SunnyDay\n|move|p1a: Iron Hands|Hyper Voice|p2a: Charizard|[spread] p2b\n|-activate|p2a: Charizard|move: Protect\n|-damage|p2b: Tornadus|28\/100\n|\n|-weather|SunnyDay|[upkeep]\n|-damage|p2a: Charizard|88\/100|[from] ability: Solar Power|[of] p2a: Charizard\n|upkeep\n|turn|2\n|\n|t:|1700499772\n|move|p2b: Tornadus|Weather Ball|p1b: Munchlax\n|-damage|p1b: Munchlax|84\/100\n|move|p1a: Iron Hands|Hyper Voice|p2a: Charizard|[spread] p2a,p2b\n|-damage|p2a: Charizard|19\/100\n|-damage|p2b: Tornadus|0 fnt\n|faint|p2b: Tornadus\n|move|p2a: Charizard|Weather Ball|p1b: Munchlax\n|-damage|p1b: Munchlax|47\/100\n|-damage|p2a: Charizard|9\/100|[from] item: Life Orb\n|move|p1b: Munchlax|Belly Drum||[still]\n|-fail|p1b: Munchlax\n|\n|-weather|SunnyDay|[upkeep]\n|-damage|p2a: Charizard|0 fnt|[from] ability: Solar Power|[of] p2a: Charizard\n|faint|p2a: Charizard\n|upkeep\n|\n|t:|1700499788\n|switch|p2b: Abomasnow|Abomasnow, L50, F|100\/100\n|switch|p2a: Brambleghast|Brambleghast, L50, M|100\/100\n|-weather|Snow|[from] ability: Snow Warning|[of] p2b: Abomasnow\n|turn|3\n|\n|t:|1700499805\n|switch|p1a: Sinistcha|Sinistcha, L50, shiny|100\/100\n|-heal|p1b: Munchlax|72\/100|[from] ability: Hospitality|[of] p1a: Sinistcha\n|move|p2a: Brambleghast|Protect|p2a: Brambleghast\n|-singleturn|p2a: Brambleghast|Protect\n|move|p2b: Abomasnow|Aurora Veil|p2b: Abomasnow\n|-sidestart|p2: Aphro Ray Koga|move: Aurora Veil\n|move|p1b: Munchlax|Stomping Tantrum|p2a: Brambleghast\n|-activate|p2a: Brambleghast|move: Protect\n|\n|-weather|Snow|[upkeep]\n|upkeep\n|turn|4\n|\n|t:|1700499826\n|move|p2a: Brambleghast|Bullet Seed|p1b: Munchlax\n|-damage|p1b: Munchlax|65\/100\n|-damage|p1b: Munchlax|57\/100\n|-damage|p1b: Munchlax|49\/100\n|-damage|p1b: Munchlax|41\/100\n|-hitcount|p1b: Munchlax|4\n|move|p2b: Abomasnow|Blizzard|p1a: Sinistcha|[spread] p1a,p1b\n|-supereffective|p1a: Sinistcha\n|-damage|p1a: Sinistcha|29\/100\n|-damage|p1b: Munchlax|30\/100\n|-status|p1a: Sinistcha|frz\n|cant|p1a: Sinistcha|frz\n|move|p1b: Munchlax|Belly Drum||[still]\n|-fail|p1b: Munchlax\n|\n|-weather|Snow|[upkeep]\n|upkeep\n|turn|5\n|\n|t:|1700499850\n|move|p2a: Brambleghast|Bullet Seed|p1a: Sinistcha\n|-resisted|p1a: Sinistcha\n|-damage|p1a: Sinistcha|23\/100 frz\n|-resisted|p1a: Sinistcha\n|-damage|p1a: Sinistcha|18\/100 frz\n|-resisted|p1a: Sinistcha\n|-damage|p1a: Sinistcha|13\/100 frz\n|-resisted|p1a: Sinistcha\n|-damage|p1a: Sinistcha|8\/100 frz\n|-hitcount|p1a: Sinistcha|4\n|move|p2b: Abomasnow|Blizzard|p1b: Munchlax|[spread] p1a,p1b\n|-supereffective|p1a: Sinistcha\n|-damage|p1a: Sinistcha|0 fnt\n|-damage|p1b: Munchlax|20\/100\n|faint|p1a: Sinistcha\n|move|p1b: Munchlax|Last Resort|p2b: Abomasnow\n|-damage|p2b: Abomasnow|78\/100\n|\n|-weather|Snow|[upkeep]\n|upkeep\n|\n|t:|1700499855\n|switch|p1a: Iron Hands|Iron Hands, L50|100\/100\n|turn|6\n|inactive|PizzaTimeJoshua has 30 seconds left.\n|\n|t:|1700499886\n|move|p1a: Iron Hands|Sludge Bomb|p2b: Abomasnow\n|-supereffective|p2b: Abomasnow\n|-damage|p2b: Abomasnow|15\/100\n|move|p2a: Brambleghast|Bullet Seed|p1b: Munchlax\n|-damage|p1b: Munchlax|12\/100\n|-damage|p1b: Munchlax|5\/100\n|-damage|p1b: Munchlax|0 fnt\n|faint|p1b: Munchlax\n|-hitcount|p1: Munchlax|3\n|move|p2b: Abomasnow|Blizzard|p1a: Iron Hands\n|-damage|p1a: Iron Hands|5\/100\n|replace|p1a: Zoroark|Zoroark-Hisui, L50, F\n|-end|p1a: Zoroark|Illusion\n|\n|-weather|Snow|[upkeep]\n|upkeep\n|\n|t:|1700499891\n|switch|p1b: Iron Hands|Iron Hands, L50|100\/100\n|turn|7\n|\n|t:|1700499905\n|move|p1b: Iron Hands|Fake Out|p2b: Abomasnow\n|-damage|p2b: Abomasnow|7\/100\n|move|p1a: Zoroark|Sludge Bomb|p2a: Brambleghast\n|-damage|p2a: Brambleghast|49\/100\n|-status|p2a: Brambleghast|psn\n|move|p2a: Brambleghast|Bullet Seed|p1a: Zoroark\n|-damage|p1a: Zoroark|0 fnt\n|faint|p1a: Zoroark\n|-hitcount|p1: Zoroark|1\n|cant|p2b: Abomasnow|flinch\n|\n|-weather|none\n|-damage|p2a: Brambleghast|37\/100 psn|[from] psn\n|upkeep\n|turn|8\n|\n|t:|1700499921\n|-terastallize|p2a: Brambleghast|Grass\n|-terastallize|p1b: Iron Hands|Fire\n|move|p2a: Brambleghast|Bullet Seed|p1b: Iron Hands\n|-resisted|p1b: Iron Hands\n|-damage|p1b: Iron Hands|94\/100\n|-resisted|p1b: Iron Hands\n|-damage|p1b: Iron Hands|88\/100\n|-resisted|p1b: Iron Hands\n|-damage|p1b: Iron Hands|81\/100\n|-resisted|p1b: Iron Hands\n|-damage|p1b: Iron Hands|75\/100\n|-resisted|p1b: Iron Hands\n|-damage|p1b: Iron Hands|69\/100\n|-hitcount|p1b: Iron Hands|5\n|move|p2b: Abomasnow|Giga Drain|p1b: Iron Hands\n|-resisted|p1b: Iron Hands\n|-crit|p1b: Iron Hands\n|-damage|p1b: Iron Hands|55\/100\n|-heal|p2b: Abomasnow|15\/100|[from] drain|[of] p1b: Iron Hands\n|move|p1b: Iron Hands|Heavy Slam|p2b: Abomasnow\n|-supereffective|p2b: Abomasnow\n|-damage|p2b: Abomasnow|0 fnt\n|faint|p2b: Abomasnow\n|\n|-damage|p2a: Brambleghast|24\/100 psn|[from] psn\n|upkeep\n|turn|9\n|\n|t:|1700499929\n|move|p2a: Brambleghast|Phantom Force||[still]\n|-prepare|p2a: Brambleghast|Phantom Force\n|move|p1b: Iron Hands|Drain Punch|p2a: Brambleghast|[miss]\n|-miss|p1b: Iron Hands|p2a: Brambleghast\n|\n|-damage|p2a: Brambleghast|12\/100 psn|[from] psn\n|upkeep\n|turn|10\n|\n|t:|1700499937\n|move|p2a: Brambleghast|Phantom Force|p1b: Iron Hands|[from]lockedmove\n|-damage|p1b: Iron Hands|24\/100\n|move|p1b: Iron Hands|Drain Punch|p2a: Brambleghast\n|-damage|p2a: Brambleghast|0 fnt\n|-heal|p1b: Iron Hands|28\/100|[from] drain|[of] p2a: Brambleghast\n|faint|p2a: Brambleghast\n|\n|win|PizzaTimeJoshua\n|c|\u2606PizzaTimeJoshua|gg\n","uploadtime":1700499947,"views":1,"p1id":"pizzatimejoshua","p2id":"aphroraykoga","formatid":"gen9vgc2023regulatione","rating":0,"private":0,"password":""}