{"id":"gen9vgc2023regulatione-1997469273","p1":"squigsquag","p2":"Galaxia015","format":"[Gen 9] VGC 2023 Regulation E","log":"|j|\u2606squigsquag\n|j|\u2606Galaxia015\n|t:|1700810825\n|gametype|doubles\n|player|p1|squigsquag|101|1121\n|player|p2|Galaxia015|ghetsis|1150\n|teamsize|p1|6\n|teamsize|p2|6\n|gen|9\n|tier|[Gen 9] VGC 2023 Regulation E\n|rated|\n|rule|Species Clause: Limit one of each Pok\u00e9mon\n|rule|Item Clause: Limit one of each item\n|clearpoke\n|poke|p1|Weezing, L50, M|\n|poke|p1|Scream Tail, L50|\n|poke|p1|Iron Bundle, L50|\n|poke|p1|Hawlucha, L50, F|\n|poke|p1|Garganacl, L50, F|\n|poke|p1|Sinistcha-Masterpiece, L50|\n|poke|p2|Gyarados, L50, M|\n|poke|p2|Ursaluna-Bloodmoon, L50, M|\n|poke|p2|Okidogi, L50, M|\n|poke|p2|Skeledirge, L50, M|\n|poke|p2|Oranguru, L50, M|\n|poke|p2|Ogerpon-Wellspring, L50, F|\n|teampreview|4\nGalaxia015 has agreed to open team sheets.\n|inactive|Battle timer is ON: inactive players will automatically lose when time's up. (requested by Galaxia015)\n|\n|t:|1700810888\n|start\n|switch|p1a: Iron Bundle|Iron Bundle, L50|100\/100\n|switch|p1b: Scream Tail|Scream Tail, L50|100\/100\n|switch|p2a: Oranguru|Oranguru, L50, M, shiny|100\/100\n|switch|p2b: Ogerpon|Ogerpon-Wellspring, L50, F|100\/100\n|turn|1\n|\n|t:|1700810905\n|move|p2b: Ogerpon|Follow Me|p2b: Ogerpon\n|-singleturn|p2b: Ogerpon|move: Follow Me\n|move|p1a: Iron Bundle|Freeze-Dry|p2b: Ogerpon\n|-supereffective|p2b: Ogerpon\n|-damage|p2b: Ogerpon|0 fnt\n|faint|p2b: Ogerpon\n|move|p1b: Scream Tail|Crunch|p2a: Oranguru\n|-supereffective|p2a: Oranguru\n|-damage|p2a: Oranguru|72\/100\n|move|p2a: Oranguru|Trick Room|p2a: Oranguru\n|-fieldstart|move: Trick Room|[of] p2a: Oranguru\n|\n|upkeep\n|\n|t:|1700810916\n|switch|p2b: Ursaluna|Ursaluna-Bloodmoon, L50, M|100\/100\n|turn|2\n|\n|t:|1700810931\n|move|p1b: Scream Tail|Helping Hand|p1a: Iron Bundle\n|-singleturn|p1a: Iron Bundle|Helping Hand|[of] p1b: Scream Tail\n|move|p2b: Ursaluna|Blood Moon|p1a: Iron Bundle\n|-damage|p1a: Iron Bundle|0 fnt\n|faint|p1a: Iron Bundle\n|-end|p1a: Iron Bundle|Quark Drive|[silent]\n|move|p2a: Oranguru|Instruct|p2b: Ursaluna\n|-singleturn|p2b: Ursaluna|move: Instruct|[of] p2a: Oranguru\n|move|p2b: Ursaluna|Blood Moon|p1b: Scream Tail\n|-damage|p1b: Scream Tail|37\/100\n|-hint|Some effects can force a Pokemon to use Blood Moon again in a row.\n|\n|upkeep\n|\n|t:|1700810948\n|switch|p1a: Sinistcha|Sinistcha-Masterpiece, L50|100\/100\n|-heal|p1b: Scream Tail|62\/100|[from] ability: Hospitality|[of] p1a: Sinistcha\n|turn|3\n|inactive|squigsquag has 30 seconds left.\n|\n|t:|1700810974\n|move|p2b: Ursaluna|Calm Mind|p2b: Ursaluna\n|-boost|p2b: Ursaluna|spa|1\n|-boost|p2b: Ursaluna|spd|1\n|move|p2a: Oranguru|Instruct|p2b: Ursaluna\n|-singleturn|p2b: Ursaluna|move: Instruct|[of] p2a: Oranguru\n|move|p2b: Ursaluna|Calm Mind|p2b: Ursaluna\n|-boost|p2b: Ursaluna|spa|1\n|-boost|p2b: Ursaluna|spd|1\n|move|p1a: Sinistcha|Matcha Gotcha|p2a: Oranguru|[spread] p2a,p2b\n|-supereffective|p2b: Ursaluna\n|-damage|p2a: Oranguru|54\/100\n|-damage|p2b: Ursaluna|73\/100\n|-status|p2a: Oranguru|brn\n|-enditem|p2b: Ursaluna|Weakness Policy\n|-boost|p2b: Ursaluna|atk|2|[from] item: Weakness Policy\n|-boost|p2b: Ursaluna|spa|2|[from] item: Weakness Policy\n|move|p1b: Scream Tail|Crunch|p2b: Ursaluna\n|-damage|p2b: Ursaluna|61\/100\n|\n|-damage|p2a: Oranguru|47\/100 brn|[from] brn\n|upkeep\n|turn|4\n|inactive|squigsquag has 30 seconds left.\n|inactive|Galaxia015 has 30 seconds left.\n|inactive|squigsquag has 20 seconds left.\n|\n|t:|1700811012\n|move|p2b: Ursaluna|Blood Moon|p1b: Scream Tail\n|-damage|p1b: Scream Tail|0 fnt\n|faint|p1b: Scream Tail\n|-end|p1b: Scream Tail|Protosynthesis|[silent]\n|move|p2a: Oranguru|Instruct|p2b: Ursaluna\n|-singleturn|p2b: Ursaluna|move: Instruct|[of] p2a: Oranguru\n|move|p2b: Ursaluna|Blood Moon|p1a: Sinistcha\n|-damage|p1a: Sinistcha|0 fnt\n|faint|p1a: Sinistcha\n|-hint|Some effects can force a Pokemon to use Blood Moon again in a row.\n|\n|-damage|p2a: Oranguru|41\/100 brn|[from] brn\n|upkeep\n|inactive|squigsquag has 30 seconds left.\n|inactive|squigsquag has 20 seconds left.\n|\n|t:|1700811051\n|switch|p1a: Hawlucha|Hawlucha, L50, F|100\/100\n|turn|5\n|\n|t:|1700811063\n|move|p2b: Ursaluna|Vacuum Wave|p1a: Hawlucha\n|-resisted|p1a: Hawlucha\n|-damage|p1a: Hawlucha|63\/100\n|-enditem|p1a: Hawlucha|Red Card|[of] p2b: Ursaluna\n|drag|p2b: Okidogi|Okidogi, L50, M|100\/100\n|move|p2a: Oranguru|Psychic|p1a: Hawlucha\n|-supereffective|p1a: Hawlucha\n|-damage|p1a: Hawlucha|0 fnt\n|faint|p1a: Hawlucha\n|\n|win|Galaxia015\n|raw|squigsquag's rating: 1121 &rarr; <strong>1098<\/strong><br \/>(-23 for losing)\n|raw|Galaxia015's rating: 1150 &rarr; <strong>1173<\/strong><br \/>(+23 for winning)\n","uploadtime":1700811070,"views":26,"p1id":"squigsquag","p2id":"galaxia015","formatid":"gen9vgc2023regulatione","rating":1098,"private":0,"password":""}