{"id":"gen9vgc2023regulatione-1998875541","p1":"rudyxkam","p2":"Chef204","format":"[Gen 9] VGC 2023 Regulation E","log":"|j|\u2606rudyxkam\n|j|\u2606Chef204\n|t:|1701007028\n|gametype|doubles\n|player|p1|rudyxkam|gardenia|1092\n|player|p2|Chef204|101|1101\n|teamsize|p1|6\n|teamsize|p2|6\n|gen|9\n|tier|[Gen 9] VGC 2023 Regulation E\n|rated|\n|rule|Species Clause: Limit one of each Pok\u00e9mon\n|rule|Item Clause: Limit one of each item\n|clearpoke\n|poke|p1|Baxcalibur, L50, F|\n|poke|p1|Cresselia, L50, F|\n|poke|p1|Iron Hands, L50|\n|poke|p1|Heatran, L50, M|\n|poke|p1|Ogerpon-Wellspring, L50, F|\n|poke|p1|Ursaluna, L50, F|\n|poke|p2|Baxcalibur, L50, M|\n|poke|p2|Goodra-Hisui, L50, F|\n|poke|p2|Scream Tail, L50|\n|poke|p2|Landorus-Therian, L50, M|\n|poke|p2|Moltres-Galar, L50|\n|poke|p2|Ninetales-Alola, L50, F|\n|teampreview|4\n|inactive|Battle timer is ON: inactive players will automatically lose when time's up. (requested by rudyxkam)\n|c|\u2606rudyxkam|glhf!\nrudyxkam has agreed to open team sheets.\n|inactive|rudyxkam has 60 seconds left.\n|inactive|Chef204 has 60 seconds left.\n|\n|t:|1701007083\n|start\n|switch|p1a: Ogerpon|Ogerpon-Wellspring, L50, F|100\/100\n|switch|p1b: T. Gojira|Baxcalibur, L50, F, shiny|100\/100\n|switch|p2a: Rosa Tubsman|Goodra-Hisui, L50, F|100\/100\n|switch|p2b: AWOOOO|Scream Tail, L50|100\/100\n|-enditem|p2b: AWOOOO|Booster Energy\n|-activate|p2b: AWOOOO|ability: Protosynthesis|[fromitem]\n|-start|p2b: AWOOOO|protosynthesisspe\n|turn|1\n|\n|t:|1701007106\n|move|p1a: Ogerpon|Follow Me|p1a: Ogerpon\n|-singleturn|p1a: Ogerpon|move: Follow Me\n|move|p1b: T. Gojira|Swords Dance|p1b: T. Gojira\n|-boost|p1b: T. Gojira|atk|2\n|move|p2a: Rosa Tubsman|Shelter|p2a: Rosa Tubsman\n|-boost|p2a: Rosa Tubsman|def|2\n|move|p2b: AWOOOO|Trick Room|p2b: AWOOOO\n|-fieldstart|move: Trick Room|[of] p2b: AWOOOO\n|\n|upkeep\n|turn|2\n|\n|t:|1701007127\n|switch|p1a: Shiragami|Cresselia, L50, F|100\/100\n|move|p1b: T. Gojira|Protect|p1b: T. Gojira\n|-singleturn|p1b: T. Gojira|Protect\n|move|p2a: Rosa Tubsman|Body Press|p1b: T. Gojira\n|-activate|p1b: T. Gojira|move: Protect\n|move|p2b: AWOOOO|Howl|p2b: AWOOOO|[spread] p2a,p2b\n|-boost|p2a: Rosa Tubsman|atk|1\n|-boost|p2b: AWOOOO|atk|1\n|\n|upkeep\n|turn|3\n|\n|t:|1701007145\n|-terastallize|p1b: T. Gojira|Water\n|move|p2a: Rosa Tubsman|Body Press|p1b: T. Gojira\n|-damage|p1b: T. Gojira|58\/100\n|move|p1b: T. Gojira|Icicle Spear|p2b: AWOOOO\n|-damage|p2b: AWOOOO|74\/100\n|-damage|p2b: AWOOOO|45\/100\n|-damage|p2b: AWOOOO|16\/100\n|-damage|p2b: AWOOOO|0 fnt\n|faint|p2b: AWOOOO\n|-end|p2b: AWOOOO|Protosynthesis|[silent]\n|-hitcount|p2: AWOOOO|4\n|move|p1a: Shiragami|Trick Room|p1a: Shiragami\n|-fieldend|move: Trick Room\n|\n|upkeep\n|\n|t:|1701007156\n|switch|p2b: Mufasa|Moltres-Galar, L50|100\/100\n|turn|4\n|\n|t:|1701007170\n|-terastallize|p2b: Mufasa|Poison\n|move|p1a: Shiragami|Ally Switch|p1a: Shiragami\n|swap|p1a: Shiragami|1|[from] move: Ally Switch\n|move|p1a: T. Gojira|Icicle Spear|p2b: Mufasa\n|-damage|p2b: Mufasa|71\/100\n|-damage|p2b: Mufasa|44\/100\n|-damage|p2b: Mufasa|17\/100\n|-damage|p2b: Mufasa|0 fnt\n|faint|p2b: Mufasa\n|-hitcount|p2: Mufasa|4\n|move|p2a: Rosa Tubsman|Shelter|p2a: Rosa Tubsman\n|-boost|p2a: Rosa Tubsman|def|2\n|\n|upkeep\n|\n|t:|1701007182\n|switch|p2b: GOJIRA|Baxcalibur, L50, M|100\/100\n|turn|5\n|\n|t:|1701007192\n|move|p1a: T. Gojira|Scale Shot|p2b: GOJIRA\n|-supereffective|p2b: GOJIRA\n|-damage|p2b: GOJIRA|50\/100\n|-supereffective|p2b: GOJIRA\n|-damage|p2b: GOJIRA|0 fnt\n|faint|p2b: GOJIRA\n|-hitcount|p2: GOJIRA|2\n|-unboost|p1a: T. Gojira|def|1\n|-boost|p1a: T. Gojira|spe|1\n|move|p1b: Shiragami|Moonblast|p2a: Rosa Tubsman\n|-damage|p2a: Rosa Tubsman|89\/100\n|move|p2a: Rosa Tubsman|Body Press|p1a: T. Gojira\n|-damage|p1a: T. Gojira|0 fnt\n|faint|p1a: T. Gojira\n|\n|upkeep\n|\n|t:|1701007199\n|switch|p1a: Baragon|Heatran, L50, M|100\/100\n|turn|6\n|\n|t:|1701007212\n|move|p1b: Shiragami|Moonblast|p2a: Rosa Tubsman\n|-damage|p2a: Rosa Tubsman|78\/100\n|-unboost|p2a: Rosa Tubsman|spa|1\n|move|p1a: Baragon|Earth Power|p2a: Rosa Tubsman\n|-supereffective|p2a: Rosa Tubsman\n|-damage|p2a: Rosa Tubsman|36\/100\n|move|p2a: Rosa Tubsman|Body Press|p1a: Baragon\n|-supereffective|p1a: Baragon\n|-damage|p1a: Baragon|0 fnt\n|faint|p1a: Baragon\n|\n|upkeep\n|\n|t:|1701007221\n|switch|p1a: Ogerpon|Ogerpon-Wellspring, L50, F|100\/100\n|turn|7\n|\n|t:|1701007238\n|move|p1b: Shiragami|Ally Switch|p1b: Shiragami\n|swap|p1b: Shiragami|0|[from] move: Ally Switch\n|move|p1b: Ogerpon|Ivy Cudgel|p2a: Rosa Tubsman|[anim] Ivy Cudgel Water\n|-resisted|p2a: Rosa Tubsman\n|-damage|p2a: Rosa Tubsman|29\/100\n|move|p2a: Rosa Tubsman|Life Dew|p2a: Rosa Tubsman\n|-heal|p2a: Rosa Tubsman|54\/100\n|\n|upkeep\n|turn|8\n|\n|t:|1701007261\n|move|p1b: Ogerpon|Ivy Cudgel|p2a: Rosa Tubsman|[anim] Ivy Cudgel Water\n|-resisted|p2a: Rosa Tubsman\n|-damage|p2a: Rosa Tubsman|45\/100\n|move|p1a: Shiragami|Moonblast|p2a: Rosa Tubsman\n|-damage|p2a: Rosa Tubsman|34\/100\n|move|p2a: Rosa Tubsman|Body Press|p1b: Ogerpon\n|-damage|p1b: Ogerpon|24\/100\n|\n|upkeep\n|turn|9\n|\n|t:|1701007276\n|move|p1b: Ogerpon|Spiky Shield|p1b: Ogerpon\n|-singleturn|p1b: Ogerpon|move: Protect\n|move|p1a: Shiragami|Moonblast|p2a: Rosa Tubsman\n|-damage|p2a: Rosa Tubsman|23\/100\n|-unboost|p2a: Rosa Tubsman|spa|1\n|move|p2a: Rosa Tubsman|Life Dew|p2a: Rosa Tubsman\n|-heal|p2a: Rosa Tubsman|48\/100\n|\n|upkeep\n|turn|10\n|\n|t:|1701007288\n|move|p1a: Shiragami|Ally Switch|p1a: Shiragami\n|swap|p1a: Shiragami|1|[from] move: Ally Switch\n|move|p1a: Ogerpon|Ivy Cudgel|p2a: Rosa Tubsman|[anim] Ivy Cudgel Water\n|-resisted|p2a: Rosa Tubsman\n|-damage|p2a: Rosa Tubsman|41\/100\n|move|p2a: Rosa Tubsman|Life Dew|p2a: Rosa Tubsman\n|-heal|p2a: Rosa Tubsman|66\/100\n|\n|upkeep\n|turn|11\n|\n|t:|1701007307\n|move|p1a: Ogerpon|Spiky Shield|p1a: Ogerpon\n|-singleturn|p1a: Ogerpon|move: Protect\n|move|p1b: Shiragami|Moonblast|p2a: Rosa Tubsman\n|-damage|p2a: Rosa Tubsman|56\/100\n|-unboost|p2a: Rosa Tubsman|spa|1\n|move|p2a: Rosa Tubsman|Life Dew|p2a: Rosa Tubsman\n|-heal|p2a: Rosa Tubsman|81\/100\n|\n|upkeep\n|turn|12\n|inactive|rudyxkam has 30 seconds left.\n|\n|t:|1701007336\n|move|p1a: Ogerpon|Horn Leech|p2a: Rosa Tubsman\n|-resisted|p2a: Rosa Tubsman\n|-damage|p2a: Rosa Tubsman|78\/100\n|-heal|p1a: Ogerpon|26\/100|[from] drain|[of] p2a: Rosa Tubsman\n|-damage|p1a: Ogerpon|9\/100|[from] item: Rocky Helmet|[of] p2a: Rosa Tubsman\n|move|p1b: Shiragami|Lunar Blessing|p1b: Shiragami|[spread] p1a,p1b\n|-heal|p1a: Ogerpon|34\/100\n|move|p2a: Rosa Tubsman|Body Press|p1a: Ogerpon\n|-damage|p1a: Ogerpon|0 fnt\n|faint|p1a: Ogerpon\n|\n|upkeep\n|turn|13\n|c|\u2606rudyxkam|gg!\n|-message|rudyxkam forfeited.\n|\n|win|Chef204\n|raw|rudyxkam's rating: 1092 &rarr; <strong>1069<\/strong><br \/>(-23 for losing)\n|raw|Chef204's rating: 1101 &rarr; <strong>1125<\/strong><br \/>(+24 for winning)\n|l|\u2606rudyxkam\n|c|\u2606Chef204|Gg\n","uploadtime":1701007360,"views":10,"p1id":"rudyxkam","p2id":"chef204","formatid":"gen9vgc2023regulatione","rating":1069,"private":0,"password":""}