{"id":"gen9vgc2023regulatione-1993880880","p1":"Drewilliams10","p2":"RocketGrunt6407","format":"[Gen 9] VGC 2023 Regulation E","log":"|j|\u2606Drewilliams10\n|j|\u2606RocketGrunt6407\n|t:|1700369363\n|gametype|doubles\n|player|p1|Drewilliams10|shadowtriad|1196\n|player|p2|RocketGrunt6407|rocketgruntf|1167\n|teamsize|p1|6\n|teamsize|p2|6\n|gen|9\n|tier|[Gen 9] VGC 2023 Regulation E\n|rated|\n|rule|Species Clause: Limit one of each Pok\u00e9mon\n|rule|Item Clause: Limit one of each item\n|clearpoke\n|poke|p1|Tauros-Paldea-Blaze, L50, M|\n|poke|p1|Kingambit, L50, M|\n|poke|p1|Tornadus, L50, M|\n|poke|p1|Landorus-Therian, L50, M|\n|poke|p1|Flutter Mane, L50|\n|poke|p1|Gastrodon, L50, M|\n|poke|p2|Chi-Yu, L50|\n|poke|p2|Farigiraf, L50, F|\n|poke|p2|Dipplin, L50, F|\n|poke|p2|Iron Hands, L50|\n|poke|p2|Iron Bundle, L50|\n|poke|p2|Landorus-Therian, L50, M|\n|teampreview|4\n|\n|t:|1700369397\n|start\n|switch|p1a: Tauros|Tauros-Paldea-Blaze, L50, M, shiny|100\/100\n|switch|p1b: Kingambit|Kingambit, L50, M|100\/100\n|switch|p2a: Safari|Farigiraf, L50, F|100\/100\n|switch|p2b: Iron Hands|Iron Hands, L50|100\/100\n|-ability|p1a: Tauros|Intimidate|boost\n|-unboost|p2a: Safari|atk|1\n|-unboost|p2b: Iron Hands|atk|1\n|turn|1\n|\n|t:|1700369427\n|switch|p1b: Landorus|Landorus-Therian, L50, M|100\/100\n|-ability|p1b: Landorus|Intimidate|boost\n|-unboost|p2a: Safari|atk|1\n|-unboost|p2b: Iron Hands|atk|1\n|move|p2b: Iron Hands|Fake Out|p1a: Tauros\n|-damage|p1a: Tauros|93\/100\n|cant|p1a: Tauros|flinch\n|move|p2a: Safari|Dazzling Gleam|p1a: Tauros|[spread] p1a,p1b\n|-damage|p1a: Tauros|73\/100\n|-damage|p1b: Landorus|81\/100\n|\n|upkeep\n|turn|2\n|\n|t:|1700369445\n|-end|p2b: Iron Hands|Quark Drive|[silent]\n|switch|p2b: Landorus|Landorus-Therian, L50, M|100\/100\n|-ability|p2b: Landorus|Intimidate|boost\n|-unboost|p1a: Tauros|atk|1\n|-unboost|p1b: Landorus|atk|1\n|move|p2a: Safari|Protect|p2a: Safari\n|-singleturn|p2a: Safari|Protect\n|move|p1b: Landorus|U-turn|p2a: Safari\n|-activate|p2a: Safari|move: Protect\n|move|p1a: Tauros|Will-O-Wisp|p2b: Landorus\n|-status|p2b: Landorus|brn\n|\n|-damage|p2b: Landorus|94\/100 brn|[from] brn\n|upkeep\n|turn|3\n|\n|t:|1700369481\n|switch|p1a: Gastrodon|Gastrodon, L50, M|100\/100\n|move|p1b: Landorus|U-turn|p2a: Safari\n|-supereffective|p2a: Safari\n|-damage|p2a: Safari|72\/100\n|\n|t:|1700369490\n|switch|p1b: Kingambit|Kingambit, L50, M|100\/100|[from] U-turn\n|move|p2b: Landorus|U-turn|p1b: Kingambit\n|-damage|p1b: Kingambit|90\/100\n|\n|t:|1700369501\n|switch|p2b: Iron Hands|Iron Hands, L50|100\/100|[from] U-turn\n|move|p2a: Safari|Dazzling Gleam|p1a: Gastrodon|[spread] p1a,p1b\n|-damage|p1a: Gastrodon|86\/100\n|-damage|p1b: Kingambit|77\/100\n|\n|upkeep\n|turn|4\n|\n|t:|1700369516\n|switch|p1b: Landorus|Landorus-Therian, L50, M|81\/100\n|-ability|p1b: Landorus|Intimidate|boost\n|-unboost|p2a: Safari|atk|1\n|-unboost|p2b: Iron Hands|atk|1\n|move|p2b: Iron Hands|Fake Out|p1b: Landorus\n|-damage|p1b: Landorus|68\/100\n|move|p2a: Safari|Psychic|p1a: Gastrodon\n|-damage|p1a: Gastrodon|56\/100\n|-unboost|p1a: Gastrodon|spd|1\n|move|p1a: Gastrodon|Muddy Water|p2b: Iron Hands|[spread] p2a,p2b\n|-damage|p2a: Safari|47\/100\n|-damage|p2b: Iron Hands|86\/100\n|-enditem|p2a: Safari|Sitrus Berry|[eat]\n|-heal|p2a: Safari|72\/100|[from] item: Sitrus Berry\n|\n|upkeep\n|turn|5\n|\n|t:|1700369547\n|switch|p2a: Iron Bundle|Iron Bundle, L50|100\/100\n|-enditem|p2a: Iron Bundle|Booster Energy\n|-activate|p2a: Iron Bundle|ability: Quark Drive|[fromitem]\n|-start|p2a: Iron Bundle|quarkdrivespe\n|move|p1b: Landorus|Stomping Tantrum|p2b: Iron Hands\n|-supereffective|p2b: Iron Hands\n|-damage|p2b: Iron Hands|20\/100\n|move|p2b: Iron Hands|Drain Punch|p1a: Gastrodon\n|-damage|p1a: Gastrodon|28\/100\n|-heal|p2b: Iron Hands|33\/100|[from] drain|[of] p1a: Gastrodon\n|-enditem|p1a: Gastrodon|Sitrus Berry|[eat]\n|-heal|p1a: Gastrodon|53\/100|[from] item: Sitrus Berry\n|move|p1a: Gastrodon|Muddy Water|p2a: Iron Bundle|[spread] p2a\n|-miss|p1a: Gastrodon|p2b: Iron Hands\n|-resisted|p2a: Iron Bundle\n|-damage|p2a: Iron Bundle|72\/100\n|\n|upkeep\n|turn|6\n|\n|t:|1700369576\n|switch|p1b: Kingambit|Kingambit, L50, M|77\/100\n|-end|p2b: Iron Hands|Quark Drive|[silent]\n|switch|p2b: Landorus|Landorus-Therian, L50, M|94\/100 brn\n|-ability|p2b: Landorus|Intimidate|boost\n|-unboost|p1a: Gastrodon|atk|1\n|-unboost|p1b: Kingambit|atk|1\n|-ability|p1b: Kingambit|Defiant|boost\n|-boost|p1b: Kingambit|atk|2\n|-terastallize|p1a: Gastrodon|Fairy\n|move|p2a: Iron Bundle|Freeze-Dry|p1a: Gastrodon\n|-damage|p1a: Gastrodon|5\/100\n|move|p1a: Gastrodon|Muddy Water|p2b: Landorus|[spread] \n|-miss|p1a: Gastrodon|p2a: Iron Bundle\n|-miss|p1a: Gastrodon|p2b: Landorus\n|\n|-damage|p2b: Landorus|88\/100 brn|[from] brn\n|upkeep\n|turn|7\n|\n|t:|1700369607\n|switch|p2b: Safari|Farigiraf, L50, F|72\/100\n|switch|p1a: Landorus|Landorus-Therian, L50, M|68\/100\n|-ability|p1a: Landorus|Intimidate|boost\n|-unboost|p2a: Iron Bundle|atk|1\n|-unboost|p2b: Safari|atk|1\n|move|p1b: Kingambit|Sucker Punch||[still]\n|cant|p2b: Safari|ability: Armor Tail|Sucker Punch|[of] p1b: Kingambit\n|move|p2a: Iron Bundle|Icy Wind|p1b: Kingambit|[spread] p1a,p1b\n|-supereffective|p1a: Landorus\n|-resisted|p1b: Kingambit\n|-damage|p1a: Landorus|0 fnt\n|-damage|p1b: Kingambit|68\/100\n|-unboost|p1b: Kingambit|spe|1\n|-ability|p1b: Kingambit|Defiant|boost\n|-boost|p1b: Kingambit|atk|2\n|faint|p1a: Landorus\n|\n|upkeep\n|\n|t:|1700369614\n|switch|p1a: Tauros|Tauros-Paldea-Blaze, L50, M, shiny|73\/100\n|-ability|p1a: Tauros|Intimidate|boost\n|-unboost|p2a: Iron Bundle|atk|1\n|-unboost|p2b: Safari|atk|1\n|turn|8\n|\n|t:|1700369640\n|move|p1a: Tauros|Protect|p1a: Tauros\n|-singleturn|p1a: Tauros|Protect\n|move|p2a: Iron Bundle|Hydro Pump|p1b: Kingambit\n|-damage|p1b: Kingambit|19\/100\n|move|p2b: Safari|Dazzling Gleam|p1b: Kingambit|[spread] p1b\n|-activate|p1a: Tauros|move: Protect\n|-damage|p1b: Kingambit|6\/100\n|move|p1b: Kingambit|Kowtow Cleave|p2b: Safari\n|-supereffective|p2b: Safari\n|-damage|p2b: Safari|0 fnt\n|faint|p2b: Safari\n|\n|upkeep\n|\n|t:|1700369657\n|switch|p2b: Iron Hands|Iron Hands, L50|33\/100\n|turn|9\n|\n|t:|1700369676\n|switch|p1a: Gastrodon|Gastrodon, L50, M, tera:Fairy|5\/100\n|move|p1b: Kingambit|Protect|p1b: Kingambit\n|-singleturn|p1b: Kingambit|Protect\n|move|p2b: Iron Hands|Fake Out|p1b: Kingambit\n|-activate|p1b: Kingambit|move: Protect\n|move|p2a: Iron Bundle|Hydro Pump|p1a: Gastrodon\n|-ability|p1a: Gastrodon|Storm Drain|boost\n|-boost|p1a: Gastrodon|spa|1\n|\n|upkeep\n|turn|10\n|\n|t:|1700369701\n|move|p1b: Kingambit|Sucker Punch|p2b: Iron Hands\n|-resisted|p2b: Iron Hands\n|-damage|p2b: Iron Hands|0 fnt\n|faint|p2b: Iron Hands\n|-end|p2b: Iron Hands|Quark Drive|[silent]\n|move|p2a: Iron Bundle|Icy Wind|p1a: Gastrodon|[spread] p1a\n|-miss|p2a: Iron Bundle|p1b: Kingambit\n|-damage|p1a: Gastrodon|0 fnt\n|faint|p1a: Gastrodon\n|\n|upkeep\n|\n|t:|1700369712\n|switch|p2b: Landorus|Landorus-Therian, L50, M|88\/100 brn\n|switch|p1a: Tauros|Tauros-Paldea-Blaze, L50, M, shiny|73\/100\n|-ability|p2b: Landorus|Intimidate|boost\n|-unboost|p1a: Tauros|atk|1\n|-unboost|p1b: Kingambit|atk|1\n|-ability|p1b: Kingambit|Defiant|boost\n|-boost|p1b: Kingambit|atk|2\n|-ability|p1a: Tauros|Intimidate|boost\n|-unboost|p2a: Iron Bundle|atk|1\n|-unboost|p2b: Landorus|atk|1\n|turn|11\n|\n|t:|1700369733\n|move|p1b: Kingambit|Sucker Punch|p2b: Landorus\n|-damage|p2b: Landorus|0 fnt\n|faint|p2b: Landorus\n|move|p2a: Iron Bundle|Hydro Pump|p1a: Tauros\n|-supereffective|p1a: Tauros\n|-damage|p1a: Tauros|0 fnt\n|faint|p1a: Tauros\n|\n|upkeep\n|turn|12\n|\n|t:|1700369747\n|move|p2a: Iron Bundle|Protect|p2a: Iron Bundle\n|-singleturn|p2a: Iron Bundle|Protect\n|move|p1b: Kingambit|Sucker Punch||[still]\n|-fail|p1b: Kingambit\n|\n|upkeep\n|turn|13\n|\n|t:|1700369758\n|move|p1b: Kingambit|Sucker Punch|p2a: Iron Bundle\n|-damage|p2a: Iron Bundle|0 fnt\n|faint|p2a: Iron Bundle\n|-end|p2a: Iron Bundle|Quark Drive|[silent]\n|\n|win|Drewilliams10\n|raw|Drewilliams10's rating: 1196 &rarr; <strong>1219<\/strong><br \/>(+23 for winning)\n|raw|RocketGrunt6407's rating: 1167 &rarr; <strong>1144<\/strong><br \/>(-23 for losing)\n|l|\u2606Drewilliams10\n|j|\u2606Drewilliams10\n|player|p1|Drewilliams10|shadowtriad\n|l|\u2606RocketGrunt6407\n","uploadtime":1700369776,"views":7,"p1id":"drewilliams10","p2id":"rocketgrunt6407","formatid":"gen9vgc2023regulatione","rating":1144,"private":0,"password":""}