{"id":"gen9vgc2023regulatione-1994119873","p1":"qmzopaskl","p2":"giiuhijoijdd","format":"[Gen 9] VGC 2023 Regulation E","log":"|j|\u2606qmzopaskl\n|j|\u2606giiuhijoijdd\n|t:|1700409224\n|gametype|doubles\n|player|p1|qmzopaskl|lucas|1234\n|player|p2|giiuhijoijdd|pokemonranger-gen4|1141\n|teamsize|p1|6\n|teamsize|p2|6\n|gen|9\n|tier|[Gen 9] VGC 2023 Regulation E\n|rated|\n|rule|Species Clause: Limit one of each Pok\u00e9mon\n|rule|Item Clause: Limit one of each item\n|clearpoke\n|poke|p1|Tornadus, L50, M|\n|poke|p1|Arcanine-Hisui, L50, F|\n|poke|p1|Urshifu-*, L50, M|\n|poke|p1|Flutter Mane, L50|\n|poke|p1|Rillaboom, L50, M|\n|poke|p1|Gholdengo, L50|\n|poke|p2|Dondozo, L50, M|\n|poke|p2|Tatsugiri, L50, M|\n|poke|p2|Golduck, L50, F|\n|poke|p2|Chien-Pao, L50|\n|poke|p2|Dragonite, L50, F|\n|poke|p2|Glimmora, L50, F|\n|teampreview|4\n|inactive|Battle timer is ON: inactive players will automatically lose when time's up. (requested by giiuhijoijdd)\n|inactive|qmzopaskl has 60 seconds left.\n|inactive|giiuhijoijdd has 60 seconds left.\n|\n|t:|1700409257\n|start\n|switch|p1a: Rillaboom|Rillaboom, L50, M|100\/100\n|switch|p1b: Gholdengo|Gholdengo, L50|100\/100\n|switch|p2a: Dondozo|Dondozo, L50, M, shiny|100\/100\n|switch|p2b: Golduck|Golduck, L50, F|100\/100\n|-fieldstart|move: Grassy Terrain|[from] ability: Grassy Surge|[of] p1a: Rillaboom\n|turn|1\n|inactive|giiuhijoijdd has 30 seconds left.\n|inactive|giiuhijoijdd has 20 seconds left.\n|inactive|giiuhijoijdd has 15 seconds left.\n|inactive|giiuhijoijdd has 10 seconds left.\n|\n|t:|1700409304\n|-terastallize|p2a: Dondozo|Dragon\n|move|p1a: Rillaboom|Fake Out|p2a: Dondozo\n|-damage|p2a: Dondozo|92\/100\n|move|p1b: Gholdengo|Make It Rain|p2a: Dondozo|[spread] p2a,p2b\n|-resisted|p2b: Golduck\n|-damage|p2a: Dondozo|25\/100\n|-damage|p2b: Golduck|67\/100\n|-unboost|p1b: Gholdengo|spa|1\n|move|p2b: Golduck|Simple Beam|p2a: Dondozo\n|-endability|p2a: Dondozo|Unaware|[from] move: Simple Beam\n|-ability|p2a: Dondozo|Simple|[from] move: Simple Beam\n|cant|p2a: Dondozo|flinch\n|\n|-heal|p2b: Golduck|73\/100|[from] Grassy Terrain\n|-heal|p2a: Dondozo|31\/100|[from] Grassy Terrain\n|-heal|p2a: Dondozo|37\/100|[from] item: Leftovers\n|upkeep\n|turn|2\n|inactive|qmzopaskl has 30 seconds left.\n|\n|t:|1700409330\n|switch|p2b: Tatsugiri|Tatsugiri, L50, M|100\/100\n|-activate|p2b: Tatsugiri|ability: Commander|[of] p2a: Dondozo\n|-boost|p2a: Dondozo|atk|4\n|-boost|p2a: Dondozo|spa|4\n|-boost|p2a: Dondozo|spe|4\n|-boost|p2a: Dondozo|def|4\n|-boost|p2a: Dondozo|spd|4\n|-terastallize|p1b: Gholdengo|Steel\n|move|p2a: Dondozo|Protect|p2a: Dondozo\n|-singleturn|p2a: Dondozo|Protect\n|move|p1a: Rillaboom|Grassy Glide|p2a: Dondozo\n|-activate|p2a: Dondozo|move: Protect\n|move|p1b: Gholdengo|Make It Rain|p2b: Tatsugiri|[spread] \n|-miss|p1b: Gholdengo|p2b: Tatsugiri\n|-activate|p2a: Dondozo|move: Protect\n|\n|-heal|p2a: Dondozo|43\/100|[from] Grassy Terrain\n|-heal|p2a: Dondozo|49\/100|[from] item: Leftovers\n|upkeep\n|turn|3\n|inactive|giiuhijoijdd has 30 seconds left.\n|\n|t:|1700409362\n|move|p1a: Rillaboom|Grassy Glide|p2a: Dondozo\n|-resisted|p2a: Dondozo\n|-crit|p2a: Dondozo\n|-damage|p2a: Dondozo|33\/100\n|move|p2a: Dondozo|Order Up|p1a: Rillaboom\n|-damage|p1a: Rillaboom|8\/100\n|-boost|p2a: Dondozo|atk|2\n|move|p1b: Gholdengo|Make It Rain|p2b: Tatsugiri|[spread] p2a\n|-miss|p1b: Gholdengo|p2b: Tatsugiri\n|-damage|p2a: Dondozo|14\/100\n|-unboost|p1b: Gholdengo|spa|1\n|\n|-heal|p2a: Dondozo|20\/100|[from] Grassy Terrain\n|-heal|p2a: Dondozo|26\/100|[from] item: Leftovers\n|-heal|p1a: Rillaboom|14\/100|[from] Grassy Terrain\n|upkeep\n|turn|4\n|\n|t:|1700409380\n|move|p2a: Dondozo|Protect|p2a: Dondozo\n|-singleturn|p2a: Dondozo|Protect\n|move|p1a: Rillaboom|Grassy Glide|p2a: Dondozo\n|-activate|p2a: Dondozo|move: Protect\n|move|p1b: Gholdengo|Make It Rain|p2b: Tatsugiri|[spread] \n|-miss|p1b: Gholdengo|p2b: Tatsugiri\n|-activate|p2a: Dondozo|move: Protect\n|\n|-heal|p2a: Dondozo|32\/100|[from] Grassy Terrain\n|-heal|p2a: Dondozo|38\/100|[from] item: Leftovers\n|-heal|p1a: Rillaboom|20\/100|[from] Grassy Terrain\n|upkeep\n|turn|5\n|\n|t:|1700409396\n|move|p1a: Rillaboom|Grassy Glide|p2a: Dondozo\n|-resisted|p2a: Dondozo\n|-damage|p2a: Dondozo|35\/100\n|move|p2a: Dondozo|Wave Crash|p1b: Gholdengo\n|-crit|p1b: Gholdengo\n|-damage|p1b: Gholdengo|0 fnt\n|faint|p1b: Gholdengo\n|-damage|p2a: Dondozo|13\/100|[from] Recoil\n|\n|-heal|p2a: Dondozo|19\/100|[from] Grassy Terrain\n|-heal|p2a: Dondozo|25\/100|[from] item: Leftovers\n|-heal|p1a: Rillaboom|26\/100|[from] Grassy Terrain\n|-fieldend|move: Grassy Terrain\n|upkeep\n|\n|t:|1700409404\n|switch|p1b: Urshifu|Urshifu-Rapid-Strike, L50, M|100\/100\n|turn|6\n|\n|t:|1700409424\n|switch|p1a: Flutter Mane|Flutter Mane, L50|100\/100\n|-enditem|p1a: Flutter Mane|Booster Energy\n|-activate|p1a: Flutter Mane|ability: Protosynthesis|[fromitem]\n|-start|p1a: Flutter Mane|protosynthesisspa\n|move|p2a: Dondozo|Earthquake|p1b: Urshifu|[spread] p1a,p1b\n|-miss|p2a: Dondozo|p2b: Tatsugiri\n|-damage|p1a: Flutter Mane|0 fnt\n|-damage|p1b: Urshifu|22\/100\n|faint|p1a: Flutter Mane\n|-end|p1a: Flutter Mane|Protosynthesis|[silent]\n|move|p1b: Urshifu|Surging Strikes|p2a: Dondozo\n|-resisted|p2a: Dondozo\n|-crit|p2a: Dondozo\n|-damage|p2a: Dondozo|18\/100\n|-resisted|p2a: Dondozo\n|-crit|p2a: Dondozo\n|-damage|p2a: Dondozo|12\/100\n|-resisted|p2a: Dondozo\n|-crit|p2a: Dondozo\n|-damage|p2a: Dondozo|5\/100\n|-hitcount|p2a: Dondozo|3\n|\n|-heal|p2a: Dondozo|12\/100|[from] item: Leftovers\n|upkeep\n|\n|t:|1700409439\n|switch|p1a: Rillaboom|Rillaboom, L50, M|26\/100\n|-fieldstart|move: Grassy Terrain|[from] ability: Grassy Surge|[of] p1a: Rillaboom\n|turn|7\n|\n|t:|1700409455\n|move|p1b: Urshifu|Aqua Jet|p2a: Dondozo\n|-resisted|p2a: Dondozo\n|-damage|p2a: Dondozo|9\/100\n|move|p1a: Rillaboom|Grassy Glide|p2a: Dondozo\n|-resisted|p2a: Dondozo\n|-damage|p2a: Dondozo|5\/100\n|move|p2a: Dondozo|Order Up|p1a: Rillaboom\n|-damage|p1a: Rillaboom|0 fnt\n|faint|p1a: Rillaboom\n|-boost|p2a: Dondozo|atk|0\n|\n|-heal|p2a: Dondozo|12\/100|[from] Grassy Terrain\n|-heal|p2a: Dondozo|18\/100|[from] item: Leftovers\n|-heal|p1b: Urshifu|28\/100|[from] Grassy Terrain\n|upkeep\n|turn|8\n|\n|t:|1700409472\n|move|p2a: Dondozo|Order Up|p1b: Urshifu\n|-damage|p1b: Urshifu|0 fnt\n|faint|p1b: Urshifu\n|\n|win|giiuhijoijdd\n|raw|qmzopaskl's rating: 1234 &rarr; <strong>1202<\/strong><br \/>(-32 for losing)\n|raw|giiuhijoijdd's rating: 1141 &rarr; <strong>1173<\/strong><br \/>(+32 for winning)\n|l|\u2606qmzopaskl\n","uploadtime":1700409477,"views":8,"p1id":"qmzopaskl","p2id":"giiuhijoijdd","formatid":"gen9vgc2023regulatione","rating":1173,"private":0,"password":""}