{"id":"gen9vgc2023regulatione-1988736762","p1":"someguy459","p2":"b gh ethmfh","format":"[Gen 9] VGC 2023 Regulation E","log":"|j|\u2606someguy459\n|j|\u2606b gh ethmfh\n|t:|1699756661\n|gametype|doubles\n|player|p1|someguy459|ingo|1304\n|player|p2|b gh ethmfh|101|1232\n|teamsize|p1|6\n|teamsize|p2|6\n|gen|9\n|tier|[Gen 9] VGC 2023 Regulation E\n|rated|\n|rule|Species Clause: Limit one of each Pok\u00e9mon\n|rule|Item Clause: Limit one of each item\n|clearpoke\n|poke|p1|Kilowattrel, L50, M|\n|poke|p1|Arcanine-Hisui, L50, M|\n|poke|p1|Landorus, L50, M|\n|poke|p1|Flutter Mane, L50|\n|poke|p1|Tornadus, L50, M|\n|poke|p1|Urshifu-*, L50, F|\n|poke|p2|Sinistcha-Masterpiece, L50|\n|poke|p2|Ogerpon-Hearthflame, L50, F|\n|poke|p2|Iron Hands, L50|\n|poke|p2|Staraptor, L50, F|\n|poke|p2|Flutter Mane, L50|\n|poke|p2|Dondozo, L50, F|\n|teampreview|4\n|\n|t:|1699756697\n|start\n|switch|p1a: Landover|Landorus, L50, M|100\/100\n|switch|p1b: Fuck You|Kilowattrel, L50, M|100\/100\n|switch|p2a: Iron Hands|Iron Hands, L50|100\/100\n|switch|p2b: Ogerpon|Ogerpon-Hearthflame, L50, F|100\/100\n|-ability|p2b: Ogerpon|Mold Breaker\n|turn|1\n|\n|t:|1699756729\n|switch|p1b: Shitter Man|Flutter Mane, L50|100\/100\n|-enditem|p1b: Shitter Man|Booster Energy\n|-activate|p1b: Shitter Man|ability: Protosynthesis|[fromitem]\n|-start|p1b: Shitter Man|protosynthesisspa\n|move|p2a: Iron Hands|Fake Out|p1b: Shitter Man\n|-immune|p1b: Shitter Man\n|move|p2b: Ogerpon|Ivy Cudgel|p1a: Landover\n|-damage|p1a: Landover|34\/100\n|move|p1a: Landover|Earth Power|p2a: Iron Hands\n|-supereffective|p2a: Iron Hands\n|-damage|p2a: Iron Hands|23\/100\n|\n|upkeep\n|turn|2\n|\n|t:|1699756779\n|-terastallize|p2b: Ogerpon|Fire\n|detailschange|p2b: Ogerpon|Ogerpon-Hearthflame-Tera, L50, F, tera:Fire\n|-ability|p2b: Ogerpon|Embody Aspect (Hearthflame)|boost\n|-boost|p2b: Ogerpon|atk|1\n|move|p1a: Landover|Protect|p1a: Landover\n|-singleturn|p1a: Landover|Protect\n|move|p1b: Shitter Man|Dazzling Gleam|p2a: Iron Hands|[spread] p2a,p2b\n|-supereffective|p2a: Iron Hands\n|-resisted|p2b: Ogerpon\n|-damage|p2a: Iron Hands|0 fnt\n|-damage|p2b: Ogerpon|72\/100\n|faint|p2a: Iron Hands\n|-end|p2a: Iron Hands|Quark Drive|[silent]\n|move|p2b: Ogerpon|Ivy Cudgel|p1b: Shitter Man\n|-crit|p1b: Shitter Man\n|-damage|p1b: Shitter Man|0 fnt\n|faint|p1b: Shitter Man\n|-end|p1b: Shitter Man|Protosynthesis|[silent]\n|\n|upkeep\n|\n|t:|1699756798\n|switch|p1b: Fuck You|Kilowattrel, L50, M|100\/100\n|switch|p2a: Flutter Mane|Flutter Mane, L50|100\/100\n|turn|3\n|\n|t:|1699756816\n|switch|p1a: Arsehole|Arcanine-Hisui, L50, M|100\/100\n|-ability|p1a: Arsehole|Intimidate|boost\n|-unboost|p2a: Flutter Mane|atk|1\n|-unboost|p2b: Ogerpon|atk|1\n|move|p2b: Ogerpon|Spiky Shield|p2b: Ogerpon\n|-singleturn|p2b: Ogerpon|move: Protect\n|move|p2a: Flutter Mane|Dazzling Gleam|p1a: Arsehole|[spread] p1a,p1b\n|-resisted|p1a: Arsehole\n|-damage|p1a: Arsehole|79\/100\n|-damage|p1b: Fuck You|46\/100\n|move|p1b: Fuck You|Tailwind|p1b: Fuck You\n|-sidestart|p1: someguy459|move: Tailwind\n|\n|upkeep\n|turn|4\n|\n|t:|1699756845\n|switch|p2b: Staraptor|Staraptor, L50, F|100\/100\n|-ability|p2b: Staraptor|Intimidate|boost\n|-unboost|p1a: Arsehole|atk|1\n|-unboost|p1b: Fuck You|atk|1\n|-ability|p1b: Fuck You|Competitive|boost\n|-boost|p1b: Fuck You|spa|2\n|move|p2a: Flutter Mane|Protect|p2a: Flutter Mane\n|-singleturn|p2a: Flutter Mane|Protect\n|move|p1a: Arsehole|Rock Slide|p2b: Staraptor|[spread] p2b\n|-activate|p2a: Flutter Mane|move: Protect\n|-supereffective|p2b: Staraptor\n|-damage|p2b: Staraptor|49\/100\n|move|p1b: Fuck You|Thunderbolt|p2b: Staraptor\n|-supereffective|p2b: Staraptor\n|-damage|p2b: Staraptor|0 fnt\n|faint|p2b: Staraptor\n|\n|upkeep\n|\n|t:|1699756863\n|switch|p2b: Ogerpon|Ogerpon-Hearthflame-Tera, L50, F, tera:Fire|72\/100\n|-ability|p2b: Ogerpon|Embody Aspect (Hearthflame)|boost\n|-boost|p2b: Ogerpon|atk|1\n|turn|5\n|\n|t:|1699756885\n|switch|p1a: Landover|Landorus, L50, M|34\/100\n|move|p1b: Fuck You|Thunderbolt|p2b: Ogerpon\n|-damage|p2b: Ogerpon|0 fnt\n|faint|p2b: Ogerpon\n|move|p2a: Flutter Mane|Dazzling Gleam|p1b: Fuck You|[spread] p1a,p1b\n|-damage|p1a: Landover|0 fnt\n|-damage|p1b: Fuck You|0 fnt\n|faint|p1a: Landover\n|faint|p1b: Fuck You\n|\n|upkeep\n|\n|t:|1699756896\n|switch|p1b: Arsehole|Arcanine-Hisui, L50, M|79\/100\n|-ability|p1b: Arsehole|Intimidate|boost\n|-unboost|p2a: Flutter Mane|atk|1\n|turn|6\n|\n|t:|1699756910\n|move|p1b: Arsehole|Flare Blitz|p2a: Flutter Mane\n|-enditem|p2a: Flutter Mane|Focus Sash\n|-damage|p2a: Flutter Mane|1\/100\n|-damage|p1b: Arsehole|54\/100|[from] Recoil\n|move|p2a: Flutter Mane|Shadow Ball|p1b: Arsehole\n|-damage|p1b: Arsehole|3\/100\n|\n|-sideend|p1: someguy459|move: Tailwind\n|upkeep\n|turn|7\n|\n|t:|1699756922\n|move|p1b: Arsehole|Flare Blitz|p2a: Flutter Mane\n|-crit|p2a: Flutter Mane\n|-damage|p2a: Flutter Mane|0 fnt\n|faint|p2a: Flutter Mane\n|-end|p2a: Flutter Mane|Protosynthesis|[silent]\n|-damage|p1b: Arsehole|2\/100|[from] Recoil\n|\n|win|someguy459\n|raw|someguy459's rating: 1304 &rarr; <strong>1320<\/strong><br \/>(+16 for winning)\n|raw|b gh ethmfh's rating: 1232 &rarr; <strong>1212<\/strong><br \/>(-20 for losing)\n|l|\u2606b gh ethmfh\n","uploadtime":1699756954,"views":21,"p1id":"someguy459","p2id":"bghethmfh","formatid":"gen9vgc2023regulatione","rating":1212,"private":0,"password":""}