{"id":"gen9vgc2023regulatione-1992187000","p1":"jeikono","p2":"AA1780","format":"[Gen 9] VGC 2023 Regulation E","log":"|j|\u2606jeikono\n|j|\u2606AA1780\n|t:|1700162199\n|gametype|doubles\n|player|p1|jeikono|n|1142\n|player|p2|AA1780|dragontamer|1178\n|teamsize|p1|4\n|teamsize|p2|6\n|gen|9\n|tier|[Gen 9] VGC 2023 Regulation E\n|rated|\n|rule|Species Clause: Limit one of each Pok\u00e9mon\n|rule|Item Clause: Limit one of each item\n|clearpoke\n|poke|p1|Sableye, L50, F|\n|poke|p1|Sinistcha-Masterpiece, L50|\n|poke|p1|Garganacl, L50, M|\n|poke|p1|Ninetales-Alola, L50, M|\n|poke|p2|Dragapult, L50, M|\n|poke|p2|Urshifu-*, L50, M|\n|poke|p2|Arcanine-Hisui, L50, M|\n|poke|p2|Tinkaton, L50, F|\n|poke|p2|Tornadus, L50, M|\n|poke|p2|Farigiraf, L50, F|\n|teampreview|4\n|inactive|Battle timer is ON: inactive players will automatically lose when time's up. (requested by AA1780)\n|inactive|jeikono also wants the timer to be on.\n|inactive|AA1780 has 60 seconds left.\n|\n|t:|1700162233\n|start\n|switch|p1a: Sableye|Sableye, L50, F|100\/100\n|switch|p1b: Ninetales|Ninetales-Alola, L50, M|100\/100\n|switch|p2a: Urshifu|Urshifu-Rapid-Strike, L50, M|100\/100\n|switch|p2b: Tornadus|Tornadus, L50, M|100\/100\n|-weather|Snow|[from] ability: Snow Warning|[of] p1b: Ninetales\n|turn|1\n|\n|t:|1700162246\n|move|p2b: Tornadus|Tailwind|p2b: Tornadus\n|-sidestart|p2: AA1780|move: Tailwind\n|move|p1a: Sableye|Trick|p2b: Tornadus\n|-activate|p1a: Sableye|move: Trick|[of] p2b: Tornadus\n|-item|p2b: Tornadus|Choice Band|[from] move: Trick\n|-item|p1a: Sableye|Mental Herb|[from] move: Trick\n|move|p2a: Urshifu|Iron Head|p1b: Ninetales\n|-supereffective|p1b: Ninetales\n|-damage|p1b: Ninetales|0 fnt\n|faint|p1b: Ninetales\n|\n|-weather|Snow|[upkeep]\n|upkeep\n|\n|t:|1700162255\n|switch|p1b: Sinistcha|Sinistcha-Masterpiece, L50|100\/100\n|turn|2\n|\n|t:|1700162274\n|-terastallize|p2a: Urshifu|Poison\n|move|p1a: Sableye|Encore|p2b: Tornadus\n|-start|p2b: Tornadus|Encore\n|move|p2b: Tornadus|Tailwind||[still]\n|-fail|p2b: Tornadus\n|move|p2a: Urshifu|Swords Dance|p2a: Urshifu\n|-boost|p2a: Urshifu|atk|2\n|move|p1b: Sinistcha|Trick Room|p1b: Sinistcha\n|-fieldstart|move: Trick Room|[of] p1b: Sinistcha\n|\n|-weather|Snow|[upkeep]\n|upkeep\n|turn|3\n|\n|t:|1700162292\n|switch|p2b: Tinkaton|Tinkaton, L50, F|100\/100\n|move|p1a: Sableye|Encore|p2a: Urshifu\n|-start|p2a: Urshifu|Encore\n|move|p1b: Sinistcha|Shadow Ball|p2a: Urshifu\n|-damage|p2a: Urshifu|35\/100\n|move|p2a: Urshifu|Swords Dance|p2a: Urshifu\n|-boost|p2a: Urshifu|atk|2\n|\n|-weather|Snow|[upkeep]\n|upkeep\n|turn|4\n|inactive|jeikono has 30 seconds left.\n|\n|t:|1700162324\n|move|p1a: Sableye|Trick|p2a: Urshifu\n|-activate|p1a: Sableye|move: Trick|[of] p2a: Urshifu\n|-item|p2a: Urshifu|Mental Herb|[from] move: Trick\n|-item|p1a: Sableye|Splash Plate|[from] move: Trick\n|-enditem|p2a: Urshifu|Mental Herb\n|-end|p2a: Urshifu|Encore\n|move|p1b: Sinistcha|Matcha Gotcha|p2a: Urshifu|[spread] p2a,p2b\n|-resisted|p2a: Urshifu\n|-resisted|p2b: Tinkaton\n|-damage|p2a: Urshifu|8\/100\n|-damage|p2b: Tinkaton|83\/100\n|-status|p2a: Urshifu|brn\n|-status|p2b: Tinkaton|brn\n|move|p2b: Tinkaton|Play Rough|p1a: Sableye\n|-supereffective|p1a: Sableye\n|-damage|p1a: Sableye|66\/100\n|move|p2a: Urshifu|Swords Dance|p2a: Urshifu\n|-boost|p2a: Urshifu|atk|2\n|\n|-weather|Snow|[upkeep]\n|-damage|p2b: Tinkaton|77\/100 brn|[from] brn\n|-damage|p2a: Urshifu|2\/100 brn|[from] brn\n|-sideend|p2: AA1780|move: Tailwind\n|upkeep\n|turn|5\n|inactive|jeikono has 30 seconds left.\n|inactive|AA1780 has 30 seconds left.\n|\n|t:|1700162351\n|move|p1a: Sableye|Encore|p2b: Tinkaton\n|-start|p2b: Tinkaton|Encore\n|move|p1b: Sinistcha|Matcha Gotcha|p2a: Urshifu|[spread] p2a,p2b\n|-resisted|p2a: Urshifu\n|-resisted|p2b: Tinkaton\n|-damage|p2a: Urshifu|0 fnt\n|-damage|p2b: Tinkaton|60\/100 brn\n|faint|p2a: Urshifu\n|move|p2b: Tinkaton|Play Rough|p1b: Sinistcha\n|-damage|p1b: Sinistcha|86\/100\n|\n|-weather|none\n|-damage|p2b: Tinkaton|53\/100 brn|[from] brn\n|upkeep\n|\n|t:|1700162357\n|switch|p2a: Dragapult|Dragapult, L50, M|100\/100\n|turn|6\n|\n|t:|1700162370\n|move|p2a: Dragapult|Protect|p2a: Dragapult\n|-singleturn|p2a: Dragapult|Protect\n|move|p1a: Sableye|Disable|p2b: Tinkaton\n|-start|p2b: Tinkaton|Disable|Play Rough\n|move|p1b: Sinistcha|Shadow Ball|p2a: Dragapult\n|-activate|p2a: Dragapult|move: Protect\n|cant|p2b: Tinkaton|Disable|Play Rough\n|\n|-damage|p2b: Tinkaton|47\/100 brn|[from] brn\n|-fieldend|move: Trick Room\n|upkeep\n|turn|7\n|\n|t:|1700162386\n|switch|p2b: Tornadus|Tornadus, L50, M|100\/100\n|move|p1a: Sableye|Encore|p2a: Dragapult\n|-start|p2a: Dragapult|Encore\n|move|p2a: Dragapult|Protect||[still]\n|-fail|p2a: Dragapult\n|move|p1b: Sinistcha|Trick Room|p1b: Sinistcha\n|-fieldstart|move: Trick Room|[of] p1b: Sinistcha\n|\n|upkeep\n|turn|8\n|-message|AA1780 forfeited.\n|\n|win|jeikono\n|raw|jeikono's rating: 1142 &rarr; <strong>1170<\/strong><br \/>(+28 for winning)\n|raw|AA1780's rating: 1178 &rarr; <strong>1150<\/strong><br \/>(-28 for losing)\n|l|\u2606AA1780\n","uploadtime":1700162404,"views":12,"p1id":"jeikono","p2id":"aa1780","formatid":"gen9vgc2023regulatione","rating":1150,"private":0,"password":""}