{"id":"gen9vgc2023regulatione-1996758081","p1":"IamDanO","p2":"mochipupusa","format":"[Gen 9] VGC 2023 Regulation E","log":"|j|\u2606IamDanO\n|j|\u2606mochipupusa\n|t:|1700720211\n|gametype|doubles\n|player|p1|IamDanO|red|1334\n|player|p2|mochipupusa|101|1235\n|teamsize|p1|6\n|teamsize|p2|6\n|gen|9\n|tier|[Gen 9] VGC 2023 Regulation E\n|rated|\n|rule|Species Clause: Limit one of each Pok\u00e9mon\n|rule|Item Clause: Limit one of each item\n|clearpoke\n|poke|p1|Zoroark-Hisui, L50, F|\n|poke|p1|Flutter Mane, L50|\n|poke|p1|Chi-Yu, L50|\n|poke|p1|Tornadus, L50, M|\n|poke|p1|Ogerpon-Wellspring, L50, F|\n|poke|p1|Iron Hands, L50|\n|poke|p2|Roaring Moon, L50|\n|poke|p2|Milotic, L50, M|\n|poke|p2|Landorus-Therian, L50, M|\n|poke|p2|Flutter Mane, L50|\n|poke|p2|Iron Hands, L50|\n|poke|p2|Ogerpon-Hearthflame, L50, F|\n|teampreview|4\n|inactive|Battle timer is ON: inactive players will automatically lose when time's up. (requested by IamDanO)\nmochipupusa has agreed to open team sheets.\n|\n|t:|1700720235\n|start\n|switch|p1a: Ogerpon|Ogerpon-Wellspring, L50, F|100\/100\n|switch|p1b: Tornadus|Tornadus, L50, M|100\/100\n|switch|p2a: Iron Hands|Iron Hands, L50|100\/100\n|switch|p2b: Landorus|Landorus-Therian, L50, M|100\/100\n|-ability|p2b: Landorus|Intimidate|boost\n|-unboost|p1a: Ogerpon|atk|1\n|-unboost|p1b: Tornadus|atk|1\n|turn|1\n|inactive|IamDanO has 30 seconds left.\n|\n|t:|1700720262\n|move|p1b: Tornadus|Tailwind|p1b: Tornadus\n|-sidestart|p1: IamDanO|move: Tailwind\n|move|p1a: Ogerpon|Hyper Voice|p2b: Landorus|[spread] p2a,p2b\n|-damage|p2a: Iron Hands|84\/100\n|-damage|p2b: Landorus|67\/100\n|-enditem|p1a: Ogerpon|Throat Spray\n|-boost|p1a: Ogerpon|spa|1|[from] item: Throat Spray\n|move|p2b: Landorus|U-turn|p1a: Ogerpon\n|-resisted|p1a: Ogerpon\n|-damage|p1a: Ogerpon|82\/100\n|replace|p1a: Zoroark|Zoroark-Hisui, L50, F\n|-end|p1a: Zoroark|Illusion\n|inactive|mochipupusa has 30 seconds left.\n|inactive|mochipupusa has 20 seconds left.\n|inactive|mochipupusa has 15 seconds left.\n|inactive|mochipupusa has 10 seconds left.\n|\n|t:|1700720308\n|switch|p2b: Ogerpon|Ogerpon-Hearthflame, L50, F|100\/100|[from] U-turn\n|-ability|p2b: Ogerpon|Mold Breaker\n|move|p2a: Iron Hands|Wild Charge|p1b: Tornadus\n|-supereffective|p1b: Tornadus\n|-damage|p1b: Tornadus|0 fnt\n|faint|p1b: Tornadus\n|-damage|p2a: Iron Hands|66\/100|[from] Recoil\n|\n|upkeep\n|\n|t:|1700720323\n|switch|p1b: Iron Hands|Iron Hands, L50|100\/100\n|turn|2\n|\n|t:|1700720337\n|move|p2b: Ogerpon|Spiky Shield|p2b: Ogerpon\n|-singleturn|p2b: Ogerpon|move: Protect\n|move|p1b: Iron Hands|Fake Out|p2a: Iron Hands\n|-damage|p2a: Iron Hands|55\/100\n|move|p1a: Zoroark|Bitter Malice|p2b: Ogerpon\n|-activate|p2b: Ogerpon|move: Protect\n|cant|p2a: Iron Hands|flinch\n|\n|upkeep\n|turn|3\n|inactive|mochipupusa has 30 seconds left.\n|inactive|mochipupusa has 20 seconds left.\n|\n|t:|1700720375\n|move|p1a: Zoroark|Bitter Malice|p2b: Ogerpon\n|-damage|p2b: Ogerpon|46\/100\n|-unboost|p2b: Ogerpon|atk|1\n|move|p2b: Ogerpon|Ivy Cudgel|p1b: Iron Hands|[anim] Ivy Cudgel Fire\n|-damage|p1b: Iron Hands|76\/100\n|move|p1b: Iron Hands|Stomping Tantrum|p2a: Iron Hands\n|-supereffective|p2a: Iron Hands\n|-crit|p2a: Iron Hands\n|-damage|p2a: Iron Hands|0 fnt\n|faint|p2a: Iron Hands\n|-end|p2a: Iron Hands|Quark Drive|[silent]\n|\n|upkeep\n|\n|t:|1700720390\n|switch|p2a: Landorus|Landorus-Therian, L50, M|67\/100\n|-ability|p2a: Landorus|Intimidate|boost\n|-unboost|p1a: Zoroark|atk|1\n|-unboost|p1b: Iron Hands|atk|1\n|turn|4\n|\n|t:|1700720409\n|-end|p1b: Iron Hands|Quark Drive|[silent]\n|switch|p1b: Ogerpon|Ogerpon-Wellspring, L50, F|100\/100\n|move|p1a: Zoroark|Bitter Malice|p2a: Landorus\n|-damage|p2a: Landorus|13\/100\n|-unboost|p2a: Landorus|atk|1\n|move|p2a: Landorus|Stomping Tantrum|p1b: Ogerpon\n|-resisted|p1b: Ogerpon\n|-damage|p1b: Ogerpon|86\/100\n|move|p2b: Ogerpon|Ivy Cudgel|p1a: Zoroark|[anim] Ivy Cudgel Fire\n|-damage|p1a: Zoroark|15\/100\n|\n|-sideend|p1: IamDanO|move: Tailwind\n|upkeep\n|turn|5\n|inactive|IamDanO has 30 seconds left.\n|inactive|mochipupusa has 30 seconds left.\n|inactive|IamDanO has 20 seconds left.\n|\n|t:|1700720448\n|move|p1b: Ogerpon|Follow Me|p1b: Ogerpon\n|-singleturn|p1b: Ogerpon|move: Follow Me\n|move|p2a: Landorus|Stomping Tantrum|p1b: Ogerpon\n|-resisted|p1b: Ogerpon\n|-damage|p1b: Ogerpon|72\/100\n|move|p2b: Ogerpon|Wood Hammer|p1b: Ogerpon\n|-damage|p1b: Ogerpon|23\/100\n|-damage|p2b: Ogerpon|30\/100|[from] Recoil\n|move|p1a: Zoroark|Hyper Voice|p2b: Ogerpon|[spread] p2a,p2b\n|-damage|p2a: Landorus|0 fnt\n|-damage|p2b: Ogerpon|0 fnt\n|faint|p2a: Landorus\n|faint|p2b: Ogerpon\n|\n|upkeep\n|\n|t:|1700720463\n|switch|p2b: Flutter Mane|Flutter Mane, L50|100\/100\n|turn|6\n|\n|t:|1700720476\n|move|p1b: Ogerpon|Spiky Shield|p1b: Ogerpon\n|-singleturn|p1b: Ogerpon|move: Protect\n|move|p2b: Flutter Mane|Moonblast|p1a: Zoroark\n|-damage|p1a: Zoroark|0 fnt\n|faint|p1a: Zoroark\n|\n|upkeep\n|\n|t:|1700720481\n|switch|p1a: Iron Hands|Iron Hands, L50|76\/100\n|turn|7\n|\n|t:|1700720497\n|-terastallize|p1b: Ogerpon|Water\n|detailschange|p1b: Ogerpon|Ogerpon-Wellspring-Tera, L50, F, tera:Water\n|-ability|p1b: Ogerpon|Embody Aspect (Wellspring)|boost\n|-boost|p1b: Ogerpon|spd|1\n|move|p2b: Flutter Mane|Moonblast|p1b: Ogerpon\n|-damage|p1b: Ogerpon|0 fnt\n|faint|p1b: Ogerpon\n|move|p1a: Iron Hands|Wild Charge|p2b: Flutter Mane\n|-damage|p2b: Flutter Mane|23\/100\n|-damage|p1a: Iron Hands|65\/100|[from] Recoil\n|\n|upkeep\n|turn|8\n|\n|t:|1700720521\n|-terastallize|p2b: Flutter Mane|Fairy\n|move|p2b: Flutter Mane|Moonblast|p1a: Iron Hands\n|-supereffective|p1a: Iron Hands\n|-damage|p1a: Iron Hands|0 fnt\n|faint|p1a: Iron Hands\n|-end|p1a: Iron Hands|Quark Drive|[silent]\n|\n|win|mochipupusa\n|raw|IamDanO's rating: 1334 &rarr; <strong>1308<\/strong><br \/>(-26 for losing)\n|raw|mochipupusa's rating: 1235 &rarr; <strong>1267<\/strong><br \/>(+32 for winning)\n|l|\u2606IamDanO\n","uploadtime":1700720532,"views":4,"p1id":"iamdano","p2id":"mochipupusa","formatid":"gen9vgc2023regulatione","rating":1267,"private":0,"password":""}