{"id":"gen9vgc2023regulatione-1995124284","p1":"raknarook","p2":"casper6_14","format":"[Gen 9] VGC 2023 Regulation E","log":"|j|\u2606raknarook\n|j|\u2606casper6_14\n|t:|1700525245\n|gametype|doubles\n|player|p1|raknarook|ltsurge|1171\n|player|p2|casper6_14|169|1062\n|teamsize|p1|6\n|teamsize|p2|6\n|gen|9\n|tier|[Gen 9] VGC 2023 Regulation E\n|rated|\n|rule|Species Clause: Limit one of each Pok\u00e9mon\n|rule|Item Clause: Limit one of each item\n|clearpoke\n|poke|p1|Gholdengo, L50|\n|poke|p1|Rillaboom, L50, M|\n|poke|p1|Arcanine-Hisui, L50, M|\n|poke|p1|Tornadus, L50, M|\n|poke|p1|Urshifu-*, L50, F|\n|poke|p1|Hydreigon, L50, M|\n|poke|p2|Chien-Pao, L50|\n|poke|p2|Iron Moth, L50|\n|poke|p2|Corviknight, L50, F|\n|poke|p2|Gastrodon, L50, M|\n|poke|p2|Rillaboom, L50, M|\n|poke|p2|Munchlax, L50, M|\n|teampreview|4\n|\n|t:|1700525292\n|start\n|switch|p1a: Tornadus|Tornadus, L50, M|100\/100\n|switch|p1b: Rillaboom|Rillaboom, L50, M|100\/100\n|switch|p2a: Corviknight|Corviknight, L50, F|100\/100\n|switch|p2b: Munchlax|Munchlax, L50, M|100\/100\n|-fieldstart|move: Grassy Terrain|[from] ability: Grassy Surge|[of] p1b: Rillaboom\n|turn|1\n|\n|t:|1700525328\n|-terastallize|p2b: Munchlax|Ghost\n|move|p2a: Corviknight|Protect|p2a: Corviknight\n|-singleturn|p2a: Corviknight|Protect\n|move|p1b: Rillaboom|Fake Out|p2a: Corviknight\n|-activate|p2a: Corviknight|move: Protect\n|move|p1a: Tornadus|Taunt|p2b: Munchlax\n|-start|p2b: Munchlax|move: Taunt\n|move|p2b: Munchlax|Icy Wind|p1b: Rillaboom|[spread] p1a,p1b\n|-supereffective|p1a: Tornadus\n|-supereffective|p1b: Rillaboom\n|-damage|p1a: Tornadus|91\/100\n|-damage|p1b: Rillaboom|94\/100\n|-unboost|p1b: Rillaboom|spe|1\n|\n|-heal|p1b: Rillaboom|99\/100|[from] Grassy Terrain\n|upkeep\n|turn|2\n|\n|t:|1700525350\n|switch|p1b: Gholdengo|Gholdengo, L50|100\/100\n|move|p1a: Tornadus|Tailwind|p1a: Tornadus\n|-sidestart|p1: raknarook|move: Tailwind\n|move|p2a: Corviknight|Taunt|p1a: Tornadus\n|-start|p1a: Tornadus|move: Taunt\n|move|p2b: Munchlax|Icy Wind|p1a: Tornadus|[spread] p1a,p1b\n|-supereffective|p1a: Tornadus\n|-resisted|p1b: Gholdengo\n|-damage|p1a: Tornadus|82\/100\n|-damage|p1b: Gholdengo|98\/100\n|-unboost|p1b: Gholdengo|spe|1\n|\n|-heal|p1b: Gholdengo|100\/100|[from] Grassy Terrain\n|upkeep\n|turn|3\n|\n|t:|1700525372\n|switch|p2b: Gastrodon|Gastrodon, L50, M|100\/100\n|move|p1a: Tornadus|Bleakwind Storm|p2a: Corviknight|[spread] p2a\n|-miss|p1a: Tornadus|p2b: Gastrodon\n|-resisted|p2a: Corviknight\n|-damage|p2a: Corviknight|86\/100\n|move|p1b: Gholdengo|Nasty Plot|p1b: Gholdengo\n|-boost|p1b: Gholdengo|spa|2\n|move|p2a: Corviknight|Tailwind|p2a: Corviknight\n|-sidestart|p2: casper6_14|move: Tailwind\n|\n|upkeep\n|turn|4\n|\n|t:|1700525398\n|switch|p1a: Rillaboom|Rillaboom, L50, M|99\/100\n|move|p1b: Gholdengo|Protect|p1b: Gholdengo\n|-singleturn|p1b: Gholdengo|Protect\n|move|p2a: Corviknight|Brave Bird|p1b: Gholdengo\n|-activate|p1b: Gholdengo|move: Protect\n|move|p2b: Gastrodon|Earth Power|p1b: Gholdengo\n|-activate|p1b: Gholdengo|move: Protect\n|\n|-heal|p1a: Rillaboom|100\/100|[from] Grassy Terrain\n|upkeep\n|turn|5\n|\n|t:|1700525432\n|switch|p2b: Iron Moth|Iron Moth, L50|100\/100\n|-enditem|p2b: Iron Moth|Booster Energy\n|-activate|p2b: Iron Moth|ability: Quark Drive|[fromitem]\n|-start|p2b: Iron Moth|quarkdrivespe\n|move|p2a: Corviknight|Protect|p2a: Corviknight\n|-singleturn|p2a: Corviknight|Protect\n|move|p1a: Rillaboom|Grassy Glide|p2b: Iron Moth\n|-resisted|p2b: Iron Moth\n|-damage|p2b: Iron Moth|89\/100\n|move|p1b: Gholdengo|Shadow Ball|p2a: Corviknight\n|-activate|p2a: Corviknight|move: Protect\n|\n|-heal|p2b: Iron Moth|95\/100|[from] Grassy Terrain\n|-sideend|p1: raknarook|move: Tailwind\n|-fieldend|move: Grassy Terrain\n|upkeep\n|turn|6\n|\n|t:|1700525472\n|move|p2b: Iron Moth|Heat Wave|p1b: Gholdengo|[spread] p1a,p1b\n|-supereffective|p1a: Rillaboom\n|-supereffective|p1b: Gholdengo\n|-damage|p1a: Rillaboom|47\/100\n|-damage|p1b: Gholdengo|34\/100\n|-status|p1b: Gholdengo|brn\n|move|p2a: Corviknight|Brave Bird|p1a: Rillaboom\n|-supereffective|p1a: Rillaboom\n|-damage|p1a: Rillaboom|0 fnt\n|faint|p1a: Rillaboom\n|-damage|p2a: Corviknight|70\/100|[from] Recoil\n|move|p1b: Gholdengo|Shadow Ball|p2a: Corviknight\n|-damage|p2a: Corviknight|1\/100\n|-enditem|p2a: Corviknight|Sitrus Berry|[eat]\n|-heal|p2a: Corviknight|26\/100|[from] item: Sitrus Berry\n|\n|-heal|p1b: Gholdengo|40\/100 brn|[from] item: Leftovers\n|-damage|p1b: Gholdengo|34\/100 brn|[from] brn\n|-sideend|p2: casper6_14|move: Tailwind\n|upkeep\n|\n|t:|1700525493\n|switch|p1a: Tornadus|Tornadus, L50, M|82\/100\n|turn|7\n|\n|t:|1700525505\n|move|p1b: Gholdengo|Protect|p1b: Gholdengo\n|-singleturn|p1b: Gholdengo|Protect\n|move|p1a: Tornadus|Tailwind|p1a: Tornadus\n|-sidestart|p1: raknarook|move: Tailwind\n|move|p2b: Iron Moth|Heat Wave|p1b: Gholdengo|[spread] p1a\n|-activate|p1b: Gholdengo|move: Protect\n|-damage|p1a: Tornadus|54\/100\n|move|p2a: Corviknight|Taunt|p1a: Tornadus\n|-start|p1a: Tornadus|move: Taunt\n|\n|-heal|p1b: Gholdengo|40\/100 brn|[from] item: Leftovers\n|-damage|p1b: Gholdengo|34\/100 brn|[from] brn\n|upkeep\n|turn|8\n|\n|t:|1700525532\n|move|p1a: Tornadus|Bleakwind Storm|p2a: Corviknight|[spread] p2b\n|-miss|p1a: Tornadus|p2a: Corviknight\n|-damage|p2b: Iron Moth|61\/100\n|move|p2b: Iron Moth|Heat Wave|p1b: Gholdengo|[spread] p1a,p1b\n|-supereffective|p1b: Gholdengo\n|-damage|p1a: Tornadus|25\/100\n|-damage|p1b: Gholdengo|0 fnt\n|faint|p1b: Gholdengo\n|move|p2a: Corviknight|Tailwind|p2a: Corviknight\n|-sidestart|p2: casper6_14|move: Tailwind\n|\n|upkeep\n|\n|t:|1700525542\n|switch|p1b: Urshifu|Urshifu-Rapid-Strike, L50, F|100\/100\n|turn|9\n|\n|t:|1700525564\n|-end|p2b: Iron Moth|Quark Drive|[silent]\n|switch|p2b: Gastrodon|Gastrodon, L50, M|100\/100\n|move|p1b: Urshifu|Surging Strikes|p2b: Gastrodon\n|-activate|p2b: Gastrodon|ability: Storm Drain\n|-ability|p2b: Gastrodon|Storm Drain|boost\n|-boost|p2b: Gastrodon|spa|1\n|move|p1a: Tornadus|Bleakwind Storm|p2a: Corviknight|[spread] p2b\n|-miss|p1a: Tornadus|p2a: Corviknight\n|-crit|p2b: Gastrodon\n|-damage|p2b: Gastrodon|58\/100\n|-unboost|p2b: Gastrodon|spe|1\n|move|p2a: Corviknight|Brave Bird|p1b: Urshifu\n|-supereffective|p1b: Urshifu\n|-damage|p1b: Urshifu|0 fnt\n|faint|p1b: Urshifu\n|-damage|p2a: Corviknight|0 fnt|[from] Recoil\n|faint|p2a: Corviknight\n|\n|upkeep\n|\n|t:|1700525582\n|switch|p2a: Iron Moth|Iron Moth, L50|61\/100\n|turn|10\n|\n|t:|1700525589\n|-terastallize|p1a: Tornadus|Dragon\n|move|p2a: Iron Moth|Heat Wave|p1a: Tornadus\n|-resisted|p1a: Tornadus\n|-damage|p1a: Tornadus|7\/100\n|move|p1a: Tornadus|Bleakwind Storm|p2b: Gastrodon|[spread] p2a,p2b\n|-crit|p2b: Gastrodon\n|-damage|p2a: Iron Moth|33\/100\n|-damage|p2b: Gastrodon|13\/100\n|move|p2b: Gastrodon|Hydro Pump|p1a: Tornadus\n|-resisted|p1a: Tornadus\n|-damage|p1a: Tornadus|0 fnt\n|faint|p1a: Tornadus\n|\n|win|casper6_14\n|raw|raknarook's rating: 1171 &rarr; <strong>1138<\/strong><br \/>(-33 for losing)\n|raw|casper6_14's rating: 1062 &rarr; <strong>1102<\/strong><br \/>(+40 for winning)\n","uploadtime":1700525601,"views":2,"p1id":"raknarook","p2id":"casper614","formatid":"gen9vgc2023regulatione","rating":1102,"private":0,"password":""}