{"id":"gen9vgc2023regulatione-1990716673","p1":"SacredArmadillo","p2":"rexonaboy","format":"[Gen 9] VGC 2023 Regulation E","log":"|j|\u2606SacredArmadillo\n|j|\u2606rexonaboy\n|t:|1699994334\n|gametype|doubles\n|player|p1|SacredArmadillo|ash|1442\n|player|p2|rexonaboy|wallace|1651\n|teamsize|p1|6\n|teamsize|p2|6\n|gen|9\n|tier|[Gen 9] VGC 2023 Regulation E\n|rated|\n|rule|Species Clause: Limit one of each Pok\u00e9mon\n|rule|Item Clause: Limit one of each item\n|clearpoke\n|poke|p1|Torkoal, L50, M|\n|poke|p1|Indeedee-F, L50, F|\n|poke|p1|Armarouge, L50, M|\n|poke|p1|Urshifu-*, L50, M|\n|poke|p1|Ursaluna, L50, F|\n|poke|p1|Roaring Moon, L50|\n|poke|p2|Flutter Mane, L50|\n|poke|p2|Tornadus, L50, M|\n|poke|p2|Chi-Yu, L50|\n|poke|p2|Amoonguss, L50, M|\n|poke|p2|Ogerpon-Hearthflame, L50, F|\n|poke|p2|Urshifu-*, L50, F|\n|teampreview|4\n|inactive|Battle timer is ON: inactive players will automatically lose when time's up. (requested by rexonaboy)\n|inactive|SacredArmadillo has 60 seconds left.\n|inactive|rexonaboy has 60 seconds left.\n|\n|t:|1699994374\n|start\n|switch|p1a: Urshifu|Urshifu-Rapid-Strike, L50, M|100\/100\n|switch|p1b: Roaring Moon|Roaring Moon, L50|100\/100\n|switch|p2a: Chi-Yu|Chi-Yu, L50|100\/100\n|switch|p2b: Tornadus|Tornadus, L50, M|100\/100\n|-ability|p2a: Chi-Yu|Beads of Ruin\n|-enditem|p1b: Roaring Moon|Booster Energy\n|-activate|p1b: Roaring Moon|ability: Protosynthesis|[fromitem]\n|-start|p1b: Roaring Moon|protosynthesisspe\n|turn|1\n|\n|t:|1699994388\n|switch|p2a: Amoonguss|Amoonguss, L50, M|100\/100\n|move|p1b: Roaring Moon|Tailwind|p1b: Roaring Moon\n|-sidestart|p1: SacredArmadillo|move: Tailwind\n|move|p1a: Urshifu|Surging Strikes|p2a: Amoonguss\n|-resisted|p2a: Amoonguss\n|-crit|p2a: Amoonguss\n|-damage|p2a: Amoonguss|93\/100\n|-damage|p1a: Urshifu|84\/100|[from] item: Rocky Helmet|[of] p2a: Amoonguss\n|-resisted|p2a: Amoonguss\n|-crit|p2a: Amoonguss\n|-damage|p2a: Amoonguss|86\/100\n|-damage|p1a: Urshifu|68\/100|[from] item: Rocky Helmet|[of] p2a: Amoonguss\n|-resisted|p2a: Amoonguss\n|-crit|p2a: Amoonguss\n|-damage|p2a: Amoonguss|78\/100\n|-damage|p1a: Urshifu|51\/100|[from] item: Rocky Helmet|[of] p2a: Amoonguss\n|-hitcount|p2a: Amoonguss|3\n|move|p2b: Tornadus|Icy Wind|p1a: Urshifu|[spread] p1a,p1b\n|-resisted|p1a: Urshifu\n|-supereffective|p1b: Roaring Moon\n|-damage|p1a: Urshifu|41\/100\n|-damage|p1b: Roaring Moon|75\/100\n|-unboost|p1a: Urshifu|spe|1\n|-unboost|p1b: Roaring Moon|spe|1\n|\n|upkeep\n|turn|2\n|inactive|SacredArmadillo has 30 seconds left.\n|inactive|SacredArmadillo has 20 seconds left.\n|\n|t:|1699994424\n|switch|p1a: Armarouge|Armarouge, L50, M|100\/100\n|-terastallize|p1b: Roaring Moon|Flying\n|move|p2b: Tornadus|Tailwind|p2b: Tornadus\n|-sidestart|p2: rexonaboy|move: Tailwind\n|move|p1b: Roaring Moon|Acrobatics|p2a: Amoonguss\n|-supereffective|p2a: Amoonguss\n|-crit|p2a: Amoonguss\n|-damage|p2a: Amoonguss|0 fnt\n|-damage|p1b: Roaring Moon|58\/100|[from] item: Rocky Helmet|[of] p2a: Amoonguss\n|faint|p2a: Amoonguss\n|\n|upkeep\n|\n|t:|1699994432\n|switch|p2a: Chi-Yu|Chi-Yu, L50|100\/100\n|-ability|p2a: Chi-Yu|Beads of Ruin\n|turn|3\n|\n|t:|1699994447\n|move|p1a: Armarouge|Endure|p1a: Armarouge\n|-singleturn|p1a: Armarouge|move: Endure\n|move|p1b: Roaring Moon|Earthquake|p2b: Tornadus|[spread] p1a,p2a\n|-immune|p2b: Tornadus\n|-supereffective|p1a: Armarouge\n|-supereffective|p2a: Chi-Yu\n|-damage|p1a: Armarouge|54\/100\n|-damage|p2a: Chi-Yu|7\/100\n|-ability|p1a: Armarouge|Weak Armor|boost\n|-unboost|p1a: Armarouge|def|1\n|-boost|p1a: Armarouge|spe|2\n|-enditem|p1a: Armarouge|Weakness Policy\n|-boost|p1a: Armarouge|atk|2|[from] item: Weakness Policy\n|-boost|p1a: Armarouge|spa|2|[from] item: Weakness Policy\n|move|p2b: Tornadus|Icy Wind|p1b: Roaring Moon|[spread] p1a,p1b\n|-resisted|p1a: Armarouge\n|-supereffective|p1b: Roaring Moon\n|-damage|p1a: Armarouge|43\/100\n|-damage|p1b: Roaring Moon|22\/100\n|-unboost|p1a: Armarouge|spe|1\n|-unboost|p1b: Roaring Moon|spe|1\n|move|p2a: Chi-Yu|Snarl|p1b: Roaring Moon|[spread] p1a,p1b\n|-supereffective|p1a: Armarouge\n|-activate|p1a: Armarouge|move: Endure\n|-damage|p1a: Armarouge|1\/100\n|-damage|p1b: Roaring Moon|0 fnt\n|-unboost|p1a: Armarouge|spa|1\n|faint|p1b: Roaring Moon\n|-end|p1b: Roaring Moon|Protosynthesis|[silent]\n|\n|upkeep\n|inactive|SacredArmadillo has 30 seconds left.\n|\n|t:|1699994480\n|switch|p1b: Urshifu|Urshifu-Rapid-Strike, L50, M|41\/100\n|turn|4\n|\n|t:|1699994502\n|switch|p1b: Indeedee|Indeedee-F, L50, F|100\/100\n|-fieldstart|move: Psychic Terrain|[from] ability: Psychic Surge|[of] p1b: Indeedee\n|switch|p2a: Ogerpon|Ogerpon-Hearthflame, L50, F|100\/100\n|-ability|p2a: Ogerpon|Mold Breaker\n|move|p2b: Tornadus|Sunny Day|p2b: Tornadus\n|-weather|SunnyDay\n|move|p1a: Armarouge|Expanding Force|p2b: Tornadus|[spread] p2a,p2b\n|-damage|p2a: Ogerpon|0 fnt\n|-damage|p2b: Tornadus|0 fnt\n|faint|p2a: Ogerpon\n|faint|p2b: Tornadus\n|\n|-weather|SunnyDay|[upkeep]\n|-sideend|p1: SacredArmadillo|move: Tailwind\n|upkeep\n|\n|t:|1699994512\n|switch|p2b: Chi-Yu|Chi-Yu, L50|7\/100\n|-ability|p2b: Chi-Yu|Beads of Ruin\n|turn|5\n|\n|t:|1699994532\n|move|p1a: Armarouge|Endure|p1a: Armarouge\n|-singleturn|p1a: Armarouge|move: Endure\n|move|p2b: Chi-Yu|Snarl|p1a: Armarouge|[spread] p1a,p1b\n|-supereffective|p1a: Armarouge\n|-supereffective|p1b: Indeedee\n|-activate|p1a: Armarouge|move: Endure\n|-damage|p1a: Armarouge|1\/100\n|-damage|p1b: Indeedee|9\/100\n|-unboost|p1a: Armarouge|spa|1\n|-unboost|p1b: Indeedee|spa|1\n|move|p1b: Indeedee|Dazzling Gleam|p2b: Chi-Yu\n|-damage|p2b: Chi-Yu|0 fnt\n|faint|p2b: Chi-Yu\n|\n|win|SacredArmadillo\n|raw|SacredArmadillo's rating: 1442 &rarr; <strong>1473<\/strong><br \/>(+31 for winning)\n|raw|rexonaboy's rating: 1651 &rarr; <strong>1620<\/strong><br \/>(-31 for losing)\n","uploadtime":1699994554,"views":7,"p1id":"sacredarmadillo","p2id":"rexonaboy","formatid":"gen9vgc2023regulatione","rating":1473,"private":0,"password":""}