{"id":"gen9vgc2023regulatione-1991648437","p1":"Diabetic Daddy","p2":"lu__thewriter","format":"[Gen 9] VGC 2023 Regulation E","log":"|j|\u2606Diabetic Daddy\n|j|\u2606lu__thewriter\n|t:|1700098247\n|gametype|doubles\n|player|p1|Diabetic Daddy|gentleman|1225\n|player|p2|lu__thewriter|169|1154\n|teamsize|p1|6\n|teamsize|p2|6\n|gen|9\n|tier|[Gen 9] VGC 2023 Regulation E\n|rated|\n|rule|Species Clause: Limit one of each Pok\u00e9mon\n|rule|Item Clause: Limit one of each item\n|clearpoke\n|poke|p1|Goodra-Hisui, L50, M|\n|poke|p1|Pelipper, L50, F|\n|poke|p1|Sinistcha, L50|\n|poke|p1|Iron Hands, L50|\n|poke|p1|Dondozo, L50, M|\n|poke|p1|Tatsugiri, L50, M|\n|poke|p2|Urshifu-*, L50, M|\n|poke|p2|Tornadus, L50, M|\n|poke|p2|Chien-Pao, L50|\n|poke|p2|Flutter Mane, L50|\n|poke|p2|Amoonguss, L50, M|\n|poke|p2|Dragonite, L50, F|\n|teampreview|4\n|j| Multidimensional37\n|\n|t:|1700098275\n|start\n|switch|p1a: Goondra|Goodra-Hisui, L50, M|100\/100\n|switch|p1b: No Hands|Iron Hands, L50|100\/100\n|switch|p2a: Chien-Pao|Chien-Pao, L50|100\/100\n|switch|p2b: Dragonite|Dragonite, L50, F|100\/100\n|-ability|p2a: Chien-Pao|Sword of Ruin\n|turn|1\n|inactive|Battle timer is ON: inactive players will automatically lose when time's up. (requested by lu__thewriter)\n|l| Multidimensional37\n|inactive|lu__thewriter has 60 seconds left.\n|\n|t:|1700098308\n|-terastallize|p2b: Dragonite|Normal\n|-terastallize|p1a: Goondra|Water\n|move|p2a: Chien-Pao|Protect|p2a: Chien-Pao\n|-singleturn|p2a: Chien-Pao|Protect\n|move|p2b: Dragonite|Extreme Speed|p1b: No Hands\n|-damage|p1b: No Hands|35\/100\n|move|p1a: Goondra|Shelter|p1a: Goondra\n|-boost|p1a: Goondra|def|2\n|move|p1b: No Hands|Wild Charge|p2b: Dragonite\n|-damage|p2b: Dragonite|36\/100\n|-damage|p1b: No Hands|23\/100|[from] Recoil\n|\n|upkeep\n|turn|2\n|inactive|lu__thewriter has 30 seconds left.\n|inactive|lu__thewriter has 20 seconds left.\n|inactive|lu__thewriter has 15 seconds left.\n|\n|t:|1700098351\n|move|p2b: Dragonite|Extreme Speed|p1a: Goondra\n|-damage|p1a: Goondra|70\/100\n|move|p2a: Chien-Pao|Sacred Sword|p1b: No Hands\n|-damage|p1b: No Hands|0 fnt\n|faint|p1b: No Hands\n|-end|p1b: No Hands|Quark Drive|[silent]\n|move|p1a: Goondra|Body Press|p2b: Dragonite\n|-supereffective|p2b: Dragonite\n|-damage|p2b: Dragonite|0 fnt\n|faint|p2b: Dragonite\n|\n|-heal|p1a: Goondra|76\/100|[from] item: Leftovers\n|upkeep\n|\n|t:|1700098371\n|switch|p2b: Tornadus|Tornadus, L50, M|100\/100\n|switch|p1b: Bucket Mouth|Pelipper, L50, F|100\/100\n|-weather|RainDance|[from] ability: Drizzle|[of] p1b: Bucket Mouth\n|turn|3\n|\n|t:|1700098391\n|move|p2b: Tornadus|Tailwind|p2b: Tornadus\n|-sidestart|p2: lu__thewriter|move: Tailwind\n|move|p2a: Chien-Pao|Sacred Sword|p1a: Goondra\n|-damage|p1a: Goondra|45\/100\n|move|p1b: Bucket Mouth|Weather Ball|p2b: Tornadus\n|-damage|p2b: Tornadus|22\/100\n|move|p1a: Goondra|Body Press|p2a: Chien-Pao\n|-supereffective|p2a: Chien-Pao\n|-enditem|p2a: Chien-Pao|Focus Sash\n|-damage|p2a: Chien-Pao|1\/100\n|\n|-weather|RainDance|[upkeep]\n|-heal|p1a: Goondra|51\/100|[from] item: Leftovers\n|upkeep\n|turn|4\n|inactive|lu__thewriter has 30 seconds left.\n|\n|t:|1700098418\n|switch|p1b: Gottem|Sinistcha, L50|100\/100\n|-heal|p1a: Goondra|76\/100|[from] ability: Hospitality|[of] p1b: Gottem\n|move|p2a: Chien-Pao|Protect|p2a: Chien-Pao\n|-singleturn|p2a: Chien-Pao|Protect\n|move|p1a: Goondra|Protect|p1a: Goondra\n|-singleturn|p1a: Goondra|Protect\n|move|p2b: Tornadus|Bleakwind Storm|p1b: Gottem|[spread] p1b\n|-activate|p1a: Goondra|move: Protect\n|-supereffective|p1b: Gottem\n|-damage|p1b: Gottem|18\/100\n|\n|-weather|RainDance|[upkeep]\n|-heal|p1a: Goondra|82\/100|[from] item: Leftovers\n|upkeep\n|turn|5\n|\n|t:|1700098442\n|move|p2a: Chien-Pao|Sacred Sword|p1a: Goondra\n|-damage|p1a: Goondra|49\/100\n|move|p2b: Tornadus|Bleakwind Storm|p1a: Goondra|[spread] p1a,p1b\n|-supereffective|p1b: Gottem\n|-damage|p1a: Goondra|24\/100\n|-damage|p1b: Gottem|0 fnt\n|-unboost|p1a: Goondra|spe|1\n|faint|p1b: Gottem\n|move|p1a: Goondra|Heavy Slam|p2a: Chien-Pao\n|-supereffective|p2a: Chien-Pao\n|-damage|p2a: Chien-Pao|0 fnt\n|faint|p2a: Chien-Pao\n|\n|-weather|RainDance|[upkeep]\n|-heal|p1a: Goondra|30\/100|[from] item: Leftovers\n|upkeep\n|\n|t:|1700098458\n|switch|p2a: Urshifu|Urshifu-Rapid-Strike, L50, M|100\/100\n|switch|p1b: Bucket Mouth|Pelipper, L50, F|100\/100\n|turn|6\n|inactive|lu__thewriter has 30 seconds left.\n|\n|t:|1700098483\n|move|p2a: Urshifu|Surging Strikes|p1a: Goondra\n|-resisted|p1a: Goondra\n|-crit|p1a: Goondra\n|-damage|p1a: Goondra|20\/100\n|-resisted|p1a: Goondra\n|-crit|p1a: Goondra\n|-damage|p1a: Goondra|10\/100\n|-resisted|p1a: Goondra\n|-crit|p1a: Goondra\n|-damage|p1a: Goondra|0 fnt\n|faint|p1a: Goondra\n|-hitcount|p1: Goondra|3\n|move|p2b: Tornadus|Bleakwind Storm|p1b: Bucket Mouth\n|-damage|p1b: Bucket Mouth|17\/100\n|move|p1b: Bucket Mouth|Weather Ball|p2b: Tornadus\n|-damage|p2b: Tornadus|0 fnt\n|faint|p2b: Tornadus\n|\n|-weather|RainDance|[upkeep]\n|-sideend|p2: lu__thewriter|move: Tailwind\n|upkeep\n|turn|7\n|-message|Diabetic Daddy forfeited.\n|\n|win|lu__thewriter\n|raw|Diabetic Daddy's rating: 1225 &rarr; <strong>1195<\/strong><br \/>(-30 for losing)\n|raw|lu__thewriter's rating: 1154 &rarr; <strong>1184<\/strong><br \/>(+30 for winning)\n|l|\u2606Diabetic Daddy\n","uploadtime":1700098553,"views":22,"p1id":"diabeticdaddy","p2id":"luthewriter","formatid":"gen9vgc2023regulatione","rating":1184,"private":0,"password":""}