{"id":"gen9vgc2023regulatione-1988933858","p1":"Yammez","p2":"SmashinNemona","format":"[Gen 9] VGC 2023 Regulation E","log":"|j|\u2606Yammez\n|j|\u2606SmashinNemona\n|t:|1699790463\n|gametype|doubles\n|player|p1|Yammez|102|1012\n|player|p2|SmashinNemona|lass-gen4|1093\n|teamsize|p1|6\n|teamsize|p2|6\n|gen|9\n|tier|[Gen 9] VGC 2023 Regulation E\n|rated|\n|rule|Species Clause: Limit one of each Pok\u00e9mon\n|rule|Item Clause: Limit one of each item\n|clearpoke\n|poke|p1|Ariados, L50, F|\n|poke|p1|Kommo-o, L50, M|\n|poke|p1|Mabosstiff, L50, M|\n|poke|p1|Iron Hands, L50|\n|poke|p1|Gholdengo, L50|\n|poke|p1|Milotic, L50, F|\n|poke|p2|Oricorio-Sensu, L50, F|\n|poke|p2|Volcarona, L50, F|\n|poke|p2|Slither Wing, L50|\n|poke|p2|Kommo-o, L50, F|\n|poke|p2|Mamoswine, L50, F|\n|poke|p2|Sinistcha-Masterpiece, L50|\n|teampreview|4\n|inactive|Battle timer is ON: inactive players will automatically lose when time's up. (requested by SmashinNemona)\nYammez has agreed to open team sheets.\nSmashinNemona has agreed to open team sheets.\n|inactive|Yammez has 30 seconds left.\n|inactive|SmashinNemona has 30 seconds left.\n|inactive|Yammez has 20 seconds left.\n|inactive|Yammez has 15 seconds left.\n|inactive|Yammez has 10 seconds left.\n|inactive|Yammez has 5 seconds left.\n|\n|t:|1699790525\n|start\n|switch|p1a: Ariados|Ariados, L50, F|100\/100\n|switch|p1b: Mabosstiff|Mabosstiff, L50, M|100\/100\n|switch|p2a: Slither Wing|Slither Wing, L50, shiny|100\/100\n|switch|p2b: Volcarona|Volcarona, L50, F, shiny|100\/100\n|-enditem|p2a: Slither Wing|Booster Energy\n|-activate|p2a: Slither Wing|ability: Protosynthesis|[fromitem]\n|-start|p2a: Slither Wing|protosynthesisatk\n|turn|1\n|\n|t:|1699790545\n|move|p1b: Mabosstiff|Protect|p1b: Mabosstiff\n|-singleturn|p1b: Mabosstiff|Protect\n|move|p2a: Slither Wing|First Impression|p1b: Mabosstiff\n|-activate|p1b: Mabosstiff|move: Protect\n|move|p2b: Volcarona|Quiver Dance|p2b: Volcarona\n|-boost|p2b: Volcarona|spa|1\n|-boost|p2b: Volcarona|spd|1\n|-boost|p2b: Volcarona|spe|1\n|move|p1a: Ariados|String Shot|p2b: Volcarona|[spread] p2a,p2b\n|-unboost|p2a: Slither Wing|spe|2\n|-unboost|p2b: Volcarona|spe|2\n|\n|upkeep\n|turn|2\n|\n|t:|1699790568\n|move|p1a: Ariados|Rage Powder|p1a: Ariados\n|-singleturn|p1a: Ariados|move: Rage Powder\n|move|p1b: Mabosstiff|Lash Out|p2b: Volcarona\n|-damage|p2b: Volcarona|64\/100\n|move|p2b: Volcarona|Quiver Dance|p2b: Volcarona\n|-boost|p2b: Volcarona|spa|1\n|-boost|p2b: Volcarona|spd|1\n|-boost|p2b: Volcarona|spe|1\n|move|p2a: Slither Wing|U-turn|p1a: Ariados\n|-resisted|p1a: Ariados\n|-damage|p1a: Ariados|62\/100\n|-damage|p2a: Slither Wing|84\/100|[from] item: Rocky Helmet|[of] p1a: Ariados\n|\n|t:|1699790575\n|-end|p2a: Slither Wing|Protosynthesis|[silent]\n|switch|p2a: Bai Ling|Oricorio-Sensu, L50, F, shiny|100\/100|[from] U-turn\n|\n|upkeep\n|turn|3\n|inactive|Yammez has 30 seconds left.\n|c|\u2606Yammez|oh this is suddenly not a safe space\n|inactive|Yammez has 20 seconds left.\n|inactive|Yammez has 15 seconds left.\n|inactive|Yammez has 10 seconds left.\n|\n|t:|1699790623\n|-terastallize|p1b: Mabosstiff|Fairy\n|move|p2a: Bai Ling|Protect|p2a: Bai Ling\n|-singleturn|p2a: Bai Ling|Protect\n|move|p2b: Volcarona|Quiver Dance|p2b: Volcarona\n|-boost|p2b: Volcarona|spa|1\n|-boost|p2b: Volcarona|spd|1\n|-boost|p2b: Volcarona|spe|1\n|-activate|p2a: Bai Ling|ability: Dancer\n|move|p2a: Bai Ling|Quiver Dance|p2a: Bai Ling|[from]ability: Dancer\n|-boost|p2a: Bai Ling|spa|1\n|-boost|p2a: Bai Ling|spd|1\n|-boost|p2a: Bai Ling|spe|1\n|move|p1b: Mabosstiff|Tera Blast|p2a: Bai Ling|[anim] Tera Blast Fairy\n|-activate|p2a: Bai Ling|move: Protect\n|move|p1a: Ariados|String Shot|p2a: Bai Ling|[spread] p2b\n|-activate|p2a: Bai Ling|move: Protect\n|-unboost|p2b: Volcarona|spe|2\n|\n|upkeep\n|turn|4\n|\n|t:|1699790647\n|-terastallize|p2a: Bai Ling|Ground\n|move|p2a: Bai Ling|Revelation Dance|p1b: Mabosstiff\n|-damage|p1b: Mabosstiff|18\/100\n|-enditem|p1b: Mabosstiff|Sitrus Berry|[eat]\n|-heal|p1b: Mabosstiff|43\/100|[from] item: Sitrus Berry\n|move|p1b: Mabosstiff|Lash Out|p2b: Volcarona\n|-damage|p2b: Volcarona|30\/100\n|move|p2b: Volcarona|Quiver Dance|p2b: Volcarona\n|-boost|p2b: Volcarona|spa|1\n|-boost|p2b: Volcarona|spd|1\n|-boost|p2b: Volcarona|spe|1\n|-activate|p2a: Bai Ling|ability: Dancer\n|move|p2a: Bai Ling|Quiver Dance|p2a: Bai Ling|[from]ability: Dancer\n|-boost|p2a: Bai Ling|spa|1\n|-boost|p2a: Bai Ling|spd|1\n|-boost|p2a: Bai Ling|spe|1\n|move|p1a: Ariados|Poison Jab|p2b: Volcarona\n|-damage|p2b: Volcarona|0 fnt\n|-status|p1a: Ariados|brn|[from] ability: Flame Body|[of] p2b: Volcarona\n|faint|p2b: Volcarona\n|\n|-damage|p1a: Ariados|55\/100 brn|[from] brn\n|upkeep\n|\n|t:|1699790660\n|switch|p2b: Slither Wing|Slither Wing, L50, shiny|84\/100\n|turn|5\n|\n|t:|1699790684\n|switch|p1b: Milotic|Milotic, L50, F|100\/100\n|move|p1a: Ariados|Rage Powder|p1a: Ariados\n|-singleturn|p1a: Ariados|move: Rage Powder\n|move|p2a: Bai Ling|Revelation Dance|p1a: Ariados\n|-damage|p1a: Ariados|0 fnt\n|faint|p1a: Ariados\n|move|p2b: Slither Wing|U-turn|p1b: Milotic\n|-damage|p1b: Milotic|49\/100\n|\n|t:|1699790691\n|-end|p2b: Slither Wing|Protosynthesis|[silent]\n|switch|p2b: Mamoswine|Mamoswine, L50, F, shiny|100\/100|[from] U-turn\n|\n|-heal|p1b: Milotic|55\/100|[from] item: Leftovers\n|upkeep\n|\n|t:|1699790700\n|switch|p1a: Kommo-o|Kommo-o, L50, M|100\/100\n|turn|6\n|inactive|Yammez has 30 seconds left.\n|\n|t:|1699790733\n|move|p2b: Mamoswine|Ice Shard|p1a: Kommo-o\n|-supereffective|p1a: Kommo-o\n|-damage|p1a: Kommo-o|51\/100\n|-damage|p2b: Mamoswine|91\/100|[from] item: Life Orb\n|move|p2a: Bai Ling|Revelation Dance|p1a: Kommo-o\n|-damage|p1a: Kommo-o|0 fnt\n|faint|p1a: Kommo-o\n|move|p1b: Milotic|Scald|p2a: Bai Ling\n|-supereffective|p2a: Bai Ling\n|-crit|p2a: Bai Ling\n|-enditem|p2a: Bai Ling|Focus Sash\n|-damage|p2a: Bai Ling|1\/100\n|\n|-heal|p1b: Milotic|61\/100|[from] item: Leftovers\n|upkeep\n|\n|t:|1699790747\n|switch|p1a: Mabosstiff|Mabosstiff, L50, M, tera:Fairy|43\/100\n|turn|7\n|\n|t:|1699790762\n|move|p2a: Bai Ling|Protect|p2a: Bai Ling\n|-singleturn|p2a: Bai Ling|Protect\n|move|p2b: Mamoswine|Earthquake|p1a: Mabosstiff|[spread] p1a,p1b\n|-activate|p2a: Bai Ling|move: Protect\n|-crit|p1b: Milotic\n|-damage|p1a: Mabosstiff|0 fnt\n|-damage|p1b: Milotic|0 fnt\n|faint|p1a: Mabosstiff\n|faint|p1b: Milotic\n|-damage|p2b: Mamoswine|81\/100|[from] item: Life Orb\n|\n|win|SmashinNemona\n|raw|Yammez's rating: 1012 &rarr; <strong>1003<\/strong><br \/>(-9 for losing)\n|raw|SmashinNemona's rating: 1093 &rarr; <strong>1113<\/strong><br \/>(+20 for winning)\n|c|\u2606Yammez|gg\n","uploadtime":1699790774,"views":10,"p1id":"yammez","p2id":"smashinnemona","formatid":"gen9vgc2023regulatione","rating":1003,"private":0,"password":""}