{"id":"gen9vgc2023regulatione-1993506567","p1":"verylonelysole","p2":"Hao_poke","format":"[Gen 9] VGC 2023 Regulation E","log":"|j|\u2606verylonelysole\n|j|\u2606Hao_poke\n|t:|1700325955\n|gametype|doubles\n|player|p1|verylonelysole|bruno|1179\n|player|p2|Hao_poke|102|1230\n|teamsize|p1|6\n|teamsize|p2|6\n|gen|9\n|tier|[Gen 9] VGC 2023 Regulation E\n|rated|\n|rule|Species Clause: Limit one of each Pok\u00e9mon\n|rule|Item Clause: Limit one of each item\n|clearpoke\n|poke|p1|Dusclops, L50, F|\n|poke|p1|Ursaluna-Bloodmoon, L50, M|\n|poke|p1|Iron Hands, L50|\n|poke|p1|Landorus-Therian, L50, M|\n|poke|p1|Iron Bundle, L50|\n|poke|p1|Cresselia, L50, F|\n|poke|p2|Amoonguss, L50, M|\n|poke|p2|Landorus-Therian, L50, M|\n|poke|p2|Tornadus, L50, M|\n|poke|p2|Arcanine-Hisui, L50, F|\n|poke|p2|Chi-Yu, L50|\n|poke|p2|Iron Hands, L50|\n|teampreview|4\n|\n|t:|1700326015\n|start\n|switch|p1a: Dusclops|Dusclops, L50, F, shiny|100\/100\n|switch|p1b: Ursaluna|Ursaluna-Bloodmoon, L50, M|100\/100\n|switch|p2a: Amoonguss|Amoonguss, L50, M|100\/100\n|switch|p2b: Landorus|Landorus-Therian, L50, M|100\/100\n|-ability|p2b: Landorus|Intimidate|boost\n|-unboost|p1a: Dusclops|atk|1\n|-unboost|p1b: Ursaluna|atk|1\n|-ability|p1a: Dusclops|Pressure\n|turn|1\n|\n|t:|1700326043\n|move|p2b: Landorus|Earth Power|p1b: Ursaluna\n|-damage|p1b: Ursaluna|67\/100\n|-unboost|p1b: Ursaluna|spd|1\n|move|p1b: Ursaluna|Hyper Voice|p2b: Landorus|[spread] p2a,p2b\n|-damage|p2a: Amoonguss|77\/100\n|-damage|p2b: Landorus|69\/100\n|-enditem|p1b: Ursaluna|Throat Spray\n|-boost|p1b: Ursaluna|spa|1|[from] item: Throat Spray\n|move|p2a: Amoonguss|Spore|p1a: Dusclops\n|-status|p1a: Dusclops|slp|[from] move: Spore\n|cant|p1a: Dusclops|slp\n|\n|upkeep\n|turn|2\n|\n|t:|1700326072\n|move|p1b: Ursaluna|Protect|p1b: Ursaluna\n|-singleturn|p1b: Ursaluna|Protect\n|move|p2b: Landorus|Earth Power|p1b: Ursaluna\n|-activate|p1b: Ursaluna|move: Protect\n|move|p2a: Amoonguss|Pollen Puff|p2b: Landorus\n|-heal|p2b: Landorus|100\/100\n|cant|p1a: Dusclops|slp\n|\n|upkeep\n|turn|3\n|\n|t:|1700326095\n|-terastallize|p1b: Ursaluna|Normal\n|move|p2b: Landorus|Sandsear Storm|p1b: Ursaluna|[spread] p1b\n|-miss|p2b: Landorus|p1a: Dusclops\n|-damage|p1b: Ursaluna|22\/100\n|move|p1b: Ursaluna|Blood Moon|p2a: Amoonguss\n|-damage|p2a: Amoonguss|0 fnt\n|faint|p2a: Amoonguss\n|-curestatus|p1a: Dusclops|slp|[msg]\n|move|p1a: Dusclops|Trick Room|p1a: Dusclops\n|-fieldstart|move: Trick Room|[of] p1a: Dusclops\n|\n|upkeep\n|\n|t:|1700326105\n|switch|p2a: Iron Hands|Iron Hands, L50|100\/100\n|-enditem|p2a: Iron Hands|Booster Energy\n|-activate|p2a: Iron Hands|ability: Quark Drive|[fromitem]\n|-start|p2a: Iron Hands|quarkdriveatk\n|turn|4\n|\n|t:|1700326127\n|move|p1b: Ursaluna|Protect|p1b: Ursaluna\n|-singleturn|p1b: Ursaluna|Protect\n|move|p1a: Dusclops|Will-O-Wisp|p2a: Iron Hands\n|-status|p2a: Iron Hands|brn\n|move|p2a: Iron Hands|Wild Charge|p1a: Dusclops\n|-damage|p1a: Dusclops|78\/100\n|-damage|p2a: Iron Hands|98\/100 brn|[from] Recoil\n|move|p2b: Landorus|Earth Power|p1a: Dusclops\n|-crit|p1a: Dusclops\n|-damage|p1a: Dusclops|38\/100\n|-unboost|p1a: Dusclops|spd|1\n|\n|-damage|p2a: Iron Hands|92\/100 brn|[from] brn\n|upkeep\n|turn|5\n|\n|t:|1700326156\n|-terastallize|p2b: Landorus|Steel\n|move|p1a: Dusclops|Pain Split|p2a: Iron Hands\n|-sethp|p2a: Iron Hands|55\/100 brn|[from] move: Pain Split|[silent]\n|-sethp|p1a: Dusclops|100\/100|[from] move: Pain Split\n|move|p2a: Iron Hands|Wild Charge|p1a: Dusclops\n|-damage|p1a: Dusclops|79\/100\n|-damage|p2a: Iron Hands|52\/100 brn|[from] Recoil\n|move|p1b: Ursaluna|Blood Moon|p2b: Landorus\n|-resisted|p2b: Landorus\n|-damage|p2b: Landorus|38\/100\n|move|p2b: Landorus|Sandsear Storm|p1a: Dusclops|[spread] p1a,p1b\n|-damage|p1a: Dusclops|45\/100\n|-damage|p1b: Ursaluna|0 fnt\n|faint|p1b: Ursaluna\n|\n|-damage|p2a: Iron Hands|46\/100 brn|[from] brn\n|upkeep\n|\n|t:|1700326177\n|switch|p1b: Iron Hands|Iron Hands, L50, shiny|100\/100\n|turn|6\n|\n|t:|1700326202\n|move|p1a: Dusclops|Pain Split|p2a: Iron Hands\n|-sethp|p2a: Iron Hands|33\/100 brn|[from] move: Pain Split|[silent]\n|-sethp|p1a: Dusclops|74\/100|[from] move: Pain Split\n|move|p1b: Iron Hands|Drain Punch|p2b: Landorus\n|-supereffective|p2b: Landorus\n|-damage|p2b: Landorus|0 fnt\n|faint|p2b: Landorus\n|move|p2a: Iron Hands|Drain Punch|p1b: Iron Hands\n|-damage|p1b: Iron Hands|80\/100\n|-heal|p2a: Iron Hands|42\/100 brn|[from] drain|[of] p1b: Iron Hands\n|\n|-damage|p2a: Iron Hands|36\/100 brn|[from] brn\n|upkeep\n|\n|t:|1700326212\n|switch|p2b: Chi-Yu|Chi-Yu, L50|100\/100\n|-ability|p2b: Chi-Yu|Beads of Ruin\n|turn|7\n|\n|t:|1700326237\n|-end|p1b: Iron Hands|Quark Drive|[silent]\n|switch|p1b: Cresselia|Cresselia, L50, F|100\/100\n|move|p1a: Dusclops|Night Shade|p2a: Iron Hands\n|-damage|p2a: Iron Hands|17\/100 brn\n|move|p2a: Iron Hands|Wild Charge|p1a: Dusclops\n|-damage|p1a: Dusclops|50\/100\n|-damage|p2a: Iron Hands|14\/100 brn|[from] Recoil\n|move|p2b: Chi-Yu|Heat Wave|p1a: Dusclops|[spread] p1a,p1b\n|-damage|p1a: Dusclops|0 fnt\n|-damage|p1b: Cresselia|54\/100\n|-status|p1b: Cresselia|brn\n|faint|p1a: Dusclops\n|\n|-damage|p2a: Iron Hands|8\/100 brn|[from] brn\n|-damage|p1b: Cresselia|48\/100 brn|[from] brn\n|-fieldend|move: Trick Room\n|upkeep\n|\n|t:|1700326256\n|switch|p1a: Iron Hands|Iron Hands, L50, shiny|80\/100\n|turn|8\n|\n|t:|1700326295\n|move|p1a: Iron Hands|Fake Out|p2b: Chi-Yu\n|-damage|p2b: Chi-Yu|80\/100\n|cant|p2b: Chi-Yu|flinch\n|move|p2a: Iron Hands|Heavy Slam|p1b: Cresselia\n|-crit|p1b: Cresselia\n|-damage|p1b: Cresselia|19\/100 brn\n|move|p1b: Cresselia|Trick Room|p1b: Cresselia\n|-fieldstart|move: Trick Room|[of] p1b: Cresselia\n|\n|-damage|p2a: Iron Hands|2\/100 brn|[from] brn\n|-damage|p1b: Cresselia|13\/100 brn|[from] brn\n|upkeep\n|turn|9\n|\n|t:|1700326312\n|move|p1a: Iron Hands|Drain Punch|p2b: Chi-Yu\n|-supereffective|p2b: Chi-Yu\n|-damage|p2b: Chi-Yu|0 fnt\n|-heal|p1a: Iron Hands|100\/100|[from] drain|[of] p2b: Chi-Yu\n|faint|p2b: Chi-Yu\n|move|p2a: Iron Hands|Drain Punch|p1a: Iron Hands\n|-damage|p1a: Iron Hands|82\/100\n|-heal|p2a: Iron Hands|10\/100 brn|[from] drain|[of] p1a: Iron Hands\n|move|p1b: Cresselia|Lunar Blessing|p1b: Cresselia|[spread] p1a,p1b\n|-heal|p1a: Iron Hands|100\/100\n|-heal|p1b: Cresselia|38\/100 brn\n|-curestatus|p1b: Cresselia|brn|[msg]\n|\n|-damage|p2a: Iron Hands|4\/100 brn|[from] brn\n|upkeep\n|turn|10\n|-message|Hao_poke forfeited.\n|\n|win|verylonelysole\n|raw|verylonelysole's rating: 1179 &rarr; <strong>1208<\/strong><br \/>(+29 for winning)\n|raw|Hao_poke's rating: 1230 &rarr; <strong>1201<\/strong><br \/>(-29 for losing)\n|l|\u2606Hao_poke\n","uploadtime":1700326332,"views":8,"p1id":"verylonelysole","p2id":"haopoke","formatid":"gen9vgc2023regulatione","rating":1201,"private":0,"password":""}