{"id":"gen9vgc2023regulatione-1991759127","p1":"Mortipherus","p2":"kamebri","format":"[Gen 9] VGC 2023 Regulation E","log":"|j|\u2606Mortipherus\n|j|\u2606kamebri\n|t:|1700112289\n|gametype|doubles\n|player|p1|Mortipherus|biker-gen4|1258\n|player|p2|kamebri|benga|1221\n|teamsize|p1|6\n|teamsize|p2|6\n|gen|9\n|tier|[Gen 9] VGC 2023 Regulation E\n|rated|\n|rule|Species Clause: Limit one of each Pok\u00e9mon\n|rule|Item Clause: Limit one of each item\n|clearpoke\n|poke|p1|Revavroom, L50, M|\n|poke|p1|Landorus-Therian, L50, M|\n|poke|p1|Iron Hands, L50|\n|poke|p1|Flutter Mane, L50|\n|poke|p1|Arcanine-Hisui, L50, M|\n|poke|p1|Ogerpon-Wellspring, L50, F|\n|poke|p2|Ursaluna-Bloodmoon, L50, M|\n|poke|p2|Cresselia, L50, F|\n|poke|p2|Ogerpon-Wellspring, L50, F|\n|poke|p2|Iron Hands, L50|\n|poke|p2|Flutter Mane, L50|\n|poke|p2|Chi-Yu, L50|\n|teampreview|4\nkamebri has agreed to open team sheets.\n|inactive|Battle timer is ON: inactive players will automatically lose when time's up. (requested by kamebri)\nMortipherus has agreed to open team sheets.\n|\n|t:|1700112347\n|start\n|switch|p1a: Flutter Mane|Flutter Mane, L50, shiny|100\/100\n|switch|p1b: Iron Hands|Iron Hands, L50|100\/100\n|switch|p2a: Iron Hands|Iron Hands, L50, shiny|100\/100\n|switch|p2b: Ogerpon|Ogerpon-Wellspring, L50, F|100\/100\n|-enditem|p1a: Flutter Mane|Booster Energy\n|-activate|p1a: Flutter Mane|ability: Protosynthesis|[fromitem]\n|-start|p1a: Flutter Mane|protosynthesisspa\n|turn|1\n|inactive|Mortipherus has 30 seconds left.\n|\n|t:|1700112374\n|-terastallize|p1a: Flutter Mane|Fairy\n|move|p1b: Iron Hands|Fake Out|p2b: Ogerpon\n|-damage|p2b: Ogerpon|82\/100\n|move|p1a: Flutter Mane|Moonblast|p2b: Ogerpon\n|-damage|p2b: Ogerpon|0 fnt\n|faint|p2b: Ogerpon\n|move|p2a: Iron Hands|Heavy Slam|p1a: Flutter Mane\n|-supereffective|p1a: Flutter Mane\n|-damage|p1a: Flutter Mane|0 fnt\n|faint|p1a: Flutter Mane\n|-end|p1a: Flutter Mane|Protosynthesis|[silent]\n|\n|upkeep\n|\n|t:|1700112389\n|switch|p1a: Revavroom|Revavroom, L50, M, shiny|100\/100\n|switch|p2b: Cresselia|Cresselia, L50, F, shiny|100\/100\n|turn|2\n|\n|t:|1700112412\n|move|p1a: Revavroom|Iron Head|p2b: Cresselia\n|-damage|p2b: Cresselia|72\/100\n|move|p1b: Iron Hands|Wild Charge|p2b: Cresselia\n|-damage|p2b: Cresselia|37\/100\n|-damage|p1b: Iron Hands|92\/100|[from] Recoil\n|move|p2a: Iron Hands|Drain Punch|p1a: Revavroom\n|-damage|p1a: Revavroom|57\/100\n|cant|p2b: Cresselia|flinch\n|\n|upkeep\n|turn|3\n|\n|t:|1700112430\n|move|p2b: Cresselia|Ally Switch|p2b: Cresselia\n|swap|p2b: Cresselia|0|[from] move: Ally Switch\n|move|p1a: Revavroom|Iron Head|p2b: Iron Hands\n|-resisted|p2b: Iron Hands\n|-damage|p2b: Iron Hands|88\/100\n|move|p1b: Iron Hands|Wild Charge|p2b: Iron Hands\n|-resisted|p2b: Iron Hands\n|-damage|p2b: Iron Hands|71\/100\n|-damage|p1b: Iron Hands|88\/100|[from] Recoil\n|move|p2b: Iron Hands|Drain Punch|p1a: Revavroom\n|-damage|p1a: Revavroom|12\/100\n|-heal|p2b: Iron Hands|86\/100|[from] drain|[of] p1a: Revavroom\n|\n|upkeep\n|turn|4\n|\n|t:|1700112450\n|-end|p2b: Iron Hands|Quark Drive|[silent]\n|switch|p2b: Ursaluna|Ursaluna-Bloodmoon, L50, M|100\/100\n|move|p1a: Revavroom|Iron Head|p2a: Cresselia\n|-damage|p2a: Cresselia|9\/100\n|move|p1b: Iron Hands|Wild Charge|p2a: Cresselia\n|-damage|p2a: Cresselia|0 fnt\n|faint|p2a: Cresselia\n|-damage|p1b: Iron Hands|85\/100|[from] Recoil\n|\n|upkeep\n|\n|t:|1700112457\n|switch|p2a: Iron Hands|Iron Hands, L50, shiny|86\/100\n|turn|5\n|\n|t:|1700112469\n|switch|p1a: Landorus|Landorus-Therian, L50, M|100\/100\n|-ability|p1a: Landorus|Intimidate|boost\n|-unboost|p2a: Iron Hands|atk|1\n|-unboost|p2b: Ursaluna|atk|1\n|move|p2a: Iron Hands|Fake Out|p1b: Iron Hands\n|-damage|p1b: Iron Hands|77\/100\n|cant|p1b: Iron Hands|flinch\n|move|p2b: Ursaluna|Hyper Voice|p1a: Landorus|[spread] p1a,p1b\n|-damage|p1a: Landorus|57\/100\n|-damage|p1b: Iron Hands|59\/100\n|-enditem|p2b: Ursaluna|Throat Spray\n|-boost|p2b: Ursaluna|spa|1|[from] item: Throat Spray\n|\n|upkeep\n|turn|6\n|\n|t:|1700112489\n|-terastallize|p2b: Ursaluna|Ghost\n|move|p1a: Landorus|Stomping Tantrum|p2a: Iron Hands\n|-supereffective|p2a: Iron Hands\n|-damage|p2a: Iron Hands|33\/100\n|move|p1b: Iron Hands|Drain Punch|p2b: Ursaluna\n|-immune|p2b: Ursaluna\n|move|p2a: Iron Hands|Drain Punch|p1a: Landorus\n|-resisted|p1a: Landorus\n|-damage|p1a: Landorus|41\/100\n|-heal|p2a: Iron Hands|39\/100|[from] drain|[of] p1a: Landorus\n|move|p2b: Ursaluna|Earth Power|p1b: Iron Hands\n|-supereffective|p1b: Iron Hands\n|-damage|p1b: Iron Hands|0 fnt\n|faint|p1b: Iron Hands\n|-end|p1b: Iron Hands|Quark Drive|[silent]\n|\n|upkeep\n|\n|t:|1700112492\n|switch|p1b: Revavroom|Revavroom, L50, M, shiny|12\/100\n|turn|7\n|\n|t:|1700112505\n|move|p1a: Landorus|Stomping Tantrum|p2b: Ursaluna\n|-damage|p2b: Ursaluna|71\/100\n|move|p1b: Revavroom|Iron Head|p2b: Ursaluna\n|-damage|p2b: Ursaluna|41\/100\n|move|p2a: Iron Hands|Drain Punch|p1a: Landorus\n|-resisted|p1a: Landorus\n|-damage|p1a: Landorus|27\/100\n|-heal|p2a: Iron Hands|44\/100|[from] drain|[of] p1a: Landorus\n|cant|p2b: Ursaluna|flinch\n|\n|upkeep\n|turn|8\n|\n|t:|1700112521\n|move|p1a: Landorus|Stomping Tantrum|p2b: Ursaluna\n|-damage|p2b: Ursaluna|14\/100\n|move|p1b: Revavroom|Iron Head|p2b: Ursaluna\n|-damage|p2b: Ursaluna|0 fnt\n|faint|p2b: Ursaluna\n|move|p2a: Iron Hands|Drain Punch|p1b: Revavroom\n|-damage|p1b: Revavroom|0 fnt\n|-heal|p2a: Iron Hands|48\/100|[from] drain|[of] p1b: Revavroom\n|faint|p1b: Revavroom\n|\n|upkeep\n|turn|9\n|\n|t:|1700112534\n|move|p1a: Landorus|Stomping Tantrum|p2a: Iron Hands\n|-supereffective|p2a: Iron Hands\n|-damage|p2a: Iron Hands|0 fnt\n|faint|p2a: Iron Hands\n|-end|p2a: Iron Hands|Quark Drive|[silent]\n|\n|win|Mortipherus\n|raw|Mortipherus's rating: 1258 &rarr; <strong>1280<\/strong><br \/>(+22 for winning)\n|raw|kamebri's rating: 1221 &rarr; <strong>1199<\/strong><br \/>(-22 for losing)\n|l|\u2606kamebri\n","uploadtime":1700112545,"views":40,"p1id":"mortipherus","p2id":"kamebri","formatid":"gen9vgc2023regulatione","rating":1199,"private":0,"password":""}