{"id":"gen9vgc2023regulatione-1988110620","p1":"IAmAnissue","p2":"DonFuron","format":"[Gen 9] VGC 2023 Regulation E","log":"|j|\u2606IAmAnissue\n|j|\u2606DonFuron\n|n|\u2606IAmAnissue|iamanissue\n|n|\u2606DonFuron|donfuron\n|html|View the match progress at <a href=\"\/game-bestof3-gen9vgc2023regulatione-1988110619\">game-bestof3-gen9vgc2023regulatione-1988110619<\/a>\n|t:|1699670821\n|gametype|doubles\n|player|p1|IAmAnissue|101|\n|player|p2|DonFuron|101|\n|teamsize|p1|6\n|teamsize|p2|6\n|gen|9\n|tier|[Gen 9] VGC 2023 Regulation E\n|rule|Species Clause: Limit one of each Pok\u00e9mon\n|rule|Item Clause: Limit one of each item\n|clearpoke\n|poke|p1|Flutter Mane, L50|\n|poke|p1|Kingambit, L50, M|\n|poke|p1|Gothitelle, L50, F|\n|poke|p1|Arcanine-Hisui, L50, F|\n|poke|p1|Iron Hands, L50|\n|poke|p1|Ogerpon-Wellspring, L50, F|\n|poke|p2|Enamorus-Therian, L50, F|\n|poke|p2|Snorlax, L50, M|\n|poke|p2|Ursaluna-Bloodmoon, L50, M|\n|poke|p2|Armarouge, L50, M|\n|poke|p2|Indeedee-F, L50, F|\n|poke|p2|Oranguru, L50, F|\n|teampreview|4\n|inactive|Battle timer is ON: inactive players will automatically lose when time's up. (requested by IAmAnissue)\nIAmAnissue has agreed to open team sheets.\nDonFuron has agreed to open team sheets.\n|showteam|p1|Flutter Mane||PixiePlate|Protosynthesis|ShadowBall,Moonblast,PerishSong,Protect||||||50|,,,,,Fairy]Kingambit||BlackGlasses|Defiant|KowtowCleave,SuckerPunch,SwordsDance,Protect|||M|||50|,,,,,Dark]Gothitelle||SitrusBerry|ShadowTag|Psychic,FakeOut,TrickRoom,Protect|||F|||50|,,,,,Water]Arcanine-Hisui||RockyHelmet|Intimidate|FlareBlitz,RockSlide,WillOWisp,Protect|||F|||50|,,,,,Grass]Iron Hands||Leftovers|QuarkDrive|DrainPunch,ThunderPunch,SwordsDance,Detect||||||50|,,,,,Fire]Ogerpon-Wellspring||WellspringMask|WaterAbsorb|IvyCudgel,HornLeech,FollowMe,SpikyShield|||F|||50|,,,,,Water\n|showteam|p2|Enamorus-Therian||CovertCloak|Overcoat|Moonblast,DazzlingGleam,EarthPower,CalmMind|||F|||50|,,,,,Water]Snorlax||CustapBerry|Gluttony|Facade,Earthquake,BellyDrum,Protect|||M|||50|,,,,,Ground]Ursaluna-Bloodmoon||ThroatSpray|MindsEye|HyperVoice,EarthPower,BloodMoon,Protect|||M|||50|,,,,,Normal]Armarouge||TwistedSpoon|FlashFire|ExpandingForce,ArmorCannon,ClearSmog,WideGuard|||M|||50|,,,,,Psychic]Indeedee-F||SafetyGoggles|PsychicSurge|FollowMe,HelpingHand,TrickRoom,DazzlingGleam|||F|||50|,,,,,Psychic]Oranguru||PsychicSeed|Telepathy|Instruct,TrickRoom,FoulPlay,Encore|||F|||50|,,,,,Water\n|inactive|IAmAnissue has 30 seconds left.\n|inactive|DonFuron has 30 seconds left.\n|inactive|IAmAnissue has 20 seconds left.\n|inactive|DonFuron has 20 seconds left.\n|inactive|IAmAnissue has 15 seconds left.\n|inactive|DonFuron has 15 seconds left.\n|inactive|IAmAnissue has 10 seconds left.\n|inactive|DonFuron has 10 seconds left.\n|inactive|IAmAnissue has 5 seconds left.\n|inactive|DonFuron has 5 seconds left.\n|\n|t:|1699670898\n|start\n|switch|p1a: Cheesecake|Gothitelle, L50, F|100\/100\n|switch|p1b: Interceptor|Kingambit, L50, M|100\/100\n|switch|p2a: Indeedee|Indeedee-F, L50, F|100\/100\n|switch|p2b: Snorlax|Snorlax, L50, M|100\/100\n|-fieldstart|move: Psychic Terrain|[from] ability: Psychic Surge|[of] p2a: Indeedee\n|turn|1\n|inactive|IAmAnissue has 30 seconds left.\n|\n|t:|1699670931\n|move|p2a: Indeedee|Follow Me|p2a: Indeedee\n|-singleturn|p2a: Indeedee|move: Follow Me\n|move|p1a: Cheesecake|Psychic|p2a: Indeedee\n|-resisted|p2a: Indeedee\n|-damage|p2a: Indeedee|82\/100\n|move|p1b: Interceptor|Swords Dance|p1b: Interceptor\n|-boost|p1b: Interceptor|atk|2\n|move|p2b: Snorlax|Belly Drum|p2b: Snorlax\n|-damage|p2b: Snorlax|50\/100\n|-setboost|p2b: Snorlax|atk|6|[from] move: Belly Drum\n|\n|upkeep\n|turn|2\n|-enditem|p2b: Snorlax|Custap Berry|[eat]\n|-activate|p2b: Snorlax|item: Custap Berry|[consumed]\n|\n|t:|1699670956\n|move|p2a: Indeedee|Helping Hand|p2b: Snorlax\n|-singleturn|p2b: Snorlax|Helping Hand|[of] p2a: Indeedee\n|move|p1a: Cheesecake|Protect|p1a: Cheesecake\n|-singleturn|p1a: Cheesecake|Protect\n|move|p2b: Snorlax|Earthquake|p1a: Cheesecake|[spread] p2a,p1b\n|-activate|p1a: Cheesecake|move: Protect\n|-supereffective|p1b: Interceptor\n|-damage|p2a: Indeedee|0 fnt\n|-damage|p1b: Interceptor|0 fnt\n|faint|p2a: Indeedee\n|faint|p1b: Interceptor\n|\n|upkeep\n|\n|t:|1699670971\n|switch|p2a: Oranguru|Oranguru, L50, F|100\/100\n|switch|p1b: No Quake Pls|Arcanine-Hisui, L50, F|100\/100\n|-ability|p1b: No Quake Pls|Intimidate|boost\n|-unboost|p2a: Oranguru|atk|1\n|-unboost|p2b: Snorlax|atk|1\n|-enditem|p2a: Oranguru|Psychic Seed\n|-boost|p2a: Oranguru|spd|1|[from] item: Psychic Seed\n|turn|3\n|\n|t:|1699670990\n|move|p2b: Snorlax|Protect|p2b: Snorlax\n|-singleturn|p2b: Snorlax|Protect\n|move|p1b: No Quake Pls|Will-O-Wisp|p2b: Snorlax\n|-activate|p2b: Snorlax|move: Protect\n|move|p1a: Cheesecake|Trick Room|p1a: Cheesecake\n|-fieldstart|move: Trick Room|[of] p1a: Cheesecake\n|move|p2a: Oranguru|Trick Room|p2a: Oranguru\n|-fieldend|move: Trick Room\n|\n|upkeep\n|turn|4\n|\n|t:|1699671001\n|-terastallize|p2b: Snorlax|Ground\n|move|p1b: No Quake Pls|Will-O-Wisp|p2b: Snorlax\n|-status|p2b: Snorlax|brn\n|move|p1a: Cheesecake|Psychic|p2b: Snorlax\n|-damage|p2b: Snorlax|27\/100 brn\n|move|p2a: Oranguru|Instruct|p2b: Snorlax\n|-singleturn|p2b: Snorlax|move: Instruct|[of] p2a: Oranguru\n|move|p2b: Snorlax|Protect||[still]\n|-fail|p2b: Snorlax\n|move|p2b: Snorlax|Earthquake|p1a: Cheesecake|[spread] p1a,p1b\n|-activate|p2a: Oranguru|ability: Telepathy\n|-supereffective|p1b: No Quake Pls\n|-damage|p1a: Cheesecake|43\/100\n|-damage|p1b: No Quake Pls|0 fnt\n|-enditem|p1a: Cheesecake|Sitrus Berry|[eat]\n|-heal|p1a: Cheesecake|68\/100|[from] item: Sitrus Berry\n|faint|p1b: No Quake Pls\n|\n|-damage|p2b: Snorlax|21\/100 brn|[from] brn\n|upkeep\n|\n|t:|1699671004\n|switch|p1b: Friend|Ogerpon-Wellspring, L50, F|100\/100\n|turn|5\n|inactive|IAmAnissue has 30 seconds left.\n|inactive|IAmAnissue has 20 seconds left.\n|\n|t:|1699671039\n|move|p2b: Snorlax|Protect|p2b: Snorlax\n|-singleturn|p2b: Snorlax|Protect\n|move|p1b: Friend|Ivy Cudgel|p2a: Oranguru\n|-damage|p2a: Oranguru|56\/100\n|move|p1a: Cheesecake|Psychic|p2b: Snorlax\n|-activate|p2b: Snorlax|move: Protect\n|move|p2a: Oranguru|Foul Play|p1a: Cheesecake\n|-supereffective|p1a: Cheesecake\n|-crit|p1a: Cheesecake\n|-damage|p1a: Cheesecake|34\/100\n|\n|-damage|p2b: Snorlax|15\/100 brn|[from] brn\n|-fieldend|move: Psychic Terrain\n|upkeep\n|turn|6\n|\n|t:|1699671061\n|move|p1b: Friend|Horn Leech|p2b: Snorlax\n|-supereffective|p2b: Snorlax\n|-damage|p2b: Snorlax|0 fnt\n|faint|p2b: Snorlax\n|move|p1a: Cheesecake|Psychic|p2a: Oranguru\n|-resisted|p2a: Oranguru\n|-damage|p2a: Oranguru|48\/100\n|move|p2a: Oranguru|Trick Room|p2a: Oranguru\n|-fieldstart|move: Trick Room|[of] p2a: Oranguru\n|\n|upkeep\n|\n|t:|1699671063\n|switch|p2b: Armarouge|Armarouge, L50, M|100\/100\n|turn|7\n|\n|t:|1699671082\n|-terastallize|p1b: Friend|Water\n|detailschange|p1b: Friend|Ogerpon-Wellspring-Tera, L50, F, tera:Water\n|-ability|p1b: Friend|Embody Aspect (Wellspring)|boost\n|-boost|p1b: Friend|spd|1\n|move|p2a: Oranguru|Encore|p1b: Friend\n|-start|p1b: Friend|Encore\n|move|p2b: Armarouge|Expanding Force|p1a: Cheesecake\n|-resisted|p1a: Cheesecake\n|-damage|p1a: Cheesecake|14\/100\n|move|p1b: Friend|Horn Leech|p2a: Oranguru\n|-damage|p2a: Oranguru|17\/100\n|move|p1a: Cheesecake|Trick Room|p1a: Cheesecake\n|-fieldend|move: Trick Room\n|\n|upkeep\n|turn|8\n|\n|t:|1699671105\n|move|p1b: Friend|Horn Leech|p2a: Oranguru\n|-damage|p2a: Oranguru|0 fnt\n|faint|p2a: Oranguru\n|move|p2b: Armarouge|Expanding Force|p1a: Cheesecake\n|-resisted|p1a: Cheesecake\n|-damage|p1a: Cheesecake|0 fnt\n|faint|p1a: Cheesecake\n|\n|upkeep\n|turn|9\n|\n|t:|1699671111\n|move|p1b: Friend|Horn Leech|p2b: Armarouge\n|-resisted|p2b: Armarouge\n|-damage|p2b: Armarouge|80\/100\n|move|p2b: Armarouge|Clear Smog|p1b: Friend\n|-damage|p1b: Friend|88\/100\n|-clearboost|p1b: Friend\n|\n|-end|p1b: Friend|Encore\n|upkeep\n|turn|10\n|\n|t:|1699671114\n|move|p1b: Friend|Ivy Cudgel|p2b: Armarouge\n|-supereffective|p2b: Armarouge\n|-damage|p2b: Armarouge|0 fnt\n|faint|p2b: Armarouge\n|\n|win|IAmAnissue\n|c|\u2606DonFuron|gg\n|c|&|\/uhtml prompt-donfuron,DonFuron is ready for game 2!\n|c|&|\/uhtml prompt-iamanissue,IAmAnissue is ready for game 2!\nBoth players are ready! Starting next match!\n","uploadtime":1699671516,"views":14,"p1id":"iamanissue","p2id":"donfuron","formatid":"gen9vgc2023regulatione","rating":0,"private":0,"password":""}