{"id":"gen9vgc2023regulatione-1993284582","p1":"Teekin","p2":"PrismaAce","format":"[Gen 9] VGC 2023 Regulation E","log":"|j|\u2606Teekin\n|j|\u2606PrismaAce\n|n|\u2606Teekin|teekin\n|n|\u2606PrismaAce|prismaace\n|html|View the match progress at <a href=\"\/game-bestof3-gen9vgc2023regulatione-1993281808\">game-bestof3-gen9vgc2023regulatione-1993281808<\/a>\n|t:|1700290208\n|gametype|doubles\n|player|p1|Teekin|ingo|\n|player|p2|PrismaAce|clair|\n|teamsize|p1|6\n|teamsize|p2|6\n|gen|9\n|tier|[Gen 9] VGC 2023 Regulation E\n|rule|Species Clause: Limit one of each Pok\u00e9mon\n|rule|Item Clause: Limit one of each item\n|clearpoke\n|poke|p1|Uxie, L50|\n|poke|p1|Wo-Chien, L50|\n|poke|p1|Tauros-Paldea-Aqua, L50, M|\n|poke|p1|Hydreigon, L50, M|\n|poke|p1|Skeledirge, L50, M|\n|poke|p1|Clefable, L50, F|\n|poke|p2|Orthworm, L50, F|\n|poke|p2|Mienshao, L50, F|\n|poke|p2|Garchomp, L50, M|\n|poke|p2|Tauros-Paldea-Aqua, L50, M|\n|poke|p2|Wo-Chien, L50|\n|poke|p2|Ceruledge, L50, M|\n|teampreview|4\n|inactive|Battle timer is ON: inactive players will automatically lose when time's up. (requested by Teekin)\n|inactiveoff|Battle timer is now OFF.\nPrismaAce has agreed to open team sheets.\nTeekin has agreed to open team sheets.\n|showteam|p1|Uxie||Leftovers|Levitate|CalmMind,MysticalPower,Protect,DazzlingGleam||||||50|,,,,,Fairy]Wo-Chien||BigRoot|TabletsofRuin|LeechSeed,PollenPuff,KnockOff,Protect||||||50|,,,,,Fire]Tauros-Paldea-Aqua||SafetyGoggles|Intimidate|AquaJet,RagingBull,CloseCombat,Protect|||M|||50|,,,,,Water]Hydreigon||ChoiceSpecs|Levitate|DarkPulse,DracoMeteor,EarthPower,FlashCannon|||M|||50|,,,,,Steel]Skeledirge||ThroatSpray|Unaware|TorchSong,ShadowBall,Protect,SlackOff|||M|||50|,,,,,Fairy]Clefable||SitrusBerry|Unaware|HealPulse,FollowMe,Protect,Moonblast|||F|||50|,,,,,Grass\n|showteam|p2|Orthworm||SitrusBerry|EarthEater|Protect,ShedTail,IronDefense,BodyPress|||F|||50|,,,,,Fire]Mienshao||FocusSash|Regenerator|FakeOut,CloseCombat,Uturn,WideGuard|||F|||50|,,,,,Grass]Garchomp||LoadedDice|RoughSkin|Earthquake,ScaleShot,Protect,SwordsDance|||M|||50|,,,,,Water]Tauros-Paldea-Aqua||SafetyGoggles|Intimidate|RagingBull,CloseCombat,AquaJet,Protect|||M|||50|,,,,,Poison]Wo-Chien||MiracleSeed|TabletsofRuin|GigaDrain,LeechSeed,FoulPlay,Protect||||||50|,,,,,Fairy]Ceruledge||Leftovers|FlashFire|BitterBlade,Poltergeist,Protect,BulkUp|||M|||50|,,,,,Grass\n|j| angelicism\n|\n|t:|1700290251\n|start\n|switch|p1a: Steve|Skeledirge, L50, M|100\/100\n|switch|p1b: De Blob|Clefable, L50, F|100\/100\n|switch|p2a: Floppy Hands|Mienshao, L50, F|100\/100\n|switch|p2b: Water Arcanine|Tauros-Paldea-Aqua, L50, M|100\/100\n|-ability|p2b: Water Arcanine|Intimidate|boost\n|-unboost|p1a: Steve|atk|1\n|-unboost|p1b: De Blob|atk|1\n|turn|1\n|\n|t:|1700290276\n|move|p2a: Floppy Hands|Fake Out|p1b: De Blob\n|-damage|p1b: De Blob|89\/100\n|cant|p1b: De Blob|flinch\n|move|p2b: Water Arcanine|Raging Bull|p1a: Steve\n|-supereffective|p1a: Steve\n|-crit|p1a: Steve\n|-damage|p1a: Steve|18\/100\n|move|p1a: Steve|Torch Song|p2a: Floppy Hands\n|-damage|p2a: Floppy Hands|32\/100\n|-boost|p1a: Steve|spa|1\n|-enditem|p1a: Steve|Throat Spray\n|-boost|p1a: Steve|spa|1|[from] item: Throat Spray\n|\n|upkeep\n|turn|2\n|\n|t:|1700290305\n|move|p1b: De Blob|Follow Me|p1b: De Blob\n|-singleturn|p1b: De Blob|move: Follow Me\n|move|p2a: Floppy Hands|U-turn|p1b: De Blob\n|-resisted|p1b: De Blob\n|-damage|p1b: De Blob|78\/100\n|\n|t:|1700290309\n|switch|p2a: Great Teeth|Garchomp, L50, M|100\/100|[from] U-turn\n|move|p2b: Water Arcanine|Raging Bull|p1b: De Blob\n|-damage|p1b: De Blob|47\/100\n|-enditem|p1b: De Blob|Sitrus Berry|[eat]\n|-heal|p1b: De Blob|72\/100|[from] item: Sitrus Berry\n|move|p1a: Steve|Slack Off|p1a: Steve\n|-heal|p1a: Steve|68\/100\n|\n|upkeep\n|turn|3\n|\n|t:|1700290331\n|-terastallize|p1a: Steve|Fairy\n|move|p2a: Great Teeth|Earthquake|p1a: Steve|[spread] p2b,p1a,p1b\n|-damage|p2b: Water Arcanine|63\/100\n|-damage|p1a: Steve|31\/100\n|-damage|p1b: De Blob|36\/100\n|move|p2b: Water Arcanine|Raging Bull|p1b: De Blob\n|-damage|p1b: De Blob|4\/100\n|move|p1a: Steve|Shadow Ball|p2a: Great Teeth\n|-damage|p2a: Great Teeth|21\/100\n|move|p1b: De Blob|Moonblast|p2b: Water Arcanine\n|-supereffective|p2b: Water Arcanine\n|-damage|p2b: Water Arcanine|0 fnt\n|faint|p2b: Water Arcanine\n|\n|upkeep\n|\n|t:|1700290339\n|switch|p2b: Floppy Hands|Mienshao, L50, F|65\/100\n|turn|4\n|\n|t:|1700290358\n|switch|p1b: Aquafina|Tauros-Paldea-Aqua, L50, M|100\/100\n|-ability|p1b: Aquafina|Intimidate|boost\n|-unboost|p2a: Great Teeth|atk|1\n|-unboost|p2b: Floppy Hands|atk|1\n|move|p1a: Steve|Protect|p1a: Steve\n|-singleturn|p1a: Steve|Protect\n|move|p2b: Floppy Hands|Fake Out|p1a: Steve\n|-activate|p1a: Steve|move: Protect\n|move|p2a: Great Teeth|Earthquake|p1b: Aquafina|[spread] p2b,p1b\n|-activate|p1a: Steve|move: Protect\n|-damage|p2b: Floppy Hands|15\/100\n|-damage|p1b: Aquafina|68\/100\n|\n|upkeep\n|turn|5\n|\n|t:|1700290392\n|switch|p1a: The Wo|Wo-Chien, L50|100\/100\n|-ability|p1a: The Wo|Tablets of Ruin\n|move|p1b: Aquafina|Aqua Jet|p2b: Floppy Hands\n|-damage|p2b: Floppy Hands|0 fnt\n|faint|p2b: Floppy Hands\n|move|p2a: Great Teeth|Earthquake|p1b: Aquafina|[spread] p1a,p1b\n|-resisted|p1a: The Wo\n|-damage|p1a: The Wo|94\/100\n|-damage|p1b: Aquafina|45\/100\n|\n|upkeep\n|\n|t:|1700290398\n|switch|p2b: Live Reaction|Wo-Chien, L50|100\/100\n|-ability|p2b: Live Reaction|Tablets of Ruin\n|turn|6\n|\n|t:|1700290415\n|move|p1b: Aquafina|Protect|p1b: Aquafina\n|-singleturn|p1b: Aquafina|Protect\n|move|p2a: Great Teeth|Protect|p2a: Great Teeth\n|-singleturn|p2a: Great Teeth|Protect\n|move|p2b: Live Reaction|Giga Drain|p1b: Aquafina\n|-activate|p1b: Aquafina|move: Protect\n|move|p1a: The Wo|Pollen Puff|p2b: Live Reaction\n|-supereffective|p2b: Live Reaction\n|-damage|p2b: Live Reaction|50\/100\n|\n|upkeep\n|turn|7\n|\n|t:|1700290433\n|move|p2b: Live Reaction|Protect|p2b: Live Reaction\n|-singleturn|p2b: Live Reaction|Protect\n|move|p1b: Aquafina|Close Combat|p2a: Great Teeth\n|-damage|p2a: Great Teeth|0 fnt\n|-unboost|p1b: Aquafina|def|1\n|-unboost|p1b: Aquafina|spd|1\n|-damage|p1b: Aquafina|33\/100|[from] ability: Rough Skin|[of] p2a: Great Teeth\n|faint|p2a: Great Teeth\n|move|p1a: The Wo|Pollen Puff|p2b: Live Reaction\n|-activate|p2b: Live Reaction|move: Protect\n|\n|upkeep\n|turn|8\n|\n|t:|1700290442\n|switch|p1b: De Blob|Clefable, L50, F|4\/100\n|-terastallize|p2b: Live Reaction|Fairy\n|move|p2b: Live Reaction|Giga Drain|p1b: De Blob\n|-damage|p1b: De Blob|0 fnt\n|-heal|p2b: Live Reaction|52\/100|[from] drain|[of] p1b: De Blob\n|faint|p1b: De Blob\n|move|p1a: The Wo|Pollen Puff|p2b: Live Reaction\n|-resisted|p2b: Live Reaction\n|-damage|p2b: Live Reaction|47\/100\n|\n|upkeep\n|\n|t:|1700290448\n|switch|p1b: Steve|Skeledirge, L50, M, tera:Fairy|31\/100\n|turn|9\n|\n|t:|1700290457\n|move|p2b: Live Reaction|Giga Drain|p1b: Steve\n|-damage|p1b: Steve|7\/100\n|-heal|p2b: Live Reaction|60\/100|[from] drain|[of] p1b: Steve\n|move|p1b: Steve|Slack Off|p1b: Steve\n|-heal|p1b: Steve|57\/100\n|move|p1a: The Wo|Leech Seed|p2b: Live Reaction\n|-start|p2b: Live Reaction|move: Leech Seed\n|\n|-damage|p2b: Live Reaction|48\/100|[from] Leech Seed|[of] p1a: The Wo\n|-heal|p1a: The Wo|100\/100|[silent]\n|upkeep\n|turn|10\n|c|\u2606PrismaAce|ggs\n|c|\u2606PrismaAce|dirge is only bad mu, u played rly good\n|\n|t:|1700290481\n|move|p2b: Live Reaction|Leech Seed|p1b: Steve|[miss]\n|-miss|p2b: Live Reaction|p1b: Steve\n|move|p1b: Steve|Torch Song|p2b: Live Reaction\n|-damage|p2b: Live Reaction|31\/100\n|-boost|p1b: Steve|spa|1\n|move|p1a: The Wo|Pollen Puff|p1b: Steve\n|-heal|p1b: Steve|100\/100\n|\n|-damage|p2b: Live Reaction|19\/100|[from] Leech Seed|[of] p1a: The Wo\n|upkeep\n|turn|11\n|\n|t:|1700290497\n|move|p2b: Live Reaction|Leech Seed|p1b: Steve\n|-start|p1b: Steve|move: Leech Seed\n|move|p1b: Steve|Torch Song|p2b: Live Reaction\n|-damage|p2b: Live Reaction|0 fnt\n|-boost|p1b: Steve|spa|1\n|faint|p2b: Live Reaction\n|\n|win|Teekin\n|l| angelicism\n|c|\u2606Teekin|ggs\n|l|\u2606PrismaAce\n|j|\u2606PrismaAce\n|player|p2|PrismaAce|clair\n","uploadtime":1700290531,"views":9,"p1id":"teekin","p2id":"prismaace","formatid":"gen9vgc2023regulatione","rating":0,"private":0,"password":""}