{"id":"gen9vgc2023regulatione-1999510680","p1":"Ogre123","p2":"SwiretheElegantWit","format":"[Gen 9] VGC 2023 Regulation E","log":"|j|\u2606Ogre123\n|j|\u2606SwiretheElegantWit\n|t:|1701090823\n|gametype|doubles\n|player|p1|Ogre123|169|1031\n|player|p2|SwiretheElegantWit|heroine2-conquest|1093\n|teamsize|p1|6\n|teamsize|p2|6\n|gen|9\n|tier|[Gen 9] VGC 2023 Regulation E\n|rated|\n|rule|Species Clause: Limit one of each Pok\u00e9mon\n|rule|Item Clause: Limit one of each item\n|clearpoke\n|poke|p1|Ogerpon-Hearthflame, L50, F|\n|poke|p1|Lucario, L50, M|\n|poke|p1|Ursaluna-Bloodmoon, L50, M|\n|poke|p1|Wigglytuff, L50, F|\n|poke|p1|Bellibolt, L50, F|\n|poke|p1|Milotic, L50, F|\n|poke|p2|Sylveon, L50, M|\n|poke|p2|Sinistcha, L50|\n|poke|p2|Pelipper, L50, F|\n|poke|p2|Grimmsnarl, L50, M|\n|poke|p2|Scizor, L50, F|\n|poke|p2|Krookodile, L50, F|\n|teampreview|4\n|\n|t:|1701090848\n|start\n|switch|p1a: Wigglytuff|Wigglytuff, L50, F|100\/100\n|switch|p1b: Milotic|Milotic, L50, F|100\/100\n|switch|p2a: Grimmsnarl|Grimmsnarl, L50, M|100\/100\n|switch|p2b: Sylveon|Sylveon, L50, M, shiny|100\/100\n|turn|1\n|\n|t:|1701090866\n|move|p2a: Grimmsnarl|Light Screen|p2a: Grimmsnarl\n|-sidestart|p2: SwiretheElegantWit|move: Light Screen\n|move|p1b: Milotic|Coil|p1b: Milotic\n|-boost|p1b: Milotic|atk|1\n|-boost|p1b: Milotic|def|1\n|-boost|p1b: Milotic|accuracy|1\n|move|p2b: Sylveon|Calm Mind|p2b: Sylveon\n|-boost|p2b: Sylveon|spa|1\n|-boost|p2b: Sylveon|spd|1\n|move|p1a: Wigglytuff|Focus Blast|p2a: Grimmsnarl|[miss]\n|-miss|p1a: Wigglytuff|p2a: Grimmsnarl\n|\n|upkeep\n|turn|2\n|\n|t:|1701090906\n|switch|p2a: Sinistcha|Sinistcha, L50|100\/100\n|move|p2b: Sylveon|Protect|p2b: Sylveon\n|-singleturn|p2b: Sylveon|Protect\n|move|p1a: Wigglytuff|Focus Blast|p2a: Sinistcha\n|-immune|p2a: Sinistcha\n|move|p1b: Milotic|Avalanche|p2b: Sylveon\n|-activate|p2b: Sylveon|move: Protect\n|\n|upkeep\n|turn|3\n|\n|t:|1701090937\n|switch|p1a: Ogerpon|Ogerpon-Hearthflame, L50, F|100\/100\n|-ability|p1a: Ogerpon|Mold Breaker\n|move|p2a: Sinistcha|Matcha Gotcha|p1a: Ogerpon|[spread] p1a,p1b\n|-resisted|p1a: Ogerpon\n|-supereffective|p1b: Milotic\n|-damage|p1a: Ogerpon|95\/100\n|-damage|p1b: Milotic|71\/100\n|move|p2b: Sylveon|Calm Mind|p2b: Sylveon\n|-boost|p2b: Sylveon|spa|1\n|-boost|p2b: Sylveon|spd|1\n|move|p1b: Milotic|Avalanche|p2b: Sylveon\n|-damage|p2b: Sylveon|86\/100\n|-damage|p1b: Milotic|54\/100|[from] item: Rocky Helmet|[of] p2b: Sylveon\n|\n|upkeep\n|turn|4\n|\n|t:|1701090961\n|switch|p2a: Pelipper|Pelipper, L50, F|100\/100\n|-weather|RainDance|[from] ability: Drizzle|[of] p2a: Pelipper\n|-terastallize|p1a: Ogerpon|Fire\n|detailschange|p1a: Ogerpon|Ogerpon-Hearthflame-Tera, L50, F, tera:Fire\n|-ability|p1a: Ogerpon|Embody Aspect (Hearthflame)|boost\n|-boost|p1a: Ogerpon|atk|1\n|move|p2b: Sylveon|Protect|p2b: Sylveon\n|-singleturn|p2b: Sylveon|Protect\n|move|p1a: Ogerpon|Ivy Cudgel|p2b: Sylveon|[anim] Ivy Cudgel Fire\n|-activate|p2b: Sylveon|move: Protect\n|move|p1b: Milotic|Life Dew|p1b: Milotic|[spread] p1a,p1b\n|-heal|p1a: Ogerpon|100\/100\n|-heal|p1b: Milotic|80\/100\n|\n|-weather|RainDance|[upkeep]\n|upkeep\n|turn|5\n|\n|t:|1701090988\n|move|p1a: Ogerpon|Ivy Cudgel|p2b: Sylveon|[anim] Ivy Cudgel Fire\n|-damage|p2b: Sylveon|35\/100\n|move|p1b: Milotic|Life Dew||[still]|[spread] p1a,p1b\n|-fail|p1a: Ogerpon|heal\n|-heal|p1b: Milotic|100\/100\n|move|p2a: Pelipper|Weather Ball|p1a: Ogerpon\n|-supereffective|p1a: Ogerpon\n|-damage|p1a: Ogerpon|0 fnt\n|faint|p1a: Ogerpon\n|move|p2b: Sylveon|Copycat|p2b: Sylveon\n|move|p2b: Sylveon|Weather Ball|p1b: Milotic|[from]move: Copycat\n|-resisted|p1b: Milotic\n|-damage|p1b: Milotic|75\/100\n|\n|-weather|RainDance|[upkeep]\n|upkeep\n|\n|t:|1701091009\n|switch|p1a: Wigglytuff|Wigglytuff, L50, F|100\/100\n|turn|6\n|\n|t:|1701091025\n|switch|p2a: Sinistcha|Sinistcha, L50|100\/100\n|-heal|p2b: Sylveon|59\/100|[from] ability: Hospitality|[of] p2a: Sinistcha\n|move|p2b: Sylveon|Protect|p2b: Sylveon\n|-singleturn|p2b: Sylveon|Protect\n|move|p1b: Milotic|Life Dew||[still]|[spread] p1a,p1b\n|-fail|p1a: Wigglytuff|heal\n|-heal|p1b: Milotic|100\/100\n|move|p1a: Wigglytuff|Focus Blast|p2b: Sylveon\n|-activate|p2b: Sylveon|move: Protect\n|\n|-weather|RainDance|[upkeep]\n|upkeep\n|turn|7\n|\n|t:|1701091049\n|move|p2a: Sinistcha|Matcha Gotcha|p1b: Milotic|[spread] p1a,p1b\n|-crit|p1a: Wigglytuff\n|-supereffective|p1b: Milotic\n|-damage|p1a: Wigglytuff|75\/100\n|-damage|p1b: Milotic|68\/100\n|move|p2b: Sylveon|Copycat|p2b: Sylveon\n|move|p2b: Sylveon|Matcha Gotcha|p1b: Milotic|[from]move: Copycat|[spread] p1a,p1b\n|-supereffective|p1b: Milotic\n|-damage|p1a: Wigglytuff|54\/100\n|-heal|p2b: Sylveon|71\/100|[from] drain|[of] p1a: Wigglytuff\n|-damage|p1b: Milotic|25\/100\n|-heal|p2b: Sylveon|93\/100|[from] drain|[of] p1b: Milotic\n|move|p1a: Wigglytuff|Dazzling Gleam|p2a: Sinistcha|[spread] p2a,p2b\n|-damage|p2a: Sinistcha|88\/100\n|-damage|p2b: Sylveon|88\/100\n|move|p1b: Milotic|Avalanche|p2b: Sylveon\n|-damage|p2b: Sylveon|61\/100\n|-damage|p1b: Milotic|9\/100|[from] item: Rocky Helmet|[of] p2b: Sylveon\n|\n|-weather|RainDance|[upkeep]\n|upkeep\n|turn|8\n|\n|t:|1701091082\n|switch|p1b: Ursaluna|Ursaluna-Bloodmoon, L50, M|100\/100\n|move|p2b: Sylveon|Protect|p2b: Sylveon\n|-singleturn|p2b: Sylveon|Protect\n|move|p2a: Sinistcha|Matcha Gotcha|p1b: Ursaluna|[spread] p1a\n|-miss|p2a: Sinistcha|p1b: Ursaluna\n|-damage|p1a: Wigglytuff|37\/100\n|-heal|p2a: Sinistcha|98\/100|[from] drain|[of] p1a: Wigglytuff\n|move|p1a: Wigglytuff|Ice Beam|p2a: Sinistcha\n|-supereffective|p2a: Sinistcha\n|-crit|p2a: Sinistcha\n|-damage|p2a: Sinistcha|44\/100\n|\n|-weather|none\n|-sideend|p2: SwiretheElegantWit|move: Light Screen\n|upkeep\n|turn|9\n|\n|t:|1701091107\n|move|p1b: Ursaluna|Yawn|p2b: Sylveon\n|-start|p2b: Sylveon|move: Yawn|[of] p1b: Ursaluna\n|move|p2a: Sinistcha|Matcha Gotcha|p1a: Wigglytuff|[spread] p1a,p1b\n|-supereffective|p1b: Ursaluna\n|-damage|p1a: Wigglytuff|21\/100\n|-heal|p2a: Sinistcha|53\/100|[from] drain|[of] p1a: Wigglytuff\n|-damage|p1b: Ursaluna|61\/100\n|-heal|p2a: Sinistcha|76\/100|[from] drain|[of] p1b: Ursaluna\n|move|p2b: Sylveon|Copycat|p2b: Sylveon\n|move|p2b: Sylveon|Matcha Gotcha|p1b: Ursaluna|[from]move: Copycat|[spread] p1a,p1b\n|-supereffective|p1b: Ursaluna\n|-damage|p1a: Wigglytuff|0 fnt\n|-heal|p2b: Sylveon|72\/100|[from] drain|[of] p1a: Wigglytuff\n|-damage|p1b: Ursaluna|6\/100\n|-heal|p2b: Sylveon|99\/100|[from] drain|[of] p1b: Ursaluna\n|faint|p1a: Wigglytuff\n|\n|-heal|p1b: Ursaluna|12\/100|[from] item: Leftovers\n|upkeep\n|\n|t:|1701091128\n|switch|p1a: Milotic|Milotic, L50, F|9\/100\n|turn|10\n|\n|t:|1701091135\n|move|p1a: Milotic|Life Dew|p1a: Milotic|[spread] p1a,p1b\n|-heal|p1a: Milotic|34\/100\n|-heal|p1b: Ursaluna|37\/100\n|move|p1b: Ursaluna|Moonlight|p1b: Ursaluna\n|-heal|p1b: Ursaluna|87\/100\n|move|p2a: Sinistcha|Matcha Gotcha|p1a: Milotic|[spread] p1a,p1b\n|-supereffective|p1a: Milotic\n|-supereffective|p1b: Ursaluna\n|-damage|p1a: Milotic|4\/100\n|-heal|p2a: Sinistcha|93\/100|[from] drain|[of] p1a: Milotic\n|-damage|p1b: Ursaluna|48\/100\n|-heal|p2a: Sinistcha|100\/100|[from] drain|[of] p1b: Ursaluna\n|move|p2b: Sylveon|Copycat|p2b: Sylveon\n|move|p2b: Sylveon|Matcha Gotcha|p1a: Milotic|[from]move: Copycat|[spread] p1a,p1b\n|-supereffective|p1a: Milotic\n|-supereffective|p1b: Ursaluna\n|-damage|p1a: Milotic|0 fnt\n|-heal|p2b: Sylveon|100\/100|[from] drain|[of] p1a: Milotic\n|-damage|p1b: Ursaluna|0 fnt\n|faint|p1a: Milotic\n|faint|p1b: Ursaluna\n|\n|win|SwiretheElegantWit\n|raw|Ogre123's rating: 1031 &rarr; <strong>1019<\/strong><br \/>(-12 for losing)\n|raw|SwiretheElegantWit's rating: 1093 &rarr; <strong>1114<\/strong><br \/>(+21 for winning)\n|l|\u2606Ogre123\n","uploadtime":1701091160,"views":7,"p1id":"ogre123","p2id":"swiretheelegantwit","formatid":"gen9vgc2023regulatione","rating":1019,"private":0,"password":""}