{"id":"gen9vgc2023regulatione-2000237168","p1":"Levelup_yaman","p2":"StupidGoose","format":"[Gen 9] VGC 2023 Regulation E","log":"|j|\u2606Levelup_yaman\n|j|\u2606StupidGoose\n|t:|1701175991\n|gametype|doubles\n|player|p1|Levelup_yaman|picnicker|1096\n|player|p2|StupidGoose|birdkeeper-gen4dp|1133\n|teamsize|p1|6\n|teamsize|p2|6\n|gen|9\n|tier|[Gen 9] VGC 2023 Regulation E\n|rated|\n|rule|Species Clause: Limit one of each Pok\u00e9mon\n|rule|Item Clause: Limit one of each item\n|clearpoke\n|poke|p1|Pawmot, L50, M|\n|poke|p1|Baxcalibur, L50, M|\n|poke|p1|Skeledirge, L50, F|\n|poke|p1|Arboliva, L50, F|\n|poke|p1|Garganacl, L50, M|\n|poke|p1|Kingambit, L50, M|\n|poke|p2|Iron Hands, L50|\n|poke|p2|Landorus-Therian, L50, M|\n|poke|p2|Sinistcha, L50|\n|poke|p2|Grimmsnarl, L50, M|\n|poke|p2|Goodra-Hisui, L50, F|\n|poke|p2|Toxapex, L50, F|\n|teampreview|4\n|inactive|Battle timer is ON: inactive players will automatically lose when time's up. (requested by Levelup_yaman)\n|\n|t:|1701176013\n|start\n|switch|p1a: Skeledirge|Skeledirge, L50, F|100\/100\n|switch|p1b: Arboliva|Arboliva, L50, F|100\/100\n|switch|p2a: Iron Hands|Iron Hands, L50|100\/100\n|switch|p2b: Toxapex|Toxapex, L50, F|100\/100\n|turn|1\n|\n|t:|1701176027\n|move|p2a: Iron Hands|Fake Out|p1b: Arboliva\n|-damage|p1b: Arboliva|84\/100\n|-fieldstart|move: Grassy Terrain|[from] ability: Seed Sower|[of] p1b: Arboliva\n|move|p1a: Skeledirge|Torch Song|p2a: Iron Hands\n|-damage|p2a: Iron Hands|76\/100\n|-boost|p1a: Skeledirge|spa|1\n|cant|p1b: Arboliva|flinch\n|move|p2b: Toxapex|Infestation|p1a: Skeledirge\n|-resisted|p1a: Skeledirge\n|-damage|p1a: Skeledirge|99\/100\n|-activate|p1a: Skeledirge|move: Infestation|[of] p2b: Toxapex\n|\n|-heal|p1a: Skeledirge|100\/100|[from] Grassy Terrain\n|-heal|p2a: Iron Hands|82\/100|[from] Grassy Terrain\n|-heal|p1b: Arboliva|90\/100|[from] Grassy Terrain\n|-damage|p1a: Skeledirge|84\/100|[from] move: Infestation|[partiallytrapped]\n|upkeep\n|turn|2\n|\n|t:|1701176042\n|move|p1a: Skeledirge|Torch Song|p2a: Iron Hands\n|-damage|p2a: Iron Hands|50\/100\n|-boost|p1a: Skeledirge|spa|1\n|move|p2a: Iron Hands|Drain Punch|p1b: Arboliva\n|-supereffective|p1b: Arboliva\n|-damage|p1b: Arboliva|0 fnt\n|-heal|p2a: Iron Hands|81\/100|[from] drain|[of] p1b: Arboliva\n|faint|p1b: Arboliva\n|move|p2b: Toxapex|Substitute|p2b: Toxapex\n|-start|p2b: Toxapex|Substitute\n|-damage|p2b: Toxapex|76\/100\n|\n|-heal|p1a: Skeledirge|90\/100|[from] Grassy Terrain\n|-heal|p2a: Iron Hands|87\/100|[from] Grassy Terrain\n|-heal|p2b: Toxapex|81\/100|[from] Grassy Terrain\n|-damage|p1a: Skeledirge|74\/100|[from] move: Infestation|[partiallytrapped]\n|upkeep\n|\n|t:|1701176052\n|switch|p1b: Pawmot|Pawmot, L50, M|100\/100\n|turn|3\n|\n|t:|1701176060\n|-terastallize|p1b: Pawmot|Fairy\n|move|p1a: Skeledirge|Torch Song|p2a: Iron Hands\n|-damage|p2a: Iron Hands|39\/100\n|-boost|p1a: Skeledirge|spa|1\n|move|p1b: Pawmot|Play Rough|p2a: Iron Hands\n|-supereffective|p2a: Iron Hands\n|-damage|p2a: Iron Hands|0 fnt\n|faint|p2a: Iron Hands\n|-end|p2a: Iron Hands|Quark Drive|[silent]\n|move|p2b: Toxapex|Infestation|p1b: Pawmot\n|-resisted|p1b: Pawmot\n|-damage|p1b: Pawmot|98\/100\n|-activate|p1b: Pawmot|move: Infestation|[of] p2b: Toxapex\n|\n|-heal|p1a: Skeledirge|80\/100|[from] Grassy Terrain\n|-heal|p1b: Pawmot|100\/100|[from] Grassy Terrain\n|-heal|p2b: Toxapex|87\/100|[from] Grassy Terrain\n|-damage|p1a: Skeledirge|64\/100|[from] move: Infestation|[partiallytrapped]\n|-damage|p1b: Pawmot|84\/100|[from] move: Infestation|[partiallytrapped]\n|upkeep\n|\n|t:|1701176074\n|switch|p2a: Goodra|Goodra-Hisui, L50, F|100\/100\n|turn|4\n|\n|t:|1701176086\n|-terastallize|p2a: Goodra|Water\n|move|p2b: Toxapex|Baneful Bunker|p2b: Toxapex\n|-singleturn|p2b: Toxapex|move: Protect\n|move|p1a: Skeledirge|Torch Song|p2a: Goodra\n|-resisted|p2a: Goodra\n|-damage|p2a: Goodra|70\/100\n|-boost|p1a: Skeledirge|spa|1\n|move|p1b: Pawmot|Close Combat|p2a: Goodra\n|-damage|p2a: Goodra|31\/100\n|-unboost|p1b: Pawmot|def|1\n|-unboost|p1b: Pawmot|spd|1\n|move|p2a: Goodra|Heavy Slam|p1a: Skeledirge\n|-resisted|p1a: Skeledirge\n|-damage|p1a: Skeledirge|57\/100\n|\n|-heal|p1a: Skeledirge|64\/100|[from] Grassy Terrain\n|-heal|p1b: Pawmot|90\/100|[from] Grassy Terrain\n|-heal|p2a: Goodra|37\/100|[from] Grassy Terrain\n|-heal|p2a: Goodra|43\/100|[from] item: Leftovers\n|-heal|p2b: Toxapex|93\/100|[from] Grassy Terrain\n|-damage|p1a: Skeledirge|47\/100|[from] move: Infestation|[partiallytrapped]\n|-damage|p1b: Pawmot|74\/100|[from] move: Infestation|[partiallytrapped]\n|upkeep\n|turn|5\n|inactive|StupidGoose has 30 seconds left.\n|inactive|StupidGoose has 20 seconds left.\n|\n|t:|1701176123\n|move|p1a: Skeledirge|Torch Song|p2a: Goodra\n|-resisted|p2a: Goodra\n|-damage|p2a: Goodra|2\/100\n|-boost|p1a: Skeledirge|spa|1\n|move|p1b: Pawmot|Close Combat|p2a: Goodra\n|-crit|p2a: Goodra\n|-damage|p2a: Goodra|0 fnt\n|-unboost|p1b: Pawmot|def|1\n|-unboost|p1b: Pawmot|spd|1\n|faint|p2a: Goodra\n|move|p2b: Toxapex|Infestation|p1a: Skeledirge\n|-resisted|p1a: Skeledirge\n|-damage|p1a: Skeledirge|47\/100\n|\n|-heal|p1a: Skeledirge|53\/100|[from] Grassy Terrain\n|-heal|p1b: Pawmot|80\/100|[from] Grassy Terrain\n|-heal|p2b: Toxapex|99\/100|[from] Grassy Terrain\n|-end|p1a: Skeledirge|Infestation|[partiallytrapped]\n|-damage|p1b: Pawmot|63\/100|[from] move: Infestation|[partiallytrapped]\n|-fieldend|move: Grassy Terrain\n|upkeep\n|\n|t:|1701176137\n|switch|p2a: Sinistcha|Sinistcha, L50|100\/100\n|-heal|p2b: Toxapex|100\/100|[from] ability: Hospitality|[of] p2a: Sinistcha\n|turn|6\n|\n|t:|1701176146\n|move|p1a: Skeledirge|Torch Song|p2a: Sinistcha\n|-supereffective|p2a: Sinistcha\n|-damage|p2a: Sinistcha|0 fnt\n|-boost|p1a: Skeledirge|spa|1\n|faint|p2a: Sinistcha\n|move|p1b: Pawmot|Double Shock||[still]\n|-fail|p1b: Pawmot|move: Double Shock\n|move|p2b: Toxapex|Infestation|p1a: Skeledirge\n|-resisted|p1a: Skeledirge\n|-damage|p1a: Skeledirge|52\/100\n|-activate|p1a: Skeledirge|move: Infestation|[of] p2b: Toxapex\n|\n|-damage|p1a: Skeledirge|36\/100|[from] move: Infestation|[partiallytrapped]\n|-damage|p1b: Pawmot|47\/100|[from] move: Infestation|[partiallytrapped]\n|upkeep\n|turn|7\n|\n|t:|1701176161\n|move|p2b: Toxapex|Baneful Bunker|p2b: Toxapex\n|-singleturn|p2b: Toxapex|move: Protect\n|move|p1a: Skeledirge|Torch Song|p2b: Toxapex\n|-activate|p2b: Toxapex|move: Protect\n|move|p1b: Pawmot|Revival Blessing|p1b: Pawmot\n|\n|t:|1701176168\n|-heal|p1: Arboliva|50\/100|[from] move: Revival Blessing\n|\n|-damage|p1a: Skeledirge|20\/100|[from] move: Infestation|[partiallytrapped]\n|-end|p1b: Pawmot|Infestation|[partiallytrapped]\n|upkeep\n|turn|8\n|\n|t:|1701176176\n|move|p1a: Skeledirge|Torch Song|p2b: Toxapex\n|-resisted|p2b: Toxapex\n|-damage|p2b: Toxapex|47\/100\n|move|p1b: Pawmot|Double Shock||[still]\n|-fail|p1b: Pawmot|move: Double Shock\n|move|p2b: Toxapex|Infestation|p1b: Pawmot\n|-resisted|p1b: Pawmot\n|-damage|p1b: Pawmot|40\/100\n|-activate|p1b: Pawmot|move: Infestation|[of] p2b: Toxapex\n|\n|-damage|p1a: Skeledirge|4\/100|[from] move: Infestation|[partiallytrapped]\n|-damage|p1b: Pawmot|24\/100|[from] move: Infestation|[partiallytrapped]\n|upkeep\n|turn|9\n|inactive|Levelup_yaman has 30 seconds left.\n|\n|t:|1701176201\n|switch|p1a: Arboliva|Arboliva, L50, F|50\/100\n|move|p2b: Toxapex|Baneful Bunker|p2b: Toxapex\n|-singleturn|p2b: Toxapex|move: Protect\n|move|p1b: Pawmot|Close Combat|p2b: Toxapex\n|-activate|p2b: Toxapex|move: Protect\n|-status|p1b: Pawmot|psn\n|\n|-damage|p1b: Pawmot|12\/100 psn|[from] psn\n|-damage|p1b: Pawmot|0 fnt|[from] move: Infestation|[partiallytrapped]\n|faint|p1b: Pawmot\n|upkeep\n|\n|t:|1701176204\n|switch|p1b: Skeledirge|Skeledirge, L50, F|4\/100\n|turn|10\n|\n|t:|1701176211\n|move|p1b: Skeledirge|Torch Song|p2b: Toxapex\n|-resisted|p2b: Toxapex\n|-damage|p2b: Toxapex|32\/100\n|-boost|p1b: Skeledirge|spa|1\n|move|p1a: Arboliva|Earth Power|p2b: Toxapex\n|-supereffective|p2b: Toxapex\n|-end|p2b: Toxapex|Substitute\n|move|p2b: Toxapex|Infestation|p1b: Skeledirge\n|-resisted|p1b: Skeledirge\n|-damage|p1b: Skeledirge|3\/100\n|-activate|p1b: Skeledirge|move: Infestation|[of] p2b: Toxapex\n|\n|-damage|p1b: Skeledirge|0 fnt|[from] move: Infestation|[partiallytrapped]\n|faint|p1b: Skeledirge\n|upkeep\n|\n|t:|1701176219\n|switch|p1b: Baxcalibur|Baxcalibur, L50, M|100\/100\n|turn|11\n|\n|t:|1701176228\n|move|p1b: Baxcalibur|Glaive Rush|p2b: Toxapex\n|-crit|p2b: Toxapex\n|-damage|p2b: Toxapex|0 fnt\n|-singlemove|p1b: Baxcalibur|Glaive Rush|[silent]\n|faint|p2b: Toxapex\n|\n|win|Levelup_yaman\n|raw|Levelup_yaman's rating: 1096 &rarr; <strong>1124<\/strong><br \/>(+28 for winning)\n|raw|StupidGoose's rating: 1133 &rarr; <strong>1105<\/strong><br \/>(-28 for losing)\n|l|\u2606StupidGoose\n","uploadtime":1701176240,"views":2,"p1id":"levelupyaman","p2id":"stupidgoose","formatid":"gen9vgc2023regulatione","rating":1105,"private":0,"password":""}