{"id":"gen9vgc2023regulatione-2000066257","p1":"JumpingJoe27","p2":"Felip_Obi","format":"[Gen 9] VGC 2023 Regulation E","log":"|j|\u2606JumpingJoe27\n|j|\u2606Felip_Obi\n|t:|1701148679\n|gametype|doubles\n|player|p1|JumpingJoe27|266|1063\n|player|p2|Felip_Obi|hilbert|1139\n|teamsize|p1|6\n|teamsize|p2|6\n|gen|9\n|tier|[Gen 9] VGC 2023 Regulation E\n|rated|\n|rule|Species Clause: Limit one of each Pok\u00e9mon\n|rule|Item Clause: Limit one of each item\n|clearpoke\n|poke|p1|Dusclops, L50, F|\n|poke|p1|Torkoal, L50, F|\n|poke|p1|Lilligant-Hisui, L50, F|\n|poke|p1|Ursaluna, L50, M|\n|poke|p1|Landorus-Therian, L50, M|\n|poke|p1|Roaring Moon, L50|\n|poke|p2|Clefable, L50, M|\n|poke|p2|Murkrow, L50, M|\n|poke|p2|Quaquaval, L50, M|\n|poke|p2|Gholdengo, L50|\n|poke|p2|Regidrago, L50|\n|poke|p2|Arcanine-Hisui, L50, M|\n|teampreview|4\n|inactive|Battle timer is ON: inactive players will automatically lose when time's up. (requested by JumpingJoe27)\n|\n|t:|1701148710\n|start\n|switch|p1a: Dusclops|Dusclops, L50, F|100\/100\n|switch|p1b: Landorus|Landorus-Therian, L50, M|100\/100\n|switch|p2a: Clefable|Clefable, L50, M|100\/100\n|switch|p2b: Quaquaval|Quaquaval, L50, M|100\/100\n|-ability|p1b: Landorus|Intimidate|boost\n|-unboost|p2a: Clefable|atk|1\n|-fail|p2b: Quaquaval|unboost|[from] item: Clear Amulet|[of] p2b: Quaquaval\n|-ability|p1a: Dusclops|Pressure\n|turn|1\n|inactive|JumpingJoe27 has 30 seconds left.\n|inactive|JumpingJoe27 has 20 seconds left.\n|\n|t:|1701148747\n|move|p2a: Clefable|Follow Me|p2a: Clefable\n|-singleturn|p2a: Clefable|move: Follow Me\n|move|p1b: Landorus|U-turn|p2a: Clefable\n|-resisted|p2a: Clefable\n|-damage|p2a: Clefable|89\/100\n|\n|t:|1701148751\n|switch|p1b: Torkoal|Torkoal, L50, F|100\/100|[from] U-turn\n|-weather|SunnyDay|[from] ability: Drought|[of] p1b: Torkoal\n|move|p2b: Quaquaval|Aqua Step|p1b: Torkoal\n|-supereffective|p1b: Torkoal\n|-damage|p1b: Torkoal|69\/100\n|-boost|p2b: Quaquaval|spe|1\n|move|p1a: Dusclops|Will-O-Wisp|p2a: Clefable\n|-status|p2a: Clefable|brn\n|\n|-weather|SunnyDay|[upkeep]\n|-damage|p2a: Clefable|83\/100 brn|[from] brn\n|upkeep\n|turn|2\n|inactive|Felip_Obi has 30 seconds left.\n|\n|t:|1701148780\n|switch|p1a: Lilligant|Lilligant-Hisui, L50, F|100\/100\n|move|p2a: Clefable|Helping Hand|p2b: Quaquaval\n|-singleturn|p2b: Quaquaval|Helping Hand|[of] p2a: Clefable\n|move|p1b: Torkoal|Protect|p1b: Torkoal\n|-singleturn|p1b: Torkoal|Protect\n|move|p2b: Quaquaval|Close Combat|p1b: Torkoal\n|-activate|p1b: Torkoal|move: Protect\n|\n|-weather|SunnyDay|[upkeep]\n|-damage|p2a: Clefable|77\/100 brn|[from] brn\n|upkeep\n|turn|3\n|inactive|Felip_Obi has 30 seconds left.\n|\n|t:|1701148808\n|move|p2b: Quaquaval|Detect|p2b: Quaquaval\n|-singleturn|p2b: Quaquaval|Protect\n|move|p2a: Clefable|Protect|p2a: Clefable\n|-singleturn|p2a: Clefable|Protect\n|move|p1a: Lilligant|Solar Blade||[still]\n|-prepare|p1a: Lilligant|Solar Blade\n|-anim|p1a: Lilligant|Solar Blade|p2b: Quaquaval\n|-activate|p2b: Quaquaval|move: Protect\n|move|p1b: Torkoal|Eruption|p2a: Clefable|[spread] \n|-activate|p2a: Clefable|move: Protect\n|-activate|p2b: Quaquaval|move: Protect\n|\n|-weather|SunnyDay|[upkeep]\n|-damage|p2a: Clefable|71\/100 brn|[from] brn\n|upkeep\n|turn|4\n|inactive|Felip_Obi has 30 seconds left.\n|\n|t:|1701148839\n|-terastallize|p2b: Quaquaval|Water\n|move|p2a: Clefable|Follow Me|p2a: Clefable\n|-singleturn|p2a: Clefable|move: Follow Me\n|move|p1a: Lilligant|Solar Blade||[still]\n|-prepare|p1a: Lilligant|Solar Blade\n|-anim|p1a: Lilligant|Solar Blade|p2a: Clefable\n|-damage|p2a: Clefable|25\/100 brn\n|move|p2b: Quaquaval|Aqua Step|p1b: Torkoal\n|-supereffective|p1b: Torkoal\n|-damage|p1b: Torkoal|26\/100\n|-boost|p2b: Quaquaval|spe|1\n|move|p1b: Torkoal|Eruption|p2b: Quaquaval|[spread] p2a,p2b\n|-crit|p2a: Clefable\n|-resisted|p2b: Quaquaval\n|-damage|p2a: Clefable|0 fnt\n|-damage|p2b: Quaquaval|86\/100\n|faint|p2a: Clefable\n|\n|-weather|SunnyDay|[upkeep]\n|upkeep\n|\n|t:|1701148861\n|switch|p2a: Regidrago|Regidrago, L50|100\/100\n|turn|5\n|\n|t:|1701148869\n|switch|p1b: Landorus|Landorus-Therian, L50, M|100\/100\n|-ability|p1b: Landorus|Intimidate|boost\n|-unboost|p2a: Regidrago|atk|1\n|-fail|p2b: Quaquaval|unboost|[from] item: Clear Amulet|[of] p2b: Quaquaval\n|move|p2b: Quaquaval|Detect|p2b: Quaquaval\n|-singleturn|p2b: Quaquaval|Protect\n|move|p1a: Lilligant|Solar Blade||[still]\n|-prepare|p1a: Lilligant|Solar Blade\n|-anim|p1a: Lilligant|Solar Blade|p2b: Quaquaval\n|-activate|p2b: Quaquaval|move: Protect\n|move|p2a: Regidrago|Draco Meteor|p1a: Lilligant\n|-enditem|p1a: Lilligant|Focus Sash\n|-damage|p1a: Lilligant|1\/100\n|-unboost|p2a: Regidrago|spa|2\n|\n|-weather|none\n|upkeep\n|turn|6\n|inactive|JumpingJoe27 has 30 seconds left.\n|inactive|Felip_Obi has 30 seconds left.\n|\n|t:|1701148899\n|switch|p2a: Arcanine|Arcanine-Hisui, L50, M|100\/100\n|-ability|p2a: Arcanine|Intimidate|boost\n|-unboost|p1a: Lilligant|atk|1\n|-unboost|p1b: Landorus|atk|1\n|move|p2b: Quaquaval|Aqua Jet|p1a: Lilligant\n|-resisted|p1a: Lilligant\n|-damage|p1a: Lilligant|0 fnt\n|faint|p1a: Lilligant\n|-ability|p2b: Quaquaval|Moxie|boost\n|-boost|p2b: Quaquaval|atk|1\n|move|p1b: Landorus|U-turn|p2a: Arcanine\n|-resisted|p2a: Arcanine\n|-damage|p2a: Arcanine|90\/100\n|\n|t:|1701148911\n|switch|p1b: Torkoal|Torkoal, L50, F|26\/100|[from] U-turn\n|-weather|SunnyDay|[from] ability: Drought|[of] p1b: Torkoal\n|\n|-weather|SunnyDay|[upkeep]\n|upkeep\n|\n|t:|1701148913\n|switch|p1a: Dusclops|Dusclops, L50, F|100\/100\n|-ability|p1a: Dusclops|Pressure\n|turn|7\n|inactive|JumpingJoe27 has 30 seconds left.\n|\n|t:|1701148947\n|move|p1b: Torkoal|Protect|p1b: Torkoal\n|-singleturn|p1b: Torkoal|Protect\n|move|p2b: Quaquaval|Aqua Step|p1a: Dusclops\n|-damage|p1a: Dusclops|75\/100\n|-boost|p2b: Quaquaval|spe|1\n|move|p2a: Arcanine|Flare Blitz|p1a: Dusclops\n|-damage|p1a: Dusclops|0 fnt\n|faint|p1a: Dusclops\n|-damage|p2a: Arcanine|70\/100|[from] Recoil\n|\n|-weather|SunnyDay|[upkeep]\n|upkeep\n|\n|t:|1701148956\n|switch|p1a: Landorus|Landorus-Therian, L50, M|100\/100\n|-ability|p1a: Landorus|Intimidate|boost\n|-unboost|p2a: Arcanine|atk|1\n|-fail|p2b: Quaquaval|unboost|[from] item: Clear Amulet|[of] p2b: Quaquaval\n|turn|8\n|\n|t:|1701148977\n|move|p2b: Quaquaval|Aqua Step|p1a: Landorus\n|-supereffective|p1a: Landorus\n|-damage|p1a: Landorus|15\/100\n|-boost|p2b: Quaquaval|spe|1\n|move|p1a: Landorus|Stomping Tantrum|p2a: Arcanine\n|-supereffective|p2a: Arcanine\n|-damage|p2a: Arcanine|0 fnt\n|faint|p2a: Arcanine\n|move|p1b: Torkoal|Earth Power|p2b: Quaquaval\n|-damage|p2b: Quaquaval|50\/100\n|\n|-weather|SunnyDay|[upkeep]\n|upkeep\n|\n|t:|1701148989\n|switch|p2a: Regidrago|Regidrago, L50|100\/100\n|turn|9\n|\n|t:|1701149004\n|-terastallize|p1b: Torkoal|Fire\n|move|p2b: Quaquaval|Aqua Step|p1a: Landorus\n|-supereffective|p1a: Landorus\n|-crit|p1a: Landorus\n|-damage|p1a: Landorus|0 fnt\n|-boost|p2b: Quaquaval|spe|1\n|faint|p1a: Landorus\n|-ability|p2b: Quaquaval|Moxie|boost\n|-boost|p2b: Quaquaval|atk|1\n|move|p2a: Regidrago|Earth Power|p1b: Torkoal\n|-supereffective|p1b: Torkoal\n|-damage|p1b: Torkoal|0 fnt\n|faint|p1b: Torkoal\n|\n|win|Felip_Obi\n|raw|JumpingJoe27's rating: 1063 &rarr; <strong>1048<\/strong><br \/>(-15 for losing)\n|raw|Felip_Obi's rating: 1139 &rarr; <strong>1159<\/strong><br \/>(+20 for winning)\n|l|\u2606JumpingJoe27\n","uploadtime":1701149026,"views":8,"p1id":"jumpingjoe27","p2id":"felipobi","formatid":"gen9vgc2023regulatione","rating":1048,"private":0,"password":""}