{"id":"gen9vgc2023regulatione-1996629940","p1":"someguy459","p2":"DarKnot","format":"[Gen 9] VGC 2023 Regulation E","log":"|j|\u2606someguy459\n|j|\u2606DarKnot\n|t:|1700702677\n|gametype|doubles\n|player|p1|someguy459|ingo|1075\n|player|p2|DarKnot|silver|1024\n|teamsize|p1|6\n|teamsize|p2|6\n|gen|9\n|tier|[Gen 9] VGC 2023 Regulation E\n|rated|\n|rule|Species Clause: Limit one of each Pok\u00e9mon\n|rule|Item Clause: Limit one of each item\n|clearpoke\n|poke|p1|Illumise, L50, F|\n|poke|p1|Ninetales-Alola, L50, F|\n|poke|p1|Baxcalibur, L50, F|\n|poke|p1|Rillaboom, L50, M|\n|poke|p1|Heatran, L50, F|\n|poke|p1|Gholdengo, L50|\n|poke|p2|Clodsire, L50, F|\n|poke|p2|Raichu, L50, F|\n|poke|p2|Pelipper, L50, M|\n|poke|p2|Munkidori, L50, M|\n|poke|p2|Iron Bundle, L50|\n|poke|p2|Rotom-Mow, L50|\n|teampreview|4\n|inactive|Battle timer is ON: inactive players will automatically lose when time's up. (requested by DarKnot)\n|\n|t:|1700702712\n|start\n|switch|p1a: Gholdengo|Gholdengo, L50|100\/100\n|switch|p1b: Ninetales|Ninetales-Alola, L50, F|100\/100\n|switch|p2a: Raichu|Raichu, L50, F|100\/100\n|switch|p2b: Rotom|Rotom-Mow, L50|100\/100\n|-weather|Snow|[from] ability: Snow Warning|[of] p1b: Ninetales\n|turn|1\n|inactive|DarKnot has 30 seconds left.\n|\n|t:|1700702745\n|switch|p2b: Pelipper|Pelipper, L50, M|100\/100\n|-weather|RainDance|[from] ability: Drizzle|[of] p2b: Pelipper\n|move|p1b: Ninetales|Protect|p1b: Ninetales\n|-singleturn|p1b: Ninetales|Protect\n|move|p1a: Gholdengo|Shadow Ball|p2a: Raichu\n|-damage|p2a: Raichu|40\/100\n|-unboost|p2a: Raichu|spd|1\n|move|p2a: Raichu|Surf|p1a: Gholdengo|[spread] p2b,p1a\n|-activate|p1b: Ninetales|move: Protect\n|-resisted|p2b: Pelipper\n|-damage|p2b: Pelipper|82\/100\n|-damage|p1a: Gholdengo|69\/100\n|\n|-weather|RainDance|[upkeep]\n|-heal|p2b: Pelipper|88\/100|[from] item: Leftovers\n|upkeep\n|turn|2\n|inactive|DarKnot has 30 seconds left.\n|inactive|DarKnot has 20 seconds left.\n|\n|t:|1700702782\n|switch|p1b: Baxcalibur|Baxcalibur, L50, F|100\/100\n|switch|p2a: Rotom|Rotom-Mow, L50|100\/100\n|move|p1a: Gholdengo|Shadow Ball|p2a: Rotom\n|-damage|p2a: Rotom|47\/100\n|move|p2b: Pelipper|Weather Ball|p1a: Gholdengo\n|-damage|p1a: Gholdengo|10\/100\n|\n|-weather|RainDance|[upkeep]\n|-heal|p2b: Pelipper|94\/100|[from] item: Leftovers\n|upkeep\n|turn|3\n|\n|t:|1700702802\n|switch|p1a: Ninetales|Ninetales-Alola, L50, F|100\/100\n|-weather|Snow|[from] ability: Snow Warning|[of] p1a: Ninetales\n|move|p2b: Pelipper|Protect|p2b: Pelipper\n|-singleturn|p2b: Pelipper|Protect\n|move|p2a: Rotom|Discharge|p1a: Ninetales|[spread] p1a,p1b\n|-activate|p2b: Pelipper|move: Protect\n|-resisted|p1b: Baxcalibur\n|-damage|p1a: Ninetales|76\/100\n|-damage|p1b: Baxcalibur|90\/100\n|-status|p1a: Ninetales|par\n|-status|p1b: Baxcalibur|par\n|cant|p1b: Baxcalibur|par\n|\n|-weather|Snow|[upkeep]\n|-heal|p1b: Baxcalibur|96\/100 par|[from] ability: Ice Body\n|-heal|p2b: Pelipper|99\/100|[from] item: Leftovers\n|upkeep\n|turn|4\n|inactive|DarKnot has 30 seconds left.\n|\n|t:|1700702836\n|switch|p2a: Iron Bundle|Iron Bundle, L50|100\/100\n|-enditem|p2a: Iron Bundle|Booster Energy\n|-activate|p2a: Iron Bundle|ability: Quark Drive|[fromitem]\n|-start|p2a: Iron Bundle|quarkdrivespe\n|move|p2b: Pelipper|Weather Ball|p1b: Baxcalibur\n|-damage|p1b: Baxcalibur|72\/100 par\n|cant|p1a: Ninetales|par\n|move|p1b: Baxcalibur|Scale Shot|p2a: Iron Bundle\n|-damage|p2a: Iron Bundle|90\/100\n|-damage|p2a: Iron Bundle|77\/100\n|-damage|p2a: Iron Bundle|65\/100\n|-damage|p2a: Iron Bundle|54\/100\n|-hitcount|p2a: Iron Bundle|4\n|-unboost|p1b: Baxcalibur|def|1\n|-boost|p1b: Baxcalibur|spe|1\n|\n|-weather|Snow|[upkeep]\n|-heal|p1b: Baxcalibur|78\/100 par|[from] ability: Ice Body\n|-heal|p2b: Pelipper|100\/100|[from] item: Leftovers\n|upkeep\n|turn|5\n|inactive|someguy459 has 30 seconds left.\n|inactive|DarKnot has 30 seconds left.\n|\n|t:|1700702871\n|move|p2a: Iron Bundle|Blizzard|p1a: Ninetales|[spread] p1a,p1b\n|-resisted|p1a: Ninetales\n|-damage|p1a: Ninetales|56\/100 par\n|-damage|p1b: Baxcalibur|34\/100 par\n|move|p2b: Pelipper|Hurricane|p1a: Ninetales|[miss]\n|-miss|p2b: Pelipper|p1a: Ninetales\n|move|p1b: Baxcalibur|Scale Shot|p2a: Iron Bundle\n|-damage|p2a: Iron Bundle|43\/100\n|-damage|p2a: Iron Bundle|31\/100\n|-damage|p2a: Iron Bundle|20\/100\n|-damage|p2a: Iron Bundle|9\/100\n|-damage|p2a: Iron Bundle|0 fnt\n|faint|p2a: Iron Bundle\n|-end|p2a: Iron Bundle|Quark Drive|[silent]\n|-hitcount|p2: Iron Bundle|5\n|-unboost|p1b: Baxcalibur|def|1\n|-boost|p1b: Baxcalibur|spe|1\n|move|p1a: Ninetales|Aurora Veil|p1a: Ninetales\n|-sidestart|p1: someguy459|move: Aurora Veil\n|\n|-weather|Snow|[upkeep]\n|-heal|p1b: Baxcalibur|40\/100 par|[from] ability: Ice Body\n|upkeep\n|\n|t:|1700702896\n|switch|p2a: Raichu|Raichu, L50, F|40\/100\n|turn|6\n|\n|t:|1700702918\n|move|p2a: Raichu|Fake Out|p1b: Baxcalibur\n|-damage|p1b: Baxcalibur|33\/100 par\n|cant|p1b: Baxcalibur|flinch\n|move|p2b: Pelipper|Weather Ball|p1b: Baxcalibur\n|-damage|p1b: Baxcalibur|17\/100 par\n|move|p1a: Ninetales|Blizzard|p2a: Raichu|[spread] p2a,p2b\n|-damage|p2a: Raichu|1\/100\n|-damage|p2b: Pelipper|64\/100\n|\n|-weather|Snow|[upkeep]\n|-heal|p1b: Baxcalibur|23\/100 par|[from] ability: Ice Body\n|-heal|p2b: Pelipper|70\/100|[from] item: Leftovers\n|upkeep\n|turn|7\n|\n|t:|1700702940\n|move|p2b: Pelipper|Protect|p2b: Pelipper\n|-singleturn|p2b: Pelipper|Protect\n|move|p1b: Baxcalibur|Ice Shard|p2a: Raichu\n|-damage|p2a: Raichu|0 fnt\n|faint|p2a: Raichu\n|move|p1a: Ninetales|Blizzard|p2b: Pelipper\n|-activate|p2b: Pelipper|move: Protect\n|\n|-weather|none\n|-heal|p2b: Pelipper|76\/100|[from] item: Leftovers\n|upkeep\n|\n|t:|1700702951\n|switch|p2a: Rotom|Rotom-Mow, L50|47\/100\n|turn|8\n|\n|t:|1700702971\n|switch|p1a: Gholdengo|Gholdengo, L50|10\/100\n|move|p1b: Baxcalibur|Ice Shard|p2a: Rotom\n|-supereffective|p2a: Rotom\n|-damage|p2a: Rotom|0 fnt\n|faint|p2a: Rotom\n|move|p2b: Pelipper|Ice Beam|p1b: Baxcalibur\n|-damage|p1b: Baxcalibur|7\/100 par\n|\n|-heal|p2b: Pelipper|82\/100|[from] item: Leftovers\n|upkeep\n|turn|9\n|\n|t:|1700702986\n|move|p1a: Gholdengo|Thunderbolt|p2b: Pelipper\n|-supereffective|p2b: Pelipper\n|-damage|p2b: Pelipper|0 fnt\n|faint|p2b: Pelipper\n|\n|win|someguy459\n|raw|someguy459's rating: 1075 &rarr; <strong>1100<\/strong><br \/>(+25 for winning)\n|raw|DarKnot's rating: 1024 &rarr; <strong>1012<\/strong><br \/>(-12 for losing)\n|l|\u2606DarKnot\n","uploadtime":1700702998,"views":10,"p1id":"someguy459","p2id":"darknot","formatid":"gen9vgc2023regulatione","rating":1012,"private":0,"password":""}