{"id":"gen9vgc2023regulatione-1990122348","p1":"scarred22","p2":"TandemUnicycle","format":"[Gen 9] VGC 2023 Regulation E","log":"|j|\u2606scarred22\n|j|\u2606TandemUnicycle\n|t:|1699926935\n|gametype|doubles\n|player|p1|scarred22|lass-gen4dp|1394\n|player|p2|TandemUnicycle|argenta|1506\n|teamsize|p1|6\n|teamsize|p2|6\n|gen|9\n|tier|[Gen 9] VGC 2023 Regulation E\n|rated|\n|rule|Species Clause: Limit one of each Pok\u00e9mon\n|rule|Item Clause: Limit one of each item\n|clearpoke\n|poke|p1|Tornadus, L50, M|\n|poke|p1|Flutter Mane, L50|\n|poke|p1|Regidrago, L50|\n|poke|p1|Heatran, L50, M|\n|poke|p1|Urshifu-*, L50, M|\n|poke|p1|Farigiraf, L50, M|\n|poke|p2|Moltres-Galar, L50|\n|poke|p2|Grimmsnarl, L50, M|\n|poke|p2|Sinistcha, L50|\n|poke|p2|Landorus-Therian, L50, M|\n|poke|p2|Arcanine-Hisui, L50, M|\n|poke|p2|Goodra-Hisui, L50, F|\n|teampreview|4\n|inactive|Battle timer is ON: inactive players will automatically lose when time's up. (requested by scarred22)\n|\n|t:|1699926960\n|start\n|switch|p1a: Tornadus|Tornadus, L50, M|100\/100\n|switch|p1b: Regidrago|Regidrago, L50|100\/100\n|switch|p2a: Grimmsnarl|Grimmsnarl, L50, M, shiny|100\/100\n|switch|p2b: Goodra|Goodra-Hisui, L50, F|100\/100\n|turn|1\n|\n|t:|1699926974\n|-terastallize|p2b: Goodra|Fairy\n|move|p1a: Tornadus|Tailwind|p1a: Tornadus\n|-sidestart|p1: scarred22|move: Tailwind\n|move|p2a: Grimmsnarl|Light Screen|p2a: Grimmsnarl\n|-sidestart|p2: TandemUnicycle|move: Light Screen\n|move|p1b: Regidrago|Dragon Energy|p2b: Goodra|[spread] \n|-immune|p2a: Grimmsnarl\n|-immune|p2b: Goodra\n|move|p2b: Goodra|Shelter|p2b: Goodra\n|-boost|p2b: Goodra|def|2\n|\n|upkeep\n|turn|2\n|inactive|TandemUnicycle has 30 seconds left.\n|j| 5Sscreen\n|\n|t:|1699927002\n|move|p2a: Grimmsnarl|Taunt|p1a: Tornadus\n|-start|p1a: Tornadus|move: Taunt\n|move|p1a: Tornadus|Bleakwind Storm|p2b: Goodra|[spread] p2a,p2b\n|-damage|p2a: Grimmsnarl|75\/100\n|-damage|p2b: Goodra|86\/100\n|-unboost|p2b: Goodra|spe|1\n|move|p1b: Regidrago|Earth Power|p2b: Goodra\n|-damage|p2b: Goodra|73\/100\n|move|p2b: Goodra|Body Press|p1b: Regidrago\n|-damage|p1b: Regidrago|49\/100\n|\n|-heal|p2b: Goodra|79\/100|[from] item: Leftovers\n|upkeep\n|turn|3\n|inactive|TandemUnicycle has 30 seconds left.\n|\n|t:|1699927033\n|switch|p1b: Flutter Mane|Flutter Mane, L50|100\/100\n|-enditem|p1b: Flutter Mane|Booster Energy\n|-activate|p1b: Flutter Mane|ability: Protosynthesis|[fromitem]\n|-start|p1b: Flutter Mane|protosynthesisspe\n|move|p2a: Grimmsnarl|Parting Shot|p1a: Tornadus\n|-unboost|p1a: Tornadus|atk|1\n|-unboost|p1a: Tornadus|spa|1\n|\n|t:|1699927041\n|switch|p2a: Sinistcha|Sinistcha, L50|100\/100|[from] Parting Shot\n|-heal|p2b: Goodra|100\/100|[from] ability: Hospitality|[of] p2a: Sinistcha\n|move|p1a: Tornadus|Bleakwind Storm|p2b: Goodra|[spread] \n|-miss|p1a: Tornadus|p2a: Sinistcha\n|-miss|p1a: Tornadus|p2b: Goodra\n|move|p2b: Goodra|Body Press|p1b: Flutter Mane\n|-immune|p1b: Flutter Mane\n|\n|upkeep\n|turn|4\n|\n|t:|1699927056\n|switch|p2a: Bork|Arcanine-Hisui, L50, M, shiny|100\/100\n|-ability|p2a: Bork|Intimidate|boost\n|-unboost|p1a: Tornadus|atk|1\n|-unboost|p1b: Flutter Mane|atk|1\n|move|p1b: Flutter Mane|Shadow Ball|p2a: Bork\n|-damage|p2a: Bork|74\/100\n|-unboost|p2a: Bork|spd|1\n|move|p1a: Tornadus|Bleakwind Storm|p2a: Bork|[spread] p2a,p2b\n|-resisted|p2a: Bork\n|-damage|p2a: Bork|62\/100\n|-damage|p2b: Goodra|90\/100\n|-unboost|p2b: Goodra|spe|1\n|move|p2b: Goodra|Heavy Slam|p1b: Flutter Mane\n|-supereffective|p1b: Flutter Mane\n|-damage|p1b: Flutter Mane|0 fnt\n|faint|p1b: Flutter Mane\n|-end|p1b: Flutter Mane|Protosynthesis|[silent]\n|\n|-heal|p2b: Goodra|96\/100|[from] item: Leftovers\n|-end|p1a: Tornadus|move: Taunt\n|-sideend|p1: scarred22|move: Tailwind\n|upkeep\n|\n|t:|1699927061\n|switch|p1b: Heatran|Heatran, L50, M|100\/100\n|turn|5\n|inactive|TandemUnicycle has 30 seconds left.\n|\n|t:|1699927094\n|-terastallize|p1b: Heatran|Fairy\n|move|p1a: Tornadus|Bleakwind Storm|p2a: Bork|[spread] p2a,p2b\n|-resisted|p2a: Bork\n|-damage|p2a: Bork|51\/100\n|-damage|p2b: Goodra|87\/100\n|-unboost|p2a: Bork|spe|1\n|move|p1b: Heatran|Flash Cannon|p2b: Goodra\n|-supereffective|p2b: Goodra\n|-damage|p2b: Goodra|40\/100\n|-unboost|p2b: Goodra|spd|1\n|-damage|p1b: Heatran|91\/100|[from] item: Life Orb\n|move|p2a: Bork|Rock Slide|p1a: Tornadus|[spread] p1a,p1b\n|-supereffective|p1a: Tornadus\n|-enditem|p1a: Tornadus|Focus Sash\n|-damage|p1a: Tornadus|1\/100\n|-damage|p1b: Heatran|51\/100\n|move|p2b: Goodra|Body Press|p1b: Heatran\n|-resisted|p1b: Heatran\n|-damage|p1b: Heatran|28\/100\n|\n|-heal|p2b: Goodra|45\/100|[from] item: Leftovers\n|upkeep\n|turn|6\n|inactive|TandemUnicycle has 30 seconds left.\n|inactive|scarred22 has 30 seconds left.\n|\n|t:|1699927127\n|switch|p2a: Sinistcha|Sinistcha, L50|100\/100\n|-heal|p2b: Goodra|70\/100|[from] ability: Hospitality|[of] p2a: Sinistcha\n|move|p1a: Tornadus|Tailwind|p1a: Tornadus\n|-sidestart|p1: scarred22|move: Tailwind\n|move|p1b: Heatran|Earth Power|p2a: Sinistcha\n|-resisted|p2a: Sinistcha\n|-damage|p2a: Sinistcha|86\/100\n|-damage|p1b: Heatran|18\/100|[from] item: Life Orb\n|move|p2b: Goodra|Heavy Slam|p1b: Heatran\n|-supereffective|p1b: Heatran\n|-damage|p1b: Heatran|0 fnt\n|faint|p1b: Heatran\n|\n|-heal|p2b: Goodra|76\/100|[from] item: Leftovers\n|upkeep\n|\n|t:|1699927129\n|switch|p1b: Regidrago|Regidrago, L50|49\/100\n|turn|7\n|-message|scarred22 forfeited.\n|\n|win|TandemUnicycle\n|raw|scarred22's rating: 1394 &rarr; <strong>1380<\/strong><br \/>(-14 for losing)\n|raw|TandemUnicycle's rating: 1506 &rarr; <strong>1520<\/strong><br \/>(+14 for winning)\n|l|\u2606scarred22\n|l|\u2606TandemUnicycle\n","uploadtime":1699927625,"views":18,"p1id":"scarred22","p2id":"tandemunicycle","formatid":"gen9vgc2023regulatione","rating":1380,"private":0,"password":""}