{"id":"gen9vgc2023regulatione-1988057472","p1":"Cc00ddee","p2":"Dinozoic","format":"[Gen 9] VGC 2023 Regulation E","log":"|j|\u2606Cc00ddee\n|j|\u2606Dinozoic\n|t:|1699664325\n|gametype|doubles\n|player|p1|Cc00ddee|guitarist|1077\n|player|p2|Dinozoic|266|1164\n|teamsize|p1|6\n|teamsize|p2|6\n|gen|9\n|tier|[Gen 9] VGC 2023 Regulation E\n|rated|\n|rule|Species Clause: Limit one of each Pok\u00e9mon\n|rule|Item Clause: Limit one of each item\n|clearpoke\n|poke|p1|Sableye, L50, F|\n|poke|p1|Goodra-Hisui, L50, M|\n|poke|p1|Flutter Mane, L50|\n|poke|p1|Vaporeon, L50, M|\n|poke|p1|Umbreon, L50, F|\n|poke|p1|Dragonite, L50, M|\n|poke|p2|Landorus-Therian, L50, M|\n|poke|p2|Iron Hands, L50|\n|poke|p2|Amoonguss, L50, M|\n|poke|p2|Flutter Mane, L50|\n|poke|p2|Tornadus, L50, M|\n|poke|p2|Arcanine-Hisui, L50, M|\n|teampreview|4\n|inactive|Battle timer is ON: inactive players will automatically lose when time's up. (requested by Dinozoic)\n|inactive|Cc00ddee has 60 seconds left.\n|inactive|Dinozoic has 60 seconds left.\n|\n|t:|1699664368\n|start\n|switch|p1a: Sableye|Sableye, L50, F|100\/100\n|switch|p1b: Goodra|Goodra-Hisui, L50, M|100\/100\n|switch|p2a: Landorus|Landorus-Therian, L50, M|100\/100\n|switch|p2b: Amoonguss|Amoonguss, L50, M|100\/100\n|-ability|p2a: Landorus|Intimidate|boost\n|-unboost|p1a: Sableye|atk|1\n|-unboost|p1b: Goodra|atk|1\n|turn|1\n|\n|t:|1699664380\n|switch|p2a: Flutter Mane|Flutter Mane, L50|100\/100\n|-enditem|p2a: Flutter Mane|Booster Energy\n|-activate|p2a: Flutter Mane|ability: Protosynthesis|[fromitem]\n|-start|p2a: Flutter Mane|protosynthesisspa\n|move|p1a: Sableye|Trick|p2a: Flutter Mane\n|-activate|p1a: Sableye|move: Trick|[of] p2a: Flutter Mane\n|-item|p2a: Flutter Mane|Lagging Tail|[from] move: Trick\n|-enditem|p1a: Sableye|Lagging Tail|[silent]|[from] move: Trick\n|move|p1b: Goodra|Shelter|p1b: Goodra\n|-boost|p1b: Goodra|def|2\n|move|p2b: Amoonguss|Spore|p1a: Sableye\n|-status|p1a: Sableye|slp|[from] move: Spore\n|\n|upkeep\n|turn|2\n|inactive|Cc00ddee has 30 seconds left.\n|\n|t:|1699664407\n|cant|p1a: Sableye|slp\n|move|p1b: Goodra|Muddy Water|p2b: Amoonguss|[spread] p2a,p2b\n|-resisted|p2b: Amoonguss\n|-damage|p2a: Flutter Mane|85\/100\n|-damage|p2b: Amoonguss|95\/100\n|move|p2b: Amoonguss|Spore|p1b: Goodra\n|-ability|p1b: Goodra|Sap Sipper|boost\n|-boost|p1b: Goodra|atk|1\n|move|p2a: Flutter Mane|Shadow Ball|p1b: Goodra\n|-damage|p1b: Goodra|66\/100\n|-unboost|p1b: Goodra|spd|1\n|\n|-heal|p1b: Goodra|71\/100|[from] item: Leftovers\n|upkeep\n|turn|3\n|\n|t:|1699664423\n|move|p2b: Amoonguss|Rage Powder|p2b: Amoonguss\n|-singleturn|p2b: Amoonguss|move: Rage Powder\n|cant|p1a: Sableye|slp\n|move|p1b: Goodra|Life Dew||[still]|[spread] p1a,p1b\n|-fail|p1a: Sableye|heal\n|-heal|p1b: Goodra|96\/100\n|move|p2a: Flutter Mane|Shadow Ball|p1b: Goodra\n|-damage|p1b: Goodra|45\/100\n|\n|-heal|p1b: Goodra|51\/100|[from] item: Leftovers\n|upkeep\n|turn|4\n|\n|t:|1699664441\n|move|p2b: Amoonguss|Rage Powder|p2b: Amoonguss\n|-singleturn|p2b: Amoonguss|move: Rage Powder\n|-curestatus|p1a: Sableye|slp|[msg]\n|move|p1a: Sableye|Light Screen|p1a: Sableye\n|-sidestart|p1: Cc00ddee|move: Light Screen\n|move|p1b: Goodra|Life Dew||[still]|[spread] p1a,p1b\n|-fail|p1a: Sableye|heal\n|-heal|p1b: Goodra|76\/100\n|move|p2a: Flutter Mane|Dazzling Gleam|p1a: Sableye|[spread] p1a,p1b\n|-supereffective|p1a: Sableye\n|-damage|p1a: Sableye|22\/100\n|-damage|p1b: Goodra|52\/100\n|\n|-heal|p1b: Goodra|57\/100|[from] item: Leftovers\n|upkeep\n|turn|5\n|\n|t:|1699664465\n|move|p2b: Amoonguss|Rage Powder|p2b: Amoonguss\n|-singleturn|p2b: Amoonguss|move: Rage Powder\n|move|p1a: Sableye|Skill Swap|p2b: Amoonguss\n|-activate|p1a: Sableye|move: Skill Swap|Regenerator|Prankster|[of] p2b: Amoonguss\n|move|p1b: Goodra|Shelter|p1b: Goodra\n|-boost|p1b: Goodra|def|2\n|move|p2a: Flutter Mane|Dazzling Gleam|p1b: Goodra|[spread] p1a,p1b\n|-supereffective|p1a: Sableye\n|-damage|p1a: Sableye|0 fnt\n|-damage|p1b: Goodra|32\/100\n|faint|p1a: Sableye\n|\n|-heal|p1b: Goodra|38\/100|[from] item: Leftovers\n|upkeep\n|\n|t:|1699664477\n|switch|p1a: Flutter Mane|Flutter Mane, L50|100\/100\n|-enditem|p1a: Flutter Mane|Booster Energy\n|-activate|p1a: Flutter Mane|ability: Protosynthesis|[fromitem]\n|-start|p1a: Flutter Mane|protosynthesisspe\n|turn|6\n|\n|t:|1699664485\n|-terastallize|p1a: Flutter Mane|Fairy\n|move|p2b: Amoonguss|Spore|p1a: Flutter Mane\n|-status|p1a: Flutter Mane|slp|[from] move: Spore\n|cant|p1a: Flutter Mane|slp\n|move|p1b: Goodra|Life Dew||[still]|[spread] p1a,p1b\n|-fail|p1a: Flutter Mane|heal\n|-heal|p1b: Goodra|63\/100\n|move|p2a: Flutter Mane|Shadow Ball|p1b: Goodra\n|-damage|p1b: Goodra|25\/100\n|\n|-heal|p1b: Goodra|31\/100|[from] item: Leftovers\n|upkeep\n|turn|7\n|inactive|Dinozoic has 30 seconds left.\n|\n|t:|1699664512\n|-terastallize|p2a: Flutter Mane|Ghost\n|cant|p1a: Flutter Mane|slp\n|move|p1b: Goodra|Life Dew||[still]|[spread] p1a,p1b\n|-fail|p1a: Flutter Mane|heal\n|-heal|p1b: Goodra|56\/100\n|move|p2b: Amoonguss|Clear Smog|p1a: Flutter Mane\n|-supereffective|p1a: Flutter Mane\n|-damage|p1a: Flutter Mane|81\/100 slp\n|-clearboost|p1a: Flutter Mane\n|move|p2a: Flutter Mane|Shadow Ball|p1b: Goodra\n|-damage|p1b: Goodra|12\/100\n|-unboost|p1b: Goodra|spd|1\n|\n|-heal|p1b: Goodra|18\/100|[from] item: Leftovers\n|upkeep\n|turn|8\n|\n|t:|1699664534\n|move|p2b: Amoonguss|Rage Powder|p2b: Amoonguss\n|-singleturn|p2b: Amoonguss|move: Rage Powder\n|-curestatus|p1a: Flutter Mane|slp|[msg]\n|move|p1a: Flutter Mane|Dazzling Gleam|p2a: Flutter Mane|[spread] p2a,p2b\n|-resisted|p2b: Amoonguss\n|-damage|p2a: Flutter Mane|41\/100\n|-damage|p2b: Amoonguss|77\/100\n|move|p1b: Goodra|Life Dew|p1b: Goodra|[spread] p1a,p1b\n|-heal|p1a: Flutter Mane|100\/100\n|-heal|p1b: Goodra|43\/100\n|move|p2a: Flutter Mane|Shadow Ball|p1b: Goodra\n|-damage|p1b: Goodra|0 fnt\n|faint|p1b: Goodra\n|\n|-sideend|p1: Cc00ddee|move: Light Screen\n|upkeep\n|\n|t:|1699664548\n|switch|p1b: Umbreon|Umbreon, L50, F|100\/100\n|turn|9\n|\n|t:|1699664561\n|move|p1b: Umbreon|Helping Hand|p1a: Flutter Mane\n|-singleturn|p1a: Flutter Mane|Helping Hand|[of] p1b: Umbreon\n|move|p2b: Amoonguss|Spore|p1a: Flutter Mane\n|-status|p1a: Flutter Mane|slp|[from] move: Spore\n|cant|p1a: Flutter Mane|slp\n|move|p2a: Flutter Mane|Moonblast|p1b: Umbreon\n|-supereffective|p1b: Umbreon\n|-crit|p1b: Umbreon\n|-damage|p1b: Umbreon|0 fnt\n|faint|p1b: Umbreon\n|\n|upkeep\n|turn|10\n|-message|Cc00ddee forfeited.\n|\n|win|Dinozoic\n|raw|Cc00ddee's rating: 1077 &rarr; <strong>1061<\/strong><br \/>(-16 for losing)\n|raw|Dinozoic's rating: 1164 &rarr; <strong>1183<\/strong><br \/>(+19 for winning)\n|l|\u2606Cc00ddee\n","uploadtime":1699664581,"views":27,"p1id":"cc00ddee","p2id":"dinozoic","formatid":"gen9vgc2023regulatione","rating":1061,"private":0,"password":""}