{"id":"gen9vgc2023regulatione-1996443436","p1":"iPetBigfoot","p2":"Kerthwack","format":"[Gen 9] VGC 2023 Regulation E","log":"|j|\u2606iPetBigfoot\n|j|\u2606Kerthwack\n|n|\u2606iPetBigfoot|ipetbigfoot\n|n|\u2606Kerthwack|kerthwack\n|html|View the match progress at <a href=\"\/game-bestof3-gen9vgc2023regulatione-1996437461\">game-bestof3-gen9vgc2023regulatione-1996437461<\/a>\n|t:|1700682518\n|gametype|doubles\n|player|p1|iPetBigfoot|carmine-festival|\n|player|p2|Kerthwack|blue-gen3two|\n|teamsize|p1|6\n|teamsize|p2|6\n|gen|9\n|tier|[Gen 9] VGC 2023 Regulation E\n|rule|Species Clause: Limit one of each Pok\u00e9mon\n|rule|Item Clause: Limit one of each item\n|clearpoke\n|poke|p1|Iron Hands, L50|\n|poke|p1|Hatterene, L50, F|\n|poke|p1|Ogerpon-Cornerstone, L50, F|\n|poke|p1|Ursaluna-Bloodmoon, L50, M|\n|poke|p1|Murkrow, L50, M|\n|poke|p1|Pincurchin, L50, M|\n|poke|p2|Heatran, L50, M|\n|poke|p2|Garchomp, L50, M|\n|poke|p2|Azelf, L50|\n|poke|p2|Palafin, L50, M|\n|poke|p2|Regieleki, L50|\n|poke|p2|Ogerpon, L50, F|\n|teampreview|4\niPetBigfoot rejected open team sheets.\n|j| The Carkol Rider\n|c| The Carkol Rider|winner plays me\n|c| The Carkol Rider|lets get it\n|\n|t:|1700682571\n|start\n|switch|p1a: Iron Hands|Iron Hands, L50|100\/100\n|switch|p1b: Hatterene|Hatterene, L50, F|100\/100\n|switch|p2a: Heatran|Heatran, L50, M|100\/100\n|switch|p2b: Garchomp|Garchomp, L50, M|100\/100\n|-item|p2a: Heatran|Air Balloon\n|-enditem|p1a: Iron Hands|Booster Energy\n|-activate|p1a: Iron Hands|ability: Quark Drive|[fromitem]\n|-start|p1a: Iron Hands|quarkdriveatk\n|turn|1\n|c|\u2606Kerthwack|I gotta leave after this battle regardless :<\n|\n|t:|1700682602\n|-terastallize|p1b: Hatterene|Water\n|move|p1a: Iron Hands|Protect|p1a: Iron Hands\n|-singleturn|p1a: Iron Hands|Protect\n|move|p2b: Garchomp|Swords Dance|p2b: Garchomp\n|-boost|p2b: Garchomp|atk|2\n|move|p2a: Heatran|Heavy Slam|p1b: Hatterene\n|-resisted|p1b: Hatterene\n|-damage|p1b: Hatterene|77\/100\n|move|p1b: Hatterene|Trick Room|p1b: Hatterene\n|-fieldstart|move: Trick Room|[of] p1b: Hatterene\n|\n|upkeep\n|turn|2\n|c| The Carkol Rider|oh\n|c| The Carkol Rider|L\n|\n|t:|1700682630\n|move|p2b: Garchomp|Protect|p2b: Garchomp\n|-singleturn|p2b: Garchomp|Protect\n|move|p1b: Hatterene|Tera Blast|p2a: Heatran|[anim] Tera Blast Water\n|-supereffective|p2a: Heatran\n|-damage|p2a: Heatran|5\/100\n|-enditem|p2a: Heatran|Air Balloon\n|-damage|p1b: Hatterene|67\/100|[from] item: Life Orb\n|move|p1a: Iron Hands|Ice Punch|p2b: Garchomp\n|-activate|p2b: Garchomp|move: Protect\n|move|p2a: Heatran|Will-O-Wisp|p1a: Iron Hands\n|-status|p1a: Iron Hands|brn\n|\n|-damage|p1a: Iron Hands|94\/100 brn|[from] brn\n|upkeep\n|turn|3\n|c|\u2606iPetBigfoot|how dare you live\n|\n|t:|1700682654\n|switch|p2a: Palafin|Palafin, L50, M|100\/100\n|-terastallize|p2b: Garchomp|Steel\n|move|p1b: Hatterene|Tera Blast|p2b: Garchomp|[anim] Tera Blast Water\n|-damage|p2b: Garchomp|30\/100\n|-damage|p1b: Hatterene|57\/100|[from] item: Life Orb\n|move|p1a: Iron Hands|Ice Punch|p2b: Garchomp\n|-resisted|p2b: Garchomp\n|-damage|p2b: Garchomp|21\/100\n|-status|p2b: Garchomp|frz\n|-damage|p1a: Iron Hands|82\/100 brn|[from] ability: Rough Skin|[of] p2b: Garchomp\n|cant|p2b: Garchomp|frz\n|\n|-damage|p1a: Iron Hands|76\/100 brn|[from] brn\n|upkeep\n|turn|4\n|c|\u2606iPetBigfoot|mb\n|c|\u2606Kerthwack|Hax\n|\n|t:|1700682674\n|detailschange|p2a: Palafin|Palafin-Hero, L50, M\n|switch|p2a: Heatran|Heatran, L50, M|5\/100\n|cant|p2b: Garchomp|frz\n|move|p1b: Hatterene|Psychic|p2a: Heatran\n|-resisted|p2a: Heatran\n|-damage|p2a: Heatran|0 fnt\n|faint|p2a: Heatran\n|-damage|p1b: Hatterene|47\/100|[from] item: Life Orb\n|move|p1a: Iron Hands|Drain Punch|p2b: Garchomp\n|-supereffective|p2b: Garchomp\n|-damage|p2b: Garchomp|0 fnt\n|-heal|p1a: Iron Hands|83\/100 brn|[from] drain|[of] p2b: Garchomp\n|-damage|p1a: Iron Hands|71\/100 brn|[from] ability: Rough Skin|[of] p2b: Garchomp\n|faint|p2b: Garchomp\n|\n|-damage|p1a: Iron Hands|65\/100 brn|[from] brn\n|upkeep\n|\n|t:|1700682681\n|switch|p2a: Regieleki|Regieleki, L50|100\/100\n|switch|p2b: Palafin|Palafin-Hero, L50, M|100\/100\n|-activate|p2b: Palafin|ability: Zero to Hero\n|turn|5\n|c|\u2606iPetBigfoot|hax\n|c|\u2606iPetBigfoot|yippe\n|c|\u2606Kerthwack|Had to leave anyway\n|\n|t:|1700682693\n|-end|p1a: Iron Hands|Quark Drive|[silent]\n|switch|p1a: Ogerpon|Ogerpon-Cornerstone, L50, F|100\/100\n|move|p1b: Hatterene|Protect|p1b: Hatterene\n|-singleturn|p1b: Hatterene|Protect\n|move|p2b: Palafin|Protect|p2b: Palafin\n|-singleturn|p2b: Palafin|Protect\n|move|p2a: Regieleki|Protect||[still]\n|-fail|p2a: Regieleki\n|\n|-fieldend|move: Trick Room\n|upkeep\n|turn|6\n|\n|t:|1700682711\n|move|p1a: Ogerpon|Follow Me|p1a: Ogerpon\n|-singleturn|p1a: Ogerpon|move: Follow Me\n|move|p2a: Regieleki|Thunderbolt|p1a: Ogerpon\n|-resisted|p1a: Ogerpon\n|-damage|p1a: Ogerpon|75\/100\n|move|p2b: Palafin|Icy Wind|p1b: Hatterene|[spread] p1a,p1b\n|-supereffective|p1a: Ogerpon\n|-resisted|p1b: Hatterene\n|-damage|p1a: Ogerpon|55\/100\n|-damage|p1b: Hatterene|43\/100\n|-unboost|p1a: Ogerpon|spe|1\n|-unboost|p1b: Hatterene|spe|1\n|move|p1b: Hatterene|Trick Room|p1b: Hatterene\n|-fieldstart|move: Trick Room|[of] p1b: Hatterene\n|\n|upkeep\n|turn|7\n|\n|t:|1700682723\n|move|p2b: Palafin|Jet Punch|p1a: Ogerpon\n|-damage|p1a: Ogerpon|19\/100\n|move|p1b: Hatterene|Psychic|p2a: Regieleki\n|-damage|p2a: Regieleki|0 fnt\n|faint|p2a: Regieleki\n|-damage|p1b: Hatterene|33\/100|[from] item: Life Orb\n|move|p1a: Ogerpon|Wood Hammer|p2b: Palafin\n|-supereffective|p2b: Palafin\n|-enditem|p2b: Palafin|Rindo Berry|[eat]\n|-enditem|p2b: Palafin|Rindo Berry|[weaken]\n|-damage|p2b: Palafin|27\/100\n|-damage|p1a: Ogerpon|0 fnt|[from] Recoil\n|faint|p1a: Ogerpon\n|\n|upkeep\n|\n|t:|1700682729\n|switch|p1a: Iron Hands|Iron Hands, L50|65\/100 brn\n|turn|8\n|\n|t:|1700682733\n|move|p2b: Palafin|Protect|p2b: Palafin\n|-singleturn|p2b: Palafin|Protect\n|move|p1a: Iron Hands|Fake Out|p2b: Palafin\n|-activate|p2b: Palafin|move: Protect\n|move|p1b: Hatterene|Psychic|p2b: Palafin\n|-activate|p2b: Palafin|move: Protect\n|\n|-damage|p1a: Iron Hands|59\/100 brn|[from] brn\n|upkeep\n|turn|9\n|\n|t:|1700682737\n|move|p1b: Hatterene|Psychic|p2b: Palafin\n|-damage|p2b: Palafin|0 fnt\n|faint|p2b: Palafin\n|-damage|p1b: Hatterene|23\/100|[from] item: Life Orb\n|\n|win|iPetBigfoot\n|c|\u2606iPetBigfoot|gg\n|l| The Carkol Rider\n|c|\u2606Kerthwack|Gg\n|l|\u2606Kerthwack\n","uploadtime":1700682764,"views":2,"p1id":"ipetbigfoot","p2id":"kerthwack","formatid":"gen9vgc2023regulatione","rating":0,"private":0,"password":""}