{"id":"gen9vgc2023regulatione-1989204420","p1":"Tutkan","p2":"caZISA","format":"[Gen 9] VGC 2023 Regulation E","log":"|j|\u2606Tutkan\n|j|\u2606caZISA\n|t:|1699823149\n|gametype|doubles\n|player|p1|Tutkan|170|1404\n|player|p2|caZISA|red|1499\n|teamsize|p1|6\n|teamsize|p2|6\n|gen|9\n|tier|[Gen 9] VGC 2023 Regulation E\n|rated|\n|rule|Species Clause: Limit one of each Pok\u00e9mon\n|rule|Item Clause: Limit one of each item\n|clearpoke\n|poke|p1|Heatran, L50, M|\n|poke|p1|Chien-Pao, L50|\n|poke|p1|Dragonite, L50, F|\n|poke|p1|Urshifu-*, L50, F|\n|poke|p1|Flutter Mane, L50|\n|poke|p1|Tornadus, L50, M|\n|poke|p2|Ogerpon, L50, F|\n|poke|p2|Tyranitar, L50, M|\n|poke|p2|Gastrodon, L50, F|\n|poke|p2|Talonflame, L50, F|\n|poke|p2|Gholdengo, L50|\n|poke|p2|Clefairy, L50, F|\n|teampreview|4\n|j| buckmatic\n|inactive|Battle timer is ON: inactive players will automatically lose when time's up. (requested by caZISA)\n|j| Abf123\n|\n|t:|1699823205\n|start\n|switch|p1a: Heatran|Heatran, L50, M|100\/100\n|switch|p1b: Urshifu|Urshifu-Rapid-Strike, L50, F|100\/100\n|switch|p2a: Airazor|Talonflame, L50, F|100\/100\n|switch|p2b: Golden boy|Gholdengo, L50|100\/100\n|turn|1\n|inactive|Tutkan has 30 seconds left.\n|inactive|caZISA has 30 seconds left.\n|inactive|Tutkan has 20 seconds left.\n|inactive|Tutkan has 15 seconds left.\n|inactive|Tutkan has 10 seconds left.\n|\n|t:|1699823251\n|switch|p2b: Burpy|Gastrodon, L50, F|100\/100\n|move|p2a: Airazor|Tailwind|p2a: Airazor\n|-sidestart|p2: caZISA|move: Tailwind\n|move|p1b: Urshifu|U-turn|p2a: Airazor\n|-resisted|p2a: Airazor\n|-damage|p2a: Airazor|91\/100\n|\n|t:|1699823262\n|switch|p1b: Dragonite|Dragonite, L50, F|100\/100|[from] U-turn\n|move|p1a: Heatran|Heat Wave|p2b: Burpy|[spread] p2a,p2b\n|-resisted|p2a: Airazor\n|-crit|p2a: Airazor\n|-resisted|p2b: Burpy\n|-damage|p2a: Airazor|41\/100\n|-damage|p2b: Burpy|85\/100\n|\n|upkeep\n|turn|2\n|inactive|Tutkan has 30 seconds left.\n|inactive|Tutkan has 20 seconds left.\n|inactive|Tutkan has 15 seconds left.\n|inactive|Tutkan has 10 seconds left.\n|\n|t:|1699823308\n|switch|p1a: Urshifu|Urshifu-Rapid-Strike, L50, F|100\/100\n|-terastallize|p2a: Airazor|Ghost\n|-terastallize|p1b: Dragonite|Normal\n|move|p2b: Burpy|Protect|p2b: Burpy\n|-singleturn|p2b: Burpy|Protect\n|move|p1b: Dragonite|Extreme Speed|p2b: Burpy\n|-activate|p2b: Burpy|move: Protect\n|move|p2a: Airazor|Will-O-Wisp|p1b: Dragonite\n|-status|p1b: Dragonite|brn\n|\n|-damage|p1b: Dragonite|95\/100 brn|[from] brn\n|upkeep\n|turn|3\n|inactive|Tutkan has 30 seconds left.\n|inactive|Tutkan has 20 seconds left.\n|inactive|Tutkan has 15 seconds left.\n|inactive|Tutkan has 10 seconds left.\n|\n|t:|1699823357\n|switch|p1b: Flutter Mane|Flutter Mane, L50|100\/100\n|-enditem|p1b: Flutter Mane|Booster Energy\n|-activate|p1b: Flutter Mane|ability: Protosynthesis|[fromitem]\n|-start|p1b: Flutter Mane|protosynthesisspa\n|move|p2a: Airazor|Brave Bird|p1a: Urshifu\n|-supereffective|p1a: Urshifu\n|-damage|p1a: Urshifu|7\/100\n|-damage|p2a: Airazor|5\/100|[from] Recoil\n|move|p1a: Urshifu|U-turn|p2b: Burpy\n|-damage|p2b: Burpy|62\/100\n|\n|t:|1699823377\n|switch|p1a: Heatran|Heatran, L50, M|100\/100|[from] U-turn\n|move|p2b: Burpy|Earth Power|p1a: Heatran\n|-supereffective|p1a: Heatran\n|-damage|p1a: Heatran|29\/100\n|\n|upkeep\n|turn|4\n|\n|t:|1699823400\n|switch|p2b: godzilla|Tyranitar, L50, M, shiny|100\/100\n|-weather|Sandstorm|[from] ability: Sand Stream|[of] p2b: godzilla\n|move|p2a: Airazor|Brave Bird|p1b: Flutter Mane\n|-damage|p1b: Flutter Mane|25\/100\n|-damage|p2a: Airazor|0 fnt|[from] Recoil\n|faint|p2a: Airazor\n|move|p1b: Flutter Mane|Dazzling Gleam|p2b: godzilla\n|-supereffective|p2b: godzilla\n|-damage|p2b: godzilla|55\/100\n|move|p1a: Heatran|Tera Blast|p2b: godzilla\n|-resisted|p2b: godzilla\n|-damage|p2b: godzilla|50\/100\n|\n|-weather|Sandstorm|[upkeep]\n|-damage|p1b: Flutter Mane|19\/100|[from] Sandstorm\n|-sideend|p2: caZISA|move: Tailwind\n|upkeep\n|\n|t:|1699823415\n|switch|p2a: Golden boy|Gholdengo, L50|100\/100\n|turn|5\n|\n|t:|1699823425\n|move|p1b: Flutter Mane|Shadow Ball|p2a: Golden boy\n|-supereffective|p2a: Golden boy\n|-damage|p2a: Golden boy|0 fnt\n|faint|p2a: Golden boy\n|move|p1a: Heatran|Heat Wave|p2b: godzilla\n|-resisted|p2b: godzilla\n|-damage|p2b: godzilla|39\/100\n|move|p2b: godzilla|Rock Slide|p1a: Heatran|[spread] p1b\n|-miss|p2b: godzilla|p1a: Heatran\n|-damage|p1b: Flutter Mane|0 fnt\n|faint|p1b: Flutter Mane\n|-end|p1b: Flutter Mane|Protosynthesis|[silent]\n|\n|-weather|Sandstorm|[upkeep]\n|upkeep\n|\n|t:|1699823439\n|switch|p1b: Dragonite|Dragonite, L50, F, tera:Normal|95\/100 brn\n|switch|p2a: Burpy|Gastrodon, L50, F|62\/100\n|turn|6\n|\n|t:|1699823456\n|move|p1b: Dragonite|Extreme Speed|p2a: Burpy\n|-damage|p2a: Burpy|34\/100\n|-enditem|p2a: Burpy|Sitrus Berry|[eat]\n|-heal|p2a: Burpy|59\/100|[from] item: Sitrus Berry\n|move|p1a: Heatran|Earth Power|p2b: godzilla\n|-supereffective|p2b: godzilla\n|-damage|p2b: godzilla|12\/100\n|move|p2b: godzilla|Rock Slide|p1b: Dragonite|[spread] p1a\n|-miss|p2b: godzilla|p1b: Dragonite\n|-damage|p1a: Heatran|0 fnt\n|faint|p1a: Heatran\n|move|p2a: Burpy|Recover|p2a: Burpy\n|-heal|p2a: Burpy|100\/100\n|\n|-weather|Sandstorm|[upkeep]\n|-damage|p1b: Dragonite|89\/100 brn|[from] Sandstorm\n|-damage|p1b: Dragonite|83\/100 brn|[from] brn\n|upkeep\n|\n|t:|1699823473\n|switch|p1a: Urshifu|Urshifu-Rapid-Strike, L50, F|7\/100\n|turn|7\n|\n|t:|1699823483\n|move|p2a: Burpy|Protect|p2a: Burpy\n|-singleturn|p2a: Burpy|Protect\n|move|p1b: Dragonite|Extreme Speed|p2b: godzilla\n|-resisted|p2b: godzilla\n|-damage|p2b: godzilla|0 fnt\n|faint|p2b: godzilla\n|move|p1a: Urshifu|Close Combat|p2a: Burpy\n|-damage|p2a: Burpy|40\/100\n|-unboost|p1a: Urshifu|def|1\n|-unboost|p1a: Urshifu|spd|1\n|\n|-weather|Sandstorm|[upkeep]\n|-damage|p1a: Urshifu|0 fnt|[from] Sandstorm\n|-damage|p1b: Dragonite|77\/100 brn|[from] Sandstorm\n|faint|p1a: Urshifu\n|-damage|p1b: Dragonite|71\/100 brn|[from] brn\n|upkeep\n|turn|8\n|\n|t:|1699823499\n|move|p1b: Dragonite|Extreme Speed|p2a: Burpy\n|-damage|p2a: Burpy|12\/100\n|move|p2a: Burpy|Recover|p2a: Burpy\n|-heal|p2a: Burpy|62\/100\n|\n|-weather|none\n|-damage|p1b: Dragonite|65\/100 brn|[from] brn\n|upkeep\n|turn|9\n|\n|t:|1699823507\n|move|p2a: Burpy|Protect|p2a: Burpy\n|-singleturn|p2a: Burpy|Protect\n|move|p1b: Dragonite|Extreme Speed|p2a: Burpy\n|-activate|p2a: Burpy|move: Protect\n|\n|-damage|p1b: Dragonite|59\/100 brn|[from] brn\n|upkeep\n|turn|10\n|\n|t:|1699823515\n|move|p1b: Dragonite|Extreme Speed|p2a: Burpy\n|-damage|p2a: Burpy|34\/100\n|move|p2a: Burpy|Recover|p2a: Burpy\n|-heal|p2a: Burpy|84\/100\n|\n|-damage|p1b: Dragonite|53\/100 brn|[from] brn\n|upkeep\n|turn|11\n|\n|t:|1699823524\n|move|p2a: Burpy|Protect|p2a: Burpy\n|-singleturn|p2a: Burpy|Protect\n|move|p1b: Dragonite|Extreme Speed|p2a: Burpy\n|-activate|p2a: Burpy|move: Protect\n|\n|-damage|p1b: Dragonite|48\/100 brn|[from] brn\n|upkeep\n|turn|12\n|\n|t:|1699823531\n|move|p1b: Dragonite|Extreme Speed|p2a: Burpy\n|-damage|p2a: Burpy|58\/100\n|move|p2a: Burpy|Recover|p2a: Burpy\n|-heal|p2a: Burpy|100\/100\n|\n|-damage|p1b: Dragonite|42\/100 brn|[from] brn\n|upkeep\n|turn|13\n|\n|t:|1699823538\n|-activate|p1b: Dragonite|move: Struggle\n|move|p1b: Dragonite|Struggle|p2a: Burpy\n|-damage|p2a: Burpy|89\/100\n|-damage|p1b: Dragonite|17\/100 brn|[from] recoil\n|move|p2a: Burpy|Earth Power|p1b: Dragonite\n|-damage|p1b: Dragonite|0 fnt\n|faint|p1b: Dragonite\n|\n|win|caZISA\n|raw|Tutkan's rating: 1404 &rarr; <strong>1389<\/strong><br \/>(-15 for losing)\n|raw|caZISA's rating: 1499 &rarr; <strong>1514<\/strong><br \/>(+15 for winning)\n","uploadtime":1699823548,"views":17,"p1id":"tutkan","p2id":"cazisa","formatid":"gen9vgc2023regulatione","rating":1389,"private":0,"password":""}