{"id":"gen9vgc2023regulatione-1989188845","p1":"XeolnorzHS","p2":"Lezzino_gt","format":"[Gen 9] VGC 2023 Regulation E","log":"|j|\u2606XeolnorzHS\n|j|\u2606Lezzino_gt\n|n|\u2606XeolnorzHS|xeolnorzhs\n|n|\u2606Lezzino_gt|lezzinogt\n|html|View the match progress at <a href=\"\/game-bestof3-gen9vgc2023regulatione-1989180046\">game-bestof3-gen9vgc2023regulatione-1989180046<\/a>\n|t:|1699821542\n|gametype|doubles\n|player|p1|XeolnorzHS|linebacker|\n|player|p2|Lezzino_gt|266|\n|teamsize|p1|6\n|teamsize|p2|6\n|gen|9\n|tier|[Gen 9] VGC 2023 Regulation E\n|rule|Species Clause: Limit one of each Pok\u00e9mon\n|rule|Item Clause: Limit one of each item\n|clearpoke\n|poke|p1|Tornadus, L50, M|\n|poke|p1|Urshifu-*, L50, M|\n|poke|p1|Flutter Mane, L50|\n|poke|p1|Arcanine-Hisui, L50, M|\n|poke|p1|Chien-Pao, L50|\n|poke|p1|Rillaboom, L50, M|\n|poke|p2|Dondozo, L50, M|\n|poke|p2|Tatsugiri, L50, M|\n|poke|p2|Ninetales-Alola, L50, F|\n|poke|p2|Glimmora, L50, F|\n|poke|p2|Iron Hands, L50|\n|poke|p2|Ogerpon-Hearthflame, L50, F|\n|teampreview|4\nLezzino_gt has agreed to open team sheets.\nXeolnorzHS has agreed to open team sheets.\n|showteam|p1|Tornadus||RockyHelmet|Prankster|BleakwindStorm,Taunt,Tailwind,RainDance|||M|||50|,,,,,Ghost]Urshifu-Rapid-Strike||MysticWater|UnseenFist|SurgingStrikes,AquaJet,CloseCombat,Protect|||M|||50|,,,,,Water]Flutter Mane||BoosterEnergy|Protosynthesis|Moonblast,ShadowBall,Protect,DazzlingGleam||||||50|,,,,,Fairy]Arcanine-Hisui||ChoiceBand|Intimidate|FlareBlitz,HeadSmash,RockSlide,ExtremeSpeed|||M|||50|,,,,,Normal]Chien-Pao||FocusSash|SwordofRuin|SuckerPunch,IcicleCrash,SacredSword,Protect||||||50|,,,,,Ghost]Rillaboom||AssaultVest|GrassySurge|WoodHammer,GrassyGlide,Uturn,FakeOut|||M|||50|,,,,,Fire\n|showteam|p2|Dondozo||Leftovers|Unaware|WaveCrash,OrderUp,Substitute,Protect|||M|||50|,,,,,Dragon]Tatsugiri||AbilityShield|Commander|MuddyWater,DracoMeteor,Taunt,Protect|||M|||50|,,,,,Steel]Ninetales-Alola||LightClay|SnowWarning|Blizzard,IcyWind,AuroraVeil,Protect|||F|||50|,,,,,Fire]Glimmora||FocusSash|ToxicDebris|PowerGem,SludgeBomb,MortalSpin,SpikyShield|||F|||50|,,,,,Dragon]Iron Hands||AssaultVest|QuarkDrive|DrainPunch,WildCharge,HeavySlam,FakeOut||||||50|,,,,,Water]Ogerpon-Hearthflame||HearthflameMask|MoldBreaker|IvyCudgel,HornLeech,SwordsDance,SpikyShield|||F|||50|,,,,,Fire\n|j| Polpolpo\n|\n|t:|1699821631\n|start\n|switch|p1a: Tornadus|Tornadus, L50, M|100\/100\n|switch|p1b: Urshifu|Urshifu-Rapid-Strike, L50, M|100\/100\n|switch|p2a: Glimmora|Glimmora, L50, F, shiny|100\/100\n|switch|p2b: Iron Hands|Iron Hands, L50|100\/100\n|turn|1\n|\n|t:|1699821749\n|-terastallize|p1b: Urshifu|Water\n|move|p2b: Iron Hands|Fake Out|p1b: Urshifu\n|-damage|p1b: Urshifu|85\/100\n|move|p1a: Tornadus|Rain Dance|p1a: Tornadus\n|-weather|RainDance\n|cant|p1b: Urshifu|flinch\n|move|p2a: Glimmora|Power Gem|p1a: Tornadus\n|-supereffective|p1a: Tornadus\n|-damage|p1a: Tornadus|0 fnt\n|faint|p1a: Tornadus\n|\n|-weather|RainDance|[upkeep]\n|upkeep\n|\n|t:|1699821793\n|switch|p1a: Rillaboom|Rillaboom, L50, M|100\/100\n|-fieldstart|move: Grassy Terrain|[from] ability: Grassy Surge|[of] p1a: Rillaboom\n|turn|2\n|\n|t:|1699821829\n|move|p1a: Rillaboom|Fake Out|p2b: Iron Hands\n|-damage|p2b: Iron Hands|92\/100\n|move|p1b: Urshifu|Surging Strikes|p2a: Glimmora\n|-supereffective|p2a: Glimmora\n|-crit|p2a: Glimmora\n|-enditem|p2a: Glimmora|Focus Sash\n|-damage|p2a: Glimmora|1\/100\n|-activate|p2a: Glimmora|ability: Toxic Debris\n|-sidestart|p1: XeolnorzHS|move: Toxic Spikes\n|-supereffective|p2a: Glimmora\n|-crit|p2a: Glimmora\n|-damage|p2a: Glimmora|0 fnt\n|-activate|p2a: Glimmora|ability: Toxic Debris\n|-sidestart|p1: XeolnorzHS|move: Toxic Spikes\n|faint|p2a: Glimmora\n|-hitcount|p2: Glimmora|2\n|cant|p2b: Iron Hands|flinch\n|\n|-weather|RainDance|[upkeep]\n|-heal|p1b: Urshifu|91\/100|[from] Grassy Terrain\n|-heal|p2b: Iron Hands|98\/100|[from] Grassy Terrain\n|upkeep\n|\n|t:|1699821845\n|switch|p2a: Ninetales|Ninetales-Alola, L50, F, shiny|100\/100\n|-weather|Snow|[from] ability: Snow Warning|[of] p2a: Ninetales\n|turn|3\n|\n|t:|1699821902\n|move|p2a: Ninetales|Aurora Veil|p2a: Ninetales\n|-sidestart|p2: Lezzino_gt|move: Aurora Veil\n|move|p1b: Urshifu|Surging Strikes|p2b: Iron Hands\n|-crit|p2b: Iron Hands\n|-damage|p2b: Iron Hands|79\/100\n|-crit|p2b: Iron Hands\n|-damage|p2b: Iron Hands|57\/100\n|-crit|p2b: Iron Hands\n|-damage|p2b: Iron Hands|37\/100\n|-hitcount|p2b: Iron Hands|3\n|move|p1a: Rillaboom|Wood Hammer|p2b: Iron Hands\n|-damage|p2b: Iron Hands|3\/100\n|-damage|p1a: Rillaboom|87\/100|[from] Recoil\n|move|p2b: Iron Hands|Wild Charge|p1b: Urshifu\n|-supereffective|p1b: Urshifu\n|-damage|p1b: Urshifu|0 fnt\n|faint|p1b: Urshifu\n|-damage|p2b: Iron Hands|0 fnt|[from] Recoil\n|faint|p2b: Iron Hands\n|-end|p2b: Iron Hands|Quark Drive|[silent]\n|\n|-weather|Snow|[upkeep]\n|-heal|p1a: Rillaboom|93\/100|[from] Grassy Terrain\n|upkeep\n|\n|t:|1699821926\n|switch|p1b: Flutter Mane|Flutter Mane, L50, shiny|100\/100\n|switch|p2b: Ogerpon|Ogerpon-Hearthflame, L50, F|100\/100\n|-status|p1b: Flutter Mane|tox\n|-ability|p2b: Ogerpon|Mold Breaker\n|-enditem|p1b: Flutter Mane|Booster Energy\n|-activate|p1b: Flutter Mane|ability: Protosynthesis|[fromitem]\n|-start|p1b: Flutter Mane|protosynthesisspa\n|turn|4\n|\n|t:|1699821959\n|move|p1b: Flutter Mane|Shadow Ball|p2b: Ogerpon\n|-damage|p2b: Ogerpon|64\/100\n|move|p2a: Ninetales|Icy Wind|p1b: Flutter Mane|[spread] p1a,p1b\n|-supereffective|p1a: Rillaboom\n|-damage|p1a: Rillaboom|74\/100\n|-damage|p1b: Flutter Mane|89\/100 tox\n|-unboost|p1a: Rillaboom|spe|1\n|-unboost|p1b: Flutter Mane|spe|1\n|move|p2b: Ogerpon|Ivy Cudgel|p1a: Rillaboom\n|-supereffective|p1a: Rillaboom\n|-crit|p1a: Rillaboom\n|-damage|p1a: Rillaboom|0 fnt\n|faint|p1a: Rillaboom\n|\n|-weather|Snow|[upkeep]\n|-heal|p2b: Ogerpon|70\/100|[from] Grassy Terrain\n|-heal|p1b: Flutter Mane|95\/100 tox|[from] Grassy Terrain\n|-damage|p1b: Flutter Mane|89\/100 tox|[from] psn\n|upkeep\n|turn|5\n|c|\u2606XeolnorzHS|gg\n|c|\u2606Lezzino_gt|gg\n|\n|t:|1699821998\n|move|p2b: Ogerpon|Spiky Shield|p2b: Ogerpon\n|-singleturn|p2b: Ogerpon|move: Protect\n|move|p2a: Ninetales|Blizzard|p1b: Flutter Mane\n|-damage|p1b: Flutter Mane|55\/100 tox\n|move|p1b: Flutter Mane|Shadow Ball|p2b: Ogerpon\n|-activate|p2b: Ogerpon|move: Protect\n|\n|-weather|Snow|[upkeep]\n|-heal|p2b: Ogerpon|76\/100|[from] Grassy Terrain\n|-heal|p1b: Flutter Mane|61\/100 tox|[from] Grassy Terrain\n|-damage|p1b: Flutter Mane|49\/100 tox|[from] psn\n|upkeep\n|turn|6\n|\n|t:|1699822014\n|move|p2a: Ninetales|Blizzard|p1b: Flutter Mane\n|-damage|p1b: Flutter Mane|20\/100 tox\n|move|p2b: Ogerpon|Swords Dance|p2b: Ogerpon\n|-boost|p2b: Ogerpon|atk|2\n|move|p1b: Flutter Mane|Shadow Ball|p2b: Ogerpon\n|-damage|p2b: Ogerpon|39\/100\n|\n|-weather|Snow|[upkeep]\n|-heal|p2b: Ogerpon|45\/100|[from] Grassy Terrain\n|-heal|p1b: Flutter Mane|25\/100 tox|[from] Grassy Terrain\n|-damage|p1b: Flutter Mane|8\/100 tox|[from] psn\n|-fieldend|move: Grassy Terrain\n|upkeep\n|turn|7\n|\n|t:|1699822029\n|move|p2a: Ninetales|Protect|p2a: Ninetales\n|-singleturn|p2a: Ninetales|Protect\n|move|p2b: Ogerpon|Spiky Shield|p2b: Ogerpon\n|-singleturn|p2b: Ogerpon|move: Protect\n|move|p1b: Flutter Mane|Shadow Ball|p2a: Ninetales\n|-activate|p2a: Ninetales|move: Protect\n|\n|-weather|none\n|-damage|p1b: Flutter Mane|0 fnt|[from] psn\n|faint|p1b: Flutter Mane\n|-end|p1b: Flutter Mane|Protosynthesis|[silent]\n|\n|win|Lezzino_gt\n|upkeep\n|l| Polpolpo\n","uploadtime":1699822097,"views":24,"p1id":"xeolnorzhs","p2id":"lezzinogt","formatid":"gen9vgc2023regulatione","rating":0,"private":0,"password":""}