{"id":"gen9vgc2023regulatione-1998930030","p1":"Astano","p2":"D&D_Enjoyer","format":"[Gen 9] VGC 2023 Regulation E","log":"|j|\u2606Astano\n|j|\u2606D&D_Enjoyer\n|t:|1701014389\n|gametype|doubles\n|player|p1|Astano|cynthia-masters3|1076\n|player|p2|D&D_Enjoyer|170|1033\n|teamsize|p1|6\n|teamsize|p2|6\n|gen|9\n|tier|[Gen 9] VGC 2023 Regulation E\n|rated|\n|rule|Species Clause: Limit one of each Pok\u00e9mon\n|rule|Item Clause: Limit one of each item\n|clearpoke\n|poke|p1|Ogerpon-Wellspring, L50, F|\n|poke|p1|Chi-Yu, L50|\n|poke|p1|Iron Hands, L50|\n|poke|p1|Landorus-Therian, L50, M|\n|poke|p1|Chien-Pao, L50|\n|poke|p1|Flutter Mane, L50|\n|poke|p2|Ninetales, L50, F|\n|poke|p2|Rillaboom, L50, M|\n|poke|p2|Lilligant, L50, F|\n|poke|p2|Flutter Mane, L50|\n|poke|p2|Great Tusk, L50|\n|poke|p2|Roaring Moon, L50|\n|teampreview|4\nAstano has agreed to open team sheets.\n|inactive|Battle timer is ON: inactive players will automatically lose when time's up. (requested by Astano)\n|\n|t:|1701014429\n|start\n|switch|p1a: Chien-Pao|Chien-Pao, L50|100\/100\n|switch|p1b: Iron Hands|Iron Hands, L50|100\/100\n|switch|p2a: Ninetales|Ninetales, L50, F, shiny|100\/100\n|switch|p2b: Roaring Moon|Roaring Moon, L50|100\/100\n|-ability|p1a: Chien-Pao|Sword of Ruin\n|-weather|SunnyDay|[from] ability: Drought|[of] p2a: Ninetales\n|-activate|p2b: Roaring Moon|ability: Protosynthesis\n|-start|p2b: Roaring Moon|protosynthesisspe\n|turn|1\n|inactive|D&D_Enjoyer has 30 seconds left.\n|inactive|D&D_Enjoyer has 20 seconds left.\n|inactive|D&D_Enjoyer has 15 seconds left.\n|inactive|D&D_Enjoyer has 10 seconds left.\n|\n|t:|1701014476\n|move|p1b: Iron Hands|Fake Out|p2a: Ninetales\n|-damage|p2a: Ninetales|79\/100\n|move|p2b: Roaring Moon|Knock Off|p1a: Chien-Pao\n|-resisted|p1a: Chien-Pao\n|-damage|p1a: Chien-Pao|58\/100\n|-enditem|p1a: Chien-Pao|Focus Sash|[from] move: Knock Off|[of] p2b: Roaring Moon\n|-damage|p2b: Roaring Moon|91\/100|[from] item: Life Orb\n|move|p1a: Chien-Pao|Icicle Crash|p2b: Roaring Moon\n|-supereffective|p2b: Roaring Moon\n|-damage|p2b: Roaring Moon|0 fnt\n|faint|p2b: Roaring Moon\n|-end|p2b: Roaring Moon|Protosynthesis|[silent]\n|cant|p2a: Ninetales|flinch\n|\n|-weather|SunnyDay|[upkeep]\n|upkeep\n|\n|t:|1701014492\n|switch|p2b: Flutter Mane|Flutter Mane, L50|100\/100\n|-activate|p2b: Flutter Mane|ability: Protosynthesis\n|-start|p2b: Flutter Mane|protosynthesisspe\n|turn|2\n|\n|t:|1701014510\n|-terastallize|p1b: Iron Hands|Fire\n|move|p1a: Chien-Pao|Protect|p1a: Chien-Pao\n|-singleturn|p1a: Chien-Pao|Protect\n|move|p2b: Flutter Mane|Dazzling Gleam|p1b: Iron Hands|[spread] p1b\n|-activate|p1a: Chien-Pao|move: Protect\n|-resisted|p1b: Iron Hands\n|-damage|p1b: Iron Hands|87\/100\n|move|p2a: Ninetales|Encore|p1b: Iron Hands\n|-start|p1b: Iron Hands|Encore\n|move|p1b: Iron Hands|Fake Out||[still]\n|-hint|Fake Out only works on your first turn out.\n|-fail|p1b: Iron Hands\n|\n|-weather|SunnyDay|[upkeep]\n|upkeep\n|turn|3\n|inactive|D&D_Enjoyer has 30 seconds left.\n|\n|t:|1701014539\n|-end|p1b: Iron Hands|Quark Drive|[silent]\n|switch|p1b: Landorus|Landorus-Therian, L50, M|100\/100\n|-ability|p1b: Landorus|Intimidate|boost\n|-unboost|p2a: Ninetales|atk|1\n|-unboost|p2b: Flutter Mane|atk|1\n|move|p1a: Chien-Pao|Sucker Punch|p2b: Flutter Mane\n|-damage|p2b: Flutter Mane|0 fnt\n|faint|p2b: Flutter Mane\n|-end|p2b: Flutter Mane|Protosynthesis|[silent]\n|move|p2a: Ninetales|Overheat|p1a: Chien-Pao\n|-supereffective|p1a: Chien-Pao\n|-damage|p1a: Chien-Pao|0 fnt\n|-unboost|p2a: Ninetales|spa|2\n|faint|p1a: Chien-Pao\n|\n|-weather|SunnyDay|[upkeep]\n|upkeep\n|\n|t:|1701014552\n|switch|p2b: Great Tusk|Great Tusk, L50|100\/100\n|switch|p1a: Flutter Mane|Flutter Mane, L50|100\/100\n|-activate|p1a: Flutter Mane|ability: Protosynthesis\n|-start|p1a: Flutter Mane|protosynthesisspa\n|-activate|p2b: Great Tusk|ability: Protosynthesis\n|-start|p2b: Great Tusk|protosynthesisspe\n|turn|4\n|inactive|D&D_Enjoyer has 30 seconds left.\n|\n|t:|1701014583\n|move|p1a: Flutter Mane|Protect|p1a: Flutter Mane\n|-singleturn|p1a: Flutter Mane|Protect\n|move|p2b: Great Tusk|Head Smash|p1a: Flutter Mane\n|-activate|p1a: Flutter Mane|move: Protect\n|move|p1b: Landorus|Rock Slide|p2b: Great Tusk|[spread] p2a,p2b\n|-supereffective|p2a: Ninetales\n|-resisted|p2b: Great Tusk\n|-damage|p2a: Ninetales|34\/100\n|-damage|p2b: Great Tusk|96\/100\n|cant|p2a: Ninetales|flinch\n|\n|-weather|SunnyDay|[upkeep]\n|upkeep\n|turn|5\n|inactive|Astano has 30 seconds left.\n|inactive|D&D_Enjoyer has 30 seconds left.\n|\n|t:|1701014618\n|switch|p1b: Iron Hands|Iron Hands, L50, tera:Fire|87\/100\n|move|p2b: Great Tusk|Headlong Rush|p1b: Iron Hands\n|-supereffective|p1b: Iron Hands\n|-damage|p1b: Iron Hands|20\/100\n|-unboost|p2b: Great Tusk|def|1\n|-unboost|p2b: Great Tusk|spd|1\n|move|p1a: Flutter Mane|Moonblast|p2b: Great Tusk\n|-supereffective|p2b: Great Tusk\n|-damage|p2b: Great Tusk|0 fnt\n|faint|p2b: Great Tusk\n|-end|p2b: Great Tusk|Protosynthesis|[silent]\n|move|p2a: Ninetales|Will-O-Wisp|p1b: Iron Hands\n|-immune|p1b: Iron Hands\n|\n|-weather|SunnyDay|[upkeep]\n|upkeep\n|turn|6\n|c|\u2606Astano|gg\n|\n|t:|1701014635\n|move|p1b: Iron Hands|Fake Out|p2a: Ninetales\n|-damage|p2a: Ninetales|20\/100\n|move|p1a: Flutter Mane|Moonblast|p2a: Ninetales\n|-resisted|p2a: Ninetales\n|-damage|p2a: Ninetales|0 fnt\n|faint|p2a: Ninetales\n|\n|win|Astano\n|raw|Astano's rating: 1076 &rarr; <strong>1101<\/strong><br \/>(+25 for winning)\n|raw|D&amp;D_Enjoyer's rating: 1033 &rarr; <strong>1020<\/strong><br \/>(-13 for losing)\n","uploadtime":1701014639,"views":4,"p1id":"astano","p2id":"ddenjoyer","formatid":"gen9vgc2023regulatione","rating":1020,"private":0,"password":""}