{"id":"gen9vgc2023regulatione-2000393478","p1":"mike77777","p2":"Jhonnyflames","format":"[Gen 9] VGC 2023 Regulation E","log":"|j|\u2606mike77777\n|j|\u2606Jhonnyflames\n|t:|1701191073\n|gametype|doubles\n|player|p1|mike77777|1|1120\n|player|p2|Jhonnyflames|firebreather|1203\n|teamsize|p1|6\n|teamsize|p2|6\n|gen|9\n|tier|[Gen 9] VGC 2023 Regulation E\n|rated|\n|rule|Species Clause: Limit one of each Pok\u00e9mon\n|rule|Item Clause: Limit one of each item\n|clearpoke\n|poke|p1|Dragonite, L50, M|\n|poke|p1|Hippowdon, L50, M|\n|poke|p1|Zapdos, L50|\n|poke|p1|Sableye, L50, F|\n|poke|p1|Empoleon, L50, M|\n|poke|p1|Magcargo, L50, F|\n|poke|p2|Bisharp, L50, M|\n|poke|p2|Baxcalibur, L50, F|\n|poke|p2|Ninetales-Alola, L50, M|\n|poke|p2|Frosmoth, L50, M|\n|poke|p2|Sableye, L50, F|\n|poke|p2|Landorus, L50, M|\n|teampreview|4\n|inactive|Battle timer is ON: inactive players will automatically lose when time's up. (requested by Jhonnyflames)\n|\n|t:|1701191098\n|start\n|switch|p1a: Hippowdon|Hippowdon, L50, M|100\/100\n|switch|p1b: Dragonite|Dragonite, L50, M|100\/100\n|switch|p2a: Bisharp|Bisharp, L50, M, shiny|100\/100\n|switch|p2b: Ninetales|Ninetales-Alola, L50, M|100\/100\n|-weather|Snow|[from] ability: Snow Warning|[of] p2b: Ninetales\n|-weather|Sandstorm|[from] ability: Sand Stream|[of] p1a: Hippowdon\n|turn|1\n|inactive|Jhonnyflames has 30 seconds left.\n|inactive|Jhonnyflames has 20 seconds left.\n|\n|t:|1701191138\n|switch|p2a: Landorus|Landorus, L50, M|100\/100\n|move|p2b: Ninetales|Blizzard|p1a: Hippowdon|[spread] p1a\n|-miss|p2b: Ninetales|p1b: Dragonite\n|-supereffective|p1a: Hippowdon\n|-damage|p1a: Hippowdon|47\/100\n|move|p1b: Dragonite|Rock Slide|p2b: Ninetales|[spread] p2a,p2b\n|-supereffective|p2b: Ninetales\n|-damage|p2a: Landorus|73\/100\n|-damage|p2b: Ninetales|33\/100\n|move|p1a: Hippowdon|Body Press|p2a: Landorus\n|-resisted|p2a: Landorus\n|-damage|p2a: Landorus|58\/100\n|\n|-weather|Sandstorm|[upkeep]\n|-damage|p2b: Ninetales|27\/100|[from] Sandstorm\n|-damage|p1b: Dragonite|95\/100|[from] Sandstorm\n|upkeep\n|turn|2\n|inactive|Jhonnyflames has 30 seconds left.\n|inactive|Jhonnyflames has 20 seconds left.\n|\n|t:|1701191175\n|switch|p2b: Baxcalibur|Baxcalibur, L50, F|100\/100\n|move|p2a: Landorus|Protect|p2a: Landorus\n|-singleturn|p2a: Landorus|Protect\n|move|p1b: Dragonite|Extreme Speed|p2b: Baxcalibur\n|-damage|p2b: Baxcalibur|73\/100\n|move|p1a: Hippowdon|Ice Fang|p2a: Landorus\n|-activate|p2a: Landorus|move: Protect\n|\n|-weather|Sandstorm|[upkeep]\n|-damage|p1b: Dragonite|89\/100|[from] Sandstorm\n|-damage|p2b: Baxcalibur|68\/100|[from] Sandstorm\n|upkeep\n|turn|3\n|\n|t:|1701191191\n|switch|p2a: Ninetales|Ninetales-Alola, L50, M|27\/100\n|-weather|Snow|[from] ability: Snow Warning|[of] p2a: Ninetales\n|switch|p1b: Empoleon|Empoleon, L50, M|100\/100\n|move|p2b: Baxcalibur|Ice Shard|p1b: Empoleon\n|-resisted|p1b: Empoleon\n|-damage|p1b: Empoleon|91\/100\n|move|p1a: Hippowdon|Ice Fang|p2a: Ninetales|[miss]\n|-miss|p1a: Hippowdon|p2a: Ninetales\n|\n|-weather|Snow|[upkeep]\n|upkeep\n|turn|4\n|\n|t:|1701191213\n|switch|p1a: Magcargo|Magcargo, L50, F|100\/100\n|move|p2b: Baxcalibur|Ice Shard|p1a: Magcargo\n|-resisted|p1a: Magcargo\n|-damage|p1a: Magcargo|86\/100\n|move|p2a: Ninetales|Aurora Veil|p2a: Ninetales\n|-sidestart|p2: Jhonnyflames|move: Aurora Veil\n|move|p1b: Empoleon|Flash Cannon|p2b: Baxcalibur\n|-supereffective|p2b: Baxcalibur\n|-damage|p2b: Baxcalibur|20\/100\n|\n|-weather|Snow|[upkeep]\n|upkeep\n|turn|5\n|inactive|Jhonnyflames has 30 seconds left.\n|inactive|Jhonnyflames has 20 seconds left.\n|inactive|Jhonnyflames has 15 seconds left.\n|inactive|Jhonnyflames has 10 seconds left.\n|inactive|Jhonnyflames has 5 seconds left.\n|c|\u2606mike77777|u got nothing jonny flames\n|\n|t:|1701191266\n|move|p2a: Ninetales|Protect|p2a: Ninetales\n|-singleturn|p2a: Ninetales|Protect\n|move|p2b: Baxcalibur|Ice Shard|p1b: Empoleon\n|-resisted|p1b: Empoleon\n|-damage|p1b: Empoleon|82\/100\n|move|p1b: Empoleon|Flash Cannon|p2a: Ninetales\n|-activate|p2a: Ninetales|move: Protect\n|move|p1a: Magcargo|Heat Wave|p2a: Ninetales|[spread] p2b\n|-activate|p2a: Ninetales|move: Protect\n|-damage|p2b: Baxcalibur|0 fnt\n|faint|p2b: Baxcalibur\n|-damage|p1a: Magcargo|76\/100|[from] item: Life Orb\n|\n|-weather|Snow|[upkeep]\n|upkeep\n|\n|t:|1701191272\n|switch|p2b: Bisharp|Bisharp, L50, M, shiny|100\/100\n|turn|6\n|\n|t:|1701191292\n|-terastallize|p2b: Bisharp|Poison\n|move|p2a: Ninetales|Moonblast|p1b: Empoleon\n|-resisted|p1b: Empoleon\n|-damage|p1b: Empoleon|65\/100\n|-unboost|p1b: Empoleon|spa|1\n|-ability|p1b: Empoleon|Competitive|boost\n|-boost|p1b: Empoleon|spa|2\n|move|p2b: Bisharp|Swords Dance|p2b: Bisharp\n|-boost|p2b: Bisharp|atk|2\n|move|p1b: Empoleon|Flash Cannon|p2a: Ninetales\n|-supereffective|p2a: Ninetales\n|-damage|p2a: Ninetales|0 fnt\n|faint|p2a: Ninetales\n|move|p1a: Magcargo|Overheat|p2b: Bisharp\n|-damage|p2b: Bisharp|62\/100\n|-unboost|p1a: Magcargo|spa|2\n|-damage|p1a: Magcargo|66\/100|[from] item: Life Orb\n|\n|-weather|Snow|[upkeep]\n|upkeep\n|\n|t:|1701191297\n|switch|p2a: Landorus|Landorus, L50, M|58\/100\n|turn|7\n|inactive|mike77777 has 30 seconds left.\n|inactive|Jhonnyflames has 30 seconds left.\n|inactive|mike77777 has 20 seconds left.\n|\n|t:|1701191336\n|switch|p1a: Dragonite|Dragonite, L50, M|89\/100\n|move|p2a: Landorus|Sandsear Storm|p1b: Empoleon|[spread] p1b\n|-immune|p1a: Dragonite\n|-supereffective|p1b: Empoleon\n|-damage|p1b: Empoleon|0 fnt\n|faint|p1b: Empoleon\n|move|p2b: Bisharp|Iron Head|p1a: Dragonite\n|-damage|p1a: Dragonite|0 fnt\n|faint|p1a: Dragonite\n|\n|-weather|none\n|upkeep\n|\n|t:|1701191347\n|switch|p1a: Hippowdon|Hippowdon, L50, M|47\/100\n|switch|p1b: Magcargo|Magcargo, L50, F|66\/100\n|-weather|Sandstorm|[from] ability: Sand Stream|[of] p1a: Hippowdon\n|turn|8\n|\n|t:|1701191364\n|move|p2a: Landorus|Sandsear Storm|p1b: Magcargo|[spread] p1a,p1b\n|-supereffective|p1b: Magcargo\n|-crit|p1b: Magcargo\n|-damage|p1a: Hippowdon|0 fnt\n|-damage|p1b: Magcargo|0 fnt\n|faint|p1a: Hippowdon\n|faint|p1b: Magcargo\n|\n|win|Jhonnyflames\n|raw|mike77777's rating: 1120 &rarr; <strong>1101<\/strong><br \/>(-19 for losing)\n|raw|Jhonnyflames's rating: 1203 &rarr; <strong>1222<\/strong><br \/>(+19 for winning)\n|c|\u2606Jhonnyflames|Gg\n|l|\u2606mike77777\n","uploadtime":1701191902,"views":9,"p1id":"mike77777","p2id":"jhonnyflames","formatid":"gen9vgc2023regulatione","rating":1101,"private":0,"password":""}