{"id":"gen9vgc2023regulatione-1999789150","p1":"Lambo_JR_97","p2":"S3PP1","format":"[Gen 9] VGC 2023 Regulation E","log":"|j|\u2606Lambo_JR_97\n|j|\u2606S3PP1\n|t:|1701116833\n|gametype|doubles\n|player|p1|Lambo_JR_97|2|1124\n|player|p2|S3PP1|chuck|1025\n|teamsize|p1|6\n|teamsize|p2|6\n|gen|9\n|tier|[Gen 9] VGC 2023 Regulation E\n|rated|\n|rule|Species Clause: Limit one of each Pok\u00e9mon\n|rule|Item Clause: Limit one of each item\n|clearpoke\n|poke|p1|Sableye, L50, F|\n|poke|p1|Flutter Mane, L50|\n|poke|p1|Zapdos, L50|\n|poke|p1|Rillaboom, L50, F|\n|poke|p1|Ogerpon-Hearthflame, L50, F|\n|poke|p1|Urshifu-*, L50, F|\n|poke|p2|Tornadus, L50, M|\n|poke|p2|Brambleghast, L50, F|\n|poke|p2|Urshifu-*, L50, F|\n|poke|p2|Flutter Mane, L50|\n|poke|p2|Iron Hands, L50|\n|poke|p2|Maushold-Four, L50|\n|teampreview|4\n|inactive|Battle timer is ON: inactive players will automatically lose when time's up. (requested by S3PP1)\n|inactive|Lambo_JR_97 also wants the timer to be on.\n|inactive|Lambo_JR_97 has 60 seconds left.\n|inactive|S3PP1 has 60 seconds left.\nS3PP1 rejected open team sheets.\n|\n|t:|1701116887\n|start\n|switch|p1a: Sableye|Sableye, L50, F|100\/100\n|switch|p1b: Flutter Mane|Flutter Mane, L50|100\/100\n|switch|p2a: Tornadus|Tornadus, L50, M|100\/100\n|switch|p2b: Brambleghast|Brambleghast, L50, F|100\/100\n|turn|1\n|inactive|Lambo_JR_97 has 30 seconds left.\n|inactive|Lambo_JR_97 has 20 seconds left.\n|inactive|Lambo_JR_97 has 15 seconds left.\n|inactive|Lambo_JR_97 has 10 seconds left.\n|\n|t:|1701116935\n|-end|p1b: Flutter Mane|Protosynthesis|[silent]\n|switch|p1b: Zapdos|Zapdos, L50|100\/100\n|-terastallize|p2b: Brambleghast|Grass\n|move|p2a: Tornadus|Tailwind|p2a: Tornadus\n|-sidestart|p2: S3PP1|move: Tailwind\n|-ability|p2b: Brambleghast|Wind Rider|boost\n|-boost|p2b: Brambleghast|atk|1\n|move|p1a: Sableye|Sunny Day|p1a: Sableye\n|-weather|SunnyDay\n|move|p2b: Brambleghast|Poltergeist|p1b: Zapdos\n|-activate|p1b: Zapdos|move: Poltergeist|Rocky Helmet\n|-damage|p1b: Zapdos|38\/100\n|\n|-weather|SunnyDay|[upkeep]\n|upkeep\n|turn|2\n|inactive|Lambo_JR_97 has 30 seconds left.\n|inactive|S3PP1 has 30 seconds left.\n|\n|t:|1701116966\n|move|p2a: Tornadus|Rain Dance|p2a: Tornadus\n|-weather|RainDance\n|move|p1a: Sableye|Will-O-Wisp|p2b: Brambleghast\n|-status|p2b: Brambleghast|brn\n|move|p2b: Brambleghast|Poltergeist|p1b: Zapdos\n|-activate|p1b: Zapdos|move: Poltergeist|Rocky Helmet\n|-damage|p1b: Zapdos|5\/100\n|move|p1b: Zapdos|Roost|p1b: Zapdos\n|-heal|p1b: Zapdos|55\/100\n|-singleturn|p1b: Zapdos|move: Roost\n|\n|-weather|RainDance|[upkeep]\n|-damage|p2b: Brambleghast|94\/100 brn|[from] brn\n|upkeep\n|turn|3\n|inactive|Lambo_JR_97 has 30 seconds left.\n|\n|t:|1701116995\n|move|p2a: Tornadus|Taunt|p1b: Zapdos\n|-start|p1b: Zapdos|move: Taunt\n|move|p1a: Sableye|Encore|p2a: Tornadus\n|-start|p2a: Tornadus|Encore\n|-enditem|p2a: Tornadus|Mental Herb\n|-end|p2a: Tornadus|Encore\n|move|p2b: Brambleghast|Power Whip|p1a: Sableye\n|-crit|p1a: Sableye\n|-damage|p1a: Sableye|0 fnt\n|faint|p1a: Sableye\n|cant|p1b: Zapdos|move: Taunt|Tailwind\n|\n|-weather|RainDance|[upkeep]\n|-damage|p2b: Brambleghast|88\/100 brn|[from] brn\n|upkeep\n|\n|t:|1701117012\n|switch|p1a: Ogerpon|Ogerpon-Hearthflame, L50, F|100\/100\n|-ability|p1a: Ogerpon|Mold Breaker\n|turn|4\n|\n|t:|1701117033\n|-terastallize|p1a: Ogerpon|Fire\n|detailschange|p1a: Ogerpon|Ogerpon-Hearthflame-Tera, L50, F, tera:Fire\n|-ability|p1a: Ogerpon|Embody Aspect (Hearthflame)|boost\n|-boost|p1a: Ogerpon|atk|1\n|move|p2a: Tornadus|Bleakwind Storm|p1a: Ogerpon|[spread] p1a,p1b\n|-resisted|p1b: Zapdos\n|-damage|p1a: Ogerpon|58\/100\n|-damage|p1b: Zapdos|36\/100\n|-unboost|p1a: Ogerpon|spe|1\n|move|p2b: Brambleghast|Poltergeist|p1a: Ogerpon\n|-activate|p1a: Ogerpon|move: Poltergeist|Hearthflame Mask\n|-damage|p1a: Ogerpon|1\/100\n|move|p1b: Zapdos|Thunderbolt|p2a: Tornadus\n|-supereffective|p2a: Tornadus\n|-damage|p2a: Tornadus|2\/100\n|move|p1a: Ogerpon|Ivy Cudgel|p2b: Brambleghast|[anim] Ivy Cudgel Fire\n|-supereffective|p2b: Brambleghast\n|-damage|p2b: Brambleghast|0 fnt\n|faint|p2b: Brambleghast\n|\n|-weather|RainDance|[upkeep]\n|-sideend|p2: S3PP1|move: Tailwind\n|upkeep\n|\n|t:|1701117049\n|switch|p2b: Flutter Mane|Flutter Mane, L50|100\/100\n|turn|5\n|inactive|Lambo_JR_97 has 30 seconds left.\n|inactive|S3PP1 has 30 seconds left.\n|\n|t:|1701117078\n|move|p1a: Ogerpon|Spiky Shield|p1a: Ogerpon\n|-singleturn|p1a: Ogerpon|move: Protect\n|move|p2a: Tornadus|Tailwind|p2a: Tornadus\n|-sidestart|p2: S3PP1|move: Tailwind\n|move|p2b: Flutter Mane|Icy Wind|p1b: Zapdos|[spread] p1b\n|-activate|p1a: Ogerpon|move: Protect\n|-supereffective|p1b: Zapdos\n|-damage|p1b: Zapdos|0 fnt\n|faint|p1b: Zapdos\n|\n|-weather|RainDance|[upkeep]\n|upkeep\n|\n|t:|1701117087\n|switch|p1b: Flutter Mane|Flutter Mane, L50|100\/100\n|turn|6\n|\n|t:|1701117100\n|-end|p2b: Flutter Mane|Protosynthesis|[silent]\n|switch|p2b: Urshifu|Urshifu-Rapid-Strike, L50, F|100\/100\n|move|p1a: Ogerpon|Follow Me|p1a: Ogerpon\n|-singleturn|p1a: Ogerpon|move: Follow Me\n|move|p2a: Tornadus|Bleakwind Storm|p1b: Flutter Mane|[spread] p1a,p1b\n|-crit|p1a: Ogerpon\n|-damage|p1a: Ogerpon|0 fnt\n|-damage|p1b: Flutter Mane|61\/100\n|-unboost|p1b: Flutter Mane|spe|1\n|faint|p1a: Ogerpon\n|move|p1b: Flutter Mane|Shadow Ball|p2b: Urshifu\n|-damage|p2b: Urshifu|0 fnt\n|faint|p2b: Urshifu\n|\n|-weather|none\n|upkeep\n|\n|t:|1701117111\n|switch|p2b: Flutter Mane|Flutter Mane, L50|100\/100\n|turn|7\n|\n|t:|1701117118\n|move|p2b: Flutter Mane|Shadow Ball|p1b: Flutter Mane\n|-supereffective|p1b: Flutter Mane\n|-damage|p1b: Flutter Mane|0 fnt\n|faint|p1b: Flutter Mane\n|-end|p1b: Flutter Mane|Protosynthesis|[silent]\n|\n|win|S3PP1\n|raw|Lambo_JR_97's rating: 1124 &rarr; <strong>1092<\/strong><br \/>(-32 for losing)\n|raw|S3PP1's rating: 1025 &rarr; <strong>1071<\/strong><br \/>(+46 for winning)\n|c|\u2606S3PP1|gg\n|l|\u2606Lambo_JR_97\n","uploadtime":1701117128,"views":5,"p1id":"lambojr97","p2id":"s3pp1","formatid":"gen9vgc2023regulatione","rating":1071,"private":0,"password":""}