{"id":"gen9vgc2023regulatione-1999725086","p1":"Ciq108","p2":"Jadedragon61","format":"[Gen 9] VGC 2023 Regulation E","log":"|j|\u2606Ciq108\n|j|\u2606Jadedragon61\n|n|\u2606Ciq108|ciq108\n|n|\u2606Jadedragon61|jadedragon61\n|html|View the match progress at <a href=\"\/game-bestof3-gen9vgc2023regulatione-1999706292\">game-bestof3-gen9vgc2023regulatione-1999706292<\/a>\n|t:|1701111175\n|gametype|doubles\n|player|p1|Ciq108|2|\n|player|p2|Jadedragon61|colress|\n|teamsize|p1|6\n|teamsize|p2|6\n|gen|9\n|tier|[Gen 9] VGC 2023 Regulation E\n|rule|Species Clause: Limit one of each Pok\u00e9mon\n|rule|Item Clause: Limit one of each item\n|clearpoke\n|poke|p1|Iron Hands, L50|\n|poke|p1|Dondozo, L50, M|\n|poke|p1|Tatsugiri, L50, M|\n|poke|p1|Glimmora, L50, F|\n|poke|p1|Mandibuzz, L50, F|\n|poke|p1|Espathra, L50, M|\n|poke|p2|Amoonguss, L50, M|\n|poke|p2|Tyranitar, L50, F|\n|poke|p2|Lycanroc, L50, F|\n|poke|p2|Toxapex, L50, M|\n|poke|p2|Salamence, L50, F|\n|poke|p2|Zapdos-Galar, L50|\n|teampreview|4\n|inactive|Battle timer is ON: inactive players will automatically lose when time's up. (requested by Ciq108)\n|j| OmegaAlpha01\n|j| downfall18\n|c|\u2606Jadedragon61|Glhf\n|inactiveoff|Battle timer is now OFF.\n|c|\u2606Ciq108|U2\n|c| OmegaAlpha01|Regardless of how long this takes because you started before 2pm you can finish the game\n|c| OmegaAlpha01|so don\u2019t worry about rushing\n|c|\u2606Jadedragon61|Ok\n|\n|t:|1701111220\n|start\n|switch|p1a: Mandibuzz|Mandibuzz, L50, F|100\/100\n|switch|p1b: Espathra|Espathra, L50, M|100\/100\n|switch|p2a: Tyranitar|Tyranitar, L50, F|100\/100\n|switch|p2b: Lycanroc|Lycanroc, L50, F|100\/100\n|-weather|Sandstorm|[from] ability: Sand Stream|[of] p2a: Tyranitar\n|turn|1\n|\n|t:|1701111231\n|-terastallize|p1b: Espathra|Fighting\n|move|p2b: Lycanroc|Rock Slide|p1b: Espathra|[spread] p1a,p1b\n|-supereffective|p1a: Mandibuzz\n|-resisted|p1b: Espathra\n|-damage|p1a: Mandibuzz|62\/100\n|-damage|p1b: Espathra|81\/100\n|move|p1b: Espathra|Tera Blast|p2a: Tyranitar|[anim] Tera Blast Fighting\n|-supereffective|p2a: Tyranitar\n|-damage|p2a: Tyranitar|25\/100\n|-damage|p1b: Espathra|72\/100|[from] item: Life Orb\n|move|p1a: Mandibuzz|Foul Play|p2b: Lycanroc\n|-damage|p2b: Lycanroc|15\/100\n|move|p2a: Tyranitar|Knock Off|p1b: Espathra\n|-resisted|p1b: Espathra\n|-damage|p1b: Espathra|32\/100\n|-enditem|p1b: Espathra|Life Orb|[from] move: Knock Off|[of] p2a: Tyranitar\n|\n|-weather|Sandstorm|[upkeep]\n|-damage|p1b: Espathra|26\/100|[from] Sandstorm\n|-heal|p1a: Mandibuzz|68\/100|[from] item: Leftovers\n|-ability|p1b: Espathra|Speed Boost|boost\n|-boost|p1b: Espathra|spe|1\n|upkeep\n|turn|2\n|\n|t:|1701111261\n|-terastallize|p2a: Tyranitar|Psychic\n|move|p1b: Espathra|Protect|p1b: Espathra\n|-singleturn|p1b: Espathra|Protect\n|move|p2b: Lycanroc|Rock Slide|p1a: Mandibuzz|[spread] p1a\n|-activate|p1b: Espathra|move: Protect\n|-supereffective|p1a: Mandibuzz\n|-damage|p1a: Mandibuzz|34\/100\n|cant|p1a: Mandibuzz|flinch\n|move|p2a: Tyranitar|Rock Slide|p1a: Mandibuzz|[spread] p1a\n|-activate|p1b: Espathra|move: Protect\n|-supereffective|p1a: Mandibuzz\n|-damage|p1a: Mandibuzz|0 fnt\n|faint|p1a: Mandibuzz\n|\n|-weather|Sandstorm|[upkeep]\n|-damage|p1b: Espathra|21\/100|[from] Sandstorm\n|-damage|p2a: Tyranitar|19\/100|[from] Sandstorm\n|-ability|p1b: Espathra|Speed Boost|boost\n|-boost|p1b: Espathra|spe|1\n|upkeep\n|\n|t:|1701111276\n|switch|p1a: Dondozo|Dondozo, L50, M|100\/100\n|turn|3\n|\n|t:|1701111291\n|move|p2b: Lycanroc|Drill Run|p1b: Espathra\n|-crit|p1b: Espathra\n|-damage|p1b: Espathra|0 fnt\n|faint|p1b: Espathra\n|move|p1a: Dondozo|Substitute|p1a: Dondozo\n|-start|p1a: Dondozo|Substitute\n|-damage|p1a: Dondozo|75\/100\n|move|p2a: Tyranitar|Knock Off|p1a: Dondozo\n|-crit|p1a: Dondozo\n|-end|p1a: Dondozo|Substitute\n|\n|-weather|Sandstorm|[upkeep]\n|-damage|p1a: Dondozo|69\/100|[from] Sandstorm\n|-damage|p2a: Tyranitar|14\/100|[from] Sandstorm\n|upkeep\n|\n|t:|1701111300\n|switch|p1b: Tatsugiri|Tatsugiri, L50, M|100\/100\n|-activate|p1b: Tatsugiri|ability: Commander|[of] p1a: Dondozo\n|-boost|p1a: Dondozo|atk|2\n|-boost|p1a: Dondozo|spa|2\n|-boost|p1a: Dondozo|spe|2\n|-boost|p1a: Dondozo|def|2\n|-boost|p1a: Dondozo|spd|2\n|turn|4\n|j| amlosmurf\n|\n|t:|1701111308\n|move|p2b: Lycanroc|Endeavor|p1a: Dondozo\n|-damage|p1a: Dondozo|9\/100\n|move|p1a: Dondozo|Earthquake|p2a: Tyranitar|[spread] p2a,p2b\n|-miss|p1a: Dondozo|p1b: Tatsugiri\n|-supereffective|p2b: Lycanroc\n|-damage|p2a: Tyranitar|0 fnt\n|-damage|p2b: Lycanroc|0 fnt\n|faint|p2a: Tyranitar\n|faint|p2b: Lycanroc\n|\n|-weather|Sandstorm|[upkeep]\n|-damage|p1a: Dondozo|3\/100|[from] Sandstorm\n|upkeep\n|\n|t:|1701111313\n|switch|p2b: Toxapex|Toxapex, L50, M|100\/100\n|switch|p2a: Amoonguss|Amoonguss, L50, M, shiny|100\/100\n|turn|5\n|\n|t:|1701111325\n|move|p1a: Dondozo|Earthquake|p2b: Toxapex|[spread] p2a,p2b\n|-miss|p1a: Dondozo|p1b: Tatsugiri\n|-supereffective|p2b: Toxapex\n|-damage|p2a: Amoonguss|66\/100\n|-damage|p2b: Toxapex|44\/100\n|move|p2b: Toxapex|Toxic|p1b: Tatsugiri\n|-status|p1b: Tatsugiri|tox\n|move|p2a: Amoonguss|Clear Smog|p1a: Dondozo\n|-damage|p1a: Dondozo|0 fnt\n|-clearboost|p1a: Dondozo\n|faint|p1a: Dondozo\n|\n|-weather|none\n|-heal|p2b: Toxapex|50\/100|[from] item: Leftovers\n|-damage|p1b: Tatsugiri|95\/100 tox|[from] psn\n|upkeep\n|turn|6\n|c| downfall18|wait what\n|c|\u2606Ciq108|Huh\n|c| downfall18|how did that happen\n|c|\u2606Ciq108|Im confused\n|\n|t:|1701111348\n|move|p1b: Tatsugiri|Draco Meteor|p2b: Toxapex\n|-damage|p2b: Toxapex|0 fnt\n|-unboost|p1b: Tatsugiri|spa|2\n|faint|p2b: Toxapex\n|move|p2a: Amoonguss|Pollen Puff|p2: Toxapex|[notarget]\n|-fail|p2a: Amoonguss\n|\n|-damage|p1b: Tatsugiri|84\/100 tox|[from] psn\n|upkeep\n|turn|7\n|c|\u2606Ciq108|What\n|\n|t:|1701111367\n|move|p1b: Tatsugiri|Draco Meteor|p2a: Amoonguss\n|-damage|p2a: Amoonguss|30\/100\n|-unboost|p1b: Tatsugiri|spa|2\n|-enditem|p2a: Amoonguss|Sitrus Berry|[eat]\n|-heal|p2a: Amoonguss|55\/100|[from] item: Sitrus Berry\n|move|p2a: Amoonguss|Pollen Puff|p1b: Tatsugiri\n|-damage|p1b: Tatsugiri|60\/100 tox\n|\n|-damage|p1b: Tatsugiri|43\/100 tox|[from] psn\n|upkeep\n|turn|8\n|c| OmegaAlpha01|Poison types can\u2019t miss toxic\n|\n|t:|1701111378\n|move|p1b: Tatsugiri|Draco Meteor|p2a: Amoonguss\n|-damage|p2a: Amoonguss|32\/100\n|-unboost|p1b: Tatsugiri|spa|2\n|move|p2a: Amoonguss|Pollen Puff|p1b: Tatsugiri\n|-damage|p1b: Tatsugiri|20\/100 tox\n|\n|-damage|p1b: Tatsugiri|0 fnt|[from] psn\n|faint|p1b: Tatsugiri\n|\n|win|Jadedragon61\n|upkeep\n|c|\u2606Ciq108|Ggs\n|c| OmegaAlpha01|including semi invulnerability\n","uploadtime":1701111392,"views":27,"p1id":"ciq108","p2id":"jadedragon61","formatid":"gen9vgc2023regulatione","rating":0,"private":0,"password":""}