{"id":"gen9vgc2023regulatione-1995860332","p1":"Kill_Ko_Kill","p2":"Hikawari","format":"[Gen 9] VGC 2023 Regulation E","log":"|j|\u2606Kill_Ko_Kill\n|j|\u2606Hikawari\n|t:|1700610635\n|gametype|doubles\n|player|p1|Kill_Ko_Kill|ingo|1340\n|player|p2|Hikawari|170|1410\n|teamsize|p1|6\n|teamsize|p2|6\n|gen|9\n|tier|[Gen 9] VGC 2023 Regulation E\n|rated|\n|rule|Species Clause: Limit one of each Pok\u00e9mon\n|rule|Item Clause: Limit one of each item\n|clearpoke\n|poke|p1|Wo-Chien, L50|\n|poke|p1|Moltres-Galar, L50|\n|poke|p1|Flutter Mane, L50|\n|poke|p1|Regidrago, L50|\n|poke|p1|Indeedee-F, L50, F|\n|poke|p1|Armarouge, L50, F|\n|poke|p2|Landorus, L50, M|\n|poke|p2|Tornadus, L50, M|\n|poke|p2|Armarouge, L50, M|\n|poke|p2|Indeedee-F, L50, F|\n|poke|p2|Dragonite, L50, M|\n|poke|p2|Annihilape, L50, M|\n|teampreview|4\n|inactive|Battle timer is ON: inactive players will automatically lose when time's up. (requested by Hikawari)\nHikawari has agreed to open team sheets.\n|c|\u2606Kill_Ko_Kill|Haiii :3\nKill_Ko_Kill has agreed to open team sheets.\n|inactive|Kill_Ko_Kill has 30 seconds left.\n|inactive|Hikawari has 30 seconds left.\n|\n|t:|1700610672\n|start\n|switch|p1a: Wo-Chien|Wo-Chien, L50|100\/100\n|switch|p1b: Moltres|Moltres-Galar, L50|100\/100\n|switch|p2a: Tornadus|Tornadus, L50, M|100\/100\n|switch|p2b: Annihilape|Annihilape, L50, M|100\/100\n|-ability|p1a: Wo-Chien|Tablets of Ruin\n|turn|1\n|inactive|Kill_Ko_Kill has 30 seconds left.\n|\n|t:|1700610701\n|move|p1b: Moltres|Tailwind|p1b: Moltres\n|-sidestart|p1: Kill_Ko_Kill|move: Tailwind\n|move|p1a: Wo-Chien|Ruination|p2b: Annihilape\n|-damage|p2b: Annihilape|51\/100\n|move|p2a: Tornadus|Bleakwind Storm|p1b: Moltres|[spread] p1a\n|-miss|p2a: Tornadus|p1b: Moltres\n|-supereffective|p1a: Wo-Chien\n|-damage|p1a: Wo-Chien|63\/100\n|move|p2b: Annihilape|Bulk Up|p2b: Annihilape\n|-boost|p2b: Annihilape|atk|1\n|-boost|p2b: Annihilape|def|1\n|\n|-heal|p1a: Wo-Chien|69\/100|[from] item: Leftovers\n|-heal|p2b: Annihilape|57\/100|[from] item: Leftovers\n|upkeep\n|turn|2\n|inactive|Kill_Ko_Kill has 30 seconds left.\n|inactive|Kill_Ko_Kill has 20 seconds left.\n|\n|t:|1700610741\n|move|p2b: Annihilape|Protect|p2b: Annihilape\n|-singleturn|p2b: Annihilape|Protect\n|move|p1b: Moltres|Fiery Wrath|p2a: Tornadus|[spread] p2a\n|-activate|p2b: Annihilape|move: Protect\n|-damage|p2a: Tornadus|73\/100\n|move|p1a: Wo-Chien|Ruination|p2a: Tornadus\n|-damage|p2a: Tornadus|37\/100\n|move|p2a: Tornadus|Bleakwind Storm|p1a: Wo-Chien|[spread] p1a\n|-miss|p2a: Tornadus|p1b: Moltres\n|-supereffective|p1a: Wo-Chien\n|-damage|p1a: Wo-Chien|35\/100\n|-unboost|p1a: Wo-Chien|spe|1\n|\n|-heal|p1a: Wo-Chien|41\/100|[from] item: Leftovers\n|-heal|p2b: Annihilape|63\/100|[from] item: Leftovers\n|upkeep\n|turn|3\n|c|\u2606Kill_Ko_Kill|How does it miss Goltres twice\n|inactive|Kill_Ko_Kill has 30 seconds left.\n|inactive|Hikawari has 30 seconds left.\n|\n|t:|1700610774\n|-terastallize|p2b: Annihilape|Water\n|move|p1a: Wo-Chien|Protect|p1a: Wo-Chien\n|-singleturn|p1a: Wo-Chien|Protect\n|move|p2a: Tornadus|Tailwind|p2a: Tornadus\n|-sidestart|p2: Hikawari|move: Tailwind\n|move|p1b: Moltres|Hurricane|p2b: Annihilape|[miss]\n|-miss|p1b: Moltres|p2b: Annihilape\n|move|p2b: Annihilape|Drain Punch|p1a: Wo-Chien\n|-activate|p1a: Wo-Chien|move: Protect\n|\n|-heal|p2b: Annihilape|69\/100|[from] item: Leftovers\n|-heal|p1a: Wo-Chien|47\/100|[from] item: Leftovers\n|upkeep\n|turn|4\n|\n|t:|1700610799\n|switch|p1a: Flutter Mane|Flutter Mane, L50|100\/100\n|move|p1b: Moltres|Fiery Wrath|p2b: Annihilape|[spread] p2a,p2b\n|-damage|p2a: Tornadus|6\/100\n|-damage|p2b: Annihilape|44\/100\n|-enditem|p2a: Tornadus|Aguav Berry|[eat]\n|-heal|p2a: Tornadus|39\/100|[from] item: Aguav Berry\n|move|p2a: Tornadus|Bleakwind Storm|p1a: Flutter Mane|[spread] p1b\n|-miss|p2a: Tornadus|p1a: Flutter Mane\n|-damage|p1b: Moltres|75\/100\n|move|p2b: Annihilape|Drain Punch|p1a: Flutter Mane\n|-immune|p1a: Flutter Mane\n|\n|-heal|p2b: Annihilape|50\/100|[from] item: Leftovers\n|-sideend|p1: Kill_Ko_Kill|move: Tailwind\n|upkeep\n|turn|5\n|inactive|Kill_Ko_Kill has 30 seconds left.\n|inactive|Kill_Ko_Kill has 20 seconds left.\n|\n|t:|1700610836\n|move|p2a: Tornadus|Icy Wind|p1b: Moltres|[spread] p1a,p1b\n|-supereffective|p1b: Moltres\n|-damage|p1a: Flutter Mane|88\/100\n|-damage|p1b: Moltres|54\/100\n|-unboost|p1a: Flutter Mane|spe|1\n|-unboost|p1b: Moltres|spe|1\n|-enditem|p1b: Moltres|Weakness Policy\n|-boost|p1b: Moltres|atk|2|[from] item: Weakness Policy\n|-boost|p1b: Moltres|spa|2|[from] item: Weakness Policy\n|move|p2b: Annihilape|Rage Fist|p1a: Flutter Mane\n|-supereffective|p1a: Flutter Mane\n|-damage|p1a: Flutter Mane|0 fnt\n|faint|p1a: Flutter Mane\n|-end|p1a: Flutter Mane|Protosynthesis|[silent]\n|move|p1b: Moltres|Tailwind|p1b: Moltres\n|-sidestart|p1: Kill_Ko_Kill|move: Tailwind\n|\n|-heal|p2b: Annihilape|56\/100|[from] item: Leftovers\n|upkeep\n|\n|t:|1700610849\n|switch|p1a: Regidrago|Regidrago, L50|100\/100\n|turn|6\n|inactive|Hikawari has 30 seconds left.\n|\n|t:|1700610879\n|-terastallize|p1a: Regidrago|Dragon\n|move|p2a: Tornadus|Icy Wind|p1b: Moltres|[spread] p1a,p1b\n|-supereffective|p1a: Regidrago\n|-supereffective|p1b: Moltres\n|-damage|p1a: Regidrago|74\/100\n|-damage|p1b: Moltres|33\/100\n|-unboost|p1a: Regidrago|spe|1\n|-unboost|p1b: Moltres|spe|1\n|-ability|p1b: Moltres|Berserk|boost\n|-boost|p1b: Moltres|spa|1\n|move|p2b: Annihilape|Rage Fist|p1a: Regidrago\n|-damage|p1a: Regidrago|0 fnt\n|faint|p1a: Regidrago\n|move|p1b: Moltres|Fiery Wrath|p2a: Tornadus|[spread] p2a,p2b\n|-damage|p2a: Tornadus|0 fnt\n|-damage|p2b: Annihilape|0 fnt\n|faint|p2a: Tornadus\n|faint|p2b: Annihilape\n|\n|-sideend|p2: Hikawari|move: Tailwind\n|upkeep\n|\n|t:|1700610894\n|switch|p2a: Landorus|Landorus, L50, M|100\/100\n|switch|p1a: Wo-Chien|Wo-Chien, L50|47\/100\n|switch|p2b: Armarouge|Armarouge, L50, M|100\/100\n|-ability|p1a: Wo-Chien|Tablets of Ruin\n|turn|7\n|\n|t:|1700610910\n|move|p2a: Landorus|Protect|p2a: Landorus\n|-singleturn|p2a: Landorus|Protect\n|move|p2b: Armarouge|Protect|p2b: Armarouge\n|-singleturn|p2b: Armarouge|Protect\n|move|p1a: Wo-Chien|Pollen Puff|p1b: Moltres\n|-heal|p1b: Moltres|82\/100\n|move|p1b: Moltres|Fiery Wrath|p2b: Armarouge|[spread] \n|-activate|p2a: Landorus|move: Protect\n|-activate|p2b: Armarouge|move: Protect\n|\n|-heal|p1a: Wo-Chien|54\/100|[from] item: Leftovers\n|upkeep\n|turn|8\n|inactive|Kill_Ko_Kill has 30 seconds left.\n|\n|t:|1700610941\n|move|p1a: Wo-Chien|Ruination|p2a: Landorus\n|-damage|p2a: Landorus|51\/100\n|move|p1b: Moltres|Fiery Wrath|p2b: Armarouge|[spread] p2a,p2b\n|-supereffective|p2b: Armarouge\n|-damage|p2a: Landorus|0 fnt\n|-enditem|p2b: Armarouge|Focus Sash\n|-damage|p2b: Armarouge|1\/100\n|faint|p2a: Landorus\n|move|p2b: Armarouge|Heat Wave|p1b: Moltres|[spread] p1a,p1b\n|-supereffective|p1a: Wo-Chien\n|-damage|p1a: Wo-Chien|9\/100\n|-damage|p1b: Moltres|48\/100\n|-ability|p1b: Moltres|Berserk|boost\n|-boost|p1b: Moltres|spa|1\n|\n|-heal|p1a: Wo-Chien|15\/100|[from] item: Leftovers\n|-sideend|p1: Kill_Ko_Kill|move: Tailwind\n|upkeep\n|turn|9\n|\n|t:|1700610960\n|move|p2b: Armarouge|Heat Wave|p1a: Wo-Chien|[spread] p1a,p1b\n|-supereffective|p1a: Wo-Chien\n|-damage|p1a: Wo-Chien|0 fnt\n|-damage|p1b: Moltres|15\/100\n|faint|p1a: Wo-Chien\n|move|p1b: Moltres|Fiery Wrath|p2b: Armarouge\n|-supereffective|p2b: Armarouge\n|-damage|p2b: Armarouge|0 fnt\n|faint|p2b: Armarouge\n|\n|win|Kill_Ko_Kill\n|raw|Kill_Ko_Kill's rating: 1340 &rarr; <strong>1364<\/strong><br \/>(+24 for winning)\n|raw|Hikawari's rating: 1410 &rarr; <strong>1386<\/strong><br \/>(-24 for losing)\n|l|\u2606Hikawari\n|c|\u2606Kill_Ko_Kill|Gf\n|c|\u2606Kill_Ko_Kill|gg*\n|l|\u2606Kill_Ko_Kill\n|j|\u2606Kill_Ko_Kill\n|player|p1|Kill_Ko_Kill|ingo\n","uploadtime":1700611121,"views":10,"p1id":"killkokill","p2id":"hikawari","formatid":"gen9vgc2023regulatione","rating":1364,"private":0,"password":""}