{"id":"gen9vgc2023regulatione-1995965308","p1":"UnderratedBanana","p2":"5Sscreen","format":"[Gen 9] VGC 2023 Regulation E","log":"|j|\u2606UnderratedBanana\n|j|\u26065Sscreen\n|t:|1700622910\n|gametype|doubles\n|player|p1|UnderratedBanana|psychic|1311\n|player|p2|5Sscreen|pokekid|1270\n|teamsize|p1|6\n|teamsize|p2|6\n|gen|9\n|tier|[Gen 9] VGC 2023 Regulation E\n|rated|\n|rule|Species Clause: Limit one of each Pok\u00e9mon\n|rule|Item Clause: Limit one of each item\n|clearpoke\n|poke|p1|Roaring Moon, L50|\n|poke|p1|Cresselia, L50, F|\n|poke|p1|Flutter Mane, L50|\n|poke|p1|Ogerpon-Wellspring, L50, F|\n|poke|p1|Torkoal, L50, F|\n|poke|p1|Ursaluna-Bloodmoon, L50, M|\n|poke|p2|Ninetales-Alola, L50, M|\n|poke|p2|Iron Bundle, L50|\n|poke|p2|Dondozo, L50, M|\n|poke|p2|Tatsugiri, L50, M|\n|poke|p2|Cresselia, L50, F|\n|poke|p2|Ursaluna, L50, M|\n|teampreview|4\n|\n|t:|1700622940\n|start\n|switch|p1a: Flutter Mane|Flutter Mane, L50|100\/100\n|switch|p1b: Ogerpon|Ogerpon-Wellspring, L50, F|100\/100\n|switch|p2a: \u7a7a\u9593\u6700\u5f37\u8f14\u52a9\u624b|Cresselia, L50, F, shiny|100\/100\n|switch|p2b: \u8ab0\u80fd\u5403\u6211+2\u786c\u6490|Ursaluna, L50, M, shiny|100\/100\n|turn|1\n|\n|t:|1700622976\n|move|p2b: \u8ab0\u80fd\u5403\u6211+2\u786c\u6490|Protect|p2b: \u8ab0\u80fd\u5403\u6211+2\u786c\u6490\n|-singleturn|p2b: \u8ab0\u80fd\u5403\u6211+2\u786c\u6490|Protect\n|move|p1a: Flutter Mane|Shadow Ball|p2a: \u7a7a\u9593\u6700\u5f37\u8f14\u52a9\u624b\n|-supereffective|p2a: \u7a7a\u9593\u6700\u5f37\u8f14\u52a9\u624b\n|-damage|p2a: \u7a7a\u9593\u6700\u5f37\u8f14\u52a9\u624b|20\/100\n|move|p1b: Ogerpon|Ivy Cudgel|p2a: \u7a7a\u9593\u6700\u5f37\u8f14\u52a9\u624b|[anim] Ivy Cudgel Water\n|-damage|p2a: \u7a7a\u9593\u6700\u5f37\u8f14\u52a9\u624b|0 fnt\n|faint|p2a: \u7a7a\u9593\u6700\u5f37\u8f14\u52a9\u624b\n|\n|-status|p2b: \u8ab0\u80fd\u5403\u6211+2\u786c\u6490|brn|[from] item: Flame Orb\n|upkeep\n|\n|t:|1700622986\n|switch|p2a: \u4f86\u5a01\u5687\u6211\u554a|Dondozo, L50, M, shiny|100\/100\n|turn|2\n|\n|t:|1700623021\n|switch|p2b: \u6211\u4f86\u7d20\u8cea\u7d20\u8cea|Tatsugiri, L50, M, shiny|100\/100\n|-activate|p2b: \u6211\u4f86\u7d20\u8cea\u7d20\u8cea|ability: Commander|[of] p2a: \u4f86\u5a01\u5687\u6211\u554a\n|-boost|p2a: \u4f86\u5a01\u5687\u6211\u554a|atk|2\n|-boost|p2a: \u4f86\u5a01\u5687\u6211\u554a|spa|2\n|-boost|p2a: \u4f86\u5a01\u5687\u6211\u554a|spe|2\n|-boost|p2a: \u4f86\u5a01\u5687\u6211\u554a|def|2\n|-boost|p2a: \u4f86\u5a01\u5687\u6211\u554a|spd|2\n|move|p1a: Flutter Mane|Shadow Ball|p2a: \u4f86\u5a01\u5687\u6211\u554a\n|-damage|p2a: \u4f86\u5a01\u5687\u6211\u554a|66\/100\n|move|p2a: \u4f86\u5a01\u5687\u6211\u554a|Earthquake|p1b: Ogerpon|[spread] p1a,p1b\n|-miss|p2a: \u4f86\u5a01\u5687\u6211\u554a|p2b: \u6211\u4f86\u7d20\u8cea\u7d20\u8cea\n|-resisted|p1b: Ogerpon\n|-damage|p1a: Flutter Mane|0 fnt\n|-damage|p1b: Ogerpon|74\/100\n|faint|p1a: Flutter Mane\n|-end|p1a: Flutter Mane|Protosynthesis|[silent]\n|move|p1b: Ogerpon|Horn Leech|p2a: \u4f86\u5a01\u5687\u6211\u554a\n|-supereffective|p2a: \u4f86\u5a01\u5687\u6211\u554a\n|-damage|p2a: \u4f86\u5a01\u5687\u6211\u554a|34\/100\n|-heal|p1b: Ogerpon|94\/100|[from] drain|[of] p2a: \u4f86\u5a01\u5687\u6211\u554a\n|\n|upkeep\n|\n|t:|1700623045\n|switch|p1a: Torkoal|Torkoal, L50, F|100\/100\n|-weather|SunnyDay|[from] ability: Drought|[of] p1a: Torkoal\n|turn|3\n|\n|t:|1700623072\n|-terastallize|p2a: \u4f86\u5a01\u5687\u6211\u554a|Dragon\n|move|p1a: Torkoal|Protect|p1a: Torkoal\n|-singleturn|p1a: Torkoal|Protect\n|move|p2a: \u4f86\u5a01\u5687\u6211\u554a|Earthquake|p1a: Torkoal|[spread] p1b\n|-miss|p2a: \u4f86\u5a01\u5687\u6211\u554a|p2b: \u6211\u4f86\u7d20\u8cea\u7d20\u8cea\n|-activate|p1a: Torkoal|move: Protect\n|-resisted|p1b: Ogerpon\n|-damage|p1b: Ogerpon|68\/100\n|move|p1b: Ogerpon|Horn Leech|p2a: \u4f86\u5a01\u5687\u6211\u554a\n|-resisted|p2a: \u4f86\u5a01\u5687\u6211\u554a\n|-damage|p2a: \u4f86\u5a01\u5687\u6211\u554a|26\/100\n|-heal|p1b: Ogerpon|73\/100|[from] drain|[of] p2a: \u4f86\u5a01\u5687\u6211\u554a\n|\n|-weather|SunnyDay|[upkeep]\n|upkeep\n|turn|4\n|\n|t:|1700623097\n|move|p1b: Ogerpon|Spiky Shield|p1b: Ogerpon\n|-singleturn|p1b: Ogerpon|move: Protect\n|move|p2a: \u4f86\u5a01\u5687\u6211\u554a|Earthquake|p1b: Ogerpon|[spread] p1a\n|-miss|p2a: \u4f86\u5a01\u5687\u6211\u554a|p2b: \u6211\u4f86\u7d20\u8cea\u7d20\u8cea\n|-activate|p1b: Ogerpon|move: Protect\n|-supereffective|p1a: Torkoal\n|-damage|p1a: Torkoal|29\/100\n|move|p1a: Torkoal|Earth Power|p2a: \u4f86\u5a01\u5687\u6211\u554a\n|-damage|p2a: \u4f86\u5a01\u5687\u6211\u554a|12\/100\n|\n|-weather|SunnyDay|[upkeep]\n|upkeep\n|turn|5\n|\n|t:|1700623136\n|move|p2a: \u4f86\u5a01\u5687\u6211\u554a|Order Up|p1b: Ogerpon\n|-damage|p1b: Ogerpon|0 fnt\n|faint|p1b: Ogerpon\n|-boost|p2a: \u4f86\u5a01\u5687\u6211\u554a|atk|1\n|move|p1a: Torkoal|Earth Power|p2a: \u4f86\u5a01\u5687\u6211\u554a\n|-damage|p2a: \u4f86\u5a01\u5687\u6211\u554a|0 fnt\n|faint|p2a: \u4f86\u5a01\u5687\u6211\u554a\n|\n|-weather|SunnyDay|[upkeep]\n|upkeep\n|\n|t:|1700623144\n|switch|p1b: Roaring Moon|Roaring Moon, L50|100\/100\n|switch|p2a: \u8ab0\u80fd\u5403\u6211+2\u786c\u6490|Ursaluna, L50, M, shiny|100\/100 brn\n|-activate|p1b: Roaring Moon|ability: Protosynthesis\n|-start|p1b: Roaring Moon|protosynthesisatk\n|turn|6\n|\n|t:|1700623170\n|move|p1b: Roaring Moon|Protect|p1b: Roaring Moon\n|-singleturn|p1b: Roaring Moon|Protect\n|move|p2a: \u8ab0\u80fd\u5403\u6211+2\u786c\u6490|Protect|p2a: \u8ab0\u80fd\u5403\u6211+2\u786c\u6490\n|-singleturn|p2a: \u8ab0\u80fd\u5403\u6211+2\u786c\u6490|Protect\n|move|p1a: Torkoal|Protect|p1a: Torkoal\n|-singleturn|p1a: Torkoal|Protect\n|move|p2b: \u6211\u4f86\u7d20\u8cea\u7d20\u8cea|Draco Meteor|p1a: Torkoal\n|-activate|p1a: Torkoal|move: Protect\n|\n|-weather|SunnyDay|[upkeep]\n|-damage|p2a: \u8ab0\u80fd\u5403\u6211+2\u786c\u6490|94\/100 brn|[from] brn\n|upkeep\n|turn|7\n|\n|t:|1700623193\n|-terastallize|p1b: Roaring Moon|Poison\n|move|p2b: \u6211\u4f86\u7d20\u8cea\u7d20\u8cea|Draco Meteor|p1a: Torkoal\n|-damage|p1a: Torkoal|0 fnt\n|-unboost|p2b: \u6211\u4f86\u7d20\u8cea\u7d20\u8cea|spa|2\n|faint|p1a: Torkoal\n|move|p1b: Roaring Moon|Breaking Swipe|p2a: \u8ab0\u80fd\u5403\u6211+2\u786c\u6490|[spread] p2a,p2b\n|-supereffective|p2b: \u6211\u4f86\u7d20\u8cea\u7d20\u8cea\n|-damage|p2a: \u8ab0\u80fd\u5403\u6211+2\u786c\u6490|71\/100 brn\n|-damage|p2b: \u6211\u4f86\u7d20\u8cea\u7d20\u8cea|0 fnt\n|-unboost|p2a: \u8ab0\u80fd\u5403\u6211+2\u786c\u6490|atk|1\n|faint|p2b: \u6211\u4f86\u7d20\u8cea\u7d20\u8cea\n|move|p2a: \u8ab0\u80fd\u5403\u6211+2\u786c\u6490|Facade|p1b: Roaring Moon\n|-damage|p1b: Roaring Moon|0 fnt\n|faint|p1b: Roaring Moon\n|-end|p1b: Roaring Moon|Protosynthesis|[silent]\n|\n|win|5Sscreen\n|raw|UnderratedBanana's rating: 1311 &rarr; <strong>1289<\/strong><br \/>(-22 for losing)\n|raw|5Sscreen's rating: 1270 &rarr; <strong>1298<\/strong><br \/>(+28 for winning)\n|l|\u2606UnderratedBanana\n|c|\u26065Sscreen|gg\n","uploadtime":1700623210,"views":8,"p1id":"underratedbanana","p2id":"5sscreen","formatid":"gen9vgc2023regulatione","rating":1289,"private":0,"password":""}