{"id":"gen9vgc2023regulatione-1998092102","p1":"SaltyTat3rtotz","p2":"heaven smuggler","format":"[Gen 9] VGC 2023 Regulation E","log":"|j|\u2606SaltyTat3rtotz\n|j|\u2606heaven smuggler\n|t:|1700889940\n|gametype|doubles\n|player|p1|SaltyTat3rtotz|clair|1041\n|player|p2|heaven smuggler|1|1000\n|teamsize|p1|6\n|teamsize|p2|6\n|gen|9\n|tier|[Gen 9] VGC 2023 Regulation E\n|rated|\n|rule|Species Clause: Limit one of each Pok\u00e9mon\n|rule|Item Clause: Limit one of each item\n|clearpoke\n|poke|p1|Torkoal, L50, F|\n|poke|p1|Brute Bonnet, L50|\n|poke|p1|Flutter Mane, L50|\n|poke|p1|Ursaluna-Bloodmoon, L50, M|\n|poke|p1|Fezandipiti, L50, M|\n|poke|p1|Arcanine-Hisui, L50, M|\n|poke|p2|Tauros-Paldea-Blaze, L50, M|\n|poke|p2|Flutter Mane, L50|\n|poke|p2|Tornadus, L50, M|\n|poke|p2|Ogerpon-Wellspring, L50, F|\n|poke|p2|Landorus-Therian, L50, M|\n|poke|p2|Kingambit, L50, M|\n|teampreview|4\n|inactive|Battle timer is ON: inactive players will automatically lose when time's up. (requested by SaltyTat3rtotz)\nheaven smuggler has agreed to open team sheets.\nSaltyTat3rtotz rejected open team sheets.\n|\n|t:|1700889973\n|start\n|switch|p1a: Torkoal|Torkoal, L50, F, shiny|100\/100\n|switch|p1b: Fezandipiti|Fezandipiti, L50, M|100\/100\n|switch|p2a: Tornadus|Tornadus, L50, M|100\/100\n|switch|p2b: Ogerpon|Ogerpon-Wellspring, L50, F|100\/100\n|-weather|SunnyDay|[from] ability: Drought|[of] p1a: Torkoal\n|turn|1\n|\n|t:|1700889996\n|move|p1a: Torkoal|Protect|p1a: Torkoal\n|-singleturn|p1a: Torkoal|Protect\n|move|p2a: Tornadus|Rain Dance|p2a: Tornadus\n|-weather|RainDance\n|move|p1b: Fezandipiti|Tailwind|p1b: Fezandipiti\n|-sidestart|p1: SaltyTat3rtotz|move: Tailwind\n|move|p2b: Ogerpon|Ivy Cudgel|p1b: Fezandipiti|[anim] Ivy Cudgel Water\n|-damage|p1b: Fezandipiti|0 fnt\n|faint|p1b: Fezandipiti\n|\n|-weather|RainDance|[upkeep]\n|upkeep\n|\n|t:|1700890009\n|switch|p1b: Ursaluna|Ursaluna-Bloodmoon, L50, M|100\/100\n|turn|2\n|inactive|heaven smuggler has 30 seconds left.\n|inactive|heaven smuggler has 20 seconds left.\n|\n|t:|1700890049\n|switch|p1a: Flutter Mane|Flutter Mane, L50, shiny|100\/100\n|-enditem|p1a: Flutter Mane|Booster Energy\n|-activate|p1a: Flutter Mane|ability: Protosynthesis|[fromitem]\n|-start|p1a: Flutter Mane|protosynthesisspe\n|-terastallize|p1b: Ursaluna|Ghost\n|move|p2b: Ogerpon|Spiky Shield|p2b: Ogerpon\n|-singleturn|p2b: Ogerpon|move: Protect\n|move|p2a: Tornadus|Tailwind|p2a: Tornadus\n|-sidestart|p2: heaven smuggler|move: Tailwind\n|move|p1b: Ursaluna|Hyper Voice|p2a: Tornadus|[spread] p2a\n|-activate|p2b: Ogerpon|move: Protect\n|-damage|p2a: Tornadus|55\/100\n|\n|-weather|RainDance|[upkeep]\n|upkeep\n|turn|3\n|inactive|heaven smuggler has 30 seconds left.\n|inactive|heaven smuggler has 20 seconds left.\n|inactive|heaven smuggler has 15 seconds left.\n|\n|t:|1700890093\n|switch|p2a: Tauros|Tauros-Paldea-Blaze, L50, M|100\/100\n|-ability|p2a: Tauros|Intimidate|boost\n|-unboost|p1a: Flutter Mane|atk|1\n|-unboost|p1b: Ursaluna|atk|1\n|switch|p1b: Torkoal|Torkoal, L50, F, shiny|100\/100\n|-weather|SunnyDay|[from] ability: Drought|[of] p1b: Torkoal\n|move|p1a: Flutter Mane|Protect|p1a: Flutter Mane\n|-singleturn|p1a: Flutter Mane|Protect\n|move|p2b: Ogerpon|Ivy Cudgel|p1a: Flutter Mane|[anim] Ivy Cudgel Water\n|-activate|p1a: Flutter Mane|move: Protect\n|\n|-weather|SunnyDay|[upkeep]\n|upkeep\n|turn|4\n|inactive|SaltyTat3rtotz has 30 seconds left.\n|inactive|heaven smuggler has 30 seconds left.\n|inactive|SaltyTat3rtotz has 20 seconds left.\n|\n|t:|1700890128\n|move|p2a: Tauros|Protect|p2a: Tauros\n|-singleturn|p2a: Tauros|Protect\n|move|p1a: Flutter Mane|Power Gem|p2b: Ogerpon\n|-damage|p2b: Ogerpon|73\/100\n|move|p2b: Ogerpon|Horn Leech|p1a: Flutter Mane\n|-damage|p1a: Flutter Mane|9\/100\n|-heal|p2b: Ogerpon|100\/100|[from] drain|[of] p1a: Flutter Mane\n|move|p1b: Torkoal|Earth Power|p2a: Tauros\n|-activate|p2a: Tauros|move: Protect\n|\n|-weather|SunnyDay|[upkeep]\n|-sideend|p1: SaltyTat3rtotz|move: Tailwind\n|upkeep\n|turn|5\n|\n|t:|1700890150\n|switch|p2a: Tornadus|Tornadus, L50, M|55\/100\n|move|p2b: Ogerpon|Follow Me|p2b: Ogerpon\n|-singleturn|p2b: Ogerpon|move: Follow Me\n|move|p1a: Flutter Mane|Moonblast|p2b: Ogerpon\n|-damage|p2b: Ogerpon|52\/100\n|-unboost|p2b: Ogerpon|spa|1\n|move|p1b: Torkoal|Solar Beam||[still]\n|-prepare|p1b: Torkoal|Solar Beam\n|-anim|p1b: Torkoal|Solar Beam|p2b: Ogerpon\n|-damage|p2b: Ogerpon|17\/100\n|\n|-weather|SunnyDay|[upkeep]\n|-sideend|p2: heaven smuggler|move: Tailwind\n|upkeep\n|turn|6\n|inactive|heaven smuggler has 30 seconds left.\n|\n|t:|1700890184\n|move|p2b: Ogerpon|Spiky Shield|p2b: Ogerpon\n|-singleturn|p2b: Ogerpon|move: Protect\n|move|p1b: Torkoal|Protect|p1b: Torkoal\n|-singleturn|p1b: Torkoal|Protect\n|move|p2a: Tornadus|Rain Dance|p2a: Tornadus\n|-weather|RainDance\n|move|p1a: Flutter Mane|Power Gem|p2b: Ogerpon\n|-activate|p2b: Ogerpon|move: Protect\n|\n|-weather|RainDance|[upkeep]\n|upkeep\n|turn|7\n|\n|t:|1700890208\n|switch|p1b: Ursaluna|Ursaluna-Bloodmoon, L50, M, tera:Ghost|100\/100\n|move|p1a: Flutter Mane|Protect|p1a: Flutter Mane\n|-singleturn|p1a: Flutter Mane|Protect\n|move|p2a: Tornadus|Tailwind|p2a: Tornadus\n|-sidestart|p2: heaven smuggler|move: Tailwind\n|move|p2b: Ogerpon|Ivy Cudgel|p1b: Ursaluna|[anim] Ivy Cudgel Water\n|-damage|p1b: Ursaluna|41\/100\n|\n|-weather|RainDance|[upkeep]\n|upkeep\n|turn|8\n|\n|t:|1700890231\n|move|p2a: Tornadus|Taunt|p1a: Flutter Mane\n|-start|p1a: Flutter Mane|move: Taunt\n|move|p1b: Ursaluna|Vacuum Wave|p2b: Ogerpon\n|-damage|p2b: Ogerpon|2\/100\n|move|p2b: Ogerpon|Horn Leech|p1a: Flutter Mane\n|-damage|p1a: Flutter Mane|0 fnt\n|-heal|p2b: Ogerpon|6\/100|[from] drain|[of] p1a: Flutter Mane\n|faint|p1a: Flutter Mane\n|-end|p1a: Flutter Mane|Protosynthesis|[silent]\n|\n|-weather|RainDance|[upkeep]\n|upkeep\n|\n|t:|1700890244\n|switch|p1a: Torkoal|Torkoal, L50, F, shiny|100\/100\n|-weather|SunnyDay|[from] ability: Drought|[of] p1a: Torkoal\n|turn|9\n|\n|t:|1700890256\n|switch|p2b: Flutter Mane|Flutter Mane, L50|100\/100\n|-activate|p2b: Flutter Mane|ability: Protosynthesis\n|-start|p2b: Flutter Mane|protosynthesisspe\n|move|p2a: Tornadus|Rain Dance|p2a: Tornadus\n|-weather|RainDance\n|-end|p2b: Flutter Mane|Protosynthesis\n|move|p1b: Ursaluna|Hyper Voice|p2a: Tornadus|[spread] p2a,p2b\n|-damage|p2a: Tornadus|10\/100\n|-damage|p2b: Flutter Mane|66\/100\n|move|p1a: Torkoal|Heat Wave|p2a: Tornadus|[spread] p2a,p2b\n|-damage|p2a: Tornadus|0 fnt\n|-damage|p2b: Flutter Mane|52\/100\n|-status|p2b: Flutter Mane|brn\n|faint|p2a: Tornadus\n|\n|-weather|RainDance|[upkeep]\n|-damage|p2b: Flutter Mane|45\/100 brn|[from] brn\n|upkeep\n|\n|t:|1700890270\n|switch|p2a: Ogerpon|Ogerpon-Wellspring, L50, F|6\/100\n|turn|10\n|\n|t:|1700890279\n|move|p2a: Ogerpon|Spiky Shield|p2a: Ogerpon\n|-singleturn|p2a: Ogerpon|move: Protect\n|move|p1a: Torkoal|Protect|p1a: Torkoal\n|-singleturn|p1a: Torkoal|Protect\n|move|p2b: Flutter Mane|Shadow Ball|p1b: Ursaluna\n|-supereffective|p1b: Ursaluna\n|-damage|p1b: Ursaluna|0 fnt\n|faint|p1b: Ursaluna\n|\n|-weather|RainDance|[upkeep]\n|-damage|p2b: Flutter Mane|39\/100 brn|[from] brn\n|-sideend|p2: heaven smuggler|move: Tailwind\n|upkeep\n|turn|11\n|\n|t:|1700890291\n|move|p2b: Flutter Mane|Shadow Ball|p1a: Torkoal\n|-damage|p1a: Torkoal|14\/100\n|-enditem|p1a: Torkoal|Sitrus Berry|[eat]\n|-heal|p1a: Torkoal|39\/100|[from] item: Sitrus Berry\n|move|p2a: Ogerpon|Ivy Cudgel|p1a: Torkoal|[anim] Ivy Cudgel Water\n|-supereffective|p1a: Torkoal\n|-damage|p1a: Torkoal|0 fnt\n|faint|p1a: Torkoal\n|\n|win|heaven smuggler\n|raw|SaltyTat3rtotz's rating: 1041 &rarr; <strong>1023<\/strong><br \/>(-18 for losing)\n|raw|heaven smuggler's rating: 1000 &rarr; <strong>1045<\/strong><br \/>(+45 for winning)\n|l|\u2606SaltyTat3rtotz\n","uploadtime":1700890306,"views":3,"p1id":"saltytat3rtotz","p2id":"heavensmuggler","formatid":"gen9vgc2023regulatione","rating":1023,"private":0,"password":""}