{"id":"gen9vgc2023regulatione-1993016048","p1":"SuspiciousGoober76","p2":"finiro","format":"[Gen 9] VGC 2023 Regulation E","log":"|j|\u2606SuspiciousGoober76\n|j|\u2606finiro\n|t:|1700255750\n|gametype|doubles\n|player|p1|SuspiciousGoober76|galacticgrunt|\n|player|p2|finiro|gambler|\n|teamsize|p1|6\n|teamsize|p2|6\n|gen|9\n|tier|[Gen 9] VGC 2023 Regulation E\n|rule|Species Clause: Limit one of each Pok\u00e9mon\n|rule|Item Clause: Limit one of each item\n|clearpoke\n|poke|p1|Lilligant, L50, F|\n|poke|p1|Torkoal, L50, M|\n|poke|p1|Conkeldurr, L50, F|\n|poke|p1|Farigiraf, L50, M|\n|poke|p1|Iron Hands, L50|\n|poke|p1|Dusknoir, L50, M|\n|poke|p2|Avalugg-Hisui, L50, M|\n|poke|p2|Ogerpon-Cornerstone, L50, F|\n|poke|p2|Clefairy, L50, F|\n|poke|p2|Slowking, L50, F|\n|poke|p2|Grimmsnarl, L50, M|\n|poke|p2|Volcarona, L50, F|\n|teampreview|4\n|c|\u2606finiro|glhf\nfiniro rejected open team sheets.\n|c|\u2606SuspiciousGoober76|glhf\n|c|\u2606SuspiciousGoober76|u git link?\n|c|\u2606finiro|yeah\n|j| F3athers\n|\n|t:|1700255838\n|start\n|switch|p1a: Brutus|Lilligant, L50, F|100\/100\n|switch|p1b: Torkoal|Torkoal, L50, M|100\/100\n|switch|p2a: Grimmsnarl|Grimmsnarl, L50, M|100\/100\n|switch|p2b: Slowking|Slowking, L50, F|100\/100\n|-weather|SunnyDay|[from] ability: Drought|[of] p1b: Torkoal\n|turn|1\n|c|\u2606SuspiciousGoober76|ty\n|j| ryanotest1\n|j| Jstardude\n|c| Jstardude|ryan alt leak?\n|j| Stryke Out\n|\n|t:|1700255880\n|-terastallize|p2b: Slowking|Grass\n|move|p1b: Torkoal|Protect|p1b: Torkoal\n|-singleturn|p1b: Torkoal|Protect\n|move|p1a: Brutus|Sleep Powder|p2b: Slowking\n|-immune|p2b: Slowking\n|move|p2a: Grimmsnarl|Spirit Break|p1b: Torkoal\n|-activate|p1b: Torkoal|move: Protect\n|move|p2b: Slowking|Chilly Reception|p2b: Slowking\n|-weather|Snow\n|j| revognillaf\n|c| ryanotest1|One of many\n|\n|t:|1700255894\n|switch|p2b: Volcarona|Volcarona, L50, F|100\/100|[from] Chilly Reception\n|\n|-weather|Snow|[upkeep]\n|upkeep\n|turn|2\n|\n|t:|1700255935\n|-terastallize|p1b: Torkoal|Fire\n|move|p2a: Grimmsnarl|Bulk Up|p2a: Grimmsnarl\n|-boost|p2a: Grimmsnarl|atk|1\n|-boost|p2a: Grimmsnarl|def|1\n|move|p1a: Brutus|After You|p1b: Torkoal\n|-activate|p1b: Torkoal|move: After You\n|move|p1b: Torkoal|Eruption|p2b: Volcarona|[spread] p2a,p2b\n|-damage|p2a: Grimmsnarl|24\/100\n|-damage|p2b: Volcarona|41\/100\n|-enditem|p2b: Volcarona|Sitrus Berry|[eat]\n|-heal|p2b: Volcarona|65\/100|[from] item: Sitrus Berry\n|move|p2b: Volcarona|Heat Wave|p1a: Brutus|[spread] p1a,p1b\n|-supereffective|p1a: Brutus\n|-resisted|p1b: Torkoal\n|-damage|p1a: Brutus|15\/100\n|-damage|p1b: Torkoal|76\/100\n|\n|-weather|Snow|[upkeep]\n|upkeep\n|turn|3\n|\n|t:|1700255971\n|switch|p1a: Farigiraf|Farigiraf, L50, M|100\/100\n|switch|p2a: Clefairy|Clefairy, L50, F|100\/100\n|switch|p1b: Iron Hands|Iron Hands, L50|100\/100\n|move|p2b: Volcarona|Protect||[still]\n|-fail|p2b: Volcarona\n|\n|-weather|Snow|[upkeep]\n|upkeep\n|turn|4\n|\n|t:|1700255996\n|move|p2b: Volcarona|Heat Wave|p1a: Farigiraf|[spread] p1a,p1b\n|-damage|p1a: Farigiraf|69\/100\n|-damage|p1b: Iron Hands|78\/100\n|move|p2a: Clefairy|Life Dew||[still]|[spread] p2a,p2b\n|-fail|p2a: Clefairy|heal\n|-heal|p2b: Volcarona|91\/100\n|move|p1b: Iron Hands|Wild Charge|p2b: Volcarona\n|-damage|p2b: Volcarona|48\/100\n|-damage|p1b: Iron Hands|70\/100|[from] Recoil\n|move|p1a: Farigiraf|Trick Room|p1a: Farigiraf\n|-fieldstart|move: Trick Room|[of] p1a: Farigiraf\n|\n|-weather|Snow|[upkeep]\n|upkeep\n|turn|5\n|\n|t:|1700256017\n|-end|p1b: Iron Hands|Quark Drive|[silent]\n|switch|p1b: Torkoal|Torkoal, L50, M, tera:Fire|76\/100\n|-weather|SunnyDay|[from] ability: Drought|[of] p1b: Torkoal\n|move|p2a: Clefairy|Follow Me|p2a: Clefairy\n|-singleturn|p2a: Clefairy|move: Follow Me\n|move|p1a: Farigiraf|Ally Switch|p1a: Farigiraf\n|swap|p1a: Farigiraf|1|[from] move: Ally Switch\n|move|p2b: Volcarona|Heat Wave|p1b: Farigiraf|[spread] p1a,p1b\n|-resisted|p1a: Torkoal\n|-damage|p1a: Torkoal|43\/100\n|-damage|p1b: Farigiraf|17\/100\n|\n|-weather|SunnyDay|[upkeep]\n|upkeep\n|turn|6\n|\n|t:|1700256046\n|switch|p2a: Grimmsnarl|Grimmsnarl, L50, M|24\/100\n|move|p2b: Volcarona|Protect|p2b: Volcarona\n|-singleturn|p2b: Volcarona|Protect\n|move|p1a: Torkoal|Heat Wave|p2b: Volcarona|[spread] p2a\n|-activate|p2b: Volcarona|move: Protect\n|-damage|p2a: Grimmsnarl|0 fnt\n|faint|p2a: Grimmsnarl\n|move|p1b: Farigiraf|Psychic|p2b: Volcarona\n|-activate|p2b: Volcarona|move: Protect\n|\n|-weather|SunnyDay|[upkeep]\n|upkeep\n|\n|t:|1700256075\n|switch|p2a: Clefairy|Clefairy, L50, F|100\/100\n|turn|7\n|\n|t:|1700256101\n|switch|p2b: Slowking|Slowking, L50, F, tera:Grass|100\/100\n|move|p2a: Clefairy|Protect|p2a: Clefairy\n|-singleturn|p2a: Clefairy|Protect\n|move|p1a: Torkoal|Heat Wave|p2a: Clefairy|[spread] p2b\n|-activate|p2a: Clefairy|move: Protect\n|-supereffective|p2b: Slowking\n|-damage|p2b: Slowking|26\/100\n|move|p1b: Farigiraf|Psychic|p2b: Slowking\n|-damage|p2b: Slowking|2\/100\n|\n|-weather|SunnyDay|[upkeep]\n|upkeep\n|turn|8\n|\n|t:|1700256123\n|switch|p1b: Brutus|Lilligant, L50, F|15\/100\n|move|p1a: Torkoal|Heat Wave|p2b: Slowking|[spread] p2a,p2b\n|-supereffective|p2b: Slowking\n|-damage|p2a: Clefairy|47\/100\n|-damage|p2b: Slowking|0 fnt\n|faint|p2b: Slowking\n|move|p2a: Clefairy|Life Dew|p2a: Clefairy\n|-heal|p2a: Clefairy|72\/100\n|\n|-weather|SunnyDay|[upkeep]\n|-fieldend|move: Trick Room\n|upkeep\n|\n|t:|1700256133\n|switch|p2b: Volcarona|Volcarona, L50, F|48\/100\n|turn|9\n|\n|t:|1700256148\n|move|p2b: Volcarona|Protect|p2b: Volcarona\n|-singleturn|p2b: Volcarona|Protect\n|move|p1b: Brutus|Sleep Powder|p2b: Volcarona\n|-activate|p2b: Volcarona|move: Protect\n|move|p2a: Clefairy|Life Dew|p2a: Clefairy|[spread] p2a,p2b\n|-heal|p2a: Clefairy|97\/100\n|-heal|p2b: Volcarona|73\/100\n|move|p1a: Torkoal|Heat Wave|p2a: Clefairy|[spread] p2a\n|-activate|p2b: Volcarona|move: Protect\n|-damage|p2a: Clefairy|39\/100\n|\n|-weather|none\n|upkeep\n|turn|10\n|\n|t:|1700256162\n|switch|p1a: Farigiraf|Farigiraf, L50, M|17\/100\n|move|p1b: Brutus|Protect|p1b: Brutus\n|-singleturn|p1b: Brutus|Protect\n|move|p2a: Clefairy|Follow Me|p2a: Clefairy\n|-singleturn|p2a: Clefairy|move: Follow Me\n|move|p2b: Volcarona|Heat Wave|p1b: Brutus|[spread] p1a\n|-activate|p1b: Brutus|move: Protect\n|-damage|p1a: Farigiraf|0 fnt\n|faint|p1a: Farigiraf\n|\n|upkeep\n|\n|t:|1700256171\n|switch|p1a: Torkoal|Torkoal, L50, M, tera:Fire|43\/100\n|-weather|SunnyDay|[from] ability: Drought|[of] p1a: Torkoal\n|turn|11\n|\n|t:|1700256187\n|move|p1a: Torkoal|Protect|p1a: Torkoal\n|-singleturn|p1a: Torkoal|Protect\n|move|p2a: Clefairy|Follow Me|p2a: Clefairy\n|-singleturn|p2a: Clefairy|move: Follow Me\n|move|p1b: Brutus|Sleep Powder|p2a: Clefairy\n|-status|p2a: Clefairy|slp|[from] move: Sleep Powder\n|move|p2b: Volcarona|Heat Wave|p1b: Brutus|[spread] \n|-activate|p1a: Torkoal|move: Protect\n|-miss|p2b: Volcarona|p1b: Brutus\n|\n|-weather|SunnyDay|[upkeep]\n|upkeep\n|turn|12\n|\n|t:|1700256206\n|move|p1b: Brutus|Sleep Powder|p2b: Volcarona|[miss]\n|-miss|p1b: Brutus|p2b: Volcarona\n|move|p2b: Volcarona|Heat Wave|p1b: Brutus|[spread] p1a,p1b\n|-resisted|p1a: Torkoal\n|-supereffective|p1b: Brutus\n|-damage|p1a: Torkoal|9\/100\n|-damage|p1b: Brutus|0 fnt\n|faint|p1b: Brutus\n|cant|p2a: Clefairy|slp\n|move|p1a: Torkoal|Heat Wave|p2b: Volcarona|[spread] p2a,p2b\n|-damage|p2a: Clefairy|0 fnt\n|-damage|p2b: Volcarona|32\/100\n|faint|p2a: Clefairy\n|\n|-weather|SunnyDay|[upkeep]\n|upkeep\n|\n|t:|1700256209\n|switch|p1b: Iron Hands|Iron Hands, L50|70\/100\n|turn|13\n|\n|t:|1700256221\n|move|p2b: Volcarona|Protect|p2b: Volcarona\n|-singleturn|p2b: Volcarona|Protect\n|move|p1b: Iron Hands|Fake Out|p2b: Volcarona\n|-activate|p2b: Volcarona|move: Protect\n|move|p1a: Torkoal|Heat Wave|p2b: Volcarona\n|-activate|p2b: Volcarona|move: Protect\n|\n|-weather|SunnyDay|[upkeep]\n|upkeep\n|turn|14\n|\n|t:|1700256231\n|move|p2b: Volcarona|Heat Wave|p1b: Iron Hands|[spread] p1b\n|-miss|p2b: Volcarona|p1a: Torkoal\n|-damage|p1b: Iron Hands|37\/100\n|-status|p1b: Iron Hands|brn\n|move|p1b: Iron Hands|Wild Charge|p2b: Volcarona\n|-damage|p2b: Volcarona|6\/100\n|-damage|p1b: Iron Hands|32\/100 brn|[from] Recoil\n|move|p1a: Torkoal|Heat Wave|p2b: Volcarona|[miss]\n|-miss|p1a: Torkoal|p2b: Volcarona\n|\n|-weather|SunnyDay|[upkeep]\n|-damage|p1b: Iron Hands|26\/100 brn|[from] brn\n|upkeep\n|turn|15\n|c|\u2606finiro|thats mad\n|c|\u2606SuspiciousGoober76|no fucking way\n|\n|t:|1700256251\n|move|p2b: Volcarona|Heat Wave|p1b: Iron Hands|[spread] p1a,p1b\n|-resisted|p1a: Torkoal\n|-damage|p1a: Torkoal|0 fnt\n|-damage|p1b: Iron Hands|0 fnt\n|faint|p1a: Torkoal\n|faint|p1b: Iron Hands\n|-end|p1b: Iron Hands|Quark Drive|[silent]\n|\n|win|finiro\n|c|\u2606finiro|damn\n|c|\u2606SuspiciousGoober76|brut\n|c| Stryke Out|Damnnnn\n|c|\u2606SuspiciousGoober76|gg\n|c|\u2606finiro|gg\n|l|\u2606SuspiciousGoober76\n|l|\u2606finiro\n|l| Stryke Out\n|n| F3athers|f3athers\n|l| ryanotest1\n|l| Jstardude\n|j| jayballester\n|j| Jstardude\n","uploadtime":1700256815,"views":28,"p1id":"suspiciousgoober76","p2id":"finiro","formatid":"gen9vgc2023regulatione","rating":0,"private":0,"password":""}