{"id":"gen9vgc2023regulatione-1998482064","p1":"Lunn00","p2":"TrapZelda","format":"[Gen 9] VGC 2023 Regulation E","log":"|j|\u2606Lunn00\n|j|\u2606TrapZelda\n|t:|1700947283\n|gametype|doubles\n|player|p1|Lunn00|2|1264\n|player|p2|TrapZelda|102|1232\n|teamsize|p1|6\n|teamsize|p2|6\n|gen|9\n|tier|[Gen 9] VGC 2023 Regulation E\n|rated|\n|rule|Species Clause: Limit one of each Pok\u00e9mon\n|rule|Item Clause: Limit one of each item\n|clearpoke\n|poke|p1|Sableye, L50, F|\n|poke|p1|Ogerpon-Wellspring, L50, F|\n|poke|p1|Houndstone, L50, F|\n|poke|p1|Revavroom, L50, M|\n|poke|p1|Gholdengo, L50|\n|poke|p1|Arcanine-Hisui, L50, F|\n|poke|p2|Annihilape, L50, F|\n|poke|p2|Oranguru, L50, F|\n|poke|p2|Sinistcha, L50|\n|poke|p2|Tinkaton, L50, F|\n|poke|p2|Ursaluna-Bloodmoon, L50, M|\n|poke|p2|Torkoal, L50, M|\n|teampreview|4\n|inactive|Battle timer is ON: inactive players will automatically lose when time's up. (requested by TrapZelda)\n|inactive|Lunn00 has 60 seconds left.\n|\n|t:|1700947314\n|start\n|switch|p1a: Sableye|Sableye, L50, F|100\/100\n|switch|p1b: Ogerpon|Ogerpon-Wellspring, L50, F|100\/100\n|switch|p2a: Annihilape|Annihilape, L50, F|100\/100\n|switch|p2b: Oranguru|Oranguru, L50, F|100\/100\n|turn|1\n|\n|t:|1700947328\n|move|p2a: Annihilape|Protect|p2a: Annihilape\n|-singleturn|p2a: Annihilape|Protect\n|move|p1a: Sableye|Reflect|p1a: Sableye\n|-sidestart|p1: Lunn00|Reflect\n|move|p1b: Ogerpon|Ivy Cudgel|p2b: Oranguru|[anim] Ivy Cudgel Water\n|-damage|p2b: Oranguru|51\/100\n|move|p2b: Oranguru|Trick Room|p2b: Oranguru\n|-fieldstart|move: Trick Room|[of] p2b: Oranguru\n|\n|upkeep\n|turn|2\n|inactive|TrapZelda has 30 seconds left.\n|\n|t:|1700947354\n|move|p1a: Sableye|Encore|p2a: Annihilape\n|-start|p2a: Annihilape|Encore\n|move|p2b: Oranguru|Scary Face|p2a: Annihilape\n|-unboost|p2a: Annihilape|spe|2\n|move|p2a: Annihilape|Protect||[still]\n|-fail|p2a: Annihilape\n|move|p1b: Ogerpon|Swords Dance|p1b: Ogerpon\n|-boost|p1b: Ogerpon|atk|2\n|\n|upkeep\n|turn|3\n|\n|t:|1700947368\n|switch|p2a: Sinistcha|Sinistcha, L50|100\/100\n|-heal|p2b: Oranguru|76\/100|[from] ability: Hospitality|[of] p2a: Sinistcha\n|move|p1a: Sableye|Encore|p2b: Oranguru\n|-start|p2b: Oranguru|Encore\n|-enditem|p2b: Oranguru|Mental Herb\n|-end|p2b: Oranguru|Encore\n|move|p2b: Oranguru|Foul Play|p1b: Ogerpon\n|-damage|p1b: Ogerpon|44\/100\n|move|p1b: Ogerpon|Swords Dance|p1b: Ogerpon\n|-boost|p1b: Ogerpon|atk|2\n|\n|upkeep\n|turn|4\n|\n|t:|1700947386\n|move|p1a: Sableye|Disable|p2b: Oranguru\n|-start|p2b: Oranguru|Disable|Foul Play\n|cant|p2b: Oranguru|Disable|Foul Play\n|move|p2a: Sinistcha|Matcha Gotcha|p1a: Sableye|[spread] p1a,p1b\n|-damage|p1a: Sableye|69\/100\n|-damage|p1b: Ogerpon|13\/100\n|-status|p1b: Ogerpon|brn\n|move|p1b: Ogerpon|Horn Leech|p2b: Oranguru\n|-damage|p2b: Oranguru|13\/100\n|-heal|p1b: Ogerpon|52\/100 brn|[from] drain|[of] p2b: Oranguru\n|\n|-damage|p1b: Ogerpon|46\/100 brn|[from] brn\n|upkeep\n|turn|5\n|\n|t:|1700947409\n|switch|p2b: Annihilape|Annihilape, L50, F|100\/100\n|move|p1a: Sableye|Disable|p2a: Sinistcha\n|-start|p2a: Sinistcha|Disable|Matcha Gotcha\n|move|p2a: Sinistcha|Strength Sap|p1b: Ogerpon\n|-unboost|p1b: Ogerpon|atk|1\n|move|p1b: Ogerpon|Horn Leech|p2b: Annihilape\n|-damage|p2b: Annihilape|46\/100\n|-heal|p1b: Ogerpon|83\/100 brn|[from] drain|[of] p2b: Annihilape\n|\n|-heal|p2b: Annihilape|52\/100|[from] item: Leftovers\n|-damage|p1b: Ogerpon|77\/100 brn|[from] brn\n|-fieldend|move: Trick Room\n|upkeep\n|turn|6\n|\n|t:|1700947420\n|move|p2b: Annihilape|Protect|p2b: Annihilape\n|-singleturn|p2b: Annihilape|Protect\n|move|p1a: Sableye|Encore|p2a: Sinistcha\n|-start|p2a: Sinistcha|Encore\n|move|p1b: Ogerpon|Horn Leech|p2b: Annihilape\n|-activate|p2b: Annihilape|move: Protect\n|move|p2a: Sinistcha|Strength Sap|p1a: Sableye\n|-unboost|p1a: Sableye|atk|1\n|\n|-heal|p2b: Annihilape|58\/100|[from] item: Leftovers\n|-damage|p1b: Ogerpon|71\/100 brn|[from] brn\n|upkeep\n|turn|7\n|\n|t:|1700947435\n|switch|p2b: Ursaluna|Ursaluna-Bloodmoon, L50, M|100\/100\n|switch|p2a: Oranguru|Oranguru, L50, F|13\/100\n|move|p1a: Sableye|Encore||[still]\n|-fail|p1a: Sableye\n|move|p1b: Ogerpon|Horn Leech|p2b: Ursaluna\n|-supereffective|p2b: Ursaluna\n|-damage|p2b: Ursaluna|18\/100\n|-heal|p1b: Ogerpon|100\/100 brn|[from] drain|[of] p2b: Ursaluna\n|\n|-damage|p1b: Ogerpon|95\/100 brn|[from] brn\n|upkeep\n|turn|8\n|\n|t:|1700947452\n|switch|p2b: Sinistcha|Sinistcha, L50|100\/100\n|-heal|p2a: Oranguru|38\/100|[from] ability: Hospitality|[of] p2b: Sinistcha\n|move|p1a: Sableye|Light Screen|p1a: Sableye\n|-sidestart|p1: Lunn00|move: Light Screen\n|move|p1b: Ogerpon|Ivy Cudgel|p2a: Oranguru|[anim] Ivy Cudgel Water\n|-damage|p2a: Oranguru|0 fnt\n|faint|p2a: Oranguru\n|\n|-damage|p1b: Ogerpon|89\/100 brn|[from] brn\n|-sideend|p1: Lunn00|Reflect\n|upkeep\n|\n|t:|1700947463\n|switch|p2a: Annihilape|Annihilape, L50, F|58\/100\n|turn|9\n|\n|t:|1700947480\n|move|p2a: Annihilape|Protect|p2a: Annihilape\n|-singleturn|p2a: Annihilape|Protect\n|move|p1a: Sableye|Reflect|p1a: Sableye\n|-sidestart|p1: Lunn00|Reflect\n|move|p1b: Ogerpon|Ivy Cudgel|p2a: Annihilape|[anim] Ivy Cudgel Water\n|-activate|p2a: Annihilape|move: Protect\n|move|p2b: Sinistcha|Trick Room|p2b: Sinistcha\n|-fieldstart|move: Trick Room|[of] p2b: Sinistcha\n|\n|-heal|p2a: Annihilape|63\/100|[from] item: Leftovers\n|-damage|p1b: Ogerpon|83\/100 brn|[from] brn\n|upkeep\n|turn|10\n|\n|t:|1700947498\n|switch|p2a: Ursaluna|Ursaluna-Bloodmoon, L50, M|18\/100\n|move|p1a: Sableye|Encore||[still]\n|-fail|p1a: Sableye\n|move|p2b: Sinistcha|Matcha Gotcha|p1a: Sableye|[spread] p1a,p1b\n|-damage|p1a: Sableye|49\/100\n|-damage|p1b: Ogerpon|62\/100 brn\n|move|p1b: Ogerpon|Ivy Cudgel|p2b: Sinistcha|[anim] Ivy Cudgel Water\n|-resisted|p2b: Sinistcha\n|-damage|p2b: Sinistcha|69\/100\n|\n|-damage|p1b: Ogerpon|57\/100 brn|[from] brn\n|upkeep\n|turn|11\n|\n|t:|1700947517\n|-terastallize|p2a: Ursaluna|Normal\n|move|p1b: Ogerpon|Spiky Shield|p1b: Ogerpon\n|-singleturn|p1b: Ogerpon|move: Protect\n|move|p1a: Sableye|Disable|p2b: Sinistcha\n|-start|p2b: Sinistcha|Disable|Matcha Gotcha\n|move|p2a: Ursaluna|Hyper Voice|p1b: Ogerpon|[spread] p1a\n|-activate|p1b: Ogerpon|move: Protect\n|-damage|p1a: Sableye|0 fnt\n|faint|p1a: Sableye\n|cant|p2b: Sinistcha|Disable|Matcha Gotcha\n|\n|-damage|p1b: Ogerpon|51\/100 brn|[from] brn\n|upkeep\n|\n|t:|1700947529\n|switch|p1a: Gholdengo|Gholdengo, L50|100\/100\n|turn|12\n|\n|t:|1700947547\n|switch|p2b: Annihilape|Annihilape, L50, F|63\/100\n|move|p2a: Ursaluna|Blood Moon|p1b: Ogerpon\n|-damage|p1b: Ogerpon|0 fnt\n|faint|p1b: Ogerpon\n|move|p1a: Gholdengo|Make It Rain|p2b: Annihilape|[spread] p2a,p2b\n|-damage|p2a: Ursaluna|0 fnt\n|-damage|p2b: Annihilape|11\/100\n|-unboost|p1a: Gholdengo|spa|1\n|faint|p2a: Ursaluna\n|-damage|p1a: Gholdengo|91\/100|[from] item: Life Orb\n|\n|-heal|p2b: Annihilape|16\/100|[from] item: Leftovers\n|upkeep\n|\n|t:|1700947564\n|switch|p2a: Sinistcha|Sinistcha, L50|69\/100\n|switch|p1b: Houndstone|Houndstone, L50, F|100\/100\n|-heal|p2b: Annihilape|41\/100|[from] ability: Hospitality|[of] p2a: Sinistcha\n|turn|13\n|\n|t:|1700947577\n|move|p2a: Sinistcha|Strength Sap|p1b: Houndstone\n|-unboost|p1b: Houndstone|atk|1\n|-heal|p2a: Sinistcha|100\/100\n|move|p2b: Annihilape|Rage Fist|p1a: Gholdengo\n|-supereffective|p1a: Gholdengo\n|-damage|p1a: Gholdengo|0 fnt\n|faint|p1a: Gholdengo\n|move|p1b: Houndstone|Will-O-Wisp|p2b: Annihilape\n|-status|p2b: Annihilape|brn\n|\n|-heal|p2b: Annihilape|47\/100 brn|[from] item: Leftovers\n|-damage|p2b: Annihilape|41\/100 brn|[from] brn\n|-fieldend|move: Trick Room\n|upkeep\n|turn|14\n|\n|t:|1700947594\n|-terastallize|p1b: Houndstone|Ghost\n|move|p2b: Annihilape|Protect|p2b: Annihilape\n|-singleturn|p2b: Annihilape|Protect\n|move|p1b: Houndstone|Last Respects|p2a: Sinistcha\n|-supereffective|p2a: Sinistcha\n|-damage|p2a: Sinistcha|3\/100\n|move|p2a: Sinistcha|Trick Room|p2a: Sinistcha\n|-fieldstart|move: Trick Room|[of] p2a: Sinistcha\n|\n|-heal|p2b: Annihilape|47\/100 brn|[from] item: Leftovers\n|-damage|p2b: Annihilape|41\/100 brn|[from] brn\n|upkeep\n|turn|15\n|\n|t:|1700947610\n|move|p2a: Sinistcha|Shadow Ball|p1b: Houndstone\n|-supereffective|p1b: Houndstone\n|-damage|p1b: Houndstone|58\/100\n|move|p2b: Annihilape|Rage Fist|p1b: Houndstone\n|-supereffective|p1b: Houndstone\n|-damage|p1b: Houndstone|37\/100\n|-enditem|p1b: Houndstone|Sitrus Berry|[eat]\n|-heal|p1b: Houndstone|62\/100|[from] item: Sitrus Berry\n|move|p1b: Houndstone|Last Respects|p2b: Annihilape\n|-supereffective|p2b: Annihilape\n|-damage|p2b: Annihilape|0 fnt\n|faint|p2b: Annihilape\n|\n|-sideend|p1: Lunn00|move: Light Screen\n|upkeep\n|turn|16\n|\n|t:|1700947635\n|move|p2a: Sinistcha|Strength Sap|p1b: Houndstone\n|-unboost|p1b: Houndstone|atk|1\n|-heal|p2a: Sinistcha|52\/100\n|move|p1b: Houndstone|Snarl|p2a: Sinistcha\n|-supereffective|p2a: Sinistcha\n|-damage|p2a: Sinistcha|39\/100\n|-unboost|p2a: Sinistcha|spa|1\n|\n|-sideend|p1: Lunn00|Reflect\n|upkeep\n|turn|17\n|\n|t:|1700947643\n|move|p2a: Sinistcha|Shadow Ball|p1b: Houndstone\n|-supereffective|p1b: Houndstone\n|-damage|p1b: Houndstone|17\/100\n|move|p1b: Houndstone|Snarl|p2a: Sinistcha\n|-supereffective|p2a: Sinistcha\n|-damage|p2a: Sinistcha|25\/100\n|-unboost|p2a: Sinistcha|spa|1\n|\n|upkeep\n|turn|18\n|\n|t:|1700947648\n|move|p2a: Sinistcha|Shadow Ball|p1b: Houndstone\n|-supereffective|p1b: Houndstone\n|-damage|p1b: Houndstone|0 fnt\n|faint|p1b: Houndstone\n|\n|win|TrapZelda\n|raw|Lunn00's rating: 1264 &rarr; <strong>1237<\/strong><br \/>(-27 for losing)\n|raw|TrapZelda's rating: 1232 &rarr; <strong>1259<\/strong><br \/>(+27 for winning)\n|l|\u2606Lunn00\n","uploadtime":1700947660,"views":15,"p1id":"lunn00","p2id":"trapzelda","formatid":"gen9vgc2023regulatione","rating":1237,"private":0,"password":""}