{"id":"gen9vgc2023regulatione-1999579197","p1":"NormalPass","p2":"Neutralist","format":"[Gen 9] VGC 2023 Regulation E","log":"|j|\u2606NormalPass\n|j|\u2606Neutralist\n|t:|1701098058\n|gametype|doubles\n|player|p1|NormalPass|2|1320\n|player|p2|Neutralist|266|1376\n|teamsize|p1|6\n|teamsize|p2|6\n|gen|9\n|tier|[Gen 9] VGC 2023 Regulation E\n|rated|\n|rule|Species Clause: Limit one of each Pok\u00e9mon\n|rule|Item Clause: Limit one of each item\n|clearpoke\n|poke|p1|Annihilape, L50, F|\n|poke|p1|Landorus-Therian, L50, M|\n|poke|p1|Cresselia, L50, F|\n|poke|p1|Grimmsnarl, L50, M|\n|poke|p1|Goodra-Hisui, L50, F|\n|poke|p1|Toxapex, L50, F|\n|poke|p2|Baxcalibur, L50, M|\n|poke|p2|Ninetales-Alola, L50, F|\n|poke|p2|Ogerpon-Wellspring, L50, F|\n|poke|p2|Rillaboom, L50, M|\n|poke|p2|Heatran, L50, M|\n|poke|p2|Moltres-Galar, L50|\n|teampreview|4\nNeutralist has agreed to open team sheets.\n|\n|t:|1701098090\n|start\n|switch|p1a: Goodra|Goodra-Hisui, L50, F|100\/100\n|switch|p1b: Grimmsnarl|Grimmsnarl, L50, M|100\/100\n|switch|p2a: Skillseal|Ninetales-Alola, L50, F|100\/100\n|switch|p2b: -1.0|Moltres-Galar, L50|100\/100\n|-weather|Snow|[from] ability: Snow Warning|[of] p2a: Skillseal\n|turn|1\n|inactive|Battle timer is ON: inactive players will automatically lose when time's up. (requested by Neutralist)\n|\n|t:|1701098110\n|move|p1b: Grimmsnarl|Taunt|p2a: Skillseal\n|-start|p2a: Skillseal|move: Taunt\n|cant|p2a: Skillseal|move: Taunt|Aurora Veil\n|move|p2b: -1.0|Nasty Plot|p2b: -1.0\n|-boost|p2b: -1.0|spa|2\n|move|p1a: Goodra|Shelter|p1a: Goodra\n|-boost|p1a: Goodra|def|2\n|\n|-weather|Snow|[upkeep]\n|upkeep\n|turn|2\n|\n|t:|1701098127\n|switch|p2a: L'monki|Rillaboom, L50, M|100\/100\n|-fieldstart|move: Grassy Terrain|[from] ability: Grassy Surge|[of] p2a: L'monki\n|move|p1b: Grimmsnarl|Light Screen|p1b: Grimmsnarl\n|-sidestart|p1: NormalPass|move: Light Screen\n|move|p2b: -1.0|Nasty Plot|p2b: -1.0\n|-boost|p2b: -1.0|spa|2\n|move|p1a: Goodra|Body Press|p2b: -1.0\n|-crit|p2b: -1.0\n|-damage|p2b: -1.0|29\/100\n|-ability|p2b: -1.0|Berserk|boost\n|-boost|p2b: -1.0|spa|1\n|-enditem|p2b: -1.0|Sitrus Berry|[eat]\n|-heal|p2b: -1.0|54\/100|[from] item: Sitrus Berry\n|\n|-weather|Snow|[upkeep]\n|upkeep\n|turn|3\n|inactive|NormalPass has 30 seconds left.\n|inactive|Neutralist has 30 seconds left.\n|inactive|NormalPass has 20 seconds left.\n|\n|t:|1701098165\n|switch|p1a: Toxapex|Toxapex, L50, F|100\/100\n|move|p2a: L'monki|Fake Out|p1a: Toxapex\n|-damage|p1a: Toxapex|90\/100\n|move|p2b: -1.0|Fiery Wrath|p1a: Toxapex|[spread] p1a,p1b\n|-crit|p1a: Toxapex\n|-resisted|p1b: Grimmsnarl\n|-damage|p1a: Toxapex|0 fnt\n|-damage|p1b: Grimmsnarl|85\/100\n|faint|p1a: Toxapex\n|move|p1b: Grimmsnarl|Spirit Break|p2b: -1.0\n|-supereffective|p2b: -1.0\n|-crit|p2b: -1.0\n|-damage|p2b: -1.0|0 fnt\n|faint|p2b: -1.0\n|\n|-weather|Snow|[upkeep]\n|-heal|p1b: Grimmsnarl|91\/100|[from] Grassy Terrain\n|upkeep\n|\n|t:|1701098185\n|switch|p2b: GLAVENUS|Baxcalibur, L50, M|100\/100\n|switch|p1a: Goodra|Goodra-Hisui, L50, F|100\/100\n|turn|4\n|\n|t:|1701098198\n|move|p2b: GLAVENUS|Icicle Spear|p1a: Goodra\n|-damage|p1a: Goodra|90\/100\n|-damage|p1a: Goodra|81\/100\n|-damage|p1a: Goodra|72\/100\n|-damage|p1a: Goodra|63\/100\n|-hitcount|p1a: Goodra|4\n|move|p2a: L'monki|U-turn|p1b: Grimmsnarl\n|-damage|p1b: Grimmsnarl|67\/100\n|\n|t:|1701098201\n|switch|p2a: Skillseal|Ninetales-Alola, L50, F|100\/100|[from] U-turn\n|move|p1a: Goodra|Shelter|p1a: Goodra\n|-boost|p1a: Goodra|def|2\n|move|p1b: Grimmsnarl|Spirit Break|p2b: GLAVENUS\n|-supereffective|p2b: GLAVENUS\n|-damage|p2b: GLAVENUS|63\/100\n|-unboost|p2b: GLAVENUS|spa|1\n|\n|-weather|Snow|[upkeep]\n|-heal|p2b: GLAVENUS|69\/100|[from] ability: Ice Body\n|-heal|p2b: GLAVENUS|75\/100|[from] Grassy Terrain\n|-heal|p1a: Goodra|68\/100|[from] Grassy Terrain\n|-heal|p1a: Goodra|74\/100|[from] item: Leftovers\n|-heal|p1b: Grimmsnarl|73\/100|[from] Grassy Terrain\n|upkeep\n|turn|5\n|inactive|NormalPass has 30 seconds left.\n|\n|t:|1701098234\n|-terastallize|p2b: GLAVENUS|Poison\n|move|p1b: Grimmsnarl|Taunt|p2a: Skillseal\n|-start|p2a: Skillseal|move: Taunt\n|move|p2a: Skillseal|Moonblast|p1b: Grimmsnarl\n|-supereffective|p1b: Grimmsnarl\n|-damage|p1b: Grimmsnarl|35\/100\n|move|p2b: GLAVENUS|Swords Dance|p2b: GLAVENUS\n|-boost|p2b: GLAVENUS|atk|2\n|move|p1a: Goodra|Body Press|p2b: GLAVENUS\n|-resisted|p2b: GLAVENUS\n|-damage|p2b: GLAVENUS|52\/100\n|\n|-weather|none\n|-heal|p2b: GLAVENUS|58\/100|[from] Grassy Terrain\n|-heal|p1a: Goodra|80\/100|[from] Grassy Terrain\n|-heal|p1a: Goodra|86\/100|[from] item: Leftovers\n|-heal|p1b: Grimmsnarl|41\/100|[from] Grassy Terrain\n|upkeep\n|turn|6\n|\n|t:|1701098258\n|switch|p2a: L'monki|Rillaboom, L50, M|100\/100\n|move|p1b: Grimmsnarl|Parting Shot|p2b: GLAVENUS\n|-unboost|p2b: GLAVENUS|atk|1\n|-unboost|p2b: GLAVENUS|spa|1\n|\n|t:|1701098263\n|switch|p1b: Annihilape|Annihilape, L50, F|100\/100|[from] Parting Shot\n|move|p2b: GLAVENUS|Icicle Spear|p1b: Annihilape\n|-damage|p1b: Annihilape|83\/100\n|-damage|p1b: Annihilape|66\/100\n|-damage|p1b: Annihilape|49\/100\n|-damage|p1b: Annihilape|33\/100\n|-damage|p1b: Annihilape|17\/100\n|-enditem|p1b: Annihilape|Mago Berry|[eat]\n|-heal|p1b: Annihilape|50\/100|[from] item: Mago Berry\n|-hitcount|p1b: Annihilape|5\n|move|p1a: Goodra|Shelter|p1a: Goodra\n|-boost|p1a: Goodra|def|2\n|\n|-heal|p2b: GLAVENUS|64\/100|[from] Grassy Terrain\n|-heal|p1b: Annihilape|56\/100|[from] Grassy Terrain\n|-heal|p1a: Goodra|92\/100|[from] Grassy Terrain\n|-heal|p1a: Goodra|98\/100|[from] item: Leftovers\n|-fieldend|move: Grassy Terrain\n|upkeep\n|turn|7\n|inactive|NormalPass has 30 seconds left.\n|inactive|NormalPass has 20 seconds left.\n|inactive|Neutralist has 30 seconds left.\n|\n|t:|1701098304\n|move|p1b: Annihilape|Protect|p1b: Annihilape\n|-singleturn|p1b: Annihilape|Protect\n|move|p2b: GLAVENUS|Scale Shot|p1b: Annihilape\n|-activate|p1b: Annihilape|move: Protect\n|move|p2a: L'monki|Wood Hammer|p1b: Annihilape\n|-activate|p1b: Annihilape|move: Protect\n|move|p1a: Goodra|Heavy Slam|p2b: GLAVENUS\n|-damage|p2b: GLAVENUS|53\/100\n|\n|-heal|p1a: Goodra|100\/100|[from] item: Leftovers\n|upkeep\n|turn|8\n|\n|t:|1701098320\n|switch|p1b: Grimmsnarl|Grimmsnarl, L50, M|41\/100\n|move|p2b: GLAVENUS|Icicle Spear|p1b: Grimmsnarl\n|-crit|p1b: Grimmsnarl\n|-damage|p1b: Grimmsnarl|12\/100\n|-damage|p1b: Grimmsnarl|0 fnt\n|faint|p1b: Grimmsnarl\n|-hitcount|p1: Grimmsnarl|2\n|move|p2a: L'monki|Wood Hammer|p1a: Goodra\n|-ability|p1a: Goodra|Sap Sipper|boost\n|-boost|p1a: Goodra|atk|1\n|move|p1a: Goodra|Body Press|p2b: GLAVENUS\n|-resisted|p2b: GLAVENUS\n|-damage|p2b: GLAVENUS|22\/100\n|\n|upkeep\n|\n|t:|1701098336\n|switch|p1b: Annihilape|Annihilape, L50, F|56\/100\n|turn|9\n|\n|t:|1701098345\n|move|p2b: GLAVENUS|Protect|p2b: GLAVENUS\n|-singleturn|p2b: GLAVENUS|Protect\n|move|p1b: Annihilape|Protect|p1b: Annihilape\n|-singleturn|p1b: Annihilape|Protect\n|move|p2a: L'monki|U-turn|p1a: Goodra\n|-resisted|p1a: Goodra\n|-damage|p1a: Goodra|97\/100\n|\n|t:|1701098347\n|switch|p2a: Skillseal|Ninetales-Alola, L50, F|100\/100|[from] U-turn\n|-weather|Snow|[from] ability: Snow Warning|[of] p2a: Skillseal\n|move|p1a: Goodra|Body Press|p2b: GLAVENUS\n|-activate|p2b: GLAVENUS|move: Protect\n|\n|-weather|Snow|[upkeep]\n|-heal|p2b: GLAVENUS|28\/100|[from] ability: Ice Body\n|-heal|p1a: Goodra|100\/100|[from] item: Leftovers\n|-sideend|p1: NormalPass|move: Light Screen\n|upkeep\n|turn|10\n|inactive|NormalPass has 30 seconds left.\n|\n|t:|1701098378\n|-terastallize|p1a: Goodra|Water\n|move|p2a: Skillseal|Aurora Veil|p2a: Skillseal\n|-sidestart|p2: Neutralist|move: Aurora Veil\n|move|p2b: GLAVENUS|Icicle Spear|p1b: Annihilape\n|-damage|p1b: Annihilape|41\/100\n|-damage|p1b: Annihilape|24\/100\n|-damage|p1b: Annihilape|9\/100\n|-damage|p1b: Annihilape|0 fnt\n|faint|p1b: Annihilape\n|-hitcount|p1: Annihilape|4\n|move|p1a: Goodra|Body Press|p2b: GLAVENUS\n|-resisted|p2b: GLAVENUS\n|-damage|p2b: GLAVENUS|5\/100\n|\n|-weather|Snow|[upkeep]\n|-heal|p2b: GLAVENUS|11\/100|[from] ability: Ice Body\n|upkeep\n|turn|11\n|\n|t:|1701098399\n|move|p2b: GLAVENUS|Protect|p2b: GLAVENUS\n|-singleturn|p2b: GLAVENUS|Protect\n|move|p2a: Skillseal|Encore|p1a: Goodra\n|-start|p1a: Goodra|Encore\n|move|p1a: Goodra|Body Press|p2b: GLAVENUS\n|-activate|p2b: GLAVENUS|move: Protect\n|\n|-weather|Snow|[upkeep]\n|-heal|p2b: GLAVENUS|17\/100|[from] ability: Ice Body\n|upkeep\n|turn|12\n|\n|t:|1701098417\n|switch|p2b: L'monki|Rillaboom, L50, M|100\/100\n|-fieldstart|move: Grassy Terrain|[from] ability: Grassy Surge|[of] p2b: L'monki\n|move|p2a: Skillseal|Moonblast|p1a: Goodra\n|-damage|p1a: Goodra|81\/100\n|move|p1a: Goodra|Body Press|p2b: L'monki\n|-damage|p2b: L'monki|51\/100\n|\n|-weather|Snow|[upkeep]\n|-heal|p2b: L'monki|57\/100|[from] Grassy Terrain\n|-heal|p1a: Goodra|87\/100|[from] Grassy Terrain\n|-heal|p1a: Goodra|93\/100|[from] item: Leftovers\n|upkeep\n|turn|13\n|\n|t:|1701098433\n|switch|p2a: GLAVENUS|Baxcalibur, L50, M, tera:Poison|17\/100\n|move|p2b: L'monki|Fake Out|p1a: Goodra\n|-damage|p1a: Goodra|89\/100\n|cant|p1a: Goodra|flinch\n|\n|-weather|none\n|-heal|p2a: GLAVENUS|23\/100|[from] Grassy Terrain\n|-heal|p2b: L'monki|63\/100|[from] Grassy Terrain\n|-heal|p1a: Goodra|95\/100|[from] Grassy Terrain\n|-heal|p1a: Goodra|100\/100|[from] item: Leftovers\n|-end|p1a: Goodra|Encore\n|upkeep\n|turn|14\n|\n|t:|1701098454\n|move|p2a: GLAVENUS|Swords Dance|p2a: GLAVENUS\n|-boost|p2a: GLAVENUS|atk|2\n|move|p2b: L'monki|U-turn|p1a: Goodra\n|-damage|p1a: Goodra|94\/100\n|\n|t:|1701098457\n|switch|p2b: Skillseal|Ninetales-Alola, L50, F|100\/100|[from] U-turn\n|-weather|Snow|[from] ability: Snow Warning|[of] p2b: Skillseal\n|move|p1a: Goodra|Shelter|p1a: Goodra\n|-boost|p1a: Goodra|def|2\n|\n|-weather|Snow|[upkeep]\n|-heal|p2a: GLAVENUS|29\/100|[from] ability: Ice Body\n|-heal|p2a: GLAVENUS|35\/100|[from] Grassy Terrain\n|-heal|p1a: Goodra|99\/100|[from] Grassy Terrain\n|-heal|p1a: Goodra|100\/100|[from] item: Leftovers\n|upkeep\n|turn|15\n|\n|t:|1701098473\n|move|p2b: Skillseal|Encore|p1a: Goodra\n|-start|p1a: Goodra|Encore\n|move|p2a: GLAVENUS|Swords Dance|p2a: GLAVENUS\n|-boost|p2a: GLAVENUS|atk|2\n|move|p1a: Goodra|Shelter|p1a: Goodra\n|-boost|p1a: Goodra|def|0\n|\n|-weather|Snow|[upkeep]\n|-heal|p2a: GLAVENUS|41\/100|[from] ability: Ice Body\n|-heal|p2a: GLAVENUS|47\/100|[from] Grassy Terrain\n|upkeep\n|turn|16\n|\n|t:|1701098485\n|move|p2b: Skillseal|Moonblast|p1a: Goodra\n|-damage|p1a: Goodra|83\/100\n|move|p2a: GLAVENUS|Swords Dance|p2a: GLAVENUS\n|-boost|p2a: GLAVENUS|atk|2\n|move|p1a: Goodra|Shelter|p1a: Goodra\n|-boost|p1a: Goodra|def|0\n|\n|-weather|Snow|[upkeep]\n|-heal|p2a: GLAVENUS|53\/100|[from] ability: Ice Body\n|-heal|p2a: GLAVENUS|59\/100|[from] Grassy Terrain\n|-heal|p1a: Goodra|89\/100|[from] Grassy Terrain\n|-heal|p1a: Goodra|95\/100|[from] item: Leftovers\n|-fieldend|move: Grassy Terrain\n|upkeep\n|turn|17\n|\n|t:|1701098500\n|move|p2b: Skillseal|Moonblast|p1a: Goodra\n|-damage|p1a: Goodra|75\/100\n|move|p2a: GLAVENUS|Scale Shot|p1a: Goodra\n|-damage|p1a: Goodra|66\/100\n|-damage|p1a: Goodra|56\/100\n|-damage|p1a: Goodra|45\/100\n|-damage|p1a: Goodra|36\/100\n|-hitcount|p1a: Goodra|4\n|-unboost|p2a: GLAVENUS|def|1\n|-boost|p2a: GLAVENUS|spe|1\n|move|p1a: Goodra|Shelter|p1a: Goodra\n|-boost|p1a: Goodra|def|0\n|\n|-weather|Snow|[upkeep]\n|-heal|p2a: GLAVENUS|65\/100|[from] ability: Ice Body\n|-heal|p1a: Goodra|42\/100|[from] item: Leftovers\n|-end|p1a: Goodra|Encore\n|-sideend|p2: Neutralist|move: Aurora Veil\n|upkeep\n|turn|18\n|-message|NormalPass forfeited.\n|\n|win|Neutralist\n|raw|NormalPass's rating: 1320 &rarr; <strong>1303<\/strong><br \/>(-17 for losing)\n|raw|Neutralist's rating: 1376 &rarr; <strong>1393<\/strong><br \/>(+17 for winning)\n|l|\u2606NormalPass\n","uploadtime":1701098518,"views":10,"p1id":"normalpass","p2id":"neutralist","formatid":"gen9vgc2023regulatione","rating":1303,"private":0,"password":""}