{"id":"gen9vgc2023regulatione-1999561814","p1":"YaBoyDane1993","p2":"Joshbutt","format":"[Gen 9] VGC 2023 Regulation E","log":"|j|\u2606YaBoyDane1993\n|j|\u2606Joshbutt\n|t:|1701096348\n|gametype|doubles\n|player|p1|YaBoyDane1993|170|1049\n|player|p2|Joshbutt|102|1000\n|teamsize|p1|6\n|teamsize|p2|6\n|gen|9\n|tier|[Gen 9] VGC 2023 Regulation E\n|rated|\n|rule|Species Clause: Limit one of each Pok\u00e9mon\n|rule|Item Clause: Limit one of each item\n|clearpoke\n|poke|p1|Slaking, L50, M|\n|poke|p1|Weezing-Galar, L50, M|\n|poke|p1|Ogerpon-Hearthflame, L50, F|\n|poke|p1|Flutter Mane, L50|\n|poke|p1|Kommo-o, L50, F|\n|poke|p1|Oricorio-Pom-Pom, L50, M|\n|poke|p2|Kingambit, L50, M|\n|poke|p2|Haxorus, L50, F|\n|poke|p2|Annihilape, L50, F|\n|poke|p2|Golem-Alola, L50, F|\n|poke|p2|Conkeldurr, L50, M|\n|poke|p2|Rabsca, L50, F|\n|teampreview|4\n|inactive|Battle timer is ON: inactive players will automatically lose when time's up. (requested by YaBoyDane1993)\n|\n|t:|1701096381\n|start\n|switch|p1a: Oricorio|Oricorio-Pom-Pom, L50, M|100\/100\n|switch|p1b: Kommo-o|Kommo-o, L50, F|100\/100\n|switch|p2a: Rabsca|Rabsca, L50, F, shiny|100\/100\n|switch|p2b: Golem|Golem-Alola, L50, F, shiny|100\/100\n|turn|1\n|inactive|YaBoyDane1993 has 30 seconds left.\n|\n|t:|1701096411\n|move|p1b: Kommo-o|Clangorous Soul|p1b: Kommo-o\n|-boost|p1b: Kommo-o|atk|1\n|-boost|p1b: Kommo-o|def|1\n|-boost|p1b: Kommo-o|spa|1\n|-boost|p1b: Kommo-o|spd|1\n|-boost|p1b: Kommo-o|spe|1\n|-damage|p1b: Kommo-o|68\/100\n|-activate|p1a: Oricorio|ability: Dancer\n|move|p1a: Oricorio|Clangorous Soul|p1a: Oricorio|[from]ability: Dancer\n|-boost|p1a: Oricorio|atk|1\n|-boost|p1a: Oricorio|def|1\n|-boost|p1a: Oricorio|spa|1\n|-boost|p1a: Oricorio|spd|1\n|-boost|p1a: Oricorio|spe|1\n|-damage|p1a: Oricorio|68\/100\n|move|p1a: Oricorio|Roost|p1a: Oricorio\n|-heal|p1a: Oricorio|100\/100\n|-singleturn|p1a: Oricorio|move: Roost\n|move|p2b: Golem|Explosion|p1b: Kommo-o|[spread] p1a,p1b\n|-activate|p2a: Rabsca|ability: Telepathy\n|-resisted|p1a: Oricorio\n|-resisted|p1b: Kommo-o\n|-damage|p1a: Oricorio|39\/100\n|-damage|p1b: Kommo-o|30\/100\n|-enditem|p1a: Oricorio|Sitrus Berry|[eat]\n|-heal|p1a: Oricorio|64\/100|[from] item: Sitrus Berry\n|faint|p2b: Golem\n|-enditem|p1b: Kommo-o|Eject Button\n|inactive|YaBoyDane1993 has 30 seconds left.\n|\n|t:|1701096440\n|switch|p1b: Weezing|Weezing-Galar, L50, M|100\/100\n|-ability|p1b: Weezing|Neutralizing Gas\n|move|p2a: Rabsca|Revival Blessing|p2a: Rabsca\n|-enditem|p2a: Rabsca|Leppa Berry|[eat]\n|-activate|p2a: Rabsca|item: Leppa Berry|Revival Blessing|[consumed]\n|\n|t:|1701096447\n|-heal|p2: Golem|50\/100|[from] move: Revival Blessing\n|\n|upkeep\n|switch|p2b: Golem|Golem-Alola, L50, F, shiny|50\/100\n|turn|2\n|\n|t:|1701096462\n|move|p1b: Weezing|Protect|p1b: Weezing\n|-singleturn|p1b: Weezing|Protect\n|move|p1a: Oricorio|Baton Pass|p1a: Oricorio\n|\n|t:|1701096467\n|switch|p1a: Slaking|Slaking, L50, M, shiny|100\/100|[from] Baton Pass\n|move|p2b: Golem|Explosion|p1a: Slaking|[spread] p2a,p1a\n|-activate|p1b: Weezing|move: Protect\n|-damage|p2a: Rabsca|37\/100\n|-damage|p1a: Slaking|74\/100\n|faint|p2b: Golem\n|move|p2a: Rabsca|Revival Blessing|p2a: Rabsca\n|\n|t:|1701096475\n|-heal|p2: Golem|50\/100|[from] move: Revival Blessing\n|\n|upkeep\n|switch|p2b: Golem|Golem-Alola, L50, F, shiny|50\/100\n|turn|3\n|inactive|Joshbutt has 30 seconds left.\n|\n|t:|1701096505\n|-terastallize|p1a: Slaking|Ghost\n|move|p1a: Slaking|Ice Punch|p2a: Rabsca\n|-damage|p2a: Rabsca|0 fnt\n|faint|p2a: Rabsca\n|move|p2b: Golem|Explosion|p1b: Weezing|[spread] p1b\n|-immune|p1a: Slaking\n|-damage|p1b: Weezing|57\/100\n|faint|p2b: Golem\n|move|p1b: Weezing|Substitute|p1b: Weezing\n|-start|p1b: Weezing|Substitute\n|-damage|p1b: Weezing|32\/100\n|\n|-heal|p1b: Weezing|38\/100|[from] item: Black Sludge\n|upkeep\n|\n|t:|1701096519\n|switch|p2b: Kingambit|Kingambit, L50, M|100\/100\n|switch|p2a: Annihilape|Annihilape, L50, F|100\/100\n|turn|4\n|inactive|Joshbutt has 30 seconds left.\n|inactive|Joshbutt has 20 seconds left.\n|\n|t:|1701096555\n|move|p1b: Weezing|Protect|p1b: Weezing\n|-singleturn|p1b: Weezing|Protect\n|move|p2b: Kingambit|Sucker Punch|p1a: Slaking\n|-supereffective|p1a: Slaking\n|-damage|p1a: Slaking|28\/100\n|move|p1a: Slaking|Tera Blast|p2a: Annihilape|[anim] Tera Blast Ghost\n|-supereffective|p2a: Annihilape\n|-damage|p2a: Annihilape|0 fnt\n|faint|p2a: Annihilape\n|\n|-heal|p1b: Weezing|44\/100|[from] item: Black Sludge\n|upkeep\n|turn|5\n|\n|t:|1701096576\n|move|p2b: Kingambit|Sucker Punch|p1a: Slaking\n|-supereffective|p1a: Slaking\n|-damage|p1a: Slaking|0 fnt\n|faint|p1a: Slaking\n|move|p1b: Weezing|Heat Wave|p2b: Kingambit\n|-supereffective|p2b: Kingambit\n|-damage|p2b: Kingambit|59\/100\n|\n|-heal|p1b: Weezing|50\/100|[from] item: Black Sludge\n|upkeep\n|\n|t:|1701096591\n|switch|p1a: Kommo-o|Kommo-o, L50, F|30\/100\n|turn|6\n|\n|t:|1701096601\n|-terastallize|p2b: Kingambit|Dark\n|move|p2b: Kingambit|Sucker Punch||[still]\n|-fail|p2b: Kingambit\n|move|p1a: Kommo-o|Swords Dance|p1a: Kommo-o\n|-boost|p1a: Kommo-o|atk|2\n|move|p1b: Weezing|Heat Wave|p2b: Kingambit\n|-damage|p2b: Kingambit|41\/100\n|\n|-heal|p1b: Weezing|56\/100|[from] item: Black Sludge\n|upkeep\n|turn|7\n|\n|t:|1701096620\n|move|p2b: Kingambit|Sucker Punch|p1b: Weezing\n|-resisted|p1b: Weezing\n|-end|p1b: Weezing|Substitute\n|move|p1a: Kommo-o|Swords Dance|p1a: Kommo-o\n|-boost|p1a: Kommo-o|atk|2\n|move|p1b: Weezing|Heat Wave|p2b: Kingambit\n|-damage|p2b: Kingambit|20\/100\n|\n|-heal|p1b: Weezing|62\/100|[from] item: Black Sludge\n|upkeep\n|turn|8\n|-message|Joshbutt forfeited.\n|\n|win|YaBoyDane1993\n|raw|YaBoyDane1993's rating: 1049 &rarr; <strong>1077<\/strong><br \/>(+28 for winning)\n|raw|Joshbutt's rating: 1000 &rarr; <strong>1000<\/strong><br \/>(+0 for losing)\n|l|\u2606Joshbutt\n","uploadtime":1701096638,"views":1,"p1id":"yaboydane1993","p2id":"joshbutt","formatid":"gen9vgc2023regulatione","rating":1000,"private":0,"password":""}