{"id":"gen9vgc2023regulatione-1994993586","p1":"That_Leek","p2":"Piace","format":"[Gen 9] VGC 2023 Regulation E","log":"|j|\u2606That_Leek\n|j|\u2606Piace\n|t:|1700511425\n|gametype|doubles\n|player|p1|That_Leek|blue|1580\n|player|p2|Piace|ethan|1483\n|teamsize|p1|6\n|teamsize|p2|6\n|gen|9\n|tier|[Gen 9] VGC 2023 Regulation E\n|rated|\n|rule|Species Clause: Limit one of each Pok\u00e9mon\n|rule|Item Clause: Limit one of each item\n|clearpoke\n|poke|p1|Gholdengo, L50|\n|poke|p1|Ogerpon-Wellspring, L50, F|\n|poke|p1|Arcanine-Hisui, L50, M|\n|poke|p1|Chien-Pao, L50|\n|poke|p1|Scream Tail, L50|\n|poke|p1|Dragonite, L50, F|\n|poke|p2|Chi-Yu, L50|\n|poke|p2|Tornadus, L50, M|\n|poke|p2|Urshifu-*, L50, F|\n|poke|p2|Ogerpon-Hearthflame, L50, F|\n|poke|p2|Landorus-Therian, L50, M|\n|poke|p2|Flutter Mane, L50|\n|teampreview|4\nThat_Leek has agreed to open team sheets.\n|inactive|Battle timer is ON: inactive players will automatically lose when time's up. (requested by Piace)\n|\n|t:|1700511460\n|start\n|switch|p1a: Scream Tail|Scream Tail, L50|100\/100\n|switch|p1b: Arcanine|Arcanine-Hisui, L50, M|100\/100\n|switch|p2a: Urshifu|Urshifu-Rapid-Strike, L50, F|100\/100\n|switch|p2b: Landorus|Landorus-Therian, L50, M|100\/100\n|-ability|p2b: Landorus|Intimidate|boost\n|-unboost|p1a: Scream Tail|atk|1\n|-unboost|p1b: Arcanine|atk|1\n|-ability|p1b: Arcanine|Intimidate|boost\n|-unboost|p2a: Urshifu|atk|1\n|-unboost|p2b: Landorus|atk|1\n|-enditem|p1a: Scream Tail|Booster Energy\n|-activate|p1a: Scream Tail|ability: Protosynthesis|[fromitem]\n|-start|p1a: Scream Tail|protosynthesisspe\n|turn|1\n|l|\u2606Piace\n|inactive|Piace disconnected and has a minute to reconnect!\n|player|p2|\n|j|\u2606Piace\n|inactive|Piace reconnected and has 35 seconds left.\n|player|p2|Piace|ethan\n|inactive|That_Leek has 30 seconds left.\n|inactive|Piace has 30 seconds left.\n|inactive|Piace has 20 seconds left.\n|\n|t:|1700511499\n|switch|p1b: Ogerpon|Ogerpon-Wellspring, L50, F|100\/100\n|move|p1a: Scream Tail|Thunder Wave|p2a: Urshifu\n|-status|p2a: Urshifu|par\n|move|p2b: Landorus|Stomping Tantrum|p1b: Ogerpon\n|-resisted|p1b: Ogerpon\n|-damage|p1b: Ogerpon|86\/100\n|cant|p2a: Urshifu|par\n|\n|upkeep\n|turn|2\n|\n|t:|1700511516\n|move|p1a: Scream Tail|Disable|p2b: Landorus\n|-start|p2b: Landorus|Disable|Stomping Tantrum\n|cant|p2b: Landorus|Disable|Stomping Tantrum\n|move|p1b: Ogerpon|Horn Leech|p2a: Urshifu\n|-supereffective|p2a: Urshifu\n|-damage|p2a: Urshifu|27\/100 par\n|-heal|p1b: Ogerpon|100\/100|[from] drain|[of] p2a: Urshifu\n|move|p2a: Urshifu|Surging Strikes|p1a: Scream Tail\n|-crit|p1a: Scream Tail\n|-damage|p1a: Scream Tail|86\/100\n|-crit|p1a: Scream Tail\n|-damage|p1a: Scream Tail|71\/100\n|-crit|p1a: Scream Tail\n|-damage|p1a: Scream Tail|56\/100\n|-hitcount|p1a: Scream Tail|3\n|\n|upkeep\n|turn|3\n|\n|t:|1700511542\n|switch|p2b: Flutter Mane|Flutter Mane, L50|100\/100\n|-enditem|p2b: Flutter Mane|Booster Energy\n|-activate|p2b: Flutter Mane|ability: Protosynthesis|[fromitem]\n|-start|p2b: Flutter Mane|protosynthesisspa\n|move|p2a: Urshifu|Aqua Jet|p1a: Scream Tail\n|-damage|p1a: Scream Tail|44\/100\n|move|p1a: Scream Tail|Play Rough|p2a: Urshifu\n|-supereffective|p2a: Urshifu\n|-damage|p2a: Urshifu|0 fnt\n|faint|p2a: Urshifu\n|move|p1b: Ogerpon|Ivy Cudgel|p2b: Flutter Mane|[anim] Ivy Cudgel Water\n|-damage|p2b: Flutter Mane|0 fnt\n|faint|p2b: Flutter Mane\n|-end|p2b: Flutter Mane|Protosynthesis|[silent]\n|\n|upkeep\n|\n|t:|1700511556\n|switch|p2b: Landorus|Landorus-Therian, L50, M|100\/100\n|switch|p2a: Chi-Yu|Chi-Yu, L50|100\/100\n|-ability|p2b: Landorus|Intimidate|boost\n|-unboost|p1a: Scream Tail|atk|1\n|-unboost|p1b: Ogerpon|atk|1\n|-ability|p2a: Chi-Yu|Beads of Ruin\n|turn|4\n|\n|t:|1700511579\n|-terastallize|p2b: Landorus|Flying\n|move|p1a: Scream Tail|Thunder Wave|p2a: Chi-Yu|[miss]\n|-miss|p1a: Scream Tail|p2a: Chi-Yu\n|move|p2b: Landorus|Tera Blast|p1b: Ogerpon|[anim] Tera Blast Flying\n|-supereffective|p1b: Ogerpon\n|-damage|p1b: Ogerpon|0 fnt\n|faint|p1b: Ogerpon\n|move|p2a: Chi-Yu|Dark Pulse|p1a: Scream Tail\n|-damage|p1a: Scream Tail|0 fnt\n|faint|p1a: Scream Tail\n|-end|p1a: Scream Tail|Protosynthesis|[silent]\n|\n|upkeep\n|\n|t:|1700511585\n|switch|p1a: Arcanine|Arcanine-Hisui, L50, M|100\/100\n|switch|p1b: Chien-Pao|Chien-Pao, L50|100\/100\n|-ability|p1b: Chien-Pao|Sword of Ruin\n|-ability|p1a: Arcanine|Intimidate|boost\n|-unboost|p2a: Chi-Yu|atk|1\n|-unboost|p2b: Landorus|atk|1\n|turn|5\n|c|\u2606That_Leek|greatt\n|\n|t:|1700511608\n|move|p1b: Chien-Pao|Protect|p1b: Chien-Pao\n|-singleturn|p1b: Chien-Pao|Protect\n|move|p2b: Landorus|Tera Blast|p1a: Arcanine|[anim] Tera Blast Flying\n|-resisted|p1a: Arcanine\n|-damage|p1a: Arcanine|64\/100\n|move|p1a: Arcanine|Rock Slide|p2b: Landorus|[spread] p2a,p2b\n|-supereffective|p2a: Chi-Yu\n|-crit|p2a: Chi-Yu\n|-supereffective|p2b: Landorus\n|-damage|p2a: Chi-Yu|0 fnt\n|-damage|p2b: Landorus|0 fnt\n|faint|p2a: Chi-Yu\n|faint|p2b: Landorus\n|\n|win|That_Leek\n|raw|That_Leek's rating: 1580 &rarr; <strong>1595<\/strong><br \/>(+15 for winning)\n|raw|Piace's rating: 1483 &rarr; <strong>1468<\/strong><br \/>(-15 for losing)\n|l|\u2606Piace\n","uploadtime":1700511628,"views":3,"p1id":"thatleek","p2id":"piace","formatid":"gen9vgc2023regulatione","rating":1468,"private":0,"password":""}