{"id":"gen9vgc2023regulatione-1999575298","p1":"VGC_Jecht","p2":"legsyy","format":"[Gen 9] VGC 2023 Regulation E","log":"|j|\u2606VGC_Jecht\n|j|\u2606legsyy\n|t:|1701097690\n|gametype|doubles\n|player|p1|VGC_Jecht|102|1227\n|player|p2|legsyy|1|1217\n|teamsize|p1|6\n|teamsize|p2|6\n|gen|9\n|tier|[Gen 9] VGC 2023 Regulation E\n|rated|\n|rule|Species Clause: Limit one of each Pok\u00e9mon\n|rule|Item Clause: Limit one of each item\n|clearpoke\n|poke|p1|Ursaluna-Bloodmoon, L50, M|\n|poke|p1|Dusclops, L50, M|\n|poke|p1|Glastrier, L50|\n|poke|p1|Armarouge, L50, M|\n|poke|p1|Indeedee-F, L50, F|\n|poke|p1|Amoonguss, L50, F|\n|poke|p2|Dondozo, L50, F|\n|poke|p2|Heatran, L50, F|\n|poke|p2|Ninetales-Alola, L50, F|\n|poke|p2|Baxcalibur, L50, M|\n|poke|p2|Roaring Moon, L50|\n|poke|p2|Sinistcha-Masterpiece, L50|\n|teampreview|4\n|inactive|Battle timer is ON: inactive players will automatically lose when time's up. (requested by VGC_Jecht)\nVGC_Jecht has agreed to open team sheets.\n|\n|t:|1701097752\n|start\n|switch|p1a: Indeedee|Indeedee-F, L50, F|100\/100\n|switch|p1b: Armarouge|Armarouge, L50, M|100\/100\n|switch|p2a: AWOO|Ninetales-Alola, L50, F|100\/100\n|switch|p2b: MOOM|Roaring Moon, L50|100\/100\n|-weather|Snow|[from] ability: Snow Warning|[of] p2a: AWOO\n|-fieldstart|move: Psychic Terrain|[from] ability: Psychic Surge|[of] p1a: Indeedee\n|-enditem|p2b: MOOM|Booster Energy\n|-activate|p2b: MOOM|ability: Protosynthesis|[fromitem]\n|-start|p2b: MOOM|protosynthesisspe\n|turn|1\n|inactive|legsyy has 30 seconds left.\n|\n|t:|1701097781\n|move|p1a: Indeedee|Follow Me|p1a: Indeedee\n|-singleturn|p1a: Indeedee|move: Follow Me\n|move|p2b: MOOM|Knock Off|p1a: Indeedee\n|-supereffective|p1a: Indeedee\n|-damage|p1a: Indeedee|0 fnt\n|-enditem|p1a: Indeedee|Eject Button|[from] move: Knock Off|[of] p2b: MOOM\n|faint|p1a: Indeedee\n|move|p2a: AWOO|Aurora Veil|p2a: AWOO\n|-sidestart|p2: legsyy|move: Aurora Veil\n|move|p1b: Armarouge|Trick Room|p1b: Armarouge\n|-fieldstart|move: Trick Room|[of] p1b: Armarouge\n|\n|-weather|Snow|[upkeep]\n|upkeep\n|\n|t:|1701097793\n|switch|p1a: Amoonguss|Amoonguss, L50, F|100\/100\n|turn|2\n|\n|t:|1701097807\n|move|p2a: AWOO|Protect|p2a: AWOO\n|-singleturn|p2a: AWOO|Protect\n|move|p2b: MOOM|Protect|p2b: MOOM\n|-singleturn|p2b: MOOM|Protect\n|move|p1a: Amoonguss|Spore|p2b: MOOM\n|-activate|p2b: MOOM|move: Protect\n|move|p1b: Armarouge|Heat Wave|p2a: AWOO|[spread] \n|-activate|p2a: AWOO|move: Protect\n|-activate|p2b: MOOM|move: Protect\n|\n|-weather|Snow|[upkeep]\n|upkeep\n|turn|3\n|c|\u2606VGC_Jecht|Protect stall out trick room.\n|\n|t:|1701097830\n|switch|p2a: HEADASS|Heatran, L50, F, shiny|100\/100\n|-end|p2b: MOOM|Protosynthesis|[silent]\n|switch|p2b: DENNY|Dondozo, L50, F|100\/100\n|move|p1a: Amoonguss|Spore|p2b: DENNY\n|-status|p2b: DENNY|slp|[from] move: Spore\n|move|p1b: Armarouge|Expanding Force|p2a: HEADASS|[spread] p2a,p2b\n|-resisted|p2a: HEADASS\n|-damage|p2a: HEADASS|78\/100\n|-damage|p2b: DENNY|60\/100 slp\n|-damage|p1b: Armarouge|91\/100|[from] item: Life Orb\n|\n|-weather|Snow|[upkeep]\n|-heal|p2a: HEADASS|84\/100|[from] item: Leftovers\n|upkeep\n|turn|4\n|c|\u2606legsyy|yes\n|c|\u2606legsyy|i love jecht\n|inactive|legsyy has 30 seconds left.\n|c|\u2606VGC_Jecht|Same\n|\n|t:|1701097862\n|switch|p1b: Ursaluna|Ursaluna-Bloodmoon, L50, M|100\/100\n|cant|p2b: DENNY|slp\n|move|p2a: HEADASS|Protect|p2a: HEADASS\n|-singleturn|p2a: HEADASS|Protect\n|move|p1a: Amoonguss|Spore|p2a: HEADASS\n|-activate|p2a: HEADASS|move: Protect\n|\n|-weather|Snow|[upkeep]\n|-heal|p2a: HEADASS|90\/100|[from] item: Leftovers\n|upkeep\n|turn|5\n|inactive|legsyy has 30 seconds left.\n|\n|t:|1701097890\n|switch|p2b: MOOM|Roaring Moon, L50|100\/100\n|-terastallize|p1b: Ursaluna|Normal\n|-terastallize|p2a: HEADASS|Grass\n|move|p1a: Amoonguss|Spore|p2a: HEADASS\n|-immune|p2a: HEADASS\n|move|p1b: Ursaluna|Hyper Voice|p2b: MOOM|[spread] p2a,p2b\n|-damage|p2a: HEADASS|58\/100\n|-damage|p2b: MOOM|72\/100\n|-enditem|p1b: Ursaluna|Throat Spray\n|-boost|p1b: Ursaluna|spa|1|[from] item: Throat Spray\n|move|p2a: HEADASS|Heat Wave|p1b: Ursaluna|[spread] p1a,p1b\n|-supereffective|p1a: Amoonguss\n|-damage|p1a: Amoonguss|48\/100\n|-damage|p1b: Ursaluna|57\/100\n|\n|-weather|none\n|-heal|p2a: HEADASS|64\/100|[from] item: Leftovers\n|-fieldend|move: Trick Room\n|-fieldend|move: Psychic Terrain\n|upkeep\n|turn|6\n|c|\u2606VGC_Jecht|I feel like that should have done way more than that\n|inactive|VGC_Jecht has 30 seconds left.\n|inactive|legsyy has 30 seconds left.\n|\n|t:|1701097919\n|move|p1b: Ursaluna|Protect|p1b: Ursaluna\n|-singleturn|p1b: Ursaluna|Protect\n|move|p2b: MOOM|Acrobatics|p1b: Ursaluna\n|-activate|p1b: Ursaluna|move: Protect\n|move|p2a: HEADASS|Heat Wave|p1a: Amoonguss|[spread] \n|-activate|p1b: Ursaluna|move: Protect\n|-miss|p2a: HEADASS|p1a: Amoonguss\n|move|p1a: Amoonguss|Spore|p2b: MOOM\n|-status|p2b: MOOM|slp|[from] move: Spore\n|\n|-heal|p2a: HEADASS|70\/100|[from] item: Leftovers\n|upkeep\n|turn|7\n|c|\u2606legsyy|me too but i forgot about veil\n|inactive|legsyy has 30 seconds left.\n|c|\u2606VGC_Jecht|Even with veil\n|c|\u2606legsyy|and i misclicked lmao\n|inactive|legsyy has 20 seconds left.\n|inactive|legsyy has 15 seconds left.\n|c|\u2606legsyy|i meant to acro the shroom\n|inactive|legsyy has 10 seconds left.\n|\n|t:|1701097968\n|move|p1a: Amoonguss|Rage Powder|p1a: Amoonguss\n|-singleturn|p1a: Amoonguss|move: Rage Powder\n|cant|p2b: MOOM|slp\n|move|p2a: HEADASS|Heat Wave|p1b: Ursaluna|[spread] p1b\n|-miss|p2a: HEADASS|p1a: Amoonguss\n|-damage|p1b: Ursaluna|16\/100\n|move|p1b: Ursaluna|Blood Moon|p2a: HEADASS\n|-damage|p2a: HEADASS|0 fnt\n|faint|p2a: HEADASS\n|\n|upkeep\n|c|\u2606VGC_Jecht|With what?\n|\n|t:|1701097987\n|switch|p2a: AWOO|Ninetales-Alola, L50, F|100\/100\n|-weather|Snow|[from] ability: Snow Warning|[of] p2a: AWOO\n|turn|8\n|c|\u2606VGC_Jecht|Moon?\n|c|\u2606legsyy|yeah\n|inactive|legsyy has 30 seconds left.\n|\n|t:|1701098017\n|move|p2a: AWOO|Protect|p2a: AWOO\n|-singleturn|p2a: AWOO|Protect\n|-curestatus|p2b: MOOM|slp|[msg]\n|move|p2b: MOOM|Acrobatics|p1a: Amoonguss\n|-supereffective|p1a: Amoonguss\n|-damage|p1a: Amoonguss|0 fnt\n|-damage|p2b: MOOM|56\/100|[from] item: Rocky Helmet|[of] p1a: Amoonguss\n|faint|p1a: Amoonguss\n|move|p1b: Ursaluna|Hyper Voice|p2b: MOOM|[spread] p2b\n|-activate|p2a: AWOO|move: Protect\n|-damage|p2b: MOOM|12\/100\n|\n|-weather|Snow|[upkeep]\n|-sideend|p2: legsyy|move: Aurora Veil\n|upkeep\n|c|\u2606VGC_Jecht|It didnt matter because moon was asleep\n|\n|t:|1701098035\n|switch|p1a: Armarouge|Armarouge, L50, M|91\/100\n|turn|9\n|inactive|legsyy has 30 seconds left.\n|c|\u2606legsyy|before he was asleep\n|inactive|legsyy has 20 seconds left.\n|inactive|legsyy has 15 seconds left.\n|c|\u2606legsyy|i attacked into ursalunas protect\n|inactive|legsyy has 10 seconds left.\n|\n|t:|1701098081\n|move|p1b: Ursaluna|Protect|p1b: Ursaluna\n|-singleturn|p1b: Ursaluna|Protect\n|move|p2b: MOOM|Knock Off|p1a: Armarouge\n|-supereffective|p1a: Armarouge\n|-damage|p1a: Armarouge|2\/100\n|-enditem|p1a: Armarouge|Life Orb|[from] move: Knock Off|[of] p2b: MOOM\n|move|p2a: AWOO|Aurora Veil|p2a: AWOO\n|-sidestart|p2: legsyy|move: Aurora Veil\n|move|p1a: Armarouge|Heat Wave|p2b: MOOM|[spread] p2a,p2b\n|-supereffective|p2a: AWOO\n|-resisted|p2b: MOOM\n|-damage|p2a: AWOO|43\/100\n|-damage|p2b: MOOM|1\/100\n|\n|-weather|Snow|[upkeep]\n|upkeep\n|turn|10\n|\n|t:|1701098098\n|move|p2b: MOOM|Protect|p2b: MOOM\n|-singleturn|p2b: MOOM|Protect\n|move|p1a: Armarouge|Wide Guard|p1a: Armarouge\n|-singleturn|p1a: Armarouge|Wide Guard\n|move|p2a: AWOO|Icy Wind|p1a: Armarouge|[spread] \n|-activate|p1a: Armarouge|move: Wide Guard\n|-activate|p1b: Ursaluna|move: Wide Guard\n|move|p1b: Ursaluna|Hyper Voice|p2b: MOOM|[spread] p2a\n|-activate|p2b: MOOM|move: Protect\n|-damage|p2a: AWOO|0 fnt\n|faint|p2a: AWOO\n|\n|-weather|Snow|[upkeep]\n|upkeep\n|\n|t:|1701098111\n|switch|p2a: DENNY|Dondozo, L50, F|60\/100 slp\n|turn|11\n|inactive|legsyy has 30 seconds left.\n|\n|t:|1701098136\n|move|p2b: MOOM|Acrobatics|p1a: Armarouge\n|-damage|p1a: Armarouge|0 fnt\n|faint|p1a: Armarouge\n|cant|p2a: DENNY|slp\n|move|p1b: Ursaluna|Hyper Voice|p2b: MOOM|[spread] p2a,p2b\n|-damage|p2a: DENNY|23\/100 slp\n|-damage|p2b: MOOM|0 fnt\n|-enditem|p2a: DENNY|Sitrus Berry|[eat]\n|-heal|p2a: DENNY|47\/100 slp|[from] item: Sitrus Berry\n|faint|p2b: MOOM\n|-end|p2b: MOOM|Protosynthesis|[silent]\n|\n|-weather|Snow|[upkeep]\n|upkeep\n|turn|12\n|c|\u2606VGC_Jecht|I need 1 more turn kf sleep\n|\n|t:|1701098157\n|cant|p2a: DENNY|slp\n|move|p1b: Ursaluna|Blood Moon|p2a: DENNY\n|-damage|p2a: DENNY|0 fnt\n|faint|p2a: DENNY\n|\n|win|VGC_Jecht\n|raw|VGC_Jecht's rating: 1227 &rarr; <strong>1251<\/strong><br \/>(+24 for winning)\n|raw|legsyy's rating: 1217 &rarr; <strong>1193<\/strong><br \/>(-24 for losing)\n|c|\u2606legsyy|gg!\n|c|\u2606VGC_Jecht|Gg\n|l|\u2606legsyy\n","uploadtime":1701098257,"views":6,"p1id":"vgcjecht","p2id":"legsyy","formatid":"gen9vgc2023regulatione","rating":1193,"private":0,"password":""}