{"id":"gen9vgc2023regulatione-1998173531","p1":"vlopes777","p2":"Gennaro Legit VGC","format":"[Gen 9] VGC 2023 Regulation E","log":"|j|\u2606vlopes777\n|j|\u2606Gennaro Legit VGC\n|t:|1700906117\n|gametype|doubles\n|player|p1|vlopes777|pokekid|1224\n|player|p2|Gennaro Legit VGC|youngster-gen4dp|1351\n|teamsize|p1|6\n|teamsize|p2|6\n|gen|9\n|tier|[Gen 9] VGC 2023 Regulation E\n|rated|\n|rule|Species Clause: Limit one of each Pok\u00e9mon\n|rule|Item Clause: Limit one of each item\n|clearpoke\n|poke|p1|Landorus-Therian, L50, M|\n|poke|p1|Tornadus, L50, M|\n|poke|p1|Iron Hands, L50|\n|poke|p1|Amoonguss, L50, M|\n|poke|p1|Heatran, L50, M|\n|poke|p1|Flutter Mane, L50|\n|poke|p2|Gholdengo, L50|\n|poke|p2|Tornadus, L50, M|\n|poke|p2|Brambleghast, L50, M|\n|poke|p2|Ogerpon-Wellspring, L50, F|\n|poke|p2|Urshifu-*, L50, M|\n|poke|p2|Landorus-Therian, L50, M|\n|teampreview|4\n|inactive|Battle timer is ON: inactive players will automatically lose when time's up. (requested by vlopes777)\nvlopes777 has agreed to open team sheets.\nGennaro Legit VGC rejected open team sheets.\n|j| Sending you love\n|inactive|vlopes777 has 60 seconds left.\n|\n|t:|1700906172\n|start\n|switch|p1a: D\u00e9m\u00e9t\u00e9ros|Landorus-Therian, L50, M|100\/100\n|switch|p1b: Flutter Mane|Flutter Mane, L50|100\/100\n|switch|p2a: Landorus|Landorus-Therian, L50, M|100\/100\n|switch|p2b: Tornadus|Tornadus, L50, M|100\/100\n|-ability|p1a: D\u00e9m\u00e9t\u00e9ros|Intimidate|boost\n|-unboost|p2a: Landorus|atk|1\n|-unboost|p2b: Tornadus|atk|1\n|-ability|p2a: Landorus|Intimidate|boost\n|-unboost|p1a: D\u00e9m\u00e9t\u00e9ros|atk|1\n|-unboost|p1b: Flutter Mane|atk|1\n|turn|1\n|inactive|vlopes777 has 30 seconds left.\n|inactive|Gennaro Legit VGC has 30 seconds left.\n|\n|t:|1700906206\n|-terastallize|p1b: Flutter Mane|Fairy\n|move|p2b: Tornadus|Tailwind|p2b: Tornadus\n|-sidestart|p2: Gennaro Legit VGC|move: Tailwind\n|move|p2a: Landorus|Rock Slide|p1a: D\u00e9m\u00e9t\u00e9ros|[spread] p1a,p1b\n|-damage|p1a: D\u00e9m\u00e9t\u00e9ros|78\/100\n|-damage|p1b: Flutter Mane|66\/100\n|cant|p1a: D\u00e9m\u00e9t\u00e9ros|flinch\n|move|p1b: Flutter Mane|Moonblast|p2a: Landorus\n|-damage|p2a: Landorus|0 fnt\n|faint|p2a: Landorus\n|\n|upkeep\n|\n|t:|1700906220\n|switch|p2a: Gholdengo|Gholdengo, L50|100\/100\n|turn|2\n|inactive|vlopes777 has 30 seconds left.\n|\n|t:|1700906246\n|-end|p1b: Flutter Mane|Protosynthesis|[silent]\n|switch|p1b: Iron Hands|Iron Hands, L50|100\/100\n|-terastallize|p2a: Gholdengo|Dragon\n|move|p2a: Gholdengo|Make It Rain|p1b: Iron Hands|[spread] p1a,p1b\n|-resisted|p1b: Iron Hands\n|-damage|p1a: D\u00e9m\u00e9t\u00e9ros|31\/100\n|-damage|p1b: Iron Hands|91\/100\n|-unboost|p2a: Gholdengo|spa|1\n|move|p2b: Tornadus|Bleakwind Storm|p1b: Iron Hands|[spread] \n|-miss|p2b: Tornadus|p1a: D\u00e9m\u00e9t\u00e9ros\n|-miss|p2b: Tornadus|p1b: Iron Hands\n|move|p1a: D\u00e9m\u00e9t\u00e9ros|Stomping Tantrum|p2a: Gholdengo\n|-damage|p2a: Gholdengo|48\/100\n|\n|-heal|p2a: Gholdengo|53\/100|[from] item: Leftovers\n|upkeep\n|turn|3\n|inactive|vlopes777 has 30 seconds left.\n|\n|t:|1700906278\n|switch|p2a: Ogerpon|Ogerpon-Wellspring, L50, F|100\/100\n|move|p1b: Iron Hands|Fake Out|p2a: Ogerpon\n|-damage|p2a: Ogerpon|87\/100\n|move|p2b: Tornadus|Bleakwind Storm|p1a: D\u00e9m\u00e9t\u00e9ros|[spread] p1a,p1b\n|-damage|p1a: D\u00e9m\u00e9t\u00e9ros|0 fnt\n|-damage|p1b: Iron Hands|75\/100\n|faint|p1a: D\u00e9m\u00e9t\u00e9ros\n|\n|upkeep\n|inactive|vlopes777 has 30 seconds left.\n|\n|t:|1700906313\n|switch|p1a: Flutter Mane|Flutter Mane, L50, tera:Fairy|66\/100\n|turn|4\n|inactive|Gennaro Legit VGC has 30 seconds left.\n|inactive|Gennaro Legit VGC has 20 seconds left.\n|\n|t:|1700906352\n|move|p2b: Tornadus|Rain Dance|p2b: Tornadus\n|-weather|RainDance\n|move|p2a: Ogerpon|Ivy Cudgel|p1b: Iron Hands|[anim] Ivy Cudgel Water\n|-damage|p1b: Iron Hands|25\/100\n|move|p1a: Flutter Mane|Dazzling Gleam|p2b: Tornadus|[spread] p2a,p2b\n|-damage|p2a: Ogerpon|34\/100\n|-damage|p2b: Tornadus|35\/100\n|move|p1b: Iron Hands|Wild Charge|p2b: Tornadus\n|-supereffective|p2b: Tornadus\n|-damage|p2b: Tornadus|0 fnt\n|-damage|p1b: Iron Hands|9\/100|[from] item: Rocky Helmet|[of] p2b: Tornadus\n|faint|p2b: Tornadus\n|-damage|p1b: Iron Hands|2\/100|[from] Recoil\n|\n|-weather|RainDance|[upkeep]\n|-sideend|p2: Gennaro Legit VGC|move: Tailwind\n|upkeep\n|\n|t:|1700906357\n|switch|p2b: Gholdengo|Gholdengo, L50, tera:Dragon|53\/100\n|turn|5\n|\n|t:|1700906372\n|-end|p1b: Iron Hands|Quark Drive|[silent]\n|switch|p1b: Amoonguss|Amoonguss, L50, M|100\/100\n|move|p2b: Gholdengo|Protect|p2b: Gholdengo\n|-singleturn|p2b: Gholdengo|Protect\n|move|p1a: Flutter Mane|Dazzling Gleam|p2a: Ogerpon|[spread] p2a\n|-activate|p2b: Gholdengo|move: Protect\n|-damage|p2a: Ogerpon|0 fnt\n|faint|p2a: Ogerpon\n|\n|-weather|RainDance|[upkeep]\n|-heal|p2b: Gholdengo|59\/100|[from] item: Leftovers\n|upkeep\n|turn|6\n|\n|t:|1700906392\n|move|p1a: Flutter Mane|Dazzling Gleam|p2b: Gholdengo\n|-supereffective|p2b: Gholdengo\n|-damage|p2b: Gholdengo|0 fnt\n|faint|p2b: Gholdengo\n|\n|win|vlopes777\n|raw|vlopes777's rating: 1224 &rarr; <strong>1258<\/strong><br \/>(+34 for winning)\n|raw|Gennaro Legit VGC's rating: 1351 &rarr; <strong>1324<\/strong><br \/>(-27 for losing)\n","uploadtime":1700906405,"views":5,"p1id":"vlopes777","p2id":"gennarolegitvgc","formatid":"gen9vgc2023regulatione","rating":1258,"private":0,"password":""}