{"id":"gen9vgc2023regulatione-1991839234","p1":"shiestysnorlax","p2":"testamentopazzurdo","format":"[Gen 9] VGC 2023 Regulation E","log":"|j|\u2606shiestysnorlax\n|j|\u203dtestamentopazzurdo\n|t:|1700126395\n|gametype|doubles\n|player|p1|shiestysnorlax|skier|1258\n|player|p2|testamentopazzurdo|n-masters|1196\n|teamsize|p1|6\n|teamsize|p2|6\n|gen|9\n|tier|[Gen 9] VGC 2023 Regulation E\n|rated|\n|rule|Species Clause: Limit one of each Pok\u00e9mon\n|rule|Item Clause: Limit one of each item\n|clearpoke\n|poke|p1|Ninetales-Alola, L50, M|\n|poke|p1|Farigiraf, L50, M|\n|poke|p1|Baxcalibur, L50, F|\n|poke|p1|Okidogi, L50, M|\n|poke|p1|Tornadus, L50, M|\n|poke|p1|Urshifu-*, L50, F|\n|poke|p2|Iron Hands, L50|\n|poke|p2|Chi-Yu, L50|\n|poke|p2|Weezing, L50, M|\n|poke|p2|Baxcalibur, L50, F|\n|poke|p2|Flutter Mane, L50|\n|poke|p2|Landorus-Therian, L50, M|\n|teampreview|4\n|inactive|Battle timer is ON: inactive players will automatically lose when time's up. (requested by testamentopazzurdo)\nshiestysnorlax rejected open team sheets.\n|inactive|shiestysnorlax has 60 seconds left.\n|inactive|testamentopazzurdo has 60 seconds left.\n|\n|t:|1700126433\n|start\n|switch|p1a: Urshifu|Urshifu-Rapid-Strike, L50, F|100\/100\n|switch|p1b: Okidogi|Okidogi, L50, M|100\/100\n|switch|p2a: Baxcalibur|Baxcalibur, L50, F|100\/100\n|switch|p2b: Weezing|Weezing, L50, M|100\/100\n|-ability|p2b: Weezing|Neutralizing Gas\n|turn|1\n|\n|t:|1700126449\n|move|p2a: Baxcalibur|Protect|p2a: Baxcalibur\n|-singleturn|p2a: Baxcalibur|Protect\n|move|p1a: Urshifu|Surging Strikes|p2a: Baxcalibur\n|-activate|p2a: Baxcalibur|move: Protect\n|move|p1b: Okidogi|Drain Punch|p2a: Baxcalibur\n|-activate|p2a: Baxcalibur|move: Protect\n|move|p2b: Weezing|Will-O-Wisp|p1a: Urshifu\n|-status|p1a: Urshifu|brn\n|\n|-damage|p1a: Urshifu|95\/100 brn|[from] brn\n|upkeep\n|turn|2\n|inactive|testamentopazzurdo has 30 seconds left.\n|\n|t:|1700126475\n|-terastallize|p2a: Baxcalibur|Poison\n|move|p1a: Urshifu|Surging Strikes|p2a: Baxcalibur\n|-crit|p2a: Baxcalibur\n|-damage|p2a: Baxcalibur|89\/100\n|-crit|p2a: Baxcalibur\n|-damage|p2a: Baxcalibur|76\/100\n|-crit|p2a: Baxcalibur\n|-damage|p2a: Baxcalibur|65\/100\n|-hitcount|p2a: Baxcalibur|3\n|move|p2a: Baxcalibur|Scale Shot|p1a: Urshifu|[miss]\n|-miss|p2a: Baxcalibur|p1a: Urshifu\n|move|p1b: Okidogi|Drain Punch|p2a: Baxcalibur\n|-resisted|p2a: Baxcalibur\n|-damage|p2a: Baxcalibur|47\/100\n|move|p2b: Weezing|Will-O-Wisp|p1b: Okidogi\n|-status|p1b: Okidogi|brn\n|\n|-damage|p1a: Urshifu|89\/100 brn|[from] brn\n|-damage|p1b: Okidogi|94\/100 brn|[from] brn\n|upkeep\n|turn|3\n|inactive|shiestysnorlax has 30 seconds left.\n|inactive|testamentopazzurdo has 30 seconds left.\n|\n|t:|1700126505\n|-end|p2b: Weezing|ability: Neutralizing Gas\n|switch|p2b: Iron Hands|Iron Hands, L50|100\/100\n|move|p2a: Baxcalibur|Protect|p2a: Baxcalibur\n|-singleturn|p2a: Baxcalibur|Protect\n|move|p1a: Urshifu|Surging Strikes|p2b: Iron Hands\n|-crit|p2b: Iron Hands\n|-damage|p2b: Iron Hands|91\/100\n|-crit|p2b: Iron Hands\n|-damage|p2b: Iron Hands|82\/100\n|-crit|p2b: Iron Hands\n|-damage|p2b: Iron Hands|74\/100\n|-hitcount|p2b: Iron Hands|3\n|move|p1b: Okidogi|Ice Punch|p2a: Baxcalibur\n|-activate|p2a: Baxcalibur|move: Protect\n|\n|-damage|p1a: Urshifu|83\/100 brn|[from] brn\n|-damage|p1b: Okidogi|88\/100 brn|[from] brn\n|upkeep\n|turn|4\n|\n|t:|1700126521\n|move|p1a: Urshifu|Protect|p1a: Urshifu\n|-singleturn|p1a: Urshifu|Protect\n|move|p2b: Iron Hands|Fake Out|p1b: Okidogi\n|-damage|p1b: Okidogi|77\/100 brn\n|move|p2a: Baxcalibur|Scale Shot|p1a: Urshifu\n|-activate|p1a: Urshifu|move: Protect\n|cant|p1b: Okidogi|flinch\n|\n|-damage|p1a: Urshifu|78\/100 brn|[from] brn\n|-damage|p1b: Okidogi|71\/100 brn|[from] brn\n|upkeep\n|turn|5\n|inactive|shiestysnorlax has 30 seconds left.\n|\n|t:|1700126549\n|switch|p2a: Weezing|Weezing, L50, M|100\/100\n|-ability|p2a: Weezing|Neutralizing Gas\n|move|p1a: Urshifu|Surging Strikes|p2a: Weezing\n|-crit|p2a: Weezing\n|-damage|p2a: Weezing|92\/100\n|-crit|p2a: Weezing\n|-damage|p2a: Weezing|82\/100\n|-crit|p2a: Weezing\n|-damage|p2a: Weezing|73\/100\n|-hitcount|p2a: Weezing|3\n|move|p1b: Okidogi|Poison Jab|p2b: Iron Hands\n|-damage|p2b: Iron Hands|58\/100\n|-status|p2b: Iron Hands|psn\n|move|p2b: Iron Hands|Wild Charge|p1a: Urshifu\n|-supereffective|p1a: Urshifu\n|-damage|p1a: Urshifu|0 fnt\n|faint|p1a: Urshifu\n|-damage|p2b: Iron Hands|45\/100 psn|[from] Recoil\n|\n|-damage|p2b: Iron Hands|32\/100 psn|[from] psn\n|-damage|p1b: Okidogi|65\/100 brn|[from] brn\n|upkeep\n|\n|t:|1700126565\n|switch|p1a: Tornadus|Tornadus, L50, M|100\/100\n|turn|6\n|inactive|testamentopazzurdo has 30 seconds left.\n|inactive|testamentopazzurdo has 20 seconds left.\n|\n|t:|1700126603\n|switch|p1b: Baxcalibur|Baxcalibur, L50, F|100\/100\n|-end|p2b: Iron Hands|Quark Drive|[silent]\n|switch|p2b: Baxcalibur|Baxcalibur, L50, F, tera:Poison|47\/100\n|-terastallize|p1a: Tornadus|Flying\n|move|p1a: Tornadus|Bleakwind Storm|p2b: Baxcalibur|[spread] p2a\n|-miss|p1a: Tornadus|p2b: Baxcalibur\n|-damage|p2a: Weezing|3\/100\n|-enditem|p2a: Weezing|Sitrus Berry|[eat]\n|-heal|p2a: Weezing|28\/100|[from] item: Sitrus Berry\n|move|p2a: Weezing|Sludge Bomb|p1a: Tornadus\n|-damage|p1a: Tornadus|63\/100\n|\n|upkeep\n|turn|7\n|inactive|shiestysnorlax has 30 seconds left.\n|inactive|testamentopazzurdo has 30 seconds left.\n|\n|t:|1700126635\n|move|p2b: Baxcalibur|Protect|p2b: Baxcalibur\n|-singleturn|p2b: Baxcalibur|Protect\n|move|p1a: Tornadus|Tailwind|p1a: Tornadus\n|-sidestart|p1: shiestysnorlax|move: Tailwind\n|move|p1b: Baxcalibur|Icicle Spear|p2a: Weezing\n|-damage|p2a: Weezing|16\/100\n|-damage|p2a: Weezing|6\/100\n|-damage|p2a: Weezing|0 fnt\n|faint|p2a: Weezing\n|-end|p2a: Weezing|ability: Neutralizing Gas\n|-hitcount|p2: Weezing|3\n|\n|upkeep\n|\n|t:|1700126646\n|switch|p2a: Iron Hands|Iron Hands, L50|32\/100 psn\n|turn|8\n|\n|t:|1700126660\n|switch|p1a: Okidogi|Okidogi, L50, M|65\/100 brn\n|move|p1b: Baxcalibur|Protect|p1b: Baxcalibur\n|-singleturn|p1b: Baxcalibur|Protect\n|move|p2a: Iron Hands|Fake Out|p1b: Baxcalibur\n|-activate|p1b: Baxcalibur|move: Protect\n|move|p2b: Baxcalibur|Icicle Spear|p1a: Okidogi\n|-damage|p1a: Okidogi|52\/100 brn\n|-damage|p1a: Okidogi|38\/100 brn\n|-damage|p1a: Okidogi|26\/100 brn\n|-damage|p1a: Okidogi|13\/100 brn\n|-hitcount|p1a: Okidogi|4\n|\n|-damage|p2a: Iron Hands|20\/100 psn|[from] psn\n|-damage|p1a: Okidogi|7\/100 brn|[from] brn\n|upkeep\n|turn|9\n|inactive|testamentopazzurdo has 30 seconds left.\n|\n|t:|1700126690\n|move|p2b: Baxcalibur|Ice Shard|p1a: Okidogi\n|-damage|p1a: Okidogi|0 fnt\n|faint|p1a: Okidogi\n|move|p1b: Baxcalibur|Icicle Spear|p2a: Iron Hands\n|-damage|p2a: Iron Hands|9\/100 psn\n|-damage|p2a: Iron Hands|0 fnt\n|faint|p2a: Iron Hands\n|-end|p2a: Iron Hands|Quark Drive|[silent]\n|-hitcount|p2: Iron Hands|2\n|\n|upkeep\n|inactive|shiestysnorlax has 30 seconds left.\n|\n|t:|1700126720\n|switch|p1a: Tornadus|Tornadus, L50, M, tera:Flying|63\/100\n|switch|p2a: Chi-Yu|Chi-Yu, L50|100\/100\n|-ability|p2a: Chi-Yu|Beads of Ruin\n|turn|10\n|\n|t:|1700126734\n|move|p2a: Chi-Yu|Protect|p2a: Chi-Yu\n|-singleturn|p2a: Chi-Yu|Protect\n|move|p2b: Baxcalibur|Protect|p2b: Baxcalibur\n|-singleturn|p2b: Baxcalibur|Protect\n|move|p1a: Tornadus|Bleakwind Storm|p2a: Chi-Yu|[spread] \n|-activate|p2a: Chi-Yu|move: Protect\n|-activate|p2b: Baxcalibur|move: Protect\n|move|p1b: Baxcalibur|Scale Shot|p2a: Chi-Yu\n|-activate|p2a: Chi-Yu|move: Protect\n|\n|-sideend|p1: shiestysnorlax|move: Tailwind\n|upkeep\n|turn|11\n|\n|t:|1700126753\n|move|p1a: Tornadus|Tailwind|p1a: Tornadus\n|-sidestart|p1: shiestysnorlax|move: Tailwind\n|move|p1b: Baxcalibur|Scale Shot|p2a: Chi-Yu\n|-damage|p2a: Chi-Yu|72\/100\n|-damage|p2a: Chi-Yu|46\/100\n|-damage|p2a: Chi-Yu|23\/100\n|-damage|p2a: Chi-Yu|0 fnt\n|faint|p2a: Chi-Yu\n|-hitcount|p2: Chi-Yu|4\n|-unboost|p1b: Baxcalibur|def|1\n|-boost|p1b: Baxcalibur|spe|1\n|move|p2b: Baxcalibur|Scale Shot|p1b: Baxcalibur\n|-supereffective|p1b: Baxcalibur\n|-damage|p1b: Baxcalibur|50\/100\n|-supereffective|p1b: Baxcalibur\n|-damage|p1b: Baxcalibur|3\/100\n|-supereffective|p1b: Baxcalibur\n|-damage|p1b: Baxcalibur|0 fnt\n|faint|p1b: Baxcalibur\n|-hitcount|p1: Baxcalibur|3\n|-unboost|p2b: Baxcalibur|def|1\n|-boost|p2b: Baxcalibur|spe|1\n|\n|upkeep\n|turn|12\n|inactive|testamentopazzurdo has 30 seconds left.\n|\n|t:|1700126778\n|move|p2b: Baxcalibur|Protect|p2b: Baxcalibur\n|-singleturn|p2b: Baxcalibur|Protect\n|move|p1a: Tornadus|Bleakwind Storm|p2b: Baxcalibur\n|-activate|p2b: Baxcalibur|move: Protect\n|\n|upkeep\n|turn|13\n|\n|t:|1700126790\n|move|p2b: Baxcalibur|Ice Shard|p1a: Tornadus\n|-supereffective|p1a: Tornadus\n|-damage|p1a: Tornadus|0 fnt\n|faint|p1a: Tornadus\n|\n|win|testamentopazzurdo\n|raw|shiestysnorlax's rating: 1258 &rarr; <strong>1229<\/strong><br \/>(-29 for losing)\n|raw|testamentopazzurdo's rating: 1196 &rarr; <strong>1225<\/strong><br \/>(+29 for winning)\n|l|\u2606shiestysnorlax\n","uploadtime":1700126798,"views":15,"p1id":"shiestysnorlax","p2id":"testamentopazzurdo","formatid":"gen9vgc2023regulatione","rating":1225,"private":0,"password":""}