{"id":"gen9vgc2023regulatione-1996013043","p1":"citswoeM.exe","p2":"AediionVGC","format":"[Gen 9] VGC 2023 Regulation E","log":"|j|\u2606citswoeM.exe\n|j|\u2606AediionVGC\n|n|\u2606citswoeM.exe|citswoemexe\n|n|\u2606AediionVGC|aediionvgc\n|html|View the match progress at <a href=\"\/game-bestof3-gen9vgc2023regulatione-1996013042\">game-bestof3-gen9vgc2023regulatione-1996013042<\/a>\n|t:|1700629316\n|gametype|doubles\n|player|p1|citswoeM.exe|2|\n|player|p2|AediionVGC|gardenia|\n|teamsize|p1|6\n|teamsize|p2|6\n|gen|9\n|tier|[Gen 9] VGC 2023 Regulation E\n|rule|Species Clause: Limit one of each Pok\u00e9mon\n|rule|Item Clause: Limit one of each item\n|clearpoke\n|poke|p1|Koffing, L50, F|\n|poke|p1|Scovillain, L50, M|\n|poke|p1|Ting-Lu, L50|\n|poke|p1|Farigiraf, L50, F|\n|poke|p1|Torkoal, L50, F|\n|poke|p1|Glastrier, L50|\n|poke|p2|Mesprit, L50|\n|poke|p2|Golem, L50, F|\n|poke|p2|Pawmot, L50, M|\n|poke|p2|Gyarados, L50, F|\n|poke|p2|Arcanine, L50, M|\n|poke|p2|Murkrow, L50, M|\n|teampreview|4\ncitswoeM.exe rejected open team sheets.\n|c|\u2606citswoeM.exe|I got da games covered\n|c|\u2606AediionVGC|kk\n|c|\u2606AediionVGC|glhf my dood\n|c|\u2606citswoeM.exe|u2 :]\n|\n|t:|1700629375\n|start\n|switch|p1a: Farigiraf|Farigiraf, L50, F|100\/100\n|switch|p1b: Glastrier|Glastrier, L50|100\/100\n|switch|p2a: Gary|Mesprit, L50, shiny|100\/100\n|switch|p2b: Big Bertha|Gyarados, L50, F, shiny|100\/100\n|-ability|p2b: Big Bertha|Intimidate|boost\n|-unboost|p1a: Farigiraf|atk|1\n|-unboost|p1b: Glastrier|atk|1\n|turn|1\n|inactive|Battle timer is ON: inactive players will automatically lose when time's up. (requested by citswoeM.exe)\n|\n|t:|1700629399\n|switch|p1b: Ting-Lu|Ting-Lu, L50|100\/100\n|-ability|p1b: Ting-Lu|Vessel of Ruin\n|-terastallize|p2a: Gary|Fire\n|move|p2b: Big Bertha|Stone Edge|p1b: Ting-Lu\n|-resisted|p1b: Ting-Lu\n|-damage|p1b: Ting-Lu|86\/100\n|-enditem|p1b: Ting-Lu|Red Card|[of] p2b: Big Bertha\n|drag|p2b: Taika Watiti|Pawmot, L50, M, shiny|100\/100\n|move|p2a: Gary|Imprison|p2a: Gary\n|-start|p2a: Gary|move: Imprison\n|cant|p1a: Farigiraf|move: Imprison|Trick Room\n|\n|upkeep\n|turn|2\n|inactive|citswoeM.exe has 30 seconds left.\n|inactive|AediionVGC has 30 seconds left.\n|\n|t:|1700629425\n|switch|p2b: Big Bertha|Gyarados, L50, F, shiny|100\/100\n|-ability|p2b: Big Bertha|Intimidate|boost\n|-unboost|p1a: Farigiraf|atk|1\n|-unboost|p1b: Ting-Lu|atk|1\n|move|p1a: Farigiraf|Ally Switch|p1a: Farigiraf\n|swap|p1a: Farigiraf|1|[from] move: Ally Switch\n|move|p2a: Gary|Dazzling Gleam|p1b: Farigiraf|[spread] p1a,p1b\n|-supereffective|p1a: Ting-Lu\n|-damage|p1a: Ting-Lu|62\/100\n|-damage|p1b: Farigiraf|85\/100\n|move|p1a: Ting-Lu|Stone Edge|p2a: Gary\n|-supereffective|p2a: Gary\n|-damage|p2a: Gary|58\/100\n|\n|-heal|p2a: Gary|64\/100|[from] item: Leftovers\n|upkeep\n|turn|3\n|\n|t:|1700629449\n|switch|p1a: Glastrier|Glastrier, L50|100\/100\n|-terastallize|p1b: Farigiraf|Normal\n|move|p2b: Big Bertha|Waterfall|p1a: Glastrier\n|-damage|p1a: Glastrier|62\/100\n|-damage|p2b: Big Bertha|91\/100|[from] item: Life Orb\n|move|p2a: Gary|Dazzling Gleam|p1a: Glastrier|[spread] p1a,p1b\n|-damage|p1a: Glastrier|52\/100\n|-damage|p1b: Farigiraf|64\/100\n|move|p1b: Farigiraf|Hyper Voice|p2b: Big Bertha|[spread] p2a,p2b\n|-damage|p2a: Gary|30\/100\n|-damage|p2b: Big Bertha|62\/100\n|\n|-heal|p2a: Gary|36\/100|[from] item: Leftovers\n|upkeep\n|turn|4\n|inactive|citswoeM.exe has 30 seconds left.\n|inactive|citswoeM.exe has 20 seconds left.\n|inactive|citswoeM.exe has 15 seconds left.\n|inactive|citswoeM.exe has 10 seconds left.\n|\n|t:|1700629499\n|switch|p1a: Ting-Lu|Ting-Lu, L50|62\/100\n|-ability|p1a: Ting-Lu|Vessel of Ruin\n|move|p2b: Big Bertha|Stone Edge|p1a: Ting-Lu\n|-resisted|p1a: Ting-Lu\n|-damage|p1a: Ting-Lu|47\/100\n|-damage|p2b: Big Bertha|52\/100|[from] item: Life Orb\n|move|p2a: Gary|Mystical Power|p1b: Farigiraf\n|-damage|p1b: Farigiraf|37\/100\n|-boost|p2a: Gary|spa|1\n|move|p1b: Farigiraf|Foul Play|p2b: Big Bertha\n|-damage|p2b: Big Bertha|12\/100\n|\n|-heal|p2a: Gary|42\/100|[from] item: Leftovers\n|upkeep\n|turn|5\n|inactive|citswoeM.exe has 30 seconds left.\n|\n|t:|1700629531\n|move|p1a: Ting-Lu|Protect|p1a: Ting-Lu\n|-singleturn|p1a: Ting-Lu|Protect\n|move|p2b: Big Bertha|Waterfall|p1a: Ting-Lu\n|-activate|p1a: Ting-Lu|move: Protect\n|move|p2a: Gary|Dazzling Gleam|p1a: Ting-Lu|[spread] p1b\n|-activate|p1a: Ting-Lu|move: Protect\n|-damage|p1b: Farigiraf|15\/100\n|-enditem|p1b: Farigiraf|Aguav Berry|[eat]\n|-heal|p1b: Farigiraf|48\/100|[from] item: Aguav Berry\n|move|p1b: Farigiraf|Hyper Voice|p2a: Gary|[spread] p2a,p2b\n|-damage|p2a: Gary|19\/100\n|-damage|p2b: Big Bertha|0 fnt\n|faint|p2b: Big Bertha\n|\n|-heal|p2a: Gary|25\/100|[from] item: Leftovers\n|upkeep\n|\n|t:|1700629544\n|switch|p2b: Arcanine|Arcanine, L50, M, shiny|100\/100\n|-ability|p2b: Arcanine|Intimidate|boost\n|-unboost|p1a: Ting-Lu|atk|1\n|-unboost|p1b: Farigiraf|atk|1\n|turn|6\n|\n|t:|1700629566\n|switch|p1a: Glastrier|Glastrier, L50|52\/100\n|switch|p1b: Torkoal|Torkoal, L50, F|100\/100\n|-weather|SunnyDay|[from] ability: Drought|[of] p1b: Torkoal\n|move|p2b: Arcanine|Retaliate|p1a: Glastrier\n|-damage|p1a: Glastrier|4\/100\n|move|p2a: Gary|Dazzling Gleam|p1a: Glastrier|[spread] p1a,p1b\n|-resisted|p1b: Torkoal\n|-damage|p1a: Glastrier|0 fnt\n|-damage|p1b: Torkoal|81\/100\n|faint|p1a: Glastrier\n|\n|-weather|SunnyDay|[upkeep]\n|-heal|p2a: Gary|30\/100|[from] item: Leftovers\n|upkeep\n|\n|t:|1700629581\n|switch|p1a: Ting-Lu|Ting-Lu, L50|47\/100\n|-ability|p1a: Ting-Lu|Vessel of Ruin\n|turn|7\n|inactive|citswoeM.exe has 30 seconds left.\n|\n|t:|1700629610\n|move|p2b: Arcanine|Retaliate|p1b: Torkoal\n|-damage|p1b: Torkoal|54\/100\n|move|p2a: Gary|Dazzling Gleam|p1b: Torkoal|[spread] p1a,p1b\n|-supereffective|p1a: Ting-Lu\n|-resisted|p1b: Torkoal\n|-damage|p1a: Ting-Lu|12\/100\n|-damage|p1b: Torkoal|39\/100\n|move|p1a: Ting-Lu|Stone Edge|p2a: Gary\n|-supereffective|p2a: Gary\n|-damage|p2a: Gary|0 fnt\n|faint|p2a: Gary\n|move|p1b: Torkoal|Earth Power|p2b: Arcanine\n|-supereffective|p2b: Arcanine\n|-damage|p2b: Arcanine|63\/100\n|\n|-weather|SunnyDay|[upkeep]\n|upkeep\n|\n|t:|1700629625\n|switch|p2a: Taika Watiti|Pawmot, L50, M, shiny|100\/100\n|turn|8\n|inactive|citswoeM.exe has 30 seconds left.\n|\n|t:|1700629650\n|move|p1b: Torkoal|Protect|p1b: Torkoal\n|-singleturn|p1b: Torkoal|Protect\n|move|p2a: Taika Watiti|Close Combat|p1a: Ting-Lu\n|-supereffective|p1a: Ting-Lu\n|-damage|p1a: Ting-Lu|0 fnt\n|-unboost|p2a: Taika Watiti|def|1\n|-unboost|p2a: Taika Watiti|spd|1\n|faint|p1a: Ting-Lu\n|move|p2b: Arcanine|Retaliate|p1b: Torkoal\n|-activate|p1b: Torkoal|move: Protect\n|\n|-weather|SunnyDay|[upkeep]\n|upkeep\n|\n|t:|1700629660\n|switch|p1a: Farigiraf|Farigiraf, L50, F, tera:Normal|48\/100\n|turn|9\n|\n|t:|1700629675\n|move|p2a: Taika Watiti|Close Combat|p1a: Farigiraf\n|-supereffective|p1a: Farigiraf\n|-damage|p1a: Farigiraf|0 fnt\n|-unboost|p2a: Taika Watiti|def|1\n|-unboost|p2a: Taika Watiti|spd|1\n|faint|p1a: Farigiraf\n|move|p2b: Arcanine|Retaliate|p1b: Torkoal\n|-damage|p1b: Torkoal|11\/100\n|move|p1b: Torkoal|Earth Power|p2a: Taika Watiti\n|-supereffective|p2a: Taika Watiti\n|-damage|p2a: Taika Watiti|0 fnt\n|faint|p2a: Taika Watiti\n|\n|-weather|SunnyDay|[upkeep]\n|upkeep\n|turn|10\n|\n|t:|1700629689\n|move|p2b: Arcanine|Retaliate|p1b: Torkoal\n|-damage|p1b: Torkoal|0 fnt\n|faint|p1b: Torkoal\n|\n|win|AediionVGC\n","uploadtime":1700629698,"views":6,"p1id":"citswoemexe","p2id":"aediionvgc","formatid":"gen9vgc2023regulatione","rating":0,"private":0,"password":""}