{"id":"gen9vgc2023regulatione-1994907561","p1":"JME140593","p2":"KingBerger14","format":"[Gen 9] VGC 2023 Regulation E","log":"|j|\u2606JME140593\n|j|\u2606KingBerger14\n|t:|1700503629\n|gametype|doubles\n|player|p1|JME140593|striker|1185\n|player|p2|KingBerger14|101|1136\n|teamsize|p1|6\n|teamsize|p2|6\n|gen|9\n|tier|[Gen 9] VGC 2023 Regulation E\n|rated|\n|rule|Species Clause: Limit one of each Pok\u00e9mon\n|rule|Item Clause: Limit one of each item\n|clearpoke\n|poke|p1|Chi-Yu, L50|\n|poke|p1|Regieleki, L50|\n|poke|p1|Tornadus, L50, M|\n|poke|p1|Landorus, L50, M|\n|poke|p1|Ogerpon-Wellspring, L50, F|\n|poke|p1|Farigiraf, L50, M|\n|poke|p2|Ursaluna, L50, F|\n|poke|p2|Mimikyu, L50, F|\n|poke|p2|Iron Hands, L50|\n|poke|p2|Ogerpon-Wellspring, L50, F|\n|poke|p2|Scizor, L50, M|\n|poke|p2|Cresselia, L50, F|\n|teampreview|4\n|\n|t:|1700503665\n|start\n|switch|p1a: Chi-Yu|Chi-Yu, L50|100\/100\n|switch|p1b: Regieleki|Regieleki, L50|100\/100\n|switch|p2a: Iron Hands|Iron Hands, L50|100\/100\n|switch|p2b: Cresselia|Cresselia, L50, F|100\/100\n|-ability|p1a: Chi-Yu|Beads of Ruin\n|turn|1\n|inactive|Battle timer is ON: inactive players will automatically lose when time's up. (requested by JME140593)\n|\n|t:|1700503699\n|switch|p1b: Farigiraf|Farigiraf, L50, M, shiny|100\/100\n|-terastallize|p1a: Chi-Yu|Fire\n|move|p2a: Iron Hands|Fake Out||[still]\n|cant|p1b: Farigiraf|ability: Armor Tail|Fake Out|[of] p2a: Iron Hands\n|move|p1a: Chi-Yu|Overheat|p2b: Cresselia\n|-damage|p2b: Cresselia|5\/100\n|-unboost|p1a: Chi-Yu|spa|2\n|move|p2b: Cresselia|Trick Room|p2b: Cresselia\n|-fieldstart|move: Trick Room|[of] p2b: Cresselia\n|\n|-heal|p2b: Cresselia|12\/100|[from] item: Leftovers\n|upkeep\n|turn|2\n|inactive|KingBerger14 has 30 seconds left.\n|\n|t:|1700503732\n|move|p2a: Iron Hands|Thunder Punch|p1a: Chi-Yu\n|-damage|p1a: Chi-Yu|29\/100\n|move|p2b: Cresselia|Gravity|p2b: Cresselia\n|-fieldstart|move: Gravity\n|move|p1a: Chi-Yu|Overheat|p2a: Iron Hands\n|-damage|p2a: Iron Hands|64\/100\n|-unboost|p1a: Chi-Yu|spa|2\n|move|p1b: Farigiraf|Trick Room|p1b: Farigiraf\n|-fieldend|move: Trick Room\n|\n|-heal|p2b: Cresselia|18\/100|[from] item: Leftovers\n|upkeep\n|turn|3\n|inactive|JME140593 has 30 seconds left.\n|inactive|KingBerger14 has 30 seconds left.\n|\n|t:|1700503761\n|switch|p1a: Regieleki|Regieleki, L50|100\/100\n|switch|p2b: Ogerpon|Ogerpon-Wellspring, L50, F|100\/100\n|move|p1b: Farigiraf|Dazzling Gleam|p2b: Ogerpon|[spread] p2a,p2b\n|-supereffective|p2a: Iron Hands\n|-damage|p2a: Iron Hands|44\/100\n|-damage|p2b: Ogerpon|82\/100\n|move|p2a: Iron Hands|Thunder Punch|p1a: Regieleki\n|-resisted|p1a: Regieleki\n|-damage|p1a: Regieleki|59\/100\n|\n|upkeep\n|turn|4\n|inactive|JME140593 has 30 seconds left.\n|inactive|KingBerger14 has 30 seconds left.\n|inactive|KingBerger14 has 20 seconds left.\n|\n|t:|1700503800\n|switch|p1a: Chi-Yu|Chi-Yu, L50, tera:Fire|29\/100\n|-ability|p1a: Chi-Yu|Beads of Ruin\n|move|p2b: Ogerpon|Spiky Shield|p2b: Ogerpon\n|-singleturn|p2b: Ogerpon|move: Protect\n|move|p1b: Farigiraf|Psychic|p2a: Iron Hands\n|-supereffective|p2a: Iron Hands\n|-damage|p2a: Iron Hands|0 fnt\n|faint|p2a: Iron Hands\n|-end|p2a: Iron Hands|Quark Drive|[silent]\n|\n|upkeep\n|\n|t:|1700503813\n|switch|p2a: Cresselia|Cresselia, L50, F|18\/100\n|turn|5\n|\n|t:|1700503834\n|move|p2b: Ogerpon|Follow Me|p2b: Ogerpon\n|-singleturn|p2b: Ogerpon|move: Follow Me\n|move|p1a: Chi-Yu|Heat Wave|p2b: Ogerpon|[spread] p2a,p2b\n|-damage|p2a: Cresselia|0 fnt\n|-damage|p2b: Ogerpon|4\/100\n|faint|p2a: Cresselia\n|move|p1b: Farigiraf|Dazzling Gleam|p2b: Ogerpon\n|-damage|p2b: Ogerpon|0 fnt\n|faint|p2b: Ogerpon\n|\n|upkeep\n|\n|t:|1700503846\n|switch|p2b: Ursaluna|Ursaluna, L50, F|100\/100\n|turn|6\n|\n|t:|1700503858\n|-terastallize|p2b: Ursaluna|Ground\n|move|p1a: Chi-Yu|Heat Wave|p2b: Ursaluna\n|-damage|p2b: Ursaluna|24\/100\n|move|p1b: Farigiraf|Psychic|p2b: Ursaluna\n|-damage|p2b: Ursaluna|0 fnt\n|faint|p2b: Ursaluna\n|\n|win|JME140593\n|raw|JME140593's rating: 1185 &rarr; <strong>1206<\/strong><br \/>(+21 for winning)\n|raw|KingBerger14's rating: 1136 &rarr; <strong>1115<\/strong><br \/>(-21 for losing)\n","uploadtime":1700503870,"views":8,"p1id":"jme140593","p2id":"kingberger14","formatid":"gen9vgc2023regulatione","rating":1115,"private":0,"password":""}