{"id":"gen9vgc2023regulatione-1998396075","p1":"JumpingJoe27","p2":"meesterkrebs","format":"[Gen 9] VGC 2023 Regulation E","log":"|j|\u2606JumpingJoe27\n|j|\u2606meesterkrebs\n|t:|1700937607\n|gametype|doubles\n|player|p1|JumpingJoe27|101|1254\n|player|p2|meesterkrebs|steven|1181\n|teamsize|p1|6\n|teamsize|p2|6\n|gen|9\n|tier|[Gen 9] VGC 2023 Regulation E\n|rated|\n|rule|Species Clause: Limit one of each Pok\u00e9mon\n|rule|Item Clause: Limit one of each item\n|clearpoke\n|poke|p1|Clefairy, L50, M|\n|poke|p1|Arcanine-Hisui, L50, F|\n|poke|p1|Iron Hands, L50|\n|poke|p1|Flutter Mane, L50|\n|poke|p1|Gholdengo, L50|\n|poke|p1|Chien-Pao, L50|\n|poke|p2|Urshifu-*, L50, M|\n|poke|p2|Gholdengo, L50|\n|poke|p2|Arcanine, L50, F|\n|poke|p2|Rillaboom, L50, M|\n|poke|p2|Sableye, L50, M|\n|poke|p2|Roaring Moon, L50|\n|teampreview|4\n|inactive|Battle timer is ON: inactive players will automatically lose when time's up. (requested by JumpingJoe27)\n|inactive|meesterkrebs has 60 seconds left.\n|\n|t:|1700937646\n|start\n|switch|p1a: Arcanine|Arcanine-Hisui, L50, F|100\/100\n|switch|p1b: Iron Hands|Iron Hands, L50|100\/100\n|switch|p2a: Urshifu|Urshifu-Rapid-Strike, L50, M|100\/100\n|switch|p2b: Roaring Moon|Roaring Moon, L50|100\/100\n|-ability|p1a: Arcanine|Intimidate|boost\n|-unboost|p2a: Urshifu|atk|1\n|-unboost|p2b: Roaring Moon|atk|1\n|-enditem|p2b: Roaring Moon|Booster Energy\n|-activate|p2b: Roaring Moon|ability: Protosynthesis|[fromitem]\n|-start|p2b: Roaring Moon|protosynthesisspe\n|turn|1\n|\n|t:|1700937669\n|-terastallize|p1a: Arcanine|Fairy\n|move|p2b: Roaring Moon|Protect|p2b: Roaring Moon\n|-singleturn|p2b: Roaring Moon|Protect\n|move|p2a: Urshifu|Detect|p2a: Urshifu\n|-singleturn|p2a: Urshifu|Protect\n|move|p1b: Iron Hands|Fake Out|p2b: Roaring Moon\n|-activate|p2b: Roaring Moon|move: Protect\n|move|p1a: Arcanine|Tera Blast|p2a: Urshifu|[anim] Tera Blast Fairy\n|-activate|p2a: Urshifu|move: Protect\n|\n|upkeep\n|turn|2\n|inactive|JumpingJoe27 has 30 seconds left.\n|inactive|meesterkrebs has 30 seconds left.\n|inactive|meesterkrebs has 20 seconds left.\n|\n|t:|1700937707\n|-end|p2b: Roaring Moon|Protosynthesis|[silent]\n|switch|p2b: Arcanine|Arcanine, L50, F|100\/100\n|-ability|p2b: Arcanine|Intimidate|boost\n|-unboost|p1a: Arcanine|atk|1\n|-unboost|p1b: Iron Hands|atk|1\n|-end|p1b: Iron Hands|Quark Drive|[silent]\n|switch|p1b: Clefairy|Clefairy, L50, M|100\/100\n|-terastallize|p2a: Urshifu|Water\n|move|p1a: Arcanine|Tera Blast|p2a: Urshifu|[anim] Tera Blast Fairy\n|-damage|p2a: Urshifu|67\/100\n|move|p2a: Urshifu|Surging Strikes|p1b: Clefairy\n|-crit|p1b: Clefairy\n|-damage|p1b: Clefairy|70\/100\n|-crit|p1b: Clefairy\n|-damage|p1b: Clefairy|39\/100\n|-crit|p1b: Clefairy\n|-damage|p1b: Clefairy|10\/100\n|-hitcount|p1b: Clefairy|3\n|\n|upkeep\n|turn|3\n|inactive|JumpingJoe27 has 30 seconds left.\n|inactive|meesterkrebs has 30 seconds left.\n|inactive|JumpingJoe27 has 20 seconds left.\n|inactive|meesterkrebs has 20 seconds left.\n|inactive|JumpingJoe27 has 15 seconds left.\n|\n|t:|1700937750\n|switch|p1a: Iron Hands|Iron Hands, L50|100\/100\n|switch|p2a: Sableye|Sableye, L50, M|100\/100\n|move|p1b: Clefairy|Follow Me|p1b: Clefairy\n|-singleturn|p1b: Clefairy|move: Follow Me\n|move|p2b: Arcanine|Snarl|p1a: Iron Hands|[spread] p1a,p1b\n|-resisted|p1a: Iron Hands\n|-resisted|p1b: Clefairy\n|-damage|p1a: Iron Hands|99\/100\n|-damage|p1b: Clefairy|7\/100\n|-unboost|p1a: Iron Hands|spa|1\n|-unboost|p1b: Clefairy|spa|1\n|\n|upkeep\n|turn|4\n|inactive|meesterkrebs has 30 seconds left.\n|inactive|JumpingJoe27 has 30 seconds left.\n|inactive|meesterkrebs has 20 seconds left.\n|\n|t:|1700937786\n|switch|p1b: Flutter Mane|Flutter Mane, L50|100\/100\n|move|p1a: Iron Hands|Fake Out|p2b: Arcanine\n|-damage|p2b: Arcanine|85\/100\n|move|p2a: Sableye|Will-O-Wisp|p1a: Iron Hands\n|-status|p1a: Iron Hands|brn\n|cant|p2b: Arcanine|flinch\n|\n|-damage|p1a: Iron Hands|93\/100 brn|[from] brn\n|upkeep\n|turn|5\n|inactive|JumpingJoe27 has 30 seconds left.\n|inactive|meesterkrebs has 30 seconds left.\n|\n|t:|1700937817\n|-end|p1a: Iron Hands|Quark Drive|[silent]\n|switch|p1a: Clefairy|Clefairy, L50, M|7\/100\n|move|p2a: Sableye|Encore||[still]\n|-fail|p2a: Sableye\n|move|p1b: Flutter Mane|Dazzling Gleam|p2b: Arcanine|[spread] p2a,p2b\n|-supereffective|p2a: Sableye\n|-enditem|p2a: Sableye|Roseli Berry|[eat]\n|-enditem|p2a: Sableye|Roseli Berry|[weaken]\n|-resisted|p2b: Arcanine\n|-damage|p2a: Sableye|64\/100\n|-damage|p2b: Arcanine|66\/100\n|move|p2b: Arcanine|Flare Blitz|p1b: Flutter Mane\n|-damage|p1b: Flutter Mane|48\/100\n|-damage|p2b: Arcanine|54\/100|[from] Recoil\n|\n|upkeep\n|turn|6\n|inactive|JumpingJoe27 has 30 seconds left.\n|inactive|meesterkrebs has 30 seconds left.\n|inactive|meesterkrebs has 20 seconds left.\n|\n|t:|1700937853\n|move|p1a: Clefairy|Follow Me|p1a: Clefairy\n|-singleturn|p1a: Clefairy|move: Follow Me\n|move|p2a: Sableye|Disable|p1a: Clefairy\n|-start|p1a: Clefairy|Disable|Follow Me\n|move|p1b: Flutter Mane|Moonblast|p2a: Sableye\n|-supereffective|p2a: Sableye\n|-damage|p2a: Sableye|0 fnt\n|faint|p2a: Sableye\n|move|p2b: Arcanine|Snarl|p1b: Flutter Mane|[spread] p1a,p1b\n|-resisted|p1a: Clefairy\n|-damage|p1a: Clefairy|3\/100\n|-damage|p1b: Flutter Mane|42\/100\n|-unboost|p1a: Clefairy|spa|1\n|-unboost|p1b: Flutter Mane|spa|1\n|\n|upkeep\n|inactive|meesterkrebs has 30 seconds left.\n|\n|t:|1700937883\n|switch|p2a: Urshifu|Urshifu-Rapid-Strike, L50, M, tera:Water|67\/100\n|turn|7\n|inactive|JumpingJoe27 has 30 seconds left.\n|inactive|meesterkrebs has 30 seconds left.\n|\n|t:|1700937914\n|move|p1a: Clefairy|Helping Hand|p1b: Flutter Mane\n|-singleturn|p1b: Flutter Mane|Helping Hand|[of] p1a: Clefairy\n|move|p1b: Flutter Mane|Moonblast|p2a: Urshifu\n|-damage|p2a: Urshifu|2\/100\n|-unboost|p2a: Urshifu|spa|1\n|move|p2b: Arcanine|Snarl|p1b: Flutter Mane|[spread] p1a,p1b\n|-resisted|p1a: Clefairy\n|-damage|p1a: Clefairy|0 fnt\n|-damage|p1b: Flutter Mane|36\/100\n|-unboost|p1b: Flutter Mane|spa|1\n|faint|p1a: Clefairy\n|move|p2a: Urshifu|Surging Strikes|p1b: Flutter Mane\n|-crit|p1b: Flutter Mane\n|-damage|p1b: Flutter Mane|0 fnt\n|faint|p1b: Flutter Mane\n|-end|p1b: Flutter Mane|Protosynthesis|[silent]\n|-hitcount|p1: Flutter Mane|1\n|\n|upkeep\n|\n|t:|1700937929\n|switch|p1b: Arcanine|Arcanine-Hisui, L50, F, tera:Fairy|100\/100\n|switch|p1a: Iron Hands|Iron Hands, L50|93\/100 brn\n|-ability|p1b: Arcanine|Intimidate|boost\n|-unboost|p2a: Urshifu|atk|1\n|-unboost|p2b: Arcanine|atk|1\n|turn|8\n|\n|t:|1700937951\n|switch|p2a: Roaring Moon|Roaring Moon, L50|100\/100\n|move|p2b: Arcanine|Protect|p2b: Arcanine\n|-singleturn|p2b: Arcanine|Protect\n|move|p1b: Arcanine|Rock Slide|p2b: Arcanine|[spread] p2a\n|-activate|p2b: Arcanine|move: Protect\n|-damage|p2a: Roaring Moon|64\/100\n|move|p1a: Iron Hands|Drain Punch|p2b: Arcanine\n|-activate|p2b: Arcanine|move: Protect\n|\n|-damage|p1a: Iron Hands|87\/100 brn|[from] brn\n|upkeep\n|turn|9\n|inactive|meesterkrebs has 30 seconds left.\n|inactive|meesterkrebs has 20 seconds left.\n|inactive|meesterkrebs has 15 seconds left.\n|inactive|meesterkrebs has 10 seconds left.\n|inactive|meesterkrebs has 5 seconds left.\n|\n|t:|1700938002\n|move|p2b: Arcanine|Flare Blitz|p1a: Iron Hands\n|-damage|p1a: Iron Hands|65\/100 brn\n|-damage|p2b: Arcanine|46\/100|[from] Recoil\n|-enditem|p2b: Arcanine|Sitrus Berry|[eat]\n|-heal|p2b: Arcanine|71\/100|[from] item: Sitrus Berry\n|move|p2a: Roaring Moon|Tailwind|p2a: Roaring Moon\n|-sidestart|p2: meesterkrebs|move: Tailwind\n|move|p1b: Arcanine|Rock Slide|p2b: Arcanine|[spread] p2a,p2b\n|-crit|p2a: Roaring Moon\n|-supereffective|p2b: Arcanine\n|-damage|p2a: Roaring Moon|14\/100\n|-damage|p2b: Arcanine|0 fnt\n|faint|p2b: Arcanine\n|move|p1a: Iron Hands|Drain Punch|p2a: Roaring Moon\n|-supereffective|p2a: Roaring Moon\n|-damage|p2a: Roaring Moon|0 fnt\n|-heal|p1a: Iron Hands|70\/100 brn|[from] drain|[of] p2a: Roaring Moon\n|faint|p2a: Roaring Moon\n|-end|p2a: Roaring Moon|Protosynthesis|[silent]\n|\n|-damage|p1a: Iron Hands|64\/100 brn|[from] brn\n|upkeep\n|\n|t:|1700938023\n|switch|p2b: Urshifu|Urshifu-Rapid-Strike, L50, M, tera:Water|2\/100\n|turn|10\n|\n|t:|1700938042\n|move|p2b: Urshifu|Surging Strikes|p1a: Iron Hands\n|-crit|p1a: Iron Hands\n|-damage|p1a: Iron Hands|39\/100 brn\n|-crit|p1a: Iron Hands\n|-damage|p1a: Iron Hands|15\/100 brn\n|-crit|p1a: Iron Hands\n|-damage|p1a: Iron Hands|0 fnt\n|faint|p1a: Iron Hands\n|-end|p1a: Iron Hands|Quark Drive|[silent]\n|-hitcount|p1: Iron Hands|3\n|move|p1b: Arcanine|Rock Slide|p2b: Urshifu\n|-damage|p2b: Urshifu|0 fnt\n|faint|p2b: Urshifu\n|\n|win|JumpingJoe27\n|raw|JumpingJoe27's rating: 1254 &rarr; <strong>1274<\/strong><br \/>(+20 for winning)\n|raw|meesterkrebs's rating: 1181 &rarr; <strong>1161<\/strong><br \/>(-20 for losing)\n|l|\u2606JumpingJoe27\n","uploadtime":1700938085,"views":6,"p1id":"jumpingjoe27","p2id":"meesterkrebs","formatid":"gen9vgc2023regulatione","rating":1161,"private":0,"password":""}