{"id":"gen9vgc2023regulatione-1995905415","p1":"Fancy Cucudrula","p2":"Kedrigz","format":"[Gen 9] VGC 2023 Regulation E","log":"|j|\u2606Fancy Cucudrula\n|j|\u2606Kedrigz\n|n|\u2606Fancy Cucudrula|fancycucudrula\n|n|\u2606Kedrigz|kedrigz\n|html|View the match progress at <a href=\"\/game-bestof3-gen9vgc2023regulatione-1995905414\">game-bestof3-gen9vgc2023regulatione-1995905414<\/a>\n|t:|1700615837\n|gametype|doubles\n|player|p1|Fancy Cucudrula|valerie|\n|player|p2|Kedrigz|steven|\n|teamsize|p1|6\n|teamsize|p2|6\n|gen|9\n|tier|[Gen 9] VGC 2023 Regulation E\n|rule|Species Clause: Limit one of each Pok\u00e9mon\n|rule|Item Clause: Limit one of each item\n|clearpoke\n|poke|p1|Flutter Mane, L50|\n|poke|p1|Amoonguss, L50, F|\n|poke|p1|Heatran, L50, F|\n|poke|p1|Iron Hands, L50|\n|poke|p1|Landorus-Therian, L50, M|\n|poke|p1|Chien-Pao, L50|\n|poke|p2|Kommo-o, L50, F|\n|poke|p2|Tyranitar, L50, M|\n|poke|p2|Rillaboom, L50, M|\n|poke|p2|Iron Bundle, L50|\n|poke|p2|Flutter Mane, L50|\n|poke|p2|Arcanine-Hisui, L50, F|\n|teampreview|4\nFancy Cucudrula has agreed to open team sheets.\n|c|\u2606Fancy Cucudrula|acepta el OTS!\nKedrigz has agreed to open team sheets.\n|showteam|p1|Flutter Mane||ChoiceSpecs|Protosynthesis|DazzlingGleam,Moonblast,ShadowBall,PerishSong||||||50|,,,,,Fairy]Amoonguss||RockyHelmet|Regenerator|RagePowder,PollenPuff,Spore,Protect|||F|||50|,,,,,Water]Heatran||SafetyGoggles|FlashFire|HeatWave,EarthPower,FlashCannon,Protect|||F|||50|,,,,,Fairy]Iron Hands||AssaultVest|QuarkDrive|DrainPunch,WildCharge,HeavySlam,FakeOut||||||50|,,,,,Water]Landorus-Therian||ChoiceScarf|Intimidate|StompingTantrum,TeraBlast,RockSlide,Uturn|||M|||50|,,,,,Flying]Chien-Pao||FocusSash|SwordofRuin|IceSpinner,SuckerPunch,Haze,Protect||||||50|,,,,,Ghost\n|showteam|p2|Kommo-o||Leftovers|Bulletproof|IronDefense,BodyPress,Protect,IronHead|||F|||50|,,,,,Steel]Tyranitar||AssaultVest|SandStream|KnockOff,RockSlide,TeraBlast,LowKick|||M|||50|,,,,,Psychic]Rillaboom||MiracleSeed|GrassySurge|FakeOut,GrassyGlide,Taunt,WoodHammer|||M|||50|,,,,,Grass]Iron Bundle||BoosterEnergy|QuarkDrive|IcyWind,FreezeDry,Protect,HydroPump||||||50|,,,,,Ghost]Flutter Mane||FocusSash|Protosynthesis|Moonblast,DazzlingGleam,ShadowBall,Psyshock||||||50|,,,,,Fairy]Arcanine-Hisui||SitrusBerry|Intimidate|FlareBlitz,WillOWisp,Howl,RockSlide|||F|||50|,,,,,Water\n|inactive|Battle timer is ON: inactive players will automatically lose when time's up. (requested by Fancy Cucudrula)\n|c|\u2606Fancy Cucudrula|READY PUES!\n|inactive|Fancy Cucudrula has 60 seconds left.\n|\n|t:|1700615933\n|start\n|switch|p1a: Sasha Colby|Flutter Mane, L50|100\/100\n|switch|p1b: Luquisha|Landorus-Therian, L50, M|100\/100\n|switch|p2a: Rillaboom|Rillaboom, L50, M|100\/100\n|switch|p2b: Iron Bundle|Iron Bundle, L50|100\/100\n|-ability|p1b: Luquisha|Intimidate|boost\n|-unboost|p2a: Rillaboom|atk|1\n|-unboost|p2b: Iron Bundle|atk|1\n|-fieldstart|move: Grassy Terrain|[from] ability: Grassy Surge|[of] p2a: Rillaboom\n|-enditem|p2b: Iron Bundle|Booster Energy\n|-activate|p2b: Iron Bundle|ability: Quark Drive|[fromitem]\n|-start|p2b: Iron Bundle|quarkdrivespe\n|turn|1\n|inactive|Kedrigz has 30 seconds left.\n|\n|t:|1700615967\n|switch|p1b: Mistress|Iron Hands, L50, shiny|100\/100\n|move|p2a: Rillaboom|Fake Out|p1b: Mistress\n|-damage|p1b: Mistress|93\/100\n|move|p2b: Iron Bundle|Hydro Pump|p1b: Mistress|[miss]\n|-miss|p2b: Iron Bundle|p1b: Mistress\n|move|p1a: Sasha Colby|Moonblast|p2b: Iron Bundle\n|-damage|p2b: Iron Bundle|0 fnt\n|faint|p2b: Iron Bundle\n|-end|p2b: Iron Bundle|Quark Drive|[silent]\n|\n|-heal|p1b: Mistress|99\/100|[from] Grassy Terrain\n|upkeep\n|\n|t:|1700615980\n|switch|p2b: Tyranitar|Tyranitar, L50, M|100\/100\n|-weather|Sandstorm|[from] ability: Sand Stream|[of] p2b: Tyranitar\n|turn|2\n|inactive|Kedrigz has 30 seconds left.\n|inactive|Kedrigz has 20 seconds left.\n|\n|t:|1700616017\n|-terastallize|p2b: Tyranitar|Psychic\n|move|p1b: Mistress|Fake Out|p2a: Rillaboom\n|-damage|p2a: Rillaboom|85\/100\n|move|p1a: Sasha Colby|Moonblast|p2a: Rillaboom\n|-damage|p2a: Rillaboom|0 fnt\n|faint|p2a: Rillaboom\n|move|p2b: Tyranitar|Knock Off|p1a: Sasha Colby\n|-damage|p1a: Sasha Colby|0 fnt\n|-enditem|p1a: Sasha Colby|Choice Specs|[from] move: Knock Off|[of] p2b: Tyranitar\n|faint|p1a: Sasha Colby\n|-end|p1a: Sasha Colby|Protosynthesis|[silent]\n|\n|-weather|Sandstorm|[upkeep]\n|-damage|p1b: Mistress|93\/100|[from] Sandstorm\n|-damage|p2b: Tyranitar|95\/100|[from] Sandstorm\n|-heal|p1b: Mistress|99\/100|[from] Grassy Terrain\n|-heal|p2b: Tyranitar|100\/100|[from] Grassy Terrain\n|upkeep\n|\n|t:|1700616037\n|switch|p1a: Luquisha|Landorus-Therian, L50, M|100\/100\n|switch|p2a: Arcanine|Arcanine-Hisui, L50, F|100\/100\n|-ability|p1a: Luquisha|Intimidate|boost\n|-unboost|p2a: Arcanine|atk|1\n|-unboost|p2b: Tyranitar|atk|1\n|-ability|p2a: Arcanine|Intimidate|boost\n|-unboost|p1a: Luquisha|atk|1\n|-unboost|p1b: Mistress|atk|1\n|turn|3\n|inactive|Kedrigz has 30 seconds left.\n|\n|t:|1700616067\n|move|p1a: Luquisha|U-turn|p2b: Tyranitar\n|-supereffective|p2b: Tyranitar\n|-damage|p2b: Tyranitar|73\/100\n|\n|t:|1700616070\n|switch|p1a: Lawrence|Heatran, L50, F, shiny|100\/100|[from] U-turn\n|move|p2a: Arcanine|Will-O-Wisp|p1b: Mistress\n|-status|p1b: Mistress|brn\n|move|p1b: Mistress|Drain Punch|p2a: Arcanine\n|-supereffective|p2a: Arcanine\n|-damage|p2a: Arcanine|70\/100\n|-heal|p1b: Mistress|100\/100 brn|[from] drain|[of] p2a: Arcanine\n|move|p2b: Tyranitar|Knock Off|p1b: Mistress\n|-resisted|p1b: Mistress\n|-damage|p1b: Mistress|87\/100 brn\n|-enditem|p1b: Mistress|Assault Vest|[from] move: Knock Off|[of] p2b: Tyranitar\n|\n|-weather|Sandstorm|[upkeep]\n|-damage|p1b: Mistress|81\/100 brn|[from] Sandstorm\n|-damage|p2b: Tyranitar|68\/100|[from] Sandstorm\n|-heal|p2a: Arcanine|76\/100|[from] Grassy Terrain\n|-heal|p1b: Mistress|87\/100 brn|[from] Grassy Terrain\n|-heal|p2b: Tyranitar|73\/100|[from] Grassy Terrain\n|-damage|p1b: Mistress|81\/100 brn|[from] brn\n|upkeep\n|turn|4\n|inactive|Kedrigz has 30 seconds left.\n|inactive|Kedrigz has 20 seconds left.\n|inactive|Kedrigz has 15 seconds left.\n|\n|t:|1700616113\n|-terastallize|p1a: Lawrence|Fairy\n|move|p2a: Arcanine|Howl|p2a: Arcanine|[spread] p2a,p2b\n|-boost|p2a: Arcanine|atk|1\n|-boost|p2b: Tyranitar|atk|1\n|move|p1a: Lawrence|Earth Power|p2a: Arcanine\n|-supereffective|p2a: Arcanine\n|-damage|p2a: Arcanine|0 fnt\n|faint|p2a: Arcanine\n|move|p1b: Mistress|Drain Punch|p2b: Tyranitar\n|-resisted|p2b: Tyranitar\n|-damage|p2b: Tyranitar|68\/100\n|-heal|p1b: Mistress|84\/100 brn|[from] drain|[of] p2b: Tyranitar\n|move|p2b: Tyranitar|Low Kick|p1a: Lawrence\n|-resisted|p1a: Lawrence\n|-damage|p1a: Lawrence|83\/100\n|\n|-weather|Sandstorm|[upkeep]\n|-damage|p1b: Mistress|78\/100 brn|[from] Sandstorm\n|-damage|p2b: Tyranitar|62\/100|[from] Sandstorm\n|-heal|p1a: Lawrence|89\/100|[from] Grassy Terrain\n|-heal|p1b: Mistress|84\/100 brn|[from] Grassy Terrain\n|-heal|p2b: Tyranitar|68\/100|[from] Grassy Terrain\n|-damage|p1b: Mistress|78\/100 brn|[from] brn\n|upkeep\n|turn|5\n|inactive|Fancy Cucudrula has 30 seconds left.\n|inactive|Kedrigz has 30 seconds left.\n|\n|t:|1700616139\n|switch|p1a: Luquisha|Landorus-Therian, L50, M|100\/100\n|-ability|p1a: Luquisha|Intimidate|boost\n|-unboost|p2b: Tyranitar|atk|1\n|move|p1b: Mistress|Wild Charge|p2b: Tyranitar\n|-damage|p2b: Tyranitar|55\/100\n|-damage|p1b: Mistress|75\/100 brn|[from] Recoil\n|move|p2b: Tyranitar|Tera Blast|p1b: Mistress|[anim] Tera Blast Psychic\n|-supereffective|p1b: Mistress\n|-damage|p1b: Mistress|32\/100 brn\n|\n|-weather|Sandstorm|[upkeep]\n|-damage|p1b: Mistress|26\/100 brn|[from] Sandstorm\n|-damage|p2b: Tyranitar|49\/100|[from] Sandstorm\n|-heal|p1b: Mistress|32\/100 brn|[from] Grassy Terrain\n|-heal|p2b: Tyranitar|55\/100|[from] Grassy Terrain\n|-damage|p1b: Mistress|26\/100 brn|[from] brn\n|-fieldend|move: Grassy Terrain\n|upkeep\n|turn|6\n|\n|t:|1700616157\n|move|p1a: Luquisha|Stomping Tantrum|p2b: Tyranitar\n|-damage|p2b: Tyranitar|17\/100\n|move|p1b: Mistress|Wild Charge|p2b: Tyranitar\n|-damage|p2b: Tyranitar|2\/100\n|-damage|p1b: Mistress|23\/100 brn|[from] Recoil\n|move|p2b: Tyranitar|Rock Slide|p1a: Luquisha|[spread] p1a,p1b\n|-resisted|p1b: Mistress\n|-damage|p1a: Luquisha|79\/100\n|-damage|p1b: Mistress|14\/100 brn\n|\n|-weather|none\n|-damage|p1b: Mistress|8\/100 brn|[from] brn\n|upkeep\n|turn|7\n|\n|t:|1700616169\n|move|p1a: Luquisha|Stomping Tantrum|p2b: Tyranitar\n|-damage|p2b: Tyranitar|0 fnt\n|faint|p2b: Tyranitar\n|\n|win|Fancy Cucudrula\n|c|&|\/uhtml prompt-fancycucudrula,Fancy Cucudrula is ready for game 2!\n|l|\u2606Kedrigz\n|inactive|Kedrigz has 50 seconds to confirm battle start!\n|c|&|\/uhtml prompt-kedrigz,Kedrigz is ready for game 2!\nBoth players are ready! Starting next match!\n","uploadtime":1700616679,"views":9,"p1id":"fancycucudrula","p2id":"kedrigz","formatid":"gen9vgc2023regulatione","rating":0,"private":0,"password":""}