{"id":"gen9vgc2023regulatione-1998593377","p1":"puffypoop1","p2":"VersatileDieCaster","format":"[Gen 9] VGC 2023 Regulation E","log":"|j|\u2606puffypoop1\n|j|\u2606VersatileDieCaster\n|t:|1700960524\n|gametype|doubles\n|player|p1|puffypoop1|101|1036\n|player|p2|VersatileDieCaster|volkner|1081\n|teamsize|p1|6\n|teamsize|p2|6\n|gen|9\n|tier|[Gen 9] VGC 2023 Regulation E\n|rated|\n|rule|Species Clause: Limit one of each Pok\u00e9mon\n|rule|Item Clause: Limit one of each item\n|clearpoke\n|poke|p1|Iron Hands, L50|\n|poke|p1|Roaring Moon, L50|\n|poke|p1|Gholdengo, L50|\n|poke|p1|Landorus-Therian, L50, M|\n|poke|p1|Urshifu-*, L50, M|\n|poke|p1|Amoonguss, L50, M|\n|poke|p2|Torkoal, L50, F|\n|poke|p2|Indeedee-F, L50, F|\n|poke|p2|Armarouge, L50, F|\n|poke|p2|Tornadus, L50, M|\n|poke|p2|Urshifu-*, L50, F|\n|poke|p2|Shiftry, L50, M|\n|teampreview|4\n|inactive|Battle timer is ON: inactive players will automatically lose when time's up. (requested by VersatileDieCaster)\nVersatileDieCaster has agreed to open team sheets.\n|\n|t:|1700960564\n|start\n|switch|p1a: Roaring Moon|Roaring Moon, L50|100\/100\n|switch|p1b: Urshifu|Urshifu-Rapid-Strike, L50, M|100\/100\n|switch|p2a: Indeedee|Indeedee-F, L50, F|100\/100\n|switch|p2b: Armarouge|Armarouge, L50, F|100\/100\n|-fieldstart|move: Psychic Terrain|[from] ability: Psychic Surge|[of] p2a: Indeedee\n|-enditem|p2a: Indeedee|Psychic Seed\n|-boost|p2a: Indeedee|spd|1|[from] item: Psychic Seed\n|-enditem|p1a: Roaring Moon|Booster Energy\n|-activate|p1a: Roaring Moon|ability: Protosynthesis|[fromitem]\n|-start|p1a: Roaring Moon|protosynthesisspe\n|turn|1\n|\n|t:|1700960588\n|-terastallize|p1b: Urshifu|Water\n|move|p2a: Indeedee|Follow Me|p2a: Indeedee\n|-singleturn|p2a: Indeedee|move: Follow Me\n|move|p1a: Roaring Moon|Knock Off|p2a: Indeedee\n|-supereffective|p2a: Indeedee\n|-damage|p2a: Indeedee|45\/100\n|move|p1b: Urshifu|Surging Strikes|p2a: Indeedee\n|-crit|p2a: Indeedee\n|-damage|p2a: Indeedee|16\/100\n|-crit|p2a: Indeedee\n|-damage|p2a: Indeedee|0 fnt\n|faint|p2a: Indeedee\n|-hitcount|p2: Indeedee|2\n|move|p2b: Armarouge|Trick Room|p2b: Armarouge\n|-fieldstart|move: Trick Room|[of] p2b: Armarouge\n|\n|upkeep\n|\n|t:|1700960596\n|switch|p2a: Torkoal|Torkoal, L50, F|100\/100\n|-weather|SunnyDay|[from] ability: Drought|[of] p2a: Torkoal\n|turn|2\n|inactive|VersatileDieCaster has 30 seconds left.\n|\n|t:|1700960629\n|-terastallize|p2a: Torkoal|Fire\n|move|p1a: Roaring Moon|Protect|p1a: Roaring Moon\n|-singleturn|p1a: Roaring Moon|Protect\n|move|p2a: Torkoal|Eruption|p1a: Roaring Moon|[spread] p1b\n|-activate|p1a: Roaring Moon|move: Protect\n|-resisted|p1b: Urshifu\n|-damage|p1b: Urshifu|16\/100\n|move|p2b: Armarouge|Expanding Force|p1a: Roaring Moon|[spread] p1b\n|-activate|p1a: Roaring Moon|move: Protect\n|-damage|p1b: Urshifu|0 fnt\n|faint|p1b: Urshifu\n|-damage|p2b: Armarouge|91\/100|[from] item: Life Orb\n|\n|-weather|SunnyDay|[upkeep]\n|upkeep\n|\n|t:|1700960645\n|switch|p1b: Gholdengo|Gholdengo, L50|100\/100\n|turn|3\n|\n|t:|1700960666\n|move|p1b: Gholdengo|Protect|p1b: Gholdengo\n|-singleturn|p1b: Gholdengo|Protect\n|move|p2a: Torkoal|Eruption|p1a: Roaring Moon|[spread] p1a\n|-activate|p1b: Gholdengo|move: Protect\n|-resisted|p1a: Roaring Moon\n|-damage|p1a: Roaring Moon|55\/100\n|move|p2b: Armarouge|Armor Cannon|p1a: Roaring Moon\n|-resisted|p1a: Roaring Moon\n|-damage|p1a: Roaring Moon|2\/100\n|-unboost|p2b: Armarouge|def|1\n|-unboost|p2b: Armarouge|spd|1\n|-damage|p2b: Armarouge|81\/100|[from] item: Life Orb\n|move|p1a: Roaring Moon|Knock Off|p2a: Torkoal\n|-damage|p2a: Torkoal|68\/100\n|-enditem|p2a: Torkoal|Charcoal|[from] move: Knock Off|[of] p1a: Roaring Moon\n|\n|-weather|SunnyDay|[upkeep]\n|upkeep\n|turn|4\n|inactive|VersatileDieCaster has 30 seconds left.\n|\n|t:|1700960699\n|move|p1a: Roaring Moon|Protect|p1a: Roaring Moon\n|-singleturn|p1a: Roaring Moon|Protect\n|move|p2a: Torkoal|Heat Wave|p1b: Gholdengo|[spread] p1b\n|-activate|p1a: Roaring Moon|move: Protect\n|-supereffective|p1b: Gholdengo\n|-damage|p1b: Gholdengo|0 fnt\n|faint|p1b: Gholdengo\n|move|p2b: Armarouge|Armor Cannon|p1a: Roaring Moon\n|-activate|p1a: Roaring Moon|move: Protect\n|\n|-weather|SunnyDay|[upkeep]\n|upkeep\n|\n|t:|1700960704\n|switch|p1b: Iron Hands|Iron Hands, L50|100\/100\n|turn|5\n|\n|t:|1700960726\n|move|p1a: Roaring Moon|Protect|p1a: Roaring Moon\n|-singleturn|p1a: Roaring Moon|Protect\n|move|p2a: Torkoal|Eruption|p1b: Iron Hands|[spread] p1b\n|-activate|p1a: Roaring Moon|move: Protect\n|-damage|p1b: Iron Hands|67\/100\n|move|p1b: Iron Hands|Drain Punch|p2a: Torkoal\n|-crit|p2a: Torkoal\n|-damage|p2a: Torkoal|25\/100\n|-heal|p1b: Iron Hands|83\/100|[from] drain|[of] p2a: Torkoal\n|move|p2b: Armarouge|Expanding Force|p1a: Roaring Moon|[spread] p1b\n|-activate|p1a: Roaring Moon|move: Protect\n|-supereffective|p1b: Iron Hands\n|-damage|p1b: Iron Hands|0 fnt\n|faint|p1b: Iron Hands\n|-end|p1b: Iron Hands|Quark Drive|[silent]\n|-damage|p2b: Armarouge|71\/100|[from] item: Life Orb\n|\n|-weather|SunnyDay|[upkeep]\n|-fieldend|move: Trick Room\n|-fieldend|move: Psychic Terrain\n|upkeep\n|turn|6\n|\n|t:|1700960744\n|move|p1a: Roaring Moon|Breaking Swipe|p2a: Torkoal|[spread] p2a,p2b\n|-damage|p2a: Torkoal|9\/100\n|-damage|p2b: Armarouge|41\/100\n|-unboost|p2a: Torkoal|atk|1\n|-unboost|p2b: Armarouge|atk|1\n|move|p2b: Armarouge|Armor Cannon|p1a: Roaring Moon\n|-resisted|p1a: Roaring Moon\n|-damage|p1a: Roaring Moon|0 fnt\n|-unboost|p2b: Armarouge|def|1\n|-unboost|p2b: Armarouge|spd|1\n|faint|p1a: Roaring Moon\n|-end|p1a: Roaring Moon|Protosynthesis|[silent]\n|-damage|p2b: Armarouge|31\/100|[from] item: Life Orb\n|\n|win|VersatileDieCaster\n|raw|puffypoop1's rating: 1036 &rarr; <strong>1023<\/strong><br \/>(-13 for losing)\n|raw|VersatileDieCaster's rating: 1081 &rarr; <strong>1105<\/strong><br \/>(+24 for winning)\n|l|\u2606puffypoop1\n|c|\u2606VersatileDieCaster|gg\n","uploadtime":1700960762,"views":17,"p1id":"puffypoop1","p2id":"versatilediecaster","formatid":"gen9vgc2023regulatione","rating":1023,"private":0,"password":""}