{"id":"gen9vgc2023regulatione-1991801706","p1":"Vitalis24","p2":"LUMPECTOMY","format":"[Gen 9] VGC 2023 Regulation E","log":"|j|\u2606Vitalis24\n|j|\u2606LUMPECTOMY\n|t:|1700119996\n|gametype|doubles\n|player|p1|Vitalis24|ethan|1380\n|player|p2|LUMPECTOMY|102|1378\n|teamsize|p1|6\n|teamsize|p2|6\n|gen|9\n|tier|[Gen 9] VGC 2023 Regulation E\n|rated|\n|rule|Species Clause: Limit one of each Pok\u00e9mon\n|rule|Item Clause: Limit one of each item\n|clearpoke\n|poke|p1|Heatran, L50, M|\n|poke|p1|Ogerpon-Wellspring, L50, F|\n|poke|p1|Indeedee-F, L50, F|\n|poke|p1|Flutter Mane, L50|\n|poke|p1|Landorus-Therian, L50, M|\n|poke|p1|Urshifu-*, L50, M|\n|poke|p2|Landorus-Therian, L50, M|\n|poke|p2|Rillaboom, L50, F|\n|poke|p2|Ogerpon-Hearthflame, L50, F|\n|poke|p2|Flutter Mane, L50|\n|poke|p2|Dragonite, L50, M|\n|poke|p2|Chien-Pao, L50|\n|teampreview|4\n|inactive|Battle timer is ON: inactive players will automatically lose when time's up. (requested by LUMPECTOMY)\n|inactive|Vitalis24 has 60 seconds left.\n|inactive|LUMPECTOMY has 60 seconds left.\n|\n|t:|1700120038\n|start\n|switch|p1a: Flutter Mane|Flutter Mane, L50|100\/100\n|switch|p1b: Indeedee|Indeedee-F, L50, F|100\/100\n|switch|p2a: Landorus|Landorus-Therian, L50, M|100\/100\n|switch|p2b: Chien-Pao|Chien-Pao, L50|100\/100\n|-ability|p2a: Landorus|Intimidate|boost\n|-unboost|p1a: Flutter Mane|atk|1\n|-unboost|p1b: Indeedee|atk|1\n|-ability|p2b: Chien-Pao|Sword of Ruin\n|-fieldstart|move: Psychic Terrain|[from] ability: Psychic Surge|[of] p1b: Indeedee\n|-enditem|p1a: Flutter Mane|Booster Energy\n|-activate|p1a: Flutter Mane|ability: Protosynthesis|[fromitem]\n|-start|p1a: Flutter Mane|protosynthesisspa\n|turn|1\n|inactive|Vitalis24 has 30 seconds left.\n|inactive|LUMPECTOMY has 30 seconds left.\n|inactive|Vitalis24 has 20 seconds left.\n|\n|t:|1700120075\n|move|p2a: Landorus|Rock Slide|p1b: Indeedee|[spread] p1a,p1b\n|-damage|p1a: Flutter Mane|52\/100\n|-damage|p1b: Indeedee|73\/100\n|move|p2b: Chien-Pao|Lash Out|p1b: Indeedee\n|-supereffective|p1b: Indeedee\n|-damage|p1b: Indeedee|0 fnt\n|-damage|p2b: Chien-Pao|84\/100|[from] item: Rocky Helmet|[of] p1b: Indeedee\n|faint|p1b: Indeedee\n|move|p1a: Flutter Mane|Dazzling Gleam|p2a: Landorus|[spread] p2a,p2b\n|-supereffective|p2b: Chien-Pao\n|-damage|p2a: Landorus|44\/100\n|-damage|p2b: Chien-Pao|0 fnt\n|faint|p2b: Chien-Pao\n|\n|upkeep\n|\n|t:|1700120096\n|switch|p2b: Rillaboom|Rillaboom, L50, F|100\/100\n|switch|p1b: Landorus|Landorus-Therian, L50, M|100\/100\n|-ability|p1b: Landorus|Intimidate|boost\n|-unboost|p2a: Landorus|atk|1\n|-unboost|p2b: Rillaboom|atk|1\n|-fieldstart|move: Grassy Terrain|[from] ability: Grassy Surge|[of] p2b: Rillaboom\n|turn|2\n|inactive|LUMPECTOMY has 30 seconds left.\n|\n|t:|1700120122\n|move|p1b: Landorus|Protect|p1b: Landorus\n|-singleturn|p1b: Landorus|Protect\n|move|p2b: Rillaboom|Fake Out|p1b: Landorus\n|-activate|p1b: Landorus|move: Protect\n|move|p2a: Landorus|Rock Slide|p1b: Landorus|[spread] p1a\n|-activate|p1b: Landorus|move: Protect\n|-damage|p1a: Flutter Mane|28\/100\n|cant|p1a: Flutter Mane|flinch\n|\n|-heal|p1a: Flutter Mane|34\/100|[from] Grassy Terrain\n|upkeep\n|turn|3\n|inactive|Vitalis24 has 30 seconds left.\n|\n|t:|1700120151\n|-end|p1a: Flutter Mane|Protosynthesis|[silent]\n|switch|p1a: Heatran|Heatran, L50, M|100\/100\n|-terastallize|p1b: Landorus|Flying\n|move|p2b: Rillaboom|Grassy Glide|p1b: Landorus\n|-resisted|p1b: Landorus\n|-damage|p1b: Landorus|88\/100\n|move|p2a: Landorus|Rock Slide|p1b: Landorus|[spread] p1a\n|-miss|p2a: Landorus|p1b: Landorus\n|-damage|p1a: Heatran|89\/100\n|move|p1b: Landorus|Tera Blast|p2b: Rillaboom|[anim] Tera Blast Flying\n|-supereffective|p2b: Rillaboom\n|-damage|p2b: Rillaboom|0 fnt\n|faint|p2b: Rillaboom\n|\n|-heal|p1a: Heatran|95\/100|[from] Grassy Terrain\n|upkeep\n|\n|t:|1700120162\n|switch|p2b: Flutter Mane|Flutter Mane, L50|100\/100\n|-enditem|p2b: Flutter Mane|Booster Energy\n|-activate|p2b: Flutter Mane|ability: Protosynthesis|[fromitem]\n|-start|p2b: Flutter Mane|protosynthesisspe\n|turn|4\n|\n|t:|1700120186\n|move|p2b: Flutter Mane|Icy Wind|p1a: Heatran|[spread] p1a,p1b\n|-resisted|p1a: Heatran\n|-supereffective|p1b: Landorus\n|-damage|p1a: Heatran|92\/100\n|-damage|p1b: Landorus|56\/100\n|-unboost|p1a: Heatran|spe|1\n|-unboost|p1b: Landorus|spe|1\n|move|p2a: Landorus|Rock Slide|p1b: Landorus|[spread] p1a,p1b\n|-supereffective|p1b: Landorus\n|-damage|p1a: Heatran|81\/100\n|-damage|p1b: Landorus|27\/100\n|cant|p1b: Landorus|flinch\n|move|p1a: Heatran|Flash Cannon|p2b: Flutter Mane\n|-supereffective|p2b: Flutter Mane\n|-damage|p2b: Flutter Mane|0 fnt\n|faint|p2b: Flutter Mane\n|-end|p2b: Flutter Mane|Protosynthesis|[silent]\n|-damage|p1a: Heatran|71\/100|[from] item: Life Orb\n|\n|-heal|p1a: Heatran|77\/100|[from] Grassy Terrain\n|upkeep\n|turn|5\n|\n|t:|1700120210\n|move|p2a: Landorus|Rock Slide|p1a: Heatran|[spread] p1a,p1b\n|-supereffective|p1b: Landorus\n|-damage|p1a: Heatran|65\/100\n|-damage|p1b: Landorus|0 fnt\n|faint|p1b: Landorus\n|cant|p1a: Heatran|flinch\n|\n|-heal|p1a: Heatran|71\/100|[from] Grassy Terrain\n|upkeep\n|\n|t:|1700120219\n|switch|p1b: Flutter Mane|Flutter Mane, L50|34\/100\n|turn|6\n|-message|LUMPECTOMY forfeited.\n|\n|win|Vitalis24\n|raw|Vitalis24's rating: 1380 &rarr; <strong>1400<\/strong><br \/>(+20 for winning)\n|raw|LUMPECTOMY's rating: 1378 &rarr; <strong>1358<\/strong><br \/>(-20 for losing)\n|l|\u2606LUMPECTOMY\n","uploadtime":1700120225,"views":17,"p1id":"vitalis24","p2id":"lumpectomy","formatid":"gen9vgc2023regulatione","rating":1358,"private":0,"password":""}