{"id":"gen9vgc2023regulatione-1990166322","p1":"Kasmir7","p2":"Dalutiz","format":"[Gen 9] VGC 2023 Regulation E","log":"|j|\u2606Kasmir7\n|j|\u2606Dalutiz\n|t:|1699931925\n|gametype|doubles\n|player|p1|Kasmir7|depotagent|1095\n|player|p2|Dalutiz|norman|1118\n|teamsize|p1|6\n|teamsize|p2|6\n|gen|9\n|tier|[Gen 9] VGC 2023 Regulation E\n|rated|\n|rule|Species Clause: Limit one of each Pok\u00e9mon\n|rule|Item Clause: Limit one of each item\n|clearpoke\n|poke|p1|Golem-Alola, L50, F|\n|poke|p1|Rabsca, L50, F|\n|poke|p1|Dondozo, L50, F|\n|poke|p1|Ogerpon-Wellspring, L50, F|\n|poke|p1|Lilligant-Hisui, L50, F|\n|poke|p1|Torkoal, L50, F|\n|poke|p2|Dragonite, L50, M|\n|poke|p2|Chien-Pao, L50|\n|poke|p2|Urshifu-*, L50, F|\n|poke|p2|Rillaboom, L50, M|\n|poke|p2|Ogerpon-Hearthflame, L50, F|\n|poke|p2|Gothitelle, L50, F|\n|teampreview|4\n|j| GymLeader Avery\n|\n|t:|1699931977\n|start\n|switch|p1a: Golem|Golem-Alola, L50, F|100\/100\n|switch|p1b: Rabsca|Rabsca, L50, F|100\/100\n|switch|p2a: Nite|Dragonite, L50, M|100\/100\n|switch|p2b: Pao|Chien-Pao, L50|100\/100\n|-ability|p2b: Pao|Sword of Ruin\n|turn|1\n|\n|t:|1699932003\n|-terastallize|p2a: Nite|Normal\n|-terastallize|p1b: Rabsca|Fairy\n|move|p2b: Pao|Protect|p2b: Pao\n|-singleturn|p2b: Pao|Protect\n|move|p2a: Nite|Stomping Tantrum|p1a: Golem\n|-supereffective|p1a: Golem\n|-damage|p1a: Golem|0 fnt\n|faint|p1a: Golem\n|move|p1b: Rabsca|Trick Room|p1b: Rabsca\n|-fieldstart|move: Trick Room|[of] p1b: Rabsca\n|\n|upkeep\n|\n|t:|1699932015\n|switch|p1a: Torkoal|Torkoal, L50, F|100\/100\n|-weather|SunnyDay|[from] ability: Drought|[of] p1a: Torkoal\n|turn|2\n|\n|t:|1699932026\n|move|p2a: Nite|Extreme Speed|p1a: Torkoal\n|-damage|p1a: Torkoal|51\/100\n|move|p2b: Pao|Sucker Punch|p1a: Torkoal\n|-damage|p1a: Torkoal|13\/100\n|move|p1a: Torkoal|Eruption|p2a: Nite|[spread] p2a,p2b\n|-supereffective|p2b: Pao\n|-damage|p2a: Nite|94\/100\n|-damage|p2b: Pao|68\/100\n|move|p1b: Rabsca|Revival Blessing|p1b: Rabsca\n|-enditem|p1b: Rabsca|Leppa Berry|[eat]\n|-activate|p1b: Rabsca|item: Leppa Berry|Revival Blessing|[consumed]\n|\n|t:|1699932039\n|-heal|p1: Golem|50\/100|[from] move: Revival Blessing\n|\n|-weather|SunnyDay|[upkeep]\n|upkeep\n|turn|3\n|\n|t:|1699932055\n|move|p2a: Nite|Extreme Speed|p1a: Torkoal\n|-damage|p1a: Torkoal|0 fnt\n|faint|p1a: Torkoal\n|move|p2b: Pao|Sucker Punch||[still]\n|-fail|p2b: Pao\n|move|p1b: Rabsca|Recover||[still]\n|-fail|p1b: Rabsca|heal\n|\n|-weather|SunnyDay|[upkeep]\n|upkeep\n|\n|t:|1699932060\n|switch|p1a: Golem|Golem-Alola, L50, F|50\/100\n|turn|4\n|\n|t:|1699932069\n|move|p2a: Nite|Extreme Speed|p1a: Golem\n|-resisted|p1a: Golem\n|-damage|p1a: Golem|26\/100\n|move|p2b: Pao|Sucker Punch|p1a: Golem\n|-damage|p1a: Golem|0 fnt\n|faint|p1a: Golem\n|move|p1b: Rabsca|Revival Blessing|p1b: Rabsca\n|\n|t:|1699932077\n|-heal|p1: Golem|50\/100|[from] move: Revival Blessing\n|\n|-weather|SunnyDay|[upkeep]\n|upkeep\n|switch|p1a: Golem|Golem-Alola, L50, F|50\/100\n|turn|5\n|c| GymLeader Avery|bro is trying to cook and its not working\n|\n|t:|1699932091\n|move|p2a: Nite|Extreme Speed|p1a: Golem\n|-resisted|p1a: Golem\n|-damage|p1a: Golem|28\/100\n|move|p2b: Pao|Sucker Punch|p1a: Golem\n|-damage|p1a: Golem|0 fnt\n|faint|p1a: Golem\n|move|p1b: Rabsca|Recover||[still]\n|-fail|p1b: Rabsca|heal\n|\n|-weather|SunnyDay|[upkeep]\n|-fieldend|move: Trick Room\n|upkeep\n|\n|t:|1699932120\n|switch|p1a: Lilligant|Lilligant-Hisui, L50, F|100\/100\n|turn|6\n|-message|Kasmir7 forfeited.\n|\n|win|Dalutiz\n|raw|Kasmir7's rating: 1095 &rarr; <strong>1072<\/strong><br \/>(-23 for losing)\n|raw|Dalutiz's rating: 1118 &rarr; <strong>1141<\/strong><br \/>(+23 for winning)\n","uploadtime":1699932136,"views":12,"p1id":"kasmir7","p2id":"dalutiz","formatid":"gen9vgc2023regulatione","rating":1072,"private":0,"password":""}