{"id":"gen9vgc2023regulatione-1996166695","p1":"Nightmare_King_VGC","p2":"Johnnychiou36","format":"[Gen 9] VGC 2023 Regulation E","log":"|j|\u2606Nightmare_King_VGC\n|j|\u2606Johnnychiou36\n|t:|1700653988\n|gametype|doubles\n|player|p1|Nightmare_King_VGC|veteranf|1604\n|player|p2|Johnnychiou36|lillie|1641\n|teamsize|p1|6\n|teamsize|p2|6\n|gen|9\n|tier|[Gen 9] VGC 2023 Regulation E\n|rated|\n|rule|Species Clause: Limit one of each Pok\u00e9mon\n|rule|Item Clause: Limit one of each item\n|clearpoke\n|poke|p1|Dondozo, L50, F|\n|poke|p1|Tatsugiri, L50, F|\n|poke|p1|Ogerpon-Hearthflame, L50, F|\n|poke|p1|Iron Hands, L50|\n|poke|p1|Ninetales-Alola, L50, F|\n|poke|p1|Glimmora, L50, M|\n|poke|p2|Indeedee-F, L50, F|\n|poke|p2|Armarouge, L50, M|\n|poke|p2|Hatterene, L50, F|\n|poke|p2|Ursaluna, L50, M|\n|poke|p2|Lilligant-Hisui, L50, F|\n|poke|p2|Torkoal, L50, M|\n|teampreview|4\n|\n|t:|1700654019\n|start\n|switch|p1a: Glimmora|Glimmora, L50, M|100\/100\n|switch|p1b: Ogerpon|Ogerpon-Hearthflame, L50, F|100\/100\n|switch|p2a: \u70e4\u68c9\u82b1\u7cd6|Indeedee-F, L50, F|100\/100\n|switch|p2b: \u9ed1\u99ac\u738b\u5b50|Armarouge, L50, M, shiny|100\/100\n|-ability|p1b: Ogerpon|Mold Breaker\n|-fieldstart|move: Psychic Terrain|[from] ability: Psychic Surge|[of] p2a: \u70e4\u68c9\u82b1\u7cd6\n|-enditem|p2a: \u70e4\u68c9\u82b1\u7cd6|Psychic Seed\n|-boost|p2a: \u70e4\u68c9\u82b1\u7cd6|spd|1|[from] item: Psychic Seed\n|turn|1\n|j| El Gringo 10.000\n|\n|t:|1700654047\n|move|p2b: \u9ed1\u99ac\u738b\u5b50|Protect|p2b: \u9ed1\u99ac\u738b\u5b50\n|-singleturn|p2b: \u9ed1\u99ac\u738b\u5b50|Protect\n|move|p1b: Ogerpon|Ivy Cudgel|p2a: \u70e4\u68c9\u82b1\u7cd6|[anim] Ivy Cudgel Fire\n|-damage|p2a: \u70e4\u68c9\u82b1\u7cd6|47\/100\n|move|p1a: Glimmora|Power Gem|p2b: \u9ed1\u99ac\u738b\u5b50\n|-activate|p2b: \u9ed1\u99ac\u738b\u5b50|move: Protect\n|move|p2a: \u70e4\u68c9\u82b1\u7cd6|Trick Room|p2a: \u70e4\u68c9\u82b1\u7cd6\n|-fieldstart|move: Trick Room|[of] p2a: \u70e4\u68c9\u82b1\u7cd6\n|\n|upkeep\n|turn|2\n|\n|t:|1700654077\n|move|p1b: Ogerpon|Spiky Shield|p1b: Ogerpon\n|-singleturn|p1b: Ogerpon|move: Protect\n|move|p2b: \u9ed1\u99ac\u738b\u5b50|Expanding Force|p1b: Ogerpon|[spread] p1a\n|-activate|p1b: Ogerpon|move: Protect\n|-supereffective|p1a: Glimmora\n|-enditem|p1a: Glimmora|Focus Sash\n|-damage|p1a: Glimmora|1\/100\n|-damage|p2b: \u9ed1\u99ac\u738b\u5b50|91\/100|[from] item: Life Orb\n|move|p2a: \u70e4\u68c9\u82b1\u7cd6|Dazzling Gleam|p1b: Ogerpon|[spread] p1a\n|-activate|p1b: Ogerpon|move: Protect\n|-resisted|p1a: Glimmora\n|-damage|p1a: Glimmora|0 fnt\n|faint|p1a: Glimmora\n|\n|upkeep\n|\n|t:|1700654090\n|switch|p1a: Dondozo|Dondozo, L50, F|100\/100\n|turn|3\n|\n|t:|1700654098\n|switch|p1b: Tatsugiri|Tatsugiri, L50, F|100\/100\n|-activate|p1b: Tatsugiri|ability: Commander|[of] p1a: Dondozo\n|-boost|p1a: Dondozo|atk|2\n|-boost|p1a: Dondozo|spa|2\n|-boost|p1a: Dondozo|spe|2\n|-boost|p1a: Dondozo|def|2\n|-boost|p1a: Dondozo|spd|2\n|move|p2a: \u70e4\u68c9\u82b1\u7cd6|Helping Hand|p2b: \u9ed1\u99ac\u738b\u5b50\n|-singleturn|p2b: \u9ed1\u99ac\u738b\u5b50|Helping Hand|[of] p2a: \u70e4\u68c9\u82b1\u7cd6\n|move|p2b: \u9ed1\u99ac\u738b\u5b50|Expanding Force|p1b: Tatsugiri|[spread] p1a\n|-miss|p2b: \u9ed1\u99ac\u738b\u5b50|p1b: Tatsugiri\n|-damage|p1a: Dondozo|27\/100\n|-damage|p2b: \u9ed1\u99ac\u738b\u5b50|81\/100|[from] item: Life Orb\n|move|p1a: Dondozo|Earthquake|p2b: \u9ed1\u99ac\u738b\u5b50|[spread] p2a,p2b\n|-miss|p1a: Dondozo|p1b: Tatsugiri\n|-supereffective|p2b: \u9ed1\u99ac\u738b\u5b50\n|-damage|p2a: \u70e4\u68c9\u82b1\u7cd6|7\/100\n|-damage|p2b: \u9ed1\u99ac\u738b\u5b50|0 fnt\n|faint|p2b: \u9ed1\u99ac\u738b\u5b50\n|\n|-heal|p1a: Dondozo|33\/100|[from] item: Leftovers\n|upkeep\n|\n|t:|1700654114\n|switch|p2b: \u767d\u96ea\u516c\u4e3b|Hatterene, L50, F, shiny|100\/100\n|turn|4\n|\n|t:|1700654132\n|move|p1a: Dondozo|Protect|p1a: Dondozo\n|-singleturn|p1a: Dondozo|Protect\n|move|p2b: \u767d\u96ea\u516c\u4e3b|Trick Room|p2b: \u767d\u96ea\u516c\u4e3b\n|-fieldend|move: Trick Room\n|move|p2a: \u70e4\u68c9\u82b1\u7cd6|Trick Room|p2a: \u70e4\u68c9\u82b1\u7cd6\n|-fieldstart|move: Trick Room|[of] p2a: \u70e4\u68c9\u82b1\u7cd6\n|\n|-heal|p1a: Dondozo|40\/100|[from] item: Leftovers\n|upkeep\n|turn|5\n|\n|t:|1700654138\n|move|p2a: \u70e4\u68c9\u82b1\u7cd6|Helping Hand|p2b: \u767d\u96ea\u516c\u4e3b\n|-singleturn|p2b: \u767d\u96ea\u516c\u4e3b|Helping Hand|[of] p2a: \u70e4\u68c9\u82b1\u7cd6\n|move|p2b: \u767d\u96ea\u516c\u4e3b|Psychic|p1a: Dondozo\n|-damage|p1a: Dondozo|0 fnt\n|faint|p1a: Dondozo\n|\n|-fieldend|move: Psychic Terrain\n|upkeep\n|\n|t:|1700654144\n|switch|p1a: Ogerpon|Ogerpon-Hearthflame, L50, F|100\/100\n|-ability|p1a: Ogerpon|Mold Breaker\n|turn|6\n|\n|t:|1700654164\n|-terastallize|p2b: \u767d\u96ea\u516c\u4e3b|Water\n|-terastallize|p1b: Tatsugiri|Steel\n|move|p2a: \u70e4\u68c9\u82b1\u7cd6|Helping Hand|p2b: \u767d\u96ea\u516c\u4e3b\n|-singleturn|p2b: \u767d\u96ea\u516c\u4e3b|Helping Hand|[of] p2a: \u70e4\u68c9\u82b1\u7cd6\n|move|p2b: \u767d\u96ea\u516c\u4e3b|Dazzling Gleam|p1a: Ogerpon|[spread] p1a,p1b\n|-resisted|p1a: Ogerpon\n|-resisted|p1b: Tatsugiri\n|-damage|p1a: Ogerpon|71\/100\n|-damage|p1b: Tatsugiri|62\/100\n|move|p1a: Ogerpon|Ivy Cudgel|p2b: \u767d\u96ea\u516c\u4e3b|[anim] Ivy Cudgel Fire\n|-resisted|p2b: \u767d\u96ea\u516c\u4e3b\n|-damage|p2b: \u767d\u96ea\u516c\u4e3b|69\/100\n|move|p1b: Tatsugiri|Muddy Water|p2b: \u767d\u96ea\u516c\u4e3b|[spread] p2a,p2b\n|-resisted|p2b: \u767d\u96ea\u516c\u4e3b\n|-damage|p2a: \u70e4\u68c9\u82b1\u7cd6|0 fnt\n|-damage|p2b: \u767d\u96ea\u516c\u4e3b|51\/100\n|faint|p2a: \u70e4\u68c9\u82b1\u7cd6\n|\n|upkeep\n|\n|t:|1700654168\n|switch|p2a: \u91d1\u8272\u5fcd\u8005\u9f9c|Torkoal, L50, M, shiny|100\/100\n|-weather|SunnyDay|[from] ability: Drought|[of] p2a: \u91d1\u8272\u5fcd\u8005\u9f9c\n|turn|7\n|\n|t:|1700654181\n|move|p2a: \u91d1\u8272\u5fcd\u8005\u9f9c|Eruption|p1b: Tatsugiri|[spread] p1a,p1b\n|-supereffective|p1b: Tatsugiri\n|-damage|p1a: Ogerpon|0 fnt\n|-damage|p1b: Tatsugiri|0 fnt\n|faint|p1a: Ogerpon\n|faint|p1b: Tatsugiri\n|\n|win|Johnnychiou36\n|raw|Nightmare_King_VGC's rating: 1604 &rarr; <strong>1586<\/strong><br \/>(-18 for losing)\n|raw|Johnnychiou36's rating: 1641 &rarr; <strong>1659<\/strong><br \/>(+18 for winning)\n","uploadtime":1700654191,"views":16,"p1id":"nightmarekingvgc","p2id":"johnnychiou36","formatid":"gen9vgc2023regulatione","rating":1586,"private":0,"password":""}