{"id":"gen9vgc2023regulatione-1994011673","p1":"tumabt0939","p2":"Meta warriors","format":"[Gen 9] VGC 2023 Regulation E","log":"|j|\u2606tumabt0939\n|j|\u2606Meta warriors\n|t:|1700393246\n|gametype|doubles\n|player|p1|tumabt0939|dragontamer|1085\n|player|p2|Meta warriors|penny|1142\n|teamsize|p1|6\n|teamsize|p2|6\n|gen|9\n|tier|[Gen 9] VGC 2023 Regulation E\n|rated|\n|rule|Species Clause: Limit one of each Pok\u00e9mon\n|rule|Item Clause: Limit one of each item\n|clearpoke\n|poke|p1|Sinistcha-Masterpiece, L50|\n|poke|p1|Ogerpon-Wellspring, L50, F|\n|poke|p1|Mienshao, L50, M|\n|poke|p1|Kingambit, L50, F|\n|poke|p1|Milotic, L50, F|\n|poke|p1|Gliscor, L50, F|\n|poke|p2|Ogerpon-Hearthflame, L50, F|\n|poke|p2|Torkoal, L50, F|\n|poke|p2|Flutter Mane, L50|\n|poke|p2|Chien-Pao, L50|\n|poke|p2|Great Tusk, L50|\n|poke|p2|Sneasler, L50, F|\n|teampreview|4\n|inactive|Battle timer is ON: inactive players will automatically lose when time's up. (requested by Meta warriors)\n|inactive|Meta warriors has 60 seconds left.\n|\n|t:|1700393283\n|start\n|switch|p1a: Ogerpon|Ogerpon-Wellspring, L50, F|100\/100\n|switch|p1b: Milotic|Milotic, L50, F|100\/100\n|switch|p2a: Ogerpon|Ogerpon-Hearthflame, L50, F|100\/100\n|switch|p2b: Torkoal|Torkoal, L50, F|100\/100\n|-ability|p2a: Ogerpon|Mold Breaker\n|-weather|SunnyDay|[from] ability: Drought|[of] p2b: Torkoal\n|turn|1\n|\n|t:|1700393298\n|move|p1a: Ogerpon|Spiky Shield|p1a: Ogerpon\n|-singleturn|p1a: Ogerpon|move: Protect\n|move|p2a: Ogerpon|Swords Dance|p2a: Ogerpon\n|-boost|p2a: Ogerpon|atk|2\n|move|p1b: Milotic|Surf|p2a: Ogerpon|[spread] p2a,p2b\n|-activate|p1a: Ogerpon|move: Protect\n|-supereffective|p2b: Torkoal\n|-damage|p2a: Ogerpon|86\/100\n|-damage|p2b: Torkoal|72\/100\n|move|p2b: Torkoal|Eruption|p1b: Milotic|[spread] p1b\n|-activate|p1a: Ogerpon|move: Protect\n|-resisted|p1b: Milotic\n|-damage|p1b: Milotic|82\/100\n|\n|-weather|SunnyDay|[upkeep]\n|upkeep\n|turn|2\n|\n|t:|1700393320\n|move|p2a: Ogerpon|Horn Leech|p1b: Milotic\n|-supereffective|p1b: Milotic\n|-damage|p1b: Milotic|0 fnt\n|-heal|p2a: Ogerpon|100\/100|[from] drain|[of] p1b: Milotic\n|faint|p1b: Milotic\n|move|p1a: Ogerpon|Ivy Cudgel|p2a: Ogerpon|[anim] Ivy Cudgel Water\n|-damage|p2a: Ogerpon|63\/100\n|move|p2b: Torkoal|Eruption|p1a: Ogerpon\n|-damage|p1a: Ogerpon|13\/100\n|\n|-weather|SunnyDay|[upkeep]\n|upkeep\n|\n|t:|1700393334\n|switch|p1b: Mienshao|Mienshao, L50, M|100\/100\n|turn|3\n|\n|t:|1700393347\n|-terastallize|p1a: Ogerpon|Water\n|detailschange|p1a: Ogerpon|Ogerpon-Wellspring-Tera, L50, F, tera:Water\n|-ability|p1a: Ogerpon|Embody Aspect (Wellspring)|boost\n|-boost|p1a: Ogerpon|spd|1\n|move|p1b: Mienshao|Wide Guard|p1b: Mienshao\n|-singleturn|p1b: Mienshao|Wide Guard\n|move|p2a: Ogerpon|Ivy Cudgel|p1b: Mienshao|[anim] Ivy Cudgel Fire\n|-damage|p1b: Mienshao|0 fnt\n|faint|p1b: Mienshao\n|move|p1a: Ogerpon|Ivy Cudgel|p2a: Ogerpon|[anim] Ivy Cudgel Water\n|-damage|p2a: Ogerpon|15\/100\n|move|p2b: Torkoal|Clear Smog|p1a: Ogerpon\n|-damage|p1a: Ogerpon|2\/100\n|-clearboost|p1a: Ogerpon\n|\n|-weather|SunnyDay|[upkeep]\n|upkeep\n|\n|t:|1700393366\n|switch|p1b: Gliscor|Gliscor, L50, F|100\/100\n|turn|4\n|c|\u2606Meta warriors|gg\n|\n|t:|1700393388\n|-terastallize|p2a: Ogerpon|Fire\n|detailschange|p2a: Ogerpon|Ogerpon-Hearthflame-Tera, L50, F, tera:Fire\n|-ability|p2a: Ogerpon|Embody Aspect (Hearthflame)|boost\n|-boost|p2a: Ogerpon|atk|1\n|move|p1a: Ogerpon|Spiky Shield|p1a: Ogerpon\n|-singleturn|p1a: Ogerpon|move: Protect\n|move|p2a: Ogerpon|Ivy Cudgel|p1b: Gliscor|[anim] Ivy Cudgel Fire\n|-damage|p1b: Gliscor|0 fnt\n|faint|p1b: Gliscor\n|move|p2b: Torkoal|Overheat|p1a: Ogerpon\n|-activate|p1a: Ogerpon|move: Protect\n|\n|-weather|SunnyDay|[upkeep]\n|upkeep\n|turn|5\n|-message|tumabt0939 forfeited.\n|\n|win|Meta warriors\n|raw|tumabt0939's rating: 1085 &rarr; <strong>1066<\/strong><br \/>(-19 for losing)\n|raw|Meta warriors's rating: 1142 &rarr; <strong>1163<\/strong><br \/>(+21 for winning)\n|l|\u2606tumabt0939\n","uploadtime":1700393401,"views":17,"p1id":"tumabt0939","p2id":"metawarriors","formatid":"gen9vgc2023regulatione","rating":1066,"private":0,"password":""}