{"id":"gen9vgc2023regulatione-2000074806","p1":"billyg91","p2":"aninjaporcupine","format":"[Gen 9] VGC 2023 Regulation E","log":"|j|\u2606billyg91\n|j|\u2606aninjaporcupine\n|t:|1701150093\n|gametype|doubles\n|player|p1|billyg91|102|1000\n|player|p2|aninjaporcupine|169|1042\n|teamsize|p1|6\n|teamsize|p2|6\n|gen|9\n|tier|[Gen 9] VGC 2023 Regulation E\n|rated|\n|rule|Species Clause: Limit one of each Pok\u00e9mon\n|rule|Item Clause: Limit one of each item\n|clearpoke\n|poke|p1|Espathra, L50, F|\n|poke|p1|Sableye, L50, M|\n|poke|p1|Iron Valiant, L50|\n|poke|p1|Wyrdeer, L50, F|\n|poke|p1|Milotic, L50, M|\n|poke|p1|Zapdos, L50|\n|poke|p2|Farigiraf, L50, F|\n|poke|p2|Tinkaton, L50, F|\n|poke|p2|Oranguru, L50, M|\n|poke|p2|Amoonguss, L50, F|\n|poke|p2|Torkoal, L50, F|\n|poke|p2|Tyranitar, L50, M|\n|teampreview|4\n|inactive|Battle timer is ON: inactive players will automatically lose when time's up. (requested by aninjaporcupine)\n|inactive|billyg91 has 60 seconds left.\n|inactive|aninjaporcupine has 60 seconds left.\n|\n|t:|1701150135\n|start\n|switch|p1a: Sableye|Sableye, L50, M|100\/100\n|switch|p1b: Iron Valiant|Iron Valiant, L50|100\/100\n|switch|p2a: Farigiraf|Farigiraf, L50, F|100\/100\n|switch|p2b: Tinkaton|Tinkaton, L50, F|100\/100\n|-ability|p2b: Tinkaton|Mold Breaker\n|-enditem|p1b: Iron Valiant|Booster Energy\n|-activate|p1b: Iron Valiant|ability: Quark Drive|[fromitem]\n|-start|p1b: Iron Valiant|quarkdrivespe\n|turn|1\n|\n|t:|1701150155\n|move|p2b: Tinkaton|Fake Out|p1b: Iron Valiant\n|-damage|p1b: Iron Valiant|84\/100\n|move|p1a: Sableye|Gravity|p1a: Sableye\n|-fieldstart|move: Gravity\n|cant|p1b: Iron Valiant|flinch\n|move|p2a: Farigiraf|Trick Room|p2a: Farigiraf\n|-fieldstart|move: Trick Room|[of] p2a: Farigiraf\n|\n|upkeep\n|turn|2\n|\n|t:|1701150176\n|move|p2a: Farigiraf|Protect|p2a: Farigiraf\n|-singleturn|p2a: Farigiraf|Protect\n|move|p1b: Iron Valiant|Protect|p1b: Iron Valiant\n|-singleturn|p1b: Iron Valiant|Protect\n|move|p2b: Tinkaton|Gigaton Hammer|p1a: Sableye\n|-damage|p1a: Sableye|18\/100\n|-enditem|p1a: Sableye|Sitrus Berry|[eat]\n|-heal|p1a: Sableye|43\/100|[from] item: Sitrus Berry\n|move|p1a: Sableye|Snarl|p2b: Tinkaton|[spread] p2b\n|-activate|p2a: Farigiraf|move: Protect\n|-resisted|p2b: Tinkaton\n|-damage|p2b: Tinkaton|96\/100\n|-unboost|p2b: Tinkaton|spa|1\n|\n|upkeep\n|turn|3\n|\n|t:|1701150197\n|switch|p1a: Wyrdeer|Wyrdeer, L50, F|100\/100\n|-ability|p1a: Wyrdeer|Intimidate|boost\n|-unboost|p2a: Farigiraf|atk|1\n|-unboost|p2b: Tinkaton|atk|1\n|-end|p1b: Iron Valiant|Quark Drive|[silent]\n|switch|p1b: Milotic|Milotic, L50, M, shiny|100\/100\n|move|p2b: Tinkaton|Protect|p2b: Tinkaton\n|-singleturn|p2b: Tinkaton|Protect\n|move|p2a: Farigiraf|Light Screen|p2a: Farigiraf\n|-sidestart|p2: aninjaporcupine|move: Light Screen\n|\n|upkeep\n|turn|4\n|\n|t:|1701150219\n|move|p2b: Tinkaton|Gigaton Hammer|p1b: Milotic\n|-resisted|p1b: Milotic\n|-damage|p1b: Milotic|80\/100\n|move|p2a: Farigiraf|Dazzling Gleam|p1b: Milotic|[spread] p1a,p1b\n|-damage|p1a: Wyrdeer|87\/100\n|-damage|p1b: Milotic|70\/100\n|move|p1a: Wyrdeer|Skill Swap|p2b: Tinkaton\n|-activate|p1a: Wyrdeer|move: Skill Swap|Mold Breaker|Intimidate|[of] p2b: Tinkaton\n|-ability|p1a: Wyrdeer|Mold Breaker\n|-ability|p2b: Tinkaton|Intimidate|boost\n|-unboost|p1a: Wyrdeer|atk|1\n|-unboost|p1b: Milotic|atk|1\n|-ability|p1b: Milotic|Competitive|boost\n|-boost|p1b: Milotic|spa|2\n|move|p1b: Milotic|Hypnosis|p2b: Tinkaton\n|-status|p2b: Tinkaton|slp|[from] move: Hypnosis\n|\n|-heal|p1b: Milotic|76\/100|[from] item: Leftovers\n|upkeep\n|turn|5\n|inactive|billyg91 has 30 seconds left.\n|\n|t:|1701150254\n|switch|p2b: Amoonguss|Amoonguss, L50, F|100\/100\n|move|p2a: Farigiraf|Protect|p2a: Farigiraf\n|-singleturn|p2a: Farigiraf|Protect\n|move|p1a: Wyrdeer|Psyshield Bash|p2a: Farigiraf\n|-activate|p2a: Farigiraf|move: Protect\n|move|p1b: Milotic|Scald|p2a: Farigiraf\n|-activate|p2a: Farigiraf|move: Protect\n|\n|-heal|p1b: Milotic|82\/100|[from] item: Leftovers\n|-fieldend|move: Trick Room\n|-fieldend|move: Gravity\n|upkeep\n|turn|6\n|c|\u2606aninjaporcupine|um\n|c|\u2606aninjaporcupine|what just happened\n|inactive|billyg91 has 30 seconds left.\n|\n|t:|1701150283\n|move|p2b: Amoonguss|Protect|p2b: Amoonguss\n|-singleturn|p2b: Amoonguss|Protect\n|move|p1b: Milotic|Icy Wind|p2b: Amoonguss|[spread] p2a\n|-activate|p2b: Amoonguss|move: Protect\n|-damage|p2a: Farigiraf|90\/100\n|-unboost|p2a: Farigiraf|spe|1\n|move|p1a: Wyrdeer|Psyshield Bash|p2b: Amoonguss\n|-activate|p2b: Amoonguss|move: Protect\n|move|p2a: Farigiraf|Trick Room|p2a: Farigiraf\n|-fieldstart|move: Trick Room|[of] p2a: Farigiraf\n|\n|-heal|p1b: Milotic|88\/100|[from] item: Leftovers\n|upkeep\n|turn|7\n|inactive|aninjaporcupine has 30 seconds left.\n|\n|t:|1701150315\n|switch|p2a: Torkoal|Torkoal, L50, F|100\/100\n|-weather|SunnyDay|[from] ability: Drought|[of] p2a: Torkoal\n|move|p2b: Amoonguss|Spore|p1b: Milotic\n|-status|p1b: Milotic|slp|[from] move: Spore\n|cant|p1b: Milotic|slp\n|move|p1a: Wyrdeer|Trick Room|p1a: Wyrdeer\n|-fieldend|move: Trick Room\n|\n|-weather|SunnyDay|[upkeep]\n|-heal|p1b: Milotic|94\/100 slp|[from] item: Leftovers\n|-sideend|p2: aninjaporcupine|move: Light Screen\n|upkeep\n|turn|8\n|\n|t:|1701150340\n|move|p2b: Amoonguss|Rage Powder|p2b: Amoonguss\n|-singleturn|p2b: Amoonguss|move: Rage Powder\n|-curestatus|p1b: Milotic|slp|[msg]\n|move|p1b: Milotic|Coil|p1b: Milotic\n|-boost|p1b: Milotic|atk|1\n|-boost|p1b: Milotic|def|1\n|-boost|p1b: Milotic|accuracy|1\n|move|p1a: Wyrdeer|Psyshield Bash|p2b: Amoonguss\n|-supereffective|p2b: Amoonguss\n|-damage|p2b: Amoonguss|68\/100\n|-boost|p1a: Wyrdeer|def|1\n|move|p2a: Torkoal|Eruption|p1a: Wyrdeer|[spread] p1a,p1b\n|-resisted|p1b: Milotic\n|-damage|p1a: Wyrdeer|25\/100\n|-damage|p1b: Milotic|69\/100\n|\n|-weather|SunnyDay|[upkeep]\n|-heal|p1b: Milotic|75\/100|[from] item: Leftovers\n|-heal|p2b: Amoonguss|74\/100|[from] item: Black Sludge\n|upkeep\n|turn|9\n|inactive|billyg91 has 30 seconds left.\n|\n|t:|1701150371\n|move|p2b: Amoonguss|Protect|p2b: Amoonguss\n|-singleturn|p2b: Amoonguss|Protect\n|move|p1b: Milotic|Hypnosis|p2a: Torkoal\n|-status|p2a: Torkoal|slp|[from] move: Hypnosis\n|move|p1a: Wyrdeer|Psyshield Bash|p2a: Torkoal\n|-damage|p2a: Torkoal|86\/100 slp\n|-boost|p1a: Wyrdeer|def|1\n|cant|p2a: Torkoal|slp\n|\n|-weather|SunnyDay|[upkeep]\n|-heal|p1b: Milotic|81\/100|[from] item: Leftovers\n|-heal|p2b: Amoonguss|80\/100|[from] item: Black Sludge\n|upkeep\n|turn|10\n|\n|t:|1701150394\n|move|p1b: Milotic|Icy Wind|p2a: Torkoal|[spread] p2a,p2b\n|-resisted|p2a: Torkoal\n|-supereffective|p2b: Amoonguss\n|-damage|p2a: Torkoal|77\/100 slp\n|-damage|p2b: Amoonguss|39\/100\n|-unboost|p2a: Torkoal|spe|1\n|-unboost|p2b: Amoonguss|spe|1\n|move|p1a: Wyrdeer|Psyshield Bash|p2b: Amoonguss\n|-supereffective|p2b: Amoonguss\n|-damage|p2b: Amoonguss|11\/100\n|-boost|p1a: Wyrdeer|def|1\n|move|p2b: Amoonguss|Spore|p1b: Milotic\n|-status|p1b: Milotic|slp|[from] move: Spore\n|-curestatus|p2a: Torkoal|slp|[msg]\n|move|p2a: Torkoal|Eruption|p1a: Wyrdeer|[spread] p1a,p1b\n|-resisted|p1b: Milotic\n|-damage|p1a: Wyrdeer|0 fnt\n|-damage|p1b: Milotic|65\/100 slp\n|faint|p1a: Wyrdeer\n|\n|-weather|SunnyDay|[upkeep]\n|-heal|p1b: Milotic|71\/100 slp|[from] item: Leftovers\n|-heal|p2b: Amoonguss|17\/100|[from] item: Black Sludge\n|upkeep\n|inactive|billyg91 has 30 seconds left.\n|inactive|billyg91 has 20 seconds left.\n|inactive|billyg91 has 15 seconds left.\n|inactive|billyg91 has 10 seconds left.\n|\n|t:|1701150439\n|switch|p1a: Sableye|Sableye, L50, M|43\/100\n|turn|11\n|\n|t:|1701150457\n|cant|p1b: Milotic|slp\n|move|p1a: Sableye|Snarl|p2b: Amoonguss|[spread] p2a,p2b\n|-damage|p2a: Torkoal|68\/100\n|-damage|p2b: Amoonguss|7\/100\n|-unboost|p2a: Torkoal|spa|1\n|-unboost|p2b: Amoonguss|spa|1\n|move|p2b: Amoonguss|Spore|p1a: Sableye\n|-status|p1a: Sableye|slp|[from] move: Spore\n|move|p2a: Torkoal|Clear Smog|p1b: Milotic\n|-crit|p1b: Milotic\n|-damage|p1b: Milotic|57\/100 slp\n|-clearboost|p1b: Milotic\n|\n|-weather|none\n|-heal|p1b: Milotic|63\/100 slp|[from] item: Leftovers\n|-heal|p2b: Amoonguss|13\/100|[from] item: Black Sludge\n|upkeep\n|turn|12\n|\n|t:|1701150481\n|cant|p1a: Sableye|slp\n|-curestatus|p1b: Milotic|slp|[msg]\n|move|p1b: Milotic|Coil|p1b: Milotic\n|-boost|p1b: Milotic|atk|1\n|-boost|p1b: Milotic|def|1\n|-boost|p1b: Milotic|accuracy|1\n|move|p2b: Amoonguss|Pollen Puff|p2a: Torkoal\n|-heal|p2a: Torkoal|100\/100\n|move|p2a: Torkoal|Eruption|p1a: Sableye|[spread] p1a,p1b\n|-resisted|p1b: Milotic\n|-damage|p1a: Sableye|2\/100 slp\n|-damage|p1b: Milotic|53\/100\n|\n|-heal|p1b: Milotic|59\/100|[from] item: Leftovers\n|-heal|p2b: Amoonguss|19\/100|[from] item: Black Sludge\n|upkeep\n|turn|13\n|inactive|billyg91 has 30 seconds left.\n|\n|t:|1701150509\n|move|p2b: Amoonguss|Rage Powder|p2b: Amoonguss\n|-singleturn|p2b: Amoonguss|move: Rage Powder\n|-curestatus|p1a: Sableye|slp|[msg]\n|move|p1a: Sableye|Gravity|p1a: Sableye\n|-fieldstart|move: Gravity\n|move|p1b: Milotic|Scald|p2b: Amoonguss\n|-resisted|p2b: Amoonguss\n|-damage|p2b: Amoonguss|4\/100\n|move|p2a: Torkoal|Eruption|p1a: Sableye|[spread] p1a,p1b\n|-resisted|p1b: Milotic\n|-damage|p1a: Sableye|0 fnt\n|-damage|p1b: Milotic|50\/100\n|faint|p1a: Sableye\n|\n|-heal|p1b: Milotic|56\/100|[from] item: Leftovers\n|-heal|p2b: Amoonguss|10\/100|[from] item: Black Sludge\n|upkeep\n|\n|t:|1701150526\n|switch|p1a: Iron Valiant|Iron Valiant, L50|84\/100\n|turn|14\n|\n|t:|1701150540\n|move|p1a: Iron Valiant|Hypnosis|p2b: Amoonguss\n|-status|p2b: Amoonguss|slp|[from] move: Hypnosis\n|move|p1b: Milotic|Hypnosis|p2a: Torkoal\n|-status|p2a: Torkoal|slp|[from] move: Hypnosis\n|cant|p2b: Amoonguss|slp\n|cant|p2a: Torkoal|slp\n|\n|-heal|p1b: Milotic|62\/100|[from] item: Leftovers\n|-heal|p2b: Amoonguss|16\/100 slp|[from] item: Black Sludge\n|upkeep\n|turn|15\n|\n|t:|1701150558\n|cant|p2b: Amoonguss|slp\n|move|p1a: Iron Valiant|Focus Blast|p2a: Torkoal\n|-damage|p2a: Torkoal|47\/100 slp\n|move|p1b: Milotic|Scald|p2a: Torkoal\n|-supereffective|p2a: Torkoal\n|-damage|p2a: Torkoal|0 fnt\n|faint|p2a: Torkoal\n|\n|-heal|p1b: Milotic|68\/100|[from] item: Leftovers\n|-heal|p2b: Amoonguss|22\/100 slp|[from] item: Black Sludge\n|upkeep\n|\n|t:|1701150570\n|switch|p2a: Farigiraf|Farigiraf, L50, F|90\/100\n|turn|16\n|\n|t:|1701150582\n|-curestatus|p2b: Amoonguss|slp|[msg]\n|move|p2b: Amoonguss|Rage Powder|p2b: Amoonguss\n|-singleturn|p2b: Amoonguss|move: Rage Powder\n|move|p1a: Iron Valiant|Hypnosis|p2b: Amoonguss\n|-status|p2b: Amoonguss|slp|[from] move: Hypnosis\n|move|p1b: Milotic|Icy Wind|p2a: Farigiraf|[spread] p2a,p2b\n|-supereffective|p2b: Amoonguss\n|-damage|p2a: Farigiraf|83\/100\n|-damage|p2b: Amoonguss|0 fnt\n|-unboost|p2a: Farigiraf|spe|1\n|faint|p2b: Amoonguss\n|move|p2a: Farigiraf|Trick Room|p2a: Farigiraf\n|-fieldstart|move: Trick Room|[of] p2a: Farigiraf\n|\n|-heal|p1b: Milotic|74\/100|[from] item: Leftovers\n|upkeep\n|\n|t:|1701150594\n|switch|p2b: Tinkaton|Tinkaton, L50, F|96\/100 slp\n|-ability|p2b: Tinkaton|Mold Breaker\n|turn|17\n|\n|t:|1701150606\n|move|p1a: Iron Valiant|Protect|p1a: Iron Valiant\n|-singleturn|p1a: Iron Valiant|Protect\n|move|p2a: Farigiraf|Dazzling Gleam|p1b: Milotic|[spread] p1b\n|-activate|p1a: Iron Valiant|move: Protect\n|-damage|p1b: Milotic|64\/100\n|cant|p2b: Tinkaton|slp\n|move|p1b: Milotic|Hypnosis|p2a: Farigiraf\n|-status|p2a: Farigiraf|slp|[from] move: Hypnosis\n|\n|-heal|p1b: Milotic|70\/100|[from] item: Leftovers\n|-fieldend|move: Gravity\n|upkeep\n|turn|18\n|inactive|billyg91 has 30 seconds left.\n|\n|t:|1701150626\n|cant|p2a: Farigiraf|slp\n|cant|p2b: Tinkaton|slp\n|move|p1b: Milotic|Scald|p2b: Tinkaton\n|-damage|p2b: Tinkaton|68\/100 slp\n|move|p1a: Iron Valiant|Focus Blast|p2b: Tinkaton\n|-damage|p2b: Tinkaton|14\/100 slp\n|\n|-heal|p1b: Milotic|76\/100|[from] item: Leftovers\n|upkeep\n|turn|19\n|inactive|billyg91 has 25 seconds left this turn.\n|inactive|billyg91 has 20 seconds left.\n|inactive|billyg91 has 15 seconds left.\n|inactive|billyg91 has 10 seconds left.\n|\n|t:|1701150645\n|move|p1a: Iron Valiant|Protect|p1a: Iron Valiant\n|-singleturn|p1a: Iron Valiant|Protect\n|cant|p2a: Farigiraf|slp\n|-curestatus|p2b: Tinkaton|slp|[msg]\n|move|p2b: Tinkaton|Gigaton Hammer|p1a: Iron Valiant\n|-activate|p1a: Iron Valiant|move: Protect\n|move|p1b: Milotic|Scald|p2b: Tinkaton\n|-damage|p2b: Tinkaton|0 fnt\n|faint|p2b: Tinkaton\n|\n|-heal|p1b: Milotic|82\/100|[from] item: Leftovers\n|upkeep\n|turn|20\n|inactive|billyg91 has 10 seconds left this turn.\n|inactive|billyg91 has 5 seconds left.\n|-message|billyg91 lost due to inactivity.\n|\n|win|aninjaporcupine\n|raw|billyg91's rating: 1000 &rarr; <strong>1000<\/strong><br \/>(+0 for losing)\n|raw|aninjaporcupine's rating: 1042 &rarr; <strong>1072<\/strong><br \/>(+30 for winning)\n|l|\u2606aninjaporcupine\n|l|\u2606billyg91\n|j|\u2606billyg91\n|player|p1|billyg91|102\n","uploadtime":1701150743,"views":5,"p1id":"billyg91","p2id":"aninjaporcupine","formatid":"gen9vgc2023regulatione","rating":1000,"private":0,"password":""}