{"id":"gen9vgc2023regulatione-1994524260","p1":"Fox Nico nii","p2":"Aki nakaha","format":"[Gen 9] VGC 2023 Regulation E","log":"|j|\u2606Fox Nico nii\n|j|\u2606Aki nakaha\n|t:|1700454414\n|gametype|doubles\n|player|p1|Fox Nico nii|rosa|1254\n|player|p2|Aki nakaha|iris-gen5bw2|1289\n|teamsize|p1|6\n|teamsize|p2|6\n|gen|9\n|tier|[Gen 9] VGC 2023 Regulation E\n|rated|\n|rule|Species Clause: Limit one of each Pok\u00e9mon\n|rule|Item Clause: Limit one of each item\n|clearpoke\n|poke|p1|Sneasler, L50, M|\n|poke|p1|Armarouge, L50, M|\n|poke|p1|Indeedee-F, L50, F|\n|poke|p1|Urshifu-*, L50, M|\n|poke|p1|Tornadus, L50, M|\n|poke|p1|Amoonguss, L50, M|\n|poke|p2|Ursaluna, L50, M|\n|poke|p2|Cresselia, L50, F|\n|poke|p2|Dragonite, L50, F|\n|poke|p2|Tornadus, L50, M|\n|poke|p2|Flutter Mane, L50|\n|poke|p2|Chien-Pao, L50|\n|teampreview|4\n|\n|t:|1700454455\n|start\n|switch|p1a: Tornadus|Tornadus, L50, M|100\/100\n|switch|p1b: Urshifu|Urshifu, L50, M|100\/100\n|switch|p2a: Cresselia|Cresselia, L50, F|100\/100\n|switch|p2b: Chien-Pao|Chien-Pao, L50|100\/100\n|-ability|p2b: Chien-Pao|Sword of Ruin\n|turn|1\n|inactive|Battle timer is ON: inactive players will automatically lose when time's up. (requested by Aki nakaha)\n|\n|t:|1700454480\n|-terastallize|p1b: Urshifu|Poison\n|-terastallize|p2a: Cresselia|Fairy\n|move|p1a: Tornadus|Tailwind|p1a: Tornadus\n|-sidestart|p1: Fox Nico nii|move: Tailwind\n|move|p1b: Urshifu|Wicked Blow|p2b: Chien-Pao\n|-resisted|p2b: Chien-Pao\n|-crit|p2b: Chien-Pao\n|-damage|p2b: Chien-Pao|36\/100\n|move|p2b: Chien-Pao|Sacred Sword|p1b: Urshifu\n|-resisted|p1b: Urshifu\n|-damage|p1b: Urshifu|74\/100\n|-damage|p2b: Chien-Pao|27\/100|[from] item: Life Orb\n|move|p2a: Cresselia|Trick Room|p2a: Cresselia\n|-fieldstart|move: Trick Room|[of] p2a: Cresselia\n|\n|upkeep\n|turn|2\n|\n|t:|1700454502\n|switch|p1b: Amoonguss|Amoonguss, L50, M|100\/100\n|move|p2b: Chien-Pao|Sucker Punch||[still]\n|-fail|p2b: Chien-Pao\n|move|p1a: Tornadus|Taunt|p2a: Cresselia\n|-start|p2a: Cresselia|move: Taunt\n|-enditem|p2a: Cresselia|Mental Herb\n|-end|p2a: Cresselia|move: Taunt\n|move|p2a: Cresselia|Moonblast|p1a: Tornadus\n|-damage|p1a: Tornadus|78\/100\n|\n|upkeep\n|turn|3\n|\n|t:|1700454525\n|move|p2a: Cresselia|Protect|p2a: Cresselia\n|-singleturn|p2a: Cresselia|Protect\n|move|p1a: Tornadus|Taunt|p2a: Cresselia\n|-activate|p2a: Cresselia|move: Protect\n|move|p1b: Amoonguss|Pollen Puff|p2b: Chien-Pao\n|-supereffective|p2b: Chien-Pao\n|-damage|p2b: Chien-Pao|0 fnt\n|faint|p2b: Chien-Pao\n|\n|upkeep\n|\n|t:|1700454541\n|switch|p2b: Flutter Mane|Flutter Mane, L50|100\/100\n|-enditem|p2b: Flutter Mane|Booster Energy\n|-activate|p2b: Flutter Mane|ability: Protosynthesis|[fromitem]\n|-start|p2b: Flutter Mane|protosynthesisspa\n|turn|4\n|\n|t:|1700454555\n|switch|p2a: Ursaluna|Ursaluna, L50, M|100\/100\n|move|p1a: Tornadus|Protect|p1a: Tornadus\n|-singleturn|p1a: Tornadus|Protect\n|move|p1b: Amoonguss|Spore|p2a: Ursaluna\n|-status|p2a: Ursaluna|slp|[from] move: Spore\n|move|p2b: Flutter Mane|Thunderbolt|p1a: Tornadus\n|-activate|p1a: Tornadus|move: Protect\n|\n|-sideend|p1: Fox Nico nii|move: Tailwind\n|upkeep\n|turn|5\n|\n|t:|1700454571\n|move|p2b: Flutter Mane|Protect|p2b: Flutter Mane\n|-singleturn|p2b: Flutter Mane|Protect\n|move|p1a: Tornadus|Tailwind|p1a: Tornadus\n|-sidestart|p1: Fox Nico nii|move: Tailwind\n|cant|p2a: Ursaluna|slp\n|move|p1b: Amoonguss|Spore|p2b: Flutter Mane\n|-activate|p2b: Flutter Mane|move: Protect\n|\n|-fieldend|move: Trick Room\n|upkeep\n|turn|6\n|\n|t:|1700454589\n|switch|p1a: Urshifu|Urshifu, L50, M, tera:Poison|74\/100\n|move|p2b: Flutter Mane|Thunderbolt|p1a: Urshifu\n|-damage|p1a: Urshifu|4\/100\n|move|p1b: Amoonguss|Spore|p2b: Flutter Mane\n|-status|p2b: Flutter Mane|slp|[from] move: Spore\n|cant|p2a: Ursaluna|slp\n|\n|upkeep\n|turn|7\n|\n|t:|1700454608\n|move|p1a: Urshifu|Close Combat|p2a: Ursaluna\n|-supereffective|p2a: Ursaluna\n|-damage|p2a: Ursaluna|0 fnt\n|-unboost|p1a: Urshifu|def|1\n|-unboost|p1a: Urshifu|spd|1\n|faint|p2a: Ursaluna\n|cant|p2b: Flutter Mane|slp\n|move|p1b: Amoonguss|Pollen Puff|p1a: Urshifu\n|-heal|p1a: Urshifu|54\/100\n|\n|upkeep\n|\n|t:|1700454618\n|switch|p2a: Cresselia|Cresselia, L50, F, tera:Fairy|100\/100\n|turn|8\n|\n|t:|1700454639\n|switch|p1a: Sneasler|Sneasler, L50, M|100\/100\n|cant|p2b: Flutter Mane|slp\n|move|p1b: Amoonguss|Spore|p2a: Cresselia\n|-status|p2a: Cresselia|slp|[from] move: Spore\n|cant|p2a: Cresselia|slp\n|\n|-sideend|p1: Fox Nico nii|move: Tailwind\n|upkeep\n|turn|9\n|inactive|Aki nakaha has 30 seconds left.\n|inactive|Aki nakaha has 20 seconds left.\n|inactive|Aki nakaha has 15 seconds left.\n|inactive|Aki nakaha has 10 seconds left.\n|inactive|Aki nakaha has 5 seconds left.\n|\n|t:|1700454694\n|move|p1b: Amoonguss|Rage Powder|p1b: Amoonguss\n|-singleturn|p1b: Amoonguss|move: Rage Powder\n|move|p1a: Sneasler|Dire Claw|p2a: Cresselia\n|-supereffective|p2a: Cresselia\n|-damage|p2a: Cresselia|40\/100 slp\n|-curestatus|p2b: Flutter Mane|slp|[msg]\n|move|p2b: Flutter Mane|Dazzling Gleam|p1a: Sneasler|[spread] p1a,p1b\n|-resisted|p1b: Amoonguss\n|-damage|p1a: Sneasler|40\/100\n|-damage|p1b: Amoonguss|80\/100\n|-curestatus|p2a: Cresselia|slp|[msg]\n|move|p2a: Cresselia|Lunar Blessing|p2a: Cresselia|[spread] p2a,p2b\n|-heal|p2a: Cresselia|65\/100\n|\n|upkeep\n|turn|10\n|inactive|Aki nakaha has 30 seconds left.\n|inactive|Aki nakaha has 20 seconds left.\n|inactive|Aki nakaha has 15 seconds left.\n|inactive|Aki nakaha has 10 seconds left.\n|inactive|Aki nakaha has 5 seconds left.\n|\n|t:|1700454746\n|move|p2a: Cresselia|Protect|p2a: Cresselia\n|-singleturn|p2a: Cresselia|Protect\n|move|p1a: Sneasler|Dire Claw|p2a: Cresselia\n|-activate|p2a: Cresselia|move: Protect\n|move|p2b: Flutter Mane|Dazzling Gleam|p1b: Amoonguss|[spread] p1a,p1b\n|-resisted|p1b: Amoonguss\n|-damage|p1a: Sneasler|0 fnt\n|-damage|p1b: Amoonguss|58\/100\n|faint|p1a: Sneasler\n|move|p1b: Amoonguss|Spore|p2b: Flutter Mane\n|-status|p2b: Flutter Mane|slp|[from] move: Spore\n|\n|upkeep\n|\n|t:|1700454759\n|switch|p1a: Urshifu|Urshifu, L50, M, tera:Poison|54\/100\n|turn|11\n|\n|t:|1700454773\n|cant|p2b: Flutter Mane|slp\n|move|p1a: Urshifu|Wicked Blow|p2b: Flutter Mane\n|-crit|p2b: Flutter Mane\n|-damage|p2b: Flutter Mane|0 fnt\n|faint|p2b: Flutter Mane\n|-end|p2b: Flutter Mane|Protosynthesis|[silent]\n|move|p2a: Cresselia|Lunar Blessing|p2a: Cresselia\n|-heal|p2a: Cresselia|90\/100\n|move|p1b: Amoonguss|Spore|p2a: Cresselia\n|-status|p2a: Cresselia|slp|[from] move: Spore\n|\n|upkeep\n|turn|12\n|inactive|Aki nakaha has 30 seconds left.\n|inactive|Aki nakaha has 20 seconds left.\n|inactive|Aki nakaha has 15 seconds left.\n|inactive|Aki nakaha has 10 seconds left.\n|inactive|Aki nakaha has 5 seconds left.\n|\n|t:|1700454828\n|switch|p1a: Tornadus|Tornadus, L50, M|78\/100\n|cant|p2a: Cresselia|slp\n|move|p1b: Amoonguss|Clear Smog|p2a: Cresselia\n|-supereffective|p2a: Cresselia\n|-damage|p2a: Cresselia|73\/100 slp\n|-clearboost|p2a: Cresselia\n|\n|upkeep\n|turn|13\n|inactive|Aki nakaha has 30 seconds left.\n|inactive|Aki nakaha has 20 seconds left.\n|inactive|Aki nakaha has 15 seconds left.\n|inactive|Aki nakaha has 10 seconds left.\n|inactive|Aki nakaha has 5 seconds left.\n|\n|t:|1700454883\n|switch|p1b: Urshifu|Urshifu, L50, M, tera:Poison|54\/100\n|move|p1a: Tornadus|Taunt|p2a: Cresselia\n|-start|p2a: Cresselia|move: Taunt\n|-curestatus|p2a: Cresselia|slp|[msg]\n|cant|p2a: Cresselia|move: Taunt|Lunar Blessing\n|\n|upkeep\n|turn|14\n|inactive|Aki nakaha has 30 seconds left.\n|inactive|Aki nakaha has 20 seconds left.\n|inactive|Aki nakaha has 15 seconds left.\n|inactive|Aki nakaha has 10 seconds left.\n|inactive|Aki nakaha has 5 seconds left.\n|\n|t:|1700454938\n|switch|p1a: Amoonguss|Amoonguss, L50, M|91\/100\n|move|p1b: Urshifu|Poison Jab|p2a: Cresselia\n|-supereffective|p2a: Cresselia\n|-damage|p2a: Cresselia|0 fnt\n|faint|p2a: Cresselia\n|\n|win|Fox Nico nii\n|inactive|Aki nakaha has 10 seconds left this turn.\n|raw|Fox Nico nii's rating: 1254 &rarr; <strong>1282<\/strong><br \/>(+28 for winning)\n|raw|Aki nakaha's rating: 1289 &rarr; <strong>1261<\/strong><br \/>(-28 for losing)\n","uploadtime":1700454959,"views":8,"p1id":"foxniconii","p2id":"akinakaha","formatid":"gen9vgc2023regulatione","rating":1261,"private":0,"password":""}