{"id":"gen9vgc2023regulatione-1989358652","p1":"GrovePlaysGames","p2":"PokeKidMax","format":"[Gen 9] VGC 2023 Regulation E","log":"|j|\u2606GrovePlaysGames\n|j|\u2606PokeKidMax\n|n|\u2606GrovePlaysGames|groveplaysgames\n|n|\u2606PokeKidMax|pokekidmax\n|html|View the match progress at <a href=\"\/game-bestof3-gen9vgc2023regulatione-1989358651\">game-bestof3-gen9vgc2023regulatione-1989358651<\/a>\n|t:|1699840422\n|gametype|doubles\n|player|p1|GrovePlaysGames|hilda|\n|player|p2|PokeKidMax|1|\n|teamsize|p1|6\n|teamsize|p2|6\n|gen|9\n|tier|[Gen 9] VGC 2023 Regulation E\n|rule|Species Clause: Limit one of each Pok\u00e9mon\n|rule|Item Clause: Limit one of each item\n|clearpoke\n|poke|p1|Kingambit, L50, F|\n|poke|p1|Torkoal, L50, M|\n|poke|p1|Indeedee-F, L50, F|\n|poke|p1|Armarouge, L50, F|\n|poke|p1|Lilligant-Hisui, L50, F|\n|poke|p1|Arcanine-Hisui, L50, F|\n|poke|p2|Annihilape, L50, M|\n|poke|p2|Maushold, L50|\n|poke|p2|Dondozo, L50, F|\n|poke|p2|Tatsugiri, L50, F|\n|poke|p2|Pelipper, L50, F|\n|poke|p2|Palafin, L50, M|\n|teampreview|4\n|inactive|Battle timer is ON: inactive players will automatically lose when time's up. (requested by GrovePlaysGames)\n|inactiveoff|Battle timer is now OFF.\nGrovePlaysGames has agreed to open team sheets.\n|\n|t:|1699840470\n|start\n|switch|p1a: Played|Indeedee-F, L50, F|100\/100\n|switch|p1b: Teal|Armarouge, L50, F|100\/100\n|switch|p2a: Annihilape|Annihilape, L50, M|100\/100\n|switch|p2b: Maushold|Maushold, L50|100\/100\n|-fieldstart|move: Psychic Terrain|[from] ability: Psychic Surge|[of] p1a: Played\n|-enditem|p1a: Played|Psychic Seed\n|-boost|p1a: Played|spd|1|[from] item: Psychic Seed\n|turn|1\n|\n|t:|1699840512\n|-terastallize|p2a: Annihilape|Water\n|move|p1a: Played|Follow Me|p1a: Played\n|-singleturn|p1a: Played|move: Follow Me\n|move|p2b: Maushold|Taunt|p1a: Played\n|-start|p1a: Played|move: Taunt\n|move|p2a: Annihilape|Drain Punch|p1a: Played\n|-damage|p1a: Played|62\/100\n|move|p1b: Teal|Expanding Force|p2b: Maushold|[spread] p2a,p2b\n|-damage|p2a: Annihilape|45\/100\n|-damage|p2b: Maushold|0 fnt\n|faint|p2b: Maushold\n|-damage|p1b: Teal|91\/100|[from] item: Life Orb\n|\n|-heal|p2a: Annihilape|51\/100|[from] item: Leftovers\n|upkeep\n|\n|t:|1699840527\n|switch|p2b: Tatsugiri|Tatsugiri, L50, F|100\/100\n|turn|2\n|\n|t:|1699840541\n|move|p2b: Tatsugiri|Muddy Water|p1b: Teal|[spread] p1a,p1b\n|-supereffective|p1b: Teal\n|-damage|p1a: Played|39\/100\n|-damage|p1b: Teal|17\/100\n|-unboost|p1b: Teal|accuracy|1\n|move|p2a: Annihilape|Drain Punch|p1a: Played\n|-damage|p1a: Played|2\/100\n|-heal|p2a: Annihilape|66\/100|[from] drain|[of] p1a: Played\n|move|p1a: Played|Dazzling Gleam|p2a: Annihilape|[spread] p2a,p2b\n|-supereffective|p2b: Tatsugiri\n|-damage|p2a: Annihilape|55\/100\n|-damage|p2b: Tatsugiri|62\/100\n|move|p1b: Teal|Energy Ball|p2a: Annihilape\n|-supereffective|p2a: Annihilape\n|-damage|p2a: Annihilape|0 fnt\n|faint|p2a: Annihilape\n|-damage|p1b: Teal|7\/100|[from] item: Life Orb\n|\n|upkeep\n|\n|t:|1699840556\n|switch|p2a: Dondozo|Dondozo, L50, F|100\/100\n|-activate|p2b: Tatsugiri|ability: Commander|[of] p2a: Dondozo\n|-boost|p2a: Dondozo|atk|2\n|-boost|p2a: Dondozo|spa|2\n|-boost|p2a: Dondozo|spe|2\n|-boost|p2a: Dondozo|def|2\n|-boost|p2a: Dondozo|spd|2\n|turn|3\n|\n|t:|1699840575\n|move|p2a: Dondozo|Order Up|p1b: Teal\n|-damage|p1b: Teal|0 fnt\n|faint|p1b: Teal\n|-boost|p2a: Dondozo|atk|1\n|move|p1a: Played|Dazzling Gleam|p2a: Dondozo|[spread] p2a\n|-miss|p1a: Played|p2b: Tatsugiri\n|-damage|p2a: Dondozo|94\/100\n|\n|upkeep\n|\n|t:|1699840589\n|switch|p1b: Mask|Lilligant-Hisui, L50, F|100\/100\n|turn|4\n|\n|t:|1699840602\n|move|p1b: Mask|Solar Blade||[still]\n|-prepare|p1b: Mask|Solar Blade\n|move|p2a: Dondozo|Order Up|p1b: Mask\n|-damage|p1b: Mask|11\/100\n|-boost|p2a: Dondozo|atk|1\n|move|p1a: Played|Dazzling Gleam|p2a: Dondozo|[spread] p2a\n|-miss|p1a: Played|p2b: Tatsugiri\n|-damage|p2a: Dondozo|88\/100\n|\n|-end|p1a: Played|move: Taunt\n|upkeep\n|turn|5\n|\n|t:|1699840618\n|move|p2a: Dondozo|Protect|p2a: Dondozo\n|-singleturn|p2a: Dondozo|Protect\n|move|p1a: Played|Follow Me|p1a: Played\n|-singleturn|p1a: Played|move: Follow Me\n|move|p1b: Mask|Solar Blade|p2a: Dondozo|[from]lockedmove\n|-activate|p2a: Dondozo|move: Protect\n|\n|-fieldend|move: Psychic Terrain\n|upkeep\n|turn|6\n|\n|t:|1699840663\n|move|p1b: Mask|Close Combat|p2a: Dondozo\n|-damage|p2a: Dondozo|68\/100\n|-unboost|p1b: Mask|def|1\n|-unboost|p1b: Mask|spd|1\n|move|p2a: Dondozo|Order Up|p1b: Mask\n|-damage|p1b: Mask|0 fnt\n|faint|p1b: Mask\n|-boost|p2a: Dondozo|atk|1\n|move|p1a: Played|Trick Room|p1a: Played\n|-fieldstart|move: Trick Room|[of] p1a: Played\n|\n|upkeep\n|\n|t:|1699840675\n|switch|p1b: Still|Kingambit, L50, F|100\/100\n|turn|7\n|\n|t:|1699840689\n|move|p1a: Played|Helping Hand|p1b: Still\n|-singleturn|p1b: Still|Helping Hand|[of] p1a: Played\n|move|p1b: Still|Kowtow Cleave|p2a: Dondozo\n|-damage|p2a: Dondozo|42\/100\n|move|p2a: Dondozo|Order Up|p2b: Tatsugiri|[miss]\n|-miss|p2a: Dondozo|p2b: Tatsugiri\n|\n|upkeep\n|turn|8\n|c|\u2606PokeKidMax|Yo\n|c|\u2606PokeKidMax|That was a misclick\n|c|\u2606GrovePlaysGames|misclick?\n|c|\u2606GrovePlaysGames|oop\n|c|\u2606PokeKidMax|Lol\n|\n|t:|1699840718\n|move|p1a: Played|Helping Hand|p1b: Still\n|-singleturn|p1b: Still|Helping Hand|[of] p1a: Played\n|move|p1b: Still|Kowtow Cleave|p2a: Dondozo\n|-damage|p2a: Dondozo|15\/100\n|move|p2a: Dondozo|Rest|p2a: Dondozo\n|-status|p2a: Dondozo|slp|[from] move: Rest\n|-enditem|p2a: Dondozo|Lum Berry|[eat]\n|-curestatus|p2a: Dondozo|slp|[msg]\n|-heal|p2a: Dondozo|100\/100|[silent]\n|\n|upkeep\n|turn|9\n|\n|t:|1699840733\n|move|p1a: Played|Helping Hand|p1b: Still\n|-singleturn|p1b: Still|Helping Hand|[of] p1a: Played\n|move|p2a: Dondozo|Protect|p2a: Dondozo\n|-singleturn|p2a: Dondozo|Protect\n|move|p1b: Still|Kowtow Cleave|p2a: Dondozo\n|-activate|p2a: Dondozo|move: Protect\n|\n|upkeep\n|turn|10\n|\n|t:|1699840743\n|move|p1a: Played|Helping Hand|p1b: Still\n|-singleturn|p1b: Still|Helping Hand|[of] p1a: Played\n|move|p1b: Still|Kowtow Cleave|p2a: Dondozo\n|-damage|p2a: Dondozo|73\/100\n|move|p2a: Dondozo|Wave Crash|p1b: Still\n|-damage|p1b: Still|0 fnt\n|faint|p1b: Still\n|-damage|p2a: Dondozo|43\/100|[from] Recoil\n|\n|-fieldend|move: Trick Room\n|upkeep\n|turn|11\n|\n|t:|1699840754\n|move|p2a: Dondozo|Wave Crash|p1a: Played\n|-damage|p1a: Played|0 fnt\n|faint|p1a: Played\n|-damage|p2a: Dondozo|42\/100|[from] Recoil\n|\n|win|PokeKidMax\n|c|&|\/uhtml prompt-pokekidmax,PokeKidMax is ready for game 2!\n|c|&|\/uhtml prompt-groveplaysgames,GrovePlaysGames is ready for game 2!\nBoth players are ready! Starting next match!\n","uploadtime":1699840766,"views":35,"p1id":"groveplaysgames","p2id":"pokekidmax","formatid":"gen9vgc2023regulatione","rating":0,"private":0,"password":""}