{"id":"gen9vgc2023regulatione-1991794231","p1":"jeikono","p2":"ourat","format":"[Gen 9] VGC 2023 Regulation E","log":"|j|\u2606jeikono\n|j|\u2606ourat\n|t:|1700118591\n|gametype|doubles\n|player|p1|jeikono|whitney|1133\n|player|p2|ourat|pokemonranger-gen4|1031\n|teamsize|p1|4\n|teamsize|p2|6\n|gen|9\n|tier|[Gen 9] VGC 2023 Regulation E\n|rated|\n|rule|Species Clause: Limit one of each Pok\u00e9mon\n|rule|Item Clause: Limit one of each item\n|clearpoke\n|poke|p1|Sableye, L50, F|\n|poke|p1|Maushold, L50|\n|poke|p1|Sinistcha-Masterpiece, L50|\n|poke|p1|Garganacl, L50, M|\n|poke|p2|Flutter Mane, L50|\n|poke|p2|Florges, L50, F|\n|poke|p2|Murkrow, L50, F|\n|poke|p2|Indeedee-F, L50, F|\n|poke|p2|Ogerpon-Cornerstone, L50, F|\n|poke|p2|Ursaluna-Bloodmoon, L50, M|\n|teampreview|4\n|inactive|Battle timer is ON: inactive players will automatically lose when time's up. (requested by jeikono)\n|inactive|ourat also wants the timer to be on.\njeikono rejected open team sheets.\n|\n|t:|1700118612\n|start\n|switch|p1a: Sableye|Sableye, L50, F|100\/100\n|switch|p1b: Sinistcha|Sinistcha-Masterpiece, L50|100\/100\n|switch|p2a: Florges|Florges, L50, F|100\/100\n|switch|p2b: Flutter Mane|Flutter Mane, L50|100\/100\n|-enditem|p2b: Flutter Mane|Booster Energy\n|-activate|p2a: Florges|ability: Symbiosis|Choice Specs|[of] p2b: Flutter Mane\n|-activate|p2b: Flutter Mane|ability: Protosynthesis|[fromitem]\n|-start|p2b: Flutter Mane|protosynthesisspa\n|turn|1\n|inactive|ourat has 30 seconds left.\n|\n|t:|1700118640\n|-terastallize|p2b: Flutter Mane|Fairy\n|move|p2a: Florges|Helping Hand|p2b: Flutter Mane\n|-singleturn|p2b: Flutter Mane|Helping Hand|[of] p2a: Florges\n|move|p1a: Sableye|Gravity|p1a: Sableye\n|-fieldstart|move: Gravity\n|move|p2b: Flutter Mane|Dazzling Gleam|p1b: Sinistcha|[spread] p1a,p1b\n|-supereffective|p1a: Sableye\n|-damage|p1a: Sableye|0 fnt\n|-enditem|p1b: Sinistcha|Focus Sash\n|-damage|p1b: Sinistcha|1\/100\n|faint|p1a: Sableye\n|move|p1b: Sinistcha|Shadow Ball|p2b: Flutter Mane\n|-damage|p2b: Flutter Mane|51\/100\n|\n|upkeep\n|\n|t:|1700118656\n|switch|p1a: Maushold|Maushold, L50|100\/100\n|turn|2\n|\n|t:|1700118662\n|move|p1a: Maushold|Population Bomb|p2b: Flutter Mane\n|-damage|p2b: Flutter Mane|30\/100\n|-damage|p2b: Flutter Mane|9\/100\n|-damage|p2b: Flutter Mane|0 fnt\n|faint|p2b: Flutter Mane\n|-end|p2b: Flutter Mane|Protosynthesis|[silent]\n|-hitcount|p2: Flutter Mane|3\n|move|p2a: Florges|Pollen Puff|p2: Flutter Mane|[notarget]\n|-fail|p2a: Florges\n|move|p1b: Sinistcha|Matcha Gotcha|p2a: Florges\n|-damage|p2a: Florges|69\/100\n|-heal|p1b: Sinistcha|17\/100|[from] drain|[of] p2a: Florges\n|\n|upkeep\n|\n|t:|1700118686\n|switch|p2b: Ursaluna|Ursaluna-Bloodmoon, L50, M|100\/100\n|turn|3\n|\n|t:|1700118698\n|move|p1a: Maushold|Population Bomb|p2b: Ursaluna\n|-damage|p2b: Ursaluna|92\/100\n|-crit|p2b: Ursaluna\n|-damage|p2b: Ursaluna|78\/100\n|-damage|p2b: Ursaluna|69\/100\n|-damage|p2b: Ursaluna|61\/100\n|-damage|p2b: Ursaluna|52\/100\n|-damage|p2b: Ursaluna|44\/100\n|-damage|p2b: Ursaluna|34\/100\n|-damage|p2b: Ursaluna|25\/100\n|-damage|p2b: Ursaluna|16\/100\n|-damage|p2b: Ursaluna|8\/100\n|-hitcount|p2b: Ursaluna|10\n|move|p2a: Florges|Trick|p1a: Maushold\n|-activate|p2a: Florges|move: Trick|[of] p1a: Maushold\n|-enditem|p1a: Maushold|Scope Lens|[silent]|[from] move: Trick\n|-item|p2a: Florges|Scope Lens|[from] move: Trick\n|move|p2b: Ursaluna|Blood Moon|p1a: Maushold\n|-damage|p1a: Maushold|0 fnt\n|faint|p1a: Maushold\n|move|p1b: Sinistcha|Matcha Gotcha|p2a: Florges|[spread] p2a,p2b\n|-supereffective|p2b: Ursaluna\n|-damage|p2a: Florges|46\/100\n|-heal|p1b: Sinistcha|28\/100|[from] drain|[of] p2a: Florges\n|-damage|p2b: Ursaluna|0 fnt\n|-heal|p1b: Sinistcha|32\/100|[from] drain|[of] p2b: Ursaluna\n|-status|p2a: Florges|brn\n|faint|p2b: Ursaluna\n|\n|-damage|p2a: Florges|40\/100 brn|[from] brn\n|upkeep\n|inactive|jeikono has 30 seconds left.\n|\n|t:|1700118730\n|switch|p1a: Garganacl|Garganacl, L50, M|100\/100\n|switch|p2b: Ogerpon|Ogerpon-Cornerstone, L50, F|100\/100\n|turn|4\n|inactive|ourat has 30 seconds left.\n|\n|t:|1700118766\n|-terastallize|p1a: Garganacl|Ghost\n|move|p2a: Florges|Helping Hand|p2b: Ogerpon\n|-singleturn|p2b: Ogerpon|Helping Hand|[of] p2a: Florges\n|move|p2b: Ogerpon|Wood Hammer|p1a: Garganacl\n|-damage|p1a: Garganacl|35\/100\n|-damage|p2b: Ogerpon|73\/100|[from] Recoil\n|move|p1b: Sinistcha|Matcha Gotcha|p2b: Ogerpon|[spread] p2a,p2b\n|-damage|p2a: Florges|16\/100 brn\n|-heal|p1b: Sinistcha|44\/100|[from] drain|[of] p2a: Florges\n|-damage|p2b: Ogerpon|39\/100\n|-heal|p1b: Sinistcha|59\/100|[from] drain|[of] p2b: Ogerpon\n|-status|p2b: Ogerpon|brn\n|move|p1a: Garganacl|Salt Cure|p2b: Ogerpon\n|-damage|p2b: Ogerpon|21\/100 brn\n|-start|p2b: Ogerpon|Salt Cure\n|\n|-heal|p1a: Garganacl|41\/100|[from] item: Leftovers\n|-damage|p2b: Ogerpon|15\/100 brn|[from] brn\n|-damage|p2a: Florges|10\/100 brn|[from] brn\n|-damage|p2b: Ogerpon|2\/100 brn|[from] Salt Cure\n|upkeep\n|turn|5\n|inactive|jeikono has 30 seconds left.\n|\n|t:|1700118792\n|move|p1a: Garganacl|Protect|p1a: Garganacl\n|-singleturn|p1a: Garganacl|Protect\n|move|p2b: Ogerpon|Superpower|p1b: Sinistcha\n|-immune|p1b: Sinistcha\n|move|p2a: Florges|Moonblast|p1a: Garganacl\n|-activate|p1a: Garganacl|move: Protect\n|move|p1b: Sinistcha|Matcha Gotcha|p2a: Florges|[spread] p2a,p2b\n|-damage|p2a: Florges|0 fnt\n|-heal|p1b: Sinistcha|64\/100|[from] drain|[of] p2a: Florges\n|-damage|p2b: Ogerpon|0 fnt\n|-heal|p1b: Sinistcha|65\/100|[from] drain|[of] p2b: Ogerpon\n|faint|p2a: Florges\n|faint|p2b: Ogerpon\n|\n|win|jeikono\n|raw|jeikono's rating: 1133 &rarr; <strong>1151<\/strong><br \/>(+18 for winning)\n|raw|ourat's rating: 1031 &rarr; <strong>1021<\/strong><br \/>(-10 for losing)\n|l|\u2606ourat\n","uploadtime":1700118811,"views":20,"p1id":"jeikono","p2id":"ourat","formatid":"gen9vgc2023regulatione","rating":1021,"private":0,"password":""}