{"id":"gen9vgc2023regulatione-1988956097","p1":"Animod2","p2":"wssl_ww","format":"[Gen 9] VGC 2023 Regulation E","log":"|j|\u2606Animod2\n|j|\u2606wssl_ww\n|n|\u2606Animod2|animod2\n|n|\u2606wssl_ww|wsslww\n|html|View the match progress at <a href=\"\/game-bestof3-gen9vgc2023regulatione-1988956096\">game-bestof3-gen9vgc2023regulatione-1988956096<\/a>\n|t:|1699794202\n|gametype|doubles\n|player|p1|Animod2|scientist|\n|player|p2|wssl_ww|juan|\n|teamsize|p1|6\n|teamsize|p2|6\n|gen|9\n|tier|[Gen 9] VGC 2023 Regulation E\n|rated|Tournament battle\n|rule|Species Clause: Limit one of each Pok\u00e9mon\n|rule|Item Clause: Limit one of each item\n|clearpoke\n|poke|p1|Okidogi, L50, M|\n|poke|p1|Moltres-Galar, L50|\n|poke|p1|Gastrodon, L50, F|\n|poke|p1|Heatran, L50, F|\n|poke|p1|Ninetales-Alola, L50, F|\n|poke|p1|Sinistcha, L50|\n|poke|p2|Glastrier, L50|\n|poke|p2|Ninetales-Alola, L50, F|\n|poke|p2|Sinistcha-Masterpiece, L50|\n|poke|p2|Iron Treads, L50|\n|poke|p2|Flutter Mane, L50|\n|poke|p2|Dragonite, L50, M|\n|teampreview|4\n|showteam|p1|Okidogi||AssaultVest|GuardDog|DrainPunch,HighHorsepower,GunkShot,KnockOff|||M|||50|,,,,,Fire]Moltres-Galar||SitrusBerry|Berserk|FieryWrath,AirSlash,NastyPlot,Protect||||||50|,,,,,Steel]Gastrodon||LifeOrb|StormDrain|EarthPower,IceBeam,ClearSmog,Protect|||F|||50|,,,,,Poison]Heatran||Leftovers|FlashFire|HeatWave,FlashCannon,EarthPower,Protect|||F|||50|,,,,,Fairy]Ninetales-Alola||LightClay|SnowWarning|AuroraVeil,IcyWind,Moonblast,Encore|||F|||50|,,,,,Ghost]Sinistcha||RockyHelmet|Hospitality|MatchaGotcha,StrengthSap,RagePowder,TrickRoom||||||50|,,,,,Water\n|showteam|p2|Glastrier||Leftovers|ChillingNeigh|IronDefense,BodyPress,Protect,IcicleCrash||||||50|,,,,,Fairy]Ninetales-Alola||LightClay|SnowWarning|AuroraVeil,Blizzard,Protect,Encore|||F|||50|,,,,,Water]Sinistcha-Masterpiece||MentalHerb|Hospitality|MatchaGotcha,TrickRoom,StrengthSap,RagePowder||||||50|,,,,,Water]Iron Treads||BoosterEnergy|QuarkDrive|IronHead,HighHorsepower,Protect,RockSlide||||||50|,,,,,Grass]Flutter Mane||ChoiceSpecs|Protosynthesis|DazzlingGleam,Moonblast,ShadowBall,Thunderbolt||||||50|,,,,,Fairy]Dragonite||ChoiceBand|InnerFocus|ExtremeSpeed,Outrage,AquaTail,IceSpinner|||M|||50|,,,,,Normal\n|inactive|Battle timer is ON: inactive players will automatically lose when time's up. (requested by wssl_ww)\n|inactive|Animod2 has 60 seconds left.\n|inactive|wssl_ww has 60 seconds left.\n|inactive|Animod2 has 30 seconds left.\n|inactive|Animod2 has 20 seconds left.\n|\n|t:|1699794274\n|start\n|switch|p1a: Ninetales|Ninetales-Alola, L50, F|100\/100\n|switch|p1b: Heatran|Heatran, L50, F|100\/100\n|switch|p2a: Iron Treads|Iron Treads, L50|100\/100\n|switch|p2b: Flutter Mane|Flutter Mane, L50|100\/100\n|-weather|Snow|[from] ability: Snow Warning|[of] p1a: Ninetales\n|-enditem|p2a: Iron Treads|Booster Energy\n|-activate|p2a: Iron Treads|ability: Quark Drive|[fromitem]\n|-start|p2a: Iron Treads|quarkdrivespe\n|turn|1\n|inactive|Animod2 has 30 seconds left.\n|\n|t:|1699794303\n|switch|p1a: Sinistcha|Sinistcha, L50|100\/100\n|-terastallize|p1b: Heatran|Fairy\n|move|p2a: Iron Treads|Iron Head|p1a: Sinistcha\n|-damage|p1a: Sinistcha|68\/100\n|-damage|p2a: Iron Treads|84\/100|[from] item: Rocky Helmet|[of] p1a: Sinistcha\n|move|p2b: Flutter Mane|Shadow Ball|p1a: Sinistcha\n|-supereffective|p1a: Sinistcha\n|-crit|p1a: Sinistcha\n|-damage|p1a: Sinistcha|0 fnt\n|faint|p1a: Sinistcha\n|move|p1b: Heatran|Heat Wave|p2a: Iron Treads|[spread] p2a,p2b\n|-supereffective|p2a: Iron Treads\n|-damage|p2a: Iron Treads|0 fnt\n|-damage|p2b: Flutter Mane|58\/100\n|-status|p2b: Flutter Mane|brn\n|faint|p2a: Iron Treads\n|-end|p2a: Iron Treads|Quark Drive|[silent]\n|\n|-weather|Snow|[upkeep]\n|-damage|p2b: Flutter Mane|52\/100 brn|[from] brn\n|upkeep\n|\n|t:|1699794323\n|switch|p2a: Dragonite|Dragonite, L50, M|100\/100\n|switch|p1a: Ninetales|Ninetales-Alola, L50, F|100\/100\n|turn|2\n|\n|t:|1699794347\n|-terastallize|p2a: Dragonite|Normal\n|move|p2a: Dragonite|Extreme Speed|p1a: Ninetales\n|-damage|p1a: Ninetales|39\/100\n|move|p2b: Flutter Mane|Shadow Ball|p1a: Ninetales\n|-damage|p1a: Ninetales|0 fnt\n|faint|p1a: Ninetales\n|move|p1b: Heatran|Flash Cannon|p2b: Flutter Mane\n|-supereffective|p2b: Flutter Mane\n|-damage|p2b: Flutter Mane|0 fnt\n|faint|p2b: Flutter Mane\n|-end|p2b: Flutter Mane|Protosynthesis|[silent]\n|\n|-weather|Snow|[upkeep]\n|upkeep\n|\n|t:|1699794359\n|switch|p2b: Glastrier|Glastrier, L50|100\/100\n|switch|p1a: Okidogi|Okidogi, L50, M|100\/100\n|turn|3\n|\n|t:|1699794376\n|move|p2a: Dragonite|Extreme Speed|p1a: Okidogi\n|-damage|p1a: Okidogi|45\/100\n|move|p1a: Okidogi|Drain Punch|p2b: Glastrier\n|-supereffective|p2b: Glastrier\n|-damage|p2b: Glastrier|71\/100\n|-heal|p1a: Okidogi|61\/100|[from] drain|[of] p2b: Glastrier\n|move|p1b: Heatran|Flash Cannon|p2b: Glastrier\n|-supereffective|p2b: Glastrier\n|-damage|p2b: Glastrier|1\/100\n|move|p2b: Glastrier|Icicle Crash|p1a: Okidogi\n|-damage|p1a: Okidogi|29\/100\n|\n|-weather|Snow|[upkeep]\n|-heal|p2b: Glastrier|7\/100|[from] item: Leftovers\n|upkeep\n|turn|4\n|\n|t:|1699794395\n|move|p2a: Dragonite|Extreme Speed|p1a: Okidogi\n|-damage|p1a: Okidogi|0 fnt\n|faint|p1a: Okidogi\n|move|p1b: Heatran|Heat Wave|p2b: Glastrier|[spread] p2a,p2b\n|-supereffective|p2b: Glastrier\n|-damage|p2a: Dragonite|62\/100\n|-damage|p2b: Glastrier|0 fnt\n|faint|p2b: Glastrier\n|\n|-weather|Snow|[upkeep]\n|upkeep\n|turn|5\n|\n|t:|1699794411\n|move|p2a: Dragonite|Extreme Speed|p1b: Heatran\n|-damage|p1b: Heatran|41\/100\n|move|p1b: Heatran|Heat Wave|p2a: Dragonite\n|-damage|p2a: Dragonite|15\/100\n|\n|-weather|none\n|-heal|p1b: Heatran|47\/100|[from] item: Leftovers\n|upkeep\n|turn|6\n|\n|t:|1699794418\n|move|p1b: Heatran|Protect|p1b: Heatran\n|-singleturn|p1b: Heatran|Protect\n|move|p2a: Dragonite|Extreme Speed|p1b: Heatran\n|-activate|p1b: Heatran|move: Protect\n|\n|-heal|p1b: Heatran|53\/100|[from] item: Leftovers\n|upkeep\n|turn|7\n|\n|t:|1699794431\n|move|p1b: Heatran|Protect||[still]\n|-fail|p1b: Heatran\n|move|p2a: Dragonite|Extreme Speed|p1b: Heatran\n|-damage|p1b: Heatran|0 fnt\n|faint|p1b: Heatran\n|\n|win|wssl_ww\n|c|&|\/uhtml prompt-wsslww,wssl_ww is ready for game 2!\n|c|&|\/uhtml prompt-animod2,Animod2 is ready for game 2!\nBoth players are ready! Starting next match!\n","uploadtime":1699794472,"views":15,"p1id":"animod2","p2id":"wsslww","formatid":"gen9vgc2023regulatione","rating":0,"private":0,"password":""}