{"id":"gen9vgc2023regulatione-1995436583","p1":"Saucey 8oi","p2":"NotRubyVGC","format":"[Gen 9] VGC 2023 Regulation E","log":"|j|\u2606Saucey 8oi\n|j|\u2606NotRubyVGC\n|t:|1700570589\n|gametype|doubles\n|player|p1|Saucey 8oi|riley|1522\n|player|p2|NotRubyVGC|170|1503\n|teamsize|p1|6\n|teamsize|p2|6\n|gen|9\n|tier|[Gen 9] VGC 2023 Regulation E\n|rated|\n|rule|Species Clause: Limit one of each Pok\u00e9mon\n|rule|Item Clause: Limit one of each item\n|clearpoke\n|poke|p1|Overqwil, L50, F|\n|poke|p1|Iron Hands, L50|\n|poke|p1|Spectrier, L50|\n|poke|p1|Chi-Yu, L50|\n|poke|p1|Baxcalibur, L50, F|\n|poke|p1|Ogerpon, L50, F|\n|poke|p2|Heatran, L50, F|\n|poke|p2|Iron Hands, L50|\n|poke|p2|Roaring Moon, L50|\n|poke|p2|Amoonguss, L50, M|\n|poke|p2|Flutter Mane, L50|\n|poke|p2|Landorus-Therian, L50, M|\n|teampreview|4\n|inactive|Battle timer is ON: inactive players will automatically lose when time's up. (requested by Saucey 8oi)\n|inactive|NotRubyVGC has 60 seconds left.\n|\n|t:|1700570637\n|start\n|switch|p1a: Overqwil|Overqwil, L50, F, shiny|100\/100\n|switch|p1b: Baxcalibur|Baxcalibur, L50, F, shiny|100\/100\n|switch|p2a: Amoonguss|Amoonguss, L50, M|100\/100\n|switch|p2b: Iron Hands|Iron Hands, L50|100\/100\n|-ability|p1a: Overqwil|Intimidate|boost\n|-unboost|p2a: Amoonguss|atk|1\n|-unboost|p2b: Iron Hands|atk|1\n|turn|1\n|\n|t:|1700570662\n|switch|p1a: Ogerpon|Ogerpon, L50, F|100\/100\n|move|p2b: Iron Hands|Fake Out|p1b: Baxcalibur\n|-damage|p1b: Baxcalibur|92\/100\n|cant|p1b: Baxcalibur|flinch\n|move|p2a: Amoonguss|Spore|p1a: Ogerpon\n|-immune|p1a: Ogerpon\n|\n|upkeep\n|turn|2\n|\n|t:|1700570680\n|move|p1a: Ogerpon|Follow Me|p1a: Ogerpon\n|-singleturn|p1a: Ogerpon|move: Follow Me\n|move|p1b: Baxcalibur|Swords Dance|p1b: Baxcalibur\n|-boost|p1b: Baxcalibur|atk|2\n|move|p2b: Iron Hands|Volt Switch|p1a: Ogerpon\n|-resisted|p1a: Ogerpon\n|-damage|p1a: Ogerpon|94\/100\n|\n|t:|1700570689\n|-end|p2b: Iron Hands|Quark Drive|[silent]\n|switch|p2b: Flutter Mane|Flutter Mane, L50|100\/100|[from] Volt Switch\n|move|p2a: Amoonguss|Spore|p1a: Ogerpon\n|-immune|p1a: Ogerpon\n|\n|upkeep\n|turn|3\n|inactive|NotRubyVGC has 30 seconds left.\n|inactive|Saucey 8oi has 30 seconds left.\n|inactive|NotRubyVGC has 20 seconds left.\n|inactive|NotRubyVGC has 15 seconds left.\n|inactive|NotRubyVGC has 10 seconds left.\n|\n|t:|1700570737\n|move|p1a: Ogerpon|Follow Me|p1a: Ogerpon\n|-singleturn|p1a: Ogerpon|move: Follow Me\n|move|p2b: Flutter Mane|Shadow Ball|p1a: Ogerpon\n|-damage|p1a: Ogerpon|47\/100\n|move|p1b: Baxcalibur|High Horsepower|p2b: Flutter Mane\n|-damage|p2b: Flutter Mane|3\/100\n|move|p2a: Amoonguss|Spore|p1a: Ogerpon\n|-immune|p1a: Ogerpon\n|\n|upkeep\n|turn|4\n|\n|t:|1700570758\n|move|p1a: Ogerpon|Follow Me|p1a: Ogerpon\n|-singleturn|p1a: Ogerpon|move: Follow Me\n|move|p2a: Amoonguss|Rage Powder|p2a: Amoonguss\n|-singleturn|p2a: Amoonguss|move: Rage Powder\n|move|p1b: Baxcalibur|Ice Shard|p2a: Amoonguss\n|-supereffective|p2a: Amoonguss\n|-damage|p2a: Amoonguss|37\/100\n|move|p2b: Flutter Mane|Shadow Ball|p1a: Ogerpon\n|-damage|p1a: Ogerpon|0 fnt\n|faint|p1a: Ogerpon\n|\n|upkeep\n|\n|t:|1700570768\n|switch|p1a: Iron Hands|Iron Hands, L50, shiny|100\/100\n|turn|5\n|\n|t:|1700570779\n|-end|p2b: Flutter Mane|Protosynthesis|[silent]\n|switch|p2b: Heatran|Heatran, L50, F|100\/100\n|move|p1a: Iron Hands|Fake Out|p2a: Amoonguss\n|-damage|p2a: Amoonguss|28\/100\n|move|p1b: Baxcalibur|Ice Shard|p2b: Heatran\n|-resisted|p2b: Heatran\n|-damage|p2b: Heatran|92\/100\n|move|p2a: Amoonguss|Spore|p1b: Baxcalibur\n|-status|p1b: Baxcalibur|slp|[from] move: Spore\n|\n|upkeep\n|turn|6\n|inactive|Saucey 8oi has 30 seconds left.\n|\n|t:|1700570806\n|switch|p2a: Iron Hands|Iron Hands, L50|100\/100\n|-terastallize|p1b: Baxcalibur|Water\n|-terastallize|p2b: Heatran|Fairy\n|cant|p1b: Baxcalibur|slp\n|move|p2b: Heatran|Heat Wave|p1a: Iron Hands|[spread] p1a\n|-miss|p2b: Heatran|p1b: Baxcalibur\n|-damage|p1a: Iron Hands|75\/100\n|-status|p1a: Iron Hands|brn\n|move|p1a: Iron Hands|Drain Punch|p2b: Heatran\n|-resisted|p2b: Heatran\n|-damage|p2b: Heatran|86\/100\n|-heal|p1a: Iron Hands|78\/100 brn|[from] drain|[of] p2b: Heatran\n|\n|-heal|p1a: Iron Hands|84\/100 brn|[from] item: Leftovers\n|-damage|p1a: Iron Hands|78\/100 brn|[from] brn\n|upkeep\n|turn|7\n|\n|t:|1700570826\n|-end|p1a: Iron Hands|Quark Drive|[silent]\n|switch|p1a: Overqwil|Overqwil, L50, F, shiny|100\/100\n|-ability|p1a: Overqwil|Intimidate|boost\n|-unboost|p2a: Iron Hands|atk|1\n|-unboost|p2b: Heatran|atk|1\n|cant|p1b: Baxcalibur|slp\n|move|p2b: Heatran|Earth Power|p1b: Baxcalibur\n|-damage|p1b: Baxcalibur|66\/100 slp\n|move|p2a: Iron Hands|Wild Charge|p1b: Baxcalibur\n|-supereffective|p1b: Baxcalibur\n|-damage|p1b: Baxcalibur|10\/100 slp\n|-enditem|p1b: Baxcalibur|Weakness Policy\n|-boost|p1b: Baxcalibur|atk|2|[from] item: Weakness Policy\n|-boost|p1b: Baxcalibur|spa|2|[from] item: Weakness Policy\n|-damage|p2a: Iron Hands|88\/100|[from] Recoil\n|\n|upkeep\n|turn|8\n|\n|t:|1700570848\n|switch|p1a: Iron Hands|Iron Hands, L50, shiny|78\/100 brn\n|-curestatus|p1b: Baxcalibur|slp|[msg]\n|move|p1b: Baxcalibur|High Horsepower|p2a: Iron Hands\n|-supereffective|p2a: Iron Hands\n|-crit|p2a: Iron Hands\n|-damage|p2a: Iron Hands|0 fnt\n|faint|p2a: Iron Hands\n|-end|p2a: Iron Hands|Quark Drive|[silent]\n|move|p2b: Heatran|Heat Wave|p1a: Iron Hands|[spread] p1a,p1b\n|-resisted|p1b: Baxcalibur\n|-damage|p1a: Iron Hands|55\/100 brn\n|-damage|p1b: Baxcalibur|0 fnt\n|faint|p1b: Baxcalibur\n|\n|-heal|p1a: Iron Hands|61\/100 brn|[from] item: Leftovers\n|-damage|p1a: Iron Hands|55\/100 brn|[from] brn\n|upkeep\n|\n|t:|1700570863\n|switch|p1b: Overqwil|Overqwil, L50, F, shiny|100\/100\n|switch|p2a: Flutter Mane|Flutter Mane, L50|3\/100\n|-ability|p1b: Overqwil|Intimidate|boost\n|-unboost|p2a: Flutter Mane|atk|1\n|-unboost|p2b: Heatran|atk|1\n|turn|9\n|\n|t:|1700570880\n|move|p2a: Flutter Mane|Dazzling Gleam|p1a: Iron Hands|[spread] p1a,p1b\n|-supereffective|p1a: Iron Hands\n|-damage|p1a: Iron Hands|4\/100 brn\n|-damage|p1b: Overqwil|60\/100\n|move|p2b: Heatran|Earth Power|p1a: Iron Hands\n|-supereffective|p1a: Iron Hands\n|-damage|p1a: Iron Hands|0 fnt\n|faint|p1a: Iron Hands\n|-end|p1a: Iron Hands|Quark Drive|[silent]\n|move|p1b: Overqwil|Barb Barrage|p2a: Flutter Mane\n|-damage|p2a: Flutter Mane|0 fnt\n|faint|p2a: Flutter Mane\n|-end|p2a: Flutter Mane|Protosynthesis|[silent]\n|\n|upkeep\n|\n|t:|1700570891\n|switch|p2a: Amoonguss|Amoonguss, L50, M|61\/100\n|turn|10\n|-message|Saucey 8oi forfeited.\n|\n|win|NotRubyVGC\n|raw|Saucey 8oi's rating: 1522 &rarr; <strong>1501<\/strong><br \/>(-21 for losing)\n|raw|NotRubyVGC's rating: 1503 &rarr; <strong>1524<\/strong><br \/>(+21 for winning)\n|l|\u2606Saucey 8oi\n","uploadtime":1700571046,"views":6,"p1id":"saucey8oi","p2id":"notrubyvgc","formatid":"gen9vgc2023regulatione","rating":1501,"private":0,"password":""}