{"id":"gen9vgc2023regulatione-1989005434","p1":"Applebys","p2":"LPSR","format":"[Gen 9] VGC 2023 Regulation E","log":"|j|\u2606Applebys\n|j|\u2606LPSR\n|t:|1699801188\n|gametype|doubles\n|player|p1|Applebys|veteran|1208\n|player|p2|LPSR|lucas-gen4pt|1175\n|teamsize|p1|6\n|teamsize|p2|6\n|gen|9\n|tier|[Gen 9] VGC 2023 Regulation E\n|rated|\n|rule|Species Clause: Limit one of each Pok\u00e9mon\n|rule|Item Clause: Limit one of each item\n|clearpoke\n|poke|p1|Scream Tail, L50|\n|poke|p1|Gothitelle, L50, M|\n|poke|p1|Iron Hands, L50|\n|poke|p1|Sinistcha-Masterpiece, L50|\n|poke|p1|Flutter Mane, L50|\n|poke|p1|Amoonguss, L50, M|\n|poke|p2|Iron Hands, L50|\n|poke|p2|Farigiraf, L50, F|\n|poke|p2|Rillaboom, L50, M|\n|poke|p2|Arcanine, L50, M|\n|poke|p2|Ogerpon-Wellspring, L50, F|\n|poke|p2|Fezandipiti, L50, M|\n|teampreview|4\n|inactive|Battle timer is ON: inactive players will automatically lose when time's up. (requested by LPSR)\n|l|\u2606Applebys\n|inactive|Applebys disconnected and has a minute to reconnect!\n|player|p1|\n|inactive|LPSR has 60 seconds left.\n|inactive|Applebys has 30 seconds to reconnect!\n|j|\u2606Applebys\n|inactive|Applebys reconnected and has 30 seconds left.\n|player|p1|Applebys|veteran\n|\n|t:|1699801261\n|start\n|switch|p1a: Scream Tail|Scream Tail, L50|100\/100\n|switch|p1b: Iron Hands|Iron Hands, L50|100\/100\n|switch|p2a: Rillaboom|Rillaboom, L50, M|100\/100\n|switch|p2b: Arcanine|Arcanine, L50, M|100\/100\n|-ability|p2b: Arcanine|Intimidate|boost\n|-unboost|p1a: Scream Tail|atk|1\n|-unboost|p1b: Iron Hands|atk|1\n|-fieldstart|move: Grassy Terrain|[from] ability: Grassy Surge|[of] p2a: Rillaboom\n|turn|1\n|\n|t:|1699801280\n|move|p1a: Scream Tail|Protect|p1a: Scream Tail\n|-singleturn|p1a: Scream Tail|Protect\n|move|p2a: Rillaboom|Fake Out|p1a: Scream Tail\n|-activate|p1a: Scream Tail|move: Protect\n|move|p1b: Iron Hands|Fake Out|p2b: Arcanine\n|-damage|p2b: Arcanine|90\/100\n|cant|p2b: Arcanine|flinch\n|\n|-heal|p2b: Arcanine|96\/100|[from] Grassy Terrain\n|upkeep\n|turn|2\n|\n|t:|1699801296\n|-end|p1b: Iron Hands|Quark Drive|[silent]\n|switch|p1b: Gothitelle|Gothitelle, L50, M|100\/100\n|move|p2a: Rillaboom|Grassy Glide|p1a: Scream Tail\n|-damage|p1a: Scream Tail|74\/100\n|move|p1a: Scream Tail|Perish Song|p1a: Scream Tail\n|-start|p1a: Scream Tail|perish3|[silent]\n|-start|p1b: Gothitelle|perish3|[silent]\n|-start|p2a: Rillaboom|perish3|[silent]\n|-start|p2b: Arcanine|perish3|[silent]\n|-fieldactivate|move: Perish Song\n|move|p2b: Arcanine|Will-O-Wisp|p1b: Gothitelle\n|-status|p1b: Gothitelle|brn\n|\n|-heal|p1a: Scream Tail|80\/100|[from] Grassy Terrain\n|-heal|p1a: Scream Tail|86\/100|[from] item: Leftovers\n|-heal|p2b: Arcanine|100\/100|[from] Grassy Terrain\n|-damage|p1b: Gothitelle|94\/100 brn|[from] brn\n|-start|p1a: Scream Tail|perish3\n|-start|p2b: Arcanine|perish3\n|-start|p2a: Rillaboom|perish3\n|-start|p1b: Gothitelle|perish3\n|upkeep\n|turn|3\n|inactive|Applebys has 30 seconds left.\n|inactive|LPSR has 30 seconds left.\n|inactive|LPSR has 20 seconds left.\n|inactive|LPSR has 15 seconds left.\n|\n|t:|1699801339\n|move|p1b: Gothitelle|Fake Out|p2a: Rillaboom\n|-damage|p2a: Rillaboom|98\/100\n|move|p1a: Scream Tail|Encore|p2b: Arcanine\n|-start|p2b: Arcanine|Encore\n|move|p2b: Arcanine|Will-O-Wisp|p1b: Gothitelle|[miss]\n|-miss|p2b: Arcanine|p1b: Gothitelle\n|cant|p2a: Rillaboom|flinch\n|\n|-heal|p1a: Scream Tail|92\/100|[from] Grassy Terrain\n|-heal|p1a: Scream Tail|98\/100|[from] item: Leftovers\n|-heal|p2a: Rillaboom|100\/100|[from] Grassy Terrain\n|-heal|p1b: Gothitelle|100\/100 brn|[from] Grassy Terrain\n|-damage|p1b: Gothitelle|94\/100 brn|[from] brn\n|-start|p1a: Scream Tail|perish2\n|-start|p2b: Arcanine|perish2\n|-start|p2a: Rillaboom|perish2\n|-start|p1b: Gothitelle|perish2\n|upkeep\n|turn|4\n|inactive|LPSR has 30 seconds left.\n|\n|t:|1699801366\n|move|p1a: Scream Tail|Protect|p1a: Scream Tail\n|-singleturn|p1a: Scream Tail|Protect\n|move|p1b: Gothitelle|Protect|p1b: Gothitelle\n|-singleturn|p1b: Gothitelle|Protect\n|move|p2b: Arcanine|Will-O-Wisp|p1a: Scream Tail\n|-activate|p1a: Scream Tail|move: Protect\n|move|p2a: Rillaboom|U-turn|p1a: Scream Tail\n|-activate|p1a: Scream Tail|move: Protect\n|\n|-heal|p1a: Scream Tail|100\/100|[from] Grassy Terrain\n|-heal|p1b: Gothitelle|100\/100 brn|[from] Grassy Terrain\n|-damage|p1b: Gothitelle|94\/100 brn|[from] brn\n|-start|p1a: Scream Tail|perish1\n|-start|p2b: Arcanine|perish1\n|-start|p2a: Rillaboom|perish1\n|-start|p1b: Gothitelle|perish1\n|upkeep\n|turn|5\n|\n|t:|1699801390\n|-end|p1a: Scream Tail|Protosynthesis|[silent]\n|switch|p1a: Iron Hands|Iron Hands, L50|100\/100\n|switch|p1b: Sinistcha|Sinistcha-Masterpiece, L50|100\/100\n|move|p2b: Arcanine|Will-O-Wisp|p1a: Iron Hands\n|-status|p1a: Iron Hands|brn\n|move|p2a: Rillaboom|U-turn|p1a: Iron Hands\n|-resisted|p1a: Iron Hands\n|-damage|p1a: Iron Hands|93\/100 brn\n|\n|t:|1699801407\n|switch|p2a: Iron Hands|Iron Hands, L50|100\/100|[from] U-turn\n|\n|-heal|p1a: Iron Hands|99\/100 brn|[from] Grassy Terrain\n|-damage|p1a: Iron Hands|93\/100 brn|[from] brn\n|-end|p2b: Arcanine|Encore\n|-start|p2b: Arcanine|perish0\n|-fieldend|move: Grassy Terrain\n|upkeep\n|faint|p2b: Arcanine\n|\n|t:|1699801417\n|switch|p2b: Rillaboom|Rillaboom, L50, M|100\/100\n|-fieldstart|move: Grassy Terrain|[from] ability: Grassy Surge|[of] p2b: Rillaboom\n|turn|6\n|\n|t:|1699801434\n|-end|p1a: Iron Hands|Quark Drive|[silent]\n|switch|p1a: Scream Tail|Scream Tail, L50|100\/100\n|move|p2b: Rillaboom|Fake Out|p1a: Scream Tail\n|-damage|p1a: Scream Tail|91\/100\n|move|p1b: Sinistcha|Strength Sap||[still]\n|-fail|p2a: Iron Hands|unboost|[from] item: Clear Amulet|[of] p2a: Iron Hands\n|-fail|p1b: Sinistcha\n|move|p2a: Iron Hands|Ice Punch|p1b: Sinistcha\n|-supereffective|p1b: Sinistcha\n|-damage|p1b: Sinistcha|61\/100\n|\n|-heal|p1a: Scream Tail|96\/100|[from] Grassy Terrain\n|-heal|p1a: Scream Tail|100\/100|[from] item: Leftovers\n|-heal|p1b: Sinistcha|67\/100|[from] Grassy Terrain\n|upkeep\n|turn|7\n|inactive|Applebys has 30 seconds left.\n|\n|t:|1699801462\n|move|p1a: Scream Tail|Encore|p2b: Rillaboom\n|-start|p2b: Rillaboom|Encore\n|move|p2b: Rillaboom|Fake Out||[still]\n|-hint|Fake Out only works on your first turn out.\n|-fail|p2b: Rillaboom\n|move|p1b: Sinistcha|Matcha Gotcha|p2a: Iron Hands|[spread] p2a,p2b\n|-resisted|p2b: Rillaboom\n|-damage|p2a: Iron Hands|77\/100\n|-heal|p1b: Sinistcha|83\/100|[from] drain|[of] p2a: Iron Hands\n|-damage|p2b: Rillaboom|90\/100\n|-heal|p1b: Sinistcha|89\/100|[from] drain|[of] p2b: Rillaboom\n|move|p2a: Iron Hands|Heavy Slam|p1a: Scream Tail\n|-supereffective|p1a: Scream Tail\n|-damage|p1a: Scream Tail|25\/100\n|\n|-heal|p1a: Scream Tail|31\/100|[from] Grassy Terrain\n|-heal|p1a: Scream Tail|37\/100|[from] item: Leftovers\n|-heal|p2b: Rillaboom|95\/100|[from] Grassy Terrain\n|-heal|p1b: Sinistcha|95\/100|[from] Grassy Terrain\n|-heal|p2a: Iron Hands|83\/100|[from] Grassy Terrain\n|upkeep\n|turn|8\n|l|\u2606Applebys\n|inactive|Applebys disconnected and has a minute to reconnect!\n|player|p1|\n|inactive|Applebys has 30 seconds left.\n|inactive|Applebys has 20 seconds left.\n|j|\u2606Applebys\n|inactive|Applebys reconnected and has 20 seconds left.\n|player|p1|Applebys|veteran\n|inactive|Applebys has 15 seconds left.\n|\n|t:|1699801506\n|switch|p2b: Farigiraf|Farigiraf, L50, F|100\/100\n|switch|p1b: Gothitelle|Gothitelle, L50, M|94\/100 brn\n|move|p1a: Scream Tail|Perish Song|p1a: Scream Tail\n|-start|p1a: Scream Tail|perish3|[silent]\n|-start|p1b: Gothitelle|perish3|[silent]\n|-start|p2a: Iron Hands|perish3|[silent]\n|-start|p2b: Farigiraf|perish3|[silent]\n|-fieldactivate|move: Perish Song\n|move|p2a: Iron Hands|Heavy Slam|p1a: Scream Tail\n|-supereffective|p1a: Scream Tail\n|-damage|p1a: Scream Tail|0 fnt\n|faint|p1a: Scream Tail\n|-end|p1a: Scream Tail|Protosynthesis|[silent]\n|\n|-heal|p1b: Gothitelle|100\/100 brn|[from] Grassy Terrain\n|-heal|p2a: Iron Hands|89\/100|[from] Grassy Terrain\n|-damage|p1b: Gothitelle|94\/100 brn|[from] brn\n|-start|p1b: Gothitelle|perish3\n|-start|p2b: Farigiraf|perish3\n|-start|p2a: Iron Hands|perish3\n|upkeep\n|\n|t:|1699801523\n|switch|p1a: Iron Hands|Iron Hands, L50|93\/100 brn\n|turn|9\n|inactive|Applebys has 30 seconds left.\n|\n|t:|1699801548\n|move|p1a: Iron Hands|Fake Out||[still]\n|cant|p2b: Farigiraf|ability: Armor Tail|Fake Out|[of] p1a: Iron Hands\n|move|p1b: Gothitelle|Substitute|p1b: Gothitelle\n|-start|p1b: Gothitelle|Substitute\n|-damage|p1b: Gothitelle|69\/100 brn\n|move|p2b: Farigiraf|Psychic|p1a: Iron Hands\n|-supereffective|p1a: Iron Hands\n|-crit|p1a: Iron Hands\n|-damage|p1a: Iron Hands|38\/100 brn\n|-unboost|p1a: Iron Hands|spd|1\n|move|p2a: Iron Hands|Wild Charge|p1b: Gothitelle\n|-end|p1b: Gothitelle|Substitute\n|-damage|p2a: Iron Hands|84\/100|[from] Recoil|[of] p1b: Gothitelle\n|\n|-heal|p1b: Gothitelle|75\/100 brn|[from] Grassy Terrain\n|-heal|p1a: Iron Hands|44\/100 brn|[from] Grassy Terrain\n|-heal|p2a: Iron Hands|90\/100|[from] Grassy Terrain\n|-damage|p1b: Gothitelle|69\/100 brn|[from] brn\n|-damage|p1a: Iron Hands|38\/100 brn|[from] brn\n|-start|p1b: Gothitelle|perish2\n|-start|p2b: Farigiraf|perish2\n|-start|p2a: Iron Hands|perish2\n|upkeep\n|turn|10\n|inactive|LPSR has 30 seconds left.\n|\n|t:|1699801575\n|-end|p1a: Iron Hands|Quark Drive|[silent]\n|switch|p1a: Sinistcha|Sinistcha-Masterpiece, L50|95\/100\n|-heal|p1b: Gothitelle|94\/100 brn|[from] ability: Hospitality|[of] p1a: Sinistcha\n|move|p1b: Gothitelle|Protect|p1b: Gothitelle\n|-singleturn|p1b: Gothitelle|Protect\n|move|p2b: Farigiraf|Dazzling Gleam|p1b: Gothitelle|[spread] p1a\n|-activate|p1b: Gothitelle|move: Protect\n|-damage|p1a: Sinistcha|75\/100\n|move|p2a: Iron Hands|Wild Charge|p1b: Gothitelle\n|-activate|p1b: Gothitelle|move: Protect\n|\n|-heal|p1a: Sinistcha|81\/100|[from] Grassy Terrain\n|-heal|p1b: Gothitelle|100\/100 brn|[from] Grassy Terrain\n|-heal|p2a: Iron Hands|96\/100|[from] Grassy Terrain\n|-damage|p1b: Gothitelle|94\/100 brn|[from] brn\n|-start|p1b: Gothitelle|perish1\n|-start|p2b: Farigiraf|perish1\n|-start|p2a: Iron Hands|perish1\n|-fieldend|move: Grassy Terrain\n|upkeep\n|turn|11\n|-message|LPSR forfeited.\n|\n|win|Applebys\n|raw|Applebys's rating: 1208 &rarr; <strong>1231<\/strong><br \/>(+23 for winning)\n|raw|LPSR's rating: 1175 &rarr; <strong>1152<\/strong><br \/>(-23 for losing)\n|l|\u2606LPSR\n","uploadtime":1699801599,"views":18,"p1id":"applebys","p2id":"lpsr","formatid":"gen9vgc2023regulatione","rating":1152,"private":0,"password":""}