{"id":"gen9vgc2023regulatione-1998787849","p1":"tacochickennugget","p2":"zombieaussie","format":"[Gen 9] VGC 2023 Regulation E","log":"|j|\u2606tacochickennugget\n|j|\u2606zombieaussie\n|t:|1700990945\n|gametype|doubles\n|player|p1|tacochickennugget|170|1042\n|player|p2|zombieaussie|265|1061\n|teamsize|p1|6\n|teamsize|p2|6\n|gen|9\n|tier|[Gen 9] VGC 2023 Regulation E\n|rated|\n|rule|Species Clause: Limit one of each Pok\u00e9mon\n|rule|Item Clause: Limit one of each item\n|clearpoke\n|poke|p1|Snorlax, L50, F|\n|poke|p1|Ogerpon-Hearthflame, L50, F|\n|poke|p1|Glalie, L50, F|\n|poke|p1|Indeedee, L50, M|\n|poke|p1|Hippowdon, L50, F|\n|poke|p1|Flutter Mane, L50|\n|poke|p2|Espathra, L50, F|\n|poke|p2|Corviknight, L50, F|\n|poke|p2|Regieleki, L50|\n|poke|p2|Ursaluna, L50, M|\n|poke|p2|Skeledirge, L50, M|\n|poke|p2|Appletun, L50, F|\n|teampreview|4\n|\n|t:|1700990982\n|start\n|switch|p1a: Hippowdon|Hippowdon, L50, F|100\/100\n|switch|p1b: Indeedee|Indeedee, L50, M|100\/100\n|switch|p2a: Regieleki|Regieleki, L50|100\/100\n|switch|p2b: Espathra|Espathra, L50, F, shiny|100\/100\n|-fieldstart|move: Psychic Terrain|[from] ability: Psychic Surge|[of] p1b: Indeedee\n|turn|1\n|\n|t:|1700991007\n|-terastallize|p2a: Regieleki|Ice\n|-terastallize|p1a: Hippowdon|Ground\n|move|p2b: Espathra|Protect|p2b: Espathra\n|-singleturn|p2b: Espathra|Protect\n|move|p2a: Regieleki|Tera Blast|p1a: Hippowdon|[anim] Tera Blast Ice\n|-supereffective|p1a: Hippowdon\n|-damage|p1a: Hippowdon|39\/100\n|move|p1a: Hippowdon|Stone Edge|p2a: Regieleki|[miss]\n|-miss|p1a: Hippowdon|p2a: Regieleki\n|move|p1b: Indeedee|Trick Room|p1b: Indeedee\n|-fieldstart|move: Trick Room|[of] p1b: Indeedee\n|\n|-ability|p2b: Espathra|Speed Boost|boost\n|-boost|p2b: Espathra|spe|1\n|upkeep\n|turn|2\n|\n|t:|1700991029\n|move|p1a: Hippowdon|Stone Edge|p2a: Regieleki\n|-supereffective|p2a: Regieleki\n|-damage|p2a: Regieleki|18\/100\n|move|p1b: Indeedee|Psychic|p2b: Espathra\n|-resisted|p2b: Espathra\n|-damage|p2b: Espathra|72\/100\n|move|p2a: Regieleki|Tera Blast|p1a: Hippowdon|[anim] Tera Blast Ice\n|-supereffective|p1a: Hippowdon\n|-damage|p1a: Hippowdon|0 fnt\n|faint|p1a: Hippowdon\n|move|p2b: Espathra|Baton Pass|p2b: Espathra\n|\n|t:|1700991048\n|switch|p2b: Corviknight|Corviknight, L50, F, shiny|100\/100|[from] Baton Pass\n|\n|upkeep\n|\n|t:|1700991059\n|switch|p1a: Snorlax|Snorlax, L50, F, shiny|100\/100\n|turn|3\n|\n|t:|1700991069\n|move|p1a: Snorlax|Belly Drum|p1a: Snorlax\n|-damage|p1a: Snorlax|51\/100\n|-setboost|p1a: Snorlax|atk|6|[from] move: Belly Drum\n|move|p2b: Corviknight|Bulk Up|p2b: Corviknight\n|-boost|p2b: Corviknight|atk|1\n|-boost|p2b: Corviknight|def|1\n|move|p1b: Indeedee|Psychic|p2b: Corviknight\n|-resisted|p2b: Corviknight\n|-damage|p2b: Corviknight|87\/100\n|move|p2a: Regieleki|Electroweb|p1a: Snorlax|[spread] p1a,p1b\n|-damage|p1a: Snorlax|33\/100\n|-damage|p1b: Indeedee|67\/100\n|-unboost|p1a: Snorlax|spe|1\n|-unboost|p1b: Indeedee|spe|1\n|\n|upkeep\n|turn|4\n|\n|t:|1700991089\n|move|p1a: Snorlax|Rest|p1a: Snorlax\n|-status|p1a: Snorlax|slp|[from] move: Rest\n|-heal|p1a: Snorlax|100\/100 slp|[silent]\n|-enditem|p1a: Snorlax|Chesto Berry|[eat]\n|-curestatus|p1a: Snorlax|slp|[msg]\n|move|p1b: Indeedee|Psychic|p2a: Regieleki\n|-damage|p2a: Regieleki|0 fnt\n|faint|p2a: Regieleki\n|move|p2b: Corviknight|Bulk Up|p2b: Corviknight\n|-boost|p2b: Corviknight|atk|1\n|-boost|p2b: Corviknight|def|1\n|\n|upkeep\n|\n|t:|1700991098\n|switch|p2a: Espathra|Espathra, L50, F, shiny|72\/100\n|turn|5\n|\n|t:|1700991107\n|move|p2a: Espathra|Protect|p2a: Espathra\n|-singleturn|p2a: Espathra|Protect\n|move|p1a: Snorlax|Body Slam|p2b: Corviknight\n|-resisted|p2b: Corviknight\n|-damage|p2b: Corviknight|54\/100\n|-status|p2b: Corviknight|par\n|move|p2b: Corviknight|Bulk Up|p2b: Corviknight\n|-boost|p2b: Corviknight|atk|1\n|-boost|p2b: Corviknight|def|1\n|move|p1b: Indeedee|Psychic|p2a: Espathra\n|-activate|p2a: Espathra|move: Protect\n|\n|-fieldend|move: Trick Room\n|-fieldend|move: Psychic Terrain\n|-ability|p2a: Espathra|Speed Boost|boost\n|-boost|p2a: Espathra|spe|1\n|upkeep\n|turn|6\n|\n|t:|1700991129\n|move|p2a: Espathra|Dazzling Gleam|p1a: Snorlax|[spread] p1a,p1b\n|-damage|p1a: Snorlax|90\/100\n|-damage|p1b: Indeedee|48\/100\n|move|p2b: Corviknight|Body Press|p1a: Snorlax\n|-supereffective|p1a: Snorlax\n|-damage|p1a: Snorlax|11\/100\n|move|p1a: Snorlax|Rest|p1a: Snorlax\n|-status|p1a: Snorlax|slp|[from] move: Rest\n|-heal|p1a: Snorlax|100\/100 slp|[silent]\n|move|p1b: Indeedee|Trick Room|p1b: Indeedee\n|-fieldstart|move: Trick Room|[of] p1b: Indeedee\n|\n|-ability|p2a: Espathra|Speed Boost|boost\n|-boost|p2a: Espathra|spe|1\n|upkeep\n|turn|7\n|\n|t:|1700991145\n|move|p2a: Espathra|Protect|p2a: Espathra\n|-singleturn|p2a: Espathra|Protect\n|cant|p1a: Snorlax|slp\n|move|p1a: Snorlax|Sleep Talk|p1a: Snorlax\n|move|p1a: Snorlax|Body Slam|p2a: Espathra|[from]move: Sleep Talk\n|-activate|p2a: Espathra|move: Protect\n|move|p2b: Corviknight|Roost|p2b: Corviknight\n|-heal|p2b: Corviknight|100\/100 par\n|-singleturn|p2b: Corviknight|move: Roost\n|move|p1b: Indeedee|Psychic|p2a: Espathra\n|-activate|p2a: Espathra|move: Protect\n|\n|-ability|p2a: Espathra|Speed Boost|boost\n|-boost|p2a: Espathra|spe|1\n|upkeep\n|turn|8\n|\n|t:|1700991173\n|cant|p1a: Snorlax|slp\n|move|p1a: Snorlax|Sleep Talk|p1a: Snorlax\n|move|p1a: Snorlax|Body Slam|p2a: Espathra|[from]move: Sleep Talk\n|-damage|p2a: Espathra|0 fnt\n|faint|p2a: Espathra\n|move|p2b: Corviknight|Body Press|p1b: Indeedee\n|-damage|p1b: Indeedee|0 fnt\n|faint|p1b: Indeedee\n|\n|upkeep\n|\n|t:|1700991182\n|switch|p1b: Flutter Mane|Flutter Mane, L50|100\/100\n|switch|p2a: Skeledirge|Skeledirge, L50, M|100\/100\n|turn|9\n|\n|t:|1700991193\n|-curestatus|p1a: Snorlax|slp|[msg]\n|move|p1a: Snorlax|Sleep Talk||[still]\n|-fail|p1a: Snorlax\n|move|p2b: Corviknight|Iron Head|p1b: Flutter Mane\n|-supereffective|p1b: Flutter Mane\n|-damage|p1b: Flutter Mane|0 fnt\n|faint|p1b: Flutter Mane\n|-end|p1b: Flutter Mane|Protosynthesis|[silent]\n|move|p2a: Skeledirge|Shadow Ball|p1a: Snorlax\n|-immune|p1a: Snorlax\n|\n|upkeep\n|turn|10\n|\n|t:|1700991211\n|move|p1a: Snorlax|Body Slam|p2b: Corviknight\n|-resisted|p2b: Corviknight\n|-damage|p2b: Corviknight|72\/100 par\n|cant|p2b: Corviknight|par\n|move|p2a: Skeledirge|Torch Song|p1a: Snorlax\n|-damage|p1a: Snorlax|90\/100\n|-boost|p2a: Skeledirge|spa|1\n|\n|-fieldend|move: Trick Room\n|upkeep\n|turn|11\n|\n|t:|1700991224\n|move|p2a: Skeledirge|Torch Song|p1a: Snorlax\n|-damage|p1a: Snorlax|72\/100\n|-boost|p2a: Skeledirge|spa|1\n|move|p2b: Corviknight|Bulk Up|p2b: Corviknight\n|-boost|p2b: Corviknight|atk|1\n|-boost|p2b: Corviknight|def|1\n|move|p1a: Snorlax|Body Slam|p2b: Corviknight\n|-resisted|p2b: Corviknight\n|-damage|p2b: Corviknight|49\/100 par\n|-enditem|p2b: Corviknight|Sitrus Berry|[eat]\n|-heal|p2b: Corviknight|74\/100 par|[from] item: Sitrus Berry\n|\n|upkeep\n|turn|12\n|\n|t:|1700991243\n|move|p2a: Skeledirge|Torch Song|p1a: Snorlax\n|-damage|p1a: Snorlax|48\/100\n|-boost|p2a: Skeledirge|spa|1\n|move|p2b: Corviknight|Roost|p2b: Corviknight\n|-heal|p2b: Corviknight|100\/100 par\n|-singleturn|p2b: Corviknight|move: Roost\n|move|p1a: Snorlax|Body Slam|p2b: Corviknight\n|-resisted|p2b: Corviknight\n|-damage|p2b: Corviknight|78\/100 par\n|\n|upkeep\n|turn|13\n|\n|t:|1700991257\n|move|p2a: Skeledirge|Earth Power|p1a: Snorlax\n|-damage|p1a: Snorlax|4\/100\n|-unboost|p1a: Snorlax|spd|1\n|move|p2b: Corviknight|Body Press|p1a: Snorlax\n|-supereffective|p1a: Snorlax\n|-damage|p1a: Snorlax|0 fnt\n|faint|p1a: Snorlax\n|\n|win|zombieaussie\n|raw|tacochickennugget's rating: 1042 &rarr; <strong>1027<\/strong><br \/>(-15 for losing)\n|raw|zombieaussie's rating: 1061 &rarr; <strong>1090<\/strong><br \/>(+29 for winning)\n|l|\u2606tacochickennugget\n","uploadtime":1700991272,"views":16,"p1id":"tacochickennugget","p2id":"zombieaussie","formatid":"gen9vgc2023regulatione","rating":1027,"private":0,"password":""}