{"id":"gen9vgc2023regulatione-1989127335","p1":"Juanluquedios","p2":"beelzebruno","format":"[Gen 9] VGC 2023 Regulation E","log":"|j|\u2606Juanluquedios\n|j|\u2606beelzebruno\n|t:|1699815156\n|gametype|doubles\n|player|p1|Juanluquedios|101|1143\n|player|p2|beelzebruno|169|1199\n|teamsize|p1|6\n|teamsize|p2|6\n|gen|9\n|tier|[Gen 9] VGC 2023 Regulation E\n|rated|\n|rule|Species Clause: Limit one of each Pok\u00e9mon\n|rule|Item Clause: Limit one of each item\n|clearpoke\n|poke|p1|Roaring Moon, L50|\n|poke|p1|Empoleon, L50, F|\n|poke|p1|Ogerpon-Hearthflame, L50, F|\n|poke|p1|Flutter Mane, L50|\n|poke|p1|Landorus-Therian, L50, M|\n|poke|p1|Iron Hands, L50|\n|poke|p2|Tornadus, L50, M|\n|poke|p2|Gholdengo, L50|\n|poke|p2|Flutter Mane, L50|\n|poke|p2|Iron Hands, L50|\n|poke|p2|Dragonite, L50, M|\n|poke|p2|Arcanine-Hisui, L50, M|\n|teampreview|4\n|inactive|Battle timer is ON: inactive players will automatically lose when time's up. (requested by Juanluquedios)\n|inactive|Juanluquedios has 60 seconds left.\n|inactive|beelzebruno has 60 seconds left.\nJuanluquedios rejected open team sheets.\n|\n|t:|1699815203\n|start\n|switch|p1a: Andresmismo|Roaring Moon, L50|100\/100\n|switch|p1b: Malenia|Flutter Mane, L50|100\/100\n|switch|p2a: Tornadus|Tornadus, L50, M|100\/100\n|switch|p2b: Flutter Mane|Flutter Mane, L50|100\/100\n|-enditem|p1a: Andresmismo|Booster Energy\n|-activate|p1a: Andresmismo|ability: Protosynthesis|[fromitem]\n|-start|p1a: Andresmismo|protosynthesisspe\n|turn|1\n|inactive|beelzebruno has 30 seconds left.\n|\n|t:|1699815233\n|-terastallize|p1b: Malenia|Fairy\n|move|p2a: Tornadus|Tailwind|p2a: Tornadus\n|-sidestart|p2: beelzebruno|move: Tailwind\n|move|p2b: Flutter Mane|Dazzling Gleam|p1a: Andresmismo|[spread] p1a,p1b\n|-supereffective|p1a: Andresmismo\n|-damage|p1a: Andresmismo|0 fnt\n|-damage|p1b: Malenia|67\/100\n|faint|p1a: Andresmismo\n|-end|p1a: Andresmismo|Protosynthesis|[silent]\n|move|p1b: Malenia|Shadow Ball|p2b: Flutter Mane\n|-supereffective|p2b: Flutter Mane\n|-enditem|p2b: Flutter Mane|Focus Sash\n|-damage|p2b: Flutter Mane|1\/100\n|\n|upkeep\n|\n|t:|1699815251\n|switch|p1a: Amador|Empoleon, L50, F|100\/100\n|turn|2\n|\n|t:|1699815268\n|move|p2b: Flutter Mane|Protect|p2b: Flutter Mane\n|-singleturn|p2b: Flutter Mane|Protect\n|move|p2a: Tornadus|Bleakwind Storm|p1a: Amador|[spread] p1a,p1b\n|-resisted|p1a: Amador\n|-damage|p1a: Amador|87\/100\n|-damage|p1b: Malenia|35\/100\n|-unboost|p1a: Amador|spe|1\n|-ability|p1a: Amador|Competitive|boost\n|-boost|p1a: Amador|spa|2\n|move|p1b: Malenia|Shadow Ball|p2a: Tornadus\n|-damage|p2a: Tornadus|39\/100\n|move|p1a: Amador|Ice Beam|p2b: Flutter Mane\n|-activate|p2b: Flutter Mane|move: Protect\n|\n|upkeep\n|turn|3\n|\n|t:|1699815291\n|move|p2b: Flutter Mane|Dazzling Gleam|p1a: Amador|[spread] p1a,p1b\n|-resisted|p1a: Amador\n|-damage|p1a: Amador|72\/100\n|-damage|p1b: Malenia|0 fnt\n|faint|p1b: Malenia\n|-end|p1b: Malenia|Protosynthesis|[silent]\n|move|p2a: Tornadus|Bleakwind Storm|p1a: Amador\n|-resisted|p1a: Amador\n|-damage|p1a: Amador|52\/100\n|-unboost|p1a: Amador|spe|1\n|-ability|p1a: Amador|Competitive|boost\n|-boost|p1a: Amador|spa|2\n|move|p1a: Amador|Ice Beam|p2a: Tornadus\n|-supereffective|p2a: Tornadus\n|-damage|p2a: Tornadus|0 fnt\n|faint|p2a: Tornadus\n|\n|upkeep\n|inactive|beelzebruno has 30 seconds left.\n|\n|t:|1699815317\n|switch|p1b: Fimois|Landorus-Therian, L50, M|100\/100\n|switch|p2a: Angeal|Dragonite, L50, M|100\/100\n|-ability|p1b: Fimois|Intimidate|boost\n|-fail|p2a: Angeal|unboost|Attack|[from] ability: Inner Focus|[of] p2a: Angeal\n|-unboost|p2b: Flutter Mane|atk|1\n|turn|4\n|\n|t:|1699815337\n|-terastallize|p2a: Angeal|Normal\n|move|p1a: Amador|Protect|p1a: Amador\n|-singleturn|p1a: Amador|Protect\n|move|p2b: Flutter Mane|Shadow Ball|p1a: Amador\n|-activate|p1a: Amador|move: Protect\n|move|p1b: Fimois|Rock Slide|p2a: Angeal|[spread] p2a,p2b\n|-damage|p2a: Angeal|80\/100\n|-damage|p2b: Flutter Mane|0 fnt\n|faint|p2b: Flutter Mane\n|-end|p2b: Flutter Mane|Protosynthesis|[silent]\n|move|p2a: Angeal|Ice Spinner|p1b: Fimois\n|-supereffective|p1b: Fimois\n|-damage|p1b: Fimois|0 fnt\n|faint|p1b: Fimois\n|\n|-sideend|p2: beelzebruno|move: Tailwind\n|upkeep\n|\n|t:|1699815354\n|switch|p2b: Arcanine|Arcanine-Hisui, L50, M|100\/100\n|-ability|p2b: Arcanine|Intimidate|boost\n|-unboost|p1a: Amador|atk|1\n|-ability|p1a: Amador|Competitive|boost\n|-boost|p1a: Amador|spa|2\n|turn|5\n|inactive|beelzebruno has 30 seconds left.\n|\n|t:|1699815387\n|move|p2a: Angeal|Extreme Speed|p1a: Amador\n|-resisted|p1a: Amador\n|-damage|p1a: Amador|25\/100\n|-enditem|p1a: Amador|Sitrus Berry|[eat]\n|-heal|p1a: Amador|50\/100|[from] item: Sitrus Berry\n|move|p2b: Arcanine|Rock Slide|p1a: Amador\n|-resisted|p1a: Amador\n|-damage|p1a: Amador|29\/100\n|move|p1a: Amador|Flash Cannon|p2a: Angeal\n|-damage|p2a: Angeal|0 fnt\n|faint|p2a: Angeal\n|\n|upkeep\n|turn|6\n|c|\u2606Juanluquedios|gg\n|c|\u2606beelzebruno|gg\n|\n|t:|1699815410\n|move|p2b: Arcanine|Flare Blitz|p1a: Amador\n|-damage|p1a: Amador|0 fnt\n|faint|p1a: Amador\n|-damage|p2b: Arcanine|90\/100|[from] Recoil\n|\n|win|beelzebruno\n|raw|Juanluquedios's rating: 1143 &rarr; <strong>1122<\/strong><br \/>(-21 for losing)\n|raw|beelzebruno's rating: 1199 &rarr; <strong>1220<\/strong><br \/>(+21 for winning)\n|c|\u2606Juanluquedios|wp\n|c|\u2606beelzebruno|:D\n|l|\u2606Juanluquedios\n","uploadtime":1699815439,"views":13,"p1id":"juanluquedios","p2id":"beelzebruno","formatid":"gen9vgc2023regulatione","rating":1122,"private":0,"password":""}