{"id":"gen9vgc2023regulatione-1990123289","p1":"efrain88","p2":"joseph.driver910","format":"[Gen 9] VGC 2023 Regulation E","log":"|j|\u2606efrain88\n|j|\u2606joseph.driver910\n|t:|1699927037\n|gametype|doubles\n|player|p1|efrain88|266|1082\n|player|p2|joseph.driver910|volo|1000\n|teamsize|p1|6\n|teamsize|p2|4\n|gen|9\n|tier|[Gen 9] VGC 2023 Regulation E\n|rated|\n|rule|Species Clause: Limit one of each Pok\u00e9mon\n|rule|Item Clause: Limit one of each item\n|clearpoke\n|poke|p1|Kommo-o, L50, F|\n|poke|p1|Volcarona, L50, F|\n|poke|p1|Heatran, L50, M|\n|poke|p1|Dipplin, L50, F|\n|poke|p1|Ninetales-Alola, L50, M|\n|poke|p1|Farigiraf, L50, F|\n|poke|p2|Annihilape, L50, F|\n|poke|p2|Tatsugiri, L50, M|\n|poke|p2|Dondozo, L50, F|\n|poke|p2|Flamigo, L50, F|\n|teampreview|4\njoseph.driver910 has agreed to open team sheets.\n|\n|t:|1699927071\n|start\n|switch|p1a: Volcarona|Volcarona, L50, F, shiny|100\/100\n|switch|p1b: Ninetales|Ninetales-Alola, L50, M|100\/100\n|switch|p2a: Annihilape|Annihilape, L50, F, shiny|100\/100\n|switch|p2b: Tatsugiri|Tatsugiri, L50, M, shiny|100\/100\n|-weather|Snow|[from] ability: Snow Warning|[of] p1b: Ninetales\n|turn|1\n|inactive|Battle timer is ON: inactive players will automatically lose when time's up. (requested by efrain88)\n|\n|t:|1699927087\n|move|p2b: Tatsugiri|Endure|p2b: Tatsugiri\n|-singleturn|p2b: Tatsugiri|move: Endure\n|move|p1b: Ninetales|Aurora Veil|p1b: Ninetales\n|-sidestart|p1: efrain88|move: Aurora Veil\n|move|p2a: Annihilape|Final Gambit|p2b: Tatsugiri\n|-activate|p2b: Tatsugiri|move: Endure\n|-damage|p2b: Tatsugiri|1\/100\n|faint|p2a: Annihilape\n|move|p1a: Volcarona|Quiver Dance|p1a: Volcarona\n|-boost|p1a: Volcarona|spa|1\n|-boost|p1a: Volcarona|spd|1\n|-boost|p1a: Volcarona|spe|1\n|\n|-weather|Snow|[upkeep]\n|-status|p2b: Tatsugiri|tox|[from] item: Toxic Orb\n|upkeep\n|\n|t:|1699927103\n|switch|p2a: Dondozo|Dondozo, L50, F, shiny|100\/100\n|-activate|p2b: Tatsugiri|ability: Commander|[of] p2a: Dondozo\n|-boost|p2a: Dondozo|atk|2\n|-boost|p2a: Dondozo|spa|2\n|-boost|p2a: Dondozo|spe|2\n|-boost|p2a: Dondozo|def|2\n|-boost|p2a: Dondozo|spd|2\n|turn|2\n|\n|t:|1699927120\n|switch|p1b: Farigiraf|Farigiraf, L50, F, shiny|100\/100\n|move|p1a: Volcarona|Giga Drain|p2a: Dondozo\n|-supereffective|p2a: Dondozo\n|-damage|p2a: Dondozo|72\/100\n|move|p2a: Dondozo|Order Up|p1b: Farigiraf\n|-damage|p1b: Farigiraf|72\/100\n|-boost|p2a: Dondozo|atk|1\n|\n|-weather|Snow|[upkeep]\n|-heal|p2a: Dondozo|78\/100|[from] item: Leftovers\n|-damage|p2b: Tatsugiri|0 fnt|[from] psn\n|faint|p2b: Tatsugiri\n|upkeep\n|\n|t:|1699927136\n|switch|p2b: Flamigo|Flamigo, L50, F, shiny|100\/100\n|-copyboost|p2b: Flamigo|p2a: Dondozo|[from] ability: Costar\n|turn|3\n|inactive|efrain88 has 30 seconds left.\n|\n|t:|1699927161\n|move|p2b: Flamigo|Detect|p2b: Flamigo\n|-singleturn|p2b: Flamigo|Protect\n|move|p2a: Dondozo|Protect|p2a: Dondozo\n|-singleturn|p2a: Dondozo|Protect\n|move|p1a: Volcarona|Fiery Dance|p2b: Flamigo\n|-activate|p2b: Flamigo|move: Protect\n|move|p1b: Farigiraf|Psyshock|p2b: Flamigo\n|-activate|p2b: Flamigo|move: Protect\n|\n|-weather|Snow|[upkeep]\n|-heal|p2a: Dondozo|84\/100|[from] item: Leftovers\n|upkeep\n|turn|4\n|inactive|efrain88 has 30 seconds left.\n|inactive|joseph.driver910 has 30 seconds left.\n|\n|t:|1699927192\n|move|p1b: Farigiraf|Helping Hand|p1a: Volcarona\n|-singleturn|p1a: Volcarona|Helping Hand|[of] p1b: Farigiraf\n|move|p2b: Flamigo|Brave Bird|p1a: Volcarona\n|-supereffective|p1a: Volcarona\n|-damage|p1a: Volcarona|0 fnt\n|-status|p2b: Flamigo|brn|[from] ability: Flame Body|[of] p1a: Volcarona\n|faint|p1a: Volcarona\n|-damage|p2b: Flamigo|67\/100 brn|[from] Recoil\n|move|p2a: Dondozo|Substitute|p2a: Dondozo\n|-start|p2a: Dondozo|Substitute\n|-damage|p2a: Dondozo|59\/100\n|\n|-weather|Snow|[upkeep]\n|-heal|p2a: Dondozo|65\/100|[from] item: Leftovers\n|-damage|p2b: Flamigo|61\/100 brn|[from] brn\n|upkeep\n|\n|t:|1699927207\n|switch|p1a: Ninetales|Ninetales-Alola, L50, M|100\/100\n|turn|5\n|\n|t:|1699927220\n|move|p2b: Flamigo|Close Combat|p1b: Farigiraf\n|-damage|p1b: Farigiraf|19\/100\n|-unboost|p2b: Flamigo|def|1\n|-unboost|p2b: Flamigo|spd|1\n|-enditem|p1b: Farigiraf|Wiki Berry|[eat]\n|-heal|p1b: Farigiraf|52\/100|[from] item: Wiki Berry\n|move|p1a: Ninetales|Dazzling Gleam|p2a: Dondozo|[spread] p2a,p2b\n|-activate|p2a: Dondozo|move: Substitute|[damage]\n|-supereffective|p2b: Flamigo\n|-damage|p2b: Flamigo|10\/100 brn\n|move|p2a: Dondozo|Wave Crash|p1a: Ninetales\n|-damage|p1a: Ninetales|43\/100\n|-damage|p2a: Dondozo|55\/100|[from] Recoil\n|move|p1b: Farigiraf|Psyshock|p2b: Flamigo\n|-supereffective|p2b: Flamigo\n|-damage|p2b: Flamigo|0 fnt\n|faint|p2b: Flamigo\n|\n|-weather|none\n|-heal|p2a: Dondozo|61\/100|[from] item: Leftovers\n|upkeep\n|turn|6\n|inactive|efrain88 has 30 seconds left.\n|inactive|joseph.driver910 has 30 seconds left.\n|\n|t:|1699927254\n|switch|p1a: Kommo-o|Kommo-o, L50, F, shiny|100\/100\n|move|p2a: Dondozo|Wave Crash|p1a: Kommo-o\n|-resisted|p1a: Kommo-o\n|-damage|p1a: Kommo-o|64\/100\n|-damage|p2a: Dondozo|54\/100|[from] Recoil\n|move|p1b: Farigiraf|Psychic|p2a: Dondozo\n|-end|p2a: Dondozo|Substitute\n|\n|-heal|p2a: Dondozo|60\/100|[from] item: Leftovers\n|upkeep\n|turn|7\n|\n|t:|1699927278\n|move|p1a: Kommo-o|Clangorous Soul|p1a: Kommo-o\n|-boost|p1a: Kommo-o|atk|1\n|-boost|p1a: Kommo-o|def|1\n|-boost|p1a: Kommo-o|spa|1\n|-boost|p1a: Kommo-o|spd|1\n|-boost|p1a: Kommo-o|spe|1\n|-damage|p1a: Kommo-o|32\/100\n|move|p2a: Dondozo|Substitute|p2a: Dondozo\n|-start|p2a: Dondozo|Substitute\n|-damage|p2a: Dondozo|35\/100\n|move|p1b: Farigiraf|Psyshock|p2a: Dondozo\n|-activate|p2a: Dondozo|move: Substitute|[damage]\n|\n|-heal|p2a: Dondozo|41\/100|[from] item: Leftovers\n|upkeep\n|turn|8\n|\n|t:|1699927296\n|move|p1a: Kommo-o|Drain Punch|p2a: Dondozo\n|-activate|p2a: Dondozo|move: Substitute|[damage]\n|-heal|p1a: Kommo-o|39\/100|[from] drain|[of] p2a: Dondozo\n|move|p2a: Dondozo|Order Up|p1a: Kommo-o\n|-supereffective|p1a: Kommo-o\n|-damage|p1a: Kommo-o|0 fnt\n|faint|p1a: Kommo-o\n|-boost|p2a: Dondozo|atk|1\n|move|p1b: Farigiraf|Psyshock|p2a: Dondozo\n|-end|p2a: Dondozo|Substitute\n|\n|-heal|p2a: Dondozo|48\/100|[from] item: Leftovers\n|-sideend|p1: efrain88|move: Aurora Veil\n|upkeep\n|\n|t:|1699927310\n|switch|p1a: Ninetales|Ninetales-Alola, L50, M|43\/100\n|-weather|Snow|[from] ability: Snow Warning|[of] p1a: Ninetales\n|turn|9\n|\n|t:|1699927320\n|move|p1a: Ninetales|Dazzling Gleam|p2a: Dondozo\n|-damage|p2a: Dondozo|34\/100\n|move|p2a: Dondozo|Substitute|p2a: Dondozo\n|-start|p2a: Dondozo|Substitute\n|-damage|p2a: Dondozo|9\/100\n|move|p1b: Farigiraf|Trick Room|p1b: Farigiraf\n|-fieldstart|move: Trick Room|[of] p1b: Farigiraf\n|\n|-weather|Snow|[upkeep]\n|-heal|p2a: Dondozo|15\/100|[from] item: Leftovers\n|upkeep\n|turn|10\n|\n|t:|1699927336\n|move|p1b: Farigiraf|Psyshock|p2a: Dondozo\n|-activate|p2a: Dondozo|move: Substitute|[damage]\n|move|p2a: Dondozo|Wave Crash|p1a: Ninetales\n|-damage|p1a: Ninetales|0 fnt\n|faint|p1a: Ninetales\n|-damage|p2a: Dondozo|7\/100|[from] Recoil\n|\n|-weather|Snow|[upkeep]\n|-heal|p2a: Dondozo|13\/100|[from] item: Leftovers\n|upkeep\n|turn|11\n|\n|t:|1699927354\n|move|p1b: Farigiraf|Psyshock|p2a: Dondozo\n|-activate|p2a: Dondozo|move: Substitute|[damage]\n|move|p2a: Dondozo|Order Up|p1b: Farigiraf\n|-damage|p1b: Farigiraf|0 fnt\n|faint|p1b: Farigiraf\n|\n|win|joseph.driver910\n|raw|efrain88's rating: 1082 &rarr; <strong>1055<\/strong><br \/>(-27 for losing)\n|raw|joseph.driver910's rating: 1000 &rarr; <strong>1049<\/strong><br \/>(+49 for winning)\n|l|\u2606efrain88\n|l|\u2606joseph.driver910\n|j|\u2606joseph.driver910\n|player|p2|joseph.driver910|volo\n","uploadtime":1699927413,"views":10,"p1id":"efrain88","p2id":"josephdriver910","formatid":"gen9vgc2023regulatione","rating":1049,"private":0,"password":""}