{"id":"gen9vgc2023regulatione-1988501646","p1":"tucoteam5","p2":"Kzjrkz","format":"[Gen 9] VGC 2023 Regulation E","log":"|j|\u2606tucoteam5\n|j|\u2606Kzjrkz\n|t:|1699729739\n|gametype|doubles\n|player|p1|tucoteam5|ltsurge|1100\n|player|p2|Kzjrkz|lance|1000\n|teamsize|p1|6\n|teamsize|p2|6\n|gen|9\n|tier|[Gen 9] VGC 2023 Regulation E\n|rated|\n|rule|Species Clause: Limit one of each Pok\u00e9mon\n|rule|Item Clause: Limit one of each item\n|clearpoke\n|poke|p1|Kommo-o, L50, M|\n|poke|p1|Tyranitar, L50, M|\n|poke|p1|Rillaboom, L50, M|\n|poke|p1|Flutter Mane, L50|\n|poke|p1|Arcanine-Hisui, L50, M|\n|poke|p1|Iron Bundle, L50|\n|poke|p2|Flutter Mane, L50|\n|poke|p2|Tornadus, L50, M|\n|poke|p2|Rillaboom, L50, M|\n|poke|p2|Garganacl, L50, M|\n|poke|p2|Arcanine-Hisui, L50, M|\n|poke|p2|Chien-Pao, L50|\n|teampreview|4\n|inactive|Battle timer is ON: inactive players will automatically lose when time's up. (requested by tucoteam5)\n|\n|t:|1699729781\n|start\n|switch|p1a: Tyranitar|Tyranitar, L50, M|100\/100\n|switch|p1b: Iron Bundle|Iron Bundle, L50|100\/100\n|switch|p2a: Tornadus|Tornadus, L50, M|100\/100\n|switch|p2b: Garganacl|Garganacl, L50, M|100\/100\n|-weather|Sandstorm|[from] ability: Sand Stream|[of] p1a: Tyranitar\n|-enditem|p1b: Iron Bundle|Booster Energy\n|-activate|p1b: Iron Bundle|ability: Quark Drive|[fromitem]\n|-start|p1b: Iron Bundle|quarkdrivespe\n|turn|1\n|inactive|tucoteam5 has 30 seconds left.\n|\n|t:|1699729806\n|-terastallize|p2b: Garganacl|Ghost\n|move|p2a: Tornadus|Sunny Day|p2a: Tornadus\n|-weather|SunnyDay\n|move|p1b: Iron Bundle|Freeze-Dry|p2a: Tornadus\n|-supereffective|p2a: Tornadus\n|-crit|p2a: Tornadus\n|-damage|p2a: Tornadus|20\/100\n|move|p1a: Tyranitar|Low Kick|p2b: Garganacl\n|-immune|p2b: Garganacl\n|move|p2b: Garganacl|Iron Defense|p2b: Garganacl\n|-boost|p2b: Garganacl|def|2\n|\n|-weather|SunnyDay|[upkeep]\n|upkeep\n|turn|2\n|\n|t:|1699729822\n|-terastallize|p1b: Iron Bundle|Ghost\n|move|p2a: Tornadus|Tailwind|p2a: Tornadus\n|-sidestart|p2: Kzjrkz|move: Tailwind\n|move|p1b: Iron Bundle|Icy Wind|p2b: Garganacl|[spread] p2a,p2b\n|-supereffective|p2a: Tornadus\n|-damage|p2a: Tornadus|0 fnt\n|-damage|p2b: Garganacl|86\/100\n|-unboost|p2b: Garganacl|spe|1\n|faint|p2a: Tornadus\n|move|p1a: Tyranitar|Knock Off|p2b: Garganacl\n|-supereffective|p2b: Garganacl\n|-damage|p2b: Garganacl|45\/100\n|-enditem|p2b: Garganacl|Sitrus Berry|[from] move: Knock Off|[of] p1a: Tyranitar\n|move|p2b: Garganacl|Salt Cure|p1b: Iron Bundle\n|-damage|p1b: Iron Bundle|82\/100\n|-start|p1b: Iron Bundle|Salt Cure\n|\n|-weather|SunnyDay|[upkeep]\n|-damage|p1b: Iron Bundle|70\/100|[from] Salt Cure\n|upkeep\n|\n|t:|1699729830\n|switch|p2a: Arcanine|Arcanine-Hisui, L50, M|100\/100\n|-ability|p2a: Arcanine|Intimidate|boost\n|-unboost|p1a: Tyranitar|atk|1\n|-unboost|p1b: Iron Bundle|atk|1\n|turn|3\n|\n|t:|1699729849\n|switch|p2a: Flutter Mane|Flutter Mane, L50|100\/100\n|-activate|p2a: Flutter Mane|ability: Protosynthesis\n|-start|p2a: Flutter Mane|protosynthesisspe\n|move|p1b: Iron Bundle|Freeze-Dry|p2b: Garganacl\n|-damage|p2b: Garganacl|23\/100\n|move|p1a: Tyranitar|Low Kick|p2a: Flutter Mane\n|-immune|p2a: Flutter Mane\n|move|p2b: Garganacl|Recover|p2b: Garganacl\n|-heal|p2b: Garganacl|73\/100\n|\n|-weather|SunnyDay|[upkeep]\n|-damage|p1b: Iron Bundle|58\/100|[from] Salt Cure\n|upkeep\n|turn|4\n|\n|t:|1699729864\n|move|p2a: Flutter Mane|Protect|p2a: Flutter Mane\n|-singleturn|p2a: Flutter Mane|Protect\n|move|p1b: Iron Bundle|Icy Wind|p2a: Flutter Mane|[spread] p2b\n|-activate|p2a: Flutter Mane|move: Protect\n|-damage|p2b: Garganacl|58\/100\n|-unboost|p2b: Garganacl|spe|1\n|move|p1a: Tyranitar|Knock Off|p2a: Flutter Mane\n|-activate|p2a: Flutter Mane|move: Protect\n|move|p2b: Garganacl|Salt Cure|p1a: Tyranitar\n|-damage|p1a: Tyranitar|88\/100\n|-start|p1a: Tyranitar|Salt Cure\n|\n|-weather|SunnyDay|[upkeep]\n|-damage|p1b: Iron Bundle|46\/100|[from] Salt Cure\n|-damage|p1a: Tyranitar|75\/100|[from] Salt Cure\n|upkeep\n|turn|5\n|\n|t:|1699729873\n|move|p2a: Flutter Mane|Substitute|p2a: Flutter Mane\n|-start|p2a: Flutter Mane|Substitute\n|-damage|p2a: Flutter Mane|76\/100\n|move|p1b: Iron Bundle|Icy Wind|p2a: Flutter Mane|[spread] p2a,p2b\n|-activate|p2a: Flutter Mane|move: Substitute|[damage]\n|-damage|p2b: Garganacl|44\/100\n|-unboost|p2b: Garganacl|spe|1\n|move|p1a: Tyranitar|Knock Off|p2a: Flutter Mane\n|-end|p2a: Flutter Mane|Substitute\n|move|p2b: Garganacl|Recover|p2b: Garganacl\n|-heal|p2b: Garganacl|94\/100\n|\n|-weather|none\n|-end|p2a: Flutter Mane|Protosynthesis\n|-damage|p1b: Iron Bundle|33\/100|[from] Salt Cure\n|-damage|p1a: Tyranitar|63\/100|[from] Salt Cure\n|-sideend|p2: Kzjrkz|move: Tailwind\n|upkeep\n|-enditem|p2a: Flutter Mane|Booster Energy\n|-activate|p2a: Flutter Mane|ability: Protosynthesis|[fromitem]\n|-start|p2a: Flutter Mane|protosynthesisspe\n|turn|6\n|\n|t:|1699729891\n|move|p2a: Flutter Mane|Protect|p2a: Flutter Mane\n|-singleturn|p2a: Flutter Mane|Protect\n|move|p1b: Iron Bundle|Hydro Pump|p2b: Garganacl\n|-damage|p2b: Garganacl|58\/100\n|move|p1a: Tyranitar|Knock Off|p2a: Flutter Mane\n|-activate|p2a: Flutter Mane|move: Protect\n|move|p2b: Garganacl|Iron Defense|p2b: Garganacl\n|-boost|p2b: Garganacl|def|2\n|\n|-damage|p1b: Iron Bundle|21\/100|[from] Salt Cure\n|-damage|p1a: Tyranitar|50\/100|[from] Salt Cure\n|upkeep\n|turn|7\n|\n|t:|1699729901\n|move|p1b: Iron Bundle|Hydro Pump|p2b: Garganacl\n|-damage|p2b: Garganacl|24\/100\n|move|p2a: Flutter Mane|Moonblast|p1a: Tyranitar\n|-supereffective|p1a: Tyranitar\n|-damage|p1a: Tyranitar|0 fnt\n|faint|p1a: Tyranitar\n|move|p2b: Garganacl|Recover|p2b: Garganacl\n|-heal|p2b: Garganacl|74\/100\n|\n|-damage|p1b: Iron Bundle|9\/100|[from] Salt Cure\n|upkeep\n|\n|t:|1699729909\n|switch|p1a: Arcanine|Arcanine-Hisui, L50, M|100\/100\n|-ability|p1a: Arcanine|Intimidate|boost\n|-unboost|p2a: Flutter Mane|atk|1\n|-unboost|p2b: Garganacl|atk|1\n|turn|8\n|\n|t:|1699729919\n|move|p2a: Flutter Mane|Protect|p2a: Flutter Mane\n|-singleturn|p2a: Flutter Mane|Protect\n|move|p1b: Iron Bundle|Icy Wind|p2a: Flutter Mane|[spread] p2b\n|-activate|p2a: Flutter Mane|move: Protect\n|-damage|p2b: Garganacl|61\/100\n|-unboost|p2b: Garganacl|spe|1\n|move|p1a: Arcanine|Flare Blitz|p2b: Garganacl\n|-damage|p2b: Garganacl|49\/100\n|-damage|p1a: Arcanine|96\/100|[from] Recoil\n|move|p2b: Garganacl|Salt Cure|p1a: Arcanine\n|-supereffective|p1a: Arcanine\n|-damage|p1a: Arcanine|77\/100\n|-start|p1a: Arcanine|Salt Cure\n|\n|-damage|p1b: Iron Bundle|0 fnt|[from] Salt Cure\n|faint|p1b: Iron Bundle\n|-end|p1b: Iron Bundle|Quark Drive|[silent]\n|-damage|p1a: Arcanine|65\/100|[from] Salt Cure\n|upkeep\n|\n|t:|1699729922\n|switch|p1b: Flutter Mane|Flutter Mane, L50|100\/100\n|turn|9\n|\n|t:|1699729932\n|-end|p2a: Flutter Mane|Protosynthesis|[silent]\n|switch|p2a: Arcanine|Arcanine-Hisui, L50, M|100\/100\n|-ability|p2a: Arcanine|Intimidate|boost\n|-unboost|p1a: Arcanine|atk|1\n|-unboost|p1b: Flutter Mane|atk|1\n|move|p2b: Garganacl|Protect|p2b: Garganacl\n|-singleturn|p2b: Garganacl|Protect\n|move|p1b: Flutter Mane|Shadow Ball|p2a: Arcanine\n|-damage|p2a: Arcanine|26\/100\n|move|p1a: Arcanine|Flare Blitz|p2b: Garganacl\n|-activate|p2b: Garganacl|move: Protect\n|\n|-damage|p1a: Arcanine|52\/100|[from] Salt Cure\n|upkeep\n|turn|10\n|\n|t:|1699729944\n|move|p1b: Flutter Mane|Shadow Ball|p2a: Arcanine\n|-damage|p2a: Arcanine|0 fnt\n|faint|p2a: Arcanine\n|move|p1a: Arcanine|Flare Blitz|p2b: Garganacl\n|-damage|p2b: Garganacl|42\/100\n|-damage|p1a: Arcanine|50\/100|[from] Recoil\n|-enditem|p1a: Arcanine|Sitrus Berry|[eat]\n|-heal|p1a: Arcanine|75\/100|[from] item: Sitrus Berry\n|move|p2b: Garganacl|Recover|p2b: Garganacl\n|-heal|p2b: Garganacl|92\/100\n|\n|-damage|p1a: Arcanine|62\/100|[from] Salt Cure\n|upkeep\n|\n|t:|1699729956\n|switch|p2a: Flutter Mane|Flutter Mane, L50|76\/100\n|turn|11\n|\n|t:|1699729964\n|move|p2a: Flutter Mane|Protect|p2a: Flutter Mane\n|-singleturn|p2a: Flutter Mane|Protect\n|move|p1b: Flutter Mane|Shadow Ball|p2a: Flutter Mane\n|-activate|p2a: Flutter Mane|move: Protect\n|move|p1a: Arcanine|Flare Blitz|p2a: Flutter Mane\n|-activate|p2a: Flutter Mane|move: Protect\n|move|p2b: Garganacl|Salt Cure|p1b: Flutter Mane\n|-damage|p1b: Flutter Mane|81\/100\n|-start|p1b: Flutter Mane|Salt Cure\n|\n|-damage|p1b: Flutter Mane|69\/100|[from] Salt Cure\n|-damage|p1a: Arcanine|50\/100|[from] Salt Cure\n|upkeep\n|turn|12\n|\n|t:|1699729975\n|move|p2a: Flutter Mane|Shadow Ball|p1b: Flutter Mane\n|-supereffective|p1b: Flutter Mane\n|-damage|p1b: Flutter Mane|0 fnt\n|faint|p1b: Flutter Mane\n|-end|p1b: Flutter Mane|Protosynthesis|[silent]\n|move|p1a: Arcanine|Flare Blitz|p2a: Flutter Mane\n|-damage|p2a: Flutter Mane|11\/100\n|-damage|p1a: Arcanine|36\/100|[from] Recoil\n|move|p2b: Garganacl|Recover|p2b: Garganacl\n|-heal|p2b: Garganacl|100\/100\n|\n|-damage|p1a: Arcanine|23\/100|[from] Salt Cure\n|upkeep\n|turn|13\n|-message|tucoteam5 forfeited.\n|\n|win|Kzjrkz\n|raw|tucoteam5's rating: 1100 &rarr; <strong>1068<\/strong><br \/>(-32 for losing)\n|raw|Kzjrkz's rating: 1000 &rarr; <strong>1051<\/strong><br \/>(+51 for winning)\n|l|\u2606tucoteam5\n","uploadtime":1699729989,"views":16,"p1id":"tucoteam5","p2id":"kzjrkz","formatid":"gen9vgc2023regulatione","rating":1051,"private":0,"password":""}