{"id":"gen9vgc2023regulatione-1998179850","p1":"vlopes777","p2":"Gaedtke","format":"[Gen 9] VGC 2023 Regulation E","log":"|j|\u2606vlopes777\n|j|\u2606Gaedtke\n|t:|1700907421\n|gametype|doubles\n|player|p1|vlopes777|pokekid|1218\n|player|p2|Gaedtke|101|1258\n|teamsize|p1|6\n|teamsize|p2|6\n|gen|9\n|tier|[Gen 9] VGC 2023 Regulation E\n|rated|\n|rule|Species Clause: Limit one of each Pok\u00e9mon\n|rule|Item Clause: Limit one of each item\n|clearpoke\n|poke|p1|Landorus-Therian, L50, M|\n|poke|p1|Tornadus, L50, M|\n|poke|p1|Iron Hands, L50|\n|poke|p1|Amoonguss, L50, F|\n|poke|p1|Heatran, L50, F|\n|poke|p1|Flutter Mane, L50|\n|poke|p2|Snorlax, L50, F|\n|poke|p2|Sinistcha, L50|\n|poke|p2|Landorus-Therian, L50, M|\n|poke|p2|Clefairy, L50, M|\n|poke|p2|Iron Hands, L50|\n|poke|p2|Kommo-o, L50, F|\n|teampreview|4\n|inactive|Battle timer is ON: inactive players will automatically lose when time's up. (requested by vlopes777)\nvlopes777 has agreed to open team sheets.\n|inactive|vlopes777 has 60 seconds left.\n|inactive|Gaedtke has 60 seconds left.\n|\n|t:|1700907462\n|start\n|switch|p1a: D\u00e9m\u00e9t\u00e9ros|Landorus-Therian, L50, M|100\/100\n|switch|p1b: Flutter Mane|Flutter Mane, L50|100\/100\n|switch|p2a: Sinistcha|Sinistcha, L50, shiny|100\/100\n|switch|p2b: Clefairy|Clefairy, L50, M, shiny|100\/100\n|-ability|p1a: D\u00e9m\u00e9t\u00e9ros|Intimidate|boost\n|-unboost|p2a: Sinistcha|atk|1\n|-unboost|p2b: Clefairy|atk|1\n|turn|1\n|inactive|vlopes777 has 30 seconds left.\n|inactive|vlopes777 has 20 seconds left.\n|\n|t:|1700907498\n|move|p2b: Clefairy|Follow Me|p2b: Clefairy\n|-singleturn|p2b: Clefairy|move: Follow Me\n|move|p1a: D\u00e9m\u00e9t\u00e9ros|U-turn|p2b: Clefairy\n|-resisted|p2b: Clefairy\n|-damage|p2b: Clefairy|89\/100\n|\n|t:|1700907508\n|switch|p1a: Amoonguss|Amoonguss, L50, F|100\/100|[from] U-turn\n|move|p1b: Flutter Mane|Shadow Ball|p2b: Clefairy\n|-damage|p2b: Clefairy|41\/100\n|move|p2a: Sinistcha|Trick Room|p2a: Sinistcha\n|-fieldstart|move: Trick Room|[of] p2a: Sinistcha\n|\n|upkeep\n|turn|2\n|inactive|Gaedtke has 30 seconds left.\n|inactive|Gaedtke has 20 seconds left.\n|inactive|Gaedtke has 15 seconds left.\n|inactive|Gaedtke has 10 seconds left.\n|\n|t:|1700907557\n|move|p2b: Clefairy|Follow Me|p2b: Clefairy\n|-singleturn|p2b: Clefairy|move: Follow Me\n|move|p1a: Amoonguss|Spore|p2b: Clefairy\n|-status|p2b: Clefairy|slp|[from] move: Spore\n|move|p2a: Sinistcha|Matcha Gotcha|p1b: Flutter Mane|[spread] p1a,p1b\n|-resisted|p1a: Amoonguss\n|-crit|p1a: Amoonguss\n|-damage|p1a: Amoonguss|93\/100\n|-damage|p1b: Flutter Mane|77\/100\n|-status|p1b: Flutter Mane|brn\n|move|p1b: Flutter Mane|Shadow Ball|p2b: Clefairy\n|-damage|p2b: Clefairy|0 fnt\n|faint|p2b: Clefairy\n|\n|-damage|p1b: Flutter Mane|71\/100 brn|[from] brn\n|upkeep\n|inactive|Gaedtke has 30 seconds left.\n|inactive|Gaedtke has 20 seconds left.\n|inactive|Gaedtke has 15 seconds left.\n|inactive|Gaedtke has 10 seconds left.\n|\n|t:|1700907606\n|switch|p2b: Snorlax|Snorlax, L50, F, shiny|100\/100\n|turn|3\n|inactive|Gaedtke has 30 seconds left.\n|inactive|Gaedtke has 20 seconds left.\n|\n|t:|1700907643\n|-end|p1b: Flutter Mane|Protosynthesis|[silent]\n|switch|p1b: D\u00e9m\u00e9t\u00e9ros|Landorus-Therian, L50, M|100\/100\n|-ability|p1b: D\u00e9m\u00e9t\u00e9ros|Intimidate|boost\n|-unboost|p2a: Sinistcha|atk|1\n|-unboost|p2b: Snorlax|atk|1\n|move|p2b: Snorlax|Protect|p2b: Snorlax\n|-singleturn|p2b: Snorlax|Protect\n|move|p1a: Amoonguss|Spore|p2b: Snorlax\n|-activate|p2b: Snorlax|move: Protect\n|move|p2a: Sinistcha|Trick Room|p2a: Sinistcha\n|-fieldend|move: Trick Room\n|\n|upkeep\n|turn|4\n|inactive|Gaedtke has 30 seconds left.\n|inactive|Gaedtke has 20 seconds left.\n|\n|t:|1700907680\n|move|p1b: D\u00e9m\u00e9t\u00e9ros|U-turn|p2a: Sinistcha\n|-damage|p2a: Sinistcha|73\/100\n|\n|t:|1700907685\n|switch|p1b: Flutter Mane|Flutter Mane, L50|71\/100 brn|[from] U-turn\n|move|p2a: Sinistcha|Strength Sap|p1b: Flutter Mane\n|-unboost|p1b: Flutter Mane|atk|1\n|-heal|p2a: Sinistcha|100\/100\n|move|p1a: Amoonguss|Spore|p2b: Snorlax\n|-status|p2b: Snorlax|slp|[from] move: Spore\n|cant|p2b: Snorlax|slp\n|\n|-damage|p1b: Flutter Mane|65\/100 brn|[from] brn\n|upkeep\n|turn|5\n|inactive|Gaedtke has 30 seconds left.\n|\n|t:|1700907712\n|move|p1b: Flutter Mane|Shadow Ball|p2a: Sinistcha\n|-supereffective|p2a: Sinistcha\n|-damage|p2a: Sinistcha|6\/100\n|move|p1a: Amoonguss|Pollen Puff|p1b: Flutter Mane\n|-heal|p1b: Flutter Mane|100\/100 brn\n|cant|p2b: Snorlax|slp\n|move|p2a: Sinistcha|Trick Room|p2a: Sinistcha\n|-fieldstart|move: Trick Room|[of] p2a: Sinistcha\n|\n|-damage|p1b: Flutter Mane|94\/100 brn|[from] brn\n|upkeep\n|turn|6\n|inactive|Gaedtke has 30 seconds left.\n|inactive|Gaedtke has 20 seconds left.\n|inactive|Gaedtke has 15 seconds left.\n|inactive|Gaedtke has 10 seconds left.\n|\n|t:|1700907762\n|switch|p2a: Iron Hands|Iron Hands, L50, shiny|100\/100\n|-end|p1b: Flutter Mane|Protosynthesis|[silent]\n|switch|p1b: D\u00e9m\u00e9t\u00e9ros|Landorus-Therian, L50, M|100\/100\n|-ability|p1b: D\u00e9m\u00e9t\u00e9ros|Intimidate|boost\n|-unboost|p2a: Iron Hands|atk|1\n|-unboost|p2b: Snorlax|atk|1\n|cant|p2b: Snorlax|slp\n|move|p1a: Amoonguss|Pollen Puff|p2a: Iron Hands\n|-resisted|p2a: Iron Hands\n|-damage|p2a: Iron Hands|95\/100\n|\n|upkeep\n|turn|7\n|inactive|Gaedtke has 30 seconds left.\n|\n|t:|1700907794\n|switch|p1b: Flutter Mane|Flutter Mane, L50|94\/100 brn\n|-terastallize|p2a: Iron Hands|Water\n|move|p2a: Iron Hands|Fake Out|p1a: Amoonguss\n|-damage|p1a: Amoonguss|85\/100\n|-curestatus|p2b: Snorlax|slp|[msg]\n|move|p2b: Snorlax|Belly Drum|p2b: Snorlax\n|-damage|p2b: Snorlax|50\/100\n|-setboost|p2b: Snorlax|atk|6|[from] move: Belly Drum\n|-enditem|p2b: Snorlax|Sitrus Berry|[eat]\n|-heal|p2b: Snorlax|75\/100|[from] item: Sitrus Berry\n|cant|p1a: Amoonguss|flinch\n|\n|-damage|p1b: Flutter Mane|88\/100 brn|[from] brn\n|upkeep\n|turn|8\n|inactive|vlopes777 has 30 seconds left.\n|inactive|Gaedtke has 30 seconds left.\n|\n|t:|1700907822\n|move|p2b: Snorlax|Facade|p1a: Amoonguss\n|-damage|p1a: Amoonguss|0 fnt\n|faint|p1a: Amoonguss\n|move|p2a: Iron Hands|Heavy Slam|p1b: Flutter Mane\n|-supereffective|p1b: Flutter Mane\n|-damage|p1b: Flutter Mane|0 fnt\n|faint|p1b: Flutter Mane\n|-end|p1b: Flutter Mane|Protosynthesis|[silent]\n|\n|upkeep\n|\n|t:|1700907833\n|switch|p1a: Iron Hands|Iron Hands, L50|100\/100\n|switch|p1b: D\u00e9m\u00e9t\u00e9ros|Landorus-Therian, L50, M|100\/100\n|-ability|p1b: D\u00e9m\u00e9t\u00e9ros|Intimidate|boost\n|-unboost|p2a: Iron Hands|atk|1\n|-unboost|p2b: Snorlax|atk|1\n|turn|9\n|inactive|vlopes777 has 30 seconds left.\n|inactive|vlopes777 has 20 seconds left.\n|inactive|Gaedtke has 30 seconds left.\n|\n|t:|1700907873\n|-end|p2a: Iron Hands|Quark Drive|[silent]\n|switch|p2a: Sinistcha|Sinistcha, L50, shiny|6\/100\n|-heal|p2b: Snorlax|100\/100|[from] ability: Hospitality|[of] p2a: Sinistcha\n|-terastallize|p1b: D\u00e9m\u00e9t\u00e9ros|Flying\n|move|p2b: Snorlax|Protect|p2b: Snorlax\n|-singleturn|p2b: Snorlax|Protect\n|move|p1a: Iron Hands|Fake Out|p2b: Snorlax\n|-activate|p2b: Snorlax|move: Protect\n|move|p1b: D\u00e9m\u00e9t\u00e9ros|Tera Blast|p2a: Sinistcha|[anim] Tera Blast Flying\n|-supereffective|p2a: Sinistcha\n|-damage|p2a: Sinistcha|0 fnt\n|faint|p2a: Sinistcha\n|\n|-fieldend|move: Trick Room\n|upkeep\n|\n|t:|1700907890\n|switch|p2a: Iron Hands|Iron Hands, L50, shiny, tera:Water|95\/100\n|turn|10\n|\n|t:|1700907904\n|move|p1b: D\u00e9m\u00e9t\u00e9ros|Tera Blast|p2a: Iron Hands|[anim] Tera Blast Flying\n|-damage|p2a: Iron Hands|48\/100\n|move|p2a: Iron Hands|Wild Charge|p1b: D\u00e9m\u00e9t\u00e9ros\n|-supereffective|p1b: D\u00e9m\u00e9t\u00e9ros\n|-damage|p1b: D\u00e9m\u00e9t\u00e9ros|0 fnt\n|faint|p1b: D\u00e9m\u00e9t\u00e9ros\n|-damage|p2a: Iron Hands|28\/100|[from] Recoil\n|move|p1a: Iron Hands|Drain Punch|p2b: Snorlax\n|-supereffective|p2b: Snorlax\n|-damage|p2b: Snorlax|41\/100\n|move|p2b: Snorlax|High Horsepower|p1a: Iron Hands\n|-supereffective|p1a: Iron Hands\n|-damage|p1a: Iron Hands|0 fnt\n|faint|p1a: Iron Hands\n|-end|p1a: Iron Hands|Quark Drive|[silent]\n|\n|win|Gaedtke\n|raw|vlopes777's rating: 1218 &rarr; <strong>1196<\/strong><br \/>(-22 for losing)\n|raw|Gaedtke's rating: 1258 &rarr; <strong>1280<\/strong><br \/>(+22 for winning)\n","uploadtime":1700907921,"views":6,"p1id":"vlopes777","p2id":"gaedtke","formatid":"gen9vgc2023regulatione","rating":1196,"private":0,"password":""}