{"id":"gen9vgc2023regulatione-1999273282","p1":"KathyKane","p2":"Traubenernter","format":"[Gen 9] VGC 2023 Regulation E","log":"|j|\u2606KathyKane\n|j|\u2606Traubenernter\n|t:|1701053570\n|gametype|doubles\n|player|p1|KathyKane|raifort|1134\n|player|p2|Traubenernter|cameraman|1079\n|teamsize|p1|6\n|teamsize|p2|6\n|gen|9\n|tier|[Gen 9] VGC 2023 Regulation E\n|rated|\n|rule|Species Clause: Limit one of each Pok\u00e9mon\n|rule|Item Clause: Limit one of each item\n|clearpoke\n|poke|p1|Empoleon, L50, F|\n|poke|p1|Ogerpon-Wellspring, L50, F|\n|poke|p1|Flutter Mane, L50|\n|poke|p1|Illumise, L50, F|\n|poke|p1|Iron Hands, L50|\n|poke|p1|Arcanine-Hisui, L50, F|\n|poke|p2|Pincurchin, L50, F|\n|poke|p2|Iron Thorns, L50|\n|poke|p2|Iron Bundle, L50|\n|poke|p2|Iron Valiant, L50|\n|poke|p2|Iron Jugulis, L50|\n|poke|p2|Iron Moth, L50|\n|teampreview|4\nKathyKane has agreed to open team sheets.\n|\n|t:|1701053614\n|start\n|switch|p1a: Illumise|Illumise, L50, F|100\/100\n|switch|p1b: good boi|Arcanine-Hisui, L50, F|100\/100\n|switch|p2a: Iron Moth|Iron Moth, L50, shiny|100\/100\n|switch|p2b: Iron Valiant|Iron Valiant, L50, shiny|100\/100\n|-ability|p1b: good boi|Intimidate|boost\n|-unboost|p2a: Iron Moth|atk|1\n|-unboost|p2b: Iron Valiant|atk|1\n|turn|1\n|\n|t:|1701053669\n|-end|p2a: Iron Moth|Quark Drive|[silent]\n|switch|p2a: Pincurchin|Pincurchin, L50, F, shiny|100\/100\n|-fieldstart|move: Electric Terrain|[from] ability: Electric Surge|[of] p2a: Pincurchin\n|-activate|p2b: Iron Valiant|ability: Quark Drive\n|-start|p2b: Iron Valiant|quarkdrivespa\n|move|p1a: Illumise|Tailwind|p1a: Illumise\n|-sidestart|p1: KathyKane|move: Tailwind\n|move|p1b: good boi|Rock Slide|p2a: Pincurchin|[spread] p2a,p2b\n|-resisted|p2b: Iron Valiant\n|-damage|p2a: Pincurchin|77\/100\n|-damage|p2b: Iron Valiant|82\/100\n|-enditem|p2a: Pincurchin|Eject Button\n|\n|t:|1701053684\n|switch|p2a: Iron Bundle|Iron Bundle, L50, shiny|100\/100\n|-activate|p2a: Iron Bundle|ability: Quark Drive\n|-start|p2a: Iron Bundle|quarkdrivespe\n|cant|p2b: Iron Valiant|flinch\n|\n|upkeep\n|turn|2\n|\n|t:|1701053700\n|move|p1a: Illumise|Thunder Wave|p2a: Iron Bundle|[miss]\n|-miss|p1a: Illumise|p2a: Iron Bundle\n|move|p1b: good boi|Flare Blitz|p2b: Iron Valiant\n|-crit|p2b: Iron Valiant\n|-damage|p2b: Iron Valiant|0 fnt\n|faint|p2b: Iron Valiant\n|-end|p2b: Iron Valiant|Quark Drive|[silent]\n|-damage|p1b: good boi|77\/100|[from] Recoil\n|move|p2a: Iron Bundle|Ice Beam|p1a: Illumise\n|-damage|p1a: Illumise|24\/100\n|-damage|p2a: Iron Bundle|91\/100|[from] item: Life Orb\n|\n|upkeep\n|\n|t:|1701053713\n|switch|p2b: Pincurchin|Pincurchin, L50, F, shiny|77\/100\n|turn|3\n|\n|t:|1701053723\n|move|p2a: Iron Bundle|Protect|p2a: Iron Bundle\n|-singleturn|p2a: Iron Bundle|Protect\n|move|p1a: Illumise|Thunder Wave|p2a: Iron Bundle\n|-activate|p2a: Iron Bundle|move: Protect\n|move|p1b: good boi|Rock Slide|p2a: Iron Bundle|[spread] p2b\n|-activate|p2a: Iron Bundle|move: Protect\n|-damage|p2b: Pincurchin|51\/100\n|move|p2b: Pincurchin|Scald|p1b: good boi\n|-supereffective|p1b: good boi\n|-damage|p1b: good boi|0 fnt\n|faint|p1b: good boi\n|\n|upkeep\n|\n|t:|1701053743\n|switch|p1b: Brian Hands|Iron Hands, L50|100\/100\n|-activate|p1b: Brian Hands|ability: Quark Drive\n|-start|p1b: Brian Hands|quarkdriveatk\n|turn|4\n|\n|t:|1701053766\n|-end|p2a: Iron Bundle|Quark Drive|[silent]\n|switch|p2a: Iron Moth|Iron Moth, L50, shiny|100\/100\n|-activate|p2a: Iron Moth|ability: Quark Drive\n|-start|p2a: Iron Moth|quarkdrivespe\n|move|p1b: Brian Hands|Fake Out|p2a: Iron Moth\n|-damage|p2a: Iron Moth|71\/100\n|move|p1a: Illumise|Encore|p2b: Pincurchin\n|-start|p2b: Pincurchin|Encore\n|move|p2b: Pincurchin|Scald|p1b: Brian Hands\n|-damage|p1b: Brian Hands|91\/100\n|-status|p1b: Brian Hands|brn\n|\n|-damage|p1b: Brian Hands|85\/100 brn|[from] brn\n|-sideend|p1: KathyKane|move: Tailwind\n|upkeep\n|turn|5\n|\n|t:|1701053792\n|move|p1a: Illumise|Thunder Wave|p2a: Iron Moth|[miss]\n|-miss|p1a: Illumise|p2a: Iron Moth\n|move|p2a: Iron Moth|Heat Wave|p1b: Brian Hands|[spread] p1a,p1b\n|-supereffective|p1a: Illumise\n|-damage|p1a: Illumise|0 fnt\n|-damage|p1b: Brian Hands|67\/100 brn\n|faint|p1a: Illumise\n|move|p1b: Brian Hands|Wild Charge|p2a: Iron Moth\n|-damage|p2a: Iron Moth|10\/100\n|-damage|p1b: Brian Hands|56\/100 brn|[from] Recoil\n|move|p2b: Pincurchin|Scald|p1b: Brian Hands\n|-damage|p1b: Brian Hands|46\/100 brn\n|\n|-damage|p1b: Brian Hands|40\/100 brn|[from] brn\n|-fieldend|move: Electric Terrain\n|-end|p2a: Iron Moth|Quark Drive\n|-end|p1b: Brian Hands|Quark Drive\n|upkeep\n|\n|t:|1701053799\n|switch|p1a: Flutter Mane|Flutter Mane, L50|100\/100\n|turn|6\n|\n|t:|1701053856\n|switch|p2b: Iron Bundle|Iron Bundle, L50, shiny|91\/100\n|move|p1a: Flutter Mane|Dazzling Gleam|p2b: Iron Bundle|[spread] p2a,p2b\n|-resisted|p2a: Iron Moth\n|-damage|p2a: Iron Moth|3\/100\n|-damage|p2b: Iron Bundle|14\/100\n|move|p2a: Iron Moth|Heat Wave|p1b: Brian Hands|[spread] p1a,p1b\n|-damage|p1a: Flutter Mane|68\/100\n|-damage|p1b: Brian Hands|22\/100 brn\n|move|p1b: Brian Hands|Drain Punch|p2b: Iron Bundle\n|-supereffective|p2b: Iron Bundle\n|-damage|p2b: Iron Bundle|0 fnt\n|-heal|p1b: Brian Hands|26\/100 brn|[from] drain|[of] p2b: Iron Bundle\n|faint|p2b: Iron Bundle\n|-end|p2b: Iron Bundle|Quark Drive|[silent]\n|\n|-damage|p1b: Brian Hands|20\/100 brn|[from] brn\n|upkeep\n|\n|t:|1701053858\n|switch|p2b: Pincurchin|Pincurchin, L50, F, shiny|51\/100\n|-fieldstart|move: Electric Terrain|[from] ability: Electric Surge|[of] p2b: Pincurchin\n|-activate|p2a: Iron Moth|ability: Quark Drive\n|-start|p2a: Iron Moth|quarkdrivespe\n|-activate|p1b: Brian Hands|ability: Quark Drive\n|-start|p1b: Brian Hands|quarkdriveatk\n|turn|7\n|\n|t:|1701053881\n|move|p2b: Pincurchin|Sucker Punch|p1a: Flutter Mane\n|-damage|p1a: Flutter Mane|43\/100\n|move|p2a: Iron Moth|Fiery Dance|p1a: Flutter Mane\n|-damage|p1a: Flutter Mane|1\/100\n|move|p1a: Flutter Mane|Dazzling Gleam|p2a: Iron Moth|[spread] p2a,p2b\n|-resisted|p2a: Iron Moth\n|-damage|p2a: Iron Moth|0 fnt\n|-damage|p2b: Pincurchin|6\/100\n|faint|p2a: Iron Moth\n|-end|p2a: Iron Moth|Quark Drive|[silent]\n|move|p1b: Brian Hands|Drain Punch|p2b: Pincurchin\n|-damage|p2b: Pincurchin|0 fnt\n|-heal|p1b: Brian Hands|22\/100 brn|[from] drain|[of] p2b: Pincurchin\n|faint|p2b: Pincurchin\n|\n|win|KathyKane\n|raw|KathyKane's rating: 1134 &rarr; <strong>1155<\/strong><br \/>(+21 for winning)\n|raw|Traubenernter's rating: 1079 &rarr; <strong>1061<\/strong><br \/>(-18 for losing)\n|l|\u2606Traubenernter\n","uploadtime":1701053998,"views":22,"p1id":"kathykane","p2id":"traubenernter","formatid":"gen9vgc2023regulatione","rating":1061,"private":0,"password":""}