{"id":"gen9vgc2023regulatione-1988148892","p1":"gg3g3","p2":"froslassgamer478","format":"[Gen 9] VGC 2023 Regulation E","log":"|j|\u2606gg3g3\n|j|\u2606froslassgamer478\n|t:|1699675803\n|gametype|doubles\n|player|p1|gg3g3|iris|1073\n|player|p2|froslassgamer478|skier|1102\n|teamsize|p1|6\n|teamsize|p2|6\n|gen|9\n|tier|[Gen 9] VGC 2023 Regulation E\n|rated|\n|rule|Species Clause: Limit one of each Pok\u00e9mon\n|rule|Item Clause: Limit one of each item\n|clearpoke\n|poke|p1|Cresselia, L50, F|\n|poke|p1|Snorlax, L50, F|\n|poke|p1|Chien-Pao, L50|\n|poke|p1|Grimmsnarl, L50, M|\n|poke|p1|Chi-Yu, L50|\n|poke|p1|Gastrodon, L50, M|\n|poke|p2|Froslass, L50, F|\n|poke|p2|Cresselia, L50, F|\n|poke|p2|Iron Hands, L50|\n|poke|p2|Ursaluna, L50, M|\n|poke|p2|Flutter Mane, L50|\n|poke|p2|Chi-Yu, L50|\n|teampreview|4\n|inactive|Battle timer is ON: inactive players will automatically lose when time's up. (requested by gg3g3)\n|\n|t:|1699675829\n|start\n|switch|p1a: Chien-Pao|Chien-Pao, L50|100\/100\n|switch|p1b: Gastrodon|Gastrodon, L50, M|100\/100\n|switch|p2a: Froslass|Froslass, L50, F|100\/100\n|switch|p2b: Cresselia|Cresselia, L50, F|100\/100\n|-ability|p1a: Chien-Pao|Sword of Ruin\n|turn|1\n|\n|t:|1699675849\n|move|p2b: Cresselia|Protect|p2b: Cresselia\n|-singleturn|p2b: Cresselia|Protect\n|move|p1a: Chien-Pao|Ice Shard|p2b: Cresselia\n|-activate|p2b: Cresselia|move: Protect\n|move|p2a: Froslass|Trick|p1a: Chien-Pao\n|-activate|p2a: Froslass|move: Trick|[of] p1a: Chien-Pao\n|-item|p1a: Chien-Pao|Choice Scarf|[from] move: Trick\n|-item|p2a: Froslass|Focus Sash|[from] move: Trick\n|move|p1b: Gastrodon|Hydro Pump|p2a: Froslass\n|-damage|p2a: Froslass|44\/100\n|\n|upkeep\n|turn|2\n|inactive|gg3g3 has 30 seconds left.\n|inactive|froslassgamer478 has 30 seconds left.\n|inactive|froslassgamer478 has 20 seconds left.\n|inactive|froslassgamer478 has 15 seconds left.\n|inactive|froslassgamer478 has 10 seconds left.\n|\n|t:|1699675897\n|switch|p1a: Snorlax|Snorlax, L50, F|100\/100\n|move|p2a: Froslass|Protect|p2a: Froslass\n|-singleturn|p2a: Froslass|Protect\n|move|p1b: Gastrodon|Hydro Pump|p2a: Froslass\n|-activate|p2a: Froslass|move: Protect\n|move|p2b: Cresselia|Trick Room|p2b: Cresselia\n|-fieldstart|move: Trick Room|[of] p2b: Cresselia\n|\n|upkeep\n|turn|3\n|\n|t:|1699675917\n|switch|p2a: Iron Hands|Iron Hands, L50|100\/100\n|move|p1a: Snorlax|Heat Crash|p2b: Cresselia\n|-damage|p2b: Cresselia|75\/100\n|move|p1b: Gastrodon|Hydro Pump|p2a: Iron Hands|[miss]\n|-miss|p1b: Gastrodon|p2a: Iron Hands\n|move|p2b: Cresselia|Psychic|p1a: Snorlax\n|-damage|p1a: Snorlax|86\/100\n|\n|-heal|p1a: Snorlax|92\/100|[from] item: Leftovers\n|-heal|p2b: Cresselia|82\/100|[from] item: Leftovers\n|upkeep\n|turn|4\n|inactive|gg3g3 has 30 seconds left.\n|inactive|gg3g3 has 20 seconds left.\n|\n|t:|1699675952\n|-terastallize|p1b: Gastrodon|Ground\n|move|p2a: Iron Hands|Drain Punch|p1a: Snorlax\n|-supereffective|p1a: Snorlax\n|-damage|p1a: Snorlax|6\/100\n|move|p1a: Snorlax|Body Slam|p2b: Cresselia\n|-damage|p2b: Cresselia|56\/100\n|-status|p2b: Cresselia|par\n|move|p2b: Cresselia|Psychic|p1b: Gastrodon\n|-damage|p1b: Gastrodon|76\/100\n|move|p1b: Gastrodon|Tera Blast|p2a: Iron Hands|[anim] Tera Blast Ground\n|-supereffective|p2a: Iron Hands\n|-damage|p2a: Iron Hands|35\/100\n|\n|-heal|p2b: Cresselia|63\/100 par|[from] item: Leftovers\n|-heal|p1a: Snorlax|12\/100|[from] item: Leftovers\n|upkeep\n|turn|5\n|\n|t:|1699675975\n|move|p1a: Snorlax|Protect|p1a: Snorlax\n|-singleturn|p1a: Snorlax|Protect\n|move|p2b: Cresselia|Lunar Blessing|p2b: Cresselia|[spread] p2a,p2b\n|-heal|p2a: Iron Hands|60\/100\n|-heal|p2b: Cresselia|88\/100 par\n|-curestatus|p2b: Cresselia|par|[msg]\n|move|p2a: Iron Hands|Drain Punch|p1a: Snorlax\n|-activate|p1a: Snorlax|move: Protect\n|move|p1b: Gastrodon|Tera Blast|p2a: Iron Hands|[anim] Tera Blast Ground\n|-supereffective|p2a: Iron Hands\n|-damage|p2a: Iron Hands|0 fnt\n|faint|p2a: Iron Hands\n|-end|p2a: Iron Hands|Quark Drive|[silent]\n|\n|-heal|p1a: Snorlax|18\/100|[from] item: Leftovers\n|-heal|p2b: Cresselia|94\/100|[from] item: Leftovers\n|upkeep\n|\n|t:|1699675978\n|switch|p2a: Ursaluna|Ursaluna, L50, M|100\/100\n|turn|6\n|\n|t:|1699676003\n|move|p2a: Ursaluna|Protect|p2a: Ursaluna\n|-singleturn|p2a: Ursaluna|Protect\n|move|p1a: Snorlax|Body Slam|p2b: Cresselia\n|-damage|p2b: Cresselia|69\/100\n|-status|p2b: Cresselia|par\n|cant|p2b: Cresselia|par\n|move|p1b: Gastrodon|Hydro Pump|p2a: Ursaluna\n|-activate|p2a: Ursaluna|move: Protect\n|\n|-heal|p2b: Cresselia|75\/100 par|[from] item: Leftovers\n|-heal|p1a: Snorlax|24\/100|[from] item: Leftovers\n|-fieldend|move: Trick Room\n|-status|p2a: Ursaluna|brn|[from] item: Flame Orb\n|upkeep\n|turn|7\n|\n|t:|1699676023\n|move|p1a: Snorlax|Protect|p1a: Snorlax\n|-singleturn|p1a: Snorlax|Protect\n|move|p2a: Ursaluna|Protect||[still]\n|-fail|p2a: Ursaluna\n|move|p1b: Gastrodon|Hydro Pump|p2a: Ursaluna\n|-supereffective|p2a: Ursaluna\n|-damage|p2a: Ursaluna|14\/100 brn\n|cant|p2b: Cresselia|par\n|\n|-heal|p1a: Snorlax|30\/100|[from] item: Leftovers\n|-heal|p2b: Cresselia|81\/100 par|[from] item: Leftovers\n|-damage|p2a: Ursaluna|9\/100 brn|[from] brn\n|upkeep\n|turn|8\n|\n|t:|1699676042\n|move|p1b: Gastrodon|Hydro Pump|p2a: Ursaluna\n|-supereffective|p2a: Ursaluna\n|-damage|p2a: Ursaluna|0 fnt\n|faint|p2a: Ursaluna\n|move|p1a: Snorlax|Body Slam|p2b: Cresselia\n|-damage|p2b: Cresselia|53\/100 par\n|cant|p2b: Cresselia|par\n|\n|-heal|p1a: Snorlax|36\/100|[from] item: Leftovers\n|-heal|p2b: Cresselia|60\/100 par|[from] item: Leftovers\n|upkeep\n|\n|t:|1699676047\n|switch|p2a: Froslass|Froslass, L50, F|44\/100\n|turn|9\n|\n|t:|1699676066\n|move|p2a: Froslass|Ice Beam|p1b: Gastrodon\n|-supereffective|p1b: Gastrodon\n|-damage|p1b: Gastrodon|23\/100\n|-enditem|p1b: Gastrodon|Weakness Policy\n|-boost|p1b: Gastrodon|atk|2|[from] item: Weakness Policy\n|-boost|p1b: Gastrodon|spa|2|[from] item: Weakness Policy\n|move|p1b: Gastrodon|Clear Smog|p2b: Cresselia\n|-damage|p2b: Cresselia|41\/100 par\n|-clearboost|p2b: Cresselia\n|move|p1a: Snorlax|Heat Crash|p2a: Froslass\n|-supereffective|p2a: Froslass\n|-damage|p2a: Froslass|0 fnt\n|faint|p2a: Froslass\n|move|p2b: Cresselia|Lunar Blessing|p2b: Cresselia\n|-heal|p2b: Cresselia|66\/100 par\n|-curestatus|p2b: Cresselia|par|[msg]\n|\n|-heal|p2b: Cresselia|72\/100|[from] item: Leftovers\n|-heal|p1a: Snorlax|42\/100|[from] item: Leftovers\n|upkeep\n|turn|10\n|inactive|gg3g3 has 30 seconds left.\n|\n|t:|1699676093\n|move|p2b: Cresselia|Psychic|p1b: Gastrodon\n|-damage|p1b: Gastrodon|0 fnt\n|faint|p1b: Gastrodon\n|move|p1a: Snorlax|Body Slam|p2b: Cresselia\n|-damage|p2b: Cresselia|47\/100\n|\n|-heal|p2b: Cresselia|53\/100|[from] item: Leftovers\n|-heal|p1a: Snorlax|48\/100|[from] item: Leftovers\n|upkeep\n|\n|t:|1699676103\n|switch|p1b: Cresselia|Cresselia, L50, F|100\/100\n|turn|11\n|-message|froslassgamer478 forfeited.\n|\n|win|gg3g3\n|raw|gg3g3's rating: 1073 &rarr; <strong>1104<\/strong><br \/>(+31 for winning)\n|raw|froslassgamer478's rating: 1102 &rarr; <strong>1075<\/strong><br \/>(-27 for losing)\n|l|\u2606froslassgamer478\n","uploadtime":1699676132,"views":33,"p1id":"gg3g3","p2id":"froslassgamer478","formatid":"gen9vgc2023regulatione","rating":1075,"private":0,"password":""}