{"id":"gen9vgc2023regulatione-1989855008","p1":"JAS-Outlaw","p2":"QueenFluffyShadow","format":"[Gen 9] VGC 2023 Regulation E","log":"|j|\u2606JAS-Outlaw\n|j|\u2606QueenFluffyShadow\n|t:|1699901331\n|gametype|doubles\n|player|p1|JAS-Outlaw|hilda|1074\n|player|p2|QueenFluffyShadow|fantina|1006\n|teamsize|p1|6\n|teamsize|p2|6\n|gen|9\n|tier|[Gen 9] VGC 2023 Regulation E\n|rated|\n|rule|Species Clause: Limit one of each Pok\u00e9mon\n|rule|Item Clause: Limit one of each item\n|clearpoke\n|poke|p1|Ceruledge, L50, F|\n|poke|p1|Lilligant-Hisui, L50, F|\n|poke|p1|Torkoal, L50, M|\n|poke|p1|Gastrodon-East, L50, M|\n|poke|p1|Landorus-Therian, L50, M|\n|poke|p1|Rillaboom, L50, M|\n|poke|p2|Moltres-Galar, L50|\n|poke|p2|Arcanine-Hisui, L50, F|\n|poke|p2|Munkidori, L50, M|\n|poke|p2|Sinistcha, L50|\n|poke|p2|Grimmsnarl, L50, M|\n|poke|p2|Milotic, L50, F|\n|teampreview|4\n|inactive|Battle timer is ON: inactive players will automatically lose when time's up. (requested by JAS-Outlaw)\n|\n|t:|1699901370\n|start\n|switch|p1a: Rillaboom|Rillaboom, L50, M|100\/100\n|switch|p1b: Ceruledge|Ceruledge, L50, F|100\/100\n|switch|p2a: Milotic|Milotic, L50, F|100\/100\n|switch|p2b: Munkidori|Munkidori, L50, M|100\/100\n|-item|p1a: Rillaboom|Assault Vest|[from] ability: Frisk|[of] p2b: Munkidori|[identify]\n|-item|p1b: Ceruledge|Clear Amulet|[from] ability: Frisk|[of] p2b: Munkidori|[identify]\n|-fieldstart|move: Grassy Terrain|[from] ability: Grassy Surge|[of] p1a: Rillaboom\n|turn|1\n|inactive|QueenFluffyShadow has 30 seconds left.\n|inactive|QueenFluffyShadow has 20 seconds left.\n|\n|t:|1699901410\n|switch|p1a: Squishy|Gastrodon-East, L50, M|100\/100\n|-terastallize|p2a: Milotic|Grass\n|move|p2b: Munkidori|Sludge Bomb|p1a: Squishy\n|-resisted|p1a: Squishy\n|-damage|p1a: Squishy|80\/100\n|move|p2a: Milotic|Hypnosis|p1b: Ceruledge\n|-status|p1b: Ceruledge|slp|[from] move: Hypnosis\n|cant|p1b: Ceruledge|slp\n|\n|-heal|p1a: Squishy|86\/100|[from] Grassy Terrain\n|-heal|p1a: Squishy|92\/100|[from] item: Leftovers\n|upkeep\n|turn|2\n|inactive|QueenFluffyShadow has 30 seconds left.\n|\n|t:|1699901439\n|move|p1a: Squishy|Protect|p1a: Squishy\n|-singleturn|p1a: Squishy|Protect\n|move|p2b: Munkidori|Parting Shot|p1b: Ceruledge\n|-fail|p1b: Ceruledge|unboost|[from] item: Clear Amulet|[of] p1b: Ceruledge\n|move|p2a: Milotic|Icy Wind|p1a: Squishy|[spread] p1b\n|-activate|p1a: Squishy|move: Protect\n|-resisted|p1b: Ceruledge\n|-damage|p1b: Ceruledge|95\/100 slp\n|cant|p1b: Ceruledge|slp\n|\n|-heal|p1b: Ceruledge|100\/100 slp|[from] Grassy Terrain\n|-heal|p1a: Squishy|98\/100|[from] Grassy Terrain\n|-heal|p1a: Squishy|100\/100|[from] item: Leftovers\n|upkeep\n|turn|3\n|inactive|QueenFluffyShadow has 30 seconds left.\n|inactive|QueenFluffyShadow has 20 seconds left.\n|\n|t:|1699901477\n|switch|p2b: Moltres|Moltres-Galar, L50|100\/100\n|move|p2a: Milotic|Hypnosis|p1a: Squishy\n|-status|p1a: Squishy|slp|[from] move: Hypnosis\n|-curestatus|p1b: Ceruledge|slp|[msg]\n|move|p1b: Ceruledge|Bulk Up|p1b: Ceruledge\n|-boost|p1b: Ceruledge|atk|1\n|-boost|p1b: Ceruledge|def|1\n|cant|p1a: Squishy|slp\n|\n|upkeep\n|turn|4\n|\n|t:|1699901495\n|switch|p1a: Rillaboom|Rillaboom, L50, M|100\/100\n|move|p1b: Ceruledge|Protect|p1b: Ceruledge\n|-singleturn|p1b: Ceruledge|Protect\n|move|p2a: Milotic|Hypnosis|p1b: Ceruledge\n|-activate|p1b: Ceruledge|move: Protect\n|move|p2b: Moltres|Nasty Plot|p2b: Moltres\n|-boost|p2b: Moltres|spa|2\n|\n|upkeep\n|turn|5\n|inactive|QueenFluffyShadow has 30 seconds left.\n|\n|t:|1699901526\n|move|p1a: Rillaboom|Fake Out|p2a: Milotic\n|-crit|p2a: Milotic\n|-damage|p2a: Milotic|76\/100\n|cant|p2a: Milotic|flinch\n|move|p1b: Ceruledge|Bitter Blade|p2b: Moltres\n|-damage|p2b: Moltres|30\/100\n|-ability|p2b: Moltres|Berserk|boost\n|-boost|p2b: Moltres|spa|1\n|-enditem|p2b: Moltres|Sitrus Berry|[eat]\n|-heal|p2b: Moltres|55\/100|[from] item: Sitrus Berry\n|move|p2b: Moltres|Air Slash|p1a: Rillaboom\n|-supereffective|p1a: Rillaboom\n|-damage|p1a: Rillaboom|0 fnt\n|faint|p1a: Rillaboom\n|\n|-heal|p2a: Milotic|81\/100|[from] Grassy Terrain\n|-fieldend|move: Grassy Terrain\n|upkeep\n|\n|t:|1699901539\n|switch|p1a: Cat|Landorus-Therian, L50, M|100\/100\n|-ability|p1a: Cat|Intimidate|boost\n|-unboost|p2a: Milotic|atk|1\n|-ability|p2a: Milotic|Competitive|boost\n|-boost|p2a: Milotic|spa|2\n|-unboost|p2b: Moltres|atk|1\n|turn|6\n|inactive|QueenFluffyShadow has 30 seconds left.\n|\n|t:|1699901565\n|move|p1a: Cat|Rock Slide|p2a: Milotic|[spread] p2a,p2b\n|-supereffective|p2b: Moltres\n|-damage|p2a: Milotic|56\/100\n|-damage|p2b: Moltres|5\/100\n|-ability|p2b: Moltres|Berserk|boost\n|-boost|p2b: Moltres|spa|1\n|move|p2a: Milotic|Icy Wind|p1a: Cat|[spread] p1a,p1b\n|-supereffective|p1a: Cat\n|-resisted|p1b: Ceruledge\n|-damage|p1a: Cat|0 fnt\n|-damage|p1b: Ceruledge|88\/100\n|faint|p1a: Cat\n|move|p1b: Ceruledge|Bitter Blade|p2a: Milotic\n|-supereffective|p2a: Milotic\n|-damage|p2a: Milotic|0 fnt\n|-heal|p1b: Ceruledge|100\/100|[from] drain|[of] p2a: Milotic\n|faint|p2a: Milotic\n|move|p2b: Moltres|Fiery Wrath|p1b: Ceruledge\n|-supereffective|p1b: Ceruledge\n|-damage|p1b: Ceruledge|0 fnt\n|faint|p1b: Ceruledge\n|\n|upkeep\n|-message|JAS-Outlaw forfeited.\n|\n|win|QueenFluffyShadow\n|raw|JAS-Outlaw's rating: 1074 &rarr; <strong>1049<\/strong><br \/>(-25 for losing)\n|raw|QueenFluffyShadow's rating: 1006 &rarr; <strong>1053<\/strong><br \/>(+47 for winning)\n|l|\u2606JAS-Outlaw\n","uploadtime":1699901831,"views":19,"p1id":"jasoutlaw","p2id":"queenfluffyshadow","formatid":"gen9vgc2023regulatione","rating":1049,"private":0,"password":""}