{"id":"gen9vgc2023regulatione-1991142559","p1":"Leadersheep","p2":"Smoggy__","format":"[Gen 9] VGC 2023 Regulation E","log":"|j|\u2606Leadersheep\n|j|\u2606Smoggy__\n|t:|1700049348\n|gametype|doubles\n|player|p1|Leadersheep|170|1522\n|player|p2|Smoggy__|1|1564\n|teamsize|p1|6\n|teamsize|p2|6\n|gen|9\n|tier|[Gen 9] VGC 2023 Regulation E\n|rated|\n|rule|Species Clause: Limit one of each Pok\u00e9mon\n|rule|Item Clause: Limit one of each item\n|clearpoke\n|poke|p1|Tornadus, L50, M|\n|poke|p1|Urshifu-*, L50, M|\n|poke|p1|Glimmora, L50, M|\n|poke|p1|Flutter Mane, L50|\n|poke|p1|Gholdengo, L50|\n|poke|p1|Amoonguss, L50, M|\n|poke|p2|Tornadus, L50, M|\n|poke|p2|Regidrago, L50|\n|poke|p2|Urshifu-*, L50, M|\n|poke|p2|Farigiraf, L50, F|\n|poke|p2|Flutter Mane, L50|\n|poke|p2|Arcanine-Hisui, L50, M|\n|teampreview|4\nLeadersheep has agreed to open team sheets.\nSmoggy__ has agreed to open team sheets.\n|\n|t:|1700049399\n|start\n|switch|p1a: Tornadus|Tornadus, L50, M|100\/100\n|switch|p1b: Urshifu|Urshifu, L50, M|100\/100\n|switch|p2a: Tornadus|Tornadus, L50, M|100\/100\n|switch|p2b: Arcanine|Arcanine-Hisui, L50, M|100\/100\n|-ability|p2b: Arcanine|Intimidate|boost\n|-unboost|p1a: Tornadus|atk|1\n|-unboost|p1b: Urshifu|atk|1\n|turn|1\n|\n|t:|1700049420\n|-terastallize|p2b: Arcanine|Fairy\n|move|p1a: Tornadus|Tailwind|p1a: Tornadus\n|-sidestart|p1: Leadersheep|move: Tailwind\n|move|p2a: Tornadus|Tailwind|p2a: Tornadus\n|-sidestart|p2: Smoggy__|move: Tailwind\n|move|p1b: Urshifu|Wicked Blow|p2b: Arcanine\n|-resisted|p2b: Arcanine\n|-crit|p2b: Arcanine\n|-damage|p2b: Arcanine|52\/100\n|-damage|p1b: Urshifu|91\/100|[from] item: Life Orb\n|move|p2b: Arcanine|Rock Slide|p1b: Urshifu|[spread] p1a,p1b\n|-supereffective|p1a: Tornadus\n|-resisted|p1b: Urshifu\n|-damage|p1a: Tornadus|0 fnt\n|-damage|p1b: Urshifu|68\/100\n|faint|p1a: Tornadus\n|\n|upkeep\n|\n|t:|1700049436\n|switch|p1a: Flutter Mane|Flutter Mane, L50|100\/100\n|-enditem|p1a: Flutter Mane|Booster Energy\n|-activate|p1a: Flutter Mane|ability: Protosynthesis|[fromitem]\n|-start|p1a: Flutter Mane|protosynthesisspa\n|turn|2\n|\n|t:|1700049447\n|-terastallize|p1a: Flutter Mane|Fairy\n|move|p1a: Flutter Mane|Dazzling Gleam|p2b: Arcanine|[spread] p2a,p2b\n|-damage|p2a: Tornadus|22\/100\n|-damage|p2b: Arcanine|0 fnt\n|faint|p2b: Arcanine\n|move|p2a: Tornadus|Bleakwind Storm|p1a: Flutter Mane|[spread] p1a,p1b\n|-supereffective|p1b: Urshifu\n|-damage|p1a: Flutter Mane|62\/100\n|-damage|p1b: Urshifu|0 fnt\n|faint|p1b: Urshifu\n|\n|upkeep\n|\n|t:|1700049456\n|switch|p1b: Glimmora|Glimmora, L50, M|100\/100\n|switch|p2b: Urshifu|Urshifu, L50, M|100\/100\n|turn|3\n|\n|t:|1700049465\n|move|p2a: Tornadus|Protect|p2a: Tornadus\n|-singleturn|p2a: Tornadus|Protect\n|move|p2b: Urshifu|Iron Head|p1a: Flutter Mane\n|-supereffective|p1a: Flutter Mane\n|-crit|p1a: Flutter Mane\n|-damage|p1a: Flutter Mane|0 fnt\n|faint|p1a: Flutter Mane\n|-end|p1a: Flutter Mane|Protosynthesis|[silent]\n|move|p1b: Glimmora|Sludge Bomb|p2b: Urshifu\n|-damage|p2b: Urshifu|20\/100\n|-status|p2b: Urshifu|psn\n|\n|-damage|p2b: Urshifu|8\/100 psn|[from] psn\n|upkeep\n|turn|4\n|\n|t:|1700049502\n|move|p2b: Urshifu|Iron Head|p1b: Glimmora\n|-supereffective|p1b: Glimmora\n|-damage|p1b: Glimmora|23\/100\n|-activate|p1b: Glimmora|ability: Toxic Debris\n|-sidestart|p2: Smoggy__|move: Toxic Spikes\n|move|p2a: Tornadus|Bleakwind Storm|p1b: Glimmora|[miss]\n|-miss|p2a: Tornadus|p1b: Glimmora\n|move|p1b: Glimmora|Mortal Spin|p2b: Urshifu|[spread] p2a,p2b\n|-damage|p2a: Tornadus|15\/100\n|-damage|p2b: Urshifu|3\/100 psn\n|-status|p2a: Tornadus|psn\n|\n|-damage|p2b: Urshifu|0 fnt|[from] psn\n|faint|p2b: Urshifu\n|-damage|p2a: Tornadus|3\/100 psn|[from] psn\n|-sideend|p1: Leadersheep|move: Tailwind\n|-sideend|p2: Smoggy__|move: Tailwind\n|upkeep\n|\n|t:|1700049510\n|switch|p2b: Flutter Mane|Flutter Mane, L50|100\/100\n|-status|p2b: Flutter Mane|psn\n|-enditem|p2b: Flutter Mane|Booster Energy\n|-activate|p2b: Flutter Mane|ability: Protosynthesis|[fromitem]\n|-start|p2b: Flutter Mane|protosynthesisspa\n|turn|5\n|\n|t:|1700049516\n|move|p1b: Glimmora|Spiky Shield|p1b: Glimmora\n|-singleturn|p1b: Glimmora|move: Protect\n|move|p2b: Flutter Mane|Shadow Ball|p1b: Glimmora\n|-activate|p1b: Glimmora|move: Protect\n|move|p2a: Tornadus|Bleakwind Storm|p1b: Glimmora\n|-activate|p1b: Glimmora|move: Protect\n|\n|-damage|p2b: Flutter Mane|88\/100 psn|[from] psn\n|-damage|p2a: Tornadus|0 fnt|[from] psn\n|faint|p2a: Tornadus\n|upkeep\n|turn|6\n|\n|t:|1700049521\n|move|p2b: Flutter Mane|Shadow Ball|p1b: Glimmora\n|-damage|p1b: Glimmora|0 fnt\n|faint|p1b: Glimmora\n|\n|win|Smoggy__\n|raw|Leadersheep's rating: 1522 &rarr; <strong>1504<\/strong><br \/>(-18 for losing)\n|raw|Smoggy__'s rating: 1564 &rarr; <strong>1582<\/strong><br \/>(+18 for winning)\n","uploadtime":1700049527,"views":10,"p1id":"leadersheep","p2id":"smoggy","formatid":"gen9vgc2023regulatione","rating":1504,"private":0,"password":""}