{"id":"gen9vgc2023regulatione-1988465752","p1":"ivanciooo","p2":"hjgklm3k","format":"[Gen 9] VGC 2023 Regulation E","log":"|j|\u2606ivanciooo\n|j|\u2606hjgklm3k\n|t:|1699725887\n|gametype|doubles\n|player|p1|ivanciooo|lucas|1236\n|player|p2|hjgklm3k|169|1233\n|teamsize|p1|6\n|teamsize|p2|6\n|gen|9\n|tier|[Gen 9] VGC 2023 Regulation E\n|rated|\n|rule|Species Clause: Limit one of each Pok\u00e9mon\n|rule|Item Clause: Limit one of each item\n|clearpoke\n|poke|p1|Slowking-Galar, L50, M|\n|poke|p1|Goodra-Hisui, L50, F|\n|poke|p1|Enamorus-Therian, L50, F|\n|poke|p1|Ogerpon-Cornerstone, L50, F|\n|poke|p1|Mimikyu, L50, M|\n|poke|p1|Spiritomb, L50, M|\n|poke|p2|Ninetales-Alola, L50, M|\n|poke|p2|Baxcalibur, L50, F|\n|poke|p2|Ogerpon-Hearthflame, L50, F|\n|poke|p2|Clefairy, L50, M|\n|poke|p2|Flutter Mane, L50|\n|poke|p2|Roaring Moon, L50|\n|teampreview|4\n|\n|t:|1699725910\n|start\n|switch|p1a: Mimikyu|Mimikyu, L50, M, shiny|100\/100\n|switch|p1b: Goodra|Goodra-Hisui, L50, F, shiny|100\/100\n|switch|p2a: Ninetales|Ninetales-Alola, L50, M|100\/100\n|switch|p2b: Ogerpon|Ogerpon-Hearthflame, L50, F|100\/100\n|-weather|Snow|[from] ability: Snow Warning|[of] p2a: Ninetales\n|-ability|p2b: Ogerpon|Mold Breaker\n|turn|1\n|\n|t:|1699725922\n|move|p2a: Ninetales|Aurora Veil|p2a: Ninetales\n|-sidestart|p2: hjgklm3k|move: Aurora Veil\n|move|p2b: Ogerpon|Ivy Cudgel|p1a: Mimikyu\n|-damage|p1a: Mimikyu|9\/100\n|move|p1a: Mimikyu|Swords Dance|p1a: Mimikyu\n|-boost|p1a: Mimikyu|atk|2\n|move|p1b: Goodra|Flash Cannon|p2a: Ninetales\n|-supereffective|p2a: Ninetales\n|-damage|p2a: Ninetales|0 fnt\n|faint|p2a: Ninetales\n|\n|-weather|Snow|[upkeep]\n|upkeep\n|\n|t:|1699725935\n|switch|p2a: Clefairy|Clefairy, L50, M|100\/100\n|turn|2\n|\n|t:|1699725942\n|move|p1a: Mimikyu|Shadow Sneak|p2b: Ogerpon\n|-damage|p2b: Ogerpon|70\/100\n|-damage|p1a: Mimikyu|0 fnt|[from] item: Life Orb\n|faint|p1a: Mimikyu\n|move|p2b: Ogerpon|Ivy Cudgel|p1b: Goodra\n|-crit|p1b: Goodra\n|-damage|p1b: Goodra|2\/100\n|move|p1b: Goodra|Flash Cannon|p2a: Clefairy\n|-supereffective|p2a: Clefairy\n|-damage|p2a: Clefairy|58\/100\n|move|p2a: Clefairy|Moonblast|p1b: Goodra\n|-damage|p1b: Goodra|0 fnt\n|faint|p1b: Goodra\n|\n|-weather|Snow|[upkeep]\n|upkeep\n|\n|t:|1699725952\n|switch|p1a: Enamorus|Enamorus-Therian, L50, F|100\/100\n|switch|p1b: Ogerpon|Ogerpon-Cornerstone, L50, F|100\/100\n|turn|3\n|\n|t:|1699725962\n|-terastallize|p1a: Enamorus|Fairy\n|move|p1b: Ogerpon|Spiky Shield|p1b: Ogerpon\n|-singleturn|p1b: Ogerpon|move: Protect\n|move|p2a: Clefairy|Follow Me|p2a: Clefairy\n|-singleturn|p2a: Clefairy|move: Follow Me\n|move|p2b: Ogerpon|Ivy Cudgel|p1b: Ogerpon\n|-activate|p1b: Ogerpon|move: Protect\n|move|p1a: Enamorus|Springtide Storm|p2a: Clefairy|[spread] p2a,p2b\n|-resisted|p2b: Ogerpon\n|-damage|p2a: Clefairy|8\/100\n|-damage|p2b: Ogerpon|43\/100\n|\n|-weather|Snow|[upkeep]\n|upkeep\n|turn|4\n|\n|t:|1699725975\n|move|p2a: Clefairy|Follow Me|p2a: Clefairy\n|-singleturn|p2a: Clefairy|move: Follow Me\n|move|p2b: Ogerpon|Ivy Cudgel|p1b: Ogerpon\n|-damage|p1b: Ogerpon|25\/100\n|move|p1b: Ogerpon|Ivy Cudgel|p2a: Clefairy\n|-damage|p2a: Clefairy|0 fnt\n|faint|p2a: Clefairy\n|move|p1a: Enamorus|Springtide Storm|p2b: Ogerpon\n|-resisted|p2b: Ogerpon\n|-damage|p2b: Ogerpon|4\/100\n|\n|-weather|Snow|[upkeep]\n|upkeep\n|\n|t:|1699725983\n|switch|p2a: Flutter Mane|Flutter Mane, L50|100\/100\n|turn|5\n|\n|t:|1699725991\n|-terastallize|p2b: Ogerpon|Fire\n|detailschange|p2b: Ogerpon|Ogerpon-Hearthflame-Tera, L50, F, tera:Fire\n|-ability|p2b: Ogerpon|Embody Aspect (Hearthflame)|boost\n|-boost|p2b: Ogerpon|atk|1\n|move|p1b: Ogerpon|Spiky Shield|p1b: Ogerpon\n|-singleturn|p1b: Ogerpon|move: Protect\n|move|p2a: Flutter Mane|Dazzling Gleam|p1b: Ogerpon|[spread] p1a\n|-activate|p1b: Ogerpon|move: Protect\n|-damage|p1a: Enamorus|52\/100\n|move|p2b: Ogerpon|Ivy Cudgel|p1a: Enamorus\n|-crit|p1a: Enamorus\n|-damage|p1a: Enamorus|0 fnt\n|faint|p1a: Enamorus\n|\n|-weather|none\n|upkeep\n|turn|6\n|-message|ivanciooo forfeited.\n|\n|win|hjgklm3k\n|raw|ivanciooo's rating: 1236 &rarr; <strong>1211<\/strong><br \/>(-25 for losing)\n|raw|hjgklm3k's rating: 1233 &rarr; <strong>1258<\/strong><br \/>(+25 for winning)\n|l|\u2606ivanciooo\n","uploadtime":1699726010,"views":13,"p1id":"ivanciooo","p2id":"hjgklm3k","formatid":"gen9vgc2023regulatione","rating":1211,"private":0,"password":""}