{"id":"gen9vgc2023regulatione-1990075619","p1":"rha1998","p2":"Tophatpuppy","format":"[Gen 9] VGC 2023 Regulation E","log":"|j|\u2606rha1998\n|j|\u2606Tophatpuppy\n|n|\u2606rha1998|rha1998\n|n|\u2606Tophatpuppy|tophatpuppy\n|html|View the match progress at <a href=\"\/game-bestof3-gen9vgc2023regulatione-1990075618\">game-bestof3-gen9vgc2023regulatione-1990075618<\/a>\n|t:|1699921903\n|gametype|doubles\n|player|p1|rha1998|pokekid|\n|player|p2|Tophatpuppy|265|\n|teamsize|p1|6\n|teamsize|p2|6\n|gen|9\n|tier|[Gen 9] VGC 2023 Regulation E\n|rule|Species Clause: Limit one of each Pok\u00e9mon\n|rule|Item Clause: Limit one of each item\n|clearpoke\n|poke|p1|Flutter Mane, L50|\n|poke|p1|Arcanine-Hisui, L50, F|\n|poke|p1|Roaring Moon, L50|\n|poke|p1|Ogerpon-Wellspring, L50, F|\n|poke|p1|Chien-Pao, L50|\n|poke|p1|Chi-Yu, L50|\n|poke|p2|Kingambit, L50, F|\n|poke|p2|Urshifu-*, L50, M|\n|poke|p2|Munkidori, L50, M|\n|poke|p2|Tornadus, L50, M|\n|poke|p2|Gholdengo, L50|\n|poke|p2|Amoonguss, L50, F|\n|teampreview|4\nTophatpuppy has agreed to open team sheets.\nrha1998 has agreed to open team sheets.\n|showteam|p1|Flutter Mane||ChoiceSpecs|Protosynthesis|DazzlingGleam,Moonblast,ShadowBall,Thunderbolt||||||50|,,,,,Fairy]Arcanine-Hisui||SitrusBerry|Intimidate|WillOWisp,FlareBlitz,RockSlide,ExtremeSpeed|||F|||50|,,,,,Grass]Roaring Moon||BoosterEnergy|Protosynthesis|Protect,Acrobatics,KnockOff,Tailwind||||||50|,,,,,Flying]Ogerpon-Wellspring||WellspringMask|WaterAbsorb|SpikyShield,IvyCudgel,WoodHammer,FollowMe|||F|||50|,,,,,Water]Chien-Pao||FocusSash|SwordofRuin|Protect,IcicleCrash,SuckerPunch,SacredSword||||||50|,,,,,Ghost]Chi-Yu||LifeOrb|BeadsofRuin|Protect,Overheat,HeatWave,DarkPulse||||||50|,,,,,Ghost\n|showteam|p2|Kingambit||IronBall|Defiant|TeraBlast,IronHead,SuckerPunch,Fling|||F|||50|,,,,,Water]Urshifu-Rapid-Strike||LifeOrb|UnseenFist|SurgingStrikes,CloseCombat,Detect,IceSpinner|||M|||50|,,,,,Electric]Munkidori||MentalHerb|ToxicChain|SludgeWave,FakeOut,PartingShot,Psychic|||M|||50|,,,,,Poison]Tornadus||CovertCloak|Prankster|Tailwind,BleakwindStorm,Taunt,RainDance|||M|||50|,,,,,Ground]Gholdengo||ChoiceSpecs|GoodasGold|MakeItRain,ShadowBall,Thunderbolt,DazzlingGleam||||||50|,,,,,Steel]Amoonguss||RockyHelmet|Regenerator|PollenPuff,Spore,RagePowder,Toxic|||F|||50|,,,,,Water\n|\n|t:|1699922015\n|start\n|switch|p1a: Roaring Moon|Roaring Moon, L50|100\/100\n|switch|p1b: Chien-Pao|Chien-Pao, L50|100\/100\n|switch|p2a: Thundurus\u200e|Tornadus, L50, M|100\/100\n|switch|p2b: Good Luck|Urshifu-Rapid-Strike, L50, M|100\/100\n|-ability|p1b: Chien-Pao|Sword of Ruin\n|-enditem|p1a: Roaring Moon|Booster Energy\n|-activate|p1a: Roaring Moon|ability: Protosynthesis|[fromitem]\n|-start|p1a: Roaring Moon|protosynthesisatk\n|turn|1\n|inactive|Battle timer is ON: inactive players will automatically lose when time's up. (requested by rha1998)\n|inactive|rha1998 has 60 seconds left.\n|inactive|Tophatpuppy has 60 seconds left.\n|\n|t:|1699922070\n|-terastallize|p2b: Good Luck|Electric\n|move|p2a: Thundurus\u200e|Tailwind|p2a: Thundurus\u200e\n|-sidestart|p2: Tophatpuppy|move: Tailwind\n|move|p2b: Good Luck|Surging Strikes|p1a: Roaring Moon\n|-resisted|p1a: Roaring Moon\n|-crit|p1a: Roaring Moon\n|-damage|p1a: Roaring Moon|82\/100\n|-resisted|p1a: Roaring Moon\n|-crit|p1a: Roaring Moon\n|-damage|p1a: Roaring Moon|63\/100\n|-resisted|p1a: Roaring Moon\n|-crit|p1a: Roaring Moon\n|-damage|p1a: Roaring Moon|46\/100\n|-hitcount|p1a: Roaring Moon|3\n|-damage|p2b: Good Luck|91\/100|[from] item: Life Orb\n|move|p1b: Chien-Pao|Icicle Crash|p2a: Thundurus\u200e\n|-supereffective|p2a: Thundurus\u200e\n|-damage|p2a: Thundurus\u200e|0 fnt\n|faint|p2a: Thundurus\u200e\n|move|p1a: Roaring Moon|Tailwind|p1a: Roaring Moon\n|-sidestart|p1: rha1998|move: Tailwind\n|\n|upkeep\n|\n|t:|1699922090\n|switch|p2a: Its not Munkidori|Munkidori, L50, M|100\/100\n|turn|2\n|inactive|rha1998 has 30 seconds left.\n|inactive|Tophatpuppy has 30 seconds left.\n|inactive|Tophatpuppy has 20 seconds left.\n|\n|t:|1699922128\n|-terastallize|p1b: Chien-Pao|Ghost\n|move|p1a: Roaring Moon|Protect|p1a: Roaring Moon\n|-singleturn|p1a: Roaring Moon|Protect\n|move|p2a: Its not Munkidori|Fake Out|p1a: Roaring Moon\n|-activate|p1a: Roaring Moon|move: Protect\n|move|p1b: Chien-Pao|Icicle Crash|p2b: Good Luck\n|-damage|p2b: Good Luck|27\/100\n|move|p2b: Good Luck|Surging Strikes|p1a: Roaring Moon\n|-resisted|p1a: Roaring Moon\n|-crit|p1a: Roaring Moon\n|-damage|p1a: Roaring Moon|29\/100\n|-resisted|p1a: Roaring Moon\n|-crit|p1a: Roaring Moon\n|-damage|p1a: Roaring Moon|10\/100\n|-resisted|p1a: Roaring Moon\n|-crit|p1a: Roaring Moon\n|-damage|p1a: Roaring Moon|0 fnt\n|faint|p1a: Roaring Moon\n|-end|p1a: Roaring Moon|Protosynthesis|[silent]\n|-hitcount|p1: Roaring Moon|3\n|-damage|p2b: Good Luck|17\/100|[from] item: Life Orb\n|\n|upkeep\n|inactive|rha1998 has 30 seconds left.\n|\n|t:|1699922157\n|switch|p1a: Flutter Mane|Flutter Mane, L50|100\/100\n|turn|3\n|inactive|rha1998 has 30 seconds left.\n|inactive|Tophatpuppy has 30 seconds left.\n|inactive|Tophatpuppy has 20 seconds left.\n|inactive|Tophatpuppy has 15 seconds left.\n|inactive|Tophatpuppy has 10 seconds left.\n|\n|t:|1699922203\n|move|p2b: Good Luck|Detect|p2b: Good Luck\n|-singleturn|p2b: Good Luck|Protect\n|move|p1b: Chien-Pao|Icicle Crash|p2a: Its not Munkidori\n|-damage|p2a: Its not Munkidori|3\/100\n|cant|p2a: Its not Munkidori|flinch\n|move|p1a: Flutter Mane|Dazzling Gleam|p2a: Its not Munkidori|[spread] p2a\n|-activate|p2b: Good Luck|move: Protect\n|-resisted|p2a: Its not Munkidori\n|-damage|p2a: Its not Munkidori|0 fnt\n|faint|p2a: Its not Munkidori\n|\n|upkeep\n|\n|t:|1699922213\n|switch|p2a: Cheemse Stimck|Gholdengo, L50|100\/100\n|turn|4\n|inactive|Tophatpuppy has 30 seconds left.\n|inactive|Tophatpuppy has 20 seconds left.\n|inactive|Tophatpuppy has 15 seconds left.\n|\n|t:|1699922257\n|move|p1b: Chien-Pao|Icicle Crash|p2a: Cheemse Stimck\n|-resisted|p2a: Cheemse Stimck\n|-crit|p2a: Cheemse Stimck\n|-damage|p2a: Cheemse Stimck|42\/100\n|move|p1a: Flutter Mane|Dazzling Gleam|p2a: Cheemse Stimck|[spread] p2a,p2b\n|-resisted|p2a: Cheemse Stimck\n|-crit|p2b: Good Luck\n|-damage|p2a: Cheemse Stimck|9\/100\n|-damage|p2b: Good Luck|0 fnt\n|faint|p2b: Good Luck\n|move|p2a: Cheemse Stimck|Make It Rain|p1b: Chien-Pao|[spread] p1a,p1b\n|-supereffective|p1a: Flutter Mane\n|-crit|p1b: Chien-Pao\n|-damage|p1a: Flutter Mane|0 fnt\n|-enditem|p1b: Chien-Pao|Focus Sash\n|-damage|p1b: Chien-Pao|1\/100\n|-unboost|p2a: Cheemse Stimck|spa|1\n|faint|p1a: Flutter Mane\n|-end|p1a: Flutter Mane|Protosynthesis|[silent]\n|\n|-sideend|p1: rha1998|move: Tailwind\n|-sideend|p2: Tophatpuppy|move: Tailwind\n|upkeep\n|\n|t:|1699922273\n|switch|p1a: Chi-Yu|Chi-Yu, L50|100\/100\n|-ability|p1a: Chi-Yu|Beads of Ruin\n|turn|5\n|\n|t:|1699922282\n|move|p1b: Chien-Pao|Sucker Punch|p2a: Cheemse Stimck\n|-supereffective|p2a: Cheemse Stimck\n|-damage|p2a: Cheemse Stimck|0 fnt\n|faint|p2a: Cheemse Stimck\n|\n|win|rha1998\n|c|&|\/uhtml prompt-rha1998,rha1998 is ready for game 2!\n|inactive|Tophatpuppy has 50 seconds to confirm battle start!\n|c|&|\/uhtml prompt-tophatpuppy,Tophatpuppy is ready for game 2!\nBoth players are ready! Starting next match!\n","uploadtime":1699922564,"views":10,"p1id":"rha1998","p2id":"tophatpuppy","formatid":"gen9vgc2023regulatione","rating":0,"private":0,"password":""}