{"id":"gen9vgc2023regulatione-1989471177","p1":"genisu x org","p2":"SpaceCar","format":"[Gen 9] VGC 2023 Regulation E","log":"|j|\u203dgenisu x org\n|j|\u2606SpaceCar\n|t:|1699855792\n|gametype|doubles\n|player|p1|genisu x org|265|1285\n|player|p2|SpaceCar|lucas|1197\n|teamsize|p1|6\n|teamsize|p2|6\n|gen|9\n|tier|[Gen 9] VGC 2023 Regulation E\n|rated|\n|rule|Species Clause: Limit one of each Pok\u00e9mon\n|rule|Item Clause: Limit one of each item\n|clearpoke\n|poke|p1|Tornadus, L50, M|\n|poke|p1|Arcanine-Hisui, L50, M|\n|poke|p1|Iron Hands, L50|\n|poke|p1|Gholdengo, L50|\n|poke|p1|Urshifu-*, L50, M|\n|poke|p1|Ogerpon-Wellspring, L50, F|\n|poke|p2|Cinderace, L50, M|\n|poke|p2|Landorus-Therian, L50, M|\n|poke|p2|Ogerpon, L50, F|\n|poke|p2|Sableye, L50, F|\n|poke|p2|Gastrodon, L50, M|\n|poke|p2|Chien-Pao, L50|\n|teampreview|4\nSpaceCar has agreed to open team sheets.\n|inactive|Battle timer is ON: inactive players will automatically lose when time's up. (requested by genisu x org)\n|\n|t:|1699855819\n|start\n|switch|p1a: Arcanine|Arcanine-Hisui, L50, M|100\/100\n|switch|p1b: Gholdengo|Gholdengo, L50|100\/100\n|switch|p2a: Landorus|Landorus-Therian, L50, M|100\/100\n|switch|p2b: Cinderace|Cinderace, L50, M|100\/100\n|-ability|p1a: Arcanine|Intimidate|boost\n|-unboost|p2a: Landorus|atk|1\n|-unboost|p2b: Cinderace|atk|1\n|-ability|p2a: Landorus|Intimidate|boost\n|-unboost|p1a: Arcanine|atk|1\n|-unboost|p1b: Gholdengo|atk|1\n|turn|1\n|\n|t:|1699855841\n|-terastallize|p1b: Gholdengo|Dragon\n|move|p2b: Cinderace|Pyro Ball|p1b: Gholdengo\n|-resisted|p1b: Gholdengo\n|-damage|p1b: Gholdengo|84\/100\n|move|p1a: Arcanine|Rock Slide|p2a: Landorus|[spread] p2a,p2b\n|-supereffective|p2b: Cinderace\n|-damage|p2a: Landorus|70\/100\n|-damage|p2b: Cinderace|15\/100\n|move|p2a: Landorus|Stomping Tantrum|p1b: Gholdengo\n|-damage|p1b: Gholdengo|44\/100\n|move|p1b: Gholdengo|Nasty Plot|p1b: Gholdengo\n|-boost|p1b: Gholdengo|spa|2\n|\n|-heal|p1b: Gholdengo|50\/100|[from] item: Leftovers\n|upkeep\n|turn|2\n|\n|t:|1699855859\n|-terastallize|p2a: Landorus|Water\n|move|p2b: Cinderace|Protect|p2b: Cinderace\n|-start|p2b: Cinderace|typechange|Normal|[from] ability: Libero\n|-singleturn|p2b: Cinderace|Protect\n|move|p1b: Gholdengo|Protect|p1b: Gholdengo\n|-singleturn|p1b: Gholdengo|Protect\n|move|p1a: Arcanine|Rock Slide|p2a: Landorus|[spread] \n|-activate|p2b: Cinderace|move: Protect\n|-miss|p1a: Arcanine|p2a: Landorus\n|move|p2a: Landorus|Stomping Tantrum|p1a: Arcanine\n|-supereffective|p1a: Arcanine\n|-damage|p1a: Arcanine|0 fnt\n|faint|p1a: Arcanine\n|\n|-heal|p1b: Gholdengo|56\/100|[from] item: Leftovers\n|upkeep\n|\n|t:|1699855870\n|switch|p1a: Tornadus|Tornadus, L50, M|100\/100\n|turn|3\n|\n|t:|1699855886\n|move|p1a: Tornadus|Tailwind|p1a: Tornadus\n|-sidestart|p1: genisu x org|move: Tailwind\n|move|p1b: Gholdengo|Nasty Plot|p1b: Gholdengo\n|-boost|p1b: Gholdengo|spa|2\n|move|p2b: Cinderace|Court Change|p2b: Cinderace\n|-swapsideconditions\n|-activate|p2b: Cinderace|move: Court Change\n|move|p2a: Landorus|Stomping Tantrum|p1b: Gholdengo\n|-damage|p1b: Gholdengo|21\/100\n|\n|-heal|p1b: Gholdengo|27\/100|[from] item: Leftovers\n|upkeep\n|turn|4\n|\n|t:|1699855909\n|move|p1b: Gholdengo|Protect|p1b: Gholdengo\n|-singleturn|p1b: Gholdengo|Protect\n|move|p1a: Tornadus|Rain Dance|p1a: Tornadus\n|-weather|RainDance\n|move|p2b: Cinderace|Pyro Ball|p1b: Gholdengo\n|-activate|p1b: Gholdengo|move: Protect\n|move|p2a: Landorus|Stomping Tantrum|p1b: Gholdengo\n|-activate|p1b: Gholdengo|move: Protect\n|\n|-weather|RainDance|[upkeep]\n|-heal|p1b: Gholdengo|33\/100|[from] item: Leftovers\n|upkeep\n|turn|5\n|\n|t:|1699855924\n|move|p1a: Tornadus|Tailwind|p1a: Tornadus\n|-sidestart|p1: genisu x org|move: Tailwind\n|move|p2b: Cinderace|U-turn|p1b: Gholdengo\n|-damage|p1b: Gholdengo|21\/100\n|\n|t:|1699855928\n|switch|p2b: Gastrodon|Gastrodon, L50, M|100\/100|[from] U-turn\n|move|p2a: Landorus|Stomping Tantrum|p1b: Gholdengo\n|-damage|p1b: Gholdengo|0 fnt\n|faint|p1b: Gholdengo\n|\n|-weather|RainDance|[upkeep]\n|upkeep\n|\n|t:|1699855934\n|switch|p1b: Urshifu|Urshifu-Rapid-Strike, L50, M|100\/100\n|turn|6\n|\n|t:|1699855945\n|move|p1b: Urshifu|Close Combat|p2a: Landorus\n|-damage|p2a: Landorus|0 fnt\n|-unboost|p1b: Urshifu|def|1\n|-unboost|p1b: Urshifu|spd|1\n|faint|p2a: Landorus\n|move|p1a: Tornadus|Bleakwind Storm|p2b: Gastrodon\n|-damage|p2b: Gastrodon|68\/100\n|move|p2b: Gastrodon|Recover|p2b: Gastrodon\n|-heal|p2b: Gastrodon|100\/100\n|\n|-weather|RainDance|[upkeep]\n|-sideend|p2: SpaceCar|move: Tailwind\n|upkeep\n|\n|t:|1699855950\n|switch|p2a: Chien-Pao|Chien-Pao, L50|100\/100\n|-ability|p2a: Chien-Pao|Sword of Ruin\n|turn|7\n|\n|t:|1699855961\n|switch|p2a: Cinderace|Cinderace, L50, M|15\/100\n|move|p1b: Urshifu|Close Combat|p2a: Cinderace\n|-damage|p2a: Cinderace|0 fnt\n|-unboost|p1b: Urshifu|def|1\n|-unboost|p1b: Urshifu|spd|1\n|faint|p2a: Cinderace\n|move|p1a: Tornadus|Bleakwind Storm|p2b: Gastrodon\n|-damage|p2b: Gastrodon|71\/100\n|move|p2b: Gastrodon|Icy Wind|p1b: Urshifu|[spread] p1a,p1b\n|-supereffective|p1a: Tornadus\n|-resisted|p1b: Urshifu\n|-damage|p1a: Tornadus|83\/100\n|-damage|p1b: Urshifu|88\/100\n|-unboost|p1b: Urshifu|spe|1\n|\n|-weather|RainDance|[upkeep]\n|-heal|p2b: Gastrodon|77\/100|[from] item: Leftovers\n|upkeep\n|\n|t:|1699855964\n|switch|p2a: Chien-Pao|Chien-Pao, L50|100\/100\n|-ability|p2a: Chien-Pao|Sword of Ruin\n|turn|8\n|\n|t:|1699855968\n|move|p1b: Urshifu|Close Combat|p2a: Chien-Pao\n|-supereffective|p2a: Chien-Pao\n|-damage|p2a: Chien-Pao|0 fnt\n|-unboost|p1b: Urshifu|def|1\n|-unboost|p1b: Urshifu|spd|1\n|faint|p2a: Chien-Pao\n|move|p1a: Tornadus|Bleakwind Storm|p2b: Gastrodon\n|-damage|p2b: Gastrodon|44\/100\n|move|p2b: Gastrodon|Muddy Water|p1b: Urshifu|[spread] p1a,p1b\n|-resisted|p1b: Urshifu\n|-damage|p1a: Tornadus|56\/100\n|-damage|p1b: Urshifu|30\/100\n|\n|-weather|none\n|-heal|p2b: Gastrodon|50\/100|[from] item: Leftovers\n|-sideend|p1: genisu x org|move: Tailwind\n|upkeep\n|turn|9\n|\n|t:|1699855988\n|move|p1a: Tornadus|Tailwind|p1a: Tornadus\n|-sidestart|p1: genisu x org|move: Tailwind\n|move|p1b: Urshifu|Close Combat|p2b: Gastrodon\n|-damage|p2b: Gastrodon|0 fnt\n|-unboost|p1b: Urshifu|def|1\n|-unboost|p1b: Urshifu|spd|1\n|faint|p2b: Gastrodon\n|\n|win|genisu x org\n|raw|genisu x org's rating: 1285 &rarr; <strong>1304<\/strong><br \/>(+19 for winning)\n|raw|SpaceCar's rating: 1197 &rarr; <strong>1178<\/strong><br \/>(-19 for losing)\n","uploadtime":1699856001,"views":23,"p1id":"genisuxorg","p2id":"spacecar","formatid":"gen9vgc2023regulatione","rating":1178,"private":0,"password":""}