{"id":"gen9vgc2023regulatione-2000135823","p1":"JadenPercedal","p2":"MudFishen","format":"[Gen 9] VGC 2023 Regulation E","log":"|j|\u2606JadenPercedal\n|j|\u2606MudFishen\n|t:|1701161150\n|gametype|doubles\n|player|p1|JadenPercedal|cynthia-gen4|1093\n|player|p2|MudFishen|ethan|1194\n|teamsize|p1|6\n|teamsize|p2|6\n|gen|9\n|tier|[Gen 9] VGC 2023 Regulation E\n|rated|\n|rule|Species Clause: Limit one of each Pok\u00e9mon\n|rule|Item Clause: Limit one of each item\n|clearpoke\n|poke|p1|Ninetales-Alola, L50, F|\n|poke|p1|Empoleon, L50, M|\n|poke|p1|Roaring Moon, L50|\n|poke|p1|Sinistcha, L50|\n|poke|p1|Urshifu-*, L50, M|\n|poke|p1|Arcanine-Hisui, L50, M|\n|poke|p2|Landorus-Therian, L50, M|\n|poke|p2|Iron Hands, L50|\n|poke|p2|Ninetales-Alola, L50, F|\n|poke|p2|Moltres-Galar, L50|\n|poke|p2|Arcanine-Hisui, L50, M|\n|poke|p2|Iron Bundle, L50|\n|teampreview|4\n|\n|t:|1701161196\n|start\n|switch|p1a: Ninetales|Ninetales-Alola, L50, F|100\/100\n|switch|p1b: Empoleon|Empoleon, L50, M|100\/100\n|switch|p2a: Ninetales|Ninetales-Alola, L50, F|100\/100\n|switch|p2b: Iron Bundle|Iron Bundle, L50|100\/100\n|-weather|Snow|[from] ability: Snow Warning|[of] p2a: Ninetales\n|-enditem|p2b: Iron Bundle|Booster Energy\n|-activate|p2b: Iron Bundle|ability: Quark Drive|[fromitem]\n|-start|p2b: Iron Bundle|quarkdrivespe\n|turn|1\n|c|\u2606MudFishen|imma  kick ur ass\n|\n|t:|1701161231\n|move|p2b: Iron Bundle|Freeze-Dry|p1b: Empoleon\n|-damage|p1b: Empoleon|79\/100\n|move|p1a: Ninetales|Aurora Veil|p1a: Ninetales\n|-sidestart|p1: JadenPercedal|move: Aurora Veil\n|move|p2a: Ninetales|Aurora Veil|p2a: Ninetales\n|-sidestart|p2: MudFishen|move: Aurora Veil\n|move|p1b: Empoleon|Flash Cannon|p2b: Iron Bundle\n|-damage|p2b: Iron Bundle|46\/100\n|\n|-weather|Snow|[upkeep]\n|upkeep\n|turn|2\n|\n|t:|1701161245\n|switch|p2a: Iron Hands|Iron Hands, L50|100\/100\n|move|p2b: Iron Bundle|Hydro Pump|p1a: Ninetales\n|-damage|p1a: Ninetales|59\/100\n|move|p1a: Ninetales|Icy Wind|p2a: Iron Hands|[spread] p2a,p2b\n|-resisted|p2b: Iron Bundle\n|-damage|p2a: Iron Hands|95\/100\n|-damage|p2b: Iron Bundle|42\/100\n|-unboost|p2a: Iron Hands|spe|1\n|-unboost|p2b: Iron Bundle|spe|1\n|move|p1b: Empoleon|Flash Cannon|p2b: Iron Bundle\n|-damage|p2b: Iron Bundle|0 fnt\n|faint|p2b: Iron Bundle\n|-end|p2b: Iron Bundle|Quark Drive|[silent]\n|\n|-weather|Snow|[upkeep]\n|upkeep\n|\n|t:|1701161261\n|switch|p2b: Landorus|Landorus-Therian, L50, M|100\/100\n|-ability|p2b: Landorus|Intimidate|boost\n|-unboost|p1a: Ninetales|atk|1\n|-unboost|p1b: Empoleon|atk|1\n|-ability|p1b: Empoleon|Competitive|boost\n|-boost|p1b: Empoleon|spa|2\n|turn|3\n|\n|t:|1701161285\n|-terastallize|p1b: Empoleon|Grass\n|move|p2a: Iron Hands|Fake Out|p1a: Ninetales\n|-damage|p1a: Ninetales|50\/100\n|move|p2b: Landorus|Stomping Tantrum|p1b: Empoleon\n|-resisted|p1b: Empoleon\n|-damage|p1b: Empoleon|64\/100\n|cant|p1a: Ninetales|flinch\n|move|p1b: Empoleon|Ice Beam|p2b: Landorus\n|-supereffective|p2b: Landorus\n|-damage|p2b: Landorus|0 fnt\n|faint|p2b: Landorus\n|\n|-weather|Snow|[upkeep]\n|upkeep\n|\n|t:|1701161294\n|switch|p2b: Ninetales|Ninetales-Alola, L50, F|100\/100\n|turn|4\n|\n|t:|1701161317\n|switch|p1a: Sinistcha|Sinistcha, L50|100\/100\n|-heal|p1b: Empoleon|89\/100|[from] ability: Hospitality|[of] p1a: Sinistcha\n|move|p2b: Ninetales|Protect|p2b: Ninetales\n|-singleturn|p2b: Ninetales|Protect\n|move|p1b: Empoleon|Flash Cannon|p2b: Ninetales\n|-activate|p2b: Ninetales|move: Protect\n|move|p2a: Iron Hands|Heavy Slam|p1a: Sinistcha\n|-damage|p1a: Sinistcha|72\/100\n|-damage|p2a: Iron Hands|79\/100|[from] item: Rocky Helmet|[of] p1a: Sinistcha\n|\n|-weather|Snow|[upkeep]\n|upkeep\n|turn|5\n|-message|MudFishen forfeited.\n|\n|win|JadenPercedal\n|raw|JadenPercedal's rating: 1093 &rarr; <strong>1126<\/strong><br \/>(+33 for winning)\n|raw|MudFishen's rating: 1194 &rarr; <strong>1162<\/strong><br \/>(-32 for losing)\n","uploadtime":1701161225,"views":4,"p1id":"jadenpercedal","p2id":"mudfishen","formatid":"gen9vgc2023regulatione","rating":1126,"private":0,"password":""}