{"id":"gen9vgc2023regulatione-1999619282","p1":"Bughello98","p2":"Golshi","format":"[Gen 9] VGC 2023 Regulation E","log":"|j|\u2606Bughello98\n|j|\u2606Golshi\n|t:|1701101785\n|gametype|doubles\n|player|p1|Bughello98|petrel|1391\n|player|p2|Golshi|lass|1345\n|teamsize|p1|6\n|teamsize|p2|6\n|gen|9\n|tier|[Gen 9] VGC 2023 Regulation E\n|rated|\n|rule|Species Clause: Limit one of each Pok\u00e9mon\n|rule|Item Clause: Limit one of each item\n|clearpoke\n|poke|p1|Dusclops, L50, F|\n|poke|p1|Landorus-Therian, L50, M|\n|poke|p1|Ursaluna-Bloodmoon, L50, M|\n|poke|p1|Ogerpon-Wellspring, L50, F|\n|poke|p1|Iron Hands, L50|\n|poke|p1|Chi-Yu, L50|\n|poke|p2|Iron Hands, L50|\n|poke|p2|Landorus, L50, M|\n|poke|p2|Politoed, L50, M|\n|poke|p2|Chien-Pao, L50|\n|poke|p2|Tornadus, L50, M|\n|poke|p2|Tsareena, L50, F|\n|teampreview|4\n|inactive|Battle timer is ON: inactive players will automatically lose when time's up. (requested by Golshi)\n|inactive|Bughello98 has 60 seconds left.\n|inactive|Golshi has 60 seconds left.\n|\n|t:|1701101838\n|start\n|switch|p1a: Dusclops|Dusclops, L50, F|100\/100\n|switch|p1b: Iron Hands|Iron Hands, L50|100\/100\n|switch|p2a: Tsareena|Tsareena, L50, F|100\/100\n|switch|p2b: Landorus|Landorus, L50, M|100\/100\n|-ability|p1a: Dusclops|Pressure\n|turn|1\n|\n|t:|1701101859\n|move|p1b: Iron Hands|Fake Out||[still]\n|cant|p2a: Tsareena|ability: Queenly Majesty|Fake Out|[of] p1b: Iron Hands\n|move|p2b: Landorus|Sandsear Storm|p1b: Iron Hands|[spread] p1b\n|-miss|p2b: Landorus|p1a: Dusclops\n|-supereffective|p1b: Iron Hands\n|-damage|p1b: Iron Hands|53\/100\n|move|p2a: Tsareena|Taunt|p1a: Dusclops\n|-start|p1a: Dusclops|move: Taunt\n|cant|p1a: Dusclops|move: Taunt|Trick Room\n|\n|upkeep\n|turn|2\n|\n|t:|1701101880\n|-terastallize|p1b: Iron Hands|Grass\n|move|p2b: Landorus|Sandsear Storm|p1b: Iron Hands|[spread] p1b\n|-miss|p2b: Landorus|p1a: Dusclops\n|-resisted|p1b: Iron Hands\n|-damage|p1b: Iron Hands|41\/100\n|move|p2a: Tsareena|Knock Off|p1a: Dusclops\n|-supereffective|p1a: Dusclops\n|-damage|p1a: Dusclops|66\/100\n|-enditem|p1a: Dusclops|Eviolite|[from] move: Knock Off|[of] p2a: Tsareena\n|move|p1b: Iron Hands|Drain Punch|p2a: Tsareena\n|-damage|p2a: Tsareena|66\/100\n|-heal|p1b: Iron Hands|54\/100|[from] drain|[of] p2a: Tsareena\n|move|p1a: Dusclops|Brick Break|p2a: Tsareena\n|-damage|p2a: Tsareena|54\/100\n|\n|upkeep\n|turn|3\n|inactive|Golshi has 30 seconds left.\n|\n|t:|1701101910\n|-end|p1b: Iron Hands|Quark Drive|[silent]\n|switch|p1b: Ursaluna|Ursaluna-Bloodmoon, L50, M|100\/100\n|move|p2b: Landorus|Sandsear Storm|p1b: Ursaluna|[spread] p1b\n|-miss|p2b: Landorus|p1a: Dusclops\n|-damage|p1b: Ursaluna|59\/100\n|move|p2a: Tsareena|Knock Off|p1b: Ursaluna\n|-crit|p1b: Ursaluna\n|-damage|p1b: Ursaluna|30\/100\n|-enditem|p1b: Ursaluna|Weakness Policy|[from] move: Knock Off|[of] p2a: Tsareena\n|move|p1a: Dusclops|Brick Break|p2a: Tsareena\n|-damage|p2a: Tsareena|42\/100\n|\n|-end|p1a: Dusclops|move: Taunt\n|upkeep\n|turn|4\n|\n|t:|1701101928\n|switch|p1a: Iron Hands|Iron Hands, L50, tera:Grass|54\/100\n|move|p1b: Ursaluna|Protect|p1b: Ursaluna\n|-singleturn|p1b: Ursaluna|Protect\n|move|p2b: Landorus|Sandsear Storm|p1b: Ursaluna|[spread] p1a\n|-activate|p1b: Ursaluna|move: Protect\n|-resisted|p1a: Iron Hands\n|-damage|p1a: Iron Hands|42\/100\n|move|p2a: Tsareena|Taunt|p1a: Iron Hands\n|-start|p1a: Iron Hands|move: Taunt\n|\n|upkeep\n|turn|5\n|\n|t:|1701101943\n|switch|p1b: Ogerpon|Ogerpon-Wellspring, L50, F|100\/100\n|move|p2b: Landorus|Sandsear Storm|p1a: Iron Hands|[spread] p1a,p1b\n|-resisted|p1a: Iron Hands\n|-resisted|p1b: Ogerpon\n|-damage|p1a: Iron Hands|31\/100\n|-damage|p1b: Ogerpon|80\/100\n|move|p2a: Tsareena|Knock Off|p1a: Iron Hands\n|-damage|p1a: Iron Hands|11\/100\n|-enditem|p1a: Iron Hands|Assault Vest|[from] move: Knock Off|[of] p2a: Tsareena\n|move|p1a: Iron Hands|Drain Punch|p2a: Tsareena\n|-damage|p2a: Tsareena|4\/100\n|-heal|p1a: Iron Hands|25\/100|[from] drain|[of] p2a: Tsareena\n|-enditem|p2a: Tsareena|Aguav Berry|[eat]\n|-heal|p2a: Tsareena|37\/100|[from] item: Aguav Berry\n|\n|upkeep\n|turn|6\n|inactive|Golshi has 30 seconds left.\n|\n|t:|1701101969\n|switch|p2a: Politoed|Politoed, L50, M|100\/100\n|-weather|RainDance|[from] ability: Drizzle|[of] p2a: Politoed\n|move|p2b: Landorus|Sandsear Storm|p1a: Iron Hands|[spread] p1a,p1b\n|-resisted|p1a: Iron Hands\n|-crit|p1a: Iron Hands\n|-resisted|p1b: Ogerpon\n|-damage|p1a: Iron Hands|0 fnt\n|-damage|p1b: Ogerpon|57\/100\n|faint|p1a: Iron Hands\n|-end|p1a: Iron Hands|Quark Drive|[silent]\n|move|p1b: Ogerpon|Ivy Cudgel|p2b: Landorus|[anim] Ivy Cudgel Water\n|-supereffective|p2b: Landorus\n|-crit|p2b: Landorus\n|-damage|p2b: Landorus|0 fnt\n|faint|p2b: Landorus\n|\n|-weather|RainDance|[upkeep]\n|upkeep\n|inactive|Golshi has 30 seconds left.\n|\n|t:|1701101997\n|switch|p2b: Tornadus|Tornadus, L50, M|100\/100\n|switch|p1a: Dusclops|Dusclops, L50, F|66\/100\n|-ability|p1a: Dusclops|Pressure\n|turn|7\n|inactive|Bughello98 has 30 seconds left.\n|inactive|Bughello98 has 20 seconds left.\n|inactive|Bughello98 has 15 seconds left.\n|inactive|Bughello98 has 10 seconds left.\n|inactive|Bughello98 has 5 seconds left.\n|\n|t:|1701102048\n|switch|p1a: Ursaluna|Ursaluna-Bloodmoon, L50, M|30\/100\n|move|p2a: Politoed|Helping Hand|p2b: Tornadus\n|-singleturn|p2b: Tornadus|Helping Hand|[of] p2a: Politoed\n|move|p2b: Tornadus|Bleakwind Storm|p1a: Ursaluna|[spread] p1a,p1b\n|-supereffective|p1b: Ogerpon\n|-damage|p1a: Ursaluna|0 fnt\n|-damage|p1b: Ogerpon|0 fnt\n|faint|p1a: Ursaluna\n|faint|p1b: Ogerpon\n|-damage|p2b: Tornadus|91\/100|[from] item: Life Orb\n|\n|-weather|RainDance|[upkeep]\n|upkeep\n|-message|Bughello98 forfeited.\n|\n|win|Golshi\n|raw|Bughello98's rating: 1391 &rarr; <strong>1368<\/strong><br \/>(-23 for losing)\n|raw|Golshi's rating: 1345 &rarr; <strong>1368<\/strong><br \/>(+23 for winning)\n|l|\u2606Bughello98\n","uploadtime":1701102067,"views":1,"p1id":"bughello98","p2id":"golshi","formatid":"gen9vgc2023regulatione","rating":1368,"private":0,"password":""}