{"id":"gen9vgc2023regulatione-1988834934","p1":"lebabimator9002","p2":"borgulanta","format":"[Gen 9] VGC 2023 Regulation E","log":"|j|\u2606lebabimator9002\n|j|\u2606borgulanta\n|t:|1699770506\n|gametype|doubles\n|player|p1|lebabimator9002|170|1252\n|player|p2|borgulanta|bertha|1225\n|teamsize|p1|6\n|teamsize|p2|6\n|gen|9\n|tier|[Gen 9] VGC 2023 Regulation E\n|rated|\n|rule|Species Clause: Limit one of each Pok\u00e9mon\n|rule|Item Clause: Limit one of each item\n|clearpoke\n|poke|p1|Dragapult, L50, M|\n|poke|p1|Illumise, L50, F|\n|poke|p1|Glimmora, L50, F|\n|poke|p1|Ceruledge, L50, M|\n|poke|p1|Landorus-Therian, L50, M|\n|poke|p1|Kingambit, L50, F|\n|poke|p2|Rillaboom, L50, F|\n|poke|p2|Tornadus, L50, M|\n|poke|p2|Ursaluna-Bloodmoon, L50, M|\n|poke|p2|Iron Moth, L50|\n|poke|p2|Urshifu-*, L50, M|\n|poke|p2|Maushold-Four, L50|\n|teampreview|4\n|inactive|Battle timer is ON: inactive players will automatically lose when time's up. (requested by borgulanta)\n|inactive|lebabimator9002 has 60 seconds left.\n|inactive|borgulanta has 60 seconds left.\n|inactive|borgulanta has 30 seconds left.\n|\n|t:|1699770573\n|start\n|switch|p1a: Landorus|Landorus-Therian, L50, M|100\/100\n|switch|p1b: Glimmora|Glimmora, L50, F|100\/100\n|switch|p2a: Iron Moth|Iron Moth, L50|100\/100\n|switch|p2b: Urshifu|Urshifu-Rapid-Strike, L50, M|100\/100\n|-ability|p1a: Landorus|Intimidate|boost\n|-unboost|p2a: Iron Moth|atk|1\n|-unboost|p2b: Urshifu|atk|1\n|-enditem|p2a: Iron Moth|Booster Energy\n|-activate|p2a: Iron Moth|ability: Quark Drive|[fromitem]\n|-start|p2a: Iron Moth|quarkdrivespa\n|turn|1\n|inactive|borgulanta has 30 seconds left.\n|\n|t:|1699770607\n|-terastallize|p1b: Glimmora|Grass\n|move|p2a: Iron Moth|Protect|p2a: Iron Moth\n|-singleturn|p2a: Iron Moth|Protect\n|move|p1a: Landorus|U-turn|p2b: Urshifu\n|-resisted|p2b: Urshifu\n|-damage|p2b: Urshifu|86\/100\n|\n|t:|1699770615\n|switch|p1a: Illumise|Illumise, L50, F|100\/100|[from] U-turn\n|move|p2b: Urshifu|Surging Strikes|p1a: Illumise\n|-crit|p1a: Illumise\n|-damage|p1a: Illumise|69\/100\n|-crit|p1a: Illumise\n|-damage|p1a: Illumise|42\/100\n|-crit|p1a: Illumise\n|-damage|p1a: Illumise|14\/100\n|-hitcount|p1a: Illumise|3\n|move|p1b: Glimmora|Power Gem|p2a: Iron Moth\n|-activate|p2a: Iron Moth|move: Protect\n|\n|upkeep\n|turn|2\n|inactive|borgulanta has 30 seconds left.\n|inactive|borgulanta has 20 seconds left.\n|\n|t:|1699770650\n|switch|p2b: Tornadus|Tornadus, L50, M|100\/100\n|-terastallize|p2a: Iron Moth|Fairy\n|move|p1a: Illumise|Encore|p2a: Iron Moth\n|-start|p2a: Iron Moth|Encore\n|move|p2a: Iron Moth|Protect||[still]\n|-fail|p2a: Iron Moth\n|move|p1b: Glimmora|Sludge Bomb|p2b: Tornadus\n|-damage|p2b: Tornadus|17\/100\n|\n|upkeep\n|turn|3\n|\n|t:|1699770680\n|-end|p2a: Iron Moth|Quark Drive|[silent]\n|switch|p2a: Urshifu|Urshifu-Rapid-Strike, L50, M|86\/100\n|move|p1a: Illumise|Protect|p1a: Illumise\n|-singleturn|p1a: Illumise|Protect\n|move|p2b: Tornadus|Bleakwind Storm|p1b: Glimmora|[spread] \n|-activate|p1a: Illumise|move: Protect\n|-miss|p2b: Tornadus|p1b: Glimmora\n|move|p1b: Glimmora|Sludge Bomb|p2b: Tornadus\n|-damage|p2b: Tornadus|0 fnt\n|faint|p2b: Tornadus\n|\n|upkeep\n|\n|t:|1699770694\n|switch|p2b: Ursaluna|Ursaluna-Bloodmoon, L50, M|100\/100\n|turn|4\n|\n|t:|1699770704\n|move|p2a: Urshifu|Aqua Jet|p1a: Illumise\n|-damage|p1a: Illumise|0 fnt\n|faint|p1a: Illumise\n|move|p1b: Glimmora|Sludge Bomb|p2a: Urshifu\n|-damage|p2a: Urshifu|0 fnt\n|faint|p2a: Urshifu\n|move|p2b: Ursaluna|Blood Moon|p1b: Glimmora\n|-crit|p1b: Glimmora\n|-damage|p1b: Glimmora|0 fnt\n|faint|p1b: Glimmora\n|-damage|p2b: Ursaluna|91\/100|[from] item: Life Orb\n|\n|upkeep\n|\n|t:|1699770713\n|switch|p2a: Iron Moth|Iron Moth, L50, tera:Fairy|100\/100\n|switch|p1b: Landorus|Landorus-Therian, L50, M|100\/100\n|switch|p1a: Kingambit|Kingambit, L50, F|100\/100\n|-ability|p1b: Landorus|Intimidate|boost\n|-unboost|p2a: Iron Moth|atk|1\n|-unboost|p2b: Ursaluna|atk|1\n|turn|5\n|inactive|lebabimator9002 has 30 seconds left.\n|inactive|borgulanta has 30 seconds left.\n|\n|t:|1699770748\n|move|p1b: Landorus|Rock Slide|p2b: Ursaluna|[spread] p2a,p2b\n|-resisted|p2b: Ursaluna\n|-damage|p2a: Iron Moth|67\/100\n|-damage|p2b: Ursaluna|83\/100\n|move|p2a: Iron Moth|Fiery Dance|p1a: Kingambit\n|-supereffective|p1a: Kingambit\n|-damage|p1a: Kingambit|39\/100\n|move|p2b: Ursaluna|Earth Power|p1a: Kingambit\n|-supereffective|p1a: Kingambit\n|-damage|p1a: Kingambit|0 fnt\n|faint|p1a: Kingambit\n|-damage|p2b: Ursaluna|73\/100|[from] item: Life Orb\n|\n|upkeep\n|turn|6\n|-message|lebabimator9002 forfeited.\n|\n|win|borgulanta\n|raw|lebabimator9002's rating: 1252 &rarr; <strong>1225<\/strong><br \/>(-27 for losing)\n|raw|borgulanta's rating: 1225 &rarr; <strong>1252<\/strong><br \/>(+27 for winning)\n|l|\u2606lebabimator9002\n","uploadtime":1699770772,"views":12,"p1id":"lebabimator9002","p2id":"borgulanta","formatid":"gen9vgc2023regulatione","rating":1225,"private":0,"password":""}