{"id":"gen9vgc2023regulatione-1988474544","p1":"Leon_zoS","p2":"NaisonD","format":"[Gen 9] VGC 2023 Regulation E","log":"|j|\u2606Leon_zoS\n|j|\u2606NaisonD\n|n|\u2606Leon_zoS|leonzos\n|n|\u2606NaisonD|naisond\n|html|View the match progress at <a href=\"\/game-bestof3-gen9vgc2023regulatione-1988470195\">game-bestof3-gen9vgc2023regulatione-1988470195<\/a>\n|t:|1699726836\n|gametype|doubles\n|player|p1|Leon_zoS|265|\n|player|p2|NaisonD|cheren|\n|teamsize|p1|6\n|teamsize|p2|6\n|gen|9\n|tier|[Gen 9] VGC 2023 Regulation E\n|rule|Species Clause: Limit one of each Pok\u00e9mon\n|rule|Item Clause: Limit one of each item\n|clearpoke\n|poke|p1|Flutter Mane, L50|\n|poke|p1|Chien-Pao, L50|\n|poke|p1|Tornadus, L50, M|\n|poke|p1|Arcanine-Hisui, L50, M|\n|poke|p1|Amoonguss, L50, F|\n|poke|p1|Kingambit, L50, M|\n|poke|p2|Gholdengo, L50|\n|poke|p2|Grimmsnarl, L50, M|\n|poke|p2|Zapdos-Galar, L50|\n|poke|p2|Milotic, L50, M|\n|poke|p2|Rillaboom, L50, M|\n|poke|p2|Regieleki, L50|\n|teampreview|4\nLeon_zoS has agreed to open team sheets.\nNaisonD has agreed to open team sheets.\n|showteam|p1|Flutter Mane||ChoiceSpecs|Protosynthesis|PowerGem,DazzlingGleam,Moonblast,ShadowBall||||||50|,,,,,Fairy]Chien-Pao||FocusSash|SwordofRuin|Protect,IcicleCrash,SuckerPunch,SacredSword||||||50|,,,,,Ghost]Tornadus||CovertCloak|Prankster|Tailwind,SunnyDay,Taunt,BleakwindStorm|||M|||50|,,,,,Flying]Arcanine-Hisui||ChoiceBand|Intimidate|RagingFury,RockSlide,ExtremeSpeed,TeraBlast|||M|||50|,,,,,Grass]Amoonguss||SitrusBerry|Regenerator|Spore,RagePowder,LeafStorm,Protect|||F|||50|,,,,,Water]Kingambit||RockyHelmet|Defiant|Protect,IronHead,SuckerPunch,SwordsDance|||M|||50|,,,,,Dark\n|showteam|p2|Gholdengo||SitrusBerry|GoodasGold|MakeItRain,ShadowBall,Protect,NastyPlot||||||50|,,,,,Dragon]Grimmsnarl||LightClay|Prankster|SpiritBreak,LightScreen,Reflect,ThunderWave|||M|||50|,,,,,Ghost]Zapdos-Galar||ChoiceScarf|Defiant|CloseCombat,BraveBird,Uturn,ThunderousKick||||||50|,,,,,Flying]Milotic||Leftovers|Competitive|HydroPump,IceBeam,Hypnosis,Coil|||M|||50|,,,,,Dragon]Rillaboom||MiracleSeed|GrassySurge|WoodHammer,GrassyGlide,FakeOut,Uturn|||M|||50|,,,,,Grass]Regieleki||FocusSash|Transistor|ThunderCage,VoltSwitch,TeraBlast,Protect||||||50|,,,,,Ice\n|\n|t:|1699726883\n|start\n|switch|p1a: Tornadus|Tornadus, L50, M|100\/100\n|switch|p1b: Flutter Mane|Flutter Mane, L50|100\/100\n|switch|p2a: Zapdos|Zapdos-Galar, L50|100\/100\n|switch|p2b: Rillaboom|Rillaboom, L50, M|100\/100\n|-fieldstart|move: Grassy Terrain|[from] ability: Grassy Surge|[of] p2b: Rillaboom\n|turn|1\n|\n|t:|1699726929\n|-end|p1b: Flutter Mane|Protosynthesis|[silent]\n|switch|p1b: Kingambit|Kingambit, L50, M|100\/100\n|-terastallize|p2a: Zapdos|Flying\n|move|p2b: Rillaboom|Fake Out|p1b: Kingambit\n|-resisted|p1b: Kingambit\n|-damage|p1b: Kingambit|94\/100\n|-damage|p2b: Rillaboom|84\/100|[from] item: Rocky Helmet|[of] p1b: Kingambit\n|move|p2a: Zapdos|Brave Bird|p1a: Tornadus\n|-crit|p1a: Tornadus\n|-damage|p1a: Tornadus|0 fnt\n|faint|p1a: Tornadus\n|-damage|p2a: Zapdos|64\/100|[from] Recoil\n|\n|-heal|p2b: Rillaboom|90\/100|[from] Grassy Terrain\n|-heal|p1b: Kingambit|99\/100|[from] Grassy Terrain\n|upkeep\n|\n|t:|1699726954\n|switch|p1a: Arcanine|Arcanine-Hisui, L50, M|100\/100\n|-ability|p1a: Arcanine|Intimidate|boost\n|-unboost|p2a: Zapdos|atk|1\n|-ability|p2a: Zapdos|Defiant|boost\n|-boost|p2a: Zapdos|atk|2\n|-unboost|p2b: Rillaboom|atk|1\n|turn|2\n|\n|t:|1699726999\n|switch|p2a: Gholdengo|Gholdengo, L50, shiny|100\/100\n|move|p1a: Arcanine|Extreme Speed|p2a: Gholdengo\n|-immune|p2a: Gholdengo\n|move|p1b: Kingambit|Sucker Punch||[still]\n|-fail|p1b: Kingambit\n|move|p2b: Rillaboom|Wood Hammer|p1b: Kingambit\n|-resisted|p1b: Kingambit\n|-damage|p1b: Kingambit|72\/100\n|-damage|p2b: Rillaboom|74\/100|[from] item: Rocky Helmet|[of] p1b: Kingambit\n|-damage|p2b: Rillaboom|64\/100|[from] Recoil\n|\n|-heal|p2b: Rillaboom|70\/100|[from] Grassy Terrain\n|-heal|p1b: Kingambit|78\/100|[from] Grassy Terrain\n|upkeep\n|turn|3\n|\n|t:|1699727045\n|switch|p1a: Flutter Mane|Flutter Mane, L50|100\/100\n|switch|p2b: Zapdos|Zapdos-Galar, L50, tera:Flying|64\/100\n|move|p2a: Gholdengo|Nasty Plot|p2a: Gholdengo\n|-boost|p2a: Gholdengo|spa|2\n|move|p1b: Kingambit|Iron Head|p2b: Zapdos\n|-damage|p2b: Zapdos|11\/100\n|\n|-heal|p1b: Kingambit|84\/100|[from] Grassy Terrain\n|upkeep\n|turn|4\n|\n|t:|1699727116\n|-end|p1a: Flutter Mane|Protosynthesis|[silent]\n|switch|p1a: Arcanine|Arcanine-Hisui, L50, M|100\/100\n|-ability|p1a: Arcanine|Intimidate|boost\n|-unboost|p2a: Gholdengo|atk|1\n|-unboost|p2b: Zapdos|atk|1\n|-ability|p2b: Zapdos|Defiant|boost\n|-boost|p2b: Zapdos|atk|2\n|move|p2b: Zapdos|Brave Bird|p1a: Arcanine\n|-resisted|p1a: Arcanine\n|-damage|p1a: Arcanine|36\/100\n|-damage|p2b: Zapdos|0 fnt|[from] Recoil\n|faint|p2b: Zapdos\n|move|p2a: Gholdengo|Make It Rain|p1a: Arcanine|[spread] p1a,p1b\n|-resisted|p1b: Kingambit\n|-damage|p1a: Arcanine|0 fnt\n|-damage|p1b: Kingambit|43\/100\n|-unboost|p2a: Gholdengo|spa|1\n|faint|p1a: Arcanine\n|move|p1b: Kingambit|Iron Head|p2a: Gholdengo\n|-resisted|p2a: Gholdengo\n|-damage|p2a: Gholdengo|77\/100\n|\n|-heal|p2a: Gholdengo|83\/100|[from] Grassy Terrain\n|-heal|p1b: Kingambit|48\/100|[from] Grassy Terrain\n|upkeep\n|\n|t:|1699727138\n|switch|p2b: Regieleki|Regieleki, L50|100\/100\n|switch|p1a: Flutter Mane|Flutter Mane, L50|100\/100\n|turn|5\n|\n|t:|1699727167\n|move|p2a: Gholdengo|Protect|p2a: Gholdengo\n|-singleturn|p2a: Gholdengo|Protect\n|move|p1b: Kingambit|Sucker Punch|p2b: Regieleki\n|-damage|p2b: Regieleki|12\/100\n|move|p2b: Regieleki|Volt Switch|p1b: Kingambit\n|-damage|p1b: Kingambit|3\/100\n|\n|t:|1699727174\n|switch|p2b: Rillaboom|Rillaboom, L50, M|70\/100|[from] Volt Switch\n|move|p1a: Flutter Mane|Shadow Ball|p2b: Rillaboom\n|-damage|p2b: Rillaboom|0 fnt\n|faint|p2b: Rillaboom\n|\n|-heal|p2a: Gholdengo|89\/100|[from] Grassy Terrain\n|-heal|p1b: Kingambit|9\/100|[from] Grassy Terrain\n|-fieldend|move: Grassy Terrain\n|upkeep\n|\n|t:|1699727184\n|switch|p2b: Regieleki|Regieleki, L50|12\/100\n|turn|6\n|\n|t:|1699727205\n|move|p1b: Kingambit|Sucker Punch|p2b: Regieleki\n|-damage|p2b: Regieleki|0 fnt\n|faint|p2b: Regieleki\n|move|p1a: Flutter Mane|Shadow Ball|p2a: Gholdengo\n|-supereffective|p2a: Gholdengo\n|-damage|p2a: Gholdengo|0 fnt\n|faint|p2a: Gholdengo\n|\n|win|Leon_zoS\n|l|\u2606Leon_zoS\n","uploadtime":1699727257,"views":14,"p1id":"leonzos","p2id":"naisond","formatid":"gen9vgc2023regulatione","rating":0,"private":0,"password":""}