{"id":"gen9vgc2023regulatione-1993596552","p1":"Adrian1807","p2":"Zap-n-Tap","format":"[Gen 9] VGC 2023 Regulation E","log":"|j|\u2606Adrian1807\n|j|\u2606Zap-n-Tap\n|t:|1700335737\n|gametype|doubles\n|player|p1|Adrian1807|ethan|1389\n|player|p2|Zap-n-Tap|scientist-gen4dp|1331\n|teamsize|p1|6\n|teamsize|p2|6\n|gen|9\n|tier|[Gen 9] VGC 2023 Regulation E\n|rated|\n|rule|Species Clause: Limit one of each Pok\u00e9mon\n|rule|Item Clause: Limit one of each item\n|clearpoke\n|poke|p1|Dusclops, L50, M|\n|poke|p1|Ursaluna-Bloodmoon, L50, M|\n|poke|p1|Iron Hands, L50|\n|poke|p1|Flutter Mane, L50|\n|poke|p1|Heatran, L50, F|\n|poke|p1|Ogerpon-Cornerstone, L50, F|\n|poke|p2|Regieleki, L50|\n|poke|p2|Ninetales-Alola, L50, F|\n|poke|p2|Enamorus-Therian, L50, F|\n|poke|p2|Kingambit, L50, F|\n|poke|p2|Armarouge, L50, F|\n|poke|p2|Farigiraf, L50, M|\n|teampreview|4\n|inactive|Battle timer is ON: inactive players will automatically lose when time's up. (requested by Adrian1807)\n|\n|t:|1700335774\n|start\n|switch|p1a: Dusclops|Dusclops, L50, M, shiny|100\/100\n|switch|p1b: Iron Hands|Iron Hands, L50|100\/100\n|switch|p2a: Giraffe|Farigiraf, L50, M, shiny|100\/100\n|switch|p2b: Saber|Kingambit, L50, F, shiny|100\/100\n|-ability|p1a: Dusclops|Pressure\n|turn|1\n|inactive|Zap-n-Tap has 30 seconds left.\n|inactive|Zap-n-Tap has 20 seconds left.\n|\n|t:|1700335812\n|switch|p2b: Protoman|Armarouge, L50, F|100\/100\n|move|p2a: Giraffe|Dazzling Gleam|p1b: Iron Hands|[spread] p1a,p1b\n|-supereffective|p1b: Iron Hands\n|-damage|p1a: Dusclops|92\/100\n|-damage|p1b: Iron Hands|81\/100\n|move|p1b: Iron Hands|Drain Punch|p2a: Giraffe\n|-damage|p2a: Giraffe|62\/100\n|-heal|p1b: Iron Hands|97\/100|[from] drain|[of] p2a: Giraffe\n|-damage|p1b: Iron Hands|81\/100|[from] item: Rocky Helmet|[of] p2a: Giraffe\n|move|p1a: Dusclops|Will-O-Wisp|p2b: Protoman\n|-start|p2b: Protoman|ability: Flash Fire\n|\n|upkeep\n|turn|2\n|inactive|Zap-n-Tap has 30 seconds left.\n|inactive|Adrian1807 has 30 seconds left.\n|inactive|Zap-n-Tap has 20 seconds left.\n|inactive|Zap-n-Tap has 15 seconds left.\n|\n|t:|1700335862\n|-end|p1b: Iron Hands|Quark Drive|[silent]\n|switch|p1b: Heatran|Heatran, L50, F|100\/100\n|switch|p1a: Ursaluna|Ursaluna-Bloodmoon, L50, M|100\/100\n|move|p2b: Protoman|Heat Wave|p1b: Heatran|[spread] p1a\n|-start|p1b: Heatran|ability: Flash Fire\n|-damage|p1a: Ursaluna|8\/100\n|-status|p1a: Ursaluna|brn\n|-damage|p2b: Protoman|91\/100|[from] item: Life Orb\n|move|p2a: Giraffe|Trick Room|p2a: Giraffe\n|-fieldstart|move: Trick Room|[of] p2a: Giraffe\n|\n|-damage|p1a: Ursaluna|2\/100 brn|[from] brn\n|upkeep\n|turn|3\n|inactive|Zap-n-Tap has 30 seconds left.\n|inactive|Zap-n-Tap has 20 seconds left.\n|inactive|Zap-n-Tap has 15 seconds left.\n|\n|t:|1700335905\n|-terastallize|p2b: Protoman|Grass\n|move|p1a: Ursaluna|Blood Moon|p2a: Giraffe\n|-damage|p2a: Giraffe|0 fnt\n|faint|p2a: Giraffe\n|move|p2b: Protoman|Aura Sphere|p1b: Heatran\n|-supereffective|p1b: Heatran\n|-damage|p1b: Heatran|24\/100\n|-damage|p2b: Protoman|81\/100|[from] item: Life Orb\n|move|p1b: Heatran|Earth Power|p2b: Protoman\n|-resisted|p2b: Protoman\n|-damage|p2b: Protoman|56\/100\n|-damage|p1b: Heatran|14\/100|[from] item: Life Orb\n|\n|-damage|p1a: Ursaluna|0 fnt|[from] brn\n|faint|p1a: Ursaluna\n|upkeep\n|\n|t:|1700335926\n|switch|p1a: Iron Hands|Iron Hands, L50|81\/100\n|switch|p2a: Turtella|Enamorus-Therian, L50, F|100\/100\n|turn|4\n|inactive|Zap-n-Tap has 30 seconds left.\n|inactive|Zap-n-Tap has 20 seconds left.\n|\n|t:|1700335962\n|-terastallize|p1a: Iron Hands|Grass\n|move|p1a: Iron Hands|Fake Out|p2b: Protoman\n|-damage|p2b: Protoman|41\/100\n|move|p2a: Turtella|Dazzling Gleam|p1b: Heatran|[spread] p1a,p1b\n|-resisted|p1b: Heatran\n|-damage|p1a: Iron Hands|61\/100\n|-damage|p1b: Heatran|7\/100\n|cant|p2b: Protoman|flinch\n|move|p1b: Heatran|Flash Cannon|p2a: Turtella\n|-supereffective|p2a: Turtella\n|-crit|p2a: Turtella\n|-damage|p2a: Turtella|0 fnt\n|faint|p2a: Turtella\n|-damage|p1b: Heatran|0 fnt|[from] item: Life Orb\n|faint|p1b: Heatran\n|\n|upkeep\n|inactive|Adrian1807 has 30 seconds left.\n|inactive|Adrian1807 has 20 seconds left.\n|inactive|Adrian1807 has 15 seconds left.\n|\n|t:|1700336003\n|switch|p2a: Saber|Kingambit, L50, F, shiny|100\/100\n|switch|p1b: Dusclops|Dusclops, L50, M, shiny|92\/100\n|-ability|p1b: Dusclops|Pressure\n|turn|5\n|inactive|Zap-n-Tap has 30 seconds left.\n|inactive|Zap-n-Tap has 20 seconds left.\n|inactive|Zap-n-Tap has 15 seconds left.\n|inactive|Zap-n-Tap has 10 seconds left.\n|inactive|Zap-n-Tap has 5 seconds left.\n|\n|t:|1700336056\n|move|p1b: Dusclops|Brick Break|p2b: Protoman\n|-damage|p2b: Protoman|28\/100\n|move|p2a: Saber|Swords Dance|p2a: Saber\n|-boost|p2a: Saber|atk|2\n|move|p1a: Iron Hands|Drain Punch|p2a: Saber\n|-supereffective|p2a: Saber\n|-damage|p2a: Saber|0 fnt\n|-heal|p1a: Iron Hands|99\/100|[from] drain|[of] p2a: Saber\n|faint|p2a: Saber\n|move|p2b: Protoman|Heat Wave|p1b: Dusclops|[spread] p1a,p1b\n|-supereffective|p1a: Iron Hands\n|-damage|p1a: Iron Hands|0 fnt\n|-damage|p1b: Dusclops|53\/100\n|-status|p1b: Dusclops|brn\n|faint|p1a: Iron Hands\n|-end|p1a: Iron Hands|Quark Drive|[silent]\n|-damage|p2b: Protoman|18\/100|[from] item: Life Orb\n|\n|-damage|p1b: Dusclops|47\/100 brn|[from] brn\n|upkeep\n|turn|6\n|\n|t:|1700336079\n|move|p1b: Dusclops|Brick Break|p2b: Protoman\n|-damage|p2b: Protoman|12\/100\n|move|p2b: Protoman|Heat Wave|p1b: Dusclops\n|-damage|p1b: Dusclops|0 fnt\n|faint|p1b: Dusclops\n|-damage|p2b: Protoman|3\/100|[from] item: Life Orb\n|\n|win|Zap-n-Tap\n|raw|Adrian1807's rating: 1389 &rarr; <strong>1366<\/strong><br \/>(-23 for losing)\n|raw|Zap-n-Tap's rating: 1331 &rarr; <strong>1354<\/strong><br \/>(+23 for winning)\n|l|\u2606Adrian1807\n|c|\u2606Zap-n-Tap|gg\n","uploadtime":1700336155,"views":7,"p1id":"adrian1807","p2id":"zapntap","formatid":"gen9vgc2023regulatione","rating":1354,"private":0,"password":""}