{"id":"gen9vgc2023regulatione-1992260893","p1":"Luiz Red","p2":"kidturtle","format":"[Gen 9] VGC 2023 Regulation E","log":"|j|\u2606Luiz Red\n|j|\u2606kidturtle\n|t:|1700168659\n|gametype|doubles\n|player|p1|Luiz Red|clown|\n|player|p2|kidturtle|hoopster|\n|teamsize|p1|6\n|teamsize|p2|6\n|gen|9\n|tier|[Gen 9] VGC 2023 Regulation E\n|rated|Tournament battle\n|rule|Species Clause: Limit one of each Pok\u00e9mon\n|rule|Item Clause: Limit one of each item\n|clearpoke\n|poke|p1|Tyranitar, L50, M|\n|poke|p1|Houndstone, L50, M|\n|poke|p1|Gholdengo, L50|\n|poke|p1|Landorus-Therian, L50, M|\n|poke|p1|Cresselia, L50, F|\n|poke|p1|Gastrodon-East, L50, F|\n|poke|p2|Ursaluna, L50, M|\n|poke|p2|Cresselia, L50, F|\n|poke|p2|Flutter Mane, L50|\n|poke|p2|Chi-Yu, L50|\n|poke|p2|Iron Hands, L50|\n|poke|p2|Urshifu-*, L50, M|\n|teampreview|4\n|showteam|p1|Tyranitar||FocusSash|SandStream|RockSlide,Crunch,DragonDance,Protect|||M|||50|,,,,,Ghost]Houndstone||SpellTag|SandRush|LastRespects,Howl,ShadowSneak,Protect|||M|||50|,,,,,Ghost]Gholdengo||SitrusBerry|GoodasGold|DazzlingGleam,MakeItRain,NastyPlot,ShadowBall||||||50|,,,,,Fairy]Landorus-Therian||AssaultVest|Intimidate|Uturn,Earthquake,StompingTantrum,RockSlide|||M|||50|,,,,,Rock]Cresselia||BrightPowder|Levitate|AllySwitch,LunarBlessing,IcyWind,DoubleTeam|||F|||50|,,,,,Dark]Gastrodon-East||Leftovers|StormDrain|Yawn,IceBeam,Protect,AcidArmor|||F|||50|,,,,,Fire\n|showteam|p2|Ursaluna||FlameOrb|Guts|Facade,Earthquake,SwordsDance,Protect|||M|||50|,,,,,Ghost]Cresselia||MentalHerb|Levitate|IceBeam,AllySwitch,LunarBlessing,TrickRoom|||F|||50|,,,,,Fairy]Flutter Mane||BoosterEnergy|Protosynthesis|IcyWind,ShadowBall,Moonblast,Protect||||||50|,,,,,Fairy]Chi-Yu||ChoiceSpecs|BeadsofRuin|BurningJealousy,DarkPulse,Overheat,Snarl||||||50|,,,,,Ghost]Iron Hands||SitrusBerry|QuarkDrive|DrainPunch,WildCharge,FakeOut,SwordsDance||||||50|,,,,,Fire]Urshifu||FocusSash|UnseenFist|Detect,WickedBlow,CloseCombat,SuckerPunch|||M|||50|,,,,,Dark\n|j| TheColorRedYT\n|inactive|Battle timer is ON: inactive players will automatically lose when time's up. (requested by kidturtle)\n|inactive|Luiz Red has 60 seconds left.\n|inactive|kidturtle has 60 seconds left.\n|inactive|kidturtle has 30 seconds left.\n|\n|t:|1700168738\n|start\n|switch|p1a: Gholdengo|Gholdengo, L50, shiny|100\/100\n|switch|p1b: Tyranitar|Tyranitar, L50, M, shiny|100\/100\n|switch|p2a: Flutter Mane|Flutter Mane, L50, shiny|100\/100\n|switch|p2b: Chi-Yu|Chi-Yu, L50|100\/100\n|-ability|p2b: Chi-Yu|Beads of Ruin\n|-weather|Sandstorm|[from] ability: Sand Stream|[of] p1b: Tyranitar\n|-enditem|p2a: Flutter Mane|Booster Energy\n|-activate|p2a: Flutter Mane|ability: Protosynthesis|[fromitem]\n|-start|p2a: Flutter Mane|protosynthesisspe\n|turn|1\n|inactive|Luiz Red has 30 seconds left.\n|inactive|kidturtle has 30 seconds left.\n|inactive|Luiz Red has 20 seconds left.\n|inactive|Luiz Red has 15 seconds left.\n|inactive|Luiz Red has 10 seconds left.\n|\n|t:|1700168788\n|switch|p1b: Landorus|Landorus-Therian, L50, M|100\/100\n|-ability|p1b: Landorus|Intimidate|boost\n|-unboost|p2a: Flutter Mane|atk|1\n|-unboost|p2b: Chi-Yu|atk|1\n|-terastallize|p1a: Gholdengo|Fairy\n|move|p2a: Flutter Mane|Moonblast|p1b: Landorus\n|-damage|p1b: Landorus|50\/100\n|move|p2b: Chi-Yu|Snarl|p1b: Landorus|[spread] p1a,p1b\n|-resisted|p1a: Gholdengo\n|-crit|p1b: Landorus\n|-damage|p1a: Gholdengo|80\/100\n|-damage|p1b: Landorus|0 fnt\n|-unboost|p1a: Gholdengo|spa|1\n|faint|p1b: Landorus\n|move|p1a: Gholdengo|Shadow Ball|p2a: Flutter Mane\n|-supereffective|p2a: Flutter Mane\n|-damage|p2a: Flutter Mane|20\/100\n|-unboost|p2a: Flutter Mane|spd|1\n|\n|-weather|Sandstorm|[upkeep]\n|-damage|p2a: Flutter Mane|14\/100|[from] Sandstorm\n|-damage|p2b: Chi-Yu|94\/100|[from] Sandstorm\n|-damage|p1a: Gholdengo|74\/100|[from] Sandstorm\n|upkeep\n|j| Cdogp\n|\n|t:|1700168813\n|switch|p1b: Houndstone|Houndstone, L50, M|100\/100\n|turn|2\n|\n|t:|1700168833\n|move|p2a: Flutter Mane|Protect|p2a: Flutter Mane\n|-singleturn|p2a: Flutter Mane|Protect\n|move|p1b: Houndstone|Shadow Sneak|p2a: Flutter Mane\n|-activate|p2a: Flutter Mane|move: Protect\n|move|p2b: Chi-Yu|Snarl|p1b: Houndstone|[spread] p1a,p1b\n|-resisted|p1a: Gholdengo\n|-supereffective|p1b: Houndstone\n|-damage|p1a: Gholdengo|53\/100\n|-damage|p1b: Houndstone|0 fnt\n|-unboost|p1a: Gholdengo|spa|1\n|faint|p1b: Houndstone\n|move|p1a: Gholdengo|Nasty Plot|p1a: Gholdengo\n|-boost|p1a: Gholdengo|spa|2\n|\n|-weather|Sandstorm|[upkeep]\n|-damage|p2a: Flutter Mane|8\/100|[from] Sandstorm\n|-damage|p2b: Chi-Yu|88\/100|[from] Sandstorm\n|-damage|p1a: Gholdengo|47\/100|[from] Sandstorm\n|-enditem|p1a: Gholdengo|Sitrus Berry|[eat]\n|-heal|p1a: Gholdengo|72\/100|[from] item: Sitrus Berry\n|upkeep\n|\n|t:|1700168855\n|switch|p1b: Tyranitar|Tyranitar, L50, M, shiny|100\/100\n|turn|3\n|\n|t:|1700168874\n|move|p1b: Tyranitar|Protect|p1b: Tyranitar\n|-singleturn|p1b: Tyranitar|Protect\n|move|p2a: Flutter Mane|Moonblast|p1a: Gholdengo\n|-damage|p1a: Gholdengo|8\/100\n|move|p2b: Chi-Yu|Snarl|p1b: Tyranitar|[spread] p1a\n|-activate|p1b: Tyranitar|move: Protect\n|-resisted|p1a: Gholdengo\n|-damage|p1a: Gholdengo|0 fnt\n|faint|p1a: Gholdengo\n|\n|-weather|Sandstorm|[upkeep]\n|-damage|p2a: Flutter Mane|2\/100|[from] Sandstorm\n|-damage|p2b: Chi-Yu|82\/100|[from] Sandstorm\n|upkeep\n|turn|4\n|\n|t:|1700168892\n|move|p2a: Flutter Mane|Moonblast|p1b: Tyranitar\n|-supereffective|p1b: Tyranitar\n|-damage|p1b: Tyranitar|18\/100\n|-unboost|p1b: Tyranitar|spa|1\n|move|p2b: Chi-Yu|Snarl|p1b: Tyranitar\n|-resisted|p1b: Tyranitar\n|-damage|p1b: Tyranitar|1\/100\n|-unboost|p1b: Tyranitar|spa|1\n|move|p1b: Tyranitar|Rock Slide|p2a: Flutter Mane|[spread] p2a,p2b\n|-supereffective|p2b: Chi-Yu\n|-damage|p2a: Flutter Mane|0 fnt\n|-damage|p2b: Chi-Yu|0 fnt\n|faint|p2a: Flutter Mane\n|-end|p2a: Flutter Mane|Protosynthesis|[silent]\n|faint|p2b: Chi-Yu\n|\n|-weather|Sandstorm|[upkeep]\n|upkeep\n|\n|t:|1700168899\n|switch|p2a: Cresselia|Cresselia, L50, F|100\/100\n|switch|p2b: Ursaluna|Ursaluna, L50, M|100\/100\n|turn|5\n|l| Cdogp\n|\n|t:|1700168916\n|move|p1b: Tyranitar|Rock Slide|p2a: Cresselia|[spread] p2a\n|-miss|p1b: Tyranitar|p2b: Ursaluna\n|-damage|p2a: Cresselia|83\/100\n|move|p2a: Cresselia|Ice Beam|p1b: Tyranitar\n|-damage|p1b: Tyranitar|0 fnt\n|faint|p1b: Tyranitar\n|\n|win|kidturtle\n|n|\u2606Luiz Red|luizred\n|n|\u2606kidturtle|kidturtle\n|n| TheColorRedYT|thecolorredyt\n|l|\u2606kidturtle\n|l| TheColorRedYT\n","uploadtime":1700168921,"views":31,"p1id":"luizred","p2id":"kidturtle","formatid":"gen9vgc2023regulatione","rating":0,"private":0,"password":""}