{"id":"gen9vgc2023regulatione-1998000569","p1":"JohanDK","p2":"KrisBlazeKick","format":"[Gen 9] VGC 2023 Regulation E","log":"|j|\u2606JohanDK\n|j|\u2606KrisBlazeKick\n|t:|1700877359\n|gametype|doubles\n|player|p1|JohanDK|nate|1589\n|player|p2|KrisBlazeKick|baker|1640\n|teamsize|p1|6\n|teamsize|p2|6\n|gen|9\n|tier|[Gen 9] VGC 2023 Regulation E\n|rated|\n|rule|Species Clause: Limit one of each Pok\u00e9mon\n|rule|Item Clause: Limit one of each item\n|clearpoke\n|poke|p1|Grimmsnarl, L50, M|\n|poke|p1|Goodra-Hisui, L50, M|\n|poke|p1|Moltres-Galar, L50|\n|poke|p1|Landorus-Therian, L50, M|\n|poke|p1|Sinistcha-Masterpiece, L50|\n|poke|p1|Ting-Lu, L50|\n|poke|p2|Torkoal, L50, F|\n|poke|p2|Flutter Mane, L50|\n|poke|p2|Iron Hands, L50|\n|poke|p2|Lilligant-Hisui, L50, F|\n|poke|p2|Oranguru, L50, M|\n|poke|p2|Landorus-Therian, L50, M|\n|teampreview|4\n|inactive|Battle timer is ON: inactive players will automatically lose when time's up. (requested by KrisBlazeKick)\n|inactive|JohanDK has 60 seconds left.\n|\n|t:|1700877414\n|start\n|switch|p1a: Krampus|Grimmsnarl, L50, M, shiny|100\/100\n|switch|p1b: Molcajete|Ting-Lu, L50|100\/100\n|switch|p2a: Flutter Mane|Flutter Mane, L50|100\/100\n|switch|p2b: Oranguru|Oranguru, L50, M|100\/100\n|-ability|p1b: Molcajete|Vessel of Ruin\n|turn|1\n|\n|t:|1700877430\n|move|p1a: Krampus|Light Screen|p1a: Krampus\n|-sidestart|p1: JohanDK|move: Light Screen\n|move|p2a: Flutter Mane|Dazzling Gleam|p1b: Molcajete|[spread] p1a,p1b\n|-supereffective|p1a: Krampus\n|-supereffective|p1b: Molcajete\n|-damage|p1a: Krampus|58\/100\n|-damage|p1b: Molcajete|77\/100\n|move|p1b: Molcajete|Heavy Slam|p2a: Flutter Mane\n|-supereffective|p2a: Flutter Mane\n|-damage|p2a: Flutter Mane|0 fnt\n|faint|p2a: Flutter Mane\n|-end|p2a: Flutter Mane|Protosynthesis|[silent]\n|move|p2b: Oranguru|Trick Room|p2b: Oranguru\n|-fieldstart|move: Trick Room|[of] p2b: Oranguru\n|\n|upkeep\n|\n|t:|1700877439\n|switch|p2a: Torkoal|Torkoal, L50, F|100\/100\n|-weather|SunnyDay|[from] ability: Drought|[of] p2a: Torkoal\n|turn|2\n|\n|t:|1700877456\n|move|p2a: Torkoal|Protect|p2a: Torkoal\n|-singleturn|p2a: Torkoal|Protect\n|move|p1a: Krampus|Parting Shot|p2a: Torkoal\n|-activate|p2a: Torkoal|move: Protect\n|move|p2b: Oranguru|Encore|p1b: Molcajete\n|-start|p1b: Molcajete|Encore\n|move|p1b: Molcajete|Heavy Slam|p2a: Torkoal\n|-activate|p2a: Torkoal|move: Protect\n|\n|-weather|SunnyDay|[upkeep]\n|upkeep\n|turn|3\n|j| Millerh33\n|\n|t:|1700877472\n|switch|p1b: Yveltalcito|Moltres-Galar, L50|100\/100\n|-terastallize|p2a: Torkoal|Fire\n|move|p1a: Krampus|Parting Shot|p2a: Torkoal\n|-unboost|p2a: Torkoal|atk|1\n|-unboost|p2a: Torkoal|spa|1\n|\n|t:|1700877481\n|switch|p1a: Molcajete|Ting-Lu, L50|77\/100|[from] Parting Shot\n|-ability|p1a: Molcajete|Vessel of Ruin\n|move|p2a: Torkoal|Eruption|p1b: Yveltalcito|[spread] p1a,p1b\n|-damage|p1a: Molcajete|58\/100\n|-damage|p1b: Yveltalcito|74\/100\n|move|p2b: Oranguru|Instruct|p2a: Torkoal\n|-singleturn|p2a: Torkoal|move: Instruct|[of] p2b: Oranguru\n|move|p2a: Torkoal|Eruption|p1b: Yveltalcito|[spread] p1a,p1b\n|-damage|p1a: Molcajete|41\/100\n|-damage|p1b: Yveltalcito|43\/100\n|-ability|p1b: Yveltalcito|Berserk|boost\n|-boost|p1b: Yveltalcito|spa|1\n|-enditem|p1b: Yveltalcito|Sitrus Berry|[eat]\n|-heal|p1b: Yveltalcito|68\/100|[from] item: Sitrus Berry\n|\n|-weather|SunnyDay|[upkeep]\n|upkeep\n|turn|4\n|inactive|KrisBlazeKick has 30 seconds left.\n|inactive|KrisBlazeKick has 20 seconds left.\n|\n|t:|1700877518\n|move|p2a: Torkoal|Eruption|p1a: Molcajete|[spread] p1a,p1b\n|-damage|p1a: Molcajete|21\/100\n|-damage|p1b: Yveltalcito|41\/100\n|-ability|p1b: Yveltalcito|Berserk|boost\n|-boost|p1b: Yveltalcito|spa|1\n|move|p2b: Oranguru|Instruct|p2a: Torkoal\n|-singleturn|p2a: Torkoal|move: Instruct|[of] p2b: Oranguru\n|move|p2a: Torkoal|Eruption|p1a: Molcajete|[spread] p1a,p1b\n|-damage|p1a: Molcajete|1\/100\n|-damage|p1b: Yveltalcito|14\/100\n|move|p1a: Molcajete|Sand Tomb|p2a: Torkoal\n|-supereffective|p2a: Torkoal\n|-damage|p2a: Torkoal|72\/100\n|-activate|p2a: Torkoal|move: Sand Tomb|[of] p1a: Molcajete\n|move|p1b: Yveltalcito|Fiery Wrath|p2a: Torkoal|[spread] p2a,p2b\n|-supereffective|p2b: Oranguru\n|-damage|p2a: Torkoal|20\/100\n|-damage|p2b: Oranguru|39\/100\n|\n|-weather|SunnyDay|[upkeep]\n|-damage|p2a: Torkoal|8\/100|[from] move: Sand Tomb|[partiallytrapped]\n|upkeep\n|turn|5\n|inactive|JohanDK has 30 seconds left.\n|inactive|KrisBlazeKick has 30 seconds left.\n|\n|t:|1700877548\n|move|p2a: Torkoal|Heat Wave|p1b: Yveltalcito|[spread] p1a,p1b\n|-damage|p1a: Molcajete|0 fnt\n|-damage|p1b: Yveltalcito|0 fnt\n|faint|p1a: Molcajete\n|faint|p1b: Yveltalcito\n|move|p2b: Oranguru|Encore|p1: Molcajete|[notarget]\n|-fail|p2b: Oranguru\n|\n|-weather|SunnyDay|[upkeep]\n|-end|p2a: Torkoal|Sand Tomb|[partiallytrapped]|[silent]\n|-fieldend|move: Trick Room\n|upkeep\n|\n|t:|1700877560\n|switch|p1b: Krampus|Grimmsnarl, L50, M, shiny|58\/100\n|switch|p1a: Caracol|Goodra-Hisui, L50, M|100\/100\n|turn|6\n|\n|t:|1700877577\n|switch|p2a: Iron Hands|Iron Hands, L50|100\/100\n|move|p1a: Caracol|Body Press|p2b: Oranguru\n|-damage|p2b: Oranguru|18\/100\n|move|p1b: Krampus|Spirit Break|p2b: Oranguru\n|-damage|p2b: Oranguru|0 fnt\n|faint|p2b: Oranguru\n|\n|-weather|none\n|upkeep\n|\n|t:|1700877588\n|switch|p2b: Torkoal|Torkoal, L50, F, tera:Fire|8\/100\n|-weather|SunnyDay|[from] ability: Drought|[of] p2b: Torkoal\n|turn|7\n|\n|t:|1700877600\n|-terastallize|p1a: Caracol|Poison\n|move|p2a: Iron Hands|Fake Out|p1a: Caracol\n|-damage|p1a: Caracol|90\/100\n|cant|p1a: Caracol|flinch\n|move|p1b: Krampus|Spirit Break|p2b: Torkoal\n|-resisted|p2b: Torkoal\n|-damage|p2b: Torkoal|0 fnt\n|faint|p2b: Torkoal\n|\n|-weather|SunnyDay|[upkeep]\n|-heal|p1a: Caracol|96\/100|[from] item: Leftovers\n|upkeep\n|turn|8\n|-message|KrisBlazeKick forfeited.\n|\n|win|JohanDK\n|raw|JohanDK's rating: 1589 &rarr; <strong>1612<\/strong><br \/>(+23 for winning)\n|raw|KrisBlazeKick's rating: 1640 &rarr; <strong>1617<\/strong><br \/>(-23 for losing)\n|l|\u2606KrisBlazeKick\n","uploadtime":1700877622,"views":3,"p1id":"johandk","p2id":"krisblazekick","formatid":"gen9vgc2023regulatione","rating":1612,"private":0,"password":""}