{"id":"gen9vgc2023regulatione-1991545067","p1":"septicjewel67","p2":"DRJC190","format":"[Gen 9] VGC 2023 Regulation E","log":"|j|\u2606septicjewel67\n|j|\u2606DRJC190\n|n|\u2606septicjewel67|septicjewel67\n|n|\u2606DRJC190|drjc190\n|html|View the match progress at <a href=\"\/game-bestof3-gen9vgc2023regulatione-1991541978\">game-bestof3-gen9vgc2023regulatione-1991541978<\/a>\n|t:|1700086899\n|gametype|doubles\n|player|p1|septicjewel67|266|\n|player|p2|DRJC190|170|\n|teamsize|p1|6\n|teamsize|p2|6\n|gen|9\n|tier|[Gen 9] VGC 2023 Regulation E\n|rule|Species Clause: Limit one of each Pok\u00e9mon\n|rule|Item Clause: Limit one of each item\n|clearpoke\n|poke|p1|Iron Hands, L50|\n|poke|p1|Murkrow, L50, F|\n|poke|p1|Amoonguss, L50, F|\n|poke|p1|Arcanine-Hisui, L50, M|\n|poke|p1|Basculegion, L50, M|\n|poke|p1|Kommo-o, L50, M|\n|poke|p2|Politoed, L50, F|\n|poke|p2|Indeedee-F, L50, F|\n|poke|p2|Goodra-Hisui, L50, M|\n|poke|p2|Breloom, L50, F|\n|poke|p2|Gyarados, L50, M|\n|poke|p2|Armarouge, L50, F|\n|teampreview|4\nDRJC190 has agreed to open team sheets.\nsepticjewel67 has agreed to open team sheets.\n|showteam|p1|Iron Hands||AssaultVest|QuarkDrive|WildCharge,FakeOut,DrainPunch,HeavySlam||||||50|,,,,,Grass]Murkrow||Eviolite|Prankster|Tailwind,Quash,FoulPlay,Taunt|||F|||50|,,,,,Ghost]Amoonguss||SitrusBerry|Regenerator|Spore,Protect,PollenPuff,RagePowder|||F|||50|,,,,,Water]Arcanine-Hisui||ChoiceBand|Intimidate|TeraBlast,ExtremeSpeed,FlareBlitz,RockSlide|||M|||50|,,,,,Water]Basculegion||LifeOrb|Adaptability|Crunch,PsychicFangs,WaveCrash,Protect|||M|||50|,,,,,Dark]Kommo-o||ThroatSpray|Overcoat|ClangorousSoul,ClangingScales,Protect,HyperVoice|||M|||50|,,,,,Fairy\n|showteam|p2|Politoed||SitrusBerry|Drizzle|IceBeam,ChillingWater,HelpingHand,Protect|||F|||50|,,,,,Grass]Indeedee-F||SafetyGoggles|PsychicSurge|HealPulse,Psychic,FollowMe,HelpingHand|||F|||50|,,,,,Fairy]Goodra-Hisui||Leftovers|ShellArmor|Shelter,IronHead,BodyPress,LifeDew|||M|||50|,,,,,Flying]Breloom||BlackBelt|Technician|Spore,SeedBomb,MachPunch,Protect|||F|||50|,,,,,Fighting]Gyarados||MysticWater|Intimidate|Waterfall,TeraBlast,ThunderWave,Protect|||M|||50|,,,,,Flying]Armarouge||TwistedSpoon|FlashFire|HeatWave,ExpandingForce,TrickRoom,WideGuard|||F|||50|,,,,,Grass\n|\n|t:|1700086947\n|start\n|switch|p1a: Basculegion|Basculegion, L50, M|100\/100\n|switch|p1b: Iron Hands|Iron Hands, L50|100\/100\n|switch|p2a: Politoed|Politoed, L50, F|100\/100\n|switch|p2b: Indeedee|Indeedee-F, L50, F|100\/100\n|-fieldstart|move: Psychic Terrain|[from] ability: Psychic Surge|[of] p2b: Indeedee\n|-weather|RainDance|[from] ability: Drizzle|[of] p2a: Politoed\n|turn|1\n|\n|t:|1700086992\n|move|p1b: Iron Hands|Fake Out|p2a: Politoed\n|-activate|p2a: Politoed|move: Psychic Terrain\n|move|p2b: Indeedee|Psychic|p1b: Iron Hands\n|-supereffective|p1b: Iron Hands\n|-damage|p1b: Iron Hands|49\/100\n|move|p1a: Basculegion|Wave Crash|p2b: Indeedee\n|-damage|p2b: Indeedee|0 fnt\n|faint|p2b: Indeedee\n|-damage|p1a: Basculegion|75\/100|[from] Recoil\n|-damage|p1a: Basculegion|65\/100|[from] item: Life Orb\n|move|p2a: Politoed|Chilling Water|p1a: Basculegion\n|-resisted|p1a: Basculegion\n|-damage|p1a: Basculegion|48\/100\n|-unboost|p1a: Basculegion|atk|1\n|\n|-weather|RainDance|[upkeep]\n|upkeep\n|\n|t:|1700087007\n|switch|p2b: Gyarados|Gyarados, L50, M, shiny|100\/100\n|-ability|p2b: Gyarados|Intimidate|boost\n|-unboost|p1a: Basculegion|atk|1\n|-unboost|p1b: Iron Hands|atk|1\n|turn|2\n|\n|t:|1700087027\n|switch|p1a: Murkrow|Murkrow, L50, F|100\/100\n|-terastallize|p2b: Gyarados|Flying\n|-terastallize|p1b: Iron Hands|Grass\n|move|p2a: Politoed|Helping Hand|p2b: Gyarados\n|-singleturn|p2b: Gyarados|Helping Hand|[of] p2a: Politoed\n|move|p2b: Gyarados|Tera Blast|p1b: Iron Hands|[anim] Tera Blast Flying\n|-supereffective|p1b: Iron Hands\n|-damage|p1b: Iron Hands|0 fnt\n|faint|p1b: Iron Hands\n|-end|p1b: Iron Hands|Quark Drive|[silent]\n|\n|-weather|RainDance|[upkeep]\n|upkeep\n|\n|t:|1700087040\n|switch|p1b: Basculegion|Basculegion, L50, M|48\/100\n|turn|3\n|\n|t:|1700087060\n|move|p1a: Murkrow|Tailwind|p1a: Murkrow\n|-sidestart|p1: septicjewel67|move: Tailwind\n|move|p1b: Basculegion|Wave Crash|p2b: Gyarados\n|-damage|p2b: Gyarados|0 fnt\n|faint|p2b: Gyarados\n|-damage|p1b: Basculegion|19\/100|[from] Recoil\n|-damage|p1b: Basculegion|9\/100|[from] item: Life Orb\n|move|p2a: Politoed|Ice Beam|p1a: Murkrow\n|-supereffective|p1a: Murkrow\n|-damage|p1a: Murkrow|59\/100\n|\n|-weather|RainDance|[upkeep]\n|upkeep\n|\n|t:|1700087070\n|switch|p2b: Goodra|Goodra-Hisui, L50, M|100\/100\n|turn|4\n|\n|t:|1700087109\n|move|p1b: Basculegion|Protect|p1b: Basculegion\n|-singleturn|p1b: Basculegion|Protect\n|move|p2a: Politoed|Protect|p2a: Politoed\n|-singleturn|p2a: Politoed|Protect\n|move|p1a: Murkrow|Foul Play|p2a: Politoed\n|-activate|p2a: Politoed|move: Protect\n|move|p2b: Goodra|Shelter|p2b: Goodra\n|-boost|p2b: Goodra|def|2\n|\n|-weather|RainDance|[upkeep]\n|upkeep\n|turn|5\n|\n|t:|1700087129\n|move|p1a: Murkrow|Foul Play|p2a: Politoed\n|-damage|p2a: Politoed|79\/100\n|move|p1b: Basculegion|Wave Crash|p2a: Politoed\n|-resisted|p2a: Politoed\n|-damage|p2a: Politoed|0 fnt\n|faint|p2a: Politoed\n|-damage|p1b: Basculegion|0 fnt|[from] Recoil\n|faint|p1b: Basculegion\n|move|p2b: Goodra|Body Press|p1a: Murkrow\n|-damage|p1a: Murkrow|11\/100\n|\n|-weather|none\n|-fieldend|move: Psychic Terrain\n|upkeep\n|\n|t:|1700087132\n|switch|p1b: Kommo-o|Kommo-o, L50, M|100\/100\n|turn|6\n|\n|t:|1700087150\n|move|p1a: Murkrow|Taunt|p2b: Goodra\n|-start|p2b: Goodra|move: Taunt\n|move|p1b: Kommo-o|Clanging Scales|p2b: Goodra\n|-damage|p2b: Goodra|71\/100\n|-unboost|p1b: Kommo-o|def|1\n|-enditem|p1b: Kommo-o|Throat Spray\n|-boost|p1b: Kommo-o|spa|1|[from] item: Throat Spray\n|move|p2b: Goodra|Body Press|p1b: Kommo-o\n|-damage|p1b: Kommo-o|44\/100\n|\n|-heal|p2b: Goodra|77\/100|[from] item: Leftovers\n|-sideend|p1: septicjewel67|move: Tailwind\n|upkeep\n|turn|7\n|\n|t:|1700087179\n|move|p1b: Kommo-o|Clanging Scales|p2b: Goodra\n|-damage|p2b: Goodra|32\/100\n|-unboost|p1b: Kommo-o|def|1\n|move|p1a: Murkrow|Foul Play|p2b: Goodra\n|-damage|p2b: Goodra|16\/100\n|move|p2b: Goodra|Body Press|p1b: Kommo-o\n|-damage|p1b: Kommo-o|0 fnt\n|faint|p1b: Kommo-o\n|\n|-heal|p2b: Goodra|22\/100|[from] item: Leftovers\n|upkeep\n|turn|8\n|\n|t:|1700087192\n|move|p1a: Murkrow|Foul Play|p2b: Goodra\n|-damage|p2b: Goodra|5\/100\n|move|p2b: Goodra|Body Press|p1a: Murkrow\n|-damage|p1a: Murkrow|0 fnt\n|faint|p1a: Murkrow\n|\n|win|DRJC190\n|c|&|\/uhtml prompt-septicjewel67,septicjewel67 is ready for game 3!\n|c|\u2606DRJC190|whew\n|c|\u2606DRJC190|good one\n","uploadtime":1700087199,"views":34,"p1id":"septicjewel67","p2id":"drjc190","formatid":"gen9vgc2023regulatione","rating":0,"private":0,"password":""}