{"id":"gen9vgc2023regulatione-1992396491","p1":"Yawnchamp","p2":"The N7 Monk","format":"[Gen 9] VGC 2023 Regulation E","log":"|j|\u2606Yawnchamp\n|j|\u2606The N7 Monk\n|t:|1700182735\n|gametype|doubles\n|player|p1|Yawnchamp|clair|1185\n|player|p2|The N7 Monk|1|1129\n|teamsize|p1|6\n|teamsize|p2|6\n|gen|9\n|tier|[Gen 9] VGC 2023 Regulation E\n|rated|\n|rule|Species Clause: Limit one of each Pok\u00e9mon\n|rule|Item Clause: Limit one of each item\n|clearpoke\n|poke|p1|Mienshao, L50, F|\n|poke|p1|Ninetales-Alola, L50, F|\n|poke|p1|Baxcalibur, L50, F|\n|poke|p1|Milotic, L50, M|\n|poke|p1|Moltres-Galar, L50|\n|poke|p1|Heatran, L50, F|\n|poke|p2|Ambipom, L50, F|\n|poke|p2|Garganacl, L50, F|\n|poke|p2|Iron Bundle, L50|\n|poke|p2|Arcanine-Hisui, L50, F|\n|poke|p2|Barraskewda, L50, M|\n|poke|p2|Munkidori, L50, M|\n|teampreview|4\n|\n|t:|1700182772\n|start\n|switch|p1a: Ninetales|Ninetales-Alola, L50, F|100\/100\n|switch|p1b: Moltres|Moltres-Galar, L50|100\/100\n|switch|p2a: Ambipom|Ambipom, L50, F|100\/100\n|switch|p2b: Munkidori|Munkidori, L50, M|100\/100\n|-weather|Snow|[from] ability: Snow Warning|[of] p1a: Ninetales\n|turn|1\n|\n|t:|1700182785\n|-terastallize|p1a: Ninetales|Ghost\n|move|p2a: Ambipom|Fake Out|p1b: Moltres\n|-damage|p1b: Moltres|87\/100\n|move|p1a: Ninetales|Aurora Veil|p1a: Ninetales\n|-sidestart|p1: Yawnchamp|move: Aurora Veil\n|move|p2b: Munkidori|Sludge Bomb|p1a: Ninetales\n|-resisted|p1a: Ninetales\n|-damage|p1a: Ninetales|81\/100\n|cant|p1b: Moltres|flinch\n|\n|-weather|Snow|[upkeep]\n|upkeep\n|turn|2\n|\n|t:|1700182800\n|move|p2a: Ambipom|Fling|p1b: Moltres\n|-resisted|p1b: Moltres\n|-damage|p1b: Moltres|84\/100\n|-enditem|p2a: Ambipom|King's Rock|[from] move: Fling\n|move|p1a: Ninetales|Icy Wind|p2b: Munkidori|[spread] p2a,p2b\n|-damage|p2a: Ambipom|80\/100\n|-damage|p2b: Munkidori|81\/100\n|-unboost|p2a: Ambipom|spe|1\n|-unboost|p2b: Munkidori|spe|1\n|move|p2b: Munkidori|Sludge Bomb|p1b: Moltres\n|-damage|p1b: Moltres|57\/100\n|cant|p1b: Moltres|flinch\n|\n|-weather|Snow|[upkeep]\n|upkeep\n|turn|3\n|\n|t:|1700182819\n|switch|p1a: Milotic|Milotic, L50, M|100\/100\n|move|p2a: Ambipom|Thief|p1b: Moltres\n|-resisted|p1b: Moltres\n|-damage|p1b: Moltres|52\/100\n|-enditem|p1b: Moltres|Sitrus Berry|[silent]|[from] move: Thief|[of] p2a: Ambipom\n|-item|p2a: Ambipom|Sitrus Berry|[from] move: Thief|[of] p1b: Moltres\n|move|p2b: Munkidori|Parting Shot|p1b: Moltres\n|-unboost|p1b: Moltres|atk|1\n|-unboost|p1b: Moltres|spa|1\n|\n|t:|1700182830\n|switch|p2b: Barraskewda|Barraskewda, L50, M|100\/100|[from] Parting Shot\n|move|p1b: Moltres|Nasty Plot|p1b: Moltres\n|-boost|p1b: Moltres|spa|2\n|\n|-weather|Snow|[upkeep]\n|upkeep\n|turn|4\n|\n|t:|1700182847\n|move|p2b: Barraskewda|Liquidation|p1b: Moltres\n|-damage|p1b: Moltres|25\/100\n|-ability|p1b: Moltres|Berserk|boost\n|-boost|p1b: Moltres|spa|1\n|move|p2a: Ambipom|Brick Break|p1a: Milotic\n|-sideend|p1: Yawnchamp|move: Aurora Veil\n|-damage|p1a: Milotic|86\/100\n|move|p1b: Moltres|Fiery Wrath|p2b: Barraskewda|[spread] p2a,p2b\n|-damage|p2a: Ambipom|0 fnt\n|-enditem|p2b: Barraskewda|Focus Sash\n|-damage|p2b: Barraskewda|1\/100\n|faint|p2a: Ambipom\n|move|p1a: Milotic|Life Dew|p1a: Milotic|[spread] p1a,p1b\n|-heal|p1a: Milotic|100\/100\n|-heal|p1b: Moltres|50\/100\n|\n|-weather|Snow|[upkeep]\n|upkeep\n|\n|t:|1700182861\n|switch|p2a: Munkidori|Munkidori, L50, M|81\/100\n|turn|5\n|\n|t:|1700182878\n|move|p1b: Moltres|Protect|p1b: Moltres\n|-singleturn|p1b: Moltres|Protect\n|move|p2a: Munkidori|Fake Out|p1a: Milotic\n|-damage|p1a: Milotic|95\/100\n|move|p2b: Barraskewda|Liquidation|p1b: Moltres\n|-activate|p1b: Moltres|move: Protect\n|cant|p1a: Milotic|flinch\n|\n|-weather|none\n|-heal|p1a: Milotic|100\/100|[from] item: Leftovers\n|upkeep\n|turn|6\n|\n|t:|1700182894\n|switch|p1a: Mienshao|Mienshao, L50, F|100\/100\n|move|p2b: Barraskewda|Liquidation|p1b: Moltres\n|-crit|p1b: Moltres\n|-damage|p1b: Moltres|0 fnt\n|faint|p1b: Moltres\n|move|p2a: Munkidori|Sludge Bomb|p1a: Mienshao\n|-damage|p1a: Mienshao|5\/100\n|-status|p1a: Mienshao|psn\n|\n|-damage|p1a: Mienshao|0 fnt|[from] psn\n|faint|p1a: Mienshao\n|upkeep\n|\n|t:|1700182906\n|switch|p1a: Ninetales|Ninetales-Alola, L50, F, tera:Ghost|81\/100\n|switch|p1b: Milotic|Milotic, L50, M|100\/100\n|-weather|Snow|[from] ability: Snow Warning|[of] p1a: Ninetales\n|turn|7\n|\n|t:|1700182922\n|move|p2b: Barraskewda|Liquidation|p1a: Ninetales\n|-damage|p1a: Ninetales|19\/100\n|move|p1a: Ninetales|Icy Wind|p2b: Barraskewda|[spread] p2a,p2b\n|-resisted|p2b: Barraskewda\n|-damage|p2a: Munkidori|63\/100\n|-damage|p2b: Barraskewda|0 fnt\n|-unboost|p2a: Munkidori|spe|1\n|faint|p2b: Barraskewda\n|move|p2a: Munkidori|Psychic|p1b: Milotic\n|-damage|p1b: Milotic|57\/100\n|move|p1b: Milotic|Scald|p2a: Munkidori\n|-damage|p2a: Munkidori|28\/100\n|\n|-weather|Snow|[upkeep]\n|-heal|p1b: Milotic|63\/100|[from] item: Leftovers\n|upkeep\n|\n|t:|1700182936\n|switch|p2b: Arcanine|Arcanine-Hisui, L50, F, shiny|100\/100\n|-ability|p2b: Arcanine|Intimidate|boost\n|-unboost|p1a: Ninetales|atk|1\n|-unboost|p1b: Milotic|atk|1\n|-ability|p1b: Milotic|Competitive|boost\n|-boost|p1b: Milotic|spa|2\n|turn|8\n|\n|t:|1700182949\n|-terastallize|p2b: Arcanine|Normal\n|move|p1a: Ninetales|Aurora Veil|p1a: Ninetales\n|-sidestart|p1: Yawnchamp|move: Aurora Veil\n|move|p2b: Arcanine|Rock Slide|p1a: Ninetales|[spread] p1a\n|-miss|p2b: Arcanine|p1b: Milotic\n|-crit|p1a: Ninetales\n|-damage|p1a: Ninetales|0 fnt\n|faint|p1a: Ninetales\n|move|p2a: Munkidori|Sludge Bomb|p1b: Milotic\n|-damage|p1b: Milotic|39\/100\n|-status|p1b: Milotic|psn\n|move|p1b: Milotic|Scald|p2b: Arcanine\n|-damage|p2b: Arcanine|28\/100\n|\n|-weather|Snow|[upkeep]\n|-heal|p1b: Milotic|45\/100 psn|[from] item: Leftovers\n|-damage|p1b: Milotic|33\/100 psn|[from] psn\n|upkeep\n|turn|9\n|\n|t:|1700182985\n|move|p2b: Arcanine|Rock Slide|p1b: Milotic\n|-damage|p1b: Milotic|12\/100 psn\n|move|p2a: Munkidori|Psychic|p1b: Milotic\n|-damage|p1b: Milotic|0 fnt\n|faint|p1b: Milotic\n|\n|win|The N7 Monk\n|raw|Yawnchamp's rating: 1185 &rarr; <strong>1156<\/strong><br \/>(-29 for losing)\n|raw|The N7 Monk's rating: 1129 &rarr; <strong>1158<\/strong><br \/>(+29 for winning)\n|l|\u2606The N7 Monk\n","uploadtime":1700182996,"views":15,"p1id":"yawnchamp","p2id":"then7monk","formatid":"gen9vgc2023regulatione","rating":1156,"private":0,"password":""}