{"id":"gen9vgc2023regulatione-1990573837","p1":"Turnips-suck","p2":"Ginge-JMD","format":"[Gen 9] VGC 2023 Regulation E","log":"|j|\u2606Turnips-suck\n|j|\u2606Ginge-JMD\n|n|\u2606Turnips-suck|turnipssuck\n|n|\u2606Ginge-JMD|gingejmd\n|html|View the match progress at <a href=\"\/game-bestof3-gen9vgc2023regulatione-1990566672\">game-bestof3-gen9vgc2023regulatione-1990566672<\/a>\n|t:|1699982583\n|gametype|doubles\n|player|p1|Turnips-suck|elesa|\n|player|p2|Ginge-JMD|1|\n|teamsize|p1|6\n|teamsize|p2|6\n|gen|9\n|tier|[Gen 9] VGC 2023 Regulation E\n|rule|Species Clause: Limit one of each Pok\u00e9mon\n|rule|Item Clause: Limit one of each item\n|clearpoke\n|poke|p1|Noivern, L50, M|\n|poke|p1|Ogerpon-Wellspring, L50, F|\n|poke|p1|Tinkaton, L50, F|\n|poke|p1|Stantler, L50, M|\n|poke|p1|Crabominable, L50, M|\n|poke|p1|Rotom-Heat, L50|\n|poke|p2|Goodra, L50, M|\n|poke|p2|Iron Jugulis, L50|\n|poke|p2|Brambleghast, L50, M|\n|poke|p2|Slowking, L50, M|\n|poke|p2|Copperajah, L50, M|\n|poke|p2|Clefable, L50, F|\n|teampreview|4\n|inactive|Battle timer is ON: inactive players will automatically lose when time's up. (requested by Turnips-suck)\n|inactiveoff|Battle timer is now OFF.\n|c|\u2606Turnips-suck|glhf 2\n|c|\u2606Ginge-JMD|glhf!\n|\n|t:|1699982648\n|start\n|switch|p1a: Stereo-type|Noivern, L50, M|100\/100\n|switch|p1b: Easy Bake|Rotom-Heat, L50, shiny|100\/100\n|switch|p2a: Carla|Clefable, L50, F|100\/100\n|switch|p2b: Steve|Slowking, L50, M|100\/100\n|-item|p2a: Carla|Pixie Plate|[from] ability: Frisk|[of] p1a: Stereo-type|[identify]\n|-item|p2b: Steve|Leftovers|[from] ability: Frisk|[of] p1a: Stereo-type|[identify]\n|turn|1\n|j| Cathybara\n|\n|t:|1699982712\n|move|p1a: Stereo-type|Taunt|p2a: Carla\n|-start|p2a: Carla|move: Taunt\n|move|p1b: Easy Bake|Volt Switch|p2b: Steve\n|-supereffective|p2b: Steve\n|-damage|p2b: Steve|71\/100\n|\n|t:|1699982719\n|switch|p1b: Hammered|Tinkaton, L50, F|100\/100|[from] Volt Switch\n|-ability|p1b: Hammered|Mold Breaker\n|move|p2a: Carla|Dazzling Gleam|p1a: Stereo-type|[spread] p1a,p1b\n|-supereffective|p1a: Stereo-type\n|-resisted|p1b: Hammered\n|-damage|p1a: Stereo-type|38\/100\n|-damage|p1b: Hammered|90\/100\n|move|p2b: Steve|Icy Wind|p1b: Hammered|[spread] p1a,p1b\n|-supereffective|p1a: Stereo-type\n|-resisted|p1b: Hammered\n|-damage|p1a: Stereo-type|0 fnt\n|-damage|p1b: Hammered|86\/100\n|faint|p1a: Stereo-type\n|\n|-heal|p2b: Steve|77\/100|[from] item: Leftovers\n|upkeep\n|\n|t:|1699982726\n|switch|p1a: Easy Bake|Rotom-Heat, L50, shiny|100\/100\n|turn|2\n|\n|t:|1699982801\n|switch|p2a: Bob|Brambleghast, L50, M|100\/100\n|switch|p2b: Carl|Copperajah, L50, M|100\/100\n|move|p1b: Hammered|Gigaton Hammer|p2a: Bob\n|-damage|p2a: Bob|7\/100\n|move|p1a: Easy Bake|Volt Switch|p2b: Carl\n|-damage|p2b: Carl|75\/100\n|\n|t:|1699982810\n|switch|p1a: Pool Noodle|Ogerpon-Wellspring, L50, F|100\/100|[from] Volt Switch\n|\n|upkeep\n|turn|3\n|\n|t:|1699982888\n|switch|p1b: Easy Bake|Rotom-Heat, L50, shiny|100\/100\n|move|p1a: Pool Noodle|Spiky Shield|p1a: Pool Noodle\n|-singleturn|p1a: Pool Noodle|move: Protect\n|move|p2a: Bob|Strength Sap|p1a: Pool Noodle\n|-activate|p1a: Pool Noodle|move: Protect\n|move|p2b: Carl|Iron Head|p1b: Easy Bake\n|-resisted|p1b: Easy Bake\n|-damage|p1b: Easy Bake|86\/100\n|\n|upkeep\n|turn|4\n|\n|t:|1699982936\n|switch|p1a: Hammered|Tinkaton, L50, F|86\/100\n|-ability|p1a: Hammered|Mold Breaker\n|switch|p2a: Steve|Slowking, L50, M|100\/100\n|switch|p2b: Carla|Clefable, L50, F|100\/100\n|move|p1b: Easy Bake|Overheat|p2b: Carla\n|-damage|p2b: Carla|56\/100\n|-unboost|p1b: Easy Bake|spa|2\n|-enditem|p1b: Easy Bake|Eject Pack\n|\n|t:|1699982950\n|switch|p1b: Pool Noodle|Ogerpon-Wellspring, L50, F|100\/100\n|\n|upkeep\n|turn|5\n|\n|t:|1699982993\n|switch|p2a: Carl|Copperajah, L50, M|75\/100\n|move|p2b: Carla|Protect|p2b: Carla\n|-singleturn|p2b: Carla|Protect\n|move|p1a: Hammered|Fake Out|p2b: Carla\n|-activate|p2b: Carla|move: Protect\n|move|p1b: Pool Noodle|Power Whip|p2a: Carl\n|-resisted|p2a: Carl\n|-damage|p2a: Carl|38\/100\n|\n|upkeep\n|turn|6\n|\n|t:|1699983020\n|move|p1b: Pool Noodle|Spiky Shield|p1b: Pool Noodle\n|-singleturn|p1b: Pool Noodle|move: Protect\n|move|p1a: Hammered|Gigaton Hammer|p2b: Carla\n|-supereffective|p2b: Carla\n|-damage|p2b: Carla|0 fnt\n|faint|p2b: Carla\n|move|p2a: Carl|Play Rough|p1a: Hammered\n|-resisted|p1a: Hammered\n|-damage|p1a: Hammered|60\/100\n|\n|upkeep\n|\n|t:|1699983050\n|switch|p2b: Bob|Brambleghast, L50, M|7\/100\n|turn|7\n|\n|t:|1699983068\n|switch|p1b: Easy Bake|Rotom-Heat, L50, shiny|86\/100\n|-terastallize|p2a: Carl|Steel\n|move|p2b: Bob|Power Whip|p1b: Easy Bake\n|-resisted|p1b: Easy Bake\n|-crit|p1b: Easy Bake\n|-damage|p1b: Easy Bake|53\/100\n|move|p1a: Hammered|Knock Off|p2b: Bob\n|-supereffective|p2b: Bob\n|-damage|p2b: Bob|0 fnt\n|-enditem|p2b: Bob|Focus Sash|[from] move: Knock Off|[of] p1a: Hammered\n|faint|p2b: Bob\n|move|p2a: Carl|Iron Head|p1a: Hammered\n|-damage|p1a: Hammered|0 fnt\n|faint|p1a: Hammered\n|\n|upkeep\n|\n|t:|1699983082\n|switch|p2b: Steve|Slowking, L50, M|100\/100\n|switch|p1a: Pool Noodle|Ogerpon-Wellspring, L50, F|100\/100\n|turn|8\n|\n|t:|1699983125\n|-terastallize|p1b: Easy Bake|Fairy\n|move|p1a: Pool Noodle|Ivy Cudgel|p2a: Carl|[anim] Ivy Cudgel Water\n|-damage|p2a: Carl|0 fnt\n|faint|p2a: Carl\n|move|p1b: Easy Bake|Volt Switch|p2b: Steve\n|-supereffective|p2b: Steve\n|-damage|p2b: Steve|68\/100\n|move|p2b: Steve|Scald|p1b: Easy Bake\n|-damage|p1b: Easy Bake|20\/100\n|-status|p1b: Easy Bake|brn\n|\n|-heal|p2b: Steve|74\/100|[from] item: Leftovers\n|-damage|p1b: Easy Bake|15\/100 brn|[from] brn\n|upkeep\n|turn|9\n|\n|t:|1699983143\n|move|p1a: Pool Noodle|Power Whip|p2b: Steve\n|-supereffective|p2b: Steve\n|-damage|p2b: Steve|0 fnt\n|faint|p2b: Steve\n|\n|win|Turnips-suck\n|c|\u2606Turnips-suck|gg\n|c|\u2606Ginge-JMD|gg\n","uploadtime":1699983149,"views":27,"p1id":"turnipssuck","p2id":"gingejmd","formatid":"gen9vgc2023regulatione","rating":0,"private":0,"password":""}