{"id":"gen9vgc2023regulatione-1988955313","p1":"sergitoxjk","p2":"DzSpinda","format":"[Gen 9] VGC 2023 Regulation E","log":"|j|\u2606sergitoxjk\n|j|\u2606DzSpinda\n|t:|1699794075\n|gametype|doubles\n|player|p1|sergitoxjk|170|1336\n|player|p2|DzSpinda|unknown|1253\n|teamsize|p1|6\n|teamsize|p2|6\n|gen|9\n|tier|[Gen 9] VGC 2023 Regulation E\n|rated|\n|rule|Species Clause: Limit one of each Pok\u00e9mon\n|rule|Item Clause: Limit one of each item\n|clearpoke\n|poke|p1|Heatran, L50, M|\n|poke|p1|Rillaboom, L50, M|\n|poke|p1|Urshifu-*, L50, M|\n|poke|p1|Landorus-Therian, L50, M|\n|poke|p1|Roaring Moon, L50|\n|poke|p1|Gholdengo, L50|\n|poke|p2|Dondozo, L50, M|\n|poke|p2|Tatsugiri-Stretchy, L50, F|\n|poke|p2|Gholdengo, L50|\n|poke|p2|Sinistcha-Masterpiece, L50|\n|poke|p2|Chi-Yu, L50|\n|poke|p2|Torkoal, L50, F|\n|teampreview|4\n|inactive|Battle timer is ON: inactive players will automatically lose when time's up. (requested by DzSpinda)\nsergitoxjk has agreed to open team sheets.\n|inactive|sergitoxjk has 60 seconds left.\n|\n|t:|1699794125\n|start\n|switch|p1a: Gholdengo|Gholdengo, L50|100\/100\n|switch|p1b: Rillaboom|Rillaboom, L50, M|100\/100\n|switch|p2a: Dondozo|Dondozo, L50, M, shiny|100\/100\n|switch|p2b: Tatsugiri|Tatsugiri-Stretchy, L50, F|100\/100\n|-activate|p2b: Tatsugiri|ability: Commander|[of] p2a: Dondozo\n|-boost|p2a: Dondozo|atk|2\n|-boost|p2a: Dondozo|spa|2\n|-boost|p2a: Dondozo|spe|2\n|-boost|p2a: Dondozo|def|2\n|-boost|p2a: Dondozo|spd|2\n|-fieldstart|move: Grassy Terrain|[from] ability: Grassy Surge|[of] p1b: Rillaboom\n|turn|1\n|\n|t:|1699794146\n|move|p1b: Rillaboom|Fake Out|p2a: Dondozo\n|-damage|p2a: Dondozo|95\/100\n|move|p1a: Gholdengo|Nasty Plot|p1a: Gholdengo\n|-boost|p1a: Gholdengo|spa|2\n|cant|p2a: Dondozo|flinch\n|\n|-heal|p2a: Dondozo|100\/100|[from] Grassy Terrain\n|upkeep\n|turn|2\n|\n|t:|1699794161\n|switch|p1b: Roaring Moon|Roaring Moon, L50|100\/100\n|-enditem|p1b: Roaring Moon|Booster Energy\n|-activate|p1b: Roaring Moon|ability: Protosynthesis|[fromitem]\n|-start|p1b: Roaring Moon|protosynthesisspe\n|move|p1a: Gholdengo|Protect|p1a: Gholdengo\n|-singleturn|p1a: Gholdengo|Protect\n|move|p2a: Dondozo|Wave Crash|p1a: Gholdengo\n|-activate|p1a: Gholdengo|move: Protect\n|\n|upkeep\n|turn|3\n|\n|t:|1699794175\n|-terastallize|p1a: Gholdengo|Dragon\n|move|p1b: Roaring Moon|Knock Off|p2a: Dondozo\n|-damage|p2a: Dondozo|83\/100\n|-enditem|p2a: Dondozo|Leftovers|[from] move: Knock Off|[of] p1b: Roaring Moon\n|move|p1a: Gholdengo|Nasty Plot|p1a: Gholdengo\n|-boost|p1a: Gholdengo|spa|2\n|move|p2a: Dondozo|Wave Crash|p1b: Roaring Moon\n|-resisted|p1b: Roaring Moon\n|-damage|p1b: Roaring Moon|24\/100\n|-damage|p2a: Dondozo|62\/100|[from] Recoil\n|\n|-heal|p1b: Roaring Moon|30\/100|[from] Grassy Terrain\n|-heal|p2a: Dondozo|68\/100|[from] Grassy Terrain\n|upkeep\n|turn|4\n|\n|t:|1699794194\n|move|p1b: Roaring Moon|Tailwind|p1b: Roaring Moon\n|-sidestart|p1: sergitoxjk|move: Tailwind\n|move|p1a: Gholdengo|Shadow Ball|p2a: Dondozo\n|-damage|p2a: Dondozo|22\/100\n|-unboost|p2a: Dondozo|spd|1\n|move|p2a: Dondozo|Yawn|p1a: Gholdengo\n|-immune|p1a: Gholdengo|[from] ability: Good as Gold\n|\n|-heal|p1b: Roaring Moon|36\/100|[from] Grassy Terrain\n|-heal|p2a: Dondozo|29\/100|[from] Grassy Terrain\n|upkeep\n|turn|5\n|\n|t:|1699794217\n|move|p1b: Roaring Moon|Breaking Swipe|p2a: Dondozo|[spread] p2a\n|-miss|p1b: Roaring Moon|p2b: Tatsugiri\n|-damage|p2a: Dondozo|20\/100\n|-unboost|p2a: Dondozo|atk|1\n|move|p1a: Gholdengo|Shadow Ball|p2a: Dondozo\n|-damage|p2a: Dondozo|0 fnt\n|faint|p2a: Dondozo\n|\n|-heal|p1b: Roaring Moon|42\/100|[from] Grassy Terrain\n|-fieldend|move: Grassy Terrain\n|upkeep\n|\n|t:|1699794233\n|switch|p2a: Chi-Yu|Chi-Yu, L50|100\/100\n|-ability|p2a: Chi-Yu|Beads of Ruin\n|turn|6\n|\n|t:|1699794242\n|move|p1b: Roaring Moon|Breaking Swipe|p2b: Tatsugiri|[spread] p2a,p2b\n|-supereffective|p2b: Tatsugiri\n|-damage|p2a: Chi-Yu|59\/100\n|-damage|p2b: Tatsugiri|11\/100\n|-unboost|p2a: Chi-Yu|atk|1\n|-unboost|p2b: Tatsugiri|atk|1\n|move|p1a: Gholdengo|Make It Rain|p2b: Tatsugiri|[spread] p2a,p2b\n|-resisted|p2a: Chi-Yu\n|-resisted|p2b: Tatsugiri\n|-damage|p2a: Chi-Yu|0 fnt\n|-damage|p2b: Tatsugiri|0 fnt\n|-unboost|p1a: Gholdengo|spa|1\n|faint|p2a: Chi-Yu\n|faint|p2b: Tatsugiri\n|\n|upkeep\n|-message|DzSpinda forfeited.\n|\n|win|sergitoxjk\n|raw|sergitoxjk's rating: 1336 &rarr; <strong>1351<\/strong><br \/>(+15 for winning)\n|raw|DzSpinda's rating: 1253 &rarr; <strong>1234<\/strong><br \/>(-19 for losing)\n|l|\u2606DzSpinda\n","uploadtime":1699794258,"views":26,"p1id":"sergitoxjk","p2id":"dzspinda","formatid":"gen9vgc2023regulatione","rating":1234,"private":0,"password":""}