{"id":"gen9vgc2023regulatione-1988089022","p1":"thunderdog_32","p2":"JhosBand24","format":"[Gen 9] VGC 2023 Regulation E","log":"|j|\u2606thunderdog_32\n|j|\u2606JhosBand24\n|t:|1699668170\n|gametype|doubles\n|player|p1|thunderdog_32|1|1108\n|player|p2|JhosBand24|169|1000\n|teamsize|p1|6\n|teamsize|p2|6\n|gen|9\n|tier|[Gen 9] VGC 2023 Regulation E\n|rated|\n|rule|Species Clause: Limit one of each Pok\u00e9mon\n|rule|Item Clause: Limit one of each item\n|clearpoke\n|poke|p1|Annihilape, L50, M|\n|poke|p1|Heatran, L50, M|\n|poke|p1|Dragonite, L50, F|\n|poke|p1|Fezandipiti, L50, M|\n|poke|p1|Chien-Pao, L50|\n|poke|p1|Rillaboom, L50, M|\n|poke|p2|Arcanine-Hisui, L50, M|\n|poke|p2|Flutter Mane, L50|\n|poke|p2|Rillaboom, L50, F|\n|poke|p2|Chien-Pao, L50|\n|poke|p2|Urshifu-*, L50, M|\n|poke|p2|Tornadus, L50, M|\n|teampreview|4\n|inactive|Battle timer is ON: inactive players will automatically lose when time's up. (requested by thunderdog_32)\n|inactive|thunderdog_32 has 60 seconds left.\n|\n|t:|1699668209\n|start\n|switch|p1a: Annihilape|Annihilape, L50, M|100\/100\n|switch|p1b: Dragonite|Dragonite, L50, F|100\/100\n|switch|p2a: Tornadus|Tornadus, L50, M, shiny|100\/100\n|switch|p2b: Rillaboom|Rillaboom, L50, F, shiny|100\/100\n|-fieldstart|move: Grassy Terrain|[from] ability: Grassy Surge|[of] p2b: Rillaboom\n|turn|1\n|inactive|JhosBand24 has 30 seconds left.\n|\n|t:|1699668239\n|move|p2a: Tornadus|Tailwind|p2a: Tornadus\n|-sidestart|p2: JhosBand24|move: Tailwind\n|move|p1a: Annihilape|U-turn|p2b: Rillaboom\n|-supereffective|p2b: Rillaboom\n|-damage|p2b: Rillaboom|67\/100\n|\n|t:|1699668245\n|switch|p1a: Rillaboom|Rillaboom, L50, M|100\/100|[from] U-turn\n|move|p2b: Rillaboom|U-turn|p1b: Dragonite\n|-resisted|p1b: Dragonite\n|-damage|p1b: Dragonite|89\/100\n|\n|t:|1699668256\n|switch|p2b: Chien-Pao|Chien-Pao, L50|100\/100|[from] U-turn\n|-ability|p2b: Chien-Pao|Sword of Ruin\n|move|p1b: Dragonite|Outrage|p2a: Tornadus\n|-crit|p2a: Tornadus\n|-damage|p2a: Tornadus|0 fnt\n|-damage|p1b: Dragonite|73\/100|[from] item: Rocky Helmet|[of] p2a: Tornadus\n|faint|p2a: Tornadus\n|\n|upkeep\n|\n|t:|1699668272\n|switch|p2a: Rillaboom|Rillaboom, L50, F, shiny|67\/100\n|turn|2\n|inactive|thunderdog_32 has 30 seconds left.\n|\n|t:|1699668297\n|-terastallize|p2b: Chien-Pao|Ghost\n|move|p2a: Rillaboom|Fake Out|p1a: Rillaboom\n|-damage|p1a: Rillaboom|84\/100\n|cant|p1a: Rillaboom|flinch\n|move|p2b: Chien-Pao|Icicle Crash|p1b: Dragonite\n|-supereffective|p1b: Dragonite\n|-damage|p1b: Dragonite|0 fnt\n|faint|p1b: Dragonite\n|\n|-heal|p2a: Rillaboom|72\/100|[from] Grassy Terrain\n|-heal|p1a: Rillaboom|89\/100|[from] Grassy Terrain\n|upkeep\n|\n|t:|1699668305\n|switch|p1b: Annihilape|Annihilape, L50, M|100\/100\n|turn|3\n|\n|t:|1699668323\n|move|p2b: Chien-Pao|Sucker Punch|p1b: Annihilape\n|-damage|p1b: Annihilape|51\/100\n|move|p1a: Rillaboom|Grassy Glide|p2b: Chien-Pao\n|-damage|p2b: Chien-Pao|52\/100\n|move|p1b: Annihilape|Final Gambit|p2a: Rillaboom\n|-damage|p2a: Rillaboom|19\/100\n|faint|p1b: Annihilape\n|move|p2a: Rillaboom|Wood Hammer|p1a: Rillaboom\n|-resisted|p1a: Rillaboom\n|-damage|p1a: Rillaboom|39\/100\n|-damage|p2a: Rillaboom|2\/100|[from] Recoil\n|\n|-heal|p2b: Chien-Pao|58\/100|[from] Grassy Terrain\n|-heal|p2a: Rillaboom|8\/100|[from] Grassy Terrain\n|-heal|p1a: Rillaboom|44\/100|[from] Grassy Terrain\n|upkeep\n|\n|t:|1699668332\n|switch|p1b: Chien-Pao|Chien-Pao, L50|100\/100\n|-ability|p1b: Chien-Pao|Sword of Ruin\n|turn|4\n|\n|t:|1699668350\n|switch|p2a: Urshifu|Urshifu-Rapid-Strike, L50, M|100\/100\n|move|p2b: Chien-Pao|Protect|p2b: Chien-Pao\n|-singleturn|p2b: Chien-Pao|Protect\n|move|p1b: Chien-Pao|Sucker Punch||[still]\n|-fail|p1b: Chien-Pao\n|move|p1a: Rillaboom|Grassy Glide|p2a: Urshifu\n|-supereffective|p2a: Urshifu\n|-damage|p2a: Urshifu|11\/100\n|\n|-heal|p2b: Chien-Pao|64\/100|[from] Grassy Terrain\n|-heal|p2a: Urshifu|17\/100|[from] Grassy Terrain\n|-heal|p1a: Rillaboom|50\/100|[from] Grassy Terrain\n|-sideend|p2: JhosBand24|move: Tailwind\n|upkeep\n|turn|5\n|inactive|thunderdog_32 has 30 seconds left.\n|inactive|JhosBand24 has 30 seconds left.\n|\n|t:|1699668381\n|move|p2a: Urshifu|Aqua Jet|p1b: Chien-Pao\n|-damage|p1b: Chien-Pao|65\/100\n|move|p1a: Rillaboom|Grassy Glide|p2a: Urshifu\n|-supereffective|p2a: Urshifu\n|-damage|p2a: Urshifu|0 fnt\n|faint|p2a: Urshifu\n|move|p1b: Chien-Pao|Crunch|p2b: Chien-Pao\n|-supereffective|p2b: Chien-Pao\n|-damage|p2b: Chien-Pao|0 fnt\n|faint|p2b: Chien-Pao\n|\n|-heal|p1b: Chien-Pao|71\/100|[from] Grassy Terrain\n|-heal|p1a: Rillaboom|56\/100|[from] Grassy Terrain\n|-fieldend|move: Grassy Terrain\n|upkeep\n|\n|t:|1699668399\n|switch|p2b: Rillaboom|Rillaboom, L50, F, shiny|8\/100\n|-fieldstart|move: Grassy Terrain|[from] ability: Grassy Surge|[of] p2b: Rillaboom\n|turn|6\n|\n|t:|1699668412\n|move|p2b: Rillaboom|Fake Out|p1a: Rillaboom\n|-damage|p1a: Rillaboom|39\/100\n|move|p1b: Chien-Pao|Crunch|p2b: Rillaboom\n|-damage|p2b: Rillaboom|0 fnt\n|faint|p2b: Rillaboom\n|\n|win|thunderdog_32\n|raw|thunderdog_32's rating: 1108 &rarr; <strong>1125<\/strong><br \/>(+17 for winning)\n|raw|JhosBand24's rating: 1000 &rarr; <strong>1000<\/strong><br \/>(+0 for losing)\n|c|\u2606thunderdog_32|ggs\n","uploadtime":1699668430,"views":14,"p1id":"thunderdog32","p2id":"jhosband24","formatid":"gen9vgc2023regulatione","rating":1000,"private":0,"password":""}