{"id":"gen9vgc2023regulatione-1990985811","p1":"PumpkinKid","p2":"JumpingJoe27","format":"[Gen 9] VGC 2023 Regulation E","log":"|j|\u2606PumpkinKid\n|j|\u2606JumpingJoe27\n|t:|1700023559\n|gametype|doubles\n|player|p1|PumpkinKid|kieran-festival|1135\n|player|p2|JumpingJoe27|266|1179\n|teamsize|p1|6\n|teamsize|p2|6\n|gen|9\n|tier|[Gen 9] VGC 2023 Regulation E\n|rated|\n|rule|Species Clause: Limit one of each Pok\u00e9mon\n|rule|Item Clause: Limit one of each item\n|clearpoke\n|poke|p1|Indeedee-F, L50, F|\n|poke|p1|Armarouge, L50, F|\n|poke|p1|Annihilape, L50, M|\n|poke|p1|Sinistcha, L50|\n|poke|p1|Iron Hands, L50|\n|poke|p1|Kingambit, L50, M|\n|poke|p2|Arcanine-Hisui, L50, F|\n|poke|p2|Flutter Mane, L50|\n|poke|p2|Ogerpon-Cornerstone, L50, F|\n|poke|p2|Tornadus, L50, M|\n|poke|p2|Iron Hands, L50|\n|poke|p2|Farigiraf, L50, F|\n|teampreview|4\nJumpingJoe27 has agreed to open team sheets.\n|\n|t:|1700023590\n|start\n|switch|p1a: Harpoonin'|Indeedee-F, L50, F|100\/100\n|switch|p1b: The Fister.|Annihilape, L50, M|100\/100\n|switch|p2a: Farigiraf|Farigiraf, L50, F|100\/100\n|switch|p2b: Arcanine|Arcanine-Hisui, L50, F|100\/100\n|-ability|p2b: Arcanine|Intimidate|boost\n|-unboost|p1a: Harpoonin'|atk|1\n|-unboost|p1b: The Fister.|atk|1\n|-ability|p1b: The Fister.|Defiant|boost\n|-boost|p1b: The Fister.|atk|2\n|-fieldstart|move: Psychic Terrain|[from] ability: Psychic Surge|[of] p1a: Harpoonin'\n|-enditem|p1a: Harpoonin'|Psychic Seed\n|-boost|p1a: Harpoonin'|spd|1|[from] item: Psychic Seed\n|turn|1\n|\n|t:|1700023623\n|move|p1b: The Fister.|Final Gambit|p2a: Farigiraf\n|-damage|p2a: Farigiraf|19\/100\n|-enditem|p2a: Farigiraf|Sitrus Berry|[eat]\n|-heal|p2a: Farigiraf|44\/100|[from] item: Sitrus Berry\n|faint|p1b: The Fister.\n|move|p2b: Arcanine|Rock Slide|p1a: Harpoonin'\n|-damage|p1a: Harpoonin'|47\/100\n|move|p2a: Farigiraf|Imprison|p2a: Farigiraf\n|-start|p2a: Farigiraf|move: Imprison\n|cant|p1a: Harpoonin'|move: Imprison|Trick Room\n|\n|upkeep\n|\n|t:|1700023638\n|switch|p1b: bri'ish|Sinistcha, L50|100\/100\n|-heal|p1a: Harpoonin'|72\/100|[from] ability: Hospitality|[of] p1b: bri'ish\n|turn|2\n|\n|t:|1700023663\n|switch|p1a: EDP445|Iron Hands, L50, shiny|100\/100\n|move|p2b: Arcanine|Rock Slide|p1b: bri'ish|[spread] p1a,p1b\n|-resisted|p1a: EDP445\n|-damage|p1a: EDP445|86\/100\n|-damage|p1b: bri'ish|63\/100\n|move|p1b: bri'ish|Matcha Gotcha|p2b: Arcanine|[spread] p2a,p2b\n|-damage|p2a: Farigiraf|20\/100\n|-heal|p1b: bri'ish|78\/100|[from] drain|[of] p2a: Farigiraf\n|-damage|p2b: Arcanine|73\/100\n|-heal|p1b: bri'ish|92\/100|[from] drain|[of] p2b: Arcanine\n|-status|p2a: Farigiraf|brn\n|move|p2a: Farigiraf|Imprison||[still]\n|-fail|p2a: Farigiraf\n|\n|-damage|p2a: Farigiraf|14\/100 brn|[from] brn\n|upkeep\n|turn|3\n|\n|t:|1700023684\n|switch|p2b: Iron Hands|Iron Hands, L50|100\/100\n|move|p2a: Farigiraf|Protect|p2a: Farigiraf\n|-singleturn|p2a: Farigiraf|Protect\n|move|p1a: EDP445|Fake Out||[still]\n|cant|p2a: Farigiraf|ability: Armor Tail|Fake Out|[of] p1a: EDP445\n|move|p1b: bri'ish|Matcha Gotcha|p2a: Farigiraf|[spread] p2b\n|-activate|p2a: Farigiraf|move: Protect\n|-damage|p2b: Iron Hands|88\/100\n|-heal|p1b: bri'ish|100\/100|[from] drain|[of] p2b: Iron Hands\n|\n|-damage|p2a: Farigiraf|8\/100 brn|[from] brn\n|upkeep\n|turn|4\n|\n|t:|1700023709\n|switch|p2a: Arcanine|Arcanine-Hisui, L50, F|73\/100\n|-ability|p2a: Arcanine|Intimidate|boost\n|-unboost|p1a: EDP445|atk|1\n|-unboost|p1b: bri'ish|atk|1\n|-end|p1a: EDP445|Quark Drive|[silent]\n|switch|p1a: Harpoonin'|Indeedee-F, L50, F|72\/100\n|move|p2b: Iron Hands|Fake Out|p1a: Harpoonin'\n|-activate|p1a: Harpoonin'|move: Psychic Terrain\n|move|p1b: bri'ish|Matcha Gotcha|p2a: Arcanine|[spread] p2a,p2b\n|-damage|p2a: Arcanine|44\/100\n|-damage|p2b: Iron Hands|75\/100\n|\n|upkeep\n|turn|5\n|\n|t:|1700023735\n|-terastallize|p2a: Arcanine|Normal\n|-terastallize|p1b: bri'ish|Fire\n|move|p2a: Arcanine|Extreme Speed|p1a: Harpoonin'\n|-activate|p1a: Harpoonin'|move: Psychic Terrain\n|move|p1b: bri'ish|Rage Powder|p1b: bri'ish\n|-singleturn|p1b: bri'ish|move: Rage Powder\n|move|p2b: Iron Hands|Drain Punch|p1b: bri'ish\n|-damage|p1b: bri'ish|67\/100\n|-heal|p2b: Iron Hands|87\/100|[from] drain|[of] p1b: bri'ish\n|-damage|p2b: Iron Hands|70\/100|[from] item: Rocky Helmet|[of] p1b: bri'ish\n|move|p1a: Harpoonin'|Trick Room|p1a: Harpoonin'\n|-fieldstart|move: Trick Room|[of] p1a: Harpoonin'\n|\n|-fieldend|move: Psychic Terrain\n|upkeep\n|turn|6\n|\n|t:|1700023769\n|switch|p1a: EDP445|Iron Hands, L50, shiny|86\/100\n|move|p2a: Arcanine|Extreme Speed|p1a: EDP445\n|-damage|p1a: EDP445|40\/100\n|move|p2b: Iron Hands|Drain Punch|p1a: EDP445\n|-crit|p1a: EDP445\n|-damage|p1a: EDP445|2\/100\n|-heal|p2b: Iron Hands|90\/100|[from] drain|[of] p1a: EDP445\n|move|p1b: bri'ish|Matcha Gotcha|p2a: Arcanine|[spread] p2a,p2b\n|-damage|p2a: Arcanine|13\/100\n|-heal|p1b: bri'ish|83\/100|[from] drain|[of] p2a: Arcanine\n|-damage|p2b: Iron Hands|79\/100\n|-heal|p1b: bri'ish|91\/100|[from] drain|[of] p2b: Iron Hands\n|\n|upkeep\n|turn|7\n|\n|t:|1700023799\n|-end|p1a: EDP445|Quark Drive|[silent]\n|switch|p1a: Harpoonin'|Indeedee-F, L50, F|72\/100\n|-fieldstart|move: Psychic Terrain|[from] ability: Psychic Surge|[of] p1a: Harpoonin'\n|switch|p2a: Farigiraf|Farigiraf, L50, F|8\/100 brn\n|move|p2b: Iron Hands|Drain Punch|p1a: Harpoonin'\n|-damage|p1a: Harpoonin'|35\/100\n|-heal|p2b: Iron Hands|93\/100|[from] drain|[of] p1a: Harpoonin'\n|move|p1b: bri'ish|Matcha Gotcha|p2a: Farigiraf|[spread] p2a,p2b\n|-damage|p2a: Farigiraf|0 fnt\n|-heal|p1b: bri'ish|96\/100|[from] drain|[of] p2a: Farigiraf\n|-damage|p2b: Iron Hands|81\/100\n|-heal|p1b: bri'ish|100\/100|[from] drain|[of] p2b: Iron Hands\n|faint|p2a: Farigiraf\n|\n|upkeep\n|\n|t:|1700023815\n|switch|p2a: Arcanine|Arcanine-Hisui, L50, F, tera:Normal|13\/100\n|-ability|p2a: Arcanine|Intimidate|boost\n|-unboost|p1a: Harpoonin'|atk|1\n|-unboost|p1b: bri'ish|atk|1\n|turn|8\n|\n|t:|1700023834\n|move|p1a: Harpoonin'|Protect|p1a: Harpoonin'\n|-singleturn|p1a: Harpoonin'|Protect\n|move|p2a: Arcanine|Extreme Speed|p1b: bri'ish\n|-activate|p1b: bri'ish|move: Psychic Terrain\n|move|p2b: Iron Hands|Drain Punch|p1a: Harpoonin'\n|-activate|p1a: Harpoonin'|move: Protect\n|move|p1b: bri'ish|Matcha Gotcha|p2b: Iron Hands|[spread] p2a,p2b\n|-damage|p2a: Arcanine|0 fnt\n|-damage|p2b: Iron Hands|70\/100\n|faint|p2a: Arcanine\n|\n|upkeep\n|\n|t:|1700023841\n|switch|p2a: Flutter Mane|Flutter Mane, L50|100\/100\n|turn|9\n|\n|t:|1700023858\n|move|p1a: Harpoonin'|Follow Me|p1a: Harpoonin'\n|-singleturn|p1a: Harpoonin'|move: Follow Me\n|move|p2b: Iron Hands|Drain Punch|p1a: Harpoonin'\n|-damage|p1a: Harpoonin'|0 fnt\n|-heal|p2b: Iron Hands|83\/100|[from] drain|[of] p1a: Harpoonin'\n|faint|p1a: Harpoonin'\n|move|p1b: bri'ish|Matcha Gotcha|p2b: Iron Hands|[spread] p2a,p2b\n|-damage|p2a: Flutter Mane|76\/100\n|-damage|p2b: Iron Hands|70\/100\n|move|p2a: Flutter Mane|Dazzling Gleam|p1b: bri'ish\n|-resisted|p1b: bri'ish\n|-damage|p1b: bri'ish|72\/100\n|\n|-fieldend|move: Trick Room\n|upkeep\n|\n|t:|1700023864\n|switch|p1a: EDP445|Iron Hands, L50, shiny|2\/100\n|turn|10\n|\n|t:|1700023884\n|move|p1a: EDP445|Fake Out|p2b: Iron Hands\n|-activate|p2b: Iron Hands|move: Psychic Terrain\n|move|p2a: Flutter Mane|Dazzling Gleam|p1b: bri'ish|[spread] p1a,p1b\n|-supereffective|p1a: EDP445\n|-resisted|p1b: bri'ish\n|-damage|p1a: EDP445|0 fnt\n|-damage|p1b: bri'ish|50\/100\n|faint|p1a: EDP445\n|-end|p1a: EDP445|Quark Drive|[silent]\n|move|p1b: bri'ish|Matcha Gotcha|p2a: Flutter Mane|[spread] p2a,p2b\n|-damage|p2a: Flutter Mane|51\/100\n|-heal|p1b: bri'ish|60\/100|[from] drain|[of] p2a: Flutter Mane\n|-damage|p2b: Iron Hands|58\/100\n|-heal|p1b: bri'ish|68\/100|[from] drain|[of] p2b: Iron Hands\n|move|p2b: Iron Hands|Drain Punch|p1b: bri'ish\n|-damage|p1b: bri'ish|33\/100\n|-heal|p2b: Iron Hands|71\/100|[from] drain|[of] p1b: bri'ish\n|-damage|p2b: Iron Hands|54\/100|[from] item: Rocky Helmet|[of] p1b: bri'ish\n|\n|upkeep\n|turn|11\n|\n|t:|1700023902\n|move|p2a: Flutter Mane|Dazzling Gleam|p1b: bri'ish\n|-resisted|p1b: bri'ish\n|-damage|p1b: bri'ish|6\/100\n|move|p1b: bri'ish|Strength Sap|p2b: Iron Hands\n|-unboost|p2b: Iron Hands|atk|1\n|-heal|p1b: bri'ish|100\/100\n|move|p2b: Iron Hands|Heavy Slam|p1b: bri'ish\n|-resisted|p1b: bri'ish\n|-damage|p1b: bri'ish|88\/100\n|-damage|p2b: Iron Hands|38\/100|[from] item: Rocky Helmet|[of] p1b: bri'ish\n|\n|-fieldend|move: Psychic Terrain\n|upkeep\n|turn|12\n|\n|t:|1700023918\n|move|p2a: Flutter Mane|Dazzling Gleam|p1b: bri'ish\n|-resisted|p1b: bri'ish\n|-damage|p1b: bri'ish|62\/100\n|move|p1b: bri'ish|Matcha Gotcha|p2a: Flutter Mane|[spread] p2a,p2b\n|-damage|p2a: Flutter Mane|28\/100\n|-heal|p1b: bri'ish|71\/100|[from] drain|[of] p2a: Flutter Mane\n|-damage|p2b: Iron Hands|25\/100\n|-heal|p1b: bri'ish|79\/100|[from] drain|[of] p2b: Iron Hands\n|-status|p2b: Iron Hands|brn\n|move|p2b: Iron Hands|Drain Punch|p1b: bri'ish\n|-damage|p1b: bri'ish|68\/100\n|-heal|p2b: Iron Hands|29\/100 brn|[from] drain|[of] p1b: bri'ish\n|-damage|p2b: Iron Hands|13\/100 brn|[from] item: Rocky Helmet|[of] p1b: bri'ish\n|\n|-damage|p2b: Iron Hands|7\/100 brn|[from] brn\n|upkeep\n|turn|13\n|\n|t:|1700023938\n|move|p2a: Flutter Mane|Dazzling Gleam|p1b: bri'ish\n|-resisted|p1b: bri'ish\n|-damage|p1b: bri'ish|40\/100\n|move|p1b: bri'ish|Matcha Gotcha|p2b: Iron Hands|[spread] p2a,p2b\n|-crit|p2b: Iron Hands\n|-damage|p2a: Flutter Mane|5\/100\n|-heal|p1b: bri'ish|49\/100|[from] drain|[of] p2a: Flutter Mane\n|-damage|p2b: Iron Hands|0 fnt\n|-heal|p1b: bri'ish|54\/100|[from] drain|[of] p2b: Iron Hands\n|-status|p2a: Flutter Mane|brn\n|faint|p2b: Iron Hands\n|-end|p2b: Iron Hands|Quark Drive|[silent]\n|\n|-damage|p2a: Flutter Mane|0 fnt|[from] brn\n|faint|p2a: Flutter Mane\n|-end|p2a: Flutter Mane|Protosynthesis|[silent]\n|\n|win|PumpkinKid\n|upkeep\n|raw|PumpkinKid's rating: 1135 &rarr; <strong>1163<\/strong><br \/>(+28 for winning)\n|raw|JumpingJoe27's rating: 1179 &rarr; <strong>1151<\/strong><br \/>(-28 for losing)\n","uploadtime":1700023946,"views":8,"p1id":"pumpkinkid","p2id":"jumpingjoe27","formatid":"gen9vgc2023regulatione","rating":1151,"private":0,"password":""}