{"id":"gen9vgc2023regulatione-1998742232","p1":"Nta07","p2":"zeus_swerve","format":"[Gen 9] VGC 2023 Regulation E","log":"|j|\u2606Nta07\n|j|\u2606zeus_swerve\n|t:|1700981533\n|gametype|doubles\n|player|p1|Nta07|102|1174\n|player|p2|zeus_swerve|red|1062\n|teamsize|p1|6\n|teamsize|p2|6\n|gen|9\n|tier|[Gen 9] VGC 2023 Regulation E\n|rated|\n|rule|Species Clause: Limit one of each Pok\u00e9mon\n|rule|Item Clause: Limit one of each item\n|clearpoke\n|poke|p1|Sylveon, L50, M|\n|poke|p1|Oranguru, L50, M|\n|poke|p1|Arcanine, L50, F|\n|poke|p1|Arbok, L50, F|\n|poke|p1|Ursaluna-Bloodmoon, L50, M|\n|poke|p1|Ambipom, L50, M|\n|poke|p2|Tatsugiri, L50, M|\n|poke|p2|Dondozo, L50, M|\n|poke|p2|Glimmora, L50, M|\n|poke|p2|Chi-Yu, L50|\n|poke|p2|Flutter Mane, L50|\n|poke|p2|Farigiraf, L50, M|\n|teampreview|4\nzeus_swerve has agreed to open team sheets.\n|\n|t:|1700981567\n|start\n|switch|p1a: Oranguru|Oranguru, L50, M|100\/100\n|switch|p1b: Sylveon|Sylveon, L50, M, shiny|100\/100\n|switch|p2a: Farigiraf|Farigiraf, L50, M|100\/100\n|switch|p2b: Chi-Yu|Chi-Yu, L50|100\/100\n|-ability|p2b: Chi-Yu|Beads of Ruin\n|turn|1\n|\n|t:|1700981608\n|move|p1b: Sylveon|Protect|p1b: Sylveon\n|-singleturn|p1b: Sylveon|Protect\n|move|p2b: Chi-Yu|Dark Pulse|p1a: Oranguru\n|-supereffective|p1a: Oranguru\n|-damage|p1a: Oranguru|0 fnt\n|faint|p1a: Oranguru\n|move|p2a: Farigiraf|Dazzling Gleam|p1b: Sylveon\n|-activate|p1b: Sylveon|move: Protect\n|\n|upkeep\n|\n|t:|1700981618\n|switch|p1a: Ambipom|Ambipom, L50, M|100\/100\n|turn|2\n|\n|t:|1700981658\n|move|p1a: Ambipom|U-turn|p2b: Chi-Yu\n|-damage|p2b: Chi-Yu|75\/100\n|\n|t:|1700981660\n|switch|p1a: Arcanine|Arcanine, L50, F|100\/100|[from] U-turn\n|-ability|p1a: Arcanine|Intimidate|boost\n|-unboost|p2a: Farigiraf|atk|1\n|-unboost|p2b: Chi-Yu|atk|1\n|move|p2b: Chi-Yu|Dark Pulse|p1a: Arcanine\n|-damage|p1a: Arcanine|4\/100\n|move|p2a: Farigiraf|Dazzling Gleam|p1a: Arcanine|[spread] p1a,p1b\n|-resisted|p1a: Arcanine\n|-crit|p1b: Sylveon\n|-damage|p1a: Arcanine|0 fnt\n|-damage|p1b: Sylveon|76\/100\n|faint|p1a: Arcanine\n|move|p1b: Sylveon|Hyper Voice|p2a: Farigiraf|[spread] p2a,p2b\n|-damage|p2a: Farigiraf|42\/100\n|-damage|p2b: Chi-Yu|37\/100\n|-enditem|p1b: Sylveon|Throat Spray\n|-boost|p1b: Sylveon|spa|1|[from] item: Throat Spray\n|\n|upkeep\n|\n|t:|1700981662\n|switch|p1a: Ambipom|Ambipom, L50, M|100\/100\n|turn|3\n|\n|t:|1700981717\n|move|p1b: Sylveon|Protect|p1b: Sylveon\n|-singleturn|p1b: Sylveon|Protect\n|move|p1a: Ambipom|U-turn|p2a: Farigiraf\n|-supereffective|p2a: Farigiraf\n|-damage|p2a: Farigiraf|8\/100\n|move|p2b: Chi-Yu|Dark Pulse|p1b: Sylveon\n|-activate|p1b: Sylveon|move: Protect\n|move|p2a: Farigiraf|Dazzling Gleam|p1a: Ambipom|[spread] p1a\n|-activate|p1b: Sylveon|move: Protect\n|-damage|p1a: Ambipom|64\/100\n|\n|upkeep\n|turn|4\n|\n|t:|1700981733\n|move|p1a: Ambipom|Knock Off|p2b: Chi-Yu\n|-resisted|p2b: Chi-Yu\n|-damage|p2b: Chi-Yu|17\/100\n|-enditem|p2b: Chi-Yu|Choice Specs|[from] move: Knock Off|[of] p1a: Ambipom\n|move|p2b: Chi-Yu|Dark Pulse|p1b: Sylveon\n|-resisted|p1b: Sylveon\n|-damage|p1b: Sylveon|57\/100\n|move|p2a: Farigiraf|Dazzling Gleam|p1a: Ambipom|[spread] p1a,p1b\n|-damage|p1a: Ambipom|30\/100\n|-damage|p1b: Sylveon|42\/100\n|cant|p1b: Sylveon|flinch\n|\n|upkeep\n|turn|5\n|-message|Nta07 forfeited.\n|\n|win|zeus_swerve\n|raw|Nta07's rating: 1174 &rarr; <strong>1141<\/strong><br \/>(-33 for losing)\n|raw|zeus_swerve's rating: 1062 &rarr; <strong>1102<\/strong><br \/>(+40 for winning)\n|l|\u2606Nta07\n","uploadtime":1700981751,"views":17,"p1id":"nta07","p2id":"zeusswerve","formatid":"gen9vgc2023regulatione","rating":1102,"private":0,"password":""}