{"id":"gen9vgc2023regulatione-1998535059","p1":"Starlightkoma","p2":"YoFushi","format":"[Gen 9] VGC 2023 Regulation E","log":"|j|\u2606Starlightkoma\n|j|\u2606YoFushi\n|n|\u2606Starlightkoma|starlightkoma\n|n|\u2606YoFushi|yofushi\n|html|View the match progress at <a href=\"\/game-bestof3-gen9vgc2023regulatione-1998535058\">game-bestof3-gen9vgc2023regulatione-1998535058<\/a>\n|t:|1700953392\n|gametype|doubles\n|player|p1|Starlightkoma|101|\n|player|p2|YoFushi|fisherman-gen4|\n|teamsize|p1|6\n|teamsize|p2|6\n|gen|9\n|tier|[Gen 9] VGC 2023 Regulation E\n|rule|Species Clause: Limit one of each Pok\u00e9mon\n|rule|Item Clause: Limit one of each item\n|clearpoke\n|poke|p1|Weezing-Galar, L50, M|\n|poke|p1|Slaking, L50, M|\n|poke|p1|Rillaboom, L50, F|\n|poke|p1|Roaring Moon, L50|\n|poke|p1|Volbeat, L50, M|\n|poke|p1|Palafin, L50, M|\n|poke|p2|Chi-Yu, L50|\n|poke|p2|Uxie, L50|\n|poke|p2|Chandelure, L50, M|\n|poke|p2|Victreebel, L50, F|\n|poke|p2|Dondozo, L50, M|\n|poke|p2|Orthworm, L50, F|\n|teampreview|4\n|c|\u2606Starlightkoma|okay there we go\n|c|\u2606Starlightkoma|lol sorry forgot they changed the Bo3 setting\n|c|\u2606YoFushi|all good lol\n|\n|t:|1700953441\n|start\n|switch|p1a: Cetus|Palafin, L50, M|100\/100\n|switch|p1b: Bug Rave|Volbeat, L50, M|100\/100\n|switch|p2a: Sarge Yu|Chi-Yu, L50|100\/100\n|switch|p2b: It's Me|Uxie, L50, shiny|100\/100\n|-ability|p2a: Sarge Yu|Beads of Ruin\n|turn|1\n|\n|t:|1700953462\n|detailschange|p1a: Cetus|Palafin-Hero, L50, M\n|switch|p1a: Mmmm....|Rillaboom, L50, F|100\/100\n|-fieldstart|move: Grassy Terrain|[from] ability: Grassy Surge|[of] p1a: Mmmm....\n|move|p1b: Bug Rave|Tailwind|p1b: Bug Rave\n|-sidestart|p1: Starlightkoma|move: Tailwind\n|move|p2a: Sarge Yu|Heat Wave|p1b: Bug Rave|[spread] p1a,p1b\n|-supereffective|p1a: Mmmm....\n|-supereffective|p1b: Bug Rave\n|-damage|p1a: Mmmm....|15\/100\n|-damage|p1b: Bug Rave|2\/100\n|move|p2b: It's Me|Dazzling Gleam|p1a: Mmmm....|[spread] p1a,p1b\n|-damage|p1a: Mmmm....|5\/100\n|-damage|p1b: Bug Rave|0 fnt\n|faint|p1b: Bug Rave\n|\n|-heal|p1a: Mmmm....|11\/100|[from] Grassy Terrain\n|upkeep\n|\n|t:|1700953477\n|switch|p1b: Cetus|Palafin-Hero, L50, M|100\/100\n|-activate|p1b: Cetus|ability: Zero to Hero\n|turn|2\n|\n|t:|1700953491\n|move|p1a: Mmmm....|Fake Out|p2b: It's Me\n|-damage|p2b: It's Me|91\/100\n|move|p1b: Cetus|Wave Crash|p2a: Sarge Yu\n|-supereffective|p2a: Sarge Yu\n|-enditem|p2a: Sarge Yu|Focus Sash\n|-damage|p2a: Sarge Yu|1\/100\n|-damage|p1b: Cetus|80\/100|[from] Recoil\n|move|p2a: Sarge Yu|Dark Pulse|p1b: Cetus\n|-damage|p1b: Cetus|17\/100\n|cant|p2b: It's Me|flinch\n|\n|-heal|p1b: Cetus|23\/100|[from] Grassy Terrain\n|-heal|p1a: Mmmm....|17\/100|[from] Grassy Terrain\n|-heal|p2a: Sarge Yu|7\/100|[from] Grassy Terrain\n|upkeep\n|turn|3\n|\n|t:|1700953511\n|move|p2b: It's Me|Ally Switch|p2b: It's Me\n|swap|p2b: It's Me|0|[from] move: Ally Switch\n|move|p1b: Cetus|Jet Punch|p2a: It's Me\n|-damage|p2a: It's Me|55\/100\n|move|p1a: Mmmm....|Wood Hammer|p2b: Sarge Yu\n|-resisted|p2b: Sarge Yu\n|-damage|p2b: Sarge Yu|0 fnt\n|faint|p2b: Sarge Yu\n|-damage|p1a: Mmmm....|15\/100|[from] Recoil\n|\n|-heal|p1b: Cetus|29\/100|[from] Grassy Terrain\n|-heal|p1a: Mmmm....|21\/100|[from] Grassy Terrain\n|upkeep\n|\n|t:|1700953522\n|switch|p2b: The Bozo|Dondozo, L50, M, shiny|100\/100\n|turn|4\n|\n|t:|1700953537\n|move|p1b: Cetus|Wave Crash|p2a: It's Me\n|-damage|p2a: It's Me|0 fnt\n|faint|p2a: It's Me\n|-damage|p1b: Cetus|16\/100|[from] Recoil\n|move|p1a: Mmmm....|Wood Hammer|p2b: The Bozo\n|-supereffective|p2b: The Bozo\n|-damage|p2b: The Bozo|20\/100\n|-damage|p1a: Mmmm....|4\/100|[from] item: Rocky Helmet|[of] p2b: The Bozo\n|-damage|p1a: Mmmm....|0 fnt|[from] Recoil\n|faint|p1a: Mmmm....\n|move|p2b: The Bozo|Earthquake|p1b: Cetus\n|-damage|p1b: Cetus|3\/100\n|\n|-heal|p1b: Cetus|9\/100|[from] Grassy Terrain\n|-heal|p2b: The Bozo|26\/100|[from] Grassy Terrain\n|-sideend|p1: Starlightkoma|move: Tailwind\n|upkeep\n|\n|t:|1700953551\n|switch|p2a: Ancient Clock|Orthworm, L50, F, shiny|100\/100\n|switch|p1a: Tier0|Roaring Moon, L50|100\/100\n|-enditem|p1a: Tier0|Booster Energy\n|-activate|p1a: Tier0|ability: Protosynthesis|[fromitem]\n|-start|p1a: Tier0|protosynthesisatk\n|turn|5\n|\n|t:|1700953577\n|-terastallize|p1a: Tier0|Flying\n|-terastallize|p2a: Ancient Clock|Electric\n|move|p1a: Tier0|Breaking Swipe|p2a: Ancient Clock|[spread] p2a,p2b\n|-damage|p2a: Ancient Clock|75\/100\n|-damage|p2b: The Bozo|6\/100\n|-unboost|p2a: Ancient Clock|atk|1\n|-unboost|p2b: The Bozo|atk|1\n|-damage|p1a: Tier0|84\/100|[from] item: Rocky Helmet|[of] p2b: The Bozo\n|move|p1b: Cetus|Close Combat|p2a: Ancient Clock\n|-damage|p2a: Ancient Clock|39\/100\n|-unboost|p1b: Cetus|def|1\n|-unboost|p1b: Cetus|spd|1\n|move|p2a: Ancient Clock|Iron Defense|p2a: Ancient Clock\n|-boost|p2a: Ancient Clock|def|2\n|move|p2b: The Bozo|Earthquake|p1a: Tier0|[spread] p1b\n|-heal|p2a: Ancient Clock|64\/100|[from] ability: Earth Eater|[of] p2b: The Bozo\n|-immune|p1a: Tier0\n|-damage|p1b: Cetus|0 fnt\n|faint|p1b: Cetus\n|\n|-heal|p2a: Ancient Clock|70\/100|[from] Grassy Terrain\n|-heal|p2a: Ancient Clock|76\/100|[from] item: Leftovers\n|-heal|p2b: The Bozo|12\/100|[from] Grassy Terrain\n|-fieldend|move: Grassy Terrain\n|upkeep\n|turn|6\n|\n|t:|1700953614\n|move|p1a: Tier0|Breaking Swipe|p2a: Ancient Clock|[spread] p2a,p2b\n|-damage|p2a: Ancient Clock|64\/100\n|-damage|p2b: The Bozo|0 fnt\n|-unboost|p2a: Ancient Clock|atk|1\n|-damage|p1a: Tier0|67\/100|[from] item: Rocky Helmet|[of] p2b: The Bozo\n|faint|p2b: The Bozo\n|move|p2a: Ancient Clock|Heavy Slam|p1a: Tier0\n|-damage|p1a: Tier0|58\/100\n|\n|-heal|p2a: Ancient Clock|70\/100|[from] item: Leftovers\n|upkeep\n|turn|7\n|\n|t:|1700953626\n|move|p1a: Tier0|Knock Off|p2a: Ancient Clock\n|-damage|p2a: Ancient Clock|43\/100\n|-enditem|p2a: Ancient Clock|Leftovers|[from] move: Knock Off|[of] p1a: Tier0\n|move|p2a: Ancient Clock|Iron Defense|p2a: Ancient Clock\n|-boost|p2a: Ancient Clock|def|2\n|\n|upkeep\n|turn|8\n|\n|t:|1700953641\n|move|p2a: Ancient Clock|Protect|p2a: Ancient Clock\n|-singleturn|p2a: Ancient Clock|Protect\n|move|p1a: Tier0|Acrobatics|p2a: Ancient Clock\n|-activate|p2a: Ancient Clock|move: Protect\n|\n|upkeep\n|turn|9\n|\n|t:|1700953652\n|move|p1a: Tier0|Acrobatics|p2a: Ancient Clock\n|-resisted|p2a: Ancient Clock\n|-damage|p2a: Ancient Clock|32\/100\n|move|p2a: Ancient Clock|Body Press|p1a: Tier0\n|-resisted|p1a: Tier0\n|-damage|p1a: Tier0|0 fnt\n|faint|p1a: Tier0\n|-end|p1a: Tier0|Protosynthesis|[silent]\n|\n|win|YoFushi\n|c|&|\/uhtml prompt-starlightkoma,Starlightkoma is ready for game 2!\n|inactive|YoFushi has 50 seconds to confirm battle start!\n|c|&|\/uhtml prompt-yofushi,YoFushi is ready for game 2!\nBoth players are ready! Starting next match!\n","uploadtime":1700954099,"views":34,"p1id":"starlightkoma","p2id":"yofushi","formatid":"gen9vgc2023regulatione","rating":0,"private":0,"password":""}