{"id":"gen9vgc2023regulatione-1989005634","p1":"yukiriii","p2":"Sword of ?","format":"[Gen 9] VGC 2023 Regulation E","log":"|j|\u2606yukiriii\n|j|\u2606Sword of ?\n|n|\u2606yukiriii|yukiriii\n|n|\u2606Sword of ?|swordof\n|html|View the match progress at <a href=\"\/game-bestof3-gen9vgc2023regulatione-1989005633\">game-bestof3-gen9vgc2023regulatione-1989005633<\/a>\n|t:|1699801215\n|gametype|doubles\n|player|p1|yukiriii|marley|\n|player|p2|Sword of ?|acetrainer-gen6xy|\n|teamsize|p1|6\n|teamsize|p2|6\n|gen|9\n|tier|[Gen 9] VGC 2023 Regulation E\n|rule|Species Clause: Limit one of each Pok\u00e9mon\n|rule|Item Clause: Limit one of each item\n|clearpoke\n|poke|p1|Tornadus, L50, M|\n|poke|p1|Ogerpon-Wellspring, L50, F|\n|poke|p1|Flutter Mane, L50|\n|poke|p1|Heatran, L50, M|\n|poke|p1|Landorus-Therian, L50, M|\n|poke|p1|Dragonite, L50, M|\n|poke|p2|Landorus-Therian, L50, M|\n|poke|p2|Heatran, L50, F|\n|poke|p2|Ogerpon-Wellspring, L50, F|\n|poke|p2|Kingambit, L50, F|\n|poke|p2|Flutter Mane, L50|\n|poke|p2|Rillaboom, L50, F|\n|teampreview|4\n|inactive|Battle timer is ON: inactive players will automatically lose when time's up. (requested by Sword of ?)\nSword of ? has agreed to open team sheets.\nyukiriii has agreed to open team sheets.\n|showteam|p1|Tornadus||RockyHelmet|Prankster|Tailwind,BleakwindStorm,Taunt,Protect|||M|||50|,,,,,Ghost]Ogerpon-Wellspring||WellspringMask|WaterAbsorb|FollowMe,IvyCudgel,PowerWhip,SpikyShield|||F|||50|,,,,,Water]Flutter Mane||ChoiceSpecs|Protosynthesis|Moonblast,DazzlingGleam,ShadowBall,Thunderbolt||||||50|,,,,,Fairy]Heatran||Leftovers|FlashFire|HeatWave,EarthPower,FlashCannon,Protect|||M|||50|,,,,,Fairy]Landorus-Therian||ClearAmulet|Intimidate|StompingTantrum,TeraBlast,SwordsDance,Protect|||M|||50|,,,,,Flying]Dragonite||ChoiceBand|InnerFocus|ExtremeSpeed,AerialAce,IceSpinner,StompingTantrum|||M|||50|,,,,,Normal\n|showteam|p2|Landorus-Therian||ChoiceScarf|Intimidate|StompingTantrum,TeraBlast,RockTomb,Uturn|||M|||50|,,,,,Flying]Heatran||Leftovers|FlashFire|HeatWave,EarthPower,Substitute,Protect|||F|||50|,,,,,Fairy]Ogerpon-Wellspring||WellspringMask|WaterAbsorb|IvyCudgel,WoodHammer,FollowMe,SpikyShield|||F|||50|,,,,,Water]Kingambit||BlackGlasses|Defiant|KowtowCleave,SuckerPunch,SwordsDance,Protect|||F|||50|,,,,,Dark]Flutter Mane||ChoiceSpecs|Protosynthesis|Moonblast,ShadowBall,DazzlingGleam,TrickRoom||||||50|,,,,,Fairy]Rillaboom||AssaultVest|GrassySurge|WoodHammer,Uturn,GrassyGlide,FakeOut|||F|||50|,,,,,Fire\n|inactive|yukiriii has 30 seconds left.\n|inactive|Sword of ? has 30 seconds left.\n|inactive|yukiriii has 20 seconds left.\n|inactive|Sword of ? has 20 seconds left.\n|inactive|yukiriii has 15 seconds left.\n|inactive|Sword of ? has 15 seconds left.\n|inactive|yukiriii has 10 seconds left.\n|inactive|Sword of ? has 10 seconds left.\n|inactive|yukiriii has 5 seconds left.\n|inactive|Sword of ? has 5 seconds left.\n|\n|t:|1699801271\n|start\n|switch|p1a: Tornadus|Tornadus, L50, M|100\/100\n|switch|p1b: Heatran|Heatran, L50, M|100\/100\n|switch|p2a: Kingambit|Kingambit, L50, F|100\/100\n|switch|p2b: Ogerpon|Ogerpon-Wellspring, L50, F|100\/100\n|turn|1\n|inactive|Sword of ? has 30 seconds left.\n|inactive|Sword of ? has 20 seconds left.\n|inactive|Sword of ? has 15 seconds left.\n|inactive|Sword of ? has 10 seconds left.\n|inactive|Sword of ? has 5 seconds left.\n|\n|t:|1699801323\n|-terastallize|p2b: Ogerpon|Water\n|detailschange|p2b: Ogerpon|Ogerpon-Wellspring-Tera, L50, F, tera:Water\n|-ability|p2b: Ogerpon|Embody Aspect (Wellspring)|boost\n|-boost|p2b: Ogerpon|spd|1\n|-terastallize|p1b: Heatran|Fairy\n|move|p2a: Kingambit|Protect|p2a: Kingambit\n|-singleturn|p2a: Kingambit|Protect\n|move|p1a: Tornadus|Tailwind|p1a: Tornadus\n|-sidestart|p1: yukiriii|move: Tailwind\n|move|p1b: Heatran|Heat Wave|p2b: Ogerpon|[spread] p2b\n|-activate|p2a: Kingambit|move: Protect\n|-resisted|p2b: Ogerpon\n|-damage|p2b: Ogerpon|88\/100\n|move|p2b: Ogerpon|Ivy Cudgel|p1b: Heatran\n|-crit|p1b: Heatran\n|-damage|p1b: Heatran|7\/100\n|\n|-heal|p1b: Heatran|13\/100|[from] item: Leftovers\n|upkeep\n|turn|2\n|inactive|yukiriii has 30 seconds left.\n|inactive|Sword of ? has 30 seconds left.\n|inactive|yukiriii has 20 seconds left.\n|\n|t:|1699801360\n|move|p1a: Tornadus|Taunt|p2b: Ogerpon\n|-start|p2b: Ogerpon|move: Taunt\n|move|p1b: Heatran|Heat Wave|p2a: Kingambit|[spread] p2a,p2b\n|-supereffective|p2a: Kingambit\n|-resisted|p2b: Ogerpon\n|-damage|p2a: Kingambit|24\/100\n|-damage|p2b: Ogerpon|75\/100\n|move|p2b: Ogerpon|Ivy Cudgel|p1a: Tornadus\n|-crit|p1a: Tornadus\n|-damage|p1a: Tornadus|0 fnt\n|faint|p1a: Tornadus\n|move|p2a: Kingambit|Swords Dance|p2a: Kingambit\n|-boost|p2a: Kingambit|atk|2\n|\n|-heal|p1b: Heatran|18\/100|[from] item: Leftovers\n|upkeep\n|\n|t:|1699801374\n|switch|p1a: Ogerpon|Ogerpon-Wellspring, L50, F|100\/100\n|turn|3\n|\n|t:|1699801395\n|switch|p1b: Dragonite|Dragonite, L50, M|100\/100\n|move|p2a: Kingambit|Sucker Punch||[still]\n|-fail|p2a: Kingambit\n|move|p1a: Ogerpon|Ivy Cudgel|p2a: Kingambit\n|-damage|p2a: Kingambit|0 fnt\n|faint|p2a: Kingambit\n|move|p2b: Ogerpon|Wood Hammer|p1a: Ogerpon\n|-damage|p1a: Ogerpon|31\/100\n|-damage|p2b: Ogerpon|52\/100|[from] Recoil\n|\n|upkeep\n|\n|t:|1699801417\n|switch|p2a: Rillaboom|Rillaboom, L50, F|100\/100\n|-fieldstart|move: Grassy Terrain|[from] ability: Grassy Surge|[of] p2a: Rillaboom\n|turn|4\n|inactive|Sword of ? has 30 seconds left.\n|\n|t:|1699801449\n|move|p1a: Ogerpon|Spiky Shield|p1a: Ogerpon\n|-singleturn|p1a: Ogerpon|move: Protect\n|move|p1b: Dragonite|Aerial Ace|p2a: Rillaboom\n|-supereffective|p2a: Rillaboom\n|-damage|p2a: Rillaboom|0 fnt\n|faint|p2a: Rillaboom\n|move|p2b: Ogerpon|Ivy Cudgel|p1b: Dragonite\n|-resisted|p1b: Dragonite\n|-damage|p1b: Dragonite|64\/100\n|\n|-heal|p1a: Ogerpon|37\/100|[from] Grassy Terrain\n|-heal|p2b: Ogerpon|58\/100|[from] Grassy Terrain\n|-end|p2b: Ogerpon|move: Taunt\n|-sideend|p1: yukiriii|move: Tailwind\n|upkeep\n|\n|t:|1699801458\n|switch|p2a: Landorus|Landorus-Therian, L50, M|100\/100\n|-ability|p2a: Landorus|Intimidate|boost\n|-unboost|p1a: Ogerpon|atk|1\n|-fail|p1b: Dragonite|unboost|Attack|[from] ability: Inner Focus|[of] p1b: Dragonite\n|turn|5\n|inactive|Sword of ? has 30 seconds left.\n|\n|t:|1699801485\n|move|p2b: Ogerpon|Spiky Shield|p2b: Ogerpon\n|-singleturn|p2b: Ogerpon|move: Protect\n|move|p2a: Landorus|Rock Tomb|p1b: Dragonite\n|-supereffective|p1b: Dragonite\n|-damage|p1b: Dragonite|19\/100\n|-unboost|p1b: Dragonite|spe|1\n|move|p1a: Ogerpon|Ivy Cudgel|p2a: Landorus\n|-supereffective|p2a: Landorus\n|-damage|p2a: Landorus|15\/100\n|move|p1b: Dragonite|Aerial Ace|p2b: Ogerpon\n|-activate|p2b: Ogerpon|move: Protect\n|-damage|p1b: Dragonite|7\/100|[from] Spiky Shield|[of] p2b: Ogerpon\n|\n|-heal|p2b: Ogerpon|64\/100|[from] Grassy Terrain\n|-heal|p1a: Ogerpon|43\/100|[from] Grassy Terrain\n|upkeep\n|turn|6\n|\n|t:|1699801510\n|switch|p1b: Heatran|Heatran, L50, M, tera:Fairy|18\/100\n|move|p1a: Ogerpon|Spiky Shield|p1a: Ogerpon\n|-singleturn|p1a: Ogerpon|move: Protect\n|move|p2a: Landorus|Rock Tomb|p1b: Heatran\n|-damage|p1b: Heatran|0 fnt\n|faint|p1b: Heatran\n|move|p2b: Ogerpon|Wood Hammer|p1a: Ogerpon\n|-activate|p1a: Ogerpon|move: Protect\n|-damage|p2b: Ogerpon|51\/100|[from] Spiky Shield|[of] p1a: Ogerpon\n|\n|-heal|p2b: Ogerpon|57\/100|[from] Grassy Terrain\n|-heal|p1a: Ogerpon|49\/100|[from] Grassy Terrain\n|upkeep\n|\n|t:|1699801521\n|switch|p1b: Dragonite|Dragonite, L50, M|7\/100\n|turn|7\n|\n|t:|1699801534\n|move|p1a: Ogerpon|Follow Me|p1a: Ogerpon\n|-singleturn|p1a: Ogerpon|move: Follow Me\n|move|p1b: Dragonite|Extreme Speed|p2a: Landorus\n|-damage|p2a: Landorus|0 fnt\n|faint|p2a: Landorus\n|move|p2b: Ogerpon|Ivy Cudgel|p1a: Ogerpon\n|-heal|p1a: Ogerpon|73\/100|[from] ability: Water Absorb|[of] p2b: Ogerpon\n|\n|-heal|p2b: Ogerpon|63\/100|[from] Grassy Terrain\n|-heal|p1a: Ogerpon|79\/100|[from] Grassy Terrain\n|upkeep\n|turn|8\n|-message|Sword of ? forfeited.\n|\n|win|yukiriii\n|l|\u2606Sword of ?\n|c|&|\/uhtml prompt-yukiriii,yukiriii is ready for game 2!\n|c|&|\/uhtml prompt-swordof,Sword of ? is ready for game 2!\nBoth players are ready! Starting next match!\n","uploadtime":1699802286,"views":7,"p1id":"yukiriii","p2id":"swordof","formatid":"gen9vgc2023regulatione","rating":0,"private":0,"password":""}