{"id":"gen9vgc2023regulatione-2000522525","p1":"Supremeb3am","p2":"Jop back at 1 sigh","format":"[Gen 9] VGC 2023 Regulation E","log":"|j|\u2606Supremeb3am\n|j|\u2606Jop back at 1 sigh\n|t:|1701201948\n|gametype|doubles\n|player|p1|Supremeb3am|crasherwake|1157\n|player|p2|Jop back at 1 sigh|lillie|1069\n|teamsize|p1|6\n|teamsize|p2|6\n|gen|9\n|tier|[Gen 9] VGC 2023 Regulation E\n|rated|\n|rule|Species Clause: Limit one of each Pok\u00e9mon\n|rule|Item Clause: Limit one of each item\n|clearpoke\n|poke|p1|Politoed, L50, M|\n|poke|p1|Basculegion, L50, M|\n|poke|p1|Noivern, L50, F|\n|poke|p1|Fezandipiti, L50, M|\n|poke|p1|Scizor, L50, M|\n|poke|p1|Great Tusk, L50|\n|poke|p2|Flutter Mane, L50|\n|poke|p2|Tornadus, L50, M|\n|poke|p2|Regieleki, L50|\n|poke|p2|Chi-Yu, L50|\n|poke|p2|Ogerpon-Wellspring, L50, F|\n|poke|p2|Indeedee-F, L50, F|\n|teampreview|4\n|inactive|Battle timer is ON: inactive players will automatically lose when time's up. (requested by Supremeb3am)\n|\n|t:|1701201970\n|start\n|switch|p1a: Great Tusk|Great Tusk, L50|100\/100\n|switch|p1b: Noivern|Noivern, L50, F|100\/100\n|switch|p2a: Regieleki|Regieleki, L50|100\/100\n|switch|p2b: Flutter Mane|Flutter Mane, L50|100\/100\n|turn|1\n|inactive|Supremeb3am has 30 seconds left.\n|\n|t:|1701201998\n|-end|p1a: Great Tusk|Protosynthesis|[silent]\n|switch|p1a: Scizor|Scizor, L50, M|100\/100\n|move|p2a: Regieleki|Protect|p2a: Regieleki\n|-singleturn|p2a: Regieleki|Protect\n|move|p2b: Flutter Mane|Dazzling Gleam|p1a: Scizor|[spread] p1a,p1b\n|-resisted|p1a: Scizor\n|-supereffective|p1b: Noivern\n|-damage|p1a: Scizor|75\/100\n|-damage|p1b: Noivern|17\/100\n|move|p1b: Noivern|Tailwind|p1b: Noivern\n|-sidestart|p1: Supremeb3am|move: Tailwind\n|\n|upkeep\n|turn|2\n|\n|t:|1701202022\n|move|p2b: Flutter Mane|Protect|p2b: Flutter Mane\n|-singleturn|p2b: Flutter Mane|Protect\n|move|p1a: Scizor|Bullet Punch|p2b: Flutter Mane\n|-activate|p2b: Flutter Mane|move: Protect\n|move|p1b: Noivern|U-turn|p2a: Regieleki\n|-damage|p2a: Regieleki|83\/100\n|\n|t:|1701202029\n|switch|p1b: Great Tusk|Great Tusk, L50|100\/100|[from] U-turn\n|move|p2a: Regieleki|Electroweb|p1a: Scizor|[spread] p1a\n|-immune|p1b: Great Tusk\n|-damage|p1a: Scizor|35\/100\n|-unboost|p1a: Scizor|spe|1\n|\n|upkeep\n|turn|3\n|inactive|Jop back at 1 sigh has 30 seconds left.\n|inactive|Jop back at 1 sigh has 20 seconds left.\n|inactive|Jop back at 1 sigh has 15 seconds left.\n|inactive|Jop back at 1 sigh has 10 seconds left.\n|\n|t:|1701202075\n|-terastallize|p1b: Great Tusk|Water\n|move|p2a: Regieleki|Protect|p2a: Regieleki\n|-singleturn|p2a: Regieleki|Protect\n|move|p1a: Scizor|Bullet Punch|p2b: Flutter Mane\n|-supereffective|p2b: Flutter Mane\n|-enditem|p2b: Flutter Mane|Focus Sash\n|-damage|p2b: Flutter Mane|1\/100\n|-damage|p1a: Scizor|25\/100|[from] item: Life Orb\n|move|p1b: Great Tusk|Headlong Rush|p2a: Regieleki\n|-activate|p2a: Regieleki|move: Protect\n|move|p2b: Flutter Mane|Dazzling Gleam|p1a: Scizor|[spread] p1a,p1b\n|-resisted|p1a: Scizor\n|-damage|p1a: Scizor|1\/100\n|-damage|p1b: Great Tusk|55\/100\n|\n|upkeep\n|turn|4\n|inactive|Supremeb3am has 30 seconds left.\n|inactive|Jop back at 1 sigh has 30 seconds left.\n|\n|t:|1701202106\n|switch|p2a: Ogerpon|Ogerpon-Wellspring, L50, F|100\/100\n|-end|p1b: Great Tusk|Protosynthesis|[silent]\n|switch|p1b: Fezandipiti|Fezandipiti, L50, M|100\/100\n|move|p1a: Scizor|Bullet Punch|p2a: Ogerpon\n|-resisted|p2a: Ogerpon\n|-damage|p2a: Ogerpon|78\/100\n|-damage|p1a: Scizor|0 fnt|[from] item: Life Orb\n|faint|p1a: Scizor\n|move|p2b: Flutter Mane|Dazzling Gleam|p1b: Fezandipiti\n|-resisted|p1b: Fezandipiti\n|-damage|p1b: Fezandipiti|83\/100\n|\n|-sideend|p1: Supremeb3am|move: Tailwind\n|upkeep\n|\n|t:|1701202119\n|switch|p1a: Noivern|Noivern, L50, F|17\/100\n|turn|5\n|inactive|Jop back at 1 sigh has 30 seconds left.\n|\n|t:|1701202154\n|-terastallize|p2a: Ogerpon|Water\n|detailschange|p2a: Ogerpon|Ogerpon-Wellspring-Tera, L50, F, tera:Water\n|-ability|p2a: Ogerpon|Embody Aspect (Wellspring)|boost\n|-boost|p2a: Ogerpon|spd|1\n|move|p2b: Flutter Mane|Dazzling Gleam|p1b: Fezandipiti|[spread] p1a,p1b\n|-supereffective|p1a: Noivern\n|-resisted|p1b: Fezandipiti\n|-damage|p1a: Noivern|0 fnt\n|-damage|p1b: Fezandipiti|71\/100\n|faint|p1a: Noivern\n|move|p2a: Ogerpon|Ivy Cudgel|p1b: Fezandipiti|[anim] Ivy Cudgel Water\n|-damage|p1b: Fezandipiti|0 fnt\n|faint|p1b: Fezandipiti\n|\n|upkeep\n|\n|t:|1701202167\n|switch|p1b: Great Tusk|Great Tusk, L50, tera:Water|55\/100\n|turn|6\n|\n|t:|1701202174\n|move|p2b: Flutter Mane|Moonblast|p1b: Great Tusk\n|-damage|p1b: Great Tusk|0 fnt\n|faint|p1b: Great Tusk\n|-end|p1b: Great Tusk|Protosynthesis|[silent]\n|\n|win|Jop back at 1 sigh\n|raw|Supremeb3am's rating: 1157 &rarr; <strong>1126<\/strong><br \/>(-31 for losing)\n|raw|Jop back at 1 sigh's rating: 1069 &rarr; <strong>1106<\/strong><br \/>(+37 for winning)\n|l|\u2606Supremeb3am\n","uploadtime":1701202182,"views":1,"p1id":"supremeb3am","p2id":"jopbackat1sigh","formatid":"gen9vgc2023regulatione","rating":1106,"private":0,"password":""}