{"id":"gen9vgc2023regulatione-1992099061","p1":"Clas5yboi","p2":"Aquarsene","format":"[Gen 9] VGC 2023 Regulation E","log":"|j|\u2606Clas5yboi\n|j|\u2606Aquarsene\n|t:|1700155000\n|gametype|doubles\n|player|p1|Clas5yboi|gambler|1108\n|player|p2|Aquarsene|170|1041\n|teamsize|p1|6\n|teamsize|p2|6\n|gen|9\n|tier|[Gen 9] VGC 2023 Regulation E\n|rated|\n|rule|Species Clause: Limit one of each Pok\u00e9mon\n|rule|Item Clause: Limit one of each item\n|clearpoke\n|poke|p1|Goodra-Hisui, L50, F|\n|poke|p1|Overqwil, L50, M|\n|poke|p1|Articuno-Galar, L50|\n|poke|p1|Flutter Mane, L50|\n|poke|p1|Urshifu-*, L50, F|\n|poke|p1|Iron Bundle, L50|\n|poke|p2|Murkrow, L50, M|\n|poke|p2|Great Tusk, L50|\n|poke|p2|Slowking, L50, F|\n|poke|p2|Hydreigon, L50, M|\n|poke|p2|Amoonguss, L50, F|\n|poke|p2|Palafin, L50, M|\n|teampreview|4\n|inactive|Battle timer is ON: inactive players will automatically lose when time's up. (requested by Clas5yboi)\n|inactive|Clas5yboi has 60 seconds left.\n|\n|t:|1700155059\n|start\n|switch|p1a: Articuno|Articuno-Galar, L50|100\/100\n|switch|p1b: Flutter Mane|Flutter Mane, L50|100\/100\n|switch|p2a: Murkrow|Murkrow, L50, M|100\/100\n|switch|p2b: Palafin|Palafin, L50, M|100\/100\n|turn|1\n|inactive|Aquarsene has 30 seconds left.\n|\n|t:|1700155087\n|detailschange|p2b: Palafin|Palafin-Hero, L50, M\n|switch|p2b: Hydreigon|Hydreigon, L50, M|100\/100\n|move|p2a: Murkrow|Tailwind|p2a: Murkrow\n|-sidestart|p2: Aquarsene|move: Tailwind\n|move|p1b: Flutter Mane|Shadow Ball|p2b: Hydreigon\n|-resisted|p2b: Hydreigon\n|-damage|p2b: Hydreigon|70\/100\n|-damage|p1b: Flutter Mane|90\/100|[from] item: Life Orb\n|move|p1a: Articuno|Tailwind|p1a: Articuno\n|-sidestart|p1: Clas5yboi|move: Tailwind\n|\n|upkeep\n|turn|2\n|inactive|Aquarsene has 30 seconds left.\n|\n|t:|1700155113\n|switch|p1a: Goodra|Goodra-Hisui, L50, F, shiny|100\/100\n|-terastallize|p2b: Hydreigon|Steel\n|move|p1b: Flutter Mane|Dazzling Gleam|p2a: Murkrow|[spread] p2a,p2b\n|-supereffective|p2a: Murkrow\n|-resisted|p2b: Hydreigon\n|-damage|p2a: Murkrow|21\/100\n|-damage|p2b: Hydreigon|47\/100\n|-damage|p1b: Flutter Mane|80\/100|[from] item: Life Orb\n|move|p2b: Hydreigon|Flash Cannon|p1b: Flutter Mane\n|-supereffective|p1b: Flutter Mane\n|-damage|p1b: Flutter Mane|0 fnt\n|faint|p1b: Flutter Mane\n|-end|p1b: Flutter Mane|Protosynthesis|[silent]\n|-damage|p2b: Hydreigon|37\/100|[from] item: Life Orb\n|move|p2a: Murkrow|Foul Play|p1a: Goodra\n|-damage|p1a: Goodra|76\/100\n|\n|-heal|p1a: Goodra|82\/100|[from] item: Leftovers\n|upkeep\n|inactive|Clas5yboi has 30 seconds left.\n|\n|t:|1700155139\n|switch|p1b: Overqwil|Overqwil, L50, M|100\/100\n|-ability|p1b: Overqwil|Intimidate|boost\n|-unboost|p2a: Murkrow|atk|1\n|-unboost|p2b: Hydreigon|atk|1\n|turn|3\n|\n|t:|1700155152\n|move|p2a: Murkrow|Protect|p2a: Murkrow\n|-singleturn|p2a: Murkrow|Protect\n|move|p1b: Overqwil|Aqua Jet|p2a: Murkrow\n|-activate|p2a: Murkrow|move: Protect\n|move|p2b: Hydreigon|Draco Meteor|p1a: Goodra\n|-damage|p1a: Goodra|23\/100\n|-unboost|p2b: Hydreigon|spa|2\n|-damage|p2b: Hydreigon|28\/100|[from] item: Life Orb\n|move|p1a: Goodra|Body Press|p2b: Hydreigon\n|-supereffective|p2b: Hydreigon\n|-damage|p2b: Hydreigon|0 fnt\n|faint|p2b: Hydreigon\n|\n|-heal|p1a: Goodra|29\/100|[from] item: Leftovers\n|upkeep\n|\n|t:|1700155167\n|switch|p2b: Great Tusk|Great Tusk, L50|100\/100\n|turn|4\n|\n|t:|1700155182\n|switch|p1a: Articuno|Articuno-Galar, L50|100\/100\n|move|p1b: Overqwil|Aqua Jet|p2a: Murkrow\n|-damage|p2a: Murkrow|5\/100\n|move|p2b: Great Tusk|Earthquake|p1a: Articuno|[spread] p1b\n|-immune|p2a: Murkrow\n|-immune|p1a: Articuno\n|-supereffective|p1b: Overqwil\n|-damage|p1b: Overqwil|35\/100\n|move|p2a: Murkrow|Foul Play|p1b: Overqwil\n|-resisted|p1b: Overqwil\n|-damage|p1b: Overqwil|14\/100\n|\n|-sideend|p1: Clas5yboi|move: Tailwind\n|-sideend|p2: Aquarsene|move: Tailwind\n|upkeep\n|turn|5\n|\n|t:|1700155204\n|move|p2a: Murkrow|Protect|p2a: Murkrow\n|-singleturn|p2a: Murkrow|Protect\n|move|p1b: Overqwil|Aqua Jet|p2a: Murkrow\n|-activate|p2a: Murkrow|move: Protect\n|move|p2b: Great Tusk|Earthquake|p1a: Articuno|[spread] p1b\n|-activate|p2a: Murkrow|move: Protect\n|-immune|p1a: Articuno\n|-supereffective|p1b: Overqwil\n|-damage|p1b: Overqwil|0 fnt\n|faint|p1b: Overqwil\n|move|p1a: Articuno|Freezing Glare|p2b: Great Tusk\n|-supereffective|p2b: Great Tusk\n|-crit|p2b: Great Tusk\n|-damage|p2b: Great Tusk|0 fnt\n|faint|p2b: Great Tusk\n|-end|p2b: Great Tusk|Protosynthesis|[silent]\n|\n|upkeep\n|\n|t:|1700155219\n|switch|p2b: Palafin|Palafin-Hero, L50, M|100\/100\n|switch|p1b: Goodra|Goodra-Hisui, L50, F, shiny|29\/100\n|-activate|p2b: Palafin|ability: Zero to Hero\n|turn|6\n|\n|t:|1700155234\n|-terastallize|p1a: Articuno|Fairy\n|move|p2a: Murkrow|Tailwind|p2a: Murkrow\n|-sidestart|p2: Aquarsene|move: Tailwind\n|move|p2b: Palafin|Wave Crash|p1a: Articuno\n|-damage|p1a: Articuno|19\/100\n|-damage|p2b: Palafin|74\/100|[from] Recoil\n|move|p1a: Articuno|Freezing Glare|p2b: Palafin\n|-damage|p2b: Palafin|26\/100\n|move|p1b: Goodra|Body Press|p2b: Palafin\n|-damage|p2b: Palafin|4\/100\n|\n|-heal|p1b: Goodra|35\/100|[from] item: Leftovers\n|upkeep\n|turn|7\n|inactive|Aquarsene has 30 seconds left.\n|\n|t:|1700155262\n|move|p1a: Articuno|Protect|p1a: Articuno\n|-singleturn|p1a: Articuno|Protect\n|move|p2b: Palafin|Jet Punch|p1b: Goodra\n|-resisted|p1b: Goodra\n|-damage|p1b: Goodra|20\/100\n|move|p2a: Murkrow|Foul Play|p1b: Goodra\n|-damage|p1b: Goodra|0 fnt\n|faint|p1b: Goodra\n|\n|upkeep\n|turn|8\n|c|\u2606Clas5yboi|Rip\n|c|\u2606Clas5yboi|gg\n|\n|t:|1700155274\n|move|p2b: Palafin|Wave Crash|p1a: Articuno\n|-damage|p1a: Articuno|0 fnt\n|faint|p1a: Articuno\n|-damage|p2b: Palafin|0 fnt|[from] Recoil\n|faint|p2b: Palafin\n|\n|win|Aquarsene\n|raw|Clas5yboi's rating: 1108 &rarr; <strong>1078<\/strong><br \/>(-30 for losing)\n|raw|Aquarsene's rating: 1041 &rarr; <strong>1081<\/strong><br \/>(+40 for winning)\n|c|\u2606Aquarsene|gg\n|l|\u2606Clas5yboi\n","uploadtime":1700155283,"views":9,"p1id":"clas5yboi","p2id":"aquarsene","formatid":"gen9vgc2023regulatione","rating":1078,"private":0,"password":""}