{"id":"gen9vgc2023regulatione-1999276139","p1":"L10n Escanor","p2":"fuhteng","format":"[Gen 9] VGC 2023 Regulation E","log":"|j|\u2606L10n Escanor\n|j|\u2606fuhteng\n|t:|1701053924\n|gametype|doubles\n|player|p1|L10n Escanor|steven|1215\n|player|p2|fuhteng|170|1267\n|teamsize|p1|6\n|teamsize|p2|6\n|gen|9\n|tier|[Gen 9] VGC 2023 Regulation E\n|rated|\n|rule|Species Clause: Limit one of each Pok\u00e9mon\n|rule|Item Clause: Limit one of each item\n|clearpoke\n|poke|p1|Flutter Mane, L50|\n|poke|p1|Iron Hands, L50|\n|poke|p1|Ogerpon-Hearthflame, L50, F|\n|poke|p1|Urshifu-*, L50, F|\n|poke|p1|Amoonguss, L50, F|\n|poke|p1|Tornadus, L50, M|\n|poke|p2|Cetitan, L50, M|\n|poke|p2|Abomasnow, L50, M|\n|poke|p2|Chien-Pao, L50|\n|poke|p2|Urshifu-*, L50, M|\n|poke|p2|Iron Hands, L50|\n|poke|p2|Iron Bundle, L50|\n|teampreview|4\nL10n Escanor has agreed to open team sheets.\n|inactive|Battle timer is ON: inactive players will automatically lose when time's up. (requested by fuhteng)\n|inactive|L10n Escanor has 60 seconds left.\n|\n|t:|1701053992\n|start\n|switch|p1a: Amoonguss|Amoonguss, L50, F, shiny|100\/100\n|switch|p1b: Iron Hands|Iron Hands, L50, shiny|100\/100\n|switch|p2a: Iron Hands|Iron Hands, L50|100\/100\n|switch|p2b: Urshifu|Urshifu-Rapid-Strike, L50, M|100\/100\n|turn|1\n|inactive|L10n Escanor has 30 seconds left.\n|inactive|fuhteng has 30 seconds left.\n|inactive|L10n Escanor has 20 seconds left.\n|\n|t:|1701054028\n|move|p2b: Urshifu|Protect|p2b: Urshifu\n|-singleturn|p2b: Urshifu|Protect\n|move|p1b: Iron Hands|Fake Out|p2b: Urshifu\n|-activate|p2b: Urshifu|move: Protect\n|move|p2a: Iron Hands|Fake Out|p1a: Amoonguss\n|-damage|p1a: Amoonguss|88\/100\n|cant|p1a: Amoonguss|flinch\n|\n|upkeep\n|turn|2\n|\n|t:|1701054052\n|switch|p2b: Abomasnow|Abomasnow, L50, M|100\/100\n|-weather|Snow|[from] ability: Snow Warning|[of] p2b: Abomasnow\n|-end|p2a: Iron Hands|Quark Drive|[silent]\n|switch|p2a: Cetitan|Cetitan, L50, M|100\/100\n|move|p1b: Iron Hands|Thunder Punch|p2b: Abomasnow\n|-resisted|p2b: Abomasnow\n|-damage|p2b: Abomasnow|87\/100\n|move|p1a: Amoonguss|Spore|p2b: Abomasnow\n|-immune|p2b: Abomasnow\n|\n|-weather|Snow|[upkeep]\n|upkeep\n|turn|3\n|inactive|L10n Escanor has 30 seconds left.\n|inactive|fuhteng has 30 seconds left.\n|inactive|L10n Escanor has 20 seconds left.\n|inactive|L10n Escanor has 15 seconds left.\n|inactive|L10n Escanor has 10 seconds left.\n|inactive|L10n Escanor has 5 seconds left.\n|\n|t:|1701054106\n|-terastallize|p1a: Amoonguss|Water\n|move|p2a: Cetitan|Belly Drum|p2a: Cetitan\n|-damage|p2a: Cetitan|50\/100\n|-setboost|p2a: Cetitan|atk|6|[from] move: Belly Drum\n|-enditem|p2a: Cetitan|Sitrus Berry|[eat]\n|-heal|p2a: Cetitan|75\/100|[from] item: Sitrus Berry\n|move|p1b: Iron Hands|Drain Punch|p2b: Abomasnow\n|-supereffective|p2b: Abomasnow\n|-damage|p2b: Abomasnow|28\/100\n|move|p2b: Abomasnow|Aurora Veil|p2b: Abomasnow\n|-sidestart|p2: fuhteng|move: Aurora Veil\n|move|p1a: Amoonguss|Spore|p2a: Cetitan\n|-status|p2a: Cetitan|slp|[from] move: Spore\n|\n|-weather|Snow|[upkeep]\n|upkeep\n|turn|4\n|inactive|L10n Escanor has 30 seconds left.\n|inactive|L10n Escanor has 20 seconds left.\n|inactive|L10n Escanor has 15 seconds left.\n|\n|t:|1701054147\n|switch|p2b: Iron Hands|Iron Hands, L50|100\/100\n|cant|p2a: Cetitan|slp\n|move|p1b: Iron Hands|Drain Punch|p2b: Iron Hands\n|-damage|p2b: Iron Hands|83\/100\n|move|p1a: Amoonguss|Pollen Puff|p2b: Iron Hands\n|-resisted|p2b: Iron Hands\n|-damage|p2b: Iron Hands|80\/100\n|\n|-weather|Snow|[upkeep]\n|upkeep\n|turn|5\n|inactive|L10n Escanor has 30 seconds left.\n|inactive|fuhteng has 30 seconds left.\n|inactive|L10n Escanor has 20 seconds left.\n|\n|t:|1701054182\n|switch|p1a: Flutter Mane|Flutter Mane, L50|100\/100\n|-enditem|p1a: Flutter Mane|Booster Energy\n|-activate|p1a: Flutter Mane|ability: Protosynthesis|[fromitem]\n|-start|p1a: Flutter Mane|protosynthesisspa\n|move|p2b: Iron Hands|Fake Out|p1a: Flutter Mane\n|-immune|p1a: Flutter Mane\n|cant|p2a: Cetitan|slp\n|move|p1b: Iron Hands|Drain Punch|p2a: Cetitan\n|-supereffective|p2a: Cetitan\n|-damage|p2a: Cetitan|42\/100 slp\n|\n|-weather|Snow|[upkeep]\n|upkeep\n|turn|6\n|\n|t:|1701054206\n|-terastallize|p2b: Iron Hands|Fairy\n|cant|p2a: Cetitan|slp\n|move|p1a: Flutter Mane|Moonblast|p2b: Iron Hands\n|-damage|p2b: Iron Hands|54\/100\n|-unboost|p2b: Iron Hands|spa|1\n|move|p1b: Iron Hands|Drain Punch|p2a: Cetitan\n|-supereffective|p2a: Cetitan\n|-damage|p2a: Cetitan|7\/100 slp\n|move|p2b: Iron Hands|Heavy Slam|p1a: Flutter Mane\n|-supereffective|p1a: Flutter Mane\n|-damage|p1a: Flutter Mane|0 fnt\n|faint|p1a: Flutter Mane\n|-end|p1a: Flutter Mane|Protosynthesis|[silent]\n|\n|-weather|none\n|upkeep\n|\n|t:|1701054230\n|switch|p1a: Amoonguss|Amoonguss, L50, F, shiny, tera:Water|100\/100\n|turn|7\n|inactive|L10n Escanor has 30 seconds left.\n|inactive|L10n Escanor has 20 seconds left.\n|inactive|L10n Escanor has 15 seconds left.\n|inactive|L10n Escanor has 10 seconds left.\n|\n|t:|1701054276\n|-curestatus|p2a: Cetitan|slp|[msg]\n|move|p2a: Cetitan|Ice Shard|p1b: Iron Hands\n|-damage|p1b: Iron Hands|44\/100\n|move|p1b: Iron Hands|Drain Punch|p2a: Cetitan\n|-supereffective|p2a: Cetitan\n|-crit|p2a: Cetitan\n|-damage|p2a: Cetitan|0 fnt\n|-heal|p1b: Iron Hands|47\/100|[from] drain|[of] p2a: Cetitan\n|faint|p2a: Cetitan\n|move|p2b: Iron Hands|Wild Charge|p1a: Amoonguss\n|-supereffective|p1a: Amoonguss\n|-damage|p1a: Amoonguss|18\/100\n|-enditem|p1a: Amoonguss|Sitrus Berry|[eat]\n|-heal|p1a: Amoonguss|43\/100|[from] item: Sitrus Berry\n|-damage|p2b: Iron Hands|36\/100|[from] Recoil\n|move|p1a: Amoonguss|Spore|p2b: Iron Hands\n|-status|p2b: Iron Hands|slp|[from] move: Spore\n|\n|-sideend|p2: fuhteng|move: Aurora Veil\n|upkeep\n|\n|t:|1701054297\n|switch|p2a: Abomasnow|Abomasnow, L50, M|28\/100\n|-weather|Snow|[from] ability: Snow Warning|[of] p2a: Abomasnow\n|turn|8\n|inactive|L10n Escanor has 30 seconds left.\n|\n|t:|1701054326\n|-end|p2b: Iron Hands|Quark Drive|[silent]\n|switch|p2b: Urshifu|Urshifu-Rapid-Strike, L50, M|100\/100\n|move|p1b: Iron Hands|Drain Punch|p2a: Abomasnow\n|-supereffective|p2a: Abomasnow\n|-damage|p2a: Abomasnow|0 fnt\n|-heal|p1b: Iron Hands|57\/100|[from] drain|[of] p2a: Abomasnow\n|faint|p2a: Abomasnow\n|move|p1a: Amoonguss|Giga Drain|p2b: Urshifu\n|-supereffective|p2b: Urshifu\n|-damage|p2b: Urshifu|35\/100\n|-heal|p1a: Amoonguss|69\/100|[from] drain|[of] p2b: Urshifu\n|\n|-weather|Snow|[upkeep]\n|upkeep\n|\n|t:|1701054337\n|switch|p2a: Iron Hands|Iron Hands, L50, tera:Fairy|36\/100 slp\n|turn|9\n|inactive|L10n Escanor has 30 seconds left.\n|\n|t:|1701054366\n|cant|p2a: Iron Hands|slp\n|move|p2b: Urshifu|Surging Strikes|p1b: Iron Hands\n|-crit|p1b: Iron Hands\n|-damage|p1b: Iron Hands|40\/100\n|-crit|p1b: Iron Hands\n|-damage|p1b: Iron Hands|25\/100\n|-crit|p1b: Iron Hands\n|-damage|p1b: Iron Hands|9\/100\n|-hitcount|p1b: Iron Hands|3\n|move|p1b: Iron Hands|Drain Punch|p2a: Iron Hands\n|-resisted|p2a: Iron Hands\n|-damage|p2a: Iron Hands|22\/100 slp\n|-heal|p1b: Iron Hands|16\/100|[from] drain|[of] p2a: Iron Hands\n|move|p1a: Amoonguss|Giga Drain|p2a: Iron Hands\n|-damage|p2a: Iron Hands|10\/100 slp\n|-heal|p1a: Amoonguss|76\/100|[from] drain|[of] p2a: Iron Hands\n|\n|-weather|Snow|[upkeep]\n|upkeep\n|turn|10\n|inactive|L10n Escanor has 30 seconds left.\n|\n|t:|1701054396\n|-end|p1b: Iron Hands|Quark Drive|[silent]\n|switch|p1b: Urshifu|Urshifu-Rapid-Strike, L50, F|100\/100\n|move|p2b: Urshifu|Surging Strikes|p1b: Urshifu\n|-resisted|p1b: Urshifu\n|-crit|p1b: Urshifu\n|-damage|p1b: Urshifu|89\/100\n|-resisted|p1b: Urshifu\n|-crit|p1b: Urshifu\n|-damage|p1b: Urshifu|79\/100\n|-resisted|p1b: Urshifu\n|-crit|p1b: Urshifu\n|-damage|p1b: Urshifu|68\/100\n|-hitcount|p1b: Urshifu|3\n|cant|p2a: Iron Hands|slp\n|move|p1a: Amoonguss|Giga Drain|p2a: Iron Hands\n|-damage|p2a: Iron Hands|0 fnt\n|-heal|p1a: Amoonguss|81\/100|[from] drain|[of] p2a: Iron Hands\n|faint|p2a: Iron Hands\n|-end|p2a: Iron Hands|Quark Drive|[silent]\n|\n|-weather|Snow|[upkeep]\n|upkeep\n|turn|11\n|c|\u2606fuhteng|good lord you suck\n|-message|fuhteng forfeited.\n|\n|win|L10n Escanor\n|raw|L10n Escanor's rating: 1215 &rarr; <strong>1244<\/strong><br \/>(+29 for winning)\n|raw|fuhteng's rating: 1267 &rarr; <strong>1238<\/strong><br \/>(-29 for losing)\n|l|\u2606fuhteng\n","uploadtime":1701054421,"views":12,"p1id":"l10nescanor","p2id":"fuhteng","formatid":"gen9vgc2023regulatione","rating":1238,"private":0,"password":""}