{"id":"gen9vgc2023regulatione-1989402985","p1":"Daniel1018","p2":"Reversery","format":"[Gen 9] VGC 2023 Regulation E","log":"|j|\u2606Daniel1018\n|j|\u2606Reversery\n|n|\u2606Daniel1018|daniel1018\n|n|\u2606Reversery|reversery\n|html|View the match progress at <a href=\"\/game-bestof3-gen9vgc2023regulatione-1989396328\">game-bestof3-gen9vgc2023regulatione-1989396328<\/a>\n|t:|1699845749\n|gametype|doubles\n|player|p1|Daniel1018|volo-ginkgo|\n|player|p2|Reversery|dawn-gen4pt|\n|teamsize|p1|6\n|teamsize|p2|6\n|gen|9\n|tier|[Gen 9] VGC 2023 Regulation E\n|rule|Species Clause: Limit one of each Pok\u00e9mon\n|rule|Item Clause: Limit one of each item\n|clearpoke\n|poke|p1|Ursaluna-Bloodmoon, L50, M|\n|poke|p1|Cresselia, L50, F|\n|poke|p1|Ting-Lu, L50|\n|poke|p1|Rabsca, L50, M|\n|poke|p1|Glastrier, L50|\n|poke|p1|Iron Hands, L50|\n|poke|p2|Rillaboom, L50, M|\n|poke|p2|Heatran, L50, M|\n|poke|p2|Clefairy, L50, F|\n|poke|p2|Eiscue, L50, M|\n|poke|p2|Oranguru, L50, F|\n|poke|p2|Weezing-Galar, L50, M|\n|teampreview|4\n|inactive|Battle timer is ON: inactive players will automatically lose when time's up. (requested by Daniel1018)\nDaniel1018 rejected open team sheets.\n|j| SCRUMPTIOUSBREAD\n|j| cygnusx1018\n|inactive|Daniel1018 has 60 seconds left.\n|\n|t:|1699845791\n|start\n|switch|p1a: Artemis|Cresselia, L50, F, shiny|100\/100\n|switch|p1b: Zeus|Iron Hands, L50|100\/100\n|switch|p2a: Club Penguin|Eiscue, L50, M|100\/100\n|switch|p2b: Pillow|Clefairy, L50, F|100\/100\n|turn|1\n|inactive|Reversery has 30 seconds left.\n|\n|t:|1699845826\n|move|p1b: Zeus|Fake Out|p2a: Club Penguin\n|-activate|p2a: Club Penguin|ability: Ice Face\n|-damage|p2a: Club Penguin|100\/100\n|detailschange|p2a: Club Penguin|Eiscue-Noice, L50, M\n|move|p2b: Pillow|Follow Me|p2b: Pillow\n|-singleturn|p2b: Pillow|move: Follow Me\n|cant|p2a: Club Penguin|flinch\n|move|p1a: Artemis|Trick Room|p1a: Artemis\n|-fieldstart|move: Trick Room|[of] p1a: Artemis\n|\n|upkeep\n|turn|2\n|inactive|Reversery has 30 seconds left.\n|inactive|Reversery has 20 seconds left.\n|\n|t:|1699845861\n|switch|p2a: Ding Dong|Rillaboom, L50, M|100\/100\n|-fieldstart|move: Grassy Terrain|[from] ability: Grassy Surge|[of] p2a: Ding Dong\n|move|p2b: Pillow|Protect|p2b: Pillow\n|-singleturn|p2b: Pillow|Protect\n|move|p1b: Zeus|Heavy Slam|p2a: Ding Dong\n|-damage|p2a: Ding Dong|66\/100\n|move|p1a: Artemis|Dazzling Gleam|p2a: Ding Dong|[spread] p2a\n|-activate|p2b: Pillow|move: Protect\n|-crit|p2a: Ding Dong\n|-damage|p2a: Ding Dong|42\/100\n|\n|-heal|p2a: Ding Dong|48\/100|[from] Grassy Terrain\n|upkeep\n|turn|3\n|inactive|Reversery has 30 seconds left.\n|\n|t:|1699845891\n|move|p2b: Pillow|Helping Hand|p2a: Ding Dong\n|-singleturn|p2a: Ding Dong|Helping Hand|[of] p2b: Pillow\n|move|p1b: Zeus|Heavy Slam|p2b: Pillow\n|-supereffective|p2b: Pillow\n|-damage|p2b: Pillow|12\/100\n|move|p1a: Artemis|Psyshock|p2a: Ding Dong\n|-damage|p2a: Ding Dong|20\/100\n|move|p2a: Ding Dong|U-turn|p1a: Artemis\n|-supereffective|p1a: Artemis\n|-damage|p1a: Artemis|13\/100\n|-damage|p2a: Ding Dong|3\/100|[from] item: Rocky Helmet|[of] p1a: Artemis\n|\n|t:|1699845902\n|switch|p2a: Cool But Not|Heatran, L50, M|100\/100|[from] U-turn\n|\n|-heal|p2b: Pillow|19\/100|[from] Grassy Terrain\n|upkeep\n|turn|4\n|j| supercal8003\n|inactive|Daniel1018 has 30 seconds left.\n|\n|t:|1699845930\n|move|p2b: Pillow|Protect|p2b: Pillow\n|-singleturn|p2b: Pillow|Protect\n|move|p1b: Zeus|Wild Charge|p2a: Cool But Not\n|-damage|p2a: Cool But Not|64\/100\n|-damage|p1b: Zeus|95\/100|[from] Recoil\n|move|p1a: Artemis|Lunar Blessing|p1a: Artemis|[spread] p1a,p1b\n|-heal|p1a: Artemis|38\/100\n|-heal|p1b: Zeus|100\/100\n|move|p2a: Cool But Not|Heat Wave|p1b: Zeus|[spread] p1a\n|-miss|p2a: Cool But Not|p1b: Zeus\n|-damage|p1a: Artemis|10\/100\n|\n|-heal|p2b: Pillow|25\/100|[from] Grassy Terrain\n|-heal|p2a: Cool But Not|70\/100|[from] Grassy Terrain\n|upkeep\n|turn|5\n|inactive|Daniel1018 has 30 seconds left.\n|\n|t:|1699845960\n|move|p2b: Pillow|Helping Hand|p2a: Cool But Not\n|-singleturn|p2a: Cool But Not|Helping Hand|[of] p2b: Pillow\n|move|p1b: Zeus|Wild Charge|p2a: Cool But Not\n|-damage|p2a: Cool But Not|33\/100\n|-damage|p1b: Zeus|95\/100|[from] Recoil\n|move|p1a: Artemis|Dazzling Gleam|p2b: Pillow|[spread] p2a,p2b\n|-resisted|p2a: Cool But Not\n|-damage|p2a: Cool But Not|31\/100\n|-damage|p2b: Pillow|11\/100\n|move|p2a: Cool But Not|Heat Wave|p1b: Zeus|[spread] p1a,p1b\n|-crit|p1b: Zeus\n|-damage|p1a: Artemis|0 fnt\n|-damage|p1b: Zeus|34\/100\n|faint|p1a: Artemis\n|\n|-heal|p2b: Pillow|17\/100|[from] Grassy Terrain\n|-heal|p1b: Zeus|40\/100|[from] Grassy Terrain\n|-heal|p2a: Cool But Not|37\/100|[from] Grassy Terrain\n|-fieldend|move: Trick Room\n|upkeep\n|c|\u2606Daniel1018|i have a mythical naming theme\n|inactive|Daniel1018 has 30 seconds left.\n|\n|t:|1699845986\n|switch|p1a: Slepnir|Glastrier, L50|100\/100\n|turn|6\n|inactive|Daniel1018 has 30 seconds left.\n|inactive|Reversery has 30 seconds left.\n|inactive|Daniel1018 has 20 seconds left.\n|inactive|Daniel1018 has 15 seconds left.\n|inactive|Daniel1018 has 10 seconds left.\n|\n|t:|1699846034\n|-terastallize|p1a: Slepnir|Fighting\n|move|p2b: Pillow|Follow Me|p2b: Pillow\n|-singleturn|p2b: Pillow|move: Follow Me\n|move|p2a: Cool But Not|Heat Wave|p1a: Slepnir|[spread] p1a,p1b\n|-crit|p1a: Slepnir\n|-damage|p1a: Slepnir|48\/100\n|-damage|p1b: Zeus|13\/100\n|move|p1b: Zeus|Wild Charge|p2b: Pillow\n|-damage|p2b: Pillow|0 fnt\n|faint|p2b: Pillow\n|-damage|p1b: Zeus|10\/100|[from] Recoil\n|move|p1a: Slepnir|Body Press|p2a: Cool But Not\n|-supereffective|p2a: Cool But Not\n|-damage|p2a: Cool But Not|0 fnt\n|faint|p2a: Cool But Not\n|-ability|p1a: Slepnir|Chilling Neigh|boost\n|-boost|p1a: Slepnir|atk|1\n|-damage|p1a: Slepnir|38\/100|[from] item: Life Orb\n|\n|-heal|p1b: Zeus|17\/100|[from] Grassy Terrain\n|-heal|p1a: Slepnir|44\/100|[from] Grassy Terrain\n|-fieldend|move: Grassy Terrain\n|upkeep\n|\n|t:|1699846054\n|switch|p2a: Ding Dong|Rillaboom, L50, M|3\/100\n|switch|p2b: Club Penguin|Eiscue-Noice, L50, M|100\/100\n|-fieldstart|move: Grassy Terrain|[from] ability: Grassy Surge|[of] p2a: Ding Dong\n|turn|7\n|inactive|Reversery has 30 seconds left.\n|\n|t:|1699846086\n|-end|p1b: Zeus|Quark Drive|[silent]\n|switch|p1b: Khepri|Rabsca, L50, M|100\/100\n|-terastallize|p2b: Club Penguin|Ground\n|move|p2a: Ding Dong|Grassy Glide|p1b: Khepri\n|-resisted|p1b: Khepri\n|-damage|p1b: Khepri|70\/100\n|move|p2b: Club Penguin|Ice Spinner|p1a: Slepnir\n|-damage|p1a: Slepnir|22\/100\n|-fieldend|move: Grassy Terrain\n|move|p1a: Slepnir|Body Press|p2b: Club Penguin\n|-damage|p2b: Club Penguin|32\/100\n|-enditem|p2b: Club Penguin|Sitrus Berry|[eat]\n|-heal|p2b: Club Penguin|57\/100|[from] item: Sitrus Berry\n|-damage|p1a: Slepnir|13\/100|[from] item: Life Orb\n|\n|upkeep\n|turn|8\n|inactive|Daniel1018 has 30 seconds left.\n|inactive|Daniel1018 has 20 seconds left.\n|inactive|Daniel1018 has 15 seconds left.\n|inactive|Daniel1018 has 10 seconds left.\n|inactive|Daniel1018 has 5 seconds left.\n|\n|t:|1699846138\n|move|p2b: Club Penguin|Ice Spinner|p1b: Khepri\n|-damage|p1b: Khepri|33\/100\n|move|p2a: Ding Dong|Grassy Glide|p1a: Slepnir\n|-damage|p1a: Slepnir|0 fnt\n|faint|p1a: Slepnir\n|move|p1b: Khepri|Trick Room|p1b: Khepri\n|-fieldstart|move: Trick Room|[of] p1b: Khepri\n|\n|upkeep\n|\n|t:|1699846146\n|switch|p1a: Zeus|Iron Hands, L50|17\/100\n|turn|9\n|inactiveoff|Battle timer is now OFF.\n|\n|t:|1699846171\n|move|p1a: Zeus|Fake Out|p2a: Ding Dong\n|-damage|p2a: Ding Dong|0 fnt\n|faint|p2a: Ding Dong\n|move|p1b: Khepri|Revival Blessing|p1b: Khepri\n|\n|t:|1699846179\n|-heal|p1: Slepnir|50\/100|[from] move: Revival Blessing\n|move|p2b: Club Penguin|Ice Spinner|p1b: Khepri\n|-damage|p1b: Khepri|0 fnt\n|faint|p1b: Khepri\n|\n|upkeep\n|\n|t:|1699846183\n|switch|p1b: Slepnir|Glastrier, L50|50\/100\n|turn|10\n|\n|t:|1699846197\n|move|p1b: Slepnir|Icicle Crash|p2b: Club Penguin\n|-supereffective|p2b: Club Penguin\n|-crit|p2b: Club Penguin\n|-damage|p2b: Club Penguin|0 fnt\n|faint|p2b: Club Penguin\n|-damage|p1b: Slepnir|41\/100|[from] item: Life Orb\n|\n|win|Daniel1018\n|c|\u2606Daniel1018|gg\n|c|\u2606Reversery|gg\n","uploadtime":1699846217,"views":45,"p1id":"daniel1018","p2id":"reversery","formatid":"gen9vgc2023regulatione","rating":0,"private":0,"password":""}