{"id":"gen9vgc2023regulatione-1993279966","p1":"plokkk","p2":"gan112","format":"[Gen 9] VGC 2023 Regulation E","log":"|j|\u2606plokkk\n|j|\u2606gan112\n|t:|1700289336\n|gametype|doubles\n|player|p1|plokkk|170|1166\n|player|p2|gan112|169|1172\n|teamsize|p1|6\n|teamsize|p2|6\n|gen|9\n|tier|[Gen 9] VGC 2023 Regulation E\n|rated|\n|rule|Species Clause: Limit one of each Pok\u00e9mon\n|rule|Item Clause: Limit one of each item\n|clearpoke\n|poke|p1|Wyrdeer, L50, F|\n|poke|p1|Ogerpon, L50, F|\n|poke|p1|Milotic, L50, F|\n|poke|p1|Flamigo, L50, F|\n|poke|p1|Okidogi, L50, M|\n|poke|p1|Ninetales-Alola, L50, F|\n|poke|p2|Landorus, L50, M|\n|poke|p2|Pelipper, L50, M|\n|poke|p2|Urshifu-*, L50, M|\n|poke|p2|Gholdengo, L50|\n|poke|p2|Amoonguss, L50, M|\n|poke|p2|Pachirisu, L50, F|\n|teampreview|4\n|\n|t:|1700289407\n|start\n|switch|p1a: Wyrdeer|Wyrdeer, L50, F|100\/100\n|switch|p1b: Ogerpon|Ogerpon, L50, F|100\/100\n|switch|p2a: Gholdengo|Gholdengo, L50|100\/100\n|switch|p2b: Amoonguss|Amoonguss, L50, M|100\/100\n|-ability|p1a: Wyrdeer|Intimidate|boost\n|-unboost|p2a: Gholdengo|atk|1\n|-unboost|p2b: Amoonguss|atk|1\n|turn|1\n|\n|t:|1700289422\n|move|p1b: Ogerpon|Spiky Shield|p1b: Ogerpon\n|-singleturn|p1b: Ogerpon|move: Protect\n|move|p2b: Amoonguss|Protect|p2b: Amoonguss\n|-singleturn|p2b: Amoonguss|Protect\n|move|p2a: Gholdengo|Nasty Plot|p2a: Gholdengo\n|-boost|p2a: Gholdengo|spa|2\n|move|p1a: Wyrdeer|Skill Swap|p2b: Amoonguss\n|-activate|p2b: Amoonguss|move: Protect\n|\n|upkeep\n|turn|2\n|\n|t:|1700289441\n|switch|p2b: Pelipper|Pelipper, L50, M|100\/100\n|-weather|RainDance|[from] ability: Drizzle|[of] p2b: Pelipper\n|move|p1b: Ogerpon|Stomping Tantrum|p2a: Gholdengo\n|-supereffective|p2a: Gholdengo\n|-damage|p2a: Gholdengo|47\/100\n|-damage|p1b: Ogerpon|91\/100|[from] item: Life Orb\n|move|p2a: Gholdengo|Make It Rain|p1b: Ogerpon|[spread] p1a,p1b\n|-damage|p1a: Wyrdeer|18\/100\n|-damage|p1b: Ogerpon|0 fnt\n|-unboost|p2a: Gholdengo|spa|1\n|faint|p1b: Ogerpon\n|move|p1a: Wyrdeer|Skill Swap|p2b: Pelipper\n|-activate|p1a: Wyrdeer|move: Skill Swap|Drizzle|Intimidate|[of] p2b: Pelipper\n|-ability|p2b: Pelipper|Intimidate|boost\n|-unboost|p1a: Wyrdeer|atk|1\n|\n|-weather|RainDance|[upkeep]\n|-heal|p2a: Gholdengo|53\/100|[from] item: Leftovers\n|upkeep\n|\n|t:|1700289453\n|switch|p1b: Ninetales|Ninetales-Alola, L50, F|100\/100\n|-weather|Snow|[from] ability: Snow Warning|[of] p1b: Ninetales\n|turn|3\n|\n|t:|1700289479\n|switch|p2b: Amoonguss|Amoonguss, L50, M|100\/100\n|move|p1b: Ninetales|Blizzard|p2a: Gholdengo|[spread] p2a,p2b\n|-resisted|p2a: Gholdengo\n|-supereffective|p2b: Amoonguss\n|-damage|p2a: Gholdengo|39\/100\n|-damage|p2b: Amoonguss|46\/100\n|move|p2a: Gholdengo|Make It Rain|p1a: Wyrdeer|[spread] p1a,p1b\n|-supereffective|p1b: Ninetales\n|-damage|p1a: Wyrdeer|0 fnt\n|-damage|p1b: Ninetales|0 fnt\n|-unboost|p2a: Gholdengo|spa|1\n|faint|p1a: Wyrdeer\n|faint|p1b: Ninetales\n|\n|-weather|Snow|[upkeep]\n|-heal|p2a: Gholdengo|46\/100|[from] item: Leftovers\n|upkeep\n|\n|t:|1700289492\n|switch|p1a: Flamigo|Flamigo, L50, F|100\/100\n|turn|4\n|\n|t:|1700289499\n|-terastallize|p1a: Flamigo|Flying\n|move|p2b: Amoonguss|Rage Powder|p2b: Amoonguss\n|-singleturn|p2b: Amoonguss|move: Rage Powder\n|move|p1a: Flamigo|Brave Bird|p2b: Amoonguss\n|-supereffective|p2b: Amoonguss\n|-crit|p2b: Amoonguss\n|-damage|p2b: Amoonguss|0 fnt\n|-damage|p1a: Flamigo|84\/100|[from] item: Rocky Helmet|[of] p2b: Amoonguss\n|faint|p2b: Amoonguss\n|-damage|p1a: Flamigo|63\/100|[from] Recoil\n|move|p2a: Gholdengo|Nasty Plot|p2a: Gholdengo\n|-boost|p2a: Gholdengo|spa|2\n|\n|-weather|Snow|[upkeep]\n|-heal|p2a: Gholdengo|52\/100|[from] item: Leftovers\n|upkeep\n|\n|t:|1700289514\n|switch|p2b: Pelipper|Pelipper, L50, M|100\/100\n|-weather|RainDance|[from] ability: Drizzle|[of] p2b: Pelipper\n|turn|5\n|\n|t:|1700289525\n|move|p2a: Gholdengo|Protect|p2a: Gholdengo\n|-singleturn|p2a: Gholdengo|Protect\n|move|p1a: Flamigo|Brave Bird|p2a: Gholdengo\n|-activate|p2a: Gholdengo|move: Protect\n|move|p2b: Pelipper|Weather Ball|p1a: Flamigo\n|-damage|p1a: Flamigo|0 fnt\n|faint|p1a: Flamigo\n|\n|win|gan112\n|raw|plokkk's rating: 1166 &rarr; <strong>1141<\/strong><br \/>(-25 for losing)\n|raw|gan112's rating: 1172 &rarr; <strong>1197<\/strong><br \/>(+25 for winning)\n","uploadtime":1700289528,"views":7,"p1id":"plokkk","p2id":"gan112","formatid":"gen9vgc2023regulatione","rating":1141,"private":0,"password":""}