{"id":"gen9vgc2023regulatione-1999066852","p1":"ogrepog","p2":"Thugdrio","format":"[Gen 9] VGC 2023 Regulation E","log":"|j|\u2606ogrepog\n|j|\u2606Thugdrio\n|t:|1701029606\n|gametype|doubles\n|player|p1|ogrepog|cheren-gen5bw2|1239\n|player|p2|Thugdrio|marshal|1262\n|teamsize|p1|6\n|teamsize|p2|6\n|gen|9\n|tier|[Gen 9] VGC 2023 Regulation E\n|rated|\n|rule|Species Clause: Limit one of each Pok\u00e9mon\n|rule|Item Clause: Limit one of each item\n|clearpoke\n|poke|p1|Staraptor, L50, M|\n|poke|p1|Oranguru, L50, F|\n|poke|p1|Ursaluna-Bloodmoon, L50, M|\n|poke|p1|Maushold-Four, L50|\n|poke|p1|Dragonite, L50, M|\n|poke|p1|Tauros, L50, M|\n|poke|p2|Torkoal, L50, M|\n|poke|p2|Grimmsnarl, L50, M|\n|poke|p2|Oranguru, L50, M|\n|poke|p2|Hatterene, L50, F|\n|poke|p2|Staraptor, L50, F|\n|poke|p2|Ursaluna-Bloodmoon, L50, M|\n|teampreview|4\nogrepog has agreed to open team sheets.\n|c|\u2606Thugdrio|U must've seen my work before. Im humbled\n|c|\u2606ogrepog|ive seen a few people use TR normal boys, as a normal enjoyer i wanted to go all in LOL\n|\n|t:|1701029706\n|start\n|switch|p1a: Tauros|Tauros, L50, M|100\/100\n|switch|p1b: BeegBoi|Dragonite, L50, M|100\/100\n|switch|p2a: Grimmsnarl|Grimmsnarl, L50, M|100\/100\n|switch|p2b: Oranguru|Oranguru, L50, M|100\/100\n|-ability|p1a: Tauros|Intimidate|boost\n|-unboost|p2a: Grimmsnarl|atk|1\n|-fail|p2b: Oranguru|unboost|Attack|[from] ability: Inner Focus|[of] p2b: Oranguru\n|turn|1\n|c|\u2606Thugdrio|I just got back from winning a few locals with this team. It's pretty against the current meta you see. It's nice to see a different team no matter if I win or lose\n|\n|t:|1701029734\n|move|p2a: Grimmsnarl|Fake Out|p1b: BeegBoi\n|-damage|p1b: BeegBoi|93\/100\n|move|p1a: Tauros|Iron Head|p2a: Grimmsnarl\n|-supereffective|p2a: Grimmsnarl\n|-damage|p2a: Grimmsnarl|47\/100\n|-enditem|p2a: Grimmsnarl|Red Card|[of] p1a: Tauros\n|drag|p1a: Titan|Ursaluna-Bloodmoon, L50, M|100\/100\n|move|p1b: BeegBoi|Iron Head|p2a: Grimmsnarl\n|-supereffective|p2a: Grimmsnarl\n|-damage|p2a: Grimmsnarl|0 fnt\n|faint|p2a: Grimmsnarl\n|move|p2b: Oranguru|Trick Room|p2b: Oranguru\n|-fieldstart|move: Trick Room|[of] p2b: Oranguru\n|\n|upkeep\n|c|\u2606ogrepog|fire\n|\n|t:|1701029745\n|switch|p2a: Torkoal|Torkoal, L50, M|100\/100\n|-weather|SunnyDay|[from] ability: Drought|[of] p2a: Torkoal\n|turn|2\n|\n|t:|1701029760\n|switch|p1b: Maushold|Maushold-Four, L50|100\/100\n|-terastallize|p2a: Torkoal|Fire\n|-terastallize|p1a: Titan|Normal\n|move|p2a: Torkoal|Eruption|p1b: Maushold|[spread] p1a,p1b\n|-damage|p1a: Titan|22\/100\n|-enditem|p1b: Maushold|Focus Sash\n|-damage|p1b: Maushold|1\/100\n|move|p1a: Titan|Earth Power|p2a: Torkoal\n|-supereffective|p2a: Torkoal\n|-damage|p2a: Torkoal|0 fnt\n|faint|p2a: Torkoal\n|move|p2b: Oranguru|Instruct|p2: Torkoal|[notarget]\n|-fail|p2b: Oranguru\n|\n|-weather|SunnyDay|[upkeep]\n|upkeep\n|\n|t:|1701029771\n|switch|p2a: Staraptor|Staraptor, L50, F|100\/100\n|-ability|p2a: Staraptor|Intimidate|boost\n|-unboost|p1a: Titan|atk|1\n|-unboost|p1b: Maushold|atk|1\n|turn|3\n|\n|t:|1701029786\n|move|p1b: Maushold|Follow Me|p1b: Maushold\n|-singleturn|p1b: Maushold|move: Follow Me\n|move|p1a: Titan|Hyper Voice|p2b: Oranguru|[spread] p2a,p2b\n|-damage|p2a: Staraptor|30\/100\n|-damage|p2b: Oranguru|61\/100\n|-enditem|p1a: Titan|Throat Spray\n|-boost|p1a: Titan|spa|1|[from] item: Throat Spray\n|move|p2b: Oranguru|Foul Play|p1b: Maushold\n|-damage|p1b: Maushold|0 fnt\n|faint|p1b: Maushold\n|move|p2a: Staraptor|Close Combat|p1a: Titan\n|-supereffective|p1a: Titan\n|-damage|p1a: Titan|0 fnt\n|-unboost|p2a: Staraptor|def|1\n|-unboost|p2a: Staraptor|spd|1\n|faint|p1a: Titan\n|\n|-weather|SunnyDay|[upkeep]\n|upkeep\n|\n|t:|1701029793\n|switch|p1a: Tauros|Tauros, L50, M|100\/100\n|switch|p1b: BeegBoi|Dragonite, L50, M|93\/100\n|-ability|p1a: Tauros|Intimidate|boost\n|-unboost|p2a: Staraptor|atk|1\n|-fail|p2b: Oranguru|unboost|Attack|[from] ability: Inner Focus|[of] p2b: Oranguru\n|turn|4\n|c|\u2606Thugdrio|well\n|c|\u2606Thugdrio|thats rough\n|\n|t:|1701029803\n|move|p1b: BeegBoi|Extreme Speed|p2a: Staraptor\n|-damage|p2a: Staraptor|0 fnt\n|faint|p2a: Staraptor\n|move|p2b: Oranguru|Foul Play|p1b: BeegBoi\n|-crit|p1b: BeegBoi\n|-damage|p1b: BeegBoi|37\/100\n|move|p1a: Tauros|Raging Bull|p2b: Oranguru\n|-damage|p2b: Oranguru|22\/100\n|\n|-weather|SunnyDay|[upkeep]\n|upkeep\n|turn|5\n|c|\u2606Thugdrio|gl out there\n|-message|Thugdrio forfeited.\n|\n|win|ogrepog\n|raw|ogrepog's rating: 1239 &rarr; <strong>1266<\/strong><br \/>(+27 for winning)\n|raw|Thugdrio's rating: 1262 &rarr; <strong>1235<\/strong><br \/>(-27 for losing)\n|l|\u2606Thugdrio\n|c|\u2606ogrepog|you too homie\n","uploadtime":1701029885,"views":2,"p1id":"ogrepog","p2id":"thugdrio","formatid":"gen9vgc2023regulatione","rating":1235,"private":0,"password":""}