{"id":"gen9vgc2023regulatione-1999292340","p1":"BabaYaga_oog","p2":"BowDog!","format":"[Gen 9] VGC 2023 Regulation E","log":"|j|\u2606BabaYaga_oog\n|j|\u2606BowDog!\n|t:|1701055984\n|gametype|doubles\n|player|p1|BabaYaga_oog|170|1239\n|player|p2|BowDog!|winona|1214\n|teamsize|p1|6\n|teamsize|p2|6\n|gen|9\n|tier|[Gen 9] VGC 2023 Regulation E\n|rated|\n|rule|Species Clause: Limit one of each Pok\u00e9mon\n|rule|Item Clause: Limit one of each item\n|clearpoke\n|poke|p1|Gholdengo, L50|\n|poke|p1|Gothitelle, L50, F|\n|poke|p1|Urshifu-*, L50, F|\n|poke|p1|Ogerpon, L50, F|\n|poke|p1|Heatran, L50, F|\n|poke|p1|Landorus-Therian, L50, M|\n|poke|p2|Ninetales-Alola, L50, F|\n|poke|p2|Roaring Moon, L50|\n|poke|p2|Flutter Mane, L50|\n|poke|p2|Landorus-Therian, L50, M|\n|poke|p2|Iron Hands, L50|\n|poke|p2|Heatran, L50, F|\n|teampreview|4\n|inactive|Battle timer is ON: inactive players will automatically lose when time's up. (requested by BabaYaga_oog)\nBowDog! has agreed to open team sheets.\n|inactive|BabaYaga_oog has 60 seconds left.\n|inactive|BowDog! has 60 seconds left.\n|\n|t:|1701056042\n|start\n|switch|p1a: Gholdengo|Gholdengo, L50|100\/100\n|switch|p1b: Landorus|Landorus-Therian, L50, M|100\/100\n|switch|p2a: Ninetales|Ninetales-Alola, L50, F|100\/100\n|switch|p2b: Iron Hands|Iron Hands, L50|100\/100\n|-ability|p1b: Landorus|Intimidate|boost\n|-unboost|p2a: Ninetales|atk|1\n|-unboost|p2b: Iron Hands|atk|1\n|-weather|Snow|[from] ability: Snow Warning|[of] p2a: Ninetales\n|turn|1\n|inactive|BabaYaga_oog has 30 seconds left.\n|inactive|BowDog! has 30 seconds left.\n|inactive|BowDog! has 20 seconds left.\n|\n|t:|1701056080\n|move|p2b: Iron Hands|Fake Out|p1b: Landorus\n|-damage|p1b: Landorus|91\/100\n|move|p1a: Gholdengo|Trick|p2a: Ninetales\n|-activate|p1a: Gholdengo|move: Trick|[of] p2a: Ninetales\n|-item|p2a: Ninetales|Choice Specs|[from] move: Trick\n|-item|p1a: Gholdengo|Light Clay|[from] move: Trick\n|cant|p1b: Landorus|flinch\n|move|p2a: Ninetales|Aurora Veil|p2a: Ninetales\n|-sidestart|p2: BowDog!|move: Aurora Veil\n|\n|-weather|Snow|[upkeep]\n|upkeep\n|turn|2\n|inactive|BowDog! has 30 seconds left.\n|inactive|BowDog! has 20 seconds left.\n|inactive|BowDog! has 15 seconds left.\n|inactive|BowDog! has 10 seconds left.\n|\n|t:|1701056128\n|switch|p1b: Heatran|Heatran, L50, F|100\/100\n|switch|p2a: Landorus|Landorus-Therian, L50, M|100\/100\n|-ability|p2a: Landorus|Intimidate|boost\n|-unboost|p1a: Gholdengo|atk|1\n|-unboost|p1b: Heatran|atk|1\n|move|p1a: Gholdengo|Nasty Plot|p1a: Gholdengo\n|-boost|p1a: Gholdengo|spa|2\n|move|p2b: Iron Hands|Drain Punch|p1b: Heatran\n|-supereffective|p1b: Heatran\n|-damage|p1b: Heatran|54\/100\n|\n|-weather|Snow|[upkeep]\n|-heal|p1b: Heatran|60\/100|[from] item: Leftovers\n|upkeep\n|turn|3\n|inactive|BabaYaga_oog has 30 seconds left.\n|inactive|BowDog! has 30 seconds left.\n|inactive|BabaYaga_oog has 20 seconds left.\n|\n|t:|1701056163\n|switch|p1b: Landorus|Landorus-Therian, L50, M|91\/100\n|-ability|p1b: Landorus|Intimidate|boost\n|-unboost|p2a: Landorus|atk|1\n|-unboost|p2b: Iron Hands|atk|1\n|-end|p2b: Iron Hands|Quark Drive|[silent]\n|switch|p2b: Heatran|Heatran, L50, F|100\/100\n|-terastallize|p1a: Gholdengo|Water\n|move|p2a: Landorus|Stomping Tantrum|p1a: Gholdengo\n|-damage|p1a: Gholdengo|64\/100\n|move|p1a: Gholdengo|Make It Rain|p2b: Heatran|[spread] p2a,p2b\n|-resisted|p2b: Heatran\n|-damage|p2a: Landorus|14\/100\n|-damage|p2b: Heatran|87\/100\n|-unboost|p1a: Gholdengo|spa|1\n|\n|-weather|Snow|[upkeep]\n|-heal|p2b: Heatran|93\/100|[from] item: Leftovers\n|upkeep\n|turn|4\n|inactive|BowDog! has 30 seconds left.\n|inactive|BowDog! has 20 seconds left.\n|inactive|BowDog! has 15 seconds left.\n|inactive|BowDog! has 10 seconds left.\n|inactive|BowDog! has 5 seconds left.\n|\n|t:|1701056218\n|move|p2a: Landorus|Stomping Tantrum|p1a: Gholdengo\n|-damage|p1a: Gholdengo|28\/100\n|move|p1a: Gholdengo|Shadow Ball|p2b: Heatran\n|-damage|p2b: Heatran|57\/100\n|move|p1b: Landorus|Rock Slide|p2b: Heatran|[spread] p2a,p2b\n|-damage|p2a: Landorus|0 fnt\n|-damage|p2b: Heatran|46\/100\n|faint|p2a: Landorus\n|move|p2b: Heatran|Earth Power|p1a: Gholdengo\n|-damage|p1a: Gholdengo|0 fnt\n|faint|p1a: Gholdengo\n|\n|-weather|Snow|[upkeep]\n|-heal|p2b: Heatran|52\/100|[from] item: Leftovers\n|upkeep\n|\n|t:|1701056234\n|switch|p1a: Urshifu|Urshifu-Rapid-Strike, L50, F|100\/100\n|switch|p2a: Iron Hands|Iron Hands, L50|100\/100\n|turn|5\n|inactive|BowDog! has 30 seconds left.\n|\n|t:|1701056264\n|-terastallize|p2b: Heatran|Grass\n|move|p2a: Iron Hands|Fake Out|p1a: Urshifu\n|-damage|p1a: Urshifu|86\/100\n|cant|p1a: Urshifu|flinch\n|move|p1b: Landorus|U-turn|p2a: Iron Hands\n|-resisted|p2a: Iron Hands\n|-damage|p2a: Iron Hands|95\/100\n|\n|t:|1701056271\n|switch|p1b: Heatran|Heatran, L50, F|60\/100|[from] U-turn\n|move|p2b: Heatran|Flash Cannon|p1b: Heatran\n|-resisted|p1b: Heatran\n|-damage|p1b: Heatran|51\/100\n|\n|-weather|none\n|-heal|p2b: Heatran|57\/100|[from] item: Leftovers\n|-heal|p1b: Heatran|57\/100|[from] item: Leftovers\n|-sideend|p2: BowDog!|move: Aurora Veil\n|upkeep\n|turn|6\n|l|\u2606BabaYaga_oog\n|inactive|BabaYaga_oog disconnected and has a minute to reconnect!\n|player|p1|\n|inactive|BowDog! has 30 seconds left.\n|j|\u2606BabaYaga_oog\n|inactive|BabaYaga_oog reconnected.\n|player|p1|BabaYaga_oog|170\n|\n|t:|1701056300\n|switch|p1a: Landorus|Landorus-Therian, L50, M|91\/100\n|-ability|p1a: Landorus|Intimidate|boost\n|-unboost|p2a: Iron Hands|atk|1\n|-unboost|p2b: Heatran|atk|1\n|move|p1b: Heatran|Protect|p1b: Heatran\n|-singleturn|p1b: Heatran|Protect\n|move|p2b: Heatran|Earth Power|p1b: Heatran\n|-activate|p1b: Heatran|move: Protect\n|move|p2a: Iron Hands|Wild Charge|p1a: Landorus\n|-immune|p1a: Landorus\n|\n|-heal|p2b: Heatran|63\/100|[from] item: Leftovers\n|-heal|p1b: Heatran|63\/100|[from] item: Leftovers\n|upkeep\n|turn|7\n|inactive|BowDog! has 30 seconds left.\n|inactive|BowDog! has 20 seconds left.\n|\n|t:|1701056336\n|switch|p1b: Urshifu|Urshifu-Rapid-Strike, L50, F|86\/100\n|move|p1a: Landorus|U-turn|p2b: Heatran\n|-supereffective|p2b: Heatran\n|-damage|p2b: Heatran|17\/100\n|\n|t:|1701056343\n|switch|p1a: Heatran|Heatran, L50, F|63\/100|[from] U-turn\n|move|p2b: Heatran|Flash Cannon|p1a: Heatran\n|-resisted|p1a: Heatran\n|-damage|p1a: Heatran|54\/100\n|move|p2a: Iron Hands|Drain Punch|p1b: Urshifu\n|-damage|p1b: Urshifu|56\/100\n|-heal|p2a: Iron Hands|100\/100|[from] drain|[of] p1b: Urshifu\n|\n|-heal|p2b: Heatran|23\/100|[from] item: Leftovers\n|-heal|p1a: Heatran|60\/100|[from] item: Leftovers\n|upkeep\n|turn|8\n|inactive|BabaYaga_oog has 30 seconds left.\n|inactive|BowDog! has 30 seconds left.\n|inactive|BowDog! has 20 seconds left.\n|inactive|BowDog! has 15 seconds left.\n|inactive|BowDog! has 10 seconds left.\n|\n|t:|1701056389\n|move|p1a: Heatran|Protect|p1a: Heatran\n|-singleturn|p1a: Heatran|Protect\n|move|p1b: Urshifu|U-turn|p2a: Iron Hands\n|-resisted|p2a: Iron Hands\n|-damage|p2a: Iron Hands|92\/100\n|\n|t:|1701056395\n|switch|p1b: Landorus|Landorus-Therian, L50, M|91\/100|[from] U-turn\n|-ability|p1b: Landorus|Intimidate|boost\n|-unboost|p2a: Iron Hands|atk|1\n|-unboost|p2b: Heatran|atk|1\n|move|p2b: Heatran|Earth Power|p1a: Heatran\n|-activate|p1a: Heatran|move: Protect\n|move|p2a: Iron Hands|Drain Punch|p1b: Landorus\n|-resisted|p1b: Landorus\n|-crit|p1b: Landorus\n|-damage|p1b: Landorus|63\/100\n|-heal|p2a: Iron Hands|100\/100|[from] drain|[of] p1b: Landorus\n|\n|-heal|p2b: Heatran|29\/100|[from] item: Leftovers\n|-heal|p1a: Heatran|66\/100|[from] item: Leftovers\n|upkeep\n|turn|9\n|inactive|BabaYaga_oog has 30 seconds left.\n|inactive|BowDog! has 30 seconds left.\n|inactive|BabaYaga_oog has 20 seconds left.\n|inactive|BowDog! has 20 seconds left.\n|inactive|BabaYaga_oog has 15 seconds left.\n|\n|t:|1701056436\n|-end|p2a: Iron Hands|Quark Drive|[silent]\n|switch|p2a: Ninetales|Ninetales-Alola, L50, F|100\/100\n|-weather|Snow|[from] ability: Snow Warning|[of] p2a: Ninetales\n|move|p2b: Heatran|Protect|p2b: Heatran\n|-singleturn|p2b: Heatran|Protect\n|move|p1b: Landorus|U-turn|p2b: Heatran\n|-activate|p2b: Heatran|move: Protect\n|move|p1a: Heatran|Earth Power|p2a: Ninetales\n|-damage|p2a: Ninetales|71\/100\n|\n|-weather|Snow|[upkeep]\n|-heal|p2b: Heatran|35\/100|[from] item: Leftovers\n|-heal|p1a: Heatran|73\/100|[from] item: Leftovers\n|upkeep\n|turn|10\n|inactive|BowDog! has 30 seconds left.\n|inactive|BabaYaga_oog has 30 seconds left.\n|\n|t:|1701056471\n|switch|p1b: Urshifu|Urshifu-Rapid-Strike, L50, F|56\/100\n|move|p1a: Heatran|Protect|p1a: Heatran\n|-singleturn|p1a: Heatran|Protect\n|move|p2a: Ninetales|Aurora Veil|p2a: Ninetales\n|-sidestart|p2: BowDog!|move: Aurora Veil\n|move|p2b: Heatran|Earth Power|p1a: Heatran\n|-activate|p1a: Heatran|move: Protect\n|\n|-weather|Snow|[upkeep]\n|-heal|p2b: Heatran|41\/100|[from] item: Leftovers\n|-heal|p1a: Heatran|79\/100|[from] item: Leftovers\n|upkeep\n|turn|11\n|inactive|BowDog! has 30 seconds left.\n|inactive|BabaYaga_oog has 30 seconds left.\n|\n|t:|1701056505\n|switch|p2a: Iron Hands|Iron Hands, L50|100\/100\n|move|p1b: Urshifu|Close Combat|p2b: Heatran\n|-damage|p2b: Heatran|4\/100\n|-unboost|p1b: Urshifu|def|1\n|-unboost|p1b: Urshifu|spd|1\n|move|p2b: Heatran|Flash Cannon|p1b: Urshifu\n|-resisted|p1b: Urshifu\n|-damage|p1b: Urshifu|2\/100\n|move|p1a: Heatran|Substitute|p1a: Heatran\n|-start|p1a: Heatran|Substitute\n|-damage|p1a: Heatran|54\/100\n|\n|-weather|Snow|[upkeep]\n|-heal|p2b: Heatran|10\/100|[from] item: Leftovers\n|-heal|p1a: Heatran|60\/100|[from] item: Leftovers\n|upkeep\n|turn|12\n|inactive|BowDog! has 25 seconds left this turn.\n|inactive|BowDog! has 20 seconds left.\n|inactive|BowDog! has 15 seconds left.\n|inactive|BowDog! has 10 seconds left.\n|\n|t:|1701056524\n|switch|p1b: Landorus|Landorus-Therian, L50, M|63\/100\n|-ability|p1b: Landorus|Intimidate|boost\n|-unboost|p2a: Iron Hands|atk|1\n|-unboost|p2b: Heatran|atk|1\n|move|p1a: Heatran|Protect|p1a: Heatran\n|-singleturn|p1a: Heatran|Protect\n|move|p2a: Iron Hands|Fake Out|p1b: Landorus\n|-damage|p1b: Landorus|54\/100\n|move|p2b: Heatran|Earth Power|p1a: Heatran\n|-activate|p1a: Heatran|move: Protect\n|\n|-weather|Snow|[upkeep]\n|-heal|p2b: Heatran|16\/100|[from] item: Leftovers\n|-heal|p1a: Heatran|66\/100|[from] item: Leftovers\n|upkeep\n|turn|13\n|inactive|BowDog! has 10 seconds left this turn.\n|inactive|BowDog! has 5 seconds left.\n|-message|BowDog! lost due to inactivity.\n|\n|win|BabaYaga_oog\n|raw|BabaYaga_oog's rating: 1239 &rarr; <strong>1262<\/strong><br \/>(+23 for winning)\n|raw|BowDog!'s rating: 1214 &rarr; <strong>1191<\/strong><br \/>(-23 for losing)\n|l|\u2606BabaYaga_oog\n","uploadtime":1701056545,"views":3,"p1id":"babayagaoog","p2id":"bowdog","formatid":"gen9vgc2023regulatione","rating":1191,"private":0,"password":""}