{"id":"gen9vgc2023regulatione-1997936837","p1":"vase770","p2":"Iciclebutagainn","format":"[Gen 9] VGC 2023 Regulation E","log":"|j|\u2606vase770\n|j|\u2606Iciclebutagainn\n|t:|1700869527\n|gametype|doubles\n|player|p1|vase770|101|1158\n|player|p2|Iciclebutagainn|clown|1111\n|teamsize|p1|6\n|teamsize|p2|6\n|gen|9\n|tier|[Gen 9] VGC 2023 Regulation E\n|rated|\n|rule|Species Clause: Limit one of each Pok\u00e9mon\n|rule|Item Clause: Limit one of each item\n|clearpoke\n|poke|p1|Corviknight, L50, M|\n|poke|p1|Gastrodon, L50, F|\n|poke|p1|Rillaboom, L50, F|\n|poke|p1|Landorus-Therian, L50, M|\n|poke|p1|Roaring Moon, L50|\n|poke|p1|Sylveon, L50, F|\n|poke|p2|Iron Hands, L50|\n|poke|p2|Arcanine-Hisui, L50, F|\n|poke|p2|Urshifu-*, L50, M|\n|poke|p2|Tornadus, L50, M|\n|poke|p2|Gholdengo, L50|\n|poke|p2|Rillaboom, L50, M|\n|teampreview|4\n|inactive|Battle timer is ON: inactive players will automatically lose when time's up. (requested by Iciclebutagainn)\n|inactive|Iciclebutagainn has 60 seconds left.\n|\n|t:|1700869568\n|start\n|switch|p1a: Corviknight|Corviknight, L50, M|100\/100\n|switch|p1b: Landorus|Landorus-Therian, L50, M|100\/100\n|switch|p2a: Arcanine|Arcanine-Hisui, L50, F|100\/100\n|switch|p2b: Rillaboom|Rillaboom, L50, M|100\/100\n|-ability|p1b: Landorus|Intimidate|boost\n|-unboost|p2a: Arcanine|atk|1\n|-unboost|p2b: Rillaboom|atk|1\n|-ability|p2a: Arcanine|Intimidate|boost\n|-ability|p1a: Corviknight|Mirror Armor\n|-unboost|p2a: Arcanine|atk|1\n|-unboost|p1b: Landorus|atk|1\n|-fieldstart|move: Grassy Terrain|[from] ability: Grassy Surge|[of] p2b: Rillaboom\n|turn|1\n|inactive|vase770 has 30 seconds left.\n|inactive|Iciclebutagainn has 30 seconds left.\n|\n|t:|1700869597\n|switch|p2a: Iron Hands|Iron Hands, L50|100\/100\n|move|p2b: Rillaboom|Fake Out|p1b: Landorus\n|-damage|p1b: Landorus|90\/100\n|cant|p1b: Landorus|flinch\n|move|p1a: Corviknight|Bulk Up|p1a: Corviknight\n|-boost|p1a: Corviknight|atk|1\n|-boost|p1a: Corviknight|def|1\n|\n|upkeep\n|turn|2\n|\n|t:|1700869622\n|move|p2a: Iron Hands|Fake Out|p1a: Corviknight\n|-resisted|p1a: Corviknight\n|-damage|p1a: Corviknight|96\/100\n|move|p1b: Landorus|Stomping Tantrum|p2a: Iron Hands\n|-supereffective|p2a: Iron Hands\n|-damage|p2a: Iron Hands|11\/100\n|move|p2b: Rillaboom|Wood Hammer|p1b: Landorus\n|-damage|p1b: Landorus|22\/100\n|-damage|p2b: Rillaboom|82\/100|[from] Recoil\n|cant|p1a: Corviknight|flinch\n|\n|-heal|p2b: Rillaboom|88\/100|[from] Grassy Terrain\n|-heal|p2a: Iron Hands|17\/100|[from] Grassy Terrain\n|upkeep\n|turn|3\n|inactive|vase770 has 30 seconds left.\n|\n|t:|1700869649\n|move|p2b: Rillaboom|Grassy Glide|p1b: Landorus\n|-damage|p1b: Landorus|0 fnt\n|faint|p1b: Landorus\n|move|p1a: Corviknight|Brave Bird|p2b: Rillaboom\n|-supereffective|p2b: Rillaboom\n|-damage|p2b: Rillaboom|0 fnt\n|faint|p2b: Rillaboom\n|-damage|p1a: Corviknight|67\/100|[from] Recoil\n|move|p2a: Iron Hands|Drain Punch|p1a: Corviknight\n|-damage|p1a: Corviknight|43\/100\n|-heal|p2a: Iron Hands|27\/100|[from] drain|[of] p1a: Corviknight\n|\n|-heal|p2a: Iron Hands|33\/100|[from] Grassy Terrain\n|upkeep\n|\n|t:|1700869663\n|switch|p1b: Gastrodon|Gastrodon, L50, F|100\/100\n|switch|p2b: Arcanine|Arcanine-Hisui, L50, F|100\/100\n|-ability|p2b: Arcanine|Intimidate|boost\n|-ability|p1a: Corviknight|Mirror Armor\n|-unboost|p2b: Arcanine|atk|1\n|-unboost|p1b: Gastrodon|atk|1\n|turn|4\n|\n|t:|1700869681\n|-terastallize|p2b: Arcanine|Fairy\n|-terastallize|p1a: Corviknight|Dragon\n|move|p2b: Arcanine|Flare Blitz|p1a: Corviknight\n|-resisted|p1a: Corviknight\n|-damage|p1a: Corviknight|25\/100\n|-damage|p2b: Arcanine|94\/100|[from] Recoil\n|move|p1a: Corviknight|Roost|p1a: Corviknight\n|-heal|p1a: Corviknight|76\/100\n|move|p2a: Iron Hands|Drain Punch|p1b: Gastrodon\n|-damage|p1b: Gastrodon|54\/100\n|-heal|p2a: Iron Hands|55\/100|[from] drain|[of] p1b: Gastrodon\n|move|p1b: Gastrodon|Muddy Water|p2a: Iron Hands|[spread] p2a\n|-miss|p1b: Gastrodon|p2b: Arcanine\n|-damage|p2a: Iron Hands|38\/100\n|\n|-heal|p2b: Arcanine|99\/100|[from] Grassy Terrain\n|-heal|p1a: Corviknight|81\/100|[from] Grassy Terrain\n|-heal|p2a: Iron Hands|44\/100|[from] Grassy Terrain\n|-heal|p1b: Gastrodon|60\/100|[from] Grassy Terrain\n|-heal|p1b: Gastrodon|66\/100|[from] item: Leftovers\n|upkeep\n|turn|5\n|inactive|vase770 has 30 seconds left.\n|\n|t:|1700869710\n|switch|p2b: Gholdengo|Gholdengo, L50|100\/100\n|move|p1a: Corviknight|Iron Head|p2b: Gholdengo\n|-resisted|p2b: Gholdengo\n|-damage|p2b: Gholdengo|82\/100\n|move|p2a: Iron Hands|Drain Punch|p1b: Gastrodon\n|-damage|p1b: Gastrodon|16\/100\n|-heal|p2a: Iron Hands|67\/100|[from] drain|[of] p1b: Gastrodon\n|move|p1b: Gastrodon|Muddy Water|p2b: Gholdengo|[spread] p2a,p2b\n|-damage|p2a: Iron Hands|50\/100\n|-damage|p2b: Gholdengo|53\/100\n|\n|-heal|p2b: Gholdengo|59\/100|[from] Grassy Terrain\n|-heal|p2b: Gholdengo|66\/100|[from] item: Leftovers\n|-heal|p1a: Corviknight|87\/100|[from] Grassy Terrain\n|-heal|p2a: Iron Hands|56\/100|[from] Grassy Terrain\n|-heal|p1b: Gastrodon|22\/100|[from] Grassy Terrain\n|-heal|p1b: Gastrodon|28\/100|[from] item: Leftovers\n|-fieldend|move: Grassy Terrain\n|upkeep\n|turn|6\n|inactive|vase770 has 30 seconds left.\n|\n|t:|1700869736\n|move|p1b: Gastrodon|Protect|p1b: Gastrodon\n|-singleturn|p1b: Gastrodon|Protect\n|move|p2b: Gholdengo|Nasty Plot|p2b: Gholdengo\n|-boost|p2b: Gholdengo|spa|2\n|move|p1a: Corviknight|Brave Bird|p2a: Iron Hands\n|-damage|p2a: Iron Hands|12\/100\n|-damage|p1a: Corviknight|71\/100|[from] Recoil\n|move|p2a: Iron Hands|Drain Punch|p1b: Gastrodon\n|-activate|p1b: Gastrodon|move: Protect\n|\n|-heal|p2b: Gholdengo|72\/100|[from] item: Leftovers\n|-heal|p1b: Gastrodon|34\/100|[from] item: Leftovers\n|upkeep\n|turn|7\n|\n|t:|1700869753\n|move|p2b: Gholdengo|Make It Rain|p1b: Gastrodon|[spread] p1a,p1b\n|-resisted|p1b: Gastrodon\n|-crit|p1b: Gastrodon\n|-damage|p1a: Corviknight|0 fnt\n|-damage|p1b: Gastrodon|0 fnt\n|-unboost|p2b: Gholdengo|spa|1\n|faint|p1a: Corviknight\n|faint|p1b: Gastrodon\n|move|p2a: Iron Hands|Drain Punch|p1: Corviknight|[notarget]\n|-fail|p2a: Iron Hands\n|\n|-heal|p2b: Gholdengo|78\/100|[from] item: Leftovers\n|upkeep\n|\n|t:|1700869758\n|switch|p1b: Sylveon|Sylveon, L50, F|100\/100\n|turn|8\n|\n|t:|1700869762\n|move|p1b: Sylveon|Quick Attack|p2a: Iron Hands\n|-supereffective|p2a: Iron Hands\n|-damage|p2a: Iron Hands|0 fnt\n|faint|p2a: Iron Hands\n|-end|p2a: Iron Hands|Quark Drive|[silent]\n|move|p2b: Gholdengo|Make It Rain|p1b: Sylveon\n|-supereffective|p1b: Sylveon\n|-damage|p1b: Sylveon|0 fnt\n|-unboost|p2b: Gholdengo|spa|1\n|faint|p1b: Sylveon\n|\n|win|Iciclebutagainn\n|raw|vase770's rating: 1158 &rarr; <strong>1130<\/strong><br \/>(-28 for losing)\n|raw|Iciclebutagainn's rating: 1111 &rarr; <strong>1139<\/strong><br \/>(+28 for winning)\n|l|\u2606vase770\n","uploadtime":1700869771,"views":24,"p1id":"vase770","p2id":"iciclebutagainn","formatid":"gen9vgc2023regulatione","rating":1130,"private":0,"password":""}