{"id":"gen9vgc2023regulatione-1998992163","p1":"Tay23","p2":"CannorVGC","format":"[Gen 9] VGC 2023 Regulation E","log":"|j|\u2606Tay23\n|j|\u2606CannorVGC\n|n|\u2606Tay23|tay23\n|n|\u2606CannorVGC|cannorvgc\n|html|View the match progress at <a href=\"\/game-bestof3-gen9vgc2023regulatione-1998992162\">game-bestof3-gen9vgc2023regulatione-1998992162<\/a>\n|t:|1701021598\n|gametype|doubles\n|player|p1|Tay23|n|\n|player|p2|CannorVGC|skier|\n|teamsize|p1|6\n|teamsize|p2|6\n|gen|9\n|tier|[Gen 9] VGC 2023 Regulation E\n|rule|Species Clause: Limit one of each Pok\u00e9mon\n|rule|Item Clause: Limit one of each item\n|clearpoke\n|poke|p1|Scream Tail, L50|\n|poke|p1|Infernape, L50, M|\n|poke|p1|Thundurus-Therian, L50, M|\n|poke|p1|Mamoswine, L50, M|\n|poke|p1|Hydreigon, L50, M|\n|poke|p1|Clawitzer, L50, M|\n|poke|p2|Dondozo, L50, F|\n|poke|p2|Tatsugiri, L50, M|\n|poke|p2|Ribombee, L50, F|\n|poke|p2|Bisharp, L50, M|\n|poke|p2|Wyrdeer, L50, F|\n|poke|p2|Heracross, L50, F|\n|teampreview|4\n|c|\u2606CannorVGC|glhf!\n|c|\u2606Tay23|glhf!\n|\n|t:|1701021730\n|start\n|switch|p1a: Thundurus|Thundurus-Therian, L50, M|100\/100\n|switch|p1b: Infernape|Infernape, L50, M|100\/100\n|switch|p2a: Ribombee|Ribombee, L50, F|100\/100\n|switch|p2b: Heracross|Heracross, L50, F|100\/100\n|turn|1\n|\n|t:|1701021811\n|move|p2b: Heracross|Protect|p2b: Heracross\n|-singleturn|p2b: Heracross|Protect\n|move|p1b: Infernape|Fake Out|p2b: Heracross\n|-activate|p2b: Heracross|move: Protect\n|move|p1a: Thundurus|Sludge Bomb|p2a: Ribombee\n|-supereffective|p2a: Ribombee\n|-damage|p2a: Ribombee|0 fnt\n|faint|p2a: Ribombee\n|\n|upkeep\n|\n|t:|1701021825\n|switch|p2a: Tatsugiri|Tatsugiri, L50, M|100\/100\n|turn|2\n|\n|t:|1701021883\n|-terastallize|p2b: Heracross|Electric\n|move|p2a: Tatsugiri|Protect|p2a: Tatsugiri\n|-singleturn|p2a: Tatsugiri|Protect\n|move|p1a: Thundurus|Sludge Bomb|p2b: Heracross\n|-damage|p2b: Heracross|58\/100\n|move|p1b: Infernape|Close Combat|p2a: Tatsugiri\n|-activate|p2a: Tatsugiri|move: Protect\n|move|p2b: Heracross|Rock Blast|p1a: Thundurus\n|-supereffective|p1a: Thundurus\n|-damage|p1a: Thundurus|78\/100\n|-supereffective|p1a: Thundurus\n|-damage|p1a: Thundurus|54\/100\n|-supereffective|p1a: Thundurus\n|-damage|p1a: Thundurus|30\/100\n|-supereffective|p1a: Thundurus\n|-damage|p1a: Thundurus|5\/100\n|-hitcount|p1a: Thundurus|4\n|\n|upkeep\n|turn|3\n|\n|t:|1701021971\n|switch|p1a: Scream Tail|Scream Tail, L50|100\/100\n|-enditem|p1a: Scream Tail|Booster Energy\n|-activate|p1a: Scream Tail|ability: Protosynthesis|[fromitem]\n|-start|p1a: Scream Tail|protosynthesisspe\n|move|p1b: Infernape|Close Combat|p2a: Tatsugiri\n|-enditem|p2a: Tatsugiri|Focus Sash\n|-damage|p2a: Tatsugiri|1\/100\n|-unboost|p1b: Infernape|def|1\n|-unboost|p1b: Infernape|spd|1\n|move|p2b: Heracross|Rock Blast|p1a: Scream Tail\n|-damage|p1a: Scream Tail|94\/100\n|-damage|p1a: Scream Tail|87\/100\n|-damage|p1a: Scream Tail|81\/100\n|-damage|p1a: Scream Tail|74\/100\n|-damage|p1a: Scream Tail|68\/100\n|-hitcount|p1a: Scream Tail|5\n|move|p2a: Tatsugiri|Hydro Pump|p1b: Infernape\n|-supereffective|p1b: Infernape\n|-enditem|p1b: Infernape|Focus Sash\n|-damage|p1b: Infernape|1\/100\n|\n|upkeep\n|turn|4\n|\n|t:|1701022003\n|move|p2a: Tatsugiri|Protect|p2a: Tatsugiri\n|-singleturn|p2a: Tatsugiri|Protect\n|move|p1a: Scream Tail|Dazzling Gleam|p2b: Heracross|[spread] p2b\n|-activate|p2a: Tatsugiri|move: Protect\n|-damage|p2b: Heracross|40\/100\n|move|p1b: Infernape|Close Combat|p2b: Heracross\n|-damage|p2b: Heracross|0 fnt\n|-unboost|p1b: Infernape|def|1\n|-unboost|p1b: Infernape|spd|1\n|faint|p2b: Heracross\n|\n|upkeep\n|\n|t:|1701022011\n|switch|p2b: Dondozo|Dondozo, L50, F|100\/100\n|-activate|p2a: Tatsugiri|ability: Commander|[of] p2b: Dondozo\n|-boost|p2b: Dondozo|atk|2\n|-boost|p2b: Dondozo|spa|2\n|-boost|p2b: Dondozo|spe|2\n|-boost|p2b: Dondozo|def|2\n|-boost|p2b: Dondozo|spd|2\n|turn|5\n|\n|t:|1701022031\n|move|p2b: Dondozo|Wave Crash|p1a: Scream Tail\n|-crit|p1a: Scream Tail\n|-damage|p1a: Scream Tail|0 fnt\n|faint|p1a: Scream Tail\n|-end|p1a: Scream Tail|Protosynthesis|[silent]\n|-damage|p2b: Dondozo|79\/100|[from] Recoil\n|move|p1b: Infernape|Close Combat|p2b: Dondozo\n|-damage|p2b: Dondozo|56\/100\n|-unboost|p1b: Infernape|def|1\n|-unboost|p1b: Infernape|spd|1\n|\n|upkeep\n|\n|t:|1701022120\n|switch|p1a: Hydreigon|Hydreigon, L50, M|100\/100\n|turn|6\n|\n|t:|1701022154\n|move|p2b: Dondozo|Wave Crash|p1b: Infernape\n|-supereffective|p1b: Infernape\n|-damage|p1b: Infernape|0 fnt\n|faint|p1b: Infernape\n|-damage|p2b: Dondozo|56\/100|[from] Recoil\n|move|p1a: Hydreigon|Draco Meteor|p2b: Dondozo\n|-damage|p2b: Dondozo|2\/100\n|-unboost|p1a: Hydreigon|spa|2\n|-damage|p1a: Hydreigon|91\/100|[from] item: Life Orb\n|\n|upkeep\n|\n|t:|1701022166\n|switch|p1b: Thundurus|Thundurus-Therian, L50, M|5\/100\n|turn|7\n|\n|t:|1701022185\n|move|p2b: Dondozo|Wave Crash|p1b: Thundurus\n|-damage|p1b: Thundurus|0 fnt\n|faint|p1b: Thundurus\n|-damage|p2b: Dondozo|0 fnt|[from] Recoil\n|faint|p2b: Dondozo\n|move|p1a: Hydreigon|Flamethrower|p2a: Tatsugiri\n|-resisted|p2a: Tatsugiri\n|-damage|p2a: Tatsugiri|0 fnt\n|faint|p2a: Tatsugiri\n|-damage|p1a: Hydreigon|81\/100|[from] item: Life Orb\n|\n|win|Tay23\n|c|&|\/uhtml prompt-cannorvgc,CannorVGC is ready for game 2!\n|c|\u2606Tay23|gg\n|inactive|Tay23 has 50 seconds to confirm battle start!\n|c|\u2606CannorVGC|gg\n|c|&|\/uhtml prompt-tay23,Tay23 is ready for game 2!\nBoth players are ready! Starting next match!\n","uploadtime":1701022517,"views":54,"p1id":"tay23","p2id":"cannorvgc","formatid":"gen9vgc2023regulatione","rating":0,"private":0,"password":""}