{"id":"gen9vgc2023regulatione-1998716284","p1":"Lab Gamer","p2":"EdwinVGC","format":"[Gen 9] VGC 2023 Regulation E","log":"|j|\u2606Lab Gamer\n|j|\u2606EdwinVGC\n|n|\u2606Lab Gamer|labgamer\n|n|\u2606EdwinVGC|edwinvgc\n|html|View the match progress at <a href=\"\/game-bestof3-gen9vgc2023regulatione-1998707252\">game-bestof3-gen9vgc2023regulatione-1998707252<\/a>\n|t:|1700976962\n|gametype|doubles\n|player|p1|Lab Gamer|acetrainersnow|\n|player|p2|EdwinVGC|266|\n|teamsize|p1|6\n|teamsize|p2|6\n|gen|9\n|tier|[Gen 9] VGC 2023 Regulation E\n|rule|Species Clause: Limit one of each Pok\u00e9mon\n|rule|Item Clause: Limit one of each item\n|clearpoke\n|poke|p1|Chien-Pao, L50|\n|poke|p1|Iron Hands, L50|\n|poke|p1|Landorus-Therian, L50, M|\n|poke|p1|Volcarona, L50, F|\n|poke|p1|Kingambit, L50, M|\n|poke|p1|Sinistcha-Masterpiece, L50|\n|poke|p2|Pelipper, L50, M|\n|poke|p2|Urshifu-*, L50, M|\n|poke|p2|Amoonguss, L50, F|\n|poke|p2|Iron Hands, L50|\n|poke|p2|Gholdengo, L50|\n|poke|p2|Farigiraf, L50, M|\n|teampreview|4\nEdwinVGC has agreed to open team sheets.\nLab Gamer has agreed to open team sheets.\n|showteam|p1|Chien-Pao||FocusSash|SwordofRuin|IceSpinner,SuckerPunch,SacredSword,Protect||||||50|,,,,,Ghost]Iron Hands||AssaultVest|QuarkDrive|DrainPunch,WildCharge,HeavySlam,FakeOut||||||50|,,,,,Fire]Landorus-Therian||ChoiceScarf|Intimidate|RockSlide,StompingTantrum,TeraBlast,Uturn|||M|||50|,,,,,Flying]Volcarona||Leftovers|FlameBody|Flamethrower,GigaDrain,QuiverDance,Protect|||F|||50|,,,,,Grass]Kingambit||BlackGlasses|Defiant|KowtowCleave,SwordsDance,SuckerPunch,Protect|||M|||50|,,,,,Poison]Sinistcha-Masterpiece||RockyHelmet|Hospitality|MatchaGotcha,StrengthSap,RagePowder,TrickRoom||||||50|,,,,,Fairy\n|showteam|p2|Pelipper||FocusSash|Drizzle|Hurricane,Tailwind,WideGuard,WeatherBall|||M|||50|,,,,,Steel]Urshifu-Rapid-Strike||MysticWater|UnseenFist|SurgingStrikes,AquaJet,Detect,CloseCombat|||M|||50|,,,,,Water]Amoonguss||RockyHelmet|Regenerator|Spore,RagePowder,PollenPuff,Protect|||F|||50|,,,,,Water]Iron Hands||AssaultVest|QuarkDrive|DrainPunch,WildCharge,FakeOut,HeavySlam||||||50|,,,,,Fire]Gholdengo||Leftovers|GoodasGold|MakeItRain,NastyPlot,ShadowBall,Protect||||||50|,,,,,Dragon]Farigiraf||SitrusBerry|ArmorTail|Psyshock,DazzlingGleam,HelpingHand,TrickRoom|||M|||50|,,,,,Fairy\n|\n|t:|1700977022\n|start\n|switch|p1a: Volcarona|Volcarona, L50, F|100\/100\n|switch|p1b: Kingambit|Kingambit, L50, M|100\/100\n|switch|p2a: Pelipper|Pelipper, L50, M|100\/100\n|switch|p2b: Urshifu|Urshifu-Rapid-Strike, L50, M|100\/100\n|-weather|RainDance|[from] ability: Drizzle|[of] p2a: Pelipper\n|turn|1\n|\n|t:|1700977066\n|-terastallize|p1a: Volcarona|Grass\n|move|p2b: Urshifu|Detect|p2b: Urshifu\n|-singleturn|p2b: Urshifu|Protect\n|move|p1a: Volcarona|Giga Drain|p2a: Pelipper\n|-damage|p2a: Pelipper|40\/100\n|move|p2a: Pelipper|Tailwind|p2a: Pelipper\n|-sidestart|p2: EdwinVGC|move: Tailwind\n|move|p1b: Kingambit|Kowtow Cleave|p2a: Pelipper\n|-damage|p2a: Pelipper|0 fnt\n|faint|p2a: Pelipper\n|\n|-weather|RainDance|[upkeep]\n|upkeep\n|\n|t:|1700977082\n|switch|p2a: Amoonguss|Amoonguss, L50, F|100\/100\n|turn|2\n|\n|t:|1700977124\n|switch|p1b: Sinistcha|Sinistcha-Masterpiece, L50|100\/100\n|move|p2a: Amoonguss|Rage Powder|p2a: Amoonguss\n|-singleturn|p2a: Amoonguss|move: Rage Powder\n|move|p2b: Urshifu|Surging Strikes|p1b: Sinistcha\n|-resisted|p1b: Sinistcha\n|-crit|p1b: Sinistcha\n|-damage|p1b: Sinistcha|89\/100\n|-damage|p2b: Urshifu|84\/100|[from] item: Rocky Helmet|[of] p1b: Sinistcha\n|-resisted|p1b: Sinistcha\n|-crit|p1b: Sinistcha\n|-damage|p1b: Sinistcha|77\/100\n|-damage|p2b: Urshifu|67\/100|[from] item: Rocky Helmet|[of] p1b: Sinistcha\n|-resisted|p1b: Sinistcha\n|-crit|p1b: Sinistcha\n|-damage|p1b: Sinistcha|63\/100\n|-damage|p2b: Urshifu|51\/100|[from] item: Rocky Helmet|[of] p1b: Sinistcha\n|-hitcount|p1b: Sinistcha|3\n|move|p1a: Volcarona|Flamethrower|p2a: Amoonguss\n|-supereffective|p2a: Amoonguss\n|-damage|p2a: Amoonguss|61\/100\n|\n|-weather|RainDance|[upkeep]\n|upkeep\n|turn|3\n|\n|t:|1700977235\n|switch|p2a: Gholdengo|Gholdengo, L50|100\/100\n|move|p2b: Urshifu|Detect|p2b: Urshifu\n|-singleturn|p2b: Urshifu|Protect\n|move|p1a: Volcarona|Quiver Dance|p1a: Volcarona\n|-boost|p1a: Volcarona|spa|1\n|-boost|p1a: Volcarona|spd|1\n|-boost|p1a: Volcarona|spe|1\n|move|p1b: Sinistcha|Matcha Gotcha|p2b: Urshifu|[spread] p2a\n|-activate|p2b: Urshifu|move: Protect\n|-resisted|p2a: Gholdengo\n|-damage|p2a: Gholdengo|89\/100\n|-heal|p1b: Sinistcha|69\/100|[from] drain|[of] p2a: Gholdengo\n|\n|-weather|RainDance|[upkeep]\n|-heal|p2a: Gholdengo|95\/100|[from] item: Leftovers\n|upkeep\n|turn|4\n|\n|t:|1700977261\n|switch|p2b: Amoonguss|Amoonguss, L50, F|95\/100\n|switch|p1b: Kingambit|Kingambit, L50, M|100\/100\n|-terastallize|p2a: Gholdengo|Dragon\n|move|p1a: Volcarona|Protect|p1a: Volcarona\n|-singleturn|p1a: Volcarona|Protect\n|move|p2a: Gholdengo|Nasty Plot|p2a: Gholdengo\n|-boost|p2a: Gholdengo|spa|2\n|\n|-weather|RainDance|[upkeep]\n|-heal|p2a: Gholdengo|100\/100|[from] item: Leftovers\n|-sideend|p2: EdwinVGC|move: Tailwind\n|upkeep\n|turn|5\n|\n|t:|1700977342\n|move|p1a: Volcarona|Flamethrower|p2b: Amoonguss\n|-supereffective|p2b: Amoonguss\n|-damage|p2b: Amoonguss|29\/100\n|move|p2a: Gholdengo|Make It Rain|p1a: Volcarona|[spread] p1a,p1b\n|-resisted|p1b: Kingambit\n|-damage|p1a: Volcarona|40\/100\n|-damage|p1b: Kingambit|55\/100\n|-unboost|p2a: Gholdengo|spa|1\n|move|p1b: Kingambit|Swords Dance|p1b: Kingambit\n|-boost|p1b: Kingambit|atk|2\n|move|p2b: Amoonguss|Spore|p1b: Kingambit\n|-status|p1b: Kingambit|slp|[from] move: Spore\n|\n|-weather|none\n|-heal|p1a: Volcarona|46\/100|[from] item: Leftovers\n|upkeep\n|turn|6\n|\n|t:|1700977372\n|move|p1a: Volcarona|Protect|p1a: Volcarona\n|-singleturn|p1a: Volcarona|Protect\n|move|p2b: Amoonguss|Protect|p2b: Amoonguss\n|-singleturn|p2b: Amoonguss|Protect\n|move|p2a: Gholdengo|Shadow Ball|p1a: Volcarona\n|-activate|p1a: Volcarona|move: Protect\n|cant|p1b: Kingambit|slp\n|\n|-heal|p1a: Volcarona|52\/100|[from] item: Leftovers\n|upkeep\n|turn|7\n|\n|t:|1700977407\n|switch|p1a: Iron Hands|Iron Hands, L50|100\/100\n|switch|p2b: Urshifu|Urshifu-Rapid-Strike, L50, M|51\/100\n|move|p2a: Gholdengo|Shadow Ball|p1a: Iron Hands\n|-damage|p1a: Iron Hands|64\/100\n|-unboost|p1a: Iron Hands|spd|1\n|-curestatus|p1b: Kingambit|slp|[msg]\n|move|p1b: Kingambit|Kowtow Cleave|p2b: Urshifu\n|-resisted|p2b: Urshifu\n|-damage|p2b: Urshifu|0 fnt\n|faint|p2b: Urshifu\n|\n|upkeep\n|\n|t:|1700977421\n|switch|p2b: Amoonguss|Amoonguss, L50, F|62\/100\n|turn|8\n|\n|t:|1700977453\n|move|p2a: Gholdengo|Protect|p2a: Gholdengo\n|-singleturn|p2a: Gholdengo|Protect\n|move|p2b: Amoonguss|Protect|p2b: Amoonguss\n|-singleturn|p2b: Amoonguss|Protect\n|move|p1a: Iron Hands|Fake Out|p2a: Gholdengo\n|-activate|p2a: Gholdengo|move: Protect\n|move|p1b: Kingambit|Kowtow Cleave|p2b: Amoonguss\n|-activate|p2b: Amoonguss|move: Protect\n|\n|upkeep\n|turn|9\n|\n|t:|1700977496\n|move|p2a: Gholdengo|Shadow Ball|p1b: Kingambit\n|-resisted|p1b: Kingambit\n|-damage|p1b: Kingambit|25\/100\n|move|p1a: Iron Hands|Heavy Slam|p2b: Amoonguss\n|-damage|p2b: Amoonguss|25\/100\n|-damage|p1a: Iron Hands|47\/100|[from] item: Rocky Helmet|[of] p2b: Amoonguss\n|move|p1b: Kingambit|Kowtow Cleave|p2b: Amoonguss\n|-damage|p2b: Amoonguss|0 fnt\n|-damage|p1b: Kingambit|9\/100|[from] item: Rocky Helmet|[of] p2b: Amoonguss\n|faint|p2b: Amoonguss\n|\n|upkeep\n|turn|10\n|\n|t:|1700977516\n|move|p1b: Kingambit|Sucker Punch|p2a: Gholdengo\n|-damage|p2a: Gholdengo|15\/100\n|move|p2a: Gholdengo|Make It Rain|p1b: Kingambit|[spread] p1a,p1b\n|-resisted|p1a: Iron Hands\n|-resisted|p1b: Kingambit\n|-damage|p1a: Iron Hands|17\/100\n|-damage|p1b: Kingambit|0 fnt\n|-unboost|p2a: Gholdengo|spa|1\n|faint|p1b: Kingambit\n|move|p1a: Iron Hands|Drain Punch|p2a: Gholdengo\n|-damage|p2a: Gholdengo|0 fnt\n|-heal|p1a: Iron Hands|23\/100|[from] drain|[of] p2a: Gholdengo\n|faint|p2a: Gholdengo\n|\n|win|Lab Gamer\n","uploadtime":1700977610,"views":7,"p1id":"labgamer","p2id":"edwinvgc","formatid":"gen9vgc2023regulatione","rating":0,"private":0,"password":""}