{"id":"gen9vgc2023regulatione-1999876118","p1":"Fernanch","p2":"WishNM","format":"[Gen 9] VGC 2023 Regulation E","log":"|j|\u2606Fernanch\n|j|\u2606WishNM\n|n|\u2606Fernanch|fernanch\n|n|\u2606WishNM|wishnm\n|html|View the match progress at <a href=\"\/game-bestof3-gen9vgc2023regulatione-1999872747\">game-bestof3-gen9vgc2023regulatione-1999872747<\/a>\n|t:|1701125303\n|gametype|doubles\n|player|p1|Fernanch|waiter-gen4dp|\n|player|p2|WishNM|n|\n|teamsize|p1|6\n|teamsize|p2|6\n|gen|9\n|tier|[Gen 9] VGC 2023 Regulation E\n|rule|Species Clause: Limit one of each Pok\u00e9mon\n|rule|Item Clause: Limit one of each item\n|clearpoke\n|poke|p1|Chi-Yu, L50|\n|poke|p1|Flutter Mane, L50|\n|poke|p1|Amoonguss, L50, F|\n|poke|p1|Pawmot, L50, M|\n|poke|p1|Golduck, L50, F|\n|poke|p1|Slaking, L50, M|\n|poke|p2|Annihilape, L50, M|\n|poke|p2|Maushold-Four, L50|\n|poke|p2|Zoroark-Hisui, L50, F|\n|poke|p2|Krookodile, L50, M|\n|poke|p2|Heatran, L50, M|\n|poke|p2|Chimecho, L50, M|\n|teampreview|4\nWishNM rejected open team sheets.\n|c|\u2606Fernanch|Glhf\n|\n|t:|1701125383\n|start\n|switch|p1a: Slaking|Slaking, L50, M|100\/100\n|switch|p1b: Golduck|Golduck, L50, F|100\/100\n|switch|p2a: Annihilape|Annihilape, L50, M|100\/100\n|switch|p2b: Maushold|Maushold-Four, L50|100\/100\n|-ability|p1b: Golduck|Cloud Nine\n|turn|1\n|\n|t:|1701125448\n|-terastallize|p2b: Maushold|Ghost\n|move|p1b: Golduck|Skill Swap|p1a: Slaking\n|-activate|p1b: Golduck|move: Skill Swap|||[of] p1a: Slaking\n|move|p2b: Maushold|Beat Up|p2a: Annihilape\n|-damage|p2a: Annihilape|98\/100\n|-damage|p2a: Annihilape|96\/100\n|-damage|p2a: Annihilape|95\/100\n|-damage|p2a: Annihilape|93\/100\n|-hitcount|p2a: Annihilape|4\n|move|p2a: Annihilape|Drain Punch|p1a: Slaking\n|-supereffective|p1a: Slaking\n|-damage|p1a: Slaking|56\/100\n|-heal|p2a: Annihilape|100\/100|[from] drain|[of] p1a: Slaking\n|move|p1a: Slaking|Substitute|p1a: Slaking\n|-start|p1a: Slaking|Substitute\n|-damage|p1a: Slaking|31\/100\n|\n|-heal|p1a: Slaking|37\/100|[from] item: Leftovers\n|upkeep\n|turn|2\n|\n|t:|1701125473\n|move|p2b: Maushold|Follow Me|p2b: Maushold\n|-singleturn|p2b: Maushold|move: Follow Me\n|cant|p1b: Golduck|ability: Truant\n|move|p2a: Annihilape|Drain Punch|p1a: Slaking\n|-supereffective|p1a: Slaking\n|-end|p1a: Slaking|Substitute\n|move|p1a: Slaking|Bulk Up|p1a: Slaking\n|-boost|p1a: Slaking|atk|1\n|-boost|p1a: Slaking|def|1\n|\n|-heal|p1a: Slaking|44\/100|[from] item: Leftovers\n|upkeep\n|turn|3\n|\n|t:|1701125497\n|-terastallize|p1a: Slaking|Ghost\n|move|p2b: Maushold|Follow Me|p2b: Maushold\n|-singleturn|p2b: Maushold|move: Follow Me\n|move|p1b: Golduck|Encore|p2b: Maushold\n|-start|p2b: Maushold|Encore\n|move|p2a: Annihilape|Drain Punch|p1a: Slaking\n|-immune|p1a: Slaking\n|move|p1a: Slaking|Knock Off|p2b: Maushold\n|-supereffective|p2b: Maushold\n|-damage|p2b: Maushold|0 fnt\n|-enditem|p2b: Maushold|Safety Goggles|[from] move: Knock Off|[of] p1a: Slaking\n|faint|p2b: Maushold\n|\n|-heal|p1a: Slaking|50\/100|[from] item: Leftovers\n|upkeep\n|\n|t:|1701125513\n|switch|p2b: Krookodile|Krookodile, L50, M|100\/100\n|-ability|p2b: Krookodile|Intimidate|boost\n|-unboost|p1a: Slaking|atk|1\n|-unboost|p1b: Golduck|atk|1\n|turn|4\n|\n|t:|1701125539\n|switch|p1b: Amoonguss|Amoonguss, L50, F|100\/100\n|move|p2b: Krookodile|Knock Off|p1a: Slaking\n|-supereffective|p1a: Slaking\n|-damage|p1a: Slaking|0 fnt\n|-enditem|p1a: Slaking|Leftovers|[from] move: Knock Off|[of] p2b: Krookodile\n|faint|p1a: Slaking\n|move|p2a: Annihilape|Rage Fist|p1b: Amoonguss\n|-damage|p1b: Amoonguss|30\/100\n|\n|upkeep\n|\n|t:|1701125552\n|switch|p1a: Flutter Mane|Flutter Mane, L50, shiny|100\/100\n|-enditem|p1a: Flutter Mane|Booster Energy\n|-activate|p1a: Flutter Mane|ability: Protosynthesis|[fromitem]\n|-start|p1a: Flutter Mane|protosynthesisspa\n|turn|5\n|\n|t:|1701125595\n|move|p1b: Amoonguss|Rage Powder|p1b: Amoonguss\n|-singleturn|p1b: Amoonguss|move: Rage Powder\n|move|p1a: Flutter Mane|Moonblast|p2b: Krookodile\n|-supereffective|p2b: Krookodile\n|-damage|p2b: Krookodile|0 fnt\n|faint|p2b: Krookodile\n|move|p2a: Annihilape|Rage Fist|p1b: Amoonguss\n|-damage|p1b: Amoonguss|0 fnt\n|faint|p1b: Amoonguss\n|\n|upkeep\n|\n|t:|1701125604\n|switch|p2b: Heatran|Heatran, L50, M|100\/100\n|switch|p1b: Golduck|Golduck, L50, F|100\/100\n|-ability|p1b: Golduck|Cloud Nine\n|turn|6\n|\n|t:|1701125669\n|move|p1a: Flutter Mane|Protect|p1a: Flutter Mane\n|-singleturn|p1a: Flutter Mane|Protect\n|move|p2a: Annihilape|Protect|p2a: Annihilape\n|-singleturn|p2a: Annihilape|Protect\n|move|p2b: Heatran|Steel Beam|p1a: Flutter Mane\n|-activate|p1a: Flutter Mane|move: Protect\n|-damage|p2b: Heatran|50\/100|[from] steelbeam\n|move|p1b: Golduck|Hydro Pump|p2b: Heatran|[miss]\n|-miss|p1b: Golduck|p2b: Heatran\n|\n|upkeep\n|turn|7\n|c|\u2606Fernanch|Man\n|c|\u2606Fernanch|Actually I can't complain\n|\n|t:|1701125699\n|move|p1a: Flutter Mane|Protect||[still]\n|-fail|p1a: Flutter Mane\n|move|p2b: Heatran|Steel Beam|p1a: Flutter Mane\n|-supereffective|p1a: Flutter Mane\n|-damage|p1a: Flutter Mane|0 fnt\n|-damage|p2b: Heatran|0 fnt|[from] steelbeam\n|faint|p2b: Heatran\n|faint|p1a: Flutter Mane\n|-end|p1a: Flutter Mane|Protosynthesis|[silent]\n|move|p1b: Golduck|Encore|p2a: Annihilape\n|-start|p2a: Annihilape|Encore\n|move|p2a: Annihilape|Protect||[still]\n|-fail|p2a: Annihilape\n|\n|upkeep\n|turn|8\n|\n|t:|1701125715\n|move|p2a: Annihilape|Protect|p2a: Annihilape\n|-singleturn|p2a: Annihilape|Protect\n|move|p1b: Golduck|Knock Off|p2a: Annihilape\n|-activate|p2a: Annihilape|move: Protect\n|\n|upkeep\n|turn|9\n|\n|t:|1701125720\n|move|p2a: Annihilape|Protect||[still]\n|-fail|p2a: Annihilape\n|move|p1b: Golduck|Knock Off|p2a: Annihilape\n|-damage|p2a: Annihilape|82\/100\n|-enditem|p2a: Annihilape|Leftovers|[from] move: Knock Off|[of] p1b: Golduck\n|\n|-end|p2a: Annihilape|Encore\n|upkeep\n|turn|10\n|\n|t:|1701125728\n|move|p1b: Golduck|Encore|p2a: Annihilape\n|-start|p2a: Annihilape|Encore\n|move|p2a: Annihilape|Protect||[still]\n|-fail|p2a: Annihilape\n|\n|upkeep\n|turn|11\n|c|\u2606Fernanch|I think this is game\n|\n|t:|1701125739\n|move|p2a: Annihilape|Protect|p2a: Annihilape\n|-singleturn|p2a: Annihilape|Protect\n|move|p1b: Golduck|Skill Swap|p2a: Annihilape\n|-activate|p2a: Annihilape|move: Protect\n|\n|upkeep\n|turn|12\n|\n|t:|1701125744\n|move|p2a: Annihilape|Protect||[still]\n|-fail|p2a: Annihilape\n|move|p1b: Golduck|Hydro Pump|p2a: Annihilape\n|-damage|p2a: Annihilape|54\/100\n|\n|-end|p2a: Annihilape|Encore\n|upkeep\n|turn|13\n|\n|t:|1701125751\n|move|p1b: Golduck|Encore|p2a: Annihilape\n|-start|p2a: Annihilape|Encore\n|move|p2a: Annihilape|Protect||[still]\n|-fail|p2a: Annihilape\n|\n|upkeep\n|turn|14\n|\n|t:|1701125756\n|move|p2a: Annihilape|Protect|p2a: Annihilape\n|-singleturn|p2a: Annihilape|Protect\n|move|p1b: Golduck|Skill Swap|p2a: Annihilape\n|-activate|p2a: Annihilape|move: Protect\n|\n|upkeep\n|turn|15\n|\n|t:|1701125761\n|move|p2a: Annihilape|Protect||[still]\n|-fail|p2a: Annihilape\n|move|p1b: Golduck|Hydro Pump|p2a: Annihilape\n|-damage|p2a: Annihilape|28\/100\n|\n|-end|p2a: Annihilape|Encore\n|upkeep\n|turn|16\n|\n|t:|1701125776\n|move|p2a: Annihilape|Protect|p2a: Annihilape\n|-singleturn|p2a: Annihilape|Protect\n|move|p1b: Golduck|Encore|p2a: Annihilape\n|-activate|p2a: Annihilape|move: Protect\n|\n|upkeep\n|turn|17\n|\n|t:|1701125783\n|move|p1b: Golduck|Encore|p2a: Annihilape\n|-start|p2a: Annihilape|Encore\n|move|p2a: Annihilape|Protect||[still]\n|-fail|p2a: Annihilape\n|\n|upkeep\n|turn|18\n|\n|t:|1701125789\n|move|p2a: Annihilape|Protect|p2a: Annihilape\n|-singleturn|p2a: Annihilape|Protect\n|move|p1b: Golduck|Skill Swap|p2a: Annihilape\n|-activate|p2a: Annihilape|move: Protect\n|\n|upkeep\n|turn|19\n|\n|t:|1701125794\n|move|p2a: Annihilape|Protect||[still]\n|-fail|p2a: Annihilape\n|move|p1b: Golduck|Knock Off|p2a: Annihilape\n|-damage|p2a: Annihilape|16\/100\n|\n|-end|p2a: Annihilape|Encore\n|upkeep\n|turn|20\n|\n|t:|1701125811\n|move|p1b: Golduck|Knock Off|p2a: Annihilape\n|-damage|p2a: Annihilape|4\/100\n|move|p2a: Annihilape|Rage Fist|p1b: Golduck\n|-enditem|p1b: Golduck|Focus Sash\n|-damage|p1b: Golduck|1\/100\n|\n|upkeep\n|turn|21\n|\n|t:|1701125818\n|move|p1b: Golduck|Knock Off|p2a: Annihilape\n|-damage|p2a: Annihilape|0 fnt\n|faint|p2a: Annihilape\n|\n|win|Fernanch\n|c|\u2606Fernanch|gg\n|c|\u2606WishNM|gg\n|c|\u2606Fernanch|Crazy endgame\n|j| The Carkol Rider\n|l| The Carkol Rider\n","uploadtime":1701125886,"views":11,"p1id":"fernanch","p2id":"wishnm","formatid":"gen9vgc2023regulatione","rating":0,"private":0,"password":""}