{"id":"gen9vgc2023regulatione-1989440187","p1":"SwimWithTheFishies","p2":"mikuraaa_","format":"[Gen 9] VGC 2023 Regulation E","log":"|j|\u2606SwimWithTheFishies\n|j|\u2606mikuraaa_\n|t:|1699850770\n|gametype|doubles\n|player|p1|SwimWithTheFishies|swimmer-gen4dp|1084\n|player|p2|mikuraaa_|unknown|1063\n|teamsize|p1|6\n|teamsize|p2|6\n|gen|9\n|tier|[Gen 9] VGC 2023 Regulation E\n|rated|\n|rule|Species Clause: Limit one of each Pok\u00e9mon\n|rule|Item Clause: Limit one of each item\n|clearpoke\n|poke|p1|Iron Hands, L50|\n|poke|p1|Landorus-Therian, L50, M|\n|poke|p1|Flutter Mane, L50|\n|poke|p1|Amoonguss, L50, F|\n|poke|p1|Heatran, L50, M|\n|poke|p1|Roaring Moon, L50|\n|poke|p2|Iron Bundle, L50|\n|poke|p2|Farigiraf, L50, M|\n|poke|p2|Cinderace, L50, M|\n|poke|p2|Iron Hands, L50|\n|poke|p2|Landorus-Therian, L50, M|\n|poke|p2|Slowking-Galar, L50, M|\n|teampreview|4\n|inactive|Battle timer is ON: inactive players will automatically lose when time's up. (requested by SwimWithTheFishies)\nSwimWithTheFishies has agreed to open team sheets.\nmikuraaa_ rejected open team sheets.\n|inactive|SwimWithTheFishies has 60 seconds left.\n|inactive|mikuraaa_ has 60 seconds left.\n|\n|t:|1699850821\n|start\n|switch|p1a: Landorus|Landorus-Therian, L50, M|100\/100\n|switch|p1b: Flutter Mane|Flutter Mane, L50|100\/100\n|switch|p2a: Landorus|Landorus-Therian, L50, M|100\/100\n|switch|p2b: Iron Bundle|Iron Bundle, L50|100\/100\n|-ability|p2a: Landorus|Intimidate|boost\n|-unboost|p1a: Landorus|atk|1\n|-unboost|p1b: Flutter Mane|atk|1\n|-ability|p1a: Landorus|Intimidate|boost\n|-unboost|p2a: Landorus|atk|1\n|-unboost|p2b: Iron Bundle|atk|1\n|-enditem|p2b: Iron Bundle|Booster Energy\n|-activate|p2b: Iron Bundle|ability: Quark Drive|[fromitem]\n|-start|p2b: Iron Bundle|quarkdrivespe\n|turn|1\n|\n|t:|1699850846\n|switch|p1a: Iron Hands|Iron Hands, L50|100\/100\n|-terastallize|p1b: Flutter Mane|Fairy\n|move|p2a: Landorus|Protect|p2a: Landorus\n|-singleturn|p2a: Landorus|Protect\n|move|p2b: Iron Bundle|Icy Wind|p1b: Flutter Mane|[spread] p1a,p1b\n|-damage|p1a: Iron Hands|89\/100\n|-damage|p1b: Flutter Mane|80\/100\n|-unboost|p1a: Iron Hands|spe|1\n|-unboost|p1b: Flutter Mane|spe|1\n|move|p1b: Flutter Mane|Moonblast|p2b: Iron Bundle\n|-damage|p2b: Iron Bundle|0 fnt\n|faint|p2b: Iron Bundle\n|-end|p2b: Iron Bundle|Quark Drive|[silent]\n|\n|upkeep\n|\n|t:|1699850862\n|switch|p2b: Cinderace|Cinderace, L50, M|100\/100\n|turn|2\n|inactive|mikuraaa_ has 30 seconds left.\n|inactive|mikuraaa_ has 20 seconds left.\n|inactive|mikuraaa_ has 15 seconds left.\n|inactive|mikuraaa_ has 10 seconds left.\n|inactive|mikuraaa_ has 5 seconds left.\n|\n|t:|1699850916\n|switch|p2a: Iron Hands|Iron Hands, L50|100\/100\n|move|p1a: Iron Hands|Fake Out|p2b: Cinderace\n|-damage|p2b: Cinderace|77\/100\n|cant|p2b: Cinderace|flinch\n|move|p1b: Flutter Mane|Moonblast|p2a: Iron Hands\n|-supereffective|p2a: Iron Hands\n|-damage|p2a: Iron Hands|8\/100\n|\n|upkeep\n|turn|3\n|\n|t:|1699850936\n|-end|p1b: Flutter Mane|Protosynthesis|[silent]\n|switch|p1b: Landorus|Landorus-Therian, L50, M|100\/100\n|-ability|p1b: Landorus|Intimidate|boost\n|-unboost|p2a: Iron Hands|atk|1\n|-unboost|p2b: Cinderace|atk|1\n|move|p2a: Iron Hands|Fake Out|p1b: Landorus\n|-damage|p1b: Landorus|88\/100\n|move|p2b: Cinderace|Gunk Shot|p1b: Landorus\n|-start|p2b: Cinderace|typechange|Poison|[from] ability: Libero\n|-resisted|p1b: Landorus\n|-damage|p1b: Landorus|61\/100\n|move|p1a: Iron Hands|Drain Punch|p2b: Cinderace\n|-resisted|p2b: Cinderace\n|-damage|p2b: Cinderace|46\/100\n|-heal|p1a: Iron Hands|99\/100|[from] drain|[of] p2b: Cinderace\n|\n|upkeep\n|turn|4\n|inactive|mikuraaa_ has 30 seconds left.\n|\n|t:|1699850969\n|move|p1b: Landorus|Stomping Tantrum|p2b: Cinderace\n|-supereffective|p2b: Cinderace\n|-crit|p2b: Cinderace\n|-damage|p2b: Cinderace|0 fnt\n|faint|p2b: Cinderace\n|move|p2a: Iron Hands|Drain Punch|p1a: Iron Hands\n|-damage|p1a: Iron Hands|78\/100\n|-heal|p2a: Iron Hands|19\/100|[from] drain|[of] p1a: Iron Hands\n|move|p1a: Iron Hands|Drain Punch|p2a: Iron Hands\n|-damage|p2a: Iron Hands|0 fnt\n|-heal|p1a: Iron Hands|87\/100|[from] drain|[of] p2a: Iron Hands\n|faint|p2a: Iron Hands\n|-end|p2a: Iron Hands|Quark Drive|[silent]\n|\n|upkeep\n|\n|t:|1699850973\n|switch|p2b: Landorus|Landorus-Therian, L50, M|100\/100\n|-ability|p2b: Landorus|Intimidate|boost\n|-unboost|p1a: Iron Hands|atk|1\n|-unboost|p1b: Landorus|atk|1\n|turn|5\n|\n|t:|1699850994\n|switch|p1b: Amoonguss|Amoonguss, L50, F|100\/100\n|-terastallize|p2b: Landorus|Flying\n|move|p2b: Landorus|Tera Blast|p1a: Iron Hands|[anim] Tera Blast Flying\n|-damage|p1a: Iron Hands|46\/100\n|move|p1a: Iron Hands|Heavy Slam|p2b: Landorus\n|-damage|p2b: Landorus|63\/100\n|\n|upkeep\n|turn|6\n|-message|mikuraaa_ forfeited.\n|\n|win|SwimWithTheFishies\n|raw|SwimWithTheFishies's rating: 1084 &rarr; <strong>1110<\/strong><br \/>(+26 for winning)\n|raw|mikuraaa_'s rating: 1063 &rarr; <strong>1045<\/strong><br \/>(-18 for losing)\n|l|\u2606mikuraaa_\n","uploadtime":1699851009,"views":12,"p1id":"swimwiththefishies","p2id":"mikuraaa","formatid":"gen9vgc2023regulatione","rating":1045,"private":0,"password":""}