{"id":"gen9vgc2023regulatione-1996587652","p1":"Nightshade72","p2":"Jdjdjskkfnlskv","format":"[Gen 9] VGC 2023 Regulation E","log":"|j|\u2606Nightshade72\n|j|\u2606Jdjdjskkfnlskv\n|t:|1700697536\n|gametype|doubles\n|player|p1|Nightshade72|101|1000\n|player|p2|Jdjdjskkfnlskv|falkner|1000\n|teamsize|p1|6\n|teamsize|p2|6\n|gen|9\n|tier|[Gen 9] VGC 2023 Regulation E\n|rated|\n|rule|Species Clause: Limit one of each Pok\u00e9mon\n|rule|Item Clause: Limit one of each item\n|clearpoke\n|poke|p1|Mimikyu, L50, M|\n|poke|p1|Maushold-Four, L50|\n|poke|p1|Sneasler, L50, F|\n|poke|p1|Greninja-*, L50, M|\n|poke|p1|Raichu, L50, M|\n|poke|p1|Iron Moth, L50|\n|poke|p2|Dragapult, L50, M|\n|poke|p2|Rotom-Wash, L50|\n|poke|p2|Tyranitar, L50, F|\n|poke|p2|Cinderace, L50, F|\n|poke|p2|Great Tusk, L50|\n|poke|p2|Flutter Mane, L50|\n|teampreview|4\n|\n|t:|1700697571\n|start\n|switch|p1a: Sneasler|Sneasler, L50, F, shiny|100\/100\n|switch|p1b: Greninja|Greninja, L50, M, shiny|100\/100\n|switch|p2a: Tyranitar|Tyranitar, L50, F|100\/100\n|switch|p2b: Cinderace|Cinderace, L50, F|100\/100\n|-weather|Sandstorm|[from] ability: Sand Stream|[of] p2a: Tyranitar\n|turn|1\n|\n|t:|1700697596\n|switch|p2a: Rotom|Rotom-Wash, L50|100\/100\n|move|p1a: Sneasler|Fake Out|p2b: Cinderace\n|-damage|p2b: Cinderace|83\/100\n|move|p1b: Greninja|Liquidation|p2a: Rotom\n|-start|p1b: Greninja|typechange|Water|[from] ability: Protean\n|-resisted|p2a: Rotom\n|-damage|p2a: Rotom|79\/100\n|cant|p2b: Cinderace|flinch\n|\n|-weather|Sandstorm|[upkeep]\n|-damage|p1b: Greninja|94\/100|[from] Sandstorm\n|-damage|p1a: Sneasler|95\/100|[from] Sandstorm\n|-damage|p2b: Cinderace|77\/100|[from] Sandstorm\n|-damage|p2a: Rotom|73\/100|[from] Sandstorm\n|upkeep\n|turn|2\n|\n|t:|1700697631\n|switch|p1b: Maushold|Maushold-Four, L50|100\/100\n|move|p1a: Sneasler|Protect|p1a: Sneasler\n|-singleturn|p1a: Sneasler|Protect\n|move|p2b: Cinderace|Pyro Ball|p1a: Sneasler\n|-activate|p1a: Sneasler|move: Protect\n|move|p2a: Rotom|Thunderbolt|p1a: Sneasler\n|-activate|p1a: Sneasler|move: Protect\n|\n|-weather|Sandstorm|[upkeep]\n|-damage|p1b: Maushold|94\/100|[from] Sandstorm\n|-damage|p1a: Sneasler|89\/100|[from] Sandstorm\n|-damage|p2b: Cinderace|71\/100|[from] Sandstorm\n|-damage|p2a: Rotom|67\/100|[from] Sandstorm\n|upkeep\n|turn|3\n|\n|t:|1700697658\n|-terastallize|p1a: Sneasler|Flying\n|move|p2a: Rotom|Protect|p2a: Rotom\n|-singleturn|p2a: Rotom|Protect\n|move|p1b: Maushold|Follow Me|p1b: Maushold\n|-singleturn|p1b: Maushold|move: Follow Me\n|move|p1a: Sneasler|Acrobatics|p2b: Cinderace\n|-damage|p2b: Cinderace|0 fnt\n|faint|p2b: Cinderace\n|\n|-weather|Sandstorm|[upkeep]\n|-damage|p1b: Maushold|88\/100|[from] Sandstorm\n|-damage|p1a: Sneasler|83\/100|[from] Sandstorm\n|-damage|p2a: Rotom|62\/100|[from] Sandstorm\n|upkeep\n|\n|t:|1700697677\n|switch|p2b: Tyranitar|Tyranitar, L50, F|100\/100\n|turn|4\n|\n|t:|1700697688\n|move|p1b: Maushold|Follow Me|p1b: Maushold\n|-singleturn|p1b: Maushold|move: Follow Me\n|move|p1a: Sneasler|Brick Break|p2b: Tyranitar\n|-supereffective|p2b: Tyranitar\n|-damage|p2b: Tyranitar|0 fnt\n|faint|p2b: Tyranitar\n|move|p2a: Rotom|Nasty Plot|p2a: Rotom\n|-boost|p2a: Rotom|spa|2\n|\n|-weather|Sandstorm|[upkeep]\n|-damage|p1b: Maushold|82\/100|[from] Sandstorm\n|-damage|p1a: Sneasler|77\/100|[from] Sandstorm\n|-damage|p2a: Rotom|56\/100|[from] Sandstorm\n|upkeep\n|\n|t:|1700697703\n|switch|p2b: Flutter Mane|Flutter Mane, L50|100\/100\n|-enditem|p2b: Flutter Mane|Booster Energy\n|-activate|p2b: Flutter Mane|ability: Protosynthesis|[fromitem]\n|-start|p2b: Flutter Mane|protosynthesisspe\n|turn|5\n|\n|t:|1700697716\n|move|p1b: Maushold|Follow Me|p1b: Maushold\n|-singleturn|p1b: Maushold|move: Follow Me\n|move|p2b: Flutter Mane|Dazzling Gleam|p1a: Sneasler|[spread] p1a,p1b\n|-damage|p1a: Sneasler|36\/100\n|-damage|p1b: Maushold|42\/100\n|-enditem|p1b: Maushold|Sitrus Berry|[eat]\n|-heal|p1b: Maushold|67\/100|[from] item: Sitrus Berry\n|-heal|p1b: Maushold|100\/100|[from] ability: Cheek Pouch\n|move|p1a: Sneasler|Acrobatics|p2b: Flutter Mane\n|-damage|p2b: Flutter Mane|0 fnt\n|faint|p2b: Flutter Mane\n|-end|p2b: Flutter Mane|Protosynthesis|[silent]\n|move|p2a: Rotom|Thunderbolt|p1b: Maushold\n|-damage|p1b: Maushold|9\/100\n|\n|-weather|none\n|upkeep\n|turn|6\n|\n|t:|1700697746\n|switch|p1a: Mimikyu|Mimikyu, L50, M|100\/100\n|move|p1b: Maushold|Follow Me|p1b: Maushold\n|-singleturn|p1b: Maushold|move: Follow Me\n|move|p2a: Rotom|Thunderbolt|p1b: Maushold\n|-damage|p1b: Maushold|0 fnt\n|faint|p1b: Maushold\n|\n|upkeep\n|\n|t:|1700697756\n|switch|p1b: Sneasler|Sneasler, L50, F, shiny, tera:Flying|36\/100\n|turn|7\n|\n|t:|1700697764\n|move|p1b: Sneasler|Fake Out|p2a: Rotom\n|-damage|p2a: Rotom|39\/100\n|-enditem|p2a: Rotom|Sitrus Berry|[eat]\n|-heal|p2a: Rotom|64\/100|[from] item: Sitrus Berry\n|move|p1a: Mimikyu|Wood Hammer|p2a: Rotom\n|-supereffective|p2a: Rotom\n|-damage|p2a: Rotom|0 fnt\n|faint|p2a: Rotom\n|-damage|p1a: Mimikyu|75\/100|[from] Recoil\n|\n|win|Nightshade72\n|raw|Nightshade72's rating: 1000 &rarr; <strong>1040<\/strong><br \/>(+40 for winning)\n|raw|Jdjdjskkfnlskv's rating: 1000 &rarr; <strong>1000<\/strong><br \/>(+0 for losing)\n|c|\u2606Nightshade72|gg\n|l|\u2606Nightshade72\n","uploadtime":1700697784,"views":10,"p1id":"nightshade72","p2id":"jdjdjskkfnlskv","formatid":"gen9vgc2023regulatione","rating":1000,"private":0,"password":""}