{"id":"gen9vgc2023regulatione-1992752958","p1":"Dryslide","p2":"lozraff","format":"[Gen 9] VGC 2023 Regulation E","log":"|j|\u2606Dryslide\n|j|\u2606lozraff\n|t:|1700232291\n|gametype|doubles\n|player|p1|Dryslide|flannery|1290\n|player|p2|lozraff|2|1276\n|teamsize|p1|6\n|teamsize|p2|6\n|gen|9\n|tier|[Gen 9] VGC 2023 Regulation E\n|rated|\n|rule|Species Clause: Limit one of each Pok\u00e9mon\n|rule|Item Clause: Limit one of each item\n|clearpoke\n|poke|p1|Flutter Mane, L50|\n|poke|p1|Urshifu-*, L50, M|\n|poke|p1|Arcanine-Hisui, L50, F|\n|poke|p1|Rillaboom, L50, M|\n|poke|p1|Chien-Pao, L50|\n|poke|p1|Tornadus, L50, M|\n|poke|p2|Sinistcha-Masterpiece, L50|\n|poke|p2|Iron Hands, L50|\n|poke|p2|Grimmsnarl, L50, M|\n|poke|p2|Garchomp, L50, M|\n|poke|p2|Flutter Mane, L50|\n|poke|p2|Fezandipiti, L50, M|\n|teampreview|4\n|inactive|Battle timer is ON: inactive players will automatically lose when time's up. (requested by lozraff)\n|inactive|Dryslide has 60 seconds left.\n|\n|t:|1700232323\n|start\n|switch|p1a: Arcanine|Arcanine-Hisui, L50, F, shiny|100\/100\n|switch|p1b: Chien-Pao|Chien-Pao, L50|100\/100\n|switch|p2a: Fezandipiti|Fezandipiti, L50, M|100\/100\n|switch|p2b: Iron Hands|Iron Hands, L50|100\/100\n|-ability|p1b: Chien-Pao|Sword of Ruin\n|-ability|p1a: Arcanine|Intimidate|boost\n|-unboost|p2a: Fezandipiti|atk|1\n|-unboost|p2b: Iron Hands|atk|1\n|turn|1\n|inactive|Dryslide has 30 seconds left.\n|\n|t:|1700232357\n|move|p1b: Chien-Pao|Icicle Crash|p2a: Fezandipiti\n|-damage|p2a: Fezandipiti|53\/100\n|move|p1a: Arcanine|Head Smash|p2a: Fezandipiti\n|-damage|p2a: Fezandipiti|0 fnt\n|faint|p2a: Fezandipiti\n|-damage|p1a: Arcanine|71\/100|[from] Recoil\n|move|p2b: Iron Hands|Belly Drum|p2b: Iron Hands\n|-damage|p2b: Iron Hands|50\/100\n|-setboost|p2b: Iron Hands|atk|6|[from] move: Belly Drum\n|-enditem|p2b: Iron Hands|Sitrus Berry|[eat]\n|-heal|p2b: Iron Hands|75\/100|[from] item: Sitrus Berry\n|\n|upkeep\n|\n|t:|1700232372\n|switch|p2a: Grimmsnarl|Grimmsnarl, L50, M|100\/100\n|turn|2\n|\n|t:|1700232396\n|switch|p1b: Flutter Mane|Flutter Mane, L50|100\/100\n|-enditem|p1b: Flutter Mane|Booster Energy\n|-activate|p1b: Flutter Mane|ability: Protosynthesis|[fromitem]\n|-start|p1b: Flutter Mane|protosynthesisspa\n|-terastallize|p1a: Arcanine|Fairy\n|move|p2a: Grimmsnarl|Fake Out|p1b: Flutter Mane\n|-immune|p1b: Flutter Mane\n|move|p1a: Arcanine|Head Smash|p2b: Iron Hands\n|-resisted|p2b: Iron Hands\n|-damage|p2b: Iron Hands|42\/100\n|-damage|p1a: Arcanine|45\/100|[from] Recoil\n|move|p2b: Iron Hands|Drain Punch|p1a: Arcanine\n|-resisted|p1a: Arcanine\n|-damage|p1a: Arcanine|0 fnt\n|-heal|p2b: Iron Hands|57\/100|[from] drain|[of] p1a: Arcanine\n|faint|p1a: Arcanine\n|\n|upkeep\n|\n|t:|1700232405\n|switch|p1a: Urshifu|Urshifu-Rapid-Strike, L50, M|100\/100\n|turn|3\n|inactive|lozraff has 30 seconds left.\n|\n|t:|1700232436\n|-terastallize|p2b: Iron Hands|Fairy\n|move|p1a: Urshifu|Detect|p1a: Urshifu\n|-singleturn|p1a: Urshifu|Protect\n|move|p2a: Grimmsnarl|Parting Shot|p1a: Urshifu\n|-activate|p1a: Urshifu|move: Protect\n|move|p1b: Flutter Mane|Moonblast|p2b: Iron Hands\n|-damage|p2b: Iron Hands|12\/100\n|-unboost|p2b: Iron Hands|spa|1\n|move|p2b: Iron Hands|Tera Blast|p1b: Flutter Mane|[anim] Tera Blast Fairy\n|-damage|p1b: Flutter Mane|0 fnt\n|faint|p1b: Flutter Mane\n|-end|p1b: Flutter Mane|Protosynthesis|[silent]\n|\n|upkeep\n|\n|t:|1700232440\n|switch|p1b: Chien-Pao|Chien-Pao, L50|100\/100\n|-ability|p1b: Chien-Pao|Sword of Ruin\n|turn|4\n|\n|t:|1700232464\n|move|p2a: Grimmsnarl|Parting Shot|p1a: Urshifu\n|-unboost|p1a: Urshifu|atk|1\n|-unboost|p1a: Urshifu|spa|1\n|\n|t:|1700232468\n|switch|p2a: Sinistcha|Sinistcha-Masterpiece, L50|100\/100|[from] Parting Shot\n|-heal|p2b: Iron Hands|37\/100|[from] ability: Hospitality|[of] p2a: Sinistcha\n|move|p1b: Chien-Pao|Icicle Crash|p2b: Iron Hands\n|-damage|p2b: Iron Hands|4\/100\n|move|p1a: Urshifu|Surging Strikes|p2a: Sinistcha\n|-resisted|p2a: Sinistcha\n|-crit|p2a: Sinistcha\n|-damage|p2a: Sinistcha|88\/100\n|-resisted|p2a: Sinistcha\n|-crit|p2a: Sinistcha\n|-damage|p2a: Sinistcha|76\/100\n|-resisted|p2a: Sinistcha\n|-crit|p2a: Sinistcha\n|-damage|p2a: Sinistcha|65\/100\n|-hitcount|p2a: Sinistcha|3\n|cant|p2b: Iron Hands|flinch\n|\n|upkeep\n|turn|5\n|c|\u2606lozraff|noooo\n|c|\u2606lozraff|it had gone so well haha\n|inactive|Dryslide has 30 seconds left.\n|inactive|lozraff has 30 seconds left.\n|\n|t:|1700232502\n|switch|p2a: Grimmsnarl|Grimmsnarl, L50, M|100\/100\n|move|p2b: Iron Hands|Protect|p2b: Iron Hands\n|-singleturn|p2b: Iron Hands|Protect\n|move|p1b: Chien-Pao|Crunch|p2a: Grimmsnarl\n|-resisted|p2a: Grimmsnarl\n|-damage|p2a: Grimmsnarl|86\/100\n|move|p1a: Urshifu|Surging Strikes|p2b: Iron Hands\n|-crit|p2b: Iron Hands\n|-damage|p2b: Iron Hands|0 fnt\n|faint|p2b: Iron Hands\n|-end|p2b: Iron Hands|Quark Drive|[silent]\n|-hitcount|p2: Iron Hands|1\n|\n|upkeep\n|\n|t:|1700232513\n|switch|p2b: Sinistcha|Sinistcha-Masterpiece, L50|65\/100\n|-heal|p2a: Grimmsnarl|100\/100|[from] ability: Hospitality|[of] p2b: Sinistcha\n|turn|6\n|\n|t:|1700232533\n|move|p1a: Urshifu|Detect|p1a: Urshifu\n|-singleturn|p1a: Urshifu|Protect\n|move|p2a: Grimmsnarl|Fake Out|p1b: Chien-Pao\n|-damage|p1b: Chien-Pao|80\/100\n|cant|p1b: Chien-Pao|flinch\n|move|p2b: Sinistcha|Nasty Plot|p2b: Sinistcha\n|-boost|p2b: Sinistcha|spa|2\n|\n|upkeep\n|turn|7\n|\n|t:|1700232548\n|move|p2a: Grimmsnarl|Sucker Punch|p1a: Urshifu\n|-resisted|p1a: Urshifu\n|-damage|p1a: Urshifu|78\/100\n|move|p1b: Chien-Pao|Icicle Crash|p2b: Sinistcha\n|-supereffective|p2b: Sinistcha\n|-damage|p2b: Sinistcha|0 fnt\n|faint|p2b: Sinistcha\n|move|p1a: Urshifu|Surging Strikes|p2a: Grimmsnarl\n|-crit|p2a: Grimmsnarl\n|-damage|p2a: Grimmsnarl|70\/100\n|-crit|p2a: Grimmsnarl\n|-damage|p2a: Grimmsnarl|39\/100\n|-crit|p2a: Grimmsnarl\n|-damage|p2a: Grimmsnarl|7\/100\n|-hitcount|p2a: Grimmsnarl|3\n|\n|upkeep\n|turn|8\n|-message|lozraff forfeited.\n|\n|win|Dryslide\n|raw|Dryslide's rating: 1290 &rarr; <strong>1314<\/strong><br \/>(+24 for winning)\n|raw|lozraff's rating: 1276 &rarr; <strong>1252<\/strong><br \/>(-24 for losing)\n|l|\u2606lozraff\n","uploadtime":1700232564,"views":29,"p1id":"dryslide","p2id":"lozraff","formatid":"gen9vgc2023regulatione","rating":1252,"private":0,"password":""}