{"id":"gen9vgc2023regulatione-1988851969","p1":"Killertimx","p2":"larryquest","format":"[Gen 9] VGC 2023 Regulation E","log":"|j|\u2606Killertimx\n|j|\u2606larryquest\n|t:|1699773931\n|gametype|doubles\n|player|p1|Killertimx|169|1019\n|player|p2|larryquest|101|1110\n|teamsize|p1|6\n|teamsize|p2|6\n|gen|9\n|tier|[Gen 9] VGC 2023 Regulation E\n|rated|\n|rule|Species Clause: Limit one of each Pok\u00e9mon\n|rule|Item Clause: Limit one of each item\n|clearpoke\n|poke|p1|Amoonguss, L50, F|\n|poke|p1|Arcanine, L50, M|\n|poke|p1|Gothitelle, L50, M|\n|poke|p1|Flutter Mane, L50|\n|poke|p1|Ting-Lu, L50|\n|poke|p1|Snorlax, L50, M|\n|poke|p2|Tyranitar, L50, M|\n|poke|p2|Magnezone, L50|\n|poke|p2|Gastrodon-East, L50, F|\n|poke|p2|Cinderace, L50, M|\n|poke|p2|Gliscor, L50, M|\n|poke|p2|Garchomp, L50, M|\n|teampreview|4\n|\n|t:|1699773949\n|start\n|switch|p1a: Flutter Mane|Flutter Mane, L50|100\/100\n|switch|p1b: Arcade|Arcanine, L50, M|100\/100\n|switch|p2a: Magnezone|Magnezone, L50|100\/100\n|switch|p2b: Gastrodon|Gastrodon-East, L50, F|100\/100\n|-ability|p1b: Arcade|Intimidate|boost\n|-unboost|p2a: Magnezone|atk|1\n|-unboost|p2b: Gastrodon|atk|1\n|-enditem|p1a: Flutter Mane|Booster Energy\n|-activate|p1a: Flutter Mane|ability: Protosynthesis|[fromitem]\n|-start|p1a: Flutter Mane|protosynthesisspe\n|turn|1\n|\n|t:|1699773971\n|-end|p1a: Flutter Mane|Protosynthesis|[silent]\n|switch|p1a: Snorlax|Snorlax, L50, M|100\/100\n|-terastallize|p2a: Magnezone|Fighting\n|move|p1b: Arcade|Flare Blitz|p2a: Magnezone\n|-damage|p2a: Magnezone|25\/100\n|-enditem|p2a: Magnezone|Mago Berry|[eat]\n|-heal|p2a: Magnezone|59\/100|[from] item: Mago Berry\n|-damage|p1b: Arcade|78\/100|[from] Recoil\n|-damage|p1b: Arcade|69\/100|[from] item: Life Orb\n|move|p2a: Magnezone|Thunderbolt|p1a: Snorlax\n|-damage|p1a: Snorlax|68\/100\n|move|p2b: Gastrodon|Muddy Water|p1b: Arcade|[spread] p1a,p1b\n|-supereffective|p1b: Arcade\n|-damage|p1a: Snorlax|51\/100\n|-damage|p1b: Arcade|5\/100\n|-unboost|p1a: Snorlax|accuracy|1\n|\n|upkeep\n|turn|2\n|\n|t:|1699773997\n|move|p1a: Snorlax|Protect|p1a: Snorlax\n|-singleturn|p1a: Snorlax|Protect\n|move|p1b: Arcade|Extreme Speed|p2a: Magnezone\n|-damage|p2a: Magnezone|27\/100\n|-damage|p1b: Arcade|0 fnt|[from] item: Life Orb\n|faint|p1b: Arcade\n|move|p2a: Magnezone|Tera Blast|p1a: Snorlax|[anim] Tera Blast Fighting\n|-activate|p1a: Snorlax|move: Protect\n|move|p2b: Gastrodon|Muddy Water|p1a: Snorlax\n|-activate|p1a: Snorlax|move: Protect\n|\n|upkeep\n|\n|t:|1699774011\n|switch|p1b: Gothitelle|Gothitelle, L50, M|100\/100\n|turn|3\n|\n|t:|1699774031\n|move|p1b: Gothitelle|Heal Pulse|p1a: Snorlax\n|-heal|p1a: Snorlax|100\/100\n|move|p2a: Magnezone|Tera Blast|p1a: Snorlax|[anim] Tera Blast Fighting\n|-supereffective|p1a: Snorlax\n|-damage|p1a: Snorlax|45\/100\n|-enditem|p1a: Snorlax|Sitrus Berry|[eat]\n|-heal|p1a: Snorlax|70\/100|[from] item: Sitrus Berry\n|move|p2b: Gastrodon|Muddy Water|p1b: Gothitelle|[spread] p1a,p1b\n|-damage|p1a: Snorlax|52\/100\n|-damage|p1b: Gothitelle|78\/100\n|move|p1a: Snorlax|Belly Drum|p1a: Snorlax\n|-damage|p1a: Snorlax|2\/100\n|-setboost|p1a: Snorlax|atk|6|[from] move: Belly Drum\n|\n|-heal|p1b: Gothitelle|84\/100|[from] item: Leftovers\n|upkeep\n|turn|4\n|\n|t:|1699774054\n|move|p1b: Gothitelle|Heal Pulse|p1a: Snorlax\n|-heal|p1a: Snorlax|52\/100\n|move|p2a: Magnezone|Thunderbolt|p1b: Gothitelle\n|-damage|p1b: Gothitelle|40\/100\n|move|p2b: Gastrodon|Muddy Water|p1b: Gothitelle|[spread] p1a,p1b\n|-damage|p1a: Snorlax|33\/100\n|-damage|p1b: Gothitelle|16\/100\n|-unboost|p1a: Snorlax|accuracy|1\n|move|p1a: Snorlax|Facade|p2b: Gastrodon\n|-damage|p2b: Gastrodon|0 fnt\n|faint|p2b: Gastrodon\n|\n|-heal|p1b: Gothitelle|22\/100|[from] item: Leftovers\n|upkeep\n|\n|t:|1699774070\n|switch|p2b: Gliscor|Gliscor, L50, M|100\/100\n|turn|5\n|\n|t:|1699774084\n|move|p2b: Gliscor|Toxic|p1a: Snorlax\n|-status|p1a: Snorlax|tox\n|move|p1b: Gothitelle|Heal Pulse|p1a: Snorlax\n|-heal|p1a: Snorlax|83\/100 tox\n|move|p2a: Magnezone|Thunderbolt|p1b: Gothitelle\n|-damage|p1b: Gothitelle|0 fnt\n|faint|p1b: Gothitelle\n|move|p1a: Snorlax|Facade|p2b: Gliscor\n|-damage|p2b: Gliscor|0 fnt\n|-damage|p1a: Snorlax|66\/100 tox|[from] item: Rocky Helmet|[of] p2b: Gliscor\n|faint|p2b: Gliscor\n|\n|-damage|p1a: Snorlax|60\/100 tox|[from] psn\n|upkeep\n|\n|t:|1699774101\n|switch|p2b: Cinderace|Cinderace, L50, M|100\/100\n|switch|p1b: Flutter Mane|Flutter Mane, L50|100\/100\n|turn|6\n|\n|t:|1699774118\n|move|p1b: Flutter Mane|Moonblast|p2a: Magnezone\n|-supereffective|p2a: Magnezone\n|-damage|p2a: Magnezone|0 fnt\n|faint|p2a: Magnezone\n|move|p2b: Cinderace|Pyro Ball|p1b: Flutter Mane\n|-damage|p1b: Flutter Mane|0 fnt\n|faint|p1b: Flutter Mane\n|-end|p1b: Flutter Mane|Protosynthesis|[silent]\n|move|p1a: Snorlax|High Horsepower|p2b: Cinderace\n|-supereffective|p2b: Cinderace\n|-damage|p2b: Cinderace|0 fnt\n|faint|p2b: Cinderace\n|\n|win|Killertimx\n|raw|Killertimx's rating: 1019 &rarr; <strong>1066<\/strong><br \/>(+47 for winning)\n|raw|larryquest's rating: 1110 &rarr; <strong>1079<\/strong><br \/>(-31 for losing)\n|l|\u2606larryquest\n","uploadtime":1699774134,"views":28,"p1id":"killertimx","p2id":"larryquest","formatid":"gen9vgc2023regulatione","rating":1066,"private":0,"password":""}