{"id":"gen9vgc2023regulatione-1990665272","p1":"dsfadfadsfa","p2":"Poisontoon","format":"[Gen 9] VGC 2023 Regulation E","log":"|j|\u2606dsfadfadsfa\n|j|\u2606Poisontoon\n|t:|1699989985\n|gametype|doubles\n|player|p1|dsfadfadsfa|beauty|1052\n|player|p2|Poisontoon|twins-gen4dp|1040\n|teamsize|p1|6\n|teamsize|p2|5\n|gen|9\n|tier|[Gen 9] VGC 2023 Regulation E\n|rated|\n|rule|Species Clause: Limit one of each Pok\u00e9mon\n|rule|Item Clause: Limit one of each item\n|clearpoke\n|poke|p1|Chien-Pao, L50|\n|poke|p1|Amoonguss, L50, M|\n|poke|p1|Hatterene, L50, F|\n|poke|p1|Gyarados, L50, M|\n|poke|p1|Volcarona, L50, M|\n|poke|p1|Ogerpon, L50, F|\n|poke|p2|Oranguru, L50, M|\n|poke|p2|Iron Jugulis, L50|\n|poke|p2|Pincurchin, L50, M|\n|poke|p2|Pikachu-Unova, L50, M|\n|poke|p2|Iron Hands, L50|\n|teampreview|4\n|\n|t:|1699990029\n|start\n|switch|p1a: Hatterene|Hatterene, L50, F|100\/100\n|switch|p1b: Ogerpon|Ogerpon, L50, F|100\/100\n|switch|p2a: Pincurchin|Pincurchin, L50, M, shiny|100\/100\n|switch|p2b: Pikachu|Pikachu-Unova, L50, M|100\/100\n|-fieldstart|move: Electric Terrain|[from] ability: Electric Surge|[of] p2a: Pincurchin\n|-enditem|p2a: Pincurchin|Electric Seed\n|-boost|p2a: Pincurchin|def|1|[from] item: Electric Seed\n|turn|1\n|\n|t:|1699990046\n|move|p2b: Pikachu|Endure|p2b: Pikachu\n|-singleturn|p2b: Pikachu|move: Endure\n|move|p1b: Ogerpon|Stomping Tantrum|p2b: Pikachu\n|-supereffective|p2b: Pikachu\n|-activate|p2b: Pikachu|move: Endure\n|-damage|p2b: Pikachu|1\/100\n|-damage|p1b: Ogerpon|91\/100|[from] item: Life Orb\n|move|p2a: Pincurchin|Discharge|p1b: Ogerpon|[spread] p1a,p1b\n|-ability|p2b: Pikachu|Lightning Rod|boost\n|-boost|p2b: Pikachu|spa|1\n|-resisted|p1b: Ogerpon\n|-damage|p1a: Hatterene|72\/100\n|-damage|p1b: Ogerpon|75\/100\n|move|p1a: Hatterene|Trick Room|p1a: Hatterene\n|-fieldstart|move: Trick Room|[of] p1a: Hatterene\n|\n|upkeep\n|turn|2\n|\n|t:|1699990081\n|-terastallize|p2b: Pikachu|Water\n|move|p1a: Hatterene|Dazzling Gleam|p2a: Pincurchin|[spread] p2a,p2b\n|-damage|p2a: Pincurchin|71\/100\n|-damage|p2b: Pikachu|0 fnt\n|faint|p2b: Pikachu\n|move|p2a: Pincurchin|Discharge|p1b: Ogerpon|[spread] p1a,p1b\n|-resisted|p1b: Ogerpon\n|-damage|p1a: Hatterene|45\/100\n|-damage|p1b: Ogerpon|60\/100\n|move|p1b: Ogerpon|Stomping Tantrum|p2a: Pincurchin\n|-supereffective|p2a: Pincurchin\n|-damage|p2a: Pincurchin|17\/100\n|-damage|p1b: Ogerpon|50\/100|[from] item: Life Orb\n|\n|upkeep\n|\n|t:|1699990096\n|switch|p2b: Iron Jugulis|Iron Jugulis, L50|100\/100\n|-activate|p2b: Iron Jugulis|ability: Quark Drive\n|-start|p2b: Iron Jugulis|quarkdrivespa\n|turn|3\n|\n|t:|1699990117\n|move|p1b: Ogerpon|Follow Me|p1b: Ogerpon\n|-singleturn|p1b: Ogerpon|move: Follow Me\n|move|p1a: Hatterene|Dazzling Gleam|p2b: Iron Jugulis|[spread] p2a,p2b\n|-supereffective|p2b: Iron Jugulis\n|-damage|p2a: Pincurchin|0 fnt\n|-damage|p2b: Iron Jugulis|20\/100\n|faint|p2a: Pincurchin\n|move|p2b: Iron Jugulis|Heat Wave|p1b: Ogerpon|[spread] p1a,p1b\n|-supereffective|p1b: Ogerpon\n|-damage|p1a: Hatterene|8\/100\n|-damage|p1b: Ogerpon|0 fnt\n|faint|p1b: Ogerpon\n|\n|upkeep\n|\n|t:|1699990130\n|switch|p2a: Oranguru|Oranguru, L50, M|100\/100\n|switch|p1b: Amoonguss|Amoonguss, L50, M|100\/100\n|turn|4\n|\n|t:|1699990145\n|move|p1a: Hatterene|Dazzling Gleam|p2a: Oranguru|[spread] p2a,p2b\n|-supereffective|p2b: Iron Jugulis\n|-damage|p2a: Oranguru|70\/100\n|-damage|p2b: Iron Jugulis|0 fnt\n|faint|p2b: Iron Jugulis\n|-end|p2b: Iron Jugulis|Quark Drive|[silent]\n|move|p1b: Amoonguss|Spore|p2a: Oranguru\n|-activate|p2a: Oranguru|move: Electric Terrain\n|move|p2a: Oranguru|Foul Play|p1a: Hatterene\n|-damage|p1a: Hatterene|0 fnt\n|faint|p1a: Hatterene\n|\n|upkeep\n|\n|t:|1699990149\n|switch|p1a: Chien-Pao|Chien-Pao, L50|100\/100\n|-ability|p1a: Chien-Pao|Sword of Ruin\n|turn|5\n|-message|Poisontoon forfeited.\n|\n|win|dsfadfadsfa\n|raw|dsfadfadsfa's rating: 1052 &rarr; <strong>1083<\/strong><br \/>(+31 for winning)\n|raw|Poisontoon's rating: 1040 &rarr; <strong>1025<\/strong><br \/>(-15 for losing)\n|l|\u2606Poisontoon\n","uploadtime":1699990164,"views":12,"p1id":"dsfadfadsfa","p2id":"poisontoon","formatid":"gen9vgc2023regulatione","rating":1025,"private":0,"password":""}