{"id":"gen9vgc2023regulatione-2000069529","p1":"baobingjiang","p2":"PsychoR&R","format":"[Gen 9] VGC 2023 Regulation E","log":"|j|\u2606baobingjiang\n|j|\u2606PsychoR&R\n|t:|1701149214\n|gametype|doubles\n|player|p1|baobingjiang|265|1404\n|player|p2|PsychoR&R|170|1482\n|teamsize|p1|6\n|teamsize|p2|6\n|gen|9\n|tier|[Gen 9] VGC 2023 Regulation E\n|rated|\n|rule|Species Clause: Limit one of each Pok\u00e9mon\n|rule|Item Clause: Limit one of each item\n|clearpoke\n|poke|p1|Gyarados, L50, F|\n|poke|p1|Volcarona, L50, M|\n|poke|p1|Iron Bundle, L50|\n|poke|p1|Sinistcha, L50|\n|poke|p1|Ninetales-Alola, L50, M|\n|poke|p1|Iron Hands, L50|\n|poke|p2|Tornadus, L50, M|\n|poke|p2|Urshifu-*, L50, F|\n|poke|p2|Gholdengo, L50|\n|poke|p2|Arcanine-Hisui, L50, M|\n|poke|p2|Rillaboom, L50, M|\n|poke|p2|Roaring Moon, L50|\n|teampreview|4\n|inactive|Battle timer is ON: inactive players will automatically lose when time's up. (requested by baobingjiang)\nPsychoR&R has agreed to open team sheets.\n|inactive|baobingjiang has 60 seconds left.\n|inactive|PsychoR&R has 60 seconds left.\n|\n|t:|1701149252\n|start\n|switch|p1a: Iron Bundle|Iron Bundle, L50|100\/100\n|switch|p1b: Iron Hands|Iron Hands, L50|100\/100\n|switch|p2a: Tornadus|Tornadus, L50, M|100\/100\n|switch|p2b: Roaring Moon|Roaring Moon, L50|100\/100\n|-enditem|p1a: Iron Bundle|Booster Energy\n|-activate|p1a: Iron Bundle|ability: Quark Drive|[fromitem]\n|-start|p1a: Iron Bundle|quarkdrivespe\n|turn|1\n|\n|t:|1701149269\n|move|p2b: Roaring Moon|Protect|p2b: Roaring Moon\n|-singleturn|p2b: Roaring Moon|Protect\n|move|p2a: Tornadus|Tailwind|p2a: Tornadus\n|-sidestart|p2: PsychoR&R|move: Tailwind\n|move|p1a: Iron Bundle|Encore|p2a: Tornadus\n|-start|p2a: Tornadus|Encore\n|move|p1b: Iron Hands|Drain Punch|p2b: Roaring Moon\n|-activate|p2b: Roaring Moon|move: Protect\n|\n|upkeep\n|turn|2\n|\n|t:|1701149283\n|switch|p2a: Arcanine|Arcanine-Hisui, L50, M|100\/100\n|-ability|p2a: Arcanine|Intimidate|boost\n|-unboost|p1a: Iron Bundle|atk|1\n|-unboost|p1b: Iron Hands|atk|1\n|-end|p1a: Iron Bundle|Quark Drive|[silent]\n|switch|p1a: Gyarados|Gyarados, L50, F|100\/100\n|-ability|p1a: Gyarados|Intimidate|boost\n|-unboost|p2a: Arcanine|atk|1\n|-fail|p2b: Roaring Moon|unboost|[from] item: Clear Amulet|[of] p2b: Roaring Moon\n|move|p2b: Roaring Moon|Breaking Swipe|p1b: Iron Hands|[spread] p1a,p1b\n|-damage|p1a: Gyarados|67\/100\n|-damage|p1b: Iron Hands|84\/100\n|-unboost|p1a: Gyarados|atk|1\n|-unboost|p1b: Iron Hands|atk|1\n|move|p1b: Iron Hands|Drain Punch|p2b: Roaring Moon\n|-supereffective|p2b: Roaring Moon\n|-damage|p2b: Roaring Moon|55\/100\n|-heal|p1b: Iron Hands|100\/100|[from] drain|[of] p2b: Roaring Moon\n|\n|upkeep\n|turn|3\n|\n|t:|1701149304\n|switch|p2a: Tornadus|Tornadus, L50, M|100\/100\n|-end|p1b: Iron Hands|Quark Drive|[silent]\n|switch|p1b: Iron Bundle|Iron Bundle, L50|100\/100\n|-terastallize|p2b: Roaring Moon|Ground\n|move|p1a: Gyarados|Protect|p1a: Gyarados\n|-singleturn|p1a: Gyarados|Protect\n|move|p2b: Roaring Moon|Tera Blast|p1b: Iron Bundle|[anim] Tera Blast Ground\n|-damage|p1b: Iron Bundle|56\/100\n|\n|upkeep\n|turn|4\n|\n|t:|1701149322\n|move|p2b: Roaring Moon|Breaking Swipe|p1a: Gyarados|[spread] p1a,p1b\n|-damage|p1a: Gyarados|37\/100\n|-damage|p1b: Iron Bundle|30\/100\n|-unboost|p1a: Gyarados|atk|1\n|-unboost|p1b: Iron Bundle|atk|1\n|-enditem|p1a: Gyarados|Sitrus Berry|[eat]\n|-heal|p1a: Gyarados|61\/100|[from] item: Sitrus Berry\n|move|p2a: Tornadus|Bleakwind Storm|p1a: Gyarados|[spread] p1a,p1b\n|-damage|p1a: Gyarados|26\/100\n|-damage|p1b: Iron Bundle|0 fnt\n|faint|p1b: Iron Bundle\n|-end|p1b: Iron Bundle|Quark Drive|[silent]\n|move|p1a: Gyarados|Waterfall|p2b: Roaring Moon\n|-supereffective|p2b: Roaring Moon\n|-damage|p2b: Roaring Moon|9\/100\n|\n|-sideend|p2: PsychoR&R|move: Tailwind\n|upkeep\n|\n|t:|1701149341\n|switch|p1b: Iron Hands|Iron Hands, L50|100\/100\n|turn|5\n|\n|t:|1701149349\n|-end|p2b: Roaring Moon|Protosynthesis|[silent]\n|switch|p2b: Arcanine|Arcanine-Hisui, L50, M|100\/100\n|-ability|p2b: Arcanine|Intimidate|boost\n|-unboost|p1a: Gyarados|atk|1\n|-unboost|p1b: Iron Hands|atk|1\n|switch|p1a: Volcarona|Volcarona, L50, M|100\/100\n|move|p2a: Tornadus|Tailwind|p2a: Tornadus\n|-sidestart|p2: PsychoR&R|move: Tailwind\n|move|p1b: Iron Hands|Wild Charge|p2a: Tornadus\n|-supereffective|p2a: Tornadus\n|-damage|p2a: Tornadus|16\/100\n|-damage|p1b: Iron Hands|84\/100|[from] Recoil\n|\n|upkeep\n|turn|6\n|\n|t:|1701149370\n|-end|p1b: Iron Hands|Quark Drive|[silent]\n|switch|p1b: Gyarados|Gyarados, L50, F|26\/100\n|-ability|p1b: Gyarados|Intimidate|boost\n|-unboost|p2a: Tornadus|atk|1\n|-unboost|p2b: Arcanine|atk|1\n|-terastallize|p1a: Volcarona|Dragon\n|move|p2a: Tornadus|Sunny Day|p2a: Tornadus\n|-weather|SunnyDay\n|move|p2b: Arcanine|Flare Blitz|p1b: Gyarados\n|-resisted|p1b: Gyarados\n|-damage|p1b: Gyarados|0 fnt\n|faint|p1b: Gyarados\n|-damage|p2b: Arcanine|93\/100|[from] Recoil\n|move|p1a: Volcarona|Heat Wave|p2b: Arcanine|[spread] p2a,p2b\n|-resisted|p2b: Arcanine\n|-damage|p2a: Tornadus|0 fnt\n|-damage|p2b: Arcanine|78\/100\n|faint|p2a: Tornadus\n|\n|-weather|SunnyDay|[upkeep]\n|upkeep\n|\n|t:|1701149390\n|switch|p2a: Roaring Moon|Roaring Moon, L50, tera:Ground|9\/100\n|switch|p1b: Iron Hands|Iron Hands, L50|84\/100\n|-activate|p2a: Roaring Moon|ability: Protosynthesis\n|-start|p2a: Roaring Moon|protosynthesisatk\n|turn|7\n|\n|t:|1701149399\n|switch|p2b: Urshifu|Urshifu, L50, F|100\/100\n|move|p2a: Roaring Moon|Protect|p2a: Roaring Moon\n|-singleturn|p2a: Roaring Moon|Protect\n|move|p1a: Volcarona|Struggle Bug|p2a: Roaring Moon|[spread] p2b\n|-activate|p2a: Roaring Moon|move: Protect\n|-damage|p2b: Urshifu|73\/100\n|-unboost|p2b: Urshifu|spa|1\n|move|p1b: Iron Hands|Drain Punch|p2b: Urshifu\n|-supereffective|p2b: Urshifu\n|-damage|p2b: Urshifu|0 fnt\n|-heal|p1b: Iron Hands|100\/100|[from] drain|[of] p2b: Urshifu\n|faint|p2b: Urshifu\n|\n|-weather|SunnyDay|[upkeep]\n|upkeep\n|\n|t:|1701149409\n|switch|p2b: Arcanine|Arcanine-Hisui, L50, M|78\/100\n|-ability|p2b: Arcanine|Intimidate|boost\n|-unboost|p1a: Volcarona|atk|1\n|-unboost|p1b: Iron Hands|atk|1\n|turn|8\n|\n|t:|1701149425\n|move|p2a: Roaring Moon|Breaking Swipe|p1b: Iron Hands|[spread] p1a,p1b\n|-supereffective|p1a: Volcarona\n|-damage|p1a: Volcarona|19\/100\n|-damage|p1b: Iron Hands|79\/100\n|-unboost|p1a: Volcarona|atk|1\n|-unboost|p1b: Iron Hands|atk|1\n|move|p2b: Arcanine|Flare Blitz|p1b: Iron Hands\n|-crit|p1b: Iron Hands\n|-damage|p1b: Iron Hands|0 fnt\n|faint|p1b: Iron Hands\n|-end|p1b: Iron Hands|Quark Drive|[silent]\n|-damage|p2b: Arcanine|44\/100|[from] Recoil\n|move|p1a: Volcarona|Struggle Bug|p2b: Arcanine|[spread] p2a,p2b\n|-resisted|p2b: Arcanine\n|-damage|p2a: Roaring Moon|0 fnt\n|-damage|p2b: Arcanine|33\/100\n|-unboost|p2b: Arcanine|spa|1\n|faint|p2a: Roaring Moon\n|-end|p2a: Roaring Moon|Protosynthesis|[silent]\n|\n|-weather|SunnyDay|[upkeep]\n|-heal|p1a: Volcarona|25\/100|[from] item: Leftovers\n|-sideend|p2: PsychoR&R|move: Tailwind\n|upkeep\n|turn|9\n|\n|t:|1701149444\n|move|p1a: Volcarona|Protect|p1a: Volcarona\n|-singleturn|p1a: Volcarona|Protect\n|move|p2b: Arcanine|Flare Blitz|p1a: Volcarona\n|-activate|p1a: Volcarona|move: Protect\n|\n|-weather|SunnyDay|[upkeep]\n|-heal|p1a: Volcarona|32\/100|[from] item: Leftovers\n|upkeep\n|turn|10\n|\n|t:|1701149453\n|move|p1a: Volcarona|Heat Wave|p2b: Arcanine\n|-resisted|p2b: Arcanine\n|-damage|p2b: Arcanine|11\/100\n|move|p2b: Arcanine|Flare Blitz|p1a: Volcarona\n|-resisted|p1a: Volcarona\n|-damage|p1a: Volcarona|0 fnt\n|faint|p1a: Volcarona\n|-damage|p2b: Arcanine|0 fnt|[from] Recoil\n|faint|p2b: Arcanine\n|\n|win|PsychoR&R\n|raw|baobingjiang's rating: 1404 &rarr; <strong>1388<\/strong><br \/>(-16 for losing)\n|raw|PsychoR&amp;R's rating: 1482 &rarr; <strong>1498<\/strong><br \/>(+16 for winning)\n|l|\u2606baobingjiang\n","uploadtime":1701149467,"views":30,"p1id":"baobingjiang","p2id":"psychorr","formatid":"gen9vgc2023regulatione","rating":1388,"private":0,"password":""}