{"id":"gen9vgc2023regulatione-1998916575","p1":"xingshen","p2":"Nkmw1996","format":"[Gen 9] VGC 2023 Regulation E","log":"|j|\u2606xingshen\n|j|\u2606Nkmw1996\n|t:|1701012743\n|gametype|doubles\n|player|p1|xingshen|1|1285\n|player|p2|Nkmw1996|266|1173\n|teamsize|p1|6\n|teamsize|p2|6\n|gen|9\n|tier|[Gen 9] VGC 2023 Regulation E\n|rated|\n|rule|Species Clause: Limit one of each Pok\u00e9mon\n|rule|Item Clause: Limit one of each item\n|clearpoke\n|poke|p1|Indeedee-F, L50, F|\n|poke|p1|Ting-Lu, L50|\n|poke|p1|Sinistcha-Masterpiece, L50|\n|poke|p1|Gallade, L50, M|\n|poke|p1|Avalugg-Hisui, L50, F|\n|poke|p1|Ursaluna-Bloodmoon, L50, M|\n|poke|p2|Tyranitar, L50, F|\n|poke|p2|Garchomp, L50, F|\n|poke|p2|Flutter Mane, L50|\n|poke|p2|Corviknight, L50, F|\n|poke|p2|Amoonguss, L50, M|\n|poke|p2|Ogerpon-Wellspring, L50, F|\n|teampreview|4\n|\n|t:|1701012809\n|start\n|switch|p1a: Indeedee|Indeedee-F, L50, F|100\/100\n|switch|p1b: Sinistcha|Sinistcha-Masterpiece, L50|100\/100\n|switch|p2a: Tyranitar|Tyranitar, L50, F, shiny|100\/100\n|switch|p2b: Flutter Mane|Flutter Mane, L50|100\/100\n|-item|p2b: Flutter Mane|Air Balloon\n|-fieldstart|move: Psychic Terrain|[from] ability: Psychic Surge|[of] p1a: Indeedee\n|-weather|Sandstorm|[from] ability: Sand Stream|[of] p2a: Tyranitar\n|turn|1\n|\n|t:|1701012838\n|-terastallize|p2a: Tyranitar|Flying\n|move|p1a: Indeedee|Follow Me|p1a: Indeedee\n|-singleturn|p1a: Indeedee|move: Follow Me\n|move|p2b: Flutter Mane|Shadow Ball|p1a: Indeedee\n|-immune|p1a: Indeedee\n|move|p2a: Tyranitar|Dragon Dance|p2a: Tyranitar\n|-boost|p2a: Tyranitar|atk|1\n|-boost|p2a: Tyranitar|spe|1\n|move|p1b: Sinistcha|Trick Room|p1b: Sinistcha\n|-fieldstart|move: Trick Room|[of] p1b: Sinistcha\n|\n|-weather|Sandstorm|[upkeep]\n|-damage|p1b: Sinistcha|94\/100|[from] Sandstorm\n|-damage|p1a: Indeedee|94\/100|[from] Sandstorm\n|-damage|p2a: Tyranitar|95\/100|[from] Sandstorm\n|-damage|p2b: Flutter Mane|94\/100|[from] Sandstorm\n|upkeep\n|turn|2\n|\n|t:|1701012875\n|switch|p1b: Ursaluna|Ursaluna-Bloodmoon, L50, M|100\/100\n|move|p1a: Indeedee|Follow Me|p1a: Indeedee\n|-singleturn|p1a: Indeedee|move: Follow Me\n|move|p2a: Tyranitar|Tera Blast|p1a: Indeedee|[anim] Tera Blast Flying\n|-damage|p1a: Indeedee|35\/100\n|move|p2b: Flutter Mane|Mystical Fire|p1a: Indeedee\n|-damage|p1a: Indeedee|11\/100\n|-unboost|p1a: Indeedee|spa|1\n|\n|-weather|Sandstorm|[upkeep]\n|-damage|p1a: Indeedee|4\/100|[from] Sandstorm\n|-damage|p2a: Tyranitar|89\/100|[from] Sandstorm\n|-damage|p2b: Flutter Mane|88\/100|[from] Sandstorm\n|upkeep\n|turn|3\n|\n|t:|1701012904\n|move|p1a: Indeedee|Follow Me|p1a: Indeedee\n|-singleturn|p1a: Indeedee|move: Follow Me\n|move|p1b: Ursaluna|Hyper Voice|p2a: Tyranitar|[spread] p2a,p2b\n|-damage|p2a: Tyranitar|52\/100\n|-damage|p2b: Flutter Mane|44\/100\n|-enditem|p2b: Flutter Mane|Air Balloon\n|-enditem|p1b: Ursaluna|Throat Spray\n|-boost|p1b: Ursaluna|spa|1|[from] item: Throat Spray\n|move|p2a: Tyranitar|Knock Off|p1a: Indeedee\n|-supereffective|p1a: Indeedee\n|-damage|p1a: Indeedee|0 fnt\n|-damage|p2a: Tyranitar|36\/100|[from] item: Rocky Helmet|[of] p1a: Indeedee\n|-enditem|p1a: Indeedee|Rocky Helmet|[from] move: Knock Off|[of] p2a: Tyranitar\n|faint|p1a: Indeedee\n|move|p2b: Flutter Mane|Dazzling Gleam|p1b: Ursaluna\n|-damage|p1b: Ursaluna|50\/100\n|\n|-weather|Sandstorm|[upkeep]\n|-damage|p2a: Tyranitar|30\/100|[from] Sandstorm\n|-damage|p2b: Flutter Mane|38\/100|[from] Sandstorm\n|upkeep\n|\n|t:|1701012925\n|switch|p1a: Sinistcha|Sinistcha-Masterpiece, L50|94\/100\n|-heal|p1b: Ursaluna|75\/100|[from] ability: Hospitality|[of] p1a: Sinistcha\n|turn|4\n|\n|t:|1701012941\n|move|p2b: Flutter Mane|Protect|p2b: Flutter Mane\n|-singleturn|p2b: Flutter Mane|Protect\n|move|p1a: Sinistcha|Rage Powder|p1a: Sinistcha\n|-singleturn|p1a: Sinistcha|move: Rage Powder\n|move|p1b: Ursaluna|Hyper Voice|p2b: Flutter Mane|[spread] p2a\n|-activate|p2b: Flutter Mane|move: Protect\n|-damage|p2a: Tyranitar|0 fnt\n|faint|p2a: Tyranitar\n|\n|-weather|Sandstorm|[upkeep]\n|-damage|p1a: Sinistcha|88\/100|[from] Sandstorm\n|-damage|p2b: Flutter Mane|32\/100|[from] Sandstorm\n|upkeep\n|\n|t:|1701012962\n|switch|p2a: Amoonguss|Amoonguss, L50, M|100\/100\n|turn|5\n|\n|t:|1701012977\n|move|p1a: Sinistcha|Rage Powder|p1a: Sinistcha\n|-singleturn|p1a: Sinistcha|move: Rage Powder\n|move|p2a: Amoonguss|Spore|p1b: Ursaluna\n|-status|p1b: Ursaluna|slp|[from] move: Spore\n|cant|p1b: Ursaluna|slp\n|move|p2b: Flutter Mane|Shadow Ball|p1a: Sinistcha\n|-supereffective|p1a: Sinistcha\n|-damage|p1a: Sinistcha|0 fnt\n|faint|p1a: Sinistcha\n|\n|-weather|none\n|-fieldend|move: Trick Room\n|-fieldend|move: Psychic Terrain\n|upkeep\n|\n|t:|1701012994\n|switch|p1a: Avalugg|Avalugg-Hisui, L50, F|100\/100\n|turn|6\n|\n|t:|1701013012\n|-terastallize|p1a: Avalugg|Grass\n|move|p2a: Amoonguss|Rage Powder|p2a: Amoonguss\n|-singleturn|p2a: Amoonguss|move: Rage Powder\n|move|p2b: Flutter Mane|Dazzling Gleam|p1b: Ursaluna|[spread] p1a,p1b\n|-damage|p1a: Avalugg|38\/100\n|-damage|p1b: Ursaluna|40\/100 slp\n|-curestatus|p1b: Ursaluna|slp|[msg]\n|move|p1b: Ursaluna|Hyper Voice|p2a: Amoonguss|[spread] p2a,p2b\n|-damage|p2a: Amoonguss|51\/100\n|-damage|p2b: Flutter Mane|0 fnt\n|faint|p2b: Flutter Mane\n|-end|p2b: Flutter Mane|Protosynthesis|[silent]\n|move|p1a: Avalugg|Ice Fang|p2a: Amoonguss\n|-supereffective|p2a: Amoonguss\n|-damage|p2a: Amoonguss|0 fnt\n|faint|p2a: Amoonguss\n|\n|upkeep\n|\n|t:|1701013031\n|switch|p2a: Garchomp|Garchomp, L50, F|100\/100\n|turn|7\n|\n|t:|1701013045\n|move|p2a: Garchomp|Earthquake|p1a: Avalugg|[spread] p1a,p1b\n|-resisted|p1a: Avalugg\n|-damage|p1a: Avalugg|25\/100\n|-damage|p1b: Ursaluna|2\/100\n|-enditem|p1a: Avalugg|Aguav Berry|[eat]\n|-heal|p1a: Avalugg|58\/100|[from] item: Aguav Berry\n|-damage|p2a: Garchomp|91\/100|[from] item: Life Orb\n|move|p1b: Ursaluna|Moonblast|p2a: Garchomp\n|-supereffective|p2a: Garchomp\n|-damage|p2a: Garchomp|0 fnt\n|faint|p2a: Garchomp\n|\n|win|xingshen\n|raw|xingshen's rating: 1285 &rarr; <strong>1302<\/strong><br \/>(+17 for winning)\n|raw|Nkmw1996's rating: 1173 &rarr; <strong>1156<\/strong><br \/>(-17 for losing)\n|l|\u2606Nkmw1996\n","uploadtime":1701013060,"views":5,"p1id":"xingshen","p2id":"nkmw1996","formatid":"gen9vgc2023regulatione","rating":1156,"private":0,"password":""}