{"id":"gen9vgc2023regulatione-1995705439","p1":"ChoccyMilkMafia","p2":"isredelpo2009","format":"[Gen 9] VGC 2023 Regulation E","log":"|j|\u2606ChoccyMilkMafia\n|j|\u2606isredelpo2009\n|t:|1700595573\n|gametype|doubles\n|player|p1|ChoccyMilkMafia|kieran|1011\n|player|p2|isredelpo2009|lucas|1008\n|teamsize|p1|6\n|teamsize|p2|6\n|gen|9\n|tier|[Gen 9] VGC 2023 Regulation E\n|rated|\n|rule|Species Clause: Limit one of each Pok\u00e9mon\n|rule|Item Clause: Limit one of each item\n|clearpoke\n|poke|p1|Shiftry, L50, M|\n|poke|p1|Drifblim, L50, M|\n|poke|p1|Rillaboom, L50, M|\n|poke|p1|Chi-Yu, L50|\n|poke|p1|Kommo-o, L50, M|\n|poke|p1|Fezandipiti, L50, M|\n|poke|p2|Ogerpon-Hearthflame, L50, F|\n|poke|p2|Oranguru, L50, M|\n|poke|p2|Rillaboom, L50, M|\n|poke|p2|Amoonguss, L50, M|\n|poke|p2|Maushold-Four, L50|\n|poke|p2|Landorus-Therian, L50, M|\n|teampreview|4\n|\n|t:|1700595584\n|start\n|switch|p1a: Drifblim|Drifblim, L50, M|100\/100\n|switch|p1b: Rillaboom|Rillaboom, L50, M|100\/100\n|switch|p2a: Ogerpon|Ogerpon-Hearthflame, L50, F|100\/100\n|switch|p2b: Oranguru|Oranguru, L50, M, shiny|100\/100\n|-ability|p2a: Ogerpon|Mold Breaker\n|-fieldstart|move: Grassy Terrain|[from] ability: Grassy Surge|[of] p1b: Rillaboom\n|-enditem|p1a: Drifblim|Grassy Seed\n|-boost|p1a: Drifblim|def|1|[from] item: Grassy Seed\n|turn|1\n|\n|t:|1700595606\n|switch|p2b: Rillaboom|Rillaboom, L50, M, shiny|100\/100\n|-terastallize|p2a: Ogerpon|Fire\n|detailschange|p2a: Ogerpon|Ogerpon-Hearthflame-Tera, L50, F, tera:Fire\n|-ability|p2a: Ogerpon|Embody Aspect (Hearthflame)|boost\n|-boost|p2a: Ogerpon|atk|1\n|move|p1a: Drifblim|Tailwind|p1a: Drifblim\n|-sidestart|p1: ChoccyMilkMafia|move: Tailwind\n|move|p1b: Rillaboom|U-turn|p2b: Rillaboom\n|-supereffective|p2b: Rillaboom\n|-damage|p2b: Rillaboom|48\/100\n|\n|t:|1700595617\n|switch|p1b: Chi-Yu|Chi-Yu, L50|100\/100|[from] U-turn\n|-ability|p1b: Chi-Yu|Beads of Ruin\n|move|p2a: Ogerpon|Ivy Cudgel|p1b: Chi-Yu|[anim] Ivy Cudgel Fire\n|-resisted|p1b: Chi-Yu\n|-crit|p1b: Chi-Yu\n|-damage|p1b: Chi-Yu|0 fnt\n|faint|p1b: Chi-Yu\n|\n|-heal|p2b: Rillaboom|54\/100|[from] Grassy Terrain\n|-heal|p2b: Rillaboom|59\/100|[from] item: Leftovers\n|upkeep\n|\n|t:|1700595628\n|switch|p1b: Rillaboom|Rillaboom, L50, M|100\/100\n|turn|2\n|\n|t:|1700595645\n|move|p1b: Rillaboom|Fake Out|p2a: Ogerpon\n|-damage|p2a: Ogerpon|81\/100\n|move|p2b: Rillaboom|Fake Out|p1b: Rillaboom\n|-damage|p1b: Rillaboom|87\/100\n|move|p1a: Drifblim|Icy Wind|p2a: Ogerpon|[spread] p2b\n|-miss|p1a: Drifblim|p2a: Ogerpon\n|-supereffective|p2b: Rillaboom\n|-damage|p2b: Rillaboom|35\/100\n|-unboost|p2b: Rillaboom|spe|1\n|cant|p2a: Ogerpon|flinch\n|\n|-heal|p1b: Rillaboom|93\/100|[from] Grassy Terrain\n|-heal|p2a: Ogerpon|87\/100|[from] Grassy Terrain\n|-heal|p2b: Rillaboom|41\/100|[from] Grassy Terrain\n|-heal|p2b: Rillaboom|47\/100|[from] item: Leftovers\n|upkeep\n|turn|3\n|\n|t:|1700595668\n|move|p2b: Rillaboom|Protect|p2b: Rillaboom\n|-singleturn|p2b: Rillaboom|Protect\n|move|p1a: Drifblim|Icy Wind|p2b: Rillaboom|[spread] p2a\n|-activate|p2b: Rillaboom|move: Protect\n|-resisted|p2a: Ogerpon\n|-damage|p2a: Ogerpon|81\/100\n|-unboost|p2a: Ogerpon|spe|1\n|move|p1b: Rillaboom|U-turn|p2b: Rillaboom\n|-activate|p2b: Rillaboom|move: Protect\n|move|p2a: Ogerpon|Ivy Cudgel|p1b: Rillaboom|[anim] Ivy Cudgel Fire\n|-supereffective|p1b: Rillaboom\n|-damage|p1b: Rillaboom|0 fnt\n|faint|p1b: Rillaboom\n|\n|-heal|p2a: Ogerpon|87\/100|[from] Grassy Terrain\n|-heal|p2b: Rillaboom|52\/100|[from] Grassy Terrain\n|-heal|p2b: Rillaboom|58\/100|[from] item: Leftovers\n|upkeep\n|\n|t:|1700595684\n|switch|p1b: Shiftry|Shiftry, L50, M|100\/100\n|-ability|p1b: Shiftry|Wind Rider|boost\n|-boost|p1b: Shiftry|atk|1\n|turn|4\n|\n|t:|1700595708\n|-terastallize|p1b: Shiftry|Normal\n|move|p1a: Drifblim|Helping Hand|p1b: Shiftry\n|-singleturn|p1b: Shiftry|Helping Hand|[of] p1a: Drifblim\n|move|p2a: Ogerpon|Spiky Shield|p2a: Ogerpon\n|-singleturn|p2a: Ogerpon|move: Protect\n|move|p1b: Shiftry|Explosion|p2b: Rillaboom|[spread] p2b\n|-activate|p2a: Ogerpon|move: Protect\n|-immune|p1a: Drifblim\n|-damage|p2b: Rillaboom|0 fnt\n|faint|p1b: Shiftry\n|faint|p2b: Rillaboom\n|\n|-heal|p2a: Ogerpon|93\/100|[from] Grassy Terrain\n|-sideend|p1: ChoccyMilkMafia|move: Tailwind\n|upkeep\n|\n|t:|1700595727\n|switch|p2b: Landorus|Landorus-Therian, L50, M, shiny|100\/100\n|-ability|p2b: Landorus|Intimidate|boost\n|-unboost|p1a: Drifblim|atk|1\n|turn|5\n|\n|t:|1700595740\n|move|p1a: Drifblim|Shadow Ball|p2b: Landorus\n|-damage|p2b: Landorus|65\/100\n|move|p2b: Landorus|Rock Slide|p1a: Drifblim\n|-supereffective|p1a: Drifblim\n|-damage|p1a: Drifblim|63\/100\n|move|p2a: Ogerpon|Ivy Cudgel|p1a: Drifblim|[anim] Ivy Cudgel Fire\n|-damage|p1a: Drifblim|0 fnt\n|faint|p1a: Drifblim\n|\n|win|isredelpo2009\n|raw|ChoccyMilkMafia's rating: 1011 &rarr; <strong>1000<\/strong><br \/>(-11 for losing)\n|raw|isredelpo2009's rating: 1008 &rarr; <strong>1047<\/strong><br \/>(+39 for winning)\n|l|\u2606ChoccyMilkMafia\n","uploadtime":1700595755,"views":11,"p1id":"choccymilkmafia","p2id":"isredelpo2009","formatid":"gen9vgc2023regulatione","rating":1000,"private":0,"password":""}