{"id":"gen9vgc2023regulatione-1990909183","p1":"Qwano","p2":"borgulanta","format":"[Gen 9] VGC 2023 Regulation E","log":"|j|\u2606Qwano\n|j|\u2606borgulanta\n|t:|1700013987\n|gametype|doubles\n|player|p1|Qwano|1|1197\n|player|p2|borgulanta|bertha|1246\n|teamsize|p1|6\n|teamsize|p2|6\n|gen|9\n|tier|[Gen 9] VGC 2023 Regulation E\n|rated|\n|rule|Species Clause: Limit one of each Pok\u00e9mon\n|rule|Item Clause: Limit one of each item\n|clearpoke\n|poke|p1|Glimmora, L50, M|\n|poke|p1|Articuno-Galar, L50|\n|poke|p1|Kommo-o, L50, F|\n|poke|p1|Fezandipiti, L50, M|\n|poke|p1|Sinistcha, L50|\n|poke|p1|Mimikyu, L50, F|\n|poke|p2|Golem-Alola, L50, F|\n|poke|p2|Sinistcha, L50|\n|poke|p2|Dondozo, L50, F|\n|poke|p2|Iron Hands, L50|\n|poke|p2|Maushold, L50|\n|poke|p2|Rabsca, L50, M|\n|teampreview|4\n|inactive|Battle timer is ON: inactive players will automatically lose when time's up. (requested by borgulanta)\n|inactive|Qwano has 60 seconds left.\n|inactive|borgulanta has 60 seconds left.\n|inactive|borgulanta has 30 seconds left.\n|\n|t:|1700014055\n|start\n|switch|p1a: Fezandipiti|Fezandipiti, L50, M|100\/100\n|switch|p1b: Sinistcha|Sinistcha, L50|100\/100\n|switch|p2a: Golem|Golem-Alola, L50, F|100\/100\n|switch|p2b: Rabsca|Rabsca, L50, M|100\/100\n|turn|1\n|inactive|Qwano has 30 seconds left.\n|inactive|Qwano has 20 seconds left.\n|inactive|Qwano has 15 seconds left.\n|\n|t:|1700014097\n|move|p1a: Fezandipiti|Protect|p1a: Fezandipiti\n|-singleturn|p1a: Fezandipiti|Protect\n|move|p2a: Golem|Protect|p2a: Golem\n|-singleturn|p2a: Golem|Protect\n|move|p1b: Sinistcha|Matcha Gotcha|p2a: Golem|[spread] p2b\n|-activate|p2a: Golem|move: Protect\n|-resisted|p2b: Rabsca\n|-damage|p2b: Rabsca|88\/100\n|move|p2b: Rabsca|Trick Room|p2b: Rabsca\n|-fieldstart|move: Trick Room|[of] p2b: Rabsca\n|\n|upkeep\n|turn|2\n|\n|t:|1700014119\n|switch|p1a: Kommo-o|Kommo-o, L50, F|100\/100\n|move|p2a: Golem|Explosion|p1b: Sinistcha|[spread] p1a,p1b\n|-activate|p2b: Rabsca|ability: Telepathy\n|-resisted|p1a: Kommo-o\n|-resisted|p1b: Sinistcha\n|-damage|p1a: Kommo-o|50\/100\n|-damage|p1b: Sinistcha|40\/100\n|faint|p2a: Golem\n|move|p2b: Rabsca|Revival Blessing|p2b: Rabsca\n|-enditem|p2b: Rabsca|Leppa Berry|[eat]\n|-activate|p2b: Rabsca|item: Leppa Berry|Revival Blessing|[consumed]\n|\n|t:|1700014131\n|-heal|p2: Golem|50\/100|[from] move: Revival Blessing\n|switch|p2a: Golem|Golem-Alola, L50, F|50\/100\n|move|p1b: Sinistcha|Trick Room|p1b: Sinistcha\n|-fieldend|move: Trick Room\n|\n|-heal|p1a: Kommo-o|57\/100|[from] item: Leftovers\n|upkeep\n|turn|3\n|inactive|borgulanta has 30 seconds left.\n|inactive|borgulanta has 20 seconds left.\n|inactive|borgulanta has 15 seconds left.\n|\n|t:|1700014176\n|move|p1a: Kommo-o|Iron Head|p2b: Rabsca\n|-damage|p2b: Rabsca|68\/100\n|move|p2b: Rabsca|Psychic|p1a: Kommo-o\n|-supereffective|p1a: Kommo-o\n|-damage|p1a: Kommo-o|0 fnt\n|faint|p1a: Kommo-o\n|move|p2a: Golem|Explosion|p1b: Sinistcha|[spread] p1b\n|-activate|p2b: Rabsca|ability: Telepathy\n|-resisted|p1b: Sinistcha\n|-damage|p1b: Sinistcha|0 fnt\n|faint|p2a: Golem\n|faint|p1b: Sinistcha\n|\n|upkeep\n|\n|t:|1700014190\n|switch|p1a: Articuno|Articuno-Galar, L50|100\/100\n|switch|p1b: Fezandipiti|Fezandipiti, L50, M|100\/100\n|switch|p2a: Sinistcha|Sinistcha, L50|100\/100\n|-heal|p2b: Rabsca|92\/100|[from] ability: Hospitality|[of] p2a: Sinistcha\n|turn|4\n|inactive|Qwano has 30 seconds left.\n|inactive|borgulanta has 30 seconds left.\n|\n|t:|1700014222\n|move|p1b: Fezandipiti|Dazzling Gleam|p2b: Rabsca|[spread] p2a,p2b\n|-damage|p2a: Sinistcha|84\/100\n|-damage|p2b: Rabsca|79\/100\n|-status|p2a: Sinistcha|tox|[from] ability: Toxic Chain|[of] p1b: Fezandipiti\n|move|p1a: Articuno|Hurricane|p2a: Sinistcha\n|-supereffective|p2a: Sinistcha\n|-damage|p2a: Sinistcha|0 fnt\n|faint|p2a: Sinistcha\n|move|p2b: Rabsca|Revival Blessing|p2b: Rabsca\n|\n|t:|1700014239\n|-heal|p2: Golem|50\/100|[from] move: Revival Blessing\n|\n|upkeep\n|\n|t:|1700014248\n|switch|p2a: Iron Hands|Iron Hands, L50|100\/100\n|turn|5\n|\n|t:|1700014262\n|-terastallize|p1a: Articuno|Psychic\n|move|p2a: Iron Hands|Fake Out|p1a: Articuno\n|-damage|p1a: Articuno|82\/100\n|move|p1b: Fezandipiti|Dazzling Gleam|p2a: Iron Hands|[spread] p2a,p2b\n|-supereffective|p2a: Iron Hands\n|-damage|p2a: Iron Hands|73\/100\n|-damage|p2b: Rabsca|65\/100\n|cant|p1a: Articuno|flinch\n|move|p2b: Rabsca|Trick Room|p2b: Rabsca\n|-fieldstart|move: Trick Room|[of] p2b: Rabsca\n|\n|upkeep\n|turn|6\n|inactive|borgulanta has 30 seconds left.\n|inactive|borgulanta has 20 seconds left.\n|\n|t:|1700014299\n|move|p2b: Rabsca|Psychic|p1a: Articuno\n|-resisted|p1a: Articuno\n|-damage|p1a: Articuno|63\/100\n|-unboost|p1a: Articuno|spd|1\n|-ability|p1a: Articuno|Competitive|boost\n|-boost|p1a: Articuno|spa|2\n|move|p2a: Iron Hands|Wild Charge|p1a: Articuno\n|-damage|p1a: Articuno|2\/100\n|-damage|p2a: Iron Hands|63\/100|[from] Recoil\n|move|p1a: Articuno|Freezing Glare|p2a: Iron Hands\n|-supereffective|p2a: Iron Hands\n|-damage|p2a: Iron Hands|0 fnt\n|faint|p2a: Iron Hands\n|-end|p2a: Iron Hands|Quark Drive|[silent]\n|move|p1b: Fezandipiti|Dazzling Gleam|p2b: Rabsca\n|-damage|p2b: Rabsca|44\/100\n|-status|p2b: Rabsca|tox|[from] ability: Toxic Chain|[of] p1b: Fezandipiti\n|\n|-damage|p2b: Rabsca|38\/100 tox|[from] psn\n|upkeep\n|\n|t:|1700014310\n|switch|p2a: Golem|Golem-Alola, L50, F|50\/100\n|turn|7\n|\n|t:|1700014327\n|move|p1a: Articuno|Protect|p1a: Articuno\n|-singleturn|p1a: Articuno|Protect\n|move|p2a: Golem|Body Slam|p1b: Fezandipiti\n|-damage|p1b: Fezandipiti|24\/100\n|move|p2b: Rabsca|Psychic|p1a: Articuno\n|-activate|p1a: Articuno|move: Protect\n|move|p1b: Fezandipiti|Dazzling Gleam|p2a: Golem|[spread] p2a,p2b\n|-damage|p2a: Golem|26\/100\n|-damage|p2b: Rabsca|25\/100 tox\n|\n|-damage|p2b: Rabsca|13\/100 tox|[from] psn\n|upkeep\n|turn|8\n|inactive|Qwano has 30 seconds left.\n|inactive|borgulanta has 30 seconds left.\n|\n|t:|1700014361\n|move|p1a: Articuno|Protect||[still]\n|-fail|p1a: Articuno\n|move|p2a: Golem|Body Slam|p1b: Fezandipiti\n|-damage|p1b: Fezandipiti|0 fnt\n|faint|p1b: Fezandipiti\n|move|p2b: Rabsca|Psychic|p1a: Articuno\n|-resisted|p1a: Articuno\n|-damage|p1a: Articuno|0 fnt\n|faint|p1a: Articuno\n|\n|win|borgulanta\n|raw|Qwano's rating: 1197 &rarr; <strong>1176<\/strong><br \/>(-21 for losing)\n|raw|borgulanta's rating: 1246 &rarr; <strong>1267<\/strong><br \/>(+21 for winning)\n|l|\u2606Qwano\n","uploadtime":1700014397,"views":6,"p1id":"qwano","p2id":"borgulanta","formatid":"gen9vgc2023regulatione","rating":1176,"private":0,"password":""}