{"id":"gen9vgc2023regulatione-1995718403","p1":"Capn Neoc","p2":"Halotowers","format":"[Gen 9] VGC 2023 Regulation E","log":"|j|\u2606Capn Neoc\n|j|\u2606Halotowers\n|t:|1700596728\n|gametype|doubles\n|player|p1|Capn Neoc|red|\n|player|p2|Halotowers|schoolkid-gen4|\n|teamsize|p1|6\n|teamsize|p2|6\n|gen|9\n|tier|[Gen 9] VGC 2023 Regulation E\n|rule|Species Clause: Limit one of each Pok\u00e9mon\n|rule|Item Clause: Limit one of each item\n|clearpoke\n|poke|p1|Urshifu-*, L50, F|\n|poke|p1|Iron Bundle, L50|\n|poke|p1|Slowking-Galar, L50, F|\n|poke|p1|Dipplin, L50, M|\n|poke|p1|Illumise, L50, F|\n|poke|p1|Zoroark-Hisui, L50, M|\n|poke|p2|Uxie, L50|\n|poke|p2|Clefable, L50, M|\n|poke|p2|Decidueye-Hisui, L50, F|\n|poke|p2|Spectrier, L50|\n|poke|p2|Umbreon, L50, M|\n|poke|p2|Clodsire, L50, M|\n|teampreview|4\n|c|\u2606Halotowers|glhf!\n|\n|t:|1700596840\n|start\n|switch|p1a: Bowser|Slowking-Galar, L50, F|100\/100\n|switch|p1b: Toad|Dipplin, L50, M|100\/100\n|switch|p2a: Axem Black|Spectrier, L50|100\/100\n|switch|p2b: Axem Pink|Clefable, L50, M|100\/100\n|turn|1\n|\n|t:|1700596888\n|move|p2b: Axem Pink|Follow Me|p2b: Axem Pink\n|-singleturn|p2b: Axem Pink|move: Follow Me\n|move|p2a: Axem Black|Shadow Ball|p1a: Bowser\n|-supereffective|p1a: Bowser\n|-damage|p1a: Bowser|26\/100\n|-unboost|p1a: Bowser|spd|1\n|move|p1b: Toad|Poltergeist|p2b: Axem Pink\n|-activate|p2b: Axem Pink|move: Poltergeist|Sitrus Berry\n|-damage|p2b: Axem Pink|60\/100\n|move|p1a: Bowser|Sludge Bomb|p2b: Axem Pink\n|-supereffective|p2b: Axem Pink\n|-damage|p2b: Axem Pink|0 fnt\n|faint|p2b: Axem Pink\n|\n|-heal|p1a: Bowser|32\/100|[from] item: Leftovers\n|upkeep\n|\n|t:|1700596903\n|switch|p2b: Axem Green|Umbreon, L50, M|100\/100\n|turn|2\n|\n|t:|1700596919\n|move|p2a: Axem Black|Shadow Ball|p1a: Bowser\n|-supereffective|p1a: Bowser\n|-crit|p1a: Bowser\n|-damage|p1a: Bowser|0 fnt\n|faint|p1a: Bowser\n|-ability|p2a: Axem Black|Grim Neigh|boost\n|-boost|p2a: Axem Black|spa|1\n|move|p1b: Toad|U-turn|p2b: Axem Green\n|-supereffective|p2b: Axem Green\n|-damage|p2b: Axem Green|75\/100\n|\n|t:|1700596932\n|switch|p1b: Geno|Iron Bundle, L50|100\/100|[from] U-turn\n|-enditem|p1b: Geno|Booster Energy\n|-activate|p1b: Geno|ability: Quark Drive|[fromitem]\n|-start|p1b: Geno|quarkdrivespa\n|move|p2b: Axem Green|Snarl|p1b: Geno\n|-damage|p1b: Geno|73\/100\n|-unboost|p1b: Geno|spa|1\n|\n|upkeep\n|\n|t:|1700596942\n|switch|p1a: Toad|Dipplin, L50, M|100\/100\n|-ability|p1a: Toad|Supersweet Syrup\n|-ability|p1a: Toad|Supersweet Syrup|boost\n|-fail|p2a: Axem Black|unboost|[from] item: Clear Amulet|[of] p2a: Axem Black\n|-unboost|p2b: Axem Green|evasion|1\n|turn|3\n|\n|t:|1700596962\n|move|p2a: Axem Black|Shadow Ball|p1b: Geno\n|-damage|p1b: Geno|0 fnt\n|faint|p1b: Geno\n|-end|p1b: Geno|Quark Drive|[silent]\n|-ability|p2a: Axem Black|Grim Neigh|boost\n|-boost|p2a: Axem Black|spa|1\n|move|p2b: Axem Green|Snarl|p1a: Toad\n|-crit|p1a: Toad\n|-damage|p1a: Toad|88\/100\n|-unboost|p1a: Toad|spa|1\n|move|p1a: Toad|Pollen Puff|p2b: Axem Green\n|-supereffective|p2b: Axem Green\n|-damage|p2b: Axem Green|56\/100\n|\n|upkeep\n|\n|t:|1700596975\n|switch|p1b: Mallow|Zoroark-Hisui, L50, M|100\/100\n|turn|4\n|\n|t:|1700597008\n|-terastallize|p2a: Axem Black|Fairy\n|move|p2a: Axem Black|Shadow Ball|p1b: Mallow\n|-immune|p1b: Mallow\n|move|p1b: Mallow|U-turn|p2b: Axem Green\n|-supereffective|p2b: Axem Green\n|-damage|p2b: Axem Green|31\/100\n|move|p2b: Axem Green|Snarl|p1a: Toad|[spread] p1a,p1b\n|-supereffective|p1b: Mallow\n|-damage|p1a: Toad|82\/100\n|-damage|p1b: Mallow|64\/100\n|-unboost|p1a: Toad|spa|1\n|-unboost|p1b: Mallow|spa|1\n|move|p1a: Toad|Leaf Storm|p2a: Axem Black|[miss]\n|-miss|p1a: Toad|p2a: Axem Black\n|\n|upkeep\n|turn|5\n|\n|t:|1700597040\n|move|p2a: Axem Black|Dark Pulse|p1b: Mallow\n|-supereffective|p1b: Mallow\n|-damage|p1b: Mallow|0 fnt\n|faint|p1b: Mallow\n|-ability|p2a: Axem Black|Grim Neigh|boost\n|-boost|p2a: Axem Black|spa|1\n|move|p2b: Axem Green|Snarl|p1a: Toad\n|-damage|p1a: Toad|74\/100\n|-unboost|p1a: Toad|spa|1\n|move|p1a: Toad|Leaf Storm|p2a: Axem Black\n|-damage|p2a: Axem Black|79\/100\n|-unboost|p1a: Toad|spa|2\n|\n|upkeep\n|turn|6\n|\n|t:|1700597058\n|move|p2b: Axem Green|Helping Hand|p2a: Axem Black\n|-singleturn|p2a: Axem Black|Helping Hand|[of] p2b: Axem Green\n|move|p2a: Axem Black|Tera Blast|p1a: Toad|[anim] Tera Blast Fairy\n|-supereffective|p1a: Toad\n|-damage|p1a: Toad|0 fnt\n|faint|p1a: Toad\n|\n|win|Halotowers\n","uploadtime":1700597071,"views":27,"p1id":"capnneoc","p2id":"halotowers","formatid":"gen9vgc2023regulatione","rating":0,"private":0,"password":""}