{"id":"gen9vgc2023regulatione-1988663857","p1":"Sketch Hero","p2":"NightlyNinja27","format":"[Gen 9] VGC 2023 Regulation E","log":"|j|\u2606Sketch Hero\n|j|\u2606NightlyNinja27\n|n|\u2606Sketch Hero|sketchhero\n|n|\u2606NightlyNinja27|nightlyninja27\n|html|View the match progress at <a href=\"\/game-bestof3-gen9vgc2023regulatione-1988659388\">game-bestof3-gen9vgc2023regulatione-1988659388<\/a>\n|t:|1699747845\n|gametype|doubles\n|player|p1|Sketch Hero|red|\n|player|p2|NightlyNinja27|veteran|\n|teamsize|p1|6\n|teamsize|p2|6\n|gen|9\n|tier|[Gen 9] VGC 2023 Regulation E\n|rule|Species Clause: Limit one of each Pok\u00e9mon\n|rule|Item Clause: Limit one of each item\n|clearpoke\n|poke|p1|Rillaboom, L50, M|\n|poke|p1|Garganacl, L50, M|\n|poke|p1|Garchomp, L50, M|\n|poke|p1|Gardevoir, L50, F|\n|poke|p1|Bisharp, L50, M|\n|poke|p1|Electrode, L50|\n|poke|p2|Iron Bundle, L50|\n|poke|p2|Gholdengo, L50|\n|poke|p2|Breloom, L50, M|\n|poke|p2|Volcarona, L50, M|\n|poke|p2|Muk-Alola, L50, M|\n|poke|p2|Morgrem, L50, M|\n|teampreview|4\n|\n|t:|1699747903\n|start\n|switch|p1a: Munchy|Garchomp, L50, M|100\/100\n|switch|p1b: Madame|Gardevoir, L50, F, shiny|100\/100\n|switch|p2a: Muk|Muk-Alola, L50, M|100\/100\n|switch|p2b: Breloom|Breloom, L50, M|100\/100\n|-ability|p1b: Madame|Poison Touch|[from] ability: Trace|[of] p2a: Muk\n|turn|1\n|\n|t:|1699747994\n|switch|p2b: Volcarona|Volcarona, L50, M|100\/100\n|move|p2a: Muk|Protect|p2a: Muk\n|-singleturn|p2a: Muk|Protect\n|move|p1b: Madame|Dazzling Gleam|p2b: Volcarona|[spread] p2b\n|-activate|p2a: Muk|move: Protect\n|-resisted|p2b: Volcarona\n|-damage|p2b: Volcarona|86\/100\n|move|p1a: Munchy|Earthquake|p2a: Muk|[spread] p1b,p2b\n|-activate|p2a: Muk|move: Protect\n|-damage|p1b: Madame|3\/100\n|-damage|p2b: Volcarona|32\/100\n|-damage|p1a: Munchy|91\/100|[from] item: Life Orb\n|\n|upkeep\n|turn|2\n|\n|t:|1699748064\n|move|p1b: Madame|Dazzling Gleam|p2a: Muk|[spread] p2a,p2b\n|-resisted|p2b: Volcarona\n|-damage|p2a: Muk|80\/100\n|-damage|p2b: Volcarona|17\/100\n|move|p1a: Munchy|Earthquake|p2a: Muk|[spread] p1b,p2a,p2b\n|-supereffective|p2a: Muk\n|-damage|p1b: Madame|0 fnt\n|-damage|p2a: Muk|0 fnt\n|-damage|p2b: Volcarona|0 fnt\n|faint|p1b: Madame\n|faint|p2a: Muk\n|faint|p2b: Volcarona\n|-damage|p1a: Munchy|81\/100|[from] item: Life Orb\n|\n|upkeep\n|\n|t:|1699748079\n|switch|p2b: Breloom|Breloom, L50, M|100\/100\n|switch|p1b: Getting Funky|Rillaboom, L50, M|100\/100\n|switch|p2a: Iron Bundle|Iron Bundle, L50|100\/100\n|-fieldstart|move: Grassy Terrain|[from] ability: Grassy Surge|[of] p1b: Getting Funky\n|turn|3\n|\n|t:|1699748105\n|-terastallize|p2a: Iron Bundle|Ice\n|move|p1b: Getting Funky|Fake Out|p2a: Iron Bundle\n|-damage|p2a: Iron Bundle|81\/100\n|move|p2b: Breloom|Mach Punch|p1b: Getting Funky\n|-damage|p1b: Getting Funky|64\/100\n|cant|p2a: Iron Bundle|flinch\n|move|p1a: Munchy|Rock Slide|p2b: Breloom|[spread] p2a\n|-miss|p1a: Munchy|p2b: Breloom\n|-supereffective|p2a: Iron Bundle\n|-damage|p2a: Iron Bundle|24\/100\n|-damage|p1a: Munchy|71\/100|[from] item: Life Orb\n|\n|-heal|p2a: Iron Bundle|30\/100|[from] Grassy Terrain\n|-heal|p1a: Munchy|77\/100|[from] Grassy Terrain\n|-heal|p1b: Getting Funky|70\/100|[from] Grassy Terrain\n|upkeep\n|turn|4\n|\n|t:|1699748138\n|-terastallize|p1a: Munchy|Steel\n|move|p1b: Getting Funky|Grassy Glide|p2a: Iron Bundle\n|-damage|p2a: Iron Bundle|0 fnt\n|faint|p2a: Iron Bundle\n|-end|p2a: Iron Bundle|Quark Drive|[silent]\n|move|p2b: Breloom|Mach Punch|p1b: Getting Funky\n|-damage|p1b: Getting Funky|32\/100\n|move|p1a: Munchy|Brick Break|p2b: Breloom\n|-damage|p2b: Breloom|46\/100\n|-damage|p1a: Munchy|67\/100|[from] item: Life Orb\n|\n|-heal|p1a: Munchy|73\/100|[from] Grassy Terrain\n|-heal|p1b: Getting Funky|38\/100|[from] Grassy Terrain\n|-heal|p2b: Breloom|52\/100|[from] Grassy Terrain\n|upkeep\n|turn|5\n|\n|t:|1699748173\n|move|p2b: Breloom|Mach Punch|p1a: Munchy\n|-supereffective|p1a: Munchy\n|-damage|p1a: Munchy|1\/100\n|-damage|p2b: Breloom|40\/100|[from] ability: Rough Skin|[of] p1a: Munchy\n|move|p1a: Munchy|Brick Break|p2b: Breloom\n|-damage|p2b: Breloom|0 fnt\n|faint|p2b: Breloom\n|-damage|p1a: Munchy|0 fnt|[from] item: Life Orb\n|faint|p1a: Munchy\n|\n|win|Sketch Hero\n|c|\u2606Sketch Hero|gg\n|c|\u2606NightlyNinja27|gg\n|inactive|Sketch Hero has 50 seconds to confirm battle start!\n|inactive|NightlyNinja27 has 50 seconds to confirm battle start!\n|c|&|\/uhtml prompt-sketchhero,Sketch Hero is ready for game 3!\n|c|&|\/uhtml prompt-nightlyninja27,NightlyNinja27 is ready for game 3!\nBoth players are ready! Starting next match!\n","uploadtime":1699748636,"views":25,"p1id":"sketchhero","p2id":"nightlyninja27","formatid":"gen9vgc2023regulatione","rating":0,"private":0,"password":""}