{"id":"gen9vgc2023regulatione-1994582008","p1":"LiluziHit","p2":"Stryke Out","format":"[Gen 9] VGC 2023 Regulation E","log":"|j|\u2606LiluziHit\n|j|\u2606Stryke Out\n|n|\u2606LiluziHit|liluzihit\n|n|\u2606Stryke Out|strykeout\n|html|View the match progress at <a href=\"\/game-bestof3-gen9vgc2023regulatione-1994577762\">game-bestof3-gen9vgc2023regulatione-1994577762<\/a>\n|t:|1700463860\n|gametype|doubles\n|player|p1|LiluziHit|blue|\n|player|p2|Stryke Out|cynthia-gen4|\n|teamsize|p1|6\n|teamsize|p2|6\n|gen|9\n|tier|[Gen 9] VGC 2023 Regulation E\n|rule|Species Clause: Limit one of each Pok\u00e9mon\n|rule|Item Clause: Limit one of each item\n|clearpoke\n|poke|p1|Kingambit, L50, M|\n|poke|p1|Landorus-Therian, L50, M|\n|poke|p1|Ursaluna-Bloodmoon, L50, M|\n|poke|p1|Dusknoir, L50, M|\n|poke|p1|Munkidori, L50, M|\n|poke|p1|Furret, L50, M|\n|poke|p2|Ting-Lu, L50|\n|poke|p2|Bisharp, L50, F|\n|poke|p2|Moltres, L50|\n|poke|p2|Stantler, L50, M|\n|poke|p2|Basculegion-F, L50, F|\n|poke|p2|Tauros-Paldea-Combat, L50, M|\n|teampreview|4\n|\n|t:|1700463886\n|start\n|switch|p1a: Kingambit|Kingambit, L50, M|100\/100\n|switch|p1b: Dusknoir|Dusknoir, L50, M|100\/100\n|switch|p2a: Ting-Lu|Ting-Lu, L50|100\/100\n|switch|p2b: Bisharp|Bisharp, L50, F, shiny|100\/100\n|-item|p2a: Ting-Lu|Assault Vest|[from] ability: Frisk|[of] p1b: Dusknoir|[identify]\n|-item|p2b: Bisharp|Eviolite|[from] ability: Frisk|[of] p1b: Dusknoir|[identify]\n|-ability|p2a: Ting-Lu|Vessel of Ruin\n|turn|1\n|\n|t:|1700463929\n|-terastallize|p2a: Ting-Lu|Fire\n|move|p2b: Bisharp|Protect|p2b: Bisharp\n|-singleturn|p2b: Bisharp|Protect\n|move|p1a: Kingambit|Protect|p1a: Kingambit\n|-singleturn|p1a: Kingambit|Protect\n|move|p1b: Dusknoir|Will-O-Wisp|p2b: Bisharp\n|-activate|p2b: Bisharp|move: Protect\n|move|p2a: Ting-Lu|Throat Chop|p1b: Dusknoir\n|-supereffective|p1b: Dusknoir\n|-damage|p1b: Dusknoir|48\/100\n|-start|p1b: Dusknoir|Throat Chop|[silent]\n|\n|upkeep\n|turn|2\n|\n|t:|1700463966\n|switch|p1b: Ursaluna|Ursaluna-Bloodmoon, L50, M|100\/100\n|move|p2b: Bisharp|Low Kick|p1a: Kingambit\n|-supereffective|p1a: Kingambit\n|-damage|p1a: Kingambit|0 fnt\n|faint|p1a: Kingambit\n|move|p2a: Ting-Lu|Throat Chop|p1b: Ursaluna\n|-damage|p1b: Ursaluna|79\/100\n|-start|p1b: Ursaluna|Throat Chop|[silent]\n|\n|upkeep\n|\n|t:|1700463973\n|switch|p1a: Landorus|Landorus-Therian, L50, M, shiny|100\/100\n|-ability|p1a: Landorus|Intimidate|boost\n|-unboost|p2a: Ting-Lu|atk|1\n|-unboost|p2b: Bisharp|atk|1\n|-ability|p2b: Bisharp|Defiant|boost\n|-boost|p2b: Bisharp|atk|2\n|turn|3\n|\n|t:|1700464019\n|switch|p1b: Dusknoir|Dusknoir, L50, M|48\/100\n|-item|p2a: Ting-Lu|Assault Vest|[from] ability: Frisk|[of] p1b: Dusknoir|[identify]\n|-item|p2b: Bisharp|Eviolite|[from] ability: Frisk|[of] p1b: Dusknoir|[identify]\n|move|p2b: Bisharp|Sucker Punch|p1a: Landorus\n|-damage|p1a: Landorus|37\/100\n|move|p1a: Landorus|Hammer Arm|p2b: Bisharp|[miss]\n|-miss|p1a: Landorus|p2b: Bisharp\n|move|p2a: Ting-Lu|Fissure|p1b: Dusknoir|[miss]\n|-miss|p2a: Ting-Lu|p1b: Dusknoir\n|\n|upkeep\n|turn|4\n|\n|t:|1700464039\n|switch|p1a: Ursaluna|Ursaluna-Bloodmoon, L50, M|79\/100\n|move|p2b: Bisharp|Protect|p2b: Bisharp\n|-singleturn|p2b: Bisharp|Protect\n|move|p2a: Ting-Lu|Throat Chop|p1b: Dusknoir\n|-supereffective|p1b: Dusknoir\n|-damage|p1b: Dusknoir|15\/100\n|-start|p1b: Dusknoir|Throat Chop|[silent]\n|move|p1b: Dusknoir|Will-O-Wisp|p2b: Bisharp\n|-activate|p2b: Bisharp|move: Protect\n|\n|upkeep\n|turn|5\n|\n|t:|1700464063\n|move|p1a: Ursaluna|Protect|p1a: Ursaluna\n|-singleturn|p1a: Ursaluna|Protect\n|move|p2b: Bisharp|Low Kick|p1a: Ursaluna\n|-activate|p1a: Ursaluna|move: Protect\n|move|p2a: Ting-Lu|Throat Chop|p1b: Dusknoir\n|-supereffective|p1b: Dusknoir\n|-damage|p1b: Dusknoir|0 fnt\n|faint|p1b: Dusknoir\n|\n|upkeep\n|\n|t:|1700464066\n|switch|p1b: Landorus|Landorus-Therian, L50, M, shiny|37\/100\n|-ability|p1b: Landorus|Intimidate|boost\n|-unboost|p2a: Ting-Lu|atk|1\n|-unboost|p2b: Bisharp|atk|1\n|-ability|p2b: Bisharp|Defiant|boost\n|-boost|p2b: Bisharp|atk|2\n|turn|6\n|\n|t:|1700464108\n|-terastallize|p1a: Ursaluna|Normal\n|move|p2b: Bisharp|Sucker Punch|p1b: Landorus\n|-damage|p1b: Landorus|0 fnt\n|faint|p1b: Landorus\n|move|p1a: Ursaluna|Blood Moon|p2b: Bisharp\n|-resisted|p2b: Bisharp\n|-damage|p2b: Bisharp|65\/100\n|move|p2a: Ting-Lu|Fissure|p1a: Ursaluna|[miss]\n|-miss|p2a: Ting-Lu|p1a: Ursaluna\n|\n|upkeep\n|turn|7\n|\n|t:|1700464123\n|move|p1a: Ursaluna|Protect|p1a: Ursaluna\n|-singleturn|p1a: Ursaluna|Protect\n|move|p2b: Bisharp|Low Kick|p1a: Ursaluna\n|-activate|p1a: Ursaluna|move: Protect\n|move|p2a: Ting-Lu|Body Press|p1a: Ursaluna\n|-activate|p1a: Ursaluna|move: Protect\n|\n|upkeep\n|turn|8\n|\n|t:|1700464131\n|move|p2b: Bisharp|Low Kick|p1a: Ursaluna\n|-supereffective|p1a: Ursaluna\n|-damage|p1a: Ursaluna|0 fnt\n|faint|p1a: Ursaluna\n|\n|win|Stryke Out\n","uploadtime":1700464179,"views":9,"p1id":"liluzihit","p2id":"strykeout","formatid":"gen9vgc2023regulatione","rating":0,"private":0,"password":""}