{"id":"gen9vgc2023regulatione-1993151652","p1":"Nivram_Axuf","p2":"blooperlink123","format":"[Gen 9] VGC 2023 Regulation E","log":"|j|\u2606Nivram_Axuf\n|j|\u2606blooperlink123\n|n|\u2606Nivram_Axuf|nivramaxuf\n|n|\u2606blooperlink123|blooperlink123\n|html|View the match progress at <a href=\"\/game-bestof3-gen9vgc2023regulatione-1993151651\">game-bestof3-gen9vgc2023regulatione-1993151651<\/a>\n|t:|1700271007\n|gametype|doubles\n|player|p1|Nivram_Axuf|pokemonranger-gen4|\n|player|p2|blooperlink123|169|\n|teamsize|p1|6\n|teamsize|p2|6\n|gen|9\n|tier|[Gen 9] VGC 2023 Regulation E\n|rule|Species Clause: Limit one of each Pok\u00e9mon\n|rule|Item Clause: Limit one of each item\n|clearpoke\n|poke|p1|Farigiraf, L50, F|\n|poke|p1|Iron Hands, L50|\n|poke|p1|Torkoal, L50, F|\n|poke|p1|Ursaluna-Bloodmoon, L50, M|\n|poke|p1|Lilligant-Hisui, L50, F|\n|poke|p1|Clefairy, L50, M|\n|poke|p2|Glimmora, L50, F|\n|poke|p2|Urshifu-*, L50, M|\n|poke|p2|Thundurus, L50, M|\n|poke|p2|Flutter Mane, L50|\n|poke|p2|Ogerpon-Wellspring, L50, F|\n|poke|p2|Arcanine-Hisui, L50, F|\n|teampreview|4\nblooperlink123 has agreed to open team sheets.\nNivram_Axuf has agreed to open team sheets.\n|showteam|p1|Farigiraf||MentalHerb|ArmorTail|AllySwitch,HelpingHand,PsychicFangs,TrickRoom|||F|||50|,,,,,Grass]Iron Hands||AssaultVest|QuarkDrive|WildCharge,DrainPunch,FakeOut,HeavySlam||||||50|,,,,,Fire]Torkoal||ChoiceSpecs|Drought|Eruption,EarthPower,SolarBeam,Protect|||F|||50|,,,,,Fire]Ursaluna-Bloodmoon||LifeOrb|MindsEye|BloodMoon,EarthPower,HyperVoice,Protect|||M|||50|,,,,,Normal]Lilligant-Hisui||FocusSash|Chlorophyll|SolarBlade,CloseCombat,SleepPowder,AfterYou|||F|||50|,,,,,Fighting]Clefairy||Eviolite|FriendGuard|FollowMe,HealPulse,HelpingHand,Protect|||M|||50|,,,,,Dark\n|showteam|p2|Glimmora||AssaultVest|ToxicDebris|SludgeBomb,PowerGem,EnergyBall,EarthPower|||F|||50|,,,,,Grass]Urshifu||FocusSash|UnseenFist|WickedBlow,CloseCombat,SuckerPunch,Detect|||M|||50|,,,,,Dark]Thundurus||WideLens|Prankster|WildboltStorm,Taunt,EerieImpulse,ThunderWave|||M|||50|,,,,,Dark]Flutter Mane||ChoiceSpecs|Protosynthesis|DazzlingGleam,ShadowBall,Moonblast,Psyshock||||||50|,,,,,Fairy]Ogerpon-Wellspring||WellspringMask|WaterAbsorb|IvyCudgel,HornLeech,FollowMe,SpikyShield|||F|||50|,,,,,Water]Arcanine-Hisui||SitrusBerry|Intimidate|FlareBlitz,RockSlide,WillOWisp,ExtremeSpeed|||F|||50|,,,,,Normal\n|j| JazzyAthenian\n|\n|t:|1700271198\n|start\n|switch|p1a: Farigiraf|Farigiraf, L50, F|100\/100\n|switch|p1b: Iron Hands|Iron Hands, L50|100\/100\n|switch|p2a: Kracko|Thundurus, L50, M|100\/100\n|switch|p2b: Glimmora|Glimmora, L50, F, shiny|100\/100\n|turn|1\n|\n|t:|1700271253\n|switch|p2a: Pochita|Arcanine-Hisui, L50, F|100\/100\n|-ability|p2a: Pochita|Intimidate|boost\n|-unboost|p1a: Farigiraf|atk|1\n|-unboost|p1b: Iron Hands|atk|1\n|move|p1b: Iron Hands|Fake Out|p2b: Glimmora\n|-resisted|p2b: Glimmora\n|-crit|p2b: Glimmora\n|-damage|p2b: Glimmora|89\/100\n|-activate|p2b: Glimmora|ability: Toxic Debris\n|-sidestart|p1: Nivram_Axuf|move: Toxic Spikes\n|cant|p2b: Glimmora|flinch\n|move|p1a: Farigiraf|Trick Room|p1a: Farigiraf\n|-fieldstart|move: Trick Room|[of] p1a: Farigiraf\n|\n|upkeep\n|turn|2\n|\n|t:|1700271336\n|switch|p1a: Ursaluna|Ursaluna-Bloodmoon, L50, M|100\/100\n|-status|p1a: Ursaluna|psn\n|move|p1b: Iron Hands|Drain Punch|p2a: Pochita\n|-supereffective|p2a: Pochita\n|-damage|p2a: Pochita|31\/100\n|-enditem|p2a: Pochita|Sitrus Berry|[eat]\n|-heal|p2a: Pochita|56\/100|[from] item: Sitrus Berry\n|move|p2b: Glimmora|Sludge Bomb|p1a: Ursaluna\n|-resisted|p1a: Ursaluna\n|-damage|p1a: Ursaluna|76\/100 psn\n|move|p2a: Pochita|Will-O-Wisp|p1b: Iron Hands\n|-status|p1b: Iron Hands|brn\n|\n|-damage|p1a: Ursaluna|64\/100 psn|[from] psn\n|-damage|p1b: Iron Hands|94\/100 brn|[from] brn\n|upkeep\n|turn|3\n|\n|t:|1700271382\n|-end|p1b: Iron Hands|Quark Drive|[silent]\n|switch|p1b: Torkoal|Torkoal, L50, F|100\/100\n|-status|p1b: Torkoal|psn\n|-weather|SunnyDay|[from] ability: Drought|[of] p1b: Torkoal\n|switch|p2a: Kracko|Thundurus, L50, M|100\/100\n|-terastallize|p2b: Glimmora|Grass\n|move|p1a: Ursaluna|Earth Power|p2a: Kracko\n|-immune|p2a: Kracko\n|move|p2b: Glimmora|Energy Ball|p1a: Ursaluna\n|-supereffective|p1a: Ursaluna\n|-damage|p1a: Ursaluna|0 fnt\n|faint|p1a: Ursaluna\n|\n|-weather|SunnyDay|[upkeep]\n|-damage|p1b: Torkoal|88\/100 psn|[from] psn\n|upkeep\n|\n|t:|1700271415\n|switch|p1a: Farigiraf|Farigiraf, L50, F|100\/100\n|-status|p1a: Farigiraf|psn\n|turn|4\n|\n|t:|1700271445\n|switch|p2b: Pochita|Arcanine-Hisui, L50, F|56\/100\n|-ability|p2b: Pochita|Intimidate|boost\n|-unboost|p1a: Farigiraf|atk|1\n|-unboost|p1b: Torkoal|atk|1\n|-terastallize|p1b: Torkoal|Fire\n|move|p1a: Farigiraf|Helping Hand|p1b: Torkoal\n|-singleturn|p1b: Torkoal|Helping Hand|[of] p1a: Farigiraf\n|move|p1b: Torkoal|Eruption|p2b: Pochita|[spread] p2a,p2b\n|-resisted|p2b: Pochita\n|-damage|p2a: Kracko|0 fnt\n|-damage|p2b: Pochita|0 fnt\n|faint|p2a: Kracko\n|faint|p2b: Pochita\n|\n|-weather|SunnyDay|[upkeep]\n|-damage|p1b: Torkoal|76\/100 psn|[from] psn\n|-damage|p1a: Farigiraf|88\/100 psn|[from] psn\n|upkeep\n|\n|t:|1700271456\n|switch|p2b: Ponyo|Ogerpon-Wellspring, L50, F|100\/100\n|switch|p2a: Glimmora|Glimmora, L50, F, shiny, tera:Grass|89\/100\n|turn|5\n|\n|t:|1700271479\n|move|p1a: Farigiraf|Helping Hand|p1b: Torkoal\n|-singleturn|p1b: Torkoal|Helping Hand|[of] p1a: Farigiraf\n|move|p2b: Ponyo|Spiky Shield|p2b: Ponyo\n|-singleturn|p2b: Ponyo|move: Protect\n|move|p1b: Torkoal|Eruption|p2b: Ponyo|[spread] p2a\n|-activate|p2b: Ponyo|move: Protect\n|-supereffective|p2a: Glimmora\n|-damage|p2a: Glimmora|0 fnt\n|faint|p2a: Glimmora\n|\n|-weather|SunnyDay|[upkeep]\n|-damage|p1b: Torkoal|63\/100 psn|[from] psn\n|-damage|p1a: Farigiraf|76\/100 psn|[from] psn\n|-fieldend|move: Trick Room\n|upkeep\n|turn|6\n|\n|t:|1700271527\n|move|p1a: Farigiraf|Ally Switch|p1a: Farigiraf\n|swap|p1a: Farigiraf|1|[from] move: Ally Switch\n|move|p2b: Ponyo|Ivy Cudgel|p1a: Torkoal|[anim] Ivy Cudgel Water\n|-supereffective|p1a: Torkoal\n|-damage|p1a: Torkoal|18\/100 psn\n|move|p1a: Torkoal|Eruption|p2b: Ponyo\n|-damage|p2b: Ponyo|68\/100\n|\n|-weather|SunnyDay|[upkeep]\n|-damage|p1b: Farigiraf|63\/100 psn|[from] psn\n|-damage|p1a: Torkoal|6\/100 psn|[from] psn\n|upkeep\n|turn|7\n|\n|t:|1700271543\n|switch|p1a: Iron Hands|Iron Hands, L50|94\/100 brn\n|move|p2b: Ponyo|Horn Leech|p1b: Farigiraf\n|-damage|p1b: Farigiraf|30\/100 psn\n|-heal|p2b: Ponyo|89\/100|[from] drain|[of] p1b: Farigiraf\n|move|p1b: Farigiraf|Trick Room|p1b: Farigiraf\n|-fieldstart|move: Trick Room|[of] p1b: Farigiraf\n|\n|-weather|none\n|-damage|p1b: Farigiraf|18\/100 psn|[from] psn\n|-damage|p1a: Iron Hands|88\/100 brn|[from] brn\n|upkeep\n|turn|8\n|\n|t:|1700271576\n|move|p1b: Farigiraf|Helping Hand|p1a: Iron Hands\n|-singleturn|p1a: Iron Hands|Helping Hand|[of] p1b: Farigiraf\n|move|p2b: Ponyo|Spiky Shield|p2b: Ponyo\n|-singleturn|p2b: Ponyo|move: Protect\n|move|p1a: Iron Hands|Drain Punch|p2b: Ponyo\n|-activate|p2b: Ponyo|move: Protect\n|-damage|p1a: Iron Hands|76\/100 brn|[from] Spiky Shield|[of] p2b: Ponyo\n|\n|-damage|p1b: Farigiraf|6\/100 psn|[from] psn\n|-damage|p1a: Iron Hands|70\/100 brn|[from] brn\n|upkeep\n|turn|9\n|\n|t:|1700271593\n|move|p1b: Farigiraf|Helping Hand|p1a: Iron Hands\n|-singleturn|p1a: Iron Hands|Helping Hand|[of] p1b: Farigiraf\n|move|p1a: Iron Hands|Drain Punch|p2b: Ponyo\n|-damage|p2b: Ponyo|60\/100\n|-heal|p1a: Iron Hands|80\/100 brn|[from] drain|[of] p2b: Ponyo\n|move|p2b: Ponyo|Horn Leech|p1a: Iron Hands\n|-damage|p1a: Iron Hands|50\/100 brn\n|-heal|p2b: Ponyo|81\/100|[from] drain|[of] p1a: Iron Hands\n|\n|-damage|p1b: Farigiraf|0 fnt|[from] psn\n|faint|p1b: Farigiraf\n|-damage|p1a: Iron Hands|44\/100 brn|[from] brn\n|upkeep\n|\n|t:|1700271607\n|switch|p1b: Torkoal|Torkoal, L50, F, tera:Fire|6\/100 psn\n|-weather|SunnyDay|[from] ability: Drought|[of] p1b: Torkoal\n|turn|10\n|\n|t:|1700271628\n|move|p2b: Ponyo|Spiky Shield|p2b: Ponyo\n|-singleturn|p2b: Ponyo|move: Protect\n|move|p1b: Torkoal|Eruption|p2b: Ponyo\n|-activate|p2b: Ponyo|move: Protect\n|move|p1a: Iron Hands|Drain Punch|p2b: Ponyo\n|-activate|p2b: Ponyo|move: Protect\n|-damage|p1a: Iron Hands|32\/100 brn|[from] Spiky Shield|[of] p2b: Ponyo\n|\n|-weather|SunnyDay|[upkeep]\n|-damage|p1b: Torkoal|0 fnt|[from] psn\n|faint|p1b: Torkoal\n|-damage|p1a: Iron Hands|25\/100 brn|[from] brn\n|upkeep\n|turn|11\n|\n|t:|1700271647\n|move|p1a: Iron Hands|Wild Charge|p2b: Ponyo\n|-damage|p2b: Ponyo|58\/100\n|-damage|p1a: Iron Hands|21\/100 brn|[from] Recoil\n|move|p2b: Ponyo|Horn Leech|p1a: Iron Hands\n|-damage|p1a: Iron Hands|0 fnt\n|-heal|p2b: Ponyo|72\/100|[from] drain|[of] p1a: Iron Hands\n|faint|p1a: Iron Hands\n|-end|p1a: Iron Hands|Quark Drive|[silent]\n|\n|win|blooperlink123\n|inactive|Nivram_Axuf has 50 seconds to confirm battle start!\n|inactive|blooperlink123 has 50 seconds to confirm battle start!\n|c|&|\/uhtml prompt-blooperlink123,blooperlink123 is ready for game 2!\n|inactive|Nivram_Axuf has 40 seconds to confirm battle start!\n|inactive|Nivram_Axuf has 30 seconds to confirm battle start!\n","uploadtime":1700271654,"views":57,"p1id":"nivramaxuf","p2id":"blooperlink123","formatid":"gen9vgc2023regulatione","rating":0,"private":0,"password":""}