{"id":"gen9vgc2023regulatione-1995181774","p1":"PennyPennyPenPen","p2":"Lu4n133","format":"[Gen 9] VGC 2023 Regulation E","log":"|j|\u2606PennyPennyPenPen\n|j|\u2606Lu4n133\n|t:|1700531745\n|gametype|doubles\n|player|p1|PennyPennyPenPen|wattson|1013\n|player|p2|Lu4n133|102|1000\n|teamsize|p1|6\n|teamsize|p2|6\n|gen|9\n|tier|[Gen 9] VGC 2023 Regulation E\n|rated|\n|rule|Species Clause: Limit one of each Pok\u00e9mon\n|rule|Item Clause: Limit one of each item\n|clearpoke\n|poke|p1|Gengar, L50, M|\n|poke|p1|Clefable, L50, F|\n|poke|p1|Snorlax, L50, M|\n|poke|p1|Quagsire, L50, M|\n|poke|p1|Raichu, L50, M|\n|poke|p1|Quilladin, L50, M|\n|poke|p2|Ceruledge, L50, M|\n|poke|p2|Amoonguss, L50, F|\n|poke|p2|Abomasnow, L50, M|\n|poke|p2|Palafin, L50, M|\n|poke|p2|Salamence, L50, M|\n|poke|p2|Munkidori, L50, M|\n|teampreview|4\nPennyPennyPenPen rejected open team sheets.\n|\n|t:|1700531792\n|start\n|switch|p1a: Zachery|Raichu, L50, M|100\/100\n|switch|p1b: Chase|Quilladin, L50, M|100\/100\n|switch|p2a: Munkidori|Munkidori, L50, M|100\/100\n|switch|p2b: Amoonguss|Amoonguss, L50, F, shiny|100\/100\n|turn|1\n|inactive|Battle timer is ON: inactive players will automatically lose when time's up. (requested by PennyPennyPenPen)\n|\n|t:|1700531819\n|switch|p2a: Ceruledge|Ceruledge, L50, M|100\/100\n|move|p1a: Zachery|Thunderbolt|p2a: Ceruledge\n|-damage|p2a: Ceruledge|58\/100\n|move|p1b: Chase|Aerial Ace|p2b: Amoonguss\n|-supereffective|p2b: Amoonguss\n|-damage|p2b: Amoonguss|70\/100\n|move|p2b: Amoonguss|Toxic|p1a: Zachery\n|-status|p1a: Zachery|tox\n|\n|-damage|p1a: Zachery|94\/100 tox|[from] psn\n|upkeep\n|turn|2\n|inactive|Lu4n133 has 30 seconds left.\n|\n|t:|1700531851\n|move|p2a: Ceruledge|Bitter Blade|p1b: Chase\n|-supereffective|p1b: Chase\n|-damage|p1b: Chase|34\/100\n|-heal|p2a: Ceruledge|90\/100|[from] drain|[of] p1b: Chase\n|move|p1a: Zachery|Thunderbolt|p2a: Ceruledge\n|-damage|p2a: Ceruledge|46\/100\n|move|p1b: Chase|Aerial Ace|p2b: Amoonguss\n|-supereffective|p2b: Amoonguss\n|-damage|p2b: Amoonguss|36\/100\n|move|p2b: Amoonguss|Toxic|p1b: Chase\n|-status|p1b: Chase|tox\n|\n|-damage|p1a: Zachery|82\/100 tox|[from] psn\n|-damage|p1b: Chase|28\/100 tox|[from] psn\n|upkeep\n|turn|3\n|inactive|Lu4n133 has 30 seconds left.\n|\n|t:|1700531879\n|move|p2b: Amoonguss|Protect|p2b: Amoonguss\n|-singleturn|p2b: Amoonguss|Protect\n|move|p2a: Ceruledge|Bitter Blade|p1b: Chase\n|-supereffective|p1b: Chase\n|-damage|p1b: Chase|0 fnt\n|-heal|p2a: Ceruledge|60\/100|[from] drain|[of] p1b: Chase\n|faint|p1b: Chase\n|move|p1a: Zachery|Thunderbolt|p2a: Ceruledge\n|-damage|p2a: Ceruledge|12\/100\n|-enditem|p2a: Ceruledge|Aguav Berry|[eat]\n|-heal|p2a: Ceruledge|45\/100|[from] item: Aguav Berry\n|\n|-damage|p1a: Zachery|63\/100 tox|[from] psn\n|upkeep\n|\n|t:|1700531893\n|switch|p1b: Sammy|Snorlax, L50, M|100\/100\n|turn|4\n|\n|t:|1700531913\n|switch|p2a: Salamence|Salamence, L50, M|100\/100\n|-ability|p2a: Salamence|Intimidate|boost\n|-unboost|p1a: Zachery|atk|1\n|-unboost|p1b: Sammy|atk|1\n|move|p1a: Zachery|Thunderbolt|p2a: Salamence\n|-damage|p2a: Salamence|56\/100\n|move|p1b: Sammy|Flamethrower|p2b: Amoonguss\n|-supereffective|p2b: Amoonguss\n|-damage|p2b: Amoonguss|14\/100\n|-enditem|p2b: Amoonguss|Figy Berry|[eat]\n|-heal|p2b: Amoonguss|47\/100|[from] item: Figy Berry\n|-start|p2b: Amoonguss|confusion\n|-activate|p2b: Amoonguss|confusion\n|-damage|p2b: Amoonguss|40\/100|[from] confusion\n|\n|-heal|p2a: Salamence|62\/100|[from] item: Leftovers\n|-damage|p1a: Zachery|38\/100 tox|[from] psn\n|upkeep\n|turn|5\n|inactive|PennyPennyPenPen has 30 seconds left.\n|inactive|Lu4n133 has 30 seconds left.\n|inactive|Lu4n133 has 20 seconds left.\n|\n|t:|1700531950\n|-terastallize|p2a: Salamence|Dragon\n|-activate|p2b: Amoonguss|confusion\n|-damage|p2b: Amoonguss|34\/100|[from] confusion\n|move|p2a: Salamence|Earthquake|p1a: Zachery|[spread] p2b,p1a,p1b\n|-supereffective|p1a: Zachery\n|-damage|p2b: Amoonguss|3\/100\n|-damage|p1a: Zachery|0 fnt\n|-damage|p1b: Sammy|74\/100\n|faint|p1a: Zachery\n|move|p1b: Sammy|Flamethrower|p2b: Amoonguss\n|-supereffective|p2b: Amoonguss\n|-damage|p2b: Amoonguss|0 fnt\n|faint|p2b: Amoonguss\n|\n|-heal|p2a: Salamence|68\/100|[from] item: Leftovers\n|-heal|p1b: Sammy|80\/100|[from] item: Leftovers\n|upkeep\n|\n|t:|1700531972\n|switch|p1a: Christopher|Quagsire, L50, M|100\/100\n|switch|p2b: Munkidori|Munkidori, L50, M|100\/100\n|turn|6\n|\n|t:|1700531986\n|move|p2b: Munkidori|Calm Mind|p2b: Munkidori\n|-boost|p2b: Munkidori|spa|1\n|-boost|p2b: Munkidori|spd|1\n|move|p2a: Salamence|Dragon Dance|p2a: Salamence\n|-boost|p2a: Salamence|atk|1\n|-boost|p2a: Salamence|spe|1\n|move|p1a: Christopher|Stomping Tantrum|p2b: Munkidori\n|-supereffective|p2b: Munkidori\n|-damage|p2b: Munkidori|23\/100\n|-enditem|p2b: Munkidori|Salac Berry|[eat]\n|-boost|p2b: Munkidori|spe|1|[from] item: Salac Berry\n|move|p1b: Sammy|Giga Impact|p2a: Salamence\n|-damage|p2a: Salamence|20\/100\n|-mustrecharge|p1b: Sammy\n|\n|-heal|p2a: Salamence|26\/100|[from] item: Leftovers\n|-heal|p1b: Sammy|86\/100|[from] item: Leftovers\n|upkeep\n|turn|7\n|inactive|Lu4n133 has 30 seconds left.\n|\n|t:|1700532018\n|move|p2b: Munkidori|Psychic|p1a: Christopher\n|-damage|p1a: Christopher|3\/100\n|move|p2a: Salamence|Outrage|p1b: Sammy\n|-damage|p1b: Sammy|0 fnt\n|faint|p1b: Sammy\n|move|p1a: Christopher|Stomping Tantrum|p2b: Munkidori\n|-supereffective|p2b: Munkidori\n|-damage|p2b: Munkidori|0 fnt\n|faint|p2b: Munkidori\n|\n|-heal|p2a: Salamence|32\/100|[from] item: Leftovers\n|upkeep\n|\n|t:|1700532034\n|switch|p2b: Ceruledge|Ceruledge, L50, M|45\/100\n|turn|8\n|\n|t:|1700532045\n|-terastallize|p1a: Christopher|Water\n|move|p2a: Salamence|Outrage|p1a: Christopher|[from]lockedmove\n|-damage|p1a: Christopher|0 fnt\n|faint|p1a: Christopher\n|\n|win|Lu4n133\n|raw|PennyPennyPenPen's rating: 1013 &rarr; <strong>1001<\/strong><br \/>(-12 for losing)\n|raw|Lu4n133's rating: 1000 &rarr; <strong>1041<\/strong><br \/>(+41 for winning)\n|c|\u2606PennyPennyPenPen|Good Games!\n","uploadtime":1700532057,"views":3,"p1id":"pennypennypenpen","p2id":"lu4n133","formatid":"gen9vgc2023regulatione","rating":1001,"private":0,"password":""}