{"id":"gen9vgc2023regulatione-1988153285","p1":"Brooks_Conrad","p2":"imaginedragonthese","format":"[Gen 9] VGC 2023 Regulation E","log":"|j|\u2606Brooks_Conrad\n|j|\u2606imaginedragonthese\n|t:|1699676409\n|gametype|doubles\n|player|p1|Brooks_Conrad|skier|\n|player|p2|imaginedragonthese|lady|\n|teamsize|p1|6\n|teamsize|p2|6\n|gen|9\n|tier|[Gen 9] VGC 2023 Regulation E\n|rule|Species Clause: Limit one of each Pok\u00e9mon\n|rule|Item Clause: Limit one of each item\n|clearpoke\n|poke|p1|Kingambit, L50, M|\n|poke|p1|Palafin, L50, M|\n|poke|p1|Kilowattrel, L50, F|\n|poke|p1|Goodra, L50, F|\n|poke|p1|Toedscruel, L50, M|\n|poke|p1|Salazzle, L50, F|\n|poke|p2|Revavroom, L50, M|\n|poke|p2|Gothitelle, L50, F|\n|poke|p2|Gothorita, L50, F|\n|poke|p2|Grafaiai, L50, F|\n|poke|p2|Maushold-Four, L50|\n|poke|p2|Jigglypuff, L50, M|\n|teampreview|4\n|\n|t:|1699676447\n|start\n|switch|p1a: Palafin|Palafin, L50, M, shiny|100\/100\n|switch|p1b: Kingambit|Kingambit, L50, M, shiny|100\/100\n|switch|p2a: Maushold|Maushold-Four, L50|100\/100\n|switch|p2b: Jigglypuff|Jigglypuff, L50, M|100\/100\n|-ability|p1b: Kingambit|Pressure\n|turn|1\n|\n|t:|1699676492\n|move|p2a: Maushold|Follow Me|p2a: Maushold\n|-singleturn|p2a: Maushold|move: Follow Me\n|move|p1a: Palafin|Flip Turn|p2a: Maushold\n|-damage|p2a: Maushold|75\/100\n|\n|t:|1699676505\n|detailschange|p1a: Palafin|Palafin-Hero, L50, M, shiny\n|switch|p1a: Toedscruel|Toedscruel, L50, M, shiny|100\/100|[from] Flip Turn\n|move|p1b: Kingambit|Poison Jab|p2a: Maushold\n|-damage|p2a: Maushold|39\/100\n|-status|p2a: Maushold|psn\n|move|p2b: Jigglypuff|Stockpile|p2b: Jigglypuff\n|-start|p2b: Jigglypuff|stockpile1\n|-boost|p2b: Jigglypuff|def|1\n|-boost|p2b: Jigglypuff|spd|1\n|\n|-damage|p2a: Maushold|27\/100 psn|[from] psn\n|upkeep\n|turn|2\n|\n|t:|1699676541\n|move|p2a: Maushold|Follow Me|p2a: Maushold\n|-singleturn|p2a: Maushold|move: Follow Me\n|move|p1b: Kingambit|Poison Jab|p2a: Maushold\n|-damage|p2a: Maushold|0 fnt\n|faint|p2a: Maushold\n|move|p2b: Jigglypuff|Stockpile|p2b: Jigglypuff\n|-start|p2b: Jigglypuff|stockpile2\n|-boost|p2b: Jigglypuff|def|1\n|-boost|p2b: Jigglypuff|spd|1\n|move|p1a: Toedscruel|Light Screen|p1a: Toedscruel\n|-sidestart|p1: Brooks_Conrad|move: Light Screen\n|\n|upkeep\n|\n|t:|1699676554\n|switch|p2a: Gothitelle|Gothitelle, L50, F|100\/100\n|turn|3\n|j| Redisthenewblue\n|c| Redisthenewblue|Let's goooo! Good luck fellas\n|\n|t:|1699676616\n|move|p2a: Gothitelle|Trick|p1a: Toedscruel\n|-activate|p2a: Gothitelle|move: Trick|[of] p1a: Toedscruel\n|-item|p1a: Toedscruel|Choice Scarf|[from] move: Trick\n|-item|p2a: Gothitelle|Wise Glasses|[from] move: Trick\n|move|p1a: Toedscruel|Giga Drain|p2b: Jigglypuff\n|-damage|p2b: Jigglypuff|86\/100\n|move|p1b: Kingambit|Poison Jab|p2b: Jigglypuff\n|-supereffective|p2b: Jigglypuff\n|-damage|p2b: Jigglypuff|60\/100\n|move|p2b: Jigglypuff|Stockpile|p2b: Jigglypuff\n|-start|p2b: Jigglypuff|stockpile3\n|-boost|p2b: Jigglypuff|def|1\n|-boost|p2b: Jigglypuff|spd|1\n|\n|upkeep\n|turn|4\n|\n|t:|1699676652\n|move|p1a: Toedscruel|Giga Drain|p2b: Jigglypuff\n|-damage|p2b: Jigglypuff|49\/100\n|move|p2a: Gothitelle|Reflect|p2a: Gothitelle\n|-sidestart|p2: imaginedragonthese|Reflect\n|move|p1b: Kingambit|Poison Jab|p2b: Jigglypuff\n|-supereffective|p2b: Jigglypuff\n|-damage|p2b: Jigglypuff|34\/100\n|move|p2b: Jigglypuff|Disable|p1b: Kingambit\n|-start|p1b: Kingambit|Disable|Poison Jab\n|\n|upkeep\n|turn|5\n|\n|t:|1699676684\n|move|p1a: Toedscruel|Giga Drain|p2b: Jigglypuff\n|-damage|p2b: Jigglypuff|23\/100\n|move|p2a: Gothitelle|Heal Pulse|p2b: Jigglypuff\n|-heal|p2b: Jigglypuff|73\/100\n|move|p1b: Kingambit|Grass Knot|p2b: Jigglypuff\n|-damage|p2b: Jigglypuff|71\/100\n|move|p2b: Jigglypuff|Disable|p1a: Toedscruel\n|-start|p1a: Toedscruel|Disable|Giga Drain\n|\n|upkeep\n|turn|6\n|\n|t:|1699676739\n|-activate|p1a: Toedscruel|move: Struggle\n|move|p1a: Toedscruel|Struggle|p2b: Jigglypuff\n|-damage|p2b: Jigglypuff|69\/100\n|-damage|p1a: Toedscruel|75\/100|[from] recoil\n|move|p2a: Gothitelle|Heal Pulse|p2b: Jigglypuff\n|-heal|p2b: Jigglypuff|100\/100\n|move|p1b: Kingambit|Iron Head|p2b: Jigglypuff\n|-supereffective|p2b: Jigglypuff\n|-damage|p2b: Jigglypuff|77\/100\n|cant|p2b: Jigglypuff|flinch\n|\n|-sideend|p1: Brooks_Conrad|move: Light Screen\n|upkeep\n|turn|7\n|\n|t:|1699676773\n|-activate|p1a: Toedscruel|move: Struggle\n|move|p1a: Toedscruel|Struggle|p2a: Gothitelle\n|-damage|p2a: Gothitelle|97\/100\n|-damage|p1a: Toedscruel|50\/100|[from] recoil\n|move|p2a: Gothitelle|Heal Pulse|p2b: Jigglypuff\n|-heal|p2b: Jigglypuff|100\/100\n|move|p1b: Kingambit|Iron Head|p2a: Gothitelle\n|-damage|p2a: Gothitelle|72\/100\n|move|p2b: Jigglypuff|Baton Pass|p2b: Jigglypuff\n|\n|t:|1699676782\n|switch|p2b: Revavroom|Revavroom, L50, M|100\/100|[from] Baton Pass\n|\n|upkeep\n|turn|8\n|\n|t:|1699676829\n|-activate|p1a: Toedscruel|move: Struggle\n|move|p1a: Toedscruel|Struggle|p2b: Revavroom\n|-damage|p2b: Revavroom|98\/100\n|-damage|p1a: Toedscruel|25\/100|[from] recoil\n|move|p2b: Revavroom|Substitute|p2b: Revavroom\n|-start|p2b: Revavroom|Substitute\n|-damage|p2b: Revavroom|73\/100\n|move|p2a: Gothitelle|Heal Pulse|p1a: Toedscruel\n|-heal|p1a: Toedscruel|75\/100\n|move|p1b: Kingambit|Iron Head|p2a: Gothitelle\n|-damage|p2a: Gothitelle|42\/100\n|\n|-heal|p2b: Revavroom|79\/100|[from] item: Leftovers\n|-end|p1b: Kingambit|Disable\n|-sideend|p2: imaginedragonthese|Reflect\n|upkeep\n|turn|9\n|c|\u2606imaginedragonthese|lol oops\n|\n|t:|1699676864\n|-activate|p1a: Toedscruel|move: Struggle\n|move|p1a: Toedscruel|Struggle|p2a: Gothitelle\n|-damage|p2a: Gothitelle|34\/100\n|-damage|p1a: Toedscruel|49\/100|[from] recoil\n|move|p2b: Revavroom|Shift Gear|p2b: Revavroom\n|-boost|p2b: Revavroom|spe|2\n|-boost|p2b: Revavroom|atk|1\n|move|p2a: Gothitelle|Heal Pulse||[still]\n|-fail|p2a: Gothitelle\n|move|p1b: Kingambit|Poison Jab|p2a: Gothitelle\n|-damage|p2a: Gothitelle|4\/100\n|\n|-heal|p2b: Revavroom|85\/100|[from] item: Leftovers\n|-end|p1a: Toedscruel|Disable\n|upkeep\n|turn|10\n|\n|t:|1699676898\n|switch|p2a: Jigglypuff|Jigglypuff, L50, M|100\/100\n|move|p2b: Revavroom|High Horsepower|p1b: Kingambit\n|-supereffective|p1b: Kingambit\n|-damage|p1b: Kingambit|22\/100\n|-damage|p2b: Revavroom|69\/100|[from] item: Rocky Helmet|[of] p1b: Kingambit\n|move|p1a: Toedscruel|Giga Drain|p2a: Jigglypuff\n|-damage|p2a: Jigglypuff|72\/100\n|-heal|p1a: Toedscruel|66\/100|[from] drain|[of] p2a: Jigglypuff\n|move|p1b: Kingambit|Poison Jab|p2a: Jigglypuff\n|-supereffective|p2a: Jigglypuff\n|-damage|p2a: Jigglypuff|14\/100\n|-status|p2a: Jigglypuff|psn\n|\n|-heal|p2b: Revavroom|75\/100|[from] item: Leftovers\n|-damage|p2a: Jigglypuff|2\/100 psn|[from] psn\n|upkeep\n|turn|11\n|\n|t:|1699676973\n|move|p1b: Kingambit|Protect|p1b: Kingambit\n|-singleturn|p1b: Kingambit|Protect\n|move|p2b: Revavroom|Shift Gear|p2b: Revavroom\n|-boost|p2b: Revavroom|spe|2\n|-boost|p2b: Revavroom|atk|1\n|move|p1a: Toedscruel|Giga Drain|p2a: Jigglypuff\n|-damage|p2a: Jigglypuff|0 fnt\n|-heal|p1a: Toedscruel|67\/100|[from] drain|[of] p2a: Jigglypuff\n|faint|p2a: Jigglypuff\n|\n|-heal|p2b: Revavroom|80\/100|[from] item: Leftovers\n|upkeep\n|\n|t:|1699676985\n|switch|p2a: Gothitelle|Gothitelle, L50, F|4\/100\n|turn|12\n|\n|t:|1699677025\n|move|p2a: Gothitelle|Fake Out|p1a: Toedscruel\n|-damage|p1a: Toedscruel|59\/100\n|move|p2b: Revavroom|High Horsepower|p1b: Kingambit\n|-supereffective|p1b: Kingambit\n|-damage|p1b: Kingambit|0 fnt\n|-damage|p2b: Revavroom|64\/100|[from] item: Rocky Helmet|[of] p1b: Kingambit\n|faint|p1b: Kingambit\n|cant|p1a: Toedscruel|flinch\n|\n|-heal|p2b: Revavroom|70\/100|[from] item: Leftovers\n|upkeep\n|\n|t:|1699677049\n|switch|p1b: Kilowattrel|Kilowattrel, L50, F, shiny|100\/100\n|turn|13\n|\n|t:|1699677082\n|move|p2b: Revavroom|Poison Jab|p1b: Kilowattrel\n|-damage|p1b: Kilowattrel|0 fnt\n|faint|p1b: Kilowattrel\n|move|p1a: Toedscruel|Giga Drain|p2a: Gothitelle\n|-damage|p2a: Gothitelle|0 fnt\n|-heal|p1a: Toedscruel|61\/100|[from] drain|[of] p2a: Gothitelle\n|faint|p2a: Gothitelle\n|\n|-heal|p2b: Revavroom|76\/100|[from] item: Leftovers\n|upkeep\n|\n|t:|1699677092\n|switch|p1b: Palafin|Palafin-Hero, L50, M, shiny|100\/100\n|-activate|p1b: Palafin|ability: Zero to Hero\n|turn|14\n|\n|t:|1699677163\n|move|p2b: Revavroom|Poison Jab|p1b: Palafin\n|-damage|p1b: Palafin|31\/100\n|move|p1a: Toedscruel|Giga Drain|p2b: Revavroom\n|-resisted|p2b: Revavroom\n|-activate|p2b: Revavroom|move: Substitute|[damage]\n|-heal|p1a: Toedscruel|63\/100|[from] drain|[of] p2b: Revavroom\n|move|p1b: Palafin|Aura Sphere|p2b: Revavroom\n|-activate|p2b: Revavroom|move: Substitute|[damage]\n|\n|-heal|p2b: Revavroom|82\/100|[from] item: Leftovers\n|upkeep\n|turn|15\n|\n|t:|1699677181\n|move|p2b: Revavroom|Poison Jab|p1b: Palafin\n|-damage|p1b: Palafin|0 fnt\n|faint|p1b: Palafin\n|move|p1a: Toedscruel|Giga Drain|p2b: Revavroom\n|-resisted|p2b: Revavroom\n|-activate|p2b: Revavroom|move: Substitute|[damage]\n|-heal|p1a: Toedscruel|66\/100|[from] drain|[of] p2b: Revavroom\n|\n|-heal|p2b: Revavroom|88\/100|[from] item: Leftovers\n|upkeep\n|turn|16\n|\n|t:|1699677193\n|move|p2b: Revavroom|Poison Jab|p1a: Toedscruel\n|-crit|p1a: Toedscruel\n|-damage|p1a: Toedscruel|0 fnt\n|faint|p1a: Toedscruel\n|\n|win|imaginedragonthese\n|l|\u2606Brooks_Conrad\n|c|\u2606imaginedragonthese|gg\n","uploadtime":1699677202,"views":14,"p1id":"brooksconrad","p2id":"imaginedragonthese","formatid":"gen9vgc2023regulatione","rating":0,"private":0,"password":""}