{"id":"gen9vgc2023regulatione-1994288934","p1":"Osprey11","p2":"AC Wesley","format":"[Gen 9] VGC 2023 Regulation E","log":"|j|\u2606Osprey11\n|j|\u2606AC Wesley\n|n|\u2606Osprey11|osprey11\n|n|\u2606AC Wesley|acwesley\n|html|View the match progress at <a href=\"\/game-bestof3-gen9vgc2023regulatione-1994280483\">game-bestof3-gen9vgc2023regulatione-1994280483<\/a>\n|t:|1700427434\n|gametype|doubles\n|player|p1|Osprey11|101|\n|player|p2|AC Wesley|thorton|\n|teamsize|p1|6\n|teamsize|p2|6\n|gen|9\n|tier|[Gen 9] VGC 2023 Regulation E\n|rule|Species Clause: Limit one of each Pok\u00e9mon\n|rule|Item Clause: Limit one of each item\n|clearpoke\n|poke|p1|Moltres-Galar, L50|\n|poke|p1|Sinistcha, L50|\n|poke|p1|Iron Hands, L50|\n|poke|p1|Ogerpon-Wellspring, L50, F|\n|poke|p1|Arcanine-Hisui, L50, M|\n|poke|p1|Tornadus, L50, M|\n|poke|p2|Iron Hands, L50|\n|poke|p2|Farigiraf, L50, F|\n|poke|p2|Ursaluna-Bloodmoon, L50, M|\n|poke|p2|Flutter Mane, L50|\n|poke|p2|Heatran, L50, M|\n|poke|p2|Ogerpon-Wellspring, L50, F|\n|teampreview|4\n|inactive|Battle timer is ON: inactive players will automatically lose when time's up. (requested by AC Wesley)\n|inactive|AC Wesley has 60 seconds left.\n|\n|t:|1700427472\n|start\n|switch|p1a: Iron Hands|Iron Hands, L50|100\/100\n|switch|p1b: Arcanine|Arcanine-Hisui, L50, M|100\/100\n|switch|p2a: Farigiraf|Farigiraf, L50, F|100\/100\n|switch|p2b: Ursaluna|Ursaluna-Bloodmoon, L50, M|100\/100\n|-ability|p1b: Arcanine|Intimidate|boost\n|-unboost|p2a: Farigiraf|atk|1\n|-unboost|p2b: Ursaluna|atk|1\n|turn|1\n|j| spencomatic\n|inactive|Osprey11 has 30 seconds left.\n|inactive|AC Wesley has 30 seconds left.\n|\n|t:|1700427506\n|-terastallize|p1b: Arcanine|Grass\n|move|p2b: Ursaluna|Protect|p2b: Ursaluna\n|-singleturn|p2b: Ursaluna|Protect\n|move|p1b: Arcanine|Snarl|p2a: Farigiraf|[spread] p2a\n|-activate|p2b: Ursaluna|move: Protect\n|-supereffective|p2a: Farigiraf\n|-damage|p2a: Farigiraf|84\/100\n|-unboost|p2a: Farigiraf|spa|1\n|move|p1a: Iron Hands|Drain Punch|p2b: Ursaluna\n|-activate|p2b: Ursaluna|move: Protect\n|move|p2a: Farigiraf|Trick Room|p2a: Farigiraf\n|-fieldstart|move: Trick Room|[of] p2a: Farigiraf\n|\n|upkeep\n|turn|2\n|inactive|AC Wesley has 30 seconds left.\n|\n|t:|1700427540\n|-terastallize|p2b: Ursaluna|Poison\n|move|p2b: Ursaluna|Blood Moon|p1b: Arcanine\n|-damage|p1b: Arcanine|9\/100\n|-enditem|p1b: Arcanine|Sitrus Berry|[eat]\n|-heal|p1b: Arcanine|34\/100|[from] item: Sitrus Berry\n|-damage|p2b: Ursaluna|90\/100|[from] item: Life Orb\n|move|p2a: Farigiraf|Dazzling Gleam|p1a: Iron Hands|[spread] p1a,p1b\n|-supereffective|p1a: Iron Hands\n|-damage|p1a: Iron Hands|90\/100\n|-damage|p1b: Arcanine|24\/100\n|move|p1a: Iron Hands|Drain Punch|p2b: Ursaluna\n|-resisted|p2b: Ursaluna\n|-damage|p2b: Ursaluna|76\/100\n|-heal|p1a: Iron Hands|97\/100|[from] drain|[of] p2b: Ursaluna\n|move|p1b: Arcanine|Snarl|p2b: Ursaluna|[spread] p2a,p2b\n|-supereffective|p2a: Farigiraf\n|-damage|p2a: Farigiraf|66\/100\n|-damage|p2b: Ursaluna|66\/100\n|-unboost|p2a: Farigiraf|spa|1\n|-unboost|p2b: Ursaluna|spa|1\n|\n|upkeep\n|turn|3\n|inactive|Osprey11 has 30 seconds left.\n|inactive|AC Wesley has 30 seconds left.\n|inactive|Osprey11 has 20 seconds left.\n|inactive|AC Wesley has 20 seconds left.\n|inactive|AC Wesley has 15 seconds left.\n|inactive|AC Wesley has 10 seconds left.\n|inactive|AC Wesley has 5 seconds left.\n|\n|t:|1700427591\n|switch|p2a: Heatran|Heatran, L50, M|100\/100\n|switch|p1b: Moltres|Moltres-Galar, L50|100\/100\n|move|p2b: Ursaluna|Protect|p2b: Ursaluna\n|-singleturn|p2b: Ursaluna|Protect\n|move|p1a: Iron Hands|Wild Charge|p2b: Ursaluna\n|-activate|p2b: Ursaluna|move: Protect\n|\n|upkeep\n|turn|4\n|inactive|AC Wesley has 30 seconds left.\n|\n|t:|1700427624\n|move|p2a: Heatran|Protect|p2a: Heatran\n|-singleturn|p2a: Heatran|Protect\n|move|p2b: Ursaluna|Blood Moon|p1b: Moltres\n|-damage|p1b: Moltres|46\/100\n|-ability|p1b: Moltres|Berserk|boost\n|-boost|p1b: Moltres|spa|1\n|-damage|p2b: Ursaluna|56\/100|[from] item: Life Orb\n|move|p1a: Iron Hands|Wild Charge|p2b: Ursaluna\n|-damage|p2b: Ursaluna|24\/100\n|-damage|p1a: Iron Hands|89\/100|[from] Recoil\n|move|p1b: Moltres|Fiery Wrath|p2a: Heatran|[spread] p2b\n|-activate|p2a: Heatran|move: Protect\n|-damage|p2b: Ursaluna|0 fnt\n|faint|p2b: Ursaluna\n|\n|-heal|p1b: Moltres|52\/100|[from] item: Leftovers\n|upkeep\n|\n|t:|1700427635\n|switch|p2b: Farigiraf|Farigiraf, L50, F|66\/100\n|turn|5\n|j| Van. Volcanucks\n|\n|t:|1700427657\n|move|p1b: Moltres|Protect|p1b: Moltres\n|-singleturn|p1b: Moltres|Protect\n|move|p2b: Farigiraf|Dazzling Gleam|p1a: Iron Hands|[spread] p1a\n|-activate|p1b: Moltres|move: Protect\n|-supereffective|p1a: Iron Hands\n|-damage|p1a: Iron Hands|73\/100\n|move|p1a: Iron Hands|Drain Punch|p2a: Heatran\n|-supereffective|p2a: Heatran\n|-damage|p2a: Heatran|27\/100\n|-heal|p1a: Iron Hands|100\/100|[from] drain|[of] p2a: Heatran\n|move|p2a: Heatran|Magma Storm|p1b: Moltres\n|-activate|p1b: Moltres|move: Protect\n|\n|-heal|p2a: Heatran|33\/100|[from] item: Leftovers\n|-heal|p1b: Moltres|58\/100|[from] item: Leftovers\n|-fieldend|move: Trick Room\n|upkeep\n|turn|6\n|inactive|Osprey11 has 30 seconds left.\n|inactive|AC Wesley has 30 seconds left.\n|inactive|AC Wesley has 20 seconds left.\n|inactive|AC Wesley has 15 seconds left.\n|\n|t:|1700427698\n|move|p1b: Moltres|Fiery Wrath|p2b: Farigiraf|[spread] p2a,p2b\n|-supereffective|p2b: Farigiraf\n|-damage|p2a: Heatran|3\/100\n|-damage|p2b: Farigiraf|0 fnt\n|faint|p2b: Farigiraf\n|move|p2a: Heatran|Magma Storm|p1b: Moltres\n|-damage|p1b: Moltres|11\/100\n|-activate|p1b: Moltres|move: Magma Storm|[of] p2a: Heatran\n|-ability|p1b: Moltres|Berserk|boost\n|-boost|p1b: Moltres|spa|1\n|move|p1a: Iron Hands|Drain Punch|p2a: Heatran\n|-supereffective|p2a: Heatran\n|-damage|p2a: Heatran|0 fnt\n|faint|p2a: Heatran\n|\n|-heal|p1b: Moltres|17\/100|[from] item: Leftovers\n|-end|p1b: Moltres|Magma Storm|[partiallytrapped]|[silent]\n|upkeep\n|-message|AC Wesley forfeited.\n|\n|win|Osprey11\n|c|\u2606Osprey11|gg\n|c|\u2606AC Wesley|gg\n|l| spencomatic\n|l| Van. Volcanucks\n|l|\u2606AC Wesley\n","uploadtime":1700427793,"views":14,"p1id":"osprey11","p2id":"acwesley","formatid":"gen9vgc2023regulatione","rating":0,"private":0,"password":""}