{"id":"gen9vgc2023regulatione-1988194914","p1":"SpiceCabinet","p2":"ImPhen","format":"[Gen 9] VGC 2023 Regulation E","log":"|j|\u2606SpiceCabinet\n|j|\u2606ImPhen\n|t:|1699683024\n|gametype|doubles\n|player|p1|SpiceCabinet|101|1360\n|player|p2|ImPhen|169|1265\n|teamsize|p1|6\n|teamsize|p2|6\n|gen|9\n|tier|[Gen 9] VGC 2023 Regulation E\n|rated|\n|rule|Species Clause: Limit one of each Pok\u00e9mon\n|rule|Item Clause: Limit one of each item\n|clearpoke\n|poke|p1|Scream Tail, L50|\n|poke|p1|Tornadus, L50, M|\n|poke|p1|Urshifu-*, L50, F|\n|poke|p1|Ogerpon-Hearthflame, L50, F|\n|poke|p1|Arcanine-Hisui, L50, F|\n|poke|p1|Flutter Mane, L50|\n|poke|p2|Gholdengo, L50|\n|poke|p2|Cresselia, L50, F|\n|poke|p2|Ursaluna, L50, M|\n|poke|p2|Tornadus, L50, M|\n|poke|p2|Rillaboom, L50, M|\n|poke|p2|Ogerpon-Wellspring, L50, F|\n|teampreview|4\n|\n|t:|1699683089\n|start\n|switch|p1a: Arcanine|Arcanine-Hisui, L50, F|100\/100\n|switch|p1b: Itachi|Scream Tail, L50, shiny|100\/100\n|switch|p2a: Rillaboom|Rillaboom, L50, M|100\/100\n|switch|p2b: Cresselia|Cresselia, L50, F|100\/100\n|-ability|p1a: Arcanine|Intimidate|boost\n|-unboost|p2a: Rillaboom|atk|1\n|-unboost|p2b: Cresselia|atk|1\n|-fieldstart|move: Grassy Terrain|[from] ability: Grassy Surge|[of] p2a: Rillaboom\n|-enditem|p1b: Itachi|Booster Energy\n|-activate|p1b: Itachi|ability: Protosynthesis|[fromitem]\n|-start|p1b: Itachi|protosynthesisspe\n|turn|1\n|\n|t:|1699683120\n|switch|p1a: Terrance|Flutter Mane, L50|100\/100\n|move|p2a: Rillaboom|Fake Out|p1a: Terrance\n|-immune|p1a: Terrance\n|move|p1b: Itachi|Encore|p2a: Rillaboom\n|-start|p2a: Rillaboom|Encore\n|move|p2b: Cresselia|Trick Room|p2b: Cresselia\n|-fieldstart|move: Trick Room|[of] p2b: Cresselia\n|\n|upkeep\n|turn|2\n|\n|t:|1699683148\n|switch|p2a: Ogerpon|Ogerpon-Wellspring, L50, F|100\/100\n|-end|p1a: Terrance|Protosynthesis|[silent]\n|switch|p1a: Arcanine|Arcanine-Hisui, L50, F|100\/100\n|-ability|p1a: Arcanine|Intimidate|boost\n|-unboost|p2a: Ogerpon|atk|1\n|-unboost|p2b: Cresselia|atk|1\n|move|p2b: Cresselia|Lunar Blessing||[still]|[spread] \n|-fail|p2b: Cresselia\n|move|p1b: Itachi|Howl|p1b: Itachi|[spread] p1a,p1b\n|-boost|p1a: Arcanine|atk|1\n|-boost|p1b: Itachi|atk|1\n|\n|upkeep\n|turn|3\n|\n|t:|1699683196\n|-terastallize|p2a: Ogerpon|Water\n|detailschange|p2a: Ogerpon|Ogerpon-Wellspring-Tera, L50, F, tera:Water\n|-ability|p2a: Ogerpon|Embody Aspect (Wellspring)|boost\n|-boost|p2a: Ogerpon|spd|1\n|-terastallize|p1a: Arcanine|Normal\n|move|p1a: Arcanine|Extreme Speed|p2a: Ogerpon\n|-crit|p2a: Ogerpon\n|-damage|p2a: Ogerpon|0 fnt\n|faint|p2a: Ogerpon\n|move|p2b: Cresselia|Lunar Blessing||[still]\n|-fail|p2b: Cresselia\n|move|p1b: Itachi|Howl|p1b: Itachi|[spread] p1a,p1b\n|-boost|p1a: Arcanine|atk|1\n|-boost|p1b: Itachi|atk|1\n|\n|upkeep\n|\n|t:|1699683220\n|switch|p2a: Rillaboom|Rillaboom, L50, M|100\/100\n|turn|4\n|\n|t:|1699683238\n|switch|p2b: Ursaluna|Ursaluna, L50, M|100\/100\n|move|p2a: Rillaboom|Fake Out|p1a: Arcanine\n|-damage|p1a: Arcanine|80\/100\n|cant|p1a: Arcanine|flinch\n|move|p1b: Itachi|Encore|p2a: Rillaboom\n|-start|p2a: Rillaboom|Encore\n|\n|-heal|p1a: Arcanine|86\/100|[from] Grassy Terrain\n|-status|p2b: Ursaluna|brn|[from] item: Flame Orb\n|upkeep\n|turn|5\n|\n|t:|1699683264\n|switch|p2a: Cresselia|Cresselia, L50, F|100\/100\n|move|p2b: Ursaluna|Protect|p2b: Ursaluna\n|-singleturn|p2b: Ursaluna|Protect\n|move|p1a: Arcanine|Extreme Speed|p2b: Ursaluna\n|-activate|p2b: Ursaluna|move: Protect\n|move|p1b: Itachi|Howl|p1b: Itachi|[spread] p1a,p1b\n|-boost|p1a: Arcanine|atk|1\n|-boost|p1b: Itachi|atk|1\n|\n|-heal|p1a: Arcanine|92\/100|[from] Grassy Terrain\n|-damage|p2b: Ursaluna|95\/100 brn|[from] brn\n|-fieldend|move: Trick Room\n|-fieldend|move: Grassy Terrain\n|upkeep\n|turn|6\n|\n|t:|1699683287\n|switch|p2a: Rillaboom|Rillaboom, L50, M|100\/100\n|-fieldstart|move: Grassy Terrain|[from] ability: Grassy Surge|[of] p2a: Rillaboom\n|move|p2b: Ursaluna|Protect|p2b: Ursaluna\n|-singleturn|p2b: Ursaluna|Protect\n|move|p1a: Arcanine|Extreme Speed|p2b: Ursaluna\n|-activate|p2b: Ursaluna|move: Protect\n|move|p1b: Itachi|Howl|p1b: Itachi|[spread] p1a,p1b\n|-boost|p1a: Arcanine|atk|1\n|-boost|p1b: Itachi|atk|1\n|\n|-heal|p1a: Arcanine|98\/100|[from] Grassy Terrain\n|-heal|p2b: Ursaluna|100\/100 brn|[from] Grassy Terrain\n|-damage|p2b: Ursaluna|95\/100 brn|[from] brn\n|upkeep\n|turn|7\n|\n|t:|1699683308\n|switch|p2b: Cresselia|Cresselia, L50, F|100\/100\n|move|p1a: Arcanine|Extreme Speed|p2b: Cresselia\n|-damage|p2b: Cresselia|0 fnt\n|faint|p2b: Cresselia\n|move|p1b: Itachi|Encore||[still]\n|-fail|p1b: Itachi\n|move|p2a: Rillaboom|Wood Hammer|p1a: Arcanine\n|-damage|p1a: Arcanine|0 fnt\n|faint|p1a: Arcanine\n|-damage|p2a: Rillaboom|72\/100|[from] Recoil\n|\n|-heal|p2a: Rillaboom|79\/100|[from] Grassy Terrain\n|upkeep\n|\n|t:|1699683326\n|switch|p1a: Oni|Ogerpon-Hearthflame, L50, F|100\/100\n|switch|p2b: Ursaluna|Ursaluna, L50, M|95\/100 brn\n|-ability|p1a: Oni|Mold Breaker\n|turn|8\n|\n|t:|1699683348\n|move|p2b: Ursaluna|Protect|p2b: Ursaluna\n|-singleturn|p2b: Ursaluna|Protect\n|move|p1b: Itachi|Howl|p1b: Itachi|[spread] p1a,p1b\n|-boost|p1a: Oni|atk|1\n|-boost|p1b: Itachi|atk|1\n|move|p1a: Oni|Ivy Cudgel|p2a: Rillaboom\n|-supereffective|p2a: Rillaboom\n|-damage|p2a: Rillaboom|0 fnt\n|faint|p2a: Rillaboom\n|\n|-heal|p2b: Ursaluna|100\/100 brn|[from] Grassy Terrain\n|-damage|p2b: Ursaluna|95\/100 brn|[from] brn\n|upkeep\n|turn|9\n|-message|ImPhen forfeited.\n|\n|win|SpiceCabinet\n|raw|SpiceCabinet's rating: 1360 &rarr; <strong>1375<\/strong><br \/>(+15 for winning)\n|raw|ImPhen's rating: 1265 &rarr; <strong>1247<\/strong><br \/>(-18 for losing)\n|l|\u2606ImPhen\n","uploadtime":1699683372,"views":42,"p1id":"spicecabinet","p2id":"imphen","formatid":"gen9vgc2023regulatione","rating":1247,"private":0,"password":""}