{"id":"gen9vgc2023regulatione-1997881505","p1":"Juan El Macho","p2":"dbmm1008","format":"[Gen 9] VGC 2023 Regulation E","log":"|j|\u2606Juan El Macho\n|j|\u2606dbmm1008\n|t:|1700863161\n|gametype|doubles\n|player|p1|Juan El Macho|169|1142\n|player|p2|dbmm1008|102|1195\n|teamsize|p1|6\n|teamsize|p2|6\n|gen|9\n|tier|[Gen 9] VGC 2023 Regulation E\n|rated|\n|rule|Species Clause: Limit one of each Pok\u00e9mon\n|rule|Item Clause: Limit one of each item\n|clearpoke\n|poke|p1|Tornadus, L50, M|\n|poke|p1|Landorus-Therian, L50, M|\n|poke|p1|Urshifu-*, L50, M|\n|poke|p1|Gholdengo, L50|\n|poke|p1|Amoonguss, L50, M|\n|poke|p1|Iron Hands, L50|\n|poke|p2|Garchomp, L50, F|\n|poke|p2|Urshifu-*, L50, M|\n|poke|p2|Tornadus, L50, M|\n|poke|p2|Flutter Mane, L50|\n|poke|p2|Glastrier, L50|\n|poke|p2|Dragonite, L50, F|\n|teampreview|4\n|inactive|Battle timer is ON: inactive players will automatically lose when time's up. (requested by Juan El Macho)\n|inactive|Juan El Macho has 60 seconds left.\n|inactive|dbmm1008 has 60 seconds left.\n|inactive|Juan El Macho has 30 seconds left.\n|inactive|Juan El Macho has 20 seconds left.\n|inactive|Juan El Macho has 15 seconds left.\n|inactive|Juan El Macho has 10 seconds left.\n|c|\u2606dbmm1008|ez\n|\n|t:|1700863250\n|start\n|switch|p1a: Gholdengo|Gholdengo, L50|100\/100\n|switch|p1b: Amoonguss|Amoonguss, L50, M, shiny|100\/100\n|switch|p2a: Dragonite|Dragonite, L50, F|100\/100\n|switch|p2b: Tornadus|Tornadus, L50, M|100\/100\n|turn|1\n|inactive|Juan El Macho has 30 seconds left.\n|inactive|Juan El Macho has 20 seconds left.\n|\n|t:|1700863285\n|move|p2b: Tornadus|Tailwind|p2b: Tornadus\n|-sidestart|p2: dbmm1008|move: Tailwind\n|move|p2a: Dragonite|Aerial Ace|p1b: Amoonguss\n|-supereffective|p1b: Amoonguss\n|-damage|p1b: Amoonguss|37\/100\n|-damage|p2a: Dragonite|84\/100|[from] item: Rocky Helmet|[of] p1b: Amoonguss\n|-damage|p2a: Dragonite|75\/100|[from] item: Life Orb\n|move|p1a: Gholdengo|Nasty Plot|p1a: Gholdengo\n|-boost|p1a: Gholdengo|spa|2\n|move|p1b: Amoonguss|Spore|p2a: Dragonite\n|-status|p2a: Dragonite|slp|[from] move: Spore\n|\n|upkeep\n|turn|2\n|\n|t:|1700863307\n|cant|p2a: Dragonite|slp\n|move|p1b: Amoonguss|Protect|p1b: Amoonguss\n|-singleturn|p1b: Amoonguss|Protect\n|move|p2b: Tornadus|Bleakwind Storm|p1a: Gholdengo|[spread] \n|-activate|p1b: Amoonguss|move: Protect\n|-miss|p2b: Tornadus|p1a: Gholdengo\n|move|p1a: Gholdengo|Shadow Ball|p2b: Tornadus\n|-damage|p2b: Tornadus|2\/100\n|\n|upkeep\n|turn|3\n|inactive|Juan El Macho has 30 seconds left.\n|\n|t:|1700863341\n|-terastallize|p1b: Amoonguss|Water\n|move|p2b: Tornadus|Protect|p2b: Tornadus\n|-singleturn|p2b: Tornadus|Protect\n|cant|p2a: Dragonite|slp\n|move|p1a: Gholdengo|Make It Rain|p2b: Tornadus|[spread] p2a\n|-activate|p2b: Tornadus|move: Protect\n|-damage|p2a: Dragonite|0 fnt\n|-unboost|p1a: Gholdengo|spa|1\n|faint|p2a: Dragonite\n|move|p1b: Amoonguss|Pollen Puff|p1a: Gholdengo\n|-immune|p1a: Gholdengo\n|\n|upkeep\n|\n|t:|1700863357\n|switch|p2a: Urshifu|Urshifu-Rapid-Strike, L50, M|100\/100\n|turn|4\n|\n|t:|1700863375\n|-terastallize|p2a: Urshifu|Grass\n|move|p1b: Amoonguss|Rage Powder|p1b: Amoonguss\n|-singleturn|p1b: Amoonguss|move: Rage Powder\n|move|p2b: Tornadus|Rain Dance|p2b: Tornadus\n|-weather|RainDance\n|move|p2a: Urshifu|Surging Strikes|p1a: Gholdengo\n|-crit|p1a: Gholdengo\n|-damage|p1a: Gholdengo|69\/100\n|-crit|p1a: Gholdengo\n|-damage|p1a: Gholdengo|34\/100\n|-crit|p1a: Gholdengo\n|-damage|p1a: Gholdengo|0 fnt\n|faint|p1a: Gholdengo\n|-hitcount|p1: Gholdengo|3\n|\n|-weather|RainDance|[upkeep]\n|-sideend|p2: dbmm1008|move: Tailwind\n|upkeep\n|\n|t:|1700863398\n|switch|p1a: Iron Hands|Iron Hands, L50|100\/100\n|turn|5\n|\n|t:|1700863419\n|move|p2b: Tornadus|Protect|p2b: Tornadus\n|-singleturn|p2b: Tornadus|Protect\n|move|p1a: Iron Hands|Fake Out|p2a: Urshifu\n|-damage|p2a: Urshifu|86\/100\n|cant|p2a: Urshifu|flinch\n|move|p1b: Amoonguss|Pollen Puff|p2a: Urshifu\n|-supereffective|p2a: Urshifu\n|-damage|p2a: Urshifu|35\/100\n|\n|-weather|RainDance|[upkeep]\n|upkeep\n|turn|6\n|inactive|Juan El Macho has 30 seconds left.\n|\n|t:|1700863447\n|switch|p1b: Tornadus|Tornadus, L50, M, shiny|100\/100\n|move|p2b: Tornadus|Bleakwind Storm|p1a: Iron Hands|[spread] p1a,p1b\n|-damage|p1a: Iron Hands|83\/100\n|-damage|p1b: Tornadus|62\/100\n|move|p2a: Urshifu|Surging Strikes|p1a: Iron Hands\n|-crit|p1a: Iron Hands\n|-damage|p1a: Iron Hands|55\/100\n|-crit|p1a: Iron Hands\n|-damage|p1a: Iron Hands|29\/100\n|-crit|p1a: Iron Hands\n|-damage|p1a: Iron Hands|1\/100\n|-hitcount|p1a: Iron Hands|3\n|move|p1a: Iron Hands|Volt Switch|p2b: Tornadus\n|-supereffective|p2b: Tornadus\n|-crit|p2b: Tornadus\n|-damage|p2b: Tornadus|0 fnt\n|faint|p2b: Tornadus\n|\n|t:|1700863465\n|-end|p1a: Iron Hands|Quark Drive|[silent]\n|switch|p1a: Amoonguss|Amoonguss, L50, M, shiny, tera:Water|70\/100|[from] Volt Switch\n|\n|-weather|RainDance|[upkeep]\n|upkeep\n|\n|t:|1700863469\n|switch|p2b: Glastrier|Glastrier, L50|100\/100\n|turn|7\n|inactive|Juan El Macho has 30 seconds left.\n|\n|t:|1700863496\n|move|p1b: Tornadus|Protect|p1b: Tornadus\n|-singleturn|p1b: Tornadus|Protect\n|move|p2a: Urshifu|Surging Strikes|p1b: Tornadus\n|-crit|p1b: Tornadus\n|-damage|p1b: Tornadus|30\/100\n|-crit|p1b: Tornadus\n|-damage|p1b: Tornadus|0 fnt\n|faint|p1b: Tornadus\n|-hitcount|p1: Tornadus|2\n|move|p2b: Glastrier|Close Combat|p1a: Amoonguss\n|-damage|p1a: Amoonguss|37\/100\n|-unboost|p2b: Glastrier|def|1\n|-unboost|p2b: Glastrier|spd|1\n|-damage|p2b: Glastrier|84\/100|[from] item: Rocky Helmet|[of] p1a: Amoonguss\n|move|p1a: Amoonguss|Spore|p2b: Glastrier\n|-status|p2b: Glastrier|slp|[from] move: Spore\n|\n|-weather|RainDance|[upkeep]\n|upkeep\n|\n|t:|1700863517\n|switch|p1b: Iron Hands|Iron Hands, L50|1\/100\n|turn|8\n|inactive|Juan El Macho has 30 seconds left.\n|\n|t:|1700863546\n|move|p1b: Iron Hands|Fake Out|p2a: Urshifu\n|-damage|p2a: Urshifu|19\/100\n|cant|p2a: Urshifu|flinch\n|cant|p2b: Glastrier|slp\n|move|p1a: Amoonguss|Pollen Puff|p2a: Urshifu\n|-supereffective|p2a: Urshifu\n|-damage|p2a: Urshifu|0 fnt\n|faint|p2a: Urshifu\n|\n|-weather|none\n|upkeep\n|turn|9\n|\n|t:|1700863566\n|move|p1b: Iron Hands|Drain Punch|p2b: Glastrier\n|-supereffective|p2b: Glastrier\n|-damage|p2b: Glastrier|11\/100 slp\n|-heal|p1b: Iron Hands|34\/100|[from] drain|[of] p2b: Glastrier\n|move|p1a: Amoonguss|Pollen Puff|p1b: Iron Hands\n|-heal|p1b: Iron Hands|84\/100\n|cant|p2b: Glastrier|slp\n|\n|upkeep\n|turn|10\n|-message|dbmm1008 forfeited.\n|\n|win|Juan El Macho\n|raw|Juan El Macho's rating: 1142 &rarr; <strong>1171<\/strong><br \/>(+29 for winning)\n|raw|dbmm1008's rating: 1195 &rarr; <strong>1166<\/strong><br \/>(-29 for losing)\n|l|\u2606dbmm1008\n","uploadtime":1700863642,"views":1,"p1id":"juanelmacho","p2id":"dbmm1008","formatid":"gen9vgc2023regulatione","rating":1166,"private":0,"password":""}