{"id":"gen9vgc2023regulatione-1991482433","p1":"quazafuzzled","p2":"Samuel Spindawin","format":"[Gen 9] VGC 2023 Regulation E","log":"|j|\u2606quazafuzzled\n|j|\u2606Samuel Spindawin\n|t:|1700080999\n|gametype|doubles\n|player|p1|quazafuzzled|erika|1128\n|player|p2|Samuel Spindawin|266|1205\n|teamsize|p1|6\n|teamsize|p2|6\n|gen|9\n|tier|[Gen 9] VGC 2023 Regulation E\n|rated|\n|rule|Species Clause: Limit one of each Pok\u00e9mon\n|rule|Item Clause: Limit one of each item\n|clearpoke\n|poke|p1|Sandslash-Alola, L50, M|\n|poke|p1|Tornadus, L50, M|\n|poke|p1|Tauros-Paldea-Blaze, L50, M|\n|poke|p1|Sinistcha, L50|\n|poke|p1|Ninetales-Alola, L50, F|\n|poke|p1|Gastrodon, L50, F|\n|poke|p2|Volcarona, L50, F|\n|poke|p2|Landorus-Therian, L50, M|\n|poke|p2|Gholdengo, L50|\n|poke|p2|Grimmsnarl, L50, M|\n|poke|p2|Ogerpon-Wellspring, L50, F|\n|poke|p2|Tornadus, L50, M|\n|teampreview|4\n|\n|t:|1700081042\n|start\n|switch|p1a: Bouncer|Tornadus, L50, M|100\/100\n|switch|p1b: Raver|Tauros-Paldea-Blaze, L50, M, shiny|100\/100\n|switch|p2a: Tornadus|Tornadus, L50, M|100\/100\n|switch|p2b: Landorus|Landorus-Therian, L50, M|100\/100\n|-ability|p2b: Landorus|Intimidate|boost\n|-unboost|p1a: Bouncer|atk|1\n|-unboost|p1b: Raver|atk|1\n|-ability|p1b: Raver|Intimidate|boost\n|-unboost|p2a: Tornadus|atk|1\n|-unboost|p2b: Landorus|atk|1\n|turn|1\n|inactive|Battle timer is ON: inactive players will automatically lose when time's up. (requested by quazafuzzled)\n|inactive|quazafuzzled has 60 seconds left.\n|\n|t:|1700081076\n|switch|p1b: Cleaner|Gastrodon, L50, F|100\/100\n|move|p2b: Landorus|U-turn|p1b: Cleaner\n|-damage|p1b: Cleaner|82\/100\n|\n|t:|1700081088\n|switch|p2b: Ogerpon|Ogerpon-Wellspring, L50, F|100\/100|[from] U-turn\n|move|p2a: Tornadus|Bleakwind Storm|p1b: Cleaner|[spread] p1b\n|-miss|p2a: Tornadus|p1a: Bouncer\n|-damage|p1b: Cleaner|47\/100\n|move|p1a: Bouncer|Bleakwind Storm|p2a: Tornadus|[spread] p2a,p2b\n|-supereffective|p2b: Ogerpon\n|-damage|p2a: Tornadus|60\/100\n|-damage|p2b: Ogerpon|26\/100\n|\n|upkeep\n|turn|2\n|\n|t:|1700081112\n|switch|p1b: Bartender|Sandslash-Alola, L50, M|100\/100\n|move|p2b: Ogerpon|Spiky Shield|p2b: Ogerpon\n|-singleturn|p2b: Ogerpon|move: Protect\n|move|p2a: Tornadus|Tailwind|p2a: Tornadus\n|-sidestart|p2: Samuel Spindawin|move: Tailwind\n|move|p1a: Bouncer|Bleakwind Storm|p2a: Tornadus|[spread] p2a\n|-activate|p2b: Ogerpon|move: Protect\n|-damage|p2a: Tornadus|19\/100\n|\n|upkeep\n|turn|3\n|\n|t:|1700081134\n|switch|p2b: Volcarona|Volcarona, L50, F|100\/100\n|switch|p2a: Landorus|Landorus-Therian, L50, M|100\/100\n|-ability|p2a: Landorus|Intimidate|boost\n|-unboost|p1a: Bouncer|atk|1\n|-unboost|p1b: Bartender|atk|1\n|move|p1b: Bartender|Protect|p1b: Bartender\n|-singleturn|p1b: Bartender|Protect\n|move|p1a: Bouncer|Bleakwind Storm|p2b: Volcarona|[spread] p2b\n|-miss|p1a: Bouncer|p2a: Landorus\n|-supereffective|p2b: Volcarona\n|-damage|p2b: Volcarona|44\/100\n|-enditem|p2b: Volcarona|Sitrus Berry|[eat]\n|-heal|p2b: Volcarona|69\/100|[from] item: Sitrus Berry\n|\n|upkeep\n|turn|4\n|inactive|Samuel Spindawin has 30 seconds left.\n|\n|t:|1700081160\n|-terastallize|p1b: Bartender|Dark\n|move|p2b: Volcarona|Rage Powder|p2b: Volcarona\n|-singleturn|p2b: Volcarona|move: Rage Powder\n|move|p2a: Landorus|Stomping Tantrum|p1b: Bartender\n|-damage|p1b: Bartender|56\/100\n|move|p1a: Bouncer|Bleakwind Storm|p2b: Volcarona|[spread] p2a,p2b\n|-supereffective|p2b: Volcarona\n|-damage|p2a: Landorus|64\/100\n|-damage|p2b: Volcarona|9\/100\n|move|p1b: Bartender|Ice Spinner|p2b: Volcarona\n|-resisted|p2b: Volcarona\n|-damage|p2b: Volcarona|0 fnt\n|faint|p2b: Volcarona\n|-damage|p1b: Bartender|46\/100|[from] item: Life Orb\n|\n|upkeep\n|\n|t:|1700081175\n|switch|p2b: Tornadus|Tornadus, L50, M|19\/100\n|turn|5\n|\n|t:|1700081182\n|switch|p2a: Ogerpon|Ogerpon-Wellspring, L50, F|26\/100\n|move|p2b: Tornadus|Bleakwind Storm|p1b: Bartender|[spread] p1a\n|-miss|p2b: Tornadus|p1b: Bartender\n|-damage|p1a: Bouncer|71\/100\n|move|p1a: Bouncer|Bleakwind Storm|p2a: Ogerpon|[spread] p2b\n|-miss|p1a: Bouncer|p2a: Ogerpon\n|-damage|p2b: Tornadus|0 fnt\n|faint|p2b: Tornadus\n|move|p1b: Bartender|Ice Spinner|p2a: Ogerpon\n|-damage|p2a: Ogerpon|0 fnt\n|faint|p2a: Ogerpon\n|-damage|p1b: Bartender|36\/100|[from] item: Life Orb\n|\n|-sideend|p2: Samuel Spindawin|move: Tailwind\n|upkeep\n|\n|t:|1700081192\n|switch|p2a: Landorus|Landorus-Therian, L50, M|64\/100\n|-ability|p2a: Landorus|Intimidate|boost\n|-unboost|p1a: Bouncer|atk|1\n|-unboost|p1b: Bartender|atk|1\n|turn|6\n|\n|t:|1700081201\n|move|p1a: Bouncer|Snowscape|p1a: Bouncer\n|-weather|Snow\n|move|p1b: Bartender|Ice Spinner|p2a: Landorus\n|-supereffective|p2a: Landorus\n|-damage|p2a: Landorus|0 fnt\n|faint|p2a: Landorus\n|-damage|p1b: Bartender|27\/100|[from] item: Life Orb\n|\n|win|quazafuzzled\n|raw|quazafuzzled's rating: 1128 &rarr; <strong>1158<\/strong><br \/>(+30 for winning)\n|raw|Samuel Spindawin's rating: 1205 &rarr; <strong>1175<\/strong><br \/>(-30 for losing)\n|l|\u2606quazafuzzled\n","uploadtime":1700081216,"views":21,"p1id":"quazafuzzled","p2id":"samuelspindawin","formatid":"gen9vgc2023regulatione","rating":1158,"private":0,"password":""}