{"id":"gen9vgc2023regulatione-1990376812","p1":"ichigoakari","p2":"LegacyKiwi","format":"[Gen 9] VGC 2023 Regulation E","log":"|j|\u2606ichigoakari\n|j|\u2606LegacyKiwi\n|t:|1699964221\n|gametype|doubles\n|player|p1|ichigoakari|101|1000\n|player|p2|LegacyKiwi|1|1062\n|teamsize|p1|6\n|teamsize|p2|6\n|gen|9\n|tier|[Gen 9] VGC 2023 Regulation E\n|rated|\n|rule|Species Clause: Limit one of each Pok\u00e9mon\n|rule|Item Clause: Limit one of each item\n|clearpoke\n|poke|p1|Torkoal, L50, M|\n|poke|p1|Lilligant, L50, F|\n|poke|p1|Flutter Mane, L50|\n|poke|p1|Iron Jugulis, L50|\n|poke|p1|Ursaluna-Bloodmoon, L50, M|\n|poke|p1|Arcanine, L50, M|\n|poke|p2|Altaria, L50, M|\n|poke|p2|Azumarill, L50, F|\n|poke|p2|Toxapex, L50, M|\n|poke|p2|Koffing, L50, F|\n|poke|p2|Decidueye, L50, F|\n|poke|p2|Kommo-o, L50, M|\n|teampreview|4\n|\n|t:|1699964246\n|start\n|switch|p1a: Torkoal|Torkoal, L50, M|100\/100\n|switch|p1b: Lilligant|Lilligant, L50, F|100\/100\n|switch|p2a: Altaria|Altaria, L50, M|100\/100\n|switch|p2b: Decidueye|Decidueye, L50, F|100\/100\n|-ability|p2a: Altaria|Cloud Nine\n|-weather|SunnyDay|[from] ability: Drought|[of] p1a: Torkoal\n|turn|1\n|\n|t:|1699964270\n|switch|p1a: Flutter Mane|Flutter Mane, L50|100\/100\n|-enditem|p1a: Flutter Mane|Booster Energy\n|-activate|p1a: Flutter Mane|ability: Protosynthesis|[fromitem]\n|-start|p1a: Flutter Mane|protosynthesisspe\n|-terastallize|p2b: Decidueye|Fire\n|move|p1b: Lilligant|Weather Ball|p2b: Decidueye\n|-damage|p2b: Decidueye|89\/100\n|move|p2a: Altaria|Perish Song|p2a: Altaria\n|-start|p1a: Flutter Mane|perish3|[silent]\n|-start|p1b: Lilligant|perish3|[silent]\n|-start|p2a: Altaria|perish3|[silent]\n|-start|p2b: Decidueye|perish3|[silent]\n|-fieldactivate|move: Perish Song\n|move|p2b: Decidueye|Spirit Shackle|p1a: Flutter Mane\n|-supereffective|p1a: Flutter Mane\n|-damage|p1a: Flutter Mane|3\/100\n|\n|-weather|SunnyDay|[upkeep]\n|-start|p1a: Flutter Mane|perish3\n|-start|p1b: Lilligant|perish3\n|-start|p2a: Altaria|perish3\n|-start|p2b: Decidueye|perish3\n|upkeep\n|turn|2\n|\n|t:|1699964301\n|move|p1a: Flutter Mane|Icy Wind|p2b: Decidueye|[spread] p2a,p2b\n|-supereffective|p2a: Altaria\n|-resisted|p2b: Decidueye\n|-damage|p2a: Altaria|68\/100\n|-damage|p2b: Decidueye|85\/100\n|-unboost|p2a: Altaria|spe|1\n|-unboost|p2b: Decidueye|spe|1\n|move|p1b: Lilligant|Encore|p2a: Altaria\n|-start|p2a: Altaria|Encore\n|move|p2a: Altaria|Perish Song||[still]\n|-fail|p2a: Altaria\n|move|p2b: Decidueye|Spirit Shackle|p1a: Flutter Mane\n|-supereffective|p1a: Flutter Mane\n|-damage|p1a: Flutter Mane|0 fnt\n|faint|p1a: Flutter Mane\n|-end|p1a: Flutter Mane|Protosynthesis|[silent]\n|\n|-weather|SunnyDay|[upkeep]\n|-start|p1b: Lilligant|perish2\n|-start|p2a: Altaria|perish2\n|-start|p2b: Decidueye|perish2\n|upkeep\n|\n|t:|1699964318\n|switch|p1a: Iron Jugulis|Iron Jugulis, L50|100\/100\n|turn|3\n|\n|t:|1699964327\n|switch|p1b: Torkoal|Torkoal, L50, M|100\/100\n|switch|p2a: Toxapex|Toxapex, L50, M|100\/100\n|move|p1a: Iron Jugulis|Tailwind|p1a: Iron Jugulis\n|-sidestart|p1: ichigoakari|move: Tailwind\n|move|p2b: Decidueye|Spirit Shackle|p1b: Torkoal\n|-damage|p1b: Torkoal|77\/100\n|-activate|p1b: Torkoal|trapped\n|-enditem|p1b: Torkoal|Eject Button\n|\n|t:|1699964338\n|switch|p1b: Lilligant|Lilligant, L50, F|100\/100\n|\n|-weather|SunnyDay|[upkeep]\n|-start|p2b: Decidueye|perish1\n|upkeep\n|turn|4\n|\n|t:|1699964355\n|switch|p2b: Altaria|Altaria, L50, M|68\/100\n|-ability|p2b: Altaria|Cloud Nine\n|move|p1a: Iron Jugulis|Knock Off|p2a: Toxapex\n|-damage|p2a: Toxapex|58\/100\n|-enditem|p2a: Toxapex|Black Sludge|[from] move: Knock Off|[of] p1a: Iron Jugulis\n|-damage|p1a: Iron Jugulis|90\/100|[from] item: Life Orb\n|move|p1b: Lilligant|Solar Beam||[still]\n|-prepare|p1b: Lilligant|Solar Beam\n|move|p2a: Toxapex|Infestation|p1b: Lilligant\n|-supereffective|p1b: Lilligant\n|-damage|p1b: Lilligant|92\/100\n|-activate|p1b: Lilligant|move: Infestation|[of] p2a: Toxapex\n|\n|-weather|SunnyDay|[upkeep]\n|-damage|p1b: Lilligant|80\/100|[from] move: Infestation|[partiallytrapped]\n|upkeep\n|turn|5\n|\n|t:|1699964375\n|move|p2b: Altaria|Protect|p2b: Altaria\n|-singleturn|p2b: Altaria|Protect\n|move|p2a: Toxapex|Baneful Bunker|p2a: Toxapex\n|-singleturn|p2a: Toxapex|move: Protect\n|move|p1a: Iron Jugulis|U-turn|p2a: Toxapex\n|-activate|p2a: Toxapex|move: Protect\n|-status|p1a: Iron Jugulis|psn\n|move|p1b: Lilligant|Solar Beam|p2a: Toxapex|[from]lockedmove\n|-activate|p2a: Toxapex|move: Protect\n|\n|-weather|none\n|-damage|p1a: Iron Jugulis|78\/100 psn|[from] psn\n|-damage|p1b: Lilligant|68\/100|[from] move: Infestation|[partiallytrapped]\n|upkeep\n|turn|6\n|\n|t:|1699964400\n|switch|p2a: Decidueye|Decidueye, L50, F, tera:Fire|85\/100\n|move|p1a: Iron Jugulis|U-turn|p2a: Decidueye\n|-resisted|p2a: Decidueye\n|-damage|p2a: Decidueye|70\/100\n|-damage|p1a: Iron Jugulis|68\/100 psn|[from] item: Life Orb\n|\n|t:|1699964406\n|-end|p1a: Iron Jugulis|Quark Drive|[silent]\n|switch|p1a: Torkoal|Torkoal, L50, M|77\/100|[from] U-turn\n|-weather|SunnyDay|[from] ability: Drought|[of] p1a: Torkoal\n|move|p1b: Lilligant|Encore|p2b: Altaria\n|-start|p2b: Altaria|Encore\n|move|p2b: Altaria|Protect||[still]\n|-fail|p2b: Altaria\n|\n|-weather|SunnyDay|[upkeep]\n|-end|p1b: Lilligant|Infestation|[partiallytrapped]|[silent]\n|-sideend|p1: ichigoakari|move: Tailwind\n|upkeep\n|turn|7\n|\n|t:|1699964431\n|switch|p1b: Iron Jugulis|Iron Jugulis, L50|68\/100 psn\n|switch|p2b: Toxapex|Toxapex, L50, M|92\/100\n|-terastallize|p1a: Torkoal|Fire\n|move|p2a: Decidueye|Spirit Shackle|p1a: Torkoal\n|-damage|p1a: Torkoal|54\/100\n|-activate|p1a: Torkoal|trapped\n|move|p1a: Torkoal|Eruption|p2b: Toxapex|[spread] p2a,p2b\n|-resisted|p2a: Decidueye\n|-resisted|p2b: Toxapex\n|-damage|p2a: Decidueye|52\/100\n|-damage|p2b: Toxapex|76\/100\n|\n|-weather|SunnyDay|[upkeep]\n|-damage|p1b: Iron Jugulis|56\/100 psn|[from] psn\n|upkeep\n|turn|8\n|\n|t:|1699964465\n|move|p2b: Toxapex|Wide Guard|p2b: Toxapex\n|-singleturn|p2b: Toxapex|Wide Guard\n|move|p1b: Iron Jugulis|Knock Off|p2b: Toxapex\n|-damage|p2b: Toxapex|49\/100\n|-damage|p1b: Iron Jugulis|46\/100 psn|[from] item: Life Orb\n|move|p2a: Decidueye|Synthesis|p2a: Decidueye\n|-heal|p2a: Decidueye|100\/100\n|move|p1a: Torkoal|Earth Power|p2a: Decidueye\n|-supereffective|p2a: Decidueye\n|-damage|p2a: Decidueye|63\/100\n|\n|-weather|SunnyDay|[upkeep]\n|-damage|p1b: Iron Jugulis|33\/100 psn|[from] psn\n|upkeep\n|turn|9\n|\n|t:|1699964487\n|move|p1b: Iron Jugulis|U-turn|p2b: Toxapex\n|-resisted|p2b: Toxapex\n|-damage|p2b: Toxapex|39\/100\n|-damage|p1b: Iron Jugulis|23\/100 psn|[from] item: Life Orb\n|\n|t:|1699964491\n|-end|p1b: Iron Jugulis|Quark Drive|[silent]\n|switch|p1b: Lilligant|Lilligant, L50, F|68\/100|[from] U-turn\n|move|p2a: Decidueye|Spirit Shackle|p1b: Lilligant\n|-damage|p1b: Lilligant|26\/100\n|-activate|p1b: Lilligant|trapped\n|move|p2b: Toxapex|Infestation|p1a: Torkoal\n|-resisted|p1a: Torkoal\n|-damage|p1a: Torkoal|52\/100\n|-activate|p1a: Torkoal|move: Infestation|[of] p2b: Toxapex\n|move|p1a: Torkoal|Earth Power|p2b: Toxapex\n|-supereffective|p2b: Toxapex\n|-damage|p2b: Toxapex|7\/100\n|\n|-weather|SunnyDay|[upkeep]\n|-damage|p1a: Torkoal|39\/100|[from] move: Infestation|[partiallytrapped]\n|upkeep\n|turn|10\n|\n|t:|1699964512\n|switch|p2b: Altaria|Altaria, L50, M|68\/100\n|-ability|p2b: Altaria|Cloud Nine\n|move|p1b: Lilligant|Pollen Puff|p1a: Torkoal\n|-heal|p1a: Torkoal|89\/100\n|move|p2a: Decidueye|Synthesis|p2a: Decidueye\n|-heal|p2a: Decidueye|100\/100\n|move|p1a: Torkoal|Earth Power|p2a: Decidueye\n|-supereffective|p2a: Decidueye\n|-damage|p2a: Decidueye|63\/100\n|-unboost|p2a: Decidueye|spd|1\n|\n|-weather|none\n|-end|p1a: Torkoal|Infestation|[partiallytrapped]|[silent]\n|upkeep\n|turn|11\n|\n|t:|1699964553\n|move|p1b: Lilligant|Pollen Puff|p2a: Decidueye\n|-resisted|p2a: Decidueye\n|-damage|p2a: Decidueye|47\/100\n|move|p2b: Altaria|Perish Song|p2b: Altaria\n|-start|p1a: Torkoal|perish3|[silent]\n|-start|p1b: Lilligant|perish3|[silent]\n|-start|p2a: Decidueye|perish3|[silent]\n|-start|p2b: Altaria|perish3|[silent]\n|-fieldactivate|move: Perish Song\n|move|p2a: Decidueye|Spirit Shackle|p1a: Torkoal\n|-damage|p1a: Torkoal|69\/100\n|move|p1a: Torkoal|Eruption|p2a: Decidueye|[spread] p2a,p2b\n|-resisted|p2a: Decidueye\n|-resisted|p2b: Altaria\n|-damage|p2a: Decidueye|25\/100\n|-damage|p2b: Altaria|53\/100\n|\n|-start|p1b: Lilligant|perish3\n|-start|p2b: Altaria|perish3\n|-start|p2a: Decidueye|perish3\n|-start|p1a: Torkoal|perish3\n|upkeep\n|turn|12\n|\n|t:|1699964576\n|move|p2a: Decidueye|Protect|p2a: Decidueye\n|-singleturn|p2a: Decidueye|Protect\n|move|p1b: Lilligant|Encore|p2b: Altaria\n|-start|p2b: Altaria|Encore\n|move|p2b: Altaria|Perish Song||[still]\n|-fail|p2b: Altaria\n|move|p1a: Torkoal|Earth Power|p2a: Decidueye\n|-activate|p2a: Decidueye|move: Protect\n|\n|-start|p1b: Lilligant|perish2\n|-start|p2b: Altaria|perish2\n|-start|p2a: Decidueye|perish2\n|-start|p1a: Torkoal|perish2\n|upkeep\n|turn|13\n|\n|t:|1699964600\n|move|p1b: Lilligant|Encore|p2a: Decidueye\n|-start|p2a: Decidueye|Encore\n|move|p2b: Altaria|Perish Song||[still]\n|-fail|p2b: Altaria\n|move|p2a: Decidueye|Protect||[still]\n|-fail|p2a: Decidueye\n|move|p1a: Torkoal|Earth Power|p2a: Decidueye\n|-supereffective|p2a: Decidueye\n|-damage|p2a: Decidueye|0 fnt\n|faint|p2a: Decidueye\n|\n|-start|p1b: Lilligant|perish1\n|-start|p2b: Altaria|perish1\n|-start|p1a: Torkoal|perish1\n|upkeep\n|\n|t:|1699964617\n|switch|p2a: Kommo-o|Kommo-o, L50, M|100\/100\n|turn|14\n|\n|t:|1699964625\n|switch|p2b: Toxapex|Toxapex, L50, M|40\/100\n|switch|p1a: Iron Jugulis|Iron Jugulis, L50|23\/100 psn\n|move|p1b: Lilligant|Pollen Puff|p1a: Iron Jugulis\n|-heal|p1a: Iron Jugulis|73\/100 psn\n|move|p2a: Kommo-o|Iron Defense|p2a: Kommo-o\n|-boost|p2a: Kommo-o|def|2\n|\n|-damage|p1a: Iron Jugulis|61\/100 psn|[from] psn\n|-start|p1b: Lilligant|perish0\n|upkeep\n|faint|p1b: Lilligant\n|\n|t:|1699964637\n|switch|p1b: Torkoal|Torkoal, L50, M, tera:Fire|69\/100\n|-weather|SunnyDay|[from] ability: Drought|[of] p1b: Torkoal\n|turn|15\n|\n|t:|1699964650\n|switch|p2b: Altaria|Altaria, L50, M|53\/100\n|-ability|p2b: Altaria|Cloud Nine\n|move|p1a: Iron Jugulis|Dual Wingbeat|p2a: Kommo-o|[miss]\n|-miss|p1a: Iron Jugulis|p2a: Kommo-o\n|move|p2a: Kommo-o|Noble Roar|p1b: Torkoal\n|-unboost|p1b: Torkoal|atk|1\n|-unboost|p1b: Torkoal|spa|1\n|move|p1b: Torkoal|Clear Smog|p2a: Kommo-o\n|-damage|p2a: Kommo-o|94\/100\n|-clearboost|p2a: Kommo-o\n|\n|-weather|SunnyDay|[upkeep]\n|-heal|p2a: Kommo-o|99\/100|[from] item: Leftovers\n|-damage|p1a: Iron Jugulis|49\/100 psn|[from] psn\n|upkeep\n|turn|16\n|\n|t:|1699964672\n|move|p1a: Iron Jugulis|Tailwind|p1a: Iron Jugulis\n|-sidestart|p1: ichigoakari|move: Tailwind\n|move|p2a: Kommo-o|Drain Punch|p1a: Iron Jugulis\n|-damage|p1a: Iron Jugulis|12\/100 psn\n|-heal|p2a: Kommo-o|100\/100|[from] drain|[of] p1a: Iron Jugulis\n|move|p2b: Altaria|Roost|p2b: Altaria\n|-heal|p2b: Altaria|100\/100\n|-singleturn|p2b: Altaria|move: Roost\n|move|p1b: Torkoal|Eruption|p2a: Kommo-o|[spread] p2a,p2b\n|-resisted|p2a: Kommo-o\n|-resisted|p2b: Altaria\n|-damage|p2a: Kommo-o|90\/100\n|-damage|p2b: Altaria|90\/100\n|\n|-weather|SunnyDay|[upkeep]\n|-heal|p2a: Kommo-o|96\/100|[from] item: Leftovers\n|-damage|p1a: Iron Jugulis|0 fnt|[from] psn\n|faint|p1a: Iron Jugulis\n|-end|p1a: Iron Jugulis|Quark Drive|[silent]\n|upkeep\n|turn|17\n|\n|t:|1699964695\n|move|p2a: Kommo-o|Noble Roar|p1b: Torkoal\n|-unboost|p1b: Torkoal|atk|1\n|-unboost|p1b: Torkoal|spa|1\n|move|p2b: Altaria|Perish Song|p2b: Altaria\n|-start|p1b: Torkoal|perish3|[silent]\n|-immune|p2a: Kommo-o|[from] ability: Soundproof\n|-start|p2b: Altaria|perish3|[silent]\n|-fieldactivate|move: Perish Song\n|move|p1b: Torkoal|Earth Power|p2a: Kommo-o\n|-damage|p2a: Kommo-o|86\/100\n|\n|-weather|SunnyDay|[upkeep]\n|-heal|p2a: Kommo-o|92\/100|[from] item: Leftovers\n|-start|p2b: Altaria|perish3\n|-start|p1b: Torkoal|perish3\n|upkeep\n|turn|18\n|-message|ichigoakari forfeited.\n|\n|win|LegacyKiwi\n|raw|ichigoakari's rating: 1000 &rarr; <strong>1000<\/strong><br \/>(+0 for losing)\n|raw|LegacyKiwi's rating: 1062 &rarr; <strong>1087<\/strong><br \/>(+25 for winning)\n|l|\u2606ichigoakari\n","uploadtime":1699964717,"views":17,"p1id":"ichigoakari","p2id":"legacykiwi","formatid":"gen9vgc2023regulatione","rating":1000,"private":0,"password":""}