{"id":"gen9vgc2023regulatione-1996163629","p1":"kid_the_phantom","p2":"iMatCia","format":"[Gen 9] VGC 2023 Regulation E","log":"|j|\u2606kid_the_phantom\n|j|\u2606iMatCia\n|t:|1700653567\n|gametype|doubles\n|player|p1|kid_the_phantom|1|1214\n|player|p2|iMatCia|2|1170\n|teamsize|p1|6\n|teamsize|p2|6\n|gen|9\n|tier|[Gen 9] VGC 2023 Regulation E\n|rated|\n|rule|Species Clause: Limit one of each Pok\u00e9mon\n|rule|Item Clause: Limit one of each item\n|clearpoke\n|poke|p1|Cresselia, L50, F|\n|poke|p1|Urshifu-*, L50, F|\n|poke|p1|Amoonguss, L50, M|\n|poke|p1|Chien-Pao, L50|\n|poke|p1|Ursaluna-Bloodmoon, L50, M|\n|poke|p1|Arcanine, L50, M|\n|poke|p2|Ogerpon-Hearthflame, L50, F|\n|poke|p2|Iron Hands, L50|\n|poke|p2|Landorus-Therian, L50, M|\n|poke|p2|Tornadus, L50, M|\n|poke|p2|Flutter Mane, L50|\n|poke|p2|Rillaboom, L50, F|\n|teampreview|4\n|inactive|Battle timer is ON: inactive players will automatically lose when time's up. (requested by iMatCia)\n|\n|t:|1700653596\n|start\n|switch|p1a: Cresselia|Cresselia, L50, F|100\/100\n|switch|p1b: Ursaluna|Ursaluna-Bloodmoon, L50, M|100\/100\n|switch|p2a: Rillaboom|Rillaboom, L50, F|100\/100\n|switch|p2b: Ogerpon|Ogerpon-Hearthflame, L50, F|100\/100\n|-ability|p2b: Ogerpon|Mold Breaker\n|-fieldstart|move: Grassy Terrain|[from] ability: Grassy Surge|[of] p2a: Rillaboom\n|turn|1\n|\n|t:|1700653612\n|switch|p1b: Arcanine|Arcanine, L50, M|100\/100\n|-ability|p1b: Arcanine|Intimidate|boost\n|-unboost|p2a: Rillaboom|atk|1\n|-unboost|p2b: Ogerpon|atk|1\n|move|p2a: Rillaboom|Fake Out|p1a: Cresselia\n|-damage|p1a: Cresselia|94\/100\n|move|p2b: Ogerpon|Grassy Glide|p1b: Arcanine\n|-resisted|p1b: Arcanine\n|-damage|p1b: Arcanine|83\/100\n|cant|p1a: Cresselia|flinch\n|\n|-heal|p1b: Arcanine|89\/100|[from] Grassy Terrain\n|upkeep\n|turn|2\n|inactive|kid_the_phantom has 30 seconds left.\n|\n|t:|1700653639\n|-terastallize|p2b: Ogerpon|Fire\n|detailschange|p2b: Ogerpon|Ogerpon-Hearthflame-Tera, L50, F, tera:Fire\n|-ability|p2b: Ogerpon|Embody Aspect (Hearthflame)|boost\n|-boost|p2b: Ogerpon|atk|1\n|move|p2a: Rillaboom|Protect|p2a: Rillaboom\n|-singleturn|p2a: Rillaboom|Protect\n|move|p2b: Ogerpon|Ivy Cudgel|p1a: Cresselia|[anim] Ivy Cudgel Fire\n|-damage|p1a: Cresselia|45\/100\n|-enditem|p1a: Cresselia|Sitrus Berry|[eat]\n|-heal|p1a: Cresselia|69\/100|[from] item: Sitrus Berry\n|move|p1b: Arcanine|Flare Blitz|p2a: Rillaboom\n|-activate|p2a: Rillaboom|move: Protect\n|move|p1a: Cresselia|Icy Wind|p2a: Rillaboom|[spread] p2b\n|-activate|p2a: Rillaboom|move: Protect\n|-resisted|p2b: Ogerpon\n|-damage|p2b: Ogerpon|95\/100\n|-unboost|p2b: Ogerpon|spe|1\n|\n|-heal|p1b: Arcanine|95\/100|[from] Grassy Terrain\n|-heal|p2b: Ogerpon|100\/100|[from] Grassy Terrain\n|upkeep\n|turn|3\n|inactive|iMatCia has 30 seconds left.\n|\n|t:|1700653665\n|switch|p2a: Iron Hands|Iron Hands, L50|100\/100\n|switch|p1a: Urshifu|Urshifu-Rapid-Strike, L50, F|100\/100\n|move|p2b: Ogerpon|Spiky Shield|p2b: Ogerpon\n|-singleturn|p2b: Ogerpon|move: Protect\n|move|p1b: Arcanine|Flare Blitz|p2a: Iron Hands\n|-damage|p2a: Iron Hands|45\/100\n|-status|p2a: Iron Hands|brn\n|-damage|p1b: Arcanine|66\/100|[from] Recoil\n|\n|-heal|p1b: Arcanine|72\/100|[from] Grassy Terrain\n|-heal|p2a: Iron Hands|51\/100 brn|[from] Grassy Terrain\n|-damage|p2a: Iron Hands|45\/100 brn|[from] brn\n|upkeep\n|turn|4\n|\n|t:|1700653684\n|move|p2a: Iron Hands|Fake Out|p1a: Urshifu\n|-damage|p1a: Urshifu|93\/100\n|move|p2b: Ogerpon|Grassy Glide|p1a: Urshifu\n|-supereffective|p1a: Urshifu\n|-damage|p1a: Urshifu|6\/100\n|cant|p1a: Urshifu|flinch\n|move|p1b: Arcanine|Flare Blitz|p2a: Iron Hands\n|-damage|p2a: Iron Hands|0 fnt\n|faint|p2a: Iron Hands\n|-end|p2a: Iron Hands|Quark Drive|[silent]\n|-damage|p1b: Arcanine|49\/100|[from] Recoil\n|\n|-heal|p1a: Urshifu|12\/100|[from] Grassy Terrain\n|-heal|p1b: Arcanine|55\/100|[from] Grassy Terrain\n|upkeep\n|\n|t:|1700653697\n|switch|p2a: Rillaboom|Rillaboom, L50, F|100\/100\n|turn|5\n|\n|t:|1700653713\n|switch|p1a: Cresselia|Cresselia, L50, F|69\/100\n|move|p2a: Rillaboom|Fake Out|p1b: Arcanine\n|-damage|p1b: Arcanine|36\/100\n|move|p2b: Ogerpon|Grassy Glide|p1a: Cresselia\n|-damage|p1a: Cresselia|39\/100\n|cant|p1b: Arcanine|flinch\n|\n|-heal|p1b: Arcanine|42\/100|[from] Grassy Terrain\n|-fieldend|move: Grassy Terrain\n|upkeep\n|turn|6\n|\n|t:|1700653735\n|move|p2a: Rillaboom|Protect|p2a: Rillaboom\n|-singleturn|p2a: Rillaboom|Protect\n|move|p1b: Arcanine|Flare Blitz|p2a: Rillaboom\n|-activate|p2a: Rillaboom|move: Protect\n|move|p2b: Ogerpon|Stomping Tantrum|p1b: Arcanine\n|-supereffective|p1b: Arcanine\n|-damage|p1b: Arcanine|0 fnt\n|faint|p1b: Arcanine\n|move|p1a: Cresselia|Moonlight|p1a: Cresselia\n|-heal|p1a: Cresselia|89\/100\n|\n|upkeep\n|\n|t:|1700653747\n|switch|p1b: Urshifu|Urshifu-Rapid-Strike, L50, F|12\/100\n|turn|7\n|inactive|iMatCia has 30 seconds left.\n|inactive|iMatCia has 20 seconds left.\n|\n|t:|1700653783\n|move|p2b: Ogerpon|Spiky Shield|p2b: Ogerpon\n|-singleturn|p2b: Ogerpon|move: Protect\n|move|p1b: Urshifu|Surging Strikes|p2b: Ogerpon\n|-supereffective|p2b: Ogerpon\n|-crit|p2b: Ogerpon\n|-damage|p2b: Ogerpon|45\/100\n|-supereffective|p2b: Ogerpon\n|-crit|p2b: Ogerpon\n|-damage|p2b: Ogerpon|0 fnt\n|faint|p2b: Ogerpon\n|-hitcount|p2: Ogerpon|2\n|move|p2a: Rillaboom|Knock Off|p1a: Cresselia\n|-supereffective|p1a: Cresselia\n|-damage|p1a: Cresselia|57\/100\n|move|p1a: Cresselia|Calm Mind|p1a: Cresselia\n|-boost|p1a: Cresselia|spa|1\n|-boost|p1a: Cresselia|spd|1\n|\n|upkeep\n|\n|t:|1700653796\n|switch|p2b: Flutter Mane|Flutter Mane, L50|100\/100\n|-enditem|p2b: Flutter Mane|Booster Energy\n|-activate|p2b: Flutter Mane|ability: Protosynthesis|[fromitem]\n|-start|p2b: Flutter Mane|protosynthesisspe\n|turn|8\n|\n|t:|1700653810\n|move|p2b: Flutter Mane|Thunderbolt|p1b: Urshifu\n|-supereffective|p1b: Urshifu\n|-damage|p1b: Urshifu|0 fnt\n|faint|p1b: Urshifu\n|move|p2a: Rillaboom|Knock Off|p1a: Cresselia\n|-supereffective|p1a: Cresselia\n|-damage|p1a: Cresselia|24\/100\n|move|p1a: Cresselia|Icy Wind|p2b: Flutter Mane|[spread] p2a,p2b\n|-supereffective|p2a: Rillaboom\n|-damage|p2a: Rillaboom|64\/100\n|-damage|p2b: Flutter Mane|85\/100\n|-unboost|p2a: Rillaboom|spe|1\n|-unboost|p2b: Flutter Mane|spe|1\n|\n|upkeep\n|\n|t:|1700653820\n|switch|p1b: Ursaluna|Ursaluna-Bloodmoon, L50, M|100\/100\n|turn|9\n|inactive|kid_the_phantom has 30 seconds left.\n|\n|t:|1700653852\n|-terastallize|p1b: Ursaluna|Fairy\n|move|p2b: Flutter Mane|Shadow Ball|p1a: Cresselia\n|-supereffective|p1a: Cresselia\n|-damage|p1a: Cresselia|0 fnt\n|faint|p1a: Cresselia\n|move|p2a: Rillaboom|Grassy Glide|p1b: Ursaluna\n|-damage|p1b: Ursaluna|74\/100\n|move|p1b: Ursaluna|Hyper Voice|p2b: Flutter Mane|[spread] p2a,p2b\n|-damage|p2a: Rillaboom|0 fnt\n|-damage|p2b: Flutter Mane|23\/100\n|faint|p2a: Rillaboom\n|\n|upkeep\n|turn|10\n|\n|t:|1700653866\n|move|p2b: Flutter Mane|Thunderbolt|p1b: Ursaluna\n|-damage|p1b: Ursaluna|44\/100\n|move|p1b: Ursaluna|Hyper Voice|p2b: Flutter Mane\n|-damage|p2b: Flutter Mane|0 fnt\n|faint|p2b: Flutter Mane\n|-end|p2b: Flutter Mane|Protosynthesis|[silent]\n|\n|win|kid_the_phantom\n|raw|kid_the_phantom's rating: 1214 &rarr; <strong>1236<\/strong><br \/>(+22 for winning)\n|raw|iMatCia's rating: 1170 &rarr; <strong>1148<\/strong><br \/>(-22 for losing)\n","uploadtime":1700653875,"views":1,"p1id":"kidthephantom","p2id":"imatcia","formatid":"gen9vgc2023regulatione","rating":1148,"private":0,"password":""}