{"id":"gen9vgc2023regulatione-1997904218","p1":"raul6248","p2":"Everroad","format":"[Gen 9] VGC 2023 Regulation E","log":"|j|\u2606raul6248\n|j|\u2606Everroad\n|t:|1700865723\n|gametype|doubles\n|player|p1|raul6248|shadowtriad|1348\n|player|p2|Everroad|blackbelt|1402\n|teamsize|p1|6\n|teamsize|p2|6\n|gen|9\n|tier|[Gen 9] VGC 2023 Regulation E\n|rated|\n|rule|Species Clause: Limit one of each Pok\u00e9mon\n|rule|Item Clause: Limit one of each item\n|clearpoke\n|poke|p1|Tornadus, L50, M|\n|poke|p1|Gholdengo, L50|\n|poke|p1|Regidrago, L50|\n|poke|p1|Urshifu-*, L50, M|\n|poke|p1|Arcanine-Hisui, L50, M|\n|poke|p1|Rillaboom, L50, F|\n|poke|p2|Iron Hands, L50|\n|poke|p2|Cresselia, L50, F|\n|poke|p2|Landorus-Therian, L50, M|\n|poke|p2|Ogerpon-Wellspring, L50, F|\n|poke|p2|Indeedee-F, L50, F|\n|poke|p2|Armarouge, L50, F|\n|teampreview|4\n|\n|t:|1700865754\n|start\n|switch|p1a: Tornadus|Tornadus, L50, M|100\/100\n|switch|p1b: Urshifu|Urshifu-Rapid-Strike, L50, M|100\/100\n|switch|p2a: Indeedee|Indeedee-F, L50, F|100\/100\n|switch|p2b: Armarouge|Armarouge, L50, F|100\/100\n|-fieldstart|move: Psychic Terrain|[from] ability: Psychic Surge|[of] p2a: Indeedee\n|-enditem|p2a: Indeedee|Psychic Seed\n|-boost|p2a: Indeedee|spd|1|[from] item: Psychic Seed\n|turn|1\n|inactive|Battle timer is ON: inactive players will automatically lose when time's up. (requested by Everroad)\n|\n|t:|1700865774\n|switch|p1b: Rillaboom|Rillaboom, L50, F|100\/100\n|-fieldstart|move: Grassy Terrain|[from] ability: Grassy Surge|[of] p1b: Rillaboom\n|-terastallize|p2b: Armarouge|Grass\n|move|p1a: Tornadus|Taunt|p2b: Armarouge\n|-start|p2b: Armarouge|move: Taunt\n|move|p2b: Armarouge|Expanding Force|p1a: Tornadus\n|-damage|p1a: Tornadus|26\/100\n|-damage|p2b: Armarouge|91\/100|[from] item: Life Orb\n|move|p2a: Indeedee|Trick Room|p2a: Indeedee\n|-fieldstart|move: Trick Room|[of] p2a: Indeedee\n|\n|-heal|p2b: Armarouge|97\/100|[from] Grassy Terrain\n|upkeep\n|turn|2\n|inactive|Everroad has 30 seconds left.\n|inactive|Everroad has 20 seconds left.\n|\n|t:|1700865810\n|switch|p2b: Iron Hands|Iron Hands, L50|100\/100\n|move|p1b: Rillaboom|Fake Out|p2b: Iron Hands\n|-damage|p2b: Iron Hands|91\/100\n|move|p2a: Indeedee|Dazzling Gleam|p1a: Tornadus|[spread] p1a,p1b\n|-damage|p1a: Tornadus|11\/100\n|-damage|p1b: Rillaboom|91\/100\n|move|p1a: Tornadus|Bleakwind Storm|p2b: Iron Hands|[spread] p2a,p2b\n|-damage|p2a: Indeedee|81\/100\n|-damage|p2b: Iron Hands|72\/100\n|\n|-heal|p2b: Iron Hands|79\/100|[from] Grassy Terrain\n|-heal|p2a: Indeedee|88\/100|[from] Grassy Terrain\n|-heal|p1b: Rillaboom|97\/100|[from] Grassy Terrain\n|upkeep\n|turn|3\n|\n|t:|1700865835\n|move|p2a: Indeedee|Follow Me|p2a: Indeedee\n|-singleturn|p2a: Indeedee|move: Follow Me\n|move|p1a: Tornadus|Taunt|p2a: Indeedee\n|-start|p2a: Indeedee|move: Taunt\n|move|p2b: Iron Hands|Belly Drum|p2b: Iron Hands\n|-damage|p2b: Iron Hands|29\/100\n|-setboost|p2b: Iron Hands|atk|6|[from] move: Belly Drum\n|-enditem|p2b: Iron Hands|Sitrus Berry|[eat]\n|-heal|p2b: Iron Hands|54\/100|[from] item: Sitrus Berry\n|move|p1b: Rillaboom|Wood Hammer|p2a: Indeedee\n|-damage|p2a: Indeedee|9\/100\n|-damage|p1b: Rillaboom|75\/100|[from] Recoil\n|\n|-heal|p2b: Iron Hands|60\/100|[from] Grassy Terrain\n|-heal|p2a: Indeedee|15\/100|[from] Grassy Terrain\n|-heal|p1b: Rillaboom|81\/100|[from] Grassy Terrain\n|upkeep\n|turn|4\n|inactive|raul6248 has 30 seconds left.\n|inactive|raul6248 has 20 seconds left.\n|inactive|raul6248 has 15 seconds left.\n|\n|t:|1700865875\n|move|p1b: Rillaboom|Grassy Glide|p2a: Indeedee\n|-damage|p2a: Indeedee|0 fnt\n|faint|p2a: Indeedee\n|move|p1a: Tornadus|Rain Dance|p1a: Tornadus\n|-weather|RainDance\n|move|p2b: Iron Hands|Drain Punch|p1b: Rillaboom\n|-damage|p1b: Rillaboom|0 fnt\n|-heal|p2b: Iron Hands|92\/100|[from] drain|[of] p1b: Rillaboom\n|faint|p1b: Rillaboom\n|\n|-weather|RainDance|[upkeep]\n|-heal|p2b: Iron Hands|98\/100|[from] Grassy Terrain\n|upkeep\n|\n|t:|1700865891\n|switch|p2a: Armarouge|Armarouge, L50, F, tera:Grass|97\/100\n|switch|p1b: Regidrago|Regidrago, L50|100\/100\n|turn|5\n|\n|t:|1700865904\n|move|p1b: Regidrago|Protect|p1b: Regidrago\n|-singleturn|p1b: Regidrago|Protect\n|move|p2a: Armarouge|Wide Guard|p2a: Armarouge\n|-singleturn|p2a: Armarouge|Wide Guard\n|move|p1a: Tornadus|Tailwind|p1a: Tornadus\n|-sidestart|p1: raul6248|move: Tailwind\n|move|p2b: Iron Hands|Drain Punch|p1b: Regidrago\n|-activate|p1b: Regidrago|move: Protect\n|\n|-weather|RainDance|[upkeep]\n|-heal|p2b: Iron Hands|100\/100|[from] Grassy Terrain\n|-heal|p2a: Armarouge|100\/100|[from] Grassy Terrain\n|-fieldend|move: Trick Room\n|-fieldend|move: Grassy Terrain\n|upkeep\n|turn|6\n|\n|t:|1700865922\n|switch|p1b: Urshifu|Urshifu-Rapid-Strike, L50, M|100\/100\n|move|p2a: Armarouge|Wide Guard|p2a: Armarouge\n|-singleturn|p2a: Armarouge|Wide Guard\n|move|p1a: Tornadus|Taunt|p2a: Armarouge\n|-start|p2a: Armarouge|move: Taunt\n|move|p2b: Iron Hands|Drain Punch|p1b: Urshifu\n|-damage|p1b: Urshifu|0 fnt\n|faint|p1b: Urshifu\n|\n|-weather|RainDance|[upkeep]\n|upkeep\n|\n|t:|1700865930\n|switch|p1b: Regidrago|Regidrago, L50|100\/100\n|turn|7\n|\n|t:|1700865948\n|switch|p2a: Landorus|Landorus-Therian, L50, M|100\/100\n|-ability|p2a: Landorus|Intimidate|boost\n|-unboost|p1a: Tornadus|atk|1\n|-unboost|p1b: Regidrago|atk|1\n|move|p2b: Iron Hands|Detect|p2b: Iron Hands\n|-singleturn|p2b: Iron Hands|Protect\n|move|p1a: Tornadus|Bleakwind Storm|p2b: Iron Hands|[spread] p2a\n|-activate|p2b: Iron Hands|move: Protect\n|-damage|p2a: Landorus|61\/100\n|move|p1b: Regidrago|Dragon Energy|p2a: Landorus|[spread] p2a\n|-activate|p2b: Iron Hands|move: Protect\n|-damage|p2a: Landorus|0 fnt\n|faint|p2a: Landorus\n|\n|-weather|RainDance|[upkeep]\n|upkeep\n|\n|t:|1700865960\n|switch|p2a: Armarouge|Armarouge, L50, F, tera:Grass|100\/100\n|turn|8\n|\n|t:|1700865978\n|move|p1b: Regidrago|Protect|p1b: Regidrago\n|-singleturn|p1b: Regidrago|Protect\n|move|p2a: Armarouge|Protect|p2a: Armarouge\n|-singleturn|p2a: Armarouge|Protect\n|move|p1a: Tornadus|Taunt|p2a: Armarouge\n|-activate|p2a: Armarouge|move: Protect\n|move|p2b: Iron Hands|Drain Punch|p1a: Tornadus\n|-resisted|p1a: Tornadus\n|-damage|p1a: Tornadus|0 fnt\n|faint|p1a: Tornadus\n|\n|-weather|none\n|-sideend|p1: raul6248|move: Tailwind\n|upkeep\n|turn|9\n|\n|t:|1700866000\n|move|p2a: Armarouge|Wide Guard|p2a: Armarouge\n|-singleturn|p2a: Armarouge|Wide Guard\n|move|p1b: Regidrago|Dragon Pulse|p2b: Iron Hands\n|-damage|p2b: Iron Hands|52\/100\n|move|p2b: Iron Hands|Drain Punch|p1b: Regidrago\n|-damage|p1b: Regidrago|0 fnt\n|-heal|p2b: Iron Hands|100\/100|[from] drain|[of] p1b: Regidrago\n|faint|p1b: Regidrago\n|\n|win|Everroad\n|raw|raul6248's rating: 1348 &rarr; <strong>1331<\/strong><br \/>(-17 for losing)\n|raw|Everroad's rating: 1402 &rarr; <strong>1419<\/strong><br \/>(+17 for winning)\n|c|\u2606raul6248|gg\n|l|\u2606Everroad\n","uploadtime":1700866011,"views":4,"p1id":"raul6248","p2id":"everroad","formatid":"gen9vgc2023regulatione","rating":1331,"private":0,"password":""}