{"id":"gen9vgc2023regulatione-1988794480","p1":"christianfinity","p2":"MasterofMetapods5","format":"[Gen 9] VGC 2023 Regulation E","log":"|j|\u2606christianfinity\n|j|\u2606MasterofMetapods5\n|t:|1699764139\n|gametype|doubles\n|player|p1|christianfinity|youngathlete|\n|player|p2|MasterofMetapods5|lance|\n|teamsize|p1|6\n|teamsize|p2|6\n|gen|9\n|tier|[Gen 9] VGC 2023 Regulation E\n|rated|Tournament battle\n|rule|Species Clause: Limit one of each Pok\u00e9mon\n|rule|Item Clause: Limit one of each item\n|clearpoke\n|poke|p1|Ninetales-Alola, L50, M|\n|poke|p1|Baxcalibur, L50, F|\n|poke|p1|Arcanine-Hisui, L50, M|\n|poke|p1|Gholdengo, L50|\n|poke|p1|Rillaboom, L50, F|\n|poke|p1|Ogerpon-Wellspring, L50, F|\n|poke|p2|Flutter Mane, L50|\n|poke|p2|Tyranitar, L50, F|\n|poke|p2|Landorus-Therian, L50, M|\n|poke|p2|Baxcalibur, L50, F|\n|poke|p2|Urshifu-*, L50, M|\n|poke|p2|Heatran, L50, F|\n|teampreview|4\n|showteam|p1|Ninetales-Alola||LightClay|SnowWarning|AuroraVeil,IcyWind,Moonblast,Encore|||M|||50|,,,,,Ghost]Baxcalibur||ClearAmulet|IceBody|DragonDance,IcicleCrash,HighHorsepower,Protect|||F|||50|,,,,,Poison]Arcanine-Hisui||ChoiceBand|Intimidate|FlareBlitz,RockSlide,ExtremeSpeed,TeraBlast|||M|||50|,,,,,Fairy]Gholdengo||Leftovers|GoodasGold|NastyPlot,MakeItRain,ShadowBall,Protect||||||50|,,,,,Fairy]Rillaboom||AssaultVest|GrassySurge|FakeOut,GrassyGlide,DrumBeating,HighHorsepower|||F|||50|,,,,,Fire]Ogerpon-Wellspring||WellspringMask|WaterAbsorb|SwordsDance,IvyCudgel,HornLeech,SpikyShield|||F|||50|,,,,,Water\n|showteam|p2|Flutter Mane||BoosterEnergy|Protosynthesis|Protect,Moonblast,ShadowBall,IcyWind||||||50|,,,,,Fairy]Tyranitar||WeaknessPolicy|SandStream|RockSlide,Taunt,Protect,KnockOff|||F|||50|,,,,,Rock]Landorus-Therian||AssaultVest|Intimidate|SandsearStorm,TeraBlast,Uturn,RockSlide|||M|||50|,,,,,Flying]Baxcalibur||LoadedDice|ThermalExchange|ScaleShot,IcicleSpear,SwordsDance,Protect|||F|||50|,,,,,Fairy]Urshifu-Rapid-Strike||SafetyGoggles|UnseenFist|SurgingStrikes,CloseCombat,AquaJet,Detect|||M|||50|,,,,,Water]Heatran||Leftovers|FlashFire|HeatWave,EarthPower,Protect,TeraBlast|||F|||50|,,,,,Grass\n|c|\u2606MasterofMetapods5|glhf\n|j|%Radio Free C-Side\n|j| LasermanZ11\n|j| ohvo\n|c|\u2606christianfinity|glhf\n|j| bobforte22\n|\n|t:|1699764242\n|start\n|switch|p1a: Vacuole|Ogerpon-Wellspring, L50, F|100\/100\n|switch|p1b: Paracetamol|Rillaboom, L50, F|100\/100\n|switch|p2a: Flutter Mane|Flutter Mane, L50|100\/100\n|switch|p2b: Landorus|Landorus-Therian, L50, M|100\/100\n|-ability|p2b: Landorus|Intimidate|boost\n|-unboost|p1a: Vacuole|atk|1\n|-unboost|p1b: Paracetamol|atk|1\n|-fieldstart|move: Grassy Terrain|[from] ability: Grassy Surge|[of] p1b: Paracetamol\n|-enditem|p2a: Flutter Mane|Booster Energy\n|-activate|p2a: Flutter Mane|ability: Protosynthesis|[fromitem]\n|-start|p2a: Flutter Mane|protosynthesisspe\n|turn|1\n|\n|t:|1699764258\n|switch|p2b: Baxcalibur|Baxcalibur, L50, F|100\/100\n|move|p2a: Flutter Mane|Protect|p2a: Flutter Mane\n|-singleturn|p2a: Flutter Mane|Protect\n|move|p1b: Paracetamol|Fake Out|p2b: Baxcalibur\n|-damage|p2b: Baxcalibur|93\/100\n|move|p1a: Vacuole|Swords Dance|p1a: Vacuole\n|-boost|p1a: Vacuole|atk|2\n|\n|-heal|p2b: Baxcalibur|99\/100|[from] Grassy Terrain\n|upkeep\n|turn|2\n|\n|t:|1699764300\n|-terastallize|p1a: Vacuole|Water\n|detailschange|p1a: Vacuole|Ogerpon-Wellspring-Tera, L50, F, tera:Water\n|-ability|p1a: Vacuole|Embody Aspect (Wellspring)|boost\n|-boost|p1a: Vacuole|spd|1\n|move|p2a: Flutter Mane|Icy Wind|p1a: Vacuole|[spread] p1a\n|-miss|p2a: Flutter Mane|p1b: Paracetamol\n|-resisted|p1a: Vacuole\n|-damage|p1a: Vacuole|96\/100\n|-unboost|p1a: Vacuole|spe|1\n|move|p2b: Baxcalibur|Scale Shot|p1a: Vacuole\n|-damage|p1a: Vacuole|82\/100\n|-damage|p1a: Vacuole|66\/100\n|-damage|p1a: Vacuole|51\/100\n|-damage|p1a: Vacuole|38\/100\n|-damage|p1a: Vacuole|22\/100\n|-hitcount|p1a: Vacuole|5\n|-unboost|p2b: Baxcalibur|def|1\n|-boost|p2b: Baxcalibur|spe|1\n|move|p1b: Paracetamol|Drum Beating|p2b: Baxcalibur\n|-resisted|p2b: Baxcalibur\n|-damage|p2b: Baxcalibur|78\/100\n|-unboost|p2b: Baxcalibur|spe|1\n|move|p1a: Vacuole|Ivy Cudgel|p2b: Baxcalibur\n|-resisted|p2b: Baxcalibur\n|-damage|p2b: Baxcalibur|17\/100\n|\n|-heal|p2b: Baxcalibur|23\/100|[from] Grassy Terrain\n|-heal|p1a: Vacuole|28\/100|[from] Grassy Terrain\n|upkeep\n|turn|3\n|\n|t:|1699764350\n|switch|p1b: 50 Cent|Gholdengo, L50, shiny|100\/100\n|-terastallize|p2a: Flutter Mane|Fairy\n|move|p1a: Vacuole|Spiky Shield|p1a: Vacuole\n|-singleturn|p1a: Vacuole|move: Protect\n|move|p2a: Flutter Mane|Moonblast|p1a: Vacuole\n|-activate|p1a: Vacuole|move: Protect\n|move|p2b: Baxcalibur|Icicle Spear|p1b: 50 Cent\n|-resisted|p1b: 50 Cent\n|-damage|p1b: 50 Cent|94\/100\n|-resisted|p1b: 50 Cent\n|-crit|p1b: 50 Cent\n|-damage|p1b: 50 Cent|85\/100\n|-resisted|p1b: 50 Cent\n|-damage|p1b: 50 Cent|78\/100\n|-resisted|p1b: 50 Cent\n|-damage|p1b: 50 Cent|71\/100\n|-hitcount|p1b: 50 Cent|4\n|\n|-heal|p2b: Baxcalibur|29\/100|[from] Grassy Terrain\n|-heal|p1b: 50 Cent|77\/100|[from] Grassy Terrain\n|-heal|p1b: 50 Cent|83\/100|[from] item: Leftovers\n|-heal|p1a: Vacuole|34\/100|[from] Grassy Terrain\n|upkeep\n|turn|4\n|j| ale cog\n|j| ootama\n|\n|t:|1699764414\n|move|p2a: Flutter Mane|Icy Wind|p1b: 50 Cent|[spread] p1a,p1b\n|-resisted|p1a: Vacuole\n|-resisted|p1b: 50 Cent\n|-damage|p1a: Vacuole|29\/100\n|-damage|p1b: 50 Cent|77\/100\n|-unboost|p1a: Vacuole|spe|1\n|-unboost|p1b: 50 Cent|spe|1\n|move|p2b: Baxcalibur|Scale Shot|p1a: Vacuole\n|-damage|p1a: Vacuole|13\/100\n|-damage|p1a: Vacuole|0 fnt\n|faint|p1a: Vacuole\n|-hitcount|p1: Vacuole|2\n|-unboost|p2b: Baxcalibur|def|1\n|-boost|p2b: Baxcalibur|spe|1\n|move|p1b: 50 Cent|Make It Rain|p2a: Flutter Mane|[spread] p2a,p2b\n|-supereffective|p2a: Flutter Mane\n|-supereffective|p2b: Baxcalibur\n|-damage|p2a: Flutter Mane|20\/100\n|-damage|p2b: Baxcalibur|0 fnt\n|-unboost|p1b: 50 Cent|spa|1\n|faint|p2b: Baxcalibur\n|\n|-heal|p2a: Flutter Mane|26\/100|[from] Grassy Terrain\n|-heal|p1b: 50 Cent|83\/100|[from] Grassy Terrain\n|-heal|p1b: 50 Cent|89\/100|[from] item: Leftovers\n|upkeep\n|\n|t:|1699764431\n|switch|p1a: Paracetamol|Rillaboom, L50, F|100\/100\n|switch|p2b: Heatran|Heatran, L50, F|100\/100\n|turn|5\n|j| sudoz\n|\n|t:|1699764485\n|-end|p2a: Flutter Mane|Protosynthesis|[silent]\n|switch|p2a: Landorus|Landorus-Therian, L50, M|100\/100\n|-ability|p2a: Landorus|Intimidate|boost\n|-unboost|p1a: Paracetamol|atk|1\n|-unboost|p1b: 50 Cent|atk|1\n|move|p1a: Paracetamol|Grassy Glide|p2a: Landorus\n|-damage|p2a: Landorus|73\/100\n|move|p2b: Heatran|Heat Wave|p1b: 50 Cent|[spread] p1a,p1b\n|-supereffective|p1a: Paracetamol\n|-supereffective|p1b: 50 Cent\n|-damage|p1a: Paracetamol|45\/100\n|-damage|p1b: 50 Cent|17\/100\n|-status|p1b: 50 Cent|brn\n|move|p1b: 50 Cent|Shadow Ball|p2b: Heatran\n|-damage|p2b: Heatran|79\/100\n|-unboost|p2b: Heatran|spd|1\n|\n|-heal|p1a: Paracetamol|51\/100|[from] Grassy Terrain\n|-heal|p2b: Heatran|85\/100|[from] Grassy Terrain\n|-heal|p2b: Heatran|91\/100|[from] item: Leftovers\n|-heal|p1b: 50 Cent|23\/100 brn|[from] Grassy Terrain\n|-heal|p1b: 50 Cent|29\/100 brn|[from] item: Leftovers\n|-damage|p1b: 50 Cent|23\/100 brn|[from] brn\n|-fieldend|move: Grassy Terrain\n|upkeep\n|turn|6\n|\n|t:|1699764505\n|move|p2a: Landorus|U-turn|p1a: Paracetamol\n|-supereffective|p1a: Paracetamol\n|-damage|p1a: Paracetamol|17\/100\n|\n|t:|1699764507\n|switch|p2a: Flutter Mane|Flutter Mane, L50, tera:Fairy|26\/100|[from] U-turn\n|move|p1a: Paracetamol|High Horsepower|p2b: Heatran\n|-supereffective|p2b: Heatran\n|-damage|p2b: Heatran|24\/100\n|move|p2b: Heatran|Heat Wave|p1b: 50 Cent|[spread] p1a,p1b\n|-supereffective|p1a: Paracetamol\n|-supereffective|p1b: 50 Cent\n|-damage|p1a: Paracetamol|0 fnt\n|-damage|p1b: 50 Cent|0 fnt\n|faint|p1a: Paracetamol\n|faint|p1b: 50 Cent\n|\n|-heal|p2b: Heatran|30\/100|[from] item: Leftovers\n|upkeep\n|\n|t:|1699764515\n|switch|p1b: Baxter|Baxcalibur, L50, F|100\/100\n|turn|7\n|c|\u2606christianfinity|gg\n|\n|t:|1699764523\n|move|p2a: Flutter Mane|Moonblast|p1b: Baxter\n|-supereffective|p1b: Baxter\n|-damage|p1b: Baxter|0 fnt\n|faint|p1b: Baxter\n|\n|win|MasterofMetapods5\n|n|\u2606christianfinity|christianfinity\n|n|\u2606MasterofMetapods5|masterofmetapods5\n|n| Radio Free C-Side|radiofreecside\n|n| LasermanZ11|lasermanz11\n|n| ohvo|ohvo\n|n| bobforte22|bobforte22\n|n| ale cog|alecog\n|n| ootama|ootama\n|n| sudoz|sudoz\n","uploadtime":1699764526,"views":30,"p1id":"christianfinity","p2id":"masterofmetapods5","formatid":"gen9vgc2023regulatione","rating":0,"private":0,"password":""}