{"id":"gen9vgc2023regulatione-1999432552","p1":"vivamaxben10inches","p2":"PenglinHeHe","format":"[Gen 9] VGC 2023 Regulation E","log":"|j|\u2606vivamaxben10inches\n|j|\u2606PenglinHeHe\n|n|\u2606vivamaxben10inches|vivamaxben10inches\n|n|\u2606PenglinHeHe|penglinhehe\n|html|View the match progress at <a href=\"\/game-bestof3-gen9vgc2023regulatione-1999431418\">game-bestof3-gen9vgc2023regulatione-1999431418<\/a>\n|t:|1701079588\n|gametype|doubles\n|player|p1|vivamaxben10inches|101|\n|player|p2|PenglinHeHe|dawn|\n|teamsize|p1|6\n|teamsize|p2|6\n|gen|9\n|tier|[Gen 9] VGC 2023 Regulation E\n|rule|Species Clause: Limit one of each Pok\u00e9mon\n|rule|Item Clause: Limit one of each item\n|clearpoke\n|poke|p1|Regidrago, L50|\n|poke|p1|Indeedee-F, L50, F|\n|poke|p1|Armarouge, L50, M|\n|poke|p1|Ursaluna, L50, F|\n|poke|p1|Torkoal, L50, F|\n|poke|p1|Lilligant-Hisui, L50, F|\n|poke|p2|Inteleon, L50, M|\n|poke|p2|Meowscarada, L50, F|\n|poke|p2|Landorus-Therian, L50, M|\n|poke|p2|Tornadus, L50, M|\n|poke|p2|Iron Bundle, L50|\n|poke|p2|Greninja-*, L50, M|\n|teampreview|4\n|inactive|Battle timer is ON: inactive players will automatically lose when time's up. (requested by PenglinHeHe)\n|inactiveoff|Battle timer is now OFF.\nPenglinHeHe has agreed to open team sheets.\nvivamaxben10inches has agreed to open team sheets.\n|showteam|p1|Regidrago||ChoiceScarf|DragonsMaw|DragonEnergy,DracoMeteor,DragonPulse,EarthPower||||||50|,,,,,Dragon]Indeedee-F||RockyHelmet|PsychicSurge|FollowMe,HelpingHand,TrickRoom,DazzlingGleam|||F|||50|,,,,,Fire]Armarouge||LifeOrb|FlashFire|ExpandingForce,HeatWave,TrickRoom,Protect|||M|||50|,,,,,Psychic]Ursaluna||FlameOrb|Guts|Facade,HeadlongRush,Earthquake,Protect|||F|||50|,,,,,Ghost]Torkoal||Charcoal|Drought|Eruption,HeatWave,EarthPower,Protect|||F|||50|,,,,,Fire]Lilligant-Hisui||FocusSash|Chlorophyll|CloseCombat,SolarBlade,AfterYou,SleepPowder|||F|||50|,,,,,Ghost\n|showteam|p2|Inteleon||ChoiceSpecs|Sniper|WaterPledge,TeraBlast,IcyWind,DarkPulse|||M|||50|,,,,,Steel]Meowscarada||FocusSash|Overgrow|GrassPledge,KnockOff,FlowerTrick,Protect|||F|||50|,,,,,Ghost]Landorus-Therian||ChoiceBand|Intimidate|StompingTantrum,RockSlide,TeraBlast,Uturn|||M|||50|,,,,,Flying]Tornadus||SharpBeak|Prankster|RainDance,Taunt,Tailwind,BleakwindStorm|||M|||50|,,,,,Ghost]Iron Bundle||BoosterEnergy|QuarkDrive|FreezeDry,TeraBlast,HydroPump,Protect||||||50|,,,,,Ground]Greninja||LifeOrb|Protean|WaterPledge,DarkPulse,IcyWind,Protect|||M|||50|,,,,,Ghost\n|\n|t:|1701079669\n|start\n|switch|p1a: Torkoal|Torkoal, L50, F|100\/100\n|switch|p1b: Lilligant|Lilligant-Hisui, L50, F|100\/100\n|switch|p2a: Inteleon|Inteleon, L50, M, shiny|100\/100\n|switch|p2b: Tornadus|Tornadus, L50, M, shiny|100\/100\n|-weather|SunnyDay|[from] ability: Drought|[of] p1a: Torkoal\n|turn|1\n|\n|t:|1701079706\n|switch|p1a: Indeedee|Indeedee-F, L50, F|100\/100\n|-fieldstart|move: Psychic Terrain|[from] ability: Psychic Surge|[of] p1a: Indeedee\n|move|p2b: Tornadus|Rain Dance|p2b: Tornadus\n|-weather|RainDance\n|move|p2a: Inteleon|Icy Wind|p1b: Lilligant|[spread] p1a,p1b\n|-supereffective|p1b: Lilligant\n|-damage|p1a: Indeedee|84\/100\n|-damage|p1b: Lilligant|44\/100\n|-unboost|p1a: Indeedee|spe|1\n|-unboost|p1b: Lilligant|spe|1\n|move|p1b: Lilligant|Sleep Powder|p2a: Inteleon\n|-status|p2a: Inteleon|slp|[from] move: Sleep Powder\n|\n|-weather|RainDance|[upkeep]\n|upkeep\n|turn|2\n|\n|t:|1701079741\n|switch|p2a: Landorus|Landorus-Therian, L50, M, shiny|100\/100\n|-ability|p2a: Landorus|Intimidate|boost\n|-unboost|p1a: Indeedee|atk|1\n|-unboost|p1b: Lilligant|atk|1\n|switch|p1b: Torkoal|Torkoal, L50, F|100\/100\n|-weather|SunnyDay|[from] ability: Drought|[of] p1b: Torkoal\n|move|p2b: Tornadus|Bleakwind Storm|p1b: Torkoal|[spread] p1b\n|-miss|p2b: Tornadus|p1a: Indeedee\n|-damage|p1b: Torkoal|53\/100\n|-unboost|p1b: Torkoal|spe|1\n|move|p1a: Indeedee|Trick Room|p1a: Indeedee\n|-fieldstart|move: Trick Room|[of] p1a: Indeedee\n|\n|-weather|SunnyDay|[upkeep]\n|upkeep\n|turn|3\n|\n|t:|1701079795\n|switch|p1b: Ursaluna|Ursaluna, L50, F|100\/100\n|move|p1a: Indeedee|Follow Me|p1a: Indeedee\n|-singleturn|p1a: Indeedee|move: Follow Me\n|move|p2b: Tornadus|Rain Dance|p2b: Tornadus\n|-weather|RainDance\n|move|p2a: Landorus|Rock Slide|p1a: Indeedee|[spread] p1a,p1b\n|-resisted|p1b: Ursaluna\n|-damage|p1a: Indeedee|53\/100\n|-damage|p1b: Ursaluna|90\/100\n|\n|-weather|RainDance|[upkeep]\n|-status|p1b: Ursaluna|brn|[from] item: Flame Orb\n|upkeep\n|turn|4\n|\n|t:|1701079823\n|move|p1b: Ursaluna|Facade|p2a: Landorus\n|-damage|p2a: Landorus|0 fnt\n|faint|p2a: Landorus\n|move|p1a: Indeedee|Dazzling Gleam|p2b: Tornadus\n|-damage|p2b: Tornadus|78\/100\n|move|p2b: Tornadus|Bleakwind Storm|p1b: Ursaluna|[spread] p1a,p1b\n|-damage|p1a: Indeedee|14\/100\n|-damage|p1b: Ursaluna|52\/100 brn\n|-unboost|p1b: Ursaluna|spe|1\n|\n|-weather|RainDance|[upkeep]\n|-damage|p1b: Ursaluna|46\/100 brn|[from] brn\n|upkeep\n|\n|t:|1701079843\n|switch|p2a: Inteleon|Inteleon, L50, M, shiny|100\/100 slp\n|turn|5\n|\n|t:|1701079870\n|-terastallize|p2b: Tornadus|Ghost\n|move|p1b: Ursaluna|Facade|p2a: Inteleon\n|-damage|p2a: Inteleon|0 fnt\n|faint|p2a: Inteleon\n|move|p1a: Indeedee|Dazzling Gleam|p2b: Tornadus\n|-crit|p2b: Tornadus\n|-damage|p2b: Tornadus|40\/100\n|move|p2b: Tornadus|Bleakwind Storm|p1b: Ursaluna|[spread] p1a,p1b\n|-damage|p1a: Indeedee|0 fnt\n|-damage|p1b: Ursaluna|11\/100 brn\n|faint|p1a: Indeedee\n|\n|-weather|RainDance|[upkeep]\n|-damage|p1b: Ursaluna|5\/100 brn|[from] brn\n|-fieldend|move: Psychic Terrain\n|upkeep\n|\n|t:|1701079879\n|switch|p1a: Torkoal|Torkoal, L50, F|53\/100\n|switch|p2a: Greninja|Greninja, L50, M, shiny|100\/100\n|-weather|SunnyDay|[from] ability: Drought|[of] p1a: Torkoal\n|turn|6\n|\n|t:|1701079898\n|switch|p1a: Lilligant|Lilligant-Hisui, L50, F|44\/100\n|move|p2a: Greninja|Protect|p2a: Greninja\n|-start|p2a: Greninja|typechange|Normal|[from] ability: Protean\n|-singleturn|p2a: Greninja|Protect\n|move|p2b: Tornadus|Rain Dance|p2b: Tornadus\n|-weather|RainDance\n|move|p1b: Ursaluna|Headlong Rush|p2b: Tornadus\n|-damage|p2b: Tornadus|0 fnt\n|-unboost|p1b: Ursaluna|def|1\n|-unboost|p1b: Ursaluna|spd|1\n|faint|p2b: Tornadus\n|\n|-weather|RainDance|[upkeep]\n|-damage|p1b: Ursaluna|0 fnt|[from] brn\n|faint|p1b: Ursaluna\n|-fieldend|move: Trick Room\n|upkeep\n|\n|t:|1701079912\n|switch|p1b: Torkoal|Torkoal, L50, F|53\/100\n|-weather|SunnyDay|[from] ability: Drought|[of] p1b: Torkoal\n|turn|7\n|\n|t:|1701079933\n|move|p1a: Lilligant|Close Combat|p2a: Greninja\n|-supereffective|p2a: Greninja\n|-damage|p2a: Greninja|0 fnt\n|-unboost|p1a: Lilligant|def|1\n|-unboost|p1a: Lilligant|spd|1\n|faint|p2a: Greninja\n|\n|win|vivamaxben10inches\n|c|\u2606vivamaxben10inches|ganda ng pin no\n","uploadtime":1701079961,"views":9,"p1id":"vivamaxben10inches","p2id":"penglinhehe","formatid":"gen9vgc2023regulatione","rating":0,"private":0,"password":""}