{"id":"gen9vgc2023regulatione-1991476109","p1":"rennui-","p2":"Kiwigal","format":"[Gen 9] VGC 2023 Regulation E","log":"|j|\u2606rennui-\n|j|\u2606Kiwigal\n|t:|1700080433\n|gametype|doubles\n|player|p1|rennui-|erika|1630\n|player|p2|Kiwigal|carmine-festival|1631\n|teamsize|p1|6\n|teamsize|p2|6\n|gen|9\n|tier|[Gen 9] VGC 2023 Regulation E\n|rated|\n|rule|Species Clause: Limit one of each Pok\u00e9mon\n|rule|Item Clause: Limit one of each item\n|clearpoke\n|poke|p1|Flutter Mane, L50|\n|poke|p1|Chi-Yu, L50|\n|poke|p1|Torkoal, L50, F|\n|poke|p1|Ogerpon-Wellspring, L50, F|\n|poke|p1|Farigiraf, L50, F|\n|poke|p1|Iron Hands, L50|\n|poke|p2|Roaring Moon, L50|\n|poke|p2|Okidogi, L50, M|\n|poke|p2|Gholdengo, L50|\n|poke|p2|Ogerpon-Wellspring, L50, F|\n|poke|p2|Arcanine-Hisui, L50, F|\n|poke|p2|Thundurus-Therian, L50, M|\n|teampreview|4\nrennui- has agreed to open team sheets.\n|\n|t:|1700080489\n|start\n|switch|p1a: Farigiraf|Farigiraf, L50, F, shiny|100\/100\n|switch|p1b: Iron Hands|Iron Hands, L50|100\/100\n|switch|p2a: Gholdengo|Gholdengo, L50|100\/100\n|switch|p2b: Thundurus|Thundurus-Therian, L50, M|100\/100\n|turn|1\n|\n|t:|1700080515\n|move|p1b: Iron Hands|Fake Out|p2b: Thundurus\n|-damage|p2b: Thundurus|79\/100\n|cant|p2b: Thundurus|flinch\n|move|p2a: Gholdengo|Trick|p1a: Farigiraf\n|-activate|p2a: Gholdengo|move: Trick|[of] p1a: Farigiraf\n|-item|p1a: Farigiraf|Choice Specs|[from] move: Trick\n|-item|p2a: Gholdengo|Sitrus Berry|[from] move: Trick\n|move|p1a: Farigiraf|Trick Room|p1a: Farigiraf\n|-fieldstart|move: Trick Room|[of] p1a: Farigiraf\n|\n|upkeep\n|turn|2\n|\n|t:|1700080542\n|switch|p1a: Torkoal|Torkoal, L50, F, shiny|100\/100\n|-weather|SunnyDay|[from] ability: Drought|[of] p1a: Torkoal\n|move|p1b: Iron Hands|Wild Charge|p2a: Gholdengo\n|-damage|p2a: Gholdengo|49\/100\n|-enditem|p2a: Gholdengo|Sitrus Berry|[eat]\n|-heal|p2a: Gholdengo|74\/100|[from] item: Sitrus Berry\n|-damage|p1b: Iron Hands|90\/100|[from] Recoil\n|move|p2a: Gholdengo|Shadow Ball|p1a: Torkoal\n|-damage|p1a: Torkoal|41\/100\n|move|p2b: Thundurus|Volt Switch|p1a: Torkoal\n|-damage|p1a: Torkoal|0 fnt\n|faint|p1a: Torkoal\n|\n|t:|1700080560\n|switch|p2b: Arcanine|Arcanine-Hisui, L50, F|100\/100|[from] Volt Switch\n|-ability|p2b: Arcanine|Intimidate|boost\n|-unboost|p1b: Iron Hands|atk|1\n|\n|-weather|SunnyDay|[upkeep]\n|upkeep\n|\n|t:|1700080573\n|switch|p1a: Farigiraf|Farigiraf, L50, F, shiny|100\/100\n|turn|3\n|\n|t:|1700080600\n|-terastallize|p2b: Arcanine|Fairy\n|move|p1b: Iron Hands|Drain Punch|p2b: Arcanine\n|-resisted|p2b: Arcanine\n|-damage|p2b: Arcanine|85\/100\n|-heal|p1b: Iron Hands|96\/100|[from] drain|[of] p2b: Arcanine\n|move|p1a: Farigiraf|Psychic|p2a: Gholdengo\n|-resisted|p2a: Gholdengo\n|-damage|p2a: Gholdengo|47\/100\n|move|p2a: Gholdengo|Trick|p1b: Iron Hands\n|-activate|p2a: Gholdengo|move: Trick|[of] p1b: Iron Hands\n|-enditem|p1b: Iron Hands|Assault Vest|[silent]|[from] move: Trick\n|-item|p2a: Gholdengo|Assault Vest|[from] move: Trick\n|move|p2b: Arcanine|Flare Blitz|p1a: Farigiraf\n|-damage|p1a: Farigiraf|0 fnt\n|faint|p1a: Farigiraf\n|-damage|p2b: Arcanine|50\/100|[from] Recoil\n|\n|-weather|SunnyDay|[upkeep]\n|upkeep\n|\n|t:|1700080607\n|switch|p1a: Flutter Mane|Flutter Mane, L50|100\/100\n|-activate|p1a: Flutter Mane|ability: Protosynthesis\n|-start|p1a: Flutter Mane|protosynthesisspa\n|turn|4\n|\n|t:|1700080625\n|switch|p2b: Thundurus|Thundurus-Therian, L50, M|79\/100\n|move|p1b: Iron Hands|Wild Charge|p2b: Thundurus\n|-heal|p2b: Thundurus|100\/100|[from] ability: Volt Absorb|[of] p1b: Iron Hands\n|move|p2a: Gholdengo|Make It Rain|p1b: Iron Hands|[spread] p1a,p1b\n|-supereffective|p1a: Flutter Mane\n|-resisted|p1b: Iron Hands\n|-damage|p1a: Flutter Mane|11\/100\n|-damage|p1b: Iron Hands|74\/100\n|-unboost|p2a: Gholdengo|spa|1\n|move|p1a: Flutter Mane|Shadow Ball|p2a: Gholdengo\n|-supereffective|p2a: Gholdengo\n|-damage|p2a: Gholdengo|0 fnt\n|faint|p2a: Gholdengo\n|\n|-weather|SunnyDay|[upkeep]\n|upkeep\n|\n|t:|1700080641\n|switch|p2a: Ogerpon|Ogerpon-Wellspring, L50, F|100\/100\n|turn|5\n|\n|t:|1700080650\n|move|p2a: Ogerpon|Spiky Shield|p2a: Ogerpon\n|-singleturn|p2a: Ogerpon|move: Protect\n|move|p1b: Iron Hands|Wild Charge|p2a: Ogerpon\n|-activate|p2a: Ogerpon|move: Protect\n|-damage|p1b: Iron Hands|61\/100|[from] Spiky Shield|[of] p2a: Ogerpon\n|move|p2b: Thundurus|Wildbolt Storm|p1b: Iron Hands|[spread] p1a,p1b\n|-resisted|p1b: Iron Hands\n|-damage|p1a: Flutter Mane|0 fnt\n|-damage|p1b: Iron Hands|40\/100\n|faint|p1a: Flutter Mane\n|-end|p1a: Flutter Mane|Protosynthesis|[silent]\n|\n|-weather|SunnyDay|[upkeep]\n|-fieldend|move: Trick Room\n|upkeep\n|turn|6\n|-message|rennui- forfeited.\n|\n|win|Kiwigal\n|raw|rennui-'s rating: 1630 &rarr; <strong>1610<\/strong><br \/>(-20 for losing)\n|raw|Kiwigal's rating: 1631 &rarr; <strong>1651<\/strong><br \/>(+20 for winning)\n|l|\u2606rennui-\n|j|\u2606rennui-\n|player|p1|rennui-|erika\n|l|\u2606rennui-\n|player|p1|\n","uploadtime":1700080663,"views":70,"p1id":"rennui","p2id":"kiwigal","formatid":"gen9vgc2023regulatione","rating":1610,"private":0,"password":""}