{"id":"gen9vgc2023regulatione-1989288199","p1":"GlennIsAFrog","p2":"DonFuron","format":"[Gen 9] VGC 2023 Regulation E","log":"|j|\u2606GlennIsAFrog\n|j|\u2606DonFuron\n|n|\u2606GlennIsAFrog|glennisafrog\n|n|\u2606DonFuron|donfuron\n|html|View the match progress at <a href=\"\/game-bestof3-gen9vgc2023regulatione-1989286235\">game-bestof3-gen9vgc2023regulatione-1989286235<\/a>\n|t:|1699832234\n|gametype|doubles\n|player|p1|GlennIsAFrog|170|\n|player|p2|DonFuron|265|\n|teamsize|p1|6\n|teamsize|p2|6\n|gen|9\n|tier|[Gen 9] VGC 2023 Regulation E\n|rule|Species Clause: Limit one of each Pok\u00e9mon\n|rule|Item Clause: Limit one of each item\n|clearpoke\n|poke|p1|Cresselia, L50, F|\n|poke|p1|Heatran, L50, M|\n|poke|p1|Chien-Pao, L50|\n|poke|p1|Dragonite, L50, F|\n|poke|p1|Amoonguss, L50, M|\n|poke|p1|Urshifu-*, L50, F|\n|poke|p2|Indeedee-F, L50, F|\n|poke|p2|Armarouge, L50, M|\n|poke|p2|Snorlax, L50, F|\n|poke|p2|Enamorus-Therian, L50, F|\n|poke|p2|Farigiraf, L50, M|\n|poke|p2|Okidogi, L50, M|\n|teampreview|4\n|inactive|Battle timer is ON: inactive players will automatically lose when time's up. (requested by GlennIsAFrog)\n|inactive|DonFuron has 60 seconds left.\n|\n|t:|1699832273\n|start\n|switch|p1a: Cresselia|Cresselia, L50, F|100\/100\n|switch|p1b: Heatran|Heatran, L50, M|100\/100\n|switch|p2a: Indeedee|Indeedee-F, L50, F|100\/100\n|switch|p2b: Armarouge|Armarouge, L50, M|100\/100\n|-fieldstart|move: Psychic Terrain|[from] ability: Psychic Surge|[of] p2a: Indeedee\n|turn|1\n|inactive|GlennIsAFrog has 30 seconds left.\n|inactive|DonFuron has 30 seconds left.\n|inactive|GlennIsAFrog has 20 seconds left.\n|inactive|GlennIsAFrog has 15 seconds left.\n|\n|t:|1699832316\n|switch|p2b: Enamorus|Enamorus-Therian, L50, F|100\/100\n|move|p1a: Cresselia|Future Sight|p2b: Enamorus\n|-start|p1a: Cresselia|move: Future Sight\n|move|p1b: Heatran|Earth Power|p2b: Enamorus\n|-immune|p2b: Enamorus\n|move|p2a: Indeedee|Trick Room|p2a: Indeedee\n|-fieldstart|move: Trick Room|[of] p2a: Indeedee\n|\n|upkeep\n|turn|2\n|inactive|GlennIsAFrog has 30 seconds left.\n|inactive|GlennIsAFrog has 20 seconds left.\n|inactive|GlennIsAFrog has 15 seconds left.\n|\n|t:|1699832359\n|switch|p1b: Chien-Pao|Chien-Pao, L50|100\/100\n|-ability|p1b: Chien-Pao|Sword of Ruin\n|move|p2b: Enamorus|Earth Power|p1b: Chien-Pao\n|-damage|p1b: Chien-Pao|31\/100\n|-damage|p2b: Enamorus|91\/100|[from] item: Life Orb\n|move|p1a: Cresselia|Moonblast|p2a: Indeedee\n|-damage|p2a: Indeedee|85\/100\n|move|p2a: Indeedee|Trick Room|p2a: Indeedee\n|-fieldend|move: Trick Room\n|\n|upkeep\n|turn|3\n|inactive|GlennIsAFrog has 30 seconds left.\n|inactive|GlennIsAFrog has 20 seconds left.\n|\n|t:|1699832398\n|switch|p2b: Armarouge|Armarouge, L50, M|100\/100\n|move|p1b: Chien-Pao|Lash Out|p2a: Indeedee\n|-supereffective|p2a: Indeedee\n|-damage|p2a: Indeedee|0 fnt\n|-damage|p1b: Chien-Pao|15\/100|[from] item: Rocky Helmet|[of] p2a: Indeedee\n|faint|p2a: Indeedee\n|move|p1a: Cresselia|Moonblast|p2b: Armarouge\n|-resisted|p2b: Armarouge\n|-damage|p2b: Armarouge|92\/100\n|\n|-end|p2b: Armarouge|move: Future Sight\n|-resisted|p2b: Armarouge\n|-damage|p2b: Armarouge|74\/100\n|upkeep\n|\n|t:|1699832411\n|switch|p2a: Enamorus|Enamorus-Therian, L50, F|91\/100\n|turn|4\n|\n|t:|1699832432\n|switch|p2b: Okidogi|Okidogi, L50, M|100\/100\n|move|p1b: Chien-Pao|Lash Out|p2b: Okidogi\n|-resisted|p2b: Okidogi\n|-damage|p2b: Okidogi|83\/100\n|move|p1a: Cresselia|Future Sight|p2a: Enamorus\n|-start|p1a: Cresselia|move: Future Sight\n|move|p2a: Enamorus|Dazzling Gleam|p1a: Cresselia|[spread] p1a,p1b\n|-supereffective|p1b: Chien-Pao\n|-damage|p1a: Cresselia|75\/100\n|-damage|p1b: Chien-Pao|0 fnt\n|faint|p1b: Chien-Pao\n|-damage|p2a: Enamorus|82\/100|[from] item: Life Orb\n|\n|upkeep\n|\n|t:|1699832452\n|switch|p1b: Heatran|Heatran, L50, M|100\/100\n|turn|5\n|\n|t:|1699832473\n|-terastallize|p2b: Okidogi|Water\n|-terastallize|p1b: Heatran|Fairy\n|move|p2a: Enamorus|Protect|p2a: Enamorus\n|-singleturn|p2a: Enamorus|Protect\n|move|p1a: Cresselia|Lunar Blessing|p1a: Cresselia|[spread] p1a,p1b\n|-heal|p1a: Cresselia|99\/100\n|move|p2b: Okidogi|Drain Punch|p1b: Heatran\n|-resisted|p1b: Heatran\n|-damage|p1b: Heatran|82\/100\n|-heal|p2b: Okidogi|92\/100|[from] drain|[of] p1b: Heatran\n|move|p1b: Heatran|Earth Power|p2b: Okidogi\n|-damage|p2b: Okidogi|69\/100\n|\n|-fieldend|move: Psychic Terrain\n|upkeep\n|turn|6\n|inactive|GlennIsAFrog has 30 seconds left.\n|inactive|GlennIsAFrog has 20 seconds left.\n|\n|t:|1699832508\n|switch|p2a: Armarouge|Armarouge, L50, M|74\/100\n|move|p1a: Cresselia|Future Sight|p2b: Okidogi\n|-start|p1a: Cresselia|move: Future Sight\n|move|p2b: Okidogi|Poison Jab|p1b: Heatran\n|-supereffective|p1b: Heatran\n|-damage|p1b: Heatran|6\/100\n|move|p1b: Heatran|Tera Blast|p2b: Okidogi|[anim] Tera Blast Fairy\n|-damage|p2b: Okidogi|37\/100\n|\n|-end|p2a: Armarouge|move: Future Sight\n|-resisted|p2a: Armarouge\n|-damage|p2a: Armarouge|57\/100\n|upkeep\n|turn|7\n|\n|t:|1699832530\n|move|p2b: Okidogi|Drain Punch|p1b: Heatran\n|-resisted|p1b: Heatran\n|-damage|p1b: Heatran|0 fnt\n|-heal|p2b: Okidogi|39\/100|[from] drain|[of] p1b: Heatran\n|faint|p1b: Heatran\n|move|p1a: Cresselia|Trick Room|p1a: Cresselia\n|-fieldstart|move: Trick Room|[of] p1a: Cresselia\n|move|p2a: Armarouge|Trick Room|p2a: Armarouge\n|-fieldend|move: Trick Room\n|\n|upkeep\n|\n|t:|1699832537\n|switch|p1b: Urshifu|Urshifu-Rapid-Strike, L50, F|100\/100\n|turn|8\n|inactive|DonFuron has 30 seconds left.\n|\n|t:|1699832562\n|switch|p2a: Enamorus|Enamorus-Therian, L50, F|82\/100\n|move|p1b: Urshifu|Surging Strikes|p2a: Enamorus\n|-crit|p2a: Enamorus\n|-damage|p2a: Enamorus|63\/100\n|-crit|p2a: Enamorus\n|-damage|p2a: Enamorus|46\/100\n|-crit|p2a: Enamorus\n|-damage|p2a: Enamorus|27\/100\n|-hitcount|p2a: Enamorus|3\n|move|p1a: Cresselia|Moonblast|p2b: Okidogi\n|-damage|p2b: Okidogi|28\/100\n|move|p2b: Okidogi|Drain Punch|p1b: Urshifu\n|-damage|p1b: Urshifu|59\/100\n|-heal|p2b: Okidogi|47\/100|[from] drain|[of] p1b: Urshifu\n|\n|-end|p2b: Okidogi|move: Future Sight\n|-damage|p2b: Okidogi|25\/100\n|upkeep\n|turn|9\n|inactive|GlennIsAFrog has 30 seconds left.\n|inactive|DonFuron has 30 seconds left.\n|\n|t:|1699832597\n|switch|p2b: Armarouge|Armarouge, L50, M|57\/100\n|move|p1b: Urshifu|Surging Strikes|p2a: Enamorus\n|-crit|p2a: Enamorus\n|-damage|p2a: Enamorus|8\/100\n|-crit|p2a: Enamorus\n|-damage|p2a: Enamorus|0 fnt\n|faint|p2a: Enamorus\n|-hitcount|p2: Enamorus|2\n|move|p1a: Cresselia|Lunar Blessing|p1a: Cresselia|[spread] p1a,p1b\n|-heal|p1a: Cresselia|100\/100\n|-heal|p1b: Urshifu|84\/100\n|\n|upkeep\n|\n|t:|1699832603\n|switch|p2a: Okidogi|Okidogi, L50, M, tera:Water|25\/100\n|turn|10\n|\n|t:|1699832612\n|move|p1b: Urshifu|Surging Strikes|p2b: Armarouge\n|-supereffective|p2b: Armarouge\n|-crit|p2b: Armarouge\n|-damage|p2b: Armarouge|19\/100\n|-supereffective|p2b: Armarouge\n|-crit|p2b: Armarouge\n|-damage|p2b: Armarouge|0 fnt\n|faint|p2b: Armarouge\n|-hitcount|p2: Armarouge|2\n|move|p1a: Cresselia|Future Sight|p2a: Okidogi\n|-start|p1a: Cresselia|move: Future Sight\n|move|p2a: Okidogi|Snarl|p1b: Urshifu|[spread] p1a,p1b\n|-supereffective|p1a: Cresselia\n|-resisted|p1b: Urshifu\n|-damage|p1a: Cresselia|93\/100\n|-damage|p1b: Urshifu|79\/100\n|-unboost|p1a: Cresselia|spa|1\n|-unboost|p1b: Urshifu|spa|1\n|\n|upkeep\n|turn|11\n|-message|DonFuron forfeited.\n|\n|win|GlennIsAFrog\n|c|\u2606DonFuron|gg\n|c|&|\/uhtml prompt-donfuron,DonFuron is ready for game 3!\n|c|\u2606GlennIsAFrog|gg!\n|inactive|GlennIsAFrog has 50 seconds to confirm battle start!\n|c|&|\/uhtml prompt-glennisafrog,GlennIsAFrog is ready for game 3!\nBoth players are ready! Starting next match!\n|l|\u2606DonFuron\n","uploadtime":1699833393,"views":26,"p1id":"glennisafrog","p2id":"donfuron","formatid":"gen9vgc2023regulatione","rating":0,"private":0,"password":""}