{"id":"gen9vgc2023regulatione-1990943571","p1":"Splashy12","p2":"moonybunny","format":"[Gen 9] VGC 2023 Regulation E","log":"|j|\u2606Splashy12\n|j|\u2606moonybunny\n|t:|1700017949\n|gametype|doubles\n|player|p1|Splashy12|1|\n|player|p2|moonybunny|parasollady-gen4|\n|teamsize|p1|6\n|teamsize|p2|6\n|gen|9\n|tier|[Gen 9] VGC 2023 Regulation E\n|rated|Tournament battle\n|rule|Species Clause: Limit one of each Pok\u00e9mon\n|rule|Item Clause: Limit one of each item\n|clearpoke\n|poke|p1|Electrode-Hisui, L50|\n|poke|p1|Farigiraf, L50, F|\n|poke|p1|Sinistcha-Masterpiece, L50|\n|poke|p1|Ursaluna-Bloodmoon, L50, M|\n|poke|p1|Arcanine-Hisui, L50, F|\n|poke|p1|Iron Hands, L50|\n|poke|p2|Ninetales-Alola, L50, F|\n|poke|p2|Baxcalibur, L50, M|\n|poke|p2|Iron Hands, L50|\n|poke|p2|Heatran, L50, M|\n|poke|p2|Landorus-Therian, L50, M|\n|poke|p2|Ogerpon-Wellspring, L50, F|\n|teampreview|4\n|showteam|p1|Electrode-Hisui||ChoiceSpecs|Aftermath|Chloroblast,LeafStorm,VoltSwitch,TeraBlast||||||50|,,,,,Ice]Farigiraf||SitrusBerry|ArmorTail|TrickRoom,DazzlingGleam,Roar,Protect|||F|||50|,,,,,Fairy]Sinistcha-Masterpiece||RockyHelmet|Hospitality|Protect,MatchaGotcha,RagePowder,StrengthSap||||||50|,,,,,Fire]Ursaluna-Bloodmoon||Leftovers|MindsEye|EarthPower,BloodMoon,Protect,CalmMind|||M|||50|,,,,,Ghost]Arcanine-Hisui||ChoiceBand|Intimidate|FlareBlitz,RockSlide,ExtremeSpeed,HeadSmash|||F|||50|,,,,,Ghost]Iron Hands||SafetyGoggles|QuarkDrive|FakeOut,DrainPunch,WildCharge,SwordsDance||||||50|,,,,,Grass\n|showteam|p2|Ninetales-Alola||LightClay|SnowWarning|AuroraVeil,Moonblast,IcyWind,Encore|||F|||50|,,,,,Dark]Baxcalibur||LoadedDice|IceBody|Protect,IcicleSpear,HighHorsepower,DragonDance|||M|||50|,,,,,Fire]Iron Hands||AssaultVest|QuarkDrive|FakeOut,DrainPunch,WildCharge,HeavySlam||||||50|,,,,,Fire]Heatran||Leftovers|FlashFire|Protect,EarthPower,MagmaStorm,Substitute|||M|||50|,,,,,Fairy]Landorus-Therian||ChoiceScarf|Intimidate|RockSlide,StompingTantrum,Uturn,TeraBlast|||M|||50|,,,,,Flying]Ogerpon-Wellspring||WellspringMask|WaterAbsorb|FollowMe,IvyCudgel,HornLeech,SpikyShield|||F|||50|,,,,,Water\n|c|\u2606moonybunny|glhf\n|\n|t:|1700018028\n|start\n|switch|p1a: Arcanine|Arcanine-Hisui, L50, F|100\/100\n|switch|p1b: Iron Hands|Iron Hands, L50|100\/100\n|switch|p2a: Ninetales|Ninetales-Alola, L50, F|100\/100\n|switch|p2b: Ogerpon|Ogerpon-Wellspring, L50, F|100\/100\n|-weather|Snow|[from] ability: Snow Warning|[of] p2a: Ninetales\n|-ability|p1a: Arcanine|Intimidate|boost\n|-unboost|p2a: Ninetales|atk|1\n|-unboost|p2b: Ogerpon|atk|1\n|turn|1\n|inactive|Battle timer is ON: inactive players will automatically lose when time's up. (requested by Splashy12)\n|inactive|Splashy12 has 60 seconds left.\n|\n|t:|1700018061\n|switch|p2a: Iron Hands|Iron Hands, L50, shiny|100\/100\n|move|p2b: Ogerpon|Spiky Shield|p2b: Ogerpon\n|-singleturn|p2b: Ogerpon|move: Protect\n|move|p1b: Iron Hands|Fake Out|p2b: Ogerpon\n|-activate|p2b: Ogerpon|move: Protect\n|-damage|p1b: Iron Hands|88\/100|[from] Spiky Shield|[of] p2b: Ogerpon\n|move|p1a: Arcanine|Head Smash|p2a: Iron Hands|[miss]\n|-miss|p1a: Arcanine|p2a: Iron Hands\n|\n|-weather|Snow|[upkeep]\n|upkeep\n|turn|2\n|inactive|moonybunny has 30 seconds left.\n|\n|t:|1700018088\n|switch|p1a: Sinistcha|Sinistcha-Masterpiece, L50|100\/100\n|-heal|p1b: Iron Hands|100\/100|[from] ability: Hospitality|[of] p1a: Sinistcha\n|move|p2b: Ogerpon|Ivy Cudgel|p1a: Sinistcha|[anim] Ivy Cudgel Water\n|-resisted|p1a: Sinistcha\n|-damage|p1a: Sinistcha|83\/100\n|move|p2a: Iron Hands|Wild Charge|p1a: Sinistcha\n|-resisted|p1a: Sinistcha\n|-damage|p1a: Sinistcha|56\/100\n|-damage|p2a: Iron Hands|84\/100|[from] item: Rocky Helmet|[of] p1a: Sinistcha\n|-damage|p2a: Iron Hands|79\/100|[from] Recoil\n|move|p1b: Iron Hands|Swords Dance|p1b: Iron Hands\n|-boost|p1b: Iron Hands|atk|2\n|\n|-weather|Snow|[upkeep]\n|upkeep\n|turn|3\n|inactive|Splashy12 has 30 seconds left.\n|\n|t:|1700018120\n|switch|p2b: Ninetales|Ninetales-Alola, L50, F|100\/100\n|move|p1a: Sinistcha|Strength Sap|p2a: Iron Hands\n|-unboost|p2a: Iron Hands|atk|1\n|-heal|p1a: Sinistcha|100\/100\n|move|p2a: Iron Hands|Heavy Slam|p1a: Sinistcha\n|-damage|p1a: Sinistcha|69\/100\n|-damage|p2a: Iron Hands|63\/100|[from] item: Rocky Helmet|[of] p1a: Sinistcha\n|move|p1b: Iron Hands|Drain Punch|p2b: Ninetales\n|-damage|p2b: Ninetales|34\/100\n|\n|-weather|Snow|[upkeep]\n|upkeep\n|turn|4\n|j| shadowemrald\n|inactive|Splashy12 has 30 seconds left.\n|\n|t:|1700018150\n|-end|p2a: Iron Hands|Quark Drive|[silent]\n|switch|p2a: Ogerpon|Ogerpon-Wellspring, L50, F|100\/100\n|move|p1a: Sinistcha|Protect|p1a: Sinistcha\n|-singleturn|p1a: Sinistcha|Protect\n|move|p2b: Ninetales|Aurora Veil|p2b: Ninetales\n|-sidestart|p2: moonybunny|move: Aurora Veil\n|move|p1b: Iron Hands|Wild Charge|p2b: Ninetales\n|-damage|p2b: Ninetales|0 fnt\n|faint|p2b: Ninetales\n|-damage|p1b: Iron Hands|95\/100|[from] Recoil\n|\n|-weather|Snow|[upkeep]\n|upkeep\n|\n|t:|1700018157\n|switch|p2b: Iron Hands|Iron Hands, L50, shiny|63\/100\n|turn|5\n|\n|t:|1700018171\n|switch|p1a: Arcanine|Arcanine-Hisui, L50, F|100\/100\n|-ability|p1a: Arcanine|Intimidate|boost\n|-unboost|p2a: Ogerpon|atk|1\n|-unboost|p2b: Iron Hands|atk|1\n|-terastallize|p1b: Iron Hands|Grass\n|move|p2b: Iron Hands|Fake Out|p1b: Iron Hands\n|-damage|p1b: Iron Hands|87\/100\n|move|p2a: Ogerpon|Ivy Cudgel|p1b: Iron Hands|[anim] Ivy Cudgel Water\n|-resisted|p1b: Iron Hands\n|-damage|p1b: Iron Hands|77\/100\n|cant|p1b: Iron Hands|flinch\n|\n|-weather|none\n|upkeep\n|turn|6\n|inactive|Splashy12 has 30 seconds left.\n|\n|t:|1700018204\n|switch|p1a: Sinistcha|Sinistcha-Masterpiece, L50|69\/100\n|-heal|p1b: Iron Hands|100\/100|[from] ability: Hospitality|[of] p1a: Sinistcha\n|move|p2a: Ogerpon|Spiky Shield|p2a: Ogerpon\n|-singleturn|p2a: Ogerpon|move: Protect\n|move|p2b: Iron Hands|Drain Punch|p1a: Sinistcha\n|-immune|p1a: Sinistcha\n|move|p1b: Iron Hands|Wild Charge|p2a: Ogerpon\n|-activate|p2a: Ogerpon|move: Protect\n|-damage|p1b: Iron Hands|88\/100|[from] Spiky Shield|[of] p2a: Ogerpon\n|\n|upkeep\n|turn|7\n|inactive|moonybunny has 30 seconds left.\n|\n|t:|1700018238\n|switch|p1a: Arcanine|Arcanine-Hisui, L50, F|100\/100\n|-ability|p1a: Arcanine|Intimidate|boost\n|-unboost|p2a: Ogerpon|atk|1\n|-unboost|p2b: Iron Hands|atk|1\n|-end|p2b: Iron Hands|Quark Drive|[silent]\n|switch|p2b: Heatran|Heatran, L50, M|100\/100\n|move|p2a: Ogerpon|Follow Me|p2a: Ogerpon\n|-singleturn|p2a: Ogerpon|move: Follow Me\n|move|p1b: Iron Hands|Wild Charge|p2a: Ogerpon\n|-damage|p2a: Ogerpon|16\/100\n|-damage|p1b: Iron Hands|73\/100|[from] Recoil\n|\n|upkeep\n|turn|8\n|inactive|Splashy12 has 30 seconds left.\n|inactive|moonybunny has 30 seconds left.\n|inactive|Splashy12 has 20 seconds left.\n|inactive|Splashy12 has 15 seconds left.\n|inactive|moonybunny has 20 seconds left.\n|inactive|Splashy12 has 10 seconds left.\n|inactive|moonybunny has 15 seconds left.\n|\n|t:|1700018288\n|move|p2a: Ogerpon|Ivy Cudgel|p1a: Arcanine|[anim] Ivy Cudgel Water\n|-supereffective|p1a: Arcanine\n|-damage|p1a: Arcanine|0 fnt\n|faint|p1a: Arcanine\n|move|p2b: Heatran|Substitute|p2b: Heatran\n|-start|p2b: Heatran|Substitute\n|-damage|p2b: Heatran|76\/100\n|move|p1b: Iron Hands|Drain Punch|p2b: Heatran\n|-supereffective|p2b: Heatran\n|-end|p2b: Heatran|Substitute\n|-heal|p1b: Iron Hands|83\/100|[from] drain|[of] p2b: Heatran\n|\n|-heal|p2b: Heatran|82\/100|[from] item: Leftovers\n|upkeep\n|inactive|Splashy12 has 30 seconds left.\n|\n|t:|1700018322\n|switch|p1a: Sinistcha|Sinistcha-Masterpiece, L50|69\/100\n|-heal|p1b: Iron Hands|100\/100|[from] ability: Hospitality|[of] p1a: Sinistcha\n|turn|9\n|\n|t:|1700018335\n|-terastallize|p2b: Heatran|Fairy\n|move|p2a: Ogerpon|Follow Me|p2a: Ogerpon\n|-singleturn|p2a: Ogerpon|move: Follow Me\n|move|p1a: Sinistcha|Rage Powder|p1a: Sinistcha\n|-singleturn|p1a: Sinistcha|move: Rage Powder\n|move|p2b: Heatran|Magma Storm|p1a: Sinistcha\n|-supereffective|p1a: Sinistcha\n|-damage|p1a: Sinistcha|0 fnt\n|faint|p1a: Sinistcha\n|move|p1b: Iron Hands|Drain Punch|p2a: Ogerpon\n|-damage|p2a: Ogerpon|0 fnt\n|faint|p2a: Ogerpon\n|\n|-heal|p2b: Heatran|88\/100|[from] item: Leftovers\n|upkeep\n|\n|t:|1700018344\n|switch|p2a: Iron Hands|Iron Hands, L50, shiny|63\/100\n|switch|p1a: Electrode|Electrode-Hisui, L50|100\/100\n|turn|10\n|\n|t:|1700018361\n|move|p2a: Iron Hands|Fake Out|p1a: Electrode\n|-damage|p1a: Electrode|73\/100\n|cant|p1a: Electrode|flinch\n|move|p2b: Heatran|Substitute|p2b: Heatran\n|-start|p2b: Heatran|Substitute\n|-damage|p2b: Heatran|63\/100\n|move|p1b: Iron Hands|Wild Charge|p2b: Heatran\n|-end|p2b: Heatran|Substitute\n|-damage|p1b: Iron Hands|96\/100|[from] Recoil|[of] p2b: Heatran\n|\n|-heal|p2b: Heatran|69\/100|[from] item: Leftovers\n|upkeep\n|turn|11\n|j| EmceeMikey\n|\n|t:|1700018388\n|move|p2b: Heatran|Protect|p2b: Heatran\n|-singleturn|p2b: Heatran|Protect\n|move|p1a: Electrode|Chloroblast|p2a: Iron Hands\n|-damage|p2a: Iron Hands|31\/100\n|-damage|p1a: Electrode|23\/100|[from] Recoil\n|move|p2a: Iron Hands|Drain Punch|p1a: Electrode\n|-damage|p1a: Electrode|0 fnt\n|-heal|p2a: Iron Hands|38\/100|[from] drain|[of] p1a: Electrode\n|-damage|p2a: Iron Hands|13\/100|[from] ability: Aftermath|[of] p1a: Electrode\n|faint|p1a: Electrode\n|move|p1b: Iron Hands|Drain Punch|p2a: Iron Hands\n|-damage|p2a: Iron Hands|0 fnt\n|-heal|p1b: Iron Hands|100\/100|[from] drain|[of] p2a: Iron Hands\n|faint|p2a: Iron Hands\n|-end|p2a: Iron Hands|Quark Drive|[silent]\n|\n|-heal|p2b: Heatran|75\/100|[from] item: Leftovers\n|-sideend|p2: moonybunny|move: Aurora Veil\n|upkeep\n|turn|12\n|\n|t:|1700018407\n|move|p2b: Heatran|Magma Storm|p1b: Iron Hands\n|-supereffective|p1b: Iron Hands\n|-damage|p1b: Iron Hands|2\/100\n|-activate|p1b: Iron Hands|move: Magma Storm|[of] p2b: Heatran\n|move|p1b: Iron Hands|Wild Charge|p2b: Heatran\n|-damage|p2b: Heatran|0 fnt\n|faint|p2b: Heatran\n|-damage|p1b: Iron Hands|0 fnt|[from] Recoil\n|faint|p1b: Iron Hands\n|-end|p1b: Iron Hands|Quark Drive|[silent]\n|\n|win|Splashy12\n|n|\u2606Splashy12|splashy12\n|n|\u2606moonybunny|moonybunny\n|n| shadowemrald|shadowemrald\n|n| EmceeMikey|emceemikey\n|c|\u2606moonybunny|gg\n|l| EmceeMikey\n|c|\u2606Splashy12|Gg\n|l|\u2606moonybunny\n","uploadtime":1700018438,"views":12,"p1id":"splashy12","p2id":"moonybunny","formatid":"gen9vgc2023regulatione","rating":0,"private":0,"password":""}