{"id":"gen9vgc2023regulatione-1998278447","p1":"Montendoz","p2":"newusernovice","format":"[Gen 9] VGC 2023 Regulation E","log":"|j|\u2606Montendoz\n|j|\u2606newusernovice\n|t:|1700923804\n|gametype|doubles\n|player|p1|Montendoz|265|1407\n|player|p2|newusernovice|brawly|1450\n|teamsize|p1|6\n|teamsize|p2|6\n|gen|9\n|tier|[Gen 9] VGC 2023 Regulation E\n|rated|\n|rule|Species Clause: Limit one of each Pok\u00e9mon\n|rule|Item Clause: Limit one of each item\n|clearpoke\n|poke|p1|Armarouge, L50, M|\n|poke|p1|Ursaluna, L50, F|\n|poke|p1|Ogerpon-Cornerstone, L50, F|\n|poke|p1|Indeedee-F, L50, F|\n|poke|p1|Enamorus-Therian, L50, F|\n|poke|p1|Urshifu-*, L50, M|\n|poke|p2|Arcanine-Hisui, L50, M|\n|poke|p2|Tornadus, L50, M|\n|poke|p2|Urshifu-*, L50, M|\n|poke|p2|Flutter Mane, L50|\n|poke|p2|Rillaboom, L50, M|\n|poke|p2|Ogerpon-Wellspring, L50, F|\n|teampreview|4\n|inactive|Battle timer is ON: inactive players will automatically lose when time's up. (requested by newusernovice)\n|inactive|Montendoz has 60 seconds left.\n|inactive|newusernovice has 60 seconds left.\n|\n|t:|1700923842\n|start\n|switch|p1a: Armarouge|Armarouge, L50, M|100\/100\n|switch|p1b: Ogerpon|Ogerpon-Cornerstone, L50, F|100\/100\n|switch|p2a: Tornadus|Tornadus, L50, M|100\/100\n|switch|p2b: Arcanine|Arcanine-Hisui, L50, M, shiny|100\/100\n|-ability|p2b: Arcanine|Intimidate|boost\n|-unboost|p1a: Armarouge|atk|1\n|-unboost|p1b: Ogerpon|atk|1\n|turn|1\n|j| Xeratina\n|inactive|newusernovice has 30 seconds left.\n|\n|t:|1700923871\n|-terastallize|p1a: Armarouge|Grass\n|move|p1b: Ogerpon|Ivy Cudgel|p2a: Tornadus|[anim] Ivy Cudgel Rock\n|-supereffective|p2a: Tornadus\n|-crit|p2a: Tornadus\n|-damage|p2a: Tornadus|0 fnt\n|faint|p2a: Tornadus\n|move|p2b: Arcanine|Rock Slide|p1b: Ogerpon|[spread] p1a,p1b\n|-damage|p1a: Armarouge|65\/100\n|-damage|p1b: Ogerpon|50\/100\n|-damage|p2b: Arcanine|91\/100|[from] item: Life Orb\n|cant|p1a: Armarouge|flinch\n|\n|upkeep\n|l| Xeratina\n|inactive|newusernovice has 30 seconds left.\n|\n|t:|1700923897\n|switch|p2a: Rillaboom|Rillaboom, L50, M|100\/100\n|-fieldstart|move: Grassy Terrain|[from] ability: Grassy Surge|[of] p2a: Rillaboom\n|turn|2\n|\n|t:|1700923919\n|switch|p1b: Indeedee|Indeedee-F, L50, F|100\/100\n|-fieldstart|move: Psychic Terrain|[from] ability: Psychic Surge|[of] p1b: Indeedee\n|-terastallize|p2b: Arcanine|Fairy\n|move|p2b: Arcanine|Rock Slide|p1a: Armarouge|[spread] p1a,p1b\n|-damage|p1a: Armarouge|32\/100\n|-damage|p1b: Indeedee|63\/100\n|-damage|p2b: Arcanine|81\/100|[from] item: Life Orb\n|move|p2a: Rillaboom|Wood Hammer|p1a: Armarouge\n|-resisted|p1a: Armarouge\n|-damage|p1a: Armarouge|0 fnt\n|faint|p1a: Armarouge\n|-damage|p2a: Rillaboom|90\/100|[from] Recoil\n|\n|upkeep\n|\n|t:|1700923943\n|switch|p1a: Enamorus|Enamorus-Therian, L50, F|100\/100\n|turn|3\n|\n|t:|1700923962\n|move|p2b: Arcanine|Rock Slide|p1a: Enamorus|[spread] p1a,p1b\n|-supereffective|p1a: Enamorus\n|-damage|p1a: Enamorus|26\/100\n|-damage|p1b: Indeedee|27\/100\n|-damage|p2b: Arcanine|71\/100|[from] item: Life Orb\n|move|p2a: Rillaboom|Wood Hammer|p1b: Indeedee\n|-damage|p1b: Indeedee|0 fnt\n|-damage|p2a: Rillaboom|74\/100|[from] item: Rocky Helmet|[of] p1b: Indeedee\n|faint|p1b: Indeedee\n|-damage|p2a: Rillaboom|66\/100|[from] Recoil\n|move|p1a: Enamorus|Moonblast|p2a: Rillaboom\n|-damage|p2a: Rillaboom|0 fnt\n|faint|p2a: Rillaboom\n|-damage|p1a: Enamorus|16\/100|[from] item: Life Orb\n|\n|upkeep\n|\n|t:|1700923976\n|switch|p2a: Ogerpon|Ogerpon-Wellspring, L50, F|100\/100\n|switch|p1b: Ogerpon|Ogerpon-Cornerstone, L50, F|50\/100\n|turn|4\n|\n|t:|1700923989\n|move|p1a: Enamorus|Protect|p1a: Enamorus\n|-singleturn|p1a: Enamorus|Protect\n|move|p1b: Ogerpon|Wood Hammer|p2a: Ogerpon\n|-damage|p2a: Ogerpon|28\/100\n|-damage|p1b: Ogerpon|21\/100|[from] Recoil\n|move|p2b: Arcanine|Tera Blast|p1a: Enamorus|[anim] Tera Blast Fairy\n|-activate|p1a: Enamorus|move: Protect\n|move|p2a: Ogerpon|Ivy Cudgel|p1b: Ogerpon|[anim] Ivy Cudgel Water\n|-damage|p1b: Ogerpon|0 fnt\n|faint|p1b: Ogerpon\n|\n|upkeep\n|turn|5\n|\n|t:|1700924003\n|move|p2b: Arcanine|Tera Blast|p1a: Enamorus|[anim] Tera Blast Fairy\n|-damage|p1a: Enamorus|0 fnt\n|faint|p1a: Enamorus\n|-damage|p2b: Arcanine|61\/100|[from] item: Life Orb\n|\n|win|newusernovice\n|raw|Montendoz's rating: 1407 &rarr; <strong>1389<\/strong><br \/>(-18 for losing)\n|raw|newusernovice's rating: 1450 &rarr; <strong>1468<\/strong><br \/>(+18 for winning)\n|l|\u2606Montendoz\n","uploadtime":1700924025,"views":6,"p1id":"montendoz","p2id":"newusernovice","formatid":"gen9vgc2023regulatione","rating":1389,"private":0,"password":""}