{"id":"gen9vgc2023regulatione-2000680781","p1":"Jamel1","p2":"zhangdinglong","format":"[Gen 9] VGC 2023 Regulation E","log":"|j|\u2606Jamel1\n|j|\u2606zhangdinglong\n|t:|1701218087\n|gametype|doubles\n|player|p1|Jamel1|cyrus|1432\n|player|p2|zhangdinglong|elesa-masters|1531\n|teamsize|p1|6\n|teamsize|p2|6\n|gen|9\n|tier|[Gen 9] VGC 2023 Regulation E\n|rated|\n|rule|Species Clause: Limit one of each Pok\u00e9mon\n|rule|Item Clause: Limit one of each item\n|clearpoke\n|poke|p1|Armarouge, L50, M|\n|poke|p1|Hawlucha, L50, M|\n|poke|p1|Indeedee-F, L50, F|\n|poke|p1|Stonjourner, L50, M|\n|poke|p1|Ursaluna, L50, F|\n|poke|p1|Dusclops, L50, F|\n|poke|p2|Indeedee-F, L50, F|\n|poke|p2|Torkoal, L50, M|\n|poke|p2|Armarouge, L50, M|\n|poke|p2|Ogerpon, L50, F|\n|poke|p2|Iron Hands, L50|\n|poke|p2|Meowscarada, L50, F|\n|teampreview|4\n|\n|t:|1701218105\n|start\n|switch|p1a: Armarouge|Armarouge, L50, M|100\/100\n|switch|p1b: Stonjourner|Stonjourner, L50, M|100\/100\n|switch|p2a: Armarouge|Armarouge, L50, M|100\/100\n|switch|p2b: Ogerpon|Ogerpon, L50, F|100\/100\n|turn|1\n|\n|t:|1701218119\n|-terastallize|p2a: Armarouge|Psychic\n|move|p1a: Armarouge|Endure|p1a: Armarouge\n|-singleturn|p1a: Armarouge|move: Endure\n|move|p2b: Ogerpon|U-turn|p2a: Armarouge\n|-supereffective|p2a: Armarouge\n|-damage|p2a: Armarouge|52\/100\n|-ability|p2a: Armarouge|Weak Armor|boost\n|-unboost|p2a: Armarouge|def|1\n|-boost|p2a: Armarouge|spe|2\n|-enditem|p2a: Armarouge|Weakness Policy\n|-boost|p2a: Armarouge|atk|2|[from] item: Weakness Policy\n|-boost|p2a: Armarouge|spa|2|[from] item: Weakness Policy\n|\n|t:|1701218125\n|switch|p2b: Indeedee|Indeedee-F, L50, F|100\/100|[from] U-turn\n|-fieldstart|move: Psychic Terrain|[from] ability: Psychic Surge|[of] p2b: Indeedee\n|move|p2a: Armarouge|Expanding Force|p1b: Stonjourner|[spread] p1a,p1b\n|-resisted|p1a: Armarouge\n|-activate|p1a: Armarouge|move: Endure\n|-damage|p1a: Armarouge|1\/100\n|-enditem|p1b: Stonjourner|Focus Sash\n|-damage|p1b: Stonjourner|1\/100\n|move|p1b: Stonjourner|Earthquake|p2a: Armarouge|[spread] p1a,p2a,p2b\n|-supereffective|p1a: Armarouge\n|-activate|p1a: Armarouge|move: Endure\n|-damage|p1a: Armarouge|1\/100\n|-damage|p2a: Armarouge|12\/100\n|-damage|p2b: Indeedee|77\/100\n|-ability|p1a: Armarouge|Weak Armor|boost\n|-unboost|p1a: Armarouge|def|1\n|-boost|p1a: Armarouge|spe|2\n|-enditem|p1a: Armarouge|Weakness Policy\n|-boost|p1a: Armarouge|atk|2|[from] item: Weakness Policy\n|-boost|p1a: Armarouge|spa|2|[from] item: Weakness Policy\n|-ability|p2a: Armarouge|Weak Armor|boost\n|-unboost|p2a: Armarouge|def|1\n|-boost|p2a: Armarouge|spe|2\n|\n|upkeep\n|turn|2\n|\n|t:|1701218151\n|move|p2b: Indeedee|Helping Hand|p2a: Armarouge\n|-singleturn|p2a: Armarouge|Helping Hand|[of] p2b: Indeedee\n|move|p1b: Stonjourner|Wide Guard|p1b: Stonjourner\n|-singleturn|p1b: Stonjourner|Wide Guard\n|move|p2a: Armarouge|Expanding Force|p1b: Stonjourner|[spread] \n|-activate|p1a: Armarouge|move: Wide Guard\n|-activate|p1b: Stonjourner|move: Wide Guard\n|move|p1a: Armarouge|Expanding Force|p2a: Armarouge|[spread] p2a,p2b\n|-resisted|p2a: Armarouge\n|-resisted|p2b: Indeedee\n|-damage|p2a: Armarouge|0 fnt\n|-damage|p2b: Indeedee|0 fnt\n|faint|p2a: Armarouge\n|faint|p2b: Indeedee\n|\n|upkeep\n|\n|t:|1701218159\n|switch|p2a: Ogerpon|Ogerpon, L50, F|100\/100\n|switch|p2b: Torkoal|Torkoal, L50, M|100\/100\n|-weather|SunnyDay|[from] ability: Drought|[of] p2b: Torkoal\n|turn|3\n|\n|t:|1701218168\n|move|p1b: Stonjourner|Wide Guard|p1b: Stonjourner\n|-singleturn|p1b: Stonjourner|Wide Guard\n|move|p2a: Ogerpon|Stomping Tantrum|p1a: Armarouge\n|-supereffective|p1a: Armarouge\n|-damage|p1a: Armarouge|0 fnt\n|faint|p1a: Armarouge\n|move|p2b: Torkoal|Heat Wave|p1b: Stonjourner\n|-activate|p1b: Stonjourner|move: Wide Guard\n|\n|-weather|SunnyDay|[upkeep]\n|upkeep\n|\n|t:|1701218194\n|switch|p1a: Dusclops|Dusclops, L50, F|100\/100\n|-ability|p1a: Dusclops|Pressure\n|turn|4\n|\n|t:|1701218217\n|move|p1b: Stonjourner|Wide Guard|p1b: Stonjourner\n|-singleturn|p1b: Stonjourner|Wide Guard\n|move|p2a: Ogerpon|Stomping Tantrum|p1b: Stonjourner\n|-supereffective|p1b: Stonjourner\n|-damage|p1b: Stonjourner|0 fnt\n|faint|p1b: Stonjourner\n|move|p1a: Dusclops|Night Shade|p2b: Torkoal\n|-damage|p2b: Torkoal|72\/100\n|move|p2b: Torkoal|Eruption|p1a: Dusclops\n|-activate|p1a: Dusclops|move: Wide Guard\n|\n|-weather|SunnyDay|[upkeep]\n|upkeep\n|\n|t:|1701218227\n|switch|p1b: Ursaluna|Ursaluna, L50, F|100\/100\n|turn|5\n|\n|t:|1701218254\n|move|p2a: Ogerpon|Stomping Tantrum|p1b: Ursaluna\n|-damage|p1b: Ursaluna|82\/100\n|move|p1b: Ursaluna|Swords Dance|p1b: Ursaluna\n|-boost|p1b: Ursaluna|atk|2\n|move|p1a: Dusclops|Night Shade|p2b: Torkoal\n|-damage|p2b: Torkoal|44\/100\n|move|p2b: Torkoal|Heat Wave|p1a: Dusclops|[spread] p1a,p1b\n|-crit|p1b: Ursaluna\n|-damage|p1a: Dusclops|72\/100\n|-damage|p1b: Ursaluna|6\/100\n|\n|-weather|SunnyDay|[upkeep]\n|-fieldend|move: Psychic Terrain\n|upkeep\n|turn|6\n|\n|t:|1701218273\n|move|p2a: Ogerpon|Stomping Tantrum|p1b: Ursaluna\n|-damage|p1b: Ursaluna|0 fnt\n|faint|p1b: Ursaluna\n|move|p1a: Dusclops|Will-O-Wisp|p2a: Ogerpon\n|-status|p2a: Ogerpon|brn\n|move|p2b: Torkoal|Heat Wave|p1a: Dusclops\n|-damage|p1a: Dusclops|35\/100\n|\n|-weather|SunnyDay|[upkeep]\n|-damage|p2a: Ogerpon|95\/100 brn|[from] brn\n|upkeep\n|turn|7\n|\n|t:|1701218286\n|move|p2a: Ogerpon|Stomping Tantrum|p1a: Dusclops\n|-damage|p1a: Dusclops|27\/100\n|move|p1a: Dusclops|Pain Split|p2a: Ogerpon\n|-sethp|p2a: Ogerpon|60\/100 brn|[from] move: Pain Split|[silent]\n|-sethp|p1a: Dusclops|63\/100|[from] move: Pain Split\n|move|p2b: Torkoal|Heat Wave|p1a: Dusclops\n|-damage|p1a: Dusclops|28\/100\n|\n|-weather|none\n|-damage|p2a: Ogerpon|54\/100 brn|[from] brn\n|upkeep\n|turn|8\n|\n|t:|1701218298\n|move|p2a: Ogerpon|Stomping Tantrum|p1a: Dusclops\n|-damage|p1a: Dusclops|20\/100\n|move|p1a: Dusclops|Night Shade|p2b: Torkoal\n|-damage|p2b: Torkoal|15\/100\n|move|p2b: Torkoal|Heat Wave|p1a: Dusclops\n|-damage|p1a: Dusclops|0 fnt\n|faint|p1a: Dusclops\n|\n|win|zhangdinglong\n|raw|Jamel1's rating: 1432 &rarr; <strong>1418<\/strong><br \/>(-14 for losing)\n|raw|zhangdinglong's rating: 1531 &rarr; <strong>1545<\/strong><br \/>(+14 for winning)\n|l|\u2606Jamel1\n","uploadtime":1701218317,"views":0,"p1id":"jamel1","p2id":"zhangdinglong","formatid":"gen9vgc2023regulatione","rating":1418,"private":0,"password":""}