{"id":"gen9vgc2023regulatione-1998934650","p1":"MattC (Banned)","p2":"FBISurveillanceMan","format":"[Gen 9] VGC 2023 Regulation E","log":"|j|\u2606MattC (Banned)\n|j|\u2606FBISurveillanceMan\n|t:|1701014949\n|gametype|doubles\n|player|p1|MattC (Banned)|gladion|\n|player|p2|FBISurveillanceMan|harlequin|\n|teamsize|p1|6\n|teamsize|p2|6\n|gen|9\n|tier|[Gen 9] VGC 2023 Regulation E\n|rated|Tournament battle\n|rule|Species Clause: Limit one of each Pok\u00e9mon\n|rule|Item Clause: Limit one of each item\n|clearpoke\n|poke|p1|Tornadus, L50, M|\n|poke|p1|Scream Tail, L50|\n|poke|p1|Iron Hands, L50|\n|poke|p1|Gholdengo, L50|\n|poke|p1|Landorus-Therian, L50, M|\n|poke|p1|Ogerpon-Wellspring, L50, F|\n|poke|p2|Flutter Mane, L50|\n|poke|p2|Chien-Pao, L50|\n|poke|p2|Tornadus, L50, M|\n|poke|p2|Rillaboom, L50, M|\n|poke|p2|Urshifu-*, L50, M|\n|poke|p2|Arcanine-Hisui, L50, F|\n|teampreview|4\n|showteam|p1|Tornadus||MentalHerb|Prankster|BleakwindStorm,ScaryFace,Tailwind,Protect|||M|||50|,,,,,Ghost]Scream Tail||BoosterEnergy|Protosynthesis|PsychicFangs,Disable,Encore,Protect||||||50|,,,,,Grass]Iron Hands||AssaultVest|QuarkDrive|DrainPunch,HeavySlam,VoltSwitch,FakeOut||||||50|,,,,,Fire]Gholdengo||Leftovers|GoodasGold|MakeItRain,ShadowBall,NastyPlot,Protect||||||50|,,,,,Dragon]Landorus-Therian||ChoiceScarf|Intimidate|StompingTantrum,RockSlide,TeraBlast,Uturn|||M|||50|,,,,,Flying]Ogerpon-Wellspring||WellspringMask|WaterAbsorb|IvyCudgel,HornLeech,FollowMe,SpikyShield|||F|||50|,,,,,Water\n|showteam|p2|Flutter Mane||BoosterEnergy|Protosynthesis|Moonblast,DazzlingGleam,ShadowBall,Protect||||||50|,,,,,Fairy]Chien-Pao||FocusSash|SwordofRuin|IcicleCrash,SuckerPunch,SacredSword,Protect||||||50|,,,,,Ghost]Tornadus||RockyHelmet|Prankster|BleakwindStorm,RainDance,Tailwind,Taunt|||M|||50|,,,,,Steel]Rillaboom||AssaultVest|GrassySurge|WoodHammer,GrassyGlide,Uturn,FakeOut|||M|||50|,,,,,Fire]Urshifu-Rapid-Strike||MysticWater|UnseenFist|SurgingStrikes,AquaJet,CloseCombat,Detect|||M|||50|,,,,,Water]Arcanine-Hisui||ChoiceBand|Intimidate|ExtremeSpeed,RockSlide,FlareBlitz,HeadSmash|||F|||50|,,,,,Normal\n|j| oompaboompa\n|c|\u2606MattC (Banned)|glhf\n|c|\u2606FBISurveillanceMan|glhf\n|\n|t:|1701015032\n|start\n|switch|p1a: Gholdengo|Gholdengo, L50|100\/100\n|switch|p1b: Iron Hands|Iron Hands, L50|100\/100\n|switch|p2a: Rillaboom|Rillaboom, L50, M|100\/100\n|switch|p2b: Arcanine-XVI|Arcanine-Hisui, L50, F|100\/100\n|-ability|p2b: Arcanine-XVI|Intimidate|boost\n|-unboost|p1a: Gholdengo|atk|1\n|-unboost|p1b: Iron Hands|atk|1\n|-fieldstart|move: Grassy Terrain|[from] ability: Grassy Surge|[of] p2a: Rillaboom\n|turn|1\n|c|\u2606MattC (Banned)|yikes\n|\n|t:|1701015067\n|move|p1a: Gholdengo|Protect|p1a: Gholdengo\n|-singleturn|p1a: Gholdengo|Protect\n|move|p2a: Rillaboom|Fake Out|p1b: Iron Hands\n|-damage|p1b: Iron Hands|92\/100\n|cant|p1b: Iron Hands|flinch\n|move|p2b: Arcanine-XVI|Flare Blitz|p1a: Gholdengo\n|-activate|p1a: Gholdengo|move: Protect\n|\n|-heal|p1b: Iron Hands|98\/100|[from] Grassy Terrain\n|upkeep\n|turn|2\n|\n|t:|1701015083\n|switch|p1a: Landorus|Landorus-Therian, L50, M|100\/100\n|-ability|p1a: Landorus|Intimidate|boost\n|-unboost|p2a: Rillaboom|atk|1\n|-unboost|p2b: Arcanine-XVI|atk|1\n|move|p2b: Arcanine-XVI|Flare Blitz|p1b: Iron Hands\n|-damage|p1b: Iron Hands|60\/100\n|-damage|p2b: Arcanine-XVI|83\/100|[from] Recoil\n|move|p2a: Rillaboom|Wood Hammer|p1b: Iron Hands\n|-damage|p1b: Iron Hands|27\/100\n|-damage|p2a: Rillaboom|86\/100|[from] Recoil\n|move|p1b: Iron Hands|Drain Punch|p2b: Arcanine-XVI\n|-supereffective|p2b: Arcanine-XVI\n|-damage|p2b: Arcanine-XVI|12\/100\n|-heal|p1b: Iron Hands|53\/100|[from] drain|[of] p2b: Arcanine-XVI\n|\n|-heal|p2b: Arcanine-XVI|18\/100|[from] Grassy Terrain\n|-heal|p2a: Rillaboom|91\/100|[from] Grassy Terrain\n|-heal|p1b: Iron Hands|59\/100|[from] Grassy Terrain\n|upkeep\n|turn|3\n|j| National Unity\n|\n|t:|1701015116\n|switch|p2b: Valeripsilon|Flutter Mane, L50|100\/100\n|-enditem|p2b: Valeripsilon|Booster Energy\n|-activate|p2b: Valeripsilon|ability: Protosynthesis|[fromitem]\n|-start|p2b: Valeripsilon|protosynthesisspe\n|move|p1a: Landorus|Rock Slide|p2b: Valeripsilon|[spread] p2b\n|-miss|p1a: Landorus|p2a: Rillaboom\n|-damage|p2b: Valeripsilon|60\/100\n|move|p2a: Rillaboom|U-turn|p1b: Iron Hands\n|-resisted|p1b: Iron Hands\n|-damage|p1b: Iron Hands|53\/100\n|\n|t:|1701015125\n|switch|p2a: Arcanine-XVI|Arcanine-Hisui, L50, F|18\/100|[from] U-turn\n|-ability|p2a: Arcanine-XVI|Intimidate|boost\n|-unboost|p1a: Landorus|atk|1\n|-unboost|p1b: Iron Hands|atk|1\n|move|p1b: Iron Hands|Drain Punch|p2a: Arcanine-XVI\n|-supereffective|p2a: Arcanine-XVI\n|-damage|p2a: Arcanine-XVI|0 fnt\n|-heal|p1b: Iron Hands|59\/100|[from] drain|[of] p2a: Arcanine-XVI\n|faint|p2a: Arcanine-XVI\n|\n|-heal|p2b: Valeripsilon|66\/100|[from] Grassy Terrain\n|-heal|p1b: Iron Hands|65\/100|[from] Grassy Terrain\n|upkeep\n|\n|t:|1701015136\n|switch|p2a: Urshifu|Urshifu-Rapid-Strike, L50, M|100\/100\n|turn|4\n|\n|t:|1701015155\n|switch|p1a: Ogerpon|Ogerpon-Wellspring, L50, F|100\/100\n|-end|p1b: Iron Hands|Quark Drive|[silent]\n|switch|p1b: Gholdengo|Gholdengo, L50|100\/100\n|-terastallize|p2a: Urshifu|Water\n|move|p2b: Valeripsilon|Moonblast|p1a: Ogerpon\n|-damage|p1a: Ogerpon|60\/100\n|move|p2a: Urshifu|Surging Strikes|p1b: Gholdengo\n|-crit|p1b: Gholdengo\n|-damage|p1b: Gholdengo|71\/100\n|-crit|p1b: Gholdengo\n|-damage|p1b: Gholdengo|39\/100\n|-crit|p1b: Gholdengo\n|-damage|p1b: Gholdengo|10\/100\n|-hitcount|p1b: Gholdengo|3\n|\n|-heal|p2b: Valeripsilon|72\/100|[from] Grassy Terrain\n|-heal|p1a: Ogerpon|66\/100|[from] Grassy Terrain\n|-heal|p1b: Gholdengo|17\/100|[from] Grassy Terrain\n|-heal|p1b: Gholdengo|23\/100|[from] item: Leftovers\n|upkeep\n|turn|5\n|\n|t:|1701015204\n|switch|p2a: Rillaboom|Rillaboom, L50, M|91\/100\n|move|p1a: Ogerpon|Follow Me|p1a: Ogerpon\n|-singleturn|p1a: Ogerpon|move: Follow Me\n|move|p2b: Valeripsilon|Shadow Ball|p1a: Ogerpon\n|-damage|p1a: Ogerpon|32\/100\n|move|p1b: Gholdengo|Shadow Ball|p2b: Valeripsilon\n|-supereffective|p2b: Valeripsilon\n|-damage|p2b: Valeripsilon|0 fnt\n|faint|p2b: Valeripsilon\n|-end|p2b: Valeripsilon|Protosynthesis|[silent]\n|\n|-heal|p2a: Rillaboom|97\/100|[from] Grassy Terrain\n|-heal|p1a: Ogerpon|38\/100|[from] Grassy Terrain\n|-heal|p1b: Gholdengo|29\/100|[from] Grassy Terrain\n|-heal|p1b: Gholdengo|35\/100|[from] item: Leftovers\n|-fieldend|move: Grassy Terrain\n|upkeep\n|\n|t:|1701015213\n|switch|p2b: Urshifu|Urshifu-Rapid-Strike, L50, M, tera:Water|100\/100\n|turn|6\n|\n|t:|1701015230\n|move|p2a: Rillaboom|Fake Out|p1a: Ogerpon\n|-damage|p1a: Ogerpon|26\/100\n|move|p2b: Urshifu|Surging Strikes|p1b: Gholdengo\n|-crit|p1b: Gholdengo\n|-damage|p1b: Gholdengo|2\/100\n|-crit|p1b: Gholdengo\n|-damage|p1b: Gholdengo|0 fnt\n|faint|p1b: Gholdengo\n|-hitcount|p1: Gholdengo|2\n|cant|p1a: Ogerpon|flinch\n|\n|upkeep\n|\n|t:|1701015243\n|switch|p1b: Iron Hands|Iron Hands, L50|65\/100\n|turn|7\n|\n|t:|1701015252\n|move|p2b: Urshifu|Detect|p2b: Urshifu\n|-singleturn|p2b: Urshifu|Protect\n|move|p1b: Iron Hands|Fake Out|p2a: Rillaboom\n|-damage|p2a: Rillaboom|81\/100\n|cant|p2a: Rillaboom|flinch\n|move|p1a: Ogerpon|Horn Leech|p2b: Urshifu\n|-activate|p2b: Urshifu|move: Protect\n|\n|upkeep\n|turn|8\n|\n|t:|1701015284\n|move|p2b: Urshifu|Detect||[still]\n|-fail|p2b: Urshifu\n|move|p1a: Ogerpon|Follow Me|p1a: Ogerpon\n|-singleturn|p1a: Ogerpon|move: Follow Me\n|move|p2a: Rillaboom|Wood Hammer|p1a: Ogerpon\n|-damage|p1a: Ogerpon|0 fnt\n|faint|p1a: Ogerpon\n|-damage|p2a: Rillaboom|72\/100|[from] Recoil\n|move|p1b: Iron Hands|Drain Punch|p2b: Urshifu\n|-damage|p2b: Urshifu|57\/100\n|-heal|p1b: Iron Hands|81\/100|[from] drain|[of] p2b: Urshifu\n|\n|upkeep\n|\n|t:|1701015296\n|switch|p1a: Landorus|Landorus-Therian, L50, M|100\/100\n|-ability|p1a: Landorus|Intimidate|boost\n|-unboost|p2a: Rillaboom|atk|1\n|-unboost|p2b: Urshifu|atk|1\n|turn|9\n|c|\u2606FBISurveillanceMan|oh wow you dont have wild charge\n|c|\u2606FBISurveillanceMan|didnt even notice lol\n|c|\u2606MattC (Banned)|LMMAO\n|c|\u2606MattC (Banned)|huge brain\n|\n|t:|1701015357\n|-terastallize|p1a: Landorus|Flying\n|move|p1a: Landorus|Tera Blast|p2b: Urshifu|[anim] Tera Blast Flying\n|-damage|p2b: Urshifu|0 fnt\n|faint|p2b: Urshifu\n|move|p2a: Rillaboom|Wood Hammer|p1a: Landorus\n|-resisted|p1a: Landorus\n|-damage|p1a: Landorus|80\/100\n|-damage|p2a: Rillaboom|64\/100|[from] Recoil\n|move|p1b: Iron Hands|Drain Punch|p2a: Rillaboom\n|-damage|p2a: Rillaboom|22\/100\n|-heal|p1b: Iron Hands|98\/100|[from] drain|[of] p2a: Rillaboom\n|\n|upkeep\n|turn|10\n|c|\u2606FBISurveillanceMan|ggs\n|c|\u2606MattC (Banned)|gg\n|\n|t:|1701015371\n|move|p1a: Landorus|Tera Blast|p2a: Rillaboom|[anim] Tera Blast Flying\n|-supereffective|p2a: Rillaboom\n|-crit|p2a: Rillaboom\n|-damage|p2a: Rillaboom|0 fnt\n|faint|p2a: Rillaboom\n|\n|win|MattC (Banned)\n|n|\u2606MattC (Banned)|mattcbanned\n|n|\u2606FBISurveillanceMan|fbisurveillanceman\n|n| oompaboompa|oompaboompa\n|n| National Unity|nationalunity\n|l| oompaboompa\n|l| National Unity\n|l|\u2606FBISurveillanceMan\n","uploadtime":1701015748,"views":1,"p1id":"mattcbanned","p2id":"fbisurveillanceman","formatid":"gen9vgc2023regulatione","rating":0,"private":0,"password":""}