{"id":"gen9vgc2023regulatione-1989369058","p1":"ChocoHammy","p2":"averagerandbats","format":"[Gen 9] VGC 2023 Regulation E","log":"|j|\u2606ChocoHammy\n|j|\u2606averagerandbats\n|t:|1699841657\n|gametype|doubles\n|player|p1|ChocoHammy|102|1158\n|player|p2|averagerandbats|janitor|1081\n|teamsize|p1|6\n|teamsize|p2|6\n|gen|9\n|tier|[Gen 9] VGC 2023 Regulation E\n|rated|\n|rule|Species Clause: Limit one of each Pok\u00e9mon\n|rule|Item Clause: Limit one of each item\n|clearpoke\n|poke|p1|Wyrdeer, L50, F|\n|poke|p1|Empoleon, L50, M|\n|poke|p1|Kingambit, L50, M|\n|poke|p1|Ursaluna, L50, M|\n|poke|p1|Sinistcha, L50|\n|poke|p1|Arcanine-Hisui, L50, M|\n|poke|p2|Zapdos, L50|\n|poke|p2|Arcanine-Hisui, L50, M|\n|poke|p2|Urshifu-*, L50, M|\n|poke|p2|Rillaboom, L50, F|\n|poke|p2|Gholdengo, L50|\n|poke|p2|Ogerpon-Wellspring, L50, F|\n|teampreview|4\n|inactive|Battle timer is ON: inactive players will automatically lose when time's up. (requested by ChocoHammy)\n|inactive|ChocoHammy has 60 seconds left.\n|\n|t:|1699841690\n|start\n|switch|p1a: Wyrdeer|Wyrdeer, L50, F|100\/100\n|switch|p1b: Kingambit|Kingambit, L50, M|100\/100\n|switch|p2a: Zapdos|Zapdos, L50|100\/100\n|switch|p2b: Arcanine|Arcanine-Hisui, L50, M|100\/100\n|-ability|p2b: Arcanine|Intimidate|boost\n|-unboost|p1a: Wyrdeer|atk|1\n|-unboost|p1b: Kingambit|atk|1\n|-ability|p1b: Kingambit|Defiant|boost\n|-boost|p1b: Kingambit|atk|2\n|-ability|p1a: Wyrdeer|Intimidate|boost\n|-unboost|p2a: Zapdos|atk|1\n|-unboost|p2b: Arcanine|atk|1\n|turn|1\n|inactive|ChocoHammy has 30 seconds left.\n|inactive|averagerandbats has 30 seconds left.\n|inactive|ChocoHammy has 20 seconds left.\n|inactive|ChocoHammy has 15 seconds left.\n|inactive|ChocoHammy has 10 seconds left.\n|\n|t:|1699841739\n|switch|p1b: Ursaluna|Ursaluna, L50, M|100\/100\n|move|p2b: Arcanine|Flare Blitz|p1b: Ursaluna\n|-damage|p1b: Ursaluna|59\/100\n|-damage|p2b: Arcanine|84\/100|[from] Recoil\n|move|p2a: Zapdos|Thunderbolt|p1a: Wyrdeer\n|-damage|p1a: Wyrdeer|73\/100\n|move|p1a: Wyrdeer|Trick Room|p1a: Wyrdeer\n|-fieldstart|move: Trick Room|[of] p1a: Wyrdeer\n|\n|-status|p1b: Ursaluna|brn|[from] item: Flame Orb\n|upkeep\n|turn|2\n|inactive|ChocoHammy has 30 seconds left.\n|inactive|ChocoHammy has 20 seconds left.\n|inactive|ChocoHammy has 15 seconds left.\n|\n|t:|1699841781\n|switch|p1a: Sinistcha|Sinistcha, L50|100\/100\n|-heal|p1b: Ursaluna|84\/100 brn|[from] ability: Hospitality|[of] p1a: Sinistcha\n|switch|p2b: Ogerpon|Ogerpon-Wellspring, L50, F|100\/100\n|-terastallize|p2a: Zapdos|Ghost\n|move|p1b: Ursaluna|Facade|p2a: Zapdos\n|-immune|p2a: Zapdos\n|move|p2a: Zapdos|Hurricane|p1b: Ursaluna\n|-crit|p1b: Ursaluna\n|-damage|p1b: Ursaluna|19\/100 brn\n|\n|-damage|p1b: Ursaluna|13\/100 brn|[from] brn\n|upkeep\n|turn|3\n|\n|t:|1699841806\n|move|p2b: Ogerpon|Spiky Shield|p2b: Ogerpon\n|-singleturn|p2b: Ogerpon|move: Protect\n|move|p1b: Ursaluna|Facade|p2b: Ogerpon\n|-activate|p2b: Ogerpon|move: Protect\n|-damage|p1b: Ursaluna|0 fnt|[from] Spiky Shield|[of] p2b: Ogerpon\n|faint|p1b: Ursaluna\n|move|p1a: Sinistcha|Matcha Gotcha|p2a: Zapdos|[spread] p2a\n|-activate|p2b: Ogerpon|move: Protect\n|-damage|p2a: Zapdos|66\/100\n|move|p2a: Zapdos|Hurricane|p1a: Sinistcha|[miss]\n|-miss|p2a: Zapdos|p1a: Sinistcha\n|\n|upkeep\n|\n|t:|1699841814\n|switch|p1b: Kingambit|Kingambit, L50, M|100\/100\n|turn|4\n|\n|t:|1699841824\n|switch|p1a: Wyrdeer|Wyrdeer, L50, F|73\/100\n|-ability|p1a: Wyrdeer|Intimidate|boost\n|-unboost|p2a: Zapdos|atk|1\n|-unboost|p2b: Ogerpon|atk|1\n|move|p2b: Ogerpon|Follow Me|p2b: Ogerpon\n|-singleturn|p2b: Ogerpon|move: Follow Me\n|move|p1b: Kingambit|Swords Dance|p1b: Kingambit\n|-boost|p1b: Kingambit|atk|2\n|move|p2a: Zapdos|Rain Dance|p2a: Zapdos\n|-weather|RainDance\n|\n|-weather|RainDance|[upkeep]\n|upkeep\n|turn|5\n|inactive|ChocoHammy has 30 seconds left.\n|\n|t:|1699841859\n|switch|p2a: Urshifu|Urshifu-Rapid-Strike, L50, M|100\/100\n|move|p2b: Ogerpon|Spiky Shield|p2b: Ogerpon\n|-singleturn|p2b: Ogerpon|move: Protect\n|move|p1a: Wyrdeer|Skill Swap|p2a: Urshifu\n|-activate|p1a: Wyrdeer|move: Skill Swap|Unseen Fist|Intimidate|[of] p2a: Urshifu\n|-ability|p2a: Urshifu|Intimidate|boost\n|-unboost|p1a: Wyrdeer|atk|1\n|-unboost|p1b: Kingambit|atk|1\n|-ability|p1b: Kingambit|Defiant|boost\n|-boost|p1b: Kingambit|atk|2\n|move|p1b: Kingambit|Kowtow Cleave|p2a: Urshifu\n|-resisted|p2a: Urshifu\n|-damage|p2a: Urshifu|26\/100\n|\n|-weather|RainDance|[upkeep]\n|-fieldend|move: Trick Room\n|upkeep\n|turn|6\n|inactive|averagerandbats has 30 seconds left.\n|inactive|averagerandbats has 20 seconds left.\n|inactive|averagerandbats has 15 seconds left.\n|inactive|averagerandbats has 10 seconds left.\n|inactive|ChocoHammy has 30 seconds left.\n|inactive|ChocoHammy has 20 seconds left.\n|\n|t:|1699841919\n|switch|p2a: Zapdos|Zapdos, L50, tera:Ghost|66\/100\n|move|p1b: Kingambit|Sucker Punch||[still]\n|-fail|p1b: Kingambit\n|move|p2b: Ogerpon|Ivy Cudgel|p1b: Kingambit\n|-damage|p1b: Kingambit|56\/100\n|move|p1a: Wyrdeer|Trick Room|p1a: Wyrdeer\n|-fieldstart|move: Trick Room|[of] p1a: Wyrdeer\n|\n|-weather|RainDance|[upkeep]\n|upkeep\n|turn|7\n|\n|t:|1699841940\n|switch|p1a: Sinistcha|Sinistcha, L50|100\/100\n|-heal|p1b: Kingambit|80\/100|[from] ability: Hospitality|[of] p1a: Sinistcha\n|move|p1b: Kingambit|Kowtow Cleave|p2a: Zapdos\n|-supereffective|p2a: Zapdos\n|-damage|p2a: Zapdos|0 fnt\n|-damage|p1b: Kingambit|64\/100|[from] item: Rocky Helmet|[of] p2a: Zapdos\n|faint|p2a: Zapdos\n|move|p2b: Ogerpon|Ivy Cudgel|p1b: Kingambit\n|-crit|p1b: Kingambit\n|-damage|p1b: Kingambit|0 fnt\n|faint|p1b: Kingambit\n|\n|-weather|RainDance|[upkeep]\n|upkeep\n|\n|t:|1699841958\n|switch|p1b: Wyrdeer|Wyrdeer, L50, F|73\/100\n|switch|p2a: Arcanine|Arcanine-Hisui, L50, M|84\/100\n|-ability|p1b: Wyrdeer|Intimidate|boost\n|-unboost|p2a: Arcanine|atk|1\n|-unboost|p2b: Ogerpon|atk|1\n|-ability|p2a: Arcanine|Intimidate|boost\n|-unboost|p1a: Sinistcha|atk|1\n|-unboost|p1b: Wyrdeer|atk|1\n|turn|8\n|inactive|averagerandbats has 30 seconds left.\n|\n|t:|1699841987\n|switch|p2b: Urshifu|Urshifu-Rapid-Strike, L50, M|26\/100\n|move|p1b: Wyrdeer|Helping Hand|p1a: Sinistcha\n|-singleturn|p1a: Sinistcha|Helping Hand|[of] p1b: Wyrdeer\n|move|p1a: Sinistcha|Matcha Gotcha|p2a: Arcanine|[spread] p2b\n|-miss|p1a: Sinistcha|p2a: Arcanine\n|-supereffective|p2b: Urshifu\n|-damage|p2b: Urshifu|0 fnt\n|faint|p2b: Urshifu\n|move|p2a: Arcanine|Flare Blitz|p1a: Sinistcha\n|-supereffective|p1a: Sinistcha\n|-damage|p1a: Sinistcha|50\/100\n|-enditem|p1a: Sinistcha|Sitrus Berry|[eat]\n|-heal|p1a: Sinistcha|75\/100|[from] item: Sitrus Berry\n|-damage|p2a: Arcanine|68\/100|[from] Recoil\n|\n|-weather|none\n|upkeep\n|\n|t:|1699842002\n|switch|p2b: Ogerpon|Ogerpon-Wellspring, L50, F|100\/100\n|turn|9\n|\n|t:|1699842017\n|-terastallize|p1a: Sinistcha|Fire\n|move|p1b: Wyrdeer|Helping Hand|p1a: Sinistcha\n|-singleturn|p1a: Sinistcha|Helping Hand|[of] p1b: Wyrdeer\n|move|p1a: Sinistcha|Matcha Gotcha|p2b: Ogerpon|[spread] p2a,p2b\n|-damage|p2a: Arcanine|13\/100\n|-heal|p1a: Sinistcha|100\/100|[from] drain|[of] p2a: Arcanine\n|-damage|p2b: Ogerpon|57\/100\n|-status|p2b: Ogerpon|brn\n|move|p2a: Arcanine|Flare Blitz|p1a: Sinistcha\n|-resisted|p1a: Sinistcha\n|-crit|p1a: Sinistcha\n|-damage|p1a: Sinistcha|43\/100\n|-damage|p2a: Arcanine|0 fnt|[from] Recoil\n|faint|p2a: Arcanine\n|move|p2b: Ogerpon|Ivy Cudgel|p1b: Wyrdeer\n|-damage|p1b: Wyrdeer|41\/100\n|\n|-damage|p2b: Ogerpon|51\/100 brn|[from] brn\n|upkeep\n|turn|10\n|inactive|ChocoHammy has 30 seconds left.\n|\n|t:|1699842042\n|move|p1b: Wyrdeer|Helping Hand|p1a: Sinistcha\n|-singleturn|p1a: Sinistcha|Helping Hand|[of] p1b: Wyrdeer\n|move|p2b: Ogerpon|Spiky Shield|p2b: Ogerpon\n|-singleturn|p2b: Ogerpon|move: Protect\n|move|p1a: Sinistcha|Matcha Gotcha|p2b: Ogerpon\n|-activate|p2b: Ogerpon|move: Protect\n|\n|-damage|p2b: Ogerpon|45\/100 brn|[from] brn\n|-fieldend|move: Trick Room\n|upkeep\n|turn|11\n|\n|t:|1699842054\n|move|p1b: Wyrdeer|Helping Hand|p1a: Sinistcha\n|-singleturn|p1a: Sinistcha|Helping Hand|[of] p1b: Wyrdeer\n|move|p2b: Ogerpon|Ivy Cudgel|p1a: Sinistcha\n|-supereffective|p1a: Sinistcha\n|-damage|p1a: Sinistcha|0 fnt\n|faint|p1a: Sinistcha\n|\n|-damage|p2b: Ogerpon|40\/100 brn|[from] brn\n|upkeep\n|turn|12\n|-message|ChocoHammy forfeited.\n|\n|win|averagerandbats\n|raw|ChocoHammy's rating: 1158 &rarr; <strong>1128<\/strong><br \/>(-30 for losing)\n|raw|averagerandbats's rating: 1081 &rarr; <strong>1115<\/strong><br \/>(+34 for winning)\n|l|\u2606ChocoHammy\n","uploadtime":1699842068,"views":11,"p1id":"chocohammy","p2id":"averagerandbats","formatid":"gen9vgc2023regulatione","rating":1115,"private":0,"password":""}