{"id":"gen9vgc2023regulatione-2000053135","p1":"F3EF0O","p2":"krlxjms","format":"[Gen 9] VGC 2023 Regulation E","log":"|j|\u2606F3EF0O\n|j|\u2606krlxjms\n|t:|1701146628\n|gametype|doubles\n|player|p1|F3EF0O|2|1101\n|player|p2|krlxjms|ethan|1049\n|teamsize|p1|6\n|teamsize|p2|6\n|gen|9\n|tier|[Gen 9] VGC 2023 Regulation E\n|rated|\n|rule|Species Clause: Limit one of each Pok\u00e9mon\n|rule|Item Clause: Limit one of each item\n|clearpoke\n|poke|p1|Iron Bundle, L50|\n|poke|p1|Ninetales-Alola, L50, M|\n|poke|p1|Dachsbun, L50, F|\n|poke|p1|Chi-Yu, L50|\n|poke|p1|Heatran, L50, F|\n|poke|p1|Rillaboom, L50, M|\n|poke|p2|Urshifu-*, L50, M|\n|poke|p2|Tornadus, L50, M|\n|poke|p2|Flutter Mane, L50|\n|poke|p2|Roaring Moon, L50|\n|poke|p2|Rillaboom, L50, M|\n|poke|p2|Arcanine-Hisui, L50, F|\n|teampreview|4\n|inactive|Battle timer is ON: inactive players will automatically lose when time's up. (requested by F3EF0O)\n|c|\u2606F3EF0O|glhf\n|\n|t:|1701146649\n|start\n|switch|p1a: Duck|Iron Bundle, L50|100\/100\n|switch|p1b: Dachsbun Hater|Ninetales-Alola, L50, M|100\/100\n|switch|p2a: Urshifu|Urshifu-Rapid-Strike, L50, M|100\/100\n|switch|p2b: Roaring Moon|Roaring Moon, L50|100\/100\n|-weather|Snow|[from] ability: Snow Warning|[of] p1b: Dachsbun Hater\n|-enditem|p1a: Duck|Booster Energy\n|-activate|p1a: Duck|ability: Quark Drive|[fromitem]\n|-start|p1a: Duck|quarkdrivespe\n|-enditem|p2b: Roaring Moon|Booster Energy\n|-activate|p2b: Roaring Moon|ability: Protosynthesis|[fromitem]\n|-start|p2b: Roaring Moon|protosynthesisatk\n|turn|1\n|c|\u2606F3EF0O|im hoping for tornadus start\n|c|\u2606F3EF0O|i wasnt right :I\n|\n|t:|1701146668\n|-end|p2b: Roaring Moon|Protosynthesis|[silent]\n|switch|p2b: Arcanine|Arcanine-Hisui, L50, F|100\/100\n|-ability|p2b: Arcanine|Intimidate|boost\n|-unboost|p1a: Duck|atk|1\n|-unboost|p1b: Dachsbun Hater|atk|1\n|move|p1a: Duck|Icy Wind|p2b: Arcanine|[spread] p2a,p2b\n|-resisted|p2a: Urshifu\n|-resisted|p2b: Arcanine\n|-damage|p2a: Urshifu|85\/100\n|-damage|p2b: Arcanine|88\/100\n|-unboost|p2a: Urshifu|spe|1\n|-unboost|p2b: Arcanine|spe|1\n|move|p1b: Dachsbun Hater|Blizzard|p2a: Urshifu|[spread] p2a,p2b\n|-resisted|p2a: Urshifu\n|-resisted|p2b: Arcanine\n|-damage|p2a: Urshifu|66\/100\n|-damage|p2b: Arcanine|73\/100\n|move|p2a: Urshifu|Drain Punch|p1a: Duck\n|-supereffective|p1a: Duck\n|-damage|p1a: Duck|22\/100\n|-heal|p2a: Urshifu|96\/100|[from] drain|[of] p1a: Duck\n|-damage|p2a: Urshifu|86\/100|[from] item: Life Orb\n|\n|-weather|Snow|[upkeep]\n|upkeep\n|turn|2\n|inactive|krlxjms has 30 seconds left.\n|\n|t:|1701146694\n|-terastallize|p2b: Arcanine|Normal\n|move|p1a: Duck|Protect|p1a: Duck\n|-singleturn|p1a: Duck|Protect\n|move|p2b: Arcanine|Extreme Speed|p1a: Duck\n|-activate|p1a: Duck|move: Protect\n|move|p2a: Urshifu|Aqua Jet|p1b: Dachsbun Hater\n|-damage|p1b: Dachsbun Hater|80\/100\n|-damage|p2a: Urshifu|76\/100|[from] item: Life Orb\n|move|p1b: Dachsbun Hater|Aurora Veil|p1b: Dachsbun Hater\n|-sidestart|p1: F3EF0O|move: Aurora Veil\n|\n|-weather|Snow|[upkeep]\n|upkeep\n|turn|3\n|inactive|F3EF0O has 30 seconds left.\n|\n|t:|1701146720\n|-terastallize|p1a: Duck|Ghost\n|move|p2b: Arcanine|Extreme Speed|p1b: Dachsbun Hater\n|-damage|p1b: Dachsbun Hater|52\/100\n|move|p1a: Duck|Blizzard|p2b: Arcanine|[spread] p2a,p2b\n|-resisted|p2a: Urshifu\n|-damage|p2a: Urshifu|46\/100\n|-damage|p2b: Arcanine|22\/100\n|move|p1b: Dachsbun Hater|Blizzard|p2b: Arcanine|[spread] p2a,p2b\n|-resisted|p2a: Urshifu\n|-damage|p2a: Urshifu|26\/100\n|-damage|p2b: Arcanine|0 fnt\n|faint|p2b: Arcanine\n|move|p2a: Urshifu|Drain Punch|p1a: Duck\n|-immune|p1a: Duck\n|\n|-weather|Snow|[upkeep]\n|upkeep\n|c|\u2606F3EF0O|welp\n|c|\u2606F3EF0O|huh\n|\n|t:|1701146729\n|switch|p2b: Flutter Mane|Flutter Mane, L50|100\/100\n|turn|4\n|c|\u2606F3EF0O|oh\n|c|\u2606F3EF0O|that still worked\n|\n|t:|1701146744\n|move|p2b: Flutter Mane|Helping Hand|p2a: Urshifu\n|-singleturn|p2a: Urshifu|Helping Hand|[of] p2b: Flutter Mane\n|move|p2a: Urshifu|Aqua Jet|p1a: Duck\n|-damage|p1a: Duck|0 fnt\n|faint|p1a: Duck\n|-end|p1a: Duck|Quark Drive|[silent]\n|-damage|p2a: Urshifu|16\/100|[from] item: Life Orb\n|move|p1b: Dachsbun Hater|Blizzard|p2a: Urshifu|[spread] p2a,p2b\n|-resisted|p2a: Urshifu\n|-crit|p2a: Urshifu\n|-damage|p2a: Urshifu|0 fnt\n|-damage|p2b: Flutter Mane|74\/100\n|faint|p2a: Urshifu\n|\n|-weather|Snow|[upkeep]\n|upkeep\n|\n|t:|1701146756\n|switch|p1a: Dog Walker|Heatran, L50, F|100\/100\n|switch|p2a: Roaring Moon|Roaring Moon, L50|100\/100\n|turn|5\n|\n|t:|1701146773\n|move|p2b: Flutter Mane|Confuse Ray|p1a: Dog Walker\n|-start|p1a: Dog Walker|confusion\n|move|p1b: Dachsbun Hater|Moonblast|p2a: Roaring Moon\n|-supereffective|p2a: Roaring Moon\n|-damage|p2a: Roaring Moon|0 fnt\n|faint|p2a: Roaring Moon\n|-end|p2a: Roaring Moon|Protosynthesis|[silent]\n|-activate|p1a: Dog Walker|confusion\n|move|p1a: Dog Walker|Flash Cannon|p2b: Flutter Mane\n|-supereffective|p2b: Flutter Mane\n|-damage|p2b: Flutter Mane|0 fnt\n|faint|p2b: Flutter Mane\n|-end|p2b: Flutter Mane|Protosynthesis|[silent]\n|-damage|p1a: Dog Walker|91\/100|[from] item: Life Orb\n|\n|win|F3EF0O\n|raw|F3EF0O's rating: 1101 &rarr; <strong>1122<\/strong><br \/>(+21 for winning)\n|raw|krlxjms's rating: 1049 &rarr; <strong>1034<\/strong><br \/>(-15 for losing)\n|c|\u2606F3EF0O|i won\n|c|\u2606F3EF0O|:>\n","uploadtime":1701146783,"views":2,"p1id":"f3ef0o","p2id":"krlxjms","formatid":"gen9vgc2023regulatione","rating":1034,"private":0,"password":""}