{"id":"gen9vgc2023regulatione-1997468133","p1":"minosakelu","p2":"casper6_14","format":"[Gen 9] VGC 2023 Regulation E","log":"|j|\u2606minosakelu\n|j|\u2606casper6_14\n|t:|1700810623\n|gametype|doubles\n|player|p1|minosakelu|265|1066\n|player|p2|casper6_14|101|1030\n|teamsize|p1|6\n|teamsize|p2|6\n|gen|9\n|tier|[Gen 9] VGC 2023 Regulation E\n|rated|\n|rule|Species Clause: Limit one of each Pok\u00e9mon\n|rule|Item Clause: Limit one of each item\n|clearpoke\n|poke|p1|Ogerpon-Cornerstone, L50, F|\n|poke|p1|Sinistcha-Masterpiece, L50|\n|poke|p1|Iron Bundle, L50|\n|poke|p1|Landorus-Therian, L50, M|\n|poke|p1|Tornadus, L50, M|\n|poke|p1|Goodra-Hisui, L50, F|\n|poke|p2|Quagsire, L50, M|\n|poke|p2|Wo-Chien, L50|\n|poke|p2|Iron Hands, L50|\n|poke|p2|Rillaboom, L50, F|\n|poke|p2|Sableye, L50, F|\n|poke|p2|Spectrier, L50|\n|teampreview|4\n|\n|t:|1700810680\n|start\n|switch|p1a: Iron Bundle|Iron Bundle, L50|100\/100\n|switch|p1b: Goodra|Goodra-Hisui, L50, F|100\/100\n|switch|p2a: Quagsire|Quagsire, L50, M|100\/100\n|switch|p2b: Wo-Chien|Wo-Chien, L50|100\/100\n|-ability|p2b: Wo-Chien|Tablets of Ruin\n|-enditem|p1a: Iron Bundle|Booster Energy\n|-activate|p1a: Iron Bundle|ability: Quark Drive|[fromitem]\n|-start|p1a: Iron Bundle|quarkdrivespe\n|turn|1\n|\n|t:|1700810711\n|-terastallize|p2b: Wo-Chien|Fire\n|move|p1a: Iron Bundle|Icy Wind|p2a: Quagsire|[spread] p2a,p2b\n|-resisted|p2b: Wo-Chien\n|-damage|p2a: Quagsire|83\/100\n|-damage|p2b: Wo-Chien|94\/100\n|-unboost|p2a: Quagsire|spe|1\n|-unboost|p2b: Wo-Chien|spe|1\n|move|p1b: Goodra|Acid Armor|p1b: Goodra\n|-boost|p1b: Goodra|def|2\n|move|p2b: Wo-Chien|Leech Seed|p1b: Goodra\n|-start|p1b: Goodra|move: Leech Seed\n|move|p2a: Quagsire|Stealth Rock|p1a: Iron Bundle\n|-sidestart|p1: minosakelu|move: Stealth Rock\n|\n|-damage|p1b: Goodra|88\/100|[from] Leech Seed|[of] p2b: Wo-Chien\n|-heal|p2b: Wo-Chien|100\/100|[silent]\n|upkeep\n|turn|2\n|\n|t:|1700810745\n|-end|p1a: Iron Bundle|Quark Drive|[silent]\n|switch|p1a: Tornadus|Tornadus, L50, M|100\/100\n|-damage|p1a: Tornadus|76\/100|[from] Stealth Rock\n|move|p1b: Goodra|Acid Armor|p1b: Goodra\n|-boost|p1b: Goodra|def|2\n|move|p2b: Wo-Chien|Ingrain|p2b: Wo-Chien\n|-start|p2b: Wo-Chien|move: Ingrain\n|move|p2a: Quagsire|Spikes|p1b: Goodra\n|-sidestart|p1: minosakelu|Spikes\n|\n|-heal|p1b: Goodra|94\/100|[from] item: Leftovers\n|-damage|p1b: Goodra|82\/100|[from] Leech Seed|[of] p2b: Wo-Chien\n|upkeep\n|turn|3\n|\n|t:|1700810765\n|move|p1a: Tornadus|Bleakwind Storm|p2a: Quagsire|[spread] p2a,p2b\n|-damage|p2a: Quagsire|56\/100\n|-damage|p2b: Wo-Chien|83\/100\n|-unboost|p2a: Quagsire|spe|1\n|-unboost|p2b: Wo-Chien|spe|1\n|move|p1b: Goodra|Body Press|p2a: Quagsire\n|-damage|p2a: Quagsire|40\/100\n|-enditem|p2a: Quagsire|Sitrus Berry|[eat]\n|-heal|p2a: Quagsire|64\/100|[from] item: Sitrus Berry\n|move|p2b: Wo-Chien|Leech Seed|p1a: Tornadus\n|-start|p1a: Tornadus|move: Leech Seed\n|move|p2a: Quagsire|Toxic Spikes|p1a: Tornadus\n|-sidestart|p1: minosakelu|move: Toxic Spikes\n|\n|-heal|p1b: Goodra|88\/100|[from] item: Leftovers\n|-heal|p2b: Wo-Chien|91\/100|[from] Ingrain\n|-damage|p1a: Tornadus|63\/100|[from] Leech Seed|[of] p2b: Wo-Chien\n|-heal|p2b: Wo-Chien|100\/100|[silent]\n|-damage|p1b: Goodra|75\/100|[from] Leech Seed|[of] p2b: Wo-Chien\n|upkeep\n|turn|4\n|\n|t:|1700810786\n|switch|p2a: Iron Hands|Iron Hands, L50|100\/100\n|move|p1a: Tornadus|Bleakwind Storm|p2b: Wo-Chien|[spread] \n|-miss|p1a: Tornadus|p2a: Iron Hands\n|-miss|p1a: Tornadus|p2b: Wo-Chien\n|move|p1b: Goodra|Body Press|p2b: Wo-Chien\n|-damage|p2b: Wo-Chien|53\/100\n|move|p2b: Wo-Chien|Giga Drain|p1a: Tornadus\n|-resisted|p1a: Tornadus\n|-damage|p1a: Tornadus|54\/100\n|-heal|p2b: Wo-Chien|59\/100|[from] drain|[of] p1a: Tornadus\n|\n|-heal|p1b: Goodra|82\/100|[from] item: Leftovers\n|-heal|p2b: Wo-Chien|67\/100|[from] Ingrain\n|-damage|p1a: Tornadus|42\/100|[from] Leech Seed|[of] p2b: Wo-Chien\n|-heal|p2b: Wo-Chien|83\/100|[silent]\n|-damage|p1b: Goodra|69\/100|[from] Leech Seed|[of] p2b: Wo-Chien\n|-heal|p2b: Wo-Chien|98\/100|[silent]\n|upkeep\n|turn|5\n|-message|minosakelu forfeited.\n|\n|win|casper6_14\n|raw|minosakelu's rating: 1066 &rarr; <strong>1044<\/strong><br \/>(-22 for losing)\n|raw|casper6_14's rating: 1030 &rarr; <strong>1069<\/strong><br \/>(+39 for winning)\n|l|\u2606minosakelu\n","uploadtime":1700810809,"views":6,"p1id":"minosakelu","p2id":"casper614","formatid":"gen9vgc2023regulatione","rating":1044,"private":0,"password":""}