{"id":"gen9vgc2023regulatione-1994112178","p1":"mrmissouri25","p2":"Matt902","format":"[Gen 9] VGC 2023 Regulation E","log":"|j|\u2606mrmissouri25\n|j|\u2606Matt902\n|t:|1700408290\n|gametype|doubles\n|player|p1|mrmissouri25|2|1102\n|player|p2|Matt902|169|1094\n|teamsize|p1|6\n|teamsize|p2|6\n|gen|9\n|tier|[Gen 9] VGC 2023 Regulation E\n|rated|\n|rule|Species Clause: Limit one of each Pok\u00e9mon\n|rule|Item Clause: Limit one of each item\n|clearpoke\n|poke|p1|Slowking, L50, M|\n|poke|p1|Mudsdale, L50, M|\n|poke|p1|Roaring Moon, L50|\n|poke|p1|Iron Hands, L50|\n|poke|p1|Ninetales-Alola, L50, F|\n|poke|p1|Ogerpon-Hearthflame, L50, F|\n|poke|p2|Ninetales-Alola, L50, M|\n|poke|p2|Volcarona, L50, F|\n|poke|p2|Urshifu-*, L50, F|\n|poke|p2|Sinistcha-Masterpiece, L50|\n|poke|p2|Kleavor, L50, F|\n|poke|p2|Moltres-Galar, L50|\n|teampreview|4\n|inactive|Battle timer is ON: inactive players will automatically lose when time's up. (requested by mrmissouri25)\n|inactive|mrmissouri25 has 60 seconds left.\n|\n|t:|1700408335\n|start\n|switch|p1a: Roaring Moon|Roaring Moon, L50|100\/100\n|switch|p1b: Ninetales|Ninetales-Alola, L50, F|100\/100\n|switch|p2a: Ninetales|Ninetales-Alola, L50, M|100\/100\n|switch|p2b: Kleavor|Kleavor, L50, F|100\/100\n|-weather|Snow|[from] ability: Snow Warning|[of] p2a: Ninetales\n|-enditem|p1a: Roaring Moon|Booster Energy\n|-activate|p1a: Roaring Moon|ability: Protosynthesis|[fromitem]\n|-start|p1a: Roaring Moon|protosynthesisatk\n|turn|1\n|\n|t:|1700408358\n|-terastallize|p1a: Roaring Moon|Poison\n|move|p2a: Ninetales|Aurora Veil|p2a: Ninetales\n|-sidestart|p2: Matt902|move: Aurora Veil\n|move|p1b: Ninetales|Aurora Veil|p1b: Ninetales\n|-sidestart|p1: mrmissouri25|move: Aurora Veil\n|move|p1a: Roaring Moon|Knock Off|p2b: Kleavor\n|-damage|p2b: Kleavor|48\/100\n|-enditem|p2b: Kleavor|Assault Vest|[from] move: Knock Off|[of] p1a: Roaring Moon\n|move|p2b: Kleavor|Stone Axe|p1a: Roaring Moon\n|-damage|p1a: Roaring Moon|56\/100\n|-sidestart|p1: mrmissouri25|move: Stealth Rock\n|\n|-weather|Snow|[upkeep]\n|upkeep\n|turn|2\n|inactive|Matt902 has 30 seconds left.\n|inactive|Matt902 has 20 seconds left.\n|\n|t:|1700408393\n|move|p1b: Ninetales|Blizzard|p2a: Ninetales|[spread] p2a,p2b\n|-resisted|p2a: Ninetales\n|-damage|p2a: Ninetales|88\/100\n|-damage|p2b: Kleavor|18\/100\n|-status|p2b: Kleavor|frz\n|move|p2a: Ninetales|Blizzard|p1a: Roaring Moon|[spread] p1a,p1b\n|-resisted|p1b: Ninetales\n|-damage|p1a: Roaring Moon|37\/100\n|-damage|p1b: Ninetales|87\/100\n|move|p1a: Roaring Moon|Dragon Dance|p1a: Roaring Moon\n|-boost|p1a: Roaring Moon|atk|1\n|-boost|p1a: Roaring Moon|spe|1\n|cant|p2b: Kleavor|frz\n|\n|-weather|Snow|[upkeep]\n|upkeep\n|turn|3\n|inactive|mrmissouri25 has 30 seconds left.\n|\n|t:|1700408425\n|move|p1a: Roaring Moon|Acrobatics|p2a: Ninetales\n|-damage|p2a: Ninetales|29\/100\n|move|p2a: Ninetales|Blizzard|p1a: Roaring Moon|[spread] p1a,p1b\n|-crit|p1a: Roaring Moon\n|-resisted|p1b: Ninetales\n|-damage|p1a: Roaring Moon|0 fnt\n|-damage|p1b: Ninetales|75\/100\n|faint|p1a: Roaring Moon\n|-end|p1a: Roaring Moon|Protosynthesis|[silent]\n|move|p1b: Ninetales|Freeze-Dry|p2b: Kleavor\n|-damage|p2b: Kleavor|0 fnt\n|faint|p2b: Kleavor\n|\n|-weather|Snow|[upkeep]\n|upkeep\n|\n|t:|1700408443\n|switch|p1a: Ogerpon|Ogerpon-Hearthflame, L50, F|100\/100\n|switch|p2b: Moltres|Moltres-Galar, L50|100\/100\n|-damage|p1a: Ogerpon|75\/100|[from] Stealth Rock\n|-ability|p1a: Ogerpon|Mold Breaker\n|turn|4\n|\n|t:|1700408461\n|-terastallize|p2b: Moltres|Dark\n|move|p1a: Ogerpon|Swords Dance|p1a: Ogerpon\n|-boost|p1a: Ogerpon|atk|2\n|move|p1b: Ninetales|Blizzard|p2a: Ninetales|[spread] p2a,p2b\n|-resisted|p2a: Ninetales\n|-damage|p2a: Ninetales|17\/100\n|-damage|p2b: Moltres|84\/100\n|move|p2a: Ninetales|Blizzard|p1b: Ninetales|[spread] p1a,p1b\n|-resisted|p1b: Ninetales\n|-damage|p1a: Ogerpon|49\/100\n|-damage|p1b: Ninetales|62\/100\n|move|p2b: Moltres|Nasty Plot|p2b: Moltres\n|-boost|p2b: Moltres|spa|2\n|\n|-weather|Snow|[upkeep]\n|upkeep\n|turn|5\n|\n|t:|1700408484\n|move|p2b: Moltres|Protect|p2b: Moltres\n|-singleturn|p2b: Moltres|Protect\n|move|p1a: Ogerpon|Horn Leech|p2b: Moltres\n|-activate|p2b: Moltres|move: Protect\n|move|p2a: Ninetales|Blizzard|p1b: Ninetales|[spread] p1a,p1b\n|-resisted|p1b: Ninetales\n|-damage|p1a: Ogerpon|26\/100\n|-damage|p1b: Ninetales|49\/100\n|move|p1b: Ninetales|Freeze-Dry|p2b: Moltres\n|-activate|p2b: Moltres|move: Protect\n|\n|-weather|none\n|-sideend|p2: Matt902|move: Aurora Veil\n|upkeep\n|turn|6\n|\n|t:|1700408509\n|switch|p2a: Sinistcha|Sinistcha-Masterpiece, L50|100\/100\n|-heal|p2b: Moltres|100\/100|[from] ability: Hospitality|[of] p2a: Sinistcha\n|move|p1a: Ogerpon|Ivy Cudgel|p2b: Moltres|[anim] Ivy Cudgel Fire\n|-damage|p2b: Moltres|0 fnt\n|faint|p2b: Moltres\n|move|p1b: Ninetales|Freeze-Dry|p2a: Sinistcha\n|-supereffective|p2a: Sinistcha\n|-damage|p2a: Sinistcha|40\/100\n|\n|upkeep\n|\n|t:|1700408519\n|switch|p2b: Ninetales|Ninetales-Alola, L50, M|17\/100\n|-weather|Snow|[from] ability: Snow Warning|[of] p2b: Ninetales\n|turn|7\n|\n|t:|1700408534\n|move|p1a: Ogerpon|Protect|p1a: Ogerpon\n|-singleturn|p1a: Ogerpon|Protect\n|move|p1b: Ninetales|Aurora Veil||[still]\n|-fail|p1b: Ninetales\n|move|p2b: Ninetales|Blizzard|p1a: Ogerpon|[spread] p1b\n|-activate|p1a: Ogerpon|move: Protect\n|-resisted|p1b: Ninetales\n|-damage|p1b: Ninetales|37\/100\n|move|p2a: Sinistcha|Strength Sap|p1a: Ogerpon\n|-activate|p1a: Ogerpon|move: Protect\n|\n|-weather|Snow|[upkeep]\n|upkeep\n|turn|8\n|\n|t:|1700408555\n|move|p2b: Ninetales|Protect|p2b: Ninetales\n|-singleturn|p2b: Ninetales|Protect\n|move|p1a: Ogerpon|Ivy Cudgel|p2b: Ninetales|[anim] Ivy Cudgel Fire\n|-activate|p2b: Ninetales|move: Protect\n|move|p1b: Ninetales|Freeze-Dry|p2a: Sinistcha\n|-supereffective|p2a: Sinistcha\n|-damage|p2a: Sinistcha|0 fnt\n|faint|p2a: Sinistcha\n|\n|-weather|Snow|[upkeep]\n|-sideend|p1: mrmissouri25|move: Aurora Veil\n|upkeep\n|turn|9\n|-message|Matt902 forfeited.\n|\n|win|mrmissouri25\n|raw|mrmissouri25's rating: 1102 &rarr; <strong>1126<\/strong><br \/>(+24 for winning)\n|raw|Matt902's rating: 1094 &rarr; <strong>1070<\/strong><br \/>(-24 for losing)\n|l|\u2606Matt902\n","uploadtime":1700408583,"views":8,"p1id":"mrmissouri25","p2id":"matt902","formatid":"gen9vgc2023regulatione","rating":1070,"private":0,"password":""}