{"id":"gen9vgc2023regulatione-1999669592","p1":"Kzjrzl","p2":"allanterry52","format":"[Gen 9] VGC 2023 Regulation E","log":"|j|\u2606Kzjrzl\n|j|\u2606allanterry52\n|t:|1701106299\n|gametype|doubles\n|player|p1|Kzjrzl|lance|1139\n|player|p2|allanterry52|pokekid|1106\n|teamsize|p1|6\n|teamsize|p2|6\n|gen|9\n|tier|[Gen 9] VGC 2023 Regulation E\n|rated|\n|rule|Species Clause: Limit one of each Pok\u00e9mon\n|rule|Item Clause: Limit one of each item\n|clearpoke\n|poke|p1|Flutter Mane, L50|\n|poke|p1|Tornadus, L50, M|\n|poke|p1|Rillaboom, L50, F|\n|poke|p1|Garganacl, L50, M|\n|poke|p1|Arcanine-Hisui, L50, F|\n|poke|p1|Chien-Pao, L50|\n|poke|p2|Grimmsnarl, L50, M|\n|poke|p2|Slowbro-Galar, L50, F|\n|poke|p2|Tinkaton, L50, F|\n|poke|p2|Hawlucha, L50, M|\n|poke|p2|Dragonite, L50, M|\n|poke|p2|Arboliva, L50, F|\n|teampreview|4\n|\n|t:|1701106350\n|start\n|switch|p1a: Arcanine|Arcanine-Hisui, L50, F|100\/100\n|switch|p1b: Garganacl|Garganacl, L50, M|100\/100\n|switch|p2a: Tinkaton|Tinkaton, L50, F|100\/100\n|switch|p2b: Dragonite|Dragonite, L50, M|100\/100\n|-ability|p1a: Arcanine|Intimidate|boost\n|-fail|p2a: Tinkaton|unboost|Attack|[from] ability: Own Tempo|[of] p2a: Tinkaton\n|-fail|p2b: Dragonite|unboost|Attack|[from] ability: Inner Focus|[of] p2b: Dragonite\n|turn|1\n|inactive|Battle timer is ON: inactive players will automatically lose when time's up. (requested by allanterry52)\n|\n|t:|1701106376\n|switch|p1a: Tornadus|Tornadus, L50, M|100\/100\n|-terastallize|p1b: Garganacl|Ghost\n|move|p2a: Tinkaton|Fake Out|p1a: Tornadus\n|-damage|p1a: Tornadus|86\/100\n|-damage|p2a: Tinkaton|84\/100|[from] item: Rocky Helmet|[of] p1a: Tornadus\n|move|p2b: Dragonite|Stomping Tantrum|p1a: Tornadus\n|-immune|p1a: Tornadus\n|move|p1b: Garganacl|Iron Defense|p1b: Garganacl\n|-boost|p1b: Garganacl|def|2\n|\n|upkeep\n|turn|2\n|\n|t:|1701106393\n|move|p1a: Tornadus|Bleakwind Storm|p2a: Tinkaton|[spread] p2a,p2b\n|-resisted|p2a: Tinkaton\n|-damage|p2a: Tinkaton|73\/100\n|-damage|p2b: Dragonite|70\/100\n|move|p2b: Dragonite|Stomping Tantrum|p1b: Garganacl\n|-damage|p1b: Garganacl|80\/100\n|move|p2a: Tinkaton|Knock Off|p1b: Garganacl\n|-supereffective|p1b: Garganacl\n|-damage|p1b: Garganacl|63\/100\n|-enditem|p1b: Garganacl|Sitrus Berry|[from] move: Knock Off|[of] p2a: Tinkaton\n|move|p1b: Garganacl|Salt Cure|p2b: Dragonite\n|-supereffective|p2b: Dragonite\n|-damage|p2b: Dragonite|41\/100\n|-start|p2b: Dragonite|Salt Cure\n|\n|-damage|p2b: Dragonite|29\/100|[from] Salt Cure\n|upkeep\n|turn|3\n|inactive|allanterry52 has 30 seconds left.\n|\n|t:|1701106422\n|switch|p2b: Grimmsnarl|Grimmsnarl, L50, M|100\/100\n|move|p1a: Tornadus|Tailwind|p1a: Tornadus\n|-sidestart|p1: Kzjrzl|move: Tailwind\n|move|p2a: Tinkaton|Gigaton Hammer|p1a: Tornadus\n|-damage|p1a: Tornadus|10\/100\n|move|p1b: Garganacl|Salt Cure|p2a: Tinkaton\n|-resisted|p2a: Tinkaton\n|-damage|p2a: Tinkaton|66\/100\n|-start|p2a: Tinkaton|Salt Cure\n|\n|-damage|p2a: Tinkaton|41\/100|[from] Salt Cure\n|upkeep\n|turn|4\n|inactive|allanterry52 has 30 seconds left.\n|\n|t:|1701106452\n|move|p2b: Grimmsnarl|Fake Out|p1a: Tornadus\n|-damage|p1a: Tornadus|0 fnt\n|-damage|p2b: Grimmsnarl|84\/100|[from] item: Rocky Helmet|[of] p1a: Tornadus\n|faint|p1a: Tornadus\n|move|p2a: Tinkaton|Play Rough|p1b: Garganacl\n|-crit|p1b: Garganacl\n|-damage|p1b: Garganacl|28\/100\n|move|p1b: Garganacl|Recover|p1b: Garganacl\n|-heal|p1b: Garganacl|78\/100\n|\n|-damage|p2a: Tinkaton|16\/100|[from] Salt Cure\n|upkeep\n|\n|t:|1701106470\n|switch|p1a: Arcanine|Arcanine-Hisui, L50, F|100\/100\n|-ability|p1a: Arcanine|Intimidate|boost\n|-fail|p2a: Tinkaton|unboost|Attack|[from] ability: Own Tempo|[of] p2a: Tinkaton\n|-unboost|p2b: Grimmsnarl|atk|1\n|turn|5\n|\n|t:|1701106481\n|move|p2b: Grimmsnarl|Thunder Wave|p1a: Arcanine\n|-status|p1a: Arcanine|par\n|move|p1a: Arcanine|Rock Slide|p2a: Tinkaton|[spread] p2a,p2b\n|-resisted|p2a: Tinkaton\n|-damage|p2a: Tinkaton|0 fnt\n|-damage|p2b: Grimmsnarl|48\/100\n|faint|p2a: Tinkaton\n|move|p1b: Garganacl|Salt Cure|p2b: Grimmsnarl\n|-damage|p2b: Grimmsnarl|35\/100\n|-start|p2b: Grimmsnarl|Salt Cure\n|\n|-damage|p2b: Grimmsnarl|22\/100|[from] Salt Cure\n|upkeep\n|\n|t:|1701106489\n|switch|p2a: Dragonite|Dragonite, L50, M|29\/100\n|turn|6\n|\n|t:|1701106509\n|move|p2b: Grimmsnarl|Swagger|p2a: Dragonite\n|-boost|p2a: Dragonite|atk|2\n|-start|p2a: Dragonite|confusion\n|-enditem|p2a: Dragonite|Lum Berry|[eat]\n|-end|p2a: Dragonite|confusion\n|move|p1a: Arcanine|Rock Slide|p2b: Grimmsnarl|[spread] p2a,p2b\n|-supereffective|p2a: Dragonite\n|-damage|p2a: Dragonite|0 fnt\n|-damage|p2b: Grimmsnarl|0 fnt\n|faint|p2a: Dragonite\n|faint|p2b: Grimmsnarl\n|move|p1b: Garganacl|Iron Defense|p1b: Garganacl\n|-boost|p1b: Garganacl|def|2\n|\n|-sideend|p1: Kzjrzl|move: Tailwind\n|upkeep\n|-message|allanterry52 forfeited.\n|\n|win|Kzjrzl\n|raw|Kzjrzl's rating: 1139 &rarr; <strong>1162<\/strong><br \/>(+23 for winning)\n|raw|allanterry52's rating: 1106 &rarr; <strong>1083<\/strong><br \/>(-23 for losing)\n|l|\u2606allanterry52\n","uploadtime":1701106523,"views":3,"p1id":"kzjrzl","p2id":"allanterry52","formatid":"gen9vgc2023regulatione","rating":1083,"private":0,"password":""}