{"id":"gen9vgc2023regulatione-1992338528","p1":"AswangVGC","p2":"MrEggPie","format":"[Gen 9] VGC 2023 Regulation E","log":"|j|\u2606AswangVGC\n|j|\u2606MrEggPie\n|n|\u2606AswangVGC|aswangvgc\n|n|\u2606MrEggPie|mreggpie\n|html|View the match progress at <a href=\"\/game-bestof3-gen9vgc2023regulatione-1992338527\">game-bestof3-gen9vgc2023regulatione-1992338527<\/a>\n|t:|1700176248\n|gametype|doubles\n|player|p1|AswangVGC|2|\n|player|p2|MrEggPie|102|\n|teamsize|p1|6\n|teamsize|p2|6\n|gen|9\n|tier|[Gen 9] VGC 2023 Regulation E\n|rule|Species Clause: Limit one of each Pok\u00e9mon\n|rule|Item Clause: Limit one of each item\n|clearpoke\n|poke|p1|Urshifu-*, L50, F|\n|poke|p1|Tornadus, L50, M|\n|poke|p1|Regidrago, L50|\n|poke|p1|Rillaboom, L50, M|\n|poke|p1|Arcanine-Hisui, L50, F|\n|poke|p1|Gholdengo, L50|\n|poke|p2|Indeedee-F, L50, F|\n|poke|p2|Armarouge, L50, M|\n|poke|p2|Sinistcha, L50|\n|poke|p2|Iron Hands, L50|\n|poke|p2|Ninetales-Alola, L50, F|\n|poke|p2|Roaring Moon, L50|\n|teampreview|4\nMrEggPie has agreed to open team sheets.\nAswangVGC has agreed to open team sheets.\n|showteam|p1|Urshifu-Rapid-Strike||ChoiceScarf|UnseenFist|SurgingStrikes,CloseCombat,Uturn,AquaJet|||F|||50|,,,,,Water]Tornadus||RockyHelmet|Prankster|BleakwindStorm,RainDance,Tailwind,Protect|||M|||50|,,,,,Ghost]Regidrago||DragonFang|DragonsMaw|DragonEnergy,DracoMeteor,EarthPower,Protect||||||50|,,,,,Steel]Rillaboom||AssaultVest|GrassySurge|FakeOut,WoodHammer,HighHorsepower,GrassyGlide|||M|||50|,,,,,Grass]Arcanine-Hisui||SitrusBerry|Intimidate|FlareBlitz,ExtremeSpeed,RockSlide,WillOWisp|||F|||50|,,,,,Water]Gholdengo||MetalCoat|GoodasGold|MakeItRain,ShadowBall,NastyPlot,Protect||||||50|,,,,,Dragon\n|showteam|p2|Indeedee-F||RockyHelmet|PsychicSurge|FollowMe,HelpingHand,TrickRoom,DazzlingGleam|||F|||50|,,,,,Fairy]Armarouge||LifeOrb|FlashFire|ExpandingForce,Flamethrower,Protect,TrickRoom|||M|||50|,,,,,Psychic]Sinistcha||SitrusBerry|Hospitality|MatchaGotcha,StrengthSap,TrickRoom,RagePowder||||||50|,,,,,Poison]Iron Hands||AssaultVest|QuarkDrive|FakeOut,DrainPunch,WildCharge,HeavySlam||||||50|,,,,,Grass]Ninetales-Alola||LightClay|SnowWarning|IcyWind,Moonblast,AuroraVeil,Protect|||F|||50|,,,,,Water]Roaring Moon||BoosterEnergy|Protosynthesis|KnockOff,Acrobatics,Protect,Tailwind||||||50|,,,,,Flying\n|inactive|Battle timer is ON: inactive players will automatically lose when time's up. (requested by MrEggPie)\n|inactive|AswangVGC has 60 seconds left.\n|inactive|MrEggPie has 60 seconds left.\n|inactive|AswangVGC has 30 seconds left.\n|inactive|MrEggPie has 30 seconds left.\n|inactive|AswangVGC has 20 seconds left.\n|inactive|AswangVGC has 15 seconds left.\n|\n|t:|1700176336\n|start\n|switch|p1a: Gholdengo|Gholdengo, L50|100\/100\n|switch|p1b: Arcanine|Arcanine-Hisui, L50, F|100\/100\n|switch|p2a: Iron Hands|Iron Hands, L50|100\/100\n|switch|p2b: Roaring Moon|Roaring Moon, L50|100\/100\n|-ability|p1b: Arcanine|Intimidate|boost\n|-unboost|p2a: Iron Hands|atk|1\n|-unboost|p2b: Roaring Moon|atk|1\n|-enditem|p2b: Roaring Moon|Booster Energy\n|-activate|p2b: Roaring Moon|ability: Protosynthesis|[fromitem]\n|-start|p2b: Roaring Moon|protosynthesisspe\n|turn|1\n|inactive|MrEggPie has 30 seconds left.\n|inactive|MrEggPie has 20 seconds left.\n|\n|t:|1700176374\n|-terastallize|p1a: Gholdengo|Dragon\n|move|p2a: Iron Hands|Fake Out|p1b: Arcanine\n|-resisted|p1b: Arcanine\n|-damage|p1b: Arcanine|95\/100\n|move|p2b: Roaring Moon|Knock Off|p1a: Gholdengo\n|-damage|p1a: Gholdengo|68\/100\n|-enditem|p1a: Gholdengo|Metal Coat|[from] move: Knock Off|[of] p2b: Roaring Moon\n|move|p1a: Gholdengo|Nasty Plot|p1a: Gholdengo\n|-boost|p1a: Gholdengo|spa|2\n|cant|p1b: Arcanine|flinch\n|\n|upkeep\n|turn|2\n|inactive|MrEggPie has 30 seconds left.\n|inactive|MrEggPie has 20 seconds left.\n|inactive|MrEggPie has 15 seconds left.\n|inactive|MrEggPie has 10 seconds left.\n|inactive|MrEggPie has 5 seconds left.\n|\n|t:|1700176428\n|move|p1a: Gholdengo|Protect|p1a: Gholdengo\n|-singleturn|p1a: Gholdengo|Protect\n|move|p2b: Roaring Moon|Tailwind|p2b: Roaring Moon\n|-sidestart|p2: MrEggPie|move: Tailwind\n|move|p2a: Iron Hands|Drain Punch|p1b: Arcanine\n|-supereffective|p1b: Arcanine\n|-damage|p1b: Arcanine|31\/100\n|-enditem|p1b: Arcanine|Sitrus Berry|[eat]\n|-heal|p1b: Arcanine|56\/100|[from] item: Sitrus Berry\n|move|p1b: Arcanine|Will-O-Wisp|p2b: Roaring Moon|[miss]\n|-miss|p1b: Arcanine|p2b: Roaring Moon\n|\n|upkeep\n|turn|3\n|inactive|MrEggPie has 30 seconds left.\n|inactive|MrEggPie has 20 seconds left.\n|\n|t:|1700176466\n|switch|p1b: Rillaboom|Rillaboom, L50, M|100\/100\n|-fieldstart|move: Grassy Terrain|[from] ability: Grassy Surge|[of] p1b: Rillaboom\n|move|p2b: Roaring Moon|Acrobatics|p1a: Gholdengo\n|-damage|p1a: Gholdengo|44\/100\n|move|p2a: Iron Hands|Drain Punch|p1a: Gholdengo\n|-damage|p1a: Gholdengo|18\/100\n|move|p1a: Gholdengo|Make It Rain|p2a: Iron Hands|[spread] p2a,p2b\n|-resisted|p2a: Iron Hands\n|-damage|p2a: Iron Hands|76\/100\n|-damage|p2b: Roaring Moon|17\/100\n|-unboost|p1a: Gholdengo|spa|1\n|\n|-heal|p2b: Roaring Moon|23\/100|[from] Grassy Terrain\n|-heal|p2a: Iron Hands|82\/100|[from] Grassy Terrain\n|-heal|p1a: Gholdengo|24\/100|[from] Grassy Terrain\n|upkeep\n|turn|4\n|inactive|AswangVGC has 30 seconds left.\n|inactive|MrEggPie has 30 seconds left.\n|inactive|AswangVGC has 20 seconds left.\n|inactive|MrEggPie has 20 seconds left.\n|inactive|AswangVGC has 15 seconds left.\n|inactive|MrEggPie has 15 seconds left.\n|inactive|AswangVGC has 10 seconds left.\n|inactive|MrEggPie has 10 seconds left.\n|inactive|AswangVGC has 5 seconds left.\n|inactive|MrEggPie has 5 seconds left.\n|\n|t:|1700176520\n|switch|p1a: Arcanine|Arcanine-Hisui, L50, F|56\/100\n|-ability|p1a: Arcanine|Intimidate|boost\n|-unboost|p2a: Iron Hands|atk|1\n|-unboost|p2b: Roaring Moon|atk|1\n|move|p2b: Roaring Moon|Protect|p2b: Roaring Moon\n|-singleturn|p2b: Roaring Moon|Protect\n|move|p1b: Rillaboom|Fake Out|p2b: Roaring Moon\n|-activate|p2b: Roaring Moon|move: Protect\n|move|p2a: Iron Hands|Drain Punch|p1a: Arcanine\n|-supereffective|p1a: Arcanine\n|-damage|p1a: Arcanine|5\/100\n|-heal|p2a: Iron Hands|100\/100|[from] drain|[of] p1a: Arcanine\n|\n|-heal|p2b: Roaring Moon|30\/100|[from] Grassy Terrain\n|-heal|p1a: Arcanine|11\/100|[from] Grassy Terrain\n|upkeep\n|turn|5\n|inactive|AswangVGC has 30 seconds left.\n|inactive|MrEggPie has 30 seconds left.\n|inactive|AswangVGC has 20 seconds left.\n|inactive|MrEggPie has 20 seconds left.\n|\n|t:|1700176560\n|-end|p2a: Iron Hands|Quark Drive|[silent]\n|switch|p2a: Sinistcha|Sinistcha, L50|100\/100\n|-heal|p2b: Roaring Moon|55\/100|[from] ability: Hospitality|[of] p2a: Sinistcha\n|move|p2b: Roaring Moon|Knock Off|p1a: Arcanine\n|-damage|p1a: Arcanine|0 fnt\n|faint|p1a: Arcanine\n|move|p1b: Rillaboom|Wood Hammer|p2b: Roaring Moon\n|-resisted|p2b: Roaring Moon\n|-damage|p2b: Roaring Moon|4\/100\n|-damage|p1b: Rillaboom|85\/100|[from] Recoil\n|\n|-heal|p2b: Roaring Moon|10\/100|[from] Grassy Terrain\n|-heal|p1b: Rillaboom|91\/100|[from] Grassy Terrain\n|-sideend|p2: MrEggPie|move: Tailwind\n|upkeep\n|\n|t:|1700176571\n|switch|p1a: Gholdengo|Gholdengo, L50, tera:Dragon|24\/100\n|turn|6\n|inactive|MrEggPie has 30 seconds left.\n|inactive|MrEggPie has 20 seconds left.\n|inactive|MrEggPie has 15 seconds left.\n|inactive|MrEggPie has 10 seconds left.\n|inactive|MrEggPie has 5 seconds left.\n|\n|t:|1700176625\n|move|p1b: Rillaboom|Grassy Glide|p2b: Roaring Moon\n|-resisted|p2b: Roaring Moon\n|-damage|p2b: Roaring Moon|0 fnt\n|faint|p2b: Roaring Moon\n|-end|p2b: Roaring Moon|Protosynthesis|[silent]\n|move|p1a: Gholdengo|Shadow Ball|p2a: Sinistcha\n|-supereffective|p2a: Sinistcha\n|-damage|p2a: Sinistcha|26\/100\n|-unboost|p2a: Sinistcha|spd|1\n|-enditem|p2a: Sinistcha|Sitrus Berry|[eat]\n|-heal|p2a: Sinistcha|51\/100|[from] item: Sitrus Berry\n|move|p2a: Sinistcha|Matcha Gotcha|p1b: Rillaboom|[spread] p1a,p1b\n|-resisted|p1a: Gholdengo\n|-resisted|p1b: Rillaboom\n|-damage|p1a: Gholdengo|7\/100\n|-heal|p2a: Sinistcha|60\/100|[from] drain|[of] p1a: Gholdengo\n|-damage|p1b: Rillaboom|79\/100\n|-heal|p2a: Sinistcha|67\/100|[from] drain|[of] p1b: Rillaboom\n|-status|p1b: Rillaboom|brn\n|\n|-heal|p1a: Gholdengo|13\/100|[from] Grassy Terrain\n|-heal|p1b: Rillaboom|85\/100 brn|[from] Grassy Terrain\n|-heal|p2a: Sinistcha|73\/100|[from] Grassy Terrain\n|-damage|p1b: Rillaboom|79\/100 brn|[from] brn\n|upkeep\n|inactive|MrEggPie has 30 seconds left.\n|inactive|MrEggPie has 20 seconds left.\n|\n|t:|1700176664\n|switch|p2b: Iron Hands|Iron Hands, L50|100\/100\n|turn|7\n|\n|t:|1700176688\n|switch|p2a: Ninetales|Ninetales-Alola, L50, F|100\/100\n|-weather|Snow|[from] ability: Snow Warning|[of] p2a: Ninetales\n|move|p1a: Gholdengo|Protect|p1a: Gholdengo\n|-singleturn|p1a: Gholdengo|Protect\n|move|p2b: Iron Hands|Fake Out|p1b: Rillaboom\n|-damage|p1b: Rillaboom|65\/100 brn\n|cant|p1b: Rillaboom|flinch\n|\n|-weather|Snow|[upkeep]\n|-heal|p1a: Gholdengo|18\/100|[from] Grassy Terrain\n|-heal|p1b: Rillaboom|70\/100 brn|[from] Grassy Terrain\n|-damage|p1b: Rillaboom|65\/100 brn|[from] brn\n|-fieldend|move: Grassy Terrain\n|upkeep\n|turn|8\n|inactive|MrEggPie has 30 seconds left.\n|inactive|MrEggPie has 20 seconds left.\n|inactive|MrEggPie has 15 seconds left.\n|inactive|MrEggPie has 10 seconds left.\n|inactive|MrEggPie has 5 seconds left.\n|\n|t:|1700176740\n|-terastallize|p2a: Ninetales|Water\n|move|p2a: Ninetales|Aurora Veil|p2a: Ninetales\n|-sidestart|p2: MrEggPie|move: Aurora Veil\n|move|p1a: Gholdengo|Make It Rain|p2b: Iron Hands|[spread] p2a,p2b\n|-resisted|p2a: Ninetales\n|-resisted|p2b: Iron Hands\n|-damage|p2a: Ninetales|84\/100\n|-damage|p2b: Iron Hands|93\/100\n|-unboost|p1a: Gholdengo|spa|1\n|move|p1b: Rillaboom|High Horsepower|p2b: Iron Hands\n|-supereffective|p2b: Iron Hands\n|-damage|p2b: Iron Hands|76\/100\n|move|p2b: Iron Hands|Drain Punch|p1a: Gholdengo\n|-damage|p1a: Gholdengo|0 fnt\n|-heal|p2b: Iron Hands|83\/100|[from] drain|[of] p1a: Gholdengo\n|faint|p1a: Gholdengo\n|\n|-weather|Snow|[upkeep]\n|-damage|p1b: Rillaboom|59\/100 brn|[from] brn\n|upkeep\n|\n|t:|1700176755\n|switch|p1a: Urshifu|Urshifu-Rapid-Strike, L50, F|100\/100\n|turn|9\n|-message|AswangVGC forfeited.\n|\n|win|MrEggPie\n|c|&|\/uhtml prompt-aswangvgc,AswangVGC is ready for game 2!\n","uploadtime":1700176767,"views":17,"p1id":"aswangvgc","p2id":"mreggpie","formatid":"gen9vgc2023regulatione","rating":0,"private":0,"password":""}