{"id":"gen9vgc2023regulatione-1995225720","p1":"F3athers","p2":"Mr.J1234","format":"[Gen 9] VGC 2023 Regulation E","log":"|j|\u2606F3athers\n|j|\u2606Mr.J1234\n|t:|1700536876\n|gametype|doubles\n|player|p1|F3athers|hoopster|\n|player|p2|Mr.J1234|1|\n|teamsize|p1|6\n|teamsize|p2|6\n|gen|9\n|tier|[Gen 9] VGC 2023 Regulation E\n|rule|Species Clause: Limit one of each Pok\u00e9mon\n|rule|Item Clause: Limit one of each item\n|clearpoke\n|poke|p1|Fezandipiti, L50, M|\n|poke|p1|Skeledirge, L50, M|\n|poke|p1|Oranguru, L50, M|\n|poke|p1|Ogerpon-Wellspring, L50, F|\n|poke|p1|Kilowattrel, L50, M|\n|poke|p1|Iron Treads, L50|\n|poke|p2|Indeedee, L50, M|\n|poke|p2|Landorus, L50, M|\n|poke|p2|Iron Bundle, L50|\n|poke|p2|Drifblim, L50, M|\n|poke|p2|Rotom-Heat, L50|\n|poke|p2|Dondozo, L50, M|\n|teampreview|4\nMr.J1234 rejected open team sheets.\n|j| ruwisc\n|c|\u2606F3athers|g2 glhf\n|j| tclrkpkmn\n|j| thedukeoftacos\n|j| tommy.jdw\n|\n|t:|1700537500\n|start\n|switch|p1a: Iron Treads|Iron Treads, L50|100\/100\n|switch|p1b: Fezandipiti|Fezandipiti, L50, M|100\/100\n|switch|p2a: Drifblim|Drifblim, L50, M|100\/100\n|switch|p2b: Indeedee|Indeedee, L50, M|100\/100\n|-fieldstart|move: Psychic Terrain|[from] ability: Psychic Surge|[of] p2b: Indeedee\n|-enditem|p2a: Drifblim|Psychic Seed\n|-boost|p2a: Drifblim|spd|1|[from] item: Psychic Seed\n|-enditem|p1a: Iron Treads|Booster Energy\n|-activate|p1a: Iron Treads|ability: Quark Drive|[fromitem]\n|-start|p1a: Iron Treads|quarkdrivespe\n|turn|1\n|j| Oddball_Otter\n|\n|t:|1700537587\n|-terastallize|p1b: Fezandipiti|Flying\n|move|p2a: Drifblim|Tailwind|p2a: Drifblim\n|-sidestart|p2: Mr.J1234|move: Tailwind\n|move|p2b: Indeedee|Psyshock|p1b: Fezandipiti\n|-damage|p1b: Fezandipiti|45\/100\n|-enditem|p1b: Fezandipiti|Sitrus Berry|[eat]\n|-heal|p1b: Fezandipiti|70\/100|[from] item: Sitrus Berry\n|move|p1a: Iron Treads|Ice Spinner|p2a: Drifblim\n|-supereffective|p2a: Drifblim\n|-damage|p2a: Drifblim|36\/100\n|-fieldend|move: Psychic Terrain\n|move|p1b: Fezandipiti|Tailwind|p1b: Fezandipiti\n|-sidestart|p1: F3athers|move: Tailwind\n|\n|upkeep\n|turn|2\n|\n|t:|1700537628\n|move|p2a: Drifblim|Destiny Bond|p2a: Drifblim\n|-singlemove|p2a: Drifblim|Destiny Bond\n|move|p1a: Iron Treads|Rock Slide|p2a: Drifblim|[spread] p2a\n|-miss|p1a: Iron Treads|p2b: Indeedee\n|-supereffective|p2a: Drifblim\n|-damage|p2a: Drifblim|0 fnt\n|faint|p2a: Drifblim\n|-activate|p2a: Drifblim|move: Destiny Bond\n|faint|p1a: Iron Treads\n|-end|p1a: Iron Treads|Quark Drive|[silent]\n|move|p2b: Indeedee|Encore|p1b: Fezandipiti\n|-start|p1b: Fezandipiti|Encore\n|move|p1b: Fezandipiti|Tailwind||[still]\n|-fail|p1b: Fezandipiti\n|\n|upkeep\n|\n|t:|1700537671\n|switch|p1a: Kilowattrel|Kilowattrel, L50, M|100\/100\n|switch|p2a: Iron Bundle|Iron Bundle, L50|100\/100\n|-enditem|p2a: Iron Bundle|Booster Energy\n|-activate|p2a: Iron Bundle|ability: Quark Drive|[fromitem]\n|-start|p2a: Iron Bundle|quarkdrivespe\n|turn|3\n|\n|t:|1700537709\n|-terastallize|p2a: Iron Bundle|Ice\n|move|p2a: Iron Bundle|Freeze-Dry|p1a: Kilowattrel\n|-supereffective|p1a: Kilowattrel\n|-enditem|p1a: Kilowattrel|Yache Berry|[eat]\n|-enditem|p1a: Kilowattrel|Yache Berry|[weaken]\n|-damage|p1a: Kilowattrel|29\/100\n|move|p1a: Kilowattrel|Thunderbolt|p2a: Iron Bundle\n|-damage|p2a: Iron Bundle|34\/100\n|move|p2b: Indeedee|Dazzling Gleam|p1b: Fezandipiti|[spread] p1a,p1b\n|-damage|p1a: Kilowattrel|1\/100\n|-damage|p1b: Fezandipiti|60\/100\n|move|p1b: Fezandipiti|Tailwind||[still]\n|-fail|p1b: Fezandipiti\n|\n|upkeep\n|turn|4\n|\n|t:|1700537752\n|switch|p1b: Ogerpon|Ogerpon-Wellspring, L50, F|100\/100\n|move|p2a: Iron Bundle|Protect|p2a: Iron Bundle\n|-singleturn|p2a: Iron Bundle|Protect\n|move|p1a: Kilowattrel|Protect|p1a: Kilowattrel\n|-singleturn|p1a: Kilowattrel|Protect\n|move|p2b: Indeedee|Dazzling Gleam|p1b: Ogerpon|[spread] p1b\n|-activate|p1a: Kilowattrel|move: Protect\n|-damage|p1b: Ogerpon|82\/100\n|\n|-sideend|p1: F3athers|move: Tailwind\n|-sideend|p2: Mr.J1234|move: Tailwind\n|upkeep\n|turn|5\n|\n|t:|1700537825\n|-end|p2a: Iron Bundle|Quark Drive|[silent]\n|switch|p2a: Landorus|Landorus, L50, M|100\/100\n|move|p1a: Kilowattrel|Tailwind|p1a: Kilowattrel\n|-sidestart|p1: F3athers|move: Tailwind\n|move|p1b: Ogerpon|Ivy Cudgel|p2a: Landorus|[anim] Ivy Cudgel Water\n|-supereffective|p2a: Landorus\n|-damage|p2a: Landorus|0 fnt\n|faint|p2a: Landorus\n|move|p2b: Indeedee|Dazzling Gleam|p1a: Kilowattrel|[spread] p1a,p1b\n|-damage|p1a: Kilowattrel|0 fnt\n|-damage|p1b: Ogerpon|62\/100\n|faint|p1a: Kilowattrel\n|\n|upkeep\n|\n|t:|1700537837\n|switch|p1a: Fezandipiti|Fezandipiti, L50, M, tera:Flying|60\/100\n|switch|p2a: Iron Bundle|Iron Bundle, L50, tera:Ice|34\/100\n|turn|6\n|\n|t:|1700537942\n|move|p2a: Iron Bundle|Protect|p2a: Iron Bundle\n|-singleturn|p2a: Iron Bundle|Protect\n|move|p1b: Ogerpon|Ivy Cudgel|p2b: Indeedee|[anim] Ivy Cudgel Water\n|-crit|p2b: Indeedee\n|-damage|p2b: Indeedee|0 fnt\n|faint|p2b: Indeedee\n|move|p1a: Fezandipiti|Light Screen|p1a: Fezandipiti\n|-sidestart|p1: F3athers|move: Light Screen\n|\n|upkeep\n|turn|7\n|c|\u2606Mr.J1234|does that crit matter is the qotd\n|c|\u2606F3athers|i don think it did, but crit mattered in g1 with psyshock on kilo\n|c|\u2606F3athers|so even if it did rng balances out\n|l| thedukeoftacos\n|c|\u2606Mr.J1234|I should've clicked trick room the previous turn i threw this one\n|\n|t:|1700538010\n|move|p2a: Iron Bundle|Protect||[still]\n|-fail|p2a: Iron Bundle\n|move|p1b: Ogerpon|Ivy Cudgel|p2a: Iron Bundle|[anim] Ivy Cudgel Water\n|-damage|p2a: Iron Bundle|0 fnt\n|faint|p2a: Iron Bundle\n|-end|p2a: Iron Bundle|Quark Drive|[silent]\n|\n|win|F3athers\n|c|\u2606F3athers|ggs\n|c|\u2606Mr.J1234|gg\n|l| ruwisc\n","uploadtime":1700538047,"views":32,"p1id":"f3athers","p2id":"mrj1234","formatid":"gen9vgc2023regulatione","rating":0,"private":0,"password":""}