{"id":"gen9vgc2023regulatione-1991522823","p1":"UrshifuIncarnate","p2":"somethingelse77","format":"[Gen 9] VGC 2023 Regulation E","log":"|j|\u2606UrshifuIncarnate\n|j|\u2606somethingelse77\n|t:|1700084729\n|gametype|doubles\n|player|p1|UrshifuIncarnate|unknown|\n|player|p2|somethingelse77|rosa|\n|teamsize|p1|6\n|teamsize|p2|6\n|gen|9\n|tier|[Gen 9] VGC 2023 Regulation E\n|rated|Tournament battle\n|rule|Species Clause: Limit one of each Pok\u00e9mon\n|rule|Item Clause: Limit one of each item\n|clearpoke\n|poke|p1|Torkoal, L50, F|\n|poke|p1|Rillaboom, L50, F|\n|poke|p1|Ogerpon-Cornerstone, L50, F|\n|poke|p1|Flutter Mane, L50|\n|poke|p1|Zapdos-Galar, L50|\n|poke|p1|Farigiraf, L50, M|\n|poke|p2|Ninetales-Alola, L50, F|\n|poke|p2|Iron Hands, L50|\n|poke|p2|Glimmora, L50, F|\n|poke|p2|Ogerpon-Hearthflame, L50, F|\n|poke|p2|Tatsugiri, L50, F|\n|poke|p2|Dondozo, L50, M|\n|teampreview|4\n|showteam|p1|Torkoal||Charcoal|Drought|Eruption,HeatWave,EarthPower,Protect|||F|||50|,,,,,Fire]Rillaboom||MiracleSeed|GrassySurge|GrassyGlide,WoodHammer,HighHorsepower,FakeOut|||F|||50|,,,,,Grass]Ogerpon-Cornerstone||CornerstoneMask|Sturdy|IvyCudgel,PowerWhip,FollowMe,SpikyShield|||F|||50|,,,,,Rock]Flutter Mane||ChoiceSpecs|Protosynthesis|DazzlingGleam,Moonblast,ShadowBall,TrickRoom||||||50|,,,,,Fairy]Zapdos-Galar||ChoiceScarf|Defiant|BraveBird,CloseCombat,Uturn,KnockOff||||||50|,,,,,Flying]Farigiraf||SitrusBerry|ArmorTail|DazzlingGleam,Psychic,NastyPlot,TrickRoom|||M|||50|,,,,,Fairy\n|showteam|p2|Ninetales-Alola||LightClay|SnowWarning|Blizzard,Moonblast,AuroraVeil,Protect|||F|||50|,,,,,Ghost]Iron Hands||AssaultVest|QuarkDrive|FakeOut,WildCharge,DrainPunch,HeavySlam||||||50|,,,,,Fire]Glimmora||FocusSash|ToxicDebris|MortalSpin,PowerGem,SludgeBomb,SpikyShield|||F|||50|,,,,,Grass]Ogerpon-Hearthflame||HearthflameMask|MoldBreaker|IvyCudgel,HornLeech,FollowMe,SpikyShield|||F|||50|,,,,,Fire]Tatsugiri||AbilityShield|Commander|DracoMeteor,MuddyWater,IcyWind,Taunt|||F|||50|,,,,,Steel]Dondozo||ClearAmulet|Unaware|WaveCrash,OrderUp,Earthquake,Protect|||M|||50|,,,,,Grass\n|j| StoopyLoopy\n|j| Onyx14\n|c|\u2606UrshifuIncarnate|glhf\n|c|\u2606somethingelse77|u2\n|j| Kemils\n|j| kiddy123\n|\n|t:|1700084781\n|start\n|switch|p1a: Rockstar|Ogerpon-Cornerstone, L50, F|100\/100\n|switch|p1b: Fig|Farigiraf, L50, M, shiny|100\/100\n|switch|p2a: Iron Hands|Iron Hands, L50|100\/100\n|switch|p2b: Glimmora|Glimmora, L50, F|100\/100\n|turn|1\n|c| kiddy123|\u2606UrshifuIncarnate  you  got  to  win\n|c|\u2606UrshifuIncarnate|i'll try\n|c|\u2606UrshifuIncarnate|no promises tho\n|\n|t:|1700084818\n|switch|p1a: Yurtle the Turtle|Torkoal, L50, F, shiny|100\/100\n|-weather|SunnyDay|[from] ability: Drought|[of] p1a: Yurtle the Turtle\n|move|p2b: Glimmora|Mortal Spin|p1b: Fig|[spread] p1a,p1b\n|-damage|p1a: Yurtle the Turtle|97\/100\n|-damage|p1b: Fig|96\/100\n|-status|p1a: Yurtle the Turtle|psn\n|-status|p1b: Fig|psn\n|move|p2a: Iron Hands|Wild Charge|p1b: Fig\n|-damage|p1b: Fig|47\/100 psn\n|-enditem|p1b: Fig|Sitrus Berry|[eat]\n|-heal|p1b: Fig|72\/100 psn|[from] item: Sitrus Berry\n|-damage|p2a: Iron Hands|90\/100|[from] Recoil\n|move|p1b: Fig|Trick Room|p1b: Fig\n|-fieldstart|move: Trick Room|[of] p1b: Fig\n|\n|-weather|SunnyDay|[upkeep]\n|-damage|p1a: Yurtle the Turtle|85\/100 psn|[from] psn\n|-damage|p1b: Fig|59\/100 psn|[from] psn\n|upkeep\n|turn|2\n|\n|t:|1700084847\n|move|p2b: Glimmora|Spiky Shield|p2b: Glimmora\n|-singleturn|p2b: Glimmora|move: Protect\n|move|p1a: Yurtle the Turtle|Eruption|p2b: Glimmora|[spread] p2a\n|-activate|p2b: Glimmora|move: Protect\n|-damage|p2a: Iron Hands|53\/100\n|move|p1b: Fig|Psychic|p2b: Glimmora\n|-activate|p2b: Glimmora|move: Protect\n|move|p2a: Iron Hands|Wild Charge|p1b: Fig\n|-damage|p1b: Fig|10\/100 psn\n|-damage|p2a: Iron Hands|42\/100|[from] Recoil\n|\n|-weather|SunnyDay|[upkeep]\n|-damage|p1a: Yurtle the Turtle|72\/100 psn|[from] psn\n|-damage|p1b: Fig|0 fnt|[from] psn\n|faint|p1b: Fig\n|upkeep\n|\n|t:|1700084856\n|switch|p1b: Willa Gorilla|Rillaboom, L50, F, shiny|100\/100\n|-fieldstart|move: Grassy Terrain|[from] ability: Grassy Surge|[of] p1b: Willa Gorilla\n|turn|3\n|\n|t:|1700084871\n|-terastallize|p1a: Yurtle the Turtle|Fire\n|move|p1a: Yurtle the Turtle|Eruption|p2a: Iron Hands|[spread] p2a,p2b\n|-resisted|p2b: Glimmora\n|-damage|p2a: Iron Hands|0 fnt\n|-damage|p2b: Glimmora|44\/100\n|faint|p2a: Iron Hands\n|-end|p2a: Iron Hands|Quark Drive|[silent]\n|move|p1b: Willa Gorilla|High Horsepower|p2b: Glimmora\n|-supereffective|p2b: Glimmora\n|-damage|p2b: Glimmora|0 fnt\n|-activate|p2b: Glimmora|ability: Toxic Debris\n|-sidestart|p1: UrshifuIncarnate|move: Toxic Spikes\n|faint|p2b: Glimmora\n|\n|-weather|SunnyDay|[upkeep]\n|-heal|p1a: Yurtle the Turtle|78\/100 psn|[from] Grassy Terrain\n|-damage|p1a: Yurtle the Turtle|66\/100 psn|[from] psn\n|upkeep\n|\n|t:|1700084876\n|switch|p2a: Dondozo|Dondozo, L50, M|100\/100\n|switch|p2b: Tatsugiri|Tatsugiri, L50, F|100\/100\n|-activate|p2b: Tatsugiri|ability: Commander|[of] p2a: Dondozo\n|-boost|p2a: Dondozo|atk|2\n|-boost|p2a: Dondozo|spa|2\n|-boost|p2a: Dondozo|spe|2\n|-boost|p2a: Dondozo|def|2\n|-boost|p2a: Dondozo|spd|2\n|turn|4\n|\n|t:|1700084886\n|move|p2a: Dondozo|Protect|p2a: Dondozo\n|-singleturn|p2a: Dondozo|Protect\n|move|p1a: Yurtle the Turtle|Eruption|p2a: Dondozo|[spread] \n|-miss|p1a: Yurtle the Turtle|p2b: Tatsugiri\n|-activate|p2a: Dondozo|move: Protect\n|move|p1b: Willa Gorilla|Wood Hammer|p2a: Dondozo\n|-activate|p2a: Dondozo|move: Protect\n|\n|-weather|SunnyDay|[upkeep]\n|-heal|p1a: Yurtle the Turtle|72\/100 psn|[from] Grassy Terrain\n|-damage|p1a: Yurtle the Turtle|60\/100 psn|[from] psn\n|upkeep\n|turn|5\n|\n|t:|1700084923\n|move|p1a: Yurtle the Turtle|Eruption|p2a: Dondozo|[spread] p2a\n|-miss|p1a: Yurtle the Turtle|p2b: Tatsugiri\n|-resisted|p2a: Dondozo\n|-damage|p2a: Dondozo|84\/100\n|move|p1b: Willa Gorilla|Wood Hammer|p2a: Dondozo\n|-supereffective|p2a: Dondozo\n|-damage|p2a: Dondozo|16\/100\n|-damage|p1b: Willa Gorilla|73\/100|[from] Recoil\n|move|p2a: Dondozo|Order Up|p1a: Yurtle the Turtle\n|-damage|p1a: Yurtle the Turtle|26\/100 psn\n|-boost|p2a: Dondozo|atk|1\n|\n|-weather|none\n|-heal|p1a: Yurtle the Turtle|32\/100 psn|[from] Grassy Terrain\n|-heal|p1b: Willa Gorilla|80\/100|[from] Grassy Terrain\n|-heal|p2a: Dondozo|22\/100|[from] Grassy Terrain\n|-damage|p1a: Yurtle the Turtle|20\/100 psn|[from] psn\n|-fieldend|move: Trick Room\n|upkeep\n|turn|6\n|j| JagSamurott\n|\n|t:|1700084960\n|switch|p1a: Rockstar|Ogerpon-Cornerstone, L50, F|100\/100\n|-status|p1a: Rockstar|psn\n|move|p2a: Dondozo|Protect|p2a: Dondozo\n|-singleturn|p2a: Dondozo|Protect\n|move|p1b: Willa Gorilla|Grassy Glide|p2a: Dondozo\n|-activate|p2a: Dondozo|move: Protect\n|\n|-heal|p2a: Dondozo|28\/100|[from] Grassy Terrain\n|-heal|p1b: Willa Gorilla|86\/100|[from] Grassy Terrain\n|-damage|p1a: Rockstar|88\/100 psn|[from] psn\n|upkeep\n|turn|7\n|\n|t:|1700084989\n|-terastallize|p2a: Dondozo|Grass\n|move|p1b: Willa Gorilla|Grassy Glide|p2a: Dondozo\n|-resisted|p2a: Dondozo\n|-damage|p2a: Dondozo|21\/100\n|move|p1a: Rockstar|Ivy Cudgel|p2a: Dondozo|[anim] Ivy Cudgel Rock\n|-damage|p2a: Dondozo|0 fnt\n|faint|p2a: Dondozo\n|\n|-heal|p1a: Rockstar|94\/100 psn|[from] Grassy Terrain\n|-heal|p1b: Willa Gorilla|92\/100|[from] Grassy Terrain\n|-damage|p1a: Rockstar|82\/100 psn|[from] psn\n|-fieldend|move: Grassy Terrain\n|upkeep\n|turn|8\n|c|\u2606somethingelse77|gg\n|c|\u2606UrshifuIncarnate|gg\n|c| kiddy123|gg\n|-message|somethingelse77 forfeited.\n|\n|win|UrshifuIncarnate\n|n|\u2606UrshifuIncarnate|urshifuincarnate\n|n|\u2606somethingelse77|somethingelse77\n|n| StoopyLoopy|stoopyloopy\n|n| Onyx14|onyx14\n|n| Kemils|kemils\n|n| kiddy123|kiddy123\n|n| JagSamurott|jagsamurott\n","uploadtime":1700085007,"views":8,"p1id":"urshifuincarnate","p2id":"somethingelse77","formatid":"gen9vgc2023regulatione","rating":0,"private":0,"password":""}