{"id":"gen9vgc2023regulatione-1988158487","p1":"DaWoblefet","p2":"Monkima","format":"[Gen 9] VGC 2023 Regulation E","log":"|j|\u2606DaWoblefet\n|j|\u2606Monkima\n|n|\u2606DaWoblefet|dawoblefet\n|n|\u2606Monkima|monkima\n|html|View the match progress at <a href=\"\/game-bestof3-gen9vgc2023regulatione-1988155399\">game-bestof3-gen9vgc2023regulatione-1988155399<\/a>\n|t:|1699677165\n|gametype|doubles\n|player|p1|DaWoblefet|#dawoblefet|\n|player|p2|Monkima|170|\n|teamsize|p1|6\n|teamsize|p2|6\n|gen|9\n|tier|[Gen 9] VGC 2023 Regulation E\n|rated|Tournament battle\n|rule|Species Clause: Limit one of each Pok\u00e9mon\n|rule|Item Clause: Limit one of each item\n|clearpoke\n|poke|p1|Dusclops, L50, F|\n|poke|p1|Ursaluna-Bloodmoon, L50, M|\n|poke|p1|Iron Hands, L50|\n|poke|p1|Ogerpon-Wellspring, L50, F|\n|poke|p1|Landorus-Therian, L50, M|\n|poke|p1|Chi-Yu, L50|\n|poke|p2|Cresselia, L50, F|\n|poke|p2|Ursaluna-Bloodmoon, L50, M|\n|poke|p2|Iron Hands, L50|\n|poke|p2|Ogerpon-Wellspring, L50, F|\n|poke|p2|Arcanine-Hisui, L50, M|\n|poke|p2|Flutter Mane, L50|\n|teampreview|4\n|showteam|p1|Dusclops||Eviolite|Pressure|TrickRoom,WillOWisp,PainSplit,BrickBreak|||F|||50|,,,,,Dark]Ursaluna-Bloodmoon||WeaknessPolicy|MindsEye|HyperVoice,EarthPower,BloodMoon,Protect|||M|||50|,,,,,Normal]Iron Hands||AssaultVest|QuarkDrive|DrainPunch,HeavySlam,FakeOut,VoltSwitch||||||50|,,,,,Fire]Ogerpon-Wellspring||WellspringMask|WaterAbsorb|FollowMe,IvyCudgel,HornLeech,SpikyShield|||F|||50|,,,,,Water]Landorus-Therian||ChoiceScarf|Intimidate|RockSlide,Uturn,StompingTantrum,TeraBlast|||M|||50|,,,,,Flying]Chi-Yu||SitrusBerry|BeadsofRuin|HeatWave,DarkPulse,NastyPlot,Protect||||||50|,,,,,Ghost\n|showteam|p2|Cresselia||MentalHerb|Levitate|Psychic,HelpingHand,LunarBlessing,TrickRoom|||F|||50|,,,,,Fire]Ursaluna-Bloodmoon||ThroatSpray|MindsEye|BloodMoon,EarthPower,HyperVoice,Protect|||M|||50|,,,,,Grass]Iron Hands||AssaultVest|QuarkDrive|FakeOut,DrainPunch,WildCharge,HeavySlam||||||50|,,,,,Fire]Ogerpon-Wellspring||WellspringMask|WaterAbsorb|IvyCudgel,FollowMe,HornLeech,SpikyShield|||F|||50|,,,,,Water]Arcanine-Hisui||SitrusBerry|Intimidate|RockSlide,FlareBlitz,ExtremeSpeed,Protect|||M|||50|,,,,,Grass]Flutter Mane||BoosterEnergy|Protosynthesis|Moonblast,ShadowBall,DazzlingGleam,Protect||||||50|,,,,,Fairy\n|j|%Radio Free C-Side\n|j| moonybunny\n|j| LifeOrbPex\n|c|\u2606DaWoblefet|gl hf\n|j| Ligma Corner\n|j| MasterofMetapods5\n|\n|t:|1699677200\n|start\n|switch|p1a: Landorus|Landorus-Therian, L50, M, shiny|100\/100\n|switch|p1b: Chi-Yu|Chi-Yu, L50|100\/100\n|switch|p2a: Flutter Mane|Flutter Mane, L50|100\/100\n|switch|p2b: Ogerpon|Ogerpon-Wellspring, L50, F|100\/100\n|-ability|p1a: Landorus|Intimidate|boost\n|-unboost|p2a: Flutter Mane|atk|1\n|-unboost|p2b: Ogerpon|atk|1\n|-ability|p1b: Chi-Yu|Beads of Ruin\n|-enditem|p2a: Flutter Mane|Booster Energy\n|-activate|p2a: Flutter Mane|ability: Protosynthesis|[fromitem]\n|-start|p2a: Flutter Mane|protosynthesisspa\n|turn|1\n|\n|t:|1699677230\n|switch|p1b: Ogerpon|Ogerpon-Wellspring, L50, F|100\/100\n|-terastallize|p1a: Landorus|Flying\n|-terastallize|p2b: Ogerpon|Water\n|detailschange|p2b: Ogerpon|Ogerpon-Wellspring-Tera, L50, F, tera:Water\n|-ability|p2b: Ogerpon|Embody Aspect (Wellspring)|boost\n|-boost|p2b: Ogerpon|spd|1\n|move|p1a: Landorus|Tera Blast|p2a: Flutter Mane|[anim] Tera Blast Flying\n|-damage|p2a: Flutter Mane|15\/100\n|move|p2a: Flutter Mane|Moonblast|p1a: Landorus\n|-damage|p1a: Landorus|33\/100\n|move|p2b: Ogerpon|Ivy Cudgel|p1a: Landorus\n|-damage|p1a: Landorus|0 fnt\n|faint|p1a: Landorus\n|\n|upkeep\n|\n|t:|1699677245\n|switch|p1a: Iron Hands|Iron Hands, L50, shiny|100\/100\n|turn|2\n|\n|t:|1699677261\n|-end|p1a: Iron Hands|Quark Drive|[silent]\n|switch|p1a: Chi-Yu|Chi-Yu, L50|100\/100\n|-ability|p1a: Chi-Yu|Beads of Ruin\n|move|p2b: Ogerpon|Follow Me|p2b: Ogerpon\n|-singleturn|p2b: Ogerpon|move: Follow Me\n|move|p2a: Flutter Mane|Dazzling Gleam|p1a: Chi-Yu|[spread] p1a,p1b\n|-damage|p1a: Chi-Yu|60\/100\n|-damage|p1b: Ogerpon|51\/100\n|move|p1b: Ogerpon|Horn Leech|p2b: Ogerpon\n|-supereffective|p2b: Ogerpon\n|-damage|p2b: Ogerpon|7\/100\n|-heal|p1b: Ogerpon|98\/100|[from] drain|[of] p2b: Ogerpon\n|\n|upkeep\n|turn|3\n|j| ScaryQwQ\n|l| moonybunny\n|\n|t:|1699677283\n|move|p1b: Ogerpon|Follow Me|p1b: Ogerpon\n|-singleturn|p1b: Ogerpon|move: Follow Me\n|move|p2a: Flutter Mane|Moonblast|p1b: Ogerpon\n|-damage|p1b: Ogerpon|18\/100\n|move|p1a: Chi-Yu|Heat Wave|p2b: Ogerpon|[spread] p2a,p2b\n|-resisted|p2b: Ogerpon\n|-damage|p2a: Flutter Mane|0 fnt\n|-damage|p2b: Ogerpon|0 fnt\n|faint|p2a: Flutter Mane\n|-end|p2a: Flutter Mane|Protosynthesis|[silent]\n|faint|p2b: Ogerpon\n|\n|upkeep\n|\n|t:|1699677291\n|switch|p2a: Iron Hands|Iron Hands, L50|100\/100\n|switch|p2b: Arcanine|Arcanine-Hisui, L50, M|100\/100\n|-ability|p2b: Arcanine|Intimidate|boost\n|-unboost|p1a: Chi-Yu|atk|1\n|-unboost|p1b: Ogerpon|atk|1\n|turn|4\n|\n|t:|1699677317\n|switch|p1a: Iron Hands|Iron Hands, L50, shiny|100\/100\n|move|p1b: Ogerpon|Spiky Shield|p1b: Ogerpon\n|-singleturn|p1b: Ogerpon|move: Protect\n|move|p2b: Arcanine|Extreme Speed|p1b: Ogerpon\n|-activate|p1b: Ogerpon|move: Protect\n|-damage|p2b: Arcanine|88\/100|[from] Spiky Shield|[of] p1b: Ogerpon\n|move|p2a: Iron Hands|Drain Punch|p1a: Iron Hands\n|-damage|p1a: Iron Hands|69\/100\n|\n|upkeep\n|turn|5\n|\n|t:|1699677338\n|move|p2b: Arcanine|Protect|p2b: Arcanine\n|-singleturn|p2b: Arcanine|Protect\n|move|p1a: Iron Hands|Fake Out|p2a: Iron Hands\n|-damage|p2a: Iron Hands|89\/100\n|move|p1b: Ogerpon|Horn Leech|p2a: Iron Hands\n|-damage|p2a: Iron Hands|67\/100\n|-heal|p1b: Ogerpon|32\/100|[from] drain|[of] p2a: Iron Hands\n|cant|p2a: Iron Hands|flinch\n|\n|upkeep\n|turn|6\n|\n|t:|1699677363\n|move|p1b: Ogerpon|Spiky Shield|p1b: Ogerpon\n|-singleturn|p1b: Ogerpon|move: Protect\n|move|p2b: Arcanine|Rock Slide|p1a: Iron Hands|[spread] p1a\n|-activate|p1b: Ogerpon|move: Protect\n|-resisted|p1a: Iron Hands\n|-damage|p1a: Iron Hands|59\/100\n|move|p2a: Iron Hands|Drain Punch|p1a: Iron Hands\n|-damage|p1a: Iron Hands|26\/100\n|-heal|p2a: Iron Hands|84\/100|[from] drain|[of] p1a: Iron Hands\n|move|p1a: Iron Hands|Drain Punch|p2b: Arcanine\n|-supereffective|p2b: Arcanine\n|-damage|p2b: Arcanine|0 fnt\n|-heal|p1a: Iron Hands|64\/100|[from] drain|[of] p2b: Arcanine\n|faint|p2b: Arcanine\n|\n|upkeep\n|turn|7\n|c|\u2606Monkima|ggs\n|\n|t:|1699677388\n|switch|p1b: Chi-Yu|Chi-Yu, L50|60\/100\n|-ability|p1b: Chi-Yu|Beads of Ruin\n|move|p2a: Iron Hands|Drain Punch|p1a: Iron Hands\n|-damage|p1a: Iron Hands|34\/100\n|-heal|p2a: Iron Hands|98\/100|[from] drain|[of] p1a: Iron Hands\n|move|p1a: Iron Hands|Drain Punch|p2a: Iron Hands\n|-crit|p2a: Iron Hands\n|-damage|p2a: Iron Hands|55\/100\n|-heal|p1a: Iron Hands|56\/100|[from] drain|[of] p2a: Iron Hands\n|\n|upkeep\n|turn|8\n|\n|t:|1699677399\n|move|p1b: Chi-Yu|Protect|p1b: Chi-Yu\n|-singleturn|p1b: Chi-Yu|Protect\n|move|p2a: Iron Hands|Drain Punch|p1b: Chi-Yu\n|-activate|p1b: Chi-Yu|move: Protect\n|move|p1a: Iron Hands|Drain Punch|p2a: Iron Hands\n|-damage|p2a: Iron Hands|26\/100\n|-heal|p1a: Iron Hands|71\/100|[from] drain|[of] p2a: Iron Hands\n|\n|upkeep\n|turn|9\n|\n|t:|1699677407\n|move|p1b: Chi-Yu|Heat Wave|p2a: Iron Hands\n|-damage|p2a: Iron Hands|0 fnt\n|faint|p2a: Iron Hands\n|-end|p2a: Iron Hands|Quark Drive|[silent]\n|\n|win|DaWoblefet\n|c|\u2606DaWoblefet|gg\n|l| Radio Free C-Side\n|l|\u2606Monkima\n|l| ScaryQwQ\n|l| MasterofMetapods5\n|j| Im an easy W ngl\n|l| LifeOrbPex\n|l|\u2606DaWoblefet\n|j|\u2606Monkima\n|player|p2|Monkima|170\n|l|\u2606Monkima\n|player|p2|\n|j| christianfinity\n|j| DesertGardener\n|l| Im an easy W ngl\n|l| christianfinity\n|l| DesertGardener\n|j| LasermanZ11\n","uploadtime":1699677796,"views":16,"p1id":"dawoblefet","p2id":"monkima","formatid":"gen9vgc2023regulatione","rating":0,"private":0,"password":""}