{"id":"gen9vgc2023regulatione-1989681542","p1":"SwimWithTheFishies","p2":"Viking_VGC23","format":"[Gen 9] VGC 2023 Regulation E","log":"|j|\u2606SwimWithTheFishies\n|j|\u2606Viking_VGC23\n|t:|1699886364\n|gametype|doubles\n|player|p1|SwimWithTheFishies|swimmer-gen4dp|1207\n|player|p2|Viking_VGC23|101|1272\n|teamsize|p1|6\n|teamsize|p2|6\n|gen|9\n|tier|[Gen 9] VGC 2023 Regulation E\n|rated|\n|rule|Species Clause: Limit one of each Pok\u00e9mon\n|rule|Item Clause: Limit one of each item\n|clearpoke\n|poke|p1|Iron Hands, L50|\n|poke|p1|Landorus-Therian, L50, M|\n|poke|p1|Flutter Mane, L50|\n|poke|p1|Amoonguss, L50, F|\n|poke|p1|Heatran, L50, M|\n|poke|p1|Roaring Moon, L50|\n|poke|p2|Poliwrath, L50, M|\n|poke|p2|Clefairy, L50, F|\n|poke|p2|Politoed, L50, F|\n|poke|p2|Sinistcha, L50|\n|poke|p2|Kingambit, L50, F|\n|poke|p2|Iron Bundle, L50|\n|teampreview|4\n|inactive|Battle timer is ON: inactive players will automatically lose when time's up. (requested by SwimWithTheFishies)\nSwimWithTheFishies has agreed to open team sheets.\n|inactive|SwimWithTheFishies has 60 seconds left.\n|\n|t:|1699886410\n|start\n|switch|p1a: Flutter Mane|Flutter Mane, L50|100\/100\n|switch|p1b: Iron Hands|Iron Hands, L50|100\/100\n|switch|p2a: Poliwrath|Poliwrath, L50, M|100\/100\n|switch|p2b: Clefairy|Clefairy, L50, F|100\/100\n|turn|1\n|inactive|Viking_VGC23 has 30 seconds left.\n|l|\u2606Viking_VGC23\n|inactive|Viking_VGC23 disconnected and has a minute to reconnect!\n|player|p2|\n|inactive|Viking_VGC23 has 20 seconds left.\n|inactive|Viking_VGC23 has 15 seconds left.\n|inactive|Viking_VGC23 has 10 seconds left.\n|j|\u2606Viking_VGC23\n|inactive|Viking_VGC23 reconnected and has 10 seconds left.\n|player|p2|Viking_VGC23|101\n|\n|t:|1699886460\n|-terastallize|p1a: Flutter Mane|Fairy\n|move|p2a: Poliwrath|Protect|p2a: Poliwrath\n|-singleturn|p2a: Poliwrath|Protect\n|move|p2b: Clefairy|Protect|p2b: Clefairy\n|-singleturn|p2b: Clefairy|Protect\n|move|p1b: Iron Hands|Fake Out|p2a: Poliwrath\n|-activate|p2a: Poliwrath|move: Protect\n|move|p1a: Flutter Mane|Dazzling Gleam|p2a: Poliwrath|[spread] \n|-activate|p2a: Poliwrath|move: Protect\n|-activate|p2b: Clefairy|move: Protect\n|\n|upkeep\n|turn|2\n|inactive|SwimWithTheFishies has 30 seconds left.\n|inactive|Viking_VGC23 has 30 seconds left.\n|\n|t:|1699886500\n|-terastallize|p2a: Poliwrath|Poison\n|move|p1a: Flutter Mane|Dazzling Gleam|p2a: Poliwrath|[spread] p2a,p2b\n|-resisted|p2a: Poliwrath\n|-damage|p2a: Poliwrath|82\/100\n|-damage|p2b: Clefairy|41\/100\n|move|p2a: Poliwrath|Belly Drum|p2a: Poliwrath\n|-damage|p2a: Poliwrath|32\/100\n|-setboost|p2a: Poliwrath|atk|6|[from] move: Belly Drum\n|-enditem|p2a: Poliwrath|Sitrus Berry|[eat]\n|-heal|p2a: Poliwrath|57\/100|[from] item: Sitrus Berry\n|move|p1b: Iron Hands|Heavy Slam|p2b: Clefairy\n|-supereffective|p2b: Clefairy\n|-damage|p2b: Clefairy|0 fnt\n|faint|p2b: Clefairy\n|\n|upkeep\n|inactive|Viking_VGC23 has 30 seconds left.\n|inactive|Viking_VGC23 has 20 seconds left.\n|inactive|Viking_VGC23 has 15 seconds left.\n|\n|t:|1699886541\n|switch|p2b: Politoed|Politoed, L50, F|100\/100\n|-weather|RainDance|[from] ability: Drizzle|[of] p2b: Politoed\n|turn|3\n|\n|t:|1699886560\n|move|p2b: Politoed|Helping Hand|p2a: Poliwrath\n|-singleturn|p2a: Poliwrath|Helping Hand|[of] p2b: Politoed\n|move|p2a: Poliwrath|Drain Punch|p1b: Iron Hands\n|-crit|p1b: Iron Hands\n|-damage|p1b: Iron Hands|0 fnt\n|-heal|p2a: Poliwrath|100\/100|[from] drain|[of] p1b: Iron Hands\n|faint|p1b: Iron Hands\n|-end|p1b: Iron Hands|Quark Drive|[silent]\n|move|p1a: Flutter Mane|Dazzling Gleam|p2a: Poliwrath|[spread] p2a,p2b\n|-resisted|p2a: Poliwrath\n|-damage|p2a: Poliwrath|75\/100\n|-damage|p2b: Politoed|55\/100\n|\n|-weather|RainDance|[upkeep]\n|-heal|p2b: Politoed|61\/100|[from] item: Leftovers\n|upkeep\n|\n|t:|1699886573\n|switch|p1b: Amoonguss|Amoonguss, L50, F|100\/100\n|turn|4\n|\n|t:|1699886595\n|move|p2b: Politoed|Helping Hand|p2a: Poliwrath\n|-singleturn|p2a: Poliwrath|Helping Hand|[of] p2b: Politoed\n|move|p2a: Poliwrath|Liquidation|p1b: Amoonguss\n|-resisted|p1b: Amoonguss\n|-damage|p1b: Amoonguss|0 fnt\n|-damage|p2a: Poliwrath|59\/100|[from] item: Rocky Helmet|[of] p1b: Amoonguss\n|faint|p1b: Amoonguss\n|move|p1a: Flutter Mane|Dazzling Gleam|p2a: Poliwrath|[spread] p2a,p2b\n|-resisted|p2a: Poliwrath\n|-damage|p2a: Poliwrath|34\/100\n|-damage|p2b: Politoed|12\/100\n|\n|-weather|RainDance|[upkeep]\n|-heal|p2b: Politoed|18\/100|[from] item: Leftovers\n|upkeep\n|\n|t:|1699886607\n|switch|p1b: Roaring Moon|Roaring Moon, L50|100\/100\n|-enditem|p1b: Roaring Moon|Booster Energy\n|-activate|p1b: Roaring Moon|ability: Protosynthesis|[fromitem]\n|-start|p1b: Roaring Moon|protosynthesisatk\n|turn|5\n|\n|t:|1699886626\n|move|p2b: Politoed|Helping Hand|p2a: Poliwrath\n|-singleturn|p2a: Poliwrath|Helping Hand|[of] p2b: Politoed\n|move|p1b: Roaring Moon|Protect|p1b: Roaring Moon\n|-singleturn|p1b: Roaring Moon|Protect\n|move|p2a: Poliwrath|Drain Punch|p1a: Flutter Mane\n|-resisted|p1a: Flutter Mane\n|-damage|p1a: Flutter Mane|0 fnt\n|-heal|p2a: Poliwrath|71\/100|[from] drain|[of] p1a: Flutter Mane\n|faint|p1a: Flutter Mane\n|-end|p1a: Flutter Mane|Protosynthesis|[silent]\n|\n|-weather|RainDance|[upkeep]\n|-heal|p2b: Politoed|24\/100|[from] item: Leftovers\n|upkeep\n|turn|6\n|\n|t:|1699886643\n|move|p2b: Politoed|Helping Hand|p2a: Poliwrath\n|-singleturn|p2a: Poliwrath|Helping Hand|[of] p2b: Politoed\n|move|p2a: Poliwrath|Drain Punch|p1b: Roaring Moon\n|-supereffective|p1b: Roaring Moon\n|-damage|p1b: Roaring Moon|0 fnt\n|-heal|p2a: Poliwrath|100\/100|[from] drain|[of] p1b: Roaring Moon\n|faint|p1b: Roaring Moon\n|-end|p1b: Roaring Moon|Protosynthesis|[silent]\n|\n|win|Viking_VGC23\n|raw|SwimWithTheFishies's rating: 1207 &rarr; <strong>1187<\/strong><br \/>(-20 for losing)\n|raw|Viking_VGC23's rating: 1272 &rarr; <strong>1292<\/strong><br \/>(+20 for winning)\n","uploadtime":1699886649,"views":27,"p1id":"swimwiththefishies","p2id":"vikingvgc23","formatid":"gen9vgc2023regulatione","rating":1187,"private":0,"password":""}