{"id":"gen9vgc2023regulatione-2000481092","p1":"XleilouX","p2":"Chien-Meow","format":"[Gen 9] VGC 2023 Regulation E","log":"|j|\u2606XleilouX\n|j|\u2606Chien-Meow\n|n|\u2606XleilouX|xleiloux\n|n|\u2606Chien-Meow|chienmeow\n|html|View the match progress at <a href=\"\/game-bestof3-gen9vgc2023regulatione-2000481091\">game-bestof3-gen9vgc2023regulatione-2000481091<\/a>\n|t:|1701198405\n|gametype|doubles\n|player|p1|XleilouX|pokekid|\n|player|p2|Chien-Meow|benga|\n|teamsize|p1|6\n|teamsize|p2|6\n|gen|9\n|tier|[Gen 9] VGC 2023 Regulation E\n|rule|Species Clause: Limit one of each Pok\u00e9mon\n|rule|Item Clause: Limit one of each item\n|clearpoke\n|poke|p1|Azumarill, L50, F|\n|poke|p1|Mimikyu, L50, M|\n|poke|p1|Corviknight, L50, F|\n|poke|p1|Lilligant-Hisui, L50, F|\n|poke|p1|Torkoal, L50, F|\n|poke|p1|Roaring Moon, L50|\n|poke|p2|Dragapult, L50, M|\n|poke|p2|Kingambit, L50, F|\n|poke|p2|Sylveon, L50, M|\n|poke|p2|Palafin, L50, F|\n|poke|p2|Garganacl, L50, M|\n|poke|p2|Infernape, L50, M|\n|teampreview|4\n|inactive|Battle timer is ON: inactive players will automatically lose when time's up. (requested by Chien-Meow)\n|c|\u2606Chien-Meow|hf\n|c|\u2606XleilouX|gl hf\n|inactive|Chien-Meow has 60 seconds left.\n|\n|t:|1701198452\n|start\n|switch|p1a: JoBistNass|Azumarill, L50, F|100\/100\n|switch|p1b: Elektromaus|Mimikyu, L50, M|100\/100\n|switch|p2a: Sylveoff|Sylveon, L50, M|100\/100\n|switch|p2b: Salzhuan|Garganacl, L50, M|100\/100\n|turn|1\n|\n|t:|1701198471\n|switch|p1a: KNightowl|Corviknight, L50, F|100\/100\n|-ability|p1a: KNightowl|Unnerve\n|-terastallize|p2b: Salzhuan|Poison\n|move|p1b: Elektromaus|Trick|p2b: Salzhuan\n|-activate|p1b: Elektromaus|move: Trick|[of] p2b: Salzhuan\n|-item|p2b: Salzhuan|Choice Scarf|[from] move: Trick\n|-item|p1b: Elektromaus|Flame Orb|[from] move: Trick\n|move|p2a: Sylveoff|Hyper Voice|p1a: KNightowl|[spread] p1a,p1b\n|-resisted|p1a: KNightowl\n|-damage|p1a: KNightowl|79\/100\n|-activate|p1b: Elektromaus|ability: Disguise\n|-damage|p1b: Elektromaus|100\/100\n|detailschange|p1b: Elektromaus|Mimikyu-Busted, L50, M\n|-damage|p1b: Elektromaus|89\/100|[from] pokemon: Mimikyu-Busted\n|move|p2b: Salzhuan|Curse|p2b: Salzhuan\n|-unboost|p2b: Salzhuan|spe|1\n|-boost|p2b: Salzhuan|atk|1\n|-boost|p2b: Salzhuan|def|1\n|\n|-status|p1b: Elektromaus|brn|[from] item: Flame Orb\n|upkeep\n|turn|2\n|inactive|XleilouX has 30 seconds left.\n|inactive|Chien-Meow has 30 seconds left.\n|\n|t:|1701198505\n|switch|p2b: Inferno Overdrive|Infernape, L50, M|100\/100\n|move|p1b: Elektromaus|Trick|p2a: Sylveoff\n|-activate|p1b: Elektromaus|move: Trick|[of] p2a: Sylveoff\n|-item|p2a: Sylveoff|Flame Orb|[from] move: Trick\n|-item|p1b: Elektromaus|Light Clay|[from] move: Trick\n|move|p1a: KNightowl|Iron Defense|p1a: KNightowl\n|-boost|p1a: KNightowl|def|2\n|move|p2a: Sylveoff|Reflect|p2a: Sylveoff\n|-sidestart|p2: Chien-Meow|Reflect\n|\n|-damage|p1b: Elektromaus|83\/100 brn|[from] brn\n|-status|p2a: Sylveoff|brn|[from] item: Flame Orb\n|upkeep\n|turn|3\n|inactive|XleilouX has 30 seconds left.\n|inactive|XleilouX has 20 seconds left.\n|\n|t:|1701198543\n|switch|p2a: Yeet the Child|Dragapult, L50, M|100\/100\n|move|p2b: Inferno Overdrive|Fling|p2a: Yeet the Child\n|-supereffective|p2a: Yeet the Child\n|-damage|p2a: Yeet the Child|95\/100\n|-enditem|p2a: Yeet the Child|Weakness Policy\n|-boost|p2a: Yeet the Child|atk|2|[from] item: Weakness Policy\n|-boost|p2a: Yeet the Child|spa|2|[from] item: Weakness Policy\n|-enditem|p2b: Inferno Overdrive|Choice Scarf|[from] move: Fling\n|move|p1b: Elektromaus|Play Rough|p2b: Inferno Overdrive\n|-damage|p2b: Inferno Overdrive|79\/100\n|move|p1a: KNightowl|Brave Bird|p2b: Inferno Overdrive\n|-supereffective|p2b: Inferno Overdrive\n|-damage|p2b: Inferno Overdrive|4\/100\n|-damage|p1a: KNightowl|61\/100|[from] Recoil\n|\n|-damage|p1b: Elektromaus|77\/100 brn|[from] brn\n|upkeep\n|turn|4\n|inactive|XleilouX has 30 seconds left.\n|inactive|XleilouX has 20 seconds left.\n|\n|t:|1701198578\n|move|p2a: Yeet the Child|Protect|p2a: Yeet the Child\n|-singleturn|p2a: Yeet the Child|Protect\n|move|p2b: Inferno Overdrive|Rock Slide|p1b: Elektromaus|[spread] p1a\n|-miss|p2b: Inferno Overdrive|p1b: Elektromaus\n|-damage|p1a: KNightowl|55\/100\n|move|p1b: Elektromaus|Will-O-Wisp|p2a: Yeet the Child\n|-activate|p2a: Yeet the Child|move: Protect\n|move|p1a: KNightowl|Roost|p1a: KNightowl\n|-heal|p1a: KNightowl|100\/100\n|-singleturn|p1a: KNightowl|move: Roost\n|\n|-damage|p1b: Elektromaus|71\/100 brn|[from] brn\n|upkeep\n|turn|5\n|inactive|XleilouX has 30 seconds left.\n|inactive|Chien-Meow has 30 seconds left.\n|inactive|XleilouX has 20 seconds left.\n|inactive|XleilouX has 15 seconds left.\n|\n|t:|1701198620\n|switch|p2b: Salzhuan|Garganacl, L50, M, tera:Poison|100\/100\n|move|p2a: Yeet the Child|Dragon Darts|p1a: KNightowl\n|-resisted|p1a: KNightowl\n|-damage|p1a: KNightowl|93\/100\n|-anim|p2a: Yeet the Child|Dragon Darts|p1a: KNightowl\n|-resisted|p1a: KNightowl\n|-crit|p1a: KNightowl\n|-damage|p1a: KNightowl|68\/100\n|move|p1b: Elektromaus|Will-O-Wisp|p2a: Yeet the Child\n|-status|p2a: Yeet the Child|brn\n|move|p1a: KNightowl|Iron Defense|p1a: KNightowl\n|-boost|p1a: KNightowl|def|2\n|\n|-damage|p2a: Yeet the Child|89\/100 brn|[from] brn\n|-damage|p1b: Elektromaus|65\/100 brn|[from] brn\n|upkeep\n|turn|6\n|inactive|XleilouX has 30 seconds left.\n|\n|t:|1701198651\n|move|p2a: Yeet the Child|Protect|p2a: Yeet the Child\n|-singleturn|p2a: Yeet the Child|Protect\n|move|p1b: Elektromaus|Play Rough|p2a: Yeet the Child\n|-activate|p2a: Yeet the Child|move: Protect\n|move|p1a: KNightowl|Roost|p1a: KNightowl\n|-heal|p1a: KNightowl|100\/100\n|-singleturn|p1a: KNightowl|move: Roost\n|move|p2b: Salzhuan|Salt Cure|p1a: KNightowl\n|-resisted|p1a: KNightowl\n|-damage|p1a: KNightowl|99\/100\n|\n|-damage|p2a: Yeet the Child|83\/100 brn|[from] brn\n|-damage|p1b: Elektromaus|59\/100 brn|[from] brn\n|-sideend|p2: Chien-Meow|Reflect\n|upkeep\n|turn|7\n|\n|t:|1701198673\n|move|p2a: Yeet the Child|Dragon Darts|p1a: KNightowl\n|-resisted|p1a: KNightowl\n|-damage|p1a: KNightowl|97\/100\n|-anim|p2a: Yeet the Child|Dragon Darts|p1a: KNightowl\n|-resisted|p1a: KNightowl\n|-damage|p1a: KNightowl|95\/100\n|move|p1b: Elektromaus|Play Rough|p2a: Yeet the Child\n|-supereffective|p2a: Yeet the Child\n|-damage|p2a: Yeet the Child|33\/100 brn\n|move|p1a: KNightowl|Iron Defense|p1a: KNightowl\n|-boost|p1a: KNightowl|def|2\n|move|p2b: Salzhuan|Salt Cure|p1b: Elektromaus\n|-damage|p1b: Elektromaus|38\/100 brn\n|-start|p1b: Elektromaus|Salt Cure\n|\n|-damage|p2a: Yeet the Child|28\/100 brn|[from] brn\n|-damage|p1b: Elektromaus|32\/100 brn|[from] brn\n|-damage|p1b: Elektromaus|20\/100 brn|[from] Salt Cure\n|upkeep\n|turn|8\n|inactive|XleilouX has 30 seconds left.\n|inactive|XleilouX has 20 seconds left.\n|\n|t:|1701198711\n|move|p2a: Yeet the Child|Protect|p2a: Yeet the Child\n|-singleturn|p2a: Yeet the Child|Protect\n|move|p1b: Elektromaus|Play Rough|p2a: Yeet the Child\n|-activate|p2a: Yeet the Child|move: Protect\n|move|p1a: KNightowl|Body Press|p2b: Salzhuan\n|-resisted|p2b: Salzhuan\n|-damage|p2b: Salzhuan|64\/100\n|move|p2b: Salzhuan|Salt Cure|p1a: KNightowl\n|-damage|p1a: KNightowl|92\/100\n|\n|-damage|p2a: Yeet the Child|22\/100 brn|[from] brn\n|-damage|p1b: Elektromaus|15\/100 brn|[from] brn\n|-damage|p1b: Elektromaus|3\/100 brn|[from] Salt Cure\n|upkeep\n|turn|9\n|inactive|Chien-Meow has 30 seconds left.\n|\n|t:|1701198737\n|switch|p2b: Sylveoff|Sylveon, L50, M|100\/100 brn\n|move|p2a: Yeet the Child|Sucker Punch|p1b: Elektromaus\n|-damage|p1b: Elektromaus|0 fnt\n|faint|p1b: Elektromaus\n|move|p1a: KNightowl|Body Press|p2b: Sylveoff\n|-resisted|p2b: Sylveoff\n|-damage|p2b: Sylveoff|30\/100 brn\n|\n|-damage|p2a: Yeet the Child|16\/100 brn|[from] brn\n|-damage|p2b: Sylveoff|24\/100 brn|[from] brn\n|upkeep\n|\n|t:|1701198759\n|switch|p1b: JoBistNass|Azumarill, L50, F|100\/100\n|turn|10\n|\n|t:|1701198768\n|move|p1b: JoBistNass|Aqua Jet|p2a: Yeet the Child\n|-resisted|p2a: Yeet the Child\n|-crit|p2a: Yeet the Child\n|-damage|p2a: Yeet the Child|0 fnt\n|faint|p2a: Yeet the Child\n|move|p1a: KNightowl|Body Press|p2b: Sylveoff\n|-resisted|p2b: Sylveoff\n|-damage|p2b: Sylveoff|0 fnt\n|faint|p2b: Sylveoff\n|\n|upkeep\n|\n|t:|1701198772\n|switch|p2a: Salzhuan|Garganacl, L50, M, tera:Poison|64\/100\n|switch|p2b: Inferno Overdrive|Infernape, L50, M|4\/100\n|turn|11\n|\n|t:|1701198787\n|move|p2b: Inferno Overdrive|Fake Out|p1a: KNightowl\n|-resisted|p1a: KNightowl\n|-damage|p1a: KNightowl|91\/100\n|move|p1b: JoBistNass|Aqua Jet|p2b: Inferno Overdrive\n|-supereffective|p2b: Inferno Overdrive\n|-damage|p2b: Inferno Overdrive|0 fnt\n|faint|p2b: Inferno Overdrive\n|move|p1a: KNightowl|Body Press|p2a: Salzhuan\n|-resisted|p2a: Salzhuan\n|-damage|p2a: Salzhuan|28\/100\n|move|p2a: Salzhuan|Salt Cure|p1b: JoBistNass\n|-damage|p1b: JoBistNass|87\/100\n|-start|p1b: JoBistNass|Salt Cure\n|\n|-damage|p1b: JoBistNass|62\/100|[from] Salt Cure\n|upkeep\n|turn|12\n|\n|t:|1701198805\n|move|p1b: JoBistNass|Aqua Jet|p2a: Salzhuan\n|-damage|p2a: Salzhuan|2\/100\n|move|p1a: KNightowl|Body Press|p2a: Salzhuan\n|-resisted|p2a: Salzhuan\n|-damage|p2a: Salzhuan|0 fnt\n|faint|p2a: Salzhuan\n|\n|win|XleilouX\n|c|&|\/uhtml prompt-chienmeow,Chien-Meow is ready for game 2!\n|c|&|\/uhtml prompt-xleiloux,XleilouX is ready for game 2!\nBoth players are ready! Starting next match!\n","uploadtime":1701199108,"views":3,"p1id":"xleiloux","p2id":"chienmeow","formatid":"gen9vgc2023regulatione","rating":0,"private":0,"password":""}