{"id":"gen9vgc2023regulatione-1996219794","p1":"KaosCarter","p2":"Eviovulpix","format":"[Gen 9] VGC 2023 Regulation E","log":"|j|\u2606KaosCarter\n|j|\u2606Eviovulpix\n|n|\u2606KaosCarter|kaoscarter\n|n|\u2606Eviovulpix|eviovulpix\n|html|View the match progress at <a href=\"\/game-bestof3-gen9vgc2023regulatione-1996219793\">game-bestof3-gen9vgc2023regulatione-1996219793<\/a>\n|t:|1700660652\n|gametype|doubles\n|player|p1|KaosCarter|acetrainer-gen4dp|\n|player|p2|Eviovulpix|dragontamer|\n|teamsize|p1|6\n|teamsize|p2|6\n|gen|9\n|tier|[Gen 9] VGC 2023 Regulation E\n|rule|Species Clause: Limit one of each Pok\u00e9mon\n|rule|Item Clause: Limit one of each item\n|clearpoke\n|poke|p1|Heatran, L50, M|\n|poke|p1|Tornadus, L50, M|\n|poke|p1|Sneasler, L50, F|\n|poke|p1|Shiftry, L50, M|\n|poke|p1|Chi-Yu, L50|\n|poke|p1|Indeedee-F, L50, F|\n|poke|p2|Dusclops, L50, M|\n|poke|p2|Ursaluna-Bloodmoon, L50, M|\n|poke|p2|Chi-Yu, L50|\n|poke|p2|Landorus-Therian, L50, M|\n|poke|p2|Iron Hands, L50|\n|poke|p2|Ogerpon-Wellspring, L50, F|\n|teampreview|4\nKaosCarter has agreed to open team sheets.\n|l|\u2606KaosCarter\n|player|p1|\nEviovulpix has agreed to open team sheets.\n|showteam|p1|Heatran||SitrusBerry|FlashFire|Protect,HeatWave,EarthPower,FlashCannon|||M|||50|,,,,,Fairy]Tornadus||MentalHerb|Prankster|BleakwindStorm,Tailwind,SunnyDay,ScaryFace|||M|||50|,,,,,Ghost]Sneasler||ClearAmulet|PoisonTouch|Protect,DireClaw,CloseCombat,FakeOut|||F|||50|,,,,,Flying]Shiftry||FocusSash|WindRider|SuckerPunch,Reversal,LeafBlade,FakeOut|||M|||50|,,,,,Ghost]Chi-Yu||ChoiceSpecs|BeadsofRuin|HeatWave,Psychic,Overheat,DarkPulse||||||50|,,,,,Ghost]Indeedee-F||PsychicSeed|PsychicSurge|FollowMe,Psyshock,TrickRoom,Imprison|||F|||50|,,,,,Fairy\n|showteam|p2|Dusclops||Eviolite|Frisk|NightShade,WillOWisp,PainSplit,TrickRoom|||M|||50|,,,,,Dark]Ursaluna-Bloodmoon||LifeOrb|MindsEye|BloodMoon,HyperVoice,Protect,EarthPower|||M|||50|,,,,,Normal]Chi-Yu||FocusSash|BeadsofRuin|Snarl,DarkPulse,HeatWave,Protect||||||50|,,,,,Ghost]Landorus-Therian||ChoiceScarf|Intimidate|TeraBlast,RockTomb,StompingTantrum,Uturn|||M|||50|,,,,,Flying]Iron Hands||AssaultVest|QuarkDrive|FakeOut,HeavySlam,DrainPunch,WildCharge||||||50|,,,,,Fire]Ogerpon-Wellspring||WellspringMask|WaterAbsorb|IvyCudgel,HornLeech,FollowMe,SpikyShield|||F|||50|,,,,,Water\n|j|\u2606KaosCarter\n|player|p1|KaosCarter|acetrainer-gen4dp\n|inactive|Battle timer is ON: inactive players will automatically lose when time's up. (requested by KaosCarter)\n|\n|t:|1700660716\n|start\n|switch|p1a: Heatran|Heatran, L50, M|100\/100\n|switch|p1b: Tornadus|Tornadus, L50, M|100\/100\n|switch|p2a: Landorus|Landorus-Therian, L50, M|100\/100\n|switch|p2b: Chi-Yu|Chi-Yu, L50|100\/100\n|-ability|p2a: Landorus|Intimidate|boost\n|-unboost|p1a: Heatran|atk|1\n|-unboost|p1b: Tornadus|atk|1\n|-ability|p2b: Chi-Yu|Beads of Ruin\n|turn|1\n|\n|t:|1700660740\n|move|p1a: Heatran|Protect|p1a: Heatran\n|-singleturn|p1a: Heatran|Protect\n|move|p1b: Tornadus|Tailwind|p1b: Tornadus\n|-sidestart|p1: KaosCarter|move: Tailwind\n|move|p2a: Landorus|Rock Tomb|p1b: Tornadus\n|-supereffective|p1b: Tornadus\n|-damage|p1b: Tornadus|33\/100\n|-unboost|p1b: Tornadus|spe|1\n|move|p2b: Chi-Yu|Snarl|p1a: Heatran|[spread] p1b\n|-activate|p1a: Heatran|move: Protect\n|-damage|p1b: Tornadus|0 fnt\n|faint|p1b: Tornadus\n|\n|upkeep\n|\n|t:|1700660759\n|switch|p1b: Chi-Yu|Chi-Yu, L50|100\/100\n|-ability|p1b: Chi-Yu|Beads of Ruin\n|turn|2\n|\n|t:|1700660778\n|move|p1b: Chi-Yu|Heat Wave|p2b: Chi-Yu|[spread] p2a,p2b\n|-resisted|p2b: Chi-Yu\n|-damage|p2a: Landorus|11\/100\n|-damage|p2b: Chi-Yu|68\/100\n|move|p2a: Landorus|Rock Tomb|p1b: Chi-Yu\n|-supereffective|p1b: Chi-Yu\n|-damage|p1b: Chi-Yu|22\/100\n|-unboost|p1b: Chi-Yu|spe|1\n|move|p1a: Heatran|Heat Wave|p2a: Landorus|[spread] p2a,p2b\n|-resisted|p2b: Chi-Yu\n|-damage|p2a: Landorus|0 fnt\n|-damage|p2b: Chi-Yu|45\/100\n|faint|p2a: Landorus\n|move|p2b: Chi-Yu|Snarl|p1b: Chi-Yu|[spread] p1a,p1b\n|-resisted|p1b: Chi-Yu\n|-damage|p1a: Heatran|76\/100\n|-damage|p1b: Chi-Yu|9\/100\n|-unboost|p1a: Heatran|spa|1\n|-unboost|p1b: Chi-Yu|spa|1\n|\n|upkeep\n|\n|t:|1700660795\n|switch|p2a: Dusclops|Dusclops, L50, M|100\/100\n|-item|p1a: Heatran|Sitrus Berry|[from] ability: Frisk|[of] p2a: Dusclops|[identify]\n|-item|p1b: Chi-Yu|Choice Specs|[from] ability: Frisk|[of] p2a: Dusclops|[identify]\n|turn|3\n|\n|t:|1700660809\n|-terastallize|p2a: Dusclops|Dark\n|move|p2b: Chi-Yu|Protect|p2b: Chi-Yu\n|-singleturn|p2b: Chi-Yu|Protect\n|move|p1b: Chi-Yu|Heat Wave|p2b: Chi-Yu|[spread] p2a\n|-activate|p2b: Chi-Yu|move: Protect\n|-damage|p2a: Dusclops|75\/100\n|move|p1a: Heatran|Heat Wave|p2a: Dusclops|[spread] \n|-activate|p2b: Chi-Yu|move: Protect\n|-miss|p1a: Heatran|p2a: Dusclops\n|move|p2a: Dusclops|Trick Room|p2a: Dusclops\n|-fieldstart|move: Trick Room|[of] p2a: Dusclops\n|\n|upkeep\n|turn|4\n|inactive|KaosCarter has 30 seconds left.\n|\n|t:|1700660840\n|switch|p1b: Sneasler|Sneasler, L50, F|100\/100\n|move|p1a: Heatran|Protect|p1a: Heatran\n|-singleturn|p1a: Heatran|Protect\n|move|p2a: Dusclops|Pain Split|p1a: Heatran\n|-activate|p1a: Heatran|move: Protect\n|move|p2b: Chi-Yu|Snarl|p1b: Sneasler|[spread] p1b\n|-activate|p1a: Heatran|move: Protect\n|-resisted|p1b: Sneasler\n|-damage|p1b: Sneasler|83\/100\n|\n|-sideend|p1: KaosCarter|move: Tailwind\n|upkeep\n|turn|5\n|inactive|KaosCarter has 30 seconds left.\n|\n|t:|1700660869\n|move|p2a: Dusclops|Will-O-Wisp|p1b: Sneasler\n|-status|p1b: Sneasler|brn\n|move|p1a: Heatran|Earth Power|p2b: Chi-Yu\n|-supereffective|p2b: Chi-Yu\n|-damage|p2b: Chi-Yu|0 fnt\n|faint|p2b: Chi-Yu\n|move|p1b: Sneasler|Close Combat|p2a: Dusclops\n|-supereffective|p2a: Dusclops\n|-damage|p2a: Dusclops|37\/100\n|-unboost|p1b: Sneasler|def|1\n|-unboost|p1b: Sneasler|spd|1\n|\n|-damage|p1b: Sneasler|78\/100 brn|[from] brn\n|upkeep\n|\n|t:|1700660881\n|switch|p2b: Ursaluna|Ursaluna-Bloodmoon, L50, M|100\/100\n|turn|6\n|\n|t:|1700660892\n|move|p1a: Heatran|Protect|p1a: Heatran\n|-singleturn|p1a: Heatran|Protect\n|move|p1b: Sneasler|Protect|p1b: Sneasler\n|-singleturn|p1b: Sneasler|Protect\n|move|p2a: Dusclops|Pain Split|p1a: Heatran\n|-activate|p1a: Heatran|move: Protect\n|move|p2b: Ursaluna|Hyper Voice|p1a: Heatran|[spread] \n|-activate|p1a: Heatran|move: Protect\n|-activate|p1b: Sneasler|move: Protect\n|\n|-damage|p1b: Sneasler|72\/100 brn|[from] brn\n|upkeep\n|turn|7\n|inactive|KaosCarter has 30 seconds left.\n|\n|t:|1700660920\n|switch|p1a: Chi-Yu|Chi-Yu, L50|9\/100\n|-ability|p1a: Chi-Yu|Beads of Ruin\n|move|p2a: Dusclops|Pain Split|p1a: Chi-Yu\n|-sethp|p1a: Chi-Yu|23\/100|[from] move: Pain Split|[silent]\n|-sethp|p2a: Dusclops|22\/100|[from] move: Pain Split\n|move|p2b: Ursaluna|Hyper Voice|p1b: Sneasler|[spread] p1a,p1b\n|-damage|p1a: Chi-Yu|0 fnt\n|-damage|p1b: Sneasler|0 fnt\n|faint|p1a: Chi-Yu\n|faint|p1b: Sneasler\n|-damage|p2b: Ursaluna|90\/100|[from] item: Life Orb\n|\n|-fieldend|move: Trick Room\n|upkeep\n|\n|t:|1700660936\n|switch|p1b: Heatran|Heatran, L50, M|76\/100\n|turn|8\n|\n|t:|1700660946\n|-terastallize|p1b: Heatran|Fairy\n|move|p1b: Heatran|Heat Wave|p2b: Ursaluna|[spread] p2a,p2b\n|-damage|p2a: Dusclops|1\/100\n|-damage|p2b: Ursaluna|47\/100\n|move|p2b: Ursaluna|Earth Power|p1b: Heatran\n|-damage|p1b: Heatran|9\/100\n|-enditem|p1b: Heatran|Sitrus Berry|[eat]\n|-heal|p1b: Heatran|34\/100|[from] item: Sitrus Berry\n|-damage|p2b: Ursaluna|37\/100|[from] item: Life Orb\n|move|p2a: Dusclops|Trick Room|p2a: Dusclops\n|-fieldstart|move: Trick Room|[of] p2a: Dusclops\n|\n|upkeep\n|turn|9\n|\n|t:|1700660960\n|move|p2a: Dusclops|Night Shade|p1b: Heatran\n|-damage|p1b: Heatran|7\/100\n|move|p2b: Ursaluna|Blood Moon|p1b: Heatran\n|-damage|p1b: Heatran|0 fnt\n|faint|p1b: Heatran\n|-damage|p2b: Ursaluna|27\/100|[from] item: Life Orb\n|\n|win|Eviovulpix\n|c|&|\/uhtml prompt-kaoscarter,KaosCarter is ready for game 2!\n|c|&|\/uhtml prompt-eviovulpix,Eviovulpix is ready for game 2!\nBoth players are ready! Starting next match!\n|l|\u2606KaosCarter\n","uploadtime":1700661441,"views":4,"p1id":"kaoscarter","p2id":"eviovulpix","formatid":"gen9vgc2023regulatione","rating":0,"private":0,"password":""}