{"id":"gen9vgc2023regulatione-1991682904","p1":"atworkyolo14","p2":"Lazy2Think","format":"[Gen 9] VGC 2023 Regulation E","log":"|j|\u2606atworkyolo14\n|j|\u2606Lazy2Think\n|t:|1700102202\n|gametype|doubles\n|player|p1|atworkyolo14|170|1166\n|player|p2|Lazy2Think|169|1260\n|teamsize|p1|6\n|teamsize|p2|6\n|gen|9\n|tier|[Gen 9] VGC 2023 Regulation E\n|rated|\n|rule|Species Clause: Limit one of each Pok\u00e9mon\n|rule|Item Clause: Limit one of each item\n|clearpoke\n|poke|p1|Oranguru, L50, F|\n|poke|p1|Arcanine-Hisui, L50, F|\n|poke|p1|Sinistcha-Masterpiece, L50|\n|poke|p1|Iron Hands, L50|\n|poke|p1|Ursaluna-Bloodmoon, L50, M|\n|poke|p1|Moltres-Galar, L50|\n|poke|p2|Weezing, L50, F|\n|poke|p2|Roaring Moon, L50|\n|poke|p2|Ogerpon-Wellspring, L50, F|\n|poke|p2|Iron Hands, L50|\n|poke|p2|Flutter Mane, L50|\n|poke|p2|Landorus-Therian, L50, M|\n|teampreview|4\n|inactive|Battle timer is ON: inactive players will automatically lose when time's up. (requested by atworkyolo14)\n|\n|t:|1700102230\n|start\n|switch|p1a: Oranguru|Oranguru, L50, F|100\/100\n|switch|p1b: Iron Hands|Iron Hands, L50|100\/100\n|switch|p2a: Weezing|Weezing, L50, F|100\/100\n|switch|p2b: Roaring Moon|Roaring Moon, L50|100\/100\n|-ability|p2a: Weezing|Neutralizing Gas\n|-enditem|p2b: Roaring Moon|Booster Energy\n|-activate|p2b: Roaring Moon|ability: Protosynthesis|[fromitem]\n|-start|p2b: Roaring Moon|protosynthesisatk\n|turn|1\n|\n|t:|1700102255\n|-end|p1b: Iron Hands|Quark Drive|[silent]\n|switch|p1b: Ursaluna|Ursaluna-Bloodmoon, L50, M|100\/100\n|-terastallize|p1a: Oranguru|Fairy\n|move|p2b: Roaring Moon|Knock Off|p1a: Oranguru\n|-resisted|p1a: Oranguru\n|-damage|p1a: Oranguru|75\/100\n|-enditem|p1a: Oranguru|Mental Herb|[from] move: Knock Off|[of] p2b: Roaring Moon\n|move|p2a: Weezing|Will-O-Wisp|p1b: Ursaluna\n|-status|p1b: Ursaluna|brn\n|move|p1a: Oranguru|Trick Room|p1a: Oranguru\n|-fieldstart|move: Trick Room|[of] p1a: Oranguru\n|\n|-damage|p1b: Ursaluna|95\/100 brn|[from] brn\n|upkeep\n|turn|2\n|\n|t:|1700102271\n|-end|p2b: Roaring Moon|Protosynthesis|[silent]\n|switch|p2b: Flutter Mane|Flutter Mane, L50|100\/100\n|move|p2a: Weezing|Protect|p2a: Weezing\n|-singleturn|p2a: Weezing|Protect\n|move|p1b: Ursaluna|Hyper Voice|p2a: Weezing|[spread] \n|-activate|p2a: Weezing|move: Protect\n|-immune|p2b: Flutter Mane\n|move|p1a: Oranguru|Instruct|p1b: Ursaluna\n|-singleturn|p1b: Ursaluna|move: Instruct|[of] p1a: Oranguru\n|move|p1b: Ursaluna|Hyper Voice|p2a: Weezing|[spread] \n|-activate|p2a: Weezing|move: Protect\n|-immune|p2b: Flutter Mane\n|\n|-damage|p1b: Ursaluna|89\/100 brn|[from] brn\n|upkeep\n|turn|3\n|inactive|Lazy2Think has 30 seconds left.\n|inactive|Lazy2Think has 20 seconds left.\n|inactive|Lazy2Think has 15 seconds left.\n|inactive|Lazy2Think has 10 seconds left.\n|inactive|Lazy2Think has 5 seconds left.\n|\n|t:|1700102324\n|-terastallize|p2a: Weezing|Ghost\n|move|p1b: Ursaluna|Earth Power|p2a: Weezing\n|-damage|p2a: Weezing|55\/100\n|move|p1a: Oranguru|Encore|p2a: Weezing\n|-start|p2a: Weezing|Encore\n|move|p2a: Weezing|Protect|p2a: Weezing\n|-singleturn|p2a: Weezing|Protect\n|move|p2b: Flutter Mane|Moonblast|p1b: Ursaluna\n|-damage|p1b: Ursaluna|19\/100 brn\n|\n|-damage|p1b: Ursaluna|13\/100 brn|[from] brn\n|upkeep\n|turn|4\n|inactive|atworkyolo14 has 30 seconds left.\n|\n|t:|1700102356\n|move|p2a: Weezing|Protect||[still]\n|-fail|p2a: Weezing\n|move|p1b: Ursaluna|Earth Power|p2b: Flutter Mane\n|-damage|p2b: Flutter Mane|44\/100\n|move|p1a: Oranguru|Psyshock|p2b: Flutter Mane\n|-damage|p2b: Flutter Mane|0 fnt\n|faint|p2b: Flutter Mane\n|-end|p2b: Flutter Mane|Protosynthesis|[silent]\n|\n|-damage|p1b: Ursaluna|7\/100 brn|[from] brn\n|upkeep\n|\n|t:|1700102369\n|switch|p2b: Landorus|Landorus-Therian, L50, M|100\/100\n|turn|5\n|\n|t:|1700102389\n|switch|p1a: Sinistcha|Sinistcha-Masterpiece, L50|100\/100\n|move|p2a: Weezing|Protect|p2a: Weezing\n|-singleturn|p2a: Weezing|Protect\n|move|p1b: Ursaluna|Blood Moon|p2b: Landorus\n|-damage|p2b: Landorus|0 fnt\n|faint|p2b: Landorus\n|\n|-damage|p1b: Ursaluna|1\/100 brn|[from] brn\n|-end|p2a: Weezing|Encore\n|-fieldend|move: Trick Room\n|upkeep\n|\n|t:|1700102397\n|switch|p2b: Roaring Moon|Roaring Moon, L50|100\/100\n|turn|6\n|inactive|Lazy2Think has 30 seconds left.\n|\n|t:|1700102423\n|switch|p1a: Iron Hands|Iron Hands, L50|100\/100\n|move|p2b: Roaring Moon|Knock Off|p1b: Ursaluna\n|-damage|p1b: Ursaluna|0 fnt\n|-enditem|p1b: Ursaluna|Throat Spray|[from] move: Knock Off|[of] p2b: Roaring Moon\n|faint|p1b: Ursaluna\n|move|p2a: Weezing|Sludge Bomb|p1a: Iron Hands\n|-damage|p1a: Iron Hands|88\/100\n|-status|p1a: Iron Hands|psn\n|\n|-damage|p1a: Iron Hands|75\/100 psn|[from] psn\n|upkeep\n|\n|t:|1700102433\n|switch|p1b: Oranguru|Oranguru, L50, F, tera:Fairy|75\/100\n|turn|7\n|\n|t:|1700102454\n|move|p2b: Roaring Moon|Knock Off|p1a: Iron Hands\n|-resisted|p1a: Iron Hands\n|-damage|p1a: Iron Hands|57\/100 psn\n|-enditem|p1a: Iron Hands|Assault Vest|[from] move: Knock Off|[of] p2b: Roaring Moon\n|move|p2a: Weezing|Sludge Bomb|p1b: Oranguru\n|-supereffective|p1b: Oranguru\n|-damage|p1b: Oranguru|28\/100\n|move|p1b: Oranguru|Psyshock|p2a: Weezing\n|-damage|p2a: Weezing|32\/100\n|-enditem|p2a: Weezing|Sitrus Berry|[eat]\n|-heal|p2a: Weezing|57\/100|[from] item: Sitrus Berry\n|move|p1a: Iron Hands|Drain Punch|p2b: Roaring Moon\n|-supereffective|p2b: Roaring Moon\n|-damage|p2b: Roaring Moon|0 fnt\n|-heal|p1a: Iron Hands|95\/100 psn|[from] drain|[of] p2b: Roaring Moon\n|faint|p2b: Roaring Moon\n|-end|p2b: Roaring Moon|Protosynthesis|[silent]\n|\n|-damage|p1a: Iron Hands|83\/100 psn|[from] psn\n|upkeep\n|turn|8\n|inactive|atworkyolo14 has 30 seconds left.\n|\n|t:|1700102479\n|move|p2a: Weezing|Sludge Bomb|p1b: Oranguru\n|-supereffective|p1b: Oranguru\n|-damage|p1b: Oranguru|0 fnt\n|faint|p1b: Oranguru\n|move|p1a: Iron Hands|Wild Charge|p2a: Weezing\n|-damage|p2a: Weezing|9\/100\n|-damage|p1a: Iron Hands|74\/100 psn|[from] Recoil\n|\n|-damage|p1a: Iron Hands|62\/100 psn|[from] psn\n|upkeep\n|\n|t:|1700102482\n|switch|p1b: Sinistcha|Sinistcha-Masterpiece, L50|100\/100\n|turn|9\n|-message|Lazy2Think forfeited.\n|\n|win|atworkyolo14\n|raw|atworkyolo14's rating: 1166 &rarr; <strong>1198<\/strong><br \/>(+32 for winning)\n|raw|Lazy2Think's rating: 1260 &rarr; <strong>1228<\/strong><br \/>(-32 for losing)\n|l|\u2606Lazy2Think\n","uploadtime":1700102496,"views":17,"p1id":"atworkyolo14","p2id":"lazy2think","formatid":"gen9vgc2023regulatione","rating":1198,"private":0,"password":""}