{"id":"gen9vgc2023regulatione-1996727632","p1":"big_pan_the_goat","p2":"mochipupusa","format":"[Gen 9] VGC 2023 Regulation E","log":"|j|\u2606big_pan_the_goat\n|j|\u2606mochipupusa\n|t:|1700715323\n|gametype|doubles\n|player|p1|big_pan_the_goat|wallace|1157\n|player|p2|mochipupusa|101|1267\n|teamsize|p1|6\n|teamsize|p2|6\n|gen|9\n|tier|[Gen 9] VGC 2023 Regulation E\n|rated|\n|rule|Species Clause: Limit one of each Pok\u00e9mon\n|rule|Item Clause: Limit one of each item\n|clearpoke\n|poke|p1|Zoroark-Hisui, L50, M|\n|poke|p1|Farigiraf, L50, M|\n|poke|p1|Urshifu-*, L50, M|\n|poke|p1|Ogerpon-Hearthflame, L50, F|\n|poke|p1|Iron Hands, L50|\n|poke|p1|Tornadus, L50, M|\n|poke|p2|Roaring Moon, L50|\n|poke|p2|Milotic, L50, F|\n|poke|p2|Landorus-Therian, L50, M|\n|poke|p2|Flutter Mane, L50|\n|poke|p2|Iron Hands, L50|\n|poke|p2|Ogerpon-Hearthflame, L50, F|\n|teampreview|4\nmochipupusa has agreed to open team sheets.\nbig_pan_the_goat has agreed to open team sheets.\n|\n|t:|1700715373\n|start\n|switch|p1a: Iron Hands|Iron Hands, L50|100\/100\n|switch|p1b: Tornadus|Tornadus, L50, M|100\/100\n|switch|p2a: Roaring Moon|Roaring Moon, L50|100\/100\n|switch|p2b: Flutter Mane|Flutter Mane, L50|100\/100\n|-enditem|p2a: Roaring Moon|Booster Energy\n|-activate|p2a: Roaring Moon|ability: Protosynthesis|[fromitem]\n|-start|p2a: Roaring Moon|protosynthesisatk\n|turn|1\n|\n|t:|1700715390\n|move|p1a: Iron Hands|Shadow Ball|p2b: Flutter Mane\n|-supereffective|p2b: Flutter Mane\n|-damage|p2b: Flutter Mane|22\/100\n|move|p2b: Flutter Mane|Moonblast|p1a: Iron Hands\n|-enditem|p1a: Iron Hands|Focus Sash\n|-damage|p1a: Iron Hands|1\/100\n|-unboost|p1a: Iron Hands|spa|1\n|replace|p1a: Zoroark|Zoroark-Hisui, L50, M\n|-end|p1a: Zoroark|Illusion\n|move|p2a: Roaring Moon|Knock Off|p1a: Zoroark\n|-supereffective|p1a: Zoroark\n|-damage|p1a: Zoroark|0 fnt\n|faint|p1a: Zoroark\n|move|p1b: Tornadus|Bleakwind Storm|p2b: Flutter Mane|[spread] p2a,p2b\n|-damage|p2a: Roaring Moon|77\/100\n|-damage|p2b: Flutter Mane|0 fnt\n|faint|p2b: Flutter Mane\n|-end|p2b: Flutter Mane|Protosynthesis|[silent]\n|\n|upkeep\n|\n|t:|1700715411\n|switch|p1a: Iron Hands|Iron Hands, L50|100\/100\n|switch|p2b: Landorus|Landorus-Therian, L50, M|100\/100\n|-ability|p2b: Landorus|Intimidate|boost\n|-unboost|p1a: Iron Hands|atk|1\n|-unboost|p1b: Tornadus|atk|1\n|turn|2\n|\n|t:|1700715451\n|-terastallize|p2a: Roaring Moon|Flying\n|move|p1a: Iron Hands|Fake Out|p2a: Roaring Moon\n|-damage|p2a: Roaring Moon|66\/100\n|move|p2b: Landorus|Earthquake|p1a: Iron Hands|[spread] p1a\n|-immune|p2a: Roaring Moon\n|-immune|p1b: Tornadus\n|-supereffective|p1a: Iron Hands\n|-damage|p1a: Iron Hands|51\/100\n|cant|p2a: Roaring Moon|flinch\n|move|p1b: Tornadus|Knock Off|p2b: Landorus\n|-damage|p2b: Landorus|83\/100\n|-enditem|p2b: Landorus|Choice Scarf|[from] move: Knock Off|[of] p1b: Tornadus\n|\n|upkeep\n|turn|3\n|\n|t:|1700715479\n|move|p1b: Tornadus|Tailwind|p1b: Tornadus\n|-sidestart|p1: big_pan_the_goat|move: Tailwind\n|move|p2a: Roaring Moon|Acrobatics|p1a: Iron Hands\n|-damage|p1a: Iron Hands|1\/100\n|move|p2b: Landorus|Rock Slide|p1a: Iron Hands|[spread] p1a,p1b\n|-resisted|p1a: Iron Hands\n|-supereffective|p1b: Tornadus\n|-crit|p1b: Tornadus\n|-damage|p1a: Iron Hands|0 fnt\n|-damage|p1b: Tornadus|42\/100\n|faint|p1a: Iron Hands\n|-end|p1a: Iron Hands|Quark Drive|[silent]\n|\n|upkeep\n|\n|t:|1700715486\n|switch|p1a: Ogerpon|Ogerpon-Hearthflame, L50, F|100\/100\n|-ability|p1a: Ogerpon|Mold Breaker\n|turn|4\n|\n|t:|1700715499\n|move|p1a: Ogerpon|Spiky Shield|p1a: Ogerpon\n|-singleturn|p1a: Ogerpon|move: Protect\n|move|p1b: Tornadus|Bleakwind Storm|p2a: Roaring Moon|[spread] p2b\n|-miss|p1b: Tornadus|p2a: Roaring Moon\n|-damage|p2b: Landorus|54\/100\n|move|p2a: Roaring Moon|Acrobatics|p1a: Ogerpon\n|-activate|p1a: Ogerpon|move: Protect\n|-damage|p2a: Roaring Moon|54\/100|[from] Spiky Shield|[of] p1a: Ogerpon\n|move|p2b: Landorus|U-turn|p1a: Ogerpon\n|-activate|p1a: Ogerpon|move: Protect\n|-damage|p2b: Landorus|42\/100|[from] Spiky Shield|[of] p1a: Ogerpon\n|\n|upkeep\n|turn|5\n|\n|t:|1700715519\n|-terastallize|p1a: Ogerpon|Fire\n|detailschange|p1a: Ogerpon|Ogerpon-Hearthflame-Tera, L50, F, tera:Fire\n|-ability|p1a: Ogerpon|Embody Aspect (Hearthflame)|boost\n|-boost|p1a: Ogerpon|atk|1\n|move|p1b: Tornadus|Bleakwind Storm|p2b: Landorus|[spread] p2a,p2b\n|-damage|p2a: Roaring Moon|31\/100\n|-damage|p2b: Landorus|14\/100\n|move|p1a: Ogerpon|Ivy Cudgel|p2b: Landorus|[anim] Ivy Cudgel Fire\n|-damage|p2b: Landorus|0 fnt\n|faint|p2b: Landorus\n|move|p2a: Roaring Moon|Acrobatics|p1a: Ogerpon\n|-damage|p1a: Ogerpon|24\/100\n|\n|upkeep\n|\n|t:|1700715531\n|switch|p2b: Iron Hands|Iron Hands, L50|100\/100\n|turn|6\n|\n|t:|1700715549\n|move|p1a: Ogerpon|Spiky Shield|p1a: Ogerpon\n|-singleturn|p1a: Ogerpon|move: Protect\n|move|p2b: Iron Hands|Fake Out|p1b: Tornadus\n|-damage|p1b: Tornadus|26\/100\n|cant|p1b: Tornadus|flinch\n|move|p2a: Roaring Moon|Acrobatics|p1b: Tornadus\n|-damage|p1b: Tornadus|0 fnt\n|faint|p1b: Tornadus\n|\n|-sideend|p1: big_pan_the_goat|move: Tailwind\n|upkeep\n|turn|7\n|\n|t:|1700715563\n|move|p2a: Roaring Moon|Acrobatics|p1a: Ogerpon\n|-damage|p1a: Ogerpon|0 fnt\n|faint|p1a: Ogerpon\n|\n|win|mochipupusa\n|raw|big_pan_the_goat's rating: 1157 &rarr; <strong>1140<\/strong><br \/>(-17 for losing)\n|raw|mochipupusa's rating: 1267 &rarr; <strong>1284<\/strong><br \/>(+17 for winning)\n|l|\u2606big_pan_the_goat\n","uploadtime":1700715570,"views":5,"p1id":"bigpanthegoat","p2id":"mochipupusa","formatid":"gen9vgc2023regulatione","rating":1140,"private":0,"password":""}