{"id":"gen9vgc2023regulatione-2000286592","p1":"Sgora","p2":"hehheiamcheese","format":"[Gen 9] VGC 2023 Regulation E","log":"|j|\u2606Sgora\n|j|\u2606hehheiamcheese\n|t:|1701181460\n|gametype|doubles\n|player|p1|Sgora|169|1145\n|player|p2|hehheiamcheese|hilbert|1081\n|teamsize|p1|6\n|teamsize|p2|6\n|gen|9\n|tier|[Gen 9] VGC 2023 Regulation E\n|rated|\n|rule|Species Clause: Limit one of each Pok\u00e9mon\n|rule|Item Clause: Limit one of each item\n|clearpoke\n|poke|p1|Greedent, L50, F|\n|poke|p1|Sinistcha, L50|\n|poke|p1|Scizor, L50, M|\n|poke|p1|Flutter Mane, L50|\n|poke|p1|Indeedee-F, L50, F|\n|poke|p1|Torkoal, L50, M|\n|poke|p2|Baxcalibur, L50, M|\n|poke|p2|Flutter Mane, L50|\n|poke|p2|Arcanine-Hisui, L50, M|\n|poke|p2|Torterra, L50, M|\n|poke|p2|Iron Bundle, L50|\n|poke|p2|Grimmsnarl, L50, M|\n|teampreview|4\n|\n|t:|1701181478\n|start\n|switch|p1a: Sinistcha|Sinistcha, L50|100\/100\n|switch|p1b: Scizor|Scizor, L50, M|100\/100\n|switch|p2a: Walmart Incineroar|Grimmsnarl, L50, M|100\/100\n|switch|p2b: Torterra|Torterra, L50, M|100\/100\n|-item|p1a: Sinistcha|Rocky Helmet|[from] ability: Frisk|[of] p2a: Walmart Incineroar|[identify]\n|-item|p1b: Scizor|Metal Coat|[from] ability: Frisk|[of] p2a: Walmart Incineroar|[identify]\n|turn|1\n|\n|t:|1701181502\n|-terastallize|p2a: Walmart Incineroar|Steel\n|move|p1b: Scizor|Bullet Punch|p2a: Walmart Incineroar\n|-resisted|p2a: Walmart Incineroar\n|-damage|p2a: Walmart Incineroar|76\/100\n|move|p2b: Torterra|Shell Smash|p2b: Torterra\n|-unboost|p2b: Torterra|def|1\n|-unboost|p2b: Torterra|spd|1\n|-boost|p2b: Torterra|atk|2\n|-boost|p2b: Torterra|spa|2\n|-boost|p2b: Torterra|spe|2\n|move|p1a: Sinistcha|Strength Sap||[still]\n|-fail|p2b: Torterra|unboost|[from] item: Clear Amulet|[of] p2b: Torterra\n|-fail|p1a: Sinistcha\n|move|p2a: Walmart Incineroar|False Surrender|p1a: Sinistcha\n|-supereffective|p1a: Sinistcha\n|-damage|p1a: Sinistcha|49\/100\n|-damage|p2a: Walmart Incineroar|59\/100|[from] item: Rocky Helmet|[of] p1a: Sinistcha\n|\n|upkeep\n|turn|2\n|inactive|Battle timer is ON: inactive players will automatically lose when time's up. (requested by hehheiamcheese)\n|\n|t:|1701181570\n|move|p2b: Torterra|Rock Slide|p1b: Scizor|[spread] p1a,p1b\n|-damage|p1a: Sinistcha|24\/100\n|-damage|p1b: Scizor|60\/100\n|move|p1b: Scizor|Dual Wingbeat|p2b: Torterra\n|-supereffective|p2b: Torterra\n|-damage|p2b: Torterra|26\/100\n|-supereffective|p2b: Torterra\n|-damage|p2b: Torterra|0 fnt\n|faint|p2b: Torterra\n|-hitcount|p2: Torterra|2\n|cant|p1a: Sinistcha|flinch\n|move|p2a: Walmart Incineroar|Parting Shot|p1b: Scizor\n|-unboost|p1b: Scizor|atk|1\n|-unboost|p1b: Scizor|spa|1\n|\n|t:|1701181584\n|switch|p2a: Arcanine|Arcanine-Hisui, L50, M|100\/100|[from] Parting Shot\n|-ability|p2a: Arcanine|Intimidate|boost\n|-unboost|p1a: Sinistcha|atk|1\n|-unboost|p1b: Scizor|atk|1\n|\n|upkeep\n|\n|t:|1701181591\n|switch|p2b: Walmart Incineroar|Grimmsnarl, L50, M, tera:Steel|59\/100\n|-item|p1a: Sinistcha|Rocky Helmet|[from] ability: Frisk|[of] p2b: Walmart Incineroar|[identify]\n|-item|p1b: Scizor|Metal Coat|[from] ability: Frisk|[of] p2b: Walmart Incineroar|[identify]\n|turn|3\n|\n|t:|1701181605\n|move|p2b: Walmart Incineroar|Fake Out|p1b: Scizor\n|-resisted|p1b: Scizor\n|-damage|p1b: Scizor|54\/100\n|cant|p1b: Scizor|flinch\n|move|p2a: Arcanine|Flare Blitz|p1a: Sinistcha\n|-supereffective|p1a: Sinistcha\n|-damage|p1a: Sinistcha|0 fnt\n|-damage|p2a: Arcanine|84\/100|[from] item: Rocky Helmet|[of] p1a: Sinistcha\n|faint|p1a: Sinistcha\n|-damage|p2a: Arcanine|76\/100|[from] Recoil\n|\n|upkeep\n|\n|t:|1701181618\n|switch|p1a: Indeedee|Indeedee-F, L50, F|100\/100\n|-fieldstart|move: Psychic Terrain|[from] ability: Psychic Surge|[of] p1a: Indeedee\n|turn|4\n|inactive|Sgora has 30 seconds left.\n|\n|t:|1701181644\n|move|p1a: Indeedee|Protect|p1a: Indeedee\n|-singleturn|p1a: Indeedee|Protect\n|move|p1b: Scizor|Bullet Punch|p2a: Arcanine\n|-activate|p2a: Arcanine|move: Psychic Terrain\n|move|p2a: Arcanine|Rock Slide|p1a: Indeedee|[spread] p1b\n|-activate|p1a: Indeedee|move: Protect\n|-damage|p1b: Scizor|26\/100\n|move|p2b: Walmart Incineroar|Parting Shot|p1b: Scizor\n|-unboost|p1b: Scizor|atk|1\n|-unboost|p1b: Scizor|spa|1\n|\n|t:|1701181655\n|switch|p2b: Iron Bundle|Iron Bundle, L50|100\/100|[from] Parting Shot\n|\n|upkeep\n|turn|5\n|\n|t:|1701181679\n|move|p1a: Indeedee|Helping Hand|p1b: Scizor\n|-singleturn|p1b: Scizor|Helping Hand|[of] p1a: Indeedee\n|move|p2b: Iron Bundle|Protect|p2b: Iron Bundle\n|-singleturn|p2b: Iron Bundle|Protect\n|move|p1b: Scizor|Bullet Punch|p2b: Iron Bundle\n|-activate|p2b: Iron Bundle|move: Psychic Terrain\n|move|p2a: Arcanine|Flare Blitz|p1b: Scizor\n|-supereffective|p1b: Scizor\n|-damage|p1b: Scizor|0 fnt\n|faint|p1b: Scizor\n|-damage|p2a: Arcanine|68\/100|[from] Recoil\n|\n|upkeep\n|\n|t:|1701181682\n|switch|p1b: Greedent|Greedent, L50, F|100\/100\n|turn|6\n|\n|t:|1701181699\n|move|p1a: Indeedee|Follow Me|p1a: Indeedee\n|-singleturn|p1a: Indeedee|move: Follow Me\n|move|p2b: Iron Bundle|Hydro Pump|p1a: Indeedee\n|-damage|p1a: Indeedee|54\/100\n|-damage|p2b: Iron Bundle|91\/100|[from] item: Life Orb\n|move|p2a: Arcanine|Flare Blitz|p1a: Indeedee\n|-damage|p1a: Indeedee|0 fnt\n|faint|p1a: Indeedee\n|-damage|p2a: Arcanine|50\/100|[from] Recoil\n|move|p1b: Greedent|Belly Drum|p1b: Greedent\n|-damage|p1b: Greedent|50\/100\n|-setboost|p1b: Greedent|atk|6|[from] move: Belly Drum\n|-enditem|p1b: Greedent|Sitrus Berry|[eat]\n|-heal|p1b: Greedent|75\/100|[from] item: Sitrus Berry\n|-heal|p1b: Greedent|100\/100|[from] ability: Cheek Pouch\n|\n|upkeep\n|turn|7\n|\n|t:|1701181723\n|-terastallize|p1b: Greedent|Normal\n|move|p2b: Iron Bundle|Encore|p1b: Greedent\n|-start|p1b: Greedent|Encore\n|move|p2a: Arcanine|Will-O-Wisp|p1b: Greedent\n|-status|p1b: Greedent|brn\n|move|p1b: Greedent|Belly Drum||[still]\n|-fail|p1b: Greedent\n|\n|-damage|p1b: Greedent|94\/100 brn|[from] brn\n|upkeep\n|turn|8\n|-message|Sgora forfeited.\n|\n|win|hehheiamcheese\n|raw|Sgora's rating: 1145 &rarr; <strong>1117<\/strong><br \/>(-28 for losing)\n|raw|hehheiamcheese's rating: 1102 &rarr; <strong>1130<\/strong><br \/>(+28 for winning)\n|l|\u2606Sgora\n","uploadtime":1701181743,"views":1,"p1id":"sgora","p2id":"hehheiamcheese","formatid":"gen9vgc2023regulatione","rating":1117,"private":0,"password":""}