{"id":"gen9vgc2023regulatione-1996488080","p1":"deathdragon25o","p2":"Arcaa9","format":"[Gen 9] VGC 2023 Regulation E","log":"|j|\u2606deathdragon25o\n|j|\u2606Arcaa9\n|t:|1700686857\n|gametype|doubles\n|player|p1|deathdragon25o|cress|\n|player|p2|Arcaa9|brycenman|\n|teamsize|p1|6\n|teamsize|p2|6\n|gen|9\n|tier|[Gen 9] VGC 2023 Regulation E\n|rule|Species Clause: Limit one of each Pok\u00e9mon\n|rule|Item Clause: Limit one of each item\n|clearpoke\n|poke|p1|Iron Valiant, L50|\n|poke|p1|Moltres-Galar, L50|\n|poke|p1|Quaquaval, L50, M|\n|poke|p1|Dragalge, L50, M|\n|poke|p1|Hawlucha, L50, F|\n|poke|p1|Arboliva, L50, F|\n|poke|p2|Snorlax, L50, F|\n|poke|p2|Munkidori, L50, M|\n|poke|p2|Arcanine, L50, M|\n|poke|p2|Dragonite, L50, F|\n|poke|p2|Iron Bundle, L50|\n|poke|p2|Vulpix-Alola, L50, F|\n|teampreview|4\n|l|\u2606Arcaa9\n|player|p2|\n|\n|t:|1700686895\n|start\n|switch|p1a: Hawlucha|Hawlucha, L50, F|100\/100\n|switch|p1b: Arboliva|Arboliva, L50, F|100\/100\n|switch|p2a: Vulpix|Vulpix-Alola, L50, F|100\/100\n|switch|p2b: Iron Bundle|Iron Bundle, L50|100\/100\n|-weather|Snow|[from] ability: Snow Warning|[of] p2a: Vulpix\n|-enditem|p2b: Iron Bundle|Booster Energy\n|-activate|p2b: Iron Bundle|ability: Quark Drive|[fromitem]\n|-start|p2b: Iron Bundle|quarkdrivespe\n|turn|1\n|j|\u2606Arcaa9\n|player|p2|Arcaa9|brycenman\n|j| Stryke Out\n|\n|t:|1700686916\n|move|p1a: Hawlucha|Detect|p1a: Hawlucha\n|-singleturn|p1a: Hawlucha|Protect\n|move|p2b: Iron Bundle|Blizzard|p1b: Arboliva|[spread] p1b\n|-activate|p1a: Hawlucha|move: Protect\n|-supereffective|p1b: Arboliva\n|-damage|p1b: Arboliva|44\/100\n|-fieldstart|move: Grassy Terrain|[from] ability: Seed Sower|[of] p1b: Arboliva\n|-enditem|p1a: Hawlucha|Grassy Seed\n|-boost|p1a: Hawlucha|def|1|[from] item: Grassy Seed\n|move|p2a: Vulpix|Aurora Veil|p2a: Vulpix\n|-sidestart|p2: Arcaa9|move: Aurora Veil\n|move|p1b: Arboliva|Giga Drain|p2b: Iron Bundle\n|-supereffective|p2b: Iron Bundle\n|-damage|p2b: Iron Bundle|0 fnt\n|-heal|p1b: Arboliva|80\/100|[from] drain|[of] p2b: Iron Bundle\n|faint|p2b: Iron Bundle\n|-end|p2b: Iron Bundle|Quark Drive|[silent]\n|\n|-weather|Snow|[upkeep]\n|-heal|p1b: Arboliva|86\/100|[from] Grassy Terrain\n|upkeep\n|\n|t:|1700686938\n|switch|p2b: Munkidori|Munkidori, L50, M|100\/100\n|turn|2\n|\n|t:|1700686990\n|move|p2a: Vulpix|Baby-Doll Eyes|p1a: Hawlucha\n|-unboost|p1a: Hawlucha|atk|1\n|move|p1a: Hawlucha|Acrobatics|p2b: Munkidori\n|-damage|p2b: Munkidori|67\/100\n|move|p2b: Munkidori|Sludge Bomb|p1b: Arboliva\n|-supereffective|p1b: Arboliva\n|-damage|p1b: Arboliva|20\/100\n|-status|p1b: Arboliva|psn\n|move|p1b: Arboliva|Earth Power|p2a: Vulpix\n|-damage|p2a: Vulpix|81\/100\n|\n|-weather|Snow|[upkeep]\n|-heal|p2b: Munkidori|73\/100|[from] Grassy Terrain\n|-heal|p2a: Vulpix|87\/100|[from] Grassy Terrain\n|-heal|p1b: Arboliva|26\/100 psn|[from] Grassy Terrain\n|-damage|p1b: Arboliva|13\/100 psn|[from] psn\n|upkeep\n|turn|3\n|\n|t:|1700687011\n|move|p2a: Vulpix|Baby-Doll Eyes|p1a: Hawlucha\n|-unboost|p1a: Hawlucha|atk|1\n|move|p1a: Hawlucha|Close Combat|p2a: Vulpix\n|-supereffective|p2a: Vulpix\n|-damage|p2a: Vulpix|25\/100\n|-unboost|p1a: Hawlucha|def|1\n|-unboost|p1a: Hawlucha|spd|1\n|move|p2b: Munkidori|Sludge Bomb|p1b: Arboliva\n|-supereffective|p1b: Arboliva\n|-damage|p1b: Arboliva|0 fnt\n|faint|p1b: Arboliva\n|\n|-weather|Snow|[upkeep]\n|-heal|p2b: Munkidori|79\/100|[from] Grassy Terrain\n|-heal|p2a: Vulpix|32\/100|[from] Grassy Terrain\n|upkeep\n|\n|t:|1700687017\n|switch|p1b: Iron Valiant|Iron Valiant, L50|100\/100\n|-enditem|p1b: Iron Valiant|Booster Energy\n|-activate|p1b: Iron Valiant|ability: Quark Drive|[fromitem]\n|-start|p1b: Iron Valiant|quarkdrivespe\n|turn|4\n|\n|t:|1700687037\n|switch|p1a: Quaquaval|Quaquaval, L50, M|100\/100\n|-terastallize|p1b: Iron Valiant|Fairy\n|move|p2a: Vulpix|Baby-Doll Eyes|p1b: Iron Valiant\n|-unboost|p1b: Iron Valiant|atk|1\n|move|p1b: Iron Valiant|Dazzling Gleam|p2a: Vulpix|[spread] p2a,p2b\n|-resisted|p2b: Munkidori\n|-damage|p2a: Vulpix|0 fnt\n|-damage|p2b: Munkidori|63\/100\n|faint|p2a: Vulpix\n|move|p2b: Munkidori|Sludge Bomb|p1b: Iron Valiant\n|-supereffective|p1b: Iron Valiant\n|-damage|p1b: Iron Valiant|0 fnt\n|faint|p1b: Iron Valiant\n|-end|p1b: Iron Valiant|Quark Drive|[silent]\n|\n|-weather|Snow|[upkeep]\n|-heal|p2b: Munkidori|69\/100|[from] Grassy Terrain\n|upkeep\n|\n|t:|1700687065\n|switch|p1b: Hawlucha|Hawlucha, L50, F|100\/100\n|switch|p2a: Dragonite|Dragonite, L50, F|100\/100\n|turn|5\n|\n|t:|1700687078\n|-terastallize|p2a: Dragonite|Normal\n|move|p2a: Dragonite|Extreme Speed|p1b: Hawlucha\n|-damage|p1b: Hawlucha|6\/100\n|move|p1b: Hawlucha|Fire Punch|p2b: Munkidori\n|-damage|p2b: Munkidori|48\/100\n|move|p2b: Munkidori|Psychic|p1a: Quaquaval\n|-supereffective|p1a: Quaquaval\n|-crit|p1a: Quaquaval\n|-enditem|p1a: Quaquaval|Focus Sash\n|-damage|p1a: Quaquaval|1\/100\n|move|p1a: Quaquaval|Ice Spinner|p2a: Dragonite\n|-damage|p2a: Dragonite|83\/100\n|-fieldend|move: Grassy Terrain\n|\n|-weather|none\n|upkeep\n|turn|6\n|\n|t:|1700687099\n|move|p1a: Quaquaval|Detect|p1a: Quaquaval\n|-singleturn|p1a: Quaquaval|Protect\n|move|p2a: Dragonite|Extreme Speed|p1b: Hawlucha\n|-damage|p1b: Hawlucha|0 fnt\n|faint|p1b: Hawlucha\n|move|p2b: Munkidori|Sludge Bomb|p1a: Quaquaval\n|-activate|p1a: Quaquaval|move: Protect\n|\n|upkeep\n|turn|7\n|\n|t:|1700687111\n|move|p2a: Dragonite|Extreme Speed|p1a: Quaquaval\n|-damage|p1a: Quaquaval|0 fnt\n|faint|p1a: Quaquaval\n|\n|win|Arcaa9\n","uploadtime":1700687118,"views":16,"p1id":"deathdragon25o","p2id":"arcaa9","formatid":"gen9vgc2023regulatione","rating":0,"private":0,"password":""}