{"id":"gen9vgc2023regulatione-1992479357","p1":"WillieDangerously","p2":"atworkyolo13","format":"[Gen 9] VGC 2023 Regulation E","log":"|j|\u2606WillieDangerously\n|j|\u2606atworkyolo13\n|t:|1700192697\n|gametype|doubles\n|player|p1|WillieDangerously|psychic-gen4|1394\n|player|p2|atworkyolo13|265|1472\n|teamsize|p1|6\n|teamsize|p2|6\n|gen|9\n|tier|[Gen 9] VGC 2023 Regulation E\n|rated|\n|rule|Species Clause: Limit one of each Pok\u00e9mon\n|rule|Item Clause: Limit one of each item\n|clearpoke\n|poke|p1|Iron Hands, L50|\n|poke|p1|Iron Bundle, L50|\n|poke|p1|Landorus-Therian, L50, M|\n|poke|p1|Sinistcha, L50|\n|poke|p1|Ninetales-Alola, L50, F|\n|poke|p1|Heatran, L50, M|\n|poke|p2|Weezing, L50, F|\n|poke|p2|Great Tusk, L50|\n|poke|p2|Tornadus, L50, M|\n|poke|p2|Chi-Yu, L50|\n|poke|p2|Iron Hands, L50|\n|poke|p2|Ogerpon-Wellspring, L50, F|\n|teampreview|4\n|inactive|Battle timer is ON: inactive players will automatically lose when time's up. (requested by atworkyolo13)\n|inactive|WillieDangerously has 60 seconds left.\n|inactive|atworkyolo13 has 60 seconds left.\n|\n|t:|1700192746\n|start\n|switch|p1a: Iron Hands|Iron Hands, L50|100\/100\n|switch|p1b: Landorus|Landorus-Therian, L50, M|100\/100\n|switch|p2a: Weezing|Weezing, L50, F|100\/100\n|switch|p2b: Great Tusk|Great Tusk, L50|100\/100\n|-ability|p2a: Weezing|Neutralizing Gas\n|turn|1\n|\n|t:|1700192769\n|move|p2a: Weezing|Protect|p2a: Weezing\n|-singleturn|p2a: Weezing|Protect\n|move|p1a: Iron Hands|Fake Out|p2b: Great Tusk\n|-damage|p2b: Great Tusk|90\/100\n|cant|p2b: Great Tusk|flinch\n|move|p1b: Landorus|U-turn|p2b: Great Tusk\n|-resisted|p2b: Great Tusk\n|-damage|p2b: Great Tusk|80\/100\n|\n|t:|1700192781\n|switch|p1b: Sinistcha|Sinistcha, L50|100\/100|[from] U-turn\n|\n|upkeep\n|turn|2\n|inactive|WillieDangerously has 30 seconds left.\n|inactive|WillieDangerously has 20 seconds left.\n|inactive|WillieDangerously has 15 seconds left.\n|inactive|atworkyolo13 has 30 seconds left.\n|\n|t:|1700192822\n|-end|p2b: Great Tusk|Protosynthesis|[silent]\n|switch|p2b: Iron Hands|Iron Hands, L50|100\/100\n|move|p1b: Sinistcha|Rage Powder|p1b: Sinistcha\n|-singleturn|p1b: Sinistcha|move: Rage Powder\n|move|p2a: Weezing|Will-O-Wisp|p1b: Sinistcha\n|-status|p1b: Sinistcha|brn\n|move|p1a: Iron Hands|Drain Punch|p2b: Iron Hands\n|-damage|p2b: Iron Hands|71\/100\n|\n|-damage|p1b: Sinistcha|94\/100 brn|[from] brn\n|upkeep\n|turn|3\n|\n|t:|1700192845\n|-end|p1a: Iron Hands|Quark Drive|[silent]\n|switch|p1a: Heatran|Heatran, L50, M|100\/100\n|move|p2b: Iron Hands|Fake Out|p1a: Heatran\n|-resisted|p1a: Heatran\n|-damage|p1a: Heatran|93\/100\n|move|p2a: Weezing|Taunt|p1b: Sinistcha\n|-start|p1b: Sinistcha|move: Taunt\n|move|p1b: Sinistcha|Matcha Gotcha|p2a: Weezing|[spread] p2a,p2b\n|-resisted|p2a: Weezing\n|-crit|p2b: Iron Hands\n|-damage|p2a: Weezing|85\/100\n|-heal|p1b: Sinistcha|100\/100 brn|[from] drain|[of] p2a: Weezing\n|-damage|p2b: Iron Hands|47\/100\n|-status|p2a: Weezing|brn\n|\n|-heal|p1a: Heatran|99\/100|[from] item: Leftovers\n|-damage|p2a: Weezing|79\/100 brn|[from] brn\n|-damage|p1b: Sinistcha|94\/100 brn|[from] brn\n|upkeep\n|turn|4\n|inactive|WillieDangerously has 30 seconds left.\n|inactive|atworkyolo13 has 30 seconds left.\n|\n|t:|1700192875\n|-end|p2a: Weezing|ability: Neutralizing Gas\n|-heal|p1a: Heatran|100\/100|[from] ability: Hospitality|[of] p1b: Sinistcha\n|switch|p2a: Chi-Yu|Chi-Yu, L50|100\/100\n|-ability|p2a: Chi-Yu|Beads of Ruin\n|move|p1a: Heatran|Protect|p1a: Heatran\n|-singleturn|p1a: Heatran|Protect\n|move|p1b: Sinistcha|Matcha Gotcha|p2b: Iron Hands|[spread] p2a\n|-miss|p1b: Sinistcha|p2b: Iron Hands\n|-resisted|p2a: Chi-Yu\n|-damage|p2a: Chi-Yu|84\/100\n|-heal|p1b: Sinistcha|100\/100 brn|[from] drain|[of] p2a: Chi-Yu\n|move|p2b: Iron Hands|Drain Punch|p1a: Heatran\n|-activate|p1a: Heatran|move: Protect\n|\n|-damage|p1b: Sinistcha|94\/100 brn|[from] brn\n|upkeep\n|turn|5\n|inactive|WillieDangerously has 30 seconds left.\n|\n|t:|1700192906\n|switch|p1b: Iron Hands|Iron Hands, L50|100\/100\n|-end|p2b: Iron Hands|Quark Drive|[silent]\n|switch|p2b: Weezing|Weezing, L50, F|79\/100 brn\n|-ability|p2b: Weezing|Neutralizing Gas\n|move|p2a: Chi-Yu|Heat Wave|p1a: Heatran|[spread] p1a,p1b\n|-damage|p1a: Heatran|62\/100\n|-damage|p1b: Iron Hands|78\/100\n|move|p1a: Heatran|Earth Power|p2a: Chi-Yu\n|-supereffective|p2a: Chi-Yu\n|-damage|p2a: Chi-Yu|7\/100\n|\n|-heal|p1a: Heatran|68\/100|[from] item: Leftovers\n|-damage|p2b: Weezing|73\/100 brn|[from] brn\n|upkeep\n|turn|6\n|inactive|WillieDangerously has 30 seconds left.\n|\n|t:|1700192932\n|switch|p2a: Great Tusk|Great Tusk, L50|80\/100\n|-terastallize|p2b: Weezing|Ghost\n|move|p1b: Iron Hands|Fake Out|p2b: Weezing\n|-immune|p2b: Weezing\n|move|p1a: Heatran|Heat Wave|p2a: Great Tusk|[spread] p2a,p2b\n|-damage|p2a: Great Tusk|33\/100\n|-damage|p2b: Weezing|24\/100 brn\n|-status|p2a: Great Tusk|brn\n|-enditem|p2b: Weezing|Sitrus Berry|[eat]\n|-heal|p2b: Weezing|49\/100 brn|[from] item: Sitrus Berry\n|move|p2b: Weezing|Will-O-Wisp|p1b: Iron Hands\n|-status|p1b: Iron Hands|brn\n|\n|-heal|p1a: Heatran|74\/100|[from] item: Leftovers\n|-damage|p2a: Great Tusk|27\/100 brn|[from] brn\n|-damage|p2b: Weezing|44\/100 brn|[from] brn\n|-damage|p1b: Iron Hands|72\/100 brn|[from] brn\n|upkeep\n|turn|7\n|inactive|WillieDangerously has 30 seconds left.\n|inactive|WillieDangerously has 20 seconds left.\n|\n|t:|1700192968\n|switch|p1a: Sinistcha|Sinistcha, L50|94\/100 brn\n|move|p2b: Weezing|Protect|p2b: Weezing\n|-singleturn|p2b: Weezing|Protect\n|move|p2a: Great Tusk|Earthquake|p1a: Sinistcha|[spread] p1a,p1b\n|-activate|p2b: Weezing|move: Protect\n|-resisted|p1a: Sinistcha\n|-supereffective|p1b: Iron Hands\n|-damage|p1a: Sinistcha|86\/100 brn\n|-damage|p1b: Iron Hands|44\/100 brn\n|move|p1b: Iron Hands|Wild Charge|p2b: Weezing\n|-activate|p2b: Weezing|move: Protect\n|\n|-damage|p2a: Great Tusk|21\/100 brn|[from] brn\n|-damage|p2b: Weezing|38\/100 brn|[from] brn\n|-damage|p1b: Iron Hands|38\/100 brn|[from] brn\n|-damage|p1a: Sinistcha|80\/100 brn|[from] brn\n|upkeep\n|turn|8\n|-message|atworkyolo13 forfeited.\n|\n|win|WillieDangerously\n|raw|WillieDangerously's rating: 1394 &rarr; <strong>1418<\/strong><br \/>(+24 for winning)\n|raw|atworkyolo13's rating: 1472 &rarr; <strong>1448<\/strong><br \/>(-24 for losing)\n|l|\u2606atworkyolo13\n","uploadtime":1700192979,"views":18,"p1id":"williedangerously","p2id":"atworkyolo13","formatid":"gen9vgc2023regulatione","rating":1418,"private":0,"password":""}