{"id":"gen9vgc2023regulatione-1993515665","p1":"verylonelysole","p2":"MaxDOM","format":"[Gen 9] VGC 2023 Regulation E","log":"|j|\u2606verylonelysole\n|j|\u2606MaxDOM\n|t:|1700326957\n|gametype|doubles\n|player|p1|verylonelysole|bruno|1201\n|player|p2|MaxDOM|169|1258\n|teamsize|p1|6\n|teamsize|p2|6\n|gen|9\n|tier|[Gen 9] VGC 2023 Regulation E\n|rated|\n|rule|Species Clause: Limit one of each Pok\u00e9mon\n|rule|Item Clause: Limit one of each item\n|clearpoke\n|poke|p1|Dusclops, L50, F|\n|poke|p1|Ursaluna-Bloodmoon, L50, M|\n|poke|p1|Iron Hands, L50|\n|poke|p1|Landorus-Therian, L50, M|\n|poke|p1|Iron Bundle, L50|\n|poke|p1|Cresselia, L50, F|\n|poke|p2|Bronzong, L50|\n|poke|p2|Infernape, L50, F|\n|poke|p2|Urshifu-*, L50, M|\n|poke|p2|Iron Hands, L50|\n|poke|p2|Brute Bonnet, L50|\n|poke|p2|Enamorus-Therian, L50, F|\n|teampreview|4\n|\n|t:|1700327002\n|start\n|switch|p1a: Dusclops|Dusclops, L50, F, shiny|100\/100\n|switch|p1b: Ursaluna|Ursaluna-Bloodmoon, L50, M|100\/100\n|switch|p2a: Bronzong|Bronzong, L50|100\/100\n|switch|p2b: Infernape|Infernape, L50, F|100\/100\n|-ability|p1a: Dusclops|Pressure\n|turn|1\n|\n|t:|1700327027\n|move|p1b: Ursaluna|Protect|p1b: Ursaluna\n|-singleturn|p1b: Ursaluna|Protect\n|move|p2b: Infernape|Taunt|p1a: Dusclops\n|-start|p1a: Dusclops|move: Taunt\n|move|p2a: Bronzong|Metal Sound|p1a: Dusclops\n|-unboost|p1a: Dusclops|spd|2\n|move|p1a: Dusclops|Night Shade|p2b: Infernape\n|-damage|p2b: Infernape|73\/100\n|\n|upkeep\n|turn|2\n|\n|t:|1700327058\n|-terastallize|p1b: Ursaluna|Normal\n|move|p2b: Infernape|Close Combat|p1b: Ursaluna\n|-supereffective|p1b: Ursaluna\n|-damage|p1b: Ursaluna|4\/100\n|-unboost|p2b: Infernape|def|1\n|-unboost|p2b: Infernape|spd|1\n|move|p1b: Ursaluna|Hyper Voice|p2b: Infernape|[spread] p2a,p2b\n|-resisted|p2a: Bronzong\n|-damage|p2a: Bronzong|85\/100\n|-damage|p2b: Infernape|0 fnt\n|faint|p2b: Infernape\n|-enditem|p1b: Ursaluna|Throat Spray\n|-boost|p1b: Ursaluna|spa|1|[from] item: Throat Spray\n|move|p1a: Dusclops|Night Shade|p2a: Bronzong\n|-damage|p2a: Bronzong|56\/100\n|move|p2a: Bronzong|Trick Room|p2a: Bronzong\n|-fieldstart|move: Trick Room|[of] p2a: Bronzong\n|\n|upkeep\n|\n|t:|1700327079\n|switch|p2b: Enamorus|Enamorus-Therian, L50, F|100\/100\n|turn|3\n|\n|t:|1700327089\n|move|p1b: Ursaluna|Protect|p1b: Ursaluna\n|-singleturn|p1b: Ursaluna|Protect\n|move|p1a: Dusclops|Night Shade|p2a: Bronzong\n|-damage|p2a: Bronzong|28\/100\n|move|p2b: Enamorus|Dazzling Gleam|p1a: Dusclops|[spread] p1a\n|-activate|p1b: Ursaluna|move: Protect\n|-crit|p1a: Dusclops\n|-damage|p1a: Dusclops|27\/100\n|move|p2a: Bronzong|Steel Beam|p1a: Dusclops\n|-damage|p1a: Dusclops|0 fnt\n|-damage|p2a: Bronzong|0 fnt|[from] steelbeam\n|faint|p2a: Bronzong\n|faint|p1a: Dusclops\n|\n|upkeep\n|\n|t:|1700327110\n|switch|p1a: Cresselia|Cresselia, L50, F|100\/100\n|switch|p2a: Urshifu|Urshifu, L50, M|100\/100\n|-enditem|p2a: Urshifu|Room Service\n|-unboost|p2a: Urshifu|spe|1|[from] item: Room Service\n|turn|4\n|\n|t:|1700327131\n|-terastallize|p2b: Enamorus|Fairy\n|move|p1b: Ursaluna|Protect|p1b: Ursaluna\n|-singleturn|p1b: Ursaluna|Protect\n|move|p2b: Enamorus|Dazzling Gleam|p1a: Cresselia|[spread] p1a\n|-activate|p1b: Ursaluna|move: Protect\n|-damage|p1a: Cresselia|65\/100\n|move|p2a: Urshifu|Wicked Blow|p1a: Cresselia\n|-supereffective|p1a: Cresselia\n|-crit|p1a: Cresselia\n|-damage|p1a: Cresselia|0 fnt\n|faint|p1a: Cresselia\n|\n|upkeep\n|\n|t:|1700327144\n|switch|p1a: Iron Hands|Iron Hands, L50, shiny|100\/100\n|turn|5\n|\n|t:|1700327152\n|move|p1a: Iron Hands|Fake Out|p2b: Enamorus\n|-damage|p2b: Enamorus|87\/100\n|cant|p2b: Enamorus|flinch\n|move|p2a: Urshifu|Close Combat|p1a: Iron Hands\n|-damage|p1a: Iron Hands|54\/100\n|-unboost|p2a: Urshifu|def|1\n|-unboost|p2a: Urshifu|spd|1\n|move|p1b: Ursaluna|Blood Moon|p2b: Enamorus\n|-damage|p2b: Enamorus|0 fnt\n|faint|p2b: Enamorus\n|\n|upkeep\n|turn|6\n|\n|t:|1700327171\n|move|p1b: Ursaluna|Vacuum Wave|p2a: Urshifu\n|-supereffective|p2a: Urshifu\n|-damage|p2a: Urshifu|17\/100\n|move|p1a: Iron Hands|Drain Punch|p2a: Urshifu\n|-supereffective|p2a: Urshifu\n|-damage|p2a: Urshifu|0 fnt\n|-heal|p1a: Iron Hands|62\/100|[from] drain|[of] p2a: Urshifu\n|faint|p2a: Urshifu\n|\n|win|verylonelysole\n|raw|verylonelysole's rating: 1201 &rarr; <strong>1232<\/strong><br \/>(+31 for winning)\n|raw|MaxDOM's rating: 1288 &rarr; <strong>1257<\/strong><br \/>(-31 for losing)\n","uploadtime":1700327185,"views":9,"p1id":"verylonelysole","p2id":"maxdom","formatid":"gen9vgc2023regulatione","rating":1232,"private":0,"password":""}