{"id":"gen9vgc2023regulatione-1988678199","p1":"EverCoop","p2":"TomushiVGC","format":"[Gen 9] VGC 2023 Regulation E","log":"|j|\u2606EverCoop\n|j|\u2606TomushiVGC\n|t:|1699749567\n|gametype|doubles\n|player|p1|EverCoop|blue-gen1rbchampion|1664\n|player|p2|TomushiVGC|emmet|1706\n|teamsize|p1|6\n|teamsize|p2|6\n|gen|9\n|tier|[Gen 9] VGC 2023 Regulation E\n|rated|\n|rule|Species Clause: Limit one of each Pok\u00e9mon\n|rule|Item Clause: Limit one of each item\n|clearpoke\n|poke|p1|Dragonite, L50, F|\n|poke|p1|Chien-Pao, L50|\n|poke|p1|Orthworm, L50, M|\n|poke|p1|Iron Moth, L50|\n|poke|p1|Rotom-Wash, L50|\n|poke|p1|Sinistcha-Masterpiece, L50|\n|poke|p2|Glimmora, L50, M|\n|poke|p2|Tatsugiri, L50, F|\n|poke|p2|Roaring Moon, L50|\n|poke|p2|Cresselia, L50, F|\n|poke|p2|Dondozo, L50, F|\n|poke|p2|Ursaluna, L50, F|\n|teampreview|4\n|inactive|Battle timer is ON: inactive players will automatically lose when time's up. (requested by EverCoop)\n|inactive|EverCoop has 60 seconds left.\n|j| RemyRox11\n|\n|t:|1699749608\n|start\n|switch|p1a: Iron Moth|Iron Moth, L50|100\/100\n|switch|p1b: Rotom|Rotom-Wash, L50|100\/100\n|switch|p2a: Cresselia|Cresselia, L50, F|100\/100\n|switch|p2b: Ursaluna|Ursaluna, L50, F|100\/100\n|-enditem|p1a: Iron Moth|Booster Energy\n|-activate|p1a: Iron Moth|ability: Quark Drive|[fromitem]\n|-start|p1a: Iron Moth|quarkdrivespa\n|turn|1\n|\n|t:|1699749624\n|-terastallize|p1a: Iron Moth|Water\n|-terastallize|p2b: Ursaluna|Dragon\n|move|p1a: Iron Moth|Heat Wave|p2a: Cresselia|[spread] p2a,p2b\n|-resisted|p2b: Ursaluna\n|-damage|p2a: Cresselia|70\/100\n|-damage|p2b: Ursaluna|79\/100\n|move|p1b: Rotom|Hydro Pump|p2b: Ursaluna\n|-resisted|p2b: Ursaluna\n|-damage|p2b: Ursaluna|57\/100\n|move|p2b: Ursaluna|Swords Dance|p2b: Ursaluna\n|-boost|p2b: Ursaluna|atk|2\n|move|p2a: Cresselia|Trick Room|p2a: Cresselia\n|-fieldstart|move: Trick Room|[of] p2a: Cresselia\n|\n|-status|p2b: Ursaluna|brn|[from] item: Flame Orb\n|upkeep\n|turn|2\n|\n|t:|1699749645\n|move|p1b: Rotom|Protect|p1b: Rotom\n|-singleturn|p1b: Rotom|Protect\n|move|p2b: Ursaluna|Facade|p1b: Rotom\n|-activate|p1b: Rotom|move: Protect\n|move|p2a: Cresselia|Lunar Blessing|p2a: Cresselia|[spread] p2a,p2b\n|-heal|p2a: Cresselia|95\/100\n|-heal|p2b: Ursaluna|82\/100 brn\n|-curestatus|p2b: Ursaluna|brn|[msg]\n|move|p1a: Iron Moth|Sludge Wave|p2b: Ursaluna|[spread] p2a,p2b\n|-activate|p1b: Rotom|move: Protect\n|-damage|p2a: Cresselia|65\/100\n|-damage|p2b: Ursaluna|34\/100\n|\n|-status|p2b: Ursaluna|brn|[from] item: Flame Orb\n|upkeep\n|turn|3\n|\n|t:|1699749667\n|move|p2b: Ursaluna|Facade|p1a: Iron Moth\n|-damage|p1a: Iron Moth|0 fnt\n|faint|p1a: Iron Moth\n|-end|p1a: Iron Moth|Quark Drive|[silent]\n|move|p2a: Cresselia|Lunar Blessing|p2a: Cresselia|[spread] p2a,p2b\n|-heal|p2a: Cresselia|90\/100\n|-heal|p2b: Ursaluna|59\/100 brn\n|-curestatus|p2b: Ursaluna|brn|[msg]\n|move|p1b: Rotom|Hydro Pump|p2a: Cresselia\n|-damage|p2a: Cresselia|58\/100\n|\n|-status|p2b: Ursaluna|brn|[from] item: Flame Orb\n|upkeep\n|\n|t:|1699749671\n|switch|p1a: Dragonite|Dragonite, L50, F|100\/100\n|turn|4\n|\n|t:|1699749682\n|move|p2b: Ursaluna|Protect|p2b: Ursaluna\n|-singleturn|p2b: Ursaluna|Protect\n|move|p2a: Cresselia|Lunar Blessing|p2a: Cresselia|[spread] p2a,p2b\n|-heal|p2a: Cresselia|83\/100\n|-heal|p2b: Ursaluna|84\/100 brn\n|-curestatus|p2b: Ursaluna|brn|[msg]\n|move|p1a: Dragonite|Ice Spinner|p2b: Ursaluna\n|-activate|p2b: Ursaluna|move: Protect\n|move|p1b: Rotom|Hydro Pump|p2b: Ursaluna\n|-activate|p2b: Ursaluna|move: Protect\n|\n|-status|p2b: Ursaluna|brn|[from] item: Flame Orb\n|upkeep\n|turn|5\n|\n|t:|1699749696\n|move|p2b: Ursaluna|Facade|p1a: Dragonite\n|-damage|p1a: Dragonite|0 fnt\n|faint|p1a: Dragonite\n|move|p2a: Cresselia|Moonblast|p1b: Rotom\n|-damage|p1b: Rotom|84\/100\n|move|p1b: Rotom|Hydro Pump|p2a: Cresselia\n|-damage|p2a: Cresselia|51\/100\n|\n|-damage|p2b: Ursaluna|78\/100 brn|[from] brn\n|-fieldend|move: Trick Room\n|upkeep\n|\n|t:|1699749702\n|switch|p1a: Chien-Pao|Chien-Pao, L50|100\/100\n|-ability|p1a: Chien-Pao|Sword of Ruin\n|turn|6\n|j| ZenSlayer\n|\n|t:|1699749720\n|move|p1a: Chien-Pao|Crunch|p2a: Cresselia\n|-supereffective|p2a: Cresselia\n|-damage|p2a: Cresselia|0 fnt\n|faint|p2a: Cresselia\n|move|p1b: Rotom|Hydro Pump|p2b: Ursaluna\n|-resisted|p2b: Ursaluna\n|-damage|p2b: Ursaluna|57\/100 brn\n|move|p2b: Ursaluna|Facade|p1b: Rotom\n|-damage|p1b: Rotom|0 fnt\n|faint|p1b: Rotom\n|\n|-damage|p2b: Ursaluna|51\/100 brn|[from] brn\n|upkeep\n|\n|t:|1699749728\n|switch|p2a: Dondozo|Dondozo, L50, F|100\/100\n|turn|7\n|-message|EverCoop forfeited.\n|\n|win|TomushiVGC\n|raw|EverCoop's rating: 1664 &rarr; <strong>1646<\/strong><br \/>(-18 for losing)\n|raw|TomushiVGC's rating: 1706 &rarr; <strong>1724<\/strong><br \/>(+18 for winning)\n|l|\u2606EverCoop\n|l|\u2606TomushiVGC\n","uploadtime":1699749857,"views":20,"p1id":"evercoop","p2id":"tomushivgc","formatid":"gen9vgc2023regulatione","rating":1646,"private":0,"password":""}