{"id":"gen9vgc2023regulatione-1990149798","p1":"IDKWHATTODOANYMORE","p2":"ClubSandwichBread","format":"[Gen 9] VGC 2023 Regulation E","log":"|j|\u2606IDKWHATTODOANYMORE\n|j|\u2606ClubSandwichBread\n|t:|1699930014\n|gametype|doubles\n|player|p1|IDKWHATTODOANYMORE|steven|1224\n|player|p2|ClubSandwichBread|swimmer-gen4dp|1235\n|teamsize|p1|6\n|teamsize|p2|6\n|gen|9\n|tier|[Gen 9] VGC 2023 Regulation E\n|rated|\n|rule|Species Clause: Limit one of each Pok\u00e9mon\n|rule|Item Clause: Limit one of each item\n|clearpoke\n|poke|p1|Tornadus, L50, M|\n|poke|p1|Urshifu-*, L50, F|\n|poke|p1|Kingambit, L50, M|\n|poke|p1|Landorus-Therian, L50, M|\n|poke|p1|Flutter Mane, L50|\n|poke|p1|Chi-Yu, L50|\n|poke|p2|Amoonguss, L50, F|\n|poke|p2|Roaring Moon, L50|\n|poke|p2|Tornadus, L50, M|\n|poke|p2|Urshifu-*, L50, M|\n|poke|p2|Arcanine-Hisui, L50, M|\n|poke|p2|Tinkaton, L50, F|\n|teampreview|4\n|inactive|Battle timer is ON: inactive players will automatically lose when time's up. (requested by ClubSandwichBread)\n|inactive|IDKWHATTODOANYMORE also wants the timer to be on.\nClubSandwichBread has agreed to open team sheets.\n|\n|t:|1699930044\n|start\n|switch|p1a: Tornadus|Tornadus, L50, M|100\/100\n|switch|p1b: Flutter Mane|Flutter Mane, L50|100\/100\n|switch|p2a: Tornadus|Tornadus, L50, M|100\/100\n|switch|p2b: Roaring Moon|Roaring Moon, L50|100\/100\n|-enditem|p1b: Flutter Mane|Booster Energy\n|-activate|p1b: Flutter Mane|ability: Protosynthesis|[fromitem]\n|-start|p1b: Flutter Mane|protosynthesisspe\n|-enditem|p2b: Roaring Moon|Booster Energy\n|-activate|p2b: Roaring Moon|ability: Protosynthesis|[fromitem]\n|-start|p2b: Roaring Moon|protosynthesisatk\n|turn|1\n|inactive|ClubSandwichBread has 30 seconds left.\n|\n|t:|1699930071\n|-terastallize|p2b: Roaring Moon|Flying\n|move|p2a: Tornadus|Tailwind|p2a: Tornadus\n|-sidestart|p2: ClubSandwichBread|move: Tailwind\n|move|p1a: Tornadus|Tailwind|p1a: Tornadus\n|-sidestart|p1: IDKWHATTODOANYMORE|move: Tailwind\n|move|p1b: Flutter Mane|Moonblast|p2b: Roaring Moon\n|-damage|p2b: Roaring Moon|54\/100\n|-unboost|p2b: Roaring Moon|spa|1\n|move|p2b: Roaring Moon|Acrobatics|p1a: Tornadus\n|-damage|p1a: Tornadus|0 fnt\n|faint|p1a: Tornadus\n|\n|upkeep\n|\n|t:|1699930083\n|switch|p1a: Landorus|Landorus-Therian, L50, M, shiny|100\/100\n|-ability|p1a: Landorus|Intimidate|boost\n|-unboost|p2a: Tornadus|atk|1\n|-unboost|p2b: Roaring Moon|atk|1\n|turn|2\n|\n|t:|1699930105\n|move|p2b: Roaring Moon|Protect|p2b: Roaring Moon\n|-singleturn|p2b: Roaring Moon|Protect\n|move|p2a: Tornadus|Rain Dance|p2a: Tornadus\n|-weather|RainDance\n|move|p1b: Flutter Mane|Moonblast|p2b: Roaring Moon\n|-activate|p2b: Roaring Moon|move: Protect\n|move|p1a: Landorus|Rock Slide|p2a: Tornadus|[spread] p2a\n|-activate|p2b: Roaring Moon|move: Protect\n|-supereffective|p2a: Tornadus\n|-damage|p2a: Tornadus|46\/100\n|\n|-weather|RainDance|[upkeep]\n|upkeep\n|turn|3\n|inactive|ClubSandwichBread has 30 seconds left.\n|inactive|ClubSandwichBread has 20 seconds left.\n|inactive|ClubSandwichBread has 15 seconds left.\n|inactive|ClubSandwichBread has 10 seconds left.\n|\n|t:|1699930153\n|switch|p2a: Amoonguss|Amoonguss, L50, F|100\/100\n|move|p1b: Flutter Mane|Power Gem|p2b: Roaring Moon\n|-supereffective|p2b: Roaring Moon\n|-damage|p2b: Roaring Moon|5\/100\n|move|p1a: Landorus|Rock Slide|p2a: Amoonguss|[spread] p2a,p2b\n|-supereffective|p2b: Roaring Moon\n|-damage|p2a: Amoonguss|83\/100\n|-damage|p2b: Roaring Moon|0 fnt\n|faint|p2b: Roaring Moon\n|-end|p2b: Roaring Moon|Protosynthesis|[silent]\n|\n|-weather|RainDance|[upkeep]\n|upkeep\n|\n|t:|1699930165\n|switch|p2b: Urshifu|Urshifu-Rapid-Strike, L50, M|100\/100\n|turn|4\n|\n|t:|1699930185\n|switch|p1a: Urshifu|Urshifu-Rapid-Strike, L50, F|100\/100\n|move|p2a: Amoonguss|Rage Powder|p2a: Amoonguss\n|-singleturn|p2a: Amoonguss|move: Rage Powder\n|move|p1b: Flutter Mane|Moonblast|p2a: Amoonguss\n|-resisted|p2a: Amoonguss\n|-crit|p2a: Amoonguss\n|-damage|p2a: Amoonguss|51\/100\n|-unboost|p2a: Amoonguss|spa|1\n|move|p2b: Urshifu|Surging Strikes|p1a: Urshifu\n|-resisted|p1a: Urshifu\n|-crit|p1a: Urshifu\n|-damage|p1a: Urshifu|84\/100\n|-resisted|p1a: Urshifu\n|-crit|p1a: Urshifu\n|-damage|p1a: Urshifu|67\/100\n|-resisted|p1a: Urshifu\n|-crit|p1a: Urshifu\n|-damage|p1a: Urshifu|50\/100\n|-hitcount|p1a: Urshifu|3\n|\n|-weather|RainDance|[upkeep]\n|-sideend|p1: IDKWHATTODOANYMORE|move: Tailwind\n|-sideend|p2: ClubSandwichBread|move: Tailwind\n|upkeep\n|turn|5\n|inactive|IDKWHATTODOANYMORE has 30 seconds left.\n|inactive|ClubSandwichBread has 30 seconds left.\n|\n|t:|1699930213\n|move|p2a: Amoonguss|Rage Powder|p2a: Amoonguss\n|-singleturn|p2a: Amoonguss|move: Rage Powder\n|move|p2b: Urshifu|Aqua Jet|p1b: Flutter Mane\n|-damage|p1b: Flutter Mane|20\/100\n|move|p1b: Flutter Mane|Moonblast|p2a: Amoonguss\n|-resisted|p2a: Amoonguss\n|-damage|p2a: Amoonguss|29\/100\n|move|p1a: Urshifu|Close Combat|p2a: Amoonguss\n|-resisted|p2a: Amoonguss\n|-damage|p2a: Amoonguss|0 fnt\n|-unboost|p1a: Urshifu|def|1\n|-unboost|p1a: Urshifu|spd|1\n|-damage|p1a: Urshifu|34\/100|[from] item: Rocky Helmet|[of] p2a: Amoonguss\n|faint|p2a: Amoonguss\n|\n|-weather|RainDance|[upkeep]\n|upkeep\n|\n|t:|1699930226\n|switch|p2a: Tornadus|Tornadus, L50, M|46\/100\n|turn|6\n|\n|t:|1699930234\n|move|p1b: Flutter Mane|Protect|p1b: Flutter Mane\n|-singleturn|p1b: Flutter Mane|Protect\n|move|p1a: Urshifu|Aqua Jet|p2b: Urshifu\n|-resisted|p2b: Urshifu\n|-damage|p2b: Urshifu|78\/100\n|move|p2b: Urshifu|Aqua Jet|p1b: Flutter Mane\n|-damage|p1b: Flutter Mane|0 fnt\n|faint|p1b: Flutter Mane\n|-end|p1b: Flutter Mane|Protosynthesis|[silent]\n|move|p2a: Tornadus|Bleakwind Storm|p1a: Urshifu\n|-supereffective|p1a: Urshifu\n|-damage|p1a: Urshifu|0 fnt\n|faint|p1a: Urshifu\n|\n|-weather|none\n|upkeep\n|\n|t:|1699930242\n|switch|p1b: Landorus|Landorus-Therian, L50, M, shiny|100\/100\n|-ability|p1b: Landorus|Intimidate|boost\n|-unboost|p2a: Tornadus|atk|1\n|-unboost|p2b: Urshifu|atk|1\n|turn|7\n|\n|t:|1699930253\n|-terastallize|p1b: Landorus|Flying\n|move|p2a: Tornadus|Tailwind|p2a: Tornadus\n|-sidestart|p2: ClubSandwichBread|move: Tailwind\n|move|p2b: Urshifu|Surging Strikes|p1b: Landorus\n|-crit|p1b: Landorus\n|-damage|p1b: Landorus|74\/100\n|-crit|p1b: Landorus\n|-damage|p1b: Landorus|48\/100\n|-crit|p1b: Landorus\n|-damage|p1b: Landorus|22\/100\n|-hitcount|p1b: Landorus|3\n|move|p1b: Landorus|Tera Blast|p2b: Urshifu|[anim] Tera Blast Flying\n|-supereffective|p2b: Urshifu\n|-damage|p2b: Urshifu|0 fnt\n|faint|p2b: Urshifu\n|\n|upkeep\n|turn|8\n|\n|t:|1699930267\n|move|p2a: Tornadus|Bleakwind Storm|p1b: Landorus|[miss]\n|-miss|p2a: Tornadus|p1b: Landorus\n|move|p1b: Landorus|Tera Blast|p2a: Tornadus|[anim] Tera Blast Flying\n|-damage|p2a: Tornadus|0 fnt\n|faint|p2a: Tornadus\n|\n|win|IDKWHATTODOANYMORE\n|raw|IDKWHATTODOANYMORE's rating: 1224 &rarr; <strong>1250<\/strong><br \/>(+26 for winning)\n|raw|ClubSandwichBread's rating: 1235 &rarr; <strong>1209<\/strong><br \/>(-26 for losing)\n|c|\u2606IDKWHATTODOANYMORE|gg\n|c|\u2606ClubSandwichBread|welp\n","uploadtime":1699930276,"views":11,"p1id":"idkwhattodoanymore","p2id":"clubsandwichbread","formatid":"gen9vgc2023regulatione","rating":1209,"private":0,"password":""}