{"id":"gen9vgc2023regulatione-1988786781","p1":"u7h7hh798","p2":"Ganjux","format":"[Gen 9] VGC 2023 Regulation E","log":"|j|\u2606u7h7hh798\n|j|\u2606Ganjux\n|t:|1699763055\n|gametype|doubles\n|player|p1|u7h7hh798|silver|1264\n|player|p2|Ganjux|1|1325\n|teamsize|p1|6\n|teamsize|p2|6\n|gen|9\n|tier|[Gen 9] VGC 2023 Regulation E\n|rated|\n|rule|Species Clause: Limit one of each Pok\u00e9mon\n|rule|Item Clause: Limit one of each item\n|clearpoke\n|poke|p1|Dondozo, L50, F|\n|poke|p1|Tatsugiri, L50, F|\n|poke|p1|Glimmora, L50, F|\n|poke|p1|Urshifu-*, L50, F|\n|poke|p1|Ogerpon-Wellspring, L50, F|\n|poke|p1|Chi-Yu, L50|\n|poke|p2|Kingambit, L50, M|\n|poke|p2|Arcanine-Hisui, L50, M|\n|poke|p2|Rillaboom, L50, F|\n|poke|p2|Flutter Mane, L50|\n|poke|p2|Chi-Yu, L50|\n|poke|p2|Amoonguss, L50, M|\n|teampreview|4\n|inactive|Battle timer is ON: inactive players will automatically lose when time's up. (requested by u7h7hh798)\n|inactive|u7h7hh798 has 60 seconds left.\n|inactive|Ganjux has 60 seconds left.\n|inactive|u7h7hh798 has 30 seconds left.\n|inactive|u7h7hh798 has 20 seconds left.\n|inactive|Ganjux has 30 seconds left.\n|inactive|u7h7hh798 has 15 seconds left.\n|inactive|u7h7hh798 has 10 seconds left.\n|\n|t:|1699763137\n|start\n|switch|p1a: Glimmora|Glimmora, L50, F|100\/100\n|switch|p1b: Ogerpon|Ogerpon-Wellspring, L50, F|100\/100\n|switch|p2a: Chi-Yu|Chi-Yu, L50|100\/100\n|switch|p2b: Kingambit|Kingambit, L50, M|100\/100\n|-ability|p2a: Chi-Yu|Beads of Ruin\n|turn|1\n|inactive|Ganjux has 30 seconds left.\n|\n|t:|1699763165\n|switch|p2b: Amoonguss|Amoonguss, L50, M|100\/100\n|move|p2a: Chi-Yu|Psychic|p1a: Glimmora\n|-supereffective|p1a: Glimmora\n|-enditem|p1a: Glimmora|Focus Sash\n|-damage|p1a: Glimmora|1\/100\n|move|p1a: Glimmora|Power Gem|p2a: Chi-Yu\n|-supereffective|p2a: Chi-Yu\n|-damage|p2a: Chi-Yu|7\/100\n|move|p1b: Ogerpon|Ivy Cudgel|p2b: Amoonguss\n|-resisted|p2b: Amoonguss\n|-crit|p2b: Amoonguss\n|-damage|p2b: Amoonguss|69\/100\n|\n|upkeep\n|turn|2\n|inactive|u7h7hh798 has 30 seconds left.\n|inactive|Ganjux has 30 seconds left.\n|inactive|u7h7hh798 has 20 seconds left.\n|inactive|u7h7hh798 has 15 seconds left.\n|\n|t:|1699763212\n|switch|p2a: Rillaboom|Rillaboom, L50, F|100\/100\n|-fieldstart|move: Grassy Terrain|[from] ability: Grassy Surge|[of] p2a: Rillaboom\n|move|p1a: Glimmora|Spiky Shield|p1a: Glimmora\n|-singleturn|p1a: Glimmora|move: Protect\n|move|p1b: Ogerpon|Ivy Cudgel|p2a: Rillaboom\n|-resisted|p2a: Rillaboom\n|-crit|p2a: Rillaboom\n|-damage|p2a: Rillaboom|66\/100\n|move|p2b: Amoonguss|Pollen Puff|p1a: Glimmora\n|-activate|p1a: Glimmora|move: Protect\n|\n|-heal|p1a: Glimmora|7\/100|[from] Grassy Terrain\n|-heal|p2a: Rillaboom|72\/100|[from] Grassy Terrain\n|-heal|p2b: Amoonguss|75\/100|[from] Grassy Terrain\n|upkeep\n|turn|3\n|\n|t:|1699763235\n|move|p1b: Ogerpon|Spiky Shield|p1b: Ogerpon\n|-singleturn|p1b: Ogerpon|move: Protect\n|move|p2a: Rillaboom|Grassy Glide|p1a: Glimmora\n|-damage|p1a: Glimmora|0 fnt\n|-activate|p1a: Glimmora|ability: Toxic Debris\n|-sidestart|p2: Ganjux|move: Toxic Spikes\n|faint|p1a: Glimmora\n|move|p2b: Amoonguss|Pollen Puff|p2a: Rillaboom\n|-heal|p2a: Rillaboom|100\/100\n|\n|-heal|p2b: Amoonguss|81\/100|[from] Grassy Terrain\n|upkeep\n|\n|t:|1699763247\n|switch|p1a: Dondozo|Dondozo, L50, F|100\/100\n|turn|4\n|\n|t:|1699763264\n|switch|p1b: Tatsugiri|Tatsugiri, L50, F|100\/100\n|-activate|p1b: Tatsugiri|ability: Commander|[of] p1a: Dondozo\n|-boost|p1a: Dondozo|atk|2\n|-boost|p1a: Dondozo|spa|2\n|-boost|p1a: Dondozo|spe|2\n|-boost|p1a: Dondozo|def|2\n|-boost|p1a: Dondozo|spd|2\n|-terastallize|p1a: Dondozo|Dragon\n|move|p1a: Dondozo|Substitute|p1a: Dondozo\n|-start|p1a: Dondozo|Substitute\n|-damage|p1a: Dondozo|75\/100\n|move|p2a: Rillaboom|Wood Hammer|p1a: Dondozo\n|-resisted|p1a: Dondozo\n|-activate|p1a: Dondozo|move: Substitute|[damage]\n|-damage|p2a: Rillaboom|94\/100|[from] Recoil|[of] p1a: Dondozo\n|move|p2b: Amoonguss|Spore||[still]\n|-fail|p2b: Amoonguss\n|\n|-heal|p1a: Dondozo|82\/100|[from] Grassy Terrain\n|-heal|p1a: Dondozo|88\/100|[from] item: Leftovers\n|-heal|p2a: Rillaboom|99\/100|[from] Grassy Terrain\n|-heal|p2b: Amoonguss|86\/100|[from] Grassy Terrain\n|upkeep\n|turn|5\n|inactive|Ganjux has 30 seconds left.\n|\n|t:|1699763298\n|move|p1a: Dondozo|Protect|p1a: Dondozo\n|-singleturn|p1a: Dondozo|Protect\n|move|p2a: Rillaboom|Wood Hammer|p1a: Dondozo\n|-activate|p1a: Dondozo|move: Protect\n|move|p2b: Amoonguss|Spore|p1a: Dondozo\n|-activate|p1a: Dondozo|move: Protect\n|\n|-heal|p1a: Dondozo|94\/100|[from] Grassy Terrain\n|-heal|p1a: Dondozo|100\/100|[from] item: Leftovers\n|-heal|p2a: Rillaboom|100\/100|[from] Grassy Terrain\n|-heal|p2b: Amoonguss|92\/100|[from] Grassy Terrain\n|upkeep\n|turn|6\n|\n|t:|1699763322\n|move|p1a: Dondozo|Substitute|p1a: Dondozo\n|-fail|p1a: Dondozo|move: Substitute\n|move|p2a: Rillaboom|Wood Hammer|p1a: Dondozo\n|-resisted|p1a: Dondozo\n|-crit|p1a: Dondozo\n|-end|p1a: Dondozo|Substitute\n|-damage|p2a: Rillaboom|97\/100|[from] Recoil|[of] p1a: Dondozo\n|move|p2b: Amoonguss|Spore|p1a: Dondozo\n|-status|p1a: Dondozo|slp|[from] move: Spore\n|\n|-heal|p2a: Rillaboom|100\/100|[from] Grassy Terrain\n|-heal|p2b: Amoonguss|98\/100|[from] Grassy Terrain\n|-fieldend|move: Grassy Terrain\n|upkeep\n|turn|7\n|\n|t:|1699763343\n|switch|p2b: Kingambit|Kingambit, L50, M|100\/100\n|cant|p1a: Dondozo|slp\n|move|p2a: Rillaboom|Wood Hammer|p1a: Dondozo\n|-resisted|p1a: Dondozo\n|-damage|p1a: Dondozo|89\/100 slp\n|-damage|p2a: Rillaboom|96\/100|[from] Recoil\n|\n|-heal|p1a: Dondozo|95\/100 slp|[from] item: Leftovers\n|upkeep\n|turn|8\n|\n|t:|1699763361\n|cant|p1a: Dondozo|slp\n|move|p2a: Rillaboom|Taunt|p1a: Dondozo\n|-immune|p1a: Dondozo|[from] ability: Oblivious\n|move|p2b: Kingambit|Swords Dance|p2b: Kingambit\n|-boost|p2b: Kingambit|atk|2\n|\n|-heal|p1a: Dondozo|100\/100 slp|[from] item: Leftovers\n|upkeep\n|turn|9\n|\n|t:|1699763373\n|cant|p1a: Dondozo|slp\n|move|p2a: Rillaboom|Wood Hammer|p1a: Dondozo\n|-resisted|p1a: Dondozo\n|-damage|p1a: Dondozo|89\/100 slp\n|-damage|p2a: Rillaboom|91\/100|[from] Recoil\n|move|p2b: Kingambit|Swords Dance|p2b: Kingambit\n|-boost|p2b: Kingambit|atk|2\n|\n|-heal|p1a: Dondozo|95\/100 slp|[from] item: Leftovers\n|upkeep\n|turn|10\n|\n|t:|1699763388\n|switch|p2a: Amoonguss|Amoonguss, L50, M|100\/100\n|-sideend|p2: Ganjux|move: Toxic Spikes|[of] p2a: Amoonguss\n|-curestatus|p1a: Dondozo|slp|[msg]\n|move|p1a: Dondozo|Earthquake|p2a: Amoonguss|[spread] p2a,p2b\n|-miss|p1a: Dondozo|p1b: Tatsugiri\n|-supereffective|p2b: Kingambit\n|-damage|p2a: Amoonguss|74\/100\n|-damage|p2b: Kingambit|50\/100\n|move|p2b: Kingambit|Kowtow Cleave|p1a: Dondozo\n|-damage|p1a: Dondozo|36\/100\n|\n|-heal|p1a: Dondozo|43\/100|[from] item: Leftovers\n|upkeep\n|turn|11\n|inactive|Ganjux has 30 seconds left.\n|inactive|Ganjux has 20 seconds left.\n|\n|t:|1699763425\n|move|p2b: Kingambit|Sucker Punch|p1a: Dondozo\n|-crit|p1a: Dondozo\n|-damage|p1a: Dondozo|0 fnt\n|faint|p1a: Dondozo\n|move|p2a: Amoonguss|Spore|p1b: Tatsugiri\n|-status|p1b: Tatsugiri|slp|[from] move: Spore\n|\n|upkeep\n|inactive|u7h7hh798 has 30 seconds left.\n|inactive|u7h7hh798 has 20 seconds left.\n|\n|t:|1699763462\n|switch|p1a: Ogerpon|Ogerpon-Wellspring, L50, F|100\/100\n|turn|12\n|\n|t:|1699763474\n|move|p1a: Ogerpon|Spiky Shield|p1a: Ogerpon\n|-singleturn|p1a: Ogerpon|move: Protect\n|move|p2b: Kingambit|Sucker Punch||[still]\n|-fail|p2b: Kingambit\n|cant|p1b: Tatsugiri|slp\n|move|p2a: Amoonguss|Pollen Puff|p2b: Kingambit\n|-heal|p2b: Kingambit|99\/100\n|\n|upkeep\n|turn|13\n|\n|t:|1699763498\n|move|p1a: Ogerpon|Spiky Shield||[still]\n|-fail|p1a: Ogerpon\n|move|p2b: Kingambit|Sucker Punch||[still]\n|-fail|p2b: Kingambit\n|cant|p1b: Tatsugiri|slp\n|move|p2a: Amoonguss|Spore|p1b: Tatsugiri\n|-fail|p1b: Tatsugiri|slp\n|\n|upkeep\n|turn|14\n|\n|t:|1699763510\n|move|p2b: Kingambit|Sucker Punch|p1b: Tatsugiri\n|-damage|p1b: Tatsugiri|0 fnt\n|faint|p1b: Tatsugiri\n|move|p1a: Ogerpon|Ivy Cudgel|p2b: Kingambit\n|-damage|p2b: Kingambit|61\/100\n|move|p2a: Amoonguss|Pollen Puff|p1a: Ogerpon\n|-supereffective|p1a: Ogerpon\n|-damage|p1a: Ogerpon|67\/100\n|\n|upkeep\n|turn|15\n|\n|t:|1699763526\n|move|p2b: Kingambit|Sucker Punch|p1a: Ogerpon\n|-damage|p1a: Ogerpon|0 fnt\n|faint|p1a: Ogerpon\n|\n|win|Ganjux\n|raw|u7h7hh798's rating: 1264 &rarr; <strong>1243<\/strong><br \/>(-21 for losing)\n|raw|Ganjux's rating: 1325 &rarr; <strong>1342<\/strong><br \/>(+17 for winning)\n","uploadtime":1699763532,"views":19,"p1id":"u7h7hh798","p2id":"ganjux","formatid":"gen9vgc2023regulatione","rating":1243,"private":0,"password":""}