{"id":"gen9vgc2023regulatione-1993158123","p1":"guillespia","p2":"avogadrotoast","format":"[Gen 9] VGC 2023 Regulation E","log":"|j|\u2606guillespia\n|j|\u2606avogadrotoast\n|t:|1700271817\n|gametype|doubles\n|player|p1|guillespia|169|1576\n|player|p2|avogadrotoast|102|1621\n|teamsize|p1|6\n|teamsize|p2|6\n|gen|9\n|tier|[Gen 9] VGC 2023 Regulation E\n|rated|\n|rule|Species Clause: Limit one of each Pok\u00e9mon\n|rule|Item Clause: Limit one of each item\n|clearpoke\n|poke|p1|Tatsugiri, L50, M|\n|poke|p1|Dondozo, L50, M|\n|poke|p1|Iron Hands, L50|\n|poke|p1|Ogerpon-Hearthflame, L50, F|\n|poke|p1|Glimmora, L50, F|\n|poke|p1|Ninetales-Alola, L50, M|\n|poke|p2|Dusclops, L50, M|\n|poke|p2|Ursaluna-Bloodmoon, L50, M|\n|poke|p2|Sylveon, L50, M|\n|poke|p2|Indeedee-F, L50, F|\n|poke|p2|Dondozo, L50, F|\n|poke|p2|Tatsugiri, L50, F|\n|teampreview|4\n|inactive|Battle timer is ON: inactive players will automatically lose when time's up. (requested by guillespia)\n|\n|t:|1700271859\n|start\n|switch|p1a: Glimmora|Glimmora, L50, F|100\/100\n|switch|p1b: Ogerpon|Ogerpon-Hearthflame, L50, F|100\/100\n|switch|p2a: Sylveon|Sylveon, L50, M|100\/100\n|switch|p2b: boo|Indeedee-F, L50, F|100\/100\n|-ability|p1b: Ogerpon|Mold Breaker\n|-fieldstart|move: Psychic Terrain|[from] ability: Psychic Surge|[of] p2b: boo\n|turn|1\n|inactive|guillespia has 30 seconds left.\n|\n|t:|1700271893\n|-terastallize|p1b: Ogerpon|Fire\n|detailschange|p1b: Ogerpon|Ogerpon-Hearthflame-Tera, L50, F, tera:Fire\n|-ability|p1b: Ogerpon|Embody Aspect (Hearthflame)|boost\n|-boost|p1b: Ogerpon|atk|1\n|move|p1b: Ogerpon|Ivy Cudgel|p2a: Sylveon|[anim] Ivy Cudgel Fire\n|-damage|p2a: Sylveon|0 fnt\n|faint|p2a: Sylveon\n|move|p1a: Glimmora|Power Gem|p2b: boo\n|-damage|p2b: boo|54\/100\n|move|p2b: boo|Psychic|p1a: Glimmora\n|-supereffective|p1a: Glimmora\n|-enditem|p1a: Glimmora|Focus Sash\n|-damage|p1a: Glimmora|1\/100\n|-unboost|p1a: Glimmora|spd|1\n|\n|upkeep\n|\n|t:|1700271905\n|switch|p2a: nicki minaj|Dusclops, L50, M, shiny|100\/100\n|-item|p1b: Ogerpon|Hearthflame Mask|[from] ability: Frisk|[of] p2a: nicki minaj|[identify]\n|turn|2\n|\n|t:|1700271926\n|move|p1a: Glimmora|Spiky Shield|p1a: Glimmora\n|-singleturn|p1a: Glimmora|move: Protect\n|move|p2b: boo|Follow Me|p2b: boo\n|-singleturn|p2b: boo|move: Follow Me\n|move|p1b: Ogerpon|Ivy Cudgel|p2b: boo|[anim] Ivy Cudgel Fire\n|-damage|p2b: boo|0 fnt\n|faint|p2b: boo\n|move|p2a: nicki minaj|Trick Room|p2a: nicki minaj\n|-fieldstart|move: Trick Room|[of] p2a: nicki minaj\n|\n|upkeep\n|j| hdwyzdmszrj\n|\n|t:|1700271935\n|switch|p2b: grumpy|Ursaluna-Bloodmoon, L50, M|100\/100\n|turn|3\n|inactive|guillespia has 30 seconds left.\n|\n|t:|1700271968\n|-terastallize|p2b: grumpy|Normal\n|move|p1b: Ogerpon|Spiky Shield|p1b: Ogerpon\n|-singleturn|p1b: Ogerpon|move: Protect\n|move|p2a: nicki minaj|Brick Break|p2b: grumpy\n|-supereffective|p2b: grumpy\n|-damage|p2b: grumpy|84\/100\n|-enditem|p2b: grumpy|Weakness Policy\n|-boost|p2b: grumpy|atk|2|[from] item: Weakness Policy\n|-boost|p2b: grumpy|spa|2|[from] item: Weakness Policy\n|move|p2b: grumpy|Hyper Voice|p1a: Glimmora|[spread] p1a\n|-activate|p1b: Ogerpon|move: Protect\n|-resisted|p1a: Glimmora\n|-damage|p1a: Glimmora|0 fnt\n|faint|p1a: Glimmora\n|\n|upkeep\n|\n|t:|1700271982\n|switch|p1a: Dondozo|Dondozo, L50, M|100\/100\n|turn|4\n|\n|t:|1700272002\n|switch|p1b: Tatsugiri|Tatsugiri, L50, M|100\/100\n|-activate|p1b: Tatsugiri|ability: Commander|[of] p1a: Dondozo\n|-boost|p1a: Dondozo|atk|2\n|-boost|p1a: Dondozo|spa|2\n|-boost|p1a: Dondozo|spe|2\n|-boost|p1a: Dondozo|def|2\n|-boost|p1a: Dondozo|spd|2\n|move|p1a: Dondozo|Protect|p1a: Dondozo\n|-singleturn|p1a: Dondozo|Protect\n|move|p2a: nicki minaj|Will-O-Wisp|p1a: Dondozo\n|-activate|p1a: Dondozo|move: Protect\n|move|p2b: grumpy|Hyper Voice|p1b: Tatsugiri|[spread] \n|-miss|p2b: grumpy|p1b: Tatsugiri\n|-activate|p1a: Dondozo|move: Protect\n|\n|upkeep\n|turn|5\n|\n|t:|1700272023\n|move|p2a: nicki minaj|Will-O-Wisp|p1a: Dondozo\n|-status|p1a: Dondozo|brn\n|move|p2b: grumpy|Blood Moon|p1a: Dondozo\n|-damage|p1a: Dondozo|42\/100 brn\n|move|p1a: Dondozo|Wave Crash|p2b: grumpy\n|-damage|p2b: grumpy|55\/100\n|-damage|p1a: Dondozo|34\/100 brn|[from] Recoil\n|\n|-heal|p1a: Dondozo|40\/100 brn|[from] item: Leftovers\n|-damage|p1a: Dondozo|34\/100 brn|[from] brn\n|-fieldend|move: Psychic Terrain\n|upkeep\n|turn|6\n|l| hdwyzdmszrj\n|inactive|avogadrotoast has 30 seconds left.\n|inactive|avogadrotoast has 20 seconds left.\n|\n|t:|1700272062\n|move|p1a: Dondozo|Protect|p1a: Dondozo\n|-singleturn|p1a: Dondozo|Protect\n|move|p2b: grumpy|Hyper Voice|p1a: Dondozo|[spread] \n|-miss|p2b: grumpy|p1b: Tatsugiri\n|-activate|p1a: Dondozo|move: Protect\n|move|p2a: nicki minaj|Trick Room|p2a: nicki minaj\n|-fieldend|move: Trick Room\n|\n|-heal|p1a: Dondozo|40\/100 brn|[from] item: Leftovers\n|-damage|p1a: Dondozo|34\/100 brn|[from] brn\n|upkeep\n|turn|7\n|\n|t:|1700272080\n|move|p2b: grumpy|Protect|p2b: grumpy\n|-singleturn|p2b: grumpy|Protect\n|move|p1a: Dondozo|Wave Crash|p2b: grumpy\n|-activate|p2b: grumpy|move: Protect\n|move|p2a: nicki minaj|Trick Room|p2a: nicki minaj\n|-fieldstart|move: Trick Room|[of] p2a: nicki minaj\n|\n|-heal|p1a: Dondozo|40\/100 brn|[from] item: Leftovers\n|-damage|p1a: Dondozo|34\/100 brn|[from] brn\n|upkeep\n|turn|8\n|\n|t:|1700272096\n|move|p1a: Dondozo|Protect|p1a: Dondozo\n|-singleturn|p1a: Dondozo|Protect\n|move|p2a: nicki minaj|Night Shade|p1a: Dondozo\n|-activate|p1a: Dondozo|move: Protect\n|move|p2b: grumpy|Hyper Voice|p1a: Dondozo|[spread] \n|-miss|p2b: grumpy|p1b: Tatsugiri\n|-activate|p1a: Dondozo|move: Protect\n|\n|-heal|p1a: Dondozo|40\/100 brn|[from] item: Leftovers\n|-damage|p1a: Dondozo|34\/100 brn|[from] brn\n|upkeep\n|turn|9\n|inactive|guillespia has 30 seconds left.\n|\n|t:|1700272127\n|move|p1a: Dondozo|Protect||[still]\n|-fail|p1a: Dondozo\n|move|p2a: nicki minaj|Night Shade|p1a: Dondozo\n|-damage|p1a: Dondozo|15\/100 brn\n|move|p2b: grumpy|Hyper Voice|p1a: Dondozo|[spread] p1a\n|-miss|p2b: grumpy|p1b: Tatsugiri\n|-damage|p1a: Dondozo|0 fnt\n|faint|p1a: Dondozo\n|\n|upkeep\n|\n|t:|1700272135\n|switch|p1a: Ogerpon|Ogerpon-Hearthflame-Tera, L50, F, tera:Fire|100\/100\n|-ability|p1a: Ogerpon|Embody Aspect (Hearthflame)|boost\n|-boost|p1a: Ogerpon|atk|1\n|turn|10\n|\n|t:|1700272153\n|move|p2a: nicki minaj|Night Shade|p1b: Tatsugiri\n|-damage|p1b: Tatsugiri|66\/100\n|move|p2b: grumpy|Hyper Voice|p1a: Ogerpon|[spread] p1a,p1b\n|-damage|p1a: Ogerpon|0 fnt\n|-damage|p1b: Tatsugiri|0 fnt\n|faint|p1a: Ogerpon\n|faint|p1b: Tatsugiri\n|\n|win|avogadrotoast\n|raw|guillespia's rating: 1600 &rarr; <strong>1581<\/strong><br \/>(-19 for losing)\n|raw|avogadrotoast's rating: 1621 &rarr; <strong>1640<\/strong><br \/>(+19 for winning)\n|l|\u2606guillespia\n|c|\u2606avogadrotoast|gg\n","uploadtime":1700272164,"views":16,"p1id":"guillespia","p2id":"avogadrotoast","formatid":"gen9vgc2023regulatione","rating":1581,"private":0,"password":""}