{"id":"gen9vgc2023regulatione-1988681336","p1":"KazanYMK","p2":"filthytrashgoblin","format":"[Gen 9] VGC 2023 Regulation E","log":"|j|\u2606KazanYMK\n|j|\u2606filthytrashgoblin\n|t:|1699749958\n|gametype|doubles\n|player|p1|KazanYMK|li|1075\n|player|p2|filthytrashgoblin|ghetsis|1124\n|teamsize|p1|6\n|teamsize|p2|6\n|gen|9\n|tier|[Gen 9] VGC 2023 Regulation E\n|rated|\n|rule|Species Clause: Limit one of each Pok\u00e9mon\n|rule|Item Clause: Limit one of each item\n|clearpoke\n|poke|p1|Ursaluna-Bloodmoon, L50, M|\n|poke|p1|Annihilape, L50, M|\n|poke|p1|Grimmsnarl, L50, M|\n|poke|p1|Chien-Pao, L50|\n|poke|p1|Flutter Mane, L50|\n|poke|p1|Toxapex, L50, M|\n|poke|p2|Cresselia, L50, F|\n|poke|p2|Urshifu-*, L50, F|\n|poke|p2|Ogerpon-Hearthflame, L50, F|\n|poke|p2|Flutter Mane, L50|\n|poke|p2|Landorus-Therian, L50, M|\n|poke|p2|Heatran, L50, M|\n|teampreview|4\n|inactive|Battle timer is ON: inactive players will automatically lose when time's up. (requested by filthytrashgoblin)\n|\n|t:|1699749984\n|start\n|switch|p1a: Annihilape|Annihilape, L50, M|100\/100\n|switch|p1b: Toxapex|Toxapex, L50, M|100\/100\n|switch|p2a: floofadoof|Flutter Mane, L50|100\/100\n|switch|p2b: poyo!!|Ogerpon-Hearthflame, L50, F|100\/100\n|-ability|p2b: poyo!!|Mold Breaker\n|-enditem|p2a: floofadoof|Booster Energy\n|-activate|p2a: floofadoof|ability: Protosynthesis|[fromitem]\n|-start|p2a: floofadoof|protosynthesisspe\n|turn|1\n|\n|t:|1699750004\n|move|p1b: Toxapex|Baneful Bunker|p1b: Toxapex\n|-singleturn|p1b: Toxapex|move: Protect\n|move|p2a: floofadoof|Shadow Ball|p1a: Annihilape\n|-supereffective|p1a: Annihilape\n|-damage|p1a: Annihilape|23\/100\n|move|p2b: poyo!!|Horn Leech|p1b: Toxapex\n|-activate|p1b: Toxapex|move: Protect\n|-status|p2b: poyo!!|psn\n|move|p1a: Annihilape|Bulk Up|p1a: Annihilape\n|-boost|p1a: Annihilape|atk|1\n|-boost|p1a: Annihilape|def|1\n|\n|-heal|p1a: Annihilape|29\/100|[from] item: Leftovers\n|-damage|p2b: poyo!!|88\/100 psn|[from] psn\n|upkeep\n|turn|2\n|inactive|KazanYMK has 30 seconds left.\n|\n|t:|1699750037\n|switch|p1a: Grimmsnarl|Grimmsnarl, L50, M|100\/100\n|move|p2b: poyo!!|Spiky Shield|p2b: poyo!!\n|-singleturn|p2b: poyo!!|move: Protect\n|move|p2a: floofadoof|Shadow Ball|p1a: Grimmsnarl\n|-resisted|p1a: Grimmsnarl\n|-damage|p1a: Grimmsnarl|82\/100\n|move|p1b: Toxapex|Venoshock|p2b: poyo!!\n|-activate|p2b: poyo!!|move: Protect\n|\n|-damage|p2b: poyo!!|76\/100 psn|[from] psn\n|upkeep\n|turn|3\n|inactive|filthytrashgoblin has 30 seconds left.\n|\n|t:|1699750071\n|move|p1a: Grimmsnarl|Fake Out|p2b: poyo!!\n|-damage|p2b: poyo!!|64\/100 psn\n|move|p2a: floofadoof|Moonblast|p1a: Grimmsnarl\n|-supereffective|p1a: Grimmsnarl\n|-damage|p1a: Grimmsnarl|0 fnt\n|faint|p1a: Grimmsnarl\n|cant|p2b: poyo!!|flinch\n|move|p1b: Toxapex|Venoshock|p2b: poyo!!\n|-supereffective|p2b: poyo!!\n|-damage|p2b: poyo!!|6\/100 psn\n|\n|-damage|p2b: poyo!!|0 fnt|[from] psn\n|faint|p2b: poyo!!\n|upkeep\n|\n|t:|1699750085\n|switch|p2b: head|Heatran, L50, M|100\/100\n|switch|p1a: Flutter Mane|Flutter Mane, L50|100\/100\n|-enditem|p1a: Flutter Mane|Booster Energy\n|-activate|p1a: Flutter Mane|ability: Protosynthesis|[fromitem]\n|-start|p1a: Flutter Mane|protosynthesisspe\n|turn|4\n|inactive|KazanYMK has 30 seconds left.\n|\n|t:|1699750117\n|-terastallize|p1a: Flutter Mane|Fairy\n|move|p1b: Toxapex|Baneful Bunker|p1b: Toxapex\n|-singleturn|p1b: Toxapex|move: Protect\n|move|p1a: Flutter Mane|Moonblast|p2a: floofadoof\n|-damage|p2a: floofadoof|33\/100\n|move|p2a: floofadoof|Shadow Ball|p1a: Flutter Mane\n|-crit|p1a: Flutter Mane\n|-damage|p1a: Flutter Mane|42\/100\n|move|p2b: head|Flash Cannon|p1a: Flutter Mane\n|-supereffective|p1a: Flutter Mane\n|-damage|p1a: Flutter Mane|0 fnt\n|faint|p1a: Flutter Mane\n|-end|p1a: Flutter Mane|Protosynthesis|[silent]\n|-damage|p2b: head|91\/100|[from] item: Life Orb\n|\n|upkeep\n|\n|t:|1699750131\n|switch|p1a: Annihilape|Annihilape, L50, M|29\/100\n|turn|5\n|\n|t:|1699750141\n|move|p1b: Toxapex|Wide Guard|p1b: Toxapex\n|-singleturn|p1b: Toxapex|Wide Guard\n|move|p2a: floofadoof|Shadow Ball|p1a: Annihilape\n|-supereffective|p1a: Annihilape\n|-damage|p1a: Annihilape|0 fnt\n|faint|p1a: Annihilape\n|move|p2b: head|Earth Power|p1b: Toxapex\n|-supereffective|p1b: Toxapex\n|-damage|p1b: Toxapex|39\/100\n|-damage|p2b: head|81\/100|[from] item: Life Orb\n|\n|upkeep\n|turn|6\n|\n|t:|1699750154\n|move|p2a: floofadoof|Moonblast|p1b: Toxapex\n|-resisted|p1b: Toxapex\n|-damage|p1b: Toxapex|21\/100\n|-unboost|p1b: Toxapex|spa|1\n|move|p2b: head|Flash Cannon|p1b: Toxapex\n|-resisted|p1b: Toxapex\n|-damage|p1b: Toxapex|0 fnt\n|faint|p1b: Toxapex\n|-damage|p2b: head|72\/100|[from] item: Life Orb\n|\n|win|filthytrashgoblin\n|raw|KazanYMK's rating: 1075 &rarr; <strong>1057<\/strong><br \/>(-18 for losing)\n|raw|filthytrashgoblin's rating: 1124 &rarr; <strong>1145<\/strong><br \/>(+21 for winning)\n|l|\u2606KazanYMK\n","uploadtime":1699750169,"views":9,"p1id":"kazanymk","p2id":"filthytrashgoblin","formatid":"gen9vgc2023regulatione","rating":1057,"private":0,"password":""}