{"id":"gen9vgc2023regulatione-1987951205","p1":"Blake1229","p2":"TrainerDylan24","format":"[Gen 9] VGC 2023 Regulation E","log":"|j|\u2606Blake1229\n|j|\u2606TrainerDylan24\n|t:|1699652404\n|gametype|doubles\n|player|p1|Blake1229|roughneck-gen4|1097\n|player|p2|TrainerDylan24|swimmerf|1111\n|teamsize|p1|6\n|teamsize|p2|6\n|gen|9\n|tier|[Gen 9] VGC 2023 Regulation E\n|rated|\n|rule|Species Clause: Limit one of each Pok\u00e9mon\n|rule|Item Clause: Limit one of each item\n|clearpoke\n|poke|p1|Dusclops, L50, F|\n|poke|p1|Armarouge, L50, M|\n|poke|p1|Orthworm, L50, M|\n|poke|p1|Grimmsnarl, L50, M|\n|poke|p1|Goodra-Hisui, L50, F|\n|poke|p1|Pincurchin, L50, M|\n|poke|p2|Torkoal, L50, M|\n|poke|p2|Lilligant-Hisui, L50, F|\n|poke|p2|Sandy Shocks, L50|\n|poke|p2|Flutter Mane, L50|\n|poke|p2|Garganacl, L50, M|\n|poke|p2|Ursaluna-Bloodmoon, L50, M|\n|teampreview|4\n|inactive|Battle timer is ON: inactive players will automatically lose when time's up. (requested by Blake1229)\n|\n|t:|1699652429\n|start\n|switch|p1a: Dusclops|Dusclops, L50, F|100\/100\n|switch|p1b: Grimmsnarl|Grimmsnarl, L50, M|100\/100\n|switch|p2a: Flutter Mane|Flutter Mane, L50|100\/100\n|switch|p2b: Sandy Shocks|Sandy Shocks, L50|100\/100\n|-item|p2a: Flutter Mane|Expert Belt|[from] ability: Frisk|[of] p1a: Dusclops|[identify]\n|-item|p2b: Sandy Shocks|Life Orb|[from] ability: Frisk|[of] p1a: Dusclops|[identify]\n|turn|1\n|\n|t:|1699652446\n|-end|p2b: Sandy Shocks|Protosynthesis|[silent]\n|switch|p2b: Torkoal|Torkoal, L50, M, shiny|100\/100\n|-weather|SunnyDay|[from] ability: Drought|[of] p2b: Torkoal\n|-activate|p2a: Flutter Mane|ability: Protosynthesis\n|-start|p2a: Flutter Mane|protosynthesisspe\n|move|p2a: Flutter Mane|Shadow Ball|p1a: Dusclops\n|-supereffective|p1a: Dusclops\n|-damage|p1a: Dusclops|50\/100\n|move|p1b: Grimmsnarl|Spirit Break|p2a: Flutter Mane\n|-damage|p2a: Flutter Mane|34\/100\n|-unboost|p2a: Flutter Mane|spa|1\n|move|p1a: Dusclops|Trick Room|p1a: Dusclops\n|-fieldstart|move: Trick Room|[of] p1a: Dusclops\n|\n|-weather|SunnyDay|[upkeep]\n|upkeep\n|turn|2\n|\n|t:|1699652467\n|switch|p1a: Armarouge|Armarouge, L50, M|100\/100\n|move|p2b: Torkoal|Eruption|p1a: Armarouge|[spread] p1b\n|-start|p1a: Armarouge|ability: Flash Fire\n|-damage|p1b: Grimmsnarl|43\/100\n|move|p1b: Grimmsnarl|Spirit Break|p2b: Torkoal\n|-resisted|p2b: Torkoal\n|-damage|p2b: Torkoal|87\/100\n|-unboost|p2b: Torkoal|spa|1\n|move|p2a: Flutter Mane|Dazzling Gleam|p1b: Grimmsnarl|[spread] p1a,p1b\n|-resisted|p1a: Armarouge\n|-supereffective|p1b: Grimmsnarl\n|-damage|p1a: Armarouge|88\/100\n|-damage|p1b: Grimmsnarl|6\/100\n|\n|-weather|SunnyDay|[upkeep]\n|upkeep\n|turn|3\n|\n|t:|1699652488\n|-terastallize|p1a: Armarouge|Grass\n|move|p1b: Grimmsnarl|Parting Shot|p2b: Torkoal\n|-unboost|p2b: Torkoal|atk|1\n|-unboost|p2b: Torkoal|spa|1\n|\n|t:|1699652493\n|switch|p1b: Goodra|Goodra-Hisui, L50, F|100\/100|[from] Parting Shot\n|move|p2b: Torkoal|Earth Power|p1a: Armarouge\n|-resisted|p1a: Armarouge\n|-damage|p1a: Armarouge|80\/100\n|move|p1a: Armarouge|Energy Ball|p2a: Flutter Mane\n|-damage|p2a: Flutter Mane|0 fnt\n|faint|p2a: Flutter Mane\n|-end|p2a: Flutter Mane|Protosynthesis|[silent]\n|-damage|p1a: Armarouge|70\/100|[from] item: Life Orb\n|\n|-weather|SunnyDay|[upkeep]\n|upkeep\n|\n|t:|1699652507\n|switch|p2a: Ursaluna|Ursaluna-Bloodmoon, L50, M|100\/100\n|turn|4\n|\n|t:|1699652522\n|switch|p2b: Sandy Shocks|Sandy Shocks, L50|100\/100\n|-activate|p2b: Sandy Shocks|ability: Protosynthesis\n|-start|p2b: Sandy Shocks|protosynthesisspe\n|-terastallize|p2a: Ursaluna|Normal\n|move|p1b: Goodra|Body Press|p2a: Ursaluna\n|-supereffective|p2a: Ursaluna\n|-damage|p2a: Ursaluna|72\/100\n|move|p2a: Ursaluna|Hyper Voice|p1a: Armarouge|[spread] p1a,p1b\n|-resisted|p1b: Goodra\n|-damage|p1a: Armarouge|7\/100\n|-damage|p1b: Goodra|86\/100\n|-enditem|p2a: Ursaluna|Throat Spray\n|-boost|p2a: Ursaluna|spa|1|[from] item: Throat Spray\n|move|p1a: Armarouge|Energy Ball|p2a: Ursaluna\n|-crit|p2a: Ursaluna\n|-damage|p2a: Ursaluna|0 fnt\n|faint|p2a: Ursaluna\n|-damage|p1a: Armarouge|0 fnt|[from] item: Life Orb\n|faint|p1a: Armarouge\n|\n|-weather|SunnyDay|[upkeep]\n|upkeep\n|\n|t:|1699652537\n|switch|p2a: Torkoal|Torkoal, L50, M, shiny|87\/100\n|switch|p1a: Grimmsnarl|Grimmsnarl, L50, M|6\/100\n|turn|5\n|\n|t:|1699652550\n|move|p1a: Grimmsnarl|Parting Shot|p2a: Torkoal\n|-unboost|p2a: Torkoal|atk|1\n|-unboost|p2a: Torkoal|spa|1\n|\n|t:|1699652554\n|switch|p1a: Dusclops|Dusclops, L50, F|50\/100|[from] Parting Shot\n|-item|p2a: Torkoal|Assault Vest|[from] ability: Frisk|[of] p1a: Dusclops|[identify]\n|-item|p2b: Sandy Shocks|Life Orb|[from] ability: Frisk|[of] p1a: Dusclops|[identify]\n|move|p2a: Torkoal|Heat Wave|p1b: Goodra|[spread] p1a,p1b\n|-damage|p1a: Dusclops|36\/100\n|-damage|p1b: Goodra|71\/100\n|move|p1b: Goodra|Curse|p1b: Goodra\n|-unboost|p1b: Goodra|spe|1\n|-boost|p1b: Goodra|atk|1\n|-boost|p1b: Goodra|def|1\n|move|p2b: Sandy Shocks|Earth Power|p1b: Goodra\n|-supereffective|p1b: Goodra\n|-damage|p1b: Goodra|11\/100\n|-damage|p2b: Sandy Shocks|90\/100|[from] item: Life Orb\n|\n|-weather|none\n|-end|p2b: Sandy Shocks|Protosynthesis\n|-fieldend|move: Trick Room\n|upkeep\n|turn|6\n|\n|t:|1699652576\n|move|p2b: Sandy Shocks|Earth Power|p1a: Dusclops\n|-damage|p1a: Dusclops|9\/100\n|-damage|p2b: Sandy Shocks|80\/100|[from] item: Life Orb\n|move|p2a: Torkoal|Eruption|p1a: Dusclops|[spread] p1a,p1b\n|-damage|p1a: Dusclops|0 fnt\n|-damage|p1b: Goodra|0 fnt\n|faint|p1a: Dusclops\n|faint|p1b: Goodra\n|\n|upkeep\n|-message|Blake1229 forfeited.\n|\n|win|TrainerDylan24\n|raw|Blake1229's rating: 1097 &rarr; <strong>1073<\/strong><br \/>(-24 for losing)\n|raw|TrainerDylan24's rating: 1111 &rarr; <strong>1135<\/strong><br \/>(+24 for winning)\n|l|\u2606Blake1229\n","uploadtime":1699652591,"views":13,"p1id":"blake1229","p2id":"trainerdylan24","formatid":"gen9vgc2023regulatione","rating":1073,"private":0,"password":""}