{"id":"gen9vgc2023regulatione-1990521444","p1":"FunkyPengu1n","p2":"Th3D3b","format":"[Gen 9] VGC 2023 Regulation E","log":"|j|\u2606FunkyPengu1n\n|j|\u2606Th3D3b\n|t:|1699978304\n|gametype|doubles\n|player|p1|FunkyPengu1n|1|1395\n|player|p2|Th3D3b|169|1472\n|teamsize|p1|6\n|teamsize|p2|6\n|gen|9\n|tier|[Gen 9] VGC 2023 Regulation E\n|rated|\n|rule|Species Clause: Limit one of each Pok\u00e9mon\n|rule|Item Clause: Limit one of each item\n|clearpoke\n|poke|p1|Hydreigon, L50, M|\n|poke|p1|Tornadus, L50, M|\n|poke|p1|Gholdengo, L50|\n|poke|p1|Arcanine-Hisui, L50, F|\n|poke|p1|Rillaboom, L50, F|\n|poke|p1|Urshifu-*, L50, M|\n|poke|p2|Illumise, L50, F|\n|poke|p2|Farigiraf, L50, F|\n|poke|p2|Chi-Yu, L50|\n|poke|p2|Rillaboom, L50, M|\n|poke|p2|Flutter Mane, L50|\n|poke|p2|Kleavor, L50, M|\n|teampreview|4\n|inactive|Battle timer is ON: inactive players will automatically lose when time's up. (requested by Th3D3b)\n|\n|t:|1699978342\n|start\n|switch|p1a: Tornadus|Tornadus, L50, M|100\/100\n|switch|p1b: Hydreigon|Hydreigon, L50, M|100\/100\n|switch|p2a: Farigiraf|Farigiraf, L50, F|100\/100\n|switch|p2b: Flutter Mane|Flutter Mane, L50|100\/100\n|turn|1\n|inactive|FunkyPengu1n has 30 seconds left.\n|inactive|FunkyPengu1n has 20 seconds left.\n|inactive|FunkyPengu1n has 15 seconds left.\n|inactive|FunkyPengu1n has 10 seconds left.\n|\n|t:|1699978389\n|switch|p1a: Gholdengo|Gholdengo, L50|100\/100\n|-terastallize|p1b: Hydreigon|Steel\n|move|p2b: Flutter Mane|Dazzling Gleam|p1b: Hydreigon|[spread] p1a,p1b\n|-resisted|p1a: Gholdengo\n|-resisted|p1b: Hydreigon\n|-damage|p1a: Gholdengo|78\/100\n|-damage|p1b: Hydreigon|74\/100\n|move|p1b: Hydreigon|Flash Cannon|p2b: Flutter Mane\n|-supereffective|p2b: Flutter Mane\n|-damage|p2b: Flutter Mane|0 fnt\n|faint|p2b: Flutter Mane\n|-end|p2b: Flutter Mane|Protosynthesis|[silent]\n|-damage|p1b: Hydreigon|64\/100|[from] item: Life Orb\n|move|p2a: Farigiraf|Trick Room|p2a: Farigiraf\n|-fieldstart|move: Trick Room|[of] p2a: Farigiraf\n|\n|-heal|p1a: Gholdengo|84\/100|[from] item: Leftovers\n|upkeep\n|\n|t:|1699978402\n|switch|p2b: Rillaboom|Rillaboom, L50, M|100\/100\n|-fieldstart|move: Grassy Terrain|[from] ability: Grassy Surge|[of] p2b: Rillaboom\n|turn|2\n|inactive|FunkyPengu1n has 30 seconds left.\n|\n|t:|1699978433\n|move|p2a: Farigiraf|Helping Hand|p2b: Rillaboom\n|-singleturn|p2b: Rillaboom|Helping Hand|[of] p2a: Farigiraf\n|move|p1b: Hydreigon|Protect|p1b: Hydreigon\n|-singleturn|p1b: Hydreigon|Protect\n|move|p2b: Rillaboom|High Horsepower|p1a: Gholdengo\n|-supereffective|p1a: Gholdengo\n|-damage|p1a: Gholdengo|0 fnt\n|faint|p1a: Gholdengo\n|\n|upkeep\n|\n|t:|1699978449\n|switch|p1a: Tornadus|Tornadus, L50, M|100\/100\n|turn|3\n|\n|t:|1699978469\n|move|p2b: Rillaboom|Grassy Glide|p1b: Hydreigon\n|-resisted|p1b: Hydreigon\n|-damage|p1b: Hydreigon|42\/100\n|move|p2a: Farigiraf|Psychic|p1b: Hydreigon\n|-resisted|p1b: Hydreigon\n|-damage|p1b: Hydreigon|22\/100\n|move|p1a: Tornadus|Bleakwind Storm|p2b: Rillaboom|[spread] p2a,p2b\n|-supereffective|p2b: Rillaboom\n|-damage|p2a: Farigiraf|71\/100\n|-damage|p2b: Rillaboom|54\/100\n|move|p1b: Hydreigon|Dark Pulse|p2a: Farigiraf\n|-supereffective|p2a: Farigiraf\n|-damage|p2a: Farigiraf|0 fnt\n|faint|p2a: Farigiraf\n|-damage|p1b: Hydreigon|12\/100|[from] item: Life Orb\n|\n|-heal|p2b: Rillaboom|60\/100|[from] Grassy Terrain\n|upkeep\n|\n|t:|1699978481\n|switch|p2a: Kleavor|Kleavor, L50, M|100\/100\n|turn|4\n|\n|t:|1699978496\n|-terastallize|p2a: Kleavor|Water\n|move|p1b: Hydreigon|Protect|p1b: Hydreigon\n|-singleturn|p1b: Hydreigon|Protect\n|move|p2b: Rillaboom|Grassy Glide|p1a: Tornadus\n|-resisted|p1a: Tornadus\n|-damage|p1a: Tornadus|82\/100\n|move|p2a: Kleavor|Stone Axe|p1a: Tornadus\n|-supereffective|p1a: Tornadus\n|-damage|p1a: Tornadus|0 fnt\n|-sidestart|p1: FunkyPengu1n|move: Stealth Rock\n|faint|p1a: Tornadus\n|\n|-heal|p2b: Rillaboom|66\/100|[from] Grassy Terrain\n|upkeep\n|\n|t:|1699978507\n|switch|p1a: Urshifu|Urshifu-Rapid-Strike, L50, M|100\/100\n|-damage|p1a: Urshifu|94\/100|[from] Stealth Rock\n|turn|5\n|inactive|FunkyPengu1n has 30 seconds left.\n|inactive|Th3D3b has 30 seconds left.\n|\n|t:|1699978541\n|move|p2b: Rillaboom|Grassy Glide|p1b: Hydreigon\n|-resisted|p1b: Hydreigon\n|-damage|p1b: Hydreigon|0 fnt\n|faint|p1b: Hydreigon\n|move|p2a: Kleavor|X-Scissor|p1a: Urshifu\n|-resisted|p1a: Urshifu\n|-damage|p1a: Urshifu|59\/100\n|move|p1a: Urshifu|Surging Strikes|p2b: Rillaboom\n|-resisted|p2b: Rillaboom\n|-crit|p2b: Rillaboom\n|-damage|p2b: Rillaboom|56\/100\n|-resisted|p2b: Rillaboom\n|-crit|p2b: Rillaboom\n|-damage|p2b: Rillaboom|45\/100\n|-resisted|p2b: Rillaboom\n|-crit|p2b: Rillaboom\n|-damage|p2b: Rillaboom|36\/100\n|-hitcount|p2b: Rillaboom|3\n|\n|-heal|p2b: Rillaboom|42\/100|[from] Grassy Terrain\n|-heal|p1a: Urshifu|65\/100|[from] Grassy Terrain\n|-fieldend|move: Trick Room\n|upkeep\n|turn|6\n|-message|FunkyPengu1n forfeited.\n|\n|win|Th3D3b\n|raw|FunkyPengu1n's rating: 1395 &rarr; <strong>1379<\/strong><br \/>(-16 for losing)\n|raw|Th3D3b's rating: 1472 &rarr; <strong>1488<\/strong><br \/>(+16 for winning)\n|l|\u2606FunkyPengu1n\n","uploadtime":1699978565,"views":12,"p1id":"funkypengu1n","p2id":"th3d3b","formatid":"gen9vgc2023regulatione","rating":1379,"private":0,"password":""}