{"id":"gen9vgc2023regulatione-1994748941","p1":"dymanacks","p2":"flopyflopsters","format":"[Gen 9] VGC 2023 Regulation E","log":"|j|\u2606dymanacks\n|j|\u2606flopyflopsters\n|t:|1700488816\n|gametype|doubles\n|player|p1|dymanacks|ninjaboy|1381\n|player|p2|flopyflopsters|nate|1422\n|teamsize|p1|6\n|teamsize|p2|6\n|gen|9\n|tier|[Gen 9] VGC 2023 Regulation E\n|rated|\n|rule|Species Clause: Limit one of each Pok\u00e9mon\n|rule|Item Clause: Limit one of each item\n|clearpoke\n|poke|p1|Heatran, L50, M|\n|poke|p1|Corviknight, L50, F|\n|poke|p1|Dragapult, L50, F|\n|poke|p1|Ting-Lu, L50|\n|poke|p1|Amoonguss, L50, M|\n|poke|p1|Urshifu-*, L50, F|\n|poke|p2|Tornadus, L50, M|\n|poke|p2|Urshifu-*, L50, F|\n|poke|p2|Iron Hands, L50|\n|poke|p2|Sinistcha-Masterpiece, L50|\n|poke|p2|Chien-Pao, L50|\n|poke|p2|Arcanine-Hisui, L50, M|\n|teampreview|4\n|inactive|Battle timer is ON: inactive players will automatically lose when time's up. (requested by flopyflopsters)\n|j| revan3525\n|inactive|dymanacks has 60 seconds left.\n|\n|t:|1700488871\n|start\n|switch|p1a: Amoonguss|Amoonguss, L50, M|100\/100\n|switch|p1b: Dragapult|Dragapult, L50, F|100\/100\n|switch|p2a: Tornadus|Tornadus, L50, M|100\/100\n|switch|p2b: Urshifu|Urshifu-Rapid-Strike, L50, F|100\/100\n|turn|1\n|\n|t:|1700488885\n|switch|p2b: Iron Hands|Iron Hands, L50|100\/100\n|move|p1b: Dragapult|Will-O-Wisp|p2b: Iron Hands\n|-status|p2b: Iron Hands|brn\n|move|p2a: Tornadus|Bleakwind Storm|p1b: Dragapult|[spread] p1a,p1b\n|-supereffective|p1a: Amoonguss\n|-damage|p1a: Amoonguss|38\/100\n|-damage|p1b: Dragapult|53\/100\n|-unboost|p1a: Amoonguss|spe|1\n|move|p1a: Amoonguss|Spore|p2a: Tornadus\n|-status|p2a: Tornadus|slp|[from] move: Spore\n|\n|-damage|p2b: Iron Hands|95\/100 brn|[from] brn\n|upkeep\n|turn|2\n|inactive|dymanacks has 30 seconds left.\n|\n|t:|1700488917\n|switch|p1a: Urshifu|Urshifu-Rapid-Strike, L50, F|100\/100\n|move|p1b: Dragapult|Dragon Darts|p2a: Tornadus\n|-damage|p2a: Tornadus|76\/100 slp\n|-anim|p1b: Dragapult|Dragon Darts|p2b: Iron Hands\n|-damage|p2b: Iron Hands|77\/100 brn\n|cant|p2a: Tornadus|slp\n|move|p2b: Iron Hands|Heavy Slam|p1a: Urshifu\n|-resisted|p1a: Urshifu\n|-damage|p1a: Urshifu|93\/100\n|\n|-damage|p2b: Iron Hands|71\/100 brn|[from] brn\n|upkeep\n|turn|3\n|inactive|dymanacks has 30 seconds left.\n|\n|t:|1700488951\n|move|p1a: Urshifu|Surging Strikes|p2a: Tornadus\n|-crit|p2a: Tornadus\n|-damage|p2a: Tornadus|54\/100 slp\n|-damage|p1a: Urshifu|76\/100|[from] item: Rocky Helmet|[of] p2a: Tornadus\n|-crit|p2a: Tornadus\n|-damage|p2a: Tornadus|34\/100 slp\n|-damage|p1a: Urshifu|60\/100|[from] item: Rocky Helmet|[of] p2a: Tornadus\n|-crit|p2a: Tornadus\n|-damage|p2a: Tornadus|12\/100 slp\n|-damage|p1a: Urshifu|43\/100|[from] item: Rocky Helmet|[of] p2a: Tornadus\n|-hitcount|p2a: Tornadus|3\n|move|p1b: Dragapult|Dragon Darts|p2b: Iron Hands\n|-damage|p2b: Iron Hands|55\/100 brn\n|-anim|p1b: Dragapult|Dragon Darts|p2a: Tornadus\n|-damage|p2a: Tornadus|0 fnt\n|faint|p2a: Tornadus\n|move|p2b: Iron Hands|Wild Charge|p1a: Urshifu\n|-supereffective|p1a: Urshifu\n|-damage|p1a: Urshifu|0 fnt\n|faint|p1a: Urshifu\n|-damage|p2b: Iron Hands|47\/100 brn|[from] Recoil\n|\n|-damage|p2b: Iron Hands|42\/100 brn|[from] brn\n|upkeep\n|inactive|dymanacks has 30 seconds left.\n|\n|t:|1700488978\n|switch|p1a: Amoonguss|Amoonguss, L50, M|71\/100\n|switch|p2a: Urshifu|Urshifu-Rapid-Strike, L50, F|100\/100\n|turn|4\n|\n|t:|1700488988\n|move|p2a: Urshifu|Detect|p2a: Urshifu\n|-singleturn|p2a: Urshifu|Protect\n|move|p1a: Amoonguss|Rage Powder|p1a: Amoonguss\n|-singleturn|p1a: Amoonguss|move: Rage Powder\n|move|p1b: Dragapult|Will-O-Wisp|p2a: Urshifu\n|-activate|p2a: Urshifu|move: Protect\n|move|p2b: Iron Hands|Heavy Slam|p1a: Amoonguss\n|-damage|p1a: Amoonguss|53\/100\n|-damage|p2b: Iron Hands|25\/100 brn|[from] item: Rocky Helmet|[of] p1a: Amoonguss\n|\n|-damage|p2b: Iron Hands|19\/100 brn|[from] brn\n|upkeep\n|turn|5\n|\n|t:|1700489007\n|switch|p1a: Ting-Lu|Ting-Lu, L50|100\/100\n|-ability|p1a: Ting-Lu|Vessel of Ruin\n|-terastallize|p2a: Urshifu|Water\n|move|p1b: Dragapult|Will-O-Wisp|p2a: Urshifu\n|-status|p2a: Urshifu|brn\n|move|p2a: Urshifu|Surging Strikes|p1b: Dragapult\n|-resisted|p1b: Dragapult\n|-crit|p1b: Dragapult\n|-damage|p1b: Dragapult|40\/100\n|-resisted|p1b: Dragapult\n|-crit|p1b: Dragapult\n|-damage|p1b: Dragapult|29\/100\n|-resisted|p1b: Dragapult\n|-crit|p1b: Dragapult\n|-damage|p1b: Dragapult|17\/100\n|-hitcount|p1b: Dragapult|3\n|move|p2b: Iron Hands|Heavy Slam|p1a: Ting-Lu\n|-damage|p1a: Ting-Lu|96\/100\n|\n|-damage|p2a: Urshifu|95\/100 brn|[from] brn\n|-damage|p2b: Iron Hands|13\/100 brn|[from] brn\n|upkeep\n|turn|6\n|inactive|dymanacks has 30 seconds left.\n|inactive|dymanacks has 20 seconds left.\n|\n|t:|1700489046\n|switch|p1a: Amoonguss|Amoonguss, L50, M|86\/100\n|move|p1b: Dragapult|Dragon Darts|p2a: Urshifu\n|-damage|p2a: Urshifu|70\/100 brn\n|-anim|p1b: Dragapult|Dragon Darts|p2b: Iron Hands\n|-damage|p2b: Iron Hands|0 fnt\n|faint|p2b: Iron Hands\n|-end|p2b: Iron Hands|Quark Drive|[silent]\n|move|p2a: Urshifu|Surging Strikes|p1b: Dragapult\n|-resisted|p1b: Dragapult\n|-crit|p1b: Dragapult\n|-damage|p1b: Dragapult|5\/100\n|-resisted|p1b: Dragapult\n|-crit|p1b: Dragapult\n|-damage|p1b: Dragapult|0 fnt\n|faint|p1b: Dragapult\n|-hitcount|p1: Dragapult|2\n|\n|-damage|p2a: Urshifu|64\/100 brn|[from] brn\n|upkeep\n|\n|t:|1700489064\n|switch|p1b: Ting-Lu|Ting-Lu, L50|96\/100\n|switch|p2b: Chien-Pao|Chien-Pao, L50|100\/100\n|-ability|p2b: Chien-Pao|Sword of Ruin\n|-ability|p1b: Ting-Lu|Vessel of Ruin\n|turn|7\n|\n|t:|1700489076\n|-terastallize|p1a: Amoonguss|Water\n|move|p1a: Amoonguss|Rage Powder|p1a: Amoonguss\n|-singleturn|p1a: Amoonguss|move: Rage Powder\n|move|p2b: Chien-Pao|Ice Spinner|p1a: Amoonguss\n|-resisted|p1a: Amoonguss\n|-damage|p1a: Amoonguss|67\/100\n|-damage|p2b: Chien-Pao|84\/100|[from] item: Rocky Helmet|[of] p1a: Amoonguss\n|move|p2a: Urshifu|Surging Strikes|p1a: Amoonguss\n|-resisted|p1a: Amoonguss\n|-crit|p1a: Amoonguss\n|-damage|p1a: Amoonguss|58\/100\n|-damage|p2a: Urshifu|48\/100 brn|[from] item: Rocky Helmet|[of] p1a: Amoonguss\n|-resisted|p1a: Amoonguss\n|-crit|p1a: Amoonguss\n|-damage|p1a: Amoonguss|50\/100\n|-damage|p2a: Urshifu|31\/100 brn|[from] item: Rocky Helmet|[of] p1a: Amoonguss\n|-resisted|p1a: Amoonguss\n|-crit|p1a: Amoonguss\n|-damage|p1a: Amoonguss|42\/100\n|-damage|p2a: Urshifu|15\/100 brn|[from] item: Rocky Helmet|[of] p1a: Amoonguss\n|-hitcount|p1a: Amoonguss|3\n|move|p1b: Ting-Lu|Heavy Slam|p2b: Chien-Pao\n|-supereffective|p2b: Chien-Pao\n|-damage|p2b: Chien-Pao|0 fnt\n|faint|p2b: Chien-Pao\n|\n|-damage|p2a: Urshifu|9\/100 brn|[from] brn\n|upkeep\n|turn|8\n|inactive|dymanacks has 30 seconds left.\n|\n|t:|1700489107\n|move|p1a: Amoonguss|Rage Powder|p1a: Amoonguss\n|-singleturn|p1a: Amoonguss|move: Rage Powder\n|move|p2a: Urshifu|Surging Strikes|p1a: Amoonguss\n|-resisted|p1a: Amoonguss\n|-crit|p1a: Amoonguss\n|-damage|p1a: Amoonguss|36\/100\n|-damage|p2a: Urshifu|0 fnt|[from] item: Rocky Helmet|[of] p1a: Amoonguss\n|faint|p2a: Urshifu\n|\n|win|dymanacks\n|-hitcount|p1a: Amoonguss|1\n|raw|dymanacks's rating: 1381 &rarr; <strong>1403<\/strong><br \/>(+22 for winning)\n|raw|flopyflopsters's rating: 1422 &rarr; <strong>1400<\/strong><br \/>(-22 for losing)\n|l|\u2606flopyflopsters\n","uploadtime":1700489120,"views":4,"p1id":"dymanacks","p2id":"flopyflopsters","formatid":"gen9vgc2023regulatione","rating":1400,"private":0,"password":""}