{"id":"gen9vgc2023regulatione-1997016216","p1":"AJB0000","p2":"Andreu.RR","format":"[Gen 9] VGC 2023 Regulation E","log":"|j|\u2606AJB0000\n|j|\u2606Andreu.RR\n|t:|1700755975\n|gametype|doubles\n|player|p1|AJB0000|1|1147\n|player|p2|Andreu.RR|burglar|1114\n|teamsize|p1|6\n|teamsize|p2|6\n|gen|9\n|tier|[Gen 9] VGC 2023 Regulation E\n|rated|\n|rule|Species Clause: Limit one of each Pok\u00e9mon\n|rule|Item Clause: Limit one of each item\n|clearpoke\n|poke|p1|Sinistcha, L50|\n|poke|p1|Indeedee-F, L50, F|\n|poke|p1|Sylveon, L50, M|\n|poke|p1|Palafin, L50, M|\n|poke|p1|Iron Hands, L50|\n|poke|p1|Heatran, L50, F|\n|poke|p2|Chien-Pao, L50|\n|poke|p2|Landorus-Therian, L50, M|\n|poke|p2|Amoonguss, L50, F|\n|poke|p2|Chi-Yu, L50|\n|poke|p2|Iron Hands, L50|\n|poke|p2|Dragapult, L50, M|\n|teampreview|4\n|\n|t:|1700755996\n|start\n|switch|p1a: Sinistcha|Sinistcha, L50, shiny|100\/100\n|switch|p1b: Sylveon|Sylveon, L50, M, shiny|100\/100\n|switch|p2a: Iron Hands|Iron Hands, L50|100\/100\n|switch|p2b: Dragapult|Dragapult, L50, M|100\/100\n|turn|1\n|\n|t:|1700756037\n|-terastallize|p1a: Sinistcha|Water\n|move|p1b: Sylveon|Protect|p1b: Sylveon\n|-singleturn|p1b: Sylveon|Protect\n|move|p2a: Iron Hands|Fake Out|p1b: Sylveon\n|-activate|p1b: Sylveon|move: Protect\n|move|p2b: Dragapult|Dragon Darts|p1a: Sinistcha\n|-damage|p1a: Sinistcha|65\/100\n|-anim|p2b: Dragapult|Dragon Darts|p1a: Sinistcha\n|-damage|p1a: Sinistcha|29\/100\n|move|p1a: Sinistcha|Trick Room|p1a: Sinistcha\n|-fieldstart|move: Trick Room|[of] p1a: Sinistcha\n|\n|-heal|p1a: Sinistcha|35\/100|[from] item: Leftovers\n|upkeep\n|turn|2\n|\n|t:|1700756059\n|switch|p2b: Amoonguss|Amoonguss, L50, F|100\/100\n|-terastallize|p2a: Iron Hands|Water\n|move|p1b: Sylveon|Hyper Voice|p2a: Iron Hands|[spread] p2a,p2b\n|-resisted|p2b: Amoonguss\n|-damage|p2a: Iron Hands|73\/100\n|-damage|p2b: Amoonguss|79\/100\n|move|p1a: Sinistcha|Matcha Gotcha|p2b: Amoonguss|[spread] p2a,p2b\n|-supereffective|p2a: Iron Hands\n|-resisted|p2b: Amoonguss\n|-crit|p2b: Amoonguss\n|-damage|p2a: Iron Hands|38\/100\n|-heal|p1a: Sinistcha|59\/100|[from] drain|[of] p2a: Iron Hands\n|-damage|p2b: Amoonguss|67\/100\n|-heal|p1a: Sinistcha|66\/100|[from] drain|[of] p2b: Amoonguss\n|move|p2a: Iron Hands|Heavy Slam|p1b: Sylveon\n|-supereffective|p1b: Sylveon\n|-damage|p1b: Sylveon|0 fnt\n|faint|p1b: Sylveon\n|\n|-heal|p1a: Sinistcha|72\/100|[from] item: Leftovers\n|upkeep\n|\n|t:|1700756080\n|switch|p1b: Nessie|Heatran, L50, F|100\/100\n|turn|3\n|\n|t:|1700756093\n|move|p2b: Amoonguss|Protect|p2b: Amoonguss\n|-singleturn|p2b: Amoonguss|Protect\n|move|p1b: Nessie|Protect|p1b: Nessie\n|-singleturn|p1b: Nessie|Protect\n|move|p1a: Sinistcha|Matcha Gotcha|p2a: Iron Hands|[spread] p2a\n|-activate|p2b: Amoonguss|move: Protect\n|-supereffective|p2a: Iron Hands\n|-damage|p2a: Iron Hands|4\/100\n|-heal|p1a: Sinistcha|95\/100|[from] drain|[of] p2a: Iron Hands\n|move|p2a: Iron Hands|Drain Punch|p1b: Nessie\n|-activate|p1b: Nessie|move: Protect\n|\n|-heal|p1a: Sinistcha|100\/100|[from] item: Leftovers\n|upkeep\n|turn|4\n|inactive|Battle timer is ON: inactive players will automatically lose when time's up. (requested by AJB0000)\n|\n|t:|1700756136\n|-end|p2a: Iron Hands|Quark Drive|[silent]\n|switch|p2a: Landorus|Landorus-Therian, L50, M|100\/100\n|-ability|p2a: Landorus|Intimidate|boost\n|-unboost|p1a: Sinistcha|atk|1\n|-unboost|p1b: Nessie|atk|1\n|move|p2b: Amoonguss|Spore|p1b: Nessie\n|-activate|p1b: Nessie|item: Safety Goggles|Spore\n|move|p1a: Sinistcha|Matcha Gotcha|p2a: Landorus|[spread] p2a,p2b\n|-resisted|p2b: Amoonguss\n|-damage|p2a: Landorus|63\/100\n|-damage|p2b: Amoonguss|59\/100\n|move|p1b: Nessie|Heat Wave|p2b: Amoonguss|[spread] p2a,p2b\n|-supereffective|p2b: Amoonguss\n|-damage|p2a: Landorus|13\/100\n|-damage|p2b: Amoonguss|0 fnt\n|faint|p2b: Amoonguss\n|\n|upkeep\n|\n|t:|1700756151\n|switch|p2b: Iron Hands|Iron Hands, L50, tera:Water|4\/100\n|turn|5\n|inactive|AJB0000 has 30 seconds left.\n|\n|t:|1700756179\n|switch|p1a: Iron Hands|Iron Hands, L50|100\/100\n|move|p1b: Nessie|Protect|p1b: Nessie\n|-singleturn|p1b: Nessie|Protect\n|move|p2b: Iron Hands|Fake Out|p1a: Iron Hands\n|-damage|p1a: Iron Hands|89\/100\n|move|p2a: Landorus|Stomping Tantrum|p1b: Nessie\n|-activate|p1b: Nessie|move: Protect\n|\n|-fieldend|move: Trick Room\n|upkeep\n|turn|6\n|inactive|Andreu.RR has 30 seconds left.\n|\n|t:|1700756204\n|move|p1a: Iron Hands|Fake Out|p2a: Landorus\n|-damage|p2a: Landorus|0 fnt\n|faint|p2a: Landorus\n|move|p1b: Nessie|Heat Wave|p2b: Iron Hands\n|-resisted|p2b: Iron Hands\n|-damage|p2b: Iron Hands|0 fnt\n|faint|p2b: Iron Hands\n|-end|p2b: Iron Hands|Quark Drive|[silent]\n|\n|upkeep\n|-message|Andreu.RR forfeited.\n|\n|win|AJB0000\n|raw|AJB0000's rating: 1147 &rarr; <strong>1170<\/strong><br \/>(+23 for winning)\n|raw|Andreu.RR's rating: 1114 &rarr; <strong>1091<\/strong><br \/>(-23 for losing)\n|l|\u2606Andreu.RR\n","uploadtime":1700756217,"views":4,"p1id":"ajb0000","p2id":"andreurr","formatid":"gen9vgc2023regulatione","rating":1091,"private":0,"password":""}