{"id":"gen9vgc2023regulatione-1988769227","p1":"luzonvgc","p2":"GonzaTH","format":"[Gen 9] VGC 2023 Regulation E","log":"|j|\u2606luzonvgc\n|j|\u2606GonzaTH\n|n|\u2606luzonvgc|luzonvgc\n|n|\u2606GonzaTH|gonzath\n|html|View the match progress at <a href=\"\/game-bestof3-gen9vgc2023regulatione-1988763479\">game-bestof3-gen9vgc2023regulatione-1988763479<\/a>\n|t:|1699760748\n|gametype|doubles\n|player|p1|luzonvgc|lisia|\n|player|p2|GonzaTH|2|\n|teamsize|p1|6\n|teamsize|p2|6\n|gen|9\n|tier|[Gen 9] VGC 2023 Regulation E\n|rule|Species Clause: Limit one of each Pok\u00e9mon\n|rule|Item Clause: Limit one of each item\n|clearpoke\n|poke|p1|Dusclops, L50, M|\n|poke|p1|Ogerpon-Cornerstone, L50, F|\n|poke|p1|Chi-Yu, L50|\n|poke|p1|Iron Hands, L50|\n|poke|p1|Landorus-Therian, L50, M|\n|poke|p1|Ursaluna-Bloodmoon, L50, M|\n|poke|p2|Urshifu-*, L50, M|\n|poke|p2|Rillaboom, L50, F|\n|poke|p2|Farigiraf, L50, M|\n|poke|p2|Chien-Pao, L50|\n|poke|p2|Heatran, L50, F|\n|poke|p2|Dragonite, L50, F|\n|teampreview|4\nGonzaTH has agreed to open team sheets.\nluzonvgc has agreed to open team sheets.\n|showteam|p1|Dusclops||Eviolite|Pressure|NightShade,WillOWisp,PainSplit,TrickRoom|||M|||50|,,,,,Dark]Ogerpon-Cornerstone||CornerstoneMask|Sturdy|SpikyShield,IvyCudgel,PowerWhip,FollowMe|||F|||50|,,,,,Rock]Chi-Yu||FocusSash|BeadsofRuin|Protect,DarkPulse,Snarl,Overheat||||||50|,,,,,Ghost]Iron Hands||AssaultVest|QuarkDrive|FakeOut,DrainPunch,WildCharge,HeavySlam||||||50|,,,,,Water]Landorus-Therian||ChoiceScarf|Intimidate|RockSlide,StompingTantrum,TeraBlast,Uturn|||M|||50|,,,,,Flying]Ursaluna-Bloodmoon||LifeOrb|MindsEye|HyperVoice,BloodMoon,EarthPower,Protect|||M|||50|,,,,,Normal\n|showteam|p2|Urshifu-Rapid-Strike||ChoiceScarf|UnseenFist|SurgingStrikes,AquaJet,CloseCombat,Uturn|||M|||50|,,,,,Poison]Rillaboom||MiracleSeed|GrassySurge|WoodHammer,GrassyGlide,FakeOut,Protect|||F|||50|,,,,,Grass]Farigiraf||SitrusBerry|ArmorTail|DazzlingGleam,Psychic,HelpingHand,TrickRoom|||M|||50|,,,,,Fairy]Chien-Pao||FocusSash|SwordofRuin|IcicleCrash,SuckerPunch,Haze,Protect||||||50|,,,,,Ghost]Heatran||AssaultVest|FlashFire|HeatWave,FlashCannon,EarthPower,MagmaStorm|||F|||50|,,,,,Grass]Dragonite||ChoiceBand|InnerFocus|ExtremeSpeed,StompingTantrum,AerialAce,Outrage|||F|||50|,,,,,Normal\n|\n|t:|1699760805\n|start\n|switch|p1a: Dusclops|Dusclops, L50, M, shiny|100\/100\n|switch|p1b: Ogerpon|Ogerpon-Cornerstone, L50, F|100\/100\n|switch|p2a: Farigiraf|Farigiraf, L50, M|100\/100\n|switch|p2b: Urshifu|Urshifu-Rapid-Strike, L50, M|100\/100\n|-ability|p1a: Dusclops|Pressure\n|turn|1\n|\n|t:|1699760832\n|move|p2b: Urshifu|Surging Strikes|p1a: Dusclops\n|-crit|p1a: Dusclops\n|-damage|p1a: Dusclops|88\/100\n|-crit|p1a: Dusclops\n|-damage|p1a: Dusclops|76\/100\n|-crit|p1a: Dusclops\n|-damage|p1a: Dusclops|63\/100\n|-hitcount|p1a: Dusclops|3\n|move|p1b: Ogerpon|Ivy Cudgel|p2b: Urshifu\n|-resisted|p2b: Urshifu\n|-damage|p2b: Urshifu|68\/100\n|move|p2a: Farigiraf|Psychic|p1a: Dusclops\n|-damage|p1a: Dusclops|43\/100\n|-unboost|p1a: Dusclops|spd|1\n|move|p1a: Dusclops|Trick Room|p1a: Dusclops\n|-fieldstart|move: Trick Room|[of] p1a: Dusclops\n|\n|upkeep\n|turn|2\n|\n|t:|1699760865\n|switch|p2b: Heatran|Heatran, L50, F|100\/100\n|move|p1a: Dusclops|Pain Split|p2a: Farigiraf\n|-sethp|p2a: Farigiraf|65\/100|[from] move: Pain Split|[silent]\n|-sethp|p1a: Dusclops|96\/100|[from] move: Pain Split\n|move|p2a: Farigiraf|Dazzling Gleam|p1a: Dusclops|[spread] p1a,p1b\n|-damage|p1a: Dusclops|82\/100\n|-damage|p1b: Ogerpon|81\/100\n|move|p1b: Ogerpon|Ivy Cudgel|p2a: Farigiraf\n|-crit|p2a: Farigiraf\n|-damage|p2a: Farigiraf|0 fnt\n|faint|p2a: Farigiraf\n|\n|upkeep\n|\n|t:|1699760884\n|switch|p2a: Rillaboom|Rillaboom, L50, F|100\/100\n|-fieldstart|move: Grassy Terrain|[from] ability: Grassy Surge|[of] p2a: Rillaboom\n|turn|3\n|\n|t:|1699760907\n|move|p2a: Rillaboom|Protect|p2a: Rillaboom\n|-singleturn|p2a: Rillaboom|Protect\n|move|p1a: Dusclops|Will-O-Wisp|p2a: Rillaboom\n|-activate|p2a: Rillaboom|move: Protect\n|move|p2b: Heatran|Magma Storm|p1a: Dusclops\n|-damage|p1a: Dusclops|39\/100\n|-activate|p1a: Dusclops|move: Magma Storm|[of] p2b: Heatran\n|move|p1b: Ogerpon|Ivy Cudgel|p2b: Heatran\n|-damage|p2b: Heatran|52\/100\n|\n|-heal|p1a: Dusclops|45\/100|[from] Grassy Terrain\n|-heal|p2b: Heatran|58\/100|[from] Grassy Terrain\n|-heal|p1b: Ogerpon|87\/100|[from] Grassy Terrain\n|-damage|p1a: Dusclops|33\/100|[from] move: Magma Storm|[partiallytrapped]\n|upkeep\n|turn|4\n|\n|t:|1699760952\n|-terastallize|p2a: Rillaboom|Grass\n|move|p2a: Rillaboom|Grassy Glide|p1a: Dusclops\n|-damage|p1a: Dusclops|0 fnt\n|faint|p1a: Dusclops\n|move|p2b: Heatran|Flash Cannon|p1b: Ogerpon\n|-supereffective|p1b: Ogerpon\n|-damage|p1b: Ogerpon|0 fnt\n|faint|p1b: Ogerpon\n|\n|-heal|p2b: Heatran|65\/100|[from] Grassy Terrain\n|upkeep\n|\n|t:|1699760971\n|switch|p1a: Ursaluna|Ursaluna-Bloodmoon, L50, M|100\/100\n|switch|p1b: Landorus|Landorus-Therian, L50, M|100\/100\n|-ability|p1b: Landorus|Intimidate|boost\n|-unboost|p2a: Rillaboom|atk|1\n|-unboost|p2b: Heatran|atk|1\n|turn|5\n|\n|t:|1699760997\n|-terastallize|p1b: Landorus|Flying\n|move|p2a: Rillaboom|Protect|p2a: Rillaboom\n|-singleturn|p2a: Rillaboom|Protect\n|move|p1a: Ursaluna|Earth Power|p2b: Heatran\n|-supereffective|p2b: Heatran\n|-damage|p2b: Heatran|0 fnt\n|faint|p2b: Heatran\n|-damage|p1a: Ursaluna|91\/100|[from] item: Life Orb\n|move|p1b: Landorus|Tera Blast|p2a: Rillaboom|[anim] Tera Blast Flying\n|-activate|p2a: Rillaboom|move: Protect\n|\n|-heal|p1a: Ursaluna|97\/100|[from] Grassy Terrain\n|-fieldend|move: Trick Room\n|upkeep\n|\n|t:|1699761009\n|switch|p2b: Urshifu|Urshifu-Rapid-Strike, L50, M|68\/100\n|turn|6\n|\n|t:|1699761026\n|move|p2a: Rillaboom|Grassy Glide|p1b: Landorus\n|-resisted|p1b: Landorus\n|-damage|p1b: Landorus|80\/100\n|move|p2b: Urshifu|Surging Strikes|p1b: Landorus\n|-crit|p1b: Landorus\n|-damage|p1b: Landorus|56\/100\n|-crit|p1b: Landorus\n|-damage|p1b: Landorus|31\/100\n|-crit|p1b: Landorus\n|-damage|p1b: Landorus|8\/100\n|-hitcount|p1b: Landorus|3\n|move|p1b: Landorus|Tera Blast|p2a: Rillaboom|[anim] Tera Blast Flying\n|-supereffective|p2a: Rillaboom\n|-damage|p2a: Rillaboom|0 fnt\n|faint|p2a: Rillaboom\n|move|p1a: Ursaluna|Blood Moon|p2b: Urshifu\n|-damage|p2b: Urshifu|0 fnt\n|faint|p2b: Urshifu\n|-damage|p1a: Ursaluna|87\/100|[from] item: Life Orb\n|\n|win|luzonvgc\n","uploadtime":1699761176,"views":12,"p1id":"luzonvgc","p2id":"gonzath","formatid":"gen9vgc2023regulatione","rating":0,"private":0,"password":""}