{"id":"gen9vgc2023regulatione-1993647478","p1":"Recoba","p2":"DingusMcRingus","format":"[Gen 9] VGC 2023 Regulation E","log":"|j|\u2606Recoba\n|j|\u2606DingusMcRingus\n|t:|1700341254\n|gametype|doubles\n|player|p1|Recoba|steven|1492\n|player|p2|DingusMcRingus|ethan|1601\n|teamsize|p1|6\n|teamsize|p2|6\n|gen|9\n|tier|[Gen 9] VGC 2023 Regulation E\n|rated|\n|rule|Species Clause: Limit one of each Pok\u00e9mon\n|rule|Item Clause: Limit one of each item\n|clearpoke\n|poke|p1|Tatsugiri, L50, F|\n|poke|p1|Dondozo, L50, M|\n|poke|p1|Landorus-Therian, L50, M|\n|poke|p1|Gholdengo, L50|\n|poke|p1|Ursaluna-Bloodmoon, L50, M|\n|poke|p1|Tornadus, L50, M|\n|poke|p2|Indeedee-F, L50, F|\n|poke|p2|Armarouge, L50, F|\n|poke|p2|Sneasler, L50, M|\n|poke|p2|Ogerpon-Wellspring, L50, F|\n|poke|p2|Ursaluna, L50, F|\n|poke|p2|Iron Bundle, L50|\n|teampreview|4\n|inactive|Battle timer is ON: inactive players will automatically lose when time's up. (requested by DingusMcRingus)\nDingusMcRingus has agreed to open team sheets.\n|inactive|Recoba has 60 seconds left.\n|inactive|DingusMcRingus has 60 seconds left.\n|\n|t:|1700341298\n|start\n|switch|p1a: Tornadus|Tornadus, L50, M|100\/100\n|switch|p1b: Landorus|Landorus-Therian, L50, M|100\/100\n|switch|p2a: Iron Bunduli|Iron Bundle, L50|100\/100\n|switch|p2b: Ogerpon|Ogerpon-Wellspring, L50, F|100\/100\n|-ability|p1b: Landorus|Intimidate|boost\n|-unboost|p2a: Iron Bunduli|atk|1\n|-unboost|p2b: Ogerpon|atk|1\n|-enditem|p2a: Iron Bunduli|Booster Energy\n|-activate|p2a: Iron Bunduli|ability: Quark Drive|[fromitem]\n|-start|p2a: Iron Bunduli|quarkdrivespe\n|turn|1\n|inactive|Recoba has 30 seconds left.\n|inactive|Recoba has 20 seconds left.\n|inactive|Recoba has 15 seconds left.\n|inactive|Recoba has 10 seconds left.\n|\n|t:|1700341344\n|-terastallize|p2b: Ogerpon|Water\n|detailschange|p2b: Ogerpon|Ogerpon-Wellspring-Tera, L50, F, tera:Water\n|-ability|p2b: Ogerpon|Embody Aspect (Wellspring)|boost\n|-boost|p2b: Ogerpon|spd|1\n|-terastallize|p1b: Landorus|Water\n|move|p1a: Tornadus|Tailwind|p1a: Tornadus\n|-sidestart|p1: Recoba|move: Tailwind\n|move|p2a: Iron Bunduli|Icy Wind|p1b: Landorus|[spread] p1a,p1b\n|-supereffective|p1a: Tornadus\n|-resisted|p1b: Landorus\n|-damage|p1a: Tornadus|45\/100\n|-damage|p1b: Landorus|94\/100\n|-unboost|p1b: Landorus|spe|1\n|move|p1b: Landorus|Rock Slide|p2b: Ogerpon|[spread] \n|-miss|p1b: Landorus|p2a: Iron Bunduli\n|-miss|p1b: Landorus|p2b: Ogerpon\n|move|p2b: Ogerpon|Swords Dance|p2b: Ogerpon\n|-boost|p2b: Ogerpon|atk|2\n|\n|upkeep\n|turn|2\n|inactive|Recoba has 30 seconds left.\n|inactive|DingusMcRingus has 30 seconds left.\n|\n|t:|1700341375\n|switch|p1b: Dondozo|Dondozo, L50, M|100\/100\n|move|p2b: Ogerpon|Spiky Shield|p2b: Ogerpon\n|-singleturn|p2b: Ogerpon|move: Protect\n|move|p1a: Tornadus|Bleakwind Storm|p2a: Iron Bunduli|[spread] p2a\n|-activate|p2b: Ogerpon|move: Protect\n|-damage|p2a: Iron Bunduli|34\/100\n|move|p2a: Iron Bunduli|Freeze-Dry|p1b: Dondozo\n|-supereffective|p1b: Dondozo\n|-damage|p1b: Dondozo|36\/100\n|-status|p1b: Dondozo|frz\n|\n|-heal|p1b: Dondozo|42\/100 frz|[from] item: Leftovers\n|upkeep\n|turn|3\n|inactive|Recoba has 30 seconds left.\n|\n|t:|1700341402\n|cant|p1b: Dondozo|frz\n|move|p1a: Tornadus|Bleakwind Storm|p2a: Iron Bunduli|[spread] \n|-miss|p1a: Tornadus|p2a: Iron Bunduli\n|-miss|p1a: Tornadus|p2b: Ogerpon\n|move|p2a: Iron Bunduli|Icy Wind|p1a: Tornadus|[spread] p1a,p1b\n|-supereffective|p1a: Tornadus\n|-resisted|p1b: Dondozo\n|-damage|p1a: Tornadus|0 fnt\n|-damage|p1b: Dondozo|31\/100 frz\n|-unboost|p1b: Dondozo|spe|1\n|faint|p1a: Tornadus\n|move|p2b: Ogerpon|Horn Leech|p1b: Dondozo\n|-supereffective|p1b: Dondozo\n|-damage|p1b: Dondozo|0 fnt\n|faint|p1b: Dondozo\n|\n|upkeep\n|\n|t:|1700341419\n|switch|p1a: Landorus|Landorus-Therian, L50, M, tera:Water|94\/100\n|switch|p1b: Tatsugiri|Tatsugiri, L50, F, shiny|100\/100\n|-ability|p1a: Landorus|Intimidate|boost\n|-unboost|p2a: Iron Bunduli|atk|1\n|-unboost|p2b: Ogerpon|atk|1\n|turn|4\n|\n|t:|1700341440\n|move|p1b: Tatsugiri|Icy Wind|p2b: Ogerpon|[spread] p2a,p2b\n|-resisted|p2a: Iron Bunduli\n|-resisted|p2b: Ogerpon\n|-damage|p2a: Iron Bunduli|27\/100\n|-damage|p2b: Ogerpon|97\/100\n|-unboost|p2a: Iron Bunduli|spe|1\n|-unboost|p2b: Ogerpon|spe|1\n|move|p1a: Landorus|Rock Slide|p2a: Iron Bunduli|[spread] p2b\n|-miss|p1a: Landorus|p2a: Iron Bunduli\n|-damage|p2b: Ogerpon|76\/100\n|move|p2a: Iron Bunduli|Freeze-Dry|p1a: Landorus\n|-supereffective|p1a: Landorus\n|-damage|p1a: Landorus|45\/100\n|-status|p1a: Landorus|frz\n|move|p2b: Ogerpon|Horn Leech|p1a: Landorus\n|-supereffective|p1a: Landorus\n|-damage|p1a: Landorus|0 fnt\n|-heal|p2b: Ogerpon|99\/100|[from] drain|[of] p1a: Landorus\n|faint|p1a: Landorus\n|\n|-sideend|p1: Recoba|move: Tailwind\n|upkeep\n|turn|5\n|-message|Recoba forfeited.\n|\n|win|DingusMcRingus\n|raw|Recoba's rating: 1492 &rarr; <strong>1478<\/strong><br \/>(-14 for losing)\n|raw|DingusMcRingus's rating: 1601 &rarr; <strong>1615<\/strong><br \/>(+14 for winning)\n|l|\u2606Recoba\n","uploadtime":1700341479,"views":39,"p1id":"recoba","p2id":"dingusmcringus","formatid":"gen9vgc2023regulatione","rating":1478,"private":0,"password":""}