{"id":"gen9vgc2023regulatione-1998663149","p1":"Hugs1986","p2":"HiRakkun","format":"[Gen 9] VGC 2023 Regulation E","log":"|j|\u2606Hugs1986\n|j|\u2606HiRakkun\n|t:|1700969293\n|gametype|doubles\n|player|p1|Hugs1986|1|1403\n|player|p2|HiRakkun|266|1374\n|teamsize|p1|6\n|teamsize|p2|6\n|gen|9\n|tier|[Gen 9] VGC 2023 Regulation E\n|rated|\n|rule|Species Clause: Limit one of each Pok\u00e9mon\n|rule|Item Clause: Limit one of each item\n|clearpoke\n|poke|p1|Ninetales-Alola, L50, F|\n|poke|p1|Grimmsnarl, L50, M|\n|poke|p1|Wo-Chien, L50|\n|poke|p1|Goodra-Hisui, L50, M|\n|poke|p1|Sinistcha, L50|\n|poke|p1|Frosmoth, L50, M|\n|poke|p2|Iron Hands, L50|\n|poke|p2|Mimikyu, L50, F|\n|poke|p2|Kingambit, L50, M|\n|poke|p2|Great Tusk, L50|\n|poke|p2|Clefable, L50, M|\n|poke|p2|Gliscor, L50, F|\n|teampreview|4\n|inactive|Battle timer is ON: inactive players will automatically lose when time's up. (requested by HiRakkun)\n|\n|t:|1700969313\n|start\n|switch|p1a: Grimmsnarl|Grimmsnarl, L50, M|100\/100\n|switch|p1b: Goodra|Goodra-Hisui, L50, M|100\/100\n|switch|p2a: Mimikyu|Mimikyu, L50, F, shiny|100\/100\n|switch|p2b: Iron Hands|Iron Hands, L50, shiny|100\/100\n|turn|1\n|\n|t:|1700969325\n|move|p1b: Goodra|Protect|p1b: Goodra\n|-singleturn|p1b: Goodra|Protect\n|move|p1a: Grimmsnarl|Reflect|p1a: Grimmsnarl\n|-sidestart|p1: Hugs1986|Reflect\n|move|p2b: Iron Hands|Belly Drum|p2b: Iron Hands\n|-damage|p2b: Iron Hands|51\/100\n|-setboost|p2b: Iron Hands|atk|6|[from] move: Belly Drum\n|move|p2a: Mimikyu|Trick Room|p2a: Mimikyu\n|-fieldstart|move: Trick Room|[of] p2a: Mimikyu\n|\n|upkeep\n|turn|2\n|\n|t:|1700969339\n|move|p1a: Grimmsnarl|Parting Shot|p2b: Iron Hands\n|-unboost|p2b: Iron Hands|atk|1\n|-unboost|p2b: Iron Hands|spa|1\n|\n|t:|1700969342\n|switch|p1a: Wo-Chien|Wo-Chien, L50|100\/100|[from] Parting Shot\n|-ability|p1a: Wo-Chien|Tablets of Ruin\n|move|p2b: Iron Hands|Drain Punch|p1a: Wo-Chien\n|-supereffective|p1a: Wo-Chien\n|-damage|p1a: Wo-Chien|0 fnt\n|-heal|p2b: Iron Hands|87\/100|[from] drain|[of] p1a: Wo-Chien\n|faint|p1a: Wo-Chien\n|move|p1b: Goodra|Shelter|p1b: Goodra\n|-boost|p1b: Goodra|def|2\n|move|p2a: Mimikyu|Will-O-Wisp|p1b: Goodra\n|-status|p1b: Goodra|brn\n|\n|-damage|p1b: Goodra|95\/100 brn|[from] brn\n|upkeep\n|\n|t:|1700969357\n|switch|p1a: Grimmsnarl|Grimmsnarl, L50, M|100\/100\n|turn|3\n|\n|t:|1700969367\n|move|p2b: Iron Hands|Drain Punch|p1b: Goodra\n|-supereffective|p1b: Goodra\n|-damage|p1b: Goodra|18\/100 brn\n|-heal|p2b: Iron Hands|100\/100|[from] drain|[of] p1b: Goodra\n|move|p1b: Goodra|Shelter|p1b: Goodra\n|-boost|p1b: Goodra|def|2\n|move|p1a: Grimmsnarl|Spirit Break|p2a: Mimikyu\n|-activate|p2a: Mimikyu|ability: Disguise\n|-damage|p2a: Mimikyu|100\/100\n|-unboost|p2a: Mimikyu|spa|1\n|detailschange|p2a: Mimikyu|Mimikyu-Busted, L50, F, shiny\n|-damage|p2a: Mimikyu|88\/100|[from] pokemon: Mimikyu-Busted\n|move|p2a: Mimikyu|Play Rough|p1a: Grimmsnarl\n|-supereffective|p1a: Grimmsnarl\n|-damage|p1a: Grimmsnarl|56\/100\n|\n|-heal|p1b: Goodra|23\/100 brn|[from] item: Leftovers\n|-damage|p1b: Goodra|18\/100 brn|[from] brn\n|upkeep\n|turn|4\n|inactive|Hugs1986 has 30 seconds left.\n|\n|t:|1700969397\n|switch|p2a: Clefable|Clefable, L50, M|100\/100\n|move|p1b: Goodra|Protect|p1b: Goodra\n|-singleturn|p1b: Goodra|Protect\n|move|p1a: Grimmsnarl|Parting Shot|p2b: Iron Hands\n|-unboost|p2b: Iron Hands|atk|1\n|-unboost|p2b: Iron Hands|spa|1\n|\n|t:|1700969407\n|switch|p1a: Sinistcha|Sinistcha, L50|100\/100|[from] Parting Shot\n|-heal|p1b: Goodra|42\/100 brn|[from] ability: Hospitality|[of] p1a: Sinistcha\n|move|p2b: Iron Hands|Drain Punch|p1a: Sinistcha\n|-immune|p1a: Sinistcha\n|\n|-heal|p1b: Goodra|48\/100 brn|[from] item: Leftovers\n|-damage|p1b: Goodra|42\/100 brn|[from] brn\n|-status|p2a: Clefable|brn|[from] item: Flame Orb\n|upkeep\n|turn|5\n|\n|t:|1700969427\n|switch|p1a: Grimmsnarl|Grimmsnarl, L50, M|56\/100\n|move|p2b: Iron Hands|Ice Punch|p1a: Grimmsnarl\n|-damage|p1a: Grimmsnarl|8\/100\n|move|p2a: Clefable|Moonblast|p1b: Goodra\n|-damage|p1b: Goodra|18\/100 brn\n|move|p1b: Goodra|Shelter|p1b: Goodra\n|-boost|p1b: Goodra|def|2\n|\n|-heal|p1b: Goodra|24\/100 brn|[from] item: Leftovers\n|-damage|p1b: Goodra|18\/100 brn|[from] brn\n|-fieldend|move: Trick Room\n|upkeep\n|turn|6\n|inactive|Hugs1986 has 30 seconds left.\n|inactive|Hugs1986 has 20 seconds left.\n|inactive|Hugs1986 has 15 seconds left.\n|inactive|Hugs1986 has 10 seconds left.\n|\n|t:|1700969472\n|move|p2a: Clefable|Follow Me|p2a: Clefable\n|-singleturn|p2a: Clefable|move: Follow Me\n|move|p1a: Grimmsnarl|Parting Shot|p2a: Clefable\n|-unboost|p2a: Clefable|atk|1\n|-unboost|p2a: Clefable|spa|1\n|\n|t:|1700969477\n|switch|p1a: Sinistcha|Sinistcha, L50|100\/100|[from] Parting Shot\n|-heal|p1b: Goodra|43\/100 brn|[from] ability: Hospitality|[of] p1a: Sinistcha\n|move|p1b: Goodra|Body Press|p2a: Clefable\n|-resisted|p2a: Clefable\n|-damage|p2a: Clefable|77\/100 brn\n|move|p2b: Iron Hands|Drain Punch|p1b: Goodra\n|-supereffective|p1b: Goodra\n|-damage|p1b: Goodra|13\/100 brn\n|\n|-heal|p1b: Goodra|19\/100 brn|[from] item: Leftovers\n|-damage|p1b: Goodra|13\/100 brn|[from] brn\n|upkeep\n|turn|7\n|\n|t:|1700969494\n|move|p1b: Goodra|Protect|p1b: Goodra\n|-singleturn|p1b: Goodra|Protect\n|move|p1a: Sinistcha|Life Dew||[still]|[spread] p1a,p1b\n|-fail|p1a: Sinistcha|heal\n|-heal|p1b: Goodra|38\/100 brn\n|move|p2a: Clefable|Moonblast|p1b: Goodra\n|-activate|p1b: Goodra|move: Protect\n|move|p2b: Iron Hands|Drain Punch|p1b: Goodra\n|-activate|p1b: Goodra|move: Protect\n|\n|-heal|p1b: Goodra|44\/100 brn|[from] item: Leftovers\n|-damage|p1b: Goodra|38\/100 brn|[from] brn\n|upkeep\n|turn|8\n|inactive|Hugs1986 has 30 seconds left.\n|\n|t:|1700969521\n|move|p1a: Sinistcha|Rage Powder|p1a: Sinistcha\n|-singleturn|p1a: Sinistcha|move: Rage Powder\n|move|p1b: Goodra|Body Press|p2b: Iron Hands\n|-damage|p2b: Iron Hands|73\/100\n|move|p2a: Clefable|Trick|p1a: Sinistcha\n|-activate|p2a: Clefable|move: Trick|[of] p1a: Sinistcha\n|-item|p1a: Sinistcha|Flame Orb|[from] move: Trick\n|-item|p2a: Clefable|Sitrus Berry|[from] move: Trick\n|move|p2b: Iron Hands|Belly Drum|p2b: Iron Hands\n|-damage|p2b: Iron Hands|23\/100\n|-setboost|p2b: Iron Hands|atk|6|[from] move: Belly Drum\n|-enditem|p2b: Iron Hands|Sitrus Berry|[eat]\n|-heal|p2b: Iron Hands|48\/100|[from] item: Sitrus Berry\n|\n|-heal|p1b: Goodra|44\/100 brn|[from] item: Leftovers\n|-damage|p1b: Goodra|38\/100 brn|[from] brn\n|-sideend|p1: Hugs1986|Reflect\n|-status|p1a: Sinistcha|brn|[from] item: Flame Orb\n|upkeep\n|turn|9\n|inactive|Hugs1986 has 30 seconds left.\n|\n|t:|1700969550\n|move|p2a: Clefable|Follow Me|p2a: Clefable\n|-singleturn|p2a: Clefable|move: Follow Me\n|move|p1b: Goodra|Body Press|p2a: Clefable\n|-resisted|p2a: Clefable\n|-damage|p2a: Clefable|54\/100 brn\n|move|p1a: Sinistcha|Life Dew||[still]|[spread] p1a,p1b\n|-fail|p1a: Sinistcha|heal\n|-heal|p1b: Goodra|63\/100 brn\n|move|p2b: Iron Hands|Ice Punch|p1a: Sinistcha\n|-supereffective|p1a: Sinistcha\n|-damage|p1a: Sinistcha|0 fnt\n|faint|p1a: Sinistcha\n|\n|-heal|p1b: Goodra|69\/100 brn|[from] item: Leftovers\n|-damage|p1b: Goodra|63\/100 brn|[from] brn\n|upkeep\n|\n|t:|1700969562\n|switch|p1a: Grimmsnarl|Grimmsnarl, L50, M|8\/100\n|turn|10\n|\n|t:|1700969572\n|move|p2a: Clefable|Follow Me|p2a: Clefable\n|-singleturn|p2a: Clefable|move: Follow Me\n|move|p1a: Grimmsnarl|Spirit Break|p2a: Clefable\n|-damage|p2a: Clefable|25\/100 brn\n|-unboost|p2a: Clefable|spa|1\n|-enditem|p2a: Clefable|Sitrus Berry|[eat]\n|-heal|p2a: Clefable|50\/100 brn|[from] item: Sitrus Berry\n|move|p1b: Goodra|Body Press|p2a: Clefable\n|-resisted|p2a: Clefable\n|-damage|p2a: Clefable|29\/100 brn\n|move|p2b: Iron Hands|Drain Punch|p1b: Goodra\n|-supereffective|p1b: Goodra\n|-damage|p1b: Goodra|0 fnt\n|-heal|p2b: Iron Hands|70\/100|[from] drain|[of] p1b: Goodra\n|faint|p1b: Goodra\n|\n|upkeep\n|turn|11\n|-message|Hugs1986 forfeited.\n|\n|win|HiRakkun\n|raw|Hugs1986's rating: 1403 &rarr; <strong>1381<\/strong><br \/>(-22 for losing)\n|raw|HiRakkun's rating: 1374 &rarr; <strong>1396<\/strong><br \/>(+22 for winning)\n|l|\u2606Hugs1986\n","uploadtime":1700969599,"views":4,"p1id":"hugs1986","p2id":"hirakkun","formatid":"gen9vgc2023regulatione","rating":1381,"private":0,"password":""}