{"id":"gen9vgc2023regulatione-1989373694","p1":"An0nymoose","p2":"Treeman480","format":"[Gen 9] VGC 2023 Regulation E","log":"|j|\u2606An0nymoose\n|j|\u2606Treeman480\n|t:|1699842197\n|gametype|doubles\n|player|p1|An0nymoose|170|1122\n|player|p2|Treeman480|n|1123\n|teamsize|p1|6\n|teamsize|p2|6\n|gen|9\n|tier|[Gen 9] VGC 2023 Regulation E\n|rated|\n|rule|Species Clause: Limit one of each Pok\u00e9mon\n|rule|Item Clause: Limit one of each item\n|clearpoke\n|poke|p1|Oranguru, L50, M|\n|poke|p1|Oricorio-Pom-Pom, L50, M|\n|poke|p1|Volcarona, L50, F|\n|poke|p1|Quaquaval, L50, F|\n|poke|p1|Lilligant, L50, F|\n|poke|p1|Torkoal, L50, F|\n|poke|p2|Rillaboom, L50, F|\n|poke|p2|Iron Bundle, L50|\n|poke|p2|Arcanine-Hisui, L50, M|\n|poke|p2|Gholdengo, L50|\n|poke|p2|Tyranitar, L50, F|\n|poke|p2|Grimmsnarl, L50, M|\n|teampreview|4\n|inactive|Battle timer is ON: inactive players will automatically lose when time's up. (requested by An0nymoose)\n|inactive|Treeman480 has 60 seconds left.\n|\n|t:|1699842235\n|start\n|switch|p1a: Oranguru|Oranguru, L50, M|100\/100\n|switch|p1b: Oricorio|Oricorio-Pom-Pom, L50, M|100\/100\n|switch|p2a: Screens|Grimmsnarl, L50, M|100\/100\n|switch|p2b: Sweeper|Gholdengo, L50|100\/100\n|turn|1\n|inactive|An0nymoose has 30 seconds left.\n|\n|t:|1699842268\n|move|p2a: Screens|Light Screen|p2a: Screens\n|-sidestart|p2: Treeman480|move: Light Screen\n|move|p1b: Oricorio|Quiver Dance|p1b: Oricorio\n|-boost|p1b: Oricorio|spa|1\n|-boost|p1b: Oricorio|spd|1\n|-boost|p1b: Oricorio|spe|1\n|move|p2b: Sweeper|Nasty Plot|p2b: Sweeper\n|-boost|p2b: Sweeper|spa|2\n|move|p1a: Oranguru|Skill Swap|p1b: Oricorio\n|-activate|p1a: Oranguru|move: Skill Swap|||[of] p1b: Oricorio\n|\n|upkeep\n|turn|2\n|inactive|Treeman480 has 30 seconds left.\n|\n|t:|1699842300\n|move|p2a: Screens|Parting Shot|p1a: Oranguru\n|-unboost|p1a: Oranguru|atk|1\n|-unboost|p1a: Oranguru|spa|1\n|\n|t:|1699842305\n|switch|p2a: Fire Core|Arcanine-Hisui, L50, M|100\/100|[from] Parting Shot\n|-ability|p2a: Fire Core|Intimidate|boost\n|-unboost|p1a: Oranguru|atk|1\n|-fail|p1b: Oricorio|unboost|Attack|[from] ability: Inner Focus|[of] p1b: Oricorio\n|move|p1b: Oricorio|Quiver Dance|p1b: Oricorio\n|-boost|p1b: Oricorio|spa|1\n|-boost|p1b: Oricorio|spd|1\n|-boost|p1b: Oricorio|spe|1\n|-activate|p1a: Oranguru|ability: Dancer\n|move|p1a: Oranguru|Quiver Dance|p1a: Oranguru|[from]ability: Dancer\n|-boost|p1a: Oranguru|spa|1\n|-boost|p1a: Oranguru|spd|1\n|-boost|p1a: Oranguru|spe|1\n|move|p2b: Sweeper|Nasty Plot|p2b: Sweeper\n|-boost|p2b: Sweeper|spa|2\n|move|p1a: Oranguru|Instruct|p1b: Oricorio\n|-singleturn|p1b: Oricorio|move: Instruct|[of] p1a: Oranguru\n|move|p1b: Oricorio|Quiver Dance|p1b: Oricorio\n|-boost|p1b: Oricorio|spa|1\n|-boost|p1b: Oricorio|spd|1\n|-boost|p1b: Oricorio|spe|1\n|-activate|p1a: Oranguru|ability: Dancer\n|move|p1a: Oranguru|Quiver Dance|p1a: Oranguru|[from]ability: Dancer\n|-boost|p1a: Oranguru|spa|1\n|-boost|p1a: Oranguru|spd|1\n|-boost|p1a: Oranguru|spe|1\n|\n|upkeep\n|turn|3\n|inactive|An0nymoose has 30 seconds left.\n|inactive|An0nymoose has 20 seconds left.\n|\n|t:|1699842341\n|-terastallize|p1a: Oranguru|Fairy\n|move|p1b: Oricorio|Revelation Dance|p2b: Sweeper\n|-damage|p2b: Sweeper|42\/100\n|-activate|p1a: Oranguru|ability: Dancer\n|move|p1a: Oranguru|Revelation Dance|p2b: Sweeper|[from]ability: Dancer\n|-resisted|p2b: Sweeper\n|-damage|p2b: Sweeper|25\/100\n|move|p1a: Oranguru|Instruct|p1b: Oricorio\n|-singleturn|p1b: Oricorio|move: Instruct|[of] p1a: Oranguru\n|move|p1b: Oricorio|Revelation Dance|p2b: Sweeper\n|-damage|p2b: Sweeper|0 fnt\n|faint|p2b: Sweeper\n|-activate|p1a: Oranguru|ability: Dancer\n|move|p1a: Oranguru|Revelation Dance|p2a: Fire Core|[from]ability: Dancer\n|-resisted|p2a: Fire Core\n|-damage|p2a: Fire Core|80\/100\n|move|p2a: Fire Core|Rock Slide|p1b: Oricorio|[spread] p1a,p1b\n|-supereffective|p1b: Oricorio\n|-damage|p1a: Oranguru|76\/100\n|-damage|p1b: Oricorio|36\/100\n|\n|upkeep\n|inactive|Treeman480 has 30 seconds left.\n|\n|t:|1699842367\n|switch|p2b: Screens|Grimmsnarl, L50, M|100\/100\n|turn|4\n|\n|t:|1699842385\n|move|p2b: Screens|Reflect|p2b: Screens\n|-sidestart|p2: Treeman480|Reflect\n|move|p1b: Oricorio|Revelation Dance|p2a: Fire Core\n|-damage|p2a: Fire Core|11\/100\n|-enditem|p2a: Fire Core|Sitrus Berry|[eat]\n|-heal|p2a: Fire Core|36\/100|[from] item: Sitrus Berry\n|-activate|p1a: Oranguru|ability: Dancer\n|move|p1a: Oranguru|Revelation Dance|p2a: Fire Core|[from]ability: Dancer\n|-resisted|p2a: Fire Core\n|-damage|p2a: Fire Core|14\/100\n|move|p1a: Oranguru|Instruct|p1b: Oricorio\n|-singleturn|p1b: Oricorio|move: Instruct|[of] p1a: Oranguru\n|move|p1b: Oricorio|Revelation Dance|p2a: Fire Core\n|-damage|p2a: Fire Core|0 fnt\n|faint|p2a: Fire Core\n|-activate|p1a: Oranguru|ability: Dancer\n|move|p1a: Oranguru|Revelation Dance|p2b: Screens|[from]ability: Dancer\n|-supereffective|p2b: Screens\n|-damage|p2b: Screens|43\/100\n|\n|upkeep\n|\n|t:|1699842408\n|switch|p2a: Sand Setter|Tyranitar, L50, F|100\/100\n|-weather|Sandstorm|[from] ability: Sand Stream|[of] p2a: Sand Setter\n|turn|5\n|\n|t:|1699842422\n|move|p1b: Oricorio|Revelation Dance|p2b: Screens\n|-damage|p2b: Screens|0 fnt\n|faint|p2b: Screens\n|-activate|p1a: Oranguru|ability: Dancer\n|move|p1a: Oranguru|Revelation Dance|p2a: Sand Setter|[from]ability: Dancer\n|-supereffective|p2a: Sand Setter\n|-damage|p2a: Sand Setter|68\/100\n|move|p1a: Oranguru|Instruct|p1b: Oricorio\n|-singleturn|p1b: Oricorio|move: Instruct|[of] p1a: Oranguru\n|move|p1b: Oricorio|Revelation Dance|p2a: Sand Setter\n|-damage|p2a: Sand Setter|36\/100\n|-activate|p1a: Oranguru|ability: Dancer\n|move|p1a: Oranguru|Revelation Dance|p2a: Sand Setter|[from]ability: Dancer\n|-supereffective|p2a: Sand Setter\n|-damage|p2a: Sand Setter|2\/100\n|move|p2a: Sand Setter|Heavy Slam|p1a: Oranguru\n|-supereffective|p1a: Oranguru\n|-damage|p1a: Oranguru|24\/100\n|-enditem|p1a: Oranguru|Mago Berry|[eat]\n|-heal|p1a: Oranguru|57\/100|[from] item: Mago Berry\n|\n|-weather|Sandstorm|[upkeep]\n|-damage|p1b: Oricorio|30\/100|[from] Sandstorm\n|-damage|p1a: Oranguru|51\/100|[from] Sandstorm\n|upkeep\n|turn|6\n|inactive|An0nymoose has 30 seconds left.\n|inactive|Treeman480 has 30 seconds left.\n|\n|t:|1699842456\n|move|p1b: Oricorio|Revelation Dance|p2a: Sand Setter\n|-damage|p2a: Sand Setter|0 fnt\n|faint|p2a: Sand Setter\n|-activate|p1a: Oranguru|ability: Dancer\n|move|p1a: Oranguru|Revelation Dance|p2: Sand Setter|[from]ability: Dancer|[notarget]\n|-fail|p1a: Oranguru\n|\n|win|An0nymoose\n|raw|An0nymoose's rating: 1122 &rarr; <strong>1147<\/strong><br \/>(+25 for winning)\n|raw|Treeman480's rating: 1123 &rarr; <strong>1098<\/strong><br \/>(-25 for losing)\n","uploadtime":1699842463,"views":17,"p1id":"an0nymoose","p2id":"treeman480","formatid":"gen9vgc2023regulatione","rating":1098,"private":0,"password":""}