{"id":"gen9vgc2023regulatione-1988239247","p1":"ripasolo","p2":"Jungle211","format":"[Gen 9] VGC 2023 Regulation E","log":"|j|\u2606ripasolo\n|j|\u2606Jungle211\n|t:|1699692014\n|gametype|doubles\n|player|p1|ripasolo|265|1291\n|player|p2|Jungle211|burglar|1316\n|teamsize|p1|6\n|teamsize|p2|6\n|gen|9\n|tier|[Gen 9] VGC 2023 Regulation E\n|rated|\n|rule|Species Clause: Limit one of each Pok\u00e9mon\n|rule|Item Clause: Limit one of each item\n|clearpoke\n|poke|p1|Urshifu-*, L50, M|\n|poke|p1|Flutter Mane, L50|\n|poke|p1|Arcanine-Hisui, L50, F|\n|poke|p1|Tornadus, L50, M|\n|poke|p1|Rillaboom, L50, M|\n|poke|p1|Chien-Pao, L50|\n|poke|p2|Moltres-Galar, L50|\n|poke|p2|Illumise, L50, F|\n|poke|p2|Flutter Mane, L50|\n|poke|p2|Iron Hands, L50|\n|poke|p2|Arcanine-Hisui, L50, M|\n|poke|p2|Amoonguss, L50, F|\n|teampreview|4\n|inactive|Battle timer is ON: inactive players will automatically lose when time's up. (requested by ripasolo)\n|inactive|ripasolo has 60 seconds left.\n|inactive|Jungle211 has 60 seconds left.\n|\n|t:|1699692046\n|start\n|switch|p1a: Urshifu|Urshifu-Rapid-Strike, L50, M|100\/100\n|switch|p1b: Rillaboom|Rillaboom, L50, M|100\/100\n|switch|p2a: Amoonguss|Amoonguss, L50, F, shiny|100\/100\n|switch|p2b: Arcanine|Arcanine-Hisui, L50, M|100\/100\n|-ability|p2b: Arcanine|Intimidate|boost\n|-unboost|p1a: Urshifu|atk|1\n|-unboost|p1b: Rillaboom|atk|1\n|-fieldstart|move: Grassy Terrain|[from] ability: Grassy Surge|[of] p1b: Rillaboom\n|turn|1\n|inactive|ripasolo has 30 seconds left.\n|\n|t:|1699692079\n|-terastallize|p2b: Arcanine|Water\n|move|p1b: Rillaboom|Fake Out|p2b: Arcanine\n|-damage|p2b: Arcanine|87\/100\n|move|p1a: Urshifu|U-turn|p2a: Amoonguss\n|-damage|p2a: Amoonguss|85\/100\n|inactive|ripasolo has 30 seconds left.\n|inactive|ripasolo has 20 seconds left.\n|inactive|ripasolo has 15 seconds left.\n|\n|t:|1699692122\n|switch|p1a: Chien-Pao|Chien-Pao, L50|100\/100|[from] U-turn\n|-ability|p1a: Chien-Pao|Sword of Ruin\n|cant|p2b: Arcanine|flinch\n|move|p2a: Amoonguss|Spore|p1a: Chien-Pao\n|-status|p1a: Chien-Pao|slp|[from] move: Spore\n|\n|-heal|p2b: Arcanine|93\/100|[from] Grassy Terrain\n|-heal|p2a: Amoonguss|91\/100|[from] Grassy Terrain\n|upkeep\n|turn|2\n|inactive|ripasolo has 30 seconds left.\n|inactive|Jungle211 has 30 seconds left.\n|\n|t:|1699692150\n|switch|p1a: Urshifu|Urshifu-Rapid-Strike, L50, M|100\/100\n|move|p1b: Rillaboom|Grassy Glide|p2b: Arcanine\n|-supereffective|p2b: Arcanine\n|-damage|p2b: Arcanine|26\/100\n|move|p2b: Arcanine|Flare Blitz|p1a: Urshifu\n|-resisted|p1a: Urshifu\n|-crit|p1a: Urshifu\n|-damage|p1a: Urshifu|28\/100\n|-damage|p2b: Arcanine|0 fnt|[from] Recoil\n|faint|p2b: Arcanine\n|move|p2a: Amoonguss|Spore|p1b: Rillaboom\n|-immune|p1b: Rillaboom\n|\n|-heal|p1a: Urshifu|34\/100|[from] Grassy Terrain\n|-heal|p2a: Amoonguss|97\/100|[from] Grassy Terrain\n|upkeep\n|\n|t:|1699692171\n|switch|p2b: Illumise|Illumise, L50, F|100\/100\n|turn|3\n|\n|t:|1699692190\n|switch|p1a: Tornadus|Tornadus, L50, M|100\/100\n|switch|p1b: Chien-Pao|Chien-Pao, L50|100\/100 slp\n|-ability|p1b: Chien-Pao|Sword of Ruin\n|move|p2a: Amoonguss|Rage Powder|p2a: Amoonguss\n|-singleturn|p2a: Amoonguss|move: Rage Powder\n|move|p2b: Illumise|Tailwind|p2b: Illumise\n|-sidestart|p2: Jungle211|move: Tailwind\n|\n|-heal|p2a: Amoonguss|100\/100|[from] Grassy Terrain\n|upkeep\n|turn|4\n|\n|t:|1699692204\n|move|p1a: Tornadus|Tailwind|p1a: Tornadus\n|-sidestart|p1: ripasolo|move: Tailwind\n|cant|p1b: Chien-Pao|slp\n|move|p2b: Illumise|Struggle Bug|p1a: Tornadus|[spread] p1a,p1b\n|-resisted|p1a: Tornadus\n|-supereffective|p1b: Chien-Pao\n|-damage|p1a: Tornadus|96\/100\n|-damage|p1b: Chien-Pao|70\/100 slp\n|-unboost|p1b: Chien-Pao|spa|1\n|move|p2a: Amoonguss|Spore|p1a: Tornadus\n|-status|p1a: Tornadus|slp|[from] move: Spore\n|\n|-heal|p1b: Chien-Pao|75\/100 slp|[from] Grassy Terrain\n|upkeep\n|turn|5\n|\n|t:|1699692223\n|cant|p1b: Chien-Pao|slp\n|move|p2b: Illumise|Struggle Bug|p1a: Tornadus|[spread] p1a,p1b\n|-resisted|p1a: Tornadus\n|-crit|p1a: Tornadus\n|-supereffective|p1b: Chien-Pao\n|-damage|p1a: Tornadus|90\/100 slp\n|-damage|p1b: Chien-Pao|44\/100 slp\n|-unboost|p1b: Chien-Pao|spa|1\n|cant|p1a: Tornadus|slp\n|move|p2a: Amoonguss|Pollen Puff|p1b: Chien-Pao\n|-supereffective|p1b: Chien-Pao\n|-damage|p1b: Chien-Pao|0 fnt\n|faint|p1b: Chien-Pao\n|\n|-fieldend|move: Grassy Terrain\n|upkeep\n|\n|t:|1699692239\n|switch|p1b: Rillaboom|Rillaboom, L50, M|100\/100\n|-fieldstart|move: Grassy Terrain|[from] ability: Grassy Surge|[of] p1b: Rillaboom\n|turn|6\n|\n|t:|1699692251\n|switch|p2a: Moltres|Moltres-Galar, L50|100\/100\n|move|p1b: Rillaboom|Fake Out|p2a: Moltres\n|-damage|p2a: Moltres|86\/100\n|move|p2b: Illumise|Struggle Bug|p1b: Rillaboom|[spread] p1a,p1b\n|-resisted|p1a: Tornadus\n|-supereffective|p1b: Rillaboom\n|-damage|p1a: Tornadus|85\/100 slp\n|-damage|p1b: Rillaboom|86\/100\n|-unboost|p1b: Rillaboom|spa|1\n|cant|p1a: Tornadus|slp\n|\n|-heal|p1b: Rillaboom|92\/100|[from] Grassy Terrain\n|-sideend|p2: Jungle211|move: Tailwind\n|upkeep\n|turn|7\n|\n|t:|1699692272\n|move|p2b: Illumise|Encore|p1b: Rillaboom\n|-start|p1b: Rillaboom|Encore\n|cant|p1a: Tornadus|slp\n|move|p1b: Rillaboom|Fake Out||[still]\n|-hint|Fake Out only works on your first turn out.\n|-fail|p1b: Rillaboom\n|move|p2a: Moltres|Nasty Plot|p2a: Moltres\n|-boost|p2a: Moltres|spa|2\n|\n|-heal|p1b: Rillaboom|98\/100|[from] Grassy Terrain\n|-sideend|p1: ripasolo|move: Tailwind\n|upkeep\n|turn|8\n|\n|t:|1699692293\n|switch|p1b: Urshifu|Urshifu-Rapid-Strike, L50, M|34\/100\n|move|p2b: Illumise|Fake Tears|p1a: Tornadus\n|-unboost|p1a: Tornadus|spd|2\n|-curestatus|p1a: Tornadus|slp|[msg]\n|move|p1a: Tornadus|Bleakwind Storm|p2a: Moltres|[spread] p2b\n|-miss|p1a: Tornadus|p2a: Moltres\n|-supereffective|p2b: Illumise\n|-damage|p2b: Illumise|16\/100\n|move|p2a: Moltres|Fiery Wrath|p1a: Tornadus|[spread] p1a,p1b\n|-resisted|p1b: Urshifu\n|-damage|p1a: Tornadus|0 fnt\n|-damage|p1b: Urshifu|0 fnt\n|faint|p1a: Tornadus\n|faint|p1b: Urshifu\n|\n|-heal|p2b: Illumise|22\/100|[from] Grassy Terrain\n|upkeep\n|\n|t:|1699692306\n|switch|p1b: Rillaboom|Rillaboom, L50, M|98\/100\n|turn|9\n|-message|ripasolo forfeited.\n|\n|win|Jungle211\n|raw|ripasolo's rating: 1291 &rarr; <strong>1268<\/strong><br \/>(-23 for losing)\n|raw|Jungle211's rating: 1316 &rarr; <strong>1335<\/strong><br \/>(+19 for winning)\n|l|\u2606ripasolo\n","uploadtime":1699692318,"views":35,"p1id":"ripasolo","p2id":"jungle211","formatid":"gen9vgc2023regulatione","rating":1268,"private":0,"password":""}