{"id":"gen9vgc2023regulatione-1995251719","p1":"Venefici","p2":"GroveStreetCrip","format":"[Gen 9] VGC 2023 Regulation E","log":"|j|\u2606Venefici\n|j|\u2606GroveStreetCrip\n|t:|1700540396\n|gametype|doubles\n|player|p1|Venefici|hugh|1094\n|player|p2|GroveStreetCrip|102|1000\n|teamsize|p1|6\n|teamsize|p2|6\n|gen|9\n|tier|[Gen 9] VGC 2023 Regulation E\n|rated|\n|rule|Species Clause: Limit one of each Pok\u00e9mon\n|rule|Item Clause: Limit one of each item\n|clearpoke\n|poke|p1|Volcarona, L50, F|\n|poke|p1|Abomasnow, L50, M|\n|poke|p1|Iron Bundle, L50|\n|poke|p1|Iron Hands, L50|\n|poke|p1|Kingambit, L50, M|\n|poke|p1|Farigiraf, L50, M|\n|poke|p2|Moltres-Galar, L50|\n|poke|p2|Sinistcha-Masterpiece, L50|\n|poke|p2|Ninetales-Alola, L50, F|\n|poke|p2|Landorus-Therian, L50, M|\n|poke|p2|Iron Hands, L50|\n|poke|p2|Heatran, L50, M|\n|teampreview|4\n|inactive|Battle timer is ON: inactive players will automatically lose when time's up. (requested by Venefici)\n|\n|t:|1700540417\n|start\n|switch|p1a: Abomasnow|Abomasnow, L50, M|100\/100\n|switch|p1b: Iron Bundle|Iron Bundle, L50|100\/100\n|switch|p2a: Sinistcha|Sinistcha-Masterpiece, L50|100\/100\n|switch|p2b: Moltres|Moltres-Galar, L50|100\/100\n|-weather|Snow|[from] ability: Snow Warning|[of] p1a: Abomasnow\n|-enditem|p1b: Iron Bundle|Booster Energy\n|-activate|p1b: Iron Bundle|ability: Quark Drive|[fromitem]\n|-start|p1b: Iron Bundle|quarkdrivespe\n|turn|1\n|inactive|GroveStreetCrip has 30 seconds left.\n|\n|t:|1700540449\n|move|p2b: Moltres|Protect|p2b: Moltres\n|-singleturn|p2b: Moltres|Protect\n|move|p1b: Iron Bundle|Blizzard|p2a: Sinistcha|[spread] p2a\n|-activate|p2b: Moltres|move: Protect\n|-supereffective|p2a: Sinistcha\n|-damage|p2a: Sinistcha|18\/100\n|move|p1a: Abomasnow|Aurora Veil|p1a: Abomasnow\n|-sidestart|p1: Venefici|move: Aurora Veil\n|move|p2a: Sinistcha|Trick Room|p2a: Sinistcha\n|-fieldstart|move: Trick Room|[of] p2a: Sinistcha\n|\n|-weather|Snow|[upkeep]\n|upkeep\n|turn|2\n|\n|t:|1700540471\n|move|p1b: Iron Bundle|Protect|p1b: Iron Bundle\n|-singleturn|p1b: Iron Bundle|Protect\n|move|p1a: Abomasnow|Ice Shard|p2a: Sinistcha\n|-supereffective|p2a: Sinistcha\n|-damage|p2a: Sinistcha|0 fnt\n|faint|p2a: Sinistcha\n|move|p2b: Moltres|Air Slash|p1a: Abomasnow\n|-supereffective|p1a: Abomasnow\n|-damage|p1a: Abomasnow|60\/100\n|\n|-weather|Snow|[upkeep]\n|upkeep\n|\n|t:|1700540482\n|switch|p2a: Iron Hands|Iron Hands, L50|100\/100\n|turn|3\n|\n|t:|1700540503\n|switch|p1a: Kingambit|Kingambit, L50, M|100\/100\n|-end|p1b: Iron Bundle|Quark Drive|[silent]\n|switch|p1b: Iron Hands|Iron Hands, L50|100\/100\n|move|p2a: Iron Hands|Fake Out|p1a: Kingambit\n|-resisted|p1a: Kingambit\n|-damage|p1a: Kingambit|97\/100\n|move|p2b: Moltres|Nasty Plot|p2b: Moltres\n|-boost|p2b: Moltres|spa|2\n|\n|-weather|Snow|[upkeep]\n|upkeep\n|turn|4\n|inactive|Venefici has 30 seconds left.\n|inactive|Venefici has 20 seconds left.\n|inactive|Venefici has 15 seconds left.\n|inactive|Venefici has 10 seconds left.\n|\n|t:|1700540548\n|-terastallize|p1a: Kingambit|Dark\n|move|p1b: Iron Hands|Fake Out|p2b: Moltres\n|-damage|p2b: Moltres|86\/100\n|move|p1a: Kingambit|Sucker Punch|p2a: Iron Hands\n|-resisted|p2a: Iron Hands\n|-damage|p2a: Iron Hands|78\/100\n|move|p2a: Iron Hands|Drain Punch|p1a: Kingambit\n|-supereffective|p1a: Kingambit\n|-damage|p1a: Kingambit|56\/100\n|-heal|p2a: Iron Hands|96\/100|[from] drain|[of] p1a: Kingambit\n|cant|p2b: Moltres|flinch\n|\n|-weather|Snow|[upkeep]\n|upkeep\n|turn|5\n|\n|t:|1700540568\n|move|p1a: Kingambit|Protect|p1a: Kingambit\n|-singleturn|p1a: Kingambit|Protect\n|move|p1b: Iron Hands|Wild Charge|p2b: Moltres\n|-supereffective|p2b: Moltres\n|-damage|p2b: Moltres|0 fnt\n|faint|p2b: Moltres\n|-damage|p1b: Iron Hands|83\/100|[from] Recoil\n|move|p2a: Iron Hands|Drain Punch|p1a: Kingambit\n|-activate|p1a: Kingambit|move: Protect\n|\n|-weather|none\n|-sideend|p1: Venefici|move: Aurora Veil\n|-fieldend|move: Trick Room\n|upkeep\n|\n|t:|1700540574\n|switch|p2b: Landorus|Landorus-Therian, L50, M|100\/100\n|-ability|p2b: Landorus|Intimidate|boost\n|-unboost|p1a: Kingambit|atk|1\n|-ability|p1a: Kingambit|Defiant|boost\n|-boost|p1a: Kingambit|atk|2\n|-unboost|p1b: Iron Hands|atk|1\n|turn|6\n|\n|t:|1700540597\n|move|p1a: Kingambit|Sucker Punch|p2b: Landorus\n|-damage|p2b: Landorus|0 fnt\n|faint|p2b: Landorus\n|move|p2a: Iron Hands|Drain Punch|p1a: Kingambit\n|-supereffective|p1a: Kingambit\n|-damage|p1a: Kingambit|0 fnt\n|-heal|p2a: Iron Hands|100\/100|[from] drain|[of] p1a: Kingambit\n|faint|p1a: Kingambit\n|move|p1b: Iron Hands|Drain Punch|p2a: Iron Hands\n|-damage|p2a: Iron Hands|78\/100\n|-heal|p1b: Iron Hands|94\/100|[from] drain|[of] p2a: Iron Hands\n|\n|upkeep\n|inactive|Venefici has 30 seconds left.\n|\n|t:|1700540628\n|switch|p1a: Abomasnow|Abomasnow, L50, M|60\/100\n|-weather|Snow|[from] ability: Snow Warning|[of] p1a: Abomasnow\n|turn|7\n|c|\u2606GroveStreetCrip|i gotta learn to get better at this i havent played this ever this is my 4th vgc match\n|\n|t:|1700540639\n|move|p1a: Abomasnow|Protect|p1a: Abomasnow\n|-singleturn|p1a: Abomasnow|Protect\n|move|p2a: Iron Hands|Drain Punch|p1a: Abomasnow\n|-activate|p1a: Abomasnow|move: Protect\n|move|p1b: Iron Hands|Drain Punch|p2a: Iron Hands\n|-damage|p2a: Iron Hands|59\/100\n|-heal|p1b: Iron Hands|100\/100|[from] drain|[of] p2a: Iron Hands\n|\n|-weather|Snow|[upkeep]\n|upkeep\n|turn|8\n|c|\u2606GroveStreetCrip|u got any tips?\n|\n|t:|1700540655\n|switch|p1a: Iron Bundle|Iron Bundle, L50|100\/100\n|move|p2a: Iron Hands|Drain Punch|p1a: Iron Bundle\n|-supereffective|p1a: Iron Bundle\n|-damage|p1a: Iron Bundle|34\/100\n|-heal|p2a: Iron Hands|77\/100|[from] drain|[of] p1a: Iron Bundle\n|move|p1b: Iron Hands|Drain Punch|p2a: Iron Hands\n|-damage|p2a: Iron Hands|57\/100\n|\n|-weather|Snow|[upkeep]\n|upkeep\n|turn|9\n|\n|t:|1700540676\n|move|p1a: Iron Bundle|Protect|p1a: Iron Bundle\n|-singleturn|p1a: Iron Bundle|Protect\n|move|p2a: Iron Hands|Drain Punch|p1a: Iron Bundle\n|-activate|p1a: Iron Bundle|move: Protect\n|move|p1b: Iron Hands|Drain Punch|p2a: Iron Hands\n|-damage|p2a: Iron Hands|35\/100\n|\n|-weather|Snow|[upkeep]\n|upkeep\n|turn|10\n|\n|t:|1700540687\n|move|p1a: Iron Bundle|Blizzard|p2a: Iron Hands\n|-crit|p2a: Iron Hands\n|-damage|p2a: Iron Hands|0 fnt\n|faint|p2a: Iron Hands\n|-end|p2a: Iron Hands|Quark Drive|[silent]\n|\n|win|Venefici\n|raw|Venefici's rating: 1094 &rarr; <strong>1113<\/strong><br \/>(+19 for winning)\n|raw|GroveStreetCrip's rating: 1000 &rarr; <strong>1000<\/strong><br \/>(+0 for losing)\n|l|\u2606GroveStreetCrip\n","uploadtime":1700540705,"views":6,"p1id":"venefici","p2id":"grovestreetcrip","formatid":"gen9vgc2023regulatione","rating":1000,"private":0,"password":""}