{"id":"gen9vgc2023regulatione-1990711071","p1":"Dragonsapian7000","p2":"Lbbones","format":"[Gen 9] VGC 2023 Regulation E","log":"|j|\u2606Dragonsapian7000\n|j|\u2606Lbbones\n|t:|1699993863\n|gametype|doubles\n|player|p1|Dragonsapian7000|plasmagrunt|1093\n|player|p2|Lbbones|101|1062\n|teamsize|p1|6\n|teamsize|p2|6\n|gen|9\n|tier|[Gen 9] VGC 2023 Regulation E\n|rated|\n|rule|Species Clause: Limit one of each Pok\u00e9mon\n|rule|Item Clause: Limit one of each item\n|clearpoke\n|poke|p1|Mienshao, L50, F|\n|poke|p1|Urshifu-*, L50, M|\n|poke|p1|Tornadus, L50, M|\n|poke|p1|Flutter Mane, L50|\n|poke|p1|Heatran, L50, M|\n|poke|p1|Landorus-Therian, L50, M|\n|poke|p2|Tornadus, L50, M|\n|poke|p2|Mamoswine, L50, F|\n|poke|p2|Flutter Mane, L50|\n|poke|p2|Chi-Yu, L50|\n|poke|p2|Ogerpon-Wellspring, L50, F|\n|poke|p2|Iron Hands, L50|\n|teampreview|4\n|\n|t:|1699993889\n|start\n|switch|p1a: Mienshao|Mienshao, L50, F, shiny|100\/100\n|switch|p1b: Tornadus|Tornadus, L50, M|100\/100\n|switch|p2a: Mamoswine|Mamoswine, L50, F|100\/100\n|switch|p2b: Iron Hands|Iron Hands, L50|100\/100\n|turn|1\n|\n|t:|1699993921\n|move|p1a: Mienshao|Fake Out|p2b: Iron Hands\n|-damage|p2b: Iron Hands|90\/100\n|move|p1b: Tornadus|Tailwind|p1b: Tornadus\n|-sidestart|p1: Dragonsapian7000|move: Tailwind\n|move|p2a: Mamoswine|Ice Shard|p1b: Tornadus\n|-supereffective|p1b: Tornadus\n|-damage|p1b: Tornadus|33\/100\n|cant|p2b: Iron Hands|flinch\n|\n|-heal|p1b: Tornadus|39\/100|[from] item: Leftovers\n|upkeep\n|turn|2\n|\n|t:|1699993954\n|switch|p1b: Heatran|Heatran, L50, M, shiny|100\/100\n|-terastallize|p2a: Mamoswine|Ghost\n|move|p2a: Mamoswine|Ice Shard|p1b: Heatran\n|-resisted|p1b: Heatran\n|-damage|p1b: Heatran|96\/100\n|move|p1a: Mienshao|Drain Punch|p2a: Mamoswine\n|-immune|p2a: Mamoswine\n|move|p2b: Iron Hands|Drain Punch|p1a: Mienshao\n|-damage|p1a: Mienshao|23\/100\n|-heal|p2b: Iron Hands|100\/100|[from] drain|[of] p1a: Mienshao\n|\n|upkeep\n|turn|3\n|\n|t:|1699993999\n|-terastallize|p1b: Heatran|Grass\n|move|p1a: Mienshao|Protect|p1a: Mienshao\n|-singleturn|p1a: Mienshao|Protect\n|move|p1b: Heatran|Tera Blast|p2a: Mamoswine|[anim] Tera Blast Grass\n|-damage|p2a: Mamoswine|37\/100\n|move|p2a: Mamoswine|High Horsepower|p1b: Heatran\n|-resisted|p1b: Heatran\n|-damage|p1b: Heatran|75\/100\n|-damage|p2a: Mamoswine|20\/100|[from] item: Rocky Helmet|[of] p1b: Heatran\n|move|p2b: Iron Hands|Drain Punch|p1b: Heatran\n|-damage|p1b: Heatran|41\/100\n|-damage|p2b: Iron Hands|84\/100|[from] item: Rocky Helmet|[of] p1b: Heatran\n|\n|upkeep\n|turn|4\n|\n|t:|1699994023\n|move|p2a: Mamoswine|Ice Shard|p1b: Heatran\n|-supereffective|p1b: Heatran\n|-damage|p1b: Heatran|2\/100\n|move|p1a: Mienshao|Knock Off|p2a: Mamoswine\n|-supereffective|p2a: Mamoswine\n|-damage|p2a: Mamoswine|0 fnt\n|-enditem|p2a: Mamoswine|Focus Sash|[from] move: Knock Off|[of] p1a: Mienshao\n|faint|p2a: Mamoswine\n|move|p1b: Heatran|Earth Power|p2b: Iron Hands\n|-supereffective|p2b: Iron Hands\n|-damage|p2b: Iron Hands|46\/100\n|move|p2b: Iron Hands|Drain Punch|p1a: Mienshao\n|-damage|p1a: Mienshao|0 fnt\n|-heal|p2b: Iron Hands|52\/100|[from] drain|[of] p1a: Mienshao\n|faint|p1a: Mienshao\n|\n|-sideend|p1: Dragonsapian7000|move: Tailwind\n|upkeep\n|\n|t:|1699994042\n|switch|p1a: Tornadus|Tornadus, L50, M|39\/100\n|switch|p2a: Flutter Mane|Flutter Mane, L50|100\/100\n|turn|5\n|\n|t:|1699994057\n|move|p1a: Tornadus|Tailwind|p1a: Tornadus\n|-sidestart|p1: Dragonsapian7000|move: Tailwind\n|move|p1b: Heatran|Earth Power|p2b: Iron Hands\n|-supereffective|p2b: Iron Hands\n|-damage|p2b: Iron Hands|19\/100\n|move|p2a: Flutter Mane|Icy Wind|p1b: Heatran|[spread] p1a,p1b\n|-supereffective|p1a: Tornadus\n|-supereffective|p1b: Heatran\n|-damage|p1a: Tornadus|6\/100\n|-damage|p1b: Heatran|0 fnt\n|-unboost|p1a: Tornadus|spe|1\n|faint|p1b: Heatran\n|move|p2b: Iron Hands|Drain Punch|p1a: Tornadus\n|-resisted|p1a: Tornadus\n|-damage|p1a: Tornadus|0 fnt\n|-heal|p2b: Iron Hands|21\/100|[from] drain|[of] p1a: Tornadus\n|faint|p1a: Tornadus\n|\n|upkeep\n|\n|t:|1699994063\n|switch|p1b: Landorus|Landorus-Therian, L50, M, shiny|100\/100\n|-ability|p1b: Landorus|Intimidate|boost\n|-unboost|p2a: Flutter Mane|atk|1\n|-unboost|p2b: Iron Hands|atk|1\n|turn|6\n|\n|t:|1699994084\n|move|p1b: Landorus|Rock Slide|p2a: Flutter Mane|[spread] p2a,p2b\n|-resisted|p2b: Iron Hands\n|-damage|p2a: Flutter Mane|51\/100\n|-damage|p2b: Iron Hands|10\/100\n|move|p2a: Flutter Mane|Icy Wind|p1b: Landorus\n|-supereffective|p1b: Landorus\n|-damage|p1b: Landorus|0 fnt\n|faint|p1b: Landorus\n|\n|win|Lbbones\n|raw|Dragonsapian7000's rating: 1093 &rarr; <strong>1067<\/strong><br \/>(-26 for losing)\n|raw|Lbbones's rating: 1062 &rarr; <strong>1095<\/strong><br \/>(+33 for winning)\n|l|\u2606Dragonsapian7000\n","uploadtime":1699994102,"views":20,"p1id":"dragonsapian7000","p2id":"lbbones","formatid":"gen9vgc2023regulatione","rating":1067,"private":0,"password":""}