{"id":"gen9vgc2023regulatione-1989708059","p1":"Wutzitooya","p2":"DeAndreRicketts","format":"[Gen 9] VGC 2023 Regulation E","log":"|j|\u2606Wutzitooya\n|j|\u203dDeAndreRicketts\n|t:|1699888837\n|gametype|doubles\n|player|p1|Wutzitooya|102|1160\n|player|p2|DeAndreRicketts|2|1187\n|teamsize|p1|6\n|teamsize|p2|6\n|gen|9\n|tier|[Gen 9] VGC 2023 Regulation E\n|rated|\n|rule|Species Clause: Limit one of each Pok\u00e9mon\n|rule|Item Clause: Limit one of each item\n|clearpoke\n|poke|p1|Heatran, L50, M|\n|poke|p1|Wo-Chien, L50|\n|poke|p1|Volbeat, L50, M|\n|poke|p1|Goodra-Hisui, L50, M|\n|poke|p1|Grimmsnarl, L50, M|\n|poke|p1|Flutter Mane, L50|\n|poke|p2|Armarouge, L50, F|\n|poke|p2|Torkoal, L50, F|\n|poke|p2|Indeedee-F, L50, F|\n|poke|p2|Urshifu-*, L50, F|\n|poke|p2|Ursaluna, L50, F|\n|poke|p2|Hatterene, L50, F|\n|teampreview|4\n|inactive|Battle timer is ON: inactive players will automatically lose when time's up. (requested by Wutzitooya)\n|\n|t:|1699888907\n|start\n|switch|p1a: Volbeat|Volbeat, L50, M|100\/100\n|switch|p1b: Grimmsnarl|Grimmsnarl, L50, M|100\/100\n|switch|p2a: Armarouge|Armarouge, L50, F|100\/100\n|switch|p2b: Indeedee|Indeedee-F, L50, F|100\/100\n|-fieldstart|move: Psychic Terrain|[from] ability: Psychic Surge|[of] p2b: Indeedee\n|-enditem|p2b: Indeedee|Psychic Seed\n|-boost|p2b: Indeedee|spd|1|[from] item: Psychic Seed\n|turn|1\n|inactive|DeAndreRicketts has 30 seconds left.\n|inactive|DeAndreRicketts has 20 seconds left.\n|\n|t:|1699888943\n|switch|p2b: Torkoal|Torkoal, L50, F|100\/100\n|-weather|SunnyDay|[from] ability: Drought|[of] p2b: Torkoal\n|-terastallize|p2a: Armarouge|Grass\n|move|p1a: Volbeat|Tail Glow|p1a: Volbeat\n|-boost|p1a: Volbeat|spa|3\n|move|p1b: Grimmsnarl|Light Screen|p1b: Grimmsnarl\n|-sidestart|p1: Wutzitooya|move: Light Screen\n|move|p2a: Armarouge|Trick Room|p2a: Armarouge\n|-fieldstart|move: Trick Room|[of] p2a: Armarouge\n|\n|-weather|SunnyDay|[upkeep]\n|upkeep\n|turn|2\n|\n|t:|1699888961\n|move|p1b: Grimmsnarl|Reflect|p1b: Grimmsnarl\n|-sidestart|p1: Wutzitooya|Reflect\n|move|p1a: Volbeat|Baton Pass|p1a: Volbeat\n|\n|t:|1699888964\n|switch|p1a: Heatran|Heatran, L50, M|100\/100|[from] Baton Pass\n|move|p2b: Torkoal|Eruption|p1b: Grimmsnarl|[spread] p1b\n|-start|p1a: Heatran|ability: Flash Fire\n|-damage|p1b: Grimmsnarl|40\/100\n|move|p2a: Armarouge|Heat Wave|p1b: Grimmsnarl|[spread] p1b\n|-immune|p1a: Heatran|[from] ability: Flash Fire\n|-damage|p1b: Grimmsnarl|1\/100\n|\n|-weather|SunnyDay|[upkeep]\n|upkeep\n|turn|3\n|inactive|Wutzitooya has 30 seconds left.\n|inactive|DeAndreRicketts has 30 seconds left.\n|\n|t:|1699888993\n|switch|p1b: Goodra|Goodra-Hisui, L50, M|100\/100\n|-terastallize|p1a: Heatran|Grass\n|move|p2b: Torkoal|Earth Power|p1a: Heatran\n|-resisted|p1a: Heatran\n|-damage|p1a: Heatran|93\/100\n|-unboost|p1a: Heatran|spd|1\n|move|p2a: Armarouge|Expanding Force|p1a: Heatran|[spread] p1a,p1b\n|-resisted|p1b: Goodra\n|-damage|p1a: Heatran|25\/100\n|-damage|p1b: Goodra|82\/100\n|move|p1a: Heatran|Earth Power|p2b: Torkoal\n|-supereffective|p2b: Torkoal\n|-damage|p2b: Torkoal|0 fnt\n|faint|p2b: Torkoal\n|\n|-weather|SunnyDay|[upkeep]\n|-heal|p1a: Heatran|31\/100|[from] item: Leftovers\n|upkeep\n|\n|t:|1699889012\n|switch|p2b: Ursaluna|Ursaluna, L50, F|100\/100\n|turn|4\n|\n|t:|1699889025\n|move|p2b: Ursaluna|Protect|p2b: Ursaluna\n|-singleturn|p2b: Ursaluna|Protect\n|move|p1a: Heatran|Protect|p1a: Heatran\n|-singleturn|p1a: Heatran|Protect\n|move|p1b: Goodra|Life Dew|p1b: Goodra|[spread] p1a,p1b\n|-heal|p1a: Heatran|57\/100\n|-heal|p1b: Goodra|100\/100\n|move|p2a: Armarouge|Expanding Force|p1a: Heatran|[spread] p1b\n|-activate|p1a: Heatran|move: Protect\n|-resisted|p1b: Goodra\n|-damage|p1b: Goodra|82\/100\n|\n|-weather|SunnyDay|[upkeep]\n|-heal|p1a: Heatran|63\/100|[from] item: Leftovers\n|-status|p2b: Ursaluna|brn|[from] item: Flame Orb\n|upkeep\n|turn|5\n|inactive|Wutzitooya has 30 seconds left.\n|inactive|DeAndreRicketts has 30 seconds left.\n|inactive|Wutzitooya has 20 seconds left.\n|\n|t:|1699889061\n|move|p2b: Ursaluna|Facade|p1b: Goodra\n|-resisted|p1b: Goodra\n|-damage|p1b: Goodra|48\/100\n|-enditem|p1b: Goodra|Sitrus Berry|[eat]\n|-heal|p1b: Goodra|73\/100|[from] item: Sitrus Berry\n|move|p1b: Goodra|Acid Spray|p2a: Armarouge\n|-supereffective|p2a: Armarouge\n|-damage|p2a: Armarouge|80\/100\n|-unboost|p2a: Armarouge|spd|2\n|move|p2a: Armarouge|Expanding Force|p1a: Heatran|[spread] p1a,p1b\n|-resisted|p1b: Goodra\n|-damage|p1a: Heatran|0 fnt\n|-damage|p1b: Goodra|56\/100\n|faint|p1a: Heatran\n|\n|-weather|none\n|-damage|p2b: Ursaluna|95\/100 brn|[from] brn\n|-fieldend|move: Trick Room\n|-fieldend|move: Psychic Terrain\n|upkeep\n|\n|t:|1699889081\n|switch|p1a: Volbeat|Volbeat, L50, M|100\/100\n|turn|6\n|-message|Wutzitooya forfeited.\n|\n|win|DeAndreRicketts\n|raw|Wutzitooya's rating: 1160 &rarr; <strong>1137<\/strong><br \/>(-23 for losing)\n|raw|DeAndreRicketts's rating: 1187 &rarr; <strong>1210<\/strong><br \/>(+23 for winning)\n|l|\u2606Wutzitooya\n","uploadtime":1699889093,"views":21,"p1id":"wutzitooya","p2id":"deandrericketts","formatid":"gen9vgc2023regulatione","rating":1137,"private":0,"password":""}