{"id":"gen9vgc2023regulatione-1992988768","p1":"VitaeLibra","p2":"candi hehe","format":"[Gen 9] VGC 2023 Regulation E","log":"|j|\u2606VitaeLibra\n|j|\u2606candi hehe\n|n|\u2606VitaeLibra|vitaelibra\n|n|\u2606candi hehe|candihehe\n|html|View the match progress at <a href=\"\/game-bestof3-gen9vgc2023regulatione-1992983145\">game-bestof3-gen9vgc2023regulatione-1992983145<\/a>\n|t:|1700253138\n|gametype|doubles\n|player|p1|VitaeLibra|waitress|\n|player|p2|candi hehe|265|\n|teamsize|p1|6\n|teamsize|p2|6\n|gen|9\n|tier|[Gen 9] VGC 2023 Regulation E\n|rule|Species Clause: Limit one of each Pok\u00e9mon\n|rule|Item Clause: Limit one of each item\n|clearpoke\n|poke|p1|Scream Tail, L50|\n|poke|p1|Muk-Alola, L50, F|\n|poke|p1|Gothitelle, L50, F|\n|poke|p1|Gastrodon-East, L50, M|\n|poke|p1|Wo-Chien, L50|\n|poke|p1|Milotic, L50, F|\n|poke|p2|Dondozo, L50, M|\n|poke|p2|Tatsugiri, L50, F|\n|poke|p2|Annihilape, L50, M|\n|poke|p2|Chansey, L50, F|\n|poke|p2|Brute Bonnet, L50|\n|poke|p2|Kilowattrel, L50, F|\n|teampreview|4\ncandi hehe rejected open team sheets.\n|\n|t:|1700253185\n|start\n|switch|p1a: Scream Tail|Scream Tail, L50|100\/100\n|switch|p1b: Goth|Gothitelle, L50, F|100\/100\n|switch|p2a: Don Quixote|Dondozo, L50, M|100\/100\n|switch|p2b: Doflamingo|Tatsugiri, L50, F|100\/100\n|-activate|p2b: Doflamingo|ability: Commander|[of] p2a: Don Quixote\n|-boost|p2a: Don Quixote|atk|2\n|-boost|p2a: Don Quixote|spa|2\n|-boost|p2a: Don Quixote|spe|2\n|-boost|p2a: Don Quixote|def|2\n|-boost|p2a: Don Quixote|spd|2\n|-enditem|p1a: Scream Tail|Booster Energy\n|-activate|p1a: Scream Tail|ability: Protosynthesis|[fromitem]\n|-start|p1a: Scream Tail|protosynthesisspe\n|turn|1\n|\n|t:|1700253234\n|move|p1b: Goth|Fake Out|p2a: Don Quixote\n|-damage|p2a: Don Quixote|98\/100\n|move|p1a: Scream Tail|Perish Song|p1a: Scream Tail\n|-start|p1a: Scream Tail|perish3|[silent]\n|-start|p1b: Goth|perish3|[silent]\n|-start|p2a: Don Quixote|perish3|[silent]\n|-miss|p1a: Scream Tail|p2b: Doflamingo\n|-fieldactivate|move: Perish Song\n|cant|p2a: Don Quixote|flinch\n|\n|-heal|p2a: Don Quixote|100\/100|[from] item: Leftovers\n|-start|p1a: Scream Tail|perish3\n|-start|p2a: Don Quixote|perish3\n|-start|p1b: Goth|perish3\n|-status|p2b: Doflamingo|tox|[from] item: Toxic Orb\n|upkeep\n|turn|2\n|\n|t:|1700253268\n|-end|p1a: Scream Tail|Protosynthesis|[silent]\n|switch|p1a: Gastrodon|Gastrodon-East, L50, M|100\/100\n|move|p2a: Don Quixote|Wave Crash|p1a: Gastrodon\n|-activate|p1a: Gastrodon|ability: Storm Drain\n|-ability|p1a: Gastrodon|Storm Drain|boost\n|-boost|p1a: Gastrodon|spa|1\n|move|p1b: Goth|Taunt|p2a: Don Quixote\n|-start|p2a: Don Quixote|move: Taunt\n|\n|-damage|p2b: Doflamingo|94\/100 tox|[from] psn\n|-start|p2a: Don Quixote|perish2\n|-start|p1b: Goth|perish2\n|upkeep\n|turn|3\n|\n|t:|1700253365\n|-terastallize|p2a: Don Quixote|Dragon\n|move|p1b: Goth|Protect|p1b: Goth\n|-singleturn|p1b: Goth|Protect\n|move|p2a: Don Quixote|Order Up|p1a: Gastrodon\n|-damage|p1a: Gastrodon|36\/100\n|-boost|p2a: Don Quixote|atk|1\n|move|p1a: Gastrodon|Muddy Water|p2a: Don Quixote|[spread] p2a\n|-miss|p1a: Gastrodon|p2b: Doflamingo\n|-resisted|p2a: Don Quixote\n|-damage|p2a: Don Quixote|95\/100\n|\n|-heal|p2a: Don Quixote|100\/100|[from] item: Leftovers\n|-damage|p2b: Doflamingo|82\/100 tox|[from] psn\n|-start|p2a: Don Quixote|perish1\n|-start|p1b: Goth|perish1\n|upkeep\n|turn|4\n|\n|t:|1700253398\n|switch|p1b: Scream Tail|Scream Tail, L50|100\/100\n|move|p2a: Don Quixote|Wave Crash|p1a: Gastrodon\n|-ability|p1a: Gastrodon|Storm Drain|boost\n|-boost|p1a: Gastrodon|spa|1\n|move|p1a: Gastrodon|Recover|p1a: Gastrodon\n|-heal|p1a: Gastrodon|86\/100\n|\n|-damage|p2b: Doflamingo|63\/100 tox|[from] psn\n|-start|p2a: Don Quixote|perish0\n|faint|p2a: Don Quixote\n|upkeep\n|\n|t:|1700253439\n|switch|p2a: lol|Chansey, L50, F|100\/100\n|turn|5\n|\n|t:|1700253467\n|switch|p2b: me when i|Annihilape, L50, M|100\/100\n|move|p1b: Scream Tail|Encore||[still]\n|-fail|p1b: Scream Tail\n|move|p2a: lol|Thunderbolt|p1b: Scream Tail\n|-damage|p1b: Scream Tail|93\/100\n|move|p1a: Gastrodon|Yawn|p2a: lol\n|-start|p2a: lol|move: Yawn|[of] p1a: Gastrodon\n|\n|upkeep\n|turn|6\n|\n|t:|1700253502\n|move|p2a: lol|Protect|p2a: lol\n|-singleturn|p2a: lol|Protect\n|move|p1b: Scream Tail|Perish Song|p1b: Scream Tail\n|-start|p1a: Gastrodon|perish3|[silent]\n|-start|p1b: Scream Tail|perish3|[silent]\n|-start|p2a: lol|perish3|[silent]\n|-start|p2b: me when i|perish3|[silent]\n|-fieldactivate|move: Perish Song\n|move|p2b: me when i|Rage Fist|p1b: Scream Tail\n|-supereffective|p1b: Scream Tail\n|-damage|p1b: Scream Tail|49\/100\n|move|p1a: Gastrodon|Muddy Water|p2b: me when i|[spread] p2b\n|-activate|p2a: lol|move: Protect\n|-damage|p2b: me when i|65\/100\n|\n|-end|p2a: lol|move: Yawn|[silent]\n|-status|p2a: lol|slp\n|-start|p1b: Scream Tail|perish3\n|-start|p2b: me when i|perish3\n|-start|p2a: lol|perish3\n|-start|p1a: Gastrodon|perish3\n|upkeep\n|turn|7\n|\n|t:|1700253537\n|-curestatus|p2a: lol|slp|[from] ability: Natural Cure\n|switch|p2a: Doflamingo|Tatsugiri, L50, F|63\/100 tox\n|switch|p1a: Goth|Gothitelle, L50, F|100\/100\n|move|p1b: Scream Tail|Protect|p1b: Scream Tail\n|-singleturn|p1b: Scream Tail|Protect\n|move|p2b: me when i|Rage Fist|p1b: Scream Tail\n|-activate|p1b: Scream Tail|move: Protect\n|\n|-damage|p2a: Doflamingo|57\/100 tox|[from] psn\n|-start|p1b: Scream Tail|perish2\n|-start|p2b: me when i|perish2\n|upkeep\n|turn|8\n|\n|t:|1700253561\n|switch|p2b: lol|Chansey, L50, F|100\/100\n|move|p1a: Goth|Protect|p1a: Goth\n|-singleturn|p1a: Goth|Protect\n|move|p1b: Scream Tail|Wish|p1b: Scream Tail\n|move|p2a: Doflamingo|Muddy Water|p1b: Scream Tail|[spread] p1b\n|-activate|p1a: Goth|move: Protect\n|-damage|p1b: Scream Tail|24\/100\n|-unboost|p1b: Scream Tail|accuracy|1\n|\n|-damage|p2a: Doflamingo|44\/100 tox|[from] psn\n|-start|p1b: Scream Tail|perish1\n|upkeep\n|turn|9\n|\n|t:|1700253601\n|-end|p1b: Scream Tail|Protosynthesis|[silent]\n|switch|p1b: Wo-Chien|Wo-Chien, L50|100\/100\n|-ability|p1b: Wo-Chien|Tablets of Ruin\n|move|p2a: Doflamingo|Draco Meteor|p1a: Goth\n|-damage|p1a: Goth|36\/100\n|-unboost|p2a: Doflamingo|spa|2\n|move|p1a: Goth|Rest|p1a: Goth\n|-status|p1a: Goth|slp|[from] move: Rest\n|-heal|p1a: Goth|100\/100 slp|[silent]\n|-enditem|p1a: Goth|Chesto Berry|[eat]\n|-curestatus|p1a: Goth|slp|[msg]\n|move|p2b: lol|Fire Blast|p1a: Goth\n|-damage|p1a: Goth|87\/100\n|\n|-damage|p2a: Doflamingo|25\/100 tox|[from] psn\n|upkeep\n|turn|10\n|\n|t:|1700253649\n|switch|p1a: Scream Tail|Scream Tail, L50|24\/100\n|move|p2a: Doflamingo|Draco Meteor|p1b: Wo-Chien\n|-crit|p1b: Wo-Chien\n|-damage|p1b: Wo-Chien|27\/100\n|-unboost|p2a: Doflamingo|spa|2\n|move|p1b: Wo-Chien|Pollen Puff|p1a: Scream Tail\n|-heal|p1a: Scream Tail|74\/100\n|move|p2b: lol|Fire Blast|p1b: Wo-Chien\n|-supereffective|p1b: Wo-Chien\n|-crit|p1b: Wo-Chien\n|-damage|p1b: Wo-Chien|0 fnt\n|faint|p1b: Wo-Chien\n|\n|-damage|p2a: Doflamingo|0 fnt|[from] psn\n|faint|p2a: Doflamingo\n|upkeep\n|\n|t:|1700253671\n|switch|p2a: me when i|Annihilape, L50, M|65\/100\n|switch|p1b: Goth|Gothitelle, L50, F|87\/100\n|turn|11\n|\n|t:|1700253699\n|move|p1b: Goth|Fake Out|p2b: lol\n|-damage|p2b: lol|97\/100\n|move|p1a: Scream Tail|Perish Song|p1a: Scream Tail\n|-start|p1a: Scream Tail|perish3|[silent]\n|-start|p1b: Goth|perish3|[silent]\n|-start|p2a: me when i|perish3|[silent]\n|-start|p2b: lol|perish3|[silent]\n|-fieldactivate|move: Perish Song\n|move|p2a: me when i|Rage Fist|p1a: Scream Tail\n|-supereffective|p1a: Scream Tail\n|-damage|p1a: Scream Tail|0 fnt\n|faint|p1a: Scream Tail\n|-end|p1a: Scream Tail|Protosynthesis|[silent]\n|cant|p2b: lol|flinch\n|\n|-start|p1b: Goth|perish3\n|-start|p2a: me when i|perish3\n|-start|p2b: lol|perish3\n|upkeep\n|\n|t:|1700253712\n|switch|p1a: Gastrodon|Gastrodon-East, L50, M|86\/100\n|turn|12\n|\n|t:|1700253736\n|move|p1a: Gastrodon|Protect|p1a: Gastrodon\n|-singleturn|p1a: Gastrodon|Protect\n|move|p1b: Goth|Taunt|p2b: lol\n|-start|p2b: lol|move: Taunt\n|move|p2a: me when i|Final Gambit|p1a: Gastrodon\n|-activate|p1a: Gastrodon|move: Protect\n|move|p2b: lol|Thunderbolt|p1b: Goth\n|-damage|p1b: Goth|76\/100\n|\n|-start|p1b: Goth|perish2\n|-start|p2a: me when i|perish2\n|-start|p2b: lol|perish2\n|upkeep\n|turn|13\n|\n|t:|1700253811\n|move|p1b: Goth|Taunt|p2a: me when i\n|-start|p2a: me when i|move: Taunt\n|move|p2a: me when i|Rage Fist|p1a: Gastrodon\n|-damage|p1a: Gastrodon|36\/100\n|move|p2b: lol|Fire Blast|p1a: Gastrodon\n|-resisted|p1a: Gastrodon\n|-damage|p1a: Gastrodon|31\/100\n|move|p1a: Gastrodon|Recover|p1a: Gastrodon\n|-heal|p1a: Gastrodon|81\/100\n|\n|-start|p1b: Goth|perish1\n|-start|p2a: me when i|perish1\n|-start|p2b: lol|perish1\n|upkeep\n|turn|14\n|\n|t:|1700253847\n|move|p1b: Goth|Protect|p1b: Goth\n|-singleturn|p1b: Goth|Protect\n|move|p1a: Gastrodon|Protect|p1a: Gastrodon\n|-singleturn|p1a: Gastrodon|Protect\n|move|p2a: me when i|Rage Fist|p1a: Gastrodon\n|-activate|p1a: Gastrodon|move: Protect\n|move|p2b: lol|Fire Blast|p1a: Gastrodon\n|-activate|p1a: Gastrodon|move: Protect\n|\n|-end|p2b: lol|move: Taunt\n|-start|p1b: Goth|perish0\n|-start|p2a: me when i|perish0\n|-start|p2b: lol|perish0\n|faint|p1b: Goth\n|faint|p2a: me when i\n|faint|p2b: lol\n|\n|win|VitaeLibra\n|upkeep\n|l|\u2606VitaeLibra\n|j|\u2606VitaeLibra\n|player|p1|VitaeLibra|waitress\n","uploadtime":1700254068,"views":10,"p1id":"vitaelibra","p2id":"candihehe","formatid":"gen9vgc2023regulatione","rating":0,"private":0,"password":""}