{"id":"gen9vgc2023regulatione-1999082194","p1":"NotRubyVGC","p2":"TrapTus","format":"[Gen 9] VGC 2023 Regulation E","log":"|j|\u2606NotRubyVGC\n|j|\u2606TrapTus\n|t:|1701031245\n|gametype|doubles\n|player|p1|NotRubyVGC|266|1512\n|player|p2|TrapTus|102|1525\n|teamsize|p1|6\n|teamsize|p2|6\n|gen|9\n|tier|[Gen 9] VGC 2023 Regulation E\n|rated|\n|rule|Species Clause: Limit one of each Pok\u00e9mon\n|rule|Item Clause: Limit one of each item\n|clearpoke\n|poke|p1|Salamence, L50, F|\n|poke|p1|Ogerpon-Wellspring, L50, F|\n|poke|p1|Heatran, L50, M|\n|poke|p1|Rillaboom, L50, M|\n|poke|p1|Flutter Mane, L50|\n|poke|p1|Kingambit, L50, F|\n|poke|p2|Tornadus, L50, M|\n|poke|p2|Flutter Mane, L50|\n|poke|p2|Roaring Moon, L50|\n|poke|p2|Iron Hands, L50|\n|poke|p2|Landorus-Therian, L50, M|\n|poke|p2|Gholdengo, L50|\n|teampreview|4\n|\n|t:|1701031281\n|start\n|switch|p1a: Rillaboom|Rillaboom, L50, M|100\/100\n|switch|p1b: Kingambit|Kingambit, L50, F|100\/100\n|switch|p2a: Iron Hands|Iron Hands, L50|100\/100\n|switch|p2b: Roaring Moon|Roaring Moon, L50|100\/100\n|-fieldstart|move: Grassy Terrain|[from] ability: Grassy Surge|[of] p1a: Rillaboom\n|-enditem|p2b: Roaring Moon|Booster Energy\n|-activate|p2b: Roaring Moon|ability: Protosynthesis|[fromitem]\n|-start|p2b: Roaring Moon|protosynthesisatk\n|turn|1\n|\n|t:|1701031298\n|-terastallize|p2b: Roaring Moon|Flying\n|move|p1a: Rillaboom|Fake Out|p2a: Iron Hands\n|-damage|p2a: Iron Hands|91\/100\n|move|p2b: Roaring Moon|Acrobatics|p1a: Rillaboom\n|-supereffective|p1a: Rillaboom\n|-damage|p1a: Rillaboom|0 fnt\n|faint|p1a: Rillaboom\n|cant|p2a: Iron Hands|flinch\n|move|p1b: Kingambit|Swords Dance|p1b: Kingambit\n|-boost|p1b: Kingambit|atk|2\n|\n|-heal|p2a: Iron Hands|97\/100|[from] Grassy Terrain\n|upkeep\n|\n|t:|1701031308\n|switch|p1a: Salamence|Salamence, L50, F|100\/100\n|-ability|p1a: Salamence|Intimidate|boost\n|-unboost|p2a: Iron Hands|atk|1\n|-unboost|p2b: Roaring Moon|atk|1\n|turn|2\n|\n|t:|1701031335\n|-terastallize|p1b: Kingambit|Poison\n|move|p1b: Kingambit|Sucker Punch|p2b: Roaring Moon\n|-damage|p2b: Roaring Moon|0 fnt\n|faint|p2b: Roaring Moon\n|-end|p2b: Roaring Moon|Protosynthesis|[silent]\n|move|p1a: Salamence|Air Slash|p2a: Iron Hands\n|-damage|p2a: Iron Hands|71\/100\n|move|p2a: Iron Hands|Swords Dance|p2a: Iron Hands\n|-boost|p2a: Iron Hands|atk|2\n|\n|-heal|p2a: Iron Hands|78\/100|[from] Grassy Terrain\n|upkeep\n|\n|t:|1701031351\n|switch|p2b: Tornadus|Tornadus, L50, M|100\/100\n|turn|3\n|\n|t:|1701031379\n|move|p2b: Tornadus|Tailwind|p2b: Tornadus\n|-sidestart|p2: TrapTus|move: Tailwind\n|move|p1a: Salamence|Tailwind|p1a: Salamence\n|-sidestart|p1: NotRubyVGC|move: Tailwind\n|move|p2a: Iron Hands|Heavy Slam|p1b: Kingambit\n|-damage|p1b: Kingambit|68\/100\n|move|p1b: Kingambit|Kowtow Cleave|p2a: Iron Hands\n|-resisted|p2a: Iron Hands\n|-damage|p2a: Iron Hands|49\/100\n|\n|-heal|p2a: Iron Hands|55\/100|[from] Grassy Terrain\n|-heal|p1b: Kingambit|73\/100|[from] Grassy Terrain\n|upkeep\n|turn|4\n|\n|t:|1701031405\n|move|p2a: Iron Hands|Protect|p2a: Iron Hands\n|-singleturn|p2a: Iron Hands|Protect\n|move|p1a: Salamence|Draco Meteor|p2a: Iron Hands\n|-activate|p2a: Iron Hands|move: Protect\n|move|p2b: Tornadus|Bleakwind Storm|p1a: Salamence|[spread] p1a,p1b\n|-damage|p1a: Salamence|66\/100\n|-damage|p1b: Kingambit|41\/100\n|-unboost|p1b: Kingambit|spe|1\n|-ability|p1b: Kingambit|Defiant|boost\n|-boost|p1b: Kingambit|atk|2\n|move|p1b: Kingambit|Kowtow Cleave|p2a: Iron Hands\n|-activate|p2a: Iron Hands|move: Protect\n|\n|-heal|p2a: Iron Hands|61\/100|[from] Grassy Terrain\n|-heal|p1b: Kingambit|47\/100|[from] Grassy Terrain\n|upkeep\n|turn|5\n|\n|t:|1701031426\n|move|p1a: Salamence|Air Slash|p2a: Iron Hands\n|-damage|p2a: Iron Hands|32\/100\n|move|p2b: Tornadus|Bleakwind Storm|p1a: Salamence|[spread] p1b\n|-miss|p2b: Tornadus|p1a: Salamence\n|-damage|p1b: Kingambit|15\/100\n|-unboost|p1b: Kingambit|spe|1\n|-ability|p1b: Kingambit|Defiant|boost\n|-boost|p1b: Kingambit|atk|2\n|move|p2a: Iron Hands|Heavy Slam|p1a: Salamence\n|-damage|p1a: Salamence|15\/100\n|-damage|p2a: Iron Hands|16\/100|[from] item: Rocky Helmet|[of] p1a: Salamence\n|move|p1b: Kingambit|Kowtow Cleave|p2a: Iron Hands\n|-resisted|p2a: Iron Hands\n|-damage|p2a: Iron Hands|0 fnt\n|faint|p2a: Iron Hands\n|-end|p2a: Iron Hands|Quark Drive|[silent]\n|\n|-heal|p1b: Kingambit|21\/100|[from] Grassy Terrain\n|-fieldend|move: Grassy Terrain\n|upkeep\n|\n|t:|1701031444\n|switch|p2a: Flutter Mane|Flutter Mane, L50|100\/100\n|turn|6\n|\n|t:|1701031453\n|switch|p1a: Heatran|Heatran, L50, M|100\/100\n|move|p1b: Kingambit|Protect|p1b: Kingambit\n|-singleturn|p1b: Kingambit|Protect\n|move|p2a: Flutter Mane|Dazzling Gleam|p1b: Kingambit|[spread] p1a\n|-activate|p1b: Kingambit|move: Protect\n|-resisted|p1a: Heatran\n|-damage|p1a: Heatran|91\/100\n|move|p2b: Tornadus|Bleakwind Storm|p1a: Heatran|[spread] p1a\n|-activate|p1b: Kingambit|move: Protect\n|-resisted|p1a: Heatran\n|-damage|p1a: Heatran|78\/100\n|\n|-heal|p1a: Heatran|84\/100|[from] item: Leftovers\n|-sideend|p1: NotRubyVGC|move: Tailwind\n|-sideend|p2: TrapTus|move: Tailwind\n|upkeep\n|turn|7\n|\n|t:|1701031470\n|move|p1b: Kingambit|Sucker Punch|p2a: Flutter Mane\n|-crit|p2a: Flutter Mane\n|-damage|p2a: Flutter Mane|0 fnt\n|faint|p2a: Flutter Mane\n|-end|p2a: Flutter Mane|Protosynthesis|[silent]\n|move|p2b: Tornadus|Bleakwind Storm|p1a: Heatran|[spread] p1b\n|-miss|p2b: Tornadus|p1a: Heatran\n|-damage|p1b: Kingambit|0 fnt\n|faint|p1b: Kingambit\n|move|p1a: Heatran|Flash Cannon|p2b: Tornadus\n|-damage|p2b: Tornadus|57\/100\n|\n|-heal|p1a: Heatran|90\/100|[from] item: Leftovers\n|upkeep\n|\n|t:|1701031477\n|switch|p1b: Salamence|Salamence, L50, F|15\/100\n|-ability|p1b: Salamence|Intimidate|boost\n|-unboost|p2b: Tornadus|atk|1\n|turn|8\n|-message|TrapTus forfeited.\n|\n|win|NotRubyVGC\n|raw|NotRubyVGC's rating: 1512 &rarr; <strong>1533<\/strong><br \/>(+21 for winning)\n|raw|TrapTus's rating: 1525 &rarr; <strong>1504<\/strong><br \/>(-21 for losing)\n|l|\u2606TrapTus\n","uploadtime":1701031490,"views":6,"p1id":"notrubyvgc","p2id":"traptus","formatid":"gen9vgc2023regulatione","rating":1504,"private":0,"password":""}