{"id":"gen9vgc2023regulatione-1997675944","p1":"TapuNull418","p2":"xingshen","format":"[Gen 9] VGC 2023 Regulation E","log":"|j|\u2606TapuNull418\n|j|\u2606xingshen\n|t:|1700840564\n|gametype|doubles\n|player|p1|TapuNull418|266|1206\n|player|p2|xingshen|169|1133\n|teamsize|p1|6\n|teamsize|p2|6\n|gen|9\n|tier|[Gen 9] VGC 2023 Regulation E\n|rated|\n|rule|Species Clause: Limit one of each Pok\u00e9mon\n|rule|Item Clause: Limit one of each item\n|clearpoke\n|poke|p1|Urshifu-*, L50, F|\n|poke|p1|Amoonguss, L50, M|\n|poke|p1|Heatran, L50, M|\n|poke|p1|Tornadus, L50, M|\n|poke|p1|Iron Hands, L50|\n|poke|p1|Dragonite, L50, F|\n|poke|p2|Roaring Moon, L50|\n|poke|p2|Chi-Yu, L50|\n|poke|p2|Ogerpon-Hearthflame, L50, F|\n|poke|p2|Tornadus, L50, M|\n|poke|p2|Flutter Mane, L50|\n|poke|p2|Scovillain, L50, M|\n|teampreview|4\nTapuNull418 rejected open team sheets.\n|\n|t:|1700840609\n|start\n|switch|p1a: Tornadus|Tornadus, L50, M|100\/100\n|switch|p1b: Dragonite|Dragonite, L50, F|100\/100\n|switch|p2a: Tornadus|Tornadus, L50, M|100\/100\n|switch|p2b: Scovillain|Scovillain, L50, M|100\/100\n|turn|1\n|\n|t:|1700840645\n|move|p2b: Scovillain|Rage Powder|p2b: Scovillain\n|-singleturn|p2b: Scovillain|move: Rage Powder\n|move|p2a: Tornadus|Taunt|p1a: Tornadus\n|-start|p1a: Tornadus|move: Taunt\n|cant|p1a: Tornadus|move: Taunt|Taunt\n|move|p1b: Dragonite|Ice Spinner|p2b: Scovillain\n|-damage|p2b: Scovillain|46\/100\n|\n|upkeep\n|turn|2\n|\n|t:|1700840677\n|move|p2a: Tornadus|Tailwind|p2a: Tornadus\n|-sidestart|p2: xingshen|move: Tailwind\n|move|p2b: Scovillain|Will-O-Wisp|p1b: Dragonite\n|-status|p1b: Dragonite|brn\n|move|p1b: Dragonite|Ice Spinner|p2a: Tornadus\n|-supereffective|p2a: Tornadus\n|-damage|p2a: Tornadus|49\/100\n|move|p1a: Tornadus|Bleakwind Storm|p2a: Tornadus|[spread] p2a,p2b\n|-supereffective|p2b: Scovillain\n|-damage|p2a: Tornadus|10\/100\n|-damage|p2b: Scovillain|0 fnt\n|faint|p2b: Scovillain\n|\n|-damage|p1b: Dragonite|94\/100 brn|[from] brn\n|upkeep\n|\n|t:|1700840695\n|switch|p2b: Flutter Mane|Flutter Mane, L50|100\/100\n|turn|3\n|\n|t:|1700840714\n|switch|p1a: Urshifu|Urshifu-Rapid-Strike, L50, F|100\/100\n|move|p2a: Tornadus|Sunny Day|p2a: Tornadus\n|-weather|SunnyDay\n|-activate|p2b: Flutter Mane|ability: Protosynthesis\n|-start|p2b: Flutter Mane|protosynthesisspe\n|move|p2b: Flutter Mane|Dazzling Gleam|p1b: Dragonite|[spread] p1a,p1b\n|-supereffective|p1a: Urshifu\n|-supereffective|p1b: Dragonite\n|-damage|p1a: Urshifu|0 fnt\n|-damage|p1b: Dragonite|0 fnt\n|faint|p1a: Urshifu\n|faint|p1b: Dragonite\n|\n|-weather|SunnyDay|[upkeep]\n|upkeep\n|\n|t:|1700840728\n|switch|p1a: Tornadus|Tornadus, L50, M|100\/100\n|switch|p1b: Amoonguss|Amoonguss, L50, M, shiny|100\/100\n|turn|4\n|\n|t:|1700840746\n|move|p1a: Tornadus|Tailwind|p1a: Tornadus\n|-sidestart|p1: TapuNull418|move: Tailwind\n|move|p2b: Flutter Mane|Dazzling Gleam|p1a: Tornadus|[spread] p1a,p1b\n|-resisted|p1b: Amoonguss\n|-damage|p1a: Tornadus|61\/100\n|-damage|p1b: Amoonguss|79\/100\n|move|p2a: Tornadus|Bleakwind Storm|p1b: Amoonguss|[spread] \n|-miss|p2a: Tornadus|p1a: Tornadus\n|-miss|p2a: Tornadus|p1b: Amoonguss\n|move|p1b: Amoonguss|Spore|p2b: Flutter Mane\n|-status|p2b: Flutter Mane|slp|[from] move: Spore\n|\n|-weather|SunnyDay|[upkeep]\n|upkeep\n|turn|5\n|\n|t:|1700840763\n|move|p2a: Tornadus|Taunt|p1b: Amoonguss\n|-start|p1b: Amoonguss|move: Taunt\n|cant|p2b: Flutter Mane|slp\n|move|p1a: Tornadus|Bleakwind Storm|p2a: Tornadus|[spread] p2a,p2b\n|-damage|p2a: Tornadus|0 fnt\n|-damage|p2b: Flutter Mane|70\/100 slp\n|faint|p2a: Tornadus\n|move|p1b: Amoonguss|Pollen Puff|p1a: Tornadus\n|-heal|p1a: Tornadus|100\/100\n|\n|-weather|SunnyDay|[upkeep]\n|-sideend|p2: xingshen|move: Tailwind\n|upkeep\n|\n|t:|1700840778\n|switch|p2a: Roaring Moon|Roaring Moon, L50|100\/100\n|-activate|p2a: Roaring Moon|ability: Protosynthesis\n|-start|p2a: Roaring Moon|protosynthesisspe\n|turn|6\n|\n|t:|1700840792\n|-terastallize|p2a: Roaring Moon|Flying\n|-terastallize|p1a: Tornadus|Poison\n|cant|p2b: Flutter Mane|slp\n|move|p2a: Roaring Moon|Acrobatics|p1b: Amoonguss\n|-supereffective|p1b: Amoonguss\n|-damage|p1b: Amoonguss|29\/100\n|-damage|p2a: Roaring Moon|84\/100|[from] item: Rocky Helmet|[of] p1b: Amoonguss\n|move|p1a: Tornadus|Bleakwind Storm|p2b: Flutter Mane|[spread] p2a,p2b\n|-damage|p2a: Roaring Moon|52\/100\n|-damage|p2b: Flutter Mane|37\/100 slp\n|move|p1b: Amoonguss|Pollen Puff|p2b: Flutter Mane\n|-resisted|p2b: Flutter Mane\n|-damage|p2b: Flutter Mane|32\/100 slp\n|\n|-weather|SunnyDay|[upkeep]\n|upkeep\n|turn|7\n|\n|t:|1700840819\n|cant|p2b: Flutter Mane|slp\n|move|p2a: Roaring Moon|Acrobatics|p1b: Amoonguss\n|-supereffective|p1b: Amoonguss\n|-damage|p1b: Amoonguss|0 fnt\n|-damage|p2a: Roaring Moon|35\/100|[from] item: Rocky Helmet|[of] p1b: Amoonguss\n|faint|p1b: Amoonguss\n|move|p1a: Tornadus|Bleakwind Storm|p2b: Flutter Mane|[spread] p2a,p2b\n|-damage|p2a: Roaring Moon|3\/100\n|-damage|p2b: Flutter Mane|0 fnt\n|faint|p2b: Flutter Mane\n|-end|p2b: Flutter Mane|Protosynthesis|[silent]\n|\n|-weather|none\n|-end|p2a: Roaring Moon|Protosynthesis\n|-sideend|p1: TapuNull418|move: Tailwind\n|upkeep\n|-enditem|p2a: Roaring Moon|Booster Energy\n|-activate|p2a: Roaring Moon|ability: Protosynthesis|[fromitem]\n|-start|p2a: Roaring Moon|protosynthesisspe\n|turn|8\n|\n|t:|1700840844\n|move|p2a: Roaring Moon|Acrobatics|p1a: Tornadus\n|-damage|p1a: Tornadus|20\/100\n|move|p1a: Tornadus|Bleakwind Storm|p2a: Roaring Moon|[miss]\n|-miss|p1a: Tornadus|p2a: Roaring Moon\n|\n|upkeep\n|turn|9\n|\n|t:|1700840860\n|move|p1a: Tornadus|Protect|p1a: Tornadus\n|-singleturn|p1a: Tornadus|Protect\n|move|p2a: Roaring Moon|Acrobatics|p1a: Tornadus\n|-activate|p1a: Tornadus|move: Protect\n|\n|upkeep\n|turn|10\n|\n|t:|1700840868\n|move|p2a: Roaring Moon|Acrobatics|p1a: Tornadus\n|-damage|p1a: Tornadus|0 fnt\n|faint|p1a: Tornadus\n|\n|win|xingshen\n|raw|TapuNull418's rating: 1206 &rarr; <strong>1176<\/strong><br \/>(-30 for losing)\n|raw|xingshen's rating: 1133 &rarr; <strong>1163<\/strong><br \/>(+30 for winning)\n|l|\u2606TapuNull418\n","uploadtime":1700840876,"views":3,"p1id":"tapunull418","p2id":"xingshen","formatid":"gen9vgc2023regulatione","rating":1163,"private":0,"password":""}