{"id":"gen9vgc2023regulatione-1998340673","p1":"KarinaMomatova","p2":"Neutralist","format":"[Gen 9] VGC 2023 Regulation E","log":"|j|\u2606KarinaMomatova\n|j|\u2606Neutralist\n|t:|1700931401\n|gametype|doubles\n|player|p1|KarinaMomatova|teamrocket|1151\n|player|p2|Neutralist|2|1247\n|teamsize|p1|6\n|teamsize|p2|6\n|gen|9\n|tier|[Gen 9] VGC 2023 Regulation E\n|rated|\n|rule|Species Clause: Limit one of each Pok\u00e9mon\n|rule|Item Clause: Limit one of each item\n|clearpoke\n|poke|p1|Iron Bundle, L50|\n|poke|p1|Salazzle, L50, F|\n|poke|p1|Flutter Mane, L50|\n|poke|p1|Ninetales-Alola, L50, M|\n|poke|p1|Ogerpon-Wellspring, L50, F|\n|poke|p1|Lycanroc-Midnight, L50, F|\n|poke|p2|Baxcalibur, L50, M|\n|poke|p2|Ninetales-Alola, L50, M|\n|poke|p2|Ogerpon-Wellspring, L50, F|\n|poke|p2|Rillaboom, L50, F|\n|poke|p2|Heatran, L50, F|\n|poke|p2|Moltres-Galar, L50|\n|teampreview|4\n|inactive|Battle timer is ON: inactive players will automatically lose when time's up. (requested by KarinaMomatova)\nNeutralist has agreed to open team sheets.\n|\n|t:|1700931426\n|start\n|switch|p1a: Salazzle|Salazzle, L50, F, shiny|100\/100\n|switch|p1b: Iron Bundle|Iron Bundle, L50|100\/100\n|switch|p2a: Ninetales|Ninetales-Alola, L50, M|100\/100\n|switch|p2b: Baxcalibur|Baxcalibur, L50, M|100\/100\n|-weather|Snow|[from] ability: Snow Warning|[of] p2a: Ninetales\n|-enditem|p1b: Iron Bundle|Booster Energy\n|-activate|p1b: Iron Bundle|ability: Quark Drive|[fromitem]\n|-start|p1b: Iron Bundle|quarkdrivespe\n|turn|1\n|inactive|KarinaMomatova has 30 seconds left.\n|inactive|Neutralist has 30 seconds left.\n|inactive|Neutralist has 20 seconds left.\n|inactive|Neutralist has 15 seconds left.\n|\n|t:|1700931469\n|-terastallize|p2a: Ninetales|Water\n|move|p1b: Iron Bundle|Blizzard|p2a: Ninetales|[spread] p2a,p2b\n|-resisted|p2a: Ninetales\n|-damage|p2a: Ninetales|78\/100\n|-damage|p2b: Baxcalibur|58\/100\n|move|p1a: Salazzle|Overheat|p2a: Ninetales\n|-resisted|p2a: Ninetales\n|-crit|p2a: Ninetales\n|-damage|p2a: Ninetales|28\/100\n|-unboost|p1a: Salazzle|spa|2\n|-enditem|p1a: Salazzle|Eject Pack\n|\n|t:|1700931482\n|switch|p1a: Lycanroc|Lycanroc-Midnight, L50, F, shiny|100\/100\n|move|p2a: Ninetales|Aurora Veil|p2a: Ninetales\n|-sidestart|p2: Neutralist|move: Aurora Veil\n|move|p2b: Baxcalibur|Scale Shot|p1a: Lycanroc\n|-damage|p1a: Lycanroc|84\/100\n|-damage|p1a: Lycanroc|65\/100\n|-damage|p1a: Lycanroc|46\/100\n|-damage|p1a: Lycanroc|27\/100\n|-hitcount|p1a: Lycanroc|4\n|-unboost|p2b: Baxcalibur|def|1\n|-boost|p2b: Baxcalibur|spe|1\n|\n|-weather|Snow|[upkeep]\n|-heal|p2b: Baxcalibur|64\/100|[from] ability: Ice Body\n|upkeep\n|turn|2\n|inactive|KarinaMomatova has 30 seconds left.\n|\n|t:|1700931512\n|move|p2b: Baxcalibur|Protect|p2b: Baxcalibur\n|-singleturn|p2b: Baxcalibur|Protect\n|move|p1b: Iron Bundle|Blizzard|p2b: Baxcalibur|[spread] p2a\n|-activate|p2b: Baxcalibur|move: Protect\n|-resisted|p2a: Ninetales\n|-damage|p2a: Ninetales|13\/100\n|move|p2a: Ninetales|Moonblast|p1a: Lycanroc\n|-damage|p1a: Lycanroc|0 fnt\n|faint|p1a: Lycanroc\n|\n|-weather|Snow|[upkeep]\n|-heal|p2b: Baxcalibur|70\/100|[from] ability: Ice Body\n|upkeep\n|\n|t:|1700931525\n|switch|p1a: Salazzle|Salazzle, L50, F, shiny|100\/100\n|turn|3\n|inactive|Neutralist has 30 seconds left.\n|\n|t:|1700931554\n|move|p1a: Salazzle|Fake Out|p2b: Baxcalibur\n|-damage|p2b: Baxcalibur|66\/100\n|move|p1b: Iron Bundle|Blizzard|p2a: Ninetales|[spread] p2a,p2b\n|-resisted|p2a: Ninetales\n|-damage|p2a: Ninetales|0 fnt\n|-damage|p2b: Baxcalibur|38\/100\n|faint|p2a: Ninetales\n|cant|p2b: Baxcalibur|flinch\n|\n|-weather|Snow|[upkeep]\n|-heal|p2b: Baxcalibur|44\/100|[from] ability: Ice Body\n|upkeep\n|\n|t:|1700931561\n|switch|p2a: Rillaboom|Rillaboom, L50, F|100\/100\n|-fieldstart|move: Grassy Terrain|[from] ability: Grassy Surge|[of] p2a: Rillaboom\n|turn|4\n|inactive|KarinaMomatova has 30 seconds left.\n|\n|t:|1700931589\n|switch|p1a: Flutter Mane|Flutter Mane, L50, shiny|100\/100\n|move|p1b: Iron Bundle|Protect|p1b: Iron Bundle\n|-singleturn|p1b: Iron Bundle|Protect\n|move|p2a: Rillaboom|Fake Out|p1b: Iron Bundle\n|-activate|p1b: Iron Bundle|move: Protect\n|move|p2b: Baxcalibur|Swords Dance|p2b: Baxcalibur\n|-boost|p2b: Baxcalibur|atk|2\n|\n|-weather|Snow|[upkeep]\n|-heal|p2b: Baxcalibur|50\/100|[from] ability: Ice Body\n|-heal|p2b: Baxcalibur|57\/100|[from] Grassy Terrain\n|upkeep\n|turn|5\n|\n|t:|1700931607\n|move|p2a: Rillaboom|Grassy Glide|p1b: Iron Bundle\n|-supereffective|p1b: Iron Bundle\n|-damage|p1b: Iron Bundle|40\/100\n|move|p1b: Iron Bundle|Blizzard|p2b: Baxcalibur|[spread] p2a,p2b\n|-supereffective|p2a: Rillaboom\n|-damage|p2a: Rillaboom|63\/100\n|-damage|p2b: Baxcalibur|29\/100\n|move|p2b: Baxcalibur|Icicle Spear|p1a: Flutter Mane\n|-damage|p1a: Flutter Mane|39\/100\n|-damage|p1a: Flutter Mane|0 fnt\n|faint|p1a: Flutter Mane\n|-end|p1a: Flutter Mane|Protosynthesis|[silent]\n|-hitcount|p1: Flutter Mane|2\n|\n|-weather|none\n|-heal|p1b: Iron Bundle|46\/100|[from] Grassy Terrain\n|-heal|p2b: Baxcalibur|35\/100|[from] Grassy Terrain\n|-heal|p2a: Rillaboom|70\/100|[from] Grassy Terrain\n|upkeep\n|\n|t:|1700931622\n|switch|p1a: Salazzle|Salazzle, L50, F, shiny|100\/100\n|turn|6\n|\n|t:|1700931636\n|move|p2b: Baxcalibur|Protect|p2b: Baxcalibur\n|-singleturn|p2b: Baxcalibur|Protect\n|move|p1a: Salazzle|Fake Out|p2b: Baxcalibur\n|-activate|p2b: Baxcalibur|move: Protect\n|move|p2a: Rillaboom|Grassy Glide|p1b: Iron Bundle\n|-supereffective|p1b: Iron Bundle\n|-damage|p1b: Iron Bundle|0 fnt\n|faint|p1b: Iron Bundle\n|-end|p1b: Iron Bundle|Quark Drive|[silent]\n|\n|-heal|p2b: Baxcalibur|41\/100|[from] Grassy Terrain\n|-heal|p2a: Rillaboom|76\/100|[from] Grassy Terrain\n|upkeep\n|turn|7\n|-message|KarinaMomatova forfeited.\n|\n|win|Neutralist\n|raw|KarinaMomatova's rating: 1151 &rarr; <strong>1133<\/strong><br \/>(-18 for losing)\n|raw|Neutralist's rating: 1247 &rarr; <strong>1265<\/strong><br \/>(+18 for winning)\n|l|\u2606KarinaMomatova\n","uploadtime":1700931709,"views":5,"p1id":"karinamomatova","p2id":"neutralist","formatid":"gen9vgc2023regulatione","rating":1133,"private":0,"password":""}