{"id":"gen9vgc2023regulatione-1988612904","p1":"YoskinPataNegra","p2":"Kizrhzk","format":"[Gen 9] VGC 2023 Regulation E","log":"|j|\u2606YoskinPataNegra\n|j|\u2606Kizrhzk\n|t:|1699741969\n|gametype|doubles\n|player|p1|YoskinPataNegra|1|1232\n|player|p2|Kizrhzk|lance|1176\n|teamsize|p1|6\n|teamsize|p2|6\n|gen|9\n|tier|[Gen 9] VGC 2023 Regulation E\n|rated|\n|rule|Species Clause: Limit one of each Pok\u00e9mon\n|rule|Item Clause: Limit one of each item\n|clearpoke\n|poke|p1|Rillaboom, L50, M|\n|poke|p1|Urshifu-*, L50, M|\n|poke|p1|Arcanine-Hisui, L50, M|\n|poke|p1|Clefairy, L50, F|\n|poke|p1|Tornadus, L50, M|\n|poke|p1|Chien-Pao, L50|\n|poke|p2|Flutter Mane, L50|\n|poke|p2|Tornadus, L50, M|\n|poke|p2|Rillaboom, L50, M|\n|poke|p2|Garganacl, L50, F|\n|poke|p2|Arcanine-Hisui, L50, F|\n|poke|p2|Chien-Pao, L50|\n|teampreview|4\n|\n|t:|1699742025\n|start\n|switch|p1a: Chien-Pao|Chien-Pao, L50|100\/100\n|switch|p1b: Rillaboom|Rillaboom, L50, M, shiny|100\/100\n|switch|p2a: Tornadus|Tornadus, L50, M|100\/100\n|switch|p2b: Garganacl|Garganacl, L50, F|100\/100\n|-ability|p1a: Chien-Pao|Sword of Ruin\n|-fieldstart|move: Grassy Terrain|[from] ability: Grassy Surge|[of] p1b: Rillaboom\n|turn|1\n|\n|t:|1699742055\n|switch|p2a: Arcanine|Arcanine-Hisui, L50, F|100\/100\n|-ability|p2a: Arcanine|Intimidate|boost\n|-unboost|p1a: Chien-Pao|atk|1\n|-unboost|p1b: Rillaboom|atk|1\n|-terastallize|p2b: Garganacl|Ghost\n|move|p1b: Rillaboom|Fake Out|p2a: Arcanine\n|-resisted|p2a: Arcanine\n|-damage|p2a: Arcanine|93\/100\n|move|p1a: Chien-Pao|Icicle Crash|p2a: Arcanine\n|-resisted|p2a: Arcanine\n|-damage|p2a: Arcanine|69\/100\n|move|p2b: Garganacl|Iron Defense|p2b: Garganacl\n|-boost|p2b: Garganacl|def|2\n|\n|-heal|p2a: Arcanine|75\/100|[from] Grassy Terrain\n|upkeep\n|turn|2\n|\n|t:|1699742082\n|switch|p2a: Tornadus|Tornadus, L50, M|100\/100\n|move|p1a: Chien-Pao|Haze|p1a: Chien-Pao\n|-clearallboost\n|move|p1b: Rillaboom|U-turn|p2a: Tornadus\n|-resisted|p2a: Tornadus\n|-damage|p2a: Tornadus|82\/100\n|-damage|p1b: Rillaboom|84\/100|[from] item: Rocky Helmet|[of] p2a: Tornadus\n|\n|t:|1699742093\n|switch|p1b: Arcanine|Arcanine-Hisui, L50, M, shiny|100\/100|[from] U-turn\n|-ability|p1b: Arcanine|Intimidate|boost\n|-unboost|p2a: Tornadus|atk|1\n|-unboost|p2b: Garganacl|atk|1\n|move|p2b: Garganacl|Salt Cure|p1a: Chien-Pao\n|-supereffective|p1a: Chien-Pao\n|-crit|p1a: Chien-Pao\n|-damage|p1a: Chien-Pao|39\/100\n|-start|p1a: Chien-Pao|Salt Cure\n|\n|-heal|p1a: Chien-Pao|45\/100|[from] Grassy Terrain\n|-damage|p1a: Chien-Pao|33\/100|[from] Salt Cure\n|upkeep\n|turn|3\n|\n|t:|1699742110\n|move|p2b: Garganacl|Protect|p2b: Garganacl\n|-singleturn|p2b: Garganacl|Protect\n|move|p1a: Chien-Pao|Sucker Punch||[still]\n|-fail|p1a: Chien-Pao\n|move|p2a: Tornadus|Tailwind|p2a: Tornadus\n|-sidestart|p2: Kizrhzk|move: Tailwind\n|move|p1b: Arcanine|Rock Slide|p2b: Garganacl|[spread] \n|-activate|p2b: Garganacl|move: Protect\n|-miss|p1b: Arcanine|p2a: Tornadus\n|\n|-heal|p1a: Chien-Pao|38\/100|[from] Grassy Terrain\n|-damage|p1a: Chien-Pao|26\/100|[from] Salt Cure\n|upkeep\n|turn|4\n|\n|t:|1699742127\n|move|p2a: Tornadus|Bleakwind Storm|p1a: Chien-Pao|[spread] p1a\n|-miss|p2a: Tornadus|p1b: Arcanine\n|-damage|p1a: Chien-Pao|0 fnt\n|faint|p1a: Chien-Pao\n|move|p1b: Arcanine|Rock Slide|p2a: Tornadus|[spread] p2a,p2b\n|-supereffective|p2a: Tornadus\n|-damage|p2a: Tornadus|0 fnt\n|-damage|p2b: Garganacl|74\/100\n|faint|p2a: Tornadus\n|cant|p2b: Garganacl|flinch\n|\n|-heal|p2b: Garganacl|80\/100|[from] Grassy Terrain\n|upkeep\n|\n|t:|1699742139\n|switch|p1a: Urshifu|Urshifu-Rapid-Strike, L50, M|100\/100\n|switch|p2a: Arcanine|Arcanine-Hisui, L50, F|75\/100\n|-ability|p2a: Arcanine|Intimidate|boost\n|-unboost|p1a: Urshifu|atk|1\n|-unboost|p1b: Arcanine|atk|1\n|turn|5\n|\n|t:|1699742148\n|switch|p2a: Rillaboom|Rillaboom, L50, M|100\/100\n|-terastallize|p1a: Urshifu|Water\n|move|p1b: Arcanine|Rock Slide|p2a: Rillaboom|[spread] p2a,p2b\n|-damage|p2a: Rillaboom|78\/100\n|-damage|p2b: Garganacl|63\/100\n|move|p1a: Urshifu|Surging Strikes|p2a: Rillaboom\n|-resisted|p2a: Rillaboom\n|-crit|p2a: Rillaboom\n|-damage|p2a: Rillaboom|64\/100\n|-resisted|p2a: Rillaboom\n|-crit|p2a: Rillaboom\n|-damage|p2a: Rillaboom|49\/100\n|-resisted|p2a: Rillaboom\n|-crit|p2a: Rillaboom\n|-damage|p2a: Rillaboom|33\/100\n|-hitcount|p2a: Rillaboom|3\n|cant|p2b: Garganacl|flinch\n|\n|-heal|p2a: Rillaboom|39\/100|[from] Grassy Terrain\n|-heal|p2b: Garganacl|69\/100|[from] Grassy Terrain\n|-fieldend|move: Grassy Terrain\n|upkeep\n|turn|6\n|\n|t:|1699742172\n|switch|p2a: Arcanine|Arcanine-Hisui, L50, F|75\/100\n|-ability|p2a: Arcanine|Intimidate|boost\n|-unboost|p1a: Urshifu|atk|1\n|-unboost|p1b: Arcanine|atk|1\n|switch|p1a: Rillaboom|Rillaboom, L50, M, shiny|84\/100\n|-fieldstart|move: Grassy Terrain|[from] ability: Grassy Surge|[of] p1a: Rillaboom\n|move|p1b: Arcanine|Rock Slide|p2a: Arcanine|[spread] p2b\n|-miss|p1b: Arcanine|p2a: Arcanine\n|-damage|p2b: Garganacl|56\/100\n|move|p2b: Garganacl|Salt Cure|p1a: Rillaboom\n|-damage|p1a: Rillaboom|74\/100\n|-start|p1a: Rillaboom|Salt Cure\n|\n|-heal|p2a: Arcanine|80\/100|[from] Grassy Terrain\n|-heal|p1a: Rillaboom|79\/100|[from] Grassy Terrain\n|-heal|p2b: Garganacl|62\/100|[from] Grassy Terrain\n|-damage|p1a: Rillaboom|67\/100|[from] Salt Cure\n|-sideend|p2: Kizrhzk|move: Tailwind\n|upkeep\n|turn|7\n|\n|t:|1699742209\n|switch|p1b: Urshifu|Urshifu-Rapid-Strike, L50, M, tera:Water|100\/100\n|move|p1a: Rillaboom|Fake Out|p2a: Arcanine\n|-resisted|p2a: Arcanine\n|-damage|p2a: Arcanine|72\/100\n|cant|p2a: Arcanine|flinch\n|move|p2b: Garganacl|Recover|p2b: Garganacl\n|-heal|p2b: Garganacl|100\/100\n|\n|-heal|p2a: Arcanine|78\/100|[from] Grassy Terrain\n|-heal|p1a: Rillaboom|73\/100|[from] Grassy Terrain\n|-damage|p1a: Rillaboom|61\/100|[from] Salt Cure\n|upkeep\n|turn|8\n|\n|t:|1699742236\n|switch|p1a: Arcanine|Arcanine-Hisui, L50, M, shiny|100\/100\n|-ability|p1a: Arcanine|Intimidate|boost\n|-unboost|p2a: Arcanine|atk|1\n|-unboost|p2b: Garganacl|atk|1\n|move|p2a: Arcanine|Extreme Speed|p1b: Urshifu\n|-damage|p1b: Urshifu|76\/100\n|move|p1b: Urshifu|Surging Strikes|p2b: Garganacl\n|-crit|p2b: Garganacl\n|-damage|p2b: Garganacl|77\/100\n|-crit|p2b: Garganacl\n|-damage|p2b: Garganacl|54\/100\n|-crit|p2b: Garganacl\n|-damage|p2b: Garganacl|31\/100\n|-enditem|p2b: Garganacl|Sitrus Berry|[eat]\n|-heal|p2b: Garganacl|56\/100|[from] item: Sitrus Berry\n|-hitcount|p2b: Garganacl|3\n|move|p2b: Garganacl|Salt Cure|p1b: Urshifu\n|-damage|p1b: Urshifu|69\/100\n|-start|p1b: Urshifu|Salt Cure\n|\n|-heal|p2a: Arcanine|84\/100|[from] Grassy Terrain\n|-heal|p1b: Urshifu|75\/100|[from] Grassy Terrain\n|-heal|p2b: Garganacl|61\/100|[from] Grassy Terrain\n|-damage|p1b: Urshifu|50\/100|[from] Salt Cure\n|upkeep\n|turn|9\n|\n|t:|1699742256\n|switch|p2a: Rillaboom|Rillaboom, L50, M|39\/100\n|move|p1a: Arcanine|Rock Slide|p2a: Rillaboom|[spread] p2a,p2b\n|-damage|p2a: Rillaboom|4\/100\n|-damage|p2b: Garganacl|36\/100\n|move|p1b: Urshifu|Surging Strikes|p2b: Garganacl\n|-crit|p2b: Garganacl\n|-damage|p2b: Garganacl|15\/100\n|-crit|p2b: Garganacl\n|-damage|p2b: Garganacl|0 fnt\n|faint|p2b: Garganacl\n|-hitcount|p2: Garganacl|2\n|\n|-heal|p1b: Urshifu|56\/100|[from] Grassy Terrain\n|-heal|p2a: Rillaboom|10\/100|[from] Grassy Terrain\n|-damage|p1b: Urshifu|31\/100|[from] Salt Cure\n|upkeep\n|\n|t:|1699742264\n|switch|p2b: Arcanine|Arcanine-Hisui, L50, F|84\/100\n|-ability|p2b: Arcanine|Intimidate|boost\n|-unboost|p1a: Arcanine|atk|1\n|-unboost|p1b: Urshifu|atk|1\n|turn|10\n|\n|t:|1699742271\n|switch|p1b: Rillaboom|Rillaboom, L50, M, shiny|61\/100\n|move|p2a: Rillaboom|Grassy Glide|p1b: Rillaboom\n|-resisted|p1b: Rillaboom\n|-damage|p1b: Rillaboom|40\/100\n|move|p2b: Arcanine|Rock Slide|p1a: Arcanine|[spread] p1a,p1b\n|-supereffective|p1a: Arcanine\n|-damage|p1a: Arcanine|2\/100\n|-damage|p1b: Rillaboom|0 fnt\n|faint|p1b: Rillaboom\n|move|p1a: Arcanine|Rock Slide|p2a: Rillaboom|[spread] p2b\n|-miss|p1a: Arcanine|p2a: Rillaboom\n|-supereffective|p2b: Arcanine\n|-damage|p2b: Arcanine|20\/100\n|\n|-heal|p2b: Arcanine|26\/100|[from] Grassy Terrain\n|-heal|p1a: Arcanine|8\/100|[from] Grassy Terrain\n|-heal|p2a: Rillaboom|15\/100|[from] Grassy Terrain\n|-fieldend|move: Grassy Terrain\n|upkeep\n|\n|t:|1699742284\n|switch|p1b: Urshifu|Urshifu-Rapid-Strike, L50, M, tera:Water|31\/100\n|turn|11\n|\n|t:|1699742296\n|move|p2b: Arcanine|Rock Slide|p1a: Arcanine|[spread] p1a,p1b\n|-supereffective|p1a: Arcanine\n|-damage|p1a: Arcanine|0 fnt\n|-damage|p1b: Urshifu|0 fnt\n|faint|p1a: Arcanine\n|faint|p1b: Urshifu\n|\n|win|Kizrhzk\n|raw|YoskinPataNegra's rating: 1232 &rarr; <strong>1201<\/strong><br \/>(-31 for losing)\n|raw|Kizrhzk's rating: 1149 &rarr; <strong>1180<\/strong><br \/>(+31 for winning)\n","uploadtime":1699742302,"views":13,"p1id":"yoskinpatanegra","p2id":"kizrhzk","formatid":"gen9vgc2023regulatione","rating":1180,"private":0,"password":""}