{"id":"gen9vgc2023regulatione-2000544374","p1":"Nakafuyu Yuki","p2":"Fireboule","format":"[Gen 9] VGC 2023 Regulation E","log":"|j|\u2606Nakafuyu Yuki\n|j|\u2606Fireboule\n|n|\u2606Nakafuyu Yuki|nakafuyuyuki\n|n|\u2606Fireboule|fireboule\n|html|View the match progress at <a href=\"\/game-bestof3-gen9vgc2023regulatione-2000544373\">game-bestof3-gen9vgc2023regulatione-2000544373<\/a>\n|t:|1701203944\n|gametype|doubles\n|player|p1|Nakafuyu Yuki|serena-masters3|\n|player|p2|Fireboule|265|\n|teamsize|p1|6\n|teamsize|p2|6\n|gen|9\n|tier|[Gen 9] VGC 2023 Regulation E\n|rule|Species Clause: Limit one of each Pok\u00e9mon\n|rule|Item Clause: Limit one of each item\n|clearpoke\n|poke|p1|Indeedee-F, L50, F|\n|poke|p1|Armarouge, L50, F|\n|poke|p1|Ursaluna, L50, F|\n|poke|p1|Gardevoir, L50, F|\n|poke|p1|Torkoal, L50, F|\n|poke|p1|Ogerpon-Wellspring, L50, F|\n|poke|p2|Arcanine-Hisui, L50, M|\n|poke|p2|Grimmsnarl, L50, M|\n|poke|p2|Okidogi, L50, M|\n|poke|p2|Gholdengo, L50|\n|poke|p2|Ogerpon-Wellspring, L50, F|\n|poke|p2|Iron Bundle, L50|\n|teampreview|4\n|inactive|Battle timer is ON: inactive players will automatically lose when time's up. (requested by Nakafuyu Yuki)\nFireboule has agreed to open team sheets.\nNakafuyu Yuki has agreed to open team sheets.\n|showteam|p1|Indeedee-F||PsychicSeed|PsychicSurge|DazzlingGleam,HelpingHand,FollowMe,TrickRoom|||F|||50|,,,,,Water]Armarouge||MindPlate|FlashFire|HeatWave,ExpandingForce,WideGuard,TrickRoom|||F|||50|,,,,,Grass]Ursaluna||FlameOrb|Guts|HeadlongRush,Earthquake,Facade,Protect|||F|||50|,,,,,Ghost]Gardevoir||LifeOrb|Telepathy|DazzlingGleam,Moonblast,TrickRoom,Protect|||F|||50|,,,,,Fairy]Torkoal||Charcoal|Drought|Eruption,HeatWave,EarthPower,Protect|||F|||50|,,,,,Fire]Ogerpon-Wellspring||WellspringMask|WaterAbsorb|IvyCudgel,WoodHammer,FollowMe,SpikyShield|||F|||50|,,,,,Water\n|showteam|p2|Arcanine-Hisui||AssaultVest|Intimidate|ExtremeSpeed,RockSlide,Snarl,FlareBlitz|||M|||50|,,,,,Dragon]Grimmsnarl||LightClay|Prankster|SpiritBreak,ThunderWave,Reflect,LightScreen|||M|||50|,,,,,Ghost]Okidogi||Leftovers|GuardDog|GunkShot,Protect,DrainPunch,BulkUp|||M|||50|,,,,,Fairy]Gholdengo||SitrusBerry|GoodasGold|MakeItRain,Protect,ShadowBall,NastyPlot||||||50|,,,,,Dragon]Ogerpon-Wellspring||WellspringMask|WaterAbsorb|FollowMe,HornLeech,IvyCudgel,SpikyShield|||F|||50|,,,,,Water]Iron Bundle||BoosterEnergy|QuarkDrive|Protect,ChillingWater,IcyWind,FreezeDry||||||50|,,,,,Grass\n|inactive|Fireboule has 30 seconds left.\n|inactive|Fireboule has 20 seconds left.\n|\n|t:|1701203988\n|start\n|switch|p1a: Indeedee|Indeedee-F, L50, F|100\/100\n|switch|p1b: Armarouge|Armarouge, L50, F|100\/100\n|switch|p2a: \u30a6\u30a4\u30f3\u30c7\u30a3|Arcanine-Hisui, L50, M|100\/100\n|switch|p2b: \u30aa\u30fc\u30ed\u30f3\u30b2|Grimmsnarl, L50, M, shiny|100\/100\n|-ability|p2a: \u30a6\u30a4\u30f3\u30c7\u30a3|Intimidate|boost\n|-unboost|p1a: Indeedee|atk|1\n|-unboost|p1b: Armarouge|atk|1\n|-fieldstart|move: Psychic Terrain|[from] ability: Psychic Surge|[of] p1a: Indeedee\n|-enditem|p1a: Indeedee|Psychic Seed\n|-boost|p1a: Indeedee|spd|1|[from] item: Psychic Seed\n|turn|1\n|\n|t:|1701204009\n|move|p1b: Armarouge|Wide Guard|p1b: Armarouge\n|-singleturn|p1b: Armarouge|Wide Guard\n|move|p2a: \u30a6\u30a4\u30f3\u30c7\u30a3|Snarl|p1b: Armarouge|[spread] \n|-activate|p1a: Indeedee|move: Wide Guard\n|-activate|p1b: Armarouge|move: Wide Guard\n|move|p2b: \u30aa\u30fc\u30ed\u30f3\u30b2|Spirit Break|p1b: Armarouge\n|-resisted|p1b: Armarouge\n|-damage|p1b: Armarouge|86\/100\n|-unboost|p1b: Armarouge|spa|1\n|move|p1a: Indeedee|Trick Room|p1a: Indeedee\n|-fieldstart|move: Trick Room|[of] p1a: Indeedee\n|\n|upkeep\n|turn|2\n|inactive|Nakafuyu Yuki has 30 seconds left.\n|\n|t:|1701204036\n|move|p1a: Indeedee|Follow Me|p1a: Indeedee\n|-singleturn|p1a: Indeedee|move: Follow Me\n|move|p2b: \u30aa\u30fc\u30ed\u30f3\u30b2|Light Screen|p2b: \u30aa\u30fc\u30ed\u30f3\u30b2\n|-sidestart|p2: Fireboule|move: Light Screen\n|move|p1b: Armarouge|Expanding Force|p2b: \u30aa\u30fc\u30ed\u30f3\u30b2|[spread] p2a\n|-immune|p2b: \u30aa\u30fc\u30ed\u30f3\u30b2\n|-damage|p2a: \u30a6\u30a4\u30f3\u30c7\u30a3|75\/100\n|move|p2a: \u30a6\u30a4\u30f3\u30c7\u30a3|Snarl|p1b: Armarouge|[spread] p1a,p1b\n|-supereffective|p1a: Indeedee\n|-supereffective|p1b: Armarouge\n|-damage|p1a: Indeedee|90\/100\n|-damage|p1b: Armarouge|69\/100\n|-unboost|p1a: Indeedee|spa|1\n|-unboost|p1b: Armarouge|spa|1\n|\n|upkeep\n|turn|3\n|\n|t:|1701204056\n|switch|p1b: Ursaluna|Ursaluna, L50, F|100\/100\n|move|p1a: Indeedee|Follow Me|p1a: Indeedee\n|-singleturn|p1a: Indeedee|move: Follow Me\n|move|p2b: \u30aa\u30fc\u30ed\u30f3\u30b2|Spirit Break|p1a: Indeedee\n|-damage|p1a: Indeedee|61\/100\n|-unboost|p1a: Indeedee|spa|1\n|move|p2a: \u30a6\u30a4\u30f3\u30c7\u30a3|Snarl|p1a: Indeedee|[spread] p1a,p1b\n|-supereffective|p1a: Indeedee\n|-damage|p1a: Indeedee|52\/100\n|-damage|p1b: Ursaluna|94\/100\n|-unboost|p1a: Indeedee|spa|1\n|-unboost|p1b: Ursaluna|spa|1\n|\n|-status|p1b: Ursaluna|brn|[from] item: Flame Orb\n|upkeep\n|turn|4\n|inactive|Fireboule has 30 seconds left.\n|inactive|Nakafuyu Yuki has 30 seconds left.\n|\n|t:|1701204091\n|-terastallize|p2a: \u30a6\u30a4\u30f3\u30c7\u30a3|Dragon\n|move|p1a: Indeedee|Helping Hand|p1b: Ursaluna\n|-singleturn|p1b: Ursaluna|Helping Hand|[of] p1a: Indeedee\n|move|p2b: \u30aa\u30fc\u30ed\u30f3\u30b2|Reflect|p2b: \u30aa\u30fc\u30ed\u30f3\u30b2\n|-sidestart|p2: Fireboule|Reflect\n|move|p1b: Ursaluna|Facade|p2b: \u30aa\u30fc\u30ed\u30f3\u30b2\n|-damage|p2b: \u30aa\u30fc\u30ed\u30f3\u30b2|0 fnt\n|faint|p2b: \u30aa\u30fc\u30ed\u30f3\u30b2\n|move|p2a: \u30a6\u30a4\u30f3\u30c7\u30a3|Flare Blitz|p1b: Ursaluna\n|-damage|p1b: Ursaluna|48\/100 brn\n|-damage|p2a: \u30a6\u30a4\u30f3\u30c7\u30a3|56\/100|[from] Recoil\n|\n|-damage|p1b: Ursaluna|42\/100 brn|[from] brn\n|upkeep\n|\n|t:|1701204108\n|switch|p2b: Ogerpon|Ogerpon-Wellspring, L50, F|100\/100\n|turn|5\n|\n|t:|1701204127\n|move|p1a: Indeedee|Helping Hand|p1b: Ursaluna\n|-singleturn|p1b: Ursaluna|Helping Hand|[of] p1a: Indeedee\n|move|p2b: Ogerpon|Spiky Shield|p2b: Ogerpon\n|-singleturn|p2b: Ogerpon|move: Protect\n|move|p1b: Ursaluna|Facade|p2a: \u30a6\u30a4\u30f3\u30c7\u30a3\n|-damage|p2a: \u30a6\u30a4\u30f3\u30c7\u30a3|0 fnt\n|faint|p2a: \u30a6\u30a4\u30f3\u30c7\u30a3\n|\n|-damage|p1b: Ursaluna|36\/100 brn|[from] brn\n|-fieldend|move: Trick Room\n|-fieldend|move: Psychic Terrain\n|upkeep\n|\n|t:|1701204137\n|switch|p2a: Gholdengo|Gholdengo, L50|100\/100\n|turn|6\n|\n|t:|1701204154\n|switch|p1b: Armarouge|Armarouge, L50, F|69\/100\n|-terastallize|p1a: Indeedee|Water\n|move|p1a: Indeedee|Follow Me|p1a: Indeedee\n|-singleturn|p1a: Indeedee|move: Follow Me\n|move|p2b: Ogerpon|Ivy Cudgel|p1a: Indeedee|[anim] Ivy Cudgel Water\n|-resisted|p1a: Indeedee\n|-damage|p1a: Indeedee|24\/100\n|move|p2a: Gholdengo|Make It Rain|p1b: Armarouge|[spread] p1a,p1b\n|-resisted|p1a: Indeedee\n|-resisted|p1b: Armarouge\n|-damage|p1a: Indeedee|9\/100\n|-damage|p1b: Armarouge|45\/100\n|-unboost|p2a: Gholdengo|spa|1\n|\n|upkeep\n|turn|7\n|\n|t:|1701204178\n|move|p1a: Indeedee|Follow Me|p1a: Indeedee\n|-singleturn|p1a: Indeedee|move: Follow Me\n|move|p2b: Ogerpon|Ivy Cudgel|p1a: Indeedee|[anim] Ivy Cudgel Water\n|-resisted|p1a: Indeedee\n|-crit|p1a: Indeedee\n|-damage|p1a: Indeedee|0 fnt\n|faint|p1a: Indeedee\n|move|p2a: Gholdengo|Shadow Ball|p1b: Armarouge\n|-supereffective|p1b: Armarouge\n|-damage|p1b: Armarouge|0 fnt\n|faint|p1b: Armarouge\n|\n|upkeep\n|\n|t:|1701204180\n|switch|p1a: Torkoal|Torkoal, L50, F|100\/100\n|switch|p1b: Ursaluna|Ursaluna, L50, F|36\/100 brn\n|-weather|SunnyDay|[from] ability: Drought|[of] p1a: Torkoal\n|turn|8\n|inactive|Nakafuyu Yuki has 30 seconds left.\n|\n|t:|1701204207\n|move|p2b: Ogerpon|Horn Leech|p1b: Ursaluna\n|-supereffective|p1b: Ursaluna\n|-damage|p1b: Ursaluna|0 fnt\n|faint|p1b: Ursaluna\n|move|p2a: Gholdengo|Shadow Ball|p1a: Torkoal\n|-damage|p1a: Torkoal|63\/100\n|move|p1a: Torkoal|Heat Wave|p2b: Ogerpon|[spread] p2a,p2b\n|-supereffective|p2a: Gholdengo\n|-damage|p2a: Gholdengo|16\/100\n|-damage|p2b: Ogerpon|54\/100\n|-enditem|p2a: Gholdengo|Sitrus Berry|[eat]\n|-heal|p2a: Gholdengo|41\/100|[from] item: Sitrus Berry\n|\n|-weather|SunnyDay|[upkeep]\n|upkeep\n|turn|9\n|\n|t:|1701204222\n|move|p2b: Ogerpon|Ivy Cudgel|p1a: Torkoal|[anim] Ivy Cudgel Water\n|-supereffective|p1a: Torkoal\n|-damage|p1a: Torkoal|19\/100\n|move|p2a: Gholdengo|Shadow Ball|p1a: Torkoal\n|-damage|p1a: Torkoal|0 fnt\n|faint|p1a: Torkoal\n|\n|win|Fireboule\n|c|&|\/uhtml prompt-nakafuyuyuki,Nakafuyu Yuki is ready for game 2!\n|c|&|\/uhtml prompt-fireboule,Fireboule is ready for game 2!\nBoth players are ready! Starting next match!\n","uploadtime":1701204561,"views":1,"p1id":"nakafuyuyuki","p2id":"fireboule","formatid":"gen9vgc2023regulatione","rating":0,"private":0,"password":""}