{"id":"gen9vgc2023regulatione-1988854603","p1":"kamebri","p2":"5Ssreen","format":"[Gen 9] VGC 2023 Regulation E","log":"|j|\u2606kamebri\n|j|\u26065Ssreen\n|t:|1699774478\n|gametype|doubles\n|player|p1|kamebri|benga|1076\n|player|p2|5Ssreen|266|1044\n|teamsize|p1|6\n|teamsize|p2|6\n|gen|9\n|tier|[Gen 9] VGC 2023 Regulation E\n|rated|\n|rule|Species Clause: Limit one of each Pok\u00e9mon\n|rule|Item Clause: Limit one of each item\n|clearpoke\n|poke|p1|Landorus-Therian, L50, M|\n|poke|p1|Iron Hands, L50|\n|poke|p1|Ogerpon-Wellspring, L50, F|\n|poke|p1|Heatran, L50, M|\n|poke|p1|Sinistcha-Masterpiece, L50|\n|poke|p1|Kommo-o, L50, M|\n|poke|p2|Annihilape, L50, F|\n|poke|p2|Sinistcha, L50|\n|poke|p2|Grimmsnarl, L50, M|\n|poke|p2|Landorus-Therian, L50, M|\n|poke|p2|Bellibolt, L50, M|\n|poke|p2|Corviknight, L50, M|\n|teampreview|4\n|inactive|Battle timer is ON: inactive players will automatically lose when time's up. (requested by kamebri)\n|inactive|kamebri has 60 seconds left.\n|\n|t:|1699774515\n|start\n|switch|p1a: Iron Hands|Iron Hands, L50|100\/100\n|switch|p1b: Kommo-o|Kommo-o, L50, M|100\/100\n|switch|p2a: Grimmsnarl|Grimmsnarl, L50, M, shiny|100\/100\n|switch|p2b: Annihilape|Annihilape, L50, F|100\/100\n|turn|1\n|\n|t:|1699774539\n|move|p1a: Iron Hands|Fake Out|p2a: Grimmsnarl\n|-damage|p2a: Grimmsnarl|84\/100\n|cant|p2a: Grimmsnarl|flinch\n|move|p2b: Annihilape|Bulk Up|p2b: Annihilape\n|-boost|p2b: Annihilape|atk|1\n|-boost|p2b: Annihilape|def|1\n|move|p1b: Kommo-o|Clangorous Soul|p1b: Kommo-o\n|-boost|p1b: Kommo-o|atk|1\n|-boost|p1b: Kommo-o|def|1\n|-boost|p1b: Kommo-o|spa|1\n|-boost|p1b: Kommo-o|spd|1\n|-boost|p1b: Kommo-o|spe|1\n|-damage|p1b: Kommo-o|68\/100\n|-enditem|p1b: Kommo-o|Throat Spray\n|-boost|p1b: Kommo-o|spa|1|[from] item: Throat Spray\n|\n|upkeep\n|turn|2\n|inactive|5Ssreen has 30 seconds left.\n|inactive|5Ssreen has 20 seconds left.\n|inactive|5Ssreen has 15 seconds left.\n|\n|t:|1699774582\n|move|p2a: Grimmsnarl|Parting Shot|p1b: Kommo-o\n|-unboost|p1b: Kommo-o|atk|1\n|-unboost|p1b: Kommo-o|spa|1\n|\n|t:|1699774586\n|switch|p2a: Landorus|Landorus-Therian, L50, M|100\/100|[from] Parting Shot\n|-ability|p2a: Landorus|Intimidate|boost\n|-unboost|p1a: Iron Hands|atk|1\n|-unboost|p1b: Kommo-o|atk|1\n|move|p1b: Kommo-o|Clanging Scales|p2b: Annihilape|[spread] p2a,p2b\n|-damage|p2a: Landorus|28\/100\n|-damage|p2b: Annihilape|53\/100\n|-unboost|p1b: Kommo-o|def|1\n|move|p2b: Annihilape|Drain Punch|p1b: Kommo-o\n|-damage|p1b: Kommo-o|20\/100\n|-heal|p2b: Annihilape|74\/100|[from] drain|[of] p1b: Kommo-o\n|move|p1a: Iron Hands|Heavy Slam|p2a: Landorus\n|-damage|p2a: Landorus|0 fnt\n|faint|p2a: Landorus\n|\n|-heal|p2b: Annihilape|80\/100|[from] item: Leftovers\n|upkeep\n|\n|t:|1699774608\n|switch|p2a: Grimmsnarl|Grimmsnarl, L50, M, shiny|84\/100\n|turn|3\n|\n|t:|1699774621\n|move|p1b: Kommo-o|Protect|p1b: Kommo-o\n|-singleturn|p1b: Kommo-o|Protect\n|move|p2a: Grimmsnarl|Reflect|p2a: Grimmsnarl\n|-sidestart|p2: 5Ssreen|Reflect\n|move|p2b: Annihilape|Drain Punch|p1b: Kommo-o\n|-activate|p1b: Kommo-o|move: Protect\n|move|p1a: Iron Hands|Volt Switch|p2a: Grimmsnarl\n|-damage|p2a: Grimmsnarl|74\/100\n|\n|t:|1699774630\n|-end|p1a: Iron Hands|Quark Drive|[silent]\n|switch|p1a: Sinistcha|Sinistcha-Masterpiece, L50, shiny|100\/100|[from] Volt Switch\n|-heal|p1b: Kommo-o|44\/100|[from] ability: Hospitality|[of] p1a: Sinistcha\n|\n|-heal|p2b: Annihilape|87\/100|[from] item: Leftovers\n|upkeep\n|turn|4\n|\n|t:|1699774649\n|-terastallize|p2b: Annihilape|Fire\n|move|p2a: Grimmsnarl|Parting Shot|p1b: Kommo-o\n|-unboost|p1b: Kommo-o|atk|1\n|-unboost|p1b: Kommo-o|spa|1\n|\n|t:|1699774654\n|switch|p2a: Sinistcha|Sinistcha, L50|100\/100|[from] Parting Shot\n|-heal|p2b: Annihilape|100\/100|[from] ability: Hospitality|[of] p2a: Sinistcha\n|move|p1b: Kommo-o|Clanging Scales|p2b: Annihilape|[spread] p2a,p2b\n|-damage|p2a: Sinistcha|60\/100\n|-damage|p2b: Annihilape|70\/100\n|-unboost|p1b: Kommo-o|def|1\n|move|p2b: Annihilape|Drain Punch|p1b: Kommo-o\n|-damage|p1b: Kommo-o|0 fnt\n|-heal|p2b: Annihilape|89\/100|[from] drain|[of] p1b: Kommo-o\n|faint|p1b: Kommo-o\n|move|p1a: Sinistcha|Shadow Ball|p2b: Annihilape\n|-damage|p2b: Annihilape|65\/100\n|\n|-heal|p2b: Annihilape|71\/100|[from] item: Leftovers\n|upkeep\n|\n|t:|1699774673\n|switch|p1b: Iron Hands|Iron Hands, L50|100\/100\n|turn|5\n|\n|t:|1699774687\n|-terastallize|p1a: Sinistcha|Fire\n|move|p2b: Annihilape|Protect|p2b: Annihilape\n|-singleturn|p2b: Annihilape|Protect\n|move|p2a: Sinistcha|Protect|p2a: Sinistcha\n|-singleturn|p2a: Sinistcha|Protect\n|move|p1b: Iron Hands|Fake Out|p2b: Annihilape\n|-activate|p2b: Annihilape|move: Protect\n|move|p1a: Sinistcha|Shadow Ball|p2a: Sinistcha\n|-activate|p2a: Sinistcha|move: Protect\n|\n|-heal|p2b: Annihilape|77\/100|[from] item: Leftovers\n|upkeep\n|turn|6\n|inactive|kamebri has 30 seconds left.\n|inactive|5Ssreen has 30 seconds left.\n|inactive|kamebri has 20 seconds left.\n|inactive|kamebri has 15 seconds left.\n|\n|t:|1699774731\n|switch|p2a: Grimmsnarl|Grimmsnarl, L50, M, shiny|74\/100\n|move|p2b: Annihilape|Rage Fist|p1b: Iron Hands\n|-damage|p1b: Iron Hands|5\/100\n|move|p1a: Sinistcha|Shadow Ball|p2a: Grimmsnarl\n|-resisted|p2a: Grimmsnarl\n|-damage|p2a: Grimmsnarl|60\/100\n|move|p1b: Iron Hands|Drain Punch|p2b: Annihilape\n|-damage|p2b: Annihilape|59\/100\n|-heal|p1b: Iron Hands|13\/100|[from] drain|[of] p2b: Annihilape\n|\n|-heal|p2b: Annihilape|65\/100|[from] item: Leftovers\n|upkeep\n|turn|7\n|inactive|5Ssreen has 30 seconds left.\n|\n|t:|1699774761\n|move|p1a: Sinistcha|Rage Powder|p1a: Sinistcha\n|-singleturn|p1a: Sinistcha|move: Rage Powder\n|move|p2a: Grimmsnarl|Parting Shot|p1a: Sinistcha\n|-unboost|p1a: Sinistcha|atk|1\n|-unboost|p1a: Sinistcha|spa|1\n|\n|t:|1699774769\n|switch|p2a: Sinistcha|Sinistcha, L50|60\/100|[from] Parting Shot\n|-heal|p2b: Annihilape|90\/100|[from] ability: Hospitality|[of] p2a: Sinistcha\n|move|p2b: Annihilape|Drain Punch|p1a: Sinistcha\n|-damage|p1a: Sinistcha|62\/100\n|-heal|p2b: Annihilape|100\/100|[from] drain|[of] p1a: Sinistcha\n|move|p1b: Iron Hands|Drain Punch|p2a: Sinistcha\n|-immune|p2a: Sinistcha\n|\n|upkeep\n|turn|8\n|inactive|kamebri has 30 seconds left.\n|\n|t:|1699774799\n|switch|p2a: Grimmsnarl|Grimmsnarl, L50, M, shiny|60\/100\n|move|p2b: Annihilape|Rage Fist|p1b: Iron Hands\n|-damage|p1b: Iron Hands|0 fnt\n|faint|p1b: Iron Hands\n|-end|p1b: Iron Hands|Quark Drive|[silent]\n|move|p1a: Sinistcha|Shadow Ball|p2a: Grimmsnarl\n|-resisted|p2a: Grimmsnarl\n|-damage|p2a: Grimmsnarl|51\/100\n|\n|upkeep\n|\n|t:|1699774804\n|switch|p1b: Ogerpon|Ogerpon-Wellspring, L50, F|100\/100\n|turn|9\n|\n|t:|1699774825\n|move|p2b: Annihilape|Protect|p2b: Annihilape\n|-singleturn|p2b: Annihilape|Protect\n|move|p1a: Sinistcha|Rage Powder|p1a: Sinistcha\n|-singleturn|p1a: Sinistcha|move: Rage Powder\n|move|p2a: Grimmsnarl|Parting Shot|p1a: Sinistcha\n|-unboost|p1a: Sinistcha|atk|1\n|-unboost|p1a: Sinistcha|spa|1\n|\n|t:|1699774833\n|switch|p2a: Sinistcha|Sinistcha, L50|60\/100|[from] Parting Shot\n|move|p1b: Ogerpon|Ivy Cudgel|p2b: Annihilape\n|-activate|p2b: Annihilape|move: Protect\n|\n|upkeep\n|turn|10\n|inactive|5Ssreen has 30 seconds left.\n|inactive|5Ssreen has 20 seconds left.\n|inactive|5Ssreen has 15 seconds left.\n|\n|t:|1699774874\n|move|p1b: Ogerpon|Ivy Cudgel|p2b: Annihilape\n|-supereffective|p2b: Annihilape\n|-damage|p2b: Annihilape|42\/100\n|move|p2b: Annihilape|Rage Fist|p1b: Ogerpon\n|-damage|p1b: Ogerpon|0 fnt\n|faint|p1b: Ogerpon\n|move|p2a: Sinistcha|Matcha Gotcha|p1a: Sinistcha\n|-resisted|p1a: Sinistcha\n|-damage|p1a: Sinistcha|45\/100\n|-heal|p2a: Sinistcha|68\/100|[from] drain|[of] p1a: Sinistcha\n|move|p1a: Sinistcha|Matcha Gotcha|p2b: Annihilape|[spread] \n|-miss|p1a: Sinistcha|p2a: Sinistcha\n|-miss|p1a: Sinistcha|p2b: Annihilape\n|\n|-heal|p2b: Annihilape|49\/100|[from] item: Leftovers\n|-sideend|p2: 5Ssreen|Reflect\n|upkeep\n|turn|11\n|-message|kamebri forfeited.\n|\n|win|5Ssreen\n|raw|kamebri's rating: 1076 &rarr; <strong>1053<\/strong><br \/>(-23 for losing)\n|raw|5Ssreen's rating: 1044 &rarr; <strong>1080<\/strong><br \/>(+36 for winning)\n|l|\u2606kamebri\n","uploadtime":1699774898,"views":34,"p1id":"kamebri","p2id":"5ssreen","formatid":"gen9vgc2023regulatione","rating":1053,"private":0,"password":""}