{"id":"gen9vgc2023regulatione-1995131397","p1":"GforGamer","p2":"chriscanway","format":"[Gen 9] VGC 2023 Regulation E","log":"|j|\u2606GforGamer\n|j|\u2606chriscanway\n|t:|1700526040\n|gametype|doubles\n|player|p1|GforGamer|palmer|\n|player|p2|chriscanway|ethan|\n|teamsize|p1|6\n|teamsize|p2|6\n|gen|9\n|tier|[Gen 9] VGC 2023 Regulation E\n|rule|Species Clause: Limit one of each Pok\u00e9mon\n|rule|Item Clause: Limit one of each item\n|clearpoke\n|poke|p1|Flutter Mane, L50|\n|poke|p1|Heatran, L50, F|\n|poke|p1|Ogerpon-Wellspring, L50, F|\n|poke|p1|Iron Hands, L50|\n|poke|p1|Landorus-Therian, L50, M|\n|poke|p1|Gholdengo, L50|\n|poke|p2|Tornadus, L50, M|\n|poke|p2|Ogerpon-Wellspring, L50, F|\n|poke|p2|Iron Hands, L50|\n|poke|p2|Arcanine-Hisui, L50, F|\n|poke|p2|Urshifu-*, L50, M|\n|poke|p2|Landorus-Therian, L50, M|\n|teampreview|4\n|inactive|Battle timer is ON: inactive players will automatically lose when time's up. (requested by GforGamer)\nGforGamer has agreed to open team sheets.\n|j| babiwi bewey\u2714\ufe0f\n|\n|t:|1700526072\n|start\n|switch|p1a: Landorus|Landorus-Therian, L50, M|100\/100\n|switch|p1b: Iron Hands|Iron Hands, L50|100\/100\n|switch|p2a: Tornadus|Tornadus, L50, M|100\/100\n|switch|p2b: Landorus|Landorus-Therian, L50, M|100\/100\n|-ability|p1a: Landorus|Intimidate|boost\n|-unboost|p2a: Tornadus|atk|1\n|-unboost|p2b: Landorus|atk|1\n|-ability|p2b: Landorus|Intimidate|boost\n|-unboost|p1a: Landorus|atk|1\n|-unboost|p1b: Iron Hands|atk|1\n|turn|1\n|inactive|chriscanway has 30 seconds left.\n|inactive|GforGamer has 30 seconds left.\n|inactive|chriscanway has 20 seconds left.\n|j| quarters_ou\n|inactive|chriscanway has 15 seconds left.\n|inactive|chriscanway has 10 seconds left.\n|inactive|chriscanway has 5 seconds left.\n|\n|t:|1700526124\n|switch|p2b: Ogerpon|Ogerpon-Wellspring, L50, F|100\/100\n|move|p2a: Tornadus|Tailwind|p2a: Tornadus\n|-sidestart|p2: chriscanway|move: Tailwind\n|move|p1a: Landorus|Rock Slide|p2b: Ogerpon|[spread] p2a,p2b\n|-supereffective|p2a: Tornadus\n|-damage|p2a: Tornadus|62\/100\n|-damage|p2b: Ogerpon|86\/100\n|move|p1b: Iron Hands|Drain Punch|p2b: Ogerpon\n|-damage|p2b: Ogerpon|57\/100\n|\n|upkeep\n|turn|2\n|\n|t:|1700526145\n|switch|p1a: Ogerpon|Ogerpon-Wellspring, L50, F|100\/100\n|move|p2a: Tornadus|Icy Wind|p1b: Iron Hands|[spread] p1a,p1b\n|-damage|p1a: Ogerpon|86\/100\n|-damage|p1b: Iron Hands|93\/100\n|-unboost|p1a: Ogerpon|spe|1\n|-unboost|p1b: Iron Hands|spe|1\n|move|p2b: Ogerpon|Horn Leech|p1b: Iron Hands\n|-damage|p1b: Iron Hands|64\/100\n|-heal|p2b: Ogerpon|76\/100|[from] drain|[of] p1b: Iron Hands\n|move|p1b: Iron Hands|Wild Charge|p2b: Ogerpon\n|-damage|p2b: Ogerpon|45\/100\n|-damage|p1b: Iron Hands|57\/100|[from] Recoil\n|\n|upkeep\n|turn|3\n|\n|t:|1700526169\n|-end|p1b: Iron Hands|Quark Drive|[silent]\n|switch|p1b: Landorus|Landorus-Therian, L50, M|100\/100\n|-ability|p1b: Landorus|Intimidate|boost\n|-unboost|p2a: Tornadus|atk|1\n|-unboost|p2b: Ogerpon|atk|1\n|move|p2a: Tornadus|Bleakwind Storm|p1b: Landorus|[spread] p1a,p1b\n|-supereffective|p1a: Ogerpon\n|-damage|p1a: Ogerpon|22\/100\n|-damage|p1b: Landorus|56\/100\n|move|p2b: Ogerpon|Horn Leech|p1a: Ogerpon\n|-damage|p1a: Ogerpon|0 fnt\n|-heal|p2b: Ogerpon|56\/100|[from] drain|[of] p1a: Ogerpon\n|faint|p1a: Ogerpon\n|\n|upkeep\n|\n|t:|1700526182\n|switch|p1a: Gholdengo|Gholdengo, L50|100\/100\n|turn|4\n|\n|t:|1700526196\n|switch|p2a: Urshifu|Urshifu, L50, M|100\/100\n|move|p2b: Ogerpon|Ivy Cudgel|p1b: Landorus|[anim] Ivy Cudgel Water\n|-supereffective|p1b: Landorus\n|-crit|p1b: Landorus\n|-damage|p1b: Landorus|0 fnt\n|faint|p1b: Landorus\n|move|p1a: Gholdengo|Nasty Plot|p1a: Gholdengo\n|-boost|p1a: Gholdengo|spa|2\n|\n|-sideend|p2: chriscanway|move: Tailwind\n|upkeep\n|\n|t:|1700526202\n|switch|p1b: Iron Hands|Iron Hands, L50|57\/100\n|turn|5\n|\n|t:|1700526208\n|move|p2a: Urshifu|Detect|p2a: Urshifu\n|-singleturn|p2a: Urshifu|Protect\n|move|p1b: Iron Hands|Fake Out|p2a: Urshifu\n|-activate|p2a: Urshifu|move: Protect\n|move|p2b: Ogerpon|Ivy Cudgel|p1b: Iron Hands|[anim] Ivy Cudgel Water\n|-damage|p1b: Iron Hands|31\/100\n|move|p1a: Gholdengo|Make It Rain|p2a: Urshifu|[spread] p2b\n|-activate|p2a: Urshifu|move: Protect\n|-resisted|p2b: Ogerpon\n|-damage|p2b: Ogerpon|12\/100\n|-unboost|p1a: Gholdengo|spa|1\n|\n|upkeep\n|turn|6\n|\n|t:|1700526223\n|-terastallize|p1a: Gholdengo|Dragon\n|move|p2a: Urshifu|Wicked Blow|p1a: Gholdengo\n|-crit|p1a: Gholdengo\n|-damage|p1a: Gholdengo|34\/100\n|move|p2b: Ogerpon|Ivy Cudgel|p1b: Iron Hands|[anim] Ivy Cudgel Water\n|-damage|p1b: Iron Hands|4\/100\n|move|p1a: Gholdengo|Make It Rain|p2a: Urshifu|[spread] p2a,p2b\n|-resisted|p2b: Ogerpon\n|-enditem|p2a: Urshifu|Focus Sash\n|-damage|p2a: Urshifu|1\/100\n|-damage|p2b: Ogerpon|0 fnt\n|-unboost|p1a: Gholdengo|spa|1\n|faint|p2b: Ogerpon\n|move|p1b: Iron Hands|Drain Punch|p2a: Urshifu\n|-supereffective|p2a: Urshifu\n|-damage|p2a: Urshifu|0 fnt\n|-heal|p1b: Iron Hands|4\/100|[from] drain|[of] p2a: Urshifu\n|faint|p2a: Urshifu\n|\n|-heal|p1a: Gholdengo|39\/100|[from] item: Leftovers\n|upkeep\n|\n|t:|1700526236\n|switch|p2a: Tornadus|Tornadus, L50, M|62\/100\n|switch|p2b: Landorus|Landorus-Therian, L50, M|100\/100\n|-ability|p2b: Landorus|Intimidate|boost\n|-unboost|p1a: Gholdengo|atk|1\n|-unboost|p1b: Iron Hands|atk|1\n|turn|7\n|\n|t:|1700526246\n|-terastallize|p2b: Landorus|Flying\n|move|p1a: Gholdengo|Protect|p1a: Gholdengo\n|-singleturn|p1a: Gholdengo|Protect\n|move|p2b: Landorus|Tera Blast|p1a: Gholdengo|[anim] Tera Blast Flying\n|-activate|p1a: Gholdengo|move: Protect\n|move|p2a: Tornadus|Icy Wind|p1a: Gholdengo|[spread] p1b\n|-activate|p1a: Gholdengo|move: Protect\n|-damage|p1b: Iron Hands|0 fnt\n|faint|p1b: Iron Hands\n|-end|p1b: Iron Hands|Quark Drive|[silent]\n|\n|-heal|p1a: Gholdengo|45\/100|[from] item: Leftovers\n|upkeep\n|turn|8\n|\n|t:|1700526259\n|move|p2b: Landorus|Tera Blast|p1a: Gholdengo|[anim] Tera Blast Flying\n|-damage|p1a: Gholdengo|0 fnt\n|faint|p1a: Gholdengo\n|\n|win|chriscanway\n|c|\u2606GforGamer|gg\n","uploadtime":1700526265,"views":4,"p1id":"gforgamer","p2id":"chriscanway","formatid":"gen9vgc2023regulatione","rating":0,"private":0,"password":""}