{"id":"gen9vgc2023regulatione-2000137179","p1":"Faanggg","p2":"CLODMAN","format":"[Gen 9] VGC 2023 Regulation E","log":"|j|\u2606Faanggg\n|j|\u2606CLODMAN\n|t:|1701161372\n|gametype|doubles\n|player|p1|Faanggg|red|1067\n|player|p2|CLODMAN|266|1000\n|teamsize|p1|6\n|teamsize|p2|6\n|gen|9\n|tier|[Gen 9] VGC 2023 Regulation E\n|rated|\n|rule|Species Clause: Limit one of each Pok\u00e9mon\n|rule|Item Clause: Limit one of each item\n|clearpoke\n|poke|p1|Noivern, L50, F|\n|poke|p1|Garchomp, L50, F|\n|poke|p1|Rotom-Wash, L50|\n|poke|p1|Gardevoir, L50, M|\n|poke|p1|Annihilape, L50, M|\n|poke|p1|Espathra, L50, M|\n|poke|p2|Baxcalibur, L50, M|\n|poke|p2|Ninetales-Alola, L50, M|\n|poke|p2|Heatran, L50, F|\n|poke|p2|Ogerpon-Wellspring, L50, F|\n|poke|p2|Landorus-Therian, L50, M|\n|poke|p2|Iron Hands, L50|\n|teampreview|4\n|\n|t:|1701161389\n|start\n|switch|p1a: Noivern|Noivern, L50, F|100\/100\n|switch|p1b: Annihilape|Annihilape, L50, M|100\/100\n|switch|p2a: Heatran|Heatran, L50, F|100\/100\n|switch|p2b: Landorus|Landorus-Therian, L50, M|100\/100\n|-ability|p2b: Landorus|Intimidate|boost\n|-unboost|p1a: Noivern|atk|1\n|-unboost|p1b: Annihilape|atk|1\n|-ability|p1b: Annihilape|Defiant|boost\n|-boost|p1b: Annihilape|atk|2\n|turn|1\n|\n|t:|1701161431\n|move|p2a: Heatran|Protect|p2a: Heatran\n|-singleturn|p2a: Heatran|Protect\n|move|p1b: Annihilape|Earthquake|p2b: Landorus|[spread] \n|-activate|p2a: Heatran|move: Protect\n|-activate|p1a: Noivern|ability: Telepathy\n|-immune|p2b: Landorus\n|move|p2b: Landorus|Stomping Tantrum|p1b: Annihilape\n|-damage|p1b: Annihilape|54\/100\n|move|p1a: Noivern|Tailwind|p1a: Noivern\n|-sidestart|p1: Faanggg|move: Tailwind\n|\n|upkeep\n|turn|2\n|\n|t:|1701161458\n|-terastallize|p1a: Noivern|Normal\n|move|p1b: Annihilape|Earthquake|p2a: Heatran|[spread] p2a\n|-activate|p1a: Noivern|ability: Telepathy\n|-immune|p2b: Landorus\n|-supereffective|p2a: Heatran\n|-damage|p2a: Heatran|0 fnt\n|faint|p2a: Heatran\n|move|p1a: Noivern|Boomburst|p2b: Landorus|[spread] p2b\n|-immune|p1b: Annihilape\n|-damage|p2b: Landorus|34\/100\n|move|p2b: Landorus|Stomping Tantrum|p1b: Annihilape\n|-damage|p1b: Annihilape|5\/100\n|\n|upkeep\n|\n|t:|1701161473\n|switch|p2a: Ogerpon|Ogerpon-Wellspring, L50, F|100\/100\n|turn|3\n|\n|t:|1701161491\n|switch|p1b: Rotom|Rotom-Wash, L50|100\/100\n|-terastallize|p2a: Ogerpon|Water\n|detailschange|p2a: Ogerpon|Ogerpon-Wellspring-Tera, L50, F, tera:Water\n|-ability|p2a: Ogerpon|Embody Aspect (Wellspring)|boost\n|-boost|p2a: Ogerpon|spd|1\n|move|p2a: Ogerpon|Spiky Shield|p2a: Ogerpon\n|-singleturn|p2a: Ogerpon|move: Protect\n|move|p1a: Noivern|Boomburst|p2a: Ogerpon|[spread] p1b,p2b\n|-activate|p2a: Ogerpon|move: Protect\n|-damage|p1b: Rotom|57\/100\n|-damage|p2b: Landorus|0 fnt\n|faint|p2b: Landorus\n|\n|upkeep\n|\n|t:|1701161506\n|switch|p2b: Iron Hands|Iron Hands, L50|100\/100\n|turn|4\n|\n|t:|1701161525\n|move|p2b: Iron Hands|Fake Out|p1a: Noivern\n|-damage|p1a: Noivern|82\/100\n|cant|p1a: Noivern|flinch\n|move|p1b: Rotom|Dark Pulse|p2b: Iron Hands\n|-resisted|p2b: Iron Hands\n|-damage|p2b: Iron Hands|94\/100\n|move|p2a: Ogerpon|Horn Leech|p1b: Rotom\n|-supereffective|p1b: Rotom\n|-damage|p1b: Rotom|0 fnt\n|faint|p1b: Rotom\n|\n|-sideend|p1: Faanggg|move: Tailwind\n|upkeep\n|\n|t:|1701161540\n|switch|p1b: Annihilape|Annihilape, L50, M|5\/100\n|turn|5\n|\n|t:|1701161561\n|move|p1b: Annihilape|Final Gambit|p2a: Ogerpon\n|-damage|p2a: Ogerpon|95\/100\n|faint|p1b: Annihilape\n|move|p1a: Noivern|Hurricane|p2b: Iron Hands\n|-damage|p2b: Iron Hands|67\/100\n|-start|p2b: Iron Hands|confusion\n|move|p2a: Ogerpon|Ivy Cudgel|p1a: Noivern|[anim] Ivy Cudgel Water\n|-damage|p1a: Noivern|0 fnt\n|faint|p1a: Noivern\n|-activate|p2b: Iron Hands|confusion\n|move|p2b: Iron Hands|Drain Punch|p1: Noivern|[notarget]\n|-fail|p2b: Iron Hands\n|\n|upkeep\n|\n|t:|1701161583\n|switch|p1b: Garchomp|Garchomp, L50, F|100\/100\n|turn|6\n|\n|t:|1701161590\n|move|p1b: Garchomp|Dragon Claw|p2a: Ogerpon\n|-damage|p2a: Ogerpon|31\/100\n|-damage|p1b: Garchomp|91\/100|[from] item: Life Orb\n|move|p2a: Ogerpon|Ivy Cudgel|p1b: Garchomp|[anim] Ivy Cudgel Water\n|-damage|p1b: Garchomp|11\/100\n|-activate|p2b: Iron Hands|confusion\n|-damage|p2b: Iron Hands|55\/100|[from] confusion\n|\n|upkeep\n|turn|7\n|\n|t:|1701161613\n|move|p1b: Garchomp|Dragon Claw|p2a: Ogerpon\n|-crit|p2a: Ogerpon\n|-damage|p2a: Ogerpon|0 fnt\n|faint|p2a: Ogerpon\n|-damage|p1b: Garchomp|2\/100|[from] item: Life Orb\n|-activate|p2b: Iron Hands|confusion\n|-damage|p2b: Iron Hands|43\/100|[from] confusion\n|\n|upkeep\n|turn|8\n|\n|t:|1701161631\n|move|p1b: Garchomp|Earthquake|p2b: Iron Hands\n|-supereffective|p2b: Iron Hands\n|-damage|p2b: Iron Hands|0 fnt\n|faint|p2b: Iron Hands\n|-end|p2b: Iron Hands|Quark Drive|[silent]\n|-damage|p1b: Garchomp|0 fnt|[from] item: Life Orb\n|faint|p1b: Garchomp\n|\n|win|Faanggg\n|raw|Faanggg's rating: 1067 &rarr; <strong>1091<\/strong><br \/>(+24 for winning)\n|raw|CLODMAN's rating: 1000 &rarr; <strong>1000<\/strong><br \/>(+0 for losing)\n","uploadtime":1701161641,"views":12,"p1id":"faanggg","p2id":"clodman","formatid":"gen9vgc2023regulatione","rating":1000,"private":0,"password":""}