{"id":"gen9vgc2023regulatione-1994508102","p1":"kakdaddy","p2":"SalamanderSpeak","format":"[Gen 9] VGC 2023 Regulation E","log":"|j|\u2606kakdaddy\n|j|\u2606SalamanderSpeak\n|t:|1700452263\n|gametype|doubles\n|player|p1|kakdaddy|169|1385\n|player|p2|SalamanderSpeak|102|1344\n|teamsize|p1|6\n|teamsize|p2|6\n|gen|9\n|tier|[Gen 9] VGC 2023 Regulation E\n|rated|\n|rule|Species Clause: Limit one of each Pok\u00e9mon\n|rule|Item Clause: Limit one of each item\n|clearpoke\n|poke|p1|Kingambit, L50, M|\n|poke|p1|Ogerpon-Hearthflame, L50, F|\n|poke|p1|Tornadus, L50, M|\n|poke|p1|Flutter Mane, L50|\n|poke|p1|Urshifu-*, L50, M|\n|poke|p1|Landorus-Therian, L50, M|\n|poke|p2|Annihilape, L50, F|\n|poke|p2|Rillaboom, L50, F|\n|poke|p2|Cresselia, L50, F|\n|poke|p2|Sinistcha-Masterpiece, L50|\n|poke|p2|Arcanine-Hisui, L50, F|\n|poke|p2|Kommo-o, L50, F|\n|teampreview|4\n|inactive|Battle timer is ON: inactive players will automatically lose when time's up. (requested by kakdaddy)\n|\n|t:|1700452287\n|start\n|switch|p1a: Tornadus|Tornadus, L50, M|100\/100\n|switch|p1b: Kingambit|Kingambit, L50, M|100\/100\n|switch|p2a: Kommo-o|Kommo-o, L50, F, shiny|100\/100\n|switch|p2b: Rillaboom|Rillaboom, L50, F|100\/100\n|-fieldstart|move: Grassy Terrain|[from] ability: Grassy Surge|[of] p2b: Rillaboom\n|turn|1\n|c|\u2606kakdaddy|cool team\n|\n|t:|1700452307\n|-terastallize|p1b: Kingambit|Dark\n|move|p1a: Tornadus|Protect|p1a: Tornadus\n|-singleturn|p1a: Tornadus|Protect\n|move|p2b: Rillaboom|Fake Out|p1b: Kingambit\n|-damage|p1b: Kingambit|89\/100\n|move|p2a: Kommo-o|Clangorous Soul|p2a: Kommo-o\n|-boost|p2a: Kommo-o|atk|1\n|-boost|p2a: Kommo-o|def|1\n|-boost|p2a: Kommo-o|spa|1\n|-boost|p2a: Kommo-o|spd|1\n|-boost|p2a: Kommo-o|spe|1\n|-damage|p2a: Kommo-o|68\/100\n|-enditem|p2a: Kommo-o|Throat Spray\n|-boost|p2a: Kommo-o|spa|1|[from] item: Throat Spray\n|cant|p1b: Kingambit|flinch\n|\n|-heal|p2a: Kommo-o|74\/100|[from] Grassy Terrain\n|-heal|p1b: Kingambit|95\/100|[from] Grassy Terrain\n|upkeep\n|turn|2\n|inactive|SalamanderSpeak has 30 seconds left.\n|\n|t:|1700452337\n|move|p1a: Tornadus|Tailwind|p1a: Tornadus\n|-sidestart|p1: kakdaddy|move: Tailwind\n|move|p1b: Kingambit|Sucker Punch||[still]\n|-fail|p1b: Kingambit\n|move|p2a: Kommo-o|Clangorous Soul|p2a: Kommo-o\n|-boost|p2a: Kommo-o|atk|1\n|-boost|p2a: Kommo-o|def|1\n|-boost|p2a: Kommo-o|spa|1\n|-boost|p2a: Kommo-o|spd|1\n|-boost|p2a: Kommo-o|spe|1\n|-damage|p2a: Kommo-o|41\/100\n|move|p2b: Rillaboom|U-turn|p1b: Kingambit\n|-supereffective|p1b: Kingambit\n|-damage|p1b: Kingambit|59\/100\n|\n|t:|1700452349\n|switch|p2b: Sinistcha|Sinistcha-Masterpiece, L50|100\/100|[from] U-turn\n|-heal|p2a: Kommo-o|66\/100|[from] ability: Hospitality|[of] p2b: Sinistcha\n|\n|-heal|p2a: Kommo-o|72\/100|[from] Grassy Terrain\n|-heal|p1b: Kingambit|65\/100|[from] Grassy Terrain\n|upkeep\n|turn|3\n|\n|t:|1700452363\n|move|p2b: Sinistcha|Rage Powder|p2b: Sinistcha\n|-singleturn|p2b: Sinistcha|move: Rage Powder\n|move|p1b: Kingambit|Sucker Punch||[still]\n|-fail|p1b: Kingambit\n|move|p1a: Tornadus|Bleakwind Storm|p2a: Kommo-o|[spread] p2a,p2b\n|-supereffective|p2a: Kommo-o\n|-supereffective|p2b: Sinistcha\n|-damage|p2a: Kommo-o|35\/100\n|-damage|p2b: Sinistcha|20\/100\n|-unboost|p2a: Kommo-o|spe|1\n|move|p2a: Kommo-o|Clanging Scales|p1a: Tornadus|[spread] p1a,p1b\n|-damage|p1a: Tornadus|0 fnt\n|-damage|p1b: Kingambit|0 fnt\n|faint|p1a: Tornadus\n|faint|p1b: Kingambit\n|-unboost|p2a: Kommo-o|def|1\n|\n|-heal|p2a: Kommo-o|41\/100|[from] Grassy Terrain\n|-heal|p2b: Sinistcha|26\/100|[from] Grassy Terrain\n|upkeep\n|\n|t:|1700452379\n|switch|p1a: Ogerpon|Ogerpon-Hearthflame, L50, F|100\/100\n|switch|p1b: Landorus|Landorus-Therian, L50, M|100\/100\n|-ability|p1b: Landorus|Intimidate|boost\n|-unboost|p2a: Kommo-o|atk|1\n|-unboost|p2b: Sinistcha|atk|1\n|-ability|p1a: Ogerpon|Mold Breaker\n|turn|4\n|\n|t:|1700452396\n|switch|p2b: Arcanine|Arcanine-Hisui, L50, F|100\/100\n|-ability|p2b: Arcanine|Intimidate|boost\n|-unboost|p1a: Ogerpon|atk|1\n|-unboost|p1b: Landorus|atk|1\n|move|p2a: Kommo-o|Protect|p2a: Kommo-o\n|-singleturn|p2a: Kommo-o|Protect\n|move|p1b: Landorus|Rock Slide|p2a: Kommo-o|[spread] p2b\n|-activate|p2a: Kommo-o|move: Protect\n|-supereffective|p2b: Arcanine\n|-damage|p2b: Arcanine|69\/100\n|move|p1a: Ogerpon|Ivy Cudgel|p2a: Kommo-o|[anim] Ivy Cudgel Fire\n|-activate|p2a: Kommo-o|move: Protect\n|\n|-heal|p2a: Kommo-o|47\/100|[from] Grassy Terrain\n|-heal|p2b: Arcanine|75\/100|[from] Grassy Terrain\n|upkeep\n|turn|5\n|\n|t:|1700452421\n|switch|p2b: Sinistcha|Sinistcha-Masterpiece, L50|26\/100\n|-heal|p2a: Kommo-o|72\/100|[from] ability: Hospitality|[of] p2b: Sinistcha\n|move|p1b: Landorus|Rock Slide|p2b: Sinistcha|[spread] p2a,p2b\n|-resisted|p2a: Kommo-o\n|-damage|p2a: Kommo-o|68\/100\n|-damage|p2b: Sinistcha|15\/100\n|move|p1a: Ogerpon|Ivy Cudgel|p2a: Kommo-o|[anim] Ivy Cudgel Fire\n|-resisted|p2a: Kommo-o\n|-damage|p2a: Kommo-o|57\/100\n|cant|p2a: Kommo-o|flinch\n|\n|-heal|p2a: Kommo-o|63\/100|[from] Grassy Terrain\n|-heal|p2b: Sinistcha|21\/100|[from] Grassy Terrain\n|-sideend|p1: kakdaddy|move: Tailwind\n|-fieldend|move: Grassy Terrain\n|upkeep\n|turn|6\n|\n|t:|1700452442\n|switch|p2b: Arcanine|Arcanine-Hisui, L50, F|75\/100\n|-ability|p2b: Arcanine|Intimidate|boost\n|-unboost|p1a: Ogerpon|atk|1\n|-unboost|p1b: Landorus|atk|1\n|move|p2a: Kommo-o|Protect|p2a: Kommo-o\n|-singleturn|p2a: Kommo-o|Protect\n|move|p1b: Landorus|Rock Slide|p2b: Arcanine|[spread] p2b\n|-activate|p2a: Kommo-o|move: Protect\n|-supereffective|p2b: Arcanine\n|-damage|p2b: Arcanine|53\/100\n|move|p1a: Ogerpon|Horn Leech|p2a: Kommo-o\n|-activate|p2a: Kommo-o|move: Protect\n|\n|upkeep\n|turn|7\n|\n|t:|1700452462\n|switch|p2b: Sinistcha|Sinistcha-Masterpiece, L50|21\/100\n|-heal|p2a: Kommo-o|88\/100|[from] ability: Hospitality|[of] p2b: Sinistcha\n|move|p1a: Ogerpon|Spiky Shield|p1a: Ogerpon\n|-singleturn|p1a: Ogerpon|move: Protect\n|move|p1b: Landorus|Rock Slide|p2a: Kommo-o|[spread] p2a,p2b\n|-resisted|p2a: Kommo-o\n|-damage|p2a: Kommo-o|85\/100\n|-damage|p2b: Sinistcha|13\/100\n|move|p2a: Kommo-o|Clanging Scales|p1a: Ogerpon|[spread] p1b\n|-activate|p1a: Ogerpon|move: Protect\n|-damage|p1b: Landorus|0 fnt\n|faint|p1b: Landorus\n|-unboost|p2a: Kommo-o|def|1\n|\n|upkeep\n|turn|8\n|-message|kakdaddy forfeited.\n|\n|win|SalamanderSpeak\n|raw|kakdaddy's rating: 1385 &rarr; <strong>1363<\/strong><br \/>(-22 for losing)\n|raw|SalamanderSpeak's rating: 1344 &rarr; <strong>1366<\/strong><br \/>(+22 for winning)\n|l|\u2606kakdaddy\n","uploadtime":1700452482,"views":79,"p1id":"kakdaddy","p2id":"salamanderspeak","formatid":"gen9vgc2023regulatione","rating":1363,"private":0,"password":""}