{"id":"gen9vgc2023regulatione-1997657369","p1":"PeachBlink","p2":"DjWhiteNAwkward","format":"[Gen 9] VGC 2023 Regulation E","log":"|j|\u2606PeachBlink\n|j|\u2606DjWhiteNAwkward\n|t:|1700838415\n|gametype|doubles\n|player|p1|PeachBlink|bruno|1229\n|player|p2|DjWhiteNAwkward|alder|1151\n|teamsize|p1|6\n|teamsize|p2|6\n|gen|9\n|tier|[Gen 9] VGC 2023 Regulation E\n|rated|\n|rule|Species Clause: Limit one of each Pok\u00e9mon\n|rule|Item Clause: Limit one of each item\n|clearpoke\n|poke|p1|Gholdengo, L50|\n|poke|p1|Iron Hands, L50|\n|poke|p1|Amoonguss, L50, F|\n|poke|p1|Iron Bundle, L50|\n|poke|p1|Pelipper, L50, M|\n|poke|p1|Salamence, L50, F|\n|poke|p2|Wo-Chien, L50|\n|poke|p2|Chi-Yu, L50|\n|poke|p2|Tauros-Paldea-Aqua, L50, M|\n|poke|p2|Iron Valiant, L50|\n|poke|p2|Gengar, L50, F|\n|poke|p2|Thundurus, L50, M|\n|teampreview|4\n|inactive|Battle timer is ON: inactive players will automatically lose when time's up. (requested by PeachBlink)\n|\n|t:|1700838486\n|start\n|switch|p1a: Gholdengo|Gholdengo, L50|100\/100\n|switch|p1b: Salamence|Salamence, L50, F|100\/100\n|switch|p2a: Chi-Yu|Chi-Yu, L50|100\/100\n|switch|p2b: Gengar|Gengar, L50, F|100\/100\n|-ability|p1b: Salamence|Intimidate|boost\n|-unboost|p2a: Chi-Yu|atk|1\n|-unboost|p2b: Gengar|atk|1\n|-ability|p2a: Chi-Yu|Beads of Ruin\n|turn|1\n|inactive|PeachBlink has 30 seconds left.\n|inactive|DjWhiteNAwkward has 30 seconds left.\n|\n|t:|1700838520\n|switch|p1a: Pelipper|Pelipper, L50, M|100\/100\n|-weather|RainDance|[from] ability: Drizzle|[of] p1a: Pelipper\n|move|p2a: Chi-Yu|Protect|p2a: Chi-Yu\n|-singleturn|p2a: Chi-Yu|Protect\n|move|p1b: Salamence|Hurricane|p2b: Gengar\n|-damage|p2b: Gengar|0 fnt\n|faint|p2b: Gengar\n|\n|-weather|RainDance|[upkeep]\n|upkeep\n|\n|t:|1700838532\n|switch|p2b: Thundurus|Thundurus, L50, M|100\/100\n|turn|2\n|\n|t:|1700838549\n|move|p1b: Salamence|Hurricane|p2a: Chi-Yu\n|-damage|p2a: Chi-Yu|42\/100\n|-start|p2a: Chi-Yu|confusion\n|move|p2b: Thundurus|Bulk Up|p2b: Thundurus\n|-boost|p2b: Thundurus|atk|1\n|-boost|p2b: Thundurus|def|1\n|-activate|p2a: Chi-Yu|confusion\n|move|p2a: Chi-Yu|Dark Pulse|p1a: Pelipper\n|-enditem|p1a: Pelipper|Focus Sash\n|-damage|p1a: Pelipper|1\/100\n|-damage|p2a: Chi-Yu|33\/100|[from] item: Life Orb\n|move|p1a: Pelipper|Weather Ball|p2a: Chi-Yu\n|-supereffective|p2a: Chi-Yu\n|-damage|p2a: Chi-Yu|0 fnt\n|faint|p2a: Chi-Yu\n|\n|-weather|RainDance|[upkeep]\n|upkeep\n|\n|t:|1700838564\n|switch|p2a: Tauros|Tauros-Paldea-Aqua, L50, M|100\/100\n|-ability|p2a: Tauros|Intimidate|boost\n|-unboost|p1a: Pelipper|atk|1\n|-unboost|p1b: Salamence|atk|1\n|turn|3\n|inactive|DjWhiteNAwkward has 30 seconds left.\n|\n|t:|1700838592\n|-terastallize|p2a: Tauros|Water\n|move|p1a: Pelipper|Protect|p1a: Pelipper\n|-singleturn|p1a: Pelipper|Protect\n|move|p2a: Tauros|Aqua Jet|p1a: Pelipper\n|-activate|p1a: Pelipper|move: Protect\n|move|p1b: Salamence|Hurricane|p2a: Tauros\n|-crit|p2a: Tauros\n|-damage|p2a: Tauros|19\/100\n|-start|p2a: Tauros|confusion\n|move|p2b: Thundurus|Wild Charge|p1b: Salamence\n|-damage|p1b: Salamence|16\/100\n|-damage|p2b: Thundurus|77\/100|[from] Recoil\n|\n|-weather|RainDance|[upkeep]\n|upkeep\n|turn|4\n|inactive|PeachBlink has 30 seconds left.\n|\n|t:|1700838627\n|switch|p1b: Gholdengo|Gholdengo, L50|100\/100\n|-activate|p2a: Tauros|confusion\n|move|p2a: Tauros|Aqua Jet|p1b: Gholdengo\n|-damage|p1b: Gholdengo|62\/100\n|move|p2b: Thundurus|Wild Charge|p1b: Gholdengo\n|-damage|p1b: Gholdengo|0 fnt\n|faint|p1b: Gholdengo\n|-damage|p2b: Thundurus|59\/100|[from] Recoil\n|move|p1a: Pelipper|Hurricane|p2a: Tauros\n|-damage|p2a: Tauros|0 fnt\n|faint|p2a: Tauros\n|\n|-weather|RainDance|[upkeep]\n|upkeep\n|\n|t:|1700838641\n|switch|p1b: Salamence|Salamence, L50, F|16\/100\n|-ability|p1b: Salamence|Intimidate|boost\n|-unboost|p2b: Thundurus|atk|1\n|-ability|p2b: Thundurus|Defiant|boost\n|-boost|p2b: Thundurus|atk|2\n|turn|5\n|\n|t:|1700838659\n|move|p1b: Salamence|Draco Meteor|p2b: Thundurus\n|-damage|p2b: Thundurus|0 fnt\n|-unboost|p1b: Salamence|spa|2\n|faint|p2b: Thundurus\n|\n|win|PeachBlink\n|raw|PeachBlink's rating: 1229 &rarr; <strong>1248<\/strong><br \/>(+19 for winning)\n|raw|DjWhiteNAwkward's rating: 1151 &rarr; <strong>1132<\/strong><br \/>(-19 for losing)\n|l|\u2606DjWhiteNAwkward\n","uploadtime":1700838668,"views":3,"p1id":"peachblink","p2id":"djwhitenawkward","formatid":"gen9vgc2023regulatione","rating":1132,"private":0,"password":""}