{"id":"gen9vgc2023regulatione-1993034257","p1":"Feverqweem","p2":"gobrokeforpokes","format":"[Gen 9] VGC 2023 Regulation E","log":"|j|\u203dFeverqweem\n|j|\u2606gobrokeforpokes\n|t:|1700257572\n|gametype|doubles\n|player|p1|Feverqweem|170|1490\n|player|p2|gobrokeforpokes|101|1530\n|teamsize|p1|6\n|teamsize|p2|6\n|gen|9\n|tier|[Gen 9] VGC 2023 Regulation E\n|rated|\n|rule|Species Clause: Limit one of each Pok\u00e9mon\n|rule|Item Clause: Limit one of each item\n|clearpoke\n|poke|p1|Roaring Moon, L50|\n|poke|p1|Gholdengo, L50|\n|poke|p1|Chien-Pao, L50|\n|poke|p1|Arcanine-Hisui, L50, F|\n|poke|p1|Urshifu-*, L50, F|\n|poke|p1|Rillaboom, L50, M|\n|poke|p2|Arcanine-Hisui, L50, M|\n|poke|p2|Iron Bundle, L50|\n|poke|p2|Weezing, L50, M|\n|poke|p2|Ogerpon-Hearthflame, L50, F|\n|poke|p2|Torkoal, L50, F|\n|poke|p2|Tornadus, L50, M|\n|teampreview|4\n|\n|t:|1700257600\n|start\n|switch|p1a: Roaring Moon|Roaring Moon, L50|100\/100\n|switch|p1b: Urshifu|Urshifu-Rapid-Strike, L50, F|100\/100\n|switch|p2a: Iron Bundle|Iron Bundle, L50|100\/100\n|switch|p2b: Tornadus|Tornadus, L50, M|100\/100\n|-enditem|p2a: Iron Bundle|Booster Energy\n|-activate|p2a: Iron Bundle|ability: Quark Drive|[fromitem]\n|-start|p2a: Iron Bundle|quarkdrivespe\n|-enditem|p1a: Roaring Moon|Booster Energy\n|-activate|p1a: Roaring Moon|ability: Protosynthesis|[fromitem]\n|-start|p1a: Roaring Moon|protosynthesisspe\n|turn|1\n|j| Arxostero\n|\n|t:|1700257665\n|move|p2a: Iron Bundle|Icy Wind|p1a: Roaring Moon|[spread] p1a,p1b\n|-supereffective|p1a: Roaring Moon\n|-resisted|p1b: Urshifu\n|-damage|p1a: Roaring Moon|70\/100\n|-damage|p1b: Urshifu|88\/100\n|-unboost|p1a: Roaring Moon|spe|1\n|-unboost|p1b: Urshifu|spe|1\n|move|p1a: Roaring Moon|Tailwind|p1a: Roaring Moon\n|-sidestart|p1: Feverqweem|move: Tailwind\n|move|p1b: Urshifu|Close Combat|p2a: Iron Bundle\n|-supereffective|p2a: Iron Bundle\n|-damage|p2a: Iron Bundle|0 fnt\n|-unboost|p1b: Urshifu|def|1\n|-unboost|p1b: Urshifu|spd|1\n|faint|p2a: Iron Bundle\n|-end|p2a: Iron Bundle|Quark Drive|[silent]\n|move|p2b: Tornadus|Bleakwind Storm|p1a: Roaring Moon|[spread] p1a,p1b\n|-supereffective|p1b: Urshifu\n|-damage|p1a: Roaring Moon|38\/100\n|-damage|p1b: Urshifu|0 fnt\n|faint|p1b: Urshifu\n|\n|upkeep\n|\n|t:|1700257685\n|switch|p2a: Arcanine|Arcanine-Hisui, L50, M|100\/100\n|switch|p1b: Arcanine|Arcanine-Hisui, L50, F|100\/100\n|-ability|p1b: Arcanine|Intimidate|boost\n|-unboost|p2a: Arcanine|atk|1\n|-unboost|p2b: Tornadus|atk|1\n|-ability|p2a: Arcanine|Intimidate|boost\n|-unboost|p1a: Roaring Moon|atk|1\n|-unboost|p1b: Arcanine|atk|1\n|turn|2\n|\n|t:|1700257699\n|move|p2b: Tornadus|Tailwind|p2b: Tornadus\n|-sidestart|p2: gobrokeforpokes|move: Tailwind\n|move|p1a: Roaring Moon|Knock Off|p2a: Arcanine\n|-damage|p2a: Arcanine|60\/100\n|-enditem|p2a: Arcanine|Assault Vest|[from] move: Knock Off|[of] p1a: Roaring Moon\n|move|p2a: Arcanine|Rock Slide|p1a: Roaring Moon|[spread] p1a\n|-miss|p2a: Arcanine|p1b: Arcanine\n|-damage|p1a: Roaring Moon|21\/100\n|move|p1b: Arcanine|Rock Slide|p2a: Arcanine|[spread] p2a,p2b\n|-supereffective|p2a: Arcanine\n|-supereffective|p2b: Tornadus\n|-damage|p2a: Arcanine|0 fnt\n|-damage|p2b: Tornadus|26\/100\n|faint|p2a: Arcanine\n|\n|upkeep\n|\n|t:|1700257710\n|switch|p2a: Ogerpon|Ogerpon-Hearthflame, L50, F|100\/100\n|-ability|p2a: Ogerpon|Mold Breaker\n|turn|3\n|\n|t:|1700257734\n|move|p1a: Roaring Moon|Knock Off|p2b: Tornadus\n|-damage|p2b: Tornadus|0 fnt\n|-enditem|p2b: Tornadus|Ability Shield|[from] move: Knock Off|[of] p1a: Roaring Moon\n|faint|p2b: Tornadus\n|move|p2a: Ogerpon|Swords Dance|p2a: Ogerpon\n|-boost|p2a: Ogerpon|atk|2\n|move|p1b: Arcanine|Rock Slide|p2a: Ogerpon\n|-supereffective|p2a: Ogerpon\n|-damage|p2a: Ogerpon|8\/100\n|\n|upkeep\n|turn|4\n|\n|t:|1700257748\n|switch|p1b: Gholdengo|Gholdengo, L50|100\/100\n|move|p2a: Ogerpon|Spiky Shield|p2a: Ogerpon\n|-singleturn|p2a: Ogerpon|move: Protect\n|move|p1a: Roaring Moon|Breaking Swipe|p2a: Ogerpon\n|-activate|p2a: Ogerpon|move: Protect\n|-damage|p1a: Roaring Moon|9\/100|[from] Spiky Shield|[of] p2a: Ogerpon\n|\n|-sideend|p1: Feverqweem|move: Tailwind\n|upkeep\n|turn|5\n|\n|t:|1700257775\n|move|p1b: Gholdengo|Protect|p1b: Gholdengo\n|-singleturn|p1b: Gholdengo|Protect\n|move|p2a: Ogerpon|Horn Leech|p1b: Gholdengo\n|-activate|p1b: Gholdengo|move: Protect\n|move|p1a: Roaring Moon|Tailwind|p1a: Roaring Moon\n|-sidestart|p1: Feverqweem|move: Tailwind\n|\n|-sideend|p2: gobrokeforpokes|move: Tailwind\n|upkeep\n|turn|6\n|\n|t:|1700257798\n|move|p1a: Roaring Moon|Breaking Swipe|p2a: Ogerpon\n|-damage|p2a: Ogerpon|0 fnt\n|faint|p2a: Ogerpon\n|\n|win|Feverqweem\n|raw|Feverqweem's rating: 1490 &rarr; <strong>1512<\/strong><br \/>(+22 for winning)\n|raw|gobrokeforpokes's rating: 1530 &rarr; <strong>1508<\/strong><br \/>(-22 for losing)\n","uploadtime":1700257812,"views":18,"p1id":"feverqweem","p2id":"gobrokeforpokes","formatid":"gen9vgc2023regulatione","rating":1508,"private":0,"password":""}