{"id":"gen9vgc2023regulatione-1993315527","p1":"Iluminador","p2":"Has_Perry","format":"[Gen 9] VGC 2023 Regulation E","log":"|j|\u2606Iluminador\n|j|\u2606Has_Perry\n|t:|1700296617\n|gametype|doubles\n|player|p1|Iluminador|2|1310\n|player|p2|Has_Perry|veteran|1340\n|teamsize|p1|6\n|teamsize|p2|6\n|gen|9\n|tier|[Gen 9] VGC 2023 Regulation E\n|rated|\n|rule|Species Clause: Limit one of each Pok\u00e9mon\n|rule|Item Clause: Limit one of each item\n|clearpoke\n|poke|p1|Toxicroak, L50, F|\n|poke|p1|Medicham, L50, M|\n|poke|p1|Heatran, L50, M|\n|poke|p1|Bronzong, L50|\n|poke|p1|Spiritomb, L50, F|\n|poke|p1|Cresselia, L50, F|\n|poke|p2|Empoleon, L50, F|\n|poke|p2|Baxcalibur, L50, F|\n|poke|p2|Rillaboom, L50, M|\n|poke|p2|Ninetales-Alola, L50, F|\n|poke|p2|Landorus-Therian, L50, M|\n|poke|p2|Armarouge, L50, F|\n|teampreview|4\n|inactive|Battle timer is ON: inactive players will automatically lose when time's up. (requested by Iluminador)\n|inactive|Has_Perry has 60 seconds left.\n|\n|t:|1700296656\n|start\n|switch|p1a: Medicham|Medicham, L50, M|100\/100\n|switch|p1b: Spiritomb|Spiritomb, L50, F|100\/100\n|switch|p2a: Ninetales|Ninetales-Alola, L50, F, shiny|100\/100\n|switch|p2b: Red Army|Armarouge, L50, F|100\/100\n|-weather|Snow|[from] ability: Snow Warning|[of] p2a: Ninetales\n|turn|1\n|inactive|Has_Perry has 30 seconds left.\n|\n|t:|1700296684\n|-terastallize|p1b: Spiritomb|Fire\n|move|p2a: Ninetales|Aurora Veil|p2a: Ninetales\n|-sidestart|p2: Has_Perry|move: Aurora Veil\n|move|p2b: Red Army|Heat Wave|p1b: Spiritomb|[spread] p1a,p1b\n|-resisted|p1b: Spiritomb\n|-damage|p1a: Medicham|68\/100\n|-damage|p1b: Spiritomb|79\/100\n|move|p1a: Medicham|Brick Break|p2a: Ninetales\n|-sideend|p2: Has_Perry|move: Aurora Veil\n|-damage|p2a: Ninetales|49\/100\n|move|p1b: Spiritomb|Snarl|p2b: Red Army|[spread] p2a,p2b\n|-resisted|p2a: Ninetales\n|-supereffective|p2b: Red Army\n|-damage|p2a: Ninetales|40\/100\n|-damage|p2b: Red Army|57\/100\n|-unboost|p2a: Ninetales|spa|1\n|-unboost|p2b: Red Army|spa|1\n|-heal|p1b: Spiritomb|86\/100|[from] item: Shell Bell|[of] p2b: Red Army\n|\n|-weather|Snow|[upkeep]\n|upkeep\n|turn|2\n|inactive|Has_Perry has 30 seconds left.\n|\n|t:|1700296712\n|switch|p2b: Landorus|Landorus-Therian, L50, M|100\/100\n|-ability|p2b: Landorus|Intimidate|boost\n|-unboost|p1a: Medicham|atk|1\n|-unboost|p1b: Spiritomb|atk|1\n|switch|p1a: Heatran|Heatran, L50, M|100\/100\n|move|p2a: Ninetales|Dazzling Gleam|p1a: Heatran|[spread] p1a,p1b\n|-resisted|p1a: Heatran\n|-resisted|p1b: Spiritomb\n|-damage|p1a: Heatran|97\/100\n|-damage|p1b: Spiritomb|80\/100\n|move|p1b: Spiritomb|Trick Room|p1b: Spiritomb\n|-fieldstart|move: Trick Room|[of] p1b: Spiritomb\n|\n|-weather|Snow|[upkeep]\n|upkeep\n|turn|3\n|\n|t:|1700296735\n|switch|p2b: Red Army|Armarouge, L50, F|57\/100\n|move|p1b: Spiritomb|Burning Jealousy|p2b: Red Army|[spread] p2a\n|-start|p2b: Red Army|ability: Flash Fire\n|-supereffective|p2a: Ninetales\n|-damage|p2a: Ninetales|0 fnt\n|faint|p2a: Ninetales\n|-heal|p1b: Spiritomb|85\/100|[from] item: Shell Bell|[of] p2b: Red Army\n|move|p1a: Heatran|Heat Wave|p2b: Red Army\n|-immune|p2b: Red Army|[from] ability: Flash Fire\n|\n|-weather|Snow|[upkeep]\n|upkeep\n|\n|t:|1700296752\n|switch|p2a: Rillaboom|Rillaboom, L50, M|100\/100\n|-fieldstart|move: Grassy Terrain|[from] ability: Grassy Surge|[of] p2a: Rillaboom\n|turn|4\n|inactive|Has_Perry has 30 seconds left.\n|\n|t:|1700296781\n|move|p2a: Rillaboom|Fake Out|p1b: Spiritomb\n|-damage|p1b: Spiritomb|71\/100\n|cant|p1b: Spiritomb|flinch\n|move|p1a: Heatran|Heat Wave|p2b: Red Army|[spread] p2a\n|-immune|p2b: Red Army|[from] ability: Flash Fire\n|-supereffective|p2a: Rillaboom\n|-damage|p2a: Rillaboom|43\/100\n|move|p2b: Red Army|Trick Room|p2b: Red Army\n|-fieldend|move: Trick Room\n|\n|-weather|Snow|[upkeep]\n|-heal|p2a: Rillaboom|48\/100|[from] Grassy Terrain\n|-heal|p2b: Red Army|63\/100|[from] Grassy Terrain\n|-heal|p1a: Heatran|100\/100|[from] Grassy Terrain\n|-heal|p1b: Spiritomb|77\/100|[from] Grassy Terrain\n|upkeep\n|turn|5\n|inactive|Has_Perry has 30 seconds left.\n|inactive|Has_Perry has 20 seconds left.\n|\n|t:|1700296818\n|move|p2a: Rillaboom|High Horsepower|p1b: Spiritomb\n|-supereffective|p1b: Spiritomb\n|-damage|p1b: Spiritomb|17\/100\n|move|p2b: Red Army|Psyshock|p1b: Spiritomb\n|-damage|p1b: Spiritomb|0 fnt\n|faint|p1b: Spiritomb\n|move|p1a: Heatran|Earth Power|p2b: Red Army\n|-supereffective|p2b: Red Army\n|-damage|p2b: Red Army|0 fnt\n|faint|p2b: Red Army\n|\n|-weather|none\n|-heal|p2a: Rillaboom|54\/100|[from] Grassy Terrain\n|upkeep\n|\n|t:|1700296831\n|switch|p2b: Landorus|Landorus-Therian, L50, M|100\/100\n|switch|p1b: Medicham|Medicham, L50, M|68\/100\n|-ability|p2b: Landorus|Intimidate|boost\n|-unboost|p1a: Heatran|atk|1\n|-unboost|p1b: Medicham|atk|1\n|turn|6\n|inactive|Has_Perry has 30 seconds left.\n|\n|t:|1700296858\n|-terastallize|p2a: Rillaboom|Fire\n|move|p1b: Medicham|Fake Out|p2b: Landorus\n|-damage|p2b: Landorus|85\/100\n|cant|p2b: Landorus|flinch\n|move|p2a: Rillaboom|Wood Hammer|p1b: Medicham\n|-damage|p1b: Medicham|0 fnt\n|faint|p1b: Medicham\n|-damage|p2a: Rillaboom|36\/100|[from] Recoil\n|move|p1a: Heatran|Heat Wave|p2a: Rillaboom|[spread] p2b\n|-miss|p1a: Heatran|p2a: Rillaboom\n|-damage|p2b: Landorus|27\/100\n|\n|-heal|p2a: Rillaboom|42\/100|[from] Grassy Terrain\n|upkeep\n|\n|t:|1700296864\n|switch|p1b: Bronzong|Bronzong, L50|100\/100\n|turn|7\n|inactive|Has_Perry has 30 seconds left.\n|\n|t:|1700296893\n|move|p1a: Heatran|Protect|p1a: Heatran\n|-singleturn|p1a: Heatran|Protect\n|move|p2b: Landorus|Stomping Tantrum|p1a: Heatran\n|-activate|p1a: Heatran|move: Protect\n|move|p2a: Rillaboom|Brick Break|p1a: Heatran\n|-activate|p1a: Heatran|move: Protect\n|move|p1b: Bronzong|Psychic|p2b: Landorus\n|-damage|p2b: Landorus|0 fnt\n|faint|p2b: Landorus\n|\n|-heal|p2a: Rillaboom|48\/100|[from] Grassy Terrain\n|upkeep\n|turn|8\n|-message|Has_Perry forfeited.\n|\n|win|Iluminador\n|raw|Iluminador's rating: 1326 &rarr; <strong>1347<\/strong><br \/>(+21 for winning)\n|raw|Has_Perry's rating: 1340 &rarr; <strong>1319<\/strong><br \/>(-21 for losing)\n|l|\u2606Has_Perry\n","uploadtime":1700296990,"views":10,"p1id":"iluminador","p2id":"hasperry","formatid":"gen9vgc2023regulatione","rating":1319,"private":0,"password":""}