{"id":"gen9vgc2023regulatione-1995889859","p1":"PanamaGeisha","p2":"Fancy Cucudrula","format":"[Gen 9] VGC 2023 Regulation E","log":"|j|\u2606PanamaGeisha\n|j|\u2606Fancy Cucudrula\n|n|\u2606PanamaGeisha|panamageisha\n|n|\u2606Fancy Cucudrula|fancycucudrula\n|html|View the match progress at <a href=\"\/game-bestof3-gen9vgc2023regulatione-1995885329\">game-bestof3-gen9vgc2023regulatione-1995885329<\/a>\n|t:|1700614029\n|gametype|doubles\n|player|p1|PanamaGeisha|bugcatcher-gen4dp|\n|player|p2|Fancy Cucudrula|valerie|\n|teamsize|p1|6\n|teamsize|p2|6\n|gen|9\n|tier|[Gen 9] VGC 2023 Regulation E\n|rule|Species Clause: Limit one of each Pok\u00e9mon\n|rule|Item Clause: Limit one of each item\n|clearpoke\n|poke|p1|Iron Hands, L50|\n|poke|p1|Flutter Mane, L50|\n|poke|p1|Landorus-Therian, L50, M|\n|poke|p1|Milotic, L50, M|\n|poke|p1|Chi-Yu, L50|\n|poke|p1|Tornadus, L50, M|\n|poke|p2|Flutter Mane, L50|\n|poke|p2|Amoonguss, L50, F|\n|poke|p2|Heatran, L50, F|\n|poke|p2|Iron Hands, L50|\n|poke|p2|Landorus-Therian, L50, M|\n|poke|p2|Chien-Pao, L50|\n|teampreview|4\n|inactive|Battle timer is ON: inactive players will automatically lose when time's up. (requested by PanamaGeisha)\nFancy Cucudrula has agreed to open team sheets.\n|inactive|PanamaGeisha has 60 seconds left.\n|inactive|Fancy Cucudrula has 60 seconds left.\nPanamaGeisha has agreed to open team sheets.\n|showteam|p1|Iron Hands||AssaultVest|QuarkDrive|WildCharge,DrainPunch,FakeOut,IcePunch||||||50|,,,,,Fire]Flutter Mane||ChoiceSpecs|Protosynthesis|Moonblast,DazzlingGleam,ShadowBall,Thunderbolt||||||50|,,,,,Fairy]Landorus-Therian||ChoiceScarf|Intimidate|StompingTantrum,TeraBlast,RockSlide,Uturn|||M|||50|,,,,,Flying]Milotic||Leftovers|Competitive|Scald,IcyWind,LifeDew,Protect|||M|||50|,,,,,Grass]Chi-Yu||LifeOrb|BeadsofRuin|HeatWave,DarkPulse,Overheat,Protect||||||50|,,,,,Ghost]Tornadus||FocusSash|Prankster|BleakwindStorm,Tailwind,SunnyDay,Protect|||M|||50|,,,,,Ghost\n|showteam|p2|Flutter Mane||ChoiceSpecs|Protosynthesis|DazzlingGleam,Moonblast,ShadowBall,PerishSong||||||50|,,,,,Fairy]Amoonguss||RockyHelmet|Regenerator|RagePowder,PollenPuff,Spore,Protect|||F|||50|,,,,,Water]Heatran||SafetyGoggles|FlashFire|HeatWave,EarthPower,FlashCannon,Protect|||F|||50|,,,,,Fairy]Iron Hands||AssaultVest|QuarkDrive|DrainPunch,WildCharge,HeavySlam,FakeOut||||||50|,,,,,Water]Landorus-Therian||ChoiceScarf|Intimidate|StompingTantrum,TeraBlast,RockSlide,Uturn|||M|||50|,,,,,Flying]Chien-Pao||FocusSash|SwordofRuin|IceSpinner,SuckerPunch,Haze,Protect||||||50|,,,,,Ghost\n|c|\u2606Fancy Cucudrula|mana el OTS\n|c|\u2606Fancy Cucudrula|gracias jajajaja\n|c|\u2606PanamaGeisha|Chucha xd\n|\n|t:|1700614079\n|start\n|switch|p1a: Don Jose|Tornadus, L50, M|100\/100\n|switch|p1b: ChaoQueTeVi|Landorus-Therian, L50, M|100\/100\n|switch|p2a: Mistress|Iron Hands, L50, shiny|100\/100\n|switch|p2b: Luquisha|Landorus-Therian, L50, M|100\/100\n|-ability|p1b: ChaoQueTeVi|Intimidate|boost\n|-unboost|p2a: Mistress|atk|1\n|-unboost|p2b: Luquisha|atk|1\n|-ability|p2b: Luquisha|Intimidate|boost\n|-unboost|p1a: Don Jose|atk|1\n|-unboost|p1b: ChaoQueTeVi|atk|1\n|turn|1\n|\n|t:|1700614093\n|move|p1a: Don Jose|Protect|p1a: Don Jose\n|-singleturn|p1a: Don Jose|Protect\n|move|p2a: Mistress|Fake Out|p1b: ChaoQueTeVi\n|-damage|p1b: ChaoQueTeVi|88\/100\n|cant|p1b: ChaoQueTeVi|flinch\n|move|p2b: Luquisha|U-turn|p1b: ChaoQueTeVi\n|-resisted|p1b: ChaoQueTeVi\n|-damage|p1b: ChaoQueTeVi|77\/100\n|\n|t:|1700614102\n|switch|p2b: Sasha Colby|Flutter Mane, L50|100\/100|[from] U-turn\n|\n|upkeep\n|turn|2\n|\n|t:|1700614119\n|-end|p2a: Mistress|Quark Drive|[silent]\n|switch|p2a: Luquisha|Landorus-Therian, L50, M|100\/100\n|-ability|p2a: Luquisha|Intimidate|boost\n|-unboost|p1a: Don Jose|atk|1\n|-unboost|p1b: ChaoQueTeVi|atk|1\n|move|p1a: Don Jose|Tailwind|p1a: Don Jose\n|-sidestart|p1: PanamaGeisha|move: Tailwind\n|move|p1b: ChaoQueTeVi|U-turn|p2b: Sasha Colby\n|-resisted|p2b: Sasha Colby\n|-damage|p2b: Sasha Colby|95\/100\n|\n|t:|1700614128\n|switch|p1b: JuanitoPecados|Iron Hands, L50|100\/100|[from] U-turn\n|move|p2b: Sasha Colby|Dazzling Gleam|p1b: JuanitoPecados|[spread] p1a,p1b\n|-supereffective|p1b: JuanitoPecados\n|-crit|p1b: JuanitoPecados\n|-damage|p1a: Don Jose|36\/100\n|-damage|p1b: JuanitoPecados|34\/100\n|\n|upkeep\n|turn|3\n|c|\u2606PanamaGeisha|Oie pero xd\n|\n|t:|1700614144\n|switch|p2a: Lawrence|Heatran, L50, F, shiny|100\/100\n|-terastallize|p1b: JuanitoPecados|Fire\n|move|p1a: Don Jose|Protect|p1a: Don Jose\n|-singleturn|p1a: Don Jose|Protect\n|move|p2b: Sasha Colby|Dazzling Gleam|p1b: JuanitoPecados|[spread] p1b\n|-activate|p1a: Don Jose|move: Protect\n|-resisted|p1b: JuanitoPecados\n|-damage|p1b: JuanitoPecados|22\/100\n|move|p1b: JuanitoPecados|Ice Punch|p2a: Lawrence\n|-resisted|p2a: Lawrence\n|-damage|p2a: Lawrence|94\/100\n|\n|upkeep\n|turn|4\n|inactive|PanamaGeisha has 30 seconds left.\n|inactive|PanamaGeisha has 20 seconds left.\n|inactive|Fancy Cucudrula has 30 seconds left.\n|inactive|PanamaGeisha has 15 seconds left.\n|\n|t:|1700614185\n|-terastallize|p2a: Lawrence|Fairy\n|move|p1a: Don Jose|Bleakwind Storm|p2b: Sasha Colby|[spread] p2b\n|-miss|p1a: Don Jose|p2a: Lawrence\n|-damage|p2b: Sasha Colby|53\/100\n|move|p2b: Sasha Colby|Dazzling Gleam|p1a: Don Jose|[spread] p1a,p1b\n|-resisted|p1b: JuanitoPecados\n|-damage|p1a: Don Jose|0 fnt\n|-damage|p1b: JuanitoPecados|10\/100\n|faint|p1a: Don Jose\n|move|p1b: JuanitoPecados|Drain Punch|p2a: Lawrence\n|-resisted|p2a: Lawrence\n|-damage|p2a: Lawrence|75\/100\n|-heal|p1b: JuanitoPecados|18\/100|[from] drain|[of] p2a: Lawrence\n|move|p2a: Lawrence|Earth Power|p1b: JuanitoPecados\n|-supereffective|p1b: JuanitoPecados\n|-damage|p1b: JuanitoPecados|0 fnt\n|faint|p1b: JuanitoPecados\n|-end|p1b: JuanitoPecados|Quark Drive|[silent]\n|\n|upkeep\n|\n|t:|1700614197\n|switch|p1a: ChaoQueTeVi|Landorus-Therian, L50, M|77\/100\n|switch|p1b: Jacinta|Flutter Mane, L50|100\/100\n|-ability|p1a: ChaoQueTeVi|Intimidate|boost\n|-unboost|p2a: Lawrence|atk|1\n|-unboost|p2b: Sasha Colby|atk|1\n|turn|5\n|\n|t:|1700614216\n|-end|p2b: Sasha Colby|Protosynthesis|[silent]\n|switch|p2b: Luquisha|Landorus-Therian, L50, M|100\/100\n|-ability|p2b: Luquisha|Intimidate|boost\n|-unboost|p1a: ChaoQueTeVi|atk|1\n|-unboost|p1b: Jacinta|atk|1\n|move|p2a: Lawrence|Protect|p2a: Lawrence\n|-singleturn|p2a: Lawrence|Protect\n|move|p1a: ChaoQueTeVi|Rock Slide|p2a: Lawrence|[spread] p2b\n|-activate|p2a: Lawrence|move: Protect\n|-damage|p2b: Luquisha|86\/100\n|move|p1b: Jacinta|Moonblast|p2b: Luquisha\n|-damage|p2b: Luquisha|11\/100\n|-unboost|p2b: Luquisha|spa|1\n|\n|-sideend|p1: PanamaGeisha|move: Tailwind\n|upkeep\n|turn|6\n|inactive|Fancy Cucudrula has 30 seconds left.\n|inactive|Fancy Cucudrula has 20 seconds left.\n|inactive|Fancy Cucudrula has 15 seconds left.\n|inactive|Fancy Cucudrula has 10 seconds left.\n|\n|t:|1700614261\n|switch|p2b: Mistress|Iron Hands, L50, shiny|100\/100\n|move|p1a: ChaoQueTeVi|Rock Slide|p2b: Mistress|[spread] p2b\n|-miss|p1a: ChaoQueTeVi|p2a: Lawrence\n|-resisted|p2b: Mistress\n|-damage|p2b: Mistress|95\/100\n|move|p1b: Jacinta|Moonblast|p2a: Lawrence\n|-damage|p2a: Lawrence|19\/100\n|move|p2a: Lawrence|Flash Cannon|p1b: Jacinta\n|-supereffective|p1b: Jacinta\n|-damage|p1b: Jacinta|10\/100\n|\n|upkeep\n|turn|7\n|c|\u2606PanamaGeisha|Gg belleza\n|inactive|Fancy Cucudrula has 30 seconds left.\n|\n|t:|1700614288\n|move|p2b: Mistress|Fake Out|p1a: ChaoQueTeVi\n|-damage|p1a: ChaoQueTeVi|60\/100\n|cant|p1a: ChaoQueTeVi|flinch\n|move|p1b: Jacinta|Moonblast|p2a: Lawrence\n|-damage|p2a: Lawrence|0 fnt\n|faint|p2a: Lawrence\n|\n|upkeep\n|\n|t:|1700614295\n|switch|p2a: Luquisha|Landorus-Therian, L50, M|11\/100\n|-ability|p2a: Luquisha|Intimidate|boost\n|-unboost|p1a: ChaoQueTeVi|atk|1\n|-unboost|p1b: Jacinta|atk|1\n|turn|8\n|\n|t:|1700614303\n|move|p1a: ChaoQueTeVi|Rock Slide|p2b: Mistress|[spread] p2a,p2b\n|-resisted|p2b: Mistress\n|-damage|p2a: Luquisha|0 fnt\n|-damage|p2b: Mistress|91\/100\n|faint|p2a: Luquisha\n|move|p1b: Jacinta|Moonblast|p2b: Mistress\n|-supereffective|p2b: Mistress\n|-damage|p2b: Mistress|10\/100\n|-unboost|p2b: Mistress|spa|1\n|move|p2b: Mistress|Heavy Slam|p1a: ChaoQueTeVi\n|-damage|p1a: ChaoQueTeVi|5\/100\n|\n|upkeep\n|\n|t:|1700614310\n|switch|p2a: Sasha Colby|Flutter Mane, L50|53\/100\n|turn|9\n|\n|t:|1700614321\n|move|p1a: ChaoQueTeVi|Rock Slide|p2b: Mistress|[spread] p2a,p2b\n|-resisted|p2b: Mistress\n|-damage|p2a: Sasha Colby|35\/100\n|-damage|p2b: Mistress|7\/100\n|move|p1b: Jacinta|Moonblast|p2a: Sasha Colby\n|-damage|p2a: Sasha Colby|0 fnt\n|faint|p2a: Sasha Colby\n|-end|p2a: Sasha Colby|Protosynthesis|[silent]\n|cant|p2b: Mistress|flinch\n|\n|upkeep\n|turn|10\n|c|\u2606PanamaGeisha|Uy\n|c|\u2606Fancy Cucudrula|maldito flinch\n|c|\u2606Fancy Cucudrula|perra\n|\n|t:|1700614341\n|move|p1a: ChaoQueTeVi|Rock Slide|p2b: Mistress|[miss]\n|-miss|p1a: ChaoQueTeVi|p2b: Mistress\n|move|p1b: Jacinta|Moonblast|p2b: Mistress\n|-supereffective|p2b: Mistress\n|-damage|p2b: Mistress|0 fnt\n|faint|p2b: Mistress\n|-end|p2b: Mistress|Quark Drive|[silent]\n|\n|win|PanamaGeisha\n|c|\u2606PanamaGeisha|Viene mi tren chucha\n|c|\u2606Fancy Cucudrula|gg jajajaa\n|c|\u2606Fancy Cucudrula|reporta mana\n|l|\u2606PanamaGeisha\n","uploadtime":1700614866,"views":10,"p1id":"panamageisha","p2id":"fancycucudrula","formatid":"gen9vgc2023regulatione","rating":0,"private":0,"password":""}