{"id":"gen9vgc2023regulatione-1998507744","p1":"1crash94","p2":"That_Leek","format":"[Gen 9] VGC 2023 Regulation E","log":"|j|\u26061crash94\n|j|\u2606That_Leek\n|t:|1700950218\n|gametype|doubles\n|player|p1|1crash94|red|1424\n|player|p2|That_Leek|blue|1498\n|teamsize|p1|6\n|teamsize|p2|6\n|gen|9\n|tier|[Gen 9] VGC 2023 Regulation E\n|rated|\n|rule|Species Clause: Limit one of each Pok\u00e9mon\n|rule|Item Clause: Limit one of each item\n|clearpoke\n|poke|p1|Baxcalibur, L50, M|\n|poke|p1|Ogerpon-Wellspring, L50, F|\n|poke|p1|Arcanine-Hisui, L50, M|\n|poke|p1|Ninetales-Alola, L50, F|\n|poke|p1|Rillaboom, L50, M|\n|poke|p1|Thundurus-Therian, L50, M|\n|poke|p2|Gholdengo, L50|\n|poke|p2|Ogerpon-Wellspring, L50, F|\n|poke|p2|Arcanine-Hisui, L50, F|\n|poke|p2|Chien-Pao, L50|\n|poke|p2|Scream Tail, L50|\n|poke|p2|Dragonite, L50, F|\n|teampreview|4\nThat_Leek has agreed to open team sheets.\n|\n|t:|1700950256\n|start\n|switch|p1a: Krystal|Ninetales-Alola, L50, F|100\/100\n|switch|p1b: Rillaboom|Rillaboom, L50, M|100\/100\n|switch|p2a: Gholdengo|Gholdengo, L50|100\/100\n|switch|p2b: Dragonite|Dragonite, L50, F|100\/100\n|-weather|Snow|[from] ability: Snow Warning|[of] p1a: Krystal\n|-fieldstart|move: Grassy Terrain|[from] ability: Grassy Surge|[of] p1b: Rillaboom\n|turn|1\n|\n|t:|1700950276\n|-terastallize|p1a: Krystal|Water\n|move|p1a: Krystal|Icy Wind|p2b: Dragonite|[spread] p2a,p2b\n|-resisted|p2a: Gholdengo\n|-supereffective|p2b: Dragonite\n|-damage|p2a: Gholdengo|94\/100\n|-damage|p2b: Dragonite|70\/100\n|-unboost|p2a: Gholdengo|spe|1\n|-unboost|p2b: Dragonite|spe|1\n|move|p1b: Rillaboom|Knock Off|p2a: Gholdengo\n|-supereffective|p2a: Gholdengo\n|-damage|p2a: Gholdengo|31\/100\n|-enditem|p2a: Gholdengo|Sitrus Berry|[from] move: Knock Off|[of] p1b: Rillaboom\n|move|p2a: Gholdengo|Nasty Plot|p2a: Gholdengo\n|-boost|p2a: Gholdengo|spa|2\n|move|p2b: Dragonite|Aerial Ace|p1b: Rillaboom\n|-supereffective|p1b: Rillaboom\n|-damage|p1b: Rillaboom|37\/100\n|\n|-weather|Snow|[upkeep]\n|-heal|p1b: Rillaboom|43\/100|[from] Grassy Terrain\n|-heal|p2a: Gholdengo|37\/100|[from] Grassy Terrain\n|upkeep\n|turn|2\n|\n|t:|1700950301\n|move|p2a: Gholdengo|Protect|p2a: Gholdengo\n|-singleturn|p2a: Gholdengo|Protect\n|move|p2b: Dragonite|Extreme Speed|p1b: Rillaboom\n|-damage|p1b: Rillaboom|15\/100\n|move|p1a: Krystal|Moonblast|p2b: Dragonite\n|-supereffective|p2b: Dragonite\n|-damage|p2b: Dragonite|37\/100\n|move|p1b: Rillaboom|Wood Hammer|p2a: Gholdengo\n|-activate|p2a: Gholdengo|move: Protect\n|\n|-weather|Snow|[upkeep]\n|-heal|p1b: Rillaboom|21\/100|[from] Grassy Terrain\n|-heal|p2a: Gholdengo|43\/100|[from] Grassy Terrain\n|upkeep\n|turn|3\n|\n|t:|1700950322\n|move|p2b: Dragonite|Extreme Speed|p1b: Rillaboom\n|-crit|p1b: Rillaboom\n|-damage|p1b: Rillaboom|0 fnt\n|faint|p1b: Rillaboom\n|move|p1a: Krystal|Aurora Veil|p1a: Krystal\n|-sidestart|p1: 1crash94|move: Aurora Veil\n|move|p2a: Gholdengo|Shadow Ball|p1a: Krystal\n|-damage|p1a: Krystal|46\/100\n|\n|-weather|Snow|[upkeep]\n|-heal|p1a: Krystal|52\/100|[from] Grassy Terrain\n|-heal|p2a: Gholdengo|48\/100|[from] Grassy Terrain\n|upkeep\n|\n|t:|1700950332\n|switch|p1b: Ragna|Arcanine-Hisui, L50, M|100\/100\n|-ability|p1b: Ragna|Intimidate|boost\n|-unboost|p2a: Gholdengo|atk|1\n|-fail|p2b: Dragonite|unboost|Attack|[from] ability: Inner Focus|[of] p2b: Dragonite\n|turn|4\n|\n|t:|1700950367\n|-terastallize|p2a: Gholdengo|Water\n|move|p2b: Dragonite|Extreme Speed|p1a: Krystal\n|-damage|p1a: Krystal|30\/100\n|move|p1a: Krystal|Icy Wind|p2b: Dragonite|[spread] p2a,p2b\n|-resisted|p2a: Gholdengo\n|-supereffective|p2b: Dragonite\n|-damage|p2a: Gholdengo|42\/100\n|-damage|p2b: Dragonite|10\/100\n|-unboost|p2a: Gholdengo|spe|1\n|-unboost|p2b: Dragonite|spe|1\n|move|p1b: Ragna|Head Smash|p2a: Gholdengo\n|-damage|p2a: Gholdengo|0 fnt\n|faint|p2a: Gholdengo\n|-damage|p1b: Ragna|78\/100|[from] Recoil\n|\n|-weather|Snow|[upkeep]\n|-heal|p1a: Krystal|36\/100|[from] Grassy Terrain\n|-heal|p1b: Ragna|83\/100|[from] Grassy Terrain\n|upkeep\n|\n|t:|1700950376\n|switch|p2a: Arcanine|Arcanine-Hisui, L50, F|100\/100\n|-ability|p2a: Arcanine|Intimidate|boost\n|-unboost|p1a: Krystal|atk|1\n|-unboost|p1b: Ragna|atk|1\n|turn|5\n|\n|t:|1700950392\n|move|p2a: Arcanine|Extreme Speed|p1a: Krystal\n|-damage|p1a: Krystal|0 fnt\n|faint|p1a: Krystal\n|move|p1b: Ragna|Head Smash|p2a: Arcanine|[miss]\n|-miss|p1b: Ragna|p2a: Arcanine\n|move|p2b: Dragonite|Stomping Tantrum|p1b: Ragna\n|-supereffective|p1b: Ragna\n|-damage|p1b: Ragna|0 fnt\n|faint|p1b: Ragna\n|\n|-weather|none\n|-fieldend|move: Grassy Terrain\n|upkeep\n|\n|t:|1700950403\n|switch|p1b: Thundurus|Thundurus-Therian, L50, M|100\/100\n|turn|6\n|\n|t:|1700950415\n|move|p2a: Arcanine|Extreme Speed|p1b: Thundurus\n|-damage|p1b: Thundurus|56\/100\n|move|p1b: Thundurus|Wildbolt Storm|p2b: Dragonite|[spread] p2a,p2b\n|-crit|p2a: Arcanine\n|-damage|p2a: Arcanine|1\/100\n|-damage|p2b: Dragonite|0 fnt\n|faint|p2b: Dragonite\n|-damage|p1b: Thundurus|46\/100|[from] item: Life Orb\n|\n|upkeep\n|\n|t:|1700950418\n|switch|p2b: Chien-Pao|Chien-Pao, L50|100\/100\n|-ability|p2b: Chien-Pao|Sword of Ruin\n|turn|7\n|\n|t:|1700950427\n|move|p2a: Arcanine|Extreme Speed|p1b: Thundurus\n|-damage|p1b: Thundurus|0 fnt\n|faint|p1b: Thundurus\n|\n|win|That_Leek\n|raw|1crash94's rating: 1424 &rarr; <strong>1408<\/strong><br \/>(-16 for losing)\n|raw|That_Leek's rating: 1498 &rarr; <strong>1514<\/strong><br \/>(+16 for winning)\n|l|\u26061crash94\n","uploadtime":1700950459,"views":5,"p1id":"1crash94","p2id":"thatleek","formatid":"gen9vgc2023regulatione","rating":1408,"private":0,"password":""}