{"id":"gen9vgc2023regulatione-1994779197","p1":"malaninja","p2":"ShadowTriad Lazer","format":"[Gen 9] VGC 2023 Regulation E","log":"|j|\u2606malaninja\n|j|\u2606ShadowTriad Lazer\n|t:|1700491937\n|gametype|doubles\n|player|p1|malaninja|cynthia-gen4|1077\n|player|p2|ShadowTriad Lazer|shadowtriad|1122\n|teamsize|p1|6\n|teamsize|p2|6\n|gen|9\n|tier|[Gen 9] VGC 2023 Regulation E\n|rated|\n|rule|Species Clause: Limit one of each Pok\u00e9mon\n|rule|Item Clause: Limit one of each item\n|clearpoke\n|poke|p1|Iron Hands, L50|\n|poke|p1|Flutter Mane, L50|\n|poke|p1|Arcanine-Hisui, L50, M|\n|poke|p1|Urshifu-*, L50, F|\n|poke|p1|Ogerpon-Hearthflame, L50, F|\n|poke|p1|Fezandipiti, L50, M|\n|poke|p2|Vaporeon, L50, F|\n|poke|p2|Hatterene, L50, F|\n|poke|p2|Dragalge, L50, F|\n|poke|p2|Gallade, L50, M|\n|poke|p2|Typhlosion-Hisui, L50, M|\n|poke|p2|Bombirdier, L50, F|\n|teampreview|4\n|inactive|Battle timer is ON: inactive players will automatically lose when time's up. (requested by malaninja)\nmalaninja has agreed to open team sheets.\n|inactive|malaninja has 60 seconds left.\n|\n|t:|1700491968\n|start\n|switch|p1a: Urshifu|Urshifu-Rapid-Strike, L50, F|100\/100\n|switch|p1b: Ogerpon|Ogerpon-Hearthflame, L50, F|100\/100\n|switch|p2a: Shakalaka|Bombirdier, L50, F|100\/100\n|switch|p2b: Pairo Obake|Typhlosion-Hisui, L50, M|100\/100\n|-ability|p1b: Ogerpon|Mold Breaker\n|turn|1\n|\n|t:|1700491981\n|switch|p2b: Kika Ki|Vaporeon, L50, F|100\/100\n|-terastallize|p1b: Ogerpon|Fire\n|detailschange|p1b: Ogerpon|Ogerpon-Hearthflame-Tera, L50, F, tera:Fire\n|-ability|p1b: Ogerpon|Embody Aspect (Hearthflame)|boost\n|-boost|p1b: Ogerpon|atk|1\n|move|p2a: Shakalaka|Brave Bird|p1a: Urshifu\n|-supereffective|p1a: Urshifu\n|-damage|p1a: Urshifu|0 fnt\n|faint|p1a: Urshifu\n|-damage|p2a: Shakalaka|59\/100|[from] Recoil\n|move|p1b: Ogerpon|Ivy Cudgel|p2a: Shakalaka|[anim] Ivy Cudgel Fire\n|-damage|p2a: Shakalaka|0 fnt\n|faint|p2a: Shakalaka\n|\n|upkeep\n|\n|t:|1700492002\n|switch|p2a: Pairo Obake|Typhlosion-Hisui, L50, M|100\/100\n|switch|p1a: Iron Hands|Iron Hands, L50|100\/100\n|turn|2\n|\n|t:|1700492013\n|-terastallize|p2b: Kika Ki|Dragon\n|move|p1b: Ogerpon|Knock Off|p2a: Pairo Obake\n|-supereffective|p2a: Pairo Obake\n|-enditem|p2a: Pairo Obake|Focus Sash\n|-damage|p2a: Pairo Obake|1\/100\n|move|p2a: Pairo Obake|Will-O-Wisp|p1a: Iron Hands|[miss]\n|-miss|p2a: Pairo Obake|p1a: Iron Hands\n|move|p1a: Iron Hands|Wild Charge|p2b: Kika Ki\n|-resisted|p2b: Kika Ki\n|-damage|p2b: Kika Ki|81\/100\n|-damage|p1a: Iron Hands|96\/100|[from] Recoil\n|move|p2b: Kika Ki|Icy Wind|p1a: Iron Hands|[spread] p1a,p1b\n|-resisted|p1b: Ogerpon\n|-damage|p1a: Iron Hands|91\/100\n|-damage|p1b: Ogerpon|95\/100\n|-unboost|p1a: Iron Hands|spe|1\n|-unboost|p1b: Ogerpon|spe|1\n|\n|upkeep\n|turn|3\n|\n|t:|1700492036\n|move|p2a: Pairo Obake|Protect|p2a: Pairo Obake\n|-singleturn|p2a: Pairo Obake|Protect\n|move|p1b: Ogerpon|Knock Off|p2a: Pairo Obake\n|-activate|p2a: Pairo Obake|move: Protect\n|move|p2b: Kika Ki|Chilling Water|p1b: Ogerpon\n|-supereffective|p1b: Ogerpon\n|-damage|p1b: Ogerpon|54\/100\n|-unboost|p1b: Ogerpon|atk|1\n|move|p1a: Iron Hands|Heavy Slam|p2b: Kika Ki\n|-damage|p2b: Kika Ki|44\/100\n|\n|upkeep\n|turn|4\n|inactive|ShadowTriad Lazer has 30 seconds left.\n|\n|t:|1700492062\n|move|p2a: Pairo Obake|Will-O-Wisp|p1a: Iron Hands\n|-status|p1a: Iron Hands|brn\n|move|p1b: Ogerpon|Knock Off|p2a: Pairo Obake\n|-supereffective|p2a: Pairo Obake\n|-damage|p2a: Pairo Obake|0 fnt\n|faint|p2a: Pairo Obake\n|move|p2b: Kika Ki|Rest|p2b: Kika Ki\n|-status|p2b: Kika Ki|slp|[from] move: Rest\n|-heal|p2b: Kika Ki|100\/100 slp|[silent]\n|-enditem|p2b: Kika Ki|Chesto Berry|[eat]\n|-curestatus|p2b: Kika Ki|slp|[msg]\n|move|p1a: Iron Hands|Heavy Slam|p2b: Kika Ki\n|-damage|p2b: Kika Ki|82\/100\n|\n|-damage|p1a: Iron Hands|85\/100 brn|[from] brn\n|upkeep\n|\n|t:|1700492077\n|switch|p2a: Kazeshini|Gallade, L50, M|100\/100\n|turn|5\n|\n|t:|1700492086\n|move|p2a: Kazeshini|Protect|p2a: Kazeshini\n|-singleturn|p2a: Kazeshini|Protect\n|move|p1b: Ogerpon|Ivy Cudgel|p2a: Kazeshini|[anim] Ivy Cudgel Fire\n|-activate|p2a: Kazeshini|move: Protect\n|move|p2b: Kika Ki|Icy Wind|p1b: Ogerpon|[spread] p1a,p1b\n|-resisted|p1b: Ogerpon\n|-damage|p1a: Iron Hands|81\/100 brn\n|-damage|p1b: Ogerpon|49\/100\n|-unboost|p1a: Iron Hands|spe|1\n|-unboost|p1b: Ogerpon|spe|1\n|move|p1a: Iron Hands|Heavy Slam|p2b: Kika Ki\n|-damage|p2b: Kika Ki|62\/100\n|\n|-damage|p1a: Iron Hands|75\/100 brn|[from] brn\n|upkeep\n|turn|6\n|\n|t:|1700492106\n|-end|p1a: Iron Hands|Quark Drive|[silent]\n|switch|p1a: Arcanine|Arcanine-Hisui, L50, M, shiny|100\/100\n|-ability|p1a: Arcanine|Intimidate|boost\n|-unboost|p2a: Kazeshini|atk|1\n|-unboost|p2b: Kika Ki|atk|1\n|move|p2a: Kazeshini|Sacred Sword|p1b: Ogerpon\n|-damage|p1b: Ogerpon|0 fnt\n|faint|p1b: Ogerpon\n|move|p2b: Kika Ki|Chilling Water|p1a: Arcanine\n|-supereffective|p1a: Arcanine\n|-damage|p1a: Arcanine|17\/100\n|-unboost|p1a: Arcanine|atk|1\n|\n|upkeep\n|\n|t:|1700492117\n|switch|p1b: Iron Hands|Iron Hands, L50|75\/100 brn\n|turn|7\n|\n|t:|1700492131\n|move|p2a: Kazeshini|Protect|p2a: Kazeshini\n|-singleturn|p2a: Kazeshini|Protect\n|move|p1b: Iron Hands|Fake Out|p2a: Kazeshini\n|-activate|p2a: Kazeshini|move: Protect\n|move|p1a: Arcanine|Rock Slide|p2a: Kazeshini|[spread] p2b\n|-activate|p2a: Kazeshini|move: Protect\n|-damage|p2b: Kika Ki|37\/100\n|move|p2b: Kika Ki|Chilling Water|p1a: Arcanine\n|-supereffective|p1a: Arcanine\n|-damage|p1a: Arcanine|0 fnt\n|faint|p1a: Arcanine\n|\n|-damage|p1b: Iron Hands|69\/100 brn|[from] brn\n|upkeep\n|turn|8\n|\n|t:|1700492146\n|move|p2a: Kazeshini|Psycho Cut|p1b: Iron Hands\n|-supereffective|p1b: Iron Hands\n|-damage|p1b: Iron Hands|14\/100 brn\n|move|p1b: Iron Hands|Heavy Slam|p2b: Kika Ki\n|-damage|p2b: Kika Ki|19\/100\n|move|p2b: Kika Ki|Chilling Water|p1b: Iron Hands\n|-damage|p1b: Iron Hands|5\/100 brn\n|-unboost|p1b: Iron Hands|atk|1\n|\n|-damage|p1b: Iron Hands|0 fnt|[from] brn\n|faint|p1b: Iron Hands\n|-end|p1b: Iron Hands|Quark Drive|[silent]\n|\n|win|ShadowTriad Lazer\n|upkeep\n|raw|malaninja's rating: 1077 &rarr; <strong>1058<\/strong><br \/>(-19 for losing)\n|raw|ShadowTriad Lazer's rating: 1122 &rarr; <strong>1144<\/strong><br \/>(+22 for winning)\n|c|\u2606ShadowTriad Lazer|gg\n|l|\u2606malaninja\n","uploadtime":1700493182,"views":16,"p1id":"malaninja","p2id":"shadowtriadlazer","formatid":"gen9vgc2023regulatione","rating":1058,"private":0,"password":""}