{"id":"gen9vgc2023regulatione-1993518674","p1":"Fortune Meow","p2":"WestyLiam","format":"[Gen 9] VGC 2023 Regulation E","log":"|j|\u2606Fortune Meow\n|j|\u2606WestyLiam\n|n|\u2606Fortune Meow|fortunemeow\n|n|\u2606WestyLiam|westyliam\n|html|View the match progress at <a href=\"\/game-bestof3-gen9vgc2023regulatione-1993517264\">game-bestof3-gen9vgc2023regulatione-1993517264<\/a>\n|t:|1700327287\n|gametype|doubles\n|player|p1|Fortune Meow|burglar|\n|player|p2|WestyLiam|266|\n|teamsize|p1|6\n|teamsize|p2|6\n|gen|9\n|tier|[Gen 9] VGC 2023 Regulation E\n|rule|Species Clause: Limit one of each Pok\u00e9mon\n|rule|Item Clause: Limit one of each item\n|clearpoke\n|poke|p1|Kommo-o, L50, M|\n|poke|p1|Tyranitar, L50, F|\n|poke|p1|Rillaboom, L50, M|\n|poke|p1|Flutter Mane, L50|\n|poke|p1|Arcanine-Hisui, L50, M|\n|poke|p1|Iron Bundle, L50|\n|poke|p2|Heatran, L50, M|\n|poke|p2|Iron Hands, L50|\n|poke|p2|Flutter Mane, L50|\n|poke|p2|Roaring Moon, L50|\n|poke|p2|Amoonguss, L50, M|\n|poke|p2|Landorus-Therian, L50, M|\n|teampreview|4\n|inactive|Battle timer is ON: inactive players will automatically lose when time's up. (requested by WestyLiam)\n|inactive|Fortune Meow also wants the timer to be on.\n|\n|t:|1700327305\n|start\n|switch|p1a: Rillaboom|Rillaboom, L50, M|100\/100\n|switch|p1b: Kommo-o|Kommo-o, L50, M|100\/100\n|switch|p2a: Heatran|Heatran, L50, M|100\/100\n|switch|p2b: Iron Hands|Iron Hands, L50|100\/100\n|-fieldstart|move: Grassy Terrain|[from] ability: Grassy Surge|[of] p1a: Rillaboom\n|turn|1\n|\n|t:|1700327323\n|switch|p1a: Arcanine|Arcanine-Hisui, L50, M|100\/100\n|-ability|p1a: Arcanine|Intimidate|boost\n|-unboost|p2a: Heatran|atk|1\n|-unboost|p2b: Iron Hands|atk|1\n|-terastallize|p2a: Heatran|Fairy\n|move|p1b: Kommo-o|Protect|p1b: Kommo-o\n|-singleturn|p1b: Kommo-o|Protect\n|move|p2b: Iron Hands|Fake Out|p1a: Arcanine\n|-resisted|p1a: Arcanine\n|-damage|p1a: Arcanine|95\/100\n|move|p2a: Heatran|Heat Wave|p1b: Kommo-o|[spread] p1a\n|-activate|p1b: Kommo-o|move: Protect\n|-resisted|p1a: Arcanine\n|-crit|p1a: Arcanine\n|-damage|p1a: Arcanine|76\/100\n|-damage|p2a: Heatran|91\/100|[from] item: Life Orb\n|\n|-heal|p1a: Arcanine|82\/100|[from] Grassy Terrain\n|-heal|p2a: Heatran|97\/100|[from] Grassy Terrain\n|upkeep\n|turn|2\n|inactive|WestyLiam has 30 seconds left.\n|\n|t:|1700327353\n|move|p2a: Heatran|Protect|p2a: Heatran\n|-singleturn|p2a: Heatran|Protect\n|move|p1a: Arcanine|Will-O-Wisp|p2b: Iron Hands\n|-status|p2b: Iron Hands|brn\n|move|p1b: Kommo-o|Iron Defense|p1b: Kommo-o\n|-boost|p1b: Kommo-o|def|2\n|move|p2b: Iron Hands|Drain Punch|p1a: Arcanine\n|-supereffective|p1a: Arcanine\n|-damage|p1a: Arcanine|51\/100\n|\n|-heal|p1a: Arcanine|57\/100|[from] Grassy Terrain\n|-heal|p2a: Heatran|100\/100|[from] Grassy Terrain\n|-damage|p2b: Iron Hands|94\/100 brn|[from] brn\n|upkeep\n|turn|3\n|\n|t:|1700327373\n|-end|p2b: Iron Hands|Quark Drive|[silent]\n|switch|p2b: Landorus|Landorus-Therian, L50, M|100\/100\n|-ability|p2b: Landorus|Intimidate|boost\n|-unboost|p1a: Arcanine|atk|1\n|-unboost|p1b: Kommo-o|atk|1\n|move|p1a: Arcanine|Howl|p1a: Arcanine|[spread] p1a,p1b\n|-boost|p1a: Arcanine|atk|1\n|-boost|p1b: Kommo-o|atk|1\n|move|p2a: Heatran|Earth Power|p1a: Arcanine\n|-supereffective|p1a: Arcanine\n|-damage|p1a: Arcanine|0 fnt\n|faint|p1a: Arcanine\n|-damage|p2a: Heatran|91\/100|[from] item: Life Orb\n|move|p1b: Kommo-o|Iron Defense|p1b: Kommo-o\n|-boost|p1b: Kommo-o|def|2\n|\n|-heal|p2a: Heatran|97\/100|[from] Grassy Terrain\n|upkeep\n|\n|t:|1700327381\n|switch|p1a: Rillaboom|Rillaboom, L50, M|100\/100\n|turn|4\n|\n|t:|1700327395\n|-terastallize|p1a: Rillaboom|Grass\n|move|p2a: Heatran|Protect|p2a: Heatran\n|-singleturn|p2a: Heatran|Protect\n|move|p2b: Landorus|U-turn|p1a: Rillaboom\n|-supereffective|p1a: Rillaboom\n|-damage|p1a: Rillaboom|49\/100\n|\n|t:|1700327402\n|switch|p2b: Iron Hands|Iron Hands, L50|94\/100 brn|[from] U-turn\n|move|p1a: Rillaboom|Wood Hammer|p2a: Heatran\n|-activate|p2a: Heatran|move: Protect\n|move|p1b: Kommo-o|Body Press|p2b: Iron Hands\n|-damage|p2b: Iron Hands|7\/100 brn\n|\n|-heal|p2a: Heatran|100\/100|[from] Grassy Terrain\n|-heal|p1a: Rillaboom|55\/100|[from] Grassy Terrain\n|-heal|p2b: Iron Hands|13\/100 brn|[from] Grassy Terrain\n|-damage|p2b: Iron Hands|7\/100 brn|[from] brn\n|upkeep\n|turn|5\n|\n|t:|1700327416\n|switch|p1a: Flutter Mane|Flutter Mane, L50|100\/100\n|move|p2b: Iron Hands|Fake Out|p1b: Kommo-o\n|-damage|p1b: Kommo-o|99\/100\n|move|p2a: Heatran|Heat Wave|p1b: Kommo-o|[spread] p1a\n|-miss|p2a: Heatran|p1b: Kommo-o\n|-damage|p1a: Flutter Mane|52\/100\n|-status|p1a: Flutter Mane|brn\n|-damage|p2a: Heatran|91\/100|[from] item: Life Orb\n|cant|p1b: Kommo-o|flinch\n|\n|-heal|p1a: Flutter Mane|58\/100 brn|[from] Grassy Terrain\n|-heal|p2a: Heatran|97\/100|[from] Grassy Terrain\n|-heal|p1b: Kommo-o|100\/100|[from] Grassy Terrain\n|-heal|p2b: Iron Hands|13\/100 brn|[from] Grassy Terrain\n|-damage|p1a: Flutter Mane|52\/100 brn|[from] brn\n|-damage|p2b: Iron Hands|7\/100 brn|[from] brn\n|-fieldend|move: Grassy Terrain\n|upkeep\n|turn|6\n|\n|t:|1700327433\n|move|p2a: Heatran|Protect|p2a: Heatran\n|-singleturn|p2a: Heatran|Protect\n|move|p1a: Flutter Mane|Dazzling Gleam|p2b: Iron Hands|[spread] p2b\n|-activate|p2a: Heatran|move: Protect\n|-supereffective|p2b: Iron Hands\n|-damage|p2b: Iron Hands|0 fnt\n|faint|p2b: Iron Hands\n|-end|p2b: Iron Hands|Quark Drive|[silent]\n|move|p1b: Kommo-o|Iron Head|p2a: Heatran\n|-activate|p2a: Heatran|move: Protect\n|\n|-damage|p1a: Flutter Mane|46\/100 brn|[from] brn\n|upkeep\n|\n|t:|1700327445\n|switch|p2b: Roaring Moon|Roaring Moon, L50|100\/100\n|-enditem|p2b: Roaring Moon|Booster Energy\n|-activate|p2b: Roaring Moon|ability: Protosynthesis|[fromitem]\n|-start|p2b: Roaring Moon|protosynthesisatk\n|turn|7\n|inactive|WestyLiam has 30 seconds left.\n|\n|t:|1700327476\n|-end|p1a: Flutter Mane|Protosynthesis|[silent]\n|switch|p1a: Rillaboom|Rillaboom, L50, M, tera:Grass|55\/100\n|-fieldstart|move: Grassy Terrain|[from] ability: Grassy Surge|[of] p1a: Rillaboom\n|move|p2b: Roaring Moon|Protect|p2b: Roaring Moon\n|-singleturn|p2b: Roaring Moon|Protect\n|move|p2a: Heatran|Heat Wave|p1a: Rillaboom|[spread] p1a,p1b\n|-supereffective|p1a: Rillaboom\n|-resisted|p1b: Kommo-o\n|-damage|p1a: Rillaboom|0 fnt\n|-damage|p1b: Kommo-o|77\/100\n|faint|p1a: Rillaboom\n|-damage|p2a: Heatran|87\/100|[from] item: Life Orb\n|move|p1b: Kommo-o|Body Press|p2b: Roaring Moon\n|-activate|p2b: Roaring Moon|move: Protect\n|\n|-heal|p2a: Heatran|93\/100|[from] Grassy Terrain\n|-heal|p1b: Kommo-o|83\/100|[from] Grassy Terrain\n|-heal|p1b: Kommo-o|89\/100|[from] item: Leftovers\n|upkeep\n|\n|t:|1700327487\n|switch|p1a: Flutter Mane|Flutter Mane, L50|46\/100 brn\n|turn|8\n|\n|t:|1700327504\n|-end|p2b: Roaring Moon|Protosynthesis|[silent]\n|switch|p2b: Landorus|Landorus-Therian, L50, M|100\/100\n|-ability|p2b: Landorus|Intimidate|boost\n|-unboost|p1a: Flutter Mane|atk|1\n|-unboost|p1b: Kommo-o|atk|1\n|move|p1a: Flutter Mane|Moonblast|p2a: Heatran\n|-damage|p2a: Heatran|23\/100\n|-unboost|p2a: Heatran|spa|1\n|move|p2a: Heatran|Heat Wave|p1a: Flutter Mane|[spread] p1b\n|-miss|p2a: Heatran|p1a: Flutter Mane\n|-resisted|p1b: Kommo-o\n|-damage|p1b: Kommo-o|75\/100\n|-damage|p2a: Heatran|13\/100|[from] item: Life Orb\n|move|p1b: Kommo-o|Body Press|p2b: Landorus\n|-resisted|p2b: Landorus\n|-damage|p2b: Landorus|40\/100\n|\n|-heal|p1a: Flutter Mane|52\/100 brn|[from] Grassy Terrain\n|-heal|p2a: Heatran|19\/100|[from] Grassy Terrain\n|-heal|p1b: Kommo-o|81\/100|[from] Grassy Terrain\n|-heal|p1b: Kommo-o|87\/100|[from] item: Leftovers\n|-damage|p1a: Flutter Mane|46\/100 brn|[from] brn\n|upkeep\n|turn|9\n|inactive|WestyLiam has 30 seconds left.\n|\n|t:|1700327535\n|move|p2b: Landorus|Stomping Tantrum|p1a: Flutter Mane\n|-damage|p1a: Flutter Mane|0 fnt\n|faint|p1a: Flutter Mane\n|-end|p1a: Flutter Mane|Protosynthesis|[silent]\n|move|p2a: Heatran|Earth Power|p1b: Kommo-o\n|-damage|p1b: Kommo-o|60\/100\n|-unboost|p1b: Kommo-o|spd|1\n|-damage|p2a: Heatran|9\/100|[from] item: Life Orb\n|move|p1b: Kommo-o|Body Press|p2b: Landorus\n|-resisted|p2b: Landorus\n|-damage|p2b: Landorus|0 fnt\n|faint|p2b: Landorus\n|\n|-heal|p2a: Heatran|15\/100|[from] Grassy Terrain\n|-heal|p1b: Kommo-o|66\/100|[from] Grassy Terrain\n|-heal|p1b: Kommo-o|72\/100|[from] item: Leftovers\n|upkeep\n|\n|t:|1700327538\n|switch|p2b: Roaring Moon|Roaring Moon, L50|100\/100\n|turn|10\n|\n|t:|1700327550\n|move|p2b: Roaring Moon|Protect|p2b: Roaring Moon\n|-singleturn|p2b: Roaring Moon|Protect\n|move|p2a: Heatran|Heat Wave|p1b: Kommo-o\n|-resisted|p1b: Kommo-o\n|-damage|p1b: Kommo-o|43\/100\n|-damage|p2a: Heatran|6\/100|[from] item: Life Orb\n|move|p1b: Kommo-o|Body Press|p2a: Heatran\n|-resisted|p2a: Heatran\n|-damage|p2a: Heatran|0 fnt\n|faint|p2a: Heatran\n|\n|-heal|p1b: Kommo-o|49\/100|[from] Grassy Terrain\n|-heal|p1b: Kommo-o|55\/100|[from] item: Leftovers\n|upkeep\n|turn|11\n|\n|t:|1700327559\n|move|p2b: Roaring Moon|Acrobatics|p1b: Kommo-o\n|-supereffective|p1b: Kommo-o\n|-damage|p1b: Kommo-o|36\/100\n|move|p1b: Kommo-o|Body Press|p2b: Roaring Moon\n|-supereffective|p2b: Roaring Moon\n|-damage|p2b: Roaring Moon|0 fnt\n|faint|p2b: Roaring Moon\n|-end|p2b: Roaring Moon|Protosynthesis|[silent]\n|\n|win|Fortune Meow\n|c|&|\/uhtml prompt-westyliam,WestyLiam is ready for game 3!\n|inactive|Fortune Meow has 50 seconds to confirm battle start!\n|inactive|Fortune Meow has 40 seconds to confirm battle start!\n|inactive|Fortune Meow has 30 seconds to confirm battle start!\n|c|&|\/uhtml prompt-fortunemeow,Fortune Meow is ready for game 3!\nBoth players are ready! Starting next match!\n","uploadtime":1700327913,"views":10,"p1id":"fortunemeow","p2id":"westyliam","formatid":"gen9vgc2023regulatione","rating":0,"private":0,"password":""}