{"id":"gen9vgc2023regulatione-1993192934","p1":"N4N0vgc","p2":"LMagician","format":"[Gen 9] VGC 2023 Regulation E","log":"|j|\u2606N4N0vgc\n|j|\u2606LMagician\n|n|\u2606N4N0vgc|n4n0vgc\n|n|\u2606LMagician|lmagician\n|html|View the match progress at <a href=\"\/game-bestof3-gen9vgc2023regulatione-1993190575\">game-bestof3-gen9vgc2023regulatione-1993190575<\/a>\n|t:|1700276219\n|gametype|doubles\n|player|p1|N4N0vgc|guzma|\n|player|p2|LMagician|steven|\n|teamsize|p1|6\n|teamsize|p2|6\n|gen|9\n|tier|[Gen 9] VGC 2023 Regulation E\n|rule|Species Clause: Limit one of each Pok\u00e9mon\n|rule|Item Clause: Limit one of each item\n|clearpoke\n|poke|p1|Tornadus, L50, M|\n|poke|p1|Arcanine-Hisui, L50, M|\n|poke|p1|Rillaboom, L50, M|\n|poke|p1|Flutter Mane, L50|\n|poke|p1|Urshifu-*, L50, M|\n|poke|p1|Chien-Pao, L50|\n|poke|p2|Tornadus, L50, M|\n|poke|p2|Flutter Mane, L50|\n|poke|p2|Landorus-Therian, L50, M|\n|poke|p2|Heatran, L50, F|\n|poke|p2|Roaring Moon, L50|\n|poke|p2|Ogerpon-Wellspring, L50, F|\n|teampreview|4\n|\n|t:|1700276241\n|start\n|switch|p1a: Lakitu|Tornadus, L50, M, shiny|100\/100\n|switch|p1b: MelaMeneo|Flutter Mane, L50, shiny|100\/100\n|switch|p2a: Tornadus|Tornadus, L50, M|100\/100\n|switch|p2b: Landorus|Landorus-Therian, L50, M|100\/100\n|-ability|p2b: Landorus|Intimidate|boost\n|-unboost|p1a: Lakitu|atk|1\n|-unboost|p1b: MelaMeneo|atk|1\n|-enditem|p1b: MelaMeneo|Booster Energy\n|-activate|p1b: MelaMeneo|ability: Protosynthesis|[fromitem]\n|-start|p1b: MelaMeneo|protosynthesisspa\n|turn|1\n|c|\u2606LMagician|no aceptamos la ts xd\n|c|\u2606N4N0vgc|sorry  quieres reiniciar ??\n|c|\u2606LMagician|nah, tamos bien\n|c|\u2606N4N0vgc|seguro??\n|c|\u2606LMagician|si, yo lo puedo revisar en el anterior\n|c|\u2606N4N0vgc|cool\n|inactive|Battle timer is ON: inactive players will automatically lose when time's up. (requested by N4N0vgc)\n|\n|t:|1700276321\n|-terastallize|p2b: Landorus|Flying\n|move|p2a: Tornadus|Tailwind|p2a: Tornadus\n|-sidestart|p2: LMagician|move: Tailwind\n|move|p1a: Lakitu|Taunt|p2a: Tornadus\n|-start|p2a: Tornadus|move: Taunt\n|move|p2b: Landorus|Tera Blast|p1b: MelaMeneo|[anim] Tera Blast Flying\n|-damage|p1b: MelaMeneo|9\/100\n|move|p1b: MelaMeneo|Dazzling Gleam|p2a: Tornadus|[spread] p2a,p2b\n|-damage|p2a: Tornadus|51\/100\n|-damage|p2b: Landorus|54\/100\n|\n|upkeep\n|turn|2\n|inactive|N4N0vgc has 30 seconds left.\n|\n|t:|1700276350\n|move|p1a: Lakitu|Tailwind|p1a: Lakitu\n|-sidestart|p1: N4N0vgc|move: Tailwind\n|move|p2b: Landorus|Tera Blast|p1a: Lakitu|[anim] Tera Blast Flying\n|-damage|p1a: Lakitu|41\/100\n|move|p1b: MelaMeneo|Moonblast|p2a: Tornadus\n|-damage|p2a: Tornadus|0 fnt\n|faint|p2a: Tornadus\n|\n|upkeep\n|\n|t:|1700276361\n|switch|p2a: Flutter Mane|Flutter Mane, L50|100\/100\n|turn|3\n|\n|t:|1700276377\n|move|p1a: Lakitu|Rain Dance|p1a: Lakitu\n|-weather|RainDance\n|move|p2b: Landorus|Tera Blast|p1b: MelaMeneo|[anim] Tera Blast Flying\n|-damage|p1b: MelaMeneo|0 fnt\n|faint|p1b: MelaMeneo\n|-end|p1b: MelaMeneo|Protosynthesis|[silent]\n|move|p2a: Flutter Mane|Dazzling Gleam|p1a: Lakitu\n|-damage|p1a: Lakitu|0 fnt\n|faint|p1a: Lakitu\n|\n|-weather|RainDance|[upkeep]\n|upkeep\n|\n|t:|1700276381\n|switch|p1b: Michi|Chien-Pao, L50|100\/100\n|switch|p1a: Cari\u00f1OSO|Urshifu-Rapid-Strike, L50, M|100\/100\n|-ability|p1b: Michi|Sword of Ruin\n|turn|4\n|inactive|N4N0vgc has 30 seconds left.\n|inactive|LMagician has 30 seconds left.\n|\n|t:|1700276411\n|move|p1b: Michi|Protect|p1b: Michi\n|-singleturn|p1b: Michi|Protect\n|move|p1a: Cari\u00f1OSO|Detect|p1a: Cari\u00f1OSO\n|-singleturn|p1a: Cari\u00f1OSO|Protect\n|move|p2b: Landorus|Tera Blast|p1b: Michi|[anim] Tera Blast Flying\n|-activate|p1b: Michi|move: Protect\n|move|p2a: Flutter Mane|Dazzling Gleam|p1a: Cari\u00f1OSO|[spread] \n|-activate|p1a: Cari\u00f1OSO|move: Protect\n|-activate|p1b: Michi|move: Protect\n|\n|-weather|RainDance|[upkeep]\n|-sideend|p2: LMagician|move: Tailwind\n|upkeep\n|turn|5\n|\n|t:|1700276427\n|switch|p2b: Ogerpon|Ogerpon-Wellspring, L50, F|100\/100\n|move|p1b: Michi|Icicle Crash|p2b: Ogerpon\n|-damage|p2b: Ogerpon|34\/100\n|move|p1a: Cari\u00f1OSO|Surging Strikes|p2a: Flutter Mane\n|-crit|p2a: Flutter Mane\n|-damage|p2a: Flutter Mane|29\/100\n|-crit|p2a: Flutter Mane\n|-damage|p2a: Flutter Mane|0 fnt\n|faint|p2a: Flutter Mane\n|-end|p2a: Flutter Mane|Protosynthesis|[silent]\n|-hitcount|p2: Flutter Mane|2\n|\n|-weather|RainDance|[upkeep]\n|-sideend|p1: N4N0vgc|move: Tailwind\n|upkeep\n|\n|t:|1700276439\n|switch|p2a: Landorus|Landorus-Therian, L50, M, tera:Flying|54\/100\n|-ability|p2a: Landorus|Intimidate|boost\n|-unboost|p1a: Cari\u00f1OSO|atk|1\n|-unboost|p1b: Michi|atk|1\n|turn|6\n|inactive|LMagician has 30 seconds left.\n|inactive|LMagician has 20 seconds left.\n|inactive|LMagician has 15 seconds left.\n|inactive|LMagician has 10 seconds left.\n|\n|t:|1700276485\n|-terastallize|p1a: Cari\u00f1OSO|Water\n|move|p2a: Landorus|Tera Blast|p1b: Michi|[anim] Tera Blast Flying\n|-damage|p1b: Michi|24\/100\n|move|p1b: Michi|Icicle Crash|p2a: Landorus|[miss]\n|-miss|p1b: Michi|p2a: Landorus\n|move|p2b: Ogerpon|Wood Hammer|p1a: Cari\u00f1OSO\n|-supereffective|p1a: Cari\u00f1OSO\n|-damage|p1a: Cari\u00f1OSO|0 fnt\n|faint|p1a: Cari\u00f1OSO\n|-damage|p2b: Ogerpon|0 fnt|[from] Recoil\n|faint|p2b: Ogerpon\n|\n|-weather|RainDance|[upkeep]\n|upkeep\n|turn|7\n|c|\u2606N4N0vgc|lol\n|c|\u2606N4N0vgc|ggs\n|c|\u2606LMagician|vaya suerte m\u00e1s hp\n|c|\u2606LMagician|gg\n|\n|t:|1700276510\n|move|p1b: Michi|Sucker Punch|p2a: Landorus\n|-damage|p2a: Landorus|20\/100\n|move|p2a: Landorus|Tera Blast|p1b: Michi|[anim] Tera Blast Flying\n|-damage|p1b: Michi|0 fnt\n|faint|p1b: Michi\n|\n|win|LMagician\n|c|\u2606N4N0vgc|burno nada nuevo\n|l|\u2606N4N0vgc\n","uploadtime":1700276634,"views":11,"p1id":"n4n0vgc","p2id":"lmagician","formatid":"gen9vgc2023regulatione","rating":0,"private":0,"password":""}