{"id":"gen9vgc2023regulatione-1995635688","p1":"RaimuBeat","p2":"Shooples","format":"[Gen 9] VGC 2023 Regulation E","log":"|j|\u2606RaimuBeat\n|j|\u2606Shooples\n|t:|1700589500\n|gametype|doubles\n|player|p1|RaimuBeat|caitlin|1342\n|player|p2|Shooples|2|1371\n|teamsize|p1|6\n|teamsize|p2|6\n|gen|9\n|tier|[Gen 9] VGC 2023 Regulation E\n|rated|\n|rule|Species Clause: Limit one of each Pok\u00e9mon\n|rule|Item Clause: Limit one of each item\n|clearpoke\n|poke|p1|Ogerpon-Hearthflame, L50, F|\n|poke|p1|Fezandipiti, L50, M|\n|poke|p1|Sinistcha, L50|\n|poke|p1|Arcanine-Hisui, L50, M|\n|poke|p1|Ursaluna-Bloodmoon, L50, M|\n|poke|p1|Milotic, L50, F|\n|poke|p2|Dondozo, L50, M|\n|poke|p2|Tatsugiri-Droopy, L50, M|\n|poke|p2|Ting-Lu, L50|\n|poke|p2|Flutter Mane, L50|\n|poke|p2|Chi-Yu, L50|\n|poke|p2|Rillaboom, L50, M|\n|teampreview|4\n|inactive|Battle timer is ON: inactive players will automatically lose when time's up. (requested by Shooples)\nRaimuBeat has agreed to open team sheets.\n|\n|t:|1700589521\n|start\n|switch|p1a: Chai|Sinistcha, L50|100\/100\n|switch|p1b: Mint|Milotic, L50, F, shiny|100\/100\n|switch|p2a: Ting-Lu|Ting-Lu, L50|100\/100\n|switch|p2b: Dondozo|Dondozo, L50, M|100\/100\n|-ability|p2a: Ting-Lu|Vessel of Ruin\n|turn|1\n|\n|t:|1700589533\n|move|p2b: Dondozo|Yawn|p1b: Mint\n|-start|p1b: Mint|move: Yawn|[of] p2b: Dondozo\n|move|p1b: Mint|Scald|p2b: Dondozo\n|-resisted|p2b: Dondozo\n|-damage|p2b: Dondozo|86\/100\n|move|p1a: Chai|Matcha Gotcha|p2b: Dondozo|[spread] \n|-miss|p1a: Chai|p2a: Ting-Lu\n|-miss|p1a: Chai|p2b: Dondozo\n|move|p2a: Ting-Lu|Stealth Rock|p1b: Mint\n|-sidestart|p1: RaimuBeat|move: Stealth Rock\n|\n|-heal|p2b: Dondozo|92\/100|[from] item: Leftovers\n|upkeep\n|turn|2\n|\n|t:|1700589555\n|move|p2b: Dondozo|Protect|p2b: Dondozo\n|-singleturn|p2b: Dondozo|Protect\n|move|p1b: Mint|Scald|p2b: Dondozo\n|-activate|p2b: Dondozo|move: Protect\n|move|p1a: Chai|Matcha Gotcha|p2a: Ting-Lu|[spread] \n|-activate|p2b: Dondozo|move: Protect\n|-miss|p1a: Chai|p2a: Ting-Lu\n|move|p2a: Ting-Lu|Whirlwind|p1a: Chai\n|drag|p1a: Nutmeg|Ursaluna-Bloodmoon, L50, M|100\/100\n|-damage|p1a: Nutmeg|95\/100|[from] Stealth Rock\n|\n|-heal|p2b: Dondozo|98\/100|[from] item: Leftovers\n|-end|p1b: Mint|move: Yawn|[silent]\n|-status|p1b: Mint|slp\n|upkeep\n|turn|3\n|\n|t:|1700589574\n|switch|p2a: Tatsugiri|Tatsugiri-Droopy, L50, M|100\/100\n|-activate|p2a: Tatsugiri|ability: Commander|[of] p2b: Dondozo\n|-boost|p2b: Dondozo|atk|2\n|-boost|p2b: Dondozo|spa|2\n|-boost|p2b: Dondozo|spe|2\n|-boost|p2b: Dondozo|def|2\n|-boost|p2b: Dondozo|spd|2\n|move|p2b: Dondozo|Wave Crash|p1a: Nutmeg\n|-supereffective|p1a: Nutmeg\n|-damage|p1a: Nutmeg|0 fnt\n|faint|p1a: Nutmeg\n|-damage|p2b: Dondozo|70\/100|[from] Recoil\n|cant|p1b: Mint|slp\n|\n|-heal|p2b: Dondozo|75\/100|[from] item: Leftovers\n|upkeep\n|\n|t:|1700589588\n|switch|p1a: Chai|Sinistcha, L50|100\/100\n|-damage|p1a: Chai|88\/100|[from] Stealth Rock\n|turn|4\n|\n|t:|1700589597\n|move|p2b: Dondozo|Yawn|p1a: Chai\n|-start|p1a: Chai|move: Yawn|[of] p2b: Dondozo\n|cant|p1b: Mint|slp\n|move|p1a: Chai|Strength Sap|p2b: Dondozo\n|-unboost|p2b: Dondozo|atk|1\n|-heal|p1a: Chai|100\/100\n|\n|-heal|p2b: Dondozo|81\/100|[from] item: Leftovers\n|upkeep\n|turn|5\n|\n|t:|1700589609\n|move|p2b: Dondozo|Protect|p2b: Dondozo\n|-singleturn|p2b: Dondozo|Protect\n|cant|p1b: Mint|slp\n|move|p1a: Chai|Trick Room|p1a: Chai\n|-fieldstart|move: Trick Room|[of] p1a: Chai\n|\n|-heal|p2b: Dondozo|87\/100|[from] item: Leftovers\n|-end|p1a: Chai|move: Yawn|[silent]\n|-status|p1a: Chai|slp\n|upkeep\n|turn|6\n|\n|t:|1700589619\n|cant|p1a: Chai|slp\n|-curestatus|p1b: Mint|slp|[msg]\n|move|p1b: Mint|Scald|p2b: Dondozo\n|-resisted|p2b: Dondozo\n|-damage|p2b: Dondozo|78\/100\n|move|p2b: Dondozo|Order Up|p1b: Mint\n|-damage|p1b: Mint|61\/100\n|-boost|p2b: Dondozo|def|1\n|\n|-heal|p2b: Dondozo|84\/100|[from] item: Leftovers\n|upkeep\n|turn|7\n|\n|t:|1700589634\n|-terastallize|p1b: Mint|Fairy\n|cant|p1a: Chai|slp\n|move|p1b: Mint|Scald|p2b: Dondozo\n|-resisted|p2b: Dondozo\n|-damage|p2b: Dondozo|75\/100\n|move|p2b: Dondozo|Order Up|p1b: Mint\n|-immune|p1b: Mint\n|\n|-heal|p2b: Dondozo|81\/100|[from] item: Leftovers\n|upkeep\n|turn|8\n|\n|t:|1700589648\n|-curestatus|p1a: Chai|slp|[msg]\n|move|p1a: Chai|Matcha Gotcha|p2b: Dondozo|[spread] p2b\n|-miss|p1a: Chai|p2a: Tatsugiri\n|-supereffective|p2b: Dondozo\n|-damage|p2b: Dondozo|59\/100\n|move|p1b: Mint|Scald|p2b: Dondozo\n|-resisted|p2b: Dondozo\n|-damage|p2b: Dondozo|49\/100\n|-status|p2b: Dondozo|brn\n|move|p2b: Dondozo|Yawn|p1b: Mint\n|-start|p1b: Mint|move: Yawn|[of] p2b: Dondozo\n|\n|-heal|p2b: Dondozo|55\/100 brn|[from] item: Leftovers\n|-damage|p2b: Dondozo|49\/100 brn|[from] brn\n|upkeep\n|turn|9\n|\n|t:|1700589668\n|move|p1a: Chai|Strength Sap|p2b: Dondozo\n|-unboost|p2b: Dondozo|atk|1\n|move|p1b: Mint|Draining Kiss|p2b: Dondozo\n|-damage|p2b: Dondozo|36\/100 brn\n|-heal|p1b: Mint|73\/100|[from] drain|[of] p2b: Dondozo\n|move|p2b: Dondozo|Yawn|p1a: Chai\n|-start|p1a: Chai|move: Yawn|[of] p2b: Dondozo\n|\n|-heal|p2b: Dondozo|42\/100 brn|[from] item: Leftovers\n|-damage|p2b: Dondozo|36\/100 brn|[from] brn\n|-end|p1b: Mint|move: Yawn|[silent]\n|-status|p1b: Mint|slp\n|-fieldend|move: Trick Room\n|upkeep\n|turn|10\n|\n|t:|1700589693\n|move|p2b: Dondozo|Order Up|p1a: Chai\n|-damage|p1a: Chai|92\/100\n|-boost|p2b: Dondozo|def|1\n|cant|p1b: Mint|slp\n|move|p1a: Chai|Matcha Gotcha|p2b: Dondozo|[spread] p2b\n|-miss|p1a: Chai|p2a: Tatsugiri\n|-supereffective|p2b: Dondozo\n|-damage|p2b: Dondozo|13\/100 brn\n|-heal|p1a: Chai|100\/100|[from] drain|[of] p2b: Dondozo\n|\n|-heal|p2b: Dondozo|19\/100 brn|[from] item: Leftovers\n|-damage|p2b: Dondozo|13\/100 brn|[from] brn\n|-end|p1a: Chai|move: Yawn|[silent]\n|-status|p1a: Chai|slp\n|upkeep\n|turn|11\n|\n|t:|1700589711\n|move|p2b: Dondozo|Wave Crash|p1b: Mint\n|-damage|p1b: Mint|43\/100 slp\n|-damage|p2b: Dondozo|5\/100 brn|[from] Recoil\n|-curestatus|p1b: Mint|slp|[msg]\n|move|p1b: Mint|Draining Kiss|p2b: Dondozo\n|-crit|p2b: Dondozo\n|-damage|p2b: Dondozo|0 fnt\n|-heal|p1b: Mint|47\/100|[from] drain|[of] p2b: Dondozo\n|faint|p2b: Dondozo\n|cant|p1a: Chai|slp\n|\n|upkeep\n|\n|t:|1700589720\n|switch|p2b: Ting-Lu|Ting-Lu, L50|100\/100\n|-ability|p2b: Ting-Lu|Vessel of Ruin\n|turn|12\n|\n|t:|1700589728\n|move|p2a: Tatsugiri|Taunt|p1a: Chai\n|-start|p1a: Chai|move: Taunt\n|move|p1b: Mint|Draining Kiss|p2a: Tatsugiri\n|-supereffective|p2a: Tatsugiri\n|-damage|p2a: Tatsugiri|52\/100\n|-heal|p1b: Mint|78\/100|[from] drain|[of] p2a: Tatsugiri\n|cant|p1a: Chai|slp\n|move|p2b: Ting-Lu|Heavy Slam|p1b: Mint\n|-supereffective|p1b: Mint\n|-damage|p1b: Mint|15\/100\n|-enditem|p1b: Mint|Aguav Berry|[eat]\n|-heal|p1b: Mint|48\/100|[from] item: Aguav Berry\n|\n|upkeep\n|turn|13\n|\n|t:|1700589751\n|move|p2a: Tatsugiri|Icy Wind|p1b: Mint|[spread] p1a,p1b\n|-supereffective|p1a: Chai\n|-damage|p1a: Chai|76\/100 slp\n|-damage|p1b: Mint|42\/100\n|-unboost|p1a: Chai|spe|1\n|-unboost|p1b: Mint|spe|1\n|-ability|p1b: Mint|Competitive|boost\n|-boost|p1b: Mint|spa|2\n|move|p2b: Ting-Lu|Heavy Slam|p1b: Mint\n|-supereffective|p1b: Mint\n|-damage|p1b: Mint|0 fnt\n|faint|p1b: Mint\n|cant|p1a: Chai|slp\n|\n|-heal|p1a: Chai|82\/100 slp|[from] item: Leftovers\n|upkeep\n|\n|t:|1700589764\n|switch|p1b: Mustard|Arcanine-Hisui, L50, M, shiny|100\/100\n|-damage|p1b: Mustard|76\/100|[from] Stealth Rock\n|turn|14\n|\n|t:|1700589781\n|move|p1b: Mustard|Head Smash|p2a: Tatsugiri\n|-damage|p2a: Tatsugiri|0 fnt\n|faint|p2a: Tatsugiri\n|-damage|p1b: Mustard|66\/100|[from] item: Life Orb\n|move|p2b: Ting-Lu|Stomping Tantrum|p1b: Mustard\n|-supereffective|p1b: Mustard\n|-damage|p1b: Mustard|0 fnt\n|faint|p1b: Mustard\n|-curestatus|p1a: Chai|slp|[msg]\n|move|p1a: Chai|Matcha Gotcha|p2b: Ting-Lu\n|-supereffective|p2b: Ting-Lu\n|-damage|p2b: Ting-Lu|68\/100\n|-heal|p1a: Chai|100\/100|[from] drain|[of] p2b: Ting-Lu\n|\n|-end|p1a: Chai|move: Taunt\n|upkeep\n|\n|t:|1700589788\n|switch|p2a: Rillaboom|Rillaboom, L50, M|100\/100\n|-fieldstart|move: Grassy Terrain|[from] ability: Grassy Surge|[of] p2a: Rillaboom\n|turn|15\n|\n|t:|1700589802\n|-terastallize|p2b: Ting-Lu|Poison\n|move|p2a: Rillaboom|U-turn|p1a: Chai\n|-damage|p1a: Chai|84\/100\n|move|p2b: Ting-Lu|Heavy Slam|p1a: Chai\n|-damage|p1a: Chai|57\/100\n|move|p1a: Chai|Matcha Gotcha|p2b: Ting-Lu|[spread] p2a,p2b\n|-resisted|p2a: Rillaboom\n|-resisted|p2b: Ting-Lu\n|-damage|p2a: Rillaboom|93\/100\n|-heal|p1a: Chai|62\/100|[from] drain|[of] p2a: Rillaboom\n|-damage|p2b: Ting-Lu|61\/100\n|-heal|p1a: Chai|67\/100|[from] drain|[of] p2b: Ting-Lu\n|\n|-heal|p2a: Rillaboom|99\/100|[from] Grassy Terrain\n|-heal|p2b: Ting-Lu|67\/100|[from] Grassy Terrain\n|-heal|p1a: Chai|74\/100|[from] Grassy Terrain\n|-heal|p1a: Chai|80\/100|[from] item: Leftovers\n|upkeep\n|turn|16\n|\n|t:|1700589826\n|move|p2a: Rillaboom|U-turn|p1a: Chai\n|-damage|p1a: Chai|62\/100\n|move|p2b: Ting-Lu|Heavy Slam|p1a: Chai\n|-damage|p1a: Chai|36\/100\n|move|p1a: Chai|Matcha Gotcha|p2b: Ting-Lu|[spread] p2a,p2b\n|-resisted|p2a: Rillaboom\n|-resisted|p2b: Ting-Lu\n|-damage|p2a: Rillaboom|90\/100\n|-heal|p1a: Chai|42\/100|[from] drain|[of] p2a: Rillaboom\n|-damage|p2b: Ting-Lu|59\/100\n|-heal|p1a: Chai|48\/100|[from] drain|[of] p2b: Ting-Lu\n|-status|p2a: Rillaboom|brn\n|\n|-heal|p2a: Rillaboom|96\/100 brn|[from] Grassy Terrain\n|-heal|p2b: Ting-Lu|65\/100|[from] Grassy Terrain\n|-heal|p1a: Chai|54\/100|[from] Grassy Terrain\n|-heal|p1a: Chai|60\/100|[from] item: Leftovers\n|-damage|p2a: Rillaboom|90\/100 brn|[from] brn\n|upkeep\n|turn|17\n|\n|t:|1700589847\n|move|p2a: Rillaboom|U-turn|p1a: Chai\n|-damage|p1a: Chai|52\/100\n|move|p2b: Ting-Lu|Heavy Slam|p1a: Chai\n|-damage|p1a: Chai|27\/100\n|move|p1a: Chai|Strength Sap|p2b: Ting-Lu\n|-unboost|p2b: Ting-Lu|atk|1\n|-heal|p1a: Chai|100\/100\n|\n|-heal|p2a: Rillaboom|96\/100 brn|[from] Grassy Terrain\n|-heal|p2b: Ting-Lu|71\/100|[from] Grassy Terrain\n|-damage|p2a: Rillaboom|90\/100 brn|[from] brn\n|upkeep\n|turn|18\n|\n|t:|1700589863\n|move|p2a: Rillaboom|U-turn|p1a: Chai\n|-damage|p1a: Chai|93\/100\n|move|p2b: Ting-Lu|Heavy Slam|p1a: Chai\n|-damage|p1a: Chai|77\/100\n|move|p1a: Chai|Matcha Gotcha|p2b: Ting-Lu|[spread] p2a\n|-miss|p1a: Chai|p2b: Ting-Lu\n|-resisted|p2a: Rillaboom\n|-damage|p2a: Rillaboom|83\/100 brn\n|-heal|p1a: Chai|81\/100|[from] drain|[of] p2a: Rillaboom\n|\n|-heal|p2a: Rillaboom|88\/100 brn|[from] Grassy Terrain\n|-heal|p2b: Ting-Lu|77\/100|[from] Grassy Terrain\n|-heal|p1a: Chai|88\/100|[from] Grassy Terrain\n|-heal|p1a: Chai|94\/100|[from] item: Leftovers\n|-damage|p2a: Rillaboom|83\/100 brn|[from] brn\n|upkeep\n|turn|19\n|\n|t:|1700589881\n|move|p2a: Rillaboom|U-turn|p1a: Chai\n|-damage|p1a: Chai|85\/100\n|move|p2b: Ting-Lu|Heavy Slam|p1a: Chai\n|-damage|p1a: Chai|69\/100\n|move|p1a: Chai|Matcha Gotcha|p2a: Rillaboom|[spread] p2a,p2b\n|-resisted|p2a: Rillaboom\n|-resisted|p2b: Ting-Lu\n|-damage|p2a: Rillaboom|75\/100 brn\n|-heal|p1a: Chai|74\/100|[from] drain|[of] p2a: Rillaboom\n|-damage|p2b: Ting-Lu|69\/100\n|-heal|p1a: Chai|80\/100|[from] drain|[of] p2b: Ting-Lu\n|-status|p2b: Ting-Lu|brn\n|\n|-heal|p2a: Rillaboom|81\/100 brn|[from] Grassy Terrain\n|-heal|p2b: Ting-Lu|75\/100 brn|[from] Grassy Terrain\n|-heal|p1a: Chai|86\/100|[from] Grassy Terrain\n|-heal|p1a: Chai|92\/100|[from] item: Leftovers\n|-damage|p2a: Rillaboom|75\/100 brn|[from] brn\n|-damage|p2b: Ting-Lu|69\/100 brn|[from] brn\n|-fieldend|move: Grassy Terrain\n|upkeep\n|turn|20\n|inactive|RaimuBeat has 30 seconds left.\n|\n|t:|1700589907\n|move|p2a: Rillaboom|U-turn|p1a: Chai\n|-damage|p1a: Chai|84\/100\n|move|p2b: Ting-Lu|Heavy Slam|p1a: Chai\n|-damage|p1a: Chai|75\/100\n|move|p1a: Chai|Trick Room|p1a: Chai\n|-fieldstart|move: Trick Room|[of] p1a: Chai\n|\n|-heal|p1a: Chai|81\/100|[from] item: Leftovers\n|-damage|p2b: Ting-Lu|63\/100 brn|[from] brn\n|-damage|p2a: Rillaboom|69\/100 brn|[from] brn\n|upkeep\n|turn|21\n|\n|t:|1700589918\n|move|p1a: Chai|Strength Sap|p2a: Rillaboom\n|-unboost|p2a: Rillaboom|atk|1\n|-heal|p1a: Chai|100\/100\n|move|p2b: Ting-Lu|Heavy Slam|p1a: Chai\n|-damage|p1a: Chai|92\/100\n|move|p2a: Rillaboom|U-turn|p1a: Chai\n|-damage|p1a: Chai|86\/100\n|\n|-heal|p1a: Chai|92\/100|[from] item: Leftovers\n|-damage|p2b: Ting-Lu|57\/100 brn|[from] brn\n|-damage|p2a: Rillaboom|63\/100 brn|[from] brn\n|upkeep\n|turn|22\n|\n|t:|1700589930\n|move|p1a: Chai|Matcha Gotcha|p2b: Ting-Lu|[spread] p2b\n|-miss|p1a: Chai|p2a: Rillaboom\n|-resisted|p2b: Ting-Lu\n|-damage|p2b: Ting-Lu|50\/100 brn\n|-heal|p1a: Chai|97\/100|[from] drain|[of] p2b: Ting-Lu\n|-enditem|p2b: Ting-Lu|Sitrus Berry|[eat]\n|-heal|p2b: Ting-Lu|75\/100 brn|[from] item: Sitrus Berry\n|move|p2b: Ting-Lu|Heavy Slam|p1a: Chai\n|-crit|p1a: Chai\n|-damage|p1a: Chai|77\/100\n|move|p2a: Rillaboom|U-turn|p1a: Chai\n|-crit|p1a: Chai\n|-damage|p1a: Chai|65\/100\n|\n|-heal|p1a: Chai|71\/100|[from] item: Leftovers\n|-damage|p2b: Ting-Lu|68\/100 brn|[from] brn\n|-damage|p2a: Rillaboom|58\/100 brn|[from] brn\n|upkeep\n|turn|23\n|\n|t:|1700589946\n|move|p1a: Chai|Matcha Gotcha|p2a: Rillaboom|[spread] p2a,p2b\n|-resisted|p2a: Rillaboom\n|-resisted|p2b: Ting-Lu\n|-damage|p2a: Rillaboom|52\/100 brn\n|-heal|p1a: Chai|75\/100|[from] drain|[of] p2a: Rillaboom\n|-damage|p2b: Ting-Lu|62\/100 brn\n|-heal|p1a: Chai|80\/100|[from] drain|[of] p2b: Ting-Lu\n|move|p2b: Ting-Lu|Heavy Slam|p1a: Chai\n|-damage|p1a: Chai|71\/100\n|move|p2a: Rillaboom|U-turn|p1a: Chai\n|-damage|p1a: Chai|66\/100\n|\n|-heal|p1a: Chai|72\/100|[from] item: Leftovers\n|-damage|p2b: Ting-Lu|55\/100 brn|[from] brn\n|-damage|p2a: Rillaboom|46\/100 brn|[from] brn\n|upkeep\n|turn|24\n|\n|t:|1700589963\n|move|p1a: Chai|Strength Sap|p2a: Rillaboom\n|-unboost|p2a: Rillaboom|atk|1\n|-heal|p1a: Chai|100\/100\n|move|p2b: Ting-Lu|Heavy Slam|p1a: Chai\n|-damage|p1a: Chai|92\/100\n|move|p2a: Rillaboom|U-turn|p1a: Chai\n|-damage|p1a: Chai|88\/100\n|\n|-heal|p1a: Chai|94\/100|[from] item: Leftovers\n|-damage|p2b: Ting-Lu|49\/100 brn|[from] brn\n|-damage|p2a: Rillaboom|40\/100 brn|[from] brn\n|-fieldend|move: Trick Room\n|upkeep\n|turn|25\n|\n|t:|1700589975\n|move|p2a: Rillaboom|U-turn|p1a: Chai\n|-damage|p1a: Chai|89\/100\n|move|p2b: Ting-Lu|Heavy Slam|p1a: Chai\n|-damage|p1a: Chai|81\/100\n|move|p1a: Chai|Trick Room|p1a: Chai\n|-fieldstart|move: Trick Room|[of] p1a: Chai\n|\n|-heal|p1a: Chai|87\/100|[from] item: Leftovers\n|-damage|p2b: Ting-Lu|43\/100 brn|[from] brn\n|-damage|p2a: Rillaboom|34\/100 brn|[from] brn\n|upkeep\n|turn|26\n|\n|t:|1700589988\n|move|p1a: Chai|Strength Sap|p2b: Ting-Lu\n|-unboost|p2b: Ting-Lu|atk|1\n|-heal|p1a: Chai|100\/100\n|move|p2b: Ting-Lu|Heavy Slam|p1a: Chai\n|-damage|p1a: Chai|94\/100\n|move|p2a: Rillaboom|U-turn|p1a: Chai\n|-damage|p1a: Chai|90\/100\n|\n|-heal|p1a: Chai|96\/100|[from] item: Leftovers\n|-damage|p2b: Ting-Lu|37\/100 brn|[from] brn\n|-damage|p2a: Rillaboom|29\/100 brn|[from] brn\n|upkeep\n|turn|27\n|\n|t:|1700590000\n|move|p1a: Chai|Matcha Gotcha|p2b: Ting-Lu|[spread] p2a,p2b\n|-resisted|p2a: Rillaboom\n|-resisted|p2b: Ting-Lu\n|-damage|p2a: Rillaboom|23\/100 brn\n|-heal|p1a: Chai|99\/100|[from] drain|[of] p2a: Rillaboom\n|-damage|p2b: Ting-Lu|31\/100 brn\n|-heal|p1a: Chai|100\/100|[from] drain|[of] p2b: Ting-Lu\n|move|p2b: Ting-Lu|Heavy Slam|p1a: Chai\n|-damage|p1a: Chai|94\/100\n|move|p2a: Rillaboom|U-turn|p1a: Chai\n|-damage|p1a: Chai|90\/100\n|\n|-heal|p1a: Chai|97\/100|[from] item: Leftovers\n|-damage|p2b: Ting-Lu|25\/100 brn|[from] brn\n|-damage|p2a: Rillaboom|17\/100 brn|[from] brn\n|upkeep\n|turn|28\n|\n|t:|1700590017\n|move|p1a: Chai|Strength Sap|p2b: Ting-Lu\n|-unboost|p2b: Ting-Lu|atk|1\n|-heal|p1a: Chai|100\/100\n|move|p2b: Ting-Lu|Heavy Slam|p1a: Chai\n|-damage|p1a: Chai|95\/100\n|move|p2a: Rillaboom|U-turn|p1a: Chai\n|-damage|p1a: Chai|91\/100\n|\n|-heal|p1a: Chai|97\/100|[from] item: Leftovers\n|-damage|p2b: Ting-Lu|19\/100 brn|[from] brn\n|-damage|p2a: Rillaboom|11\/100 brn|[from] brn\n|upkeep\n|turn|29\n|\n|t:|1700590035\n|move|p1a: Chai|Matcha Gotcha|p2a: Rillaboom|[spread] p2a,p2b\n|-resisted|p2a: Rillaboom\n|-resisted|p2b: Ting-Lu\n|-damage|p2a: Rillaboom|5\/100 brn\n|-heal|p1a: Chai|100\/100|[from] drain|[of] p2a: Rillaboom\n|-damage|p2b: Ting-Lu|12\/100 brn\n|move|p2b: Ting-Lu|Stomping Tantrum|p1a: Chai\n|-resisted|p1a: Chai\n|-damage|p1a: Chai|98\/100\n|move|p2a: Rillaboom|U-turn|p1a: Chai\n|-damage|p1a: Chai|94\/100\n|\n|-heal|p1a: Chai|100\/100|[from] item: Leftovers\n|-damage|p2b: Ting-Lu|6\/100 brn|[from] brn\n|-damage|p2a: Rillaboom|0 fnt|[from] brn\n|faint|p2a: Rillaboom\n|-fieldend|move: Trick Room\n|upkeep\n|turn|30\n|inactive|RaimuBeat has 30 seconds left.\n|\n|t:|1700590053\n|move|p2b: Ting-Lu|Stomping Tantrum|p1a: Chai\n|-resisted|p1a: Chai\n|-damage|p1a: Chai|98\/100\n|move|p1a: Chai|Matcha Gotcha|p2b: Ting-Lu\n|-resisted|p2b: Ting-Lu\n|-damage|p2b: Ting-Lu|0 fnt\n|-heal|p1a: Chai|100\/100|[from] drain|[of] p2b: Ting-Lu\n|faint|p2b: Ting-Lu\n|\n|win|RaimuBeat\n|inactive|RaimuBeat has 30 seconds left this turn.\n|raw|RaimuBeat's rating: 1342 &rarr; <strong>1364<\/strong><br \/>(+22 for winning)\n|raw|Shooples's rating: 1371 &rarr; <strong>1349<\/strong><br \/>(-22 for losing)\n|c|\u2606RaimuBeat|gg\n|c|\u2606Shooples|no u\n|l|\u2606Shooples\n","uploadtime":1700590064,"views":1,"p1id":"raimubeat","p2id":"shooples","formatid":"gen9vgc2023regulatione","rating":1349,"private":0,"password":""}