{"id":"gen9vgc2023regulatione-1991251311","p1":"Pakkard","p2":"huntaaahr","format":"[Gen 9] VGC 2023 Regulation E","log":"|j|\u2606Pakkard\n|j|\u2606huntaaahr\n|t:|1700061354\n|gametype|doubles\n|player|p1|Pakkard|102|1179\n|player|p2|huntaaahr|170|1111\n|teamsize|p1|6\n|teamsize|p2|6\n|gen|9\n|tier|[Gen 9] VGC 2023 Regulation E\n|rated|\n|rule|Species Clause: Limit one of each Pok\u00e9mon\n|rule|Item Clause: Limit one of each item\n|clearpoke\n|poke|p1|Farigiraf, L50, M|\n|poke|p1|Weezing, L50, M|\n|poke|p1|Roaring Moon, L50|\n|poke|p1|Arcanine-Hisui, L50, M|\n|poke|p1|Ogerpon-Wellspring, L50, F|\n|poke|p1|Kingambit, L50, M|\n|poke|p2|Sinistcha-Masterpiece, L50|\n|poke|p2|Iron Hands, L50|\n|poke|p2|Volcarona, L50, F|\n|poke|p2|Ogerpon-Wellspring, L50, F|\n|poke|p2|Ursaluna-Bloodmoon, L50, M|\n|poke|p2|Grimmsnarl, L50, M|\n|teampreview|4\n|inactive|Battle timer is ON: inactive players will automatically lose when time's up. (requested by Pakkard)\n|\n|t:|1700061414\n|start\n|switch|p1a: Arcanine|Arcanine-Hisui, L50, M|100\/100\n|switch|p1b: Kingambit|Kingambit, L50, M|100\/100\n|switch|p2a: Grimmsnarl|Grimmsnarl, L50, M|100\/100\n|switch|p2b: Volcarona|Volcarona, L50, F|100\/100\n|-ability|p1a: Arcanine|Intimidate|boost\n|-unboost|p2a: Grimmsnarl|atk|1\n|-unboost|p2b: Volcarona|atk|1\n|turn|1\n|inactive|Pakkard has 30 seconds left.\n|inactive|huntaaahr has 30 seconds left.\n|\n|t:|1700061447\n|switch|p1b: Roaring Moon|Roaring Moon, L50|100\/100\n|-enditem|p1b: Roaring Moon|Booster Energy\n|-activate|p1b: Roaring Moon|ability: Protosynthesis|[fromitem]\n|-start|p1b: Roaring Moon|protosynthesisatk\n|-terastallize|p2b: Volcarona|Water\n|move|p2a: Grimmsnarl|Reflect|p2a: Grimmsnarl\n|-sidestart|p2: huntaaahr|Reflect\n|move|p1a: Arcanine|Rock Slide|p2a: Grimmsnarl|[spread] p2a,p2b\n|-damage|p2a: Grimmsnarl|84\/100\n|-damage|p2b: Volcarona|78\/100\n|move|p2b: Volcarona|Quiver Dance|p2b: Volcarona\n|-boost|p2b: Volcarona|spa|1\n|-boost|p2b: Volcarona|spd|1\n|-boost|p2b: Volcarona|spe|1\n|\n|upkeep\n|turn|2\n|inactive|Pakkard has 30 seconds left.\n|inactive|huntaaahr has 30 seconds left.\n|inactive|Pakkard has 20 seconds left.\n|inactive|huntaaahr has 20 seconds left.\n|inactive|huntaaahr has 15 seconds left.\n|inactive|huntaaahr has 10 seconds left.\n|inactive|huntaaahr has 5 seconds left.\n|\n|t:|1700061498\n|move|p1b: Roaring Moon|Protect|p1b: Roaring Moon\n|-singleturn|p1b: Roaring Moon|Protect\n|move|p2a: Grimmsnarl|Parting Shot|p1a: Arcanine\n|-unboost|p1a: Arcanine|atk|1\n|-unboost|p1a: Arcanine|spa|1\n|\n|t:|1700061504\n|switch|p2a: Sinistcha|Sinistcha-Masterpiece, L50|100\/100|[from] Parting Shot\n|-heal|p2b: Volcarona|100\/100|[from] ability: Hospitality|[of] p2a: Sinistcha\n|move|p2b: Volcarona|Bug Buzz|p1b: Roaring Moon\n|-activate|p1b: Roaring Moon|move: Protect\n|move|p1a: Arcanine|Rock Slide|p2b: Volcarona|[spread] p2a,p2b\n|-damage|p2a: Sinistcha|90\/100\n|-damage|p2b: Volcarona|86\/100\n|\n|upkeep\n|turn|3\n|inactive|Pakkard has 30 seconds left.\n|inactive|huntaaahr has 30 seconds left.\n|inactive|huntaaahr has 20 seconds left.\n|inactive|huntaaahr has 15 seconds left.\n|\n|t:|1700061546\n|-terastallize|p1b: Roaring Moon|Flying\n|move|p2a: Sinistcha|Protect|p2a: Sinistcha\n|-singleturn|p2a: Sinistcha|Protect\n|move|p2b: Volcarona|Quiver Dance|p2b: Volcarona\n|-boost|p2b: Volcarona|spa|1\n|-boost|p2b: Volcarona|spd|1\n|-boost|p2b: Volcarona|spe|1\n|move|p1a: Arcanine|Rock Slide|p2b: Volcarona|[spread] p2b\n|-activate|p2a: Sinistcha|move: Protect\n|-damage|p2b: Volcarona|73\/100\n|move|p1b: Roaring Moon|Acrobatics|p2a: Sinistcha\n|-activate|p2a: Sinistcha|move: Protect\n|\n|upkeep\n|turn|4\n|\n|t:|1700061571\n|switch|p2a: Grimmsnarl|Grimmsnarl, L50, M|84\/100\n|move|p2b: Volcarona|Heat Wave|p1a: Arcanine|[spread] p1a,p1b\n|-resisted|p1a: Arcanine\n|-damage|p1a: Arcanine|83\/100\n|-damage|p1b: Roaring Moon|41\/100\n|-status|p1b: Roaring Moon|brn\n|move|p1a: Arcanine|Rock Slide|p2a: Grimmsnarl|[spread] p2a,p2b\n|-damage|p2a: Grimmsnarl|73\/100\n|-damage|p2b: Volcarona|57\/100\n|move|p1b: Roaring Moon|Knock Off|p2b: Volcarona\n|-damage|p2b: Volcarona|31\/100\n|-enditem|p2b: Volcarona|Wiki Berry|[from] move: Knock Off|[of] p1b: Roaring Moon\n|\n|-damage|p1b: Roaring Moon|35\/100 brn|[from] brn\n|upkeep\n|turn|5\n|inactive|Pakkard has 30 seconds left.\n|inactive|huntaaahr has 30 seconds left.\n|\n|t:|1700061604\n|move|p1b: Roaring Moon|Protect|p1b: Roaring Moon\n|-singleturn|p1b: Roaring Moon|Protect\n|move|p2a: Grimmsnarl|Parting Shot|p1a: Arcanine\n|-unboost|p1a: Arcanine|atk|1\n|-unboost|p1a: Arcanine|spa|1\n|\n|t:|1700061608\n|switch|p2a: Sinistcha|Sinistcha-Masterpiece, L50|90\/100|[from] Parting Shot\n|-heal|p2b: Volcarona|56\/100|[from] ability: Hospitality|[of] p2a: Sinistcha\n|move|p2b: Volcarona|Heat Wave|p1b: Roaring Moon|[spread] p1a\n|-activate|p1b: Roaring Moon|move: Protect\n|-resisted|p1a: Arcanine\n|-damage|p1a: Arcanine|63\/100\n|move|p1a: Arcanine|Rock Slide|p2a: Sinistcha|[spread] p2a,p2b\n|-damage|p2a: Sinistcha|80\/100\n|-damage|p2b: Volcarona|45\/100\n|\n|-damage|p1b: Roaring Moon|29\/100 brn|[from] brn\n|upkeep\n|turn|6\n|\n|t:|1700061631\n|move|p2b: Volcarona|Heat Wave|p1b: Roaring Moon|[spread] p1a,p1b\n|-resisted|p1a: Arcanine\n|-damage|p1a: Arcanine|44\/100\n|-damage|p1b: Roaring Moon|0 fnt\n|faint|p1b: Roaring Moon\n|-end|p1b: Roaring Moon|Protosynthesis|[silent]\n|move|p1a: Arcanine|Rock Slide|p2a: Sinistcha|[spread] p2a,p2b\n|-damage|p2a: Sinistcha|72\/100\n|-damage|p2b: Volcarona|34\/100\n|move|p2a: Sinistcha|Shadow Ball|p1a: Arcanine\n|-damage|p1a: Arcanine|2\/100\n|\n|upkeep\n|\n|t:|1700061649\n|switch|p1b: Kingambit|Kingambit, L50, M|100\/100\n|turn|7\n|\n|t:|1700061658\n|move|p2a: Sinistcha|Rage Powder|p2a: Sinistcha\n|-singleturn|p2a: Sinistcha|move: Rage Powder\n|move|p1b: Kingambit|Sucker Punch||[still]\n|-fail|p1b: Kingambit\n|move|p2b: Volcarona|Heat Wave|p1b: Kingambit|[spread] p1a,p1b\n|-resisted|p1a: Arcanine\n|-supereffective|p1b: Kingambit\n|-damage|p1a: Arcanine|0 fnt\n|-damage|p1b: Kingambit|0 fnt\n|faint|p1a: Arcanine\n|faint|p1b: Kingambit\n|\n|upkeep\n|-message|Pakkard forfeited.\n|\n|win|huntaaahr\n|raw|Pakkard's rating: 1179 &rarr; <strong>1149<\/strong><br \/>(-30 for losing)\n|raw|huntaaahr's rating: 1111 &rarr; <strong>1141<\/strong><br \/>(+30 for winning)\n|l|\u2606Pakkard\n","uploadtime":1700061671,"views":19,"p1id":"pakkard","p2id":"huntaaahr","formatid":"gen9vgc2023regulatione","rating":1141,"private":0,"password":""}