{"id":"gen9vgc2023regulatione-1989589799","p1":"Belzebuthe","p2":"Pr1ncip3","format":"[Gen 9] VGC 2023 Regulation E","log":"|j|\u2606Belzebuthe\n|j|\u2606Pr1ncip3\n|t:|1699875718\n|gametype|doubles\n|player|p1|Belzebuthe|dragontamer|1222\n|player|p2|Pr1ncip3|265|1295\n|teamsize|p1|6\n|teamsize|p2|6\n|gen|9\n|tier|[Gen 9] VGC 2023 Regulation E\n|rated|\n|rule|Species Clause: Limit one of each Pok\u00e9mon\n|rule|Item Clause: Limit one of each item\n|clearpoke\n|poke|p1|Weezing, L50, F|\n|poke|p1|Mamoswine, L50, F|\n|poke|p1|Ninetales-Alola, L50, M|\n|poke|p1|Arcanine-Hisui, L50, F|\n|poke|p1|Gastrodon, L50, M|\n|poke|p1|Ogerpon, L50, F|\n|poke|p2|Tornadus, L50, M|\n|poke|p2|Arcanine-Hisui, L50, M|\n|poke|p2|Iron Hands, L50|\n|poke|p2|Gholdengo, L50|\n|poke|p2|Urshifu-*, L50, M|\n|poke|p2|Ogerpon-Wellspring, L50, F|\n|teampreview|4\n|inactive|Battle timer is ON: inactive players will automatically lose when time's up. (requested by Belzebuthe)\n|inactive|Pr1ncip3 has 60 seconds left.\n|inactive|Pr1ncip3 has 30 seconds left.\n|inactive|Pr1ncip3 has 20 seconds left.\n|\n|t:|1699875793\n|start\n|switch|p1a: Mamoswine|Mamoswine, L50, F|100\/100\n|switch|p1b: Ninetales|Ninetales-Alola, L50, M|100\/100\n|switch|p2a: Arcanine|Arcanine-Hisui, L50, M|100\/100\n|switch|p2b: Urshifu|Urshifu-Rapid-Strike, L50, M|100\/100\n|-weather|Snow|[from] ability: Snow Warning|[of] p1b: Ninetales\n|-ability|p2a: Arcanine|Intimidate|boost\n|-unboost|p1a: Mamoswine|atk|1\n|-unboost|p1b: Ninetales|atk|1\n|turn|1\n|inactive|Pr1ncip3 has 30 seconds left.\n|inactive|Pr1ncip3 has 20 seconds left.\n|inactive|Belzebuthe has 30 seconds left.\n|inactive|Pr1ncip3 has 15 seconds left.\n|inactive|Pr1ncip3 has 10 seconds left.\n|inactive|Pr1ncip3 has 5 seconds left.\n|\n|t:|1699875844\n|switch|p2a: Ogerpon|Ogerpon-Wellspring, L50, F|100\/100\n|-terastallize|p1a: Mamoswine|Ground\n|move|p2b: Urshifu|Surging Strikes|p1a: Mamoswine|[miss]\n|-miss|p2b: Urshifu|p1a: Mamoswine\n|move|p1b: Ninetales|Aurora Veil|p1b: Ninetales\n|-sidestart|p1: Belzebuthe|move: Aurora Veil\n|move|p1a: Mamoswine|Earthquake|p2b: Urshifu|[spread] p1b,p2a,p2b\n|-resisted|p2a: Ogerpon\n|-damage|p1b: Ninetales|80\/100\n|-damage|p2a: Ogerpon|80\/100\n|-damage|p2b: Urshifu|66\/100\n|\n|-weather|Snow|[upkeep]\n|upkeep\n|turn|2\n|\n|t:|1699875865\n|switch|p1b: Weezing|Weezing, L50, F, shiny|100\/100\n|-terastallize|p2a: Ogerpon|Water\n|detailschange|p2a: Ogerpon|Ogerpon-Wellspring-Tera, L50, F, tera:Water\n|-ability|p2a: Ogerpon|Embody Aspect (Wellspring)|boost\n|-boost|p2a: Ogerpon|spd|1\n|move|p2b: Urshifu|Surging Strikes|p1a: Mamoswine\n|-supereffective|p1a: Mamoswine\n|-crit|p1a: Mamoswine\n|-damage|p1a: Mamoswine|51\/100\n|-supereffective|p1a: Mamoswine\n|-crit|p1a: Mamoswine\n|-damage|p1a: Mamoswine|4\/100\n|-supereffective|p1a: Mamoswine\n|-crit|p1a: Mamoswine\n|-damage|p1a: Mamoswine|0 fnt\n|faint|p1a: Mamoswine\n|-hitcount|p1: Mamoswine|3\n|move|p2a: Ogerpon|Ivy Cudgel|p1b: Weezing\n|-damage|p1b: Weezing|57\/100\n|\n|-weather|Snow|[upkeep]\n|upkeep\n|\n|t:|1699875883\n|switch|p1a: Ninetales|Ninetales-Alola, L50, M|80\/100\n|turn|3\n|\n|t:|1699875895\n|move|p2b: Urshifu|Surging Strikes|p1a: Ninetales\n|-crit|p1a: Ninetales\n|-damage|p1a: Ninetales|62\/100\n|-crit|p1a: Ninetales\n|-damage|p1a: Ninetales|42\/100\n|-crit|p1a: Ninetales\n|-damage|p1a: Ninetales|25\/100\n|-hitcount|p1a: Ninetales|3\n|move|p1a: Ninetales|Moonblast|p2b: Urshifu\n|-supereffective|p2b: Urshifu\n|-damage|p2b: Urshifu|0 fnt\n|faint|p2b: Urshifu\n|move|p2a: Ogerpon|Power Whip|p1a: Ninetales|[miss]\n|-miss|p2a: Ogerpon|p1a: Ninetales\n|move|p1b: Weezing|Gunk Shot|p2a: Ogerpon\n|-damage|p2a: Ogerpon|23\/100\n|-status|p2a: Ogerpon|psn\n|\n|-weather|Snow|[upkeep]\n|-damage|p2a: Ogerpon|11\/100 psn|[from] psn\n|upkeep\n|\n|t:|1699875910\n|switch|p2b: Gholdengo|Gholdengo, L50|100\/100\n|turn|4\n|\n|t:|1699875923\n|switch|p2a: Arcanine|Arcanine-Hisui, L50, M|100\/100\n|-ability|p2a: Arcanine|Intimidate|boost\n|-unboost|p1a: Ninetales|atk|1\n|-unboost|p1b: Weezing|atk|1\n|move|p1a: Ninetales|Blizzard|p2a: Arcanine|[spread] p2a,p2b\n|-resisted|p2a: Arcanine\n|-resisted|p2b: Gholdengo\n|-damage|p2a: Arcanine|87\/100\n|-damage|p2b: Gholdengo|89\/100\n|move|p2b: Gholdengo|Nasty Plot|p2b: Gholdengo\n|-boost|p2b: Gholdengo|spa|2\n|move|p1b: Weezing|Smokescreen|p2b: Gholdengo\n|-immune|p2b: Gholdengo|[from] ability: Good as Gold\n|\n|-weather|Snow|[upkeep]\n|-heal|p2b: Gholdengo|95\/100|[from] item: Leftovers\n|upkeep\n|turn|5\n|-message|Belzebuthe forfeited.\n|\n|win|Pr1ncip3\n|raw|Belzebuthe's rating: 1222 &rarr; <strong>1202<\/strong><br \/>(-20 for losing)\n|raw|Pr1ncip3's rating: 1295 &rarr; <strong>1315<\/strong><br \/>(+20 for winning)\n|l|\u2606Belzebuthe\n","uploadtime":1699875944,"views":21,"p1id":"belzebuthe","p2id":"pr1ncip3","formatid":"gen9vgc2023regulatione","rating":1202,"private":0,"password":""}