{"id":"gen9vgc2023regulatione-1995001361","p1":"Moxie3317","p2":"Kzjehrzk","format":"[Gen 9] VGC 2023 Regulation E","log":"|j|\u2606Moxie3317\n|j|\u2606Kzjehrzk\n|t:|1700512195\n|gametype|doubles\n|player|p1|Moxie3317|169|1102\n|player|p2|Kzjehrzk|lance|1035\n|teamsize|p1|6\n|teamsize|p2|6\n|gen|9\n|tier|[Gen 9] VGC 2023 Regulation E\n|rated|\n|rule|Species Clause: Limit one of each Pok\u00e9mon\n|rule|Item Clause: Limit one of each item\n|clearpoke\n|poke|p1|Kommo-o, L50, F|\n|poke|p1|Sinistcha, L50|\n|poke|p1|Tornadus, L50, M|\n|poke|p1|Iron Hands, L50|\n|poke|p1|Cetitan, L50, M|\n|poke|p1|Overqwil, L50, M|\n|poke|p2|Flutter Mane, L50|\n|poke|p2|Tornadus, L50, M|\n|poke|p2|Rillaboom, L50, M|\n|poke|p2|Garganacl, L50, F|\n|poke|p2|Arcanine-Hisui, L50, F|\n|poke|p2|Chien-Pao, L50|\n|teampreview|4\n|inactive|Battle timer is ON: inactive players will automatically lose when time's up. (requested by Moxie3317)\n|\n|t:|1700512225\n|start\n|switch|p1a: Cetitan|Cetitan, L50, M, shiny|100\/100\n|switch|p1b: Iron Hands|Iron Hands, L50|100\/100\n|switch|p2a: Tornadus|Tornadus, L50, M|100\/100\n|switch|p2b: Arcanine|Arcanine-Hisui, L50, F|100\/100\n|-ability|p2b: Arcanine|Intimidate|boost\n|-unboost|p1a: Cetitan|atk|1\n|-unboost|p1b: Iron Hands|atk|1\n|turn|1\n|\n|t:|1700512242\n|switch|p2b: Garganacl|Garganacl, L50, F|100\/100\n|move|p1b: Iron Hands|Fake Out|p2b: Garganacl\n|-resisted|p2b: Garganacl\n|-damage|p2b: Garganacl|97\/100\n|move|p2a: Tornadus|Taunt|p1a: Cetitan\n|-start|p1a: Cetitan|move: Taunt\n|cant|p1a: Cetitan|move: Taunt|Belly Drum\n|\n|upkeep\n|turn|2\n|\n|t:|1700512257\n|switch|p2a: Arcanine|Arcanine-Hisui, L50, F|100\/100\n|-ability|p2a: Arcanine|Intimidate|boost\n|-unboost|p1a: Cetitan|atk|1\n|-unboost|p1b: Iron Hands|atk|1\n|-terastallize|p2b: Garganacl|Ghost\n|move|p1a: Cetitan|Ice Spinner|p2a: Arcanine\n|-resisted|p2a: Arcanine\n|-damage|p2a: Arcanine|90\/100\n|move|p1b: Iron Hands|Drain Punch|p2b: Garganacl\n|-immune|p2b: Garganacl\n|move|p2b: Garganacl|Salt Cure|p1a: Cetitan\n|-supereffective|p1a: Cetitan\n|-damage|p1a: Cetitan|84\/100\n|-start|p1a: Cetitan|Salt Cure\n|\n|-damage|p1a: Cetitan|72\/100|[from] Salt Cure\n|upkeep\n|turn|3\n|\n|t:|1700512280\n|switch|p2a: Tornadus|Tornadus, L50, M|100\/100\n|-terastallize|p1a: Cetitan|Water\n|move|p1a: Cetitan|Liquidation|p2a: Tornadus\n|-damage|p2a: Tornadus|78\/100\n|-damage|p1a: Cetitan|55\/100|[from] item: Rocky Helmet|[of] p2a: Tornadus\n|move|p1b: Iron Hands|Wild Charge|p2b: Garganacl\n|-damage|p2b: Garganacl|80\/100\n|-damage|p1b: Iron Hands|97\/100|[from] Recoil\n|move|p2b: Garganacl|Iron Defense|p2b: Garganacl\n|-boost|p2b: Garganacl|def|2\n|\n|-damage|p1a: Cetitan|30\/100|[from] Salt Cure\n|-end|p1a: Cetitan|move: Taunt\n|upkeep\n|-enditem|p1a: Cetitan|Sitrus Berry|[eat]\n|-heal|p1a: Cetitan|55\/100|[from] item: Sitrus Berry\n|turn|4\n|\n|t:|1700512302\n|move|p2a: Tornadus|Taunt|p1a: Cetitan\n|-start|p1a: Cetitan|move: Taunt\n|move|p1a: Cetitan|Liquidation|p2a: Tornadus\n|-damage|p2a: Tornadus|55\/100\n|-damage|p1a: Cetitan|38\/100|[from] item: Rocky Helmet|[of] p2a: Tornadus\n|move|p1b: Iron Hands|Wild Charge|p2a: Tornadus\n|-supereffective|p2a: Tornadus\n|-damage|p2a: Tornadus|0 fnt\n|-damage|p1b: Iron Hands|80\/100|[from] item: Rocky Helmet|[of] p2a: Tornadus\n|faint|p2a: Tornadus\n|-damage|p1b: Iron Hands|69\/100|[from] Recoil\n|move|p2b: Garganacl|Iron Defense|p2b: Garganacl\n|-boost|p2b: Garganacl|def|2\n|\n|-damage|p1a: Cetitan|14\/100|[from] Salt Cure\n|upkeep\n|\n|t:|1700512314\n|switch|p2a: Arcanine|Arcanine-Hisui, L50, F|90\/100\n|-ability|p2a: Arcanine|Intimidate|boost\n|-unboost|p1a: Cetitan|atk|1\n|-unboost|p1b: Iron Hands|atk|1\n|turn|5\n|\n|t:|1700512331\n|-end|p1b: Iron Hands|Quark Drive|[silent]\n|switch|p1b: Tornadus|Tornadus, L50, M, shiny|100\/100\n|move|p2a: Arcanine|Rock Slide|p1b: Tornadus|[spread] p1a,p1b\n|-supereffective|p1b: Tornadus\n|-damage|p1a: Cetitan|0 fnt\n|-damage|p1b: Tornadus|23\/100\n|faint|p1a: Cetitan\n|move|p2b: Garganacl|Salt Cure|p1b: Tornadus\n|-supereffective|p1b: Tornadus\n|-damage|p1b: Tornadus|0 fnt\n|faint|p1b: Tornadus\n|\n|upkeep\n|\n|t:|1700512344\n|switch|p1b: Sinistcha|Sinistcha, L50, shiny|100\/100\n|switch|p1a: Iron Hands|Iron Hands, L50|69\/100\n|-heal|p1a: Iron Hands|94\/100|[from] ability: Hospitality|[of] p1b: Sinistcha\n|turn|6\n|\n|t:|1700512357\n|switch|p2a: Flutter Mane|Flutter Mane, L50|100\/100\n|-enditem|p2a: Flutter Mane|Booster Energy\n|-activate|p2a: Flutter Mane|ability: Protosynthesis|[fromitem]\n|-start|p2a: Flutter Mane|protosynthesisspe\n|move|p1b: Sinistcha|Strength Sap|p2b: Garganacl\n|-unboost|p2b: Garganacl|atk|1\n|move|p1a: Iron Hands|Drain Punch|p2a: Flutter Mane\n|-immune|p2a: Flutter Mane\n|move|p2b: Garganacl|Salt Cure|p1b: Sinistcha\n|-damage|p1b: Sinistcha|92\/100\n|-start|p1b: Sinistcha|Salt Cure\n|\n|-damage|p1b: Sinistcha|80\/100|[from] Salt Cure\n|upkeep\n|turn|7\n|\n|t:|1700512378\n|move|p2a: Flutter Mane|Protect|p2a: Flutter Mane\n|-singleturn|p2a: Flutter Mane|Protect\n|move|p1b: Sinistcha|Rage Powder|p1b: Sinistcha\n|-singleturn|p1b: Sinistcha|move: Rage Powder\n|move|p1a: Iron Hands|Heavy Slam|p2a: Flutter Mane\n|-activate|p2a: Flutter Mane|move: Protect\n|move|p2b: Garganacl|Salt Cure|p1b: Sinistcha\n|-crit|p1b: Sinistcha\n|-damage|p1b: Sinistcha|61\/100\n|\n|-damage|p1b: Sinistcha|49\/100|[from] Salt Cure\n|upkeep\n|turn|8\n|\n|t:|1700512393\n|move|p1b: Sinistcha|Rage Powder|p1b: Sinistcha\n|-singleturn|p1b: Sinistcha|move: Rage Powder\n|move|p2a: Flutter Mane|Substitute|p2a: Flutter Mane\n|-start|p2a: Flutter Mane|Substitute\n|-damage|p2a: Flutter Mane|76\/100\n|move|p1a: Iron Hands|Heavy Slam|p2a: Flutter Mane\n|-supereffective|p2a: Flutter Mane\n|-end|p2a: Flutter Mane|Substitute\n|move|p2b: Garganacl|Salt Cure|p1b: Sinistcha\n|-damage|p1b: Sinistcha|40\/100\n|\n|-damage|p1b: Sinistcha|27\/100|[from] Salt Cure\n|upkeep\n|turn|9\n|\n|t:|1700512410\n|move|p2a: Flutter Mane|Shadow Ball|p1b: Sinistcha\n|-supereffective|p1b: Sinistcha\n|-damage|p1b: Sinistcha|0 fnt\n|faint|p1b: Sinistcha\n|move|p1a: Iron Hands|Wild Charge|p2a: Flutter Mane\n|-damage|p2a: Flutter Mane|0 fnt\n|faint|p2a: Flutter Mane\n|-end|p2a: Flutter Mane|Protosynthesis|[silent]\n|-damage|p1a: Iron Hands|83\/100|[from] Recoil\n|move|p2b: Garganacl|Iron Defense|p2b: Garganacl\n|-boost|p2b: Garganacl|def|2\n|\n|upkeep\n|\n|t:|1700512413\n|switch|p2a: Arcanine|Arcanine-Hisui, L50, F|90\/100\n|-ability|p2a: Arcanine|Intimidate|boost\n|-unboost|p1a: Iron Hands|atk|1\n|turn|10\n|\n|t:|1700512425\n|move|p2a: Arcanine|Flare Blitz|p1a: Iron Hands\n|-damage|p1a: Iron Hands|25\/100\n|-damage|p2a: Arcanine|64\/100|[from] Recoil\n|move|p1a: Iron Hands|Drain Punch|p2a: Arcanine\n|-supereffective|p2a: Arcanine\n|-damage|p2a: Arcanine|0 fnt\n|-heal|p1a: Iron Hands|49\/100|[from] drain|[of] p2a: Arcanine\n|faint|p2a: Arcanine\n|move|p2b: Garganacl|Salt Cure|p1a: Iron Hands\n|-resisted|p1a: Iron Hands\n|-damage|p1a: Iron Hands|46\/100\n|-start|p1a: Iron Hands|Salt Cure\n|\n|-damage|p1a: Iron Hands|34\/100|[from] Salt Cure\n|upkeep\n|turn|11\n|\n|t:|1700512443\n|move|p2b: Garganacl|Protect|p2b: Garganacl\n|-singleturn|p2b: Garganacl|Protect\n|move|p1a: Iron Hands|Wild Charge|p2b: Garganacl\n|-activate|p2b: Garganacl|move: Protect\n|\n|-damage|p1a: Iron Hands|21\/100|[from] Salt Cure\n|upkeep\n|turn|12\n|\n|t:|1700512451\n|move|p1a: Iron Hands|Wild Charge|p2b: Garganacl\n|-damage|p2b: Garganacl|74\/100\n|-damage|p1a: Iron Hands|20\/100|[from] Recoil\n|move|p2b: Garganacl|Recover|p2b: Garganacl\n|-heal|p2b: Garganacl|100\/100\n|\n|-damage|p1a: Iron Hands|8\/100|[from] Salt Cure\n|upkeep\n|turn|13\n|\n|t:|1700512462\n|move|p1a: Iron Hands|Heavy Slam|p2b: Garganacl\n|-damage|p2b: Garganacl|99\/100\n|move|p2b: Garganacl|Recover|p2b: Garganacl\n|-heal|p2b: Garganacl|100\/100\n|\n|-damage|p1a: Iron Hands|0 fnt|[from] Salt Cure\n|faint|p1a: Iron Hands\n|-end|p1a: Iron Hands|Quark Drive|[silent]\n|\n|win|Kzjehrzk\n|upkeep\n|raw|Moxie3317's rating: 1102 &rarr; <strong>1072<\/strong><br \/>(-30 for losing)\n|raw|Kzjehrzk's rating: 1035 &rarr; <strong>1076<\/strong><br \/>(+41 for winning)\n","uploadtime":1700512472,"views":3,"p1id":"moxie3317","p2id":"kzjehrzk","formatid":"gen9vgc2023regulatione","rating":1072,"private":0,"password":""}