{"id":"gen9vgc2023regulatione-1989869820","p1":"BatsVGC","p2":"bosspark1737376","format":"[Gen 9] VGC 2023 Regulation E","log":"|j|\u2606BatsVGC\n|j|\u2606bosspark1737376\n|t:|1699902565\n|gametype|doubles\n|player|p1|BatsVGC|fisherman-gen4|1000\n|player|p2|bosspark1737376|n|1029\n|teamsize|p1|6\n|teamsize|p2|6\n|gen|9\n|tier|[Gen 9] VGC 2023 Regulation E\n|rated|\n|rule|Species Clause: Limit one of each Pok\u00e9mon\n|rule|Item Clause: Limit one of each item\n|clearpoke\n|poke|p1|Ogerpon-Wellspring, L50, F|\n|poke|p1|Skeledirge, L50, F|\n|poke|p1|Landorus-Therian, L50, M|\n|poke|p1|Farigiraf, L50, M|\n|poke|p1|Grimmsnarl, L50, M|\n|poke|p1|Iron Hands, L50|\n|poke|p2|Sinistcha-Masterpiece, L50|\n|poke|p2|Iron Hands, L50|\n|poke|p2|Landorus-Therian, L50, M|\n|poke|p2|Kommo-o, L50, M|\n|poke|p2|Clefairy, L50, F|\n|poke|p2|Volcarona, L50, F|\n|teampreview|4\nbosspark1737376 rejected open team sheets.\n|\n|t:|1699902625\n|start\n|switch|p1a: Grimmsnarl|Grimmsnarl, L50, M|100\/100\n|switch|p1b: Skeledirge|Skeledirge, L50, F|100\/100\n|switch|p2a: Kommo-o|Kommo-o, L50, M|100\/100\n|switch|p2b: Clefairy|Clefairy, L50, F|100\/100\n|turn|1\n|\n|t:|1699902656\n|move|p2a: Kommo-o|Protect|p2a: Kommo-o\n|-singleturn|p2a: Kommo-o|Protect\n|move|p2b: Clefairy|Protect|p2b: Clefairy\n|-singleturn|p2b: Clefairy|Protect\n|move|p1a: Grimmsnarl|Reflect|p1a: Grimmsnarl\n|-sidestart|p1: BatsVGC|Reflect\n|move|p1b: Skeledirge|Torch Song|p2b: Clefairy\n|-activate|p2b: Clefairy|move: Protect\n|\n|upkeep\n|turn|2\n|\n|t:|1699902670\n|move|p2b: Clefairy|Follow Me|p2b: Clefairy\n|-singleturn|p2b: Clefairy|move: Follow Me\n|move|p1a: Grimmsnarl|Light Screen|p1a: Grimmsnarl\n|-sidestart|p1: BatsVGC|move: Light Screen\n|move|p2a: Kommo-o|Clangorous Soul|p2a: Kommo-o\n|-boost|p2a: Kommo-o|atk|1\n|-boost|p2a: Kommo-o|def|1\n|-boost|p2a: Kommo-o|spa|1\n|-boost|p2a: Kommo-o|spd|1\n|-boost|p2a: Kommo-o|spe|1\n|-damage|p2a: Kommo-o|68\/100\n|-enditem|p2a: Kommo-o|Throat Spray\n|-boost|p2a: Kommo-o|spa|1|[from] item: Throat Spray\n|move|p1b: Skeledirge|Torch Song|p2b: Clefairy\n|-damage|p2b: Clefairy|75\/100\n|-boost|p1b: Skeledirge|spa|1\n|\n|upkeep\n|turn|3\n|\n|t:|1699902691\n|move|p2a: Kommo-o|Flash Cannon|p1a: Grimmsnarl\n|-supereffective|p1a: Grimmsnarl\n|-damage|p1a: Grimmsnarl|50\/100\n|move|p1b: Skeledirge|Torch Song|p2b: Clefairy\n|-crit|p2b: Clefairy\n|-damage|p2b: Clefairy|19\/100\n|-boost|p1b: Skeledirge|spa|1\n|move|p1a: Grimmsnarl|Spirit Break|p2a: Kommo-o\n|-supereffective|p2a: Kommo-o\n|-damage|p2a: Kommo-o|13\/100\n|-unboost|p2a: Kommo-o|spa|1\n|move|p2b: Clefairy|Heal Pulse|p2a: Kommo-o\n|-heal|p2a: Kommo-o|63\/100\n|\n|upkeep\n|turn|4\n|\n|t:|1699902722\n|switch|p1a: Ogerpon|Ogerpon-Wellspring, L50, F|100\/100\n|move|p2b: Clefairy|Follow Me|p2b: Clefairy\n|-singleturn|p2b: Clefairy|move: Follow Me\n|move|p2a: Kommo-o|Flash Cannon|p1a: Ogerpon\n|-resisted|p1a: Ogerpon\n|-damage|p1a: Ogerpon|90\/100\n|move|p1b: Skeledirge|Torch Song|p2b: Clefairy\n|-damage|p2b: Clefairy|0 fnt\n|-boost|p1b: Skeledirge|spa|1\n|faint|p2b: Clefairy\n|\n|upkeep\n|\n|t:|1699902733\n|switch|p2b: Iron Hands|Iron Hands, L50, shiny|100\/100\n|turn|5\n|\n|t:|1699902748\n|move|p1a: Ogerpon|Spiky Shield|p1a: Ogerpon\n|-singleturn|p1a: Ogerpon|move: Protect\n|move|p2b: Iron Hands|Fake Out|p1a: Ogerpon\n|-activate|p1a: Ogerpon|move: Protect\n|-damage|p2b: Iron Hands|88\/100|[from] Spiky Shield|[of] p1a: Ogerpon\n|move|p2a: Kommo-o|Clanging Scales|p1a: Ogerpon|[spread] p1b\n|-activate|p1a: Ogerpon|move: Protect\n|-damage|p1b: Skeledirge|78\/100\n|-unboost|p2a: Kommo-o|def|1\n|move|p1b: Skeledirge|Torch Song|p2a: Kommo-o\n|-resisted|p2a: Kommo-o\n|-damage|p2a: Kommo-o|17\/100\n|-boost|p1b: Skeledirge|spa|1\n|\n|-heal|p1b: Skeledirge|85\/100|[from] item: Leftovers\n|-heal|p2b: Iron Hands|94\/100|[from] item: Leftovers\n|upkeep\n|turn|6\n|\n|t:|1699902781\n|switch|p1a: Grimmsnarl|Grimmsnarl, L50, M|50\/100\n|move|p2a: Kommo-o|Protect|p2a: Kommo-o\n|-singleturn|p2a: Kommo-o|Protect\n|move|p1b: Skeledirge|Torch Song|p2a: Kommo-o\n|-activate|p2a: Kommo-o|move: Protect\n|move|p2b: Iron Hands|Wild Charge|p1a: Grimmsnarl\n|-crit|p1a: Grimmsnarl\n|-damage|p1a: Grimmsnarl|0 fnt\n|faint|p1a: Grimmsnarl\n|-damage|p2b: Iron Hands|85\/100|[from] Recoil\n|\n|-heal|p1b: Skeledirge|91\/100|[from] item: Leftovers\n|-heal|p2b: Iron Hands|91\/100|[from] item: Leftovers\n|upkeep\n|\n|t:|1699902805\n|switch|p1a: Landorus|Landorus-Therian, L50, M|100\/100\n|-ability|p1a: Landorus|Intimidate|boost\n|-unboost|p2a: Kommo-o|atk|1\n|-unboost|p2b: Iron Hands|atk|1\n|turn|7\n|\n|t:|1699902822\n|move|p1a: Landorus|Stomping Tantrum|p2a: Kommo-o\n|-damage|p2a: Kommo-o|0 fnt\n|faint|p2a: Kommo-o\n|move|p1b: Skeledirge|Torch Song|p2b: Iron Hands\n|-damage|p2b: Iron Hands|0 fnt\n|-boost|p1b: Skeledirge|spa|1\n|faint|p2b: Iron Hands\n|-end|p2b: Iron Hands|Quark Drive|[silent]\n|\n|-heal|p1b: Skeledirge|97\/100|[from] item: Leftovers\n|upkeep\n|\n|t:|1699902832\n|switch|p2b: Sinistcha|Sinistcha-Masterpiece, L50, shiny|100\/100\n|turn|8\n|\n|t:|1699902843\n|switch|p1a: Ogerpon|Ogerpon-Wellspring, L50, F|90\/100\n|move|p1b: Skeledirge|Torch Song|p2b: Sinistcha\n|-supereffective|p2b: Sinistcha\n|-damage|p2b: Sinistcha|0 fnt\n|-boost|p1b: Skeledirge|spa|1\n|faint|p2b: Sinistcha\n|\n|win|BatsVGC\n|raw|BatsVGC's rating: 1000 &rarr; <strong>1043<\/strong><br \/>(+43 for winning)\n|raw|bosspark1737376's rating: 1029 &rarr; <strong>1013<\/strong><br \/>(-16 for losing)\n|l|\u2606bosspark1737376\n","uploadtime":1699902863,"views":13,"p1id":"batsvgc","p2id":"bosspark1737376","formatid":"gen9vgc2023regulatione","rating":1013,"private":0,"password":""}