{"id":"gen9vgc2023regulatione-1994092259","p1":"pokesun1","p2":"5wamp","format":"[Gen 9] VGC 2023 Regulation E","log":"|j|\u2606pokesun1\n|j|\u26065wamp\n|n|\u2606pokesun1|pokesun1\n|n|\u26065wamp|5wamp\n|html|View the match progress at <a href=\"\/game-bestof3-gen9vgc2023regulatione-1994090261\">game-bestof3-gen9vgc2023regulatione-1994090261<\/a>\n|t:|1700405836\n|gametype|doubles\n|player|p1|pokesun1|lady-gen4|\n|player|p2|5wamp|carmine-festival|\n|teamsize|p1|6\n|teamsize|p2|6\n|gen|9\n|tier|[Gen 9] VGC 2023 Regulation E\n|rated|Tournament battle\n|rule|Species Clause: Limit one of each Pok\u00e9mon\n|rule|Item Clause: Limit one of each item\n|clearpoke\n|poke|p1|Ogerpon-Wellspring, L50, F|\n|poke|p1|Regieleki, L50|\n|poke|p1|Indeedee-F, L50, F|\n|poke|p1|Tornadus, L50, M|\n|poke|p1|Chi-Yu, L50|\n|poke|p1|Flutter Mane, L50|\n|poke|p2|Volcarona, L50, M|\n|poke|p2|Kingambit, L50, M|\n|poke|p2|Chien-Pao, L50|\n|poke|p2|Iron Hands, L50|\n|poke|p2|Landorus-Therian, L50, M|\n|poke|p2|Sinistcha, L50|\n|teampreview|4\n|showteam|p1|Ogerpon-Wellspring||WellspringMask|WaterAbsorb|IvyCudgel,HornLeech,SwordsDance,SpikyShield|||F|||50|,,,,,Water]Regieleki||Magnet|Transistor|Thunderbolt,Electroweb,TeraBlast,Protect||||||50|,,,,,Ice]Indeedee-F||PsychicSeed|PsychicSurge|Psychic,FollowMe,HelpingHand,Protect|||F|||50|,,,,,Dragon]Tornadus||SafetyGoggles|Prankster|BleakwindStorm,Tailwind,RainDance,Protect|||M|||50|,,,,,Dark]Chi-Yu||LifeOrb|BeadsofRuin|HeatWave,Overheat,Snarl,Protect||||||50|,,,,,Fire]Flutter Mane||FocusSash|Protosynthesis|DazzlingGleam,Moonblast,ShadowBall,Protect||||||50|,,,,,Fairy\n|showteam|p2|Volcarona||Leftovers|FlameBody|Protect,HeatWave,GigaDrain,QuiverDance|||M|||50|,,,,,Grass]Kingambit||BlackGlasses|Defiant|KowtowCleave,SuckerPunch,SwordsDance,Protect|||M|||50|,,,,,Poison]Chien-Pao||FocusSash|SwordofRuin|SuckerPunch,IceSpinner,SacredSword,Protect||||||50|,,,,,Ghost]Iron Hands||AssaultVest|QuarkDrive|DrainPunch,WildCharge,HeavySlam,FakeOut||||||50|,,,,,Fire]Landorus-Therian||ChoiceScarf|Intimidate|RockSlide,StompingTantrum,TeraBlast,Uturn|||M|||50|,,,,,Flying]Sinistcha||RockyHelmet|Hospitality|MatchaGotcha,StrengthSap,RagePowder,TrickRoom||||||50|,,,,,Fairy\n|c|\u26065wamp|glhf\n|\n|t:|1700405857\n|start\n|switch|p1a: Regieleki|Regieleki, L50|100\/100\n|switch|p1b: Chi-Yu|Chi-Yu, L50|100\/100\n|switch|p2a: Landorus|Landorus-Therian, L50, M|100\/100\n|switch|p2b: Iron Hands|Iron Hands, L50|100\/100\n|-ability|p2a: Landorus|Intimidate|boost\n|-unboost|p1a: Regieleki|atk|1\n|-unboost|p1b: Chi-Yu|atk|1\n|-ability|p1b: Chi-Yu|Beads of Ruin\n|turn|1\n|\n|t:|1700405888\n|move|p1a: Regieleki|Protect|p1a: Regieleki\n|-singleturn|p1a: Regieleki|Protect\n|move|p1b: Chi-Yu|Protect|p1b: Chi-Yu\n|-singleturn|p1b: Chi-Yu|Protect\n|move|p2a: Landorus|Stomping Tantrum|p1b: Chi-Yu\n|-activate|p1b: Chi-Yu|move: Protect\n|move|p2b: Iron Hands|Drain Punch|p1a: Regieleki\n|-activate|p1a: Regieleki|move: Protect\n|\n|upkeep\n|turn|2\n|\n|t:|1700405945\n|switch|p2a: Chien-Pao|Chien-Pao, L50|100\/100\n|-ability|p2a: Chien-Pao|Sword of Ruin\n|move|p1a: Regieleki|Electroweb|p2a: Chien-Pao|[spread] p2b\n|-miss|p1a: Regieleki|p2a: Chien-Pao\n|-resisted|p2b: Iron Hands\n|-damage|p2b: Iron Hands|91\/100\n|-unboost|p2b: Iron Hands|spe|1\n|move|p1b: Chi-Yu|Heat Wave|p2b: Iron Hands|[spread] p2a,p2b\n|-supereffective|p2a: Chien-Pao\n|-enditem|p2a: Chien-Pao|Focus Sash\n|-damage|p2a: Chien-Pao|1\/100\n|-damage|p2b: Iron Hands|56\/100\n|-damage|p1b: Chi-Yu|91\/100|[from] item: Life Orb\n|move|p2b: Iron Hands|Drain Punch|p1b: Chi-Yu\n|-supereffective|p1b: Chi-Yu\n|-damage|p1b: Chi-Yu|0 fnt\n|-heal|p2b: Iron Hands|83\/100|[from] drain|[of] p1b: Chi-Yu\n|faint|p1b: Chi-Yu\n|\n|upkeep\n|inactive|Battle timer is ON: inactive players will automatically lose when time's up. (requested by 5wamp)\n|\n|t:|1700405958\n|switch|p1b: Flutter Mane|Flutter Mane, L50|100\/100\n|turn|3\n|\n|t:|1700405977\n|switch|p1a: Indeedee|Indeedee-F, L50, F|100\/100\n|-fieldstart|move: Psychic Terrain|[from] ability: Psychic Surge|[of] p1a: Indeedee\n|-enditem|p1a: Indeedee|Psychic Seed\n|-boost|p1a: Indeedee|spd|1|[from] item: Psychic Seed\n|move|p2a: Chien-Pao|Sucker Punch|p1b: Flutter Mane\n|-activate|p1b: Flutter Mane|move: Psychic Terrain\n|move|p1b: Flutter Mane|Dazzling Gleam|p2b: Iron Hands|[spread] p2a,p2b\n|-supereffective|p2a: Chien-Pao\n|-supereffective|p2b: Iron Hands\n|-damage|p2a: Chien-Pao|0 fnt\n|-damage|p2b: Iron Hands|52\/100\n|faint|p2a: Chien-Pao\n|move|p2b: Iron Hands|Heavy Slam|p1b: Flutter Mane\n|-supereffective|p1b: Flutter Mane\n|-enditem|p1b: Flutter Mane|Focus Sash\n|-damage|p1b: Flutter Mane|1\/100\n|\n|upkeep\n|\n|t:|1700405981\n|switch|p2a: Landorus|Landorus-Therian, L50, M|100\/100\n|-ability|p2a: Landorus|Intimidate|boost\n|-unboost|p1a: Indeedee|atk|1\n|-unboost|p1b: Flutter Mane|atk|1\n|turn|4\n|\n|t:|1700406006\n|switch|p1a: Regieleki|Regieleki, L50|100\/100\n|-end|p2b: Iron Hands|Quark Drive|[silent]\n|switch|p2b: Kingambit|Kingambit, L50, M|100\/100\n|move|p1b: Flutter Mane|Protect|p1b: Flutter Mane\n|-singleturn|p1b: Flutter Mane|Protect\n|move|p2a: Landorus|U-turn|p1b: Flutter Mane\n|-activate|p1b: Flutter Mane|move: Protect\n|\n|upkeep\n|turn|5\n|\n|t:|1700406027\n|move|p1a: Regieleki|Thunderbolt|p2b: Kingambit\n|-damage|p2b: Kingambit|48\/100\n|move|p2a: Landorus|U-turn|p1b: Flutter Mane\n|-resisted|p1b: Flutter Mane\n|-damage|p1b: Flutter Mane|0 fnt\n|faint|p1b: Flutter Mane\n|-end|p1b: Flutter Mane|Protosynthesis|[silent]\n|\n|t:|1700406031\n|switch|p2a: Iron Hands|Iron Hands, L50|52\/100|[from] U-turn\n|move|p2b: Kingambit|Swords Dance|p2b: Kingambit\n|-boost|p2b: Kingambit|atk|2\n|\n|upkeep\n|\n|t:|1700406033\n|switch|p1b: Indeedee|Indeedee-F, L50, F|100\/100\n|turn|6\n|j| FreeSharkFood\n|inactive|5wamp has 30 seconds left.\n|\n|t:|1700406066\n|move|p1a: Regieleki|Thunderbolt|p2b: Kingambit\n|-damage|p2b: Kingambit|0 fnt\n|faint|p2b: Kingambit\n|move|p1b: Indeedee|Psychic|p2a: Iron Hands\n|-supereffective|p2a: Iron Hands\n|-damage|p2a: Iron Hands|10\/100\n|move|p2a: Iron Hands|Drain Punch|p1a: Regieleki\n|-damage|p1a: Regieleki|39\/100\n|-heal|p2a: Iron Hands|36\/100|[from] drain|[of] p1a: Regieleki\n|\n|upkeep\n|\n|t:|1700406069\n|switch|p2b: Landorus|Landorus-Therian, L50, M|100\/100\n|-ability|p2b: Landorus|Intimidate|boost\n|-unboost|p1a: Regieleki|atk|1\n|-unboost|p1b: Indeedee|atk|1\n|turn|7\n|inactive|pokesun1 has 30 seconds left.\n|inactive|5wamp has 30 seconds left.\n|inactive|5wamp has 20 seconds left.\n|\n|t:|1700406108\n|-terastallize|p1a: Regieleki|Ice\n|-terastallize|p2b: Landorus|Flying\n|move|p1b: Indeedee|Helping Hand|p1a: Regieleki\n|-singleturn|p1a: Regieleki|Helping Hand|[of] p1b: Indeedee\n|move|p1a: Regieleki|Tera Blast|p2b: Landorus|[anim] Tera Blast Ice\n|-supereffective|p2b: Landorus\n|-damage|p2b: Landorus|0 fnt\n|faint|p2b: Landorus\n|move|p2a: Iron Hands|Drain Punch|p1b: Indeedee\n|-damage|p1b: Indeedee|59\/100\n|-heal|p2a: Iron Hands|52\/100|[from] drain|[of] p1b: Indeedee\n|\n|-fieldend|move: Psychic Terrain\n|upkeep\n|turn|8\n|c|\u2606pokesun1|Gg\n|c|\u26065wamp|ggwp#\n|c|\u2606pokesun1|I love eleki\n|\n|t:|1700406122\n|move|p1a: Regieleki|Tera Blast|p2a: Iron Hands|[anim] Tera Blast Ice\n|-damage|p2a: Iron Hands|35\/100\n|move|p1b: Indeedee|Psychic|p2a: Iron Hands\n|-supereffective|p2a: Iron Hands\n|-damage|p2a: Iron Hands|4\/100\n|move|p2a: Iron Hands|Drain Punch|p1a: Regieleki\n|-supereffective|p1a: Regieleki\n|-damage|p1a: Regieleki|0 fnt\n|-heal|p2a: Iron Hands|19\/100|[from] drain|[of] p1a: Regieleki\n|faint|p1a: Regieleki\n|\n|upkeep\n|turn|9\n|\n|t:|1700406126\n|move|p1b: Indeedee|Psychic|p2a: Iron Hands\n|-supereffective|p2a: Iron Hands\n|-damage|p2a: Iron Hands|0 fnt\n|faint|p2a: Iron Hands\n|-end|p2a: Iron Hands|Quark Drive|[silent]\n|\n|win|pokesun1\n|j| FunneeMonkee\n|c|\u26065wamp|its so fun\n|l| FreeSharkFood\n|j| FreeSharkFood\n|l| FreeSharkFood\n|l|\u26065wamp\n|l| FunneeMonkee\n|l|\u2606pokesun1\n|j|\u2606pokesun1\n|player|p1|pokesun1|lady-gen4\n","uploadtime":1700406186,"views":17,"p1id":"pokesun1","p2id":"5wamp","formatid":"gen9vgc2023regulatione","rating":0,"private":0,"password":""}