{"id":"gen9vgc2023regulatione-1996495422","p1":"Kzjrhzk","p2":"Nonaso","format":"[Gen 9] VGC 2023 Regulation E","log":"|j|\u2606Kzjrhzk\n|j|\u2606Nonaso\n|t:|1700687585\n|gametype|doubles\n|player|p1|Kzjrhzk|lance|1163\n|player|p2|Nonaso|riley|1174\n|teamsize|p1|6\n|teamsize|p2|6\n|gen|9\n|tier|[Gen 9] VGC 2023 Regulation E\n|rated|\n|rule|Species Clause: Limit one of each Pok\u00e9mon\n|rule|Item Clause: Limit one of each item\n|clearpoke\n|poke|p1|Flutter Mane, L50|\n|poke|p1|Tornadus, L50, M|\n|poke|p1|Rillaboom, L50, M|\n|poke|p1|Garganacl, L50, F|\n|poke|p1|Arcanine-Hisui, L50, M|\n|poke|p1|Chien-Pao, L50|\n|poke|p2|Arcanine-Hisui, L50, M|\n|poke|p2|Rillaboom, L50, M|\n|poke|p2|Flutter Mane, L50|\n|poke|p2|Tornadus, L50, M|\n|poke|p2|Chien-Pao, L50|\n|poke|p2|Urshifu-*, L50, M|\n|teampreview|4\n|inactive|Battle timer is ON: inactive players will automatically lose when time's up. (requested by Kzjrhzk)\n|\n|t:|1700687622\n|start\n|switch|p1a: Tornadus|Tornadus, L50, M|100\/100\n|switch|p1b: Garganacl|Garganacl, L50, F|100\/100\n|switch|p2a: Chien-Pao|Chien-Pao, L50|100\/100\n|switch|p2b: Urshifu|Urshifu-Rapid-Strike, L50, M|100\/100\n|-ability|p2a: Chien-Pao|Sword of Ruin\n|turn|1\n|\n|t:|1700687648\n|switch|p1a: Arcanine|Arcanine-Hisui, L50, M|100\/100\n|-ability|p1a: Arcanine|Intimidate|boost\n|-unboost|p2a: Chien-Pao|atk|1\n|-unboost|p2b: Urshifu|atk|1\n|-terastallize|p2b: Urshifu|Water\n|-terastallize|p1b: Garganacl|Ghost\n|move|p2a: Chien-Pao|Icicle Crash|p1a: Arcanine|[miss]\n|-miss|p2a: Chien-Pao|p1a: Arcanine\n|move|p2b: Urshifu|Surging Strikes|p1b: Garganacl\n|-crit|p1b: Garganacl\n|-damage|p1b: Garganacl|71\/100\n|-crit|p1b: Garganacl\n|-damage|p1b: Garganacl|39\/100\n|-enditem|p1b: Garganacl|Sitrus Berry|[eat]\n|-heal|p1b: Garganacl|63\/100|[from] item: Sitrus Berry\n|-crit|p1b: Garganacl\n|-damage|p1b: Garganacl|29\/100\n|-hitcount|p1b: Garganacl|3\n|move|p1b: Garganacl|Salt Cure|p2b: Urshifu\n|-damage|p2b: Urshifu|82\/100\n|-start|p2b: Urshifu|Salt Cure\n|\n|-damage|p2b: Urshifu|57\/100|[from] Salt Cure\n|upkeep\n|turn|2\n|inactive|Nonaso has 30 seconds left.\n|\n|t:|1700687678\n|switch|p1a: Rillaboom|Rillaboom, L50, M|100\/100\n|-fieldstart|move: Grassy Terrain|[from] ability: Grassy Surge|[of] p1a: Rillaboom\n|switch|p1b: Tornadus|Tornadus, L50, M|100\/100\n|move|p2a: Chien-Pao|Sucker Punch||[still]\n|-fail|p2a: Chien-Pao\n|move|p2b: Urshifu|Aqua Jet|p1a: Rillaboom\n|-resisted|p1a: Rillaboom\n|-damage|p1a: Rillaboom|85\/100\n|\n|-heal|p2b: Urshifu|64\/100|[from] Grassy Terrain\n|-heal|p1a: Rillaboom|91\/100|[from] Grassy Terrain\n|-damage|p2b: Urshifu|39\/100|[from] Salt Cure\n|upkeep\n|turn|3\n|\n|t:|1700687702\n|switch|p2b: Arcanine|Arcanine-Hisui, L50, M, shiny|100\/100\n|-ability|p2b: Arcanine|Intimidate|boost\n|-unboost|p1a: Rillaboom|atk|1\n|-unboost|p1b: Tornadus|atk|1\n|move|p1a: Rillaboom|Fake Out|p2a: Chien-Pao\n|-damage|p2a: Chien-Pao|86\/100\n|move|p1b: Tornadus|Tailwind|p1b: Tornadus\n|-sidestart|p1: Kzjrhzk|move: Tailwind\n|cant|p2a: Chien-Pao|flinch\n|\n|-heal|p1a: Rillaboom|97\/100|[from] Grassy Terrain\n|-heal|p2a: Chien-Pao|91\/100|[from] Grassy Terrain\n|upkeep\n|turn|4\n|inactive|Nonaso has 30 seconds left.\n|inactive|Nonaso has 20 seconds left.\n|\n|t:|1700687741\n|switch|p1a: Arcanine|Arcanine-Hisui, L50, M|100\/100\n|-ability|p1a: Arcanine|Intimidate|boost\n|-unboost|p2a: Chien-Pao|atk|1\n|-unboost|p2b: Arcanine|atk|1\n|move|p1b: Tornadus|Bleakwind Storm|p2b: Arcanine|[spread] p2a,p2b\n|-resisted|p2b: Arcanine\n|-damage|p2a: Chien-Pao|37\/100\n|-damage|p2b: Arcanine|85\/100\n|-unboost|p2a: Chien-Pao|spe|1\n|-unboost|p2b: Arcanine|spe|1\n|move|p2a: Chien-Pao|Icicle Crash|p1b: Tornadus\n|-supereffective|p1b: Tornadus\n|-damage|p1b: Tornadus|26\/100\n|move|p2b: Arcanine|Flare Blitz|p1a: Arcanine\n|-resisted|p1a: Arcanine\n|-damage|p1a: Arcanine|79\/100\n|-damage|p2b: Arcanine|79\/100|[from] Recoil\n|\n|-heal|p1a: Arcanine|85\/100|[from] Grassy Terrain\n|-heal|p2a: Chien-Pao|42\/100|[from] Grassy Terrain\n|-heal|p2b: Arcanine|85\/100|[from] Grassy Terrain\n|upkeep\n|turn|5\n|inactive|Nonaso has 30 seconds left.\n|\n|t:|1700687768\n|switch|p2b: Urshifu|Urshifu-Rapid-Strike, L50, M, tera:Water|39\/100\n|move|p2a: Chien-Pao|Sucker Punch|p1b: Tornadus\n|-damage|p1b: Tornadus|0 fnt\n|-damage|p2a: Chien-Pao|26\/100|[from] item: Rocky Helmet|[of] p1b: Tornadus\n|faint|p1b: Tornadus\n|move|p1a: Arcanine|Rock Slide|p2b: Urshifu|[spread] p2b\n|-miss|p1a: Arcanine|p2a: Chien-Pao\n|-damage|p2b: Urshifu|0 fnt\n|faint|p2b: Urshifu\n|\n|-heal|p1a: Arcanine|90\/100|[from] Grassy Terrain\n|-heal|p2a: Chien-Pao|32\/100|[from] Grassy Terrain\n|upkeep\n|\n|t:|1700687791\n|switch|p2b: Rillaboom|Rillaboom, L50, M, shiny|100\/100\n|switch|p1b: Garganacl|Garganacl, L50, F, tera:Ghost|29\/100\n|turn|6\n|\n|t:|1700687810\n|switch|p1a: Rillaboom|Rillaboom, L50, M|97\/100\n|switch|p2a: Arcanine|Arcanine-Hisui, L50, M, shiny|85\/100\n|-ability|p2a: Arcanine|Intimidate|boost\n|-unboost|p1a: Rillaboom|atk|1\n|-unboost|p1b: Garganacl|atk|1\n|move|p1b: Garganacl|Protect|p1b: Garganacl\n|-singleturn|p1b: Garganacl|Protect\n|move|p2b: Rillaboom|Grassy Glide|p1b: Garganacl\n|-activate|p1b: Garganacl|move: Protect\n|\n|-heal|p1a: Rillaboom|100\/100|[from] Grassy Terrain\n|-heal|p2a: Arcanine|91\/100|[from] Grassy Terrain\n|-heal|p1b: Garganacl|34\/100|[from] Grassy Terrain\n|-sideend|p1: Kzjrhzk|move: Tailwind\n|-fieldend|move: Grassy Terrain\n|upkeep\n|turn|7\n|inactive|Nonaso has 30 seconds left.\n|\n|t:|1700687837\n|move|p2a: Arcanine|Head Smash|p1a: Rillaboom\n|-damage|p1a: Rillaboom|11\/100\n|-damage|p2a: Arcanine|45\/100|[from] Recoil\n|move|p2b: Rillaboom|Wood Hammer|p1a: Rillaboom\n|-resisted|p1a: Rillaboom\n|-damage|p1a: Rillaboom|0 fnt\n|faint|p1a: Rillaboom\n|-damage|p2b: Rillaboom|97\/100|[from] Recoil\n|move|p1b: Garganacl|Recover|p1b: Garganacl\n|-heal|p1b: Garganacl|85\/100\n|\n|upkeep\n|\n|t:|1700687843\n|switch|p1a: Arcanine|Arcanine-Hisui, L50, M|90\/100\n|-ability|p1a: Arcanine|Intimidate|boost\n|-unboost|p2a: Arcanine|atk|1\n|-unboost|p2b: Rillaboom|atk|1\n|turn|8\n|inactive|Nonaso has 30 seconds left.\n|inactive|Nonaso has 20 seconds left.\n|inactive|Nonaso has 15 seconds left.\n|inactive|Nonaso has 10 seconds left.\n|\n|t:|1700687890\n|switch|p2a: Chien-Pao|Chien-Pao, L50|32\/100\n|-ability|p2a: Chien-Pao|Sword of Ruin\n|move|p1a: Arcanine|Rock Slide|p2a: Chien-Pao|[spread] p2a,p2b\n|-supereffective|p2a: Chien-Pao\n|-damage|p2a: Chien-Pao|0 fnt\n|-damage|p2b: Rillaboom|47\/100\n|faint|p2a: Chien-Pao\n|cant|p2b: Rillaboom|flinch\n|move|p1b: Garganacl|Iron Defense|p1b: Garganacl\n|-boost|p1b: Garganacl|def|2\n|\n|upkeep\n|\n|t:|1700687903\n|switch|p2a: Arcanine|Arcanine-Hisui, L50, M, shiny|45\/100\n|-ability|p2a: Arcanine|Intimidate|boost\n|-unboost|p1a: Arcanine|atk|1\n|-unboost|p1b: Garganacl|atk|1\n|turn|9\n|\n|t:|1700687923\n|move|p1a: Arcanine|Rock Slide|p2b: Rillaboom|[spread] p2a,p2b\n|-supereffective|p2a: Arcanine\n|-damage|p2a: Arcanine|0 fnt\n|-damage|p2b: Rillaboom|24\/100\n|faint|p2a: Arcanine\n|move|p2b: Rillaboom|Wood Hammer|p1b: Garganacl\n|-damage|p1b: Garganacl|72\/100\n|-damage|p2b: Rillaboom|20\/100|[from] Recoil\n|move|p1b: Garganacl|Salt Cure|p2b: Rillaboom\n|-damage|p2b: Rillaboom|13\/100\n|-start|p2b: Rillaboom|Salt Cure\n|\n|-damage|p2b: Rillaboom|0 fnt|[from] Salt Cure\n|faint|p2b: Rillaboom\n|\n|win|Kzjrhzk\n|upkeep\n|raw|Kzjrhzk's rating: 1163 &rarr; <strong>1189<\/strong><br \/>(+26 for winning)\n|raw|Nonaso's rating: 1174 &rarr; <strong>1148<\/strong><br \/>(-26 for losing)\n|l|\u2606Nonaso\n","uploadtime":1700687935,"views":2,"p1id":"kzjrhzk","p2id":"nonaso","formatid":"gen9vgc2023regulatione","rating":1148,"private":0,"password":""}