{"id":"gen9vgc2023regulatione-1994017389","p1":"DarkMatteruser","p2":"polteageistherself","format":"[Gen 9] VGC 2023 Regulation E","log":"|j|\u2606DarkMatteruser\n|j|\u2606polteageistherself\n|t:|1700394308\n|gametype|doubles\n|player|p1|DarkMatteruser|morty|1046\n|player|p2|polteageistherself|caitlin|1000\n|teamsize|p1|6\n|teamsize|p2|4\n|gen|9\n|tier|[Gen 9] VGC 2023 Regulation E\n|rated|\n|rule|Species Clause: Limit one of each Pok\u00e9mon\n|rule|Item Clause: Limit one of each item\n|clearpoke\n|poke|p1|Armarouge, L50, M|\n|poke|p1|Slowpoke, L50, M|\n|poke|p1|Scream Tail, L50|\n|poke|p1|Hatterene, L50, F|\n|poke|p1|Gothitelle, L50, F|\n|poke|p1|Indeedee-F, L50, F|\n|poke|p2|Polteageist, L50|\n|poke|p2|Maushold-Four, L50|\n|poke|p2|Indeedee-F, L50, F|\n|poke|p2|Flamigo, L50, F|\n|teampreview|4\n|\n|t:|1700394326\n|start\n|switch|p1a: Mega Man|Armarouge, L50, M|100\/100\n|switch|p1b: Maid|Indeedee-F, L50, F|100\/100\n|switch|p2a: Polteageist|Polteageist, L50|100\/100\n|switch|p2b: Maushold|Maushold-Four, L50|100\/100\n|-fieldstart|move: Psychic Terrain|[from] ability: Psychic Surge|[of] p1b: Maid\n|-enditem|p1b: Maid|Psychic Seed\n|-boost|p1b: Maid|spd|1|[from] item: Psychic Seed\n|turn|1\n|\n|t:|1700394340\n|move|p2b: Maushold|Beat Up|p2a: Polteageist\n|-supereffective|p2a: Polteageist\n|-damage|p2a: Polteageist|95\/100\n|-ability|p2a: Polteageist|Weak Armor|boost\n|-unboost|p2a: Polteageist|def|1\n|-boost|p2a: Polteageist|spe|2\n|-enditem|p2a: Polteageist|Weakness Policy\n|-boost|p2a: Polteageist|atk|2|[from] item: Weakness Policy\n|-boost|p2a: Polteageist|spa|2|[from] item: Weakness Policy\n|-supereffective|p2a: Polteageist\n|-damage|p2a: Polteageist|86\/100\n|-ability|p2a: Polteageist|Weak Armor|boost\n|-unboost|p2a: Polteageist|def|1\n|-boost|p2a: Polteageist|spe|2\n|-supereffective|p2a: Polteageist\n|-damage|p2a: Polteageist|78\/100\n|-ability|p2a: Polteageist|Weak Armor|boost\n|-unboost|p2a: Polteageist|def|1\n|-boost|p2a: Polteageist|spe|2\n|-supereffective|p2a: Polteageist\n|-damage|p2a: Polteageist|61\/100\n|-ability|p2a: Polteageist|Weak Armor|boost\n|-unboost|p2a: Polteageist|def|1\n|-hitcount|p2a: Polteageist|4\n|move|p2a: Polteageist|Shadow Ball|p1a: Mega Man\n|-supereffective|p1a: Mega Man\n|-damage|p1a: Mega Man|0 fnt\n|faint|p1a: Mega Man\n|move|p1b: Maid|Trick Room|p1b: Maid\n|-fieldstart|move: Trick Room|[of] p1b: Maid\n|\n|upkeep\n|\n|t:|1700394362\n|switch|p1a: Sabrina|Hatterene, L50, F, shiny|100\/100\n|turn|2\n|-activate|p1a: Sabrina|item: Quick Claw\n|\n|t:|1700394374\n|-terastallize|p1a: Sabrina|Fairy\n|move|p1b: Maid|Helping Hand|p1a: Sabrina\n|-singleturn|p1a: Sabrina|Helping Hand|[of] p1b: Maid\n|move|p2a: Polteageist|Protect|p2a: Polteageist\n|-singleturn|p2a: Polteageist|Protect\n|move|p1a: Sabrina|Shadow Ball|p2a: Polteageist\n|-activate|p2a: Polteageist|move: Protect\n|move|p2b: Maushold|Taunt|p1b: Maid\n|-start|p1b: Maid|move: Taunt\n|\n|upkeep\n|turn|3\n|n|!DarkMatteruser|darkmatteruser\n|\n|t:|1700394393\n|switch|p1b: Mizuki|Slowpoke, L50, M|100\/100\n|switch|p2b: Flamigo|Flamigo, L50, F|100\/100\n|-copyboost|p2b: Flamigo|p2a: Polteageist|[from] ability: Costar\n|-enditem|p2b: Flamigo|White Herb\n|-clearnegativeboost|p2b: Flamigo|[silent]\n|move|p1a: Sabrina|Shadow Ball|p2a: Polteageist\n|-supereffective|p2a: Polteageist\n|-damage|p2a: Polteageist|0 fnt\n|faint|p2a: Polteageist\n|\n|upkeep\n|\n|t:|1700394408\n|switch|p2a: Maushold|Maushold-Four, L50|100\/100\n|turn|4\n|\n|t:|1700394419\n|move|p2a: Maushold|Follow Me|p2a: Maushold\n|-singleturn|p2a: Maushold|move: Follow Me\n|move|p1b: Mizuki|Chilling Water|p2a: Maushold\n|-damage|p2a: Maushold|88\/100\n|-unboost|p2a: Maushold|atk|1\n|move|p1a: Sabrina|Dazzling Gleam|p2a: Maushold|[spread] p2a,p2b\n|-supereffective|p2b: Flamigo\n|-damage|p2a: Maushold|17\/100\n|-damage|p2b: Flamigo|34\/100\n|move|p2b: Flamigo|Acrobatics|p1b: Mizuki\n|-damage|p1b: Mizuki|37\/100\n|\n|upkeep\n|turn|5\n|-message|polteageistherself forfeited.\n|\n|win|DarkMatteruser\n|raw|DarkMatteruser's rating: 1046 &rarr; <strong>1075<\/strong><br \/>(+29 for winning)\n|raw|polteageistherself's rating: 1000 &rarr; <strong>1000<\/strong><br \/>(+0 for losing)\n|l|\u2606polteageistherself\n","uploadtime":1700394383,"views":4,"p1id":"darkmatteruser","p2id":"polteageistherself","formatid":"gen9vgc2023regulatione","rating":1000,"private":0,"password":""}