{"id":"gen9vgc2023regulatione-1994548612","p1":"bassdrops666","p2":"patagonia fleece","format":"[Gen 9] VGC 2023 Regulation E","log":"|j|\u2606bassdrops666\n|j|\u2606patagonia fleece\n|t:|1700458016\n|gametype|doubles\n|player|p1|bassdrops666|170|1435\n|player|p2|patagonia fleece|pokemonbreeder|1367\n|teamsize|p1|6\n|teamsize|p2|6\n|gen|9\n|tier|[Gen 9] VGC 2023 Regulation E\n|rated|\n|rule|Species Clause: Limit one of each Pok\u00e9mon\n|rule|Item Clause: Limit one of each item\n|clearpoke\n|poke|p1|Scream Tail, L50|\n|poke|p1|Weezing, L50, M|\n|poke|p1|Heatran, L50, M|\n|poke|p1|Annihilape, L50, M|\n|poke|p1|Flutter Mane, L50|\n|poke|p1|Rillaboom, L50, M|\n|poke|p2|Politoed, L50, M|\n|poke|p2|Tornadus, L50, M|\n|poke|p2|Ogerpon, L50, F|\n|poke|p2|Urshifu-*, L50, F|\n|poke|p2|Chien-Pao, L50|\n|poke|p2|Iron Hands, L50|\n|teampreview|4\n|j| DarkRinoRex\npatagonia fleece has agreed to open team sheets.\nbassdrops666 has agreed to open team sheets.\n|\n|t:|1700458096\n|start\n|switch|p1a: Weezing|Weezing, L50, M, shiny|100\/100\n|switch|p1b: Annihilape|Annihilape, L50, M|100\/100\n|switch|p2a: Iron Hands|Iron Hands, L50|100\/100\n|switch|p2b: Tornadus|Tornadus, L50, M|100\/100\n|-ability|p1a: Weezing|Neutralizing Gas\n|turn|1\n|\n|t:|1700458125\n|move|p1b: Annihilape|Final Gambit|p2b: Tornadus\n|-damage|p2b: Tornadus|0 fnt\n|faint|p1b: Annihilape\n|faint|p2b: Tornadus\n|move|p1a: Weezing|Will-O-Wisp|p2a: Iron Hands\n|-status|p2a: Iron Hands|brn\n|move|p2a: Iron Hands|Heavy Slam|p1a: Weezing\n|-damage|p1a: Weezing|81\/100\n|\n|-damage|p2a: Iron Hands|94\/100 brn|[from] brn\n|upkeep\n|\n|t:|1700458140\n|switch|p1b: Scream Tail|Scream Tail, L50|100\/100\n|switch|p2b: Chien-Pao|Chien-Pao, L50|100\/100\n|-enditem|p1b: Scream Tail|Booster Energy\n|-activate|p1b: Scream Tail|ability: Protosynthesis|[fromitem]\n|-start|p1b: Scream Tail|protosynthesisspe\n|turn|2\n|j| meowmeowjoe\n|\n|t:|1700458162\n|move|p1b: Scream Tail|Dazzling Gleam|p2a: Iron Hands|[spread] p2a,p2b\n|-supereffective|p2a: Iron Hands\n|-supereffective|p2b: Chien-Pao\n|-damage|p2a: Iron Hands|74\/100 brn\n|-damage|p2b: Chien-Pao|50\/100\n|move|p2b: Chien-Pao|Ice Spinner|p1b: Scream Tail\n|-damage|p1b: Scream Tail|67\/100\n|move|p1a: Weezing|Will-O-Wisp|p2b: Chien-Pao|[miss]\n|-miss|p1a: Weezing|p2b: Chien-Pao\n|move|p2a: Iron Hands|Heavy Slam|p1b: Scream Tail\n|-supereffective|p1b: Scream Tail\n|-damage|p1b: Scream Tail|33\/100\n|\n|-damage|p2a: Iron Hands|68\/100 brn|[from] brn\n|upkeep\n|turn|3\n|\n|t:|1700458200\n|move|p1b: Scream Tail|Protect|p1b: Scream Tail\n|-singleturn|p1b: Scream Tail|Protect\n|move|p2b: Chien-Pao|Ice Spinner|p1b: Scream Tail\n|-activate|p1b: Scream Tail|move: Protect\n|move|p1a: Weezing|Will-O-Wisp|p2b: Chien-Pao\n|-status|p2b: Chien-Pao|brn\n|move|p2a: Iron Hands|Heavy Slam|p1b: Scream Tail\n|-activate|p1b: Scream Tail|move: Protect\n|\n|-damage|p2b: Chien-Pao|44\/100 brn|[from] brn\n|-damage|p2a: Iron Hands|62\/100 brn|[from] brn\n|upkeep\n|turn|4\n|\n|t:|1700458217\n|move|p1b: Scream Tail|Dazzling Gleam|p2a: Iron Hands|[spread] p2a,p2b\n|-supereffective|p2a: Iron Hands\n|-supereffective|p2b: Chien-Pao\n|-damage|p2a: Iron Hands|43\/100 brn\n|-damage|p2b: Chien-Pao|0 fnt\n|faint|p2b: Chien-Pao\n|move|p1a: Weezing|Sludge Bomb|p2a: Iron Hands\n|-damage|p2a: Iron Hands|28\/100 brn\n|move|p2a: Iron Hands|Heavy Slam|p1b: Scream Tail\n|-supereffective|p1b: Scream Tail\n|-damage|p1b: Scream Tail|0 fnt\n|faint|p1b: Scream Tail\n|-end|p1b: Scream Tail|Protosynthesis|[silent]\n|\n|-damage|p2a: Iron Hands|22\/100 brn|[from] brn\n|upkeep\n|\n|t:|1700458231\n|switch|p2b: Urshifu|Urshifu-Rapid-Strike, L50, F|100\/100\n|switch|p1b: Flutter Mane|Flutter Mane, L50|100\/100\n|turn|5\n|\n|t:|1700458256\n|-terastallize|p2b: Urshifu|Water\n|move|p1b: Flutter Mane|Protect|p1b: Flutter Mane\n|-singleturn|p1b: Flutter Mane|Protect\n|move|p2b: Urshifu|Surging Strikes|p1b: Flutter Mane\n|-activate|p1b: Flutter Mane|move: Protect\n|move|p1a: Weezing|Will-O-Wisp|p2b: Urshifu\n|-status|p2b: Urshifu|brn\n|move|p2a: Iron Hands|Heavy Slam|p1a: Weezing\n|-damage|p1a: Weezing|63\/100\n|\n|-damage|p2b: Urshifu|95\/100 brn|[from] brn\n|-damage|p2a: Iron Hands|15\/100 brn|[from] brn\n|upkeep\n|turn|6\n|\n|t:|1700458281\n|move|p2b: Urshifu|Surging Strikes|p1b: Flutter Mane\n|-crit|p1b: Flutter Mane\n|-damage|p1b: Flutter Mane|68\/100\n|-crit|p1b: Flutter Mane\n|-damage|p1b: Flutter Mane|37\/100\n|-crit|p1b: Flutter Mane\n|-damage|p1b: Flutter Mane|3\/100\n|-hitcount|p1b: Flutter Mane|3\n|move|p1b: Flutter Mane|Moonblast|p2b: Urshifu\n|-damage|p2b: Urshifu|19\/100 brn\n|move|p1a: Weezing|Sludge Bomb|p2b: Urshifu\n|-damage|p2b: Urshifu|0 fnt\n|faint|p2b: Urshifu\n|move|p2a: Iron Hands|Heavy Slam|p1b: Flutter Mane\n|-supereffective|p1b: Flutter Mane\n|-damage|p1b: Flutter Mane|0 fnt\n|faint|p1b: Flutter Mane\n|-end|p1b: Flutter Mane|Protosynthesis|[silent]\n|\n|-damage|p2a: Iron Hands|9\/100 brn|[from] brn\n|upkeep\n|turn|7\n|\n|t:|1700458301\n|move|p1a: Weezing|Sludge Bomb|p2a: Iron Hands\n|-damage|p2a: Iron Hands|0 fnt\n|faint|p2a: Iron Hands\n|-end|p2a: Iron Hands|Quark Drive|[silent]\n|\n|win|bassdrops666\n|raw|bassdrops666's rating: 1435 &rarr; <strong>1451<\/strong><br \/>(+16 for winning)\n|raw|patagonia fleece's rating: 1367 &rarr; <strong>1351<\/strong><br \/>(-16 for losing)\n|l|\u2606patagonia fleece\n|l|\u2606bassdrops666\n","uploadtime":1700458446,"views":15,"p1id":"bassdrops666","p2id":"patagoniafleece","formatid":"gen9vgc2023regulatione","rating":1351,"private":0,"password":""}