{"id":"gen9vgc2023regulatione-1990069003","p1":"Smaller Kevin","p2":"M1guelEsh","format":"[Gen 9] VGC 2023 Regulation E","log":"|j|\u2606Smaller Kevin\n|j|\u2606M1guelEsh\n|t:|1699921195\n|gametype|doubles\n|player|p1|Smaller Kevin|2|1404\n|player|p2|M1guelEsh|hilbert|1406\n|teamsize|p1|6\n|teamsize|p2|6\n|gen|9\n|tier|[Gen 9] VGC 2023 Regulation E\n|rated|\n|rule|Species Clause: Limit one of each Pok\u00e9mon\n|rule|Item Clause: Limit one of each item\n|clearpoke\n|poke|p1|Clodsire, L50, M|\n|poke|p1|Flutter Mane, L50|\n|poke|p1|Rillaboom, L50, F|\n|poke|p1|Iron Hands, L50|\n|poke|p1|Farigiraf, L50, M|\n|poke|p1|Torkoal, L50, M|\n|poke|p2|Amoonguss, L50, M|\n|poke|p2|Landorus-Therian, L50, M|\n|poke|p2|Flutter Mane, L50|\n|poke|p2|Iron Hands, L50|\n|poke|p2|Roaring Moon, L50|\n|poke|p2|Heatran, L50, M|\n|teampreview|4\nM1guelEsh has agreed to open team sheets.\n|inactive|Battle timer is ON: inactive players will automatically lose when time's up. (requested by M1guelEsh)\n|inactive|M1guelEsh has 60 seconds left.\n|\n|t:|1699921257\n|start\n|switch|p1a: Farigiraf|Farigiraf, L50, M|100\/100\n|switch|p1b: Rillaboom|Rillaboom, L50, F|100\/100\n|switch|p2a: Flutter Mane|Flutter Mane, L50|100\/100\n|switch|p2b: Landorus|Landorus-Therian, L50, M|100\/100\n|-ability|p2b: Landorus|Intimidate|boost\n|-unboost|p1a: Farigiraf|atk|1\n|-unboost|p1b: Rillaboom|atk|1\n|-fieldstart|move: Grassy Terrain|[from] ability: Grassy Surge|[of] p1b: Rillaboom\n|turn|1\n|inactive|M1guelEsh has 30 seconds left.\n|inactive|M1guelEsh has 20 seconds left.\n|inactive|M1guelEsh has 15 seconds left.\n|inactive|M1guelEsh has 10 seconds left.\n|\n|t:|1699921303\n|move|p1b: Rillaboom|Fake Out|p2b: Landorus\n|-damage|p2b: Landorus|88\/100\n|cant|p2b: Landorus|flinch\n|move|p2a: Flutter Mane|Moonblast|p1b: Rillaboom\n|-damage|p1b: Rillaboom|54\/100\n|-unboost|p1b: Rillaboom|spa|1\n|move|p1a: Farigiraf|Trick Room|p1a: Farigiraf\n|-fieldstart|move: Trick Room|[of] p1a: Farigiraf\n|\n|-heal|p1b: Rillaboom|60\/100|[from] Grassy Terrain\n|upkeep\n|turn|2\n|inactive|M1guelEsh has 30 seconds left.\n|inactive|M1guelEsh has 20 seconds left.\n|\n|t:|1699921340\n|switch|p2b: Heatran|Heatran, L50, M|100\/100\n|move|p1b: Rillaboom|Grassy Glide|p2a: Flutter Mane\n|-damage|p2a: Flutter Mane|63\/100\n|move|p1a: Farigiraf|Psychic|p2b: Heatran\n|-resisted|p2b: Heatran\n|-damage|p2b: Heatran|82\/100\n|-unboost|p2b: Heatran|spd|1\n|move|p2a: Flutter Mane|Moonblast|p1a: Farigiraf\n|-damage|p1a: Farigiraf|37\/100\n|-unboost|p1a: Farigiraf|spa|1\n|\n|-heal|p1a: Farigiraf|43\/100|[from] Grassy Terrain\n|-heal|p2b: Heatran|88\/100|[from] Grassy Terrain\n|-heal|p2b: Heatran|94\/100|[from] item: Leftovers\n|-heal|p1b: Rillaboom|66\/100|[from] Grassy Terrain\n|-heal|p2a: Flutter Mane|69\/100|[from] Grassy Terrain\n|upkeep\n|turn|3\n|inactive|M1guelEsh has 30 seconds left.\n|\n|t:|1699921365\n|switch|p2b: Amoonguss|Amoonguss, L50, M|100\/100\n|-end|p2a: Flutter Mane|Protosynthesis|[silent]\n|switch|p2a: Landorus|Landorus-Therian, L50, M|88\/100\n|-ability|p2a: Landorus|Intimidate|boost\n|-unboost|p1a: Farigiraf|atk|1\n|-unboost|p1b: Rillaboom|atk|1\n|move|p1a: Farigiraf|Psychic|p2a: Landorus\n|-damage|p2a: Landorus|52\/100\n|move|p1b: Rillaboom|High Horsepower|p2b: Amoonguss\n|-damage|p2b: Amoonguss|88\/100\n|-damage|p1b: Rillaboom|50\/100|[from] item: Rocky Helmet|[of] p2b: Amoonguss\n|\n|-heal|p2b: Amoonguss|94\/100|[from] Grassy Terrain\n|-heal|p1a: Farigiraf|49\/100|[from] Grassy Terrain\n|-heal|p1b: Rillaboom|55\/100|[from] Grassy Terrain\n|upkeep\n|turn|4\n|inactive|M1guelEsh has 30 seconds left.\n|inactive|M1guelEsh has 20 seconds left.\n|inactive|M1guelEsh has 15 seconds left.\n|\n|t:|1699921407\n|switch|p2a: Heatran|Heatran, L50, M|94\/100\n|move|p2b: Amoonguss|Protect|p2b: Amoonguss\n|-singleturn|p2b: Amoonguss|Protect\n|move|p1a: Farigiraf|Psychic|p2b: Amoonguss\n|-activate|p2b: Amoonguss|move: Protect\n|move|p1b: Rillaboom|Wood Hammer|p2a: Heatran\n|-resisted|p2a: Heatran\n|-damage|p2a: Heatran|86\/100\n|-damage|p1b: Rillaboom|52\/100|[from] Recoil\n|\n|-heal|p2b: Amoonguss|99\/100|[from] Grassy Terrain\n|-heal|p1a: Farigiraf|56\/100|[from] Grassy Terrain\n|-heal|p2a: Heatran|92\/100|[from] Grassy Terrain\n|-heal|p2a: Heatran|98\/100|[from] item: Leftovers\n|-heal|p1b: Rillaboom|58\/100|[from] Grassy Terrain\n|upkeep\n|turn|5\n|inactive|M1guelEsh has 30 seconds left.\n|\n|t:|1699921433\n|switch|p1b: Flutter Mane|Flutter Mane, L50|100\/100\n|-terastallize|p2a: Heatran|Fairy\n|move|p2b: Amoonguss|Pollen Puff|p1a: Farigiraf\n|-supereffective|p1a: Farigiraf\n|-damage|p1a: Farigiraf|20\/100\n|move|p1a: Farigiraf|Psychic|p2b: Amoonguss\n|-supereffective|p2b: Amoonguss\n|-damage|p2b: Amoonguss|42\/100\n|move|p2a: Heatran|Heat Wave|p1b: Flutter Mane|[spread] p1b\n|-miss|p2a: Heatran|p1a: Farigiraf\n|-damage|p1b: Flutter Mane|60\/100\n|\n|-heal|p2b: Amoonguss|48\/100|[from] Grassy Terrain\n|-heal|p1a: Farigiraf|26\/100|[from] Grassy Terrain\n|-heal|p2a: Heatran|100\/100|[from] Grassy Terrain\n|-heal|p1b: Flutter Mane|66\/100|[from] Grassy Terrain\n|-fieldend|move: Trick Room\n|-fieldend|move: Grassy Terrain\n|upkeep\n|turn|6\n|inactive|M1guelEsh has 30 seconds left.\n|\n|t:|1699921459\n|move|p2b: Amoonguss|Protect|p2b: Amoonguss\n|-singleturn|p2b: Amoonguss|Protect\n|move|p2a: Heatran|Heat Wave|p1b: Flutter Mane|[spread] p1a,p1b\n|-damage|p1a: Farigiraf|0 fnt\n|-damage|p1b: Flutter Mane|27\/100\n|faint|p1a: Farigiraf\n|move|p1b: Flutter Mane|Trick Room|p1b: Flutter Mane\n|-fieldstart|move: Trick Room|[of] p1b: Flutter Mane\n|\n|upkeep\n|\n|t:|1699921469\n|switch|p1a: Torkoal|Torkoal, L50, M|100\/100\n|-weather|SunnyDay|[from] ability: Drought|[of] p1a: Torkoal\n|-activate|p1b: Flutter Mane|ability: Protosynthesis\n|-start|p1b: Flutter Mane|protosynthesisspa\n|turn|7\n|inactive|M1guelEsh has 30 seconds left.\n|\n|t:|1699921497\n|switch|p2b: Flutter Mane|Flutter Mane, L50|69\/100\n|-activate|p2b: Flutter Mane|ability: Protosynthesis\n|-start|p2b: Flutter Mane|protosynthesisspe\n|move|p1a: Torkoal|Eruption|p2b: Flutter Mane|[spread] p2b\n|-start|p2a: Heatran|ability: Flash Fire\n|-damage|p2b: Flutter Mane|0 fnt\n|faint|p2b: Flutter Mane\n|-end|p2b: Flutter Mane|Protosynthesis|[silent]\n|move|p2a: Heatran|Substitute|p2a: Heatran\n|-start|p2a: Heatran|Substitute\n|-damage|p2a: Heatran|76\/100\n|move|p1b: Flutter Mane|Shadow Ball|p2a: Heatran\n|-end|p2a: Heatran|Substitute\n|\n|-weather|SunnyDay|[upkeep]\n|-heal|p2a: Heatran|82\/100|[from] item: Leftovers\n|upkeep\n|\n|t:|1699921513\n|switch|p2b: Amoonguss|Amoonguss, L50, M|81\/100\n|turn|8\n|\n|t:|1699921525\n|move|p2b: Amoonguss|Protect|p2b: Amoonguss\n|-singleturn|p2b: Amoonguss|Protect\n|move|p1b: Flutter Mane|Protect|p1b: Flutter Mane\n|-singleturn|p1b: Flutter Mane|Protect\n|move|p1a: Torkoal|Eruption|p2a: Heatran|[spread] \n|-activate|p2b: Amoonguss|move: Protect\n|-immune|p2a: Heatran|[from] ability: Flash Fire\n|move|p2a: Heatran|Heat Wave|p1a: Torkoal|[spread] p1a\n|-activate|p1b: Flutter Mane|move: Protect\n|-resisted|p1a: Torkoal\n|-damage|p1a: Torkoal|36\/100\n|\n|-weather|SunnyDay|[upkeep]\n|-heal|p2a: Heatran|88\/100|[from] item: Leftovers\n|upkeep\n|turn|9\n|\n|t:|1699921541\n|switch|p2b: Landorus|Landorus-Therian, L50, M|52\/100\n|-ability|p2b: Landorus|Intimidate|boost\n|-unboost|p1a: Torkoal|atk|1\n|-unboost|p1b: Flutter Mane|atk|1\n|move|p1a: Torkoal|Eruption|p2a: Heatran|[spread] p2b\n|-immune|p2a: Heatran|[from] ability: Flash Fire\n|-damage|p2b: Landorus|11\/100\n|move|p2a: Heatran|Heat Wave|p1a: Torkoal|[spread] p1a\n|-miss|p2a: Heatran|p1b: Flutter Mane\n|-resisted|p1a: Torkoal\n|-damage|p1a: Torkoal|0 fnt\n|faint|p1a: Torkoal\n|move|p1b: Flutter Mane|Shadow Ball|p2a: Heatran\n|-damage|p2a: Heatran|33\/100\n|-unboost|p2a: Heatran|spd|1\n|\n|-weather|SunnyDay|[upkeep]\n|-heal|p2a: Heatran|39\/100|[from] item: Leftovers\n|upkeep\n|\n|t:|1699921553\n|switch|p1a: Rillaboom|Rillaboom, L50, F|58\/100\n|-fieldstart|move: Grassy Terrain|[from] ability: Grassy Surge|[of] p1a: Rillaboom\n|turn|10\n|\n|t:|1699921566\n|switch|p2b: Amoonguss|Amoonguss, L50, M|100\/100\n|move|p2a: Heatran|Protect|p2a: Heatran\n|-singleturn|p2a: Heatran|Protect\n|move|p1a: Rillaboom|High Horsepower|p2a: Heatran\n|-activate|p2a: Heatran|move: Protect\n|move|p1b: Flutter Mane|Shadow Ball|p2b: Amoonguss\n|-crit|p2b: Amoonguss\n|-damage|p2b: Amoonguss|10\/100\n|\n|-weather|SunnyDay|[upkeep]\n|-heal|p2b: Amoonguss|16\/100|[from] Grassy Terrain\n|-heal|p2a: Heatran|45\/100|[from] Grassy Terrain\n|-heal|p2a: Heatran|52\/100|[from] item: Leftovers\n|-heal|p1a: Rillaboom|64\/100|[from] Grassy Terrain\n|-heal|p1b: Flutter Mane|33\/100|[from] Grassy Terrain\n|-fieldend|move: Trick Room\n|upkeep\n|turn|11\n|inactive|Smaller Kevin has 30 seconds left.\n|inactive|M1guelEsh has 30 seconds left.\n|inactive|M1guelEsh has 20 seconds left.\n|inactive|M1guelEsh has 15 seconds left.\n|\n|t:|1699921607\n|switch|p2b: Landorus|Landorus-Therian, L50, M|11\/100\n|-ability|p2b: Landorus|Intimidate|boost\n|-unboost|p1a: Rillaboom|atk|1\n|-unboost|p1b: Flutter Mane|atk|1\n|-terastallize|p1b: Flutter Mane|Fairy\n|move|p1b: Flutter Mane|Moonblast|p2a: Heatran\n|-damage|p2a: Heatran|0 fnt\n|faint|p2a: Heatran\n|move|p1a: Rillaboom|Wood Hammer|p2b: Landorus\n|-damage|p2b: Landorus|0 fnt\n|faint|p2b: Landorus\n|-damage|p1a: Rillaboom|61\/100|[from] Recoil\n|\n|-weather|none\n|-end|p1b: Flutter Mane|Protosynthesis\n|-heal|p1b: Flutter Mane|39\/100|[from] Grassy Terrain\n|-heal|p1a: Rillaboom|67\/100|[from] Grassy Terrain\n|upkeep\n|\n|t:|1699921618\n|switch|p2a: Amoonguss|Amoonguss, L50, M|50\/100\n|turn|12\n|\n|t:|1699921627\n|move|p1b: Flutter Mane|Protect|p1b: Flutter Mane\n|-singleturn|p1b: Flutter Mane|Protect\n|move|p2a: Amoonguss|Protect|p2a: Amoonguss\n|-singleturn|p2a: Amoonguss|Protect\n|move|p1a: Rillaboom|High Horsepower|p2a: Amoonguss\n|-activate|p2a: Amoonguss|move: Protect\n|\n|-heal|p1b: Flutter Mane|45\/100|[from] Grassy Terrain\n|-heal|p1a: Rillaboom|73\/100|[from] Grassy Terrain\n|-heal|p2a: Amoonguss|56\/100|[from] Grassy Terrain\n|upkeep\n|turn|13\n|\n|t:|1699921638\n|move|p1b: Flutter Mane|Shadow Ball|p2a: Amoonguss\n|-damage|p2a: Amoonguss|10\/100\n|move|p1a: Rillaboom|High Horsepower|p2a: Amoonguss\n|-damage|p2a: Amoonguss|0 fnt\n|-damage|p1a: Rillaboom|57\/100|[from] item: Rocky Helmet|[of] p2a: Amoonguss\n|faint|p2a: Amoonguss\n|\n|win|Smaller Kevin\n|raw|Smaller Kevin's rating: 1404 &rarr; <strong>1424<\/strong><br \/>(+20 for winning)\n|raw|M1guelEsh's rating: 1406 &rarr; <strong>1386<\/strong><br \/>(-20 for losing)\n","uploadtime":1699921644,"views":13,"p1id":"smallerkevin","p2id":"m1guelesh","formatid":"gen9vgc2023regulatione","rating":1386,"private":0,"password":""}