{"id":"gen9vgc2023regulatione-1998160953","p1":"Jawcks","p2":"PsychoR&R","format":"[Gen 9] VGC 2023 Regulation E","log":"|j|\u2606Jawcks\n|j|\u2606PsychoR&R\n|t:|1700903444\n|gametype|doubles\n|player|p1|Jawcks|pokemonrangerf|1323\n|player|p2|PsychoR&R|1|1405\n|teamsize|p1|6\n|teamsize|p2|6\n|gen|9\n|tier|[Gen 9] VGC 2023 Regulation E\n|rated|\n|rule|Species Clause: Limit one of each Pok\u00e9mon\n|rule|Item Clause: Limit one of each item\n|clearpoke\n|poke|p1|Dragonite, L50, F|\n|poke|p1|Rillaboom, L50, F|\n|poke|p1|Cresselia, L50, F|\n|poke|p1|Heatran, L50, F|\n|poke|p1|Gastrodon-East, L50, F|\n|poke|p1|Ursaluna, L50, F|\n|poke|p2|Roaring Moon, L50|\n|poke|p2|Weezing, L50, F|\n|poke|p2|Landorus-Therian, L50, M|\n|poke|p2|Iron Hands, L50|\n|poke|p2|Flutter Mane, L50|\n|poke|p2|Ogerpon-Wellspring, L50, F|\n|teampreview|4\nPsychoR&R has agreed to open team sheets.\n|inactive|Battle timer is ON: inactive players will automatically lose when time's up. (requested by Jawcks)\n|\n|t:|1700903482\n|start\n|switch|p1a: Rillaboom|Rillaboom, L50, F, shiny|100\/100\n|switch|p1b: Gastrodon|Gastrodon-East, L50, F, shiny|100\/100\n|switch|p2a: Weezing|Weezing, L50, F|100\/100\n|switch|p2b: Iron Hands|Iron Hands, L50|100\/100\n|-ability|p2a: Weezing|Neutralizing Gas\n|turn|1\n|\n|t:|1700903506\n|-end|p2b: Iron Hands|Quark Drive|[silent]\n|switch|p2b: Landorus|Landorus-Therian, L50, M|100\/100\n|-terastallize|p2a: Weezing|Ghost\n|move|p1a: Rillaboom|Fake Out|p2a: Weezing\n|-immune|p2a: Weezing\n|move|p2a: Weezing|Taunt|p1b: Gastrodon\n|-start|p1b: Gastrodon|move: Taunt\n|cant|p1b: Gastrodon|move: Taunt|Yawn\n|\n|upkeep\n|turn|2\n|\n|t:|1700903524\n|switch|p1a: Heatran|Heatran, L50, F, shiny|100\/100\n|move|p2b: Landorus|U-turn|p1a: Heatran\n|-resisted|p1a: Heatran\n|-damage|p1a: Heatran|95\/100\n|\n|t:|1700903528\n|switch|p2b: Ogerpon|Ogerpon-Wellspring, L50, F|100\/100|[from] U-turn\n|move|p2a: Weezing|Will-O-Wisp|p1a: Heatran\n|-immune|p1a: Heatran\n|move|p1b: Gastrodon|Ice Beam|p2b: Ogerpon\n|-damage|p2b: Ogerpon|80\/100\n|\n|-heal|p1a: Heatran|100\/100|[from] item: Leftovers\n|upkeep\n|turn|3\n|inactive|Jawcks has 30 seconds left.\n|inactive|PsychoR&R has 30 seconds left.\n|inactive|Jawcks has 20 seconds left.\n|inactive|Jawcks has 15 seconds left.\n|inactive|Jawcks has 10 seconds left.\n|\n|t:|1700903577\n|-terastallize|p1a: Heatran|Grass\n|move|p2b: Ogerpon|Swords Dance|p2b: Ogerpon\n|-boost|p2b: Ogerpon|atk|2\n|move|p1a: Heatran|Substitute|p1a: Heatran\n|-start|p1a: Heatran|Substitute\n|-damage|p1a: Heatran|76\/100\n|move|p2a: Weezing|Will-O-Wisp|p1b: Gastrodon|[miss]\n|-miss|p2a: Weezing|p1b: Gastrodon\n|move|p1b: Gastrodon|Earth Power|p2a: Weezing\n|-damage|p2a: Weezing|66\/100\n|\n|-heal|p1a: Heatran|82\/100|[from] item: Leftovers\n|-end|p1b: Gastrodon|move: Taunt\n|upkeep\n|turn|4\n|\n|t:|1700903598\n|move|p2b: Ogerpon|Horn Leech|p1b: Gastrodon\n|-supereffective|p1b: Gastrodon\n|-damage|p1b: Gastrodon|0 fnt\n|-heal|p2b: Ogerpon|100\/100|[from] drain|[of] p1b: Gastrodon\n|faint|p1b: Gastrodon\n|move|p1a: Heatran|Magma Storm|p2b: Ogerpon\n|-damage|p2b: Ogerpon|40\/100\n|-activate|p2b: Ogerpon|move: Magma Storm|[of] p1a: Heatran\n|move|p2a: Weezing|Gunk Shot|p1a: Heatran\n|-supereffective|p1a: Heatran\n|-end|p1a: Heatran|Substitute\n|\n|-heal|p1a: Heatran|88\/100|[from] item: Leftovers\n|-damage|p2b: Ogerpon|29\/100|[from] move: Magma Storm|[partiallytrapped]\n|upkeep\n|\n|t:|1700903616\n|switch|p1b: Dragonite|Dragonite, L50, F, shiny|100\/100\n|turn|5\n|\n|t:|1700903632\n|move|p2b: Ogerpon|Spiky Shield|p2b: Ogerpon\n|-singleturn|p2b: Ogerpon|move: Protect\n|move|p1b: Dragonite|Extreme Speed|p2b: Ogerpon\n|-activate|p2b: Ogerpon|move: Protect\n|-damage|p1b: Dragonite|88\/100|[from] Spiky Shield|[of] p2b: Ogerpon\n|move|p1a: Heatran|Magma Storm|p2a: Weezing|[miss]\n|-miss|p1a: Heatran|p2a: Weezing\n|move|p2a: Weezing|Will-O-Wisp|p1b: Dragonite\n|-status|p1b: Dragonite|brn\n|\n|-heal|p1a: Heatran|94\/100|[from] item: Leftovers\n|-damage|p1b: Dragonite|82\/100 brn|[from] brn\n|-damage|p2b: Ogerpon|16\/100|[from] move: Magma Storm|[partiallytrapped]\n|upkeep\n|turn|6\n|\n|t:|1700903645\n|move|p1b: Dragonite|Extreme Speed|p2b: Ogerpon\n|-damage|p2b: Ogerpon|0 fnt\n|faint|p2b: Ogerpon\n|move|p1a: Heatran|Magma Storm|p2a: Weezing|[miss]\n|-miss|p1a: Heatran|p2a: Weezing\n|move|p2a: Weezing|Gunk Shot|p1a: Heatran\n|-supereffective|p1a: Heatran\n|-damage|p1a: Heatran|25\/100\n|\n|-heal|p1a: Heatran|31\/100|[from] item: Leftovers\n|-damage|p1b: Dragonite|76\/100 brn|[from] brn\n|upkeep\n|\n|t:|1700903655\n|switch|p2b: Iron Hands|Iron Hands, L50|100\/100\n|turn|7\n|\n|t:|1700903667\n|switch|p1b: Rillaboom|Rillaboom, L50, F, shiny|100\/100\n|move|p1a: Heatran|Protect|p1a: Heatran\n|-singleturn|p1a: Heatran|Protect\n|move|p2b: Iron Hands|Fake Out|p1b: Rillaboom\n|-crit|p1b: Rillaboom\n|-damage|p1b: Rillaboom|78\/100\n|move|p2a: Weezing|Gunk Shot|p1a: Heatran\n|-activate|p1a: Heatran|move: Protect\n|\n|-heal|p1a: Heatran|38\/100|[from] item: Leftovers\n|upkeep\n|turn|8\n|\n|t:|1700903681\n|move|p1b: Rillaboom|High Horsepower|p2b: Iron Hands|[miss]\n|-miss|p1b: Rillaboom|p2b: Iron Hands\n|move|p1a: Heatran|Magma Storm|p2a: Weezing|[miss]\n|-miss|p1a: Heatran|p2a: Weezing\n|move|p2a: Weezing|Gunk Shot|p1a: Heatran\n|-supereffective|p1a: Heatran\n|-damage|p1a: Heatran|0 fnt\n|faint|p1a: Heatran\n|move|p2b: Iron Hands|Drain Punch|p1b: Rillaboom\n|-damage|p1b: Rillaboom|36\/100\n|\n|upkeep\n|c|\u2606Jawcks|Wtf\n|c|\u2606PsychoR&R|lol\n|\n|t:|1700903703\n|switch|p1a: Dragonite|Dragonite, L50, F, shiny|76\/100 brn\n|turn|9\n|\n|t:|1700903717\n|move|p1b: Rillaboom|High Horsepower|p2a: Weezing\n|-damage|p2a: Weezing|37\/100\n|-enditem|p2a: Weezing|Sitrus Berry|[eat]\n|-heal|p2a: Weezing|62\/100|[from] item: Sitrus Berry\n|move|p1a: Dragonite|Outrage|p2b: Iron Hands\n|-damage|p2b: Iron Hands|70\/100\n|move|p2a: Weezing|Will-O-Wisp|p1b: Rillaboom\n|-status|p1b: Rillaboom|brn\n|move|p2b: Iron Hands|Drain Punch|p1b: Rillaboom\n|-crit|p1b: Rillaboom\n|-damage|p1b: Rillaboom|0 fnt\n|-heal|p2b: Iron Hands|84\/100|[from] drain|[of] p1b: Rillaboom\n|faint|p1b: Rillaboom\n|\n|-damage|p1a: Dragonite|70\/100 brn|[from] brn\n|upkeep\n|turn|10\n|-message|Jawcks forfeited.\n|\n|win|PsychoR&R\n|raw|Jawcks's rating: 1323 &rarr; <strong>1308<\/strong><br \/>(-15 for losing)\n|raw|PsychoR&amp;R's rating: 1405 &rarr; <strong>1420<\/strong><br \/>(+15 for winning)\n|l|\u2606Jawcks\n","uploadtime":1700903734,"views":11,"p1id":"jawcks","p2id":"psychorr","formatid":"gen9vgc2023regulatione","rating":1308,"private":0,"password":""}