{"id":"gen9vgc2023regulatione-1987876367","p1":"pkFusy04","p2":"Matt142718","format":"[Gen 9] VGC 2023 Regulation E","log":"|j|\u2606pkFusy04\n|j|\u2606Matt142718\n|n|\u2606pkFusy04|pkfusy04\n|n|\u2606Matt142718|matt142718\n|html|View the match progress at <a href=\"\/game-bestof3-gen9vgc2023regulatione-1987873482\">game-bestof3-gen9vgc2023regulatione-1987873482<\/a>\n|t:|1699645012\n|gametype|doubles\n|player|p1|pkFusy04|blackbelt-gen4dp|\n|player|p2|Matt142718|102|\n|teamsize|p1|6\n|teamsize|p2|6\n|gen|9\n|tier|[Gen 9] VGC 2023 Regulation E\n|rule|Species Clause: Limit one of each Pok\u00e9mon\n|rule|Item Clause: Limit one of each item\n|clearpoke\n|poke|p1|Volcarona, L50, F|\n|poke|p1|Iron Hands, L50|\n|poke|p1|Ogerpon-Wellspring, L50, F|\n|poke|p1|Rillaboom, L50, F|\n|poke|p1|Flutter Mane, L50|\n|poke|p1|Landorus-Therian, L50, M|\n|poke|p2|Tornadus, L50, M|\n|poke|p2|Urshifu-*, L50, M|\n|poke|p2|Rillaboom, L50, F|\n|poke|p2|Chien-Pao, L50|\n|poke|p2|Arcanine-Hisui, L50, F|\n|poke|p2|Flutter Mane, L50|\n|teampreview|4\n|inactive|Battle timer is ON: inactive players will automatically lose when time's up. (requested by pkFusy04)\n|inactiveoff|Battle timer is now OFF.\npkFusy04 has agreed to open team sheets.\n|c|\u2606pkFusy04|Gg glhf\n|\n|t:|1699645092\n|start\n|switch|p1a: Volcarona|Volcarona, L50, F|100\/100\n|switch|p1b: Iron Hands|Iron Hands, L50|100\/100\n|switch|p2a: Arcanine|Arcanine-Hisui, L50, F|100\/100\n|switch|p2b: Rillaboom|Rillaboom, L50, F|100\/100\n|-ability|p2a: Arcanine|Intimidate|boost\n|-unboost|p1a: Volcarona|atk|1\n|-unboost|p1b: Iron Hands|atk|1\n|-fieldstart|move: Grassy Terrain|[from] ability: Grassy Surge|[of] p2b: Rillaboom\n|turn|1\n|c|\u2606pkFusy04|Matt le liste hahahah\n|c|\u2606pkFusy04|Arca \u00e8 cb vero\n|\n|t:|1699645199\n|-end|p1b: Iron Hands|Quark Drive|[silent]\n|switch|p1b: Landorus|Landorus-Therian, L50, M|100\/100\n|-ability|p1b: Landorus|Intimidate|boost\n|-unboost|p2a: Arcanine|atk|1\n|-unboost|p2b: Rillaboom|atk|1\n|-terastallize|p1a: Volcarona|Water\n|move|p2a: Arcanine|Flare Blitz|p1b: Landorus\n|-damage|p1b: Landorus|56\/100\n|-damage|p2a: Arcanine|86\/100|[from] Recoil\n|move|p1a: Volcarona|Quiver Dance|p1a: Volcarona\n|-boost|p1a: Volcarona|spa|1\n|-boost|p1a: Volcarona|spd|1\n|-boost|p1a: Volcarona|spe|1\n|move|p2b: Rillaboom|Wood Hammer|p1b: Landorus\n|-damage|p1b: Landorus|0 fnt\n|faint|p1b: Landorus\n|-damage|p2b: Rillaboom|85\/100|[from] Recoil\n|\n|-heal|p2a: Arcanine|93\/100|[from] Grassy Terrain\n|-heal|p2b: Rillaboom|91\/100|[from] Grassy Terrain\n|upkeep\n|\n|t:|1699645215\n|switch|p1b: Iron Hands|Iron Hands, L50|100\/100\n|turn|2\n|\n|t:|1699645234\n|switch|p2a: Tornadus|Tornadus, L50, M|100\/100\n|-terastallize|p2b: Rillaboom|Fire\n|move|p1b: Iron Hands|Fake Out|p2b: Rillaboom\n|-damage|p2b: Rillaboom|76\/100\n|move|p1a: Volcarona|Heat Wave|p2a: Tornadus|[spread] p2a\n|-miss|p1a: Volcarona|p2b: Rillaboom\n|-damage|p2a: Tornadus|44\/100\n|cant|p2b: Rillaboom|flinch\n|\n|-heal|p2b: Rillaboom|82\/100|[from] Grassy Terrain\n|upkeep\n|turn|3\n|\n|t:|1699645268\n|move|p1a: Volcarona|Protect|p1a: Volcarona\n|-singleturn|p1a: Volcarona|Protect\n|move|p2a: Tornadus|Tailwind|p2a: Tornadus\n|-sidestart|p2: Matt142718|move: Tailwind\n|move|p2b: Rillaboom|High Horsepower|p1b: Iron Hands\n|-supereffective|p1b: Iron Hands\n|-crit|p1b: Iron Hands\n|-damage|p1b: Iron Hands|32\/100\n|move|p1b: Iron Hands|Drain Punch|p2a: Tornadus\n|-resisted|p2a: Tornadus\n|-damage|p2a: Tornadus|22\/100\n|-heal|p1b: Iron Hands|40\/100|[from] drain|[of] p2a: Tornadus\n|\n|-heal|p2b: Rillaboom|88\/100|[from] Grassy Terrain\n|-heal|p1b: Iron Hands|46\/100|[from] Grassy Terrain\n|upkeep\n|turn|4\n|\n|t:|1699645290\n|move|p2a: Tornadus|Taunt|p1a: Volcarona\n|-start|p1a: Volcarona|move: Taunt\n|move|p2b: Rillaboom|Wood Hammer|p1b: Iron Hands\n|-crit|p1b: Iron Hands\n|-damage|p1b: Iron Hands|0 fnt\n|faint|p1b: Iron Hands\n|-end|p1b: Iron Hands|Quark Drive|[silent]\n|-damage|p2b: Rillaboom|70\/100|[from] Recoil\n|move|p1a: Volcarona|Heat Wave|p2a: Tornadus|[spread] p2a,p2b\n|-resisted|p2b: Rillaboom\n|-damage|p2a: Tornadus|0 fnt\n|-damage|p2b: Rillaboom|53\/100\n|faint|p2a: Tornadus\n|\n|-heal|p2b: Rillaboom|59\/100|[from] Grassy Terrain\n|upkeep\n|\n|t:|1699645302\n|switch|p2a: Arcanine|Arcanine-Hisui, L50, F|93\/100\n|switch|p1b: Ogerpon|Ogerpon-Wellspring, L50, F|100\/100\n|-ability|p2a: Arcanine|Intimidate|boost\n|-unboost|p1a: Volcarona|atk|1\n|-unboost|p1b: Ogerpon|atk|1\n|turn|5\n|\n|t:|1699645332\n|move|p1b: Ogerpon|Spiky Shield|p1b: Ogerpon\n|-singleturn|p1b: Ogerpon|move: Protect\n|move|p2a: Arcanine|Rock Slide|p1b: Ogerpon|[spread] p1a\n|-activate|p1b: Ogerpon|move: Protect\n|-damage|p1a: Volcarona|75\/100\n|move|p2b: Rillaboom|Wood Hammer|p1a: Volcarona\n|-supereffective|p1a: Volcarona\n|-damage|p1a: Volcarona|0 fnt\n|faint|p1a: Volcarona\n|-damage|p2b: Rillaboom|36\/100|[from] Recoil\n|\n|-heal|p2a: Arcanine|99\/100|[from] Grassy Terrain\n|-heal|p2b: Rillaboom|42\/100|[from] Grassy Terrain\n|-fieldend|move: Grassy Terrain\n|upkeep\n|turn|6\n|\n|t:|1699645352\n|switch|p2b: Urshifu|Urshifu-Rapid-Strike, L50, M|100\/100\n|move|p1b: Ogerpon|Spiky Shield|p1b: Ogerpon\n|-singleturn|p1b: Ogerpon|move: Protect\n|move|p2a: Arcanine|Rock Slide|p1b: Ogerpon\n|-activate|p1b: Ogerpon|move: Protect\n|\n|-sideend|p2: Matt142718|move: Tailwind\n|upkeep\n|turn|7\n|\n|t:|1699645361\n|move|p2b: Urshifu|U-turn|p1b: Ogerpon\n|-supereffective|p1b: Ogerpon\n|-damage|p1b: Ogerpon|35\/100\n|\n|t:|1699645364\n|switch|p2b: Rillaboom|Rillaboom, L50, F, tera:Fire|42\/100|[from] U-turn\n|-fieldstart|move: Grassy Terrain|[from] ability: Grassy Surge|[of] p2b: Rillaboom\n|move|p1b: Ogerpon|Wood Hammer|p2b: Rillaboom\n|-resisted|p2b: Rillaboom\n|-damage|p2b: Rillaboom|10\/100\n|-damage|p1b: Ogerpon|22\/100|[from] Recoil\n|move|p2a: Arcanine|Rock Slide|p1b: Ogerpon\n|-damage|p1b: Ogerpon|0 fnt\n|faint|p1b: Ogerpon\n|\n|win|Matt142718\n|c|&|\/uhtml prompt-pkfusy04,pkFusy04 is ready for game 3!\n|inactive|Matt142718 has 50 seconds to confirm battle start!\n|c|&|\/uhtml prompt-matt142718,Matt142718 is ready for game 3!\nBoth players are ready! Starting next match!\n|l|\u2606pkFusy04\n","uploadtime":1699645908,"views":12,"p1id":"pkfusy04","p2id":"matt142718","formatid":"gen9vgc2023regulatione","rating":0,"private":0,"password":""}