{"id":"gen9vgc2023regulatione-1993567210","p1":"DutchVanDerLynde","p2":"9H8UGH","format":"[Gen 9] VGC 2023 Regulation E","log":"|j|\u2606DutchVanDerLynde\n|j|\u26069H8UGH\n|t:|1700332561\n|gametype|doubles\n|player|p1|DutchVanDerLynde|gentleman-gen4|1441\n|player|p2|9H8UGH|1|1378\n|teamsize|p1|6\n|teamsize|p2|6\n|gen|9\n|tier|[Gen 9] VGC 2023 Regulation E\n|rated|\n|rule|Species Clause: Limit one of each Pok\u00e9mon\n|rule|Item Clause: Limit one of each item\n|clearpoke\n|poke|p1|Ogerpon-Hearthflame, L50, F|\n|poke|p1|Iron Hands, L50|\n|poke|p1|Dondozo, L50, F|\n|poke|p1|Tatsugiri, L50, F|\n|poke|p1|Zapdos-Galar, L50|\n|poke|p1|Krookodile, L50, M|\n|poke|p2|Dipplin, L50, M|\n|poke|p2|Iron Bundle, L50|\n|poke|p2|Armarouge, L50, M|\n|poke|p2|Indeedee-F, L50, F|\n|poke|p2|Conkeldurr, L50, M|\n|poke|p2|Sneasler, L50, F|\n|teampreview|4\n|inactive|Battle timer is ON: inactive players will automatically lose when time's up. (requested by DutchVanDerLynde)\nDutchVanDerLynde rejected open team sheets.\n|inactive|9H8UGH has 60 seconds left.\n|\n|t:|1700332636\n|start\n|switch|p1a: Dondozo|Dondozo, L50, F|100\/100\n|switch|p1b: Krookodile|Krookodile, L50, M|100\/100\n|switch|p2a: Indeedee|Indeedee-F, L50, F|100\/100\n|switch|p2b: Sneasler|Sneasler, L50, F|100\/100\n|-ability|p1b: Krookodile|Intimidate|boost\n|-unboost|p2a: Indeedee|atk|1\n|-unboost|p2b: Sneasler|atk|1\n|-fieldstart|move: Psychic Terrain|[from] ability: Psychic Surge|[of] p2a: Indeedee\n|-enditem|p2b: Sneasler|Psychic Seed\n|-boost|p2b: Sneasler|spd|1|[from] item: Psychic Seed\n|turn|1\n|inactive|9H8UGH has 30 seconds left.\n|inactive|9H8UGH has 20 seconds left.\n|\n|t:|1700332675\n|move|p1b: Krookodile|Protect|p1b: Krookodile\n|-singleturn|p1b: Krookodile|Protect\n|move|p1a: Dondozo|Protect|p1a: Dondozo\n|-singleturn|p1a: Dondozo|Protect\n|move|p2a: Indeedee|Follow Me|p2a: Indeedee\n|-singleturn|p2a: Indeedee|move: Follow Me\n|move|p2b: Sneasler|Dire Claw|p1a: Dondozo\n|-activate|p1a: Dondozo|move: Protect\n|\n|upkeep\n|turn|2\n|\n|t:|1700332692\n|switch|p1b: Tatsugiri|Tatsugiri, L50, F|100\/100\n|-activate|p1b: Tatsugiri|ability: Commander|[of] p1a: Dondozo\n|-boost|p1a: Dondozo|atk|2\n|-boost|p1a: Dondozo|spa|2\n|-boost|p1a: Dondozo|spe|2\n|-boost|p1a: Dondozo|def|2\n|-boost|p1a: Dondozo|spd|2\n|switch|p2a: Iron Bundle|Iron Bundle, L50|100\/100\n|-enditem|p2a: Iron Bundle|Booster Energy\n|-activate|p2a: Iron Bundle|ability: Quark Drive|[fromitem]\n|-start|p2a: Iron Bundle|quarkdrivespe\n|move|p2b: Sneasler|Dire Claw|p1a: Dondozo\n|-damage|p1a: Dondozo|90\/100\n|-status|p1a: Dondozo|slp\n|cant|p1a: Dondozo|slp\n|\n|-heal|p1a: Dondozo|96\/100 slp|[from] item: Leftovers\n|upkeep\n|turn|3\n|c|\u2606DutchVanDerLynde|ARE YOU FUCKING SERIOUS\n|\n|t:|1700332715\n|switch|p2b: Armarouge|Armarouge, L50, M|100\/100\n|move|p2a: Iron Bundle|Freeze-Dry|p1a: Dondozo\n|-supereffective|p1a: Dondozo\n|-damage|p1a: Dondozo|58\/100 slp\n|cant|p1a: Dondozo|slp\n|\n|-heal|p1a: Dondozo|64\/100 slp|[from] item: Leftovers\n|upkeep\n|turn|4\n|\n|t:|1700332726\n|move|p2a: Iron Bundle|Freeze-Dry|p1a: Dondozo\n|-supereffective|p1a: Dondozo\n|-damage|p1a: Dondozo|29\/100 slp\n|-curestatus|p1a: Dondozo|slp|[msg]\n|move|p1a: Dondozo|Earthquake|p2a: Iron Bundle|[spread] p2a,p2b\n|-miss|p1a: Dondozo|p1b: Tatsugiri\n|-supereffective|p2b: Armarouge\n|-damage|p2a: Iron Bundle|50\/100\n|-damage|p2b: Armarouge|0 fnt\n|faint|p2b: Armarouge\n|\n|-heal|p1a: Dondozo|35\/100|[from] item: Leftovers\n|upkeep\n|\n|t:|1700332744\n|switch|p2b: Sneasler|Sneasler, L50, F|100\/100\n|turn|5\n|\n|t:|1700332750\n|move|p1a: Dondozo|Protect|p1a: Dondozo\n|-singleturn|p1a: Dondozo|Protect\n|move|p2b: Sneasler|Protect|p2b: Sneasler\n|-singleturn|p2b: Sneasler|Protect\n|move|p2a: Iron Bundle|Freeze-Dry|p1a: Dondozo\n|-activate|p1a: Dondozo|move: Protect\n|\n|-heal|p1a: Dondozo|41\/100|[from] item: Leftovers\n|-fieldend|move: Psychic Terrain\n|upkeep\n|turn|6\n|\n|t:|1700332762\n|switch|p2b: Indeedee|Indeedee-F, L50, F|100\/100\n|-fieldstart|move: Psychic Terrain|[from] ability: Psychic Surge|[of] p2b: Indeedee\n|move|p2a: Iron Bundle|Freeze-Dry|p1a: Dondozo\n|-supereffective|p1a: Dondozo\n|-crit|p1a: Dondozo\n|-damage|p1a: Dondozo|0 fnt\n|faint|p1a: Dondozo\n|\n|upkeep\n|c|\u2606DutchVanDerLynde|NAH\n|c|\u2606DutchVanDerLynde|ARE YOU\n|c|\u2606DutchVanDerLynde|FUCKING\n|c|\u2606DutchVanDerLynde|SERIOUS\n|\n|t:|1700332781\n|switch|p1a: Ogerpon|Ogerpon-Hearthflame, L50, F|100\/100\n|-ability|p1a: Ogerpon|Mold Breaker\n|turn|7\n|\n|t:|1700332802\n|move|p2b: Indeedee|Follow Me|p2b: Indeedee\n|-singleturn|p2b: Indeedee|move: Follow Me\n|move|p2a: Iron Bundle|Freeze-Dry|p1b: Tatsugiri\n|-supereffective|p1b: Tatsugiri\n|-damage|p1b: Tatsugiri|0 fnt\n|faint|p1b: Tatsugiri\n|move|p1a: Ogerpon|Horn Leech|p2b: Indeedee\n|-damage|p2b: Indeedee|62\/100\n|\n|upkeep\n|\n|t:|1700332810\n|switch|p1b: Krookodile|Krookodile, L50, M|100\/100\n|-ability|p1b: Krookodile|Intimidate|boost\n|-unboost|p2a: Iron Bundle|atk|1\n|-unboost|p2b: Indeedee|atk|1\n|turn|8\n|inactive|9H8UGH has 30 seconds left.\n|inactive|9H8UGH has 20 seconds left.\n|inactive|9H8UGH has 15 seconds left.\n|\n|t:|1700332852\n|move|p2b: Indeedee|Follow Me|p2b: Indeedee\n|-singleturn|p2b: Indeedee|move: Follow Me\n|move|p2a: Iron Bundle|Icy Wind|p1a: Ogerpon|[spread] p1a,p1b\n|-supereffective|p1b: Krookodile\n|-damage|p1a: Ogerpon|77\/100\n|-damage|p1b: Krookodile|62\/100\n|-unboost|p1a: Ogerpon|spe|1\n|-unboost|p1b: Krookodile|spe|1\n|move|p1a: Ogerpon|Ivy Cudgel|p2b: Indeedee|[anim] Ivy Cudgel Fire\n|-damage|p2b: Indeedee|10\/100\n|-enditem|p2b: Indeedee|Sitrus Berry|[eat]\n|-heal|p2b: Indeedee|35\/100|[from] item: Sitrus Berry\n|move|p1b: Krookodile|Crunch|p2b: Indeedee\n|-supereffective|p2b: Indeedee\n|-damage|p2b: Indeedee|0 fnt\n|faint|p2b: Indeedee\n|\n|upkeep\n|\n|t:|1700332864\n|switch|p2b: Sneasler|Sneasler, L50, F|100\/100\n|turn|9\n|\n|t:|1700332882\n|move|p1a: Ogerpon|Spiky Shield|p1a: Ogerpon\n|-singleturn|p1a: Ogerpon|move: Protect\n|move|p2a: Iron Bundle|Freeze-Dry|p1b: Krookodile\n|-supereffective|p1b: Krookodile\n|-damage|p1b: Krookodile|0 fnt\n|faint|p1b: Krookodile\n|move|p2b: Sneasler|Dire Claw|p1a: Ogerpon\n|-activate|p1a: Ogerpon|move: Protect\n|-damage|p2b: Sneasler|88\/100|[from] Spiky Shield|[of] p1a: Ogerpon\n|\n|upkeep\n|turn|10\n|c|\u2606DutchVanDerLynde|this is so fucking stupid\n|\n|t:|1700332893\n|-terastallize|p1a: Ogerpon|Fire\n|detailschange|p1a: Ogerpon|Ogerpon-Hearthflame-Tera, L50, F, tera:Fire\n|-ability|p1a: Ogerpon|Embody Aspect (Hearthflame)|boost\n|-boost|p1a: Ogerpon|atk|1\n|move|p2a: Iron Bundle|Freeze-Dry|p1a: Ogerpon\n|-resisted|p1a: Ogerpon\n|-damage|p1a: Ogerpon|59\/100\n|move|p2b: Sneasler|Dire Claw|p1a: Ogerpon\n|-damage|p1a: Ogerpon|0 fnt\n|faint|p1a: Ogerpon\n|\n|win|9H8UGH\n|raw|DutchVanDerLynde's rating: 1441 &rarr; <strong>1417<\/strong><br \/>(-24 for losing)\n|raw|9H8UGH's rating: 1378 &rarr; <strong>1402<\/strong><br \/>(+24 for winning)\n","uploadtime":1700332886,"views":7,"p1id":"dutchvanderlynde","p2id":"9h8ugh","formatid":"gen9vgc2023regulatione","rating":1402,"private":0,"password":""}