{"id":"gen9vgc2023regulatione-1998940260","p1":"LePixsel","p2":"SuitedTrainer01","format":"[Gen 9] VGC 2023 Regulation E","log":"|j|\u2606LePixsel\n|j|\u2606SuitedTrainer01\n|t:|1701015636\n|gametype|doubles\n|player|p1|LePixsel|102|\n|player|p2|SuitedTrainer01|sada-ai|\n|teamsize|p1|6\n|teamsize|p2|6\n|gen|9\n|tier|[Gen 9] VGC 2023 Regulation E\n|rule|Species Clause: Limit one of each Pok\u00e9mon\n|rule|Item Clause: Limit one of each item\n|clearpoke\n|poke|p1|Urshifu-*, L50, M|\n|poke|p1|Ursaluna, L50, M|\n|poke|p1|Iron Bundle, L50|\n|poke|p1|Regidrago, L50|\n|poke|p1|Cresselia, L50, F|\n|poke|p1|Iron Hands, L50|\n|poke|p2|Milotic, L50, M|\n|poke|p2|Illumise, L50, F|\n|poke|p2|Gardevoir, L50, F|\n|poke|p2|Ogerpon, L50, F|\n|poke|p2|Haxorus, L50, M|\n|poke|p2|Ditto, L50|\n|teampreview|4\n|c|\u2606SuitedTrainer01|porygon aint on so ima try saving replays\n|\n|t:|1701015695\n|start\n|switch|p1a: Urshifu|Urshifu, L50, M|100\/100\n|switch|p1b: Cresselia|Cresselia, L50, F, shiny|100\/100\n|switch|p2a: Sportsball|Milotic, L50, M, shiny|100\/100\n|switch|p2b: Purple Mage|Illumise, L50, F|100\/100\n|turn|1\n|\n|t:|1701015727\n|-terastallize|p1a: Urshifu|Dark\n|-terastallize|p2a: Sportsball|Fairy\n|move|p1b: Cresselia|Helping Hand|p1a: Urshifu\n|-singleturn|p1a: Urshifu|Helping Hand|[of] p1b: Cresselia\n|move|p2b: Purple Mage|Tailwind|p2b: Purple Mage\n|-sidestart|p2: SuitedTrainer01|move: Tailwind\n|move|p1a: Urshifu|Wicked Blow|p2a: Sportsball\n|-resisted|p2a: Sportsball\n|-crit|p2a: Sportsball\n|-damage|p2a: Sportsball|39\/100\n|move|p2a: Sportsball|Draining Kiss|p1a: Urshifu\n|-supereffective|p1a: Urshifu\n|-damage|p1a: Urshifu|15\/100\n|-heal|p2a: Sportsball|95\/100|[from] drain|[of] p1a: Urshifu\n|\n|-status|p2a: Sportsball|brn|[from] item: Flame Orb\n|upkeep\n|turn|2\n|\n|t:|1701015761\n|move|p2b: Purple Mage|Encore|p1b: Cresselia\n|-start|p1b: Cresselia|Encore\n|-enditem|p1b: Cresselia|Mental Herb\n|-end|p1b: Cresselia|Encore\n|move|p1a: Urshifu|Wicked Blow|p2a: Sportsball\n|-resisted|p2a: Sportsball\n|-crit|p2a: Sportsball\n|-damage|p2a: Sportsball|64\/100 brn\n|move|p2a: Sportsball|Draining Kiss|p1a: Urshifu\n|-supereffective|p1a: Urshifu\n|-damage|p1a: Urshifu|0 fnt\n|-heal|p2a: Sportsball|74\/100 brn|[from] drain|[of] p1a: Urshifu\n|faint|p1a: Urshifu\n|move|p1b: Cresselia|Trick Room|p1b: Cresselia\n|-fieldstart|move: Trick Room|[of] p1b: Cresselia\n|\n|-damage|p2a: Sportsball|68\/100 brn|[from] brn\n|upkeep\n|\n|t:|1701015768\n|switch|p1a: Iron Bundle|Iron Bundle, L50|100\/100\n|-enditem|p1a: Iron Bundle|Booster Energy\n|-activate|p1a: Iron Bundle|ability: Quark Drive|[fromitem]\n|-start|p1a: Iron Bundle|quarkdrivespe\n|turn|3\n|\n|t:|1701015807\n|switch|p1b: Regidrago|Regidrago, L50, shiny|100\/100\n|move|p2b: Purple Mage|Helping Hand|p2a: Sportsball\n|-singleturn|p2a: Sportsball|Helping Hand|[of] p2b: Purple Mage\n|move|p2a: Sportsball|Draining Kiss|p1a: Iron Bundle\n|-damage|p1a: Iron Bundle|33\/100\n|-heal|p2a: Sportsball|100\/100 brn|[from] drain|[of] p1a: Iron Bundle\n|move|p1a: Iron Bundle|Hydro Pump|p2a: Sportsball|[miss]\n|-miss|p1a: Iron Bundle|p2a: Sportsball\n|\n|-damage|p2a: Sportsball|95\/100 brn|[from] brn\n|upkeep\n|turn|4\n|\n|t:|1701015865\n|move|p2b: Purple Mage|Baton Pass|p2b: Purple Mage\n|\n|t:|1701015867\n|switch|p2b: Queen|Gardevoir, L50, F|100\/100|[from] Baton Pass\n|-ability|p2b: Queen|Dragon's Maw|[from] ability: Trace|[of] p1b: Regidrago\n|move|p1b: Regidrago|Dragon Energy|p2a: Sportsball|[spread] \n|-immune|p2a: Sportsball\n|-immune|p2b: Queen\n|move|p2a: Sportsball|Draining Kiss|p1a: Iron Bundle\n|-damage|p1a: Iron Bundle|0 fnt\n|-heal|p2a: Sportsball|100\/100 brn|[from] drain|[of] p1a: Iron Bundle\n|faint|p1a: Iron Bundle\n|-end|p1a: Iron Bundle|Quark Drive|[silent]\n|\n|-damage|p2a: Sportsball|95\/100 brn|[from] brn\n|-sideend|p2: SuitedTrainer01|move: Tailwind\n|upkeep\n|\n|t:|1701015874\n|switch|p1a: Cresselia|Cresselia, L50, F, shiny|100\/100\n|turn|5\n|\n|t:|1701015882\n|move|p2a: Sportsball|Draining Kiss|p1b: Regidrago\n|-supereffective|p1b: Regidrago\n|-damage|p1b: Regidrago|44\/100\n|-heal|p2a: Sportsball|100\/100 brn|[from] drain|[of] p1b: Regidrago\n|move|p2b: Queen|Calm Mind|p2b: Queen\n|-boost|p2b: Queen|spa|1\n|-boost|p2b: Queen|spd|1\n|move|p1a: Cresselia|Moonblast|p2b: Queen\n|-damage|p2b: Queen|90\/100\n|move|p1b: Regidrago|Earth Power|p2b: Queen\n|-damage|p2b: Queen|72\/100\n|\n|-damage|p2a: Sportsball|95\/100 brn|[from] brn\n|upkeep\n|turn|6\n|\n|t:|1701015898\n|move|p2a: Sportsball|Draining Kiss|p1b: Regidrago\n|-supereffective|p1b: Regidrago\n|-damage|p1b: Regidrago|0 fnt\n|-heal|p2a: Sportsball|100\/100 brn|[from] drain|[of] p1b: Regidrago\n|faint|p1b: Regidrago\n|move|p2b: Queen|Moonblast|p1a: Cresselia\n|-damage|p1a: Cresselia|46\/100\n|-damage|p2b: Queen|63\/100|[from] item: Life Orb\n|move|p1a: Cresselia|Moonblast|p2b: Queen\n|-damage|p2b: Queen|51\/100\n|\n|-damage|p2a: Sportsball|95\/100 brn|[from] brn\n|-fieldend|move: Trick Room\n|upkeep\n|turn|7\n|\n|t:|1701015908\n|move|p1a: Cresselia|Moonblast|p2a: Sportsball\n|-damage|p2a: Sportsball|81\/100 brn\n|move|p2b: Queen|Calm Mind|p2b: Queen\n|-boost|p2b: Queen|spa|1\n|-boost|p2b: Queen|spd|1\n|move|p2a: Sportsball|Draining Kiss|p1a: Cresselia\n|-damage|p1a: Cresselia|30\/100\n|-heal|p2a: Sportsball|95\/100 brn|[from] drain|[of] p1a: Cresselia\n|\n|-damage|p2a: Sportsball|89\/100 brn|[from] brn\n|upkeep\n|turn|8\n|c|\u2606LePixsel|its bo3 right?\n|\n|t:|1701015919\n|move|p1a: Cresselia|Moonblast|p2b: Queen\n|-damage|p2b: Queen|42\/100\n|-unboost|p2b: Queen|spa|1\n|move|p2b: Queen|Moonblast|p1a: Cresselia\n|-damage|p1a: Cresselia|0 fnt\n|faint|p1a: Cresselia\n|-damage|p2b: Queen|32\/100|[from] item: Life Orb\n|\n|win|SuitedTrainer01\n|c|\u2606SuitedTrainer01|ye\n|j| ImTheSorrow\n","uploadtime":1701015988,"views":24,"p1id":"lepixsel","p2id":"suitedtrainer01","formatid":"gen9vgc2023regulatione","rating":0,"private":0,"password":""}