{"id":"gen9vgc2023regulatione-1995467743","p1":"mochigno","p2":"Darkjuninn","format":"[Gen 9] VGC 2023 Regulation E","log":"|j|\u2606mochigno\n|j|\u2606Darkjuninn\n|t:|1700574135\n|gametype|doubles\n|player|p1|mochigno|170|1292\n|player|p2|Darkjuninn|cynthia|1337\n|teamsize|p1|6\n|teamsize|p2|6\n|gen|9\n|tier|[Gen 9] VGC 2023 Regulation E\n|rated|\n|rule|Species Clause: Limit one of each Pok\u00e9mon\n|rule|Item Clause: Limit one of each item\n|clearpoke\n|poke|p1|Brambleghast, L50, F|\n|poke|p1|Roaring Moon, L50|\n|poke|p1|Ogerpon-Wellspring, L50, F|\n|poke|p1|Articuno-Galar, L50|\n|poke|p1|Urshifu-*, L50, F|\n|poke|p1|Iron Hands, L50|\n|poke|p2|Tornadus, L50, M|\n|poke|p2|Landorus-Therian, L50, M|\n|poke|p2|Rillaboom, L50, F|\n|poke|p2|Urshifu-*, L50, M|\n|poke|p2|Flutter Mane, L50|\n|poke|p2|Ogerpon-Hearthflame, L50, F|\n|teampreview|4\nDarkjuninn has agreed to open team sheets.\n|inactive|Battle timer is ON: inactive players will automatically lose when time's up. (requested by mochigno)\n|\n|t:|1700574186\n|start\n|switch|p1a: Roaring Moon|Roaring Moon, L50|100\/100\n|switch|p1b: Iron Hands|Iron Hands, L50|100\/100\n|switch|p2a: treme terra|Landorus-Therian, L50, M|100\/100\n|switch|p2b: Wanda|Flutter Mane, L50|100\/100\n|-ability|p2a: treme terra|Intimidate|boost\n|-unboost|p1a: Roaring Moon|atk|1\n|-unboost|p1b: Iron Hands|atk|1\n|-enditem|p1a: Roaring Moon|Booster Energy\n|-activate|p1a: Roaring Moon|ability: Protosynthesis|[fromitem]\n|-start|p1a: Roaring Moon|protosynthesisspe\n|-enditem|p2b: Wanda|Booster Energy\n|-activate|p2b: Wanda|ability: Protosynthesis|[fromitem]\n|-start|p2b: Wanda|protosynthesisspa\n|turn|1\n|\n|t:|1700574202\n|move|p1b: Iron Hands|Fake Out|p2a: treme terra\n|-damage|p2a: treme terra|90\/100\n|move|p1a: Roaring Moon|Tailwind|p1a: Roaring Moon\n|-sidestart|p1: mochigno|move: Tailwind\n|move|p2b: Wanda|Moonblast|p1b: Iron Hands\n|-supereffective|p1b: Iron Hands\n|-damage|p1b: Iron Hands|25\/100\n|-unboost|p1b: Iron Hands|spa|1\n|cant|p2a: treme terra|flinch\n|\n|upkeep\n|turn|2\n|\n|t:|1700574220\n|move|p2b: Wanda|Protect|p2b: Wanda\n|-singleturn|p2b: Wanda|Protect\n|move|p1a: Roaring Moon|Knock Off|p2b: Wanda\n|-activate|p2b: Wanda|move: Protect\n|move|p1b: Iron Hands|Heavy Slam|p2a: treme terra\n|-damage|p2a: treme terra|58\/100\n|move|p2a: treme terra|U-turn|p1a: Roaring Moon\n|-supereffective|p1a: Roaring Moon\n|-damage|p1a: Roaring Moon|20\/100\n|\n|t:|1700574230\n|switch|p2a: katrina|Tornadus, L50, M|100\/100|[from] U-turn\n|\n|upkeep\n|turn|3\n|\n|t:|1700574250\n|move|p2a: katrina|Tailwind|p2a: katrina\n|-sidestart|p2: Darkjuninn|move: Tailwind\n|move|p1a: Roaring Moon|Taunt|p2a: katrina\n|-start|p2a: katrina|move: Taunt\n|move|p2b: Wanda|Dazzling Gleam|p1a: Roaring Moon|[spread] p1a,p1b\n|-supereffective|p1a: Roaring Moon\n|-supereffective|p1b: Iron Hands\n|-damage|p1a: Roaring Moon|0 fnt\n|-damage|p1b: Iron Hands|0 fnt\n|faint|p1a: Roaring Moon\n|-end|p1a: Roaring Moon|Protosynthesis|[silent]\n|faint|p1b: Iron Hands\n|-end|p1b: Iron Hands|Quark Drive|[silent]\n|\n|upkeep\n|\n|t:|1700574258\n|switch|p1a: Articuno|Articuno-Galar, L50|100\/100\n|switch|p1b: Brambleghast|Brambleghast, L50, F|100\/100\n|-ability|p1b: Brambleghast|Wind Rider|boost\n|-boost|p1b: Brambleghast|atk|1\n|turn|4\n|\n|t:|1700574273\n|switch|p2a: treme terra|Landorus-Therian, L50, M|58\/100\n|-ability|p2a: treme terra|Intimidate|boost\n|-unboost|p1a: Articuno|atk|1\n|-ability|p1a: Articuno|Competitive|boost\n|-boost|p1a: Articuno|spa|2\n|-unboost|p1b: Brambleghast|atk|1\n|-terastallize|p2b: Wanda|Fairy\n|-terastallize|p1b: Brambleghast|Ghost\n|move|p1b: Brambleghast|Shadow Sneak|p2b: Wanda\n|-damage|p2b: Wanda|59\/100\n|move|p2b: Wanda|Dazzling Gleam|p1b: Brambleghast|[spread] p1a,p1b\n|-damage|p1a: Articuno|54\/100\n|-damage|p1b: Brambleghast|4\/100\n|move|p1a: Articuno|Calm Mind|p1a: Articuno\n|-boost|p1a: Articuno|spa|1\n|-boost|p1a: Articuno|spd|1\n|\n|-sideend|p1: mochigno|move: Tailwind\n|upkeep\n|turn|5\n|-message|mochigno forfeited.\n|\n|win|Darkjuninn\n|raw|mochigno's rating: 1292 &rarr; <strong>1270<\/strong><br \/>(-22 for losing)\n|raw|Darkjuninn's rating: 1337 &rarr; <strong>1354<\/strong><br \/>(+17 for winning)\n|l|\u2606mochigno\n","uploadtime":1700574337,"views":5,"p1id":"mochigno","p2id":"darkjuninn","formatid":"gen9vgc2023regulatione","rating":1270,"private":0,"password":""}