{"id":"gen9vgc2023regulatione-1989511563","p1":"madbluecatz","p2":"riahay37","format":"[Gen 9] VGC 2023 Regulation E","log":"|j|\u2606madbluecatz\n|j|\u203driahay37\n|t:|1699863275\n|gametype|doubles\n|player|p1|madbluecatz|colress|1186\n|player|p2|riahay37|2|1161\n|teamsize|p1|6\n|teamsize|p2|6\n|gen|9\n|tier|[Gen 9] VGC 2023 Regulation E\n|rated|\n|rule|Species Clause: Limit one of each Pok\u00e9mon\n|rule|Item Clause: Limit one of each item\n|clearpoke\n|poke|p1|Gengar, L50, M|\n|poke|p1|Muk-Alola, L50, M|\n|poke|p1|Grimer-Alola, L50, M|\n|poke|p1|Salazzle, L50, F|\n|poke|p1|Salandit, L50, F|\n|poke|p1|Clodsire, L50, M|\n|poke|p2|Snorlax, L50, M|\n|poke|p2|Sinistcha-Masterpiece, L50|\n|poke|p2|Landorus-Therian, L50, M|\n|poke|p2|Iron Hands, L50|\n|poke|p2|Clefairy, L50, F|\n|poke|p2|Kommo-o, L50, M|\n|teampreview|4\n|\n|t:|1699863307\n|start\n|switch|p1a: Gengar|Gengar, L50, M|100\/100\n|switch|p1b: Salandit|Salandit, L50, F|100\/100\n|switch|p2a: Kommo-o|Kommo-o, L50, M, shiny|100\/100\n|switch|p2b: Landorus|Landorus-Therian, L50, M, shiny|100\/100\n|-ability|p2b: Landorus|Intimidate|boost\n|-unboost|p1a: Gengar|atk|1\n|-unboost|p1b: Salandit|atk|1\n|turn|1\n|\n|t:|1699863330\n|move|p1b: Salandit|Fake Out|p2b: Landorus\n|-damage|p2b: Landorus|96\/100\n|cant|p2b: Landorus|flinch\n|move|p2a: Kommo-o|Clangorous Soul|p2a: Kommo-o\n|-boost|p2a: Kommo-o|atk|1\n|-boost|p2a: Kommo-o|def|1\n|-boost|p2a: Kommo-o|spa|1\n|-boost|p2a: Kommo-o|spd|1\n|-boost|p2a: Kommo-o|spe|1\n|-damage|p2a: Kommo-o|68\/100\n|-enditem|p2a: Kommo-o|Throat Spray\n|-boost|p2a: Kommo-o|spa|1|[from] item: Throat Spray\n|move|p1a: Gengar|Trick Room|p1a: Gengar\n|-fieldstart|move: Trick Room|[of] p1a: Gengar\n|\n|upkeep\n|turn|2\n|\n|t:|1699863367\n|move|p1b: Salandit|Toxic|p2b: Landorus\n|-status|p2b: Landorus|tox\n|move|p1a: Gengar|Curse|p2a: Kommo-o\n|-start|p2a: Kommo-o|Curse|[of] p1a: Gengar\n|-damage|p1a: Gengar|51\/100\n|move|p2a: Kommo-o|Clanging Scales|p1a: Gengar|[spread] p1a,p1b\n|-damage|p1a: Gengar|0 fnt\n|-damage|p1b: Salandit|20\/100\n|faint|p1a: Gengar\n|-unboost|p2a: Kommo-o|def|1\n|move|p2b: Landorus|U-turn|p1b: Salandit\n|-resisted|p1b: Salandit\n|-damage|p1b: Salandit|13\/100\n|\n|t:|1699863383\n|switch|p2b: Sinistcha|Sinistcha-Masterpiece, L50, shiny|100\/100|[from] U-turn\n|-heal|p2a: Kommo-o|93\/100|[from] ability: Hospitality|[of] p2b: Sinistcha\n|\n|-damage|p2a: Kommo-o|68\/100|[from] Curse\n|upkeep\n|\n|t:|1699863395\n|switch|p1a: Muk|Muk-Alola, L50, M|100\/100\n|turn|3\n|\n|t:|1699863411\n|-terastallize|p2b: Sinistcha|Fire\n|move|p1a: Muk|Stockpile|p1a: Muk\n|-start|p1a: Muk|stockpile1\n|-boost|p1a: Muk|def|1\n|-boost|p1a: Muk|spd|1\n|move|p1b: Salandit|Toxic|p2a: Kommo-o\n|-status|p2a: Kommo-o|tox\n|move|p2b: Sinistcha|Matcha Gotcha|p1a: Muk|[spread] p1b\n|-miss|p2b: Sinistcha|p1a: Muk\n|-resisted|p1b: Salandit\n|-damage|p1b: Salandit|6\/100\n|move|p2a: Kommo-o|Clanging Scales|p1a: Muk|[spread] p1a,p1b\n|-damage|p1a: Muk|64\/100\n|-damage|p1b: Salandit|0 fnt\n|faint|p1b: Salandit\n|-unboost|p2a: Kommo-o|def|1\n|\n|-damage|p2a: Kommo-o|61\/100 tox|[from] psn\n|-damage|p2a: Kommo-o|36\/100 tox|[from] Curse\n|upkeep\n|\n|t:|1699863430\n|switch|p1b: Grimer|Grimer-Alola, L50, M|100\/100\n|turn|4\n|\n|t:|1699863456\n|move|p1b: Grimer|Stockpile|p1b: Grimer\n|-start|p1b: Grimer|stockpile1\n|-boost|p1b: Grimer|def|1\n|-boost|p1b: Grimer|spd|1\n|move|p1a: Muk|Stockpile|p1a: Muk\n|-start|p1a: Muk|stockpile2\n|-boost|p1a: Muk|def|1\n|-boost|p1a: Muk|spd|1\n|move|p2b: Sinistcha|Matcha Gotcha|p1b: Grimer|[spread] p1a,p1b\n|-resisted|p1a: Muk\n|-resisted|p1b: Grimer\n|-damage|p1a: Muk|60\/100\n|-damage|p1b: Grimer|90\/100\n|move|p2a: Kommo-o|Clanging Scales|p1b: Grimer|[spread] p1a,p1b\n|-damage|p1a: Muk|34\/100\n|-damage|p1b: Grimer|35\/100\n|-enditem|p1b: Grimer|Aguav Berry|[eat]\n|-heal|p1b: Grimer|68\/100|[from] item: Aguav Berry\n|-enditem|p1a: Muk|Figy Berry|[eat]\n|-heal|p1a: Muk|67\/100|[from] item: Figy Berry\n|-unboost|p2a: Kommo-o|def|1\n|\n|-damage|p2a: Kommo-o|24\/100 tox|[from] psn\n|-damage|p2a: Kommo-o|0 fnt|[from] Curse\n|faint|p2a: Kommo-o\n|upkeep\n|\n|t:|1699863486\n|switch|p2a: Landorus|Landorus-Therian, L50, M, shiny|96\/100 tox\n|-ability|p2a: Landorus|Intimidate|boost\n|-unboost|p1a: Muk|atk|1\n|-unboost|p1b: Grimer|atk|1\n|turn|5\n|\n|t:|1699863515\n|move|p2b: Sinistcha|Rage Powder|p2b: Sinistcha\n|-singleturn|p2b: Sinistcha|move: Rage Powder\n|move|p1b: Grimer|Toxic|p2b: Sinistcha\n|-status|p2b: Sinistcha|tox\n|move|p1a: Muk|Acid Armor|p1a: Muk\n|-boost|p1a: Muk|def|2\n|move|p2a: Landorus|Rock Slide|p1b: Grimer|[spread] p1a,p1b\n|-damage|p1a: Muk|61\/100\n|-damage|p1b: Grimer|51\/100\n|\n|-damage|p2b: Sinistcha|94\/100 tox|[from] psn\n|-damage|p2a: Landorus|90\/100 tox|[from] psn\n|-fieldend|move: Trick Room\n|upkeep\n|turn|6\n|\n|t:|1699863539\n|switch|p2b: Iron Hands|Iron Hands, L50|100\/100\n|move|p2a: Landorus|Rock Slide|p1b: Grimer|[spread] p1a,p1b\n|-damage|p1a: Muk|55\/100\n|-damage|p1b: Grimer|33\/100\n|cant|p1a: Muk|flinch\n|move|p1b: Grimer|Recycle|p1b: Grimer\n|-item|p1b: Grimer|Aguav Berry|[from] move: Recycle\n|-enditem|p1b: Grimer|Aguav Berry|[eat]\n|-heal|p1b: Grimer|67\/100|[from] item: Aguav Berry\n|\n|-damage|p2a: Landorus|78\/100 tox|[from] psn\n|upkeep\n|turn|7\n|\n|t:|1699863578\n|move|p2a: Landorus|Rock Slide|p1b: Grimer|[spread] p1b\n|-miss|p2a: Landorus|p1a: Muk\n|-damage|p1b: Grimer|48\/100\n|move|p2b: Iron Hands|Heavy Slam|p1b: Grimer\n|-damage|p1b: Grimer|8\/100\n|move|p1a: Muk|Recycle|p1a: Muk\n|-item|p1a: Muk|Figy Berry|[from] move: Recycle\n|move|p1b: Grimer|Toxic|p2b: Iron Hands\n|-status|p2b: Iron Hands|tox\n|\n|-damage|p2a: Landorus|60\/100 tox|[from] psn\n|-damage|p2b: Iron Hands|94\/100 tox|[from] psn\n|upkeep\n|turn|8\n|\n|t:|1699863600\n|move|p2a: Landorus|Rock Slide|p1b: Grimer|[spread] p1a,p1b\n|-damage|p1a: Muk|49\/100\n|-damage|p1b: Grimer|0 fnt\n|-enditem|p1a: Muk|Figy Berry|[eat]\n|-heal|p1a: Muk|82\/100|[from] item: Figy Berry\n|faint|p1b: Grimer\n|move|p2b: Iron Hands|Heavy Slam|p1a: Muk\n|-damage|p1a: Muk|70\/100\n|cant|p1a: Muk|flinch\n|\n|-damage|p2a: Landorus|36\/100 tox|[from] psn\n|-damage|p2b: Iron Hands|82\/100 tox|[from] psn\n|upkeep\n|turn|9\n|\n|t:|1699863619\n|switch|p2a: Sinistcha|Sinistcha-Masterpiece, L50, shiny, tera:Fire|94\/100 tox\n|-heal|p2b: Iron Hands|100\/100 tox|[from] ability: Hospitality|[of] p2a: Sinistcha\n|move|p2b: Iron Hands|Heavy Slam|p1a: Muk\n|-damage|p1a: Muk|58\/100\n|move|p1a: Muk|Recycle|p1a: Muk\n|-item|p1a: Muk|Figy Berry|[from] move: Recycle\n|\n|-damage|p2a: Sinistcha|88\/100 tox|[from] psn\n|-damage|p2b: Iron Hands|82\/100 tox|[from] psn\n|upkeep\n|turn|10\n|\n|t:|1699863639\n|switch|p2a: Landorus|Landorus-Therian, L50, M, shiny|36\/100 tox\n|-ability|p2a: Landorus|Intimidate|boost\n|-unboost|p1a: Muk|atk|1\n|move|p2b: Iron Hands|Heavy Slam|p1a: Muk\n|-damage|p1a: Muk|46\/100\n|-enditem|p1a: Muk|Figy Berry|[eat]\n|-heal|p1a: Muk|79\/100|[from] item: Figy Berry\n|move|p1a: Muk|Knock Off|p2a: Landorus\n|-damage|p2a: Landorus|16\/100 tox\n|-enditem|p2a: Landorus|Choice Scarf|[from] move: Knock Off|[of] p1a: Muk\n|\n|-damage|p2a: Landorus|10\/100 tox|[from] psn\n|-damage|p2b: Iron Hands|58\/100 tox|[from] psn\n|upkeep\n|turn|11\n|\n|t:|1699863668\n|move|p2a: Landorus|U-turn|p1a: Muk\n|-crit|p1a: Muk\n|-damage|p1a: Muk|45\/100\n|\n|t:|1699863673\n|switch|p2a: Sinistcha|Sinistcha-Masterpiece, L50, shiny, tera:Fire|88\/100 tox|[from] U-turn\n|-heal|p2b: Iron Hands|83\/100 tox|[from] ability: Hospitality|[of] p2a: Sinistcha\n|move|p2b: Iron Hands|Wild Charge|p1a: Muk\n|-damage|p1a: Muk|32\/100\n|-damage|p2b: Iron Hands|80\/100 tox|[from] Recoil\n|move|p1a: Muk|Recycle|p1a: Muk\n|-item|p1a: Muk|Figy Berry|[from] move: Recycle\n|-enditem|p1a: Muk|Figy Berry|[eat]\n|-heal|p1a: Muk|65\/100|[from] item: Figy Berry\n|\n|-damage|p2a: Sinistcha|82\/100 tox|[from] psn\n|-damage|p2b: Iron Hands|50\/100 tox|[from] psn\n|upkeep\n|turn|12\n|\n|t:|1699863698\n|move|p2a: Sinistcha|Strength Sap|p1a: Muk\n|-unboost|p1a: Muk|atk|1\n|-heal|p2a: Sinistcha|100\/100 tox\n|move|p2b: Iron Hands|Wild Charge|p1a: Muk\n|-crit|p1a: Muk\n|-damage|p1a: Muk|7\/100\n|-damage|p2b: Iron Hands|37\/100 tox|[from] Recoil\n|move|p1a: Muk|Recycle|p1a: Muk\n|-item|p1a: Muk|Figy Berry|[from] move: Recycle\n|-enditem|p1a: Muk|Figy Berry|[eat]\n|-heal|p1a: Muk|40\/100|[from] item: Figy Berry\n|\n|-damage|p2a: Sinistcha|88\/100 tox|[from] psn\n|-damage|p2b: Iron Hands|1\/100 tox|[from] psn\n|upkeep\n|turn|13\n|\n|t:|1699863716\n|move|p2a: Sinistcha|Matcha Gotcha|p1a: Muk\n|-resisted|p1a: Muk\n|-damage|p1a: Muk|33\/100\n|-heal|p2a: Sinistcha|92\/100 tox|[from] drain|[of] p1a: Muk\n|-status|p1a: Muk|brn\n|move|p2b: Iron Hands|Wild Charge|p1a: Muk\n|-damage|p1a: Muk|20\/100 brn\n|-damage|p2b: Iron Hands|0 fnt|[from] Recoil\n|faint|p2b: Iron Hands\n|-end|p2b: Iron Hands|Quark Drive|[silent]\n|move|p1a: Muk|Recycle|p1a: Muk\n|-item|p1a: Muk|Figy Berry|[from] move: Recycle\n|-enditem|p1a: Muk|Figy Berry|[eat]\n|-heal|p1a: Muk|53\/100 brn|[from] item: Figy Berry\n|\n|-damage|p2a: Sinistcha|73\/100 tox|[from] psn\n|-damage|p1a: Muk|48\/100 brn|[from] brn\n|upkeep\n|\n|t:|1699863734\n|switch|p2b: Landorus|Landorus-Therian, L50, M, shiny|10\/100 tox\n|-ability|p2b: Landorus|Intimidate|boost\n|-unboost|p1a: Muk|atk|1\n|turn|14\n|\n|t:|1699863763\n|move|p2b: Landorus|Stomping Tantrum|p1a: Muk\n|-supereffective|p1a: Muk\n|-damage|p1a: Muk|22\/100 brn\n|move|p1a: Muk|Recycle|p1a: Muk\n|-item|p1a: Muk|Figy Berry|[from] move: Recycle\n|-enditem|p1a: Muk|Figy Berry|[eat]\n|-heal|p1a: Muk|55\/100 brn|[from] item: Figy Berry\n|move|p2a: Sinistcha|Trick Room|p2a: Sinistcha\n|-fieldstart|move: Trick Room|[of] p2a: Sinistcha\n|\n|-damage|p2a: Sinistcha|48\/100 tox|[from] psn\n|-damage|p2b: Landorus|4\/100 tox|[from] psn\n|-damage|p1a: Muk|50\/100 brn|[from] brn\n|upkeep\n|turn|15\n|\n|t:|1699863799\n|move|p1a: Muk|Recycle|p1a: Muk\n|-item|p1a: Muk|Figy Berry|[from] move: Recycle\n|-enditem|p1a: Muk|Figy Berry|[eat]\n|-heal|p1a: Muk|83\/100 brn|[from] item: Figy Berry\n|move|p2a: Sinistcha|Strength Sap|p1a: Muk\n|-unboost|p1a: Muk|atk|1\n|-heal|p2a: Sinistcha|71\/100 tox\n|move|p2b: Landorus|Stomping Tantrum|p1a: Muk\n|-supereffective|p1a: Muk\n|-damage|p1a: Muk|60\/100 brn\n|\n|-damage|p2a: Sinistcha|40\/100 tox|[from] psn\n|-damage|p2b: Landorus|0 fnt|[from] psn\n|faint|p2b: Landorus\n|-damage|p1a: Muk|54\/100 brn|[from] brn\n|upkeep\n|turn|16\n|\n|t:|1699863817\n|move|p1a: Muk|Recycle|p1a: Muk\n|-item|p1a: Muk|Figy Berry|[from] move: Recycle\n|move|p2a: Sinistcha|Strength Sap|p1a: Muk\n|-unboost|p1a: Muk|atk|1\n|-heal|p2a: Sinistcha|60\/100 tox\n|\n|-damage|p2a: Sinistcha|23\/100 tox|[from] psn\n|-damage|p1a: Muk|48\/100 brn|[from] brn\n|upkeep\n|-enditem|p1a: Muk|Figy Berry|[eat]\n|-heal|p1a: Muk|81\/100 brn|[from] item: Figy Berry\n|turn|17\n|\n|t:|1699863840\n|move|p1a: Muk|Recycle|p1a: Muk\n|-item|p1a: Muk|Figy Berry|[from] move: Recycle\n|move|p2a: Sinistcha|Matcha Gotcha|p1a: Muk\n|-resisted|p1a: Muk\n|-damage|p1a: Muk|74\/100 brn\n|-heal|p2a: Sinistcha|27\/100 tox|[from] drain|[of] p1a: Muk\n|\n|-damage|p2a: Sinistcha|0 fnt|[from] psn\n|faint|p2a: Sinistcha\n|\n|win|madbluecatz\n|upkeep\n|raw|madbluecatz's rating: 1186 &rarr; <strong>1209<\/strong><br \/>(+23 for winning)\n|raw|riahay37's rating: 1161 &rarr; <strong>1138<\/strong><br \/>(-23 for losing)\n|l|\u203driahay37\n","uploadtime":1699863870,"views":22,"p1id":"madbluecatz","p2id":"riahay37","formatid":"gen9vgc2023regulatione","rating":1138,"private":0,"password":""}