{"id":"gen9vgc2023regulatione-1992308606","p1":"L4luck","p2":"TrendanBrendan","format":"[Gen 9] VGC 2023 Regulation E","log":"|j|\u2606L4luck\n|j|\u2606TrendanBrendan\n|t:|1700173186\n|gametype|doubles\n|player|p1|L4luck|169|1078\n|player|p2|TrendanBrendan|elio|1196\n|teamsize|p1|6\n|teamsize|p2|6\n|gen|9\n|tier|[Gen 9] VGC 2023 Regulation E\n|rated|\n|rule|Species Clause: Limit one of each Pok\u00e9mon\n|rule|Item Clause: Limit one of each item\n|clearpoke\n|poke|p1|Tyranitar, L50, F|\n|poke|p1|Ceruledge, L50, M|\n|poke|p1|Scizor, L50, F|\n|poke|p1|Iron Valiant, L50|\n|poke|p1|Rotom-Wash, L50|\n|poke|p1|Gholdengo, L50|\n|poke|p2|Okidogi, L50, M|\n|poke|p2|Ogerpon-Hearthflame, L50, F|\n|poke|p2|Tornadus, L50, M|\n|poke|p2|Flutter Mane, L50|\n|poke|p2|Arcanine-Hisui, L50, M|\n|poke|p2|Urshifu-*, L50, M|\n|teampreview|4\nTrendanBrendan has agreed to open team sheets.\n|\n|t:|1700173236\n|start\n|switch|p1a: Iron Valiant|Iron Valiant, L50|100\/100\n|switch|p1b: Rotom|Rotom-Wash, L50|100\/100\n|switch|p2a: Ogerpon|Ogerpon-Hearthflame, L50, F|100\/100\n|switch|p2b: Urshifu|Urshifu-Rapid-Strike, L50, M|100\/100\n|-ability|p2a: Ogerpon|Mold Breaker\n|turn|1\n|\n|t:|1700173248\n|move|p1a: Iron Valiant|Protect|p1a: Iron Valiant\n|-singleturn|p1a: Iron Valiant|Protect\n|move|p2a: Ogerpon|Follow Me|p2a: Ogerpon\n|-singleturn|p2a: Ogerpon|move: Follow Me\n|move|p2b: Urshifu|Surging Strikes|p1a: Iron Valiant\n|-crit|p1a: Iron Valiant\n|-damage|p1a: Iron Valiant|72\/100\n|-crit|p1a: Iron Valiant\n|-damage|p1a: Iron Valiant|46\/100\n|-crit|p1a: Iron Valiant\n|-damage|p1a: Iron Valiant|20\/100\n|-hitcount|p1a: Iron Valiant|3\n|move|p1b: Rotom|Thunder Wave|p2a: Ogerpon\n|-status|p2a: Ogerpon|par\n|\n|upkeep\n|turn|2\n|\n|t:|1700173283\n|move|p2a: Ogerpon|Follow Me|p2a: Ogerpon\n|-singleturn|p2a: Ogerpon|move: Follow Me\n|move|p2b: Urshifu|Surging Strikes|p1a: Iron Valiant\n|-crit|p1a: Iron Valiant\n|-damage|p1a: Iron Valiant|0 fnt\n|faint|p1a: Iron Valiant\n|-end|p1a: Iron Valiant|Quark Drive|[silent]\n|-hitcount|p1: Iron Valiant|1\n|move|p1b: Rotom|Hydro Pump|p2a: Ogerpon\n|-damage|p2a: Ogerpon|53\/100 par\n|\n|upkeep\n|\n|t:|1700173295\n|switch|p1a: Scizor|Scizor, L50, F|100\/100\n|turn|3\n|\n|t:|1700173319\n|move|p1b: Rotom|Helping Hand|p1a: Scizor\n|-singleturn|p1a: Scizor|Helping Hand|[of] p1b: Rotom\n|move|p2b: Urshifu|Surging Strikes|p1a: Scizor\n|-crit|p1a: Scizor\n|-damage|p1a: Scizor|78\/100\n|-crit|p1a: Scizor\n|-damage|p1a: Scizor|53\/100\n|-crit|p1a: Scizor\n|-damage|p1a: Scizor|29\/100\n|-hitcount|p1a: Scizor|3\n|move|p1a: Scizor|Bug Bite|p2a: Ogerpon\n|-damage|p2a: Ogerpon|0 fnt\n|faint|p2a: Ogerpon\n|\n|upkeep\n|\n|t:|1700173335\n|switch|p2a: Oki|Okidogi, L50, M|100\/100\n|turn|4\n|\n|t:|1700173350\n|switch|p2b: Veilstone|Arcanine-Hisui, L50, M, shiny|100\/100\n|-ability|p2b: Veilstone|Intimidate|boost\n|-fail|p1a: Scizor|unboost|[from] item: Clear Amulet|[of] p1a: Scizor\n|-unboost|p1b: Rotom|atk|1\n|move|p1a: Scizor|Bullet Punch|p2b: Veilstone\n|-damage|p2b: Veilstone|62\/100\n|move|p1b: Rotom|Thunderbolt|p2b: Veilstone\n|-damage|p2b: Veilstone|26\/100\n|move|p2a: Oki|Bulk Up|p2a: Oki\n|-boost|p2a: Oki|atk|1\n|-boost|p2a: Oki|def|1\n|\n|upkeep\n|turn|5\n|\n|t:|1700173389\n|move|p2b: Veilstone|Extreme Speed|p1b: Rotom\n|-damage|p1b: Rotom|66\/100\n|move|p1a: Scizor|Bullet Punch|p2b: Veilstone\n|-damage|p2b: Veilstone|0 fnt\n|faint|p2b: Veilstone\n|move|p1b: Rotom|Hydro Pump|p2a: Oki\n|-damage|p2a: Oki|56\/100\n|move|p2a: Oki|Poison Jab|p1b: Rotom\n|-damage|p1b: Rotom|0 fnt\n|faint|p1b: Rotom\n|\n|-heal|p2a: Oki|62\/100|[from] item: Leftovers\n|upkeep\n|\n|t:|1700173401\n|switch|p1b: Tyranitar|Tyranitar, L50, F|100\/100\n|switch|p2b: Urshifu|Urshifu-Rapid-Strike, L50, M|100\/100\n|-weather|Sandstorm|[from] ability: Sand Stream|[of] p1b: Tyranitar\n|turn|6\n|\n|t:|1700173421\n|-terastallize|p2b: Urshifu|Water\n|-terastallize|p1b: Tyranitar|Ghost\n|move|p2b: Urshifu|Surging Strikes|p1a: Scizor\n|-crit|p1a: Scizor\n|-damage|p1a: Scizor|0 fnt\n|faint|p1a: Scizor\n|-hitcount|p1: Scizor|1\n|move|p2a: Oki|Drain Punch|p1b: Tyranitar\n|-immune|p1b: Tyranitar\n|move|p1b: Tyranitar|High Horsepower|p2a: Oki\n|-supereffective|p2a: Oki\n|-damage|p2a: Oki|19\/100\n|\n|-weather|Sandstorm|[upkeep]\n|-damage|p2b: Urshifu|94\/100|[from] Sandstorm\n|-damage|p2a: Oki|12\/100|[from] Sandstorm\n|-damage|p1b: Tyranitar|95\/100|[from] Sandstorm\n|-heal|p2a: Oki|19\/100|[from] item: Leftovers\n|upkeep\n|turn|7\n|\n|t:|1700173475\n|move|p2b: Urshifu|Surging Strikes|p1b: Tyranitar\n|-crit|p1b: Tyranitar\n|-damage|p1b: Tyranitar|72\/100\n|-crit|p1b: Tyranitar\n|-damage|p1b: Tyranitar|46\/100\n|-crit|p1b: Tyranitar\n|-damage|p1b: Tyranitar|23\/100\n|-hitcount|p1b: Tyranitar|3\n|move|p2a: Oki|Knock Off|p1b: Tyranitar\n|-supereffective|p1b: Tyranitar\n|-damage|p1b: Tyranitar|0 fnt\n|-enditem|p1b: Tyranitar|Assault Vest|[from] move: Knock Off|[of] p2a: Oki\n|faint|p1b: Tyranitar\n|\n|win|TrendanBrendan\n|raw|L4luck's rating: 1078 &rarr; <strong>1063<\/strong><br \/>(-15 for losing)\n|raw|TrendanBrendan's rating: 1196 &rarr; <strong>1213<\/strong><br \/>(+17 for winning)\n|l|\u2606L4luck\n","uploadtime":1700173508,"views":30,"p1id":"l4luck","p2id":"trendanbrendan","formatid":"gen9vgc2023regulatione","rating":1063,"private":0,"password":""}