{"id":"gen9vgc2023regulatione-2000028468","p1":"Josuee_29","p2":"JeanRyuPR","format":"[Gen 9] VGC 2023 Regulation E","log":"|j|\u2606Josuee_29\n|j|\u2606JeanRyuPR\n|t:|1701143123\n|gametype|doubles\n|player|p1|Josuee_29|red|\n|player|p2|JeanRyuPR|265|\n|teamsize|p1|6\n|teamsize|p2|6\n|gen|9\n|tier|[Gen 9] VGC 2023 Regulation E\n|rule|Species Clause: Limit one of each Pok\u00e9mon\n|rule|Item Clause: Limit one of each item\n|clearpoke\n|poke|p1|Landorus-Therian, L50, M|\n|poke|p1|Iron Hands, L50|\n|poke|p1|Heatran, L50, M|\n|poke|p1|Flutter Mane, L50|\n|poke|p1|Roaring Moon, L50|\n|poke|p1|Tornadus, L50, M|\n|poke|p2|Roaring Moon, L50|\n|poke|p2|Iron Hands, L50|\n|poke|p2|Ogerpon-Wellspring, L50, F|\n|poke|p2|Heatran, L50, M|\n|poke|p2|Arcanine-Hisui, L50, M|\n|poke|p2|Tornadus, L50, M|\n|teampreview|4\nJeanRyuPR has agreed to open team sheets.\n|c|\u2606JeanRyuPR|game 1\nJosuee_29 has agreed to open team sheets.\n|showteam|p1|Landorus-Therian||Leftovers|Intimidate|Earthquake,Crunch,RockSlide,Protect|||M|||50|,,,,,Fairy]Iron Hands||ClearAmulet|QuarkDrive|WildCharge,DrainPunch,IcePunch,FakeOut||||||50|,,,,,Fire]Heatran||AssaultVest|FlashFire|HeatWave,FlashCannon,EarthPower,TeraBlast|||M|||50|,,,,,Grass]Flutter Mane||LifeOrb|Protosynthesis|Protect,DazzlingGleam,ShadowBall,PowerGem||||||50|,,,,,Fairy]Roaring Moon||BoosterEnergy|Protosynthesis|KnockOff,Acrobatics,Tailwind,Protect||||||50|,,,,,Fire]Tornadus||MentalHerb|Prankster|BleakwindStorm,Tailwind,SunnyDay,Taunt|||M|||50|,,,,,Steel\n|showteam|p2|Roaring Moon||BoosterEnergy|Protosynthesis|KnockOff,Protect,BreakingSwipe,TeraBlast||||||50|,,,,,Poison]Iron Hands||AssaultVest|QuarkDrive|DrainPunch,WildCharge,HeavySlam,FakeOut||||||50|,,,,,Water]Ogerpon-Wellspring||WellspringMask|WaterAbsorb|IvyCudgel,SpikyShield,WoodHammer,SwordsDance|||F|||50|,,,,,Water]Heatran||ZoomLens|FlashFire|MagmaStorm,EarthPower,FlashCannon,Protect|||M|||50|,,,,,Fairy]Arcanine-Hisui||ChoiceBand|Intimidate|RockSlide,ExtremeSpeed,FlareBlitz,TeraBlast|||M|||50|,,,,,Grass]Tornadus||CovertCloak|Prankster|BleakwindStorm,IcyWind,Taunt,Tailwind|||M|||50|,,,,,Ghost\n|\n|t:|1701143219\n|start\n|switch|p1a: Iron Hands|Iron Hands, L50|100\/100\n|switch|p1b: Tornadus|Tornadus, L50, M, shiny|100\/100\n|switch|p2a: Tornadus|Tornadus, L50, M|100\/100\n|switch|p2b: Iron Hands|Iron Hands, L50|100\/100\n|turn|1\n|\n|t:|1701143232\n|move|p1a: Iron Hands|Fake Out|p2b: Iron Hands\n|-damage|p2b: Iron Hands|89\/100\n|cant|p2b: Iron Hands|flinch\n|move|p1b: Tornadus|Taunt|p2a: Tornadus\n|-start|p2a: Tornadus|move: Taunt\n|move|p2a: Tornadus|Icy Wind|p1b: Tornadus|[spread] p1a,p1b\n|-supereffective|p1b: Tornadus\n|-damage|p1a: Iron Hands|89\/100\n|-damage|p1b: Tornadus|66\/100\n|-unboost|p1b: Tornadus|spe|1\n|\n|upkeep\n|turn|2\n|\n|t:|1701143258\n|move|p1b: Tornadus|Tailwind|p1b: Tornadus\n|-sidestart|p1: Josuee_29|move: Tailwind\n|move|p1a: Iron Hands|Wild Charge|p2a: Tornadus\n|-supereffective|p2a: Tornadus\n|-damage|p2a: Tornadus|0 fnt\n|faint|p2a: Tornadus\n|-damage|p1a: Iron Hands|72\/100|[from] Recoil\n|move|p2b: Iron Hands|Wild Charge|p1b: Tornadus\n|-supereffective|p1b: Tornadus\n|-damage|p1b: Tornadus|0 fnt\n|faint|p1b: Tornadus\n|-damage|p2b: Iron Hands|77\/100|[from] Recoil\n|\n|upkeep\n|\n|t:|1701143277\n|switch|p2a: Roaring Moon|Roaring Moon, L50|100\/100\n|switch|p1b: Landorus|Landorus-Therian, L50, M|100\/100\n|-ability|p1b: Landorus|Intimidate|boost\n|-unboost|p2a: Roaring Moon|atk|1\n|-unboost|p2b: Iron Hands|atk|1\n|-enditem|p2a: Roaring Moon|Booster Energy\n|-activate|p2a: Roaring Moon|ability: Protosynthesis|[fromitem]\n|-start|p2a: Roaring Moon|protosynthesisspe\n|turn|3\n|\n|t:|1701143313\n|move|p2a: Roaring Moon|Protect|p2a: Roaring Moon\n|-singleturn|p2a: Roaring Moon|Protect\n|move|p1b: Landorus|Rock Slide|p2b: Iron Hands|[spread] p2b\n|-activate|p2a: Roaring Moon|move: Protect\n|-resisted|p2b: Iron Hands\n|-damage|p2b: Iron Hands|70\/100\n|move|p1a: Iron Hands|Drain Punch|p2a: Roaring Moon\n|-activate|p2a: Roaring Moon|move: Protect\n|move|p2b: Iron Hands|Drain Punch|p1a: Iron Hands\n|-damage|p1a: Iron Hands|52\/100\n|-heal|p2b: Iron Hands|80\/100|[from] drain|[of] p1a: Iron Hands\n|\n|upkeep\n|turn|4\n|\n|t:|1701143350\n|-terastallize|p2a: Roaring Moon|Poison\n|move|p2a: Roaring Moon|Breaking Swipe|p1a: Iron Hands|[spread] p1a,p1b\n|-damage|p1a: Iron Hands|40\/100\n|-damage|p1b: Landorus|83\/100\n|-unboost|p1b: Landorus|atk|1\n|move|p1b: Landorus|Rock Slide|p2b: Iron Hands|[spread] p2a,p2b\n|-resisted|p2b: Iron Hands\n|-damage|p2a: Roaring Moon|84\/100\n|-damage|p2b: Iron Hands|75\/100\n|move|p1a: Iron Hands|Drain Punch|p2b: Iron Hands\n|-damage|p2b: Iron Hands|45\/100\n|-heal|p1a: Iron Hands|56\/100|[from] drain|[of] p2b: Iron Hands\n|cant|p2b: Iron Hands|flinch\n|\n|-heal|p1b: Landorus|88\/100|[from] item: Leftovers\n|upkeep\n|turn|5\n|\n|t:|1701143375\n|move|p1b: Landorus|Rock Slide|p2b: Iron Hands|[spread] p2a,p2b\n|-resisted|p2b: Iron Hands\n|-damage|p2a: Roaring Moon|67\/100\n|-damage|p2b: Iron Hands|40\/100\n|move|p2a: Roaring Moon|Breaking Swipe|p1b: Landorus|[spread] p1a,p1b\n|-crit|p1b: Landorus\n|-damage|p1a: Iron Hands|45\/100\n|-damage|p1b: Landorus|48\/100\n|-unboost|p1b: Landorus|atk|1\n|move|p1a: Iron Hands|Drain Punch|p2b: Iron Hands\n|-damage|p2b: Iron Hands|11\/100\n|-heal|p1a: Iron Hands|60\/100|[from] drain|[of] p2b: Iron Hands\n|cant|p2b: Iron Hands|flinch\n|\n|-heal|p1b: Landorus|54\/100|[from] item: Leftovers\n|-sideend|p1: Josuee_29|move: Tailwind\n|upkeep\n|turn|6\n|\n|t:|1701143398\n|switch|p1b: Heatran|Heatran, L50, M|100\/100\n|move|p2a: Roaring Moon|Knock Off|p1a: Iron Hands\n|-resisted|p1a: Iron Hands\n|-damage|p1a: Iron Hands|49\/100\n|-enditem|p1a: Iron Hands|Clear Amulet|[from] move: Knock Off|[of] p2a: Roaring Moon\n|move|p1a: Iron Hands|Drain Punch|p2b: Iron Hands\n|-damage|p2b: Iron Hands|0 fnt\n|-heal|p1a: Iron Hands|54\/100|[from] drain|[of] p2b: Iron Hands\n|faint|p2b: Iron Hands\n|-end|p2b: Iron Hands|Quark Drive|[silent]\n|\n|upkeep\n|\n|t:|1701143408\n|switch|p2b: Arcanine|Arcanine-Hisui, L50, M, shiny|100\/100\n|-ability|p2b: Arcanine|Intimidate|boost\n|-unboost|p1a: Iron Hands|atk|1\n|-unboost|p1b: Heatran|atk|1\n|turn|7\n|\n|t:|1701143439\n|-end|p1a: Iron Hands|Quark Drive|[silent]\n|switch|p1a: Landorus|Landorus-Therian, L50, M|54\/100\n|-ability|p1a: Landorus|Intimidate|boost\n|-unboost|p2a: Roaring Moon|atk|1\n|-unboost|p2b: Arcanine|atk|1\n|move|p2a: Roaring Moon|Knock Off|p1b: Heatran\n|-damage|p1b: Heatran|75\/100\n|-enditem|p1b: Heatran|Assault Vest|[from] move: Knock Off|[of] p2a: Roaring Moon\n|move|p2b: Arcanine|Rock Slide|p1b: Heatran|[spread] p1a,p1b\n|-damage|p1a: Landorus|26\/100\n|-damage|p1b: Heatran|49\/100\n|cant|p1b: Heatran|flinch\n|\n|-heal|p1a: Landorus|32\/100|[from] item: Leftovers\n|upkeep\n|turn|8\n|\n|t:|1701143490\n|move|p1a: Landorus|Protect|p1a: Landorus\n|-singleturn|p1a: Landorus|Protect\n|move|p2a: Roaring Moon|Breaking Swipe|p1a: Landorus|[spread] p1b\n|-activate|p1a: Landorus|move: Protect\n|-resisted|p1b: Heatran\n|-damage|p1b: Heatran|44\/100\n|-unboost|p1b: Heatran|atk|1\n|move|p2b: Arcanine|Rock Slide|p1b: Heatran|[spread] p1b\n|-activate|p1a: Landorus|move: Protect\n|-damage|p1b: Heatran|20\/100\n|cant|p1b: Heatran|flinch\n|\n|-heal|p1a: Landorus|38\/100|[from] item: Leftovers\n|upkeep\n|turn|9\n|\n|t:|1701143514\n|switch|p1b: Iron Hands|Iron Hands, L50|54\/100\n|move|p2a: Roaring Moon|Breaking Swipe|p1b: Iron Hands|[spread] p1a,p1b\n|-damage|p1a: Landorus|25\/100\n|-damage|p1b: Iron Hands|46\/100\n|-unboost|p1a: Landorus|atk|1\n|-unboost|p1b: Iron Hands|atk|1\n|move|p2b: Arcanine|Rock Slide|p1a: Landorus|[spread] p1a,p1b\n|-resisted|p1b: Iron Hands\n|-damage|p1a: Landorus|0 fnt\n|-damage|p1b: Iron Hands|37\/100\n|faint|p1a: Landorus\n|\n|upkeep\n|\n|t:|1701143529\n|switch|p1a: Heatran|Heatran, L50, M|20\/100\n|turn|10\n|\n|t:|1701143558\n|move|p1b: Iron Hands|Fake Out|p2b: Arcanine\n|-resisted|p2b: Arcanine\n|-damage|p2b: Arcanine|94\/100\n|move|p2a: Roaring Moon|Breaking Swipe|p1a: Heatran|[spread] p1a,p1b\n|-resisted|p1a: Heatran\n|-damage|p1a: Heatran|15\/100\n|-damage|p1b: Iron Hands|29\/100\n|-unboost|p1a: Heatran|atk|1\n|-unboost|p1b: Iron Hands|atk|1\n|cant|p2b: Arcanine|flinch\n|move|p1a: Heatran|Earth Power|p2a: Roaring Moon\n|-supereffective|p2a: Roaring Moon\n|-damage|p2a: Roaring Moon|3\/100\n|\n|upkeep\n|turn|11\n|\n|t:|1701143585\n|move|p2a: Roaring Moon|Knock Off|p1a: Heatran\n|-damage|p1a: Heatran|0 fnt\n|faint|p1a: Heatran\n|move|p2b: Arcanine|Rock Slide|p1b: Iron Hands\n|-resisted|p1b: Iron Hands\n|-damage|p1b: Iron Hands|17\/100\n|move|p1b: Iron Hands|Drain Punch|p2b: Arcanine\n|-supereffective|p2b: Arcanine\n|-damage|p2b: Arcanine|41\/100\n|-heal|p1b: Iron Hands|37\/100|[from] drain|[of] p2b: Arcanine\n|\n|upkeep\n|turn|12\n|\n|t:|1701143598\n|move|p2a: Roaring Moon|Breaking Swipe|p1b: Iron Hands\n|-damage|p1b: Iron Hands|26\/100\n|-unboost|p1b: Iron Hands|atk|1\n|move|p2b: Arcanine|Rock Slide|p1b: Iron Hands\n|-resisted|p1b: Iron Hands\n|-damage|p1b: Iron Hands|14\/100\n|cant|p1b: Iron Hands|flinch\n|\n|upkeep\n|turn|13\n|\n|t:|1701143613\n|move|p2a: Roaring Moon|Breaking Swipe|p1b: Iron Hands\n|-damage|p1b: Iron Hands|4\/100\n|-unboost|p1b: Iron Hands|atk|1\n|move|p2b: Arcanine|Rock Slide|p1b: Iron Hands|[miss]\n|-miss|p2b: Arcanine|p1b: Iron Hands\n|move|p1b: Iron Hands|Drain Punch|p2b: Arcanine\n|-supereffective|p2b: Arcanine\n|-damage|p2b: Arcanine|6\/100\n|-heal|p1b: Iron Hands|17\/100|[from] drain|[of] p2b: Arcanine\n|\n|upkeep\n|turn|14\n|\n|t:|1701143629\n|move|p2a: Roaring Moon|Breaking Swipe|p1b: Iron Hands\n|-damage|p1b: Iron Hands|6\/100\n|-unboost|p1b: Iron Hands|atk|1\n|move|p2b: Arcanine|Rock Slide|p1b: Iron Hands|[miss]\n|-miss|p2b: Arcanine|p1b: Iron Hands\n|move|p1b: Iron Hands|Drain Punch|p2b: Arcanine\n|-supereffective|p2b: Arcanine\n|-damage|p2b: Arcanine|0 fnt\n|-heal|p1b: Iron Hands|8\/100|[from] drain|[of] p2b: Arcanine\n|faint|p2b: Arcanine\n|\n|upkeep\n|turn|15\n|\n|t:|1701143645\n|move|p2a: Roaring Moon|Breaking Swipe|p1b: Iron Hands\n|-damage|p1b: Iron Hands|0 fnt\n|faint|p1b: Iron Hands\n|-end|p1b: Iron Hands|Quark Drive|[silent]\n|\n|win|JeanRyuPR\n","uploadtime":1701143652,"views":11,"p1id":"josuee29","p2id":"jeanryupr","formatid":"gen9vgc2023regulatione","rating":0,"private":0,"password":""}