{"id":"gen9vgc2023regulatione-1989826394","p1":"Ester98","p2":"PokeKidMax","format":"[Gen 9] VGC 2023 Regulation E","log":"|j|\u2606Ester98\n|j|\u2606PokeKidMax\n|t:|1699898982\n|gametype|doubles\n|player|p1|Ester98|waitress|\n|player|p2|PokeKidMax|blue-lgpe|\n|teamsize|p1|6\n|teamsize|p2|6\n|gen|9\n|tier|[Gen 9] VGC 2023 Regulation E\n|rated|Tournament battle\n|rule|Species Clause: Limit one of each Pok\u00e9mon\n|rule|Item Clause: Limit one of each item\n|clearpoke\n|poke|p1|Heatran, L50, M|\n|poke|p1|Iron Hands, L50|\n|poke|p1|Roaring Moon, L50|\n|poke|p1|Amoonguss, L50, F|\n|poke|p1|Flutter Mane, L50|\n|poke|p1|Landorus-Therian, L50, M|\n|poke|p2|Iron Hands, L50|\n|poke|p2|Farigiraf, L50, M|\n|poke|p2|Ursaluna-Bloodmoon, L50, M|\n|poke|p2|Heatran, L50, M|\n|poke|p2|Dusclops, L50, M|\n|poke|p2|Sinistcha, L50|\n|teampreview|4\n|showteam|p1|Heatran||Leftovers|FlashFire|HeatWave,EarthPower,FlashCannon,Protect|||M|||50|,,,,,Fairy]Iron Hands||AssaultVest|QuarkDrive|FakeOut,DrainPunch,WildCharge,VoltSwitch||||||50|,,,,,Water]Roaring Moon||BoosterEnergy|Protosynthesis|Acrobatics,KnockOff,DragonDance,Protect||||||50|,,,,,Flying]Amoonguss||RockyHelmet|Regenerator|Spore,RagePowder,PollenPuff,Protect|||F|||50|,,,,,Water]Flutter Mane||ChoiceSpecs|Protosynthesis|Moonblast,ShadowBall,DazzlingGleam,PerishSong||||||50|,,,,,Fairy]Landorus-Therian||ChoiceScarf|Intimidate|StompingTantrum,TeraBlast,Uturn,RockSlide|||M|||50|,,,,,Flying\n|showteam|p2|Iron Hands||ClearAmulet|QuarkDrive|DrainPunch,WildCharge,SwordsDance,Protect||||||50|,,,,,Fire]Farigiraf||SitrusBerry|ArmorTail|Psychic,DazzlingGleam,NastyPlot,TrickRoom|||M|||50|,,,,,Fairy]Ursaluna-Bloodmoon||ThroatSpray|MindsEye|BloodMoon,HyperVoice,EarthPower,Protect|||M|||50|,,,,,Normal]Heatran||AssaultVest|FlashFire|HeatWave,EarthPower,FlashCannon,TeraBlast|||M|||50|,,,,,Grass]Dusclops||Eviolite|Pressure|TrickRoom,WillOWisp,Hex,PainSplit|||M|||50|,,,,,Grass]Sinistcha||RockyHelmet|Hospitality|TrickRoom,MatchaGotcha,RagePowder,StrengthSap||||||50|,,,,,Fire\n|inactive|Battle timer is ON: inactive players will automatically lose when time's up. (requested by PokeKidMax)\n|j| rulrus\n|inactive|Ester98 has 60 seconds left.\n|\n|t:|1699899023\n|start\n|switch|p1a: Roaring Moon|Roaring Moon, L50|100\/100\n|switch|p1b: Landorus|Landorus-Therian, L50, M|100\/100\n|switch|p2a: Farigiraf|Farigiraf, L50, M|100\/100\n|switch|p2b: Heatran|Heatran, L50, M|100\/100\n|-ability|p1b: Landorus|Intimidate|boost\n|-unboost|p2a: Farigiraf|atk|1\n|-unboost|p2b: Heatran|atk|1\n|-enditem|p1a: Roaring Moon|Booster Energy\n|-activate|p1a: Roaring Moon|ability: Protosynthesis|[fromitem]\n|-start|p1a: Roaring Moon|protosynthesisatk\n|turn|1\n|inactive|PokeKidMax has 30 seconds left.\n|inactive|PokeKidMax has 20 seconds left.\n|inactive|PokeKidMax has 15 seconds left.\n|\n|t:|1699899064\n|switch|p2b: Dusclops|Dusclops, L50, M|100\/100\n|-ability|p2b: Dusclops|Pressure\n|-terastallize|p2a: Farigiraf|Fairy\n|move|p1b: Landorus|U-turn|p2b: Dusclops\n|-resisted|p2b: Dusclops\n|-damage|p2b: Dusclops|91\/100\n|\n|t:|1699899075\n|switch|p1b: Amoonguss|Amoonguss, L50, F|100\/100|[from] U-turn\n|move|p1a: Roaring Moon|Knock Off|p2a: Farigiraf\n|-resisted|p2a: Farigiraf\n|-damage|p2a: Farigiraf|74\/100\n|-enditem|p2a: Farigiraf|Sitrus Berry|[from] move: Knock Off|[of] p1a: Roaring Moon\n|move|p2a: Farigiraf|Trick Room|p2a: Farigiraf\n|-fieldstart|move: Trick Room|[of] p2a: Farigiraf\n|\n|upkeep\n|turn|2\n|\n|t:|1699899085\n|-terastallize|p1b: Amoonguss|Water\n|move|p1a: Roaring Moon|Protect|p1a: Roaring Moon\n|-singleturn|p1a: Roaring Moon|Protect\n|move|p2b: Dusclops|Will-O-Wisp|p1b: Amoonguss\n|-status|p1b: Amoonguss|brn\n|move|p1b: Amoonguss|Spore|p2b: Dusclops\n|-status|p2b: Dusclops|slp|[from] move: Spore\n|move|p2a: Farigiraf|Nasty Plot|p2a: Farigiraf\n|-boost|p2a: Farigiraf|spa|2\n|\n|-damage|p1b: Amoonguss|95\/100 brn|[from] brn\n|upkeep\n|turn|3\n|\n|t:|1699899099\n|cant|p2b: Dusclops|slp\n|move|p1b: Amoonguss|Spore|p2a: Farigiraf\n|-status|p2a: Farigiraf|slp|[from] move: Spore\n|cant|p2a: Farigiraf|slp\n|move|p1a: Roaring Moon|Knock Off|p2b: Dusclops\n|-supereffective|p2b: Dusclops\n|-damage|p2b: Dusclops|0 fnt\n|-enditem|p2b: Dusclops|Eviolite|[from] move: Knock Off|[of] p1a: Roaring Moon\n|faint|p2b: Dusclops\n|\n|-damage|p1b: Amoonguss|89\/100 brn|[from] brn\n|upkeep\n|\n|t:|1699899109\n|switch|p2b: Heatran|Heatran, L50, M|100\/100\n|turn|4\n|\n|t:|1699899115\n|move|p1b: Amoonguss|Spore|p2b: Heatran\n|-status|p2b: Heatran|slp|[from] move: Spore\n|cant|p2a: Farigiraf|slp\n|cant|p2b: Heatran|slp\n|move|p1a: Roaring Moon|Knock Off|p2b: Heatran\n|-damage|p2b: Heatran|37\/100 slp\n|-enditem|p2b: Heatran|Assault Vest|[from] move: Knock Off|[of] p1a: Roaring Moon\n|\n|-damage|p1b: Amoonguss|83\/100 brn|[from] brn\n|upkeep\n|turn|5\n|\n|t:|1699899132\n|move|p1b: Amoonguss|Protect|p1b: Amoonguss\n|-singleturn|p1b: Amoonguss|Protect\n|move|p1a: Roaring Moon|Protect|p1a: Roaring Moon\n|-singleturn|p1a: Roaring Moon|Protect\n|cant|p2a: Farigiraf|slp\n|-curestatus|p2b: Heatran|slp|[msg]\n|move|p2b: Heatran|Heat Wave|p1b: Amoonguss|[spread] \n|-activate|p1a: Roaring Moon|move: Protect\n|-activate|p1b: Amoonguss|move: Protect\n|\n|-damage|p1b: Amoonguss|77\/100 brn|[from] brn\n|-fieldend|move: Trick Room\n|upkeep\n|turn|6\n|\n|t:|1699899147\n|move|p1a: Roaring Moon|Acrobatics|p2a: Farigiraf\n|-damage|p2a: Farigiraf|31\/100 slp\n|move|p2b: Heatran|Earth Power|p1b: Amoonguss\n|-damage|p1b: Amoonguss|47\/100 brn\n|move|p1b: Amoonguss|Spore|p2b: Heatran\n|-status|p2b: Heatran|slp|[from] move: Spore\n|-curestatus|p2a: Farigiraf|slp|[msg]\n|move|p2a: Farigiraf|Trick Room|p2a: Farigiraf\n|-fieldstart|move: Trick Room|[of] p2a: Farigiraf\n|\n|-damage|p1b: Amoonguss|41\/100 brn|[from] brn\n|upkeep\n|turn|7\n|\n|t:|1699899165\n|move|p1b: Amoonguss|Spore|p2a: Farigiraf\n|-status|p2a: Farigiraf|slp|[from] move: Spore\n|cant|p2a: Farigiraf|slp\n|cant|p2b: Heatran|slp\n|move|p1a: Roaring Moon|Knock Off|p2b: Heatran\n|-damage|p2b: Heatran|0 fnt\n|faint|p2b: Heatran\n|\n|-damage|p1b: Amoonguss|35\/100 brn|[from] brn\n|upkeep\n|\n|t:|1699899167\n|switch|p2b: Ursaluna|Ursaluna-Bloodmoon, L50, M|100\/100\n|turn|8\n|\n|t:|1699899178\n|move|p1b: Amoonguss|Spore|p2b: Ursaluna\n|-status|p2b: Ursaluna|slp|[from] move: Spore\n|cant|p2b: Ursaluna|slp\n|cant|p2a: Farigiraf|slp\n|move|p1a: Roaring Moon|Acrobatics|p2a: Farigiraf\n|-damage|p2a: Farigiraf|0 fnt\n|faint|p2a: Farigiraf\n|\n|-damage|p1b: Amoonguss|29\/100 brn|[from] brn\n|upkeep\n|turn|9\n|c|\u2606Ester98|this is definetely an amoonguss moment\n|-message|PokeKidMax forfeited.\n|\n|win|Ester98\n|n|\u2606Ester98|ester98\n|n|\u2606PokeKidMax|pokekidmax\n|n| rulrus|rulrus\n|l|\u2606PokeKidMax\n","uploadtime":1699899209,"views":25,"p1id":"ester98","p2id":"pokekidmax","formatid":"gen9vgc2023regulatione","rating":0,"private":0,"password":""}