{"id":"gen9vgc2023regulatione-1993859042","p1":"20181175g","p2":"Drewilliams10","format":"[Gen 9] VGC 2023 Regulation E","log":"|j|\u260620181175g\n|j|\u2606Drewilliams10\n|t:|1700366296\n|gametype|doubles\n|player|p1|20181175g|170|1175\n|player|p2|Drewilliams10|shadowtriad|1169\n|teamsize|p1|6\n|teamsize|p2|6\n|gen|9\n|tier|[Gen 9] VGC 2023 Regulation E\n|rated|\n|rule|Species Clause: Limit one of each Pok\u00e9mon\n|rule|Item Clause: Limit one of each item\n|clearpoke\n|poke|p1|Urshifu-*, L50, M|\n|poke|p1|Sylveon, L50, M|\n|poke|p1|Landorus-Therian, L50, M|\n|poke|p1|Gholdengo, L50|\n|poke|p1|Tornadus, L50, M|\n|poke|p1|Chien-Pao, L50|\n|poke|p2|Ogerpon-Hearthflame, L50, F|\n|poke|p2|Gyarados, L50, F|\n|poke|p2|Rillaboom, L50, F|\n|poke|p2|Tornadus, L50, M|\n|poke|p2|Iron Hands, L50|\n|poke|p2|Gholdengo, L50|\n|teampreview|4\n|\n|t:|1700366311\n|start\n|switch|p1a: Urshifu|Urshifu-Rapid-Strike, L50, M|100\/100\n|switch|p1b: Tornadus|Tornadus, L50, M|100\/100\n|switch|p2a: Tornadus|Tornadus, L50, M|100\/100\n|switch|p2b: Iron Hands|Iron Hands, L50|100\/100\n|turn|1\n|\n|t:|1700366348\n|move|p1b: Tornadus|Tailwind|p1b: Tornadus\n|-sidestart|p1: 20181175g|move: Tailwind\n|move|p2a: Tornadus|Tailwind|p2a: Tornadus\n|-sidestart|p2: Drewilliams10|move: Tailwind\n|move|p1a: Urshifu|Ice Spinner|p2a: Tornadus\n|-supereffective|p2a: Tornadus\n|-damage|p2a: Tornadus|40\/100\n|move|p2b: Iron Hands|Wild Charge|p1b: Tornadus\n|-supereffective|p1b: Tornadus\n|-damage|p1b: Tornadus|0 fnt\n|faint|p1b: Tornadus\n|-damage|p2b: Iron Hands|83\/100|[from] Recoil\n|\n|upkeep\n|\n|t:|1700366364\n|switch|p1b: Sylveon|Sylveon, L50, M, shiny|100\/100\n|turn|2\n|\n|t:|1700366385\n|-terastallize|p2b: Iron Hands|Fire\n|move|p1a: Urshifu|Surging Strikes|p2b: Iron Hands\n|-supereffective|p2b: Iron Hands\n|-crit|p2b: Iron Hands\n|-damage|p2b: Iron Hands|48\/100\n|-supereffective|p2b: Iron Hands\n|-crit|p2b: Iron Hands\n|-damage|p2b: Iron Hands|19\/100\n|-supereffective|p2b: Iron Hands\n|-crit|p2b: Iron Hands\n|-damage|p2b: Iron Hands|0 fnt\n|faint|p2b: Iron Hands\n|-end|p2b: Iron Hands|Quark Drive|[silent]\n|-hitcount|p2: Iron Hands|3\n|move|p2a: Tornadus|Bleakwind Storm|p1b: Sylveon|[spread] p1a\n|-miss|p2a: Tornadus|p1b: Sylveon\n|-supereffective|p1a: Urshifu\n|-damage|p1a: Urshifu|19\/100\n|move|p1b: Sylveon|Hyper Voice|p2a: Tornadus\n|-damage|p2a: Tornadus|0 fnt\n|faint|p2a: Tornadus\n|-enditem|p1b: Sylveon|Throat Spray\n|-boost|p1b: Sylveon|spa|1|[from] item: Throat Spray\n|\n|upkeep\n|\n|t:|1700366391\n|switch|p2a: Gholdengo|Gholdengo, L50|100\/100\n|switch|p2b: Ogerpon|Ogerpon-Hearthflame, L50, F|100\/100\n|-ability|p2b: Ogerpon|Mold Breaker\n|turn|3\n|\n|t:|1700366422\n|-terastallize|p1b: Sylveon|Fire\n|move|p2b: Ogerpon|Horn Leech|p1a: Urshifu\n|-supereffective|p1a: Urshifu\n|-damage|p1a: Urshifu|0 fnt\n|faint|p1a: Urshifu\n|move|p2a: Gholdengo|Make It Rain|p1b: Sylveon\n|-resisted|p1b: Sylveon\n|-damage|p1b: Sylveon|69\/100\n|-unboost|p2a: Gholdengo|spa|1\n|move|p1b: Sylveon|Hyper Voice|p2a: Gholdengo|[spread] p2a,p2b\n|-resisted|p2a: Gholdengo\n|-resisted|p2b: Ogerpon\n|-damage|p2a: Gholdengo|72\/100\n|-damage|p2b: Ogerpon|72\/100\n|\n|upkeep\n|\n|t:|1700366438\n|switch|p1a: Gholdengo|Gholdengo, L50|100\/100\n|turn|4\n|\n|t:|1700366447\n|move|p2b: Ogerpon|Stomping Tantrum|p1b: Sylveon\n|-supereffective|p1b: Sylveon\n|-damage|p1b: Sylveon|11\/100\n|move|p2a: Gholdengo|Make It Rain|p1b: Sylveon|[spread] p1a,p1b\n|-resisted|p1a: Gholdengo\n|-resisted|p1b: Sylveon\n|-damage|p1a: Gholdengo|75\/100\n|-damage|p1b: Sylveon|0 fnt\n|-unboost|p2a: Gholdengo|spa|1\n|faint|p1b: Sylveon\n|move|p1a: Gholdengo|Shadow Ball|p2a: Gholdengo\n|-supereffective|p2a: Gholdengo\n|-damage|p2a: Gholdengo|0 fnt\n|faint|p2a: Gholdengo\n|\n|-sideend|p2: Drewilliams10|move: Tailwind\n|-sideend|p1: 20181175g|move: Tailwind\n|upkeep\n|turn|5\n|\n|t:|1700366466\n|move|p2b: Ogerpon|Ivy Cudgel|p1a: Gholdengo|[anim] Ivy Cudgel Fire\n|-supereffective|p1a: Gholdengo\n|-damage|p1a: Gholdengo|0 fnt\n|faint|p1a: Gholdengo\n|\n|win|Drewilliams10\n|raw|20181175g's rating: 1175 &rarr; <strong>1150<\/strong><br \/>(-25 for losing)\n|raw|Drewilliams10's rating: 1169 &rarr; <strong>1194<\/strong><br \/>(+25 for winning)\n|l|\u260620181175g\n","uploadtime":1700366475,"views":9,"p1id":"20181175g","p2id":"drewilliams10","formatid":"gen9vgc2023regulatione","rating":1150,"private":0,"password":""}