{"id":"gen9vgc2023regulatione-1995607143","p1":"TheDovahkriid","p2":"secretstudent","format":"[Gen 9] VGC 2023 Regulation E","log":"|j|\u2606TheDovahkriid\n|j|\u2606secretstudent\n|t:|1700587005\n|gametype|doubles\n|player|p1|TheDovahkriid|swimmerf|1055\n|player|p2|secretstudent|beauty|1091\n|teamsize|p1|6\n|teamsize|p2|6\n|gen|9\n|tier|[Gen 9] VGC 2023 Regulation E\n|rated|\n|rule|Species Clause: Limit one of each Pok\u00e9mon\n|rule|Item Clause: Limit one of each item\n|clearpoke\n|poke|p1|Chi-Yu, L50|\n|poke|p1|Indeedee-F, L50, F|\n|poke|p1|Torkoal, L50, F|\n|poke|p1|Ogerpon-Cornerstone, L50, F|\n|poke|p1|Flutter Mane, L50|\n|poke|p1|Chien-Pao, L50|\n|poke|p2|Chien-Pao, L50|\n|poke|p2|Amoonguss, L50, M|\n|poke|p2|Hatterene, L50, F|\n|poke|p2|Gyarados, L50, M|\n|poke|p2|Volcarona, L50, F|\n|poke|p2|Ogerpon, L50, F|\n|teampreview|4\n|\n|t:|1700587042\n|start\n|switch|p1a: Chi-Yu|Chi-Yu, L50|100\/100\n|switch|p1b: Indeedee|Indeedee-F, L50, F, shiny|100\/100\n|switch|p2a: Gyarados|Gyarados, L50, M|100\/100\n|switch|p2b: Amoonguss|Amoonguss, L50, M|100\/100\n|-ability|p1a: Chi-Yu|Beads of Ruin\n|-ability|p2a: Gyarados|Intimidate|boost\n|-unboost|p1a: Chi-Yu|atk|1\n|-unboost|p1b: Indeedee|atk|1\n|-fieldstart|move: Psychic Terrain|[from] ability: Psychic Surge|[of] p1b: Indeedee\n|turn|1\n|\n|t:|1700587092\n|-terastallize|p2b: Amoonguss|Water\n|move|p1b: Indeedee|Helping Hand|p1a: Chi-Yu\n|-singleturn|p1a: Chi-Yu|Helping Hand|[of] p1b: Indeedee\n|move|p1a: Chi-Yu|Heat Wave|p2a: Gyarados|[spread] p2b\n|-miss|p1a: Chi-Yu|p2a: Gyarados\n|-resisted|p2b: Amoonguss\n|-damage|p2b: Amoonguss|48\/100\n|move|p2a: Gyarados|Waterfall|p1a: Chi-Yu\n|-supereffective|p1a: Chi-Yu\n|-damage|p1a: Chi-Yu|0 fnt\n|faint|p1a: Chi-Yu\n|move|p2b: Amoonguss|Spore|p1b: Indeedee\n|-status|p1b: Indeedee|slp|[from] move: Spore\n|\n|upkeep\n|\n|t:|1700587130\n|switch|p1a: Ogerpon|Ogerpon-Cornerstone, L50, F|100\/100\n|turn|2\n|\n|t:|1700587148\n|switch|p2b: Ogerpon|Ogerpon, L50, F|100\/100\n|-terastallize|p1a: Ogerpon|Rock\n|detailschange|p1a: Ogerpon|Ogerpon-Cornerstone-Tera, L50, F, tera:Rock\n|-ability|p1a: Ogerpon|Embody Aspect (Cornerstone)|boost\n|-boost|p1a: Ogerpon|def|1\n|cant|p1b: Indeedee|slp\n|move|p1a: Ogerpon|Ivy Cudgel|p2a: Gyarados|[anim] Ivy Cudgel Rock\n|-supereffective|p2a: Gyarados\n|-crit|p2a: Gyarados\n|-damage|p2a: Gyarados|0 fnt\n|faint|p2a: Gyarados\n|\n|upkeep\n|\n|t:|1700587159\n|switch|p2a: Amoonguss|Amoonguss, L50, M, tera:Water|81\/100\n|turn|3\n|\n|t:|1700587176\n|-curestatus|p1b: Indeedee|slp|[msg]\n|move|p1b: Indeedee|Follow Me|p1b: Indeedee\n|-singleturn|p1b: Indeedee|move: Follow Me\n|move|p2a: Amoonguss|Rage Powder|p2a: Amoonguss\n|-singleturn|p2a: Amoonguss|move: Rage Powder\n|move|p2b: Ogerpon|Ivy Cudgel|p1b: Indeedee\n|-damage|p1b: Indeedee|34\/100\n|-enditem|p1b: Indeedee|Sitrus Berry|[eat]\n|-heal|p1b: Indeedee|59\/100|[from] item: Sitrus Berry\n|-damage|p2b: Ogerpon|91\/100|[from] item: Life Orb\n|move|p1a: Ogerpon|Power Whip|p2a: Amoonguss\n|-supereffective|p2a: Amoonguss\n|-damage|p2a: Amoonguss|0 fnt\n|faint|p2a: Amoonguss\n|\n|upkeep\n|\n|t:|1700587187\n|switch|p2a: Volcarona|Volcarona, L50, F|100\/100\n|turn|4\n|\n|t:|1700587200\n|move|p2b: Ogerpon|Follow Me|p2b: Ogerpon\n|-singleturn|p2b: Ogerpon|move: Follow Me\n|move|p1b: Indeedee|Follow Me|p1b: Indeedee\n|-singleturn|p1b: Indeedee|move: Follow Me\n|move|p1a: Ogerpon|Ivy Cudgel|p2b: Ogerpon|[anim] Ivy Cudgel Rock\n|-damage|p2b: Ogerpon|0 fnt\n|faint|p2b: Ogerpon\n|move|p2a: Volcarona|Quiver Dance|p2a: Volcarona\n|-boost|p2a: Volcarona|spa|1\n|-boost|p2a: Volcarona|spd|1\n|-boost|p2a: Volcarona|spe|1\n|\n|upkeep\n|turn|5\n|\n|t:|1700587211\n|move|p1b: Indeedee|Follow Me|p1b: Indeedee\n|-singleturn|p1b: Indeedee|move: Follow Me\n|move|p2a: Volcarona|Giga Drain|p1b: Indeedee\n|-damage|p1b: Indeedee|25\/100\n|move|p1a: Ogerpon|Ivy Cudgel|p2a: Volcarona|[anim] Ivy Cudgel Rock\n|-supereffective|p2a: Volcarona\n|-damage|p2a: Volcarona|0 fnt\n|faint|p2a: Volcarona\n|\n|win|TheDovahkriid\n|raw|TheDovahkriid's rating: 1055 &rarr; <strong>1090<\/strong><br \/>(+35 for winning)\n|raw|secretstudent's rating: 1091 &rarr; <strong>1065<\/strong><br \/>(-26 for losing)\n|c|\u2606TheDovahkriid|gg\n|c|\u2606secretstudent|gg wp\n|l|\u2606TheDovahkriid\n","uploadtime":1700587224,"views":0,"p1id":"thedovahkriid","p2id":"secretstudent","formatid":"gen9vgc2023regulatione","rating":1065,"private":0,"password":""}