{"id":"gen9vgc2023regulatione-1995890643","p1":"elmeg","p2":"Midnight Meow","format":"[Gen 9] VGC 2023 Regulation E","log":"|j|\u2606elmeg\n|j|\u2606Midnight Meow\n|t:|1700614117\n|gametype|doubles\n|player|p1|elmeg|li|1027\n|player|p2|Midnight Meow|266|1048\n|teamsize|p1|6\n|teamsize|p2|6\n|gen|9\n|tier|[Gen 9] VGC 2023 Regulation E\n|rated|\n|rule|Species Clause: Limit one of each Pok\u00e9mon\n|rule|Item Clause: Limit one of each item\n|clearpoke\n|poke|p1|Garganacl, L50, F|\n|poke|p1|Rillaboom, L50, M|\n|poke|p1|Basculegion, L50, M|\n|poke|p1|Flutter Mane, L50|\n|poke|p1|Roaring Moon, L50|\n|poke|p1|Cresselia, L50, F|\n|poke|p2|Munkidori, L50, M|\n|poke|p2|Landorus-Therian, L50, M|\n|poke|p2|Scizor, L50, F|\n|poke|p2|Ogerpon-Wellspring, L50, F|\n|poke|p2|Moltres-Galar, L50|\n|poke|p2|Spectrier, L50|\n|teampreview|4\n|inactive|Battle timer is ON: inactive players will automatically lose when time's up. (requested by elmeg)\n|inactive|Midnight Meow has 60 seconds left.\n|\n|t:|1700614171\n|start\n|switch|p1a: Rick|Garganacl, L50, F, shiny|100\/100\n|switch|p1b: The Howling|Cresselia, L50, F, shiny|100\/100\n|switch|p2a: Munkidori|Munkidori, L50, M|100\/100\n|switch|p2b: Moltres|Moltres-Galar, L50|100\/100\n|turn|1\n|inactive|Midnight Meow has 30 seconds left.\n|inactive|Midnight Meow has 20 seconds left.\n|\n|t:|1700614209\n|switch|p1b: Elmeg|Roaring Moon, L50, shiny|100\/100\n|-enditem|p1b: Elmeg|Booster Energy\n|-activate|p1b: Elmeg|ability: Protosynthesis|[fromitem]\n|-start|p1b: Elmeg|protosynthesisatk\n|move|p2a: Munkidori|Fake Out|p1b: Elmeg\n|-damage|p1b: Elmeg|92\/100\n|move|p2b: Moltres|Nasty Plot|p2b: Moltres\n|-boost|p2b: Moltres|spa|2\n|move|p1a: Rick|Salt Cure|p2b: Moltres\n|-supereffective|p2b: Moltres\n|-damage|p2b: Moltres|76\/100\n|-start|p2b: Moltres|Salt Cure\n|\n|-damage|p2b: Moltres|64\/100|[from] Salt Cure\n|upkeep\n|turn|2\n|inactive|Midnight Meow has 30 seconds left.\n|inactive|Midnight Meow has 20 seconds left.\n|\n|t:|1700614246\n|switch|p2a: Landorus|Landorus-Therian, L50, M|100\/100\n|-ability|p2a: Landorus|Intimidate|boost\n|-unboost|p1a: Rick|atk|1\n|-unboost|p1b: Elmeg|atk|1\n|move|p1b: Elmeg|Protect|p1b: Elmeg\n|-singleturn|p1b: Elmeg|Protect\n|move|p2b: Moltres|Fiery Wrath|p1b: Elmeg|[spread] p1a\n|-activate|p1b: Elmeg|move: Protect\n|-damage|p1a: Rick|67\/100\n|move|p1a: Rick|Salt Cure|p2a: Landorus\n|-damage|p2a: Landorus|91\/100\n|-start|p2a: Landorus|Salt Cure\n|\n|-heal|p1a: Rick|72\/100|[from] item: Leftovers\n|-damage|p2a: Landorus|78\/100|[from] Salt Cure\n|-damage|p2b: Moltres|52\/100|[from] Salt Cure\n|upkeep\n|turn|3\n|inactive|Midnight Meow has 30 seconds left.\n|\n|t:|1700614277\n|-end|p1b: Elmeg|Protosynthesis|[silent]\n|switch|p1b: The Howling|Cresselia, L50, F, shiny|100\/100\n|move|p1a: Rick|Protect|p1a: Rick\n|-singleturn|p1a: Rick|Protect\n|move|p2a: Landorus|Stomping Tantrum|p1a: Rick\n|-activate|p1a: Rick|move: Protect\n|move|p2b: Moltres|Tailwind|p2b: Moltres\n|-sidestart|p2: Midnight Meow|move: Tailwind\n|\n|-heal|p1a: Rick|78\/100|[from] item: Leftovers\n|-damage|p2a: Landorus|66\/100|[from] Salt Cure\n|-damage|p2b: Moltres|39\/100|[from] Salt Cure\n|upkeep\n|-enditem|p2b: Moltres|Sitrus Berry|[eat]\n|-heal|p2b: Moltres|64\/100|[from] item: Sitrus Berry\n|turn|4\n|inactive|elmeg has 30 seconds left.\n|\n|t:|1700614304\n|switch|p1a: Elmeg|Roaring Moon, L50, shiny|92\/100\n|move|p2a: Landorus|Stomping Tantrum|p1a: Elmeg\n|-damage|p1a: Elmeg|38\/100\n|move|p2b: Moltres|Fiery Wrath|p1a: Elmeg|[spread] p1a,p1b\n|-resisted|p1a: Elmeg\n|-supereffective|p1b: The Howling\n|-damage|p1a: Elmeg|10\/100\n|-damage|p1b: The Howling|16\/100\n|move|p1b: The Howling|Ice Beam|p2b: Moltres\n|-supereffective|p2b: Moltres\n|-damage|p2b: Moltres|31\/100\n|-status|p2b: Moltres|frz\n|-ability|p2b: Moltres|Berserk|boost\n|-boost|p2b: Moltres|spa|1\n|\n|-damage|p2a: Landorus|54\/100|[from] Salt Cure\n|-damage|p2b: Moltres|18\/100 frz|[from] Salt Cure\n|upkeep\n|turn|5\n|\n|t:|1700614328\n|move|p1b: The Howling|Ally Switch|p1b: The Howling\n|swap|p1b: The Howling|0|[from] move: Ally Switch\n|move|p2a: Landorus|Stomping Tantrum|p1b: Elmeg\n|-damage|p1b: Elmeg|0 fnt\n|faint|p1b: Elmeg\n|-end|p1b: Elmeg|Protosynthesis|[silent]\n|-curestatus|p2b: Moltres|frz|[msg]\n|move|p2b: Moltres|Fiery Wrath|p1a: The Howling\n|-supereffective|p1a: The Howling\n|-damage|p1a: The Howling|0 fnt\n|faint|p1a: The Howling\n|\n|-damage|p2a: Landorus|42\/100|[from] Salt Cure\n|-damage|p2b: Moltres|6\/100|[from] Salt Cure\n|upkeep\n|-message|elmeg forfeited.\n|\n|win|Midnight Meow\n|raw|elmeg's rating: 1027 &rarr; <strong>1014<\/strong><br \/>(-13 for losing)\n|raw|Midnight Meow's rating: 1048 &rarr; <strong>1079<\/strong><br \/>(+31 for winning)\n|l|\u2606elmeg\n","uploadtime":1700614378,"views":19,"p1id":"elmeg","p2id":"midnightmeow","formatid":"gen9vgc2023regulatione","rating":1014,"private":0,"password":""}