{"id":"gen9vgc2023regulatione-1994979868","p1":"sobablue","p2":"svn712","format":"[Gen 9] VGC 2023 Regulation E","log":"|j|\u2606sobablue\n|j|\u2606svn712\n|t:|1700510071\n|gametype|doubles\n|player|p1|sobablue|lady-gen4|1129\n|player|p2|svn712|lady|1113\n|teamsize|p1|6\n|teamsize|p2|6\n|gen|9\n|tier|[Gen 9] VGC 2023 Regulation E\n|rated|\n|rule|Species Clause: Limit one of each Pok\u00e9mon\n|rule|Item Clause: Limit one of each item\n|clearpoke\n|poke|p1|Arcanine-Hisui, L50, F|\n|poke|p1|Gholdengo, L50|\n|poke|p1|Rillaboom, L50, M|\n|poke|p1|Urshifu-*, L50, M|\n|poke|p1|Tornadus, L50, M|\n|poke|p1|Chien-Pao, L50|\n|poke|p2|Maushold-Four, L50|\n|poke|p2|Dragapult, L50, F|\n|poke|p2|Rabsca, L50, F|\n|poke|p2|Iron Hands, L50|\n|poke|p2|Sinistcha-Masterpiece, L50|\n|poke|p2|Ogerpon-Hearthflame, L50, F|\n|teampreview|4\n|inactive|Battle timer is ON: inactive players will automatically lose when time's up. (requested by svn712)\n|inactive|sobablue has 60 seconds left.\n|\n|t:|1700510108\n|start\n|switch|p1a: Arcanine|Arcanine-Hisui, L50, F, shiny|100\/100\n|switch|p1b: Chien-Pao|Chien-Pao, L50|100\/100\n|switch|p2a: Iron Hands|Iron Hands, L50|100\/100\n|switch|p2b: Ogerpon|Ogerpon-Hearthflame, L50, F|100\/100\n|-ability|p1b: Chien-Pao|Sword of Ruin\n|-ability|p2b: Ogerpon|Mold Breaker\n|-ability|p1a: Arcanine|Intimidate|boost\n|-unboost|p2a: Iron Hands|atk|1\n|-unboost|p2b: Ogerpon|atk|1\n|turn|1\n|inactive|sobablue has 30 seconds left.\n|inactive|svn712 has 30 seconds left.\n|inactive|svn712 has 20 seconds left.\n|inactive|svn712 has 15 seconds left.\n|inactive|sobablue has 20 seconds left.\n|\n|t:|1700510156\n|switch|p1a: Gholdengo|Gholdengo, L50|100\/100\n|move|p1b: Chien-Pao|Protect|p1b: Chien-Pao\n|-singleturn|p1b: Chien-Pao|Protect\n|move|p2a: Iron Hands|Fake Out|p1a: Gholdengo\n|-immune|p1a: Gholdengo\n|move|p2b: Ogerpon|Ivy Cudgel|p1b: Chien-Pao|[anim] Ivy Cudgel Fire\n|-activate|p1b: Chien-Pao|move: Protect\n|\n|upkeep\n|turn|2\n|\n|t:|1700510173\n|switch|p1b: Arcanine|Arcanine-Hisui, L50, F, shiny|100\/100\n|-ability|p1b: Arcanine|Intimidate|boost\n|-unboost|p2a: Iron Hands|atk|1\n|-unboost|p2b: Ogerpon|atk|1\n|-terastallize|p2b: Ogerpon|Fire\n|detailschange|p2b: Ogerpon|Ogerpon-Hearthflame-Tera, L50, F, tera:Fire\n|-ability|p2b: Ogerpon|Embody Aspect (Hearthflame)|boost\n|-boost|p2b: Ogerpon|atk|1\n|-terastallize|p1a: Gholdengo|Dragon\n|move|p2b: Ogerpon|Ivy Cudgel|p1a: Gholdengo|[anim] Ivy Cudgel Fire\n|-resisted|p1a: Gholdengo\n|-damage|p1a: Gholdengo|73\/100\n|move|p1a: Gholdengo|Nasty Plot|p1a: Gholdengo\n|-boost|p1a: Gholdengo|spa|2\n|move|p2a: Iron Hands|Drain Punch|p1b: Arcanine\n|-supereffective|p1b: Arcanine\n|-damage|p1b: Arcanine|40\/100\n|\n|-heal|p1a: Gholdengo|79\/100|[from] item: Leftovers\n|upkeep\n|turn|3\n|inactive|sobablue has 30 seconds left.\n|inactive|svn712 has 30 seconds left.\n|inactive|sobablue has 20 seconds left.\n|inactive|svn712 has 20 seconds left.\n|inactive|sobablue has 15 seconds left.\n|inactive|svn712 has 15 seconds left.\n|\n|t:|1700510217\n|switch|p2b: Dragapult|Dragapult, L50, F, shiny|100\/100\n|move|p1b: Arcanine|Head Smash|p2b: Dragapult\n|-damage|p2b: Dragapult|0 fnt\n|faint|p2b: Dragapult\n|-damage|p1b: Arcanine|0 fnt|[from] Recoil\n|faint|p1b: Arcanine\n|move|p1a: Gholdengo|Nasty Plot|p1a: Gholdengo\n|-boost|p1a: Gholdengo|spa|2\n|move|p2a: Iron Hands|Drain Punch|p1a: Gholdengo\n|-damage|p1a: Gholdengo|55\/100\n|\n|-heal|p1a: Gholdengo|61\/100|[from] item: Leftovers\n|upkeep\n|\n|t:|1700510238\n|switch|p2b: Ogerpon|Ogerpon-Hearthflame-Tera, L50, F, tera:Fire|100\/100\n|switch|p1b: Rillaboom|Rillaboom, L50, M|100\/100\n|-ability|p2b: Ogerpon|Embody Aspect (Hearthflame)|boost\n|-boost|p2b: Ogerpon|atk|1\n|-fieldstart|move: Grassy Terrain|[from] ability: Grassy Surge|[of] p1b: Rillaboom\n|turn|4\n|inactive|svn712 has 30 seconds left.\n|\n|t:|1700510272\n|move|p1b: Rillaboom|Fake Out|p2b: Ogerpon\n|-damage|p2b: Ogerpon|83\/100\n|cant|p2b: Ogerpon|flinch\n|move|p1a: Gholdengo|Shadow Ball|p2b: Ogerpon\n|-damage|p2b: Ogerpon|0 fnt\n|faint|p2b: Ogerpon\n|move|p2a: Iron Hands|Heavy Slam|p1b: Rillaboom\n|-crit|p1b: Rillaboom\n|-damage|p1b: Rillaboom|29\/100\n|\n|-heal|p1b: Rillaboom|34\/100|[from] Grassy Terrain\n|-heal|p1a: Gholdengo|67\/100|[from] Grassy Terrain\n|-heal|p1a: Gholdengo|73\/100|[from] item: Leftovers\n|upkeep\n|\n|t:|1700510279\n|switch|p2b: Sinistcha|Sinistcha-Masterpiece, L50, shiny|100\/100\n|turn|5\n|\n|t:|1700510297\n|move|p2b: Sinistcha|Rage Powder|p2b: Sinistcha\n|-singleturn|p2b: Sinistcha|move: Rage Powder\n|move|p1b: Rillaboom|High Horsepower|p2a: Iron Hands\n|-supereffective|p2a: Iron Hands\n|-damage|p2a: Iron Hands|59\/100\n|move|p1a: Gholdengo|Make It Rain|p2b: Sinistcha|[spread] p2a,p2b\n|-resisted|p2a: Iron Hands\n|-damage|p2a: Iron Hands|0 fnt\n|-damage|p2b: Sinistcha|0 fnt\n|-unboost|p1a: Gholdengo|spa|1\n|faint|p2a: Iron Hands\n|-end|p2a: Iron Hands|Quark Drive|[silent]\n|faint|p2b: Sinistcha\n|\n|win|sobablue\n|raw|sobablue's rating: 1129 &rarr; <strong>1153<\/strong><br \/>(+24 for winning)\n|raw|svn712's rating: 1113 &rarr; <strong>1089<\/strong><br \/>(-24 for losing)\n|l|\u2606svn712\n","uploadtime":1700510314,"views":22,"p1id":"sobablue","p2id":"svn712","formatid":"gen9vgc2023regulatione","rating":1089,"private":0,"password":""}