{"id":"gen9vgc2023regulatione-1990410122","p1":"Killcat94ki","p2":"PomegranateSparkle","format":"[Gen 9] VGC 2023 Regulation E","log":"|j|\u2606Killcat94ki\n|j|\u2606PomegranateSparkle\n|t:|1699968098\n|gametype|doubles\n|player|p1|Killcat94ki|170|1204\n|player|p2|PomegranateSparkle|sage|1215\n|teamsize|p1|6\n|teamsize|p2|6\n|gen|9\n|tier|[Gen 9] VGC 2023 Regulation E\n|rated|\n|rule|Species Clause: Limit one of each Pok\u00e9mon\n|rule|Item Clause: Limit one of each item\n|clearpoke\n|poke|p1|Volcarona, L50, M|\n|poke|p1|Flutter Mane, L50|\n|poke|p1|Ninetales-Alola, L50, F|\n|poke|p1|Ogerpon-Hearthflame, L50, F|\n|poke|p1|Tornadus, L50, M|\n|poke|p1|Iron Hands, L50|\n|poke|p2|Annihilape, L50, M|\n|poke|p2|Arcanine-Hisui, L50, F|\n|poke|p2|Iron Bundle, L50|\n|poke|p2|Ogerpon-Wellspring, L50, F|\n|poke|p2|Rillaboom, L50, F|\n|poke|p2|Gholdengo, L50|\n|teampreview|4\nKillcat94ki has agreed to open team sheets.\n|\n|t:|1699968135\n|start\n|switch|p1a: Tornadus|Tornadus, L50, M|100\/100\n|switch|p1b: Volcarona|Volcarona, L50, M|100\/100\n|switch|p2a: Iron Bundle|Iron Bundle, L50|100\/100\n|switch|p2b: Arcanine|Arcanine-Hisui, L50, F|100\/100\n|-ability|p2b: Arcanine|Intimidate|boost\n|-unboost|p1a: Tornadus|atk|1\n|-unboost|p1b: Volcarona|atk|1\n|-enditem|p2a: Iron Bundle|Booster Energy\n|-activate|p2a: Iron Bundle|ability: Quark Drive|[fromitem]\n|-start|p2a: Iron Bundle|quarkdrivespe\n|turn|1\n|inactive|Battle timer is ON: inactive players will automatically lose when time's up. (requested by Killcat94ki)\n|\n|t:|1699968154\n|-terastallize|p1b: Volcarona|Dragon\n|move|p1a: Tornadus|Tailwind|p1a: Tornadus\n|-sidestart|p1: Killcat94ki|move: Tailwind\n|move|p2a: Iron Bundle|Icy Wind|p1a: Tornadus|[spread] p1a,p1b\n|-supereffective|p1a: Tornadus\n|-supereffective|p1b: Volcarona\n|-damage|p1a: Tornadus|52\/100\n|-damage|p1b: Volcarona|63\/100\n|-unboost|p1a: Tornadus|spe|1\n|-unboost|p1b: Volcarona|spe|1\n|move|p1b: Volcarona|Quiver Dance|p1b: Volcarona\n|-boost|p1b: Volcarona|spa|1\n|-boost|p1b: Volcarona|spd|1\n|-boost|p1b: Volcarona|spe|1\n|move|p2b: Arcanine|Rock Slide|p1a: Tornadus|[spread] p1a,p1b\n|-supereffective|p1a: Tornadus\n|-crit|p1a: Tornadus\n|-damage|p1a: Tornadus|0 fnt\n|-damage|p1b: Volcarona|11\/100\n|faint|p1a: Tornadus\n|\n|-heal|p1b: Volcarona|17\/100|[from] item: Leftovers\n|upkeep\n|inactive|Killcat94ki has 30 seconds left.\n|\n|t:|1699968182\n|switch|p1a: Ogerpon|Ogerpon-Hearthflame, L50, F|100\/100\n|-ability|p1a: Ogerpon|Mold Breaker\n|turn|2\n|\n|t:|1699968198\n|move|p1b: Volcarona|Protect|p1b: Volcarona\n|-singleturn|p1b: Volcarona|Protect\n|move|p1a: Ogerpon|Horn Leech|p2a: Iron Bundle\n|-supereffective|p2a: Iron Bundle\n|-damage|p2a: Iron Bundle|23\/100\n|move|p2a: Iron Bundle|Icy Wind|p1a: Ogerpon|[spread] p1a\n|-activate|p1b: Volcarona|move: Protect\n|-damage|p1a: Ogerpon|81\/100\n|-unboost|p1a: Ogerpon|spe|1\n|move|p2b: Arcanine|Rock Slide|p1b: Volcarona|[spread] p1a\n|-activate|p1b: Volcarona|move: Protect\n|-supereffective|p1a: Ogerpon\n|-damage|p1a: Ogerpon|0 fnt\n|faint|p1a: Ogerpon\n|\n|-heal|p1b: Volcarona|22\/100|[from] item: Leftovers\n|upkeep\n|\n|t:|1699968220\n|switch|p1a: Iron Hands|Iron Hands, L50, shiny|100\/100\n|turn|3\n|\n|t:|1699968226\n|-terastallize|p2a: Iron Bundle|Ghost\n|move|p1a: Iron Hands|Fake Out|p2b: Arcanine\n|-resisted|p2b: Arcanine\n|-damage|p2b: Arcanine|94\/100\n|move|p2a: Iron Bundle|Icy Wind|p1a: Iron Hands|[spread] p1a,p1b\n|-supereffective|p1b: Volcarona\n|-crit|p1b: Volcarona\n|-damage|p1a: Iron Hands|90\/100\n|-damage|p1b: Volcarona|0 fnt\n|-unboost|p1a: Iron Hands|spe|1\n|faint|p1b: Volcarona\n|cant|p2b: Arcanine|flinch\n|\n|upkeep\n|turn|4\n|\n|t:|1699968245\n|move|p2a: Iron Bundle|Encore|p1a: Iron Hands\n|-start|p1a: Iron Hands|Encore\n|move|p1a: Iron Hands|Fake Out||[still]\n|-hint|Fake Out only works on your first turn out.\n|-fail|p1a: Iron Hands\n|move|p2b: Arcanine|Rock Slide|p1a: Iron Hands\n|-resisted|p1a: Iron Hands\n|-damage|p1a: Iron Hands|71\/100\n|\n|-sideend|p1: Killcat94ki|move: Tailwind\n|upkeep\n|turn|5\n|l|\u2606Killcat94ki\n|inactive|Killcat94ki disconnected and has a minute to reconnect!\n|player|p1|\n|inactive|Killcat94ki has 30 seconds left.\n|inactive|Killcat94ki has 20 seconds left.\n|inactive|Killcat94ki has 15 seconds left.\n|c|\u2606PomegranateSparkle|Boo\n|c|\u2606PomegranateSparkle|Come back\n|inactive|Killcat94ki has 10 seconds left.\n|inactive|Killcat94ki has 5 seconds left.\n|c|\u2606PomegranateSparkle|Finish your low ladder game like a man\n|-message|Killcat94ki lost due to inactivity.\n|\n|win|PomegranateSparkle\n|raw|Killcat94ki's rating: 1204 &rarr; <strong>1180<\/strong><br \/>(-24 for losing)\n|raw|PomegranateSparkle's rating: 1215 &rarr; <strong>1239<\/strong><br \/>(+24 for winning)\n","uploadtime":1699968341,"views":20,"p1id":"killcat94ki","p2id":"pomegranatesparkle","formatid":"gen9vgc2023regulatione","rating":1180,"private":0,"password":""}