{"id":"gen9vgc2023regulatione-1998702626","p1":"hdwyzdmszrj","p2":"That_Leek","format":"[Gen 9] VGC 2023 Regulation E","log":"|j|\u2606hdwyzdmszrj\n|j|\u2606That_Leek\n|t:|1700974808\n|gametype|doubles\n|player|p1|hdwyzdmszrj|bugcatcher-gen4dp|1464\n|player|p2|That_Leek|blue-masters|1545\n|teamsize|p1|6\n|teamsize|p2|6\n|gen|9\n|tier|[Gen 9] VGC 2023 Regulation E\n|rated|\n|rule|Species Clause: Limit one of each Pok\u00e9mon\n|rule|Item Clause: Limit one of each item\n|clearpoke\n|poke|p1|Mimikyu, L50, F|\n|poke|p1|Enamorus-Therian, L50, F|\n|poke|p1|Iron Hands, L50|\n|poke|p1|Dragonite, L50, M|\n|poke|p1|Overqwil, L50, F|\n|poke|p1|Sneasler, L50, F|\n|poke|p2|Gholdengo, L50|\n|poke|p2|Ogerpon-Wellspring, L50, F|\n|poke|p2|Arcanine-Hisui, L50, M|\n|poke|p2|Chien-Pao, L50|\n|poke|p2|Scream Tail, L50|\n|poke|p2|Dragonite, L50, F|\n|teampreview|4\nThat_Leek has agreed to open team sheets.\n|\n|t:|1700974824\n|start\n|switch|p1a: Mimikyu|Mimikyu, L50, F, shiny|100\/100\n|switch|p1b: Iron Hands|Iron Hands, L50, shiny|100\/100\n|switch|p2a: Scream Tail|Scream Tail, L50|100\/100\n|switch|p2b: Gholdengo|Gholdengo, L50|100\/100\n|-enditem|p2a: Scream Tail|Booster Energy\n|-activate|p2a: Scream Tail|ability: Protosynthesis|[fromitem]\n|-start|p2a: Scream Tail|protosynthesisspe\n|turn|1\n|\n|t:|1700974834\n|move|p2a: Scream Tail|Play Rough|p1a: Mimikyu\n|-activate|p1a: Mimikyu|ability: Disguise\n|-damage|p1a: Mimikyu|100\/100\n|detailschange|p1a: Mimikyu|Mimikyu-Busted, L50, F, shiny\n|-damage|p1a: Mimikyu|88\/100|[from] pokemon: Mimikyu-Busted\n|move|p2b: Gholdengo|Nasty Plot|p2b: Gholdengo\n|-boost|p2b: Gholdengo|spa|2\n|move|p1b: Iron Hands|Swords Dance|p1b: Iron Hands\n|-boost|p1b: Iron Hands|atk|2\n|move|p1a: Mimikyu|Trick Room|p1a: Mimikyu\n|-fieldstart|move: Trick Room|[of] p1a: Mimikyu\n|\n|upkeep\n|turn|2\n|\n|t:|1700974844\n|move|p2b: Gholdengo|Protect|p2b: Gholdengo\n|-singleturn|p2b: Gholdengo|Protect\n|move|p1a: Mimikyu|Shadow Sneak|p2b: Gholdengo\n|-activate|p2b: Gholdengo|move: Protect\n|move|p1b: Iron Hands|Earthquake|p2a: Scream Tail|[spread] p1a,p2a\n|-activate|p2b: Gholdengo|move: Protect\n|-crit|p1a: Mimikyu\n|-damage|p1a: Mimikyu|0 fnt\n|-damage|p2a: Scream Tail|64\/100\n|faint|p1a: Mimikyu\n|move|p2a: Scream Tail|Disable|p1b: Iron Hands\n|-start|p1b: Iron Hands|Disable|Earthquake\n|\n|upkeep\n|\n|t:|1700974847\n|switch|p1a: Enamorus|Enamorus-Therian, L50, F, shiny|100\/100\n|turn|3\n|\n|t:|1700974872\n|-terastallize|p2b: Gholdengo|Water\n|move|p1a: Enamorus|Earth Power|p2b: Gholdengo\n|-damage|p2b: Gholdengo|50\/100\n|-enditem|p2b: Gholdengo|Sitrus Berry|[eat]\n|-heal|p2b: Gholdengo|75\/100|[from] item: Sitrus Berry\n|-damage|p1a: Enamorus|91\/100|[from] item: Life Orb\n|move|p1b: Iron Hands|Ice Punch|p2b: Gholdengo\n|-resisted|p2b: Gholdengo\n|-damage|p2b: Gholdengo|50\/100\n|move|p2b: Gholdengo|Shadow Ball|p1b: Iron Hands\n|-damage|p1b: Iron Hands|40\/100\n|move|p2a: Scream Tail|Play Rough|p1b: Iron Hands\n|-supereffective|p1b: Iron Hands\n|-damage|p1b: Iron Hands|13\/100\n|\n|upkeep\n|turn|4\n|\n|t:|1700974883\n|move|p1a: Enamorus|Moonblast|p2b: Gholdengo\n|-damage|p2b: Gholdengo|0 fnt\n|faint|p2b: Gholdengo\n|-damage|p1a: Enamorus|81\/100|[from] item: Life Orb\n|move|p1b: Iron Hands|Ice Punch|p2a: Scream Tail\n|-damage|p2a: Scream Tail|27\/100\n|move|p2a: Scream Tail|Play Rough|p1b: Iron Hands\n|-supereffective|p1b: Iron Hands\n|-damage|p1b: Iron Hands|0 fnt\n|faint|p1b: Iron Hands\n|-end|p1b: Iron Hands|Quark Drive|[silent]\n|\n|upkeep\n|\n|t:|1700974888\n|switch|p1b: Overqwil|Overqwil, L50, F|100\/100\n|switch|p2b: Arcanine|Arcanine-Hisui, L50, M|100\/100\n|-ability|p1b: Overqwil|Intimidate|boost\n|-unboost|p2a: Scream Tail|atk|1\n|-unboost|p2b: Arcanine|atk|1\n|-ability|p2b: Arcanine|Intimidate|boost\n|-unboost|p1a: Enamorus|atk|1\n|-unboost|p1b: Overqwil|atk|1\n|turn|5\n|\n|t:|1700974894\n|switch|p2b: Dragonite|Dragonite, L50, F|100\/100\n|move|p1a: Enamorus|Earth Power|p2b: Dragonite\n|-immune|p2b: Dragonite\n|move|p1b: Overqwil|Poison Jab|p2a: Scream Tail\n|-supereffective|p2a: Scream Tail\n|-damage|p2a: Scream Tail|0 fnt\n|faint|p2a: Scream Tail\n|-end|p2a: Scream Tail|Protosynthesis|[silent]\n|\n|-fieldend|move: Trick Room\n|upkeep\n|\n|t:|1700974897\n|switch|p2a: Arcanine|Arcanine-Hisui, L50, M|100\/100\n|-ability|p2a: Arcanine|Intimidate|boost\n|-unboost|p1a: Enamorus|atk|1\n|-unboost|p1b: Overqwil|atk|1\n|turn|6\n|\n|t:|1700974906\n|-terastallize|p1a: Enamorus|Water\n|move|p2b: Dragonite|Extreme Speed|p1a: Enamorus\n|-damage|p1a: Enamorus|56\/100\n|move|p2a: Arcanine|Rock Slide|p1a: Enamorus|[spread] p1a\n|-miss|p2a: Arcanine|p1b: Overqwil\n|-damage|p1a: Enamorus|19\/100\n|move|p1b: Overqwil|Poison Jab|p2b: Dragonite\n|-damage|p2b: Dragonite|84\/100\n|move|p1a: Enamorus|Earth Power|p2a: Arcanine\n|-supereffective|p2a: Arcanine\n|-damage|p2a: Arcanine|0 fnt\n|faint|p2a: Arcanine\n|-damage|p1a: Enamorus|9\/100|[from] item: Life Orb\n|\n|upkeep\n|turn|7\n|\n|t:|1700974913\n|move|p2b: Dragonite|Extreme Speed|p1a: Enamorus\n|-damage|p1a: Enamorus|0 fnt\n|faint|p1a: Enamorus\n|move|p1b: Overqwil|Poison Jab|p2b: Dragonite\n|-damage|p2b: Dragonite|70\/100\n|-status|p2b: Dragonite|psn\n|\n|-damage|p2b: Dragonite|57\/100 psn|[from] psn\n|upkeep\n|turn|8\n|\n|t:|1700974916\n|move|p1b: Overqwil|Poison Jab|p2b: Dragonite\n|-damage|p2b: Dragonite|43\/100 psn\n|move|p2b: Dragonite|Stomping Tantrum|p1b: Overqwil\n|-supereffective|p1b: Overqwil\n|-damage|p1b: Overqwil|43\/100\n|\n|-damage|p2b: Dragonite|31\/100 psn|[from] psn\n|upkeep\n|turn|9\n|\n|t:|1700974922\n|move|p1b: Overqwil|Poison Jab|p2b: Dragonite\n|-damage|p2b: Dragonite|17\/100 psn\n|move|p2b: Dragonite|Stomping Tantrum|p1b: Overqwil\n|-supereffective|p1b: Overqwil\n|-damage|p1b: Overqwil|0 fnt\n|faint|p1b: Overqwil\n|\n|win|That_Leek\n|raw|hdwyzdmszrj's rating: 1464 &rarr; <strong>1449<\/strong><br \/>(-15 for losing)\n|raw|That_Leek's rating: 1545 &rarr; <strong>1560<\/strong><br \/>(+15 for winning)\n","uploadtime":1700974925,"views":3,"p1id":"hdwyzdmszrj","p2id":"thatleek","formatid":"gen9vgc2023regulatione","rating":1449,"private":0,"password":""}