{"id":"gen9vgc2023regulatione-2000650606","p1":"luis.hrivera","p2":"Steel_jugulis","format":"[Gen 9] VGC 2023 Regulation E","log":"|j|\u2606luis.hrivera\n|j|\u2606Steel_jugulis\n|t:|1701214604\n|gametype|doubles\n|player|p1|luis.hrivera|266|1512\n|player|p2|Steel_jugulis|101|1544\n|teamsize|p1|6\n|teamsize|p2|6\n|gen|9\n|tier|[Gen 9] VGC 2023 Regulation E\n|rated|\n|rule|Species Clause: Limit one of each Pok\u00e9mon\n|rule|Item Clause: Limit one of each item\n|clearpoke\n|poke|p1|Urshifu-*, L50, M|\n|poke|p1|Clefable, L50, F|\n|poke|p1|Talonflame, L50, M|\n|poke|p1|Cresselia, L50, F|\n|poke|p1|Iron Hands, L50|\n|poke|p1|Flutter Mane, L50|\n|poke|p2|Ogerpon-Wellspring, L50, F|\n|poke|p2|Tornadus, L50, M|\n|poke|p2|Urshifu-*, L50, F|\n|poke|p2|Chi-Yu, L50|\n|poke|p2|Regieleki, L50|\n|poke|p2|Flutter Mane, L50|\n|teampreview|4\nSteel_jugulis has agreed to open team sheets.\n|\n|t:|1701214650\n|start\n|switch|p1a: Talonflame|Talonflame, L50, M|100\/100\n|switch|p1b: Urshifu|Urshifu-Rapid-Strike, L50, M|100\/100\n|switch|p2a: Regieleki|Regieleki, L50|100\/100\n|switch|p2b: Chi-Yu|Chi-Yu, L50|100\/100\n|-ability|p2b: Chi-Yu|Beads of Ruin\n|turn|1\n|\n|t:|1701214689\n|switch|p2b: Ogerpon|Ogerpon-Wellspring, L50, F|100\/100\n|-terastallize|p1b: Urshifu|Water\n|move|p1a: Talonflame|Tailwind|p1a: Talonflame\n|-sidestart|p1: luis.hrivera|move: Tailwind\n|move|p1b: Urshifu|Surging Strikes|p2a: Regieleki\n|-crit|p2a: Regieleki\n|-damage|p2a: Regieleki|61\/100\n|-crit|p2a: Regieleki\n|-damage|p2a: Regieleki|20\/100\n|-crit|p2a: Regieleki\n|-damage|p2a: Regieleki|0 fnt\n|faint|p2a: Regieleki\n|-hitcount|p2: Regieleki|3\n|\n|upkeep\n|\n|t:|1701214712\n|switch|p2a: Chi-Yu|Chi-Yu, L50|100\/100\n|-ability|p2a: Chi-Yu|Beads of Ruin\n|turn|2\n|\n|t:|1701214733\n|move|p2b: Ogerpon|Spiky Shield|p2b: Ogerpon\n|-singleturn|p2b: Ogerpon|move: Protect\n|move|p1b: Urshifu|Surging Strikes|p2a: Chi-Yu\n|-supereffective|p2a: Chi-Yu\n|-crit|p2a: Chi-Yu\n|-damage|p2a: Chi-Yu|21\/100\n|-supereffective|p2a: Chi-Yu\n|-crit|p2a: Chi-Yu\n|-damage|p2a: Chi-Yu|0 fnt\n|faint|p2a: Chi-Yu\n|-hitcount|p2: Chi-Yu|2\n|move|p1a: Talonflame|Will-O-Wisp|p2b: Ogerpon\n|-activate|p2b: Ogerpon|move: Protect\n|\n|upkeep\n|\n|t:|1701214740\n|switch|p2a: Flutter Mane|Flutter Mane, L50|100\/100\n|turn|3\n|\n|t:|1701214754\n|-terastallize|p2a: Flutter Mane|Water\n|move|p1b: Urshifu|Surging Strikes|p2a: Flutter Mane\n|-resisted|p2a: Flutter Mane\n|-crit|p2a: Flutter Mane\n|-damage|p2a: Flutter Mane|77\/100\n|-resisted|p2a: Flutter Mane\n|-crit|p2a: Flutter Mane\n|-damage|p2a: Flutter Mane|57\/100\n|-resisted|p2a: Flutter Mane\n|-crit|p2a: Flutter Mane\n|-damage|p2a: Flutter Mane|35\/100\n|-hitcount|p2a: Flutter Mane|3\n|move|p1a: Talonflame|Will-O-Wisp|p2b: Ogerpon\n|-status|p2b: Ogerpon|brn\n|move|p2a: Flutter Mane|Shadow Ball|p1b: Urshifu\n|-damage|p1b: Urshifu|49\/100\n|move|p2b: Ogerpon|Ivy Cudgel|p1a: Talonflame|[anim] Ivy Cudgel Water\n|-supereffective|p1a: Talonflame\n|-crit|p1a: Talonflame\n|-enditem|p1a: Talonflame|Focus Sash\n|-damage|p1a: Talonflame|1\/100\n|\n|-heal|p2a: Flutter Mane|41\/100|[from] item: Leftovers\n|-damage|p2b: Ogerpon|94\/100 brn|[from] brn\n|upkeep\n|turn|4\n|\n|t:|1701214779\n|switch|p1a: Clefable|Clefable, L50, F|100\/100\n|move|p2b: Ogerpon|Follow Me|p2b: Ogerpon\n|-singleturn|p2b: Ogerpon|move: Follow Me\n|move|p1b: Urshifu|Surging Strikes|p2b: Ogerpon\n|-heal|p2b: Ogerpon|100\/100 brn|[from] ability: Water Absorb|[of] p1b: Urshifu\n|move|p2a: Flutter Mane|Dazzling Gleam|p1a: Clefable|[spread] p1a,p1b\n|-damage|p1a: Clefable|73\/100\n|-damage|p1b: Urshifu|11\/100\n|\n|-heal|p2a: Flutter Mane|47\/100|[from] item: Leftovers\n|-damage|p2b: Ogerpon|94\/100 brn|[from] brn\n|-sideend|p1: luis.hrivera|move: Tailwind\n|upkeep\n|turn|5\n|\n|t:|1701214818\n|move|p1b: Urshifu|Surging Strikes|p2a: Flutter Mane\n|-resisted|p2a: Flutter Mane\n|-crit|p2a: Flutter Mane\n|-damage|p2a: Flutter Mane|27\/100\n|-resisted|p2a: Flutter Mane\n|-crit|p2a: Flutter Mane\n|-damage|p2a: Flutter Mane|7\/100\n|-resisted|p2a: Flutter Mane\n|-crit|p2a: Flutter Mane\n|-damage|p2a: Flutter Mane|0 fnt\n|faint|p2a: Flutter Mane\n|-end|p2a: Flutter Mane|Protosynthesis|[silent]\n|-hitcount|p2: Flutter Mane|3\n|move|p2b: Ogerpon|Ivy Cudgel|p1a: Clefable|[anim] Ivy Cudgel Water\n|-damage|p1a: Clefable|48\/100\n|move|p1a: Clefable|Life Dew|p1a: Clefable|[spread] p1a,p1b\n|-heal|p1a: Clefable|73\/100\n|-heal|p1b: Urshifu|36\/100\n|\n|-damage|p2b: Ogerpon|88\/100 brn|[from] brn\n|upkeep\n|turn|6\n|\n|t:|1701214839\n|switch|p1b: Talonflame|Talonflame, L50, M|1\/100\n|move|p2b: Ogerpon|Horn Leech|p1b: Talonflame\n|-resisted|p1b: Talonflame\n|-damage|p1b: Talonflame|0 fnt\n|-heal|p2b: Ogerpon|89\/100 brn|[from] drain|[of] p1b: Talonflame\n|faint|p1b: Talonflame\n|move|p1a: Clefable|Life Dew|p1a: Clefable\n|-heal|p1a: Clefable|99\/100\n|\n|-damage|p2b: Ogerpon|83\/100 brn|[from] brn\n|upkeep\n|\n|t:|1701214850\n|switch|p1b: Urshifu|Urshifu-Rapid-Strike, L50, M, tera:Water|36\/100\n|turn|7\n|\n|t:|1701214859\n|move|p1a: Clefable|Follow Me|p1a: Clefable\n|-singleturn|p1a: Clefable|move: Follow Me\n|move|p1b: Urshifu|U-turn|p2b: Ogerpon\n|-supereffective|p2b: Ogerpon\n|-damage|p2b: Ogerpon|20\/100 brn\n|\n|t:|1701214864\n|switch|p1b: Iron Hands|Iron Hands, L50|100\/100|[from] U-turn\n|move|p2b: Ogerpon|Horn Leech|p1a: Clefable\n|-damage|p1a: Clefable|79\/100\n|-heal|p2b: Ogerpon|31\/100 brn|[from] drain|[of] p1a: Clefable\n|\n|-damage|p2b: Ogerpon|25\/100 brn|[from] brn\n|upkeep\n|turn|8\n|\n|t:|1701214872\n|move|p1a: Clefable|Follow Me|p1a: Clefable\n|-singleturn|p1a: Clefable|move: Follow Me\n|move|p2b: Ogerpon|Horn Leech|p1a: Clefable\n|-damage|p1a: Clefable|61\/100\n|-heal|p2b: Ogerpon|35\/100 brn|[from] drain|[of] p1a: Clefable\n|move|p1b: Iron Hands|Belly Drum|p1b: Iron Hands\n|-damage|p1b: Iron Hands|51\/100\n|-setboost|p1b: Iron Hands|atk|6|[from] move: Belly Drum\n|\n|-damage|p2b: Ogerpon|29\/100 brn|[from] brn\n|upkeep\n|turn|9\n|\n|t:|1701214883\n|move|p1b: Iron Hands|Protect|p1b: Iron Hands\n|-singleturn|p1b: Iron Hands|Protect\n|move|p2b: Ogerpon|Ivy Cudgel|p1b: Iron Hands|[anim] Ivy Cudgel Water\n|-activate|p1b: Iron Hands|move: Protect\n|move|p1a: Clefable|Life Dew|p1a: Clefable|[spread] p1a,p1b\n|-heal|p1a: Clefable|87\/100\n|-heal|p1b: Iron Hands|76\/100\n|\n|-damage|p2b: Ogerpon|22\/100 brn|[from] brn\n|upkeep\n|turn|10\n|\n|t:|1701214893\n|move|p1a: Clefable|Follow Me|p1a: Clefable\n|-singleturn|p1a: Clefable|move: Follow Me\n|move|p2b: Ogerpon|Ivy Cudgel|p1a: Clefable|[anim] Ivy Cudgel Water\n|-damage|p1a: Clefable|61\/100\n|move|p1b: Iron Hands|Earthquake|p2b: Ogerpon|[spread] p1a,p2b\n|-resisted|p2b: Ogerpon\n|-damage|p1a: Clefable|43\/100\n|-damage|p2b: Ogerpon|0 fnt\n|faint|p2b: Ogerpon\n|-heal|p1b: Iron Hands|80\/100|[from] item: Shell Bell|[of] p2: Ogerpon\n|\n|win|luis.hrivera\n|raw|luis.hrivera's rating: 1512 &rarr; <strong>1534<\/strong><br \/>(+22 for winning)\n|raw|Steel_jugulis's rating: 1544 &rarr; <strong>1522<\/strong><br \/>(-22 for losing)\n","uploadtime":1701214903,"views":15,"p1id":"luishrivera","p2id":"steeljugulis","formatid":"gen9vgc2023regulatione","rating":1522,"private":0,"password":""}