{"id":"gen9vgc2023regulatione-1988752974","p1":"olivermaul","p2":"YoeyGaming","format":"[Gen 9] VGC 2023 Regulation E","log":"|j|\u2606olivermaul\n|j|\u2606YoeyGaming\n|t:|1699758681\n|gametype|doubles\n|player|p1|olivermaul|brawly|1112\n|player|p2|YoeyGaming|wattson|1000\n|teamsize|p1|6\n|teamsize|p2|6\n|gen|9\n|tier|[Gen 9] VGC 2023 Regulation E\n|rated|\n|rule|Species Clause: Limit one of each Pok\u00e9mon\n|rule|Item Clause: Limit one of each item\n|clearpoke\n|poke|p1|Tornadus, L50, M|\n|poke|p1|Ogerpon-Wellspring, L50, F|\n|poke|p1|Arcanine-Hisui, L50, M|\n|poke|p1|Scream Tail, L50|\n|poke|p1|Sylveon, L50, M|\n|poke|p1|Urshifu-*, L50, F|\n|poke|p2|Ogerpon-Hearthflame, L50, F|\n|poke|p2|Ursaluna-Bloodmoon, L50, M|\n|poke|p2|Milotic, L50, F|\n|poke|p2|Flutter Mane, L50|\n|poke|p2|Bronzong, L50|\n|poke|p2|Chien-Pao, L50|\n|teampreview|4\n|\n|t:|1699758721\n|start\n|switch|p1a: Urshifu|Urshifu, L50, F|100\/100\n|switch|p1b: Tornadus|Tornadus, L50, M|100\/100\n|switch|p2a: Bronzong|Bronzong, L50|100\/100\n|switch|p2b: Ursaluna|Ursaluna-Bloodmoon, L50, M|100\/100\n|turn|1\n|\n|t:|1699758740\n|-terastallize|p2b: Ursaluna|Ground\n|move|p1b: Tornadus|Taunt|p2a: Bronzong\n|-start|p2a: Bronzong|move: Taunt\n|move|p1a: Urshifu|Wicked Blow|p2a: Bronzong\n|-supereffective|p2a: Bronzong\n|-crit|p2a: Bronzong\n|-damage|p2a: Bronzong|3\/100\n|-damage|p1a: Urshifu|84\/100|[from] item: Rocky Helmet|[of] p2a: Bronzong\n|move|p2b: Ursaluna|Hyper Voice|p1b: Tornadus|[spread] p1a,p1b\n|-damage|p1a: Urshifu|49\/100\n|-damage|p1b: Tornadus|52\/100\n|-enditem|p2b: Ursaluna|Throat Spray\n|-boost|p2b: Ursaluna|spa|1|[from] item: Throat Spray\n|cant|p2a: Bronzong|move: Taunt|Iron Defense\n|\n|upkeep\n|turn|2\n|\n|t:|1699758759\n|move|p1b: Tornadus|Bleakwind Storm|p2a: Bronzong|[spread] p2a,p2b\n|-resisted|p2a: Bronzong\n|-damage|p2a: Bronzong|0 fnt\n|-damage|p2b: Ursaluna|65\/100\n|faint|p2a: Bronzong\n|move|p1a: Urshifu|Drain Punch|p2b: Ursaluna\n|-damage|p2b: Ursaluna|38\/100\n|-heal|p1a: Urshifu|63\/100|[from] drain|[of] p2b: Ursaluna\n|move|p2b: Ursaluna|Hyper Voice|p1a: Urshifu|[spread] p1a,p1b\n|-damage|p1a: Urshifu|9\/100\n|-damage|p1b: Tornadus|0 fnt\n|faint|p1b: Tornadus\n|\n|upkeep\n|\n|t:|1699758771\n|switch|p1b: Ogerpon|Ogerpon-Wellspring, L50, F|100\/100\n|switch|p2a: Ogerpon|Ogerpon-Hearthflame, L50, F|100\/100\n|-ability|p2a: Ogerpon|Mold Breaker\n|turn|3\n|\n|t:|1699758789\n|switch|p2a: Flutter Mane|Flutter Mane, L50|100\/100\n|-terastallize|p1b: Ogerpon|Water\n|detailschange|p1b: Ogerpon|Ogerpon-Wellspring-Tera, L50, F, tera:Water\n|-ability|p1b: Ogerpon|Embody Aspect (Wellspring)|boost\n|-boost|p1b: Ogerpon|spd|1\n|move|p1b: Ogerpon|Ivy Cudgel|p2b: Ursaluna\n|-supereffective|p2b: Ursaluna\n|-damage|p2b: Ursaluna|0 fnt\n|faint|p2b: Ursaluna\n|move|p1a: Urshifu|Wicked Blow|p2a: Flutter Mane\n|-crit|p2a: Flutter Mane\n|-enditem|p2a: Flutter Mane|Focus Sash\n|-damage|p2a: Flutter Mane|1\/100\n|\n|upkeep\n|\n|t:|1699758798\n|switch|p2b: Ogerpon|Ogerpon-Hearthflame, L50, F|100\/100\n|-ability|p2b: Ogerpon|Mold Breaker\n|turn|4\n|\n|t:|1699758812\n|move|p1a: Urshifu|Sucker Punch|p2a: Flutter Mane\n|-damage|p2a: Flutter Mane|0 fnt\n|faint|p2a: Flutter Mane\n|-end|p2a: Flutter Mane|Protosynthesis|[silent]\n|move|p2b: Ogerpon|Trailblaze|p1b: Ogerpon\n|-supereffective|p1b: Ogerpon\n|-damage|p1b: Ogerpon|49\/100\n|-boost|p2b: Ogerpon|spe|1\n|move|p1b: Ogerpon|Ivy Cudgel|p2b: Ogerpon\n|-damage|p2b: Ogerpon|14\/100\n|\n|upkeep\n|turn|5\n|\n|t:|1699758831\n|move|p1b: Ogerpon|Follow Me|p1b: Ogerpon\n|-singleturn|p1b: Ogerpon|move: Follow Me\n|move|p1a: Urshifu|Sucker Punch|p2b: Ogerpon\n|-damage|p2b: Ogerpon|0 fnt\n|faint|p2b: Ogerpon\n|\n|win|olivermaul\n|raw|olivermaul's rating: 1112 &rarr; <strong>1129<\/strong><br \/>(+17 for winning)\n|raw|YoeyGaming's rating: 1000 &rarr; <strong>1000<\/strong><br \/>(+0 for losing)\n","uploadtime":1699758839,"views":16,"p1id":"olivermaul","p2id":"yoeygaming","formatid":"gen9vgc2023regulatione","rating":1000,"private":0,"password":""}