{"id":"gen9vgc2023regulatione-1995175054","p1":"colby2935","p2":"Venefici","format":"[Gen 9] VGC 2023 Regulation E","log":"|j|\u2606colby2935\n|j|\u2606Venefici\n|t:|1700530994\n|gametype|doubles\n|player|p1|colby2935|giovanni|1213\n|player|p2|Venefici|hugh|1128\n|teamsize|p1|6\n|teamsize|p2|6\n|gen|9\n|tier|[Gen 9] VGC 2023 Regulation E\n|rated|\n|rule|Species Clause: Limit one of each Pok\u00e9mon\n|rule|Item Clause: Limit one of each item\n|clearpoke\n|poke|p1|Medicham, L50, F|\n|poke|p1|Muk-Alola, L50, M|\n|poke|p1|Goodra-Hisui, L50, M|\n|poke|p1|Arcanine-Hisui, L50, M|\n|poke|p1|Flutter Mane, L50|\n|poke|p1|Milotic, L50, M|\n|poke|p2|Volcarona, L50, F|\n|poke|p2|Rillaboom, L50, M|\n|poke|p2|Palafin, L50, F|\n|poke|p2|Corviknight, L50, M|\n|poke|p2|Iron Hands, L50|\n|poke|p2|Farigiraf, L50, F|\n|teampreview|4\n|inactive|Battle timer is ON: inactive players will automatically lose when time's up. (requested by Venefici)\n|inactive|Venefici has 60 seconds left.\n|\n|t:|1700531038\n|start\n|switch|p1a: Medicham|Medicham, L50, F|100\/100\n|switch|p1b: Muk|Muk-Alola, L50, M, shiny|100\/100\n|switch|p2a: Corviknight|Corviknight, L50, M|100\/100\n|switch|p2b: Iron Hands|Iron Hands, L50|100\/100\n|turn|1\n|\n|t:|1700531062\n|move|p2b: Iron Hands|Fake Out|p1a: Medicham\n|-damage|p1a: Medicham|73\/100\n|cant|p1a: Medicham|flinch\n|move|p2a: Corviknight|Tailwind|p2a: Corviknight\n|-sidestart|p2: Venefici|move: Tailwind\n|move|p1b: Muk|Gunk Shot|p2b: Iron Hands\n|-damage|p2b: Iron Hands|59\/100\n|\n|upkeep\n|turn|2\n|\n|t:|1700531081\n|move|p2a: Corviknight|Iron Defense|p2a: Corviknight\n|-boost|p2a: Corviknight|def|2\n|move|p1a: Medicham|Psycho Cut|p2b: Iron Hands\n|-supereffective|p2b: Iron Hands\n|-damage|p2b: Iron Hands|0 fnt\n|faint|p2b: Iron Hands\n|-end|p2b: Iron Hands|Quark Drive|[silent]\n|move|p1b: Muk|Knock Off|p2a: Corviknight\n|-damage|p2a: Corviknight|81\/100\n|-enditem|p2a: Corviknight|Sitrus Berry|[from] move: Knock Off|[of] p1b: Muk\n|\n|upkeep\n|\n|t:|1700531093\n|switch|p2b: Palafin|Palafin, L50, F|100\/100\n|turn|3\n|\n|t:|1700531101\n|-terastallize|p2b: Palafin|Water\n|move|p2b: Palafin|Jet Punch|p1a: Medicham\n|-damage|p1a: Medicham|29\/100\n|move|p2a: Corviknight|Iron Defense|p2a: Corviknight\n|-boost|p2a: Corviknight|def|2\n|move|p1a: Medicham|High Jump Kick|p2a: Corviknight\n|-damage|p2a: Corviknight|57\/100\n|move|p1b: Muk|Drain Punch|p2a: Corviknight\n|-damage|p2a: Corviknight|51\/100\n|\n|upkeep\n|turn|4\n|\n|t:|1700531125\n|move|p2b: Palafin|Jet Punch|p1a: Medicham\n|-damage|p1a: Medicham|0 fnt\n|faint|p1a: Medicham\n|-ability|p1b: Muk|Pure Power|[from] ability: Power of Alchemy|[of] p1a: Medicham\n|move|p2a: Corviknight|Iron Defense|p2a: Corviknight\n|-boost|p2a: Corviknight|def|2\n|move|p1b: Muk|Knock Off|p2b: Palafin\n|-damage|p2b: Palafin|0 fnt\n|-enditem|p2b: Palafin|Eject Pack|[from] move: Knock Off|[of] p1b: Muk\n|faint|p2b: Palafin\n|\n|-sideend|p2: Venefici|move: Tailwind\n|upkeep\n|\n|t:|1700531140\n|switch|p1a: Arcanine|Arcanine-Hisui, L50, M|100\/100\n|switch|p2b: Volcarona|Volcarona, L50, F|100\/100\n|-ability|p1a: Arcanine|Intimidate|boost\n|-ability|p2a: Corviknight|Mirror Armor\n|-unboost|p1a: Arcanine|atk|1\n|-unboost|p2b: Volcarona|atk|1\n|turn|5\n|\n|t:|1700531161\n|move|p2b: Volcarona|Protect|p2b: Volcarona\n|-singleturn|p2b: Volcarona|Protect\n|move|p1a: Arcanine|Flare Blitz|p2a: Corviknight\n|-supereffective|p2a: Corviknight\n|-damage|p2a: Corviknight|26\/100\n|-damage|p1a: Arcanine|92\/100|[from] Recoil\n|move|p2a: Corviknight|Body Press|p1b: Muk\n|-damage|p1b: Muk|15\/100\n|move|p1b: Muk|Knock Off|p2b: Volcarona\n|-activate|p2b: Volcarona|move: Protect\n|\n|upkeep\n|turn|6\n|\n|t:|1700531181\n|move|p1a: Arcanine|Flare Blitz|p2a: Corviknight\n|-supereffective|p2a: Corviknight\n|-damage|p2a: Corviknight|0 fnt\n|faint|p2a: Corviknight\n|-damage|p1a: Arcanine|83\/100|[from] Recoil\n|move|p2b: Volcarona|Fiery Dance|p1b: Muk\n|-damage|p1b: Muk|0 fnt\n|faint|p1b: Muk\n|\n|upkeep\n|\n|t:|1700531192\n|switch|p1b: Goodra|Goodra-Hisui, L50, M|100\/100\n|turn|7\n|\n|t:|1700531205\n|move|p2b: Volcarona|Protect|p2b: Volcarona\n|-singleturn|p2b: Volcarona|Protect\n|move|p1a: Arcanine|Flare Blitz|p2b: Volcarona\n|-activate|p2b: Volcarona|move: Protect\n|move|p1b: Goodra|Heavy Slam|p2b: Volcarona\n|-activate|p2b: Volcarona|move: Protect\n|\n|upkeep\n|turn|8\n|\n|t:|1700531221\n|-terastallize|p1b: Goodra|Water\n|move|p1a: Arcanine|Flare Blitz|p2b: Volcarona\n|-damage|p2b: Volcarona|39\/100\n|-damage|p1a: Arcanine|62\/100|[from] Recoil\n|move|p2b: Volcarona|Fiery Dance|p1a: Arcanine\n|-resisted|p1a: Arcanine\n|-damage|p1a: Arcanine|52\/100\n|-boost|p2b: Volcarona|spa|1\n|move|p1b: Goodra|Heavy Slam|p2b: Volcarona\n|-resisted|p2b: Volcarona\n|-damage|p2b: Volcarona|20\/100\n|\n|-heal|p2b: Volcarona|26\/100|[from] item: Leftovers\n|upkeep\n|turn|9\n|\n|t:|1700531239\n|move|p1a: Arcanine|Flare Blitz|p2b: Volcarona\n|-damage|p2b: Volcarona|0 fnt\n|faint|p2b: Volcarona\n|-damage|p1a: Arcanine|44\/100|[from] Recoil\n|\n|win|colby2935\n|raw|colby2935's rating: 1213 &rarr; <strong>1232<\/strong><br \/>(+19 for winning)\n|raw|Venefici's rating: 1128 &rarr; <strong>1109<\/strong><br \/>(-19 for losing)\n","uploadtime":1700531247,"views":3,"p1id":"colby2935","p2id":"venefici","formatid":"gen9vgc2023regulatione","rating":1109,"private":0,"password":""}