{"id":"gen9vgc2023regulatione-1996876451","p1":"Noob3001","p2":"PYROARLOVER56","format":"[Gen 9] VGC 2023 Regulation E","log":"|j|\u2606Noob3001\n|j|\u2606PYROARLOVER56\n|t:|1700739010\n|gametype|doubles\n|player|p1|Noob3001|lucas|1125\n|player|p2|PYROARLOVER56|170|1030\n|teamsize|p1|6\n|teamsize|p2|6\n|gen|9\n|tier|[Gen 9] VGC 2023 Regulation E\n|rated|\n|rule|Species Clause: Limit one of each Pok\u00e9mon\n|rule|Item Clause: Limit one of each item\n|clearpoke\n|poke|p1|Pelipper, L50, M|\n|poke|p1|Chien-Pao, L50|\n|poke|p1|Conkeldurr, L50, F|\n|poke|p1|Barraskewda, L50, F|\n|poke|p1|Sandy Shocks, L50|\n|poke|p1|Gholdengo, L50|\n|poke|p2|Snorlax, L50, F|\n|poke|p2|Sinistcha, L50|\n|poke|p2|Landorus-Therian, L50, M|\n|poke|p2|Iron Hands, L50|\n|poke|p2|Clefairy, L50, F|\n|poke|p2|Kommo-o, L50, F|\n|teampreview|4\n|\n|t:|1700739027\n|start\n|switch|p1a: Sandy Shocks|Sandy Shocks, L50|100\/100\n|switch|p1b: Gholdengo|Gholdengo, L50|100\/100\n|switch|p2a: Snorlax|Snorlax, L50, F|100\/100\n|switch|p2b: Landorus|Landorus-Therian, L50, M|100\/100\n|-ability|p2b: Landorus|Intimidate|boost\n|-unboost|p1a: Sandy Shocks|atk|1\n|-unboost|p1b: Gholdengo|atk|1\n|-enditem|p1a: Sandy Shocks|Booster Energy\n|-activate|p1a: Sandy Shocks|ability: Protosynthesis|[fromitem]\n|-start|p1a: Sandy Shocks|protosynthesisspe\n|turn|1\n|inactive|Battle timer is ON: inactive players will automatically lose when time's up. (requested by Noob3001)\n|\n|t:|1700739046\n|switch|p1b: Pelipper|Pelipper, L50, M|100\/100\n|-weather|RainDance|[from] ability: Drizzle|[of] p1b: Pelipper\n|-terastallize|p1a: Sandy Shocks|Ice\n|move|p1a: Sandy Shocks|Tera Blast|p2b: Landorus|[anim] Tera Blast Ice\n|-supereffective|p2b: Landorus\n|-damage|p2b: Landorus|0 fnt\n|faint|p2b: Landorus\n|move|p2a: Snorlax|Belly Drum|p2a: Snorlax\n|-damage|p2a: Snorlax|50\/100\n|-setboost|p2a: Snorlax|atk|6|[from] move: Belly Drum\n|-enditem|p2a: Snorlax|Sitrus Berry|[eat]\n|-heal|p2a: Snorlax|75\/100|[from] item: Sitrus Berry\n|\n|-weather|RainDance|[upkeep]\n|upkeep\n|\n|t:|1700739056\n|switch|p2b: Clefairy|Clefairy, L50, F|100\/100\n|turn|2\n|\n|t:|1700739068\n|move|p2b: Clefairy|Follow Me|p2b: Clefairy\n|-singleturn|p2b: Clefairy|move: Follow Me\n|move|p1a: Sandy Shocks|Flash Cannon|p2b: Clefairy\n|-supereffective|p2b: Clefairy\n|-damage|p2b: Clefairy|65\/100\n|move|p1b: Pelipper|Weather Ball|p2b: Clefairy\n|-crit|p2b: Clefairy\n|-damage|p2b: Clefairy|4\/100\n|move|p2a: Snorlax|Facade|p1a: Sandy Shocks\n|-damage|p1a: Sandy Shocks|0 fnt\n|faint|p1a: Sandy Shocks\n|-end|p1a: Sandy Shocks|Protosynthesis|[silent]\n|\n|-weather|RainDance|[upkeep]\n|upkeep\n|\n|t:|1700739081\n|switch|p1a: Barraskewda|Barraskewda, L50, F|100\/100\n|turn|3\n|\n|t:|1700739097\n|move|p2b: Clefairy|Follow Me|p2b: Clefairy\n|-singleturn|p2b: Clefairy|move: Follow Me\n|move|p1a: Barraskewda|Waterfall|p2b: Clefairy\n|-damage|p2b: Clefairy|0 fnt\n|faint|p2b: Clefairy\n|-damage|p1a: Barraskewda|91\/100|[from] item: Life Orb\n|move|p1b: Pelipper|Weather Ball|p2a: Snorlax\n|-damage|p2a: Snorlax|46\/100\n|move|p2a: Snorlax|Facade|p1a: Barraskewda\n|-damage|p1a: Barraskewda|0 fnt\n|faint|p1a: Barraskewda\n|\n|-weather|RainDance|[upkeep]\n|upkeep\n|\n|t:|1700739111\n|switch|p1a: Gholdengo|Gholdengo, L50|100\/100\n|switch|p2b: Sinistcha|Sinistcha, L50|100\/100\n|-heal|p2a: Snorlax|71\/100|[from] ability: Hospitality|[of] p2b: Sinistcha\n|turn|4\n|\n|t:|1700739128\n|-terastallize|p2a: Snorlax|Water\n|move|p1a: Gholdengo|Shadow Ball|p2b: Sinistcha\n|-supereffective|p2b: Sinistcha\n|-damage|p2b: Sinistcha|3\/100\n|move|p1b: Pelipper|Hurricane|p2b: Sinistcha\n|-supereffective|p2b: Sinistcha\n|-damage|p2b: Sinistcha|0 fnt\n|faint|p2b: Sinistcha\n|move|p2a: Snorlax|High Horsepower|p1a: Gholdengo\n|-supereffective|p1a: Gholdengo\n|-damage|p1a: Gholdengo|0 fnt\n|faint|p1a: Gholdengo\n|\n|-weather|RainDance|[upkeep]\n|upkeep\n|turn|5\n|\n|t:|1700739144\n|move|p1b: Pelipper|Hurricane|p2a: Snorlax\n|-damage|p2a: Snorlax|45\/100\n|-start|p2a: Snorlax|confusion\n|-activate|p2a: Snorlax|confusion\n|move|p2a: Snorlax|Facade|p1b: Pelipper\n|-damage|p1b: Pelipper|0 fnt\n|faint|p1b: Pelipper\n|\n|win|PYROARLOVER56\n|raw|Noob3001's rating: 1125 &rarr; <strong>1093<\/strong><br \/>(-32 for losing)\n|raw|PYROARLOVER56's rating: 1030 &rarr; <strong>1075<\/strong><br \/>(+45 for winning)\n|l|\u2606Noob3001\n","uploadtime":1700739154,"views":7,"p1id":"noob3001","p2id":"pyroarlover56","formatid":"gen9vgc2023regulatione","rating":1075,"private":0,"password":""}