{"id":"gen9vgc2023regulatione-1998607910","p1":"BadLuckBK","p2":"Willipino","format":"[Gen 9] VGC 2023 Regulation E","log":"|j|\u2606BadLuckBK\n|j|\u2606Willipino\n|t:|1700962343\n|gametype|doubles\n|player|p1|BadLuckBK|hilbert|1423\n|player|p2|Willipino|169|1361\n|teamsize|p1|6\n|teamsize|p2|6\n|gen|9\n|tier|[Gen 9] VGC 2023 Regulation E\n|rated|\n|rule|Species Clause: Limit one of each Pok\u00e9mon\n|rule|Item Clause: Limit one of each item\n|clearpoke\n|poke|p1|Empoleon, L50, M|\n|poke|p1|Landorus-Therian, L50, M|\n|poke|p1|Ogerpon-Hearthflame, L50, F|\n|poke|p1|Roaring Moon, L50|\n|poke|p1|Regieleki, L50|\n|poke|p1|Amoonguss, L50, M|\n|poke|p2|Tornadus, L50, M|\n|poke|p2|Heatran, L50, M|\n|poke|p2|Farigiraf, L50, F|\n|poke|p2|Rillaboom, L50, M|\n|poke|p2|Iron Bundle, L50|\n|poke|p2|Urshifu-*, L50, M|\n|teampreview|4\n|\n|t:|1700962372\n|start\n|switch|p1a: Roaring Moon|Roaring Moon, L50|100\/100\n|switch|p1b: Regieleki|Regieleki, L50|100\/100\n|switch|p2a: Tornadus|Tornadus, L50, M|100\/100\n|switch|p2b: Heatran|Heatran, L50, M|100\/100\n|turn|1\n|inactive|Battle timer is ON: inactive players will automatically lose when time's up. (requested by BadLuckBK)\n|inactive|Willipino has 60 seconds left.\n|\n|t:|1700962416\n|move|p2a: Tornadus|Tailwind|p2a: Tornadus\n|-sidestart|p2: Willipino|move: Tailwind\n|move|p1b: Regieleki|Thunderbolt|p2a: Tornadus\n|-supereffective|p2a: Tornadus\n|-damage|p2a: Tornadus|0 fnt\n|faint|p2a: Tornadus\n|move|p2b: Heatran|Heat Wave|p1b: Regieleki|[spread] p1a,p1b\n|-resisted|p1a: Roaring Moon\n|-damage|p1a: Roaring Moon|81\/100\n|-enditem|p1b: Regieleki|Focus Sash\n|-damage|p1b: Regieleki|1\/100\n|-status|p1b: Regieleki|brn\n|-damage|p2b: Heatran|90\/100|[from] item: Life Orb\n|move|p1a: Roaring Moon|Tailwind|p1a: Roaring Moon\n|-sidestart|p1: BadLuckBK|move: Tailwind\n|\n|-heal|p1a: Roaring Moon|87\/100|[from] item: Leftovers\n|-damage|p1b: Regieleki|0 fnt|[from] brn\n|faint|p1b: Regieleki\n|upkeep\n|inactive|BadLuckBK has 30 seconds left.\n|\n|t:|1700962442\n|switch|p1b: Landorus|Landorus-Therian, L50, M|100\/100\n|switch|p2a: Iron Bundle|Iron Bundle, L50, shiny|100\/100\n|-ability|p1b: Landorus|Intimidate|boost\n|-unboost|p2a: Iron Bundle|atk|1\n|-unboost|p2b: Heatran|atk|1\n|-enditem|p2a: Iron Bundle|Booster Energy\n|-activate|p2a: Iron Bundle|ability: Quark Drive|[fromitem]\n|-start|p2a: Iron Bundle|quarkdrivespe\n|turn|2\n|inactive|BadLuckBK has 30 seconds left.\n|inactive|Willipino has 30 seconds left.\n|\n|t:|1700962476\n|-terastallize|p2b: Heatran|Fairy\n|move|p2a: Iron Bundle|Freeze-Dry|p1a: Roaring Moon\n|-supereffective|p1a: Roaring Moon\n|-damage|p1a: Roaring Moon|31\/100\n|-status|p1a: Roaring Moon|frz\n|move|p1b: Landorus|Stomping Tantrum|p2b: Heatran\n|-damage|p2b: Heatran|48\/100\n|-curestatus|p1a: Roaring Moon|frz|[msg]\n|move|p1a: Roaring Moon|Knock Off|p2a: Iron Bundle\n|-damage|p2a: Iron Bundle|70\/100\n|move|p2b: Heatran|Heat Wave|p1a: Roaring Moon|[spread] p1a\n|-miss|p2b: Heatran|p1b: Landorus\n|-resisted|p1a: Roaring Moon\n|-damage|p1a: Roaring Moon|9\/100\n|-damage|p2b: Heatran|38\/100|[from] item: Life Orb\n|\n|-heal|p1a: Roaring Moon|15\/100|[from] item: Leftovers\n|upkeep\n|turn|3\n|inactive|BadLuckBK has 30 seconds left.\n|\n|t:|1700962504\n|move|p2a: Iron Bundle|Freeze-Dry|p1b: Landorus\n|-supereffective|p1b: Landorus\n|-damage|p1b: Landorus|0 fnt\n|faint|p1b: Landorus\n|move|p1a: Roaring Moon|Knock Off|p2b: Heatran\n|-resisted|p2b: Heatran\n|-damage|p2b: Heatran|16\/100\n|-enditem|p2b: Heatran|Life Orb|[from] move: Knock Off|[of] p1a: Roaring Moon\n|move|p2b: Heatran|Heat Wave|p1a: Roaring Moon\n|-resisted|p1a: Roaring Moon\n|-damage|p1a: Roaring Moon|0 fnt\n|faint|p1a: Roaring Moon\n|-end|p1a: Roaring Moon|Protosynthesis|[silent]\n|\n|upkeep\n|\n|t:|1700962517\n|switch|p1b: Ogerpon|Ogerpon-Hearthflame, L50, F|100\/100\n|-ability|p1b: Ogerpon|Mold Breaker\n|turn|4\n|\n|t:|1700962531\n|move|p2a: Iron Bundle|Hydro Pump|p1b: Ogerpon\n|-damage|p1b: Ogerpon|51\/100\n|move|p1b: Ogerpon|Horn Leech|p2a: Iron Bundle\n|-supereffective|p2a: Iron Bundle\n|-damage|p2a: Iron Bundle|0 fnt\n|-heal|p1b: Ogerpon|76\/100|[from] drain|[of] p2a: Iron Bundle\n|faint|p2a: Iron Bundle\n|-end|p2a: Iron Bundle|Quark Drive|[silent]\n|move|p2b: Heatran|Earth Power|p1b: Ogerpon\n|-damage|p1b: Ogerpon|42\/100\n|\n|-sideend|p2: Willipino|move: Tailwind\n|-sideend|p1: BadLuckBK|move: Tailwind\n|upkeep\n|\n|t:|1700962537\n|switch|p2a: Rillaboom|Rillaboom, L50, M|100\/100\n|-fieldstart|move: Grassy Terrain|[from] ability: Grassy Surge|[of] p2a: Rillaboom\n|turn|5\n|\n|t:|1700962548\n|move|p1b: Ogerpon|Spiky Shield|p1b: Ogerpon\n|-singleturn|p1b: Ogerpon|move: Protect\n|move|p2a: Rillaboom|Fake Out|p1b: Ogerpon\n|-activate|p1b: Ogerpon|move: Protect\n|-damage|p2a: Rillaboom|88\/100|[from] Spiky Shield|[of] p1b: Ogerpon\n|move|p2b: Heatran|Earth Power|p1b: Ogerpon\n|-activate|p1b: Ogerpon|move: Protect\n|\n|-heal|p1b: Ogerpon|48\/100|[from] Grassy Terrain\n|-heal|p2b: Heatran|22\/100|[from] Grassy Terrain\n|-heal|p2a: Rillaboom|94\/100|[from] Grassy Terrain\n|upkeep\n|turn|6\n|\n|t:|1700962561\n|move|p2a: Rillaboom|Grassy Glide|p1b: Ogerpon\n|-resisted|p1b: Ogerpon\n|-damage|p1b: Ogerpon|35\/100\n|move|p1b: Ogerpon|Horn Leech|p2b: Heatran\n|-damage|p2b: Heatran|0 fnt\n|-heal|p1b: Ogerpon|45\/100|[from] drain|[of] p2b: Heatran\n|faint|p2b: Heatran\n|\n|-heal|p1b: Ogerpon|51\/100|[from] Grassy Terrain\n|-heal|p2a: Rillaboom|99\/100|[from] Grassy Terrain\n|upkeep\n|turn|7\n|\n|t:|1700962573\n|move|p1b: Ogerpon|Ivy Cudgel|p2a: Rillaboom|[anim] Ivy Cudgel Fire\n|-supereffective|p2a: Rillaboom\n|-damage|p2a: Rillaboom|0 fnt\n|faint|p2a: Rillaboom\n|\n|win|BadLuckBK\n|raw|BadLuckBK's rating: 1423 &rarr; <strong>1439<\/strong><br \/>(+16 for winning)\n|raw|Willipino's rating: 1361 &rarr; <strong>1345<\/strong><br \/>(-16 for losing)\n|l|\u2606BadLuckBK\n","uploadtime":1700962586,"views":1,"p1id":"badluckbk","p2id":"willipino","formatid":"gen9vgc2023regulatione","rating":1345,"private":0,"password":""}