{"id":"gen9vgc2023regulatione-1992414658","p1":"WillieDangerously","p2":"Ringocc","format":"[Gen 9] VGC 2023 Regulation E","log":"|j|\u2606WillieDangerously\n|j|\u2606Ringocc\n|t:|1700184824\n|gametype|doubles\n|player|p1|WillieDangerously|psychic-gen4|1366\n|player|p2|Ringocc|swimmerf-gen4dp|1441\n|teamsize|p1|6\n|teamsize|p2|6\n|gen|9\n|tier|[Gen 9] VGC 2023 Regulation E\n|rated|\n|rule|Species Clause: Limit one of each Pok\u00e9mon\n|rule|Item Clause: Limit one of each item\n|clearpoke\n|poke|p1|Iron Hands, L50|\n|poke|p1|Iron Bundle, L50|\n|poke|p1|Landorus-Therian, L50, M|\n|poke|p1|Sinistcha, L50|\n|poke|p1|Ninetales-Alola, L50, F|\n|poke|p1|Heatran, L50, M|\n|poke|p2|Flutter Mane, L50|\n|poke|p2|Urshifu-*, L50, M|\n|poke|p2|Landorus-Therian, L50, M|\n|poke|p2|Tornadus, L50, M|\n|poke|p2|Rillaboom, L50, F|\n|poke|p2|Iron Hands, L50|\n|teampreview|4\n|inactive|Battle timer is ON: inactive players will automatically lose when time's up. (requested by Ringocc)\n|\n|t:|1700184864\n|start\n|switch|p1a: Ninetales|Ninetales-Alola, L50, F|100\/100\n|switch|p1b: Iron Bundle|Iron Bundle, L50|100\/100\n|switch|p2a: Iron Hands|Iron Hands, L50|100\/100\n|switch|p2b: Flutter Mane|Flutter Mane, L50|100\/100\n|-weather|Snow|[from] ability: Snow Warning|[of] p1a: Ninetales\n|-enditem|p1b: Iron Bundle|Booster Energy\n|-activate|p1b: Iron Bundle|ability: Quark Drive|[fromitem]\n|-start|p1b: Iron Bundle|quarkdrivespe\n|turn|1\n|inactive|WillieDangerously has 30 seconds left.\n|inactive|Ringocc has 30 seconds left.\n|\n|t:|1700184892\n|move|p1b: Iron Bundle|Protect|p1b: Iron Bundle\n|-singleturn|p1b: Iron Bundle|Protect\n|move|p2b: Flutter Mane|Moonblast|p1b: Iron Bundle\n|-activate|p1b: Iron Bundle|move: Protect\n|move|p1a: Ninetales|Aurora Veil|p1a: Ninetales\n|-sidestart|p1: WillieDangerously|move: Aurora Veil\n|move|p2a: Iron Hands|Heavy Slam|p1a: Ninetales\n|-supereffective|p1a: Ninetales\n|-damage|p1a: Ninetales|0 fnt\n|faint|p1a: Ninetales\n|\n|-weather|Snow|[upkeep]\n|upkeep\n|inactive|WillieDangerously has 30 seconds left.\n|\n|t:|1700184920\n|switch|p1a: Iron Hands|Iron Hands, L50|100\/100\n|turn|2\n|\n|t:|1700184938\n|-end|p1b: Iron Bundle|Quark Drive|[silent]\n|switch|p1b: Sinistcha|Sinistcha, L50|100\/100\n|move|p2b: Flutter Mane|Moonblast|p1b: Sinistcha\n|-damage|p1b: Sinistcha|54\/100\n|-unboost|p1b: Sinistcha|spa|1\n|move|p1a: Iron Hands|Heavy Slam|p2b: Flutter Mane\n|-supereffective|p2b: Flutter Mane\n|-damage|p2b: Flutter Mane|0 fnt\n|faint|p2b: Flutter Mane\n|-end|p2b: Flutter Mane|Protosynthesis|[silent]\n|move|p2a: Iron Hands|Heavy Slam|p1b: Sinistcha\n|-damage|p1b: Sinistcha|26\/100\n|-enditem|p1b: Sinistcha|Sitrus Berry|[eat]\n|-heal|p1b: Sinistcha|50\/100|[from] item: Sitrus Berry\n|\n|-weather|Snow|[upkeep]\n|upkeep\n|inactive|Ringocc has 30 seconds left.\n|inactive|Ringocc has 20 seconds left.\n|inactive|Ringocc has 15 seconds left.\n|inactive|Ringocc has 10 seconds left.\n|\n|t:|1700184984\n|switch|p2b: Urshifu|Urshifu-Rapid-Strike, L50, M|100\/100\n|turn|3\n|\n|t:|1700185003\n|-terastallize|p2b: Urshifu|Grass\n|move|p1b: Sinistcha|Rage Powder|p1b: Sinistcha\n|-singleturn|p1b: Sinistcha|move: Rage Powder\n|move|p2b: Urshifu|Surging Strikes|p1a: Iron Hands\n|-crit|p1a: Iron Hands\n|-damage|p1a: Iron Hands|80\/100\n|-crit|p1a: Iron Hands\n|-damage|p1a: Iron Hands|60\/100\n|-crit|p1a: Iron Hands\n|-damage|p1a: Iron Hands|40\/100\n|-hitcount|p1a: Iron Hands|3\n|move|p1a: Iron Hands|Wild Charge|p2b: Urshifu\n|-resisted|p2b: Urshifu\n|-damage|p2b: Urshifu|76\/100\n|-damage|p1a: Iron Hands|35\/100|[from] Recoil\n|move|p2a: Iron Hands|Heavy Slam|p1b: Sinistcha\n|-damage|p1b: Sinistcha|18\/100\n|\n|-weather|Snow|[upkeep]\n|upkeep\n|turn|4\n|inactive|WillieDangerously has 30 seconds left.\n|inactive|Ringocc has 30 seconds left.\n|\n|t:|1700185037\n|-end|p1a: Iron Hands|Quark Drive|[silent]\n|switch|p1a: Iron Bundle|Iron Bundle, L50|100\/100\n|move|p2b: Urshifu|Surging Strikes|p1b: Sinistcha\n|-resisted|p1b: Sinistcha\n|-crit|p1b: Sinistcha\n|-damage|p1b: Sinistcha|4\/100\n|-resisted|p1b: Sinistcha\n|-crit|p1b: Sinistcha\n|-damage|p1b: Sinistcha|0 fnt\n|faint|p1b: Sinistcha\n|-hitcount|p1: Sinistcha|2\n|move|p2a: Iron Hands|Drain Punch|p1a: Iron Bundle\n|-supereffective|p1a: Iron Bundle\n|-damage|p1a: Iron Bundle|51\/100\n|\n|-weather|Snow|[upkeep]\n|upkeep\n|\n|t:|1700185045\n|switch|p1b: Iron Hands|Iron Hands, L50|35\/100\n|turn|5\n|inactive|Ringocc has 30 seconds left.\n|inactive|Ringocc has 20 seconds left.\n|inactive|Ringocc has 15 seconds left.\n|\n|t:|1700185087\n|-terastallize|p1a: Iron Bundle|Ice\n|move|p2b: Urshifu|Detect|p2b: Urshifu\n|-singleturn|p2b: Urshifu|Protect\n|move|p1b: Iron Hands|Fake Out|p2a: Iron Hands\n|-damage|p2a: Iron Hands|89\/100\n|move|p1a: Iron Bundle|Blizzard|p2b: Urshifu|[spread] p2a\n|-activate|p2b: Urshifu|move: Protect\n|-damage|p2a: Iron Hands|54\/100\n|cant|p2a: Iron Hands|flinch\n|\n|-weather|none\n|upkeep\n|turn|6\n|\n|t:|1700185112\n|move|p2b: Urshifu|Aqua Jet|p1a: Iron Bundle\n|-damage|p1a: Iron Bundle|30\/100\n|move|p1a: Iron Bundle|Blizzard|p2b: Urshifu|[spread] p2a,p2b\n|-supereffective|p2b: Urshifu\n|-damage|p2a: Iron Hands|21\/100\n|-damage|p2b: Urshifu|0 fnt\n|faint|p2b: Urshifu\n|move|p1b: Iron Hands|Drain Punch|p2a: Iron Hands\n|-damage|p2a: Iron Hands|0 fnt\n|-heal|p1b: Iron Hands|46\/100|[from] drain|[of] p2a: Iron Hands\n|faint|p2a: Iron Hands\n|-end|p2a: Iron Hands|Quark Drive|[silent]\n|\n|upkeep\n|\n|t:|1700185130\n|switch|p2b: Tornadus|Tornadus, L50, M|100\/100\n|turn|7\n|\n|t:|1700185141\n|move|p1a: Iron Bundle|Blizzard|p2b: Tornadus|[miss]\n|-miss|p1a: Iron Bundle|p2b: Tornadus\n|move|p2b: Tornadus|Bleakwind Storm|p1a: Iron Bundle|[spread] p1b\n|-miss|p2b: Tornadus|p1a: Iron Bundle\n|-damage|p1b: Iron Hands|34\/100\n|move|p1b: Iron Hands|Wild Charge|p2b: Tornadus\n|-supereffective|p2b: Tornadus\n|-damage|p2b: Tornadus|2\/100\n|-enditem|p2b: Tornadus|Sitrus Berry|[eat]\n|-heal|p2b: Tornadus|27\/100|[from] item: Sitrus Berry\n|-damage|p1b: Iron Hands|14\/100|[from] Recoil\n|\n|upkeep\n|turn|8\n|\n|t:|1700185158\n|move|p2b: Tornadus|Protect|p2b: Tornadus\n|-singleturn|p2b: Tornadus|Protect\n|move|p1a: Iron Bundle|Icy Wind|p2b: Tornadus\n|-activate|p2b: Tornadus|move: Protect\n|move|p1b: Iron Hands|Heavy Slam|p2b: Tornadus\n|-activate|p2b: Tornadus|move: Protect\n|\n|-sideend|p1: WillieDangerously|move: Aurora Veil\n|upkeep\n|turn|9\n|\n|t:|1700185170\n|move|p1a: Iron Bundle|Icy Wind|p2b: Tornadus|[miss]\n|-miss|p1a: Iron Bundle|p2b: Tornadus\n|move|p2b: Tornadus|Bleakwind Storm|p1b: Iron Hands|[spread] p1a,p1b\n|-crit|p1b: Iron Hands\n|-damage|p1a: Iron Bundle|0 fnt\n|-damage|p1b: Iron Hands|0 fnt\n|faint|p1a: Iron Bundle\n|-end|p1a: Iron Bundle|Quark Drive|[silent]\n|faint|p1b: Iron Hands\n|-end|p1b: Iron Hands|Quark Drive|[silent]\n|\n|win|Ringocc\n|raw|WillieDangerously's rating: 1366 &rarr; <strong>1350<\/strong><br \/>(-16 for losing)\n|raw|Ringocc's rating: 1441 &rarr; <strong>1457<\/strong><br \/>(+16 for winning)\n","uploadtime":1700185177,"views":12,"p1id":"williedangerously","p2id":"ringocc","formatid":"gen9vgc2023regulatione","rating":1350,"private":0,"password":""}