{"id":"gen9vgc2023regulatione-1997939805","p1":"SparkyNinja06","p2":"kieran4854","format":"[Gen 9] VGC 2023 Regulation E","log":"|j|\u2606SparkyNinja06\n|j|\u2606kieran4854\n|t:|1700869889\n|gametype|doubles\n|player|p1|SparkyNinja06|blackbelt-gen4dp|\n|player|p2|kieran4854|psychic-gen4|\n|teamsize|p1|6\n|teamsize|p2|6\n|gen|9\n|tier|[Gen 9] VGC 2023 Regulation E\n|rule|Species Clause: Limit one of each Pok\u00e9mon\n|rule|Item Clause: Limit one of each item\n|clearpoke\n|poke|p1|Greninja-*, L50, F|\n|poke|p1|Charizard, L50, F|\n|poke|p1|Tornadus, L50, M|\n|poke|p1|Klefki, L50, F|\n|poke|p1|Breloom, L50, M|\n|poke|p1|Haxorus, L50, F|\n|poke|p2|Okidogi, L50, M|\n|poke|p2|Furret, L50, F|\n|poke|p2|Heatran, L50, M|\n|poke|p2|Regieleki, L50|\n|poke|p2|Landorus-Therian, L50, M|\n|poke|p2|Moltres-Galar, L50|\n|teampreview|4\n|\n|t:|1700869915\n|start\n|switch|p1a: Keez|Klefki, L50, F|100\/100\n|switch|p1b: He Looms|Breloom, L50, M|100\/100\n|switch|p2a: Bob|Regieleki, L50|100\/100\n|switch|p2b: Lars|Furret, L50, F|100\/100\n|-item|p1a: Keez|Light Clay|[from] ability: Frisk|[of] p2b: Lars|[identify]\n|-item|p1b: He Looms|Life Orb|[from] ability: Frisk|[of] p2b: Lars|[identify]\n|turn|1\n|\n|t:|1700869935\n|move|p2b: Lars|Protect|p2b: Lars\n|-singleturn|p2b: Lars|Protect\n|move|p1a: Keez|Light Screen|p1a: Keez\n|-sidestart|p1: SparkyNinja06|move: Light Screen\n|move|p2a: Bob|Reflect|p2a: Bob\n|-sidestart|p2: kieran4854|Reflect\n|move|p1b: He Looms|Rock Tomb|p2a: Bob\n|-damage|p2a: Bob|48\/100\n|-unboost|p2a: Bob|spe|1\n|-damage|p1b: He Looms|91\/100|[from] item: Life Orb\n|\n|upkeep\n|turn|2\n|\n|t:|1700869975\n|switch|p2a: Kazuya|Landorus-Therian, L50, M|100\/100\n|-ability|p2a: Kazuya|Intimidate|boost\n|-unboost|p1a: Keez|atk|1\n|-unboost|p1b: He Looms|atk|1\n|-terastallize|p2b: Lars|Fairy\n|move|p1b: He Looms|Mach Punch|p2b: Lars\n|-resisted|p2b: Lars\n|-damage|p2b: Lars|89\/100\n|-damage|p1b: He Looms|81\/100|[from] item: Life Orb\n|move|p1a: Keez|Reflect|p1a: Keez\n|-sidestart|p1: SparkyNinja06|Reflect\n|move|p2b: Lars|Tera Blast|p1b: He Looms|[anim] Tera Blast Fairy\n|-supereffective|p1b: He Looms\n|-damage|p1b: He Looms|46\/100\n|\n|upkeep\n|turn|3\n|\n|t:|1700870006\n|move|p1a: Keez|Magnet Rise|p1a: Keez\n|-start|p1a: Keez|Magnet Rise\n|move|p2a: Kazuya|Rock Slide|p1b: He Looms|[spread] p1a,p1b\n|-resisted|p1a: Keez\n|-resisted|p1b: He Looms\n|-damage|p1a: Keez|94\/100\n|-damage|p1b: He Looms|33\/100\n|move|p2b: Lars|Tera Blast|p1b: He Looms|[anim] Tera Blast Fairy\n|-supereffective|p1b: He Looms\n|-damage|p1b: He Looms|0 fnt\n|faint|p1b: He Looms\n|\n|upkeep\n|\n|t:|1700870043\n|switch|p1b: Sharknado?|Tornadus, L50, M|100\/100\n|turn|4\n|\n|t:|1700870063\n|move|p2b: Lars|Helping Hand|p2a: Kazuya\n|-singleturn|p2a: Kazuya|Helping Hand|[of] p2b: Lars\n|move|p1b: Sharknado?|Tailwind|p1b: Sharknado?\n|-sidestart|p1: SparkyNinja06|move: Tailwind\n|move|p1a: Keez|Dazzling Gleam|p2b: Lars|[spread] p2a,p2b\n|-damage|p2a: Kazuya|77\/100\n|-damage|p2b: Lars|62\/100\n|move|p2a: Kazuya|Rock Slide|p1b: Sharknado?|[spread] p1a,p1b\n|-resisted|p1a: Keez\n|-supereffective|p1b: Sharknado?\n|-damage|p1a: Keez|85\/100\n|-damage|p1b: Sharknado?|42\/100\n|\n|upkeep\n|turn|5\n|\n|t:|1700870082\n|move|p1b: Sharknado?|Protect|p1b: Sharknado?\n|-singleturn|p1b: Sharknado?|Protect\n|move|p2b: Lars|Follow Me|p2b: Lars\n|-singleturn|p2b: Lars|move: Follow Me\n|move|p1a: Keez|Dazzling Gleam|p2a: Kazuya|[spread] p2a,p2b\n|-damage|p2a: Kazuya|55\/100\n|-damage|p2b: Lars|37\/100\n|-enditem|p2b: Lars|Sitrus Berry|[eat]\n|-heal|p2b: Lars|62\/100|[from] item: Sitrus Berry\n|move|p2a: Kazuya|Rock Slide|p1b: Sharknado?|[spread] \n|-activate|p1b: Sharknado?|move: Protect\n|-miss|p2a: Kazuya|p1a: Keez\n|\n|upkeep\n|turn|6\n|\n|t:|1700870118\n|-terastallize|p1b: Sharknado?|Grass\n|move|p2b: Lars|Helping Hand|p2a: Kazuya\n|-singleturn|p2a: Kazuya|Helping Hand|[of] p2b: Lars\n|move|p1b: Sharknado?|Air Slash|p2a: Kazuya\n|-damage|p2a: Kazuya|11\/100\n|move|p1a: Keez|Dazzling Gleam|p2a: Kazuya|[spread] p2a,p2b\n|-damage|p2a: Kazuya|0 fnt\n|-damage|p2b: Lars|35\/100\n|faint|p2a: Kazuya\n|\n|upkeep\n|\n|t:|1700870133\n|switch|p2a: Bob|Regieleki, L50|48\/100\n|turn|7\n|\n|t:|1700870162\n|move|p2b: Lars|Follow Me|p2b: Lars\n|-singleturn|p2b: Lars|move: Follow Me\n|move|p2a: Bob|Light Screen|p2a: Bob\n|-sidestart|p2: kieran4854|move: Light Screen\n|move|p1b: Sharknado?|Air Slash|p2b: Lars\n|-damage|p2b: Lars|4\/100\n|move|p1a: Keez|Dazzling Gleam|p2a: Bob|[spread] p2a,p2b\n|-damage|p2a: Bob|26\/100\n|-damage|p2b: Lars|0 fnt\n|faint|p2b: Lars\n|\n|-end|p1a: Keez|Magnet Rise\n|-sideend|p1: SparkyNinja06|move: Tailwind\n|upkeep\n|\n|t:|1700870172\n|switch|p2b: Armor King|Okidogi, L50, M|100\/100\n|turn|8\n|\n|t:|1700870199\n|move|p1b: Sharknado?|Tailwind|p1b: Sharknado?\n|-sidestart|p1: SparkyNinja06|move: Tailwind\n|move|p2a: Bob|Electroweb|p1b: Sharknado?|[spread] p1a,p1b\n|-resisted|p1b: Sharknado?\n|-damage|p1a: Keez|68\/100\n|-damage|p1b: Sharknado?|36\/100\n|-unboost|p1a: Keez|spe|1\n|-unboost|p1b: Sharknado?|spe|1\n|move|p1a: Keez|Dazzling Gleam|p2b: Armor King|[spread] p2a,p2b\n|-damage|p2a: Bob|2\/100\n|-damage|p2b: Armor King|88\/100\n|move|p2b: Armor King|Poison Jab|p1b: Sharknado?\n|-supereffective|p1b: Sharknado?\n|-damage|p1b: Sharknado?|0 fnt\n|faint|p1b: Sharknado?\n|\n|-heal|p2b: Armor King|94\/100|[from] item: Black Sludge\n|-sideend|p2: kieran4854|Reflect\n|-sideend|p1: SparkyNinja06|move: Light Screen\n|upkeep\n|\n|t:|1700870214\n|switch|p1b: Lloyd|Greninja, L50, F|100\/100\n|turn|9\n|\n|t:|1700870250\n|move|p1a: Keez|Light Screen|p1a: Keez\n|-sidestart|p1: SparkyNinja06|move: Light Screen\n|move|p1b: Lloyd|Ice Beam|p2b: Armor King\n|-start|p1b: Lloyd|typechange|Ice|[from] ability: Protean\n|-damage|p2b: Armor King|68\/100\n|move|p2a: Bob|Electroweb|p1b: Lloyd|[spread] p1a\n|-miss|p2a: Bob|p1b: Lloyd\n|-damage|p1a: Keez|47\/100\n|-unboost|p1a: Keez|spe|1\n|move|p2b: Armor King|Drain Punch|p1b: Lloyd\n|-supereffective|p1b: Lloyd\n|-damage|p1b: Lloyd|2\/100\n|-heal|p2b: Armor King|100\/100|[from] drain|[of] p1b: Lloyd\n|-status|p1b: Lloyd|tox|[from] ability: Toxic Chain|[of] p2b: Armor King\n|\n|-damage|p1b: Lloyd|0 fnt|[from] psn\n|faint|p1b: Lloyd\n|-sideend|p1: SparkyNinja06|Reflect\n|upkeep\n|turn|10\n|\n|t:|1700870284\n|move|p2a: Bob|Volt Switch|p1a: Keez\n|-damage|p1a: Keez|13\/100\n|move|p2b: Armor King|Drain Punch|p1a: Keez\n|-damage|p1a: Keez|0 fnt\n|faint|p1a: Keez\n|\n|win|kieran4854\n","uploadtime":1700870341,"views":1,"p1id":"sparkyninja06","p2id":"kieran4854","formatid":"gen9vgc2023regulatione","rating":0,"private":0,"password":""}