{"id":"gen9vgc2023regulatione-1989752216","p1":"boi in the back","p2":"Saucey Ausy","format":"[Gen 9] VGC 2023 Regulation E","log":"|j|\u2606boi in the back\n|j|\u2606Saucey Ausy\n|t:|1699892729\n|gametype|doubles\n|player|p1|boi in the back|peony|1090\n|player|p2|Saucey Ausy|n|1173\n|teamsize|p1|6\n|teamsize|p2|6\n|gen|9\n|tier|[Gen 9] VGC 2023 Regulation E\n|rated|\n|rule|Species Clause: Limit one of each Pok\u00e9mon\n|rule|Item Clause: Limit one of each item\n|clearpoke\n|poke|p1|Articuno-Galar, L50|\n|poke|p1|Chansey, L50, F|\n|poke|p1|Appletun, L50, F|\n|poke|p1|Cresselia, L50, F|\n|poke|p1|Ursaluna, L50, F|\n|poke|p1|Kingambit, L50, F|\n|poke|p2|Heatran, L50, M|\n|poke|p2|Ninetales, L50, F|\n|poke|p2|Flutter Mane, L50|\n|poke|p2|Sinistcha-Masterpiece, L50|\n|poke|p2|Scizor, L50, M|\n|poke|p2|Murkrow, L50, F|\n|teampreview|4\n|inactive|Battle timer is ON: inactive players will automatically lose when time's up. (requested by boi in the back)\n|\n|t:|1699892748\n|start\n|switch|p1a: Kingambit|Kingambit, L50, F, shiny|100\/100\n|switch|p1b: Appletun|Appletun, L50, F, shiny|100\/100\n|switch|p2a: Ninetales|Ninetales, L50, F, shiny|100\/100\n|switch|p2b: Flutter Mane|Flutter Mane, L50|100\/100\n|-weather|SunnyDay|[from] ability: Drought|[of] p2a: Ninetales\n|-activate|p2b: Flutter Mane|ability: Protosynthesis\n|-start|p2b: Flutter Mane|protosynthesisspe\n|turn|1\n|\n|t:|1699892767\n|-terastallize|p2b: Flutter Mane|Fairy\n|move|p1a: Kingambit|Sucker Punch|p2b: Flutter Mane\n|-resisted|p2b: Flutter Mane\n|-crit|p2b: Flutter Mane\n|-damage|p2b: Flutter Mane|4\/100\n|-damage|p1a: Kingambit|91\/100|[from] item: Life Orb\n|move|p2b: Flutter Mane|Dazzling Gleam|p1a: Kingambit|[spread] p1a,p1b\n|-supereffective|p1b: Appletun\n|-damage|p1a: Kingambit|34\/100\n|-damage|p1b: Appletun|24\/100\n|-activate|p1b: Appletun|ability: Ripen\n|-enditem|p1b: Appletun|Sitrus Berry|[eat]\n|-heal|p1b: Appletun|74\/100|[from] item: Sitrus Berry\n|-damage|p2b: Flutter Mane|0 fnt|[from] item: Life Orb\n|faint|p2b: Flutter Mane\n|-end|p2b: Flutter Mane|Protosynthesis|[silent]\n|move|p2a: Ninetales|Heat Wave|p1a: Kingambit|[spread] p1a,p1b\n|-supereffective|p1a: Kingambit\n|-damage|p1a: Kingambit|0 fnt\n|-damage|p1b: Appletun|54\/100\n|faint|p1a: Kingambit\n|move|p1b: Appletun|Leech Seed|p2a: Ninetales\n|-start|p2a: Ninetales|move: Leech Seed\n|\n|-weather|SunnyDay|[upkeep]\n|-damage|p2a: Ninetales|88\/100|[from] Leech Seed|[of] p1b: Appletun\n|-heal|p1b: Appletun|64\/100|[silent]\n|upkeep\n|\n|t:|1699892790\n|switch|p2b: Heatran|Heatran, L50, M, shiny|100\/100\n|switch|p1a: Articuno|Articuno-Galar, L50|100\/100\n|turn|2\n|\n|t:|1699892799\n|move|p2a: Ninetales|Heat Wave|p1a: Articuno|[spread] p1a,p1b\n|-damage|p1a: Articuno|73\/100\n|-damage|p1b: Appletun|42\/100\n|move|p1a: Articuno|Freezing Glare|p2b: Heatran\n|-resisted|p2b: Heatran\n|-damage|p2b: Heatran|85\/100\n|move|p2b: Heatran|Power Gem|p1a: Articuno\n|-supereffective|p1a: Articuno\n|-damage|p1a: Articuno|19\/100\n|-enditem|p1a: Articuno|Weakness Policy\n|-boost|p1a: Articuno|atk|2|[from] item: Weakness Policy\n|-boost|p1a: Articuno|spa|2|[from] item: Weakness Policy\n|move|p1b: Appletun|Bulldoze|p2b: Heatran|[spread] p2a,p2b\n|-immune|p1a: Articuno\n|-supereffective|p2a: Ninetales\n|-supereffective|p2b: Heatran\n|-damage|p2a: Ninetales|68\/100\n|-damage|p2b: Heatran|51\/100\n|-unboost|p2a: Ninetales|spe|1\n|-unboost|p2b: Heatran|spe|1\n|\n|-weather|SunnyDay|[upkeep]\n|-damage|p2a: Ninetales|56\/100|[from] Leech Seed|[of] p1b: Appletun\n|-heal|p1b: Appletun|52\/100|[silent]\n|upkeep\n|turn|3\n|inactive|boi in the back has 30 seconds left.\n|\n|t:|1699892826\n|switch|p2a: Sinistcha|Sinistcha-Masterpiece, L50, shiny|100\/100\n|-heal|p2b: Heatran|76\/100|[from] ability: Hospitality|[of] p2a: Sinistcha\n|-terastallize|p1a: Articuno|Electric\n|move|p1a: Articuno|Tera Blast|p2b: Heatran|[anim] Tera Blast Electric\n|-crit|p2b: Heatran\n|-damage|p2b: Heatran|0 fnt\n|faint|p2b: Heatran\n|move|p1b: Appletun|Recover|p1b: Appletun\n|-heal|p1b: Appletun|100\/100\n|\n|-weather|SunnyDay|[upkeep]\n|upkeep\n|\n|t:|1699892837\n|switch|p2b: Ninetales|Ninetales, L50, F, shiny|56\/100\n|turn|4\n|\n|t:|1699892848\n|move|p2b: Ninetales|Heat Wave|p1b: Appletun|[spread] p1a,p1b\n|-damage|p1a: Articuno|0 fnt\n|-damage|p1b: Appletun|79\/100\n|faint|p1a: Articuno\n|move|p2a: Sinistcha|Matcha Gotcha|p1b: Appletun\n|-resisted|p1b: Appletun\n|-damage|p1b: Appletun|74\/100\n|move|p1b: Appletun|Apple Acid|p2b: Ninetales\n|-resisted|p2b: Ninetales\n|-damage|p2b: Ninetales|42\/100\n|-unboost|p2b: Ninetales|spd|1\n|\n|-weather|SunnyDay|[upkeep]\n|upkeep\n|\n|t:|1699892850\n|switch|p1a: Ursaluna|Ursaluna, L50, F|100\/100\n|turn|5\n|\n|t:|1699892865\n|move|p2b: Ninetales|Disable|p1b: Appletun\n|-start|p1b: Appletun|Disable|Apple Acid\n|move|p2a: Sinistcha|Matcha Gotcha|p1a: Ursaluna|[spread] p1a,p1b\n|-supereffective|p1a: Ursaluna\n|-resisted|p1b: Appletun\n|-damage|p1a: Ursaluna|60\/100\n|-damage|p1b: Appletun|69\/100\n|-status|p1a: Ursaluna|brn\n|move|p1a: Ursaluna|Swords Dance|p1a: Ursaluna\n|-boost|p1a: Ursaluna|atk|2\n|cant|p1b: Appletun|Disable|Apple Acid\n|\n|-weather|none\n|-damage|p1a: Ursaluna|54\/100 brn|[from] brn\n|upkeep\n|turn|6\n|\n|t:|1699892880\n|move|p2b: Ninetales|Heat Wave|p1b: Appletun|[spread] p1a,p1b\n|-damage|p1a: Ursaluna|37\/100 brn\n|-damage|p1b: Appletun|55\/100\n|move|p2a: Sinistcha|Matcha Gotcha|p1b: Appletun|[spread] p1a\n|-miss|p2a: Sinistcha|p1b: Appletun\n|-supereffective|p1a: Ursaluna\n|-damage|p1a: Ursaluna|0 fnt\n|faint|p1a: Ursaluna\n|move|p1b: Appletun|Recover|p1b: Appletun\n|-heal|p1b: Appletun|100\/100\n|\n|upkeep\n|turn|7\n|\n|t:|1699892897\n|move|p2b: Ninetales|Heat Wave|p1b: Appletun\n|-damage|p1b: Appletun|83\/100\n|move|p2a: Sinistcha|Matcha Gotcha|p1b: Appletun\n|-resisted|p1b: Appletun\n|-damage|p1b: Appletun|77\/100\n|move|p1b: Appletun|Leech Seed|p2b: Ninetales\n|-start|p2b: Ninetales|move: Leech Seed\n|\n|-damage|p2b: Ninetales|30\/100|[from] Leech Seed|[of] p1b: Appletun\n|-heal|p1b: Appletun|87\/100|[silent]\n|upkeep\n|turn|8\n|\n|t:|1699892911\n|move|p2b: Ninetales|Will-O-Wisp|p1b: Appletun\n|-status|p1b: Appletun|brn\n|move|p2a: Sinistcha|Matcha Gotcha|p1b: Appletun\n|-resisted|p1b: Appletun\n|-damage|p1b: Appletun|82\/100 brn\n|move|p1b: Appletun|Bulldoze|p2b: Ninetales|[spread] p2a,p2b\n|-resisted|p2a: Sinistcha\n|-supereffective|p2b: Ninetales\n|-damage|p2a: Sinistcha|99\/100\n|-damage|p2b: Ninetales|20\/100\n|-unboost|p2a: Sinistcha|spe|1\n|-unboost|p2b: Ninetales|spe|1\n|\n|-heal|p2a: Sinistcha|100\/100|[from] item: Leftovers\n|-damage|p2b: Ninetales|8\/100|[from] Leech Seed|[of] p1b: Appletun\n|-heal|p1b: Appletun|92\/100 brn|[silent]\n|-damage|p1b: Appletun|86\/100 brn|[from] brn\n|-end|p1b: Appletun|Disable\n|upkeep\n|turn|9\n|\n|t:|1699892935\n|move|p2b: Ninetales|Disable|p1b: Appletun\n|-start|p1b: Appletun|Disable|Bulldoze\n|move|p2a: Sinistcha|Matcha Gotcha|p1b: Appletun\n|-resisted|p1b: Appletun\n|-damage|p1b: Appletun|81\/100 brn\n|move|p1b: Appletun|Apple Acid|p2a: Sinistcha\n|-resisted|p2a: Sinistcha\n|-damage|p2a: Sinistcha|85\/100\n|-unboost|p2a: Sinistcha|spd|1\n|\n|-heal|p2a: Sinistcha|92\/100|[from] item: Leftovers\n|-damage|p2b: Ninetales|0 fnt|[from] Leech Seed|[of] p1b: Appletun\n|-heal|p1b: Appletun|87\/100 brn|[silent]\n|faint|p2b: Ninetales\n|-damage|p1b: Appletun|81\/100 brn|[from] brn\n|upkeep\n|turn|10\n|\n|t:|1699892950\n|move|p2a: Sinistcha|Matcha Gotcha|p1b: Appletun\n|-resisted|p1b: Appletun\n|-damage|p1b: Appletun|76\/100 brn\n|-heal|p2a: Sinistcha|95\/100|[from] drain|[of] p1b: Appletun\n|move|p1b: Appletun|Apple Acid|p2a: Sinistcha\n|-resisted|p2a: Sinistcha\n|-damage|p2a: Sinistcha|68\/100\n|-unboost|p2a: Sinistcha|spd|1\n|\n|-heal|p2a: Sinistcha|74\/100|[from] item: Leftovers\n|-damage|p1b: Appletun|70\/100 brn|[from] brn\n|upkeep\n|turn|11\n|\n|t:|1699892960\n|move|p2a: Sinistcha|Matcha Gotcha|p1b: Appletun\n|-resisted|p1b: Appletun\n|-damage|p1b: Appletun|64\/100 brn\n|-heal|p2a: Sinistcha|77\/100|[from] drain|[of] p1b: Appletun\n|move|p1b: Appletun|Apple Acid|p2a: Sinistcha\n|-resisted|p2a: Sinistcha\n|-damage|p2a: Sinistcha|42\/100\n|-unboost|p2a: Sinistcha|spd|1\n|\n|-heal|p2a: Sinistcha|48\/100|[from] item: Leftovers\n|-damage|p1b: Appletun|58\/100 brn|[from] brn\n|upkeep\n|turn|12\n|\n|t:|1699892973\n|move|p2a: Sinistcha|Strength Sap|p1b: Appletun\n|-unboost|p1b: Appletun|atk|1\n|-heal|p2a: Sinistcha|100\/100\n|move|p1b: Appletun|Recover|p1b: Appletun\n|-heal|p1b: Appletun|100\/100 brn\n|\n|-damage|p1b: Appletun|95\/100 brn|[from] brn\n|-end|p1b: Appletun|Disable\n|upkeep\n|turn|13\n|\n|t:|1699892983\n|move|p2a: Sinistcha|Matcha Gotcha|p1b: Appletun\n|-resisted|p1b: Appletun\n|-damage|p1b: Appletun|89\/100 brn\n|move|p1b: Appletun|Apple Acid|p2a: Sinistcha\n|-resisted|p2a: Sinistcha\n|-damage|p2a: Sinistcha|60\/100\n|-unboost|p2a: Sinistcha|spd|1\n|\n|-heal|p2a: Sinistcha|66\/100|[from] item: Leftovers\n|-damage|p1b: Appletun|83\/100 brn|[from] brn\n|upkeep\n|turn|14\n|\n|t:|1699892994\n|move|p2a: Sinistcha|Strength Sap|p1b: Appletun\n|-unboost|p1b: Appletun|atk|1\n|-heal|p2a: Sinistcha|100\/100\n|move|p1b: Appletun|Apple Acid|p2a: Sinistcha\n|-resisted|p2a: Sinistcha\n|-damage|p2a: Sinistcha|52\/100\n|-unboost|p2a: Sinistcha|spd|1\n|\n|-heal|p2a: Sinistcha|58\/100|[from] item: Leftovers\n|-damage|p1b: Appletun|77\/100 brn|[from] brn\n|upkeep\n|turn|15\n|\n|t:|1699893006\n|move|p2a: Sinistcha|Strength Sap|p1b: Appletun\n|-unboost|p1b: Appletun|atk|1\n|-heal|p2a: Sinistcha|88\/100\n|move|p1b: Appletun|Apple Acid|p2a: Sinistcha\n|-resisted|p2a: Sinistcha\n|-crit|p2a: Sinistcha\n|-damage|p2a: Sinistcha|0 fnt\n|faint|p2a: Sinistcha\n|\n|win|boi in the back\n|raw|boi in the back's rating: 1090 &rarr; <strong>1123<\/strong><br \/>(+33 for winning)\n|raw|Saucey Ausy's rating: 1173 &rarr; <strong>1142<\/strong><br \/>(-31 for losing)\n","uploadtime":1699893015,"views":8,"p1id":"boiintheback","p2id":"sauceyausy","formatid":"gen9vgc2023regulatione","rating":1123,"private":0,"password":""}