{"id":"gen9vgc2023regulatione-1991778708","p1":"Kua23","p2":"jeikono","format":"[Gen 9] VGC 2023 Regulation E","log":"|j|\u2606Kua23\n|j|\u2606jeikono\n|t:|1700115679\n|gametype|doubles\n|player|p1|Kua23|cynthia|1074\n|player|p2|jeikono|whitney|1036\n|teamsize|p1|6\n|teamsize|p2|4\n|gen|9\n|tier|[Gen 9] VGC 2023 Regulation E\n|rated|\n|rule|Species Clause: Limit one of each Pok\u00e9mon\n|rule|Item Clause: Limit one of each item\n|clearpoke\n|poke|p1|Sneasler, L50, M|\n|poke|p1|Indeedee-F, L50, F|\n|poke|p1|Armarouge, L50, M|\n|poke|p1|Urshifu-*, L50, M|\n|poke|p1|Chien-Pao, L50|\n|poke|p1|Tornadus, L50, M|\n|poke|p2|Sableye, L50, F|\n|poke|p2|Maushold, L50|\n|poke|p2|Sinistcha-Masterpiece, L50|\n|poke|p2|Garganacl, L50, M|\n|teampreview|4\n|inactive|Battle timer is ON: inactive players will automatically lose when time's up. (requested by jeikono)\njeikono rejected open team sheets.\n|inactive|Kua23 has 60 seconds left.\n|inactive|Kua23 has 30 seconds left.\n|\n|t:|1700115747\n|start\n|switch|p1a: Chien-Pao|Chien-Pao, L50|100\/100\n|switch|p1b: Indeedee|Indeedee-F, L50, F|100\/100\n|switch|p2a: Sinistcha|Sinistcha-Masterpiece, L50|100\/100\n|switch|p2b: Sableye|Sableye, L50, F|100\/100\n|-ability|p1a: Chien-Pao|Sword of Ruin\n|-fieldstart|move: Psychic Terrain|[from] ability: Psychic Surge|[of] p1b: Indeedee\n|turn|1\n|\n|t:|1700115765\n|move|p1a: Chien-Pao|Protect|p1a: Chien-Pao\n|-singleturn|p1a: Chien-Pao|Protect\n|move|p1b: Indeedee|Protect|p1b: Indeedee\n|-singleturn|p1b: Indeedee|Protect\n|move|p2b: Sableye|Gravity|p2b: Sableye\n|-fieldstart|move: Gravity\n|move|p2a: Sinistcha|Matcha Gotcha|p1a: Chien-Pao|[spread] \n|-activate|p1a: Chien-Pao|move: Protect\n|-activate|p1b: Indeedee|move: Protect\n|\n|upkeep\n|turn|2\n|\n|t:|1700115789\n|move|p1b: Indeedee|Follow Me|p1b: Indeedee\n|-singleturn|p1b: Indeedee|move: Follow Me\n|move|p1a: Chien-Pao|Icicle Crash|p2a: Sinistcha\n|-supereffective|p2a: Sinistcha\n|-enditem|p2a: Sinistcha|Focus Sash\n|-damage|p2a: Sinistcha|1\/100\n|-damage|p1a: Chien-Pao|91\/100|[from] item: Life Orb\n|move|p2a: Sinistcha|Matcha Gotcha|p1a: Chien-Pao|[spread] p1a,p1b\n|-crit|p1b: Indeedee\n|-damage|p1a: Chien-Pao|39\/100\n|-heal|p2a: Sinistcha|24\/100|[from] drain|[of] p1a: Chien-Pao\n|-damage|p1b: Indeedee|55\/100\n|-heal|p2a: Sinistcha|47\/100|[from] drain|[of] p1b: Indeedee\n|-status|p1a: Chien-Pao|brn\n|move|p2b: Sableye|Foul Play|p1b: Indeedee\n|-supereffective|p1b: Indeedee\n|-damage|p1b: Indeedee|6\/100\n|-damage|p2b: Sableye|84\/100|[from] item: Rocky Helmet|[of] p1b: Indeedee\n|\n|-damage|p1a: Chien-Pao|33\/100 brn|[from] brn\n|upkeep\n|turn|3\n|inactive|Kua23 has 30 seconds left.\n|inactive|jeikono has 30 seconds left.\n|\n|t:|1700115816\n|move|p1b: Indeedee|Protect|p1b: Indeedee\n|-singleturn|p1b: Indeedee|Protect\n|move|p1a: Chien-Pao|Icicle Crash|p2a: Sinistcha\n|-supereffective|p2a: Sinistcha\n|-damage|p2a: Sinistcha|0 fnt\n|faint|p2a: Sinistcha\n|-damage|p1a: Chien-Pao|24\/100 brn|[from] item: Life Orb\n|move|p2b: Sableye|Foul Play|p1a: Chien-Pao\n|-resisted|p1a: Chien-Pao\n|-damage|p1a: Chien-Pao|0 fnt\n|faint|p1a: Chien-Pao\n|\n|upkeep\n|\n|t:|1700115835\n|switch|p1a: Armarouge|Armarouge, L50, M|100\/100\n|switch|p2a: Maushold|Maushold, L50|100\/100\n|turn|4\n|\n|t:|1700115847\n|-terastallize|p1a: Armarouge|Grass\n|move|p1b: Indeedee|Helping Hand|p1a: Armarouge\n|-singleturn|p1a: Armarouge|Helping Hand|[of] p1b: Indeedee\n|move|p2a: Maushold|Tidy Up|p2a: Maushold\n|-boost|p2a: Maushold|atk|1\n|-boost|p2a: Maushold|spe|1\n|move|p1a: Armarouge|Expanding Force|p2b: Sableye|[spread] p2a\n|-immune|p2b: Sableye\n|-damage|p2a: Maushold|0 fnt\n|faint|p2a: Maushold\n|move|p2b: Sableye|Foul Play|p1b: Indeedee\n|-supereffective|p1b: Indeedee\n|-damage|p1b: Indeedee|0 fnt\n|-damage|p2b: Sableye|67\/100|[from] item: Rocky Helmet|[of] p1b: Indeedee\n|faint|p1b: Indeedee\n|\n|upkeep\n|\n|t:|1700115864\n|switch|p2a: Garganacl|Garganacl, L50, M|100\/100\n|switch|p1b: Sneasler|Sneasler, L50, M|100\/100\n|-enditem|p1b: Sneasler|Psychic Seed\n|-boost|p1b: Sneasler|spd|1|[from] item: Psychic Seed\n|turn|5\n|\n|t:|1700115887\n|-terastallize|p2a: Garganacl|Ghost\n|move|p1b: Sneasler|Close Combat|p2a: Garganacl\n|-immune|p2a: Garganacl\n|move|p1a: Armarouge|Expanding Force|p2a: Garganacl|[spread] p2a\n|-immune|p2b: Sableye\n|-damage|p2a: Garganacl|41\/100\n|move|p2b: Sableye|Foul Play|p1b: Sneasler\n|-resisted|p1b: Sneasler\n|-damage|p1b: Sneasler|65\/100\n|move|p2a: Garganacl|Salt Cure|p1a: Armarouge\n|-damage|p1a: Armarouge|85\/100\n|-start|p1a: Armarouge|Salt Cure\n|-ability|p1a: Armarouge|Weak Armor|boost\n|-unboost|p1a: Armarouge|def|1\n|-boost|p1a: Armarouge|spe|2\n|\n|-heal|p2a: Garganacl|47\/100|[from] item: Leftovers\n|-damage|p1a: Armarouge|73\/100|[from] Salt Cure\n|-fieldend|move: Gravity\n|-fieldend|move: Psychic Terrain\n|upkeep\n|turn|6\n|inactive|jeikono has 30 seconds left.\n|inactive|jeikono has 20 seconds left.\n|\n|t:|1700115924\n|move|p2a: Garganacl|Protect|p2a: Garganacl\n|-singleturn|p2a: Garganacl|Protect\n|move|p2b: Sableye|Encore|p1b: Sneasler\n|-start|p1b: Sneasler|Encore\n|move|p1b: Sneasler|Close Combat|p2a: Garganacl\n|-activate|p2a: Garganacl|move: Protect\n|move|p1a: Armarouge|Expanding Force|p2a: Garganacl\n|-activate|p2a: Garganacl|move: Protect\n|\n|-heal|p2a: Garganacl|53\/100|[from] item: Leftovers\n|-damage|p1a: Armarouge|60\/100|[from] Salt Cure\n|upkeep\n|turn|7\n|inactive|Kua23 has 30 seconds left.\n|\n|t:|1700115955\n|move|p2b: Sableye|Disable|p1a: Armarouge\n|-start|p1a: Armarouge|Disable|Expanding Force\n|move|p1b: Sneasler|Close Combat|p2b: Sableye\n|-immune|p2b: Sableye\n|cant|p1a: Armarouge|Disable|Expanding Force\n|move|p2a: Garganacl|Recover|p2a: Garganacl\n|-heal|p2a: Garganacl|100\/100\n|\n|-damage|p1a: Armarouge|48\/100|[from] Salt Cure\n|upkeep\n|turn|8\n|\n|t:|1700115972\n|move|p2b: Sableye|Encore|p1a: Armarouge\n|-start|p1a: Armarouge|Encore\n|move|p1b: Sneasler|Close Combat|p2a: Garganacl\n|-immune|p2a: Garganacl\n|cant|p1a: Armarouge|Disable|Expanding Force\n|move|p2a: Garganacl|Salt Cure|p1b: Sneasler\n|-resisted|p1b: Sneasler\n|-damage|p1b: Sneasler|56\/100\n|-start|p1b: Sneasler|Salt Cure\n|\n|-damage|p1b: Sneasler|43\/100|[from] Salt Cure\n|-damage|p1a: Armarouge|35\/100|[from] Salt Cure\n|-end|p1b: Sneasler|Encore\n|upkeep\n|turn|9\n|\n|t:|1700115996\n|move|p2b: Sableye|Encore|p1b: Sneasler\n|-start|p1b: Sneasler|Encore\n|move|p1b: Sneasler|Close Combat|p2a: Garganacl\n|-immune|p2a: Garganacl\n|-activate|p1a: Armarouge|move: Struggle\n|move|p1a: Armarouge|Struggle|p2b: Sableye\n|-damage|p2b: Sableye|61\/100\n|-damage|p1a: Armarouge|10\/100|[from] recoil\n|move|p2a: Garganacl|Salt Cure|p1b: Sneasler\n|-resisted|p1b: Sneasler\n|-damage|p1b: Sneasler|33\/100\n|\n|-damage|p1b: Sneasler|20\/100|[from] Salt Cure\n|-damage|p1a: Armarouge|0 fnt|[from] Salt Cure\n|faint|p1a: Armarouge\n|upkeep\n|turn|10\n|-message|Kua23 forfeited.\n|\n|win|jeikono\n|raw|Kua23's rating: 1074 &rarr; <strong>1051<\/strong><br \/>(-23 for losing)\n|raw|jeikono's rating: 1036 &rarr; <strong>1074<\/strong><br \/>(+38 for winning)\n|l|\u2606Kua23\n","uploadtime":1700116017,"views":18,"p1id":"kua23","p2id":"jeikono","formatid":"gen9vgc2023regulatione","rating":1051,"private":0,"password":""}