{"id":"gen9vgc2023regulatione-1989043454","p1":"Profily","p2":"liang2023","format":"[Gen 9] VGC 2023 Regulation E","log":"|j|\u2606Profily\n|j|\u2606liang2023\n|t:|1699805824\n|gametype|doubles\n|player|p1|Profily|hilbert|1490\n|player|p2|liang2023|fisherman-gen4|1626\n|teamsize|p1|6\n|teamsize|p2|6\n|gen|9\n|tier|[Gen 9] VGC 2023 Regulation E\n|rated|\n|rule|Species Clause: Limit one of each Pok\u00e9mon\n|rule|Item Clause: Limit one of each item\n|clearpoke\n|poke|p1|Spinarak, L50, M|\n|poke|p1|Tatsugiri-Droopy, L50, M|\n|poke|p1|Arcanine-Hisui, L50, M|\n|poke|p1|Lurantis, L50, F|\n|poke|p1|Armarouge, L50, M|\n|poke|p1|Farigiraf, L50, M|\n|poke|p2|Landorus-Therian, L50, M|\n|poke|p2|Flutter Mane, L50|\n|poke|p2|Tornadus, L50, M|\n|poke|p2|Urshifu-*, L50, F|\n|poke|p2|Chi-Yu, L50|\n|poke|p2|Iron Hands, L50|\n|teampreview|4\n|inactive|Battle timer is ON: inactive players will automatically lose when time's up. (requested by liang2023)\n|inactive|Profily also wants the timer to be on.\n|inactive|Profily has 60 seconds left.\n|\n|t:|1699805874\n|start\n|switch|p1a: Armarouge|Armarouge, L50, M|100\/100\n|switch|p1b: Lurantis|Lurantis, L50, F|100\/100\n|switch|p2a: Flutter Mane|Flutter Mane, L50, shiny|100\/100\n|switch|p2b: Chi-Yu|Chi-Yu, L50|100\/100\n|-ability|p2b: Chi-Yu|Beads of Ruin\n|turn|1\n|\n|t:|1699805888\n|-terastallize|p1a: Armarouge|Fairy\n|move|p2a: Flutter Mane|Imprison|p2a: Flutter Mane\n|-start|p2a: Flutter Mane|move: Imprison\n|move|p2b: Chi-Yu|Dark Pulse|p1a: Armarouge\n|-resisted|p1a: Armarouge\n|-damage|p1a: Armarouge|48\/100\n|move|p1b: Lurantis|Superpower|p2b: Chi-Yu\n|-supereffective|p2b: Chi-Yu\n|-damage|p2b: Chi-Yu|0 fnt\n|-boost|p1b: Lurantis|atk|1\n|-boost|p1b: Lurantis|def|1\n|faint|p2b: Chi-Yu\n|cant|p1a: Armarouge|move: Imprison|Trick Room\n|\n|upkeep\n|\n|t:|1699805905\n|switch|p2b: Urshifu|Urshifu-Rapid-Strike, L50, F|100\/100\n|turn|2\n|\n|t:|1699805912\n|-terastallize|p2b: Urshifu|Water\n|move|p1a: Armarouge|Wide Guard|p1a: Armarouge\n|-singleturn|p1a: Armarouge|Wide Guard\n|move|p2a: Flutter Mane|Dazzling Gleam|p1b: Lurantis|[spread] \n|-activate|p1a: Armarouge|move: Wide Guard\n|-activate|p1b: Lurantis|move: Wide Guard\n|move|p2b: Urshifu|Surging Strikes|p1b: Lurantis\n|-resisted|p1b: Lurantis\n|-crit|p1b: Lurantis\n|-damage|p1b: Lurantis|82\/100\n|-resisted|p1b: Lurantis\n|-crit|p1b: Lurantis\n|-damage|p1b: Lurantis|64\/100\n|-resisted|p1b: Lurantis\n|-crit|p1b: Lurantis\n|-damage|p1b: Lurantis|45\/100\n|-hitcount|p1b: Lurantis|3\n|move|p1b: Lurantis|Leaf Blade|p2b: Urshifu\n|-supereffective|p2b: Urshifu\n|-damage|p2b: Urshifu|0 fnt\n|faint|p2b: Urshifu\n|\n|upkeep\n|\n|t:|1699805933\n|switch|p2b: Iron Hands|Iron Hands, L50|100\/100\n|turn|3\n|\n|t:|1699805948\n|switch|p1a: Tatsugiri|Tatsugiri-Droopy, L50, M|100\/100\n|move|p2a: Flutter Mane|Shadow Ball|p1b: Lurantis\n|-damage|p1b: Lurantis|13\/100\n|move|p2b: Iron Hands|Heavy Slam|p1a: Tatsugiri\n|-resisted|p1a: Tatsugiri\n|-damage|p1a: Tatsugiri|65\/100\n|move|p1b: Lurantis|Leaf Blade|p2a: Flutter Mane\n|-enditem|p2a: Flutter Mane|Focus Sash\n|-damage|p2a: Flutter Mane|1\/100\n|\n|-heal|p1a: Tatsugiri|71\/100|[from] item: Leftovers\n|upkeep\n|turn|4\n|\n|t:|1699805973\n|switch|p1b: Arcanine|Arcanine-Hisui, L50, M|100\/100\n|-ability|p1b: Arcanine|Intimidate|boost\n|-unboost|p2a: Flutter Mane|atk|1\n|-unboost|p2b: Iron Hands|atk|1\n|move|p1a: Tatsugiri|Protect|p1a: Tatsugiri\n|-singleturn|p1a: Tatsugiri|Protect\n|move|p2a: Flutter Mane|Dazzling Gleam|p1a: Tatsugiri|[spread] p1b\n|-activate|p1a: Tatsugiri|move: Protect\n|-resisted|p1b: Arcanine\n|-damage|p1b: Arcanine|79\/100\n|move|p2b: Iron Hands|Wild Charge|p1a: Tatsugiri\n|-activate|p1a: Tatsugiri|move: Protect\n|\n|-heal|p1a: Tatsugiri|76\/100|[from] item: Leftovers\n|upkeep\n|turn|5\n|-message|liang2023 forfeited.\n|\n|win|Profily\n|raw|Profily's rating: 1490 &rarr; <strong>1517<\/strong><br \/>(+27 for winning)\n|raw|liang2023's rating: 1626 &rarr; <strong>1599<\/strong><br \/>(-27 for losing)\n|l|\u2606liang2023\n","uploadtime":1699805984,"views":15,"p1id":"profily","p2id":"liang2023","formatid":"gen9vgc2023regulatione","rating":1517,"private":0,"password":""}