{"id":"gen9vgc2023regulatione-1996432415","p1":"The Carkol Rider","p2":"LogIce","format":"[Gen 9] VGC 2023 Regulation E","log":"|j|\u2606The Carkol Rider\n|j|\u2606LogIce\n|n|\u2606The Carkol Rider|thecarkolrider\n|n|\u2606LogIce|logice\n|html|View the match progress at <a href=\"\/game-bestof3-gen9vgc2023regulatione-1996430024\">game-bestof3-gen9vgc2023regulatione-1996430024<\/a>\n|t:|1700681471\n|gametype|doubles\n|player|p1|The Carkol Rider|grimsley|\n|player|p2|LogIce|giovanni-masters|\n|teamsize|p1|6\n|teamsize|p2|6\n|gen|9\n|tier|[Gen 9] VGC 2023 Regulation E\n|rule|Species Clause: Limit one of each Pok\u00e9mon\n|rule|Item Clause: Limit one of each item\n|clearpoke\n|poke|p1|Urshifu-*, L50, F|\n|poke|p1|Roaring Moon, L50|\n|poke|p1|Arcanine-Hisui, L50, F|\n|poke|p1|Gholdengo, L50|\n|poke|p1|Poltchageist, L50|\n|poke|p1|Landorus-Therian, L50, M|\n|poke|p2|Chien-Pao, L50|\n|poke|p2|Dragonite, L50, F|\n|poke|p2|Jumpluff, L50, F|\n|poke|p2|Sneasler, L50, F|\n|poke|p2|Azumarill, L50, F|\n|poke|p2|Thwackey, L50, F|\n|teampreview|4\n|inactive|Battle timer is ON: inactive players will automatically lose when time's up. (requested by LogIce)\n|inactiveoff|Battle timer is now OFF.\nThe Carkol Rider rejected open team sheets.\n|c|\u2606The Carkol Rider|glhf\n|c|\u2606LogIce|u2\n|\n|t:|1700681498\n|start\n|switch|p1a: Gholdengo|Gholdengo, L50|100\/100\n|switch|p1b: Arcanine|Arcanine-Hisui, L50, F|100\/100\n|switch|p2a: Dragonite|Dragonite, L50, F|100\/100\n|switch|p2b: Chien-Pao|Chien-Pao, L50|100\/100\n|-ability|p2b: Chien-Pao|Sword of Ruin\n|-ability|p1b: Arcanine|Intimidate|boost\n|-fail|p2a: Dragonite|unboost|Attack|[from] ability: Inner Focus|[of] p2a: Dragonite\n|-unboost|p2b: Chien-Pao|atk|1\n|turn|1\n|c|\u2606The Carkol Rider|just realized I have a set error\n|c|\u2606The Carkol Rider|oh well\n|c|\u2606LogIce|its ok I do too lol\n|\n|t:|1700681536\n|-terastallize|p2a: Dragonite|Water\n|move|p2b: Chien-Pao|Sacred Sword|p1b: Arcanine\n|-supereffective|p1b: Arcanine\n|-damage|p1b: Arcanine|26\/100\n|move|p1a: Gholdengo|Nasty Plot|p1a: Gholdengo\n|-boost|p1a: Gholdengo|spa|2\n|move|p1b: Arcanine|Double Kick|p2b: Chien-Pao\n|-supereffective|p2b: Chien-Pao\n|-damage|p2b: Chien-Pao|39\/100\n|-supereffective|p2b: Chien-Pao\n|-damage|p2b: Chien-Pao|0 fnt\n|faint|p2b: Chien-Pao\n|-hitcount|p2: Chien-Pao|2\n|move|p2a: Dragonite|Dragon Dance|p2a: Dragonite\n|-boost|p2a: Dragonite|atk|1\n|-boost|p2a: Dragonite|spe|1\n|\n|upkeep\n|c|\u2606LogIce|forgot a move on pao\n|\n|t:|1700681556\n|switch|p2b: Thwackey|Thwackey, L50, F|100\/100\n|-fieldstart|move: Grassy Terrain|[from] ability: Grassy Surge|[of] p2b: Thwackey\n|turn|2\n|\n|t:|1700681565\n|move|p2b: Thwackey|Fake Out|p1b: Arcanine\n|-resisted|p1b: Arcanine\n|-crit|p1b: Arcanine\n|-damage|p1b: Arcanine|14\/100\n|cant|p1b: Arcanine|flinch\n|move|p2a: Dragonite|Stomping Tantrum|p1a: Gholdengo\n|-supereffective|p1a: Gholdengo\n|-damage|p1a: Gholdengo|12\/100\n|move|p1a: Gholdengo|Make It Rain|p2a: Dragonite|[spread] p2a,p2b\n|-resisted|p2a: Dragonite\n|-damage|p2a: Dragonite|44\/100\n|-damage|p2b: Thwackey|2\/100\n|-unboost|p1a: Gholdengo|spa|1\n|\n|-heal|p2a: Dragonite|50\/100|[from] Grassy Terrain\n|-heal|p1a: Gholdengo|18\/100|[from] Grassy Terrain\n|-heal|p1a: Gholdengo|24\/100|[from] item: Leftovers\n|-heal|p1b: Arcanine|21\/100|[from] Grassy Terrain\n|-heal|p2b: Thwackey|8\/100|[from] Grassy Terrain\n|upkeep\n|turn|3\n|\n|t:|1700681595\n|move|p2a: Dragonite|Extreme Speed|p1b: Arcanine\n|-resisted|p1b: Arcanine\n|-damage|p1b: Arcanine|0 fnt\n|faint|p1b: Arcanine\n|move|p1a: Gholdengo|Make It Rain|p2a: Dragonite|[spread] p2a,p2b\n|-resisted|p2a: Dragonite\n|-damage|p2a: Dragonite|7\/100\n|-damage|p2b: Thwackey|0 fnt\n|-unboost|p1a: Gholdengo|spa|1\n|faint|p2b: Thwackey\n|\n|-heal|p2a: Dragonite|13\/100|[from] Grassy Terrain\n|-heal|p1a: Gholdengo|31\/100|[from] Grassy Terrain\n|-heal|p1a: Gholdengo|37\/100|[from] item: Leftovers\n|upkeep\n|\n|t:|1700681604\n|switch|p1b: Urshifu|Urshifu-Rapid-Strike, L50, F|100\/100\n|switch|p2b: Jumpluff|Jumpluff, L50, F|100\/100\n|turn|4\n|\n|t:|1700681632\n|-terastallize|p1b: Urshifu|Water\n|move|p1a: Gholdengo|Protect|p1a: Gholdengo\n|-singleturn|p1a: Gholdengo|Protect\n|move|p2b: Jumpluff|Rage Powder|p2b: Jumpluff\n|-singleturn|p2b: Jumpluff|move: Rage Powder\n|move|p2a: Dragonite|Stomping Tantrum|p1a: Gholdengo\n|-activate|p1a: Gholdengo|move: Protect\n|move|p1b: Urshifu|Surging Strikes|p2b: Jumpluff\n|-resisted|p2b: Jumpluff\n|-crit|p2b: Jumpluff\n|-damage|p2b: Jumpluff|79\/100\n|-damage|p1b: Urshifu|84\/100|[from] item: Rocky Helmet|[of] p2b: Jumpluff\n|-resisted|p2b: Jumpluff\n|-crit|p2b: Jumpluff\n|-damage|p2b: Jumpluff|59\/100\n|-damage|p1b: Urshifu|67\/100|[from] item: Rocky Helmet|[of] p2b: Jumpluff\n|-resisted|p2b: Jumpluff\n|-crit|p2b: Jumpluff\n|-damage|p2b: Jumpluff|40\/100\n|-damage|p1b: Urshifu|51\/100|[from] item: Rocky Helmet|[of] p2b: Jumpluff\n|-hitcount|p2b: Jumpluff|3\n|\n|-heal|p2a: Dragonite|19\/100|[from] Grassy Terrain\n|-heal|p1b: Urshifu|57\/100|[from] Grassy Terrain\n|-heal|p1a: Gholdengo|43\/100|[from] Grassy Terrain\n|-heal|p1a: Gholdengo|49\/100|[from] item: Leftovers\n|upkeep\n|turn|5\n|\n|t:|1700681646\n|switch|p1a: Landorus|Landorus-Therian, L50, M|100\/100\n|-ability|p1a: Landorus|Intimidate|boost\n|-fail|p2a: Dragonite|unboost|Attack|[from] ability: Inner Focus|[of] p2a: Dragonite\n|-unboost|p2b: Jumpluff|atk|1\n|move|p2b: Jumpluff|Rage Powder|p2b: Jumpluff\n|-singleturn|p2b: Jumpluff|move: Rage Powder\n|move|p2a: Dragonite|Stomping Tantrum|p1a: Landorus\n|-immune|p1a: Landorus\n|move|p1b: Urshifu|Ice Spinner|p2b: Jumpluff\n|-supereffective|p2b: Jumpluff\n|-damage|p2b: Jumpluff|0 fnt\n|-damage|p1b: Urshifu|40\/100|[from] item: Rocky Helmet|[of] p2b: Jumpluff\n|-fieldend|move: Grassy Terrain\n|faint|p2b: Jumpluff\n|\n|upkeep\n|turn|6\n|\n|t:|1700681657\n|move|p2a: Dragonite|Extreme Speed|p1b: Urshifu\n|-damage|p1b: Urshifu|0 fnt\n|faint|p1b: Urshifu\n|move|p1a: Landorus|Stomping Tantrum|p2a: Dragonite\n|-damage|p2a: Dragonite|0 fnt\n|faint|p2a: Dragonite\n|\n|win|The Carkol Rider\n|c|\u2606The Carkol Rider|gg\n|c|\u2606LogIce|gg\n","uploadtime":1700681665,"views":18,"p1id":"thecarkolrider","p2id":"logice","formatid":"gen9vgc2023regulatione","rating":0,"private":0,"password":""}