{"id":"gen9vgc2023regulatione-1994869793","p1":"ScarsonaVGC","p2":"tonino810","format":"[Gen 9] VGC 2023 Regulation E","log":"|j|\u2606ScarsonaVGC\n|j|\u2606tonino810\n|n|\u2606ScarsonaVGC|scarsonavgc\n|n|\u2606tonino810|tonino810\n|html|View the match progress at <a href=\"\/game-bestof3-gen9vgc2023regulatione-1994866812\">game-bestof3-gen9vgc2023regulatione-1994866812<\/a>\n|t:|1700500272\n|gametype|doubles\n|player|p1|ScarsonaVGC|swimmerf-gen4|\n|player|p2|tonino810|2|\n|teamsize|p1|6\n|teamsize|p2|6\n|gen|9\n|tier|[Gen 9] VGC 2023 Regulation E\n|rule|Species Clause: Limit one of each Pok\u00e9mon\n|rule|Item Clause: Limit one of each item\n|clearpoke\n|poke|p1|Ninetales-Alola, L50, M|\n|poke|p1|Glimmora, L50, F|\n|poke|p1|Dondozo, L50, M|\n|poke|p1|Tatsugiri, L50, F|\n|poke|p1|Chien-Pao, L50|\n|poke|p1|Dragonite, L50, F|\n|poke|p2|Ursaluna-Bloodmoon, L50, M|\n|poke|p2|Cresselia, L50, F|\n|poke|p2|Torkoal, L50, M|\n|poke|p2|Gastrodon, L50, F|\n|poke|p2|Lilligant-Hisui, L50, F|\n|poke|p2|Iron Hands, L50|\n|teampreview|4\n|inactive|Battle timer is ON: inactive players will automatically lose when time's up. (requested by tonino810)\ntonino810 has agreed to open team sheets.\n|inactiveoff|Battle timer is now OFF.\nScarsonaVGC has agreed to open team sheets.\n|showteam|p1|Ninetales-Alola||LightClay|SnowWarning|FreezeDry,IcyWind,AuroraVeil,Protect|||M|||50|,,,,,Ghost]Glimmora||FocusSash|ToxicDebris|PowerGem,EarthPower,SludgeBomb,SpikyShield|||F|||50|,,,,,Grass]Dondozo||Leftovers|Unaware|Earthquake,Protect,OrderUp,Substitute|||M|||50|,,,,,Dragon]Tatsugiri||ChoiceScarf|Commander|DracoMeteor,MuddyWater,IcyWind,DragonPulse|||F|||50|,,,,,Dragon]Chien-Pao||LifeOrb|SwordofRuin|IceSpinner,SacredSword,SuckerPunch,Protect||||||50|,,,,,Poison]Dragonite||ChoiceBand|Multiscale|ExtremeSpeed,AerialAce,Outrage,Earthquake|||F|||50|,,,,,Normal\n|showteam|p2|Ursaluna-Bloodmoon||SilkScarf|MindsEye|HyperVoice,BloodMoon,EarthPower,Protect|||M|||50|,,,,,Normal]Cresselia||SafetyGoggles|Levitate|TrickRoom,AllySwitch,Moonblast,LunarBlessing|||F|||50|,,,,,Fairy]Torkoal||Charcoal|Drought|Eruption,HeatWave,EarthPower,Protect|||M|||50|,,,,,Fire]Gastrodon||Leftovers|StormDrain|Yawn,Recover,EarthPower,ClearSmog|||F|||50|,,,,,Fire]Lilligant-Hisui||MentalHerb|Chlorophyll|AfterYou,SleepPowder,SolarBlade,Protect|||F|||50|,,,,,Grass]Iron Hands||AssaultVest|QuarkDrive|FakeOut,DrainPunch,WildCharge,HeavySlam||||||50|,,,,,Water\n|inactive|Battle timer is ON: inactive players will automatically lose when time's up. (requested by tonino810)\n|\n|t:|1700500360\n|start\n|switch|p1a: Glimmora|Glimmora, L50, F|100\/100\n|switch|p1b: Tatsugiri|Tatsugiri, L50, F|100\/100\n|switch|p2a: Iron Hands|Iron Hands, L50|100\/100\n|switch|p2b: Cresselia|Cresselia, L50, F|100\/100\n|turn|1\n|inactive|ScarsonaVGC has 30 seconds left.\n|inactive|ScarsonaVGC has 20 seconds left.\n|inactive|ScarsonaVGC has 15 seconds left.\n|inactive|tonino810 has 30 seconds left.\n|inactive|tonino810 has 20 seconds left.\n|\n|t:|1700500417\n|switch|p1b: Ninetales|Ninetales-Alola, L50, M, shiny|100\/100\n|-weather|Snow|[from] ability: Snow Warning|[of] p1b: Ninetales\n|move|p1a: Glimmora|Earth Power|p2a: Iron Hands\n|-supereffective|p2a: Iron Hands\n|-damage|p2a: Iron Hands|65\/100\n|move|p2a: Iron Hands|Wild Charge|p1a: Glimmora\n|-damage|p1a: Glimmora|34\/100\n|-activate|p1a: Glimmora|ability: Toxic Debris\n|-sidestart|p2: tonino810|move: Toxic Spikes\n|-damage|p2a: Iron Hands|55\/100|[from] Recoil\n|move|p2b: Cresselia|Trick Room|p2b: Cresselia\n|-fieldstart|move: Trick Room|[of] p2b: Cresselia\n|\n|-weather|Snow|[upkeep]\n|upkeep\n|turn|2\n|inactive|ScarsonaVGC has 30 seconds left.\n|inactive|tonino810 has 30 seconds left.\n|inactive|ScarsonaVGC has 20 seconds left.\n|inactive|tonino810 has 20 seconds left.\n|inactive|ScarsonaVGC has 15 seconds left.\n|inactive|tonino810 has 15 seconds left.\n|inactive|tonino810 has 10 seconds left.\n|\n|t:|1700500464\n|switch|p2b: Torkoal|Torkoal, L50, M|100\/100\n|-status|p2b: Torkoal|psn\n|-weather|SunnyDay|[from] ability: Drought|[of] p2b: Torkoal\n|move|p1a: Glimmora|Spiky Shield|p1a: Glimmora\n|-singleturn|p1a: Glimmora|move: Protect\n|move|p2a: Iron Hands|Heavy Slam|p1b: Ninetales\n|-supereffective|p1b: Ninetales\n|-damage|p1b: Ninetales|0 fnt\n|faint|p1b: Ninetales\n|\n|-weather|SunnyDay|[upkeep]\n|-damage|p2b: Torkoal|88\/100 psn|[from] psn\n|upkeep\n|\n|t:|1700500477\n|switch|p1b: Dondoro|Dondozo, L50, M|100\/100\n|turn|3\n|\n|t:|1700500490\n|-end|p2a: Iron Hands|Quark Drive|[silent]\n|switch|p2a: Cresselia|Cresselia, L50, F|100\/100\n|move|p1b: Dondoro|Protect|p1b: Dondoro\n|-singleturn|p1b: Dondoro|Protect\n|move|p2b: Torkoal|Eruption|p1b: Dondoro|[spread] p1a\n|-activate|p1b: Dondoro|move: Protect\n|-resisted|p1a: Glimmora\n|-damage|p1a: Glimmora|0 fnt\n|faint|p1a: Glimmora\n|\n|-weather|SunnyDay|[upkeep]\n|-damage|p2b: Torkoal|76\/100 psn|[from] psn\n|upkeep\n|\n|t:|1700500494\n|switch|p1a: Tatsugiri|Tatsugiri, L50, F|100\/100\n|-activate|p1a: Tatsugiri|ability: Commander|[of] p1b: Dondoro\n|-boost|p1b: Dondoro|atk|2\n|-boost|p1b: Dondoro|spa|2\n|-boost|p1b: Dondoro|spe|2\n|-boost|p1b: Dondoro|def|2\n|-boost|p1b: Dondoro|spd|2\n|turn|4\n|inactive|tonino810 has 30 seconds left.\n|inactive|tonino810 has 20 seconds left.\n|\n|t:|1700500530\n|move|p2b: Torkoal|Heat Wave|p1b: Dondoro|[spread] p1b\n|-miss|p2b: Torkoal|p1a: Tatsugiri\n|-resisted|p1b: Dondoro\n|-damage|p1b: Dondoro|88\/100\n|move|p2a: Cresselia|Lunar Blessing|p2a: Cresselia|[spread] p2a,p2b\n|-heal|p2b: Torkoal|100\/100 psn\n|-curestatus|p2b: Torkoal|psn|[msg]\n|move|p1b: Dondoro|Earthquake|p2b: Torkoal|[spread] p2b\n|-miss|p1b: Dondoro|p1a: Tatsugiri\n|-immune|p2a: Cresselia|[from] ability: Levitate\n|-supereffective|p2b: Torkoal\n|-damage|p2b: Torkoal|36\/100\n|\n|-weather|SunnyDay|[upkeep]\n|-heal|p1b: Dondoro|94\/100|[from] item: Leftovers\n|upkeep\n|turn|5\n|inactive|tonino810 has 30 seconds left.\n|\n|t:|1700500559\n|move|p2b: Torkoal|Eruption|p1b: Dondoro|[spread] p1b\n|-miss|p2b: Torkoal|p1a: Tatsugiri\n|-resisted|p1b: Dondoro\n|-damage|p1b: Dondoro|87\/100\n|move|p2a: Cresselia|Moonblast|p1b: Dondoro\n|-damage|p1b: Dondoro|79\/100\n|-unboost|p1b: Dondoro|spa|1\n|move|p1b: Dondoro|Order Up|p2b: Torkoal\n|-damage|p2b: Torkoal|3\/100\n|-boost|p1b: Dondoro|atk|1\n|\n|-weather|SunnyDay|[upkeep]\n|-heal|p1b: Dondoro|85\/100|[from] item: Leftovers\n|-fieldend|move: Trick Room\n|upkeep\n|turn|6\n|inactive|tonino810 has 30 seconds left.\n|inactive|tonino810 has 20 seconds left.\n|\n|t:|1700500599\n|-terastallize|p1b: Dondoro|Dragon\n|-terastallize|p2a: Cresselia|Fairy\n|move|p1b: Dondoro|Substitute|p1b: Dondoro\n|-start|p1b: Dondoro|Substitute\n|-damage|p1b: Dondoro|60\/100\n|move|p2b: Torkoal|Heat Wave|p1a: Tatsugiri|[spread] p1b\n|-miss|p2b: Torkoal|p1a: Tatsugiri\n|-resisted|p1b: Dondoro\n|-activate|p1b: Dondoro|move: Substitute|[damage]\n|move|p2a: Cresselia|Trick Room|p2a: Cresselia\n|-fieldstart|move: Trick Room|[of] p2a: Cresselia\n|\n|-weather|none\n|-heal|p1b: Dondoro|66\/100|[from] item: Leftovers\n|upkeep\n|turn|7\n|\n|t:|1700500621\n|move|p2b: Torkoal|Heat Wave|p1b: Dondoro|[spread] p1b\n|-miss|p2b: Torkoal|p1a: Tatsugiri\n|-resisted|p1b: Dondoro\n|-activate|p1b: Dondoro|move: Substitute|[damage]\n|move|p2a: Cresselia|Moonblast|p1b: Dondoro\n|-supereffective|p1b: Dondoro\n|-end|p1b: Dondoro|Substitute\n|move|p1b: Dondoro|Order Up|p2b: Torkoal\n|-damage|p2b: Torkoal|0 fnt\n|faint|p2b: Torkoal\n|-boost|p1b: Dondoro|atk|1\n|\n|-heal|p1b: Dondoro|72\/100|[from] item: Leftovers\n|upkeep\n|\n|t:|1700500634\n|switch|p2b: Ursaluna|Ursaluna-Bloodmoon, L50, M|100\/100\n|-status|p2b: Ursaluna|psn\n|turn|8\n|\n|t:|1700500653\n|move|p2a: Cresselia|Ally Switch|p2a: Cresselia\n|swap|p2a: Cresselia|1|[from] move: Ally Switch\n|move|p2a: Ursaluna|Blood Moon|p1b: Dondoro\n|-damage|p1b: Dondoro|30\/100\n|move|p1b: Dondoro|Earthquake|p2b: Cresselia|[spread] p2a\n|-miss|p1b: Dondoro|p1a: Tatsugiri\n|-immune|p2b: Cresselia|[from] ability: Levitate\n|-damage|p2a: Ursaluna|60\/100 psn\n|\n|-heal|p1b: Dondoro|36\/100|[from] item: Leftovers\n|-damage|p2a: Ursaluna|48\/100 psn|[from] psn\n|upkeep\n|turn|9\n|\n|t:|1700500667\n|move|p2a: Ursaluna|Protect|p2a: Ursaluna\n|-singleturn|p2a: Ursaluna|Protect\n|move|p1b: Dondoro|Protect|p1b: Dondoro\n|-singleturn|p1b: Dondoro|Protect\n|move|p2b: Cresselia|Lunar Blessing|p2b: Cresselia|[spread] p2a,p2b\n|-heal|p2a: Ursaluna|73\/100 psn\n|-curestatus|p2a: Ursaluna|psn|[msg]\n|\n|-heal|p1b: Dondoro|42\/100|[from] item: Leftovers\n|upkeep\n|turn|10\n|\n|t:|1700500681\n|move|p2a: Ursaluna|Blood Moon|p1b: Dondoro\n|-damage|p1b: Dondoro|0 fnt\n|faint|p1b: Dondoro\n|move|p2b: Cresselia|Moonblast|p1a: Tatsugiri\n|-supereffective|p1a: Tatsugiri\n|-damage|p1a: Tatsugiri|33\/100\n|-unboost|p1a: Tatsugiri|spa|1\n|\n|-fieldend|move: Trick Room\n|upkeep\n|turn|11\n|c|\u2606ScarsonaVGC|gg\n|inactive|ScarsonaVGC has 30 seconds left.\n|-message|ScarsonaVGC forfeited.\n|\n|win|tonino810\n|l|\u2606ScarsonaVGC\n","uploadtime":1700500899,"views":2,"p1id":"scarsonavgc","p2id":"tonino810","formatid":"gen9vgc2023regulatione","rating":0,"private":0,"password":""}