{"id":"gen9vgc2023regulatione-1988704433","p1":"finalitymuk","p2":"Moop243","format":"[Gen 9] VGC 2023 Regulation E","log":"|j|\u2606finalitymuk\n|j|\u2606Moop243\n|t:|1699752778\n|gametype|doubles\n|player|p1|finalitymuk|janitor|1112\n|player|p2|Moop243|colress|1000\n|teamsize|p1|6\n|teamsize|p2|6\n|gen|9\n|tier|[Gen 9] VGC 2023 Regulation E\n|rated|\n|rule|Species Clause: Limit one of each Pok\u00e9mon\n|rule|Item Clause: Limit one of each item\n|clearpoke\n|poke|p1|Landorus-Therian, L50, M|\n|poke|p1|Urshifu-*, L50, M|\n|poke|p1|Flutter Mane, L50|\n|poke|p1|Chien-Pao, L50|\n|poke|p1|Amoonguss, L50, M|\n|poke|p1|Iron Hands, L50|\n|poke|p2|Sinistcha, L50|\n|poke|p2|Landorus-Therian, L50, M|\n|poke|p2|Snorlax, L50, M|\n|poke|p2|Arcanine, L50, M|\n|poke|p2|Amoonguss, L50, M|\n|poke|p2|Iron Hands, L50|\n|teampreview|4\n|inactive|Battle timer is ON: inactive players will automatically lose when time's up. (requested by Moop243)\n|c|\u2606finalitymuk|glhf\nfinalitymuk has agreed to open team sheets.\n|inactive|Moop243 has 60 seconds left.\n|inactive|Moop243 has 30 seconds left.\n|\n|t:|1699752848\n|start\n|switch|p1a: Landorus|Landorus-Therian, L50, M|100\/100\n|switch|p1b: Chien-Pao|Chien-Pao, L50|100\/100\n|switch|p2a: Snorlax|Snorlax, L50, M|100\/100\n|switch|p2b: Landorus|Landorus-Therian, L50, M|100\/100\n|-ability|p1b: Chien-Pao|Sword of Ruin\n|-ability|p2b: Landorus|Intimidate|boost\n|-unboost|p1a: Landorus|atk|1\n|-unboost|p1b: Chien-Pao|atk|1\n|-ability|p1a: Landorus|Intimidate|boost\n|-unboost|p2a: Snorlax|atk|1\n|-unboost|p2b: Landorus|atk|1\n|-enditem|p2b: Landorus|Eject Pack\n|\n|t:|1699752863\n|switch|p2b: Arcanine|Arcanine, L50, M|100\/100\n|-ability|p2b: Arcanine|Intimidate|boost\n|-unboost|p1a: Landorus|atk|1\n|-unboost|p1b: Chien-Pao|atk|1\n|turn|1\n|\n|t:|1699752886\n|switch|p1b: Urshifu|Urshifu-Rapid-Strike, L50, M|100\/100\n|move|p2b: Arcanine|Extreme Speed|p1b: Urshifu\n|-damage|p1b: Urshifu|80\/100\n|move|p1a: Landorus|U-turn|p2a: Snorlax\n|-damage|p2a: Snorlax|89\/100\n|\n|t:|1699752896\n|switch|p1a: Chien-Pao|Chien-Pao, L50|100\/100|[from] U-turn\n|-ability|p1a: Chien-Pao|Sword of Ruin\n|move|p2a: Snorlax|Heat Crash|p1b: Urshifu\n|-resisted|p1b: Urshifu\n|-damage|p1b: Urshifu|65\/100\n|\n|-heal|p2a: Snorlax|95\/100|[from] item: Leftovers\n|upkeep\n|turn|2\n|\n|t:|1699752912\n|move|p2b: Arcanine|Extreme Speed|p1a: Chien-Pao\n|-damage|p1a: Chien-Pao|71\/100\n|move|p1a: Chien-Pao|Sacred Sword|p2a: Snorlax\n|-supereffective|p2a: Snorlax\n|-crit|p2a: Snorlax\n|-damage|p2a: Snorlax|0 fnt\n|faint|p2a: Snorlax\n|move|p1b: Urshifu|Surging Strikes|p2b: Arcanine\n|-supereffective|p2b: Arcanine\n|-crit|p2b: Arcanine\n|-damage|p2b: Arcanine|30\/100\n|-supereffective|p2b: Arcanine\n|-crit|p2b: Arcanine\n|-damage|p2b: Arcanine|0 fnt\n|faint|p2b: Arcanine\n|-hitcount|p2: Arcanine|2\n|\n|upkeep\n|\n|t:|1699752935\n|switch|p2b: Sinistcha|Sinistcha, L50|100\/100\n|switch|p2a: Landorus|Landorus-Therian, L50, M|100\/100\n|-ability|p2a: Landorus|Intimidate|boost\n|-unboost|p1a: Chien-Pao|atk|1\n|-unboost|p1b: Urshifu|atk|1\n|turn|3\n|\n|t:|1699752949\n|move|p1a: Chien-Pao|Icicle Crash|p2a: Landorus\n|-supereffective|p2a: Landorus\n|-damage|p2a: Landorus|0 fnt\n|faint|p2a: Landorus\n|move|p1b: Urshifu|Taunt|p2b: Sinistcha\n|-start|p2b: Sinistcha|move: Taunt\n|cant|p2b: Sinistcha|move: Taunt|Trick Room\n|\n|upkeep\n|turn|4\n|\n|t:|1699752960\n|move|p1a: Chien-Pao|Icicle Crash|p2b: Sinistcha\n|-supereffective|p2b: Sinistcha\n|-damage|p2b: Sinistcha|39\/100\n|move|p1b: Urshifu|Surging Strikes|p2b: Sinistcha\n|-resisted|p2b: Sinistcha\n|-crit|p2b: Sinistcha\n|-damage|p2b: Sinistcha|26\/100\n|-resisted|p2b: Sinistcha\n|-crit|p2b: Sinistcha\n|-damage|p2b: Sinistcha|13\/100\n|-resisted|p2b: Sinistcha\n|-crit|p2b: Sinistcha\n|-damage|p2b: Sinistcha|2\/100\n|-hitcount|p2b: Sinistcha|3\n|move|p2b: Sinistcha|Matcha Gotcha|p1a: Chien-Pao|[spread] p1a,p1b\n|-supereffective|p1b: Urshifu\n|-damage|p1a: Chien-Pao|33\/100\n|-heal|p2b: Sinistcha|18\/100|[from] drain|[of] p1a: Chien-Pao\n|-damage|p1b: Urshifu|3\/100\n|-heal|p2b: Sinistcha|49\/100|[from] drain|[of] p1b: Urshifu\n|\n|upkeep\n|turn|5\n|inactive|Moop243 has 30 seconds left.\n|inactive|Moop243 has 20 seconds left.\n|inactive|Moop243 has 15 seconds left.\n|inactive|Moop243 has 10 seconds left.\n|inactive|Moop243 has 5 seconds left.\n|c|\u2606finalitymuk|gg\n|\n|t:|1699753015\n|move|p1a: Chien-Pao|Icicle Crash|p2b: Sinistcha\n|-supereffective|p2b: Sinistcha\n|-damage|p2b: Sinistcha|0 fnt\n|faint|p2b: Sinistcha\n|\n|win|finalitymuk\n|raw|finalitymuk's rating: 1112 &rarr; <strong>1129<\/strong><br \/>(+17 for winning)\n|raw|Moop243's rating: 1000 &rarr; <strong>1000<\/strong><br \/>(+0 for losing)\n|l|\u2606finalitymuk\n","uploadtime":1699753021,"views":10,"p1id":"finalitymuk","p2id":"moop243","formatid":"gen9vgc2023regulatione","rating":1000,"private":0,"password":""}