{"id":"gen9vgc2023regulatione-1992455126","p1":"StupidSweepers","p2":"Flynns_page","format":"[Gen 9] VGC 2023 Regulation E","log":"|j|\u2606StupidSweepers\n|j|\u2606Flynns_page\n|t:|1700189642\n|gametype|doubles\n|player|p1|StupidSweepers|burglar|1246\n|player|p2|Flynns_page|hilbert|1128\n|teamsize|p1|6\n|teamsize|p2|6\n|gen|9\n|tier|[Gen 9] VGC 2023 Regulation E\n|rated|\n|rule|Species Clause: Limit one of each Pok\u00e9mon\n|rule|Item Clause: Limit one of each item\n|clearpoke\n|poke|p1|Tornadus, L50, M|\n|poke|p1|Ogerpon-Wellspring, L50, F|\n|poke|p1|Thundurus-Therian, L50, M|\n|poke|p1|Chien-Pao, L50|\n|poke|p1|Dragonite, L50, F|\n|poke|p1|Brambleghast, L50, F|\n|poke|p2|Kilowattrel, L50, F|\n|poke|p2|Rillaboom, L50, M|\n|poke|p2|Arcanine-Hisui, L50, F|\n|poke|p2|Weezing, L50, M|\n|poke|p2|Flutter Mane, L50|\n|poke|p2|Urshifu-*, L50, M|\n|teampreview|4\n|inactive|Battle timer is ON: inactive players will automatically lose when time's up. (requested by Flynns_page)\n|inactive|StupidSweepers has 60 seconds left.\n|\n|t:|1700189691\n|start\n|switch|p1a: Ogerpon|Ogerpon-Wellspring, L50, F|100\/100\n|switch|p1b: Tornadus|Tornadus, L50, M|100\/100\n|switch|p2a: Kilowattrel|Kilowattrel, L50, F, shiny|100\/100\n|switch|p2b: Arcanine|Arcanine-Hisui, L50, F, shiny|100\/100\n|-ability|p2b: Arcanine|Intimidate|boost\n|-unboost|p1a: Ogerpon|atk|1\n|-unboost|p1b: Tornadus|atk|1\n|turn|1\n|\n|t:|1700189711\n|move|p2b: Arcanine|Protect|p2b: Arcanine\n|-singleturn|p2b: Arcanine|Protect\n|move|p1b: Tornadus|Taunt|p2a: Kilowattrel\n|-start|p2a: Kilowattrel|move: Taunt\n|cant|p2a: Kilowattrel|move: Taunt|Tailwind\n|move|p1a: Ogerpon|Ivy Cudgel|p2b: Arcanine|[anim] Ivy Cudgel Water\n|-activate|p2b: Arcanine|move: Protect\n|\n|upkeep\n|turn|2\n|inactive|StupidSweepers has 30 seconds left.\n|inactive|StupidSweepers has 20 seconds left.\n|inactive|Flynns_page has 30 seconds left.\n|\n|t:|1700189752\n|switch|p2a: Weezing|Weezing, L50, M|100\/100\n|-ability|p2a: Weezing|Neutralizing Gas\n|-terastallize|p2b: Arcanine|Water\n|move|p1b: Tornadus|Tailwind|p1b: Tornadus\n|-sidestart|p1: StupidSweepers|move: Tailwind\n|move|p1a: Ogerpon|Ivy Cudgel|p2b: Arcanine|[anim] Ivy Cudgel Water\n|-resisted|p2b: Arcanine\n|-damage|p2b: Arcanine|76\/100\n|move|p2b: Arcanine|Rock Slide|p1a: Ogerpon|[spread] p1a,p1b\n|-crit|p1a: Ogerpon\n|-supereffective|p1b: Tornadus\n|-damage|p1a: Ogerpon|46\/100\n|-damage|p1b: Tornadus|11\/100\n|\n|upkeep\n|turn|3\n|\n|t:|1700189773\n|move|p2b: Arcanine|Extreme Speed|p1b: Tornadus\n|-damage|p1b: Tornadus|0 fnt\n|faint|p1b: Tornadus\n|move|p1a: Ogerpon|Horn Leech|p2b: Arcanine\n|-supereffective|p2b: Arcanine\n|-damage|p2b: Arcanine|8\/100\n|-heal|p1a: Ogerpon|84\/100|[from] drain|[of] p2b: Arcanine\n|move|p2a: Weezing|Acid Spray|p1a: Ogerpon\n|-supereffective|p1a: Ogerpon\n|-damage|p1a: Ogerpon|53\/100\n|-unboost|p1a: Ogerpon|spd|2\n|\n|upkeep\n|\n|t:|1700189781\n|switch|p1b: Thundurus|Thundurus-Therian, L50, M|100\/100\n|turn|4\n|\n|t:|1700189796\n|switch|p1a: Brambleghast|Brambleghast, L50, F|100\/100\n|move|p2b: Arcanine|Protect|p2b: Arcanine\n|-singleturn|p2b: Arcanine|Protect\n|move|p1b: Thundurus|Wildbolt Storm|p2b: Arcanine|[spread] \n|-activate|p2b: Arcanine|move: Protect\n|-miss|p1b: Thundurus|p2a: Weezing\n|move|p2a: Weezing|Acid Spray|p1a: Brambleghast\n|-damage|p1a: Brambleghast|77\/100\n|-unboost|p1a: Brambleghast|spd|2\n|\n|upkeep\n|turn|5\n|inactive|Flynns_page has 30 seconds left.\n|\n|t:|1700189824\n|move|p2b: Arcanine|Extreme Speed|p1b: Thundurus\n|-damage|p1b: Thundurus|70\/100\n|move|p1a: Brambleghast|Poltergeist|p2a: Weezing\n|-activate|p2a: Weezing|move: Poltergeist|Black Sludge\n|-damage|p2a: Weezing|50\/100\n|-damage|p1a: Brambleghast|67\/100|[from] item: Life Orb\n|move|p1b: Thundurus|Wildbolt Storm|p2b: Arcanine|[spread] p2a,p2b\n|-supereffective|p2b: Arcanine\n|-damage|p2a: Weezing|0 fnt\n|-damage|p2b: Arcanine|0 fnt\n|faint|p2a: Weezing\n|-end|p2a: Weezing|ability: Neutralizing Gas\n|-ability|p1a: Brambleghast|Wind Rider|boost\n|-boost|p1a: Brambleghast|atk|1\n|-ability|p2b: Arcanine|Intimidate|boost\n|-unboost|p1a: Brambleghast|atk|1\n|-unboost|p1b: Thundurus|atk|1\n|faint|p2b: Arcanine\n|\n|-sideend|p1: StupidSweepers|move: Tailwind\n|upkeep\n|\n|t:|1700189837\n|switch|p2b: Kilowattrel|Kilowattrel, L50, F, shiny|100\/100\n|switch|p2a: Flutter Mane|Flutter Mane, L50, shiny|100\/100\n|turn|6\n|inactive|StupidSweepers has 30 seconds left.\n|\n|t:|1700189866\n|move|p1a: Brambleghast|Shadow Sneak|p2a: Flutter Mane\n|-supereffective|p2a: Flutter Mane\n|-damage|p2a: Flutter Mane|0 fnt\n|faint|p2a: Flutter Mane\n|-end|p2a: Flutter Mane|Protosynthesis|[silent]\n|-damage|p1a: Brambleghast|57\/100|[from] item: Life Orb\n|move|p2b: Kilowattrel|Air Cutter|p1b: Thundurus|[spread] p1b\n|-ability|p1a: Brambleghast|Wind Rider|boost\n|-boost|p1a: Brambleghast|atk|1\n|-resisted|p1b: Thundurus\n|-damage|p1b: Thundurus|63\/100\n|move|p1b: Thundurus|Tera Blast|p2b: Kilowattrel\n|-damage|p2b: Kilowattrel|43\/100\n|\n|upkeep\n|turn|7\n|-message|Flynns_page forfeited.\n|\n|win|StupidSweepers\n|raw|StupidSweepers's rating: 1246 &rarr; <strong>1263<\/strong><br \/>(+17 for winning)\n|raw|Flynns_page's rating: 1128 &rarr; <strong>1111<\/strong><br \/>(-17 for losing)\n|l|\u2606Flynns_page\n","uploadtime":1700189882,"views":14,"p1id":"stupidsweepers","p2id":"flynnspage","formatid":"gen9vgc2023regulatione","rating":1111,"private":0,"password":""}