{"id":"gen9vgc2023regulatione-1994860012","p1":"Lau2529","p2":"ajdhkbfasndlda","format":"[Gen 9] VGC 2023 Regulation E","log":"|j|\u2606Lau2529\n|j|\u2606ajdhkbfasndlda\n|t:|1700499380\n|gametype|doubles\n|player|p1|Lau2529|lady|1127\n|player|p2|ajdhkbfasndlda|skierf|1209\n|teamsize|p1|6\n|teamsize|p2|6\n|gen|9\n|tier|[Gen 9] VGC 2023 Regulation E\n|rated|\n|rule|Species Clause: Limit one of each Pok\u00e9mon\n|rule|Item Clause: Limit one of each item\n|clearpoke\n|poke|p1|Slowbro-Galar, L50, F|\n|poke|p1|Empoleon, L50, F|\n|poke|p1|Ninetales-Alola, L50, F|\n|poke|p1|Iron Hands, L50|\n|poke|p1|Rillaboom, L50, M|\n|poke|p1|Ceruledge, L50, F|\n|poke|p2|Falinks, L50|\n|poke|p2|Indeedee-F, L50, F|\n|poke|p2|Armarouge, L50, F|\n|poke|p2|Dragapult, L50, F|\n|poke|p2|Ursaluna, L50, F|\n|poke|p2|Hatterene, L50, F|\n|teampreview|4\n|inactive|Battle timer is ON: inactive players will automatically lose when time's up. (requested by Lau2529)\najdhkbfasndlda rejected open team sheets.\n|inactive|Lau2529 has 60 seconds left.\n|\n|t:|1700499419\n|start\n|switch|p1a: Ninetales|Ninetales-Alola, L50, F|100\/100\n|switch|p1b: Ceruledge|Ceruledge, L50, F|100\/100\n|switch|p2a: Armarouge|Armarouge, L50, F|100\/100\n|switch|p2b: Dragapult|Dragapult, L50, F|100\/100\n|-weather|Snow|[from] ability: Snow Warning|[of] p1a: Ninetales\n|turn|1\n|\n|t:|1700499440\n|-terastallize|p2a: Armarouge|Psychic\n|-terastallize|p1b: Ceruledge|Dark\n|move|p2b: Dragapult|U-turn|p2a: Armarouge\n|-supereffective|p2a: Armarouge\n|-damage|p2a: Armarouge|67\/100\n|-ability|p2a: Armarouge|Weak Armor|boost\n|-unboost|p2a: Armarouge|def|1\n|-boost|p2a: Armarouge|spe|2\n|-enditem|p2a: Armarouge|Weakness Policy\n|-boost|p2a: Armarouge|atk|2|[from] item: Weakness Policy\n|-boost|p2a: Armarouge|spa|2|[from] item: Weakness Policy\n|\n|t:|1700499443\n|switch|p2b: Indeedee|Indeedee-F, L50, F|100\/100|[from] U-turn\n|-fieldstart|move: Psychic Terrain|[from] ability: Psychic Surge|[of] p2b: Indeedee\n|move|p2a: Armarouge|Expanding Force|p1b: Ceruledge|[spread] p1a\n|-immune|p1b: Ceruledge\n|-damage|p1a: Ninetales|0 fnt\n|faint|p1a: Ninetales\n|move|p1b: Ceruledge|Night Slash|p2a: Armarouge\n|-supereffective|p2a: Armarouge\n|-damage|p2a: Armarouge|0 fnt\n|faint|p2a: Armarouge\n|\n|-weather|Snow|[upkeep]\n|upkeep\n|\n|t:|1700499458\n|switch|p1a: Rillaboom|Rillaboom, L50, M|100\/100\n|switch|p2a: Falinks|Falinks, L50|100\/100\n|-fieldstart|move: Grassy Terrain|[from] ability: Grassy Surge|[of] p1a: Rillaboom\n|turn|2\n|inactive|ajdhkbfasndlda has 30 seconds left.\n|inactive|ajdhkbfasndlda has 20 seconds left.\n|\n|t:|1700499497\n|switch|p2b: Dragapult|Dragapult, L50, F|100\/100\n|move|p1b: Ceruledge|Protect|p1b: Ceruledge\n|-singleturn|p1b: Ceruledge|Protect\n|move|p2a: Falinks|No Retreat|p2a: Falinks\n|-boost|p2a: Falinks|atk|1\n|-boost|p2a: Falinks|def|1\n|-boost|p2a: Falinks|spa|1\n|-boost|p2a: Falinks|spd|1\n|-boost|p2a: Falinks|spe|1\n|-start|p2a: Falinks|move: No Retreat\n|move|p1a: Rillaboom|Knock Off|p2b: Dragapult\n|-supereffective|p2b: Dragapult\n|-damage|p2b: Dragapult|11\/100\n|-enditem|p2b: Dragapult|Choice Scarf|[from] move: Knock Off|[of] p1a: Rillaboom\n|\n|-weather|Snow|[upkeep]\n|-heal|p2b: Dragapult|17\/100|[from] Grassy Terrain\n|upkeep\n|turn|3\n|inactive|Lau2529 has 30 seconds left.\n|\n|t:|1700499532\n|switch|p2b: Indeedee|Indeedee-F, L50, F|100\/100\n|-fieldstart|move: Psychic Terrain|[from] ability: Psychic Surge|[of] p2b: Indeedee\n|move|p1b: Ceruledge|Shadow Sneak|p2b: Indeedee\n|-activate|p2b: Indeedee|move: Psychic Terrain\n|move|p2a: Falinks|Close Combat|p1b: Ceruledge\n|-supereffective|p1b: Ceruledge\n|-damage|p1b: Ceruledge|0 fnt\n|-unboost|p2a: Falinks|def|1\n|-unboost|p2a: Falinks|spd|1\n|faint|p1b: Ceruledge\n|-damage|p2a: Falinks|91\/100|[from] item: Life Orb\n|move|p1a: Rillaboom|Grassy Glide|p2a: Falinks\n|-damage|p2a: Falinks|58\/100\n|\n|-weather|Snow|[upkeep]\n|upkeep\n|\n|t:|1700499536\n|switch|p1b: Empoleon|Empoleon, L50, F|100\/100\n|turn|4\n|\n|t:|1700499553\n|move|p2b: Indeedee|Follow Me|p2b: Indeedee\n|-singleturn|p2b: Indeedee|move: Follow Me\n|move|p2a: Falinks|Close Combat|p1a: Rillaboom\n|-damage|p1a: Rillaboom|0 fnt\n|-unboost|p2a: Falinks|def|1\n|-unboost|p2a: Falinks|spd|1\n|faint|p1a: Rillaboom\n|-damage|p2a: Falinks|49\/100|[from] item: Life Orb\n|move|p1b: Empoleon|Hydro Pump|p2b: Indeedee|[miss]\n|-miss|p1b: Empoleon|p2b: Indeedee\n|\n|-weather|Snow|[upkeep]\n|upkeep\n|turn|5\n|\n|t:|1700499565\n|move|p2b: Indeedee|Helping Hand|p2a: Falinks\n|-singleturn|p2a: Falinks|Helping Hand|[of] p2b: Indeedee\n|move|p2a: Falinks|Close Combat|p1b: Empoleon\n|-supereffective|p1b: Empoleon\n|-damage|p1b: Empoleon|0 fnt\n|-unboost|p2a: Falinks|def|1\n|-unboost|p2a: Falinks|spd|1\n|faint|p1b: Empoleon\n|-damage|p2a: Falinks|39\/100|[from] item: Life Orb\n|\n|win|ajdhkbfasndlda\n|raw|Lau2529's rating: 1127 &rarr; <strong>1109<\/strong><br \/>(-18 for losing)\n|raw|ajdhkbfasndlda's rating: 1232 &rarr; <strong>1250<\/strong><br \/>(+18 for winning)\n|l|\u2606Lau2529\n","uploadtime":1700499748,"views":25,"p1id":"lau2529","p2id":"ajdhkbfasndlda","formatid":"gen9vgc2023regulatione","rating":1109,"private":0,"password":""}