{"id":"gen9vgc2023regulatione-1992421724","p1":"ChuyMcfly","p2":"bobforte22","format":"[Gen 9] VGC 2023 Regulation E","log":"|j|\u2606ChuyMcfly\n|j|\u2606bobforte22\n|t:|1700185641\n|gametype|doubles\n|player|p1|ChuyMcfly|guzma|\n|player|p2|bobforte22|pilot|\n|teamsize|p1|6\n|teamsize|p2|6\n|gen|9\n|tier|[Gen 9] VGC 2023 Regulation E\n|rated|Tournament battle\n|rule|Species Clause: Limit one of each Pok\u00e9mon\n|rule|Item Clause: Limit one of each item\n|clearpoke\n|poke|p1|Roaring Moon, L50|\n|poke|p1|Dragonite, L50, F|\n|poke|p1|Chien-Pao, L50|\n|poke|p1|Salamence, L50, M|\n|poke|p1|Flutter Mane, L50|\n|poke|p1|Volcarona, L50, M|\n|poke|p2|Wo-Chien, L50|\n|poke|p2|Dragapult, L50, M|\n|poke|p2|Ting-Lu, L50|\n|poke|p2|Flutter Mane, L50|\n|poke|p2|Arcanine-Hisui, L50, F|\n|poke|p2|Gyarados, L50, F|\n|teampreview|4\n|showteam|p1|Roaring Moon||BoosterEnergy|Protosynthesis|Acrobatics,KnockOff,Protect,BreakingSwipe||||||50|,,,,,Flying]Dragonite||AssaultVest|InnerFocus|AerialAce,ExtremeSpeed,IceSpinner,Earthquake|||F|||50|,,,,,Normal]Chien-Pao||FocusSash|SwordofRuin|IceShard,ThroatChop,SacredSword,Protect||||||50|,,,,,Ghost]Salamence||LifeOrb|Intimidate|Flamethrower,AirSlash,Tailwind,HydroPump|||M|||50|,,,,,Water]Flutter Mane||AdrenalineOrb|Protosynthesis|DazzlingGleam,ShadowBall,Imprison,TrickRoom||||||50|,,,,,Fire]Volcarona||RockyHelmet|FlameBody|QuiverDance,HeatWave,RagePowder,GigaDrain|||M|||50|,,,,,Grass\n|showteam|p2|Wo-Chien||Leftovers|TabletsofRuin|Reflect,Protect,LeechSeed,Ruination||||||50|,,,,,Fire]Dragapult||RockyHelmet|Infiltrator|WillOWisp,DragonClaw,Protect,Uturn|||M|||50|,,,,,Normal]Ting-Lu||SafetyGoggles|VesselofRuin|StealthRock,Ruination,Protect,Whirlwind||||||50|,,,,,Dragon]Flutter Mane||ChoiceScarf|Protosynthesis|DazzlingGleam,EnergyBall,ShadowBall,TeraBlast||||||50|,,,,,Water]Arcanine-Hisui||ChoiceBand|Intimidate|FlareBlitz,RockSlide,TeraBlast,ExtremeSpeed|||F|||50|,,,,,Steel]Gyarados||SitrusBerry|Intimidate|Roar,Protect,Taunt,Waterfall|||F|||50|,,,,,Water\n|c|\u2606bobforte22|Glhf\n|inactive|Battle timer is ON: inactive players will automatically lose when time's up. (requested by bobforte22)\n|inactive|ChuyMcfly has 60 seconds left.\n|\n|t:|1700185726\n|start\n|switch|p1a: Volcarona|Volcarona, L50, M|100\/100\n|switch|p1b: Flutter Mane|Flutter Mane, L50|100\/100\n|switch|p2a: Ting-Lu|Ting-Lu, L50|100\/100\n|switch|p2b: Dragapult|Dragapult, L50, M|100\/100\n|-ability|p2a: Ting-Lu|Vessel of Ruin\n|turn|1\n|\n|t:|1700185749\n|switch|p2b: Arcanine|Arcanine-Hisui, L50, F|100\/100\n|-ability|p2b: Arcanine|Intimidate|boost\n|-unboost|p1a: Volcarona|atk|1\n|-unboost|p1b: Flutter Mane|atk|1\n|-enditem|p1b: Flutter Mane|Adrenaline Orb\n|-boost|p1b: Flutter Mane|spe|1|[from] item: Adrenaline Orb\n|move|p1b: Flutter Mane|Dazzling Gleam|p2b: Arcanine|[spread] p2a,p2b\n|-supereffective|p2a: Ting-Lu\n|-resisted|p2b: Arcanine\n|-damage|p2a: Ting-Lu|68\/100\n|-damage|p2b: Arcanine|88\/100\n|move|p1a: Volcarona|Quiver Dance|p1a: Volcarona\n|-boost|p1a: Volcarona|spa|1\n|-boost|p1a: Volcarona|spd|1\n|-boost|p1a: Volcarona|spe|1\n|move|p2a: Ting-Lu|Stealth Rock|p1b: Flutter Mane\n|-sidestart|p1: ChuyMcfly|move: Stealth Rock\n|\n|upkeep\n|turn|2\n|\n|t:|1700185768\n|-terastallize|p1a: Volcarona|Grass\n|move|p1b: Flutter Mane|Shadow Ball|p2b: Arcanine\n|-damage|p2b: Arcanine|54\/100\n|move|p1a: Volcarona|Quiver Dance|p1a: Volcarona\n|-boost|p1a: Volcarona|spa|1\n|-boost|p1a: Volcarona|spd|1\n|-boost|p1a: Volcarona|spe|1\n|move|p2b: Arcanine|Flare Blitz|p1b: Flutter Mane\n|-damage|p1b: Flutter Mane|0 fnt\n|faint|p1b: Flutter Mane\n|-end|p1b: Flutter Mane|Protosynthesis|[silent]\n|-damage|p2b: Arcanine|32\/100|[from] Recoil\n|move|p2a: Ting-Lu|Whirlwind|p1a: Volcarona\n|drag|p1a: Chien-Pao|Chien-Pao, L50|100\/100\n|-damage|p1a: Chien-Pao|76\/100|[from] Stealth Rock\n|-ability|p1a: Chien-Pao|Sword of Ruin\n|\n|upkeep\n|j|%Radio Free C-Side\n|inactive|ChuyMcfly has 30 seconds left.\n|\n|t:|1700185795\n|switch|p1b: Dragonite|Dragonite, L50, F, shiny|100\/100\n|-damage|p1b: Dragonite|76\/100|[from] Stealth Rock\n|turn|3\n|inactive|bobforte22 has 30 seconds left.\n|\n|t:|1700185824\n|switch|p2b: Dragapult|Dragapult, L50, M|100\/100\n|move|p1b: Dragonite|Extreme Speed|p2b: Dragapult\n|-immune|p2b: Dragapult\n|move|p1a: Chien-Pao|Sacred Sword|p2a: Ting-Lu\n|-supereffective|p2a: Ting-Lu\n|-damage|p2a: Ting-Lu|31\/100\n|move|p2a: Ting-Lu|Whirlwind|p1a: Chien-Pao\n|drag|p1a: Volcarona|Volcarona, L50, M, tera:Grass|100\/100\n|-damage|p1a: Volcarona|88\/100|[from] Stealth Rock\n|\n|upkeep\n|turn|4\n|\n|t:|1700185845\n|move|p2b: Dragapult|Will-O-Wisp|p1b: Dragonite\n|-status|p1b: Dragonite|brn\n|move|p1a: Volcarona|Giga Drain|p2a: Ting-Lu\n|-supereffective|p2a: Ting-Lu\n|-damage|p2a: Ting-Lu|0 fnt\n|-heal|p1a: Volcarona|100\/100|[from] drain|[of] p2a: Ting-Lu\n|faint|p2a: Ting-Lu\n|move|p1b: Dragonite|Ice Spinner|p2b: Dragapult\n|-supereffective|p2b: Dragapult\n|-damage|p2b: Dragapult|73\/100\n|-damage|p1b: Dragonite|59\/100 brn|[from] item: Rocky Helmet|[of] p2b: Dragapult\n|\n|-damage|p1b: Dragonite|53\/100 brn|[from] brn\n|upkeep\n|\n|t:|1700185861\n|switch|p2a: Wo-Chien|Wo-Chien, L50|100\/100\n|-ability|p2a: Wo-Chien|Tablets of Ruin\n|turn|5\n|inactive|ChuyMcfly has 30 seconds left.\n|inactive|bobforte22 has 30 seconds left.\n|\n|t:|1700185893\n|-terastallize|p2a: Wo-Chien|Fire\n|move|p2b: Dragapult|Will-O-Wisp|p1a: Volcarona\n|-status|p1a: Volcarona|brn\n|move|p1a: Volcarona|Quiver Dance|p1a: Volcarona\n|-boost|p1a: Volcarona|spa|1\n|-boost|p1a: Volcarona|spd|1\n|-boost|p1a: Volcarona|spe|1\n|move|p1b: Dragonite|Ice Spinner|p2b: Dragapult\n|-supereffective|p2b: Dragapult\n|-damage|p2b: Dragapult|51\/100\n|-damage|p1b: Dragonite|36\/100 brn|[from] item: Rocky Helmet|[of] p2b: Dragapult\n|move|p2a: Wo-Chien|Leech Seed|p1b: Dragonite\n|-start|p1b: Dragonite|move: Leech Seed\n|\n|-damage|p1b: Dragonite|24\/100 brn|[from] Leech Seed|[of] p2a: Wo-Chien\n|-damage|p1a: Volcarona|94\/100 brn|[from] brn\n|-damage|p1b: Dragonite|18\/100 brn|[from] brn\n|upkeep\n|turn|6\n|inactive|ChuyMcfly has 30 seconds left.\n|inactive|bobforte22 has 30 seconds left.\n|inactive|ChuyMcfly has 20 seconds left.\n|\n|t:|1700185931\n|move|p2b: Dragapult|U-turn|p1a: Volcarona\n|-supereffective|p1a: Volcarona\n|-damage|p1a: Volcarona|63\/100 brn\n|-damage|p2b: Dragapult|35\/100|[from] item: Rocky Helmet|[of] p1a: Volcarona\n|\n|t:|1700185937\n|switch|p2b: Arcanine|Arcanine-Hisui, L50, F|32\/100|[from] U-turn\n|-ability|p2b: Arcanine|Intimidate|boost\n|-unboost|p1a: Volcarona|atk|1\n|-fail|p1b: Dragonite|unboost|Attack|[from] ability: Inner Focus|[of] p1b: Dragonite\n|move|p1a: Volcarona|Quiver Dance|p1a: Volcarona\n|-boost|p1a: Volcarona|spa|1\n|-boost|p1a: Volcarona|spd|1\n|-boost|p1a: Volcarona|spe|1\n|move|p1b: Dragonite|Ice Spinner|p2b: Arcanine\n|-resisted|p2b: Arcanine\n|-damage|p2b: Arcanine|27\/100\n|move|p2a: Wo-Chien|Ruination|p1a: Volcarona\n|-damage|p1a: Volcarona|32\/100 brn\n|\n|-damage|p1b: Dragonite|6\/100 brn|[from] Leech Seed|[of] p2a: Wo-Chien\n|-damage|p1a: Volcarona|25\/100 brn|[from] brn\n|-damage|p1b: Dragonite|0 fnt|[from] brn\n|faint|p1b: Dragonite\n|upkeep\n|\n|t:|1700185942\n|switch|p1b: Chien-Pao|Chien-Pao, L50|76\/100\n|-damage|p1b: Chien-Pao|51\/100|[from] Stealth Rock\n|-ability|p1b: Chien-Pao|Sword of Ruin\n|turn|7\n|inactive|bobforte22 has 30 seconds left.\n|\n|t:|1700185970\n|move|p1b: Chien-Pao|Protect|p1b: Chien-Pao\n|-singleturn|p1b: Chien-Pao|Protect\n|move|p2b: Arcanine|Extreme Speed|p1a: Volcarona\n|-damage|p1a: Volcarona|0 fnt\n|-damage|p2b: Arcanine|10\/100|[from] item: Rocky Helmet|[of] p1a: Volcarona\n|faint|p1a: Volcarona\n|move|p2a: Wo-Chien|Leech Seed|p1b: Chien-Pao\n|-activate|p1b: Chien-Pao|move: Protect\n|\n|upkeep\n|turn|8\n|-message|ChuyMcfly forfeited.\n|\n|win|bobforte22\n|n|\u2606ChuyMcfly|chuymcfly\n|n|\u2606bobforte22|bobforte22\n|n| Radio Free C-Side|radiofreecside\n|l|\u2606ChuyMcfly\n|c|\u2606bobforte22|Gg\n","uploadtime":1700185989,"views":14,"p1id":"chuymcfly","p2id":"bobforte22","formatid":"gen9vgc2023regulatione","rating":0,"private":0,"password":""}