{"id":"gen9vgc2023regulatione-1995892804","p1":"HarshEuroBarge","p2":"Eru-88","format":"[Gen 9] VGC 2023 Regulation E","log":"|j|\u2606HarshEuroBarge\n|j|\u2606Eru-88\n|t:|1700614375\n|gametype|doubles\n|player|p1|HarshEuroBarge|102|1110\n|player|p2|Eru-88|veteran|1123\n|teamsize|p1|6\n|teamsize|p2|6\n|gen|9\n|tier|[Gen 9] VGC 2023 Regulation E\n|rated|\n|rule|Species Clause: Limit one of each Pok\u00e9mon\n|rule|Item Clause: Limit one of each item\n|clearpoke\n|poke|p1|Ursaluna, L50, M|\n|poke|p1|Rillaboom, L50, M|\n|poke|p1|Landorus-Therian, L50, M|\n|poke|p1|Sinistcha, L50|\n|poke|p1|Heatran, L50, F|\n|poke|p1|Slowking, L50, M|\n|poke|p2|Empoleon, L50, M|\n|poke|p2|Meowscarada, L50, F|\n|poke|p2|Iron Hands, L50|\n|poke|p2|Heatran, L50, F|\n|poke|p2|Indeedee-F, L50, F|\n|poke|p2|Dragonite, L50, F|\n|teampreview|4\n|\n|t:|1700614431\n|start\n|switch|p1a: Landorus|Landorus-Therian, L50, M|100\/100\n|switch|p1b: Ursaluna|Ursaluna, L50, M|100\/100\n|switch|p2a: Heatran|Heatran, L50, F|100\/100\n|switch|p2b: Indeedee|Indeedee-F, L50, F|100\/100\n|-ability|p1a: Landorus|Intimidate|boost\n|-unboost|p2a: Heatran|atk|1\n|-fail|p2b: Indeedee|unboost|Attack|[from] ability: Own Tempo|[of] p2b: Indeedee\n|turn|1\n|\n|t:|1700614470\n|move|p2a: Heatran|Protect|p2a: Heatran\n|-singleturn|p2a: Heatran|Protect\n|move|p2b: Indeedee|Fake Out|p1a: Landorus\n|-damage|p1a: Landorus|92\/100\n|cant|p1a: Landorus|flinch\n|move|p1b: Ursaluna|Earthquake|p2a: Heatran|[spread] p2b\n|-activate|p2a: Heatran|move: Protect\n|-immune|p1a: Landorus\n|-damage|p2b: Indeedee|69\/100\n|\n|-status|p1b: Ursaluna|brn|[from] item: Flame Orb\n|upkeep\n|turn|2\n|\n|t:|1700614497\n|switch|p2a: Dragonite|Dragonite, L50, F|100\/100\n|switch|p2b: Meowscarada|Meowscarada, L50, F|100\/100\n|move|p1a: Landorus|U-turn|p2b: Meowscarada\n|-supereffective|p2b: Meowscarada\n|-crit|p2b: Meowscarada\n|-enditem|p2b: Meowscarada|Focus Sash\n|-damage|p2b: Meowscarada|1\/100\n|\n|t:|1700614509\n|switch|p1a: Slowking|Slowking, L50, M|100\/100|[from] U-turn\n|move|p1b: Ursaluna|Drain Punch|p2a: Dragonite\n|-resisted|p2a: Dragonite\n|-damage|p2a: Dragonite|94\/100\n|\n|-damage|p1b: Ursaluna|95\/100 brn|[from] brn\n|upkeep\n|turn|3\n|\n|t:|1700614536\n|-terastallize|p2a: Dragonite|Normal\n|-terastallize|p1a: Slowking|Electric\n|move|p2a: Dragonite|Extreme Speed|p1b: Ursaluna\n|-damage|p1b: Ursaluna|42\/100 brn\n|move|p2b: Meowscarada|Flower Trick|p1a: Slowking\n|-start|p2b: Meowscarada|typechange|Grass|[from] ability: Protean\n|-crit|p1a: Slowking\n|-damage|p1a: Slowking|62\/100\n|move|p1b: Ursaluna|Shadow Claw|p2b: Meowscarada\n|-damage|p2b: Meowscarada|0 fnt\n|faint|p2b: Meowscarada\n|move|p1a: Slowking|Trick Room|p1a: Slowking\n|-fieldstart|move: Trick Room|[of] p1a: Slowking\n|\n|-heal|p1a: Slowking|68\/100|[from] item: Leftovers\n|-damage|p1b: Ursaluna|36\/100 brn|[from] brn\n|upkeep\n|\n|t:|1700614544\n|switch|p2b: Indeedee|Indeedee-F, L50, F|69\/100\n|turn|4\n|\n|t:|1700614576\n|move|p2a: Dragonite|Extreme Speed|p1b: Ursaluna\n|-damage|p1b: Ursaluna|0 fnt\n|faint|p1b: Ursaluna\n|move|p1a: Slowking|Scald|p2b: Indeedee\n|-damage|p2b: Indeedee|43\/100\n|-status|p2b: Indeedee|brn\n|-enditem|p2b: Indeedee|Sitrus Berry|[eat]\n|-heal|p2b: Indeedee|68\/100 brn|[from] item: Sitrus Berry\n|move|p2b: Indeedee|Trick Room|p2b: Indeedee\n|-fieldend|move: Trick Room\n|\n|-heal|p1a: Slowking|74\/100|[from] item: Leftovers\n|-damage|p2b: Indeedee|62\/100 brn|[from] brn\n|upkeep\n|\n|t:|1700614605\n|switch|p1b: Sinistcha|Sinistcha, L50|100\/100\n|-heal|p1a: Slowking|99\/100|[from] ability: Hospitality|[of] p1b: Sinistcha\n|turn|5\n|\n|t:|1700614620\n|move|p2a: Dragonite|Extreme Speed|p1a: Slowking\n|-damage|p1a: Slowking|40\/100\n|move|p2b: Indeedee|Heal Pulse|p2a: Dragonite\n|-heal|p2a: Dragonite|100\/100\n|move|p1b: Sinistcha|Matcha Gotcha|p2a: Dragonite|[spread] p2b\n|-miss|p1b: Sinistcha|p2a: Dragonite\n|-damage|p2b: Indeedee|40\/100 brn\n|move|p1a: Slowking|Tera Blast|p2a: Dragonite|[anim] Tera Blast Electric\n|-damage|p2a: Dragonite|87\/100\n|\n|-heal|p1a: Slowking|46\/100|[from] item: Leftovers\n|-damage|p2b: Indeedee|34\/100 brn|[from] brn\n|upkeep\n|turn|6\n|\n|t:|1700614647\n|move|p2a: Dragonite|Extreme Speed|p1a: Slowking\n|-damage|p1a: Slowking|0 fnt\n|faint|p1a: Slowking\n|move|p1b: Sinistcha|Rage Powder|p1b: Sinistcha\n|-singleturn|p1b: Sinistcha|move: Rage Powder\n|move|p2b: Indeedee|Heal Pulse|p1b: Sinistcha\n|-fail|p1b: Sinistcha|heal\n|\n|-damage|p2b: Indeedee|28\/100 brn|[from] brn\n|upkeep\n|\n|t:|1700614660\n|switch|p1a: Landorus|Landorus-Therian, L50, M|92\/100\n|-ability|p1a: Landorus|Intimidate|boost\n|-unboost|p2a: Dragonite|atk|1\n|-fail|p2b: Indeedee|unboost|Attack|[from] ability: Own Tempo|[of] p2b: Indeedee\n|turn|7\n|\n|t:|1700614673\n|switch|p2a: Heatran|Heatran, L50, F|100\/100\n|move|p1a: Landorus|Hammer Arm|p2a: Heatran\n|-supereffective|p2a: Heatran\n|-damage|p2a: Heatran|31\/100\n|-unboost|p1a: Landorus|spe|1\n|move|p2b: Indeedee|Trick Room|p2b: Indeedee\n|-fieldstart|move: Trick Room|[of] p2b: Indeedee\n|move|p1b: Sinistcha|Trick Room|p1b: Sinistcha\n|-fieldend|move: Trick Room\n|\n|-heal|p2a: Heatran|37\/100|[from] item: Leftovers\n|-damage|p2b: Indeedee|21\/100 brn|[from] brn\n|upkeep\n|turn|8\n|\n|t:|1700614705\n|switch|p2b: Dragonite|Dragonite, L50, F, tera:Normal|87\/100\n|move|p2a: Heatran|Protect|p2a: Heatran\n|-singleturn|p2a: Heatran|Protect\n|move|p1b: Sinistcha|Matcha Gotcha|p2b: Dragonite|[spread] p2b\n|-activate|p2a: Heatran|move: Protect\n|-damage|p2b: Dragonite|66\/100\n|-status|p2b: Dragonite|brn\n|move|p1a: Landorus|Rock Slide|p2b: Dragonite|[spread] p2b\n|-activate|p2a: Heatran|move: Protect\n|-damage|p2b: Dragonite|45\/100 brn\n|\n|-heal|p2a: Heatran|43\/100|[from] item: Leftovers\n|-damage|p2b: Dragonite|39\/100 brn|[from] brn\n|upkeep\n|turn|9\n|c|\u2606Eru-88|wow that's lucky\n|\n|t:|1700614754\n|move|p2b: Dragonite|Aerial Ace|p1b: Sinistcha\n|-supereffective|p1b: Sinistcha\n|-damage|p1b: Sinistcha|57\/100\n|-damage|p2b: Dragonite|22\/100 brn|[from] item: Rocky Helmet|[of] p1b: Sinistcha\n|move|p2a: Heatran|Heat Wave|p1a: Landorus|[spread] p1a,p1b\n|-supereffective|p1b: Sinistcha\n|-damage|p1a: Landorus|50\/100\n|-damage|p1b: Sinistcha|0 fnt\n|faint|p1b: Sinistcha\n|move|p1a: Landorus|Hammer Arm|p2b: Dragonite\n|-supereffective|p2b: Dragonite\n|-damage|p2b: Dragonite|0 fnt\n|-unboost|p1a: Landorus|spe|1\n|faint|p2b: Dragonite\n|\n|-heal|p2a: Heatran|49\/100|[from] item: Leftovers\n|upkeep\n|\n|t:|1700614767\n|switch|p2b: Indeedee|Indeedee-F, L50, F|21\/100 brn\n|turn|10\n|\n|t:|1700614782\n|move|p2b: Indeedee|Fake Out|p1a: Landorus\n|-damage|p1a: Landorus|46\/100\n|move|p2a: Heatran|Heat Wave|p1a: Landorus\n|-damage|p1a: Landorus|0 fnt\n|faint|p1a: Landorus\n|\n|win|Eru-88\n|raw|HarshEuroBarge's rating: 1110 &rarr; <strong>1086<\/strong><br \/>(-24 for losing)\n|raw|Eru-88's rating: 1123 &rarr; <strong>1147<\/strong><br \/>(+24 for winning)\n|c|\u2606Eru-88|gg\n","uploadtime":1700614931,"views":12,"p1id":"harsheurobarge","p2id":"eru88","formatid":"gen9vgc2023regulatione","rating":1086,"private":0,"password":""}