{"id":"gen9vgc2023regulatione-1999392030","p1":"fukamiaoi","p2":"Zabanya-Z","format":"[Gen 9] VGC 2023 Regulation E","log":"|j|\u2606fukamiaoi\n|j|\u203dZabanya-Z\n|t:|1701072607\n|gametype|doubles\n|player|p1|fukamiaoi|dawn-gen4pt|1079\n|player|p2|Zabanya-Z|proton|1167\n|teamsize|p1|6\n|teamsize|p2|6\n|gen|9\n|tier|[Gen 9] VGC 2023 Regulation E\n|rated|\n|rule|Species Clause: Limit one of each Pok\u00e9mon\n|rule|Item Clause: Limit one of each item\n|clearpoke\n|poke|p1|Gholdengo, L50|\n|poke|p1|Golem, L50, M|\n|poke|p1|Cresselia, L50, F|\n|poke|p1|Iron Hands, L50|\n|poke|p1|Crawdaunt, L50, M|\n|poke|p1|Dragonite, L50, M|\n|poke|p2|Empoleon, L50, M|\n|poke|p2|Tornadus, L50, M|\n|poke|p2|Ninetales-Alola, L50, F|\n|poke|p2|Sinistcha, L50|\n|poke|p2|Okidogi, L50, M|\n|poke|p2|Urshifu-*, L50, M|\n|teampreview|4\n|inactive|Battle timer is ON: inactive players will automatically lose when time's up. (requested by Zabanya-Z)\n|inactive|fukamiaoi has 60 seconds left.\n|inactive|Zabanya-Z has 60 seconds left.\n|\n|t:|1701072650\n|start\n|switch|p1a: Cresselia|Cresselia, L50, F|100\/100\n|switch|p1b: Golem|Golem, L50, M|100\/100\n|switch|p2a: Empoleon|Empoleon, L50, M, shiny|100\/100\n|switch|p2b: Ninetales|Ninetales-Alola, L50, F|100\/100\n|-weather|Snow|[from] ability: Snow Warning|[of] p2b: Ninetales\n|turn|1\n|\n|t:|1701072673\n|-terastallize|p1b: Golem|Electric\n|move|p2b: Ninetales|Aurora Veil|p2b: Ninetales\n|-sidestart|p2: Zabanya-Z|move: Aurora Veil\n|move|p2a: Empoleon|Hydro Pump|p1b: Golem\n|-damage|p1b: Golem|35\/100\n|move|p1b: Golem|Earthquake|p2b: Ninetales|[spread] p2a,p2b\n|-immune|p1a: Cresselia|[from] ability: Levitate\n|-supereffective|p2a: Empoleon\n|-damage|p2a: Empoleon|31\/100\n|-damage|p2b: Ninetales|70\/100\n|-damage|p1b: Golem|25\/100|[from] item: Life Orb\n|move|p1a: Cresselia|Trick Room|p1a: Cresselia\n|-fieldstart|move: Trick Room|[of] p1a: Cresselia\n|\n|-weather|Snow|[upkeep]\n|upkeep\n|turn|2\n|inactive|fukamiaoi has 30 seconds left.\n|\n|t:|1701072700\n|switch|p2b: Sinistcha|Sinistcha, L50|100\/100\n|-heal|p2a: Empoleon|56\/100|[from] ability: Hospitality|[of] p2b: Sinistcha\n|move|p2a: Empoleon|Vacuum Wave|p1b: Golem\n|-damage|p1b: Golem|7\/100\n|move|p1b: Golem|Earthquake|p2a: Empoleon|[spread] p2a,p2b\n|-immune|p1a: Cresselia|[from] ability: Levitate\n|-supereffective|p2a: Empoleon\n|-resisted|p2b: Sinistcha\n|-damage|p2a: Empoleon|0 fnt\n|-damage|p2b: Sinistcha|89\/100\n|faint|p2a: Empoleon\n|-damage|p1b: Golem|0 fnt|[from] item: Life Orb\n|faint|p1b: Golem\n|move|p1a: Cresselia|Lunar Blessing||[still]\n|-fail|p1a: Cresselia\n|\n|-weather|Snow|[upkeep]\n|upkeep\n|\n|t:|1701072721\n|switch|p1b: Dragonite|Dragonite, L50, M|100\/100\n|switch|p2a: Urshifu|Urshifu, L50, M|100\/100\n|turn|3\n|\n|t:|1701072740\n|move|p2b: Sinistcha|Matcha Gotcha|p1a: Cresselia|[spread] p1a,p1b\n|-resisted|p1b: Dragonite\n|-damage|p1a: Cresselia|84\/100\n|-heal|p2b: Sinistcha|99\/100|[from] drain|[of] p1a: Cresselia\n|-damage|p1b: Dragonite|98\/100\n|-heal|p2b: Sinistcha|100\/100|[from] drain|[of] p1b: Dragonite\n|-status|p1a: Cresselia|brn\n|move|p1b: Dragonite|Dragon Dance|p1b: Dragonite\n|-boost|p1b: Dragonite|atk|1\n|-boost|p1b: Dragonite|spe|1\n|move|p1a: Cresselia|Moonblast|p2a: Urshifu\n|-supereffective|p2a: Urshifu\n|-damage|p2a: Urshifu|3\/100\n|move|p2a: Urshifu|Wicked Blow|p1a: Cresselia\n|-supereffective|p1a: Cresselia\n|-crit|p1a: Cresselia\n|-damage|p1a: Cresselia|0 fnt\n|-damage|p2a: Urshifu|0 fnt|[from] item: Rocky Helmet|[of] p1a: Cresselia\n|faint|p1a: Cresselia\n|faint|p2a: Urshifu\n|\n|-weather|Snow|[upkeep]\n|upkeep\n|\n|t:|1701072760\n|switch|p1a: Gholdengo|Gholdengo, L50|100\/100\n|switch|p2a: Ninetales|Ninetales-Alola, L50, F|70\/100\n|turn|4\n|\n|t:|1701072781\n|-terastallize|p2a: Ninetales|Ghost\n|move|p2b: Sinistcha|Matcha Gotcha|p1b: Dragonite|[spread] p1b\n|-miss|p2b: Sinistcha|p1a: Gholdengo\n|-resisted|p1b: Dragonite\n|-damage|p1b: Dragonite|92\/100\n|move|p1a: Gholdengo|Make It Rain|p2a: Ninetales|[spread] p2a,p2b\n|-damage|p2a: Ninetales|28\/100\n|-damage|p2b: Sinistcha|47\/100\n|-unboost|p1a: Gholdengo|spa|1\n|move|p1b: Dragonite|Outrage|p2a: Ninetales\n|-damage|p2a: Ninetales|0 fnt\n|faint|p2a: Ninetales\n|\n|-weather|Snow|[upkeep]\n|upkeep\n|turn|5\n|-message|Zabanya-Z forfeited.\n|\n|win|fukamiaoi\n|raw|fukamiaoi's rating: 1079 &rarr; <strong>1114<\/strong><br \/>(+35 for winning)\n|raw|Zabanya-Z's rating: 1167 &rarr; <strong>1136<\/strong><br \/>(-31 for losing)\n|l|\u203dZabanya-Z\n","uploadtime":1701072850,"views":12,"p1id":"fukamiaoi","p2id":"zabanyaz","formatid":"gen9vgc2023regulatione","rating":1114,"private":0,"password":""}