{"id":"gen9vgc2023regulatione-1989880930","p1":"sev100","p2":"Richard Draco","format":"[Gen 9] VGC 2023 Regulation E","log":"|j|\u2606sev100\n|j|\u2606Richard Draco\n|t:|1699903478\n|gametype|doubles\n|player|p1|sev100|2|1166\n|player|p2|Richard Draco|juggler|1131\n|teamsize|p1|6\n|teamsize|p2|6\n|gen|9\n|tier|[Gen 9] VGC 2023 Regulation E\n|rated|\n|rule|Species Clause: Limit one of each Pok\u00e9mon\n|rule|Item Clause: Limit one of each item\n|clearpoke\n|poke|p1|Chien-Pao, L50|\n|poke|p1|Rillaboom, L50, F|\n|poke|p1|Arcanine-Hisui, L50, F|\n|poke|p1|Urshifu-*, L50, M|\n|poke|p1|Tornadus, L50, M|\n|poke|p1|Flutter Mane, L50|\n|poke|p2|Lycanroc, L50, F|\n|poke|p2|Tyranitar, L50, F|\n|poke|p2|Ogerpon-Hearthflame, L50, F|\n|poke|p2|Farigiraf, L50, M|\n|poke|p2|Iron Hands, L50|\n|poke|p2|Amoonguss, L50, F|\n|teampreview|4\nsev100 has agreed to open team sheets.\n|\n|t:|1699903534\n|start\n|switch|p1a: Urshifu|Urshifu-Rapid-Strike, L50, M|100\/100\n|switch|p1b: Tornadus|Tornadus, L50, M|100\/100\n|switch|p2a: Farigiraf|Farigiraf, L50, M|100\/100\n|switch|p2b: Tyranitar|Tyranitar, L50, F|100\/100\n|-weather|Sandstorm|[from] ability: Sand Stream|[of] p2b: Tyranitar\n|turn|1\n|\n|t:|1699903697\n|switch|p2b: Iron Hands|Iron Hands, L50|100\/100\n|-terastallize|p1a: Urshifu|Water\n|move|p1b: Tornadus|Bleakwind Storm|p2a: Farigiraf|[spread] p2a,p2b\n|-damage|p2a: Farigiraf|60\/100\n|-damage|p2b: Iron Hands|79\/100\n|-unboost|p2b: Iron Hands|spe|1\n|move|p1a: Urshifu|Surging Strikes|p2b: Iron Hands\n|-crit|p2b: Iron Hands\n|-damage|p2b: Iron Hands|56\/100\n|-crit|p2b: Iron Hands\n|-damage|p2b: Iron Hands|37\/100\n|-crit|p2b: Iron Hands\n|-damage|p2b: Iron Hands|15\/100\n|-hitcount|p2b: Iron Hands|3\n|move|p2a: Farigiraf|Dazzling Gleam|p1a: Urshifu|[spread] p1a,p1b\n|-damage|p1a: Urshifu|72\/100\n|-damage|p1b: Tornadus|71\/100\n|\n|-weather|Sandstorm|[upkeep]\n|-damage|p1b: Tornadus|65\/100|[from] Sandstorm\n|-damage|p1a: Urshifu|66\/100|[from] Sandstorm\n|-damage|p2a: Farigiraf|54\/100|[from] Sandstorm\n|-damage|p2b: Iron Hands|9\/100|[from] Sandstorm\n|upkeep\n|turn|2\n|\n|t:|1699903770\n|move|p1a: Urshifu|Detect|p1a: Urshifu\n|-singleturn|p1a: Urshifu|Protect\n|move|p1b: Tornadus|Bleakwind Storm|p2a: Farigiraf|[spread] p2a\n|-miss|p1b: Tornadus|p2b: Iron Hands\n|-damage|p2a: Farigiraf|15\/100\n|-enditem|p2a: Farigiraf|Sitrus Berry|[eat]\n|-heal|p2a: Farigiraf|40\/100|[from] item: Sitrus Berry\n|move|p2a: Farigiraf|Dazzling Gleam|p1a: Urshifu|[spread] p1b\n|-activate|p1a: Urshifu|move: Protect\n|-damage|p1b: Tornadus|34\/100\n|move|p2b: Iron Hands|Wild Charge|p1a: Urshifu\n|-activate|p1a: Urshifu|move: Protect\n|\n|-weather|Sandstorm|[upkeep]\n|-damage|p1b: Tornadus|28\/100|[from] Sandstorm\n|-damage|p1a: Urshifu|60\/100|[from] Sandstorm\n|-damage|p2a: Farigiraf|34\/100|[from] Sandstorm\n|-damage|p2b: Iron Hands|3\/100|[from] Sandstorm\n|upkeep\n|turn|3\n|\n|t:|1699903824\n|move|p1b: Tornadus|Bleakwind Storm|p2a: Farigiraf|[spread] p2a\n|-miss|p1b: Tornadus|p2b: Iron Hands\n|-damage|p2a: Farigiraf|0 fnt\n|faint|p2a: Farigiraf\n|move|p1a: Urshifu|Surging Strikes|p2b: Iron Hands\n|-crit|p2b: Iron Hands\n|-damage|p2b: Iron Hands|0 fnt\n|faint|p2b: Iron Hands\n|-end|p2b: Iron Hands|Quark Drive|[silent]\n|-hitcount|p2: Iron Hands|1\n|\n|-weather|Sandstorm|[upkeep]\n|-damage|p1b: Tornadus|23\/100|[from] Sandstorm\n|-damage|p1a: Urshifu|55\/100|[from] Sandstorm\n|upkeep\n|\n|t:|1699903841\n|switch|p2a: Lycanroc|Lycanroc, L50, F|100\/100\n|switch|p2b: Tyranitar|Tyranitar, L50, F|100\/100\n|turn|4\n|\n|t:|1699903862\n|-terastallize|p2b: Tyranitar|Flying\n|move|p2a: Lycanroc|Endure|p2a: Lycanroc\n|-singleturn|p2a: Lycanroc|move: Endure\n|move|p1a: Urshifu|Detect|p1a: Urshifu\n|-singleturn|p1a: Urshifu|Protect\n|move|p1b: Tornadus|Tailwind|p1b: Tornadus\n|-sidestart|p1: sev100|move: Tailwind\n|move|p2b: Tyranitar|Tera Blast|p1a: Urshifu|[anim] Tera Blast Flying\n|-activate|p1a: Urshifu|move: Protect\n|\n|-weather|Sandstorm|[upkeep]\n|-damage|p1b: Tornadus|17\/100|[from] Sandstorm\n|-damage|p1a: Urshifu|49\/100|[from] Sandstorm\n|-damage|p2b: Tyranitar|95\/100|[from] Sandstorm\n|upkeep\n|turn|5\n|\n|t:|1699903903\n|move|p2a: Lycanroc|Endure|p2a: Lycanroc\n|-singleturn|p2a: Lycanroc|move: Endure\n|move|p1b: Tornadus|Bleakwind Storm|p2a: Lycanroc|[spread] p2a,p2b\n|-resisted|p2a: Lycanroc\n|-damage|p2a: Lycanroc|80\/100\n|-damage|p2b: Tyranitar|65\/100\n|move|p1a: Urshifu|Surging Strikes|p2a: Lycanroc\n|-supereffective|p2a: Lycanroc\n|-crit|p2a: Lycanroc\n|-activate|p2a: Lycanroc|move: Endure\n|-damage|p2a: Lycanroc|1\/100\n|-supereffective|p2a: Lycanroc\n|-crit|p2a: Lycanroc\n|-activate|p2a: Lycanroc|move: Endure\n|-damage|p2a: Lycanroc|1\/100\n|-supereffective|p2a: Lycanroc\n|-crit|p2a: Lycanroc\n|-activate|p2a: Lycanroc|move: Endure\n|-damage|p2a: Lycanroc|1\/100\n|-hitcount|p2a: Lycanroc|3\n|move|p2b: Tyranitar|Tera Blast|p1a: Urshifu|[anim] Tera Blast Flying\n|-damage|p1a: Urshifu|0 fnt\n|faint|p1a: Urshifu\n|\n|-weather|none\n|upkeep\n|\n|t:|1699903922\n|switch|p1a: Rillaboom|Rillaboom, L50, F|100\/100\n|-fieldstart|move: Grassy Terrain|[from] ability: Grassy Surge|[of] p1a: Rillaboom\n|turn|6\n|\n|t:|1699903947\n|move|p1a: Rillaboom|Fake Out|p2b: Tyranitar\n|-damage|p2b: Tyranitar|55\/100\n|-damage|p1a: Rillaboom|84\/100|[from] item: Rocky Helmet|[of] p2b: Tyranitar\n|move|p1b: Tornadus|Bleakwind Storm|p2a: Lycanroc|[spread] p2b\n|-miss|p1b: Tornadus|p2a: Lycanroc\n|-damage|p2b: Tyranitar|19\/100\n|move|p2a: Lycanroc|Endeavor|p1a: Rillaboom\n|-damage|p1a: Rillaboom|1\/100\n|cant|p2b: Tyranitar|flinch\n|\n|-heal|p1a: Rillaboom|7\/100|[from] Grassy Terrain\n|-heal|p2a: Lycanroc|7\/100|[from] Grassy Terrain\n|upkeep\n|turn|7\n|\n|t:|1699903971\n|move|p1a: Rillaboom|Grassy Glide|p2b: Tyranitar\n|-resisted|p2b: Tyranitar\n|-damage|p2b: Tyranitar|5\/100\n|-damage|p1a: Rillaboom|0 fnt|[from] item: Rocky Helmet|[of] p2b: Tyranitar\n|faint|p1a: Rillaboom\n|move|p1b: Tornadus|Bleakwind Storm|p2a: Lycanroc|[spread] p2a,p2b\n|-resisted|p2a: Lycanroc\n|-damage|p2a: Lycanroc|0 fnt\n|-damage|p2b: Tyranitar|0 fnt\n|faint|p2a: Lycanroc\n|faint|p2b: Tyranitar\n|\n|win|sev100\n|raw|sev100's rating: 1166 &rarr; <strong>1188<\/strong><br \/>(+22 for winning)\n|raw|Richard Draco's rating: 1131 &rarr; <strong>1109<\/strong><br \/>(-22 for losing)\n|l|\u2606sev100\n","uploadtime":1699904003,"views":8,"p1id":"sev100","p2id":"richarddraco","formatid":"gen9vgc2023regulatione","rating":1109,"private":0,"password":""}