{"id":"gen9vgc2023regulatione-1994298409","p1":"CrystalDialga","p2":"TakinaVGC","format":"[Gen 9] VGC 2023 Regulation E","log":"|j|\u2606CrystalDialga\n|j|\u2606TakinaVGC\n|n|\u2606CrystalDialga|crystaldialga\n|n|\u2606TakinaVGC|takinavgc\n|html|View the match progress at <a href=\"\/game-bestof3-gen9vgc2023regulatione-1994298408\">game-bestof3-gen9vgc2023regulatione-1994298408<\/a>\n|t:|1700428436\n|gametype|doubles\n|player|p1|CrystalDialga|larry|\n|player|p2|TakinaVGC|cynthia|\n|teamsize|p1|6\n|teamsize|p2|6\n|gen|9\n|tier|[Gen 9] VGC 2023 Regulation E\n|rule|Species Clause: Limit one of each Pok\u00e9mon\n|rule|Item Clause: Limit one of each item\n|clearpoke\n|poke|p1|Dragapult, L50, M|\n|poke|p1|Chien-Pao, L50|\n|poke|p1|Ting-Lu, L50|\n|poke|p1|Rillaboom, L50, M|\n|poke|p1|Dondozo, L50, F|\n|poke|p1|Amoonguss, L50, M|\n|poke|p2|Arcanine-Hisui, L50, F|\n|poke|p2|Tornadus, L50, M|\n|poke|p2|Urshifu-*, L50, F|\n|poke|p2|Rillaboom, L50, M|\n|poke|p2|Regidrago, L50|\n|poke|p2|Scizor, L50, F|\n|teampreview|4\n|c|\u2606CrystalDialga|gl hf\n|c|\u2606TakinaVGC|Do you want timer on or off?\n|c|\u2606TakinaVGC|you too!\nTakinaVGC has agreed to open team sheets.\n|c|\u2606CrystalDialga|doesn't matter to me\nCrystalDialga has agreed to open team sheets.\n|showteam|p1|Dragapult||ChoiceBand|ClearBody|DragonDarts,PhantomForce,TeraBlast,Uturn|||M|||50|,,,,,Ghost]Chien-Pao||FocusSash|SwordofRuin|Protect,SuckerPunch,IcicleCrash,SacredSword||||||50|,,,,,Ghost]Ting-Lu||AssaultVest|VesselofRuin|Fissure,StompingTantrum,Ruination,HeavySlam||||||50|,,,,,Poison]Rillaboom||GrassySeed|GrassySurge|FakeOut,GrassyGlide,WoodHammer,Uturn|||M|||50|,,,,,Fire]Dondozo||Leftovers|Oblivious|Yawn,OrderUp,WaveCrash,HeavySlam|||F|||50|,,,,,Dragon]Amoonguss||RockyHelmet|Regenerator|Spore,RagePowder,PollenPuff,ClearSmog|||M|||50|,,,,,Dragon\n|showteam|p2|Arcanine-Hisui||ChoiceBand|Intimidate|FlareBlitz,RockSlide,ExtremeSpeed,HeadSmash|||F|||50|,,,,,Water]Tornadus||SharpBeak|Prankster|Tailwind,BleakwindStorm,RainDance,Protect|||M|||50|,,,,,Dragon]Urshifu-Rapid-Strike||MysticWater|UnseenFist|SurgingStrikes,AquaJet,CloseCombat,Protect|||F|||50|,,,,,Water]Rillaboom||AssaultVest|GrassySurge|FakeOut,GrassyGlide,WoodHammer,HighHorsepower|||M|||50|,,,,,Fire]Regidrago||DragonFang|DragonsMaw|DragonEnergy,DracoMeteor,EarthPower,Protect||||||50|,,,,,Steel]Scizor||ClearAmulet|Technician|BulletPunch,BugBite,Protect,DualWingbeat|||F|||50|,,,,,Water\n|c|\u2606TakinaVGC|kk, we can keep timer off then if you don't mind\n|c|\u2606CrystalDialga|sounds good\n|\n|t:|1700428525\n|start\n|switch|p1a: \"One more fissure\"|Ting-Lu, L50|100\/100\n|switch|p1b: Dude from Ice Age|Chien-Pao, L50|100\/100\n|switch|p2a: Scizor|Scizor, L50, F|100\/100\n|switch|p2b: Tornadus|Tornadus, L50, M|100\/100\n|-ability|p1b: Dude from Ice Age|Sword of Ruin\n|-ability|p1a: \"One more fissure\"|Vessel of Ruin\n|turn|1\n|j| Van. Volcanucks\n|\n|t:|1700428554\n|switch|p1a: Don't think it|Amoonguss, L50, M|100\/100\n|move|p2b: Tornadus|Protect|p2b: Tornadus\n|-singleturn|p2b: Tornadus|Protect\n|move|p2a: Scizor|Bullet Punch|p1b: Dude from Ice Age\n|-supereffective|p1b: Dude from Ice Age\n|-damage|p1b: Dude from Ice Age|11\/100\n|move|p1b: Dude from Ice Age|Icicle Crash|p2b: Tornadus\n|-activate|p2b: Tornadus|move: Protect\n|\n|upkeep\n|turn|2\n|\n|t:|1700428584\n|switch|p1b: \"One more fissure\"|Ting-Lu, L50|100\/100\n|-ability|p1b: \"One more fissure\"|Vessel of Ruin\n|move|p2b: Tornadus|Tailwind|p2b: Tornadus\n|-sidestart|p2: TakinaVGC|move: Tailwind\n|move|p2a: Scizor|Dual Wingbeat|p1a: Don't think it\n|-supereffective|p1a: Don't think it\n|-damage|p1a: Don't think it|64\/100\n|-damage|p2a: Scizor|84\/100|[from] item: Rocky Helmet|[of] p1a: Don't think it\n|-supereffective|p1a: Don't think it\n|-damage|p1a: Don't think it|30\/100\n|-damage|p2a: Scizor|68\/100|[from] item: Rocky Helmet|[of] p1a: Don't think it\n|-hitcount|p1a: Don't think it|2\n|move|p1a: Don't think it|Spore|p2a: Scizor\n|-status|p2a: Scizor|slp|[from] move: Spore\n|\n|upkeep\n|turn|3\n|\n|t:|1700428617\n|switch|p2a: Regidrago|Regidrago, L50|100\/100\n|-terastallize|p1a: Don't think it|Dragon\n|move|p2b: Tornadus|Bleakwind Storm|p1b: \"One more fissure\"|[spread] p1a\n|-miss|p2b: Tornadus|p1b: \"One more fissure\"\n|-crit|p1a: Don't think it\n|-damage|p1a: Don't think it|0 fnt\n|faint|p1a: Don't think it\n|move|p1b: \"One more fissure\"|Stomping Tantrum|p2a: Regidrago\n|-damage|p2a: Regidrago|66\/100\n|\n|upkeep\n|\n|t:|1700428628\n|switch|p1a: SSJ3 Goku|Rillaboom, L50, M, shiny|100\/100\n|-fieldstart|move: Grassy Terrain|[from] ability: Grassy Surge|[of] p1a: SSJ3 Goku\n|-enditem|p1a: SSJ3 Goku|Grassy Seed\n|-boost|p1a: SSJ3 Goku|def|1|[from] item: Grassy Seed\n|turn|4\n|\n|t:|1700428651\n|move|p2b: Tornadus|Protect|p2b: Tornadus\n|-singleturn|p2b: Tornadus|Protect\n|move|p2a: Regidrago|Protect|p2a: Regidrago\n|-singleturn|p2a: Regidrago|Protect\n|move|p1a: SSJ3 Goku|Fake Out|p2b: Tornadus\n|-activate|p2b: Tornadus|move: Protect\n|move|p1b: \"One more fissure\"|Stomping Tantrum|p2a: Regidrago\n|-activate|p2a: Regidrago|move: Protect\n|\n|-heal|p2a: Regidrago|72\/100|[from] Grassy Terrain\n|upkeep\n|turn|5\n|\n|t:|1700428666\n|move|p1a: SSJ3 Goku|Grassy Glide|p2a: Regidrago\n|-resisted|p2a: Regidrago\n|-damage|p2a: Regidrago|50\/100\n|move|p2b: Tornadus|Bleakwind Storm|p1b: \"One more fissure\"|[spread] p1a,p1b\n|-supereffective|p1a: SSJ3 Goku\n|-damage|p1a: SSJ3 Goku|19\/100\n|-damage|p1b: \"One more fissure\"|85\/100\n|move|p2a: Regidrago|Dragon Energy|p1b: \"One more fissure\"|[spread] p1a,p1b\n|-crit|p1b: \"One more fissure\"\n|-damage|p1a: SSJ3 Goku|0 fnt\n|-damage|p1b: \"One more fissure\"|62\/100\n|faint|p1a: SSJ3 Goku\n|move|p1b: \"One more fissure\"|Stomping Tantrum|p2a: Regidrago\n|-damage|p2a: Regidrago|15\/100\n|\n|-heal|p2a: Regidrago|22\/100|[from] Grassy Terrain\n|-heal|p1b: \"One more fissure\"|68\/100|[from] Grassy Terrain\n|-sideend|p2: TakinaVGC|move: Tailwind\n|upkeep\n|\n|t:|1700428674\n|switch|p1a: Dude from Ice Age|Chien-Pao, L50|11\/100\n|-ability|p1a: Dude from Ice Age|Sword of Ruin\n|turn|6\n|\n|t:|1700428730\n|move|p1a: Dude from Ice Age|Protect|p1a: Dude from Ice Age\n|-singleturn|p1a: Dude from Ice Age|Protect\n|move|p2b: Tornadus|Tailwind|p2b: Tornadus\n|-sidestart|p2: TakinaVGC|move: Tailwind\n|move|p2a: Regidrago|Draco Meteor|p1b: \"One more fissure\"\n|-damage|p1b: \"One more fissure\"|33\/100\n|-unboost|p2a: Regidrago|spa|2\n|move|p1b: \"One more fissure\"|Heavy Slam|p2b: Tornadus\n|-damage|p2b: Tornadus|51\/100\n|\n|-heal|p2a: Regidrago|28\/100|[from] Grassy Terrain\n|-heal|p1a: Dude from Ice Age|17\/100|[from] Grassy Terrain\n|-heal|p1b: \"One more fissure\"|38\/100|[from] Grassy Terrain\n|upkeep\n|turn|7\n|\n|t:|1700428754\n|move|p1a: Dude from Ice Age|Sucker Punch|p2b: Tornadus\n|-damage|p2b: Tornadus|1\/100\n|move|p2b: Tornadus|Bleakwind Storm|p1b: \"One more fissure\"|[spread] p1a,p1b\n|-damage|p1a: Dude from Ice Age|0 fnt\n|-damage|p1b: \"One more fissure\"|24\/100\n|-unboost|p1b: \"One more fissure\"|spe|1\n|faint|p1a: Dude from Ice Age\n|move|p2a: Regidrago|Draco Meteor|p1b: \"One more fissure\"\n|-damage|p1b: \"One more fissure\"|5\/100\n|-unboost|p2a: Regidrago|spa|2\n|move|p1b: \"One more fissure\"|Stomping Tantrum|p2a: Regidrago\n|-damage|p2a: Regidrago|0 fnt\n|faint|p2a: Regidrago\n|\n|-heal|p1b: \"One more fissure\"|11\/100|[from] Grassy Terrain\n|upkeep\n|\n|t:|1700428765\n|switch|p2a: Rillaboom|Rillaboom, L50, M|100\/100\n|turn|8\n|\n|t:|1700428773\n|move|p2a: Rillaboom|Fake Out|p1b: \"One more fissure\"\n|-damage|p1b: \"One more fissure\"|4\/100\n|move|p2b: Tornadus|Bleakwind Storm|p1b: \"One more fissure\"|[miss]\n|-miss|p2b: Tornadus|p1b: \"One more fissure\"\n|cant|p1b: \"One more fissure\"|flinch\n|\n|-heal|p1b: \"One more fissure\"|10\/100|[from] Grassy Terrain\n|-fieldend|move: Grassy Terrain\n|upkeep\n|turn|9\n|\n|t:|1700428779\n|move|p2b: Tornadus|Bleakwind Storm|p1b: \"One more fissure\"\n|-damage|p1b: \"One more fissure\"|0 fnt\n|faint|p1b: \"One more fissure\"\n|\n|win|TakinaVGC\n|c|&|\/uhtml prompt-crystaldialga,CrystalDialga is ready for game 2!\n|inactive|TakinaVGC has 50 seconds to confirm battle start!\n|c|&|\/uhtml prompt-takinavgc,TakinaVGC is ready for game 2!\nBoth players are ready! Starting next match!\n","uploadtime":1700428786,"views":8,"p1id":"crystaldialga","p2id":"takinavgc","formatid":"gen9vgc2023regulatione","rating":0,"private":0,"password":""}