{"id":"gen9vgc2023regulatione-1999185965","p1":"dizz membered","p2":"Yojohanpop","format":"[Gen 9] VGC 2023 Regulation E","log":"|j|\u2606dizz membered\n|j|\u2606Yojohanpop\n|t:|1701042858\n|gametype|doubles\n|player|p1|dizz membered|pokemonbreederf-gen4|1155\n|player|p2|Yojohanpop|ghetsis|1220\n|teamsize|p1|6\n|teamsize|p2|6\n|gen|9\n|tier|[Gen 9] VGC 2023 Regulation E\n|rated|\n|rule|Species Clause: Limit one of each Pok\u00e9mon\n|rule|Item Clause: Limit one of each item\n|clearpoke\n|poke|p1|Chien-Pao, L50|\n|poke|p1|Baxcalibur, L50, F|\n|poke|p1|Ninetales-Alola, L50, M|\n|poke|p1|Abomasnow, L50, F|\n|poke|p1|Cetitan, L50, M|\n|poke|p1|Iron Bundle, L50|\n|poke|p2|Flutter Mane, L50|\n|poke|p2|Arcanine-Hisui, L50, M|\n|poke|p2|Farigiraf, L50, F|\n|poke|p2|Ogerpon-Wellspring, L50, F|\n|poke|p2|Chien-Pao, L50|\n|poke|p2|Rillaboom, L50, M|\n|teampreview|4\ndizz membered has agreed to open team sheets.\n|\n|t:|1701042907\n|start\n|switch|p1a: Ninetales|Ninetales-Alola, L50, M|100\/100\n|switch|p1b: Cetitan|Cetitan, L50, M|100\/100\n|switch|p2a: Arcanine|Arcanine-Hisui, L50, M|100\/100\n|switch|p2b: Ogerpon|Ogerpon-Wellspring, L50, F|100\/100\n|-weather|Snow|[from] ability: Snow Warning|[of] p1a: Ninetales\n|-ability|p2a: Arcanine|Intimidate|boost\n|-unboost|p1a: Ninetales|atk|1\n|-unboost|p1b: Cetitan|atk|1\n|turn|1\n|\n|t:|1701042927\n|move|p2b: Ogerpon|Follow Me|p2b: Ogerpon\n|-singleturn|p2b: Ogerpon|move: Follow Me\n|move|p1b: Cetitan|High Horsepower|p2b: Ogerpon\n|-resisted|p2b: Ogerpon\n|-damage|p2b: Ogerpon|89\/100\n|move|p1a: Ninetales|Freeze-Dry|p2b: Ogerpon\n|-supereffective|p2b: Ogerpon\n|-damage|p2b: Ogerpon|7\/100\n|move|p2a: Arcanine|Rock Slide|p1b: Cetitan|[spread] p1a\n|-miss|p2a: Arcanine|p1b: Cetitan\n|-supereffective|p1a: Ninetales\n|-damage|p1a: Ninetales|34\/100\n|\n|-weather|Snow|[upkeep]\n|upkeep\n|turn|2\n|\n|t:|1701042950\n|-terastallize|p1b: Cetitan|Ground\n|move|p2b: Ogerpon|Spiky Shield|p2b: Ogerpon\n|-singleturn|p2b: Ogerpon|move: Protect\n|move|p1b: Cetitan|Belly Drum|p1b: Cetitan\n|-damage|p1b: Cetitan|50\/100\n|-setboost|p1b: Cetitan|atk|6|[from] move: Belly Drum\n|-enditem|p1b: Cetitan|Sitrus Berry|[eat]\n|-heal|p1b: Cetitan|75\/100|[from] item: Sitrus Berry\n|move|p1a: Ninetales|Aurora Veil|p1a: Ninetales\n|-sidestart|p1: dizz membered|move: Aurora Veil\n|move|p2a: Arcanine|Rock Slide|p1a: Ninetales|[spread] p1a,p1b\n|-supereffective|p1a: Ninetales\n|-resisted|p1b: Cetitan\n|-crit|p1b: Cetitan\n|-damage|p1a: Ninetales|0 fnt\n|-damage|p1b: Cetitan|47\/100\n|faint|p1a: Ninetales\n|\n|-weather|Snow|[upkeep]\n|upkeep\n|\n|t:|1701042969\n|switch|p1a: Chien-Pao|Chien-Pao, L50|100\/100\n|-ability|p1a: Chien-Pao|Sword of Ruin\n|turn|3\n|\n|t:|1701042979\n|move|p1b: Cetitan|High Horsepower|p2a: Arcanine\n|-supereffective|p2a: Arcanine\n|-damage|p2a: Arcanine|0 fnt\n|faint|p2a: Arcanine\n|move|p1a: Chien-Pao|Lash Out|p2b: Ogerpon\n|-damage|p2b: Ogerpon|0 fnt\n|faint|p2b: Ogerpon\n|\n|-weather|Snow|[upkeep]\n|upkeep\n|\n|t:|1701042989\n|switch|p2a: Flutter Mane|Flutter Mane, L50|100\/100\n|switch|p2b: Chien-Pao|Chien-Pao, L50|100\/100\n|-ability|p2b: Chien-Pao|Sword of Ruin\n|turn|4\n|\n|t:|1701043005\n|-terastallize|p2a: Flutter Mane|Fairy\n|move|p2b: Chien-Pao|Sucker Punch|p1b: Cetitan\n|-damage|p1b: Cetitan|13\/100\n|move|p1b: Cetitan|High Horsepower|p2b: Chien-Pao\n|-enditem|p2b: Chien-Pao|Focus Sash\n|-damage|p2b: Chien-Pao|1\/100\n|move|p1a: Chien-Pao|Ice Spinner|p2a: Flutter Mane\n|-damage|p2a: Flutter Mane|0 fnt\n|faint|p2a: Flutter Mane\n|-end|p2a: Flutter Mane|Protosynthesis|[silent]\n|\n|-weather|Snow|[upkeep]\n|upkeep\n|turn|5\n|\n|t:|1701043020\n|move|p2b: Chien-Pao|Sucker Punch|p1b: Cetitan\n|-damage|p1b: Cetitan|0 fnt\n|faint|p1b: Cetitan\n|move|p1a: Chien-Pao|Ice Spinner|p2b: Chien-Pao\n|-resisted|p2b: Chien-Pao\n|-damage|p2b: Chien-Pao|0 fnt\n|faint|p2b: Chien-Pao\n|\n|win|dizz membered\n|raw|dizz membered's rating: 1155 &rarr; <strong>1185<\/strong><br \/>(+30 for winning)\n|raw|Yojohanpop's rating: 1220 &rarr; <strong>1190<\/strong><br \/>(-30 for losing)\n|l|\u2606Yojohanpop\n","uploadtime":1701043033,"views":1,"p1id":"dizzmembered","p2id":"yojohanpop","formatid":"gen9vgc2023regulatione","rating":1185,"private":0,"password":""}