{"id":"gen9vgc2023regulatione-1994520780","p1":"coolBeans21","p2":"Leek_Alt","format":"[Gen 9] VGC 2023 Regulation E","log":"|j|\u2606coolBeans21\n|j|\u2606Leek_Alt\n|t:|1700453940\n|gametype|doubles\n|player|p1|coolBeans21|sabrina|1228\n|player|p2|Leek_Alt|blue|1318\n|teamsize|p1|6\n|teamsize|p2|6\n|gen|9\n|tier|[Gen 9] VGC 2023 Regulation E\n|rated|\n|rule|Species Clause: Limit one of each Pok\u00e9mon\n|rule|Item Clause: Limit one of each item\n|clearpoke\n|poke|p1|Chien-Pao, L50|\n|poke|p1|Tornadus, L50, M|\n|poke|p1|Arcanine-Hisui, L50, F|\n|poke|p1|Ogerpon-Wellspring, L50, F|\n|poke|p1|Flutter Mane, L50|\n|poke|p1|Iron Hands, L50|\n|poke|p2|Gholdengo, L50|\n|poke|p2|Ogerpon-Wellspring, L50, F|\n|poke|p2|Arcanine-Hisui, L50, M|\n|poke|p2|Chien-Pao, L50|\n|poke|p2|Scream Tail, L50|\n|poke|p2|Dragonite, L50, F|\n|teampreview|4\nLeek_Alt has agreed to open team sheets.\n|inactive|Battle timer is ON: inactive players will automatically lose when time's up. (requested by Leek_Alt)\n|c|\u2606Leek_Alt|glhf\n|inactive|coolBeans21 has 60 seconds left.\n|inactive|coolBeans21 has 30 seconds left.\n|inactive|coolBeans21 has 20 seconds left.\n|inactive|coolBeans21 has 15 seconds left.\n|inactive|coolBeans21 has 10 seconds left.\n|inactive|coolBeans21 has 5 seconds left.\n|\n|t:|1700454084\n|start\n|switch|p1a: Chien-Pao|Chien-Pao, L50|100\/100\n|switch|p1b: Tornadus|Tornadus, L50, M, shiny|100\/100\n|switch|p2a: Scream Tail|Scream Tail, L50|100\/100\n|switch|p2b: Arcanine|Arcanine-Hisui, L50, M|100\/100\n|-ability|p1a: Chien-Pao|Sword of Ruin\n|-ability|p2b: Arcanine|Intimidate|boost\n|-unboost|p1a: Chien-Pao|atk|1\n|-unboost|p1b: Tornadus|atk|1\n|-enditem|p2a: Scream Tail|Booster Energy\n|-activate|p2a: Scream Tail|ability: Protosynthesis|[fromitem]\n|-start|p2a: Scream Tail|protosynthesisspe\n|turn|1\n|inactive|coolBeans21 has 30 seconds left.\n|\n|t:|1700454118\n|move|p1a: Chien-Pao|Protect|p1a: Chien-Pao\n|-singleturn|p1a: Chien-Pao|Protect\n|move|p1b: Tornadus|Tailwind|p1b: Tornadus\n|-sidestart|p1: coolBeans21|move: Tailwind\n|move|p2a: Scream Tail|Thunder Wave|p1a: Chien-Pao\n|-activate|p1a: Chien-Pao|move: Protect\n|move|p2b: Arcanine|Rock Slide|p1a: Chien-Pao|[spread] p1b\n|-activate|p1a: Chien-Pao|move: Protect\n|-supereffective|p1b: Tornadus\n|-damage|p1b: Tornadus|0 fnt\n|faint|p1b: Tornadus\n|\n|upkeep\n|\n|t:|1700454129\n|switch|p1b: Arcanine|Arcanine-Hisui, L50, F|100\/100\n|-ability|p1b: Arcanine|Intimidate|boost\n|-unboost|p2a: Scream Tail|atk|1\n|-unboost|p2b: Arcanine|atk|1\n|turn|2\n|inactive|coolBeans21 has 30 seconds left.\n|inactive|coolBeans21 has 20 seconds left.\n|\n|t:|1700454168\n|switch|p2b: Gholdengo|Gholdengo, L50|100\/100\n|-terastallize|p1b: Arcanine|Normal\n|move|p1b: Arcanine|Extreme Speed|p2a: Scream Tail\n|-damage|p2a: Scream Tail|59\/100\n|move|p1a: Chien-Pao|Ice Spinner|p2a: Scream Tail\n|-damage|p2a: Scream Tail|34\/100\n|move|p2a: Scream Tail|Thunder Wave|p1b: Arcanine\n|-status|p1b: Arcanine|par\n|\n|upkeep\n|turn|3\n|\n|t:|1700454188\n|move|p1a: Chien-Pao|Ice Spinner|p2a: Scream Tail\n|-damage|p2a: Scream Tail|10\/100\n|move|p2a: Scream Tail|Thunder Wave|p1a: Chien-Pao\n|-status|p1a: Chien-Pao|par\n|move|p1b: Arcanine|Flare Blitz|p2b: Gholdengo\n|-supereffective|p2b: Gholdengo\n|-damage|p2b: Gholdengo|0 fnt\n|faint|p2b: Gholdengo\n|-damage|p1b: Arcanine|64\/100 par|[from] Recoil\n|\n|upkeep\n|c|\u2606Leek_Alt|oh lmao it's not band\n|\n|t:|1700454210\n|switch|p2b: Ogerpon|Ogerpon-Wellspring, L50, F|100\/100\n|turn|4\n|\n|t:|1700454224\n|switch|p1a: Ogerpon|Ogerpon-Wellspring, L50, F|100\/100\n|cant|p1b: Arcanine|par\n|move|p2b: Ogerpon|Follow Me|p2b: Ogerpon\n|-singleturn|p2b: Ogerpon|move: Follow Me\n|move|p2a: Scream Tail|Play Rough|p1a: Ogerpon\n|-damage|p1a: Ogerpon|88\/100\n|\n|-sideend|p1: coolBeans21|move: Tailwind\n|upkeep\n|turn|5\n|\n|t:|1700454243\n|move|p2b: Ogerpon|Follow Me|p2b: Ogerpon\n|-singleturn|p2b: Ogerpon|move: Follow Me\n|move|p1a: Ogerpon|Follow Me|p1a: Ogerpon\n|-singleturn|p1a: Ogerpon|move: Follow Me\n|move|p1b: Arcanine|Extreme Speed|p2b: Ogerpon\n|-damage|p2b: Ogerpon|60\/100\n|move|p2a: Scream Tail|Howl|p2a: Scream Tail|[spread] p2a,p2b\n|-boost|p2a: Scream Tail|atk|1\n|-boost|p2b: Ogerpon|atk|1\n|\n|upkeep\n|turn|6\n|\n|t:|1700454265\n|move|p2a: Scream Tail|Thunder Wave|p1a: Ogerpon\n|-status|p1a: Ogerpon|par\n|move|p2b: Ogerpon|Horn Leech|p1b: Arcanine\n|-damage|p1b: Arcanine|0 fnt\n|-heal|p2b: Ogerpon|89\/100|[from] drain|[of] p1b: Arcanine\n|faint|p1b: Arcanine\n|move|p1a: Ogerpon|Horn Leech|p2b: Ogerpon\n|-damage|p2b: Ogerpon|51\/100\n|-heal|p1a: Ogerpon|100\/100 par|[from] drain|[of] p2b: Ogerpon\n|\n|upkeep\n|\n|t:|1700454275\n|switch|p1b: Chien-Pao|Chien-Pao, L50|100\/100 par\n|-ability|p1b: Chien-Pao|Sword of Ruin\n|turn|7\n|\n|t:|1700454286\n|move|p2b: Ogerpon|Spiky Shield|p2b: Ogerpon\n|-singleturn|p2b: Ogerpon|move: Protect\n|move|p1b: Chien-Pao|Sucker Punch||[still]\n|-fail|p1b: Chien-Pao\n|move|p2a: Scream Tail|Howl|p2a: Scream Tail|[spread] p2a,p2b\n|-boost|p2a: Scream Tail|atk|1\n|-boost|p2b: Ogerpon|atk|1\n|move|p1a: Ogerpon|Horn Leech|p2b: Ogerpon\n|-activate|p2b: Ogerpon|move: Protect\n|-damage|p1a: Ogerpon|88\/100 par|[from] Spiky Shield|[of] p2b: Ogerpon\n|\n|upkeep\n|turn|8\n|\n|t:|1700454299\n|move|p2b: Ogerpon|Follow Me|p2b: Ogerpon\n|-singleturn|p2b: Ogerpon|move: Follow Me\n|move|p1b: Chien-Pao|Sucker Punch||[still]\n|-fail|p1b: Chien-Pao\n|move|p2a: Scream Tail|Play Rough|p1b: Chien-Pao\n|-supereffective|p1b: Chien-Pao\n|-damage|p1b: Chien-Pao|2\/100 par\n|cant|p1a: Ogerpon|par\n|\n|upkeep\n|turn|9\n|-message|coolBeans21 forfeited.\n|\n|win|Leek_Alt\n|raw|coolBeans21's rating: 1228 &rarr; <strong>1209<\/strong><br \/>(-19 for losing)\n|raw|Leek_Alt's rating: 1318 &rarr; <strong>1333<\/strong><br \/>(+15 for winning)\n|l|\u2606coolBeans21\n","uploadtime":1700454356,"views":5,"p1id":"coolbeans21","p2id":"leekalt","formatid":"gen9vgc2023regulatione","rating":1209,"private":0,"password":""}