{"id":"gen9vgc2023regulatione-1996400814","p1":"Mujtabx","p2":"Refanner","format":"[Gen 9] VGC 2023 Regulation E","log":"|j|\u2606Mujtabx\n|j|\u2606Refanner\n|t:|1700678469\n|gametype|doubles\n|player|p1|Mujtabx|ghetsis-gen5bw|1369\n|player|p2|Refanner|2|1350\n|teamsize|p1|6\n|teamsize|p2|6\n|gen|9\n|tier|[Gen 9] VGC 2023 Regulation E\n|rated|\n|rule|Species Clause: Limit one of each Pok\u00e9mon\n|rule|Item Clause: Limit one of each item\n|clearpoke\n|poke|p1|Chien-Pao, L50|\n|poke|p1|Skeledirge, L50, M|\n|poke|p1|Rillaboom, L50, M|\n|poke|p1|Kommo-o, L50, M|\n|poke|p1|Clefairy, L50, M|\n|poke|p1|Regieleki, L50|\n|poke|p2|Glimmora, L50, F|\n|poke|p2|Urshifu-*, L50, M|\n|poke|p2|Tornadus, L50, M|\n|poke|p2|Mamoswine, L50, M|\n|poke|p2|Indeedee-F, L50, F|\n|poke|p2|Regieleki, L50|\n|teampreview|4\nMujtabx rejected open team sheets.\n|inactive|Battle timer is ON: inactive players will automatically lose when time's up. (requested by Mujtabx)\n|inactive|Refanner has 60 seconds left.\n|\n|t:|1700678549\n|start\n|switch|p1a: Rillaboom|Rillaboom, L50, M, shiny|100\/100\n|switch|p1b: Kommo-o|Kommo-o, L50, M|100\/100\n|switch|p2a: Mamoswine|Mamoswine, L50, M|100\/100\n|switch|p2b: Tornadus|Tornadus, L50, M|100\/100\n|-fieldstart|move: Grassy Terrain|[from] ability: Grassy Surge|[of] p1a: Rillaboom\n|turn|1\n|\n|t:|1700678574\n|switch|p2b: Indeedee|Indeedee-F, L50, F|100\/100\n|-fieldstart|move: Psychic Terrain|[from] ability: Psychic Surge|[of] p2b: Indeedee\n|-enditem|p2b: Indeedee|Psychic Seed\n|-boost|p2b: Indeedee|spd|1|[from] item: Psychic Seed\n|-terastallize|p1b: Kommo-o|Steel\n|move|p1a: Rillaboom|Grassy Glide|p2a: Mamoswine\n|-supereffective|p2a: Mamoswine\n|-damage|p2a: Mamoswine|39\/100\n|move|p2a: Mamoswine|Icicle Crash|p1b: Kommo-o\n|-resisted|p1b: Kommo-o\n|-damage|p1b: Kommo-o|77\/100\n|-damage|p2a: Mamoswine|29\/100|[from] item: Life Orb\n|move|p1b: Kommo-o|Clangorous Soul|p1b: Kommo-o\n|-boost|p1b: Kommo-o|atk|1\n|-boost|p1b: Kommo-o|def|1\n|-boost|p1b: Kommo-o|spa|1\n|-boost|p1b: Kommo-o|spd|1\n|-boost|p1b: Kommo-o|spe|1\n|-damage|p1b: Kommo-o|44\/100\n|-enditem|p1b: Kommo-o|Throat Spray\n|-boost|p1b: Kommo-o|spa|1|[from] item: Throat Spray\n|\n|upkeep\n|turn|2\n|inactive|Mujtabx has 30 seconds left.\n|inactive|Refanner has 30 seconds left.\n|inactive|Refanner has 20 seconds left.\n|inactive|Refanner has 15 seconds left.\n|\n|t:|1700678617\n|switch|p1a: Clefairy|Clefairy, L50, M|100\/100\n|switch|p2b: Tornadus|Tornadus, L50, M|100\/100\n|move|p1b: Kommo-o|Protect|p1b: Kommo-o\n|-singleturn|p1b: Kommo-o|Protect\n|move|p2a: Mamoswine|Protect||[still]\n|-fail|p2a: Mamoswine\n|\n|upkeep\n|turn|3\n|inactive|Refanner has 30 seconds left.\n|\n|t:|1700678647\n|move|p1a: Clefairy|Follow Me|p1a: Clefairy\n|-singleturn|p1a: Clefairy|move: Follow Me\n|move|p2b: Tornadus|Tailwind|p2b: Tornadus\n|-sidestart|p2: Refanner|move: Tailwind\n|move|p2a: Mamoswine|High Horsepower|p1a: Clefairy\n|-damage|p1a: Clefairy|18\/100\n|-damage|p2a: Mamoswine|19\/100|[from] item: Life Orb\n|move|p1b: Kommo-o|Clanging Scales|p2a: Mamoswine|[spread] p2a,p2b\n|-damage|p2a: Mamoswine|0 fnt\n|-damage|p2b: Tornadus|36\/100\n|faint|p2a: Mamoswine\n|-unboost|p1b: Kommo-o|def|1\n|\n|upkeep\n|\n|t:|1700678658\n|switch|p2a: Urshifu|Urshifu, L50, M|100\/100\n|turn|4\n|\n|t:|1700678663\n|move|p1b: Kommo-o|Protect|p1b: Kommo-o\n|-singleturn|p1b: Kommo-o|Protect\n|move|p2b: Tornadus|Taunt|p1a: Clefairy\n|-activate|p1a: Clefairy|move: Psychic Terrain\n|move|p2a: Urshifu|Close Combat|p1b: Kommo-o\n|-supereffective|p1b: Kommo-o\n|-damage|p1b: Kommo-o|0 fnt\n|-unboost|p2a: Urshifu|def|1\n|-unboost|p2a: Urshifu|spd|1\n|faint|p1b: Kommo-o\n|move|p1a: Clefairy|Heal Pulse|p1: Kommo-o|[notarget]\n|-fail|p1a: Clefairy\n|\n|upkeep\n|\n|t:|1700678671\n|switch|p1b: Rillaboom|Rillaboom, L50, M, shiny|100\/100\n|-fieldstart|move: Grassy Terrain|[from] ability: Grassy Surge|[of] p1b: Rillaboom\n|turn|5\n|\n|t:|1700678693\n|move|p2a: Urshifu|Protect|p2a: Urshifu\n|-singleturn|p2a: Urshifu|Protect\n|move|p1a: Clefairy|Follow Me|p1a: Clefairy\n|-singleturn|p1a: Clefairy|move: Follow Me\n|move|p1b: Rillaboom|Grassy Glide|p2a: Urshifu\n|-activate|p2a: Urshifu|move: Protect\n|move|p2b: Tornadus|Bleakwind Storm|p1b: Rillaboom|[spread] p1b\n|-miss|p2b: Tornadus|p1a: Clefairy\n|-supereffective|p1b: Rillaboom\n|-damage|p1b: Rillaboom|64\/100\n|-unboost|p1b: Rillaboom|spe|1\n|\n|-heal|p1b: Rillaboom|70\/100|[from] Grassy Terrain\n|-heal|p1a: Clefairy|24\/100|[from] Grassy Terrain\n|upkeep\n|turn|6\n|inactive|Refanner has 30 seconds left.\n|\n|t:|1700678727\n|switch|p2a: Indeedee|Indeedee-F, L50, F|100\/100\n|-fieldstart|move: Psychic Terrain|[from] ability: Psychic Surge|[of] p2a: Indeedee\n|move|p1a: Clefairy|Follow Me|p1a: Clefairy\n|-singleturn|p1a: Clefairy|move: Follow Me\n|move|p2b: Tornadus|Bleakwind Storm|p1b: Rillaboom|[spread] p1a,p1b\n|-crit|p1a: Clefairy\n|-supereffective|p1b: Rillaboom\n|-damage|p1a: Clefairy|0 fnt\n|-damage|p1b: Rillaboom|36\/100\n|faint|p1a: Clefairy\n|move|p1b: Rillaboom|Grassy Glide|p2a: Indeedee\n|-damage|p2a: Indeedee|73\/100\n|\n|-sideend|p2: Refanner|move: Tailwind\n|upkeep\n|\n|t:|1700678735\n|switch|p1a: Chien-Pao|Chien-Pao, L50|100\/100\n|-ability|p1a: Chien-Pao|Sword of Ruin\n|turn|7\n|-message|Mujtabx forfeited.\n|\n|win|Refanner\n|raw|Mujtabx's rating: 1369 &rarr; <strong>1348<\/strong><br \/>(-21 for losing)\n|raw|Refanner's rating: 1350 &rarr; <strong>1371<\/strong><br \/>(+21 for winning)\n|l|\u2606Mujtabx\n","uploadtime":1700678760,"views":11,"p1id":"mujtabx","p2id":"refanner","formatid":"gen9vgc2023regulatione","rating":1348,"private":0,"password":""}