{"id":"gen9vgc2023regulatione-1991743097","p1":"YaBoySchnieds","p2":"Tazsea","format":"[Gen 9] VGC 2023 Regulation E","log":"|j|\u2606YaBoySchnieds\n|j|\u2606Tazsea\n|t:|1700109790\n|gametype|doubles\n|player|p1|YaBoySchnieds|colress|1444\n|player|p2|Tazsea|iris-gen5bw2|1478\n|teamsize|p1|6\n|teamsize|p2|6\n|gen|9\n|tier|[Gen 9] VGC 2023 Regulation E\n|rated|\n|rule|Species Clause: Limit one of each Pok\u00e9mon\n|rule|Item Clause: Limit one of each item\n|clearpoke\n|poke|p1|Amoonguss, L50, M|\n|poke|p1|Moltres-Galar, L50|\n|poke|p1|Urshifu-*, L50, F|\n|poke|p1|Arcanine-Hisui, L50, M|\n|poke|p1|Sinistcha, L50|\n|poke|p1|Rillaboom, L50, F|\n|poke|p2|Glimmora, L50, M|\n|poke|p2|Articuno-Galar, L50|\n|poke|p2|Kommo-o, L50, F|\n|poke|p2|Fezandipiti, L50, M|\n|poke|p2|Sinistcha, L50|\n|poke|p2|Mimikyu, L50, F|\n|teampreview|4\n|inactive|Battle timer is ON: inactive players will automatically lose when time's up. (requested by Tazsea)\n|inactive|YaBoySchnieds also wants the timer to be on.\n|l|\u2606Tazsea\n|inactive|Tazsea disconnected and has a minute to reconnect!\n|player|p2|\n|j|\u2606Tazsea\n|inactive|Tazsea reconnected and has 85 seconds left.\n|player|p2|Tazsea|iris-gen5bw2\n|inactive|YaBoySchnieds has 60 seconds left.\n|inactive|YaBoySchnieds has 30 seconds left.\n|\n|t:|1700109854\n|start\n|switch|p1a: Rillaboom|Rillaboom, L50, F|100\/100\n|switch|p1b: Urshifu|Urshifu-Rapid-Strike, L50, F|100\/100\n|switch|p2a: Articuno|Articuno-Galar, L50|100\/100\n|switch|p2b: Glimmora|Glimmora, L50, M|100\/100\n|-fieldstart|move: Grassy Terrain|[from] ability: Grassy Surge|[of] p1a: Rillaboom\n|turn|1\n|inactive|YaBoySchnieds has 30 seconds left.\n|\n|t:|1700109883\n|switch|p2a: Sinistcha|Sinistcha, L50|100\/100\n|-terastallize|p2b: Glimmora|Grass\n|move|p1a: Rillaboom|Fake Out|p2b: Glimmora\n|-damage|p2b: Glimmora|83\/100\n|-activate|p2b: Glimmora|ability: Toxic Debris\n|-sidestart|p1: YaBoySchnieds|move: Toxic Spikes\n|cant|p2b: Glimmora|flinch\n|move|p1b: Urshifu|Surging Strikes|p2a: Sinistcha\n|-resisted|p2a: Sinistcha\n|-crit|p2a: Sinistcha\n|-damage|p2a: Sinistcha|89\/100\n|-damage|p1b: Urshifu|84\/100|[from] item: Rocky Helmet|[of] p2a: Sinistcha\n|-resisted|p2a: Sinistcha\n|-crit|p2a: Sinistcha\n|-damage|p2a: Sinistcha|78\/100\n|-damage|p1b: Urshifu|67\/100|[from] item: Rocky Helmet|[of] p2a: Sinistcha\n|-resisted|p2a: Sinistcha\n|-crit|p2a: Sinistcha\n|-damage|p2a: Sinistcha|68\/100\n|-damage|p1b: Urshifu|51\/100|[from] item: Rocky Helmet|[of] p2a: Sinistcha\n|-hitcount|p2a: Sinistcha|3\n|\n|-heal|p2b: Glimmora|88\/100|[from] Grassy Terrain\n|-heal|p1b: Urshifu|57\/100|[from] Grassy Terrain\n|-heal|p2a: Sinistcha|74\/100|[from] Grassy Terrain\n|upkeep\n|turn|2\n|inactive|Tazsea has 30 seconds left.\n|\n|t:|1700109912\n|move|p1b: Urshifu|Protect|p1b: Urshifu\n|-singleturn|p1b: Urshifu|Protect\n|move|p2b: Glimmora|Sludge Bomb|p1a: Rillaboom\n|-supereffective|p1a: Rillaboom\n|-damage|p1a: Rillaboom|29\/100\n|move|p1a: Rillaboom|Knock Off|p2a: Sinistcha\n|-supereffective|p2a: Sinistcha\n|-damage|p2a: Sinistcha|22\/100\n|-damage|p1a: Rillaboom|12\/100|[from] item: Rocky Helmet|[of] p2a: Sinistcha\n|-enditem|p2a: Sinistcha|Rocky Helmet|[from] move: Knock Off|[of] p1a: Rillaboom\n|move|p2a: Sinistcha|Matcha Gotcha|p1b: Urshifu|[spread] p1a\n|-activate|p1b: Urshifu|move: Protect\n|-resisted|p1a: Rillaboom\n|-damage|p1a: Rillaboom|0 fnt\n|-heal|p2a: Sinistcha|29\/100|[from] drain|[of] p1a: Rillaboom\n|faint|p1a: Rillaboom\n|\n|-heal|p2b: Glimmora|94\/100|[from] Grassy Terrain\n|-heal|p1b: Urshifu|62\/100|[from] Grassy Terrain\n|-heal|p2a: Sinistcha|35\/100|[from] Grassy Terrain\n|upkeep\n|\n|t:|1700109921\n|switch|p1a: Moltres|Moltres-Galar, L50|100\/100\n|turn|3\n|\n|t:|1700109938\n|switch|p1b: Amoonguss|Amoonguss, L50, M|100\/100\n|-sideend|p1: YaBoySchnieds|move: Toxic Spikes|[of] p1b: Amoonguss\n|-terastallize|p1a: Moltres|Poison\n|move|p2b: Glimmora|Energy Ball|p1b: Amoonguss\n|-resisted|p1b: Amoonguss\n|-damage|p1b: Amoonguss|89\/100\n|move|p2a: Sinistcha|Shadow Ball|p1a: Moltres\n|-damage|p1a: Moltres|72\/100\n|move|p1a: Moltres|Nasty Plot|p1a: Moltres\n|-boost|p1a: Moltres|spa|2\n|\n|-heal|p2b: Glimmora|99\/100|[from] Grassy Terrain\n|-heal|p2a: Sinistcha|40\/100|[from] Grassy Terrain\n|-heal|p1a: Moltres|78\/100|[from] Grassy Terrain\n|-heal|p1b: Amoonguss|95\/100|[from] Grassy Terrain\n|-heal|p1b: Amoonguss|100\/100|[from] item: Leftovers\n|upkeep\n|turn|4\n|\n|t:|1700109962\n|move|p2b: Glimmora|Earth Power|p1a: Moltres\n|-supereffective|p1a: Moltres\n|-damage|p1a: Moltres|32\/100\n|-ability|p1a: Moltres|Berserk|boost\n|-boost|p1a: Moltres|spa|1\n|-enditem|p1a: Moltres|Sitrus Berry|[eat]\n|-heal|p1a: Moltres|57\/100|[from] item: Sitrus Berry\n|move|p2a: Sinistcha|Shadow Ball|p1a: Moltres\n|-damage|p1a: Moltres|29\/100\n|-ability|p1a: Moltres|Berserk|boost\n|-boost|p1a: Moltres|spa|1\n|move|p1a: Moltres|Nasty Plot|p1a: Moltres\n|-boost|p1a: Moltres|spa|2\n|move|p1b: Amoonguss|Pollen Puff|p2a: Sinistcha\n|-damage|p2a: Sinistcha|16\/100\n|\n|-heal|p2b: Glimmora|100\/100|[from] Grassy Terrain\n|-heal|p2a: Sinistcha|22\/100|[from] Grassy Terrain\n|-heal|p1a: Moltres|35\/100|[from] Grassy Terrain\n|upkeep\n|turn|5\n|inactive|YaBoySchnieds has 30 seconds left.\n|inactive|YaBoySchnieds has 20 seconds left.\n|inactive|YaBoySchnieds has 15 seconds left.\n|inactive|YaBoySchnieds has 10 seconds left.\n|\n|t:|1700110010\n|move|p1a: Moltres|Protect|p1a: Moltres\n|-singleturn|p1a: Moltres|Protect\n|move|p2b: Glimmora|Earth Power|p1a: Moltres\n|-activate|p1a: Moltres|move: Protect\n|move|p2a: Sinistcha|Matcha Gotcha|p1a: Moltres|[spread] p1b\n|-activate|p1a: Moltres|move: Protect\n|-resisted|p1b: Amoonguss\n|-damage|p1b: Amoonguss|94\/100\n|-heal|p2a: Sinistcha|26\/100|[from] drain|[of] p1b: Amoonguss\n|move|p1b: Amoonguss|Pollen Puff|p1a: Moltres\n|-activate|p1a: Moltres|move: Protect\n|\n|-heal|p2a: Sinistcha|32\/100|[from] Grassy Terrain\n|-heal|p1a: Moltres|41\/100|[from] Grassy Terrain\n|-heal|p1b: Amoonguss|99\/100|[from] Grassy Terrain\n|-heal|p1b: Amoonguss|100\/100|[from] item: Leftovers\n|-fieldend|move: Grassy Terrain\n|upkeep\n|turn|6\n|\n|t:|1700110032\n|move|p2b: Glimmora|Earth Power|p1a: Moltres\n|-supereffective|p1a: Moltres\n|-damage|p1a: Moltres|0 fnt\n|faint|p1a: Moltres\n|move|p2a: Sinistcha|Matcha Gotcha|p1b: Amoonguss|[miss]\n|-miss|p2a: Sinistcha|p1b: Amoonguss\n|move|p1b: Amoonguss|Pollen Puff|p1: Moltres|[notarget]\n|-fail|p1b: Amoonguss\n|\n|upkeep\n|\n|t:|1700110038\n|switch|p1a: Urshifu|Urshifu-Rapid-Strike, L50, F|62\/100\n|turn|7\n|\n|t:|1700110045\n|move|p2b: Glimmora|Energy Ball|p1a: Urshifu\n|-supereffective|p1a: Urshifu\n|-damage|p1a: Urshifu|0 fnt\n|faint|p1a: Urshifu\n|move|p2a: Sinistcha|Shadow Ball|p1b: Amoonguss\n|-damage|p1b: Amoonguss|73\/100\n|move|p1b: Amoonguss|Pollen Puff|p1: Urshifu|[notarget]\n|-fail|p1b: Amoonguss\n|\n|-heal|p1b: Amoonguss|79\/100|[from] item: Leftovers\n|upkeep\n|turn|8\n|-message|YaBoySchnieds forfeited.\n|\n|win|Tazsea\n|raw|YaBoySchnieds's rating: 1444 &rarr; <strong>1426<\/strong><br \/>(-18 for losing)\n|raw|Tazsea's rating: 1478 &rarr; <strong>1496<\/strong><br \/>(+18 for winning)\n|l|\u2606YaBoySchnieds\n","uploadtime":1700110053,"views":28,"p1id":"yaboyschnieds","p2id":"tazsea","formatid":"gen9vgc2023regulatione","rating":1426,"private":0,"password":""}