{"id":"gen9vgc2023regulatione-1995280837","p1":"fayetssf","p2":"NotSwitch417","format":"[Gen 9] VGC 2023 Regulation E","log":"|j|\u2606fayetssf\n|j|\u2606NotSwitch417\n|t:|1700546103\n|gametype|doubles\n|player|p1|fayetssf|iono|\n|player|p2|NotSwitch417|iris-gen5bw2|\n|teamsize|p1|6\n|teamsize|p2|6\n|gen|9\n|tier|[Gen 9] VGC 2023 Regulation E\n|rule|Species Clause: Limit one of each Pok\u00e9mon\n|rule|Item Clause: Limit one of each item\n|clearpoke\n|poke|p1|Excadrill, L50, F|\n|poke|p1|Tyranitar, L50, M|\n|poke|p1|Incineroar, L50, M|\n|poke|p1|Okidogi, L50, M|\n|poke|p1|Primarina, L50, M|\n|poke|p1|Ogerpon-Wellspring, L50, F|\n|poke|p2|Comfey, L50, M|\n|poke|p2|Kingdra, L50, F|\n|poke|p2|Politoed, L50, F|\n|poke|p2|Scrafty, L50, M|\n|poke|p2|Araquanid, L50, M|\n|poke|p2|Rillaboom, L50, F|\n|teampreview|4\n|\n|t:|1700546140\n|start\n|switch|p1a: Okidogi|Okidogi, L50, M|100\/100\n|switch|p1b: Tyranitar|Tyranitar, L50, M|100\/100\n|switch|p2a: Scrafty|Scrafty, L50, M|100\/100\n|switch|p2b: Comfey|Comfey, L50, M|100\/100\n|-weather|Sandstorm|[from] ability: Sand Stream|[of] p1b: Tyranitar\n|-ability|p2a: Scrafty|Intimidate|boost\n|-ability|p1a: Okidogi|Guard Dog|boost\n|-boost|p1a: Okidogi|atk|1\n|-unboost|p1b: Tyranitar|atk|1\n|turn|1\n|\n|t:|1700546161\n|move|p2a: Scrafty|Fake Out|p1a: Okidogi\n|-damage|p1a: Okidogi|91\/100\n|move|p2b: Comfey|Leech Seed|p1b: Tyranitar\n|-start|p1b: Tyranitar|move: Leech Seed\n|cant|p1a: Okidogi|flinch\n|move|p1b: Tyranitar|Rock Slide|p2a: Scrafty|[spread] p2a,p2b\n|-resisted|p2a: Scrafty\n|-damage|p2a: Scrafty|90\/100\n|-damage|p2b: Comfey|81\/100\n|-enditem|p2a: Scrafty|Eject Button\n|\n|t:|1700546173\n|switch|p2a: Politoed|Politoed, L50, F|100\/100\n|-weather|RainDance|[from] ability: Drizzle|[of] p2a: Politoed\n|\n|-weather|RainDance|[upkeep]\n|-damage|p1b: Tyranitar|88\/100|[from] Leech Seed|[of] p2b: Comfey\n|-heal|p2b: Comfey|96\/100|[silent]\n|upkeep\n|turn|2\n|\n|t:|1700546221\n|switch|p2a: Scrafty|Scrafty, L50, M|90\/100\n|-ability|p2a: Scrafty|Intimidate|boost\n|-ability|p1a: Okidogi|Guard Dog|boost\n|-boost|p1a: Okidogi|atk|1\n|-unboost|p1b: Tyranitar|atk|1\n|switch|p1b: Incineroar|Incineroar, L50, M|100\/100\n|-ability|p1b: Incineroar|Intimidate|boost\n|-unboost|p2a: Scrafty|atk|1\n|-unboost|p2b: Comfey|atk|1\n|move|p1a: Okidogi|Bulk Up|p1a: Okidogi\n|-boost|p1a: Okidogi|atk|1\n|-boost|p1a: Okidogi|def|1\n|move|p2b: Comfey|Trick Room|p2b: Comfey\n|-fieldstart|move: Trick Room|[of] p2b: Comfey\n|\n|-weather|RainDance|[upkeep]\n|upkeep\n|turn|3\n|\n|t:|1700546249\n|move|p1b: Incineroar|Fake Out|p2a: Scrafty\n|-damage|p2a: Scrafty|79\/100\n|cant|p2a: Scrafty|flinch\n|move|p1a: Okidogi|Poison Jab|p2b: Comfey\n|-supereffective|p2b: Comfey\n|-damage|p2b: Comfey|0 fnt\n|faint|p2b: Comfey\n|\n|-weather|RainDance|[upkeep]\n|upkeep\n|\n|t:|1700546259\n|switch|p2b: Araquanid|Araquanid, L50, M|100\/100\n|turn|4\n|\n|t:|1700546287\n|-terastallize|p1a: Okidogi|Dragon\n|move|p1b: Incineroar|Flare Blitz|p2a: Scrafty\n|-damage|p2a: Scrafty|59\/100\n|-damage|p1b: Incineroar|95\/100|[from] Recoil\n|move|p2a: Scrafty|Close Combat|p1b: Incineroar\n|-supereffective|p1b: Incineroar\n|-damage|p1b: Incineroar|34\/100\n|-unboost|p2a: Scrafty|def|1\n|-unboost|p2a: Scrafty|spd|1\n|move|p2b: Araquanid|Liquidation|p1a: Okidogi\n|-resisted|p1a: Okidogi\n|-damage|p1a: Okidogi|61\/100\n|-unboost|p1a: Okidogi|def|1\n|move|p1a: Okidogi|Poison Jab|p2b: Araquanid\n|-damage|p2b: Araquanid|0 fnt\n|faint|p2b: Araquanid\n|\n|-weather|RainDance|[upkeep]\n|upkeep\n|\n|t:|1700546308\n|switch|p2b: Politoed|Politoed, L50, F|100\/100\n|turn|5\n|\n|t:|1700546321\n|move|p1b: Incineroar|Parting Shot|p2b: Politoed\n|-unboost|p2b: Politoed|atk|1\n|-unboost|p2b: Politoed|spa|1\n|\n|t:|1700546323\n|switch|p1b: Tyranitar|Tyranitar, L50, M|88\/100|[from] Parting Shot\n|-weather|Sandstorm|[from] ability: Sand Stream|[of] p1b: Tyranitar\n|move|p2a: Scrafty|Close Combat|p1b: Tyranitar\n|-supereffective|p1b: Tyranitar\n|-damage|p1b: Tyranitar|0 fnt\n|-unboost|p2a: Scrafty|def|1\n|-unboost|p2a: Scrafty|spd|1\n|faint|p1b: Tyranitar\n|move|p2b: Politoed|Icy Wind|p1a: Okidogi\n|-supereffective|p1a: Okidogi\n|-damage|p1a: Okidogi|45\/100\n|-unboost|p1a: Okidogi|spe|1\n|move|p1a: Okidogi|Drain Punch|p2a: Scrafty\n|-supereffective|p2a: Scrafty\n|-damage|p2a: Scrafty|0 fnt\n|-heal|p1a: Okidogi|72\/100|[from] drain|[of] p2a: Scrafty\n|faint|p2a: Scrafty\n|\n|-weather|Sandstorm|[upkeep]\n|-damage|p2b: Politoed|94\/100|[from] Sandstorm\n|upkeep\n|-message|NotSwitch417 forfeited.\n|\n|win|fayetssf\n|l|\u2606NotSwitch417\n","uploadtime":1700547748,"views":24,"p1id":"fayetssf","p2id":"notswitch417","formatid":"gen9vgc2023regulatione","rating":0,"private":0,"password":""}