{"id":"gen9vgc2023regulatione-1996465244","p1":"Erndertoten","p2":"CaltonD","format":"[Gen 9] VGC 2023 Regulation E","log":"|j|\u2606Erndertoten\n|j|\u2606CaltonD\n|t:|1700684639\n|gametype|doubles\n|player|p1|Erndertoten|170|1183\n|player|p2|CaltonD|266|1151\n|teamsize|p1|6\n|teamsize|p2|6\n|gen|9\n|tier|[Gen 9] VGC 2023 Regulation E\n|rated|\n|rule|Species Clause: Limit one of each Pok\u00e9mon\n|rule|Item Clause: Limit one of each item\n|clearpoke\n|poke|p1|Amoonguss, L50, M|\n|poke|p1|Gholdengo, L50|\n|poke|p1|Iron Hands, L50|\n|poke|p1|Flutter Mane, L50|\n|poke|p1|Arcanine-Hisui, L50, M|\n|poke|p1|Iron Bundle, L50|\n|poke|p2|Ogerpon-Cornerstone, L50, F|\n|poke|p2|Dusclops, L50, F|\n|poke|p2|Spectrier, L50|\n|poke|p2|Iron Hands, L50|\n|poke|p2|Rillaboom, L50, M|\n|poke|p2|Kingambit, L50, M|\n|teampreview|4\n|inactive|Battle timer is ON: inactive players will automatically lose when time's up. (requested by Erndertoten)\n|\n|t:|1700684673\n|start\n|switch|p1a: Gholdengo|Gholdengo, L50, shiny|100\/100\n|switch|p1b: Flutter Mane|Flutter Mane, L50, shiny|100\/100\n|switch|p2a: Ogerpon|Ogerpon-Cornerstone, L50, F|100\/100\n|switch|p2b: Rillaboom|Rillaboom, L50, M, shiny|100\/100\n|-fieldstart|move: Grassy Terrain|[from] ability: Grassy Surge|[of] p2b: Rillaboom\n|turn|1\n|\n|t:|1700684697\n|move|p2a: Ogerpon|Grassy Glide|p1b: Flutter Mane\n|-crit|p1b: Flutter Mane\n|-damage|p1b: Flutter Mane|19\/100\n|move|p1b: Flutter Mane|Dazzling Gleam|p2b: Rillaboom|[spread] p2a,p2b\n|-damage|p2a: Ogerpon|57\/100\n|-damage|p2b: Rillaboom|63\/100\n|move|p1a: Gholdengo|Nasty Plot|p1a: Gholdengo\n|-boost|p1a: Gholdengo|spa|2\n|move|p2b: Rillaboom|Knock Off|p1a: Gholdengo\n|-supereffective|p1a: Gholdengo\n|-damage|p1a: Gholdengo|36\/100\n|-enditem|p1a: Gholdengo|Leftovers|[from] move: Knock Off|[of] p2b: Rillaboom\n|\n|-heal|p1b: Flutter Mane|25\/100|[from] Grassy Terrain\n|-heal|p2a: Ogerpon|63\/100|[from] Grassy Terrain\n|-heal|p1a: Gholdengo|42\/100|[from] Grassy Terrain\n|-heal|p2b: Rillaboom|69\/100|[from] Grassy Terrain\n|upkeep\n|turn|2\n|inactive|CaltonD has 30 seconds left.\n|inactive|CaltonD has 20 seconds left.\n|\n|t:|1700684732\n|-end|p1b: Flutter Mane|Protosynthesis|[silent]\n|switch|p1b: Iron Hands|Iron Hands, L50, shiny|100\/100\n|-terastallize|p1a: Gholdengo|Dragon\n|move|p2a: Ogerpon|Spiky Shield|p2a: Ogerpon\n|-singleturn|p2a: Ogerpon|move: Protect\n|move|p2b: Rillaboom|Grassy Glide|p1b: Iron Hands\n|-damage|p1b: Iron Hands|73\/100\n|move|p1a: Gholdengo|Make It Rain|p2b: Rillaboom|[spread] p2b\n|-activate|p2a: Ogerpon|move: Protect\n|-damage|p2b: Rillaboom|0 fnt\n|-unboost|p1a: Gholdengo|spa|1\n|faint|p2b: Rillaboom\n|\n|-heal|p2a: Ogerpon|69\/100|[from] Grassy Terrain\n|-heal|p1a: Gholdengo|48\/100|[from] Grassy Terrain\n|-heal|p1b: Iron Hands|79\/100|[from] Grassy Terrain\n|upkeep\n|\n|t:|1700684756\n|switch|p2b: Kingambit|Kingambit, L50, M|100\/100\n|turn|3\n|\n|t:|1700684770\n|move|p2b: Kingambit|Protect|p2b: Kingambit\n|-singleturn|p2b: Kingambit|Protect\n|move|p1b: Iron Hands|Fake Out|p2a: Ogerpon\n|-resisted|p2a: Ogerpon\n|-damage|p2a: Ogerpon|60\/100\n|cant|p2a: Ogerpon|flinch\n|move|p1a: Gholdengo|Make It Rain|p2a: Ogerpon|[spread] p2a\n|-activate|p2b: Kingambit|move: Protect\n|-supereffective|p2a: Ogerpon\n|-damage|p2a: Ogerpon|0 fnt\n|-unboost|p1a: Gholdengo|spa|1\n|faint|p2a: Ogerpon\n|\n|-heal|p1a: Gholdengo|55\/100|[from] Grassy Terrain\n|-heal|p1b: Iron Hands|85\/100|[from] Grassy Terrain\n|upkeep\n|\n|t:|1700684789\n|switch|p2a: Iron Hands|Iron Hands, L50, shiny|100\/100\n|-enditem|p2a: Iron Hands|Booster Energy\n|-activate|p2a: Iron Hands|ability: Quark Drive|[fromitem]\n|-start|p2a: Iron Hands|quarkdriveatk\n|turn|4\n|\n|t:|1700684812\n|-end|p1b: Iron Hands|Quark Drive|[silent]\n|switch|p1b: Flutter Mane|Flutter Mane, L50, shiny|25\/100\n|move|p2a: Iron Hands|Fake Out|p1b: Flutter Mane\n|-immune|p1b: Flutter Mane\n|move|p1a: Gholdengo|Nasty Plot|p1a: Gholdengo\n|-boost|p1a: Gholdengo|spa|2\n|move|p2b: Kingambit|Iron Head|p1a: Gholdengo\n|-damage|p1a: Gholdengo|23\/100\n|\n|-heal|p1b: Flutter Mane|31\/100|[from] Grassy Terrain\n|-heal|p1a: Gholdengo|29\/100|[from] Grassy Terrain\n|upkeep\n|turn|5\n|inactive|CaltonD has 30 seconds left.\n|\n|t:|1700684838\n|-terastallize|p2a: Iron Hands|Grass\n|move|p2b: Kingambit|Sucker Punch|p1a: Gholdengo\n|-damage|p1a: Gholdengo|0 fnt\n|faint|p1a: Gholdengo\n|move|p1b: Flutter Mane|Dazzling Gleam|p2b: Kingambit|[spread] p2a,p2b\n|-damage|p2a: Iron Hands|60\/100\n|-damage|p2b: Kingambit|62\/100\n|move|p2a: Iron Hands|Ice Punch|p1b: Flutter Mane\n|-damage|p1b: Flutter Mane|0 fnt\n|faint|p1b: Flutter Mane\n|-end|p1b: Flutter Mane|Protosynthesis|[silent]\n|\n|-heal|p2b: Kingambit|68\/100|[from] Grassy Terrain\n|-heal|p2a: Iron Hands|66\/100|[from] Grassy Terrain\n|-fieldend|move: Grassy Terrain\n|upkeep\n|\n|t:|1700684849\n|switch|p1b: Iron Hands|Iron Hands, L50, shiny|85\/100\n|switch|p1a: Iron Bundle|Iron Bundle, L50, shiny|100\/100\n|-enditem|p1a: Iron Bundle|Booster Energy\n|-activate|p1a: Iron Bundle|ability: Quark Drive|[fromitem]\n|-start|p1a: Iron Bundle|quarkdrivespe\n|turn|6\n|\n|t:|1700684863\n|move|p2b: Kingambit|Protect|p2b: Kingambit\n|-singleturn|p2b: Kingambit|Protect\n|move|p1b: Iron Hands|Fake Out|p2a: Iron Hands\n|-damage|p2a: Iron Hands|57\/100\n|move|p1a: Iron Bundle|Freeze-Dry|p2a: Iron Hands\n|-supereffective|p2a: Iron Hands\n|-damage|p2a: Iron Hands|0 fnt\n|faint|p2a: Iron Hands\n|-end|p2a: Iron Hands|Quark Drive|[silent]\n|\n|upkeep\n|turn|7\n|\n|t:|1700684881\n|move|p1a: Iron Bundle|Hydro Pump|p2b: Kingambit\n|-damage|p2b: Kingambit|20\/100\n|move|p1b: Iron Hands|Drain Punch|p2b: Kingambit\n|-supereffective|p2b: Kingambit\n|-damage|p2b: Kingambit|0 fnt\n|-heal|p1b: Iron Hands|93\/100|[from] drain|[of] p2b: Kingambit\n|faint|p2b: Kingambit\n|\n|win|Erndertoten\n|raw|Erndertoten's rating: 1183 &rarr; <strong>1206<\/strong><br \/>(+23 for winning)\n|raw|CaltonD's rating: 1151 &rarr; <strong>1128<\/strong><br \/>(-23 for losing)\n|l|\u2606CaltonD\n","uploadtime":1700684894,"views":6,"p1id":"erndertoten","p2id":"caltond","formatid":"gen9vgc2023regulatione","rating":1128,"private":0,"password":""}