{"id":"gen9vgc2023regulatione-1996170879","p1":"fragment008","p2":"Dino2323","format":"[Gen 9] VGC 2023 Regulation E","log":"|j|\u2606fragment008\n|j|\u2606Dino2323\n|n|\u2606fragment008|fragment008\n|n|\u2606Dino2323|dino2323\n|html|View the match progress at <a href=\"\/game-bestof3-gen9vgc2023regulatione-1996168856\">game-bestof3-gen9vgc2023regulatione-1996168856<\/a>\n|t:|1700654569\n|gametype|doubles\n|player|p1|fragment008|266|\n|player|p2|Dino2323|169|\n|teamsize|p1|6\n|teamsize|p2|6\n|gen|9\n|tier|[Gen 9] VGC 2023 Regulation E\n|rule|Species Clause: Limit one of each Pok\u00e9mon\n|rule|Item Clause: Limit one of each item\n|clearpoke\n|poke|p1|Ogerpon-Wellspring, L50, F|\n|poke|p1|Regieleki, L50|\n|poke|p1|Indeedee-F, L50, F|\n|poke|p1|Tornadus, L50, M|\n|poke|p1|Chi-Yu, L50|\n|poke|p1|Flutter Mane, L50|\n|poke|p2|Glimmora, L50, F|\n|poke|p2|Gholdengo, L50|\n|poke|p2|Ogerpon-Wellspring, L50, F|\n|poke|p2|Iron Hands, L50|\n|poke|p2|Dondozo, L50, M|\n|poke|p2|Tatsugiri, L50, M|\n|teampreview|4\nfragment008 has agreed to open team sheets.\n|\n|t:|1700654658\n|start\n|switch|p1a: Chi-Yu|Chi-Yu, L50|100\/100\n|switch|p1b: Flutter Mane|Flutter Mane, L50|100\/100\n|switch|p2a: Glimmora|Glimmora, L50, F, shiny|100\/100\n|switch|p2b: Iron Hands|Iron Hands, L50|100\/100\n|-ability|p1a: Chi-Yu|Beads of Ruin\n|turn|1\n|\n|t:|1700654694\n|-terastallize|p1a: Chi-Yu|Fire\n|move|p1b: Flutter Mane|Moonblast|p2b: Iron Hands\n|-supereffective|p2b: Iron Hands\n|-damage|p2b: Iron Hands|31\/100\n|move|p1a: Chi-Yu|Heat Wave|p2b: Iron Hands|[spread] p2b\n|-miss|p1a: Chi-Yu|p2a: Glimmora\n|-damage|p2b: Iron Hands|0 fnt\n|faint|p2b: Iron Hands\n|-end|p2b: Iron Hands|Quark Drive|[silent]\n|-damage|p1a: Chi-Yu|91\/100|[from] item: Life Orb\n|move|p2a: Glimmora|Earth Power|p1a: Chi-Yu\n|-supereffective|p1a: Chi-Yu\n|-damage|p1a: Chi-Yu|12\/100\n|\n|upkeep\n|\n|t:|1700654707\n|switch|p2b: Dondozo|Dondozo, L50, M|100\/100\n|turn|2\n|\n|t:|1700654724\n|move|p2b: Dondozo|Protect|p2b: Dondozo\n|-singleturn|p2b: Dondozo|Protect\n|move|p1b: Flutter Mane|Moonblast|p2b: Dondozo\n|-activate|p2b: Dondozo|move: Protect\n|move|p1a: Chi-Yu|Overheat|p2b: Dondozo\n|-activate|p2b: Dondozo|move: Protect\n|move|p2a: Glimmora|Sludge Bomb|p1b: Flutter Mane\n|-damage|p1b: Flutter Mane|26\/100\n|\n|upkeep\n|turn|3\n|\n|t:|1700654739\n|switch|p2a: Tatsugiri|Tatsugiri, L50, M|100\/100\n|-activate|p2a: Tatsugiri|ability: Commander|[of] p2b: Dondozo\n|-boost|p2b: Dondozo|atk|2\n|-boost|p2b: Dondozo|spa|2\n|-boost|p2b: Dondozo|spe|2\n|-boost|p2b: Dondozo|def|2\n|-boost|p2b: Dondozo|spd|2\n|move|p1b: Flutter Mane|Moonblast|p2b: Dondozo\n|-damage|p2b: Dondozo|61\/100\n|move|p2b: Dondozo|Earthquake|p1b: Flutter Mane|[spread] p1a,p1b\n|-miss|p2b: Dondozo|p2a: Tatsugiri\n|-supereffective|p1a: Chi-Yu\n|-damage|p1a: Chi-Yu|0 fnt\n|-damage|p1b: Flutter Mane|0 fnt\n|faint|p1a: Chi-Yu\n|faint|p1b: Flutter Mane\n|-end|p1b: Flutter Mane|Protosynthesis|[silent]\n|\n|upkeep\n|\n|t:|1700654755\n|switch|p1b: Regieleki|Regieleki, L50|100\/100\n|switch|p1a: Ogerpon|Ogerpon-Wellspring, L50, F|100\/100\n|turn|4\n|\n|t:|1700654770\n|-terastallize|p2b: Dondozo|Dragon\n|move|p1b: Regieleki|Thunderbolt|p2b: Dondozo\n|-resisted|p2b: Dondozo\n|-damage|p2b: Dondozo|45\/100\n|move|p2b: Dondozo|Earthquake|p1b: Regieleki|[spread] p1a,p1b\n|-miss|p2b: Dondozo|p2a: Tatsugiri\n|-resisted|p1a: Ogerpon\n|-supereffective|p1b: Regieleki\n|-damage|p1a: Ogerpon|75\/100\n|-damage|p1b: Regieleki|0 fnt\n|faint|p1b: Regieleki\n|move|p1a: Ogerpon|Horn Leech|p2b: Dondozo\n|-resisted|p2b: Dondozo\n|-damage|p2b: Dondozo|37\/100\n|-heal|p1a: Ogerpon|80\/100|[from] drain|[of] p2b: Dondozo\n|\n|upkeep\n|turn|5\n|\n|t:|1700654788\n|move|p2b: Dondozo|Order Up|p1a: Ogerpon\n|-damage|p1a: Ogerpon|2\/100\n|-boost|p2b: Dondozo|atk|1\n|move|p1a: Ogerpon|Swords Dance|p1a: Ogerpon\n|-boost|p1a: Ogerpon|atk|2\n|\n|upkeep\n|turn|6\n|\n|t:|1700654796\n|move|p2b: Dondozo|Earthquake|p1a: Ogerpon|[spread] p1a\n|-miss|p2b: Dondozo|p2a: Tatsugiri\n|-resisted|p1a: Ogerpon\n|-damage|p1a: Ogerpon|0 fnt\n|faint|p1a: Ogerpon\n|\n|win|Dino2323\n","uploadtime":1700654804,"views":9,"p1id":"fragment008","p2id":"dino2323","formatid":"gen9vgc2023regulatione","rating":0,"private":0,"password":""}