{"id":"gen9vgc2023regulatione-1987980988","p1":"CuteBombee","p2":"Thatlookglope","format":"[Gen 9] VGC 2023 Regulation E","log":"|j|\u2606CuteBombee\n|j|\u2606Thatlookglope\n|t:|1699655580\n|gametype|doubles\n|player|p1|CuteBombee|102|1420\n|player|p2|Thatlookglope|brawly|1435\n|teamsize|p1|6\n|teamsize|p2|6\n|gen|9\n|tier|[Gen 9] VGC 2023 Regulation E\n|rated|\n|rule|Species Clause: Limit one of each Pok\u00e9mon\n|rule|Item Clause: Limit one of each item\n|clearpoke\n|poke|p1|Oranguru, L50, M|\n|poke|p1|Indeedee-F, L50, F|\n|poke|p1|Armarouge, L50, F|\n|poke|p1|Ursaluna, L50, M|\n|poke|p1|Sinistcha, L50|\n|poke|p1|Ogerpon-Hearthflame, L50, F|\n|poke|p2|Hatterene, L50, F|\n|poke|p2|Rabsca, L50, M|\n|poke|p2|Golem-Alola, L50, F|\n|poke|p2|Indeedee-F, L50, F|\n|poke|p2|Houndstone, L50, M|\n|poke|p2|Garganacl, L50, M|\n|teampreview|4\n|j| JorquezJ\n|inactive|Battle timer is ON: inactive players will automatically lose when time's up. (requested by CuteBombee)\n|\n|t:|1699655631\n|start\n|switch|p1a: Ogerpon|Ogerpon-Hearthflame, L50, F|100\/100\n|switch|p1b: Armarouge|Armarouge, L50, F|100\/100\n|switch|p2a: PooPeetle|Rabsca, L50, M, shiny|100\/100\n|switch|p2b: Outdoodoo|Indeedee-F, L50, F|100\/100\n|-ability|p1a: Ogerpon|Mold Breaker\n|-fieldstart|move: Psychic Terrain|[from] ability: Psychic Surge|[of] p2b: Outdoodoo\n|turn|1\n|l|\u2606Thatlookglope\n|inactive|Thatlookglope disconnected and has a minute to reconnect!\n|player|p2|\n|inactive|Thatlookglope has 30 seconds left.\n|inactive|Thatlookglope has 20 seconds left.\n|inactive|Thatlookglope has 15 seconds left.\n|j|\u2606Thatlookglope\n|inactive|Thatlookglope reconnected and has 15 seconds left.\n|player|p2|Thatlookglope|brawly\n|inactive|Thatlookglope has 10 seconds left.\n|\n|t:|1699655681\n|move|p2b: Outdoodoo|Follow Me|p2b: Outdoodoo\n|-singleturn|p2b: Outdoodoo|move: Follow Me\n|move|p1a: Ogerpon|Ivy Cudgel|p2b: Outdoodoo\n|-damage|p2b: Outdoodoo|39\/100\n|-enditem|p2b: Outdoodoo|Eject Button\n|\n|t:|1699655687\n|switch|p2b: MedicineBall|Golem-Alola, L50, F, shiny|100\/100\n|move|p1b: Armarouge|Expanding Force|p2b: MedicineBall|[spread] p2a,p2b\n|-resisted|p2a: PooPeetle\n|-damage|p2a: PooPeetle|77\/100\n|-damage|p2b: MedicineBall|0 fnt\n|faint|p2b: MedicineBall\n|move|p2a: PooPeetle|Trick Room|p2a: PooPeetle\n|-fieldstart|move: Trick Room|[of] p2a: PooPeetle\n|\n|upkeep\n|\n|t:|1699655698\n|switch|p2b: Outdoodoo|Indeedee-F, L50, F|39\/100\n|turn|2\n|\n|t:|1699655712\n|move|p2b: Outdoodoo|Follow Me|p2b: Outdoodoo\n|-singleturn|p2b: Outdoodoo|move: Follow Me\n|move|p2a: PooPeetle|Revival Blessing|p2a: PooPeetle\n|\n|t:|1699655715\n|-heal|p2: MedicineBall|50\/100|[from] move: Revival Blessing\n|move|p1b: Armarouge|Expanding Force|p2a: PooPeetle|[spread] p2a,p2b\n|-resisted|p2a: PooPeetle\n|-resisted|p2b: Outdoodoo\n|-damage|p2a: PooPeetle|50\/100\n|-damage|p2b: Outdoodoo|9\/100\n|move|p1a: Ogerpon|Ivy Cudgel|p2b: Outdoodoo\n|-damage|p2b: Outdoodoo|0 fnt\n|faint|p2b: Outdoodoo\n|\n|upkeep\n|\n|t:|1699655724\n|switch|p2b: MedicineBall|Golem-Alola, L50, F, shiny|50\/100\n|turn|3\n|\n|t:|1699655733\n|move|p1b: Armarouge|Wide Guard|p1b: Armarouge\n|-singleturn|p1b: Armarouge|Wide Guard\n|move|p2b: MedicineBall|Earthquake|p1a: Ogerpon|[spread] \n|-activate|p1a: Ogerpon|move: Wide Guard\n|-activate|p1b: Armarouge|move: Wide Guard\n|-activate|p2a: PooPeetle|ability: Telepathy\n|move|p2a: PooPeetle|Recover|p2a: PooPeetle\n|-heal|p2a: PooPeetle|100\/100\n|move|p1a: Ogerpon|Horn Leech|p2b: MedicineBall\n|-supereffective|p2b: MedicineBall\n|-damage|p2b: MedicineBall|0 fnt\n|faint|p2b: MedicineBall\n|\n|upkeep\n|\n|t:|1699655746\n|switch|p2b: BoneDaddy|Houndstone, L50, M|100\/100\n|turn|4\n|\n|t:|1699655758\n|move|p2a: PooPeetle|Struggle Bug|p1b: Armarouge|[spread] p1a,p1b\n|-damage|p1a: Ogerpon|83\/100\n|-damage|p1b: Armarouge|86\/100\n|-unboost|p1a: Ogerpon|spa|1\n|-unboost|p1b: Armarouge|spa|1\n|move|p2b: BoneDaddy|Last Respects|p1b: Armarouge\n|-supereffective|p1b: Armarouge\n|-damage|p1b: Armarouge|0 fnt\n|faint|p1b: Armarouge\n|move|p1a: Ogerpon|Ivy Cudgel|p2a: PooPeetle\n|-supereffective|p2a: PooPeetle\n|-damage|p2a: PooPeetle|0 fnt\n|faint|p2a: PooPeetle\n|\n|upkeep\n|\n|t:|1699655769\n|switch|p1b: Indeedee|Indeedee-F, L50, F|100\/100\n|turn|5\n|\n|t:|1699655781\n|move|p1b: Indeedee|Follow Me|p1b: Indeedee\n|-singleturn|p1b: Indeedee|move: Follow Me\n|move|p2b: BoneDaddy|Play Rough|p1b: Indeedee\n|-damage|p1b: Indeedee|68\/100\n|move|p1a: Ogerpon|Swords Dance|p1a: Ogerpon\n|-boost|p1a: Ogerpon|atk|2\n|\n|-fieldend|move: Trick Room\n|-fieldend|move: Psychic Terrain\n|upkeep\n|turn|6\n|\n|t:|1699655792\n|move|p1b: Indeedee|Follow Me|p1b: Indeedee\n|-singleturn|p1b: Indeedee|move: Follow Me\n|move|p2b: BoneDaddy|Ally Switch||[still]\n|-fail|p2b: BoneDaddy\n|move|p1a: Ogerpon|Ivy Cudgel|p2b: BoneDaddy\n|-damage|p2b: BoneDaddy|0 fnt\n|faint|p2b: BoneDaddy\n|\n|win|CuteBombee\n|raw|CuteBombee's rating: 1420 &rarr; <strong>1441<\/strong><br \/>(+21 for winning)\n|raw|Thatlookglope's rating: 1435 &rarr; <strong>1414<\/strong><br \/>(-21 for losing)\n|l| JorquezJ\n","uploadtime":1699655806,"views":20,"p1id":"cutebombee","p2id":"thatlookglope","formatid":"gen9vgc2023regulatione","rating":1414,"private":0,"password":""}