{"id":"gen9vgc2023regulatione-1992863073","p1":"PoondaBr","p2":"Jadedragon61","format":"[Gen 9] VGC 2023 Regulation E","log":"|j|\u2606PoondaBr\n|j|\u2606Jadedragon61\n|t:|1700241958\n|gametype|doubles\n|player|p1|PoondaBr|1|1232\n|player|p2|Jadedragon61|colress|1307\n|teamsize|p1|6\n|teamsize|p2|6\n|gen|9\n|tier|[Gen 9] VGC 2023 Regulation E\n|rated|\n|rule|Species Clause: Limit one of each Pok\u00e9mon\n|rule|Item Clause: Limit one of each item\n|clearpoke\n|poke|p1|Tornadus, L50, M|\n|poke|p1|Arcanine-Hisui, L50, M|\n|poke|p1|Iron Hands, L50|\n|poke|p1|Urshifu-*, L50, F|\n|poke|p1|Sinistcha, L50|\n|poke|p1|Chien-Pao, L50|\n|poke|p2|Landorus-Therian, L50, M|\n|poke|p2|Flutter Mane, L50|\n|poke|p2|Iron Hands, L50|\n|poke|p2|Heatran, L50, F|\n|poke|p2|Chien-Pao, L50|\n|poke|p2|Ogerpon-Wellspring, L50, F|\n|teampreview|4\n|inactive|Battle timer is ON: inactive players will automatically lose when time's up. (requested by PoondaBr)\n|\n|t:|1700242006\n|start\n|switch|p1a: The Weasler|Chien-Pao, L50|100\/100\n|switch|p1b: Iron Hands|Iron Hands, L50|100\/100\n|switch|p2a: Atsui|Iron Hands, L50, shiny|100\/100\n|switch|p2b: M\u014d fubuki|Chien-Pao, L50|100\/100\n|-ability|p2b: M\u014d fubuki|Sword of Ruin\n|-ability|p1a: The Weasler|Sword of Ruin\n|turn|1\n|\n|t:|1700242026\n|move|p2b: M\u014d fubuki|Protect|p2b: M\u014d fubuki\n|-singleturn|p2b: M\u014d fubuki|Protect\n|move|p1a: The Weasler|Protect|p1a: The Weasler\n|-singleturn|p1a: The Weasler|Protect\n|move|p1b: Iron Hands|Fake Out|p2b: M\u014d fubuki\n|-activate|p2b: M\u014d fubuki|move: Protect\n|move|p2a: Atsui|Drain Punch|p1a: The Weasler\n|-activate|p1a: The Weasler|move: Protect\n|\n|upkeep\n|turn|2\n|\n|t:|1700242051\n|switch|p2b: Sakana|Flutter Mane, L50, shiny|100\/100\n|-enditem|p2b: Sakana|Booster Energy\n|-activate|p2b: Sakana|ability: Protosynthesis|[fromitem]\n|-start|p2b: Sakana|protosynthesisspa\n|-terastallize|p1a: The Weasler|Ghost\n|move|p1a: The Weasler|Lash Out|p2b: Sakana\n|-damage|p2b: Sakana|3\/100\n|move|p1b: Iron Hands|Close Combat|p2b: Sakana\n|-immune|p2b: Sakana\n|move|p2a: Atsui|Drain Punch|p1a: The Weasler\n|-immune|p1a: The Weasler\n|\n|upkeep\n|turn|3\n|\n|t:|1700242075\n|-end|p1b: Iron Hands|Quark Drive|[silent]\n|switch|p1b: Tornadus|Tornadus, L50, M|100\/100\n|move|p1a: The Weasler|Sucker Punch|p2b: Sakana\n|-damage|p2b: Sakana|0 fnt\n|faint|p2b: Sakana\n|-end|p2b: Sakana|Protosynthesis|[silent]\n|move|p2a: Atsui|Heavy Slam|p1a: The Weasler\n|-damage|p1a: The Weasler|68\/100\n|\n|upkeep\n|\n|t:|1700242083\n|switch|p2b: M\u014d fubuki|Chien-Pao, L50|100\/100\n|-ability|p2b: M\u014d fubuki|Sword of Ruin\n|turn|4\n|inactive|PoondaBr has 30 seconds left.\n|\n|t:|1700242109\n|move|p1a: The Weasler|Sucker Punch|p2b: M\u014d fubuki\n|-resisted|p2b: M\u014d fubuki\n|-damage|p2b: M\u014d fubuki|74\/100\n|move|p1b: Tornadus|Tailwind|p1b: Tornadus\n|-sidestart|p1: PoondaBr|move: Tailwind\n|move|p2b: M\u014d fubuki|Crunch|p1a: The Weasler\n|-supereffective|p1a: The Weasler\n|-damage|p1a: The Weasler|0 fnt\n|faint|p1a: The Weasler\n|move|p2a: Atsui|Wild Charge|p1b: Tornadus\n|-supereffective|p1b: Tornadus\n|-damage|p1b: Tornadus|0 fnt\n|faint|p1b: Tornadus\n|-damage|p2a: Atsui|83\/100|[from] Recoil\n|\n|upkeep\n|\n|t:|1700242117\n|switch|p1a: Iron Hands|Iron Hands, L50|100\/100\n|switch|p1b: Mr. Green|Sinistcha, L50|100\/100\n|turn|5\n|inactive|Jadedragon61 has 30 seconds left.\n|\n|t:|1700242143\n|move|p1a: Iron Hands|Fake Out|p2b: M\u014d fubuki\n|-damage|p2b: M\u014d fubuki|52\/100\n|cant|p2b: M\u014d fubuki|flinch\n|move|p1b: Mr. Green|Nasty Plot|p1b: Mr. Green\n|-boost|p1b: Mr. Green|spa|2\n|move|p2a: Atsui|Drain Punch|p1a: Iron Hands\n|-crit|p1a: Iron Hands\n|-damage|p1a: Iron Hands|35\/100\n|-heal|p2a: Atsui|100\/100|[from] drain|[of] p1a: Iron Hands\n|\n|upkeep\n|turn|6\n|\n|t:|1700242162\n|-terastallize|p2b: M\u014d fubuki|Dark\n|move|p2b: M\u014d fubuki|Crunch|p1b: Mr. Green\n|-supereffective|p1b: Mr. Green\n|-damage|p1b: Mr. Green|0 fnt\n|faint|p1b: Mr. Green\n|move|p1a: Iron Hands|Close Combat|p2b: M\u014d fubuki\n|-supereffective|p2b: M\u014d fubuki\n|-damage|p2b: M\u014d fubuki|0 fnt\n|-unboost|p1a: Iron Hands|def|1\n|-unboost|p1a: Iron Hands|spd|1\n|faint|p2b: M\u014d fubuki\n|move|p2a: Atsui|Heavy Slam|p1a: Iron Hands\n|-resisted|p1a: Iron Hands\n|-damage|p1a: Iron Hands|27\/100\n|\n|upkeep\n|\n|t:|1700242174\n|switch|p2b: Mizumi oni|Ogerpon-Wellspring, L50, F|100\/100\n|turn|7\n|\n|t:|1700242186\n|move|p1a: Iron Hands|Wild Charge|p2b: Mizumi oni\n|-damage|p2b: Mizumi oni|35\/100\n|-damage|p1a: Iron Hands|15\/100|[from] Recoil\n|move|p2b: Mizumi oni|Ivy Cudgel|p1a: Iron Hands|[anim] Ivy Cudgel Water\n|-crit|p1a: Iron Hands\n|-damage|p1a: Iron Hands|0 fnt\n|faint|p1a: Iron Hands\n|-end|p1a: Iron Hands|Quark Drive|[silent]\n|\n|win|Jadedragon61\n|raw|PoondaBr's rating: 1232 &rarr; <strong>1212<\/strong><br \/>(-20 for losing)\n|raw|Jadedragon61's rating: 1307 &rarr; <strong>1323<\/strong><br \/>(+16 for winning)\n|l|\u2606PoondaBr\n","uploadtime":1700242226,"views":14,"p1id":"poondabr","p2id":"jadedragon61","formatid":"gen9vgc2023regulatione","rating":1212,"private":0,"password":""}