{"id":"gen9vgc2023regulatione-1989829889","p1":"Squirtle Soldier","p2":"BodaciousBulbasaur","format":"[Gen 9] VGC 2023 Regulation E","log":"|j|\u2606Squirtle Soldier\n|j|\u2606BodaciousBulbasaur\n|t:|1699899273\n|gametype|doubles\n|player|p1|Squirtle Soldier|102|1216\n|player|p2|BodaciousBulbasaur|acetrainerf-gen4dp|1222\n|teamsize|p1|6\n|teamsize|p2|6\n|gen|9\n|tier|[Gen 9] VGC 2023 Regulation E\n|rated|\n|rule|Species Clause: Limit one of each Pok\u00e9mon\n|rule|Item Clause: Limit one of each item\n|clearpoke\n|poke|p1|Espathra, L50, M|\n|poke|p1|Indeedee-F, L50, F|\n|poke|p1|Amoonguss, L50, F|\n|poke|p1|Chi-Yu, L50|\n|poke|p1|Arcanine-Hisui, L50, F|\n|poke|p1|Urshifu-*, L50, M|\n|poke|p2|Spectrier, L50|\n|poke|p2|Regidrago, L50|\n|poke|p2|Heatran, L50, M|\n|poke|p2|Goodra-Hisui, L50, F|\n|poke|p2|Zapdos-Galar, L50|\n|poke|p2|Rillaboom, L50, F|\n|teampreview|4\n|inactive|Battle timer is ON: inactive players will automatically lose when time's up. (requested by BodaciousBulbasaur)\n|\n|t:|1699899301\n|start\n|switch|p1a: Chi-Yu|Chi-Yu, L50|100\/100\n|switch|p1b: Espathra|Espathra, L50, M|100\/100\n|switch|p2a: Zapdos|Zapdos-Galar, L50|100\/100\n|switch|p2b: Rillaboom|Rillaboom, L50, F|100\/100\n|-ability|p1a: Chi-Yu|Beads of Ruin\n|-fieldstart|move: Grassy Terrain|[from] ability: Grassy Surge|[of] p2b: Rillaboom\n|-enditem|p2a: Zapdos|Grassy Seed\n|-boost|p2a: Zapdos|def|1|[from] item: Grassy Seed\n|turn|1\n|inactive|BodaciousBulbasaur has 30 seconds left.\n|inactive|Squirtle Soldier has 30 seconds left.\n|\n|t:|1699899338\n|switch|p1a: Indeedee|Indeedee-F, L50, F|100\/100\n|-fieldstart|move: Psychic Terrain|[from] ability: Psychic Surge|[of] p1a: Indeedee\n|-enditem|p1a: Indeedee|Psychic Seed\n|-boost|p1a: Indeedee|spd|1|[from] item: Psychic Seed\n|-terastallize|p1b: Espathra|Fairy\n|move|p2b: Rillaboom|Fake Out|p1b: Espathra\n|-activate|p1b: Espathra|move: Psychic Terrain\n|move|p2a: Zapdos|Close Combat|p1a: Indeedee\n|-damage|p1a: Indeedee|52\/100\n|-unboost|p2a: Zapdos|def|1\n|-unboost|p2a: Zapdos|spd|1\n|move|p1b: Espathra|Dazzling Gleam|p2a: Zapdos|[spread] p2a,p2b\n|-supereffective|p2a: Zapdos\n|-damage|p2a: Zapdos|7\/100\n|-damage|p2b: Rillaboom|82\/100\n|\n|-ability|p1b: Espathra|Speed Boost|boost\n|-boost|p1b: Espathra|spe|1\n|upkeep\n|turn|2\n|inactive|Squirtle Soldier has 30 seconds left.\n|inactive|BodaciousBulbasaur has 30 seconds left.\n|\n|t:|1699899366\n|switch|p1a: Chi-Yu|Chi-Yu, L50|100\/100\n|-ability|p1a: Chi-Yu|Beads of Ruin\n|move|p1b: Espathra|Dazzling Gleam|p2b: Rillaboom|[spread] p2a,p2b\n|-supereffective|p2a: Zapdos\n|-damage|p2a: Zapdos|0 fnt\n|-damage|p2b: Rillaboom|55\/100\n|faint|p2a: Zapdos\n|move|p2b: Rillaboom|U-turn|p1a: Chi-Yu\n|-damage|p1a: Chi-Yu|61\/100\n|\n|t:|1699899378\n|switch|p2b: Heatran|Heatran, L50, M|100\/100|[from] U-turn\n|\n|-ability|p1b: Espathra|Speed Boost|boost\n|-boost|p1b: Espathra|spe|1\n|upkeep\n|\n|t:|1699899383\n|switch|p2a: Rillaboom|Rillaboom, L50, F|55\/100\n|-fieldstart|move: Grassy Terrain|[from] ability: Grassy Surge|[of] p2a: Rillaboom\n|turn|3\n|inactive|Squirtle Soldier has 30 seconds left.\n|\n|t:|1699899412\n|switch|p1a: Indeedee|Indeedee-F, L50, F|52\/100\n|-fieldstart|move: Psychic Terrain|[from] ability: Psychic Surge|[of] p1a: Indeedee\n|-terastallize|p2a: Rillaboom|Fire\n|move|p1b: Espathra|Calm Mind|p1b: Espathra\n|-boost|p1b: Espathra|spa|1\n|-boost|p1b: Espathra|spd|1\n|move|p2a: Rillaboom|Wood Hammer|p1b: Espathra\n|-damage|p1b: Espathra|13\/100\n|-damage|p2a: Rillaboom|28\/100|[from] Recoil\n|move|p2b: Heatran|Earth Power|p1a: Indeedee\n|-damage|p1a: Indeedee|15\/100\n|-damage|p2b: Heatran|91\/100|[from] item: Life Orb\n|\n|-heal|p1b: Espathra|19\/100|[from] item: Leftovers\n|-ability|p1b: Espathra|Speed Boost|boost\n|-boost|p1b: Espathra|spe|1\n|upkeep\n|turn|4\n|inactive|Squirtle Soldier has 30 seconds left.\n|\n|t:|1699899438\n|move|p1a: Indeedee|Protect|p1a: Indeedee\n|-singleturn|p1a: Indeedee|Protect\n|move|p1b: Espathra|Lumina Crash|p2a: Rillaboom\n|-damage|p2a: Rillaboom|0 fnt\n|faint|p2a: Rillaboom\n|move|p2b: Heatran|Heat Wave|p1a: Indeedee|[spread] p1b\n|-activate|p1a: Indeedee|move: Protect\n|-damage|p1b: Espathra|0 fnt\n|faint|p1b: Espathra\n|-damage|p2b: Heatran|81\/100|[from] item: Life Orb\n|\n|upkeep\n|\n|t:|1699899448\n|switch|p1b: Urshifu|Urshifu, L50, M|100\/100\n|switch|p2a: Regidrago|Regidrago, L50|100\/100\n|turn|5\n|\n|t:|1699899463\n|move|p1a: Indeedee|Helping Hand|p1b: Urshifu\n|-singleturn|p1b: Urshifu|Helping Hand|[of] p1a: Indeedee\n|move|p1b: Urshifu|Wicked Blow|p2a: Regidrago\n|-crit|p2a: Regidrago\n|-damage|p2a: Regidrago|9\/100\n|move|p2a: Regidrago|Dragon Energy|p1a: Indeedee|[spread] p1a,p1b\n|-damage|p1a: Indeedee|8\/100\n|-damage|p1b: Urshifu|93\/100\n|move|p2b: Heatran|Heat Wave|p1b: Urshifu|[spread] p1a,p1b\n|-damage|p1a: Indeedee|0 fnt\n|-damage|p1b: Urshifu|48\/100\n|faint|p1a: Indeedee\n|-damage|p2b: Heatran|72\/100|[from] item: Life Orb\n|\n|upkeep\n|\n|t:|1699899471\n|switch|p1a: Chi-Yu|Chi-Yu, L50|61\/100\n|-ability|p1a: Chi-Yu|Beads of Ruin\n|turn|6\n|\n|t:|1699899481\n|move|p1a: Chi-Yu|Dark Pulse|p2a: Regidrago\n|-damage|p2a: Regidrago|0 fnt\n|faint|p2a: Regidrago\n|move|p1b: Urshifu|Close Combat|p2b: Heatran\n|-supereffective|p2b: Heatran\n|-damage|p2b: Heatran|0 fnt\n|-unboost|p1b: Urshifu|def|1\n|-unboost|p1b: Urshifu|spd|1\n|faint|p2b: Heatran\n|\n|win|Squirtle Soldier\n|raw|Squirtle Soldier's rating: 1216 &rarr; <strong>1241<\/strong><br \/>(+25 for winning)\n|raw|BodaciousBulbasaur's rating: 1222 &rarr; <strong>1197<\/strong><br \/>(-25 for losing)\n|l|\u2606BodaciousBulbasaur\n","uploadtime":1699899492,"views":10,"p1id":"squirtlesoldier","p2id":"bodaciousbulbasaur","formatid":"gen9vgc2023regulatione","rating":1197,"private":0,"password":""}