{"id":"gen9vgc2023regulatione-1990362791","p1":"Guts2112","p2":"krenitos","format":"[Gen 9] VGC 2023 Regulation E","log":"|j|\u2606Guts2112\n|j|\u2606krenitos\n|t:|1699962361\n|gametype|doubles\n|player|p1|Guts2112|rancher|1013\n|player|p2|krenitos|fisherman|1083\n|teamsize|p1|6\n|teamsize|p2|6\n|gen|9\n|tier|[Gen 9] VGC 2023 Regulation E\n|rated|\n|rule|Species Clause: Limit one of each Pok\u00e9mon\n|rule|Item Clause: Limit one of each item\n|clearpoke\n|poke|p1|Maushold, L50|\n|poke|p1|Oranguru, L50, F|\n|poke|p1|Dudunsparce-*, L50, F|\n|poke|p1|Farigiraf, L50, M|\n|poke|p1|Ursaluna-Bloodmoon, L50, M|\n|poke|p1|Staraptor, L50, F|\n|poke|p2|Flutter Mane, L50|\n|poke|p2|Glimmora, L50, F|\n|poke|p2|Dusclops, L50, F|\n|poke|p2|Ceruledge, L50, F|\n|poke|p2|Gyarados, L50, F|\n|poke|p2|Annihilape, L50, F|\n|teampreview|4\n|inactive|Battle timer is ON: inactive players will automatically lose when time's up. (requested by krenitos)\n|\n|t:|1699962394\n|start\n|switch|p1a: Dudunsparce|Dudunsparce, L50, F|100\/100\n|switch|p1b: Oranguru|Oranguru, L50, F|100\/100\n|switch|p2a: Glimmora|Glimmora, L50, F, shiny|100\/100\n|switch|p2b: Dusclops|Dusclops, L50, F|100\/100\n|-ability|p2b: Dusclops|Pressure\n|turn|1\n|\n|t:|1699962407\n|move|p2b: Dusclops|Helping Hand|p2a: Glimmora\n|-singleturn|p2a: Glimmora|Helping Hand|[of] p2b: Dusclops\n|move|p1a: Dudunsparce|Protect|p1a: Dudunsparce\n|-singleturn|p1a: Dudunsparce|Protect\n|move|p2a: Glimmora|Sludge Bomb|p1b: Oranguru\n|-damage|p1b: Oranguru|53\/100\n|move|p1b: Oranguru|Trick Room|p1b: Oranguru\n|-fieldstart|move: Trick Room|[of] p1b: Oranguru\n|\n|upkeep\n|turn|2\n|\n|t:|1699962420\n|move|p1b: Oranguru|Protect|p1b: Oranguru\n|-singleturn|p1b: Oranguru|Protect\n|move|p2a: Glimmora|Spiky Shield|p2a: Glimmora\n|-singleturn|p2a: Glimmora|move: Protect\n|move|p1a: Dudunsparce|Rock Slide|p2a: Glimmora|[spread] p2b\n|-activate|p2a: Glimmora|move: Protect\n|-damage|p2b: Dusclops|89\/100\n|cant|p2b: Dusclops|flinch\n|\n|upkeep\n|turn|3\n|\n|t:|1699962440\n|switch|p2a: Gyarados|Gyarados, L50, F, shiny|100\/100\n|-ability|p2a: Gyarados|Intimidate|boost\n|-unboost|p1a: Dudunsparce|atk|1\n|-unboost|p1b: Oranguru|atk|1\n|move|p1a: Dudunsparce|Rock Slide|p2b: Dusclops|[spread] p2a\n|-miss|p1a: Dudunsparce|p2b: Dusclops\n|-supereffective|p2a: Gyarados\n|-damage|p2a: Gyarados|76\/100\n|move|p1b: Oranguru|Instruct|p1a: Dudunsparce\n|-singleturn|p1a: Dudunsparce|move: Instruct|[of] p1b: Oranguru\n|move|p1a: Dudunsparce|Rock Slide|p2a: Gyarados|[spread] p2a,p2b\n|-supereffective|p2a: Gyarados\n|-damage|p2a: Gyarados|53\/100\n|-damage|p2b: Dusclops|82\/100\n|cant|p2b: Dusclops|flinch\n|\n|upkeep\n|turn|4\n|inactive|Guts2112 has 30 seconds left.\n|inactive|Guts2112 has 20 seconds left.\n|inactive|Guts2112 has 15 seconds left.\n|\n|t:|1699962482\n|move|p2a: Gyarados|Protect|p2a: Gyarados\n|-singleturn|p2a: Gyarados|Protect\n|move|p1a: Dudunsparce|Rock Slide|p2b: Dusclops|[spread] p2b\n|-activate|p2a: Gyarados|move: Protect\n|-damage|p2b: Dusclops|74\/100\n|move|p1b: Oranguru|Instruct|p1a: Dudunsparce\n|-singleturn|p1a: Dudunsparce|move: Instruct|[of] p1b: Oranguru\n|move|p1a: Dudunsparce|Rock Slide|p2a: Gyarados|[spread] p2b\n|-activate|p2a: Gyarados|move: Protect\n|-crit|p2b: Dusclops\n|-damage|p2b: Dusclops|59\/100\n|cant|p2b: Dusclops|flinch\n|\n|upkeep\n|turn|5\n|\n|t:|1699962505\n|switch|p2a: Annihilape|Annihilape, L50, F, shiny|100\/100\n|move|p2b: Dusclops|Will-O-Wisp|p1a: Dudunsparce\n|-status|p1a: Dudunsparce|brn\n|move|p1a: Dudunsparce|Rock Slide|p2a: Annihilape|[spread] p2a,p2b\n|-resisted|p2a: Annihilape\n|-damage|p2a: Annihilape|98\/100\n|-damage|p2b: Dusclops|55\/100\n|move|p1b: Oranguru|Instruct|p1a: Dudunsparce\n|-singleturn|p1a: Dudunsparce|move: Instruct|[of] p1b: Oranguru\n|move|p1a: Dudunsparce|Rock Slide|p2a: Annihilape|[spread] p2a\n|-miss|p1a: Dudunsparce|p2b: Dusclops\n|-resisted|p2a: Annihilape\n|-damage|p2a: Annihilape|95\/100\n|\n|-damage|p1a: Dudunsparce|94\/100 brn|[from] brn\n|-fieldend|move: Trick Room\n|upkeep\n|turn|6\n|inactive|Guts2112 has 30 seconds left.\n|inactive|Guts2112 has 20 seconds left.\n|inactive|Guts2112 has 15 seconds left.\n|\n|t:|1699962548\n|-terastallize|p1b: Oranguru|Fairy\n|move|p1a: Dudunsparce|Protect|p1a: Dudunsparce\n|-singleturn|p1a: Dudunsparce|Protect\n|move|p2a: Annihilape|Bulk Up|p2a: Annihilape\n|-boost|p2a: Annihilape|atk|1\n|-boost|p2a: Annihilape|def|1\n|move|p1b: Oranguru|Shadow Ball|p2a: Annihilape\n|-supereffective|p2a: Annihilape\n|-damage|p2a: Annihilape|67\/100\n|move|p2b: Dusclops|Will-O-Wisp|p1b: Oranguru\n|-status|p1b: Oranguru|brn\n|\n|-damage|p1b: Oranguru|47\/100 brn|[from] brn\n|-damage|p1a: Dudunsparce|88\/100 brn|[from] brn\n|upkeep\n|turn|7\n|inactive|Guts2112 has 30 seconds left.\n|\n|t:|1699962573\n|switch|p2b: Gyarados|Gyarados, L50, F, shiny|53\/100\n|-ability|p2b: Gyarados|Intimidate|boost\n|-unboost|p1a: Dudunsparce|atk|1\n|-unboost|p1b: Oranguru|atk|1\n|-terastallize|p2a: Annihilape|Fairy\n|move|p2a: Annihilape|Bulk Up|p2a: Annihilape\n|-boost|p2a: Annihilape|atk|1\n|-boost|p2a: Annihilape|def|1\n|move|p1a: Dudunsparce|Yawn|p2a: Annihilape\n|-immune|p2a: Annihilape|[from] ability: Vital Spirit\n|move|p1b: Oranguru|Trick Room|p1b: Oranguru\n|-fieldstart|move: Trick Room|[of] p1b: Oranguru\n|\n|-damage|p1a: Dudunsparce|82\/100 brn|[from] brn\n|-damage|p1b: Oranguru|41\/100 brn|[from] brn\n|upkeep\n|turn|8\n|\n|t:|1699962595\n|switch|p2b: Dusclops|Dusclops, L50, F|55\/100\n|-ability|p2b: Dusclops|Pressure\n|move|p1a: Dudunsparce|Rock Slide|p2b: Dusclops|[spread] p2b\n|-miss|p1a: Dudunsparce|p2a: Annihilape\n|-damage|p2b: Dusclops|52\/100\n|move|p1b: Oranguru|Instruct||[still]\n|-fail|p1b: Oranguru\n|move|p2a: Annihilape|Bulk Up|p2a: Annihilape\n|-boost|p2a: Annihilape|atk|1\n|-boost|p2a: Annihilape|def|1\n|\n|-damage|p1a: Dudunsparce|76\/100 brn|[from] brn\n|-damage|p1b: Oranguru|35\/100 brn|[from] brn\n|upkeep\n|turn|9\n|inactive|Guts2112 has 30 seconds left.\n|inactive|Guts2112 has 20 seconds left.\n|inactive|Guts2112 has 15 seconds left.\n|\n|t:|1699962638\n|move|p2a: Annihilape|Protect|p2a: Annihilape\n|-singleturn|p2a: Annihilape|Protect\n|move|p1a: Dudunsparce|Earthquake|p2b: Dusclops|[spread] p2b\n|-activate|p2a: Annihilape|move: Protect\n|-activate|p1b: Oranguru|ability: Telepathy\n|-damage|p2b: Dusclops|48\/100\n|move|p1b: Oranguru|Instruct|p1a: Dudunsparce\n|-singleturn|p1a: Dudunsparce|move: Instruct|[of] p1b: Oranguru\n|move|p1a: Dudunsparce|Earthquake|p2b: Dusclops|[spread] p2b\n|-activate|p2a: Annihilape|move: Protect\n|-activate|p1b: Oranguru|ability: Telepathy\n|-damage|p2b: Dusclops|45\/100\n|move|p2b: Dusclops|Trick Room|p2b: Dusclops\n|-fieldend|move: Trick Room\n|\n|-damage|p1b: Oranguru|28\/100 brn|[from] brn\n|-damage|p1a: Dudunsparce|70\/100 brn|[from] brn\n|upkeep\n|turn|10\n|\n|t:|1699962659\n|move|p2b: Dusclops|Helping Hand|p2a: Annihilape\n|-singleturn|p2a: Annihilape|Helping Hand|[of] p2b: Dusclops\n|move|p2a: Annihilape|Drain Punch|p1a: Dudunsparce\n|-supereffective|p1a: Dudunsparce\n|-damage|p1a: Dudunsparce|0 fnt\n|-heal|p2a: Annihilape|100\/100|[from] drain|[of] p1a: Dudunsparce\n|-damage|p2a: Annihilape|84\/100|[from] item: Rocky Helmet|[of] p1a: Dudunsparce\n|faint|p1a: Dudunsparce\n|move|p1b: Oranguru|Shadow Ball|p2b: Dusclops\n|-supereffective|p2b: Dusclops\n|-crit|p2b: Dusclops\n|-damage|p2b: Dusclops|9\/100\n|-unboost|p2b: Dusclops|spd|1\n|\n|-damage|p1b: Oranguru|22\/100 brn|[from] brn\n|upkeep\n|\n|t:|1699962677\n|switch|p1a: Ursaluna|Ursaluna-Bloodmoon, L50, M|100\/100\n|turn|11\n|\n|t:|1699962685\n|move|p2b: Dusclops|Helping Hand|p2a: Annihilape\n|-singleturn|p2a: Annihilape|Helping Hand|[of] p2b: Dusclops\n|move|p2a: Annihilape|Drain Punch|p1a: Ursaluna\n|-supereffective|p1a: Ursaluna\n|-damage|p1a: Ursaluna|0 fnt\n|-heal|p2a: Annihilape|100\/100|[from] drain|[of] p1a: Ursaluna\n|faint|p1a: Ursaluna\n|move|p1b: Oranguru|Trick Room|p1b: Oranguru\n|-fieldstart|move: Trick Room|[of] p1b: Oranguru\n|\n|-damage|p1b: Oranguru|16\/100 brn|[from] brn\n|upkeep\n|\n|t:|1699962694\n|switch|p1a: Farigiraf|Farigiraf, L50, M|100\/100\n|turn|12\n|inactive|Guts2112 has 30 seconds left.\n|\n|t:|1699962725\n|move|p1a: Farigiraf|Protect|p1a: Farigiraf\n|-singleturn|p1a: Farigiraf|Protect\n|move|p1b: Oranguru|Shadow Ball|p2b: Dusclops\n|-supereffective|p2b: Dusclops\n|-damage|p2b: Dusclops|0 fnt\n|faint|p2b: Dusclops\n|move|p2a: Annihilape|Drain Punch|p1a: Farigiraf\n|-activate|p1a: Farigiraf|move: Protect\n|\n|-damage|p1b: Oranguru|10\/100 brn|[from] brn\n|upkeep\n|\n|t:|1699962736\n|switch|p2b: Gyarados|Gyarados, L50, F, shiny|53\/100\n|-ability|p2b: Gyarados|Intimidate|boost\n|-unboost|p1a: Farigiraf|atk|1\n|-unboost|p1b: Oranguru|atk|1\n|turn|13\n|\n|t:|1699962753\n|move|p1a: Farigiraf|Psychic|p2b: Gyarados\n|-damage|p2b: Gyarados|23\/100\n|move|p1b: Oranguru|Shadow Ball|p2b: Gyarados\n|-damage|p2b: Gyarados|6\/100\n|move|p2b: Gyarados|Crunch|p1a: Farigiraf\n|-supereffective|p1a: Farigiraf\n|-damage|p1a: Farigiraf|39\/100\n|-enditem|p1a: Farigiraf|Sitrus Berry|[eat]\n|-heal|p1a: Farigiraf|63\/100|[from] item: Sitrus Berry\n|move|p2a: Annihilape|Drain Punch|p1a: Farigiraf\n|-damage|p1a: Farigiraf|0 fnt\n|faint|p1a: Farigiraf\n|\n|-damage|p1b: Oranguru|4\/100 brn|[from] brn\n|upkeep\n|turn|14\n|\n|t:|1699962769\n|move|p2b: Gyarados|Protect|p2b: Gyarados\n|-singleturn|p2b: Gyarados|Protect\n|move|p2a: Annihilape|Protect|p2a: Annihilape\n|-singleturn|p2a: Annihilape|Protect\n|move|p1b: Oranguru|Shadow Ball|p2b: Gyarados\n|-activate|p2b: Gyarados|move: Protect\n|\n|-damage|p1b: Oranguru|0 fnt|[from] brn\n|faint|p1b: Oranguru\n|\n|win|krenitos\n|upkeep\n|raw|Guts2112's rating: 1013 &rarr; <strong>1003<\/strong><br \/>(-10 for losing)\n|raw|krenitos's rating: 1083 &rarr; <strong>1105<\/strong><br \/>(+22 for winning)\n|l|\u2606Guts2112\n","uploadtime":1699962781,"views":10,"p1id":"guts2112","p2id":"krenitos","formatid":"gen9vgc2023regulatione","rating":1003,"private":0,"password":""}