{"id":"gen9vgc2023regulatione-1994770977","p1":"Apronvgc","p2":"BrianJensVGC","format":"[Gen 9] VGC 2023 Regulation E","log":"|j|\u2606Apronvgc\n|j|\u2606BrianJensVGC\n|t:|1700491133\n|gametype|doubles\n|player|p1|Apronvgc|265|\n|player|p2|BrianJensVGC|chuck|\n|teamsize|p1|6\n|teamsize|p2|6\n|gen|9\n|tier|[Gen 9] VGC 2023 Regulation E\n|rated|Tournament battle\n|rule|Species Clause: Limit one of each Pok\u00e9mon\n|rule|Item Clause: Limit one of each item\n|clearpoke\n|poke|p1|Dondozo, L50, M|\n|poke|p1|Tatsugiri, L50, F|\n|poke|p1|Dragonite, L50, F|\n|poke|p1|Chien-Pao, L50|\n|poke|p1|Ogerpon-Hearthflame, L50, F|\n|poke|p1|Flutter Mane, L50|\n|poke|p2|Gholdengo, L50|\n|poke|p2|Urshifu-*, L50, F|\n|poke|p2|Arcanine-Hisui, L50, F|\n|poke|p2|Tornadus, L50, M|\n|poke|p2|Chien-Pao, L50|\n|poke|p2|Rillaboom, L50, M|\n|teampreview|4\n|showteam|p1|Dondozo||Leftovers|Oblivious|Protect,WaveCrash,HeavySlam,Yawn|||M|||50|,,,,,Grass]Tatsugiri||SafetyGoggles|StormDrain|Protect,DracoMeteor,IcyWind,Taunt|||F|||50|,,,,,Steel]Dragonite||ChoiceBand|InnerFocus|Outrage,ExtremeSpeed,StompingTantrum,AquaJet|||F|||50|,,,,,Normal]Chien-Pao||FocusSash|SwordofRuin|Protect,IcicleCrash,SuckerPunch,SacredSword||||||50|,,,,,Ghost]Ogerpon-Hearthflame||HearthflameMask|MoldBreaker|WoodHammer,SpikyShield,IvyCudgel,FollowMe|||F|||50|,,,,,Fire]Flutter Mane||BoosterEnergy|Protosynthesis|Protect,ShadowBall,Moonblast,DazzlingGleam||||||50|,,,,,Fairy\n|showteam|p2|Gholdengo||Leftovers|GoodasGold|MakeItRain,ShadowBall,NastyPlot,Protect||||||50|,,,,,Dragon]Urshifu-Rapid-Strike||MysticWater|UnseenFist|SurgingStrikes,CloseCombat,AquaJet,Protect|||F|||50|,,,,,Water]Arcanine-Hisui||ChoiceBand|Intimidate|FlareBlitz,ExtremeSpeed,RockSlide,TeraBlast|||F|||50|,,,,,Fairy]Tornadus||RockyHelmet|Prankster|BleakwindStorm,RainDance,Tailwind,Taunt|||M|||50|,,,,,Ghost]Chien-Pao||FocusSash|SwordofRuin|Haze,SuckerPunch,IcicleCrash,Protect||||||50|,,,,,Ghost]Rillaboom||AssaultVest|GrassySurge|GrassyGlide,WoodHammer,StompingTantrum,FakeOut|||M|||50|,,,,,Grass\n|j|+Corthius\n|l|+Corthius\n|j| Luke111192\n|inactive|Battle timer is ON: inactive players will automatically lose when time's up. (requested by BrianJensVGC)\n|inactive|Apronvgc has 60 seconds left.\n|\n|t:|1700491225\n|start\n|switch|p1a: Dondozo|Dondozo, L50, M|100\/100\n|switch|p1b: Dragonite|Dragonite, L50, F|100\/100\n|switch|p2a: Arcanine|Arcanine-Hisui, L50, F|100\/100\n|switch|p2b: Tornadus|Tornadus, L50, M|100\/100\n|-ability|p2a: Arcanine|Intimidate|boost\n|-fail|p1a: Dondozo|unboost|Attack|[from] ability: Oblivious|[of] p1a: Dondozo\n|-fail|p1b: Dragonite|unboost|Attack|[from] ability: Inner Focus|[of] p1b: Dragonite\n|turn|1\n|j| O1OOO11O\n|\n|t:|1700491253\n|-terastallize|p2a: Arcanine|Fairy\n|-terastallize|p1b: Dragonite|Normal\n|move|p2b: Tornadus|Taunt|p1a: Dondozo\n|-immune|p1a: Dondozo|[from] ability: Oblivious\n|move|p2a: Arcanine|Tera Blast|p1b: Dragonite|[anim] Tera Blast Fairy\n|-damage|p1b: Dragonite|45\/100\n|move|p1b: Dragonite|Outrage|p2b: Tornadus\n|-damage|p2b: Tornadus|0 fnt\n|-damage|p1b: Dragonite|29\/100|[from] item: Rocky Helmet|[of] p2b: Tornadus\n|faint|p2b: Tornadus\n|move|p1a: Dondozo|Wave Crash|p2a: Arcanine\n|-damage|p2a: Arcanine|39\/100\n|-damage|p1a: Dondozo|86\/100|[from] Recoil\n|\n|-heal|p1a: Dondozo|93\/100|[from] item: Leftovers\n|upkeep\n|\n|t:|1700491270\n|switch|p2b: Gholdengo|Gholdengo, L50|100\/100\n|turn|2\n|\n|t:|1700491276\n|move|p2a: Arcanine|Tera Blast|p1b: Dragonite|[anim] Tera Blast Fairy\n|-damage|p1b: Dragonite|0 fnt\n|faint|p1b: Dragonite\n|move|p2b: Gholdengo|Nasty Plot|p2b: Gholdengo\n|-boost|p2b: Gholdengo|spa|2\n|move|p1a: Dondozo|Wave Crash|p2a: Arcanine\n|-damage|p2a: Arcanine|0 fnt\n|faint|p2a: Arcanine\n|-damage|p1a: Dondozo|84\/100|[from] Recoil\n|\n|-heal|p1a: Dondozo|90\/100|[from] item: Leftovers\n|upkeep\n|\n|t:|1700491284\n|switch|p2a: Chien-Pao|Chien-Pao, L50|100\/100\n|switch|p1b: Flutter Mane|Flutter Mane, L50|100\/100\n|-ability|p2a: Chien-Pao|Sword of Ruin\n|-enditem|p1b: Flutter Mane|Booster Energy\n|-activate|p1b: Flutter Mane|ability: Protosynthesis|[fromitem]\n|-start|p1b: Flutter Mane|protosynthesisspa\n|turn|3\n|\n|t:|1700491300\n|move|p2b: Gholdengo|Protect|p2b: Gholdengo\n|-singleturn|p2b: Gholdengo|Protect\n|move|p2a: Chien-Pao|Icicle Crash|p1b: Flutter Mane|[miss]\n|-miss|p2a: Chien-Pao|p1b: Flutter Mane\n|move|p1b: Flutter Mane|Shadow Ball|p2b: Gholdengo\n|-activate|p2b: Gholdengo|move: Protect\n|move|p1a: Dondozo|Yawn|p2a: Chien-Pao\n|-start|p2a: Chien-Pao|move: Yawn|[of] p1a: Dondozo\n|\n|-heal|p1a: Dondozo|97\/100|[from] item: Leftovers\n|upkeep\n|turn|4\n|\n|t:|1700491316\n|move|p1b: Flutter Mane|Protect|p1b: Flutter Mane\n|-singleturn|p1b: Flutter Mane|Protect\n|move|p1a: Dondozo|Protect|p1a: Dondozo\n|-singleturn|p1a: Dondozo|Protect\n|move|p2a: Chien-Pao|Icicle Crash|p1b: Flutter Mane\n|-activate|p1b: Flutter Mane|move: Protect\n|move|p2b: Gholdengo|Shadow Ball|p1a: Dondozo\n|-activate|p1a: Dondozo|move: Protect\n|\n|-heal|p1a: Dondozo|100\/100|[from] item: Leftovers\n|-end|p2a: Chien-Pao|move: Yawn|[silent]\n|-status|p2a: Chien-Pao|slp\n|upkeep\n|turn|5\n|l| O1OOO11O\n|\n|t:|1700491327\n|cant|p2a: Chien-Pao|slp\n|move|p1b: Flutter Mane|Dazzling Gleam|p2a: Chien-Pao|[spread] p2a,p2b\n|-supereffective|p2a: Chien-Pao\n|-resisted|p2b: Gholdengo\n|-enditem|p2a: Chien-Pao|Focus Sash\n|-damage|p2a: Chien-Pao|1\/100 slp\n|-damage|p2b: Gholdengo|81\/100\n|move|p2b: Gholdengo|Make It Rain|p1b: Flutter Mane|[spread] p1a,p1b\n|-resisted|p1a: Dondozo\n|-supereffective|p1b: Flutter Mane\n|-damage|p1a: Dondozo|64\/100\n|-damage|p1b: Flutter Mane|0 fnt\n|-unboost|p2b: Gholdengo|spa|1\n|faint|p1b: Flutter Mane\n|-end|p1b: Flutter Mane|Protosynthesis|[silent]\n|move|p1a: Dondozo|Wave Crash|p2a: Chien-Pao\n|-damage|p2a: Chien-Pao|0 fnt\n|faint|p2a: Chien-Pao\n|-damage|p1a: Dondozo|64\/100|[from] Recoil\n|\n|-heal|p2b: Gholdengo|87\/100|[from] item: Leftovers\n|-heal|p1a: Dondozo|70\/100|[from] item: Leftovers\n|upkeep\n|j| O1OOO11O\n|\n|t:|1700491333\n|switch|p1b: Chien-Pao|Chien-Pao, L50|100\/100\n|-ability|p1b: Chien-Pao|Sword of Ruin\n|turn|6\n|\n|t:|1700491337\n|move|p1b: Chien-Pao|Sucker Punch|p2b: Gholdengo\n|-supereffective|p2b: Gholdengo\n|-damage|p2b: Gholdengo|0 fnt\n|faint|p2b: Gholdengo\n|\n|win|Apronvgc\n|n|\u2606Apronvgc|apronvgc\n|n|\u2606BrianJensVGC|brianjensvgc\n|n| Luke111192|luke111192\n|n| O1OOO11O|o1ooo11o\n","uploadtime":1700491338,"views":1,"p1id":"apronvgc","p2id":"brianjensvgc","formatid":"gen9vgc2023regulatione","rating":0,"private":0,"password":""}