{"id":"gen9vgc2023regulatione-1989291431","p1":"Luxsage","p2":"Hammy19","format":"[Gen 9] VGC 2023 Regulation E","log":"|j|\u2606Luxsage\n|j|\u2606Hammy19\n|t:|1699832615\n|gametype|doubles\n|player|p1|Luxsage|volkner|1155\n|player|p2|Hammy19|steven|1141\n|teamsize|p1|6\n|teamsize|p2|6\n|gen|9\n|tier|[Gen 9] VGC 2023 Regulation E\n|rated|\n|rule|Species Clause: Limit one of each Pok\u00e9mon\n|rule|Item Clause: Limit one of each item\n|clearpoke\n|poke|p1|Pyroar, L50, F|\n|poke|p1|Tornadus, L50, M|\n|poke|p1|Ogerpon-Wellspring, L50, F|\n|poke|p1|Chi-Yu, L50|\n|poke|p1|Sandy Shocks, L50|\n|poke|p1|Tauros-Paldea-Aqua, L50, M|\n|poke|p2|Tauros-Paldea-Blaze, L50, M|\n|poke|p2|Flutter Mane, L50|\n|poke|p2|Tornadus, L50, M|\n|poke|p2|Ogerpon-Wellspring, L50, F|\n|poke|p2|Landorus-Therian, L50, M|\n|poke|p2|Kingambit, L50, F|\n|teampreview|4\n|inactive|Battle timer is ON: inactive players will automatically lose when time's up. (requested by Luxsage)\n|inactive|Hammy19 has 60 seconds left.\n|\n|t:|1699832650\n|start\n|switch|p1a: Tornadus|Tornadus, L50, M|100\/100\n|switch|p1b: Sandy Shocks|Sandy Shocks, L50|100\/100\n|switch|p2a: Landorus|Landorus-Therian, L50, M|100\/100\n|switch|p2b: Tornadus|Tornadus, L50, M|100\/100\n|-ability|p2a: Landorus|Intimidate|boost\n|-unboost|p1a: Tornadus|atk|1\n|-unboost|p1b: Sandy Shocks|atk|1\n|turn|1\n|inactive|Luxsage has 30 seconds left.\n|\n|t:|1699832683\n|-terastallize|p1b: Sandy Shocks|Ice\n|move|p1a: Tornadus|Sunny Day|p1a: Tornadus\n|-weather|SunnyDay\n|-activate|p1b: Sandy Shocks|ability: Protosynthesis\n|-start|p1b: Sandy Shocks|protosynthesisspe\n|move|p2b: Tornadus|Tailwind|p2b: Tornadus\n|-sidestart|p2: Hammy19|move: Tailwind\n|move|p2a: Landorus|Stomping Tantrum|p1b: Sandy Shocks\n|-damage|p1b: Sandy Shocks|52\/100\n|move|p1b: Sandy Shocks|Tera Blast|p2a: Landorus|[anim] Tera Blast Ice\n|-supereffective|p2a: Landorus\n|-damage|p2a: Landorus|0 fnt\n|faint|p2a: Landorus\n|-damage|p1b: Sandy Shocks|42\/100|[from] item: Life Orb\n|\n|-weather|SunnyDay|[upkeep]\n|upkeep\n|\n|t:|1699832698\n|switch|p2a: Ogerpon|Ogerpon-Wellspring, L50, F|100\/100\n|turn|2\n|\n|t:|1699832715\n|-terastallize|p2a: Ogerpon|Water\n|detailschange|p2a: Ogerpon|Ogerpon-Wellspring-Tera, L50, F, tera:Water\n|-ability|p2a: Ogerpon|Embody Aspect (Wellspring)|boost\n|-boost|p2a: Ogerpon|spd|1\n|move|p2b: Tornadus|Rain Dance|p2b: Tornadus\n|-weather|RainDance\n|-end|p1b: Sandy Shocks|Protosynthesis\n|move|p1a: Tornadus|Tailwind|p1a: Tornadus\n|-sidestart|p1: Luxsage|move: Tailwind\n|move|p1b: Sandy Shocks|Thunderbolt|p2b: Tornadus\n|-supereffective|p2b: Tornadus\n|-damage|p2b: Tornadus|0 fnt\n|faint|p2b: Tornadus\n|-damage|p1b: Sandy Shocks|32\/100|[from] item: Life Orb\n|move|p2a: Ogerpon|Ivy Cudgel|p1b: Sandy Shocks\n|-damage|p1b: Sandy Shocks|0 fnt\n|faint|p1b: Sandy Shocks\n|-end|p1b: Sandy Shocks|Protosynthesis|[silent]\n|\n|-weather|RainDance|[upkeep]\n|upkeep\n|inactive|Luxsage has 30 seconds left.\n|inactive|Luxsage has 20 seconds left.\n|inactive|Luxsage has 15 seconds left.\n|\n|t:|1699832758\n|switch|p1b: Tauros|Tauros-Paldea-Aqua, L50, M|100\/100\n|switch|p2b: Kingambit|Kingambit, L50, F|100\/100\n|-ability|p1b: Tauros|Intimidate|boost\n|-unboost|p2a: Ogerpon|atk|1\n|-unboost|p2b: Kingambit|atk|1\n|-ability|p2b: Kingambit|Defiant|boost\n|-boost|p2b: Kingambit|atk|2\n|turn|3\n|inactive|Luxsage has 30 seconds left.\n|\n|t:|1699832791\n|move|p1a: Tornadus|Taunt|p2a: Ogerpon\n|-start|p2a: Ogerpon|move: Taunt\n|move|p2a: Ogerpon|Horn Leech|p1b: Tauros\n|-supereffective|p1b: Tauros\n|-damage|p1b: Tauros|40\/100\n|move|p1b: Tauros|Close Combat|p2b: Kingambit\n|-supereffective|p2b: Kingambit\n|-damage|p2b: Kingambit|0 fnt\n|-unboost|p1b: Tauros|def|1\n|-unboost|p1b: Tauros|spd|1\n|faint|p2b: Kingambit\n|\n|-weather|RainDance|[upkeep]\n|upkeep\n|turn|4\n|inactive|Luxsage has 30 seconds left.\n|\n|t:|1699832825\n|move|p2a: Ogerpon|Ivy Cudgel|p1a: Tornadus\n|-damage|p1a: Tornadus|2\/100\n|move|p1b: Tauros|Raging Bull|p2a: Ogerpon\n|-resisted|p2a: Ogerpon\n|-damage|p2a: Ogerpon|68\/100\n|move|p1a: Tornadus|Bleakwind Storm|p2a: Ogerpon\n|-damage|p2a: Ogerpon|34\/100\n|\n|-weather|RainDance|[upkeep]\n|-sideend|p2: Hammy19|move: Tailwind\n|upkeep\n|turn|5\n|inactive|Luxsage has 30 seconds left.\n|\n|t:|1699832860\n|move|p1b: Tauros|Raging Bull|p2a: Ogerpon\n|-resisted|p2a: Ogerpon\n|-damage|p2a: Ogerpon|0 fnt\n|faint|p2a: Ogerpon\n|\n|win|Luxsage\n|raw|Luxsage's rating: 1155 &rarr; <strong>1179<\/strong><br \/>(+24 for winning)\n|raw|Hammy19's rating: 1141 &rarr; <strong>1117<\/strong><br \/>(-24 for losing)\n|l|\u2606Hammy19\n","uploadtime":1699832868,"views":13,"p1id":"luxsage","p2id":"hammy19","formatid":"gen9vgc2023regulatione","rating":1117,"private":0,"password":""}