{"id":"gen9vgc2023regulatione-1990816840","p1":"Rhodeslil","p2":"TheRealMyan","format":"[Gen 9] VGC 2023 Regulation E","log":"|j|\u2606Rhodeslil\n|j|\u2606TheRealMyan\n|t:|1700003826\n|gametype|doubles\n|player|p1|Rhodeslil|170|1048\n|player|p2|TheRealMyan|giovanni|1000\n|teamsize|p1|6\n|teamsize|p2|6\n|gen|9\n|tier|[Gen 9] VGC 2023 Regulation E\n|rated|\n|rule|Species Clause: Limit one of each Pok\u00e9mon\n|rule|Item Clause: Limit one of each item\n|clearpoke\n|poke|p1|Trevenant, L50, F|\n|poke|p1|Murkrow, L50, M|\n|poke|p1|Azumarill, L50, M|\n|poke|p1|Chi-Yu, L50|\n|poke|p1|Amoonguss, L50, F|\n|poke|p1|Sylveon, L50, M|\n|poke|p2|Flutter Mane, L50|\n|poke|p2|Clefairy, L50, M|\n|poke|p2|Iron Hands, L50|\n|poke|p2|Gholdengo, L50|\n|poke|p2|Chien-Pao, L50|\n|poke|p2|Lucario, L50, M|\n|teampreview|4\n|inactive|Battle timer is ON: inactive players will automatically lose when time's up. (requested by TheRealMyan)\n|inactive|TheRealMyan has 60 seconds left.\n|\n|t:|1700003866\n|start\n|switch|p1a: Amoonguss|Amoonguss, L50, F, shiny|100\/100\n|switch|p1b: Azumarill|Azumarill, L50, M|100\/100\n|switch|p2a: Busted Mane|Flutter Mane, L50, shiny|100\/100\n|switch|p2b: \u30b4\u30eb\u30c7\u30f3\u30b4|Gholdengo, L50, shiny|100\/100\n|-item|p2b: \u30b4\u30eb\u30c7\u30f3\u30b4|Air Balloon\n|-enditem|p2a: Busted Mane|Booster Energy\n|-activate|p2a: Busted Mane|ability: Protosynthesis|[fromitem]\n|-start|p2a: Busted Mane|protosynthesisspe\n|turn|1\n|inactive|TheRealMyan has 30 seconds left.\n|inactive|TheRealMyan has 20 seconds left.\n|inactive|TheRealMyan has 15 seconds left.\n|inactive|TheRealMyan has 10 seconds left.\n|\n|t:|1700003913\n|move|p2a: Busted Mane|Dazzling Gleam|p1b: Azumarill|[spread] p1a,p1b\n|-resisted|p1a: Amoonguss\n|-damage|p1a: Amoonguss|90\/100\n|-damage|p1b: Azumarill|68\/100\n|move|p2b: \u30b4\u30eb\u30c7\u30f3\u30b4|Make It Rain|p1a: Amoonguss|[spread] p1a,p1b\n|-damage|p1a: Amoonguss|52\/100\n|-damage|p1b: Azumarill|17\/100\n|-unboost|p2b: \u30b4\u30eb\u30c7\u30f3\u30b4|spa|1\n|-enditem|p1b: Azumarill|Sitrus Berry|[eat]\n|-heal|p1b: Azumarill|42\/100|[from] item: Sitrus Berry\n|move|p1b: Azumarill|Belly Drum||[still]\n|-fail|p1b: Azumarill\n|move|p1a: Amoonguss|Spore|p2b: \u30b4\u30eb\u30c7\u30f3\u30b4\n|-immune|p2b: \u30b4\u30eb\u30c7\u30f3\u30b4|[from] ability: Good as Gold\n|\n|upkeep\n|turn|2\n|inactive|Rhodeslil has 30 seconds left.\n|inactive|TheRealMyan has 30 seconds left.\n|inactive|Rhodeslil has 20 seconds left.\n|\n|t:|1700003952\n|switch|p2b: S&S Worlds Winner|Clefairy, L50, M|100\/100\n|move|p2a: Busted Mane|Moonblast|p1b: Azumarill\n|-damage|p1b: Azumarill|0 fnt\n|faint|p1b: Azumarill\n|move|p1a: Amoonguss|Pollen Puff|p1: Azumarill|[notarget]\n|-fail|p1a: Amoonguss\n|\n|upkeep\n|\n|t:|1700003963\n|switch|p1b: Chi-Yu|Chi-Yu, L50|100\/100\n|-ability|p1b: Chi-Yu|Beads of Ruin\n|turn|3\n|inactive|TheRealMyan has 30 seconds left.\n|inactive|TheRealMyan has 20 seconds left.\n|\n|t:|1700003999\n|move|p2b: S&S Worlds Winner|Follow Me|p2b: S&S Worlds Winner\n|-singleturn|p2b: S&S Worlds Winner|move: Follow Me\n|move|p2a: Busted Mane|Calm Mind|p2a: Busted Mane\n|-boost|p2a: Busted Mane|spa|1\n|-boost|p2a: Busted Mane|spd|1\n|move|p1b: Chi-Yu|Light Screen|p1b: Chi-Yu\n|-sidestart|p1: Rhodeslil|move: Light Screen\n|move|p1a: Amoonguss|Spore|p2b: S&S Worlds Winner\n|-status|p2b: S&S Worlds Winner|slp|[from] move: Spore\n|\n|upkeep\n|turn|4\n|inactive|TheRealMyan has 30 seconds left.\n|inactive|TheRealMyan has 20 seconds left.\n|\n|t:|1700004036\n|move|p2a: Busted Mane|Dazzling Gleam|p1a: Amoonguss|[spread] p1a,p1b\n|-resisted|p1a: Amoonguss\n|-damage|p1a: Amoonguss|35\/100\n|-damage|p1b: Chi-Yu|64\/100\n|move|p1b: Chi-Yu|Dark Pulse|p2a: Busted Mane\n|-damage|p2a: Busted Mane|70\/100\n|cant|p2b: S&S Worlds Winner|slp\n|move|p1a: Amoonguss|Clear Smog|p2a: Busted Mane\n|-damage|p2a: Busted Mane|60\/100\n|-clearboost|p2a: Busted Mane\n|\n|upkeep\n|turn|5\n|inactive|TheRealMyan has 30 seconds left.\n|inactive|TheRealMyan has 20 seconds left.\n|inactive|TheRealMyan has 15 seconds left.\n|\n|t:|1700004080\n|-end|p2a: Busted Mane|Protosynthesis|[silent]\n|switch|p2a: \u30b4\u30eb\u30c7\u30f3\u30b4|Gholdengo, L50, shiny|100\/100\n|-item|p2a: \u30b4\u30eb\u30c7\u30f3\u30b4|Air Balloon\n|-curestatus|p2b: S&S Worlds Winner|slp|[msg]\n|move|p2b: S&S Worlds Winner|Follow Me|p2b: S&S Worlds Winner\n|-singleturn|p2b: S&S Worlds Winner|move: Follow Me\n|move|p1b: Chi-Yu|Nasty Plot|p1b: Chi-Yu\n|-boost|p1b: Chi-Yu|spa|2\n|move|p1a: Amoonguss|Pollen Puff|p2b: S&S Worlds Winner\n|-resisted|p2b: S&S Worlds Winner\n|-damage|p2b: S&S Worlds Winner|92\/100\n|\n|upkeep\n|turn|6\n|inactive|TheRealMyan has 30 seconds left.\n|inactive|TheRealMyan has 20 seconds left.\n|inactive|TheRealMyan has 15 seconds left.\n|inactive|TheRealMyan has 10 seconds left.\n|inactive|TheRealMyan has 5 seconds left.\n|\n|t:|1700004135\n|move|p1b: Chi-Yu|Flamethrower|p2a: \u30b4\u30eb\u30c7\u30f3\u30b4\n|-supereffective|p2a: \u30b4\u30eb\u30c7\u30f3\u30b4\n|-damage|p2a: \u30b4\u30eb\u30c7\u30f3\u30b4|0 fnt\n|-enditem|p2a: \u30b4\u30eb\u30c7\u30f3\u30b4|Air Balloon\n|faint|p2a: \u30b4\u30eb\u30c7\u30f3\u30b4\n|move|p2b: S&S Worlds Winner|Tera Blast|p1b: Chi-Yu\n|-damage|p1b: Chi-Yu|54\/100\n|move|p1a: Amoonguss|Pollen Puff|p1b: Chi-Yu\n|-heal|p1b: Chi-Yu|100\/100\n|\n|upkeep\n|\n|t:|1700004151\n|switch|p2a: Chef-Pao|Chien-Pao, L50|100\/100\n|-ability|p2a: Chef-Pao|Sword of Ruin\n|turn|7\n|inactive|TheRealMyan has 30 seconds left.\n|\n|t:|1700004180\n|move|p2b: S&S Worlds Winner|Follow Me|p2b: S&S Worlds Winner\n|-singleturn|p2b: S&S Worlds Winner|move: Follow Me\n|move|p1a: Amoonguss|Rage Powder|p1a: Amoonguss\n|-singleturn|p1a: Amoonguss|move: Rage Powder\n|move|p2a: Chef-Pao|Icicle Crash|p1a: Amoonguss\n|-supereffective|p1a: Amoonguss\n|-damage|p1a: Amoonguss|0 fnt\n|faint|p1a: Amoonguss\n|move|p1b: Chi-Yu|Flamethrower|p2b: S&S Worlds Winner\n|-damage|p2b: S&S Worlds Winner|17\/100\n|-status|p2b: S&S Worlds Winner|brn\n|\n|-damage|p2b: S&S Worlds Winner|11\/100 brn|[from] brn\n|-sideend|p1: Rhodeslil|move: Light Screen\n|upkeep\n|\n|t:|1700004191\n|switch|p1a: Trevenant|Trevenant, L50, F, shiny|100\/100\n|turn|8\n|inactive|Rhodeslil has 30 seconds left.\n|\n|t:|1700004217\n|-terastallize|p2a: Chef-Pao|Dark\n|move|p2a: Chef-Pao|Sucker Punch|p1b: Chi-Yu\n|-resisted|p1b: Chi-Yu\n|-damage|p1b: Chi-Yu|47\/100\n|move|p1b: Chi-Yu|Flamethrower|p2a: Chef-Pao\n|-damage|p2a: Chef-Pao|0 fnt\n|faint|p2a: Chef-Pao\n|move|p1a: Trevenant|Will-O-Wisp|p2b: S&S Worlds Winner\n|-fail|p2b: S&S Worlds Winner|brn\n|move|p2b: S&S Worlds Winner|Heal Pulse|p2: Chef-Pao|[notarget]\n|-fail|p2b: S&S Worlds Winner\n|\n|-damage|p2b: S&S Worlds Winner|4\/100 brn|[from] brn\n|upkeep\n|\n|t:|1700004233\n|switch|p2a: Busted Mane|Flutter Mane, L50, shiny|60\/100\n|turn|9\n|\n|t:|1700004249\n|-terastallize|p1a: Trevenant|Grass\n|move|p2a: Busted Mane|Shadow Ball|p1a: Trevenant\n|-damage|p1a: Trevenant|39\/100\n|move|p1b: Chi-Yu|Light Screen|p1b: Chi-Yu\n|-sidestart|p1: Rhodeslil|move: Light Screen\n|move|p1a: Trevenant|Leech Seed|p2a: Busted Mane|[miss]\n|-miss|p1a: Trevenant|p2a: Busted Mane\n|move|p2b: S&S Worlds Winner|Tera Blast|p1b: Chi-Yu\n|-damage|p1b: Chi-Yu|37\/100\n|\n|-heal|p1a: Trevenant|45\/100|[from] item: Leftovers\n|-damage|p2b: S&S Worlds Winner|0 fnt|[from] brn\n|faint|p2b: S&S Worlds Winner\n|upkeep\n|turn|10\n|inactive|Rhodeslil has 30 seconds left.\n|\n|t:|1700004278\n|move|p2a: Busted Mane|Dazzling Gleam|p1b: Chi-Yu|[spread] p1a,p1b\n|-crit|p1a: Trevenant\n|-damage|p1a: Trevenant|0 fnt\n|-damage|p1b: Chi-Yu|12\/100\n|faint|p1a: Trevenant\n|move|p1b: Chi-Yu|Flamethrower|p2a: Busted Mane\n|-damage|p2a: Busted Mane|0 fnt\n|faint|p2a: Busted Mane\n|-end|p2a: Busted Mane|Protosynthesis|[silent]\n|\n|win|Rhodeslil\n|raw|Rhodeslil's rating: 1048 &rarr; <strong>1076<\/strong><br \/>(+28 for winning)\n|raw|TheRealMyan's rating: 1000 &rarr; <strong>1000<\/strong><br \/>(+0 for losing)\n|l|\u2606TheRealMyan\n","uploadtime":1700004291,"views":13,"p1id":"rhodeslil","p2id":"therealmyan","formatid":"gen9vgc2023regulatione","rating":1000,"private":0,"password":""}