{"id":"gen9vgc2023regulatione-1988961377","p1":"eisjwiaaiqkqk","p2":"zetmos","format":"[Gen 9] VGC 2023 Regulation E","log":"|j|\u2606eisjwiaaiqkqk\n|j|\u2606zetmos\n|t:|1699795024\n|gametype|doubles\n|player|p1|eisjwiaaiqkqk|clown|1108\n|player|p2|zetmos|266|1000\n|teamsize|p1|6\n|teamsize|p2|6\n|gen|9\n|tier|[Gen 9] VGC 2023 Regulation E\n|rated|\n|rule|Species Clause: Limit one of each Pok\u00e9mon\n|rule|Item Clause: Limit one of each item\n|clearpoke\n|poke|p1|Gholdengo, L50|\n|poke|p1|Zapdos-Galar, L50|\n|poke|p1|Rillaboom, L50, M|\n|poke|p1|Cresselia, L50, F|\n|poke|p1|Ursaluna-Bloodmoon, L50, M|\n|poke|p1|Iron Hands, L50|\n|poke|p2|Ogerpon-Wellspring, L50, F|\n|poke|p2|Fezandipiti, L50, M|\n|poke|p2|Iron Hands, L50|\n|poke|p2|Cresselia, L50, F|\n|poke|p2|Heatran, L50, M|\n|poke|p2|Sylveon, L50, M|\n|teampreview|4\nzetmos rejected open team sheets.\n|\n|t:|1699795065\n|start\n|switch|p1a: Zapdos|Zapdos-Galar, L50, shiny|100\/100\n|switch|p1b: Rillaboom|Rillaboom, L50, M, shiny|100\/100\n|switch|p2a: Sylveon|Sylveon, L50, M|100\/100\n|switch|p2b: Ogerpon|Ogerpon-Wellspring, L50, F|100\/100\n|-fieldstart|move: Grassy Terrain|[from] ability: Grassy Surge|[of] p1b: Rillaboom\n|-enditem|p1a: Zapdos|Grassy Seed\n|-boost|p1a: Zapdos|def|1|[from] item: Grassy Seed\n|turn|1\n|\n|t:|1699795079\n|switch|p2b: Cresselia|Cresselia, L50, F|100\/100\n|move|p2a: Sylveon|Protect|p2a: Sylveon\n|-singleturn|p2a: Sylveon|Protect\n|move|p1b: Rillaboom|Fake Out|p2a: Sylveon\n|-activate|p2a: Sylveon|move: Protect\n|move|p1a: Zapdos|Acrobatics|p2b: Cresselia\n|-damage|p2b: Cresselia|64\/100\n|\n|upkeep\n|turn|2\n|\n|t:|1699795100\n|-terastallize|p1a: Zapdos|Fire\n|move|p1a: Zapdos|Acrobatics|p2a: Sylveon\n|-damage|p2a: Sylveon|16\/100\n|move|p1b: Rillaboom|Wood Hammer|p2a: Sylveon\n|-damage|p2a: Sylveon|0 fnt\n|faint|p2a: Sylveon\n|-damage|p1b: Rillaboom|96\/100|[from] Recoil\n|move|p2b: Cresselia|Psychic|p1a: Zapdos\n|-damage|p1a: Zapdos|67\/100\n|\n|-heal|p1a: Zapdos|73\/100|[from] Grassy Terrain\n|-heal|p1b: Rillaboom|100\/100|[from] Grassy Terrain\n|upkeep\n|\n|t:|1699795114\n|switch|p2a: Ogerpon|Ogerpon-Wellspring, L50, F|100\/100\n|turn|3\n|\n|t:|1699795125\n|-terastallize|p2a: Ogerpon|Water\n|detailschange|p2a: Ogerpon|Ogerpon-Wellspring-Tera, L50, F, tera:Water\n|-ability|p2a: Ogerpon|Embody Aspect (Wellspring)|boost\n|-boost|p2a: Ogerpon|spd|1\n|move|p1b: Rillaboom|Grassy Glide|p2b: Cresselia\n|-damage|p2b: Cresselia|36\/100\n|move|p1a: Zapdos|Acrobatics|p2a: Ogerpon\n|-damage|p2a: Ogerpon|47\/100\n|move|p2a: Ogerpon|Ivy Cudgel|p1a: Zapdos\n|-supereffective|p1a: Zapdos\n|-damage|p1a: Zapdos|0 fnt\n|faint|p1a: Zapdos\n|move|p2b: Cresselia|Lunar Blessing|p2b: Cresselia|[spread] p2a,p2b\n|-heal|p2a: Ogerpon|72\/100\n|-heal|p2b: Cresselia|61\/100\n|\n|-heal|p2a: Ogerpon|78\/100|[from] Grassy Terrain\n|upkeep\n|\n|t:|1699795138\n|switch|p1a: Gholdengo|Gholdengo, L50, shiny|100\/100\n|turn|4\n|\n|t:|1699795157\n|move|p2a: Ogerpon|Spiky Shield|p2a: Ogerpon\n|-singleturn|p2a: Ogerpon|move: Protect\n|move|p2b: Cresselia|Ally Switch|p2b: Cresselia\n|swap|p2b: Cresselia|0|[from] move: Ally Switch\n|move|p1b: Rillaboom|Grassy Glide|p2a: Cresselia\n|-damage|p2a: Cresselia|31\/100\n|move|p1a: Gholdengo|Make It Rain|p2b: Ogerpon|[spread] p2a\n|-activate|p2b: Ogerpon|move: Protect\n|-damage|p2a: Cresselia|0 fnt\n|-unboost|p1a: Gholdengo|spa|1\n|faint|p2a: Cresselia\n|\n|-heal|p2b: Ogerpon|84\/100|[from] Grassy Terrain\n|upkeep\n|\n|t:|1699795172\n|switch|p2a: Fezandipiti|Fezandipiti, L50, M|100\/100\n|turn|5\n|\n|t:|1699795179\n|switch|p1a: Iron Hands|Iron Hands, L50, shiny|100\/100\n|move|p2a: Fezandipiti|Tailwind|p2a: Fezandipiti\n|-sidestart|p2: zetmos|move: Tailwind\n|move|p2b: Ogerpon|Ivy Cudgel|p1a: Iron Hands\n|-damage|p1a: Iron Hands|46\/100\n|move|p1b: Rillaboom|Wood Hammer|p2b: Ogerpon\n|-supereffective|p2b: Ogerpon\n|-damage|p2b: Ogerpon|0 fnt\n|faint|p2b: Ogerpon\n|-damage|p1b: Rillaboom|73\/100|[from] Recoil\n|\n|-heal|p1b: Rillaboom|79\/100|[from] Grassy Terrain\n|-heal|p1a: Iron Hands|52\/100|[from] Grassy Terrain\n|-fieldend|move: Grassy Terrain\n|upkeep\n|turn|6\n|\n|t:|1699795208\n|move|p1a: Iron Hands|Fake Out|p2a: Fezandipiti\n|-damage|p2a: Fezandipiti|83\/100\n|move|p2a: Fezandipiti|Icy Wind|p1a: Iron Hands|[spread] p1a,p1b\n|-supereffective|p1b: Rillaboom\n|-damage|p1a: Iron Hands|47\/100\n|-damage|p1b: Rillaboom|60\/100\n|-unboost|p1a: Iron Hands|spe|1\n|-unboost|p1b: Rillaboom|spe|1\n|-status|p1b: Rillaboom|tox|[from] ability: Toxic Chain|[of] p2a: Fezandipiti\n|move|p1b: Rillaboom|Wood Hammer|p2a: Fezandipiti\n|-resisted|p2a: Fezandipiti\n|-damage|p2a: Fezandipiti|40\/100\n|-damage|p1b: Rillaboom|46\/100 tox|[from] Recoil\n|\n|-damage|p1b: Rillaboom|40\/100 tox|[from] psn\n|upkeep\n|turn|7\n|\n|t:|1699795224\n|move|p2a: Fezandipiti|Venoshock|p1b: Rillaboom\n|-supereffective|p1b: Rillaboom\n|-damage|p1b: Rillaboom|0 fnt\n|faint|p1b: Rillaboom\n|move|p1a: Iron Hands|Wild Charge|p2a: Fezandipiti\n|-damage|p2a: Fezandipiti|0 fnt\n|faint|p2a: Fezandipiti\n|-damage|p1a: Iron Hands|40\/100|[from] Recoil\n|\n|win|eisjwiaaiqkqk\n|raw|eisjwiaaiqkqk's rating: 1108 &rarr; <strong>1125<\/strong><br \/>(+17 for winning)\n|raw|zetmos's rating: 1000 &rarr; <strong>1000<\/strong><br \/>(+0 for losing)\n","uploadtime":1699795233,"views":9,"p1id":"eisjwiaaiqkqk","p2id":"zetmos","formatid":"gen9vgc2023regulatione","rating":1000,"private":0,"password":""}