{"id":"gen9vgc2023regulatione-1997425426","p1":"Migikikinos","p2":"skull2323","format":"[Gen 9] VGC 2023 Regulation E","log":"|j|\u2606Migikikinos\n|j|\u2606skull2323\n|t:|1700803110\n|gametype|doubles\n|player|p1|Migikikinos|101|1103\n|player|p2|skull2323|170|1204\n|teamsize|p1|6\n|teamsize|p2|6\n|gen|9\n|tier|[Gen 9] VGC 2023 Regulation E\n|rated|\n|rule|Species Clause: Limit one of each Pok\u00e9mon\n|rule|Item Clause: Limit one of each item\n|clearpoke\n|poke|p1|Sableye, L50, F|\n|poke|p1|Tornadus, L50, M|\n|poke|p1|Gothitelle, L50, M|\n|poke|p1|Articuno-Galar, L50|\n|poke|p1|Dipplin, L50, F|\n|poke|p1|Iron Valiant, L50|\n|poke|p2|Iron Hands, L50|\n|poke|p2|Flutter Mane, L50|\n|poke|p2|Ogerpon-Wellspring, L50, F|\n|poke|p2|Arcanine-Hisui, L50, M|\n|poke|p2|Landorus-Therian, L50, M|\n|poke|p2|Tornadus, L50, M|\n|teampreview|4\n|\n|t:|1700803128\n|start\n|switch|p1a: Tornadus|Tornadus, L50, M|100\/100\n|switch|p1b: Sableye|Sableye, L50, F|100\/100\n|switch|p2a: Iron Hands|Iron Hands, L50, shiny|100\/100\n|switch|p2b: Arcanine|Arcanine-Hisui, L50, M, shiny|100\/100\n|turn|1\n|inactive|Battle timer is ON: inactive players will automatically lose when time's up. (requested by skull2323)\n|\n|t:|1700803150\n|move|p1b: Sableye|Fake Out|p2b: Arcanine\n|-resisted|p2b: Arcanine\n|-damage|p2b: Arcanine|96\/100\n|move|p2a: Iron Hands|Fake Out|p1a: Tornadus\n|-damage|p1a: Tornadus|79\/100\n|cant|p1a: Tornadus|flinch\n|cant|p2b: Arcanine|flinch\n|\n|upkeep\n|turn|2\n|inactive|Migikikinos has 30 seconds left.\n|\n|t:|1700803176\n|move|p1b: Sableye|Gravity|p1b: Sableye\n|-fieldstart|move: Gravity\n|move|p2b: Arcanine|Head Smash|p1b: Sableye\n|-damage|p1b: Sableye|0 fnt\n|faint|p1b: Sableye\n|move|p1a: Tornadus|Bleakwind Storm|p2b: Arcanine|[spread] p2a,p2b\n|-resisted|p2b: Arcanine\n|-damage|p2a: Iron Hands|80\/100\n|-damage|p2b: Arcanine|76\/100\n|-unboost|p2a: Iron Hands|spe|1\n|-unboost|p2b: Arcanine|spe|1\n|move|p2a: Iron Hands|Thunder Punch|p1a: Tornadus\n|-supereffective|p1a: Tornadus\n|-damage|p1a: Tornadus|0 fnt\n|faint|p1a: Tornadus\n|\n|upkeep\n|\n|t:|1700803185\n|switch|p1a: Articuno|Articuno-Galar, L50|100\/100\n|switch|p1b: Iron Valiant|Iron Valiant, L50|100\/100\n|-enditem|p1b: Iron Valiant|Booster Energy\n|-activate|p1b: Iron Valiant|ability: Quark Drive|[fromitem]\n|-start|p1b: Iron Valiant|quarkdrivespe\n|turn|3\n|\n|t:|1700803201\n|-terastallize|p2a: Iron Hands|Grass\n|move|p1b: Iron Valiant|Hypnosis|p2a: Iron Hands\n|-status|p2a: Iron Hands|slp|[from] move: Hypnosis\n|move|p1a: Articuno|Hypnosis|p2b: Arcanine\n|-status|p2b: Arcanine|slp|[from] move: Hypnosis\n|cant|p2b: Arcanine|slp\n|cant|p2a: Iron Hands|slp\n|\n|upkeep\n|turn|4\n|\n|t:|1700803212\n|move|p1b: Iron Valiant|Substitute|p1b: Iron Valiant\n|-start|p1b: Iron Valiant|Substitute\n|-damage|p1b: Iron Valiant|76\/100\n|move|p1a: Articuno|Tailwind|p1a: Articuno\n|-sidestart|p1: Migikikinos|move: Tailwind\n|cant|p2b: Arcanine|slp\n|-curestatus|p2a: Iron Hands|slp|[msg]\n|move|p2a: Iron Hands|Thunder Punch|p1a: Articuno\n|-supereffective|p1a: Articuno\n|-damage|p1a: Articuno|23\/100\n|\n|upkeep\n|turn|5\n|\n|t:|1700803231\n|move|p1b: Iron Valiant|Hypnosis|p2a: Iron Hands\n|-status|p2a: Iron Hands|slp|[from] move: Hypnosis\n|move|p1a: Articuno|Dream Eater|p2b: Arcanine\n|-damage|p2b: Arcanine|27\/100 slp\n|-heal|p1a: Articuno|45\/100|[from] drain|[of] p2b: Arcanine\n|-curestatus|p2b: Arcanine|slp|[msg]\n|move|p2b: Arcanine|Head Smash|p1a: Articuno\n|-supereffective|p1a: Articuno\n|-damage|p1a: Articuno|0 fnt\n|faint|p1a: Articuno\n|cant|p2a: Iron Hands|slp\n|\n|upkeep\n|turn|6\n|\n|t:|1700803247\n|move|p1b: Iron Valiant|Hypnosis|p2b: Arcanine\n|-status|p2b: Arcanine|slp|[from] move: Hypnosis\n|cant|p2b: Arcanine|slp\n|-curestatus|p2a: Iron Hands|slp|[msg]\n|move|p2a: Iron Hands|Thunder Punch|p1b: Iron Valiant\n|-end|p1b: Iron Valiant|Substitute\n|\n|-fieldend|move: Gravity\n|upkeep\n|turn|7\n|\n|t:|1700803264\n|move|p1b: Iron Valiant|Swords Dance|p1b: Iron Valiant\n|-boost|p1b: Iron Valiant|atk|2\n|-curestatus|p2b: Arcanine|slp|[msg]\n|move|p2b: Arcanine|Head Smash|p1b: Iron Valiant\n|-resisted|p1b: Iron Valiant\n|-damage|p1b: Iron Valiant|6\/100\n|move|p2a: Iron Hands|Thunder Punch|p1b: Iron Valiant\n|-damage|p1b: Iron Valiant|0 fnt\n|faint|p1b: Iron Valiant\n|-end|p1b: Iron Valiant|Quark Drive|[silent]\n|\n|win|skull2323\n|raw|Migikikinos's rating: 1103 &rarr; <strong>1085<\/strong><br \/>(-18 for losing)\n|raw|skull2323's rating: 1204 &rarr; <strong>1222<\/strong><br \/>(+18 for winning)\n|l|\u2606Migikikinos\n","uploadtime":1700803272,"views":16,"p1id":"migikikinos","p2id":"skull2323","formatid":"gen9vgc2023regulatione","rating":1085,"private":0,"password":""}