{"id":"gen9vgc2023regulatione-1997906804","p1":"Yoyoforce","p2":"gozadera121","format":"[Gen 9] VGC 2023 Regulation E","log":"|j|\u2606Yoyoforce\n|j|\u2606gozadera121\n|t:|1700866021\n|gametype|doubles\n|player|p1|Yoyoforce|alder|1118\n|player|p2|gozadera121|1|1040\n|teamsize|p1|6\n|teamsize|p2|6\n|gen|9\n|tier|[Gen 9] VGC 2023 Regulation E\n|rated|\n|rule|Species Clause: Limit one of each Pok\u00e9mon\n|rule|Item Clause: Limit one of each item\n|clearpoke\n|poke|p1|Chi-Yu, L50|\n|poke|p1|Tornadus, L50, M|\n|poke|p1|Landorus-Therian, L50, M|\n|poke|p1|Flutter Mane, L50|\n|poke|p1|Iron Hands, L50|\n|poke|p1|Ogerpon-Wellspring, L50, F|\n|poke|p2|Flutter Mane, L50|\n|poke|p2|Iron Hands, L50|\n|poke|p2|Landorus-Therian, L50, M|\n|poke|p2|Ogerpon-Hearthflame, L50, F|\n|poke|p2|Rillaboom, L50, F|\n|poke|p2|Milotic, L50, F|\n|teampreview|4\nYoyoforce rejected open team sheets.\n|\n|t:|1700866057\n|start\n|switch|p1a: Tornadus|Tornadus, L50, M|100\/100\n|switch|p1b: Huo Yan|Chi-Yu, L50|100\/100\n|switch|p2a: Milotic|Milotic, L50, F|100\/100\n|switch|p2b: Landorus|Landorus-Therian, L50, M|100\/100\n|-ability|p2b: Landorus|Intimidate|boost\n|-unboost|p1a: Tornadus|atk|1\n|-unboost|p1b: Huo Yan|atk|1\n|-ability|p1b: Huo Yan|Beads of Ruin\n|turn|1\n|\n|t:|1700866080\n|-terastallize|p1b: Huo Yan|Grass\n|move|p1a: Tornadus|Tailwind|p1a: Tornadus\n|-sidestart|p1: Yoyoforce|move: Tailwind\n|move|p1b: Huo Yan|Tera Blast|p2a: Milotic|[anim] Tera Blast Grass\n|-supereffective|p2a: Milotic\n|-damage|p2a: Milotic|15\/100\n|-damage|p1b: Huo Yan|91\/100|[from] item: Life Orb\n|move|p2b: Landorus|Stomping Tantrum|p1b: Huo Yan\n|-resisted|p1b: Huo Yan\n|-damage|p1b: Huo Yan|64\/100\n|move|p2a: Milotic|Scald|p1b: Huo Yan\n|-resisted|p1b: Huo Yan\n|-damage|p1b: Huo Yan|49\/100\n|-status|p1b: Huo Yan|brn\n|\n|-heal|p2a: Milotic|21\/100|[from] item: Leftovers\n|-damage|p1b: Huo Yan|43\/100 brn|[from] brn\n|upkeep\n|turn|2\n|\n|t:|1700866099\n|switch|p2b: Iron Hands|Iron Hands, L50|100\/100\n|move|p1b: Huo Yan|Protect|p1b: Huo Yan\n|-singleturn|p1b: Huo Yan|Protect\n|move|p2a: Milotic|Protect|p2a: Milotic\n|-singleturn|p2a: Milotic|Protect\n|move|p1a: Tornadus|Bleakwind Storm|p2b: Iron Hands|[spread] p2b\n|-activate|p2a: Milotic|move: Protect\n|-damage|p2b: Iron Hands|77\/100\n|\n|-heal|p2a: Milotic|27\/100|[from] item: Leftovers\n|-damage|p1b: Huo Yan|37\/100 brn|[from] brn\n|upkeep\n|turn|3\n|\n|t:|1700866120\n|switch|p1b: Misdreamus|Flutter Mane, L50, shiny|100\/100\n|move|p1a: Tornadus|Protect|p1a: Tornadus\n|-singleturn|p1a: Tornadus|Protect\n|move|p2b: Iron Hands|Fake Out|p1a: Tornadus\n|-activate|p1a: Tornadus|move: Protect\n|move|p2a: Milotic|Scald|p1a: Tornadus\n|-activate|p1a: Tornadus|move: Protect\n|\n|-heal|p2a: Milotic|33\/100|[from] item: Leftovers\n|upkeep\n|turn|4\n|\n|t:|1700866135\n|move|p1a: Tornadus|Sunny Day|p1a: Tornadus\n|-weather|SunnyDay\n|-activate|p1b: Misdreamus|ability: Protosynthesis\n|-start|p1b: Misdreamus|protosynthesisspe\n|move|p1b: Misdreamus|Dazzling Gleam|p2b: Iron Hands|[spread] p2a,p2b\n|-supereffective|p2b: Iron Hands\n|-damage|p2a: Milotic|7\/100\n|-damage|p2b: Iron Hands|37\/100\n|move|p2a: Milotic|Scald|p1a: Tornadus\n|-damage|p1a: Tornadus|82\/100\n|move|p2b: Iron Hands|Heavy Slam|p1b: Misdreamus\n|-supereffective|p1b: Misdreamus\n|-damage|p1b: Misdreamus|0 fnt\n|faint|p1b: Misdreamus\n|-end|p1b: Misdreamus|Protosynthesis|[silent]\n|\n|-weather|SunnyDay|[upkeep]\n|-heal|p2a: Milotic|13\/100|[from] item: Leftovers\n|-sideend|p1: Yoyoforce|move: Tailwind\n|upkeep\n|\n|t:|1700866152\n|switch|p1b: Ame|Ogerpon-Wellspring, L50, F|100\/100\n|turn|5\n|\n|t:|1700866181\n|-end|p2b: Iron Hands|Quark Drive|[silent]\n|switch|p2b: Landorus|Landorus-Therian, L50, M|100\/100\n|-ability|p2b: Landorus|Intimidate|boost\n|-unboost|p1a: Tornadus|atk|1\n|-unboost|p1b: Ame|atk|1\n|move|p1a: Tornadus|Bleakwind Storm|p2a: Milotic|[spread] p2a,p2b\n|-damage|p2a: Milotic|0 fnt\n|-damage|p2b: Landorus|64\/100\n|-unboost|p2b: Landorus|spe|1\n|faint|p2a: Milotic\n|move|p1b: Ame|Horn Leech|p2b: Landorus\n|-damage|p2b: Landorus|36\/100\n|\n|-weather|SunnyDay|[upkeep]\n|upkeep\n|\n|t:|1700866194\n|switch|p2a: Rillaboom|Rillaboom, L50, F|100\/100\n|-fieldstart|move: Grassy Terrain|[from] ability: Grassy Surge|[of] p2a: Rillaboom\n|turn|6\n|\n|t:|1700866211\n|move|p1a: Tornadus|Protect|p1a: Tornadus\n|-singleturn|p1a: Tornadus|Protect\n|move|p1b: Ame|Spiky Shield|p1b: Ame\n|-singleturn|p1b: Ame|move: Protect\n|move|p2a: Rillaboom|Fake Out|p1a: Tornadus\n|-activate|p1a: Tornadus|move: Protect\n|move|p2b: Landorus|U-turn|p1b: Ame\n|-activate|p1b: Ame|move: Protect\n|-damage|p2b: Landorus|23\/100|[from] Spiky Shield|[of] p1b: Ame\n|\n|-weather|SunnyDay|[upkeep]\n|upkeep\n|turn|7\n|\n|t:|1700866226\n|switch|p2b: Iron Hands|Iron Hands, L50|37\/100\n|-terastallize|p2a: Rillaboom|Grass\n|move|p1a: Tornadus|Bleakwind Storm|p2b: Iron Hands|[spread] p2a,p2b\n|-supereffective|p2a: Rillaboom\n|-damage|p2a: Rillaboom|31\/100\n|-damage|p2b: Iron Hands|20\/100\n|-unboost|p2b: Iron Hands|spe|1\n|move|p1b: Ame|Ivy Cudgel|p2b: Iron Hands|[anim] Ivy Cudgel Water\n|-damage|p2b: Iron Hands|6\/100\n|move|p2a: Rillaboom|Wood Hammer|p1a: Tornadus\n|-resisted|p1a: Tornadus\n|-damage|p1a: Tornadus|7\/100\n|-damage|p2a: Rillaboom|14\/100|[from] item: Rocky Helmet|[of] p1a: Tornadus\n|-damage|p2a: Rillaboom|0 fnt|[from] Recoil\n|faint|p2a: Rillaboom\n|\n|-weather|SunnyDay|[upkeep]\n|-heal|p2b: Iron Hands|12\/100|[from] Grassy Terrain\n|upkeep\n|\n|t:|1700866240\n|switch|p2a: Landorus|Landorus-Therian, L50, M|23\/100\n|-ability|p2a: Landorus|Intimidate|boost\n|-unboost|p1a: Tornadus|atk|1\n|-unboost|p1b: Ame|atk|1\n|turn|8\n|c|\u2606Yoyoforce|YES\n|\n|t:|1700866249\n|move|p1b: Ame|Follow Me|p1b: Ame\n|-singleturn|p1b: Ame|move: Follow Me\n|move|p2a: Landorus|Rock Slide|p1a: Tornadus|[spread] p1a,p1b\n|-supereffective|p1a: Tornadus\n|-damage|p1a: Tornadus|0 fnt\n|-damage|p1b: Ame|81\/100\n|faint|p1a: Tornadus\n|move|p2b: Iron Hands|Drain Punch|p1b: Ame\n|-damage|p1b: Ame|40\/100\n|-heal|p2b: Iron Hands|29\/100|[from] drain|[of] p1b: Ame\n|\n|-weather|none\n|-heal|p1b: Ame|45\/100|[from] Grassy Terrain\n|-heal|p2b: Iron Hands|35\/100|[from] Grassy Terrain\n|upkeep\n|\n|t:|1700866263\n|switch|p1a: Huo Yan|Chi-Yu, L50, tera:Grass|37\/100 brn\n|-ability|p1a: Huo Yan|Beads of Ruin\n|turn|9\n|\n|t:|1700866271\n|move|p2a: Landorus|Rock Slide|p1b: Ame|[spread] p1a,p1b\n|-damage|p1a: Huo Yan|10\/100 brn\n|-damage|p1b: Ame|26\/100\n|move|p1a: Huo Yan|Heat Wave|p2a: Landorus|[spread] p2a,p2b\n|-damage|p2a: Landorus|0 fnt\n|-damage|p2b: Iron Hands|5\/100\n|faint|p2a: Landorus\n|-damage|p1a: Huo Yan|0 fnt|[from] item: Life Orb\n|faint|p1a: Huo Yan\n|move|p1b: Ame|Ivy Cudgel|p2b: Iron Hands|[anim] Ivy Cudgel Water\n|-damage|p2b: Iron Hands|0 fnt\n|faint|p2b: Iron Hands\n|-end|p2b: Iron Hands|Quark Drive|[silent]\n|\n|win|Yoyoforce\n|raw|Yoyoforce's rating: 1118 &rarr; <strong>1137<\/strong><br \/>(+19 for winning)\n|raw|gozadera121's rating: 1040 &rarr; <strong>1028<\/strong><br \/>(-12 for losing)\n","uploadtime":1700866283,"views":32,"p1id":"yoyoforce","p2id":"gozadera121","formatid":"gen9vgc2023regulatione","rating":1028,"private":0,"password":""}