{"id":"gen9vgc2023regulatione-1995967027","p1":"luzonvgc","p2":"foiledfeline","format":"[Gen 9] VGC 2023 Regulation E","log":"|j|\u2606luzonvgc\n|j|\u2606foiledfeline\n|t:|1700623124\n|gametype|doubles\n|player|p1|luzonvgc|lisia|1617\n|player|p2|foiledfeline|170|1597\n|teamsize|p1|6\n|teamsize|p2|6\n|gen|9\n|tier|[Gen 9] VGC 2023 Regulation E\n|rated|\n|rule|Species Clause: Limit one of each Pok\u00e9mon\n|rule|Item Clause: Limit one of each item\n|clearpoke\n|poke|p1|Ogerpon, L50, F|\n|poke|p1|Gholdengo, L50|\n|poke|p1|Urshifu-*, L50, M|\n|poke|p1|Roaring Moon, L50|\n|poke|p1|Arcanine-Hisui, L50, M|\n|poke|p1|Iron Hands, L50|\n|poke|p2|Farigiraf, L50, F|\n|poke|p2|Hatterene, L50, F|\n|poke|p2|Torkoal, L50, M|\n|poke|p2|Urshifu-*, L50, M|\n|poke|p2|Ogerpon-Hearthflame, L50, F|\n|poke|p2|Iron Hands, L50|\n|teampreview|4\nfoiledfeline has agreed to open team sheets.\nluzonvgc has agreed to open team sheets.\n|\n|t:|1700623186\n|start\n|switch|p1a: Arcanine|Arcanine-Hisui, L50, M|100\/100\n|switch|p1b: Iron Hands|Iron Hands, L50|100\/100\n|switch|p2a: Hatterene|Hatterene, L50, F|100\/100\n|switch|p2b: Iron Hands|Iron Hands, L50|100\/100\n|-ability|p1a: Arcanine|Intimidate|boost\n|-unboost|p2a: Hatterene|atk|1\n|-unboost|p2b: Iron Hands|atk|1\n|turn|1\n|\n|t:|1700623213\n|move|p2a: Hatterene|Protect|p2a: Hatterene\n|-singleturn|p2a: Hatterene|Protect\n|move|p1b: Iron Hands|Fake Out|p2a: Hatterene\n|-activate|p2a: Hatterene|move: Protect\n|move|p1a: Arcanine|Rock Slide|p2a: Hatterene|[spread] p2b\n|-activate|p2a: Hatterene|move: Protect\n|-resisted|p2b: Iron Hands\n|-damage|p2b: Iron Hands|86\/100\n|move|p2b: Iron Hands|Drain Punch|p1a: Arcanine\n|-supereffective|p1a: Arcanine\n|-damage|p1a: Arcanine|23\/100\n|-heal|p2b: Iron Hands|100\/100|[from] drain|[of] p1a: Arcanine\n|\n|upkeep\n|turn|2\n|j| thomas shelby 1\n|\n|t:|1700623233\n|move|p1a: Arcanine|Rock Slide|p2b: Iron Hands|[spread] p2b\n|-miss|p1a: Arcanine|p2a: Hatterene\n|-resisted|p2b: Iron Hands\n|-crit|p2b: Iron Hands\n|-damage|p2b: Iron Hands|77\/100\n|move|p1b: Iron Hands|Heavy Slam|p2a: Hatterene\n|-supereffective|p2a: Hatterene\n|-damage|p2a: Hatterene|2\/100\n|move|p2b: Iron Hands|Volt Switch|p1a: Arcanine\n|-damage|p1a: Arcanine|6\/100\n|\n|t:|1700623246\n|-end|p2b: Iron Hands|Quark Drive|[silent]\n|switch|p2b: Torkoal|Torkoal, L50, M|100\/100|[from] Volt Switch\n|-weather|SunnyDay|[from] ability: Drought|[of] p2b: Torkoal\n|move|p2a: Hatterene|Trick Room|p2a: Hatterene\n|-fieldstart|move: Trick Room|[of] p2a: Hatterene\n|\n|-weather|SunnyDay|[upkeep]\n|upkeep\n|turn|3\n|inactive|Battle timer is ON: inactive players will automatically lose when time's up. (requested by foiledfeline)\n|\n|t:|1700623303\n|-terastallize|p2b: Torkoal|Fire\n|-terastallize|p1b: Iron Hands|Water\n|move|p2b: Torkoal|Eruption|p1b: Iron Hands|[spread] p1a,p1b\n|-resisted|p1a: Arcanine\n|-resisted|p1b: Iron Hands\n|-damage|p1a: Arcanine|0 fnt\n|-damage|p1b: Iron Hands|63\/100\n|faint|p1a: Arcanine\n|move|p2a: Hatterene|Psyshock|p1b: Iron Hands\n|-crit|p1b: Iron Hands\n|-damage|p1b: Iron Hands|4\/100\n|-damage|p2a: Hatterene|0 fnt|[from] item: Life Orb\n|faint|p2a: Hatterene\n|move|p1b: Iron Hands|Drain Punch|p2b: Torkoal\n|-damage|p2b: Torkoal|69\/100\n|-heal|p1b: Iron Hands|15\/100|[from] drain|[of] p2b: Torkoal\n|\n|-weather|SunnyDay|[upkeep]\n|upkeep\n|j| hdwyszrj\n|\n|t:|1700623322\n|switch|p2a: Iron Hands|Iron Hands, L50|77\/100\n|switch|p1a: Roaring Moon|Roaring Moon, L50|100\/100\n|-activate|p1a: Roaring Moon|ability: Protosynthesis\n|-start|p1a: Roaring Moon|protosynthesisspe\n|turn|4\n|l| hdwyszrj\n|\n|t:|1700623332\n|-end|p1b: Iron Hands|Quark Drive|[silent]\n|switch|p1b: Gholdengo|Gholdengo, L50|100\/100\n|move|p1a: Roaring Moon|Protect|p1a: Roaring Moon\n|-singleturn|p1a: Roaring Moon|Protect\n|move|p2b: Torkoal|Eruption|p1b: Gholdengo|[spread] p1b\n|-activate|p1a: Roaring Moon|move: Protect\n|-supereffective|p1b: Gholdengo\n|-damage|p1b: Gholdengo|0 fnt\n|faint|p1b: Gholdengo\n|move|p2a: Iron Hands|Drain Punch|p1a: Roaring Moon\n|-activate|p1a: Roaring Moon|move: Protect\n|\n|-weather|SunnyDay|[upkeep]\n|upkeep\n|\n|t:|1700623342\n|switch|p1b: Iron Hands|Iron Hands, L50, tera:Water|15\/100\n|turn|5\n|\n|t:|1700623351\n|-end|p2a: Iron Hands|Quark Drive|[silent]\n|switch|p2a: Farigiraf|Farigiraf, L50, F|100\/100\n|move|p1b: Iron Hands|Fake Out||[still]\n|cant|p2a: Farigiraf|ability: Armor Tail|Fake Out|[of] p1b: Iron Hands\n|move|p2b: Torkoal|Eruption|p1b: Iron Hands|[spread] p1a,p1b\n|-resisted|p1a: Roaring Moon\n|-resisted|p1b: Iron Hands\n|-damage|p1a: Roaring Moon|58\/100\n|-damage|p1b: Iron Hands|0 fnt\n|faint|p1b: Iron Hands\n|-end|p1b: Iron Hands|Quark Drive|[silent]\n|move|p1a: Roaring Moon|Knock Off|p2b: Torkoal\n|-damage|p2b: Torkoal|30\/100\n|-enditem|p2b: Torkoal|Choice Specs|[from] move: Knock Off|[of] p1a: Roaring Moon\n|\n|-weather|SunnyDay|[upkeep]\n|upkeep\n|turn|6\n|\n|t:|1700623370\n|switch|p2b: Iron Hands|Iron Hands, L50|77\/100\n|move|p2a: Farigiraf|Dazzling Gleam|p1a: Roaring Moon\n|-supereffective|p1a: Roaring Moon\n|-damage|p1a: Roaring Moon|0 fnt\n|faint|p1a: Roaring Moon\n|-end|p1a: Roaring Moon|Protosynthesis|[silent]\n|\n|win|foiledfeline\n|raw|luzonvgc's rating: 1617 &rarr; <strong>1596<\/strong><br \/>(-21 for losing)\n|raw|foiledfeline's rating: 1597 &rarr; <strong>1618<\/strong><br \/>(+21 for winning)\n|l|\u2606luzonvgc\n","uploadtime":1700623378,"views":7,"p1id":"luzonvgc","p2id":"foiledfeline","formatid":"gen9vgc2023regulatione","rating":1596,"private":0,"password":""}