{"id":"gen9vgc2023regulatione-1991263500","p1":"Katatatat_","p2":"djskkdld","format":"[Gen 9] VGC 2023 Regulation E","log":"|j|\u2606Katatatat_\n|j|\u2606djskkdld\n|t:|1700062428\n|gametype|doubles\n|player|p1|Katatatat_|hilbert|1158\n|player|p2|djskkdld|red|1130\n|teamsize|p1|6\n|teamsize|p2|6\n|gen|9\n|tier|[Gen 9] VGC 2023 Regulation E\n|rated|\n|rule|Species Clause: Limit one of each Pok\u00e9mon\n|rule|Item Clause: Limit one of each item\n|clearpoke\n|poke|p1|Bruxish, L50, M|\n|poke|p1|Heatran, L50, F|\n|poke|p1|Ursaluna-Bloodmoon, L50, M|\n|poke|p1|Conkeldurr, L50, M|\n|poke|p1|Arcanine-Hisui, L50, M|\n|poke|p1|Flutter Mane, L50|\n|poke|p2|Ursaluna-Bloodmoon, L50, M|\n|poke|p2|Sinistcha-Masterpiece, L50|\n|poke|p2|Iron Hands, L50|\n|poke|p2|Arcanine-Hisui, L50, M|\n|poke|p2|Ogerpon-Wellspring, L50, F|\n|poke|p2|Grimmsnarl, L50, M|\n|teampreview|4\n|inactive|Battle timer is ON: inactive players will automatically lose when time's up. (requested by Katatatat_)\n|\n|t:|1700062447\n|start\n|switch|p1a: Bruxish|Bruxish, L50, M|100\/100\n|switch|p1b: Conkeldurr|Conkeldurr, L50, M|100\/100\n|switch|p2a: Grimmsnarl|Grimmsnarl, L50, M, shiny|100\/100\n|switch|p2b: Arcanine|Arcanine-Hisui, L50, M|100\/100\n|turn|1\n|inactive|djskkdld has 30 seconds left.\n|\n|t:|1700062474\n|-terastallize|p2b: Arcanine|Electric\n|move|p1b: Conkeldurr|Protect|p1b: Conkeldurr\n|-singleturn|p1b: Conkeldurr|Protect\n|move|p2a: Grimmsnarl|Reflect|p2a: Grimmsnarl\n|-sidestart|p2: djskkdld|Reflect\n|move|p2b: Arcanine|Wild Charge|p1a: Bruxish\n|-supereffective|p1a: Bruxish\n|-enditem|p1a: Bruxish|Focus Sash\n|-damage|p1a: Bruxish|1\/100\n|move|p1a: Bruxish|Trick Room|p1a: Bruxish\n|-fieldstart|move: Trick Room|[of] p1a: Bruxish\n|\n|-status|p1b: Conkeldurr|brn|[from] item: Flame Orb\n|upkeep\n|turn|2\n|inactive|Katatatat_ has 30 seconds left.\n|inactive|djskkdld has 30 seconds left.\n|inactive|Katatatat_ has 20 seconds left.\n|\n|t:|1700062512\n|move|p2b: Arcanine|Extreme Speed||[still]\n|cant|p1a: Bruxish|ability: Dazzling|Extreme Speed|[of] p2b: Arcanine\n|move|p2a: Grimmsnarl|Parting Shot||[still]\n|cant|p1a: Bruxish|ability: Dazzling|Parting Shot|[of] p2a: Grimmsnarl\n|move|p1b: Conkeldurr|Drain Punch|p2a: Grimmsnarl\n|-damage|p2a: Grimmsnarl|58\/100\n|move|p1a: Bruxish|Crunch|p2b: Arcanine\n|-damage|p2b: Arcanine|82\/100\n|\n|-damage|p1b: Conkeldurr|94\/100 brn|[from] brn\n|upkeep\n|turn|3\n|inactive|djskkdld has 30 seconds left.\n|\n|t:|1700062542\n|move|p2a: Grimmsnarl|Sucker Punch||[still]\n|cant|p1a: Bruxish|ability: Dazzling|Sucker Punch|[of] p2a: Grimmsnarl\n|move|p1b: Conkeldurr|Brick Break|p2a: Grimmsnarl\n|-sideend|p2: djskkdld|Reflect\n|-damage|p2a: Grimmsnarl|0 fnt\n|faint|p2a: Grimmsnarl\n|move|p2b: Arcanine|Flare Blitz|p1b: Conkeldurr\n|-damage|p1b: Conkeldurr|43\/100 brn\n|move|p1a: Bruxish|Crunch|p2b: Arcanine\n|-damage|p2b: Arcanine|53\/100\n|-unboost|p2b: Arcanine|def|1\n|\n|-damage|p1b: Conkeldurr|37\/100 brn|[from] brn\n|upkeep\n|\n|t:|1700062561\n|switch|p2a: Sinistcha|Sinistcha-Masterpiece, L50|100\/100\n|-heal|p2b: Arcanine|78\/100|[from] ability: Hospitality|[of] p2a: Sinistcha\n|turn|4\n|\n|t:|1700062573\n|move|p1b: Conkeldurr|Drain Punch|p2b: Arcanine\n|-damage|p2b: Arcanine|0 fnt\n|-heal|p1b: Conkeldurr|73\/100 brn|[from] drain|[of] p2b: Arcanine\n|faint|p2b: Arcanine\n|move|p2a: Sinistcha|Matcha Gotcha|p1a: Bruxish|[spread] p1a,p1b\n|-supereffective|p1a: Bruxish\n|-damage|p1a: Bruxish|0 fnt\n|-damage|p1b: Conkeldurr|44\/100 brn\n|faint|p1a: Bruxish\n|\n|-damage|p1b: Conkeldurr|38\/100 brn|[from] brn\n|upkeep\n|\n|t:|1700062587\n|switch|p2b: Ursaluna|Ursaluna-Bloodmoon, L50, M|100\/100\n|switch|p1a: Ursaluna|Ursaluna-Bloodmoon, L50, M|100\/100\n|turn|5\n|\n|t:|1700062604\n|move|p1a: Ursaluna|Hyper Voice|p2b: Ursaluna|[spread] p2a,p2b\n|-damage|p2a: Sinistcha|65\/100\n|-damage|p2b: Ursaluna|59\/100\n|move|p1b: Conkeldurr|Drain Punch|p2b: Ursaluna\n|-supereffective|p2b: Ursaluna\n|-damage|p2b: Ursaluna|0 fnt\n|-heal|p1b: Conkeldurr|67\/100 brn|[from] drain|[of] p2b: Ursaluna\n|faint|p2b: Ursaluna\n|move|p2a: Sinistcha|Matcha Gotcha|p1a: Ursaluna|[spread] p1b\n|-miss|p2a: Sinistcha|p1a: Ursaluna\n|-damage|p1b: Conkeldurr|39\/100 brn\n|-heal|p2a: Sinistcha|86\/100|[from] drain|[of] p1b: Conkeldurr\n|\n|-damage|p1b: Conkeldurr|33\/100 brn|[from] brn\n|-fieldend|move: Trick Room\n|upkeep\n|turn|6\n|\n|t:|1700062624\n|move|p2a: Sinistcha|Matcha Gotcha|p1a: Ursaluna|[spread] p1a\n|-miss|p2a: Sinistcha|p1b: Conkeldurr\n|-supereffective|p1a: Ursaluna\n|-damage|p1a: Ursaluna|65\/100\n|-heal|p2a: Sinistcha|100\/100|[from] drain|[of] p1a: Ursaluna\n|-status|p1a: Ursaluna|brn\n|move|p1b: Conkeldurr|Ice Punch|p2a: Sinistcha\n|-supereffective|p2a: Sinistcha\n|-damage|p2a: Sinistcha|22\/100\n|move|p1a: Ursaluna|Blood Moon|p2a: Sinistcha\n|-damage|p2a: Sinistcha|0 fnt\n|faint|p2a: Sinistcha\n|\n|win|Katatatat_\n|raw|Katatatat_'s rating: 1158 &rarr; <strong>1181<\/strong><br \/>(+23 for winning)\n|raw|djskkdld's rating: 1130 &rarr; <strong>1107<\/strong><br \/>(-23 for losing)\n|l|\u2606djskkdld\n","uploadtime":1700062656,"views":21,"p1id":"katatatat","p2id":"djskkdld","formatid":"gen9vgc2023regulatione","rating":1107,"private":0,"password":""}