{"id":"gen9vgc2023regulatione-2000621881","p1":"CooledOregon","p2":"chef4444","format":"[Gen 9] VGC 2023 Regulation E","log":"|j|\u2606CooledOregon\n|j|\u2606chef4444\n|t:|1701211454\n|gametype|doubles\n|player|p1|CooledOregon|101|1135\n|player|p2|chef4444|psychic-gen4|1140\n|teamsize|p1|5\n|teamsize|p2|6\n|gen|9\n|tier|[Gen 9] VGC 2023 Regulation E\n|rated|\n|rule|Species Clause: Limit one of each Pok\u00e9mon\n|rule|Item Clause: Limit one of each item\n|clearpoke\n|poke|p1|Landorus-Therian, L50, M|\n|poke|p1|Goodra-Hisui, L50, F|\n|poke|p1|Zoroark-Hisui, L50, M|\n|poke|p1|Ditto, L50|\n|poke|p1|Clefairy, L50, M|\n|poke|p2|Meowscarada, L50, M|\n|poke|p2|Tornadus, L50, M|\n|poke|p2|Chien-Pao, L50|\n|poke|p2|Landorus-Therian, L50, M|\n|poke|p2|Goodra-Hisui, L50, F|\n|poke|p2|Cinderace, L50, M|\n|teampreview|4\n|inactive|Battle timer is ON: inactive players will automatically lose when time's up. (requested by CooledOregon)\n|inactive|CooledOregon has 60 seconds left.\n|\n|t:|1701211506\n|start\n|switch|p1a: Landorus|Landorus-Therian, L50, M|100\/100\n|switch|p1b: Clefairy|Clefairy, L50, M|100\/100\n|switch|p2a: Meowscarada|Meowscarada, L50, M, shiny|100\/100\n|switch|p2b: Tornadus|Tornadus, L50, M|100\/100\n|-ability|p1a: Landorus|Intimidate|boost\n|-unboost|p2a: Meowscarada|atk|1\n|-unboost|p2b: Tornadus|atk|1\n|turn|1\n|\n|t:|1701211521\n|switch|p1a: Mongolfiera|Goodra-Hisui, L50, F|100\/100\n|-terastallize|p2a: Meowscarada|Grass\n|move|p2b: Tornadus|Tailwind|p2b: Tornadus\n|-sidestart|p2: chef4444|move: Tailwind\n|move|p2a: Meowscarada|Flower Trick|p1a: Mongolfiera\n|-ability|p1a: Mongolfiera|Sap Sipper|boost\n|-boost|p1a: Mongolfiera|atk|1\n|move|p1b: Clefairy|Moonblast|p2a: Meowscarada\n|-damage|p2a: Meowscarada|69\/100\n|-unboost|p2a: Meowscarada|spa|1\n|\n|upkeep\n|turn|2\n|inactive|CooledOregon has 30 seconds left.\n|\n|t:|1701211553\n|move|p1b: Clefairy|Follow Me|p1b: Clefairy\n|-singleturn|p1b: Clefairy|move: Follow Me\n|move|p2b: Tornadus|Taunt|p1b: Clefairy\n|-start|p1b: Clefairy|move: Taunt\n|move|p2a: Meowscarada|Flower Trick|p1b: Clefairy\n|-crit|p1b: Clefairy\n|-damage|p1b: Clefairy|3\/100\n|move|p1a: Mongolfiera|Draco Meteor|p2a: Meowscarada|[miss]\n|-miss|p1a: Mongolfiera|p2a: Meowscarada\n|\n|upkeep\n|turn|3\n|\n|t:|1701211578\n|switch|p2b: Chien-Pao|Chien-Pao, L50|100\/100\n|-ability|p2b: Chien-Pao|Sword of Ruin\n|switch|p1b: Ditto|Ditto, L50|100\/100\n|-transform|p1b: Ditto|p2a: Meowscarada|[from] ability: Imposter\n|move|p2a: Meowscarada|Flower Trick|p1b: Ditto\n|-resisted|p1b: Ditto\n|-crit|p1b: Ditto\n|-damage|p1b: Ditto|5\/100\n|move|p1a: Mongolfiera|Draco Meteor|p2a: Meowscarada\n|-damage|p2a: Meowscarada|0 fnt\n|-unboost|p1a: Mongolfiera|spa|2\n|faint|p2a: Meowscarada\n|\n|upkeep\n|\n|t:|1701211599\n|switch|p2a: Cinderace|Cinderace, L50, M|100\/100\n|-start|p1b: Ditto|typechange|Grass\/Dark|[silent]\n|turn|4\n|\n|t:|1701211610\n|switch|p1b: Landorus|Landorus-Therian, L50, M|100\/100\n|-ability|p1b: Landorus|Intimidate|boost\n|-unboost|p2a: Cinderace|atk|1\n|-unboost|p2b: Chien-Pao|atk|1\n|-terastallize|p1a: Mongolfiera|Fairy\n|move|p2b: Chien-Pao|Sucker Punch||[still]\n|-fail|p2b: Chien-Pao\n|move|p2a: Cinderace|Pyro Ball|p1a: Mongolfiera\n|-damage|p1a: Mongolfiera|43\/100\n|-damage|p2a: Cinderace|91\/100|[from] item: Life Orb\n|move|p1a: Mongolfiera|Flash Cannon|p2b: Chien-Pao\n|-supereffective|p2b: Chien-Pao\n|-damage|p2b: Chien-Pao|30\/100\n|\n|-sideend|p2: chef4444|move: Tailwind\n|upkeep\n|turn|5\n|\n|t:|1701211632\n|switch|p1b: Clefairy|Clefairy, L50, M|3\/100\n|move|p2b: Chien-Pao|Icicle Crash|p1b: Clefairy\n|-damage|p1b: Clefairy|0 fnt\n|faint|p1b: Clefairy\n|move|p2a: Cinderace|Iron Head|p1a: Mongolfiera\n|-start|p2a: Cinderace|typechange|Steel|[from] ability: Libero\n|-supereffective|p1a: Mongolfiera\n|-damage|p1a: Mongolfiera|0 fnt\n|faint|p1a: Mongolfiera\n|-damage|p2a: Cinderace|81\/100|[from] item: Life Orb\n|\n|upkeep\n|\n|t:|1701211644\n|switch|p1a: Landorus|Landorus-Therian, L50, M|100\/100\n|switch|p1b: Ditto|Ditto, L50|5\/100\n|-transform|p1b: Ditto|p2a: Cinderace|[from] ability: Imposter\n|-ability|p1a: Landorus|Intimidate|boost\n|-unboost|p2a: Cinderace|atk|1\n|-unboost|p2b: Chien-Pao|atk|1\n|turn|6\n|\n|t:|1701211669\n|move|p1b: Ditto|Pyro Ball|p2a: Cinderace|[miss]\n|-start|p1b: Ditto|typechange|Fire|[from] ability: Libero\n|-miss|p1b: Ditto|p2a: Cinderace\n|move|p2b: Chien-Pao|Icicle Crash|p1a: Landorus\n|-supereffective|p1a: Landorus\n|-damage|p1a: Landorus|9\/100\n|move|p2a: Cinderace|U-turn|p1b: Ditto\n|-resisted|p1b: Ditto\n|-damage|p1b: Ditto|0 fnt\n|faint|p1b: Ditto\n|-damage|p2a: Cinderace|71\/100|[from] item: Life Orb\n|\n|t:|1701211680\n|switch|p2a: Tornadus|Tornadus, L50, M|100\/100|[from] U-turn\n|cant|p1a: Landorus|flinch\n|\n|upkeep\n|turn|7\n|\n|t:|1701211693\n|move|p2b: Chien-Pao|Sucker Punch|p1a: Landorus\n|-crit|p1a: Landorus\n|-damage|p1a: Landorus|0 fnt\n|faint|p1a: Landorus\n|\n|win|chef4444\n|raw|CooledOregon's rating: 1135 &rarr; <strong>1110<\/strong><br \/>(-25 for losing)\n|raw|chef4444's rating: 1140 &rarr; <strong>1165<\/strong><br \/>(+25 for winning)\n|l|\u2606chef4444\n","uploadtime":1701211701,"views":1,"p1id":"cooledoregon","p2id":"chef4444","formatid":"gen9vgc2023regulatione","rating":1110,"private":0,"password":""}