{"id":"gen9vgc2023regulatione-1999722874","p1":"s150004","p2":"JohnMenard3511","format":"[Gen 9] VGC 2023 Regulation E","log":"|j|\u2606s150004\n|j|\u2606JohnMenard3511\n|t:|1701110976\n|gametype|doubles\n|player|p1|s150004|102|1538\n|player|p2|JohnMenard3511|drayden|1570\n|teamsize|p1|6\n|teamsize|p2|6\n|gen|9\n|tier|[Gen 9] VGC 2023 Regulation E\n|rated|\n|rule|Species Clause: Limit one of each Pok\u00e9mon\n|rule|Item Clause: Limit one of each item\n|clearpoke\n|poke|p1|Weezing, L50, F|\n|poke|p1|Flutter Mane, L50|\n|poke|p1|Roaring Moon, L50|\n|poke|p1|Empoleon, L50, F|\n|poke|p1|Landorus-Therian, L50, M|\n|poke|p1|Iron Hands, L50|\n|poke|p2|Tornadus, L50, M|\n|poke|p2|Gholdengo, L50|\n|poke|p2|Urshifu-*, L50, M|\n|poke|p2|Arcanine-Hisui, L50, F|\n|poke|p2|Regieleki, L50|\n|poke|p2|Regidrago, L50|\n|teampreview|4\n|\n|t:|1701111001\n|start\n|switch|p1a: Flutter Mane|Flutter Mane, L50|100\/100\n|switch|p1b: Landorus|Landorus-Therian, L50, M|100\/100\n|switch|p2a: Regidrago|Regidrago, L50|100\/100\n|switch|p2b: Tornadus|Tornadus, L50, M|100\/100\n|-ability|p1b: Landorus|Intimidate|boost\n|-unboost|p2a: Regidrago|atk|1\n|-unboost|p2b: Tornadus|atk|1\n|turn|1\n|\n|t:|1701111054\n|switch|p1b: Weezing|Weezing, L50, F|100\/100\n|-ability|p1b: Weezing|Neutralizing Gas\n|-terastallize|p2a: Regidrago|Poison\n|move|p1a: Flutter Mane|Thunderbolt|p2b: Tornadus\n|-supereffective|p2b: Tornadus\n|-damage|p2b: Tornadus|0 fnt\n|faint|p2b: Tornadus\n|move|p2a: Regidrago|Draco Meteor|p1b: Weezing\n|-damage|p1b: Weezing|19\/100\n|-unboost|p2a: Regidrago|spa|2\n|\n|-heal|p1b: Weezing|24\/100|[from] item: Black Sludge\n|upkeep\n|\n|t:|1701111057\n|switch|p2b: Gholdengo|Gholdengo, L50|100\/100\n|turn|2\n|\n|t:|1701111088\n|-end|p1a: Flutter Mane|Protosynthesis|[silent]\n|switch|p1a: Iron Hands|Iron Hands, L50|100\/100\n|switch|p2a: Urshifu|Urshifu-Rapid-Strike, L50, M|100\/100\n|move|p1b: Weezing|Protect|p1b: Weezing\n|-singleturn|p1b: Weezing|Protect\n|move|p2b: Gholdengo|Make It Rain|p1a: Iron Hands|[spread] p1a\n|-activate|p1b: Weezing|move: Protect\n|-resisted|p1a: Iron Hands\n|-damage|p1a: Iron Hands|90\/100\n|-unboost|p2b: Gholdengo|spa|1\n|\n|-heal|p1b: Weezing|30\/100|[from] item: Black Sludge\n|upkeep\n|turn|3\n|\n|t:|1701111124\n|move|p2a: Urshifu|Detect|p2a: Urshifu\n|-singleturn|p2a: Urshifu|Protect\n|move|p2b: Gholdengo|Nasty Plot|p2b: Gholdengo\n|-boost|p2b: Gholdengo|spa|2\n|move|p1b: Weezing|Pain Split|p2b: Gholdengo\n|-sethp|p2b: Gholdengo|64\/100|[from] move: Pain Split|[silent]\n|-sethp|p1b: Weezing|69\/100|[from] move: Pain Split\n|move|p1a: Iron Hands|Wild Charge|p2a: Urshifu\n|-activate|p2a: Urshifu|move: Protect\n|\n|-heal|p2b: Gholdengo|70\/100|[from] item: Leftovers\n|-heal|p1b: Weezing|74\/100|[from] item: Black Sludge\n|upkeep\n|turn|4\n|\n|t:|1701111143\n|move|p2b: Gholdengo|Shadow Ball|p1a: Iron Hands\n|-damage|p1a: Iron Hands|61\/100\n|move|p2a: Urshifu|Surging Strikes|p1a: Iron Hands\n|-crit|p1a: Iron Hands\n|-damage|p1a: Iron Hands|42\/100\n|-crit|p1a: Iron Hands\n|-damage|p1a: Iron Hands|25\/100\n|-crit|p1a: Iron Hands\n|-damage|p1a: Iron Hands|7\/100\n|-hitcount|p1a: Iron Hands|3\n|move|p1b: Weezing|Will-O-Wisp|p2a: Urshifu\n|-status|p2a: Urshifu|brn\n|move|p1a: Iron Hands|Wild Charge|p2b: Gholdengo\n|-damage|p2b: Gholdengo|19\/100\n|-damage|p1a: Iron Hands|0 fnt|[from] Recoil\n|faint|p1a: Iron Hands\n|-end|p1a: Iron Hands|Quark Drive|[silent]\n|\n|-heal|p2b: Gholdengo|25\/100|[from] item: Leftovers\n|-heal|p1b: Weezing|80\/100|[from] item: Black Sludge\n|-damage|p2a: Urshifu|95\/100 brn|[from] brn\n|upkeep\n|\n|t:|1701111157\n|switch|p1a: Flutter Mane|Flutter Mane, L50|100\/100\n|turn|5\n|\n|t:|1701111191\n|move|p2b: Gholdengo|Protect|p2b: Gholdengo\n|-singleturn|p2b: Gholdengo|Protect\n|move|p2a: Urshifu|Detect|p2a: Urshifu\n|-singleturn|p2a: Urshifu|Protect\n|move|p1a: Flutter Mane|Shadow Ball|p2b: Gholdengo\n|-activate|p2b: Gholdengo|move: Protect\n|move|p1b: Weezing|Gunk Shot|p2a: Urshifu\n|-activate|p2a: Urshifu|move: Protect\n|\n|-heal|p2b: Gholdengo|31\/100|[from] item: Leftovers\n|-heal|p1b: Weezing|86\/100|[from] item: Black Sludge\n|-damage|p2a: Urshifu|89\/100 brn|[from] brn\n|upkeep\n|turn|6\n|\n|t:|1701111226\n|switch|p2b: Regidrago|Regidrago, L50, tera:Poison|100\/100\n|move|p1a: Flutter Mane|Shadow Ball|p2b: Regidrago\n|-damage|p2b: Regidrago|32\/100\n|move|p2a: Urshifu|Surging Strikes|p1a: Flutter Mane\n|-crit|p1a: Flutter Mane\n|-damage|p1a: Flutter Mane|75\/100\n|-crit|p1a: Flutter Mane\n|-damage|p1a: Flutter Mane|52\/100\n|-crit|p1a: Flutter Mane\n|-damage|p1a: Flutter Mane|27\/100\n|-hitcount|p1a: Flutter Mane|3\n|move|p1b: Weezing|Gunk Shot|p2a: Urshifu\n|-damage|p2a: Urshifu|54\/100 brn\n|\n|-heal|p1b: Weezing|92\/100|[from] item: Black Sludge\n|-damage|p2a: Urshifu|48\/100 brn|[from] brn\n|upkeep\n|turn|7\n|j| Asacado\n|\n|t:|1701111253\n|move|p2a: Urshifu|Aqua Jet|p1a: Flutter Mane\n|-damage|p1a: Flutter Mane|2\/100\n|move|p1a: Flutter Mane|Shadow Ball|p2a: Urshifu\n|-damage|p2a: Urshifu|0 fnt\n|faint|p2a: Urshifu\n|move|p2b: Regidrago|Earth Power|p1b: Weezing\n|-supereffective|p1b: Weezing\n|-damage|p1b: Weezing|35\/100\n|-unboost|p1b: Weezing|spd|1\n|move|p1b: Weezing|Gunk Shot|p2b: Regidrago\n|-resisted|p2b: Regidrago\n|-crit|p2b: Regidrago\n|-damage|p2b: Regidrago|3\/100\n|\n|-heal|p1b: Weezing|41\/100|[from] item: Black Sludge\n|upkeep\n|\n|t:|1701111259\n|switch|p2a: Gholdengo|Gholdengo, L50|31\/100\n|turn|8\n|\n|t:|1701111272\n|move|p2b: Regidrago|Protect|p2b: Regidrago\n|-singleturn|p2b: Regidrago|Protect\n|move|p1a: Flutter Mane|Shadow Ball|p2b: Regidrago\n|-activate|p2b: Regidrago|move: Protect\n|move|p2a: Gholdengo|Make It Rain|p1b: Weezing|[spread] p1a,p1b\n|-supereffective|p1a: Flutter Mane\n|-damage|p1a: Flutter Mane|0 fnt\n|-damage|p1b: Weezing|0 fnt\n|-unboost|p2a: Gholdengo|spa|1\n|faint|p1a: Flutter Mane\n|-end|p1a: Flutter Mane|Protosynthesis|[silent]\n|faint|p1b: Weezing\n|-end|p1b: Weezing|ability: Neutralizing Gas\n|\n|-heal|p2a: Gholdengo|37\/100|[from] item: Leftovers\n|upkeep\n|\n|t:|1701111282\n|switch|p1b: Landorus|Landorus-Therian, L50, M|100\/100\n|-ability|p1b: Landorus|Intimidate|boost\n|-unboost|p2a: Gholdengo|atk|1\n|-unboost|p2b: Regidrago|atk|1\n|turn|9\n|\n|t:|1701111296\n|move|p2b: Regidrago|Protect||[still]\n|-fail|p2b: Regidrago\n|move|p1b: Landorus|Stomping Tantrum|p2b: Regidrago\n|-supereffective|p2b: Regidrago\n|-damage|p2b: Regidrago|0 fnt\n|faint|p2b: Regidrago\n|move|p2a: Gholdengo|Nasty Plot|p2a: Gholdengo\n|-boost|p2a: Gholdengo|spa|2\n|\n|-heal|p2a: Gholdengo|43\/100|[from] item: Leftovers\n|upkeep\n|turn|10\n|\n|t:|1701111305\n|move|p2a: Gholdengo|Protect|p2a: Gholdengo\n|-singleturn|p2a: Gholdengo|Protect\n|move|p1b: Landorus|Stomping Tantrum|p2a: Gholdengo\n|-activate|p2a: Gholdengo|move: Protect\n|\n|-heal|p2a: Gholdengo|49\/100|[from] item: Leftovers\n|upkeep\n|turn|11\n|\n|t:|1701111312\n|move|p1b: Landorus|Stomping Tantrum|p2a: Gholdengo\n|-supereffective|p2a: Gholdengo\n|-damage|p2a: Gholdengo|0 fnt\n|faint|p2a: Gholdengo\n|\n|win|s150004\n|raw|s150004's rating: 1538 &rarr; <strong>1560<\/strong><br \/>(+22 for winning)\n|raw|JohnMenard3511's rating: 1570 &rarr; <strong>1548<\/strong><br \/>(-22 for losing)\n|l|\u2606JohnMenard3511\n|c|\u2606s150004|gg\n|l|\u2606s150004\n","uploadtime":1701111378,"views":4,"p1id":"s150004","p2id":"johnmenard3511","formatid":"gen9vgc2023regulatione","rating":1548,"private":0,"password":""}