{"id":"gen9vgc2023regulatione-1995799327","p1":"Jbenn","p2":"mythikz","format":"[Gen 9] VGC 2023 Regulation E","log":"|j|\u2606Jbenn\n|j|\u2606mythikz\n|n|\u2606Jbenn|jbenn\n|n|\u2606mythikz|mythikz\n|html|View the match progress at <a href=\"\/game-bestof3-gen9vgc2023regulatione-1995799326\">game-bestof3-gen9vgc2023regulatione-1995799326<\/a>\n|t:|1700604297\n|gametype|doubles\n|player|p1|Jbenn|266|\n|player|p2|mythikz|n|\n|teamsize|p1|6\n|teamsize|p2|6\n|gen|9\n|tier|[Gen 9] VGC 2023 Regulation E\n|rated|Tournament battle\n|rule|Species Clause: Limit one of each Pok\u00e9mon\n|rule|Item Clause: Limit one of each item\n|clearpoke\n|poke|p1|Thundurus, L50, M|\n|poke|p1|Farigiraf, L50, M|\n|poke|p1|Torkoal, L50, M|\n|poke|p1|Kingambit, L50, M|\n|poke|p1|Flutter Mane, L50|\n|poke|p1|Landorus-Therian, L50, M|\n|poke|p2|Baxcalibur, L50, F|\n|poke|p2|Ogerpon, L50, F|\n|poke|p2|Iron Hands, L50|\n|poke|p2|Ninetales-Alola, L50, F|\n|poke|p2|Gyarados, L50, F|\n|poke|p2|Heatran, L50, F|\n|teampreview|4\n|showteam|p1|Thundurus||ExpertBelt|Prankster|Protect,Thunderbolt,ElectricTerrain,RainDance|||M|||50|,,,,,Water]Farigiraf||SitrusBerry|ArmorTail|TrickRoom,Psychic,DazzlingGleam,NastyPlot|||M|||50|,,,,,Fairy]Torkoal||EjectPack|Drought|Protect,Overheat,EarthPower,HelpingHand|||M|||50|,,,,,Flying]Kingambit||AssaultVest|Defiant|LowKick,Assurance,SuckerPunch,TeraBlast|||M|||50|,,,,,Fire]Flutter Mane||BoosterEnergy|Protosynthesis|Protect,Moonblast,DazzlingGleam,ShadowBall||||||50|,,,,,Fairy]Landorus-Therian||ChoiceScarf|Intimidate|RockSlide,Earthquake,StompingTantrum,Uturn|||M|||50|,,,,,Fire\n|showteam|p2|Baxcalibur||LoadedDice|ThermalExchange|Protect,ScaleShot,SwordsDance,IcicleSpear|||F|||50|,,,,,Water]Ogerpon||LifeOrb|Defiant|SpikyShield,Uturn,StompingTantrum,IvyCudgel|||F|||50|,,,,,Grass]Iron Hands||AssaultVest|QuarkDrive|FakeOut,HeavySlam,DrainPunch,WildCharge||||||50|,,,,,Grass]Ninetales-Alola||LightClay|SnowWarning|AuroraVeil,Protect,Moonblast,FreezeDry|||F|||50|,,,,,Water]Gyarados||SitrusBerry|Intimidate|Protect,TeraBlast,Taunt,Waterfall|||F|||50|,,,,,Ground]Heatran||Leftovers|FlashFire|LavaPlume,Protect,FlashCannon,MagmaStorm|||F|||50|,,,,,Fairy\n|\n|t:|1700604356\n|start\n|switch|p1a: Landorus|Landorus-Therian, L50, M|100\/100\n|switch|p1b: Kingambit|Kingambit, L50, M|100\/100\n|switch|p2a: Ninetales|Ninetales-Alola, L50, F|100\/100\n|switch|p2b: Ogerpon|Ogerpon, L50, F|100\/100\n|-ability|p1a: Landorus|Intimidate|boost\n|-unboost|p2a: Ninetales|atk|1\n|-unboost|p2b: Ogerpon|atk|1\n|-ability|p2b: Ogerpon|Defiant|boost\n|-boost|p2b: Ogerpon|atk|2\n|-weather|Snow|[from] ability: Snow Warning|[of] p2a: Ninetales\n|turn|1\n|j| OHVO\n|l| OHVO\n|\n|t:|1700604422\n|switch|p2b: Heatran|Heatran, L50, F|100\/100\n|-terastallize|p1b: Kingambit|Fire\n|move|p1a: Landorus|U-turn|p2a: Ninetales\n|-resisted|p2a: Ninetales\n|-damage|p2a: Ninetales|88\/100\n|\n|t:|1700604432\n|switch|p1a: Torkoal|Torkoal, L50, M|100\/100|[from] U-turn\n|-weather|SunnyDay|[from] ability: Drought|[of] p1a: Torkoal\n|move|p2a: Ninetales|Aurora Veil||[still]\n|-fail|p2a: Ninetales\n|move|p1b: Kingambit|Tera Blast|p2b: Heatran|[anim] Tera Blast Fire\n|-start|p2b: Heatran|ability: Flash Fire\n|\n|-weather|SunnyDay|[upkeep]\n|upkeep\n|turn|2\n|inactive|Battle timer is ON: inactive players will automatically lose when time's up. (requested by Jbenn)\n|inactive|mythikz has 60 seconds left.\n|\n|t:|1700604508\n|-terastallize|p2b: Heatran|Fairy\n|move|p1a: Torkoal|Protect|p1a: Torkoal\n|-singleturn|p1a: Torkoal|Protect\n|move|p2a: Ninetales|Freeze-Dry|p1a: Torkoal\n|-activate|p1a: Torkoal|move: Protect\n|move|p2b: Heatran|Magma Storm|p1b: Kingambit|[miss]\n|-miss|p2b: Heatran|p1b: Kingambit\n|move|p1b: Kingambit|Low Kick|p2b: Heatran\n|-resisted|p2b: Heatran\n|-crit|p2b: Heatran\n|-damage|p2b: Heatran|69\/100\n|\n|-weather|SunnyDay|[upkeep]\n|-heal|p2b: Heatran|75\/100|[from] item: Leftovers\n|upkeep\n|turn|3\n|inactive|mythikz has 30 seconds left.\n|c|\u2606mythikz|if magma storm misses one more time i might lose it\n|inactive|mythikz has 20 seconds left.\n|inactive|mythikz has 15 seconds left.\n|\n|t:|1700604550\n|move|p2a: Ninetales|Freeze-Dry|p1a: Torkoal\n|-resisted|p1a: Torkoal\n|-damage|p1a: Torkoal|87\/100\n|move|p2b: Heatran|Magma Storm|p1b: Kingambit\n|-resisted|p1b: Kingambit\n|-damage|p1b: Kingambit|58\/100\n|-activate|p1b: Kingambit|move: Magma Storm|[of] p2b: Heatran\n|move|p1b: Kingambit|Low Kick|p2b: Heatran\n|-resisted|p2b: Heatran\n|-damage|p2b: Heatran|53\/100\n|move|p1a: Torkoal|Overheat|p2a: Ninetales\n|-supereffective|p2a: Ninetales\n|-damage|p2a: Ninetales|0 fnt\n|-unboost|p1a: Torkoal|spa|2\n|-enditem|p1a: Torkoal|Eject Pack\n|faint|p2a: Ninetales\n|\n|t:|1700604563\n|switch|p1a: Flutter Mane|Flutter Mane, L50|100\/100\n|-activate|p1a: Flutter Mane|ability: Protosynthesis\n|-start|p1a: Flutter Mane|protosynthesisspa\n|\n|-weather|SunnyDay|[upkeep]\n|-heal|p2b: Heatran|59\/100|[from] item: Leftovers\n|-damage|p1b: Kingambit|46\/100|[from] move: Magma Storm|[partiallytrapped]\n|upkeep\n|\n|t:|1700604575\n|switch|p2a: Ogerpon|Ogerpon, L50, F|100\/100\n|turn|4\n|\n|t:|1700604599\n|move|p2a: Ogerpon|Spiky Shield|p2a: Ogerpon\n|-singleturn|p2a: Ogerpon|move: Protect\n|move|p1b: Kingambit|Sucker Punch|p2b: Heatran\n|-resisted|p2b: Heatran\n|-damage|p2b: Heatran|42\/100\n|move|p1a: Flutter Mane|Moonblast|p2b: Heatran\n|-damage|p2b: Heatran|0 fnt\n|faint|p2b: Heatran\n|\n|-weather|SunnyDay|[upkeep]\n|-end|p1b: Kingambit|Magma Storm|[partiallytrapped]|[silent]\n|upkeep\n|\n|t:|1700604610\n|switch|p2b: Gyarados|Gyarados, L50, F|100\/100\n|-ability|p2b: Gyarados|Intimidate|boost\n|-unboost|p1a: Flutter Mane|atk|1\n|-unboost|p1b: Kingambit|atk|1\n|-ability|p1b: Kingambit|Defiant|boost\n|-boost|p1b: Kingambit|atk|2\n|turn|5\n|\n|t:|1700604630\n|move|p1b: Kingambit|Sucker Punch|p2a: Ogerpon\n|-damage|p2a: Ogerpon|20\/100\n|move|p2a: Ogerpon|Ivy Cudgel|p1a: Flutter Mane\n|-damage|p1a: Flutter Mane|0 fnt\n|faint|p1a: Flutter Mane\n|-end|p1a: Flutter Mane|Protosynthesis|[silent]\n|-damage|p2a: Ogerpon|10\/100|[from] item: Life Orb\n|move|p2b: Gyarados|Waterfall|p1b: Kingambit\n|-supereffective|p1b: Kingambit\n|-damage|p1b: Kingambit|23\/100\n|\n|-weather|none\n|upkeep\n|\n|t:|1700604642\n|switch|p1a: Landorus|Landorus-Therian, L50, M|100\/100\n|-ability|p1a: Landorus|Intimidate|boost\n|-unboost|p2a: Ogerpon|atk|1\n|-ability|p2a: Ogerpon|Defiant|boost\n|-boost|p2a: Ogerpon|atk|2\n|-unboost|p2b: Gyarados|atk|1\n|turn|6\n|\n|t:|1700604657\n|move|p2a: Ogerpon|Spiky Shield|p2a: Ogerpon\n|-singleturn|p2a: Ogerpon|move: Protect\n|move|p1b: Kingambit|Sucker Punch|p2b: Gyarados\n|-damage|p2b: Gyarados|39\/100\n|-enditem|p2b: Gyarados|Sitrus Berry|[eat]\n|-heal|p2b: Gyarados|64\/100|[from] item: Sitrus Berry\n|move|p1a: Landorus|Rock Slide|p2b: Gyarados|[spread] p2b\n|-activate|p2a: Ogerpon|move: Protect\n|-supereffective|p2b: Gyarados\n|-damage|p2b: Gyarados|23\/100\n|move|p2b: Gyarados|Waterfall|p1b: Kingambit\n|-supereffective|p1b: Kingambit\n|-damage|p1b: Kingambit|0 fnt\n|faint|p1b: Kingambit\n|\n|upkeep\n|\n|t:|1700604672\n|switch|p1b: Torkoal|Torkoal, L50, M|87\/100\n|-weather|SunnyDay|[from] ability: Drought|[of] p1b: Torkoal\n|turn|7\n|\n|t:|1700604680\n|move|p1a: Landorus|Rock Slide|p2a: Ogerpon|[spread] p2a,p2b\n|-crit|p2a: Ogerpon\n|-supereffective|p2b: Gyarados\n|-damage|p2a: Ogerpon|0 fnt\n|-damage|p2b: Gyarados|0 fnt\n|faint|p2a: Ogerpon\n|faint|p2b: Gyarados\n|\n|win|Jbenn\n|c|&|\/uhtml prompt-mythikz,mythikz is ready for game 2!\n|inactive|Jbenn has 50 seconds to confirm battle start!\n|c|&|\/uhtml prompt-mythikz,mythikz is ready for game 2!\n|c|&|\/uhtml prompt-mythikz,mythikz is ready for game 2!\n|c|&|\/uhtml prompt-jbenn,Jbenn is ready for game 2!\nBoth players are ready! Starting next match!\n|j| StonerSomeone\n|l| StonerSomeone\n|l|\u2606mythikz\n","uploadtime":1700605441,"views":4,"p1id":"jbenn","p2id":"mythikz","formatid":"gen9vgc2023regulatione","rating":0,"private":0,"password":""}