{"id":"gen9vgc2023regulatione-1993579791","p1":"Joshsensei","p2":"EdoEC","format":"[Gen 9] VGC 2023 Regulation E","log":"|j|\u2606Joshsensei\n|j|\u2606EdoEC\n|t:|1700333927\n|gametype|doubles\n|player|p1|Joshsensei|102|1411\n|player|p2|EdoEC|janine|1317\n|teamsize|p1|6\n|teamsize|p2|6\n|gen|9\n|tier|[Gen 9] VGC 2023 Regulation E\n|rated|\n|rule|Species Clause: Limit one of each Pok\u00e9mon\n|rule|Item Clause: Limit one of each item\n|clearpoke\n|poke|p1|Arcanine-Hisui, L50, M|\n|poke|p1|Grimmsnarl, L50, M|\n|poke|p1|Amoonguss, L50, F|\n|poke|p1|Annihilape, L50, M|\n|poke|p1|Goodra-Hisui, L50, F|\n|poke|p1|Maushold-Four, L50|\n|poke|p2|Gholdengo, L50|\n|poke|p2|Amoonguss, L50, F|\n|poke|p2|Iron Hands, L50|\n|poke|p2|Pelipper, L50, M|\n|poke|p2|Salamence, L50, M|\n|poke|p2|Iron Bundle, L50|\n|teampreview|4\n|\n|t:|1700334004\n|start\n|switch|p1a: Arcanine|Arcanine-Hisui, L50, M|100\/100\n|switch|p1b: Grimmsnarl|Grimmsnarl, L50, M|100\/100\n|switch|p2a: OscarSoto|Gholdengo, L50|100\/100\n|switch|p2b: Pelipper|Pelipper, L50, M|100\/100\n|-weather|RainDance|[from] ability: Drizzle|[of] p2b: Pelipper\n|-ability|p1a: Arcanine|Intimidate|boost\n|-unboost|p2a: OscarSoto|atk|1\n|-unboost|p2b: Pelipper|atk|1\n|turn|1\n|\n|t:|1700334025\n|move|p2b: Pelipper|Protect|p2b: Pelipper\n|-singleturn|p2b: Pelipper|Protect\n|move|p1b: Grimmsnarl|Light Screen|p1b: Grimmsnarl\n|-sidestart|p1: Joshsensei|move: Light Screen\n|move|p2a: OscarSoto|Nasty Plot|p2a: OscarSoto\n|-boost|p2a: OscarSoto|spa|2\n|move|p1a: Arcanine|Rock Slide|p2a: OscarSoto|[spread] p2a\n|-activate|p2b: Pelipper|move: Protect\n|-resisted|p2a: OscarSoto\n|-damage|p2a: OscarSoto|86\/100\n|\n|-weather|RainDance|[upkeep]\n|-heal|p2a: OscarSoto|92\/100|[from] item: Leftovers\n|upkeep\n|turn|2\n|\n|t:|1700334042\n|switch|p1a: Goodra|Goodra-Hisui, L50, F|100\/100\n|move|p2b: Pelipper|Wide Guard|p2b: Pelipper\n|-singleturn|p2b: Pelipper|Wide Guard\n|move|p1b: Grimmsnarl|Parting Shot|p2b: Pelipper\n|-unboost|p2b: Pelipper|atk|1\n|-unboost|p2b: Pelipper|spa|1\n|\n|t:|1700334048\n|switch|p1b: Annihilape|Annihilape, L50, M|100\/100|[from] Parting Shot\n|move|p2a: OscarSoto|Nasty Plot|p2a: OscarSoto\n|-boost|p2a: OscarSoto|spa|2\n|\n|-weather|RainDance|[upkeep]\n|-heal|p2a: OscarSoto|98\/100|[from] item: Leftovers\n|upkeep\n|turn|3\n|\n|t:|1700334075\n|switch|p2b: Iron Bundle|Iron Bundle, L50|100\/100\n|-enditem|p2b: Iron Bundle|Booster Energy\n|-activate|p2b: Iron Bundle|ability: Quark Drive|[fromitem]\n|-start|p2b: Iron Bundle|quarkdrivespe\n|-terastallize|p1b: Annihilape|Poison\n|move|p2a: OscarSoto|Shadow Ball|p1b: Annihilape\n|-damage|p1b: Annihilape|28\/100\n|move|p1b: Annihilape|Rage Fist|p2a: OscarSoto\n|-supereffective|p2a: OscarSoto\n|-damage|p2a: OscarSoto|18\/100\n|move|p1a: Goodra|Life Dew||[still]|[spread] p1a,p1b\n|-fail|p1a: Goodra|heal\n|-heal|p1b: Annihilape|53\/100\n|\n|-weather|RainDance|[upkeep]\n|-heal|p2a: OscarSoto|24\/100|[from] item: Leftovers\n|-heal|p1b: Annihilape|59\/100|[from] item: Leftovers\n|upkeep\n|turn|4\n|inactive|Battle timer is ON: inactive players will automatically lose when time's up. (requested by EdoEC)\n|\n|t:|1700334101\n|move|p2a: OscarSoto|Protect|p2a: OscarSoto\n|-singleturn|p2a: OscarSoto|Protect\n|move|p1b: Annihilape|Protect|p1b: Annihilape\n|-singleturn|p1b: Annihilape|Protect\n|move|p2b: Iron Bundle|Freeze-Dry|p1a: Goodra\n|-damage|p1a: Goodra|87\/100\n|-status|p1a: Goodra|frz\n|cant|p1a: Goodra|frz\n|\n|-weather|RainDance|[upkeep]\n|-heal|p2a: OscarSoto|30\/100|[from] item: Leftovers\n|-heal|p1b: Annihilape|65\/100|[from] item: Leftovers\n|upkeep\n|turn|5\n|inactive|EdoEC has 30 seconds left.\n|\n|t:|1700334126\n|-end|p2b: Iron Bundle|Quark Drive|[silent]\n|switch|p2b: Willy|Iron Hands, L50, shiny|100\/100\n|move|p2a: OscarSoto|Make It Rain|p1b: Annihilape|[spread] p1a,p1b\n|-resisted|p1a: Goodra\n|-damage|p1a: Goodra|55\/100 frz\n|-damage|p1b: Annihilape|0 fnt\n|-unboost|p2a: OscarSoto|spa|1\n|faint|p1b: Annihilape\n|cant|p1a: Goodra|frz\n|\n|-weather|none\n|-heal|p2a: OscarSoto|36\/100|[from] item: Leftovers\n|upkeep\n|\n|t:|1700334134\n|switch|p1b: Arcanine|Arcanine-Hisui, L50, M|100\/100\n|-ability|p1b: Arcanine|Intimidate|boost\n|-unboost|p2a: OscarSoto|atk|1\n|-unboost|p2b: Willy|atk|1\n|turn|6\n|\n|t:|1700334153\n|-terastallize|p2a: OscarSoto|Dragon\n|move|p2a: OscarSoto|Make It Rain|p1a: Goodra|[spread] p1a,p1b\n|-resisted|p1a: Goodra\n|-damage|p1a: Goodra|27\/100 frz\n|-damage|p1b: Arcanine|11\/100\n|-unboost|p2a: OscarSoto|spa|1\n|move|p1b: Arcanine|Flare Blitz|p2a: OscarSoto\n|-resisted|p2a: OscarSoto\n|-damage|p2a: OscarSoto|2\/100\n|-damage|p1b: Arcanine|1\/100|[from] Recoil\n|cant|p1a: Goodra|frz\n|move|p2b: Willy|Drain Punch|p1a: Goodra\n|-supereffective|p1a: Goodra\n|-damage|p1a: Goodra|0 fnt\n|faint|p1a: Goodra\n|\n|-heal|p2a: OscarSoto|8\/100|[from] item: Leftovers\n|upkeep\n|\n|t:|1700334167\n|switch|p1a: Grimmsnarl|Grimmsnarl, L50, M|100\/100\n|turn|7\n|\n|t:|1700334177\n|move|p2a: OscarSoto|Protect|p2a: OscarSoto\n|-singleturn|p2a: OscarSoto|Protect\n|move|p1b: Arcanine|Extreme Speed|p2a: OscarSoto\n|-activate|p2a: OscarSoto|move: Protect\n|move|p1a: Grimmsnarl|Reflect|p1a: Grimmsnarl\n|-sidestart|p1: Joshsensei|Reflect\n|move|p2b: Willy|Drain Punch|p1b: Arcanine\n|-supereffective|p1b: Arcanine\n|-damage|p1b: Arcanine|0 fnt\n|faint|p1b: Arcanine\n|\n|-heal|p2a: OscarSoto|14\/100|[from] item: Leftovers\n|upkeep\n|turn|8\n|-message|Joshsensei forfeited.\n|\n|win|EdoEC\n|raw|Joshsensei's rating: 1411 &rarr; <strong>1386<\/strong><br \/>(-25 for losing)\n|raw|EdoEC's rating: 1317 &rarr; <strong>1342<\/strong><br \/>(+25 for winning)\n|l|\u2606Joshsensei\n","uploadtime":1700334199,"views":7,"p1id":"joshsensei","p2id":"edoec","formatid":"gen9vgc2023regulatione","rating":1342,"private":0,"password":""}