{"id":"gen9vgc2023regulatione-1993235276","p1":"JLFalcon","p2":"kidturtle","format":"[Gen 9] VGC 2023 Regulation E","log":"|j|\u2606JLFalcon\n|j|\u2606kidturtle\n|t:|1700281984\n|gametype|doubles\n|player|p1|JLFalcon|brycen|\n|player|p2|kidturtle|hoopster|\n|teamsize|p1|6\n|teamsize|p2|6\n|gen|9\n|tier|[Gen 9] VGC 2023 Regulation E\n|rated|Tournament battle\n|rule|Species Clause: Limit one of each Pok\u00e9mon\n|rule|Item Clause: Limit one of each item\n|clearpoke\n|poke|p1|Chien-Pao, L50|\n|poke|p1|Arcanine-Hisui, L50, M|\n|poke|p1|Urshifu-*, L50, F|\n|poke|p1|Rillaboom, L50, M|\n|poke|p1|Tornadus, L50, M|\n|poke|p1|Flutter Mane, L50|\n|poke|p2|Ursaluna, L50, M|\n|poke|p2|Cresselia, L50, F|\n|poke|p2|Flutter Mane, L50|\n|poke|p2|Chi-Yu, L50|\n|poke|p2|Iron Hands, L50|\n|poke|p2|Urshifu-*, L50, M|\n|teampreview|4\n|showteam|p1|Chien-Pao||FocusSash|SwordofRuin|SuckerPunch,IcicleCrash,SacredSword,Protect||||||50|,,,,,Ghost]Arcanine-Hisui||ChoiceBand|Intimidate|FlareBlitz,HeadSmash,RockSlide,ExtremeSpeed|||M|||50|,,,,,Normal]Urshifu-Rapid-Strike||MysticWater|UnseenFist|SurgingStrikes,AquaJet,CloseCombat,Protect|||F|||50|,,,,,Water]Rillaboom||AssaultVest|GrassySurge|GrassyGlide,FakeOut,WoodHammer,Uturn|||M|||50|,,,,,Water]Tornadus||RockyHelmet|Prankster|Tailwind,BleakwindStorm,Taunt,RainDance|||M|||50|,,,,,Ghost]Flutter Mane||BoosterEnergy|Protosynthesis|Moonblast,DazzlingGleam,ShadowBall,Protect||||||50|,,,,,Fairy\n|showteam|p2|Ursaluna||FlameOrb|Guts|Facade,Earthquake,SwordsDance,Protect|||M|||50|,,,,,Ghost]Cresselia||MentalHerb|Levitate|IceBeam,AllySwitch,LunarBlessing,TrickRoom|||F|||50|,,,,,Fairy]Flutter Mane||BoosterEnergy|Protosynthesis|IcyWind,ShadowBall,Moonblast,Protect||||||50|,,,,,Fairy]Chi-Yu||ChoiceSpecs|BeadsofRuin|BurningJealousy,DarkPulse,Overheat,Snarl||||||50|,,,,,Ghost]Iron Hands||SitrusBerry|QuarkDrive|DrainPunch,WildCharge,FakeOut,SwordsDance||||||50|,,,,,Fire]Urshifu||FocusSash|UnseenFist|Detect,WickedBlow,CloseCombat,SuckerPunch|||M|||50|,,,,,Dark\n|inactive|Battle timer is ON: inactive players will automatically lose when time's up. (requested by kidturtle)\n|c|\u2606JLFalcon|Glhf\n|j|%Radio Free C-Side\n|c|\u2606kidturtle|thx u 2\n|inactive|JLFalcon has 60 seconds left.\n|\n|t:|1700282041\n|start\n|switch|p1a: Flutter Mane|Flutter Mane, L50|100\/100\n|switch|p1b: Rillaboom|Rillaboom, L50, M|100\/100\n|switch|p2a: Iron Hands|Iron Hands, L50|100\/100\n|switch|p2b: Cresselia|Cresselia, L50, F|100\/100\n|-fieldstart|move: Grassy Terrain|[from] ability: Grassy Surge|[of] p1b: Rillaboom\n|-enditem|p1a: Flutter Mane|Booster Energy\n|-activate|p1a: Flutter Mane|ability: Protosynthesis|[fromitem]\n|-start|p1a: Flutter Mane|protosynthesisspe\n|turn|1\n|j| Lynarto\n|inactive|kidturtle has 30 seconds left.\n|inactive|kidturtle has 20 seconds left.\n|\n|t:|1700282080\n|-terastallize|p1a: Flutter Mane|Fairy\n|-terastallize|p2b: Cresselia|Fairy\n|move|p1b: Rillaboom|Fake Out|p2b: Cresselia\n|-damage|p2b: Cresselia|92\/100\n|move|p2a: Iron Hands|Fake Out|p1a: Flutter Mane\n|-damage|p1a: Flutter Mane|74\/100\n|cant|p1a: Flutter Mane|flinch\n|cant|p2b: Cresselia|flinch\n|\n|-heal|p1a: Flutter Mane|80\/100|[from] Grassy Terrain\n|upkeep\n|turn|2\n|c|%Radio Free C-Side|gaming\n|\n|t:|1700282101\n|move|p1a: Flutter Mane|Moonblast|p2a: Iron Hands\n|-supereffective|p2a: Iron Hands\n|-damage|p2a: Iron Hands|0 fnt\n|faint|p2a: Iron Hands\n|-end|p2a: Iron Hands|Quark Drive|[silent]\n|move|p1b: Rillaboom|Wood Hammer|p2b: Cresselia\n|-damage|p2b: Cresselia|45\/100\n|-damage|p1b: Rillaboom|82\/100|[from] Recoil\n|move|p2b: Cresselia|Trick Room|p2b: Cresselia\n|-fieldstart|move: Trick Room|[of] p2b: Cresselia\n|\n|-heal|p1b: Rillaboom|89\/100|[from] Grassy Terrain\n|-heal|p1a: Flutter Mane|86\/100|[from] Grassy Terrain\n|upkeep\n|\n|t:|1700282108\n|switch|p2a: Ursaluna|Ursaluna, L50, M|100\/100\n|turn|3\n|\n|t:|1700282124\n|move|p1b: Rillaboom|Grassy Glide|p2a: Ursaluna\n|-supereffective|p2a: Ursaluna\n|-damage|p2a: Ursaluna|46\/100\n|move|p2a: Ursaluna|Swords Dance|p2a: Ursaluna\n|-boost|p2a: Ursaluna|atk|2\n|move|p2b: Cresselia|Lunar Blessing|p2b: Cresselia|[spread] p2a,p2b\n|-heal|p2a: Ursaluna|71\/100\n|-heal|p2b: Cresselia|70\/100\n|move|p1a: Flutter Mane|Moonblast|p2b: Cresselia\n|-damage|p2b: Cresselia|32\/100\n|\n|-heal|p2a: Ursaluna|77\/100|[from] Grassy Terrain\n|-heal|p1b: Rillaboom|95\/100|[from] Grassy Terrain\n|-heal|p1a: Flutter Mane|92\/100|[from] Grassy Terrain\n|-status|p2a: Ursaluna|brn|[from] item: Flame Orb\n|upkeep\n|turn|4\n|\n|t:|1700282145\n|-end|p1a: Flutter Mane|Protosynthesis|[silent]\n|switch|p1a: Chien-Pao|Chien-Pao, L50|100\/100\n|-ability|p1a: Chien-Pao|Sword of Ruin\n|move|p2b: Cresselia|Ally Switch|p2b: Cresselia\n|swap|p2b: Cresselia|0|[from] move: Ally Switch\n|move|p1b: Rillaboom|Grassy Glide|p2a: Cresselia\n|-damage|p2a: Cresselia|3\/100\n|move|p2b: Ursaluna|Facade|p1b: Rillaboom\n|-damage|p1b: Rillaboom|0 fnt\n|faint|p1b: Rillaboom\n|\n|-heal|p2b: Ursaluna|83\/100 brn|[from] Grassy Terrain\n|-damage|p2b: Ursaluna|77\/100 brn|[from] brn\n|upkeep\n|\n|t:|1700282155\n|switch|p1b: Urshifu|Urshifu-Rapid-Strike, L50, F|100\/100\n|turn|5\n|\n|t:|1700282176\n|move|p1b: Urshifu|Protect|p1b: Urshifu\n|-singleturn|p1b: Urshifu|Protect\n|move|p2b: Ursaluna|Facade|p1a: Chien-Pao\n|-enditem|p1a: Chien-Pao|Focus Sash\n|-damage|p1a: Chien-Pao|1\/100\n|move|p2a: Cresselia|Ice Beam|p1a: Chien-Pao\n|-resisted|p1a: Chien-Pao\n|-damage|p1a: Chien-Pao|0 fnt\n|faint|p1a: Chien-Pao\n|\n|-heal|p2b: Ursaluna|83\/100 brn|[from] Grassy Terrain\n|-damage|p2b: Ursaluna|77\/100 brn|[from] brn\n|-fieldend|move: Grassy Terrain\n|upkeep\n|\n|t:|1700282182\n|switch|p1a: Flutter Mane|Flutter Mane, L50, tera:Fairy|92\/100\n|turn|6\n|\n|t:|1700282188\n|move|p2b: Ursaluna|Facade|p1b: Urshifu\n|-damage|p1b: Urshifu|0 fnt\n|faint|p1b: Urshifu\n|move|p2a: Cresselia|Lunar Blessing|p2a: Cresselia|[spread] p2a,p2b\n|-heal|p2a: Cresselia|28\/100\n|-heal|p2b: Ursaluna|100\/100 brn\n|-curestatus|p2b: Ursaluna|brn|[msg]\n|move|p1a: Flutter Mane|Dazzling Gleam|p2a: Cresselia|[spread] p2a,p2b\n|-damage|p2a: Cresselia|3\/100\n|-damage|p2b: Ursaluna|62\/100\n|\n|-fieldend|move: Trick Room\n|-status|p2b: Ursaluna|brn|[from] item: Flame Orb\n|upkeep\n|turn|7\n|-message|JLFalcon forfeited.\n|\n|win|kidturtle\n|n|\u2606JLFalcon|jlfalcon\n|n|\u2606kidturtle|kidturtle\n|n| Radio Free C-Side|radiofreecside\n|n| Lynarto|lynarto\n|l|\u2606JLFalcon\n","uploadtime":1700282196,"views":9,"p1id":"jlfalcon","p2id":"kidturtle","formatid":"gen9vgc2023regulatione","rating":0,"private":0,"password":""}