{"id":"gen9vgc2023regulatione-1994817100","p1":"Sour Cigar","p2":"abomo3az","format":"[Gen 9] VGC 2023 Regulation E","log":"|j|\u2606Sour Cigar\n|j|\u2606abomo3az\n|t:|1700495535\n|gametype|doubles\n|player|p1|Sour Cigar|cynthia|1430\n|player|p2|abomo3az|lucas|1404\n|teamsize|p1|6\n|teamsize|p2|6\n|gen|9\n|tier|[Gen 9] VGC 2023 Regulation E\n|rated|\n|rule|Species Clause: Limit one of each Pok\u00e9mon\n|rule|Item Clause: Limit one of each item\n|clearpoke\n|poke|p1|Urshifu-*, L50, F|\n|poke|p1|Gholdengo, L50|\n|poke|p1|Roaring Moon, L50|\n|poke|p1|Amoonguss, L50, F|\n|poke|p1|Iron Hands, L50|\n|poke|p1|Arcanine-Hisui, L50, F|\n|poke|p2|Illumise, L50, F|\n|poke|p2|Enamorus, L50, F|\n|poke|p2|Gyarados, L50, F|\n|poke|p2|Rillaboom, L50, M|\n|poke|p2|Heatran, L50, F|\n|poke|p2|Glimmora, L50, F|\n|teampreview|4\n|inactive|Battle timer is ON: inactive players will automatically lose when time's up. (requested by Sour Cigar)\n|inactive|abomo3az also wants the timer to be on.\nSour Cigar has agreed to open team sheets.\n|inactive|Sour Cigar has 60 seconds left.\n|inactive|abomo3az has 60 seconds left.\n|inactive|Sour Cigar has 30 seconds left.\n|\n|t:|1700495600\n|start\n|switch|p1a: Urshifu|Urshifu-Rapid-Strike, L50, F|100\/100\n|switch|p1b: Brian Hands|Iron Hands, L50, shiny|100\/100\n|switch|p2a: Enamorus|Enamorus, L50, F|100\/100\n|switch|p2b: Illumise|Illumise, L50, F|100\/100\n|turn|1\n|inactive|abomo3az has 30 seconds left.\n|\n|t:|1700495626\n|-terastallize|p2a: Enamorus|Water\n|move|p1b: Brian Hands|Fake Out|p2a: Enamorus\n|-damage|p2a: Enamorus|85\/100\n|move|p2b: Illumise|Charm|p2a: Enamorus\n|-boost|p2a: Enamorus|atk|2\n|move|p1a: Urshifu|Surging Strikes|p2a: Enamorus\n|-resisted|p2a: Enamorus\n|-crit|p2a: Enamorus\n|-damage|p2a: Enamorus|75\/100\n|-resisted|p2a: Enamorus\n|-crit|p2a: Enamorus\n|-damage|p2a: Enamorus|64\/100\n|-resisted|p2a: Enamorus\n|-crit|p2a: Enamorus\n|-damage|p2a: Enamorus|52\/100\n|-hitcount|p2a: Enamorus|3\n|cant|p2a: Enamorus|flinch\n|\n|upkeep\n|turn|2\n|\n|t:|1700495642\n|switch|p1a: Amoonguss|Amoonguss, L50, F, shiny|100\/100\n|move|p2b: Illumise|Encore|p1b: Brian Hands\n|-start|p1b: Brian Hands|Encore\n|move|p2a: Enamorus|Play Rough|p1a: Amoonguss\n|-resisted|p1a: Amoonguss\n|-damage|p1a: Amoonguss|66\/100\n|move|p1b: Brian Hands|Fake Out||[still]\n|-hint|Fake Out only works on your first turn out.\n|-fail|p1b: Brian Hands\n|\n|upkeep\n|turn|3\n|\n|t:|1700495661\n|move|p1b: Brian Hands|Fake Out||[still]\n|-hint|Fake Out only works on your first turn out.\n|-fail|p1b: Brian Hands\n|move|p2b: Illumise|Charm|p2a: Enamorus\n|-boost|p2a: Enamorus|atk|2\n|move|p2a: Enamorus|Zen Headbutt|p1a: Amoonguss\n|-supereffective|p1a: Amoonguss\n|-damage|p1a: Amoonguss|0 fnt\n|faint|p1a: Amoonguss\n|\n|upkeep\n|\n|t:|1700495673\n|switch|p1a: Roaring Moon|Roaring Moon, L50|100\/100\n|-enditem|p1a: Roaring Moon|Booster Energy\n|-activate|p1a: Roaring Moon|ability: Protosynthesis|[fromitem]\n|-start|p1a: Roaring Moon|protosynthesisspe\n|turn|4\n|\n|t:|1700495681\n|-end|p1b: Brian Hands|Quark Drive|[silent]\n|switch|p1b: Urshifu|Urshifu-Rapid-Strike, L50, F|100\/100\n|move|p1a: Roaring Moon|Protect|p1a: Roaring Moon\n|-singleturn|p1a: Roaring Moon|Protect\n|move|p2b: Illumise|Tailwind|p2b: Illumise\n|-sidestart|p2: abomo3az|move: Tailwind\n|move|p2a: Enamorus|Superpower|p1a: Roaring Moon\n|-activate|p1a: Roaring Moon|move: Protect\n|\n|upkeep\n|turn|5\n|\n|t:|1700495700\n|move|p2b: Illumise|Charm|p2a: Enamorus\n|-boost|p2a: Enamorus|atk|2\n|move|p1a: Roaring Moon|Knock Off|p2a: Enamorus\n|-damage|p2a: Enamorus|0 fnt\n|-enditem|p2a: Enamorus|Sitrus Berry|[from] move: Knock Off|[of] p1a: Roaring Moon\n|faint|p2a: Enamorus\n|move|p1b: Urshifu|Close Combat|p2b: Illumise\n|-resisted|p2b: Illumise\n|-damage|p2b: Illumise|69\/100\n|-unboost|p1b: Urshifu|def|1\n|-unboost|p1b: Urshifu|spd|1\n|\n|upkeep\n|\n|t:|1700495711\n|switch|p2a: Rillaboom|Rillaboom, L50, M|100\/100\n|-fieldstart|move: Grassy Terrain|[from] ability: Grassy Surge|[of] p2a: Rillaboom\n|turn|6\n|\n|t:|1700495733\n|switch|p1b: Brian Hands|Iron Hands, L50, shiny|100\/100\n|move|p2b: Illumise|Charm|p1b: Brian Hands\n|-unboost|p1b: Brian Hands|atk|2\n|move|p1a: Roaring Moon|Knock Off|p2a: Rillaboom\n|-damage|p2a: Rillaboom|54\/100\n|-enditem|p2a: Rillaboom|Assault Vest|[from] move: Knock Off|[of] p1a: Roaring Moon\n|move|p2a: Rillaboom|Wood Hammer|p1b: Brian Hands\n|-damage|p1b: Brian Hands|43\/100\n|-damage|p2a: Rillaboom|31\/100|[from] Recoil\n|\n|-heal|p2b: Illumise|75\/100|[from] Grassy Terrain\n|-heal|p2a: Rillaboom|37\/100|[from] Grassy Terrain\n|-heal|p1b: Brian Hands|49\/100|[from] Grassy Terrain\n|upkeep\n|turn|7\n|inactive|abomo3az has 30 seconds left.\n|\n|t:|1700495758\n|switch|p2a: Heatran|Heatran, L50, F|100\/100\n|move|p2b: Illumise|Charm|p1b: Brian Hands\n|-unboost|p1b: Brian Hands|atk|2\n|move|p1a: Roaring Moon|Knock Off|p2b: Illumise\n|-damage|p2b: Illumise|25\/100\n|-enditem|p2b: Illumise|Mental Herb|[from] move: Knock Off|[of] p1a: Roaring Moon\n|move|p1b: Brian Hands|Drain Punch|p2a: Heatran\n|-supereffective|p2a: Heatran\n|-damage|p2a: Heatran|76\/100\n|-heal|p1b: Brian Hands|58\/100|[from] drain|[of] p2a: Heatran\n|\n|-heal|p2b: Illumise|31\/100|[from] Grassy Terrain\n|-heal|p2a: Heatran|82\/100|[from] Grassy Terrain\n|-heal|p1b: Brian Hands|64\/100|[from] Grassy Terrain\n|-sideend|p2: abomo3az|move: Tailwind\n|upkeep\n|turn|8\n|\n|t:|1700495779\n|move|p2b: Illumise|Tailwind|p2b: Illumise\n|-sidestart|p2: abomo3az|move: Tailwind\n|move|p1a: Roaring Moon|Knock Off|p2a: Heatran\n|-damage|p2a: Heatran|44\/100\n|-enditem|p2a: Heatran|Expert Belt|[from] move: Knock Off|[of] p1a: Roaring Moon\n|move|p2a: Heatran|Heat Wave|p1a: Roaring Moon|[spread] p1a,p1b\n|-resisted|p1a: Roaring Moon\n|-crit|p1b: Brian Hands\n|-damage|p1a: Roaring Moon|82\/100\n|-damage|p1b: Brian Hands|35\/100\n|-status|p1a: Roaring Moon|brn\n|move|p1b: Brian Hands|Drain Punch|p2a: Heatran\n|-supereffective|p2a: Heatran\n|-damage|p2a: Heatran|20\/100\n|-heal|p1b: Brian Hands|45\/100|[from] drain|[of] p2a: Heatran\n|\n|-heal|p1a: Roaring Moon|87\/100 brn|[from] Grassy Terrain\n|-heal|p2b: Illumise|37\/100|[from] Grassy Terrain\n|-heal|p2a: Heatran|26\/100|[from] Grassy Terrain\n|-heal|p1b: Brian Hands|51\/100|[from] Grassy Terrain\n|-damage|p1a: Roaring Moon|82\/100 brn|[from] brn\n|upkeep\n|turn|9\n|inactive|abomo3az has 30 seconds left.\n|\n|t:|1700495807\n|-end|p1b: Brian Hands|Quark Drive|[silent]\n|switch|p1b: Urshifu|Urshifu-Rapid-Strike, L50, F|100\/100\n|move|p2b: Illumise|Charm|p1b: Urshifu\n|-unboost|p1b: Urshifu|atk|2\n|move|p1a: Roaring Moon|Knock Off|p2a: Heatran\n|-damage|p2a: Heatran|12\/100\n|move|p2a: Heatran|Flash Cannon|p1a: Roaring Moon\n|-damage|p1a: Roaring Moon|42\/100 brn\n|\n|-heal|p1a: Roaring Moon|48\/100 brn|[from] Grassy Terrain\n|-heal|p2b: Illumise|43\/100|[from] Grassy Terrain\n|-heal|p2a: Heatran|18\/100|[from] Grassy Terrain\n|-damage|p1a: Roaring Moon|42\/100 brn|[from] brn\n|upkeep\n|turn|10\n|inactive|abomo3az has 30 seconds left.\n|\n|t:|1700495832\n|move|p2b: Illumise|Charm|p1b: Urshifu\n|-unboost|p1b: Urshifu|atk|2\n|move|p1a: Roaring Moon|Knock Off|p2b: Illumise\n|-damage|p2b: Illumise|28\/100\n|move|p1b: Urshifu|Surging Strikes|p2a: Heatran\n|-supereffective|p2a: Heatran\n|-crit|p2a: Heatran\n|-damage|p2a: Heatran|0 fnt\n|faint|p2a: Heatran\n|-hitcount|p2: Heatran|1\n|\n|-heal|p1a: Roaring Moon|48\/100 brn|[from] Grassy Terrain\n|-heal|p2b: Illumise|34\/100|[from] Grassy Terrain\n|-damage|p1a: Roaring Moon|42\/100 brn|[from] brn\n|-fieldend|move: Grassy Terrain\n|upkeep\n|\n|t:|1700495839\n|switch|p2a: Rillaboom|Rillaboom, L50, M|37\/100\n|-fieldstart|move: Grassy Terrain|[from] ability: Grassy Surge|[of] p2a: Rillaboom\n|turn|11\n|\n|t:|1700495860\n|switch|p1b: Brian Hands|Iron Hands, L50, shiny|51\/100\n|move|p2a: Rillaboom|Grassy Glide|p1b: Brian Hands\n|-damage|p1b: Brian Hands|26\/100\n|move|p2b: Illumise|Encore||[still]\n|-fail|p2b: Illumise\n|move|p1a: Roaring Moon|Breaking Swipe|p2b: Illumise|[spread] p2a,p2b\n|-damage|p2a: Rillaboom|27\/100\n|-damage|p2b: Illumise|24\/100\n|-unboost|p2a: Rillaboom|atk|1\n|-unboost|p2b: Illumise|atk|1\n|\n|-heal|p1a: Roaring Moon|48\/100 brn|[from] Grassy Terrain\n|-heal|p2a: Rillaboom|32\/100|[from] Grassy Terrain\n|-heal|p2b: Illumise|30\/100|[from] Grassy Terrain\n|-heal|p1b: Brian Hands|32\/100|[from] Grassy Terrain\n|-damage|p1a: Roaring Moon|42\/100 brn|[from] brn\n|-sideend|p2: abomo3az|move: Tailwind\n|upkeep\n|turn|12\n|\n|t:|1700495881\n|move|p1b: Brian Hands|Fake Out|p2b: Illumise\n|-damage|p2b: Illumise|14\/100\n|cant|p2b: Illumise|flinch\n|move|p1a: Roaring Moon|Breaking Swipe|p2b: Illumise|[spread] p2a,p2b\n|-damage|p2a: Rillaboom|22\/100\n|-damage|p2b: Illumise|2\/100\n|-unboost|p2a: Rillaboom|atk|1\n|-unboost|p2b: Illumise|atk|1\n|move|p2a: Rillaboom|U-turn|p1a: Roaring Moon\n|-supereffective|p1a: Roaring Moon\n|-damage|p1a: Roaring Moon|14\/100 brn\n|\n|-heal|p1a: Roaring Moon|20\/100 brn|[from] Grassy Terrain\n|-heal|p2b: Illumise|7\/100|[from] Grassy Terrain\n|-heal|p2a: Rillaboom|28\/100|[from] Grassy Terrain\n|-heal|p1b: Brian Hands|38\/100|[from] Grassy Terrain\n|-damage|p1a: Roaring Moon|14\/100 brn|[from] brn\n|upkeep\n|turn|13\n|\n|t:|1700495904\n|move|p2b: Illumise|Charm|p1b: Brian Hands\n|-unboost|p1b: Brian Hands|atk|2\n|move|p1a: Roaring Moon|Breaking Swipe|p2a: Rillaboom|[spread] p2a,p2b\n|-crit|p2b: Illumise\n|-damage|p2a: Rillaboom|17\/100\n|-damage|p2b: Illumise|0 fnt\n|-unboost|p2a: Rillaboom|atk|1\n|faint|p2b: Illumise\n|move|p2a: Rillaboom|Wood Hammer|p1b: Brian Hands\n|-damage|p1b: Brian Hands|15\/100\n|-damage|p2a: Rillaboom|8\/100|[from] Recoil\n|move|p1b: Brian Hands|Drain Punch|p2a: Rillaboom\n|-damage|p2a: Rillaboom|0 fnt\n|-heal|p1b: Brian Hands|18\/100|[from] drain|[of] p2a: Rillaboom\n|faint|p2a: Rillaboom\n|\n|win|Sour Cigar\n|raw|Sour Cigar's rating: 1430 &rarr; <strong>1449<\/strong><br \/>(+19 for winning)\n|raw|abomo3az's rating: 1404 &rarr; <strong>1385<\/strong><br \/>(-19 for losing)\n|l|\u2606abomo3az\n","uploadtime":1700495921,"views":11,"p1id":"sourcigar","p2id":"abomo3az","formatid":"gen9vgc2023regulatione","rating":1385,"private":0,"password":""}