{"id":"gen9vgc2023regulatione-1994430531","p1":"Feldespato","p2":"superseriousboi","format":"[Gen 9] VGC 2023 Regulation E","log":"|j|\u2606Feldespato\n|j|\u2606superseriousboi\n|t:|1700443087\n|gametype|doubles\n|player|p1|Feldespato|2|1327\n|player|p2|superseriousboi|drayden|1336\n|teamsize|p1|6\n|teamsize|p2|6\n|gen|9\n|tier|[Gen 9] VGC 2023 Regulation E\n|rated|\n|rule|Species Clause: Limit one of each Pok\u00e9mon\n|rule|Item Clause: Limit one of each item\n|clearpoke\n|poke|p1|Tornadus, L50, M|\n|poke|p1|Flutter Mane, L50|\n|poke|p1|Rillaboom, L50, M|\n|poke|p1|Ogerpon-Hearthflame, L50, F|\n|poke|p1|Chien-Pao, L50|\n|poke|p1|Dragonite, L50, F|\n|poke|p2|Sinistcha-Masterpiece, L50|\n|poke|p2|Ursaluna-Bloodmoon, L50, M|\n|poke|p2|Iron Hands, L50|\n|poke|p2|Scizor, L50, M|\n|poke|p2|Kingambit, L50, M|\n|poke|p2|Armarouge, L50, F|\n|teampreview|4\nFeldespato has agreed to open team sheets.\n|inactive|Battle timer is ON: inactive players will automatically lose when time's up. (requested by Feldespato)\n|\n|t:|1700443155\n|start\n|switch|p1a: Rillaboom|Rillaboom, L50, M|100\/100\n|switch|p1b: Ogerpon|Ogerpon-Hearthflame, L50, F|100\/100\n|switch|p2a: Sinistcha|Sinistcha-Masterpiece, L50|100\/100\n|switch|p2b: Iron Hands|Iron Hands, L50|100\/100\n|-ability|p1b: Ogerpon|Mold Breaker\n|-fieldstart|move: Grassy Terrain|[from] ability: Grassy Surge|[of] p1a: Rillaboom\n|turn|1\n|inactive|Feldespato has 30 seconds left.\n|inactive|superseriousboi has 30 seconds left.\n|\n|t:|1700443184\n|-terastallize|p1b: Ogerpon|Fire\n|detailschange|p1b: Ogerpon|Ogerpon-Hearthflame-Tera, L50, F, tera:Fire\n|-ability|p1b: Ogerpon|Embody Aspect (Hearthflame)|boost\n|-boost|p1b: Ogerpon|atk|1\n|move|p1a: Rillaboom|Fake Out|p2b: Iron Hands\n|-damage|p2b: Iron Hands|93\/100\n|cant|p2b: Iron Hands|flinch\n|move|p1b: Ogerpon|Ivy Cudgel|p2a: Sinistcha|[anim] Ivy Cudgel Fire\n|-supereffective|p2a: Sinistcha\n|-damage|p2a: Sinistcha|0 fnt\n|faint|p2a: Sinistcha\n|\n|-heal|p2b: Iron Hands|99\/100|[from] Grassy Terrain\n|upkeep\n|\n|t:|1700443202\n|switch|p2a: Ursaluna|Ursaluna-Bloodmoon, L50, M|100\/100\n|turn|2\n|\n|t:|1700443225\n|-terastallize|p2a: Ursaluna|Normal\n|move|p1b: Ogerpon|Wood Hammer|p2a: Ursaluna\n|-damage|p2a: Ursaluna|0 fnt\n|faint|p2a: Ursaluna\n|-damage|p1b: Ogerpon|55\/100|[from] Recoil\n|move|p1a: Rillaboom|Stomping Tantrum|p2b: Iron Hands\n|-supereffective|p2b: Iron Hands\n|-damage|p2b: Iron Hands|72\/100\n|move|p2b: Iron Hands|Drain Punch|p1b: Ogerpon\n|-damage|p1b: Ogerpon|8\/100\n|-heal|p2b: Iron Hands|87\/100|[from] drain|[of] p1b: Ogerpon\n|\n|-heal|p1b: Ogerpon|14\/100|[from] Grassy Terrain\n|-heal|p2b: Iron Hands|93\/100|[from] Grassy Terrain\n|upkeep\n|\n|t:|1700443242\n|switch|p2a: Scizor|Scizor, L50, M|100\/100\n|turn|3\n|inactive|Feldespato has 30 seconds left.\n|inactive|Feldespato has 20 seconds left.\n|inactive|Feldespato has 15 seconds left.\n|\n|t:|1700443283\n|move|p1b: Ogerpon|Spiky Shield|p1b: Ogerpon\n|-singleturn|p1b: Ogerpon|move: Protect\n|move|p2a: Scizor|Bullet Punch|p1b: Ogerpon\n|-activate|p1b: Ogerpon|move: Protect\n|-damage|p2a: Scizor|88\/100|[from] Spiky Shield|[of] p1b: Ogerpon\n|move|p1a: Rillaboom|Wood Hammer|p2b: Iron Hands\n|-damage|p2b: Iron Hands|51\/100\n|-damage|p1a: Rillaboom|83\/100|[from] Recoil\n|move|p2b: Iron Hands|Drain Punch|p1a: Rillaboom\n|-damage|p1a: Rillaboom|48\/100\n|-heal|p2b: Iron Hands|65\/100|[from] drain|[of] p1a: Rillaboom\n|\n|-heal|p1b: Ogerpon|20\/100|[from] Grassy Terrain\n|-heal|p1a: Rillaboom|54\/100|[from] Grassy Terrain\n|-heal|p2a: Scizor|94\/100|[from] Grassy Terrain\n|-heal|p2b: Iron Hands|71\/100|[from] Grassy Terrain\n|upkeep\n|turn|4\n|inactive|Feldespato has 30 seconds left.\n|\n|t:|1700443310\n|switch|p1b: Dragonite|Dragonite, L50, F|100\/100\n|move|p2a: Scizor|Bullet Punch|p1b: Dragonite\n|-damage|p1b: Dragonite|45\/100\n|move|p1a: Rillaboom|Wood Hammer|p2b: Iron Hands\n|-damage|p2b: Iron Hands|30\/100\n|-damage|p1a: Rillaboom|36\/100|[from] Recoil\n|move|p2b: Iron Hands|Drain Punch|p1a: Rillaboom\n|-damage|p1a: Rillaboom|4\/100\n|-heal|p2b: Iron Hands|42\/100|[from] drain|[of] p1a: Rillaboom\n|\n|-heal|p1a: Rillaboom|10\/100|[from] Grassy Terrain\n|-heal|p2a: Scizor|100\/100|[from] Grassy Terrain\n|-heal|p2b: Iron Hands|48\/100|[from] Grassy Terrain\n|upkeep\n|turn|5\n|inactive|Feldespato has 30 seconds left.\n|inactive|Feldespato has 20 seconds left.\n|\n|t:|1700443349\n|move|p2a: Scizor|Bullet Punch|p1b: Dragonite\n|-damage|p1b: Dragonite|0 fnt\n|faint|p1b: Dragonite\n|move|p1a: Rillaboom|Wood Hammer|p2b: Iron Hands\n|-damage|p2b: Iron Hands|6\/100\n|-damage|p1a: Rillaboom|0 fnt|[from] Recoil\n|faint|p1a: Rillaboom\n|move|p2b: Iron Hands|Drain Punch|p1: Rillaboom|[notarget]\n|-fail|p2b: Iron Hands\n|\n|-heal|p2b: Iron Hands|12\/100|[from] Grassy Terrain\n|-fieldend|move: Grassy Terrain\n|upkeep\n|\n|t:|1700443361\n|switch|p1a: Chien-Pao|Chien-Pao, L50|100\/100\n|switch|p1b: Ogerpon|Ogerpon-Hearthflame-Tera, L50, F, tera:Fire|20\/100\n|-ability|p1a: Chien-Pao|Sword of Ruin\n|-ability|p1b: Ogerpon|Embody Aspect (Hearthflame)|boost\n|-boost|p1b: Ogerpon|atk|1\n|turn|6\n|inactive|Feldespato has 30 seconds left.\n|\n|t:|1700443389\n|move|p1b: Ogerpon|Spiky Shield|p1b: Ogerpon\n|-singleturn|p1b: Ogerpon|move: Protect\n|move|p2a: Scizor|Bullet Punch|p1b: Ogerpon\n|-activate|p1b: Ogerpon|move: Protect\n|-damage|p2a: Scizor|88\/100|[from] Spiky Shield|[of] p1b: Ogerpon\n|move|p1a: Chien-Pao|Crunch|p2b: Iron Hands\n|-resisted|p2b: Iron Hands\n|-damage|p2b: Iron Hands|0 fnt\n|faint|p2b: Iron Hands\n|-end|p2b: Iron Hands|Quark Drive|[silent]\n|\n|upkeep\n|turn|7\n|inactive|Feldespato has 30 seconds left.\n|\n|t:|1700443424\n|move|p2a: Scizor|Bullet Punch|p1b: Ogerpon\n|-resisted|p1b: Ogerpon\n|-damage|p1b: Ogerpon|0 fnt\n|faint|p1b: Ogerpon\n|move|p1a: Chien-Pao|Icicle Crash|p2a: Scizor\n|-resisted|p2a: Scizor\n|-damage|p2a: Scizor|56\/100\n|\n|upkeep\n|turn|8\n|\n|t:|1700443447\n|move|p2a: Scizor|Bullet Punch|p1a: Chien-Pao\n|-supereffective|p1a: Chien-Pao\n|-enditem|p1a: Chien-Pao|Focus Sash\n|-damage|p1a: Chien-Pao|1\/100\n|move|p1a: Chien-Pao|Crunch|p2a: Scizor\n|-damage|p2a: Scizor|0 fnt\n|faint|p2a: Scizor\n|\n|win|Feldespato\n|raw|Feldespato's rating: 1327 &rarr; <strong>1348<\/strong><br \/>(+21 for winning)\n|raw|superseriousboi's rating: 1336 &rarr; <strong>1315<\/strong><br \/>(-21 for losing)\n","uploadtime":1700443458,"views":5,"p1id":"feldespato","p2id":"superseriousboi","formatid":"gen9vgc2023regulatione","rating":1315,"private":0,"password":""}