{"id":"gen9vgc2023regulatione-1996742626","p1":"fatdaddymac","p2":"mochipupusa","format":"[Gen 9] VGC 2023 Regulation E","log":"|j|\u2606fatdaddymac\n|j|\u2606mochipupusa\n|t:|1700717641\n|gametype|doubles\n|player|p1|fatdaddymac|benga|1315\n|player|p2|mochipupusa|101|1282\n|teamsize|p1|6\n|teamsize|p2|6\n|gen|9\n|tier|[Gen 9] VGC 2023 Regulation E\n|rated|\n|rule|Species Clause: Limit one of each Pok\u00e9mon\n|rule|Item Clause: Limit one of each item\n|clearpoke\n|poke|p1|Armarouge, L50, M|\n|poke|p1|Iron Bundle, L50|\n|poke|p1|Indeedee-F, L50, F|\n|poke|p1|Rillaboom, L50, F|\n|poke|p1|Sneasler, L50, F|\n|poke|p1|Chien-Pao, L50|\n|poke|p2|Roaring Moon, L50|\n|poke|p2|Milotic, L50, M|\n|poke|p2|Landorus-Therian, L50, M|\n|poke|p2|Flutter Mane, L50|\n|poke|p2|Iron Hands, L50|\n|poke|p2|Ogerpon-Hearthflame, L50, F|\n|teampreview|4\n|inactive|Battle timer is ON: inactive players will automatically lose when time's up. (requested by fatdaddymac)\nmochipupusa has agreed to open team sheets.\n|inactive|mochipupusa has 60 seconds left.\n|\n|t:|1700717695\n|start\n|switch|p1a: Iron Bundle|Iron Bundle, L50, shiny|100\/100\n|switch|p1b: Chien-Pao|Chien-Pao, L50|100\/100\n|switch|p2a: Roaring Moon|Roaring Moon, L50|100\/100\n|switch|p2b: Flutter Mane|Flutter Mane, L50|100\/100\n|-ability|p1b: Chien-Pao|Sword of Ruin\n|-enditem|p1a: Iron Bundle|Booster Energy\n|-activate|p1a: Iron Bundle|ability: Quark Drive|[fromitem]\n|-start|p1a: Iron Bundle|quarkdrivespe\n|-enditem|p2a: Roaring Moon|Booster Energy\n|-activate|p2a: Roaring Moon|ability: Protosynthesis|[fromitem]\n|-start|p2a: Roaring Moon|protosynthesisatk\n|turn|1\n|inactive|mochipupusa has 30 seconds left.\n|\n|t:|1700717727\n|-terastallize|p1a: Iron Bundle|Ice\n|-terastallize|p2b: Flutter Mane|Fairy\n|move|p1b: Chien-Pao|Protect|p1b: Chien-Pao\n|-singleturn|p1b: Chien-Pao|Protect\n|move|p2a: Roaring Moon|Protect|p2a: Roaring Moon\n|-singleturn|p2a: Roaring Moon|Protect\n|move|p1a: Iron Bundle|Icy Wind|p2b: Flutter Mane|[spread] p2b\n|-activate|p2a: Roaring Moon|move: Protect\n|-damage|p2b: Flutter Mane|73\/100\n|-unboost|p2b: Flutter Mane|spe|1\n|move|p2b: Flutter Mane|Moonblast|p1a: Iron Bundle\n|-damage|p1a: Iron Bundle|0 fnt\n|faint|p1a: Iron Bundle\n|-end|p1a: Iron Bundle|Quark Drive|[silent]\n|\n|upkeep\n|\n|t:|1700717744\n|switch|p1a: Rillaboom|Rillaboom, L50, F, shiny|100\/100\n|-fieldstart|move: Grassy Terrain|[from] ability: Grassy Surge|[of] p1a: Rillaboom\n|turn|2\n|\n|t:|1700717763\n|-end|p2a: Roaring Moon|Protosynthesis|[silent]\n|switch|p2a: Ogerpon|Ogerpon-Hearthflame, L50, F|100\/100\n|-ability|p2a: Ogerpon|Mold Breaker\n|move|p2b: Flutter Mane|Protect|p2b: Flutter Mane\n|-singleturn|p2b: Flutter Mane|Protect\n|move|p1a: Rillaboom|Fake Out|p2b: Flutter Mane\n|-activate|p2b: Flutter Mane|move: Protect\n|move|p1b: Chien-Pao|Icicle Crash|p2a: Ogerpon\n|-damage|p2a: Ogerpon|30\/100\n|\n|-heal|p2a: Ogerpon|35\/100|[from] Grassy Terrain\n|-heal|p2b: Flutter Mane|79\/100|[from] Grassy Terrain\n|upkeep\n|turn|3\n|inactive|fatdaddymac has 30 seconds left.\n|inactive|mochipupusa has 30 seconds left.\n|inactive|fatdaddymac has 20 seconds left.\n|inactive|fatdaddymac has 15 seconds left.\n|\n|t:|1700717805\n|move|p1b: Chien-Pao|Icicle Crash|p2a: Ogerpon\n|-damage|p2a: Ogerpon|0 fnt\n|faint|p2a: Ogerpon\n|move|p1a: Rillaboom|Leech Seed|p2b: Flutter Mane\n|-start|p2b: Flutter Mane|move: Leech Seed\n|move|p2b: Flutter Mane|Moonblast|p1a: Rillaboom\n|-damage|p1a: Rillaboom|0 fnt\n|faint|p1a: Rillaboom\n|\n|-heal|p2b: Flutter Mane|85\/100|[from] Grassy Terrain\n|upkeep\n|\n|t:|1700717819\n|switch|p2a: Iron Hands|Iron Hands, L50|100\/100\n|switch|p1a: Sneasler|Sneasler, L50, F, shiny|100\/100\n|-enditem|p1a: Sneasler|Grassy Seed\n|-boost|p1a: Sneasler|def|1|[from] item: Grassy Seed\n|turn|4\n|\n|t:|1700717848\n|-end|p2b: Flutter Mane|Protosynthesis|[silent]\n|switch|p2b: Roaring Moon|Roaring Moon, L50|100\/100\n|move|p1b: Chien-Pao|Protect|p1b: Chien-Pao\n|-singleturn|p1b: Chien-Pao|Protect\n|move|p1a: Sneasler|Fake Out|p2b: Roaring Moon\n|-damage|p2b: Roaring Moon|76\/100\n|move|p2a: Iron Hands|Drain Punch|p1b: Chien-Pao\n|-activate|p1b: Chien-Pao|move: Protect\n|\n|-heal|p2b: Roaring Moon|82\/100|[from] Grassy Terrain\n|upkeep\n|turn|5\n|inactive|fatdaddymac has 30 seconds left.\n|\n|t:|1700717873\n|move|p1a: Sneasler|Dire Claw|p2a: Iron Hands\n|-damage|p2a: Iron Hands|59\/100\n|move|p1b: Chien-Pao|Icicle Crash|p2b: Roaring Moon\n|-supereffective|p2b: Roaring Moon\n|-damage|p2b: Roaring Moon|0 fnt\n|faint|p2b: Roaring Moon\n|-end|p2b: Roaring Moon|Protosynthesis|[silent]\n|move|p2a: Iron Hands|Drain Punch|p1b: Chien-Pao\n|-supereffective|p1b: Chien-Pao\n|-damage|p1b: Chien-Pao|0 fnt\n|-heal|p2a: Iron Hands|92\/100|[from] drain|[of] p1b: Chien-Pao\n|faint|p1b: Chien-Pao\n|\n|-heal|p2a: Iron Hands|98\/100|[from] Grassy Terrain\n|upkeep\n|\n|t:|1700717886\n|switch|p2b: Flutter Mane|Flutter Mane, L50, tera:Fairy|85\/100\n|turn|6\n|\n|t:|1700717891\n|move|p2b: Flutter Mane|Protect|p2b: Flutter Mane\n|-singleturn|p2b: Flutter Mane|Protect\n|move|p1a: Sneasler|Dire Claw|p2b: Flutter Mane\n|-activate|p2b: Flutter Mane|move: Protect\n|move|p2a: Iron Hands|Drain Punch|p1a: Sneasler\n|-resisted|p1a: Sneasler\n|-damage|p1a: Sneasler|77\/100\n|-heal|p2a: Iron Hands|100\/100|[from] drain|[of] p1a: Sneasler\n|\n|-heal|p1a: Sneasler|83\/100|[from] Grassy Terrain\n|-heal|p2b: Flutter Mane|92\/100|[from] Grassy Terrain\n|-fieldend|move: Grassy Terrain\n|upkeep\n|turn|7\n|\n|t:|1700717912\n|move|p1a: Sneasler|Dire Claw|p2b: Flutter Mane\n|-supereffective|p2b: Flutter Mane\n|-damage|p2b: Flutter Mane|0 fnt\n|faint|p2b: Flutter Mane\n|-end|p2b: Flutter Mane|Protosynthesis|[silent]\n|move|p2a: Iron Hands|Heavy Slam|p1a: Sneasler\n|-damage|p1a: Sneasler|30\/100\n|\n|upkeep\n|turn|8\n|\n|t:|1700717928\n|move|p1a: Sneasler|Acrobatics|p2a: Iron Hands\n|-damage|p2a: Iron Hands|70\/100\n|move|p2a: Iron Hands|Heavy Slam|p1a: Sneasler\n|-damage|p1a: Sneasler|0 fnt\n|faint|p1a: Sneasler\n|\n|win|mochipupusa\n|raw|fatdaddymac's rating: 1315 &rarr; <strong>1293<\/strong><br \/>(-22 for losing)\n|raw|mochipupusa's rating: 1282 &rarr; <strong>1309<\/strong><br \/>(+27 for winning)\n|l|\u2606fatdaddymac\n","uploadtime":1700717939,"views":5,"p1id":"fatdaddymac","p2id":"mochipupusa","formatid":"gen9vgc2023regulatione","rating":1293,"private":0,"password":""}