{"id":"gen9vgc2023regulatione-1989236311","p1":"spinetimepine","p2":"from pallet town","format":"[Gen 9] VGC 2023 Regulation E","log":"|j|\u2606spinetimepine\n|j|\u2606from pallet town\n|t:|1699826521\n|gametype|doubles\n|player|p1|spinetimepine|bertha|1000\n|player|p2|from pallet town|1|1091\n|teamsize|p1|6\n|teamsize|p2|6\n|gen|9\n|tier|[Gen 9] VGC 2023 Regulation E\n|rated|\n|rule|Species Clause: Limit one of each Pok\u00e9mon\n|rule|Item Clause: Limit one of each item\n|clearpoke\n|poke|p1|Rillaboom, L50, F|\n|poke|p1|Tornadus, L50, M|\n|poke|p1|Ursaluna-Bloodmoon, L50, M|\n|poke|p1|Iron Moth, L50|\n|poke|p1|Urshifu-*, L50, M|\n|poke|p1|Maushold-Four, L50|\n|poke|p2|Cresselia, L50, F|\n|poke|p2|Heatran, L50, M|\n|poke|p2|Gliscor, L50, F|\n|poke|p2|Empoleon, L50, M|\n|poke|p2|Garchomp, L50, M|\n|poke|p2|Froslass, L50, F|\n|teampreview|4\n|inactive|Battle timer is ON: inactive players will automatically lose when time's up. (requested by spinetimepine)\n|inactive|from pallet town also wants the timer to be on.\n|inactive|spinetimepine has 60 seconds left.\n|inactive|from pallet town has 60 seconds left.\n|inactive|from pallet town has 30 seconds left.\n|\n|t:|1699826581\n|start\n|switch|p1a: Ursaluna|Ursaluna-Bloodmoon, L50, M|100\/100\n|switch|p1b: Iron Moth|Iron Moth, L50|100\/100\n|switch|p2a: Froslass|Froslass, L50, F, shiny|100\/100\n|switch|p2b: Cresselia|Cresselia, L50, F, shiny|100\/100\n|-enditem|p1b: Iron Moth|Booster Energy\n|-activate|p1b: Iron Moth|ability: Quark Drive|[fromitem]\n|-start|p1b: Iron Moth|quarkdrivespa\n|turn|1\n|\n|t:|1699826606\n|move|p2a: Froslass|Icy Wind|p1a: Ursaluna|[spread] p1a,p1b\n|-supereffective|p1a: Ursaluna\n|-resisted|p1b: Iron Moth\n|-damage|p1a: Ursaluna|59\/100\n|-damage|p1b: Iron Moth|92\/100\n|-unboost|p1a: Ursaluna|spe|1\n|-unboost|p1b: Iron Moth|spe|1\n|move|p1b: Iron Moth|Acid Spray|p2b: Cresselia\n|-crit|p2b: Cresselia\n|-damage|p2b: Cresselia|79\/100\n|move|p2b: Cresselia|Moonblast|p1a: Ursaluna\n|-damage|p1a: Ursaluna|34\/100\n|move|p1a: Ursaluna|Blood Moon|p2b: Cresselia\n|-crit|p2b: Cresselia\n|-damage|p2b: Cresselia|1\/100\n|-damage|p1a: Ursaluna|24\/100|[from] item: Life Orb\n|\n|upkeep\n|turn|2\n|inactive|spinetimepine has 30 seconds left.\n|inactive|from pallet town has 30 seconds left.\n|\n|t:|1699826635\n|move|p1a: Ursaluna|Protect|p1a: Ursaluna\n|-singleturn|p1a: Ursaluna|Protect\n|move|p2a: Froslass|Shadow Ball|p1b: Iron Moth\n|-damage|p1b: Iron Moth|59\/100\n|move|p1b: Iron Moth|Dazzling Gleam|p2b: Cresselia|[spread] p2a,p2b\n|-damage|p2a: Froslass|52\/100\n|-damage|p2b: Cresselia|0 fnt\n|faint|p2b: Cresselia\n|\n|upkeep\n|\n|t:|1699826647\n|switch|p2b: Gliscor|Gliscor, L50, F, shiny|100\/100\n|turn|3\n|inactive|spinetimepine has 30 seconds left.\n|\n|t:|1699826673\n|move|p1b: Iron Moth|Protect|p1b: Iron Moth\n|-singleturn|p1b: Iron Moth|Protect\n|move|p2a: Froslass|Icy Wind|p1a: Ursaluna|[spread] p1a\n|-activate|p1b: Iron Moth|move: Protect\n|-supereffective|p1a: Ursaluna\n|-crit|p1a: Ursaluna\n|-damage|p1a: Ursaluna|0 fnt\n|faint|p1a: Ursaluna\n|move|p2b: Gliscor|High Horsepower|p1b: Iron Moth\n|-activate|p1b: Iron Moth|move: Protect\n|\n|-status|p2b: Gliscor|tox|[from] item: Toxic Orb\n|upkeep\n|\n|t:|1699826689\n|switch|p1a: Tornadus|Tornadus, L50, M|100\/100\n|turn|4\n|\n|t:|1699826704\n|-terastallize|p1b: Iron Moth|Fairy\n|move|p1a: Tornadus|Tailwind|p1a: Tornadus\n|-sidestart|p1: spinetimepine|move: Tailwind\n|move|p1b: Iron Moth|Dazzling Gleam|p2b: Gliscor|[spread] p2a,p2b\n|-crit|p2b: Gliscor\n|-damage|p2a: Froslass|0 fnt\n|-damage|p2b: Gliscor|13\/100 tox\n|faint|p2a: Froslass\n|move|p2b: Gliscor|Tailwind|p2b: Gliscor\n|-sidestart|p2: from pallet town|move: Tailwind\n|\n|-heal|p2b: Gliscor|25\/100 tox|[from] ability: Poison Heal\n|upkeep\n|\n|t:|1699826714\n|switch|p2a: Heatran|Heatran, L50, M, shiny|100\/100\n|turn|5\n|\n|t:|1699826734\n|move|p2b: Gliscor|Protect|p2b: Gliscor\n|-singleturn|p2b: Gliscor|Protect\n|move|p1b: Iron Moth|Protect|p1b: Iron Moth\n|-singleturn|p1b: Iron Moth|Protect\n|move|p1a: Tornadus|Rain Dance|p1a: Tornadus\n|-weather|RainDance\n|move|p2a: Heatran|Heat Wave|p1b: Iron Moth|[spread] p1a\n|-activate|p1b: Iron Moth|move: Protect\n|-damage|p1a: Tornadus|70\/100\n|-damage|p2a: Heatran|91\/100|[from] item: Life Orb\n|\n|-weather|RainDance|[upkeep]\n|-heal|p2b: Gliscor|38\/100 tox|[from] ability: Poison Heal\n|upkeep\n|turn|6\n|\n|t:|1699826752\n|move|p1a: Tornadus|Bleakwind Storm|p2a: Heatran|[spread] p2a,p2b\n|-resisted|p2a: Heatran\n|-damage|p2a: Heatran|73\/100\n|-damage|p2b: Gliscor|0 fnt\n|faint|p2b: Gliscor\n|move|p2a: Heatran|Flash Cannon|p1b: Iron Moth\n|-supereffective|p1b: Iron Moth\n|-damage|p1b: Iron Moth|0 fnt\n|faint|p1b: Iron Moth\n|-end|p1b: Iron Moth|Quark Drive|[silent]\n|-damage|p2a: Heatran|63\/100|[from] item: Life Orb\n|\n|-weather|RainDance|[upkeep]\n|upkeep\n|\n|t:|1699826767\n|switch|p1b: Urshifu|Urshifu-Rapid-Strike, L50, M|100\/100\n|turn|7\n|\n|t:|1699826776\n|-terastallize|p2a: Heatran|Grass\n|move|p1a: Tornadus|Bleakwind Storm|p2a: Heatran\n|-supereffective|p2a: Heatran\n|-damage|p2a: Heatran|0 fnt\n|faint|p2a: Heatran\n|\n|win|spinetimepine\n|raw|spinetimepine's rating: 1000 &rarr; <strong>1050<\/strong><br \/>(+50 for winning)\n|raw|from pallet town's rating: 1091 &rarr; <strong>1061<\/strong><br \/>(-30 for losing)\n|l|\u2606from pallet town\n","uploadtime":1699826825,"views":13,"p1id":"spinetimepine","p2id":"frompallettown","formatid":"gen9vgc2023regulatione","rating":1050,"private":0,"password":""}