{"id":"gen9vgc2023regulatione-1988027731","p1":"Toixz","p2":"Loswiththeemost","format":"[Gen 9] VGC 2023 Regulation E","log":"|j|\u2606Toixz\n|j|\u2606Loswiththeemost\n|t:|1699660813\n|gametype|doubles\n|player|p1|Toixz|idol|1195\n|player|p2|Loswiththeemost|265|1154\n|teamsize|p1|6\n|teamsize|p2|6\n|gen|9\n|tier|[Gen 9] VGC 2023 Regulation E\n|rated|\n|rule|Species Clause: Limit one of each Pok\u00e9mon\n|rule|Item Clause: Limit one of each item\n|clearpoke\n|poke|p1|Flutter Mane, L50|\n|poke|p1|Iron Hands, L50|\n|poke|p1|Gholdengo, L50|\n|poke|p1|Rillaboom, L50, F|\n|poke|p1|Empoleon, L50, M|\n|poke|p1|Landorus-Therian, L50, M|\n|poke|p2|Chien-Pao, L50|\n|poke|p2|Amoonguss, L50, M|\n|poke|p2|Dragonite, L50, F|\n|poke|p2|Kingambit, L50, F|\n|poke|p2|Urshifu-*, L50, M|\n|poke|p2|Farigiraf, L50, M|\n|teampreview|4\nToixz has agreed to open team sheets.\n|\n|t:|1699660867\n|start\n|switch|p1a: Rillaboom|Rillaboom, L50, F|100\/100\n|switch|p1b: Empoleon|Empoleon, L50, M|100\/100\n|switch|p2a: Kingambit|Kingambit, L50, F|100\/100\n|switch|p2b: Amoonguss|Amoonguss, L50, M|100\/100\n|-fieldstart|move: Grassy Terrain|[from] ability: Grassy Surge|[of] p1a: Rillaboom\n|turn|1\n|\n|t:|1699660886\n|move|p1a: Rillaboom|Fake Out|p2a: Kingambit\n|-resisted|p2a: Kingambit\n|-damage|p2a: Kingambit|95\/100\n|move|p1b: Empoleon|Yawn|p2b: Amoonguss\n|-start|p2b: Amoonguss|move: Yawn|[of] p1b: Empoleon\n|cant|p2a: Kingambit|flinch\n|move|p2b: Amoonguss|Spore|p1b: Empoleon\n|-status|p1b: Empoleon|slp|[from] move: Spore\n|\n|-heal|p2a: Kingambit|100\/100|[from] Grassy Terrain\n|upkeep\n|turn|2\n|\n|t:|1699660907\n|switch|p2b: Chien-Pao|Chien-Pao, L50|100\/100\n|-ability|p2b: Chien-Pao|Sword of Ruin\n|-terastallize|p1a: Rillaboom|Grass\n|move|p1a: Rillaboom|Wood Hammer|p2b: Chien-Pao\n|-enditem|p2b: Chien-Pao|Focus Sash\n|-damage|p2b: Chien-Pao|1\/100\n|-damage|p1a: Rillaboom|71\/100|[from] Recoil\n|cant|p1b: Empoleon|slp\n|move|p2a: Kingambit|Kowtow Cleave|p1a: Rillaboom\n|-damage|p1a: Rillaboom|0 fnt\n|faint|p1a: Rillaboom\n|\n|-heal|p2b: Chien-Pao|7\/100|[from] Grassy Terrain\n|upkeep\n|\n|t:|1699660923\n|switch|p1a: Landorus|Landorus-Therian, L50, M|100\/100\n|-ability|p1a: Landorus|Intimidate|boost\n|-unboost|p2a: Kingambit|atk|1\n|-ability|p2a: Kingambit|Defiant|boost\n|-boost|p2a: Kingambit|atk|2\n|-unboost|p2b: Chien-Pao|atk|1\n|turn|3\n|\n|t:|1699660935\n|move|p1a: Landorus|U-turn|p2b: Chien-Pao\n|-supereffective|p2b: Chien-Pao\n|-damage|p2b: Chien-Pao|0 fnt\n|faint|p2b: Chien-Pao\n|\n|t:|1699660938\n|switch|p1a: Mani Manitas|Iron Hands, L50|100\/100|[from] U-turn\n|cant|p1b: Empoleon|slp\n|move|p2a: Kingambit|Kowtow Cleave|p1b: Empoleon\n|-damage|p1b: Empoleon|9\/100 slp\n|\n|-heal|p1b: Empoleon|15\/100 slp|[from] Grassy Terrain\n|-heal|p1b: Empoleon|20\/100 slp|[from] item: Leftovers\n|upkeep\n|\n|t:|1699660948\n|switch|p2b: Amoonguss|Amoonguss, L50, M|100\/100\n|turn|4\n|\n|t:|1699660966\n|move|p1a: Mani Manitas|Fake Out|p2a: Kingambit\n|-resisted|p2a: Kingambit\n|-damage|p2a: Kingambit|95\/100\n|-curestatus|p1b: Empoleon|slp|[msg]\n|move|p1b: Empoleon|Flash Cannon|p2b: Amoonguss\n|-damage|p2b: Amoonguss|73\/100\n|cant|p2a: Kingambit|flinch\n|move|p2b: Amoonguss|Spore|p1a: Mani Manitas\n|-status|p1a: Mani Manitas|slp|[from] move: Spore\n|\n|-heal|p1b: Empoleon|26\/100|[from] Grassy Terrain\n|-heal|p1b: Empoleon|32\/100|[from] item: Leftovers\n|-heal|p2a: Kingambit|100\/100|[from] Grassy Terrain\n|-heal|p2b: Amoonguss|79\/100|[from] Grassy Terrain\n|upkeep\n|turn|5\n|\n|t:|1699660985\n|switch|p2b: Dragonite|Dragonite, L50, F|100\/100\n|move|p1b: Empoleon|Protect|p1b: Empoleon\n|-singleturn|p1b: Empoleon|Protect\n|move|p2a: Kingambit|Sucker Punch||[still]\n|-fail|p2a: Kingambit\n|cant|p1a: Mani Manitas|slp\n|\n|-heal|p1b: Empoleon|38\/100|[from] Grassy Terrain\n|-heal|p1b: Empoleon|43\/100|[from] item: Leftovers\n|-fieldend|move: Grassy Terrain\n|upkeep\n|turn|6\n|\n|t:|1699661003\n|move|p2b: Dragonite|Stomping Tantrum|p1b: Empoleon\n|-supereffective|p1b: Empoleon\n|-damage|p1b: Empoleon|0 fnt\n|faint|p1b: Empoleon\n|cant|p1a: Mani Manitas|slp\n|move|p2a: Kingambit|Kowtow Cleave|p1a: Mani Manitas\n|-resisted|p1a: Mani Manitas\n|-damage|p1a: Mani Manitas|71\/100 slp\n|\n|upkeep\n|\n|t:|1699661010\n|switch|p1b: Landorus|Landorus-Therian, L50, M|100\/100\n|-ability|p1b: Landorus|Intimidate|boost\n|-unboost|p2a: Kingambit|atk|1\n|-ability|p2a: Kingambit|Defiant|boost\n|-boost|p2a: Kingambit|atk|2\n|-fail|p2b: Dragonite|unboost|Attack|[from] ability: Inner Focus|[of] p2b: Dragonite\n|turn|7\n|\n|t:|1699661026\n|-terastallize|p2a: Kingambit|Fairy\n|move|p1b: Landorus|Rock Slide|p2b: Dragonite|[spread] p2a,p2b\n|-supereffective|p2b: Dragonite\n|-damage|p2a: Kingambit|84\/100\n|-damage|p2b: Dragonite|56\/100\n|move|p2b: Dragonite|Stomping Tantrum|p1a: Mani Manitas\n|-supereffective|p1a: Mani Manitas\n|-damage|p1a: Mani Manitas|30\/100 slp\n|cant|p1a: Mani Manitas|slp\n|move|p2a: Kingambit|Kowtow Cleave|p1b: Landorus\n|-damage|p1b: Landorus|0 fnt\n|faint|p1b: Landorus\n|\n|upkeep\n|turn|8\n|\n|t:|1699661042\n|move|p2b: Dragonite|Stomping Tantrum|p1a: Mani Manitas\n|-supereffective|p1a: Mani Manitas\n|-damage|p1a: Mani Manitas|0 fnt\n|faint|p1a: Mani Manitas\n|-end|p1a: Mani Manitas|Quark Drive|[silent]\n|\n|win|Loswiththeemost\n|raw|Toixz's rating: 1195 &rarr; <strong>1167<\/strong><br \/>(-28 for losing)\n|raw|Loswiththeemost's rating: 1154 &rarr; <strong>1182<\/strong><br \/>(+28 for winning)\n|l|\u2606Toixz\n","uploadtime":1699661049,"views":69,"p1id":"toixz","p2id":"loswiththeemost","formatid":"gen9vgc2023regulatione","rating":1167,"private":0,"password":""}