{"id":"gen9vgc2023regulatione-1990026593","p1":"h3nl0v3r","p2":"cleardaydreaming","format":"[Gen 9] VGC 2023 Regulation E","log":"|j|\u2606h3nl0v3r\n|j|\u2606cleardaydreaming\n|t:|1699916724\n|gametype|doubles\n|player|p1|h3nl0v3r|youngcouple|1182\n|player|p2|cleardaydreaming|winona|1267\n|teamsize|p1|6\n|teamsize|p2|6\n|gen|9\n|tier|[Gen 9] VGC 2023 Regulation E\n|rated|\n|rule|Species Clause: Limit one of each Pok\u00e9mon\n|rule|Item Clause: Limit one of each item\n|clearpoke\n|poke|p1|Armarouge, L50, M|\n|poke|p1|Palafin, L50, M|\n|poke|p1|Indeedee-F, L50, F|\n|poke|p1|Gholdengo, L50|\n|poke|p1|Ninetales-Alola, L50, F|\n|poke|p1|Flamigo, L50, F|\n|poke|p2|Grimmsnarl, L50, M|\n|poke|p2|Sinistcha, L50|\n|poke|p2|Arcanine-Hisui, L50, F|\n|poke|p2|Iron Hands, L50|\n|poke|p2|Ogerpon-Wellspring, L50, F|\n|poke|p2|Moltres-Galar, L50|\n|teampreview|4\n|inactive|Battle timer is ON: inactive players will automatically lose when time's up. (requested by h3nl0v3r)\n|inactive|cleardaydreaming has 60 seconds left.\n|\n|t:|1699916796\n|start\n|switch|p1a: Armarouge|Armarouge, L50, M|100\/100\n|switch|p1b: Palafin|Palafin, L50, M|100\/100\n|switch|p2a: Grimmsnarl|Grimmsnarl, L50, M|100\/100\n|switch|p2b: Moltres|Moltres-Galar, L50, shiny|100\/100\n|turn|1\n|\n|t:|1699916817\n|move|p2a: Grimmsnarl|Reflect|p2a: Grimmsnarl\n|-sidestart|p2: cleardaydreaming|Reflect\n|move|p1b: Palafin|Flip Turn|p1a: Armarouge\n|-supereffective|p1a: Armarouge\n|-damage|p1a: Armarouge|63\/100\n|-ability|p1a: Armarouge|Weak Armor|boost\n|-unboost|p1a: Armarouge|def|1\n|-boost|p1a: Armarouge|spe|2\n|-enditem|p1a: Armarouge|Weakness Policy\n|-boost|p1a: Armarouge|atk|2|[from] item: Weakness Policy\n|-boost|p1a: Armarouge|spa|2|[from] item: Weakness Policy\n|\n|t:|1699916822\n|detailschange|p1b: Palafin|Palafin-Hero, L50, M\n|switch|p1b: Indeedee|Indeedee-F, L50, F|100\/100|[from] Flip Turn\n|-fieldstart|move: Psychic Terrain|[from] ability: Psychic Surge|[of] p1b: Indeedee\n|-enditem|p1b: Indeedee|Psychic Seed\n|-boost|p1b: Indeedee|spd|1|[from] item: Psychic Seed\n|move|p1a: Armarouge|Heat Wave|p2b: Moltres|[spread] p2b\n|-miss|p1a: Armarouge|p2a: Grimmsnarl\n|-damage|p2b: Moltres|45\/100\n|-ability|p2b: Moltres|Berserk|boost\n|-boost|p2b: Moltres|spa|1\n|-enditem|p2b: Moltres|Sitrus Berry|[eat]\n|-heal|p2b: Moltres|70\/100|[from] item: Sitrus Berry\n|move|p2b: Moltres|Nasty Plot|p2b: Moltres\n|-boost|p2b: Moltres|spa|2\n|\n|upkeep\n|turn|2\n|\n|t:|1699916842\n|move|p1a: Armarouge|Protect|p1a: Armarouge\n|-singleturn|p1a: Armarouge|Protect\n|move|p2a: Grimmsnarl|Light Screen|p2a: Grimmsnarl\n|-sidestart|p2: cleardaydreaming|move: Light Screen\n|move|p2b: Moltres|Fiery Wrath|p1b: Indeedee|[spread] p1b\n|-activate|p1a: Armarouge|move: Protect\n|-supereffective|p1b: Indeedee\n|-damage|p1b: Indeedee|14\/100\n|cant|p1b: Indeedee|flinch\n|\n|upkeep\n|turn|3\n|\n|t:|1699916859\n|-terastallize|p1a: Armarouge|Grass\n|move|p1a: Armarouge|Heat Wave|p2b: Moltres|[spread] p2a,p2b\n|-damage|p2a: Grimmsnarl|53\/100\n|-damage|p2b: Moltres|34\/100\n|-status|p2a: Grimmsnarl|brn\n|-ability|p2b: Moltres|Berserk|boost\n|-boost|p2b: Moltres|spa|1\n|move|p2b: Moltres|Fiery Wrath|p1a: Armarouge|[spread] p1a,p1b\n|-supereffective|p1b: Indeedee\n|-damage|p1a: Armarouge|0 fnt\n|-damage|p1b: Indeedee|0 fnt\n|faint|p1a: Armarouge\n|faint|p1b: Indeedee\n|move|p2a: Grimmsnarl|Brick Break|p1: Armarouge|[notarget]\n|-fail|p2a: Grimmsnarl\n|\n|-damage|p2a: Grimmsnarl|48\/100 brn|[from] brn\n|upkeep\n|\n|t:|1699916865\n|switch|p1b: Gholdengo|Gholdengo, L50|100\/100\n|switch|p1a: Palafin|Palafin-Hero, L50, M|100\/100\n|-activate|p1a: Palafin|ability: Zero to Hero\n|turn|4\n|inactive|h3nl0v3r has 30 seconds left.\n|\n|t:|1699916904\n|switch|p2a: Ogerpon|Ogerpon-Wellspring, L50, F|100\/100\n|move|p1a: Palafin|Wave Crash|p2a: Ogerpon\n|-immune|p2a: Ogerpon|[from] ability: Water Absorb\n|move|p1b: Gholdengo|Shadow Ball|p2b: Moltres\n|-resisted|p2b: Moltres\n|-damage|p2b: Moltres|19\/100\n|-unboost|p2b: Moltres|spd|1\n|move|p2b: Moltres|Fiery Wrath|p1a: Palafin|[spread] p1a,p1b\n|-supereffective|p1b: Gholdengo\n|-damage|p1a: Palafin|14\/100\n|-damage|p1b: Gholdengo|0 fnt\n|faint|p1b: Gholdengo\n|\n|upkeep\n|turn|5\n|-message|h3nl0v3r forfeited.\n|\n|win|cleardaydreaming\n|raw|h3nl0v3r's rating: 1182 &rarr; <strong>1163<\/strong><br \/>(-19 for losing)\n|raw|cleardaydreaming's rating: 1267 &rarr; <strong>1286<\/strong><br \/>(+19 for winning)\n|l|\u2606h3nl0v3r\n","uploadtime":1699916923,"views":9,"p1id":"h3nl0v3r","p2id":"cleardaydreaming","formatid":"gen9vgc2023regulatione","rating":1163,"private":0,"password":""}