{"id":"gen9vgc2023regulatione-1996759983","p1":"mochipupusa","p2":"nightbutterfly","format":"[Gen 9] VGC 2023 Regulation E","log":"|j|\u2606mochipupusa\n|j|\u2606nightbutterfly\n|t:|1700720553\n|gametype|doubles\n|player|p1|mochipupusa|101|1267\n|player|p2|nightbutterfly|rosa|1192\n|teamsize|p1|6\n|teamsize|p2|6\n|gen|9\n|tier|[Gen 9] VGC 2023 Regulation E\n|rated|\n|rule|Species Clause: Limit one of each Pok\u00e9mon\n|rule|Item Clause: Limit one of each item\n|clearpoke\n|poke|p1|Roaring Moon, L50|\n|poke|p1|Milotic, L50, F|\n|poke|p1|Landorus-Therian, L50, M|\n|poke|p1|Flutter Mane, L50|\n|poke|p1|Iron Hands, L50|\n|poke|p1|Ogerpon-Hearthflame, L50, F|\n|poke|p2|Flutter Mane, L50|\n|poke|p2|Tornadus, L50, M|\n|poke|p2|Urshifu-*, L50, M|\n|poke|p2|Iron Hands, L50|\n|poke|p2|Arcanine-Hisui, L50, F|\n|poke|p2|Rillaboom, L50, F|\n|teampreview|4\nmochipupusa has agreed to open team sheets.\n|inactive|Battle timer is ON: inactive players will automatically lose when time's up. (requested by nightbutterfly)\nnightbutterfly has agreed to open team sheets.\n|\n|t:|1700720605\n|start\n|switch|p1a: Roaring Moon|Roaring Moon, L50|100\/100\n|switch|p1b: Iron Hands|Iron Hands, L50|100\/100\n|switch|p2a: Tornadus|Tornadus, L50, M, shiny|100\/100\n|switch|p2b: Urshifu|Urshifu-Rapid-Strike, L50, M|100\/100\n|-enditem|p1a: Roaring Moon|Booster Energy\n|-activate|p1a: Roaring Moon|ability: Protosynthesis|[fromitem]\n|-start|p1a: Roaring Moon|protosynthesisatk\n|turn|1\n|inactive|nightbutterfly has 30 seconds left.\n|inactive|nightbutterfly has 20 seconds left.\n|\n|t:|1700720641\n|-terastallize|p2a: Tornadus|Ghost\n|move|p1b: Iron Hands|Fake Out|p2b: Urshifu\n|-damage|p2b: Urshifu|84\/100\n|move|p2a: Tornadus|Tailwind|p2a: Tornadus\n|-sidestart|p2: nightbutterfly|move: Tailwind\n|cant|p2b: Urshifu|flinch\n|move|p1a: Roaring Moon|Tailwind|p1a: Roaring Moon\n|-sidestart|p1: mochipupusa|move: Tailwind\n|\n|upkeep\n|turn|2\n|inactive|mochipupusa has 30 seconds left.\n|inactive|mochipupusa has 20 seconds left.\n|inactive|mochipupusa has 15 seconds left.\n|\n|t:|1700720683\n|move|p2a: Tornadus|Bleakwind Storm|p1a: Roaring Moon|[spread] p1a,p1b\n|-damage|p1a: Roaring Moon|68\/100\n|-damage|p1b: Iron Hands|80\/100\n|move|p1a: Roaring Moon|Knock Off|p2b: Urshifu\n|-resisted|p2b: Urshifu\n|-damage|p2b: Urshifu|50\/100\n|-enditem|p2b: Urshifu|Mystic Water|[from] move: Knock Off|[of] p1a: Roaring Moon\n|move|p2b: Urshifu|Close Combat|p1a: Roaring Moon\n|-supereffective|p1a: Roaring Moon\n|-damage|p1a: Roaring Moon|0 fnt\n|-unboost|p2b: Urshifu|def|1\n|-unboost|p2b: Urshifu|spd|1\n|faint|p1a: Roaring Moon\n|-end|p1a: Roaring Moon|Protosynthesis|[silent]\n|move|p1b: Iron Hands|Wild Charge|p2b: Urshifu\n|-supereffective|p2b: Urshifu\n|-damage|p2b: Urshifu|0 fnt\n|faint|p2b: Urshifu\n|-damage|p1b: Iron Hands|71\/100|[from] Recoil\n|\n|upkeep\n|\n|t:|1700720705\n|switch|p1a: Flutter Mane|Flutter Mane, L50|100\/100\n|switch|p2b: Arcanine|Arcanine-Hisui, L50, F, shiny|100\/100\n|-ability|p2b: Arcanine|Intimidate|boost\n|-unboost|p1a: Flutter Mane|atk|1\n|-unboost|p1b: Iron Hands|atk|1\n|turn|3\n|inactive|mochipupusa has 30 seconds left.\n|\n|t:|1700720732\n|move|p2a: Tornadus|Bleakwind Storm|p1a: Flutter Mane|[spread] p1a,p1b\n|-damage|p1a: Flutter Mane|67\/100\n|-damage|p1b: Iron Hands|50\/100\n|-unboost|p1a: Flutter Mane|spe|1\n|move|p1a: Flutter Mane|Shadow Ball|p2a: Tornadus\n|-supereffective|p2a: Tornadus\n|-enditem|p2a: Tornadus|Focus Sash\n|-damage|p2a: Tornadus|1\/100\n|move|p2b: Arcanine|Flare Blitz|p1a: Flutter Mane\n|-damage|p1a: Flutter Mane|0 fnt\n|faint|p1a: Flutter Mane\n|-end|p1a: Flutter Mane|Protosynthesis|[silent]\n|-damage|p2b: Arcanine|85\/100|[from] Recoil\n|move|p1b: Iron Hands|Drain Punch|p2b: Arcanine\n|-supereffective|p2b: Arcanine\n|-damage|p2b: Arcanine|27\/100\n|-heal|p1b: Iron Hands|74\/100|[from] drain|[of] p2b: Arcanine\n|\n|upkeep\n|\n|t:|1700720749\n|switch|p1a: Landorus|Landorus-Therian, L50, M|100\/100\n|-ability|p1a: Landorus|Intimidate|boost\n|-unboost|p2a: Tornadus|atk|1\n|-unboost|p2b: Arcanine|atk|1\n|turn|4\n|\n|t:|1700720770\n|switch|p2b: Iron Hands|Iron Hands, L50, shiny|100\/100\n|move|p1a: Landorus|Stomping Tantrum|p2b: Iron Hands\n|-supereffective|p2b: Iron Hands\n|-damage|p2b: Iron Hands|44\/100\n|move|p2a: Tornadus|Bleakwind Storm|p1a: Landorus|[spread] p1b\n|-miss|p2a: Tornadus|p1a: Landorus\n|-damage|p1b: Iron Hands|55\/100\n|-unboost|p1b: Iron Hands|spe|1\n|move|p1b: Iron Hands|Heavy Slam|p2a: Tornadus\n|-damage|p2a: Tornadus|0 fnt\n|faint|p2a: Tornadus\n|\n|-sideend|p1: mochipupusa|move: Tailwind\n|-sideend|p2: nightbutterfly|move: Tailwind\n|upkeep\n|\n|t:|1700720784\n|switch|p2a: Arcanine|Arcanine-Hisui, L50, F, shiny|27\/100\n|-ability|p2a: Arcanine|Intimidate|boost\n|-unboost|p1a: Landorus|atk|1\n|-unboost|p1b: Iron Hands|atk|1\n|turn|5\n|\n|t:|1700720808\n|move|p1a: Landorus|Stomping Tantrum|p2a: Arcanine\n|-supereffective|p2a: Arcanine\n|-damage|p2a: Arcanine|0 fnt\n|faint|p2a: Arcanine\n|move|p2b: Iron Hands|Drain Punch|p1b: Iron Hands\n|-damage|p1b: Iron Hands|27\/100\n|-heal|p2b: Iron Hands|59\/100|[from] drain|[of] p1b: Iron Hands\n|move|p1b: Iron Hands|Drain Punch|p2b: Iron Hands\n|-damage|p2b: Iron Hands|44\/100\n|-heal|p1b: Iron Hands|35\/100|[from] drain|[of] p2b: Iron Hands\n|\n|upkeep\n|turn|6\n|\n|t:|1700720823\n|move|p1a: Landorus|Stomping Tantrum|p2b: Iron Hands\n|-supereffective|p2b: Iron Hands\n|-damage|p2b: Iron Hands|8\/100\n|move|p2b: Iron Hands|Drain Punch|p1b: Iron Hands\n|-damage|p1b: Iron Hands|6\/100\n|-heal|p2b: Iron Hands|22\/100|[from] drain|[of] p1b: Iron Hands\n|move|p1b: Iron Hands|Drain Punch|p2b: Iron Hands\n|-damage|p2b: Iron Hands|7\/100\n|-heal|p1b: Iron Hands|13\/100|[from] drain|[of] p2b: Iron Hands\n|\n|upkeep\n|turn|7\n|\n|t:|1700720836\n|move|p1a: Landorus|Stomping Tantrum|p2b: Iron Hands\n|-supereffective|p2b: Iron Hands\n|-damage|p2b: Iron Hands|0 fnt\n|faint|p2b: Iron Hands\n|-end|p2b: Iron Hands|Quark Drive|[silent]\n|\n|win|mochipupusa\n|raw|mochipupusa's rating: 1267 &rarr; <strong>1287<\/strong><br \/>(+20 for winning)\n|raw|nightbutterfly's rating: 1192 &rarr; <strong>1172<\/strong><br \/>(-20 for losing)\n","uploadtime":1700720844,"views":4,"p1id":"mochipupusa","p2id":"nightbutterfly","formatid":"gen9vgc2023regulatione","rating":1172,"private":0,"password":""}