{"id":"gen9vgc2023regulatione-1998828039","p1":"Baba Banjo","p2":"2dchess","format":"[Gen 9] VGC 2023 Regulation E","log":"|j|\u2606Baba Banjo\n|j|\u26062dchess\n|t:|1700998962\n|gametype|doubles\n|player|p1|Baba Banjo|unknown|1540\n|player|p2|2dchess|170|1503\n|teamsize|p1|6\n|teamsize|p2|6\n|gen|9\n|tier|[Gen 9] VGC 2023 Regulation E\n|rated|\n|rule|Species Clause: Limit one of each Pok\u00e9mon\n|rule|Item Clause: Limit one of each item\n|clearpoke\n|poke|p1|Flutter Mane, L50|\n|poke|p1|Landorus-Therian, L50, M|\n|poke|p1|Gothitelle, L50, M|\n|poke|p1|Ogerpon-Wellspring, L50, F|\n|poke|p1|Chien-Pao, L50|\n|poke|p1|Dragonite, L50, M|\n|poke|p2|Roaring Moon, L50|\n|poke|p2|Heatran, L50, M|\n|poke|p2|Landorus-Therian, L50, M|\n|poke|p2|Amoonguss, L50, M|\n|poke|p2|Flutter Mane, L50|\n|poke|p2|Iron Hands, L50|\n|teampreview|4\n|\n|t:|1700998984\n|start\n|switch|p1a: Dragonite|Dragonite, L50, M|100\/100\n|switch|p1b: Chien-Pao|Chien-Pao, L50|100\/100\n|switch|p2a: Landorus|Landorus-Therian, L50, M|100\/100\n|switch|p2b: Amoonguss|Amoonguss, L50, M, shiny|100\/100\n|-ability|p2a: Landorus|Intimidate|boost\n|-fail|p1a: Dragonite|unboost|Attack|[from] ability: Inner Focus|[of] p1a: Dragonite\n|-unboost|p1b: Chien-Pao|atk|1\n|-ability|p1b: Chien-Pao|Sword of Ruin\n|turn|1\n|\n|t:|1700999002\n|switch|p2a: Heatran|Heatran, L50, M|100\/100\n|-terastallize|p2b: Amoonguss|Water\n|move|p1b: Chien-Pao|Ice Shard|p2a: Heatran\n|-resisted|p2a: Heatran\n|-damage|p2a: Heatran|97\/100\n|move|p1a: Dragonite|Aerial Ace|p2b: Amoonguss\n|-damage|p2b: Amoonguss|50\/100\n|-enditem|p2b: Amoonguss|Sitrus Berry|[eat]\n|-heal|p2b: Amoonguss|75\/100|[from] item: Sitrus Berry\n|move|p2b: Amoonguss|Spore|p1a: Dragonite\n|-status|p1a: Dragonite|slp|[from] move: Spore\n|\n|upkeep\n|turn|2\n|\n|t:|1700999017\n|switch|p1b: Ogerpon|Ogerpon-Wellspring, L50, F|100\/100\n|switch|p2a: Flutter Mane|Flutter Mane, L50|100\/100\n|cant|p1a: Dragonite|slp\n|move|p2b: Amoonguss|Spore|p1b: Ogerpon\n|-immune|p1b: Ogerpon\n|\n|upkeep\n|turn|3\n|inactive|Battle timer is ON: inactive players will automatically lose when time's up. (requested by 2dchess)\n|\n|t:|1700999051\n|switch|p1a: Landorus|Landorus-Therian, L50, M|100\/100\n|-ability|p1a: Landorus|Intimidate|boost\n|-unboost|p2a: Flutter Mane|atk|1\n|-unboost|p2b: Amoonguss|atk|1\n|switch|p2b: Landorus|Landorus-Therian, L50, M|100\/100\n|-ability|p2b: Landorus|Intimidate|boost\n|-unboost|p1a: Landorus|atk|1\n|-unboost|p1b: Ogerpon|atk|1\n|move|p2a: Flutter Mane|Moonblast|p1a: Landorus\n|-damage|p1a: Landorus|15\/100\n|move|p1b: Ogerpon|Horn Leech|p2b: Landorus\n|-damage|p2b: Landorus|69\/100\n|\n|upkeep\n|turn|4\n|\n|t:|1700999075\n|-terastallize|p1b: Ogerpon|Water\n|detailschange|p1b: Ogerpon|Ogerpon-Wellspring-Tera, L50, F, tera:Water\n|-ability|p1b: Ogerpon|Embody Aspect (Wellspring)|boost\n|-boost|p1b: Ogerpon|spd|1\n|move|p2b: Landorus|U-turn|p1a: Landorus\n|-resisted|p1a: Landorus\n|-damage|p1a: Landorus|0 fnt\n|faint|p1a: Landorus\n|\n|t:|1700999083\n|switch|p2b: Amoonguss|Amoonguss, L50, M, shiny, tera:Water|100\/100|[from] U-turn\n|move|p2a: Flutter Mane|Moonblast|p1b: Ogerpon\n|-damage|p1b: Ogerpon|58\/100\n|move|p1b: Ogerpon|Swords Dance|p1b: Ogerpon\n|-boost|p1b: Ogerpon|atk|2\n|\n|upkeep\n|\n|t:|1700999087\n|switch|p1a: Dragonite|Dragonite, L50, M|100\/100 slp\n|turn|5\n|\n|t:|1700999100\n|switch|p2b: Landorus|Landorus-Therian, L50, M|69\/100\n|-ability|p2b: Landorus|Intimidate|boost\n|-fail|p1a: Dragonite|unboost|Attack|[from] ability: Inner Focus|[of] p1a: Dragonite\n|-unboost|p1b: Ogerpon|atk|1\n|move|p2a: Flutter Mane|Moonblast|p1a: Dragonite\n|-supereffective|p1a: Dragonite\n|-damage|p1a: Dragonite|0 fnt\n|faint|p1a: Dragonite\n|move|p1b: Ogerpon|Horn Leech|p2b: Landorus\n|-damage|p2b: Landorus|20\/100\n|-heal|p1b: Ogerpon|82\/100|[from] drain|[of] p2b: Landorus\n|\n|upkeep\n|\n|t:|1700999104\n|switch|p1a: Chien-Pao|Chien-Pao, L50|100\/100\n|-ability|p1a: Chien-Pao|Sword of Ruin\n|turn|6\n|\n|t:|1700999121\n|switch|p2b: Heatran|Heatran, L50, M|97\/100\n|-end|p2a: Flutter Mane|Protosynthesis|[silent]\n|switch|p2a: Amoonguss|Amoonguss, L50, M, shiny, tera:Water|100\/100\n|move|p1a: Chien-Pao|Protect|p1a: Chien-Pao\n|-singleturn|p1a: Chien-Pao|Protect\n|move|p1b: Ogerpon|Horn Leech|p2a: Amoonguss\n|-supereffective|p2a: Amoonguss\n|-damage|p2a: Amoonguss|18\/100\n|-heal|p1b: Ogerpon|100\/100|[from] drain|[of] p2a: Amoonguss\n|\n|upkeep\n|turn|7\n|inactive|Baba Banjo has 30 seconds left.\n|inactive|2dchess has 30 seconds left.\n|\n|t:|1700999158\n|switch|p2b: Landorus|Landorus-Therian, L50, M|20\/100\n|-ability|p2b: Landorus|Intimidate|boost\n|-unboost|p1a: Chien-Pao|atk|1\n|-unboost|p1b: Ogerpon|atk|1\n|move|p2a: Amoonguss|Protect|p2a: Amoonguss\n|-singleturn|p2a: Amoonguss|Protect\n|move|p1a: Chien-Pao|Throat Chop|p2a: Amoonguss\n|-activate|p2a: Amoonguss|move: Protect\n|move|p1b: Ogerpon|Ivy Cudgel|p2b: Landorus|[anim] Ivy Cudgel Water\n|-supereffective|p2b: Landorus\n|-damage|p2b: Landorus|0 fnt\n|faint|p2b: Landorus\n|\n|upkeep\n|\n|t:|1700999173\n|switch|p2b: Flutter Mane|Flutter Mane, L50|100\/100\n|turn|8\n|\n|t:|1700999190\n|switch|p2a: Heatran|Heatran, L50, M|97\/100\n|move|p2b: Flutter Mane|Dazzling Gleam|p1a: Chien-Pao|[spread] p1a,p1b\n|-supereffective|p1a: Chien-Pao\n|-enditem|p1a: Chien-Pao|Focus Sash\n|-damage|p1a: Chien-Pao|1\/100\n|-damage|p1b: Ogerpon|76\/100\n|move|p1a: Chien-Pao|Throat Chop|p2a: Heatran\n|-damage|p2a: Heatran|65\/100\n|-start|p2a: Heatran|Throat Chop|[silent]\n|move|p1b: Ogerpon|Ivy Cudgel|p2b: Flutter Mane|[anim] Ivy Cudgel Water\n|-damage|p2b: Flutter Mane|0 fnt\n|faint|p2b: Flutter Mane\n|-end|p2b: Flutter Mane|Protosynthesis|[silent]\n|\n|upkeep\n|\n|t:|1700999195\n|switch|p2b: Amoonguss|Amoonguss, L50, M, shiny, tera:Water|51\/100\n|turn|9\n|\n|t:|1700999221\n|move|p1a: Chien-Pao|Protect|p1a: Chien-Pao\n|-singleturn|p1a: Chien-Pao|Protect\n|move|p2a: Heatran|Protect|p2a: Heatran\n|-singleturn|p2a: Heatran|Protect\n|move|p1b: Ogerpon|Horn Leech|p2b: Amoonguss\n|-supereffective|p2b: Amoonguss\n|-damage|p2b: Amoonguss|0 fnt\n|-heal|p1b: Ogerpon|100\/100|[from] drain|[of] p2b: Amoonguss\n|faint|p2b: Amoonguss\n|\n|-end|p2a: Heatran|Throat Chop|[silent]\n|upkeep\n|turn|10\n|\n|t:|1700999233\n|move|p1a: Chien-Pao|Throat Chop|p2a: Heatran\n|-damage|p2a: Heatran|32\/100\n|-start|p2a: Heatran|Throat Chop|[silent]\n|move|p1b: Ogerpon|Ivy Cudgel|p2a: Heatran|[anim] Ivy Cudgel Water\n|-supereffective|p2a: Heatran\n|-damage|p2a: Heatran|0 fnt\n|faint|p2a: Heatran\n|\n|win|Baba Banjo\n|raw|Baba Banjo's rating: 1540 &rarr; <strong>1558<\/strong><br \/>(+18 for winning)\n|raw|2dchess's rating: 1503 &rarr; <strong>1485<\/strong><br \/>(-18 for losing)\n|l|\u26062dchess\n","uploadtime":1700999690,"views":7,"p1id":"bababanjo","p2id":"2dchess","formatid":"gen9vgc2023regulatione","rating":1485,"private":0,"password":""}