{"id":"gen9vgc2023regulatione-1989373704","p1":"shintales","p2":"Jhonnyflames","format":"[Gen 9] VGC 2023 Regulation E","log":"|j|\u2606shintales\n|j|\u2606Jhonnyflames\n|t:|1699842198\n|gametype|doubles\n|player|p1|shintales|101|1052\n|player|p2|Jhonnyflames|firebreather|1081\n|teamsize|p1|6\n|teamsize|p2|6\n|gen|9\n|tier|[Gen 9] VGC 2023 Regulation E\n|rated|\n|rule|Species Clause: Limit one of each Pok\u00e9mon\n|rule|Item Clause: Limit one of each item\n|clearpoke\n|poke|p1|Lilligant, L50, F|\n|poke|p1|Torkoal, L50, M|\n|poke|p1|Roaring Moon, L50|\n|poke|p1|Landorus-Therian, L50, M|\n|poke|p1|Zapdos, L50|\n|poke|p1|Farigiraf, L50, F|\n|poke|p2|Landorus, L50, M|\n|poke|p2|Sableye, L50, F|\n|poke|p2|Meowscarada, L50, F|\n|poke|p2|Clefairy, L50, M|\n|poke|p2|Arcanine-Hisui, L50, M|\n|poke|p2|Shiftry, L50, F|\n|teampreview|4\n|inactive|Battle timer is ON: inactive players will automatically lose when time's up. (requested by Jhonnyflames)\n|\n|t:|1699842213\n|start\n|switch|p1a: Lilligant|Lilligant, L50, F|100\/100\n|switch|p1b: Torkoal|Torkoal, L50, M|100\/100\n|switch|p2a: Sableye|Sableye, L50, F, shiny|100\/100\n|switch|p2b: Shiftry|Shiftry, L50, F|100\/100\n|-weather|SunnyDay|[from] ability: Drought|[of] p1b: Torkoal\n|turn|1\n|\n|t:|1699842233\n|move|p2a: Sableye|Taunt|p1a: Lilligant\n|-start|p1a: Lilligant|move: Taunt\n|move|p1a: Lilligant|Weather Ball|p2b: Shiftry\n|-supereffective|p2b: Shiftry\n|-enditem|p2b: Shiftry|Focus Sash\n|-damage|p2b: Shiftry|1\/100\n|-damage|p1a: Lilligant|90\/100|[from] item: Life Orb\n|move|p2b: Shiftry|Tailwind|p2b: Shiftry\n|-sidestart|p2: Jhonnyflames|move: Tailwind\n|-ability|p2b: Shiftry|Wind Rider|boost\n|-boost|p2b: Shiftry|atk|1\n|move|p1b: Torkoal|Yawn|p2a: Sableye\n|-start|p2a: Sableye|move: Yawn|[of] p1b: Torkoal\n|\n|-weather|SunnyDay|[upkeep]\n|upkeep\n|turn|2\n|inactive|shintales has 30 seconds left.\n|inactive|Jhonnyflames has 30 seconds left.\n|inactive|shintales has 20 seconds left.\n|\n|t:|1699842269\n|switch|p2b: Arcanine|Arcanine-Hisui, L50, M, shiny|100\/100\n|move|p2a: Sableye|Gravity|p2a: Sableye\n|-fieldstart|move: Gravity\n|move|p1a: Lilligant|Weather Ball|p2b: Arcanine\n|-resisted|p2b: Arcanine\n|-damage|p2b: Arcanine|81\/100\n|-damage|p1a: Lilligant|80\/100|[from] item: Life Orb\n|move|p1b: Torkoal|Overheat|p2a: Sableye\n|-damage|p2a: Sableye|4\/100\n|-unboost|p1b: Torkoal|spa|2\n|\n|-weather|SunnyDay|[upkeep]\n|-end|p2a: Sableye|move: Yawn|[silent]\n|-status|p2a: Sableye|slp\n|upkeep\n|turn|3\n|\n|t:|1699842291\n|switch|p1b: Landorus|Landorus-Therian, L50, M|100\/100\n|-ability|p1b: Landorus|Intimidate|boost\n|-unboost|p2a: Sableye|atk|1\n|-unboost|p2b: Arcanine|atk|1\n|-terastallize|p1a: Lilligant|Rock\n|move|p1a: Lilligant|Tera Blast|p2b: Arcanine|[anim] Tera Blast Rock\n|-supereffective|p2b: Arcanine\n|-damage|p2b: Arcanine|0 fnt\n|faint|p2b: Arcanine\n|-damage|p1a: Lilligant|70\/100|[from] item: Life Orb\n|cant|p2a: Sableye|slp\n|\n|-weather|SunnyDay|[upkeep]\n|-end|p1a: Lilligant|move: Taunt\n|upkeep\n|\n|t:|1699842308\n|switch|p2b: Landorus|Landorus, L50, M, shiny|100\/100\n|turn|4\n|\n|t:|1699842317\n|-curestatus|p2a: Sableye|slp|[msg]\n|move|p2a: Sableye|Helping Hand|p2b: Landorus\n|-singleturn|p2b: Landorus|Helping Hand|[of] p2a: Sableye\n|move|p2b: Landorus|Sandsear Storm|p1b: Landorus|[spread] p1a,p1b\n|-supereffective|p1a: Lilligant\n|-damage|p1a: Lilligant|0 fnt\n|-damage|p1b: Landorus|30\/100\n|faint|p1a: Lilligant\n|move|p1b: Landorus|Rock Slide|p2b: Landorus|[spread] p2a,p2b\n|-damage|p2a: Sableye|0 fnt\n|-damage|p2b: Landorus|75\/100\n|faint|p2a: Sableye\n|\n|-weather|SunnyDay|[upkeep]\n|-sideend|p2: Jhonnyflames|move: Tailwind\n|upkeep\n|\n|t:|1699842340\n|switch|p1a: Farigiraf|Farigiraf, L50, F|100\/100\n|switch|p2a: Shiftry|Shiftry, L50, F|1\/100\n|turn|5\n|\n|t:|1699842354\n|switch|p1b: Torkoal|Torkoal, L50, M|100\/100\n|move|p2a: Shiftry|Protect|p2a: Shiftry\n|-singleturn|p2a: Shiftry|Protect\n|move|p2b: Landorus|Sandsear Storm|p1a: Farigiraf|[spread] p1a,p1b\n|-crit|p1a: Farigiraf\n|-supereffective|p1b: Torkoal\n|-damage|p1a: Farigiraf|5\/100\n|-damage|p1b: Torkoal|0 fnt\n|-enditem|p1a: Farigiraf|Sitrus Berry|[eat]\n|-heal|p1a: Farigiraf|30\/100|[from] item: Sitrus Berry\n|faint|p1b: Torkoal\n|move|p1a: Farigiraf|Hyper Voice|p2a: Shiftry|[spread] p2b\n|-activate|p2a: Shiftry|move: Protect\n|-damage|p2b: Landorus|37\/100\n|\n|-weather|none\n|upkeep\n|\n|t:|1699842371\n|switch|p1b: Landorus|Landorus-Therian, L50, M|30\/100\n|-ability|p1b: Landorus|Intimidate|boost\n|-unboost|p2a: Shiftry|atk|1\n|-unboost|p2b: Landorus|atk|1\n|turn|6\n|\n|t:|1699842377\n|move|p2b: Landorus|Protect|p2b: Landorus\n|-singleturn|p2b: Landorus|Protect\n|move|p1b: Landorus|Rock Slide|p2a: Shiftry|[spread] p2a\n|-activate|p2b: Landorus|move: Protect\n|-damage|p2a: Shiftry|0 fnt\n|faint|p2a: Shiftry\n|move|p1a: Farigiraf|Hyper Voice|p2b: Landorus\n|-activate|p2b: Landorus|move: Protect\n|\n|-fieldend|move: Gravity\n|upkeep\n|turn|7\n|\n|t:|1699842398\n|move|p2b: Landorus|Sandsear Storm|p1a: Farigiraf|[spread] p1a\n|-immune|p1b: Landorus\n|-damage|p1a: Farigiraf|0 fnt\n|faint|p1a: Farigiraf\n|move|p1b: Landorus|Rock Slide|p2b: Landorus\n|-damage|p2b: Landorus|6\/100\n|\n|upkeep\n|turn|8\n|\n|t:|1699842411\n|move|p2b: Landorus|Psychic|p1b: Landorus\n|-damage|p1b: Landorus|0 fnt\n|faint|p1b: Landorus\n|\n|win|Jhonnyflames\n|raw|shintales's rating: 1052 &rarr; <strong>1036<\/strong><br \/>(-16 for losing)\n|raw|Jhonnyflames's rating: 1081 &rarr; <strong>1107<\/strong><br \/>(+26 for winning)\n|l|\u2606shintales\n","uploadtime":1699842685,"views":14,"p1id":"shintales","p2id":"jhonnyflames","formatid":"gen9vgc2023regulatione","rating":1036,"private":0,"password":""}