{"id":"gen9vgc2023regulatione-1988157438","p1":"Jarlomen","p2":"Hjkyff","format":"[Gen 9] VGC 2023 Regulation E","log":"|j|\u2606Jarlomen\n|j|\u2606Hjkyff\n|t:|1699677007\n|gametype|doubles\n|player|p1|Jarlomen|265|1058\n|player|p2|Hjkyff|2|1040\n|teamsize|p1|6\n|teamsize|p2|6\n|gen|9\n|tier|[Gen 9] VGC 2023 Regulation E\n|rated|\n|rule|Species Clause: Limit one of each Pok\u00e9mon\n|rule|Item Clause: Limit one of each item\n|clearpoke\n|poke|p1|Garchomp, L50, M|\n|poke|p1|Cresselia, L50, F|\n|poke|p1|Corviknight, L50, M|\n|poke|p1|Sylveon, L50, F|\n|poke|p1|Sneasler, L50, F|\n|poke|p1|Lokix, L50, F|\n|poke|p2|Snorlax, L50, F|\n|poke|p2|Sinistcha-Masterpiece, L50|\n|poke|p2|Landorus-Therian, L50, M|\n|poke|p2|Iron Hands, L50|\n|poke|p2|Clefairy, L50, F|\n|poke|p2|Kommo-o, L50, F|\n|teampreview|4\n|inactive|Battle timer is ON: inactive players will automatically lose when time's up. (requested by Jarlomen)\n|inactive|Jarlomen has 60 seconds left.\n|inactive|Hjkyff has 60 seconds left.\n|\n|t:|1699677053\n|start\n|switch|p1a: Garchomp|Garchomp, L50, M|100\/100\n|switch|p1b: Cresselia|Cresselia, L50, F|100\/100\n|switch|p2a: Dragonfruit|Kommo-o, L50, F, shiny|100\/100\n|switch|p2b: Extraterrestrial|Clefairy, L50, F, shiny|100\/100\n|turn|1\n|inactive|Jarlomen has 30 seconds left.\n|inactive|Hjkyff has 30 seconds left.\n|\n|t:|1699677086\n|-terastallize|p1a: Garchomp|Water\n|-terastallize|p2a: Dragonfruit|Steel\n|move|p2b: Extraterrestrial|Protect|p2b: Extraterrestrial\n|-singleturn|p2b: Extraterrestrial|Protect\n|move|p1a: Garchomp|Earthquake|p2b: Extraterrestrial|[spread] p2a\n|-activate|p2b: Extraterrestrial|move: Protect\n|-immune|p1b: Cresselia|[from] ability: Levitate\n|-supereffective|p2a: Dragonfruit\n|-damage|p2a: Dragonfruit|47\/100\n|move|p2a: Dragonfruit|Clangorous Soul|p2a: Dragonfruit\n|-boost|p2a: Dragonfruit|atk|1\n|-boost|p2a: Dragonfruit|def|1\n|-boost|p2a: Dragonfruit|spa|1\n|-boost|p2a: Dragonfruit|spd|1\n|-boost|p2a: Dragonfruit|spe|1\n|-damage|p2a: Dragonfruit|15\/100\n|-enditem|p2a: Dragonfruit|Throat Spray\n|-boost|p2a: Dragonfruit|spa|1|[from] item: Throat Spray\n|move|p1b: Cresselia|Calm Mind|p1b: Cresselia\n|-boost|p1b: Cresselia|spa|1\n|-boost|p1b: Cresselia|spd|1\n|\n|upkeep\n|turn|2\n|inactive|Jarlomen has 30 seconds left.\n|\n|t:|1699677115\n|move|p2a: Dragonfruit|Protect|p2a: Dragonfruit\n|-singleturn|p2a: Dragonfruit|Protect\n|move|p1a: Garchomp|Earthquake|p2a: Dragonfruit|[spread] p2b\n|-activate|p2a: Dragonfruit|move: Protect\n|-immune|p1b: Cresselia|[from] ability: Levitate\n|-damage|p2b: Extraterrestrial|64\/100\n|move|p1b: Cresselia|Calm Mind|p1b: Cresselia\n|-boost|p1b: Cresselia|spa|1\n|-boost|p1b: Cresselia|spd|1\n|move|p2b: Extraterrestrial|Heal Pulse|p2a: Dragonfruit\n|-activate|p2a: Dragonfruit|move: Protect\n|\n|upkeep\n|turn|3\n|\n|t:|1699677139\n|move|p2b: Extraterrestrial|Follow Me|p2b: Extraterrestrial\n|-singleturn|p2b: Extraterrestrial|move: Follow Me\n|move|p2a: Dragonfruit|Clanging Scales|p1a: Garchomp|[spread] p1a,p1b\n|-damage|p1a: Garchomp|19\/100\n|-damage|p1b: Cresselia|76\/100\n|-unboost|p2a: Dragonfruit|def|1\n|move|p1a: Garchomp|Earthquake|p2b: Extraterrestrial|[spread] p2a,p2b\n|-immune|p1b: Cresselia|[from] ability: Levitate\n|-supereffective|p2a: Dragonfruit\n|-damage|p2a: Dragonfruit|0 fnt\n|-damage|p2b: Extraterrestrial|32\/100\n|faint|p2a: Dragonfruit\n|move|p1b: Cresselia|Calm Mind|p1b: Cresselia\n|-boost|p1b: Cresselia|spa|1\n|-boost|p1b: Cresselia|spd|1\n|\n|upkeep\n|\n|t:|1699677159\n|switch|p2a: Garfield|Landorus-Therian, L50, M, shiny|100\/100\n|-ability|p2a: Garfield|Intimidate|boost\n|-fail|p1a: Garchomp|unboost|[from] item: Clear Amulet|[of] p1a: Garchomp\n|-unboost|p1b: Cresselia|atk|1\n|turn|4\n|\n|t:|1699677170\n|move|p2b: Extraterrestrial|Protect|p2b: Extraterrestrial\n|-singleturn|p2b: Extraterrestrial|Protect\n|move|p2a: Garfield|U-turn|p1b: Cresselia\n|-supereffective|p1b: Cresselia\n|-damage|p1b: Cresselia|46\/100\n|\n|t:|1699677177\n|switch|p2a: High Fives|Iron Hands, L50|100\/100|[from] U-turn\n|move|p1a: Garchomp|Rock Slide|p2b: Extraterrestrial|[spread] p2a\n|-activate|p2b: Extraterrestrial|move: Protect\n|-resisted|p2a: High Fives\n|-damage|p2a: High Fives|95\/100\n|move|p1b: Cresselia|Lunar Blessing|p1b: Cresselia|[spread] p1a,p1b\n|-heal|p1a: Garchomp|44\/100\n|-heal|p1b: Cresselia|71\/100\n|\n|upkeep\n|turn|5\n|inactive|Hjkyff has 30 seconds left.\n|inactive|Hjkyff has 20 seconds left.\n|inactive|Hjkyff has 15 seconds left.\n|inactive|Hjkyff has 10 seconds left.\n|\n|t:|1699677224\n|move|p2b: Extraterrestrial|Helping Hand|p2a: High Fives\n|-singleturn|p2a: High Fives|Helping Hand|[of] p2b: Extraterrestrial\n|move|p1a: Garchomp|Earthquake|p2b: Extraterrestrial|[spread] p2a,p2b\n|-immune|p1b: Cresselia|[from] ability: Levitate\n|-supereffective|p2a: High Fives\n|-damage|p2a: High Fives|49\/100\n|-damage|p2b: Extraterrestrial|1\/100\n|move|p1b: Cresselia|Stored Power|p2a: High Fives\n|-supereffective|p2a: High Fives\n|-damage|p2a: High Fives|0 fnt\n|faint|p2a: High Fives\n|-end|p2a: High Fives|Quark Drive|[silent]\n|\n|upkeep\n|\n|t:|1699677237\n|switch|p2a: Garfield|Landorus-Therian, L50, M, shiny|100\/100\n|-ability|p2a: Garfield|Intimidate|boost\n|-fail|p1a: Garchomp|unboost|[from] item: Clear Amulet|[of] p1a: Garchomp\n|-unboost|p1b: Cresselia|atk|1\n|turn|6\n|\n|t:|1699677256\n|move|p2b: Extraterrestrial|Protect|p2b: Extraterrestrial\n|-singleturn|p2b: Extraterrestrial|Protect\n|move|p2a: Garfield|Stomping Tantrum|p1a: Garchomp\n|-damage|p1a: Garchomp|0 fnt\n|-damage|p2a: Garfield|88\/100|[from] ability: Rough Skin|[of] p1a: Garchomp\n|faint|p1a: Garchomp\n|move|p1b: Cresselia|Lunar Blessing|p1b: Cresselia\n|-heal|p1b: Cresselia|97\/100\n|\n|upkeep\n|\n|t:|1699677273\n|switch|p1a: Lokix|Lokix, L50, F|100\/100\n|turn|7\n|\n|t:|1699677283\n|move|p2b: Extraterrestrial|Helping Hand|p2a: Garfield\n|-singleturn|p2a: Garfield|Helping Hand|[of] p2b: Extraterrestrial\n|move|p1a: Lokix|First Impression|p2b: Extraterrestrial\n|-resisted|p2b: Extraterrestrial\n|-damage|p2b: Extraterrestrial|0 fnt\n|faint|p2b: Extraterrestrial\n|-damage|p1a: Lokix|91\/100|[from] item: Life Orb\n|move|p2a: Garfield|Stomping Tantrum|p1a: Lokix\n|-resisted|p1a: Lokix\n|-damage|p1a: Lokix|43\/100\n|move|p1b: Cresselia|Stored Power|p2a: Garfield\n|-damage|p2a: Garfield|0 fnt\n|faint|p2a: Garfield\n|\n|win|Jarlomen\n|raw|Jarlomen's rating: 1058 &rarr; <strong>1088<\/strong><br \/>(+30 for winning)\n|raw|Hjkyff's rating: 1040 &rarr; <strong>1025<\/strong><br \/>(-15 for losing)\n|c|\u2606Jarlomen|gg\n|l|\u2606Hjkyff\n","uploadtime":1699677305,"views":41,"p1id":"jarlomen","p2id":"hjkyff","formatid":"gen9vgc2023regulatione","rating":1025,"private":0,"password":""}