{"id":"gen9vgc2023regulatione-1992415681","p1":"Agent D01","p2":"eren honyao","format":"[Gen 9] VGC 2023 Regulation E","log":"|j|\u2606Agent D01\n|j|\u2606eren honyao\n|t:|1700184941\n|gametype|doubles\n|player|p1|Agent D01|benga|1290\n|player|p2|eren honyao|wallace|1378\n|teamsize|p1|6\n|teamsize|p2|6\n|gen|9\n|tier|[Gen 9] VGC 2023 Regulation E\n|rated|\n|rule|Species Clause: Limit one of each Pok\u00e9mon\n|rule|Item Clause: Limit one of each item\n|clearpoke\n|poke|p1|Dragonite, L50, F|\n|poke|p1|Chien-Pao, L50|\n|poke|p1|Landorus-Therian, L50, M|\n|poke|p1|Farigiraf, L50, M|\n|poke|p1|Iron Hands, L50|\n|poke|p1|Amoonguss, L50, F|\n|poke|p2|Urshifu-*, L50, M|\n|poke|p2|Ogerpon-Wellspring, L50, F|\n|poke|p2|Tornadus, L50, M|\n|poke|p2|Arcanine-Hisui, L50, M|\n|poke|p2|Gholdengo, L50|\n|poke|p2|Iron Hands, L50|\n|teampreview|4\n|\n|t:|1700184981\n|start\n|switch|p1a: Amoonguss|Amoonguss, L50, F|100\/100\n|switch|p1b: Landorus|Landorus-Therian, L50, M|100\/100\n|switch|p2a: \u65e5\u7099\u91ce\u706b|Arcanine-Hisui, L50, M, shiny|100\/100\n|switch|p2b: \u67d0\u541b\u6606\u4ef2|Iron Hands, L50, shiny|100\/100\n|-ability|p2a: \u65e5\u7099\u91ce\u706b|Intimidate|boost\n|-unboost|p1a: Amoonguss|atk|1\n|-fail|p1b: Landorus|unboost|[from] item: Clear Amulet|[of] p1b: Landorus\n|-ability|p1b: Landorus|Intimidate|boost\n|-unboost|p2a: \u65e5\u7099\u91ce\u706b|atk|1\n|-unboost|p2b: \u67d0\u541b\u6606\u4ef2|atk|1\n|turn|1\n|\n|t:|1700184994\n|switch|p2a: \u6e05\u6cc9|Ogerpon-Wellspring, L50, F|100\/100\n|-end|p2b: \u67d0\u541b\u6606\u4ef2|Quark Drive|[silent]\n|switch|p2b: \u5361\u5361|Gholdengo, L50, shiny|100\/100\n|move|p1a: Amoonguss|Rage Powder|p1a: Amoonguss\n|-singleturn|p1a: Amoonguss|move: Rage Powder\n|move|p1b: Landorus|Stomping Tantrum|p2a: \u6e05\u6cc9\n|-resisted|p2a: \u6e05\u6cc9\n|-damage|p2a: \u6e05\u6cc9|78\/100\n|\n|upkeep\n|turn|2\n|\n|t:|1700185011\n|move|p1b: Landorus|Protect|p1b: Landorus\n|-singleturn|p1b: Landorus|Protect\n|move|p2a: \u6e05\u6cc9|Ivy Cudgel|p1b: Landorus|[anim] Ivy Cudgel Water\n|-activate|p1b: Landorus|move: Protect\n|move|p2b: \u5361\u5361|Nasty Plot|p2b: \u5361\u5361\n|-boost|p2b: \u5361\u5361|spa|2\n|move|p1a: Amoonguss|Sludge Bomb|p2a: \u6e05\u6cc9\n|-supereffective|p2a: \u6e05\u6cc9\n|-damage|p2a: \u6e05\u6cc9|26\/100\n|\n|upkeep\n|turn|3\n|\n|t:|1700185049\n|switch|p1b: Chien-Pao|Chien-Pao, L50|100\/100\n|-ability|p1b: Chien-Pao|Sword of Ruin\n|move|p2a: \u6e05\u6cc9|Spiky Shield|p2a: \u6e05\u6cc9\n|-singleturn|p2a: \u6e05\u6cc9|move: Protect\n|move|p2b: \u5361\u5361|Make It Rain|p1b: Chien-Pao|[spread] p1a,p1b\n|-supereffective|p1b: Chien-Pao\n|-damage|p1a: Amoonguss|28\/100\n|-enditem|p1b: Chien-Pao|Focus Sash\n|-damage|p1b: Chien-Pao|1\/100\n|-unboost|p2b: \u5361\u5361|spa|1\n|move|p1a: Amoonguss|Sludge Bomb|p2a: \u6e05\u6cc9\n|-activate|p2a: \u6e05\u6cc9|move: Protect\n|\n|upkeep\n|turn|4\n|\n|t:|1700185075\n|switch|p2a: \u67d0\u541b\u6606\u4ef2|Iron Hands, L50, shiny|100\/100\n|switch|p1a: Landorus|Landorus-Therian, L50, M|100\/100\n|-ability|p1a: Landorus|Intimidate|boost\n|-unboost|p2a: \u67d0\u541b\u6606\u4ef2|atk|1\n|-unboost|p2b: \u5361\u5361|atk|1\n|-terastallize|p2b: \u5361\u5361|Dragon\n|move|p1b: Chien-Pao|Protect|p1b: Chien-Pao\n|-singleturn|p1b: Chien-Pao|Protect\n|move|p2b: \u5361\u5361|Make It Rain|p1a: Landorus|[spread] p1a\n|-activate|p1b: Chien-Pao|move: Protect\n|-damage|p1a: Landorus|32\/100\n|-unboost|p2b: \u5361\u5361|spa|1\n|\n|upkeep\n|turn|5\n|\n|t:|1700185105\n|switch|p1b: Amoonguss|Amoonguss, L50, F|61\/100\n|move|p2b: \u5361\u5361|Protect|p2b: \u5361\u5361\n|-singleturn|p2b: \u5361\u5361|Protect\n|move|p1a: Landorus|Stomping Tantrum|p2a: \u67d0\u541b\u6606\u4ef2\n|-supereffective|p2a: \u67d0\u541b\u6606\u4ef2\n|-damage|p2a: \u67d0\u541b\u6606\u4ef2|47\/100\n|move|p2a: \u67d0\u541b\u6606\u4ef2|Wild Charge|p1b: Amoonguss\n|-resisted|p1b: Amoonguss\n|-crit|p1b: Amoonguss\n|-damage|p1b: Amoonguss|32\/100\n|-damage|p2a: \u67d0\u541b\u6606\u4ef2|31\/100|[from] item: Rocky Helmet|[of] p1b: Amoonguss\n|-damage|p2a: \u67d0\u541b\u6606\u4ef2|24\/100|[from] Recoil\n|\n|upkeep\n|turn|6\n|\n|t:|1700185123\n|-end|p2a: \u67d0\u541b\u6606\u4ef2|Quark Drive|[silent]\n|switch|p2a: \u6e05\u6cc9|Ogerpon-Wellspring, L50, F|26\/100\n|move|p1a: Landorus|Stomping Tantrum|p2a: \u6e05\u6cc9\n|-resisted|p2a: \u6e05\u6cc9\n|-damage|p2a: \u6e05\u6cc9|3\/100\n|move|p2b: \u5361\u5361|Nasty Plot|p2b: \u5361\u5361\n|-boost|p2b: \u5361\u5361|spa|2\n|move|p1b: Amoonguss|Sludge Bomb|p2b: \u5361\u5361\n|-damage|p2b: \u5361\u5361|74\/100\n|\n|-heal|p2b: \u5361\u5361|80\/100|[from] item: Leftovers\n|upkeep\n|turn|7\n|\n|t:|1700185140\n|move|p2a: \u6e05\u6cc9|Spiky Shield|p2a: \u6e05\u6cc9\n|-singleturn|p2a: \u6e05\u6cc9|move: Protect\n|move|p1a: Landorus|Stomping Tantrum|p2a: \u6e05\u6cc9\n|-activate|p2a: \u6e05\u6cc9|move: Protect\n|-damage|p1a: Landorus|20\/100|[from] Spiky Shield|[of] p2a: \u6e05\u6cc9\n|move|p2b: \u5361\u5361|Make It Rain|p1b: Amoonguss|[spread] p1a,p1b\n|-damage|p1a: Landorus|0 fnt\n|-damage|p1b: Amoonguss|0 fnt\n|-unboost|p2b: \u5361\u5361|spa|1\n|faint|p1a: Landorus\n|faint|p1b: Amoonguss\n|\n|-heal|p2b: \u5361\u5361|87\/100|[from] item: Leftovers\n|upkeep\n|\n|t:|1700185146\n|switch|p1a: Chien-Pao|Chien-Pao, L50|1\/100\n|switch|p1b: Dragonite|Dragonite, L50, F|100\/100\n|-ability|p1a: Chien-Pao|Sword of Ruin\n|turn|8\n|\n|t:|1700185163\n|-terastallize|p1b: Dragonite|Normal\n|move|p2b: \u5361\u5361|Protect|p2b: \u5361\u5361\n|-singleturn|p2b: \u5361\u5361|Protect\n|move|p2a: \u6e05\u6cc9|Follow Me|p2a: \u6e05\u6cc9\n|-singleturn|p2a: \u6e05\u6cc9|move: Follow Me\n|move|p1b: Dragonite|Extreme Speed|p2a: \u6e05\u6cc9\n|-damage|p2a: \u6e05\u6cc9|0 fnt\n|faint|p2a: \u6e05\u6cc9\n|move|p1a: Chien-Pao|Ice Spinner|p2b: \u5361\u5361\n|-activate|p2b: \u5361\u5361|move: Protect\n|\n|-heal|p2b: \u5361\u5361|93\/100|[from] item: Leftovers\n|upkeep\n|\n|t:|1700185172\n|switch|p2a: \u67d0\u541b\u6606\u4ef2|Iron Hands, L50, shiny|24\/100\n|turn|9\n|\n|t:|1700185190\n|-end|p2a: \u67d0\u541b\u6606\u4ef2|Quark Drive|[silent]\n|switch|p2a: \u65e5\u7099\u91ce\u706b|Arcanine-Hisui, L50, M, shiny|100\/100\n|-ability|p2a: \u65e5\u7099\u91ce\u706b|Intimidate|boost\n|-unboost|p1a: Chien-Pao|atk|1\n|-unboost|p1b: Dragonite|atk|1\n|move|p1a: Chien-Pao|Protect|p1a: Chien-Pao\n|-singleturn|p1a: Chien-Pao|Protect\n|move|p2b: \u5361\u5361|Make It Rain|p1a: Chien-Pao|[spread] p1b\n|-activate|p1a: Chien-Pao|move: Protect\n|-damage|p1b: Dragonite|70\/100\n|-unboost|p2b: \u5361\u5361|spa|1\n|move|p1b: Dragonite|Stomping Tantrum|p2a: \u65e5\u7099\u91ce\u706b\n|-supereffective|p2a: \u65e5\u7099\u91ce\u706b\n|-damage|p2a: \u65e5\u7099\u91ce\u706b|0 fnt\n|faint|p2a: \u65e5\u7099\u91ce\u706b\n|\n|-heal|p2b: \u5361\u5361|99\/100|[from] item: Leftovers\n|upkeep\n|\n|t:|1700185209\n|switch|p2a: \u67d0\u541b\u6606\u4ef2|Iron Hands, L50, shiny|24\/100\n|turn|10\n|\n|t:|1700185223\n|move|p2a: \u67d0\u541b\u6606\u4ef2|Fake Out|p1a: Chien-Pao\n|-damage|p1a: Chien-Pao|0 fnt\n|faint|p1a: Chien-Pao\n|move|p1b: Dragonite|Extreme Speed|p2a: \u67d0\u541b\u6606\u4ef2\n|-damage|p2a: \u67d0\u541b\u6606\u4ef2|3\/100\n|move|p2b: \u5361\u5361|Make It Rain|p1b: Dragonite\n|-damage|p1b: Dragonite|20\/100\n|-unboost|p2b: \u5361\u5361|spa|1\n|\n|-heal|p2b: \u5361\u5361|100\/100|[from] item: Leftovers\n|upkeep\n|turn|11\n|\n|t:|1700185235\n|move|p2b: \u5361\u5361|Make It Rain|p1b: Dragonite\n|-damage|p1b: Dragonite|0 fnt\n|-unboost|p2b: \u5361\u5361|spa|1\n|faint|p1b: Dragonite\n|\n|win|eren honyao\n|raw|Agent D01's rating: 1290 &rarr; <strong>1271<\/strong><br \/>(-19 for losing)\n|raw|eren honyao's rating: 1378 &rarr; <strong>1393<\/strong><br \/>(+15 for winning)\n|l|\u2606Agent D01\n","uploadtime":1700185761,"views":18,"p1id":"agentd01","p2id":"erenhonyao","formatid":"gen9vgc2023regulatione","rating":1271,"private":0,"password":""}