{"id":"gen9vgc2023regulatione-1999348214","p1":"CharlienoB","p2":"nickmitch","format":"[Gen 9] VGC 2023 Regulation E","log":"|j|\u2606CharlienoB\n|j|\u2606nickmitch\n|t:|1701064388\n|gametype|doubles\n|player|p1|CharlienoB|169|1101\n|player|p2|nickmitch|clerk|1210\n|teamsize|p1|6\n|teamsize|p2|6\n|gen|9\n|tier|[Gen 9] VGC 2023 Regulation E\n|rated|\n|rule|Species Clause: Limit one of each Pok\u00e9mon\n|rule|Item Clause: Limit one of each item\n|clearpoke\n|poke|p1|Gholdengo, L50|\n|poke|p1|Glimmora, L50, M|\n|poke|p1|Amoonguss, L50, F|\n|poke|p1|Arcanine-Hisui, L50, M|\n|poke|p1|Iron Bundle, L50|\n|poke|p1|Hippowdon, L50, M|\n|poke|p2|Fezandipiti, L50, M|\n|poke|p2|Garganacl, L50, M|\n|poke|p2|Ogerpon-Wellspring, L50, F|\n|poke|p2|Flutter Mane, L50|\n|poke|p2|Wo-Chien, L50|\n|poke|p2|Iron Hands, L50|\n|teampreview|4\n|\n|t:|1701064443\n|start\n|switch|p1a: Iron Bundle|Iron Bundle, L50|100\/100\n|switch|p1b: Arcanine|Arcanine-Hisui, L50, M|100\/100\n|switch|p2a: Ogerpon|Ogerpon-Wellspring, L50, F|100\/100\n|switch|p2b: Fezandipiti|Fezandipiti, L50, M|100\/100\n|-ability|p1b: Arcanine|Intimidate|boost\n|-unboost|p2a: Ogerpon|atk|1\n|-unboost|p2b: Fezandipiti|atk|1\n|-enditem|p1a: Iron Bundle|Booster Energy\n|-activate|p1a: Iron Bundle|ability: Quark Drive|[fromitem]\n|-start|p1a: Iron Bundle|quarkdrivespe\n|turn|1\n|inactive|Battle timer is ON: inactive players will automatically lose when time's up. (requested by CharlienoB)\n|\n|t:|1701064461\n|move|p1a: Iron Bundle|Icy Wind|p2a: Ogerpon|[spread] p2a,p2b\n|-damage|p2a: Ogerpon|83\/100\n|-damage|p2b: Fezandipiti|86\/100\n|-unboost|p2a: Ogerpon|spe|1\n|-unboost|p2b: Fezandipiti|spe|1\n|move|p1b: Arcanine|Rock Slide|p2a: Ogerpon|[spread] p2b\n|-miss|p1b: Arcanine|p2a: Ogerpon\n|-damage|p2b: Fezandipiti|47\/100\n|-enditem|p2b: Fezandipiti|Sitrus Berry|[eat]\n|-heal|p2b: Fezandipiti|72\/100|[from] item: Sitrus Berry\n|move|p2a: Ogerpon|Ivy Cudgel|p1b: Arcanine|[anim] Ivy Cudgel Water\n|-supereffective|p1b: Arcanine\n|-damage|p1b: Arcanine|0 fnt\n|faint|p1b: Arcanine\n|cant|p2b: Fezandipiti|flinch\n|\n|upkeep\n|\n|t:|1701064473\n|switch|p1b: Glimmora|Glimmora, L50, M|100\/100\n|turn|2\n|\n|t:|1701064487\n|move|p2a: Ogerpon|Spiky Shield|p2a: Ogerpon\n|-singleturn|p2a: Ogerpon|move: Protect\n|move|p1a: Iron Bundle|Icy Wind|p2a: Ogerpon|[spread] p2b\n|-activate|p2a: Ogerpon|move: Protect\n|-damage|p2b: Fezandipiti|59\/100\n|-unboost|p2b: Fezandipiti|spe|1\n|move|p1b: Glimmora|Sludge Bomb|p2b: Fezandipiti\n|-damage|p2b: Fezandipiti|23\/100\n|move|p2b: Fezandipiti|Sludge Bomb|p1a: Iron Bundle\n|-damage|p1a: Iron Bundle|50\/100\n|-status|p1a: Iron Bundle|tox|[from] ability: Toxic Chain|[of] p2b: Fezandipiti\n|\n|-damage|p1a: Iron Bundle|44\/100 tox|[from] psn\n|upkeep\n|turn|3\n|\n|t:|1701064506\n|-terastallize|p1b: Glimmora|Fairy\n|move|p2b: Fezandipiti|Protect|p2b: Fezandipiti\n|-singleturn|p2b: Fezandipiti|Protect\n|move|p1a: Iron Bundle|Freeze-Dry|p2a: Ogerpon\n|-supereffective|p2a: Ogerpon\n|-damage|p2a: Ogerpon|0 fnt\n|faint|p2a: Ogerpon\n|move|p1b: Glimmora|Dazzling Gleam|p2b: Fezandipiti\n|-activate|p2b: Fezandipiti|move: Protect\n|\n|-damage|p1a: Iron Bundle|32\/100 tox|[from] psn\n|upkeep\n|\n|t:|1701064518\n|switch|p2a: Garganacl|Garganacl, L50, M|100\/100\n|turn|4\n|inactive|nickmitch has 30 seconds left.\n|\n|t:|1701064544\n|move|p1a: Iron Bundle|Icy Wind|p2a: Garganacl|[spread] p2a,p2b\n|-damage|p2a: Garganacl|85\/100\n|-damage|p2b: Fezandipiti|9\/100\n|-unboost|p2a: Garganacl|spe|1\n|-unboost|p2b: Fezandipiti|spe|1\n|move|p1b: Glimmora|Dazzling Gleam|p2a: Garganacl|[spread] p2a,p2b\n|-resisted|p2b: Fezandipiti\n|-damage|p2a: Garganacl|60\/100\n|-damage|p2b: Fezandipiti|0 fnt\n|faint|p2b: Fezandipiti\n|move|p2a: Garganacl|Body Press|p1a: Iron Bundle\n|-supereffective|p1a: Iron Bundle\n|-damage|p1a: Iron Bundle|0 fnt\n|faint|p1a: Iron Bundle\n|-end|p1a: Iron Bundle|Quark Drive|[silent]\n|\n|-heal|p2a: Garganacl|66\/100|[from] item: Leftovers\n|upkeep\n|\n|t:|1701064557\n|switch|p1a: Hippowdon|Hippowdon, L50, M|100\/100\n|switch|p2b: Flutter Mane|Flutter Mane, L50|100\/100\n|-weather|Sandstorm|[from] ability: Sand Stream|[of] p1a: Hippowdon\n|-enditem|p2b: Flutter Mane|Booster Energy\n|-activate|p2b: Flutter Mane|ability: Protosynthesis|[fromitem]\n|-start|p2b: Flutter Mane|protosynthesisspe\n|turn|5\n|\n|t:|1701064574\n|move|p2b: Flutter Mane|Protect|p2b: Flutter Mane\n|-singleturn|p2b: Flutter Mane|Protect\n|move|p1b: Glimmora|Sludge Bomb|p2a: Garganacl\n|-resisted|p2a: Garganacl\n|-damage|p2a: Garganacl|53\/100\n|move|p1a: Hippowdon|Heavy Slam|p2b: Flutter Mane\n|-activate|p2b: Flutter Mane|move: Protect\n|move|p2a: Garganacl|Heavy Slam|p1b: Glimmora\n|-supereffective|p1b: Glimmora\n|-damage|p1b: Glimmora|37\/100\n|-activate|p1b: Glimmora|ability: Toxic Debris\n|-sidestart|p2: nickmitch|move: Toxic Spikes\n|\n|-weather|Sandstorm|[upkeep]\n|-damage|p2b: Flutter Mane|94\/100|[from] Sandstorm\n|-damage|p1b: Glimmora|32\/100|[from] Sandstorm\n|-heal|p2a: Garganacl|58\/100|[from] item: Leftovers\n|upkeep\n|turn|6\n|inactive|nickmitch has 30 seconds left.\n|\n|t:|1701064604\n|-terastallize|p2b: Flutter Mane|Fairy\n|move|p1b: Glimmora|Protect|p1b: Glimmora\n|-singleturn|p1b: Glimmora|Protect\n|move|p2b: Flutter Mane|Moonblast|p1a: Hippowdon\n|-damage|p1a: Hippowdon|59\/100\n|move|p1a: Hippowdon|Heavy Slam|p2b: Flutter Mane\n|-supereffective|p2b: Flutter Mane\n|-damage|p2b: Flutter Mane|0 fnt\n|faint|p2b: Flutter Mane\n|-end|p2b: Flutter Mane|Protosynthesis|[silent]\n|move|p2a: Garganacl|Heavy Slam|p1b: Glimmora\n|-activate|p1b: Glimmora|move: Protect\n|\n|-weather|Sandstorm|[upkeep]\n|-damage|p1b: Glimmora|26\/100|[from] Sandstorm\n|-heal|p2a: Garganacl|64\/100|[from] item: Leftovers\n|upkeep\n|turn|7\n|\n|t:|1701064620\n|move|p1b: Glimmora|Sludge Bomb|p2a: Garganacl\n|-resisted|p2a: Garganacl\n|-damage|p2a: Garganacl|50\/100\n|move|p1a: Hippowdon|Substitute|p1a: Hippowdon\n|-start|p1a: Hippowdon|Substitute\n|-damage|p1a: Hippowdon|34\/100\n|-enditem|p1a: Hippowdon|Sitrus Berry|[eat]\n|-heal|p1a: Hippowdon|59\/100|[from] item: Sitrus Berry\n|move|p2a: Garganacl|Salt Cure|p1a: Hippowdon\n|-resisted|p1a: Hippowdon\n|-activate|p1a: Hippowdon|move: Substitute|[damage]\n|\n|-weather|Sandstorm|[upkeep]\n|-damage|p1b: Glimmora|20\/100|[from] Sandstorm\n|-heal|p2a: Garganacl|56\/100|[from] item: Leftovers\n|upkeep\n|turn|8\n|\n|t:|1701064638\n|move|p1b: Glimmora|Dazzling Gleam|p2a: Garganacl\n|-damage|p2a: Garganacl|31\/100\n|move|p1a: Hippowdon|Slack Off|p1a: Hippowdon\n|-heal|p1a: Hippowdon|100\/100\n|move|p2a: Garganacl|Body Press|p1a: Hippowdon\n|-end|p1a: Hippowdon|Substitute\n|\n|-weather|Sandstorm|[upkeep]\n|-damage|p1b: Glimmora|14\/100|[from] Sandstorm\n|-heal|p2a: Garganacl|37\/100|[from] item: Leftovers\n|upkeep\n|turn|9\n|\n|t:|1701064653\n|move|p2a: Garganacl|Wide Guard|p2a: Garganacl\n|-singleturn|p2a: Garganacl|Wide Guard\n|move|p1b: Glimmora|Dazzling Gleam|p2a: Garganacl\n|-activate|p2a: Garganacl|move: Wide Guard\n|move|p1a: Hippowdon|Heavy Slam|p2a: Garganacl\n|-supereffective|p2a: Garganacl\n|-damage|p2a: Garganacl|25\/100\n|\n|-weather|none\n|-heal|p2a: Garganacl|31\/100|[from] item: Leftovers\n|upkeep\n|turn|10\n|\n|t:|1701064664\n|move|p1b: Glimmora|Dazzling Gleam|p2a: Garganacl\n|-damage|p2a: Garganacl|0 fnt\n|faint|p2a: Garganacl\n|\n|win|CharlienoB\n|raw|CharlienoB's rating: 1101 &rarr; <strong>1134<\/strong><br \/>(+33 for winning)\n|raw|nickmitch's rating: 1210 &rarr; <strong>1177<\/strong><br \/>(-33 for losing)\n|c|\u2606nickmitch|gg\n","uploadtime":1701064672,"views":13,"p1id":"charlienob","p2id":"nickmitch","formatid":"gen9vgc2023regulatione","rating":1134,"private":0,"password":""}