{"id":"gen9vgc2023regulatione-1992622734","p1":"20071006w","p2":"Refanner","format":"[Gen 9] VGC 2023 Regulation E","log":"|j|\u260620071006w\n|j|\u2606Refanner\n|t:|1700216299\n|gametype|doubles\n|player|p1|20071006w|266|1385\n|player|p2|Refanner|1|1308\n|teamsize|p1|6\n|teamsize|p2|6\n|gen|9\n|tier|[Gen 9] VGC 2023 Regulation E\n|rated|\n|rule|Species Clause: Limit one of each Pok\u00e9mon\n|rule|Item Clause: Limit one of each item\n|clearpoke\n|poke|p1|Tornadus, L50, M|\n|poke|p1|Chien-Pao, L50|\n|poke|p1|Grimmsnarl, L50, M|\n|poke|p1|Ting-Lu, L50|\n|poke|p1|Landorus-Therian, L50, M|\n|poke|p1|Heatran, L50, F|\n|poke|p2|Glimmora, L50, M|\n|poke|p2|Urshifu-*, L50, F|\n|poke|p2|Tornadus, L50, M|\n|poke|p2|Ogerpon, L50, F|\n|poke|p2|Landorus-Therian, L50, M|\n|poke|p2|Regieleki, L50|\n|teampreview|4\n|inactive|Battle timer is ON: inactive players will automatically lose when time's up. (requested by 20071006w)\n|\n|t:|1700216403\n|start\n|switch|p1a: Tornadus|Tornadus, L50, M|100\/100\n|switch|p1b: Grimmsnarl|Grimmsnarl, L50, M|100\/100\n|switch|p2a: Regieleki|Regieleki, L50|100\/100\n|switch|p2b: Urshifu|Urshifu, L50, F|100\/100\n|turn|1\n|inactive|20071006w has 30 seconds left.\n|\n|t:|1700216431\n|switch|p1a: Landorus|Landorus-Therian, L50, M|100\/100\n|-ability|p1a: Landorus|Intimidate|boost\n|-unboost|p2a: Regieleki|atk|1\n|-unboost|p2b: Urshifu|atk|1\n|move|p1b: Grimmsnarl|Fake Out|p2b: Urshifu\n|-damage|p2b: Urshifu|89\/100\n|move|p2a: Regieleki|Electroweb|p1a: Landorus|[spread] p1b\n|-immune|p1a: Landorus\n|-damage|p1b: Grimmsnarl|75\/100\n|-unboost|p1b: Grimmsnarl|spe|1\n|-damage|p2a: Regieleki|91\/100|[from] item: Life Orb\n|cant|p2b: Urshifu|flinch\n|\n|upkeep\n|turn|2\n|inactive|Refanner has 30 seconds left.\n|\n|t:|1700216457\n|switch|p2b: Landorus|Landorus-Therian, L50, M|100\/100\n|-ability|p2b: Landorus|Intimidate|boost\n|-unboost|p1a: Landorus|atk|1\n|-unboost|p1b: Grimmsnarl|atk|1\n|-terastallize|p2a: Regieleki|Ice\n|move|p1b: Grimmsnarl|Parting Shot|p2a: Regieleki\n|-unboost|p2a: Regieleki|atk|1\n|-unboost|p2a: Regieleki|spa|1\n|\n|t:|1700216467\n|switch|p1b: Ting-Lu|Ting-Lu, L50|100\/100|[from] Parting Shot\n|-ability|p1b: Ting-Lu|Vessel of Ruin\n|move|p2a: Regieleki|Tera Blast|p1a: Landorus|[anim] Tera Blast Ice\n|-supereffective|p1a: Landorus\n|-damage|p1a: Landorus|0 fnt\n|faint|p1a: Landorus\n|-damage|p2a: Regieleki|81\/100|[from] item: Life Orb\n|\n|upkeep\n|\n|t:|1700216475\n|switch|p1a: Grimmsnarl|Grimmsnarl, L50, M|75\/100\n|turn|3\n|inactive|Refanner has 30 seconds left.\n|\n|t:|1700216507\n|move|p2a: Regieleki|Protect|p2a: Regieleki\n|-singleturn|p2a: Regieleki|Protect\n|move|p1a: Grimmsnarl|Fake Out|p2b: Landorus\n|-damage|p2b: Landorus|88\/100\n|cant|p2b: Landorus|flinch\n|move|p1b: Ting-Lu|Stomping Tantrum|p2a: Regieleki\n|-activate|p2a: Regieleki|move: Protect\n|\n|upkeep\n|turn|4\n|\n|t:|1700216529\n|-terastallize|p1b: Ting-Lu|Poison\n|move|p1a: Grimmsnarl|Parting Shot|p2b: Landorus\n|-unboost|p2b: Landorus|atk|1\n|-unboost|p2b: Landorus|spa|1\n|\n|t:|1700216533\n|switch|p1a: Tornadus|Tornadus, L50, M|100\/100|[from] Parting Shot\n|move|p2a: Regieleki|Volt Switch|p1a: Tornadus\n|-supereffective|p1a: Tornadus\n|-damage|p1a: Tornadus|33\/100\n|-damage|p2a: Regieleki|71\/100|[from] item: Life Orb\n|\n|t:|1700216541\n|switch|p2a: Ogerpon|Ogerpon, L50, F|100\/100|[from] Volt Switch\n|move|p2b: Landorus|U-turn|p1b: Ting-Lu\n|-resisted|p1b: Ting-Lu\n|-damage|p1b: Ting-Lu|96\/100\n|\n|t:|1700216548\n|switch|p2b: Urshifu|Urshifu, L50, F|89\/100|[from] U-turn\n|move|p1b: Ting-Lu|Stomping Tantrum|p2a: Ogerpon\n|-resisted|p2a: Ogerpon\n|-crit|p2a: Ogerpon\n|-damage|p2a: Ogerpon|79\/100\n|\n|-heal|p1b: Ting-Lu|100\/100|[from] item: Leftovers\n|upkeep\n|turn|5\n|\n|t:|1700216567\n|move|p1a: Tornadus|Acrobatics|p2a: Ogerpon\n|-supereffective|p2a: Ogerpon\n|-damage|p2a: Ogerpon|0 fnt\n|faint|p2a: Ogerpon\n|move|p2b: Urshifu|Substitute|p2b: Urshifu\n|-start|p2b: Urshifu|Substitute\n|-damage|p2b: Urshifu|64\/100\n|move|p1b: Ting-Lu|Fissure|p2b: Urshifu|[miss]\n|-miss|p1b: Ting-Lu|p2b: Urshifu\n|\n|upkeep\n|\n|t:|1700216581\n|switch|p2a: Regieleki|Regieleki, L50, tera:Ice|71\/100\n|turn|6\n|\n|t:|1700216592\n|move|p1a: Tornadus|Protect|p1a: Tornadus\n|-singleturn|p1a: Tornadus|Protect\n|move|p2b: Urshifu|Protect|p2b: Urshifu\n|-singleturn|p2b: Urshifu|Protect\n|move|p2a: Regieleki|Volt Switch|p1a: Tornadus\n|-activate|p1a: Tornadus|move: Protect\n|move|p1b: Ting-Lu|Stomping Tantrum|p2a: Regieleki\n|-damage|p2a: Regieleki|0 fnt\n|faint|p2a: Regieleki\n|\n|upkeep\n|\n|t:|1700216602\n|switch|p2a: Landorus|Landorus-Therian, L50, M|88\/100\n|-ability|p2a: Landorus|Intimidate|boost\n|-unboost|p1a: Tornadus|atk|1\n|-ability|p1a: Tornadus|Defiant|boost\n|-boost|p1a: Tornadus|atk|2\n|-unboost|p1b: Ting-Lu|atk|1\n|turn|7\n|\n|t:|1700216613\n|switch|p1b: Grimmsnarl|Grimmsnarl, L50, M|75\/100\n|move|p1a: Tornadus|Protect||[still]\n|-fail|p1a: Tornadus\n|move|p2a: Landorus|Stomping Tantrum|p1b: Grimmsnarl\n|-damage|p1b: Grimmsnarl|26\/100\n|move|p2b: Urshifu|Wicked Blow|p1a: Tornadus\n|-crit|p1a: Tornadus\n|-damage|p1a: Tornadus|0 fnt\n|faint|p1a: Tornadus\n|\n|upkeep\n|\n|t:|1700216621\n|switch|p1a: Ting-Lu|Ting-Lu, L50, tera:Poison|100\/100\n|-ability|p1a: Ting-Lu|Vessel of Ruin\n|turn|8\n|-message|20071006w forfeited.\n|\n|win|Refanner\n|raw|20071006w's rating: 1385 &rarr; <strong>1361<\/strong><br \/>(-24 for losing)\n|raw|Refanner's rating: 1308 &rarr; <strong>1332<\/strong><br \/>(+24 for winning)\n|l|\u260620071006w\n","uploadtime":1700216639,"views":14,"p1id":"20071006w","p2id":"refanner","formatid":"gen9vgc2023regulatione","rating":1332,"private":0,"password":""}