{"id":"gen9vgc2023regulatione-1992476222","p1":"BirdWatcher37","p2":"Dom73","format":"[Gen 9] VGC 2023 Regulation E","log":"|j|\u2606BirdWatcher37\n|j|\u2606Dom73\n|t:|1700192289\n|gametype|doubles\n|player|p1|BirdWatcher37|170|1299\n|player|p2|Dom73|101|1370\n|teamsize|p1|6\n|teamsize|p2|6\n|gen|9\n|tier|[Gen 9] VGC 2023 Regulation E\n|rated|\n|rule|Species Clause: Limit one of each Pok\u00e9mon\n|rule|Item Clause: Limit one of each item\n|clearpoke\n|poke|p1|Tyranitar, L50, M|\n|poke|p1|Lycanroc, L50, M|\n|poke|p1|Garchomp, L50, M|\n|poke|p1|Iron Hands, L50|\n|poke|p1|Rillaboom, L50, M|\n|poke|p1|Urshifu-*, L50, M|\n|poke|p2|Garchomp, L50, M|\n|poke|p2|Tornadus, L50, M|\n|poke|p2|Flutter Mane, L50|\n|poke|p2|Chi-Yu, L50|\n|poke|p2|Iron Hands, L50|\n|poke|p2|Gyarados, L50, F|\n|teampreview|4\n|inactive|Battle timer is ON: inactive players will automatically lose when time's up. (requested by BirdWatcher37)\n|inactive|Dom73 has 60 seconds left.\n|\n|t:|1700192346\n|start\n|switch|p1a: Garchomp|Garchomp, L50, M, shiny|100\/100\n|switch|p1b: Tyranitar|Tyranitar, L50, M, shiny|100\/100\n|switch|p2a: Tornadus|Tornadus, L50, M|100\/100\n|switch|p2b: Garchomp|Garchomp, L50, M|100\/100\n|-weather|Sandstorm|[from] ability: Sand Stream|[of] p1b: Tyranitar\n|turn|1\n|inactive|Dom73 has 30 seconds left.\n|inactive|Dom73 has 20 seconds left.\n|inactive|Dom73 has 15 seconds left.\n|\n|t:|1700192388\n|move|p2b: Garchomp|Protect|p2b: Garchomp\n|-singleturn|p2b: Garchomp|Protect\n|move|p2a: Tornadus|Tailwind|p2a: Tornadus\n|-sidestart|p2: Dom73|move: Tailwind\n|move|p1a: Garchomp|Dragon Claw|p2b: Garchomp\n|-activate|p2b: Garchomp|move: Protect\n|move|p1b: Tyranitar|Rock Slide|p2a: Tornadus|[spread] p2a\n|-activate|p2b: Garchomp|move: Protect\n|-supereffective|p2a: Tornadus\n|-damage|p2a: Tornadus|52\/100\n|\n|-weather|Sandstorm|[upkeep]\n|-damage|p2a: Tornadus|46\/100|[from] Sandstorm\n|upkeep\n|turn|2\n|\n|t:|1700192411\n|-terastallize|p1a: Garchomp|Poison\n|move|p2a: Tornadus|Leer|p1b: Tyranitar|[spread] p1a\n|-hint|Since gen 7, Dark is immune to Prankster moves.\n|-immune|p1b: Tyranitar\n|-unboost|p1a: Garchomp|def|1\n|move|p2b: Garchomp|Earthquake|p1a: Garchomp|[spread] p1a,p1b\n|-immune|p2a: Tornadus\n|-supereffective|p1a: Garchomp\n|-supereffective|p1b: Tyranitar\n|-damage|p1a: Garchomp|0 fnt\n|-damage|p1b: Tyranitar|37\/100\n|-enditem|p1b: Tyranitar|Weakness Policy\n|-boost|p1b: Tyranitar|atk|2|[from] item: Weakness Policy\n|-boost|p1b: Tyranitar|spa|2|[from] item: Weakness Policy\n|faint|p1a: Garchomp\n|move|p1b: Tyranitar|Rock Slide|p2b: Garchomp|[spread] p2a,p2b\n|-supereffective|p2a: Tornadus\n|-resisted|p2b: Garchomp\n|-damage|p2a: Tornadus|0 fnt\n|-damage|p2b: Garchomp|78\/100\n|faint|p2a: Tornadus\n|\n|-weather|Sandstorm|[upkeep]\n|upkeep\n|\n|t:|1700192433\n|switch|p1a: Rillaboom|Rillaboom, L50, M|100\/100\n|switch|p2a: Chi-Yu|Chi-Yu, L50|100\/100\n|-ability|p2a: Chi-Yu|Beads of Ruin\n|-fieldstart|move: Grassy Terrain|[from] ability: Grassy Surge|[of] p1a: Rillaboom\n|turn|3\n|inactive|Dom73 has 30 seconds left.\n|inactive|Dom73 has 20 seconds left.\n|inactive|Dom73 has 15 seconds left.\n|inactive|Dom73 has 10 seconds left.\n|inactive|Dom73 has 5 seconds left.\n|\n|t:|1700192485\n|-terastallize|p2a: Chi-Yu|Grass\n|move|p1a: Rillaboom|Fake Out|p2b: Garchomp\n|-damage|p2b: Garchomp|63\/100\n|-damage|p1a: Rillaboom|88\/100|[from] ability: Rough Skin|[of] p2b: Garchomp\n|move|p2a: Chi-Yu|Tera Blast|p1b: Tyranitar|[anim] Tera Blast Grass\n|-supereffective|p1b: Tyranitar\n|-damage|p1b: Tyranitar|0 fnt\n|faint|p1b: Tyranitar\n|cant|p2b: Garchomp|flinch\n|\n|-weather|Sandstorm|[upkeep]\n|-damage|p2a: Chi-Yu|94\/100|[from] Sandstorm\n|-damage|p1a: Rillaboom|83\/100|[from] Sandstorm\n|-heal|p2a: Chi-Yu|100\/100|[from] Grassy Terrain\n|-heal|p2b: Garchomp|69\/100|[from] Grassy Terrain\n|-heal|p1a: Rillaboom|88\/100|[from] Grassy Terrain\n|upkeep\n|\n|t:|1700192493\n|switch|p1b: Iron Hands|Iron Hands, L50, shiny|100\/100\n|turn|4\n|\n|t:|1700192510\n|switch|p2a: Flutter Mane|Flutter Mane, L50|100\/100\n|-enditem|p2a: Flutter Mane|Booster Energy\n|-activate|p2a: Flutter Mane|ability: Protosynthesis|[fromitem]\n|-start|p2a: Flutter Mane|protosynthesisspa\n|move|p2b: Garchomp|Protect|p2b: Garchomp\n|-singleturn|p2b: Garchomp|Protect\n|move|p1b: Iron Hands|Fake Out|p2b: Garchomp\n|-activate|p2b: Garchomp|move: Protect\n|move|p1a: Rillaboom|U-turn|p2a: Flutter Mane\n|-resisted|p2a: Flutter Mane\n|-damage|p2a: Flutter Mane|89\/100\n|\n|-weather|Sandstorm|[upkeep]\n|-damage|p2a: Flutter Mane|83\/100|[from] Sandstorm\n|-damage|p1a: Rillaboom|83\/100|[from] Sandstorm\n|-damage|p1b: Iron Hands|94\/100|[from] Sandstorm\n|-heal|p2a: Flutter Mane|89\/100|[from] Grassy Terrain\n|-heal|p2b: Garchomp|75\/100|[from] Grassy Terrain\n|-heal|p1a: Rillaboom|88\/100|[from] Grassy Terrain\n|-heal|p1b: Iron Hands|100\/100|[from] Grassy Terrain\n|-sideend|p2: Dom73|move: Tailwind\n|upkeep\n|turn|5\n|inactive|Dom73 has 30 seconds left.\n|\n|t:|1700192542\n|switch|p2b: Chi-Yu|Chi-Yu, L50, tera:Grass|100\/100\n|-ability|p2b: Chi-Yu|Beads of Ruin\n|move|p1a: Rillaboom|Grassy Glide|p2a: Flutter Mane\n|-damage|p2a: Flutter Mane|0 fnt\n|faint|p2a: Flutter Mane\n|-end|p2a: Flutter Mane|Protosynthesis|[silent]\n|move|p1b: Iron Hands|Drain Punch|p2b: Chi-Yu\n|-damage|p2b: Chi-Yu|36\/100\n|\n|-weather|none\n|-heal|p2b: Chi-Yu|42\/100|[from] Grassy Terrain\n|-heal|p1a: Rillaboom|94\/100|[from] Grassy Terrain\n|upkeep\n|\n|t:|1700192560\n|switch|p2a: Garchomp|Garchomp, L50, M|75\/100\n|turn|6\n|inactive|Dom73 has 30 seconds left.\n|\n|t:|1700192586\n|move|p1a: Rillaboom|Grassy Glide|p2a: Garchomp\n|-damage|p2a: Garchomp|27\/100\n|-damage|p1a: Rillaboom|82\/100|[from] ability: Rough Skin|[of] p2a: Garchomp\n|move|p2b: Chi-Yu|Overheat|p1a: Rillaboom\n|-supereffective|p1a: Rillaboom\n|-damage|p1a: Rillaboom|0 fnt\n|-unboost|p2b: Chi-Yu|spa|2\n|faint|p1a: Rillaboom\n|move|p2a: Garchomp|Dragon Claw|p1b: Iron Hands\n|-damage|p1b: Iron Hands|71\/100\n|move|p1b: Iron Hands|Drain Punch|p2b: Chi-Yu\n|-damage|p2b: Chi-Yu|0 fnt\n|-heal|p1b: Iron Hands|83\/100|[from] drain|[of] p2b: Chi-Yu\n|faint|p2b: Chi-Yu\n|\n|-heal|p2a: Garchomp|33\/100|[from] Grassy Terrain\n|-heal|p1b: Iron Hands|89\/100|[from] Grassy Terrain\n|upkeep\n|turn|7\n|\n|t:|1700192607\n|move|p2a: Garchomp|Protect|p2a: Garchomp\n|-singleturn|p2a: Garchomp|Protect\n|move|p1b: Iron Hands|Drain Punch|p2a: Garchomp\n|-activate|p2a: Garchomp|move: Protect\n|\n|-heal|p2a: Garchomp|39\/100|[from] Grassy Terrain\n|-heal|p1b: Iron Hands|95\/100|[from] Grassy Terrain\n|-fieldend|move: Grassy Terrain\n|upkeep\n|turn|8\n|\n|t:|1700192616\n|move|p2a: Garchomp|Earthquake|p1b: Iron Hands\n|-supereffective|p1b: Iron Hands\n|-damage|p1b: Iron Hands|24\/100\n|move|p1b: Iron Hands|Drain Punch|p2a: Garchomp\n|-damage|p2a: Garchomp|0 fnt\n|-heal|p1b: Iron Hands|38\/100|[from] drain|[of] p2a: Garchomp\n|-damage|p1b: Iron Hands|25\/100|[from] ability: Rough Skin|[of] p2a: Garchomp\n|faint|p2a: Garchomp\n|\n|win|BirdWatcher37\n|raw|BirdWatcher37's rating: 1299 &rarr; <strong>1329<\/strong><br \/>(+30 for winning)\n|raw|Dom73's rating: 1370 &rarr; <strong>1346<\/strong><br \/>(-24 for losing)\n|l|\u2606Dom73\n","uploadtime":1700192627,"views":17,"p1id":"birdwatcher37","p2id":"dom73","formatid":"gen9vgc2023regulatione","rating":1329,"private":0,"password":""}