{"id":"gen9vgc2023regulatione-1994873397","p1":"FourLi","p2":"Bomberwang","format":"[Gen 9] VGC 2023 Regulation E","log":"|j|\u2606FourLi\n|j|\u2606Bomberwang\n|t:|1700500593\n|gametype|doubles\n|player|p1|FourLi|dawn|1052\n|player|p2|Bomberwang|266|1089\n|teamsize|p1|6\n|teamsize|p2|6\n|gen|9\n|tier|[Gen 9] VGC 2023 Regulation E\n|rated|\n|rule|Species Clause: Limit one of each Pok\u00e9mon\n|rule|Item Clause: Limit one of each item\n|clearpoke\n|poke|p1|Volcarona, L50, F|\n|poke|p1|Rabsca, L50, M|\n|poke|p1|Scizor, L50, F|\n|poke|p1|Frosmoth, L50, M|\n|poke|p1|Vivillon, L50, M|\n|poke|p1|Kleavor, L50, M|\n|poke|p2|Wo-Chien, L50|\n|poke|p2|Gothitelle, L50, F|\n|poke|p2|Grimmsnarl, L50, M|\n|poke|p2|Weezing, L50, F|\n|poke|p2|Pelipper, L50, M|\n|poke|p2|Crabominable, L50, M|\n|teampreview|4\n|inactive|Battle timer is ON: inactive players will automatically lose when time's up. (requested by Bomberwang)\n|\n|t:|1700500622\n|start\n|switch|p1a: Kleavor|Kleavor, L50, M, shiny|100\/100\n|switch|p1b: Vivillon|Vivillon, L50, M, shiny|100\/100\n|switch|p2a: \u59e8\u5988\u6765\u4e86|Gothitelle, L50, F|100\/100\n|switch|p2b: \u6bdb\u6bdb|Grimmsnarl, L50, M|100\/100\n|turn|1\n|inactive|FourLi has 30 seconds left.\n|inactive|FourLi has 20 seconds left.\n|\n|t:|1700500660\n|-terastallize|p1b: Vivillon|Ghost\n|move|p2b: \u6bdb\u6bdb|Reflect|p2b: \u6bdb\u6bdb\n|-sidestart|p2: Bomberwang|Reflect\n|move|p1a: Kleavor|Stone Axe|p2a: \u59e8\u5988\u6765\u4e86\n|-damage|p2a: \u59e8\u5988\u6765\u4e86|63\/100\n|-sidestart|p2: Bomberwang|move: Stealth Rock\n|move|p1b: Vivillon|Sleep Powder|p2b: \u6bdb\u6bdb\n|-status|p2b: \u6bdb\u6bdb|slp|[from] move: Sleep Powder\n|move|p2a: \u59e8\u5988\u6765\u4e86|Trick Room|p2a: \u59e8\u5988\u6765\u4e86\n|-fieldstart|move: Trick Room|[of] p2a: \u59e8\u5988\u6765\u4e86\n|\n|upkeep\n|turn|2\n|\n|t:|1700500681\n|switch|p2b: \u5c0f\u7a9d|Wo-Chien, L50|100\/100\n|-damage|p2b: \u5c0f\u7a9d|88\/100|[from] Stealth Rock\n|-ability|p2b: \u5c0f\u7a9d|Tablets of Ruin\n|move|p2a: \u59e8\u5988\u6765\u4e86|Protect|p2a: \u59e8\u5988\u6765\u4e86\n|-singleturn|p2a: \u59e8\u5988\u6765\u4e86|Protect\n|move|p1b: Vivillon|Sleep Powder|p2a: \u59e8\u5988\u6765\u4e86\n|-activate|p2a: \u59e8\u5988\u6765\u4e86|move: Protect\n|move|p1a: Kleavor|Stone Axe|p2b: \u5c0f\u7a9d\n|-damage|p2b: \u5c0f\u7a9d|61\/100\n|\n|upkeep\n|turn|3\n|inactive|Bomberwang has 30 seconds left.\n|inactive|Bomberwang has 20 seconds left.\n|inactive|Bomberwang has 15 seconds left.\n|\n|t:|1700500722\n|move|p2a: \u59e8\u5988\u6765\u4e86|Psychic|p1a: Kleavor\n|-damage|p1a: Kleavor|49\/100\n|move|p2b: \u5c0f\u7a9d|Leech Seed|p1a: Kleavor|[miss]\n|-miss|p2b: \u5c0f\u7a9d|p1a: Kleavor\n|move|p1b: Vivillon|Sleep Powder|p2a: \u59e8\u5988\u6765\u4e86\n|-status|p2a: \u59e8\u5988\u6765\u4e86|slp|[from] move: Sleep Powder\n|move|p1a: Kleavor|Stone Axe|p2b: \u5c0f\u7a9d\n|-damage|p2b: \u5c0f\u7a9d|37\/100\n|\n|upkeep\n|turn|4\n|inactive|FourLi has 30 seconds left.\n|inactive|FourLi has 20 seconds left.\n|inactive|FourLi has 15 seconds left.\n|inactive|FourLi has 10 seconds left.\n|inactive|FourLi has 5 seconds left.\n|\n|t:|1700500777\n|cant|p2a: \u59e8\u5988\u6765\u4e86|slp\n|move|p2b: \u5c0f\u7a9d|Leech Seed|p1b: Vivillon\n|-start|p1b: Vivillon|move: Leech Seed\n|move|p1b: Vivillon|Tailwind|p1b: Vivillon\n|-sidestart|p1: FourLi|move: Tailwind\n|move|p1a: Kleavor|Stone Axe|p2b: \u5c0f\u7a9d\n|-damage|p2b: \u5c0f\u7a9d|11\/100\n|\n|-damage|p1b: Vivillon|88\/100|[from] Leech Seed|[of] p2b: \u5c0f\u7a9d\n|-heal|p2b: \u5c0f\u7a9d|27\/100|[silent]\n|upkeep\n|turn|5\n|inactive|FourLi has 30 seconds left.\n|inactive|FourLi has 20 seconds left.\n|inactive|FourLi has 15 seconds left.\n|\n|t:|1700500820\n|move|p2b: \u5c0f\u7a9d|Protect|p2b: \u5c0f\u7a9d\n|-singleturn|p2b: \u5c0f\u7a9d|Protect\n|cant|p2a: \u59e8\u5988\u6765\u4e86|slp\n|move|p1b: Vivillon|Hurricane|p2b: \u5c0f\u7a9d\n|-activate|p2b: \u5c0f\u7a9d|move: Protect\n|move|p1a: Kleavor|Stone Axe|p2a: \u59e8\u5988\u6765\u4e86\n|-damage|p2a: \u59e8\u5988\u6765\u4e86|33\/100 slp\n|\n|-damage|p1b: Vivillon|76\/100|[from] Leech Seed|[of] p2b: \u5c0f\u7a9d\n|-heal|p2b: \u5c0f\u7a9d|42\/100|[silent]\n|-fieldend|move: Trick Room\n|upkeep\n|turn|6\n|inactive|Bomberwang has 30 seconds left.\n|\n|t:|1700500850\n|switch|p2b: \u6bdb\u6bdb|Grimmsnarl, L50, M|100\/100 slp\n|-damage|p2b: \u6bdb\u6bdb|88\/100 slp|[from] Stealth Rock\n|switch|p2a: Pelipper|Pelipper, L50, M|100\/100\n|-damage|p2a: Pelipper|76\/100|[from] Stealth Rock\n|-weather|RainDance|[from] ability: Drizzle|[of] p2a: Pelipper\n|move|p1a: Kleavor|Stone Axe|p2a: Pelipper\n|-supereffective|p2a: Pelipper\n|-damage|p2a: Pelipper|14\/100\n|-damage|p1a: Kleavor|33\/100|[from] item: Rocky Helmet|[of] p2a: Pelipper\n|move|p1b: Vivillon|Hurricane|p2b: \u6bdb\u6bdb\n|-damage|p2b: \u6bdb\u6bdb|42\/100 slp\n|\n|-weather|RainDance|[upkeep]\n|-damage|p1b: Vivillon|64\/100|[from] Leech Seed|[of] p2b: \u6bdb\u6bdb\n|-heal|p2b: \u6bdb\u6bdb|53\/100 slp|[silent]\n|upkeep\n|turn|7\n|inactive|FourLi has 30 seconds left.\n|inactive|Bomberwang has 30 seconds left.\n|\n|t:|1700500890\n|cant|p2b: \u6bdb\u6bdb|slp\n|move|p1a: Kleavor|Stone Axe|p2b: \u6bdb\u6bdb\n|-damage|p2b: \u6bdb\u6bdb|13\/100 slp\n|move|p1b: Vivillon|Hurricane|p2a: Pelipper\n|-damage|p2a: Pelipper|0 fnt\n|faint|p2a: Pelipper\n|\n|-weather|RainDance|[upkeep]\n|-damage|p1b: Vivillon|52\/100|[from] Leech Seed|[of] p2b: \u6bdb\u6bdb\n|-heal|p2b: \u6bdb\u6bdb|24\/100 slp|[silent]\n|-sideend|p1: FourLi|move: Tailwind\n|upkeep\n|\n|t:|1700500898\n|switch|p2a: \u5c0f\u7a9d|Wo-Chien, L50|42\/100\n|-damage|p2a: \u5c0f\u7a9d|30\/100|[from] Stealth Rock\n|-ability|p2a: \u5c0f\u7a9d|Tablets of Ruin\n|turn|8\n|\n|t:|1700500913\n|move|p2a: \u5c0f\u7a9d|Protect|p2a: \u5c0f\u7a9d\n|-singleturn|p2a: \u5c0f\u7a9d|Protect\n|cant|p2b: \u6bdb\u6bdb|slp\n|move|p1a: Kleavor|Stone Axe|p2b: \u6bdb\u6bdb\n|-damage|p2b: \u6bdb\u6bdb|0 fnt\n|faint|p2b: \u6bdb\u6bdb\n|move|p1b: Vivillon|Hurricane|p2a: \u5c0f\u7a9d\n|-activate|p2a: \u5c0f\u7a9d|move: Protect\n|\n|-weather|RainDance|[upkeep]\n|-sideend|p2: Bomberwang|Reflect\n|upkeep\n|\n|t:|1700500919\n|switch|p2b: \u59e8\u5988\u6765\u4e86|Gothitelle, L50, F|33\/100 slp\n|-damage|p2b: \u59e8\u5988\u6765\u4e86|21\/100 slp|[from] Stealth Rock\n|turn|9\n|\n|t:|1700500937\n|cant|p2b: \u59e8\u5988\u6765\u4e86|slp\n|move|p1a: Kleavor|Stone Axe|p2b: \u59e8\u5988\u6765\u4e86\n|-damage|p2b: \u59e8\u5988\u6765\u4e86|0 fnt\n|faint|p2b: \u59e8\u5988\u6765\u4e86\n|move|p1b: Vivillon|Hurricane|p2a: \u5c0f\u7a9d\n|-supereffective|p2a: \u5c0f\u7a9d\n|-damage|p2a: \u5c0f\u7a9d|0 fnt\n|faint|p2a: \u5c0f\u7a9d\n|\n|win|FourLi\n|raw|FourLi's rating: 1052 &rarr; <strong>1088<\/strong><br \/>(+36 for winning)\n|raw|Bomberwang's rating: 1089 &rarr; <strong>1063<\/strong><br \/>(-26 for losing)\n|l|\u2606Bomberwang\n","uploadtime":1700500954,"views":3,"p1id":"fourli","p2id":"bomberwang","formatid":"gen9vgc2023regulatione","rating":1063,"private":0,"password":""}