{"id":"gen9vgc2023regulatione-1999067014","p1":"JohanDK","p2":"Emirnent","format":"[Gen 9] VGC 2023 Regulation E","log":"|j|\u2606JohanDK\n|j|\u2606Emirnent\n|t:|1701029625\n|gametype|doubles\n|player|p1|JohanDK|nate|1603\n|player|p2|Emirnent|169|1791\n|teamsize|p1|6\n|teamsize|p2|6\n|gen|9\n|tier|[Gen 9] VGC 2023 Regulation E\n|rated|\n|rule|Species Clause: Limit one of each Pok\u00e9mon\n|rule|Item Clause: Limit one of each item\n|clearpoke\n|poke|p1|Grimmsnarl, L50, M|\n|poke|p1|Goodra-Hisui, L50, F|\n|poke|p1|Moltres-Galar, L50|\n|poke|p1|Landorus-Therian, L50, M|\n|poke|p1|Sinistcha-Masterpiece, L50|\n|poke|p1|Ting-Lu, L50|\n|poke|p2|Staraptor, L50, F|\n|poke|p2|Urshifu-*, L50, M|\n|poke|p2|Farigiraf, L50, M|\n|poke|p2|Ursaluna, L50, F|\n|poke|p2|Enamorus-Therian, L50, F|\n|poke|p2|Scream Tail, L50|\n|teampreview|4\n|inactive|Battle timer is ON: inactive players will automatically lose when time's up. (requested by Emirnent)\n|inactive|JohanDK has 60 seconds left.\n|inactive|Emirnent has 60 seconds left.\n|inactive|Emirnent has 30 seconds left.\n|inactive|Emirnent has 20 seconds left.\n|inactive|Emirnent has 15 seconds left.\n|inactive|Emirnent has 10 seconds left.\n|inactive|Emirnent has 5 seconds left.\n|\n|t:|1701029721\n|start\n|switch|p1a: Tepey\u00f3llotl|Landorus-Therian, L50, M|100\/100\n|switch|p1b: Caracol|Goodra-Hisui, L50, F|100\/100\n|switch|p2a: Staraptor|Staraptor, L50, F|100\/100\n|switch|p2b: Urshifu|Urshifu, L50, M|100\/100\n|-ability|p2a: Staraptor|Intimidate|boost\n|-unboost|p1a: Tepey\u00f3llotl|atk|1\n|-unboost|p1b: Caracol|atk|1\n|-ability|p1a: Tepey\u00f3llotl|Intimidate|boost\n|-unboost|p2a: Staraptor|atk|1\n|-unboost|p2b: Urshifu|atk|1\n|turn|1\n|inactive|JohanDK has 30 seconds left.\n|\n|t:|1701029749\n|switch|p1b: Chai|Sinistcha-Masterpiece, L50|100\/100\n|-terastallize|p1a: Tepey\u00f3llotl|Flying\n|move|p2a: Staraptor|Final Gambit|p1b: Chai\n|-immune|p1b: Chai\n|move|p1a: Tepey\u00f3llotl|Tera Blast|p2b: Urshifu|[anim] Tera Blast Flying\n|-supereffective|p2b: Urshifu\n|-damage|p2b: Urshifu|16\/100\n|move|p2b: Urshifu|Wicked Blow|p1a: Tepey\u00f3llotl\n|-crit|p1a: Tepey\u00f3llotl\n|-damage|p1a: Tepey\u00f3llotl|38\/100\n|\n|upkeep\n|turn|2\n|\n|t:|1701029774\n|move|p1b: Chai|Rage Powder|p1b: Chai\n|-singleturn|p1b: Chai|move: Rage Powder\n|move|p2a: Staraptor|Final Gambit|p1b: Chai\n|-immune|p1b: Chai\n|move|p1a: Tepey\u00f3llotl|Tera Blast|p2b: Urshifu|[anim] Tera Blast Flying\n|-supereffective|p2b: Urshifu\n|-crit|p2b: Urshifu\n|-damage|p2b: Urshifu|0 fnt\n|faint|p2b: Urshifu\n|\n|upkeep\n|\n|t:|1701029779\n|switch|p2b: Scream Tail|Scream Tail, L50|100\/100\n|turn|3\n|inactive|JohanDK has 30 seconds left.\n|\n|t:|1701029809\n|switch|p2a: Ursaluna|Ursaluna, L50, F|100\/100\n|move|p1b: Chai|Rage Powder|p1b: Chai\n|-singleturn|p1b: Chai|move: Rage Powder\n|move|p1a: Tepey\u00f3llotl|Tera Blast|p2b: Scream Tail|[anim] Tera Blast Flying\n|-damage|p2b: Scream Tail|74\/100\n|move|p2b: Scream Tail|Trick Room|p2b: Scream Tail\n|-fieldstart|move: Trick Room|[of] p2b: Scream Tail\n|\n|-status|p2a: Ursaluna|brn|[from] item: Flame Orb\n|upkeep\n|turn|4\n|inactive|JohanDK has 30 seconds left.\n|\n|t:|1701029840\n|switch|p1a: Caracol|Goodra-Hisui, L50, F|100\/100\n|-terastallize|p2a: Ursaluna|Ghost\n|move|p2a: Ursaluna|Facade|p1a: Caracol\n|-resisted|p1a: Caracol\n|-damage|p1a: Caracol|52\/100\n|move|p2b: Scream Tail|Encore|p1b: Chai\n|-start|p1b: Chai|Encore\n|move|p1b: Chai|Rage Powder|p1b: Chai\n|-singleturn|p1b: Chai|move: Rage Powder\n|\n|-heal|p1a: Caracol|58\/100|[from] item: Leftovers\n|-damage|p2a: Ursaluna|95\/100 brn|[from] brn\n|upkeep\n|turn|5\n|\n|t:|1701029862\n|-end|p2b: Scream Tail|Protosynthesis|[silent]\n|switch|p2b: Staraptor|Staraptor, L50, F|100\/100\n|-ability|p2b: Staraptor|Intimidate|boost\n|-unboost|p1a: Caracol|atk|1\n|-unboost|p1b: Chai|atk|1\n|move|p1b: Chai|Rage Powder|p1b: Chai\n|-singleturn|p1b: Chai|move: Rage Powder\n|move|p2a: Ursaluna|Earthquake|p1b: Chai|[spread] p1a,p1b\n|-immune|p2b: Staraptor\n|-supereffective|p1a: Caracol\n|-resisted|p1b: Chai\n|-damage|p1a: Caracol|0 fnt\n|-damage|p1b: Chai|75\/100\n|faint|p1a: Caracol\n|\n|-damage|p2a: Ursaluna|89\/100 brn|[from] brn\n|upkeep\n|\n|t:|1701029877\n|switch|p1a: Yveltalcito|Moltres-Galar, L50|100\/100\n|turn|6\n|\n|t:|1701029900\n|move|p1b: Chai|Rage Powder|p1b: Chai\n|-singleturn|p1b: Chai|move: Rage Powder\n|move|p2a: Ursaluna|Earthquake|p1b: Chai|[spread] p1b\n|-immune|p2b: Staraptor\n|-immune|p1a: Yveltalcito\n|-resisted|p1b: Chai\n|-damage|p1b: Chai|49\/100\n|move|p1a: Yveltalcito|Fiery Wrath|p2a: Ursaluna|[spread] p2a,p2b\n|-supereffective|p2a: Ursaluna\n|-damage|p2a: Ursaluna|36\/100 brn\n|-damage|p2b: Staraptor|64\/100\n|move|p2b: Staraptor|Brave Bird|p1b: Chai\n|-supereffective|p1b: Chai\n|-damage|p1b: Chai|0 fnt\n|-damage|p2b: Staraptor|47\/100|[from] item: Rocky Helmet|[of] p1b: Chai\n|faint|p1b: Chai\n|-damage|p2b: Staraptor|33\/100|[from] Recoil\n|\n|-damage|p2a: Ursaluna|30\/100 brn|[from] brn\n|upkeep\n|\n|t:|1701029919\n|switch|p1b: Tepey\u00f3llotl|Landorus-Therian, L50, M, tera:Flying|38\/100\n|-ability|p1b: Tepey\u00f3llotl|Intimidate|boost\n|-unboost|p2a: Ursaluna|atk|1\n|-unboost|p2b: Staraptor|atk|1\n|turn|7\n|\n|t:|1701029935\n|switch|p2b: Scream Tail|Scream Tail, L50|74\/100\n|move|p2a: Ursaluna|Facade|p1b: Tepey\u00f3llotl\n|-damage|p1b: Tepey\u00f3llotl|0 fnt\n|faint|p1b: Tepey\u00f3llotl\n|move|p1a: Yveltalcito|Fiery Wrath|p2b: Scream Tail|[spread] p2a,p2b\n|-supereffective|p2a: Ursaluna\n|-damage|p2a: Ursaluna|0 fnt\n|-damage|p2b: Scream Tail|56\/100\n|faint|p2a: Ursaluna\n|\n|-fieldend|move: Trick Room\n|upkeep\n|\n|t:|1701029938\n|switch|p2a: Staraptor|Staraptor, L50, F|33\/100\n|-ability|p2a: Staraptor|Intimidate|boost\n|-unboost|p1a: Yveltalcito|atk|1\n|turn|8\n|\n|t:|1701029953\n|move|p2b: Scream Tail|Helping Hand|p2a: Staraptor\n|-singleturn|p2a: Staraptor|Helping Hand|[of] p2b: Scream Tail\n|move|p2a: Staraptor|Brave Bird|p1a: Yveltalcito\n|-damage|p1a: Yveltalcito|27\/100\n|-damage|p2a: Staraptor|8\/100|[from] Recoil\n|-ability|p1a: Yveltalcito|Berserk|boost\n|-boost|p1a: Yveltalcito|spa|1\n|-enditem|p1a: Yveltalcito|Sitrus Berry|[eat]\n|-heal|p1a: Yveltalcito|52\/100|[from] item: Sitrus Berry\n|move|p1a: Yveltalcito|Fiery Wrath|p2a: Staraptor|[spread] p2a,p2b\n|-damage|p2a: Staraptor|0 fnt\n|-damage|p2b: Scream Tail|31\/100\n|faint|p2a: Staraptor\n|\n|upkeep\n|turn|9\n|\n|t:|1701029970\n|move|p2b: Scream Tail|Dazzling Gleam|p1a: Yveltalcito\n|-supereffective|p1a: Yveltalcito\n|-damage|p1a: Yveltalcito|25\/100\n|-ability|p1a: Yveltalcito|Berserk|boost\n|-boost|p1a: Yveltalcito|spa|1\n|move|p1a: Yveltalcito|Fiery Wrath|p2b: Scream Tail\n|-damage|p2b: Scream Tail|0 fnt\n|faint|p2b: Scream Tail\n|-end|p2b: Scream Tail|Protosynthesis|[silent]\n|\n|win|JohanDK\n|raw|JohanDK's rating: 1603 &rarr; <strong>1633<\/strong><br \/>(+30 for winning)\n|raw|Emirnent's rating: 1791 &rarr; <strong>1761<\/strong><br \/>(-30 for losing)\n|l|\u2606Emirnent\n","uploadtime":1701029987,"views":12,"p1id":"johandk","p2id":"emirnent","formatid":"gen9vgc2023regulatione","rating":1633,"private":0,"password":""}