{"id":"gen9vgc2023regulatione-1990414358","p1":"mx555","p2":"ogremum","format":"[Gen 9] VGC 2023 Regulation E","log":"|j|\u2606mx555\n|j|\u2606ogremum\n|t:|1699968542\n|gametype|doubles\n|player|p1|mx555|hilda|1368\n|player|p2|ogremum|lass-gen4dp|1462\n|teamsize|p1|6\n|teamsize|p2|6\n|gen|9\n|tier|[Gen 9] VGC 2023 Regulation E\n|rated|\n|rule|Species Clause: Limit one of each Pok\u00e9mon\n|rule|Item Clause: Limit one of each item\n|clearpoke\n|poke|p1|Pelipper, L50, M|\n|poke|p1|Urshifu-*, L50, M|\n|poke|p1|Enamorus-Therian, L50, F|\n|poke|p1|Basculegion, L50, M|\n|poke|p1|Indeedee-F, L50, F|\n|poke|p1|Tornadus, L50, M|\n|poke|p2|Tyranitar, L50, M|\n|poke|p2|Ogerpon-Cornerstone, L50, F|\n|poke|p2|Heatran, L50, M|\n|poke|p2|Tornadus, L50, M|\n|poke|p2|Urshifu-*, L50, F|\n|poke|p2|Flutter Mane, L50|\n|teampreview|4\n|inactive|Battle timer is ON: inactive players will automatically lose when time's up. (requested by ogremum)\n|inactive|mx555 has 60 seconds left.\n|\n|t:|1699968595\n|start\n|switch|p1a: Pelipper|Pelipper, L50, M|100\/100\n|switch|p1b: Indeedee|Indeedee-F, L50, F|100\/100\n|switch|p2a: Tornadus|Tornadus, L50, M|100\/100\n|switch|p2b: Flutter Mane|Flutter Mane, L50|100\/100\n|-fieldstart|move: Psychic Terrain|[from] ability: Psychic Surge|[of] p1b: Indeedee\n|-enditem|p1b: Indeedee|Psychic Seed\n|-boost|p1b: Indeedee|spd|1|[from] item: Psychic Seed\n|-weather|RainDance|[from] ability: Drizzle|[of] p1a: Pelipper\n|turn|1\n|\n|t:|1699968619\n|switch|p2a: Heatran|Heatran, L50, M|100\/100\n|move|p2b: Flutter Mane|Thunder|p1a: Pelipper\n|-supereffective|p1a: Pelipper\n|-enditem|p1a: Pelipper|Focus Sash\n|-damage|p1a: Pelipper|1\/100\n|move|p1a: Pelipper|Hurricane|p2b: Flutter Mane\n|-damage|p2b: Flutter Mane|45\/100\n|move|p1b: Indeedee|Trick Room|p1b: Indeedee\n|-fieldstart|move: Trick Room|[of] p1b: Indeedee\n|\n|-weather|RainDance|[upkeep]\n|upkeep\n|turn|2\n|\n|t:|1699968636\n|-end|p2b: Flutter Mane|Protosynthesis|[silent]\n|switch|p2b: Tyranitar|Tyranitar, L50, M|100\/100\n|-weather|Sandstorm|[from] ability: Sand Stream|[of] p2b: Tyranitar\n|move|p1a: Pelipper|Hydro Pump|p2a: Heatran\n|-supereffective|p2a: Heatran\n|-damage|p2a: Heatran|14\/100\n|move|p1b: Indeedee|Dazzling Gleam|p2b: Tyranitar|[spread] p2a,p2b\n|-resisted|p2a: Heatran\n|-supereffective|p2b: Tyranitar\n|-damage|p2a: Heatran|12\/100\n|-damage|p2b: Tyranitar|89\/100\n|move|p2a: Heatran|Heat Wave|p1b: Indeedee|[spread] p1a,p1b\n|-resisted|p1a: Pelipper\n|-damage|p1a: Pelipper|0 fnt\n|-damage|p1b: Indeedee|75\/100\n|faint|p1a: Pelipper\n|\n|-weather|Sandstorm|[upkeep]\n|-damage|p1b: Indeedee|69\/100|[from] Sandstorm\n|upkeep\n|\n|t:|1699968642\n|switch|p1a: Enamorus|Enamorus-Therian, L50, F|100\/100\n|turn|3\n|inactive|mx555 has 30 seconds left.\n|\n|t:|1699968668\n|-terastallize|p1a: Enamorus|Fairy\n|-terastallize|p2b: Tyranitar|Psychic\n|move|p1b: Indeedee|Helping Hand|p1a: Enamorus\n|-singleturn|p1a: Enamorus|Helping Hand|[of] p1b: Indeedee\n|move|p2a: Heatran|Protect|p2a: Heatran\n|-singleturn|p2a: Heatran|Protect\n|move|p1a: Enamorus|Springtide Storm|p2a: Heatran|[spread] p2b\n|-activate|p2a: Heatran|move: Protect\n|-damage|p2b: Tyranitar|9\/100\n|move|p2b: Tyranitar|Rock Slide|p1a: Enamorus|[spread] p1a,p1b\n|-damage|p1a: Enamorus|72\/100\n|-damage|p1b: Indeedee|39\/100\n|\n|-weather|Sandstorm|[upkeep]\n|-damage|p1b: Indeedee|33\/100|[from] Sandstorm\n|-damage|p2b: Tyranitar|3\/100|[from] Sandstorm\n|upkeep\n|turn|4\n|inactive|ogremum has 30 seconds left.\n|inactive|ogremum has 20 seconds left.\n|\n|t:|1699968706\n|move|p1b: Indeedee|Helping Hand|p1a: Enamorus\n|-singleturn|p1a: Enamorus|Helping Hand|[of] p1b: Indeedee\n|move|p1a: Enamorus|Springtide Storm|p2a: Heatran|[spread] p2a,p2b\n|-resisted|p2a: Heatran\n|-crit|p2b: Tyranitar\n|-damage|p2a: Heatran|0 fnt\n|-damage|p2b: Tyranitar|0 fnt\n|faint|p2a: Heatran\n|faint|p2b: Tyranitar\n|\n|-weather|Sandstorm|[upkeep]\n|-damage|p1b: Indeedee|27\/100|[from] Sandstorm\n|upkeep\n|\n|t:|1699968722\n|switch|p2b: Flutter Mane|Flutter Mane, L50|45\/100\n|switch|p2a: Tornadus|Tornadus, L50, M|100\/100\n|turn|5\n|\n|t:|1699968732\n|move|p1a: Enamorus|Springtide Storm|p2b: Flutter Mane|[spread] p2a,p2b\n|-damage|p2a: Tornadus|0 fnt\n|-damage|p2b: Flutter Mane|0 fnt\n|faint|p2a: Tornadus\n|faint|p2b: Flutter Mane\n|-end|p2b: Flutter Mane|Protosynthesis|[silent]\n|\n|win|mx555\n|raw|mx555's rating: 1368 &rarr; <strong>1393<\/strong><br \/>(+25 for winning)\n|raw|ogremum's rating: 1462 &rarr; <strong>1437<\/strong><br \/>(-25 for losing)\n|l|\u2606ogremum\n","uploadtime":1699968739,"views":13,"p1id":"mx555","p2id":"ogremum","formatid":"gen9vgc2023regulatione","rating":1393,"private":0,"password":""}