{"id":"gen9vgc2023regulatione-1991505989","p1":"kbzn_","p2":"FunnyGuy3","format":"[Gen 9] VGC 2023 Regulation E","log":"|j|\u2606kbzn_\n|j|\u2606FunnyGuy3\n|t:|1700083155\n|gametype|doubles\n|player|p1|kbzn_|infielder|1192\n|player|p2|FunnyGuy3|lucas|1180\n|teamsize|p1|6\n|teamsize|p2|6\n|gen|9\n|tier|[Gen 9] VGC 2023 Regulation E\n|rated|\n|rule|Species Clause: Limit one of each Pok\u00e9mon\n|rule|Item Clause: Limit one of each item\n|clearpoke\n|poke|p1|Iron Bundle, L50|\n|poke|p1|Arcanine-Hisui, L50, M|\n|poke|p1|Kingambit, L50, F|\n|poke|p1|Gholdengo, L50|\n|poke|p1|Iron Hands, L50|\n|poke|p1|Ogerpon-Wellspring, L50, F|\n|poke|p2|Indeedee-F, L50, F|\n|poke|p2|Armarouge, L50, F|\n|poke|p2|Sinistcha, L50|\n|poke|p2|Iron Hands, L50|\n|poke|p2|Ninetales-Alola, L50, M|\n|poke|p2|Roaring Moon, L50|\n|teampreview|4\n|inactive|Battle timer is ON: inactive players will automatically lose when time's up. (requested by kbzn_)\nFunnyGuy3 has agreed to open team sheets.\n|inactive|kbzn_ has 60 seconds left.\n|\n|t:|1700083186\n|start\n|switch|p1a: Ogerpon|Ogerpon-Wellspring, L50, F|100\/100\n|switch|p1b: Arcanine|Arcanine-Hisui, L50, M|100\/100\n|switch|p2a: Indeedee|Indeedee-F, L50, F|100\/100\n|switch|p2b: Armarouge|Armarouge, L50, F|100\/100\n|-ability|p1b: Arcanine|Intimidate|boost\n|-unboost|p2a: Indeedee|atk|1\n|-unboost|p2b: Armarouge|atk|1\n|-fieldstart|move: Psychic Terrain|[from] ability: Psychic Surge|[of] p2a: Indeedee\n|turn|1\n|inactive|kbzn_ has 30 seconds left.\n|inactive|kbzn_ has 20 seconds left.\n|inactive|kbzn_ has 15 seconds left.\n|\n|t:|1700083230\n|move|p1a: Ogerpon|Spiky Shield|p1a: Ogerpon\n|-singleturn|p1a: Ogerpon|move: Protect\n|move|p2b: Armarouge|Protect|p2b: Armarouge\n|-singleturn|p2b: Armarouge|Protect\n|move|p1b: Arcanine|Howl|p1b: Arcanine|[spread] p1a,p1b\n|-boost|p1a: Ogerpon|atk|1\n|-boost|p1b: Arcanine|atk|1\n|move|p2a: Indeedee|Trick Room|p2a: Indeedee\n|-fieldstart|move: Trick Room|[of] p2a: Indeedee\n|\n|upkeep\n|turn|2\n|\n|t:|1700083250\n|-terastallize|p1a: Ogerpon|Water\n|detailschange|p1a: Ogerpon|Ogerpon-Wellspring-Tera, L50, F, tera:Water\n|-ability|p1a: Ogerpon|Embody Aspect (Wellspring)|boost\n|-boost|p1a: Ogerpon|spd|1\n|move|p2a: Indeedee|Helping Hand|p2b: Armarouge\n|-singleturn|p2b: Armarouge|Helping Hand|[of] p2a: Indeedee\n|move|p2b: Armarouge|Expanding Force|p1a: Ogerpon|[spread] p1a,p1b\n|-damage|p1a: Ogerpon|21\/100\n|-damage|p1b: Arcanine|0 fnt\n|faint|p1b: Arcanine\n|-damage|p2b: Armarouge|91\/100|[from] item: Life Orb\n|move|p1a: Ogerpon|Ivy Cudgel|p2b: Armarouge|[anim] Ivy Cudgel Water\n|-supereffective|p2b: Armarouge\n|-crit|p2b: Armarouge\n|-damage|p2b: Armarouge|0 fnt\n|faint|p2b: Armarouge\n|\n|upkeep\n|\n|t:|1700083265\n|switch|p2b: Iron Hands|Iron Hands, L50|100\/100\n|switch|p1b: Iron Hands|Iron Hands, L50|100\/100\n|turn|3\n|\n|t:|1700083280\n|-terastallize|p2b: Iron Hands|Grass\n|move|p1a: Ogerpon|Spiky Shield|p1a: Ogerpon\n|-singleturn|p1a: Ogerpon|move: Protect\n|move|p1b: Iron Hands|Drain Punch|p2b: Iron Hands\n|-damage|p2b: Iron Hands|71\/100\n|move|p2b: Iron Hands|Drain Punch|p1b: Iron Hands\n|-damage|p1b: Iron Hands|72\/100\n|-heal|p2b: Iron Hands|85\/100|[from] drain|[of] p1b: Iron Hands\n|move|p2a: Indeedee|Dazzling Gleam|p1a: Ogerpon|[spread] p1b\n|-activate|p1a: Ogerpon|move: Protect\n|-supereffective|p1b: Iron Hands\n|-damage|p1b: Iron Hands|59\/100\n|\n|upkeep\n|turn|4\n|inactive|kbzn_ has 30 seconds left.\n|inactive|FunnyGuy3 has 30 seconds left.\n|\n|t:|1700083313\n|switch|p1a: Gholdengo|Gholdengo, L50|100\/100\n|move|p2a: Indeedee|Follow Me|p2a: Indeedee\n|-singleturn|p2a: Indeedee|move: Follow Me\n|move|p1b: Iron Hands|Drain Punch|p2a: Indeedee\n|-damage|p2a: Indeedee|61\/100\n|-heal|p1b: Iron Hands|73\/100|[from] drain|[of] p2a: Indeedee\n|-damage|p1b: Iron Hands|57\/100|[from] item: Rocky Helmet|[of] p2a: Indeedee\n|move|p2b: Iron Hands|Wild Charge|p1a: Gholdengo\n|-damage|p1a: Gholdengo|60\/100\n|-damage|p2b: Iron Hands|77\/100|[from] Recoil\n|\n|-heal|p1a: Gholdengo|66\/100|[from] item: Leftovers\n|upkeep\n|turn|5\n|inactive|FunnyGuy3 has 30 seconds left.\n|\n|t:|1700083339\n|switch|p2a: Sinistcha|Sinistcha, L50|100\/100\n|-heal|p2b: Iron Hands|100\/100|[from] ability: Hospitality|[of] p2a: Sinistcha\n|move|p1a: Gholdengo|Protect|p1a: Gholdengo\n|-singleturn|p1a: Gholdengo|Protect\n|move|p1b: Iron Hands|Drain Punch|p2a: Sinistcha\n|-immune|p2a: Sinistcha\n|move|p2b: Iron Hands|Wild Charge|p1a: Gholdengo\n|-activate|p1a: Gholdengo|move: Protect\n|\n|-heal|p1a: Gholdengo|72\/100|[from] item: Leftovers\n|-fieldend|move: Trick Room\n|-fieldend|move: Psychic Terrain\n|upkeep\n|turn|6\n|inactive|FunnyGuy3 has 30 seconds left.\n|\n|t:|1700083367\n|move|p1a: Gholdengo|Shadow Ball|p2a: Sinistcha\n|-supereffective|p2a: Sinistcha\n|-damage|p2a: Sinistcha|29\/100\n|-enditem|p2a: Sinistcha|Sitrus Berry|[eat]\n|-heal|p2a: Sinistcha|53\/100|[from] item: Sitrus Berry\n|move|p2b: Iron Hands|Heavy Slam|p1b: Iron Hands\n|-resisted|p1b: Iron Hands\n|-damage|p1b: Iron Hands|52\/100\n|move|p1b: Iron Hands|Drain Punch|p2b: Iron Hands\n|-damage|p2b: Iron Hands|73\/100\n|-heal|p1b: Iron Hands|65\/100|[from] drain|[of] p2b: Iron Hands\n|move|p2a: Sinistcha|Trick Room|p2a: Sinistcha\n|-fieldstart|move: Trick Room|[of] p2a: Sinistcha\n|\n|-heal|p1a: Gholdengo|78\/100|[from] item: Leftovers\n|upkeep\n|turn|7\n|inactive|FunnyGuy3 has 30 seconds left.\n|\n|t:|1700083399\n|switch|p2a: Indeedee|Indeedee-F, L50, F|61\/100\n|-fieldstart|move: Psychic Terrain|[from] ability: Psychic Surge|[of] p2a: Indeedee\n|move|p1b: Iron Hands|Drain Punch|p2b: Iron Hands\n|-damage|p2b: Iron Hands|46\/100\n|-heal|p1b: Iron Hands|79\/100|[from] drain|[of] p2b: Iron Hands\n|move|p2b: Iron Hands|Drain Punch|p1b: Iron Hands\n|-damage|p1b: Iron Hands|51\/100\n|-heal|p2b: Iron Hands|60\/100|[from] drain|[of] p1b: Iron Hands\n|move|p1a: Gholdengo|Shadow Ball|p2b: Iron Hands\n|-crit|p2b: Iron Hands\n|-damage|p2b: Iron Hands|25\/100\n|\n|-heal|p1a: Gholdengo|84\/100|[from] item: Leftovers\n|upkeep\n|turn|8\n|\n|t:|1700083425\n|switch|p2a: Sinistcha|Sinistcha, L50|53\/100\n|-heal|p2b: Iron Hands|50\/100|[from] ability: Hospitality|[of] p2a: Sinistcha\n|move|p1b: Iron Hands|Drain Punch|p2b: Iron Hands\n|-damage|p2b: Iron Hands|23\/100\n|-heal|p1b: Iron Hands|65\/100|[from] drain|[of] p2b: Iron Hands\n|move|p2b: Iron Hands|Wild Charge|p1b: Iron Hands\n|-resisted|p1b: Iron Hands\n|-damage|p1b: Iron Hands|49\/100\n|-damage|p2b: Iron Hands|19\/100|[from] Recoil\n|move|p1a: Gholdengo|Nasty Plot|p1a: Gholdengo\n|-boost|p1a: Gholdengo|spa|2\n|\n|-heal|p1a: Gholdengo|91\/100|[from] item: Leftovers\n|upkeep\n|turn|9\n|inactive|kbzn_ has 30 seconds left.\n|\n|t:|1700083451\n|-end|p2b: Iron Hands|Quark Drive|[silent]\n|switch|p2b: Indeedee|Indeedee-F, L50, F|61\/100\n|move|p1b: Iron Hands|Heavy Slam|p2b: Indeedee\n|-damage|p2b: Indeedee|19\/100\n|-damage|p1b: Iron Hands|33\/100|[from] item: Rocky Helmet|[of] p2b: Indeedee\n|move|p2a: Sinistcha|Strength Sap|p1b: Iron Hands\n|-unboost|p1b: Iron Hands|atk|1\n|-heal|p2a: Sinistcha|100\/100\n|move|p1a: Gholdengo|Make It Rain|p2b: Indeedee|[spread] p2a,p2b\n|-crit|p2a: Sinistcha\n|-damage|p2a: Sinistcha|0 fnt\n|-damage|p2b: Indeedee|0 fnt\n|-unboost|p1a: Gholdengo|spa|1\n|faint|p2a: Sinistcha\n|faint|p2b: Indeedee\n|\n|-heal|p1a: Gholdengo|97\/100|[from] item: Leftovers\n|upkeep\n|\n|t:|1700083467\n|switch|p2a: Iron Hands|Iron Hands, L50, tera:Grass|19\/100\n|turn|10\n|\n|t:|1700083478\n|-end|p1b: Iron Hands|Quark Drive|[silent]\n|switch|p1b: Ogerpon|Ogerpon-Wellspring-Tera, L50, F, tera:Water|21\/100\n|-ability|p1b: Ogerpon|Embody Aspect (Wellspring)|boost\n|-boost|p1b: Ogerpon|spd|1\n|move|p2a: Iron Hands|Drain Punch|p1b: Ogerpon\n|-damage|p1b: Ogerpon|0 fnt\n|-heal|p2a: Iron Hands|27\/100|[from] drain|[of] p1b: Ogerpon\n|faint|p1b: Ogerpon\n|move|p1a: Gholdengo|Shadow Ball|p2a: Iron Hands\n|-damage|p2a: Iron Hands|0 fnt\n|faint|p2a: Iron Hands\n|-end|p2a: Iron Hands|Quark Drive|[silent]\n|\n|win|kbzn_\n|raw|kbzn_'s rating: 1192 &rarr; <strong>1216<\/strong><br \/>(+24 for winning)\n|raw|FunnyGuy3's rating: 1180 &rarr; <strong>1156<\/strong><br \/>(-24 for losing)\n|l|\u2606FunnyGuy3\n","uploadtime":1700083498,"views":9,"p1id":"kbzn","p2id":"funnyguy3","formatid":"gen9vgc2023regulatione","rating":1156,"private":0,"password":""}