{"id":"gen9vgc2023regulatione-1993564837","p1":"Hoi10A","p2":"David Krow","format":"[Gen 9] VGC 2023 Regulation E","log":"|j|\u2606Hoi10A\n|j|\u2606David Krow\n|n|\u2606Hoi10A|hoi10a\n|n|\u2606David Krow|davidkrow\n|html|View the match progress at <a href=\"\/game-bestof3-gen9vgc2023regulatione-1993564836\">game-bestof3-gen9vgc2023regulatione-1993564836<\/a>\n|t:|1700332301\n|gametype|doubles\n|player|p1|Hoi10A|harlequin|\n|player|p2|David Krow|gambler|\n|teamsize|p1|6\n|teamsize|p2|6\n|gen|9\n|tier|[Gen 9] VGC 2023 Regulation E\n|rule|Species Clause: Limit one of each Pok\u00e9mon\n|rule|Item Clause: Limit one of each item\n|clearpoke\n|poke|p1|Dondozo, L50, F|\n|poke|p1|Amoonguss, L50, M|\n|poke|p1|Cyclizar, L50, M|\n|poke|p1|Tatsugiri-Droopy, L50, F|\n|poke|p1|Sinistcha, L50|\n|poke|p1|Flamigo, L50, F|\n|poke|p2|Sinistcha-Masterpiece, L50|\n|poke|p2|Gholdengo, L50|\n|poke|p2|Gliscor, L50, F|\n|poke|p2|Brambleghast, L50, F|\n|poke|p2|Dragonite, L50, F|\n|poke|p2|Dugtrio, L50, M|\n|teampreview|4\n|inactive|Battle timer is ON: inactive players will automatically lose when time's up. (requested by David Krow)\n|inactiveoff|Battle timer is now OFF.\nDavid Krow has agreed to open team sheets.\nHoi10A has agreed to open team sheets.\n|showteam|p1|Dondozo||Leftovers|Unaware|Protect,Fissure,WaveCrash,OrderUp|||F|||50|,,,,,Steel]Amoonguss||RockyHelmet|Regenerator|Protect,RagePowder,Spore,PollenPuff|||M|||50|,,,,,Water]Cyclizar||MentalHerb|Regenerator|ShedTail,Taunt,Protect,DracoMeteor|||M|||50|,,,,,Ghost]Tatsugiri-Droopy||ToxicOrb|Commander|Protect,HelpingHand,Taunt,DracoMeteor|||F|||50|,,,,,Fire]Sinistcha||SitrusBerry|Hospitality|Protect,RagePowder,StrengthSap,MatchaGotcha||||||50|,,,,,Fairy]Flamigo||WhiteHerb|Costar|Protect,Roost,BraveBird,CloseCombat|||F|||50|,,,,,Grass\n|showteam|p2|Sinistcha-Masterpiece||Leftovers|Hospitality|CalmMind,MatchaGotcha,Scald,StrengthSap||||||50|,,,,,Steel]Gholdengo||MirrorHerb|GoodasGold|Protect,DazzlingGleam,MakeItRain,Recover||||||50|,,,,,Steel]Gliscor||ToxicOrb|PoisonHeal|Protect,Earthquake,Tailwind,Uturn|||F|||50|,,,,,Fairy]Brambleghast||LifeOrb|WindRider|Poltergeist,SeedBomb,StrengthSap,Protect|||F|||50|,,,,,Ghost]Dragonite||AssaultVest|Multiscale|DragonTail,ExtremeSpeed,LowKick,IronHead|||F|||50|,,,,,Steel]Dugtrio||FocusSash|ArenaTrap|Earthquake,RockSlide,SuckerPunch,HelpingHand|||M|||50|,,,,,Ground\n|\n|t:|1700332345\n|start\n|switch|p1a: mr beast|Tatsugiri-Droopy, L50, F, shiny|100\/100\n|switch|p1b: public transit|Cyclizar, L50, M, shiny|100\/100\n|switch|p2a: Russian Spy|Gliscor, L50, F|100\/100\n|switch|p2b: Favorite Guy|Sinistcha-Masterpiece, L50|100\/100\n|turn|1\n|j| ShinyLucarioXD\n|\n|t:|1700332355\n|move|p1a: mr beast|Protect|p1a: mr beast\n|-singleturn|p1a: mr beast|Protect\n|move|p1b: public transit|Protect|p1b: public transit\n|-singleturn|p1b: public transit|Protect\n|move|p2a: Russian Spy|Tailwind|p2a: Russian Spy\n|-sidestart|p2: David Krow|move: Tailwind\n|move|p2b: Favorite Guy|Calm Mind|p2b: Favorite Guy\n|-boost|p2b: Favorite Guy|spa|1\n|-boost|p2b: Favorite Guy|spd|1\n|\n|-status|p2a: Russian Spy|tox|[from] item: Toxic Orb\n|-status|p1a: mr beast|tox|[from] item: Toxic Orb\n|upkeep\n|turn|2\n|\n|t:|1700332388\n|move|p2a: Russian Spy|U-turn|p1b: public transit\n|-damage|p1b: public transit|76\/100\n|\n|t:|1700332390\n|switch|p2a: Gonna Die|Brambleghast, L50, F|100\/100|[from] U-turn\n|-ability|p2a: Gonna Die|Wind Rider|boost\n|-boost|p2a: Gonna Die|atk|1\n|move|p2b: Favorite Guy|Matcha Gotcha|p1a: mr beast|[spread] p1a,p1b\n|-resisted|p1b: public transit\n|-damage|p1a: mr beast|50\/100 tox\n|-damage|p1b: public transit|45\/100\n|move|p1a: mr beast|Draco Meteor|p2b: Favorite Guy\n|-damage|p2b: Favorite Guy|57\/100\n|-unboost|p1a: mr beast|spa|2\n|move|p1b: public transit|Shed Tail|p1b: public transit\n|-fail|p1b: public transit|move: Shed Tail|[weak]\n|\n|-heal|p2b: Favorite Guy|63\/100|[from] item: Leftovers\n|-damage|p1a: mr beast|45\/100 tox|[from] psn\n|upkeep\n|turn|3\n|\n|t:|1700332419\n|move|p2a: Gonna Die|Poltergeist|p1a: mr beast\n|-activate|p1a: mr beast|move: Poltergeist|Toxic Orb\n|-damage|p1a: mr beast|0 fnt\n|faint|p1a: mr beast\n|-damage|p2a: Gonna Die|90\/100|[from] item: Life Orb\n|move|p2b: Favorite Guy|Calm Mind|p2b: Favorite Guy\n|-boost|p2b: Favorite Guy|spa|1\n|-boost|p2b: Favorite Guy|spd|1\n|move|p1b: public transit|Shed Tail|p1b: public transit\n|-fail|p1b: public transit|move: Shed Tail|[weak]\n|\n|-heal|p2b: Favorite Guy|69\/100|[from] item: Leftovers\n|upkeep\n|\n|t:|1700332434\n|switch|p1a: clash royale|Dondozo, L50, F, shiny|100\/100\n|turn|4\n|\n|t:|1700332482\n|-terastallize|p1a: clash royale|Steel\n|move|p2a: Gonna Die|Seed Bomb|p1b: public transit\n|-resisted|p1b: public transit\n|-damage|p1b: public transit|0 fnt\n|faint|p1b: public transit\n|-damage|p2a: Gonna Die|80\/100|[from] item: Life Orb\n|move|p2b: Favorite Guy|Matcha Gotcha|p1a: clash royale\n|-resisted|p1a: clash royale\n|-damage|p1a: clash royale|88\/100\n|-heal|p2b: Favorite Guy|80\/100|[from] drain|[of] p1a: clash royale\n|move|p1a: clash royale|Fissure|p2b: Favorite Guy|[miss]\n|-miss|p1a: clash royale|p2b: Favorite Guy\n|\n|-heal|p2b: Favorite Guy|86\/100|[from] item: Leftovers\n|-heal|p1a: clash royale|94\/100|[from] item: Leftovers\n|-sideend|p2: David Krow|move: Tailwind\n|upkeep\n|\n|t:|1700332498\n|switch|p1b: iron glove|Flamigo, L50, F, shiny|100\/100\n|-copyboost|p1b: iron glove|p1a: clash royale|[from] ability: Costar\n|turn|5\n|\n|t:|1700332523\n|move|p2a: Gonna Die|Poltergeist|p1b: iron glove\n|-activate|p1b: iron glove|move: Poltergeist|White Herb\n|-damage|p1b: iron glove|5\/100\n|-damage|p2a: Gonna Die|70\/100|[from] item: Life Orb\n|move|p1b: iron glove|Brave Bird|p2b: Favorite Guy\n|-supereffective|p2b: Favorite Guy\n|-damage|p2b: Favorite Guy|0 fnt\n|faint|p2b: Favorite Guy\n|-damage|p1b: iron glove|0 fnt|[from] Recoil\n|faint|p1b: iron glove\n|move|p1a: clash royale|Fissure|p2a: Gonna Die|[miss]\n|-miss|p1a: clash royale|p2a: Gonna Die\n|\n|-heal|p1a: clash royale|99\/100|[from] item: Leftovers\n|upkeep\n|\n|t:|1700332536\n|switch|p2b: He Can Fly|Dragonite, L50, F|100\/100\n|turn|6\n|\n|t:|1700332554\n|move|p2a: Gonna Die|Poltergeist|p1a: clash royale\n|-activate|p1a: clash royale|move: Poltergeist|Leftovers\n|-damage|p1a: clash royale|62\/100\n|-damage|p2a: Gonna Die|60\/100|[from] item: Life Orb\n|move|p2b: He Can Fly|Low Kick|p1a: clash royale\n|-supereffective|p1a: clash royale\n|-crit|p1a: clash royale\n|-damage|p1a: clash royale|0 fnt\n|faint|p1a: clash royale\n|\n|win|David Krow\n|c|&|\/uhtml prompt-hoi10a,Hoi10A is ready for game 2!\n|c|&|\/uhtml prompt-davidkrow,David Krow is ready for game 2!\nBoth players are ready! Starting next match!\n|l| ShinyLucarioXD\n","uploadtime":1700332963,"views":25,"p1id":"hoi10a","p2id":"davidkrow","formatid":"gen9vgc2023regulatione","rating":0,"private":0,"password":""}