{"id":"gen9vgc2023regulatione-1992389302","p1":"Kzrjzzk","p2":"Eat dat buss","format":"[Gen 9] VGC 2023 Regulation E","log":"|j|\u2606Kzrjzzk\n|j|\u2606Eat dat buss\n|t:|1700181916\n|gametype|doubles\n|player|p1|Kzrjzzk|lance|1111\n|player|p2|Eat dat buss|iris|1047\n|teamsize|p1|6\n|teamsize|p2|6\n|gen|9\n|tier|[Gen 9] VGC 2023 Regulation E\n|rated|\n|rule|Species Clause: Limit one of each Pok\u00e9mon\n|rule|Item Clause: Limit one of each item\n|clearpoke\n|poke|p1|Flutter Mane, L50|\n|poke|p1|Tornadus, L50, M|\n|poke|p1|Rillaboom, L50, M|\n|poke|p1|Garganacl, L50, M|\n|poke|p1|Arcanine-Hisui, L50, F|\n|poke|p1|Chien-Pao, L50|\n|poke|p2|Gastrodon, L50, F|\n|poke|p2|Clodsire, L50, F|\n|poke|p2|Ninetales-Alola, L50, F|\n|poke|p2|Quagsire, L50, F|\n|poke|p2|Gothitelle, L50, M|\n|poke|p2|Azumarill, L50, F|\n|teampreview|4\n|\n|t:|1700181935\n|start\n|switch|p1a: Tornadus|Tornadus, L50, M|100\/100\n|switch|p1b: Garganacl|Garganacl, L50, M|100\/100\n|switch|p2a: Ninetales|Ninetales-Alola, L50, F, shiny|100\/100\n|switch|p2b: Pazuzu|Azumarill, L50, F, shiny|100\/100\n|-weather|Snow|[from] ability: Snow Warning|[of] p2a: Ninetales\n|turn|1\n|\n|t:|1700181944\n|-terastallize|p1b: Garganacl|Ghost\n|move|p1a: Tornadus|Sunny Day|p1a: Tornadus\n|-weather|SunnyDay\n|move|p2a: Ninetales|Aurora Veil||[still]\n|-fail|p2a: Ninetales\n|move|p1b: Garganacl|Salt Cure|p2b: Pazuzu\n|-damage|p2b: Pazuzu|87\/100\n|-start|p2b: Pazuzu|Salt Cure\n|move|p2b: Pazuzu|Perish Song|p2b: Pazuzu\n|-start|p1a: Tornadus|perish3|[silent]\n|-start|p1b: Garganacl|perish3|[silent]\n|-start|p2a: Ninetales|perish3|[silent]\n|-start|p2b: Pazuzu|perish3|[silent]\n|-fieldactivate|move: Perish Song\n|\n|-weather|SunnyDay|[upkeep]\n|-damage|p2b: Pazuzu|63\/100|[from] Salt Cure\n|-start|p2a: Ninetales|perish3\n|-start|p1a: Tornadus|perish3\n|-start|p1b: Garganacl|perish3\n|-start|p2b: Pazuzu|perish3\n|upkeep\n|turn|2\n|\n|t:|1700181955\n|switch|p2b: Baddie\u2026OK!|Gothitelle, L50, M, shiny|100\/100\n|move|p2a: Ninetales|Aurora Veil||[still]\n|-fail|p2a: Ninetales\n|move|p1a: Tornadus|Bleakwind Storm|p2b: Baddie\u2026OK!|[spread] p2a,p2b\n|-damage|p2a: Ninetales|72\/100\n|-damage|p2b: Baddie\u2026OK!|77\/100\n|-unboost|p2a: Ninetales|spe|1\n|move|p1b: Garganacl|Salt Cure|p2a: Ninetales\n|-supereffective|p2a: Ninetales\n|-damage|p2a: Ninetales|38\/100\n|-start|p2a: Ninetales|Salt Cure\n|\n|-weather|SunnyDay|[upkeep]\n|-damage|p2a: Ninetales|26\/100|[from] Salt Cure\n|-start|p1a: Tornadus|perish2\n|-start|p2a: Ninetales|perish2\n|-start|p1b: Garganacl|perish2\n|upkeep\n|turn|3\n|\n|t:|1700181968\n|move|p2a: Ninetales|Protect|p2a: Ninetales\n|-singleturn|p2a: Ninetales|Protect\n|move|p1a: Tornadus|Taunt|p2b: Baddie\u2026OK!\n|-start|p2b: Baddie\u2026OK!|move: Taunt\n|-enditem|p2b: Baddie\u2026OK!|Mental Herb\n|-end|p2b: Baddie\u2026OK!|move: Taunt\n|move|p1b: Garganacl|Salt Cure|p2a: Ninetales\n|-activate|p2a: Ninetales|move: Protect\n|move|p2b: Baddie\u2026OK!|Trick Room|p2b: Baddie\u2026OK!\n|-fieldstart|move: Trick Room|[of] p2b: Baddie\u2026OK!\n|\n|-weather|SunnyDay|[upkeep]\n|-damage|p2a: Ninetales|14\/100|[from] Salt Cure\n|-start|p1b: Garganacl|perish1\n|-start|p2a: Ninetales|perish1\n|-start|p1a: Tornadus|perish1\n|upkeep\n|turn|4\n|\n|t:|1700181985\n|switch|p1b: Flutter Mane|Flutter Mane, L50|100\/100\n|-activate|p1b: Flutter Mane|ability: Protosynthesis\n|-start|p1b: Flutter Mane|protosynthesisspe\n|move|p2b: Baddie\u2026OK!|Protect|p2b: Baddie\u2026OK!\n|-singleturn|p2b: Baddie\u2026OK!|Protect\n|move|p1a: Tornadus|Taunt|p2b: Baddie\u2026OK!\n|-activate|p2b: Baddie\u2026OK!|move: Protect\n|move|p2a: Ninetales|Aurora Veil||[still]\n|-fail|p2a: Ninetales\n|\n|-weather|SunnyDay|[upkeep]\n|-damage|p2a: Ninetales|2\/100|[from] Salt Cure\n|-start|p2a: Ninetales|perish0\n|-start|p1a: Tornadus|perish0\n|faint|p2a: Ninetales\n|faint|p1a: Tornadus\n|upkeep\n|\n|t:|1700181992\n|switch|p1a: Garganacl|Garganacl, L50, M, tera:Ghost|100\/100\n|switch|p2a: Pazuzu|Azumarill, L50, F, shiny|63\/100\n|turn|5\n|l|\u2606Eat dat buss\n|player|p2|\n|j|\u2606Eat dat buss\n|player|p2|Eat dat buss|iris\n|-message|Eat dat buss forfeited.\n|\n|win|Kzrjzzk\n|raw|Kzrjzzk's rating: 1111 &rarr; <strong>1131<\/strong><br \/>(+20 for winning)\n|raw|Eat dat buss's rating: 1047 &rarr; <strong>1033<\/strong><br \/>(-14 for losing)\n|l|\u2606Eat dat buss\n","uploadtime":1700182029,"views":8,"p1id":"kzrjzzk","p2id":"eatdatbuss","formatid":"gen9vgc2023regulatione","rating":1033,"private":0,"password":""}