{"id":"gen9vgc2023regulatione-1991020997","p1":"pangwino","p2":"5Sscreen","format":"[Gen 9] VGC 2023 Regulation E","log":"|j|\u2606pangwino\n|j|\u26065Sscreen\n|t:|1700029329\n|gametype|doubles\n|player|p1|pangwino|169|1160\n|player|p2|5Sscreen|pokekid|1158\n|teamsize|p1|5\n|teamsize|p2|6\n|gen|9\n|tier|[Gen 9] VGC 2023 Regulation E\n|rated|\n|rule|Species Clause: Limit one of each Pok\u00e9mon\n|rule|Item Clause: Limit one of each item\n|clearpoke\n|poke|p1|Farigiraf, L50, M|\n|poke|p1|Torkoal, L50, M|\n|poke|p1|Great Tusk, L50|\n|poke|p1|Brute Bonnet, L50|\n|poke|p1|Ludicolo, L50, F|\n|poke|p2|Annihilape, L50, F|\n|poke|p2|Sinistcha, L50|\n|poke|p2|Grimmsnarl, L50, M|\n|poke|p2|Landorus-Therian, L50, M|\n|poke|p2|Bellibolt, L50, M|\n|poke|p2|Corviknight, L50, M|\n|teampreview|4\n|\n|t:|1700029364\n|start\n|switch|p1a: Farigiraf|Farigiraf, L50, M|100\/100\n|switch|p1b: Torkoal|Torkoal, L50, M|100\/100\n|switch|p2a: Grimmsnarl|Grimmsnarl, L50, M, shiny|100\/100\n|switch|p2b: Bellibolt|Bellibolt, L50, M, shiny|100\/100\n|-weather|SunnyDay|[from] ability: Drought|[of] p1b: Torkoal\n|turn|1\n|\n|t:|1700029417\n|move|p1b: Torkoal|Protect|p1b: Torkoal\n|-singleturn|p1b: Torkoal|Protect\n|move|p2a: Grimmsnarl|Light Screen|p2a: Grimmsnarl\n|-sidestart|p2: 5Sscreen|move: Light Screen\n|move|p2b: Bellibolt|Thunderbolt|p1b: Torkoal\n|-activate|p1b: Torkoal|move: Protect\n|move|p1a: Farigiraf|Trick Room|p1a: Farigiraf\n|-fieldstart|move: Trick Room|[of] p1a: Farigiraf\n|\n|-weather|SunnyDay|[upkeep]\n|upkeep\n|turn|2\n|\n|t:|1700029444\n|switch|p2a: Annihilape|Annihilape, L50, F|100\/100\n|-terastallize|p1b: Torkoal|Fire\n|move|p1b: Torkoal|Eruption|p2b: Bellibolt|[spread] p2a,p2b\n|-crit|p2b: Bellibolt\n|-damage|p2a: Annihilape|48\/100\n|-damage|p2b: Bellibolt|3\/100\n|-start|p2b: Bellibolt|Charge|Eruption|[from] ability: Electromorphosis\n|move|p2b: Bellibolt|Muddy Water|p1b: Torkoal|[spread] p1a,p1b\n|-supereffective|p1b: Torkoal\n|-damage|p1a: Farigiraf|91\/100\n|-damage|p1b: Torkoal|77\/100\n|move|p1a: Farigiraf|Dazzling Gleam|p2b: Bellibolt|[spread] p2a,p2b\n|-supereffective|p2a: Annihilape\n|-damage|p2a: Annihilape|29\/100\n|-damage|p2b: Bellibolt|0 fnt\n|faint|p2b: Bellibolt\n|\n|-weather|SunnyDay|[upkeep]\n|-heal|p2a: Annihilape|36\/100|[from] item: Leftovers\n|upkeep\n|\n|t:|1700029461\n|switch|p2b: Sinistcha|Sinistcha, L50|100\/100\n|-heal|p2a: Annihilape|61\/100|[from] ability: Hospitality|[of] p2b: Sinistcha\n|turn|3\n|\n|t:|1700029495\n|-terastallize|p2a: Annihilape|Fire\n|move|p2b: Sinistcha|Protect|p2b: Sinistcha\n|-singleturn|p2b: Sinistcha|Protect\n|move|p1b: Torkoal|Eruption|p2b: Sinistcha|[spread] p2a\n|-activate|p2b: Sinistcha|move: Protect\n|-resisted|p2a: Annihilape\n|-damage|p2a: Annihilape|39\/100\n|move|p1a: Farigiraf|Dazzling Gleam|p2b: Sinistcha|[spread] p2a\n|-activate|p2b: Sinistcha|move: Protect\n|-resisted|p2a: Annihilape\n|-damage|p2a: Annihilape|34\/100\n|move|p2a: Annihilape|Drain Punch|p1a: Farigiraf\n|-damage|p1a: Farigiraf|50\/100\n|-heal|p2a: Annihilape|57\/100|[from] drain|[of] p1a: Farigiraf\n|\n|-weather|SunnyDay|[upkeep]\n|-heal|p2a: Annihilape|63\/100|[from] item: Leftovers\n|upkeep\n|turn|4\n|\n|t:|1700029525\n|switch|p2b: Grimmsnarl|Grimmsnarl, L50, M, shiny|100\/100\n|move|p2a: Annihilape|Protect|p2a: Annihilape\n|-singleturn|p2a: Annihilape|Protect\n|move|p1b: Torkoal|Eruption|p2a: Annihilape|[spread] p2b\n|-activate|p2a: Annihilape|move: Protect\n|-damage|p2b: Grimmsnarl|57\/100\n|move|p1a: Farigiraf|Hyper Voice|p2a: Annihilape|[spread] p2b\n|-activate|p2a: Annihilape|move: Protect\n|-damage|p2b: Grimmsnarl|40\/100\n|\n|-weather|SunnyDay|[upkeep]\n|-heal|p2a: Annihilape|69\/100|[from] item: Leftovers\n|upkeep\n|turn|5\n|\n|t:|1700029552\n|move|p2b: Grimmsnarl|Reflect|p2b: Grimmsnarl\n|-sidestart|p2: 5Sscreen|Reflect\n|move|p1b: Torkoal|Eruption|p2b: Grimmsnarl|[spread] p2a,p2b\n|-resisted|p2a: Annihilape\n|-damage|p2a: Annihilape|49\/100\n|-damage|p2b: Grimmsnarl|0 fnt\n|faint|p2b: Grimmsnarl\n|move|p1a: Farigiraf|Hyper Voice|p2a: Annihilape\n|-damage|p2a: Annihilape|26\/100\n|move|p2a: Annihilape|Drain Punch|p1a: Farigiraf\n|-damage|p1a: Farigiraf|13\/100\n|-heal|p2a: Annihilape|47\/100|[from] drain|[of] p1a: Farigiraf\n|\n|-weather|none\n|-heal|p2a: Annihilape|53\/100|[from] item: Leftovers\n|-fieldend|move: Trick Room\n|upkeep\n|\n|t:|1700029566\n|switch|p2b: Sinistcha|Sinistcha, L50|100\/100\n|-heal|p2a: Annihilape|78\/100|[from] ability: Hospitality|[of] p2b: Sinistcha\n|turn|6\n|\n|t:|1700029584\n|move|p2a: Annihilape|Rage Fist|p1b: Torkoal\n|-damage|p1b: Torkoal|0 fnt\n|faint|p1b: Torkoal\n|move|p2b: Sinistcha|Matcha Gotcha|p1a: Farigiraf\n|-damage|p1a: Farigiraf|0 fnt\n|faint|p1a: Farigiraf\n|\n|-heal|p2a: Annihilape|84\/100|[from] item: Leftovers\n|upkeep\n|\n|t:|1700029593\n|switch|p1a: Brute Bonnet|Brute Bonnet, L50|100\/100\n|switch|p1b: Ludicolo|Ludicolo, L50, F|100\/100\n|turn|7\n|\n|t:|1700029622\n|move|p2a: Annihilape|Rage Fist|p1b: Ludicolo\n|-damage|p1b: Ludicolo|0 fnt\n|faint|p1b: Ludicolo\n|move|p2b: Sinistcha|Matcha Gotcha|p1a: Brute Bonnet\n|-resisted|p1a: Brute Bonnet\n|-damage|p1a: Brute Bonnet|88\/100\n|move|p1a: Brute Bonnet|Spore|p2a: Annihilape\n|-status|p2a: Annihilape|slp|[from] move: Spore\n|\n|-heal|p2a: Annihilape|90\/100 slp|[from] item: Leftovers\n|upkeep\n|turn|8\n|\n|t:|1700029654\n|cant|p2a: Annihilape|slp\n|move|p2b: Sinistcha|Matcha Gotcha|p1a: Brute Bonnet\n|-resisted|p1a: Brute Bonnet\n|-damage|p1a: Brute Bonnet|74\/100\n|move|p1a: Brute Bonnet|Stomping Tantrum|p2a: Annihilape\n|-supereffective|p2a: Annihilape\n|-damage|p2a: Annihilape|56\/100 slp\n|\n|-heal|p2a: Annihilape|63\/100 slp|[from] item: Leftovers\n|-sideend|p2: 5Sscreen|move: Light Screen\n|upkeep\n|turn|9\n|\n|t:|1700029671\n|cant|p2a: Annihilape|slp\n|move|p2b: Sinistcha|Matcha Gotcha|p1a: Brute Bonnet\n|-resisted|p1a: Brute Bonnet\n|-damage|p1a: Brute Bonnet|61\/100\n|move|p1a: Brute Bonnet|Stomping Tantrum|p2a: Annihilape\n|-supereffective|p2a: Annihilape\n|-damage|p2a: Annihilape|26\/100 slp\n|\n|-heal|p2a: Annihilape|32\/100 slp|[from] item: Leftovers\n|upkeep\n|turn|10\n|\n|t:|1700029686\n|-curestatus|p2a: Annihilape|slp|[msg]\n|move|p2a: Annihilape|Drain Punch|p1a: Brute Bonnet\n|-supereffective|p1a: Brute Bonnet\n|-damage|p1a: Brute Bonnet|0 fnt\n|-heal|p2a: Annihilape|64\/100|[from] drain|[of] p1a: Brute Bonnet\n|-damage|p2a: Annihilape|48\/100|[from] item: Rocky Helmet|[of] p1a: Brute Bonnet\n|faint|p1a: Brute Bonnet\n|-end|p1a: Brute Bonnet|Protosynthesis|[silent]\n|\n|win|5Sscreen\n|raw|pangwino's rating: 1160 &rarr; <strong>1135<\/strong><br \/>(-25 for losing)\n|raw|5Sscreen's rating: 1158 &rarr; <strong>1183<\/strong><br \/>(+25 for winning)\n|l|\u2606pangwino\n","uploadtime":1700029696,"views":12,"p1id":"pangwino","p2id":"5sscreen","formatid":"gen9vgc2023regulatione","rating":1135,"private":0,"password":""}