{"id":"gen9vgc2023regulatione-1990836162","p1":"TrainerDylan24","p2":"Mugetsu808","format":"[Gen 9] VGC 2023 Regulation E","log":"|j|\u2606TrainerDylan24\n|j|\u2606Mugetsu808\n|t:|1700005873\n|gametype|doubles\n|player|p1|TrainerDylan24|swimmerf|1161\n|player|p2|Mugetsu808|n|1085\n|teamsize|p1|6\n|teamsize|p2|6\n|gen|9\n|tier|[Gen 9] VGC 2023 Regulation E\n|rated|\n|rule|Species Clause: Limit one of each Pok\u00e9mon\n|rule|Item Clause: Limit one of each item\n|clearpoke\n|poke|p1|Maushold-Four, L50|\n|poke|p1|Politoed, L50, F|\n|poke|p1|Kilowattrel, L50, F|\n|poke|p1|Rillaboom, L50, M|\n|poke|p1|Forretress, L50, M|\n|poke|p1|Iron Bundle, L50|\n|poke|p2|Ogerpon-Hearthflame, L50, F|\n|poke|p2|Urshifu-*, L50, M|\n|poke|p2|Tornadus, L50, M|\n|poke|p2|Landorus-Therian, L50, M|\n|poke|p2|Flutter Mane, L50|\n|poke|p2|Kingambit, L50, M|\n|teampreview|4\n|\n|t:|1700005894\n|start\n|switch|p1a: Politoed|Politoed, L50, F|100\/100\n|switch|p1b: Iron Bundle|Iron Bundle, L50|100\/100\n|switch|p2a: Tornadus|Tornadus, L50, M|100\/100\n|switch|p2b: Landorus|Landorus-Therian, L50, M|100\/100\n|-ability|p2b: Landorus|Intimidate|boost\n|-unboost|p1a: Politoed|atk|1\n|-unboost|p1b: Iron Bundle|atk|1\n|-weather|RainDance|[from] ability: Drizzle|[of] p1a: Politoed\n|-enditem|p1b: Iron Bundle|Booster Energy\n|-activate|p1b: Iron Bundle|ability: Quark Drive|[fromitem]\n|-start|p1b: Iron Bundle|quarkdrivespe\n|turn|1\n|\n|t:|1700005915\n|move|p2a: Tornadus|Tailwind|p2a: Tornadus\n|-sidestart|p2: Mugetsu808|move: Tailwind\n|move|p2b: Landorus|Stomping Tantrum|p1b: Iron Bundle\n|-damage|p1b: Iron Bundle|46\/100\n|move|p1b: Iron Bundle|Icy Wind|p2a: Tornadus|[spread] p2a,p2b\n|-supereffective|p2a: Tornadus\n|-supereffective|p2b: Landorus\n|-damage|p2a: Tornadus|49\/100\n|-damage|p2b: Landorus|0 fnt\n|-unboost|p2a: Tornadus|spe|1\n|-enditem|p2a: Tornadus|Sitrus Berry|[eat]\n|-heal|p2a: Tornadus|73\/100|[from] item: Sitrus Berry\n|faint|p2b: Landorus\n|move|p1a: Politoed|Muddy Water|p2a: Tornadus|[miss]\n|-miss|p1a: Politoed|p2a: Tornadus\n|\n|-weather|RainDance|[upkeep]\n|upkeep\n|\n|t:|1700005926\n|switch|p2b: Urshifu|Urshifu-Rapid-Strike, L50, M|100\/100\n|turn|2\n|\n|t:|1700005943\n|move|p2a: Tornadus|Protect|p2a: Tornadus\n|-singleturn|p2a: Tornadus|Protect\n|move|p1b: Iron Bundle|Icy Wind|p2a: Tornadus|[spread] p2b\n|-activate|p2a: Tornadus|move: Protect\n|-resisted|p2b: Urshifu\n|-damage|p2b: Urshifu|85\/100\n|-unboost|p2b: Urshifu|spe|1\n|move|p2b: Urshifu|Close Combat|p1b: Iron Bundle\n|-supereffective|p1b: Iron Bundle\n|-damage|p1b: Iron Bundle|0 fnt\n|-unboost|p2b: Urshifu|def|1\n|-unboost|p2b: Urshifu|spd|1\n|faint|p1b: Iron Bundle\n|-end|p1b: Iron Bundle|Quark Drive|[silent]\n|move|p1a: Politoed|Muddy Water|p2a: Tornadus|[spread] \n|-activate|p2a: Tornadus|move: Protect\n|-miss|p1a: Politoed|p2b: Urshifu\n|\n|-weather|RainDance|[upkeep]\n|upkeep\n|\n|t:|1700005947\n|switch|p1b: Rillaboom|Rillaboom, L50, M|100\/100\n|-fieldstart|move: Grassy Terrain|[from] ability: Grassy Surge|[of] p1b: Rillaboom\n|turn|3\n|\n|t:|1700005958\n|move|p1b: Rillaboom|Grassy Glide|p2b: Urshifu\n|-supereffective|p2b: Urshifu\n|-damage|p2b: Urshifu|0 fnt\n|faint|p2b: Urshifu\n|move|p2a: Tornadus|Bleakwind Storm|p1b: Rillaboom|[spread] p1a,p1b\n|-supereffective|p1b: Rillaboom\n|-damage|p1a: Politoed|67\/100\n|-damage|p1b: Rillaboom|5\/100\n|-unboost|p1a: Politoed|spe|1\n|-unboost|p1b: Rillaboom|spe|1\n|move|p1a: Politoed|Muddy Water|p2a: Tornadus\n|-damage|p2a: Tornadus|0 fnt\n|faint|p2a: Tornadus\n|-damage|p1a: Politoed|57\/100|[from] item: Life Orb\n|\n|-weather|RainDance|[upkeep]\n|-heal|p1b: Rillaboom|11\/100|[from] Grassy Terrain\n|-heal|p1a: Politoed|63\/100|[from] Grassy Terrain\n|upkeep\n|\n|t:|1700005963\n|switch|p2b: Ogerpon|Ogerpon-Hearthflame, L50, F|100\/100\n|-ability|p2b: Ogerpon|Mold Breaker\n|turn|4\n|\n|t:|1700005989\n|-terastallize|p2b: Ogerpon|Fire\n|detailschange|p2b: Ogerpon|Ogerpon-Hearthflame-Tera, L50, F, tera:Fire\n|-ability|p2b: Ogerpon|Embody Aspect (Hearthflame)|boost\n|-boost|p2b: Ogerpon|atk|1\n|move|p2b: Ogerpon|Horn Leech|p1a: Politoed\n|-supereffective|p1a: Politoed\n|-damage|p1a: Politoed|0 fnt\n|faint|p1a: Politoed\n|move|p1b: Rillaboom|High Horsepower|p2b: Ogerpon\n|-supereffective|p2b: Ogerpon\n|-damage|p2b: Ogerpon|34\/100\n|\n|-weather|RainDance|[upkeep]\n|-heal|p2b: Ogerpon|40\/100|[from] Grassy Terrain\n|-heal|p1b: Rillaboom|18\/100|[from] Grassy Terrain\n|-sideend|p2: Mugetsu808|move: Tailwind\n|upkeep\n|\n|t:|1700005995\n|switch|p1a: Forretress|Forretress, L50, M|100\/100\n|turn|5\n|\n|t:|1700006003\n|-terastallize|p1a: Forretress|Fighting\n|move|p2b: Ogerpon|Spiky Shield|p2b: Ogerpon\n|-singleturn|p2b: Ogerpon|move: Protect\n|move|p1b: Rillaboom|High Horsepower|p2b: Ogerpon\n|-activate|p2b: Ogerpon|move: Protect\n|-damage|p1b: Rillaboom|5\/100|[from] Spiky Shield|[of] p2b: Ogerpon\n|move|p1a: Forretress|Drill Run|p2b: Ogerpon\n|-activate|p2b: Ogerpon|move: Protect\n|-damage|p1a: Forretress|89\/100|[from] Spiky Shield|[of] p2b: Ogerpon\n|\n|-weather|none\n|-heal|p2b: Ogerpon|46\/100|[from] Grassy Terrain\n|-heal|p1b: Rillaboom|11\/100|[from] Grassy Terrain\n|-heal|p1a: Forretress|95\/100|[from] Grassy Terrain\n|-heal|p1a: Forretress|100\/100|[from] item: Leftovers\n|upkeep\n|turn|6\n|\n|t:|1700006019\n|move|p2b: Ogerpon|Horn Leech|p1a: Forretress\n|-damage|p1a: Forretress|36\/100\n|-heal|p2b: Ogerpon|72\/100|[from] drain|[of] p1a: Forretress\n|move|p1b: Rillaboom|High Horsepower|p2b: Ogerpon\n|-supereffective|p2b: Ogerpon\n|-damage|p2b: Ogerpon|2\/100\n|move|p1a: Forretress|Drill Run|p2b: Ogerpon\n|-supereffective|p2b: Ogerpon\n|-damage|p2b: Ogerpon|0 fnt\n|faint|p2b: Ogerpon\n|\n|win|TrainerDylan24\n|raw|TrainerDylan24's rating: 1161 &rarr; <strong>1181<\/strong><br \/>(+20 for winning)\n|raw|Mugetsu808's rating: 1085 &rarr; <strong>1067<\/strong><br \/>(-18 for losing)\n|l|\u2606Mugetsu808\n","uploadtime":1700006041,"views":7,"p1id":"trainerdylan24","p2id":"mugetsu808","formatid":"gen9vgc2023regulatione","rating":1067,"private":0,"password":""}