{"id":"gen9vgc2023regulatione-1996788937","p1":"Toni Testoni","p2":"TheManOfSausage","format":"[Gen 9] VGC 2023 Regulation E","log":"|j|\u2606Toni Testoni\n|j|\u2606TheManOfSausage\n|t:|1700725539\n|gametype|doubles\n|player|p1|Toni Testoni|preschooler|1367\n|player|p2|TheManOfSausage|guitarist|1338\n|teamsize|p1|6\n|teamsize|p2|6\n|gen|9\n|tier|[Gen 9] VGC 2023 Regulation E\n|rated|\n|rule|Species Clause: Limit one of each Pok\u00e9mon\n|rule|Item Clause: Limit one of each item\n|clearpoke\n|poke|p1|Ninetales-Alola, L50, M|\n|poke|p1|Iron Hands, L50|\n|poke|p1|Landorus-Therian, L50, M|\n|poke|p1|Heatran, L50, F|\n|poke|p1|Ogerpon-Wellspring, L50, F|\n|poke|p1|Kingambit, L50, M|\n|poke|p2|Flutter Mane, L50|\n|poke|p2|Chi-Yu, L50|\n|poke|p2|Urshifu-*, L50, M|\n|poke|p2|Rillaboom, L50, M|\n|poke|p2|Kingambit, L50, F|\n|poke|p2|Landorus-Therian, L50, M|\n|teampreview|4\n|inactive|Battle timer is ON: inactive players will automatically lose when time's up. (requested by Toni Testoni)\n|inactive|TheManOfSausage has 60 seconds left.\n|\n|t:|1700725580\n|start\n|switch|p1a: Ninetales|Ninetales-Alola, L50, M|100\/100\n|switch|p1b: Heatran|Heatran, L50, F|100\/100\n|switch|p2a: Flutter Mane|Flutter Mane, L50|100\/100\n|switch|p2b: Harmony|Kingambit, L50, F, shiny|100\/100\n|-weather|Snow|[from] ability: Snow Warning|[of] p1a: Ninetales\n|-enditem|p2a: Flutter Mane|Booster Energy\n|-activate|p2a: Flutter Mane|ability: Protosynthesis|[fromitem]\n|-start|p2a: Flutter Mane|protosynthesisspa\n|turn|1\n|\n|t:|1700725595\n|move|p2b: Harmony|Protect|p2b: Harmony\n|-singleturn|p2b: Harmony|Protect\n|move|p1a: Ninetales|Aurora Veil|p1a: Ninetales\n|-sidestart|p1: Toni Testoni|move: Aurora Veil\n|move|p2a: Flutter Mane|Taunt|p1a: Ninetales\n|-start|p1a: Ninetales|move: Taunt\n|move|p1b: Heatran|Heat Wave|p2b: Harmony|[spread] p2a\n|-activate|p2b: Harmony|move: Protect\n|-crit|p2a: Flutter Mane\n|-damage|p2a: Flutter Mane|52\/100\n|\n|-weather|Snow|[upkeep]\n|upkeep\n|turn|2\n|\n|t:|1700725619\n|switch|p2b: Urshifu|Urshifu-Rapid-Strike, L50, M|100\/100\n|move|p1a: Ninetales|Icy Wind|p2a: Flutter Mane|[spread] p2a,p2b\n|-resisted|p2b: Urshifu\n|-damage|p2a: Flutter Mane|40\/100\n|-damage|p2b: Urshifu|91\/100\n|-unboost|p2a: Flutter Mane|spe|1\n|-unboost|p2b: Urshifu|spe|1\n|move|p2a: Flutter Mane|Shadow Ball|p1b: Heatran\n|-damage|p1b: Heatran|69\/100\n|move|p1b: Heatran|Heat Wave|p2a: Flutter Mane|[spread] p2a,p2b\n|-resisted|p2b: Urshifu\n|-damage|p2a: Flutter Mane|6\/100\n|-damage|p2b: Urshifu|66\/100\n|\n|-weather|Snow|[upkeep]\n|-heal|p1b: Heatran|75\/100|[from] item: Leftovers\n|upkeep\n|turn|3\n|inactive|TheManOfSausage has 30 seconds left.\n|\n|t:|1700725649\n|switch|p1b: Ogerpon|Ogerpon-Wellspring, L50, F|100\/100\n|move|p2b: Urshifu|Detect|p2b: Urshifu\n|-singleturn|p2b: Urshifu|Protect\n|move|p1a: Ninetales|Icy Wind|p2b: Urshifu|[spread] \n|-activate|p2b: Urshifu|move: Protect\n|-miss|p1a: Ninetales|p2a: Flutter Mane\n|move|p2a: Flutter Mane|Shadow Ball|p1b: Ogerpon\n|-damage|p1b: Ogerpon|63\/100\n|\n|-weather|Snow|[upkeep]\n|upkeep\n|turn|4\n|\n|t:|1700725667\n|-end|p2a: Flutter Mane|Protosynthesis|[silent]\n|switch|p2a: Rillaboom|Rillaboom, L50, M|100\/100\n|-fieldstart|move: Grassy Terrain|[from] ability: Grassy Surge|[of] p2a: Rillaboom\n|switch|p2b: Harmony|Kingambit, L50, F, shiny|100\/100\n|move|p1a: Ninetales|Icy Wind|p2b: Harmony|[spread] p2b\n|-miss|p1a: Ninetales|p2a: Rillaboom\n|-resisted|p2b: Harmony\n|-damage|p2b: Harmony|94\/100\n|-unboost|p2b: Harmony|spe|1\n|-ability|p2b: Harmony|Defiant|boost\n|-boost|p2b: Harmony|atk|2\n|move|p1b: Ogerpon|Horn Leech|p2b: Harmony\n|-resisted|p2b: Harmony\n|-damage|p2b: Harmony|69\/100\n|-heal|p1b: Ogerpon|76\/100|[from] drain|[of] p2b: Harmony\n|\n|-weather|Snow|[upkeep]\n|-heal|p1b: Ogerpon|82\/100|[from] Grassy Terrain\n|-heal|p2b: Harmony|75\/100|[from] Grassy Terrain\n|-end|p1a: Ninetales|move: Taunt\n|upkeep\n|turn|5\n|\n|t:|1700725690\n|-terastallize|p2b: Harmony|Dark\n|move|p1b: Ogerpon|Spiky Shield|p1b: Ogerpon\n|-singleturn|p1b: Ogerpon|move: Protect\n|move|p2a: Rillaboom|Fake Out|p1a: Ninetales\n|-damage|p1a: Ninetales|92\/100\n|move|p2b: Harmony|Sucker Punch||[still]\n|-fail|p2b: Harmony\n|cant|p1a: Ninetales|flinch\n|\n|-weather|none\n|-heal|p1a: Ninetales|98\/100|[from] Grassy Terrain\n|-heal|p1b: Ogerpon|88\/100|[from] Grassy Terrain\n|-heal|p2b: Harmony|81\/100|[from] Grassy Terrain\n|upkeep\n|turn|6\n|\n|t:|1700725710\n|switch|p2a: Urshifu|Urshifu-Rapid-Strike, L50, M|66\/100\n|move|p1b: Ogerpon|Follow Me|p1b: Ogerpon\n|-singleturn|p1b: Ogerpon|move: Follow Me\n|move|p2b: Harmony|Sucker Punch||[still]\n|-fail|p2b: Harmony\n|move|p1a: Ninetales|Moonblast|p2b: Harmony\n|-supereffective|p2b: Harmony\n|-crit|p2b: Harmony\n|-damage|p2b: Harmony|0 fnt\n|faint|p2b: Harmony\n|\n|-heal|p1a: Ninetales|100\/100|[from] Grassy Terrain\n|-heal|p1b: Ogerpon|94\/100|[from] Grassy Terrain\n|-heal|p2a: Urshifu|72\/100|[from] Grassy Terrain\n|upkeep\n|-message|TheManOfSausage forfeited.\n|\n|win|Toni Testoni\n|raw|Toni Testoni's rating: 1367 &rarr; <strong>1385<\/strong><br \/>(+18 for winning)\n|raw|TheManOfSausage's rating: 1338 &rarr; <strong>1320<\/strong><br \/>(-18 for losing)\n|l|\u2606TheManOfSausage\n","uploadtime":1700725724,"views":26,"p1id":"tonitestoni","p2id":"themanofsausage","formatid":"gen9vgc2023regulatione","rating":1320,"private":0,"password":""}