{"id":"gen9vgc2023regulatione-1997361916","p1":"Newguynorage","p2":"JEMM1992","format":"[Gen 9] VGC 2023 Regulation E","log":"|j|\u2606Newguynorage\n|j|\u2606JEMM1992\n|t:|1700794241\n|gametype|doubles\n|player|p1|Newguynorage|sage|1039\n|player|p2|JEMM1992|lucas|1079\n|teamsize|p1|6\n|teamsize|p2|6\n|gen|9\n|tier|[Gen 9] VGC 2023 Regulation E\n|rated|\n|rule|Species Clause: Limit one of each Pok\u00e9mon\n|rule|Item Clause: Limit one of each item\n|clearpoke\n|poke|p1|Gengar, L50, M|\n|poke|p1|Iron Bundle, L50|\n|poke|p1|Indeedee-F, L50, F|\n|poke|p1|Chi-Yu, L50|\n|poke|p1|Urshifu-*, L50, M|\n|poke|p1|Tornadus, L50, M|\n|poke|p2|Baxcalibur, L50, M|\n|poke|p2|Bronzong, L50|\n|poke|p2|Tornadus, L50, M|\n|poke|p2|Flutter Mane, L50|\n|poke|p2|Indeedee-F, L50, F|\n|poke|p2|Armarouge, L50, F|\n|teampreview|4\n|\n|t:|1700794276\n|start\n|switch|p1a: Gengar|Gengar, L50, M, shiny|100\/100\n|switch|p1b: Tornadus|Tornadus, L50, M|100\/100\n|switch|p2a: Indeedee|Indeedee-F, L50, F|100\/100\n|switch|p2b: Flutter Mane|Flutter Mane, L50|100\/100\n|-fieldstart|move: Psychic Terrain|[from] ability: Psychic Surge|[of] p2a: Indeedee\n|-enditem|p2a: Indeedee|Psychic Seed\n|-boost|p2a: Indeedee|spd|1|[from] item: Psychic Seed\n|-enditem|p2b: Flutter Mane|Booster Energy\n|-activate|p2b: Flutter Mane|ability: Protosynthesis|[fromitem]\n|-start|p2b: Flutter Mane|protosynthesisspe\n|turn|1\n|\n|t:|1700794311\n|move|p2a: Indeedee|Helping Hand|p2b: Flutter Mane\n|-singleturn|p2b: Flutter Mane|Helping Hand|[of] p2a: Indeedee\n|move|p1a: Gengar|Protect|p1a: Gengar\n|-singleturn|p1a: Gengar|Protect\n|move|p1b: Tornadus|Tailwind|p1b: Tornadus\n|-sidestart|p1: Newguynorage|move: Tailwind\n|move|p2b: Flutter Mane|Shadow Ball|p1a: Gengar\n|-activate|p1a: Gengar|move: Protect\n|\n|upkeep\n|turn|2\n|\n|t:|1700794337\n|move|p2a: Indeedee|Follow Me|p2a: Indeedee\n|-singleturn|p2a: Indeedee|move: Follow Me\n|move|p1a: Gengar|Nasty Plot|p1a: Gengar\n|-boost|p1a: Gengar|spa|2\n|move|p2b: Flutter Mane|Thunderbolt|p1b: Tornadus\n|-supereffective|p1b: Tornadus\n|-damage|p1b: Tornadus|35\/100\n|move|p1b: Tornadus|Bleakwind Storm|p2b: Flutter Mane|[spread] p2a\n|-miss|p1b: Tornadus|p2b: Flutter Mane\n|-damage|p2a: Indeedee|78\/100\n|-unboost|p2a: Indeedee|spe|1\n|\n|upkeep\n|turn|3\n|\n|t:|1700794368\n|switch|p1b: Chi-Yu|Chi-Yu, L50|100\/100\n|-ability|p1b: Chi-Yu|Beads of Ruin\n|-terastallize|p1a: Gengar|Fairy\n|-terastallize|p2b: Flutter Mane|Fairy\n|move|p2a: Indeedee|Helping Hand|p2b: Flutter Mane\n|-singleturn|p2b: Flutter Mane|Helping Hand|[of] p2a: Indeedee\n|move|p1a: Gengar|Dazzling Gleam|p2a: Indeedee|[spread] p2a,p2b\n|-damage|p2a: Indeedee|19\/100\n|-damage|p2b: Flutter Mane|0 fnt\n|faint|p2b: Flutter Mane\n|-end|p2b: Flutter Mane|Protosynthesis|[silent]\n|\n|upkeep\n|\n|t:|1700794390\n|switch|p2b: Tornadus|Tornadus, L50, M|100\/100\n|turn|4\n|\n|t:|1700794403\n|move|p2b: Tornadus|Tailwind|p2b: Tornadus\n|-sidestart|p2: JEMM1992|move: Tailwind\n|move|p1b: Chi-Yu|Dark Pulse|p2b: Tornadus\n|-damage|p2b: Tornadus|18\/100\n|move|p1a: Gengar|Dazzling Gleam|p2a: Indeedee|[spread] p2a,p2b\n|-crit|p2a: Indeedee\n|-damage|p2a: Indeedee|0 fnt\n|-damage|p2b: Tornadus|0 fnt\n|faint|p2a: Indeedee\n|faint|p2b: Tornadus\n|\n|-sideend|p1: Newguynorage|move: Tailwind\n|upkeep\n|\n|t:|1700794416\n|switch|p2b: Baxcalibur|Baxcalibur, L50, M|100\/100\n|turn|5\n|\n|t:|1700794421\n|move|p2b: Baxcalibur|Earthquake|p1a: Gengar|[spread] p1a,p1b\n|-supereffective|p1b: Chi-Yu\n|-damage|p1a: Gengar|23\/100\n|-damage|p1b: Chi-Yu|0 fnt\n|faint|p1b: Chi-Yu\n|-damage|p2b: Baxcalibur|91\/100|[from] item: Life Orb\n|move|p1a: Gengar|Dazzling Gleam|p2b: Baxcalibur\n|-supereffective|p2b: Baxcalibur\n|-damage|p2b: Baxcalibur|0 fnt\n|faint|p2b: Baxcalibur\n|\n|win|Newguynorage\n|raw|Newguynorage's rating: 1039 &rarr; <strong>1077<\/strong><br \/>(+38 for winning)\n|raw|JEMM1992's rating: 1079 &rarr; <strong>1055<\/strong><br \/>(-24 for losing)\n|l|\u2606JEMM1992\n","uploadtime":1700794442,"views":21,"p1id":"newguynorage","p2id":"jemm1992","formatid":"gen9vgc2023regulatione","rating":1055,"private":0,"password":""}