{"id":"gen9vgc2023regulatione-1999262396","p1":"MikeTitan","p2":"JakeStewart400","format":"[Gen 9] VGC 2023 Regulation E","log":"|j|\u2606MikeTitan\n|j|\u2606JakeStewart400\n|n|\u2606MikeTitan|miketitan\n|n|\u2606JakeStewart400|jakestewart400\n|html|View the match progress at <a href=\"\/game-bestof3-gen9vgc2023regulatione-1999252859\">game-bestof3-gen9vgc2023regulatione-1999252859<\/a>\n|t:|1701052213\n|gametype|doubles\n|player|p1|MikeTitan|roughneck|\n|player|p2|JakeStewart400|169|\n|teamsize|p1|6\n|teamsize|p2|6\n|gen|9\n|tier|[Gen 9] VGC 2023 Regulation E\n|rule|Species Clause: Limit one of each Pok\u00e9mon\n|rule|Item Clause: Limit one of each item\n|clearpoke\n|poke|p1|Ogerpon-Cornerstone, L50, F|\n|poke|p1|Florges-Blue, L50, F|\n|poke|p1|Lucario, L50, F|\n|poke|p1|Pachirisu, L50, M|\n|poke|p1|Sandy Shocks, L50|\n|poke|p1|Sableye, L50, F|\n|poke|p2|Ogerpon-Hearthflame, L50, F|\n|poke|p2|Landorus-Therian, L50, M|\n|poke|p2|Fezandipiti, L50, M|\n|poke|p2|Toxapex, L50, M|\n|poke|p2|Goodra, L50, M|\n|poke|p2|Magnezone, L50|\n|teampreview|4\n|j| downfall18\n|j| pokemon_and_beer\nJakeStewart400 rejected open team sheets.\n|j| Cmholde2\n|c| downfall18|game 3 get HYPE\n|j| OmegaAlpha01\n|c|\u2606JakeStewart400|glhf!\n|c| OmegaAlpha01|hype hype hype\n|c|\u2606MikeTitan|Glhf!!\n|c| Cmholde2|This is what it\u2019s all about baby!\n|l| OmegaAlpha01\n|j| OmegaAlpha01\n|\n|t:|1701052287\n|start\n|switch|p1a: Road Work Ahead?|Ogerpon-Cornerstone, L50, F|100\/100\n|switch|p1b: Free Shevacado|Pachirisu, L50, M|100\/100\n|switch|p2a: Ogerpon|Ogerpon-Hearthflame, L50, F|100\/100\n|switch|p2b: Magnezone|Magnezone, L50|100\/100\n|-ability|p2a: Ogerpon|Mold Breaker\n|-item|p1b: Free Shevacado|Air Balloon\n|turn|1\n|c| pokemon_and_beer|I don't understand your nicknames, Mike\n|c| downfall18|i do\n|c| downfall18|i like them\n|c|\u2606MikeTitan|Vine references\n|c| OmegaAlpha01|I think theyre all memes\n|\n|t:|1701052372\n|switch|p1b: TheyWereRoommates|Florges-Blue, L50, F, shiny|100\/100\n|-terastallize|p2b: Magnezone|Fairy\n|move|p2a: Ogerpon|Spiky Shield|p2a: Ogerpon\n|-singleturn|p2a: Ogerpon|move: Protect\n|move|p1a: Road Work Ahead?|Ivy Cudgel|p2a: Ogerpon|[anim] Ivy Cudgel Rock\n|-activate|p2a: Ogerpon|move: Protect\n|move|p2b: Magnezone|Electroweb|p1b: TheyWereRoommates|[spread] p1a,p1b\n|-resisted|p1a: Road Work Ahead?\n|-damage|p1a: Road Work Ahead?|83\/100\n|-damage|p1b: TheyWereRoommates|81\/100\n|-unboost|p1b: TheyWereRoommates|spe|1\n|\n|upkeep\n|turn|2\n|c| OmegaAlpha01|ooo\n|c| Cmholde2|What is happening?\n|c| Cmholde2|jake pulling some wild tec\n|\n|t:|1701052408\n|switch|p2a: Why|Toxapex, L50, M, shiny|100\/100\n|switch|p1b: I Smell Like Beef|Lucario, L50, F|100\/100\n|move|p1a: Road Work Ahead?|Ivy Cudgel|p2a: Why|[anim] Ivy Cudgel Rock\n|-damage|p2a: Why|55\/100\n|move|p2b: Magnezone|Flash Cannon|p1b: I Smell Like Beef\n|-resisted|p1b: I Smell Like Beef\n|-damage|p1b: I Smell Like Beef|51\/100\n|\n|upkeep\n|turn|3\n|j| amlodude\n|c| pokemon_and_beer|lmaooo. only the tox has a name\n|c| downfall18|i feel as tho\n|c| downfall18|that was not a resist\n|c|\u2606MikeTitan|Resisted?? That\u2019s rude damage\n|c| OmegaAlpha01|Analytic is busted\n|c| OmegaAlpha01|its a specs boost?\n|c| OmegaAlpha01|I think?\n|c|\u2606MikeTitan|Not specs\n|c|\u2606MikeTitan|it has protect\n|c|\u2606MikeTitan|sorry im talking so much\n|c| OmegaAlpha01|No i meant the ability\n|c|\u2606MikeTitan|I\u2019m supposed to be playing\n|c|\u2606MikeTitan|OH\n|c| downfall18|no he's saying analytic gives the same boost\n|c| downfall18|yuh\n|c| OmegaAlpha01|i think it boosts by 50%\n|c|\u2606JakeStewart400|1.3 boost lol\n|c| downfall18|yuh\n|c| OmegaAlpha01|still good\n|c| downfall18|so lorb\n|c| downfall18|for freeeeee\n|c|\u2606JakeStewart400|yeah its pretty dope\n|\n|t:|1701052492\n|move|p1b: I Smell Like Beef|Bullet Punch|p2b: Magnezone\n|-supereffective|p2b: Magnezone\n|-damage|p2b: Magnezone|50\/100\n|move|p1a: Road Work Ahead?|Ivy Cudgel|p2b: Magnezone|[anim] Ivy Cudgel Rock\n|-damage|p2b: Magnezone|0 fnt\n|faint|p2b: Magnezone\n|move|p2a: Why|Recover|p2a: Why\n|-heal|p2a: Why|100\/100\n|\n|upkeep\n|\n|t:|1701052502\n|switch|p2b: Landorus|Landorus-Therian, L50, M|100\/100\n|-ability|p2b: Landorus|Intimidate|boost\n|-unboost|p1a: Road Work Ahead?|atk|1\n|-fail|p1b: I Smell Like Beef|unboost|Attack|[from] ability: Inner Focus|[of] p1b: I Smell Like Beef\n|turn|4\n|l| amlodude\n|\n|t:|1701052553\n|switch|p1a: Free Shevacado|Pachirisu, L50, M|100\/100\n|-item|p1a: Free Shevacado|Air Balloon\n|move|p1b: I Smell Like Beef|Bullet Punch|p2b: Landorus\n|-damage|p2b: Landorus|68\/100\n|move|p2b: Landorus|Stomping Tantrum|p1b: I Smell Like Beef\n|-supereffective|p1b: I Smell Like Beef\n|-damage|p1b: I Smell Like Beef|0 fnt\n|faint|p1b: I Smell Like Beef\n|move|p2a: Why|Infestation|p1a: Free Shevacado\n|-damage|p1a: Free Shevacado|97\/100\n|-activate|p1a: Free Shevacado|move: Infestation|[of] p2a: Why\n|-enditem|p1a: Free Shevacado|Air Balloon\n|\n|-damage|p1a: Free Shevacado|81\/100|[from] move: Infestation|[partiallytrapped]\n|upkeep\n|\n|t:|1701052572\n|switch|p1b: Road Work Ahead?|Ogerpon-Cornerstone, L50, F|83\/100\n|turn|5\n|c|\u2606MikeTitan|NOT MY BALLOON\n|c| downfall18|popped the poor guy's balloon\n|c| OmegaAlpha01|Good\n|\n|t:|1701052600\n|move|p1a: Free Shevacado|Helping Hand|p1b: Road Work Ahead?\n|-singleturn|p1b: Road Work Ahead?|Helping Hand|[of] p1a: Free Shevacado\n|move|p2b: Landorus|Protect|p2b: Landorus\n|-singleturn|p2b: Landorus|Protect\n|move|p2a: Why|Baneful Bunker|p2a: Why\n|-singleturn|p2a: Why|move: Protect\n|move|p1b: Road Work Ahead?|Ivy Cudgel|p2b: Landorus|[anim] Ivy Cudgel Rock\n|-activate|p2b: Landorus|move: Protect\n|\n|-damage|p1a: Free Shevacado|65\/100|[from] move: Infestation|[partiallytrapped]\n|upkeep\n|turn|6\n|c| OmegaAlpha01|deserved\n|\n|t:|1701052624\n|move|p1a: Free Shevacado|Helping Hand|p1b: Road Work Ahead?\n|-singleturn|p1b: Road Work Ahead?|Helping Hand|[of] p1a: Free Shevacado\n|move|p1b: Road Work Ahead?|Ivy Cudgel|p2b: Landorus|[anim] Ivy Cudgel Rock\n|-damage|p2b: Landorus|0 fnt\n|faint|p2b: Landorus\n|move|p2a: Why|Infestation|p1b: Road Work Ahead?\n|-supereffective|p1b: Road Work Ahead?\n|-damage|p1b: Road Work Ahead?|75\/100\n|-activate|p1b: Road Work Ahead?|move: Infestation|[of] p2a: Why\n|\n|-damage|p1b: Road Work Ahead?|59\/100|[from] move: Infestation|[partiallytrapped]\n|-damage|p1a: Free Shevacado|48\/100|[from] move: Infestation|[partiallytrapped]\n|upkeep\n|\n|t:|1701052634\n|switch|p2b: Ogerpon|Ogerpon-Hearthflame, L50, F|100\/100\n|-ability|p2b: Ogerpon|Mold Breaker\n|turn|7\n|c| OmegaAlpha01|I think this comes down to a Toxapex 1v3\n|c| downfall18|it just might\n|c| Cmholde2|That is Gina be tight\n|c| Cmholde2|gonna\n|c| Cmholde2|who\u2019s Gina ?\n|c| downfall18|never met her\n|\n|t:|1701052712\n|move|p2b: Ogerpon|Spiky Shield|p2b: Ogerpon\n|-singleturn|p2b: Ogerpon|move: Protect\n|move|p1a: Free Shevacado|Follow Me|p1a: Free Shevacado\n|-singleturn|p1a: Free Shevacado|move: Follow Me\n|move|p1b: Road Work Ahead?|Ivy Cudgel|p2b: Ogerpon|[anim] Ivy Cudgel Rock\n|-activate|p2b: Ogerpon|move: Protect\n|move|p2a: Why|Toxic|p1a: Free Shevacado\n|-status|p1a: Free Shevacado|tox\n|\n|-damage|p1a: Free Shevacado|42\/100 tox|[from] psn\n|-damage|p1b: Road Work Ahead?|42\/100|[from] move: Infestation|[partiallytrapped]\n|-damage|p1a: Free Shevacado|26\/100 tox|[from] move: Infestation|[partiallytrapped]\n|upkeep\n|turn|8\n|c|\u2606JakeStewart400|the fact that i have lando and ogerpon but pex is my mvp is wild\n|\n|t:|1701052769\n|move|p1a: Free Shevacado|Follow Me|p1a: Free Shevacado\n|-singleturn|p1a: Free Shevacado|move: Follow Me\n|move|p2b: Ogerpon|Horn Leech|p1a: Free Shevacado\n|-damage|p1a: Free Shevacado|0 fnt\n|faint|p1a: Free Shevacado\n|move|p1b: Road Work Ahead?|Ivy Cudgel|p2b: Ogerpon|[anim] Ivy Cudgel Rock\n|-supereffective|p2b: Ogerpon\n|-crit|p2b: Ogerpon\n|-damage|p2b: Ogerpon|0 fnt\n|faint|p2b: Ogerpon\n|move|p2a: Why|Toxic|p1b: Road Work Ahead?\n|-status|p1b: Road Work Ahead?|tox\n|\n|-damage|p1b: Road Work Ahead?|36\/100 tox|[from] psn\n|-damage|p1b: Road Work Ahead?|20\/100 tox|[from] move: Infestation|[partiallytrapped]\n|upkeep\n|\n|t:|1701052781\n|switch|p1a: TheyWereRoommates|Florges-Blue, L50, F, shiny|81\/100\n|turn|9\n|c| downfall18|this is incredibly close\n|c| pokemon_and_beer|the real battle is the 2v1 of toxic and infestation vs pollen puff\n|c| Cmholde2|Yeah I can\u2019t believe this is G3\n|\n|t:|1701052829\n|move|p1b: Road Work Ahead?|Taunt|p2a: Why\n|-start|p2a: Why|move: Taunt\n|move|p1a: TheyWereRoommates|Pollen Puff|p1b: Road Work Ahead?\n|-heal|p1b: Road Work Ahead?|70\/100 tox\n|-damage|p1a: TheyWereRoommates|71\/100|[from] item: Life Orb\n|cant|p2a: Why|move: Taunt|Toxic\n|\n|-damage|p1b: Road Work Ahead?|58\/100 tox|[from] psn\n|-damage|p1b: Road Work Ahead?|42\/100 tox|[from] move: Infestation|[partiallytrapped]\n|upkeep\n|turn|10\n|c| OmegaAlpha01|Pollen puff boutta be big\n|c| Cmholde2|Omb\n|c| Cmholde2|omh\n|c| pokemon_and_beer|well that was unexpected\n|c|\u2606JakeStewart400|that taunt hurts\n|c| downfall18|huge taunt\n|c| Cmholde2|the taint\n|\n|t:|1701052855\n|-terastallize|p1b: Road Work Ahead?|Rock\n|detailschange|p1b: Road Work Ahead?|Ogerpon-Cornerstone-Tera, L50, F, tera:Rock\n|-ability|p1b: Road Work Ahead?|Embody Aspect (Cornerstone)|boost\n|-boost|p1b: Road Work Ahead?|def|1\n|move|p1b: Road Work Ahead?|Ivy Cudgel|p2a: Why|[anim] Ivy Cudgel Rock\n|-damage|p2a: Why|46\/100\n|move|p1a: TheyWereRoommates|Pollen Puff|p1b: Road Work Ahead?\n|-heal|p1b: Road Work Ahead?|92\/100 tox\n|-damage|p1a: TheyWereRoommates|62\/100|[from] item: Life Orb\n|move|p2a: Why|Infestation|p1a: TheyWereRoommates\n|-resisted|p1a: TheyWereRoommates\n|-damage|p1a: TheyWereRoommates|60\/100\n|-activate|p1a: TheyWereRoommates|move: Infestation|[of] p2a: Why\n|\n|-damage|p1b: Road Work Ahead?|74\/100 tox|[from] psn\n|-damage|p1b: Road Work Ahead?|58\/100 tox|[from] move: Infestation|[partiallytrapped]\n|-damage|p1a: TheyWereRoommates|44\/100|[from] move: Infestation|[partiallytrapped]\n|upkeep\n|turn|11\n|c| Cmholde2|what\u2019s going on wk\n|c| Cmholde2|Sorry for my stroke guys\n|\n|t:|1701052879\n|move|p1b: Road Work Ahead?|Ivy Cudgel|p2a: Why|[anim] Ivy Cudgel Rock\n|-damage|p2a: Why|0 fnt\n|faint|p2a: Why\n|\n|win|MikeTitan\n|c| OmegaAlpha01|Wow\n|c| downfall18|ggs!\n|c| pokemon_and_beer|GGs!\n|c|\u2606JakeStewart400|ggs, really wp\n|c| downfall18|what a set\n|c| OmegaAlpha01|What a game\n|c|\u2606MikeTitan|G. Flippin. Gs\n|c|\u2606MikeTitan|god that was fun\n|c| OmegaAlpha01|and to think we get another match after this\n|c|\u2606MikeTitan|I got replays\n","uploadtime":1701052909,"views":6,"p1id":"miketitan","p2id":"jakestewart400","formatid":"gen9vgc2023regulatione","rating":0,"private":0,"password":""}