{"id":"gen9vgc2023regulatione-1994387295","p1":"Agent D01","p2":"wdytyaia","format":"[Gen 9] VGC 2023 Regulation E","log":"|j|\u2606Agent D01\n|j|\u2606wdytyaia\n|t:|1700438097\n|gametype|doubles\n|player|p1|Agent D01|benga|1356\n|player|p2|wdytyaia|flannery|1315\n|teamsize|p1|6\n|teamsize|p2|6\n|gen|9\n|tier|[Gen 9] VGC 2023 Regulation E\n|rated|\n|rule|Species Clause: Limit one of each Pok\u00e9mon\n|rule|Item Clause: Limit one of each item\n|clearpoke\n|poke|p1|Chi-Yu, L50|\n|poke|p1|Flutter Mane, L50|\n|poke|p1|Amoonguss, L50, M|\n|poke|p1|Farigiraf, L50, F|\n|poke|p1|Landorus-Therian, L50, M|\n|poke|p1|Iron Hands, L50|\n|poke|p2|Roaring Moon, L50|\n|poke|p2|Arcanine-Hisui, L50, M|\n|poke|p2|Chien-Pao, L50|\n|poke|p2|Iron Hands, L50|\n|poke|p2|Kingambit, L50, M|\n|poke|p2|Sinistcha, L50|\n|teampreview|4\nwdytyaia has agreed to open team sheets.\nAgent D01 has agreed to open team sheets.\n|\n|t:|1700438168\n|start\n|switch|p1a: Flutter Mane|Flutter Mane, L50|100\/100\n|switch|p1b: Landorus|Landorus-Therian, L50, M|100\/100\n|switch|p2a: Roaring Moon|Roaring Moon, L50|100\/100\n|switch|p2b: Arcanine|Arcanine-Hisui, L50, M|100\/100\n|-ability|p2b: Arcanine|Intimidate|boost\n|-unboost|p1a: Flutter Mane|atk|1\n|-fail|p1b: Landorus|unboost|[from] item: Clear Amulet|[of] p1b: Landorus\n|-ability|p1b: Landorus|Intimidate|boost\n|-unboost|p2a: Roaring Moon|atk|1\n|-unboost|p2b: Arcanine|atk|1\n|-enditem|p1a: Flutter Mane|Booster Energy\n|-activate|p1a: Flutter Mane|ability: Protosynthesis|[fromitem]\n|-start|p1a: Flutter Mane|protosynthesisspe\n|-enditem|p2a: Roaring Moon|Booster Energy\n|-activate|p2a: Roaring Moon|ability: Protosynthesis|[fromitem]\n|-start|p2a: Roaring Moon|protosynthesisspe\n|turn|1\n|\n|t:|1700438213\n|-terastallize|p2b: Arcanine|Fairy\n|move|p2a: Roaring Moon|Protect|p2a: Roaring Moon\n|-singleturn|p2a: Roaring Moon|Protect\n|move|p1a: Flutter Mane|Dazzling Gleam|p2a: Roaring Moon|[spread] p2b\n|-activate|p2a: Roaring Moon|move: Protect\n|-damage|p2b: Arcanine|58\/100\n|move|p2b: Arcanine|Flare Blitz|p1a: Flutter Mane\n|-damage|p1a: Flutter Mane|0 fnt\n|faint|p1a: Flutter Mane\n|-end|p1a: Flutter Mane|Protosynthesis|[silent]\n|-damage|p2b: Arcanine|30\/100|[from] Recoil\n|move|p1b: Landorus|Stomping Tantrum|p2b: Arcanine\n|-damage|p2b: Arcanine|0 fnt\n|faint|p2b: Arcanine\n|\n|upkeep\n|\n|t:|1700438229\n|switch|p1a: Amoonguss|Amoonguss, L50, M|100\/100\n|switch|p2b: Chien-Pao|Chien-Pao, L50|100\/100\n|-ability|p2b: Chien-Pao|Sword of Ruin\n|turn|2\n|\n|t:|1700438266\n|-end|p2a: Roaring Moon|Protosynthesis|[silent]\n|switch|p2a: Sinistcha|Sinistcha, L50|100\/100\n|-terastallize|p1a: Amoonguss|Water\n|move|p2b: Chien-Pao|Protect|p2b: Chien-Pao\n|-singleturn|p2b: Chien-Pao|Protect\n|move|p1b: Landorus|Protect|p1b: Landorus\n|-singleturn|p1b: Landorus|Protect\n|move|p1a: Amoonguss|Spore|p2b: Chien-Pao\n|-activate|p2b: Chien-Pao|move: Protect\n|\n|upkeep\n|turn|3\n|\n|t:|1700438280\n|move|p2a: Sinistcha|Rage Powder|p2a: Sinistcha\n|-singleturn|p2a: Sinistcha|move: Rage Powder\n|move|p1a: Amoonguss|Rage Powder|p1a: Amoonguss\n|-singleturn|p1a: Amoonguss|move: Rage Powder\n|move|p2b: Chien-Pao|Ice Spinner|p1a: Amoonguss\n|-resisted|p1a: Amoonguss\n|-damage|p1a: Amoonguss|76\/100\n|-damage|p2b: Chien-Pao|84\/100|[from] item: Rocky Helmet|[of] p1a: Amoonguss\n|move|p1b: Landorus|Rock Slide|p2a: Sinistcha|[spread] p2a,p2b\n|-supereffective|p2b: Chien-Pao\n|-damage|p2a: Sinistcha|79\/100\n|-damage|p2b: Chien-Pao|18\/100\n|\n|upkeep\n|turn|4\n|\n|t:|1700438298\n|switch|p2b: Roaring Moon|Roaring Moon, L50|100\/100\n|move|p1a: Amoonguss|Rage Powder|p1a: Amoonguss\n|-singleturn|p1a: Amoonguss|move: Rage Powder\n|move|p1b: Landorus|Rock Slide|p2b: Roaring Moon|[spread] p2a,p2b\n|-damage|p2a: Sinistcha|62\/100\n|-damage|p2b: Roaring Moon|80\/100\n|move|p2a: Sinistcha|Matcha Gotcha|p1a: Amoonguss|[spread] p1a,p1b\n|-supereffective|p1a: Amoonguss\n|-crit|p1a: Amoonguss\n|-damage|p1a: Amoonguss|7\/100\n|-heal|p2a: Sinistcha|100\/100|[from] drain|[of] p1a: Amoonguss\n|-damage|p1b: Landorus|73\/100\n|-status|p1a: Amoonguss|brn\n|\n|-damage|p1a: Amoonguss|1\/100 brn|[from] brn\n|upkeep\n|turn|5\n|\n|t:|1700438345\n|move|p1a: Amoonguss|Rage Powder|p1a: Amoonguss\n|-singleturn|p1a: Amoonguss|move: Rage Powder\n|move|p2b: Roaring Moon|Tailwind|p2b: Roaring Moon\n|-sidestart|p2: wdytyaia|move: Tailwind\n|move|p2a: Sinistcha|Matcha Gotcha|p1b: Landorus|[spread] p1a\n|-miss|p2a: Sinistcha|p1b: Landorus\n|-supereffective|p1a: Amoonguss\n|-damage|p1a: Amoonguss|0 fnt\n|faint|p1a: Amoonguss\n|move|p1b: Landorus|Rock Slide|p2a: Sinistcha|[spread] p2a,p2b\n|-damage|p2a: Sinistcha|85\/100\n|-damage|p2b: Roaring Moon|58\/100\n|\n|upkeep\n|\n|t:|1700438349\n|switch|p1a: Iron Hands|Iron Hands, L50|100\/100\n|turn|6\n|\n|t:|1700438388\n|move|p2b: Roaring Moon|Protect|p2b: Roaring Moon\n|-singleturn|p2b: Roaring Moon|Protect\n|move|p2a: Sinistcha|Matcha Gotcha|p1b: Landorus|[spread] p1b\n|-miss|p2a: Sinistcha|p1a: Iron Hands\n|-damage|p1b: Landorus|45\/100\n|-heal|p2a: Sinistcha|100\/100|[from] drain|[of] p1b: Landorus\n|move|p1b: Landorus|Rock Slide|p2b: Roaring Moon|[spread] p2a\n|-activate|p2b: Roaring Moon|move: Protect\n|-damage|p2a: Sinistcha|83\/100\n|move|p1a: Iron Hands|Heavy Slam|p2a: Sinistcha\n|-damage|p2a: Sinistcha|54\/100\n|-damage|p1a: Iron Hands|84\/100|[from] item: Rocky Helmet|[of] p2a: Sinistcha\n|\n|upkeep\n|turn|7\n|\n|t:|1700438410\n|move|p2b: Roaring Moon|Breaking Swipe|p1b: Landorus|[spread] p1a,p1b\n|-damage|p1a: Iron Hands|70\/100\n|-damage|p1b: Landorus|23\/100\n|-unboost|p1a: Iron Hands|atk|1\n|move|p2a: Sinistcha|Matcha Gotcha|p1a: Iron Hands|[spread] p1a,p1b\n|-damage|p1a: Iron Hands|60\/100\n|-heal|p2a: Sinistcha|62\/100|[from] drain|[of] p1a: Iron Hands\n|-damage|p1b: Landorus|0 fnt\n|-heal|p2a: Sinistcha|74\/100|[from] drain|[of] p1b: Landorus\n|faint|p1b: Landorus\n|move|p1a: Iron Hands|Drain Punch|p2b: Roaring Moon\n|-supereffective|p2b: Roaring Moon\n|-damage|p2b: Roaring Moon|10\/100\n|-heal|p1a: Iron Hands|78\/100|[from] drain|[of] p2b: Roaring Moon\n|\n|upkeep\n|turn|8\n|\n|t:|1700438426\n|move|p2a: Sinistcha|Rage Powder|p2a: Sinistcha\n|-singleturn|p2a: Sinistcha|move: Rage Powder\n|move|p2b: Roaring Moon|Breaking Swipe|p1a: Iron Hands\n|-damage|p1a: Iron Hands|60\/100\n|-unboost|p1a: Iron Hands|atk|1\n|move|p1a: Iron Hands|Drain Punch|p2a: Sinistcha\n|-immune|p2a: Sinistcha\n|\n|-sideend|p2: wdytyaia|move: Tailwind\n|upkeep\n|turn|9\n|-message|Agent D01 forfeited.\n|\n|win|wdytyaia\n|raw|Agent D01's rating: 1356 &rarr; <strong>1334<\/strong><br \/>(-22 for losing)\n|raw|wdytyaia's rating: 1315 &rarr; <strong>1337<\/strong><br \/>(+22 for winning)\n|l|\u2606Agent D01\n","uploadtime":1700438441,"views":7,"p1id":"agentd01","p2id":"wdytyaia","formatid":"gen9vgc2023regulatione","rating":1334,"private":0,"password":""}