{"id":"gen9vgc2023regulatione-1992878998","p1":"DeAndreRicketts","p2":"xay_fresh1","format":"[Gen 9] VGC 2023 Regulation E","log":"|j|\u2606DeAndreRicketts\n|j|\u2606xay_fresh1\n|t:|1700243311\n|gametype|doubles\n|player|p1|DeAndreRicketts|buck|\n|player|p2|xay_fresh1|zinzolin|\n|teamsize|p1|6\n|teamsize|p2|6\n|gen|9\n|tier|[Gen 9] VGC 2023 Regulation E\n|rule|Species Clause: Limit one of each Pok\u00e9mon\n|rule|Item Clause: Limit one of each item\n|clearpoke\n|poke|p1|Flutter Mane, L50|\n|poke|p1|Gothitelle, L50, M|\n|poke|p1|Dondozo, L50, F|\n|poke|p1|Tatsugiri, L50, M|\n|poke|p1|Dusclops, L50, M|\n|poke|p1|Ursaluna-Bloodmoon, L50, M|\n|poke|p2|Weezing, L50, M|\n|poke|p2|Flutter Mane, L50|\n|poke|p2|Iron Hands, L50|\n|poke|p2|Roaring Moon, L50|\n|poke|p2|Ogerpon-Wellspring, L50, F|\n|poke|p2|Landorus-Therian, L50, M|\n|teampreview|4\n|\n|t:|1700243353\n|start\n|switch|p1a: Flutter Mane|Flutter Mane, L50|100\/100\n|switch|p1b: Gothitelle|Gothitelle, L50, M|100\/100\n|switch|p2a: Weezing|Weezing, L50, M, shiny|100\/100\n|switch|p2b: Roaring Moon|Roaring Moon, L50, shiny|100\/100\n|-ability|p2a: Weezing|Neutralizing Gas\n|-block|p1b: Gothitelle|item: Ability Shield\n|-enditem|p2b: Roaring Moon|Booster Energy\n|-activate|p2b: Roaring Moon|ability: Protosynthesis|[fromitem]\n|-start|p2b: Roaring Moon|protosynthesisspe\n|turn|1\n|\n|t:|1700243409\n|move|p1b: Gothitelle|Fake Out|p2b: Roaring Moon\n|-damage|p2b: Roaring Moon|95\/100\n|cant|p2b: Roaring Moon|flinch\n|move|p1a: Flutter Mane|Perish Song|p1a: Flutter Mane\n|-start|p1a: Flutter Mane|perish3|[silent]\n|-start|p1b: Gothitelle|perish3|[silent]\n|-start|p2a: Weezing|perish3|[silent]\n|-start|p2b: Roaring Moon|perish3|[silent]\n|-fieldactivate|move: Perish Song\n|move|p2a: Weezing|Taunt|p1b: Gothitelle\n|-start|p1b: Gothitelle|move: Taunt\n|\n|-start|p2b: Roaring Moon|perish3\n|-start|p1a: Flutter Mane|perish3\n|-start|p2a: Weezing|perish3\n|-start|p1b: Gothitelle|perish3\n|upkeep\n|turn|2\n|\n|t:|1700243463\n|-terastallize|p1b: Gothitelle|Dark\n|move|p2b: Roaring Moon|Knock Off|p1b: Gothitelle\n|-resisted|p1b: Gothitelle\n|-damage|p1b: Gothitelle|78\/100\n|-enditem|p1b: Gothitelle|Ability Shield|[from] move: Knock Off|[of] p2b: Roaring Moon\n|move|p1a: Flutter Mane|Dazzling Gleam|p2a: Weezing|[spread] p2a,p2b\n|-resisted|p2a: Weezing\n|-supereffective|p2b: Roaring Moon\n|-damage|p2a: Weezing|82\/100\n|-damage|p2b: Roaring Moon|0 fnt\n|faint|p2b: Roaring Moon\n|-end|p2b: Roaring Moon|Protosynthesis|[silent]\n|move|p2a: Weezing|Taunt|p1a: Flutter Mane\n|-start|p1a: Flutter Mane|move: Taunt\n|move|p1b: Gothitelle|Psychic|p2a: Weezing\n|-supereffective|p2a: Weezing\n|-damage|p2a: Weezing|19\/100\n|-enditem|p2a: Weezing|Sitrus Berry|[eat]\n|-heal|p2a: Weezing|44\/100|[from] item: Sitrus Berry\n|\n|-start|p1a: Flutter Mane|perish2\n|-start|p2a: Weezing|perish2\n|-start|p1b: Gothitelle|perish2\n|upkeep\n|\n|t:|1700243485\n|switch|p2b: Iron Hands|Iron Hands, L50, shiny|100\/100\n|turn|3\n|\n|t:|1700243498\n|-end|p1a: Flutter Mane|Protosynthesis|[silent]\n|switch|p1a: Dondozo|Dondozo, L50, F|100\/100\n|move|p2a: Weezing|Protect|p2a: Weezing\n|-singleturn|p2a: Weezing|Protect\n|move|p1b: Gothitelle|Psychic|p2b: Iron Hands\n|-supereffective|p2b: Iron Hands\n|-damage|p2b: Iron Hands|76\/100\n|move|p2b: Iron Hands|Heavy Slam|p1a: Dondozo\n|-resisted|p1a: Dondozo\n|-damage|p1a: Dondozo|96\/100\n|\n|-heal|p1a: Dondozo|100\/100|[from] item: Leftovers\n|-start|p2a: Weezing|perish1\n|-start|p1b: Gothitelle|perish1\n|upkeep\n|turn|4\n|\n|t:|1700243528\n|-end|p2a: Weezing|ability: Neutralizing Gas\n|switch|p2a: Ogerpon|Ogerpon-Wellspring, L50, F|100\/100\n|move|p1a: Dondozo|Protect|p1a: Dondozo\n|-singleturn|p1a: Dondozo|Protect\n|move|p1b: Gothitelle|Psychic|p2b: Iron Hands\n|-supereffective|p2b: Iron Hands\n|-damage|p2b: Iron Hands|53\/100\n|move|p2b: Iron Hands|Wild Charge|p1a: Dondozo\n|-activate|p1a: Dondozo|move: Protect\n|\n|-end|p1b: Gothitelle|move: Taunt\n|-start|p1b: Gothitelle|perish0\n|faint|p1b: Gothitelle\n|upkeep\n|\n|t:|1700243544\n|switch|p1b: Tatsugiri|Tatsugiri, L50, M|100\/100\n|-activate|p1b: Tatsugiri|ability: Commander|[of] p1a: Dondozo\n|-boost|p1a: Dondozo|atk|2\n|-boost|p1a: Dondozo|spa|2\n|-boost|p1a: Dondozo|spe|2\n|-boost|p1a: Dondozo|def|2\n|-boost|p1a: Dondozo|spd|2\n|turn|5\n|\n|t:|1700243572\n|-terastallize|p2b: Iron Hands|Water\n|move|p2a: Ogerpon|Horn Leech|p1a: Dondozo\n|-supereffective|p1a: Dondozo\n|-damage|p1a: Dondozo|70\/100\n|move|p1a: Dondozo|Rock Slide|p2b: Iron Hands|[spread] p2a,p2b\n|-damage|p2a: Ogerpon|56\/100\n|-damage|p2b: Iron Hands|28\/100\n|move|p2b: Iron Hands|Wild Charge|p1a: Dondozo\n|-supereffective|p1a: Dondozo\n|-damage|p1a: Dondozo|42\/100\n|-damage|p2b: Iron Hands|20\/100|[from] Recoil\n|\n|-heal|p1a: Dondozo|48\/100|[from] item: Leftovers\n|upkeep\n|turn|6\n|\n|t:|1700243595\n|move|p1a: Dondozo|Protect|p1a: Dondozo\n|-singleturn|p1a: Dondozo|Protect\n|move|p2a: Ogerpon|Horn Leech|p1a: Dondozo\n|-activate|p1a: Dondozo|move: Protect\n|move|p2b: Iron Hands|Wild Charge|p1a: Dondozo\n|-activate|p1a: Dondozo|move: Protect\n|\n|-heal|p1a: Dondozo|55\/100|[from] item: Leftovers\n|upkeep\n|turn|7\n|\n|t:|1700243620\n|switch|p2a: Weezing|Weezing, L50, M, shiny|44\/100\n|-ability|p2a: Weezing|Neutralizing Gas\n|move|p1a: Dondozo|Rock Slide|p2a: Weezing|[spread] p2a,p2b\n|-damage|p2a: Weezing|14\/100\n|-damage|p2b: Iron Hands|0 fnt\n|faint|p2b: Iron Hands\n|-end|p2b: Iron Hands|Quark Drive|[silent]\n|\n|-heal|p1a: Dondozo|61\/100|[from] item: Leftovers\n|upkeep\n|\n|t:|1700243629\n|switch|p2b: Ogerpon|Ogerpon-Wellspring, L50, F|56\/100\n|turn|8\n|\n|t:|1700243647\n|move|p2a: Weezing|Protect|p2a: Weezing\n|-singleturn|p2a: Weezing|Protect\n|move|p2b: Ogerpon|Horn Leech|p1a: Dondozo\n|-supereffective|p1a: Dondozo\n|-damage|p1a: Dondozo|33\/100\n|-heal|p2b: Ogerpon|79\/100|[from] drain|[of] p1a: Dondozo\n|move|p1a: Dondozo|Rock Slide|p2a: Weezing|[spread] p2b\n|-activate|p2a: Weezing|move: Protect\n|-damage|p2b: Ogerpon|31\/100\n|\n|-heal|p1a: Dondozo|39\/100|[from] item: Leftovers\n|upkeep\n|turn|9\n|\n|t:|1700243668\n|move|p2b: Ogerpon|Spiky Shield|p2b: Ogerpon\n|-singleturn|p2b: Ogerpon|move: Protect\n|move|p1a: Dondozo|Protect|p1a: Dondozo\n|-singleturn|p1a: Dondozo|Protect\n|move|p2a: Weezing|Taunt|p1a: Dondozo\n|-activate|p1a: Dondozo|move: Protect\n|\n|-heal|p1a: Dondozo|45\/100|[from] item: Leftovers\n|upkeep\n|turn|10\n|\n|t:|1700243685\n|move|p2b: Ogerpon|Horn Leech|p1a: Dondozo\n|-supereffective|p1a: Dondozo\n|-damage|p1a: Dondozo|16\/100\n|-heal|p2b: Ogerpon|55\/100|[from] drain|[of] p1a: Dondozo\n|move|p1a: Dondozo|Earthquake|p2b: Ogerpon|[spread] p2a,p2b\n|-miss|p1a: Dondozo|p1b: Tatsugiri\n|-supereffective|p2a: Weezing\n|-crit|p2a: Weezing\n|-resisted|p2b: Ogerpon\n|-damage|p2a: Weezing|0 fnt\n|-damage|p2b: Ogerpon|22\/100\n|faint|p2a: Weezing\n|-end|p2a: Weezing|ability: Neutralizing Gas\n|\n|-heal|p1a: Dondozo|23\/100|[from] item: Leftovers\n|upkeep\n|turn|11\n|\n|t:|1700243701\n|move|p1a: Dondozo|Protect|p1a: Dondozo\n|-singleturn|p1a: Dondozo|Protect\n|move|p2b: Ogerpon|Horn Leech|p1a: Dondozo\n|-activate|p1a: Dondozo|move: Protect\n|\n|-heal|p1a: Dondozo|29\/100|[from] item: Leftovers\n|upkeep\n|turn|12\n|\n|t:|1700243712\n|move|p2b: Ogerpon|Horn Leech|p1a: Dondozo\n|-supereffective|p1a: Dondozo\n|-damage|p1a: Dondozo|2\/100\n|-heal|p2b: Ogerpon|44\/100|[from] drain|[of] p1a: Dondozo\n|move|p1a: Dondozo|Rock Slide|p2b: Ogerpon\n|-damage|p2b: Ogerpon|0 fnt\n|faint|p2b: Ogerpon\n|\n|win|DeAndreRicketts\n","uploadtime":1700243773,"views":17,"p1id":"deandrericketts","p2id":"xayfresh1","formatid":"gen9vgc2023regulatione","rating":0,"private":0,"password":""}