{"id":"gen9vgc2023regulatione-1995239540","p1":"leafyarrow","p2":"TheoSu","format":"[Gen 9] VGC 2023 Regulation E","log":"|j|\u2606leafyarrow\n|j|\u2606TheoSu\n|t:|1700538659\n|gametype|doubles\n|player|p1|leafyarrow|selene|1220\n|player|p2|TheoSu|red|1289\n|teamsize|p1|6\n|teamsize|p2|6\n|gen|9\n|tier|[Gen 9] VGC 2023 Regulation E\n|rated|\n|rule|Species Clause: Limit one of each Pok\u00e9mon\n|rule|Item Clause: Limit one of each item\n|clearpoke\n|poke|p1|Enamorus-Therian, L50, F|\n|poke|p1|Ursaluna, L50, F|\n|poke|p1|Indeedee-F, L50, F|\n|poke|p1|Armarouge, L50, M|\n|poke|p1|Gallade, L50, M|\n|poke|p1|Staraptor, L50, M|\n|poke|p2|Altaria, L50, M|\n|poke|p2|Gothitelle, L50, F|\n|poke|p2|Landorus-Therian, L50, M|\n|poke|p2|Flutter Mane, L50|\n|poke|p2|Chi-Yu, L50|\n|poke|p2|Ogerpon-Wellspring, L50, F|\n|teampreview|4\nleafyarrow has agreed to open team sheets.\n|\n|t:|1700538741\n|start\n|switch|p1a: Gallade|Gallade, L50, M|100\/100\n|switch|p1b: Indeedee|Indeedee-F, L50, F|100\/100\n|switch|p2a: Chi-Yu|Chi-Yu, L50|100\/100\n|switch|p2b: Ogerpon|Ogerpon-Wellspring, L50, F|100\/100\n|-ability|p2a: Chi-Yu|Beads of Ruin\n|-fieldstart|move: Psychic Terrain|[from] ability: Psychic Surge|[of] p1b: Indeedee\n|-enditem|p1b: Indeedee|Psychic Seed\n|-boost|p1b: Indeedee|spd|1|[from] item: Psychic Seed\n|turn|1\n|\n|t:|1700538795\n|-terastallize|p1b: Indeedee|Fairy\n|move|p2b: Ogerpon|Ivy Cudgel|p1a: Gallade|[anim] Ivy Cudgel Water\n|-damage|p1a: Gallade|9\/100\n|move|p2a: Chi-Yu|Heat Wave|p1b: Indeedee|[spread] p1a,p1b\n|-damage|p1a: Gallade|0 fnt\n|-damage|p1b: Indeedee|69\/100\n|faint|p1a: Gallade\n|move|p1b: Indeedee|Trick Room|p1b: Indeedee\n|-fieldstart|move: Trick Room|[of] p1b: Indeedee\n|\n|upkeep\n|\n|t:|1700538813\n|switch|p1a: Enamorus|Enamorus-Therian, L50, F|100\/100\n|turn|2\n|\n|t:|1700538825\n|move|p1b: Indeedee|Helping Hand|p1a: Enamorus\n|-singleturn|p1a: Enamorus|Helping Hand|[of] p1b: Indeedee\n|move|p2a: Chi-Yu|Protect|p2a: Chi-Yu\n|-singleturn|p2a: Chi-Yu|Protect\n|move|p2b: Ogerpon|Spiky Shield|p2b: Ogerpon\n|-singleturn|p2b: Ogerpon|move: Protect\n|move|p1a: Enamorus|Springtide Storm|p2b: Ogerpon|[spread] \n|-activate|p2a: Chi-Yu|move: Protect\n|-activate|p2b: Ogerpon|move: Protect\n|\n|upkeep\n|turn|3\n|\n|t:|1700538846\n|switch|p2a: Gothitelle|Gothitelle, L50, F|100\/100\n|-terastallize|p2b: Ogerpon|Water\n|detailschange|p2b: Ogerpon|Ogerpon-Wellspring-Tera, L50, F, tera:Water\n|-ability|p2b: Ogerpon|Embody Aspect (Wellspring)|boost\n|-boost|p2b: Ogerpon|spd|1\n|move|p1b: Indeedee|Helping Hand|p1a: Enamorus\n|-singleturn|p1a: Enamorus|Helping Hand|[of] p1b: Indeedee\n|move|p1a: Enamorus|Springtide Storm|p2a: Gothitelle|[spread] p2a,p2b\n|-damage|p2a: Gothitelle|24\/100\n|-damage|p2b: Ogerpon|18\/100\n|-unboost|p2b: Ogerpon|atk|1\n|-enditem|p2a: Gothitelle|Sitrus Berry|[eat]\n|-heal|p2a: Gothitelle|49\/100|[from] item: Sitrus Berry\n|move|p2b: Ogerpon|Ivy Cudgel|p1a: Enamorus|[anim] Ivy Cudgel Water\n|-damage|p1a: Enamorus|51\/100\n|\n|upkeep\n|turn|4\n|\n|t:|1700538877\n|move|p2b: Ogerpon|Spiky Shield|p2b: Ogerpon\n|-singleturn|p2b: Ogerpon|move: Protect\n|move|p1a: Enamorus|Springtide Storm|p2a: Gothitelle|[spread] p2a\n|-activate|p2b: Ogerpon|move: Protect\n|-damage|p2a: Gothitelle|0 fnt\n|faint|p2a: Gothitelle\n|move|p1b: Indeedee|Dazzling Gleam|p2b: Ogerpon\n|-activate|p2b: Ogerpon|move: Protect\n|\n|upkeep\n|\n|t:|1700538886\n|switch|p2a: Altaria|Altaria, L50, M|100\/100\n|-ability|p2a: Altaria|Cloud Nine\n|turn|5\n|\n|t:|1700538899\n|switch|p2b: Chi-Yu|Chi-Yu, L50|100\/100\n|-ability|p2b: Chi-Yu|Beads of Ruin\n|move|p1b: Indeedee|Helping Hand|p1a: Enamorus\n|-singleturn|p1a: Enamorus|Helping Hand|[of] p1b: Indeedee\n|move|p2a: Altaria|Protect|p2a: Altaria\n|-singleturn|p2a: Altaria|Protect\n|move|p1a: Enamorus|Springtide Storm|p2a: Altaria|[spread] \n|-activate|p2a: Altaria|move: Protect\n|-miss|p1a: Enamorus|p2b: Chi-Yu\n|\n|-fieldend|move: Trick Room\n|-fieldend|move: Psychic Terrain\n|upkeep\n|turn|6\n|\n|t:|1700538921\n|move|p1b: Indeedee|Follow Me|p1b: Indeedee\n|-singleturn|p1b: Indeedee|move: Follow Me\n|move|p2b: Chi-Yu|Overheat|p1b: Indeedee\n|-damage|p1b: Indeedee|10\/100\n|-unboost|p2b: Chi-Yu|spa|2\n|move|p2a: Altaria|Dazzling Gleam|p1b: Indeedee|[spread] p1a,p1b\n|-damage|p1a: Enamorus|38\/100\n|-damage|p1b: Indeedee|0 fnt\n|faint|p1b: Indeedee\n|move|p1a: Enamorus|Springtide Storm|p2b: Chi-Yu|[spread] p2a\n|-miss|p1a: Enamorus|p2b: Chi-Yu\n|-supereffective|p2a: Altaria\n|-damage|p2a: Altaria|0 fnt\n|faint|p2a: Altaria\n|\n|upkeep\n|\n|t:|1700538935\n|switch|p1b: Ursaluna|Ursaluna, L50, F|100\/100\n|switch|p2a: Ogerpon|Ogerpon-Wellspring-Tera, L50, F, tera:Water|18\/100\n|-ability|p2a: Ogerpon|Embody Aspect (Wellspring)|boost\n|-boost|p2a: Ogerpon|spd|1\n|turn|7\n|\n|t:|1700538954\n|move|p2a: Ogerpon|Ivy Cudgel|p1a: Enamorus|[anim] Ivy Cudgel Water\n|-damage|p1a: Enamorus|0 fnt\n|faint|p1a: Enamorus\n|move|p2b: Chi-Yu|Dark Pulse|p1b: Ursaluna\n|-damage|p1b: Ursaluna|75\/100\n|cant|p1b: Ursaluna|flinch\n|\n|-status|p1b: Ursaluna|brn|[from] item: Flame Orb\n|upkeep\n|turn|8\n|\n|t:|1700538967\n|move|p2a: Ogerpon|Ivy Cudgel|p1b: Ursaluna|[anim] Ivy Cudgel Water\n|-supereffective|p1b: Ursaluna\n|-crit|p1b: Ursaluna\n|-damage|p1b: Ursaluna|0 fnt\n|faint|p1b: Ursaluna\n|\n|win|TheoSu\n|raw|leafyarrow's rating: 1220 &rarr; <strong>1200<\/strong><br \/>(-20 for losing)\n|raw|TheoSu's rating: 1289 &rarr; <strong>1309<\/strong><br \/>(+20 for winning)\n","uploadtime":1700538980,"views":19,"p1id":"leafyarrow","p2id":"theosu","formatid":"gen9vgc2023regulatione","rating":1200,"private":0,"password":""}