{"id":"gen9vgc2023regulatione-2000158150","p1":"Astano","p2":"a573395198","format":"[Gen 9] VGC 2023 Regulation E","log":"|j|\u2606Astano\n|j|\u2606a573395198\n|t:|1701164813\n|gametype|doubles\n|player|p1|Astano|102|1144\n|player|p2|a573395198|cynthia|1087\n|teamsize|p1|6\n|teamsize|p2|6\n|gen|9\n|tier|[Gen 9] VGC 2023 Regulation E\n|rated|\n|rule|Species Clause: Limit one of each Pok\u00e9mon\n|rule|Item Clause: Limit one of each item\n|clearpoke\n|poke|p1|Cresselia, L50, F|\n|poke|p1|Flutter Mane, L50|\n|poke|p1|Iron Hands, L50|\n|poke|p1|Ursaluna, L50, M|\n|poke|p1|Sinistcha, L50|\n|poke|p1|Heatran, L50, F|\n|poke|p2|Ninetales-Alola, L50, F|\n|poke|p2|Kingambit, L50, F|\n|poke|p2|Iron Hands, L50|\n|poke|p2|Arcanine-Hisui, L50, M|\n|poke|p2|Clefairy, L50, F|\n|poke|p2|Ogerpon-Wellspring, L50, F|\n|teampreview|4\nAstano has agreed to open team sheets.\n|inactive|Battle timer is ON: inactive players will automatically lose when time's up. (requested by a573395198)\n|\n|t:|1701164835\n|start\n|switch|p1a: Cresselia|Cresselia, L50, F|100\/100\n|switch|p1b: Iron Hands|Iron Hands, L50|100\/100\n|switch|p2a: Ninetales|Ninetales-Alola, L50, F|100\/100\n|switch|p2b: Iron Hands|Iron Hands, L50|100\/100\n|-weather|Snow|[from] ability: Snow Warning|[of] p2a: Ninetales\n|turn|1\n|\n|t:|1701164848\n|-terastallize|p2b: Iron Hands|Fire\n|move|p2a: Ninetales|Aurora Veil|p2a: Ninetales\n|-sidestart|p2: a573395198|move: Aurora Veil\n|move|p1a: Cresselia|Moonblast|p2b: Iron Hands\n|-resisted|p2b: Iron Hands\n|-damage|p2b: Iron Hands|95\/100\n|move|p2b: Iron Hands|Belly Drum|p2b: Iron Hands\n|-damage|p2b: Iron Hands|45\/100\n|-setboost|p2b: Iron Hands|atk|6|[from] move: Belly Drum\n|-enditem|p2b: Iron Hands|Sitrus Berry|[eat]\n|-heal|p2b: Iron Hands|70\/100|[from] item: Sitrus Berry\n|move|p1b: Iron Hands|Heavy Slam|p2a: Ninetales\n|-supereffective|p2a: Ninetales\n|-enditem|p2a: Ninetales|Focus Sash\n|-damage|p2a: Ninetales|1\/100\n|\n|-weather|Snow|[upkeep]\n|upkeep\n|turn|2\n|inactive|a573395198 has 30 seconds left.\n|\n|t:|1701164874\n|switch|p2a: Ogerpon|Ogerpon-Wellspring, L50, F|100\/100\n|move|p2b: Iron Hands|Drain Punch|p1b: Iron Hands\n|-damage|p1b: Iron Hands|0 fnt\n|-heal|p2b: Iron Hands|100\/100|[from] drain|[of] p1b: Iron Hands\n|faint|p1b: Iron Hands\n|-end|p1b: Iron Hands|Quark Drive|[silent]\n|move|p1a: Cresselia|Trick Room|p1a: Cresselia\n|-fieldstart|move: Trick Room|[of] p1a: Cresselia\n|\n|-weather|Snow|[upkeep]\n|upkeep\n|\n|t:|1701164880\n|switch|p1b: Ursaluna|Ursaluna, L50, M|100\/100\n|turn|3\n|\n|t:|1701164898\n|move|p1b: Ursaluna|Protect|p1b: Ursaluna\n|-singleturn|p1b: Ursaluna|Protect\n|move|p2b: Iron Hands|Detect|p2b: Iron Hands\n|-singleturn|p2b: Iron Hands|Protect\n|move|p2a: Ogerpon|Follow Me|p2a: Ogerpon\n|-singleturn|p2a: Ogerpon|move: Follow Me\n|move|p1a: Cresselia|Psychic|p2a: Ogerpon\n|-damage|p2a: Ogerpon|84\/100\n|\n|-weather|Snow|[upkeep]\n|-status|p1b: Ursaluna|brn|[from] item: Flame Orb\n|upkeep\n|turn|4\n|inactive|a573395198 has 30 seconds left.\n|inactive|Astano has 30 seconds left.\n|inactive|a573395198 has 20 seconds left.\n|\n|t:|1701164934\n|switch|p1a: Sinistcha|Sinistcha, L50|100\/100\n|-terastallize|p1b: Ursaluna|Ghost\n|move|p2a: Ogerpon|Follow Me|p2a: Ogerpon\n|-singleturn|p2a: Ogerpon|move: Follow Me\n|move|p1b: Ursaluna|Swords Dance|p1b: Ursaluna\n|-boost|p1b: Ursaluna|atk|2\n|move|p2b: Iron Hands|Drain Punch|p1b: Ursaluna\n|-immune|p1b: Ursaluna\n|\n|-weather|Snow|[upkeep]\n|-damage|p1b: Ursaluna|95\/100 brn|[from] brn\n|upkeep\n|turn|5\n|\n|t:|1701164958\n|move|p2b: Iron Hands|Detect|p2b: Iron Hands\n|-singleturn|p2b: Iron Hands|Protect\n|move|p2a: Ogerpon|Spiky Shield|p2a: Ogerpon\n|-singleturn|p2a: Ogerpon|move: Protect\n|move|p1a: Sinistcha|Rage Powder|p1a: Sinistcha\n|-singleturn|p1a: Sinistcha|move: Rage Powder\n|move|p1b: Ursaluna|Facade|p2a: Ogerpon\n|-activate|p2a: Ogerpon|move: Protect\n|-damage|p1b: Ursaluna|82\/100 brn|[from] Spiky Shield|[of] p2a: Ogerpon\n|\n|-weather|none\n|-damage|p1b: Ursaluna|76\/100 brn|[from] brn\n|-sideend|p2: a573395198|move: Aurora Veil\n|upkeep\n|turn|6\n|\n|t:|1701164974\n|switch|p1a: Cresselia|Cresselia, L50, F|100\/100\n|switch|p2a: Arcanine|Arcanine-Hisui, L50, M|100\/100\n|-ability|p2a: Arcanine|Intimidate|boost\n|-unboost|p1a: Cresselia|atk|1\n|-unboost|p1b: Ursaluna|atk|1\n|move|p1b: Ursaluna|Earthquake|p2a: Arcanine|[spread] p2a,p2b\n|-immune|p1a: Cresselia|[from] ability: Levitate\n|-supereffective|p2a: Arcanine\n|-supereffective|p2b: Iron Hands\n|-crit|p2b: Iron Hands\n|-damage|p2a: Arcanine|0 fnt\n|-damage|p2b: Iron Hands|0 fnt\n|faint|p2a: Arcanine\n|faint|p2b: Iron Hands\n|-end|p2b: Iron Hands|Quark Drive|[silent]\n|\n|-damage|p1b: Ursaluna|71\/100 brn|[from] brn\n|-fieldend|move: Trick Room\n|upkeep\n|-message|a573395198 forfeited.\n|\n|win|Astano\n|raw|Astano's rating: 1144 &rarr; <strong>1165<\/strong><br \/>(+21 for winning)\n|raw|a573395198's rating: 1087 &rarr; <strong>1068<\/strong><br \/>(-19 for losing)\n|l|\u2606a573395198\n","uploadtime":1701164989,"views":6,"p1id":"astano","p2id":"a573395198","formatid":"gen9vgc2023regulatione","rating":1068,"private":0,"password":""}