{"id":"gen9vgc2023regulatione-1993201790","p1":"TheAlmightySo","p2":"j1m13o","format":"[Gen 9] VGC 2023 Regulation E","log":"|j|\u2606TheAlmightySo\n|j|\u2606j1m13o\n|t:|1700277363\n|gametype|doubles\n|player|p1|TheAlmightySo|169|1228\n|player|p2|j1m13o|101|1157\n|teamsize|p1|6\n|teamsize|p2|6\n|gen|9\n|tier|[Gen 9] VGC 2023 Regulation E\n|rated|\n|rule|Species Clause: Limit one of each Pok\u00e9mon\n|rule|Item Clause: Limit one of each item\n|clearpoke\n|poke|p1|Ogerpon-Hearthflame, L50, F|\n|poke|p1|Flutter Mane, L50|\n|poke|p1|Iron Hands, L50|\n|poke|p1|Rillaboom, L50, M|\n|poke|p1|Landorus-Therian, L50, M|\n|poke|p1|Chien-Pao, L50|\n|poke|p2|Ursaluna-Bloodmoon, L50, M|\n|poke|p2|Torkoal, L50, F|\n|poke|p2|Dusclops, L50, M|\n|poke|p2|Clefable, L50, M|\n|poke|p2|Glastrier, L50|\n|poke|p2|Urshifu-*, L50, M|\n|teampreview|4\nj1m13o rejected open team sheets.\n|\n|t:|1700277387\n|start\n|switch|p1a: Flutter Mane|Flutter Mane, L50|100\/100\n|switch|p1b: Iron Hands|Iron Hands, L50|100\/100\n|switch|p2a: Mr. Hands|Dusclops, L50, M|100\/100\n|switch|p2b: Urshifu|Urshifu-Rapid-Strike, L50, M|100\/100\n|-item|p1a: Flutter Mane|Booster Energy|[from] ability: Frisk|[of] p2a: Mr. Hands|[identify]\n|-enditem|p1a: Flutter Mane|Booster Energy\n|-activate|p1a: Flutter Mane|ability: Protosynthesis|[fromitem]\n|-start|p1a: Flutter Mane|protosynthesisspe\n|turn|1\n|\n|t:|1700277412\n|switch|p2b: Clefable|Clefable, L50, M|100\/100\n|move|p1b: Iron Hands|Fake Out|p2b: Clefable\n|-damage|p2b: Clefable|83\/100\n|-enditem|p2b: Clefable|Eject Button\n|\n|t:|1700277423\n|switch|p2b: Ursaluna|Ursaluna-Bloodmoon, L50, M|100\/100\n|move|p1a: Flutter Mane|Moonblast|p2b: Ursaluna\n|-damage|p2b: Ursaluna|43\/100\n|move|p2a: Mr. Hands|Trick Room|p2a: Mr. Hands\n|-fieldstart|move: Trick Room|[of] p2a: Mr. Hands\n|\n|upkeep\n|turn|2\n|\n|t:|1700277436\n|-terastallize|p2b: Ursaluna|Normal\n|move|p2a: Mr. Hands|Helping Hand|p2b: Ursaluna\n|-singleturn|p2b: Ursaluna|Helping Hand|[of] p2a: Mr. Hands\n|move|p2b: Ursaluna|Hyper Voice|p1b: Iron Hands|[spread] p1a,p1b\n|-enditem|p2b: Ursaluna|Normal Gem|[from] gem\n|-damage|p1a: Flutter Mane|0 fnt\n|-damage|p1b: Iron Hands|0 fnt\n|faint|p1a: Flutter Mane\n|-end|p1a: Flutter Mane|Protosynthesis|[silent]\n|faint|p1b: Iron Hands\n|-end|p1b: Iron Hands|Quark Drive|[silent]\n|\n|upkeep\n|\n|t:|1700277443\n|switch|p1b: Chien-Pao|Chien-Pao, L50|100\/100\n|switch|p1a: Landorus|Landorus-Therian, L50, M|100\/100\n|-ability|p1a: Landorus|Intimidate|boost\n|-unboost|p2a: Mr. Hands|atk|1\n|-unboost|p2b: Ursaluna|atk|1\n|-ability|p1b: Chien-Pao|Sword of Ruin\n|turn|3\n|\n|t:|1700277457\n|-terastallize|p1a: Landorus|Flying\n|move|p2a: Mr. Hands|Helping Hand|p2b: Ursaluna\n|-singleturn|p2b: Ursaluna|Helping Hand|[of] p2a: Mr. Hands\n|move|p2b: Ursaluna|Blood Moon|p1a: Landorus\n|-damage|p1a: Landorus|0 fnt\n|faint|p1a: Landorus\n|move|p1b: Chien-Pao|Crunch|p2a: Mr. Hands\n|-supereffective|p2a: Mr. Hands\n|-damage|p2a: Mr. Hands|31\/100\n|\n|upkeep\n|turn|4\n|\n|t:|1700277470\n|move|p2a: Mr. Hands|Helping Hand|p2b: Ursaluna\n|-singleturn|p2b: Ursaluna|Helping Hand|[of] p2a: Mr. Hands\n|move|p1b: Chien-Pao|Protect|p1b: Chien-Pao\n|-singleturn|p1b: Chien-Pao|Protect\n|move|p2b: Ursaluna|Earth Power|p1b: Chien-Pao\n|-activate|p1b: Chien-Pao|move: Protect\n|\n|upkeep\n|turn|5\n|\n|t:|1700277477\n|move|p2a: Mr. Hands|Helping Hand|p2b: Ursaluna\n|-singleturn|p2b: Ursaluna|Helping Hand|[of] p2a: Mr. Hands\n|move|p1b: Chien-Pao|Protect||[still]\n|-fail|p1b: Chien-Pao\n|move|p2b: Ursaluna|Blood Moon|p1b: Chien-Pao\n|-enditem|p1b: Chien-Pao|Focus Sash\n|-damage|p1b: Chien-Pao|1\/100\n|\n|-fieldend|move: Trick Room\n|upkeep\n|turn|6\n|-message|TheAlmightySo forfeited.\n|\n|win|j1m13o\n|raw|TheAlmightySo's rating: 1228 &rarr; <strong>1198<\/strong><br \/>(-30 for losing)\n|raw|j1m13o's rating: 1157 &rarr; <strong>1187<\/strong><br \/>(+30 for winning)\n|l|\u2606TheAlmightySo\n","uploadtime":1700277489,"views":13,"p1id":"thealmightyso","p2id":"j1m13o","formatid":"gen9vgc2023regulatione","rating":1187,"private":0,"password":""}