{"id":"gen9vgc2023regulatione-1988210340","p1":"Alienatedfob1","p2":"Pekopekopoke","format":"[Gen 9] VGC 2023 Regulation E","log":"|j|\u2606Alienatedfob1\n|j|\u2606Pekopekopoke\n|t:|1699685925\n|gametype|doubles\n|player|p1|Alienatedfob1|riley|1116\n|player|p2|Pekopekopoke|265|1103\n|teamsize|p1|6\n|teamsize|p2|6\n|gen|9\n|tier|[Gen 9] VGC 2023 Regulation E\n|rated|\n|rule|Species Clause: Limit one of each Pok\u00e9mon\n|rule|Item Clause: Limit one of each item\n|clearpoke\n|poke|p1|Flutter Mane, L50|\n|poke|p1|Ogerpon-Hearthflame, L50, F|\n|poke|p1|Iron Hands, L50|\n|poke|p1|Tornadus, L50, M|\n|poke|p1|Urshifu-*, L50, F|\n|poke|p1|Rillaboom, L50, M|\n|poke|p2|Ninetales-Alola, L50, F|\n|poke|p2|Flamigo, L50, F|\n|poke|p2|Iron Bundle, L50|\n|poke|p2|Scovillain, L50, F|\n|poke|p2|Iron Valiant, L50|\n|poke|p2|Muk-Alola, L50, M|\n|teampreview|4\n|\n|t:|1699685947\n|start\n|switch|p1a: Iron Hands|Iron Hands, L50|100\/100\n|switch|p1b: Flutter Mane|Flutter Mane, L50|100\/100\n|switch|p2a: Muk|Muk-Alola, L50, M, shiny|100\/100\n|switch|p2b: Scovillain|Scovillain, L50, F, shiny|100\/100\n|turn|1\n|\n|t:|1699685980\n|-end|p1b: Flutter Mane|Protosynthesis|[silent]\n|switch|p1b: Tornadus|Tornadus, L50, M|100\/100\n|move|p2a: Muk|Protect|p2a: Muk\n|-singleturn|p2a: Muk|Protect\n|move|p1a: Iron Hands|Fake Out|p2a: Muk\n|-activate|p2a: Muk|move: Protect\n|move|p2b: Scovillain|Will-O-Wisp|p1a: Iron Hands\n|-status|p1a: Iron Hands|brn\n|\n|-damage|p1a: Iron Hands|94\/100 brn|[from] brn\n|-ability|p2b: Scovillain|Moody|boost\n|-boost|p2b: Scovillain|spa|2\n|-unboost|p2b: Scovillain|spd|1\n|upkeep\n|turn|2\n|\n|t:|1699686009\n|-end|p1a: Iron Hands|Quark Drive|[silent]\n|switch|p1a: Flutter Mane|Flutter Mane, L50|100\/100\n|move|p1b: Tornadus|Tailwind|p1b: Tornadus\n|-sidestart|p1: Alienatedfob1|move: Tailwind\n|move|p2b: Scovillain|Will-O-Wisp|p1b: Tornadus\n|-status|p1b: Tornadus|brn\n|move|p2a: Muk|Minimize|p2a: Muk\n|-boost|p2a: Muk|evasion|2\n|\n|-damage|p1b: Tornadus|95\/100 brn|[from] brn\n|-ability|p2b: Scovillain|Moody|boost\n|-boost|p2b: Scovillain|def|2\n|-unboost|p2b: Scovillain|spe|1\n|upkeep\n|turn|3\n|\n|t:|1699686048\n|move|p2b: Scovillain|Rage Powder|p2b: Scovillain\n|-singleturn|p2b: Scovillain|move: Rage Powder\n|move|p1a: Flutter Mane|Shadow Ball|p2b: Scovillain\n|-damage|p2b: Scovillain|0 fnt\n|faint|p2b: Scovillain\n|-ability|p2a: Muk|Moody|[from] ability: Power of Alchemy|[of] p2b: Scovillain\n|move|p1b: Tornadus|Bleakwind Storm|p2a: Muk\n|-damage|p2a: Muk|65\/100\n|move|p2a: Muk|Minimize|p2a: Muk\n|-boost|p2a: Muk|evasion|2\n|\n|-heal|p2a: Muk|71\/100|[from] item: Leftovers\n|-damage|p1b: Tornadus|89\/100 brn|[from] brn\n|-ability|p2a: Muk|Moody|boost\n|-boost|p2a: Muk|spa|2\n|-unboost|p2a: Muk|atk|1\n|upkeep\n|\n|t:|1699686062\n|switch|p2b: Iron Valiant|Iron Valiant, L50, shiny|100\/100\n|-enditem|p2b: Iron Valiant|Booster Energy\n|-activate|p2b: Iron Valiant|ability: Quark Drive|[fromitem]\n|-start|p2b: Iron Valiant|quarkdrivespe\n|turn|4\n|\n|t:|1699686076\n|-terastallize|p2a: Muk|Fire\n|move|p2b: Iron Valiant|Wide Guard|p2b: Iron Valiant\n|-singleturn|p2b: Iron Valiant|Wide Guard\n|move|p1a: Flutter Mane|Shadow Ball|p2b: Iron Valiant\n|-damage|p2b: Iron Valiant|28\/100\n|move|p1b: Tornadus|Bleakwind Storm|p2b: Iron Valiant|[spread] \n|-activate|p2a: Muk|move: Wide Guard\n|-activate|p2b: Iron Valiant|move: Wide Guard\n|move|p2a: Muk|Minimize|p2a: Muk\n|-boost|p2a: Muk|evasion|2\n|\n|-heal|p2a: Muk|77\/100|[from] item: Leftovers\n|-damage|p1b: Tornadus|83\/100 brn|[from] brn\n|-ability|p2a: Muk|Moody|boost\n|-boost|p2a: Muk|def|2\n|-unboost|p2a: Muk|atk|1\n|upkeep\n|turn|5\n|\n|t:|1699686096\n|switch|p1b: Urshifu|Urshifu-Rapid-Strike, L50, F|100\/100\n|move|p2b: Iron Valiant|Wide Guard|p2b: Iron Valiant\n|-singleturn|p2b: Iron Valiant|Wide Guard\n|move|p1a: Flutter Mane|Shadow Ball|p2a: Muk|[miss]\n|-miss|p1a: Flutter Mane|p2a: Muk\n|move|p2a: Muk|Substitute|p2a: Muk\n|-start|p2a: Muk|Substitute\n|-damage|p2a: Muk|52\/100\n|\n|-heal|p2a: Muk|59\/100|[from] item: Leftovers\n|-sideend|p1: Alienatedfob1|move: Tailwind\n|-ability|p2a: Muk|Moody|boost\n|-boost|p2a: Muk|atk|2\n|-unboost|p2a: Muk|def|1\n|upkeep\n|turn|6\n|\n|t:|1699686115\n|-terastallize|p1b: Urshifu|Water\n|move|p2b: Iron Valiant|Moonblast|p1b: Urshifu\n|-damage|p1b: Urshifu|38\/100\n|move|p1b: Urshifu|Surging Strikes|p2a: Muk\n|-supereffective|p2a: Muk\n|-crit|p2a: Muk\n|-end|p2a: Muk|Substitute\n|-supereffective|p2a: Muk\n|-crit|p2a: Muk\n|-damage|p2a: Muk|6\/100\n|-supereffective|p2a: Muk\n|-crit|p2a: Muk\n|-damage|p2a: Muk|0 fnt\n|faint|p2a: Muk\n|-hitcount|p2: Muk|3\n|move|p1a: Flutter Mane|Shadow Ball|p2b: Iron Valiant\n|-damage|p2b: Iron Valiant|0 fnt\n|faint|p2b: Iron Valiant\n|-end|p2b: Iron Valiant|Quark Drive|[silent]\n|\n|upkeep\n|-message|Pekopekopoke forfeited.\n|\n|win|Alienatedfob1\n|raw|Alienatedfob1's rating: 1116 &rarr; <strong>1140<\/strong><br \/>(+24 for winning)\n|raw|Pekopekopoke's rating: 1103 &rarr; <strong>1079<\/strong><br \/>(-24 for losing)\n|l|\u2606Pekopekopoke\n","uploadtime":1699686136,"views":20,"p1id":"alienatedfob1","p2id":"pekopekopoke","formatid":"gen9vgc2023regulatione","rating":1079,"private":0,"password":""}