{"id":"gen9vgc2023regulatione-1990064642","p1":"mcflonah","p2":"YisusSob","format":"[Gen 9] VGC 2023 Regulation E","log":"|j|\u2606mcflonah\n|j|\u2606YisusSob\n|t:|1699920720\n|gametype|doubles\n|player|p1|mcflonah|hiker-gen4|1037\n|player|p2|YisusSob|backpacker|1031\n|teamsize|p1|6\n|teamsize|p2|6\n|gen|9\n|tier|[Gen 9] VGC 2023 Regulation E\n|rated|\n|rule|Species Clause: Limit one of each Pok\u00e9mon\n|rule|Item Clause: Limit one of each item\n|clearpoke\n|poke|p1|Urshifu-*, L50, M|\n|poke|p1|Ogerpon, L50, F|\n|poke|p1|Flutter Mane, L50|\n|poke|p1|Torkoal, L50, M|\n|poke|p1|Victreebel, L50, M|\n|poke|p1|Grimmsnarl, L50, M|\n|poke|p2|Gliscor, L50, F|\n|poke|p2|Ogerpon-Wellspring, L50, F|\n|poke|p2|Flutter Mane, L50|\n|poke|p2|Arcanine-Hisui, L50, M|\n|poke|p2|Iron Hands, L50|\n|poke|p2|Sableye, L50, F|\n|teampreview|4\n|\n|t:|1699920757\n|start\n|switch|p1a: Urshifu|Urshifu-Rapid-Strike, L50, M|100\/100\n|switch|p1b: Ogerpon|Ogerpon, L50, F|100\/100\n|switch|p2a: Sableye|Sableye, L50, F|100\/100\n|switch|p2b: Iron Hands|Iron Hands, L50|100\/100\n|turn|1\n|\n|t:|1699920794\n|move|p2b: Iron Hands|Fake Out|p1a: Urshifu\n|-damage|p1a: Urshifu|86\/100\n|move|p1b: Ogerpon|Follow Me|p1b: Ogerpon\n|-singleturn|p1b: Ogerpon|move: Follow Me\n|move|p2a: Sableye|Reflect|p2a: Sableye\n|-sidestart|p2: YisusSob|Reflect\n|cant|p1a: Urshifu|flinch\n|\n|upkeep\n|turn|2\n|\n|t:|1699920821\n|move|p2a: Sableye|Thunder Wave|p1b: Ogerpon\n|-status|p1b: Ogerpon|par\n|move|p1a: Urshifu|Surging Strikes|p2b: Iron Hands\n|-crit|p2b: Iron Hands\n|-damage|p2b: Iron Hands|86\/100\n|-crit|p2b: Iron Hands\n|-damage|p2b: Iron Hands|72\/100\n|-crit|p2b: Iron Hands\n|-damage|p2b: Iron Hands|58\/100\n|-hitcount|p2b: Iron Hands|3\n|move|p1b: Ogerpon|Ivy Cudgel|p2b: Iron Hands\n|-damage|p2b: Iron Hands|39\/100\n|move|p2b: Iron Hands|Wild Charge|p1a: Urshifu\n|-supereffective|p1a: Urshifu\n|-damage|p1a: Urshifu|0 fnt\n|faint|p1a: Urshifu\n|-damage|p2b: Iron Hands|24\/100|[from] Recoil\n|\n|upkeep\n|\n|t:|1699920838\n|switch|p1a: Torkoal|Torkoal, L50, M|100\/100\n|-weather|SunnyDay|[from] ability: Drought|[of] p1a: Torkoal\n|turn|3\n|\n|t:|1699920863\n|move|p1b: Ogerpon|Follow Me|p1b: Ogerpon\n|-singleturn|p1b: Ogerpon|move: Follow Me\n|move|p2a: Sableye|Thunder Wave|p1b: Ogerpon\n|-fail|p1b: Ogerpon|par\n|move|p2b: Iron Hands|Drain Punch|p1b: Ogerpon\n|-damage|p1b: Ogerpon|49\/100 par\n|-heal|p2b: Iron Hands|44\/100|[from] drain|[of] p1b: Ogerpon\n|-damage|p2b: Iron Hands|28\/100|[from] item: Rocky Helmet|[of] p1b: Ogerpon\n|move|p1a: Torkoal|Heat Wave|p2b: Iron Hands|[spread] p2a,p2b\n|-damage|p2a: Sableye|45\/100\n|-damage|p2b: Iron Hands|5\/100\n|\n|-weather|SunnyDay|[upkeep]\n|upkeep\n|turn|4\n|\n|t:|1699920896\n|-terastallize|p1a: Torkoal|Water\n|move|p1b: Ogerpon|Spiky Shield|p1b: Ogerpon\n|-singleturn|p1b: Ogerpon|move: Protect\n|move|p2a: Sableye|Light Screen|p2a: Sableye\n|-sidestart|p2: YisusSob|move: Light Screen\n|move|p2b: Iron Hands|Drain Punch|p1a: Torkoal\n|-damage|p1a: Torkoal|67\/100\n|-heal|p2b: Iron Hands|17\/100|[from] drain|[of] p1a: Torkoal\n|move|p1a: Torkoal|Eruption|p2b: Iron Hands|[spread] p2a,p2b\n|-damage|p2a: Sableye|13\/100\n|-damage|p2b: Iron Hands|0 fnt\n|faint|p2b: Iron Hands\n|-end|p2b: Iron Hands|Quark Drive|[silent]\n|\n|-weather|SunnyDay|[upkeep]\n|upkeep\n|\n|t:|1699920927\n|switch|p2b: Gliscor|Gliscor, L50, F|100\/100\n|turn|5\n|\n|t:|1699920942\n|cant|p1b: Ogerpon|par\n|move|p2a: Sableye|Thunder Wave|p1a: Torkoal\n|-status|p1a: Torkoal|par\n|move|p2b: Gliscor|Swords Dance|p2b: Gliscor\n|-boost|p2b: Gliscor|atk|2\n|move|p1a: Torkoal|Heat Wave|p2a: Sableye|[spread] p2a,p2b\n|-damage|p2a: Sableye|0 fnt\n|-damage|p2b: Gliscor|65\/100\n|faint|p2a: Sableye\n|\n|-weather|SunnyDay|[upkeep]\n|-heal|p2b: Gliscor|72\/100|[from] item: Leftovers\n|upkeep\n|\n|t:|1699920957\n|switch|p2a: Arcanine|Arcanine-Hisui, L50, M|100\/100\n|-ability|p2a: Arcanine|Intimidate|boost\n|-unboost|p1a: Torkoal|atk|1\n|-unboost|p1b: Ogerpon|atk|1\n|-ability|p1b: Ogerpon|Defiant|boost\n|-boost|p1b: Ogerpon|atk|2\n|turn|6\n|\n|t:|1699920981\n|cant|p1b: Ogerpon|par\n|move|p2a: Arcanine|Extreme Speed|p1a: Torkoal\n|-damage|p1a: Torkoal|34\/100 par\n|move|p2b: Gliscor|Dual Wingbeat|p1b: Ogerpon\n|-supereffective|p1b: Ogerpon\n|-damage|p1b: Ogerpon|0 fnt\n|-damage|p2b: Gliscor|55\/100|[from] item: Rocky Helmet|[of] p1b: Ogerpon\n|faint|p1b: Ogerpon\n|-hitcount|p1: Ogerpon|1\n|cant|p1a: Torkoal|par\n|\n|-weather|SunnyDay|[upkeep]\n|-heal|p2b: Gliscor|61\/100|[from] item: Leftovers\n|upkeep\n|\n|t:|1699920997\n|switch|p1b: Victreebel|Victreebel, L50, M|100\/100\n|turn|7\n|\n|t:|1699921021\n|move|p2a: Arcanine|Extreme Speed|p1a: Torkoal\n|-damage|p1a: Torkoal|0 fnt\n|faint|p1a: Torkoal\n|move|p1b: Victreebel|Sleep Powder|p2b: Gliscor|[miss]\n|-miss|p1b: Victreebel|p2b: Gliscor\n|move|p2b: Gliscor|Dual Wingbeat|p1b: Victreebel\n|-supereffective|p1b: Victreebel\n|-damage|p1b: Victreebel|0 fnt\n|faint|p1b: Victreebel\n|-hitcount|p1: Victreebel|1\n|\n|win|YisusSob\n|raw|mcflonah's rating: 1037 &rarr; <strong>1021<\/strong><br \/>(-16 for losing)\n|raw|YisusSob's rating: 1031 &rarr; <strong>1067<\/strong><br \/>(+36 for winning)\n|l|\u2606mcflonah\n","uploadtime":1699921036,"views":11,"p1id":"mcflonah","p2id":"yisussob","formatid":"gen9vgc2023regulatione","rating":1021,"private":0,"password":""}