{"id":"gen9vgc2023regulatione-1999110094","p1":"Uwe1","p2":"The Greech","format":"[Gen 9] VGC 2023 Regulation E","log":"|j|\u2606Uwe1\n|j|\u2606The Greech\n|t:|1701034200\n|gametype|doubles\n|player|p1|Uwe1|170|1382\n|player|p2|The Greech|infielder|1375\n|teamsize|p1|6\n|teamsize|p2|6\n|gen|9\n|tier|[Gen 9] VGC 2023 Regulation E\n|rated|\n|rule|Species Clause: Limit one of each Pok\u00e9mon\n|rule|Item Clause: Limit one of each item\n|clearpoke\n|poke|p1|Ursaluna, L50, M|\n|poke|p1|Roaring Moon, L50|\n|poke|p1|Armarouge, L50, M|\n|poke|p1|Torkoal, L50, F|\n|poke|p1|Indeedee-F, L50, F|\n|poke|p1|Bronzong, L50|\n|poke|p2|Salamence, L50, F|\n|poke|p2|Kingambit, L50, F|\n|poke|p2|Urshifu-*, L50, F|\n|poke|p2|Tornadus, L50, M|\n|poke|p2|Ogerpon-Wellspring, L50, F|\n|poke|p2|Farigiraf, L50, F|\n|teampreview|4\n|inactive|Battle timer is ON: inactive players will automatically lose when time's up. (requested by Uwe1)\nThe Greech has agreed to open team sheets.\n|inactive|The Greech has 60 seconds left.\n|inactive|Uwe1 has 60 seconds left.\nUwe1 rejected open team sheets.\n|inactive|The Greech has 30 seconds left.\n|inactive|The Greech has 20 seconds left.\n|\n|t:|1701034271\n|start\n|switch|p1a: Ursaluna|Ursaluna, L50, M|100\/100\n|switch|p1b: Bronzong|Bronzong, L50|100\/100\n|switch|p2a: Kingambit|Kingambit, L50, F|100\/100\n|switch|p2b: Farigiraf|Farigiraf, L50, F|100\/100\n|turn|1\n|\n|t:|1701034292\n|switch|p2a: Salamence|Salamence, L50, F|100\/100\n|-ability|p2a: Salamence|Intimidate|boost\n|-unboost|p1a: Ursaluna|atk|1\n|-unboost|p1b: Bronzong|atk|1\n|move|p2b: Farigiraf|Imprison|p2b: Farigiraf\n|-start|p2b: Farigiraf|move: Imprison\n|move|p1a: Ursaluna|Earthquake|p2b: Farigiraf|[spread] p2b\n|-immune|p1b: Bronzong|[from] ability: Levitate\n|-immune|p2a: Salamence\n|-damage|p2b: Farigiraf|73\/100\n|move|p1b: Bronzong|Iron Defense|p1b: Bronzong\n|-boost|p1b: Bronzong|def|2\n|\n|-status|p1a: Ursaluna|brn|[from] item: Flame Orb\n|upkeep\n|turn|2\n|inactive|The Greech has 30 seconds left.\n|\n|t:|1701034323\n|move|p1a: Ursaluna|Protect|p1a: Ursaluna\n|-singleturn|p1a: Ursaluna|Protect\n|move|p2a: Salamence|Dual Wingbeat|p1a: Ursaluna\n|-activate|p1a: Ursaluna|move: Protect\n|move|p2b: Farigiraf|Psychic|p1a: Ursaluna\n|-activate|p1a: Ursaluna|move: Protect\n|move|p1b: Bronzong|Iron Defense|p1b: Bronzong\n|-boost|p1b: Bronzong|def|2\n|\n|-damage|p1a: Ursaluna|95\/100 brn|[from] brn\n|upkeep\n|turn|3\n|\n|t:|1701034340\n|switch|p2a: Urshifu|Urshifu-Rapid-Strike, L50, F|100\/100\n|switch|p1a: Indeedee|Indeedee-F, L50, F|100\/100\n|-fieldstart|move: Psychic Terrain|[from] ability: Psychic Surge|[of] p1a: Indeedee\n|move|p2b: Farigiraf|Psychic|p1a: Indeedee\n|-resisted|p1a: Indeedee\n|-damage|p1a: Indeedee|77\/100\n|move|p1b: Bronzong|Body Press|p2b: Farigiraf\n|-damage|p2b: Farigiraf|0 fnt\n|faint|p2b: Farigiraf\n|\n|upkeep\n|\n|t:|1701034352\n|switch|p2b: Kingambit|Kingambit, L50, F|100\/100\n|turn|4\n|inactive|The Greech has 30 seconds left.\n|\n|t:|1701034378\n|-terastallize|p2a: Urshifu|Water\n|move|p1a: Indeedee|Follow Me|p1a: Indeedee\n|-singleturn|p1a: Indeedee|move: Follow Me\n|move|p2a: Urshifu|Surging Strikes|p1a: Indeedee\n|-crit|p1a: Indeedee\n|-damage|p1a: Indeedee|44\/100\n|-crit|p1a: Indeedee\n|-damage|p1a: Indeedee|8\/100\n|-crit|p1a: Indeedee\n|-damage|p1a: Indeedee|0 fnt\n|faint|p1a: Indeedee\n|-hitcount|p1: Indeedee|3\n|move|p2b: Kingambit|Kowtow Cleave|p1b: Bronzong\n|-supereffective|p1b: Bronzong\n|-crit|p1b: Bronzong\n|-damage|p1b: Bronzong|4\/100\n|move|p1b: Bronzong|Trick Room|p1b: Bronzong\n|-fieldstart|move: Trick Room|[of] p1b: Bronzong\n|\n|upkeep\n|\n|t:|1701034403\n|switch|p1a: Ursaluna|Ursaluna, L50, M|95\/100 brn\n|turn|5\n|\n|t:|1701034417\n|switch|p2b: Salamence|Salamence, L50, F|100\/100\n|-ability|p2b: Salamence|Intimidate|boost\n|-unboost|p1a: Ursaluna|atk|1\n|-unboost|p1b: Bronzong|atk|1\n|move|p2a: Urshifu|Aqua Jet|p1b: Bronzong\n|-hint|Psychic Terrain doesn't affect Pok\u00e9mon immune to Ground.\n|-damage|p1b: Bronzong|0 fnt\n|faint|p1b: Bronzong\n|move|p1a: Ursaluna|Facade|p2a: Urshifu\n|-damage|p2a: Urshifu|21\/100\n|\n|-damage|p1a: Ursaluna|89\/100 brn|[from] brn\n|upkeep\n|\n|t:|1701034431\n|switch|p1b: Torkoal|Torkoal, L50, F|100\/100\n|-weather|SunnyDay|[from] ability: Drought|[of] p1b: Torkoal\n|turn|6\n|inactive|The Greech has 30 seconds left.\n|inactive|The Greech has 20 seconds left.\n|\n|t:|1701034469\n|-terastallize|p1b: Torkoal|Fire\n|move|p2a: Urshifu|Detect|p2a: Urshifu\n|-singleturn|p2a: Urshifu|Protect\n|move|p1b: Torkoal|Eruption|p2a: Urshifu|[spread] p2b\n|-activate|p2a: Urshifu|move: Protect\n|-resisted|p2b: Salamence\n|-damage|p2b: Salamence|16\/100\n|move|p1a: Ursaluna|Facade|p2b: Salamence\n|-damage|p2b: Salamence|0 fnt\n|faint|p2b: Salamence\n|\n|-weather|SunnyDay|[upkeep]\n|-damage|p1a: Ursaluna|83\/100 brn|[from] brn\n|upkeep\n|\n|t:|1701034479\n|switch|p2b: Kingambit|Kingambit, L50, F|100\/100\n|turn|7\n|\n|t:|1701034501\n|move|p2a: Urshifu|Detect|p2a: Urshifu\n|-singleturn|p2a: Urshifu|Protect\n|move|p1b: Torkoal|Eruption|p2a: Urshifu|[spread] p2b\n|-activate|p2a: Urshifu|move: Protect\n|-supereffective|p2b: Kingambit\n|-damage|p2b: Kingambit|0 fnt\n|faint|p2b: Kingambit\n|move|p1a: Ursaluna|Facade|p2a: Urshifu\n|-activate|p2a: Urshifu|move: Protect\n|\n|-weather|SunnyDay|[upkeep]\n|-damage|p1a: Ursaluna|77\/100 brn|[from] brn\n|-fieldend|move: Psychic Terrain\n|upkeep\n|turn|8\n|\n|t:|1701034513\n|move|p2a: Urshifu|Detect||[still]\n|-fail|p2a: Urshifu\n|move|p1b: Torkoal|Eruption|p2a: Urshifu\n|-resisted|p2a: Urshifu\n|-damage|p2a: Urshifu|0 fnt\n|faint|p2a: Urshifu\n|\n|win|Uwe1\n|raw|Uwe1's rating: 1382 &rarr; <strong>1402<\/strong><br \/>(+20 for winning)\n|raw|The Greech's rating: 1375 &rarr; <strong>1355<\/strong><br \/>(-20 for losing)\n","uploadtime":1701034516,"views":5,"p1id":"uwe1","p2id":"thegreech","formatid":"gen9vgc2023regulatione","rating":1355,"private":0,"password":""}