{"id":"gen9vgc2023regulatione-1988505102","p1":"BugCatcherJacobe","p2":"BlindMagneton","format":"[Gen 9] VGC 2023 Regulation E","log":"|j|\u2606BugCatcherJacobe\n|j|\u2606BlindMagneton\n|t:|1699730104\n|gametype|doubles\n|player|p1|BugCatcherJacobe|bugcatcher-gen4dp|1287\n|player|p2|BlindMagneton|wattson|1401\n|teamsize|p1|6\n|teamsize|p2|6\n|gen|9\n|tier|[Gen 9] VGC 2023 Regulation E\n|rated|\n|rule|Species Clause: Limit one of each Pok\u00e9mon\n|rule|Item Clause: Limit one of each item\n|clearpoke\n|poke|p1|Flutter Mane, L50|\n|poke|p1|Vikavolt, L50, F|\n|poke|p1|Sinistcha, L50|\n|poke|p1|Tauros-Paldea-Blaze, L50, M|\n|poke|p1|Ogerpon-Wellspring, L50, F|\n|poke|p1|Kingambit, L50, F|\n|poke|p2|Zoroark-Hisui, L50, F|\n|poke|p2|Grimmsnarl, L50, M|\n|poke|p2|Magnezone, L50|\n|poke|p2|Sinistcha, L50|\n|poke|p2|Farigiraf, L50, M|\n|poke|p2|Pelipper, L50, M|\n|teampreview|4\n|inactive|Battle timer is ON: inactive players will automatically lose when time's up. (requested by BugCatcherJacobe)\n|inactive|BugCatcherJacobe has 60 seconds left.\n|inactive|BlindMagneton has 60 seconds left.\nBugCatcherJacobe has agreed to open team sheets.\n|inactive|BlindMagneton has 30 seconds left.\n|inactive|BlindMagneton has 20 seconds left.\n|inactive|BlindMagneton has 15 seconds left.\n|inactive|BlindMagneton has 10 seconds left.\n|\n|t:|1699730185\n|start\n|switch|p1a: Ogerpon|Ogerpon-Wellspring, L50, F|100\/100\n|switch|p1b: Tauros|Tauros-Paldea-Blaze, L50, M|100\/100\n|switch|p2a: Grimmsnarl|Grimmsnarl, L50, M|100\/100\n|switch|p2b: Magnezone|Magnezone, L50|100\/100\n|-ability|p1b: Tauros|Intimidate|boost\n|-unboost|p2a: Grimmsnarl|atk|1\n|-unboost|p2b: Magnezone|atk|1\n|turn|1\n|inactive|BugCatcherJacobe has 30 seconds left.\n|\n|t:|1699730218\n|move|p2a: Grimmsnarl|Fake Out|p1b: Tauros\n|-damage|p1b: Tauros|93\/100\n|cant|p1b: Tauros|flinch\n|move|p1a: Ogerpon|Ivy Cudgel|p2a: Grimmsnarl\n|-damage|p2a: Grimmsnarl|41\/100\n|move|p2b: Magnezone|Iron Defense|p2b: Magnezone\n|-boost|p2b: Magnezone|def|2\n|-enditem|p1b: Tauros|Mirror Herb\n|-boost|p1b: Tauros|def|2|[from] item: Mirror Herb\n|\n|upkeep\n|turn|2\n|inactive|BlindMagneton has 30 seconds left.\n|inactive|BlindMagneton has 20 seconds left.\n|inactive|BlindMagneton has 15 seconds left.\n|inactive|BlindMagneton has 10 seconds left.\n|\n|t:|1699730264\n|move|p2a: Grimmsnarl|Parting Shot|p1b: Tauros\n|-unboost|p1b: Tauros|atk|1\n|-unboost|p1b: Tauros|spa|1\n|\n|t:|1699730267\n|switch|p2a: Pelipper|Pelipper, L50, M|100\/100|[from] Parting Shot\n|-weather|RainDance|[from] ability: Drizzle|[of] p2a: Pelipper\n|move|p1b: Tauros|High Horsepower|p2b: Magnezone\n|-supereffective|p2b: Magnezone\n|-damage|p2b: Magnezone|78\/100\n|move|p1a: Ogerpon|Ivy Cudgel|p2a: Pelipper\n|-resisted|p2a: Pelipper\n|-crit|p2a: Pelipper\n|-damage|p2a: Pelipper|12\/100\n|move|p2b: Magnezone|Thunder|p1b: Tauros\n|-damage|p1b: Tauros|21\/100\n|\n|-weather|RainDance|[upkeep]\n|-heal|p2b: Magnezone|84\/100|[from] item: Leftovers\n|upkeep\n|turn|3\n|inactive|BugCatcherJacobe has 30 seconds left.\n|inactive|BlindMagneton has 30 seconds left.\n|inactive|BlindMagneton has 20 seconds left.\n|inactive|BlindMagneton has 15 seconds left.\n|inactive|BlindMagneton has 10 seconds left.\n|\n|t:|1699730315\n|-terastallize|p1a: Ogerpon|Water\n|detailschange|p1a: Ogerpon|Ogerpon-Wellspring-Tera, L50, F, tera:Water\n|-ability|p1a: Ogerpon|Embody Aspect (Wellspring)|boost\n|-boost|p1a: Ogerpon|spd|1\n|move|p1b: Tauros|Protect|p1b: Tauros\n|-singleturn|p1b: Tauros|Protect\n|move|p2a: Pelipper|Protect|p2a: Pelipper\n|-singleturn|p2a: Pelipper|Protect\n|move|p1a: Ogerpon|Ivy Cudgel|p2b: Magnezone\n|-damage|p2b: Magnezone|40\/100\n|move|p2b: Magnezone|Iron Defense|p2b: Magnezone\n|-boost|p2b: Magnezone|def|2\n|\n|-weather|RainDance|[upkeep]\n|-heal|p2b: Magnezone|46\/100|[from] item: Leftovers\n|upkeep\n|turn|4\n|inactive|BlindMagneton has 30 seconds left.\n|inactive|BlindMagneton has 20 seconds left.\n|\n|t:|1699730350\n|move|p1b: Tauros|Raging Bull|p2a: Pelipper\n|-resisted|p2a: Pelipper\n|-damage|p2a: Pelipper|5\/100\n|move|p1a: Ogerpon|Ivy Cudgel|p2b: Magnezone\n|-damage|p2b: Magnezone|18\/100\n|move|p2a: Pelipper|Hurricane|p1b: Tauros\n|-supereffective|p1b: Tauros\n|-crit|p1b: Tauros\n|-damage|p1b: Tauros|0 fnt\n|faint|p1b: Tauros\n|move|p2b: Magnezone|Thunder|p1a: Ogerpon\n|-supereffective|p1a: Ogerpon\n|-damage|p1a: Ogerpon|20\/100\n|-status|p1a: Ogerpon|par\n|\n|-weather|RainDance|[upkeep]\n|-heal|p2b: Magnezone|24\/100|[from] item: Leftovers\n|upkeep\n|\n|t:|1699730365\n|switch|p1b: Flutter Mane|Flutter Mane, L50|100\/100\n|turn|5\n|inactive|BlindMagneton has 30 seconds left.\n|inactive|BlindMagneton has 20 seconds left.\n|inactive|BlindMagneton has 15 seconds left.\n|\n|t:|1699730408\n|move|p2b: Magnezone|Protect|p2b: Magnezone\n|-singleturn|p2b: Magnezone|Protect\n|move|p1b: Flutter Mane|Icy Wind|p2a: Pelipper|[spread] \n|-activate|p2b: Magnezone|move: Protect\n|-miss|p1b: Flutter Mane|p2a: Pelipper\n|move|p2a: Pelipper|Hurricane|p1a: Ogerpon\n|-damage|p1a: Ogerpon|0 fnt\n|faint|p1a: Ogerpon\n|\n|-weather|RainDance|[upkeep]\n|-heal|p2b: Magnezone|30\/100|[from] item: Leftovers\n|upkeep\n|\n|t:|1699730420\n|switch|p1a: Vikavolt|Vikavolt, L50, F|100\/100\n|turn|6\n|inactive|BugCatcherJacobe has 30 seconds left.\n|\n|t:|1699730447\n|move|p2a: Pelipper|Wide Guard|p2a: Pelipper\n|-singleturn|p2a: Pelipper|Wide Guard\n|move|p1b: Flutter Mane|Icy Wind|p2b: Magnezone|[spread] \n|-activate|p2a: Pelipper|move: Wide Guard\n|-activate|p2b: Magnezone|move: Wide Guard\n|move|p2b: Magnezone|Body Press|p1a: Vikavolt\n|-resisted|p1a: Vikavolt\n|-damage|p1a: Vikavolt|60\/100\n|move|p1a: Vikavolt|Bug Buzz|p2b: Magnezone\n|-resisted|p2b: Magnezone\n|-damage|p2b: Magnezone|5\/100\n|\n|-weather|none\n|-heal|p2b: Magnezone|11\/100|[from] item: Leftovers\n|upkeep\n|turn|7\n|inactive|BlindMagneton has 30 seconds left.\n|\n|t:|1699730478\n|move|p2b: Magnezone|Protect|p2b: Magnezone\n|-singleturn|p2b: Magnezone|Protect\n|move|p1b: Flutter Mane|Icy Wind|p2b: Magnezone|[spread] p2a\n|-activate|p2b: Magnezone|move: Protect\n|-damage|p2a: Pelipper|0 fnt\n|faint|p2a: Pelipper\n|move|p1a: Vikavolt|Thunderbolt|p2b: Magnezone\n|-activate|p2b: Magnezone|move: Protect\n|\n|-heal|p2b: Magnezone|17\/100|[from] item: Leftovers\n|upkeep\n|\n|t:|1699730484\n|switch|p2a: Grimmsnarl|Grimmsnarl, L50, M|41\/100\n|turn|8\n|\n|t:|1699730498\n|move|p2a: Grimmsnarl|Fake Out|p1a: Vikavolt\n|-damage|p1a: Vikavolt|49\/100\n|move|p1b: Flutter Mane|Icy Wind|p2b: Magnezone|[spread] p2a,p2b\n|-resisted|p2b: Magnezone\n|-damage|p2a: Grimmsnarl|21\/100\n|-damage|p2b: Magnezone|7\/100\n|-unboost|p2b: Magnezone|spe|1\n|move|p2b: Magnezone|Body Press|p1a: Vikavolt\n|-resisted|p1a: Vikavolt\n|-damage|p1a: Vikavolt|10\/100\n|cant|p1a: Vikavolt|flinch\n|\n|-heal|p2b: Magnezone|13\/100|[from] item: Leftovers\n|upkeep\n|turn|9\n|inactive|BlindMagneton has 30 seconds left.\n|\n|t:|1699730530\n|move|p2b: Magnezone|Protect|p2b: Magnezone\n|-singleturn|p2b: Magnezone|Protect\n|move|p2a: Grimmsnarl|Sucker Punch|p1a: Vikavolt\n|-crit|p1a: Vikavolt\n|-damage|p1a: Vikavolt|0 fnt\n|faint|p1a: Vikavolt\n|move|p1b: Flutter Mane|Icy Wind|p2a: Grimmsnarl|[spread] p2a\n|-activate|p2b: Magnezone|move: Protect\n|-damage|p2a: Grimmsnarl|1\/100\n|\n|-heal|p2b: Magnezone|20\/100|[from] item: Leftovers\n|upkeep\n|turn|10\n|\n|t:|1699730542\n|move|p2a: Grimmsnarl|Thunder Wave|p1b: Flutter Mane\n|-status|p1b: Flutter Mane|par\n|cant|p1b: Flutter Mane|par\n|move|p2b: Magnezone|Thunder|p1b: Flutter Mane\n|-damage|p1b: Flutter Mane|46\/100 par\n|\n|-heal|p2b: Magnezone|26\/100|[from] item: Leftovers\n|upkeep\n|turn|11\n|\n|t:|1699730551\n|move|p2a: Grimmsnarl|Sucker Punch|p1b: Flutter Mane\n|-damage|p1b: Flutter Mane|0 fnt\n|faint|p1b: Flutter Mane\n|-end|p1b: Flutter Mane|Protosynthesis|[silent]\n|\n|win|BlindMagneton\n|raw|BugCatcherJacobe's rating: 1287 &rarr; <strong>1270<\/strong><br \/>(-17 for losing)\n|raw|BlindMagneton's rating: 1401 &rarr; <strong>1415<\/strong><br \/>(+14 for winning)\n|l|\u2606BugCatcherJacobe\n","uploadtime":1699730594,"views":16,"p1id":"bugcatcherjacobe","p2id":"blindmagneton","formatid":"gen9vgc2023regulatione","rating":1270,"private":0,"password":""}