{"id":"gen9vgc2023regulatione-1999878382","p1":"donteatmagikarps","p2":"KumpelXD","format":"[Gen 9] VGC 2023 Regulation E","log":"|j|\u2606donteatmagikarps\n|j|\u2606KumpelXD\n|t:|1701125536\n|gametype|doubles\n|player|p1|donteatmagikarps|palmer|1343\n|player|p2|KumpelXD|169|1287\n|teamsize|p1|6\n|teamsize|p2|6\n|gen|9\n|tier|[Gen 9] VGC 2023 Regulation E\n|rated|\n|rule|Species Clause: Limit one of each Pok\u00e9mon\n|rule|Item Clause: Limit one of each item\n|clearpoke\n|poke|p1|Grimmsnarl, L50, M|\n|poke|p1|Politoed, L50, F|\n|poke|p1|Ogerpon-Wellspring, L50, F|\n|poke|p1|Tornadus, L50, M|\n|poke|p1|Baxcalibur, L50, F|\n|poke|p1|Heatran, L50, M|\n|poke|p2|Empoleon, L50, F|\n|poke|p2|Landorus-Therian, L50, M|\n|poke|p2|Ninetales-Alola, L50, M|\n|poke|p2|Iron Hands, L50|\n|poke|p2|Ogerpon-Cornerstone, L50, F|\n|poke|p2|Hydreigon, L50, M|\n|teampreview|4\n|inactive|Battle timer is ON: inactive players will automatically lose when time's up. (requested by KumpelXD)\nKumpelXD has agreed to open team sheets.\n|inactive|donteatmagikarps has 60 seconds left.\n|inactive|KumpelXD has 60 seconds left.\n|\n|t:|1701125569\n|start\n|switch|p1a: Tornadus|Tornadus, L50, M, shiny|100\/100\n|switch|p1b: Politoed|Politoed, L50, F, shiny|100\/100\n|switch|p2a: Empoleon|Empoleon, L50, F|100\/100\n|switch|p2b: Iron Hands|Iron Hands, L50|100\/100\n|-weather|RainDance|[from] ability: Drizzle|[of] p1b: Politoed\n|turn|1\n|inactive|donteatmagikarps has 30 seconds left.\n|\n|t:|1701125595\n|move|p1a: Tornadus|Protect|p1a: Tornadus\n|-singleturn|p1a: Tornadus|Protect\n|move|p2b: Iron Hands|Fake Out|p1a: Tornadus\n|-activate|p1a: Tornadus|move: Protect\n|move|p1b: Politoed|Chilling Water|p2b: Iron Hands\n|-damage|p2b: Iron Hands|84\/100\n|-unboost|p2b: Iron Hands|atk|1\n|move|p2a: Empoleon|Hydro Pump|p1a: Tornadus\n|-activate|p1a: Tornadus|move: Protect\n|\n|-weather|RainDance|[upkeep]\n|upkeep\n|turn|2\n|inactive|donteatmagikarps has 30 seconds left.\n|\n|t:|1701125621\n|switch|p1b: Ogerpon|Ogerpon-Wellspring, L50, F|100\/100\n|move|p1a: Tornadus|Bleakwind Storm|p2a: Empoleon|[spread] p2a,p2b\n|-resisted|p2a: Empoleon\n|-damage|p2a: Empoleon|86\/100\n|-damage|p2b: Iron Hands|66\/100\n|-unboost|p2b: Iron Hands|spe|1\n|move|p2a: Empoleon|Air Slash|p1a: Tornadus\n|-damage|p1a: Tornadus|79\/100\n|move|p2b: Iron Hands|Wild Charge|p1a: Tornadus\n|-supereffective|p1a: Tornadus\n|-damage|p1a: Tornadus|0 fnt\n|faint|p1a: Tornadus\n|-damage|p2b: Iron Hands|52\/100|[from] Recoil\n|\n|-weather|RainDance|[upkeep]\n|-heal|p2a: Empoleon|92\/100|[from] item: Leftovers\n|upkeep\n|\n|t:|1701125638\n|switch|p1a: Baxcalibur|Baxcalibur, L50, F|100\/100\n|turn|3\n|\n|t:|1701125655\n|-terastallize|p1b: Ogerpon|Water\n|detailschange|p1b: Ogerpon|Ogerpon-Wellspring-Tera, L50, F, tera:Water\n|-ability|p1b: Ogerpon|Embody Aspect (Wellspring)|boost\n|-boost|p1b: Ogerpon|spd|1\n|move|p1b: Ogerpon|Ivy Cudgel|p2b: Iron Hands|[anim] Ivy Cudgel Water\n|-crit|p2b: Iron Hands\n|-damage|p2b: Iron Hands|0 fnt\n|faint|p2b: Iron Hands\n|-end|p2b: Iron Hands|Quark Drive|[silent]\n|move|p1a: Baxcalibur|Swords Dance|p1a: Baxcalibur\n|-boost|p1a: Baxcalibur|atk|2\n|move|p2a: Empoleon|Flash Cannon|p1a: Baxcalibur\n|-supereffective|p1a: Baxcalibur\n|-damage|p1a: Baxcalibur|48\/100\n|\n|-weather|RainDance|[upkeep]\n|-heal|p2a: Empoleon|98\/100|[from] item: Leftovers\n|upkeep\n|inactive|KumpelXD has 30 seconds left.\n|\n|t:|1701125684\n|switch|p2b: Ninetales|Ninetales-Alola, L50, M|100\/100\n|-weather|Snow|[from] ability: Snow Warning|[of] p2b: Ninetales\n|turn|4\n|\n|t:|1701125706\n|switch|p1b: Politoed|Politoed, L50, F, shiny|100\/100\n|-weather|RainDance|[from] ability: Drizzle|[of] p1b: Politoed\n|move|p2b: Ninetales|Aurora Veil||[still]\n|-fail|p2b: Ninetales\n|move|p1a: Baxcalibur|Brick Break|p2a: Empoleon\n|-supereffective|p2a: Empoleon\n|-damage|p2a: Empoleon|0 fnt\n|faint|p2a: Empoleon\n|\n|-weather|RainDance|[upkeep]\n|upkeep\n|\n|t:|1701125714\n|switch|p2a: Hydreigon|Hydreigon, L50, M|100\/100\n|turn|5\n|\n|t:|1701125739\n|move|p2b: Ninetales|Moonblast|p1a: Baxcalibur\n|-supereffective|p1a: Baxcalibur\n|-damage|p1a: Baxcalibur|1\/100\n|-unboost|p1a: Baxcalibur|spa|1\n|move|p1b: Politoed|Encore|p2b: Ninetales\n|-start|p2b: Ninetales|Encore\n|move|p2a: Hydreigon|Earth Power|p1b: Politoed\n|-damage|p1b: Politoed|74\/100\n|move|p1a: Baxcalibur|Scale Shot|p2a: Hydreigon\n|-supereffective|p2a: Hydreigon\n|-damage|p2a: Hydreigon|52\/100\n|-supereffective|p2a: Hydreigon\n|-damage|p2a: Hydreigon|1\/100\n|-supereffective|p2a: Hydreigon\n|-damage|p2a: Hydreigon|0 fnt\n|faint|p2a: Hydreigon\n|-hitcount|p2: Hydreigon|3\n|-unboost|p1a: Baxcalibur|def|1\n|-boost|p1a: Baxcalibur|spe|1\n|\n|-weather|RainDance|[upkeep]\n|upkeep\n|turn|6\n|inactive|donteatmagikarps has 30 seconds left.\n|\n|t:|1701125765\n|move|p1b: Politoed|Helping Hand|p1a: Baxcalibur\n|-singleturn|p1a: Baxcalibur|Helping Hand|[of] p1b: Politoed\n|move|p2b: Ninetales|Moonblast|p1a: Baxcalibur\n|-supereffective|p1a: Baxcalibur\n|-damage|p1a: Baxcalibur|0 fnt\n|faint|p1a: Baxcalibur\n|\n|-weather|RainDance|[upkeep]\n|upkeep\n|\n|t:|1701125773\n|switch|p1a: Ogerpon|Ogerpon-Wellspring-Tera, L50, F, tera:Water|100\/100\n|-ability|p1a: Ogerpon|Embody Aspect (Wellspring)|boost\n|-boost|p1a: Ogerpon|spd|1\n|turn|7\n|\n|t:|1701125783\n|-terastallize|p2b: Ninetales|Water\n|move|p1b: Politoed|Helping Hand|p1a: Ogerpon\n|-singleturn|p1a: Ogerpon|Helping Hand|[of] p1b: Politoed\n|move|p2b: Ninetales|Moonblast|p1a: Ogerpon\n|-damage|p1a: Ogerpon|82\/100\n|move|p1a: Ogerpon|Ivy Cudgel|p2b: Ninetales|[anim] Ivy Cudgel Water\n|-resisted|p2b: Ninetales\n|-crit|p2b: Ninetales\n|-damage|p2b: Ninetales|0 fnt\n|faint|p2b: Ninetales\n|\n|win|donteatmagikarps\n|raw|donteatmagikarps's rating: 1343 &rarr; <strong>1360<\/strong><br \/>(+17 for winning)\n|raw|KumpelXD's rating: 1287 &rarr; <strong>1266<\/strong><br \/>(-21 for losing)\n","uploadtime":1701125796,"views":14,"p1id":"donteatmagikarps","p2id":"kumpelxd","formatid":"gen9vgc2023regulatione","rating":1266,"private":0,"password":""}