{"id":"gen9vgc2023regulatione-1990917325","p1":"Starlightkoma","p2":"hyperoidyt","format":"[Gen 9] VGC 2023 Regulation E","log":"|j|\u2606Starlightkoma\n|j|\u2606hyperoidyt\n|n|\u2606Starlightkoma|starlightkoma\n|n|\u2606hyperoidyt|hyperoidyt\n|html|View the match progress at <a href=\"\/game-bestof3-gen9vgc2023regulatione-1990911131\">game-bestof3-gen9vgc2023regulatione-1990911131<\/a>\n|t:|1700014912\n|gametype|doubles\n|player|p1|Starlightkoma|102|\n|player|p2|hyperoidyt|hilda|\n|teamsize|p1|6\n|teamsize|p2|6\n|gen|9\n|tier|[Gen 9] VGC 2023 Regulation E\n|rule|Species Clause: Limit one of each Pok\u00e9mon\n|rule|Item Clause: Limit one of each item\n|clearpoke\n|poke|p1|Roaring Moon, L50|\n|poke|p1|Palafin, L50, F|\n|poke|p1|Flutter Mane, L50|\n|poke|p1|Rillaboom, L50, M|\n|poke|p1|Volbeat, L50, M|\n|poke|p1|Decidueye-Hisui, L50, M|\n|poke|p2|Ogerpon-Wellspring, L50, F|\n|poke|p2|Tornadus, L50, M|\n|poke|p2|Brambleghast, L50, M|\n|poke|p2|Forretress, L50, M|\n|poke|p2|Politoed, L50, F|\n|poke|p2|Yanmega, L50, M|\n|teampreview|4\n|\n|t:|1700014951\n|start\n|switch|p1a: LowTierGod|Flutter Mane, L50|100\/100\n|switch|p1b: Bug Rave|Volbeat, L50, M|100\/100\n|switch|p2a: Tornadus|Tornadus, L50, M|100\/100\n|switch|p2b: Politoed|Politoed, L50, F|100\/100\n|-weather|RainDance|[from] ability: Drizzle|[of] p2b: Politoed\n|turn|1\n|\n|t:|1700014965\n|move|p2b: Politoed|Helping Hand|p2a: Tornadus\n|-singleturn|p2a: Tornadus|Helping Hand|[of] p2b: Politoed\n|move|p1b: Bug Rave|Tailwind|p1b: Bug Rave\n|-sidestart|p1: Starlightkoma|move: Tailwind\n|move|p1a: LowTierGod|Dazzling Gleam|p2a: Tornadus|[spread] p2a,p2b\n|-damage|p2a: Tornadus|48\/100\n|-damage|p2b: Politoed|69\/100\n|-damage|p1a: LowTierGod|90\/100|[from] item: Life Orb\n|move|p2a: Tornadus|Bleakwind Storm|p1b: Bug Rave|[spread] p1a,p1b\n|-supereffective|p1b: Bug Rave\n|-damage|p1a: LowTierGod|39\/100\n|-damage|p1b: Bug Rave|16\/100\n|\n|-weather|RainDance|[upkeep]\n|upkeep\n|turn|2\n|\n|t:|1700014997\n|move|p2a: Tornadus|Tailwind|p2a: Tornadus\n|-sidestart|p2: hyperoidyt|move: Tailwind\n|move|p1a: LowTierGod|Dazzling Gleam|p2a: Tornadus|[spread] p2a,p2b\n|-damage|p2a: Tornadus|0 fnt\n|-damage|p2b: Politoed|38\/100\n|faint|p2a: Tornadus\n|-damage|p1a: LowTierGod|29\/100|[from] item: Life Orb\n|move|p1b: Bug Rave|Bug Buzz|p2b: Politoed\n|-damage|p2b: Politoed|22\/100\n|move|p2b: Politoed|Weather Ball|p1a: LowTierGod\n|-damage|p1a: LowTierGod|0 fnt\n|faint|p1a: LowTierGod\n|-end|p1a: LowTierGod|Protosynthesis|[silent]\n|\n|-weather|RainDance|[upkeep]\n|upkeep\n|\n|t:|1700015010\n|switch|p1a: Tier0|Roaring Moon, L50|100\/100\n|switch|p2a: Brambleghast|Brambleghast, L50, M|100\/100\n|-ability|p2a: Brambleghast|Wind Rider|boost\n|-boost|p2a: Brambleghast|atk|1\n|-enditem|p1a: Tier0|Booster Energy\n|-activate|p1a: Tier0|ability: Protosynthesis|[fromitem]\n|-start|p1a: Tier0|protosynthesisatk\n|turn|3\n|\n|t:|1700015040\n|-terastallize|p1a: Tier0|Flying\n|move|p2a: Brambleghast|Protect|p2a: Brambleghast\n|-singleturn|p2a: Brambleghast|Protect\n|move|p1b: Bug Rave|Taunt|p2b: Politoed\n|-start|p2b: Politoed|move: Taunt\n|move|p1a: Tier0|Breaking Swipe|p2b: Politoed|[spread] p2b\n|-activate|p2a: Brambleghast|move: Protect\n|-damage|p2b: Politoed|0 fnt\n|faint|p2b: Politoed\n|\n|-weather|RainDance|[upkeep]\n|upkeep\n|\n|t:|1700015051\n|switch|p2b: Ogerpon|Ogerpon-Wellspring, L50, F|100\/100\n|turn|4\n|\n|t:|1700015071\n|-terastallize|p2a: Brambleghast|Flying\n|move|p2b: Ogerpon|Ivy Cudgel|p1a: Tier0|[anim] Ivy Cudgel Water\n|-damage|p1a: Tier0|0 fnt\n|faint|p1a: Tier0\n|-end|p1a: Tier0|Protosynthesis|[silent]\n|move|p2a: Brambleghast|Tera Blast|p1b: Bug Rave|[anim] Tera Blast Flying\n|-supereffective|p1b: Bug Rave\n|-damage|p1b: Bug Rave|0 fnt\n|faint|p1b: Bug Rave\n|-damage|p2a: Brambleghast|91\/100|[from] item: Life Orb\n|\n|-weather|RainDance|[upkeep]\n|-sideend|p1: Starlightkoma|move: Tailwind\n|upkeep\n|\n|t:|1700015079\n|switch|p1b: Luka|Decidueye-Hisui, L50, M|100\/100\n|turn|5\n|\n|t:|1700015095\n|move|p2b: Ogerpon|Spiky Shield|p2b: Ogerpon\n|-singleturn|p2b: Ogerpon|move: Protect\n|move|p2a: Brambleghast|Tera Blast|p1b: Luka|[anim] Tera Blast Flying\n|-supereffective|p1b: Luka\n|-damage|p1b: Luka|0 fnt\n|faint|p1b: Luka\n|-damage|p2a: Brambleghast|81\/100|[from] item: Life Orb\n|\n|win|hyperoidyt\n","uploadtime":1700015137,"views":28,"p1id":"starlightkoma","p2id":"hyperoidyt","formatid":"gen9vgc2023regulatione","rating":0,"private":0,"password":""}