{"id":"gen9vgc2023regulatione-1997436712","p1":"Flarefox_7","p2":"viper pit","format":"[Gen 9] VGC 2023 Regulation E","log":"|j|\u2606Flarefox_7\n|j|\u2606viper pit\n|t:|1700804955\n|gametype|doubles\n|player|p1|Flarefox_7|serena-masters|\n|player|p2|viper pit|roxie|\n|teamsize|p1|6\n|teamsize|p2|6\n|gen|9\n|tier|[Gen 9] VGC 2023 Regulation E\n|rated|Tournament battle\n|rule|Species Clause: Limit one of each Pok\u00e9mon\n|rule|Item Clause: Limit one of each item\n|clearpoke\n|poke|p1|Tornadus, L50, M|\n|poke|p1|Gholdengo, L50|\n|poke|p1|Urshifu-*, L50, F|\n|poke|p1|Rillaboom, L50, M|\n|poke|p1|Ogerpon-Hearthflame, L50, F|\n|poke|p1|Landorus-Therian, L50, M|\n|poke|p2|Arcanine-Hisui, L50, F|\n|poke|p2|Iron Bundle, L50|\n|poke|p2|Iron Hands, L50|\n|poke|p2|Amoonguss, L50, M|\n|poke|p2|Urshifu-*, L50, F|\n|poke|p2|Landorus-Therian, L50, M|\n|teampreview|4\n|j| KnighLt\n|j| johnjunior12\n|c|\u2606Flarefox_7|glhf\n|j|%Radio Free C-Side\nFlarefox_7 has agreed to open team sheets.\n|c|\u2606viper pit|u2\nviper pit has agreed to open team sheets.\n|showteam|p1|Tornadus||CovertCloak|Prankster|BleakwindStorm,Tailwind,Protect,RainDance|||M|||50|,,,,,Poison]Gholdengo||ChoiceSpecs|GoodasGold|MakeItRain,ShadowBall,Thunderbolt,SteelBeam||||||50|,,,,,Steel]Urshifu-Rapid-Strike||MysticWater|UnseenFist|SurgingStrikes,AquaJet,CloseCombat,Detect|||F|||50|,,,,,Water]Rillaboom||AssaultVest|GrassySurge|WoodHammer,GrassyGlide,FakeOut,HighHorsepower|||M|||50|,,,,,Fire]Ogerpon-Hearthflame||HearthflameMask|MoldBreaker|IvyCudgel,SpikyShield,FollowMe,GrassyGlide|||F|||50|,,,,,Fire]Landorus-Therian||ChoiceScarf|Intimidate|StompingTantrum,TeraBlast,RockSlide,Uturn|||M|||50|,,,,,Flying\n|showteam|p2|Arcanine-Hisui||LifeOrb|Intimidate|FlareBlitz,RockSlide,ExtremeSpeed,Protect|||F|||50|,,,,,Normal]Iron Bundle||BoosterEnergy|QuarkDrive|FreezeDry,IcyWind,HydroPump,Protect||||||50|,,,,,Ghost]Iron Hands||AssaultVest|QuarkDrive|FakeOut,VoltSwitch,WildCharge,DrainPunch||||||50|,,,,,Water]Amoonguss||RockyHelmet|Regenerator|Spore,RagePowder,LeafStorm,PollenPuff|||M|||50|,,,,,Water]Urshifu||BlackGlasses|UnseenFist|WickedBlow,SwordsDance,SuckerPunch,Protect|||F|||50|,,,,,Poison]Landorus-Therian||SafetyGoggles|Intimidate|TeraBlast,StompingTantrum,Uturn,Protect|||M|||50|,,,,,Flying\n|j| bloodcurseuk\n|inactive|Battle timer is ON: inactive players will automatically lose when time's up. (requested by Flarefox_7)\n|j| InfiRed\n|\n|t:|1700805004\n|start\n|switch|p1a: Rillaboom|Rillaboom, L50, M|100\/100\n|switch|p1b: Ogerpon|Ogerpon-Hearthflame, L50, F|100\/100\n|switch|p2a: Urshifu|Urshifu, L50, F|100\/100\n|switch|p2b: Arcanine|Arcanine-Hisui, L50, F|100\/100\n|-ability|p2b: Arcanine|Intimidate|boost\n|-unboost|p1a: Rillaboom|atk|1\n|-unboost|p1b: Ogerpon|atk|1\n|-ability|p1b: Ogerpon|Mold Breaker\n|-fieldstart|move: Grassy Terrain|[from] ability: Grassy Surge|[of] p1a: Rillaboom\n|turn|1\n|\n|t:|1700805023\n|switch|p2a: Landorus|Landorus-Therian, L50, M|100\/100\n|-ability|p2a: Landorus|Intimidate|boost\n|-unboost|p1a: Rillaboom|atk|1\n|-unboost|p1b: Ogerpon|atk|1\n|move|p2b: Arcanine|Protect|p2b: Arcanine\n|-singleturn|p2b: Arcanine|Protect\n|move|p1a: Rillaboom|Fake Out|p2b: Arcanine\n|-activate|p2b: Arcanine|move: Protect\n|move|p1b: Ogerpon|Ivy Cudgel|p2a: Landorus|[anim] Ivy Cudgel Fire\n|-damage|p2a: Landorus|73\/100\n|\n|upkeep\n|turn|2\n|\n|t:|1700805047\n|-terastallize|p1b: Ogerpon|Fire\n|detailschange|p1b: Ogerpon|Ogerpon-Hearthflame-Tera, L50, F, tera:Fire\n|-ability|p1b: Ogerpon|Embody Aspect (Hearthflame)|boost\n|-boost|p1b: Ogerpon|atk|1\n|move|p1a: Rillaboom|Grassy Glide|p2a: Landorus\n|-damage|p2a: Landorus|55\/100\n|move|p2b: Arcanine|Flare Blitz|p1a: Rillaboom\n|-supereffective|p1a: Rillaboom\n|-damage|p1a: Rillaboom|0 fnt\n|faint|p1a: Rillaboom\n|-damage|p2b: Arcanine|66\/100|[from] Recoil\n|-damage|p2b: Arcanine|56\/100|[from] item: Life Orb\n|move|p1b: Ogerpon|Ivy Cudgel|p2a: Landorus|[anim] Ivy Cudgel Fire\n|-damage|p2a: Landorus|0 fnt\n|faint|p2a: Landorus\n|\n|-heal|p2b: Arcanine|62\/100|[from] Grassy Terrain\n|upkeep\n|\n|t:|1700805064\n|switch|p2a: Urshifu|Urshifu, L50, F|100\/100\n|switch|p1a: Tornadus|Tornadus, L50, M|100\/100\n|turn|3\n|\n|t:|1700805076\n|switch|p1b: Urshifu|Urshifu-Rapid-Strike, L50, F|100\/100\n|move|p1a: Tornadus|Tailwind|p1a: Tornadus\n|-sidestart|p1: Flarefox_7|move: Tailwind\n|move|p2b: Arcanine|Rock Slide|p1b: Urshifu|[spread] p1b\n|-miss|p2b: Arcanine|p1a: Tornadus\n|-resisted|p1b: Urshifu\n|-damage|p1b: Urshifu|86\/100\n|-damage|p2b: Arcanine|52\/100|[from] item: Life Orb\n|move|p2a: Urshifu|Wicked Blow|p1b: Urshifu\n|-resisted|p1b: Urshifu\n|-crit|p1b: Urshifu\n|-damage|p1b: Urshifu|49\/100\n|\n|-heal|p1b: Urshifu|55\/100|[from] Grassy Terrain\n|-heal|p2b: Arcanine|58\/100|[from] Grassy Terrain\n|upkeep\n|turn|4\n|inactive|viper pit has 30 seconds left.\n|inactive|viper pit has 20 seconds left.\n|inactive|viper pit has 15 seconds left.\n|\n|t:|1700805117\n|-terastallize|p2a: Urshifu|Poison\n|move|p2b: Arcanine|Extreme Speed|p1b: Urshifu\n|-damage|p1b: Urshifu|23\/100\n|-damage|p2b: Arcanine|49\/100|[from] item: Life Orb\n|move|p2a: Urshifu|Sucker Punch|p1b: Urshifu\n|-resisted|p1b: Urshifu\n|-damage|p1b: Urshifu|3\/100\n|move|p1b: Urshifu|Surging Strikes|p2b: Arcanine\n|-supereffective|p2b: Arcanine\n|-crit|p2b: Arcanine\n|-damage|p2b: Arcanine|0 fnt\n|faint|p2b: Arcanine\n|-hitcount|p2: Arcanine|1\n|move|p1a: Tornadus|Bleakwind Storm|p2a: Urshifu\n|-damage|p2a: Urshifu|35\/100\n|\n|-heal|p1b: Urshifu|9\/100|[from] Grassy Terrain\n|-heal|p2a: Urshifu|40\/100|[from] Grassy Terrain\n|upkeep\n|\n|t:|1700805120\n|switch|p2b: Amoonguss|Amoonguss, L50, M|100\/100\n|turn|5\n|\n|t:|1700805136\n|move|p1b: Urshifu|Detect|p1b: Urshifu\n|-singleturn|p1b: Urshifu|Protect\n|move|p2b: Amoonguss|Rage Powder|p2b: Amoonguss\n|-singleturn|p2b: Amoonguss|move: Rage Powder\n|move|p1a: Tornadus|Bleakwind Storm|p2b: Amoonguss|[spread] p2a,p2b\n|-supereffective|p2b: Amoonguss\n|-damage|p2a: Urshifu|0 fnt\n|-damage|p2b: Amoonguss|43\/100\n|faint|p2a: Urshifu\n|\n|-heal|p1b: Urshifu|15\/100|[from] Grassy Terrain\n|-heal|p2b: Amoonguss|48\/100|[from] Grassy Terrain\n|-fieldend|move: Grassy Terrain\n|upkeep\n|turn|6\n|c|\u2606viper pit|gg\n|-message|viper pit forfeited.\n|\n|win|Flarefox_7\n|n|\u2606Flarefox_7|flarefox7\n|n|\u2606viper pit|viperpit\n|n| KnighLt|knighlt\n|n| johnjunior12|johnjunior12\n|n| Radio Free C-Side|radiofreecside\n|n| bloodcurseuk|bloodcurseuk\n|n| InfiRed|infired\n","uploadtime":1700805151,"views":11,"p1id":"flarefox7","p2id":"viperpit","formatid":"gen9vgc2023regulatione","rating":0,"private":0,"password":""}