{"id":"gen9vgc2023regulatione-2000623563","p1":"FDR1776","p2":"K_Mal_ayne","format":"[Gen 9] VGC 2023 Regulation E","log":"|j|\u2606FDR1776\n|j|\u2606K_Mal_ayne\n|t:|1701211630\n|gametype|doubles\n|player|p1|FDR1776|mars|1073\n|player|p2|K_Mal_ayne|swimmer-gen4dp|1092\n|teamsize|p1|6\n|teamsize|p2|6\n|gen|9\n|tier|[Gen 9] VGC 2023 Regulation E\n|rated|\n|rule|Species Clause: Limit one of each Pok\u00e9mon\n|rule|Item Clause: Limit one of each item\n|clearpoke\n|poke|p1|Arcanine-Hisui, L50, M|\n|poke|p1|Iron Hands, L50|\n|poke|p1|Flutter Mane, L50|\n|poke|p1|Tornadus, L50, M|\n|poke|p1|Sinistcha-Masterpiece, L50|\n|poke|p1|Chi-Yu, L50|\n|poke|p2|Sableye, L50, F|\n|poke|p2|Hydreigon, L50, F|\n|poke|p2|Ninetales-Alola, L50, M|\n|poke|p2|Ursaluna-Bloodmoon, L50, M|\n|poke|p2|Kommo-o, L50, F|\n|poke|p2|Sinistcha-Masterpiece, L50|\n|teampreview|4\n|\n|t:|1701211663\n|start\n|switch|p1a: Arcanine|Arcanine-Hisui, L50, M, shiny|100\/100\n|switch|p1b: Tornadus|Tornadus, L50, M|100\/100\n|switch|p2a: Sableye|Sableye, L50, F, shiny|100\/100\n|switch|p2b: Hydreigon|Hydreigon, L50, F|100\/100\n|-ability|p1a: Arcanine|Intimidate|boost\n|-unboost|p2a: Sableye|atk|1\n|-unboost|p2b: Hydreigon|atk|1\n|turn|1\n|\n|t:|1701211678\n|-terastallize|p1a: Arcanine|Fairy\n|move|p2a: Sableye|Fake Out|p1a: Arcanine\n|-damage|p1a: Arcanine|93\/100\n|move|p1b: Tornadus|Tailwind|p1b: Tornadus\n|-sidestart|p1: FDR1776|move: Tailwind\n|cant|p1a: Arcanine|flinch\n|move|p2b: Hydreigon|Tailwind|p2b: Hydreigon\n|-sidestart|p2: K_Mal_ayne|move: Tailwind\n|\n|upkeep\n|turn|2\n|\n|t:|1701211701\n|switch|p1b: Iron Hands|Iron Hands, L50|100\/100\n|move|p2a: Sableye|Will-O-Wisp|p1a: Arcanine|[miss]\n|-miss|p2a: Sableye|p1a: Arcanine\n|move|p1a: Arcanine|Tera Blast|p2b: Hydreigon|[anim] Tera Blast Fairy\n|-supereffective|p2b: Hydreigon\n|-damage|p2b: Hydreigon|0 fnt\n|faint|p2b: Hydreigon\n|\n|upkeep\n|\n|t:|1701211711\n|switch|p2b: Kommo-o|Kommo-o, L50, F|100\/100\n|turn|3\n|\n|t:|1701211726\n|-terastallize|p2b: Kommo-o|Steel\n|move|p1b: Iron Hands|Fake Out|p2b: Kommo-o\n|-resisted|p2b: Kommo-o\n|-damage|p2b: Kommo-o|95\/100\n|move|p2a: Sableye|Will-O-Wisp|p1b: Iron Hands\n|-status|p1b: Iron Hands|brn\n|move|p1a: Arcanine|Tera Blast|p2a: Sableye|[anim] Tera Blast Fairy\n|-supereffective|p2a: Sableye\n|-enditem|p2a: Sableye|Focus Sash\n|-damage|p2a: Sableye|1\/100\n|cant|p2b: Kommo-o|flinch\n|\n|-damage|p1b: Iron Hands|95\/100 brn|[from] brn\n|upkeep\n|turn|4\n|\n|t:|1701211766\n|switch|p1a: Tornadus|Tornadus, L50, M|100\/100\n|move|p2a: Sableye|Encore|p1b: Iron Hands\n|-start|p1b: Iron Hands|Encore\n|move|p2b: Kommo-o|Clangorous Soul|p2b: Kommo-o\n|-boost|p2b: Kommo-o|atk|1\n|-boost|p2b: Kommo-o|def|1\n|-boost|p2b: Kommo-o|spa|1\n|-boost|p2b: Kommo-o|spd|1\n|-boost|p2b: Kommo-o|spe|1\n|-damage|p2b: Kommo-o|62\/100\n|-enditem|p2b: Kommo-o|Throat Spray\n|-boost|p2b: Kommo-o|spa|1|[from] item: Throat Spray\n|move|p1b: Iron Hands|Fake Out||[still]\n|-hint|Fake Out only works on your first turn out.\n|-fail|p1b: Iron Hands\n|\n|-damage|p1b: Iron Hands|89\/100 brn|[from] brn\n|-sideend|p2: K_Mal_ayne|move: Tailwind\n|-sideend|p1: FDR1776|move: Tailwind\n|upkeep\n|turn|5\n|\n|t:|1701211788\n|switch|p2a: Sinistcha|Sinistcha-Masterpiece, L50|100\/100\n|-heal|p2b: Kommo-o|87\/100|[from] ability: Hospitality|[of] p2a: Sinistcha\n|-end|p1b: Iron Hands|Quark Drive|[silent]\n|switch|p1b: Arcanine|Arcanine-Hisui, L50, M, shiny, tera:Fairy|93\/100\n|-ability|p1b: Arcanine|Intimidate|boost\n|-unboost|p2a: Sinistcha|atk|1\n|-unboost|p2b: Kommo-o|atk|1\n|move|p1a: Tornadus|Tailwind|p1a: Tornadus\n|-sidestart|p1: FDR1776|move: Tailwind\n|move|p2b: Kommo-o|Clanging Scales|p1a: Tornadus|[spread] p1a\n|-immune|p1b: Arcanine\n|-damage|p1a: Tornadus|37\/100\n|-unboost|p2b: Kommo-o|def|1\n|\n|upkeep\n|turn|6\n|\n|t:|1701211811\n|switch|p1a: Iron Hands|Iron Hands, L50|89\/100 brn\n|move|p2a: Sinistcha|Rage Powder|p2a: Sinistcha\n|-singleturn|p2a: Sinistcha|move: Rage Powder\n|move|p1b: Arcanine|Flare Blitz|p2a: Sinistcha\n|-supereffective|p2a: Sinistcha\n|-damage|p2a: Sinistcha|0 fnt\n|faint|p2a: Sinistcha\n|-damage|p1b: Arcanine|59\/100|[from] Recoil\n|move|p2b: Kommo-o|Flash Cannon|p1b: Arcanine\n|-supereffective|p1b: Arcanine\n|-damage|p1b: Arcanine|0 fnt\n|faint|p1b: Arcanine\n|\n|-damage|p1a: Iron Hands|83\/100 brn|[from] brn\n|upkeep\n|\n|t:|1701211829\n|switch|p1b: Tornadus|Tornadus, L50, M|37\/100\n|switch|p2a: Sableye|Sableye, L50, F, shiny|1\/100\n|turn|7\n|\n|t:|1701211846\n|move|p1a: Iron Hands|Fake Out|p2b: Kommo-o\n|-resisted|p2b: Kommo-o\n|-damage|p2b: Kommo-o|84\/100\n|move|p2a: Sableye|Fake Out|p1a: Iron Hands\n|-damage|p1a: Iron Hands|78\/100 brn\n|move|p1b: Tornadus|Bleakwind Storm|p2a: Sableye|[spread] p2a,p2b\n|-resisted|p2b: Kommo-o\n|-damage|p2a: Sableye|0 fnt\n|-damage|p2b: Kommo-o|72\/100\n|-unboost|p2b: Kommo-o|spe|1\n|faint|p2a: Sableye\n|cant|p2b: Kommo-o|flinch\n|\n|-damage|p1a: Iron Hands|72\/100 brn|[from] brn\n|upkeep\n|turn|8\n|\n|t:|1701211870\n|move|p1b: Tornadus|Protect|p1b: Tornadus\n|-singleturn|p1b: Tornadus|Protect\n|move|p1a: Iron Hands|Drain Punch|p2b: Kommo-o\n|-supereffective|p2b: Kommo-o\n|-damage|p2b: Kommo-o|37\/100\n|-heal|p1a: Iron Hands|84\/100 brn|[from] drain|[of] p2b: Kommo-o\n|move|p2b: Kommo-o|Clanging Scales|p1a: Iron Hands|[spread] p1a\n|-activate|p1b: Tornadus|move: Protect\n|-damage|p1a: Iron Hands|47\/100 brn\n|-unboost|p2b: Kommo-o|def|1\n|\n|-damage|p1a: Iron Hands|41\/100 brn|[from] brn\n|-sideend|p1: FDR1776|move: Tailwind\n|upkeep\n|turn|9\n|\n|t:|1701211885\n|move|p1b: Tornadus|Tailwind|p1b: Tornadus\n|-sidestart|p1: FDR1776|move: Tailwind\n|move|p1a: Iron Hands|Drain Punch|p2b: Kommo-o\n|-supereffective|p2b: Kommo-o\n|-damage|p2b: Kommo-o|0 fnt\n|-heal|p1a: Iron Hands|53\/100 brn|[from] drain|[of] p2b: Kommo-o\n|faint|p2b: Kommo-o\n|\n|win|FDR1776\n|raw|FDR1776's rating: 1073 &rarr; <strong>1104<\/strong><br \/>(+31 for winning)\n|raw|K_Mal_ayne's rating: 1092 &rarr; <strong>1067<\/strong><br \/>(-25 for losing)\n|l|\u2606K_Mal_ayne\n|c|\u2606FDR1776|gg\n","uploadtime":1701211901,"views":1,"p1id":"fdr1776","p2id":"kmalayne","formatid":"gen9vgc2023regulatione","rating":1067,"private":0,"password":""}