{"id":"gen9vgc2023regulatione-1987887524","p1":"zue3us","p2":"newdun","format":"[Gen 9] VGC 2023 Regulation E","log":"|j|\u2606zue3us\n|j|\u2606newdun\n|t:|1699646062\n|gametype|doubles\n|player|p1|zue3us|cynthia|\n|player|p2|newdun|1|\n|teamsize|p1|6\n|teamsize|p2|6\n|gen|9\n|tier|[Gen 9] VGC 2023 Regulation E\n|rule|Species Clause: Limit one of each Pok\u00e9mon\n|rule|Item Clause: Limit one of each item\n|clearpoke\n|poke|p1|Shiftry, L50, M|\n|poke|p1|Ogerpon-Hearthflame, L50, F|\n|poke|p1|Gholdengo, L50|\n|poke|p1|Flutter Mane, L50|\n|poke|p1|Iron Hands, L50|\n|poke|p1|Illumise, L50, F|\n|poke|p2|Grimmsnarl, L50, M|\n|poke|p2|Okidogi, L50, M|\n|poke|p2|Urshifu-*, L50, F|\n|poke|p2|Ogerpon-Hearthflame, L50, F|\n|poke|p2|Arcanine-Hisui, L50, M|\n|poke|p2|Iron Bundle, L50|\n|teampreview|4\nnewdun has agreed to open team sheets.\nzue3us has agreed to open team sheets.\n|showteam|p1|Shiftry||FocusSash|WindRider|KnockOff,FakeOut,LeafBlade,Explosion|||M|||50|,,,,,Normal]Ogerpon-Hearthflame||HearthflameMask|MoldBreaker|IvyCudgel,WoodHammer,BrickBreak,SpikyShield|||F|||50|,,,,,Fire]Gholdengo||SitrusBerry|GoodasGold|MakeItRain,NastyPlot,Protect,ShadowBall||||||50|,,,,,Steel]Flutter Mane||ChoiceSpecs|Protosynthesis|DazzlingGleam,Moonblast,ShadowBall,Thunderbolt||||||50|,,,,,Fairy]Iron Hands||AssaultVest|QuarkDrive|FakeOut,DrainPunch,WildCharge,HeavySlam||||||50|,,,,,Water]Illumise||CovertCloak|Prankster|ThunderWave,Tailwind,SunnyDay,Uturn|||F|||50|,,,,,Bug\n|showteam|p2|Grimmsnarl||LightClay|Prankster|SpiritBreak,LightScreen,Reflect,PartingShot|||M|||50|,,,,,Ghost]Okidogi||Leftovers|GuardDog|Protect,DrainPunch,KnockOff,BulkUp|||M|||50|,,,,,Flying]Urshifu-Rapid-Strike||ChoiceScarf|UnseenFist|SurgingStrikes,CloseCombat,AquaJet,Uturn|||F|||50|,,,,,Water]Ogerpon-Hearthflame||HearthflameMask|MoldBreaker|SpikyShield,IvyCudgel,HornLeech,StompingTantrum|||F|||50|,,,,,Fire]Arcanine-Hisui||AssaultVest|Intimidate|ExtremeSpeed,RockSlide,FlareBlitz,TeraBlast|||M|||50|,,,,,Fairy]Iron Bundle||BoosterEnergy|QuarkDrive|TeraBlast,FreezeDry,IcyWind,Protect||||||50|,,,,,Ghost\n|\n|t:|1699646138\n|start\n|switch|p1a: Illumise|Illumise, L50, F|100\/100\n|switch|p1b: Flutter Mane|Flutter Mane, L50|100\/100\n|switch|p2a: Iron Bundle|Iron Bundle, L50|100\/100\n|switch|p2b: Arcanine|Arcanine-Hisui, L50, M, shiny|100\/100\n|-ability|p2b: Arcanine|Intimidate|boost\n|-unboost|p1a: Illumise|atk|1\n|-unboost|p1b: Flutter Mane|atk|1\n|-enditem|p2a: Iron Bundle|Booster Energy\n|-activate|p2a: Iron Bundle|ability: Quark Drive|[fromitem]\n|-start|p2a: Iron Bundle|quarkdrivespe\n|turn|1\n|\n|t:|1699646188\n|move|p1a: Illumise|Tailwind|p1a: Illumise\n|-sidestart|p1: zue3us|move: Tailwind\n|move|p1b: Flutter Mane|Dazzling Gleam|p2b: Arcanine|[spread] p2a,p2b\n|-resisted|p2b: Arcanine\n|-damage|p2a: Iron Bundle|11\/100\n|-damage|p2b: Arcanine|83\/100\n|move|p2a: Iron Bundle|Freeze-Dry|p1b: Flutter Mane\n|-damage|p1b: Flutter Mane|63\/100\n|move|p2b: Arcanine|Rock Slide|p1b: Flutter Mane|[spread] p1a,p1b\n|-supereffective|p1a: Illumise\n|-damage|p1a: Illumise|31\/100\n|-damage|p1b: Flutter Mane|0 fnt\n|faint|p1b: Flutter Mane\n|-end|p1b: Flutter Mane|Protosynthesis|[silent]\n|\n|upkeep\n|\n|t:|1699646202\n|switch|p1b: Ogerpon|Ogerpon-Hearthflame, L50, F|100\/100\n|-ability|p1b: Ogerpon|Mold Breaker\n|turn|2\n|\n|t:|1699646218\n|-terastallize|p2b: Arcanine|Fairy\n|move|p2a: Iron Bundle|Protect|p2a: Iron Bundle\n|-singleturn|p2a: Iron Bundle|Protect\n|move|p1b: Ogerpon|Brick Break|p2b: Arcanine\n|-resisted|p2b: Arcanine\n|-damage|p2b: Arcanine|65\/100\n|move|p1a: Illumise|U-turn|p2a: Iron Bundle\n|-activate|p2a: Iron Bundle|move: Protect\n|move|p2b: Arcanine|Rock Slide|p1b: Ogerpon|[spread] p1a,p1b\n|-supereffective|p1a: Illumise\n|-supereffective|p1b: Ogerpon\n|-damage|p1a: Illumise|0 fnt\n|-damage|p1b: Ogerpon|18\/100\n|faint|p1a: Illumise\n|\n|upkeep\n|\n|t:|1699646231\n|switch|p1a: Iron Hands|Iron Hands, L50|100\/100\n|turn|3\n|\n|t:|1699646269\n|-end|p2a: Iron Bundle|Quark Drive|[silent]\n|switch|p2a: Okidogi|Okidogi, L50, M|100\/100\n|move|p1a: Iron Hands|Fake Out|p2a: Okidogi\n|-damage|p2a: Okidogi|87\/100\n|move|p2b: Arcanine|Extreme Speed|p1a: Iron Hands\n|-damage|p1a: Iron Hands|82\/100\n|move|p1b: Ogerpon|Ivy Cudgel|p2b: Arcanine\n|-damage|p2b: Arcanine|0 fnt\n|faint|p2b: Arcanine\n|\n|-heal|p2a: Okidogi|94\/100|[from] item: Leftovers\n|upkeep\n|\n|t:|1699646281\n|switch|p2b: Iron Bundle|Iron Bundle, L50|11\/100\n|turn|4\n|\n|t:|1699646291\n|move|p1b: Ogerpon|Spiky Shield|p1b: Ogerpon\n|-singleturn|p1b: Ogerpon|move: Protect\n|move|p2b: Iron Bundle|Protect|p2b: Iron Bundle\n|-singleturn|p2b: Iron Bundle|Protect\n|move|p1a: Iron Hands|Wild Charge|p2a: Okidogi\n|-damage|p2a: Okidogi|50\/100\n|-damage|p1a: Iron Hands|73\/100|[from] Recoil\n|move|p2a: Okidogi|Bulk Up|p2a: Okidogi\n|-boost|p2a: Okidogi|atk|1\n|-boost|p2a: Okidogi|def|1\n|\n|-heal|p2a: Okidogi|56\/100|[from] item: Leftovers\n|-sideend|p1: zue3us|move: Tailwind\n|upkeep\n|turn|5\n|\n|t:|1699646315\n|-terastallize|p1a: Iron Hands|Water\n|move|p2b: Iron Bundle|Icy Wind|p1b: Ogerpon|[spread] p1a,p1b\n|-resisted|p1a: Iron Hands\n|-damage|p1a: Iron Hands|67\/100\n|-damage|p1b: Ogerpon|0 fnt\n|-unboost|p1a: Iron Hands|spe|1\n|faint|p1b: Ogerpon\n|move|p2a: Okidogi|Drain Punch|p1a: Iron Hands\n|-damage|p1a: Iron Hands|30\/100\n|-heal|p2a: Okidogi|79\/100|[from] drain|[of] p1a: Iron Hands\n|move|p1a: Iron Hands|Drain Punch|p2b: Iron Bundle\n|-supereffective|p2b: Iron Bundle\n|-damage|p2b: Iron Bundle|0 fnt\n|-heal|p1a: Iron Hands|33\/100|[from] drain|[of] p2b: Iron Bundle\n|faint|p2b: Iron Bundle\n|-end|p2b: Iron Bundle|Quark Drive|[silent]\n|\n|-heal|p2a: Okidogi|85\/100|[from] item: Leftovers\n|upkeep\n|\n|t:|1699646327\n|switch|p2b: Urshifu|Urshifu-Rapid-Strike, L50, F|100\/100\n|turn|6\n|\n|t:|1699646336\n|move|p2b: Urshifu|Close Combat|p1a: Iron Hands\n|-damage|p1a: Iron Hands|0 fnt\n|-unboost|p2b: Urshifu|def|1\n|-unboost|p2b: Urshifu|spd|1\n|faint|p1a: Iron Hands\n|-end|p1a: Iron Hands|Quark Drive|[silent]\n|\n|win|newdun\n|c|\u2606zue3us|GG\n|c|\u2606zue3us|well played\n|l|\u2606zue3us\n","uploadtime":1699646439,"views":14,"p1id":"zue3us","p2id":"newdun","formatid":"gen9vgc2023regulatione","rating":0,"private":0,"password":""}