{"id":"gen9vgc2023regulatione-1993981301","p1":"Y4kle","p2":"TreeHuger3","format":"[Gen 9] VGC 2023 Regulation E","log":"|j|\u2606Y4kle\n|j|\u2606TreeHuger3\n|t:|1700387560\n|gametype|doubles\n|player|p1|Y4kle|bugcatcher-gen4dp|1390\n|player|p2|TreeHuger3|266|1450\n|teamsize|p1|6\n|teamsize|p2|6\n|gen|9\n|tier|[Gen 9] VGC 2023 Regulation E\n|rated|\n|rule|Species Clause: Limit one of each Pok\u00e9mon\n|rule|Item Clause: Limit one of each item\n|clearpoke\n|poke|p1|Tinkaton, L50, F|\n|poke|p1|Moltres, L50|\n|poke|p1|Landorus, L50, M|\n|poke|p1|Ogerpon, L50, F|\n|poke|p1|Politoed, L50, M|\n|poke|p1|Flutter Mane, L50|\n|poke|p2|Dondozo, L50, M|\n|poke|p2|Tatsugiri, L50, M|\n|poke|p2|Kingambit, L50, F|\n|poke|p2|Weezing, L50, M|\n|poke|p2|Oranguru, L50, F|\n|poke|p2|Ursaluna-Bloodmoon, L50, M|\n|teampreview|4\n|inactive|Battle timer is ON: inactive players will automatically lose when time's up. (requested by TreeHuger3)\n|inactive|Y4kle has 60 seconds left.\n|\n|t:|1700387613\n|start\n|switch|p1a: Flutter Mane|Flutter Mane, L50|100\/100\n|switch|p1b: Tinkaton|Tinkaton, L50, F|100\/100\n|switch|p2a: Oranguru|Oranguru, L50, F|100\/100\n|switch|p2b: Ursaluna|Ursaluna-Bloodmoon, L50, M|100\/100\n|-ability|p1b: Tinkaton|Mold Breaker\n|-enditem|p1a: Flutter Mane|Booster Energy\n|-activate|p1a: Flutter Mane|ability: Protosynthesis|[fromitem]\n|-start|p1a: Flutter Mane|protosynthesisspe\n|turn|1\n|\n|t:|1700387638\n|move|p1b: Tinkaton|Fake Out|p2b: Ursaluna\n|-damage|p2b: Ursaluna|94\/100\n|move|p1a: Flutter Mane|Imprison|p1a: Flutter Mane\n|-start|p1a: Flutter Mane|move: Imprison\n|cant|p2b: Ursaluna|flinch\n|cant|p2a: Oranguru|move: Imprison|Trick Room\n|\n|upkeep\n|turn|2\n|inactive|Y4kle has 30 seconds left.\n|\n|t:|1700387669\n|-terastallize|p1a: Flutter Mane|Fairy\n|move|p1a: Flutter Mane|Dazzling Gleam|p2a: Oranguru|[spread] p2a,p2b\n|-damage|p2a: Oranguru|70\/100\n|-damage|p2b: Ursaluna|51\/100\n|move|p1b: Tinkaton|Knock Off|p2b: Ursaluna\n|-damage|p2b: Ursaluna|36\/100\n|-enditem|p2b: Ursaluna|Throat Spray|[from] move: Knock Off|[of] p1b: Tinkaton\n|move|p2a: Oranguru|Chilling Water|p1b: Tinkaton\n|-damage|p1b: Tinkaton|90\/100\n|-unboost|p1b: Tinkaton|atk|1\n|move|p2b: Ursaluna|Blood Moon|p1a: Flutter Mane\n|-damage|p1a: Flutter Mane|32\/100\n|\n|upkeep\n|turn|3\n|\n|t:|1700387694\n|move|p1a: Flutter Mane|Dazzling Gleam|p2b: Ursaluna|[spread] p2a,p2b\n|-damage|p2a: Oranguru|41\/100\n|-damage|p2b: Ursaluna|0 fnt\n|faint|p2b: Ursaluna\n|move|p1b: Tinkaton|Knock Off|p2a: Oranguru\n|-supereffective|p2a: Oranguru\n|-damage|p2a: Oranguru|18\/100\n|-enditem|p2a: Oranguru|Mental Herb|[from] move: Knock Off|[of] p1b: Tinkaton\n|move|p2a: Oranguru|Chilling Water|p1b: Tinkaton\n|-damage|p1b: Tinkaton|80\/100\n|-unboost|p1b: Tinkaton|atk|1\n|\n|upkeep\n|\n|t:|1700387706\n|switch|p2b: Dondozo|Dondozo, L50, M|100\/100\n|turn|4\n|\n|t:|1700387714\n|switch|p2a: Tatsugiri|Tatsugiri, L50, M|100\/100\n|-activate|p2a: Tatsugiri|ability: Commander|[of] p2b: Dondozo\n|-boost|p2b: Dondozo|atk|2\n|-boost|p2b: Dondozo|spa|2\n|-boost|p2b: Dondozo|spe|2\n|-boost|p2b: Dondozo|def|2\n|-boost|p2b: Dondozo|spd|2\n|move|p1a: Flutter Mane|Dazzling Gleam|p2a: Tatsugiri|[spread] p2b\n|-miss|p1a: Flutter Mane|p2a: Tatsugiri\n|-damage|p2b: Dondozo|83\/100\n|move|p1b: Tinkaton|Knock Off|p2b: Dondozo\n|-damage|p2b: Dondozo|79\/100\n|-enditem|p2b: Dondozo|Leftovers|[from] move: Knock Off|[of] p1b: Tinkaton\n|move|p2b: Dondozo|Earthquake|p1b: Tinkaton|[spread] p1a,p1b\n|-miss|p2b: Dondozo|p2a: Tatsugiri\n|-supereffective|p1b: Tinkaton\n|-damage|p1a: Flutter Mane|0 fnt\n|-damage|p1b: Tinkaton|0 fnt\n|faint|p1a: Flutter Mane\n|-end|p1a: Flutter Mane|Protosynthesis|[silent]\n|faint|p1b: Tinkaton\n|\n|upkeep\n|\n|t:|1700387734\n|switch|p1a: Politoed|Politoed, L50, M|100\/100\n|switch|p1b: Landorus|Landorus, L50, M|100\/100\n|-weather|RainDance|[from] ability: Drizzle|[of] p1a: Politoed\n|turn|5\n|c|\u2606TreeHuger3|Nice team btw\n|c|\u2606Y4kle|oh thank you!\n|l|\u2606TreeHuger3\n|inactive|TreeHuger3 disconnected and has a minute to reconnect!\n|player|p2|\n|inactive|TreeHuger3 has 30 seconds left.\n|inactive|TreeHuger3 has 20 seconds left.\n|inactive|TreeHuger3 has 15 seconds left.\n|inactive|TreeHuger3 has 10 seconds left.\n|j|\u2606TreeHuger3\n|inactive|TreeHuger3 reconnected and has 10 seconds left.\n|player|p2|TreeHuger3|266\n|inactive|TreeHuger3 has 5 seconds left.\n|\n|t:|1700387788\n|move|p1b: Landorus|Protect|p1b: Landorus\n|-singleturn|p1b: Landorus|Protect\n|move|p2b: Dondozo|Protect|p2b: Dondozo\n|-singleturn|p2b: Dondozo|Protect\n|move|p1a: Politoed|Haze|p1a: Politoed\n|-clearallboost\n|\n|-weather|RainDance|[upkeep]\n|upkeep\n|turn|6\n|\n|t:|1700387811\n|move|p1b: Landorus|Psychic|p2b: Dondozo\n|-damage|p2b: Dondozo|31\/100\n|move|p1a: Politoed|Encore|p2b: Dondozo\n|-start|p2b: Dondozo|Encore\n|move|p2b: Dondozo|Protect||[still]\n|-fail|p2b: Dondozo\n|\n|-weather|RainDance|[upkeep]\n|upkeep\n|turn|7\n|c|\u2606TreeHuger3|I love that it is preety off meta\n|inactive|Y4kle has 30 seconds left.\n|\n|t:|1700387836\n|move|p2b: Dondozo|Protect|p2b: Dondozo\n|-singleturn|p2b: Dondozo|Protect\n|move|p1b: Landorus|Sandsear Storm|p2a: Tatsugiri|[spread] \n|-miss|p1b: Landorus|p2a: Tatsugiri\n|-activate|p2b: Dondozo|move: Protect\n|move|p1a: Politoed|Earth Power|p2b: Dondozo\n|-activate|p2b: Dondozo|move: Protect\n|\n|-weather|RainDance|[upkeep]\n|upkeep\n|turn|8\n|\n|t:|1700387860\n|move|p2b: Dondozo|Protect||[still]\n|-fail|p2b: Dondozo\n|move|p1b: Landorus|Sandsear Storm|p2a: Tatsugiri|[spread] p2b\n|-miss|p1b: Landorus|p2a: Tatsugiri\n|-damage|p2b: Dondozo|0 fnt\n|faint|p2b: Dondozo\n|move|p1a: Politoed|Earth Power|p2a: Tatsugiri\n|-damage|p2a: Tatsugiri|81\/100\n|\n|-weather|RainDance|[upkeep]\n|upkeep\n|\n|t:|1700387869\n|switch|p2b: Oranguru|Oranguru, L50, F|18\/100\n|turn|9\n|c|\u2606Y4kle|thanks! It's still a work in progress though but I like that it has a bunch of surprises in its sleeve\n|inactive|Y4kle has 30 seconds left.\n|inactive|TreeHuger3 has 30 seconds left.\n|\n|t:|1700387900\n|move|p1b: Landorus|Protect|p1b: Landorus\n|-singleturn|p1b: Landorus|Protect\n|move|p1a: Politoed|Weather Ball|p2b: Oranguru\n|-damage|p2b: Oranguru|0 fnt\n|faint|p2b: Oranguru\n|move|p2a: Tatsugiri|Mirror Coat||[still]\n|-fail|p2a: Tatsugiri\n|\n|-weather|none\n|upkeep\n|turn|10\n|\n|t:|1700387922\n|move|p1b: Landorus|Psychic|p2a: Tatsugiri\n|-damage|p2a: Tatsugiri|29\/100\n|move|p1a: Politoed|Earth Power|p2a: Tatsugiri\n|-damage|p2a: Tatsugiri|8\/100\n|move|p2a: Tatsugiri|Mirror Coat|p1a: Politoed\n|-damage|p1a: Politoed|64\/100\n|\n|upkeep\n|turn|11\n|\n|t:|1700387933\n|-terastallize|p2a: Tatsugiri|Dragon\n|move|p1b: Landorus|Psychic|p2a: Tatsugiri\n|-damage|p2a: Tatsugiri|0 fnt\n|faint|p2a: Tatsugiri\n|\n|win|Y4kle\n|raw|Y4kle's rating: 1390 &rarr; <strong>1413<\/strong><br \/>(+23 for winning)\n|raw|TreeHuger3's rating: 1450 &rarr; <strong>1427<\/strong><br \/>(-23 for losing)\n","uploadtime":1700387941,"views":8,"p1id":"y4kle","p2id":"treehuger3","formatid":"gen9vgc2023regulatione","rating":1413,"private":0,"password":""}