{"id":"gen9vgc2023regulatione-1992488921","p1":"Abro hilo","p2":"yokai19","format":"[Gen 9] VGC 2023 Regulation E","log":"|j|\u2606Abro hilo\n|j|\u2606yokai19\n|t:|1700193994\n|gametype|doubles\n|player|p1|Abro hilo|pilot|1319\n|player|p2|yokai19|265|1371\n|teamsize|p1|6\n|teamsize|p2|6\n|gen|9\n|tier|[Gen 9] VGC 2023 Regulation E\n|rated|\n|rule|Species Clause: Limit one of each Pok\u00e9mon\n|rule|Item Clause: Limit one of each item\n|clearpoke\n|poke|p1|Empoleon, L50, M|\n|poke|p1|Arcanine-Hisui, L50, M|\n|poke|p1|Landorus-Therian, L50, M|\n|poke|p1|Iron Hands, L50|\n|poke|p1|Flutter Mane, L50|\n|poke|p1|Amoonguss, L50, M|\n|poke|p2|Dusclops, L50, F|\n|poke|p2|Ursaluna-Bloodmoon, L50, M|\n|poke|p2|Ogerpon-Wellspring, L50, F|\n|poke|p2|Heatran, L50, F|\n|poke|p2|Iron Hands, L50|\n|poke|p2|Landorus-Therian, L50, M|\n|teampreview|4\n|\n|t:|1700194042\n|start\n|switch|p1a: Empoleon|Empoleon, L50, M, shiny|100\/100\n|switch|p1b: Flutter Mane|Flutter Mane, L50|100\/100\n|switch|p2a: Heatran|Heatran, L50, F|100\/100\n|switch|p2b: Ogerpon|Ogerpon-Wellspring, L50, F|100\/100\n|turn|1\n|\n|t:|1700194082\n|-end|p1b: Flutter Mane|Protosynthesis|[silent]\n|switch|p1b: Iron Hands|Iron Hands, L50|100\/100\n|-terastallize|p2b: Ogerpon|Water\n|detailschange|p2b: Ogerpon|Ogerpon-Wellspring-Tera, L50, F, tera:Water\n|-ability|p2b: Ogerpon|Embody Aspect (Wellspring)|boost\n|-boost|p2b: Ogerpon|spd|1\n|move|p2a: Heatran|Protect|p2a: Heatran\n|-singleturn|p2a: Heatran|Protect\n|move|p2b: Ogerpon|Ivy Cudgel|p1b: Iron Hands|[anim] Ivy Cudgel Water\n|-crit|p1b: Iron Hands\n|-damage|p1b: Iron Hands|29\/100\n|-enditem|p1b: Iron Hands|Sitrus Berry|[eat]\n|-heal|p1b: Iron Hands|54\/100|[from] item: Sitrus Berry\n|move|p1a: Empoleon|Ice Beam|p2b: Ogerpon\n|-resisted|p2b: Ogerpon\n|-damage|p2b: Ogerpon|92\/100\n|\n|upkeep\n|turn|2\n|\n|t:|1700194129\n|move|p1b: Iron Hands|Fake Out|p2b: Ogerpon\n|-damage|p2b: Ogerpon|76\/100\n|cant|p2b: Ogerpon|flinch\n|move|p2a: Heatran|Earth Power|p1b: Iron Hands\n|-supereffective|p1b: Iron Hands\n|-damage|p1b: Iron Hands|0 fnt\n|faint|p1b: Iron Hands\n|-end|p1b: Iron Hands|Quark Drive|[silent]\n|-damage|p2a: Heatran|91\/100|[from] item: Life Orb\n|move|p1a: Empoleon|Hydro Pump|p2a: Heatran\n|-supereffective|p2a: Heatran\n|-damage|p2a: Heatran|7\/100\n|\n|upkeep\n|\n|t:|1700194160\n|switch|p1b: Flutter Mane|Flutter Mane, L50|100\/100\n|turn|3\n|\n|t:|1700194171\n|-terastallize|p1b: Flutter Mane|Fairy\n|move|p2b: Ogerpon|Spiky Shield|p2b: Ogerpon\n|-singleturn|p2b: Ogerpon|move: Protect\n|move|p1a: Empoleon|Vacuum Wave|p2a: Heatran\n|-supereffective|p2a: Heatran\n|-damage|p2a: Heatran|0 fnt\n|faint|p2a: Heatran\n|move|p1b: Flutter Mane|Moonblast|p2b: Ogerpon\n|-activate|p2b: Ogerpon|move: Protect\n|\n|upkeep\n|\n|t:|1700194182\n|switch|p2a: Dusclops|Dusclops, L50, F|100\/100\n|-ability|p2a: Dusclops|Pressure\n|turn|4\n|\n|t:|1700194199\n|-end|p1b: Flutter Mane|Protosynthesis|[silent]\n|switch|p1b: Amoonguss|Amoonguss, L50, M, shiny|100\/100\n|move|p2b: Ogerpon|Follow Me|p2b: Ogerpon\n|-singleturn|p2b: Ogerpon|move: Follow Me\n|move|p1a: Empoleon|Flash Cannon|p2b: Ogerpon\n|-resisted|p2b: Ogerpon\n|-damage|p2b: Ogerpon|65\/100\n|-unboost|p2b: Ogerpon|spd|1\n|move|p2a: Dusclops|Trick Room|p2a: Dusclops\n|-fieldstart|move: Trick Room|[of] p2a: Dusclops\n|\n|upkeep\n|turn|5\n|\n|t:|1700194242\n|switch|p2b: Ursaluna|Ursaluna-Bloodmoon, L50, M|100\/100\n|move|p2a: Dusclops|Will-O-Wisp|p2b: Ursaluna\n|-status|p2b: Ursaluna|brn\n|move|p1b: Amoonguss|Spore||[still]\n|-fail|p1b: Amoonguss\n|move|p1a: Empoleon|Flash Cannon|p2a: Dusclops\n|-damage|p2a: Dusclops|82\/100\n|\n|-damage|p2b: Ursaluna|94\/100 brn|[from] brn\n|upkeep\n|turn|6\n|inactive|Battle timer is ON: inactive players will automatically lose when time's up. (requested by Abro hilo)\n|\n|t:|1700194289\n|switch|p2a: Ogerpon|Ogerpon-Wellspring-Tera, L50, F, tera:Water|65\/100\n|-ability|p2a: Ogerpon|Embody Aspect (Wellspring)|boost\n|-boost|p2a: Ogerpon|spd|1\n|move|p2b: Ursaluna|Protect|p2b: Ursaluna\n|-singleturn|p2b: Ursaluna|Protect\n|move|p1b: Amoonguss|Rage Powder|p1b: Amoonguss\n|-singleturn|p1b: Amoonguss|move: Rage Powder\n|move|p1a: Empoleon|Hydro Pump|p2b: Ursaluna\n|-activate|p2b: Ursaluna|move: Protect\n|\n|-damage|p2b: Ursaluna|88\/100 brn|[from] brn\n|upkeep\n|turn|7\n|inactive|yokai19 has 30 seconds left.\n|\n|t:|1700194318\n|switch|p1a: Flutter Mane|Flutter Mane, L50, tera:Fairy|100\/100\n|move|p2a: Ogerpon|Spiky Shield|p2a: Ogerpon\n|-singleturn|p2a: Ogerpon|move: Protect\n|move|p1b: Amoonguss|Spore|p2a: Ogerpon\n|-activate|p2a: Ogerpon|move: Protect\n|move|p2b: Ursaluna|Blood Moon|p1b: Amoonguss\n|-damage|p1b: Amoonguss|37\/100\n|\n|-damage|p2b: Ursaluna|82\/100 brn|[from] brn\n|upkeep\n|turn|8\n|inactive|yokai19 has 30 seconds left.\n|\n|t:|1700194353\n|switch|p2a: Dusclops|Dusclops, L50, F|82\/100\n|-ability|p2a: Dusclops|Pressure\n|move|p1a: Flutter Mane|Protect|p1a: Flutter Mane\n|-singleturn|p1a: Flutter Mane|Protect\n|move|p1b: Amoonguss|Spore|p2a: Dusclops\n|-status|p2a: Dusclops|slp|[from] move: Spore\n|move|p2b: Ursaluna|Hyper Voice|p1b: Amoonguss|[spread] p1b\n|-activate|p1a: Flutter Mane|move: Protect\n|-damage|p1b: Amoonguss|4\/100\n|\n|-damage|p2b: Ursaluna|75\/100 brn|[from] brn\n|-fieldend|move: Trick Room\n|upkeep\n|turn|9\n|inactive|yokai19 has 30 seconds left.\n|\n|t:|1700194383\n|switch|p2b: Ogerpon|Ogerpon-Wellspring-Tera, L50, F, tera:Water|65\/100\n|-ability|p2b: Ogerpon|Embody Aspect (Wellspring)|boost\n|-boost|p2b: Ogerpon|spd|1\n|switch|p1b: Empoleon|Empoleon, L50, M, shiny|100\/100\n|move|p1a: Flutter Mane|Moonblast|p2b: Ogerpon\n|-damage|p2b: Ogerpon|9\/100\n|cant|p2a: Dusclops|slp\n|\n|upkeep\n|turn|10\n|\n|t:|1700194400\n|move|p2b: Ogerpon|Follow Me|p2b: Ogerpon\n|-singleturn|p2b: Ogerpon|move: Follow Me\n|move|p1a: Flutter Mane|Dazzling Gleam|p2a: Dusclops|[spread] p2a,p2b\n|-crit|p2b: Ogerpon\n|-damage|p2a: Dusclops|56\/100 slp\n|-damage|p2b: Ogerpon|0 fnt\n|faint|p2b: Ogerpon\n|move|p1b: Empoleon|Hydro Pump|p2a: Dusclops\n|-damage|p2a: Dusclops|29\/100 slp\n|cant|p2a: Dusclops|slp\n|\n|upkeep\n|\n|t:|1700194412\n|switch|p2b: Ursaluna|Ursaluna-Bloodmoon, L50, M|75\/100 brn\n|turn|11\n|inactive|yokai19 has 30 seconds left.\n|\n|t:|1700194446\n|move|p1a: Flutter Mane|Shadow Ball|p2a: Dusclops\n|-supereffective|p2a: Dusclops\n|-damage|p2a: Dusclops|0 fnt\n|faint|p2a: Dusclops\n|move|p1b: Empoleon|Hydro Pump|p2b: Ursaluna\n|-supereffective|p2b: Ursaluna\n|-damage|p2b: Ursaluna|0 fnt\n|faint|p2b: Ursaluna\n|\n|win|Abro hilo\n|raw|Abro hilo's rating: 1319 &rarr; <strong>1342<\/strong><br \/>(+23 for winning)\n|raw|yokai19's rating: 1371 &rarr; <strong>1348<\/strong><br \/>(-23 for losing)\n","uploadtime":1700194455,"views":32,"p1id":"abrohilo","p2id":"yokai19","formatid":"gen9vgc2023regulatione","rating":1342,"private":0,"password":""}