{"id":"gen9vgc2023regulatione-1995956355","p1":"RotovicVGC","p2":"Tenken11","format":"[Gen 9] VGC 2023 Regulation E","log":"|j|\u2606RotovicVGC\n|j|\u2606Tenken11\n|n|\u2606RotovicVGC|rotovicvgc\n|n|\u2606Tenken11|tenken11\n|html|View the match progress at <a href=\"\/game-bestof3-gen9vgc2023regulatione-1995954607\">game-bestof3-gen9vgc2023regulatione-1995954607<\/a>\n|t:|1700621805\n|gametype|doubles\n|player|p1|RotovicVGC|266|\n|player|p2|Tenken11|266|\n|teamsize|p1|6\n|teamsize|p2|6\n|gen|9\n|tier|[Gen 9] VGC 2023 Regulation E\n|rule|Species Clause: Limit one of each Pok\u00e9mon\n|rule|Item Clause: Limit one of each item\n|clearpoke\n|poke|p1|Tornadus, L50, M|\n|poke|p1|Urshifu-*, L50, F|\n|poke|p1|Chien-Pao, L50|\n|poke|p1|Arcanine-Hisui, L50, M|\n|poke|p1|Rillaboom, L50, F|\n|poke|p1|Flutter Mane, L50|\n|poke|p2|Clefairy, L50, M|\n|poke|p2|Cetitan, L50, F|\n|poke|p2|Kommo-o, L50, M|\n|poke|p2|Sinistcha-Masterpiece, L50|\n|poke|p2|Landorus-Therian, L50, M|\n|poke|p2|Rillaboom, L50, M|\n|teampreview|4\nRotovicVGC has agreed to open team sheets.\nTenken11 has agreed to open team sheets.\n|showteam|p1|Tornadus||RockyHelmet|Prankster|BleakwindStorm,Tailwind,Taunt,RainDance|||M|||50|,,,,,Ghost]Urshifu-Rapid-Strike||ChoiceScarf|UnseenFist|SurgingStrikes,CloseCombat,Uturn,AquaJet|||F|||50|,,,,,Water]Chien-Pao||FocusSash|SwordofRuin|SuckerPunch,IcicleCrash,Protect,SacredSword||||||50|,,,,,Ghost]Arcanine-Hisui||ChoiceBand|Intimidate|ExtremeSpeed,FlareBlitz,RockSlide,TeraBlast|||M|||50|,,,,,Fairy]Rillaboom||AssaultVest|GrassySurge|FakeOut,GrassyGlide,Uturn,WoodHammer|||F|||50|,,,,,Poison]Flutter Mane||BoosterEnergy|Protosynthesis|DazzlingGleam,ShadowBall,Moonblast,Protect||||||50|,,,,,Fairy\n|showteam|p2|Clefairy||Eviolite|FriendGuard|FollowMe,HealPulse,HelpingHand,Protect|||M|||50|,,,,,Dark]Cetitan||SitrusBerry|ThickFat|Liquidation,IceShard,BellyDrum,Protect|||F|||50|,,,,,Water]Kommo-o||ThroatSpray|Overcoat|ClangingScales,FlashCannon,ClangorousSoul,Protect|||M|||50|,,,,,Steel]Sinistcha-Masterpiece||WideLens|Hospitality|MatchaGotcha,StrengthSap,RagePowder,TrickRoom||||||50|,,,,,Fire]Landorus-Therian||ChoiceScarf|Intimidate|StompingTantrum,TeraBlast,RockSlide,Uturn|||M|||50|,,,,,Flying]Rillaboom||AssaultVest|GrassySurge|WoodHammer,GrassyGlide,Uturn,FakeOut|||M|||50|,,,,,Fire\n|inactive|Battle timer is ON: inactive players will automatically lose when time's up. (requested by Tenken11)\n|\n|t:|1700621851\n|start\n|switch|p1a: Tornadus|Tornadus, L50, M|100\/100\n|switch|p1b: Rillaboom|Rillaboom, L50, F|100\/100\n|switch|p2a: Clefairy|Clefairy, L50, M|100\/100\n|switch|p2b: Kommo-o|Kommo-o, L50, M|100\/100\n|-fieldstart|move: Grassy Terrain|[from] ability: Grassy Surge|[of] p1b: Rillaboom\n|turn|1\n|inactive|RotovicVGC has 30 seconds left.\n|inactive|RotovicVGC has 20 seconds left.\n|inactive|RotovicVGC has 15 seconds left.\n|inactive|RotovicVGC has 10 seconds left.\n|\n|t:|1700621897\n|move|p2b: Kommo-o|Protect|p2b: Kommo-o\n|-singleturn|p2b: Kommo-o|Protect\n|move|p2a: Clefairy|Protect|p2a: Clefairy\n|-singleturn|p2a: Clefairy|Protect\n|move|p1b: Rillaboom|Fake Out|p2b: Kommo-o\n|-activate|p2b: Kommo-o|move: Protect\n|move|p1a: Tornadus|Taunt|p2a: Clefairy\n|-activate|p2a: Clefairy|move: Protect\n|\n|upkeep\n|turn|2\n|inactive|RotovicVGC has 30 seconds left.\n|inactive|Tenken11 has 30 seconds left.\n|\n|t:|1700621930\n|-terastallize|p2b: Kommo-o|Steel\n|move|p2a: Clefairy|Follow Me|p2a: Clefairy\n|-singleturn|p2a: Clefairy|move: Follow Me\n|move|p1a: Tornadus|Bleakwind Storm|p2a: Clefairy|[spread] p2a,p2b\n|-resisted|p2b: Kommo-o\n|-damage|p2a: Clefairy|72\/100\n|-damage|p2b: Kommo-o|90\/100\n|move|p2b: Kommo-o|Clangorous Soul|p2b: Kommo-o\n|-boost|p2b: Kommo-o|atk|1\n|-boost|p2b: Kommo-o|def|1\n|-boost|p2b: Kommo-o|spa|1\n|-boost|p2b: Kommo-o|spd|1\n|-boost|p2b: Kommo-o|spe|1\n|-damage|p2b: Kommo-o|57\/100\n|-enditem|p2b: Kommo-o|Throat Spray\n|-boost|p2b: Kommo-o|spa|1|[from] item: Throat Spray\n|move|p1b: Rillaboom|Wood Hammer|p2a: Clefairy\n|-damage|p2a: Clefairy|14\/100\n|-damage|p1b: Rillaboom|84\/100|[from] Recoil\n|\n|-heal|p2b: Kommo-o|62\/100|[from] Grassy Terrain\n|-heal|p1b: Rillaboom|90\/100|[from] Grassy Terrain\n|-heal|p2a: Clefairy|20\/100|[from] Grassy Terrain\n|upkeep\n|turn|3\n|inactive|RotovicVGC has 30 seconds left.\n|inactive|Tenken11 has 30 seconds left.\n|inactive|RotovicVGC has 20 seconds left.\n|inactive|RotovicVGC has 15 seconds left.\n|inactive|Tenken11 has 20 seconds left.\n|inactive|Tenken11 has 15 seconds left.\n|\n|t:|1700621976\n|move|p2b: Kommo-o|Protect|p2b: Kommo-o\n|-singleturn|p2b: Kommo-o|Protect\n|move|p1a: Tornadus|Tailwind|p1a: Tornadus\n|-sidestart|p1: RotovicVGC|move: Tailwind\n|move|p1b: Rillaboom|Wood Hammer|p2a: Clefairy\n|-damage|p2a: Clefairy|0 fnt\n|faint|p2a: Clefairy\n|-damage|p1b: Rillaboom|84\/100|[from] Recoil\n|\n|-heal|p1b: Rillaboom|90\/100|[from] Grassy Terrain\n|-heal|p2b: Kommo-o|68\/100|[from] Grassy Terrain\n|upkeep\n|\n|t:|1700621984\n|switch|p2a: Landorus|Landorus-Therian, L50, M|100\/100\n|-ability|p2a: Landorus|Intimidate|boost\n|-unboost|p1a: Tornadus|atk|1\n|-unboost|p1b: Rillaboom|atk|1\n|turn|4\n|inactive|RotovicVGC has 30 seconds left.\n|inactive|RotovicVGC has 20 seconds left.\n|\n|t:|1700622020\n|switch|p2a: Rillaboom|Rillaboom, L50, M|100\/100\n|move|p1a: Tornadus|Bleakwind Storm|p2b: Kommo-o|[spread] p2b\n|-miss|p1a: Tornadus|p2a: Rillaboom\n|-resisted|p2b: Kommo-o\n|-damage|p2b: Kommo-o|59\/100\n|move|p1b: Rillaboom|Wood Hammer|p2a: Rillaboom\n|-resisted|p2a: Rillaboom\n|-damage|p2a: Rillaboom|74\/100\n|-damage|p1b: Rillaboom|82\/100|[from] Recoil\n|move|p2b: Kommo-o|Flash Cannon|p1b: Rillaboom\n|-damage|p1b: Rillaboom|34\/100\n|\n|-heal|p1b: Rillaboom|39\/100|[from] Grassy Terrain\n|-heal|p2b: Kommo-o|65\/100|[from] Grassy Terrain\n|-heal|p2a: Rillaboom|81\/100|[from] Grassy Terrain\n|upkeep\n|turn|5\n|inactive|RotovicVGC has 30 seconds left.\n|\n|t:|1700622046\n|switch|p1b: Mi Kokoro|Arcanine-Hisui, L50, M|100\/100\n|-ability|p1b: Mi Kokoro|Intimidate|boost\n|-unboost|p2a: Rillaboom|atk|1\n|-unboost|p2b: Kommo-o|atk|1\n|move|p2a: Rillaboom|Fake Out|p1a: Tornadus\n|-damage|p1a: Tornadus|91\/100\n|-damage|p2a: Rillaboom|64\/100|[from] item: Rocky Helmet|[of] p1a: Tornadus\n|cant|p1a: Tornadus|flinch\n|move|p2b: Kommo-o|Clanging Scales|p1b: Mi Kokoro|[spread] p1a,p1b\n|-damage|p1a: Tornadus|3\/100\n|-damage|p1b: Mi Kokoro|17\/100\n|-unboost|p2b: Kommo-o|def|1\n|\n|-heal|p1b: Mi Kokoro|23\/100|[from] Grassy Terrain\n|-heal|p2b: Kommo-o|70\/100|[from] Grassy Terrain\n|-heal|p2a: Rillaboom|70\/100|[from] Grassy Terrain\n|-fieldend|move: Grassy Terrain\n|upkeep\n|turn|6\n|inactive|RotovicVGC has 30 seconds left.\n|inactive|RotovicVGC has 20 seconds left.\n|inactive|RotovicVGC has 15 seconds left.\n|inactive|RotovicVGC has 10 seconds left.\n|\n|t:|1700622094\n|move|p2b: Kommo-o|Protect|p2b: Kommo-o\n|-singleturn|p2b: Kommo-o|Protect\n|move|p1a: Tornadus|Taunt|p2b: Kommo-o\n|-activate|p2b: Kommo-o|move: Protect\n|move|p1b: Mi Kokoro|Flare Blitz|p2a: Rillaboom\n|-supereffective|p2a: Rillaboom\n|-damage|p2a: Rillaboom|0 fnt\n|faint|p2a: Rillaboom\n|-damage|p1b: Mi Kokoro|0 fnt|[from] Recoil\n|faint|p1b: Mi Kokoro\n|\n|-sideend|p1: RotovicVGC|move: Tailwind\n|upkeep\n|\n|t:|1700622116\n|switch|p1b: Chien-Pao|Chien-Pao, L50|100\/100\n|switch|p2a: Landorus|Landorus-Therian, L50, M|100\/100\n|-ability|p2a: Landorus|Intimidate|boost\n|-unboost|p1a: Tornadus|atk|1\n|-unboost|p1b: Chien-Pao|atk|1\n|-ability|p1b: Chien-Pao|Sword of Ruin\n|turn|7\n|\n|t:|1700622141\n|move|p1a: Tornadus|Tailwind|p1a: Tornadus\n|-sidestart|p1: RotovicVGC|move: Tailwind\n|move|p1b: Chien-Pao|Icicle Crash|p2a: Landorus|[miss]\n|-miss|p1b: Chien-Pao|p2a: Landorus\n|move|p2a: Landorus|Rock Slide|p1a: Tornadus|[spread] p1a,p1b\n|-supereffective|p1a: Tornadus\n|-supereffective|p1b: Chien-Pao\n|-damage|p1a: Tornadus|0 fnt\n|-damage|p1b: Chien-Pao|38\/100\n|faint|p1a: Tornadus\n|move|p2b: Kommo-o|Clanging Scales|p1b: Chien-Pao\n|-damage|p1b: Chien-Pao|0 fnt\n|faint|p1b: Chien-Pao\n|-unboost|p2b: Kommo-o|def|1\n|\n|upkeep\n|\n|t:|1700622145\n|switch|p1b: Rillaboom|Rillaboom, L50, F|39\/100\n|-fieldstart|move: Grassy Terrain|[from] ability: Grassy Surge|[of] p1b: Rillaboom\n|turn|8\n|-message|RotovicVGC forfeited.\n|\n|win|Tenken11\n|c|&|\/uhtml prompt-tenken11,Tenken11 is ready for game 3!\n|c|&|\/uhtml prompt-rotovicvgc,RotovicVGC is ready for game 3!\nBoth players are ready! Starting next match!\n","uploadtime":1700622629,"views":8,"p1id":"rotovicvgc","p2id":"tenken11","formatid":"gen9vgc2023regulatione","rating":0,"private":0,"password":""}