{"id":"gen9vgc2023regulatione-1994344360","p1":"CrystalDialga","p2":"Kilowattrel Fan","format":"[Gen 9] VGC 2023 Regulation E","log":"|j|\u2606CrystalDialga\n|j|\u2606Kilowattrel Fan\n|n|\u2606CrystalDialga|crystaldialga\n|n|\u2606Kilowattrel Fan|kilowattrelfan\n|html|View the match progress at <a href=\"\/game-bestof3-gen9vgc2023regulatione-1994336494\">game-bestof3-gen9vgc2023regulatione-1994336494<\/a>\n|t:|1700433330\n|gametype|doubles\n|player|p1|CrystalDialga|larry|\n|player|p2|Kilowattrel Fan|riley|\n|teamsize|p1|6\n|teamsize|p2|6\n|gen|9\n|tier|[Gen 9] VGC 2023 Regulation E\n|rule|Species Clause: Limit one of each Pok\u00e9mon\n|rule|Item Clause: Limit one of each item\n|clearpoke\n|poke|p1|Dragapult, L50, F|\n|poke|p1|Chien-Pao, L50|\n|poke|p1|Ting-Lu, L50|\n|poke|p1|Rillaboom, L50, F|\n|poke|p1|Dondozo, L50, M|\n|poke|p1|Amoonguss, L50, M|\n|poke|p2|Torkoal, L50, F|\n|poke|p2|Lilligant-Hisui, L50, F|\n|poke|p2|Flutter Mane, L50|\n|poke|p2|Landorus-Therian, L50, M|\n|poke|p2|Kingambit, L50, M|\n|poke|p2|Iron Hands, L50|\n|teampreview|4\n|\n|t:|1700433372\n|start\n|switch|p1a: Dude from Ice Age|Chien-Pao, L50|100\/100\n|switch|p1b: SSJ3 Goku|Rillaboom, L50, F, shiny|100\/100\n|switch|p2a: Sun Supplier|Torkoal, L50, F|100\/100\n|switch|p2b: Broken Mon|Flutter Mane, L50|100\/100\n|-ability|p1a: Dude from Ice Age|Sword of Ruin\n|-fieldstart|move: Grassy Terrain|[from] ability: Grassy Surge|[of] p1b: SSJ3 Goku\n|-enditem|p1b: SSJ3 Goku|Grassy Seed\n|-boost|p1b: SSJ3 Goku|def|1|[from] item: Grassy Seed\n|-weather|SunnyDay|[from] ability: Drought|[of] p2a: Sun Supplier\n|-activate|p2b: Broken Mon|ability: Protosynthesis\n|-start|p2b: Broken Mon|protosynthesisspa\n|turn|1\n|j| Van. Volcanucks\n|\n|t:|1700433419\n|move|p1b: SSJ3 Goku|Fake Out|p2a: Sun Supplier\n|-damage|p2a: Sun Supplier|86\/100\n|move|p1a: Dude from Ice Age|Icicle Crash|p2b: Broken Mon|[miss]\n|-miss|p1a: Dude from Ice Age|p2b: Broken Mon\n|move|p2b: Broken Mon|Dazzling Gleam|p1a: Dude from Ice Age|[spread] p1a,p1b\n|-supereffective|p1a: Dude from Ice Age\n|-enditem|p1a: Dude from Ice Age|Focus Sash\n|-damage|p1a: Dude from Ice Age|1\/100\n|-damage|p1b: SSJ3 Goku|28\/100\n|cant|p2a: Sun Supplier|flinch\n|\n|-weather|SunnyDay|[upkeep]\n|-heal|p1a: Dude from Ice Age|7\/100|[from] Grassy Terrain\n|-heal|p1b: SSJ3 Goku|34\/100|[from] Grassy Terrain\n|-heal|p2a: Sun Supplier|93\/100|[from] Grassy Terrain\n|upkeep\n|turn|2\n|c|\u2606CrystalDialga|NOOOOOOO\n|\n|t:|1700433444\n|switch|p1b: \"One more fissure\"|Ting-Lu, L50|100\/100\n|-ability|p1b: \"One more fissure\"|Vessel of Ruin\n|move|p2a: Sun Supplier|Protect|p2a: Sun Supplier\n|-singleturn|p2a: Sun Supplier|Protect\n|move|p1a: Dude from Ice Age|Icicle Crash|p2b: Broken Mon\n|-damage|p2b: Broken Mon|0 fnt\n|faint|p2b: Broken Mon\n|-end|p2b: Broken Mon|Protosynthesis|[silent]\n|\n|-weather|SunnyDay|[upkeep]\n|-heal|p1a: Dude from Ice Age|13\/100|[from] Grassy Terrain\n|-heal|p2a: Sun Supplier|99\/100|[from] Grassy Terrain\n|upkeep\n|\n|t:|1700433457\n|switch|p2b: Brian|Iron Hands, L50|100\/100\n|turn|3\n|\n|t:|1700433479\n|-terastallize|p1b: \"One more fissure\"|Poison\n|-terastallize|p2a: Sun Supplier|Fire\n|move|p1a: Dude from Ice Age|Protect|p1a: Dude from Ice Age\n|-singleturn|p1a: Dude from Ice Age|Protect\n|move|p2b: Brian|Fake Out|p1b: \"One more fissure\"\n|-crit|p1b: \"One more fissure\"\n|-damage|p1b: \"One more fissure\"|82\/100\n|cant|p1b: \"One more fissure\"|flinch\n|move|p2a: Sun Supplier|Eruption|p1a: Dude from Ice Age|[spread] p1b\n|-activate|p1a: Dude from Ice Age|move: Protect\n|-damage|p1b: \"One more fissure\"|45\/100\n|\n|-weather|SunnyDay|[upkeep]\n|-heal|p1a: Dude from Ice Age|19\/100|[from] Grassy Terrain\n|-heal|p1b: \"One more fissure\"|51\/100|[from] Grassy Terrain\n|-heal|p2a: Sun Supplier|100\/100|[from] Grassy Terrain\n|upkeep\n|turn|4\n|\n|t:|1700433505\n|move|p1a: Dude from Ice Age|Sucker Punch|p2a: Sun Supplier\n|-damage|p2a: Sun Supplier|64\/100\n|move|p2b: Brian|Drain Punch|p1a: Dude from Ice Age\n|-supereffective|p1a: Dude from Ice Age\n|-damage|p1a: Dude from Ice Age|0 fnt\n|faint|p1a: Dude from Ice Age\n|move|p1b: \"One more fissure\"|Stomping Tantrum|p2b: Brian\n|-supereffective|p2b: Brian\n|-damage|p2b: Brian|15\/100\n|move|p2a: Sun Supplier|Earth Power|p1b: \"One more fissure\"\n|-supereffective|p1b: \"One more fissure\"\n|-damage|p1b: \"One more fissure\"|34\/100\n|\n|-weather|SunnyDay|[upkeep]\n|-heal|p2b: Brian|21\/100|[from] Grassy Terrain\n|-heal|p1b: \"One more fissure\"|40\/100|[from] Grassy Terrain\n|-heal|p2a: Sun Supplier|71\/100|[from] Grassy Terrain\n|upkeep\n|\n|t:|1700433520\n|switch|p1a: pookie bear|Dragapult, L50, F|100\/100\n|turn|5\n|\n|t:|1700433563\n|move|p1a: pookie bear|Dragon Darts|p2b: Brian\n|-damage|p2b: Brian|0 fnt\n|-anim|p1a: pookie bear|Dragon Darts|p2a: Sun Supplier\n|-damage|p2a: Sun Supplier|43\/100\n|faint|p2b: Brian\n|-end|p2b: Brian|Quark Drive|[silent]\n|move|p1b: \"One more fissure\"|Stomping Tantrum|p2a: Sun Supplier\n|-supereffective|p2a: Sun Supplier\n|-crit|p2a: Sun Supplier\n|-damage|p2a: Sun Supplier|0 fnt\n|faint|p2a: Sun Supplier\n|\n|-weather|none\n|-heal|p1b: \"One more fissure\"|46\/100|[from] Grassy Terrain\n|-fieldend|move: Grassy Terrain\n|upkeep\n|\n|t:|1700433569\n|switch|p2a: Supreme Overlord|Kingambit, L50, M|100\/100\n|turn|6\n|\n|t:|1700433587\n|move|p2a: Supreme Overlord|Sucker Punch|p1a: pookie bear\n|-supereffective|p1a: pookie bear\n|-damage|p1a: pookie bear|0 fnt\n|faint|p1a: pookie bear\n|move|p1b: \"One more fissure\"|Stomping Tantrum|p2a: Supreme Overlord\n|-supereffective|p2a: Supreme Overlord\n|-damage|p2a: Supreme Overlord|48\/100\n|\n|upkeep\n|\n|t:|1700433592\n|switch|p1a: SSJ3 Goku|Rillaboom, L50, F, shiny|34\/100\n|-fieldstart|move: Grassy Terrain|[from] ability: Grassy Surge|[of] p1a: SSJ3 Goku\n|turn|7\n|\n|t:|1700433599\n|move|p2a: Supreme Overlord|Protect|p2a: Supreme Overlord\n|-singleturn|p2a: Supreme Overlord|Protect\n|move|p1a: SSJ3 Goku|Fake Out|p2a: Supreme Overlord\n|-activate|p2a: Supreme Overlord|move: Protect\n|move|p1b: \"One more fissure\"|Stomping Tantrum|p2a: Supreme Overlord\n|-activate|p2a: Supreme Overlord|move: Protect\n|\n|-heal|p1a: SSJ3 Goku|40\/100|[from] Grassy Terrain\n|-heal|p2a: Supreme Overlord|54\/100|[from] Grassy Terrain\n|-heal|p1b: \"One more fissure\"|51\/100|[from] Grassy Terrain\n|upkeep\n|turn|8\n|\n|t:|1700433716\n|move|p1a: SSJ3 Goku|Grassy Glide|p2a: Supreme Overlord\n|-resisted|p2a: Supreme Overlord\n|-damage|p2a: Supreme Overlord|39\/100\n|move|p2a: Supreme Overlord|Kowtow Cleave|p1b: \"One more fissure\"\n|-damage|p1b: \"One more fissure\"|17\/100\n|move|p1b: \"One more fissure\"|Stomping Tantrum|p2a: Supreme Overlord\n|-supereffective|p2a: Supreme Overlord\n|-damage|p2a: Supreme Overlord|0 fnt\n|faint|p2a: Supreme Overlord\n|\n|win|CrystalDialga\n|c|\u2606CrystalDialga|gg wp\n|c|\u2606Kilowattrel Fan|gg wp\n","uploadtime":1700433734,"views":7,"p1id":"crystaldialga","p2id":"kilowattrelfan","formatid":"gen9vgc2023regulatione","rating":0,"private":0,"password":""}