{"id":"gen9vgc2023regulatione-1998590718","p1":"JIWAI","p2":"FeelSsBad","format":"[Gen 9] VGC 2023 Regulation E","log":"|j|\u2606JIWAI\n|j|\u2606FeelSsBad\n|t:|1700960189\n|gametype|doubles\n|player|p1|JIWAI|169|1223\n|player|p2|FeelSsBad|red|1169\n|teamsize|p1|6\n|teamsize|p2|6\n|gen|9\n|tier|[Gen 9] VGC 2023 Regulation E\n|rated|\n|rule|Species Clause: Limit one of each Pok\u00e9mon\n|rule|Item Clause: Limit one of each item\n|clearpoke\n|poke|p1|Gholdengo, L50|\n|poke|p1|Iron Hands, L50|\n|poke|p1|Amoonguss, L50, M|\n|poke|p1|Iron Bundle, L50|\n|poke|p1|Pelipper, L50, M|\n|poke|p1|Salamence, L50, M|\n|poke|p2|Okidogi, L50, M|\n|poke|p2|Klefki, L50, M|\n|poke|p2|Chandelure, L50, F|\n|poke|p2|Iron Bundle, L50|\n|poke|p2|Tornadus, L50, M|\n|poke|p2|Roaring Moon, L50|\n|teampreview|4\n|inactive|Battle timer is ON: inactive players will automatically lose when time's up. (requested by FeelSsBad)\n|inactive|JIWAI has 60 seconds left.\n|\n|t:|1700960220\n|start\n|switch|p1a: Pelipper|Pelipper, L50, M|100\/100\n|switch|p1b: Salamence|Salamence, L50, M|100\/100\n|switch|p2a: Klefki|Klefki, L50, M|100\/100\n|switch|p2b: Iron Bundle|Iron Bundle, L50|100\/100\n|-ability|p1b: Salamence|Intimidate|boost\n|-unboost|p2a: Klefki|atk|1\n|-unboost|p2b: Iron Bundle|atk|1\n|-weather|RainDance|[from] ability: Drizzle|[of] p1a: Pelipper\n|-enditem|p2b: Iron Bundle|Booster Energy\n|-activate|p2b: Iron Bundle|ability: Quark Drive|[fromitem]\n|-start|p2b: Iron Bundle|quarkdrivespe\n|turn|1\n|inactive|JIWAI has 30 seconds left.\n|\n|t:|1700960252\n|move|p2a: Klefki|Light Screen|p2a: Klefki\n|-sidestart|p2: FeelSsBad|move: Light Screen\n|move|p2b: Iron Bundle|Icy Wind|p1b: Salamence|[spread] p1a,p1b\n|-supereffective|p1b: Salamence\n|-damage|p1a: Pelipper|69\/100\n|-damage|p1b: Salamence|10\/100\n|-unboost|p1a: Pelipper|spe|1\n|-unboost|p1b: Salamence|spe|1\n|move|p1b: Salamence|Tailwind|p1b: Salamence\n|-sidestart|p1: JIWAI|move: Tailwind\n|move|p1a: Pelipper|Hurricane|p2b: Iron Bundle\n|-damage|p2b: Iron Bundle|59\/100\n|\n|-weather|RainDance|[upkeep]\n|upkeep\n|turn|2\n|\n|t:|1700960276\n|switch|p1b: Gholdengo|Gholdengo, L50|100\/100\n|move|p1a: Pelipper|Wide Guard|p1a: Pelipper\n|-singleturn|p1a: Pelipper|Wide Guard\n|move|p2a: Klefki|Thunder Wave|p1a: Pelipper\n|-status|p1a: Pelipper|par\n|move|p2b: Iron Bundle|Icy Wind|p1a: Pelipper|[spread] \n|-activate|p1a: Pelipper|move: Wide Guard\n|-activate|p1b: Gholdengo|move: Wide Guard\n|\n|-weather|RainDance|[upkeep]\n|upkeep\n|turn|3\n|inactive|FeelSsBad has 30 seconds left.\n|\n|t:|1700960304\n|move|p1b: Gholdengo|Shadow Ball|p2b: Iron Bundle\n|-damage|p2b: Iron Bundle|22\/100\n|move|p2b: Iron Bundle|Encore|p1a: Pelipper\n|-start|p1a: Pelipper|Encore\n|move|p2a: Klefki|Dazzling Gleam|p1b: Gholdengo|[spread] p1a,p1b\n|-resisted|p1b: Gholdengo\n|-damage|p1a: Pelipper|37\/100 par\n|-damage|p1b: Gholdengo|90\/100\n|move|p1a: Pelipper|Wide Guard||[still]\n|-fail|p1a: Pelipper\n|\n|-weather|RainDance|[upkeep]\n|-heal|p1b: Gholdengo|96\/100|[from] item: Leftovers\n|upkeep\n|turn|4\n|inactive|JIWAI has 30 seconds left.\n|\n|t:|1700960330\n|switch|p2a: Okidogi|Okidogi, L50, M|100\/100\n|switch|p1a: Salamence|Salamence, L50, M|10\/100\n|-ability|p1a: Salamence|Intimidate|boost\n|-ability|p2a: Okidogi|Guard Dog|boost\n|-boost|p2a: Okidogi|atk|1\n|-unboost|p2b: Iron Bundle|atk|1\n|move|p1b: Gholdengo|Protect|p1b: Gholdengo\n|-singleturn|p1b: Gholdengo|Protect\n|move|p2b: Iron Bundle|Freeze-Dry|p1a: Salamence\n|-supereffective|p1a: Salamence\n|-crit|p1a: Salamence\n|-damage|p1a: Salamence|0 fnt\n|faint|p1a: Salamence\n|\n|-weather|RainDance|[upkeep]\n|-heal|p1b: Gholdengo|100\/100|[from] item: Leftovers\n|-sideend|p1: JIWAI|move: Tailwind\n|upkeep\n|\n|t:|1700960348\n|switch|p1a: Amoonguss|Amoonguss, L50, M|100\/100\n|turn|5\n|\n|t:|1700960358\n|move|p2b: Iron Bundle|Protect|p2b: Iron Bundle\n|-singleturn|p2b: Iron Bundle|Protect\n|move|p1a: Amoonguss|Rage Powder|p1a: Amoonguss\n|-singleturn|p1a: Amoonguss|move: Rage Powder\n|move|p2a: Okidogi|Bulk Up|p2a: Okidogi\n|-boost|p2a: Okidogi|atk|1\n|-boost|p2a: Okidogi|def|1\n|move|p1b: Gholdengo|Nasty Plot|p1b: Gholdengo\n|-boost|p1b: Gholdengo|spa|2\n|\n|-weather|none\n|upkeep\n|turn|6\n|\n|t:|1700960381\n|move|p2a: Okidogi|Protect|p2a: Okidogi\n|-singleturn|p2a: Okidogi|Protect\n|move|p2b: Iron Bundle|Encore|p1a: Amoonguss\n|-start|p1a: Amoonguss|Encore\n|move|p1b: Gholdengo|Make It Rain|p2b: Iron Bundle|[spread] p2b\n|-activate|p2a: Okidogi|move: Protect\n|-damage|p2b: Iron Bundle|0 fnt\n|-unboost|p1b: Gholdengo|spa|1\n|faint|p2b: Iron Bundle\n|-end|p2b: Iron Bundle|Quark Drive|[silent]\n|move|p1a: Amoonguss|Rage Powder|p1a: Amoonguss\n|-singleturn|p1a: Amoonguss|move: Rage Powder\n|\n|upkeep\n|\n|t:|1700960396\n|switch|p2b: Tornadus|Tornadus, L50, M|100\/100\n|turn|7\n|\n|t:|1700960411\n|-terastallize|p2b: Tornadus|Flying\n|move|p1a: Amoonguss|Rage Powder|p1a: Amoonguss\n|-singleturn|p1a: Amoonguss|move: Rage Powder\n|move|p2b: Tornadus|Bleakwind Storm|p1a: Amoonguss|[spread] p1a,p1b\n|-supereffective|p1a: Amoonguss\n|-resisted|p1b: Gholdengo\n|-damage|p1a: Amoonguss|4\/100\n|-damage|p1b: Gholdengo|73\/100\n|-unboost|p1a: Amoonguss|spe|1\n|-unboost|p1b: Gholdengo|spe|1\n|-enditem|p1a: Amoonguss|Sitrus Berry|[eat]\n|-heal|p1a: Amoonguss|29\/100|[from] item: Sitrus Berry\n|move|p2a: Okidogi|Drain Punch|p1a: Amoonguss\n|-resisted|p1a: Amoonguss\n|-damage|p1a: Amoonguss|5\/100\n|move|p1b: Gholdengo|Make It Rain|p2a: Okidogi|[spread] p2a,p2b\n|-damage|p2a: Okidogi|51\/100\n|-damage|p2b: Tornadus|42\/100\n|-unboost|p1b: Gholdengo|spa|1\n|\n|-heal|p2a: Okidogi|57\/100|[from] item: Leftovers\n|-heal|p1b: Gholdengo|79\/100|[from] item: Leftovers\n|upkeep\n|turn|8\n|inactive|JIWAI has 30 seconds left.\n|inactive|JIWAI has 20 seconds left.\n|inactive|JIWAI has 15 seconds left.\n|inactive|JIWAI has 10 seconds left.\n|\n|t:|1700960459\n|switch|p1a: Pelipper|Pelipper, L50, M|37\/100 par\n|-weather|RainDance|[from] ability: Drizzle|[of] p1a: Pelipper\n|move|p2b: Tornadus|Bleakwind Storm|p1b: Gholdengo|[spread] p1a,p1b\n|-resisted|p1b: Gholdengo\n|-damage|p1a: Pelipper|0 fnt\n|-damage|p1b: Gholdengo|52\/100\n|faint|p1a: Pelipper\n|move|p2a: Okidogi|Poison Jab|p1b: Gholdengo\n|-immune|p1b: Gholdengo\n|move|p1b: Gholdengo|Shadow Ball|p2b: Tornadus\n|-damage|p2b: Tornadus|3\/100\n|\n|-weather|RainDance|[upkeep]\n|-heal|p2a: Okidogi|64\/100|[from] item: Leftovers\n|-heal|p1b: Gholdengo|58\/100|[from] item: Leftovers\n|-sideend|p2: FeelSsBad|move: Light Screen\n|upkeep\n|\n|t:|1700960477\n|switch|p1a: Amoonguss|Amoonguss, L50, M|38\/100\n|turn|9\n|\n|t:|1700960486\n|move|p2b: Tornadus|Bleakwind Storm|p1b: Gholdengo|[spread] p1a,p1b\n|-supereffective|p1a: Amoonguss\n|-resisted|p1b: Gholdengo\n|-damage|p1a: Amoonguss|0 fnt\n|-damage|p1b: Gholdengo|33\/100\n|faint|p1a: Amoonguss\n|move|p2a: Okidogi|Drain Punch|p1b: Gholdengo\n|-immune|p1b: Gholdengo\n|move|p1b: Gholdengo|Make It Rain|p2b: Tornadus|[spread] p2a,p2b\n|-damage|p2a: Okidogi|11\/100\n|-damage|p2b: Tornadus|0 fnt\n|-unboost|p1b: Gholdengo|spa|1\n|faint|p2b: Tornadus\n|\n|-weather|RainDance|[upkeep]\n|-heal|p2a: Okidogi|17\/100|[from] item: Leftovers\n|-heal|p1b: Gholdengo|39\/100|[from] item: Leftovers\n|upkeep\n|\n|t:|1700960502\n|switch|p2b: Klefki|Klefki, L50, M|100\/100\n|turn|10\n|\n|t:|1700960514\n|move|p1b: Gholdengo|Protect|p1b: Gholdengo\n|-singleturn|p1b: Gholdengo|Protect\n|move|p2b: Klefki|Light Screen|p2b: Klefki\n|-sidestart|p2: FeelSsBad|move: Light Screen\n|move|p2a: Okidogi|Bulk Up|p2a: Okidogi\n|-boost|p2a: Okidogi|atk|1\n|-boost|p2a: Okidogi|def|1\n|\n|-weather|RainDance|[upkeep]\n|-heal|p2a: Okidogi|24\/100|[from] item: Leftovers\n|-heal|p1b: Gholdengo|45\/100|[from] item: Leftovers\n|upkeep\n|turn|11\n|\n|t:|1700960528\n|move|p2a: Okidogi|Bulk Up|p2a: Okidogi\n|-boost|p2a: Okidogi|atk|1\n|-boost|p2a: Okidogi|def|1\n|move|p2b: Klefki|Dazzling Gleam|p1b: Gholdengo\n|-resisted|p1b: Gholdengo\n|-damage|p1b: Gholdengo|32\/100\n|move|p1b: Gholdengo|Nasty Plot|p1b: Gholdengo\n|-boost|p1b: Gholdengo|spa|2\n|\n|-weather|RainDance|[upkeep]\n|-heal|p2a: Okidogi|30\/100|[from] item: Leftovers\n|-heal|p1b: Gholdengo|38\/100|[from] item: Leftovers\n|upkeep\n|turn|12\n|\n|t:|1700960544\n|move|p2a: Okidogi|Bulk Up|p2a: Okidogi\n|-boost|p2a: Okidogi|atk|1\n|-boost|p2a: Okidogi|def|1\n|move|p2b: Klefki|Dazzling Gleam|p1b: Gholdengo\n|-resisted|p1b: Gholdengo\n|-damage|p1b: Gholdengo|24\/100\n|move|p1b: Gholdengo|Nasty Plot|p1b: Gholdengo\n|-boost|p1b: Gholdengo|spa|2\n|\n|-weather|none\n|-heal|p2a: Okidogi|36\/100|[from] item: Leftovers\n|-heal|p1b: Gholdengo|30\/100|[from] item: Leftovers\n|upkeep\n|turn|13\n|\n|t:|1700960558\n|move|p1b: Gholdengo|Protect|p1b: Gholdengo\n|-singleturn|p1b: Gholdengo|Protect\n|move|p2a: Okidogi|Bulk Up|p2a: Okidogi\n|-boost|p2a: Okidogi|atk|1\n|-boost|p2a: Okidogi|def|1\n|move|p2b: Klefki|Dazzling Gleam|p1b: Gholdengo\n|-activate|p1b: Gholdengo|move: Protect\n|\n|-heal|p2a: Okidogi|42\/100|[from] item: Leftovers\n|-heal|p1b: Gholdengo|36\/100|[from] item: Leftovers\n|upkeep\n|turn|14\n|\n|t:|1700960571\n|move|p2a: Okidogi|Bulk Up|p2a: Okidogi\n|-boost|p2a: Okidogi|atk|0\n|-boost|p2a: Okidogi|def|1\n|move|p2b: Klefki|Dazzling Gleam|p1b: Gholdengo\n|-resisted|p1b: Gholdengo\n|-damage|p1b: Gholdengo|20\/100\n|move|p1b: Gholdengo|Nasty Plot|p1b: Gholdengo\n|-boost|p1b: Gholdengo|spa|2\n|\n|-heal|p2a: Okidogi|48\/100|[from] item: Leftovers\n|-heal|p1b: Gholdengo|26\/100|[from] item: Leftovers\n|upkeep\n|turn|15\n|\n|t:|1700960584\n|move|p2a: Okidogi|Protect|p2a: Okidogi\n|-singleturn|p2a: Okidogi|Protect\n|move|p1b: Gholdengo|Protect|p1b: Gholdengo\n|-singleturn|p1b: Gholdengo|Protect\n|move|p2b: Klefki|Dazzling Gleam|p1b: Gholdengo\n|-activate|p1b: Gholdengo|move: Protect\n|\n|-heal|p2a: Okidogi|54\/100|[from] item: Leftovers\n|-heal|p1b: Gholdengo|32\/100|[from] item: Leftovers\n|upkeep\n|turn|16\n|\n|t:|1700960598\n|move|p2a: Okidogi|Poison Jab|p1b: Gholdengo\n|-immune|p1b: Gholdengo\n|move|p2b: Klefki|Dazzling Gleam|p1b: Gholdengo\n|-resisted|p1b: Gholdengo\n|-damage|p1b: Gholdengo|19\/100\n|move|p1b: Gholdengo|Make It Rain|p2a: Okidogi|[spread] p2a,p2b\n|-damage|p2a: Okidogi|0 fnt\n|-damage|p2b: Klefki|0 fnt\n|-unboost|p1b: Gholdengo|spa|1\n|faint|p2a: Okidogi\n|faint|p2b: Klefki\n|\n|win|JIWAI\n|raw|JIWAI's rating: 1223 &rarr; <strong>1244<\/strong><br \/>(+21 for winning)\n|raw|FeelSsBad's rating: 1169 &rarr; <strong>1148<\/strong><br \/>(-21 for losing)\n|l|\u2606FeelSsBad\n","uploadtime":1700960614,"views":11,"p1id":"jiwai","p2id":"feelssbad","formatid":"gen9vgc2023regulatione","rating":1148,"private":0,"password":""}