{"id":"gen9vgc2023regulatione-1994671170","p1":"Mortipherus","p2":"Poke_Kekoa","format":"[Gen 9] VGC 2023 Regulation E","log":"|j|\u2606Mortipherus\n|j|\u2606Poke_Kekoa\n|t:|1700478765\n|gametype|doubles\n|player|p1|Mortipherus|biker-gen4|1291\n|player|p2|Poke_Kekoa|n|1206\n|teamsize|p1|6\n|teamsize|p2|6\n|gen|9\n|tier|[Gen 9] VGC 2023 Regulation E\n|rated|\n|rule|Species Clause: Limit one of each Pok\u00e9mon\n|rule|Item Clause: Limit one of each item\n|clearpoke\n|poke|p1|Ursaluna-Bloodmoon, L50, M|\n|poke|p1|Iron Hands, L50|\n|poke|p1|Flutter Mane, L50|\n|poke|p1|Ogerpon-Cornerstone, L50, F|\n|poke|p1|Farigiraf, L50, M|\n|poke|p1|Urshifu-*, L50, M|\n|poke|p2|Tauros-Paldea-Aqua, L50, M|\n|poke|p2|Iron Hands, L50|\n|poke|p2|Gallade, L50, M|\n|poke|p2|Annihilape, L50, M|\n|poke|p2|Urshifu-*, L50, M|\n|poke|p2|Mienshao, L50, F|\n|teampreview|4\n|inactive|Battle timer is ON: inactive players will automatically lose when time's up. (requested by Poke_Kekoa)\nMortipherus has agreed to open team sheets.\n|\n|t:|1700478804\n|start\n|switch|p1a: Ogerpon|Ogerpon-Cornerstone, L50, F|100\/100\n|switch|p1b: Farigiraf|Farigiraf, L50, M|100\/100\n|switch|p2a: Po|Urshifu, L50, M|100\/100\n|switch|p2b: Apeshiv 2.0|Annihilape, L50, M|100\/100\n|turn|1\n|\n|t:|1700478819\n|move|p1a: Ogerpon|Follow Me|p1a: Ogerpon\n|-singleturn|p1a: Ogerpon|move: Follow Me\n|move|p2a: Po|Wicked Blow|p1a: Ogerpon\n|-crit|p1a: Ogerpon\n|-damage|p1a: Ogerpon|37\/100\n|move|p2b: Apeshiv 2.0|Bulk Up|p2b: Apeshiv 2.0\n|-boost|p2b: Apeshiv 2.0|atk|1\n|-boost|p2b: Apeshiv 2.0|def|1\n|move|p1b: Farigiraf|Trick Room|p1b: Farigiraf\n|-fieldstart|move: Trick Room|[of] p1b: Farigiraf\n|\n|upkeep\n|turn|2\n|inactive|Poke_Kekoa has 30 seconds left.\n|\n|t:|1700478851\n|switch|p2a: Ole|Tauros-Paldea-Aqua, L50, M|100\/100\n|-ability|p2a: Ole|Intimidate|boost\n|-unboost|p1a: Ogerpon|atk|1\n|-unboost|p1b: Farigiraf|atk|1\n|move|p1b: Farigiraf|Dazzling Gleam|p2b: Apeshiv 2.0|[spread] p2a,p2b\n|-supereffective|p2a: Ole\n|-supereffective|p2b: Apeshiv 2.0\n|-damage|p2a: Ole|54\/100\n|-damage|p2b: Apeshiv 2.0|81\/100\n|move|p2b: Apeshiv 2.0|Drain Punch|p1b: Farigiraf\n|-damage|p1b: Farigiraf|66\/100\n|-heal|p2b: Apeshiv 2.0|99\/100|[from] drain|[of] p1b: Farigiraf\n|move|p1a: Ogerpon|Ivy Cudgel|p2b: Apeshiv 2.0|[anim] Ivy Cudgel Rock\n|-resisted|p2b: Apeshiv 2.0\n|-damage|p2b: Apeshiv 2.0|87\/100\n|\n|-heal|p2b: Apeshiv 2.0|93\/100|[from] item: Leftovers\n|upkeep\n|turn|3\n|inactive|Mortipherus has 30 seconds left.\n|inactive|Poke_Kekoa has 30 seconds left.\n|inactive|Poke_Kekoa has 20 seconds left.\n|\n|t:|1700478890\n|move|p1b: Farigiraf|Psychic|p2b: Apeshiv 2.0\n|-supereffective|p2b: Apeshiv 2.0\n|-damage|p2b: Apeshiv 2.0|43\/100\n|move|p2b: Apeshiv 2.0|Bulk Up|p2b: Apeshiv 2.0\n|-boost|p2b: Apeshiv 2.0|atk|1\n|-boost|p2b: Apeshiv 2.0|def|1\n|move|p1a: Ogerpon|Wood Hammer|p2a: Ole\n|-supereffective|p2a: Ole\n|-damage|p2a: Ole|0 fnt\n|faint|p2a: Ole\n|-damage|p1a: Ogerpon|20\/100|[from] Recoil\n|\n|-heal|p2b: Apeshiv 2.0|49\/100|[from] item: Leftovers\n|upkeep\n|\n|t:|1700478902\n|switch|p2a: Superman|Iron Hands, L50|100\/100\n|turn|4\n|\n|t:|1700478914\n|-terastallize|p2b: Apeshiv 2.0|Fire\n|move|p2a: Superman|Drain Punch|p1a: Ogerpon\n|-supereffective|p1a: Ogerpon\n|-damage|p1a: Ogerpon|0 fnt\n|faint|p1a: Ogerpon\n|move|p1b: Farigiraf|Psychic|p2b: Apeshiv 2.0\n|-damage|p2b: Apeshiv 2.0|24\/100\n|move|p2b: Apeshiv 2.0|Drain Punch|p1b: Farigiraf\n|-damage|p1b: Farigiraf|17\/100\n|-heal|p2b: Apeshiv 2.0|49\/100|[from] drain|[of] p1b: Farigiraf\n|-enditem|p1b: Farigiraf|Sitrus Berry|[eat]\n|-heal|p1b: Farigiraf|42\/100|[from] item: Sitrus Berry\n|\n|-heal|p2b: Apeshiv 2.0|55\/100|[from] item: Leftovers\n|upkeep\n|\n|t:|1700478917\n|switch|p1a: Ursaluna|Ursaluna-Bloodmoon, L50, M|100\/100\n|turn|5\n|inactive|Poke_Kekoa has 30 seconds left.\n|\n|t:|1700478951\n|-terastallize|p1a: Ursaluna|Normal\n|move|p1b: Farigiraf|Helping Hand|p1a: Ursaluna\n|-singleturn|p1a: Ursaluna|Helping Hand|[of] p1b: Farigiraf\n|move|p2a: Superman|Drain Punch|p1a: Ursaluna\n|-supereffective|p1a: Ursaluna\n|-damage|p1a: Ursaluna|39\/100\n|move|p1a: Ursaluna|Hyper Voice|p2a: Superman|[spread] p2a,p2b\n|-damage|p2a: Superman|52\/100\n|-damage|p2b: Apeshiv 2.0|0 fnt\n|faint|p2b: Apeshiv 2.0\n|-damage|p1a: Ursaluna|30\/100|[from] item: Life Orb\n|\n|-fieldend|move: Trick Room\n|upkeep\n|\n|t:|1700478963\n|switch|p2b: Po|Urshifu, L50, M|100\/100\n|turn|6\n|inactive|Poke_Kekoa has 30 seconds left.\n|inactive|Poke_Kekoa has 20 seconds left.\n|\n|t:|1700478999\n|switch|p1a: Iron Hands|Iron Hands, L50|100\/100\n|move|p2b: Po|Wicked Blow|p1b: Farigiraf\n|-supereffective|p1b: Farigiraf\n|-crit|p1b: Farigiraf\n|-damage|p1b: Farigiraf|0 fnt\n|faint|p1b: Farigiraf\n|move|p2a: Superman|Drain Punch|p1a: Iron Hands\n|-damage|p1a: Iron Hands|76\/100\n|-heal|p2a: Superman|63\/100|[from] drain|[of] p1a: Iron Hands\n|\n|upkeep\n|\n|t:|1700479011\n|switch|p1b: Ursaluna|Ursaluna-Bloodmoon, L50, M, tera:Normal|30\/100\n|turn|7\n|\n|t:|1700479019\n|move|p1a: Iron Hands|Fake Out|p2b: Po\n|-damage|p2b: Po|85\/100\n|cant|p2b: Po|flinch\n|move|p1b: Ursaluna|Hyper Voice|p2b: Po|[spread] p2a,p2b\n|-damage|p2a: Superman|30\/100\n|-damage|p2b: Po|0 fnt\n|faint|p2b: Po\n|-damage|p1b: Ursaluna|20\/100|[from] item: Life Orb\n|move|p2a: Superman|Drain Punch|p1b: Ursaluna\n|-supereffective|p1b: Ursaluna\n|-damage|p1b: Ursaluna|0 fnt\n|-heal|p2a: Superman|38\/100|[from] drain|[of] p1b: Ursaluna\n|faint|p1b: Ursaluna\n|\n|upkeep\n|turn|8\n|\n|t:|1700479038\n|move|p1a: Iron Hands|Drain Punch|p2a: Superman\n|-damage|p2a: Superman|9\/100\n|-heal|p1a: Iron Hands|92\/100|[from] drain|[of] p2a: Superman\n|move|p2a: Superman|Drain Punch|p1a: Iron Hands\n|-damage|p1a: Iron Hands|68\/100\n|-heal|p2a: Superman|20\/100|[from] drain|[of] p1a: Iron Hands\n|\n|upkeep\n|turn|9\n|\n|t:|1700479049\n|move|p1a: Iron Hands|Drain Punch|p2a: Superman\n|-damage|p2a: Superman|0 fnt\n|-heal|p1a: Iron Hands|78\/100|[from] drain|[of] p2a: Superman\n|faint|p2a: Superman\n|-end|p2a: Superman|Quark Drive|[silent]\n|\n|win|Mortipherus\n|raw|Mortipherus's rating: 1291 &rarr; <strong>1310<\/strong><br \/>(+19 for winning)\n|raw|Poke_Kekoa's rating: 1206 &rarr; <strong>1187<\/strong><br \/>(-19 for losing)\n|c|\u2606Poke_Kekoa|gg\n","uploadtime":1700479057,"views":6,"p1id":"mortipherus","p2id":"pokekekoa","formatid":"gen9vgc2023regulatione","rating":1187,"private":0,"password":""}