{"id":"gen9vgc2023regulatione-1996483235","p1":"tartadequeixo","p2":"Joltra25","format":"[Gen 9] VGC 2023 Regulation E","log":"|j|\u2606tartadequeixo\n|j|\u2606Joltra25\n|n|\u2606tartadequeixo|tartadequeixo\n|n|\u2606Joltra25|joltra25\n|html|View the match progress at <a href=\"\/game-bestof3-gen9vgc2023regulatione-1996483234\">game-bestof3-gen9vgc2023regulatione-1996483234<\/a>\n|t:|1700686392\n|gametype|doubles\n|player|p1|tartadequeixo|benga|\n|player|p2|Joltra25|lyra|\n|teamsize|p1|6\n|teamsize|p2|6\n|gen|9\n|tier|[Gen 9] VGC 2023 Regulation E\n|rule|Species Clause: Limit one of each Pok\u00e9mon\n|rule|Item Clause: Limit one of each item\n|clearpoke\n|poke|p1|Chien-Pao, L50|\n|poke|p1|Tornadus, L50, M|\n|poke|p1|Rillaboom, L50, F|\n|poke|p1|Flutter Mane, L50|\n|poke|p1|Arcanine-Hisui, L50, M|\n|poke|p1|Urshifu-*, L50, M|\n|poke|p2|Amoonguss, L50, F|\n|poke|p2|Iron Hands, L50|\n|poke|p2|Gholdengo, L50|\n|poke|p2|Roaring Moon, L50|\n|poke|p2|Urshifu-*, L50, F|\n|poke|p2|Landorus-Therian, L50, M|\n|teampreview|4\n|inactive|Battle timer is ON: inactive players will automatically lose when time's up. (requested by Joltra25)\nJoltra25 has agreed to open team sheets.\ntartadequeixo has agreed to open team sheets.\n|showteam|p1|Chien-Pao||FocusSash|SwordofRuin|SuckerPunch,IcicleCrash,SacredSword,Protect||||||50|,,,,,Ghost]Tornadus||RockyHelmet|Prankster|BleakwindStorm,RainDance,ScaryFace,Tailwind|||M|||50|,,,,,Ghost]Rillaboom||AssaultVest|GrassySurge|FakeOut,HighHorsepower,GrassyGlide,Uturn|||F|||50|,,,,,Fire]Flutter Mane||BoosterEnergy|Protosynthesis|Moonblast,DazzlingGleam,ShadowBall,Protect||||||50|,,,,,Fairy]Arcanine-Hisui||ChoiceBand|Intimidate|FlareBlitz,RockSlide,ExtremeSpeed,TeraBlast|||M|||50|,,,,,Fairy]Urshifu-Rapid-Strike||ChoiceScarf|UnseenFist|SurgingStrikes,CloseCombat,AquaJet,Uturn|||M|||50|,,,,,Water\n|showteam|p2|Amoonguss||RockyHelmet|Regenerator|PollenPuff,Spore,RagePowder,Protect|||F|||50|,,,,,Water]Iron Hands||AssaultVest|QuarkDrive|DrainPunch,WildCharge,FakeOut,VoltSwitch||||||50|,,,,,Fire]Gholdengo||MetalCoat|GoodasGold|MakeItRain,ShadowBall,NastyPlot,Protect||||||50|,,,,,Dragon]Roaring Moon||BoosterEnergy|Protosynthesis|KnockOff,Acrobatics,Tailwind,Protect||||||50|,,,,,Flying]Urshifu-Rapid-Strike||MysticWater|UnseenFist|SurgingStrikes,CloseCombat,AquaJet,Detect|||F|||50|,,,,,Water]Landorus-Therian||ChoiceScarf|Intimidate|StompingTantrum,RockSlide,Uturn,TeraBlast|||M|||50|,,,,,Flying\n|inactive|tartadequeixo has 30 seconds left.\n|inactive|Joltra25 has 30 seconds left.\n|inactive|tartadequeixo has 20 seconds left.\n|inactive|Joltra25 has 20 seconds left.\n|inactive|Joltra25 has 15 seconds left.\n|inactive|Joltra25 has 10 seconds left.\n|inactive|Joltra25 has 5 seconds left.\n|\n|t:|1700686447\n|start\n|switch|p1a: Rillaboom|Rillaboom, L50, F|100\/100\n|switch|p1b: Jmodri|Arcanine-Hisui, L50, M|100\/100\n|switch|p2a: Landorus|Landorus-Therian, L50, M|100\/100\n|switch|p2b: Amoonguss|Amoonguss, L50, F|100\/100\n|-ability|p2a: Landorus|Intimidate|boost\n|-unboost|p1a: Rillaboom|atk|1\n|-unboost|p1b: Jmodri|atk|1\n|-ability|p1b: Jmodri|Intimidate|boost\n|-unboost|p2a: Landorus|atk|1\n|-unboost|p2b: Amoonguss|atk|1\n|-fieldstart|move: Grassy Terrain|[from] ability: Grassy Surge|[of] p1a: Rillaboom\n|turn|1\n|inactive|tartadequeixo has 30 seconds left.\n|inactive|Joltra25 has 30 seconds left.\n|inactive|tartadequeixo has 20 seconds left.\n|inactive|Joltra25 has 20 seconds left.\n|\n|t:|1700686487\n|switch|p2a: Iron Hands|Iron Hands, L50|100\/100\n|switch|p1b: Chien-Pao|Chien-Pao, L50|100\/100\n|-ability|p1b: Chien-Pao|Sword of Ruin\n|move|p1a: Rillaboom|Fake Out|p2a: Iron Hands\n|-damage|p2a: Iron Hands|93\/100\n|move|p2b: Amoonguss|Spore|p1b: Chien-Pao\n|-status|p1b: Chien-Pao|slp|[from] move: Spore\n|\n|-heal|p2a: Iron Hands|99\/100|[from] Grassy Terrain\n|upkeep\n|turn|2\n|inactive|Joltra25 has 30 seconds left.\n|\n|t:|1700686517\n|-end|p2a: Iron Hands|Quark Drive|[silent]\n|switch|p2a: Landorus|Landorus-Therian, L50, M|100\/100\n|-ability|p2a: Landorus|Intimidate|boost\n|-unboost|p1a: Rillaboom|atk|1\n|-unboost|p1b: Chien-Pao|atk|1\n|-terastallize|p1b: Chien-Pao|Ghost\n|cant|p1b: Chien-Pao|slp\n|move|p1a: Rillaboom|U-turn|p2b: Amoonguss\n|-damage|p2b: Amoonguss|89\/100\n|-damage|p1a: Rillaboom|84\/100|[from] item: Rocky Helmet|[of] p2b: Amoonguss\n|\n|t:|1700686527\n|switch|p1a: Jmodri|Arcanine-Hisui, L50, M|100\/100|[from] U-turn\n|-ability|p1a: Jmodri|Intimidate|boost\n|-unboost|p2a: Landorus|atk|1\n|-unboost|p2b: Amoonguss|atk|1\n|move|p2b: Amoonguss|Pollen Puff|p1b: Chien-Pao\n|-resisted|p1b: Chien-Pao\n|-damage|p1b: Chien-Pao|87\/100 slp\n|\n|-heal|p1b: Chien-Pao|93\/100 slp|[from] Grassy Terrain\n|-heal|p2b: Amoonguss|95\/100|[from] Grassy Terrain\n|upkeep\n|turn|3\n|inactive|Joltra25 has 30 seconds left.\n|inactive|Joltra25 has 20 seconds left.\n|inactive|Joltra25 has 15 seconds left.\n|inactive|Joltra25 has 10 seconds left.\n|\n|t:|1700686576\n|switch|p1a: Rillaboom|Rillaboom, L50, F|84\/100\n|move|p2b: Amoonguss|Protect|p2b: Amoonguss\n|-singleturn|p2b: Amoonguss|Protect\n|move|p2a: Landorus|U-turn|p1b: Chien-Pao\n|-resisted|p1b: Chien-Pao\n|-damage|p1b: Chien-Pao|81\/100 slp\n|\n|t:|1700686584\n|switch|p2a: Gholdengo|Gholdengo, L50|100\/100|[from] U-turn\n|cant|p1b: Chien-Pao|slp\n|\n|-heal|p1b: Chien-Pao|86\/100 slp|[from] Grassy Terrain\n|-heal|p1a: Rillaboom|90\/100|[from] Grassy Terrain\n|-heal|p2b: Amoonguss|100\/100|[from] Grassy Terrain\n|upkeep\n|turn|4\n|\n|t:|1700686599\n|switch|p2b: Landorus|Landorus-Therian, L50, M|100\/100\n|-ability|p2b: Landorus|Intimidate|boost\n|-unboost|p1a: Rillaboom|atk|1\n|-unboost|p1b: Chien-Pao|atk|1\n|move|p2a: Gholdengo|Protect|p2a: Gholdengo\n|-singleturn|p2a: Gholdengo|Protect\n|-curestatus|p1b: Chien-Pao|slp|[msg]\n|move|p1b: Chien-Pao|Sucker Punch||[still]\n|-fail|p1b: Chien-Pao\n|move|p1a: Rillaboom|High Horsepower|p2a: Gholdengo\n|-activate|p2a: Gholdengo|move: Protect\n|\n|-heal|p1b: Chien-Pao|92\/100|[from] Grassy Terrain\n|-heal|p1a: Rillaboom|96\/100|[from] Grassy Terrain\n|upkeep\n|turn|5\n|inactive|Joltra25 has 30 seconds left.\n|inactive|Joltra25 has 20 seconds left.\n|\n|t:|1700686634\n|-terastallize|p2b: Landorus|Flying\n|move|p1b: Chien-Pao|Sucker Punch||[still]\n|-fail|p1b: Chien-Pao\n|move|p1a: Rillaboom|Grassy Glide|p2a: Gholdengo\n|-resisted|p2a: Gholdengo\n|-damage|p2a: Gholdengo|85\/100\n|move|p2b: Landorus|Tera Blast|p1a: Rillaboom|[anim] Tera Blast Flying\n|-supereffective|p1a: Rillaboom\n|-damage|p1a: Rillaboom|0 fnt\n|faint|p1a: Rillaboom\n|move|p2a: Gholdengo|Nasty Plot|p2a: Gholdengo\n|-boost|p2a: Gholdengo|spa|2\n|\n|-heal|p1b: Chien-Pao|98\/100|[from] Grassy Terrain\n|-heal|p2a: Gholdengo|91\/100|[from] Grassy Terrain\n|-fieldend|move: Grassy Terrain\n|upkeep\n|\n|t:|1700686650\n|switch|p1a: Jmodri|Arcanine-Hisui, L50, M|100\/100\n|-ability|p1a: Jmodri|Intimidate|boost\n|-unboost|p2a: Gholdengo|atk|1\n|-unboost|p2b: Landorus|atk|1\n|turn|6\n|inactive|Joltra25 has 30 seconds left.\n|\n|t:|1700686680\n|switch|p2b: Iron Hands|Iron Hands, L50|99\/100\n|move|p2a: Gholdengo|Protect|p2a: Gholdengo\n|-singleturn|p2a: Gholdengo|Protect\n|move|p1b: Chien-Pao|Sucker Punch||[still]\n|-fail|p1b: Chien-Pao\n|move|p1a: Jmodri|Rock Slide|p2a: Gholdengo|[spread] p2b\n|-activate|p2a: Gholdengo|move: Protect\n|-resisted|p2b: Iron Hands\n|-damage|p2b: Iron Hands|81\/100\n|\n|upkeep\n|turn|7\n|inactive|Joltra25 has 30 seconds left.\n|\n|t:|1700686706\n|move|p2b: Iron Hands|Fake Out|p1a: Jmodri\n|-resisted|p1a: Jmodri\n|-crit|p1a: Jmodri\n|-damage|p1a: Jmodri|83\/100\n|move|p1b: Chien-Pao|Sucker Punch|p2a: Gholdengo\n|-supereffective|p2a: Gholdengo\n|-damage|p2a: Gholdengo|39\/100\n|cant|p1a: Jmodri|flinch\n|move|p2a: Gholdengo|Shadow Ball|p1b: Chien-Pao\n|-supereffective|p1b: Chien-Pao\n|-damage|p1b: Chien-Pao|0 fnt\n|faint|p1b: Chien-Pao\n|\n|upkeep\n|\n|t:|1700686717\n|switch|p1b: Flutter Mane|Flutter Mane, L50|100\/100\n|-enditem|p1b: Flutter Mane|Booster Energy\n|-activate|p1b: Flutter Mane|ability: Protosynthesis|[fromitem]\n|-start|p1b: Flutter Mane|protosynthesisspa\n|turn|8\n|inactive|Joltra25 has 30 seconds left.\n|inactive|Joltra25 has 20 seconds left.\n|\n|t:|1700686752\n|move|p1b: Flutter Mane|Dazzling Gleam|p2a: Gholdengo|[spread] p2a,p2b\n|-resisted|p2a: Gholdengo\n|-supereffective|p2b: Iron Hands\n|-damage|p2a: Gholdengo|16\/100\n|-damage|p2b: Iron Hands|32\/100\n|move|p1a: Jmodri|Rock Slide|p2a: Gholdengo|[spread] p2a,p2b\n|-resisted|p2a: Gholdengo\n|-resisted|p2b: Iron Hands\n|-damage|p2a: Gholdengo|0 fnt\n|-damage|p2b: Iron Hands|19\/100\n|faint|p2a: Gholdengo\n|move|p2b: Iron Hands|Drain Punch|p1a: Jmodri\n|-supereffective|p1a: Jmodri\n|-damage|p1a: Jmodri|0 fnt\n|-heal|p2b: Iron Hands|50\/100|[from] drain|[of] p1a: Jmodri\n|faint|p1a: Jmodri\n|\n|upkeep\n|\n|t:|1700686773\n|switch|p2a: Amoonguss|Amoonguss, L50, F|100\/100\n|turn|9\n|\n|t:|1700686785\n|move|p1b: Flutter Mane|Dazzling Gleam|p2a: Amoonguss|[spread] p2a,p2b\n|-resisted|p2a: Amoonguss\n|-supereffective|p2b: Iron Hands\n|-damage|p2a: Amoonguss|83\/100\n|-damage|p2b: Iron Hands|7\/100\n|move|p2b: Iron Hands|Volt Switch|p1b: Flutter Mane\n|-damage|p1b: Flutter Mane|87\/100\n|\n|t:|1700686793\n|-end|p2b: Iron Hands|Quark Drive|[silent]\n|switch|p2b: Landorus|Landorus-Therian, L50, M, tera:Flying|100\/100|[from] Volt Switch\n|-ability|p2b: Landorus|Intimidate|boost\n|-unboost|p1b: Flutter Mane|atk|1\n|move|p2a: Amoonguss|Spore|p1b: Flutter Mane\n|-status|p1b: Flutter Mane|slp|[from] move: Spore\n|\n|upkeep\n|turn|10\n|\n|t:|1700686807\n|move|p2b: Landorus|Tera Blast|p1b: Flutter Mane|[anim] Tera Blast Flying\n|-damage|p1b: Flutter Mane|0 fnt\n|faint|p1b: Flutter Mane\n|-end|p1b: Flutter Mane|Protosynthesis|[silent]\n|\n|win|Joltra25\n|c|&|\/uhtml prompt-tartadequeixo,tartadequeixo is ready for game 2!\n|c|&|\/uhtml prompt-tartadequeixo,tartadequeixo is ready for game 2!\n|inactive|Joltra25 has 50 seconds to confirm battle start!\n|c|&|\/uhtml prompt-tartadequeixo,tartadequeixo is ready for game 2!\n|c|&|\/uhtml prompt-tartadequeixo,tartadequeixo is ready for game 2!\n|c|&|\/uhtml prompt-tartadequeixo,tartadequeixo is ready for game 2!\n|c|&|\/uhtml prompt-tartadequeixo,tartadequeixo is ready for game 2!\n|c|&|\/uhtml prompt-tartadequeixo,tartadequeixo is ready for game 2!\n|c|&|\/uhtml prompt-tartadequeixo,tartadequeixo is ready for game 2!\n|inactive|Joltra25 has 40 seconds to confirm battle start!\n|c|&|\/uhtml prompt-tartadequeixo,tartadequeixo is ready for game 2!\n|c|&|\/uhtml prompt-tartadequeixo,tartadequeixo is ready for game 2!\n|l|\u2606Joltra25\n|c|&|\/uhtml prompt-tartadequeixo,tartadequeixo is ready for game 2!\n|c|&|\/uhtml prompt-joltra25,Joltra25 is ready for game 2!\nBoth players are ready! Starting next match!\n|j|\u2606Joltra25\n|player|p2|Joltra25|lyra\n","uploadtime":1700686817,"views":33,"p1id":"tartadequeixo","p2id":"joltra25","formatid":"gen9vgc2023regulatione","rating":0,"private":0,"password":""}