{"id":"gen9vgc2023regulatione-1999018903","p1":"VeganCannibal","p2":"Shinoz","format":"[Gen 9] VGC 2023 Regulation E","log":"|j|\u2606VeganCannibal\n|j|\u2606Shinoz\n|t:|1701024475\n|gametype|doubles\n|player|p1|VeganCannibal|169|1397\n|player|p2|Shinoz|169|1500\n|teamsize|p1|6\n|teamsize|p2|6\n|gen|9\n|tier|[Gen 9] VGC 2023 Regulation E\n|rated|\n|rule|Species Clause: Limit one of each Pok\u00e9mon\n|rule|Item Clause: Limit one of each item\n|clearpoke\n|poke|p1|Dondozo, L50, F|\n|poke|p1|Tatsugiri, L50, F|\n|poke|p1|Urshifu-*, L50, M|\n|poke|p1|Grumpig, L50, F|\n|poke|p1|Golduck, L50, M|\n|poke|p1|Luxray, L50, F|\n|poke|p2|Iron Bundle, L50|\n|poke|p2|Landorus-Therian, L50, M|\n|poke|p2|Rillaboom, L50, F|\n|poke|p2|Kingambit, L50, M|\n|poke|p2|Heatran, L50, F|\n|poke|p2|Iron Hands, L50|\n|teampreview|4\n|inactive|Battle timer is ON: inactive players will automatically lose when time's up. (requested by VeganCannibal)\nVeganCannibal rejected open team sheets.\n|inactive|Shinoz has 60 seconds left.\n|\n|t:|1701024509\n|start\n|switch|p1a: Grumpig|Grumpig, L50, F|100\/100\n|switch|p1b: Luxray|Luxray, L50, F|100\/100\n|switch|p2a: Iron Bundle|Iron Bundle, L50|100\/100\n|switch|p2b: Iron Hands|Iron Hands, L50, shiny|100\/100\n|-ability|p1b: Luxray|Intimidate|boost\n|-unboost|p2a: Iron Bundle|atk|1\n|-unboost|p2b: Iron Hands|atk|1\n|-enditem|p2a: Iron Bundle|Booster Energy\n|-activate|p2a: Iron Bundle|ability: Quark Drive|[fromitem]\n|-start|p2a: Iron Bundle|quarkdrivespe\n|turn|1\n|\n|t:|1701024531\n|move|p2a: Iron Bundle|Protect|p2a: Iron Bundle\n|-singleturn|p2a: Iron Bundle|Protect\n|move|p2b: Iron Hands|Fake Out|p1a: Grumpig\n|-damage|p1a: Grumpig|90\/100\n|move|p1b: Luxray|Wild Charge|p2a: Iron Bundle\n|-activate|p2a: Iron Bundle|move: Protect\n|cant|p1a: Grumpig|flinch\n|\n|upkeep\n|turn|2\n|\n|t:|1701024552\n|-end|p2a: Iron Bundle|Quark Drive|[silent]\n|switch|p2a: Rillaboom|Rillaboom, L50, F|100\/100\n|-fieldstart|move: Grassy Terrain|[from] ability: Grassy Surge|[of] p2a: Rillaboom\n|move|p1b: Luxray|Volt Switch|p2b: Iron Hands\n|-resisted|p2b: Iron Hands\n|-damage|p2b: Iron Hands|95\/100\n|\n|t:|1701024559\n|switch|p1b: Dondozo|Dondozo, L50, F|100\/100|[from] Volt Switch\n|move|p1a: Grumpig|Simple Beam|p1b: Dondozo\n|-endability|p1b: Dondozo|Oblivious|[from] move: Simple Beam\n|-ability|p1b: Dondozo|Simple|[from] move: Simple Beam\n|move|p2b: Iron Hands|Wild Charge|p1a: Grumpig\n|-damage|p1a: Grumpig|58\/100\n|-damage|p2b: Iron Hands|89\/100|[from] Recoil\n|\n|-heal|p1a: Grumpig|64\/100|[from] Grassy Terrain\n|-heal|p2b: Iron Hands|95\/100|[from] Grassy Terrain\n|upkeep\n|turn|3\n|\n|t:|1701024578\n|switch|p1a: Luxray|Luxray, L50, F|100\/100\n|-ability|p1a: Luxray|Intimidate|boost\n|-unboost|p2a: Rillaboom|atk|1\n|-unboost|p2b: Iron Hands|atk|1\n|move|p1b: Dondozo|Protect|p1b: Dondozo\n|-singleturn|p1b: Dondozo|Protect\n|move|p2a: Rillaboom|Fake Out|p1b: Dondozo\n|-activate|p1b: Dondozo|move: Protect\n|move|p2b: Iron Hands|Wild Charge|p1b: Dondozo\n|-activate|p1b: Dondozo|move: Protect\n|\n|-heal|p2b: Iron Hands|100\/100|[from] Grassy Terrain\n|upkeep\n|turn|4\n|inactive|VeganCannibal has 30 seconds left.\n|\n|t:|1701024603\n|switch|p1a: Tatsugiri|Tatsugiri, L50, F|100\/100\n|-activate|p1a: Tatsugiri|ability: Commander|[of] p1b: Dondozo\n|-boost|p1b: Dondozo|atk|4\n|-boost|p1b: Dondozo|spa|4\n|-boost|p1b: Dondozo|spe|4\n|-boost|p1b: Dondozo|def|4\n|-boost|p1b: Dondozo|spd|4\n|-end|p2b: Iron Hands|Quark Drive|[silent]\n|switch|p2b: Kingambit|Kingambit, L50, M, shiny|100\/100\n|-terastallize|p1b: Dondozo|Dragon\n|move|p1b: Dondozo|Order Up|p2a: Rillaboom\n|-damage|p2a: Rillaboom|26\/100\n|-enditem|p2a: Rillaboom|Sitrus Berry|[eat]\n|-heal|p2a: Rillaboom|51\/100|[from] item: Sitrus Berry\n|-boost|p1b: Dondozo|atk|2\n|move|p2a: Rillaboom|U-turn|p1b: Dondozo\n|-damage|p1b: Dondozo|97\/100\n|\n|t:|1701024621\n|switch|p2a: Iron Bundle|Iron Bundle, L50|100\/100|[from] U-turn\n|\n|-heal|p1b: Dondozo|100\/100|[from] Grassy Terrain\n|upkeep\n|turn|5\n|\n|t:|1701024640\n|move|p1b: Dondozo|Waterfall|p2b: Kingambit\n|-damage|p2b: Kingambit|21\/100\n|move|p2a: Iron Bundle|Freeze-Dry|p1b: Dondozo\n|-supereffective|p1b: Dondozo\n|-damage|p1b: Dondozo|86\/100\n|move|p2b: Kingambit|Swords Dance|p2b: Kingambit\n|-boost|p2b: Kingambit|atk|2\n|\n|-heal|p1b: Dondozo|93\/100|[from] Grassy Terrain\n|-heal|p1b: Dondozo|99\/100|[from] item: Leftovers\n|-heal|p2b: Kingambit|27\/100|[from] Grassy Terrain\n|upkeep\n|turn|6\n|\n|t:|1701024660\n|move|p2b: Kingambit|Sucker Punch|p1b: Dondozo\n|-damage|p1b: Dondozo|77\/100\n|move|p1b: Dondozo|Earthquake|p2a: Iron Bundle|[spread] p2a,p2b\n|-miss|p1b: Dondozo|p1a: Tatsugiri\n|-supereffective|p2b: Kingambit\n|-damage|p2a: Iron Bundle|65\/100\n|-damage|p2b: Kingambit|0 fnt\n|faint|p2b: Kingambit\n|move|p2a: Iron Bundle|Freeze-Dry|p1b: Dondozo\n|-supereffective|p1b: Dondozo\n|-damage|p1b: Dondozo|62\/100\n|\n|-heal|p1b: Dondozo|68\/100|[from] Grassy Terrain\n|-heal|p1b: Dondozo|74\/100|[from] item: Leftovers\n|-heal|p2a: Iron Bundle|70\/100|[from] Grassy Terrain\n|-fieldend|move: Grassy Terrain\n|upkeep\n|\n|t:|1701024679\n|switch|p2b: Iron Hands|Iron Hands, L50, shiny|100\/100\n|turn|7\n|\n|t:|1701024684\n|move|p1b: Dondozo|Protect|p1b: Dondozo\n|-singleturn|p1b: Dondozo|Protect\n|move|p2b: Iron Hands|Fake Out|p1b: Dondozo\n|-activate|p1b: Dondozo|move: Protect\n|move|p2a: Iron Bundle|Freeze-Dry|p1b: Dondozo\n|-activate|p1b: Dondozo|move: Protect\n|\n|-heal|p1b: Dondozo|80\/100|[from] item: Leftovers\n|upkeep\n|turn|8\n|\n|t:|1701024693\n|move|p1b: Dondozo|Order Up|p2a: Iron Bundle\n|-damage|p2a: Iron Bundle|0 fnt\n|faint|p2a: Iron Bundle\n|-end|p2a: Iron Bundle|Quark Drive|[silent]\n|-boost|p1b: Dondozo|atk|0\n|move|p2b: Iron Hands|Drain Punch|p1b: Dondozo\n|-damage|p1b: Dondozo|71\/100\n|\n|-heal|p1b: Dondozo|77\/100|[from] item: Leftovers\n|upkeep\n|\n|t:|1701024696\n|switch|p2a: Rillaboom|Rillaboom, L50, F|51\/100\n|-fieldstart|move: Grassy Terrain|[from] ability: Grassy Surge|[of] p2a: Rillaboom\n|turn|9\n|\n|t:|1701024704\n|move|p1b: Dondozo|Protect|p1b: Dondozo\n|-singleturn|p1b: Dondozo|Protect\n|move|p2a: Rillaboom|Fake Out|p1b: Dondozo\n|-activate|p1b: Dondozo|move: Protect\n|move|p2b: Iron Hands|Drain Punch|p1b: Dondozo\n|-activate|p1b: Dondozo|move: Protect\n|\n|-heal|p1b: Dondozo|83\/100|[from] Grassy Terrain\n|-heal|p1b: Dondozo|89\/100|[from] item: Leftovers\n|-heal|p2a: Rillaboom|57\/100|[from] Grassy Terrain\n|upkeep\n|turn|10\n|\n|t:|1701024713\n|-terastallize|p2b: Iron Hands|Water\n|move|p1b: Dondozo|Order Up|p2a: Rillaboom\n|-damage|p2a: Rillaboom|0 fnt\n|faint|p2a: Rillaboom\n|-boost|p1b: Dondozo|atk|0\n|move|p2b: Iron Hands|Drain Punch|p1b: Dondozo\n|-damage|p1b: Dondozo|80\/100\n|\n|-heal|p1b: Dondozo|86\/100|[from] Grassy Terrain\n|-heal|p1b: Dondozo|93\/100|[from] item: Leftovers\n|upkeep\n|turn|11\n|-message|Shinoz forfeited.\n|\n|win|VeganCannibal\n|raw|VeganCannibal's rating: 1397 &rarr; <strong>1423<\/strong><br \/>(+26 for winning)\n|raw|Shinoz's rating: 1500 &rarr; <strong>1474<\/strong><br \/>(-26 for losing)\n|l|\u2606VeganCannibal\n","uploadtime":1701024731,"views":5,"p1id":"vegancannibal","p2id":"shinoz","formatid":"gen9vgc2023regulatione","rating":1423,"private":0,"password":""}