{"id":"gen9vgc2023regulatione-1990308326","p1":"20221203wsm","p2":"ts02942461","format":"[Gen 9] VGC 2023 Regulation E","log":"|j|\u260620221203wsm\n|j|\u2606ts02942461\n|t:|1699954432\n|gametype|doubles\n|player|p1|20221203wsm|2|1337\n|player|p2|ts02942461|2|1309\n|teamsize|p1|6\n|teamsize|p2|6\n|gen|9\n|tier|[Gen 9] VGC 2023 Regulation E\n|rated|\n|rule|Species Clause: Limit one of each Pok\u00e9mon\n|rule|Item Clause: Limit one of each item\n|clearpoke\n|poke|p1|Rillaboom, L50, M|\n|poke|p1|Chien-Pao, L50|\n|poke|p1|Tornadus, L50, M|\n|poke|p1|Urshifu-*, L50, F|\n|poke|p1|Flutter Mane, L50|\n|poke|p1|Arcanine-Hisui, L50, M|\n|poke|p2|Landorus-Therian, L50, M|\n|poke|p2|Fezandipiti, L50, M|\n|poke|p2|Vikavolt, L50, F|\n|poke|p2|Urshifu-*, L50, M|\n|poke|p2|Scizor, L50, F|\n|poke|p2|Gastrodon, L50, F|\n|teampreview|4\n|inactive|Battle timer is ON: inactive players will automatically lose when time's up. (requested by 20221203wsm)\n|inactive|20221203wsm has 60 seconds left.\n|\n|t:|1699954473\n|start\n|switch|p1a: Tornadus|Tornadus, L50, M|100\/100\n|switch|p1b: Arcanine|Arcanine-Hisui, L50, M|100\/100\n|switch|p2a: Fezandipiti|Fezandipiti, L50, M|100\/100\n|switch|p2b: Scizor|Scizor, L50, F|100\/100\n|-ability|p1b: Arcanine|Intimidate|boost\n|-unboost|p2a: Fezandipiti|atk|1\n|-unboost|p2b: Scizor|atk|1\n|turn|1\n|\n|t:|1699954494\n|switch|p2b: Landorus|Landorus-Therian, L50, M|100\/100\n|-ability|p2b: Landorus|Intimidate|boost\n|-unboost|p1a: Tornadus|atk|1\n|-unboost|p1b: Arcanine|atk|1\n|move|p1a: Tornadus|Tailwind|p1a: Tornadus\n|-sidestart|p1: 20221203wsm|move: Tailwind\n|move|p1b: Arcanine|Flare Blitz|p2a: Fezandipiti\n|-damage|p2a: Fezandipiti|55\/100\n|-damage|p1b: Arcanine|84\/100|[from] Recoil\n|move|p2a: Fezandipiti|Icy Wind|p1b: Arcanine|[spread] p1a,p1b\n|-supereffective|p1a: Tornadus\n|-resisted|p1b: Arcanine\n|-damage|p1a: Tornadus|87\/100\n|-damage|p1b: Arcanine|79\/100\n|-unboost|p1b: Arcanine|spe|1\n|-status|p1b: Arcanine|tox|[from] ability: Toxic Chain|[of] p2a: Fezandipiti\n|\n|-heal|p2a: Fezandipiti|61\/100|[from] item: Leftovers\n|-damage|p1b: Arcanine|74\/100 tox|[from] psn\n|upkeep\n|turn|2\n|inactive|ts02942461 has 30 seconds left.\n|\n|t:|1699954523\n|move|p1a: Tornadus|Bleakwind Storm|p2a: Fezandipiti|[spread] p2a,p2b\n|-damage|p2a: Fezandipiti|37\/100\n|-damage|p2b: Landorus|64\/100\n|move|p1b: Arcanine|Flare Blitz|p2b: Landorus\n|-damage|p2b: Landorus|4\/100\n|-damage|p1b: Arcanine|51\/100 tox|[from] Recoil\n|move|p2b: Landorus|U-turn|p1a: Tornadus\n|-resisted|p1a: Tornadus\n|-damage|p1a: Tornadus|72\/100\n|\n|t:|1699954534\n|switch|p2b: Scizor|Scizor, L50, F|100\/100|[from] U-turn\n|move|p2a: Fezandipiti|Roost|p2a: Fezandipiti\n|-heal|p2a: Fezandipiti|87\/100\n|-singleturn|p2a: Fezandipiti|move: Roost\n|\n|-heal|p2a: Fezandipiti|94\/100|[from] item: Leftovers\n|-damage|p1b: Arcanine|39\/100 tox|[from] psn\n|upkeep\n|turn|3\n|\n|t:|1699954552\n|move|p2b: Scizor|Protect|p2b: Scizor\n|-singleturn|p2b: Scizor|Protect\n|move|p1a: Tornadus|Bleakwind Storm|p2b: Scizor|[spread] p2a\n|-activate|p2b: Scizor|move: Protect\n|-damage|p2a: Fezandipiti|70\/100\n|move|p1b: Arcanine|Flare Blitz|p2b: Scizor\n|-activate|p2b: Scizor|move: Protect\n|move|p2a: Fezandipiti|Icy Wind|p1b: Arcanine|[spread] p1a,p1b\n|-supereffective|p1a: Tornadus\n|-resisted|p1b: Arcanine\n|-damage|p1a: Tornadus|57\/100\n|-damage|p1b: Arcanine|34\/100 tox\n|-unboost|p1b: Arcanine|spe|1\n|\n|-heal|p2a: Fezandipiti|76\/100|[from] item: Leftovers\n|-damage|p1b: Arcanine|17\/100 tox|[from] psn\n|upkeep\n|turn|4\n|inactive|ts02942461 has 30 seconds left.\n|\n|t:|1699954577\n|-terastallize|p2b: Scizor|Fire\n|move|p1a: Tornadus|Bleakwind Storm|p2a: Fezandipiti|[spread] p2a,p2b\n|-damage|p2a: Fezandipiti|53\/100\n|-damage|p2b: Scizor|63\/100\n|move|p1b: Arcanine|Flare Blitz|p2a: Fezandipiti\n|-damage|p2a: Fezandipiti|6\/100\n|-damage|p1b: Arcanine|0 fnt|[from] Recoil\n|faint|p1b: Arcanine\n|move|p2a: Fezandipiti|Icy Wind|p1a: Tornadus\n|-supereffective|p1a: Tornadus\n|-damage|p1a: Tornadus|37\/100\n|move|p2b: Scizor|Swords Dance|p2b: Scizor\n|-boost|p2b: Scizor|atk|2\n|\n|-heal|p2a: Fezandipiti|12\/100|[from] item: Leftovers\n|-sideend|p1: 20221203wsm|move: Tailwind\n|upkeep\n|\n|t:|1699954592\n|switch|p1b: Urshifu|Urshifu-Rapid-Strike, L50, F|100\/100\n|turn|5\n|\n|t:|1699954610\n|switch|p2a: Gastrodon|Gastrodon, L50, F|100\/100\n|move|p1b: Urshifu|Detect|p1b: Urshifu\n|-singleturn|p1b: Urshifu|Protect\n|move|p1a: Tornadus|Tailwind|p1a: Tornadus\n|-sidestart|p1: 20221203wsm|move: Tailwind\n|move|p2b: Scizor|Bug Bite|p1b: Urshifu\n|-activate|p1b: Urshifu|move: Protect\n|\n|upkeep\n|turn|6\n|\n|t:|1699954629\n|switch|p1b: Rillaboom|Rillaboom, L50, M|100\/100\n|-fieldstart|move: Grassy Terrain|[from] ability: Grassy Surge|[of] p1b: Rillaboom\n|move|p2b: Scizor|Bullet Punch|p1a: Tornadus\n|-damage|p1a: Tornadus|0 fnt\n|faint|p1a: Tornadus\n|move|p2a: Gastrodon|Earth Power|p1b: Rillaboom\n|-resisted|p1b: Rillaboom\n|-damage|p1b: Rillaboom|91\/100\n|\n|-heal|p1b: Rillaboom|97\/100|[from] Grassy Terrain\n|-heal|p2b: Scizor|69\/100|[from] Grassy Terrain\n|upkeep\n|\n|t:|1699954641\n|switch|p1a: Urshifu|Urshifu-Rapid-Strike, L50, F|100\/100\n|turn|7\n|\n|t:|1699954660\n|move|p2a: Gastrodon|Protect|p2a: Gastrodon\n|-singleturn|p2a: Gastrodon|Protect\n|move|p1b: Rillaboom|Fake Out|p2b: Scizor\n|-damage|p2b: Scizor|54\/100\n|move|p1a: Urshifu|Close Combat|p2b: Scizor\n|-damage|p2b: Scizor|0 fnt\n|-unboost|p1a: Urshifu|def|1\n|-unboost|p1a: Urshifu|spd|1\n|faint|p2b: Scizor\n|\n|-heal|p1b: Rillaboom|100\/100|[from] Grassy Terrain\n|upkeep\n|\n|t:|1699954675\n|switch|p2b: Fezandipiti|Fezandipiti, L50, M|12\/100\n|turn|8\n|\n|t:|1699954687\n|switch|p2a: Landorus|Landorus-Therian, L50, M|4\/100\n|-ability|p2a: Landorus|Intimidate|boost\n|-unboost|p1a: Urshifu|atk|1\n|-unboost|p1b: Rillaboom|atk|1\n|move|p1a: Urshifu|Detect|p1a: Urshifu\n|-singleturn|p1a: Urshifu|Protect\n|move|p1b: Rillaboom|Grassy Glide|p2a: Landorus\n|-damage|p2a: Landorus|0 fnt\n|faint|p2a: Landorus\n|move|p2b: Fezandipiti|Icy Wind|p1b: Rillaboom|[spread] p1b\n|-activate|p1a: Urshifu|move: Protect\n|-supereffective|p1b: Rillaboom\n|-damage|p1b: Rillaboom|91\/100\n|-unboost|p1b: Rillaboom|spe|1\n|\n|-heal|p1b: Rillaboom|97\/100|[from] Grassy Terrain\n|-heal|p2b: Fezandipiti|18\/100|[from] Grassy Terrain\n|-heal|p2b: Fezandipiti|24\/100|[from] item: Leftovers\n|-sideend|p1: 20221203wsm|move: Tailwind\n|upkeep\n|\n|t:|1699954694\n|switch|p2a: Gastrodon|Gastrodon, L50, F|100\/100\n|turn|9\n|inactive|20221203wsm has 30 seconds left.\n|\n|t:|1699954727\n|move|p2a: Gastrodon|Protect|p2a: Gastrodon\n|-singleturn|p2a: Gastrodon|Protect\n|move|p1b: Rillaboom|Grassy Glide|p2b: Fezandipiti\n|-resisted|p2b: Fezandipiti\n|-damage|p2b: Fezandipiti|15\/100\n|move|p1a: Urshifu|Close Combat|p2b: Fezandipiti\n|-resisted|p2b: Fezandipiti\n|-damage|p2b: Fezandipiti|6\/100\n|-unboost|p1a: Urshifu|def|1\n|-unboost|p1a: Urshifu|spd|1\n|move|p2b: Fezandipiti|Dual Wingbeat|p1b: Rillaboom\n|-supereffective|p1b: Rillaboom\n|-damage|p1b: Rillaboom|83\/100\n|-supereffective|p1b: Rillaboom\n|-damage|p1b: Rillaboom|69\/100\n|-status|p1b: Rillaboom|tox|[from] ability: Toxic Chain|[of] p2b: Fezandipiti\n|-hitcount|p1b: Rillaboom|2\n|\n|-heal|p2b: Fezandipiti|12\/100|[from] Grassy Terrain\n|-heal|p2b: Fezandipiti|19\/100|[from] item: Leftovers\n|-heal|p1b: Rillaboom|74\/100 tox|[from] Grassy Terrain\n|-damage|p1b: Rillaboom|69\/100 tox|[from] psn\n|upkeep\n|turn|10\n|inactive|ts02942461 has 30 seconds left.\n|\n|t:|1699954758\n|move|p1b: Rillaboom|Grassy Glide|p2a: Gastrodon\n|-supereffective|p2a: Gastrodon\n|-damage|p2a: Gastrodon|15\/100\n|-enditem|p2a: Gastrodon|Wiki Berry|[eat]\n|-heal|p2a: Gastrodon|49\/100|[from] item: Wiki Berry\n|move|p1a: Urshifu|Surging Strikes|p2a: Gastrodon\n|-activate|p2a: Gastrodon|ability: Storm Drain\n|-ability|p2a: Gastrodon|Storm Drain|boost\n|-boost|p2a: Gastrodon|spa|1\n|move|p2b: Fezandipiti|Dual Wingbeat|p1a: Urshifu\n|-supereffective|p1a: Urshifu\n|-damage|p1a: Urshifu|73\/100\n|-supereffective|p1a: Urshifu\n|-damage|p1a: Urshifu|45\/100\n|-hitcount|p1a: Urshifu|2\n|move|p2a: Gastrodon|Earth Power|p1a: Urshifu\n|-damage|p1a: Urshifu|0 fnt\n|faint|p1a: Urshifu\n|\n|-heal|p2b: Fezandipiti|25\/100|[from] Grassy Terrain\n|-heal|p2b: Fezandipiti|31\/100|[from] item: Leftovers\n|-heal|p1b: Rillaboom|74\/100 tox|[from] Grassy Terrain\n|-heal|p2a: Gastrodon|55\/100|[from] Grassy Terrain\n|-damage|p1b: Rillaboom|63\/100 tox|[from] psn\n|-fieldend|move: Grassy Terrain\n|upkeep\n|turn|11\n|inactive|20221203wsm has 30 seconds left.\n|inactive|ts02942461 has 30 seconds left.\n|\n|t:|1699954786\n|move|p2a: Gastrodon|Protect|p2a: Gastrodon\n|-singleturn|p2a: Gastrodon|Protect\n|move|p2b: Fezandipiti|Roost|p2b: Fezandipiti\n|-heal|p2b: Fezandipiti|81\/100\n|-singleturn|p2b: Fezandipiti|move: Roost\n|move|p1b: Rillaboom|Wood Hammer|p2b: Fezandipiti\n|-resisted|p2b: Fezandipiti\n|-damage|p2b: Fezandipiti|67\/100\n|-damage|p1b: Rillaboom|58\/100 tox|[from] Recoil\n|\n|-heal|p2b: Fezandipiti|73\/100|[from] item: Leftovers\n|-damage|p1b: Rillaboom|41\/100 tox|[from] psn\n|upkeep\n|turn|12\n|-message|20221203wsm forfeited.\n|\n|win|ts02942461\n|raw|20221203wsm's rating: 1337 &rarr; <strong>1315<\/strong><br \/>(-22 for losing)\n|raw|ts02942461's rating: 1309 &rarr; <strong>1331<\/strong><br \/>(+22 for winning)\n|l|\u260620221203wsm\n","uploadtime":1699955013,"views":14,"p1id":"20221203wsm","p2id":"ts02942461","formatid":"gen9vgc2023regulatione","rating":1315,"private":0,"password":""}