{"id":"gen9vgc2023regulatione-1998010968","p1":"espiro0247","p2":"Beastkiller3","format":"[Gen 9] VGC 2023 Regulation E","log":"|j|\u2606espiro0247\n|j|\u2606Beastkiller3\n|t:|1700878673\n|gametype|doubles\n|player|p1|espiro0247|steven|1119\n|player|p2|Beastkiller3|cynthia-masters|1050\n|teamsize|p1|6\n|teamsize|p2|6\n|gen|9\n|tier|[Gen 9] VGC 2023 Regulation E\n|rated|\n|rule|Species Clause: Limit one of each Pok\u00e9mon\n|rule|Item Clause: Limit one of each item\n|clearpoke\n|poke|p1|Flutter Mane, L50|\n|poke|p1|Farigiraf, L50, F|\n|poke|p1|Brute Bonnet, L50|\n|poke|p1|Torkoal, L50, M|\n|poke|p1|Ambipom, L50, M|\n|poke|p1|Chien-Pao, L50|\n|poke|p2|Armarouge, L50, M|\n|poke|p2|Dragapult, L50, M|\n|poke|p2|Indeedee-F, L50, F|\n|poke|p2|Ogerpon-Wellspring, L50, F|\n|poke|p2|Iron Hands, L50|\n|poke|p2|Flutter Mane, L50|\n|teampreview|4\n|c|\u2606Beastkiller3|glhf\n|inactive|Battle timer is ON: inactive players will automatically lose when time's up. (requested by espiro0247)\n|inactive|Beastkiller3 has 60 seconds left.\n|\n|t:|1700878725\n|start\n|switch|p1a: Ambipom|Ambipom, L50, M|100\/100\n|switch|p1b: Farigiraf|Farigiraf, L50, F|100\/100\n|switch|p2a: Armarouge|Armarouge, L50, M|100\/100\n|switch|p2b: Dragapult|Dragapult, L50, M|100\/100\n|turn|1\n|\n|t:|1700878747\n|move|p2a: Armarouge|Protect|p2a: Armarouge\n|-singleturn|p2a: Armarouge|Protect\n|move|p1a: Ambipom|Fake Out|p2a: Armarouge\n|-activate|p2a: Armarouge|move: Protect\n|move|p2b: Dragapult|Will-O-Wisp|p1a: Ambipom\n|-status|p1a: Ambipom|brn\n|move|p1b: Farigiraf|Trick Room|p1b: Farigiraf\n|-fieldstart|move: Trick Room|[of] p1b: Farigiraf\n|\n|-damage|p1a: Ambipom|95\/100 brn|[from] brn\n|upkeep\n|turn|2\n|inactive|espiro0247 has 30 seconds left.\n|inactive|Beastkiller3 has 30 seconds left.\n|\n|t:|1700878778\n|switch|p2b: Iron Hands|Iron Hands, L50|100\/100\n|move|p1b: Farigiraf|Shadow Ball|p2a: Armarouge\n|-supereffective|p2a: Armarouge\n|-damage|p2a: Armarouge|29\/100\n|-unboost|p2a: Armarouge|spd|1\n|-enditem|p2a: Armarouge|Weakness Policy\n|-boost|p2a: Armarouge|atk|2|[from] item: Weakness Policy\n|-boost|p2a: Armarouge|spa|2|[from] item: Weakness Policy\n|move|p2a: Armarouge|Heat Wave|p1b: Farigiraf|[spread] p1a,p1b\n|-damage|p1a: Ambipom|0 fnt\n|-damage|p1b: Farigiraf|20\/100\n|faint|p1a: Ambipom\n|\n|upkeep\n|\n|t:|1700878790\n|switch|p1a: Torkoal|Torkoal, L50, M|100\/100\n|-weather|SunnyDay|[from] ability: Drought|[of] p1a: Torkoal\n|turn|3\n|\n|t:|1700878803\n|move|p2a: Armarouge|Protect|p2a: Armarouge\n|-singleturn|p2a: Armarouge|Protect\n|move|p1a: Torkoal|Eruption|p2b: Iron Hands|[spread] p2b\n|-activate|p2a: Armarouge|move: Protect\n|-damage|p2b: Iron Hands|58\/100\n|move|p2b: Iron Hands|Drain Punch|p1b: Farigiraf\n|-damage|p1b: Farigiraf|0 fnt\n|-heal|p2b: Iron Hands|65\/100|[from] drain|[of] p1b: Farigiraf\n|-damage|p2b: Iron Hands|49\/100|[from] item: Rocky Helmet|[of] p1b: Farigiraf\n|faint|p1b: Farigiraf\n|\n|-weather|SunnyDay|[upkeep]\n|upkeep\n|\n|t:|1700878812\n|switch|p1b: Flutter Mane|Flutter Mane, L50|100\/100\n|-activate|p1b: Flutter Mane|ability: Protosynthesis\n|-start|p1b: Flutter Mane|protosynthesisspe\n|turn|4\n|inactive|Beastkiller3 has 30 seconds left.\n|inactive|Beastkiller3 has 20 seconds left.\n|\n|t:|1700878849\n|-terastallize|p2b: Iron Hands|Fire\n|move|p2a: Armarouge|Protect|p2a: Armarouge\n|-singleturn|p2a: Armarouge|Protect\n|move|p1a: Torkoal|Eruption|p2b: Iron Hands|[spread] p2b\n|-activate|p2a: Armarouge|move: Protect\n|-resisted|p2b: Iron Hands\n|-damage|p2b: Iron Hands|28\/100\n|move|p2b: Iron Hands|Heavy Slam|p1b: Flutter Mane\n|-supereffective|p1b: Flutter Mane\n|-damage|p1b: Flutter Mane|0 fnt\n|faint|p1b: Flutter Mane\n|-end|p1b: Flutter Mane|Protosynthesis|[silent]\n|\n|-weather|SunnyDay|[upkeep]\n|upkeep\n|turn|5\n|c|\u2606espiro0247|gg\n|c|\u2606Beastkiller3|ggs\n|inactive|Beastkiller3 has 30 seconds left.\n|inactive|Beastkiller3 has 20 seconds left.\n|inactive|Beastkiller3 has 15 seconds left.\n|\n|t:|1700878889\n|move|p1a: Torkoal|Earth Power|p2b: Iron Hands\n|-supereffective|p2b: Iron Hands\n|-damage|p2b: Iron Hands|0 fnt\n|faint|p2b: Iron Hands\n|-end|p2b: Iron Hands|Quark Drive|[silent]\n|move|p2a: Armarouge|Expanding Force|p1a: Torkoal\n|-damage|p1a: Torkoal|10\/100\n|\n|-weather|SunnyDay|[upkeep]\n|-fieldend|move: Trick Room\n|upkeep\n|\n|t:|1700878898\n|switch|p2b: Indeedee|Indeedee-F, L50, F|100\/100\n|-fieldstart|move: Psychic Terrain|[from] ability: Psychic Surge|[of] p2b: Indeedee\n|turn|6\n|\n|t:|1700878906\n|move|p2a: Armarouge|Expanding Force|p1a: Torkoal\n|-damage|p1a: Torkoal|0 fnt\n|faint|p1a: Torkoal\n|\n|win|Beastkiller3\n|raw|espiro0247's rating: 1119 &rarr; <strong>1089<\/strong><br \/>(-30 for losing)\n|raw|Beastkiller3's rating: 1050 &rarr; <strong>1089<\/strong><br \/>(+39 for winning)\n|l|\u2606espiro0247\n","uploadtime":1700878915,"views":7,"p1id":"espiro0247","p2id":"beastkiller3","formatid":"gen9vgc2023regulatione","rating":1089,"private":0,"password":""}