{"id":"gen9vgc2023regulatione-1989476823","p1":"SoulKingPR","p2":"Josue_29","format":"[Gen 9] VGC 2023 Regulation E","log":"|j|\u2606SoulKingPR\n|j|\u2606Josue_29\n|t:|1699856840\n|gametype|doubles\n|player|p1|SoulKingPR|266|\n|player|p2|Josue_29|red|\n|teamsize|p1|6\n|teamsize|p2|6\n|gen|9\n|tier|[Gen 9] VGC 2023 Regulation E\n|rule|Species Clause: Limit one of each Pok\u00e9mon\n|rule|Item Clause: Limit one of each item\n|clearpoke\n|poke|p1|Chien-Pao, L50|\n|poke|p1|Flutter Mane, L50|\n|poke|p1|Landorus-Therian, L50, M|\n|poke|p1|Iron Hands, L50|\n|poke|p1|Tornadus, L50, M|\n|poke|p1|Heatran, L50, F|\n|poke|p2|Dusclops, L50, M|\n|poke|p2|Amoonguss, L50, M|\n|poke|p2|Enamorus-Therian, L50, F|\n|poke|p2|Iron Hands, L50|\n|poke|p2|Okidogi, L50, M|\n|poke|p2|Cresselia, L50, F|\n|teampreview|4\n|\n|t:|1699856872\n|start\n|switch|p1a: Flutter Mane|Flutter Mane, L50, shiny|100\/100\n|switch|p1b: Iron Hands|Iron Hands, L50|100\/100\n|switch|p2a: Cresselia|Cresselia, L50, F, shiny|100\/100\n|switch|p2b: Dusclops|Dusclops, L50, M, shiny|100\/100\n|-item|p1a: Flutter Mane|Life Orb|[from] ability: Frisk|[of] p2b: Dusclops|[identify]\n|-item|p1b: Iron Hands|Clear Amulet|[from] ability: Frisk|[of] p2b: Dusclops|[identify]\n|turn|1\n|\n|t:|1699856893\n|move|p1a: Flutter Mane|Protect|p1a: Flutter Mane\n|-singleturn|p1a: Flutter Mane|Protect\n|move|p1b: Iron Hands|Drain Punch|p2a: Cresselia\n|-resisted|p2a: Cresselia\n|-damage|p2a: Cresselia|85\/100\n|move|p2b: Dusclops|Will-O-Wisp|p1b: Iron Hands\n|-status|p1b: Iron Hands|brn\n|move|p2a: Cresselia|Trick Room|p2a: Cresselia\n|-fieldstart|move: Trick Room|[of] p2a: Cresselia\n|\n|-damage|p1b: Iron Hands|94\/100 brn|[from] brn\n|upkeep\n|turn|2\n|\n|t:|1699856931\n|move|p2b: Dusclops|Will-O-Wisp|p1a: Flutter Mane|[miss]\n|-miss|p2b: Dusclops|p1a: Flutter Mane\n|move|p1b: Iron Hands|Drain Punch|p2b: Dusclops\n|-immune|p2b: Dusclops\n|move|p2a: Cresselia|Moonblast|p1b: Iron Hands\n|-supereffective|p1b: Iron Hands\n|-damage|p1b: Iron Hands|59\/100 brn\n|move|p1a: Flutter Mane|Shadow Ball|p2b: Dusclops\n|-supereffective|p2b: Dusclops\n|-damage|p2b: Dusclops|21\/100\n|-damage|p1a: Flutter Mane|90\/100|[from] item: Life Orb\n|\n|-damage|p1b: Iron Hands|53\/100 brn|[from] brn\n|upkeep\n|turn|3\n|\n|t:|1699856982\n|switch|p2b: Enamorus|Enamorus-Therian, L50, F|100\/100\n|move|p1b: Iron Hands|Drain Punch|p2a: Cresselia\n|-resisted|p2a: Cresselia\n|-damage|p2a: Cresselia|78\/100\n|-heal|p1b: Iron Hands|57\/100 brn|[from] drain|[of] p2a: Cresselia\n|move|p2a: Cresselia|Light Screen|p2a: Cresselia\n|-sidestart|p2: Josue_29|move: Light Screen\n|move|p1a: Flutter Mane|Power Gem|p2b: Enamorus\n|-supereffective|p2b: Enamorus\n|-damage|p2b: Enamorus|60\/100\n|-damage|p1a: Flutter Mane|80\/100|[from] item: Life Orb\n|\n|-damage|p1b: Iron Hands|51\/100 brn|[from] brn\n|upkeep\n|turn|4\n|\n|t:|1699857005\n|move|p1a: Flutter Mane|Protect|p1a: Flutter Mane\n|-singleturn|p1a: Flutter Mane|Protect\n|move|p2b: Enamorus|Springtide Storm|p1a: Flutter Mane|[spread] p1b\n|-activate|p1a: Flutter Mane|move: Protect\n|-supereffective|p1b: Iron Hands\n|-damage|p1b: Iron Hands|0 fnt\n|faint|p1b: Iron Hands\n|-end|p1b: Iron Hands|Quark Drive|[silent]\n|-damage|p2b: Enamorus|50\/100|[from] item: Life Orb\n|move|p2a: Cresselia|Moonlight|p2a: Cresselia\n|-heal|p2a: Cresselia|100\/100\n|\n|upkeep\n|\n|t:|1699857023\n|switch|p1b: Heatran|Heatran, L50, F|100\/100\n|turn|5\n|\n|t:|1699857052\n|move|p2b: Enamorus|Earth Power|p1b: Heatran\n|-supereffective|p1b: Heatran\n|-damage|p1b: Heatran|20\/100\n|-damage|p2b: Enamorus|40\/100|[from] item: Life Orb\n|move|p2a: Cresselia|Moonblast|p1a: Flutter Mane\n|-damage|p1a: Flutter Mane|60\/100\n|move|p1b: Heatran|Heat Wave|p2a: Cresselia|[spread] p2a,p2b\n|-damage|p2a: Cresselia|84\/100\n|-damage|p2b: Enamorus|18\/100\n|move|p1a: Flutter Mane|Dazzling Gleam|p2b: Enamorus|[spread] p2a,p2b\n|-damage|p2a: Cresselia|65\/100\n|-damage|p2b: Enamorus|0 fnt\n|faint|p2b: Enamorus\n|-damage|p1a: Flutter Mane|50\/100|[from] item: Life Orb\n|\n|-fieldend|move: Trick Room\n|upkeep\n|\n|t:|1699857069\n|switch|p2b: Dusclops|Dusclops, L50, M, shiny|21\/100\n|-item|p1a: Flutter Mane|Life Orb|[from] ability: Frisk|[of] p2b: Dusclops|[identify]\n|-item|p1b: Heatran|Assault Vest|[from] ability: Frisk|[of] p2b: Dusclops|[identify]\n|turn|6\n|\n|t:|1699857094\n|move|p1a: Flutter Mane|Protect|p1a: Flutter Mane\n|-singleturn|p1a: Flutter Mane|Protect\n|move|p1b: Heatran|Heat Wave|p2a: Cresselia|[spread] p2a,p2b\n|-damage|p2a: Cresselia|49\/100\n|-damage|p2b: Dusclops|5\/100\n|move|p2b: Dusclops|Night Shade|p1a: Flutter Mane\n|-activate|p1a: Flutter Mane|move: Protect\n|move|p2a: Cresselia|Trick Room|p2a: Cresselia\n|-fieldstart|move: Trick Room|[of] p2a: Cresselia\n|\n|upkeep\n|turn|7\n|\n|t:|1699857118\n|move|p2b: Dusclops|Night Shade|p1a: Flutter Mane\n|-damage|p1a: Flutter Mane|16\/100\n|move|p2a: Cresselia|Moonlight|p2a: Cresselia\n|-heal|p2a: Cresselia|99\/100\n|move|p1b: Heatran|Heat Wave|p2a: Cresselia|[spread] p2a\n|-miss|p1b: Heatran|p2b: Dusclops\n|-damage|p2a: Cresselia|83\/100\n|move|p1a: Flutter Mane|Shadow Ball|p2b: Dusclops\n|-supereffective|p2b: Dusclops\n|-damage|p2b: Dusclops|0 fnt\n|faint|p2b: Dusclops\n|-damage|p1a: Flutter Mane|6\/100|[from] item: Life Orb\n|\n|-sideend|p2: Josue_29|move: Light Screen\n|upkeep\n|\n|t:|1699857135\n|switch|p2b: Iron Hands|Iron Hands, L50, shiny|100\/100\n|turn|8\n|\n|t:|1699857146\n|move|p1a: Flutter Mane|Protect|p1a: Flutter Mane\n|-singleturn|p1a: Flutter Mane|Protect\n|move|p2a: Cresselia|Moonblast|p1a: Flutter Mane\n|-activate|p1a: Flutter Mane|move: Protect\n|move|p2b: Iron Hands|Drain Punch|p1b: Heatran\n|-supereffective|p1b: Heatran\n|-damage|p1b: Heatran|0 fnt\n|faint|p1b: Heatran\n|\n|upkeep\n|\n|t:|1699857157\n|switch|p1b: Landorus|Landorus-Therian, L50, M|100\/100\n|-ability|p1b: Landorus|Intimidate|boost\n|-unboost|p2a: Cresselia|atk|1\n|-unboost|p2b: Iron Hands|atk|1\n|turn|9\n|\n|t:|1699857176\n|move|p2b: Iron Hands|Protect|p2b: Iron Hands\n|-singleturn|p2b: Iron Hands|Protect\n|move|p1b: Landorus|Protect|p1b: Landorus\n|-singleturn|p1b: Landorus|Protect\n|move|p2a: Cresselia|Moonblast|p1a: Flutter Mane\n|-damage|p1a: Flutter Mane|0 fnt\n|faint|p1a: Flutter Mane\n|-end|p1a: Flutter Mane|Protosynthesis|[silent]\n|\n|upkeep\n|turn|10\n|\n|t:|1699857226\n|-terastallize|p2a: Cresselia|Electric\n|move|p1b: Landorus|Protect||[still]\n|-fail|p1b: Landorus\n|move|p2a: Cresselia|Moonblast|p1b: Landorus\n|-damage|p1b: Landorus|73\/100\n|move|p2b: Iron Hands|Drain Punch|p1b: Landorus\n|-resisted|p1b: Landorus\n|-crit|p1b: Landorus\n|-damage|p1b: Landorus|39\/100\n|\n|-fieldend|move: Trick Room\n|upkeep\n|turn|11\n|\n|t:|1699857242\n|-terastallize|p1b: Landorus|Flying\n|move|p1b: Landorus|Protect|p1b: Landorus\n|-singleturn|p1b: Landorus|Protect\n|move|p2b: Iron Hands|Drain Punch|p1b: Landorus\n|-activate|p1b: Landorus|move: Protect\n|move|p2a: Cresselia|Moonblast|p1b: Landorus\n|-activate|p1b: Landorus|move: Protect\n|\n|upkeep\n|turn|12\n|\n|t:|1699857260\n|move|p1b: Landorus|Protect||[still]\n|-fail|p1b: Landorus\n|move|p2b: Iron Hands|Drain Punch|p1b: Landorus\n|-resisted|p1b: Landorus\n|-damage|p1b: Landorus|22\/100\n|move|p2a: Cresselia|Moonblast|p1b: Landorus\n|-damage|p1b: Landorus|0 fnt\n|faint|p1b: Landorus\n|\n|win|Josue_29\n","uploadtime":1699857281,"views":9,"p1id":"soulkingpr","p2id":"josue29","formatid":"gen9vgc2023regulatione","rating":0,"private":0,"password":""}