{"id":"gen9vgc2023regulatione-1990940868","p1":"j1m13o","p2":"alexshyness","format":"[Gen 9] VGC 2023 Regulation E","log":"|j|\u2606j1m13o\n|j|\u2606alexshyness\n|t:|1700017627\n|gametype|doubles\n|player|p1|j1m13o|102|1224\n|player|p2|alexshyness|lyra|1323\n|teamsize|p1|6\n|teamsize|p2|6\n|gen|9\n|tier|[Gen 9] VGC 2023 Regulation E\n|rated|\n|rule|Species Clause: Limit one of each Pok\u00e9mon\n|rule|Item Clause: Limit one of each item\n|clearpoke\n|poke|p1|Ursaluna-Bloodmoon, L50, M|\n|poke|p1|Torkoal, L50, M|\n|poke|p1|Dusclops, L50, F|\n|poke|p1|Clefable, L50, F|\n|poke|p1|Golem-Alola, L50, F|\n|poke|p1|Lucario, L50, F|\n|poke|p2|Hydreigon, L50, F|\n|poke|p2|Tornadus, L50, M|\n|poke|p2|Gholdengo, L50|\n|poke|p2|Arcanine-Hisui, L50, M|\n|poke|p2|Rillaboom, L50, F|\n|poke|p2|Urshifu-*, L50, M|\n|teampreview|4\n|\n|t:|1700017653\n|start\n|switch|p1a: Mr. Hands|Dusclops, L50, F|100\/100\n|switch|p1b: Clefable|Clefable, L50, F|100\/100\n|switch|p2a: Tornadus|Tornadus, L50, M|100\/100\n|switch|p2b: Gholdengo|Gholdengo, L50|100\/100\n|-item|p2a: Tornadus|Covert Cloak|[from] ability: Frisk|[of] p1a: Mr. Hands|[identify]\n|-item|p2b: Gholdengo|Leftovers|[from] ability: Frisk|[of] p1a: Mr. Hands|[identify]\n|turn|1\n|inactive|Battle timer is ON: inactive players will automatically lose when time's up. (requested by alexshyness)\n|\n|t:|1700017675\n|move|p1b: Clefable|Follow Me|p1b: Clefable\n|-singleturn|p1b: Clefable|move: Follow Me\n|move|p2a: Tornadus|Taunt|p1b: Clefable\n|-start|p1b: Clefable|move: Taunt\n|move|p2b: Gholdengo|Make It Rain|p1b: Clefable|[spread] p1a,p1b\n|-supereffective|p1b: Clefable\n|-damage|p1a: Mr. Hands|77\/100\n|-damage|p1b: Clefable|21\/100\n|-unboost|p2b: Gholdengo|spa|1\n|-enditem|p1b: Clefable|Eject Button\n|\n|t:|1700017684\n|switch|p1b: Ursaluna|Ursaluna-Bloodmoon, L50, M|100\/100\n|move|p1a: Mr. Hands|Trick Room|p1a: Mr. Hands\n|-fieldstart|move: Trick Room|[of] p1a: Mr. Hands\n|\n|upkeep\n|turn|2\n|\n|t:|1700017697\n|-terastallize|p1b: Ursaluna|Normal\n|move|p1a: Mr. Hands|Helping Hand|p1b: Ursaluna\n|-singleturn|p1b: Ursaluna|Helping Hand|[of] p1a: Mr. Hands\n|move|p2a: Tornadus|Protect|p2a: Tornadus\n|-singleturn|p2a: Tornadus|Protect\n|move|p2b: Gholdengo|Protect|p2b: Gholdengo\n|-singleturn|p2b: Gholdengo|Protect\n|move|p1b: Ursaluna|Hyper Voice|p2a: Tornadus|[spread] \n|-activate|p2a: Tornadus|move: Protect\n|-activate|p2b: Gholdengo|move: Protect\n|\n|upkeep\n|turn|3\n|\n|t:|1700017718\n|move|p1a: Mr. Hands|Helping Hand|p1b: Ursaluna\n|-singleturn|p1b: Ursaluna|Helping Hand|[of] p1a: Mr. Hands\n|move|p1b: Ursaluna|Earth Power|p2b: Gholdengo\n|-supereffective|p2b: Gholdengo\n|-damage|p2b: Gholdengo|0 fnt\n|faint|p2b: Gholdengo\n|move|p2a: Tornadus|Bleakwind Storm|p1b: Ursaluna|[spread] p1b\n|-miss|p2a: Tornadus|p1a: Mr. Hands\n|-damage|p1b: Ursaluna|58\/100\n|-unboost|p1b: Ursaluna|spe|1\n|\n|upkeep\n|\n|t:|1700017737\n|switch|p2b: Arcanine|Arcanine-Hisui, L50, M|100\/100\n|-ability|p2b: Arcanine|Intimidate|boost\n|-unboost|p1a: Mr. Hands|atk|1\n|-unboost|p1b: Ursaluna|atk|1\n|turn|4\n|\n|t:|1700017745\n|move|p1a: Mr. Hands|Helping Hand|p1b: Ursaluna\n|-singleturn|p1b: Ursaluna|Helping Hand|[of] p1a: Mr. Hands\n|move|p2a: Tornadus|Taunt|p1a: Mr. Hands\n|-start|p1a: Mr. Hands|move: Taunt\n|move|p1b: Ursaluna|Earth Power|p2b: Arcanine\n|-supereffective|p2b: Arcanine\n|-damage|p2b: Arcanine|0 fnt\n|faint|p2b: Arcanine\n|\n|upkeep\n|\n|t:|1700017753\n|switch|p2b: Urshifu|Urshifu-Rapid-Strike, L50, M|100\/100\n|turn|5\n|\n|t:|1700017763\n|switch|p1a: Clefable|Clefable, L50, F|21\/100\n|-terastallize|p2b: Urshifu|Water\n|move|p2a: Tornadus|Protect|p2a: Tornadus\n|-singleturn|p2a: Tornadus|Protect\n|move|p1b: Ursaluna|Hyper Voice|p2a: Tornadus|[spread] p2b\n|-activate|p2a: Tornadus|move: Protect\n|-enditem|p1b: Ursaluna|Normal Gem|[from] gem\n|-damage|p2b: Urshifu|0 fnt\n|faint|p2b: Urshifu\n|\n|-fieldend|move: Trick Room\n|upkeep\n|turn|6\n|-message|alexshyness forfeited.\n|\n|win|j1m13o\n|raw|j1m13o's rating: 1224 &rarr; <strong>1256<\/strong><br \/>(+32 for winning)\n|raw|alexshyness's rating: 1323 &rarr; <strong>1297<\/strong><br \/>(-26 for losing)\n|l|\u2606alexshyness\n|c|\u2606j1m13o|lol\n","uploadtime":1700017782,"views":26,"p1id":"j1m13o","p2id":"alexshyness","formatid":"gen9vgc2023regulatione","rating":1256,"private":0,"password":""}