{"id":"gen9vgc2023regulatione-1999909225","p1":"Koyigmsh","p2":"lvargas01","format":"[Gen 9] VGC 2023 Regulation E","log":"|j|\u2606Koyigmsh\n|j|\u2606lvargas01\n|n|\u2606Koyigmsh|koyigmsh\n|n|\u2606lvargas01|lvargas01\n|html|View the match progress at <a href=\"\/game-bestof3-gen9vgc2023regulatione-1999903772\">game-bestof3-gen9vgc2023regulatione-1999903772<\/a>\n|t:|1701128906\n|gametype|doubles\n|player|p1|Koyigmsh|cheren-gen5bw2|\n|player|p2|lvargas01|gambler|\n|teamsize|p1|6\n|teamsize|p2|6\n|gen|9\n|tier|[Gen 9] VGC 2023 Regulation E\n|rule|Species Clause: Limit one of each Pok\u00e9mon\n|rule|Item Clause: Limit one of each item\n|clearpoke\n|poke|p1|Flutter Mane, L50|\n|poke|p1|Landorus-Therian, L50, M|\n|poke|p1|Tornadus, L50, M|\n|poke|p1|Urshifu-*, L50, F|\n|poke|p1|Empoleon, L50, F|\n|poke|p1|Rillaboom, L50, F|\n|poke|p2|Kingambit, L50, F|\n|poke|p2|Ogerpon-Wellspring, L50, F|\n|poke|p2|Landorus-Therian, L50, M|\n|poke|p2|Iron Hands, L50|\n|poke|p2|Flutter Mane, L50|\n|poke|p2|Chi-Yu, L50|\n|teampreview|4\n|inactive|Battle timer is ON: inactive players will automatically lose when time's up. (requested by lvargas01)\nlvargas01 has agreed to open team sheets.\n|inactive|Koyigmsh has 60 seconds left.\n|inactive|lvargas01 has 60 seconds left.\n|\n|t:|1701128946\n|start\n|switch|p1a: Tornadus|Tornadus, L50, M|100\/100\n|switch|p1b: Urshifu|Urshifu-Rapid-Strike, L50, F|100\/100\n|switch|p2a: Iron Hands|Iron Hands, L50|100\/100\n|switch|p2b: Landorus|Landorus-Therian, L50, M|100\/100\n|-ability|p2b: Landorus|Intimidate|boost\n|-unboost|p1a: Tornadus|atk|1\n|-unboost|p1b: Urshifu|atk|1\n|turn|1\n|inactive|Koyigmsh has 30 seconds left.\n|\n|t:|1701128975\n|switch|p2b: Ogerpon|Ogerpon-Wellspring, L50, F|100\/100\n|switch|p1b: Rillaboom|Rillaboom, L50, F|100\/100\n|-fieldstart|move: Grassy Terrain|[from] ability: Grassy Surge|[of] p1b: Rillaboom\n|-terastallize|p1a: Tornadus|Ghost\n|move|p2a: Iron Hands|Fake Out|p1a: Tornadus\n|-immune|p1a: Tornadus\n|move|p1a: Tornadus|Bleakwind Storm|p2b: Ogerpon|[spread] p2a,p2b\n|-supereffective|p2b: Ogerpon\n|-damage|p2a: Iron Hands|84\/100\n|-damage|p2b: Ogerpon|38\/100\n|-unboost|p2a: Iron Hands|spe|1\n|\n|-heal|p2b: Ogerpon|43\/100|[from] Grassy Terrain\n|-heal|p2a: Iron Hands|90\/100|[from] Grassy Terrain\n|upkeep\n|turn|2\n|inactive|Koyigmsh has 30 seconds left.\n|inactive|lvargas01 has 30 seconds left.\n|\n|t:|1701129003\n|-end|p2a: Iron Hands|Quark Drive|[silent]\n|switch|p2a: Landorus|Landorus-Therian, L50, M|100\/100\n|-ability|p2a: Landorus|Intimidate|boost\n|-unboost|p1a: Tornadus|atk|1\n|-unboost|p1b: Rillaboom|atk|1\n|move|p2b: Ogerpon|Spiky Shield|p2b: Ogerpon\n|-singleturn|p2b: Ogerpon|move: Protect\n|move|p1b: Rillaboom|Fake Out|p2a: Landorus\n|-damage|p2a: Landorus|91\/100\n|move|p1a: Tornadus|Bleakwind Storm|p2b: Ogerpon|[spread] p2a\n|-activate|p2b: Ogerpon|move: Protect\n|-damage|p2a: Landorus|53\/100\n|-unboost|p2a: Landorus|spe|1\n|\n|-heal|p2b: Ogerpon|49\/100|[from] Grassy Terrain\n|upkeep\n|turn|3\n|inactive|Koyigmsh has 30 seconds left.\n|inactive|lvargas01 has 30 seconds left.\n|\n|t:|1701129033\n|switch|p2b: Iron Hands|Iron Hands, L50|90\/100\n|move|p1a: Tornadus|Bleakwind Storm|p2b: Iron Hands|[spread] p2b\n|-miss|p1a: Tornadus|p2a: Landorus\n|-damage|p2b: Iron Hands|75\/100\n|move|p2a: Landorus|U-turn|p1b: Rillaboom\n|-supereffective|p1b: Rillaboom\n|-damage|p1b: Rillaboom|55\/100\n|\n|t:|1701129049\n|switch|p2a: Flutter Mane|Flutter Mane, L50|100\/100|[from] U-turn\n|-enditem|p2a: Flutter Mane|Booster Energy\n|-activate|p2a: Flutter Mane|ability: Protosynthesis|[fromitem]\n|-start|p2a: Flutter Mane|protosynthesisspe\n|move|p1b: Rillaboom|Wood Hammer|p2b: Iron Hands\n|-damage|p2b: Iron Hands|30\/100\n|-damage|p1b: Rillaboom|37\/100|[from] Recoil\n|\n|-heal|p1b: Rillaboom|43\/100|[from] Grassy Terrain\n|-heal|p2b: Iron Hands|36\/100|[from] Grassy Terrain\n|upkeep\n|turn|4\n|inactive|lvargas01 has 30 seconds left.\n|\n|t:|1701129079\n|switch|p1a: Empoleon|Empoleon, L50, F|100\/100\n|move|p1b: Rillaboom|Protect|p1b: Rillaboom\n|-singleturn|p1b: Rillaboom|Protect\n|move|p2b: Iron Hands|Fake Out|p1b: Rillaboom\n|-activate|p1b: Rillaboom|move: Protect\n|move|p2a: Flutter Mane|Shadow Ball|p1a: Empoleon\n|-damage|p1a: Empoleon|63\/100\n|\n|-heal|p1b: Rillaboom|49\/100|[from] Grassy Terrain\n|-heal|p1a: Empoleon|69\/100|[from] Grassy Terrain\n|-heal|p1a: Empoleon|74\/100|[from] item: Leftovers\n|-heal|p2b: Iron Hands|42\/100|[from] Grassy Terrain\n|upkeep\n|turn|5\n|inactive|Koyigmsh has 30 seconds left.\n|\n|t:|1701129105\n|move|p2a: Flutter Mane|Protect|p2a: Flutter Mane\n|-singleturn|p2a: Flutter Mane|Protect\n|move|p1b: Rillaboom|Grassy Glide|p2a: Flutter Mane\n|-activate|p2a: Flutter Mane|move: Protect\n|move|p1a: Empoleon|Flash Cannon|p2a: Flutter Mane\n|-activate|p2a: Flutter Mane|move: Protect\n|move|p2b: Iron Hands|Drain Punch|p1a: Empoleon\n|-supereffective|p1a: Empoleon\n|-damage|p1a: Empoleon|0 fnt\n|-heal|p2b: Iron Hands|72\/100|[from] drain|[of] p1a: Empoleon\n|faint|p1a: Empoleon\n|\n|-heal|p1b: Rillaboom|55\/100|[from] Grassy Terrain\n|-heal|p2b: Iron Hands|78\/100|[from] Grassy Terrain\n|-fieldend|move: Grassy Terrain\n|upkeep\n|inactive|Koyigmsh has 30 seconds left.\n|inactive|Koyigmsh has 20 seconds left.\n|\n|t:|1701129140\n|switch|p1a: Urshifu|Urshifu-Rapid-Strike, L50, F|100\/100\n|turn|6\n|inactive|lvargas01 has 30 seconds left.\n|\n|t:|1701129166\n|-end|p2a: Flutter Mane|Protosynthesis|[silent]\n|switch|p2a: Landorus|Landorus-Therian, L50, M|53\/100\n|-ability|p2a: Landorus|Intimidate|boost\n|-unboost|p1a: Urshifu|atk|1\n|-unboost|p1b: Rillaboom|atk|1\n|move|p1a: Urshifu|Detect|p1a: Urshifu\n|-singleturn|p1a: Urshifu|Protect\n|move|p1b: Rillaboom|Wood Hammer|p2a: Landorus\n|-damage|p2a: Landorus|12\/100\n|-damage|p1b: Rillaboom|42\/100|[from] Recoil\n|move|p2b: Iron Hands|Drain Punch|p1b: Rillaboom\n|-damage|p1b: Rillaboom|7\/100\n|-heal|p2b: Iron Hands|93\/100|[from] drain|[of] p1b: Rillaboom\n|\n|upkeep\n|turn|7\n|\n|t:|1701129188\n|switch|p2a: Ogerpon|Ogerpon-Wellspring, L50, F|49\/100\n|switch|p1b: Tornadus|Tornadus, L50, M, tera:Ghost|100\/100\n|move|p1a: Urshifu|Aqua Jet|p2a: Ogerpon\n|-heal|p2a: Ogerpon|74\/100|[from] ability: Water Absorb|[of] p1a: Urshifu\n|move|p2b: Iron Hands|Wild Charge|p1a: Urshifu\n|-supereffective|p1a: Urshifu\n|-damage|p1a: Urshifu|13\/100\n|-damage|p2b: Iron Hands|74\/100|[from] Recoil\n|\n|upkeep\n|turn|8\n|inactive|Koyigmsh has 30 seconds left.\n|\n|t:|1701129214\n|switch|p1a: Rillaboom|Rillaboom, L50, F|7\/100\n|-fieldstart|move: Grassy Terrain|[from] ability: Grassy Surge|[of] p1a: Rillaboom\n|move|p1b: Tornadus|Bleakwind Storm|p2a: Ogerpon|[spread] p2a,p2b\n|-supereffective|p2a: Ogerpon\n|-damage|p2a: Ogerpon|8\/100\n|-damage|p2b: Iron Hands|56\/100\n|move|p2a: Ogerpon|Ivy Cudgel|p1b: Tornadus|[anim] Ivy Cudgel Water\n|-damage|p1b: Tornadus|42\/100\n|move|p2b: Iron Hands|Wild Charge|p1b: Tornadus\n|-damage|p1b: Tornadus|0 fnt\n|-damage|p2b: Iron Hands|40\/100|[from] item: Rocky Helmet|[of] p1b: Tornadus\n|faint|p1b: Tornadus\n|-damage|p2b: Iron Hands|32\/100|[from] Recoil\n|\n|-heal|p2a: Ogerpon|14\/100|[from] Grassy Terrain\n|-heal|p1a: Rillaboom|13\/100|[from] Grassy Terrain\n|-heal|p2b: Iron Hands|38\/100|[from] Grassy Terrain\n|upkeep\n|\n|t:|1701129235\n|switch|p1b: Urshifu|Urshifu-Rapid-Strike, L50, F|13\/100\n|turn|9\n|\n|t:|1701129257\n|switch|p2a: Landorus|Landorus-Therian, L50, M|12\/100\n|-ability|p2a: Landorus|Intimidate|boost\n|-unboost|p1a: Rillaboom|atk|1\n|-unboost|p1b: Urshifu|atk|1\n|-terastallize|p2b: Iron Hands|Grass\n|move|p1a: Rillaboom|Fake Out|p2a: Landorus\n|-damage|p2a: Landorus|2\/100\n|move|p1b: Urshifu|Surging Strikes|p2b: Iron Hands\n|-resisted|p2b: Iron Hands\n|-crit|p2b: Iron Hands\n|-damage|p2b: Iron Hands|29\/100\n|-resisted|p2b: Iron Hands\n|-crit|p2b: Iron Hands\n|-damage|p2b: Iron Hands|20\/100\n|-resisted|p2b: Iron Hands\n|-crit|p2b: Iron Hands\n|-damage|p2b: Iron Hands|12\/100\n|-hitcount|p2b: Iron Hands|3\n|move|p2b: Iron Hands|Drain Punch|p1a: Rillaboom\n|-damage|p1a: Rillaboom|0 fnt\n|-heal|p2b: Iron Hands|17\/100|[from] drain|[of] p1a: Rillaboom\n|faint|p1a: Rillaboom\n|\n|-heal|p1b: Urshifu|19\/100|[from] Grassy Terrain\n|-heal|p2b: Iron Hands|23\/100|[from] Grassy Terrain\n|upkeep\n|turn|10\n|inactive|Koyigmsh has 30 seconds left.\n|\n|t:|1701129284\n|move|p2a: Landorus|Stomping Tantrum|p1b: Urshifu\n|-damage|p1b: Urshifu|0 fnt\n|faint|p1b: Urshifu\n|\n|win|lvargas01\n|l|\u2606Koyigmsh\n","uploadtime":1701129446,"views":3,"p1id":"koyigmsh","p2id":"lvargas01","formatid":"gen9vgc2023regulatione","rating":0,"private":0,"password":""}