{"id":"gen9vgc2023regulatione-1989413823","p1":"Kzekrelk","p2":"UnusedParadox","format":"[Gen 9] VGC 2023 Regulation E","log":"|j|\u2606Kzekrelk\n|j|\u2606UnusedParadox\n|t:|1699847109\n|gametype|doubles\n|player|p1|Kzekrelk|lance|1000\n|player|p2|UnusedParadox|gambler|1064\n|teamsize|p1|6\n|teamsize|p2|6\n|gen|9\n|tier|[Gen 9] VGC 2023 Regulation E\n|rated|\n|rule|Species Clause: Limit one of each Pok\u00e9mon\n|rule|Item Clause: Limit one of each item\n|clearpoke\n|poke|p1|Flutter Mane, L50|\n|poke|p1|Tornadus, L50, M|\n|poke|p1|Rillaboom, L50, F|\n|poke|p1|Garganacl, L50, M|\n|poke|p1|Arcanine-Hisui, L50, M|\n|poke|p1|Chien-Pao, L50|\n|poke|p2|Zapdos, L50|\n|poke|p2|Urshifu-*, L50, M|\n|poke|p2|Regieleki, L50|\n|poke|p2|Ogerpon-Wellspring, L50, F|\n|poke|p2|Rotom-Wash, L50|\n|poke|p2|Corviknight, L50, M|\n|teampreview|4\nUnusedParadox has agreed to open team sheets.\n|inactive|Battle timer is ON: inactive players will automatically lose when time's up. (requested by UnusedParadox)\n|\n|t:|1699847142\n|start\n|switch|p1a: Tornadus|Tornadus, L50, M|100\/100\n|switch|p1b: Garganacl|Garganacl, L50, M|100\/100\n|switch|p2a: Corviknight|Corviknight, L50, M|100\/100\n|switch|p2b: Rotom|Rotom-Wash, L50|100\/100\n|turn|1\n|\n|t:|1699847164\n|-terastallize|p1b: Garganacl|Ghost\n|move|p1a: Tornadus|Taunt|p2a: Corviknight\n|-start|p2a: Corviknight|move: Taunt\n|move|p2b: Rotom|Rain Dance|p2b: Rotom\n|-weather|RainDance\n|move|p2a: Corviknight|Hurricane|p1b: Garganacl\n|-damage|p1b: Garganacl|86\/100\n|-start|p1b: Garganacl|confusion\n|-activate|p1b: Garganacl|confusion\n|-damage|p1b: Garganacl|79\/100|[from] confusion\n|\n|-weather|RainDance|[upkeep]\n|upkeep\n|turn|2\n|inactive|UnusedParadox has 30 seconds left.\n|\n|t:|1699847191\n|-activate|p1b: Garganacl|confusion\n|move|p1b: Garganacl|Protect|p1b: Garganacl\n|-singleturn|p1b: Garganacl|Protect\n|move|p1a: Tornadus|Tailwind|p1a: Tornadus\n|-sidestart|p1: Kzekrelk|move: Tailwind\n|move|p2b: Rotom|Reflect|p2b: Rotom\n|-sidestart|p2: UnusedParadox|Reflect\n|move|p2a: Corviknight|Hurricane|p1a: Tornadus\n|-damage|p1a: Tornadus|81\/100\n|-start|p1a: Tornadus|confusion\n|\n|-weather|RainDance|[upkeep]\n|upkeep\n|turn|3\n|\n|t:|1699847211\n|-activate|p1a: Tornadus|confusion\n|move|p1a: Tornadus|Sunny Day|p1a: Tornadus\n|-weather|SunnyDay\n|move|p2b: Rotom|Light Screen|p2b: Rotom\n|-sidestart|p2: UnusedParadox|move: Light Screen\n|-activate|p1b: Garganacl|confusion\n|move|p1b: Garganacl|Salt Cure|p2b: Rotom\n|-damage|p2b: Rotom|90\/100\n|-start|p2b: Rotom|Salt Cure\n|move|p2a: Corviknight|Hurricane|p1a: Tornadus|[miss]\n|-miss|p2a: Corviknight|p1a: Tornadus\n|\n|-weather|SunnyDay|[upkeep]\n|-damage|p2b: Rotom|65\/100|[from] Salt Cure\n|-end|p2a: Corviknight|move: Taunt\n|upkeep\n|turn|4\n|\n|t:|1699847236\n|-activate|p1a: Tornadus|confusion\n|move|p1a: Tornadus|Taunt|p2b: Rotom\n|-start|p2b: Rotom|move: Taunt\n|cant|p2b: Rotom|move: Taunt|Rain Dance\n|-activate|p1b: Garganacl|confusion\n|-damage|p1b: Garganacl|72\/100|[from] confusion\n|move|p2a: Corviknight|Steel Beam|p1b: Garganacl\n|-damage|p1b: Garganacl|52\/100\n|-damage|p2a: Corviknight|50\/100|[from] steelbeam\n|-heal|p2a: Corviknight|53\/100|[from] item: Shell Bell|[of] p1b: Garganacl\n|\n|-weather|SunnyDay|[upkeep]\n|-damage|p2b: Rotom|41\/100|[from] Salt Cure\n|upkeep\n|-enditem|p2b: Rotom|Sitrus Berry|[eat]\n|-heal|p2b: Rotom|65\/100|[from] item: Sitrus Berry\n|turn|5\n|\n|t:|1699847253\n|-activate|p1a: Tornadus|confusion\n|move|p1a: Tornadus|Taunt|p2a: Corviknight\n|-start|p2a: Corviknight|move: Taunt\n|move|p2b: Rotom|Thunder|p1a: Tornadus|[miss]\n|-miss|p2b: Rotom|p1a: Tornadus\n|-end|p1b: Garganacl|confusion\n|move|p1b: Garganacl|Salt Cure|p2a: Corviknight\n|-damage|p2a: Corviknight|46\/100\n|-start|p2a: Corviknight|Salt Cure\n|cant|p2a: Corviknight|move: Taunt|Rain Dance\n|\n|-weather|SunnyDay|[upkeep]\n|-damage|p2b: Rotom|41\/100|[from] Salt Cure\n|-damage|p2a: Corviknight|21\/100|[from] Salt Cure\n|-sideend|p1: Kzekrelk|move: Tailwind\n|upkeep\n|turn|6\n|\n|t:|1699847268\n|-activate|p1a: Tornadus|confusion\n|move|p1a: Tornadus|Tailwind|p1a: Tornadus\n|-sidestart|p1: Kzekrelk|move: Tailwind\n|move|p2b: Rotom|Thunder|p1a: Tornadus\n|-supereffective|p1a: Tornadus\n|-damage|p1a: Tornadus|16\/100\n|move|p1b: Garganacl|Recover|p1b: Garganacl\n|-heal|p1b: Garganacl|100\/100\n|move|p2a: Corviknight|Steel Beam|p1a: Tornadus\n|-damage|p1a: Tornadus|0 fnt\n|-damage|p2a: Corviknight|0 fnt|[from] steelbeam\n|faint|p2a: Corviknight\n|faint|p1a: Tornadus\n|\n|-weather|SunnyDay|[upkeep]\n|-damage|p2b: Rotom|16\/100|[from] Salt Cure\n|-end|p2b: Rotom|move: Taunt\n|-sideend|p2: UnusedParadox|Reflect\n|upkeep\n|\n|t:|1699847285\n|switch|p1a: Rillaboom|Rillaboom, L50, F|100\/100\n|switch|p2a: Ogerpon|Ogerpon-Wellspring, L50, F|100\/100\n|-fieldstart|move: Grassy Terrain|[from] ability: Grassy Surge|[of] p1a: Rillaboom\n|turn|7\n|\n|t:|1699847299\n|move|p2a: Ogerpon|Spiky Shield|p2a: Ogerpon\n|-singleturn|p2a: Ogerpon|move: Protect\n|move|p1a: Rillaboom|Fake Out|p2b: Rotom\n|-damage|p2b: Rotom|0 fnt\n|faint|p2b: Rotom\n|move|p1b: Garganacl|Salt Cure|p2a: Ogerpon\n|-activate|p2a: Ogerpon|move: Protect\n|\n|-weather|none\n|-sideend|p2: UnusedParadox|move: Light Screen\n|upkeep\n|\n|t:|1699847308\n|switch|p2b: Urshifu|Urshifu-Rapid-Strike, L50, M|100\/100\n|turn|8\n|\n|t:|1699847323\n|-terastallize|p2a: Ogerpon|Water\n|detailschange|p2a: Ogerpon|Ogerpon-Wellspring-Tera, L50, F, tera:Water\n|-ability|p2a: Ogerpon|Embody Aspect (Wellspring)|boost\n|-boost|p2a: Ogerpon|spd|1\n|move|p1a: Rillaboom|Wood Hammer|p2b: Urshifu\n|-supereffective|p2b: Urshifu\n|-damage|p2b: Urshifu|0 fnt\n|faint|p2b: Urshifu\n|-damage|p1a: Rillaboom|72\/100|[from] Recoil\n|move|p2a: Ogerpon|Ivy Cudgel|p1b: Garganacl\n|-damage|p1b: Garganacl|45\/100\n|-enditem|p1b: Garganacl|Sitrus Berry|[eat]\n|-heal|p1b: Garganacl|70\/100|[from] item: Sitrus Berry\n|move|p1b: Garganacl|Salt Cure|p2a: Ogerpon\n|-damage|p2a: Ogerpon|81\/100\n|-start|p2a: Ogerpon|Salt Cure\n|\n|-heal|p1a: Rillaboom|78\/100|[from] Grassy Terrain\n|-heal|p2a: Ogerpon|87\/100|[from] Grassy Terrain\n|-heal|p1b: Garganacl|76\/100|[from] Grassy Terrain\n|-damage|p2a: Ogerpon|62\/100|[from] Salt Cure\n|upkeep\n|turn|9\n|\n|t:|1699847343\n|switch|p1b: Arcanine|Arcanine-Hisui, L50, M|100\/100\n|-ability|p1b: Arcanine|Intimidate|boost\n|-unboost|p2a: Ogerpon|atk|1\n|move|p1a: Rillaboom|Grassy Glide|p2a: Ogerpon\n|-supereffective|p2a: Ogerpon\n|-damage|p2a: Ogerpon|0 fnt\n|faint|p2a: Ogerpon\n|\n|win|Kzekrelk\n|raw|Kzekrelk's rating: 1000 &rarr; <strong>1047<\/strong><br \/>(+47 for winning)\n|raw|UnusedParadox's rating: 1064 &rarr; <strong>1041<\/strong><br \/>(-23 for losing)\n","uploadtime":1699847351,"views":8,"p1id":"kzekrelk","p2id":"unusedparadox","formatid":"gen9vgc2023regulatione","rating":1041,"private":0,"password":""}