{"id":"gen9vgc2023regulatione-1998314067","p1":"Manny561","p2":"celopro","format":"[Gen 9] VGC 2023 Regulation E","log":"|j|\u2606Manny561\n|j|\u2606celopro\n|t:|1700928304\n|gametype|doubles\n|player|p1|Manny561|266|1064\n|player|p2|celopro|169|1110\n|teamsize|p1|6\n|teamsize|p2|6\n|gen|9\n|tier|[Gen 9] VGC 2023 Regulation E\n|rated|\n|rule|Species Clause: Limit one of each Pok\u00e9mon\n|rule|Item Clause: Limit one of each item\n|clearpoke\n|poke|p1|Gholdengo, L50|\n|poke|p1|Murkrow, L50, M|\n|poke|p1|Dragonite, L50, M|\n|poke|p1|Hydreigon, L50, M|\n|poke|p1|Annihilape, L50, F|\n|poke|p1|Gallade, L50, M|\n|poke|p2|Indeedee-F, L50, F|\n|poke|p2|Armarouge, L50, M|\n|poke|p2|Oranguru, L50, M|\n|poke|p2|Maushold, L50|\n|poke|p2|Torkoal, L50, M|\n|poke|p2|Lilligant-Hisui, L50, F|\n|teampreview|4\n|\n|t:|1700928327\n|start\n|switch|p1a: Gholdengo|Gholdengo, L50|100\/100\n|switch|p1b: Murkrow|Murkrow, L50, M|100\/100\n|switch|p2a: Indeedee|Indeedee-F, L50, F|100\/100\n|switch|p2b: Armarouge|Armarouge, L50, M|100\/100\n|-fieldstart|move: Psychic Terrain|[from] ability: Psychic Surge|[of] p2a: Indeedee\n|turn|1\n|\n|t:|1700928384\n|move|p2b: Armarouge|Wide Guard|p2b: Armarouge\n|-singleturn|p2b: Armarouge|Wide Guard\n|move|p1b: Murkrow|Tailwind|p1b: Murkrow\n|-sidestart|p1: Manny561|move: Tailwind\n|move|p1a: Gholdengo|Make It Rain|p2b: Armarouge|[spread] \n|-activate|p2a: Indeedee|move: Wide Guard\n|-activate|p2b: Armarouge|move: Wide Guard\n|move|p2a: Indeedee|Trick Room|p2a: Indeedee\n|-fieldstart|move: Trick Room|[of] p2a: Indeedee\n|\n|upkeep\n|turn|2\n|\n|t:|1700928425\n|switch|p1a: Hydreigon|Hydreigon, L50, M|100\/100\n|move|p2a: Indeedee|Helping Hand|p2b: Armarouge\n|-singleturn|p2b: Armarouge|Helping Hand|[of] p2a: Indeedee\n|move|p2b: Armarouge|Expanding Force|p1a: Hydreigon|[spread] \n|-immune|p1a: Hydreigon\n|-immune|p1b: Murkrow\n|move|p1b: Murkrow|Foul Play|p2a: Indeedee\n|-supereffective|p2a: Indeedee\n|-damage|p2a: Indeedee|59\/100\n|\n|upkeep\n|turn|3\n|\n|t:|1700928460\n|switch|p2b: Torkoal|Torkoal, L50, M|100\/100\n|-weather|SunnyDay|[from] ability: Drought|[of] p2b: Torkoal\n|move|p2a: Indeedee|Dazzling Gleam|p1a: Hydreigon|[spread] p1a,p1b\n|-supereffective|p1a: Hydreigon\n|-supereffective|p1b: Murkrow\n|-crit|p1b: Murkrow\n|-damage|p1a: Hydreigon|39\/100\n|-damage|p1b: Murkrow|47\/100\n|move|p1b: Murkrow|Foul Play|p2a: Indeedee\n|-supereffective|p2a: Indeedee\n|-damage|p2a: Indeedee|18\/100\n|move|p1a: Hydreigon|Dark Pulse|p2a: Indeedee\n|-supereffective|p2a: Indeedee\n|-damage|p2a: Indeedee|0 fnt\n|faint|p2a: Indeedee\n|-damage|p1a: Hydreigon|29\/100|[from] item: Life Orb\n|\n|-weather|SunnyDay|[upkeep]\n|upkeep\n|\n|t:|1700928476\n|switch|p2a: Armarouge|Armarouge, L50, M|100\/100\n|turn|4\n|\n|t:|1700928494\n|-terastallize|p2b: Torkoal|Fire\n|move|p1a: Hydreigon|Protect|p1a: Hydreigon\n|-singleturn|p1a: Hydreigon|Protect\n|move|p2b: Torkoal|Eruption|p1a: Hydreigon|[spread] p1b\n|-activate|p1a: Hydreigon|move: Protect\n|-damage|p1b: Murkrow|0 fnt\n|faint|p1b: Murkrow\n|move|p2a: Armarouge|Aura Sphere|p1a: Hydreigon\n|-activate|p1a: Hydreigon|move: Protect\n|\n|-weather|SunnyDay|[upkeep]\n|-sideend|p1: Manny561|move: Tailwind\n|upkeep\n|\n|t:|1700928516\n|switch|p1b: Dragonite|Dragonite, L50, M|100\/100\n|turn|5\n|\n|t:|1700928535\n|switch|p2a: Oranguru|Oranguru, L50, M|100\/100\n|-terastallize|p1b: Dragonite|Normal\n|move|p1a: Hydreigon|Protect||[still]\n|-fail|p1a: Hydreigon\n|move|p1b: Dragonite|Extreme Speed|p2b: Torkoal\n|-activate|p2b: Torkoal|move: Psychic Terrain\n|move|p2b: Torkoal|Eruption|p1a: Hydreigon|[spread] p1a,p1b\n|-resisted|p1a: Hydreigon\n|-damage|p1a: Hydreigon|0 fnt\n|-damage|p1b: Dragonite|4\/100\n|faint|p1a: Hydreigon\n|\n|-weather|SunnyDay|[upkeep]\n|-fieldend|move: Trick Room\n|-fieldend|move: Psychic Terrain\n|upkeep\n|\n|t:|1700928545\n|switch|p1a: Gholdengo|Gholdengo, L50|100\/100\n|turn|6\n|\n|t:|1700928557\n|move|p1b: Dragonite|Extreme Speed|p2b: Torkoal\n|-damage|p2b: Torkoal|65\/100\n|move|p1a: Gholdengo|Make It Rain|p2b: Torkoal|[spread] p2a,p2b\n|-resisted|p2b: Torkoal\n|-damage|p2a: Oranguru|35\/100\n|-damage|p2b: Torkoal|12\/100\n|-unboost|p1a: Gholdengo|spa|1\n|move|p2a: Oranguru|Instruct|p2b: Torkoal\n|-singleturn|p2b: Torkoal|move: Instruct|[of] p2a: Oranguru\n|move|p2b: Torkoal|Eruption|p1b: Dragonite|[spread] p1a,p1b\n|-supereffective|p1a: Gholdengo\n|-damage|p1a: Gholdengo|64\/100\n|-damage|p1b: Dragonite|0 fnt\n|faint|p1b: Dragonite\n|move|p2b: Torkoal|Eruption|p1a: Gholdengo\n|-supereffective|p1a: Gholdengo\n|-damage|p1a: Gholdengo|16\/100\n|\n|-weather|SunnyDay|[upkeep]\n|upkeep\n|turn|7\n|\n|t:|1700928602\n|move|p2a: Oranguru|Protect|p2a: Oranguru\n|-singleturn|p2a: Oranguru|Protect\n|move|p1a: Gholdengo|Make It Rain|p2b: Torkoal|[spread] p2b\n|-activate|p2a: Oranguru|move: Protect\n|-resisted|p2b: Torkoal\n|-damage|p2b: Torkoal|0 fnt\n|-unboost|p1a: Gholdengo|spa|1\n|faint|p2b: Torkoal\n|\n|-weather|none\n|upkeep\n|\n|t:|1700928612\n|switch|p2b: Armarouge|Armarouge, L50, M|100\/100\n|turn|8\n|\n|t:|1700928630\n|move|p2b: Armarouge|Wide Guard|p2b: Armarouge\n|-singleturn|p2b: Armarouge|Wide Guard\n|move|p1a: Gholdengo|Make It Rain|p2a: Oranguru|[spread] \n|-activate|p2a: Oranguru|move: Wide Guard\n|-activate|p2b: Armarouge|move: Wide Guard\n|move|p2a: Oranguru|Encore|p1a: Gholdengo\n|-immune|p1a: Gholdengo|[from] ability: Good as Gold\n|\n|upkeep\n|turn|9\n|\n|t:|1700928666\n|move|p1a: Gholdengo|Make It Rain|p2b: Armarouge|[spread] p2a,p2b\n|-resisted|p2b: Armarouge\n|-damage|p2a: Oranguru|3\/100\n|-damage|p2b: Armarouge|77\/100\n|-unboost|p1a: Gholdengo|spa|1\n|move|p2b: Armarouge|Armor Cannon|p1a: Gholdengo\n|-supereffective|p1a: Gholdengo\n|-damage|p1a: Gholdengo|0 fnt\n|-unboost|p2b: Armarouge|def|1\n|-unboost|p2b: Armarouge|spd|1\n|faint|p1a: Gholdengo\n|\n|win|celopro\n|raw|Manny561's rating: 1064 &rarr; <strong>1047<\/strong><br \/>(-17 for losing)\n|raw|celopro's rating: 1110 &rarr; <strong>1132<\/strong><br \/>(+22 for winning)\n|l|\u2606Manny561\n","uploadtime":1700928909,"views":11,"p1id":"manny561","p2id":"celopro","formatid":"gen9vgc2023regulatione","rating":1047,"private":0,"password":""}