{"id":"gen9vgc2023regulatione-2000222487","p1":"PlantyPlant","p2":"Sun mack2828","format":"[Gen 9] VGC 2023 Regulation E","log":"|j|\u2606PlantyPlant\n|j|\u2606Sun mack2828\n|t:|1701174166\n|gametype|doubles\n|player|p1|PlantyPlant|pokemaniac|1339\n|player|p2|Sun mack2828|bruno|1350\n|teamsize|p1|6\n|teamsize|p2|6\n|gen|9\n|tier|[Gen 9] VGC 2023 Regulation E\n|rated|\n|rule|Species Clause: Limit one of each Pok\u00e9mon\n|rule|Item Clause: Limit one of each item\n|clearpoke\n|poke|p1|Farigiraf, L50, M|\n|poke|p1|Scyther, L50, F|\n|poke|p1|Grimmsnarl, L50, M|\n|poke|p1|Rillaboom, L50, M|\n|poke|p1|Heatran, L50, M|\n|poke|p1|Baxcalibur, L50, F|\n|poke|p2|Landorus-Therian, L50, M|\n|poke|p2|Urshifu-*, L50, M|\n|poke|p2|Heatran, L50, F|\n|poke|p2|Iron Hands, L50|\n|poke|p2|Sinistcha-Masterpiece, L50|\n|poke|p2|Roaring Moon, L50|\n|teampreview|4\n|inactive|Battle timer is ON: inactive players will automatically lose when time's up. (requested by PlantyPlant)\nPlantyPlant rejected open team sheets.\n|inactive|PlantyPlant has 60 seconds left.\n|inactive|Sun mack2828 has 60 seconds left.\n|\n|t:|1701174217\n|start\n|switch|p1a: Rillaboom|Rillaboom, L50, M|100\/100\n|switch|p1b: Baxcalibur|Baxcalibur, L50, F|100\/100\n|switch|p2a: Urshifu|Urshifu-Rapid-Strike, L50, M|100\/100\n|switch|p2b: Landorus|Landorus-Therian, L50, M, shiny|100\/100\n|-fieldstart|move: Grassy Terrain|[from] ability: Grassy Surge|[of] p1a: Rillaboom\n|-ability|p2b: Landorus|Intimidate|boost\n|-unboost|p1a: Rillaboom|atk|1\n|-fail|p1b: Baxcalibur|unboost|[from] item: Clear Amulet|[of] p1b: Baxcalibur\n|turn|1\n|inactive|Sun mack2828 has 30 seconds left.\n|\n|t:|1701174251\n|switch|p2a: Sinistcha|Sinistcha-Masterpiece, L50|100\/100\n|move|p1a: Rillaboom|Fake Out|p2b: Landorus\n|-damage|p2b: Landorus|89\/100\n|move|p1b: Baxcalibur|Icicle Crash|p2b: Landorus\n|-supereffective|p2b: Landorus\n|-damage|p2b: Landorus|0 fnt\n|faint|p2b: Landorus\n|\n|upkeep\n|\n|t:|1701174265\n|switch|p2b: Iron Hands|Iron Hands, L50|100\/100\n|turn|2\n|\n|t:|1701174285\n|switch|p1a: Farigiraf|Farigiraf, L50, M|100\/100\n|-terastallize|p1b: Baxcalibur|Fire\n|move|p2b: Iron Hands|Fake Out||[still]\n|cant|p1a: Farigiraf|ability: Armor Tail|Fake Out|[of] p2b: Iron Hands\n|move|p1b: Baxcalibur|Icicle Crash|p2a: Sinistcha\n|-supereffective|p2a: Sinistcha\n|-damage|p2a: Sinistcha|25\/100\n|move|p2a: Sinistcha|Trick Room|p2a: Sinistcha\n|-fieldstart|move: Trick Room|[of] p2a: Sinistcha\n|\n|-heal|p2a: Sinistcha|31\/100|[from] Grassy Terrain\n|upkeep\n|turn|3\n|\n|t:|1701174309\n|move|p2b: Iron Hands|Drain Punch|p1b: Baxcalibur\n|-damage|p1b: Baxcalibur|53\/100\n|move|p2a: Sinistcha|Strength Sap|p1b: Baxcalibur\n|-fail|p1b: Baxcalibur|unboost|[from] item: Clear Amulet|[of] p1b: Baxcalibur\n|-heal|p2a: Sinistcha|100\/100\n|move|p1b: Baxcalibur|Icicle Crash|p2a: Sinistcha\n|-supereffective|p2a: Sinistcha\n|-damage|p2a: Sinistcha|29\/100\n|move|p1a: Farigiraf|Trick Room|p1a: Farigiraf\n|-fieldend|move: Trick Room\n|\n|-heal|p1b: Baxcalibur|59\/100|[from] Grassy Terrain\n|-heal|p2a: Sinistcha|35\/100|[from] Grassy Terrain\n|upkeep\n|turn|4\n|inactive|Sun mack2828 has 30 seconds left.\n|inactive|PlantyPlant has 30 seconds left.\n|\n|t:|1701174349\n|-terastallize|p2a: Sinistcha|Water\n|move|p1b: Baxcalibur|High Horsepower|p2b: Iron Hands\n|-supereffective|p2b: Iron Hands\n|-damage|p2b: Iron Hands|58\/100\n|move|p2a: Sinistcha|Strength Sap|p1b: Baxcalibur\n|-fail|p1b: Baxcalibur|unboost|[from] item: Clear Amulet|[of] p1b: Baxcalibur\n|-heal|p2a: Sinistcha|100\/100\n|move|p1a: Farigiraf|Imprison|p1a: Farigiraf\n|-start|p1a: Farigiraf|move: Imprison\n|move|p2b: Iron Hands|Drain Punch|p1b: Baxcalibur\n|-damage|p1b: Baxcalibur|13\/100\n|-heal|p2b: Iron Hands|74\/100|[from] drain|[of] p1b: Baxcalibur\n|\n|-heal|p1b: Baxcalibur|19\/100|[from] Grassy Terrain\n|-heal|p2b: Iron Hands|81\/100|[from] Grassy Terrain\n|upkeep\n|turn|5\n|inactive|Sun mack2828 has 30 seconds left.\n|\n|t:|1701174383\n|switch|p1b: Rillaboom|Rillaboom, L50, M|100\/100\n|move|p2a: Sinistcha|Matcha Gotcha|p1a: Farigiraf|[spread] p1a,p1b\n|-resisted|p1b: Rillaboom\n|-damage|p1a: Farigiraf|78\/100\n|-damage|p1b: Rillaboom|80\/100\n|move|p1a: Farigiraf|Dazzling Gleam|p2a: Sinistcha|[spread] p2a,p2b\n|-supereffective|p2b: Iron Hands\n|-damage|p2a: Sinistcha|85\/100\n|-damage|p2b: Iron Hands|64\/100\n|move|p2b: Iron Hands|Drain Punch|p1b: Rillaboom\n|-damage|p1b: Rillaboom|30\/100\n|-heal|p2b: Iron Hands|81\/100|[from] drain|[of] p1b: Rillaboom\n|\n|-heal|p1b: Rillaboom|35\/100|[from] Grassy Terrain\n|-heal|p2a: Sinistcha|91\/100|[from] Grassy Terrain\n|-heal|p1a: Farigiraf|84\/100|[from] Grassy Terrain\n|-heal|p2b: Iron Hands|87\/100|[from] Grassy Terrain\n|-fieldend|move: Grassy Terrain\n|upkeep\n|turn|6\n|inactive|PlantyPlant has 30 seconds left.\n|inactive|Sun mack2828 has 30 seconds left.\n|\n|t:|1701174412\n|move|p1b: Rillaboom|Wood Hammer|p2a: Sinistcha\n|-supereffective|p2a: Sinistcha\n|-damage|p2a: Sinistcha|0 fnt\n|-damage|p1b: Rillaboom|19\/100|[from] item: Rocky Helmet|[of] p2a: Sinistcha\n|faint|p2a: Sinistcha\n|-damage|p1b: Rillaboom|0 fnt|[from] Recoil\n|faint|p1b: Rillaboom\n|move|p1a: Farigiraf|Dazzling Gleam|p2b: Iron Hands\n|-supereffective|p2b: Iron Hands\n|-damage|p2b: Iron Hands|62\/100\n|move|p2b: Iron Hands|Drain Punch|p1a: Farigiraf\n|-damage|p1a: Farigiraf|38\/100\n|-heal|p2b: Iron Hands|82\/100|[from] drain|[of] p1a: Farigiraf\n|-enditem|p1a: Farigiraf|Sitrus Berry|[eat]\n|-heal|p1a: Farigiraf|63\/100|[from] item: Sitrus Berry\n|\n|upkeep\n|\n|t:|1701174431\n|switch|p1b: Scyther|Scyther, L50, F|100\/100\n|switch|p2a: Urshifu|Urshifu-Rapid-Strike, L50, M|100\/100\n|turn|7\n|\n|t:|1701174444\n|move|p2a: Urshifu|Surging Strikes|p1a: Farigiraf\n|-crit|p1a: Farigiraf\n|-damage|p1a: Farigiraf|46\/100\n|-crit|p1a: Farigiraf\n|-damage|p1a: Farigiraf|26\/100\n|-crit|p1a: Farigiraf\n|-damage|p1a: Farigiraf|5\/100\n|-hitcount|p1a: Farigiraf|3\n|move|p1b: Scyther|Dual Wingbeat|p2a: Urshifu|[miss]\n|-miss|p1b: Scyther|p2a: Urshifu\n|move|p1a: Farigiraf|Dazzling Gleam|p2a: Urshifu|[spread] p2a,p2b\n|-supereffective|p2a: Urshifu\n|-crit|p2a: Urshifu\n|-supereffective|p2b: Iron Hands\n|-damage|p2a: Urshifu|36\/100\n|-damage|p2b: Iron Hands|64\/100\n|move|p2b: Iron Hands|Wild Charge|p1b: Scyther\n|-supereffective|p1b: Scyther\n|-damage|p1b: Scyther|9\/100\n|-damage|p2b: Iron Hands|50\/100|[from] Recoil\n|\n|upkeep\n|turn|8\n|\n|t:|1701174469\n|move|p2a: Urshifu|Surging Strikes|p1a: Farigiraf\n|-crit|p1a: Farigiraf\n|-damage|p1a: Farigiraf|0 fnt\n|faint|p1a: Farigiraf\n|-hitcount|p1: Farigiraf|1\n|move|p1b: Scyther|Dual Wingbeat|p2a: Urshifu\n|-supereffective|p2a: Urshifu\n|-damage|p2a: Urshifu|0 fnt\n|faint|p2a: Urshifu\n|-hitcount|p2: Urshifu|1\n|move|p2b: Iron Hands|Wild Charge|p1b: Scyther\n|-supereffective|p1b: Scyther\n|-damage|p1b: Scyther|0 fnt\n|faint|p1b: Scyther\n|-damage|p2b: Iron Hands|48\/100|[from] Recoil\n|\n|upkeep\n|\n|t:|1701174483\n|switch|p1b: Baxcalibur|Baxcalibur, L50, F, tera:Fire|19\/100\n|turn|9\n|\n|t:|1701174489\n|move|p1b: Baxcalibur|High Horsepower|p2b: Iron Hands\n|-supereffective|p2b: Iron Hands\n|-damage|p2b: Iron Hands|2\/100\n|move|p2b: Iron Hands|Wild Charge|p1b: Baxcalibur\n|-damage|p1b: Baxcalibur|0 fnt\n|faint|p1b: Baxcalibur\n|-damage|p2b: Iron Hands|0 fnt|[from] Recoil\n|faint|p2b: Iron Hands\n|-end|p2b: Iron Hands|Quark Drive|[silent]\n|\n|win|Sun mack2828\n|raw|PlantyPlant's rating: 1339 &rarr; <strong>1320<\/strong><br \/>(-19 for losing)\n|raw|Sun mack2828's rating: 1350 &rarr; <strong>1369<\/strong><br \/>(+19 for winning)\n","uploadtime":1701174506,"views":10,"p1id":"plantyplant","p2id":"sunmack2828","formatid":"gen9vgc2023regulatione","rating":1320,"private":0,"password":""}