{"id":"gen9vgc2023regulatione-1993000763","p1":"LPSR","p2":"Pokefreak92","format":"[Gen 9] VGC 2023 Regulation E","log":"|j|\u2606LPSR\n|j|\u2606Pokefreak92\n|t:|1700254265\n|gametype|doubles\n|player|p1|LPSR|lucas-gen4pt|1181\n|player|p2|Pokefreak92|1|1192\n|teamsize|p1|6\n|teamsize|p2|6\n|gen|9\n|tier|[Gen 9] VGC 2023 Regulation E\n|rated|\n|rule|Species Clause: Limit one of each Pok\u00e9mon\n|rule|Item Clause: Limit one of each item\n|clearpoke\n|poke|p1|Iron Hands, L50|\n|poke|p1|Clefairy, L50, M|\n|poke|p1|Heatran, L50, M|\n|poke|p1|Rillaboom, L50, M|\n|poke|p1|Iron Bundle, L50|\n|poke|p1|Landorus-Therian, L50, M|\n|poke|p2|Sinistcha, L50|\n|poke|p2|Snorlax, L50, M|\n|poke|p2|Iron Hands, L50|\n|poke|p2|Indeedee-F, L50, F|\n|poke|p2|Armarouge, L50, M|\n|poke|p2|Dondozo, L50, F|\n|teampreview|4\n|inactive|Battle timer is ON: inactive players will automatically lose when time's up. (requested by LPSR)\n|\n|t:|1700254294\n|start\n|switch|p1a: Rillaboom|Rillaboom, L50, M|100\/100\n|switch|p1b: Iron Hands|Iron Hands, L50|100\/100\n|switch|p2a: Armarouge|Armarouge, L50, M|100\/100\n|switch|p2b: Iron Hands|Iron Hands, L50|100\/100\n|-fieldstart|move: Grassy Terrain|[from] ability: Grassy Surge|[of] p1a: Rillaboom\n|turn|1\n|inactive|Pokefreak92 has 30 seconds left.\n|\n|t:|1700254325\n|-end|p2b: Iron Hands|Quark Drive|[silent]\n|switch|p2b: Indeedee|Indeedee-F, L50, F|100\/100\n|-fieldstart|move: Psychic Terrain|[from] ability: Psychic Surge|[of] p2b: Indeedee\n|-enditem|p2b: Indeedee|Psychic Seed\n|-boost|p2b: Indeedee|spd|1|[from] item: Psychic Seed\n|-terastallize|p1b: Iron Hands|Fire\n|move|p1a: Rillaboom|Knock Off|p2a: Armarouge\n|-supereffective|p2a: Armarouge\n|-damage|p2a: Armarouge|60\/100\n|move|p2a: Armarouge|Armor Cannon|p1a: Rillaboom\n|-supereffective|p1a: Rillaboom\n|-damage|p1a: Rillaboom|11\/100\n|-unboost|p2a: Armarouge|def|1\n|-unboost|p2a: Armarouge|spd|1\n|move|p1b: Iron Hands|Drain Punch|p2b: Indeedee\n|-damage|p2b: Indeedee|56\/100\n|\n|upkeep\n|turn|2\n|inactive|Pokefreak92 has 30 seconds left.\n|inactive|Pokefreak92 has 20 seconds left.\n|inactive|Pokefreak92 has 15 seconds left.\n|\n|t:|1700254365\n|switch|p1a: Heatran|Heatran, L50, M|100\/100\n|-terastallize|p2b: Indeedee|Fairy\n|move|p2a: Armarouge|Protect|p2a: Armarouge\n|-singleturn|p2a: Armarouge|Protect\n|move|p1b: Iron Hands|Wild Charge|p2a: Armarouge\n|-activate|p2a: Armarouge|move: Protect\n|move|p2b: Indeedee|Trick Room|p2b: Indeedee\n|-fieldstart|move: Trick Room|[of] p2b: Indeedee\n|\n|upkeep\n|turn|3\n|inactive|Pokefreak92 has 30 seconds left.\n|inactive|Pokefreak92 has 20 seconds left.\n|\n|t:|1700254404\n|switch|p2a: Dondozo|Dondozo, L50, F|100\/100\n|move|p2b: Indeedee|Protect|p2b: Indeedee\n|-singleturn|p2b: Indeedee|Protect\n|move|p1b: Iron Hands|Heavy Slam|p2b: Indeedee\n|-activate|p2b: Indeedee|move: Protect\n|move|p1a: Heatran|Flash Cannon|p2b: Indeedee\n|-activate|p2b: Indeedee|move: Protect\n|\n|upkeep\n|turn|4\n|\n|t:|1700254423\n|-end|p1b: Iron Hands|Quark Drive|[silent]\n|switch|p1b: Clefairy|Clefairy, L50, M|100\/100\n|switch|p2b: Armarouge|Armarouge, L50, M|60\/100\n|move|p1a: Heatran|Protect|p1a: Heatran\n|-singleturn|p1a: Heatran|Protect\n|move|p2a: Dondozo|Wave Crash|p1b: Clefairy\n|-damage|p1b: Clefairy|56\/100\n|-damage|p2a: Dondozo|90\/100|[from] Recoil\n|\n|-heal|p2a: Dondozo|95\/100|[from] item: Leftovers\n|upkeep\n|turn|5\n|\n|t:|1700254448\n|switch|p1a: Rillaboom|Rillaboom, L50, M|11\/100\n|-fieldstart|move: Grassy Terrain|[from] ability: Grassy Surge|[of] p1a: Rillaboom\n|move|p1b: Clefairy|Life Dew|p1b: Clefairy|[spread] p1a,p1b\n|-heal|p1a: Rillaboom|36\/100\n|-heal|p1b: Clefairy|81\/100\n|move|p2a: Dondozo|Heavy Slam|p1b: Clefairy\n|-supereffective|p1b: Clefairy\n|-damage|p1b: Clefairy|11\/100\n|move|p2b: Armarouge|Expanding Force|p1a: Rillaboom\n|-damage|p1a: Rillaboom|13\/100\n|\n|-heal|p1b: Clefairy|17\/100|[from] Grassy Terrain\n|-heal|p2a: Dondozo|100\/100|[from] Grassy Terrain\n|-heal|p2b: Armarouge|65\/100|[from] Grassy Terrain\n|-heal|p1a: Rillaboom|19\/100|[from] Grassy Terrain\n|upkeep\n|turn|6\n|\n|t:|1700254470\n|switch|p2a: Indeedee|Indeedee-F, L50, F, tera:Fairy|56\/100\n|-fieldstart|move: Psychic Terrain|[from] ability: Psychic Surge|[of] p2a: Indeedee\n|move|p1b: Clefairy|Follow Me|p1b: Clefairy\n|-singleturn|p1b: Clefairy|move: Follow Me\n|move|p2b: Armarouge|Expanding Force|p1a: Rillaboom|[spread] p1a,p1b\n|-damage|p1a: Rillaboom|0 fnt\n|-damage|p1b: Clefairy|0 fnt\n|faint|p1a: Rillaboom\n|faint|p1b: Clefairy\n|\n|-fieldend|move: Trick Room\n|upkeep\n|-message|LPSR forfeited.\n|\n|win|Pokefreak92\n|raw|LPSR's rating: 1181 &rarr; <strong>1157<\/strong><br \/>(-24 for losing)\n|raw|Pokefreak92's rating: 1192 &rarr; <strong>1216<\/strong><br \/>(+24 for winning)\n|l|\u2606LPSR\n","uploadtime":1700254485,"views":25,"p1id":"lpsr","p2id":"pokefreak92","formatid":"gen9vgc2023regulatione","rating":1157,"private":0,"password":""}