{"id":"gen9vgc2023regulatione-1998696495","p1":"grecnarl","p2":"That_Leek","format":"[Gen 9] VGC 2023 Regulation E","log":"|j|\u2606grecnarl\n|j|\u2606That_Leek\n|t:|1700973905\n|gametype|doubles\n|player|p1|grecnarl|clair|1692\n|player|p2|That_Leek|blue-masters|1562\n|teamsize|p1|6\n|teamsize|p2|6\n|gen|9\n|tier|[Gen 9] VGC 2023 Regulation E\n|rated|\n|rule|Species Clause: Limit one of each Pok\u00e9mon\n|rule|Item Clause: Limit one of each item\n|clearpoke\n|poke|p1|Annihilape, L50, F|\n|poke|p1|Ogerpon-Wellspring, L50, F|\n|poke|p1|Tornadus, L50, M|\n|poke|p1|Landorus-Therian, L50, M|\n|poke|p1|Chien-Pao, L50|\n|poke|p1|Indeedee-F, L50, F|\n|poke|p2|Gholdengo, L50|\n|poke|p2|Ogerpon-Wellspring, L50, F|\n|poke|p2|Arcanine-Hisui, L50, F|\n|poke|p2|Chien-Pao, L50|\n|poke|p2|Scream Tail, L50|\n|poke|p2|Dragonite, L50, F|\n|teampreview|4\nThat_Leek has agreed to open team sheets.\ngrecnarl has agreed to open team sheets.\n|c|\u2606grecnarl|ayoooo\n|c|\u2606That_Leek|hello\n|c|\u2606That_Leek|again\n|c|\u2606That_Leek|GENERAL KENOBI\n|c|\u2606grecnarl|like do I even gotta open up that teamsheet?\n|c|\u2606That_Leek|yes\n|c|\u2606grecnarl|yes\n|c|\u2606grecnarl|I am forgetful\n|c|\u2606That_Leek|cause I don't remember\n|c|\u2606grecnarl|lol\n|c|\u2606That_Leek|I'm screaming my tail off\n|\n|t:|1700973990\n|start\n|switch|p1a: Tornadus|Tornadus, L50, M|100\/100\n|switch|p1b: Landorus|Landorus-Therian, L50, M|100\/100\n|switch|p2a: Scream Tail|Scream Tail, L50|100\/100\n|switch|p2b: Ogerpon|Ogerpon-Wellspring, L50, F|100\/100\n|-ability|p1b: Landorus|Intimidate|boost\n|-unboost|p2a: Scream Tail|atk|1\n|-unboost|p2b: Ogerpon|atk|1\n|-enditem|p2a: Scream Tail|Booster Energy\n|-activate|p2a: Scream Tail|ability: Protosynthesis|[fromitem]\n|-start|p2a: Scream Tail|protosynthesisspe\n|turn|1\n|\n|t:|1700974011\n|switch|p2b: Arcanine|Arcanine-Hisui, L50, F|100\/100\n|-ability|p2b: Arcanine|Intimidate|boost\n|-unboost|p1a: Tornadus|atk|1\n|-unboost|p1b: Landorus|atk|1\n|-terastallize|p1b: Landorus|Flying\n|move|p1a: Tornadus|Taunt|p2a: Scream Tail\n|-start|p2a: Scream Tail|move: Taunt\n|cant|p2a: Scream Tail|move: Taunt|Howl\n|move|p1b: Landorus|Tera Blast|p2b: Arcanine|[anim] Tera Blast Flying\n|-resisted|p2b: Arcanine\n|-damage|p2b: Arcanine|74\/100\n|\n|upkeep\n|turn|2\n|\n|t:|1700974036\n|switch|p2b: Ogerpon|Ogerpon-Wellspring, L50, F|100\/100\n|move|p1a: Tornadus|Tailwind|p1a: Tornadus\n|-sidestart|p1: grecnarl|move: Tailwind\n|move|p2a: Scream Tail|Play Rough|p1a: Tornadus\n|-crit|p1a: Tornadus\n|-damage|p1a: Tornadus|59\/100\n|move|p1b: Landorus|Earthquake|p2b: Ogerpon|[spread] p2a,p2b\n|-immune|p1a: Tornadus\n|-resisted|p2b: Ogerpon\n|-damage|p2a: Scream Tail|81\/100\n|-damage|p2b: Ogerpon|86\/100\n|\n|upkeep\n|turn|3\n|\n|t:|1700974052\n|switch|p1b: Ogerpon|Ogerpon-Wellspring, L50, F|100\/100\n|move|p2b: Ogerpon|Spiky Shield|p2b: Ogerpon\n|-singleturn|p2b: Ogerpon|move: Protect\n|move|p1a: Tornadus|Bleakwind Storm|p2b: Ogerpon|[spread] \n|-activate|p2b: Ogerpon|move: Protect\n|-miss|p1a: Tornadus|p2a: Scream Tail\n|move|p2a: Scream Tail|Play Rough|p1a: Tornadus\n|-damage|p1a: Tornadus|41\/100\n|\n|-end|p2a: Scream Tail|move: Taunt\n|upkeep\n|turn|4\n|\n|t:|1700974073\n|switch|p2b: Arcanine|Arcanine-Hisui, L50, F|74\/100\n|-ability|p2b: Arcanine|Intimidate|boost\n|-unboost|p1a: Tornadus|atk|1\n|-unboost|p1b: Ogerpon|atk|1\n|move|p1b: Ogerpon|Horn Leech|p2b: Arcanine\n|-damage|p2b: Arcanine|40\/100\n|move|p1a: Tornadus|Bleakwind Storm|p2b: Arcanine|[spread] p2a,p2b\n|-resisted|p2b: Arcanine\n|-damage|p2a: Scream Tail|56\/100\n|-damage|p2b: Arcanine|15\/100\n|move|p2a: Scream Tail|Howl|p2a: Scream Tail|[spread] p2a,p2b\n|-boost|p2a: Scream Tail|atk|1\n|-boost|p2b: Arcanine|atk|1\n|\n|upkeep\n|turn|5\n|\n|t:|1700974093\n|move|p1a: Tornadus|Protect|p1a: Tornadus\n|-singleturn|p1a: Tornadus|Protect\n|move|p2b: Arcanine|Extreme Speed|p1a: Tornadus\n|-activate|p1a: Tornadus|move: Protect\n|move|p1b: Ogerpon|Ivy Cudgel|p2b: Arcanine|[anim] Ivy Cudgel Water\n|-supereffective|p2b: Arcanine\n|-damage|p2b: Arcanine|0 fnt\n|faint|p2b: Arcanine\n|move|p2a: Scream Tail|Thunder Wave|p1b: Ogerpon\n|-status|p1b: Ogerpon|par\n|\n|-sideend|p1: grecnarl|move: Tailwind\n|upkeep\n|\n|t:|1700974100\n|switch|p2b: Ogerpon|Ogerpon-Wellspring, L50, F|86\/100\n|turn|6\n|\n|t:|1700974124\n|-terastallize|p2b: Ogerpon|Water\n|detailschange|p2b: Ogerpon|Ogerpon-Wellspring-Tera, L50, F, tera:Water\n|-ability|p2b: Ogerpon|Embody Aspect (Wellspring)|boost\n|-boost|p2b: Ogerpon|spd|1\n|move|p1b: Ogerpon|Follow Me|p1b: Ogerpon\n|-singleturn|p1b: Ogerpon|move: Follow Me\n|move|p1a: Tornadus|Taunt|p2a: Scream Tail\n|-start|p2a: Scream Tail|move: Taunt\n|cant|p2a: Scream Tail|move: Taunt|Howl\n|move|p2b: Ogerpon|Horn Leech|p1b: Ogerpon\n|-damage|p1b: Ogerpon|59\/100 par\n|-heal|p2b: Ogerpon|100\/100|[from] drain|[of] p1b: Ogerpon\n|\n|upkeep\n|turn|7\n|\n|t:|1700974153\n|move|p1a: Tornadus|Tailwind|p1a: Tornadus\n|-sidestart|p1: grecnarl|move: Tailwind\n|move|p2a: Scream Tail|Play Rough|p1a: Tornadus\n|-damage|p1a: Tornadus|14\/100\n|move|p1b: Ogerpon|Horn Leech|p2b: Ogerpon\n|-supereffective|p2b: Ogerpon\n|-damage|p2b: Ogerpon|45\/100\n|-heal|p1b: Ogerpon|89\/100 par|[from] drain|[of] p2b: Ogerpon\n|move|p2b: Ogerpon|Horn Leech|p1b: Ogerpon\n|-damage|p1b: Ogerpon|48\/100 par\n|-heal|p2b: Ogerpon|65\/100|[from] drain|[of] p1b: Ogerpon\n|\n|upkeep\n|turn|8\n|\n|t:|1700974171\n|move|p2b: Ogerpon|Spiky Shield|p2b: Ogerpon\n|-singleturn|p2b: Ogerpon|move: Protect\n|move|p1a: Tornadus|Bleakwind Storm|p2a: Scream Tail|[spread] p2a\n|-activate|p2b: Ogerpon|move: Protect\n|-damage|p2a: Scream Tail|30\/100\n|move|p2a: Scream Tail|Play Rough|p1a: Tornadus\n|-damage|p1a: Tornadus|0 fnt\n|faint|p1a: Tornadus\n|move|p1b: Ogerpon|Ivy Cudgel|p2a: Scream Tail|[anim] Ivy Cudgel Water\n|-damage|p2a: Scream Tail|1\/100\n|\n|-end|p2a: Scream Tail|move: Taunt\n|upkeep\n|\n|t:|1700974187\n|switch|p1a: Landorus|Landorus-Therian, L50, M, tera:Flying|100\/100\n|-ability|p1a: Landorus|Intimidate|boost\n|-unboost|p2a: Scream Tail|atk|1\n|-unboost|p2b: Ogerpon|atk|1\n|turn|9\n|\n|t:|1700974195\n|cant|p1b: Ogerpon|par\n|move|p2b: Ogerpon|Follow Me|p2b: Ogerpon\n|-singleturn|p2b: Ogerpon|move: Follow Me\n|move|p2a: Scream Tail|Thunder Wave|p1a: Landorus\n|-status|p1a: Landorus|par\n|move|p1a: Landorus|Earthquake|p2a: Scream Tail|[spread] p1b,p2a,p2b\n|-resisted|p1b: Ogerpon\n|-damage|p1b: Ogerpon|26\/100 par\n|-damage|p2a: Scream Tail|0 fnt\n|-damage|p2b: Ogerpon|28\/100\n|faint|p2a: Scream Tail\n|-end|p2a: Scream Tail|Protosynthesis|[silent]\n|\n|upkeep\n|\n|t:|1700974200\n|switch|p2a: Chien-Pao|Chien-Pao, L50|100\/100\n|-ability|p2a: Chien-Pao|Sword of Ruin\n|turn|10\n|\n|t:|1700974223\n|cant|p1b: Ogerpon|par\n|move|p2a: Chien-Pao|Ice Spinner|p1a: Landorus\n|-supereffective|p1a: Landorus\n|-damage|p1a: Landorus|0 fnt\n|faint|p1a: Landorus\n|move|p2b: Ogerpon|Horn Leech|p1b: Ogerpon\n|-damage|p1b: Ogerpon|0 fnt\n|-heal|p2b: Ogerpon|40\/100|[from] drain|[of] p1b: Ogerpon\n|faint|p1b: Ogerpon\n|\n|-sideend|p1: grecnarl|move: Tailwind\n|upkeep\n|c|\u2606That_Leek|oof\n|\n|t:|1700974231\n|switch|p1b: Annihilape|Annihilape, L50, F|100\/100\n|turn|11\n|c|\u2606That_Leek|double double para\n|\n|t:|1700974240\n|move|p2a: Chien-Pao|Ice Spinner|p1b: Annihilape\n|-damage|p1b: Annihilape|56\/100\n|move|p2b: Ogerpon|Ivy Cudgel|p1b: Annihilape|[anim] Ivy Cudgel Water\n|-damage|p1b: Annihilape|0 fnt\n|faint|p1b: Annihilape\n|\n|win|That_Leek\n|raw|grecnarl's rating: 1692 &rarr; <strong>1665<\/strong><br \/>(-27 for losing)\n|raw|That_Leek's rating: 1562 &rarr; <strong>1589<\/strong><br \/>(+27 for winning)\n|c|\u2606That_Leek|gg\n|c|\u2606grecnarl|gg\n|c|\u2606That_Leek|what's our score\n|c|\u2606That_Leek|??\n|c|\u2606That_Leek|between us\n|c|\u2606grecnarl|me 1 u 2\n|c|\u2606grecnarl|I think\n|c|\u2606grecnarl|maybe u 3?\n|c|\u2606That_Leek|oh\n|c|\u2606That_Leek|could've sworn you beat me like 20 times\n|c|\u2606grecnarl|I think this is only our second with OTS?\n|c|\u2606That_Leek|maybe maybe\n|c|\u2606grecnarl|I won the CTS first game\n|c|\u2606grecnarl|You're fun to play against\n|c|\u2606That_Leek|thank thanks\n|c|\u2606That_Leek|scream tail is very cool\n|c|\u2606grecnarl|yeah, I really had to respect it or else it disrupts the hell outta my team\n|c|\u2606That_Leek|yeah taunt stops it like a lot of support mons\n|c|\u2606That_Leek|but it lives everything\n|c|\u2606That_Leek|and it's crazy\n|c|\u2606grecnarl|oh yeah, I really needed that ivy cudgel to ko early on\n|c|\u2606grecnarl|I think I would've been better off if it did\n|c|\u2606That_Leek|yeah yeah ofc ofc\n|c|\u2606That_Leek|gg tho\n|c|\u2606grecnarl|gg its been a blast\n|c|\u2606grecnarl|see ya round the ladder\n|c|\u2606That_Leek|ofc\n","uploadtime":1700974261,"views":2,"p1id":"grecnarl","p2id":"thatleek","formatid":"gen9vgc2023regulatione","rating":1589,"private":0,"password":""}