{"id":"gen9vgc2023regulatione-1997981047","p1":"Testting123","p2":"CheeseB0y","format":"[Gen 9] VGC 2023 Regulation E","log":"|j|\u2606Testting123\n|j|\u2606CheeseB0y\n|n|\u2606Testting123|testting123\n|n|\u2606CheeseB0y|cheeseb0y\n|html|View the match progress at <a href=\"\/game-bestof3-gen9vgc2023regulatione-1997977658\">game-bestof3-gen9vgc2023regulatione-1997977658<\/a>\n|t:|1700874958\n|gametype|doubles\n|player|p1|Testting123|blackbelt-gen4dp|\n|player|p2|CheeseB0y|cynthia|\n|teamsize|p1|6\n|teamsize|p2|6\n|gen|9\n|tier|[Gen 9] VGC 2023 Regulation E\n|rule|Species Clause: Limit one of each Pok\u00e9mon\n|rule|Item Clause: Limit one of each item\n|clearpoke\n|poke|p1|Florges, L50, F|\n|poke|p1|Hariyama, L50, M|\n|poke|p1|Oranguru, L50, F|\n|poke|p1|Torkoal, L50, M|\n|poke|p1|Roaring Moon, L50|\n|poke|p1|Bruxish, L50, F|\n|poke|p2|Flutter Mane, L50|\n|poke|p2|Great Tusk, L50|\n|poke|p2|Pawmot, L50, F|\n|poke|p2|Rotom-Wash, L50|\n|poke|p2|Squawkabilly-Blue, L50, F|\n|poke|p2|Victreebel, L50, M|\n|teampreview|4\n|j| Jay Jingles\n|\n|t:|1700875075\n|start\n|switch|p1a: Roaring Moon|Roaring Moon, L50|100\/100\n|switch|p1b: Hariyama|Hariyama, L50, M|100\/100\n|switch|p2a: Flutter Mane|Flutter Mane, L50|100\/100\n|switch|p2b: Great Tusk|Great Tusk, L50|100\/100\n|-enditem|p2a: Flutter Mane|Booster Energy\n|-activate|p2a: Flutter Mane|ability: Protosynthesis|[fromitem]\n|-start|p2a: Flutter Mane|protosynthesisspe\n|-enditem|p1a: Roaring Moon|Booster Energy\n|-activate|p1a: Roaring Moon|ability: Protosynthesis|[fromitem]\n|-start|p1a: Roaring Moon|protosynthesisspe\n|turn|1\n|\n|t:|1700875137\n|-end|p2b: Great Tusk|Protosynthesis|[silent]\n|switch|p2b: Rotom|Rotom-Wash, L50|100\/100\n|move|p2a: Flutter Mane|Protect|p2a: Flutter Mane\n|-singleturn|p2a: Flutter Mane|Protect\n|move|p1a: Roaring Moon|Protect|p1a: Roaring Moon\n|-singleturn|p1a: Roaring Moon|Protect\n|move|p1b: Hariyama|Protect||[still]\n|-fail|p1b: Hariyama\n|\n|-status|p1b: Hariyama|brn|[from] item: Flame Orb\n|upkeep\n|turn|2\n|j| Fmaster94\n|c| Fmaster94|everyone use protect!\n|c| Jay Jingles|Crazy t1 lol\n|\n|t:|1700875184\n|-terastallize|p1b: Hariyama|Steel\n|move|p2b: Rotom|Helping Hand|p2a: Flutter Mane\n|-singleturn|p2a: Flutter Mane|Helping Hand|[of] p2b: Rotom\n|move|p1b: Hariyama|Bullet Punch|p2a: Flutter Mane\n|-supereffective|p2a: Flutter Mane\n|-damage|p2a: Flutter Mane|0 fnt\n|faint|p2a: Flutter Mane\n|-end|p2a: Flutter Mane|Protosynthesis|[silent]\n|move|p1a: Roaring Moon|Knock Off|p2b: Rotom\n|-damage|p2b: Rotom|54\/100\n|-enditem|p2b: Rotom|Sitrus Berry|[from] move: Knock Off|[of] p1a: Roaring Moon\n|\n|-damage|p1b: Hariyama|95\/100 brn|[from] brn\n|upkeep\n|\n|t:|1700875200\n|switch|p2a: Great Tusk|Great Tusk, L50|100\/100\n|turn|3\n|\n|t:|1700875255\n|move|p2b: Rotom|Helping Hand|p2a: Great Tusk\n|-singleturn|p2a: Great Tusk|Helping Hand|[of] p2b: Rotom\n|move|p1b: Hariyama|Protect|p1b: Hariyama\n|-singleturn|p1b: Hariyama|Protect\n|move|p1a: Roaring Moon|Breaking Swipe|p2a: Great Tusk|[spread] p2a,p2b\n|-damage|p2a: Great Tusk|83\/100\n|-damage|p2b: Rotom|33\/100\n|-unboost|p2a: Great Tusk|atk|1\n|-unboost|p2b: Rotom|atk|1\n|move|p2a: Great Tusk|Earthquake|p1a: Roaring Moon|[spread] p1a\n|-activate|p1b: Hariyama|move: Protect\n|-immune|p2b: Rotom|[from] ability: Levitate\n|-damage|p1a: Roaring Moon|55\/100\n|\n|-damage|p1b: Hariyama|89\/100 brn|[from] brn\n|upkeep\n|turn|4\n|\n|t:|1700875313\n|move|p2b: Rotom|Helping Hand|p2a: Great Tusk\n|-singleturn|p2a: Great Tusk|Helping Hand|[of] p2b: Rotom\n|move|p1b: Hariyama|Bullet Punch|p2b: Rotom\n|-resisted|p2b: Rotom\n|-damage|p2b: Rotom|25\/100\n|move|p1a: Roaring Moon|Breaking Swipe|p2b: Rotom|[spread] p2a,p2b\n|-damage|p2a: Great Tusk|64\/100\n|-damage|p2b: Rotom|6\/100\n|-unboost|p2a: Great Tusk|atk|1\n|-unboost|p2b: Rotom|atk|1\n|move|p2a: Great Tusk|Earthquake|p1a: Roaring Moon|[spread] p1a,p1b\n|-immune|p2b: Rotom|[from] ability: Levitate\n|-supereffective|p1b: Hariyama\n|-damage|p1a: Roaring Moon|20\/100\n|-damage|p1b: Hariyama|12\/100 brn\n|\n|-damage|p1b: Hariyama|6\/100 brn|[from] brn\n|upkeep\n|turn|5\n|\n|t:|1700875365\n|-end|p2a: Great Tusk|Protosynthesis|[silent]\n|switch|p2a: Pawmot|Pawmot, L50, F|100\/100\n|move|p1b: Hariyama|Bullet Punch|p2a: Pawmot\n|-resisted|p2a: Pawmot\n|-damage|p2a: Pawmot|72\/100\n|move|p1a: Roaring Moon|Breaking Swipe|p2a: Pawmot|[spread] p2a,p2b\n|-damage|p2a: Pawmot|33\/100\n|-damage|p2b: Rotom|0 fnt\n|-unboost|p2a: Pawmot|atk|1\n|faint|p2b: Rotom\n|\n|-damage|p1b: Hariyama|0 fnt|[from] brn\n|faint|p1b: Hariyama\n|upkeep\n|\n|t:|1700875380\n|switch|p2b: Great Tusk|Great Tusk, L50|64\/100\n|switch|p1b: Oranguru|Oranguru, L50, F|100\/100\n|turn|6\n|\n|t:|1700875433\n|move|p1a: Roaring Moon|Protect|p1a: Roaring Moon\n|-singleturn|p1a: Roaring Moon|Protect\n|move|p1b: Oranguru|Protect|p1b: Oranguru\n|-singleturn|p1b: Oranguru|Protect\n|move|p2a: Pawmot|Fake Out|p1a: Roaring Moon\n|-activate|p1a: Roaring Moon|move: Protect\n|move|p2b: Great Tusk|Rock Slide|p1b: Oranguru|[spread] \n|-activate|p1a: Roaring Moon|move: Protect\n|-activate|p1b: Oranguru|move: Protect\n|\n|upkeep\n|turn|7\n|\n|t:|1700875453\n|-terastallize|p2a: Pawmot|Electric\n|move|p1a: Roaring Moon|Breaking Swipe|p2b: Great Tusk|[spread] p2a,p2b\n|-damage|p2a: Pawmot|0 fnt\n|-damage|p2b: Great Tusk|46\/100\n|-unboost|p2b: Great Tusk|atk|1\n|faint|p2a: Pawmot\n|move|p2b: Great Tusk|Rock Slide|p1b: Oranguru|[spread] p1a,p1b\n|-damage|p1a: Roaring Moon|6\/100\n|-damage|p1b: Oranguru|86\/100\n|move|p1b: Oranguru|Trick Room|p1b: Oranguru\n|-fieldstart|move: Trick Room|[of] p1b: Oranguru\n|\n|upkeep\n|turn|8\n|\n|t:|1700875465\n|move|p1b: Oranguru|Psychic|p2b: Great Tusk\n|-supereffective|p2b: Great Tusk\n|-damage|p2b: Great Tusk|0 fnt\n|faint|p2b: Great Tusk\n|-end|p2b: Great Tusk|Protosynthesis|[silent]\n|\n|win|Testting123\n|c|\u2606CheeseB0y|ggs wp\n|c|\u2606Testting123|ggs!!\n|c| Fmaster94|ggs\n|l| Fmaster94\n|l| Jay Jingles\n|j| Jay Jingles\n|l| Jay Jingles\n","uploadtime":1700875472,"views":12,"p1id":"testting123","p2id":"cheeseb0y","formatid":"gen9vgc2023regulatione","rating":0,"private":0,"password":""}