{"id":"gen9vgc2023regulatione-1990164514","p1":"Tempesthydrox","p2":"Olimario98","format":"[Gen 9] VGC 2023 Regulation E","log":"|j|\u2606Tempesthydrox\n|j|\u2606Olimario98\n|t:|1699931708\n|gametype|doubles\n|player|p1|Tempesthydrox|acetrainerf|\n|player|p2|Olimario98|unknown|\n|teamsize|p1|6\n|teamsize|p2|6\n|gen|9\n|tier|[Gen 9] VGC 2023 Regulation E\n|rule|Species Clause: Limit one of each Pok\u00e9mon\n|rule|Item Clause: Limit one of each item\n|clearpoke\n|poke|p1|Mamoswine, L50, M|\n|poke|p1|Avalugg-Hisui, L50, F|\n|poke|p1|Sneasel, L50, M|\n|poke|p1|Snover, L50, F|\n|poke|p1|Froslass, L50, F|\n|poke|p1|Ninetales-Alola, L50, M|\n|poke|p2|Revavroom, L50, F|\n|poke|p2|Iron Hands, L50|\n|poke|p2|Tornadus, L50, M|\n|poke|p2|Brambleghast, L50, F|\n|poke|p2|Politoed, L50, M|\n|poke|p2|Ludicolo, L50, F|\n|teampreview|4\n|inactive|Battle timer is ON: inactive players will automatically lose when time's up. (requested by Olimario98)\nOlimario98 rejected open team sheets.\n|c|\u2606Olimario98|glhf\n|inactive|Tempesthydrox has 60 seconds left.\n|inactive|Olimario98 has 60 seconds left.\n|\n|t:|1699931770\n|start\n|switch|p1a: Ninetales|Ninetales-Alola, L50, M|100\/100\n|switch|p1b: Sneasel|Sneasel, L50, M|100\/100\n|switch|p2a: Tornadus|Tornadus, L50, M|100\/100\n|switch|p2b: Iron Hands|Iron Hands, L50|100\/100\n|-weather|Snow|[from] ability: Snow Warning|[of] p1a: Ninetales\n|turn|1\n|inactive|Tempesthydrox has 30 seconds left.\n|inactive|Olimario98 has 30 seconds left.\n|\n|t:|1699931801\n|move|p1b: Sneasel|Fake Out|p2b: Iron Hands\n|-damage|p2b: Iron Hands|91\/100\n|cant|p2b: Iron Hands|flinch\n|move|p2a: Tornadus|Rain Dance|p2a: Tornadus\n|-weather|RainDance\n|move|p1a: Ninetales|Moonblast|p2b: Iron Hands\n|-supereffective|p2b: Iron Hands\n|-crit|p2b: Iron Hands\n|-damage|p2b: Iron Hands|19\/100\n|-unboost|p2b: Iron Hands|spa|1\n|\n|-weather|RainDance|[upkeep]\n|upkeep\n|turn|2\n|inactive|Tempesthydrox has 30 seconds left.\n|inactive|Olimario98 has 30 seconds left.\n|inactive|Tempesthydrox has 20 seconds left.\n|\n|t:|1699931838\n|-end|p2b: Iron Hands|Quark Drive|[silent]\n|switch|p2b: Ludicolo|Ludicolo, L50, F|100\/100\n|move|p1b: Sneasel|Knock Off|p2b: Ludicolo\n|-damage|p2b: Ludicolo|60\/100\n|-enditem|p2b: Ludicolo|Leftovers|[from] move: Knock Off|[of] p1b: Sneasel\n|move|p2a: Tornadus|Bleakwind Storm|p1a: Ninetales|[spread] p1a,p1b\n|-damage|p1a: Ninetales|60\/100\n|-damage|p1b: Sneasel|34\/100\n|move|p1a: Ninetales|Freeze-Dry|p2a: Tornadus\n|-supereffective|p2a: Tornadus\n|-damage|p2a: Tornadus|8\/100\n|\n|-weather|RainDance|[upkeep]\n|upkeep\n|turn|3\n|inactive|Olimario98 has 30 seconds left.\n|\n|t:|1699931866\n|move|p2a: Tornadus|Tailwind|p2a: Tornadus\n|-sidestart|p2: Olimario98|move: Tailwind\n|move|p2b: Ludicolo|Giga Drain|p1a: Ninetales\n|-damage|p1a: Ninetales|21\/100\n|-heal|p2b: Ludicolo|75\/100|[from] drain|[of] p1a: Ninetales\n|move|p1b: Sneasel|Knock Off|p2a: Tornadus\n|-damage|p2a: Tornadus|0 fnt\n|-enditem|p2a: Tornadus|Covert Cloak|[from] move: Knock Off|[of] p1b: Sneasel\n|faint|p2a: Tornadus\n|move|p1a: Ninetales|Freeze-Dry|p2b: Ludicolo\n|-supereffective|p2b: Ludicolo\n|-damage|p2b: Ludicolo|0 fnt\n|faint|p2b: Ludicolo\n|\n|-weather|RainDance|[upkeep]\n|upkeep\n|\n|t:|1699931880\n|switch|p2a: Iron Hands|Iron Hands, L50|19\/100\n|switch|p2b: Politoed|Politoed, L50, M|100\/100\n|turn|4\n|\n|t:|1699931897\n|move|p1a: Ninetales|Protect|p1a: Ninetales\n|-singleturn|p1a: Ninetales|Protect\n|move|p2a: Iron Hands|Fake Out|p1a: Ninetales\n|-activate|p1a: Ninetales|move: Protect\n|move|p1b: Sneasel|Knock Off|p2a: Iron Hands\n|-resisted|p2a: Iron Hands\n|-damage|p2a: Iron Hands|4\/100\n|-enditem|p2a: Iron Hands|Assault Vest|[from] move: Knock Off|[of] p1b: Sneasel\n|move|p2b: Politoed|Chilling Water|p1b: Sneasel\n|-damage|p1b: Sneasel|0 fnt\n|faint|p1b: Sneasel\n|\n|-weather|RainDance|[upkeep]\n|upkeep\n|\n|t:|1699931913\n|switch|p1b: Mamoswine|Mamoswine, L50, M|100\/100\n|turn|5\n|\n|t:|1699931934\n|move|p1b: Mamoswine|Ice Shard|p2a: Iron Hands\n|-damage|p2a: Iron Hands|0 fnt\n|faint|p2a: Iron Hands\n|-end|p2a: Iron Hands|Quark Drive|[silent]\n|move|p2b: Politoed|Chilling Water|p1b: Mamoswine\n|-supereffective|p1b: Mamoswine\n|-damage|p1b: Mamoswine|58\/100\n|-unboost|p1b: Mamoswine|atk|1\n|move|p1a: Ninetales|Freeze-Dry|p2b: Politoed\n|-supereffective|p2b: Politoed\n|-damage|p2b: Politoed|33\/100\n|-enditem|p2b: Politoed|Sitrus Berry|[eat]\n|-heal|p2b: Politoed|58\/100|[from] item: Sitrus Berry\n|\n|-weather|none\n|upkeep\n|turn|6\n|inactive|Tempesthydrox has 30 seconds left.\n|\n|t:|1699931964\n|move|p2b: Politoed|Icy Wind|p1b: Mamoswine|[spread] p1a,p1b\n|-resisted|p1a: Ninetales\n|-damage|p1a: Ninetales|15\/100\n|-damage|p1b: Mamoswine|54\/100\n|-unboost|p1a: Ninetales|spe|1\n|-unboost|p1b: Mamoswine|spe|1\n|move|p1a: Ninetales|Freeze-Dry|p2b: Politoed\n|-supereffective|p2b: Politoed\n|-damage|p2b: Politoed|0 fnt\n|faint|p2b: Politoed\n|\n|win|Tempesthydrox\n|c|\u2606Tempesthydrox|Gg!\n|c|\u2606Olimario98|gg\n|l|\u2606Olimario98\n","uploadtime":1699931981,"views":48,"p1id":"tempesthydrox","p2id":"olimario98","formatid":"gen9vgc2023regulatione","rating":0,"private":0,"password":""}