{"id":"gen9vgc2023regulatione-1998071426","p1":"Meegee Felgo","p2":"Trevelion","format":"[Gen 9] VGC 2023 Regulation E","log":"|j|\u2606Meegee Felgo\n|j|\u2606Trevelion\n|n|\u2606Meegee Felgo|meegeefelgo\n|n|\u2606Trevelion|trevelion\n|html|View the match progress at <a href=\"\/game-bestof3-gen9vgc2023regulatione-1998071425\">game-bestof3-gen9vgc2023regulatione-1998071425<\/a>\n|t:|1700886793\n|gametype|doubles\n|player|p1|Meegee Felgo|burglar|\n|player|p2|Trevelion|drayden|\n|teamsize|p1|6\n|teamsize|p2|6\n|gen|9\n|tier|[Gen 9] VGC 2023 Regulation E\n|rule|Species Clause: Limit one of each Pok\u00e9mon\n|rule|Item Clause: Limit one of each item\n|clearpoke\n|poke|p1|Brambleghast, L50, F|\n|poke|p1|Urshifu-*, L50, M|\n|poke|p1|Chi-Yu, L50|\n|poke|p1|Flutter Mane, L50|\n|poke|p1|Gholdengo, L50|\n|poke|p1|Tornadus, L50, M|\n|poke|p2|Tornadus, L50, M|\n|poke|p2|Urshifu-*, L50, F|\n|poke|p2|Rillaboom, L50, M|\n|poke|p2|Landorus-Therian, L50, M|\n|poke|p2|Gholdengo, L50|\n|poke|p2|Rotom-Heat, L50|\n|teampreview|4\nTrevelion has agreed to open team sheets.\nMeegee Felgo has agreed to open team sheets.\n|showteam|p1|Brambleghast||FocusSash|WindRider|ShadowSneak,Poltergeist,PowerWhip,Protect|||F|||50|,,,,,Ghost]Urshifu-Rapid-Strike||MysticWater|UnseenFist|AquaJet,SurgingStrikes,CloseCombat,Protect|||M|||50|,,,,,Water]Chi-Yu||LifeOrb|BeadsofRuin|Overheat,HeatWave,DarkPulse,Protect||||||50|,,,,,Ghost]Flutter Mane||BoosterEnergy|Protosynthesis|Moonblast,DazzlingGleam,ShadowBall,Protect||||||50|,,,,,Fairy]Gholdengo||ChoiceSpecs|GoodasGold|MakeItRain,ShadowBall,Thunderbolt,Trick||||||50|,,,,,Steel]Tornadus||CovertCloak|Prankster|BleakwindStorm,Taunt,SunnyDay,Tailwind|||M|||50|,,,,,Steel\n|showteam|p2|Tornadus||CovertCloak|Prankster|BleakwindStorm,RainDance,Tailwind,Taunt|||M|||50|,,,,,Dark]Urshifu-Rapid-Strike||MysticWater|UnseenFist|AquaJet,SurgingStrikes,CloseCombat,Detect|||F|||50|,,,,,Water]Rillaboom||AssaultVest|GrassySurge|FakeOut,WoodHammer,Uturn,GrassyGlide|||M|||50|,,,,,Fire]Landorus-Therian||ChoiceScarf|Intimidate|RockSlide,StompingTantrum,TeraBlast,Uturn|||M|||50|,,,,,Flying]Gholdengo||ChoiceSpecs|GoodasGold|MakeItRain,ShadowBall,Thunderbolt,PowerGem||||||50|,,,,,Steel]Rotom-Heat||SitrusBerry|Levitate|Overheat,Thunderbolt,WillOWisp,VoltSwitch||||||50|,,,,,Water\n|inactive|Battle timer is ON: inactive players will automatically lose when time's up. (requested by Meegee Felgo)\n|inactive|Meegee Felgo has 60 seconds left.\n|inactive|Trevelion has 60 seconds left.\n|\n|t:|1700886867\n|start\n|switch|p1a: Gholdengo|Gholdengo, L50|100\/100\n|switch|p1b: Flutter Mane|Flutter Mane, L50|100\/100\n|switch|p2a: Tornadus|Tornadus, L50, M|100\/100\n|switch|p2b: Rotom|Rotom-Heat, L50|100\/100\n|-enditem|p1b: Flutter Mane|Booster Energy\n|-activate|p1b: Flutter Mane|ability: Protosynthesis|[fromitem]\n|-start|p1b: Flutter Mane|protosynthesisspa\n|turn|1\n|inactive|Trevelion has 30 seconds left.\n|\n|t:|1700886894\n|switch|p1a: Tornadus|Tornadus, L50, M|100\/100\n|-terastallize|p1b: Flutter Mane|Fairy\n|move|p2a: Tornadus|Tailwind|p2a: Tornadus\n|-sidestart|p2: Trevelion|move: Tailwind\n|move|p2b: Rotom|Overheat|p1a: Tornadus\n|-damage|p1a: Tornadus|29\/100\n|-unboost|p2b: Rotom|spa|2\n|move|p1b: Flutter Mane|Moonblast|p2a: Tornadus\n|-damage|p2a: Tornadus|20\/100\n|\n|upkeep\n|turn|2\n|\n|t:|1700886909\n|move|p1a: Tornadus|Tailwind|p1a: Tornadus\n|-sidestart|p1: Meegee Felgo|move: Tailwind\n|move|p1b: Flutter Mane|Dazzling Gleam|p2a: Tornadus|[spread] p2a,p2b\n|-resisted|p2b: Rotom\n|-damage|p2a: Tornadus|0 fnt\n|-damage|p2b: Rotom|70\/100\n|faint|p2a: Tornadus\n|move|p2b: Rotom|Volt Switch|p1a: Tornadus\n|-supereffective|p1a: Tornadus\n|-damage|p1a: Tornadus|0 fnt\n|faint|p1a: Tornadus\n|\n|t:|1700886918\n|switch|p2b: Rillaboom|Rillaboom, L50, M|100\/100|[from] Volt Switch\n|-fieldstart|move: Grassy Terrain|[from] ability: Grassy Surge|[of] p2b: Rillaboom\n|\n|upkeep\n|\n|t:|1700886935\n|switch|p1a: Gholdengo|Gholdengo, L50|100\/100\n|switch|p2a: Rotom|Rotom-Heat, L50|70\/100\n|turn|3\n|inactive|Meegee Felgo has 30 seconds left.\n|inactive|Meegee Felgo has 20 seconds left.\n|\n|t:|1700886975\n|switch|p1a: Urshifu|Urshifu-Rapid-Strike, L50, M|100\/100\n|move|p1b: Flutter Mane|Protect|p1b: Flutter Mane\n|-singleturn|p1b: Flutter Mane|Protect\n|move|p2b: Rillaboom|Wood Hammer|p1b: Flutter Mane\n|-activate|p1b: Flutter Mane|move: Protect\n|move|p2a: Rotom|Overheat|p1a: Urshifu\n|-resisted|p1a: Urshifu\n|-damage|p1a: Urshifu|53\/100\n|-unboost|p2a: Rotom|spa|2\n|\n|-heal|p1a: Urshifu|59\/100|[from] Grassy Terrain\n|upkeep\n|turn|4\n|inactive|Meegee Felgo has 30 seconds left.\n|inactive|Trevelion has 30 seconds left.\n|\n|t:|1700887009\n|switch|p2a: Landorus|Landorus-Therian, L50, M|100\/100\n|-ability|p2a: Landorus|Intimidate|boost\n|-unboost|p1a: Urshifu|atk|1\n|-unboost|p1b: Flutter Mane|atk|1\n|move|p1a: Urshifu|Protect|p1a: Urshifu\n|-singleturn|p1a: Urshifu|Protect\n|move|p2b: Rillaboom|Grassy Glide|p1a: Urshifu\n|-activate|p1a: Urshifu|move: Protect\n|move|p1b: Flutter Mane|Shadow Ball|p2a: Landorus\n|-damage|p2a: Landorus|24\/100\n|\n|-heal|p1a: Urshifu|65\/100|[from] Grassy Terrain\n|-sideend|p2: Trevelion|move: Tailwind\n|upkeep\n|turn|5\n|inactive|Meegee Felgo has 30 seconds left.\n|inactive|Trevelion has 30 seconds left.\n|\n|t:|1700887040\n|switch|p2a: Rotom|Rotom-Heat, L50|70\/100\n|move|p1a: Urshifu|Aqua Jet|p2a: Rotom\n|-supereffective|p2a: Rotom\n|-damage|p2a: Rotom|32\/100\n|-enditem|p2a: Rotom|Sitrus Berry|[eat]\n|-heal|p2a: Rotom|57\/100|[from] item: Sitrus Berry\n|move|p2b: Rillaboom|Grassy Glide|p1a: Urshifu\n|-supereffective|p1a: Urshifu\n|-damage|p1a: Urshifu|0 fnt\n|faint|p1a: Urshifu\n|move|p1b: Flutter Mane|Moonblast|p2a: Rotom\n|-resisted|p2a: Rotom\n|-damage|p2a: Rotom|12\/100\n|-unboost|p2a: Rotom|spa|1\n|\n|-sideend|p1: Meegee Felgo|move: Tailwind\n|upkeep\n|\n|t:|1700887055\n|switch|p1a: Gholdengo|Gholdengo, L50|100\/100\n|turn|6\n|\n|t:|1700887074\n|-terastallize|p2b: Rillaboom|Fire\n|move|p1b: Flutter Mane|Protect|p1b: Flutter Mane\n|-singleturn|p1b: Flutter Mane|Protect\n|move|p1a: Gholdengo|Make It Rain|p2b: Rillaboom|[spread] p2a,p2b\n|-resisted|p2a: Rotom\n|-resisted|p2b: Rillaboom\n|-damage|p2a: Rotom|0 fnt\n|-damage|p2b: Rillaboom|75\/100\n|-unboost|p1a: Gholdengo|spa|1\n|faint|p2a: Rotom\n|move|p2b: Rillaboom|Wood Hammer|p1b: Flutter Mane\n|-activate|p1b: Flutter Mane|move: Protect\n|\n|-heal|p2b: Rillaboom|81\/100|[from] Grassy Terrain\n|-fieldend|move: Grassy Terrain\n|upkeep\n|\n|t:|1700887078\n|switch|p2a: Landorus|Landorus-Therian, L50, M|24\/100\n|-ability|p2a: Landorus|Intimidate|boost\n|-unboost|p1a: Gholdengo|atk|1\n|-unboost|p1b: Flutter Mane|atk|1\n|turn|7\n|inactive|Trevelion has 30 seconds left.\n|inactive|Meegee Felgo has 30 seconds left.\n|\n|t:|1700887112\n|move|p2a: Landorus|Stomping Tantrum|p1a: Gholdengo\n|-supereffective|p1a: Gholdengo\n|-damage|p1a: Gholdengo|20\/100\n|move|p1b: Flutter Mane|Shadow Ball|p2b: Rillaboom\n|-damage|p2b: Rillaboom|41\/100\n|move|p1a: Gholdengo|Make It Rain|p2b: Rillaboom|[spread] p2a,p2b\n|-resisted|p2b: Rillaboom\n|-damage|p2a: Landorus|0 fnt\n|-damage|p2b: Rillaboom|24\/100\n|-unboost|p1a: Gholdengo|spa|1\n|faint|p2a: Landorus\n|move|p2b: Rillaboom|Wood Hammer|p1b: Flutter Mane\n|-damage|p1b: Flutter Mane|0 fnt\n|faint|p1b: Flutter Mane\n|-end|p1b: Flutter Mane|Protosynthesis|[silent]\n|-damage|p2b: Rillaboom|0 fnt|[from] Recoil\n|faint|p2b: Rillaboom\n|\n|win|Meegee Felgo\n|inactive|Meegee Felgo has 50 seconds to confirm battle start!\n|inactive|Trevelion has 50 seconds to confirm battle start!\n|c|&|\/uhtml prompt-meegeefelgo,Meegee Felgo is ready for game 2!\n|inactive|Trevelion has 40 seconds to confirm battle start!\n|c|&|\/uhtml prompt-trevelion,Trevelion is ready for game 2!\nBoth players are ready! Starting next match!\n","uploadtime":1700887129,"views":7,"p1id":"meegeefelgo","p2id":"trevelion","formatid":"gen9vgc2023regulatione","rating":0,"private":0,"password":""}