{"id":"gen9vgc2023regulatione-1998714520","p1":"Slr_pwr","p2":"RLisanidiot","format":"[Gen 9] VGC 2023 Regulation E","log":"|j|\u2606Slr_pwr\n|j|\u2606RLisanidiot\n|t:|1700976677\n|gametype|doubles\n|player|p1|Slr_pwr|alder|1044\n|player|p2|RLisanidiot|cynthia-masters|1043\n|teamsize|p1|6\n|teamsize|p2|6\n|gen|9\n|tier|[Gen 9] VGC 2023 Regulation E\n|rated|\n|rule|Species Clause: Limit one of each Pok\u00e9mon\n|rule|Item Clause: Limit one of each item\n|clearpoke\n|poke|p1|Sandy Shocks, L50|\n|poke|p1|Milotic, L50, F|\n|poke|p1|Sneasler, L50, F|\n|poke|p1|Typhlosion-Hisui, L50, F|\n|poke|p1|Arcanine-Hisui, L50, F|\n|poke|p1|Greninja-*, L50, F|\n|poke|p2|Ninetales-Alola, L50, F|\n|poke|p2|Chien-Pao, L50|\n|poke|p2|Flutter Mane, L50|\n|poke|p2|Tornadus, L50, M|\n|poke|p2|Pachirisu, L50, M|\n|poke|p2|Landorus-Therian, L50, M|\n|teampreview|4\n|inactive|Battle timer is ON: inactive players will automatically lose when time's up. (requested by RLisanidiot)\n|inactive|Slr_pwr has 60 seconds left.\n|inactive|RLisanidiot has 60 seconds left.\nSlr_pwr has agreed to open team sheets.\n|\n|t:|1700976731\n|start\n|switch|p1a: Sandy Shocks|Sandy Shocks, L50|100\/100\n|switch|p1b: Greninja|Greninja, L50, F|100\/100\n|switch|p2a: Tornadus|Tornadus, L50, M|100\/100\n|switch|p2b: Landorus|Landorus-Therian, L50, M, shiny|100\/100\n|-ability|p2b: Landorus|Intimidate|boost\n|-unboost|p1a: Sandy Shocks|atk|1\n|-unboost|p1b: Greninja|atk|1\n|turn|1\n|c|\u2606Slr_pwr|Glhf\n|\n|t:|1700976748\n|move|p2a: Tornadus|Tailwind|p2a: Tornadus\n|-sidestart|p2: RLisanidiot|move: Tailwind\n|move|p2b: Landorus|U-turn|p1b: Greninja\n|-supereffective|p1b: Greninja\n|-damage|p1b: Greninja|24\/100\n|\n|t:|1700976754\n|switch|p2b: Chien-Pao|Chien-Pao, L50|100\/100|[from] U-turn\n|-ability|p2b: Chien-Pao|Sword of Ruin\n|move|p1b: Greninja|Icy Wind|p2b: Chien-Pao|[spread] p2b\n|-miss|p1b: Greninja|p2a: Tornadus\n|-resisted|p2b: Chien-Pao\n|-damage|p2b: Chien-Pao|95\/100\n|-unboost|p2b: Chien-Pao|spe|1\n|move|p1a: Sandy Shocks|Gravity|p1a: Sandy Shocks\n|-fieldstart|move: Gravity\n|\n|upkeep\n|turn|2\n|inactive|Slr_pwr has 30 seconds left.\n|c|\u2606RLisanidiot|you too\n|inactive|Slr_pwr has 20 seconds left.\n|\n|t:|1700976793\n|move|p2a: Tornadus|Bleakwind Storm|p1b: Greninja|[spread] p1a,p1b\n|-resisted|p1a: Sandy Shocks\n|-damage|p1a: Sandy Shocks|82\/100\n|-damage|p1b: Greninja|0 fnt\n|-unboost|p1a: Sandy Shocks|spe|1\n|faint|p1b: Greninja\n|move|p2b: Chien-Pao|Ice Spinner|p1a: Sandy Shocks\n|-supereffective|p1a: Sandy Shocks\n|-damage|p1a: Sandy Shocks|0 fnt\n|faint|p1a: Sandy Shocks\n|-end|p1a: Sandy Shocks|Protosynthesis|[silent]\n|\n|upkeep\n|\n|t:|1700976802\n|switch|p1b: Sneasler|Sneasler, L50, F|100\/100\n|switch|p1a: Milotic|Milotic, L50, F|100\/100\n|turn|3\n|\n|t:|1700976819\n|switch|p2b: Landorus|Landorus-Therian, L50, M, shiny|100\/100\n|-ability|p2b: Landorus|Intimidate|boost\n|-unboost|p1a: Milotic|atk|1\n|-unboost|p1b: Sneasler|atk|1\n|move|p1b: Sneasler|Fake Out|p2b: Landorus\n|-enditem|p1b: Sneasler|Normal Gem|[from] gem\n|-damage|p2b: Landorus|86\/100\n|-status|p2b: Landorus|psn|[from] ability: Poison Touch|[of] p1b: Sneasler\n|move|p2a: Tornadus|Bleakwind Storm|p1b: Sneasler|[spread] p1a,p1b\n|-supereffective|p1b: Sneasler\n|-damage|p1a: Milotic|79\/100\n|-damage|p1b: Sneasler|15\/100\n|move|p1a: Milotic|Hypnosis|p2a: Tornadus\n|-status|p2a: Tornadus|slp|[from] move: Hypnosis\n|\n|-heal|p1a: Milotic|85\/100|[from] item: Leftovers\n|-damage|p2b: Landorus|74\/100 psn|[from] psn\n|upkeep\n|turn|4\n|inactive|Slr_pwr has 30 seconds left.\n|c|\u2606RLisanidiot|interesting team\n|inactive|Slr_pwr has 20 seconds left.\n|inactive|Slr_pwr has 15 seconds left.\n|inactive|Slr_pwr has 10 seconds left.\n|\n|t:|1700976864\n|-terastallize|p1b: Sneasler|Flying\n|move|p2b: Landorus|Sandsear Storm|p1a: Milotic|[spread] p1a,p1b\n|-damage|p1a: Milotic|61\/100\n|-damage|p1b: Sneasler|0 fnt\n|faint|p1b: Sneasler\n|cant|p2a: Tornadus|slp\n|move|p1a: Milotic|Hydro Pump|p2b: Landorus\n|-supereffective|p2b: Landorus\n|-damage|p2b: Landorus|0 fnt\n|faint|p2b: Landorus\n|\n|-heal|p1a: Milotic|67\/100|[from] item: Leftovers\n|-sideend|p2: RLisanidiot|move: Tailwind\n|upkeep\n|\n|t:|1700976879\n|switch|p2b: Chien-Pao|Chien-Pao, L50|95\/100\n|-ability|p2b: Chien-Pao|Sword of Ruin\n|turn|5\n|\n|t:|1700976903\n|-terastallize|p2b: Chien-Pao|Electric\n|move|p2b: Chien-Pao|Tera Blast|p1a: Milotic|[anim] Tera Blast Electric\n|-supereffective|p1a: Milotic\n|-damage|p1a: Milotic|0 fnt\n|faint|p1a: Milotic\n|\n|win|RLisanidiot\n|raw|Slr_pwr's rating: 1044 &rarr; <strong>1027<\/strong><br \/>(-17 for losing)\n|raw|RLisanidiot's rating: 1043 &rarr; <strong>1077<\/strong><br \/>(+34 for winning)\n|c|\u2606RLisanidiot|ggwp\n|c|\u2606Slr_pwr|Ggs\n","uploadtime":1700976913,"views":7,"p1id":"slrpwr","p2id":"rlisanidiot","formatid":"gen9vgc2023regulatione","rating":1027,"private":0,"password":""}