{"id":"gen9vgc2023regulatione-1992285328","p1":"tythann","p2":"Manthis","format":"[Gen 9] VGC 2023 Regulation E","log":"|j|\u2606tythann\n|j|\u2606Manthis\n|t:|1700170929\n|gametype|doubles\n|player|p1|tythann|102|1155\n|player|p2|Manthis|plasmagrunt|1214\n|teamsize|p1|6\n|teamsize|p2|6\n|gen|9\n|tier|[Gen 9] VGC 2023 Regulation E\n|rated|\n|rule|Species Clause: Limit one of each Pok\u00e9mon\n|rule|Item Clause: Limit one of each item\n|clearpoke\n|poke|p1|Roaring Moon, L50|\n|poke|p1|Tornadus, L50, M|\n|poke|p1|Sinistcha, L50|\n|poke|p1|Arcanine-Hisui, L50, F|\n|poke|p1|Ogerpon, L50, F|\n|poke|p1|Iron Hands, L50|\n|poke|p2|Indeedee-F, L50, F|\n|poke|p2|Torkoal, L50, F|\n|poke|p2|Armarouge, L50, M|\n|poke|p2|Sinistcha-Masterpiece, L50|\n|poke|p2|Spiritomb, L50, M|\n|poke|p2|Ursaluna-Bloodmoon, L50, M|\n|teampreview|4\nManthis has agreed to open team sheets.\ntythann has agreed to open team sheets.\n|\n|t:|1700171009\n|start\n|switch|p1a: Roaring Moon|Roaring Moon, L50|100\/100\n|switch|p1b: Tornadus|Tornadus, L50, M|100\/100\n|switch|p2a: Indeedee|Indeedee-F, L50, F|100\/100\n|switch|p2b: Spiritomb|Spiritomb, L50, M|100\/100\n|-fieldstart|move: Psychic Terrain|[from] ability: Psychic Surge|[of] p2a: Indeedee\n|-enditem|p1a: Roaring Moon|Booster Energy\n|-activate|p1a: Roaring Moon|ability: Protosynthesis|[fromitem]\n|-start|p1a: Roaring Moon|protosynthesisatk\n|turn|1\n|\n|t:|1700171032\n|move|p2a: Indeedee|Follow Me|p2a: Indeedee\n|-singleturn|p2a: Indeedee|move: Follow Me\n|move|p1b: Tornadus|Taunt|p2a: Indeedee\n|-activate|p2a: Indeedee|move: Psychic Terrain\n|move|p1a: Roaring Moon|Knock Off|p2a: Indeedee\n|-supereffective|p2a: Indeedee\n|-damage|p2a: Indeedee|0 fnt\n|-enditem|p2a: Indeedee|Safety Goggles|[from] move: Knock Off|[of] p1a: Roaring Moon\n|faint|p2a: Indeedee\n|move|p2b: Spiritomb|Trick Room|p2b: Spiritomb\n|-fieldstart|move: Trick Room|[of] p2b: Spiritomb\n|\n|upkeep\n|\n|t:|1700171042\n|switch|p2a: Ursaluna|Ursaluna-Bloodmoon, L50, M|100\/100\n|turn|2\n|\n|t:|1700171074\n|move|p1b: Tornadus|Taunt|p2b: Spiritomb\n|-activate|p2b: Spiritomb|move: Psychic Terrain\n|move|p2b: Spiritomb|Will-O-Wisp|p1a: Roaring Moon\n|-status|p1a: Roaring Moon|brn\n|move|p2a: Ursaluna|Hyper Voice|p1b: Tornadus|[spread] p1a,p1b\n|-damage|p1a: Roaring Moon|60\/100 brn\n|-damage|p1b: Tornadus|55\/100\n|-enditem|p2a: Ursaluna|Throat Spray\n|-boost|p2a: Ursaluna|spa|1|[from] item: Throat Spray\n|move|p1a: Roaring Moon|Acrobatics|p2a: Ursaluna\n|-damage|p2a: Ursaluna|83\/100\n|\n|-damage|p1a: Roaring Moon|54\/100 brn|[from] brn\n|upkeep\n|turn|3\n|\n|t:|1700171110\n|switch|p2b: Armarouge|Armarouge, L50, M|100\/100\n|-terastallize|p2a: Ursaluna|Normal\n|move|p2a: Ursaluna|Hyper Voice|p1b: Tornadus|[spread] p1a,p1b\n|-damage|p1a: Roaring Moon|0 fnt\n|-damage|p1b: Tornadus|0 fnt\n|faint|p1a: Roaring Moon\n|-end|p1a: Roaring Moon|Protosynthesis|[silent]\n|faint|p1b: Tornadus\n|\n|upkeep\n|\n|t:|1700171121\n|switch|p1a: Arcanine|Arcanine-Hisui, L50, F|100\/100\n|switch|p1b: Ogerpon|Ogerpon, L50, F|100\/100\n|-ability|p1a: Arcanine|Intimidate|boost\n|-unboost|p2a: Ursaluna|atk|1\n|-unboost|p2b: Armarouge|atk|1\n|turn|4\n|\n|t:|1700171131\n|-terastallize|p1a: Arcanine|Normal\n|move|p1b: Ogerpon|Spiky Shield|p1b: Ogerpon\n|-singleturn|p1b: Ogerpon|move: Protect\n|move|p1a: Arcanine|Extreme Speed|p2a: Ursaluna\n|-activate|p2a: Ursaluna|move: Psychic Terrain\n|move|p2a: Ursaluna|Hyper Voice|p1b: Ogerpon|[spread] p1a\n|-activate|p1b: Ogerpon|move: Protect\n|-damage|p1a: Arcanine|6\/100\n|move|p2b: Armarouge|Expanding Force|p1b: Ogerpon|[spread] p1a\n|-activate|p1b: Ogerpon|move: Protect\n|-damage|p1a: Arcanine|0 fnt\n|faint|p1a: Arcanine\n|-damage|p2b: Armarouge|91\/100|[from] item: Life Orb\n|\n|upkeep\n|turn|5\n|\n|t:|1700171148\n|move|p2a: Ursaluna|Blood Moon|p1b: Ogerpon\n|-damage|p1b: Ogerpon|0 fnt\n|faint|p1b: Ogerpon\n|\n|win|Manthis\n|raw|tythann's rating: 1155 &rarr; <strong>1134<\/strong><br \/>(-21 for losing)\n|raw|Manthis's rating: 1214 &rarr; <strong>1235<\/strong><br \/>(+21 for winning)\n|l|\u2606tythann\n","uploadtime":1700171162,"views":32,"p1id":"tythann","p2id":"manthis","formatid":"gen9vgc2023regulatione","rating":1134,"private":0,"password":""}