{"id":"gen9vgc2023regulatione-1990743401","p1":"diegodm2694","p2":"Not_Watermelon","format":"[Gen 9] VGC 2023 Regulation E","log":"|j|\u2606diegodm2694\n|j|\u2606Not_Watermelon\n|t:|1699996692\n|gametype|doubles\n|player|p1|diegodm2694|170|1463\n|player|p2|Not_Watermelon|irida|1502\n|teamsize|p1|6\n|teamsize|p2|6\n|gen|9\n|tier|[Gen 9] VGC 2023 Regulation E\n|rated|\n|rule|Species Clause: Limit one of each Pok\u00e9mon\n|rule|Item Clause: Limit one of each item\n|clearpoke\n|poke|p1|Clefairy, L50, F|\n|poke|p1|Roaring Moon, L50|\n|poke|p1|Flutter Mane, L50|\n|poke|p1|Heatran, L50, M|\n|poke|p1|Ogerpon-Hearthflame, L50, F|\n|poke|p1|Urshifu-*, L50, M|\n|poke|p2|Glaceon, L50, M|\n|poke|p2|Ninetales-Alola, L50, F|\n|poke|p2|Heatran, L50, M|\n|poke|p2|Salamence, L50, F|\n|poke|p2|Iron Hands, L50|\n|poke|p2|Flutter Mane, L50|\n|teampreview|4\nNot_Watermelon has agreed to open team sheets.\ndiegodm2694 has agreed to open team sheets.\n|inactive|Battle timer is ON: inactive players will automatically lose when time's up. (requested by Not_Watermelon)\n|inactive|diegodm2694 has 60 seconds left.\n|\n|t:|1699996760\n|start\n|switch|p1a: Roaring Moon|Roaring Moon, L50|100\/100\n|switch|p1b: Flutter Mane|Flutter Mane, L50|100\/100\n|switch|p2a: Salamence|Salamence, L50, F|100\/100\n|switch|p2b: Iron Hands|Iron Hands, L50|100\/100\n|-ability|p2a: Salamence|Intimidate|boost\n|-unboost|p1a: Roaring Moon|atk|1\n|-unboost|p1b: Flutter Mane|atk|1\n|-enditem|p1a: Roaring Moon|Booster Energy\n|-activate|p1a: Roaring Moon|ability: Protosynthesis|[fromitem]\n|-start|p1a: Roaring Moon|protosynthesisspe\n|turn|1\n|\n|t:|1699996781\n|switch|p2a: Heatran|Heatran, L50, M|100\/100\n|move|p1a: Roaring Moon|Knock Off|p2b: Iron Hands\n|-resisted|p2b: Iron Hands\n|-damage|p2b: Iron Hands|89\/100\n|-enditem|p2b: Iron Hands|Assault Vest|[from] move: Knock Off|[of] p1a: Roaring Moon\n|move|p1b: Flutter Mane|Dazzling Gleam|p2a: Heatran|[spread] p2a,p2b\n|-resisted|p2a: Heatran\n|-supereffective|p2b: Iron Hands\n|-damage|p2a: Heatran|88\/100\n|-damage|p2b: Iron Hands|0 fnt\n|faint|p2b: Iron Hands\n|-end|p2b: Iron Hands|Quark Drive|[silent]\n|\n|upkeep\n|\n|t:|1699996801\n|switch|p2b: Salamence|Salamence, L50, F|100\/100\n|-ability|p2b: Salamence|Intimidate|boost\n|-unboost|p1a: Roaring Moon|atk|1\n|-unboost|p1b: Flutter Mane|atk|1\n|turn|2\n|\n|t:|1699996814\n|-terastallize|p2b: Salamence|Steel\n|move|p1a: Roaring Moon|Tailwind|p1a: Roaring Moon\n|-sidestart|p1: diegodm2694|move: Tailwind\n|move|p1b: Flutter Mane|Dazzling Gleam|p2a: Heatran|[spread] p2a,p2b\n|-resisted|p2a: Heatran\n|-resisted|p2b: Salamence\n|-damage|p2a: Heatran|77\/100\n|-damage|p2b: Salamence|76\/100\n|move|p2b: Salamence|Tailwind|p2b: Salamence\n|-sidestart|p2: Not_Watermelon|move: Tailwind\n|move|p2a: Heatran|Flash Cannon|p1b: Flutter Mane\n|-supereffective|p1b: Flutter Mane\n|-damage|p1b: Flutter Mane|0 fnt\n|faint|p1b: Flutter Mane\n|-end|p1b: Flutter Mane|Protosynthesis|[silent]\n|-damage|p2a: Heatran|67\/100|[from] item: Life Orb\n|\n|upkeep\n|\n|t:|1699996830\n|switch|p1b: Heatran|Heatran, L50, M|100\/100\n|turn|3\n|inactive|diegodm2694 has 30 seconds left.\n|\n|t:|1699996860\n|move|p1a: Roaring Moon|Knock Off|p2a: Heatran\n|-damage|p2a: Heatran|38\/100\n|-enditem|p2a: Heatran|Life Orb|[from] move: Knock Off|[of] p1a: Roaring Moon\n|move|p2b: Salamence|Iron Head|p1b: Heatran\n|-resisted|p1b: Heatran\n|-damage|p1b: Heatran|91\/100\n|move|p2a: Heatran|Earth Power|p1b: Heatran\n|-supereffective|p1b: Heatran\n|-damage|p1b: Heatran|24\/100\n|cant|p1b: Heatran|flinch\n|\n|upkeep\n|turn|4\n|\n|t:|1699996877\n|move|p1a: Roaring Moon|Knock Off|p2b: Salamence\n|-damage|p2b: Salamence|47\/100\n|-enditem|p2b: Salamence|Clear Amulet|[from] move: Knock Off|[of] p1a: Roaring Moon\n|move|p2b: Salamence|Dragon Dance|p2b: Salamence\n|-boost|p2b: Salamence|atk|1\n|-boost|p2b: Salamence|spe|1\n|move|p2a: Heatran|Earth Power|p1b: Heatran\n|-supereffective|p1b: Heatran\n|-damage|p1b: Heatran|0 fnt\n|faint|p1b: Heatran\n|\n|upkeep\n|\n|t:|1699996887\n|switch|p1b: Ogerpon|Ogerpon-Hearthflame, L50, F|100\/100\n|-ability|p1b: Ogerpon|Mold Breaker\n|turn|5\n|inactive|Not_Watermelon has 30 seconds left.\n|inactive|Not_Watermelon has 20 seconds left.\n|\n|t:|1699996926\n|move|p1a: Roaring Moon|Protect|p1a: Roaring Moon\n|-singleturn|p1a: Roaring Moon|Protect\n|move|p1b: Ogerpon|Spiky Shield|p1b: Ogerpon\n|-singleturn|p1b: Ogerpon|move: Protect\n|move|p2b: Salamence|Dragon Dance|p2b: Salamence\n|-boost|p2b: Salamence|atk|1\n|-boost|p2b: Salamence|spe|1\n|move|p2a: Heatran|Earth Power|p1b: Ogerpon\n|-activate|p1b: Ogerpon|move: Protect\n|\n|-sideend|p2: Not_Watermelon|move: Tailwind\n|-sideend|p1: diegodm2694|move: Tailwind\n|upkeep\n|turn|6\n|inactive|Not_Watermelon has 30 seconds left.\n|\n|t:|1699996957\n|move|p2b: Salamence|Tailwind|p2b: Salamence\n|-sidestart|p2: Not_Watermelon|move: Tailwind\n|move|p1a: Roaring Moon|Tailwind|p1a: Roaring Moon\n|-sidestart|p1: diegodm2694|move: Tailwind\n|move|p1b: Ogerpon|Ivy Cudgel|p2b: Salamence|[anim] Ivy Cudgel Fire\n|-supereffective|p2b: Salamence\n|-damage|p2b: Salamence|0 fnt\n|faint|p2b: Salamence\n|move|p2a: Heatran|Earth Power|p1b: Ogerpon\n|-damage|p1b: Ogerpon|60\/100\n|\n|upkeep\n|\n|t:|1699996967\n|switch|p2b: Flutter Mane|Flutter Mane, L50|100\/100\n|-enditem|p2b: Flutter Mane|Booster Energy\n|-activate|p2b: Flutter Mane|ability: Protosynthesis|[fromitem]\n|-start|p2b: Flutter Mane|protosynthesisspe\n|turn|7\n|\n|t:|1699996989\n|-terastallize|p1a: Roaring Moon|Flying\n|move|p2b: Flutter Mane|Protect|p2b: Flutter Mane\n|-singleturn|p2b: Flutter Mane|Protect\n|move|p1b: Ogerpon|Spiky Shield|p1b: Ogerpon\n|-singleturn|p1b: Ogerpon|move: Protect\n|move|p1a: Roaring Moon|Acrobatics|p2b: Flutter Mane\n|-activate|p2b: Flutter Mane|move: Protect\n|move|p2a: Heatran|Earth Power|p1b: Ogerpon\n|-activate|p1b: Ogerpon|move: Protect\n|\n|upkeep\n|turn|8\n|\n|t:|1699997008\n|move|p1a: Roaring Moon|Acrobatics|p2b: Flutter Mane\n|-damage|p2b: Flutter Mane|45\/100\n|move|p2b: Flutter Mane|Shadow Ball|p1b: Ogerpon\n|-damage|p1b: Ogerpon|13\/100\n|move|p1b: Ogerpon|Ivy Cudgel|p2a: Heatran|[anim] Ivy Cudgel Fire\n|-damage|p2a: Heatran|0 fnt\n|faint|p2a: Heatran\n|\n|upkeep\n|turn|9\n|\n|t:|1699997027\n|move|p1b: Ogerpon|Spiky Shield|p1b: Ogerpon\n|-singleturn|p1b: Ogerpon|move: Protect\n|move|p1a: Roaring Moon|Acrobatics|p2b: Flutter Mane\n|-damage|p2b: Flutter Mane|0 fnt\n|faint|p2b: Flutter Mane\n|-end|p2b: Flutter Mane|Protosynthesis|[silent]\n|\n|win|diegodm2694\n|raw|diegodm2694's rating: 1463 &rarr; <strong>1485<\/strong><br \/>(+22 for winning)\n|raw|Not_Watermelon's rating: 1502 &rarr; <strong>1480<\/strong><br \/>(-22 for losing)\n","uploadtime":1699997041,"views":11,"p1id":"diegodm2694","p2id":"notwatermelon","formatid":"gen9vgc2023regulatione","rating":1480,"private":0,"password":""}