{"id":"gen9vgc2023regulatione-2000077456","p1":"Saulinho_P1","p2":"Piccius","format":"[Gen 9] VGC 2023 Regulation E","log":"|j|\u2606Saulinho_P1\n|j|\u2606Piccius\n|t:|1701150561\n|gametype|doubles\n|player|p1|Saulinho_P1|will|1570\n|player|p2|Piccius|101|1458\n|teamsize|p1|6\n|teamsize|p2|6\n|gen|9\n|tier|[Gen 9] VGC 2023 Regulation E\n|rated|\n|rule|Species Clause: Limit one of each Pok\u00e9mon\n|rule|Item Clause: Limit one of each item\n|clearpoke\n|poke|p1|Ursaluna, L50, F|\n|poke|p1|Roaring Moon, L50|\n|poke|p1|Armarouge, L50, F|\n|poke|p1|Torkoal, L50, F|\n|poke|p1|Indeedee-F, L50, F|\n|poke|p1|Bronzong, L50|\n|poke|p2|Chi-Yu, L50|\n|poke|p2|Kingambit, L50, M|\n|poke|p2|Flutter Mane, L50|\n|poke|p2|Rillaboom, L50, M|\n|poke|p2|Farigiraf, L50, F|\n|poke|p2|Urshifu-*, L50, M|\n|teampreview|4\n|inactive|Battle timer is ON: inactive players will automatically lose when time's up. (requested by Saulinho_P1)\n|\n|t:|1701150596\n|start\n|switch|p1a: Roaring Moon|Roaring Moon, L50|100\/100\n|switch|p1b: Armarouge|Armarouge, L50, F|100\/100\n|switch|p2a: Chi-Yu|Chi-Yu, L50|100\/100\n|switch|p2b: Urshifu|Urshifu-Rapid-Strike, L50, M|100\/100\n|-ability|p2a: Chi-Yu|Beads of Ruin\n|-enditem|p1a: Roaring Moon|Booster Energy\n|-activate|p1a: Roaring Moon|ability: Protosynthesis|[fromitem]\n|-start|p1a: Roaring Moon|protosynthesisspe\n|turn|1\n|inactive|Saulinho_P1 has 30 seconds left.\n|inactive|Piccius has 30 seconds left.\n|inactive|Saulinho_P1 has 20 seconds left.\n|inactive|Piccius has 20 seconds left.\n|inactive|Saulinho_P1 has 15 seconds left.\n|inactive|Piccius has 15 seconds left.\n|\n|t:|1701150641\n|switch|p2a: Rillaboom|Rillaboom, L50, M|100\/100\n|-fieldstart|move: Grassy Terrain|[from] ability: Grassy Surge|[of] p2a: Rillaboom\n|move|p1b: Armarouge|Endure|p1b: Armarouge\n|-singleturn|p1b: Armarouge|move: Endure\n|move|p2b: Urshifu|Protect|p2b: Urshifu\n|-singleturn|p2b: Urshifu|Protect\n|move|p1a: Roaring Moon|Earthquake|p2a: Rillaboom|[spread] p1b,p2a\n|-activate|p2b: Urshifu|move: Protect\n|-supereffective|p1b: Armarouge\n|-resisted|p2a: Rillaboom\n|-damage|p1b: Armarouge|69\/100\n|-damage|p2a: Rillaboom|95\/100\n|-ability|p1b: Armarouge|Weak Armor|boost\n|-unboost|p1b: Armarouge|def|1\n|-boost|p1b: Armarouge|spe|2\n|-enditem|p1b: Armarouge|Weakness Policy\n|-boost|p1b: Armarouge|atk|2|[from] item: Weakness Policy\n|-boost|p1b: Armarouge|spa|2|[from] item: Weakness Policy\n|\n|-heal|p1b: Armarouge|76\/100|[from] Grassy Terrain\n|-heal|p2a: Rillaboom|100\/100|[from] Grassy Terrain\n|upkeep\n|turn|2\n|inactive|Saulinho_P1 has 30 seconds left.\n|inactive|Saulinho_P1 has 20 seconds left.\n|inactive|Saulinho_P1 has 15 seconds left.\n|\n|t:|1701150685\n|-end|p1a: Roaring Moon|Protosynthesis|[silent]\n|switch|p1a: Indeedee|Indeedee-F, L50, F|100\/100\n|-fieldstart|move: Psychic Terrain|[from] ability: Psychic Surge|[of] p1a: Indeedee\n|switch|p2b: Chi-Yu|Chi-Yu, L50|100\/100\n|-ability|p2b: Chi-Yu|Beads of Ruin\n|switch|p2a: Kingambit|Kingambit, L50, M|100\/100\n|move|p1b: Armarouge|Expanding Force|p2a: Kingambit|[spread] \n|-immune|p2a: Kingambit\n|-immune|p2b: Chi-Yu\n|\n|upkeep\n|turn|3\n|inactive|Saulinho_P1 has 30 seconds left.\n|inactive|Piccius has 30 seconds left.\n|\n|t:|1701150716\n|switch|p1a: Torkoal|Torkoal, L50, F|100\/100\n|-weather|SunnyDay|[from] ability: Drought|[of] p1a: Torkoal\n|move|p2a: Kingambit|Protect|p2a: Kingambit\n|-singleturn|p2a: Kingambit|Protect\n|move|p1b: Armarouge|Heat Wave|p2a: Kingambit|[spread] p2b\n|-activate|p2a: Kingambit|move: Protect\n|-resisted|p2b: Chi-Yu\n|-crit|p2b: Chi-Yu\n|-damage|p2b: Chi-Yu|1\/100\n|move|p2b: Chi-Yu|Snarl|p1a: Torkoal|[spread] p1a,p1b\n|-supereffective|p1b: Armarouge\n|-damage|p1a: Torkoal|42\/100\n|-damage|p1b: Armarouge|0 fnt\n|-unboost|p1a: Torkoal|spa|1\n|faint|p1b: Armarouge\n|\n|-weather|SunnyDay|[upkeep]\n|upkeep\n|\n|t:|1701150732\n|switch|p1b: Roaring Moon|Roaring Moon, L50|100\/100\n|-activate|p1b: Roaring Moon|ability: Protosynthesis\n|-start|p1b: Roaring Moon|protosynthesisspe\n|turn|4\n|inactive|Saulinho_P1 has 30 seconds left.\n|\n|t:|1701150759\n|switch|p1a: Indeedee|Indeedee-F, L50, F|100\/100\n|-terastallize|p2a: Kingambit|Fairy\n|move|p1b: Roaring Moon|Breaking Swipe|p2b: Chi-Yu|[spread] p2b\n|-immune|p2a: Kingambit\n|-damage|p2b: Chi-Yu|0 fnt\n|faint|p2b: Chi-Yu\n|move|p2a: Kingambit|Swords Dance|p2a: Kingambit\n|-boost|p2a: Kingambit|atk|2\n|\n|-weather|SunnyDay|[upkeep]\n|upkeep\n|\n|t:|1701150767\n|switch|p2b: Rillaboom|Rillaboom, L50, M|100\/100\n|-fieldstart|move: Grassy Terrain|[from] ability: Grassy Surge|[of] p2b: Rillaboom\n|turn|5\n|\n|t:|1701150780\n|switch|p2b: Urshifu|Urshifu-Rapid-Strike, L50, M|100\/100\n|switch|p1a: Torkoal|Torkoal, L50, F|42\/100\n|move|p1b: Roaring Moon|U-turn|p2b: Urshifu\n|-resisted|p2b: Urshifu\n|-damage|p2b: Urshifu|89\/100\n|\n|t:|1701150788\n|-end|p1b: Roaring Moon|Protosynthesis|[silent]\n|switch|p1b: Indeedee|Indeedee-F, L50, F|100\/100|[from] U-turn\n|-fieldstart|move: Psychic Terrain|[from] ability: Psychic Surge|[of] p1b: Indeedee\n|move|p2a: Kingambit|Kowtow Cleave|p1a: Torkoal\n|-damage|p1a: Torkoal|0 fnt\n|faint|p1a: Torkoal\n|\n|-weather|SunnyDay|[upkeep]\n|upkeep\n|-message|Saulinho_P1 forfeited.\n|\n|win|Piccius\n|raw|Saulinho_P1's rating: 1570 &rarr; <strong>1544<\/strong><br \/>(-26 for losing)\n|raw|Piccius's rating: 1458 &rarr; <strong>1484<\/strong><br \/>(+26 for winning)\n|l|\u2606Saulinho_P1\n","uploadtime":1701150810,"views":12,"p1id":"saulinhop1","p2id":"piccius","formatid":"gen9vgc2023regulatione","rating":1484,"private":0,"password":""}