{"id":"gen9vgc2023regulatione-1991595316","p1":"diegodm2694","p2":"Multiblitz","format":"[Gen 9] VGC 2023 Regulation E","log":"|j|\u2606diegodm2694\n|j|\u2606Multiblitz\n|t:|1700092233\n|gametype|doubles\n|player|p1|diegodm2694|266|1611\n|player|p2|Multiblitz|caitlin|1585\n|teamsize|p1|6\n|teamsize|p2|6\n|gen|9\n|tier|[Gen 9] VGC 2023 Regulation E\n|rated|\n|rule|Species Clause: Limit one of each Pok\u00e9mon\n|rule|Item Clause: Limit one of each item\n|clearpoke\n|poke|p1|Clefairy, L50, F|\n|poke|p1|Roaring Moon, L50|\n|poke|p1|Flutter Mane, L50|\n|poke|p1|Heatran, L50, F|\n|poke|p1|Ogerpon-Hearthflame, L50, F|\n|poke|p1|Urshifu-*, L50, M|\n|poke|p2|Rillaboom, L50, M|\n|poke|p2|Thundurus, L50, M|\n|poke|p2|Tinkaton, L50, F|\n|poke|p2|Salamence, L50, M|\n|poke|p2|Heatran, L50, M|\n|poke|p2|Articuno, L50|\n|teampreview|4\n|inactive|Battle timer is ON: inactive players will automatically lose when time's up. (requested by Multiblitz)\n|inactive|diegodm2694 has 60 seconds left.\n|inactive|Multiblitz has 60 seconds left.\n|\n|t:|1700092274\n|start\n|switch|p1a: Roaring Moon|Roaring Moon, L50|100\/100\n|switch|p1b: Flutter Mane|Flutter Mane, L50|100\/100\n|switch|p2a: Thundurus|Thundurus, L50, M|100\/100\n|switch|p2b: Tinkaton|Tinkaton, L50, F|100\/100\n|-enditem|p1a: Roaring Moon|Booster Energy\n|-activate|p1a: Roaring Moon|ability: Protosynthesis|[fromitem]\n|-start|p1a: Roaring Moon|protosynthesisspe\n|turn|1\n|\n|t:|1700092295\n|move|p2a: Thundurus|Thunder Wave|p1b: Flutter Mane\n|-status|p1b: Flutter Mane|par\n|move|p1a: Roaring Moon|Tailwind|p1a: Roaring Moon\n|-sidestart|p1: diegodm2694|move: Tailwind\n|move|p1b: Flutter Mane|Dazzling Gleam|p2b: Tinkaton|[spread] p2a,p2b\n|-resisted|p2b: Tinkaton\n|-damage|p2a: Thundurus|38\/100\n|-damage|p2b: Tinkaton|78\/100\n|move|p2b: Tinkaton|Play Rough|p1a: Roaring Moon\n|-supereffective|p1a: Roaring Moon\n|-damage|p1a: Roaring Moon|0 fnt\n|faint|p1a: Roaring Moon\n|-end|p1a: Roaring Moon|Protosynthesis|[silent]\n|\n|upkeep\n|\n|t:|1700092305\n|switch|p1a: Heatran|Heatran, L50, F|100\/100\n|turn|2\n|inactive|Multiblitz has 30 seconds left.\n|inactive|Multiblitz has 20 seconds left.\n|\n|t:|1700092344\n|move|p2a: Thundurus|Thunder Wave|p1a: Heatran\n|-status|p1a: Heatran|par\n|move|p1b: Flutter Mane|Dazzling Gleam|p2b: Tinkaton|[spread] p2a,p2b\n|-resisted|p2b: Tinkaton\n|-damage|p2a: Thundurus|0 fnt\n|-damage|p2b: Tinkaton|57\/100\n|faint|p2a: Thundurus\n|move|p2b: Tinkaton|Gigaton Hammer|p1b: Flutter Mane\n|-supereffective|p1b: Flutter Mane\n|-damage|p1b: Flutter Mane|0 fnt\n|faint|p1b: Flutter Mane\n|-end|p1b: Flutter Mane|Protosynthesis|[silent]\n|move|p1a: Heatran|Heat Wave|p2b: Tinkaton\n|-supereffective|p2b: Tinkaton\n|-damage|p2b: Tinkaton|0 fnt\n|faint|p2b: Tinkaton\n|\n|upkeep\n|\n|t:|1700092358\n|switch|p1b: Ogerpon|Ogerpon-Hearthflame, L50, F|100\/100\n|switch|p2a: Salamence|Salamence, L50, M|100\/100\n|switch|p2b: Heatran|Heatran, L50, M, shiny|100\/100\n|-ability|p1b: Ogerpon|Mold Breaker\n|-ability|p2a: Salamence|Intimidate|boost\n|-unboost|p1a: Heatran|atk|1\n|-unboost|p1b: Ogerpon|atk|1\n|turn|3\n|inactive|Multiblitz has 30 seconds left.\n|inactive|Multiblitz has 20 seconds left.\n|inactive|Multiblitz has 15 seconds left.\n|inactive|Multiblitz has 10 seconds left.\n|\n|t:|1700092407\n|-terastallize|p2a: Salamence|Flying\n|move|p1b: Ogerpon|Ivy Cudgel|p2b: Heatran|[anim] Ivy Cudgel Fire\n|-damage|p2b: Heatran|65\/100\n|move|p2a: Salamence|Tera Blast|p1b: Ogerpon|[anim] Tera Blast Flying\n|-supereffective|p1b: Ogerpon\n|-damage|p1b: Ogerpon|0 fnt\n|faint|p1b: Ogerpon\n|move|p1a: Heatran|Earth Power|p2b: Heatran\n|-supereffective|p2b: Heatran\n|-damage|p2b: Heatran|0 fnt\n|faint|p2b: Heatran\n|\n|upkeep\n|turn|4\n|\n|t:|1700092423\n|move|p2a: Salamence|Tera Blast|p1a: Heatran|[anim] Tera Blast Flying\n|-resisted|p1a: Heatran\n|-damage|p1a: Heatran|74\/100 par\n|move|p1a: Heatran|Flash Cannon|p2a: Salamence\n|-damage|p2a: Salamence|43\/100\n|\n|-sideend|p1: diegodm2694|move: Tailwind\n|upkeep\n|turn|5\n|j| Arxostero\n|l| Arxostero\n|\n|t:|1700092430\n|move|p2a: Salamence|Tera Blast|p1a: Heatran|[anim] Tera Blast Flying\n|-resisted|p1a: Heatran\n|-damage|p1a: Heatran|47\/100 par\n|move|p1a: Heatran|Flash Cannon|p2a: Salamence\n|-damage|p2a: Salamence|0 fnt\n|faint|p2a: Salamence\n|\n|win|diegodm2694\n|raw|diegodm2694's rating: 1611 &rarr; <strong>1630<\/strong><br \/>(+19 for winning)\n|raw|Multiblitz's rating: 1585 &rarr; <strong>1566<\/strong><br \/>(-19 for losing)\n|l|\u2606Multiblitz\n","uploadtime":1700092439,"views":9,"p1id":"diegodm2694","p2id":"multiblitz","formatid":"gen9vgc2023regulatione","rating":1566,"private":0,"password":""}