{"id":"gen9vgc2023regulatione-1992732018","p1":"Farmtotable","p2":"BenGetsWeird","format":"[Gen 9] VGC 2023 Regulation E","log":"|j|\u2606Farmtotable\n|j|\u2606BenGetsWeird\n|t:|1700230174\n|gametype|doubles\n|player|p1|Farmtotable|101|1284\n|player|p2|BenGetsWeird|candice|1386\n|teamsize|p1|6\n|teamsize|p2|6\n|gen|9\n|tier|[Gen 9] VGC 2023 Regulation E\n|rated|\n|rule|Species Clause: Limit one of each Pok\u00e9mon\n|rule|Item Clause: Limit one of each item\n|clearpoke\n|poke|p1|Dragonite, L50, M|\n|poke|p1|Chien-Pao, L50|\n|poke|p1|Tornadus, L50, M|\n|poke|p1|Iron Hands, L50|\n|poke|p1|Flutter Mane, L50|\n|poke|p1|Urshifu-*, L50, M|\n|poke|p2|Ninetales-Alola, L50, F|\n|poke|p2|Baxcalibur, L50, F|\n|poke|p2|Iron Hands, L50|\n|poke|p2|Ogerpon, L50, F|\n|poke|p2|Chi-Yu, L50|\n|poke|p2|Tornadus, L50, M|\n|teampreview|4\n|inactive|Battle timer is ON: inactive players will automatically lose when time's up. (requested by BenGetsWeird)\n|inactive|Farmtotable has 60 seconds left.\n|inactive|BenGetsWeird has 60 seconds left.\nFarmtotable has agreed to open team sheets.\n|inactive|BenGetsWeird has 30 seconds left.\n|\n|t:|1700230242\n|start\n|switch|p1a: Dragonite|Dragonite, L50, M, shiny|100\/100\n|switch|p1b: Tornadus|Tornadus, L50, M|100\/100\n|switch|p2a: Believe|Ninetales-Alola, L50, F, shiny|100\/100\n|switch|p2b: Hope|Iron Hands, L50, shiny|100\/100\n|-weather|Snow|[from] ability: Snow Warning|[of] p2a: Believe\n|turn|1\n|\n|t:|1700230266\n|move|p2b: Hope|Fake Out|p1a: Dragonite\n|-damage|p1a: Dragonite|85\/100\n|move|p1b: Tornadus|Rain Dance|p1b: Tornadus\n|-weather|RainDance\n|move|p2a: Believe|Blizzard|p1b: Tornadus|[spread] p1a,p1b\n|-supereffective|p1a: Dragonite\n|-supereffective|p1b: Tornadus\n|-damage|p1a: Dragonite|0 fnt\n|-damage|p1b: Tornadus|11\/100\n|faint|p1a: Dragonite\n|\n|-weather|RainDance|[upkeep]\n|upkeep\n|\n|t:|1700230275\n|switch|p1a: Iron Hands|Iron Hands, L50|100\/100\n|turn|2\n|\n|t:|1700230297\n|switch|p2a: Steal|Tornadus, L50, M, shiny|100\/100\n|move|p1a: Iron Hands|Fake Out|p2b: Hope\n|-damage|p2b: Hope|91\/100\n|move|p1b: Tornadus|Bleakwind Storm|p2b: Hope|[spread] p2a,p2b\n|-damage|p2a: Steal|53\/100\n|-damage|p2b: Hope|67\/100\n|-unboost|p2b: Hope|spe|1\n|cant|p2b: Hope|flinch\n|\n|-weather|RainDance|[upkeep]\n|upkeep\n|turn|3\n|\n|t:|1700230320\n|move|p1b: Tornadus|Taunt|p2a: Steal\n|-start|p2a: Steal|move: Taunt\n|cant|p2a: Steal|move: Taunt|Tailwind\n|move|p1a: Iron Hands|Drain Punch|p2b: Hope\n|-damage|p2b: Hope|36\/100\n|move|p2b: Hope|Volt Switch|p1b: Tornadus\n|-supereffective|p1b: Tornadus\n|-damage|p1b: Tornadus|0 fnt\n|faint|p1b: Tornadus\n|\n|t:|1700230332\n|-end|p2b: Hope|Quark Drive|[silent]\n|switch|p2b: Believe|Ninetales-Alola, L50, F, shiny|100\/100|[from] Volt Switch\n|-weather|Snow|[from] ability: Snow Warning|[of] p2b: Believe\n|\n|-weather|Snow|[upkeep]\n|upkeep\n|\n|t:|1700230337\n|switch|p1b: Chien-Pao|Chien-Pao, L50|100\/100\n|-ability|p1b: Chien-Pao|Sword of Ruin\n|turn|4\n|inactive|BenGetsWeird has 30 seconds left.\n|\n|t:|1700230368\n|move|p1b: Chien-Pao|Ice Spinner|p2a: Steal\n|-supereffective|p2a: Steal\n|-damage|p2a: Steal|0 fnt\n|faint|p2a: Steal\n|move|p2b: Believe|Aurora Veil|p2b: Believe\n|-sidestart|p2: BenGetsWeird|move: Aurora Veil\n|move|p1a: Iron Hands|Heavy Slam|p2b: Believe\n|-supereffective|p2b: Believe\n|-damage|p2b: Believe|0 fnt\n|faint|p2b: Believe\n|\n|-weather|Snow|[upkeep]\n|upkeep\n|\n|t:|1700230377\n|switch|p2b: Cheat|Chi-Yu, L50|100\/100\n|switch|p2a: Hope|Iron Hands, L50, shiny|36\/100\n|-ability|p2b: Cheat|Beads of Ruin\n|turn|5\n|inactive|Farmtotable has 30 seconds left.\n|\n|t:|1700230404\n|-terastallize|p1b: Chien-Pao|Ghost\n|-terastallize|p2b: Cheat|Fire\n|move|p2a: Hope|Fake Out|p1b: Chien-Pao\n|-immune|p1b: Chien-Pao\n|move|p1b: Chien-Pao|Sacred Sword|p2b: Cheat\n|-damage|p2b: Cheat|54\/100\n|move|p2b: Cheat|Heat Wave|p1b: Chien-Pao|[spread] p1a,p1b\n|-damage|p1a: Iron Hands|41\/100\n|-enditem|p1b: Chien-Pao|Focus Sash\n|-damage|p1b: Chien-Pao|1\/100\n|-status|p1a: Iron Hands|brn\n|move|p1a: Iron Hands|Wild Charge|p2b: Cheat\n|-damage|p2b: Cheat|17\/100\n|-damage|p1a: Iron Hands|37\/100 brn|[from] Recoil\n|\n|-weather|Snow|[upkeep]\n|-damage|p1a: Iron Hands|31\/100 brn|[from] brn\n|upkeep\n|turn|6\n|inactive|Farmtotable has 30 seconds left.\n|inactive|BenGetsWeird has 30 seconds left.\n|inactive|Farmtotable has 20 seconds left.\n|inactive|Farmtotable has 15 seconds left.\n|\n|t:|1700230448\n|move|p1b: Chien-Pao|Sucker Punch|p2b: Cheat\n|-damage|p2b: Cheat|0 fnt\n|faint|p2b: Cheat\n|move|p2a: Hope|Wild Charge|p1b: Chien-Pao\n|-damage|p1b: Chien-Pao|0 fnt\n|faint|p1b: Chien-Pao\n|-damage|p2a: Hope|36\/100|[from] Recoil\n|move|p1a: Iron Hands|Drain Punch|p2a: Hope\n|-damage|p2a: Hope|26\/100\n|-heal|p1a: Iron Hands|36\/100 brn|[from] drain|[of] p2a: Hope\n|\n|-weather|Snow|[upkeep]\n|-damage|p1a: Iron Hands|30\/100 brn|[from] brn\n|upkeep\n|turn|7\n|\n|t:|1700230463\n|move|p2a: Hope|Close Combat|p1a: Iron Hands\n|-damage|p1a: Iron Hands|0 fnt\n|-unboost|p2a: Hope|def|1\n|-unboost|p2a: Hope|spd|1\n|faint|p1a: Iron Hands\n|-end|p1a: Iron Hands|Quark Drive|[silent]\n|\n|win|BenGetsWeird\n|raw|Farmtotable's rating: 1284 &rarr; <strong>1266<\/strong><br \/>(-18 for losing)\n|raw|BenGetsWeird's rating: 1386 &rarr; <strong>1400<\/strong><br \/>(+14 for winning)\n","uploadtime":1700230467,"views":22,"p1id":"farmtotable","p2id":"bengetsweird","formatid":"gen9vgc2023regulatione","rating":1266,"private":0,"password":""}