{"id":"gen9vgc2023regulatione-1995040512","p1":"Flyslayer7","p2":"ZachFromKalos","format":"[Gen 9] VGC 2023 Regulation E","log":"|j|\u2606Flyslayer7\n|j|\u2606ZachFromKalos\n|t:|1700516167\n|gametype|doubles\n|player|p1|Flyslayer7|steven|1103\n|player|p2|ZachFromKalos|skierf|1076\n|teamsize|p1|6\n|teamsize|p2|6\n|gen|9\n|tier|[Gen 9] VGC 2023 Regulation E\n|rated|\n|rule|Species Clause: Limit one of each Pok\u00e9mon\n|rule|Item Clause: Limit one of each item\n|clearpoke\n|poke|p1|Dipplin, L50, M|\n|poke|p1|Flutter Mane, L50|\n|poke|p1|Landorus-Therian, L50, M|\n|poke|p1|Palafin, L50, M|\n|poke|p1|Ogerpon-Hearthflame, L50, F|\n|poke|p1|Regieleki, L50|\n|poke|p2|Slowbro-Galar, L50, F|\n|poke|p2|Ursaluna, L50, F|\n|poke|p2|Hatterene, L50, F|\n|poke|p2|Ting-Lu, L50|\n|poke|p2|Amoonguss, L50, M|\n|poke|p2|Slowking-Galar, L50, M|\n|teampreview|4\n|\n|t:|1700516205\n|start\n|switch|p1a: Palafin|Palafin, L50, M|100\/100\n|switch|p1b: Ogerpon|Ogerpon-Hearthflame, L50, F|100\/100\n|switch|p2a: what speed stat?|Slowbro-Galar, L50, F|100\/100\n|switch|p2b: Rubble|Ting-Lu, L50|100\/100\n|-ability|p1b: Ogerpon|Mold Breaker\n|-ability|p2b: Rubble|Vessel of Ruin\n|turn|1\n|inactive|Battle timer is ON: inactive players will automatically lose when time's up. (requested by ZachFromKalos)\n|inactive|ZachFromKalos has 60 seconds left.\n|\n|t:|1700516242\n|-terastallize|p2b: Rubble|Steel\n|move|p1b: Ogerpon|Spiky Shield|p1b: Ogerpon\n|-singleturn|p1b: Ogerpon|move: Protect\n|move|p1a: Palafin|Flip Turn|p2b: Rubble\n|-damage|p2b: Rubble|84\/100\n|\n|t:|1700516258\n|detailschange|p1a: Palafin|Palafin-Hero, L50, M\n|switch|p1a: Landorus|Landorus-Therian, L50, M|100\/100|[from] Flip Turn\n|-ability|p1a: Landorus|Intimidate|boost\n|-unboost|p2a: what speed stat?|atk|1\n|-unboost|p2b: Rubble|atk|1\n|move|p2b: Rubble|Earthquake|p1a: Landorus|[spread] p2a\n|-activate|p1b: Ogerpon|move: Protect\n|-immune|p1a: Landorus\n|-supereffective|p2a: what speed stat?\n|-damage|p2a: what speed stat?|55\/100\n|move|p2a: what speed stat?|Trick Room|p2a: what speed stat?\n|-fieldstart|move: Trick Room|[of] p2a: what speed stat?\n|\n|upkeep\n|turn|2\n|\n|t:|1700516281\n|switch|p1b: Dipplin|Dipplin, L50, M, shiny|100\/100\n|-ability|p1b: Dipplin|Supersweet Syrup\n|-ability|p1b: Dipplin|Supersweet Syrup|boost\n|-unboost|p2a: what speed stat?|evasion|1\n|-unboost|p2b: Rubble|evasion|1\n|move|p2a: what speed stat?|Chilling Water|p1b: Dipplin\n|-resisted|p1b: Dipplin\n|-damage|p1b: Dipplin|98\/100\n|-unboost|p1b: Dipplin|atk|1\n|move|p2b: Rubble|Ruination|p1a: Landorus\n|-damage|p1a: Landorus|50\/100\n|move|p1a: Landorus|Stomping Tantrum|p2b: Rubble\n|-supereffective|p2b: Rubble\n|-damage|p2b: Rubble|33\/100\n|\n|-heal|p1a: Landorus|57\/100|[from] item: Leftovers\n|upkeep\n|turn|3\n|\n|t:|1700516307\n|switch|p2b: Earthquake|Ursaluna, L50, F|100\/100\n|move|p1b: Dipplin|Protect|p1b: Dipplin\n|-singleturn|p1b: Dipplin|Protect\n|move|p2a: what speed stat?|Shell Side Arm|p1b: Dipplin|[anim] Shell Side Arm Special\n|-activate|p1b: Dipplin|move: Protect\n|move|p1a: Landorus|Stomping Tantrum|p2b: Earthquake\n|-damage|p2b: Earthquake|67\/100\n|\n|-heal|p1a: Landorus|63\/100|[from] item: Leftovers\n|-status|p2b: Earthquake|brn|[from] item: Flame Orb\n|upkeep\n|turn|4\n|inactive|ZachFromKalos has 30 seconds left.\n|-activate|p2a: what speed stat?|ability: Quick Draw\n|\n|t:|1700516339\n|move|p2a: what speed stat?|Shell Side Arm|p1a: Landorus|[anim] Shell Side Arm Special\n|-resisted|p1a: Landorus\n|-damage|p1a: Landorus|33\/100\n|-hint|Special Shell Side Arm\n|move|p1b: Dipplin|Giga Drain|p2b: Earthquake\n|-supereffective|p2b: Earthquake\n|-damage|p2b: Earthquake|1\/100 brn\n|-heal|p1b: Dipplin|100\/100|[from] drain|[of] p2b: Earthquake\n|move|p2b: Earthquake|Hammer Arm|p1a: Landorus\n|-resisted|p1a: Landorus\n|-damage|p1a: Landorus|0 fnt\n|-unboost|p2b: Earthquake|spe|1\n|faint|p1a: Landorus\n|\n|-damage|p2b: Earthquake|0 fnt|[from] brn\n|faint|p2b: Earthquake\n|upkeep\n|\n|t:|1700516360\n|switch|p2b: Medic|Amoonguss, L50, M, shiny|100\/100\n|switch|p1a: Palafin|Palafin-Hero, L50, M|100\/100\n|-activate|p1a: Palafin|ability: Zero to Hero\n|turn|5\n|\n|t:|1700516381\n|switch|p1a: Ogerpon|Ogerpon-Hearthflame, L50, F|100\/100\n|-ability|p1a: Ogerpon|Mold Breaker\n|move|p1b: Dipplin|Protect|p1b: Dipplin\n|-singleturn|p1b: Dipplin|Protect\n|move|p2b: Medic|Rage Powder|p2b: Medic\n|-singleturn|p2b: Medic|move: Rage Powder\n|move|p2a: what speed stat?|Chilling Water|p1a: Ogerpon\n|-crit|p1a: Ogerpon\n|-damage|p1a: Ogerpon|70\/100\n|-unboost|p1a: Ogerpon|atk|1\n|\n|-fieldend|move: Trick Room\n|upkeep\n|turn|6\n|inactive|Flyslayer7 has 30 seconds left.\n|\n|t:|1700516412\n|-terastallize|p1a: Ogerpon|Fire\n|detailschange|p1a: Ogerpon|Ogerpon-Hearthflame-Tera, L50, F, tera:Fire\n|-ability|p1a: Ogerpon|Embody Aspect (Hearthflame)|boost\n|-boost|p1a: Ogerpon|atk|1\n|move|p1a: Ogerpon|Swords Dance|p1a: Ogerpon\n|-boost|p1a: Ogerpon|atk|2\n|move|p1b: Dipplin|Dragon Pulse|p2a: what speed stat?\n|-damage|p2a: what speed stat?|11\/100\n|move|p2b: Medic|Pollen Puff|p2a: what speed stat?\n|-heal|p2a: what speed stat?|61\/100\n|move|p2a: what speed stat?|Trick Room|p2a: what speed stat?\n|-fieldstart|move: Trick Room|[of] p2a: what speed stat?\n|\n|upkeep\n|turn|7\n|inactive|ZachFromKalos has 30 seconds left.\n|-activate|p2a: what speed stat?|ability: Quick Draw\n|\n|t:|1700516438\n|switch|p2b: Rubble|Ting-Lu, L50, tera:Steel|33\/100\n|-ability|p2b: Rubble|Vessel of Ruin\n|move|p2a: what speed stat?|Chilling Water|p1a: Ogerpon\n|-supereffective|p1a: Ogerpon\n|-damage|p1a: Ogerpon|42\/100\n|-unboost|p1a: Ogerpon|atk|1\n|move|p1b: Dipplin|Dragon Pulse|p2b: Rubble\n|-resisted|p2b: Rubble\n|-damage|p2b: Rubble|24\/100\n|move|p1a: Ogerpon|Ivy Cudgel|p2a: what speed stat?|[anim] Ivy Cudgel Fire\n|-damage|p2a: what speed stat?|0 fnt\n|faint|p2a: what speed stat?\n|\n|upkeep\n|\n|t:|1700516458\n|switch|p2a: Medic|Amoonguss, L50, M, shiny|100\/100\n|turn|8\n|\n|t:|1700516471\n|switch|p1b: Palafin|Palafin-Hero, L50, M|100\/100\n|move|p1a: Ogerpon|Spiky Shield|p1a: Ogerpon\n|-singleturn|p1a: Ogerpon|move: Protect\n|move|p2a: Medic|Pollen Puff|p2b: Rubble\n|-heal|p2b: Rubble|74\/100\n|move|p2b: Rubble|Earthquake|p1a: Ogerpon|[spread] p2a,p1b\n|-activate|p1a: Ogerpon|move: Protect\n|-damage|p2a: Medic|60\/100\n|-damage|p1b: Palafin|61\/100\n|\n|-heal|p2a: Medic|66\/100|[from] item: Black Sludge\n|upkeep\n|turn|9\n|inactive|Flyslayer7 has 30 seconds left.\n|\n|t:|1700516499\n|move|p2a: Medic|Rage Powder|p2a: Medic\n|-singleturn|p2a: Medic|move: Rage Powder\n|move|p1b: Palafin|Jet Punch|p2a: Medic\n|-resisted|p2a: Medic\n|-damage|p2a: Medic|38\/100\n|move|p2b: Rubble|Earthquake|p1b: Palafin|[spread] p2a,p1a,p1b\n|-supereffective|p1a: Ogerpon\n|-damage|p2a: Medic|0 fnt\n|-damage|p1a: Ogerpon|0 fnt\n|-damage|p1b: Palafin|23\/100\n|faint|p2a: Medic\n|faint|p1a: Ogerpon\n|\n|upkeep\n|\n|t:|1700516508\n|switch|p1a: Dipplin|Dipplin, L50, M, shiny|100\/100\n|turn|10\n|\n|t:|1700516523\n|move|p2b: Rubble|Earthquake|p1b: Palafin|[spread] p1a,p1b\n|-resisted|p1a: Dipplin\n|-damage|p1a: Dipplin|91\/100\n|-damage|p1b: Palafin|0 fnt\n|faint|p1b: Palafin\n|move|p1a: Dipplin|Dragon Pulse|p2b: Rubble\n|-resisted|p2b: Rubble\n|-damage|p2b: Rubble|66\/100\n|\n|-fieldend|move: Trick Room\n|upkeep\n|turn|11\n|\n|t:|1700516536\n|move|p1a: Dipplin|Syrup Bomb|p2b: Rubble|[miss]\n|-miss|p1a: Dipplin|p2b: Rubble\n|move|p2b: Rubble|Heavy Slam|p1a: Dipplin\n|-damage|p1a: Dipplin|52\/100\n|\n|upkeep\n|turn|12\n|\n|t:|1700516544\n|move|p1a: Dipplin|Syrup Bomb|p2b: Rubble|[miss]\n|-miss|p1a: Dipplin|p2b: Rubble\n|move|p2b: Rubble|Body Press|p1a: Dipplin\n|-damage|p1a: Dipplin|39\/100\n|\n|upkeep\n|turn|13\n|\n|t:|1700516554\n|move|p1a: Dipplin|Syrup Bomb|p2b: Rubble\n|-resisted|p2b: Rubble\n|-damage|p2b: Rubble|60\/100\n|-start|p2b: Rubble|Syrup Bomb\n|move|p2b: Rubble|Heavy Slam|p1a: Dipplin\n|-damage|p1a: Dipplin|4\/100\n|\n|-unboost|p2b: Rubble|spe|1\n|upkeep\n|turn|14\n|\n|t:|1700516566\n|move|p1a: Dipplin|Giga Drain|p2b: Rubble\n|-resisted|p2b: Rubble\n|-damage|p2b: Rubble|53\/100\n|-heal|p1a: Dipplin|11\/100|[from] drain|[of] p2b: Rubble\n|move|p2b: Rubble|Body Press|p1a: Dipplin\n|-damage|p1a: Dipplin|0 fnt\n|faint|p1a: Dipplin\n|\n|win|ZachFromKalos\n|raw|Flyslayer7's rating: 1103 &rarr; <strong>1076<\/strong><br \/>(-27 for losing)\n|raw|ZachFromKalos's rating: 1076 &rarr; <strong>1107<\/strong><br \/>(+31 for winning)\n|c|\u2606ZachFromKalos|ggwp\n|l|\u2606Flyslayer7\n","uploadtime":1700516587,"views":8,"p1id":"flyslayer7","p2id":"zachfromkalos","formatid":"gen9vgc2023regulatione","rating":1076,"private":0,"password":""}