{"id":"gen9vgc2023regulatione-1990254774","p1":"Tooper Sr","p2":"qz231114","format":"[Gen 9] VGC 2023 Regulation E","log":"|j|\u2606Tooper Sr\n|j|\u2606qz231114\n|t:|1699945422\n|gametype|doubles\n|player|p1|Tooper Sr|swimmerf|1128\n|player|p2|qz231114|102|1077\n|teamsize|p1|6\n|teamsize|p2|6\n|gen|9\n|tier|[Gen 9] VGC 2023 Regulation E\n|rated|\n|rule|Species Clause: Limit one of each Pok\u00e9mon\n|rule|Item Clause: Limit one of each item\n|clearpoke\n|poke|p1|Urshifu-*, L50, M|\n|poke|p1|Landorus-Therian, L50, M|\n|poke|p1|Rillaboom, L50, F|\n|poke|p1|Tornadus, L50, M|\n|poke|p1|Coalossal, L50, M|\n|poke|p1|Flutter Mane, L50|\n|poke|p2|Tornadus, L50, M|\n|poke|p2|Volcarona, L50, M|\n|poke|p2|Basculegion, L50, M|\n|poke|p2|Ludicolo, L50, M|\n|poke|p2|Scizor, L50, M|\n|poke|p2|Flutter Mane, L50|\n|teampreview|4\nTooper Sr rejected open team sheets.\n|inactive|Battle timer is ON: inactive players will automatically lose when time's up. (requested by qz231114)\n|\n|t:|1699945472\n|start\n|switch|p1a: Urshifu|Urshifu-Rapid-Strike, L50, M|100\/100\n|switch|p1b: Coalossal|Coalossal, L50, M|100\/100\n|switch|p2a: Tornadus|Tornadus, L50, M|100\/100\n|switch|p2b: Basculegion|Basculegion, L50, M|100\/100\n|turn|1\n|inactive|qz231114 has 30 seconds left.\n|\n|t:|1699945504\n|-terastallize|p1b: Coalossal|Ground\n|move|p1a: Urshifu|Aqua Jet|p1b: Coalossal\n|-supereffective|p1b: Coalossal\n|-damage|p1b: Coalossal|66\/100\n|-ability|p1b: Coalossal|Steam Engine|boost\n|-boost|p1b: Coalossal|spe|6\n|-enditem|p1b: Coalossal|Weakness Policy\n|-boost|p1b: Coalossal|atk|2|[from] item: Weakness Policy\n|-boost|p1b: Coalossal|spa|2|[from] item: Weakness Policy\n|move|p2a: Tornadus|Tailwind|p2a: Tornadus\n|-sidestart|p2: qz231114|move: Tailwind\n|move|p2b: Basculegion|Aqua Jet|p1b: Coalossal\n|-supereffective|p1b: Coalossal\n|-damage|p1b: Coalossal|16\/100\n|move|p1b: Coalossal|Rock Slide|p2b: Basculegion|[spread] p2a,p2b\n|-supereffective|p2a: Tornadus\n|-damage|p2a: Tornadus|0 fnt\n|-damage|p2b: Basculegion|44\/100\n|faint|p2a: Tornadus\n|\n|upkeep\n|\n|t:|1699945518\n|switch|p2a: Volcarona|Volcarona, L50, M|100\/100\n|turn|2\n|\n|t:|1699945524\n|-terastallize|p2a: Volcarona|Water\n|move|p1b: Coalossal|Protect|p1b: Coalossal\n|-singleturn|p1b: Coalossal|Protect\n|move|p2b: Basculegion|Aqua Jet|p1b: Coalossal\n|-activate|p1b: Coalossal|move: Protect\n|move|p2a: Volcarona|Quiver Dance|p2a: Volcarona\n|-boost|p2a: Volcarona|spa|1\n|-boost|p2a: Volcarona|spd|1\n|-boost|p2a: Volcarona|spe|1\n|move|p1a: Urshifu|Surging Strikes|p2a: Volcarona\n|-resisted|p2a: Volcarona\n|-crit|p2a: Volcarona\n|-damage|p2a: Volcarona|91\/100\n|-damage|p1a: Urshifu|84\/100|[from] item: Rocky Helmet|[of] p2a: Volcarona\n|-status|p1a: Urshifu|brn|[from] ability: Flame Body|[of] p2a: Volcarona\n|-resisted|p2a: Volcarona\n|-crit|p2a: Volcarona\n|-damage|p2a: Volcarona|86\/100\n|-damage|p1a: Urshifu|67\/100 brn|[from] item: Rocky Helmet|[of] p2a: Volcarona\n|-resisted|p2a: Volcarona\n|-crit|p2a: Volcarona\n|-damage|p2a: Volcarona|82\/100\n|-damage|p1a: Urshifu|51\/100 brn|[from] item: Rocky Helmet|[of] p2a: Volcarona\n|-hitcount|p2a: Volcarona|3\n|\n|-damage|p1a: Urshifu|45\/100 brn|[from] brn\n|upkeep\n|turn|3\n|inactive|Tooper Sr has 30 seconds left.\n|inactive|Tooper Sr has 20 seconds left.\n|inactive|Tooper Sr has 15 seconds left.\n|inactive|Tooper Sr has 10 seconds left.\n|\n|t:|1699945571\n|switch|p1a: Landorus|Landorus-Therian, L50, M|100\/100\n|-ability|p1a: Landorus|Intimidate|boost\n|-unboost|p2a: Volcarona|atk|1\n|-unboost|p2b: Basculegion|atk|1\n|move|p2b: Basculegion|Aqua Jet|p1b: Coalossal\n|-supereffective|p1b: Coalossal\n|-damage|p1b: Coalossal|0 fnt\n|faint|p1b: Coalossal\n|move|p2a: Volcarona|Giga Drain|p1a: Landorus\n|-damage|p1a: Landorus|60\/100\n|-heal|p2a: Volcarona|99\/100|[from] drain|[of] p1a: Landorus\n|\n|upkeep\n|\n|t:|1699945581\n|switch|p1b: Rillaboom|Rillaboom, L50, F|100\/100\n|-fieldstart|move: Grassy Terrain|[from] ability: Grassy Surge|[of] p1b: Rillaboom\n|turn|4\n|\n|t:|1699945604\n|switch|p1a: Urshifu|Urshifu-Rapid-Strike, L50, M|45\/100 brn\n|move|p1b: Rillaboom|Fake Out|p2a: Volcarona\n|-crit|p2a: Volcarona\n|-damage|p2a: Volcarona|81\/100\n|-damage|p1b: Rillaboom|84\/100|[from] item: Rocky Helmet|[of] p2a: Volcarona\n|move|p2b: Basculegion|Aqua Jet|p1a: Urshifu\n|-resisted|p1a: Urshifu\n|-damage|p1a: Urshifu|34\/100 brn\n|cant|p2a: Volcarona|flinch\n|\n|-heal|p2a: Volcarona|87\/100|[from] Grassy Terrain\n|-heal|p2b: Basculegion|50\/100|[from] Grassy Terrain\n|-heal|p1a: Urshifu|39\/100 brn|[from] Grassy Terrain\n|-heal|p1b: Rillaboom|90\/100|[from] Grassy Terrain\n|-damage|p1a: Urshifu|34\/100 brn|[from] brn\n|-sideend|p2: qz231114|move: Tailwind\n|upkeep\n|turn|5\n|\n|t:|1699945629\n|switch|p2b: Flutter Mane|Flutter Mane, L50|100\/100\n|move|p1b: Rillaboom|Grassy Glide|p2a: Volcarona\n|-supereffective|p2a: Volcarona\n|-damage|p2a: Volcarona|21\/100\n|-damage|p1b: Rillaboom|73\/100|[from] item: Rocky Helmet|[of] p2a: Volcarona\n|-status|p1b: Rillaboom|brn|[from] ability: Flame Body|[of] p2a: Volcarona\n|move|p2a: Volcarona|Hurricane|p1b: Rillaboom\n|-supereffective|p1b: Rillaboom\n|-damage|p1b: Rillaboom|1\/100 brn\n|move|p1a: Urshifu|Close Combat|p2a: Volcarona\n|-damage|p2a: Volcarona|0 fnt\n|-unboost|p1a: Urshifu|def|1\n|-unboost|p1a: Urshifu|spd|1\n|-damage|p1a: Urshifu|17\/100 brn|[from] item: Rocky Helmet|[of] p2a: Volcarona\n|faint|p2a: Volcarona\n|\n|-heal|p1a: Urshifu|23\/100 brn|[from] Grassy Terrain\n|-heal|p1b: Rillaboom|7\/100 brn|[from] Grassy Terrain\n|-damage|p1a: Urshifu|17\/100 brn|[from] brn\n|-damage|p1b: Rillaboom|1\/100 brn|[from] brn\n|upkeep\n|\n|t:|1699945642\n|switch|p2a: Basculegion|Basculegion, L50, M|50\/100\n|turn|6\n|\n|t:|1699945659\n|switch|p1b: Landorus|Landorus-Therian, L50, M|60\/100\n|-ability|p1b: Landorus|Intimidate|boost\n|-unboost|p2a: Basculegion|atk|1\n|-unboost|p2b: Flutter Mane|atk|1\n|move|p1a: Urshifu|Aqua Jet|p2b: Flutter Mane\n|-damage|p2b: Flutter Mane|80\/100\n|move|p2a: Basculegion|Aqua Jet|p1b: Landorus\n|-supereffective|p1b: Landorus\n|-damage|p1b: Landorus|8\/100\n|move|p2b: Flutter Mane|Dazzling Gleam|p1b: Landorus|[spread] p1a,p1b\n|-supereffective|p1a: Urshifu\n|-damage|p1a: Urshifu|0 fnt\n|-damage|p1b: Landorus|0 fnt\n|faint|p1a: Urshifu\n|faint|p1b: Landorus\n|\n|-heal|p2b: Flutter Mane|86\/100|[from] Grassy Terrain\n|-heal|p2a: Basculegion|56\/100|[from] Grassy Terrain\n|upkeep\n|\n|t:|1699945674\n|switch|p1a: Rillaboom|Rillaboom, L50, F|1\/100 brn\n|turn|7\n|\n|t:|1699945682\n|move|p2a: Basculegion|Aqua Jet|p1a: Rillaboom\n|-resisted|p1a: Rillaboom\n|-damage|p1a: Rillaboom|0 fnt\n|faint|p1a: Rillaboom\n|\n|win|qz231114\n|raw|Tooper Sr's rating: 1128 &rarr; <strong>1099<\/strong><br \/>(-29 for losing)\n|raw|qz231114's rating: 1077 &rarr; <strong>1110<\/strong><br \/>(+33 for winning)\n","uploadtime":1699945686,"views":13,"p1id":"toopersr","p2id":"qz231114","formatid":"gen9vgc2023regulatione","rating":1099,"private":0,"password":""}