{"id":"gen9vgc2023regulatione-1990845417","p1":"FunkyMammal_","p2":"Qwano","format":"[Gen 9] VGC 2023 Regulation E","log":"|j|\u2606FunkyMammal_\n|j|\u2606Qwano\n|t:|1700006897\n|gametype|doubles\n|player|p1|FunkyMammal_|hilbert-wonderlauncher|1064\n|player|p2|Qwano|1|1148\n|teamsize|p1|6\n|teamsize|p2|6\n|gen|9\n|tier|[Gen 9] VGC 2023 Regulation E\n|rated|\n|rule|Species Clause: Limit one of each Pok\u00e9mon\n|rule|Item Clause: Limit one of each item\n|clearpoke\n|poke|p1|Salamence, L50, M|\n|poke|p1|Iron Hands, L50|\n|poke|p1|Flutter Mane, L50|\n|poke|p1|Landorus-Therian, L50, M|\n|poke|p1|Chi-Yu, L50|\n|poke|p1|Farigiraf, L50, M|\n|poke|p2|Sinistcha-Masterpiece, L50|\n|poke|p2|Houndstone, L50, F|\n|poke|p2|Tyranitar, L50, M|\n|poke|p2|Articuno-Galar, L50|\n|poke|p2|Glimmora, L50, F|\n|poke|p2|Kommo-o, L50, F|\n|teampreview|4\n|inactive|Battle timer is ON: inactive players will automatically lose when time's up. (requested by FunkyMammal_)\nFunkyMammal_ has agreed to open team sheets.\n|inactive|FunkyMammal_ has 60 seconds left.\n|\n|t:|1700006940\n|start\n|switch|p1a: Guacamole|Salamence, L50, M, shiny|100\/100\n|switch|p1b: Bartolomeo|Farigiraf, L50, M|100\/100\n|switch|p2a: Houndstone|Houndstone, L50, F|100\/100\n|switch|p2b: Tyranitar|Tyranitar, L50, M, shiny|100\/100\n|-ability|p1a: Guacamole|Intimidate|boost\n|-unboost|p2a: Houndstone|atk|1\n|-fail|p2b: Tyranitar|unboost|[from] item: Clear Amulet|[of] p2b: Tyranitar\n|-weather|Sandstorm|[from] ability: Sand Stream|[of] p2b: Tyranitar\n|turn|1\n|inactive|FunkyMammal_ has 30 seconds left.\n|inactive|Qwano has 30 seconds left.\n|\n|t:|1700006967\n|switch|p1a: TinyManticore|Landorus-Therian, L50, M|100\/100\n|-ability|p1a: TinyManticore|Intimidate|boost\n|-unboost|p2a: Houndstone|atk|1\n|-fail|p2b: Tyranitar|unboost|[from] item: Clear Amulet|[of] p2b: Tyranitar\n|move|p2a: Houndstone|Snarl|p1b: Bartolomeo|[spread] p1a,p1b\n|-supereffective|p1b: Bartolomeo\n|-damage|p1a: TinyManticore|94\/100\n|-damage|p1b: Bartolomeo|90\/100\n|-unboost|p1a: TinyManticore|spa|1\n|move|p2b: Tyranitar|Rock Slide|p1a: TinyManticore|[spread] p1a,p1b\n|-damage|p1a: TinyManticore|54\/100\n|-damage|p1b: Bartolomeo|56\/100\n|move|p1b: Bartolomeo|Light Screen|p1b: Bartolomeo\n|-sidestart|p1: FunkyMammal_|move: Light Screen\n|\n|-weather|Sandstorm|[upkeep]\n|-damage|p1b: Bartolomeo|50\/100|[from] Sandstorm\n|upkeep\n|turn|2\n|\n|t:|1700006992\n|switch|p2b: Articuno|Articuno-Galar, L50|100\/100\n|move|p1a: TinyManticore|Stomping Tantrum|p2b: Articuno\n|-immune|p2b: Articuno\n|move|p2a: Houndstone|Will-O-Wisp|p1a: TinyManticore\n|-status|p1a: TinyManticore|brn\n|move|p1b: Bartolomeo|Dazzling Gleam|p2a: Houndstone|[spread] p2a,p2b\n|-damage|p2a: Houndstone|83\/100\n|-damage|p2b: Articuno|83\/100\n|\n|-weather|Sandstorm|[upkeep]\n|-damage|p2b: Articuno|77\/100|[from] Sandstorm\n|-damage|p1b: Bartolomeo|44\/100|[from] Sandstorm\n|-damage|p1a: TinyManticore|47\/100 brn|[from] brn\n|upkeep\n|turn|3\n|inactive|Qwano has 30 seconds left.\n|inactive|Qwano has 20 seconds left.\n|\n|t:|1700007028\n|switch|p1a: Moira|Flutter Mane, L50, shiny|100\/100\n|move|p2a: Houndstone|Will-O-Wisp|p1b: Bartolomeo\n|-status|p1b: Bartolomeo|brn\n|move|p2b: Articuno|Tailwind|p2b: Articuno\n|-sidestart|p2: Qwano|move: Tailwind\n|move|p1b: Bartolomeo|Dazzling Gleam|p2b: Articuno|[spread] p2a,p2b\n|-damage|p2a: Houndstone|67\/100\n|-damage|p2b: Articuno|58\/100\n|\n|-weather|Sandstorm|[upkeep]\n|-damage|p2b: Articuno|52\/100|[from] Sandstorm\n|-damage|p1a: Moira|94\/100|[from] Sandstorm\n|-damage|p1b: Bartolomeo|38\/100 brn|[from] Sandstorm\n|-damage|p1b: Bartolomeo|32\/100 brn|[from] brn\n|upkeep\n|turn|4\n|inactive|Qwano has 30 seconds left.\n|\n|t:|1700007059\n|-terastallize|p1a: Moira|Fairy\n|move|p2a: Houndstone|Last Respects|p1a: Moira\n|-damage|p1a: Moira|73\/100\n|move|p2b: Articuno|Freezing Glare|p1b: Bartolomeo\n|-resisted|p1b: Bartolomeo\n|-damage|p1b: Bartolomeo|16\/100 brn\n|move|p1a: Moira|Dazzling Gleam|p2a: Houndstone|[spread] p2a,p2b\n|-damage|p2a: Houndstone|19\/100\n|-damage|p2b: Articuno|6\/100\n|-enditem|p2a: Houndstone|Sitrus Berry|[eat]\n|-heal|p2a: Houndstone|44\/100|[from] item: Sitrus Berry\n|-damage|p1a: Moira|63\/100|[from] item: Life Orb\n|move|p1b: Bartolomeo|Dazzling Gleam|p2a: Houndstone|[spread] p2a,p2b\n|-damage|p2a: Houndstone|27\/100\n|-damage|p2b: Articuno|0 fnt\n|faint|p2b: Articuno\n|\n|-weather|Sandstorm|[upkeep]\n|-damage|p1a: Moira|57\/100|[from] Sandstorm\n|-damage|p1b: Bartolomeo|10\/100 brn|[from] Sandstorm\n|-damage|p1b: Bartolomeo|4\/100 brn|[from] brn\n|upkeep\n|\n|t:|1700007079\n|switch|p2b: Tyranitar|Tyranitar, L50, M, shiny|100\/100\n|turn|5\n|\n|t:|1700007088\n|move|p2a: Houndstone|Snarl|p1b: Bartolomeo|[spread] p1a,p1b\n|-resisted|p1a: Moira\n|-supereffective|p1b: Bartolomeo\n|-damage|p1a: Moira|55\/100\n|-damage|p1b: Bartolomeo|0 fnt\n|-unboost|p1a: Moira|spa|1\n|faint|p1b: Bartolomeo\n|move|p1a: Moira|Dazzling Gleam|p2a: Houndstone|[spread] p2a,p2b\n|-supereffective|p2b: Tyranitar\n|-damage|p2a: Houndstone|0 fnt\n|-damage|p2b: Tyranitar|58\/100\n|faint|p2a: Houndstone\n|-damage|p1a: Moira|45\/100|[from] item: Life Orb\n|move|p2b: Tyranitar|Heavy Slam|p1a: Moira\n|-supereffective|p1a: Moira\n|-damage|p1a: Moira|0 fnt\n|faint|p1a: Moira\n|-end|p1a: Moira|Protosynthesis|[silent]\n|\n|-weather|none\n|-sideend|p1: FunkyMammal_|move: Light Screen\n|upkeep\n|\n|t:|1700007105\n|switch|p1a: TinyManticore|Landorus-Therian, L50, M|47\/100 brn\n|switch|p2a: Kommo-o|Kommo-o, L50, F|100\/100\n|switch|p1b: Guacamole|Salamence, L50, M, shiny|100\/100\n|-ability|p1a: TinyManticore|Intimidate|boost\n|-unboost|p2a: Kommo-o|atk|1\n|-fail|p2b: Tyranitar|unboost|[from] item: Clear Amulet|[of] p2b: Tyranitar\n|-ability|p1b: Guacamole|Intimidate|boost\n|-unboost|p2a: Kommo-o|atk|1\n|-fail|p2b: Tyranitar|unboost|[from] item: Clear Amulet|[of] p2b: Tyranitar\n|turn|6\n|\n|t:|1700007124\n|move|p1a: TinyManticore|Stomping Tantrum|p2b: Tyranitar\n|-supereffective|p2b: Tyranitar\n|-damage|p2b: Tyranitar|20\/100\n|move|p2a: Kommo-o|Iron Defense|p2a: Kommo-o\n|-boost|p2a: Kommo-o|def|2\n|move|p1b: Guacamole|Dragon Pulse|p2a: Kommo-o\n|-supereffective|p2a: Kommo-o\n|-damage|p2a: Kommo-o|32\/100\n|move|p2b: Tyranitar|Rock Slide|p1b: Guacamole|[spread] p1a,p1b\n|-supereffective|p1b: Guacamole\n|-damage|p1a: TinyManticore|8\/100 brn\n|-damage|p1b: Guacamole|22\/100\n|\n|-heal|p2a: Kommo-o|39\/100|[from] item: Leftovers\n|-damage|p1a: TinyManticore|2\/100 brn|[from] brn\n|-sideend|p2: Qwano|move: Tailwind\n|upkeep\n|turn|7\n|c|\u2606FunkyMammal_|gg\n|\n|t:|1700007146\n|move|p2a: Kommo-o|Protect|p2a: Kommo-o\n|-singleturn|p2a: Kommo-o|Protect\n|move|p1a: TinyManticore|Stomping Tantrum|p2b: Tyranitar\n|-supereffective|p2b: Tyranitar\n|-damage|p2b: Tyranitar|0 fnt\n|faint|p2b: Tyranitar\n|move|p1b: Guacamole|Dragon Pulse|p2a: Kommo-o\n|-activate|p2a: Kommo-o|move: Protect\n|\n|-heal|p2a: Kommo-o|45\/100|[from] item: Leftovers\n|-damage|p1a: TinyManticore|0 fnt|[from] brn\n|faint|p1a: TinyManticore\n|upkeep\n|turn|8\n|\n|t:|1700007165\n|-terastallize|p2a: Kommo-o|Steel\n|move|p1b: Guacamole|Dragon Pulse|p2a: Kommo-o\n|-resisted|p2a: Kommo-o\n|-damage|p2a: Kommo-o|26\/100\n|move|p2a: Kommo-o|Body Press|p1b: Guacamole\n|-resisted|p1b: Guacamole\n|-damage|p1b: Guacamole|0 fnt\n|faint|p1b: Guacamole\n|\n|win|Qwano\n|raw|FunkyMammal_'s rating: 1064 &rarr; <strong>1049<\/strong><br \/>(-15 for losing)\n|raw|Qwano's rating: 1148 &rarr; <strong>1167<\/strong><br \/>(+19 for winning)\n|c|\u2606FunkyMammal_|gg\n|c|\u2606Qwano|gg\n|l|\u2606FunkyMammal_\n","uploadtime":1700007178,"views":15,"p1id":"funkymammal","p2id":"qwano","formatid":"gen9vgc2023regulatione","rating":1049,"private":0,"password":""}