{"id":"gen9vgc2023regulatione-1988371619","p1":"k3ksmann","p2":"iAmGross","format":"[Gen 9] VGC 2023 Regulation E","log":"|j|\u2606k3ksmann\n|j|\u2606iAmGross\n|n|\u2606k3ksmann|k3ksmann\n|n|\u2606iAmGross|iamgross\n|html|View the match progress at <a href=\"\/game-bestof3-gen9vgc2023regulatione-1988371618\">game-bestof3-gen9vgc2023regulatione-1988371618<\/a>\n|t:|1699715269\n|gametype|doubles\n|player|p1|k3ksmann|whitney|\n|player|p2|iAmGross|101|\n|teamsize|p1|6\n|teamsize|p2|6\n|gen|9\n|tier|[Gen 9] VGC 2023 Regulation E\n|rule|Species Clause: Limit one of each Pok\u00e9mon\n|rule|Item Clause: Limit one of each item\n|clearpoke\n|poke|p1|Lycanroc-Dusk, L50, M|\n|poke|p1|Pawmot, L50, F|\n|poke|p1|Overqwil, L50, F|\n|poke|p1|Tatsugiri, L50, M|\n|poke|p1|Drifblim, L50, M|\n|poke|p1|Hippowdon, L50, F|\n|poke|p2|Ninetales, L50, F|\n|poke|p2|Typhlosion-Hisui, L50, M|\n|poke|p2|Glimmora, L50, F|\n|poke|p2|Toedscruel, L50, M|\n|poke|p2|Hariyama, L50, M|\n|poke|p2|Rotom-Frost, L50|\n|teampreview|4\niAmGross rejected open team sheets.\n|\n|t:|1699715351\n|start\n|switch|p1a: Overqwil|Overqwil, L50, F|100\/100\n|switch|p1b: Tatsugiri|Tatsugiri, L50, M|100\/100\n|switch|p2a: Ninetales|Ninetales, L50, F|100\/100\n|switch|p2b: Hariyama|Hariyama, L50, M|100\/100\n|-weather|SunnyDay|[from] ability: Drought|[of] p2a: Ninetales\n|-ability|p1a: Overqwil|Intimidate|boost\n|-unboost|p2a: Ninetales|atk|1\n|-unboost|p2b: Hariyama|atk|1\n|turn|1\n|\n|t:|1699715372\n|switch|p1a: Hippowdon|Hippowdon, L50, F|100\/100\n|-weather|Sandstorm|[from] ability: Sand Stream|[of] p1a: Hippowdon\n|move|p2b: Hariyama|Fake Out|p1b: Tatsugiri\n|-damage|p1b: Tatsugiri|81\/100\n|cant|p1b: Tatsugiri|flinch\n|move|p2a: Ninetales|Nasty Plot|p2a: Ninetales\n|-boost|p2a: Ninetales|spa|2\n|\n|-weather|Sandstorm|[upkeep]\n|-damage|p1b: Tatsugiri|75\/100|[from] Sandstorm\n|-damage|p2a: Ninetales|94\/100|[from] Sandstorm\n|-damage|p2b: Hariyama|95\/100|[from] Sandstorm\n|-status|p2b: Hariyama|brn|[from] item: Flame Orb\n|upkeep\n|turn|2\n|\n|t:|1699715418\n|-terastallize|p2a: Ninetales|Grass\n|move|p1a: Hippowdon|Helping Hand|p1b: Tatsugiri\n|-singleturn|p1b: Tatsugiri|Helping Hand|[of] p1a: Hippowdon\n|move|p1b: Tatsugiri|Muddy Water|p2a: Ninetales|[spread] p2a,p2b\n|-resisted|p2a: Ninetales\n|-damage|p2a: Ninetales|70\/100\n|-damage|p2b: Hariyama|42\/100 brn\n|-unboost|p2a: Ninetales|accuracy|1\n|-unboost|p2b: Hariyama|accuracy|1\n|move|p2a: Ninetales|Energy Ball|p1a: Hippowdon|[miss]\n|-miss|p2a: Ninetales|p1a: Hippowdon\n|move|p2b: Hariyama|Drain Punch|p1b: Tatsugiri\n|-damage|p1b: Tatsugiri|5\/100\n|-heal|p2b: Hariyama|62\/100 brn|[from] drain|[of] p1b: Tatsugiri\n|\n|-weather|Sandstorm|[upkeep]\n|-damage|p1b: Tatsugiri|0 fnt|[from] Sandstorm\n|-damage|p2a: Ninetales|64\/100|[from] Sandstorm\n|-damage|p2b: Hariyama|56\/100 brn|[from] Sandstorm\n|faint|p1b: Tatsugiri\n|-damage|p2b: Hariyama|50\/100 brn|[from] brn\n|upkeep\n|\n|t:|1699715441\n|switch|p1b: Overqwil|Overqwil, L50, F|100\/100\n|-ability|p1b: Overqwil|Intimidate|boost\n|-unboost|p2a: Ninetales|atk|1\n|-unboost|p2b: Hariyama|atk|1\n|turn|3\n|\n|t:|1699715478\n|switch|p2b: Glimmora|Glimmora, L50, F|100\/100\n|move|p2a: Ninetales|Protect|p2a: Ninetales\n|-singleturn|p2a: Ninetales|Protect\n|move|p1a: Hippowdon|Protect|p1a: Hippowdon\n|-singleturn|p1a: Hippowdon|Protect\n|move|p1b: Overqwil|Poison Jab|p2a: Ninetales\n|-activate|p2a: Ninetales|move: Protect\n|\n|-weather|Sandstorm|[upkeep]\n|-damage|p2a: Ninetales|58\/100|[from] Sandstorm\n|-damage|p1b: Overqwil|94\/100|[from] Sandstorm\n|upkeep\n|turn|4\n|\n|t:|1699715512\n|switch|p2a: Typhlosion|Typhlosion-Hisui, L50, M|100\/100\n|-item|p1a: Hippowdon|Sitrus Berry|[from] ability: Frisk|[of] p2a: Typhlosion|[identify]\n|-item|p1b: Overqwil|Assault Vest|[from] ability: Frisk|[of] p2a: Typhlosion|[identify]\n|-terastallize|p1a: Hippowdon|Poison\n|move|p2b: Glimmora|Spiky Shield|p2b: Glimmora\n|-singleturn|p2b: Glimmora|move: Protect\n|move|p1b: Overqwil|Poison Jab|p2a: Typhlosion\n|-resisted|p2a: Typhlosion\n|-damage|p2a: Typhlosion|79\/100\n|-damage|p1b: Overqwil|78\/100|[from] item: Rocky Helmet|[of] p2a: Typhlosion\n|move|p1a: Hippowdon|High Horsepower|p2b: Glimmora\n|-activate|p2b: Glimmora|move: Protect\n|-damage|p1a: Hippowdon|88\/100|[from] Spiky Shield|[of] p2b: Glimmora\n|\n|-weather|Sandstorm|[upkeep]\n|-damage|p2a: Typhlosion|73\/100|[from] Sandstorm\n|-damage|p1b: Overqwil|72\/100|[from] Sandstorm\n|-damage|p1a: Hippowdon|82\/100|[from] Sandstorm\n|upkeep\n|turn|5\n|\n|t:|1699715564\n|switch|p2b: Ninetales|Ninetales, L50, F, tera:Grass|58\/100\n|-weather|SunnyDay|[from] ability: Drought|[of] p2b: Ninetales\n|switch|p1a: Lycanroc|Lycanroc-Dusk, L50, M|100\/100\n|move|p2a: Typhlosion|Eruption|p1b: Overqwil|[spread] p1a,p1b\n|-resisted|p1a: Lycanroc\n|-damage|p1a: Lycanroc|64\/100\n|-damage|p1b: Overqwil|32\/100\n|move|p1b: Overqwil|Crunch|p2a: Typhlosion\n|-supereffective|p2a: Typhlosion\n|-damage|p2a: Typhlosion|0 fnt\n|-damage|p1b: Overqwil|16\/100|[from] item: Rocky Helmet|[of] p2a: Typhlosion\n|faint|p2a: Typhlosion\n|\n|-weather|SunnyDay|[upkeep]\n|upkeep\n|\n|t:|1699715582\n|switch|p2a: Hariyama|Hariyama, L50, M|50\/100 brn\n|turn|6\n|\n|t:|1699715600\n|switch|p1b: Hippowdon|Hippowdon, L50, F, tera:Poison|82\/100\n|-weather|Sandstorm|[from] ability: Sand Stream|[of] p1b: Hippowdon\n|move|p1a: Lycanroc|Protect|p1a: Lycanroc\n|-singleturn|p1a: Lycanroc|Protect\n|move|p2a: Hariyama|Fake Out|p1a: Lycanroc\n|-activate|p1a: Lycanroc|move: Protect\n|move|p2b: Ninetales|Heat Wave|p1b: Hippowdon|[spread] p1b\n|-activate|p1a: Lycanroc|move: Protect\n|-damage|p1b: Hippowdon|64\/100\n|\n|-weather|Sandstorm|[upkeep]\n|-damage|p2b: Ninetales|52\/100|[from] Sandstorm\n|-damage|p2a: Hariyama|44\/100 brn|[from] Sandstorm\n|-damage|p1b: Hippowdon|58\/100|[from] Sandstorm\n|-damage|p2a: Hariyama|38\/100 brn|[from] brn\n|upkeep\n|turn|7\n|\n|t:|1699715643\n|move|p1b: Hippowdon|Helping Hand|p1a: Lycanroc\n|-singleturn|p1a: Lycanroc|Helping Hand|[of] p1b: Hippowdon\n|move|p2b: Ninetales|Protect|p2b: Ninetales\n|-singleturn|p2b: Ninetales|Protect\n|move|p1a: Lycanroc|Accelerock|p2b: Ninetales\n|-activate|p2b: Ninetales|move: Protect\n|move|p2a: Hariyama|Drain Punch|p1a: Lycanroc\n|-supereffective|p1a: Lycanroc\n|-damage|p1a: Lycanroc|0 fnt\n|-heal|p2a: Hariyama|61\/100 brn|[from] drain|[of] p1a: Lycanroc\n|faint|p1a: Lycanroc\n|\n|-weather|Sandstorm|[upkeep]\n|-damage|p2b: Ninetales|45\/100|[from] Sandstorm\n|-damage|p2a: Hariyama|55\/100 brn|[from] Sandstorm\n|-damage|p1b: Hippowdon|52\/100|[from] Sandstorm\n|-enditem|p2b: Ninetales|Sitrus Berry|[eat]\n|-heal|p2b: Ninetales|70\/100|[from] item: Sitrus Berry\n|-damage|p2a: Hariyama|49\/100 brn|[from] brn\n|upkeep\n|\n|t:|1699715661\n|switch|p1a: Overqwil|Overqwil, L50, F|16\/100\n|-ability|p1a: Overqwil|Intimidate|boost\n|-unboost|p2a: Hariyama|atk|1\n|-unboost|p2b: Ninetales|atk|1\n|turn|8\n|\n|t:|1699715688\n|move|p1b: Hippowdon|Protect|p1b: Hippowdon\n|-singleturn|p1b: Hippowdon|Protect\n|move|p2b: Ninetales|Heat Wave|p1a: Overqwil|[spread] p1a\n|-activate|p1b: Hippowdon|move: Protect\n|-damage|p1a: Overqwil|0 fnt\n|faint|p1a: Overqwil\n|move|p2a: Hariyama|Knock Off|p1b: Hippowdon\n|-activate|p1b: Hippowdon|move: Protect\n|\n|-weather|Sandstorm|[upkeep]\n|-damage|p2b: Ninetales|64\/100|[from] Sandstorm\n|-damage|p2a: Hariyama|43\/100 brn|[from] Sandstorm\n|-damage|p1b: Hippowdon|46\/100|[from] Sandstorm\n|-enditem|p1b: Hippowdon|Sitrus Berry|[eat]\n|-heal|p1b: Hippowdon|71\/100|[from] item: Sitrus Berry\n|-damage|p2a: Hariyama|37\/100 brn|[from] brn\n|upkeep\n|turn|9\n|\n|t:|1699715712\n|switch|p2a: Glimmora|Glimmora, L50, F|100\/100\n|move|p2b: Ninetales|Heat Wave|p1b: Hippowdon|[miss]\n|-miss|p2b: Ninetales|p1b: Hippowdon\n|move|p1b: Hippowdon|High Horsepower|p2b: Ninetales\n|-resisted|p2b: Ninetales\n|-damage|p2b: Ninetales|34\/100\n|\n|-weather|Sandstorm|[upkeep]\n|-damage|p2b: Ninetales|28\/100|[from] Sandstorm\n|-damage|p1b: Hippowdon|65\/100|[from] Sandstorm\n|upkeep\n|turn|10\n|\n|t:|1699715725\n|move|p2b: Ninetales|Heat Wave|p1b: Hippowdon\n|-damage|p1b: Hippowdon|42\/100\n|move|p2a: Glimmora|Earth Power|p1b: Hippowdon\n|-supereffective|p1b: Hippowdon\n|-damage|p1b: Hippowdon|0 fnt\n|faint|p1b: Hippowdon\n|\n|win|iAmGross\n|c|&|\/uhtml prompt-k3ksmann,k3ksmann is ready for game 2!\n|c|&|\/uhtml prompt-iamgross,iAmGross is ready for game 2!\nBoth players are ready! Starting next match!\n","uploadtime":1699715977,"views":32,"p1id":"k3ksmann","p2id":"iamgross","formatid":"gen9vgc2023regulatione","rating":0,"private":0,"password":""}