{"id":"gen9vgc2023regulatione-1998973074","p1":"The Greech","p2":"Sans45910","format":"[Gen 9] VGC 2023 Regulation E","log":"|j|\u2606The Greech\n|j|\u2606Sans45910\n|t:|1701019470\n|gametype|doubles\n|player|p1|The Greech|infielder|1331\n|player|p2|Sans45910|nate|1433\n|teamsize|p1|6\n|teamsize|p2|6\n|gen|9\n|tier|[Gen 9] VGC 2023 Regulation E\n|rated|\n|rule|Species Clause: Limit one of each Pok\u00e9mon\n|rule|Item Clause: Limit one of each item\n|clearpoke\n|poke|p1|Salamence, L50, M|\n|poke|p1|Kingambit, L50, F|\n|poke|p1|Urshifu-*, L50, M|\n|poke|p1|Tornadus, L50, M|\n|poke|p1|Ogerpon-Wellspring, L50, F|\n|poke|p1|Farigiraf, L50, M|\n|poke|p2|Scizor, L50, F|\n|poke|p2|Landorus-Therian, L50, M|\n|poke|p2|Iron Bundle, L50|\n|poke|p2|Chi-Yu, L50|\n|poke|p2|Dipplin, L50, M|\n|poke|p2|Tornadus, L50, M|\n|teampreview|4\nThe Greech has agreed to open team sheets.\nSans45910 has agreed to open team sheets.\n|\n|t:|1701019565\n|start\n|switch|p1a: Tornadus|Tornadus, L50, M|100\/100\n|switch|p1b: Urshifu|Urshifu-Rapid-Strike, L50, M|100\/100\n|switch|p2a: Iron Bundle|Iron Bundle, L50|100\/100\n|switch|p2b: Tornadus|Tornadus, L50, M|100\/100\n|-enditem|p2a: Iron Bundle|Booster Energy\n|-activate|p2a: Iron Bundle|ability: Quark Drive|[fromitem]\n|-start|p2a: Iron Bundle|quarkdrivespe\n|turn|1\n|\n|t:|1701019618\n|move|p1b: Urshifu|Detect|p1b: Urshifu\n|-singleturn|p1b: Urshifu|Protect\n|move|p2b: Tornadus|Taunt|p1a: Tornadus\n|-start|p1a: Tornadus|move: Taunt\n|cant|p1a: Tornadus|move: Taunt|Tailwind\n|move|p2a: Iron Bundle|Freeze-Dry|p1b: Urshifu\n|-activate|p1b: Urshifu|move: Protect\n|\n|upkeep\n|turn|2\n|\n|t:|1701019634\n|switch|p1b: Kingambit|Kingambit, L50, F|100\/100\n|move|p2a: Iron Bundle|Encore||[still]\n|-fail|p2a: Iron Bundle\n|move|p2b: Tornadus|Bleakwind Storm|p1b: Kingambit|[spread] p1a,p1b\n|-resisted|p1b: Kingambit\n|-damage|p1a: Tornadus|61\/100\n|-damage|p1b: Kingambit|89\/100\n|move|p1a: Tornadus|Bleakwind Storm|p2b: Tornadus|[spread] p2a\n|-miss|p1a: Tornadus|p2b: Tornadus\n|-damage|p2a: Iron Bundle|39\/100\n|\n|upkeep\n|turn|3\n|\n|t:|1701019650\n|-end|p2a: Iron Bundle|Quark Drive|[silent]\n|switch|p2a: Chi-Yu|Chi-Yu, L50|100\/100\n|-ability|p2a: Chi-Yu|Beads of Ruin\n|move|p1b: Kingambit|Sucker Punch||[still]\n|-fail|p1b: Kingambit\n|move|p2b: Tornadus|Heat Wave|p1b: Kingambit|[spread] p1a,p1b\n|-supereffective|p1b: Kingambit\n|-damage|p1a: Tornadus|25\/100\n|-damage|p1b: Kingambit|50\/100\n|move|p1a: Tornadus|Bleakwind Storm|p2b: Tornadus|[spread] p2b\n|-miss|p1a: Tornadus|p2a: Chi-Yu\n|-damage|p2b: Tornadus|40\/100\n|\n|-end|p1a: Tornadus|move: Taunt\n|upkeep\n|turn|4\n|\n|t:|1701019684\n|move|p2b: Tornadus|Tailwind|p2b: Tornadus\n|-sidestart|p2: Sans45910|move: Tailwind\n|move|p1a: Tornadus|Rain Dance|p1a: Tornadus\n|-weather|RainDance\n|move|p1b: Kingambit|Sucker Punch|p2a: Chi-Yu\n|-resisted|p2a: Chi-Yu\n|-damage|p2a: Chi-Yu|70\/100\n|move|p2a: Chi-Yu|Heat Wave|p1b: Kingambit|[spread] p1a,p1b\n|-supereffective|p1b: Kingambit\n|-damage|p1a: Tornadus|0 fnt\n|-damage|p1b: Kingambit|17\/100\n|faint|p1a: Tornadus\n|\n|-weather|RainDance|[upkeep]\n|upkeep\n|\n|t:|1701019698\n|switch|p1a: Urshifu|Urshifu-Rapid-Strike, L50, M|100\/100\n|turn|5\n|\n|t:|1701019711\n|switch|p2a: Dipplin|Dipplin, L50, M|100\/100\n|-ability|p2a: Dipplin|Supersweet Syrup\n|-ability|p2a: Dipplin|Supersweet Syrup|boost\n|-unboost|p1a: Urshifu|evasion|1\n|-unboost|p1b: Kingambit|evasion|1\n|-ability|p1b: Kingambit|Defiant|boost\n|-boost|p1b: Kingambit|atk|2\n|-terastallize|p1a: Urshifu|Water\n|move|p1a: Urshifu|Aqua Jet|p2a: Dipplin\n|-resisted|p2a: Dipplin\n|-damage|p2a: Dipplin|93\/100\n|move|p1b: Kingambit|Sucker Punch|p2b: Tornadus\n|-crit|p2b: Tornadus\n|-damage|p2b: Tornadus|0 fnt\n|faint|p2b: Tornadus\n|\n|-weather|RainDance|[upkeep]\n|upkeep\n|\n|t:|1701019726\n|switch|p2b: Iron Bundle|Iron Bundle, L50|39\/100\n|turn|6\n|\n|t:|1701019744\n|move|p1a: Urshifu|Aqua Jet|p2b: Iron Bundle\n|-resisted|p2b: Iron Bundle\n|-damage|p2b: Iron Bundle|6\/100\n|move|p1b: Kingambit|Sucker Punch|p2a: Dipplin\n|-damage|p2a: Dipplin|46\/100\n|move|p2b: Iron Bundle|Encore|p1a: Urshifu\n|-start|p1a: Urshifu|Encore\n|move|p2a: Dipplin|Pollen Puff|p1b: Kingambit\n|-damage|p1b: Kingambit|6\/100\n|\n|-weather|RainDance|[upkeep]\n|upkeep\n|turn|7\n|\n|t:|1701019782\n|move|p1a: Urshifu|Aqua Jet|p2b: Iron Bundle\n|-resisted|p2b: Iron Bundle\n|-damage|p2b: Iron Bundle|0 fnt\n|faint|p2b: Iron Bundle\n|-end|p2b: Iron Bundle|Quark Drive|[silent]\n|move|p1b: Kingambit|Sucker Punch|p2a: Dipplin\n|-damage|p2a: Dipplin|0 fnt\n|faint|p2a: Dipplin\n|\n|-weather|RainDance|[upkeep]\n|-sideend|p2: Sans45910|move: Tailwind\n|upkeep\n|\n|t:|1701019786\n|switch|p2b: Chi-Yu|Chi-Yu, L50|70\/100\n|-ability|p2b: Chi-Yu|Beads of Ruin\n|turn|8\n|\n|t:|1701019802\n|-terastallize|p2b: Chi-Yu|Ghost\n|move|p1a: Urshifu|Aqua Jet|p2b: Chi-Yu\n|-damage|p2b: Chi-Yu|0 fnt\n|faint|p2b: Chi-Yu\n|\n|win|The Greech\n|raw|The Greech's rating: 1331 &rarr; <strong>1357<\/strong><br \/>(+26 for winning)\n|raw|Sans45910's rating: 1433 &rarr; <strong>1407<\/strong><br \/>(-26 for losing)\n|l|\u2606Sans45910\n","uploadtime":1701019813,"views":5,"p1id":"thegreech","p2id":"sans45910","formatid":"gen9vgc2023regulatione","rating":1357,"private":0,"password":""}