{"id":"gen9vgc2023regulatione-1998469689","p1":"whyismynamejeff","p2":"gvufyd","format":"[Gen 9] VGC 2023 Regulation E","log":"|j|\u2606whyismynamejeff\n|j|\u2606gvufyd\n|t:|1700945860\n|gametype|doubles\n|player|p1|whyismynamejeff|musician|1074\n|player|p2|gvufyd|265|1000\n|teamsize|p1|6\n|teamsize|p2|6\n|gen|9\n|tier|[Gen 9] VGC 2023 Regulation E\n|rated|\n|rule|Species Clause: Limit one of each Pok\u00e9mon\n|rule|Item Clause: Limit one of each item\n|clearpoke\n|poke|p1|Ogerpon-Wellspring, L50, F|\n|poke|p1|Regieleki, L50|\n|poke|p1|Indeedee-F, L50, F|\n|poke|p1|Tornadus, L50, M|\n|poke|p1|Chi-Yu, L50|\n|poke|p1|Flutter Mane, L50|\n|poke|p2|Amoonguss, L50, M|\n|poke|p2|Thundurus, L50, M|\n|poke|p2|Empoleon, L50, M|\n|poke|p2|Chi-Yu, L50|\n|poke|p2|Flutter Mane, L50|\n|poke|p2|Salamence, L50, M|\n|teampreview|4\n|inactive|Battle timer is ON: inactive players will automatically lose when time's up. (requested by gvufyd)\ngvufyd has agreed to open team sheets.\n|inactive|gvufyd has 60 seconds left.\nwhyismynamejeff rejected open team sheets.\n|inactive|gvufyd has 30 seconds left.\n|\n|t:|1700945925\n|start\n|switch|p1a: Regieleki|Regieleki, L50|100\/100\n|switch|p1b: Chi-Yu|Chi-Yu, L50|100\/100\n|switch|p2a: Thundurus|Thundurus, L50, M|100\/100\n|switch|p2b: Chi-Yu|Chi-Yu, L50|100\/100\n|-ability|p2b: Chi-Yu|Beads of Ruin\n|-ability|p1b: Chi-Yu|Beads of Ruin\n|turn|1\n|inactive|gvufyd has 30 seconds left.\n|inactive|gvufyd has 20 seconds left.\n|\n|t:|1700945963\n|move|p1a: Regieleki|Protect|p1a: Regieleki\n|-singleturn|p1a: Regieleki|Protect\n|move|p2a: Thundurus|Eerie Impulse|p1a: Regieleki\n|-activate|p1a: Regieleki|move: Protect\n|move|p2b: Chi-Yu|Overheat|p1a: Regieleki\n|-activate|p1a: Regieleki|move: Protect\n|move|p1b: Chi-Yu|Snarl|p2a: Thundurus|[spread] p2a,p2b\n|-resisted|p2b: Chi-Yu\n|-damage|p2a: Thundurus|59\/100\n|-damage|p2b: Chi-Yu|83\/100\n|-unboost|p2a: Thundurus|spa|1\n|-unboost|p2b: Chi-Yu|spa|1\n|-damage|p1b: Chi-Yu|91\/100|[from] item: Life Orb\n|\n|upkeep\n|turn|2\n|inactive|whyismynamejeff has 30 seconds left.\n|inactive|whyismynamejeff has 20 seconds left.\n|inactive|whyismynamejeff has 15 seconds left.\n|\n|t:|1700946006\n|switch|p2a: Salamence|Salamence, L50, M|100\/100\n|-ability|p2a: Salamence|Intimidate|boost\n|-unboost|p1a: Regieleki|atk|1\n|-unboost|p1b: Chi-Yu|atk|1\n|-terastallize|p1a: Regieleki|Ice\n|move|p1b: Chi-Yu|Protect|p1b: Chi-Yu\n|-singleturn|p1b: Chi-Yu|Protect\n|move|p1a: Regieleki|Tera Blast|p2a: Salamence|[anim] Tera Blast Ice\n|-supereffective|p2a: Salamence\n|-damage|p2a: Salamence|0 fnt\n|faint|p2a: Salamence\n|move|p2b: Chi-Yu|Overheat|p1a: Regieleki\n|-supereffective|p1a: Regieleki\n|-damage|p1a: Regieleki|0 fnt\n|-unboost|p2b: Chi-Yu|spa|2\n|faint|p1a: Regieleki\n|\n|upkeep\n|\n|t:|1700946022\n|switch|p1a: Ogerpon|Ogerpon-Wellspring, L50, F|100\/100\n|switch|p2a: Flutter Mane|Flutter Mane, L50|100\/100\n|-enditem|p2a: Flutter Mane|Booster Energy\n|-activate|p2a: Flutter Mane|ability: Protosynthesis|[fromitem]\n|-start|p2a: Flutter Mane|protosynthesisspe\n|turn|3\n|\n|t:|1700946032\n|switch|p2b: Thundurus|Thundurus, L50, M|59\/100\n|-terastallize|p2a: Flutter Mane|Fairy\n|move|p1b: Chi-Yu|Protect||[still]\n|-fail|p1b: Chi-Yu\n|move|p2a: Flutter Mane|Moonblast|p1a: Ogerpon\n|-damage|p1a: Ogerpon|0 fnt\n|faint|p1a: Ogerpon\n|\n|upkeep\n|\n|t:|1700946043\n|switch|p1a: Flutter Mane|Flutter Mane, L50|100\/100\n|turn|4\n|\n|t:|1700946054\n|move|p2b: Thundurus|Eerie Impulse|p1a: Flutter Mane\n|-unboost|p1a: Flutter Mane|spa|2\n|move|p2a: Flutter Mane|Moonblast|p1b: Chi-Yu\n|-damage|p1b: Chi-Yu|10\/100\n|-unboost|p1b: Chi-Yu|spa|1\n|move|p1a: Flutter Mane|Shadow Ball|p2a: Flutter Mane\n|-damage|p2a: Flutter Mane|70\/100\n|move|p1b: Chi-Yu|Snarl|p2b: Thundurus|[spread] p2a,p2b\n|-resisted|p2a: Flutter Mane\n|-crit|p2a: Flutter Mane\n|-damage|p2a: Flutter Mane|40\/100\n|-damage|p2b: Thundurus|31\/100\n|-unboost|p2a: Flutter Mane|spa|1\n|-unboost|p2b: Thundurus|spa|1\n|-damage|p1b: Chi-Yu|0 fnt|[from] item: Life Orb\n|faint|p1b: Chi-Yu\n|\n|upkeep\n|turn|5\n|\n|t:|1700946074\n|move|p2b: Thundurus|Thunder Wave|p1a: Flutter Mane|[miss]\n|-miss|p2b: Thundurus|p1a: Flutter Mane\n|move|p2a: Flutter Mane|Shadow Ball|p1a: Flutter Mane\n|-supereffective|p1a: Flutter Mane\n|-damage|p1a: Flutter Mane|40\/100\n|move|p1a: Flutter Mane|Shadow Ball|p2a: Flutter Mane\n|-damage|p2a: Flutter Mane|17\/100\n|\n|upkeep\n|turn|6\n|\n|t:|1700946085\n|move|p2b: Thundurus|Thunder Wave|p1a: Flutter Mane\n|-status|p1a: Flutter Mane|par\n|move|p2a: Flutter Mane|Shadow Ball|p1a: Flutter Mane\n|-supereffective|p1a: Flutter Mane\n|-damage|p1a: Flutter Mane|0 fnt\n|faint|p1a: Flutter Mane\n|-end|p1a: Flutter Mane|Protosynthesis|[silent]\n|\n|win|gvufyd\n|raw|whyismynamejeff's rating: 1074 &rarr; <strong>1048<\/strong><br \/>(-26 for losing)\n|raw|gvufyd's rating: 1000 &rarr; <strong>1048<\/strong><br \/>(+48 for winning)\n","uploadtime":1700946090,"views":10,"p1id":"whyismynamejeff","p2id":"gvufyd","formatid":"gen9vgc2023regulatione","rating":1048,"private":0,"password":""}