{"id":"gen9vgc2023regulatione-1990502507","p1":"Incenedorus","p2":"Gaspar8","format":"[Gen 9] VGC 2023 Regulation E","log":"|j|\u2606Incenedorus\n|j|\u2606Gaspar8\n|t:|1699976725\n|gametype|doubles\n|player|p1|Incenedorus|pokemaniac|1357\n|player|p2|Gaspar8|2|1358\n|teamsize|p1|6\n|teamsize|p2|6\n|gen|9\n|tier|[Gen 9] VGC 2023 Regulation E\n|rated|\n|rule|Species Clause: Limit one of each Pok\u00e9mon\n|rule|Item Clause: Limit one of each item\n|clearpoke\n|poke|p1|Iron Valiant, L50|\n|poke|p1|Ting-Lu, L50|\n|poke|p1|Ogerpon-Hearthflame, L50, F|\n|poke|p1|Rotom-Wash, L50|\n|poke|p1|Gholdengo, L50|\n|poke|p1|Dragonite, L50, F|\n|poke|p2|Grimmsnarl, L50, M|\n|poke|p2|Conkeldurr, L50, F|\n|poke|p2|Landorus-Therian, L50, M|\n|poke|p2|Goodra-Hisui, L50, M|\n|poke|p2|Iron Moth, L50|\n|poke|p2|Heatran, L50, F|\n|teampreview|4\n|\n|t:|1699976757\n|start\n|switch|p1a: Iron Valiant|Iron Valiant, L50|100\/100\n|switch|p1b: Klefki Lu|Ting-Lu, L50|100\/100\n|switch|p2a: Grimmsnarl|Grimmsnarl, L50, M, shiny|100\/100\n|switch|p2b: Landorus|Landorus-Therian, L50, M, shiny|100\/100\n|-ability|p2b: Landorus|Intimidate|boost\n|-unboost|p1a: Iron Valiant|atk|1\n|-unboost|p1b: Klefki Lu|atk|1\n|-ability|p1b: Klefki Lu|Vessel of Ruin\n|-enditem|p1a: Iron Valiant|Booster Energy\n|-activate|p1a: Iron Valiant|ability: Quark Drive|[fromitem]\n|-start|p1a: Iron Valiant|quarkdrivespe\n|turn|1\n|\n|t:|1699976785\n|move|p2a: Grimmsnarl|Light Screen|p2a: Grimmsnarl\n|-sidestart|p2: Gaspar8|move: Light Screen\n|move|p2b: Landorus|U-turn|p1b: Klefki Lu\n|-supereffective|p1b: Klefki Lu\n|-damage|p1b: Klefki Lu|74\/100\n|\n|t:|1699976790\n|switch|p2b: Iron Moth|Iron Moth, L50|100\/100|[from] U-turn\n|move|p1a: Iron Valiant|Encore|p2a: Grimmsnarl\n|-start|p2a: Grimmsnarl|Encore\n|move|p1b: Klefki Lu|Whirlwind|p2b: Iron Moth\n|-end|p2b: Iron Moth|Quark Drive|[silent]\n|drag|p2b: Landorus|Landorus-Therian, L50, M, shiny|100\/100\n|-ability|p2b: Landorus|Intimidate|boost\n|-unboost|p1a: Iron Valiant|atk|1\n|-unboost|p1b: Klefki Lu|atk|1\n|\n|-heal|p1b: Klefki Lu|80\/100|[from] item: Leftovers\n|upkeep\n|turn|2\n|\n|t:|1699976816\n|-end|p1a: Iron Valiant|Quark Drive|[silent]\n|switch|p1a: Mimi \"Incen\" Rotom|Rotom-Wash, L50|100\/100\n|switch|p2a: Iron Moth|Iron Moth, L50|100\/100\n|-terastallize|p2b: Landorus|Flying\n|move|p1b: Klefki Lu|Protect|p1b: Klefki Lu\n|-singleturn|p1b: Klefki Lu|Protect\n|move|p2b: Landorus|Tera Blast|p1a: Mimi \"Incen\" Rotom|[anim] Tera Blast Flying\n|-resisted|p1a: Mimi \"Incen\" Rotom\n|-damage|p1a: Mimi \"Incen\" Rotom|72\/100\n|\n|-heal|p1b: Klefki Lu|86\/100|[from] item: Leftovers\n|upkeep\n|turn|3\n|\n|t:|1699976859\n|switch|p2b: Grimmsnarl|Grimmsnarl, L50, M, shiny|100\/100\n|move|p2a: Iron Moth|Struggle Bug|p1b: Klefki Lu|[spread] p1a,p1b\n|-supereffective|p1b: Klefki Lu\n|-damage|p1a: Mimi \"Incen\" Rotom|62\/100\n|-damage|p1b: Klefki Lu|70\/100\n|-unboost|p1a: Mimi \"Incen\" Rotom|spa|1\n|-unboost|p1b: Klefki Lu|spa|1\n|move|p1a: Mimi \"Incen\" Rotom|Hydro Pump|p2a: Iron Moth\n|-supereffective|p2a: Iron Moth\n|-damage|p2a: Iron Moth|72\/100\n|move|p1b: Klefki Lu|Throat Chop|p2a: Iron Moth\n|-damage|p2a: Iron Moth|45\/100\n|-start|p2a: Iron Moth|Throat Chop|[silent]\n|\n|-heal|p1b: Klefki Lu|76\/100|[from] item: Leftovers\n|upkeep\n|turn|4\n|\n|t:|1699976884\n|move|p1b: Klefki Lu|Protect|p1b: Klefki Lu\n|-singleturn|p1b: Klefki Lu|Protect\n|move|p2a: Iron Moth|Heat Wave|p1b: Klefki Lu|[spread] p1a\n|-activate|p1b: Klefki Lu|move: Protect\n|-resisted|p1a: Mimi \"Incen\" Rotom\n|-damage|p1a: Mimi \"Incen\" Rotom|46\/100\n|-enditem|p1a: Mimi \"Incen\" Rotom|Sitrus Berry|[eat]\n|-heal|p1a: Mimi \"Incen\" Rotom|71\/100|[from] item: Sitrus Berry\n|move|p1a: Mimi \"Incen\" Rotom|Hydro Pump|p2a: Iron Moth\n|-supereffective|p2a: Iron Moth\n|-damage|p2a: Iron Moth|14\/100\n|-enditem|p2a: Iron Moth|Aguav Berry|[eat]\n|-heal|p2a: Iron Moth|47\/100|[from] item: Aguav Berry\n|move|p2b: Grimmsnarl|Spirit Break|p1b: Klefki Lu\n|-activate|p1b: Klefki Lu|move: Protect\n|\n|-heal|p1b: Klefki Lu|82\/100|[from] item: Leftovers\n|-end|p2a: Iron Moth|Throat Chop|[silent]\n|upkeep\n|turn|5\n|\n|t:|1699976932\n|move|p2b: Grimmsnarl|Parting Shot|p1a: Mimi \"Incen\" Rotom\n|-unboost|p1a: Mimi \"Incen\" Rotom|atk|1\n|-unboost|p1a: Mimi \"Incen\" Rotom|spa|1\n|\n|t:|1699976936\n|switch|p2b: Landorus|Landorus-Therian, L50, M, shiny, tera:Flying|100\/100|[from] Parting Shot\n|-ability|p2b: Landorus|Intimidate|boost\n|-unboost|p1a: Mimi \"Incen\" Rotom|atk|1\n|-unboost|p1b: Klefki Lu|atk|1\n|move|p2a: Iron Moth|Struggle Bug|p1a: Mimi \"Incen\" Rotom|[spread] p1a,p1b\n|-supereffective|p1b: Klefki Lu\n|-damage|p1a: Mimi \"Incen\" Rotom|60\/100\n|-damage|p1b: Klefki Lu|68\/100\n|-unboost|p1a: Mimi \"Incen\" Rotom|spa|1\n|-unboost|p1b: Klefki Lu|spa|1\n|move|p1a: Mimi \"Incen\" Rotom|Hydro Pump|p2a: Iron Moth\n|-supereffective|p2a: Iron Moth\n|-damage|p2a: Iron Moth|32\/100\n|move|p1b: Klefki Lu|Throat Chop|p2a: Iron Moth\n|-damage|p2a: Iron Moth|12\/100\n|-start|p2a: Iron Moth|Throat Chop|[silent]\n|\n|-heal|p1b: Klefki Lu|74\/100|[from] item: Leftovers\n|upkeep\n|turn|6\n|\n|t:|1699976977\n|-end|p2a: Iron Moth|Quark Drive|[silent]\n|switch|p2a: Grimmsnarl|Grimmsnarl, L50, M, shiny|100\/100\n|switch|p1a: Gholdengo|Gholdengo, L50|100\/100\n|move|p2b: Landorus|U-turn|p1a: Gholdengo\n|-resisted|p1a: Gholdengo\n|-damage|p1a: Gholdengo|94\/100\n|-damage|p2b: Landorus|84\/100|[from] item: Rocky Helmet|[of] p1a: Gholdengo\n|\n|t:|1699976989\n|switch|p2b: Conkeldurr|Conkeldurr, L50, F, shiny|100\/100|[from] U-turn\n|move|p1b: Klefki Lu|Throat Chop|p2a: Grimmsnarl\n|-resisted|p2a: Grimmsnarl\n|-damage|p2a: Grimmsnarl|98\/100\n|-start|p2a: Grimmsnarl|Throat Chop|[silent]\n|\n|-heal|p1b: Klefki Lu|80\/100|[from] item: Leftovers\n|upkeep\n|turn|7\n|\n|t:|1699977010\n|switch|p1b: Mimi \"Incen\" Rotom|Rotom-Wash, L50|60\/100\n|move|p1a: Gholdengo|Make It Rain|p2a: Grimmsnarl|[spread] p2a,p2b\n|-supereffective|p2a: Grimmsnarl\n|-damage|p2a: Grimmsnarl|44\/100\n|-damage|p2b: Conkeldurr|67\/100\n|-unboost|p1a: Gholdengo|spa|1\n|move|p2a: Grimmsnarl|Spirit Break|p1b: Mimi \"Incen\" Rotom\n|-damage|p1b: Mimi \"Incen\" Rotom|37\/100\n|-unboost|p1b: Mimi \"Incen\" Rotom|spa|1\n|move|p2b: Conkeldurr|Drain Punch|p1b: Mimi \"Incen\" Rotom\n|-crit|p1b: Mimi \"Incen\" Rotom\n|-damage|p1b: Mimi \"Incen\" Rotom|0 fnt\n|-heal|p2b: Conkeldurr|81\/100|[from] drain|[of] p1b: Mimi \"Incen\" Rotom\n|faint|p1b: Mimi \"Incen\" Rotom\n|\n|-end|p2a: Grimmsnarl|Throat Chop|[silent]\n|upkeep\n|\n|t:|1699977025\n|switch|p1b: Iron Valiant|Iron Valiant, L50|100\/100\n|turn|8\n|\n|t:|1699977039\n|move|p2b: Conkeldurr|Detect|p2b: Conkeldurr\n|-singleturn|p2b: Conkeldurr|Protect\n|move|p2a: Grimmsnarl|Parting Shot|p1b: Iron Valiant\n|-unboost|p1b: Iron Valiant|atk|1\n|-unboost|p1b: Iron Valiant|spa|1\n|\n|t:|1699977046\n|switch|p2a: Landorus|Landorus-Therian, L50, M, shiny, tera:Flying|84\/100|[from] Parting Shot\n|-ability|p2a: Landorus|Intimidate|boost\n|-unboost|p1a: Gholdengo|atk|1\n|-unboost|p1b: Iron Valiant|atk|1\n|move|p1b: Iron Valiant|Encore|p2b: Conkeldurr\n|-activate|p2b: Conkeldurr|move: Protect\n|move|p1a: Gholdengo|Make It Rain|p2b: Conkeldurr|[spread] p2a\n|-activate|p2b: Conkeldurr|move: Protect\n|-damage|p2a: Landorus|63\/100\n|-unboost|p1a: Gholdengo|spa|1\n|\n|-sideend|p2: Gaspar8|move: Light Screen\n|upkeep\n|turn|9\n|\n|t:|1699977071\n|switch|p1a: Klefki Lu|Ting-Lu, L50|80\/100\n|-ability|p1a: Klefki Lu|Vessel of Ruin\n|move|p1b: Iron Valiant|Protect|p1b: Iron Valiant\n|-singleturn|p1b: Iron Valiant|Protect\n|move|p2a: Landorus|Tera Blast|p1b: Iron Valiant|[anim] Tera Blast Flying\n|-activate|p1b: Iron Valiant|move: Protect\n|move|p2b: Conkeldurr|Rock Slide|p1a: Klefki Lu|[spread] p1a\n|-activate|p1b: Iron Valiant|move: Protect\n|-resisted|p1a: Klefki Lu\n|-damage|p1a: Klefki Lu|75\/100\n|\n|-heal|p1a: Klefki Lu|81\/100|[from] item: Leftovers\n|upkeep\n|turn|10\n|\n|t:|1699977098\n|-end|p1b: Iron Valiant|Quark Drive|[silent]\n|switch|p1b: Gholdengo|Gholdengo, L50|94\/100\n|move|p2a: Landorus|Tera Blast|p1b: Gholdengo|[anim] Tera Blast Flying\n|-resisted|p1b: Gholdengo\n|-damage|p1b: Gholdengo|69\/100\n|move|p1a: Klefki Lu|Throat Chop|p2a: Landorus\n|-crit|p2a: Landorus\n|-damage|p2a: Landorus|13\/100\n|-start|p2a: Landorus|Throat Chop|[silent]\n|move|p2b: Conkeldurr|Drain Punch|p1a: Klefki Lu\n|-supereffective|p1a: Klefki Lu\n|-damage|p1a: Klefki Lu|34\/100\n|-heal|p2b: Conkeldurr|100\/100|[from] drain|[of] p1a: Klefki Lu\n|\n|-heal|p1a: Klefki Lu|40\/100|[from] item: Leftovers\n|upkeep\n|turn|11\n|\n|t:|1699977122\n|switch|p2a: Grimmsnarl|Grimmsnarl, L50, M, shiny|44\/100\n|move|p1a: Klefki Lu|Protect|p1a: Klefki Lu\n|-singleturn|p1a: Klefki Lu|Protect\n|move|p2b: Conkeldurr|Detect|p2b: Conkeldurr\n|-singleturn|p2b: Conkeldurr|Protect\n|move|p1b: Gholdengo|Make It Rain|p2b: Conkeldurr|[spread] p2a\n|-activate|p2b: Conkeldurr|move: Protect\n|-supereffective|p2a: Grimmsnarl\n|-damage|p2a: Grimmsnarl|0 fnt\n|-unboost|p1b: Gholdengo|spa|1\n|faint|p2a: Grimmsnarl\n|\n|-heal|p1a: Klefki Lu|46\/100|[from] item: Leftovers\n|upkeep\n|\n|t:|1699977141\n|switch|p2a: Landorus|Landorus-Therian, L50, M, shiny, tera:Flying|13\/100\n|-ability|p2a: Landorus|Intimidate|boost\n|-unboost|p1a: Klefki Lu|atk|1\n|-unboost|p1b: Gholdengo|atk|1\n|turn|12\n|\n|t:|1699977169\n|-terastallize|p1a: Klefki Lu|Poison\n|move|p1b: Gholdengo|Protect|p1b: Gholdengo\n|-singleturn|p1b: Gholdengo|Protect\n|move|p2a: Landorus|Stomping Tantrum|p1b: Gholdengo\n|-activate|p1b: Gholdengo|move: Protect\n|move|p2b: Conkeldurr|Drain Punch|p1a: Klefki Lu\n|-resisted|p1a: Klefki Lu\n|-damage|p1a: Klefki Lu|35\/100\n|move|p1a: Klefki Lu|Throat Chop|p2a: Landorus\n|-damage|p2a: Landorus|0 fnt\n|faint|p2a: Landorus\n|\n|-heal|p1a: Klefki Lu|41\/100|[from] item: Leftovers\n|upkeep\n|\n|t:|1699977185\n|switch|p2a: Iron Moth|Iron Moth, L50|12\/100\n|turn|13\n|\n|t:|1699977196\n|switch|p1b: Iron Valiant|Iron Valiant, L50|100\/100\n|move|p2a: Iron Moth|Protect|p2a: Iron Moth\n|-singleturn|p2a: Iron Moth|Protect\n|move|p1a: Klefki Lu|Protect|p1a: Klefki Lu\n|-singleturn|p1a: Klefki Lu|Protect\n|move|p2b: Conkeldurr|Rock Slide|p1a: Klefki Lu|[spread] p1b\n|-activate|p1a: Klefki Lu|move: Protect\n|-resisted|p1b: Iron Valiant\n|-damage|p1b: Iron Valiant|90\/100\n|\n|-heal|p1a: Klefki Lu|47\/100|[from] item: Leftovers\n|upkeep\n|turn|14\n|\n|t:|1699977218\n|move|p2a: Iron Moth|Sludge Wave|p1b: Iron Valiant|[spread] p2b,p1a,p1b\n|-resisted|p1a: Klefki Lu\n|-supereffective|p1b: Iron Valiant\n|-damage|p2b: Conkeldurr|65\/100\n|-damage|p1a: Klefki Lu|38\/100\n|-damage|p1b: Iron Valiant|17\/100\n|move|p1b: Iron Valiant|Spirit Break|p2b: Conkeldurr\n|-supereffective|p2b: Conkeldurr\n|-damage|p2b: Conkeldurr|8\/100\n|-unboost|p2b: Conkeldurr|spa|1\n|move|p1a: Klefki Lu|Throat Chop|p2a: Iron Moth\n|-damage|p2a: Iron Moth|0 fnt\n|faint|p2a: Iron Moth\n|-end|p2a: Iron Moth|Quark Drive|[silent]\n|move|p2b: Conkeldurr|Drain Punch|p1a: Klefki Lu\n|-resisted|p1a: Klefki Lu\n|-damage|p1a: Klefki Lu|26\/100\n|-heal|p2b: Conkeldurr|15\/100|[from] drain|[of] p1a: Klefki Lu\n|\n|-heal|p1a: Klefki Lu|32\/100|[from] item: Leftovers\n|upkeep\n|turn|15\n|\n|t:|1699977238\n|switch|p1a: Gholdengo|Gholdengo, L50|69\/100\n|move|p2b: Conkeldurr|Mach Punch|p1b: Iron Valiant\n|-resisted|p1b: Iron Valiant\n|-damage|p1b: Iron Valiant|4\/100\n|move|p1b: Iron Valiant|Spirit Break|p2b: Conkeldurr\n|-supereffective|p2b: Conkeldurr\n|-damage|p2b: Conkeldurr|0 fnt\n|faint|p2b: Conkeldurr\n|\n|win|Incenedorus\n|raw|Incenedorus's rating: 1357 &rarr; <strong>1377<\/strong><br \/>(+20 for winning)\n|raw|Gaspar8's rating: 1358 &rarr; <strong>1338<\/strong><br \/>(-20 for losing)\n|l|\u2606Gaspar8\n","uploadtime":1699977251,"views":11,"p1id":"incenedorus","p2id":"gaspar8","formatid":"gen9vgc2023regulatione","rating":1338,"private":0,"password":""}