{"id":"gen9vgc2023regulatione-1988781668","p1":"it76dhjk","p2":"olivermaul","format":"[Gen 9] VGC 2023 Regulation E","log":"|j|\u203dit76dhjk\n|j|\u2606olivermaul\n|t:|1699762376\n|gametype|doubles\n|player|p1|it76dhjk|artist-gen4|1124\n|player|p2|olivermaul|brawly|1146\n|teamsize|p1|6\n|teamsize|p2|6\n|gen|9\n|tier|[Gen 9] VGC 2023 Regulation E\n|rated|\n|rule|Species Clause: Limit one of each Pok\u00e9mon\n|rule|Item Clause: Limit one of each item\n|clearpoke\n|poke|p1|Politoed, L50, F|\n|poke|p1|Tornadus, L50, M|\n|poke|p1|Basculegion-F, L50, F|\n|poke|p1|Toxicroak, L50, F|\n|poke|p1|Chien-Pao, L50|\n|poke|p1|Milotic, L50, M|\n|poke|p2|Ogerpon-Wellspring, L50, F|\n|poke|p2|Scream Tail, L50|\n|poke|p2|Arcanine-Hisui, L50, M|\n|poke|p2|Rillaboom, L50, F|\n|poke|p2|Enamorus-Therian, L50, F|\n|poke|p2|Sableye, L50, F|\n|teampreview|4\n|inactive|Battle timer is ON: inactive players will automatically lose when time's up. (requested by it76dhjk)\n|\n|t:|1699762403\n|start\n|switch|p1a: Toxicroak|Toxicroak, L50, F|100\/100\n|switch|p1b: Chien-Pao|Chien-Pao, L50|100\/100\n|switch|p2a: Ogerpon|Ogerpon-Wellspring, L50, F|100\/100\n|switch|p2b: Sableye|Sableye, L50, F|100\/100\n|-ability|p1b: Chien-Pao|Sword of Ruin\n|turn|1\n|\n|t:|1699762420\n|move|p2a: Ogerpon|Spiky Shield|p2a: Ogerpon\n|-singleturn|p2a: Ogerpon|move: Protect\n|move|p1a: Toxicroak|Fake Out|p2a: Ogerpon\n|-activate|p2a: Ogerpon|move: Protect\n|-damage|p1a: Toxicroak|88\/100|[from] Spiky Shield|[of] p2a: Ogerpon\n|move|p2b: Sableye|Reflect|p2b: Sableye\n|-sidestart|p2: olivermaul|Reflect\n|move|p1b: Chien-Pao|Lash Out|p2a: Ogerpon\n|-activate|p2a: Ogerpon|move: Protect\n|-damage|p1b: Chien-Pao|88\/100|[from] Spiky Shield|[of] p2a: Ogerpon\n|\n|upkeep\n|turn|2\n|inactive|olivermaul has 30 seconds left.\n|\n|t:|1699762450\n|-terastallize|p2a: Ogerpon|Water\n|detailschange|p2a: Ogerpon|Ogerpon-Wellspring-Tera, L50, F, tera:Water\n|-ability|p2a: Ogerpon|Embody Aspect (Wellspring)|boost\n|-boost|p2a: Ogerpon|spd|1\n|move|p2b: Sableye|Encore|p1a: Toxicroak\n|-start|p1a: Toxicroak|Encore\n|move|p1b: Chien-Pao|Lash Out|p2a: Ogerpon\n|-damage|p2a: Ogerpon|60\/100\n|move|p2a: Ogerpon|Ivy Cudgel|p1b: Chien-Pao\n|-damage|p1b: Chien-Pao|0 fnt\n|faint|p1b: Chien-Pao\n|move|p1a: Toxicroak|Fake Out||[still]\n|-hint|Fake Out only works on your first turn out.\n|-fail|p1a: Toxicroak\n|\n|upkeep\n|\n|t:|1699762464\n|switch|p1b: Tornadus|Tornadus, L50, M|100\/100\n|turn|3\n|\n|t:|1699762479\n|switch|p1a: Politoed|Politoed, L50, F|100\/100\n|-weather|RainDance|[from] ability: Drizzle|[of] p1a: Politoed\n|move|p2b: Sableye|Light Screen|p2b: Sableye\n|-sidestart|p2: olivermaul|move: Light Screen\n|move|p2a: Ogerpon|Ivy Cudgel|p1b: Tornadus\n|-damage|p1b: Tornadus|0 fnt\n|faint|p1b: Tornadus\n|\n|-weather|RainDance|[upkeep]\n|upkeep\n|\n|t:|1699762486\n|switch|p1b: Toxicroak|Toxicroak, L50, F|88\/100\n|turn|4\n|inactive|olivermaul has 30 seconds left.\n|\n|t:|1699762512\n|move|p2a: Ogerpon|Spiky Shield|p2a: Ogerpon\n|-singleturn|p2a: Ogerpon|move: Protect\n|move|p2b: Sableye|Encore||[still]\n|-fail|p2b: Sableye\n|move|p1b: Toxicroak|Poison Jab|p2a: Ogerpon\n|-activate|p2a: Ogerpon|move: Protect\n|-damage|p1b: Toxicroak|76\/100|[from] Spiky Shield|[of] p2a: Ogerpon\n|move|p1a: Politoed|Chilling Water|p2a: Ogerpon\n|-activate|p2a: Ogerpon|move: Protect\n|\n|-weather|RainDance|[upkeep]\n|-heal|p1b: Toxicroak|88\/100|[from] ability: Dry Skin\n|upkeep\n|turn|5\n|inactive|olivermaul has 30 seconds left.\n|\n|t:|1699762537\n|move|p2b: Sableye|Disable|p1b: Toxicroak\n|-start|p1b: Toxicroak|Disable|Poison Jab\n|move|p2a: Ogerpon|Wood Hammer|p1a: Politoed\n|-supereffective|p1a: Politoed\n|-damage|p1a: Politoed|0 fnt\n|faint|p1a: Politoed\n|-damage|p2a: Ogerpon|26\/100|[from] Recoil\n|cant|p1b: Toxicroak|Disable|Poison Jab\n|\n|-weather|RainDance|[upkeep]\n|-heal|p1b: Toxicroak|100\/100|[from] ability: Dry Skin\n|upkeep\n|turn|6\n|inactive|it76dhjk has 30 seconds left.\n|inactive|it76dhjk has 20 seconds left.\n|inactive|it76dhjk has 15 seconds left.\n|inactive|it76dhjk has 10 seconds left.\n|inactive|it76dhjk has 5 seconds left.\n|inactiveoff|Battle timer is now OFF.\n|inactive|Battle timer is ON: inactive players will automatically lose when time's up. (requested by olivermaul)\n|inactive|it76dhjk has 30 seconds left.\n|inactive|it76dhjk has 20 seconds left.\n|inactive|it76dhjk has 15 seconds left.\n|inactive|it76dhjk has 10 seconds left.\n|inactive|it76dhjk has 5 seconds left.\n|\n|t:|1699762650\n|move|p1b: Toxicroak|Fake Out||[still]\n|-hint|Fake Out only works on your first turn out.\n|-fail|p1b: Toxicroak\n|move|p2b: Sableye|Encore|p1b: Toxicroak\n|-start|p1b: Toxicroak|Encore\n|move|p2a: Ogerpon|Ivy Cudgel|p1b: Toxicroak\n|-immune|p1b: Toxicroak|[from] ability: Dry Skin\n|\n|-weather|RainDance|[upkeep]\n|upkeep\n|turn|7\n|inactive|it76dhjk has 30 seconds left.\n|inactive|it76dhjk has 20 seconds left.\n|inactive|it76dhjk has 15 seconds left.\n|inactive|it76dhjk has 10 seconds left.\n|inactive|it76dhjk has 5 seconds left.\n|\n|t:|1699762705\n|switch|p2b: Rillaboom|Rillaboom, L50, F|100\/100\n|-fieldstart|move: Grassy Terrain|[from] ability: Grassy Surge|[of] p2b: Rillaboom\n|move|p1b: Toxicroak|Fake Out||[still]\n|-hint|Fake Out only works on your first turn out.\n|-fail|p1b: Toxicroak\n|move|p2a: Ogerpon|Wood Hammer|p1b: Toxicroak\n|-resisted|p1b: Toxicroak\n|-damage|p1b: Toxicroak|45\/100\n|-damage|p2a: Ogerpon|10\/100|[from] Recoil\n|\n|-weather|none\n|-heal|p2a: Ogerpon|16\/100|[from] Grassy Terrain\n|-heal|p1b: Toxicroak|51\/100|[from] Grassy Terrain\n|upkeep\n|turn|8\n|inactive|it76dhjk has 30 seconds left.\n|inactive|olivermaul has 30 seconds left.\n|inactive|it76dhjk has 20 seconds left.\n|inactive|it76dhjk has 15 seconds left.\n|inactive|it76dhjk has 10 seconds left.\n|inactive|it76dhjk has 5 seconds left.\n|\n|t:|1699762760\n|move|p1b: Toxicroak|Fake Out||[still]\n|-hint|Fake Out only works on your first turn out.\n|-fail|p1b: Toxicroak\n|move|p2a: Ogerpon|Wood Hammer|p1b: Toxicroak\n|-resisted|p1b: Toxicroak\n|-damage|p1b: Toxicroak|0 fnt\n|faint|p1b: Toxicroak\n|-damage|p2a: Ogerpon|2\/100|[from] Recoil\n|\n|win|olivermaul\n|raw|it76dhjk's rating: 1124 &rarr; <strong>1101<\/strong><br \/>(-23 for losing)\n|raw|olivermaul's rating: 1146 &rarr; <strong>1169<\/strong><br \/>(+23 for winning)\n","uploadtime":1699762770,"views":20,"p1id":"it76dhjk","p2id":"olivermaul","formatid":"gen9vgc2023regulatione","rating":1101,"private":0,"password":""}