{"id":"gen9vgc2023regulatione-1999796168","p1":"MentalSyndrome","p2":"pedroamtz","format":"[Gen 9] VGC 2023 Regulation E","log":"|j|\u2606MentalSyndrome\n|j|\u2606pedroamtz\n|t:|1701117474\n|gametype|doubles\n|player|p1|MentalSyndrome|byron|1134\n|player|p2|pedroamtz|265|1152\n|teamsize|p1|6\n|teamsize|p2|6\n|gen|9\n|tier|[Gen 9] VGC 2023 Regulation E\n|rated|\n|rule|Species Clause: Limit one of each Pok\u00e9mon\n|rule|Item Clause: Limit one of each item\n|clearpoke\n|poke|p1|Tornadus, L50, M|\n|poke|p1|Zapdos, L50|\n|poke|p1|Lucario, L50, M|\n|poke|p1|Arbok, L50, M|\n|poke|p1|Breloom, L50, M|\n|poke|p1|Tinkaton, L50, F|\n|poke|p2|Ting-Lu, L50|\n|poke|p2|Amoonguss, L50, F|\n|poke|p2|Arcanine, L50, M|\n|poke|p2|Gothitelle, L50, F|\n|poke|p2|Baxcalibur, L50, F|\n|poke|p2|Scream Tail, L50|\n|teampreview|4\n|inactive|Battle timer is ON: inactive players will automatically lose when time's up. (requested by MentalSyndrome)\n|\n|t:|1701117546\n|start\n|switch|p1a: Tornadus|Tornadus, L50, M|100\/100\n|switch|p1b: Breloom|Breloom, L50, M|100\/100\n|switch|p2a: Baxcalibur|Baxcalibur, L50, F|100\/100\n|switch|p2b: Scream Tail|Scream Tail, L50|100\/100\n|-enditem|p2b: Scream Tail|Booster Energy\n|-activate|p2b: Scream Tail|ability: Protosynthesis|[fromitem]\n|-start|p2b: Scream Tail|protosynthesisspe\n|turn|1\n|inactive|pedroamtz has 30 seconds left.\n|inactive|pedroamtz has 20 seconds left.\n|inactive|pedroamtz has 15 seconds left.\n|inactive|pedroamtz has 10 seconds left.\n|\n|t:|1701117592\n|move|p1a: Tornadus|Tailwind|p1a: Tornadus\n|-sidestart|p1: MentalSyndrome|move: Tailwind\n|move|p2b: Scream Tail|Play Rough|p1b: Breloom\n|-supereffective|p1b: Breloom\n|-damage|p1b: Breloom|28\/100\n|move|p1b: Breloom|Spore|p2a: Baxcalibur\n|-status|p2a: Baxcalibur|slp|[from] move: Spore\n|cant|p2a: Baxcalibur|slp\n|\n|upkeep\n|turn|2\n|\n|t:|1701117612\n|move|p1a: Tornadus|Rain Dance|p1a: Tornadus\n|-weather|RainDance\n|move|p1b: Breloom|Mach Punch|p2a: Baxcalibur\n|-supereffective|p2a: Baxcalibur\n|-damage|p2a: Baxcalibur|37\/100 slp\n|move|p2b: Scream Tail|Disable|p1b: Breloom\n|-start|p1b: Breloom|Disable|Mach Punch\n|-curestatus|p2a: Baxcalibur|slp|[msg]\n|move|p2a: Baxcalibur|Icicle Spear|p1a: Tornadus\n|-supereffective|p1a: Tornadus\n|-damage|p1a: Tornadus|64\/100\n|-supereffective|p1a: Tornadus\n|-damage|p1a: Tornadus|22\/100\n|-supereffective|p1a: Tornadus\n|-damage|p1a: Tornadus|0 fnt\n|faint|p1a: Tornadus\n|-hitcount|p1: Tornadus|3\n|\n|-weather|RainDance|[upkeep]\n|upkeep\n|\n|t:|1701117619\n|switch|p1a: Zapdos|Zapdos, L50|100\/100\n|turn|3\n|inactive|MentalSyndrome has 30 seconds left.\n|\n|t:|1701117649\n|-terastallize|p1a: Zapdos|Water\n|move|p1a: Zapdos|Hurricane|p2a: Baxcalibur\n|-damage|p2a: Baxcalibur|0 fnt\n|faint|p2a: Baxcalibur\n|move|p2b: Scream Tail|Perish Song|p2b: Scream Tail\n|-start|p1a: Zapdos|perish3|[silent]\n|-start|p1b: Breloom|perish3|[silent]\n|-start|p2b: Scream Tail|perish3|[silent]\n|-fieldactivate|move: Perish Song\n|move|p1b: Breloom|Spore|p2b: Scream Tail\n|-status|p2b: Scream Tail|slp|[from] move: Spore\n|\n|-weather|RainDance|[upkeep]\n|-start|p1a: Zapdos|perish3\n|-start|p2b: Scream Tail|perish3\n|-start|p1b: Breloom|perish3\n|upkeep\n|\n|t:|1701117660\n|switch|p2a: Gothitelle|Gothitelle, L50, F|100\/100\n|turn|4\n|\n|t:|1701117683\n|cant|p2b: Scream Tail|slp\n|move|p2a: Gothitelle|Fake Out|p1a: Zapdos\n|-damage|p1a: Zapdos|95\/100\n|cant|p1a: Zapdos|flinch\n|move|p1b: Breloom|Bullet Seed|p2b: Scream Tail\n|-damage|p2b: Scream Tail|83\/100 slp\n|-damage|p2b: Scream Tail|67\/100 slp\n|-damage|p2b: Scream Tail|50\/100 slp\n|-damage|p2b: Scream Tail|34\/100 slp\n|-hitcount|p2b: Scream Tail|4\n|\n|-weather|RainDance|[upkeep]\n|-start|p1a: Zapdos|perish2\n|-start|p2b: Scream Tail|perish2\n|-start|p1b: Breloom|perish2\n|-sideend|p1: MentalSyndrome|move: Tailwind\n|upkeep\n|turn|5\n|\n|t:|1701117697\n|cant|p2b: Scream Tail|slp\n|move|p2a: Gothitelle|Protect|p2a: Gothitelle\n|-singleturn|p2a: Gothitelle|Protect\n|move|p1a: Zapdos|Weather Ball|p2a: Gothitelle\n|-activate|p2a: Gothitelle|move: Protect\n|move|p1b: Breloom|Bullet Seed|p2b: Scream Tail\n|-damage|p2b: Scream Tail|18\/100 slp\n|-damage|p2b: Scream Tail|2\/100 slp\n|-hitcount|p2b: Scream Tail|2\n|\n|-weather|RainDance|[upkeep]\n|-start|p2b: Scream Tail|perish1\n|-start|p1a: Zapdos|perish1\n|-start|p1b: Breloom|perish1\n|upkeep\n|turn|6\n|inactive|pedroamtz has 30 seconds left.\n|\n|t:|1701117725\n|-curestatus|p2b: Scream Tail|slp|[msg]\n|move|p2b: Scream Tail|Disable|p1a: Zapdos\n|-start|p1a: Zapdos|Disable|Weather Ball\n|move|p1a: Zapdos|Volt Switch|p2a: Gothitelle\n|-damage|p2a: Gothitelle|73\/100\n|\n|t:|1701117731\n|switch|p1a: Lucario|Lucario, L50, M|100\/100|[from] Volt Switch\n|move|p1b: Breloom|Bullet Seed|p2b: Scream Tail\n|-damage|p2b: Scream Tail|0 fnt\n|faint|p2b: Scream Tail\n|-end|p2b: Scream Tail|Protosynthesis|[silent]\n|-hitcount|p2: Scream Tail|1\n|move|p2a: Gothitelle|Trick Room|p2a: Gothitelle\n|-fieldstart|move: Trick Room|[of] p2a: Gothitelle\n|\n|-weather|none\n|-heal|p2a: Gothitelle|79\/100|[from] item: Leftovers\n|-end|p1b: Breloom|Disable\n|-start|p1b: Breloom|perish0\n|faint|p1b: Breloom\n|upkeep\n|\n|t:|1701117736\n|switch|p1b: Zapdos|Zapdos, L50, tera:Water|95\/100\n|switch|p2b: Ting-Lu|Ting-Lu, L50|100\/100\n|-ability|p2b: Ting-Lu|Vessel of Ruin\n|turn|7\n|\n|t:|1701117754\n|move|p2b: Ting-Lu|Ruination|p1a: Lucario\n|-damage|p1a: Lucario|50\/100\n|move|p2a: Gothitelle|Psychic|p1a: Lucario\n|-damage|p1a: Lucario|16\/100\n|move|p1b: Zapdos|Hurricane|p2a: Gothitelle\n|-damage|p2a: Gothitelle|48\/100\n|move|p1a: Lucario|Drain Punch|p2b: Ting-Lu\n|-supereffective|p2b: Ting-Lu\n|-damage|p2b: Ting-Lu|43\/100\n|-heal|p1a: Lucario|62\/100|[from] drain|[of] p2b: Ting-Lu\n|-damage|p1a: Lucario|52\/100|[from] item: Life Orb\n|\n|-heal|p2a: Gothitelle|54\/100|[from] item: Leftovers\n|upkeep\n|turn|8\n|inactive|pedroamtz has 30 seconds left.\n|\n|t:|1701117780\n|move|p1a: Lucario|Bullet Punch|p2a: Gothitelle\n|-damage|p2a: Gothitelle|27\/100\n|-damage|p1a: Lucario|43\/100|[from] item: Life Orb\n|move|p2b: Ting-Lu|Stomping Tantrum|p1a: Lucario\n|-supereffective|p1a: Lucario\n|-damage|p1a: Lucario|0 fnt\n|faint|p1a: Lucario\n|move|p2a: Gothitelle|Psychic|p1b: Zapdos\n|-damage|p1b: Zapdos|80\/100\n|-unboost|p1b: Zapdos|spd|1\n|move|p1b: Zapdos|Hurricane|p2b: Ting-Lu|[miss]\n|-miss|p1b: Zapdos|p2b: Ting-Lu\n|\n|-heal|p2a: Gothitelle|33\/100|[from] item: Leftovers\n|upkeep\n|turn|9\n|\n|t:|1701117795\n|move|p2a: Gothitelle|Protect|p2a: Gothitelle\n|-singleturn|p2a: Gothitelle|Protect\n|move|p2b: Ting-Lu|Stone Edge|p1b: Zapdos|[miss]\n|-miss|p2b: Ting-Lu|p1b: Zapdos\n|move|p1b: Zapdos|Hurricane|p2a: Gothitelle\n|-activate|p2a: Gothitelle|move: Protect\n|\n|-heal|p2a: Gothitelle|40\/100|[from] item: Leftovers\n|upkeep\n|turn|10\n|\n|t:|1701117807\n|move|p2b: Ting-Lu|Stone Edge|p1b: Zapdos|[miss]\n|-miss|p2b: Ting-Lu|p1b: Zapdos\n|move|p2a: Gothitelle|Psychic|p1b: Zapdos\n|-damage|p1b: Zapdos|58\/100\n|move|p1b: Zapdos|Hurricane|p2b: Ting-Lu|[miss]\n|-miss|p1b: Zapdos|p2b: Ting-Lu\n|\n|-heal|p2a: Gothitelle|46\/100|[from] item: Leftovers\n|-fieldend|move: Trick Room\n|upkeep\n|turn|11\n|\n|t:|1701117818\n|move|p1b: Zapdos|Hurricane|p2b: Ting-Lu\n|-damage|p2b: Ting-Lu|26\/100\n|move|p2a: Gothitelle|Psychic|p1b: Zapdos\n|-damage|p1b: Zapdos|37\/100\n|move|p2b: Ting-Lu|Ruination|p1b: Zapdos\n|-damage|p1b: Zapdos|19\/100\n|\n|-heal|p2a: Gothitelle|52\/100|[from] item: Leftovers\n|upkeep\n|turn|12\n|\n|t:|1701117838\n|move|p1b: Zapdos|Thunder|p2a: Gothitelle\n|-damage|p2a: Gothitelle|19\/100\n|move|p2a: Gothitelle|Psychic|p1b: Zapdos\n|-damage|p1b: Zapdos|0 fnt\n|faint|p1b: Zapdos\n|\n|win|pedroamtz\n|raw|MentalSyndrome's rating: 1134 &rarr; <strong>1110<\/strong><br \/>(-24 for losing)\n|raw|pedroamtz's rating: 1152 &rarr; <strong>1176<\/strong><br \/>(+24 for winning)\n|c|\u2606MentalSyndrome|gg\n","uploadtime":1701117845,"views":3,"p1id":"mentalsyndrome","p2id":"pedroamtz","formatid":"gen9vgc2023regulatione","rating":1110,"private":0,"password":""}