{"id":"gen9vgc2023regulatione-1989331915","p1":"gnvazzana","p2":"RadialVGC","format":"[Gen 9] VGC 2023 Regulation E","log":"|j|\u2606gnvazzana\n|j|\u2606RadialVGC\n|t:|1699837318\n|gametype|doubles\n|player|p1|gnvazzana|265|1089\n|player|p2|RadialVGC|turo-ai|1088\n|teamsize|p1|6\n|teamsize|p2|6\n|gen|9\n|tier|[Gen 9] VGC 2023 Regulation E\n|rated|\n|rule|Species Clause: Limit one of each Pok\u00e9mon\n|rule|Item Clause: Limit one of each item\n|clearpoke\n|poke|p1|Arcanine-Hisui, L50, F|\n|poke|p1|Tornadus, L50, M|\n|poke|p1|Urshifu-*, L50, F|\n|poke|p1|Flutter Mane, L50|\n|poke|p1|Ninetales-Alola, L50, F|\n|poke|p1|Rillaboom, L50, F|\n|poke|p2|Dusclops, L50, F|\n|poke|p2|Ursaluna-Bloodmoon, L50, M|\n|poke|p2|Ogerpon-Cornerstone, L50, F|\n|poke|p2|Chi-Yu, L50|\n|poke|p2|Iron Hands, L50|\n|poke|p2|Enamorus-Therian, L50, F|\n|teampreview|4\n|inactive|Battle timer is ON: inactive players will automatically lose when time's up. (requested by RadialVGC)\n|inactive|gnvazzana has 60 seconds left.\n|inactive|RadialVGC has 60 seconds left.\n|\n|t:|1699837370\n|start\n|switch|p1a: Rillaboom|Rillaboom, L50, F|100\/100\n|switch|p1b: Flutter Mane|Flutter Mane, L50|100\/100\n|switch|p2a: Dusclops|Dusclops, L50, F, shiny|100\/100\n|switch|p2b: Ogerpon|Ogerpon-Cornerstone, L50, F|100\/100\n|-fieldstart|move: Grassy Terrain|[from] ability: Grassy Surge|[of] p1a: Rillaboom\n|-ability|p2a: Dusclops|Pressure\n|turn|1\n|\n|t:|1699837393\n|move|p2b: Ogerpon|Follow Me|p2b: Ogerpon\n|-singleturn|p2b: Ogerpon|move: Follow Me\n|move|p1b: Flutter Mane|Shadow Ball|p2b: Ogerpon\n|-damage|p2b: Ogerpon|46\/100\n|-unboost|p2b: Ogerpon|spd|1\n|-damage|p1b: Flutter Mane|90\/100|[from] item: Life Orb\n|move|p1a: Rillaboom|U-turn|p2b: Ogerpon\n|-supereffective|p2b: Ogerpon\n|-damage|p2b: Ogerpon|0 fnt\n|faint|p2b: Ogerpon\n|\n|t:|1699837408\n|switch|p1a: Urshifu|Urshifu-Rapid-Strike, L50, F|100\/100|[from] U-turn\n|move|p2a: Dusclops|Trick Room|p2a: Dusclops\n|-fieldstart|move: Trick Room|[of] p2a: Dusclops\n|\n|-heal|p1b: Flutter Mane|97\/100|[from] Grassy Terrain\n|upkeep\n|\n|t:|1699837416\n|switch|p2b: Enamorus|Enamorus-Therian, L50, F|100\/100\n|turn|2\n|\n|t:|1699837428\n|-terastallize|p1a: Urshifu|Water\n|move|p1b: Flutter Mane|Protect|p1b: Flutter Mane\n|-singleturn|p1b: Flutter Mane|Protect\n|move|p2a: Dusclops|Will-O-Wisp|p1b: Flutter Mane\n|-activate|p1b: Flutter Mane|move: Protect\n|move|p2b: Enamorus|Moonblast|p1a: Urshifu\n|-damage|p1a: Urshifu|11\/100\n|move|p1a: Urshifu|Poison Jab|p2b: Enamorus\n|-supereffective|p2b: Enamorus\n|-damage|p2b: Enamorus|51\/100\n|\n|-heal|p2b: Enamorus|57\/100|[from] item: Leftovers\n|-heal|p1b: Flutter Mane|100\/100|[from] Grassy Terrain\n|-heal|p1a: Urshifu|16\/100|[from] Grassy Terrain\n|upkeep\n|turn|3\n|inactive|gnvazzana has 30 seconds left.\n|inactive|RadialVGC has 30 seconds left.\n|\n|t:|1699837463\n|-end|p1b: Flutter Mane|Protosynthesis|[silent]\n|switch|p1b: Arcanine|Arcanine-Hisui, L50, F|100\/100\n|-ability|p1b: Arcanine|Intimidate|boost\n|-unboost|p2a: Dusclops|atk|1\n|-unboost|p2b: Enamorus|atk|1\n|move|p2a: Dusclops|Will-O-Wisp|p1b: Arcanine\n|-immune|p1b: Arcanine\n|move|p2b: Enamorus|Dazzling Gleam|p1a: Urshifu|[spread] p1a,p1b\n|-resisted|p1b: Arcanine\n|-damage|p1a: Urshifu|0 fnt\n|-damage|p1b: Arcanine|86\/100\n|faint|p1a: Urshifu\n|\n|-heal|p2b: Enamorus|63\/100|[from] item: Leftovers\n|-heal|p1b: Arcanine|92\/100|[from] Grassy Terrain\n|upkeep\n|\n|t:|1699837481\n|switch|p1a: Rillaboom|Rillaboom, L50, F|100\/100\n|turn|4\n|\n|t:|1699837504\n|move|p2b: Enamorus|Protect|p2b: Enamorus\n|-singleturn|p2b: Enamorus|Protect\n|move|p1a: Rillaboom|Fake Out|p2b: Enamorus\n|-activate|p2b: Enamorus|move: Protect\n|move|p2a: Dusclops|Will-O-Wisp|p1a: Rillaboom\n|-status|p1a: Rillaboom|brn\n|move|p1b: Arcanine|Rock Slide|p2a: Dusclops|[spread] p2a\n|-activate|p2b: Enamorus|move: Protect\n|-damage|p2a: Dusclops|86\/100\n|\n|-heal|p2a: Dusclops|92\/100|[from] Grassy Terrain\n|-heal|p2b: Enamorus|69\/100|[from] item: Leftovers\n|-heal|p1b: Arcanine|98\/100|[from] Grassy Terrain\n|-damage|p1a: Rillaboom|95\/100 brn|[from] brn\n|upkeep\n|turn|5\n|inactive|gnvazzana has 30 seconds left.\n|\n|t:|1699837530\n|move|p2a: Dusclops|Brick Break|p1a: Rillaboom\n|-damage|p1a: Rillaboom|84\/100 brn\n|move|p2b: Enamorus|Earth Power|p1b: Arcanine\n|-supereffective|p1b: Arcanine\n|-damage|p1b: Arcanine|0 fnt\n|faint|p1b: Arcanine\n|move|p1a: Rillaboom|U-turn|p2b: Enamorus\n|-resisted|p2b: Enamorus\n|-damage|p2b: Enamorus|67\/100\n|\n|t:|1699837539\n|switch|p1a: Flutter Mane|Flutter Mane, L50|100\/100|[from] U-turn\n|\n|-heal|p2a: Dusclops|98\/100|[from] Grassy Terrain\n|-heal|p2b: Enamorus|73\/100|[from] item: Leftovers\n|-fieldend|move: Trick Room\n|-fieldend|move: Grassy Terrain\n|upkeep\n|\n|t:|1699837546\n|switch|p1b: Rillaboom|Rillaboom, L50, F|84\/100 brn\n|-fieldstart|move: Grassy Terrain|[from] ability: Grassy Surge|[of] p1b: Rillaboom\n|turn|6\n|\n|t:|1699837555\n|move|p2b: Enamorus|Protect|p2b: Enamorus\n|-singleturn|p2b: Enamorus|Protect\n|move|p1b: Rillaboom|Fake Out|p2b: Enamorus\n|-activate|p2b: Enamorus|move: Protect\n|move|p1a: Flutter Mane|Shadow Ball|p2a: Dusclops\n|-supereffective|p2a: Dusclops\n|-damage|p2a: Dusclops|32\/100\n|-damage|p1a: Flutter Mane|90\/100|[from] item: Life Orb\n|move|p2a: Dusclops|Trick Room|p2a: Dusclops\n|-fieldstart|move: Trick Room|[of] p2a: Dusclops\n|\n|-heal|p2a: Dusclops|39\/100|[from] Grassy Terrain\n|-heal|p2b: Enamorus|79\/100|[from] item: Leftovers\n|-heal|p1b: Rillaboom|90\/100 brn|[from] Grassy Terrain\n|-heal|p1b: Rillaboom|95\/100 brn|[from] item: Leftovers\n|-heal|p1a: Flutter Mane|97\/100|[from] Grassy Terrain\n|-damage|p1b: Rillaboom|90\/100 brn|[from] brn\n|upkeep\n|turn|7\n|inactive|gnvazzana has 30 seconds left.\n|inactive|RadialVGC has 30 seconds left.\n|inactive|gnvazzana has 20 seconds left.\n|\n|t:|1699837590\n|switch|p2a: Iron Hands|Iron Hands, L50|100\/100\n|move|p2b: Enamorus|Moonblast|p1b: Rillaboom\n|-damage|p1b: Rillaboom|15\/100 brn\n|-unboost|p1b: Rillaboom|spa|1\n|move|p1b: Rillaboom|Wood Hammer|p2b: Enamorus\n|-resisted|p2b: Enamorus\n|-damage|p2b: Enamorus|60\/100\n|-damage|p1b: Rillaboom|9\/100 brn|[from] Recoil\n|move|p1a: Flutter Mane|Dazzling Gleam|p2b: Enamorus|[spread] p2a,p2b\n|-supereffective|p2a: Iron Hands\n|-damage|p2a: Iron Hands|57\/100\n|-damage|p2b: Enamorus|17\/100\n|-damage|p1a: Flutter Mane|87\/100|[from] item: Life Orb\n|\n|-heal|p2b: Enamorus|23\/100|[from] item: Leftovers\n|-heal|p2a: Iron Hands|63\/100|[from] Grassy Terrain\n|-heal|p1b: Rillaboom|15\/100 brn|[from] Grassy Terrain\n|-heal|p1b: Rillaboom|20\/100 brn|[from] item: Leftovers\n|-heal|p1a: Flutter Mane|93\/100|[from] Grassy Terrain\n|-damage|p1b: Rillaboom|15\/100 brn|[from] brn\n|upkeep\n|turn|8\n|inactive|gnvazzana has 30 seconds left.\n|inactive|RadialVGC has 30 seconds left.\n|\n|t:|1699837622\n|move|p2b: Enamorus|Moonblast|p1b: Rillaboom\n|-damage|p1b: Rillaboom|0 fnt\n|faint|p1b: Rillaboom\n|move|p2a: Iron Hands|Heavy Slam|p1a: Flutter Mane\n|-supereffective|p1a: Flutter Mane\n|-damage|p1a: Flutter Mane|0 fnt\n|faint|p1a: Flutter Mane\n|-end|p1a: Flutter Mane|Protosynthesis|[silent]\n|\n|win|RadialVGC\n|raw|gnvazzana's rating: 1089 &rarr; <strong>1066<\/strong><br \/>(-23 for losing)\n|raw|RadialVGC's rating: 1088 &rarr; <strong>1115<\/strong><br \/>(+27 for winning)\n","uploadtime":1699837634,"views":25,"p1id":"gnvazzana","p2id":"radialvgc","formatid":"gen9vgc2023regulatione","rating":1066,"private":0,"password":""}