{"id":"gen9vgc2023regulatione-1991782274","p1":"AsanKaBa","p2":"stallgod6000","format":"[Gen 9] VGC 2023 Regulation E","log":"|j|\u2606AsanKaBa\n|j|\u2606stallgod6000\n|t:|1700116336\n|gametype|doubles\n|player|p1|AsanKaBa|169|1198\n|player|p2|stallgod6000|wallace|1136\n|teamsize|p1|6\n|teamsize|p2|6\n|gen|9\n|tier|[Gen 9] VGC 2023 Regulation E\n|rated|\n|rule|Species Clause: Limit one of each Pok\u00e9mon\n|rule|Item Clause: Limit one of each item\n|clearpoke\n|poke|p1|Kommo-o, L50, F|\n|poke|p1|Tyranitar, L50, M|\n|poke|p1|Rillaboom, L50, F|\n|poke|p1|Flutter Mane, L50|\n|poke|p1|Arcanine-Hisui, L50, F|\n|poke|p1|Iron Bundle, L50|\n|poke|p2|Sableye, L50, M|\n|poke|p2|Urshifu-*, L50, M|\n|poke|p2|Flutter Mane, L50|\n|poke|p2|Ogerpon-Hearthflame, L50, F|\n|poke|p2|Landorus-Therian, L50, M|\n|poke|p2|Okidogi, L50, M|\n|teampreview|4\n|inactive|Battle timer is ON: inactive players will automatically lose when time's up. (requested by AsanKaBa)\nstallgod6000 rejected open team sheets.\n|inactive|AsanKaBa has 60 seconds left.\n|inactive|AsanKaBa has 30 seconds left.\n|inactive|AsanKaBa has 20 seconds left.\n|inactive|AsanKaBa has 15 seconds left.\n|\n|t:|1700116413\n|start\n|switch|p1a: Arcanine|Arcanine-Hisui, L50, F|100\/100\n|switch|p1b: Iron Bundle|Iron Bundle, L50|100\/100\n|switch|p2a: Flutter Mane|Flutter Mane, L50|100\/100\n|switch|p2b: Sableye|Sableye, L50, M|100\/100\n|-ability|p1a: Arcanine|Intimidate|boost\n|-unboost|p2a: Flutter Mane|atk|1\n|-unboost|p2b: Sableye|atk|1\n|-enditem|p1b: Iron Bundle|Booster Energy\n|-activate|p1b: Iron Bundle|ability: Quark Drive|[fromitem]\n|-start|p1b: Iron Bundle|quarkdrivespe\n|turn|1\n|inactive|AsanKaBa has 30 seconds left.\n|inactive|stallgod6000 has 30 seconds left.\n|inactive|stallgod6000 has 20 seconds left.\n|inactive|stallgod6000 has 15 seconds left.\n|inactive|stallgod6000 has 10 seconds left.\n|\n|t:|1700116458\n|-end|p2a: Flutter Mane|Protosynthesis|[silent]\n|switch|p2a: Urshifu|Urshifu-Rapid-Strike, L50, M|100\/100\n|move|p2b: Sableye|Light Screen|p2b: Sableye\n|-sidestart|p2: stallgod6000|move: Light Screen\n|move|p1b: Iron Bundle|Hydro Pump|p2a: Urshifu\n|-resisted|p2a: Urshifu\n|-damage|p2a: Urshifu|71\/100\n|move|p1a: Arcanine|Rock Slide|p2a: Urshifu|[spread] \n|-miss|p1a: Arcanine|p2a: Urshifu\n|-miss|p1a: Arcanine|p2b: Sableye\n|\n|upkeep\n|turn|2\n|inactive|AsanKaBa has 30 seconds left.\n|inactive|stallgod6000 has 30 seconds left.\n|\n|t:|1700116486\n|move|p1b: Iron Bundle|Protect|p1b: Iron Bundle\n|-singleturn|p1b: Iron Bundle|Protect\n|move|p2b: Sableye|Encore|p1b: Iron Bundle\n|-activate|p1b: Iron Bundle|move: Protect\n|move|p2a: Urshifu|Close Combat|p1a: Arcanine\n|-supereffective|p1a: Arcanine\n|-damage|p1a: Arcanine|0 fnt\n|-unboost|p2a: Urshifu|def|1\n|-unboost|p2a: Urshifu|spd|1\n|faint|p1a: Arcanine\n|\n|upkeep\n|\n|t:|1700116494\n|switch|p1a: Kommo-o|Kommo-o, L50, F|100\/100\n|turn|3\n|\n|t:|1700116506\n|move|p2b: Sableye|Encore|p1b: Iron Bundle\n|-start|p1b: Iron Bundle|Encore\n|move|p1b: Iron Bundle|Protect||[still]\n|-fail|p1b: Iron Bundle\n|move|p2a: Urshifu|Close Combat|p1a: Kommo-o\n|-damage|p1a: Kommo-o|61\/100\n|-unboost|p2a: Urshifu|def|1\n|-unboost|p2a: Urshifu|spd|1\n|move|p1a: Kommo-o|Iron Defense|p1a: Kommo-o\n|-boost|p1a: Kommo-o|def|2\n|\n|-heal|p1a: Kommo-o|67\/100|[from] item: Leftovers\n|upkeep\n|turn|4\n|inactive|stallgod6000 has 30 seconds left.\n|inactive|AsanKaBa has 30 seconds left.\n|inactive|stallgod6000 has 20 seconds left.\n|\n|t:|1700116545\n|switch|p2a: Flutter Mane|Flutter Mane, L50|100\/100\n|move|p1b: Iron Bundle|Protect|p1b: Iron Bundle\n|-singleturn|p1b: Iron Bundle|Protect\n|move|p2b: Sableye|Encore|p1a: Kommo-o\n|-start|p1a: Kommo-o|Encore\n|move|p1a: Kommo-o|Iron Defense|p1a: Kommo-o\n|-boost|p1a: Kommo-o|def|2\n|\n|-heal|p1a: Kommo-o|73\/100|[from] item: Leftovers\n|upkeep\n|turn|5\n|inactive|AsanKaBa has 30 seconds left.\n|\n|t:|1700116575\n|switch|p1a: Flutter Mane|Flutter Mane, L50|100\/100\n|move|p1b: Iron Bundle|Protect||[still]\n|-fail|p1b: Iron Bundle\n|move|p2b: Sableye|Reflect|p2b: Sableye\n|-sidestart|p2: stallgod6000|Reflect\n|move|p2a: Flutter Mane|Dazzling Gleam|p1b: Iron Bundle|[spread] p1a,p1b\n|-damage|p1a: Flutter Mane|55\/100\n|-damage|p1b: Iron Bundle|8\/100\n|\n|-end|p1b: Iron Bundle|Encore\n|upkeep\n|turn|6\n|inactive|AsanKaBa has 30 seconds left.\n|\n|t:|1700116607\n|-end|p2a: Flutter Mane|Protosynthesis|[silent]\n|switch|p2a: Ogerpon|Ogerpon-Hearthflame, L50, F|100\/100\n|-ability|p2a: Ogerpon|Mold Breaker\n|move|p1b: Iron Bundle|Protect|p1b: Iron Bundle\n|-singleturn|p1b: Iron Bundle|Protect\n|move|p2b: Sableye|Encore|p1b: Iron Bundle\n|-activate|p1b: Iron Bundle|move: Protect\n|move|p1a: Flutter Mane|Dazzling Gleam|p2a: Ogerpon|[spread] p2a,p2b\n|-resisted|p2a: Ogerpon\n|-supereffective|p2b: Sableye\n|-damage|p2a: Ogerpon|82\/100\n|-damage|p2b: Sableye|0 fnt\n|faint|p2b: Sableye\n|\n|upkeep\n|\n|t:|1700116620\n|switch|p2b: Flutter Mane|Flutter Mane, L50|100\/100\n|turn|7\n|inactive|stallgod6000 has 30 seconds left.\n|\n|t:|1700116651\n|move|p1b: Iron Bundle|Icy Wind|p2b: Flutter Mane|[spread] p2a,p2b\n|-damage|p2a: Ogerpon|65\/100\n|-damage|p2b: Flutter Mane|84\/100\n|-unboost|p2a: Ogerpon|spe|1\n|-unboost|p2b: Flutter Mane|spe|1\n|move|p1a: Flutter Mane|Dazzling Gleam|p2b: Flutter Mane|[spread] p2a,p2b\n|-resisted|p2a: Ogerpon\n|-damage|p2a: Ogerpon|48\/100\n|-damage|p2b: Flutter Mane|54\/100\n|move|p2b: Flutter Mane|Shadow Ball|p1a: Flutter Mane\n|-supereffective|p1a: Flutter Mane\n|-damage|p1a: Flutter Mane|0 fnt\n|faint|p1a: Flutter Mane\n|-end|p1a: Flutter Mane|Protosynthesis|[silent]\n|move|p2a: Ogerpon|Ivy Cudgel|p1b: Iron Bundle|[anim] Ivy Cudgel Fire\n|-damage|p1b: Iron Bundle|0 fnt\n|faint|p1b: Iron Bundle\n|-end|p1b: Iron Bundle|Quark Drive|[silent]\n|\n|upkeep\n|\n|t:|1700116668\n|switch|p1b: Kommo-o|Kommo-o, L50, F|73\/100\n|turn|8\n|\n|t:|1700116687\n|-end|p2b: Flutter Mane|Protosynthesis|[silent]\n|switch|p2b: Urshifu|Urshifu-Rapid-Strike, L50, M|71\/100\n|-terastallize|p1b: Kommo-o|Steel\n|move|p2a: Ogerpon|Follow Me|p2a: Ogerpon\n|-singleturn|p2a: Ogerpon|move: Follow Me\n|move|p1b: Kommo-o|Body Press|p2a: Ogerpon\n|-damage|p2a: Ogerpon|13\/100\n|\n|-heal|p1b: Kommo-o|79\/100|[from] item: Leftovers\n|-sideend|p2: stallgod6000|move: Light Screen\n|upkeep\n|turn|9\n|\n|t:|1700116705\n|move|p1b: Kommo-o|Protect|p1b: Kommo-o\n|-singleturn|p1b: Kommo-o|Protect\n|move|p2a: Ogerpon|Follow Me|p2a: Ogerpon\n|-singleturn|p2a: Ogerpon|move: Follow Me\n|move|p2b: Urshifu|Close Combat|p1b: Kommo-o\n|-supereffective|p1b: Kommo-o\n|-damage|p1b: Kommo-o|0 fnt\n|-unboost|p2b: Urshifu|def|1\n|-unboost|p2b: Urshifu|spd|1\n|faint|p1b: Kommo-o\n|\n|win|stallgod6000\n|raw|AsanKaBa's rating: 1198 &rarr; <strong>1169<\/strong><br \/>(-29 for losing)\n|raw|stallgod6000's rating: 1136 &rarr; <strong>1165<\/strong><br \/>(+29 for winning)\n|c|\u2606AsanKaBa|gg\n|c|\u2606stallgod6000|ggs\n","uploadtime":1700116722,"views":16,"p1id":"asankaba","p2id":"stallgod6000","formatid":"gen9vgc2023regulatione","rating":1165,"private":0,"password":""}