{"id":"gen9vgc2023regulatione-1999830137","p1":"Z-pokemaster2000","p2":"lu__thewriter","format":"[Gen 9] VGC 2023 Regulation E","log":"|j|\u2606Z-pokemaster2000\n|j|\u2606lu__thewriter\n|t:|1701120686\n|gametype|doubles\n|player|p1|Z-pokemaster2000|veteran|1397\n|player|p2|lu__thewriter|102|1303\n|teamsize|p1|6\n|teamsize|p2|6\n|gen|9\n|tier|[Gen 9] VGC 2023 Regulation E\n|rated|\n|rule|Species Clause: Limit one of each Pok\u00e9mon\n|rule|Item Clause: Limit one of each item\n|clearpoke\n|poke|p1|Rillaboom, L50, F|\n|poke|p1|Okidogi, L50, M|\n|poke|p1|Sinistcha-Masterpiece, L50|\n|poke|p1|Wyrdeer, L50, M|\n|poke|p1|Milotic, L50, F|\n|poke|p1|Ting-Lu, L50|\n|poke|p2|Urshifu-*, L50, M|\n|poke|p2|Tornadus, L50, M|\n|poke|p2|Chien-Pao, L50|\n|poke|p2|Flutter Mane, L50|\n|poke|p2|Amoonguss, L50, M|\n|poke|p2|Dragonite, L50, M|\n|teampreview|4\n|inactive|Battle timer is ON: inactive players will automatically lose when time's up. (requested by Z-pokemaster2000)\n|\n|t:|1701120710\n|start\n|switch|p1a: Agent Stag|Wyrdeer, L50, M|100\/100\n|switch|p1b: Agent Monke|Rillaboom, L50, F|100\/100\n|switch|p2a: Chien-Pao|Chien-Pao, L50|100\/100\n|switch|p2b: Dragonite|Dragonite, L50, M|100\/100\n|-ability|p2a: Chien-Pao|Sword of Ruin\n|-fieldstart|move: Grassy Terrain|[from] ability: Grassy Surge|[of] p1b: Agent Monke\n|-ability|p1a: Agent Stag|Intimidate|boost\n|-unboost|p2a: Chien-Pao|atk|1\n|-fail|p2b: Dragonite|unboost|Attack|[from] ability: Inner Focus|[of] p2b: Dragonite\n|turn|1\n|\n|t:|1701120733\n|-terastallize|p2b: Dragonite|Normal\n|move|p2a: Chien-Pao|Protect|p2a: Chien-Pao\n|-singleturn|p2a: Chien-Pao|Protect\n|move|p1b: Agent Monke|Fake Out|p2a: Chien-Pao\n|-activate|p2a: Chien-Pao|move: Protect\n|move|p2b: Dragonite|Extreme Speed|p1a: Agent Stag\n|-damage|p1a: Agent Stag|2\/100\n|move|p1a: Agent Stag|Trick Room|p1a: Agent Stag\n|-fieldstart|move: Trick Room|[of] p1a: Agent Stag\n|\n|-heal|p1a: Agent Stag|8\/100|[from] Grassy Terrain\n|upkeep\n|turn|2\n|inactive|Z-pokemaster2000 has 30 seconds left.\n|inactive|lu__thewriter has 30 seconds left.\n|\n|t:|1701120762\n|switch|p1b: Agent Dogi|Okidogi, L50, M|100\/100\n|move|p1a: Agent Stag|Protect|p1a: Agent Stag\n|-singleturn|p1a: Agent Stag|Protect\n|move|p2b: Dragonite|Extreme Speed|p1a: Agent Stag\n|-activate|p1a: Agent Stag|move: Protect\n|move|p2a: Chien-Pao|Ice Spinner|p1b: Agent Dogi\n|-damage|p1b: Agent Dogi|71\/100\n|-fieldend|move: Grassy Terrain\n|\n|-heal|p1b: Agent Dogi|77\/100|[from] item: Leftovers\n|upkeep\n|turn|3\n|\n|t:|1701120782\n|switch|p1a: Agent Matcha|Sinistcha-Masterpiece, L50, shiny|100\/100\n|-heal|p1b: Agent Dogi|100\/100|[from] ability: Hospitality|[of] p1a: Agent Matcha\n|move|p2b: Dragonite|Extreme Speed|p1b: Agent Dogi\n|-damage|p1b: Agent Dogi|30\/100\n|move|p2a: Chien-Pao|Sucker Punch||[still]\n|-fail|p2a: Chien-Pao\n|move|p1b: Agent Dogi|Bulk Up|p1b: Agent Dogi\n|-boost|p1b: Agent Dogi|atk|1\n|-boost|p1b: Agent Dogi|def|1\n|\n|-heal|p1b: Agent Dogi|36\/100|[from] item: Leftovers\n|upkeep\n|turn|4\n|\n|t:|1701120799\n|move|p1b: Agent Dogi|Protect|p1b: Agent Dogi\n|-singleturn|p1b: Agent Dogi|Protect\n|move|p2b: Dragonite|Extreme Speed|p1b: Agent Dogi\n|-activate|p1b: Agent Dogi|move: Protect\n|move|p1a: Agent Matcha|Matcha Gotcha|p2b: Dragonite|[spread] p2a,p2b\n|-damage|p2a: Chien-Pao|54\/100\n|-damage|p2b: Dragonite|72\/100\n|move|p2a: Chien-Pao|Ice Spinner|p1a: Agent Matcha\n|-supereffective|p1a: Agent Matcha\n|-damage|p1a: Agent Matcha|21\/100\n|-damage|p2a: Chien-Pao|38\/100|[from] item: Rocky Helmet|[of] p1a: Agent Matcha\n|\n|-heal|p1b: Agent Dogi|43\/100|[from] item: Leftovers\n|upkeep\n|turn|5\n|inactive|Z-pokemaster2000 has 30 seconds left.\n|\n|t:|1701120829\n|switch|p1b: Agent Monke|Rillaboom, L50, F|100\/100\n|-fieldstart|move: Grassy Terrain|[from] ability: Grassy Surge|[of] p1b: Agent Monke\n|move|p2b: Dragonite|Extreme Speed|p1b: Agent Monke\n|-damage|p1b: Agent Monke|2\/100\n|move|p2a: Chien-Pao|Sucker Punch||[still]\n|-fail|p2a: Chien-Pao\n|move|p1a: Agent Matcha|Strength Sap|p2b: Dragonite\n|-unboost|p2b: Dragonite|atk|1\n|-heal|p1a: Agent Matcha|100\/100\n|\n|-heal|p1b: Agent Monke|8\/100|[from] Grassy Terrain\n|-heal|p2b: Dragonite|78\/100|[from] Grassy Terrain\n|-heal|p2a: Chien-Pao|44\/100|[from] Grassy Terrain\n|-fieldend|move: Trick Room\n|upkeep\n|turn|6\n|inactive|lu__thewriter has 30 seconds left.\n|\n|t:|1701120854\n|move|p2b: Dragonite|Extreme Speed|p1b: Agent Monke\n|-damage|p1b: Agent Monke|0 fnt\n|faint|p1b: Agent Monke\n|move|p2a: Chien-Pao|Ice Spinner|p1a: Agent Matcha\n|-supereffective|p1a: Agent Matcha\n|-damage|p1a: Agent Matcha|29\/100\n|-damage|p2a: Chien-Pao|28\/100|[from] item: Rocky Helmet|[of] p1a: Agent Matcha\n|-fieldend|move: Grassy Terrain\n|move|p1a: Agent Matcha|Matcha Gotcha|p2a: Chien-Pao|[spread] p2a,p2b\n|-damage|p2a: Chien-Pao|0 fnt\n|-heal|p1a: Agent Matcha|41\/100|[from] drain|[of] p2a: Chien-Pao\n|-damage|p2b: Dragonite|50\/100\n|-heal|p1a: Agent Matcha|56\/100|[from] drain|[of] p2b: Dragonite\n|-status|p2b: Dragonite|brn\n|faint|p2a: Chien-Pao\n|\n|-damage|p2b: Dragonite|44\/100 brn|[from] brn\n|upkeep\n|\n|t:|1701120878\n|switch|p2a: Tornadus|Tornadus, L50, M|100\/100\n|switch|p1b: Agent Dogi|Okidogi, L50, M|43\/100\n|turn|7\n|inactive|lu__thewriter has 30 seconds left.\n|\n|t:|1701120908\n|switch|p1a: Agent Stag|Wyrdeer, L50, M|8\/100\n|-ability|p1a: Agent Stag|Intimidate|boost\n|-unboost|p2a: Tornadus|atk|1\n|-fail|p2b: Dragonite|unboost|Attack|[from] ability: Inner Focus|[of] p2b: Dragonite\n|move|p1b: Agent Dogi|Protect|p1b: Agent Dogi\n|-singleturn|p1b: Agent Dogi|Protect\n|move|p2b: Dragonite|Extreme Speed|p1b: Agent Dogi\n|-activate|p1b: Agent Dogi|move: Protect\n|move|p2a: Tornadus|Bleakwind Storm|p1b: Agent Dogi|[spread] p1a\n|-activate|p1b: Agent Dogi|move: Protect\n|-damage|p1a: Agent Stag|0 fnt\n|faint|p1a: Agent Stag\n|\n|-heal|p1b: Agent Dogi|49\/100|[from] item: Leftovers\n|-damage|p2b: Dragonite|38\/100 brn|[from] brn\n|upkeep\n|\n|t:|1701120923\n|switch|p1a: Agent Matcha|Sinistcha-Masterpiece, L50, shiny|56\/100\n|-heal|p1b: Agent Dogi|74\/100|[from] ability: Hospitality|[of] p1a: Agent Matcha\n|turn|8\n|\n|t:|1701120931\n|-terastallize|p1b: Agent Dogi|Fairy\n|move|p1a: Agent Matcha|Protect|p1a: Agent Matcha\n|-singleturn|p1a: Agent Matcha|Protect\n|move|p2b: Dragonite|Extreme Speed|p1b: Agent Dogi\n|-damage|p1b: Agent Dogi|57\/100\n|move|p2a: Tornadus|Bleakwind Storm|p1a: Agent Matcha|[spread] p1b\n|-activate|p1a: Agent Matcha|move: Protect\n|-damage|p1b: Agent Dogi|30\/100\n|move|p1b: Agent Dogi|Drain Punch|p2b: Dragonite\n|-supereffective|p2b: Dragonite\n|-damage|p2b: Dragonite|0 fnt\n|-heal|p1b: Agent Dogi|47\/100|[from] drain|[of] p2b: Dragonite\n|faint|p2b: Dragonite\n|\n|-heal|p1b: Agent Dogi|54\/100|[from] item: Leftovers\n|upkeep\n|\n|t:|1701120934\n|switch|p2b: Urshifu|Urshifu-Rapid-Strike, L50, M|100\/100\n|turn|9\n|\n|t:|1701120957\n|move|p1a: Agent Matcha|Rage Powder|p1a: Agent Matcha\n|-singleturn|p1a: Agent Matcha|move: Rage Powder\n|move|p2b: Urshifu|Surging Strikes|p1a: Agent Matcha\n|-resisted|p1a: Agent Matcha\n|-crit|p1a: Agent Matcha\n|-damage|p1a: Agent Matcha|45\/100\n|-damage|p2b: Urshifu|84\/100|[from] item: Rocky Helmet|[of] p1a: Agent Matcha\n|-resisted|p1a: Agent Matcha\n|-crit|p1a: Agent Matcha\n|-damage|p1a: Agent Matcha|35\/100\n|-damage|p2b: Urshifu|68\/100|[from] item: Rocky Helmet|[of] p1a: Agent Matcha\n|-resisted|p1a: Agent Matcha\n|-crit|p1a: Agent Matcha\n|-damage|p1a: Agent Matcha|25\/100\n|-damage|p2b: Urshifu|52\/100|[from] item: Rocky Helmet|[of] p1a: Agent Matcha\n|-hitcount|p1a: Agent Matcha|3\n|move|p2a: Tornadus|Bleakwind Storm|p1a: Agent Matcha|[spread] p1a,p1b\n|-supereffective|p1a: Agent Matcha\n|-damage|p1a: Agent Matcha|0 fnt\n|-damage|p1b: Agent Dogi|27\/100\n|-unboost|p1b: Agent Dogi|spe|1\n|faint|p1a: Agent Matcha\n|move|p1b: Agent Dogi|Drain Punch|p2b: Urshifu\n|-damage|p2b: Urshifu|18\/100\n|-heal|p1b: Agent Dogi|43\/100|[from] drain|[of] p2b: Urshifu\n|\n|-heal|p1b: Agent Dogi|49\/100|[from] item: Leftovers\n|upkeep\n|turn|10\n|inactive|lu__thewriter has 30 seconds left.\n|\n|t:|1701120985\n|move|p2a: Tornadus|Rain Dance|p2a: Tornadus\n|-weather|RainDance\n|move|p2b: Urshifu|Surging Strikes|p1b: Agent Dogi\n|-crit|p1b: Agent Dogi\n|-damage|p1b: Agent Dogi|22\/100\n|-crit|p1b: Agent Dogi\n|-damage|p1b: Agent Dogi|0 fnt\n|faint|p1b: Agent Dogi\n|-hitcount|p1: Agent Dogi|2\n|\n|win|lu__thewriter\n|raw|Z-pokemaster2000's rating: 1397 &rarr; <strong>1372<\/strong><br \/>(-25 for losing)\n|raw|lu__thewriter's rating: 1303 &rarr; <strong>1328<\/strong><br \/>(+25 for winning)\n|l|\u2606Z-pokemaster2000\n","uploadtime":1701120996,"views":6,"p1id":"zpokemaster2000","p2id":"luthewriter","formatid":"gen9vgc2023regulatione","rating":1328,"private":0,"password":""}