{"id":"gen9vgc2023regulatione-1994296035","p1":"Sour Cigar","p2":"Artmantalo","format":"[Gen 9] VGC 2023 Regulation E","log":"|j|\u2606Sour Cigar\n|j|\u2606Artmantalo\n|t:|1700428188\n|gametype|doubles\n|player|p1|Sour Cigar|cynthia|1387\n|player|p2|Artmantalo|hugh|1394\n|teamsize|p1|6\n|teamsize|p2|6\n|gen|9\n|tier|[Gen 9] VGC 2023 Regulation E\n|rated|\n|rule|Species Clause: Limit one of each Pok\u00e9mon\n|rule|Item Clause: Limit one of each item\n|clearpoke\n|poke|p1|Urshifu-*, L50, F|\n|poke|p1|Gholdengo, L50|\n|poke|p1|Roaring Moon, L50|\n|poke|p1|Amoonguss, L50, F|\n|poke|p1|Iron Hands, L50|\n|poke|p1|Arcanine-Hisui, L50, M|\n|poke|p2|Chi-Yu, L50|\n|poke|p2|Iron Hands, L50|\n|poke|p2|Landorus-Therian, L50, M|\n|poke|p2|Dusclops, L50, F|\n|poke|p2|Ogerpon-Wellspring, L50, F|\n|poke|p2|Ursaluna-Bloodmoon, L50, M|\n|teampreview|4\n|inactive|Battle timer is ON: inactive players will automatically lose when time's up. (requested by Artmantalo)\n|inactive|Sour Cigar also wants the timer to be on.\nSour Cigar has agreed to open team sheets.\nArtmantalo has agreed to open team sheets.\n|inactive|Sour Cigar has 30 seconds left.\n|inactive|Artmantalo has 30 seconds left.\n|inactive|Sour Cigar has 20 seconds left.\n|inactive|Artmantalo has 20 seconds left.\n|inactive|Sour Cigar has 15 seconds left.\n|inactive|Artmantalo has 15 seconds left.\n|inactive|Sour Cigar has 10 seconds left.\n|inactive|Artmantalo has 10 seconds left.\n|inactive|Sour Cigar has 5 seconds left.\n|inactive|Artmantalo has 5 seconds left.\n|\n|t:|1700428244\n|start\n|switch|p1a: Gholdengo|Gholdengo, L50|100\/100\n|switch|p1b: Brian Hands|Iron Hands, L50, shiny|100\/100\n|switch|p2a: Dusclops|Dusclops, L50, F|100\/100\n|switch|p2b: Iron Hands|Iron Hands, L50|100\/100\n|-item|p1a: Gholdengo|Life Orb|[from] ability: Frisk|[of] p2a: Dusclops|[identify]\n|-item|p1b: Brian Hands|Assault Vest|[from] ability: Frisk|[of] p2a: Dusclops|[identify]\n|turn|1\n|c|\u2606Artmantalo|this is hari team no ?\n|inactive|Sour Cigar has 30 seconds left.\n|inactive|Artmantalo has 30 seconds left.\n|inactive|Artmantalo has 20 seconds left.\n|inactive|Artmantalo has 15 seconds left.\n|inactive|Artmantalo has 10 seconds left.\n|inactive|Artmantalo has 5 seconds left.\n|\n|t:|1700428295\n|-end|p1b: Brian Hands|Quark Drive|[silent]\n|switch|p1b: Amoonguss|Amoonguss, L50, F, shiny|100\/100\n|move|p1a: Gholdengo|Nasty Plot|p1a: Gholdengo\n|-boost|p1a: Gholdengo|spa|2\n|move|p2b: Iron Hands|Wild Charge|p1a: Gholdengo\n|-damage|p1a: Gholdengo|61\/100\n|-damage|p2b: Iron Hands|93\/100|[from] Recoil\n|move|p2a: Dusclops|Trick Room|p2a: Dusclops\n|-fieldstart|move: Trick Room|[of] p2a: Dusclops\n|\n|upkeep\n|turn|2\n|\n|t:|1700428320\n|switch|p2a: Ursaluna|Ursaluna-Bloodmoon, L50, M|100\/100\n|-end|p2b: Iron Hands|Quark Drive|[silent]\n|switch|p2b: Ogerpon|Ogerpon-Wellspring, L50, F|100\/100\n|move|p1b: Amoonguss|Spore|p2b: Ogerpon\n|-immune|p2b: Ogerpon\n|move|p1a: Gholdengo|Shadow Ball|p2a: Ursaluna\n|-immune|p2a: Ursaluna\n|\n|upkeep\n|turn|3\n|\n|t:|1700428345\n|-terastallize|p2a: Ursaluna|Normal\n|move|p1b: Amoonguss|Protect|p1b: Amoonguss\n|-singleturn|p1b: Amoonguss|Protect\n|move|p1a: Gholdengo|Protect|p1a: Gholdengo\n|-singleturn|p1a: Gholdengo|Protect\n|move|p2b: Ogerpon|Follow Me|p2b: Ogerpon\n|-singleturn|p2b: Ogerpon|move: Follow Me\n|move|p2a: Ursaluna|Hyper Voice|p1b: Amoonguss|[spread] \n|-activate|p1a: Gholdengo|move: Protect\n|-activate|p1b: Amoonguss|move: Protect\n|\n|upkeep\n|turn|4\n|inactive|Artmantalo has 30 seconds left.\n|inactive|Artmantalo has 20 seconds left.\n|inactive|Artmantalo has 15 seconds left.\n|inactive|Artmantalo has 10 seconds left.\n|\n|t:|1700428393\n|move|p1b: Amoonguss|Pollen Puff|p1a: Gholdengo\n|-heal|p1a: Gholdengo|100\/100\n|move|p2a: Ursaluna|Hyper Voice|p1a: Gholdengo|[spread] p1a,p1b\n|-resisted|p1a: Gholdengo\n|-damage|p1a: Gholdengo|68\/100\n|-damage|p1b: Amoonguss|43\/100\n|-enditem|p1b: Amoonguss|Sitrus Berry|[eat]\n|-heal|p1b: Amoonguss|68\/100|[from] item: Sitrus Berry\n|move|p1a: Gholdengo|Make It Rain|p2b: Ogerpon|[spread] p2a,p2b\n|-resisted|p2b: Ogerpon\n|-damage|p2a: Ursaluna|0 fnt\n|-damage|p2b: Ogerpon|49\/100\n|-unboost|p1a: Gholdengo|spa|1\n|faint|p2a: Ursaluna\n|-damage|p1a: Gholdengo|59\/100|[from] item: Life Orb\n|move|p2b: Ogerpon|Ivy Cudgel|p1a: Gholdengo|[anim] Ivy Cudgel Water\n|-damage|p1a: Gholdengo|12\/100\n|\n|upkeep\n|\n|t:|1700428418\n|switch|p2a: Iron Hands|Iron Hands, L50|93\/100\n|turn|5\n|inactive|Artmantalo has 30 seconds left.\n|\n|t:|1700428446\n|-end|p2a: Iron Hands|Quark Drive|[silent]\n|switch|p2a: Dusclops|Dusclops, L50, F|100\/100\n|-item|p1a: Gholdengo|Life Orb|[from] ability: Frisk|[of] p2a: Dusclops|[identify]\n|move|p1b: Amoonguss|Rage Powder|p1b: Amoonguss\n|-singleturn|p1b: Amoonguss|move: Rage Powder\n|move|p1a: Gholdengo|Shadow Ball|p2b: Ogerpon\n|-damage|p2b: Ogerpon|0 fnt\n|faint|p2b: Ogerpon\n|-damage|p1a: Gholdengo|3\/100|[from] item: Life Orb\n|\n|-fieldend|move: Trick Room\n|upkeep\n|c|\u2606Artmantalo|gg\n|-message|Artmantalo forfeited.\n|\n|win|Sour Cigar\n|raw|Sour Cigar's rating: 1387 &rarr; <strong>1407<\/strong><br \/>(+20 for winning)\n|raw|Artmantalo's rating: 1394 &rarr; <strong>1374<\/strong><br \/>(-20 for losing)\n|l|\u2606Artmantalo\n","uploadtime":1700428464,"views":12,"p1id":"sourcigar","p2id":"artmantalo","formatid":"gen9vgc2023regulatione","rating":1374,"private":0,"password":""}