{"id":"gen9vgc2023regulatione-1994048602","p1":"Altotesino Errante","p2":"dericos","format":"[Gen 9] VGC 2023 Regulation E","log":"|j|\u2606Altotesino Errante\n|j|\u2606dericos\n|n|\u2606Altotesino Errante|altotesinoerrante\n|n|\u2606dericos|dericos\n|html|View the match progress at <a href=\"\/game-bestof3-gen9vgc2023regulatione-1994044644\">game-bestof3-gen9vgc2023regulatione-1994044644<\/a>\n|t:|1700399680\n|gametype|doubles\n|player|p1|Altotesino Errante|ghetsis|\n|player|p2|dericos|265|\n|teamsize|p1|6\n|teamsize|p2|6\n|gen|9\n|tier|[Gen 9] VGC 2023 Regulation E\n|rule|Species Clause: Limit one of each Pok\u00e9mon\n|rule|Item Clause: Limit one of each item\n|clearpoke\n|poke|p1|Brambleghast, L50, M|\n|poke|p1|Kingambit, L50, M|\n|poke|p1|Dragonite, L50, F|\n|poke|p1|Tornadus, L50, M|\n|poke|p1|Arcanine-Hisui, L50, F|\n|poke|p1|Urshifu-*, L50, M|\n|poke|p2|Urshifu-*, L50, M|\n|poke|p2|Tornadus, L50, M|\n|poke|p2|Iron Hands, L50|\n|poke|p2|Flutter Mane, L50|\n|poke|p2|Arcanine-Hisui, L50, F|\n|poke|p2|Ogerpon-Wellspring, L50, F|\n|teampreview|4\n|inactive|Battle timer is ON: inactive players will automatically lose when time's up. (requested by Altotesino Errante)\n|inactiveoff|Battle timer is now OFF.\nAltotesino Errante has agreed to open team sheets.\n|j| zephiel97\n|j| sciadowsnich\n|j| wisedyVGC\n|l| wisedyVGC\ndericos has agreed to open team sheets.\n|showteam|p1|Brambleghast||FocusSash|WindRider|PowerWhip,ShadowSneak,StrengthSap,Poltergeist|||M|||50|,,,,,Ghost]Kingambit||BlackGlasses|Defiant|SuckerPunch,KowtowCleave,SwordsDance,Protect|||M|||50|,,,,,Poison]Dragonite||AssaultVest|InnerFocus|ExtremeSpeed,StompingTantrum,AerialAce,IceSpinner|||F|||50|,,,,,Normal]Tornadus||RockyHelmet|Prankster|BleakwindStorm,Tailwind,RainDance,Protect|||M|||50|,,,,,Ghost]Arcanine-Hisui||SitrusBerry|Intimidate|FlareBlitz,RockSlide,Howl,ExtremeSpeed|||F|||50|,,,,,Ghost]Urshifu-Rapid-Strike||MysticWater|UnseenFist|SurgingStrikes,CloseCombat,AquaJet,Detect|||M|||50|,,,,,Water\n|showteam|p2|Urshifu||FocusSash|UnseenFist|WickedBlow,SuckerPunch,CloseCombat,Protect|||M|||50|,,,,,Dark]Tornadus||SitrusBerry|Prankster|BleakwindStorm,Protect,Taunt,Tailwind|||M|||50|,,,,,Poison]Iron Hands||AssaultVest|QuarkDrive|FakeOut,WildCharge,DrainPunch,HeavySlam||||||50|,,,,,Fire]Flutter Mane||BoosterEnergy|Protosynthesis|Moonblast,ShadowBall,DazzlingGleam,Protect||||||50|,,,,,Fairy]Arcanine-Hisui||ChoiceBand|Intimidate|RockSlide,ExtremeSpeed,FlareBlitz,HeadSmash|||F|||50|,,,,,Fairy]Ogerpon-Wellspring||WellspringMask|WaterAbsorb|IvyCudgel,HornLeech,FollowMe,SpikyShield|||F|||50|,,,,,Water\n|j| wisedyVGC\n|l| wisedyVGC\n|j| wisedyVGC\n|l| wisedyVGC\n|j| wisedyVGC\n|\n|t:|1700399779\n|start\n|switch|p1a: Arcanine|Arcanine-Hisui, L50, F|100\/100\n|switch|p1b: Urshifu|Urshifu-Rapid-Strike, L50, M|100\/100\n|switch|p2a: Iron Hands|Iron Hands, L50|100\/100\n|switch|p2b: Flutter Mane|Flutter Mane, L50|100\/100\n|-ability|p1a: Arcanine|Intimidate|boost\n|-unboost|p2a: Iron Hands|atk|1\n|-unboost|p2b: Flutter Mane|atk|1\n|-enditem|p2b: Flutter Mane|Booster Energy\n|-activate|p2b: Flutter Mane|ability: Protosynthesis|[fromitem]\n|-start|p2b: Flutter Mane|protosynthesisspa\n|turn|1\n|j| GryffindorAle\n|l| wisedyVGC\n|j| wisedyVGC\n|l| wisedyVGC\n|j| wisedyVGC\n|\n|t:|1700399859\n|move|p1b: Urshifu|Detect|p1b: Urshifu\n|-singleturn|p1b: Urshifu|Protect\n|move|p2a: Iron Hands|Fake Out|p1a: Arcanine\n|-resisted|p1a: Arcanine\n|-damage|p1a: Arcanine|95\/100\n|move|p2b: Flutter Mane|Moonblast|p1b: Urshifu\n|-activate|p1b: Urshifu|move: Protect\n|cant|p1a: Arcanine|flinch\n|\n|upkeep\n|turn|2\n|l| wisedyVGC\n|j| wisedyVGC\n|\n|t:|1700399885\n|-end|p2a: Iron Hands|Quark Drive|[silent]\n|switch|p2a: Ogerpon|Ogerpon-Wellspring, L50, F|100\/100\n|-terastallize|p1b: Urshifu|Water\n|move|p2b: Flutter Mane|Dazzling Gleam|p1a: Arcanine|[spread] p1a,p1b\n|-resisted|p1a: Arcanine\n|-damage|p1a: Arcanine|72\/100\n|-damage|p1b: Urshifu|45\/100\n|move|p1a: Arcanine|Howl|p1a: Arcanine|[spread] p1a,p1b\n|-boost|p1a: Arcanine|atk|1\n|-boost|p1b: Urshifu|atk|1\n|move|p1b: Urshifu|Surging Strikes|p2a: Ogerpon\n|-immune|p2a: Ogerpon|[from] ability: Water Absorb\n|\n|upkeep\n|turn|3\n|l| wisedyVGC\n|j| wisedyVGC\n|l| wisedyVGC\n|j| wisedyVGC\n|l| wisedyVGC\n|j| wisedyVGC\n|\n|t:|1700399961\n|move|p1b: Urshifu|Detect|p1b: Urshifu\n|-singleturn|p1b: Urshifu|Protect\n|move|p2a: Ogerpon|Spiky Shield|p2a: Ogerpon\n|-singleturn|p2a: Ogerpon|move: Protect\n|move|p2b: Flutter Mane|Dazzling Gleam|p1b: Urshifu|[spread] p1a\n|-activate|p1b: Urshifu|move: Protect\n|-resisted|p1a: Arcanine\n|-damage|p1a: Arcanine|48\/100\n|-enditem|p1a: Arcanine|Sitrus Berry|[eat]\n|-heal|p1a: Arcanine|73\/100|[from] item: Sitrus Berry\n|move|p1a: Arcanine|Rock Slide|p2b: Flutter Mane|[spread] \n|-activate|p2a: Ogerpon|move: Protect\n|-miss|p1a: Arcanine|p2b: Flutter Mane\n|\n|upkeep\n|turn|4\n|l| wisedyVGC\n|j| wisedyVGC\n|\n|t:|1700399985\n|move|p2a: Ogerpon|Follow Me|p2a: Ogerpon\n|-singleturn|p2a: Ogerpon|move: Follow Me\n|move|p1b: Urshifu|Aqua Jet|p2a: Ogerpon\n|-immune|p2a: Ogerpon|[from] ability: Water Absorb\n|move|p2b: Flutter Mane|Dazzling Gleam|p1a: Arcanine|[spread] p1a,p1b\n|-resisted|p1a: Arcanine\n|-damage|p1a: Arcanine|51\/100\n|-damage|p1b: Urshifu|0 fnt\n|faint|p1b: Urshifu\n|move|p1a: Arcanine|Flare Blitz|p2a: Ogerpon\n|-damage|p2a: Ogerpon|25\/100\n|-damage|p1a: Arcanine|27\/100|[from] Recoil\n|\n|upkeep\n|\n|t:|1700399997\n|switch|p1b: Tornadus|Tornadus, L50, M|100\/100\n|turn|5\n|l| wisedyVGC\n|\n|t:|1700400027\n|move|p2b: Flutter Mane|Protect|p2b: Flutter Mane\n|-singleturn|p2b: Flutter Mane|Protect\n|move|p1b: Tornadus|Tailwind|p1b: Tornadus\n|-sidestart|p1: Altotesino Errante|move: Tailwind\n|move|p1a: Arcanine|Rock Slide|p2b: Flutter Mane|[spread] p2a\n|-activate|p2b: Flutter Mane|move: Protect\n|-damage|p2a: Ogerpon|0 fnt\n|faint|p2a: Ogerpon\n|\n|upkeep\n|j| wisedyVGC\n|\n|t:|1700400036\n|switch|p2a: Iron Hands|Iron Hands, L50|100\/100\n|turn|6\n|\n|t:|1700400046\n|move|p2a: Iron Hands|Fake Out|p1a: Arcanine\n|-resisted|p1a: Arcanine\n|-damage|p1a: Arcanine|19\/100\n|move|p1b: Tornadus|Rain Dance|p1b: Tornadus\n|-weather|RainDance\n|cant|p1a: Arcanine|flinch\n|move|p2b: Flutter Mane|Dazzling Gleam|p1a: Arcanine|[spread] p1a,p1b\n|-resisted|p1a: Arcanine\n|-damage|p1a: Arcanine|0 fnt\n|-damage|p1b: Tornadus|57\/100\n|faint|p1a: Arcanine\n|\n|-weather|RainDance|[upkeep]\n|upkeep\n|l|sciadowsnich\n|\n|t:|1700400053\n|switch|p1a: Dragonite|Dragonite, L50, F|100\/100\n|turn|7\n|l| wisedyVGC\n|\n|t:|1700400076\n|move|p1b: Tornadus|Bleakwind Storm|p2b: Flutter Mane|[spread] p2a,p2b\n|-damage|p2a: Iron Hands|85\/100\n|-damage|p2b: Flutter Mane|69\/100\n|move|p1a: Dragonite|Stomping Tantrum|p2a: Iron Hands\n|-supereffective|p2a: Iron Hands\n|-damage|p2a: Iron Hands|45\/100\n|move|p2b: Flutter Mane|Moonblast|p1a: Dragonite\n|-supereffective|p1a: Dragonite\n|-damage|p1a: Dragonite|12\/100\n|move|p2a: Iron Hands|Wild Charge|p1b: Tornadus\n|-supereffective|p1b: Tornadus\n|-damage|p1b: Tornadus|0 fnt\n|-damage|p2a: Iron Hands|28\/100|[from] item: Rocky Helmet|[of] p1b: Tornadus\n|faint|p1b: Tornadus\n|-damage|p2a: Iron Hands|17\/100|[from] Recoil\n|\n|-weather|RainDance|[upkeep]\n|upkeep\n|turn|8\n|j| wisedyVGC\n|l| wisedyVGC\n|-message|Altotesino Errante forfeited.\n|\n|win|dericos\n|c|&|\/uhtml prompt-altotesinoerrante,Altotesino Errante is ready for game 3!\n|j| wisedyVGC\n|c|&|\/uhtml prompt-dericos,dericos is ready for game 3!\nBoth players are ready! Starting next match!\n|l| GryffindorAle\n|l| wisedyVGC\n|j| wisedyVGC\n|l| wisedyVGC\n|l| zephiel97\n","uploadtime":1700400567,"views":15,"p1id":"altotesinoerrante","p2id":"dericos","formatid":"gen9vgc2023regulatione","rating":0,"private":0,"password":""}