{"id":"gen9vgc2023regulatione-1992554839","p1":"gungelix","p2":"Zap-n-Tap","format":"[Gen 9] VGC 2023 Regulation E","log":"|j|\u2606gungelix\n|j|\u2606Zap-n-Tap\n|t:|1700204869\n|gametype|doubles\n|player|p1|gungelix|veteran|1492\n|player|p2|Zap-n-Tap|scientist-gen4dp|1425\n|teamsize|p1|6\n|teamsize|p2|6\n|gen|9\n|tier|[Gen 9] VGC 2023 Regulation E\n|rated|\n|rule|Species Clause: Limit one of each Pok\u00e9mon\n|rule|Item Clause: Limit one of each item\n|clearpoke\n|poke|p1|Tornadus, L50, M|\n|poke|p1|Dragonite, L50, F|\n|poke|p1|Urshifu-*, L50, F|\n|poke|p1|Chien-Pao, L50|\n|poke|p1|Flutter Mane, L50|\n|poke|p1|Iron Hands, L50|\n|poke|p2|Regieleki, L50|\n|poke|p2|Ninetales-Alola, L50, F|\n|poke|p2|Enamorus-Therian, L50, F|\n|poke|p2|Kingambit, L50, F|\n|poke|p2|Armarouge, L50, F|\n|poke|p2|Farigiraf, L50, M|\n|teampreview|4\ngungelix has agreed to open team sheets.\nZap-n-Tap has agreed to open team sheets.\n|inactive|Battle timer is ON: inactive players will automatically lose when time's up. (requested by gungelix)\n|inactive|Zap-n-Tap has 60 seconds left.\n|\n|t:|1700204944\n|start\n|switch|p1a: Tornadus|Tornadus, L50, M|100\/100\n|switch|p1b: Dragonite|Dragonite, L50, F|100\/100\n|switch|p2a: Bzzt|Regieleki, L50|100\/100\n|switch|p2b: Giraffe|Farigiraf, L50, M, shiny|100\/100\n|turn|1\n|inactive|gungelix has 30 seconds left.\n|inactive|Zap-n-Tap has 30 seconds left.\n|inactive|Zap-n-Tap has 20 seconds left.\n|\n|t:|1700204983\n|switch|p2a: Turtella|Enamorus-Therian, L50, F|100\/100\n|-terastallize|p1b: Dragonite|Steel\n|move|p1a: Tornadus|Bleakwind Storm|p2b: Giraffe|[spread] p2a,p2b\n|-damage|p2a: Turtella|77\/100\n|-damage|p2b: Giraffe|66\/100\n|-unboost|p2a: Turtella|spe|1\n|move|p1b: Dragonite|Outrage|p2a: Turtella\n|-immune|p2a: Turtella\n|move|p2b: Giraffe|Trick Room|p2b: Giraffe\n|-fieldstart|move: Trick Room|[of] p2b: Giraffe\n|\n|upkeep\n|turn|2\n|inactive|Zap-n-Tap has 30 seconds left.\n|inactive|Zap-n-Tap has 20 seconds left.\n|\n|t:|1700205019\n|-terastallize|p2b: Giraffe|Fairy\n|move|p2a: Turtella|Earth Power|p1b: Dragonite\n|-supereffective|p1b: Dragonite\n|-damage|p1b: Dragonite|42\/100\n|move|p2b: Giraffe|Psychic|p1a: Tornadus\n|-damage|p1a: Tornadus|69\/100\n|move|p1b: Dragonite|Outrage|p2a: Turtella\n|-immune|p2a: Turtella\n|move|p1a: Tornadus|Bleakwind Storm|p2b: Giraffe|[spread] p2a,p2b\n|-damage|p2a: Turtella|50\/100\n|-damage|p2b: Giraffe|27\/100\n|-unboost|p2a: Turtella|spe|1\n|\n|upkeep\n|turn|3\n|inactive|Zap-n-Tap has 30 seconds left.\n|inactive|Zap-n-Tap has 20 seconds left.\n|inactive|Zap-n-Tap has 15 seconds left.\n|inactive|Zap-n-Tap has 10 seconds left.\n|\n|t:|1700205066\n|switch|p2b: Rogue|Armarouge, L50, F|100\/100\n|switch|p1b: Chien-Pao|Chien-Pao, L50|100\/100\n|-ability|p1b: Chien-Pao|Sword of Ruin\n|move|p2a: Turtella|Earth Power|p1b: Chien-Pao\n|-damage|p1b: Chien-Pao|44\/100\n|move|p1a: Tornadus|Bleakwind Storm|p2b: Rogue|[spread] p2a,p2b\n|-damage|p2a: Turtella|24\/100\n|-damage|p2b: Rogue|61\/100\n|\n|upkeep\n|turn|4\n|\n|t:|1700205080\n|move|p2b: Rogue|Wide Guard|p2b: Rogue\n|-singleturn|p2b: Rogue|Wide Guard\n|move|p1b: Chien-Pao|Sucker Punch||[still]\n|-fail|p1b: Chien-Pao\n|move|p2a: Turtella|Dazzling Gleam|p1b: Chien-Pao|[spread] p1a,p1b\n|-supereffective|p1b: Chien-Pao\n|-damage|p1a: Tornadus|33\/100\n|-damage|p1b: Chien-Pao|0 fnt\n|faint|p1b: Chien-Pao\n|move|p1a: Tornadus|Bleakwind Storm|p2b: Rogue|[spread] \n|-activate|p2a: Turtella|move: Wide Guard\n|-activate|p2b: Rogue|move: Wide Guard\n|\n|upkeep\n|\n|t:|1700205097\n|switch|p1b: mr. thicc|Iron Hands, L50, shiny|100\/100\n|turn|5\n|inactive|Zap-n-Tap has 30 seconds left.\n|inactive|Zap-n-Tap has 20 seconds left.\n|\n|t:|1700205134\n|switch|p2b: Giraffe|Farigiraf, L50, M, shiny, tera:Fairy|27\/100\n|move|p1b: mr. thicc|Fake Out||[still]\n|cant|p2b: Giraffe|ability: Armor Tail|Fake Out|[of] p1b: mr. thicc\n|move|p1a: Tornadus|Taunt||[still]\n|cant|p2b: Giraffe|ability: Armor Tail|Taunt|[of] p1a: Tornadus\n|move|p2a: Turtella|Dazzling Gleam|p1a: Tornadus|[spread] p1a,p1b\n|-crit|p1a: Tornadus\n|-supereffective|p1b: mr. thicc\n|-damage|p1a: Tornadus|0 fnt\n|-damage|p1b: mr. thicc|63\/100\n|faint|p1a: Tornadus\n|\n|-fieldend|move: Trick Room\n|upkeep\n|\n|t:|1700205146\n|switch|p1a: Dragonite|Dragonite, L50, F, tera:Steel|42\/100\n|turn|6\n|inactive|Zap-n-Tap has 30 seconds left.\n|inactive|Zap-n-Tap has 20 seconds left.\n|\n|t:|1700205184\n|move|p1a: Dragonite|Stomping Tantrum|p2b: Giraffe\n|-damage|p2b: Giraffe|0 fnt\n|-damage|p1a: Dragonite|26\/100|[from] item: Rocky Helmet|[of] p2b: Giraffe\n|faint|p2b: Giraffe\n|move|p1b: mr. thicc|Wild Charge|p2a: Turtella\n|-supereffective|p2a: Turtella\n|-damage|p2a: Turtella|0 fnt\n|faint|p2a: Turtella\n|-damage|p1b: mr. thicc|58\/100|[from] Recoil\n|\n|upkeep\n|\n|t:|1700205191\n|switch|p2b: Rogue|Armarouge, L50, F|61\/100\n|switch|p2a: Bzzt|Regieleki, L50|100\/100\n|turn|7\n|inactive|Zap-n-Tap has 30 seconds left.\n|\n|t:|1700205220\n|move|p2a: Bzzt|Electroweb|p1a: Dragonite|[spread] p1a,p1b\n|-resisted|p1b: mr. thicc\n|-damage|p1a: Dragonite|3\/100\n|-damage|p1b: mr. thicc|52\/100\n|-unboost|p1a: Dragonite|spe|1\n|-unboost|p1b: mr. thicc|spe|1\n|move|p2b: Rogue|Heat Wave|p1a: Dragonite|[spread] p1a,p1b\n|-supereffective|p1a: Dragonite\n|-damage|p1a: Dragonite|0 fnt\n|-damage|p1b: mr. thicc|25\/100\n|faint|p1a: Dragonite\n|-damage|p2b: Rogue|51\/100|[from] item: Life Orb\n|move|p1b: mr. thicc|Wild Charge|p2b: Rogue\n|-damage|p2b: Rogue|4\/100\n|-damage|p1b: mr. thicc|15\/100|[from] Recoil\n|\n|upkeep\n|turn|8\n|c|\u2606gungelix|gg\n|c|\u2606Zap-n-Tap|gg\n|\n|t:|1700205241\n|move|p2a: Bzzt|Thunderbolt|p1b: mr. thicc\n|-resisted|p1b: mr. thicc\n|-damage|p1b: mr. thicc|0 fnt\n|faint|p1b: mr. thicc\n|-end|p1b: mr. thicc|Quark Drive|[silent]\n|\n|win|Zap-n-Tap\n|raw|gungelix's rating: 1492 &rarr; <strong>1468<\/strong><br \/>(-24 for losing)\n|raw|Zap-n-Tap's rating: 1425 &rarr; <strong>1449<\/strong><br \/>(+24 for winning)\n|l|\u2606gungelix\n","uploadtime":1700205249,"views":9,"p1id":"gungelix","p2id":"zapntap","formatid":"gen9vgc2023regulatione","rating":1449,"private":0,"password":""}