{"id":"gen9vgc2023regulatione-1990309228","p1":"Drunkendengo","p2":"MGRB","format":"[Gen 9] VGC 2023 Regulation E","log":"|j|\u2606Drunkendengo\n|j|\u2606MGRB\n|t:|1699954574\n|gametype|doubles\n|player|p1|Drunkendengo|266|\n|player|p2|MGRB|dawn-gen4pt|\n|teamsize|p1|6\n|teamsize|p2|6\n|gen|9\n|tier|[Gen 9] VGC 2023 Regulation E\n|rated|Tournament battle\n|rule|Species Clause: Limit one of each Pok\u00e9mon\n|rule|Item Clause: Limit one of each item\n|clearpoke\n|poke|p1|Urshifu-*, L50, M|\n|poke|p1|Tornadus, L50, M|\n|poke|p1|Landorus-Therian, L50, M|\n|poke|p1|Chien-Pao, L50|\n|poke|p1|Amoonguss, L50, M|\n|poke|p1|Gholdengo, L50|\n|poke|p2|Tornadus, L50, M|\n|poke|p2|Landorus-Therian, L50, M|\n|poke|p2|Flutter Mane, L50|\n|poke|p2|Urshifu-*, L50, M|\n|poke|p2|Chi-Yu, L50|\n|poke|p2|Amoonguss, L50, F|\n|teampreview|4\n|showteam|p1|Urshifu-Rapid-Strike||MysticWater|UnseenFist|SurgingStrikes,AquaJet,CloseCombat,Detect|||M|||50|,,,,,Water]Tornadus||RockyHelmet|Prankster|Tailwind,BleakwindStorm,Taunt,ScaryFace|||M|||50|,,,,,Ghost]Landorus-Therian||ChoiceScarf|Intimidate|StompingTantrum,TeraBlast,Uturn,RockSlide|||M|||50|,,,,,Flying]Chien-Pao||FocusSash|SwordofRuin|IceSpinner,SuckerPunch,SacredSword,Protect||||||50|,,,,,Ghost]Amoonguss||SitrusBerry|Regenerator|PollenPuff,Spore,RagePowder,Protect|||M|||50|,,,,,Water]Gholdengo||Leftovers|GoodasGold|MakeItRain,ShadowBall,NastyPlot,Protect||||||50|,,,,,Dragon\n|showteam|p2|Tornadus||CovertCloak|Prankster|Tailwind,BleakwindStorm,Taunt,ScaryFace|||M|||50|,,,,,Dark]Landorus-Therian||SitrusBerry|Intimidate|StompingTantrum,RockSlide,Protect,SwordsDance|||M|||50|,,,,,Water]Flutter Mane||BoosterEnergy|Protosynthesis|DazzlingGleam,IcyWind,ShadowBall,Protect||||||50|,,,,,Fairy]Urshifu-Rapid-Strike||LifeOrb|UnseenFist|SurgingStrikes,CloseCombat,Uturn,AquaJet|||M|||50|,,,,,Water]Chi-Yu||FocusSash|BeadsofRuin|HeatWave,DarkPulse,Protect,NastyPlot||||||50|,,,,,Ghost]Amoonguss||MentalHerb|Regenerator|Spore,RagePowder,PollenPuff,Protect|||F|||50|,,,,,Water\n|inactive|Battle timer is ON: inactive players will automatically lose when time's up. (requested by Drunkendengo)\n|\n|t:|1699954613\n|start\n|switch|p1a: Spikemuth|Tornadus, L50, M|100\/100\n|switch|p1b: Urshifu|Urshifu-Rapid-Strike, L50, M|100\/100\n|switch|p2a: Tornadus|Tornadus, L50, M|100\/100\n|switch|p2b: Flutter Mane|Flutter Mane, L50|100\/100\n|-enditem|p2b: Flutter Mane|Booster Energy\n|-activate|p2b: Flutter Mane|ability: Protosynthesis|[fromitem]\n|-start|p2b: Flutter Mane|protosynthesisspa\n|turn|1\n|inactive|MGRB has 30 seconds left.\n|\n|t:|1699954645\n|move|p1b: Urshifu|Detect|p1b: Urshifu\n|-singleturn|p1b: Urshifu|Protect\n|move|p1a: Spikemuth|Tailwind|p1a: Spikemuth\n|-sidestart|p1: Drunkendengo|move: Tailwind\n|move|p2a: Tornadus|Tailwind|p2a: Tornadus\n|-sidestart|p2: MGRB|move: Tailwind\n|move|p2b: Flutter Mane|Dazzling Gleam|p1b: Urshifu|[spread] p1a\n|-activate|p1b: Urshifu|move: Protect\n|-damage|p1a: Spikemuth|53\/100\n|\n|upkeep\n|turn|2\n|\n|t:|1699954659\n|-terastallize|p1b: Urshifu|Water\n|move|p1a: Spikemuth|Scary Face|p2b: Flutter Mane\n|-unboost|p2b: Flutter Mane|spe|2\n|move|p2a: Tornadus|Taunt|p1a: Spikemuth\n|-start|p1a: Spikemuth|move: Taunt\n|move|p1b: Urshifu|Surging Strikes|p2b: Flutter Mane\n|-crit|p2b: Flutter Mane\n|-damage|p2b: Flutter Mane|49\/100\n|-crit|p2b: Flutter Mane\n|-damage|p2b: Flutter Mane|2\/100\n|-crit|p2b: Flutter Mane\n|-damage|p2b: Flutter Mane|0 fnt\n|faint|p2b: Flutter Mane\n|-end|p2b: Flutter Mane|Protosynthesis|[silent]\n|-hitcount|p2: Flutter Mane|3\n|\n|upkeep\n|\n|t:|1699954673\n|switch|p2b: Landorus|Landorus-Therian, L50, M|100\/100\n|-ability|p2b: Landorus|Intimidate|boost\n|-unboost|p1a: Spikemuth|atk|1\n|-unboost|p1b: Urshifu|atk|1\n|turn|3\n|\n|t:|1699954682\n|-terastallize|p2b: Landorus|Water\n|move|p1a: Spikemuth|Bleakwind Storm|p2b: Landorus|[spread] \n|-miss|p1a: Spikemuth|p2a: Tornadus\n|-miss|p1a: Spikemuth|p2b: Landorus\n|move|p2a: Tornadus|Bleakwind Storm|p1b: Urshifu|[spread] p1a,p1b\n|-damage|p1a: Spikemuth|16\/100\n|-damage|p1b: Urshifu|63\/100\n|-unboost|p1b: Urshifu|spe|1\n|move|p2b: Landorus|Stomping Tantrum|p1b: Urshifu\n|-damage|p1b: Urshifu|25\/100\n|move|p1b: Urshifu|Surging Strikes|p2a: Tornadus\n|-crit|p2a: Tornadus\n|-damage|p2a: Tornadus|66\/100\n|-crit|p2a: Tornadus\n|-damage|p2a: Tornadus|35\/100\n|-crit|p2a: Tornadus\n|-damage|p2a: Tornadus|2\/100\n|-hitcount|p2a: Tornadus|3\n|\n|upkeep\n|turn|4\n|\n|t:|1699954706\n|switch|p1b: Landorus|Landorus-Therian, L50, M|100\/100\n|-ability|p1b: Landorus|Intimidate|boost\n|-unboost|p2a: Tornadus|atk|1\n|-unboost|p2b: Landorus|atk|1\n|move|p2a: Tornadus|Scary Face|p1a: Spikemuth\n|-unboost|p1a: Spikemuth|spe|2\n|move|p2b: Landorus|Stomping Tantrum|p1b: Landorus\n|-immune|p1b: Landorus\n|move|p1a: Spikemuth|Bleakwind Storm|p2a: Tornadus|[spread] p2a,p2b\n|-damage|p2a: Tornadus|0 fnt\n|-damage|p2b: Landorus|67\/100\n|faint|p2a: Tornadus\n|\n|-sideend|p2: MGRB|move: Tailwind\n|-sideend|p1: Drunkendengo|move: Tailwind\n|upkeep\n|\n|t:|1699954719\n|switch|p2a: Chi-Yu|Chi-Yu, L50|100\/100\n|-ability|p2a: Chi-Yu|Beads of Ruin\n|turn|5\n|\n|t:|1699954732\n|move|p1b: Landorus|Rock Slide|p2b: Landorus|[spread] p2a,p2b\n|-supereffective|p2a: Chi-Yu\n|-damage|p2a: Chi-Yu|25\/100\n|-damage|p2b: Landorus|47\/100\n|-enditem|p2b: Landorus|Sitrus Berry|[eat]\n|-heal|p2b: Landorus|72\/100|[from] item: Sitrus Berry\n|move|p2a: Chi-Yu|Dark Pulse|p1b: Landorus\n|-damage|p1b: Landorus|34\/100\n|move|p2b: Landorus|Rock Slide|p1b: Landorus|[spread] p1b\n|-miss|p2b: Landorus|p1a: Spikemuth\n|-damage|p1b: Landorus|21\/100\n|move|p1a: Spikemuth|Bleakwind Storm|p2a: Chi-Yu|[spread] p2a,p2b\n|-damage|p2a: Chi-Yu|0 fnt\n|-damage|p2b: Landorus|32\/100\n|faint|p2a: Chi-Yu\n|\n|-end|p1a: Spikemuth|move: Taunt\n|upkeep\n|turn|6\n|\n|t:|1699954749\n|move|p1a: Spikemuth|Tailwind|p1a: Spikemuth\n|-sidestart|p1: Drunkendengo|move: Tailwind\n|move|p1b: Landorus|Rock Slide|p2b: Landorus\n|-damage|p2b: Landorus|4\/100\n|cant|p2b: Landorus|flinch\n|\n|upkeep\n|turn|7\n|-message|MGRB forfeited.\n|\n|win|Drunkendengo\n|n|\u2606Drunkendengo|drunkendengo\n|n|\u2606MGRB|mgrb\n|l|\u2606MGRB\n","uploadtime":1699954761,"views":6,"p1id":"drunkendengo","p2id":"mgrb","formatid":"gen9vgc2023regulatione","rating":0,"private":0,"password":""}