{"id":"gen9vgc2023regulatione-1991693737","p1":"Spark36","p2":"ShadowTriad Lazer","format":"[Gen 9] VGC 2023 Regulation E","log":"|j|\u2606Spark36\n|j|\u2606ShadowTriad Lazer\n|t:|1700103458\n|gametype|doubles\n|player|p1|Spark36|169|1026\n|player|p2|ShadowTriad Lazer|shadowtriad|1071\n|teamsize|p1|6\n|teamsize|p2|6\n|gen|9\n|tier|[Gen 9] VGC 2023 Regulation E\n|rated|\n|rule|Species Clause: Limit one of each Pok\u00e9mon\n|rule|Item Clause: Limit one of each item\n|clearpoke\n|poke|p1|Gardevoir, L50, M|\n|poke|p1|Snorlax, L50, F|\n|poke|p1|Iron Hands, L50|\n|poke|p1|Regieleki, L50|\n|poke|p1|Chien-Pao, L50|\n|poke|p1|Sinistcha-Masterpiece, L50|\n|poke|p2|Sneasler, L50, F|\n|poke|p2|Weavile, L50, M|\n|poke|p2|Sneasel, L50, M|\n|poke|p2|Espeon, L50, F|\n|poke|p2|Chandelure, L50, M|\n|poke|p2|Milotic, L50, F|\n|teampreview|4\n|j| EV4Ever\n|inactive|Battle timer is ON: inactive players will automatically lose when time's up. (requested by Spark36)\n|\n|t:|1700103517\n|start\n|switch|p1a: Regieleki|Regieleki, L50|100\/100\n|switch|p1b: Snorlax|Snorlax, L50, F|100\/100\n|switch|p2a: Chandelure|Chandelure, L50, M|100\/100\n|switch|p2b: Sneasler|Sneasler, L50, F|100\/100\n|-ability|p2b: Sneasler|Pressure\n|turn|1\n|inactive|ShadowTriad Lazer has 30 seconds left.\n|\n|t:|1700103548\n|-terastallize|p2b: Sneasler|Ground\n|-terastallize|p1b: Snorlax|Water\n|move|p1a: Regieleki|Electroweb|p2b: Sneasler|[spread] p2a\n|-immune|p2b: Sneasler\n|-damage|p2a: Chandelure|49\/100\n|-unboost|p2a: Chandelure|spe|1\n|move|p2b: Sneasler|Tera Blast|p1a: Regieleki|[anim] Tera Blast Ground\n|-supereffective|p1a: Regieleki\n|-damage|p1a: Regieleki|0 fnt\n|faint|p1a: Regieleki\n|move|p2a: Chandelure|Trick|p1b: Snorlax\n|-activate|p2a: Chandelure|move: Trick|[of] p1b: Snorlax\n|-item|p1b: Snorlax|Choice Scarf|[from] move: Trick\n|-item|p2a: Chandelure|Figy Berry|[from] move: Trick\n|move|p1b: Snorlax|Belly Drum|p1b: Snorlax\n|-damage|p1b: Snorlax|50\/100\n|-setboost|p1b: Snorlax|atk|6|[from] move: Belly Drum\n|\n|upkeep\n|inactive|Spark36 has 30 seconds left.\n|\n|t:|1700103579\n|switch|p1a: Sinistcha|Sinistcha-Masterpiece, L50|100\/100\n|-heal|p1b: Snorlax|75\/100|[from] ability: Hospitality|[of] p1a: Sinistcha\n|turn|2\n|\n|t:|1700103591\n|switch|p1b: Gardevoir|Gardevoir, L50, M|100\/100\n|move|p1a: Sinistcha|Protect|p1a: Sinistcha\n|-singleturn|p1a: Sinistcha|Protect\n|move|p2b: Sneasler|Dire Claw|p1a: Sinistcha\n|-activate|p1a: Sinistcha|move: Protect\n|move|p2a: Chandelure|Overheat|p1a: Sinistcha\n|-activate|p1a: Sinistcha|move: Protect\n|\n|upkeep\n|turn|3\n|\n|t:|1700103610\n|move|p2b: Sneasler|Dire Claw|p1b: Gardevoir\n|-supereffective|p1b: Gardevoir\n|-damage|p1b: Gardevoir|0 fnt\n|faint|p1b: Gardevoir\n|move|p2a: Chandelure|Overheat|p1a: Sinistcha\n|-supereffective|p1a: Sinistcha\n|-damage|p1a: Sinistcha|0 fnt\n|-unboost|p2a: Chandelure|spa|2\n|faint|p1a: Sinistcha\n|\n|upkeep\n|l| EV4Ever\n|\n|t:|1700103625\n|switch|p1b: Snorlax|Snorlax, L50, F, tera:Water|75\/100\n|turn|4\n|\n|t:|1700103632\n|switch|p2b: Milotic|Milotic, L50, F|100\/100\n|move|p2a: Chandelure|Will-O-Wisp|p1b: Snorlax\n|-status|p1b: Snorlax|brn\n|move|p1b: Snorlax|Earthquake|p2b: Milotic|[spread] p2a,p2b\n|-supereffective|p2a: Chandelure\n|-damage|p2a: Chandelure|14\/100\n|-damage|p2b: Milotic|91\/100\n|-enditem|p2a: Chandelure|Figy Berry|[eat]\n|-heal|p2a: Chandelure|48\/100|[from] item: Figy Berry\n|-start|p2a: Chandelure|confusion\n|-enditem|p2b: Milotic|Kee Berry|[eat]\n|-boost|p2b: Milotic|def|1|[from] item: Kee Berry\n|\n|-damage|p1b: Snorlax|69\/100 brn|[from] brn\n|upkeep\n|turn|5\n|-message|Spark36 forfeited.\n|\n|win|ShadowTriad Lazer\n|raw|Spark36's rating: 1026 &rarr; <strong>1014<\/strong><br \/>(-12 for losing)\n|raw|ShadowTriad Lazer's rating: 1071 &rarr; <strong>1097<\/strong><br \/>(+26 for winning)\n|l|\u2606Spark36\n","uploadtime":1700103717,"views":43,"p1id":"spark36","p2id":"shadowtriadlazer","formatid":"gen9vgc2023regulatione","rating":1014,"private":0,"password":""}