{"id":"gen9vgc2023regulatione-1988594882","p1":"Kizrhzk","p2":"HomerFG1","format":"[Gen 9] VGC 2023 Regulation E","log":"|j|\u2606Kizrhzk\n|j|\u2606HomerFG1\n|t:|1699739964\n|gametype|doubles\n|player|p1|Kizrhzk|lance|1088\n|player|p2|HomerFG1|265|1106\n|teamsize|p1|6\n|teamsize|p2|6\n|gen|9\n|tier|[Gen 9] VGC 2023 Regulation E\n|rated|\n|rule|Species Clause: Limit one of each Pok\u00e9mon\n|rule|Item Clause: Limit one of each item\n|clearpoke\n|poke|p1|Flutter Mane, L50|\n|poke|p1|Tornadus, L50, M|\n|poke|p1|Rillaboom, L50, M|\n|poke|p1|Garganacl, L50, M|\n|poke|p1|Arcanine-Hisui, L50, M|\n|poke|p1|Chien-Pao, L50|\n|poke|p2|Politoed, L50, F|\n|poke|p2|Palafin, L50, M|\n|poke|p2|Dragonite, L50, M|\n|poke|p2|Chien-Pao, L50|\n|poke|p2|Arcanine, L50, F|\n|poke|p2|Sinistcha, L50|\n|teampreview|4\n|inactive|Battle timer is ON: inactive players will automatically lose when time's up. (requested by HomerFG1)\n|inactive|HomerFG1 has 60 seconds left.\n|\n|t:|1699740005\n|start\n|switch|p1a: Tornadus|Tornadus, L50, M|100\/100\n|switch|p1b: Garganacl|Garganacl, L50, M|100\/100\n|switch|p2a: Dragonite|Dragonite, L50, M|100\/100\n|switch|p2b: Chien-Pao|Chien-Pao, L50|100\/100\n|-ability|p2b: Chien-Pao|Sword of Ruin\n|turn|1\n|\n|t:|1699740024\n|switch|p1a: Arcanine|Arcanine-Hisui, L50, M|100\/100\n|-ability|p1a: Arcanine|Intimidate|boost\n|-fail|p2a: Dragonite|unboost|Attack|[from] ability: Inner Focus|[of] p2a: Dragonite\n|-unboost|p2b: Chien-Pao|atk|1\n|switch|p2a: Sinistcha|Sinistcha, L50|100\/100\n|-terastallize|p1b: Garganacl|Ghost\n|move|p2b: Chien-Pao|Icicle Crash|p1a: Arcanine\n|-resisted|p1a: Arcanine\n|-damage|p1a: Arcanine|76\/100\n|move|p1b: Garganacl|Salt Cure|p2b: Chien-Pao\n|-supereffective|p2b: Chien-Pao\n|-damage|p2b: Chien-Pao|61\/100\n|-start|p2b: Chien-Pao|Salt Cure\n|\n|-damage|p2b: Chien-Pao|49\/100|[from] Salt Cure\n|upkeep\n|turn|2\n|inactive|HomerFG1 has 30 seconds left.\n|\n|t:|1699740050\n|switch|p1a: Tornadus|Tornadus, L50, M|100\/100\n|switch|p2a: Arcanine|Arcanine, L50, F|100\/100\n|-ability|p2a: Arcanine|Intimidate|boost\n|-unboost|p1a: Tornadus|atk|1\n|-unboost|p1b: Garganacl|atk|1\n|move|p2b: Chien-Pao|Sucker Punch|p1b: Garganacl\n|-supereffective|p1b: Garganacl\n|-damage|p1b: Garganacl|53\/100\n|move|p1b: Garganacl|Salt Cure|p2b: Chien-Pao\n|-supereffective|p2b: Chien-Pao\n|-damage|p2b: Chien-Pao|20\/100\n|\n|-damage|p2b: Chien-Pao|8\/100|[from] Salt Cure\n|upkeep\n|turn|3\n|\n|t:|1699740065\n|move|p1b: Garganacl|Protect|p1b: Garganacl\n|-singleturn|p1b: Garganacl|Protect\n|move|p2b: Chien-Pao|Sucker Punch||[still]\n|-fail|p2b: Chien-Pao\n|move|p1a: Tornadus|Tailwind|p1a: Tornadus\n|-sidestart|p1: Kizrhzk|move: Tailwind\n|move|p2a: Arcanine|Flare Blitz|p1b: Garganacl\n|-activate|p1b: Garganacl|move: Protect\n|\n|-damage|p2b: Chien-Pao|0 fnt|[from] Salt Cure\n|faint|p2b: Chien-Pao\n|upkeep\n|\n|t:|1699740077\n|switch|p2b: Dragonite|Dragonite, L50, M|100\/100\n|turn|4\n|\n|t:|1699740089\n|-terastallize|p2b: Dragonite|Normal\n|move|p2b: Dragonite|Extreme Speed|p1a: Tornadus\n|-crit|p1a: Tornadus\n|-damage|p1a: Tornadus|11\/100\n|-damage|p2b: Dragonite|84\/100|[from] item: Rocky Helmet|[of] p1a: Tornadus\n|move|p1a: Tornadus|Bleakwind Storm|p2a: Arcanine|[spread] p2b\n|-miss|p1a: Tornadus|p2a: Arcanine\n|-damage|p2b: Dragonite|54\/100\n|move|p2a: Arcanine|Flare Blitz|p1b: Garganacl\n|-damage|p1b: Garganacl|14\/100\n|-enditem|p1b: Garganacl|Sitrus Berry|[eat]\n|-heal|p1b: Garganacl|39\/100|[from] item: Sitrus Berry\n|-damage|p2a: Arcanine|86\/100|[from] Recoil\n|move|p1b: Garganacl|Recover|p1b: Garganacl\n|-heal|p1b: Garganacl|89\/100\n|\n|upkeep\n|turn|5\n|inactive|HomerFG1 has 30 seconds left.\n|\n|t:|1699740119\n|switch|p2b: Sinistcha|Sinistcha, L50|100\/100\n|-heal|p2a: Arcanine|100\/100|[from] ability: Hospitality|[of] p2b: Sinistcha\n|move|p2a: Arcanine|Extreme Speed|p1a: Tornadus\n|-damage|p1a: Tornadus|0 fnt\n|-damage|p2a: Arcanine|84\/100|[from] item: Rocky Helmet|[of] p1a: Tornadus\n|faint|p1a: Tornadus\n|move|p1b: Garganacl|Iron Defense|p1b: Garganacl\n|-boost|p1b: Garganacl|def|2\n|\n|upkeep\n|\n|t:|1699740126\n|switch|p1a: Arcanine|Arcanine-Hisui, L50, M|76\/100\n|-ability|p1a: Arcanine|Intimidate|boost\n|-unboost|p2a: Arcanine|atk|1\n|-unboost|p2b: Sinistcha|atk|1\n|turn|6\n|\n|t:|1699740142\n|move|p1a: Arcanine|Flare Blitz|p2b: Sinistcha\n|-supereffective|p2b: Sinistcha\n|-damage|p2b: Sinistcha|0 fnt\n|-damage|p1a: Arcanine|59\/100|[from] item: Rocky Helmet|[of] p2b: Sinistcha\n|faint|p2b: Sinistcha\n|-damage|p1a: Arcanine|25\/100|[from] Recoil\n|move|p2a: Arcanine|Will-O-Wisp|p1b: Garganacl\n|-immune|p1b: Garganacl|[from] ability: Purifying Salt\n|move|p1b: Garganacl|Salt Cure|p2a: Arcanine\n|-supereffective|p2a: Arcanine\n|-damage|p2a: Arcanine|65\/100\n|-start|p2a: Arcanine|Salt Cure\n|\n|-damage|p2a: Arcanine|53\/100|[from] Salt Cure\n|-sideend|p1: Kizrhzk|move: Tailwind\n|upkeep\n|\n|t:|1699740151\n|switch|p2b: Dragonite|Dragonite, L50, M, tera:Normal|54\/100\n|turn|7\n|\n|t:|1699740162\n|switch|p1a: Rillaboom|Rillaboom, L50, M|100\/100\n|-fieldstart|move: Grassy Terrain|[from] ability: Grassy Surge|[of] p1a: Rillaboom\n|move|p2a: Arcanine|Flare Blitz|p1b: Garganacl\n|-damage|p1b: Garganacl|75\/100\n|-damage|p2a: Arcanine|48\/100|[from] Recoil\n|-enditem|p2a: Arcanine|Sitrus Berry|[eat]\n|-heal|p2a: Arcanine|73\/100|[from] item: Sitrus Berry\n|move|p2b: Dragonite|Iron Head|p1a: Rillaboom\n|-damage|p1a: Rillaboom|72\/100\n|move|p1b: Garganacl|Iron Defense|p1b: Garganacl\n|-boost|p1b: Garganacl|def|2\n|\n|-heal|p2a: Arcanine|79\/100|[from] Grassy Terrain\n|-heal|p1a: Rillaboom|77\/100|[from] Grassy Terrain\n|-heal|p2b: Dragonite|60\/100|[from] Grassy Terrain\n|-heal|p1b: Garganacl|81\/100|[from] Grassy Terrain\n|-damage|p2a: Arcanine|67\/100|[from] Salt Cure\n|upkeep\n|turn|8\n|\n|t:|1699740174\n|move|p1a: Rillaboom|Grassy Glide|p2b: Dragonite\n|-damage|p2b: Dragonite|25\/100\n|move|p2a: Arcanine|Flare Blitz|p1a: Rillaboom\n|-supereffective|p1a: Rillaboom\n|-damage|p1a: Rillaboom|5\/100\n|-damage|p2a: Arcanine|41\/100|[from] Recoil\n|move|p2b: Dragonite|Iron Head|p1a: Rillaboom\n|-damage|p1a: Rillaboom|0 fnt\n|faint|p1a: Rillaboom\n|move|p1b: Garganacl|Salt Cure|p2b: Dragonite\n|-damage|p2b: Dragonite|16\/100\n|-start|p2b: Dragonite|Salt Cure\n|\n|-heal|p2a: Arcanine|47\/100|[from] Grassy Terrain\n|-heal|p2b: Dragonite|22\/100|[from] Grassy Terrain\n|-heal|p1b: Garganacl|87\/100|[from] Grassy Terrain\n|-damage|p2a: Arcanine|34\/100|[from] Salt Cure\n|-damage|p2b: Dragonite|10\/100|[from] Salt Cure\n|upkeep\n|\n|t:|1699740177\n|switch|p1a: Arcanine|Arcanine-Hisui, L50, M|25\/100\n|-ability|p1a: Arcanine|Intimidate|boost\n|-unboost|p2a: Arcanine|atk|1\n|-fail|p2b: Dragonite|unboost|Attack|[from] ability: Inner Focus|[of] p2b: Dragonite\n|turn|9\n|inactive|HomerFG1 has 30 seconds left.\n|\n|t:|1699740206\n|move|p1a: Arcanine|Extreme Speed|p2a: Arcanine\n|-damage|p2a: Arcanine|0 fnt\n|faint|p2a: Arcanine\n|move|p2b: Dragonite|Iron Head|p1a: Arcanine\n|-damage|p1a: Arcanine|0 fnt\n|faint|p1a: Arcanine\n|move|p1b: Garganacl|Iron Defense|p1b: Garganacl\n|-boost|p1b: Garganacl|def|2\n|\n|-heal|p2b: Dragonite|16\/100|[from] Grassy Terrain\n|-heal|p1b: Garganacl|93\/100|[from] Grassy Terrain\n|-damage|p2b: Dragonite|4\/100|[from] Salt Cure\n|upkeep\n|turn|10\n|-message|HomerFG1 forfeited.\n|\n|win|Kizrhzk\n|raw|Kizrhzk's rating: 1088 &rarr; <strong>1116<\/strong><br \/>(+28 for winning)\n|raw|HomerFG1's rating: 1106 &rarr; <strong>1080<\/strong><br \/>(-26 for losing)\n|l|\u2606HomerFG1\n","uploadtime":1699740218,"views":8,"p1id":"kizrhzk","p2id":"homerfg1","formatid":"gen9vgc2023regulatione","rating":1080,"private":0,"password":""}