{"id":"gen9vgc2023regulatione-1998890372","p1":"Stonny","p2":"FireYeti07","format":"[Gen 9] VGC 2023 Regulation E","log":"|j|\u2606Stonny\n|j|\u2606FireYeti07\n|t:|1701009239\n|gametype|doubles\n|player|p1|Stonny|acetrainer-gen4dp|1205\n|player|p2|FireYeti07|hilbert|1260\n|teamsize|p1|6\n|teamsize|p2|6\n|gen|9\n|tier|[Gen 9] VGC 2023 Regulation E\n|rated|\n|rule|Species Clause: Limit one of each Pok\u00e9mon\n|rule|Item Clause: Limit one of each item\n|clearpoke\n|poke|p1|Landorus-Therian, L50, M|\n|poke|p1|Heatran, L50, F|\n|poke|p1|Iron Bundle, L50|\n|poke|p1|Sinistcha-Masterpiece, L50|\n|poke|p1|Enamorus, L50, F|\n|poke|p1|Grimmsnarl, L50, M|\n|poke|p2|Ninetales-Alola, L50, F|\n|poke|p2|Baxcalibur, L50, M|\n|poke|p2|Sinistcha, L50|\n|poke|p2|Landorus-Therian, L50, M|\n|poke|p2|Ogerpon-Hearthflame, L50, F|\n|poke|p2|Gholdengo, L50|\n|teampreview|4\n|inactive|Battle timer is ON: inactive players will automatically lose when time's up. (requested by FireYeti07)\n|inactive|Stonny also wants the timer to be on.\n|inactive|Stonny has 60 seconds left.\n|inactive|FireYeti07 has 60 seconds left.\n|\n|t:|1701009295\n|start\n|switch|p1a: Enamorus|Enamorus, L50, F, shiny|100\/100\n|switch|p1b: Grimmsnarl|Grimmsnarl, L50, M, shiny|100\/100\n|switch|p2a: Ninetales|Ninetales-Alola, L50, F|100\/100\n|switch|p2b: Landorus|Landorus-Therian, L50, M|100\/100\n|-ability|p2b: Landorus|Intimidate|boost\n|-boost|p1a: Enamorus|atk|1\n|-unboost|p1b: Grimmsnarl|atk|1\n|-weather|Snow|[from] ability: Snow Warning|[of] p2a: Ninetales\n|turn|1\n|\n|t:|1701009311\n|move|p1b: Grimmsnarl|Light Screen|p1b: Grimmsnarl\n|-sidestart|p1: Stonny|move: Light Screen\n|move|p2b: Landorus|U-turn|p1b: Grimmsnarl\n|-damage|p1b: Grimmsnarl|72\/100\n|\n|t:|1701009318\n|switch|p2b: Baxcalibur|Baxcalibur, L50, M|100\/100|[from] U-turn\n|move|p2a: Ninetales|Aurora Veil|p2a: Ninetales\n|-sidestart|p2: FireYeti07|move: Aurora Veil\n|move|p1a: Enamorus|Superpower|p2a: Ninetales\n|-damage|p2a: Ninetales|73\/100\n|-boost|p1a: Enamorus|atk|1\n|-boost|p1a: Enamorus|def|1\n|\n|-weather|Snow|[upkeep]\n|upkeep\n|turn|2\n|\n|t:|1701009335\n|-terastallize|p1a: Enamorus|Steel\n|-terastallize|p2b: Baxcalibur|Poison\n|move|p1b: Grimmsnarl|Reflect|p1b: Grimmsnarl\n|-sidestart|p1: Stonny|Reflect\n|move|p2a: Ninetales|Dazzling Gleam|p1a: Enamorus|[spread] p1a,p1b\n|-resisted|p1a: Enamorus\n|-supereffective|p1b: Grimmsnarl\n|-damage|p1a: Enamorus|95\/100\n|-damage|p1b: Grimmsnarl|46\/100\n|move|p1a: Enamorus|Superpower|p2b: Baxcalibur\n|-resisted|p2b: Baxcalibur\n|-damage|p2b: Baxcalibur|82\/100\n|-boost|p1a: Enamorus|atk|1\n|-boost|p1a: Enamorus|def|1\n|move|p2b: Baxcalibur|Swords Dance|p2b: Baxcalibur\n|-boost|p2b: Baxcalibur|atk|2\n|\n|-weather|Snow|[upkeep]\n|-heal|p1a: Enamorus|100\/100|[from] item: Leftovers\n|upkeep\n|turn|3\n|inactive|Stonny has 30 seconds left.\n|inactive|FireYeti07 has 30 seconds left.\n|inactive|Stonny has 20 seconds left.\n|\n|t:|1701009371\n|switch|p2a: Landorus|Landorus-Therian, L50, M|100\/100\n|-ability|p2a: Landorus|Intimidate|boost\n|-boost|p1a: Enamorus|atk|1\n|-unboost|p1b: Grimmsnarl|atk|1\n|move|p2b: Baxcalibur|Ice Shard|p1b: Grimmsnarl\n|-damage|p1b: Grimmsnarl|15\/100\n|move|p1b: Grimmsnarl|Parting Shot|p2b: Baxcalibur\n|-fail|p2b: Baxcalibur|unboost|[from] item: Clear Amulet|[of] p2b: Baxcalibur\n|move|p1a: Enamorus|Superpower|p2a: Landorus\n|-resisted|p2a: Landorus\n|-damage|p2a: Landorus|65\/100\n|-boost|p1a: Enamorus|atk|1\n|-boost|p1a: Enamorus|def|1\n|\n|-weather|Snow|[upkeep]\n|upkeep\n|turn|4\n|\n|t:|1701009394\n|move|p1b: Grimmsnarl|Parting Shot|p2a: Landorus\n|-unboost|p2a: Landorus|atk|1\n|-unboost|p2a: Landorus|spa|1\n|\n|t:|1701009406\n|switch|p1b: Heatran|Heatran, L50, F, shiny|100\/100|[from] Parting Shot\n|move|p2a: Landorus|Stomping Tantrum|p1a: Enamorus\n|-supereffective|p1a: Enamorus\n|-damage|p1a: Enamorus|76\/100\n|move|p1a: Enamorus|Iron Head|p2b: Baxcalibur\n|-damage|p2b: Baxcalibur|22\/100\n|move|p2b: Baxcalibur|Glaive Rush|p1a: Enamorus\n|-resisted|p1a: Enamorus\n|-damage|p1a: Enamorus|52\/100\n|-singlemove|p2b: Baxcalibur|Glaive Rush|[silent]\n|\n|-weather|Snow|[upkeep]\n|-heal|p1a: Enamorus|58\/100|[from] item: Leftovers\n|upkeep\n|turn|5\n|\n|t:|1701009428\n|switch|p1b: Sinistcha|Sinistcha-Masterpiece, L50, shiny|100\/100\n|-heal|p1a: Enamorus|83\/100|[from] ability: Hospitality|[of] p1b: Sinistcha\n|move|p2b: Baxcalibur|Protect|p2b: Baxcalibur\n|-singleturn|p2b: Baxcalibur|Protect\n|move|p2a: Landorus|Stomping Tantrum|p1b: Sinistcha\n|-resisted|p1b: Sinistcha\n|-damage|p1b: Sinistcha|90\/100\n|move|p1a: Enamorus|Iron Head|p2b: Baxcalibur\n|-activate|p2b: Baxcalibur|move: Protect\n|\n|-weather|none\n|-heal|p1a: Enamorus|89\/100|[from] item: Leftovers\n|upkeep\n|turn|6\n|\n|t:|1701009443\n|move|p2b: Baxcalibur|Ice Shard|p1b: Sinistcha\n|-supereffective|p1b: Sinistcha\n|-damage|p1b: Sinistcha|32\/100\n|-enditem|p1b: Sinistcha|Sitrus Berry|[eat]\n|-heal|p1b: Sinistcha|57\/100|[from] item: Sitrus Berry\n|move|p2a: Landorus|Stomping Tantrum|p1a: Enamorus\n|-supereffective|p1a: Enamorus\n|-damage|p1a: Enamorus|65\/100\n|move|p1a: Enamorus|Iron Head|p2b: Baxcalibur\n|-damage|p2b: Baxcalibur|0 fnt\n|faint|p2b: Baxcalibur\n|move|p1b: Sinistcha|Trick Room|p1b: Sinistcha\n|-fieldstart|move: Trick Room|[of] p1b: Sinistcha\n|\n|-heal|p1a: Enamorus|71\/100|[from] item: Leftovers\n|upkeep\n|\n|t:|1701009456\n|switch|p2b: Gholdengo|Gholdengo, L50|100\/100\n|turn|7\n|\n|t:|1701009475\n|move|p1b: Sinistcha|Life Dew|p1b: Sinistcha|[spread] p1a,p1b\n|-heal|p1a: Enamorus|96\/100\n|-heal|p1b: Sinistcha|82\/100\n|move|p2b: Gholdengo|Shadow Ball|p1a: Enamorus\n|-damage|p1a: Enamorus|74\/100\n|move|p1a: Enamorus|Superpower|p2a: Landorus\n|-resisted|p2a: Landorus\n|-damage|p2a: Landorus|25\/100\n|-boost|p1a: Enamorus|atk|1\n|-boost|p1a: Enamorus|def|1\n|move|p2a: Landorus|Stomping Tantrum|p1a: Enamorus\n|-supereffective|p1a: Enamorus\n|-damage|p1a: Enamorus|56\/100\n|\n|-heal|p1a: Enamorus|62\/100|[from] item: Leftovers\n|upkeep\n|turn|8\n|inactive|Stonny has 30 seconds left.\n|\n|t:|1701009502\n|switch|p2a: Ninetales|Ninetales-Alola, L50, F|73\/100\n|-weather|Snow|[from] ability: Snow Warning|[of] p2a: Ninetales\n|move|p1b: Sinistcha|Life Dew|p1b: Sinistcha|[spread] p1a,p1b\n|-heal|p1a: Enamorus|87\/100\n|-heal|p1b: Sinistcha|100\/100\n|move|p2b: Gholdengo|Nasty Plot|p2b: Gholdengo\n|-boost|p2b: Gholdengo|spa|2\n|move|p1a: Enamorus|Superpower|p2a: Ninetales\n|-damage|p2a: Ninetales|7\/100\n|-boost|p1a: Enamorus|def|1\n|\n|-weather|Snow|[upkeep]\n|-heal|p1a: Enamorus|93\/100|[from] item: Leftovers\n|-sideend|p1: Stonny|move: Light Screen\n|-sideend|p2: FireYeti07|move: Aurora Veil\n|upkeep\n|turn|9\n|inactive|Stonny has 30 seconds left.\n|inactive|Stonny has 20 seconds left.\n|\n|t:|1701009539\n|move|p1b: Sinistcha|Matcha Gotcha|p2a: Ninetales|[spread] p2b\n|-miss|p1b: Sinistcha|p2a: Ninetales\n|-resisted|p2b: Gholdengo\n|-damage|p2b: Gholdengo|88\/100\n|move|p2b: Gholdengo|Nasty Plot|p2b: Gholdengo\n|-boost|p2b: Gholdengo|spa|2\n|move|p1a: Enamorus|Play Rough|p2b: Gholdengo\n|-resisted|p2b: Gholdengo\n|-damage|p2b: Gholdengo|14\/100\n|move|p2a: Ninetales|Aurora Veil|p2a: Ninetales\n|-sidestart|p2: FireYeti07|move: Aurora Veil\n|\n|-weather|Snow|[upkeep]\n|-heal|p2b: Gholdengo|20\/100|[from] item: Leftovers\n|-heal|p1a: Enamorus|99\/100|[from] item: Leftovers\n|-sideend|p1: Stonny|Reflect\n|upkeep\n|turn|10\n|\n|t:|1701009564\n|switch|p2a: Landorus|Landorus-Therian, L50, M|25\/100\n|-ability|p2a: Landorus|Intimidate|boost\n|-boost|p1a: Enamorus|atk|0\n|-unboost|p1b: Sinistcha|atk|1\n|move|p2b: Gholdengo|Protect|p2b: Gholdengo\n|-singleturn|p2b: Gholdengo|Protect\n|move|p1b: Sinistcha|Rage Powder|p1b: Sinistcha\n|-singleturn|p1b: Sinistcha|move: Rage Powder\n|move|p1a: Enamorus|Iron Head|p2b: Gholdengo\n|-activate|p2b: Gholdengo|move: Protect\n|\n|-weather|Snow|[upkeep]\n|-heal|p2b: Gholdengo|26\/100|[from] item: Leftovers\n|-heal|p1a: Enamorus|100\/100|[from] item: Leftovers\n|-fieldend|move: Trick Room\n|upkeep\n|turn|11\n|\n|t:|1701009584\n|switch|p1b: Grimmsnarl|Grimmsnarl, L50, M, shiny|15\/100\n|move|p2a: Landorus|Rock Slide|p1b: Grimmsnarl|[spread] p1a,p1b\n|-resisted|p1a: Enamorus\n|-damage|p1a: Enamorus|97\/100\n|-damage|p1b: Grimmsnarl|0 fnt\n|faint|p1b: Grimmsnarl\n|cant|p1a: Enamorus|flinch\n|move|p2b: Gholdengo|Shadow Ball|p1a: Enamorus\n|-damage|p1a: Enamorus|0 fnt\n|faint|p1a: Enamorus\n|\n|-weather|Snow|[upkeep]\n|-heal|p2b: Gholdengo|32\/100|[from] item: Leftovers\n|upkeep\n|\n|t:|1701009598\n|switch|p1a: Heatran|Heatran, L50, F, shiny|100\/100\n|switch|p1b: Sinistcha|Sinistcha-Masterpiece, L50, shiny|100\/100\n|turn|12\n|\n|t:|1701009609\n|switch|p2a: Ninetales|Ninetales-Alola, L50, F|7\/100\n|move|p2b: Gholdengo|Protect|p2b: Gholdengo\n|-singleturn|p2b: Gholdengo|Protect\n|move|p1b: Sinistcha|Rage Powder|p1b: Sinistcha\n|-singleturn|p1b: Sinistcha|move: Rage Powder\n|move|p1a: Heatran|Heat Wave|p2a: Ninetales|[spread] p2a\n|-activate|p2b: Gholdengo|move: Protect\n|-supereffective|p2a: Ninetales\n|-damage|p2a: Ninetales|0 fnt\n|faint|p2a: Ninetales\n|\n|-weather|none\n|-heal|p2b: Gholdengo|38\/100|[from] item: Leftovers\n|upkeep\n|\n|t:|1701009619\n|switch|p2a: Landorus|Landorus-Therian, L50, M|25\/100\n|-ability|p2a: Landorus|Intimidate|boost\n|-unboost|p1a: Heatran|atk|1\n|-unboost|p1b: Sinistcha|atk|1\n|turn|13\n|\n|t:|1701009631\n|move|p1b: Sinistcha|Rage Powder|p1b: Sinistcha\n|-singleturn|p1b: Sinistcha|move: Rage Powder\n|move|p2a: Landorus|Rock Slide|p1a: Heatran|[spread] p1b\n|-miss|p2a: Landorus|p1a: Heatran\n|-damage|p1b: Sinistcha|81\/100\n|move|p2b: Gholdengo|Make It Rain|p1a: Heatran|[spread] p1a,p1b\n|-resisted|p1a: Heatran\n|-damage|p1a: Heatran|74\/100\n|-damage|p1b: Sinistcha|0 fnt\n|-unboost|p2b: Gholdengo|spa|1\n|faint|p1b: Sinistcha\n|move|p1a: Heatran|Heat Wave|p2b: Gholdengo|[spread] p2a,p2b\n|-supereffective|p2b: Gholdengo\n|-damage|p2a: Landorus|0 fnt\n|-damage|p2b: Gholdengo|0 fnt\n|faint|p2a: Landorus\n|faint|p2b: Gholdengo\n|\n|win|Stonny\n|raw|Stonny's rating: 1205 &rarr; <strong>1234<\/strong><br \/>(+29 for winning)\n|raw|FireYeti07's rating: 1260 &rarr; <strong>1231<\/strong><br \/>(-29 for losing)\n|l|\u2606FireYeti07\n|c|\u2606Stonny|gg\n","uploadtime":1701009653,"views":1,"p1id":"stonny","p2id":"fireyeti07","formatid":"gen9vgc2023regulatione","rating":1231,"private":0,"password":""}