{"id":"gen9vgc2023regulatione-1990291498","p1":"VGC Suggs","p2":"Mino907","format":"[Gen 9] VGC 2023 Regulation E","log":"|j|\u2606VGC Suggs\n|j|\u2606Mino907\n|t:|1699951752\n|gametype|doubles\n|player|p1|VGC Suggs|brock-gen1rb|1655\n|player|p2|Mino907|266|1788\n|teamsize|p1|6\n|teamsize|p2|6\n|gen|9\n|tier|[Gen 9] VGC 2023 Regulation E\n|rated|\n|rule|Species Clause: Limit one of each Pok\u00e9mon\n|rule|Item Clause: Limit one of each item\n|clearpoke\n|poke|p1|Sableye, L50, F|\n|poke|p1|Ninetales-Alola, L50, F|\n|poke|p1|Landorus, L50, M|\n|poke|p1|Ogerpon-Wellspring, L50, F|\n|poke|p1|Heatran, L50, F|\n|poke|p1|Iron Hands, L50|\n|poke|p2|Rillaboom, L50, F|\n|poke|p2|Tornadus, L50, M|\n|poke|p2|Landorus-Therian, L50, M|\n|poke|p2|Iron Hands, L50|\n|poke|p2|Flutter Mane, L50|\n|poke|p2|Heatran, L50, M|\n|teampreview|4\n|inactive|Battle timer is ON: inactive players will automatically lose when time's up. (requested by VGC Suggs)\n|\n|t:|1699951799\n|start\n|switch|p1a: Sableye|Sableye, L50, F|100\/100\n|switch|p1b: Ninetales|Ninetales-Alola, L50, F, shiny|100\/100\n|switch|p2a: Tornadus|Tornadus, L50, M|100\/100\n|switch|p2b: Flutter Mane|Flutter Mane, L50|100\/100\n|-weather|Snow|[from] ability: Snow Warning|[of] p1b: Ninetales\n|turn|1\n|\n|t:|1699951816\n|move|p2a: Tornadus|Sunny Day|p2a: Tornadus\n|-weather|SunnyDay\n|-activate|p2b: Flutter Mane|ability: Protosynthesis\n|-start|p2b: Flutter Mane|protosynthesisspa\n|move|p1a: Sableye|Gravity|p1a: Sableye\n|-fieldstart|move: Gravity\n|move|p2b: Flutter Mane|Dazzling Gleam|p1a: Sableye|[spread] p1a,p1b\n|-supereffective|p1a: Sableye\n|-damage|p1a: Sableye|0 fnt\n|-damage|p1b: Ninetales|40\/100\n|faint|p1a: Sableye\n|move|p1b: Ninetales|Blizzard|p2b: Flutter Mane|[spread] p2a,p2b\n|-supereffective|p2a: Tornadus\n|-damage|p2a: Tornadus|54\/100\n|-damage|p2b: Flutter Mane|75\/100\n|\n|-weather|SunnyDay|[upkeep]\n|upkeep\n|\n|t:|1699951819\n|switch|p1a: Landorus|Landorus, L50, M, shiny|100\/100\n|turn|2\n|\n|t:|1699951840\n|switch|p1b: Heatran|Heatran, L50, F, shiny|100\/100\n|move|p2a: Tornadus|Tailwind|p2a: Tornadus\n|-sidestart|p2: Mino907|move: Tailwind\n|move|p2b: Flutter Mane|Dazzling Gleam|p1b: Heatran|[spread] p1a,p1b\n|-resisted|p1b: Heatran\n|-damage|p1a: Landorus|31\/100\n|-damage|p1b: Heatran|85\/100\n|move|p1a: Landorus|Sandsear Storm|p2a: Tornadus|[spread] p2a,p2b\n|-damage|p2a: Tornadus|0 fnt\n|-damage|p2b: Flutter Mane|17\/100\n|faint|p2a: Tornadus\n|\n|-weather|SunnyDay|[upkeep]\n|upkeep\n|\n|t:|1699951861\n|switch|p2a: Iron Hands|Iron Hands, L50|100\/100\n|turn|3\n|\n|t:|1699951876\n|-terastallize|p2a: Iron Hands|Grass\n|move|p1b: Heatran|Protect|p1b: Heatran\n|-singleturn|p1b: Heatran|Protect\n|move|p1a: Landorus|Protect|p1a: Landorus\n|-singleturn|p1a: Landorus|Protect\n|move|p2b: Flutter Mane|Dazzling Gleam|p1a: Landorus|[spread] \n|-activate|p1a: Landorus|move: Protect\n|-activate|p1b: Heatran|move: Protect\n|move|p2a: Iron Hands|Drain Punch|p1b: Heatran\n|-activate|p1b: Heatran|move: Protect\n|\n|-weather|SunnyDay|[upkeep]\n|upkeep\n|turn|4\n|inactive|VGC Suggs has 30 seconds left.\n|\n|t:|1699951906\n|switch|p1a: Ninetales|Ninetales-Alola, L50, F, shiny|40\/100\n|-weather|Snow|[from] ability: Snow Warning|[of] p1a: Ninetales\n|-end|p2b: Flutter Mane|Protosynthesis\n|-terastallize|p1b: Heatran|Grass\n|move|p2b: Flutter Mane|Dazzling Gleam|p1a: Ninetales|[spread] p1a,p1b\n|-damage|p1a: Ninetales|0 fnt\n|-damage|p1b: Heatran|39\/100\n|faint|p1a: Ninetales\n|move|p2a: Iron Hands|Swords Dance|p2a: Iron Hands\n|-boost|p2a: Iron Hands|atk|2\n|move|p1b: Heatran|Flash Cannon|p2b: Flutter Mane\n|-supereffective|p2b: Flutter Mane\n|-damage|p2b: Flutter Mane|0 fnt\n|faint|p2b: Flutter Mane\n|-end|p2b: Flutter Mane|Protosynthesis|[silent]\n|\n|-weather|Snow|[upkeep]\n|upkeep\n|j| anima1_\n|\n|t:|1699951921\n|switch|p2b: Landorus|Landorus-Therian, L50, M|100\/100\n|switch|p1a: Landorus|Landorus, L50, M, shiny|31\/100\n|-ability|p2b: Landorus|Intimidate|boost\n|-unboost|p1a: Landorus|atk|1\n|-unboost|p1b: Heatran|atk|1\n|turn|5\n|l| anima1_\n|\n|t:|1699951944\n|move|p1b: Heatran|Protect|p1b: Heatran\n|-singleturn|p1b: Heatran|Protect\n|move|p1a: Landorus|Protect|p1a: Landorus\n|-singleturn|p1a: Landorus|Protect\n|move|p2b: Landorus|Rock Slide|p1a: Landorus|[spread] \n|-activate|p1a: Landorus|move: Protect\n|-activate|p1b: Heatran|move: Protect\n|move|p2a: Iron Hands|Drain Punch|p1b: Heatran\n|-activate|p1b: Heatran|move: Protect\n|\n|-weather|Snow|[upkeep]\n|-sideend|p2: Mino907|move: Tailwind\n|-fieldend|move: Gravity\n|upkeep\n|turn|6\n|\n|t:|1699951955\n|move|p2b: Landorus|Rock Slide|p1a: Landorus|[spread] p1a,p1b\n|-damage|p1a: Landorus|9\/100\n|-damage|p1b: Heatran|22\/100\n|move|p1b: Heatran|Magma Storm|p2a: Iron Hands\n|-supereffective|p2a: Iron Hands\n|-damage|p2a: Iron Hands|36\/100\n|-activate|p2a: Iron Hands|move: Magma Storm|[of] p1b: Heatran\n|-enditem|p2a: Iron Hands|Sitrus Berry|[eat]\n|-heal|p2a: Iron Hands|61\/100|[from] item: Sitrus Berry\n|move|p1a: Landorus|Weather Ball|p2b: Landorus\n|-supereffective|p2b: Landorus\n|-damage|p2b: Landorus|0 fnt\n|faint|p2b: Landorus\n|-damage|p1a: Landorus|0 fnt|[from] item: Life Orb\n|faint|p1a: Landorus\n|move|p2a: Iron Hands|Drain Punch|p1b: Heatran\n|-damage|p1b: Heatran|0 fnt\n|-heal|p2a: Iron Hands|69\/100|[from] drain|[of] p1b: Heatran\n|faint|p1b: Heatran\n|\n|win|Mino907\n|raw|VGC Suggs's rating: 1655 &rarr; <strong>1642<\/strong><br \/>(-13 for losing)\n|raw|Mino907's rating: 1788 &rarr; <strong>1801<\/strong><br \/>(+13 for winning)\n|l|\u2606Mino907\n","uploadtime":1699952012,"views":13,"p1id":"vgcsuggs","p2id":"mino907","formatid":"gen9vgc2023regulatione","rating":1642,"private":0,"password":""}