{"id":"gen9vgc2023regulatione-1989908747","p1":"killfery","p2":"ZonXJ","format":"[Gen 9] VGC 2023 Regulation E","log":"|j|\u2606killfery\n|j|\u2606ZonXJ\n|t:|1699905824\n|gametype|doubles\n|player|p1|killfery|harlequin|\n|player|p2|ZonXJ|archie-gen6|\n|teamsize|p1|6\n|teamsize|p2|6\n|gen|9\n|tier|[Gen 9] VGC 2023 Regulation E\n|rule|Species Clause: Limit one of each Pok\u00e9mon\n|rule|Item Clause: Limit one of each item\n|clearpoke\n|poke|p1|Chien-Pao, L50|\n|poke|p1|Dragapult, L50, M|\n|poke|p1|Garganacl, L50, F|\n|poke|p1|Iron Hands, L50|\n|poke|p1|Ogerpon-Hearthflame, L50, F|\n|poke|p1|Flutter Mane, L50|\n|poke|p2|Politoed, L50, M|\n|poke|p2|Chien-Pao, L50|\n|poke|p2|Ogerpon-Wellspring, L50, F|\n|poke|p2|Gothitelle, L50, F|\n|poke|p2|Basculegion, L50, M|\n|poke|p2|Zapdos, L50|\n|teampreview|4\nkillfery has agreed to open team sheets.\n|c|\u2606ZonXJ|best of 3?\n|c|\u2606killfery|This is my time\nZonXJ has agreed to open team sheets.\n|showteam|p1|Chien-Pao||FocusSash|SwordofRuin|Protect,IcicleCrash,SuckerPunch,NightSlash||||||50|,,,,,Ghost]Dragapult||MentalHerb|CursedBody|HydroPump,Infestation,SunnyDay,WillOWisp|||M|||50|,,,,,Poison]Garganacl||SitrusBerry|PurifyingSalt|SaltCure,Recover,Curse,StompingTantrum|||F|||50|,,,,,Ghost]Iron Hands||AssaultVest|QuarkDrive|FakeOut,DrainPunch,WildCharge,HeavySlam||||||50|,,,,,Water]Ogerpon-Hearthflame||HearthflameMask|MoldBreaker|SpikyShield,HornLeech,SwordsDance,IvyCudgel|||F|||50|,,,,,Fire]Flutter Mane||ChoiceSpecs|Protosynthesis|Moonblast,ShadowBall,PowerGem,Hex||||||50|,,,,,Ghost\n|showteam|p2|Politoed||DampRock|Drizzle|IcyWind,MuddyWater,PerishSong,Protect|||M|||50|,,,,,Grass]Chien-Pao||FocusSash|SwordofRuin|IceSpinner,SacredSword,SuckerPunch,Protect||||||50|,,,,,Ghost]Ogerpon-Wellspring||WellspringMask|WaterAbsorb|IvyCudgel,HornLeech,SpikyShield,FollowMe|||F|||50|,,,,,Water]Gothitelle||SitrusBerry|ShadowTag|Psyshock,FakeOut,TrickRoom,Protect|||F|||50|,,,,,Water]Basculegion||LifeOrb|SwiftSwim|WaveCrash,LastRespects,AquaJet,Protect|||M|||50|,,,,,Water]Zapdos||RockyHelmet|Static|Thunderbolt,Hurricane,Tailwind,Detect||||||50|,,,,,Steel\n|c|\u2606killfery|Well if its bo3 i lose this and I lose all, its okay with me\n|c|\u2606ZonXJ|it was not dragon move this whole time\n|c|\u2606ZonXJ|yeah that what i mean\n|c|\u2606killfery|Okay then\n|\n|t:|1699905902\n|start\n|switch|p1a: Dragapult|Dragapult, L50, M|100\/100\n|switch|p1b: Za Hando|Iron Hands, L50|100\/100\n|switch|p2a: Tai-Lung|Chien-Pao, L50|100\/100\n|switch|p2b: Calreath|Politoed, L50, M|100\/100\n|-ability|p2a: Tai-Lung|Sword of Ruin\n|-weather|RainDance|[from] ability: Drizzle|[of] p2b: Calreath\n|turn|1\n|\n|t:|1699905945\n|switch|p2a: DaUmbreonClan|Gothitelle, L50, F|100\/100\n|-terastallize|p1a: Dragapult|Poison\n|-terastallize|p2b: Calreath|Grass\n|move|p1b: Za Hando|Fake Out|p2b: Calreath\n|-damage|p2b: Calreath|84\/100\n|move|p1a: Dragapult|Sunny Day|p1a: Dragapult\n|-weather|SunnyDay\n|cant|p2b: Calreath|flinch\n|\n|-weather|SunnyDay|[upkeep]\n|upkeep\n|turn|2\n|\n|t:|1699905968\n|move|p2a: DaUmbreonClan|Fake Out|p1b: Za Hando\n|-damage|p1b: Za Hando|97\/100\n|move|p1a: Dragapult|Infestation|p2b: Calreath\n|-supereffective|p2b: Calreath\n|-damage|p2b: Calreath|74\/100\n|-activate|p2b: Calreath|move: Infestation|[of] p1a: Dragapult\n|move|p2b: Calreath|Perish Song|p2b: Calreath\n|-start|p1a: Dragapult|perish3|[silent]\n|-start|p1b: Za Hando|perish3|[silent]\n|-start|p2a: DaUmbreonClan|perish3|[silent]\n|-start|p2b: Calreath|perish3|[silent]\n|-fieldactivate|move: Perish Song\n|cant|p1b: Za Hando|flinch\n|\n|-weather|SunnyDay|[upkeep]\n|-damage|p2b: Calreath|62\/100|[from] move: Infestation|[partiallytrapped]\n|-start|p1a: Dragapult|perish3\n|-start|p2b: Calreath|perish3\n|-start|p2a: DaUmbreonClan|perish3\n|-start|p1b: Za Hando|perish3\n|upkeep\n|turn|3\n|c|\u2606ZonXJ|perish trap is so fun\n|c|\u2606killfery|IF I DIE WE ALL DIE\n|\n|t:|1699906000\n|move|p2b: Calreath|Protect|p2b: Calreath\n|-singleturn|p2b: Calreath|Protect\n|move|p2a: DaUmbreonClan|Protect|p2a: DaUmbreonClan\n|-singleturn|p2a: DaUmbreonClan|Protect\n|move|p1a: Dragapult|Infestation|p2a: DaUmbreonClan\n|-activate|p2a: DaUmbreonClan|move: Protect\n|move|p1b: Za Hando|Drain Punch|p2b: Calreath\n|-activate|p2b: Calreath|move: Protect\n|\n|-weather|SunnyDay|[upkeep]\n|-damage|p2b: Calreath|49\/100|[from] move: Infestation|[partiallytrapped]\n|-start|p1a: Dragapult|perish2\n|-start|p2b: Calreath|perish2\n|-start|p2a: DaUmbreonClan|perish2\n|-start|p1b: Za Hando|perish2\n|upkeep\n|turn|4\n|\n|t:|1699906017\n|move|p2b: Calreath|Protect||[still]\n|-fail|p2b: Calreath\n|move|p1a: Dragapult|Infestation|p2a: DaUmbreonClan\n|-supereffective|p2a: DaUmbreonClan\n|-damage|p2a: DaUmbreonClan|90\/100\n|-activate|p2a: DaUmbreonClan|move: Infestation|[of] p1a: Dragapult\n|move|p1b: Za Hando|Wild Charge|p2a: DaUmbreonClan\n|-damage|p2a: DaUmbreonClan|47\/100\n|-enditem|p2a: DaUmbreonClan|Sitrus Berry|[eat]\n|-heal|p2a: DaUmbreonClan|72\/100|[from] item: Sitrus Berry\n|-damage|p1b: Za Hando|89\/100|[from] Recoil\n|move|p2a: DaUmbreonClan|Trick Room|p2a: DaUmbreonClan\n|-fieldstart|move: Trick Room|[of] p2a: DaUmbreonClan\n|\n|-weather|SunnyDay|[upkeep]\n|-damage|p2a: DaUmbreonClan|60\/100|[from] move: Infestation|[partiallytrapped]\n|-damage|p2b: Calreath|37\/100|[from] move: Infestation|[partiallytrapped]\n|-start|p1b: Za Hando|perish1\n|-start|p2a: DaUmbreonClan|perish1\n|-start|p2b: Calreath|perish1\n|-start|p1a: Dragapult|perish1\n|upkeep\n|turn|5\n|\n|t:|1699906045\n|move|p1b: Za Hando|Drain Punch|p2b: Calreath\n|-damage|p2b: Calreath|0 fnt\n|-heal|p1b: Za Hando|100\/100|[from] drain|[of] p2b: Calreath\n|faint|p2b: Calreath\n|move|p2a: DaUmbreonClan|Psyshock|p1a: Dragapult\n|-supereffective|p1a: Dragapult\n|-damage|p1a: Dragapult|33\/100\n|move|p1a: Dragapult|Sunny Day||[still]\n|-fail|p1a: Dragapult\n|\n|-weather|none\n|-damage|p2a: DaUmbreonClan|47\/100|[from] move: Infestation|[partiallytrapped]\n|-start|p1b: Za Hando|perish0\n|-start|p2a: DaUmbreonClan|perish0\n|-start|p1a: Dragapult|perish0\n|faint|p1b: Za Hando\n|-end|p1b: Za Hando|Quark Drive|[silent]\n|faint|p2a: DaUmbreonClan\n|faint|p1a: Dragapult\n|upkeep\n|c|\u2606ZonXJ|whos left\n|c|\u2606ZonXJ|thats the question\n|\n|t:|1699906062\n|switch|p1b: Ogerpon|Ogerpon-Hearthflame, L50, F|100\/100\n|switch|p2a: uwu|Ogerpon-Wellspring, L50, F|100\/100\n|switch|p2b: Tai-Lung|Chien-Pao, L50|100\/100\n|switch|p1a: Ice Cream|Chien-Pao, L50|100\/100\n|-ability|p1b: Ogerpon|Mold Breaker\n|-ability|p1a: Ice Cream|Sword of Ruin\n|-ability|p2b: Tai-Lung|Sword of Ruin\n|turn|6\n|c|\u2606killfery|Yes\n|c|\u2606ZonXJ|shit\n|c|\u2606ZonXJ|i might lose now\n|c|\u2606killfery|Idk, with tr?\n|\n|t:|1699906133\n|move|p2a: uwu|Ivy Cudgel|p1a: Ice Cream\n|-damage|p1a: Ice Cream|33\/100\n|move|p1b: Ogerpon|Swords Dance|p1b: Ogerpon\n|-boost|p1b: Ogerpon|atk|2\n|move|p1a: Ice Cream|Icicle Crash|p2a: uwu|[miss]\n|-miss|p1a: Ice Cream|p2a: uwu\n|move|p2b: Tai-Lung|Sacred Sword|p1a: Ice Cream\n|-supereffective|p1a: Ice Cream\n|-damage|p1a: Ice Cream|0 fnt\n|faint|p1a: Ice Cream\n|\n|upkeep\n|turn|7\n|c|\u2606killfery|BRUH\n|c|\u2606ZonXJ|nm\n|c|\u2606ZonXJ|i thought it through wrong\n|\n|t:|1699906192\n|move|p2a: uwu|Spiky Shield|p2a: uwu\n|-singleturn|p2a: uwu|move: Protect\n|move|p1b: Ogerpon|Spiky Shield|p1b: Ogerpon\n|-singleturn|p1b: Ogerpon|move: Protect\n|move|p2b: Tai-Lung|Ice Spinner|p1b: Ogerpon\n|-activate|p1b: Ogerpon|move: Protect\n|-damage|p2b: Tai-Lung|88\/100|[from] Spiky Shield|[of] p1b: Ogerpon\n|\n|upkeep\n|turn|8\n|c|\u2606killfery|No sash\n|c|\u2606ZonXJ|hmm\n|\n|t:|1699906211\n|move|p2b: Tai-Lung|Sucker Punch|p1b: Ogerpon\n|-damage|p1b: Ogerpon|27\/100\n|move|p2a: uwu|Ivy Cudgel|p1b: Ogerpon\n|-damage|p1b: Ogerpon|0 fnt\n|faint|p1b: Ogerpon\n|\n|win|ZonXJ\n|c|\u2606killfery|AA\n|c|\u2606killfery|GGS\n|c|\u2606ZonXJ|gg\n|c|\u2606ZonXJ|what the speed\n|c|\u2606ZonXJ|of ur ogerpon\n|c|\u2606killfery|Well, nice 2 meet ya\n|c|\u2606ZonXJ|u2\n|c|\u2606killfery|Uuuh\n|c|\u2606killfery|lemme see\n|c|\u2606killfery|I have it 252+\n|c|\u2606ZonXJ|im 157 to out speed hisui arcainie\n|c|\u2606ZonXJ|i see\n|c|\u2606killfery|Im max, 178\n|c|\u2606ZonXJ|the trick room was the play\n|c|\u2606ZonXJ|gg\n|c|\u2606killfery|Yeah fr\n|c|\u2606ZonXJ|im hoppin off\n|c|\u2606killfery|wp bud\n|c|\u2606killfery|remember\n|c|\u2606killfery|supp dragapult its gonna win some worlds\n|c|\u2606killfery|see ya\n|c|\u2606ZonXJ|on god u2\n|l|\u2606killfery\n","uploadtime":1699907151,"views":7,"p1id":"killfery","p2id":"zonxj","formatid":"gen9vgc2023regulatione","rating":0,"private":0,"password":""}