{"id":"gen9vgc2023regulatione-1994708623","p1":"Alexmt48","p2":"BenGetsWeird","format":"[Gen 9] VGC 2023 Regulation E","log":"|j|\u2606Alexmt48\n|j|\u2606BenGetsWeird\n|t:|1700484027\n|gametype|doubles\n|player|p1|Alexmt48|170|1359\n|player|p2|BenGetsWeird|candice|1307\n|teamsize|p1|6\n|teamsize|p2|6\n|gen|9\n|tier|[Gen 9] VGC 2023 Regulation E\n|rated|\n|rule|Species Clause: Limit one of each Pok\u00e9mon\n|rule|Item Clause: Limit one of each item\n|clearpoke\n|poke|p1|Wo-Chien, L50|\n|poke|p1|Heatran, L50, F|\n|poke|p1|Indeedee-F, L50, F|\n|poke|p1|Armarouge, L50, M|\n|poke|p1|Ursaluna, L50, F|\n|poke|p1|Cresselia, L50, F|\n|poke|p2|Ninetales-Alola, L50, F|\n|poke|p2|Baxcalibur, L50, F|\n|poke|p2|Iron Hands, L50|\n|poke|p2|Chi-Yu, L50|\n|poke|p2|Tornadus, L50, M|\n|poke|p2|Farigiraf, L50, F|\n|teampreview|4\n|inactive|Battle timer is ON: inactive players will automatically lose when time's up. (requested by BenGetsWeird)\n|inactive|BenGetsWeird has 60 seconds left.\n|inactive|BenGetsWeird has 30 seconds left.\n|inactive|BenGetsWeird has 20 seconds left.\n|inactive|BenGetsWeird has 15 seconds left.\n|inactive|BenGetsWeird has 10 seconds left.\n|inactive|BenGetsWeird has 5 seconds left.\n|\n|t:|1700484114\n|start\n|switch|p1a: Heatran|Heatran, L50, F|100\/100\n|switch|p1b: Wo-Chien|Wo-Chien, L50|100\/100\n|switch|p2a: Cheat|Chi-Yu, L50|100\/100\n|switch|p2b: Lie|Farigiraf, L50, F, shiny|100\/100\n|-ability|p2a: Cheat|Beads of Ruin\n|-ability|p1b: Wo-Chien|Tablets of Ruin\n|turn|1\n|inactive|Alexmt48 has 30 seconds left.\n|inactive|BenGetsWeird has 30 seconds left.\n|inactive|BenGetsWeird has 20 seconds left.\n|\n|t:|1700484150\n|move|p1b: Wo-Chien|Protect|p1b: Wo-Chien\n|-singleturn|p1b: Wo-Chien|Protect\n|move|p2b: Lie|Protect|p2b: Lie\n|-singleturn|p2b: Lie|Protect\n|move|p2a: Cheat|Snarl|p1b: Wo-Chien|[spread] p1a\n|-activate|p1b: Wo-Chien|move: Protect\n|-damage|p1a: Heatran|78\/100\n|-unboost|p1a: Heatran|spa|1\n|move|p1a: Heatran|Earth Power|p2a: Cheat\n|-supereffective|p2a: Cheat\n|-damage|p2a: Cheat|55\/100\n|-unboost|p2a: Cheat|spd|1\n|\n|upkeep\n|turn|2\n|inactive|Alexmt48 has 30 seconds left.\n|inactive|BenGetsWeird has 30 seconds left.\n|inactive|Alexmt48 has 20 seconds left.\n|inactive|BenGetsWeird has 20 seconds left.\n|\n|t:|1700484194\n|switch|p2a: Believe|Ninetales-Alola, L50, F, shiny|100\/100\n|-weather|Snow|[from] ability: Snow Warning|[of] p2a: Believe\n|switch|p1b: Indeedee|Indeedee-F, L50, F|100\/100\n|-fieldstart|move: Psychic Terrain|[from] ability: Psychic Surge|[of] p1b: Indeedee\n|move|p1a: Heatran|Earth Power|p2a: Believe\n|-damage|p2a: Believe|76\/100\n|move|p2b: Lie|Dazzling Gleam|p1a: Heatran|[spread] p1a,p1b\n|-resisted|p1a: Heatran\n|-damage|p1a: Heatran|76\/100\n|-damage|p1b: Indeedee|83\/100\n|\n|-weather|Snow|[upkeep]\n|upkeep\n|turn|3\n|inactive|BenGetsWeird has 30 seconds left.\n|\n|t:|1700484221\n|move|p2a: Believe|Aurora Veil|p2a: Believe\n|-sidestart|p2: BenGetsWeird|move: Aurora Veil\n|move|p1a: Heatran|Magma Storm|p2a: Believe\n|-supereffective|p2a: Believe\n|-damage|p2a: Believe|21\/100\n|-activate|p2a: Believe|move: Magma Storm|[of] p1a: Heatran\n|move|p2b: Lie|Imprison|p2b: Lie\n|-start|p2b: Lie|move: Imprison\n|cant|p1b: Indeedee|move: Imprison|Trick Room\n|\n|-weather|Snow|[upkeep]\n|-damage|p2a: Believe|9\/100|[from] move: Magma Storm|[partiallytrapped]\n|upkeep\n|turn|4\n|inactive|Alexmt48 has 30 seconds left.\n|inactive|Alexmt48 has 20 seconds left.\n|inactive|Alexmt48 has 15 seconds left.\n|\n|t:|1700484264\n|switch|p1b: Wo-Chien|Wo-Chien, L50|100\/100\n|-ability|p1b: Wo-Chien|Tablets of Ruin\n|switch|p1a: Armarouge|Armarouge, L50, M|100\/100\n|move|p2b: Lie|Protect|p2b: Lie\n|-singleturn|p2b: Lie|Protect\n|move|p2a: Believe|Blizzard|p1a: Armarouge|[spread] p1a,p1b\n|-resisted|p1a: Armarouge\n|-supereffective|p1b: Wo-Chien\n|-damage|p1a: Armarouge|85\/100\n|-damage|p1b: Wo-Chien|62\/100\n|\n|-weather|Snow|[upkeep]\n|-heal|p1b: Wo-Chien|68\/100|[from] item: Leftovers\n|-end|p2a: Believe|Magma Storm|[partiallytrapped]|[silent]\n|upkeep\n|turn|5\n|inactive|Alexmt48 has 30 seconds left.\n|inactive|Alexmt48 has 20 seconds left.\n|inactive|Alexmt48 has 15 seconds left.\n|inactive|Alexmt48 has 10 seconds left.\n|inactive|Alexmt48 has 5 seconds left.\n|\n|t:|1700484318\n|-terastallize|p1b: Wo-Chien|Poison\n|move|p2a: Believe|Blizzard|p1a: Armarouge|[spread] p1a,p1b\n|-resisted|p1a: Armarouge\n|-damage|p1a: Armarouge|68\/100\n|-damage|p1b: Wo-Chien|49\/100\n|move|p1b: Wo-Chien|Ruination|p2b: Lie\n|-damage|p2b: Lie|50\/100\n|move|p2b: Lie|Dazzling Gleam|p1a: Armarouge|[spread] p1a,p1b\n|-resisted|p1a: Armarouge\n|-resisted|p1b: Wo-Chien\n|-damage|p1a: Armarouge|58\/100\n|-damage|p1b: Wo-Chien|44\/100\n|move|p1a: Armarouge|Expanding Force|p2a: Believe|[spread] p2a,p2b\n|-resisted|p2b: Lie\n|-damage|p2a: Believe|0 fnt\n|-damage|p2b: Lie|24\/100\n|faint|p2a: Believe\n|-damage|p1a: Armarouge|48\/100|[from] item: Life Orb\n|\n|-weather|Snow|[upkeep]\n|-heal|p1b: Wo-Chien|50\/100|[from] item: Leftovers\n|upkeep\n|\n|t:|1700484339\n|switch|p2a: Cheat|Chi-Yu, L50|55\/100\n|-ability|p2a: Cheat|Beads of Ruin\n|turn|6\n|inactive|Alexmt48 has 30 seconds left.\n|inactive|Alexmt48 has 20 seconds left.\n|\n|t:|1700484375\n|move|p2b: Lie|Protect|p2b: Lie\n|-singleturn|p2b: Lie|Protect\n|move|p2a: Cheat|Snarl|p1b: Wo-Chien|[spread] p1a,p1b\n|-supereffective|p1a: Armarouge\n|-damage|p1a: Armarouge|0 fnt\n|-damage|p1b: Wo-Chien|23\/100\n|-unboost|p1b: Wo-Chien|spa|1\n|faint|p1a: Armarouge\n|move|p1b: Wo-Chien|Leech Seed|p2a: Cheat|[miss]\n|-miss|p1b: Wo-Chien|p2a: Cheat\n|\n|-weather|none\n|-heal|p1b: Wo-Chien|29\/100|[from] item: Leftovers\n|-fieldend|move: Psychic Terrain\n|upkeep\n|\n|t:|1700484393\n|switch|p1a: Heatran|Heatran, L50, F|76\/100\n|turn|7\n|\n|t:|1700484410\n|move|p2a: Cheat|Snarl|p1b: Wo-Chien|[spread] p1a,p1b\n|-damage|p1a: Heatran|52\/100\n|-damage|p1b: Wo-Chien|0 fnt\n|-unboost|p1a: Heatran|spa|1\n|faint|p1b: Wo-Chien\n|move|p1a: Heatran|Earth Power|p2a: Cheat\n|-supereffective|p2a: Cheat\n|-damage|p2a: Cheat|22\/100\n|-unboost|p2a: Cheat|spd|1\n|move|p2b: Lie|Dazzling Gleam|p1a: Heatran\n|-resisted|p1a: Heatran\n|-damage|p1a: Heatran|48\/100\n|\n|upkeep\n|inactive|Alexmt48 has 30 seconds left.\n|inactive|Alexmt48 has 20 seconds left.\n|\n|t:|1700484449\n|switch|p1b: Indeedee|Indeedee-F, L50, F|83\/100\n|-fieldstart|move: Psychic Terrain|[from] ability: Psychic Surge|[of] p1b: Indeedee\n|turn|8\n|\n|t:|1700484460\n|move|p2b: Lie|Protect|p2b: Lie\n|-singleturn|p2b: Lie|Protect\n|move|p1b: Indeedee|Follow Me|p1b: Indeedee\n|-singleturn|p1b: Indeedee|move: Follow Me\n|move|p2a: Cheat|Snarl|p1b: Indeedee|[spread] p1a,p1b\n|-supereffective|p1b: Indeedee\n|-damage|p1a: Heatran|22\/100\n|-damage|p1b: Indeedee|0 fnt\n|-unboost|p1a: Heatran|spa|1\n|faint|p1b: Indeedee\n|move|p1a: Heatran|Earth Power|p2a: Cheat\n|-supereffective|p2a: Cheat\n|-damage|p2a: Cheat|0 fnt\n|faint|p2a: Cheat\n|\n|upkeep\n|\n|t:|1700484472\n|switch|p2a: Hope|Iron Hands, L50, shiny|100\/100\n|turn|9\n|\n|t:|1700484484\n|move|p1a: Heatran|Earth Power|p2b: Lie\n|-damage|p2b: Lie|15\/100\n|move|p2b: Lie|Dazzling Gleam|p1a: Heatran\n|-resisted|p1a: Heatran\n|-damage|p1a: Heatran|20\/100\n|move|p2a: Hope|Close Combat|p1a: Heatran\n|-supereffective|p1a: Heatran\n|-damage|p1a: Heatran|0 fnt\n|-unboost|p2a: Hope|def|1\n|-unboost|p2a: Hope|spd|1\n|faint|p1a: Heatran\n|\n|win|BenGetsWeird\n|raw|Alexmt48's rating: 1359 &rarr; <strong>1336<\/strong><br \/>(-23 for losing)\n|raw|BenGetsWeird's rating: 1307 &rarr; <strong>1330<\/strong><br \/>(+23 for winning)\n|l|\u2606Alexmt48\n","uploadtime":1700484495,"views":17,"p1id":"alexmt48","p2id":"bengetsweird","formatid":"gen9vgc2023regulatione","rating":1330,"private":0,"password":""}