{"id":"gen9vgc2023regulatione-1988663238","p1":"CharlienoB","p2":"Clementina14","format":"[Gen 9] VGC 2023 Regulation E","log":"|j|\u2606CharlienoB\n|j|\u2606Clementina14\n|t:|1699747774\n|gametype|doubles\n|player|p1|CharlienoB|102|1210\n|player|p2|Clementina14|cynthia|1106\n|teamsize|p1|6\n|teamsize|p2|6\n|gen|9\n|tier|[Gen 9] VGC 2023 Regulation E\n|rated|\n|rule|Species Clause: Limit one of each Pok\u00e9mon\n|rule|Item Clause: Limit one of each item\n|clearpoke\n|poke|p1|Salamence, L50, M|\n|poke|p1|Landorus, L50, M|\n|poke|p1|Pelipper, L50, M|\n|poke|p1|Arcanine-Hisui, L50, M|\n|poke|p1|Rillaboom, L50, F|\n|poke|p1|Beartic, L50, F|\n|poke|p2|Mimikyu, L50, M|\n|poke|p2|Maushold, L50|\n|poke|p2|Goodra-Hisui, L50, M|\n|poke|p2|Pelipper, L50, M|\n|poke|p2|Kommo-o, L50, M|\n|poke|p2|Klefki, L50, M|\n|teampreview|4\n|\n|t:|1699747822\n|start\n|switch|p1a: Arcanine|Arcanine-Hisui, L50, M|100\/100\n|switch|p1b: Rillaboom|Rillaboom, L50, F|100\/100\n|switch|p2a: Pelipper|Pelipper, L50, M|100\/100\n|switch|p2b: Maushold|Maushold, L50|100\/100\n|-ability|p1a: Arcanine|Intimidate|boost\n|-unboost|p2a: Pelipper|atk|1\n|-unboost|p2b: Maushold|atk|1\n|-fieldstart|move: Grassy Terrain|[from] ability: Grassy Surge|[of] p1b: Rillaboom\n|-weather|RainDance|[from] ability: Drizzle|[of] p2a: Pelipper\n|turn|1\n|\n|t:|1699747849\n|-terastallize|p1a: Arcanine|Ghost\n|move|p2b: Maushold|Encore||[still]\n|-fail|p2b: Maushold\n|move|p1a: Arcanine|Howl|p1a: Arcanine|[spread] p1a,p1b\n|-boost|p1a: Arcanine|atk|1\n|-boost|p1b: Rillaboom|atk|1\n|move|p1b: Rillaboom|Wood Hammer|p2a: Pelipper\n|-damage|p2a: Pelipper|26\/100\n|-damage|p1b: Rillaboom|77\/100|[from] Recoil\n|-enditem|p2a: Pelipper|Red Card|[of] p1b: Rillaboom\n|drag|p1b: Landorus|Landorus, L50, M|100\/100\n|move|p2a: Pelipper|Tailwind|p2a: Pelipper\n|-sidestart|p2: Clementina14|move: Tailwind\n|\n|-weather|RainDance|[upkeep]\n|upkeep\n|turn|2\n|\n|t:|1699747872\n|move|p1a: Arcanine|Extreme Speed|p2a: Pelipper\n|-damage|p2a: Pelipper|4\/100\n|move|p2b: Maushold|Taunt|p1a: Arcanine\n|-start|p1a: Arcanine|move: Taunt\n|move|p2a: Pelipper|Roost|p2a: Pelipper\n|-heal|p2a: Pelipper|54\/100\n|-singleturn|p2a: Pelipper|move: Roost\n|move|p1b: Landorus|Sandsear Storm|p2b: Maushold|[spread] p2a,p2b\n|-damage|p2a: Pelipper|0 fnt\n|-damage|p2b: Maushold|38\/100\n|faint|p2a: Pelipper\n|\n|-weather|RainDance|[upkeep]\n|-heal|p2b: Maushold|44\/100|[from] Grassy Terrain\n|upkeep\n|\n|t:|1699747892\n|switch|p2a: Kommo-o|Kommo-o, L50, M|100\/100\n|turn|3\n|\n|t:|1699747905\n|move|p2b: Maushold|Super Fang|p1b: Landorus\n|-damage|p1b: Landorus|50\/100\n|move|p2a: Kommo-o|Clangorous Soul|p2a: Kommo-o\n|-boost|p2a: Kommo-o|atk|1\n|-boost|p2a: Kommo-o|def|1\n|-boost|p2a: Kommo-o|spa|1\n|-boost|p2a: Kommo-o|spd|1\n|-boost|p2a: Kommo-o|spe|1\n|-damage|p2a: Kommo-o|68\/100\n|-enditem|p2a: Kommo-o|Throat Spray\n|-boost|p2a: Kommo-o|spa|1|[from] item: Throat Spray\n|move|p1a: Arcanine|Flare Blitz|p2a: Kommo-o\n|-resisted|p2a: Kommo-o\n|-damage|p2a: Kommo-o|58\/100\n|-damage|p1a: Arcanine|98\/100|[from] Recoil\n|move|p1b: Landorus|Sandsear Storm|p2a: Kommo-o|[spread] p2a,p2b\n|-damage|p2a: Kommo-o|24\/100\n|-damage|p2b: Maushold|0 fnt\n|faint|p2b: Maushold\n|\n|-weather|RainDance|[upkeep]\n|-heal|p2a: Kommo-o|30\/100|[from] Grassy Terrain\n|-heal|p1a: Arcanine|100\/100|[from] Grassy Terrain\n|upkeep\n|\n|t:|1699747909\n|switch|p2b: Mimikyu|Mimikyu, L50, M|100\/100\n|turn|4\n|\n|t:|1699747932\n|-terastallize|p2a: Kommo-o|Steel\n|move|p1b: Landorus|Protect|p1b: Landorus\n|-singleturn|p1b: Landorus|Protect\n|move|p2a: Kommo-o|Clanging Scales|p1b: Landorus|[spread] p1a\n|-activate|p1b: Landorus|move: Protect\n|-damage|p1a: Arcanine|12\/100\n|-enditem|p1a: Arcanine|Sitrus Berry|[eat]\n|-heal|p1a: Arcanine|36\/100|[from] item: Sitrus Berry\n|-unboost|p2a: Kommo-o|def|1\n|move|p2b: Mimikyu|Swords Dance|p2b: Mimikyu\n|-boost|p2b: Mimikyu|atk|2\n|move|p1a: Arcanine|Rock Slide|p2a: Kommo-o|[spread] p2a\n|-miss|p1a: Arcanine|p2b: Mimikyu\n|-resisted|p2a: Kommo-o\n|-damage|p2a: Kommo-o|10\/100\n|\n|-weather|RainDance|[upkeep]\n|-heal|p2a: Kommo-o|16\/100|[from] Grassy Terrain\n|-heal|p1a: Arcanine|42\/100|[from] Grassy Terrain\n|-sideend|p2: Clementina14|move: Tailwind\n|upkeep\n|turn|5\n|\n|t:|1699747964\n|move|p1a: Arcanine|Extreme Speed|p2a: Kommo-o\n|-resisted|p2a: Kommo-o\n|-damage|p2a: Kommo-o|0 fnt\n|faint|p2a: Kommo-o\n|move|p2b: Mimikyu|Swords Dance|p2b: Mimikyu\n|-boost|p2b: Mimikyu|atk|2\n|move|p1b: Landorus|Sandsear Storm|p2b: Mimikyu\n|-activate|p2b: Mimikyu|ability: Disguise\n|-damage|p2b: Mimikyu|100\/100\n|detailschange|p2b: Mimikyu|Mimikyu-Busted, L50, M\n|-damage|p2b: Mimikyu|88\/100|[from] pokemon: Mimikyu-Busted\n|\n|-weather|none\n|-heal|p2b: Mimikyu|94\/100|[from] Grassy Terrain\n|-heal|p1a: Arcanine|48\/100|[from] Grassy Terrain\n|-end|p1a: Arcanine|move: Taunt\n|-fieldend|move: Grassy Terrain\n|upkeep\n|turn|6\n|\n|t:|1699747985\n|switch|p1a: Rillaboom|Rillaboom, L50, F|77\/100\n|-fieldstart|move: Grassy Terrain|[from] ability: Grassy Surge|[of] p1a: Rillaboom\n|move|p2b: Mimikyu|Shadow Sneak|p1a: Rillaboom\n|-damage|p1a: Rillaboom|3\/100\n|-damage|p2b: Mimikyu|84\/100|[from] item: Life Orb\n|move|p1b: Landorus|Sludge Bomb|p2b: Mimikyu\n|-damage|p2b: Mimikyu|27\/100\n|\n|-heal|p2b: Mimikyu|34\/100|[from] Grassy Terrain\n|-heal|p1a: Rillaboom|8\/100|[from] Grassy Terrain\n|upkeep\n|turn|7\n|\n|t:|1699748005\n|move|p1a: Rillaboom|Fake Out|p2b: Mimikyu\n|-immune|p2b: Mimikyu\n|move|p2b: Mimikyu|Drain Punch|p1b: Landorus\n|-resisted|p1b: Landorus\n|-damage|p1b: Landorus|19\/100\n|-heal|p2b: Mimikyu|57\/100|[from] drain|[of] p1b: Landorus\n|-damage|p2b: Mimikyu|47\/100|[from] item: Life Orb\n|move|p1b: Landorus|Sludge Bomb|p2b: Mimikyu\n|-damage|p2b: Mimikyu|0 fnt\n|faint|p2b: Mimikyu\n|\n|win|CharlienoB\n|raw|CharlienoB's rating: 1210 &rarr; <strong>1228<\/strong><br \/>(+18 for winning)\n|raw|Clementina14's rating: 1106 &rarr; <strong>1088<\/strong><br \/>(-18 for losing)\n|l|\u2606Clementina14\n","uploadtime":1699748012,"views":14,"p1id":"charlienob","p2id":"clementina14","formatid":"gen9vgc2023regulatione","rating":1088,"private":0,"password":""}