{"id":"gen9vgc2023regulatione-1988638364","p1":"inkylove","p2":"Shinymeister","format":"[Gen 9] VGC 2023 Regulation E","log":"|j|\u2606inkylove\n|j|\u2606Shinymeister\n|t:|1699744870\n|gametype|doubles\n|player|p1|inkylove|pokekid|1230\n|player|p2|Shinymeister|265|1155\n|teamsize|p1|6\n|teamsize|p2|6\n|gen|9\n|tier|[Gen 9] VGC 2023 Regulation E\n|rated|\n|rule|Species Clause: Limit one of each Pok\u00e9mon\n|rule|Item Clause: Limit one of each item\n|clearpoke\n|poke|p1|Moltres-Galar, L50|\n|poke|p1|Grimmsnarl, L50, M|\n|poke|p1|Ogerpon-Wellspring, L50, F|\n|poke|p1|Flutter Mane, L50|\n|poke|p1|Iron Hands, L50|\n|poke|p1|Tornadus, L50, M|\n|poke|p2|Magneton, L50|\n|poke|p2|Rillaboom, L50, M|\n|poke|p2|Landorus-Therian, L50, M|\n|poke|p2|Sinistcha-Masterpiece, L50|\n|poke|p2|Arcanine-Hisui, L50, F|\n|poke|p2|Regidrago, L50|\n|teampreview|4\n|inactive|Battle timer is ON: inactive players will automatically lose when time's up. (requested by inkylove)\n|inactive|Shinymeister has 60 seconds left.\n|\n|t:|1699744912\n|start\n|switch|p1a: Grimmsnarl|Grimmsnarl, L50, M|100\/100\n|switch|p1b: Flutter Mane|Flutter Mane, L50|100\/100\n|switch|p2a: Rillaboom|Rillaboom, L50, M|100\/100\n|switch|p2b: Regidrago|Regidrago, L50|100\/100\n|-fieldstart|move: Grassy Terrain|[from] ability: Grassy Surge|[of] p2a: Rillaboom\n|-enditem|p1b: Flutter Mane|Booster Energy\n|-activate|p1b: Flutter Mane|ability: Protosynthesis|[fromitem]\n|-start|p1b: Flutter Mane|protosynthesisspe\n|turn|1\n|inactive|Shinymeister has 30 seconds left.\n|\n|t:|1699744939\n|move|p2b: Regidrago|Protect|p2b: Regidrago\n|-singleturn|p2b: Regidrago|Protect\n|move|p1a: Grimmsnarl|Light Screen|p1a: Grimmsnarl\n|-sidestart|p1: inkylove|move: Light Screen\n|move|p1b: Flutter Mane|Moonblast|p2b: Regidrago\n|-activate|p2b: Regidrago|move: Protect\n|move|p2a: Rillaboom|Knock Off|p1b: Flutter Mane\n|-damage|p1b: Flutter Mane|59\/100\n|\n|-heal|p1b: Flutter Mane|65\/100|[from] Grassy Terrain\n|upkeep\n|turn|2\n|\n|t:|1699744956\n|switch|p2b: Magneton|Magneton, L50, shiny|100\/100\n|move|p2a: Rillaboom|Grassy Glide|p1b: Flutter Mane\n|-damage|p1b: Flutter Mane|0 fnt\n|faint|p1b: Flutter Mane\n|-end|p1b: Flutter Mane|Protosynthesis|[silent]\n|move|p1a: Grimmsnarl|Reflect|p1a: Grimmsnarl\n|-sidestart|p1: inkylove|Reflect\n|\n|upkeep\n|\n|t:|1699744965\n|switch|p1b: Iron Hands|Iron Hands, L50|100\/100\n|turn|3\n|\n|t:|1699744977\n|move|p2a: Rillaboom|Knock Off|p1b: Iron Hands\n|-resisted|p1b: Iron Hands\n|-damage|p1b: Iron Hands|92\/100\n|-enditem|p1b: Iron Hands|Assault Vest|[from] move: Knock Off|[of] p2a: Rillaboom\n|move|p2b: Magneton|Electroweb|p1a: Grimmsnarl|[spread] p1a,p1b\n|-resisted|p1b: Iron Hands\n|-damage|p1a: Grimmsnarl|91\/100\n|-damage|p1b: Iron Hands|88\/100\n|-unboost|p1a: Grimmsnarl|spe|1\n|-unboost|p1b: Iron Hands|spe|1\n|move|p1a: Grimmsnarl|Spirit Break|p2a: Rillaboom\n|-damage|p2a: Rillaboom|70\/100\n|-unboost|p2a: Rillaboom|spa|1\n|move|p1b: Iron Hands|Drain Punch|p2b: Magneton\n|-supereffective|p2b: Magneton\n|-damage|p2b: Magneton|38\/100\n|-heal|p1b: Iron Hands|100\/100|[from] drain|[of] p2b: Magneton\n|\n|-heal|p2a: Rillaboom|76\/100|[from] Grassy Terrain\n|-heal|p2b: Magneton|44\/100|[from] Grassy Terrain\n|-heal|p1a: Grimmsnarl|97\/100|[from] Grassy Terrain\n|upkeep\n|turn|4\n|\n|t:|1699745001\n|move|p2b: Magneton|Protect|p2b: Magneton\n|-singleturn|p2b: Magneton|Protect\n|move|p2a: Rillaboom|U-turn|p1a: Grimmsnarl\n|-damage|p1a: Grimmsnarl|79\/100\n|\n|t:|1699745008\n|switch|p2a: Landorus|Landorus-Therian, L50, M|100\/100|[from] U-turn\n|-ability|p2a: Landorus|Intimidate|boost\n|-unboost|p1a: Grimmsnarl|atk|1\n|-unboost|p1b: Iron Hands|atk|1\n|move|p1a: Grimmsnarl|Spirit Break|p2a: Landorus\n|-damage|p2a: Landorus|76\/100\n|-unboost|p2a: Landorus|spa|1\n|move|p1b: Iron Hands|Drain Punch|p2b: Magneton\n|-activate|p2b: Magneton|move: Protect\n|\n|-heal|p2b: Magneton|50\/100|[from] Grassy Terrain\n|-heal|p1a: Grimmsnarl|85\/100|[from] Grassy Terrain\n|upkeep\n|turn|5\n|inactive|Shinymeister has 30 seconds left.\n|\n|t:|1699745037\n|-end|p1b: Iron Hands|Quark Drive|[silent]\n|switch|p1b: Ogerpon|Ogerpon-Wellspring, L50, F|100\/100\n|-terastallize|p2a: Landorus|Flying\n|move|p2a: Landorus|Tera Blast|p1b: Ogerpon|[anim] Tera Blast Flying\n|-supereffective|p1b: Ogerpon\n|-damage|p1b: Ogerpon|0 fnt\n|faint|p1b: Ogerpon\n|move|p2b: Magneton|Electroweb|p1a: Grimmsnarl|[miss]\n|-miss|p2b: Magneton|p1a: Grimmsnarl\n|move|p1a: Grimmsnarl|Spirit Break|p2b: Magneton\n|-resisted|p2b: Magneton\n|-crit|p2b: Magneton\n|-damage|p2b: Magneton|34\/100\n|-unboost|p2b: Magneton|spa|1\n|\n|-heal|p2b: Magneton|39\/100|[from] Grassy Terrain\n|-heal|p1a: Grimmsnarl|91\/100|[from] Grassy Terrain\n|-fieldend|move: Grassy Terrain\n|upkeep\n|\n|t:|1699745047\n|switch|p1b: Iron Hands|Iron Hands, L50|100\/100\n|turn|6\n|\n|t:|1699745061\n|move|p1b: Iron Hands|Fake Out|p2a: Landorus\n|-damage|p2a: Landorus|58\/100\n|cant|p2a: Landorus|flinch\n|move|p2b: Magneton|Electroweb|p1a: Grimmsnarl|[spread] p1a\n|-miss|p2b: Magneton|p1b: Iron Hands\n|-damage|p1a: Grimmsnarl|84\/100\n|-unboost|p1a: Grimmsnarl|spe|1\n|move|p1a: Grimmsnarl|Spirit Break|p2a: Landorus\n|-damage|p2a: Landorus|34\/100\n|-unboost|p2a: Landorus|spa|1\n|\n|upkeep\n|turn|7\n|\n|t:|1699745079\n|-terastallize|p1b: Iron Hands|Fire\n|move|p2a: Landorus|Tera Blast|p1b: Iron Hands|[anim] Tera Blast Flying\n|-damage|p1b: Iron Hands|72\/100\n|move|p2b: Magneton|Volt Switch|p1a: Grimmsnarl\n|-damage|p1a: Grimmsnarl|72\/100\n|\n|t:|1699745090\n|switch|p2b: Rillaboom|Rillaboom, L50, M|76\/100|[from] Volt Switch\n|-fieldstart|move: Grassy Terrain|[from] ability: Grassy Surge|[of] p2b: Rillaboom\n|move|p1b: Iron Hands|Heavy Slam|p2a: Landorus\n|-damage|p2a: Landorus|0 fnt\n|faint|p2a: Landorus\n|move|p1a: Grimmsnarl|Spirit Break|p2b: Rillaboom\n|-damage|p2b: Rillaboom|58\/100\n|-unboost|p2b: Rillaboom|spa|1\n|\n|-heal|p2b: Rillaboom|64\/100|[from] Grassy Terrain\n|-heal|p1b: Iron Hands|78\/100|[from] Grassy Terrain\n|-heal|p1a: Grimmsnarl|78\/100|[from] Grassy Terrain\n|upkeep\n|\n|t:|1699745108\n|switch|p2a: Regidrago|Regidrago, L50|100\/100\n|turn|8\n|\n|t:|1699745120\n|move|p2b: Rillaboom|Fake Out|p1a: Grimmsnarl\n|-damage|p1a: Grimmsnarl|68\/100\n|move|p2a: Regidrago|Earth Power|p1b: Iron Hands\n|-supereffective|p1b: Iron Hands\n|-damage|p1b: Iron Hands|53\/100\n|move|p1b: Iron Hands|Drain Punch|p2b: Rillaboom\n|-damage|p2b: Rillaboom|27\/100\n|-heal|p1b: Iron Hands|69\/100|[from] drain|[of] p2b: Rillaboom\n|cant|p1a: Grimmsnarl|flinch\n|\n|-heal|p2b: Rillaboom|33\/100|[from] Grassy Terrain\n|-heal|p1b: Iron Hands|75\/100|[from] Grassy Terrain\n|-heal|p1a: Grimmsnarl|74\/100|[from] Grassy Terrain\n|-sideend|p1: inkylove|move: Light Screen\n|upkeep\n|turn|9\n|inactive|Shinymeister has 30 seconds left.\n|inactive|Shinymeister has 20 seconds left.\n|inactive|Shinymeister has 15 seconds left.\n|\n|t:|1699745161\n|move|p1a: Grimmsnarl|Light Screen|p1a: Grimmsnarl\n|-sidestart|p1: inkylove|move: Light Screen\n|move|p2a: Regidrago|Dragon Energy|p1b: Iron Hands|[spread] p1b\n|-immune|p1a: Grimmsnarl\n|-damage|p1b: Iron Hands|32\/100\n|move|p2b: Rillaboom|U-turn|p1a: Grimmsnarl\n|-damage|p1a: Grimmsnarl|56\/100\n|\n|t:|1699745169\n|switch|p2b: Magneton|Magneton, L50, shiny|39\/100|[from] U-turn\n|move|p1b: Iron Hands|Drain Punch|p2b: Magneton\n|-supereffective|p2b: Magneton\n|-damage|p2b: Magneton|0 fnt\n|-heal|p1b: Iron Hands|45\/100|[from] drain|[of] p2b: Magneton\n|faint|p2b: Magneton\n|\n|-heal|p1b: Iron Hands|51\/100|[from] Grassy Terrain\n|-heal|p1a: Grimmsnarl|62\/100|[from] Grassy Terrain\n|-sideend|p1: inkylove|Reflect\n|upkeep\n|\n|t:|1699745179\n|switch|p2b: Rillaboom|Rillaboom, L50, M|33\/100\n|turn|10\n|\n|t:|1699745191\n|move|p2b: Rillaboom|Fake Out|p1a: Grimmsnarl\n|-damage|p1a: Grimmsnarl|48\/100\n|move|p2a: Regidrago|Dragon Energy|p1b: Iron Hands|[spread] p1b\n|-immune|p1a: Grimmsnarl\n|-damage|p1b: Iron Hands|9\/100\n|move|p1b: Iron Hands|Drain Punch|p2a: Regidrago\n|-damage|p2a: Regidrago|50\/100\n|-heal|p1b: Iron Hands|38\/100|[from] drain|[of] p2a: Regidrago\n|cant|p1a: Grimmsnarl|flinch\n|\n|-heal|p2a: Regidrago|57\/100|[from] Grassy Terrain\n|-heal|p2b: Rillaboom|39\/100|[from] Grassy Terrain\n|-heal|p1b: Iron Hands|44\/100|[from] Grassy Terrain\n|-heal|p1a: Grimmsnarl|53\/100|[from] Grassy Terrain\n|upkeep\n|turn|11\n|\n|t:|1699745214\n|move|p2b: Rillaboom|Grassy Glide|p1b: Iron Hands\n|-resisted|p1b: Iron Hands\n|-damage|p1b: Iron Hands|29\/100\n|move|p2a: Regidrago|Earth Power|p1b: Iron Hands\n|-supereffective|p1b: Iron Hands\n|-damage|p1b: Iron Hands|0 fnt\n|faint|p1b: Iron Hands\n|-end|p1b: Iron Hands|Quark Drive|[silent]\n|move|p1a: Grimmsnarl|Spirit Break|p2a: Regidrago\n|-supereffective|p2a: Regidrago\n|-damage|p2a: Regidrago|14\/100\n|-unboost|p2a: Regidrago|spa|1\n|\n|-heal|p2a: Regidrago|20\/100|[from] Grassy Terrain\n|-heal|p2b: Rillaboom|44\/100|[from] Grassy Terrain\n|-heal|p1a: Grimmsnarl|59\/100|[from] Grassy Terrain\n|-fieldend|move: Grassy Terrain\n|upkeep\n|turn|12\n|inactive|Shinymeister has 30 seconds left.\n|\n|t:|1699745247\n|move|p1a: Grimmsnarl|Reflect|p1a: Grimmsnarl\n|-sidestart|p1: inkylove|Reflect\n|move|p2a: Regidrago|Earth Power|p1a: Grimmsnarl\n|-damage|p1a: Grimmsnarl|49\/100\n|move|p2b: Rillaboom|Knock Off|p1a: Grimmsnarl\n|-resisted|p1a: Grimmsnarl\n|-crit|p1a: Grimmsnarl\n|-damage|p1a: Grimmsnarl|34\/100\n|-enditem|p1a: Grimmsnarl|Light Clay|[from] move: Knock Off|[of] p2b: Rillaboom\n|\n|upkeep\n|turn|13\n|\n|t:|1699745264\n|move|p2a: Regidrago|Earth Power|p1a: Grimmsnarl\n|-damage|p1a: Grimmsnarl|24\/100\n|move|p2b: Rillaboom|Grassy Glide|p1a: Grimmsnarl\n|-damage|p1a: Grimmsnarl|2\/100\n|move|p1a: Grimmsnarl|Spirit Break|p2b: Rillaboom\n|-damage|p2b: Rillaboom|27\/100\n|-unboost|p2b: Rillaboom|spa|1\n|\n|upkeep\n|turn|14\n|\n|t:|1699745276\n|move|p2a: Regidrago|Earth Power|p1a: Grimmsnarl\n|-damage|p1a: Grimmsnarl|0 fnt\n|faint|p1a: Grimmsnarl\n|\n|win|Shinymeister\n|raw|inkylove's rating: 1230 &rarr; <strong>1200<\/strong><br \/>(-30 for losing)\n|raw|Shinymeister's rating: 1155 &rarr; <strong>1185<\/strong><br \/>(+30 for winning)\n","uploadtime":1699745280,"views":20,"p1id":"inkylove","p2id":"shinymeister","formatid":"gen9vgc2023regulatione","rating":1185,"private":0,"password":""}