{"id":"gen9vgc2023regulatione-1988950009","p1":"Castform Gaming\u2714\ufe0f","p2":"Animod2","format":"[Gen 9] VGC 2023 Regulation E","log":"|j|\u2606Castform Gaming\u2714\ufe0f\n|j|\u2606Animod2\n|n|\u2606Castform Gaming\u2714\ufe0f|castformgaming\n|n|\u2606Animod2|animod2\n|html|View the match progress at <a href=\"\/game-bestof3-gen9vgc2023regulatione-1988947701\">game-bestof3-gen9vgc2023regulatione-1988947701<\/a>\n|t:|1699793225\n|gametype|doubles\n|player|p1|Castform Gaming\u2714\ufe0f|serena-anime|\n|player|p2|Animod2|scientist|\n|teamsize|p1|6\n|teamsize|p2|6\n|gen|9\n|tier|[Gen 9] VGC 2023 Regulation E\n|rated|Tournament battle\n|rule|Species Clause: Limit one of each Pok\u00e9mon\n|rule|Item Clause: Limit one of each item\n|clearpoke\n|poke|p1|Gholdengo, L50|\n|poke|p1|Regidrago, L50|\n|poke|p1|Urshifu-*, L50, F|\n|poke|p1|Rillaboom, L50, M|\n|poke|p1|Farigiraf, L50, F|\n|poke|p1|Tornadus, L50, M|\n|poke|p2|Okidogi, L50, M|\n|poke|p2|Moltres-Galar, L50|\n|poke|p2|Gastrodon, L50, F|\n|poke|p2|Heatran, L50, M|\n|poke|p2|Ninetales-Alola, L50, M|\n|poke|p2|Sinistcha, L50|\n|teampreview|4\n|showteam|p1|Gholdengo||ChoiceSpecs|GoodasGold|MakeItRain,ShadowBall,Thunderbolt,Trick||||||50|,,,,,Steel]Regidrago||DragonFang|DragonsMaw|DragonEnergy,DragonPulse,EarthPower,Protect||||||50|,,,,,Steel]Urshifu-Rapid-Strike||ChoiceScarf|UnseenFist|SurgingStrikes,CloseCombat,AquaJet,Uturn|||F|||50|,,,,,Water]Rillaboom||MiracleSeed|GrassySurge|FakeOut,WoodHammer,GrassyGlide,Protect|||M|||50|,,,,,Grass]Farigiraf||SitrusBerry|ArmorTail|TrickRoom,Imprison,DazzlingGleam,Psychic|||F|||50|,,,,,Grass]Tornadus||MentalHerb|Prankster|Tailwind,BleakwindStorm,RainDance,Taunt|||M|||50|,,,,,Ghost\n|showteam|p2|Okidogi||AssaultVest|GuardDog|DrainPunch,HighHorsepower,GunkShot,KnockOff|||M|||50|,,,,,Fire]Moltres-Galar||SitrusBerry|Berserk|FieryWrath,AirSlash,NastyPlot,Protect||||||50|,,,,,Steel]Gastrodon||LifeOrb|StormDrain|EarthPower,IceBeam,ClearSmog,Protect|||F|||50|,,,,,Poison]Heatran||Leftovers|FlashFire|HeatWave,FlashCannon,EarthPower,Protect|||M|||50|,,,,,Fairy]Ninetales-Alola||LightClay|SnowWarning|AuroraVeil,IcyWind,Moonblast,Encore|||M|||50|,,,,,Ghost]Sinistcha||RockyHelmet|Hospitality|MatchaGotcha,StrengthSap,RagePowder,TrickRoom||||||50|,,,,,Water\n|\n|t:|1699793275\n|start\n|switch|p1a: Urshifu|Urshifu-Rapid-Strike, L50, F|100\/100\n|switch|p1b: Rillaboom|Rillaboom, L50, M|100\/100\n|switch|p2a: Ninetales|Ninetales-Alola, L50, M|100\/100\n|switch|p2b: Gastrodon|Gastrodon, L50, F|100\/100\n|-weather|Snow|[from] ability: Snow Warning|[of] p2a: Ninetales\n|-fieldstart|move: Grassy Terrain|[from] ability: Grassy Surge|[of] p1b: Rillaboom\n|turn|1\n|\n|t:|1699793292\n|move|p2b: Gastrodon|Protect|p2b: Gastrodon\n|-singleturn|p2b: Gastrodon|Protect\n|move|p1b: Rillaboom|Fake Out|p2a: Ninetales\n|-damage|p2a: Ninetales|89\/100\n|move|p1a: Urshifu|U-turn|p2a: Ninetales\n|-resisted|p2a: Ninetales\n|-damage|p2a: Ninetales|78\/100\n|\n|t:|1699793302\n|switch|p1a: Tornadus|Tornadus, L50, M|100\/100|[from] U-turn\n|cant|p2a: Ninetales|flinch\n|\n|-weather|Snow|[upkeep]\n|-heal|p2a: Ninetales|85\/100|[from] Grassy Terrain\n|upkeep\n|turn|2\n|\n|t:|1699793318\n|switch|p2b: Sinistcha|Sinistcha, L50|100\/100\n|-heal|p2a: Ninetales|100\/100|[from] ability: Hospitality|[of] p2b: Sinistcha\n|move|p1a: Tornadus|Taunt|p2a: Ninetales\n|-start|p2a: Ninetales|move: Taunt\n|move|p2a: Ninetales|Icy Wind|p1b: Rillaboom|[spread] p1a\n|-miss|p2a: Ninetales|p1b: Rillaboom\n|-supereffective|p1a: Tornadus\n|-damage|p1a: Tornadus|75\/100\n|-unboost|p1a: Tornadus|spe|1\n|move|p1b: Rillaboom|Wood Hammer|p2b: Sinistcha\n|-resisted|p2b: Sinistcha\n|-damage|p2b: Sinistcha|58\/100\n|-damage|p1b: Rillaboom|84\/100|[from] item: Rocky Helmet|[of] p2b: Sinistcha\n|-damage|p1b: Rillaboom|72\/100|[from] Recoil\n|\n|-weather|Snow|[upkeep]\n|-heal|p1b: Rillaboom|78\/100|[from] Grassy Terrain\n|-heal|p2b: Sinistcha|64\/100|[from] Grassy Terrain\n|upkeep\n|turn|3\n|\n|t:|1699793358\n|move|p2a: Ninetales|Icy Wind|p1b: Rillaboom|[spread] p1a,p1b\n|-supereffective|p1a: Tornadus\n|-supereffective|p1b: Rillaboom\n|-damage|p1a: Tornadus|49\/100\n|-damage|p1b: Rillaboom|54\/100\n|-unboost|p1a: Tornadus|spe|1\n|-unboost|p1b: Rillaboom|spe|1\n|move|p2b: Sinistcha|Strength Sap|p1b: Rillaboom\n|-unboost|p1b: Rillaboom|atk|1\n|-heal|p2b: Sinistcha|100\/100\n|move|p1b: Rillaboom|Wood Hammer|p2a: Ninetales\n|-damage|p2a: Ninetales|44\/100\n|-damage|p1b: Rillaboom|37\/100|[from] Recoil\n|move|p1a: Tornadus|Bleakwind Storm|p2b: Sinistcha|[spread] p2a\n|-miss|p1a: Tornadus|p2b: Sinistcha\n|-damage|p2a: Ninetales|13\/100\n|\n|-weather|Snow|[upkeep]\n|-heal|p2a: Ninetales|19\/100|[from] Grassy Terrain\n|-heal|p1b: Rillaboom|43\/100|[from] Grassy Terrain\n|upkeep\n|turn|4\n|\n|t:|1699793391\n|switch|p1a: Gholdengo|Gholdengo, L50, shiny|100\/100\n|move|p1b: Rillaboom|Grassy Glide|p2a: Ninetales\n|-damage|p2a: Ninetales|0 fnt\n|faint|p2a: Ninetales\n|move|p2b: Sinistcha|Trick Room|p2b: Sinistcha\n|-fieldstart|move: Trick Room|[of] p2b: Sinistcha\n|\n|-weather|Snow|[upkeep]\n|-heal|p1b: Rillaboom|49\/100|[from] Grassy Terrain\n|upkeep\n|\n|t:|1699793404\n|switch|p2a: Okidogi|Okidogi, L50, M|100\/100\n|turn|5\n|\n|t:|1699793421\n|switch|p1a: Tornadus|Tornadus, L50, M|49\/100\n|move|p1b: Rillaboom|Protect|p1b: Rillaboom\n|-singleturn|p1b: Rillaboom|Protect\n|move|p2b: Sinistcha|Matcha Gotcha|p1b: Rillaboom|[spread] p1a\n|-activate|p1b: Rillaboom|move: Protect\n|-resisted|p1a: Tornadus\n|-damage|p1a: Tornadus|32\/100\n|move|p2a: Okidogi|Knock Off|p1a: Tornadus\n|-damage|p1a: Tornadus|0 fnt\n|-enditem|p1a: Tornadus|Mental Herb|[from] move: Knock Off|[of] p2a: Okidogi\n|faint|p1a: Tornadus\n|\n|-weather|none\n|-heal|p1b: Rillaboom|55\/100|[from] Grassy Terrain\n|-fieldend|move: Grassy Terrain\n|upkeep\n|\n|t:|1699793437\n|switch|p1a: Gholdengo|Gholdengo, L50, shiny|100\/100\n|turn|6\n|\n|t:|1699793458\n|-terastallize|p1a: Gholdengo|Steel\n|move|p1b: Rillaboom|Wood Hammer|p2a: Okidogi\n|-resisted|p2a: Okidogi\n|-damage|p2a: Okidogi|82\/100\n|-damage|p1b: Rillaboom|49\/100|[from] Recoil\n|move|p2b: Sinistcha|Matcha Gotcha|p1b: Rillaboom|[spread] p1a\n|-miss|p2b: Sinistcha|p1b: Rillaboom\n|-resisted|p1a: Gholdengo\n|-damage|p1a: Gholdengo|88\/100\n|move|p2a: Okidogi|Knock Off|p1a: Gholdengo\n|-damage|p1a: Gholdengo|48\/100\n|-enditem|p1a: Gholdengo|Choice Specs|[from] move: Knock Off|[of] p2a: Okidogi\n|move|p1a: Gholdengo|Make It Rain|p2b: Sinistcha|[spread] p2a,p2b\n|-damage|p2a: Okidogi|37\/100\n|-damage|p2b: Sinistcha|39\/100\n|-unboost|p1a: Gholdengo|spa|1\n|\n|upkeep\n|turn|7\n|\n|t:|1699793487\n|switch|p1a: Urshifu|Urshifu-Rapid-Strike, L50, F|100\/100\n|move|p1b: Rillaboom|Protect|p1b: Rillaboom\n|-singleturn|p1b: Rillaboom|Protect\n|move|p2b: Sinistcha|Strength Sap|p1b: Rillaboom\n|-activate|p1b: Rillaboom|move: Protect\n|move|p2a: Okidogi|Drain Punch|p1a: Urshifu\n|-damage|p1a: Urshifu|62\/100\n|-heal|p2a: Okidogi|55\/100|[from] drain|[of] p1a: Urshifu\n|\n|upkeep\n|turn|8\n|\n|t:|1699793517\n|switch|p1b: Gholdengo|Gholdengo, L50, shiny, tera:Steel|48\/100\n|move|p2b: Sinistcha|Rage Powder|p2b: Sinistcha\n|-singleturn|p2b: Sinistcha|move: Rage Powder\n|move|p2a: Okidogi|Drain Punch|p1b: Gholdengo\n|-supereffective|p1b: Gholdengo\n|-damage|p1b: Gholdengo|0 fnt\n|-heal|p2a: Okidogi|77\/100|[from] drain|[of] p1b: Gholdengo\n|faint|p1b: Gholdengo\n|move|p1a: Urshifu|Surging Strikes|p2b: Sinistcha\n|-resisted|p2b: Sinistcha\n|-crit|p2b: Sinistcha\n|-damage|p2b: Sinistcha|30\/100\n|-damage|p1a: Urshifu|46\/100|[from] item: Rocky Helmet|[of] p2b: Sinistcha\n|-resisted|p2b: Sinistcha\n|-crit|p2b: Sinistcha\n|-damage|p2b: Sinistcha|21\/100\n|-damage|p1a: Urshifu|29\/100|[from] item: Rocky Helmet|[of] p2b: Sinistcha\n|-resisted|p2b: Sinistcha\n|-crit|p2b: Sinistcha\n|-damage|p2b: Sinistcha|11\/100\n|-damage|p1a: Urshifu|13\/100|[from] item: Rocky Helmet|[of] p2b: Sinistcha\n|-hitcount|p2b: Sinistcha|3\n|\n|-fieldend|move: Trick Room\n|upkeep\n|\n|t:|1699793523\n|switch|p1b: Rillaboom|Rillaboom, L50, M|49\/100\n|-fieldstart|move: Grassy Terrain|[from] ability: Grassy Surge|[of] p1b: Rillaboom\n|turn|9\n|\n|t:|1699793564\n|switch|p2a: Gastrodon|Gastrodon, L50, F|100\/100\n|move|p1b: Rillaboom|Grassy Glide|p2b: Sinistcha\n|-resisted|p2b: Sinistcha\n|-damage|p2b: Sinistcha|0 fnt\n|-damage|p1b: Rillaboom|33\/100|[from] item: Rocky Helmet|[of] p2b: Sinistcha\n|faint|p2b: Sinistcha\n|move|p1a: Urshifu|Surging Strikes|p2a: Gastrodon\n|-ability|p2a: Gastrodon|Storm Drain|boost\n|-boost|p2a: Gastrodon|spa|1\n|\n|-heal|p1a: Urshifu|19\/100|[from] Grassy Terrain\n|-heal|p1b: Rillaboom|39\/100|[from] Grassy Terrain\n|upkeep\n|-message|Castform Gaming\u2714\ufe0f forfeited.\n|\n|win|Animod2\n|l|\u2606Castform Gaming\u2714\ufe0f\n","uploadtime":1699793600,"views":15,"p1id":"castformgaming","p2id":"animod2","formatid":"gen9vgc2023regulatione","rating":0,"private":0,"password":""}