{"id":"gen9vgc2023regulatione-1996559727","p1":"previouslyunnamed","p2":"Emirnent","format":"[Gen 9] VGC 2023 Regulation E","log":"|j|\u2606previouslyunnamed\n|j|\u2606Emirnent\n|n|\u2606previouslyunnamed|previouslyunnamed\n|n|\u2606Emirnent|emirnent\n|html|View the match progress at <a href=\"\/game-bestof9-gen9vgc2023regulatione-1996547353\">game-bestof9-gen9vgc2023regulatione-1996547353<\/a>\n|t:|1700694302\n|gametype|doubles\n|player|p1|previouslyunnamed|ash|\n|player|p2|Emirnent|101|\n|teamsize|p1|6\n|teamsize|p2|6\n|gen|9\n|tier|[Gen 9] VGC 2023 Regulation E\n|rule|Species Clause: Limit one of each Pok\u00e9mon\n|rule|Item Clause: Limit one of each item\n|clearpoke\n|poke|p1|Amoonguss, L50, M|\n|poke|p1|Heatran, L50, M|\n|poke|p1|Landorus-Therian, L50, M|\n|poke|p1|Iron Hands, L50|\n|poke|p1|Roaring Moon, L50|\n|poke|p1|Flutter Mane, L50|\n|poke|p2|Staraptor, L50, F|\n|poke|p2|Urshifu-*, L50, M|\n|poke|p2|Farigiraf, L50, F|\n|poke|p2|Ursaluna, L50, F|\n|poke|p2|Torkoal, L50, M|\n|poke|p2|Scream Tail, L50|\n|teampreview|4\n|inactive|Battle timer is ON: inactive players will automatically lose when time's up. (requested by previouslyunnamed)\n|\n|t:|1700694321\n|start\n|switch|p1a: Roaring Moon|Roaring Moon, L50|100\/100\n|switch|p1b: Flutter Mane|Flutter Mane, L50|100\/100\n|switch|p2a: Staraptor|Staraptor, L50, F|100\/100\n|switch|p2b: Urshifu|Urshifu, L50, M|100\/100\n|-ability|p2a: Staraptor|Intimidate|boost\n|-unboost|p1a: Roaring Moon|atk|1\n|-unboost|p1b: Flutter Mane|atk|1\n|-enditem|p1a: Roaring Moon|Booster Energy\n|-activate|p1a: Roaring Moon|ability: Protosynthesis|[fromitem]\n|-start|p1a: Roaring Moon|protosynthesisspe\n|turn|1\n|inactive|previouslyunnamed has 30 seconds left.\n|inactive|Emirnent has 30 seconds left.\n|inactive|Emirnent has 20 seconds left.\n|inactive|Emirnent has 15 seconds left.\n|\n|t:|1700694365\n|move|p1a: Roaring Moon|Knock Off|p2a: Staraptor\n|-damage|p2a: Staraptor|58\/100\n|-enditem|p2a: Staraptor|Choice Scarf|[from] move: Knock Off|[of] p1a: Roaring Moon\n|move|p1b: Flutter Mane|Dazzling Gleam|p2b: Urshifu|[spread] p2a,p2b\n|-supereffective|p2b: Urshifu\n|-damage|p2a: Staraptor|6\/100\n|-enditem|p2b: Urshifu|Focus Sash\n|-damage|p2b: Urshifu|1\/100\n|move|p2a: Staraptor|Brave Bird|p1a: Roaring Moon\n|-damage|p1a: Roaring Moon|41\/100\n|-damage|p2a: Staraptor|0 fnt|[from] Recoil\n|faint|p2a: Staraptor\n|move|p2b: Urshifu|Close Combat|p1a: Roaring Moon\n|-supereffective|p1a: Roaring Moon\n|-damage|p1a: Roaring Moon|0 fnt\n|-unboost|p2b: Urshifu|def|1\n|-unboost|p2b: Urshifu|spd|1\n|faint|p1a: Roaring Moon\n|-end|p1a: Roaring Moon|Protosynthesis|[silent]\n|\n|upkeep\n|\n|t:|1700694383\n|switch|p1a: Heatran|Heatran, L50, M|100\/100\n|switch|p2a: Scream Tail|Scream Tail, L50|100\/100\n|turn|2\n|\n|t:|1700694393\n|-end|p1b: Flutter Mane|Protosynthesis|[silent]\n|switch|p1b: Landorus|Landorus-Therian, L50, M|100\/100\n|-ability|p1b: Landorus|Intimidate|boost\n|-unboost|p2a: Scream Tail|atk|1\n|-unboost|p2b: Urshifu|atk|1\n|move|p2a: Scream Tail|Helping Hand|p2b: Urshifu\n|-singleturn|p2b: Urshifu|Helping Hand|[of] p2a: Scream Tail\n|move|p2b: Urshifu|Sucker Punch||[still]\n|-fail|p2b: Urshifu\n|move|p1a: Heatran|Heat Wave|p2a: Scream Tail|[spread] p2a,p2b\n|-damage|p2a: Scream Tail|77\/100\n|-damage|p2b: Urshifu|0 fnt\n|faint|p2b: Urshifu\n|\n|upkeep\n|\n|t:|1700694395\n|switch|p2b: Ursaluna|Ursaluna, L50, F|100\/100\n|turn|3\n|\n|t:|1700694417\n|-terastallize|p2b: Ursaluna|Ghost\n|move|p1b: Landorus|U-turn|p2a: Scream Tail\n|-damage|p2a: Scream Tail|57\/100\n|\n|t:|1700694421\n|switch|p1b: Flutter Mane|Flutter Mane, L50|100\/100|[from] U-turn\n|move|p1a: Heatran|Heat Wave|p2b: Ursaluna|[spread] p2a,p2b\n|-damage|p2a: Scream Tail|37\/100\n|-damage|p2b: Ursaluna|71\/100\n|move|p2b: Ursaluna|Shadow Claw|p1b: Flutter Mane\n|-supereffective|p1b: Flutter Mane\n|-damage|p1b: Flutter Mane|0 fnt\n|faint|p1b: Flutter Mane\n|-end|p1b: Flutter Mane|Protosynthesis|[silent]\n|move|p2a: Scream Tail|Trick Room|p2a: Scream Tail\n|-fieldstart|move: Trick Room|[of] p2a: Scream Tail\n|\n|-status|p2b: Ursaluna|brn|[from] item: Flame Orb\n|upkeep\n|\n|t:|1700694432\n|switch|p1b: Landorus|Landorus-Therian, L50, M|100\/100\n|-ability|p1b: Landorus|Intimidate|boost\n|-unboost|p2a: Scream Tail|atk|1\n|-unboost|p2b: Ursaluna|atk|1\n|turn|4\n|inactive|Emirnent has 30 seconds left.\n|inactive|Emirnent has 20 seconds left.\n|\n|t:|1700694469\n|move|p2a: Scream Tail|Helping Hand|p2b: Ursaluna\n|-singleturn|p2b: Ursaluna|Helping Hand|[of] p2a: Scream Tail\n|move|p2b: Ursaluna|Facade|p1b: Landorus\n|-damage|p1b: Landorus|0 fnt\n|faint|p1b: Landorus\n|move|p1a: Heatran|Substitute|p1a: Heatran\n|-start|p1a: Heatran|Substitute\n|-damage|p1a: Heatran|76\/100\n|\n|-heal|p1a: Heatran|82\/100|[from] item: Leftovers\n|-damage|p2b: Ursaluna|65\/100 brn|[from] brn\n|upkeep\n|turn|5\n|\n|t:|1700694488\n|move|p2b: Ursaluna|Shadow Claw|p1a: Heatran\n|-end|p1a: Heatran|Substitute\n|move|p1a: Heatran|Heat Wave|p2b: Ursaluna|[spread] p2a,p2b\n|-damage|p2a: Scream Tail|15\/100\n|-damage|p2b: Ursaluna|35\/100 brn\n|move|p2a: Scream Tail|Encore|p1a: Heatran\n|-start|p1a: Heatran|Encore\n|\n|-heal|p1a: Heatran|88\/100|[from] item: Leftovers\n|-damage|p2b: Ursaluna|29\/100 brn|[from] brn\n|upkeep\n|turn|6\n|\n|t:|1700694497\n|-terastallize|p1a: Heatran|Fairy\n|move|p2a: Scream Tail|Helping Hand|p2b: Ursaluna\n|-singleturn|p2b: Ursaluna|Helping Hand|[of] p2a: Scream Tail\n|move|p2b: Ursaluna|Earthquake|p1a: Heatran|[spread] p2a,p1a\n|-damage|p2a: Scream Tail|0 fnt\n|-damage|p1a: Heatran|35\/100\n|faint|p2a: Scream Tail\n|-end|p2a: Scream Tail|Protosynthesis|[silent]\n|move|p1a: Heatran|Heat Wave|p2b: Ursaluna\n|-damage|p2b: Ursaluna|0 fnt\n|faint|p2b: Ursaluna\n|\n|win|previouslyunnamed\n|inactive|previouslyunnamed has 50 seconds to confirm battle start!\n|inactive|Emirnent has 50 seconds to confirm battle start!\n","uploadtime":1700694510,"views":13,"p1id":"previouslyunnamed","p2id":"emirnent","formatid":"gen9vgc2023regulatione","rating":0,"private":0,"password":""}