{"id":"gen9vgc2023regulatione-1993518193","p1":"Conchoboar3","p2":"ShowdownOzzy","format":"[Gen 9] VGC 2023 Regulation E","log":"|j|\u2606Conchoboar3\n|j|\u2606ShowdownOzzy\n|t:|1700327239\n|gametype|doubles\n|player|p1|Conchoboar3|169|1341\n|player|p2|ShowdownOzzy|lenora|1223\n|teamsize|p1|6\n|teamsize|p2|6\n|gen|9\n|tier|[Gen 9] VGC 2023 Regulation E\n|rated|\n|rule|Species Clause: Limit one of each Pok\u00e9mon\n|rule|Item Clause: Limit one of each item\n|clearpoke\n|poke|p1|Mamoswine, L50, M|\n|poke|p1|Iron Hands, L50|\n|poke|p1|Grimmsnarl, L50, M|\n|poke|p1|Flutter Mane, L50|\n|poke|p1|Sinistcha, L50|\n|poke|p1|Arcanine-Hisui, L50, M|\n|poke|p2|Moltres-Galar, L50|\n|poke|p2|Sinistcha, L50|\n|poke|p2|Landorus-Therian, L50, M|\n|poke|p2|Grimmsnarl, L50, M|\n|poke|p2|Iron Hands, L50|\n|poke|p2|Munkidori, L50, M|\n|teampreview|4\n|\n|t:|1700327273\n|start\n|switch|p1a: Komanoto|Arcanine-Hisui, L50, M|100\/100\n|switch|p1b: Mamoswine|Mamoswine, L50, M|100\/100\n|switch|p2a: Grimmsnarl|Grimmsnarl, L50, M|100\/100\n|switch|p2b: Moltres|Moltres-Galar, L50|100\/100\n|-ability|p1a: Komanoto|Intimidate|boost\n|-unboost|p2a: Grimmsnarl|atk|1\n|-unboost|p2b: Moltres|atk|1\n|turn|1\n|\n|t:|1700327290\n|move|p2b: Moltres|Protect|p2b: Moltres\n|-singleturn|p2b: Moltres|Protect\n|move|p2a: Grimmsnarl|Reflect|p2a: Grimmsnarl\n|-sidestart|p2: ShowdownOzzy|Reflect\n|move|p1a: Komanoto|Howl|p1a: Komanoto|[spread] p1a,p1b\n|-boost|p1a: Komanoto|atk|1\n|-boost|p1b: Mamoswine|atk|1\n|move|p1b: Mamoswine|Icicle Crash|p2b: Moltres\n|-activate|p2b: Moltres|move: Protect\n|\n|upkeep\n|turn|2\n|\n|t:|1700327305\n|move|p2a: Grimmsnarl|Thunder Wave|p1a: Komanoto\n|-status|p1a: Komanoto|par\n|move|p2b: Moltres|Fiery Wrath|p1a: Komanoto|[spread] p1a,p1b\n|-damage|p1a: Komanoto|69\/100 par\n|-damage|p1b: Mamoswine|62\/100\n|move|p1b: Mamoswine|Icicle Crash|p2a: Grimmsnarl\n|-damage|p2a: Grimmsnarl|24\/100\n|move|p1a: Komanoto|Howl|p1a: Komanoto|[spread] p1a,p1b\n|-boost|p1a: Komanoto|atk|1\n|-boost|p1b: Mamoswine|atk|1\n|\n|upkeep\n|turn|3\n|\n|t:|1700327323\n|move|p1a: Komanoto|Extreme Speed|p2a: Grimmsnarl\n|-damage|p2a: Grimmsnarl|0 fnt\n|faint|p2a: Grimmsnarl\n|move|p2b: Moltres|Fiery Wrath|p1a: Komanoto|[spread] p1a,p1b\n|-damage|p1a: Komanoto|41\/100 par\n|-damage|p1b: Mamoswine|23\/100\n|move|p1b: Mamoswine|Icicle Crash|p2b: Moltres\n|-supereffective|p2b: Moltres\n|-damage|p2b: Moltres|0 fnt\n|faint|p2b: Moltres\n|\n|upkeep\n|\n|t:|1700327326\n|switch|p2b: Landorus|Landorus-Therian, L50, M|100\/100\n|switch|p2a: Iron Hands|Iron Hands, L50|100\/100\n|-ability|p2b: Landorus|Intimidate|boost\n|-unboost|p1a: Komanoto|atk|1\n|-fail|p1b: Mamoswine|unboost|Attack|[from] ability: Oblivious|[of] p1b: Mamoswine\n|-enditem|p2a: Iron Hands|Booster Energy\n|-activate|p2a: Iron Hands|ability: Quark Drive|[fromitem]\n|-start|p2a: Iron Hands|quarkdriveatk\n|turn|4\n|\n|t:|1700327341\n|move|p1b: Mamoswine|Protect|p1b: Mamoswine\n|-singleturn|p1b: Mamoswine|Protect\n|move|p2a: Iron Hands|Fake Out|p1b: Mamoswine\n|-activate|p1b: Mamoswine|move: Protect\n|move|p2b: Landorus|Rock Slide|p1b: Mamoswine|[spread] p1a\n|-activate|p1b: Mamoswine|move: Protect\n|-supereffective|p1a: Komanoto\n|-damage|p1a: Komanoto|1\/100 par\n|move|p1a: Komanoto|Howl|p1a: Komanoto|[spread] p1a,p1b\n|-boost|p1a: Komanoto|atk|1\n|-boost|p1b: Mamoswine|atk|1\n|\n|upkeep\n|turn|5\n|\n|t:|1700327354\n|move|p1b: Mamoswine|Ice Shard|p2b: Landorus\n|-supereffective|p2b: Landorus\n|-damage|p2b: Landorus|0 fnt\n|faint|p2b: Landorus\n|move|p2a: Iron Hands|Swords Dance|p2a: Iron Hands\n|-boost|p2a: Iron Hands|atk|2\n|move|p1a: Komanoto|Flare Blitz|p2a: Iron Hands\n|-damage|p2a: Iron Hands|55\/100\n|-damage|p1a: Komanoto|0 fnt|[from] Recoil\n|faint|p1a: Komanoto\n|\n|upkeep\n|\n|t:|1700327358\n|switch|p1a: Iron Hands|Iron Hands, L50|100\/100\n|turn|6\n|\n|t:|1700327362\n|-terastallize|p2a: Iron Hands|Water\n|move|p1b: Mamoswine|High Horsepower|p2a: Iron Hands|[miss]\n|-miss|p1b: Mamoswine|p2a: Iron Hands\n|move|p1a: Iron Hands|Drain Punch|p2a: Iron Hands\n|-damage|p2a: Iron Hands|36\/100\n|move|p2a: Iron Hands|Drain Punch|p1a: Iron Hands\n|-damage|p1a: Iron Hands|20\/100\n|-heal|p2a: Iron Hands|71\/100|[from] drain|[of] p1a: Iron Hands\n|\n|upkeep\n|turn|7\n|\n|t:|1700327375\n|move|p1b: Mamoswine|High Horsepower|p2a: Iron Hands\n|-damage|p2a: Iron Hands|10\/100\n|move|p1a: Iron Hands|Wild Charge|p2a: Iron Hands\n|-supereffective|p2a: Iron Hands\n|-damage|p2a: Iron Hands|0 fnt\n|faint|p2a: Iron Hands\n|-end|p2a: Iron Hands|Quark Drive|[silent]\n|-damage|p1a: Iron Hands|17\/100|[from] Recoil\n|\n|win|Conchoboar3\n|raw|Conchoboar3's rating: 1341 &rarr; <strong>1354<\/strong><br \/>(+13 for winning)\n|raw|ShowdownOzzy's rating: 1223 &rarr; <strong>1206<\/strong><br \/>(-17 for losing)\n|l|\u2606ShowdownOzzy\n","uploadtime":1700327384,"views":8,"p1id":"conchoboar3","p2id":"showdownozzy","formatid":"gen9vgc2023regulatione","rating":1206,"private":0,"password":""}