{"id":"gen9vgc2023regulatione-1989250396","p1":"Coolress77","p2":"It\u2019sJustKen VGC","format":"[Gen 9] VGC 2023 Regulation E","log":"|j|\u2606Coolress77\n|j|\u2606It\u2019sJustKen VGC\n|t:|1699828030\n|gametype|doubles\n|player|p1|Coolress77|colress|\n|player|p2|It\u2019sJustKen VGC|turo|\n|teamsize|p1|6\n|teamsize|p2|6\n|gen|9\n|tier|[Gen 9] VGC 2023 Regulation E\n|rated|Tournament battle\n|rule|Species Clause: Limit one of each Pok\u00e9mon\n|rule|Item Clause: Limit one of each item\n|clearpoke\n|poke|p1|Iron Bundle, L50|\n|poke|p1|Salamence, L50, M|\n|poke|p1|Volcarona, L50, M|\n|poke|p1|Farigiraf, L50, F|\n|poke|p1|Sinistcha, L50|\n|poke|p1|Iron Hands, L50|\n|poke|p2|Amoonguss, L50, F|\n|poke|p2|Iron Bundle, L50|\n|poke|p2|Chi-Yu, L50|\n|poke|p2|Farigiraf, L50, F|\n|poke|p2|Landorus-Therian, L50, M|\n|poke|p2|Iron Hands, L50|\n|teampreview|4\n|showteam|p1|Iron Bundle||BoosterEnergy|QuarkDrive|FreezeDry,HydroPump,IcyWind,Protect||||||50|,,,,,Ice]Salamence||ClearAmulet|Intimidate|DualWingbeat,IronHead,Tailwind,Protect|||M|||50|,,,,,Steel]Volcarona||CovertCloak|FlameBody|HeatWave,GigaDrain,TeraBlast,QuiverDance|||M|||50|,,,,,Water]Farigiraf||SitrusBerry|ArmorTail|Psychic,DazzlingGleam,TrickRoom,Protect|||F|||50|,,,,,Fairy]Sinistcha||RockyHelmet|Hospitality|MatchaGotcha,LifeDew,RagePowder,TrickRoom||||||50|,,,,,Dragon]Iron Hands||AssaultVest|QuarkDrive|DrainPunch,WildCharge,HeavySlam,FakeOut||||||50|,,,,,Grass\n|showteam|p2|Amoonguss||MentalHerb|Regenerator|Spore,RagePowder,PollenPuff,ClearSmog|||F|||50|,,,,,Water]Iron Bundle||BoosterEnergy|QuarkDrive|Protect,HydroPump,FreezeDry,IcyWind||||||50|,,,,,Ghost]Chi-Yu||FocusSash|BeadsofRuin|Protect,DarkPulse,HeatWave,Overheat||||||50|,,,,,Ghost]Farigiraf||SitrusBerry|ArmorTail|Protect,TrickRoom,Psychic,DazzlingGleam|||F|||50|,,,,,Fire]Landorus-Therian||ChoiceScarf|Intimidate|StompingTantrum,RockSlide,Uturn,TeraBlast|||M|||50|,,,,,Flying]Iron Hands||AssaultVest|QuarkDrive|FakeOut,WildCharge,DrainPunch,HeavySlam||||||50|,,,,,Water\n|inactive|Battle timer is ON: inactive players will automatically lose when time's up. (requested by It\u2019sJustKen VGC)\n|c|\u2606It\u2019sJustKen VGC|glhf\n|c|\u2606Coolress77|glhf\n|inactive|Coolress77 has 60 seconds left.\n|\n|t:|1699828085\n|start\n|switch|p1a: Fortissax|Salamence, L50, M, shiny|100\/100\n|switch|p1b: Alexander|Iron Hands, L50, shiny|100\/100\n|switch|p2a: Iron Bundle|Iron Bundle, L50|100\/100\n|switch|p2b: Chi-Yu|Chi-Yu, L50|100\/100\n|-ability|p2b: Chi-Yu|Beads of Ruin\n|-ability|p1a: Fortissax|Intimidate|boost\n|-unboost|p2a: Iron Bundle|atk|1\n|-unboost|p2b: Chi-Yu|atk|1\n|-enditem|p2a: Iron Bundle|Booster Energy\n|-activate|p2a: Iron Bundle|ability: Quark Drive|[fromitem]\n|-start|p2a: Iron Bundle|quarkdrivespe\n|turn|1\n|inactive|Coolress77 has 30 seconds left.\n|\n|t:|1699828119\n|-terastallize|p2b: Chi-Yu|Ghost\n|move|p2a: Iron Bundle|Protect|p2a: Iron Bundle\n|-singleturn|p2a: Iron Bundle|Protect\n|move|p1a: Fortissax|Protect|p1a: Fortissax\n|-singleturn|p1a: Fortissax|Protect\n|move|p2b: Chi-Yu|Heat Wave|p1a: Fortissax|[spread] p1b\n|-activate|p1a: Fortissax|move: Protect\n|-damage|p1b: Alexander|73\/100\n|move|p1b: Alexander|Wild Charge|p2a: Iron Bundle\n|-activate|p2a: Iron Bundle|move: Protect\n|\n|upkeep\n|turn|2\n|inactive|Coolress77 has 30 seconds left.\n|inactive|Coolress77 has 20 seconds left.\n|\n|t:|1699828159\n|-terastallize|p1a: Fortissax|Steel\n|move|p2a: Iron Bundle|Freeze-Dry|p1a: Fortissax\n|-resisted|p1a: Fortissax\n|-damage|p1a: Fortissax|72\/100\n|move|p1a: Fortissax|Tailwind|p1a: Fortissax\n|-sidestart|p1: Coolress77|move: Tailwind\n|move|p2b: Chi-Yu|Heat Wave|p1b: Alexander|[spread] p1a,p1b\n|-supereffective|p1a: Fortissax\n|-damage|p1a: Fortissax|0 fnt\n|-damage|p1b: Alexander|47\/100\n|-status|p1b: Alexander|brn\n|faint|p1a: Fortissax\n|move|p1b: Alexander|Wild Charge|p2b: Chi-Yu\n|-damage|p2b: Chi-Yu|57\/100\n|-damage|p1b: Alexander|41\/100 brn|[from] Recoil\n|\n|-damage|p1b: Alexander|35\/100 brn|[from] brn\n|upkeep\n|inactive|Coolress77 has 30 seconds left.\n|\n|t:|1699828187\n|switch|p1a: Rykard|Iron Bundle, L50, shiny|100\/100\n|-enditem|p1a: Rykard|Booster Energy\n|-activate|p1a: Rykard|ability: Quark Drive|[fromitem]\n|-start|p1a: Rykard|quarkdrivespe\n|turn|3\n|inactive|It\u2019sJustKen VGC has 30 seconds left.\n|\n|t:|1699828217\n|move|p2b: Chi-Yu|Protect|p2b: Chi-Yu\n|-singleturn|p2b: Chi-Yu|Protect\n|move|p1a: Rykard|Icy Wind|p2b: Chi-Yu|[spread] p2a\n|-activate|p2b: Chi-Yu|move: Protect\n|-resisted|p2a: Iron Bundle\n|-damage|p2a: Iron Bundle|86\/100\n|-unboost|p2a: Iron Bundle|spe|1\n|move|p2a: Iron Bundle|Icy Wind|p1a: Rykard|[spread] p1b\n|-miss|p2a: Iron Bundle|p1a: Rykard\n|-damage|p1b: Alexander|21\/100 brn\n|-unboost|p1b: Alexander|spe|1\n|move|p1b: Alexander|Wild Charge|p2b: Chi-Yu\n|-activate|p2b: Chi-Yu|move: Protect\n|\n|-damage|p1b: Alexander|15\/100 brn|[from] brn\n|upkeep\n|turn|4\n|\n|t:|1699828232\n|move|p1a: Rykard|Freeze-Dry|p2a: Iron Bundle\n|-damage|p2a: Iron Bundle|0 fnt\n|faint|p2a: Iron Bundle\n|-end|p2a: Iron Bundle|Quark Drive|[silent]\n|move|p2b: Chi-Yu|Heat Wave|p1b: Alexander|[spread] p1a\n|-miss|p2b: Chi-Yu|p1b: Alexander\n|-damage|p1a: Rykard|0 fnt\n|faint|p1a: Rykard\n|-end|p1a: Rykard|Quark Drive|[silent]\n|move|p1b: Alexander|Wild Charge|p2b: Chi-Yu\n|-damage|p2b: Chi-Yu|16\/100\n|-damage|p1b: Alexander|9\/100 brn|[from] Recoil\n|\n|-damage|p1b: Alexander|3\/100 brn|[from] brn\n|upkeep\n|\n|t:|1699828244\n|switch|p2a: Landorus|Landorus-Therian, L50, M|100\/100\n|switch|p1a: Malenia|Volcarona, L50, M, shiny|100\/100\n|-ability|p2a: Landorus|Intimidate|boost\n|-unboost|p1a: Malenia|atk|1\n|-unboost|p1b: Alexander|atk|1\n|turn|5\n|\n|t:|1699828257\n|switch|p2b: Iron Hands|Iron Hands, L50|100\/100\n|move|p1a: Malenia|Quiver Dance|p1a: Malenia\n|-boost|p1a: Malenia|spa|1\n|-boost|p1a: Malenia|spd|1\n|-boost|p1a: Malenia|spe|1\n|move|p2a: Landorus|Rock Slide|p1a: Malenia|[spread] p1a,p1b\n|-supereffective|p1a: Malenia\n|-resisted|p1b: Alexander\n|-damage|p1a: Malenia|25\/100\n|-damage|p1b: Alexander|0 fnt\n|faint|p1b: Alexander\n|-end|p1b: Alexander|Quark Drive|[silent]\n|\n|-sideend|p1: Coolress77|move: Tailwind\n|upkeep\n|turn|6\n|\n|t:|1699828268\n|move|p2b: Iron Hands|Fake Out|p1a: Malenia\n|-damage|p1a: Malenia|11\/100\n|move|p2a: Landorus|Rock Slide|p1a: Malenia\n|-supereffective|p1a: Malenia\n|-damage|p1a: Malenia|0 fnt\n|faint|p1a: Malenia\n|\n|win|It\u2019sJustKen VGC\n|n|\u2606Coolress77|coolress77\n|n|\u2606It\u2019sJustKen VGC|itsjustkenvgc\n|c|\u2606Coolress77|gg\n|l|\u2606Coolress77\n|c|\u2606It\u2019sJustKen VGC|gg wp\n","uploadtime":1699828297,"views":7,"p1id":"coolress77","p2id":"itsjustkenvgc","formatid":"gen9vgc2023regulatione","rating":0,"private":0,"password":""}