{"id":"gen9vgc2023regulatione-1988425942","p1":"GAYRBALLS","p2":"Coffi724","format":"[Gen 9] VGC 2023 Regulation E","log":"|j|\u2606GAYRBALLS\n|j|\u2606Coffi724\n|t:|1699721637\n|gametype|doubles\n|player|p1|GAYRBALLS|steven|1350\n|player|p2|Coffi724|1|1431\n|teamsize|p1|6\n|teamsize|p2|6\n|gen|9\n|tier|[Gen 9] VGC 2023 Regulation E\n|rated|\n|rule|Species Clause: Limit one of each Pok\u00e9mon\n|rule|Item Clause: Limit one of each item\n|clearpoke\n|poke|p1|Roaring Moon, L50|\n|poke|p1|Rillaboom, L50, M|\n|poke|p1|Landorus-Therian, L50, M|\n|poke|p1|Arcanine-Hisui, L50, F|\n|poke|p1|Urshifu-*, L50, M|\n|poke|p1|Gholdengo, L50|\n|poke|p2|Flutter Mane, L50|\n|poke|p2|Baxcalibur, L50, M|\n|poke|p2|Heatran, L50, M|\n|poke|p2|Amoonguss, L50, F|\n|poke|p2|Urshifu-*, L50, F|\n|poke|p2|Landorus-Therian, L50, M|\n|teampreview|4\n|inactive|Battle timer is ON: inactive players will automatically lose when time's up. (requested by GAYRBALLS)\n|inactive|Coffi724 has 60 seconds left.\n|\n|t:|1699721671\n|start\n|switch|p1a: Rillaboom|Rillaboom, L50, M, shiny|100\/100\n|switch|p1b: Roaring Moon|Roaring Moon, L50, shiny|100\/100\n|switch|p2a: Flutter Mane|Flutter Mane, L50|100\/100\n|switch|p2b: Landorus|Landorus-Therian, L50, M|100\/100\n|-ability|p2b: Landorus|Intimidate|boost\n|-unboost|p1a: Rillaboom|atk|1\n|-unboost|p1b: Roaring Moon|atk|1\n|-fieldstart|move: Grassy Terrain|[from] ability: Grassy Surge|[of] p1a: Rillaboom\n|-enditem|p1b: Roaring Moon|Booster Energy\n|-activate|p1b: Roaring Moon|ability: Protosynthesis|[fromitem]\n|-start|p1b: Roaring Moon|protosynthesisspe\n|turn|1\n|inactive|GAYRBALLS has 30 seconds left.\n|\n|t:|1699721701\n|-terastallize|p1b: Roaring Moon|Flying\n|move|p1b: Roaring Moon|Acrobatics|p2a: Flutter Mane\n|-damage|p2a: Flutter Mane|19\/100\n|move|p2b: Landorus|U-turn|p1a: Rillaboom\n|-supereffective|p1a: Rillaboom\n|-damage|p1a: Rillaboom|46\/100\n|\n|t:|1699721709\n|switch|p2b: Amoonguss|Amoonguss, L50, F|100\/100|[from] U-turn\n|move|p2a: Flutter Mane|Dazzling Gleam|p1b: Roaring Moon|[spread] p1a,p1b\n|-damage|p1a: Rillaboom|6\/100\n|-damage|p1b: Roaring Moon|57\/100\n|move|p1a: Rillaboom|U-turn|p2a: Flutter Mane\n|-resisted|p2a: Flutter Mane\n|-damage|p2a: Flutter Mane|12\/100\n|\n|t:|1699721723\n|switch|p1a: Arcanine|Arcanine-Hisui, L50, F, shiny|100\/100|[from] U-turn\n|-ability|p1a: Arcanine|Intimidate|boost\n|-unboost|p2a: Flutter Mane|atk|1\n|-unboost|p2b: Amoonguss|atk|1\n|\n|-heal|p2a: Flutter Mane|18\/100|[from] Grassy Terrain\n|upkeep\n|turn|2\n|\n|t:|1699721740\n|-end|p2a: Flutter Mane|Protosynthesis|[silent]\n|switch|p2a: Landorus|Landorus-Therian, L50, M|100\/100\n|-ability|p2a: Landorus|Intimidate|boost\n|-unboost|p1a: Arcanine|atk|1\n|-unboost|p1b: Roaring Moon|atk|1\n|-terastallize|p2b: Amoonguss|Water\n|move|p1b: Roaring Moon|Acrobatics|p2a: Landorus\n|-damage|p2a: Landorus|58\/100\n|move|p1a: Arcanine|Rock Slide|p2a: Landorus|[spread] p2b\n|-miss|p1a: Arcanine|p2a: Landorus\n|-damage|p2b: Amoonguss|86\/100\n|cant|p2b: Amoonguss|flinch\n|\n|-heal|p2b: Amoonguss|91\/100|[from] Grassy Terrain\n|upkeep\n|turn|3\n|\n|t:|1699721765\n|-end|p1b: Roaring Moon|Protosynthesis|[silent]\n|switch|p1b: Rillaboom|Rillaboom, L50, M, shiny|6\/100\n|move|p2b: Amoonguss|Rage Powder|p2b: Amoonguss\n|-singleturn|p2b: Amoonguss|move: Rage Powder\n|move|p2a: Landorus|Rock Slide|p1b: Rillaboom|[spread] p1a,p1b\n|-supereffective|p1a: Arcanine\n|-damage|p1a: Arcanine|42\/100\n|-damage|p1b: Rillaboom|0 fnt\n|faint|p1b: Rillaboom\n|move|p1a: Arcanine|Will-O-Wisp|p2b: Amoonguss\n|-status|p2b: Amoonguss|brn\n|\n|-heal|p1a: Arcanine|48\/100|[from] Grassy Terrain\n|-heal|p2b: Amoonguss|97\/100 brn|[from] Grassy Terrain\n|-damage|p2b: Amoonguss|91\/100 brn|[from] brn\n|upkeep\n|\n|t:|1699721785\n|switch|p1b: Urshifu|Urshifu-Rapid-Strike, L50, M|100\/100\n|turn|4\n|\n|t:|1699721796\n|switch|p2a: Flutter Mane|Flutter Mane, L50|18\/100\n|move|p1b: Urshifu|Detect|p1b: Urshifu\n|-singleturn|p1b: Urshifu|Protect\n|move|p1a: Arcanine|Extreme Speed|p2b: Amoonguss\n|-damage|p2b: Amoonguss|78\/100 brn\n|-damage|p1a: Arcanine|31\/100|[from] item: Rocky Helmet|[of] p2b: Amoonguss\n|move|p2b: Amoonguss|Rage Powder|p2b: Amoonguss\n|-singleturn|p2b: Amoonguss|move: Rage Powder\n|\n|-heal|p2a: Flutter Mane|24\/100|[from] Grassy Terrain\n|-heal|p1a: Arcanine|37\/100|[from] Grassy Terrain\n|-heal|p2b: Amoonguss|84\/100 brn|[from] Grassy Terrain\n|-damage|p2b: Amoonguss|78\/100 brn|[from] brn\n|upkeep\n|turn|5\n|inactive|GAYRBALLS has 30 seconds left.\n|inactive|GAYRBALLS has 20 seconds left.\n|inactive|GAYRBALLS has 15 seconds left.\n|\n|t:|1699721839\n|move|p2b: Amoonguss|Rage Powder|p2b: Amoonguss\n|-singleturn|p2b: Amoonguss|move: Rage Powder\n|move|p1b: Urshifu|Aqua Jet|p2b: Amoonguss\n|-resisted|p2b: Amoonguss\n|-damage|p2b: Amoonguss|67\/100 brn\n|-damage|p1b: Urshifu|84\/100|[from] item: Rocky Helmet|[of] p2b: Amoonguss\n|move|p2a: Flutter Mane|Dazzling Gleam|p1a: Arcanine|[spread] p1a,p1b\n|-resisted|p1a: Arcanine\n|-crit|p1a: Arcanine\n|-supereffective|p1b: Urshifu\n|-damage|p1a: Arcanine|0 fnt\n|-damage|p1b: Urshifu|0 fnt\n|faint|p1a: Arcanine\n|faint|p1b: Urshifu\n|\n|-heal|p2a: Flutter Mane|29\/100|[from] Grassy Terrain\n|-heal|p2b: Amoonguss|73\/100 brn|[from] Grassy Terrain\n|-damage|p2b: Amoonguss|67\/100 brn|[from] brn\n|-fieldend|move: Grassy Terrain\n|upkeep\n|\n|t:|1699721847\n|switch|p1b: Roaring Moon|Roaring Moon, L50, shiny, tera:Flying|57\/100\n|turn|6\n|\n|t:|1699721865\n|move|p2b: Amoonguss|Rage Powder|p2b: Amoonguss\n|-singleturn|p2b: Amoonguss|move: Rage Powder\n|move|p2a: Flutter Mane|Dazzling Gleam|p1b: Roaring Moon\n|-damage|p1b: Roaring Moon|0 fnt\n|faint|p1b: Roaring Moon\n|-end|p1b: Roaring Moon|Protosynthesis|[silent]\n|\n|win|Coffi724\n|raw|GAYRBALLS's rating: 1350 &rarr; <strong>1335<\/strong><br \/>(-15 for losing)\n|raw|Coffi724's rating: 1431 &rarr; <strong>1446<\/strong><br \/>(+15 for winning)\n","uploadtime":1699721871,"views":44,"p1id":"gayrballs","p2id":"coffi724","formatid":"gen9vgc2023regulatione","rating":1335,"private":0,"password":""}