{"id":"gen9vgc2023regulatione-1994444656","p1":"Samax2599","p2":"Stryke Out","format":"[Gen 9] VGC 2023 Regulation E","log":"|j|\u2606Samax2599\n|j|\u2606Stryke Out\n|n|\u2606Samax2599|samax2599\n|n|\u2606Stryke Out|strykeout\n|html|View the match progress at <a href=\"\/game-bestof3-gen9vgc2023regulatione-1994435271\">game-bestof3-gen9vgc2023regulatione-1994435271<\/a>\n|t:|1700444678\n|gametype|doubles\n|player|p1|Samax2599|170|\n|player|p2|Stryke Out|cynthia-gen4|\n|teamsize|p1|6\n|teamsize|p2|6\n|gen|9\n|tier|[Gen 9] VGC 2023 Regulation E\n|rule|Species Clause: Limit one of each Pok\u00e9mon\n|rule|Item Clause: Limit one of each item\n|clearpoke\n|poke|p1|Heatran, L50, M|\n|poke|p1|Iron Bundle, L50|\n|poke|p1|Sylveon, L50, F|\n|poke|p1|Bruxish, L50, M|\n|poke|p1|Trevenant, L50, M|\n|poke|p1|Qwilfish-Hisui, L50, F|\n|poke|p2|Baxcalibur, L50, M|\n|poke|p2|Gholdengo, L50|\n|poke|p2|Abomasnow, L50, M|\n|poke|p2|Murkrow, L50, F|\n|poke|p2|Barraskewda, L50, F|\n|poke|p2|Mesprit, L50|\n|teampreview|4\n|j| smsy\n|c|\u2606Stryke Out|glhf man\n|c|\u2606Samax2599|yep glhf\n|c|\u2606Stryke Out|g3\n|j| BBRAFF\nSamax2599 rejected open team sheets.\n|l| BBRAFF\n|\n|t:|1700444750\n|start\n|switch|p1a: All I Want|Iron Bundle, L50|100\/100\n|switch|p1b: UnderTheSea|Bruxish, L50, M|100\/100\n|switch|p2a: Had a Stroke|Baxcalibur, L50, M|100\/100\n|switch|p2b: DapR the Rapper|Murkrow, L50, F, shiny|100\/100\n|-enditem|p1a: All I Want|Booster Energy\n|-activate|p1a: All I Want|ability: Quark Drive|[fromitem]\n|-start|p1a: All I Want|quarkdrivespe\n|turn|1\n|j| jakersmc\n|\n|t:|1700444773\n|-end|p1a: All I Want|Quark Drive|[silent]\n|switch|p1a: Cotton Candy|Sylveon, L50, F, shiny|100\/100\n|switch|p2b: Golden Joe|Gholdengo, L50|100\/100\n|move|p2a: Had a Stroke|Dragon Dance|p2a: Had a Stroke\n|-boost|p2a: Had a Stroke|atk|1\n|-boost|p2a: Had a Stroke|spe|1\n|move|p1b: UnderTheSea|Trick Room|p1b: UnderTheSea\n|-fieldstart|move: Trick Room|[of] p1b: UnderTheSea\n|\n|upkeep\n|turn|2\n|j| BBRAFF\n|\n|t:|1700444799\n|-terastallize|p1a: Cotton Candy|Water\n|-terastallize|p2a: Had a Stroke|Poison\n|move|p1a: Cotton Candy|Hyper Voice|p2a: Had a Stroke|[spread] p2a,p2b\n|-resisted|p2a: Had a Stroke\n|-resisted|p2b: Golden Joe\n|-damage|p2a: Had a Stroke|77\/100\n|-damage|p2b: Golden Joe|84\/100\n|-damage|p1a: Cotton Candy|91\/100|[from] item: Life Orb\n|move|p2b: Golden Joe|Shadow Ball|p1b: UnderTheSea\n|-supereffective|p1b: UnderTheSea\n|-enditem|p1b: UnderTheSea|Focus Sash\n|-damage|p1b: UnderTheSea|1\/100\n|move|p1b: UnderTheSea|Wave Crash|p2b: Golden Joe\n|-damage|p2b: Golden Joe|31\/100\n|-damage|p1b: UnderTheSea|0 fnt|[from] Recoil\n|faint|p1b: UnderTheSea\n|move|p2a: Had a Stroke|Icicle Crash|p1a: Cotton Candy\n|-resisted|p1a: Cotton Candy\n|-damage|p1a: Cotton Candy|49\/100\n|\n|upkeep\n|\n|t:|1700444822\n|switch|p1b: Gwogobo|Heatran, L50, M|100\/100\n|turn|3\n|\n|t:|1700444845\n|move|p2a: Had a Stroke|Protect|p2a: Had a Stroke\n|-singleturn|p2a: Had a Stroke|Protect\n|move|p1a: Cotton Candy|Shadow Ball|p2b: Golden Joe\n|-supereffective|p2b: Golden Joe\n|-damage|p2b: Golden Joe|0 fnt\n|faint|p2b: Golden Joe\n|-damage|p1a: Cotton Candy|40\/100|[from] item: Life Orb\n|move|p1b: Gwogobo|Flash Cannon|p2a: Had a Stroke\n|-activate|p2a: Had a Stroke|move: Protect\n|\n|upkeep\n|\n|t:|1700444851\n|switch|p2b: DapR the Rapper|Murkrow, L50, F, shiny|100\/100\n|turn|4\n|\n|t:|1700444874\n|move|p1b: Gwogobo|Protect|p1b: Gwogobo\n|-singleturn|p1b: Gwogobo|Protect\n|move|p2b: DapR the Rapper|Quash|p1a: Cotton Candy\n|-activate|p1a: Cotton Candy|move: Quash\n|move|p2a: Had a Stroke|Earthquake|p1b: Gwogobo|[spread] p1a\n|-activate|p1b: Gwogobo|move: Protect\n|-immune|p2b: DapR the Rapper\n|-damage|p1a: Cotton Candy|0 fnt\n|faint|p1a: Cotton Candy\n|\n|upkeep\n|\n|t:|1700444884\n|switch|p1a: All I Want|Iron Bundle, L50|100\/100\n|turn|5\n|\n|t:|1700444899\n|move|p2b: DapR the Rapper|Quash|p1b: Gwogobo\n|-activate|p1b: Gwogobo|move: Quash\n|move|p1a: All I Want|Icy Wind|p2a: Had a Stroke|[spread] p2a,p2b\n|-supereffective|p2b: DapR the Rapper\n|-damage|p2a: Had a Stroke|64\/100\n|-damage|p2b: DapR the Rapper|68\/100\n|-unboost|p2b: DapR the Rapper|spe|1\n|move|p2a: Had a Stroke|Earthquake|p1a: All I Want|[spread] p1a,p1b\n|-immune|p2b: DapR the Rapper\n|-supereffective|p1b: Gwogobo\n|-damage|p1a: All I Want|56\/100\n|-damage|p1b: Gwogobo|0 fnt\n|faint|p1b: Gwogobo\n|\n|-fieldend|move: Trick Room\n|upkeep\n|turn|6\n|c|\u2606Samax2599|gg\n|\n|t:|1700444926\n|move|p2a: Had a Stroke|Earthquake|p1a: All I Want|[spread] p1a\n|-immune|p2b: DapR the Rapper\n|-damage|p1a: All I Want|14\/100\n|move|p1a: All I Want|Hydro Pump|p2a: Had a Stroke|[miss]\n|-miss|p1a: All I Want|p2a: Had a Stroke\n|move|p2b: DapR the Rapper|Foul Play|p1a: All I Want\n|-damage|p1a: All I Want|0 fnt\n|faint|p1a: All I Want\n|-end|p1a: All I Want|Quark Drive|[silent]\n|\n|win|Stryke Out\n|c|\u2606Stryke Out|gg man\n|l| BBRAFF\n|l| smsy\n","uploadtime":1700444976,"views":48,"p1id":"samax2599","p2id":"strykeout","formatid":"gen9vgc2023regulatione","rating":0,"private":0,"password":""}