{"id":"gen9vgc2023regulatione-1989982372","p1":"Savage Mushroom","p2":"THS Mike","format":"[Gen 9] VGC 2023 Regulation E","log":"|j|\u2606Savage Mushroom\n|j|\u2606THS Mike\n|t:|1699912381\n|gametype|doubles\n|player|p1|Savage Mushroom|102|1457\n|player|p2|THS Mike|169|1599\n|teamsize|p1|6\n|teamsize|p2|6\n|gen|9\n|tier|[Gen 9] VGC 2023 Regulation E\n|rated|\n|rule|Species Clause: Limit one of each Pok\u00e9mon\n|rule|Item Clause: Limit one of each item\n|clearpoke\n|poke|p1|Dragonite, L50, M|\n|poke|p1|Gastrodon-East, L50, F|\n|poke|p1|Tauros-Paldea-Blaze, L50, M|\n|poke|p1|Chien-Pao, L50|\n|poke|p1|Sinistcha, L50|\n|poke|p1|Ursaluna-Bloodmoon, L50, M|\n|poke|p2|Moltres-Galar, L50|\n|poke|p2|Sinistcha-Masterpiece, L50|\n|poke|p2|Ninetales-Alola, L50, F|\n|poke|p2|Landorus-Therian, L50, M|\n|poke|p2|Iron Hands, L50|\n|poke|p2|Heatran, L50, F|\n|teampreview|4\nSavage Mushroom has agreed to open team sheets.\n|inactive|Battle timer is ON: inactive players will automatically lose when time's up. (requested by THS Mike)\n|inactive|Savage Mushroom has 60 seconds left.\n|inactive|Savage Mushroom has 30 seconds left.\n|inactive|Savage Mushroom has 20 seconds left.\n|inactive|Savage Mushroom has 15 seconds left.\n|inactive|Savage Mushroom has 10 seconds left.\n|\n|t:|1699912494\n|start\n|switch|p1a: Tauros|Tauros-Paldea-Blaze, L50, M|100\/100\n|switch|p1b: Gastrodon|Gastrodon-East, L50, F|100\/100\n|switch|p2a: Ninetales|Ninetales-Alola, L50, F|100\/100\n|switch|p2b: Moltres|Moltres-Galar, L50|100\/100\n|-weather|Snow|[from] ability: Snow Warning|[of] p2a: Ninetales\n|-ability|p1a: Tauros|Intimidate|boost\n|-unboost|p2a: Ninetales|atk|1\n|-unboost|p2b: Moltres|atk|1\n|turn|1\n|inactive|THS Mike has 30 seconds left.\n|\n|t:|1699912523\n|switch|p2b: Iron Hands|Iron Hands, L50|100\/100\n|move|p2a: Ninetales|Protect|p2a: Ninetales\n|-singleturn|p2a: Ninetales|Protect\n|move|p1a: Tauros|Raging Bull|p2a: Ninetales\n|-activate|p2a: Ninetales|move: Protect\n|move|p1b: Gastrodon|Yawn|p2b: Iron Hands\n|-start|p2b: Iron Hands|move: Yawn|[of] p1b: Gastrodon\n|\n|-weather|Snow|[upkeep]\n|upkeep\n|turn|2\n|inactive|Savage Mushroom has 30 seconds left.\n|\n|t:|1699912550\n|-end|p2b: Iron Hands|Quark Drive|[silent]\n|switch|p2b: Moltres|Moltres-Galar, L50|100\/100\n|move|p2a: Ninetales|Aurora Veil|p2a: Ninetales\n|-sidestart|p2: THS Mike|move: Aurora Veil\n|move|p1a: Tauros|Raging Bull|p2a: Ninetales\n|-sideend|p2: THS Mike|move: Aurora Veil\n|-supereffective|p2a: Ninetales\n|-damage|p2a: Ninetales|0 fnt\n|faint|p2a: Ninetales\n|move|p1b: Gastrodon|Earth Power|p2b: Moltres\n|-immune|p2b: Moltres\n|\n|-weather|Snow|[upkeep]\n|upkeep\n|\n|t:|1699912560\n|switch|p2a: Iron Hands|Iron Hands, L50|100\/100\n|turn|3\n|\n|t:|1699912569\n|move|p2a: Iron Hands|Fake Out|p1a: Tauros\n|-damage|p1a: Tauros|86\/100\n|cant|p1a: Tauros|flinch\n|move|p2b: Moltres|Nasty Plot|p2b: Moltres\n|-boost|p2b: Moltres|spa|2\n|move|p1b: Gastrodon|Yawn|p2b: Moltres\n|-start|p2b: Moltres|move: Yawn|[of] p1b: Gastrodon\n|\n|-weather|Snow|[upkeep]\n|upkeep\n|turn|4\n|inactive|Savage Mushroom has 30 seconds left.\n|\n|t:|1699912594\n|switch|p1a: Dragonite|Dragonite, L50, M|100\/100\n|move|p1b: Gastrodon|Protect|p1b: Gastrodon\n|-singleturn|p1b: Gastrodon|Protect\n|move|p2b: Moltres|Air Slash|p1a: Dragonite\n|-damage|p1a: Dragonite|61\/100\n|move|p2a: Iron Hands|Drain Punch|p1a: Dragonite\n|-resisted|p1a: Dragonite\n|-damage|p1a: Dragonite|41\/100\n|\n|-weather|Snow|[upkeep]\n|-end|p2b: Moltres|move: Yawn|[silent]\n|-status|p2b: Moltres|slp\n|upkeep\n|turn|5\n|inactive|Savage Mushroom has 30 seconds left.\n|inactive|THS Mike has 30 seconds left.\n|\n|t:|1699912623\n|switch|p1b: Tauros|Tauros-Paldea-Blaze, L50, M|86\/100\n|-ability|p1b: Tauros|Intimidate|boost\n|-unboost|p2a: Iron Hands|atk|1\n|-unboost|p2b: Moltres|atk|1\n|cant|p2b: Moltres|slp\n|move|p1a: Dragonite|Aerial Ace|p2b: Moltres\n|-damage|p2b: Moltres|67\/100 slp\n|move|p2a: Iron Hands|Wild Charge|p1a: Dragonite\n|-crit|p1a: Dragonite\n|-damage|p1a: Dragonite|0 fnt\n|faint|p1a: Dragonite\n|-damage|p2a: Iron Hands|92\/100|[from] Recoil\n|\n|-weather|none\n|upkeep\n|\n|t:|1699912638\n|switch|p1a: Gastrodon|Gastrodon-East, L50, F|100\/100\n|turn|6\n|\n|t:|1699912644\n|-end|p2a: Iron Hands|Quark Drive|[silent]\n|switch|p2a: Sinistcha|Sinistcha-Masterpiece, L50|100\/100\n|-heal|p2b: Moltres|92\/100 slp|[from] ability: Hospitality|[of] p2a: Sinistcha\n|move|p1b: Tauros|Flare Blitz|p2b: Moltres\n|-crit|p2b: Moltres\n|-damage|p2b: Moltres|0 fnt\n|faint|p2b: Moltres\n|-damage|p1b: Tauros|52\/100|[from] Recoil\n|move|p1a: Gastrodon|Earth Power|p2a: Sinistcha\n|-resisted|p2a: Sinistcha\n|-damage|p2a: Sinistcha|83\/100\n|\n|upkeep\n|\n|t:|1699912654\n|switch|p2b: Iron Hands|Iron Hands, L50|92\/100\n|turn|7\n|inactive|Savage Mushroom has 30 seconds left.\n|\n|t:|1699912688\n|-terastallize|p1a: Gastrodon|Fire\n|move|p2b: Iron Hands|Fake Out|p1b: Tauros\n|-damage|p1b: Tauros|37\/100\n|cant|p1b: Tauros|flinch\n|move|p2a: Sinistcha|Matcha Gotcha|p1b: Tauros|[spread] p1a,p1b\n|-resisted|p1a: Gastrodon\n|-resisted|p1b: Tauros\n|-damage|p1a: Gastrodon|86\/100\n|-heal|p2a: Sinistcha|92\/100|[from] drain|[of] p1a: Gastrodon\n|-damage|p1b: Tauros|15\/100\n|-heal|p2a: Sinistcha|100\/100|[from] drain|[of] p1b: Tauros\n|move|p1a: Gastrodon|Yawn|p2a: Sinistcha\n|-start|p2a: Sinistcha|move: Yawn|[of] p1a: Gastrodon\n|\n|-heal|p1a: Gastrodon|92\/100|[from] item: Leftovers\n|upkeep\n|turn|8\n|\n|t:|1699912710\n|move|p1b: Tauros|Flare Blitz|p2a: Sinistcha\n|-supereffective|p2a: Sinistcha\n|-damage|p2a: Sinistcha|0 fnt\n|-damage|p1b: Tauros|0 fnt|[from] item: Rocky Helmet|[of] p2a: Sinistcha\n|faint|p2a: Sinistcha\n|faint|p1b: Tauros\n|move|p2b: Iron Hands|Drain Punch|p1a: Gastrodon\n|-damage|p1a: Gastrodon|56\/100\n|-heal|p2b: Iron Hands|100\/100|[from] drain|[of] p1a: Gastrodon\n|move|p1a: Gastrodon|Earth Power|p2b: Iron Hands\n|-supereffective|p2b: Iron Hands\n|-damage|p2b: Iron Hands|65\/100\n|\n|-heal|p1a: Gastrodon|62\/100|[from] item: Leftovers\n|upkeep\n|\n|t:|1699912716\n|switch|p1b: Ursaluna|Ursaluna-Bloodmoon, L50, M|100\/100\n|turn|9\n|\n|t:|1699912728\n|-terastallize|p2b: Iron Hands|Water\n|move|p1b: Ursaluna|Protect|p1b: Ursaluna\n|-singleturn|p1b: Ursaluna|Protect\n|move|p2b: Iron Hands|Drain Punch|p1b: Ursaluna\n|-activate|p1b: Ursaluna|move: Protect\n|move|p1a: Gastrodon|Yawn|p2b: Iron Hands\n|-start|p2b: Iron Hands|move: Yawn|[of] p1a: Gastrodon\n|\n|-heal|p1a: Gastrodon|67\/100|[from] item: Leftovers\n|upkeep\n|turn|10\n|\n|t:|1699912736\n|move|p2b: Iron Hands|Drain Punch|p1b: Ursaluna\n|-supereffective|p1b: Ursaluna\n|-damage|p1b: Ursaluna|39\/100\n|-heal|p2b: Iron Hands|91\/100|[from] drain|[of] p1b: Ursaluna\n|move|p1b: Ursaluna|Blood Moon|p2b: Iron Hands\n|-damage|p2b: Iron Hands|51\/100\n|move|p1a: Gastrodon|Earth Power|p2b: Iron Hands\n|-damage|p2b: Iron Hands|32\/100\n|\n|-heal|p1a: Gastrodon|73\/100|[from] item: Leftovers\n|-end|p2b: Iron Hands|move: Yawn|[silent]\n|-status|p2b: Iron Hands|slp\n|upkeep\n|turn|11\n|-message|THS Mike forfeited.\n|\n|win|Savage Mushroom\n|raw|Savage Mushroom's rating: 1457 &rarr; <strong>1485<\/strong><br \/>(+28 for winning)\n|raw|THS Mike's rating: 1599 &rarr; <strong>1571<\/strong><br \/>(-28 for losing)\n|l|\u2606THS Mike\n","uploadtime":1699912760,"views":24,"p1id":"savagemushroom","p2id":"thsmike","formatid":"gen9vgc2023regulatione","rating":1485,"private":0,"password":""}