{"id":"gen9vgc2023regulatione-1988109213","p1":"ZeFantasma","p2":"Dokja ain't dead.","format":"[Gen 9] VGC 2023 Regulation E","log":"|j|\u2606ZeFantasma\n|j|\u2606Dokja ain't dead.\n|t:|1699670648\n|gametype|doubles\n|player|p1|ZeFantasma|red|1335\n|player|p2|Dokja ain't dead.|1|1430\n|teamsize|p1|6\n|teamsize|p2|6\n|gen|9\n|tier|[Gen 9] VGC 2023 Regulation E\n|rated|\n|rule|Species Clause: Limit one of each Pok\u00e9mon\n|rule|Item Clause: Limit one of each item\n|clearpoke\n|poke|p1|Grimmsnarl, L50, M|\n|poke|p1|Cresselia, L50, F|\n|poke|p1|Gholdengo, L50|\n|poke|p1|Iron Hands, L50|\n|poke|p1|Fezandipiti, L50, M|\n|poke|p1|Annihilape, L50, F|\n|poke|p2|Dondozo, L50, F|\n|poke|p2|Scream Tail, L50|\n|poke|p2|Tatsugiri, L50, F|\n|poke|p2|Annihilape, L50, M|\n|poke|p2|Arcanine, L50, F|\n|poke|p2|Flamigo, L50, M|\n|teampreview|4\n|inactive|Battle timer is ON: inactive players will automatically lose when time's up. (requested by Dokja ain't dead.)\nDokja ain't dead. rejected open team sheets.\n|\n|t:|1699670670\n|start\n|switch|p1a: Grimmsnarl|Grimmsnarl, L50, M|100\/100\n|switch|p1b: Gholdengo|Gholdengo, L50|100\/100\n|switch|p2a: Scream Tail|Scream Tail, L50|100\/100\n|switch|p2b: Tatsugiri|Tatsugiri, L50, F|100\/100\n|turn|1\n|inactive|Dokja ain't dead. has 30 seconds left.\n|inactive|Dokja ain't dead. has 20 seconds left.\n|inactive|Dokja ain't dead. has 15 seconds left.\n|inactive|Dokja ain't dead. has 10 seconds left.\n|inactive|Dokja ain't dead. has 5 seconds left.\n|\n|t:|1699670722\n|move|p1a: Grimmsnarl|Reflect|p1a: Grimmsnarl\n|-sidestart|p1: ZeFantasma|Reflect\n|move|p2a: Scream Tail|Perish Song|p2a: Scream Tail\n|-start|p1a: Grimmsnarl|perish3|[silent]\n|-immune|p1b: Gholdengo|[from] ability: Good as Gold\n|-start|p2a: Scream Tail|perish3|[silent]\n|-start|p2b: Tatsugiri|perish3|[silent]\n|-fieldactivate|move: Perish Song\n|move|p1b: Gholdengo|Shadow Ball|p2a: Scream Tail\n|-supereffective|p2a: Scream Tail\n|-damage|p2a: Scream Tail|43\/100\n|move|p2b: Tatsugiri|Icy Wind|p1b: Gholdengo|[spread] p1a,p1b\n|-resisted|p1b: Gholdengo\n|-damage|p1a: Grimmsnarl|91\/100\n|-damage|p1b: Gholdengo|94\/100\n|-unboost|p1a: Grimmsnarl|spe|1\n|\n|-start|p2a: Scream Tail|perish3\n|-start|p2b: Tatsugiri|perish3\n|-start|p1a: Grimmsnarl|perish3\n|upkeep\n|turn|2\n|inactive|ZeFantasma has 30 seconds left.\n|inactive|Dokja ain't dead. has 30 seconds left.\n|inactive|ZeFantasma has 20 seconds left.\n|\n|t:|1699670760\n|switch|p1b: Fezandipiti|Fezandipiti, L50, M|100\/100\n|switch|p1a: Cresselia|Cresselia, L50, F|100\/100\n|move|p2a: Scream Tail|Thunder Wave|p1a: Cresselia\n|-status|p1a: Cresselia|par\n|move|p2b: Tatsugiri|Draco Meteor|p1b: Fezandipiti\n|-immune|p1b: Fezandipiti\n|\n|-start|p2a: Scream Tail|perish2\n|-start|p2b: Tatsugiri|perish2\n|upkeep\n|turn|3\n|\n|t:|1699670783\n|-end|p2a: Scream Tail|Protosynthesis|[silent]\n|switch|p2a: Dondozo|Dondozo, L50, F|100\/100\n|-activate|p2b: Tatsugiri|ability: Commander|[of] p2a: Dondozo\n|-boost|p2a: Dondozo|atk|2\n|-boost|p2a: Dondozo|spa|2\n|-boost|p2a: Dondozo|spe|2\n|-boost|p2a: Dondozo|def|2\n|-boost|p2a: Dondozo|spd|2\n|move|p1b: Fezandipiti|Protect|p1b: Fezandipiti\n|-singleturn|p1b: Fezandipiti|Protect\n|move|p1a: Cresselia|Trick Room|p1a: Cresselia\n|-fieldstart|move: Trick Room|[of] p1a: Cresselia\n|\n|-start|p2b: Tatsugiri|perish1\n|upkeep\n|turn|4\n|inactive|ZeFantasma has 30 seconds left.\n|inactive|ZeFantasma has 20 seconds left.\n|inactive|ZeFantasma has 15 seconds left.\n|inactive|ZeFantasma has 10 seconds left.\n|\n|t:|1699670831\n|move|p1a: Cresselia|Lunar Blessing|p1a: Cresselia|[spread] p1a,p1b\n|-curestatus|p1a: Cresselia|par|[msg]\n|move|p2a: Dondozo|Order Up|p1a: Cresselia\n|-damage|p1a: Cresselia|79\/100\n|-boost|p2a: Dondozo|atk|1\n|move|p1b: Fezandipiti|Beat Up|p2a: Dondozo\n|-damage|p2a: Dondozo|99\/100\n|-status|p2a: Dondozo|tox|[from] ability: Toxic Chain|[of] p1b: Fezandipiti\n|-damage|p2a: Dondozo|98\/100 tox\n|-damage|p2a: Dondozo|97\/100 tox\n|-damage|p2a: Dondozo|96\/100 tox\n|-hitcount|p2a: Dondozo|4\n|\n|-heal|p2a: Dondozo|100\/100 tox|[from] item: Leftovers\n|-damage|p2a: Dondozo|94\/100 tox|[from] psn\n|-start|p2b: Tatsugiri|perish0\n|faint|p2b: Tatsugiri\n|upkeep\n|\n|t:|1699670843\n|switch|p2b: Scream Tail|Scream Tail, L50|43\/100\n|turn|5\n|\n|t:|1699670860\n|move|p1a: Cresselia|Ice Beam|p2b: Scream Tail\n|-damage|p2b: Scream Tail|31\/100\n|move|p2a: Dondozo|Earthquake|p1a: Cresselia|[spread] p2b,p1b\n|-immune|p1a: Cresselia|[from] ability: Levitate\n|-supereffective|p1b: Fezandipiti\n|-damage|p2b: Scream Tail|0 fnt\n|-damage|p1b: Fezandipiti|39\/100\n|faint|p2b: Scream Tail\n|-end|p2b: Scream Tail|Protosynthesis|[silent]\n|move|p1b: Fezandipiti|Dazzling Gleam|p2a: Dondozo\n|-damage|p2a: Dondozo|86\/100 tox\n|\n|-heal|p2a: Dondozo|92\/100 tox|[from] item: Leftovers\n|-damage|p2a: Dondozo|80\/100 tox|[from] psn\n|upkeep\n|\n|t:|1699670869\n|switch|p2b: Flamigo|Flamigo, L50, M|100\/100\n|-copyboost|p2b: Flamigo|p2a: Dondozo|[from] ability: Costar\n|turn|6\n|\n|t:|1699670892\n|move|p2b: Flamigo|Protect|p2b: Flamigo\n|-singleturn|p2b: Flamigo|Protect\n|move|p1a: Cresselia|Lunar Blessing|p1a: Cresselia|[spread] p1a,p1b\n|-heal|p1a: Cresselia|100\/100\n|-heal|p1b: Fezandipiti|64\/100\n|move|p2a: Dondozo|Order Up|p1a: Cresselia\n|-damage|p1a: Cresselia|74\/100\n|-boost|p2a: Dondozo|atk|1\n|move|p1b: Fezandipiti|Beat Up|p2b: Flamigo\n|-activate|p2b: Flamigo|move: Protect\n|\n|-heal|p2a: Dondozo|86\/100 tox|[from] item: Leftovers\n|-damage|p2a: Dondozo|67\/100 tox|[from] psn\n|upkeep\n|turn|7\n|\n|t:|1699670910\n|move|p1a: Cresselia|Lunar Blessing|p1a: Cresselia|[spread] p1a,p1b\n|-heal|p1a: Cresselia|99\/100\n|-heal|p1b: Fezandipiti|89\/100\n|move|p2a: Dondozo|Earthquake|p1b: Fezandipiti|[spread] p1b\n|-immune|p2b: Flamigo\n|-immune|p1a: Cresselia|[from] ability: Levitate\n|-supereffective|p1b: Fezandipiti\n|-damage|p1b: Fezandipiti|22\/100\n|move|p1b: Fezandipiti|Beat Up|p2b: Flamigo\n|-resisted|p2b: Flamigo\n|-damage|p2b: Flamigo|99\/100\n|-resisted|p2b: Flamigo\n|-damage|p2b: Flamigo|99\/100\n|-status|p2b: Flamigo|tox|[from] ability: Toxic Chain|[of] p1b: Fezandipiti\n|-resisted|p2b: Flamigo\n|-damage|p2b: Flamigo|97\/100 tox\n|-resisted|p2b: Flamigo\n|-damage|p2b: Flamigo|97\/100 tox\n|-hitcount|p2b: Flamigo|4\n|move|p2b: Flamigo|Brave Bird|p1a: Cresselia\n|-damage|p1a: Cresselia|12\/100\n|-damage|p2b: Flamigo|56\/100 tox|[from] Recoil\n|-damage|p2b: Flamigo|46\/100 tox|[from] item: Life Orb\n|\n|-heal|p2a: Dondozo|74\/100 tox|[from] item: Leftovers\n|-damage|p2a: Dondozo|49\/100 tox|[from] psn\n|-damage|p2b: Flamigo|40\/100 tox|[from] psn\n|-fieldend|move: Trick Room\n|upkeep\n|turn|8\n|inactive|ZeFantasma has 30 seconds left.\n|inactive|ZeFantasma has 20 seconds left.\n|inactive|Dokja ain't dead. has 30 seconds left.\n|\n|t:|1699670948\n|move|p1b: Fezandipiti|Protect|p1b: Fezandipiti\n|-singleturn|p1b: Fezandipiti|Protect\n|move|p2b: Flamigo|Brave Bird|p1b: Fezandipiti\n|-activate|p1b: Fezandipiti|move: Protect\n|move|p2a: Dondozo|Order Up|p1a: Cresselia\n|-damage|p1a: Cresselia|0 fnt\n|faint|p1a: Cresselia\n|-boost|p2a: Dondozo|atk|1\n|\n|-heal|p2a: Dondozo|55\/100 tox|[from] item: Leftovers\n|-damage|p2b: Flamigo|29\/100 tox|[from] psn\n|-damage|p2a: Dondozo|24\/100 tox|[from] psn\n|-sideend|p1: ZeFantasma|Reflect\n|upkeep\n|inactive|ZeFantasma has 30 seconds left.\n|\n|t:|1699670978\n|switch|p1a: Grimmsnarl|Grimmsnarl, L50, M|91\/100\n|turn|9\n|\n|t:|1699670994\n|move|p1a: Grimmsnarl|Reflect|p1a: Grimmsnarl\n|-sidestart|p1: ZeFantasma|Reflect\n|move|p2b: Flamigo|Close Combat|p1a: Grimmsnarl\n|-damage|p1a: Grimmsnarl|0 fnt\n|-unboost|p2b: Flamigo|def|1\n|-unboost|p2b: Flamigo|spd|1\n|faint|p1a: Grimmsnarl\n|-damage|p2b: Flamigo|19\/100 tox|[from] item: Life Orb\n|move|p1b: Fezandipiti|Dazzling Gleam|p2a: Dondozo|[spread] p2a,p2b\n|-supereffective|p2b: Flamigo\n|-damage|p2a: Dondozo|17\/100 tox\n|-damage|p2b: Flamigo|0 fnt\n|faint|p2b: Flamigo\n|move|p2a: Dondozo|Earthquake|p1b: Fezandipiti\n|-supereffective|p1b: Fezandipiti\n|-damage|p1b: Fezandipiti|0 fnt\n|faint|p1b: Fezandipiti\n|\n|-heal|p2a: Dondozo|24\/100 tox|[from] item: Leftovers\n|-damage|p2a: Dondozo|0 fnt|[from] psn\n|faint|p2a: Dondozo\n|\n|win|ZeFantasma\n|upkeep\n|raw|ZeFantasma's rating: 1335 &rarr; <strong>1360<\/strong><br \/>(+25 for winning)\n|raw|Dokja ain&apos;t dead.'s rating: 1430 &rarr; <strong>1405<\/strong><br \/>(-25 for losing)\n|l|\u2606Dokja ain't dead.\n","uploadtime":1699671013,"views":13,"p1id":"zefantasma","p2id":"dokjaaintdead","formatid":"gen9vgc2023regulatione","rating":1360,"private":0,"password":""}