{"id":"gen9vgc2023regulatione-1998158289","p1":"Xeon_VGC","p2":"Mortipherus","format":"[Gen 9] VGC 2023 Regulation E","log":"|j|\u203dXeon_VGC\n|j|\u2606Mortipherus\n|t:|1700902861\n|gametype|doubles\n|player|p1|Xeon_VGC|caitlin|1330\n|player|p2|Mortipherus|biker-gen4|1297\n|teamsize|p1|6\n|teamsize|p2|6\n|gen|9\n|tier|[Gen 9] VGC 2023 Regulation E\n|rated|\n|rule|Species Clause: Limit one of each Pok\u00e9mon\n|rule|Item Clause: Limit one of each item\n|clearpoke\n|poke|p1|Tornadus, L50, M|\n|poke|p1|Rillaboom, L50, F|\n|poke|p1|Heatran, L50, M|\n|poke|p1|Iron Hands, L50|\n|poke|p1|Amoonguss, L50, F|\n|poke|p1|Urshifu-*, L50, M|\n|poke|p2|Gholdengo, L50|\n|poke|p2|Roaring Moon, L50|\n|poke|p2|Iron Hands, L50|\n|poke|p2|Ogerpon-Hearthflame, L50, F|\n|poke|p2|Landorus-Therian, L50, M|\n|poke|p2|Flutter Mane, L50|\n|teampreview|4\n|inactive|Battle timer is ON: inactive players will automatically lose when time's up. (requested by Mortipherus)\nMortipherus has agreed to open team sheets.\nXeon_VGC has agreed to open team sheets.\n|\n|t:|1700902916\n|start\n|switch|p1a: Rillaboom|Rillaboom, L50, F|100\/100\n|switch|p1b: Heatran|Heatran, L50, M|100\/100\n|switch|p2a: Iron Hands|Iron Hands, L50|100\/100\n|switch|p2b: Landorus|Landorus-Therian, L50, M|100\/100\n|-ability|p2b: Landorus|Intimidate|boost\n|-unboost|p1a: Rillaboom|atk|1\n|-unboost|p1b: Heatran|atk|1\n|-fieldstart|move: Grassy Terrain|[from] ability: Grassy Surge|[of] p1a: Rillaboom\n|turn|1\n|inactive|Xeon_VGC has 30 seconds left.\n|inactive|Mortipherus has 30 seconds left.\n|inactive|Xeon_VGC has 20 seconds left.\n|inactive|Xeon_VGC has 15 seconds left.\n|inactive|Xeon_VGC has 10 seconds left.\n|\n|t:|1700902965\n|move|p1a: Rillaboom|Fake Out|p2b: Landorus\n|-damage|p2b: Landorus|92\/100\n|move|p2a: Iron Hands|Fake Out|p1b: Heatran\n|-resisted|p1b: Heatran\n|-damage|p1b: Heatran|94\/100\n|cant|p2b: Landorus|flinch\n|cant|p1b: Heatran|flinch\n|\n|-heal|p1b: Heatran|99\/100|[from] Grassy Terrain\n|-heal|p1b: Heatran|100\/100|[from] item: Leftovers\n|upkeep\n|turn|2\n|\n|t:|1700902990\n|move|p1b: Heatran|Protect|p1b: Heatran\n|-singleturn|p1b: Heatran|Protect\n|move|p2b: Landorus|Stomping Tantrum|p1b: Heatran\n|-activate|p1b: Heatran|move: Protect\n|move|p1a: Rillaboom|U-turn|p2a: Iron Hands\n|-resisted|p2a: Iron Hands\n|-damage|p2a: Iron Hands|96\/100\n|inactive|Xeon_VGC has 30 seconds left.\n|\n|t:|1700903019\n|switch|p1a: Amoonguss|Amoonguss, L50, F|100\/100|[from] U-turn\n|move|p2a: Iron Hands|Drain Punch|p1b: Heatran\n|-activate|p1b: Heatran|move: Protect\n|\n|-heal|p2a: Iron Hands|100\/100|[from] Grassy Terrain\n|upkeep\n|turn|3\n|\n|t:|1700903038\n|switch|p2b: Gholdengo|Gholdengo, L50|100\/100\n|-terastallize|p1b: Heatran|Grass\n|move|p1b: Heatran|Heat Wave|p2b: Gholdengo|[spread] p2a,p2b\n|-supereffective|p2b: Gholdengo\n|-damage|p2a: Iron Hands|80\/100\n|-damage|p2b: Gholdengo|19\/100\n|move|p2a: Iron Hands|Drain Punch|p1b: Heatran\n|-damage|p1b: Heatran|64\/100\n|-heal|p2a: Iron Hands|96\/100|[from] drain|[of] p1b: Heatran\n|move|p1a: Amoonguss|Spore|p2a: Iron Hands\n|-status|p2a: Iron Hands|slp|[from] move: Spore\n|\n|-heal|p2b: Gholdengo|25\/100|[from] Grassy Terrain\n|-heal|p2b: Gholdengo|31\/100|[from] item: Leftovers\n|-heal|p1b: Heatran|70\/100|[from] Grassy Terrain\n|-heal|p1b: Heatran|76\/100|[from] item: Leftovers\n|-heal|p2a: Iron Hands|100\/100 slp|[from] Grassy Terrain\n|upkeep\n|turn|4\n|inactive|Xeon_VGC has 30 seconds left.\n|inactive|Mortipherus has 30 seconds left.\n|\n|t:|1700903068\n|-end|p2a: Iron Hands|Quark Drive|[silent]\n|switch|p2a: Roaring Moon|Roaring Moon, L50, shiny|100\/100\n|-enditem|p2a: Roaring Moon|Booster Energy\n|-activate|p2a: Roaring Moon|ability: Protosynthesis|[fromitem]\n|-start|p2a: Roaring Moon|protosynthesisspe\n|move|p2b: Gholdengo|Protect|p2b: Gholdengo\n|-singleturn|p2b: Gholdengo|Protect\n|move|p1b: Heatran|Heat Wave|p2b: Gholdengo|[spread] p2a\n|-activate|p2b: Gholdengo|move: Protect\n|-resisted|p2a: Roaring Moon\n|-damage|p2a: Roaring Moon|86\/100\n|move|p1a: Amoonguss|Pollen Puff|p1b: Heatran\n|-heal|p1b: Heatran|100\/100\n|\n|-heal|p2a: Roaring Moon|92\/100|[from] Grassy Terrain\n|-heal|p2b: Gholdengo|37\/100|[from] Grassy Terrain\n|-heal|p2b: Gholdengo|44\/100|[from] item: Leftovers\n|upkeep\n|turn|5\n|inactive|Mortipherus has 30 seconds left.\n|\n|t:|1700903093\n|-terastallize|p2a: Roaring Moon|Flying\n|move|p1b: Heatran|Protect|p1b: Heatran\n|-singleturn|p1b: Heatran|Protect\n|move|p2a: Roaring Moon|Acrobatics|p1b: Heatran\n|-activate|p1b: Heatran|move: Protect\n|move|p2b: Gholdengo|Shadow Ball|p1b: Heatran\n|-activate|p1b: Heatran|move: Protect\n|move|p1a: Amoonguss|Spore|p2a: Roaring Moon\n|-status|p2a: Roaring Moon|slp|[from] move: Spore\n|\n|-heal|p2b: Gholdengo|50\/100|[from] Grassy Terrain\n|-heal|p2b: Gholdengo|56\/100|[from] item: Leftovers\n|-fieldend|move: Grassy Terrain\n|upkeep\n|turn|6\n|\n|t:|1700903112\n|cant|p2a: Roaring Moon|slp\n|move|p2b: Gholdengo|Shadow Ball|p1b: Heatran\n|-damage|p1b: Heatran|64\/100\n|-unboost|p1b: Heatran|spd|1\n|move|p1b: Heatran|Heat Wave|p2b: Gholdengo|[spread] p2a\n|-miss|p1b: Heatran|p2b: Gholdengo\n|-damage|p2a: Roaring Moon|60\/100 slp\n|move|p1a: Amoonguss|Pollen Puff|p1b: Heatran\n|-heal|p1b: Heatran|100\/100\n|\n|-heal|p2b: Gholdengo|62\/100|[from] item: Leftovers\n|upkeep\n|turn|7\n|\n|t:|1700903125\n|move|p1a: Amoonguss|Rage Powder|p1a: Amoonguss\n|-singleturn|p1a: Amoonguss|move: Rage Powder\n|cant|p2a: Roaring Moon|slp\n|move|p2b: Gholdengo|Make It Rain|p1a: Amoonguss|[spread] p1a,p1b\n|-damage|p1a: Amoonguss|59\/100\n|-damage|p1b: Heatran|36\/100\n|-unboost|p2b: Gholdengo|spa|1\n|move|p1b: Heatran|Heat Wave|p2a: Roaring Moon|[spread] p2b\n|-miss|p1b: Heatran|p2a: Roaring Moon\n|-supereffective|p2b: Gholdengo\n|-damage|p2b: Gholdengo|0 fnt\n|faint|p2b: Gholdengo\n|\n|-heal|p1b: Heatran|42\/100|[from] item: Leftovers\n|upkeep\n|\n|t:|1700903131\n|switch|p2b: Landorus|Landorus-Therian, L50, M|92\/100\n|-ability|p2b: Landorus|Intimidate|boost\n|-unboost|p1a: Amoonguss|atk|1\n|-unboost|p1b: Heatran|atk|1\n|turn|8\n|inactive|Xeon_VGC has 30 seconds left.\n|\n|t:|1700903165\n|move|p1a: Amoonguss|Rage Powder|p1a: Amoonguss\n|-singleturn|p1a: Amoonguss|move: Rage Powder\n|-curestatus|p2a: Roaring Moon|slp|[msg]\n|move|p2a: Roaring Moon|Acrobatics|p1a: Amoonguss\n|-supereffective|p1a: Amoonguss\n|-damage|p1a: Amoonguss|0 fnt\n|-damage|p2a: Roaring Moon|44\/100|[from] item: Rocky Helmet|[of] p1a: Amoonguss\n|faint|p1a: Amoonguss\n|move|p2b: Landorus|U-turn|p1b: Heatran\n|-supereffective|p1b: Heatran\n|-damage|p1b: Heatran|4\/100\n|\n|t:|1700903175\n|switch|p2b: Iron Hands|Iron Hands, L50|100\/100 slp|[from] U-turn\n|move|p1b: Heatran|Heat Wave|p2a: Roaring Moon|[spread] p2a,p2b\n|-damage|p2a: Roaring Moon|9\/100\n|-damage|p2b: Iron Hands|80\/100 slp\n|\n|-heal|p1b: Heatran|10\/100|[from] item: Leftovers\n|upkeep\n|\n|t:|1700903182\n|switch|p1a: Rillaboom|Rillaboom, L50, F|100\/100\n|-fieldstart|move: Grassy Terrain|[from] ability: Grassy Surge|[of] p1a: Rillaboom\n|turn|9\n|\n|t:|1700903191\n|move|p2a: Roaring Moon|Protect|p2a: Roaring Moon\n|-singleturn|p2a: Roaring Moon|Protect\n|move|p1a: Rillaboom|Fake Out|p2a: Roaring Moon\n|-activate|p2a: Roaring Moon|move: Protect\n|move|p1b: Heatran|Heat Wave|p2b: Iron Hands|[spread] p2b\n|-activate|p2a: Roaring Moon|move: Protect\n|-damage|p2b: Iron Hands|60\/100 slp\n|cant|p2b: Iron Hands|slp\n|\n|-heal|p1b: Heatran|16\/100|[from] Grassy Terrain\n|-heal|p1b: Heatran|22\/100|[from] item: Leftovers\n|-heal|p2b: Iron Hands|66\/100 slp|[from] Grassy Terrain\n|upkeep\n|turn|10\n|inactive|Xeon_VGC has 30 seconds left.\n|inactive|Xeon_VGC has 20 seconds left.\n|inactive|Xeon_VGC has 15 seconds left.\n|inactive|Xeon_VGC has 10 seconds left.\n|\n|t:|1700903237\n|-end|p2a: Roaring Moon|Protosynthesis|[silent]\n|switch|p2a: Landorus|Landorus-Therian, L50, M|92\/100\n|-ability|p2a: Landorus|Intimidate|boost\n|-unboost|p1a: Rillaboom|atk|1\n|-unboost|p1b: Heatran|atk|1\n|move|p1b: Heatran|Protect|p1b: Heatran\n|-singleturn|p1b: Heatran|Protect\n|move|p1a: Rillaboom|Grassy Glide|p2a: Landorus\n|-damage|p2a: Landorus|68\/100\n|-curestatus|p2b: Iron Hands|slp|[msg]\n|move|p2b: Iron Hands|Drain Punch|p1b: Heatran\n|-activate|p1b: Heatran|move: Protect\n|\n|-heal|p1b: Heatran|28\/100|[from] Grassy Terrain\n|-heal|p1b: Heatran|34\/100|[from] item: Leftovers\n|-heal|p2b: Iron Hands|72\/100|[from] Grassy Terrain\n|upkeep\n|turn|11\n|\n|t:|1700903248\n|move|p2a: Landorus|U-turn|p1b: Heatran\n|-supereffective|p1b: Heatran\n|-damage|p1b: Heatran|0 fnt\n|faint|p1b: Heatran\n|\n|t:|1700903252\n|switch|p2a: Roaring Moon|Roaring Moon, L50, shiny, tera:Flying|9\/100|[from] U-turn\n|move|p1a: Rillaboom|U-turn|p2a: Roaring Moon\n|-resisted|p2a: Roaring Moon\n|-damage|p2a: Roaring Moon|1\/100\n|\n|t:|1700903271\n|switch|p1a: Urshifu|Urshifu-Rapid-Strike, L50, M|100\/100|[from] U-turn\n|move|p2b: Iron Hands|Drain Punch|p1a: Urshifu\n|-damage|p1a: Urshifu|65\/100\n|-heal|p2b: Iron Hands|86\/100|[from] drain|[of] p1a: Urshifu\n|\n|-heal|p1a: Urshifu|71\/100|[from] Grassy Terrain\n|-heal|p2b: Iron Hands|92\/100|[from] Grassy Terrain\n|upkeep\n|\n|t:|1700903273\n|switch|p1b: Rillaboom|Rillaboom, L50, F|100\/100\n|turn|12\n|\n|t:|1700903294\n|move|p1b: Rillaboom|Fake Out|p2a: Roaring Moon\n|-damage|p2a: Roaring Moon|0 fnt\n|faint|p2a: Roaring Moon\n|-end|p2a: Roaring Moon|Protosynthesis|[silent]\n|move|p1a: Urshifu|Surging Strikes|p2b: Iron Hands\n|-crit|p2b: Iron Hands\n|-damage|p2b: Iron Hands|76\/100\n|-crit|p2b: Iron Hands\n|-damage|p2b: Iron Hands|59\/100\n|-crit|p2b: Iron Hands\n|-damage|p2b: Iron Hands|44\/100\n|-hitcount|p2b: Iron Hands|3\n|move|p2b: Iron Hands|Wild Charge|p1a: Urshifu\n|-supereffective|p1a: Urshifu\n|-damage|p1a: Urshifu|0 fnt\n|faint|p1a: Urshifu\n|-damage|p2b: Iron Hands|29\/100|[from] Recoil\n|\n|-heal|p2b: Iron Hands|35\/100|[from] Grassy Terrain\n|upkeep\n|\n|t:|1700903300\n|switch|p2a: Landorus|Landorus-Therian, L50, M|68\/100\n|-ability|p2a: Landorus|Intimidate|boost\n|-unboost|p1b: Rillaboom|atk|1\n|turn|13\n|\n|t:|1700903321\n|move|p2a: Landorus|U-turn|p1b: Rillaboom\n|-supereffective|p1b: Rillaboom\n|-damage|p1b: Rillaboom|50\/100\n|-enditem|p1b: Rillaboom|Sitrus Berry|[eat]\n|-heal|p1b: Rillaboom|75\/100|[from] item: Sitrus Berry\n|move|p1b: Rillaboom|Wood Hammer|p2b: Iron Hands\n|-damage|p2b: Iron Hands|4\/100\n|-damage|p1b: Rillaboom|63\/100|[from] Recoil\n|move|p2b: Iron Hands|Drain Punch|p1b: Rillaboom\n|-damage|p1b: Rillaboom|24\/100\n|-heal|p2b: Iron Hands|21\/100|[from] drain|[of] p1b: Rillaboom\n|\n|-heal|p1b: Rillaboom|30\/100|[from] Grassy Terrain\n|-heal|p2b: Iron Hands|27\/100|[from] Grassy Terrain\n|-fieldend|move: Grassy Terrain\n|upkeep\n|turn|14\n|-message|Xeon_VGC forfeited.\n|\n|win|Mortipherus\n|raw|Xeon_VGC's rating: 1330 &rarr; <strong>1308<\/strong><br \/>(-22 for losing)\n|raw|Mortipherus's rating: 1297 &rarr; <strong>1324<\/strong><br \/>(+27 for winning)\n|l|\u203dXeon_VGC\n","uploadtime":1700903347,"views":19,"p1id":"xeonvgc","p2id":"mortipherus","formatid":"gen9vgc2023regulatione","rating":1308,"private":0,"password":""}