{"id":"gen9vgc2023regulatione-1994219723","p1":"InfiRed","p2":"folovolo","format":"[Gen 9] VGC 2023 Regulation E","log":"|j|\u2606InfiRed\n|j|\u2606folovolo\n|t:|1700420268\n|gametype|doubles\n|player|p1|InfiRed|ghetsis|\n|player|p2|folovolo|pokemonranger-gen4|\n|teamsize|p1|6\n|teamsize|p2|6\n|gen|9\n|tier|[Gen 9] VGC 2023 Regulation E\n|rated|Tournament battle\n|rule|Species Clause: Limit one of each Pok\u00e9mon\n|rule|Item Clause: Limit one of each item\n|clearpoke\n|poke|p1|Kingambit, L50, F|\n|poke|p1|Landorus-Therian, L50, M|\n|poke|p1|Glimmora, L50, M|\n|poke|p1|Amoonguss, L50, F|\n|poke|p1|Basculegion, L50, M|\n|poke|p1|Iron Bundle, L50|\n|poke|p2|Tornadus, L50, M|\n|poke|p2|Roaring Moon, L50|\n|poke|p2|Landorus-Therian, L50, M|\n|poke|p2|Heatran, L50, F|\n|poke|p2|Iron Hands, L50|\n|poke|p2|Amoonguss, L50, M|\n|teampreview|4\n|showteam|p1|Kingambit||AssaultVest|Defiant|KowtowCleave,IronHead,SuckerPunch,TeraBlast|||F|||50|,,,,,Fairy]Landorus-Therian||ChoiceScarf|Intimidate|StompingTantrum,Uturn,TeraBlast,RockSlide|||M|||50|,,,,,Flying]Glimmora||FocusSash|ToxicDebris|EarthPower,PowerGem,SludgeBomb,SpikyShield|||M|||50|,,,,,Grass]Amoonguss||SitrusBerry|Regenerator|Spore,ClearSmog,PollenPuff,RagePowder|||F|||50|,,,,,Steel]Basculegion||ChoiceBand|SwiftSwim|FlipTurn,WaveCrash,LastRespects,AquaJet|||M|||50|,,,,,Water]Iron Bundle||BoosterEnergy|QuarkDrive|RainDance,FreezeDry,Protect,IcyWind||||||50|,,,,,Ghost\n|showteam|p2|Tornadus||RockyHelmet|Prankster|SunnyDay,Protect,Tailwind,BleakwindStorm|||M|||50|,,,,,Ghost]Roaring Moon||BoosterEnergy|Protosynthesis|DragonDance,Acrobatics,KnockOff,Protect||||||50|,,,,,Flying]Landorus-Therian||ChoiceScarf|Intimidate|TeraBlast,StompingTantrum,RockTomb,Uturn|||M|||50|,,,,,Flying]Heatran||ShucaBerry|FlashFire|FlashCannon,HeatWave,EarthPower,Protect|||F|||50|,,,,,Fairy]Iron Hands||AssaultVest|QuarkDrive|FakeOut,DrainPunch,HeavySlam,WildCharge||||||50|,,,,,Grass]Amoonguss||SitrusBerry|Regenerator|Spore,RagePowder,PollenPuff,Protect|||M|||50|,,,,,Water\n|inactive|Battle timer is ON: inactive players will automatically lose when time's up. (requested by InfiRed)\n|c|\u2606InfiRed|gl!\n|\n|t:|1700420291\n|start\n|switch|p1a: Landorus|Landorus-Therian, L50, M|100\/100\n|switch|p1b: Basculegion|Basculegion, L50, M|100\/100\n|switch|p2a: Heatran|Heatran, L50, F|100\/100\n|switch|p2b: Tornadus|Tornadus, L50, M|100\/100\n|-ability|p1a: Landorus|Intimidate|boost\n|-unboost|p2a: Heatran|atk|1\n|-unboost|p2b: Tornadus|atk|1\n|turn|1\n|\n|t:|1700420305\n|-terastallize|p2a: Heatran|Fairy\n|move|p2b: Tornadus|Sunny Day|p2b: Tornadus\n|-weather|SunnyDay\n|move|p1a: Landorus|Rock Slide|p2b: Tornadus|[spread] p2a,p2b\n|-supereffective|p2b: Tornadus\n|-damage|p2a: Heatran|84\/100\n|-damage|p2b: Tornadus|63\/100\n|move|p1b: Basculegion|Flip Turn|p2b: Tornadus\n|-damage|p2b: Tornadus|42\/100\n|-damage|p1b: Basculegion|84\/100|[from] item: Rocky Helmet|[of] p2b: Tornadus\n|\n|t:|1700420310\n|switch|p1b: Glimmora|Glimmora, L50, M|100\/100|[from] Flip Turn\n|move|p2a: Heatran|Heat Wave|p1b: Glimmora|[spread] p1a,p1b\n|-resisted|p1b: Glimmora\n|-crit|p1b: Glimmora\n|-damage|p1a: Landorus|25\/100\n|-damage|p1b: Glimmora|40\/100\n|\n|-weather|SunnyDay|[upkeep]\n|upkeep\n|turn|2\n|j| bakuVGC\n|l| bakuVGC\n|inactive|folovolo has 30 seconds left.\n|\n|t:|1700420335\n|move|p2b: Tornadus|Tailwind|p2b: Tornadus\n|-sidestart|p2: folovolo|move: Tailwind\n|move|p1a: Landorus|Rock Slide|p2b: Tornadus|[spread] p2a,p2b\n|-supereffective|p2b: Tornadus\n|-damage|p2a: Heatran|67\/100\n|-damage|p2b: Tornadus|4\/100\n|move|p2a: Heatran|Earth Power|p1b: Glimmora\n|-supereffective|p1b: Glimmora\n|-damage|p1b: Glimmora|0 fnt\n|faint|p1b: Glimmora\n|\n|-weather|SunnyDay|[upkeep]\n|upkeep\n|\n|t:|1700420350\n|switch|p1b: Kingambit|Kingambit, L50, F|100\/100\n|turn|3\n|j| Kiwigal\n|\n|t:|1700420358\n|switch|p2b: Iron Hands|Iron Hands, L50|100\/100\n|-terastallize|p1b: Kingambit|Fairy\n|move|p1a: Landorus|Rock Slide|p2b: Iron Hands|[spread] p2a\n|-miss|p1a: Landorus|p2b: Iron Hands\n|-damage|p2a: Heatran|49\/100\n|move|p2a: Heatran|Heat Wave|p1a: Landorus|[spread] p1a,p1b\n|-damage|p1a: Landorus|0 fnt\n|-damage|p1b: Kingambit|64\/100\n|faint|p1a: Landorus\n|move|p1b: Kingambit|Iron Head|p2a: Heatran\n|-supereffective|p2a: Heatran\n|-damage|p2a: Heatran|0 fnt\n|faint|p2a: Heatran\n|\n|-weather|SunnyDay|[upkeep]\n|upkeep\n|\n|t:|1700420374\n|switch|p1a: Basculegion|Basculegion, L50, M|84\/100\n|switch|p2a: Roaring Moon|Roaring Moon, L50|100\/100\n|-activate|p2a: Roaring Moon|ability: Protosynthesis\n|-start|p2a: Roaring Moon|protosynthesisatk\n|turn|4\n|\n|t:|1700420387\n|move|p2b: Iron Hands|Fake Out|p1b: Kingambit\n|-damage|p1b: Kingambit|54\/100\n|move|p2a: Roaring Moon|Knock Off|p1a: Basculegion\n|-supereffective|p1a: Basculegion\n|-damage|p1a: Basculegion|0 fnt\n|-enditem|p1a: Basculegion|Choice Band|[from] move: Knock Off|[of] p2a: Roaring Moon\n|faint|p1a: Basculegion\n|cant|p1b: Kingambit|flinch\n|\n|-weather|SunnyDay|[upkeep]\n|upkeep\n|turn|5\n|\n|t:|1700420402\n|move|p2a: Roaring Moon|Acrobatics|p1b: Kingambit\n|-damage|p1b: Kingambit|33\/100\n|move|p2b: Iron Hands|Wild Charge|p1b: Kingambit\n|-damage|p1b: Kingambit|0 fnt\n|faint|p1b: Kingambit\n|-damage|p2b: Iron Hands|93\/100|[from] Recoil\n|\n|win|folovolo\n|n|\u2606InfiRed|infired\n|n|\u2606folovolo|folovolo\n|n| Kiwigal|kiwigal\n","uploadtime":1700420403,"views":4,"p1id":"infired","p2id":"folovolo","formatid":"gen9vgc2023regulatione","rating":0,"private":0,"password":""}