{"id":"gen9vgc2023regulatione-1988371683","p1":"PritzShow","p2":"Specs Hex Pex","format":"[Gen 9] VGC 2023 Regulation E","log":"|j|\u2606PritzShow\n|j|\u2606Specs Hex Pex\n|n|\u2606PritzShow|pritzshow\n|n|\u2606Specs Hex Pex|specshexpex\n|html|View the match progress at <a href=\"\/game-bestof3-gen9vgc2023regulatione-1988368136\">game-bestof3-gen9vgc2023regulatione-1988368136<\/a>\n|t:|1699715280\n|gametype|doubles\n|player|p1|PritzShow|fisherman-gen4|\n|player|p2|Specs Hex Pex|lady|\n|teamsize|p1|6\n|teamsize|p2|6\n|gen|9\n|tier|[Gen 9] VGC 2023 Regulation E\n|rule|Species Clause: Limit one of each Pok\u00e9mon\n|rule|Item Clause: Limit one of each item\n|clearpoke\n|poke|p1|Rillaboom, L50, F|\n|poke|p1|Milotic, L50, M|\n|poke|p1|Arcanine, L50, M|\n|poke|p1|Ting-Lu, L50|\n|poke|p1|Zapdos, L50|\n|poke|p1|Eiscue, L50, M|\n|poke|p2|Goodra-Hisui, L50, M|\n|poke|p2|Mismagius, L50, F|\n|poke|p2|Moltres-Galar, L50|\n|poke|p2|Amoonguss, L50, M|\n|poke|p2|Bronzong, L50|\n|poke|p2|Ursaluna, L50, M|\n|teampreview|4\n|inactive|Battle timer is ON: inactive players will automatically lose when time's up. (requested by PritzShow)\n|inactive|PritzShow has 60 seconds left.\n|inactive|Specs Hex Pex has 60 seconds left.\n|\n|t:|1699715321\n|start\n|switch|p1a: Rillaboom|Rillaboom, L50, F|100\/100\n|switch|p1b: Ting-Lu|Ting-Lu, L50|100\/100\n|switch|p2a: Bronzong|Bronzong, L50|100\/100\n|switch|p2b: Ursaluna|Ursaluna, L50, M|100\/100\n|-fieldstart|move: Grassy Terrain|[from] ability: Grassy Surge|[of] p1a: Rillaboom\n|-enditem|p1a: Rillaboom|Grassy Seed\n|-boost|p1a: Rillaboom|def|1|[from] item: Grassy Seed\n|-ability|p1b: Ting-Lu|Vessel of Ruin\n|turn|1\n|\n|t:|1699715340\n|switch|p2b: Amoonguss|Amoonguss, L50, M|100\/100\n|move|p1a: Rillaboom|Wood Hammer|p2b: Amoonguss\n|-resisted|p2b: Amoonguss\n|-damage|p2b: Amoonguss|84\/100\n|-damage|p1a: Rillaboom|95\/100|[from] Recoil\n|move|p1b: Ting-Lu|Taunt|p2a: Bronzong\n|-start|p2a: Bronzong|move: Taunt\n|-enditem|p2a: Bronzong|Mental Herb\n|-end|p2a: Bronzong|move: Taunt\n|move|p2a: Bronzong|Flash Cannon|p1a: Rillaboom\n|-damage|p1a: Rillaboom|72\/100\n|\n|-heal|p1a: Rillaboom|78\/100|[from] Grassy Terrain\n|-heal|p2b: Amoonguss|90\/100|[from] Grassy Terrain\n|upkeep\n|turn|2\n|inactive|Specs Hex Pex has 30 seconds left.\n|\n|t:|1699715368\n|move|p1a: Rillaboom|Taunt|p2a: Bronzong\n|-start|p2a: Bronzong|move: Taunt\n|move|p1b: Ting-Lu|Taunt|p2b: Amoonguss\n|-start|p2b: Amoonguss|move: Taunt\n|move|p2b: Amoonguss|Pollen Puff|p1a: Rillaboom\n|-supereffective|p1a: Rillaboom\n|-damage|p1a: Rillaboom|46\/100\n|move|p2a: Bronzong|Psychic|p1a: Rillaboom\n|-damage|p1a: Rillaboom|22\/100\n|\n|-heal|p1a: Rillaboom|28\/100|[from] Grassy Terrain\n|-heal|p2b: Amoonguss|95\/100|[from] Grassy Terrain\n|upkeep\n|turn|3\n|\n|t:|1699715388\n|switch|p1a: Arcanine|Arcanine, L50, M|100\/100\n|-ability|p1a: Arcanine|Intimidate|boost\n|-unboost|p2a: Bronzong|atk|1\n|-unboost|p2b: Amoonguss|atk|1\n|-item|p1a: Arcanine|Air Balloon\n|move|p1b: Ting-Lu|Ruination|p2a: Bronzong|[miss]\n|-miss|p1b: Ting-Lu|p2a: Bronzong\n|move|p2b: Amoonguss|Giga Drain|p1b: Ting-Lu\n|-supereffective|p1b: Ting-Lu\n|-damage|p1b: Ting-Lu|66\/100\n|-heal|p2b: Amoonguss|100\/100|[from] drain|[of] p1b: Ting-Lu\n|move|p2a: Bronzong|Psychic|p1a: Arcanine\n|-damage|p1a: Arcanine|73\/100\n|-enditem|p1a: Arcanine|Air Balloon\n|\n|-heal|p1a: Arcanine|79\/100|[from] Grassy Terrain\n|-heal|p1b: Ting-Lu|72\/100|[from] Grassy Terrain\n|-heal|p1b: Ting-Lu|78\/100|[from] item: Leftovers\n|upkeep\n|turn|4\n|\n|t:|1699715409\n|move|p1a: Arcanine|Flare Blitz|p2b: Amoonguss\n|-supereffective|p2b: Amoonguss\n|-damage|p2b: Amoonguss|10\/100\n|-damage|p1a: Arcanine|41\/100|[from] Recoil\n|move|p1b: Ting-Lu|Ruination|p2a: Bronzong|[miss]\n|-miss|p1b: Ting-Lu|p2a: Bronzong\n|move|p2b: Amoonguss|Giga Drain|p1b: Ting-Lu\n|-supereffective|p1b: Ting-Lu\n|-damage|p1b: Ting-Lu|46\/100\n|-heal|p2b: Amoonguss|30\/100|[from] drain|[of] p1b: Ting-Lu\n|move|p2a: Bronzong|Psychic|p2b: Amoonguss\n|-supereffective|p2b: Amoonguss\n|-damage|p2b: Amoonguss|0 fnt\n|faint|p2b: Amoonguss\n|\n|-heal|p1a: Arcanine|47\/100|[from] Grassy Terrain\n|-heal|p1b: Ting-Lu|52\/100|[from] Grassy Terrain\n|-heal|p1b: Ting-Lu|58\/100|[from] item: Leftovers\n|-end|p2a: Bronzong|move: Taunt\n|upkeep\n|c|\u2606PritzShow|why do you keep attacking your own mons\n|inactive|Specs Hex Pex has 30 seconds left.\n|c|\u2606PritzShow|misclicks or big brain\n|inactive|Specs Hex Pex has 20 seconds left.\n|inactive|Specs Hex Pex has 15 seconds left.\n|c|\u2606Specs Hex Pex|I honestly just felt bad\n|inactive|Specs Hex Pex has 10 seconds left.\n|\n|t:|1699715457\n|switch|p2b: Ursaluna|Ursaluna, L50, M|100\/100\n|turn|5\n|\n|t:|1699715467\n|move|p1a: Arcanine|Flare Blitz|p2a: Bronzong\n|-supereffective|p2a: Bronzong\n|-damage|p2a: Bronzong|15\/100\n|-damage|p1a: Arcanine|19\/100|[from] Recoil\n|move|p1b: Ting-Lu|Taunt|p2a: Bronzong\n|-start|p2a: Bronzong|move: Taunt\n|move|p2b: Ursaluna|Swords Dance|p2b: Ursaluna\n|-boost|p2b: Ursaluna|atk|2\n|cant|p2a: Bronzong|move: Taunt|Trick Room\n|\n|-heal|p1a: Arcanine|25\/100|[from] Grassy Terrain\n|-heal|p1b: Ting-Lu|64\/100|[from] Grassy Terrain\n|-heal|p1b: Ting-Lu|70\/100|[from] item: Leftovers\n|-fieldend|move: Grassy Terrain\n|upkeep\n|turn|6\n|inactive|PritzShow has 30 seconds left.\n|inactive|PritzShow has 20 seconds left.\n|inactive|PritzShow has 15 seconds left.\n|\n|t:|1699715509\n|move|p1b: Ting-Lu|Protect|p1b: Ting-Lu\n|-singleturn|p1b: Ting-Lu|Protect\n|move|p1a: Arcanine|Flare Blitz|p2b: Ursaluna\n|-damage|p2b: Ursaluna|70\/100\n|-damage|p1a: Arcanine|10\/100|[from] Recoil\n|move|p2b: Ursaluna|Ice Punch|p1b: Ting-Lu\n|-activate|p1b: Ting-Lu|move: Protect\n|move|p2a: Bronzong|Psychic|p1a: Arcanine\n|-damage|p1a: Arcanine|0 fnt\n|faint|p1a: Arcanine\n|\n|-heal|p1b: Ting-Lu|76\/100|[from] item: Leftovers\n|upkeep\n|\n|t:|1699715516\n|switch|p1a: Rillaboom|Rillaboom, L50, F|28\/100\n|-fieldstart|move: Grassy Terrain|[from] ability: Grassy Surge|[of] p1a: Rillaboom\n|turn|7\n|inactive|PritzShow has 30 seconds left.\n|inactive|Specs Hex Pex has 30 seconds left.\n|inactive|PritzShow has 20 seconds left.\n|\n|t:|1699715554\n|switch|p1b: Eiscue|Eiscue, L50, M|100\/100\n|switch|p2b: Moltres|Moltres-Galar, L50|100\/100\n|move|p1a: Rillaboom|Wood Hammer|p2b: Moltres\n|-resisted|p2b: Moltres\n|-damage|p2b: Moltres|55\/100\n|-damage|p1a: Rillaboom|15\/100|[from] Recoil\n|move|p2a: Bronzong|Psychic|p1a: Rillaboom\n|-damage|p1a: Rillaboom|0 fnt\n|faint|p1a: Rillaboom\n|\n|-end|p2a: Bronzong|move: Taunt\n|upkeep\n|\n|t:|1699715560\n|switch|p1a: Ting-Lu|Ting-Lu, L50|76\/100\n|-ability|p1a: Ting-Lu|Vessel of Ruin\n|turn|8\n|\n|t:|1699715582\n|move|p2b: Moltres|Air Slash|p1a: Ting-Lu\n|-damage|p1a: Ting-Lu|62\/100\n|move|p1b: Eiscue|Ice Spinner|p2b: Moltres\n|-supereffective|p2b: Moltres\n|-damage|p2b: Moltres|0 fnt\n|-fieldend|move: Grassy Terrain\n|faint|p2b: Moltres\n|move|p1a: Ting-Lu|Taunt|p2a: Bronzong\n|-start|p2a: Bronzong|move: Taunt\n|move|p2a: Bronzong|Flash Cannon|p1b: Eiscue\n|-supereffective|p1b: Eiscue\n|-damage|p1b: Eiscue|51\/100\n|\n|-heal|p1a: Ting-Lu|68\/100|[from] item: Leftovers\n|upkeep\n|\n|t:|1699715594\n|switch|p2b: Ursaluna|Ursaluna, L50, M|70\/100\n|turn|9\n|inactive|PritzShow has 30 seconds left.\n|\n|t:|1699715634\n|move|p1b: Eiscue|Protect|p1b: Eiscue\n|-singleturn|p1b: Eiscue|Protect\n|move|p1a: Ting-Lu|Stomping Tantrum|p2b: Ursaluna\n|-damage|p2b: Ursaluna|52\/100\n|move|p2b: Ursaluna|Ice Punch|p1a: Ting-Lu\n|-supereffective|p1a: Ting-Lu\n|-damage|p1a: Ting-Lu|42\/100\n|move|p2a: Bronzong|Flash Cannon|p1b: Eiscue\n|-activate|p1b: Eiscue|move: Protect\n|\n|-heal|p1a: Ting-Lu|48\/100|[from] item: Leftovers\n|upkeep\n|turn|10\n|inactive|Specs Hex Pex has 30 seconds left.\n|\n|t:|1699715674\n|move|p1b: Eiscue|Ice Spinner|p2b: Ursaluna\n|-supereffective|p2b: Ursaluna\n|-damage|p2b: Ursaluna|16\/100\n|move|p1a: Ting-Lu|Ruination|p2a: Bronzong|[miss]\n|-miss|p1a: Ting-Lu|p2a: Bronzong\n|move|p2b: Ursaluna|Ice Punch|p1a: Ting-Lu\n|-supereffective|p1a: Ting-Lu\n|-crit|p1a: Ting-Lu\n|-damage|p1a: Ting-Lu|6\/100\n|move|p2a: Bronzong|Flash Cannon|p1b: Eiscue\n|-supereffective|p1b: Eiscue\n|-damage|p1b: Eiscue|0 fnt\n|faint|p1b: Eiscue\n|\n|-heal|p1a: Ting-Lu|12\/100|[from] item: Leftovers\n|-end|p2a: Bronzong|move: Taunt\n|upkeep\n|turn|11\n|inactive|Specs Hex Pex has 30 seconds left.\n|\n|t:|1699715700\n|move|p2a: Bronzong|Helping Hand|p2b: Ursaluna\n|-singleturn|p2b: Ursaluna|Helping Hand|[of] p2a: Bronzong\n|move|p1a: Ting-Lu|Stomping Tantrum|p2b: Ursaluna\n|-damage|p2b: Ursaluna|0 fnt\n|faint|p2b: Ursaluna\n|\n|-heal|p1a: Ting-Lu|18\/100|[from] item: Leftovers\n|upkeep\n|turn|12\n|c|\u2606PritzShow|TingLu missed all3 Ruinations lol\n|c|\u2606Specs Hex Pex|I'm so sorry about that\n|inactive|Specs Hex Pex has 30 seconds left.\n|c|\u2606PritzShow|lmao it's fine but I have to hit the rest\n|inactive|Specs Hex Pex has 20 seconds left.\n|inactive|Specs Hex Pex has 15 seconds left.\n|\n|t:|1699715741\n|move|p1a: Ting-Lu|Protect|p1a: Ting-Lu\n|-singleturn|p1a: Ting-Lu|Protect\n|move|p2a: Bronzong|Flash Cannon|p1a: Ting-Lu\n|-activate|p1a: Ting-Lu|move: Protect\n|\n|-heal|p1a: Ting-Lu|24\/100|[from] item: Leftovers\n|upkeep\n|turn|13\n|\n|t:|1699715751\n|move|p1a: Ting-Lu|Ruination|p2a: Bronzong\n|-damage|p2a: Bronzong|8\/100\n|move|p2a: Bronzong|Flash Cannon|p1a: Ting-Lu\n|-damage|p1a: Ting-Lu|9\/100\n|\n|-heal|p1a: Ting-Lu|15\/100|[from] item: Leftovers\n|upkeep\n|turn|14\n|\n|t:|1699715764\n|move|p1a: Ting-Lu|Protect|p1a: Ting-Lu\n|-singleturn|p1a: Ting-Lu|Protect\n|move|p2a: Bronzong|Trick Room|p2a: Bronzong\n|-fieldstart|move: Trick Room|[of] p2a: Bronzong\n|\n|-heal|p1a: Ting-Lu|21\/100|[from] item: Leftovers\n|upkeep\n|turn|15\n|\n|t:|1699715771\n|move|p2a: Bronzong|Flash Cannon|p1a: Ting-Lu\n|-damage|p1a: Ting-Lu|8\/100\n|move|p1a: Ting-Lu|Ruination|p2a: Bronzong\n|-damage|p2a: Bronzong|5\/100\n|\n|-heal|p1a: Ting-Lu|14\/100|[from] item: Leftovers\n|upkeep\n|turn|16\n|\n|t:|1699715782\n|move|p1a: Ting-Lu|Protect|p1a: Ting-Lu\n|-singleturn|p1a: Ting-Lu|Protect\n|move|p2a: Bronzong|Flash Cannon|p1a: Ting-Lu\n|-activate|p1a: Ting-Lu|move: Protect\n|\n|-heal|p1a: Ting-Lu|20\/100|[from] item: Leftovers\n|upkeep\n|turn|17\n|\n|t:|1699715795\n|move|p2a: Bronzong|Flash Cannon|p1a: Ting-Lu\n|-damage|p1a: Ting-Lu|6\/100\n|move|p1a: Ting-Lu|Ruination|p2a: Bronzong\n|-damage|p2a: Bronzong|3\/100\n|\n|-heal|p1a: Ting-Lu|12\/100|[from] item: Leftovers\n|upkeep\n|turn|18\n|\n|t:|1699715805\n|move|p1a: Ting-Lu|Protect|p1a: Ting-Lu\n|-singleturn|p1a: Ting-Lu|Protect\n|move|p2a: Bronzong|Psychic|p1a: Ting-Lu\n|-activate|p1a: Ting-Lu|move: Protect\n|\n|-heal|p1a: Ting-Lu|18\/100|[from] item: Leftovers\n|-fieldend|move: Trick Room\n|upkeep\n|turn|19\n|\n|t:|1699715816\n|move|p1a: Ting-Lu|Ruination|p2a: Bronzong\n|-damage|p2a: Bronzong|2\/100\n|move|p2a: Bronzong|Flash Cannon|p1a: Ting-Lu\n|-damage|p1a: Ting-Lu|5\/100\n|\n|-heal|p1a: Ting-Lu|11\/100|[from] item: Leftovers\n|upkeep\n|turn|20\n|\n|t:|1699715825\n|move|p1a: Ting-Lu|Ruination|p2a: Bronzong\n|-damage|p2a: Bronzong|1\/100\n|move|p2a: Bronzong|Trick Room|p2a: Bronzong\n|-fieldstart|move: Trick Room|[of] p2a: Bronzong\n|\n|-heal|p1a: Ting-Lu|17\/100|[from] item: Leftovers\n|upkeep\n|turn|21\n|\n|t:|1699715834\n|move|p1a: Ting-Lu|Protect|p1a: Ting-Lu\n|-singleturn|p1a: Ting-Lu|Protect\n|move|p2a: Bronzong|Flash Cannon|p1a: Ting-Lu\n|-activate|p1a: Ting-Lu|move: Protect\n|\n|-heal|p1a: Ting-Lu|23\/100|[from] item: Leftovers\n|upkeep\n|turn|22\n|\n|t:|1699715842\n|move|p2a: Bronzong|Flash Cannon|p1a: Ting-Lu\n|-damage|p1a: Ting-Lu|10\/100\n|move|p1a: Ting-Lu|Ruination|p2a: Bronzong\n|-damage|p2a: Bronzong|0 fnt\n|faint|p2a: Bronzong\n|\n|win|PritzShow\n|c|\u2606PritzShow|hell yeah deer\n|inactive|PritzShow has 50 seconds to confirm battle start!\n|inactive|Specs Hex Pex has 50 seconds to confirm battle start!\n|c|&|\/uhtml prompt-specshexpex,Specs Hex Pex is ready for game 3!\n|c|&|\/uhtml prompt-specshexpex,Specs Hex Pex is ready for game 3!\n|c|&|\/uhtml prompt-pritzshow,PritzShow is ready for game 3!\nBoth players are ready! Starting next match!\n","uploadtime":1699716228,"views":19,"p1id":"pritzshow","p2id":"specshexpex","formatid":"gen9vgc2023regulatione","rating":0,"private":0,"password":""}