{"id":"gen9vgc2023regulatione-1999505418","p1":"2cake","p2":"ArnavChawla","format":"[Gen 9] VGC 2023 Regulation E","log":"|j|\u26062cake\n|j|\u2606ArnavChawla\n|t:|1701090177\n|gametype|doubles\n|player|p1|2cake|2|\n|player|p2|ArnavChawla|ingo|\n|teamsize|p1|6\n|teamsize|p2|6\n|gen|9\n|tier|[Gen 9] VGC 2023 Regulation E\n|rated|Tournament battle\n|rule|Species Clause: Limit one of each Pok\u00e9mon\n|rule|Item Clause: Limit one of each item\n|clearpoke\n|poke|p1|Regidrago, L50|\n|poke|p1|Farigiraf, L50, M|\n|poke|p1|Tornadus, L50, M|\n|poke|p1|Gholdengo, L50|\n|poke|p1|Rillaboom, L50, F|\n|poke|p1|Urshifu-*, L50, F|\n|poke|p2|Ogerpon-Wellspring, L50, F|\n|poke|p2|Iron Hands, L50|\n|poke|p2|Landorus-Therian, L50, M|\n|poke|p2|Heatran, L50, M|\n|poke|p2|Flutter Mane, L50|\n|poke|p2|Farigiraf, L50, F|\n|teampreview|4\n|showteam|p1|Regidrago||DracoPlate|DragonsMaw|DragonEnergy,DracoMeteor,EarthPower,Protect||||||50|,,,,,Steel]Farigiraf||SitrusBerry|ArmorTail|DazzlingGleam,Protect,HelpingHand,TrickRoom|||M|||50|,,,,,Fairy]Tornadus||CovertCloak|Prankster|Taunt,Tailwind,BleakwindStorm,RainDance|||M|||50|,,,,,Steel]Gholdengo||Leftovers|GoodasGold|MakeItRain,ShadowBall,NastyPlot,Protect||||||50|,,,,,Dragon]Rillaboom||AssaultVest|GrassySurge|FakeOut,HighHorsepower,GrassyGlide,WoodHammer|||F|||50|,,,,,Fire]Urshifu-Rapid-Strike||ChoiceScarf|UnseenFist|SurgingStrikes,Uturn,AquaJet,CloseCombat|||F|||50|,,,,,Water\n|showteam|p2|Ogerpon-Wellspring||WellspringMask|WaterAbsorb|IvyCudgel,SpikyShield,HornLeech,FollowMe|||F|||50|,,,,,Water]Iron Hands||AssaultVest|QuarkDrive|FakeOut,ThunderPunch,DrainPunch,HeavySlam||||||50|,,,,,Fire]Landorus-Therian||ChoiceScarf|Intimidate|RockSlide,Uturn,StompingTantrum,TeraBlast|||M|||50|,,,,,Flying]Heatran||Leftovers|FlashFire|HeatWave,Protect,TeraBlast,EarthPower|||M|||50|,,,,,Grass]Flutter Mane||ChoiceSpecs|Protosynthesis|Moonblast,DazzlingGleam,PowerGem,ShadowBall||||||50|,,,,,Water]Farigiraf||RockyHelmet|ArmorTail|DazzlingGleam,TrickRoom,Imprison,Psychic|||F|||50|,,,,,Fairy\n|inactive|Battle timer is ON: inactive players will automatically lose when time's up. (requested by ArnavChawla)\n|inactive|2cake has 60 seconds left.\n|j|%Therazer456\n|inactive|2cake has 30 seconds left.\n|\n|t:|1701090248\n|start\n|switch|p1a: Tornadus|Tornadus, L50, M|100\/100\n|switch|p1b: Urshifu|Urshifu-Rapid-Strike, L50, F|100\/100\n|switch|p2a: Iron Hands|Iron Hands, L50|100\/100\n|switch|p2b: Landorus|Landorus-Therian, L50, M|100\/100\n|-ability|p2b: Landorus|Intimidate|boost\n|-unboost|p1a: Tornadus|atk|1\n|-unboost|p1b: Urshifu|atk|1\n|turn|1\n|inactive|2cake has 30 seconds left.\n|inactive|ArnavChawla has 30 seconds left.\n|inactive|2cake has 20 seconds left.\n|inactive|ArnavChawla has 20 seconds left.\n|inactive|2cake has 15 seconds left.\n|inactive|ArnavChawla has 15 seconds left.\n|\n|t:|1701090291\n|-terastallize|p2b: Landorus|Flying\n|move|p2a: Iron Hands|Fake Out|p1b: Urshifu\n|-damage|p1b: Urshifu|84\/100\n|move|p1a: Tornadus|Rain Dance|p1a: Tornadus\n|-weather|RainDance\n|cant|p1b: Urshifu|flinch\n|move|p2b: Landorus|Tera Blast|p1b: Urshifu|[anim] Tera Blast Flying\n|-supereffective|p1b: Urshifu\n|-damage|p1b: Urshifu|0 fnt\n|faint|p1b: Urshifu\n|\n|-weather|RainDance|[upkeep]\n|upkeep\n|\n|t:|1701090301\n|switch|p1b: Regidrago|Regidrago, L50|100\/100\n|turn|2\n|j| Leef2\n|inactive|2cake has 30 seconds left.\n|\n|t:|1701090331\n|switch|p2b: Heatran|Heatran, L50, M|100\/100\n|switch|p1a: Rillaboom|Rillaboom, L50, F|100\/100\n|-fieldstart|move: Grassy Terrain|[from] ability: Grassy Surge|[of] p1a: Rillaboom\n|move|p1b: Regidrago|Protect|p1b: Regidrago\n|-singleturn|p1b: Regidrago|Protect\n|move|p2a: Iron Hands|Drain Punch|p1b: Regidrago\n|-activate|p1b: Regidrago|move: Protect\n|\n|-weather|RainDance|[upkeep]\n|upkeep\n|turn|3\n|inactive|2cake has 30 seconds left.\n|inactive|2cake has 20 seconds left.\n|inactive|2cake has 15 seconds left.\n|\n|t:|1701090374\n|-end|p2a: Iron Hands|Quark Drive|[silent]\n|switch|p2a: Ogerpon|Ogerpon-Wellspring, L50, F|100\/100\n|move|p2b: Heatran|Protect|p2b: Heatran\n|-singleturn|p2b: Heatran|Protect\n|move|p1a: Rillaboom|High Horsepower|p2b: Heatran\n|-activate|p2b: Heatran|move: Protect\n|move|p1b: Regidrago|Dragon Energy|p2a: Ogerpon|[spread] p2a\n|-activate|p2b: Heatran|move: Protect\n|-damage|p2a: Ogerpon|0 fnt\n|faint|p2a: Ogerpon\n|\n|-weather|RainDance|[upkeep]\n|upkeep\n|\n|t:|1701090385\n|switch|p2a: Landorus|Landorus-Therian, L50, M, tera:Flying|100\/100\n|-ability|p2a: Landorus|Intimidate|boost\n|-unboost|p1a: Rillaboom|atk|1\n|-unboost|p1b: Regidrago|atk|1\n|turn|4\n|\n|t:|1701090399\n|switch|p1a: Tornadus|Tornadus, L50, M|100\/100\n|move|p1b: Regidrago|Protect|p1b: Regidrago\n|-singleturn|p1b: Regidrago|Protect\n|move|p2a: Landorus|Tera Blast|p1a: Tornadus|[anim] Tera Blast Flying\n|-crit|p1a: Tornadus\n|-damage|p1a: Tornadus|25\/100\n|move|p2b: Heatran|Earth Power|p1b: Regidrago\n|-activate|p1b: Regidrago|move: Protect\n|\n|-weather|RainDance|[upkeep]\n|upkeep\n|turn|5\n|inactive|2cake has 30 seconds left.\n|inactive|2cake has 20 seconds left.\n|inactive|2cake has 15 seconds left.\n|inactive|2cake has 10 seconds left.\n|\n|t:|1701090448\n|-terastallize|p1b: Regidrago|Steel\n|move|p2b: Heatran|Protect|p2b: Heatran\n|-singleturn|p2b: Heatran|Protect\n|move|p2a: Landorus|Tera Blast|p1b: Regidrago|[anim] Tera Blast Flying\n|-resisted|p1b: Regidrago\n|-damage|p1b: Regidrago|78\/100\n|move|p1a: Tornadus|Bleakwind Storm|p2a: Landorus|[spread] p2a\n|-activate|p2b: Heatran|move: Protect\n|-damage|p2a: Landorus|62\/100\n|move|p1b: Regidrago|Dragon Energy|p2a: Landorus|[spread] p2a\n|-activate|p2b: Heatran|move: Protect\n|-damage|p2a: Landorus|0 fnt\n|faint|p2a: Landorus\n|\n|-weather|none\n|-heal|p1b: Regidrago|85\/100|[from] Grassy Terrain\n|upkeep\n|\n|t:|1701090461\n|switch|p2a: Iron Hands|Iron Hands, L50|100\/100\n|turn|6\n|\n|t:|1701090484\n|move|p1b: Regidrago|Protect|p1b: Regidrago\n|-singleturn|p1b: Regidrago|Protect\n|move|p2a: Iron Hands|Fake Out|p1b: Regidrago\n|-activate|p1b: Regidrago|move: Protect\n|move|p1a: Tornadus|Rain Dance|p1a: Tornadus\n|-weather|RainDance\n|move|p2b: Heatran|Heat Wave|p1a: Tornadus|[spread] p1a\n|-activate|p1b: Regidrago|move: Protect\n|-damage|p1a: Tornadus|1\/100\n|\n|-weather|RainDance|[upkeep]\n|-heal|p1b: Regidrago|91\/100|[from] Grassy Terrain\n|-fieldend|move: Grassy Terrain\n|upkeep\n|turn|7\n|inactive|2cake has 30 seconds left.\n|\n|t:|1701090513\n|move|p1a: Tornadus|Bleakwind Storm|p2b: Heatran|[spread] p2a,p2b\n|-resisted|p2b: Heatran\n|-damage|p2a: Iron Hands|84\/100\n|-damage|p2b: Heatran|87\/100\n|-unboost|p2b: Heatran|spe|1\n|move|p1b: Regidrago|Draco Meteor|p2a: Iron Hands\n|-damage|p2a: Iron Hands|28\/100\n|-unboost|p1b: Regidrago|spa|2\n|move|p2a: Iron Hands|Drain Punch|p1b: Regidrago\n|-supereffective|p1b: Regidrago\n|-damage|p1b: Regidrago|23\/100\n|-heal|p2a: Iron Hands|67\/100|[from] drain|[of] p1b: Regidrago\n|move|p2b: Heatran|Heat Wave|p1b: Regidrago|[spread] p1a,p1b\n|-supereffective|p1b: Regidrago\n|-damage|p1a: Tornadus|0 fnt\n|-damage|p1b: Regidrago|0 fnt\n|faint|p1a: Tornadus\n|faint|p1b: Regidrago\n|\n|-weather|RainDance|[upkeep]\n|-heal|p2b: Heatran|93\/100|[from] item: Leftovers\n|upkeep\n|\n|t:|1701090523\n|switch|p1b: Rillaboom|Rillaboom, L50, F|100\/100\n|-fieldstart|move: Grassy Terrain|[from] ability: Grassy Surge|[of] p1b: Rillaboom\n|turn|8\n|c|\u2606ArnavChawla|why would you not go protect tailwind?\n|\n|t:|1701090539\n|move|p2b: Heatran|Protect|p2b: Heatran\n|-singleturn|p2b: Heatran|Protect\n|move|p1b: Rillaboom|High Horsepower|p2a: Iron Hands\n|-supereffective|p2a: Iron Hands\n|-damage|p2a: Iron Hands|24\/100\n|move|p2a: Iron Hands|Drain Punch|p1b: Rillaboom\n|-damage|p1b: Rillaboom|60\/100\n|-heal|p2a: Iron Hands|40\/100|[from] drain|[of] p1b: Rillaboom\n|\n|-weather|RainDance|[upkeep]\n|-heal|p1b: Rillaboom|66\/100|[from] Grassy Terrain\n|-heal|p2a: Iron Hands|46\/100|[from] Grassy Terrain\n|-heal|p2b: Heatran|99\/100|[from] Grassy Terrain\n|-heal|p2b: Heatran|100\/100|[from] item: Leftovers\n|upkeep\n|turn|9\n|\n|t:|1701090557\n|move|p1b: Rillaboom|High Horsepower|p2b: Heatran\n|-supereffective|p2b: Heatran\n|-damage|p2b: Heatran|0 fnt\n|faint|p2b: Heatran\n|move|p2a: Iron Hands|Drain Punch|p1b: Rillaboom\n|-damage|p1b: Rillaboom|28\/100\n|-heal|p2a: Iron Hands|62\/100|[from] drain|[of] p1b: Rillaboom\n|\n|-weather|RainDance|[upkeep]\n|-heal|p1b: Rillaboom|34\/100|[from] Grassy Terrain\n|-heal|p2a: Iron Hands|68\/100|[from] Grassy Terrain\n|upkeep\n|turn|10\n|j| bloodcurseuk\n|j| pokeveteran04\n|c|\u26062cake|Wouldn't change turn order\n|inactive|2cake has 30 seconds left.\n|l|%Therazer456\n|c|\u2606ArnavChawla|i see\n|inactive|2cake has 20 seconds left.\n|inactive|2cake has 15 seconds left.\n|\n|t:|1701090598\n|move|p1b: Rillaboom|Wood Hammer|p2a: Iron Hands\n|-damage|p2a: Iron Hands|10\/100\n|-damage|p1b: Rillaboom|10\/100|[from] Recoil\n|move|p2a: Iron Hands|Drain Punch|p1b: Rillaboom\n|-damage|p1b: Rillaboom|0 fnt\n|-heal|p2a: Iron Hands|14\/100|[from] drain|[of] p1b: Rillaboom\n|faint|p1b: Rillaboom\n|\n|win|ArnavChawla\n|n|\u26062cake|2cake\n|n|\u2606ArnavChawla|arnavchawla\n|n| Leef2|leef2\n|n| bloodcurseuk|bloodcurseuk\n|n| pokeveteran04|pokeveteran04\n","uploadtime":1701090599,"views":9,"p1id":"2cake","p2id":"arnavchawla","formatid":"gen9vgc2023regulatione","rating":0,"private":0,"password":""}