{"id":"gen9vgc2023regulatione-1997404492","p1":"Slippers_486","p2":"Zeus_Swerve","format":"[Gen 9] VGC 2023 Regulation E","log":"|j|\u2606Slippers_486\n|j|\u2606Zeus_Swerve\n|t:|1700799930\n|gametype|doubles\n|player|p1|Slippers_486|swimmer-gen4|1000\n|player|p2|Zeus_Swerve|1|1000\n|teamsize|p1|6\n|teamsize|p2|6\n|gen|9\n|tier|[Gen 9] VGC 2023 Regulation E\n|rated|\n|rule|Species Clause: Limit one of each Pok\u00e9mon\n|rule|Item Clause: Limit one of each item\n|clearpoke\n|poke|p1|Gholdengo, L50|\n|poke|p1|Articuno-Galar, L50|\n|poke|p1|Raichu, L50, M|\n|poke|p1|Conkeldurr, L50, M|\n|poke|p1|Hydreigon, L50, F|\n|poke|p1|Ogerpon-Wellspring, L50, F|\n|poke|p2|Crabominable, L50, M|\n|poke|p2|Iron Valiant, L50|\n|poke|p2|Okidogi, L50, M|\n|poke|p2|Tinkaton, L50, F|\n|poke|p2|Tatsugiri, L50, M|\n|poke|p2|Dondozo, L50, M|\n|teampreview|4\n|l|\u2606Zeus_Swerve\n|player|p2|\n|j|\u2606Zeus_Swerve\n|player|p2|Zeus_Swerve|1\n|\n|t:|1700799977\n|start\n|switch|p1a: Articuno|Articuno-Galar, L50|100\/100\n|switch|p1b: Raichu|Raichu, L50, M|100\/100\n|switch|p2a: Dondozo|Dondozo, L50, M|100\/100\n|switch|p2b: Tatsugiri|Tatsugiri, L50, M|100\/100\n|-activate|p2b: Tatsugiri|ability: Commander|[of] p2a: Dondozo\n|-boost|p2a: Dondozo|atk|2\n|-boost|p2a: Dondozo|spa|2\n|-boost|p2a: Dondozo|spe|2\n|-boost|p2a: Dondozo|def|2\n|-boost|p2a: Dondozo|spd|2\n|turn|1\n|\n|t:|1700800008\n|move|p1b: Raichu|Fake Out|p2a: Dondozo\n|-damage|p2a: Dondozo|97\/100\n|cant|p2a: Dondozo|flinch\n|move|p1a: Articuno|Freezing Glare|p2a: Dondozo\n|-damage|p2a: Dondozo|76\/100\n|\n|upkeep\n|turn|2\n|\n|t:|1700800047\n|move|p1b: Raichu|Feint|p2a: Dondozo\n|-damage|p2a: Dondozo|74\/100\n|move|p2a: Dondozo|Order Up|p1b: Raichu\n|-damage|p1b: Raichu|20\/100\n|-enditem|p1b: Raichu|Red Card|[of] p2a: Dondozo\n|-boost|p2a: Dondozo|atk|1\n|move|p1a: Articuno|Freezing Glare|p2a: Dondozo\n|-damage|p2a: Dondozo|49\/100\n|-enditem|p2a: Dondozo|Sitrus Berry|[eat]\n|-heal|p2a: Dondozo|74\/100|[from] item: Sitrus Berry\n|\n|upkeep\n|turn|3\n|\n|t:|1700800081\n|move|p1b: Raichu|Volt Switch|p2a: Dondozo\n|-supereffective|p2a: Dondozo\n|-damage|p2a: Dondozo|53\/100\n|\n|t:|1700800085\n|switch|p1b: Ogerpon|Ogerpon-Wellspring, L50, F|100\/100|[from] Volt Switch\n|move|p2a: Dondozo|Order Up|p1a: Articuno\n|-damage|p1a: Articuno|31\/100\n|-boost|p2a: Dondozo|atk|1\n|move|p1a: Articuno|Freezing Glare|p2a: Dondozo\n|-damage|p2a: Dondozo|31\/100\n|\n|upkeep\n|turn|4\n|\n|t:|1700800104\n|move|p2a: Dondozo|Order Up|p1b: Ogerpon\n|-damage|p1b: Ogerpon|13\/100\n|-boost|p2a: Dondozo|atk|1\n|move|p1b: Ogerpon|Horn Leech|p2a: Dondozo\n|-supereffective|p2a: Dondozo\n|-damage|p2a: Dondozo|0 fnt\n|-heal|p1b: Ogerpon|36\/100|[from] drain|[of] p2a: Dondozo\n|faint|p2a: Dondozo\n|move|p1a: Articuno|Freezing Glare|p2b: Tatsugiri\n|-damage|p2b: Tatsugiri|46\/100\n|\n|upkeep\n|\n|t:|1700800111\n|switch|p2a: Crabominable|Crabominable, L50, M|100\/100\n|turn|5\n|\n|t:|1700800157\n|move|p1a: Articuno|Protect|p1a: Articuno\n|-singleturn|p1a: Articuno|Protect\n|move|p1b: Ogerpon|Horn Leech|p2b: Tatsugiri\n|-damage|p2b: Tatsugiri|0 fnt\n|-heal|p1b: Ogerpon|57\/100|[from] drain|[of] p2b: Tatsugiri\n|faint|p2b: Tatsugiri\n|move|p2a: Crabominable|Ice Hammer|p1b: Ogerpon\n|-damage|p1b: Ogerpon|0 fnt\n|-unboost|p2a: Crabominable|spe|1\n|faint|p1b: Ogerpon\n|-damage|p2a: Crabominable|91\/100|[from] item: Life Orb\n|\n|upkeep\n|\n|t:|1700800173\n|switch|p1b: Raichu|Raichu, L50, M|20\/100\n|switch|p2b: Iron Valiant|Iron Valiant, L50|100\/100\n|-enditem|p2b: Iron Valiant|Booster Energy\n|-activate|p2b: Iron Valiant|ability: Quark Drive|[fromitem]\n|-start|p2b: Iron Valiant|quarkdrivespe\n|turn|6\n|\n|t:|1700800205\n|move|p1b: Raichu|Fake Out|p2b: Iron Valiant\n|-damage|p2b: Iron Valiant|90\/100\n|cant|p2b: Iron Valiant|flinch\n|move|p1a: Articuno|Freezing Glare|p2a: Crabominable\n|-supereffective|p2a: Crabominable\n|-damage|p2a: Crabominable|0 fnt\n|faint|p2a: Crabominable\n|\n|upkeep\n|turn|7\n|\n|t:|1700800229\n|move|p2b: Iron Valiant|Knock Off|p1a: Articuno\n|-supereffective|p1a: Articuno\n|-damage|p1a: Articuno|0 fnt\n|-enditem|p1a: Articuno|Focus Sash|[from] move: Knock Off|[of] p2b: Iron Valiant\n|faint|p1a: Articuno\n|move|p1b: Raichu|Volt Switch|p2b: Iron Valiant\n|-damage|p2b: Iron Valiant|53\/100\n|\n|t:|1700800237\n|switch|p1b: Hydreigon|Hydreigon, L50, F|100\/100|[from] Volt Switch\n|\n|upkeep\n|\n|t:|1700800242\n|switch|p1a: Raichu|Raichu, L50, M|20\/100\n|turn|8\n|inactive|Battle timer is ON: inactive players will automatically lose when time's up. (requested by Slippers_486)\n|inactive|Slippers_486 has 60 seconds left.\n|\n|t:|1700800331\n|-terastallize|p2b: Iron Valiant|Dark\n|-terastallize|p1b: Hydreigon|Fire\n|move|p1a: Raichu|Fake Out|p2b: Iron Valiant\n|-damage|p2b: Iron Valiant|41\/100\n|cant|p2b: Iron Valiant|flinch\n|move|p1b: Hydreigon|Earth Power|p2b: Iron Valiant\n|-damage|p2b: Iron Valiant|0 fnt\n|faint|p2b: Iron Valiant\n|-end|p2b: Iron Valiant|Quark Drive|[silent]\n|-damage|p1b: Hydreigon|91\/100|[from] item: Life Orb\n|\n|win|Slippers_486\n|raw|Slippers_486's rating: 1000 &rarr; <strong>1040<\/strong><br \/>(+40 for winning)\n|raw|Zeus_Swerve's rating: 1000 &rarr; <strong>1000<\/strong><br \/>(+0 for losing)\n|c|\u2606Zeus_Swerve|gg\n","uploadtime":1700800347,"views":8,"p1id":"slippers486","p2id":"zeusswerve","formatid":"gen9vgc2023regulatione","rating":1000,"private":0,"password":""}