{"id":"gen9vgc2023regulatione-2000380923","p1":"Iwillwinhopefuly","p2":"Lurvas","format":"[Gen 9] VGC 2023 Regulation E","log":"|j|\u2606Iwillwinhopefuly\n|j|\u2606Lurvas\n|t:|1701190007\n|gametype|doubles\n|player|p1|Iwillwinhopefuly|170|1087\n|player|p2|Lurvas|alder|1124\n|teamsize|p1|6\n|teamsize|p2|6\n|gen|9\n|tier|[Gen 9] VGC 2023 Regulation E\n|rated|\n|rule|Species Clause: Limit one of each Pok\u00e9mon\n|rule|Item Clause: Limit one of each item\n|clearpoke\n|poke|p1|Torkoal, L50, M|\n|poke|p1|Clefairy, L50, M|\n|poke|p1|Roaring Moon, L50|\n|poke|p1|Breloom, L50, M|\n|poke|p1|Drifblim, L50, M|\n|poke|p1|Clodsire, L50, M|\n|poke|p2|Urshifu-*, L50, F|\n|poke|p2|Rillaboom, L50, F|\n|poke|p2|Flutter Mane, L50|\n|poke|p2|Arcanine-Hisui, L50, F|\n|poke|p2|Chien-Pao, L50|\n|poke|p2|Tornadus, L50, M|\n|teampreview|4\n|inactive|Battle timer is ON: inactive players will automatically lose when time's up. (requested by Iwillwinhopefuly)\nLurvas has agreed to open team sheets.\n|\n|t:|1701190030\n|start\n|switch|p1a: Torkoal|Torkoal, L50, M|100\/100\n|switch|p1b: Clefairy|Clefairy, L50, M|100\/100\n|switch|p2a: Tornadus|Tornadus, L50, M|100\/100\n|switch|p2b: Flutter Mane|Flutter Mane, L50|100\/100\n|-weather|SunnyDay|[from] ability: Drought|[of] p1a: Torkoal\n|-activate|p2b: Flutter Mane|ability: Protosynthesis\n|-start|p2b: Flutter Mane|protosynthesisspe\n|turn|1\n|\n|t:|1701190051\n|move|p2b: Flutter Mane|Protect|p2b: Flutter Mane\n|-singleturn|p2b: Flutter Mane|Protect\n|move|p1b: Clefairy|Follow Me|p1b: Clefairy\n|-singleturn|p1b: Clefairy|move: Follow Me\n|move|p2a: Tornadus|Taunt|p1b: Clefairy\n|-start|p1b: Clefairy|move: Taunt\n|move|p1a: Torkoal|Eruption|p2a: Tornadus|[spread] p2a\n|-activate|p2b: Flutter Mane|move: Protect\n|-damage|p2a: Tornadus|21\/100\n|\n|-weather|SunnyDay|[upkeep]\n|upkeep\n|turn|2\n|\n|t:|1701190067\n|switch|p1b: Clodsire|Clodsire, L50, M|100\/100\n|move|p2a: Tornadus|Rain Dance|p2a: Tornadus\n|-weather|RainDance\n|-end|p2b: Flutter Mane|Protosynthesis\n|-enditem|p2b: Flutter Mane|Booster Energy\n|-activate|p2b: Flutter Mane|ability: Protosynthesis|[fromitem]\n|-start|p2b: Flutter Mane|protosynthesisspe\n|move|p2b: Flutter Mane|Shadow Ball|p1a: Torkoal\n|-damage|p1a: Torkoal|47\/100\n|move|p1a: Torkoal|Eruption|p2b: Flutter Mane|[spread] p2a,p2b\n|-damage|p2a: Tornadus|9\/100\n|-damage|p2b: Flutter Mane|90\/100\n|\n|-weather|RainDance|[upkeep]\n|upkeep\n|turn|3\n|\n|t:|1701190090\n|move|p2a: Tornadus|Tailwind|p2a: Tornadus\n|-sidestart|p2: Lurvas|move: Tailwind\n|move|p2b: Flutter Mane|Icy Wind|p1b: Clodsire|[spread] p1a,p1b\n|-resisted|p1a: Torkoal\n|-supereffective|p1b: Clodsire\n|-damage|p1a: Torkoal|38\/100\n|-damage|p1b: Clodsire|74\/100\n|-unboost|p1a: Torkoal|spe|1\n|-unboost|p1b: Clodsire|spe|1\n|move|p1b: Clodsire|Poison Jab|p2b: Flutter Mane\n|-damage|p2b: Flutter Mane|36\/100\n|-status|p2b: Flutter Mane|psn\n|move|p1a: Torkoal|Earth Power|p2b: Flutter Mane\n|-damage|p2b: Flutter Mane|9\/100 psn\n|\n|-weather|RainDance|[upkeep]\n|-damage|p2b: Flutter Mane|0 fnt|[from] psn\n|faint|p2b: Flutter Mane\n|-end|p2b: Flutter Mane|Protosynthesis|[silent]\n|upkeep\n|\n|t:|1701190106\n|switch|p2b: Arcanine|Arcanine-Hisui, L50, F|100\/100\n|-ability|p2b: Arcanine|Intimidate|boost\n|-unboost|p1a: Torkoal|atk|1\n|-unboost|p1b: Clodsire|atk|1\n|turn|4\n|\n|t:|1701190116\n|move|p2a: Tornadus|Bleakwind Storm|p1a: Torkoal|[spread] p1a,p1b\n|-damage|p1a: Torkoal|0 fnt\n|-damage|p1b: Clodsire|44\/100\n|faint|p1a: Torkoal\n|move|p2b: Arcanine|Rock Slide|p1b: Clodsire\n|-resisted|p1b: Clodsire\n|-damage|p1b: Clodsire|0 fnt\n|faint|p1b: Clodsire\n|\n|-weather|RainDance|[upkeep]\n|upkeep\n|\n|t:|1701190123\n|switch|p1b: Clefairy|Clefairy, L50, M|100\/100\n|switch|p1a: Roaring Moon|Roaring Moon, L50|100\/100\n|turn|5\n|\n|t:|1701190147\n|switch|p2b: Chien-Pao|Chien-Pao, L50|100\/100\n|-ability|p2b: Chien-Pao|Sword of Ruin\n|move|p1b: Clefairy|Follow Me|p1b: Clefairy\n|-singleturn|p1b: Clefairy|move: Follow Me\n|move|p2a: Tornadus|Taunt|p1b: Clefairy\n|-start|p1b: Clefairy|move: Taunt\n|move|p1a: Roaring Moon|Dragon Claw|p2b: Chien-Pao\n|-damage|p2b: Chien-Pao|15\/100\n|\n|-weather|RainDance|[upkeep]\n|upkeep\n|turn|6\n|\n|t:|1701190163\n|-terastallize|p1a: Roaring Moon|Steel\n|move|p2b: Chien-Pao|Icicle Crash|p1a: Roaring Moon\n|-resisted|p1a: Roaring Moon\n|-damage|p1a: Roaring Moon|72\/100\n|move|p2a: Tornadus|Bleakwind Storm|p1a: Roaring Moon|[spread] p1a,p1b\n|-resisted|p1a: Roaring Moon\n|-damage|p1a: Roaring Moon|59\/100\n|-damage|p1b: Clefairy|81\/100\n|cant|p1a: Roaring Moon|flinch\n|-activate|p1b: Clefairy|move: Struggle\n|move|p1b: Clefairy|Struggle|p2b: Chien-Pao\n|-damage|p2b: Chien-Pao|9\/100\n|-damage|p1b: Clefairy|56\/100|[from] recoil\n|\n|-weather|none\n|-sideend|p2: Lurvas|move: Tailwind\n|upkeep\n|turn|7\n|\n|t:|1701190178\n|move|p2a: Tornadus|Tailwind|p2a: Tornadus\n|-sidestart|p2: Lurvas|move: Tailwind\n|move|p2b: Chien-Pao|Sacred Sword|p1a: Roaring Moon\n|-supereffective|p1a: Roaring Moon\n|-damage|p1a: Roaring Moon|0 fnt\n|faint|p1a: Roaring Moon\n|-end|p1a: Roaring Moon|Protosynthesis|[silent]\n|-activate|p1b: Clefairy|move: Struggle\n|move|p1b: Clefairy|Struggle|p2b: Chien-Pao\n|-damage|p2b: Chien-Pao|2\/100\n|-damage|p1b: Clefairy|32\/100|[from] recoil\n|\n|upkeep\n|turn|8\n|-message|Iwillwinhopefuly forfeited.\n|\n|win|Lurvas\n|raw|Iwillwinhopefuly's rating: 1087 &rarr; <strong>1066<\/strong><br \/>(-21 for losing)\n|raw|Lurvas's rating: 1124 &rarr; <strong>1146<\/strong><br \/>(+22 for winning)\n|l|\u2606Iwillwinhopefuly\n|c|\u2606Lurvas|gg\n","uploadtime":1701190195,"views":15,"p1id":"iwillwinhopefuly","p2id":"lurvas","formatid":"gen9vgc2023regulatione","rating":1066,"private":0,"password":""}