{"id":"gen9vgc2023regulatione-1994292016","p1":"Jarlomen","p2":"Mura-93","format":"[Gen 9] VGC 2023 Regulation E","log":"|j|\u2606Jarlomen\n|j|\u2606Mura-93\n|t:|1700427762\n|gametype|doubles\n|player|p1|Jarlomen|266|1094\n|player|p2|Mura-93|102|1105\n|teamsize|p1|6\n|teamsize|p2|6\n|gen|9\n|tier|[Gen 9] VGC 2023 Regulation E\n|rated|\n|rule|Species Clause: Limit one of each Pok\u00e9mon\n|rule|Item Clause: Limit one of each item\n|clearpoke\n|poke|p1|Great Tusk, L50|\n|poke|p1|Illumise, L50, F|\n|poke|p1|Chi-Yu, L50|\n|poke|p1|Flutter Mane, L50|\n|poke|p1|Chien-Pao, L50|\n|poke|p1|Dragonite, L50, M|\n|poke|p2|Urshifu-*, L50, F|\n|poke|p2|Iron Hands, L50|\n|poke|p2|Flutter Mane, L50|\n|poke|p2|Arcanine-Hisui, L50, F|\n|poke|p2|Baxcalibur, L50, F|\n|poke|p2|Dragapult, L50, F|\n|teampreview|4\n|inactive|Battle timer is ON: inactive players will automatically lose when time's up. (requested by Jarlomen)\n|\n|t:|1700427785\n|start\n|switch|p1a: Chi-Yu|Chi-Yu, L50|100\/100\n|switch|p1b: Flutter Mane|Flutter Mane, L50|100\/100\n|switch|p2a: Iron Hands|Iron Hands, L50|100\/100\n|switch|p2b: Urshifu|Urshifu-Rapid-Strike, L50, F|100\/100\n|-ability|p1a: Chi-Yu|Beads of Ruin\n|turn|1\n|\n|t:|1700427808\n|-terastallize|p2b: Urshifu|Water\n|-terastallize|p1a: Chi-Yu|Grass\n|move|p2a: Iron Hands|Fake Out|p1a: Chi-Yu\n|-damage|p1a: Chi-Yu|81\/100\n|move|p1b: Flutter Mane|Moonblast|p2a: Iron Hands\n|-supereffective|p2a: Iron Hands\n|-damage|p2a: Iron Hands|14\/100\n|move|p2b: Urshifu|Surging Strikes|p1a: Chi-Yu\n|-resisted|p1a: Chi-Yu\n|-crit|p1a: Chi-Yu\n|-damage|p1a: Chi-Yu|57\/100\n|-resisted|p1a: Chi-Yu\n|-crit|p1a: Chi-Yu\n|-damage|p1a: Chi-Yu|34\/100\n|-resisted|p1a: Chi-Yu\n|-crit|p1a: Chi-Yu\n|-damage|p1a: Chi-Yu|11\/100\n|-hitcount|p1a: Chi-Yu|3\n|cant|p1a: Chi-Yu|flinch\n|\n|upkeep\n|turn|2\n|inactive|Jarlomen has 30 seconds left.\n|inactive|Mura-93 has 30 seconds left.\n|\n|t:|1700427842\n|move|p1b: Flutter Mane|Dazzling Gleam|p2a: Iron Hands|[spread] p2a,p2b\n|-supereffective|p2a: Iron Hands\n|-damage|p2a: Iron Hands|0 fnt\n|-damage|p2b: Urshifu|27\/100\n|faint|p2a: Iron Hands\n|-end|p2a: Iron Hands|Quark Drive|[silent]\n|move|p2b: Urshifu|Surging Strikes|p1a: Chi-Yu\n|-resisted|p1a: Chi-Yu\n|-crit|p1a: Chi-Yu\n|-damage|p1a: Chi-Yu|0 fnt\n|faint|p1a: Chi-Yu\n|-hitcount|p1: Chi-Yu|1\n|\n|upkeep\n|\n|t:|1700427855\n|switch|p1a: Illumise|Illumise, L50, F|100\/100\n|switch|p2a: Arcanine|Arcanine-Hisui, L50, F|100\/100\n|-ability|p2a: Arcanine|Intimidate|boost\n|-unboost|p1a: Illumise|atk|1\n|-unboost|p1b: Flutter Mane|atk|1\n|turn|3\n|\n|t:|1700427875\n|move|p2b: Urshifu|Protect|p2b: Urshifu\n|-singleturn|p2b: Urshifu|Protect\n|move|p1a: Illumise|Thunder Wave|p2a: Arcanine\n|-status|p2a: Arcanine|par\n|move|p1b: Flutter Mane|Dazzling Gleam|p2b: Urshifu|[spread] p2a\n|-activate|p2b: Urshifu|move: Protect\n|-resisted|p2a: Arcanine\n|-damage|p2a: Arcanine|78\/100 par\n|cant|p2a: Arcanine|par\n|\n|upkeep\n|turn|4\n|\n|t:|1700427892\n|move|p1a: Illumise|Sunny Day|p1a: Illumise\n|-weather|SunnyDay\n|-activate|p1b: Flutter Mane|ability: Protosynthesis\n|-start|p1b: Flutter Mane|protosynthesisspa\n|move|p1b: Flutter Mane|Dazzling Gleam|p2a: Arcanine|[spread] p2a,p2b\n|-resisted|p2a: Arcanine\n|-damage|p2a: Arcanine|50\/100 par\n|-damage|p2b: Urshifu|0 fnt\n|faint|p2b: Urshifu\n|cant|p2a: Arcanine|par\n|\n|-weather|SunnyDay|[upkeep]\n|upkeep\n|\n|t:|1700427904\n|switch|p2b: Dragapult|Dragapult, L50, F|100\/100\n|turn|5\n|\n|t:|1700427913\n|move|p1a: Illumise|Tailwind|p1a: Illumise\n|-sidestart|p1: Jarlomen|move: Tailwind\n|move|p1b: Flutter Mane|Moonblast|p2b: Dragapult\n|-supereffective|p2b: Dragapult\n|-enditem|p2b: Dragapult|Focus Sash\n|-damage|p2b: Dragapult|1\/100\n|move|p2b: Dragapult|Dragon Darts|p1a: Illumise\n|-damage|p1a: Illumise|70\/100\n|-anim|p2b: Dragapult|Dragon Darts|p1a: Illumise\n|-damage|p1a: Illumise|36\/100\n|move|p2a: Arcanine|Flare Blitz|p1b: Flutter Mane\n|-damage|p1b: Flutter Mane|0 fnt\n|faint|p1b: Flutter Mane\n|-end|p1b: Flutter Mane|Protosynthesis|[silent]\n|-damage|p2a: Arcanine|23\/100 par|[from] Recoil\n|\n|-weather|SunnyDay|[upkeep]\n|upkeep\n|\n|t:|1700427927\n|switch|p1b: Great Tusk|Great Tusk, L50|100\/100\n|-activate|p1b: Great Tusk|ability: Protosynthesis\n|-start|p1b: Great Tusk|protosynthesisatk\n|turn|6\n|\n|t:|1700427942\n|move|p1a: Illumise|Encore|p2a: Arcanine\n|-start|p2a: Arcanine|Encore\n|move|p1b: Great Tusk|Rock Slide|p2a: Arcanine|[spread] p2a,p2b\n|-supereffective|p2a: Arcanine\n|-damage|p2a: Arcanine|0 fnt\n|-damage|p2b: Dragapult|0 fnt\n|faint|p2a: Arcanine\n|faint|p2b: Dragapult\n|\n|win|Jarlomen\n|raw|Jarlomen's rating: 1094 &rarr; <strong>1121<\/strong><br \/>(+27 for winning)\n|raw|Mura-93's rating: 1105 &rarr; <strong>1079<\/strong><br \/>(-26 for losing)\n|c|\u2606Jarlomen|gg\n|l|\u2606Mura-93\n","uploadtime":1700427959,"views":8,"p1id":"jarlomen","p2id":"mura93","formatid":"gen9vgc2023regulatione","rating":1079,"private":0,"password":""}