{"id":"gen9vgc2023regulatione-1988361701","p1":"Onassi267","p2":"BigSteveVGC","format":"[Gen 9] VGC 2023 Regulation E","log":"|j|\u2606Onassi267\n|j|\u2606BigSteveVGC\n|t:|1699713981\n|gametype|doubles\n|player|p1|Onassi267|lance|1359\n|player|p2|BigSteveVGC|266|1442\n|teamsize|p1|6\n|teamsize|p2|6\n|gen|9\n|tier|[Gen 9] VGC 2023 Regulation E\n|rated|\n|rule|Species Clause: Limit one of each Pok\u00e9mon\n|rule|Item Clause: Limit one of each item\n|clearpoke\n|poke|p1|Zoroark-Hisui, L50, F|\n|poke|p1|Kingambit, L50, F|\n|poke|p1|Tornadus, L50, M|\n|poke|p1|Urshifu-*, L50, F|\n|poke|p1|Gholdengo, L50|\n|poke|p1|Ogerpon-Wellspring, L50, F|\n|poke|p2|Regidrago, L50|\n|poke|p2|Regieleki, L50|\n|poke|p2|Tornadus, L50, M|\n|poke|p2|Urshifu-*, L50, F|\n|poke|p2|Arcanine-Hisui, L50, F|\n|poke|p2|Farigiraf, L50, F|\n|teampreview|4\n|inactive|Battle timer is ON: inactive players will automatically lose when time's up. (requested by BigSteveVGC)\n|\n|t:|1699714025\n|start\n|switch|p1a: Tornadus|Tornadus, L50, M|100\/100\n|switch|p1b: Urshifu|Urshifu-Rapid-Strike, L50, F|100\/100\n|switch|p2a: Regieleki|Regieleki, L50|100\/100\n|switch|p2b: Tornadus|Tornadus, L50, M|100\/100\n|turn|1\n|\n|t:|1699714045\n|-terastallize|p2a: Regieleki|Electric\n|-terastallize|p1b: Urshifu|Water\n|move|p1b: Urshifu|Aqua Jet|p2a: Regieleki\n|-damage|p2a: Regieleki|43\/100\n|move|p2b: Tornadus|Tailwind|p2b: Tornadus\n|-sidestart|p2: BigSteveVGC|move: Tailwind\n|move|p1a: Tornadus|Rain Dance|p1a: Tornadus\n|-weather|RainDance\n|move|p2a: Regieleki|Thunderbolt|p1b: Urshifu\n|-supereffective|p1b: Urshifu\n|-damage|p1b: Urshifu|0 fnt\n|faint|p1b: Urshifu\n|\n|-weather|RainDance|[upkeep]\n|upkeep\n|\n|t:|1699714053\n|switch|p1b: Kingambit|Kingambit, L50, F|100\/100\n|turn|2\n|\n|t:|1699714074\n|switch|p2b: Farigiraf|Farigiraf, L50, F|100\/100\n|move|p1b: Kingambit|Sucker Punch||[still]\n|cant|p2b: Farigiraf|ability: Armor Tail|Sucker Punch|[of] p1b: Kingambit\n|move|p2a: Regieleki|Thunderbolt|p1b: Kingambit\n|-damage|p1b: Kingambit|0 fnt\n|faint|p1b: Kingambit\n|move|p1a: Tornadus|Bleakwind Storm|p2a: Regieleki|[spread] p2a,p2b\n|-resisted|p2a: Regieleki\n|-damage|p2a: Regieleki|14\/100\n|-damage|p2b: Farigiraf|64\/100\n|-unboost|p2a: Regieleki|spe|1\n|-unboost|p2b: Farigiraf|spe|1\n|\n|-weather|RainDance|[upkeep]\n|upkeep\n|\n|t:|1699714078\n|switch|p1b: Gholdengo|Gholdengo, L50|100\/100\n|turn|3\n|inactive|BigSteveVGC has 30 seconds left.\n|\n|t:|1699714104\n|move|p1a: Tornadus|Tailwind|p1a: Tornadus\n|-sidestart|p1: Onassi267|move: Tailwind\n|move|p2a: Regieleki|Thunderbolt|p1a: Tornadus\n|-supereffective|p1a: Tornadus\n|-damage|p1a: Tornadus|0 fnt\n|faint|p1a: Tornadus\n|move|p1b: Gholdengo|Make It Rain|p2b: Farigiraf|[spread] p2a,p2b\n|-resisted|p2a: Regieleki\n|-damage|p2a: Regieleki|0 fnt\n|-damage|p2b: Farigiraf|0 fnt\n|-unboost|p1b: Gholdengo|spa|1\n|faint|p2a: Regieleki\n|faint|p2b: Farigiraf\n|\n|-weather|RainDance|[upkeep]\n|upkeep\n|\n|t:|1699714120\n|switch|p2a: Tornadus|Tornadus, L50, M|100\/100\n|switch|p2b: Regidrago|Regidrago, L50|100\/100\n|turn|4\n|\n|t:|1699714132\n|move|p2a: Tornadus|Scary Face|p1b: Gholdengo\n|-immune|p1b: Gholdengo|[from] ability: Good as Gold\n|move|p2b: Regidrago|Dragon Energy|p1b: Gholdengo\n|-resisted|p1b: Gholdengo\n|-damage|p1b: Gholdengo|42\/100\n|move|p1b: Gholdengo|Nasty Plot|p1b: Gholdengo\n|-boost|p1b: Gholdengo|spa|2\n|\n|-weather|RainDance|[upkeep]\n|-sideend|p2: BigSteveVGC|move: Tailwind\n|upkeep\n|turn|5\n|\n|t:|1699714144\n|move|p2a: Tornadus|Tailwind|p2a: Tornadus\n|-sidestart|p2: BigSteveVGC|move: Tailwind\n|move|p2b: Regidrago|Dragon Energy|p1b: Gholdengo\n|-resisted|p1b: Gholdengo\n|-damage|p1b: Gholdengo|0 fnt\n|faint|p1b: Gholdengo\n|\n|win|BigSteveVGC\n|raw|Onassi267's rating: 1359 &rarr; <strong>1344<\/strong><br \/>(-15 for losing)\n|raw|BigSteveVGC's rating: 1442 &rarr; <strong>1457<\/strong><br \/>(+15 for winning)\n|l|\u2606Onassi267\n","uploadtime":1699714159,"views":21,"p1id":"onassi267","p2id":"bigstevevgc","formatid":"gen9vgc2023regulatione","rating":1344,"private":0,"password":""}