{"id":"gen9vgc2023regulatione-1994210563","p1":"Oddball_Otter","p2":"SpaceCP","format":"[Gen 9] VGC 2023 Regulation E","log":"|j|\u2606Oddball_Otter\n|j|\u2606SpaceCP\n|n|\u2606Oddball_Otter|oddballotter\n|n|\u2606SpaceCP|spacecp\n|html|View the match progress at <a href=\"\/game-bestof3-gen9vgc2023regulatione-1994210562\">game-bestof3-gen9vgc2023regulatione-1994210562<\/a>\n|t:|1700419303\n|gametype|doubles\n|player|p1|Oddball_Otter|265|\n|player|p2|SpaceCP|youngster-gen4dp|\n|teamsize|p1|6\n|teamsize|p2|6\n|gen|9\n|tier|[Gen 9] VGC 2023 Regulation E\n|rule|Species Clause: Limit one of each Pok\u00e9mon\n|rule|Item Clause: Limit one of each item\n|clearpoke\n|poke|p1|Ursaluna-Bloodmoon, L50, M|\n|poke|p1|Amoonguss, L50, M|\n|poke|p1|Rillaboom, L50, F|\n|poke|p1|Arcanine-Hisui, L50, M|\n|poke|p1|Kingambit, L50, M|\n|poke|p1|Farigiraf, L50, M|\n|poke|p2|Slaking, L50, F|\n|poke|p2|Weezing, L50, F|\n|poke|p2|Arcanine, L50, F|\n|poke|p2|Dondozo, L50, M|\n|poke|p2|Hydreigon, L50, F|\n|poke|p2|Rillaboom, L50, F|\n|teampreview|4\nSpaceCP has agreed to open team sheets.\nOddball_Otter has agreed to open team sheets.\n|showteam|p1|Ursaluna-Bloodmoon||ThroatSpray|MindsEye|EarthPower,BloodMoon,HyperVoice,Protect|||M|||50|,,,,,Ghost]Amoonguss||SitrusBerry|Regenerator|PollenPuff,RagePowder,Spore,Protect|||M|||50|,,,,,Water]Rillaboom||AssaultVest|GrassySurge|WoodHammer,GrassyGlide,FakeOut,Uturn|||F|||50|,,,,,Fire]Arcanine-Hisui||ChoiceBand|Intimidate|RockSlide,FlareBlitz,ExtremeSpeed,TeraBlast|||M|||50|,,,,,Fairy]Kingambit||BlackGlasses|Defiant|KowtowCleave,IronHead,SuckerPunch,Protect|||M|||50|,,,,,Dark]Farigiraf||LumBerry|ArmorTail|DazzlingGleam,HelpingHand,LightScreen,TrickRoom|||M|||50|,,,,,Fairy\n|showteam|p2|Slaking||ChoiceBand|Truant|BodySlam,GigaImpact,StompingTantrum,KnockOff|||F|||50|,,,,,Normal]Weezing||Leftovers|NeutralizingGas|SludgeBomb,Taunt,Haze,Protect|||F|||50|,,,,,Steel]Arcanine||EjectPack|Intimidate|Overheat,TeraBlast,Snarl,WillOWisp|||F|||50|,,,,,Dark]Dondozo||ChestoBerry|Unaware|WaveCrash,BodyPress,Fissure,Rest|||M|||50|,,,,,Flying]Hydreigon||SitrusBerry|Levitate|DarkPulse,EarthPower,Uturn,Tailwind|||F|||50|,,,,,Steel]Rillaboom||AssaultVest|GrassySurge|GrassyGlide,WoodHammer,BrickBreak,FakeOut|||F|||50|,,,,,Fire\n|c|\u2606Oddball_Otter|glhf\n|\n|t:|1700419422\n|start\n|switch|p1a: Rillaboom|Rillaboom, L50, F, shiny|100\/100\n|switch|p1b: Farigiraf|Farigiraf, L50, M, shiny|100\/100\n|switch|p2a: Arcanine|Arcanine, L50, F|100\/100\n|switch|p2b: Slaking|Slaking, L50, F|100\/100\n|-ability|p2a: Arcanine|Intimidate|boost\n|-unboost|p1a: Rillaboom|atk|1\n|-unboost|p1b: Farigiraf|atk|1\n|-fieldstart|move: Grassy Terrain|[from] ability: Grassy Surge|[of] p1a: Rillaboom\n|turn|1\n|\n|t:|1700419455\n|move|p1a: Rillaboom|Fake Out|p2b: Slaking\n|-damage|p2b: Slaking|94\/100\n|move|p2a: Arcanine|Overheat|p1a: Rillaboom|[miss]\n|-miss|p2a: Arcanine|p1a: Rillaboom\n|cant|p2b: Slaking|flinch\n|move|p1b: Farigiraf|Trick Room|p1b: Farigiraf\n|-fieldstart|move: Trick Room|[of] p1b: Farigiraf\n|\n|-heal|p2b: Slaking|99\/100|[from] Grassy Terrain\n|upkeep\n|turn|2\n|\n|t:|1700419496\n|switch|p1b: Amoonguss|Amoonguss, L50, M, shiny|100\/100\n|switch|p2b: Dondozo|Dondozo, L50, M|100\/100\n|move|p1a: Rillaboom|U-turn|p2a: Arcanine\n|-resisted|p2a: Arcanine\n|-damage|p2a: Arcanine|90\/100\n|\n|t:|1700419504\n|switch|p1a: Ursaluna|Ursaluna-Bloodmoon, L50, M|100\/100|[from] U-turn\n|move|p2a: Arcanine|Overheat|p1a: Ursaluna\n|-damage|p1a: Ursaluna|40\/100\n|-unboost|p2a: Arcanine|spa|2\n|-enditem|p2a: Arcanine|Eject Pack\n|\n|t:|1700419517\n|switch|p2a: Slaking|Slaking, L50, F|99\/100\n|\n|-heal|p1a: Ursaluna|46\/100|[from] Grassy Terrain\n|-heal|p2a: Slaking|100\/100|[from] Grassy Terrain\n|upkeep\n|turn|3\n|\n|t:|1700419546\n|-terastallize|p2a: Slaking|Normal\n|move|p1a: Ursaluna|Protect|p1a: Ursaluna\n|-singleturn|p1a: Ursaluna|Protect\n|move|p1b: Amoonguss|Spore|p2b: Dondozo\n|-status|p2b: Dondozo|slp|[from] move: Spore\n|-enditem|p2b: Dondozo|Chesto Berry|[eat]\n|-curestatus|p2b: Dondozo|slp|[msg]\n|move|p2b: Dondozo|Wave Crash|p1a: Ursaluna\n|-activate|p1a: Ursaluna|move: Protect\n|move|p2a: Slaking|Giga Impact|p1b: Amoonguss\n|-damage|p1b: Amoonguss|0 fnt\n|-mustrecharge|p2a: Slaking\n|faint|p1b: Amoonguss\n|\n|-heal|p1a: Ursaluna|52\/100|[from] Grassy Terrain\n|upkeep\n|\n|t:|1700419558\n|switch|p1b: Rillaboom|Rillaboom, L50, F, shiny|100\/100\n|turn|4\n|\n|t:|1700419574\n|switch|p2b: Arcanine|Arcanine, L50, F|90\/100\n|-ability|p2b: Arcanine|Intimidate|boost\n|-unboost|p1a: Ursaluna|atk|1\n|-unboost|p1b: Rillaboom|atk|1\n|move|p1a: Ursaluna|Hyper Voice|p2a: Slaking|[spread] p2a,p2b\n|-damage|p2a: Slaking|66\/100\n|-damage|p2b: Arcanine|44\/100\n|-enditem|p1a: Ursaluna|Throat Spray\n|-boost|p1a: Ursaluna|spa|1|[from] item: Throat Spray\n|move|p1b: Rillaboom|Wood Hammer|p2b: Arcanine\n|-resisted|p2b: Arcanine\n|-crit|p2b: Arcanine\n|-damage|p2b: Arcanine|0 fnt\n|faint|p2b: Arcanine\n|-damage|p1b: Rillaboom|87\/100|[from] Recoil\n|cant|p2a: Slaking|recharge\n|\n|-heal|p1a: Ursaluna|58\/100|[from] Grassy Terrain\n|-heal|p1b: Rillaboom|94\/100|[from] Grassy Terrain\n|-heal|p2a: Slaking|72\/100|[from] Grassy Terrain\n|upkeep\n|\n|t:|1700419586\n|switch|p2b: Dondozo|Dondozo, L50, M|100\/100\n|turn|5\n|\n|t:|1700419619\n|switch|p1b: Farigiraf|Farigiraf, L50, M, shiny|100\/100\n|switch|p2a: Weezing|Weezing, L50, F|100\/100\n|-ability|p2a: Weezing|Neutralizing Gas\n|-terastallize|p1a: Ursaluna|Ghost\n|move|p2b: Dondozo|Wave Crash|p1a: Ursaluna\n|-damage|p1a: Ursaluna|22\/100\n|-damage|p2b: Dondozo|90\/100|[from] Recoil\n|move|p1a: Ursaluna|Blood Moon|p2a: Weezing\n|-damage|p2a: Weezing|0 fnt\n|faint|p2a: Weezing\n|-end|p2a: Weezing|ability: Neutralizing Gas\n|\n|-heal|p2b: Dondozo|96\/100|[from] Grassy Terrain\n|-heal|p1a: Ursaluna|28\/100|[from] Grassy Terrain\n|-fieldend|move: Trick Room\n|-fieldend|move: Grassy Terrain\n|upkeep\n|\n|t:|1700419629\n|switch|p2a: Slaking|Slaking, L50, F, tera:Normal|72\/100\n|turn|6\n|\n|t:|1700419642\n|move|p1a: Ursaluna|Protect|p1a: Ursaluna\n|-singleturn|p1a: Ursaluna|Protect\n|move|p2a: Slaking|Body Slam|p1b: Farigiraf\n|-damage|p1b: Farigiraf|14\/100\n|-status|p1b: Farigiraf|par\n|-enditem|p1b: Farigiraf|Lum Berry|[eat]\n|-curestatus|p1b: Farigiraf|par|[msg]\n|move|p2b: Dondozo|Wave Crash|p1a: Ursaluna\n|-activate|p1a: Ursaluna|move: Protect\n|move|p1b: Farigiraf|Trick Room|p1b: Farigiraf\n|-fieldstart|move: Trick Room|[of] p1b: Farigiraf\n|\n|upkeep\n|turn|7\n|\n|t:|1700419679\n|move|p2b: Dondozo|Wave Crash|p1a: Ursaluna\n|-damage|p1a: Ursaluna|0 fnt\n|faint|p1a: Ursaluna\n|-damage|p2b: Dondozo|88\/100|[from] Recoil\n|move|p1b: Farigiraf|Dazzling Gleam|p2b: Dondozo|[spread] p2a,p2b\n|-damage|p2a: Slaking|57\/100\n|-damage|p2b: Dondozo|76\/100\n|cant|p2a: Slaking|ability: Truant\n|\n|upkeep\n|\n|t:|1700419682\n|switch|p1a: Rillaboom|Rillaboom, L50, F, shiny|94\/100\n|-fieldstart|move: Grassy Terrain|[from] ability: Grassy Surge|[of] p1a: Rillaboom\n|turn|8\n|\n|t:|1700419716\n|move|p2b: Dondozo|Wave Crash|p1b: Farigiraf\n|-crit|p1b: Farigiraf\n|-damage|p1b: Farigiraf|0 fnt\n|faint|p1b: Farigiraf\n|-damage|p2b: Dondozo|72\/100|[from] Recoil\n|move|p1a: Rillaboom|Wood Hammer|p2a: Slaking\n|-damage|p2a: Slaking|3\/100\n|-damage|p1a: Rillaboom|71\/100|[from] Recoil\n|move|p2a: Slaking|Body Slam|p1a: Rillaboom\n|-damage|p1a: Rillaboom|0 fnt\n|faint|p1a: Rillaboom\n|\n|win|SpaceCP\n|c|&|\/uhtml prompt-spacecp,SpaceCP is ready for game 2!\n|c|\u2606Oddball_Otter|gg\n|c|&|\/uhtml prompt-oddballotter,Oddball_Otter is ready for game 2!\nBoth players are ready! Starting next match!\n|j| ruwisc\n|l|\u2606SpaceCP\n|l| ruwisc\n","uploadtime":1700420518,"views":12,"p1id":"oddballotter","p2id":"spacecp","formatid":"gen9vgc2023regulatione","rating":0,"private":0,"password":""}