{"id":"gen9vgc2023regulatione-1995956183","p1":"LMagiciian","p2":"Fancy Cucudrula","format":"[Gen 9] VGC 2023 Regulation E","log":"|j|\u2606LMagiciian\n|j|\u2606Fancy Cucudrula\n|n|\u2606LMagiciian|lmagiciian\n|n|\u2606Fancy Cucudrula|fancycucudrula\n|html|View the match progress at <a href=\"\/game-bestof3-gen9vgc2023regulatione-1995954028\">game-bestof3-gen9vgc2023regulatione-1995954028<\/a>\n|t:|1700621785\n|gametype|doubles\n|player|p1|LMagiciian|266|\n|player|p2|Fancy Cucudrula|valerie|\n|teamsize|p1|6\n|teamsize|p2|6\n|gen|9\n|tier|[Gen 9] VGC 2023 Regulation E\n|rule|Species Clause: Limit one of each Pok\u00e9mon\n|rule|Item Clause: Limit one of each item\n|clearpoke\n|poke|p1|Salamence, L50, M|\n|poke|p1|Urshifu-*, L50, M|\n|poke|p1|Flutter Mane, L50|\n|poke|p1|Ogerpon-Wellspring, L50, F|\n|poke|p1|Heatran, L50, M|\n|poke|p1|Rillaboom, L50, M|\n|poke|p2|Flutter Mane, L50|\n|poke|p2|Amoonguss, L50, F|\n|poke|p2|Heatran, L50, F|\n|poke|p2|Iron Hands, L50|\n|poke|p2|Landorus-Therian, L50, M|\n|poke|p2|Chien-Pao, L50|\n|teampreview|4\nFancy Cucudrula has agreed to open team sheets.\n|c|\u2606Fancy Cucudrula|mana\n|c|\u2606Fancy Cucudrula|OTS\nLMagiciian has agreed to open team sheets.\n|showteam|p1|Salamence||RockyHelmet|Intimidate|DracoMeteor,AirSlash,Roost,Tailwind|||M|||50|,,,,,Water]Urshifu||LifeOrb|UnseenFist|WickedBlow,CloseCombat,Detect,SuckerPunch|||M|||50|,,,,,Dark]Flutter Mane||ChoiceSpecs|Protosynthesis|Moonblast,ShadowBall,DazzlingGleam,TrickRoom||||||50|,,,,,Fairy]Ogerpon-Wellspring||WellspringMask|WaterAbsorb|IvyCudgel,WoodHammer,SpikyShield,FollowMe|||F|||50|,,,,,Water]Heatran||Leftovers|FlashFire|MagmaStorm,FlashCannon,Protect,EarthPower|||M|||50|,,,,,Grass]Rillaboom||AssaultVest|GrassySurge|WoodHammer,FakeOut,HighHorsepower,GrassyGlide|||M|||50|,,,,,Fire\n|showteam|p2|Flutter Mane||ChoiceSpecs|Protosynthesis|DazzlingGleam,Moonblast,ShadowBall,PerishSong||||||50|,,,,,Fairy]Amoonguss||RockyHelmet|Regenerator|RagePowder,PollenPuff,Spore,Protect|||F|||50|,,,,,Water]Heatran||SafetyGoggles|FlashFire|HeatWave,EarthPower,FlashCannon,Protect|||F|||50|,,,,,Fairy]Iron Hands||AssaultVest|QuarkDrive|DrainPunch,WildCharge,HeavySlam,FakeOut||||||50|,,,,,Water]Landorus-Therian||ChoiceScarf|Intimidate|StompingTantrum,TeraBlast,RockSlide,Uturn|||M|||50|,,,,,Flying]Chien-Pao||FocusSash|SwordofRuin|IceSpinner,SuckerPunch,Haze,Protect||||||50|,,,,,Ghost\n|inactive|Battle timer is ON: inactive players will automatically lose when time's up. (requested by Fancy Cucudrula)\n|c|\u2606LMagiciian|se me pas\u00f3 xd\n|inactive|LMagiciian has 60 seconds left.\n|inactive|Fancy Cucudrula has 60 seconds left.\n|inactive|LMagiciian has 30 seconds left.\n|\n|t:|1700621875\n|start\n|switch|p1a: Rillaboom|Rillaboom, L50, M|100\/100\n|switch|p1b: Flutter Mane|Flutter Mane, L50|100\/100\n|switch|p2a: Luquisha|Landorus-Therian, L50, M|100\/100\n|switch|p2b: Sasha Colby|Flutter Mane, L50|100\/100\n|-ability|p2a: Luquisha|Intimidate|boost\n|-unboost|p1a: Rillaboom|atk|1\n|-unboost|p1b: Flutter Mane|atk|1\n|-fieldstart|move: Grassy Terrain|[from] ability: Grassy Surge|[of] p1a: Rillaboom\n|turn|1\n|\n|t:|1700621894\n|-end|p2b: Sasha Colby|Protosynthesis|[silent]\n|switch|p2b: Lawrence|Heatran, L50, F, shiny|100\/100\n|move|p1a: Rillaboom|Fake Out|p2a: Luquisha\n|-damage|p2a: Luquisha|91\/100\n|cant|p2a: Luquisha|flinch\n|move|p1b: Flutter Mane|Dazzling Gleam|p2b: Lawrence|[spread] p2a,p2b\n|-resisted|p2b: Lawrence\n|-damage|p2a: Luquisha|44\/100\n|-damage|p2b: Lawrence|92\/100\n|\n|-heal|p2b: Lawrence|98\/100|[from] Grassy Terrain\n|upkeep\n|turn|2\n|inactive|LMagiciian has 30 seconds left.\n|inactive|LMagiciian has 20 seconds left.\n|inactive|LMagiciian has 15 seconds left.\n|inactive|LMagiciian has 10 seconds left.\n|inactive|LMagiciian has 5 seconds left.\n|\n|t:|1700621947\n|-terastallize|p1a: Rillaboom|Fire\n|move|p2a: Luquisha|U-turn|p1a: Rillaboom\n|-resisted|p1a: Rillaboom\n|-damage|p1a: Rillaboom|88\/100\n|\n|t:|1700621956\n|switch|p2a: Mistress|Iron Hands, L50, shiny|100\/100|[from] U-turn\n|move|p1b: Flutter Mane|Dazzling Gleam|p2b: Lawrence|[spread] p2a,p2b\n|-supereffective|p2a: Mistress\n|-resisted|p2b: Lawrence\n|-damage|p2a: Mistress|56\/100\n|-damage|p2b: Lawrence|89\/100\n|move|p1a: Rillaboom|High Horsepower|p2b: Lawrence\n|-supereffective|p2b: Lawrence\n|-damage|p2b: Lawrence|18\/100\n|move|p2b: Lawrence|Heat Wave|p1b: Flutter Mane|[spread] p1a,p1b\n|-resisted|p1a: Rillaboom\n|-damage|p1a: Rillaboom|76\/100\n|-damage|p1b: Flutter Mane|66\/100\n|\n|-heal|p1b: Flutter Mane|72\/100|[from] Grassy Terrain\n|-heal|p1a: Rillaboom|82\/100|[from] Grassy Terrain\n|-heal|p2b: Lawrence|24\/100|[from] Grassy Terrain\n|-heal|p2a: Mistress|62\/100|[from] Grassy Terrain\n|upkeep\n|turn|3\n|\n|t:|1700621980\n|move|p2a: Mistress|Fake Out|p1a: Rillaboom\n|-damage|p1a: Rillaboom|67\/100\n|move|p1b: Flutter Mane|Dazzling Gleam|p2a: Mistress|[spread] p2a,p2b\n|-supereffective|p2a: Mistress\n|-resisted|p2b: Lawrence\n|-damage|p2a: Mistress|20\/100\n|-damage|p2b: Lawrence|16\/100\n|cant|p1a: Rillaboom|flinch\n|move|p2b: Lawrence|Flash Cannon|p1b: Flutter Mane\n|-supereffective|p1b: Flutter Mane\n|-damage|p1b: Flutter Mane|0 fnt\n|faint|p1b: Flutter Mane\n|-end|p1b: Flutter Mane|Protosynthesis|[silent]\n|\n|-heal|p1a: Rillaboom|73\/100|[from] Grassy Terrain\n|-heal|p2b: Lawrence|22\/100|[from] Grassy Terrain\n|-heal|p2a: Mistress|26\/100|[from] Grassy Terrain\n|upkeep\n|\n|t:|1700621997\n|switch|p1b: Urshifu|Urshifu, L50, M|100\/100\n|turn|4\n|\n|t:|1700622020\n|move|p1b: Urshifu|Wicked Blow|p2b: Lawrence\n|-crit|p2b: Lawrence\n|-damage|p2b: Lawrence|0 fnt\n|faint|p2b: Lawrence\n|-damage|p1b: Urshifu|91\/100|[from] item: Life Orb\n|move|p1a: Rillaboom|High Horsepower|p2a: Mistress\n|-supereffective|p2a: Mistress\n|-damage|p2a: Mistress|0 fnt\n|faint|p2a: Mistress\n|-end|p2a: Mistress|Quark Drive|[silent]\n|\n|-heal|p1b: Urshifu|97\/100|[from] Grassy Terrain\n|-heal|p1a: Rillaboom|79\/100|[from] Grassy Terrain\n|upkeep\n|\n|t:|1700622027\n|switch|p2b: Sasha Colby|Flutter Mane, L50|100\/100\n|switch|p2a: Luquisha|Landorus-Therian, L50, M|44\/100\n|-ability|p2a: Luquisha|Intimidate|boost\n|-unboost|p1a: Rillaboom|atk|1\n|-unboost|p1b: Urshifu|atk|1\n|turn|5\n|inactive|LMagiciian has 30 seconds left.\n|\n|t:|1700622062\n|-terastallize|p2b: Sasha Colby|Fairy\n|move|p1b: Urshifu|Detect|p1b: Urshifu\n|-singleturn|p1b: Urshifu|Protect\n|move|p2a: Luquisha|Stomping Tantrum|p1a: Rillaboom\n|-supereffective|p1a: Rillaboom\n|-damage|p1a: Rillaboom|0 fnt\n|faint|p1a: Rillaboom\n|move|p2b: Sasha Colby|Moonblast|p1b: Urshifu\n|-activate|p1b: Urshifu|move: Protect\n|\n|-heal|p1b: Urshifu|100\/100|[from] Grassy Terrain\n|-fieldend|move: Grassy Terrain\n|upkeep\n|\n|t:|1700622073\n|switch|p1a: Heatran|Heatran, L50, M|100\/100\n|turn|6\n|\n|t:|1700622084\n|move|p1b: Urshifu|Sucker Punch|p2a: Luquisha\n|-damage|p2a: Luquisha|12\/100\n|-damage|p1b: Urshifu|91\/100|[from] item: Life Orb\n|move|p2a: Luquisha|Stomping Tantrum|p1a: Heatran\n|-supereffective|p1a: Heatran\n|-damage|p1a: Heatran|0 fnt\n|faint|p1a: Heatran\n|move|p2b: Sasha Colby|Moonblast|p1b: Urshifu\n|-supereffective|p1b: Urshifu\n|-damage|p1b: Urshifu|0 fnt\n|faint|p1b: Urshifu\n|\n|win|Fancy Cucudrula\n|c|\u2606LMagiciian|ggwp\n|c|\u2606Fancy Cucudrula|gg  manaaas\n|c|\u2606LMagiciian|suerte en el cut belleza\n|c|\u2606Fancy Cucudrula|gracias belleza\n|c|\u2606Fancy Cucudrula|a ver si entro\n|l|\u2606LMagiciian\n","uploadtime":1700622246,"views":10,"p1id":"lmagiciian","p2id":"fancycucudrula","formatid":"gen9vgc2023regulatione","rating":0,"private":0,"password":""}