{"id":"gen9vgc2023regulatione-1988343798","p1":"Jesuuuus","p2":"MisterGX","format":"[Gen 9] VGC 2023 Regulation E","log":"|j|\u2606Jesuuuus\n|j|\u2606MisterGX\n|n|\u2606Jesuuuus|jesuuuus\n|n|\u2606MisterGX|mistergx\n|html|View the match progress at <a href=\"\/game-bestof3-gen9vgc2023regulatione-1988341395\">game-bestof3-gen9vgc2023regulatione-1988341395<\/a>\n|t:|1699711512\n|gametype|doubles\n|player|p1|Jesuuuus|alec-anime|\n|player|p2|MisterGX|#vgcplzoruas|\n|teamsize|p1|6\n|teamsize|p2|6\n|gen|9\n|tier|[Gen 9] VGC 2023 Regulation E\n|rule|Species Clause: Limit one of each Pok\u00e9mon\n|rule|Item Clause: Limit one of each item\n|clearpoke\n|poke|p1|Ogerpon, L50, F|\n|poke|p1|Arcanine-Hisui, L50, M|\n|poke|p1|Flutter Mane, L50|\n|poke|p1|Iron Hands, L50|\n|poke|p1|Iron Bundle, L50|\n|poke|p1|Farigiraf, L50, F|\n|poke|p2|Gholdengo, L50|\n|poke|p2|Amoonguss, L50, F|\n|poke|p2|Tornadus, L50, M|\n|poke|p2|Urshifu-*, L50, F|\n|poke|p2|Landorus-Therian, L50, M|\n|poke|p2|Chien-Pao, L50|\n|teampreview|4\n|j| christianfinity\nJesuuuus has agreed to open team sheets.\nMisterGX has agreed to open team sheets.\n|showteam|p1|Ogerpon||LifeOrb|Defiant|IvyCudgel,Encore,StompingTantrum,SpikyShield|||F|||50|,,,,,Grass]Arcanine-Hisui||SafetyGoggles|Intimidate|ExtremeSpeed,RockSlide,FlareBlitz,Protect|||M|||50|,,,,,Psychic]Flutter Mane||ChoiceSpecs|Protosynthesis|Moonblast,DazzlingGleam,ShadowBall,IcyWind||||||50|,,,,,Fairy]Iron Hands||AssaultVest|QuarkDrive|DrainPunch,WildCharge,HeavySlam,FakeOut||||||50|,,,,,Fire]Iron Bundle||BoosterEnergy|QuarkDrive|IcyWind,HydroPump,FreezeDry,Protect||||||50|,,,,,Grass]Farigiraf||SitrusBerry|ArmorTail|Imprison,TrickRoom,HyperVoice,Psychic|||F|||50|,,,,,Fairy\n|showteam|p2|Gholdengo||Leftovers|GoodasGold|MakeItRain,ShadowBall,NastyPlot,Protect||||||50|,,,,,Dragon]Amoonguss||RockyHelmet|Regenerator|Spore,RagePowder,PollenPuff,Protect|||F|||50|,,,,,Water]Tornadus||SitrusBerry|Prankster|Taunt,RainDance,Tailwind,BleakwindStorm|||M|||50|,,,,,Ghost]Urshifu-Rapid-Strike||LifeOrb|UnseenFist|AquaJet,Protect,SurgingStrikes,CloseCombat|||F|||50|,,,,,Poison]Landorus-Therian||ChoiceBand|Intimidate|StompingTantrum,Earthquake,RockSlide,Uturn|||M|||50|,,,,,Water]Chien-Pao||FocusSash|SwordofRuin|Protect,SacredSword,SuckerPunch,IceSpinner||||||50|,,,,,Ghost\n|\n|t:|1699711533\n|start\n|switch|p1a: Noo Noo|Iron Bundle, L50|100\/100\n|switch|p1b: Lala|Iron Hands, L50|100\/100\n|switch|p2a: Tornadus|Tornadus, L50, M|100\/100\n|switch|p2b: Urshifu|Urshifu-Rapid-Strike, L50, F|100\/100\n|-enditem|p1a: Noo Noo|Booster Energy\n|-activate|p1a: Noo Noo|ability: Quark Drive|[fromitem]\n|-start|p1a: Noo Noo|quarkdrivespe\n|turn|1\n|\n|t:|1699711550\n|-terastallize|p2b: Urshifu|Poison\n|move|p1b: Lala|Fake Out|p2b: Urshifu\n|-damage|p2b: Urshifu|84\/100\n|move|p2a: Tornadus|Tailwind|p2a: Tornadus\n|-sidestart|p2: MisterGX|move: Tailwind\n|cant|p2b: Urshifu|flinch\n|move|p1a: Noo Noo|Icy Wind|p2b: Urshifu|[spread] p2a,p2b\n|-supereffective|p2a: Tornadus\n|-damage|p2a: Tornadus|50\/100\n|-damage|p2b: Urshifu|52\/100\n|-unboost|p2a: Tornadus|spe|1\n|-unboost|p2b: Urshifu|spe|1\n|-enditem|p2a: Tornadus|Sitrus Berry|[eat]\n|-heal|p2a: Tornadus|75\/100|[from] item: Sitrus Berry\n|\n|upkeep\n|turn|2\n|\n|t:|1699711624\n|-terastallize|p1a: Noo Noo|Grass\n|move|p2a: Tornadus|Rain Dance|p2a: Tornadus\n|-weather|RainDance\n|move|p1a: Noo Noo|Freeze-Dry|p2a: Tornadus\n|-supereffective|p2a: Tornadus\n|-damage|p2a: Tornadus|0 fnt\n|faint|p2a: Tornadus\n|move|p2b: Urshifu|Surging Strikes|p1b: Lala\n|-crit|p1b: Lala\n|-damage|p1b: Lala|74\/100\n|-crit|p1b: Lala\n|-damage|p1b: Lala|47\/100\n|-crit|p1b: Lala\n|-damage|p1b: Lala|20\/100\n|-hitcount|p1b: Lala|3\n|-damage|p2b: Urshifu|43\/100|[from] item: Life Orb\n|move|p1b: Lala|Wild Charge|p2b: Urshifu\n|-damage|p2b: Urshifu|0 fnt\n|faint|p2b: Urshifu\n|-damage|p1b: Lala|13\/100|[from] Recoil\n|\n|-weather|RainDance|[upkeep]\n|upkeep\n|\n|t:|1699711637\n|switch|p2b: Amoonguss|Amoonguss, L50, F, shiny|100\/100\n|switch|p2a: Gholdengo|Gholdengo, L50|100\/100\n|turn|3\n|\n|t:|1699711656\n|move|p1a: Noo Noo|Protect|p1a: Noo Noo\n|-singleturn|p1a: Noo Noo|Protect\n|move|p2a: Gholdengo|Nasty Plot|p2a: Gholdengo\n|-boost|p2a: Gholdengo|spa|2\n|move|p2b: Amoonguss|Spore|p1b: Lala\n|-status|p1b: Lala|slp|[from] move: Spore\n|cant|p1b: Lala|slp\n|\n|-weather|RainDance|[upkeep]\n|upkeep\n|turn|4\n|\n|t:|1699711690\n|move|p1a: Noo Noo|Icy Wind|p2b: Amoonguss|[spread] p2a,p2b\n|-resisted|p2a: Gholdengo\n|-supereffective|p2b: Amoonguss\n|-damage|p2a: Gholdengo|89\/100\n|-damage|p2b: Amoonguss|62\/100\n|-unboost|p2a: Gholdengo|spe|1\n|-unboost|p2b: Amoonguss|spe|1\n|move|p2a: Gholdengo|Make It Rain|p1a: Noo Noo|[spread] p1a,p1b\n|-resisted|p1b: Lala\n|-damage|p1a: Noo Noo|0 fnt\n|-damage|p1b: Lala|0 fnt\n|-unboost|p2a: Gholdengo|spa|1\n|faint|p1a: Noo Noo\n|-end|p1a: Noo Noo|Quark Drive|[silent]\n|faint|p1b: Lala\n|-end|p1b: Lala|Quark Drive|[silent]\n|move|p2b: Amoonguss|Pollen Puff|p2a: Gholdengo\n|-heal|p2a: Gholdengo|100\/100\n|\n|-weather|RainDance|[upkeep]\n|-sideend|p2: MisterGX|move: Tailwind\n|upkeep\n|\n|t:|1699711697\n|switch|p1a: Dipsy|Ogerpon, L50, F|100\/100\n|switch|p1b: Po|Arcanine-Hisui, L50, M|100\/100\n|-ability|p1b: Po|Intimidate|boost\n|-unboost|p2a: Gholdengo|atk|1\n|-unboost|p2b: Amoonguss|atk|1\n|turn|5\n|\n|t:|1699711709\n|move|p1a: Dipsy|Stomping Tantrum|p2a: Gholdengo\n|-supereffective|p2a: Gholdengo\n|-damage|p2a: Gholdengo|34\/100\n|-damage|p1a: Dipsy|91\/100|[from] item: Life Orb\n|move|p1b: Po|Flare Blitz|p2a: Gholdengo\n|-supereffective|p2a: Gholdengo\n|-damage|p2a: Gholdengo|0 fnt\n|faint|p2a: Gholdengo\n|-damage|p1b: Po|89\/100|[from] Recoil\n|move|p2b: Amoonguss|Pollen Puff|p1a: Dipsy\n|-supereffective|p1a: Dipsy\n|-damage|p1a: Dipsy|52\/100\n|\n|-weather|RainDance|[upkeep]\n|upkeep\n|turn|6\n|-message|MisterGX forfeited.\n|\n|win|Jesuuuus\n|c|&|\/uhtml prompt-mistergx,MisterGX is ready for game 3!\n|c|&|\/uhtml prompt-jesuuuus,Jesuuuus is ready for game 3!\nBoth players are ready! Starting next match!\n|l|\u2606MisterGX\n|l| christianfinity\n","uploadtime":1699712236,"views":40,"p1id":"jesuuuus","p2id":"mistergx","formatid":"gen9vgc2023regulatione","rating":0,"private":0,"password":""}