{"id":"gen9vgc2023regulatione-1992858623","p1":"Extremedio","p2":"AgnirathaYYT","format":"[Gen 9] VGC 2023 Regulation E","log":"|j|\u2606Extremedio\n|j|\u2606AgnirathaYYT\n|t:|1700241576\n|gametype|doubles\n|player|p1|Extremedio|102|1000\n|player|p2|AgnirathaYYT|265|1000\n|teamsize|p1|6\n|teamsize|p2|6\n|gen|9\n|tier|[Gen 9] VGC 2023 Regulation E\n|rated|\n|rule|Species Clause: Limit one of each Pok\u00e9mon\n|rule|Item Clause: Limit one of each item\n|clearpoke\n|poke|p1|Arcanine, L50, M|\n|poke|p1|Empoleon, L50, M|\n|poke|p1|Dragonite, L50, M|\n|poke|p1|Amoonguss, L50, M|\n|poke|p1|Vaporeon, L50, M|\n|poke|p1|Kingambit, L50, M|\n|poke|p2|Chandelure, L50, M|\n|poke|p2|Iron Hands, L50|\n|poke|p2|Ogerpon-Wellspring, L50, F|\n|poke|p2|Landorus-Therian, L50, M|\n|poke|p2|Cresselia, L50, F|\n|poke|p2|Chien-Pao, L50|\n|teampreview|4\n|\n|t:|1700241594\n|start\n|switch|p1a: Empoleon|Empoleon, L50, M, shiny|100\/100\n|switch|p1b: Vaporeon|Vaporeon, L50, M|100\/100\n|switch|p2a: Iron Hands|Iron Hands, L50|100\/100\n|switch|p2b: Landorus|Landorus-Therian, L50, M|100\/100\n|-ability|p2b: Landorus|Intimidate|boost\n|-unboost|p1a: Empoleon|atk|1\n|-ability|p1a: Empoleon|Competitive|boost\n|-boost|p1a: Empoleon|spa|2\n|-unboost|p1b: Vaporeon|atk|1\n|turn|1\n|\n|t:|1700241622\n|switch|p1a: Dragonite|Dragonite, L50, M|100\/100\n|move|p2b: Landorus|U-turn|p1a: Dragonite\n|-resisted|p1a: Dragonite\n|-damage|p1a: Dragonite|77\/100\n|\n|t:|1700241629\n|switch|p2b: Ogerpon|Ogerpon-Wellspring, L50, F|100\/100|[from] U-turn\n|move|p1b: Vaporeon|Icy Wind|p2a: Iron Hands|[spread] p2a,p2b\n|-damage|p2a: Iron Hands|94\/100\n|-damage|p2b: Ogerpon|90\/100\n|-unboost|p2a: Iron Hands|spe|1\n|-unboost|p2b: Ogerpon|spe|1\n|move|p2a: Iron Hands|Wild Charge|p1b: Vaporeon\n|-supereffective|p1b: Vaporeon\n|-damage|p1b: Vaporeon|1\/100\n|-damage|p2a: Iron Hands|70\/100|[from] Recoil\n|\n|-heal|p1b: Vaporeon|8\/100|[from] item: Leftovers\n|upkeep\n|turn|2\n|\n|t:|1700241654\n|move|p1b: Vaporeon|Protect|p1b: Vaporeon\n|-singleturn|p1b: Vaporeon|Protect\n|move|p1a: Dragonite|Dragon Dance|p1a: Dragonite\n|-boost|p1a: Dragonite|atk|1\n|-boost|p1a: Dragonite|spe|1\n|move|p2b: Ogerpon|Swords Dance|p2b: Ogerpon\n|-boost|p2b: Ogerpon|atk|2\n|move|p2a: Iron Hands|Drain Punch|p1a: Dragonite\n|-resisted|p1a: Dragonite\n|-damage|p1a: Dragonite|55\/100\n|-heal|p2a: Iron Hands|78\/100|[from] drain|[of] p1a: Dragonite\n|\n|-heal|p1b: Vaporeon|14\/100|[from] item: Leftovers\n|upkeep\n|turn|3\n|\n|t:|1700241682\n|-terastallize|p2b: Ogerpon|Water\n|detailschange|p2b: Ogerpon|Ogerpon-Wellspring-Tera, L50, F, tera:Water\n|-ability|p2b: Ogerpon|Embody Aspect (Wellspring)|boost\n|-boost|p2b: Ogerpon|spd|1\n|move|p1a: Dragonite|Extreme Speed|p2b: Ogerpon\n|-damage|p2b: Ogerpon|36\/100\n|move|p2b: Ogerpon|Ivy Cudgel|p1a: Dragonite|[anim] Ivy Cudgel Water\n|-resisted|p1a: Dragonite\n|-damage|p1a: Dragonite|0 fnt\n|faint|p1a: Dragonite\n|move|p1b: Vaporeon|Icy Wind|p2a: Iron Hands|[spread] p2a,p2b\n|-resisted|p2b: Ogerpon\n|-damage|p2a: Iron Hands|72\/100\n|-damage|p2b: Ogerpon|33\/100\n|-unboost|p2a: Iron Hands|spe|1\n|-unboost|p2b: Ogerpon|spe|1\n|move|p2a: Iron Hands|Heavy Slam|p1b: Vaporeon\n|-resisted|p1b: Vaporeon\n|-damage|p1b: Vaporeon|0 fnt\n|faint|p1b: Vaporeon\n|\n|upkeep\n|\n|t:|1700241704\n|switch|p1a: Kingambit|Kingambit, L50, M|100\/100\n|switch|p1b: Empoleon|Empoleon, L50, M, shiny|100\/100\n|-activate|p1a: Kingambit|ability: Supreme Overlord\n|-start|p1a: Kingambit|fallen2|[silent]\n|turn|4\n|\n|t:|1700241738\n|move|p2b: Ogerpon|Spiky Shield|p2b: Ogerpon\n|-singleturn|p2b: Ogerpon|move: Protect\n|move|p1b: Empoleon|Flash Cannon|p2b: Ogerpon\n|-activate|p2b: Ogerpon|move: Protect\n|move|p1a: Kingambit|Zen Headbutt|p2a: Iron Hands\n|-supereffective|p2a: Iron Hands\n|-crit|p2a: Iron Hands\n|-damage|p2a: Iron Hands|0 fnt\n|faint|p2a: Iron Hands\n|-end|p2a: Iron Hands|Quark Drive|[silent]\n|\n|upkeep\n|\n|t:|1700241749\n|switch|p2a: Chandelure|Chandelure, L50, M|100\/100\n|turn|5\n|\n|t:|1700241775\n|move|p1a: Kingambit|Sucker Punch|p2a: Chandelure\n|-supereffective|p2a: Chandelure\n|-damage|p2a: Chandelure|0 fnt\n|faint|p2a: Chandelure\n|move|p1b: Empoleon|Hydro Pump|p2b: Ogerpon\n|-resisted|p2b: Ogerpon\n|-damage|p2b: Ogerpon|13\/100\n|move|p2b: Ogerpon|Ivy Cudgel|p1a: Kingambit|[anim] Ivy Cudgel Water\n|-damage|p1a: Kingambit|0 fnt\n|faint|p1a: Kingambit\n|-end|p1a: Kingambit|fallen2|[silent]\n|\n|upkeep\n|\n|t:|1700241787\n|switch|p2a: Landorus|Landorus-Therian, L50, M|100\/100\n|-ability|p2a: Landorus|Intimidate|boost\n|-unboost|p1b: Empoleon|atk|1\n|-ability|p1b: Empoleon|Competitive|boost\n|-boost|p1b: Empoleon|spa|2\n|turn|6\n|inactive|Battle timer is ON: inactive players will automatically lose when time's up. (requested by Extremedio)\n|\n|t:|1700241802\n|move|p2b: Ogerpon|Spiky Shield|p2b: Ogerpon\n|-singleturn|p2b: Ogerpon|move: Protect\n|move|p2a: Landorus|U-turn|p1b: Empoleon\n|-resisted|p1b: Empoleon\n|-damage|p1b: Empoleon|73\/100\n|move|p1b: Empoleon|Icy Wind|p2a: Landorus|[spread] p2a\n|-activate|p2b: Ogerpon|move: Protect\n|-supereffective|p2a: Landorus\n|-damage|p2a: Landorus|0 fnt\n|faint|p2a: Landorus\n|\n|upkeep\n|turn|7\n|\n|t:|1700241818\n|move|p1b: Empoleon|Icy Wind|p2b: Ogerpon\n|-resisted|p2b: Ogerpon\n|-damage|p2b: Ogerpon|1\/100\n|-unboost|p2b: Ogerpon|spe|1\n|move|p2b: Ogerpon|Horn Leech|p1b: Empoleon\n|-damage|p1b: Empoleon|0 fnt\n|-heal|p2b: Ogerpon|32\/100|[from] drain|[of] p1b: Empoleon\n|faint|p1b: Empoleon\n|\n|win|AgnirathaYYT\n|raw|Extremedio's rating: 1000 &rarr; <strong>1000<\/strong><br \/>(+0 for losing)\n|raw|AgnirathaYYT's rating: 1000 &rarr; <strong>1040<\/strong><br \/>(+40 for winning)\n|c|\u2606Extremedio|GG\n","uploadtime":1700241845,"views":21,"p1id":"extremedio","p2id":"agnirathayyt","formatid":"gen9vgc2023regulatione","rating":1000,"private":0,"password":""}