{"id":"gen9vgc2023regulatione-1999258394","p1":"TATO-7","p2":"Zulneily","format":"[Gen 9] VGC 2023 Regulation E","log":"|j|\u2606TATO-7\n|j|\u2606Zulneily\n|t:|1701051721\n|gametype|doubles\n|player|p1|TATO-7|lucas|1076\n|player|p2|Zulneily|hilda-wonderlauncher|1138\n|teamsize|p1|4\n|teamsize|p2|6\n|gen|9\n|tier|[Gen 9] VGC 2023 Regulation E\n|rated|\n|rule|Species Clause: Limit one of each Pok\u00e9mon\n|rule|Item Clause: Limit one of each item\n|clearpoke\n|poke|p1|Ogerpon-Wellspring, L50, F|\n|poke|p1|Arcanine-Hisui, L50, M|\n|poke|p1|Pawmot, L50, M|\n|poke|p1|Mismagius, L50, M|\n|poke|p2|Ursaluna, L50, F|\n|poke|p2|Indeedee-F, L50, F|\n|poke|p2|Annihilape, L50, M|\n|poke|p2|Sinistcha-Masterpiece, L50|\n|poke|p2|Gastrodon-East, L50, F|\n|poke|p2|Arcanine-Hisui, L50, M|\n|teampreview|4\n|inactive|Battle timer is ON: inactive players will automatically lose when time's up. (requested by TATO-7)\n|\n|t:|1701051753\n|start\n|switch|p1a: Ogerpon|Ogerpon-Wellspring, L50, F|100\/100\n|switch|p1b: Arcanine|Arcanine-Hisui, L50, M|100\/100\n|switch|p2a: Indeedee|Indeedee-F, L50, F, shiny|100\/100\n|switch|p2b: Annihilape|Annihilape, L50, M|100\/100\n|-ability|p1b: Arcanine|Intimidate|boost\n|-unboost|p2a: Indeedee|atk|1\n|-unboost|p2b: Annihilape|atk|1\n|-ability|p2b: Annihilape|Defiant|boost\n|-boost|p2b: Annihilape|atk|2\n|-fieldstart|move: Psychic Terrain|[from] ability: Psychic Surge|[of] p2a: Indeedee\n|turn|1\n|inactive|TATO-7 has 30 seconds left.\n|\n|t:|1701051782\n|-terastallize|p1a: Ogerpon|Water\n|detailschange|p1a: Ogerpon|Ogerpon-Wellspring-Tera, L50, F, tera:Water\n|-ability|p1a: Ogerpon|Embody Aspect (Wellspring)|boost\n|-boost|p1a: Ogerpon|spd|1\n|move|p1a: Ogerpon|Ivy Cudgel|p2a: Indeedee|[anim] Ivy Cudgel Water\n|-damage|p2a: Indeedee|0 fnt\n|faint|p2a: Indeedee\n|move|p1b: Arcanine|Rock Slide|p2b: Annihilape\n|-resisted|p2b: Annihilape\n|-damage|p2b: Annihilape|81\/100\n|cant|p2b: Annihilape|flinch\n|\n|upkeep\n|\n|t:|1701051794\n|switch|p2a: Arcanine|Arcanine-Hisui, L50, M, shiny|100\/100\n|-ability|p2a: Arcanine|Intimidate|boost\n|-unboost|p1a: Ogerpon|atk|1\n|-unboost|p1b: Arcanine|atk|1\n|-enditem|p2a: Arcanine|Psychic Seed\n|-boost|p2a: Arcanine|spd|1|[from] item: Psychic Seed\n|turn|2\n|inactive|TATO-7 has 30 seconds left.\n|\n|t:|1701051822\n|switch|p1b: Mismagius|Mismagius, L50, M|100\/100\n|switch|p2a: Gastrodon|Gastrodon-East, L50, F|100\/100\n|move|p1a: Ogerpon|Spiky Shield|p1a: Ogerpon\n|-singleturn|p1a: Ogerpon|move: Protect\n|move|p2b: Annihilape|Drain Punch|p1b: Mismagius\n|-immune|p1b: Mismagius\n|\n|upkeep\n|turn|3\n|inactive|Zulneily has 30 seconds left.\n|\n|t:|1701051849\n|switch|p2a: Arcanine|Arcanine-Hisui, L50, M, shiny|100\/100\n|-ability|p2a: Arcanine|Intimidate|boost\n|-unboost|p1a: Ogerpon|atk|1\n|-unboost|p1b: Mismagius|atk|1\n|move|p1a: Ogerpon|Horn Leech|p2a: Arcanine\n|-damage|p2a: Arcanine|83\/100\n|move|p1b: Mismagius|Thunder Wave|p2b: Annihilape\n|-status|p2b: Annihilape|par\n|-enditem|p2b: Annihilape|Lum Berry|[eat]\n|-curestatus|p2b: Annihilape|par|[msg]\n|move|p2b: Annihilape|Drain Punch|p1a: Ogerpon\n|-damage|p1a: Ogerpon|40\/100\n|-heal|p2b: Annihilape|100\/100|[from] drain|[of] p1a: Ogerpon\n|\n|upkeep\n|turn|4\n|inactive|TATO-7 has 30 seconds left.\n|\n|t:|1701051881\n|move|p1a: Ogerpon|Spiky Shield|p1a: Ogerpon\n|-singleturn|p1a: Ogerpon|move: Protect\n|move|p2a: Arcanine|Protect|p2a: Arcanine\n|-singleturn|p2a: Arcanine|Protect\n|move|p1b: Mismagius|Thunder Wave|p2b: Annihilape\n|-status|p2b: Annihilape|par\n|move|p2b: Annihilape|Rage Fist|p1b: Mismagius\n|-supereffective|p1b: Mismagius\n|-damage|p1b: Mismagius|0 fnt\n|faint|p1b: Mismagius\n|\n|upkeep\n|\n|t:|1701051893\n|switch|p1b: Arcanine|Arcanine-Hisui, L50, M|100\/100\n|-ability|p1b: Arcanine|Intimidate|boost\n|-unboost|p2a: Arcanine|atk|1\n|-unboost|p2b: Annihilape|atk|1\n|-ability|p2b: Annihilape|Defiant|boost\n|-boost|p2b: Annihilape|atk|2\n|turn|5\n|\n|t:|1701051911\n|switch|p2a: Gastrodon|Gastrodon-East, L50, F|100\/100\n|move|p1a: Ogerpon|Ivy Cudgel|p2a: Gastrodon|[anim] Ivy Cudgel Water\n|-ability|p2a: Gastrodon|Storm Drain|boost\n|-boost|p2a: Gastrodon|spa|1\n|move|p1b: Arcanine|Rock Slide|p2a: Gastrodon|[spread] p2a,p2b\n|-resisted|p2a: Gastrodon\n|-resisted|p2b: Annihilape\n|-damage|p2a: Gastrodon|86\/100\n|-damage|p2b: Annihilape|86\/100 par\n|cant|p2b: Annihilape|flinch\n|\n|-fieldend|move: Psychic Terrain\n|upkeep\n|turn|6\n|inactive|TATO-7 has 30 seconds left.\n|inactive|Zulneily has 30 seconds left.\n|\n|t:|1701051940\n|-terastallize|p2a: Gastrodon|Fire\n|move|p1a: Ogerpon|Horn Leech|p2b: Annihilape\n|-damage|p2b: Annihilape|67\/100 par\n|-heal|p1a: Ogerpon|53\/100|[from] drain|[of] p2b: Annihilape\n|move|p1b: Arcanine|Rock Slide|p2b: Annihilape|[spread] p2a,p2b\n|-supereffective|p2a: Gastrodon\n|-resisted|p2b: Annihilape\n|-damage|p2a: Gastrodon|23\/100\n|-damage|p2b: Annihilape|53\/100 par\n|-enditem|p2a: Gastrodon|Sitrus Berry|[eat]\n|-heal|p2a: Gastrodon|48\/100|[from] item: Sitrus Berry\n|move|p2a: Gastrodon|Earth Power|p1a: Ogerpon\n|-damage|p1a: Ogerpon|14\/100\n|move|p2b: Annihilape|Drain Punch|p1b: Arcanine\n|-supereffective|p1b: Arcanine\n|-damage|p1b: Arcanine|0 fnt\n|-heal|p2b: Annihilape|97\/100 par|[from] drain|[of] p1b: Arcanine\n|faint|p1b: Arcanine\n|\n|upkeep\n|\n|t:|1701051958\n|switch|p1b: Pawmot|Pawmot, L50, M|100\/100\n|turn|7\n|inactive|TATO-7 has 30 seconds left.\n|\n|t:|1701051985\n|move|p1b: Pawmot|Fake Out|p2a: Gastrodon\n|-damage|p2a: Gastrodon|34\/100\n|move|p1a: Ogerpon|Ivy Cudgel|p2a: Gastrodon|[anim] Ivy Cudgel Water\n|-ability|p2a: Gastrodon|Storm Drain|boost\n|-boost|p2a: Gastrodon|spa|1\n|cant|p2a: Gastrodon|flinch\n|cant|p2b: Annihilape|par\n|\n|upkeep\n|turn|8\n|\n|t:|1701052003\n|move|p1a: Ogerpon|Spiky Shield|p1a: Ogerpon\n|-singleturn|p1a: Ogerpon|move: Protect\n|move|p1b: Pawmot|Revival Blessing|p1b: Pawmot\n|\n|t:|1701052006\n|-heal|p1: Arcanine|50\/100|[from] move: Revival Blessing\n|move|p2a: Gastrodon|Recover|p2a: Gastrodon\n|-heal|p2a: Gastrodon|84\/100\n|move|p2b: Annihilape|Rage Fist|p1b: Pawmot\n|-enditem|p1b: Pawmot|Focus Sash\n|-damage|p1b: Pawmot|1\/100\n|\n|upkeep\n|turn|9\n|inactive|Zulneily has 30 seconds left.\n|\n|t:|1701052031\n|move|p1a: Ogerpon|Horn Leech|p2b: Annihilape\n|-damage|p2b: Annihilape|76\/100 par\n|-heal|p1a: Ogerpon|28\/100|[from] drain|[of] p2b: Annihilape\n|move|p1b: Pawmot|Double Shock|p2a: Gastrodon\n|-damage|p2a: Gastrodon|26\/100\n|-start|p1b: Pawmot|typechange|???\/Fighting|[from] move: Double Shock\n|move|p2a: Gastrodon|Muddy Water|p1b: Pawmot|[spread] p1a,p1b\n|-resisted|p1a: Ogerpon\n|-damage|p1a: Ogerpon|8\/100\n|-damage|p1b: Pawmot|0 fnt\n|faint|p1b: Pawmot\n|cant|p2b: Annihilape|par\n|\n|upkeep\n|\n|t:|1701052043\n|switch|p1b: Arcanine|Arcanine-Hisui, L50, M|50\/100\n|-ability|p1b: Arcanine|Intimidate|boost\n|-unboost|p2a: Gastrodon|atk|1\n|-unboost|p2b: Annihilape|atk|1\n|-ability|p2b: Annihilape|Defiant|boost\n|-boost|p2b: Annihilape|atk|2\n|turn|10\n|\n|t:|1701052058\n|switch|p2a: Arcanine|Arcanine-Hisui, L50, M, shiny|83\/100\n|-ability|p2a: Arcanine|Intimidate|boost\n|-unboost|p1a: Ogerpon|atk|1\n|-unboost|p1b: Arcanine|atk|1\n|move|p1a: Ogerpon|Ivy Cudgel|p2b: Annihilape|[anim] Ivy Cudgel Water\n|-damage|p2b: Annihilape|48\/100 par\n|move|p1b: Arcanine|Rock Slide|p2a: Arcanine|[spread] p2a\n|-miss|p1b: Arcanine|p2b: Annihilape\n|-supereffective|p2a: Arcanine\n|-damage|p2a: Arcanine|50\/100\n|move|p2b: Annihilape|Drain Punch|p1b: Arcanine\n|-supereffective|p1b: Arcanine\n|-damage|p1b: Arcanine|0 fnt\n|-heal|p2b: Annihilape|70\/100 par|[from] drain|[of] p1b: Arcanine\n|faint|p1b: Arcanine\n|\n|upkeep\n|turn|11\n|-message|TATO-7 forfeited.\n|\n|win|Zulneily\n|raw|TATO-7's rating: 1076 &rarr; <strong>1058<\/strong><br \/>(-18 for losing)\n|raw|Zulneily's rating: 1138 &rarr; <strong>1159<\/strong><br \/>(+21 for winning)\n|l|\u2606TATO-7\n","uploadtime":1701052114,"views":2,"p1id":"tato7","p2id":"zulneily","formatid":"gen9vgc2023regulatione","rating":1058,"private":0,"password":""}