{"id":"gen9vgc2023regulatione-1988837215","p1":"Ratrap","p2":"Cheeseless","format":"[Gen 9] VGC 2023 Regulation E","log":"|j|\u2606Ratrap\n|j|\u203dCheeseless\n|t:|1699770918\n|gametype|doubles\n|player|p1|Ratrap|pokefan-gen4|1424\n|player|p2|Cheeseless|acetrainerf-gen4dp|1432\n|teamsize|p1|6\n|teamsize|p2|6\n|gen|9\n|tier|[Gen 9] VGC 2023 Regulation E\n|rated|\n|rule|Species Clause: Limit one of each Pok\u00e9mon\n|rule|Item Clause: Limit one of each item\n|clearpoke\n|poke|p1|Snorlax, L50, M|\n|poke|p1|Hariyama, L50, M|\n|poke|p1|Clefairy, L50, F|\n|poke|p1|Sinistcha, L50|\n|poke|p1|Chien-Pao, L50|\n|poke|p1|Arcanine-Hisui, L50, M|\n|poke|p2|Indeedee-F, L50, F|\n|poke|p2|Armarouge, L50, F|\n|poke|p2|Sylveon, L50, F|\n|poke|p2|Ursaluna, L50, M|\n|poke|p2|Urshifu-*, L50, F|\n|poke|p2|Torkoal, L50, F|\n|teampreview|4\n|inactive|Battle timer is ON: inactive players will automatically lose when time's up. (requested by Cheeseless)\n|inactive|Ratrap also wants the timer to be on.\n|\n|t:|1699770934\n|start\n|switch|p1a: Hariyama|Hariyama, L50, M|100\/100\n|switch|p1b: Clefairy|Clefairy, L50, F|100\/100\n|switch|p2a: Indeedee|Indeedee-F, L50, F|100\/100\n|switch|p2b: Armarouge|Armarouge, L50, F|100\/100\n|-fieldstart|move: Psychic Terrain|[from] ability: Psychic Surge|[of] p2a: Indeedee\n|-enditem|p2a: Indeedee|Psychic Seed\n|-boost|p2a: Indeedee|spd|1|[from] item: Psychic Seed\n|turn|1\n|inactive|Cheeseless has 30 seconds left.\n|j| Shneakster\n|inactive|Cheeseless has 20 seconds left.\n|inactive|Cheeseless has 15 seconds left.\n|inactive|Cheeseless has 10 seconds left.\n|inactive|Cheeseless has 5 seconds left.\n|\n|t:|1699770986\n|-terastallize|p1a: Hariyama|Dark\n|move|p1b: Clefairy|Protect|p1b: Clefairy\n|-singleturn|p1b: Clefairy|Protect\n|move|p2a: Indeedee|Follow Me|p2a: Indeedee\n|-singleturn|p2a: Indeedee|move: Follow Me\n|move|p2b: Armarouge|Heat Wave|p1b: Clefairy|[spread] p1a\n|-activate|p1b: Clefairy|move: Protect\n|-damage|p1a: Hariyama|88\/100\n|-status|p1a: Hariyama|brn\n|move|p1a: Hariyama|Knock Off|p2a: Indeedee\n|-supereffective|p2a: Indeedee\n|-damage|p2a: Indeedee|69\/100\n|\n|-damage|p1a: Hariyama|82\/100 brn|[from] brn\n|upkeep\n|turn|2\n|inactive|Ratrap has 30 seconds left.\n|\n|t:|1699771016\n|switch|p2b: Sylveon|Sylveon, L50, F|100\/100\n|move|p1b: Clefairy|Helping Hand|p1a: Hariyama\n|-singleturn|p1a: Hariyama|Helping Hand|[of] p1b: Clefairy\n|move|p2a: Indeedee|Follow Me|p2a: Indeedee\n|-singleturn|p2a: Indeedee|move: Follow Me\n|move|p1a: Hariyama|Knock Off|p2a: Indeedee\n|-supereffective|p2a: Indeedee\n|-damage|p2a: Indeedee|21\/100\n|\n|-damage|p1a: Hariyama|76\/100 brn|[from] brn\n|upkeep\n|turn|3\n|inactive|Ratrap has 30 seconds left.\n|inactive|Cheeseless has 30 seconds left.\n|\n|t:|1699771042\n|move|p2a: Indeedee|Helping Hand|p2b: Sylveon\n|-singleturn|p2b: Sylveon|Helping Hand|[of] p2a: Indeedee\n|move|p1b: Clefairy|Helping Hand|p1a: Hariyama\n|-singleturn|p1a: Hariyama|Helping Hand|[of] p1b: Clefairy\n|move|p2b: Sylveon|Hyper Voice|p1a: Hariyama|[spread] p1a,p1b\n|-supereffective|p1a: Hariyama\n|-damage|p1a: Hariyama|6\/100 brn\n|-damage|p1b: Clefairy|53\/100\n|-enditem|p2b: Sylveon|Throat Spray\n|-boost|p2b: Sylveon|spa|1|[from] item: Throat Spray\n|move|p1a: Hariyama|Heavy Slam|p2b: Sylveon\n|-supereffective|p2b: Sylveon\n|-damage|p2b: Sylveon|13\/100\n|\n|-damage|p1a: Hariyama|0 fnt|[from] brn\n|faint|p1a: Hariyama\n|upkeep\n|\n|t:|1699771058\n|switch|p1a: Mr. Green|Sinistcha, L50|100\/100\n|-heal|p1b: Clefairy|78\/100|[from] ability: Hospitality|[of] p1a: Mr. Green\n|turn|4\n|\n|t:|1699771071\n|move|p2a: Indeedee|Follow Me|p2a: Indeedee\n|-singleturn|p2a: Indeedee|move: Follow Me\n|move|p1a: Mr. Green|Matcha Gotcha|p2a: Indeedee|[spread] p2a,p2b\n|-crit|p2a: Indeedee\n|-damage|p2a: Indeedee|0 fnt\n|-damage|p2b: Sylveon|0 fnt\n|faint|p2a: Indeedee\n|faint|p2b: Sylveon\n|move|p1b: Clefairy|Heal Pulse|p1a: Mr. Green\n|-fail|p1a: Mr. Green|heal\n|\n|upkeep\n|\n|t:|1699771080\n|switch|p2a: Armarouge|Armarouge, L50, F|100\/100\n|switch|p2b: Torkoal|Torkoal, L50, F|100\/100\n|-weather|SunnyDay|[from] ability: Drought|[of] p2b: Torkoal\n|turn|5\n|\n|t:|1699771093\n|move|p1b: Clefairy|Protect|p1b: Clefairy\n|-singleturn|p1b: Clefairy|Protect\n|move|p2b: Torkoal|Protect|p2b: Torkoal\n|-singleturn|p2b: Torkoal|Protect\n|move|p1a: Mr. Green|Shadow Ball|p2a: Armarouge\n|-supereffective|p2a: Armarouge\n|-damage|p2a: Armarouge|13\/100\n|move|p2a: Armarouge|Trick Room|p2a: Armarouge\n|-fieldstart|move: Trick Room|[of] p2a: Armarouge\n|\n|-weather|SunnyDay|[upkeep]\n|-fieldend|move: Psychic Terrain\n|upkeep\n|turn|6\n|inactive|Cheeseless has 30 seconds left.\n|\n|t:|1699771124\n|-terastallize|p2b: Torkoal|Fire\n|move|p1b: Clefairy|Protect||[still]\n|-fail|p1b: Clefairy\n|move|p2b: Torkoal|Eruption|p1a: Mr. Green|[spread] p1a,p1b\n|-supereffective|p1a: Mr. Green\n|-damage|p1a: Mr. Green|0 fnt\n|-damage|p1b: Clefairy|0 fnt\n|faint|p1a: Mr. Green\n|faint|p1b: Clefairy\n|move|p2a: Armarouge|Heat Wave|p1: Mr. Green|[notarget]\n|-fail|p2a: Armarouge\n|\n|-weather|SunnyDay|[upkeep]\n|upkeep\n|\n|t:|1699771132\n|switch|p1a: Snorlax|Snorlax, L50, M|100\/100\n|turn|7\n|\n|t:|1699771143\n|move|p2b: Torkoal|Eruption|p1a: Snorlax\n|-damage|p1a: Snorlax|46\/100\n|-enditem|p1a: Snorlax|Sitrus Berry|[eat]\n|-heal|p1a: Snorlax|71\/100|[from] item: Sitrus Berry\n|move|p1a: Snorlax|High Horsepower|p2b: Torkoal\n|-supereffective|p2b: Torkoal\n|-damage|p2b: Torkoal|60\/100\n|move|p2a: Armarouge|Expanding Force|p1a: Snorlax\n|-damage|p1a: Snorlax|35\/100\n|\n|-weather|SunnyDay|[upkeep]\n|upkeep\n|turn|8\n|\n|t:|1699771157\n|move|p1a: Snorlax|Protect|p1a: Snorlax\n|-singleturn|p1a: Snorlax|Protect\n|move|p2b: Torkoal|Heat Wave|p1a: Snorlax\n|-activate|p1a: Snorlax|move: Protect\n|move|p2a: Armarouge|Expanding Force|p1a: Snorlax\n|-activate|p1a: Snorlax|move: Protect\n|\n|-weather|SunnyDay|[upkeep]\n|upkeep\n|turn|9\n|\n|t:|1699771162\n|move|p1a: Snorlax|Protect||[still]\n|-fail|p1a: Snorlax\n|move|p2b: Torkoal|Heat Wave|p1a: Snorlax\n|-damage|p1a: Snorlax|5\/100\n|move|p2a: Armarouge|Expanding Force|p1a: Snorlax\n|-damage|p1a: Snorlax|0 fnt\n|faint|p1a: Snorlax\n|\n|win|Cheeseless\n|raw|Ratrap's rating: 1424 &rarr; <strong>1404<\/strong><br \/>(-20 for losing)\n|raw|Cheeseless's rating: 1432 &rarr; <strong>1452<\/strong><br \/>(+20 for winning)\n","uploadtime":1699771177,"views":23,"p1id":"ratrap","p2id":"cheeseless","formatid":"gen9vgc2023regulatione","rating":1404,"private":0,"password":""}