{"id":"gen9vgc2023regulatione-1988383625","p1":"JohnMenard3511","p2":"previouslyunnamed","format":"[Gen 9] VGC 2023 Regulation E","log":"|j|\u2606JohnMenard3511\n|j|\u2606previouslyunnamed\n|t:|1699716757\n|gametype|doubles\n|player|p1|JohnMenard3511|drayden|1598\n|player|p2|previouslyunnamed|ryuki|1619\n|teamsize|p1|6\n|teamsize|p2|6\n|gen|9\n|tier|[Gen 9] VGC 2023 Regulation E\n|rated|\n|rule|Species Clause: Limit one of each Pok\u00e9mon\n|rule|Item Clause: Limit one of each item\n|clearpoke\n|poke|p1|Kingambit, L50, M|\n|poke|p1|Ogerpon-Wellspring, L50, F|\n|poke|p1|Landorus-Therian, L50, M|\n|poke|p1|Iron Hands, L50|\n|poke|p1|Flutter Mane, L50|\n|poke|p1|Tornadus, L50, M|\n|poke|p2|Indeedee-F, L50, F|\n|poke|p2|Armarouge, L50, F|\n|poke|p2|Ogerpon-Cornerstone, L50, F|\n|poke|p2|Oranguru, L50, M|\n|poke|p2|Enamorus-Therian, L50, F|\n|poke|p2|Ursaluna, L50, F|\n|teampreview|4\n|inactive|Battle timer is ON: inactive players will automatically lose when time's up. (requested by previouslyunnamed)\n|\n|t:|1699716781\n|start\n|switch|p1a: Landorus|Landorus-Therian, L50, M|100\/100\n|switch|p1b: Ogerpon|Ogerpon-Wellspring, L50, F|100\/100\n|switch|p2a: Oranguru|Oranguru, L50, M, shiny|100\/100\n|switch|p2b: Ogerpon|Ogerpon-Cornerstone, L50, F|100\/100\n|-ability|p1a: Landorus|Intimidate|boost\n|-fail|p2a: Oranguru|unboost|Attack|[from] ability: Inner Focus|[of] p2a: Oranguru\n|-unboost|p2b: Ogerpon|atk|1\n|turn|1\n|j| andy8105\n|\n|t:|1699716792\n|switch|p2b: Enamorus|Enamorus-Therian, L50, F|100\/100\n|move|p1a: Landorus|U-turn|p2a: Oranguru\n|-supereffective|p2a: Oranguru\n|-damage|p2a: Oranguru|57\/100\n|\n|t:|1699716801\n|switch|p1a: Iron Hands|Iron Hands, L50|100\/100|[from] U-turn\n|move|p1b: Ogerpon|Focus Energy|p1b: Ogerpon\n|-start|p1b: Ogerpon|move: Focus Energy\n|move|p2a: Oranguru|Trick Room|p2a: Oranguru\n|-fieldstart|move: Trick Room|[of] p2a: Oranguru\n|\n|upkeep\n|turn|2\n|j| eseerserse\n|\n|t:|1699716818\n|-terastallize|p2b: Enamorus|Fairy\n|move|p1a: Iron Hands|Fake Out|p2b: Enamorus\n|-damage|p2b: Enamorus|88\/100\n|cant|p2b: Enamorus|flinch\n|move|p2a: Oranguru|Encore|p1b: Ogerpon\n|-start|p1b: Ogerpon|Encore\n|move|p1b: Ogerpon|Focus Energy||[still]\n|-fail|p1b: Ogerpon\n|\n|upkeep\n|turn|3\n|j| Kid Kommy\n|inactive|JohnMenard3511 has 30 seconds left.\n|inactive|JohnMenard3511 has 20 seconds left.\n|inactive|JohnMenard3511 has 15 seconds left.\n|inactive|JohnMenard3511 has 10 seconds left.\n|\n|t:|1699716868\n|switch|p1b: Kingambit|Kingambit, L50, M|100\/100\n|move|p2b: Enamorus|Dazzling Gleam|p1a: Iron Hands|[spread] p1a,p1b\n|-supereffective|p1a: Iron Hands\n|-damage|p1a: Iron Hands|31\/100\n|-damage|p1b: Kingambit|40\/100\n|move|p2a: Oranguru|Instruct|p2b: Enamorus\n|-singleturn|p2b: Enamorus|move: Instruct|[of] p2a: Oranguru\n|move|p2b: Enamorus|Dazzling Gleam|p1a: Iron Hands|[spread] p1a,p1b\n|-supereffective|p1a: Iron Hands\n|-damage|p1a: Iron Hands|0 fnt\n|-damage|p1b: Kingambit|0 fnt\n|faint|p1a: Iron Hands\n|-end|p1a: Iron Hands|Quark Drive|[silent]\n|faint|p1b: Kingambit\n|\n|upkeep\n|\n|t:|1699716876\n|switch|p1b: Landorus|Landorus-Therian, L50, M|100\/100\n|switch|p1a: Ogerpon|Ogerpon-Wellspring, L50, F|100\/100\n|-ability|p1b: Landorus|Intimidate|boost\n|-fail|p2a: Oranguru|unboost|Attack|[from] ability: Inner Focus|[of] p2a: Oranguru\n|-unboost|p2b: Enamorus|atk|1\n|turn|4\n|\n|t:|1699716891\n|-terastallize|p1a: Ogerpon|Water\n|detailschange|p1a: Ogerpon|Ogerpon-Wellspring-Tera, L50, F, tera:Water\n|-ability|p1a: Ogerpon|Embody Aspect (Wellspring)|boost\n|-boost|p1a: Ogerpon|spd|1\n|move|p2b: Enamorus|Dazzling Gleam|p1b: Landorus|[spread] p1a,p1b\n|-damage|p1a: Ogerpon|52\/100\n|-damage|p1b: Landorus|6\/100\n|move|p2a: Oranguru|Instruct|p2b: Enamorus\n|-singleturn|p2b: Enamorus|move: Instruct|[of] p2a: Oranguru\n|move|p2b: Enamorus|Dazzling Gleam|p1a: Ogerpon|[spread] p1a,p1b\n|-damage|p1a: Ogerpon|9\/100\n|-damage|p1b: Landorus|0 fnt\n|faint|p1b: Landorus\n|move|p1a: Ogerpon|Ivy Cudgel|p2b: Enamorus\n|-damage|p2b: Enamorus|8\/100\n|\n|upkeep\n|turn|5\n|-message|JohnMenard3511 forfeited.\n|\n|win|previouslyunnamed\n|raw|JohnMenard3511's rating: 1598 &rarr; <strong>1579<\/strong><br \/>(-19 for losing)\n|raw|previouslyunnamed's rating: 1619 &rarr; <strong>1638<\/strong><br \/>(+19 for winning)\n|l|\u2606JohnMenard3511\n","uploadtime":1699716910,"views":27,"p1id":"johnmenard3511","p2id":"previouslyunnamed","formatid":"gen9vgc2023regulatione","rating":1579,"private":0,"password":""}