{"id":"gen9vgc2023regulatione-1990462166","p1":"Syntex93","p2":"Matt142718","format":"[Gen 9] VGC 2023 Regulation E","log":"|j|\u2606Syntex93\n|j|\u2606Matt142718\n|n|\u2606Syntex93|syntex93\n|n|\u2606Matt142718|matt142718\n|html|View the match progress at <a href=\"\/game-bestof3-gen9vgc2023regulatione-1990458000\">game-bestof3-gen9vgc2023regulatione-1990458000<\/a>\n|t:|1699973206\n|gametype|doubles\n|player|p1|Syntex93|alec-anime|\n|player|p2|Matt142718|1|\n|teamsize|p1|6\n|teamsize|p2|6\n|gen|9\n|tier|[Gen 9] VGC 2023 Regulation E\n|rule|Species Clause: Limit one of each Pok\u00e9mon\n|rule|Item Clause: Limit one of each item\n|clearpoke\n|poke|p1|Roaring Moon, L50|\n|poke|p1|Urshifu-*, L50, F|\n|poke|p1|Weezing, L50, F|\n|poke|p1|Rillaboom, L50, M|\n|poke|p1|Ogerpon-Hearthflame, L50, F|\n|poke|p1|Flutter Mane, L50|\n|poke|p2|Dragonite, L50, M|\n|poke|p2|Chien-Pao, L50|\n|poke|p2|Rillaboom, L50, F|\n|poke|p2|Farigiraf, L50, F|\n|poke|p2|Urshifu-*, L50, F|\n|poke|p2|Heatran, L50, F|\n|teampreview|4\nSyntex93 has agreed to open team sheets.\n|\n|t:|1699973270\n|start\n|switch|p1a: Roaring Moon|Roaring Moon, L50|100\/100\n|switch|p1b: Rillaboom|Rillaboom, L50, M|100\/100\n|switch|p2a: Dragonite|Dragonite, L50, M|100\/100\n|switch|p2b: Chien-Pao|Chien-Pao, L50|100\/100\n|-ability|p2b: Chien-Pao|Sword of Ruin\n|-fieldstart|move: Grassy Terrain|[from] ability: Grassy Surge|[of] p1b: Rillaboom\n|-enditem|p1a: Roaring Moon|Booster Energy\n|-activate|p1a: Roaring Moon|ability: Protosynthesis|[fromitem]\n|-start|p1a: Roaring Moon|protosynthesisspe\n|turn|1\n|\n|t:|1699973366\n|-terastallize|p2b: Chien-Pao|Ghost\n|-terastallize|p1b: Rillaboom|Fire\n|move|p1a: Roaring Moon|Protect|p1a: Roaring Moon\n|-singleturn|p1a: Roaring Moon|Protect\n|move|p1b: Rillaboom|Grassy Glide|p2b: Chien-Pao\n|-damage|p2b: Chien-Pao|49\/100\n|move|p2b: Chien-Pao|Icicle Crash|p1b: Rillaboom\n|-resisted|p1b: Rillaboom\n|-damage|p1b: Rillaboom|71\/100\n|move|p2a: Dragonite|Outrage|p1a: Roaring Moon\n|-activate|p1a: Roaring Moon|move: Protect\n|\n|-heal|p2b: Chien-Pao|54\/100|[from] Grassy Terrain\n|-heal|p1b: Rillaboom|77\/100|[from] Grassy Terrain\n|upkeep\n|turn|2\n|\n|t:|1699973401\n|move|p2b: Chien-Pao|Protect|p2b: Chien-Pao\n|-singleturn|p2b: Chien-Pao|Protect\n|move|p1b: Rillaboom|Grassy Glide|p2b: Chien-Pao\n|-activate|p2b: Chien-Pao|move: Protect\n|move|p1a: Roaring Moon|Knock Off|p2a: Dragonite\n|-damage|p2a: Dragonite|29\/100\n|-enditem|p2a: Dragonite|Choice Band|[from] move: Knock Off|[of] p1a: Roaring Moon\n|move|p2a: Dragonite|Outrage|p1b: Rillaboom\n|-damage|p1b: Rillaboom|0 fnt\n|faint|p1b: Rillaboom\n|\n|-heal|p2b: Chien-Pao|60\/100|[from] Grassy Terrain\n|upkeep\n|\n|t:|1699973411\n|switch|p1b: Urshifu|Urshifu-Rapid-Strike, L50, F|100\/100\n|turn|3\n|\n|t:|1699973422\n|switch|p2b: Rillaboom|Rillaboom, L50, F|100\/100\n|move|p1a: Roaring Moon|Acrobatics|p2a: Dragonite\n|-damage|p2a: Dragonite|0 fnt\n|faint|p2a: Dragonite\n|move|p1b: Urshifu|Surging Strikes|p2b: Rillaboom\n|-resisted|p2b: Rillaboom\n|-crit|p2b: Rillaboom\n|-damage|p2b: Rillaboom|90\/100\n|-resisted|p2b: Rillaboom\n|-crit|p2b: Rillaboom\n|-damage|p2b: Rillaboom|80\/100\n|-resisted|p2b: Rillaboom\n|-crit|p2b: Rillaboom\n|-damage|p2b: Rillaboom|69\/100\n|-hitcount|p2b: Rillaboom|3\n|\n|-heal|p2b: Rillaboom|75\/100|[from] Grassy Terrain\n|upkeep\n|\n|t:|1699973441\n|switch|p2a: Chien-Pao|Chien-Pao, L50, tera:Ghost|60\/100\n|-ability|p2a: Chien-Pao|Sword of Ruin\n|turn|4\n|\n|t:|1699973479\n|switch|p1b: Weezing|Weezing, L50, F|100\/100\n|-ability|p1b: Weezing|Neutralizing Gas\n|move|p1a: Roaring Moon|Protect|p1a: Roaring Moon\n|-singleturn|p1a: Roaring Moon|Protect\n|move|p2b: Rillaboom|Fake Out|p1a: Roaring Moon\n|-activate|p1a: Roaring Moon|move: Protect\n|move|p2a: Chien-Pao|Icicle Crash|p1a: Roaring Moon\n|-activate|p1a: Roaring Moon|move: Protect\n|\n|-heal|p2a: Chien-Pao|66\/100|[from] Grassy Terrain\n|-heal|p2b: Rillaboom|81\/100|[from] Grassy Terrain\n|upkeep\n|turn|5\n|\n|t:|1699973522\n|move|p2b: Rillaboom|Protect|p2b: Rillaboom\n|-singleturn|p2b: Rillaboom|Protect\n|move|p1a: Roaring Moon|Knock Off|p2a: Chien-Pao\n|-supereffective|p2a: Chien-Pao\n|-damage|p2a: Chien-Pao|0 fnt\n|-enditem|p2a: Chien-Pao|Focus Sash|[from] move: Knock Off|[of] p1a: Roaring Moon\n|faint|p2a: Chien-Pao\n|move|p1b: Weezing|Gunk Shot|p2b: Rillaboom\n|-activate|p2b: Rillaboom|move: Protect\n|\n|-heal|p2b: Rillaboom|87\/100|[from] Grassy Terrain\n|-fieldend|move: Grassy Terrain\n|upkeep\n|\n|t:|1699973536\n|switch|p2a: Urshifu|Urshifu-Rapid-Strike, L50, F|100\/100\n|turn|6\n|\n|t:|1699973597\n|move|p1a: Roaring Moon|Protect|p1a: Roaring Moon\n|-singleturn|p1a: Roaring Moon|Protect\n|move|p2a: Urshifu|Close Combat|p1a: Roaring Moon\n|-activate|p1a: Roaring Moon|move: Protect\n|move|p2b: Rillaboom|Wood Hammer|p1a: Roaring Moon\n|-activate|p1a: Roaring Moon|move: Protect\n|move|p1b: Weezing|Will-O-Wisp|p2a: Urshifu\n|-status|p2a: Urshifu|brn\n|\n|-damage|p2a: Urshifu|95\/100 brn|[from] brn\n|upkeep\n|turn|7\n|\n|t:|1699973611\n|move|p2b: Rillaboom|Protect|p2b: Rillaboom\n|-singleturn|p2b: Rillaboom|Protect\n|move|p1a: Roaring Moon|Acrobatics|p2b: Rillaboom\n|-activate|p2b: Rillaboom|move: Protect\n|move|p2a: Urshifu|Close Combat|p1a: Roaring Moon\n|-supereffective|p1a: Roaring Moon\n|-damage|p1a: Roaring Moon|28\/100\n|-unboost|p2a: Urshifu|def|1\n|-unboost|p2a: Urshifu|spd|1\n|move|p1b: Weezing|Gunk Shot|p2b: Rillaboom\n|-activate|p2b: Rillaboom|move: Protect\n|\n|-damage|p2a: Urshifu|89\/100 brn|[from] brn\n|upkeep\n|turn|8\n|\n|t:|1699973627\n|move|p2b: Rillaboom|Protect|p2b: Rillaboom\n|-singleturn|p2b: Rillaboom|Protect\n|move|p1a: Roaring Moon|Acrobatics|p2a: Urshifu\n|-supereffective|p2a: Urshifu\n|-damage|p2a: Urshifu|0 fnt\n|faint|p2a: Urshifu\n|move|p1b: Weezing|Gunk Shot|p2b: Rillaboom\n|-activate|p2b: Rillaboom|move: Protect\n|\n|upkeep\n|turn|9\n|-message|Matt142718 forfeited.\n|\n|win|Syntex93\n|c|&|\/uhtml prompt-matt142718,Matt142718 is ready for game 3!\n|c|&|\/uhtml prompt-syntex93,Syntex93 is ready for game 3!\nBoth players are ready! Starting next match!\n","uploadtime":1699974453,"views":6,"p1id":"syntex93","p2id":"matt142718","formatid":"gen9vgc2023regulatione","rating":0,"private":0,"password":""}