{"id":"gen9vgc2023regulatione-1993157124","p1":"Nivram_Axuf","p2":"blooperlink123","format":"[Gen 9] VGC 2023 Regulation E","log":"|j|\u2606Nivram_Axuf\n|j|\u2606blooperlink123\n|n|\u2606Nivram_Axuf|nivramaxuf\n|n|\u2606blooperlink123|blooperlink123\n|html|View the match progress at <a href=\"\/game-bestof3-gen9vgc2023regulatione-1993151651\">game-bestof3-gen9vgc2023regulatione-1993151651<\/a>\n|t:|1700271693\n|gametype|doubles\n|player|p1|Nivram_Axuf|pokemonranger-gen4|\n|player|p2|blooperlink123|169|\n|teamsize|p1|6\n|teamsize|p2|6\n|gen|9\n|tier|[Gen 9] VGC 2023 Regulation E\n|rule|Species Clause: Limit one of each Pok\u00e9mon\n|rule|Item Clause: Limit one of each item\n|clearpoke\n|poke|p1|Farigiraf, L50, F|\n|poke|p1|Iron Hands, L50|\n|poke|p1|Torkoal, L50, F|\n|poke|p1|Ursaluna-Bloodmoon, L50, M|\n|poke|p1|Lilligant-Hisui, L50, F|\n|poke|p1|Clefairy, L50, M|\n|poke|p2|Glimmora, L50, F|\n|poke|p2|Urshifu-*, L50, M|\n|poke|p2|Thundurus, L50, M|\n|poke|p2|Flutter Mane, L50|\n|poke|p2|Ogerpon-Wellspring, L50, F|\n|poke|p2|Arcanine-Hisui, L50, F|\n|teampreview|4\nblooperlink123 has agreed to open team sheets.\n|j| JazzyAthenian\nNivram_Axuf has agreed to open team sheets.\n|showteam|p1|Farigiraf||MentalHerb|ArmorTail|AllySwitch,HelpingHand,PsychicFangs,TrickRoom|||F|||50|,,,,,Grass]Iron Hands||AssaultVest|QuarkDrive|WildCharge,DrainPunch,FakeOut,HeavySlam||||||50|,,,,,Fire]Torkoal||ChoiceSpecs|Drought|Eruption,EarthPower,SolarBeam,Protect|||F|||50|,,,,,Fire]Ursaluna-Bloodmoon||LifeOrb|MindsEye|BloodMoon,EarthPower,HyperVoice,Protect|||M|||50|,,,,,Normal]Lilligant-Hisui||FocusSash|Chlorophyll|SolarBlade,CloseCombat,SleepPowder,AfterYou|||F|||50|,,,,,Fighting]Clefairy||Eviolite|FriendGuard|FollowMe,HealPulse,HelpingHand,Protect|||M|||50|,,,,,Dark\n|showteam|p2|Glimmora||AssaultVest|ToxicDebris|SludgeBomb,PowerGem,EnergyBall,EarthPower|||F|||50|,,,,,Grass]Urshifu||FocusSash|UnseenFist|WickedBlow,CloseCombat,SuckerPunch,Detect|||M|||50|,,,,,Dark]Thundurus||WideLens|Prankster|WildboltStorm,Taunt,EerieImpulse,ThunderWave|||M|||50|,,,,,Dark]Flutter Mane||ChoiceSpecs|Protosynthesis|DazzlingGleam,ShadowBall,Moonblast,Psyshock||||||50|,,,,,Fairy]Ogerpon-Wellspring||WellspringMask|WaterAbsorb|IvyCudgel,HornLeech,FollowMe,SpikyShield|||F|||50|,,,,,Water]Arcanine-Hisui||SitrusBerry|Intimidate|FlareBlitz,RockSlide,WillOWisp,ExtremeSpeed|||F|||50|,,,,,Normal\n|\n|t:|1700271802\n|start\n|switch|p1a: Torkoal|Torkoal, L50, F|100\/100\n|switch|p1b: Lilligant|Lilligant-Hisui, L50, F|100\/100\n|switch|p2a: Pochita|Arcanine-Hisui, L50, F|100\/100\n|switch|p2b: One-Piece|Urshifu, L50, M|100\/100\n|-ability|p2a: Pochita|Intimidate|boost\n|-unboost|p1a: Torkoal|atk|1\n|-unboost|p1b: Lilligant|atk|1\n|-weather|SunnyDay|[from] ability: Drought|[of] p1a: Torkoal\n|turn|1\n|\n|t:|1700271946\n|move|p1b: Lilligant|Close Combat|p2a: Pochita\n|-supereffective|p2a: Pochita\n|-damage|p2a: Pochita|25\/100\n|-unboost|p1b: Lilligant|def|1\n|-unboost|p1b: Lilligant|spd|1\n|-enditem|p2a: Pochita|Sitrus Berry|[eat]\n|-heal|p2a: Pochita|50\/100|[from] item: Sitrus Berry\n|move|p2b: One-Piece|Wicked Blow|p1a: Torkoal\n|-crit|p1a: Torkoal\n|-damage|p1a: Torkoal|51\/100\n|move|p2a: Pochita|Will-O-Wisp|p1b: Lilligant\n|-status|p1b: Lilligant|brn\n|move|p1a: Torkoal|Eruption|p2a: Pochita|[spread] p2a,p2b\n|-resisted|p2a: Pochita\n|-damage|p2a: Pochita|33\/100\n|-damage|p2b: One-Piece|16\/100\n|\n|-weather|SunnyDay|[upkeep]\n|-damage|p1b: Lilligant|94\/100 brn|[from] brn\n|upkeep\n|turn|2\n|\n|t:|1700271989\n|switch|p1b: Iron Hands|Iron Hands, L50|100\/100\n|switch|p1a: Farigiraf|Farigiraf, L50, F|100\/100\n|-terastallize|p2a: Pochita|Normal\n|move|p2b: One-Piece|Detect|p2b: One-Piece\n|-singleturn|p2b: One-Piece|Protect\n|move|p2a: Pochita|Extreme Speed||[still]\n|cant|p1a: Farigiraf|ability: Armor Tail|Extreme Speed|[of] p2a: Pochita\n|\n|-weather|SunnyDay|[upkeep]\n|upkeep\n|turn|3\n|\n|t:|1700272008\n|switch|p2b: Glimmora|Glimmora, L50, F, shiny|100\/100\n|move|p1b: Iron Hands|Fake Out|p2b: Glimmora\n|-resisted|p2b: Glimmora\n|-damage|p2b: Glimmora|92\/100\n|-activate|p2b: Glimmora|ability: Toxic Debris\n|-sidestart|p1: Nivram_Axuf|move: Toxic Spikes\n|move|p2a: Pochita|Will-O-Wisp|p1b: Iron Hands\n|-status|p1b: Iron Hands|brn\n|move|p1a: Farigiraf|Trick Room|p1a: Farigiraf\n|-fieldstart|move: Trick Room|[of] p1a: Farigiraf\n|\n|-weather|SunnyDay|[upkeep]\n|-damage|p1b: Iron Hands|94\/100 brn|[from] brn\n|upkeep\n|turn|4\n|\n|t:|1700272052\n|switch|p2b: One-Piece|Urshifu, L50, M|16\/100\n|move|p1a: Farigiraf|Psychic Fangs|p2b: One-Piece\n|-immune|p2b: One-Piece\n|move|p1b: Iron Hands|Drain Punch|p2a: Pochita\n|-supereffective|p2a: Pochita\n|-damage|p2a: Pochita|0 fnt\n|-heal|p1b: Iron Hands|100\/100 brn|[from] drain|[of] p2a: Pochita\n|faint|p2a: Pochita\n|\n|-weather|SunnyDay|[upkeep]\n|-damage|p1b: Iron Hands|94\/100 brn|[from] brn\n|upkeep\n|\n|t:|1700272067\n|switch|p2a: Glimmora|Glimmora, L50, F, shiny|92\/100\n|turn|5\n|\n|t:|1700272134\n|move|p2b: One-Piece|Detect|p2b: One-Piece\n|-singleturn|p2b: One-Piece|Protect\n|move|p1a: Farigiraf|Psychic Fangs|p2a: Glimmora\n|-supereffective|p2a: Glimmora\n|-damage|p2a: Glimmora|35\/100\n|-activate|p2a: Glimmora|ability: Toxic Debris\n|-sidestart|p1: Nivram_Axuf|move: Toxic Spikes\n|move|p1b: Iron Hands|Drain Punch|p2a: Glimmora\n|-damage|p2a: Glimmora|11\/100\n|-heal|p1b: Iron Hands|100\/100 brn|[from] drain|[of] p2a: Glimmora\n|move|p2a: Glimmora|Sludge Bomb|p1a: Farigiraf\n|-damage|p1a: Farigiraf|60\/100\n|\n|-weather|none\n|-damage|p1b: Iron Hands|94\/100 brn|[from] brn\n|upkeep\n|turn|6\n|\n|t:|1700272187\n|switch|p1a: Torkoal|Torkoal, L50, F|51\/100\n|-status|p1a: Torkoal|tox\n|-weather|SunnyDay|[from] ability: Drought|[of] p1a: Torkoal\n|move|p1b: Iron Hands|Drain Punch|p2b: One-Piece\n|-supereffective|p2b: One-Piece\n|-damage|p2b: One-Piece|0 fnt\n|-heal|p1b: Iron Hands|99\/100 brn|[from] drain|[of] p2b: One-Piece\n|faint|p2b: One-Piece\n|move|p2a: Glimmora|Sludge Bomb|p1a: Torkoal\n|-damage|p1a: Torkoal|0 fnt\n|faint|p1a: Torkoal\n|\n|-weather|SunnyDay|[upkeep]\n|-damage|p1b: Iron Hands|94\/100 brn|[from] brn\n|upkeep\n|\n|t:|1700272203\n|switch|p1a: Farigiraf|Farigiraf, L50, F|60\/100\n|switch|p2b: Ponyo|Ogerpon-Wellspring, L50, F|100\/100\n|-status|p1a: Farigiraf|tox\n|turn|7\n|\n|t:|1700272248\n|move|p2b: Ponyo|Follow Me|p2b: Ponyo\n|-singleturn|p2b: Ponyo|move: Follow Me\n|move|p1a: Farigiraf|Psychic Fangs|p2b: Ponyo\n|-damage|p2b: Ponyo|75\/100\n|move|p1b: Iron Hands|Drain Punch|p2b: Ponyo\n|-damage|p2b: Ponyo|53\/100\n|-heal|p1b: Iron Hands|100\/100 brn|[from] drain|[of] p2b: Ponyo\n|move|p2a: Glimmora|Sludge Bomb|p1a: Farigiraf\n|-damage|p1a: Farigiraf|14\/100 tox\n|\n|-weather|SunnyDay|[upkeep]\n|-damage|p1a: Farigiraf|8\/100 tox|[from] psn\n|-damage|p1b: Iron Hands|94\/100 brn|[from] brn\n|-fieldend|move: Trick Room\n|upkeep\n|turn|8\n|\n|t:|1700272278\n|-end|p1b: Iron Hands|Quark Drive|[silent]\n|switch|p1b: Lilligant|Lilligant-Hisui, L50, F|94\/100 brn\n|move|p2b: Ponyo|Horn Leech|p1b: Lilligant\n|-resisted|p1b: Lilligant\n|-damage|p1b: Lilligant|58\/100 brn\n|-heal|p2b: Ponyo|67\/100|[from] drain|[of] p1b: Lilligant\n|move|p2a: Glimmora|Sludge Bomb|p1a: Farigiraf\n|-damage|p1a: Farigiraf|0 fnt\n|faint|p1a: Farigiraf\n|\n|-weather|SunnyDay|[upkeep]\n|-damage|p1b: Lilligant|52\/100 brn|[from] brn\n|upkeep\n|\n|t:|1700272289\n|switch|p1a: Iron Hands|Iron Hands, L50|94\/100 brn\n|turn|9\n|\n|t:|1700272327\n|-terastallize|p1b: Lilligant|Fighting\n|move|p2b: Ponyo|Spiky Shield|p2b: Ponyo\n|-singleturn|p2b: Ponyo|move: Protect\n|move|p1a: Iron Hands|Fake Out|p2b: Ponyo\n|-activate|p2b: Ponyo|move: Protect\n|-damage|p1a: Iron Hands|82\/100 brn|[from] Spiky Shield|[of] p2b: Ponyo\n|move|p1b: Lilligant|Close Combat|p2b: Ponyo\n|-activate|p2b: Ponyo|move: Protect\n|-damage|p1b: Lilligant|40\/100 brn|[from] Spiky Shield|[of] p2b: Ponyo\n|move|p2a: Glimmora|Sludge Bomb|p1b: Lilligant\n|-crit|p1b: Lilligant\n|-damage|p1b: Lilligant|0 fnt\n|faint|p1b: Lilligant\n|\n|-weather|SunnyDay|[upkeep]\n|-damage|p1a: Iron Hands|76\/100 brn|[from] brn\n|upkeep\n|turn|10\n|\n|t:|1700272361\n|move|p2b: Ponyo|Horn Leech|p1a: Iron Hands\n|-damage|p1a: Iron Hands|48\/100 brn\n|-heal|p2b: Ponyo|87\/100|[from] drain|[of] p1a: Iron Hands\n|move|p2a: Glimmora|Earth Power|p1a: Iron Hands\n|-supereffective|p1a: Iron Hands\n|-damage|p1a: Iron Hands|10\/100 brn\n|move|p1a: Iron Hands|Drain Punch|p2a: Glimmora\n|-damage|p2a: Glimmora|0 fnt\n|-heal|p1a: Iron Hands|14\/100 brn|[from] drain|[of] p2a: Glimmora\n|faint|p2a: Glimmora\n|\n|-weather|none\n|-damage|p1a: Iron Hands|7\/100 brn|[from] brn\n|upkeep\n|turn|11\n|\n|t:|1700272376\n|move|p2b: Ponyo|Ivy Cudgel|p1a: Iron Hands|[anim] Ivy Cudgel Water\n|-damage|p1a: Iron Hands|0 fnt\n|faint|p1a: Iron Hands\n|-end|p1a: Iron Hands|Quark Drive|[silent]\n|\n|win|blooperlink123\n","uploadtime":1700272383,"views":44,"p1id":"nivramaxuf","p2id":"blooperlink123","formatid":"gen9vgc2023regulatione","rating":0,"private":0,"password":""}