{"id":"gen9vgc2023regulatione-1988809715","p1":"bertscai","p2":"wholesomeisland","format":"[Gen 9] VGC 2023 Regulation E","log":"|j|\u2606bertscai\n|j|\u2606wholesomeisland\n|t:|1699766379\n|gametype|doubles\n|player|p1|bertscai|zinzolin|1135\n|player|p2|wholesomeisland|101|1099\n|teamsize|p1|6\n|teamsize|p2|6\n|gen|9\n|tier|[Gen 9] VGC 2023 Regulation E\n|rated|\n|rule|Species Clause: Limit one of each Pok\u00e9mon\n|rule|Item Clause: Limit one of each item\n|clearpoke\n|poke|p1|Sinistcha, L50|\n|poke|p1|Milotic, L50, F|\n|poke|p1|Arcanine-Hisui, L50, M|\n|poke|p1|Munkidori, L50, M|\n|poke|p1|Grimmsnarl, L50, M|\n|poke|p1|Sylveon, L50, F|\n|poke|p2|Tornadus, L50, M|\n|poke|p2|Cresselia, L50, F|\n|poke|p2|Arcanine, L50, M|\n|poke|p2|Amoonguss, L50, F|\n|poke|p2|Garchomp, L50, F|\n|poke|p2|Iron Valiant, L50|\n|teampreview|4\nbertscai has agreed to open team sheets.\n|inactive|Battle timer is ON: inactive players will automatically lose when time's up. (requested by wholesomeisland)\n|\n|t:|1699766398\n|start\n|switch|p1a: Munkidori|Munkidori, L50, M|100\/100\n|switch|p1b: Grimmsnarl|Grimmsnarl, L50, M|100\/100\n|switch|p2a: Tornadus|Tornadus, L50, M, shiny|100\/100\n|switch|p2b: Iron Valiant|Iron Valiant, L50|100\/100\n|turn|1\n|inactive|wholesomeisland has 30 seconds left.\n|inactive|wholesomeisland has 20 seconds left.\n|\n|t:|1699766434\n|move|p1a: Munkidori|Fake Out|p2b: Iron Valiant\n|-damage|p2b: Iron Valiant|90\/100\n|-status|p2b: Iron Valiant|tox|[from] ability: Toxic Chain|[of] p1a: Munkidori\n|move|p2a: Tornadus|Tailwind|p2a: Tornadus\n|-sidestart|p2: wholesomeisland|move: Tailwind\n|move|p1b: Grimmsnarl|Reflect|p1b: Grimmsnarl\n|-sidestart|p1: bertscai|Reflect\n|cant|p2b: Iron Valiant|flinch\n|\n|-damage|p2b: Iron Valiant|84\/100 tox|[from] psn\n|upkeep\n|turn|2\n|\n|t:|1699766451\n|move|p1b: Grimmsnarl|Parting Shot|p2b: Iron Valiant\n|-unboost|p2b: Iron Valiant|atk|1\n|-unboost|p2b: Iron Valiant|spa|1\n|\n|t:|1699766455\n|switch|p1b: Milotic|Milotic, L50, F|100\/100|[from] Parting Shot\n|move|p2b: Iron Valiant|Close Combat|p1a: Munkidori\n|-resisted|p1a: Munkidori\n|-damage|p1a: Munkidori|84\/100\n|-unboost|p2b: Iron Valiant|def|1\n|-unboost|p2b: Iron Valiant|spd|1\n|move|p2a: Tornadus|Bleakwind Storm|p1a: Munkidori|[spread] p1a,p1b\n|-damage|p1a: Munkidori|35\/100\n|-damage|p1b: Milotic|72\/100\n|-unboost|p1a: Munkidori|spe|1\n|move|p1a: Munkidori|Psychic|p2b: Iron Valiant\n|-supereffective|p2b: Iron Valiant\n|-damage|p2b: Iron Valiant|0 fnt\n|faint|p2b: Iron Valiant\n|-end|p2b: Iron Valiant|Quark Drive|[silent]\n|\n|upkeep\n|\n|t:|1699766470\n|switch|p2b: Arcanine|Arcanine, L50, M, shiny|100\/100\n|-ability|p2b: Arcanine|Intimidate|boost\n|-unboost|p1a: Munkidori|atk|1\n|-unboost|p1b: Milotic|atk|1\n|-ability|p1b: Milotic|Competitive|boost\n|-boost|p1b: Milotic|spa|2\n|turn|3\n|\n|t:|1699766479\n|switch|p1a: Grimmsnarl|Grimmsnarl, L50, M|100\/100\n|-terastallize|p2b: Arcanine|Water\n|move|p2b: Arcanine|Wild Charge|p1b: Milotic\n|-supereffective|p1b: Milotic\n|-damage|p1b: Milotic|16\/100\n|-damage|p2b: Arcanine|84\/100|[from] Recoil\n|-damage|p2b: Arcanine|74\/100|[from] item: Life Orb\n|move|p2a: Tornadus|Bleakwind Storm|p1b: Milotic|[spread] p1a,p1b\n|-damage|p1a: Grimmsnarl|60\/100\n|-damage|p1b: Milotic|0 fnt\n|faint|p1b: Milotic\n|\n|upkeep\n|\n|t:|1699766490\n|switch|p1b: Munkidori|Munkidori, L50, M|35\/100\n|turn|4\n|\n|t:|1699766503\n|move|p2b: Arcanine|Protect|p2b: Arcanine\n|-singleturn|p2b: Arcanine|Protect\n|move|p1b: Munkidori|Fake Out|p2b: Arcanine\n|-activate|p2b: Arcanine|move: Protect\n|move|p1a: Grimmsnarl|Parting Shot|p2b: Arcanine\n|-activate|p2b: Arcanine|move: Protect\n|move|p2a: Tornadus|Bleakwind Storm|p1b: Munkidori|[spread] p1b\n|-miss|p2a: Tornadus|p1a: Grimmsnarl\n|-damage|p1b: Munkidori|0 fnt\n|faint|p1b: Munkidori\n|\n|-sideend|p2: wholesomeisland|move: Tailwind\n|upkeep\n|\n|t:|1699766513\n|switch|p1b: Sylveon|Sylveon, L50, F|100\/100\n|turn|5\n|inactive|wholesomeisland has 30 seconds left.\n|\n|t:|1699766546\n|move|p2a: Tornadus|Tailwind|p2a: Tornadus\n|-sidestart|p2: wholesomeisland|move: Tailwind\n|move|p1a: Grimmsnarl|Light Screen|p1a: Grimmsnarl\n|-sidestart|p1: bertscai|move: Light Screen\n|move|p2b: Arcanine|Flare Blitz|p1b: Sylveon\n|-damage|p1b: Sylveon|42\/100\n|-damage|p2b: Arcanine|54\/100|[from] Recoil\n|-damage|p2b: Arcanine|44\/100|[from] item: Life Orb\n|move|p1b: Sylveon|Hyper Voice|p2b: Arcanine|[spread] p2a,p2b\n|-damage|p2a: Tornadus|65\/100\n|-damage|p2b: Arcanine|0 fnt\n|faint|p2b: Arcanine\n|-enditem|p1b: Sylveon|Throat Spray\n|-boost|p1b: Sylveon|spa|1|[from] item: Throat Spray\n|\n|upkeep\n|\n|t:|1699766552\n|switch|p2b: Garchomp|Garchomp, L50, F|100\/100\n|turn|6\n|\n|t:|1699766576\n|-terastallize|p1b: Sylveon|Water\n|move|p1a: Grimmsnarl|Parting Shot|p2b: Garchomp\n|-unboost|p2b: Garchomp|atk|1\n|-unboost|p2b: Garchomp|spa|1\n|move|p2b: Garchomp|Rock Slide|p1b: Sylveon|[spread] p1a,p1b\n|-damage|p1a: Grimmsnarl|52\/100\n|-damage|p1b: Sylveon|29\/100\n|move|p2a: Tornadus|Bleakwind Storm|p1b: Sylveon|[spread] p1a,p1b\n|-damage|p1a: Grimmsnarl|27\/100\n|-damage|p1b: Sylveon|10\/100\n|-unboost|p1b: Sylveon|spe|1\n|cant|p1b: Sylveon|flinch\n|\n|upkeep\n|turn|7\n|\n|t:|1699766598\n|move|p1b: Sylveon|Quick Attack|p2b: Garchomp\n|-supereffective|p2b: Garchomp\n|-damage|p2b: Garchomp|80\/100\n|-damage|p1b: Sylveon|0 fnt|[from] ability: Rough Skin|[of] p2b: Garchomp\n|faint|p1b: Sylveon\n|move|p2b: Garchomp|Earthquake|p1a: Grimmsnarl|[spread] p1a\n|-immune|p2a: Tornadus\n|-damage|p1a: Grimmsnarl|9\/100\n|move|p2a: Tornadus|Bleakwind Storm|p1a: Grimmsnarl\n|-damage|p1a: Grimmsnarl|0 fnt\n|faint|p1a: Grimmsnarl\n|\n|win|wholesomeisland\n|raw|bertscai's rating: 1135 &rarr; <strong>1107<\/strong><br \/>(-28 for losing)\n|raw|wholesomeisland's rating: 1099 &rarr; <strong>1127<\/strong><br \/>(+28 for winning)\n|l|\u2606bertscai\n","uploadtime":1699766612,"views":16,"p1id":"bertscai","p2id":"wholesomeisland","formatid":"gen9vgc2023regulatione","rating":1107,"private":0,"password":""}