{"id":"gen9vgc2023regulatione-1998604737","p1":"Edgo2834","p2":"magic 561","format":"[Gen 9] VGC 2023 Regulation E","log":"|j|\u2606Edgo2834\n|j|\u2606magic 561\n|t:|1700961951\n|gametype|doubles\n|player|p1|Edgo2834|red|1535\n|player|p2|magic 561|265|1412\n|teamsize|p1|6\n|teamsize|p2|6\n|gen|9\n|tier|[Gen 9] VGC 2023 Regulation E\n|rated|\n|rule|Species Clause: Limit one of each Pok\u00e9mon\n|rule|Item Clause: Limit one of each item\n|clearpoke\n|poke|p1|Tornadus, L50, M|\n|poke|p1|Urshifu-*, L50, F|\n|poke|p1|Arcanine-Hisui, L50, F|\n|poke|p1|Flutter Mane, L50|\n|poke|p1|Amoonguss, L50, M|\n|poke|p1|Iron Hands, L50|\n|poke|p2|Chandelure, L50, F|\n|poke|p2|Ogerpon-Wellspring, L50, F|\n|poke|p2|Tornadus, L50, M|\n|poke|p2|Iron Hands, L50|\n|poke|p2|Sylveon, L50, F|\n|poke|p2|Roaring Moon, L50|\n|teampreview|4\nmagic 561 has agreed to open team sheets.\n|j| tuenhi\n|\n|t:|1700961997\n|start\n|switch|p1a: Tornadus|Tornadus, L50, M|100\/100\n|switch|p1b: Flutter Mane|Flutter Mane, L50|100\/100\n|switch|p2a: Tornadus|Tornadus, L50, M|100\/100\n|switch|p2b: Iron Hands|Iron Hands, L50|100\/100\n|turn|1\n|inactive|Battle timer is ON: inactive players will automatically lose when time's up. (requested by Edgo2834)\n|\n|t:|1700962030\n|switch|p1a: Arcanine|Arcanine-Hisui, L50, F|100\/100\n|-ability|p1a: Arcanine|Intimidate|boost\n|-unboost|p2a: Tornadus|atk|1\n|-unboost|p2b: Iron Hands|atk|1\n|-terastallize|p1b: Flutter Mane|Fairy\n|-terastallize|p2b: Iron Hands|Grass\n|move|p1b: Flutter Mane|Dazzling Gleam|p2a: Tornadus|[spread] p2a,p2b\n|-damage|p2a: Tornadus|35\/100\n|-damage|p2b: Iron Hands|72\/100\n|move|p2a: Tornadus|Bleakwind Storm|p1a: Arcanine|[spread] p1a,p1b\n|-resisted|p1a: Arcanine\n|-damage|p1a: Arcanine|80\/100\n|-damage|p1b: Flutter Mane|64\/100\n|move|p2b: Iron Hands|Wild Charge|p1a: Arcanine\n|-damage|p1a: Arcanine|42\/100\n|-damage|p2b: Iron Hands|65\/100|[from] Recoil\n|\n|upkeep\n|turn|2\n|\n|t:|1700962055\n|move|p2a: Tornadus|Protect|p2a: Tornadus\n|-singleturn|p2a: Tornadus|Protect\n|move|p1b: Flutter Mane|Dazzling Gleam|p2b: Iron Hands|[spread] p2b\n|-activate|p2a: Tornadus|move: Protect\n|-damage|p2b: Iron Hands|35\/100\n|move|p1a: Arcanine|Flare Blitz|p2b: Iron Hands\n|-supereffective|p2b: Iron Hands\n|-damage|p2b: Iron Hands|0 fnt\n|faint|p2b: Iron Hands\n|-end|p2b: Iron Hands|Quark Drive|[silent]\n|-damage|p1a: Arcanine|27\/100|[from] Recoil\n|\n|upkeep\n|\n|t:|1700962064\n|switch|p2b: Ogerpon|Ogerpon-Wellspring, L50, F|100\/100\n|turn|3\n|inactive|Edgo2834 has 30 seconds left.\n|\n|t:|1700962096\n|move|p2a: Tornadus|Tailwind|p2a: Tornadus\n|-sidestart|p2: magic 561|move: Tailwind\n|move|p2b: Ogerpon|Ivy Cudgel|p1b: Flutter Mane|[anim] Ivy Cudgel Water\n|-damage|p1b: Flutter Mane|0 fnt\n|faint|p1b: Flutter Mane\n|-end|p1b: Flutter Mane|Protosynthesis|[silent]\n|move|p1a: Arcanine|Flare Blitz|p2a: Tornadus\n|-damage|p2a: Tornadus|0 fnt\n|faint|p2a: Tornadus\n|-damage|p1a: Arcanine|15\/100|[from] Recoil\n|\n|upkeep\n|\n|t:|1700962110\n|switch|p1b: Tornadus|Tornadus, L50, M|100\/100\n|switch|p2a: Roaring Moon|Roaring Moon, L50|100\/100\n|-enditem|p2a: Roaring Moon|Booster Energy\n|-activate|p2a: Roaring Moon|ability: Protosynthesis|[fromitem]\n|-start|p2a: Roaring Moon|protosynthesisatk\n|turn|4\n|\n|t:|1700962133\n|switch|p1a: Urshifu|Urshifu-Rapid-Strike, L50, F|100\/100\n|move|p1b: Tornadus|Sunny Day|p1b: Tornadus\n|-weather|SunnyDay\n|move|p2b: Ogerpon|Ivy Cudgel|p1a: Urshifu|[anim] Ivy Cudgel Water\n|-resisted|p1a: Urshifu\n|-crit|p1a: Urshifu\n|-damage|p1a: Urshifu|81\/100\n|move|p2a: Roaring Moon|Dragon Dance|p2a: Roaring Moon\n|-boost|p2a: Roaring Moon|atk|1\n|-boost|p2a: Roaring Moon|spe|1\n|\n|-weather|SunnyDay|[upkeep]\n|upkeep\n|turn|5\n|l| tuenhi\n|inactive|Edgo2834 has 30 seconds left.\n|inactive|magic 561 has 30 seconds left.\n|inactive|magic 561 has 20 seconds left.\n|inactive|Edgo2834 has 20 seconds left.\n|inactive|magic 561 has 15 seconds left.\n|inactive|Edgo2834 has 15 seconds left.\n|\n|t:|1700962179\n|switch|p1a: Arcanine|Arcanine-Hisui, L50, F|15\/100\n|-ability|p1a: Arcanine|Intimidate|boost\n|-unboost|p2a: Roaring Moon|atk|1\n|-unboost|p2b: Ogerpon|atk|1\n|move|p1b: Tornadus|Tailwind|p1b: Tornadus\n|-sidestart|p1: Edgo2834|move: Tailwind\n|move|p2a: Roaring Moon|Acrobatics|p1a: Arcanine\n|-resisted|p1a: Arcanine\n|-damage|p1a: Arcanine|0 fnt\n|faint|p1a: Arcanine\n|move|p2b: Ogerpon|Ivy Cudgel|p1b: Tornadus|[anim] Ivy Cudgel Water\n|-damage|p1b: Tornadus|83\/100\n|\n|-weather|SunnyDay|[upkeep]\n|upkeep\n|\n|t:|1700962194\n|switch|p1a: Urshifu|Urshifu-Rapid-Strike, L50, F|81\/100\n|turn|6\n|inactive|magic 561 has 30 seconds left.\n|inactive|magic 561 has 20 seconds left.\n|\n|t:|1700962230\n|move|p1a: Urshifu|Close Combat|p2a: Roaring Moon\n|-supereffective|p2a: Roaring Moon\n|-damage|p2a: Roaring Moon|0 fnt\n|-unboost|p1a: Urshifu|def|1\n|-unboost|p1a: Urshifu|spd|1\n|faint|p2a: Roaring Moon\n|-end|p2a: Roaring Moon|Protosynthesis|[silent]\n|move|p2b: Ogerpon|Swords Dance|p2b: Ogerpon\n|-boost|p2b: Ogerpon|atk|2\n|move|p1b: Tornadus|Bleakwind Storm|p2b: Ogerpon\n|-supereffective|p2b: Ogerpon\n|-damage|p2b: Ogerpon|4\/100\n|\n|-weather|SunnyDay|[upkeep]\n|-sideend|p2: magic 561|move: Tailwind\n|upkeep\n|turn|7\n|\n|t:|1700962246\n|move|p1a: Urshifu|Close Combat|p2b: Ogerpon\n|-damage|p2b: Ogerpon|0 fnt\n|-unboost|p1a: Urshifu|def|1\n|-unboost|p1a: Urshifu|spd|1\n|faint|p2b: Ogerpon\n|\n|win|Edgo2834\n|raw|Edgo2834's rating: 1535 &rarr; <strong>1548<\/strong><br \/>(+13 for winning)\n|raw|magic 561's rating: 1412 &rarr; <strong>1399<\/strong><br \/>(-13 for losing)\n","uploadtime":1700962299,"views":24,"p1id":"edgo2834","p2id":"magic561","formatid":"gen9vgc2023regulatione","rating":1399,"private":0,"password":""}