{"id":"gen9vgc2023regulatione-2000483931","p1":"spencomatic","p2":"S~dragon335","format":"[Gen 9] VGC 2023 Regulation E","log":"|j|\u2606spencomatic\n|j|\u2606S~dragon335\n|t:|1701198644\n|gametype|doubles\n|player|p1|spencomatic|larry|1273\n|player|p2|S~dragon335|pokemaniac|1356\n|teamsize|p1|6\n|teamsize|p2|6\n|gen|9\n|tier|[Gen 9] VGC 2023 Regulation E\n|rated|\n|rule|Species Clause: Limit one of each Pok\u00e9mon\n|rule|Item Clause: Limit one of each item\n|clearpoke\n|poke|p1|Tinkaton, L50, F|\n|poke|p1|Landorus-Therian, L50, M|\n|poke|p1|Wo-Chien, L50|\n|poke|p1|Ogerpon-Wellspring, L50, F|\n|poke|p1|Flutter Mane, L50|\n|poke|p1|Iron Hands, L50|\n|poke|p2|Hydreigon, L50, F|\n|poke|p2|Arcanine-Hisui, L50, M|\n|poke|p2|Ogerpon-Wellspring, L50, F|\n|poke|p2|Iron Hands, L50|\n|poke|p2|Tornadus, L50, M|\n|poke|p2|Flutter Mane, L50|\n|teampreview|4\n|inactive|Battle timer is ON: inactive players will automatically lose when time's up. (requested by S~dragon335)\n|inactive|spencomatic also wants the timer to be on.\n|inactive|S~dragon335 has 60 seconds left.\n|\n|t:|1701198680\n|start\n|switch|p1a: Ogerpon|Ogerpon-Wellspring, L50, F|100\/100\n|switch|p1b: Iron Hands|Iron Hands, L50|100\/100\n|switch|p2a: Tornadus|Tornadus, L50, M|100\/100\n|switch|p2b: Flutter Mane|Flutter Mane, L50|100\/100\n|turn|1\n|\n|t:|1701198689\n|move|p1b: Iron Hands|Fake Out|p2a: Tornadus\n|-damage|p2a: Tornadus|79\/100\n|move|p2b: Flutter Mane|Icy Wind|p1a: Ogerpon|[spread] p1a,p1b\n|-damage|p1a: Ogerpon|84\/100\n|-damage|p1b: Iron Hands|92\/100\n|-unboost|p1a: Ogerpon|spe|1\n|-unboost|p1b: Iron Hands|spe|1\n|move|p2a: Tornadus|Bleakwind Storm|p1b: Iron Hands|[spread] p1a,p1b\n|-supereffective|p1a: Ogerpon\n|-damage|p1a: Ogerpon|3\/100\n|-damage|p1b: Iron Hands|73\/100\n|-unboost|p1a: Ogerpon|spe|1\n|move|p1a: Ogerpon|Ivy Cudgel|p2b: Flutter Mane|[anim] Ivy Cudgel Water\n|-enditem|p2b: Flutter Mane|Focus Sash\n|-damage|p2b: Flutter Mane|1\/100\n|\n|upkeep\n|turn|2\n|inactive|spencomatic has 30 seconds left.\n|inactive|S~dragon335 has 30 seconds left.\n|\n|t:|1701198729\n|move|p1a: Ogerpon|Follow Me|p1a: Ogerpon\n|-singleturn|p1a: Ogerpon|move: Follow Me\n|move|p2b: Flutter Mane|Moonblast|p1a: Ogerpon\n|-damage|p1a: Ogerpon|0 fnt\n|faint|p1a: Ogerpon\n|move|p2a: Tornadus|Icy Wind|p1b: Iron Hands\n|-damage|p1b: Iron Hands|64\/100\n|-unboost|p1b: Iron Hands|spe|1\n|move|p1b: Iron Hands|Wild Charge|p2a: Tornadus\n|-supereffective|p2a: Tornadus\n|-damage|p2a: Tornadus|0 fnt\n|faint|p2a: Tornadus\n|-damage|p1b: Iron Hands|50\/100|[from] Recoil\n|\n|upkeep\n|\n|t:|1701198748\n|switch|p2a: Arcanine|Arcanine-Hisui, L50, M|100\/100\n|switch|p1a: Tinkaton|Tinkaton, L50, F|100\/100\n|-ability|p1a: Tinkaton|Mold Breaker\n|-ability|p2a: Arcanine|Intimidate|boost\n|-unboost|p1a: Tinkaton|atk|1\n|-unboost|p1b: Iron Hands|atk|1\n|turn|3\n|\n|t:|1701198764\n|-terastallize|p1b: Iron Hands|Water\n|move|p2a: Arcanine|Protect|p2a: Arcanine\n|-singleturn|p2a: Arcanine|Protect\n|move|p1a: Tinkaton|Fake Out|p2a: Arcanine\n|-activate|p2a: Arcanine|move: Protect\n|move|p2b: Flutter Mane|Moonblast|p1b: Iron Hands\n|-damage|p1b: Iron Hands|21\/100\n|move|p1b: Iron Hands|Drain Punch|p2a: Arcanine\n|-activate|p2a: Arcanine|move: Protect\n|\n|upkeep\n|turn|4\n|\n|t:|1701198780\n|move|p2b: Flutter Mane|Moonblast|p1b: Iron Hands\n|-damage|p1b: Iron Hands|0 fnt\n|faint|p1b: Iron Hands\n|-end|p1b: Iron Hands|Quark Drive|[silent]\n|move|p1a: Tinkaton|Encore|p2a: Arcanine\n|-start|p2a: Arcanine|Encore\n|move|p2a: Arcanine|Protect|p2a: Arcanine\n|-singleturn|p2a: Arcanine|Protect\n|\n|upkeep\n|\n|t:|1701198781\n|switch|p1b: Flutter Mane|Flutter Mane, L50|100\/100\n|turn|5\n|\n|t:|1701198799\n|switch|p2a: Hydreigon|Hydreigon, L50, F|100\/100\n|move|p1b: Flutter Mane|Shadow Ball|p2b: Flutter Mane\n|-supereffective|p2b: Flutter Mane\n|-damage|p2b: Flutter Mane|0 fnt\n|faint|p2b: Flutter Mane\n|-end|p2b: Flutter Mane|Protosynthesis|[silent]\n|move|p1a: Tinkaton|Gigaton Hammer|p2a: Hydreigon\n|-damage|p2a: Hydreigon|67\/100\n|\n|upkeep\n|\n|t:|1701198807\n|switch|p2b: Arcanine|Arcanine-Hisui, L50, M|100\/100\n|-ability|p2b: Arcanine|Intimidate|boost\n|-unboost|p1a: Tinkaton|atk|1\n|-unboost|p1b: Flutter Mane|atk|1\n|turn|6\n|\n|t:|1701198816\n|-terastallize|p2a: Hydreigon|Fire\n|move|p1b: Flutter Mane|Shadow Ball|p2b: Arcanine\n|-damage|p2b: Arcanine|28\/100\n|move|p2a: Hydreigon|Heat Wave|p1b: Flutter Mane|[spread] p1a,p1b\n|-supereffective|p1a: Tinkaton\n|-damage|p1a: Tinkaton|28\/100\n|-damage|p1b: Flutter Mane|57\/100\n|-damage|p2a: Hydreigon|57\/100|[from] item: Life Orb\n|move|p1a: Tinkaton|Encore|p2a: Hydreigon\n|-start|p2a: Hydreigon|Encore\n|move|p2b: Arcanine|Flare Blitz|p1b: Flutter Mane\n|-damage|p1b: Flutter Mane|0 fnt\n|faint|p1b: Flutter Mane\n|-end|p1b: Flutter Mane|Protosynthesis|[silent]\n|-damage|p2b: Arcanine|14\/100|[from] Recoil\n|\n|upkeep\n|turn|7\n|\n|t:|1701198832\n|move|p2a: Hydreigon|Heat Wave|p1a: Tinkaton\n|-supereffective|p1a: Tinkaton\n|-crit|p1a: Tinkaton\n|-damage|p1a: Tinkaton|0 fnt\n|faint|p1a: Tinkaton\n|-damage|p2a: Hydreigon|48\/100|[from] item: Life Orb\n|\n|win|S~dragon335\n|raw|spencomatic's rating: 1273 &rarr; <strong>1254<\/strong><br \/>(-19 for losing)\n|raw|S~dragon335's rating: 1356 &rarr; <strong>1371<\/strong><br \/>(+15 for winning)\n|l|\u2606spencomatic\n","uploadtime":1701198842,"views":1,"p1id":"spencomatic","p2id":"sdragon335","formatid":"gen9vgc2023regulatione","rating":1254,"private":0,"password":""}