{"id":"gen9vgc2023regulatione-1999977909","p1":"Derp Therp","p2":"kmilly132","format":"[Gen 9] VGC 2023 Regulation E","log":"|j|\u2606Derp Therp\n|j|\u2606kmilly132\n|t:|1701136906\n|gametype|doubles\n|player|p1|Derp Therp|clown|\n|player|p2|kmilly132|striker|\n|teamsize|p1|6\n|teamsize|p2|6\n|gen|9\n|tier|[Gen 9] VGC 2023 Regulation E\n|rated|Tournament battle\n|rule|Species Clause: Limit one of each Pok\u00e9mon\n|rule|Item Clause: Limit one of each item\n|clearpoke\n|poke|p1|Dudunsparce-*, L50, F|\n|poke|p1|Mimikyu, L50, F|\n|poke|p1|Espathra, L50, F|\n|poke|p1|Tyranitar, L50, M|\n|poke|p1|Lycanroc, L50, F|\n|poke|p1|Farigiraf, L50, F|\n|poke|p2|Tornadus, L50, M|\n|poke|p2|Landorus, L50, M|\n|poke|p2|Ogerpon-Wellspring, L50, F|\n|poke|p2|Lycanroc, L50, F|\n|poke|p2|Tyranitar, L50, M|\n|poke|p2|Arcanine-Hisui, L50, M|\n|teampreview|4\nkmilly132 has agreed to open team sheets.\n|c|\u2606Derp Therp|is pokemon showdown lagging for anyone else it feels like it takes forever for a move to get selected\nDerp Therp has agreed to open team sheets.\n|showteam|p1|Dudunsparce-Three-Segment||WeaknessPolicy|Rattled|Protect,Boomburst,ShadowBall,StoredPower|||F|||50|,,,,,Ghost]Mimikyu||PetayaBerry|Disguise|ShadowSneak,Fling,Taunt,TrickRoom|||F|||50|,,,,,Ghost]Espathra||MirrorHerb|Opportunist|StoredPower,LowKick,DazzlingGleam,Protect|||F|||50|,,,,,Psychic]Tyranitar||FigyBerry|SandStream|Protect,IronHead,RockSlide,BrickBreak|||M|||50|,,,,,Rock]Lycanroc||AssaultVest|SandRush|RockSlide,CloseCombat,PlayRough,DrillRun|||F|||50|,,,,,Rock]Farigiraf||SitrusBerry|ArmorTail|HelpingHand,Psychic,LowKick,ShadowBall|||F|||50|,,,,,Normal\n|showteam|p2|Tornadus||RockyHelmet|Prankster|Tailwind,Sandstorm,BleakwindStorm,Protect|||M|||50|,,,,,Dark]Landorus||LifeOrb|SheerForce|EarthPower,SludgeBomb,Substitute,Protect|||M|||50|,,,,,Poison]Ogerpon-Wellspring||WellspringMask|WaterAbsorb|PowerWhip,IvyCudgel,FollowMe,SpikyShield|||F|||50|,,,,,Water]Lycanroc||FocusSash|SandRush|RockSlide,Protect,CloseCombat,Accelerock|||F|||50|,,,,,Rock]Tyranitar||AssaultVest|SandStream|RockSlide,KnockOff,HeavySlam,TeraBlast|||M|||50|,,,,,Psychic]Arcanine-Hisui||ChoiceBand|Intimidate|RockSlide,FlareBlitz,ExtremeSpeed,TeraBlast|||M|||50|,,,,,Fairy\n|j| Plopy14\n|c| Plopy14|Why are there two Lycanroc Ttar in a tornshifu meta in front of me\n|\n|t:|1701136987\n|start\n|switch|p1a: DuDunDunDun!|Dudunsparce-Three-Segment, L50, F|100\/100\n|switch|p1b: Sheets|Mimikyu, L50, F, shiny|100\/100\n|switch|p2a: Tyranitar|Tyranitar, L50, M|100\/100\n|switch|p2b: Arcanine|Arcanine-Hisui, L50, M|100\/100\n|-ability|p2b: Arcanine|Intimidate|boost\n|-unboost|p1a: DuDunDunDun!|atk|1\n|-ability|p1a: DuDunDunDun!|Rattled|boost\n|-boost|p1a: DuDunDunDun!|spe|1\n|-unboost|p1b: Sheets|atk|1\n|-weather|Sandstorm|[from] ability: Sand Stream|[of] p2a: Tyranitar\n|turn|1\n|\n|t:|1701137044\n|-terastallize|p1a: DuDunDunDun!|Ghost\n|move|p1b: Sheets|Fling|p1a: DuDunDunDun!\n|-supereffective|p1a: DuDunDunDun!\n|-damage|p1a: DuDunDunDun!|96\/100\n|-boost|p1a: DuDunDunDun!|spa|1|[from] item: Petaya Berry\n|-ability|p1a: DuDunDunDun!|Rattled|boost\n|-boost|p1a: DuDunDunDun!|spe|1\n|-enditem|p1a: DuDunDunDun!|Weakness Policy\n|-boost|p1a: DuDunDunDun!|atk|2|[from] item: Weakness Policy\n|-boost|p1a: DuDunDunDun!|spa|2|[from] item: Weakness Policy\n|-enditem|p1b: Sheets|Petaya Berry|[from] move: Fling\n|move|p1a: DuDunDunDun!|Stored Power|p2b: Arcanine\n|-damage|p2b: Arcanine|19\/100\n|move|p2b: Arcanine|Rock Slide|p1a: DuDunDunDun!|[spread] p1a,p1b\n|-damage|p1a: DuDunDunDun!|54\/100\n|-activate|p1b: Sheets|ability: Disguise\n|-damage|p1b: Sheets|100\/100\n|detailschange|p1b: Sheets|Mimikyu-Busted, L50, F, shiny\n|-damage|p1b: Sheets|89\/100|[from] pokemon: Mimikyu-Busted\n|move|p2a: Tyranitar|Knock Off|p1a: DuDunDunDun!\n|-supereffective|p1a: DuDunDunDun!\n|-damage|p1a: DuDunDunDun!|0 fnt\n|faint|p1a: DuDunDunDun!\n|\n|-weather|Sandstorm|[upkeep]\n|-damage|p1b: Sheets|83\/100|[from] Sandstorm\n|upkeep\n|j| SleepySilver07\n|\n|t:|1701137055\n|switch|p1a: Gregzilla|Tyranitar, L50, M|100\/100\n|turn|2\n|\n|t:|1701137099\n|switch|p2a: Ogerpon|Ogerpon-Wellspring, L50, F|100\/100\n|move|p1a: Gregzilla|Protect|p1a: Gregzilla\n|-singleturn|p1a: Gregzilla|Protect\n|move|p1b: Sheets|Shadow Sneak|p2b: Arcanine\n|-damage|p2b: Arcanine|8\/100\n|move|p2b: Arcanine|Rock Slide|p1b: Sheets|[spread] \n|-activate|p1a: Gregzilla|move: Protect\n|-miss|p2b: Arcanine|p1b: Sheets\n|\n|-weather|Sandstorm|[upkeep]\n|-damage|p2a: Ogerpon|94\/100|[from] Sandstorm\n|-damage|p1b: Sheets|77\/100|[from] Sandstorm\n|upkeep\n|turn|3\n|\n|t:|1701137130\n|switch|p1a: Shmorgasdawg|Lycanroc, L50, F|100\/100\n|move|p2a: Ogerpon|Ivy Cudgel|p1a: Shmorgasdawg|[anim] Ivy Cudgel Water\n|-supereffective|p1a: Shmorgasdawg\n|-damage|p1a: Shmorgasdawg|0 fnt\n|faint|p1a: Shmorgasdawg\n|move|p2b: Arcanine|Rock Slide|p1b: Sheets\n|-damage|p1b: Sheets|10\/100\n|move|p1b: Sheets|Trick Room|p1b: Sheets\n|-fieldstart|move: Trick Room|[of] p1b: Sheets\n|\n|-weather|Sandstorm|[upkeep]\n|-damage|p1b: Sheets|4\/100|[from] Sandstorm\n|-damage|p2a: Ogerpon|88\/100|[from] Sandstorm\n|upkeep\n|\n|t:|1701137135\n|switch|p1a: Gregzilla|Tyranitar, L50, M|100\/100\n|turn|4\n|\n|t:|1701137154\n|switch|p2b: Landorus|Landorus, L50, M|100\/100\n|move|p2a: Ogerpon|Spiky Shield|p2a: Ogerpon\n|-singleturn|p2a: Ogerpon|move: Protect\n|move|p1b: Sheets|Shadow Sneak|p2a: Ogerpon\n|-activate|p2a: Ogerpon|move: Protect\n|-damage|p1b: Sheets|0 fnt|[from] Spiky Shield|[of] p2a: Ogerpon\n|faint|p1b: Sheets\n|move|p1a: Gregzilla|Rock Slide|p2b: Landorus|[spread] p2b\n|-activate|p2a: Ogerpon|move: Protect\n|-damage|p2b: Landorus|61\/100\n|\n|-weather|Sandstorm|[upkeep]\n|-damage|p2a: Ogerpon|82\/100|[from] Sandstorm\n|upkeep\n|turn|5\n|-message|Derp Therp forfeited.\n|\n|win|kmilly132\n|n|\u2606Derp Therp|derptherp\n|n|\u2606kmilly132|kmilly132\n|n| Plopy14|plopy14\n|n| SleepySilver07|sleepysilver07\n|l|\u2606Derp Therp\n|l| SleepySilver07\n","uploadtime":1701138452,"views":8,"p1id":"derptherp","p2id":"kmilly132","formatid":"gen9vgc2023regulatione","rating":0,"private":0,"password":""}