{"id":"gen9vgc2023regulatione-1991304840","p1":"Testing 2400","p2":"BL0ckie","format":"[Gen 9] VGC 2023 Regulation E","log":"|j|\u2606Testing 2400\n|j|\u2606BL0ckie\n|t:|1700065965\n|gametype|doubles\n|player|p1|Testing 2400|benga|1032\n|player|p2|BL0ckie|cheryl|1086\n|teamsize|p1|6\n|teamsize|p2|6\n|gen|9\n|tier|[Gen 9] VGC 2023 Regulation E\n|rated|\n|rule|Species Clause: Limit one of each Pok\u00e9mon\n|rule|Item Clause: Limit one of each item\n|clearpoke\n|poke|p1|Grimmsnarl, L50, M|\n|poke|p1|Landorus-Therian, L50, M|\n|poke|p1|Milotic, L50, M|\n|poke|p1|Iron Hands, L50|\n|poke|p1|Gholdengo, L50|\n|poke|p1|Ogerpon-Hearthflame, L50, F|\n|poke|p2|Ogerpon-Cornerstone, L50, F|\n|poke|p2|Ambipom, L50, M|\n|poke|p2|Urshifu-*, L50, M|\n|poke|p2|Heatran, L50, F|\n|poke|p2|Landorus-Therian, L50, M|\n|poke|p2|Flutter Mane, L50|\n|teampreview|4\n|\n|t:|1700066007\n|start\n|switch|p1a: Grimmsnarl|Grimmsnarl, L50, M|100\/100\n|switch|p1b: Landorus|Landorus-Therian, L50, M|100\/100\n|switch|p2a: Ambipom|Ambipom, L50, M|100\/100\n|switch|p2b: Flutter Mane|Flutter Mane, L50|100\/100\n|-ability|p1b: Landorus|Intimidate|boost\n|-unboost|p2a: Ambipom|atk|1\n|-unboost|p2b: Flutter Mane|atk|1\n|-enditem|p2b: Flutter Mane|Booster Energy\n|-activate|p2b: Flutter Mane|ability: Protosynthesis|[fromitem]\n|-start|p2b: Flutter Mane|protosynthesisspe\n|turn|1\n|\n|t:|1700066079\n|-terastallize|p1b: Landorus|Flying\n|move|p2a: Ambipom|Fake Out|p1b: Landorus\n|-crit|p1b: Landorus\n|-damage|p1b: Landorus|65\/100\n|move|p1a: Grimmsnarl|Thunder Wave|p2b: Flutter Mane|[miss]\n|-miss|p1a: Grimmsnarl|p2b: Flutter Mane\n|move|p2b: Flutter Mane|Moonblast|p1a: Grimmsnarl\n|-supereffective|p1a: Grimmsnarl\n|-enditem|p1a: Grimmsnarl|Roseli Berry|[eat]\n|-enditem|p1a: Grimmsnarl|Roseli Berry|[weaken]\n|-damage|p1a: Grimmsnarl|51\/100\n|cant|p1b: Landorus|flinch\n|\n|upkeep\n|turn|2\n|\n|t:|1700066106\n|-terastallize|p2b: Flutter Mane|Steel\n|move|p1a: Grimmsnarl|Thunder Wave|p2b: Flutter Mane\n|-status|p2b: Flutter Mane|par\n|move|p1b: Landorus|Tera Blast|p2b: Flutter Mane|[anim] Tera Blast Flying\n|-resisted|p2b: Flutter Mane\n|-damage|p2b: Flutter Mane|33\/100 par\n|move|p2a: Ambipom|Knock Off|p1b: Landorus\n|-damage|p1b: Landorus|48\/100\n|-enditem|p1b: Landorus|Choice Scarf|[from] move: Knock Off|[of] p2a: Ambipom\n|move|p2b: Flutter Mane|Dazzling Gleam|p1a: Grimmsnarl|[spread] p1a,p1b\n|-supereffective|p1a: Grimmsnarl\n|-damage|p1a: Grimmsnarl|0 fnt\n|-damage|p1b: Landorus|6\/100\n|faint|p1a: Grimmsnarl\n|\n|upkeep\n|\n|t:|1700066111\n|switch|p1a: Iron Hands|Iron Hands, L50, shiny|100\/100\n|turn|3\n|\n|t:|1700066133\n|move|p2b: Flutter Mane|Protect|p2b: Flutter Mane\n|-singleturn|p2b: Flutter Mane|Protect\n|move|p1a: Iron Hands|Fake Out|p2b: Flutter Mane\n|-activate|p2b: Flutter Mane|move: Protect\n|move|p2a: Ambipom|U-turn|p1b: Landorus\n|-resisted|p1b: Landorus\n|-damage|p1b: Landorus|0 fnt\n|faint|p1b: Landorus\n|\n|t:|1700066150\n|switch|p2a: Urshifu|Urshifu-Rapid-Strike, L50, M|100\/100|[from] U-turn\n|\n|upkeep\n|\n|t:|1700066153\n|switch|p1b: Ogerpon|Ogerpon-Hearthflame, L50, F|100\/100\n|-ability|p1b: Ogerpon|Mold Breaker\n|turn|4\n|\n|t:|1700066176\n|move|p1b: Ogerpon|Ivy Cudgel|p2b: Flutter Mane|[anim] Ivy Cudgel Fire\n|-supereffective|p2b: Flutter Mane\n|-damage|p2b: Flutter Mane|0 fnt\n|faint|p2b: Flutter Mane\n|-end|p2b: Flutter Mane|Protosynthesis|[silent]\n|move|p2a: Urshifu|Surging Strikes|p1b: Ogerpon\n|-crit|p1b: Ogerpon\n|-damage|p1b: Ogerpon|73\/100\n|-crit|p1b: Ogerpon\n|-damage|p1b: Ogerpon|43\/100\n|-crit|p1b: Ogerpon\n|-damage|p1b: Ogerpon|11\/100\n|-hitcount|p1b: Ogerpon|3\n|move|p1a: Iron Hands|Thunder Punch|p2a: Urshifu\n|-supereffective|p2a: Urshifu\n|-damage|p2a: Urshifu|10\/100\n|-enditem|p2a: Urshifu|Aguav Berry|[eat]\n|-heal|p2a: Urshifu|43\/100|[from] item: Aguav Berry\n|\n|upkeep\n|\n|t:|1700066193\n|switch|p2b: Ogerpon|Ogerpon-Cornerstone, L50, F|100\/100\n|turn|5\n|\n|t:|1700066223\n|move|p2b: Ogerpon|Quick Attack|p1b: Ogerpon\n|-damage|p1b: Ogerpon|0 fnt\n|faint|p1b: Ogerpon\n|move|p2a: Urshifu|Drain Punch|p1a: Iron Hands\n|-damage|p1a: Iron Hands|66\/100\n|-heal|p2a: Urshifu|66\/100|[from] drain|[of] p1a: Iron Hands\n|move|p1a: Iron Hands|Drain Punch|p2a: Urshifu\n|-damage|p2a: Urshifu|18\/100\n|-heal|p1a: Iron Hands|84\/100|[from] drain|[of] p2a: Urshifu\n|\n|upkeep\n|turn|6\n|\n|t:|1700066243\n|move|p2a: Urshifu|Protect|p2a: Urshifu\n|-singleturn|p2a: Urshifu|Protect\n|move|p2b: Ogerpon|Ivy Cudgel|p1a: Iron Hands|[anim] Ivy Cudgel Rock\n|-resisted|p1a: Iron Hands\n|-damage|p1a: Iron Hands|66\/100\n|move|p1a: Iron Hands|Drain Punch|p2b: Ogerpon\n|-supereffective|p2b: Ogerpon\n|-ability|p2b: Ogerpon|Sturdy\n|-damage|p2b: Ogerpon|1\/100\n|-heal|p1a: Iron Hands|99\/100|[from] drain|[of] p2b: Ogerpon\n|\n|upkeep\n|turn|7\n|\n|t:|1700066269\n|move|p2b: Ogerpon|Horn Leech|p1a: Iron Hands\n|-damage|p1a: Iron Hands|68\/100\n|-heal|p2b: Ogerpon|25\/100|[from] drain|[of] p1a: Iron Hands\n|move|p2a: Urshifu|U-turn|p1a: Iron Hands\n|-resisted|p1a: Iron Hands\n|-damage|p1a: Iron Hands|59\/100\n|\n|t:|1700066276\n|switch|p2a: Ambipom|Ambipom, L50, M|100\/100|[from] U-turn\n|move|p1a: Iron Hands|Drain Punch|p2a: Ambipom\n|-supereffective|p2a: Ambipom\n|-damage|p2a: Ambipom|0 fnt\n|-heal|p1a: Iron Hands|91\/100|[from] drain|[of] p2a: Ambipom\n|faint|p2a: Ambipom\n|\n|upkeep\n|\n|t:|1700066286\n|switch|p2a: Urshifu|Urshifu-Rapid-Strike, L50, M|18\/100\n|turn|8\n|l|\u2606BL0ckie\n|player|p2|\n|j|\u2606BL0ckie\n|player|p2|BL0ckie|cheryl\n|\n|t:|1700066329\n|move|p2b: Ogerpon|Spiky Shield|p2b: Ogerpon\n|-singleturn|p2b: Ogerpon|move: Protect\n|move|p2a: Urshifu|Drain Punch|p1a: Iron Hands\n|-damage|p1a: Iron Hands|57\/100\n|-heal|p2a: Urshifu|41\/100|[from] drain|[of] p1a: Iron Hands\n|move|p1a: Iron Hands|Drain Punch|p2a: Urshifu\n|-damage|p2a: Urshifu|0 fnt\n|-heal|p1a: Iron Hands|73\/100|[from] drain|[of] p2a: Urshifu\n|faint|p2a: Urshifu\n|\n|upkeep\n|turn|9\n|\n|t:|1700066348\n|move|p2b: Ogerpon|Horn Leech|p1a: Iron Hands\n|-crit|p1a: Iron Hands\n|-damage|p1a: Iron Hands|25\/100\n|-heal|p2b: Ogerpon|60\/100|[from] drain|[of] p1a: Iron Hands\n|move|p1a: Iron Hands|Drain Punch|p2b: Ogerpon\n|-supereffective|p2b: Ogerpon\n|-damage|p2b: Ogerpon|0 fnt\n|-heal|p1a: Iron Hands|45\/100|[from] drain|[of] p2b: Ogerpon\n|faint|p2b: Ogerpon\n|\n|win|Testing 2400\n|raw|Testing 2400's rating: 1032 &rarr; <strong>1073<\/strong><br \/>(+41 for winning)\n|raw|BL0ckie's rating: 1086 &rarr; <strong>1060<\/strong><br \/>(-26 for losing)\n|l|\u2606BL0ckie\n","uploadtime":1700066372,"views":14,"p1id":"testing2400","p2id":"bl0ckie","formatid":"gen9vgc2023regulatione","rating":1060,"private":0,"password":""}