{"id":"gen9vgc2023regulatione-2000459958","p1":"Megalos593","p2":"NoahDaGr81","format":"[Gen 9] VGC 2023 Regulation E","log":"|j|\u2606Megalos593\n|j|\u2606NoahDaGr81\n|t:|1701196652\n|gametype|doubles\n|player|p1|Megalos593|266|1153\n|player|p2|NoahDaGr81|pokemonbreeder|1049\n|teamsize|p1|6\n|teamsize|p2|6\n|gen|9\n|tier|[Gen 9] VGC 2023 Regulation E\n|rated|\n|rule|Species Clause: Limit one of each Pok\u00e9mon\n|rule|Item Clause: Limit one of each item\n|clearpoke\n|poke|p1|Tornadus, L50, M|\n|poke|p1|Ogerpon-Hearthflame, L50, F|\n|poke|p1|Flutter Mane, L50|\n|poke|p1|Landorus-Therian, L50, M|\n|poke|p1|Kingambit, L50, M|\n|poke|p1|Iron Hands, L50|\n|poke|p2|Murkrow, L50, F|\n|poke|p2|Urshifu-*, L50, F|\n|poke|p2|Flutter Mane, L50|\n|poke|p2|Espeon, L50, F|\n|poke|p2|Chi-Yu, L50|\n|poke|p2|Tauros-Paldea-Blaze, L50, M|\n|teampreview|4\n|\n|t:|1701196694\n|start\n|switch|p1a: Iron Hands|Iron Hands, L50|100\/100\n|switch|p1b: Tornadus|Tornadus, L50, M|100\/100\n|switch|p2a: Osborne|Flutter Mane, L50, shiny|100\/100\n|switch|p2b: Kalypso|Murkrow, L50, F, shiny|100\/100\n|turn|1\n|\n|t:|1701196741\n|-terastallize|p1a: Iron Hands|Water\n|move|p1b: Tornadus|Tailwind|p1b: Tornadus\n|-sidestart|p1: Megalos593|move: Tailwind\n|move|p2b: Kalypso|Tailwind|p2b: Kalypso\n|-sidestart|p2: NoahDaGr81|move: Tailwind\n|move|p2a: Osborne|Moonblast|p1a: Iron Hands\n|-damage|p1a: Iron Hands|65\/100\n|-unboost|p1a: Iron Hands|spa|1\n|-damage|p2a: Osborne|90\/100|[from] item: Life Orb\n|move|p1a: Iron Hands|Heavy Slam|p2a: Osborne\n|-supereffective|p2a: Osborne\n|-damage|p2a: Osborne|0 fnt\n|faint|p2a: Osborne\n|-end|p2a: Osborne|Protosynthesis|[silent]\n|\n|upkeep\n|\n|t:|1701196758\n|switch|p2a: Mercurius|Chi-Yu, L50|100\/100\n|-ability|p2a: Mercurius|Beads of Ruin\n|turn|2\n|\n|t:|1701196797\n|switch|p1b: Flutter Mane|Flutter Mane, L50|100\/100\n|-enditem|p1b: Flutter Mane|Booster Energy\n|-activate|p1b: Flutter Mane|ability: Protosynthesis|[fromitem]\n|-start|p1b: Flutter Mane|protosynthesisspa\n|move|p2b: Kalypso|Thunder Wave|p1b: Flutter Mane\n|-status|p1b: Flutter Mane|par\n|move|p2a: Mercurius|Dark Pulse|p1a: Iron Hands\n|-damage|p1a: Iron Hands|22\/100\n|move|p1a: Iron Hands|Drain Punch|p2a: Mercurius\n|-supereffective|p2a: Mercurius\n|-damage|p2a: Mercurius|0 fnt\n|-heal|p1a: Iron Hands|51\/100|[from] drain|[of] p2a: Mercurius\n|faint|p2a: Mercurius\n|\n|upkeep\n|\n|t:|1701196813\n|switch|p2a: Heracles|Urshifu-Rapid-Strike, L50, F|100\/100\n|turn|3\n|\n|t:|1701196831\n|-terastallize|p2a: Heracles|Water\n|move|p2b: Kalypso|Thunder Wave|p1a: Iron Hands\n|-status|p1a: Iron Hands|par\n|move|p2a: Heracles|Surging Strikes|p1b: Flutter Mane\n|-crit|p1b: Flutter Mane\n|-damage|p1b: Flutter Mane|47\/100 par\n|-crit|p1b: Flutter Mane\n|-damage|p1b: Flutter Mane|0 fnt\n|faint|p1b: Flutter Mane\n|-end|p1b: Flutter Mane|Protosynthesis|[silent]\n|-hitcount|p1: Flutter Mane|2\n|move|p1a: Iron Hands|Wild Charge|p2b: Kalypso\n|-supereffective|p2b: Kalypso\n|-damage|p2b: Kalypso|0 fnt\n|faint|p2b: Kalypso\n|-damage|p1a: Iron Hands|34\/100 par|[from] Recoil\n|\n|upkeep\n|\n|t:|1701196878\n|switch|p1b: Kingambit|Kingambit, L50, M|100\/100\n|turn|4\n|\n|t:|1701196891\n|-end|p1a: Iron Hands|Quark Drive|[silent]\n|switch|p1a: Tornadus|Tornadus, L50, M|100\/100\n|move|p2a: Heracles|Drain Punch|p1b: Kingambit\n|-supereffective|p1b: Kingambit\n|-damage|p1b: Kingambit|0 fnt\n|faint|p1b: Kingambit\n|\n|-sideend|p2: NoahDaGr81|move: Tailwind\n|-sideend|p1: Megalos593|move: Tailwind\n|upkeep\n|\n|t:|1701196899\n|switch|p1b: Iron Hands|Iron Hands, L50, tera:Water|34\/100 par\n|turn|5\n|\n|t:|1701196911\n|move|p1b: Iron Hands|Fake Out|p2a: Heracles\n|-damage|p2a: Heracles|86\/100\n|move|p1a: Tornadus|Tailwind|p1a: Tornadus\n|-sidestart|p1: Megalos593|move: Tailwind\n|cant|p2a: Heracles|flinch\n|\n|upkeep\n|turn|6\n|\n|t:|1701196929\n|move|p1a: Tornadus|Bleakwind Storm|p2a: Heracles\n|-damage|p2a: Heracles|29\/100\n|move|p2a: Heracles|Drain Punch|p1b: Iron Hands\n|-damage|p1b: Iron Hands|1\/100 par\n|-heal|p2a: Heracles|50\/100|[from] drain|[of] p1b: Iron Hands\n|move|p1b: Iron Hands|Wild Charge|p2a: Heracles\n|-supereffective|p2a: Heracles\n|-damage|p2a: Heracles|0 fnt\n|faint|p2a: Heracles\n|-damage|p1b: Iron Hands|0 fnt|[from] Recoil\n|faint|p1b: Iron Hands\n|-end|p1b: Iron Hands|Quark Drive|[silent]\n|\n|win|Megalos593\n|raw|Megalos593's rating: 1153 &rarr; <strong>1171<\/strong><br \/>(+18 for winning)\n|raw|NoahDaGr81's rating: 1049 &rarr; <strong>1037<\/strong><br \/>(-12 for losing)\n|l|\u2606NoahDaGr81\n","uploadtime":1701196943,"views":1,"p1id":"megalos593","p2id":"noahdagr81","formatid":"gen9vgc2023regulatione","rating":1037,"private":0,"password":""}