{"id":"gen9vgc2023regulatione-1995944738","p1":"hash brown enjoyer","p2":"cjl78","format":"[Gen 9] VGC 2023 Regulation E","log":"|j|\u2606hash brown enjoyer\n|j|\u2606cjl78\n|t:|1700620389\n|gametype|doubles\n|player|p1|hash brown enjoyer|ingo|\n|player|p2|cjl78|170|\n|teamsize|p1|6\n|teamsize|p2|6\n|gen|9\n|tier|[Gen 9] VGC 2023 Regulation E\n|rule|Species Clause: Limit one of each Pok\u00e9mon\n|rule|Item Clause: Limit one of each item\n|clearpoke\n|poke|p1|Tornadus, L50, M|\n|poke|p1|Urshifu-*, L50, F|\n|poke|p1|Flutter Mane, L50|\n|poke|p1|Chi-Yu, L50|\n|poke|p1|Brambleghast, L50, M|\n|poke|p1|Gholdengo, L50|\n|poke|p2|Amoonguss, L50, M|\n|poke|p2|Iron Hands, L50|\n|poke|p2|Arcanine-Hisui, L50, F|\n|poke|p2|Roaring Moon, L50|\n|poke|p2|Urshifu-*, L50, F|\n|poke|p2|Gholdengo, L50|\n|teampreview|4\ncjl78 has agreed to open team sheets.\nhash brown enjoyer has agreed to open team sheets.\n|showteam|p1|Tornadus||CovertCloak|Prankster|BleakwindStorm,Tailwind,ScaryFace,Taunt|||M|||50|,,,,,Steel]Urshifu-Rapid-Strike||MysticWater|UnseenFist|SurgingStrikes,CloseCombat,AquaJet,Detect|||F|||50|,,,,,Water]Flutter Mane||BoosterEnergy|Protosynthesis|DazzlingGleam,ShadowBall,Moonblast,Protect||||||50|,,,,,Fairy]Chi-Yu||LifeOrb|BeadsofRuin|HeatWave,DarkPulse,Overheat,Protect||||||50|,,,,,Ghost]Brambleghast||FocusSash|WindRider|Poltergeist,PowerWhip,ShadowSneak,StrengthSap|||M|||50|,,,,,Ghost]Gholdengo||ChoiceSpecs|GoodasGold|MakeItRain,ShadowBall,Thunderbolt,SteelBeam||||||50|,,,,,Steel\n|showteam|p2|Amoonguss||SitrusBerry|Regenerator|Spore,RagePowder,PollenPuff,Protect|||M|||50|,,,,,Water]Iron Hands||AssaultVest|QuarkDrive|FakeOut,WildCharge,DrainPunch,HeavySlam||||||50|,,,,,Water]Arcanine-Hisui||ChoiceBand|Intimidate|FlareBlitz,RockSlide,ExtremeSpeed,TeraBlast|||F|||50|,,,,,Fairy]Roaring Moon||BoosterEnergy|Protosynthesis|Acrobatics,KnockOff,Tailwind,Protect||||||50|,,,,,Flying]Urshifu-Rapid-Strike||MysticWater|UnseenFist|SurgingStrikes,AquaJet,Protect,CloseCombat|||F|||50|,,,,,Water]Gholdengo||Leftovers|GoodasGold|MakeItRain,ShadowBall,NastyPlot,Protect||||||50|,,,,,Dragon\n|c|\u2606cjl78|glhf\n|c|\u2606hash brown enjoyer|glhf\n|j| muzikal\n|j| Bauerdad\n|\n|t:|1700620471\n|start\n|switch|p1a: Tornadus|Tornadus, L50, M|100\/100\n|switch|p1b: Urshifu|Urshifu-Rapid-Strike, L50, F|100\/100\n|switch|p2a: Roaring Moon|Roaring Moon, L50|100\/100\n|switch|p2b: Urshifu|Urshifu-Rapid-Strike, L50, F|100\/100\n|-enditem|p2a: Roaring Moon|Booster Energy\n|-activate|p2a: Roaring Moon|ability: Protosynthesis|[fromitem]\n|-start|p2a: Roaring Moon|protosynthesisspe\n|turn|1\n|\n|t:|1700620505\n|move|p1a: Tornadus|Tailwind|p1a: Tornadus\n|-sidestart|p1: hash brown enjoyer|move: Tailwind\n|move|p1b: Urshifu|Close Combat|p2a: Roaring Moon\n|-supereffective|p2a: Roaring Moon\n|-damage|p2a: Roaring Moon|0 fnt\n|-unboost|p1b: Urshifu|def|1\n|-unboost|p1b: Urshifu|spd|1\n|faint|p2a: Roaring Moon\n|-end|p2a: Roaring Moon|Protosynthesis|[silent]\n|move|p2b: Urshifu|Surging Strikes|p1a: Tornadus\n|-crit|p1a: Tornadus\n|-damage|p1a: Tornadus|72\/100\n|-crit|p1a: Tornadus\n|-damage|p1a: Tornadus|40\/100\n|-crit|p1a: Tornadus\n|-damage|p1a: Tornadus|10\/100\n|-hitcount|p1a: Tornadus|3\n|\n|upkeep\n|\n|t:|1700620515\n|switch|p2a: Iron Hands|Iron Hands, L50|100\/100\n|turn|2\n|\n|t:|1700620542\n|move|p2a: Iron Hands|Fake Out|p1a: Tornadus\n|-damage|p1a: Tornadus|0 fnt\n|faint|p1a: Tornadus\n|move|p1b: Urshifu|Surging Strikes|p2a: Iron Hands\n|-crit|p2a: Iron Hands\n|-damage|p2a: Iron Hands|83\/100\n|-crit|p2a: Iron Hands\n|-damage|p2a: Iron Hands|64\/100\n|-crit|p2a: Iron Hands\n|-damage|p2a: Iron Hands|45\/100\n|-hitcount|p2a: Iron Hands|3\n|move|p2b: Urshifu|Surging Strikes|p1b: Urshifu\n|-resisted|p1b: Urshifu\n|-crit|p1b: Urshifu\n|-damage|p1b: Urshifu|81\/100\n|-resisted|p1b: Urshifu\n|-crit|p1b: Urshifu\n|-damage|p1b: Urshifu|61\/100\n|-resisted|p1b: Urshifu\n|-crit|p1b: Urshifu\n|-damage|p1b: Urshifu|42\/100\n|-hitcount|p1b: Urshifu|3\n|\n|upkeep\n|\n|t:|1700620554\n|switch|p1a: Brambleghast|Brambleghast, L50, M, shiny|100\/100\n|-ability|p1a: Brambleghast|Wind Rider|boost\n|-boost|p1a: Brambleghast|atk|1\n|turn|3\n|\n|t:|1700620583\n|-end|p2a: Iron Hands|Quark Drive|[silent]\n|switch|p2a: Amoonguss|Amoonguss, L50, M|100\/100\n|move|p1b: Urshifu|Detect|p1b: Urshifu\n|-singleturn|p1b: Urshifu|Protect\n|move|p2b: Urshifu|Protect|p2b: Urshifu\n|-singleturn|p2b: Urshifu|Protect\n|move|p1a: Brambleghast|Power Whip|p2b: Urshifu\n|-activate|p2b: Urshifu|move: Protect\n|\n|upkeep\n|turn|4\n|\n|t:|1700620611\n|switch|p2b: Iron Hands|Iron Hands, L50|45\/100\n|move|p1b: Urshifu|Surging Strikes|p2a: Amoonguss\n|-resisted|p2a: Amoonguss\n|-crit|p2a: Amoonguss\n|-damage|p2a: Amoonguss|90\/100\n|-resisted|p2a: Amoonguss\n|-crit|p2a: Amoonguss\n|-damage|p2a: Amoonguss|81\/100\n|-resisted|p2a: Amoonguss\n|-crit|p2a: Amoonguss\n|-damage|p2a: Amoonguss|72\/100\n|-hitcount|p2a: Amoonguss|3\n|move|p1a: Brambleghast|Power Whip|p2b: Iron Hands\n|-damage|p2b: Iron Hands|0 fnt\n|faint|p2b: Iron Hands\n|-end|p2b: Iron Hands|Quark Drive|[silent]\n|move|p2a: Amoonguss|Spore|p1b: Urshifu\n|-status|p1b: Urshifu|slp|[from] move: Spore\n|\n|-sideend|p1: hash brown enjoyer|move: Tailwind\n|upkeep\n|\n|t:|1700620619\n|switch|p2b: Urshifu|Urshifu-Rapid-Strike, L50, F|100\/100\n|turn|5\n|\n|t:|1700620634\n|-terastallize|p2b: Urshifu|Water\n|cant|p1b: Urshifu|slp\n|move|p2b: Urshifu|Surging Strikes|p1a: Brambleghast\n|-resisted|p1a: Brambleghast\n|-crit|p1a: Brambleghast\n|-damage|p1a: Brambleghast|71\/100\n|-resisted|p1a: Brambleghast\n|-crit|p1a: Brambleghast\n|-damage|p1a: Brambleghast|39\/100\n|-resisted|p1a: Brambleghast\n|-crit|p1a: Brambleghast\n|-damage|p1a: Brambleghast|9\/100\n|-hitcount|p1a: Brambleghast|3\n|move|p1a: Brambleghast|Power Whip|p2b: Urshifu\n|-supereffective|p2b: Urshifu\n|-damage|p2b: Urshifu|0 fnt\n|faint|p2b: Urshifu\n|move|p2a: Amoonguss|Pollen Puff|p1a: Brambleghast\n|-damage|p1a: Brambleghast|0 fnt\n|faint|p1a: Brambleghast\n|\n|upkeep\n|\n|t:|1700620650\n|switch|p1a: Chi-Yu|Chi-Yu, L50|100\/100\n|-ability|p1a: Chi-Yu|Beads of Ruin\n|turn|6\n|\n|t:|1700620657\n|move|p1a: Chi-Yu|Heat Wave|p2a: Amoonguss|[miss]\n|-miss|p1a: Chi-Yu|p2a: Amoonguss\n|cant|p1b: Urshifu|slp\n|move|p2a: Amoonguss|Pollen Puff|p1b: Urshifu\n|-resisted|p1b: Urshifu\n|-damage|p1b: Urshifu|16\/100 slp\n|\n|upkeep\n|turn|7\n|\n|t:|1700620665\n|move|p1a: Chi-Yu|Heat Wave|p2a: Amoonguss\n|-supereffective|p2a: Amoonguss\n|-damage|p2a: Amoonguss|0 fnt\n|faint|p2a: Amoonguss\n|-damage|p1a: Chi-Yu|91\/100|[from] item: Life Orb\n|\n|win|hash brown enjoyer\n|c|\u2606hash brown enjoyer|gg\n|l| muzikal\n|l|\u2606cjl78\n","uploadtime":1700621859,"views":9,"p1id":"hashbrownenjoyer","p2id":"cjl78","formatid":"gen9vgc2023regulatione","rating":0,"private":0,"password":""}