{"id":"gen9vgc2023regulatione-1988380129","p1":"Shakeyshocks","p2":"Hbhbhguhygfuck","format":"[Gen 9] VGC 2023 Regulation E","log":"|j|\u2606Shakeyshocks\n|j|\u2606Hbhbhguhygfuck\n|t:|1699716329\n|gametype|doubles\n|player|p1|Shakeyshocks|170|1120\n|player|p2|Hbhbhguhygfuck|101|1109\n|teamsize|p1|6\n|teamsize|p2|6\n|gen|9\n|tier|[Gen 9] VGC 2023 Regulation E\n|rated|\n|rule|Species Clause: Limit one of each Pok\u00e9mon\n|rule|Item Clause: Limit one of each item\n|clearpoke\n|poke|p1|Golem-Alola, L50, M|\n|poke|p1|Ninetales-Alola, L50, M|\n|poke|p1|Empoleon, L50, F|\n|poke|p1|Pawmot, L50, M|\n|poke|p1|Hawlucha, L50, F|\n|poke|p1|Gholdengo, L50|\n|poke|p2|Urshifu-*, L50, F|\n|poke|p2|Gholdengo, L50|\n|poke|p2|Roaring Moon, L50|\n|poke|p2|Amoonguss, L50, F|\n|poke|p2|Farigiraf, L50, F|\n|poke|p2|Arcanine-Hisui, L50, M|\n|teampreview|4\n|inactive|Battle timer is ON: inactive players will automatically lose when time's up. (requested by Hbhbhguhygfuck)\nHbhbhguhygfuck has agreed to open team sheets.\n|\n|t:|1699716349\n|start\n|switch|p1a: Ninetales|Ninetales-Alola, L50, M|100\/100\n|switch|p1b: Empoleon|Empoleon, L50, F|100\/100\n|switch|p2a: Gholdengo|Gholdengo, L50|100\/100\n|switch|p2b: Urshifu|Urshifu, L50, F|100\/100\n|-weather|Snow|[from] ability: Snow Warning|[of] p1a: Ninetales\n|turn|1\n|\n|t:|1699716370\n|move|p2b: Urshifu|U-turn|p1a: Ninetales\n|-resisted|p1a: Ninetales\n|-damage|p1a: Ninetales|90\/100\n|\n|t:|1699716378\n|switch|p2b: Amoonguss|Amoonguss, L50, F, shiny|100\/100|[from] U-turn\n|move|p1a: Ninetales|Aurora Veil|p1a: Ninetales\n|-sidestart|p1: Shakeyshocks|move: Aurora Veil\n|move|p2a: Gholdengo|Nasty Plot|p2a: Gholdengo\n|-boost|p2a: Gholdengo|spa|2\n|move|p1b: Empoleon|Blizzard|p2a: Gholdengo|[spread] p2a,p2b\n|-resisted|p2a: Gholdengo\n|-supereffective|p2b: Amoonguss\n|-damage|p2a: Gholdengo|78\/100\n|-damage|p2b: Amoonguss|27\/100\n|-enditem|p2b: Amoonguss|Sitrus Berry|[eat]\n|-heal|p2b: Amoonguss|52\/100|[from] item: Sitrus Berry\n|\n|-weather|Snow|[upkeep]\n|upkeep\n|turn|2\n|inactive|Shakeyshocks has 30 seconds left.\n|inactive|Hbhbhguhygfuck has 30 seconds left.\n|inactive|Hbhbhguhygfuck has 20 seconds left.\n|\n|t:|1699716414\n|move|p2b: Amoonguss|Protect|p2b: Amoonguss\n|-singleturn|p2b: Amoonguss|Protect\n|move|p1a: Ninetales|Encore|p2a: Gholdengo\n|-immune|p2a: Gholdengo|[from] ability: Good as Gold\n|move|p2a: Gholdengo|Shadow Ball|p1b: Empoleon\n|-damage|p1b: Empoleon|33\/100\n|-damage|p2a: Gholdengo|68\/100|[from] item: Life Orb\n|move|p1b: Empoleon|Blizzard|p2a: Gholdengo|[spread] p2a\n|-activate|p2b: Amoonguss|move: Protect\n|-resisted|p2a: Gholdengo\n|-crit|p2a: Gholdengo\n|-damage|p2a: Gholdengo|35\/100\n|-status|p2a: Gholdengo|frz\n|\n|-weather|Snow|[upkeep]\n|upkeep\n|turn|3\n|\n|t:|1699716435\n|-terastallize|p2b: Amoonguss|Fire\n|move|p1a: Ninetales|Blizzard|p2b: Amoonguss|[spread] p2a,p2b\n|-resisted|p2a: Gholdengo\n|-resisted|p2b: Amoonguss\n|-damage|p2a: Gholdengo|23\/100 frz\n|-damage|p2b: Amoonguss|43\/100\n|cant|p2a: Gholdengo|frz\n|move|p1b: Empoleon|Blizzard|p2a: Gholdengo|[spread] p2a,p2b\n|-resisted|p2a: Gholdengo\n|-resisted|p2b: Amoonguss\n|-damage|p2a: Gholdengo|2\/100 frz\n|-damage|p2b: Amoonguss|24\/100\n|-status|p2b: Amoonguss|frz\n|cant|p2b: Amoonguss|frz\n|\n|-weather|Snow|[upkeep]\n|upkeep\n|turn|4\n|\n|t:|1699716456\n|move|p1a: Ninetales|Dazzling Gleam|p2a: Gholdengo|[spread] p2a,p2b\n|-resisted|p2a: Gholdengo\n|-resisted|p2b: Amoonguss\n|-damage|p2a: Gholdengo|0 fnt\n|-damage|p2b: Amoonguss|17\/100 frz\n|faint|p2a: Gholdengo\n|move|p1b: Empoleon|Blizzard|p2b: Amoonguss\n|-resisted|p2b: Amoonguss\n|-damage|p2b: Amoonguss|0 fnt\n|faint|p2b: Amoonguss\n|\n|-weather|Snow|[upkeep]\n|upkeep\n|\n|t:|1699716466\n|switch|p2a: Roaring Moon|Roaring Moon, L50|100\/100\n|switch|p2b: Urshifu|Urshifu, L50, F|100\/100\n|-enditem|p2a: Roaring Moon|Booster Energy\n|-activate|p2a: Roaring Moon|ability: Protosynthesis|[fromitem]\n|-start|p2a: Roaring Moon|protosynthesisspe\n|turn|5\n|\n|t:|1699716479\n|move|p2a: Roaring Moon|Knock Off|p1b: Empoleon\n|-damage|p1b: Empoleon|0 fnt\n|-enditem|p1b: Empoleon|Choice Specs|[from] move: Knock Off|[of] p2a: Roaring Moon\n|faint|p1b: Empoleon\n|move|p2b: Urshifu|Close Combat|p1a: Ninetales\n|-crit|p1a: Ninetales\n|-damage|p1a: Ninetales|0 fnt\n|-unboost|p2b: Urshifu|def|1\n|-unboost|p2b: Urshifu|spd|1\n|faint|p1a: Ninetales\n|\n|-weather|Snow|[upkeep]\n|-sideend|p1: Shakeyshocks|move: Aurora Veil\n|upkeep\n|\n|t:|1699716494\n|switch|p1a: Pawmot|Pawmot, L50, M|100\/100\n|switch|p1b: Golem|Golem-Alola, L50, M|100\/100\n|turn|6\n|\n|t:|1699716503\n|move|p1a: Pawmot|Fake Out|p2a: Roaring Moon\n|-damage|p2a: Roaring Moon|89\/100\n|cant|p2a: Roaring Moon|flinch\n|move|p2b: Urshifu|Close Combat|p1b: Golem\n|-supereffective|p1b: Golem\n|-enditem|p1b: Golem|Focus Sash\n|-damage|p1b: Golem|1\/100\n|-unboost|p2b: Urshifu|def|1\n|-unboost|p2b: Urshifu|spd|1\n|move|p1b: Golem|Explosion|p2b: Urshifu|[spread] p2a,p2b\n|-immune|p1a: Pawmot|[from] ability: Volt Absorb\n|-resisted|p2a: Roaring Moon\n|-damage|p2a: Roaring Moon|35\/100\n|-damage|p2b: Urshifu|0 fnt\n|faint|p1b: Golem\n|faint|p2b: Urshifu\n|\n|-weather|Snow|[upkeep]\n|upkeep\n|turn|7\n|inactive|Shakeyshocks has 30 seconds left.\n|\n|t:|1699716532\n|move|p2a: Roaring Moon|Knock Off|p1a: Pawmot\n|-resisted|p1a: Pawmot\n|-damage|p1a: Pawmot|73\/100\n|-damage|p2a: Roaring Moon|18\/100|[from] item: Rocky Helmet|[of] p1a: Pawmot\n|-enditem|p1a: Pawmot|Rocky Helmet|[from] move: Knock Off|[of] p2a: Roaring Moon\n|move|p1a: Pawmot|Revival Blessing|p1a: Pawmot\n|\n|t:|1699716538\n|-heal|p1: Empoleon|50\/100|[from] move: Revival Blessing\n|\n|-weather|Snow|[upkeep]\n|upkeep\n|\n|t:|1699716545\n|switch|p1b: Empoleon|Empoleon, L50, F|50\/100\n|turn|8\n|-message|Hbhbhguhygfuck forfeited.\n|\n|win|Shakeyshocks\n|raw|Shakeyshocks's rating: 1120 &rarr; <strong>1144<\/strong><br \/>(+24 for winning)\n|raw|Hbhbhguhygfuck's rating: 1109 &rarr; <strong>1085<\/strong><br \/>(-24 for losing)\n","uploadtime":1699716560,"views":17,"p1id":"shakeyshocks","p2id":"hbhbhguhygfuck","formatid":"gen9vgc2023regulatione","rating":1085,"private":0,"password":""}