{"id":"gen9vgc2023regulatione-1988039702","p1":"PSmonteiro","p2":"DorititosKiller","format":"[Gen 9] VGC 2023 Regulation E","log":"|j|\u2606PSmonteiro\n|j|\u2606DorititosKiller\n|n|\u2606PSmonteiro|psmonteiro\n|n|\u2606DorititosKiller|dorititoskiller\n|html|View the match progress at <a href=\"\/game-bestof3-gen9vgc2023regulatione-1988035070\">game-bestof3-gen9vgc2023regulatione-1988035070<\/a>\n|t:|1699662198\n|gametype|doubles\n|player|p1|PSmonteiro|drayden|\n|player|p2|DorititosKiller|cyclist-gen4|\n|teamsize|p1|6\n|teamsize|p2|6\n|gen|9\n|tier|[Gen 9] VGC 2023 Regulation E\n|rule|Species Clause: Limit one of each Pok\u00e9mon\n|rule|Item Clause: Limit one of each item\n|clearpoke\n|poke|p1|Indeedee-F, L50, F|\n|poke|p1|Armarouge, L50, M|\n|poke|p1|Ursaluna, L50, F|\n|poke|p1|Glastrier, L50|\n|poke|p1|Kingambit, L50, F|\n|poke|p1|Sinistcha-Masterpiece, L50|\n|poke|p2|Overqwil, L50, M|\n|poke|p2|Bronzong, L50|\n|poke|p2|Salamence, L50, M|\n|poke|p2|Polteageist, L50|\n|poke|p2|Tauros-Paldea-Blaze, L50, M|\n|poke|p2|Politoed, L50, M|\n|teampreview|4\nPSmonteiro has agreed to open team sheets.\n|j| Marcostap\nDorititosKiller has agreed to open team sheets.\n|showteam|p1|Indeedee-F||Leftovers|PsychicSurge|TrickRoom,Psychic,FollowMe,HealPulse|||F|||50|,,,,,Steel]Armarouge||TwistedSpoon|FlashFire|AllySwitch,ExpandingForce,ArmorCannon,WideGuard|||M|||50|,,,,,Psychic]Ursaluna||FlameOrb|Guts|Protect,Facade,HeadlongRush,ShadowClaw|||F|||50|,,,,,Ghost]Glastrier||AssaultVest|ChillingNeigh|Avalanche,TeraBlast,StompingTantrum,CloseCombat||||||50|,,,,,Water]Kingambit||LifeOrb|Defiant|Protect,KowtowCleave,IronHead,SuckerPunch|||F|||50|,,,,,Dark]Sinistcha-Masterpiece||RedCard|Hospitality|TrickRoom,Scald,MatchaGotcha,StrengthSap||||||50|,,,,,Water\n|showteam|p2|Overqwil||PoisonBarb|SwiftSwim|Liquidation,BarbBarrage,ToxicSpikes,FellStinger|||M|||50|,,,,,Poison]Bronzong||RockyHelmet|Levitate|StealthRock,Earthquake,BodyPress,IronDefense||||||50|,,,,,Steel]Salamence||LumBerry|Moxie|DragonDance,Earthquake,DualWingbeat,Substitute|||M|||50|,,,,,Steel]Polteageist||WhiteHerb|WeakArmor|ShellSmash,Substitute,Psyshock,ShadowBall||||||50|,,,,,Ghost]Tauros-Paldea-Blaze||WeaknessPolicy|Intimidate|WildCharge,RagingBull,FlameCharge,LashOut|||M|||50|,,,,,Fire]Politoed||DampRock|Drizzle|EarthPower,IceBeam,WeatherBall,PerishSong|||M|||50|,,,,,Grass\n|j| Rebornsan93\n|c|\u2606DorititosKiller|B\u00c3O JOGOOOOO 2 =D =D =D\n|j| ShimeNaruka\n|j| lainshy\n|j| bb_hachi8\n|j| lucasarreguy\n|j| Leon1das\n|\n|t:|1699662274\n|start\n|switch|p1a: Kingambit|Kingambit, L50, F|100\/100\n|switch|p1b: Glastrier|Glastrier, L50|100\/100\n|switch|p2a: Sapito|Politoed, L50, M|100\/100\n|switch|p2b: Shadow|Overqwil, L50, M|100\/100\n|-weather|RainDance|[from] ability: Drizzle|[of] p2a: Sapito\n|turn|1\n|c|\u2606DorititosKiller|Apode?\n|c| lucasarreguy|pode\n|\n|t:|1699662384\n|move|p1a: Kingambit|Protect|p1a: Kingambit\n|-singleturn|p1a: Kingambit|Protect\n|move|p2b: Shadow|Fell Stinger|p1a: Kingambit\n|-activate|p1a: Kingambit|move: Protect\n|move|p2a: Sapito|Earth Power|p1a: Kingambit\n|-activate|p1a: Kingambit|move: Protect\n|move|p1b: Glastrier|Stomping Tantrum|p2b: Shadow\n|-supereffective|p2b: Shadow\n|-damage|p2b: Shadow|25\/100\n|\n|-weather|RainDance|[upkeep]\n|upkeep\n|turn|2\n|\n|t:|1699662416\n|switch|p2b: Salamesmo|Salamence, L50, M|100\/100\n|switch|p1a: Sinistcha|Sinistcha-Masterpiece, L50|100\/100\n|move|p2a: Sapito|Earth Power|p1a: Sinistcha\n|-resisted|p1a: Sinistcha\n|-damage|p1a: Sinistcha|85\/100\n|-enditem|p1a: Sinistcha|Red Card|[of] p2a: Sapito\n|drag|p2a: Shadow|Overqwil, L50, M|25\/100\n|move|p1b: Glastrier|Stomping Tantrum|p2b: Salamesmo\n|-immune|p2b: Salamesmo\n|\n|-weather|RainDance|[upkeep]\n|upkeep\n|turn|3\n|j| Yuri\n|\n|t:|1699662457\n|-terastallize|p1a: Sinistcha|Water\n|move|p2a: Shadow|Barb Barrage|p1a: Sinistcha\n|-damage|p1a: Sinistcha|46\/100\n|move|p2b: Salamesmo|Substitute|p2b: Salamesmo\n|-start|p2b: Salamesmo|Substitute\n|-damage|p2b: Salamesmo|76\/100\n|move|p1b: Glastrier|Avalanche|p2b: Salamesmo\n|-supereffective|p2b: Salamesmo\n|-end|p2b: Salamesmo|Substitute\n|move|p1a: Sinistcha|Trick Room|p1a: Sinistcha\n|-fieldstart|move: Trick Room|[of] p1a: Sinistcha\n|\n|-weather|RainDance|[upkeep]\n|upkeep\n|turn|4\n|l| Yuri\n|\n|t:|1699662522\n|switch|p2a: Sapito|Politoed, L50, M|100\/100\n|-terastallize|p2b: Salamesmo|Steel\n|move|p1a: Sinistcha|Strength Sap|p2b: Salamesmo\n|-unboost|p2b: Salamesmo|atk|1\n|-heal|p1a: Sinistcha|100\/100\n|move|p2b: Salamesmo|Substitute|p2b: Salamesmo\n|-start|p2b: Salamesmo|Substitute\n|-damage|p2b: Salamesmo|51\/100\n|move|p1b: Glastrier|Avalanche|p2b: Salamesmo\n|-resisted|p2b: Salamesmo\n|-end|p2b: Salamesmo|Substitute\n|\n|-weather|RainDance|[upkeep]\n|upkeep\n|turn|5\n|c|\u2606DorititosKiller|Resisted\n|\n|t:|1699662562\n|switch|p2b: Shadow|Overqwil, L50, M|25\/100\n|move|p1b: Glastrier|Stomping Tantrum|p2b: Shadow\n|-supereffective|p2b: Shadow\n|-damage|p2b: Shadow|0 fnt\n|faint|p2b: Shadow\n|-ability|p1b: Glastrier|Chilling Neigh|boost\n|-boost|p1b: Glastrier|atk|1\n|move|p1a: Sinistcha|Matcha Gotcha|p2a: Sapito\n|-supereffective|p2a: Sapito\n|-damage|p2a: Sapito|17\/100\n|move|p2a: Sapito|Perish Song|p2a: Sapito\n|-start|p1a: Sinistcha|perish3|[silent]\n|-start|p1b: Glastrier|perish3|[silent]\n|-start|p2a: Sapito|perish3|[silent]\n|-fieldactivate|move: Perish Song\n|\n|-weather|RainDance|[upkeep]\n|-start|p1b: Glastrier|perish3\n|-start|p1a: Sinistcha|perish3\n|-start|p2a: Sapito|perish3\n|upkeep\n|\n|t:|1699662593\n|switch|p2b: Salamesmo|Salamence, L50, M, tera:Steel|51\/100\n|turn|6\n|\n|t:|1699662614\n|move|p1b: Glastrier|Tera Blast|p2a: Sapito\n|-damage|p2a: Sapito|5\/100\n|move|p1a: Sinistcha|Scald|p2b: Salamesmo\n|-damage|p2b: Salamesmo|0 fnt\n|faint|p2b: Salamesmo\n|move|p2a: Sapito|Weather Ball|p1b: Glastrier\n|-damage|p1b: Glastrier|64\/100\n|\n|-weather|RainDance|[upkeep]\n|-start|p1b: Glastrier|perish2\n|-start|p1a: Sinistcha|perish2\n|-start|p2a: Sapito|perish2\n|upkeep\n|\n|t:|1699662626\n|switch|p2b: Ch\u00e1 Tradicional|Polteageist, L50|100\/100\n|turn|7\n|\n|t:|1699662644\n|move|p1a: Sinistcha|Matcha Gotcha|p2a: Sapito|[spread] p2a,p2b\n|-supereffective|p2a: Sapito\n|-damage|p2a: Sapito|0 fnt\n|-damage|p2b: Ch\u00e1 Tradicional|60\/100\n|-status|p2b: Ch\u00e1 Tradicional|brn\n|faint|p2a: Sapito\n|move|p2b: Ch\u00e1 Tradicional|Shell Smash|p2b: Ch\u00e1 Tradicional\n|-unboost|p2b: Ch\u00e1 Tradicional|def|1\n|-unboost|p2b: Ch\u00e1 Tradicional|spd|1\n|-boost|p2b: Ch\u00e1 Tradicional|atk|2\n|-boost|p2b: Ch\u00e1 Tradicional|spa|2\n|-boost|p2b: Ch\u00e1 Tradicional|spe|2\n|-enditem|p2b: Ch\u00e1 Tradicional|White Herb\n|-clearnegativeboost|p2b: Ch\u00e1 Tradicional|[silent]\n|move|p1b: Glastrier|Avalanche|p2b: Ch\u00e1 Tradicional\n|-damage|p2b: Ch\u00e1 Tradicional|0 fnt\n|faint|p2b: Ch\u00e1 Tradicional\n|\n|win|PSmonteiro\n|c|\u2606DorititosKiller|Jorannnnn XD\n","uploadtime":1699662666,"views":20,"p1id":"psmonteiro","p2id":"dorititoskiller","formatid":"gen9vgc2023regulatione","rating":0,"private":0,"password":""}