{"id":"gen9vgc2023regulatione-1989393482","p1":"BreadyTorus","p2":"Wasdosaur","format":"[Gen 9] VGC 2023 Regulation E","log":"|j|\u2606BreadyTorus\n|j|\u2606Wasdosaur\n|t:|1699844574\n|gametype|doubles\n|player|p1|BreadyTorus|unknown|1089\n|player|p2|Wasdosaur|102|1092\n|teamsize|p1|6\n|teamsize|p2|6\n|gen|9\n|tier|[Gen 9] VGC 2023 Regulation E\n|rated|\n|rule|Species Clause: Limit one of each Pok\u00e9mon\n|rule|Item Clause: Limit one of each item\n|clearpoke\n|poke|p1|Gallade, L50, M|\n|poke|p1|Drifblim, L50, M|\n|poke|p1|Ogerpon-Cornerstone, L50, F|\n|poke|p1|Scream Tail, L50|\n|poke|p1|Chi-Yu, L50|\n|poke|p1|Tornadus, L50, M|\n|poke|p2|Sinistcha-Masterpiece, L50|\n|poke|p2|Ogerpon-Hearthflame, L50, F|\n|poke|p2|Tornadus, L50, M|\n|poke|p2|Moltres-Galar, L50|\n|poke|p2|Amoonguss, L50, M|\n|poke|p2|Ursaluna, L50, F|\n|teampreview|4\n|inactive|Battle timer is ON: inactive players will automatically lose when time's up. (requested by Wasdosaur)\n|inactive|BreadyTorus has 60 seconds left.\n|\n|t:|1699844630\n|start\n|switch|p1a: Wham-Bam Rock|Ogerpon-Cornerstone, L50, F|100\/100\n|switch|p1b: Kracko|Tornadus, L50, M|100\/100\n|switch|p2a: Tornadus|Tornadus, L50, M|100\/100\n|switch|p2b: Moltres|Moltres-Galar, L50, shiny|100\/100\n|turn|1\n|\n|t:|1699844653\n|move|p1a: Wham-Bam Rock|Spiky Shield|p1a: Wham-Bam Rock\n|-singleturn|p1a: Wham-Bam Rock|move: Protect\n|move|p2b: Moltres|Protect|p2b: Moltres\n|-singleturn|p2b: Moltres|Protect\n|move|p2a: Tornadus|Tailwind|p2a: Tornadus\n|-sidestart|p2: Wasdosaur|move: Tailwind\n|move|p1b: Kracko|Taunt|p2a: Tornadus\n|-start|p2a: Tornadus|move: Taunt\n|-enditem|p2a: Tornadus|Mental Herb\n|-end|p2a: Tornadus|move: Taunt\n|\n|upkeep\n|turn|2\n|inactive|BreadyTorus has 30 seconds left.\n|\n|t:|1699844683\n|switch|p2b: Ursaluna|Ursaluna, L50, F|100\/100\n|move|p2a: Tornadus|Taunt|p1b: Kracko\n|-start|p1b: Kracko|move: Taunt\n|-enditem|p1b: Kracko|Mental Herb\n|-end|p1b: Kracko|move: Taunt\n|move|p1b: Kracko|Tailwind|p1b: Kracko\n|-sidestart|p1: BreadyTorus|move: Tailwind\n|move|p1a: Wham-Bam Rock|Ivy Cudgel|p2b: Ursaluna\n|-resisted|p2b: Ursaluna\n|-damage|p2b: Ursaluna|76\/100\n|\n|-status|p2b: Ursaluna|brn|[from] item: Flame Orb\n|upkeep\n|turn|3\n|inactive|BreadyTorus has 30 seconds left.\n|\n|t:|1699844714\n|-terastallize|p2b: Ursaluna|Steel\n|move|p1a: Wham-Bam Rock|Spiky Shield|p1a: Wham-Bam Rock\n|-singleturn|p1a: Wham-Bam Rock|move: Protect\n|move|p2a: Tornadus|Bleakwind Storm|p1b: Kracko|[spread] p1b\n|-activate|p1a: Wham-Bam Rock|move: Protect\n|-damage|p1b: Kracko|63\/100\n|move|p1b: Kracko|Bleakwind Storm|p2a: Tornadus|[spread] \n|-miss|p1b: Kracko|p2a: Tornadus\n|-miss|p1b: Kracko|p2b: Ursaluna\n|move|p2b: Ursaluna|Earthquake|p1a: Wham-Bam Rock|[spread] \n|-activate|p1a: Wham-Bam Rock|move: Protect\n|-immune|p2a: Tornadus\n|-immune|p1b: Kracko\n|\n|-damage|p2b: Ursaluna|71\/100 brn|[from] brn\n|upkeep\n|turn|4\n|inactive|BreadyTorus has 30 seconds left.\n|\n|t:|1699844748\n|switch|p2a: Sinistcha|Sinistcha-Masterpiece, L50, shiny|100\/100\n|-heal|p2b: Ursaluna|95\/100 brn|[from] ability: Hospitality|[of] p2a: Sinistcha\n|move|p1a: Wham-Bam Rock|Ivy Cudgel|p2a: Sinistcha\n|-crit|p2a: Sinistcha\n|-damage|p2a: Sinistcha|26\/100\n|move|p1b: Kracko|Bleakwind Storm|p2a: Sinistcha|[spread] p2a,p2b\n|-supereffective|p2a: Sinistcha\n|-resisted|p2b: Ursaluna\n|-damage|p2a: Sinistcha|0 fnt\n|-damage|p2b: Ursaluna|76\/100 brn\n|faint|p2a: Sinistcha\n|move|p2b: Ursaluna|Facade|p1b: Kracko\n|-damage|p1b: Kracko|0 fnt\n|faint|p1b: Kracko\n|\n|-damage|p2b: Ursaluna|70\/100 brn|[from] brn\n|-sideend|p2: Wasdosaur|move: Tailwind\n|upkeep\n|\n|t:|1699844770\n|switch|p1b: Helium|Gallade, L50, M|100\/100\n|switch|p2a: Moltres|Moltres-Galar, L50, shiny|100\/100\n|turn|5\n|\n|t:|1699844791\n|move|p1a: Wham-Bam Rock|Spiky Shield|p1a: Wham-Bam Rock\n|-singleturn|p1a: Wham-Bam Rock|move: Protect\n|move|p2a: Moltres|Protect|p2a: Moltres\n|-singleturn|p2a: Moltres|Protect\n|move|p1b: Helium|Sacred Sword|p2b: Ursaluna\n|-supereffective|p2b: Ursaluna\n|-damage|p2b: Ursaluna|0 fnt\n|faint|p2b: Ursaluna\n|\n|-sideend|p1: BreadyTorus|move: Tailwind\n|upkeep\n|-message|Wasdosaur forfeited.\n|\n|win|BreadyTorus\n|raw|BreadyTorus's rating: 1089 &rarr; <strong>1116<\/strong><br \/>(+27 for winning)\n|raw|Wasdosaur's rating: 1092 &rarr; <strong>1068<\/strong><br \/>(-24 for losing)\n|l|\u2606Wasdosaur\n","uploadtime":1699844804,"views":11,"p1id":"breadytorus","p2id":"wasdosaur","formatid":"gen9vgc2023regulatione","rating":1068,"private":0,"password":""}