{"id":"gen9vgc2023regulatione-1988060463","p1":"Josue_29","p2":"EmperorIcy","format":"[Gen 9] VGC 2023 Regulation E","log":"|j|\u2606Josue_29\n|j|\u2606EmperorIcy\n|t:|1699664695\n|gametype|doubles\n|player|p1|Josue_29|lucas|1109\n|player|p2|EmperorIcy|blue|1087\n|teamsize|p1|6\n|teamsize|p2|6\n|gen|9\n|tier|[Gen 9] VGC 2023 Regulation E\n|rated|\n|rule|Species Clause: Limit one of each Pok\u00e9mon\n|rule|Item Clause: Limit one of each item\n|clearpoke\n|poke|p1|Tornadus, L50, M|\n|poke|p1|Iron Hands, L50|\n|poke|p1|Rillaboom, L50, F|\n|poke|p1|Flutter Mane, L50|\n|poke|p1|Ogerpon-Hearthflame, L50, F|\n|poke|p1|Heatran, L50, F|\n|poke|p2|Gholdengo, L50|\n|poke|p2|Corviknight, L50, M|\n|poke|p2|Flutter Mane, L50|\n|poke|p2|Staraptor, L50, F|\n|poke|p2|Gastrodon, L50, F|\n|poke|p2|Heatran, L50, M|\n|teampreview|4\n|inactive|Battle timer is ON: inactive players will automatically lose when time's up. (requested by EmperorIcy)\nEmperorIcy rejected open team sheets.\n|\n|t:|1699664766\n|start\n|switch|p1a: Ogerpon|Ogerpon-Hearthflame, L50, F|100\/100\n|switch|p1b: Flutter Mane|Flutter Mane, L50, shiny|100\/100\n|switch|p2a: Gholdengo|Gholdengo, L50|100\/100\n|switch|p2b: Heatran|Heatran, L50, M|100\/100\n|-ability|p1a: Ogerpon|Mold Breaker\n|turn|1\n|inactive|Josue_29 has 30 seconds left.\n|inactive|Josue_29 has 20 seconds left.\n|inactive|Josue_29 has 15 seconds left.\n|\n|t:|1699664807\n|switch|p2a: Gastrodon|Gastrodon, L50, F|100\/100\n|move|p1b: Flutter Mane|Protect|p1b: Flutter Mane\n|-singleturn|p1b: Flutter Mane|Protect\n|move|p1a: Ogerpon|Stomping Tantrum|p2a: Gastrodon\n|-damage|p2a: Gastrodon|67\/100\n|move|p2b: Heatran|Flash Cannon|p1b: Flutter Mane\n|-activate|p1b: Flutter Mane|move: Protect\n|\n|-heal|p2a: Gastrodon|73\/100|[from] item: Leftovers\n|upkeep\n|turn|2\n|inactive|Josue_29 has 30 seconds left.\n|\n|t:|1699664835\n|-end|p1b: Flutter Mane|Protosynthesis|[silent]\n|switch|p1b: Iron Hands|Iron Hands, L50|100\/100\n|-terastallize|p2a: Gastrodon|Fire\n|move|p1a: Ogerpon|Horn Leech|p2a: Gastrodon\n|-resisted|p2a: Gastrodon\n|-damage|p2a: Gastrodon|50\/100\n|move|p2b: Heatran|Flash Cannon|p1b: Iron Hands\n|-resisted|p1b: Iron Hands\n|-damage|p1b: Iron Hands|82\/100\n|move|p2a: Gastrodon|Muddy Water|p1b: Iron Hands|[spread] p1a,p1b\n|-damage|p1a: Ogerpon|66\/100\n|-damage|p1b: Iron Hands|59\/100\n|\n|-heal|p2a: Gastrodon|56\/100|[from] item: Leftovers\n|upkeep\n|turn|3\n|inactive|Josue_29 has 30 seconds left.\n|inactive|EmperorIcy has 30 seconds left.\n|inactive|Josue_29 has 20 seconds left.\n|inactive|Josue_29 has 15 seconds left.\n|\n|t:|1699664876\n|switch|p2b: Flutter Mane|Flutter Mane, L50|100\/100\n|move|p1a: Ogerpon|Stomping Tantrum|p2a: Gastrodon\n|-supereffective|p2a: Gastrodon\n|-damage|p2a: Gastrodon|0 fnt\n|faint|p2a: Gastrodon\n|move|p1b: Iron Hands|Drain Punch|p2b: Flutter Mane\n|-immune|p2b: Flutter Mane\n|\n|upkeep\n|\n|t:|1699664899\n|switch|p2a: Gholdengo|Gholdengo, L50|100\/100\n|turn|4\n|inactive|Josue_29 has 30 seconds left.\n|\n|t:|1699664930\n|-end|p1b: Iron Hands|Quark Drive|[silent]\n|switch|p1b: Heatran|Heatran, L50, F, shiny|100\/100\n|move|p1a: Ogerpon|Spiky Shield|p1a: Ogerpon\n|-singleturn|p1a: Ogerpon|move: Protect\n|move|p2b: Flutter Mane|Dazzling Gleam|p1a: Ogerpon|[spread] p1b\n|-activate|p1a: Ogerpon|move: Protect\n|-resisted|p1b: Heatran\n|-damage|p1b: Heatran|94\/100\n|move|p2a: Gholdengo|Shadow Ball|p1a: Ogerpon\n|-activate|p1a: Ogerpon|move: Protect\n|\n|upkeep\n|turn|5\n|inactive|Josue_29 has 30 seconds left.\n|inactive|Josue_29 has 20 seconds left.\n|inactive|Josue_29 has 15 seconds left.\n|\n|t:|1699664972\n|-end|p2b: Flutter Mane|Protosynthesis|[silent]\n|switch|p2b: Heatran|Heatran, L50, M|100\/100\n|-terastallize|p1a: Ogerpon|Fire\n|detailschange|p1a: Ogerpon|Ogerpon-Hearthflame-Tera, L50, F, tera:Fire\n|-ability|p1a: Ogerpon|Embody Aspect (Hearthflame)|boost\n|-boost|p1a: Ogerpon|atk|1\n|move|p1a: Ogerpon|Ivy Cudgel|p2b: Heatran\n|-start|p2b: Heatran|ability: Flash Fire\n|move|p1b: Heatran|Heat Wave|p2b: Heatran|[spread] p2a\n|-immune|p2b: Heatran|[from] ability: Flash Fire\n|-supereffective|p2a: Gholdengo\n|-damage|p2a: Gholdengo|24\/100\n|move|p2a: Gholdengo|Shadow Ball|p1a: Ogerpon\n|-damage|p1a: Ogerpon|18\/100\n|\n|upkeep\n|turn|6\n|inactive|Josue_29 has 30 seconds left.\n|inactive|EmperorIcy has 30 seconds left.\n|inactive|Josue_29 has 20 seconds left.\n|inactive|EmperorIcy has 20 seconds left.\n|inactive|Josue_29 has 15 seconds left.\n|inactive|EmperorIcy has 15 seconds left.\n|inactive|EmperorIcy has 10 seconds left.\n|inactive|EmperorIcy has 5 seconds left.\n|\n|t:|1699665022\n|move|p1a: Ogerpon|Spiky Shield|p1a: Ogerpon\n|-singleturn|p1a: Ogerpon|move: Protect\n|move|p2a: Gholdengo|Protect|p2a: Gholdengo\n|-singleturn|p2a: Gholdengo|Protect\n|move|p1b: Heatran|Earth Power|p2b: Heatran\n|-supereffective|p2b: Heatran\n|-damage|p2b: Heatran|13\/100\n|-unboost|p2b: Heatran|spd|1\n|move|p2b: Heatran|Earth Power|p1a: Ogerpon\n|-activate|p1a: Ogerpon|move: Protect\n|\n|upkeep\n|turn|7\n|\n|t:|1699665046\n|-end|p2b: Heatran|ability: Flash Fire|[silent]\n|switch|p2b: Flutter Mane|Flutter Mane, L50|100\/100\n|move|p1a: Ogerpon|Ivy Cudgel|p2a: Gholdengo\n|-supereffective|p2a: Gholdengo\n|-damage|p2a: Gholdengo|0 fnt\n|faint|p2a: Gholdengo\n|move|p1b: Heatran|Earth Power|p2b: Flutter Mane\n|-damage|p2b: Flutter Mane|65\/100\n|\n|upkeep\n|\n|t:|1699665055\n|switch|p2a: Heatran|Heatran, L50, M|13\/100\n|turn|8\n|\n|t:|1699665070\n|move|p1a: Ogerpon|Spiky Shield|p1a: Ogerpon\n|-singleturn|p1a: Ogerpon|move: Protect\n|move|p2b: Flutter Mane|Shadow Ball|p1a: Ogerpon\n|-activate|p1a: Ogerpon|move: Protect\n|move|p1b: Heatran|Earth Power|p2a: Heatran\n|-supereffective|p2a: Heatran\n|-damage|p2a: Heatran|0 fnt\n|faint|p2a: Heatran\n|\n|upkeep\n|turn|9\n|\n|t:|1699665093\n|switch|p1a: Iron Hands|Iron Hands, L50|59\/100\n|move|p2b: Flutter Mane|Shadow Ball|p1b: Heatran\n|-damage|p1b: Heatran|64\/100\n|move|p1b: Heatran|Flash Cannon|p2b: Flutter Mane\n|-supereffective|p2b: Flutter Mane\n|-damage|p2b: Flutter Mane|0 fnt\n|faint|p2b: Flutter Mane\n|-end|p2b: Flutter Mane|Protosynthesis|[silent]\n|\n|win|Josue_29\n|raw|Josue_29's rating: 1109 &rarr; <strong>1132<\/strong><br \/>(+23 for winning)\n|raw|EmperorIcy's rating: 1087 &rarr; <strong>1065<\/strong><br \/>(-22 for losing)\n","uploadtime":1699665109,"views":19,"p1id":"josue29","p2id":"emperoricy","formatid":"gen9vgc2023regulatione","rating":1065,"private":0,"password":""}