{"id":"gen9vgc2023regulatione-1994021138","p1":"Buff FlutterMane","p2":"daniiivgc","format":"[Gen 9] VGC 2023 Regulation E","log":"|j|\u2606Buff FlutterMane\n|j|\u2606daniiivgc\n|t:|1700394997\n|gametype|doubles\n|player|p1|Buff FlutterMane|turo|1428\n|player|p2|daniiivgc|265|1335\n|teamsize|p1|6\n|teamsize|p2|6\n|gen|9\n|tier|[Gen 9] VGC 2023 Regulation E\n|rated|\n|rule|Species Clause: Limit one of each Pok\u00e9mon\n|rule|Item Clause: Limit one of each item\n|clearpoke\n|poke|p1|Dragapult, L50, M|\n|poke|p1|Chien-Pao, L50|\n|poke|p1|Ogerpon-Wellspring, L50, F|\n|poke|p1|Arcanine-Hisui, L50, M|\n|poke|p1|Farigiraf, L50, F|\n|poke|p1|Enamorus, L50, F|\n|poke|p2|Urshifu-*, L50, M|\n|poke|p2|Grumpig, L50, F|\n|poke|p2|Tatsugiri, L50, F|\n|poke|p2|Dondozo, L50, M|\n|poke|p2|Iron Hands, L50|\n|poke|p2|Flutter Mane, L50|\n|teampreview|4\n|inactive|Battle timer is ON: inactive players will automatically lose when time's up. (requested by Buff FlutterMane)\n|inactive|Buff FlutterMane has 60 seconds left.\n|\n|t:|1700395037\n|start\n|switch|p1a: \ud83d\ude39|Chien-Pao, L50|100\/100\n|switch|p1b: \ud83d\udc09|Dragapult, L50, M, shiny|100\/100\n|switch|p2a: Dondozo|Dondozo, L50, M|100\/100\n|switch|p2b: Grumpig|Grumpig, L50, F|100\/100\n|-ability|p1a: \ud83d\ude39|Sword of Ruin\n|turn|1\n|inactive|Buff FlutterMane has 30 seconds left.\n|inactive|daniiivgc has 30 seconds left.\n|inactive|daniiivgc has 20 seconds left.\n|inactive|daniiivgc has 15 seconds left.\n|\n|t:|1700395080\n|switch|p2b: Tatsugiri|Tatsugiri, L50, F|100\/100\n|-activate|p2b: Tatsugiri|ability: Commander|[of] p2a: Dondozo\n|-boost|p2a: Dondozo|atk|2\n|-boost|p2a: Dondozo|spa|2\n|-boost|p2a: Dondozo|spe|2\n|-boost|p2a: Dondozo|def|2\n|-boost|p2a: Dondozo|spd|2\n|move|p1a: \ud83d\ude39|Protect|p1a: \ud83d\ude39\n|-singleturn|p1a: \ud83d\ude39|Protect\n|move|p1b: \ud83d\udc09|Phantom Force||[still]\n|-prepare|p1b: \ud83d\udc09|Phantom Force\n|move|p2a: Dondozo|Rock Slide|p1a: \ud83d\ude39|[spread] \n|-miss|p2a: Dondozo|p1b: \ud83d\udc09\n|-activate|p1a: \ud83d\ude39|move: Protect\n|\n|upkeep\n|turn|2\n|\n|t:|1700395098\n|move|p1b: \ud83d\udc09|Phantom Force|p2a: Dondozo|[from]lockedmove\n|-damage|p2a: Dondozo|67\/100\n|move|p1a: \ud83d\ude39|Haze|p1a: \ud83d\ude39\n|-clearallboost\n|move|p2a: Dondozo|Rock Slide|p1b: \ud83d\udc09|[spread] p1a,p1b\n|-supereffective|p1a: \ud83d\ude39\n|-damage|p1a: \ud83d\ude39|58\/100\n|-damage|p1b: \ud83d\udc09|70\/100\n|\n|-heal|p2a: Dondozo|73\/100|[from] item: Leftovers\n|upkeep\n|turn|3\n|\n|t:|1700395111\n|-terastallize|p1b: \ud83d\udc09|Ghost\n|move|p1a: \ud83d\ude39|Protect|p1a: \ud83d\ude39\n|-singleturn|p1a: \ud83d\ude39|Protect\n|move|p1b: \ud83d\udc09|Phantom Force||[still]\n|-prepare|p1b: \ud83d\udc09|Phantom Force\n|move|p2a: Dondozo|Rock Slide|p1b: \ud83d\udc09|[spread] \n|-miss|p2a: Dondozo|p1b: \ud83d\udc09\n|-activate|p1a: \ud83d\ude39|move: Protect\n|\n|-heal|p2a: Dondozo|79\/100|[from] item: Leftovers\n|upkeep\n|turn|4\n|\n|t:|1700395124\n|move|p1b: \ud83d\udc09|Phantom Force|p2a: Dondozo|[from]lockedmove\n|-damage|p2a: Dondozo|0 fnt\n|faint|p2a: Dondozo\n|move|p1a: \ud83d\ude39|Icicle Crash|p2b: Tatsugiri\n|-damage|p2b: Tatsugiri|0 fnt\n|faint|p2b: Tatsugiri\n|\n|upkeep\n|\n|t:|1700395133\n|switch|p2b: Grumpig|Grumpig, L50, F|100\/100\n|switch|p2a: Iron Hands|Iron Hands, L50|100\/100\n|turn|5\n|inactive|daniiivgc has 30 seconds left.\n|inactive|daniiivgc has 20 seconds left.\n|\n|t:|1700395171\n|switch|p1a: Enamorus|Enamorus, L50, F|100\/100\n|move|p1b: \ud83d\udc09|Phantom Force||[still]\n|-prepare|p1b: \ud83d\udc09|Phantom Force\n|move|p2a: Iron Hands|Wild Charge|p1b: \ud83d\udc09|[miss]\n|-miss|p2a: Iron Hands|p1b: \ud83d\udc09\n|move|p2b: Grumpig|Trick Room|p2b: Grumpig\n|-fieldstart|move: Trick Room|[of] p2b: Grumpig\n|\n|upkeep\n|turn|6\n|inactive|Buff FlutterMane has 30 seconds left.\n|inactive|daniiivgc has 30 seconds left.\n|\n|t:|1700395201\n|-terastallize|p2b: Grumpig|Steel\n|move|p2a: Iron Hands|Wild Charge|p1a: Enamorus\n|-supereffective|p1a: Enamorus\n|-damage|p1a: Enamorus|0 fnt\n|faint|p1a: Enamorus\n|-damage|p2a: Iron Hands|84\/100|[from] Recoil\n|move|p2b: Grumpig|Psyshock|p1b: \ud83d\udc09|[miss]\n|-miss|p2b: Grumpig|p1b: \ud83d\udc09\n|move|p1b: \ud83d\udc09|Phantom Force|p2a: Iron Hands|[from]lockedmove\n|-damage|p2a: Iron Hands|24\/100\n|\n|upkeep\n|\n|t:|1700395207\n|switch|p1a: \ud83e\udddd\ud83c\udffc\u200d\u2640\ufe0f|Ogerpon-Wellspring, L50, F|100\/100\n|turn|7\n|\n|t:|1700395230\n|move|p1a: \ud83e\udddd\ud83c\udffc\u200d\u2640\ufe0f|Follow Me|p1a: \ud83e\udddd\ud83c\udffc\u200d\u2640\ufe0f\n|-singleturn|p1a: \ud83e\udddd\ud83c\udffc\u200d\u2640\ufe0f|move: Follow Me\n|move|p2a: Iron Hands|Wild Charge|p1a: \ud83e\udddd\ud83c\udffc\u200d\u2640\ufe0f\n|-damage|p1a: \ud83e\udddd\ud83c\udffc\u200d\u2640\ufe0f|34\/100\n|-damage|p2a: Iron Hands|12\/100|[from] Recoil\n|move|p2b: Grumpig|Psyshock|p1a: \ud83e\udddd\ud83c\udffc\u200d\u2640\ufe0f\n|-damage|p1a: \ud83e\udddd\ud83c\udffc\u200d\u2640\ufe0f|2\/100\n|move|p1b: \ud83d\udc09|Phantom Force||[still]\n|-prepare|p1b: \ud83d\udc09|Phantom Force\n|\n|upkeep\n|turn|8\n|\n|t:|1700395252\n|move|p1a: \ud83e\udddd\ud83c\udffc\u200d\u2640\ufe0f|Spiky Shield|p1a: \ud83e\udddd\ud83c\udffc\u200d\u2640\ufe0f\n|-singleturn|p1a: \ud83e\udddd\ud83c\udffc\u200d\u2640\ufe0f|move: Protect\n|move|p2a: Iron Hands|Wild Charge|p1b: \ud83d\udc09|[miss]\n|-miss|p2a: Iron Hands|p1b: \ud83d\udc09\n|move|p2b: Grumpig|Psyshock|p1a: \ud83e\udddd\ud83c\udffc\u200d\u2640\ufe0f\n|-activate|p1a: \ud83e\udddd\ud83c\udffc\u200d\u2640\ufe0f|move: Protect\n|move|p1b: \ud83d\udc09|Phantom Force|p2a: Iron Hands|[from]lockedmove\n|-damage|p2a: Iron Hands|0 fnt\n|faint|p2a: Iron Hands\n|-end|p2a: Iron Hands|Quark Drive|[silent]\n|\n|upkeep\n|turn|9\n|c|\u2606daniiivgc|Zzzzzzz\n|\n|t:|1700395273\n|move|p1a: \ud83e\udddd\ud83c\udffc\u200d\u2640\ufe0f|Follow Me|p1a: \ud83e\udddd\ud83c\udffc\u200d\u2640\ufe0f\n|-singleturn|p1a: \ud83e\udddd\ud83c\udffc\u200d\u2640\ufe0f|move: Follow Me\n|move|p2b: Grumpig|Psyshock|p1a: \ud83e\udddd\ud83c\udffc\u200d\u2640\ufe0f\n|-damage|p1a: \ud83e\udddd\ud83c\udffc\u200d\u2640\ufe0f|0 fnt\n|faint|p1a: \ud83e\udddd\ud83c\udffc\u200d\u2640\ufe0f\n|move|p1b: \ud83d\udc09|Phantom Force||[still]\n|-prepare|p1b: \ud83d\udc09|Phantom Force\n|\n|-fieldend|move: Trick Room\n|upkeep\n|\n|t:|1700395278\n|switch|p1a: \ud83d\ude39|Chien-Pao, L50|58\/100\n|-ability|p1a: \ud83d\ude39|Sword of Ruin\n|turn|10\n|\n|t:|1700395285\n|move|p2b: Grumpig|Protect|p2b: Grumpig\n|-singleturn|p2b: Grumpig|Protect\n|move|p1b: \ud83d\udc09|Phantom Force|p2b: Grumpig|[from]lockedmove\n|-activate|p2b: Grumpig|move: Phantom Force|[broken]\n|-damage|p2b: Grumpig|0 fnt\n|faint|p2b: Grumpig\n|\n|win|Buff FlutterMane\n|raw|Buff FlutterMane's rating: 1428 &rarr; <strong>1443<\/strong><br \/>(+15 for winning)\n|raw|daniiivgc's rating: 1335 &rarr; <strong>1320<\/strong><br \/>(-15 for losing)\n|l|\u2606daniiivgc\n","uploadtime":1700395300,"views":5,"p1id":"bufffluttermane","p2id":"daniiivgc","formatid":"gen9vgc2023regulatione","rating":1320,"private":0,"password":""}