{"id":"gen9vgc2023regulatione-1990095684","p1":"mypriestisbad","p2":"Casper614","format":"[Gen 9] VGC 2023 Regulation E","log":"|j|\u2606mypriestisbad\n|j|\u2606Casper614\n|t:|1699924054\n|gametype|doubles\n|player|p1|mypriestisbad|unknown|1305\n|player|p2|Casper614|265|1313\n|teamsize|p1|6\n|teamsize|p2|6\n|gen|9\n|tier|[Gen 9] VGC 2023 Regulation E\n|rated|\n|rule|Species Clause: Limit one of each Pok\u00e9mon\n|rule|Item Clause: Limit one of each item\n|clearpoke\n|poke|p1|Arcanine-Hisui, L50, F|\n|poke|p1|Urshifu-*, L50, M|\n|poke|p1|Iron Hands, L50|\n|poke|p1|Chien-Pao, L50|\n|poke|p1|Ogerpon-Wellspring, L50, F|\n|poke|p1|Tornadus, L50, M|\n|poke|p2|Dusclops, L50, M|\n|poke|p2|Bellibolt, L50, M|\n|poke|p2|Ting-Lu, L50|\n|poke|p2|Landorus-Therian, L50, M|\n|poke|p2|Dragalge, L50, M|\n|poke|p2|Chandelure, L50, M|\n|teampreview|4\n|inactive|Battle timer is ON: inactive players will automatically lose when time's up. (requested by mypriestisbad)\n|c|\u2606Casper614|glhf\n|inactive|mypriestisbad has 60 seconds left.\n|inactive|mypriestisbad has 30 seconds left.\n|\n|t:|1699924121\n|start\n|switch|p1a: Urshifu|Urshifu, L50, M|100\/100\n|switch|p1b: Ogerpon|Ogerpon-Wellspring, L50, F|100\/100\n|switch|p2a: Dusclops|Dusclops, L50, M|100\/100\n|switch|p2b: Dragalge|Dragalge, L50, M|100\/100\n|-ability|p2a: Dusclops|Pressure\n|turn|1\n|\n|t:|1699924142\n|-terastallize|p1b: Ogerpon|Water\n|detailschange|p1b: Ogerpon|Ogerpon-Wellspring-Tera, L50, F, tera:Water\n|-ability|p1b: Ogerpon|Embody Aspect (Wellspring)|boost\n|-boost|p1b: Ogerpon|spd|1\n|-terastallize|p2a: Dusclops|Dark\n|move|p1a: Urshifu|Wicked Blow|p2a: Dusclops\n|-resisted|p2a: Dusclops\n|-crit|p2a: Dusclops\n|-damage|p2a: Dusclops|77\/100\n|move|p1b: Ogerpon|Ivy Cudgel|p2a: Dusclops\n|-damage|p2a: Dusclops|19\/100\n|move|p2b: Dragalge|Sludge Bomb|p1b: Ogerpon\n|-damage|p1b: Ogerpon|62\/100\n|-status|p1b: Ogerpon|psn\n|move|p2a: Dusclops|Trick Room|p2a: Dusclops\n|-fieldstart|move: Trick Room|[of] p2a: Dusclops\n|\n|-damage|p1b: Ogerpon|50\/100 psn|[from] psn\n|upkeep\n|turn|2\n|inactive|Casper614 has 30 seconds left.\n|\n|t:|1699924170\n|move|p2a: Dusclops|Pain Split|p1a: Urshifu\n|-sethp|p1a: Urshifu|56\/100|[from] move: Pain Split|[silent]\n|-sethp|p2a: Dusclops|88\/100|[from] move: Pain Split\n|move|p2b: Dragalge|Draco Meteor|p1a: Urshifu\n|-damage|p1a: Urshifu|0 fnt\n|-unboost|p2b: Dragalge|spa|2\n|-enditem|p2b: Dragalge|White Herb\n|-clearnegativeboost|p2b: Dragalge|[silent]\n|faint|p1a: Urshifu\n|move|p1b: Ogerpon|Ivy Cudgel|p2b: Dragalge\n|-resisted|p2b: Dragalge\n|-damage|p2b: Dragalge|55\/100\n|\n|-damage|p1b: Ogerpon|38\/100 psn|[from] psn\n|upkeep\n|\n|t:|1699924184\n|switch|p1a: Arcanine|Arcanine-Hisui, L50, F|100\/100\n|-ability|p1a: Arcanine|Intimidate|boost\n|-unboost|p2a: Dusclops|atk|1\n|-unboost|p2b: Dragalge|atk|1\n|turn|3\n|\n|t:|1699924197\n|move|p1a: Arcanine|Extreme Speed|p2b: Dragalge\n|-damage|p2b: Dragalge|8\/100\n|move|p2a: Dusclops|Haze|p2a: Dusclops\n|-clearallboost\n|move|p2b: Dragalge|Draco Meteor|p1a: Arcanine|[miss]\n|-miss|p2b: Dragalge|p1a: Arcanine\n|move|p1b: Ogerpon|Ivy Cudgel|p2a: Dusclops\n|-damage|p2a: Dusclops|25\/100\n|\n|-damage|p1b: Ogerpon|26\/100 psn|[from] psn\n|upkeep\n|turn|4\n|inactive|Casper614 has 30 seconds left.\n|\n|t:|1699924228\n|move|p1a: Arcanine|Extreme Speed|p2a: Dusclops\n|-damage|p2a: Dusclops|0 fnt\n|faint|p2a: Dusclops\n|move|p2b: Dragalge|Draco Meteor|p1a: Arcanine\n|-damage|p1a: Arcanine|2\/100\n|-unboost|p2b: Dragalge|spa|2\n|move|p1b: Ogerpon|Ivy Cudgel|p2b: Dragalge\n|-resisted|p2b: Dragalge\n|-damage|p2b: Dragalge|0 fnt\n|faint|p2b: Dragalge\n|\n|-damage|p1b: Ogerpon|14\/100 psn|[from] psn\n|upkeep\n|\n|t:|1699924233\n|switch|p2a: Bellibolt|Bellibolt, L50, M|100\/100\n|switch|p2b: Chandelure|Chandelure, L50, M|100\/100\n|-enditem|p2b: Chandelure|Room Service\n|-unboost|p2b: Chandelure|spe|1|[from] item: Room Service\n|turn|5\n|inactive|mypriestisbad has 30 seconds left.\n|inactive|Casper614 has 30 seconds left.\n|inactive|mypriestisbad has 20 seconds left.\n|inactive|mypriestisbad has 15 seconds left.\n|\n|t:|1699924276\n|move|p1a: Arcanine|Extreme Speed|p2a: Bellibolt\n|-damage|p2a: Bellibolt|64\/100\n|-start|p2a: Bellibolt|Charge|Extreme Speed|[from] ability: Electromorphosis\n|move|p2a: Bellibolt|Parabolic Charge|p1a: Arcanine|[spread] p2b,p1a,p1b\n|-supereffective|p1b: Ogerpon\n|-damage|p2b: Chandelure|23\/100\n|-heal|p2a: Bellibolt|95\/100|[from] drain|[of] p2b: Chandelure\n|-damage|p1a: Arcanine|0 fnt\n|-heal|p2a: Bellibolt|96\/100|[from] drain|[of] p1a: Arcanine\n|-damage|p1b: Ogerpon|0 fnt\n|-heal|p2a: Bellibolt|100\/100|[from] drain|[of] p1b: Ogerpon\n|faint|p1a: Arcanine\n|faint|p1b: Ogerpon\n|-end|p2a: Bellibolt|Charge|[silent]\n|move|p2b: Chandelure|Flamethrower|p1: Arcanine|[notarget]\n|-fail|p2b: Chandelure\n|\n|-fieldend|move: Trick Room\n|upkeep\n|\n|t:|1699924280\n|switch|p1b: Chien-Pao|Chien-Pao, L50|100\/100\n|-ability|p1b: Chien-Pao|Sword of Ruin\n|turn|6\n|\n|t:|1699924297\n|move|p1b: Chien-Pao|Sucker Punch||[still]\n|-fail|p1b: Chien-Pao\n|move|p2b: Chandelure|Pain Split|p1b: Chien-Pao\n|-sethp|p1b: Chien-Pao|63\/100|[from] move: Pain Split|[silent]\n|-sethp|p2b: Chandelure|59\/100|[from] move: Pain Split\n|move|p2a: Bellibolt|Parabolic Charge|p1b: Chien-Pao|[spread] p2b,p1b\n|-damage|p2b: Chandelure|24\/100\n|-damage|p1b: Chien-Pao|2\/100\n|\n|upkeep\n|turn|7\n|-message|mypriestisbad forfeited.\n|\n|win|Casper614\n|raw|mypriestisbad's rating: 1305 &rarr; <strong>1285<\/strong><br \/>(-20 for losing)\n|raw|Casper614's rating: 1313 &rarr; <strong>1333<\/strong><br \/>(+20 for winning)\n|l|\u2606mypriestisbad\n","uploadtime":1699924318,"views":12,"p1id":"mypriestisbad","p2id":"casper614","formatid":"gen9vgc2023regulatione","rating":1285,"private":0,"password":""}