{"id":"gen9vgc2023regulatione-1987966442","p1":"ManishK","p2":"zanethrillseek","format":"[Gen 9] VGC 2023 Regulation E","log":"|j|\u2606ManishK\n|j|\u2606zanethrillseek\n|t:|1699654020\n|gametype|doubles\n|player|p1|ManishK|wattson|1164\n|player|p2|zanethrillseek|hilbert-wonderlauncher|1233\n|teamsize|p1|6\n|teamsize|p2|6\n|gen|9\n|tier|[Gen 9] VGC 2023 Regulation E\n|rated|\n|rule|Species Clause: Limit one of each Pok\u00e9mon\n|rule|Item Clause: Limit one of each item\n|clearpoke\n|poke|p1|Hawlucha, L50, M|\n|poke|p1|Rillaboom, L50, F|\n|poke|p1|Sinistcha, L50|\n|poke|p1|Arcanine-Hisui, L50, F|\n|poke|p1|Clefairy, L50, F|\n|poke|p1|Flutter Mane, L50|\n|poke|p2|Tornadus, L50, M|\n|poke|p2|Chien-Pao, L50|\n|poke|p2|Rillaboom, L50, M|\n|poke|p2|Arcanine-Hisui, L50, F|\n|poke|p2|Flutter Mane, L50|\n|poke|p2|Urshifu-*, L50, F|\n|teampreview|4\n|c|\u2606ManishK|glhf\n|c|\u2606zanethrillseek|u2\n|\n|t:|1699654070\n|start\n|switch|p1a: Rillaboom|Rillaboom, L50, F|100\/100\n|switch|p1b: Arcanine|Arcanine-Hisui, L50, F, shiny|100\/100\n|switch|p2a: Tornadus|Tornadus, L50, M|100\/100\n|switch|p2b: Urshifu|Urshifu-Rapid-Strike, L50, F|100\/100\n|-ability|p1b: Arcanine|Intimidate|boost\n|-unboost|p2a: Tornadus|atk|1\n|-unboost|p2b: Urshifu|atk|1\n|-fieldstart|move: Grassy Terrain|[from] ability: Grassy Surge|[of] p1a: Rillaboom\n|turn|1\n|\n|t:|1699654121\n|-terastallize|p2a: Tornadus|Ghost\n|move|p1a: Rillaboom|Fake Out|p2b: Urshifu\n|-damage|p2b: Urshifu|86\/100\n|move|p2a: Tornadus|Rain Dance|p2a: Tornadus\n|-weather|RainDance\n|move|p1b: Arcanine|Rock Slide|p2b: Urshifu|[spread] p2a,p2b\n|-resisted|p2b: Urshifu\n|-damage|p2a: Tornadus|63\/100\n|-damage|p2b: Urshifu|66\/100\n|cant|p2b: Urshifu|flinch\n|\n|-weather|RainDance|[upkeep]\n|-heal|p2b: Urshifu|73\/100|[from] Grassy Terrain\n|-heal|p2a: Tornadus|69\/100|[from] Grassy Terrain\n|upkeep\n|turn|2\n|\n|t:|1699654144\n|switch|p1b: Clefairy|Clefairy, L50, F|100\/100\n|move|p1a: Rillaboom|Grassy Glide|p2b: Urshifu\n|-supereffective|p2b: Urshifu\n|-damage|p2b: Urshifu|0 fnt\n|faint|p2b: Urshifu\n|move|p2a: Tornadus|Bleakwind Storm|p1b: Clefairy|[spread] p1a,p1b\n|-supereffective|p1a: Rillaboom\n|-damage|p1a: Rillaboom|64\/100\n|-damage|p1b: Clefairy|81\/100\n|-unboost|p1b: Clefairy|spe|1\n|\n|-weather|RainDance|[upkeep]\n|-heal|p2a: Tornadus|75\/100|[from] Grassy Terrain\n|-heal|p1a: Rillaboom|70\/100|[from] Grassy Terrain\n|-heal|p1b: Clefairy|88\/100|[from] Grassy Terrain\n|upkeep\n|\n|t:|1699654160\n|switch|p2b: Flutter Mane|Flutter Mane, L50|100\/100\n|-enditem|p2b: Flutter Mane|Booster Energy\n|-activate|p2b: Flutter Mane|ability: Protosynthesis|[fromitem]\n|-start|p2b: Flutter Mane|protosynthesisspa\n|turn|3\n|\n|t:|1699654208\n|move|p1a: Rillaboom|Grassy Glide|p2b: Flutter Mane\n|-damage|p2b: Flutter Mane|39\/100\n|move|p2b: Flutter Mane|Moonblast|p1a: Rillaboom\n|-damage|p1a: Rillaboom|34\/100\n|move|p2a: Tornadus|Bleakwind Storm|p1b: Clefairy|[spread] p1a,p1b\n|-supereffective|p1a: Rillaboom\n|-damage|p1a: Rillaboom|3\/100\n|-damage|p1b: Clefairy|68\/100\n|-unboost|p1a: Rillaboom|spe|1\n|-unboost|p1b: Clefairy|spe|1\n|move|p1b: Clefairy|Heal Pulse|p1a: Rillaboom\n|-heal|p1a: Rillaboom|54\/100\n|\n|-weather|RainDance|[upkeep]\n|-heal|p2b: Flutter Mane|45\/100|[from] Grassy Terrain\n|-heal|p2a: Tornadus|81\/100|[from] Grassy Terrain\n|-heal|p1a: Rillaboom|59\/100|[from] Grassy Terrain\n|-heal|p1b: Clefairy|75\/100|[from] Grassy Terrain\n|upkeep\n|turn|4\n|c|\u2606ManishK|dang\n|\n|t:|1699654257\n|-end|p2b: Flutter Mane|Protosynthesis|[silent]\n|switch|p2b: Arcanine|Arcanine-Hisui, L50, F|100\/100\n|-ability|p2b: Arcanine|Intimidate|boost\n|-unboost|p1a: Rillaboom|atk|1\n|-unboost|p1b: Clefairy|atk|1\n|move|p1b: Clefairy|Follow Me|p1b: Clefairy\n|-singleturn|p1b: Clefairy|move: Follow Me\n|move|p1a: Rillaboom|Grassy Glide|p2b: Arcanine\n|-damage|p2b: Arcanine|77\/100\n|move|p2a: Tornadus|Bleakwind Storm|p1b: Clefairy|[spread] p1a,p1b\n|-supereffective|p1a: Rillaboom\n|-damage|p1a: Rillaboom|23\/100\n|-damage|p1b: Clefairy|54\/100\n|-unboost|p1b: Clefairy|spe|1\n|\n|-weather|RainDance|[upkeep]\n|-heal|p2a: Tornadus|87\/100|[from] Grassy Terrain\n|-heal|p2b: Arcanine|83\/100|[from] Grassy Terrain\n|-heal|p1a: Rillaboom|29\/100|[from] Grassy Terrain\n|-heal|p1b: Clefairy|60\/100|[from] Grassy Terrain\n|upkeep\n|turn|5\n|\n|t:|1699654293\n|switch|p1a: Arcanine|Arcanine-Hisui, L50, F, shiny|100\/100\n|-ability|p1a: Arcanine|Intimidate|boost\n|-unboost|p2a: Tornadus|atk|1\n|-unboost|p2b: Arcanine|atk|1\n|move|p1b: Clefairy|Protect|p1b: Clefairy\n|-singleturn|p1b: Clefairy|Protect\n|move|p2a: Tornadus|Bleakwind Storm|p1a: Arcanine|[spread] p1a\n|-activate|p1b: Clefairy|move: Protect\n|-resisted|p1a: Arcanine\n|-damage|p1a: Arcanine|86\/100\n|move|p2b: Arcanine|Rock Slide|p1a: Arcanine|[spread] p1a\n|-activate|p1b: Clefairy|move: Protect\n|-supereffective|p1a: Arcanine\n|-damage|p1a: Arcanine|39\/100\n|\n|-weather|none\n|-heal|p1a: Arcanine|45\/100|[from] Grassy Terrain\n|-heal|p2a: Tornadus|93\/100|[from] Grassy Terrain\n|-heal|p2b: Arcanine|89\/100|[from] Grassy Terrain\n|-heal|p1b: Clefairy|66\/100|[from] Grassy Terrain\n|-fieldend|move: Grassy Terrain\n|upkeep\n|turn|6\n|\n|t:|1699654348\n|-terastallize|p1a: Arcanine|Normal\n|move|p2a: Tornadus|Tailwind|p2a: Tornadus\n|-sidestart|p2: zanethrillseek|move: Tailwind\n|move|p2b: Arcanine|Rock Slide|p1a: Arcanine|[spread] p1a,p1b\n|-damage|p1a: Arcanine|21\/100\n|-damage|p1b: Clefairy|37\/100\n|cant|p1a: Arcanine|flinch\n|cant|p1b: Clefairy|flinch\n|\n|upkeep\n|turn|7\n|c|\u2606ManishK|DAMN IT\n|c|\u2606zanethrillseek|lets goooo\n|\n|t:|1699654388\n|switch|p1a: Rillaboom|Rillaboom, L50, F|29\/100\n|-fieldstart|move: Grassy Terrain|[from] ability: Grassy Surge|[of] p1a: Rillaboom\n|move|p2a: Tornadus|Bleakwind Storm|p1b: Clefairy|[spread] p1a,p1b\n|-supereffective|p1a: Rillaboom\n|-damage|p1a: Rillaboom|0 fnt\n|-damage|p1b: Clefairy|16\/100\n|faint|p1a: Rillaboom\n|move|p2b: Arcanine|Rock Slide|p1b: Clefairy\n|-damage|p1b: Clefairy|0 fnt\n|faint|p1b: Clefairy\n|\n|-heal|p2a: Tornadus|99\/100|[from] Grassy Terrain\n|-heal|p2b: Arcanine|95\/100|[from] Grassy Terrain\n|upkeep\n|\n|t:|1699654403\n|switch|p1a: HIYAAAAA|Hawlucha, L50, M|100\/100\n|switch|p1b: Arcanine|Arcanine-Hisui, L50, F, shiny, tera:Normal|21\/100\n|-enditem|p1a: HIYAAAAA|Grassy Seed\n|-boost|p1a: HIYAAAAA|def|1|[from] item: Grassy Seed\n|-ability|p1b: Arcanine|Intimidate|boost\n|-unboost|p2a: Tornadus|atk|1\n|-unboost|p2b: Arcanine|atk|1\n|turn|8\n|\n|t:|1699654452\n|switch|p2b: Flutter Mane|Flutter Mane, L50|45\/100\n|move|p1a: HIYAAAAA|Close Combat|p2b: Flutter Mane\n|-immune|p2b: Flutter Mane\n|move|p2a: Tornadus|Bleakwind Storm|p1a: HIYAAAAA|[spread] p1a,p1b\n|-supereffective|p1a: HIYAAAAA\n|-damage|p1a: HIYAAAAA|13\/100\n|-damage|p1b: Arcanine|0 fnt\n|faint|p1b: Arcanine\n|\n|-heal|p2b: Flutter Mane|51\/100|[from] Grassy Terrain\n|-heal|p2a: Tornadus|100\/100|[from] Grassy Terrain\n|upkeep\n|turn|9\n|c|\u2606ManishK|good read\n|c|\u2606ManishK|ggs\n|c|\u2606ManishK|wp\n|l|\u2606ManishK\n|player|p1|\n|c|\u2606zanethrillseek|thanks\n|inactive|Battle timer is ON: inactive players will automatically lose when time's up. (requested by zanethrillseek)\n|inactive|ManishK has 30 seconds to reconnect!\n|inactive|ManishK has 20 seconds to reconnect!\n|inactive|ManishK has 15 seconds to reconnect!\n|inactive|ManishK has 10 seconds to reconnect!\n|inactive|ManishK has 5 seconds to reconnect!\n|-message|ManishK lost due to inactivity.\n|\n|win|zanethrillseek\n|raw|ManishK's rating: 1164 &rarr; <strong>1144<\/strong><br \/>(-20 for losing)\n|raw|zanethrillseek's rating: 1233 &rarr; <strong>1253<\/strong><br \/>(+20 for winning)\n","uploadtime":1699654577,"views":12,"p1id":"manishk","p2id":"zanethrillseek","formatid":"gen9vgc2023regulatione","rating":1144,"private":0,"password":""}