{"id":"gen9vgc2023regulatione-1998317536","p1":"TobiYume","p2":"AndrewsWho","format":"[Gen 9] VGC 2023 Regulation E","log":"|j|\u2606TobiYume\n|j|\u2606AndrewsWho\n|n|\u2606TobiYume|tobiyume\n|n|\u2606AndrewsWho|andrewswho\n|html|View the match progress at <a href=\"\/game-bestof3-gen9vgc2023regulatione-1998315270\">game-bestof3-gen9vgc2023regulatione-1998315270<\/a>\n|t:|1700928725\n|gametype|doubles\n|player|p1|TobiYume|n|\n|player|p2|AndrewsWho|lucas|\n|teamsize|p1|6\n|teamsize|p2|6\n|gen|9\n|tier|[Gen 9] VGC 2023 Regulation E\n|rule|Species Clause: Limit one of each Pok\u00e9mon\n|rule|Item Clause: Limit one of each item\n|clearpoke\n|poke|p1|Kommo-o, L50, F|\n|poke|p1|Arcanine-Hisui, L50, M|\n|poke|p1|Rillaboom, L50, M|\n|poke|p1|Moltres-Galar, L50|\n|poke|p1|Ninetales-Alola, L50, F|\n|poke|p1|Sinistcha, L50|\n|poke|p2|Arcanine-Hisui, L50, F|\n|poke|p2|Urshifu-*, L50, F|\n|poke|p2|Tornadus, L50, M|\n|poke|p2|Gholdengo, L50|\n|poke|p2|Iron Hands, L50|\n|poke|p2|Amoonguss, L50, F|\n|teampreview|4\nTobiYume has agreed to open team sheets.\nAndrewsWho has agreed to open team sheets.\n|showteam|p1|Kommo-o||Leftovers|Bulletproof|IronDefense,BodyPress,IronHead,Protect|||F|||50|,,,,,Steel]Arcanine-Hisui||SafetyGoggles|Intimidate|FlareBlitz,RockSlide,ExtremeSpeed,WillOWisp|||M|||50|,,,,,Water]Rillaboom||AssaultVest|GrassySurge|FakeOut,GrassyGlide,WoodHammer,Uturn|||M|||50|,,,,,Fire]Moltres-Galar||SitrusBerry|Berserk|FieryWrath,AirSlash,NastyPlot,Protect||||||50|,,,,,Poison]Ninetales-Alola||LightClay|SnowWarning|AuroraVeil,IcyWind,Moonblast,HelpingHand|||F|||50|,,,,,Water]Sinistcha||RockyHelmet|Hospitality|MatchaGotcha,LifeDew,TrickRoom,RagePowder||||||50|,,,,,Fairy\n|showteam|p2|Arcanine-Hisui||ChoiceBand|Intimidate|RockSlide,FlareBlitz,ExtremeSpeed,HeadSmash|||F|||50|,,,,,Fairy]Urshifu-Rapid-Strike||MysticWater|UnseenFist|SurgingStrikes,AquaJet,CloseCombat,Detect|||F|||50|,,,,,Water]Tornadus||RockyHelmet|Prankster|BleakwindStorm,Tailwind,RainDance,Protect|||M|||50|,,,,,Steel]Gholdengo||Leftovers|GoodasGold|MakeItRain,ShadowBall,Protect,NastyPlot||||||50|,,,,,Dragon]Iron Hands||AssaultVest|QuarkDrive|WildCharge,DrainPunch,VoltSwitch,FakeOut||||||50|,,,,,Water]Amoonguss||SitrusBerry|Regenerator|PollenPuff,Spore,RagePowder,Protect|||F|||50|,,,,,Water\n|\n|t:|1700928754\n|start\n|switch|p1a: Moltres|Moltres-Galar, L50|100\/100\n|switch|p1b: Rillaboom|Rillaboom, L50, M|100\/100\n|switch|p2a: Gholdengo|Gholdengo, L50|100\/100\n|switch|p2b: Iron Hands|Iron Hands, L50|100\/100\n|-fieldstart|move: Grassy Terrain|[from] ability: Grassy Surge|[of] p1b: Rillaboom\n|turn|1\n|\n|t:|1700928776\n|move|p1b: Rillaboom|Fake Out|p2b: Iron Hands\n|-damage|p2b: Iron Hands|90\/100\n|cant|p2b: Iron Hands|flinch\n|move|p2a: Gholdengo|Nasty Plot|p2a: Gholdengo\n|-boost|p2a: Gholdengo|spa|2\n|move|p1a: Moltres|Nasty Plot|p1a: Moltres\n|-boost|p1a: Moltres|spa|2\n|\n|-heal|p2b: Iron Hands|96\/100|[from] Grassy Terrain\n|upkeep\n|turn|2\n|\n|t:|1700928806\n|-terastallize|p2a: Gholdengo|Dragon\n|-terastallize|p1b: Rillaboom|Fire\n|move|p2a: Gholdengo|Make It Rain|p1a: Moltres|[spread] p1a,p1b\n|-resisted|p1b: Rillaboom\n|-damage|p1a: Moltres|24\/100\n|-damage|p1b: Rillaboom|64\/100\n|-unboost|p2a: Gholdengo|spa|1\n|-ability|p1a: Moltres|Berserk|boost\n|-boost|p1a: Moltres|spa|1\n|-enditem|p1a: Moltres|Sitrus Berry|[eat]\n|-heal|p1a: Moltres|49\/100|[from] item: Sitrus Berry\n|move|p1a: Moltres|Fiery Wrath|p2a: Gholdengo|[spread] p2a,p2b\n|-resisted|p2b: Iron Hands\n|-damage|p2a: Gholdengo|14\/100\n|-damage|p2b: Iron Hands|80\/100\n|move|p1b: Rillaboom|Wood Hammer|p2b: Iron Hands\n|-damage|p2b: Iron Hands|23\/100\n|-damage|p1b: Rillaboom|42\/100|[from] Recoil\n|move|p2b: Iron Hands|Volt Switch|p1a: Moltres\n|-supereffective|p1a: Moltres\n|-damage|p1a: Moltres|27\/100\n|\n|t:|1700928829\n|-end|p2b: Iron Hands|Quark Drive|[silent]\n|switch|p2b: Arcanine|Arcanine-Hisui, L50, F|100\/100|[from] Volt Switch\n|-ability|p2b: Arcanine|Intimidate|boost\n|-unboost|p1a: Moltres|atk|1\n|-unboost|p1b: Rillaboom|atk|1\n|\n|-heal|p2a: Gholdengo|20\/100|[from] Grassy Terrain\n|-heal|p2a: Gholdengo|26\/100|[from] item: Leftovers\n|-heal|p1b: Rillaboom|48\/100|[from] Grassy Terrain\n|upkeep\n|turn|3\n|\n|t:|1700928846\n|move|p2a: Gholdengo|Protect|p2a: Gholdengo\n|-singleturn|p2a: Gholdengo|Protect\n|move|p1a: Moltres|Protect|p1a: Moltres\n|-singleturn|p1a: Moltres|Protect\n|move|p1b: Rillaboom|Grassy Glide|p2a: Gholdengo\n|-activate|p2a: Gholdengo|move: Protect\n|move|p2b: Arcanine|Rock Slide|p1a: Moltres|[spread] \n|-activate|p1a: Moltres|move: Protect\n|-miss|p2b: Arcanine|p1b: Rillaboom\n|\n|-heal|p2a: Gholdengo|32\/100|[from] Grassy Terrain\n|-heal|p2a: Gholdengo|39\/100|[from] item: Leftovers\n|-heal|p1b: Rillaboom|54\/100|[from] Grassy Terrain\n|upkeep\n|turn|4\n|\n|t:|1700928863\n|move|p1b: Rillaboom|Grassy Glide|p2a: Gholdengo\n|-resisted|p2a: Gholdengo\n|-damage|p2a: Gholdengo|24\/100\n|move|p2a: Gholdengo|Shadow Ball|p1b: Rillaboom\n|-damage|p1b: Rillaboom|9\/100\n|-unboost|p1b: Rillaboom|spd|1\n|move|p2b: Arcanine|Rock Slide|p1b: Rillaboom|[spread] p1a,p1b\n|-supereffective|p1a: Moltres\n|-supereffective|p1b: Rillaboom\n|-damage|p1a: Moltres|0 fnt\n|-damage|p1b: Rillaboom|0 fnt\n|faint|p1a: Moltres\n|faint|p1b: Rillaboom\n|\n|-heal|p2a: Gholdengo|31\/100|[from] Grassy Terrain\n|-heal|p2a: Gholdengo|37\/100|[from] item: Leftovers\n|upkeep\n|\n|t:|1700928872\n|switch|p1a: Ninetales|Ninetales-Alola, L50, F|100\/100\n|switch|p1b: Sinistcha|Sinistcha, L50|100\/100\n|-weather|Snow|[from] ability: Snow Warning|[of] p1a: Ninetales\n|turn|5\n|\n|t:|1700928890\n|move|p1a: Ninetales|Moonblast|p2a: Gholdengo\n|-supereffective|p2a: Gholdengo\n|-damage|p2a: Gholdengo|0 fnt\n|faint|p2a: Gholdengo\n|move|p2b: Arcanine|Rock Slide|p1b: Sinistcha|[spread] p1a\n|-miss|p2b: Arcanine|p1b: Sinistcha\n|-supereffective|p1a: Ninetales\n|-damage|p1a: Ninetales|24\/100\n|move|p1b: Sinistcha|Matcha Gotcha|p2b: Arcanine\n|-damage|p2b: Arcanine|47\/100\n|\n|-weather|Snow|[upkeep]\n|-heal|p1a: Ninetales|30\/100|[from] Grassy Terrain\n|-heal|p2b: Arcanine|53\/100|[from] Grassy Terrain\n|-fieldend|move: Grassy Terrain\n|upkeep\n|\n|t:|1700928909\n|switch|p2a: Iron Hands|Iron Hands, L50|23\/100\n|turn|6\n|\n|t:|1700928915\n|move|p1a: Ninetales|Helping Hand|p1b: Sinistcha\n|-singleturn|p1b: Sinistcha|Helping Hand|[of] p1a: Ninetales\n|move|p2a: Iron Hands|Fake Out|p1a: Ninetales\n|-damage|p1a: Ninetales|15\/100\n|move|p2b: Arcanine|Rock Slide|p1a: Ninetales|[spread] p1a,p1b\n|-supereffective|p1a: Ninetales\n|-damage|p1a: Ninetales|0 fnt\n|-damage|p1b: Sinistcha|61\/100\n|faint|p1a: Ninetales\n|move|p1b: Sinistcha|Matcha Gotcha|p2b: Arcanine|[spread] p2b\n|-miss|p1b: Sinistcha|p2a: Iron Hands\n|-damage|p2b: Arcanine|7\/100\n|-heal|p1b: Sinistcha|84\/100|[from] drain|[of] p2b: Arcanine\n|\n|-weather|Snow|[upkeep]\n|upkeep\n|turn|7\n|\n|t:|1700928937\n|switch|p2b: Urshifu|Urshifu-Rapid-Strike, L50, F|100\/100\n|move|p1b: Sinistcha|Matcha Gotcha|p2a: Iron Hands|[spread] p2a,p2b\n|-supereffective|p2b: Urshifu\n|-damage|p2a: Iron Hands|9\/100\n|-heal|p1b: Sinistcha|94\/100|[from] drain|[of] p2a: Iron Hands\n|-damage|p2b: Urshifu|33\/100\n|-heal|p1b: Sinistcha|100\/100|[from] drain|[of] p2b: Urshifu\n|-status|p2a: Iron Hands|brn\n|move|p2a: Iron Hands|Wild Charge|p1b: Sinistcha\n|-resisted|p1b: Sinistcha\n|-damage|p1b: Sinistcha|88\/100\n|-damage|p2a: Iron Hands|0 fnt|[from] item: Rocky Helmet|[of] p1b: Sinistcha\n|faint|p2a: Iron Hands\n|-end|p2a: Iron Hands|Quark Drive|[silent]\n|\n|-weather|Snow|[upkeep]\n|upkeep\n|\n|t:|1700928946\n|switch|p2a: Arcanine|Arcanine-Hisui, L50, F|7\/100\n|-ability|p2a: Arcanine|Intimidate|boost\n|-unboost|p1b: Sinistcha|atk|1\n|turn|8\n|\n|t:|1700928956\n|move|p2a: Arcanine|Flare Blitz|p1b: Sinistcha\n|-supereffective|p1b: Sinistcha\n|-damage|p1b: Sinistcha|0 fnt\n|-damage|p2a: Arcanine|0 fnt|[from] item: Rocky Helmet|[of] p1b: Sinistcha\n|faint|p1b: Sinistcha\n|faint|p2a: Arcanine\n|\n|win|AndrewsWho\n|c|\u2606TobiYume|gg\n|c|\u2606AndrewsWho|gggs\n|c|\u2606AndrewsWho|ggs*\n|l|\u2606AndrewsWho\n","uploadtime":1700929090,"views":2,"p1id":"tobiyume","p2id":"andrewswho","formatid":"gen9vgc2023regulatione","rating":0,"private":0,"password":""}