{"id":"gen9vgc2023regulatione-1988157341","p1":"ScorchSb","p2":"linguss","format":"[Gen 9] VGC 2023 Regulation E","log":"|j|\u2606ScorchSb\n|j|\u2606linguss\n|n|\u2606ScorchSb|scorchsb\n|n|\u2606linguss|linguss\n|html|View the match progress at <a href=\"\/game-bestof3-gen9vgc2023regulatione-1988155724\">game-bestof3-gen9vgc2023regulatione-1988155724<\/a>\n|t:|1699676995\n|gametype|doubles\n|player|p1|ScorchSb|1|\n|player|p2|linguss|101|\n|teamsize|p1|6\n|teamsize|p2|6\n|gen|9\n|tier|[Gen 9] VGC 2023 Regulation E\n|rule|Species Clause: Limit one of each Pok\u00e9mon\n|rule|Item Clause: Limit one of each item\n|clearpoke\n|poke|p1|Landorus-Therian, L50, M|\n|poke|p1|Regieleki, L50|\n|poke|p1|Talonflame, L50, M|\n|poke|p1|Pincurchin, L50, F|\n|poke|p1|Zoroark-Hisui, L50, F|\n|poke|p1|Palafin, L50, F|\n|poke|p2|Roaring Moon, L50|\n|poke|p2|Ogerpon, L50, F|\n|poke|p2|Okidogi, L50, M|\n|poke|p2|Azumarill, L50, F|\n|poke|p2|Armarouge, L50, F|\n|poke|p2|Sandy Shocks, L50|\n|teampreview|4\nScorchSb rejected open team sheets.\n|\n|t:|1699677034\n|start\n|switch|p1a: Regieleki|Regieleki, L50|100\/100\n|switch|p1b: Palafin|Palafin, L50, F|100\/100\n|switch|p2a: Ogerpon|Ogerpon, L50, F|100\/100\n|switch|p2b: Sandy Shocks|Sandy Shocks, L50|100\/100\n|turn|1\n|\n|t:|1699677062\n|detailschange|p1b: Palafin|Palafin-Hero, L50, F\n|switch|p1b: Regieleki|Regieleki, L50|100\/100\n|move|p2b: Sandy Shocks|Volt Switch|p1a: Regieleki\n|-damage|p1a: Regieleki|27\/100\n|replace|p1a: Zoroark|Zoroark-Hisui, L50, F\n|-end|p1a: Zoroark|Illusion\n|\n|t:|1699677070\n|-end|p2b: Sandy Shocks|Protosynthesis|[silent]\n|switch|p2b: Roaring Moon|Roaring Moon, L50|100\/100|[from] Volt Switch\n|-enditem|p2b: Roaring Moon|Booster Energy\n|-activate|p2b: Roaring Moon|ability: Protosynthesis|[fromitem]\n|-start|p2b: Roaring Moon|protosynthesisspe\n|move|p1a: Zoroark|Flamethrower|p2a: Ogerpon\n|-supereffective|p2a: Ogerpon\n|-damage|p2a: Ogerpon|9\/100\n|move|p2a: Ogerpon|Ivy Cudgel|p1a: Zoroark\n|-damage|p1a: Zoroark|0 fnt\n|faint|p1a: Zoroark\n|\n|upkeep\n|\n|t:|1699677084\n|switch|p1a: Palafin|Palafin-Hero, L50, F|100\/100\n|-activate|p1a: Palafin|ability: Zero to Hero\n|turn|2\n|\n|t:|1699677132\n|switch|p2a: Sandy Shocks|Sandy Shocks, L50|100\/100\n|-terastallize|p1a: Palafin|Grass\n|move|p2b: Roaring Moon|Protect|p2b: Roaring Moon\n|-singleturn|p2b: Roaring Moon|Protect\n|move|p1b: Regieleki|Electroweb|p2a: Sandy Shocks|[spread] \n|-activate|p2b: Roaring Moon|move: Protect\n|-immune|p2a: Sandy Shocks\n|move|p1a: Palafin|Bulk Up|p1a: Palafin\n|-boost|p1a: Palafin|atk|1\n|-boost|p1a: Palafin|def|1\n|\n|upkeep\n|turn|3\n|\n|t:|1699677156\n|move|p1b: Regieleki|Volt Switch|p2b: Roaring Moon\n|-resisted|p2b: Roaring Moon\n|-damage|p2b: Roaring Moon|85\/100\n|\n|t:|1699677159\n|switch|p1b: Landorus|Landorus-Therian, L50, M|100\/100|[from] Volt Switch\n|-ability|p1b: Landorus|Intimidate|boost\n|-unboost|p2a: Sandy Shocks|atk|1\n|-unboost|p2b: Roaring Moon|atk|1\n|move|p2b: Roaring Moon|Acrobatics|p1a: Palafin\n|-supereffective|p1a: Palafin\n|-damage|p1a: Palafin|71\/100\n|move|p2a: Sandy Shocks|Earth Power|p1b: Landorus\n|-immune|p1b: Landorus\n|move|p1a: Palafin|Bulk Up|p1a: Palafin\n|-boost|p1a: Palafin|atk|1\n|-boost|p1a: Palafin|def|1\n|\n|-heal|p1a: Palafin|76\/100|[from] item: Leftovers\n|upkeep\n|turn|4\n|\n|t:|1699677183\n|-end|p2b: Roaring Moon|Protosynthesis|[silent]\n|switch|p2b: Azumarill|Azumarill, L50, F|100\/100\n|move|p2a: Sandy Shocks|Earth Power|p1a: Palafin\n|-resisted|p1a: Palafin\n|-damage|p1a: Palafin|56\/100\n|move|p1b: Landorus|Rock Slide|p2b: Azumarill|[spread] p2a,p2b\n|-resisted|p2a: Sandy Shocks\n|-damage|p2a: Sandy Shocks|88\/100\n|-damage|p2b: Azumarill|79\/100\n|move|p1a: Palafin|Drain Punch|p2a: Sandy Shocks\n|-damage|p2a: Sandy Shocks|21\/100\n|-heal|p1a: Palafin|83\/100|[from] drain|[of] p2a: Sandy Shocks\n|\n|-heal|p1a: Palafin|88\/100|[from] item: Leftovers\n|upkeep\n|turn|5\n|\n|t:|1699677225\n|-end|p2a: Sandy Shocks|Protosynthesis|[silent]\n|switch|p2a: Roaring Moon|Roaring Moon, L50|85\/100\n|move|p1b: Landorus|Stomping Tantrum|p2b: Azumarill\n|-damage|p2b: Azumarill|31\/100\n|-enditem|p2b: Azumarill|Sitrus Berry|[eat]\n|-heal|p2b: Azumarill|55\/100|[from] item: Sitrus Berry\n|move|p1a: Palafin|Drain Punch|p2b: Azumarill\n|-resisted|p2b: Azumarill\n|-damage|p2b: Azumarill|28\/100\n|-heal|p1a: Palafin|100\/100|[from] drain|[of] p2b: Azumarill\n|move|p2b: Azumarill|Belly Drum||[still]\n|-fail|p2b: Azumarill\n|\n|upkeep\n|turn|6\n|\n|t:|1699677252\n|-terastallize|p2a: Roaring Moon|Flying\n|move|p1a: Palafin|Jet Punch|p2a: Roaring Moon\n|-damage|p2a: Roaring Moon|9\/100\n|move|p2b: Azumarill|Aqua Jet|p1b: Landorus\n|-supereffective|p1b: Landorus\n|-damage|p1b: Landorus|50\/100\n|move|p2a: Roaring Moon|Acrobatics|p1a: Palafin\n|-supereffective|p1a: Palafin\n|-damage|p1a: Palafin|51\/100\n|move|p1b: Landorus|Stomping Tantrum|p2b: Azumarill\n|-damage|p2b: Azumarill|0 fnt\n|faint|p2b: Azumarill\n|\n|-heal|p1a: Palafin|57\/100|[from] item: Leftovers\n|upkeep\n|\n|t:|1699677265\n|switch|p2b: Ogerpon|Ogerpon, L50, F|9\/100\n|turn|7\n|\n|t:|1699677287\n|move|p2b: Ogerpon|Follow Me|p2b: Ogerpon\n|-singleturn|p2b: Ogerpon|move: Follow Me\n|move|p1a: Palafin|Jet Punch|p2b: Ogerpon\n|-resisted|p2b: Ogerpon\n|-damage|p2b: Ogerpon|0 fnt\n|faint|p2b: Ogerpon\n|move|p2a: Roaring Moon|Acrobatics|p1b: Landorus\n|-damage|p1b: Landorus|0 fnt\n|faint|p1b: Landorus\n|\n|-heal|p1a: Palafin|63\/100|[from] item: Leftovers\n|upkeep\n|\n|t:|1699677297\n|switch|p2b: Sandy Shocks|Sandy Shocks, L50|21\/100\n|switch|p1b: Regieleki|Regieleki, L50|100\/100\n|turn|8\n|\n|t:|1699677323\n|move|p1b: Regieleki|Protect|p1b: Regieleki\n|-singleturn|p1b: Regieleki|Protect\n|move|p2b: Sandy Shocks|Earth Power|p1a: Palafin\n|-resisted|p1a: Palafin\n|-damage|p1a: Palafin|46\/100\n|move|p2a: Roaring Moon|Acrobatics|p1a: Palafin\n|-supereffective|p1a: Palafin\n|-damage|p1a: Palafin|0 fnt\n|faint|p1a: Palafin\n|\n|upkeep\n|turn|9\n|\n|t:|1699677343\n|move|p1b: Regieleki|Electroweb|p2a: Roaring Moon|[spread] p2a\n|-immune|p2b: Sandy Shocks\n|-supereffective|p2a: Roaring Moon\n|-damage|p2a: Roaring Moon|0 fnt\n|faint|p2a: Roaring Moon\n|-end|p2a: Roaring Moon|Protosynthesis|[silent]\n|move|p2b: Sandy Shocks|Earth Power|p1b: Regieleki\n|-supereffective|p1b: Regieleki\n|-enditem|p1b: Regieleki|Focus Sash\n|-damage|p1b: Regieleki|1\/100\n|\n|upkeep\n|turn|10\n|\n|t:|1699677354\n|move|p1b: Regieleki|Explosion|p2b: Sandy Shocks\n|-damage|p2b: Sandy Shocks|0 fnt\n|faint|p1b: Regieleki\n|faint|p2b: Sandy Shocks\n|-end|p2b: Sandy Shocks|Protosynthesis|[silent]\n|\n|win|linguss\n|c|\u2606ScorchSb|lmao rip\n|c|\u2606ScorchSb|should have protected the pala\n|c|\u2606linguss|damn lol i think that should count as your win lmao\n|c|\u2606ScorchSb|yeah truue lol i got the first knock\n|c|\u2606linguss|i assumed you didnt have protect on pala that sucks lol\n|c|\u2606ScorchSb|i did i was just guessing you were gonna go for regi\n|c|\u2606ScorchSb|shouldve just exploded and prtoected\n|c|\u2606ScorchSb|do you have the replay?\n|c|\u2606linguss|I can report the games ggs I love the team\n|c|\u2606linguss|Ye\n|c|\u2606ScorchSb|hell yee i wish i had a little more attack against the oger so i couldve ohkoed\n","uploadtime":1699677496,"views":60,"p1id":"scorchsb","p2id":"linguss","formatid":"gen9vgc2023regulatione","rating":0,"private":0,"password":""}