{"id":"gen9vgc2023regulatione-1993897141","p1":"Atyrri","p2":"MTM3000","format":"[Gen 9] VGC 2023 Regulation E","log":"|j|\u2606Atyrri\n|j|\u2606MTM3000\n|t:|1700371804\n|gametype|doubles\n|player|p1|Atyrri|n|1093\n|player|p2|MTM3000|pokekid|1137\n|teamsize|p1|6\n|teamsize|p2|6\n|gen|9\n|tier|[Gen 9] VGC 2023 Regulation E\n|rated|\n|rule|Species Clause: Limit one of each Pok\u00e9mon\n|rule|Item Clause: Limit one of each item\n|clearpoke\n|poke|p1|Meowscarada, L50, F|\n|poke|p1|Empoleon, L50, M|\n|poke|p1|Typhlosion-Hisui, L50, M|\n|poke|p1|Iron Hands, L50|\n|poke|p1|Landorus-Therian, L50, M|\n|poke|p1|Sinistcha, L50|\n|poke|p2|Chi-Yu, L50|\n|poke|p2|Ogerpon-Wellspring, L50, F|\n|poke|p2|Pikachu, L50, F|\n|poke|p2|Articuno-Galar, L50|\n|poke|p2|Gholdengo, L50|\n|poke|p2|Great Tusk, L50|\n|teampreview|4\n|inactive|Battle timer is ON: inactive players will automatically lose when time's up. (requested by MTM3000)\n|inactive|MTM3000 has 60 seconds left.\n|\n|t:|1700371835\n|start\n|switch|p1a: Meowscarada|Meowscarada, L50, F|100\/100\n|switch|p1b: Empoleon|Empoleon, L50, M|100\/100\n|switch|p2a: Chi-Yu|Chi-Yu, L50|100\/100\n|switch|p2b: Ogerpon|Ogerpon-Wellspring, L50, F|100\/100\n|-ability|p2a: Chi-Yu|Beads of Ruin\n|turn|1\n|\n|t:|1700371857\n|move|p2b: Ogerpon|Follow Me|p2b: Ogerpon\n|-singleturn|p2b: Ogerpon|move: Follow Me\n|move|p1a: Meowscarada|Grass Pledge|p2b: Ogerpon\n|-waiting|p1a: Meowscarada|p1b: Empoleon\n|move|p1b: Empoleon|Water Pledge|p2b: Ogerpon|[from]move: Grass Pledge\n|-combine\n|-damage|p2b: Ogerpon|21\/100\n|-sidestart|p2: MTM3000|Grass Pledge\n|move|p2a: Chi-Yu|Heat Wave|p1b: Empoleon|[spread] p1a,p1b\n|-supereffective|p1a: Meowscarada\n|-enditem|p1a: Meowscarada|Focus Sash\n|-damage|p1a: Meowscarada|1\/100\n|-damage|p1b: Empoleon|50\/100\n|\n|upkeep\n|turn|2\n|inactive|Atyrri has 30 seconds left.\n|inactive|Atyrri has 20 seconds left.\n|inactive|Atyrri has 15 seconds left.\n|\n|t:|1700371899\n|move|p1a: Meowscarada|Grass Pledge|p2b: Ogerpon\n|-damage|p2b: Ogerpon|0 fnt\n|faint|p2b: Ogerpon\n|move|p1b: Empoleon|Flip Turn|p2a: Chi-Yu\n|-supereffective|p2a: Chi-Yu\n|-damage|p2a: Chi-Yu|58\/100\n|\n|t:|1700371909\n|switch|p1b: Iron Hands|Iron Hands, L50|100\/100|[from] Flip Turn\n|move|p2a: Chi-Yu|Heat Wave|p1b: Iron Hands|[spread] p1a,p1b\n|-supereffective|p1a: Meowscarada\n|-damage|p1a: Meowscarada|0 fnt\n|-damage|p1b: Iron Hands|72\/100\n|faint|p1a: Meowscarada\n|\n|-heal|p2a: Chi-Yu|64\/100|[from] item: Leftovers\n|upkeep\n|\n|t:|1700371919\n|switch|p1a: Empoleon|Empoleon, L50, M|50\/100\n|switch|p2b: Great Tusk|Great Tusk, L50|100\/100\n|-enditem|p2b: Great Tusk|Booster Energy\n|-activate|p2b: Great Tusk|ability: Protosynthesis|[fromitem]\n|-start|p2b: Great Tusk|protosynthesisatk\n|turn|3\n|\n|t:|1700371931\n|move|p2b: Great Tusk|Protect|p2b: Great Tusk\n|-singleturn|p2b: Great Tusk|Protect\n|move|p2a: Chi-Yu|Protect|p2a: Chi-Yu\n|-singleturn|p2a: Chi-Yu|Protect\n|move|p1b: Iron Hands|Fake Out|p2b: Great Tusk\n|-activate|p2b: Great Tusk|move: Protect\n|move|p1a: Empoleon|Water Pledge|p2a: Chi-Yu\n|-activate|p2a: Chi-Yu|move: Protect\n|\n|-heal|p2a: Chi-Yu|70\/100|[from] item: Leftovers\n|upkeep\n|turn|4\n|\n|t:|1700371946\n|move|p1a: Empoleon|Water Pledge|p2b: Great Tusk\n|-supereffective|p2b: Great Tusk\n|-damage|p2b: Great Tusk|0 fnt\n|faint|p2b: Great Tusk\n|-end|p2b: Great Tusk|Protosynthesis|[silent]\n|move|p1b: Iron Hands|Drain Punch|p2a: Chi-Yu\n|-supereffective|p2a: Chi-Yu\n|-damage|p2a: Chi-Yu|0 fnt\n|-heal|p1b: Iron Hands|94\/100|[from] drain|[of] p2a: Chi-Yu\n|faint|p2a: Chi-Yu\n|\n|-sideend|p2: MTM3000|Grass Pledge\n|upkeep\n|\n|t:|1700371954\n|switch|p2b: Articuno|Articuno-Galar, L50|100\/100\n|turn|5\n|\n|t:|1700371962\n|-terastallize|p2b: Articuno|Fairy\n|move|p2b: Articuno|Freezing Glare|p1b: Iron Hands\n|-supereffective|p1b: Iron Hands\n|-damage|p1b: Iron Hands|43\/100\n|move|p1a: Empoleon|Ice Beam|p2b: Articuno\n|-damage|p2b: Articuno|75\/100\n|-status|p2b: Articuno|frz\n|move|p1b: Iron Hands|Heavy Slam|p2b: Articuno\n|-supereffective|p2b: Articuno\n|-damage|p2b: Articuno|0 fnt\n|faint|p2b: Articuno\n|\n|win|Atyrri\n|raw|Atyrri's rating: 1093 &rarr; <strong>1122<\/strong><br \/>(+29 for winning)\n|raw|MTM3000's rating: 1137 &rarr; <strong>1109<\/strong><br \/>(-28 for losing)\n|l|\u2606MTM3000\n|c|\u2606Atyrri|gg\n","uploadtime":1700372013,"views":15,"p1id":"atyrri","p2id":"mtm3000","formatid":"gen9vgc2023regulatione","rating":1109,"private":0,"password":""}