{"id":"gen9vgc2023regulatione-1988203365","p1":"FatefulRequiem","p2":"NotSwitch417","format":"[Gen 9] VGC 2023 Regulation E","log":"|j|\u2606FatefulRequiem\n|j|\u2606NotSwitch417\n|t:|1699684568\n|gametype|doubles\n|player|p1|FatefulRequiem|lucas-gen4pt|\n|player|p2|NotSwitch417|iris-gen5bw2|\n|teamsize|p1|6\n|teamsize|p2|6\n|gen|9\n|tier|[Gen 9] VGC 2023 Regulation E\n|rule|Species Clause: Limit one of each Pok\u00e9mon\n|rule|Item Clause: Limit one of each item\n|clearpoke\n|poke|p1|Illumise, L50, F|\n|poke|p1|Ogerpon-Hearthflame, L50, F|\n|poke|p1|Ursaluna, L50, M|\n|poke|p1|Indeedee-F, L50, F|\n|poke|p1|Poliwrath, L50, F|\n|poke|p1|Roaring Moon, L50|\n|poke|p2|Overqwil, L50, F|\n|poke|p2|Thundurus-Therian, L50, M|\n|poke|p2|Politoed, L50, F|\n|poke|p2|Basculegion, L50, M|\n|poke|p2|Brute Bonnet, L50|\n|poke|p2|Frosmoth, L50, M|\n|teampreview|4\n|j| Burnerv2\n|\n|t:|1699684594\n|start\n|switch|p1a: Illumise|Illumise, L50, F|100\/100\n|switch|p1b: Ogerpon|Ogerpon-Hearthflame, L50, F|100\/100\n|switch|p2a: Politoed|Politoed, L50, F|100\/100\n|switch|p2b: Overqwil|Overqwil, L50, F|100\/100\n|-ability|p1b: Ogerpon|Mold Breaker\n|-ability|p2b: Overqwil|Intimidate|boost\n|-unboost|p1a: Illumise|atk|1\n|-unboost|p1b: Ogerpon|atk|1\n|-weather|RainDance|[from] ability: Drizzle|[of] p2a: Politoed\n|turn|1\n|j| DozenSBU\n|j| Fleechi\n|j| Toxic Chain\n|\n|t:|1699684627\n|-terastallize|p1b: Ogerpon|Fire\n|detailschange|p1b: Ogerpon|Ogerpon-Hearthflame-Tera, L50, F, tera:Fire\n|-ability|p1b: Ogerpon|Embody Aspect (Hearthflame)|boost\n|-boost|p1b: Ogerpon|atk|1\n|-terastallize|p2a: Politoed|Dragon\n|move|p1a: Illumise|Sunny Day|p1a: Illumise\n|-weather|SunnyDay\n|move|p1b: Ogerpon|Wood Hammer|p2a: Politoed\n|-resisted|p2a: Politoed\n|-damage|p2a: Politoed|72\/100\n|-damage|p1b: Ogerpon|89\/100|[from] Recoil\n|move|p2b: Overqwil|Poison Jab|p1b: Ogerpon\n|-damage|p1b: Ogerpon|40\/100\n|-status|p1b: Ogerpon|psn\n|move|p2a: Politoed|Muddy Water|p1a: Illumise|[spread] p1a,p1b\n|-supereffective|p1b: Ogerpon\n|-damage|p1a: Illumise|87\/100\n|-damage|p1b: Ogerpon|17\/100 psn\n|\n|-weather|SunnyDay|[upkeep]\n|-damage|p1b: Ogerpon|5\/100 psn|[from] psn\n|upkeep\n|turn|2\n|\n|t:|1699684661\n|move|p1b: Ogerpon|Ivy Cudgel|p2b: Overqwil\n|-crit|p2b: Overqwil\n|-damage|p2b: Overqwil|0 fnt\n|faint|p2b: Overqwil\n|move|p1a: Illumise|Infestation|p2a: Politoed\n|-damage|p2a: Politoed|67\/100\n|-activate|p2a: Politoed|move: Infestation|[of] p1a: Illumise\n|move|p2a: Politoed|Perish Song|p2a: Politoed\n|-start|p1a: Illumise|perish3|[silent]\n|-start|p1b: Ogerpon|perish3|[silent]\n|-start|p2a: Politoed|perish3|[silent]\n|-fieldactivate|move: Perish Song\n|\n|-weather|SunnyDay|[upkeep]\n|-damage|p1b: Ogerpon|0 fnt|[from] psn\n|faint|p1b: Ogerpon\n|-damage|p2a: Politoed|55\/100|[from] move: Infestation|[partiallytrapped]\n|-start|p1a: Illumise|perish3\n|-start|p2a: Politoed|perish3\n|upkeep\n|j| Everybo-D\n|\n|t:|1699684679\n|switch|p1b: Roaring Moon|Roaring Moon, L50|100\/100\n|switch|p2b: Frosmoth|Frosmoth, L50, M|100\/100\n|-activate|p1b: Roaring Moon|ability: Protosynthesis\n|-start|p1b: Roaring Moon|protosynthesisatk\n|turn|3\n|\n|t:|1699684710\n|move|p1a: Illumise|Tailwind|p1a: Illumise\n|-sidestart|p1: FatefulRequiem|move: Tailwind\n|move|p1b: Roaring Moon|Acrobatics|p2b: Frosmoth\n|-supereffective|p2b: Frosmoth\n|-damage|p2b: Frosmoth|18\/100\n|move|p2b: Frosmoth|Weather Ball|p1a: Illumise\n|-supereffective|p1a: Illumise\n|-damage|p1a: Illumise|0 fnt\n|faint|p1a: Illumise\n|move|p2a: Politoed|Ice Beam|p1b: Roaring Moon\n|-supereffective|p1b: Roaring Moon\n|-damage|p1b: Roaring Moon|64\/100\n|\n|-weather|SunnyDay|[upkeep]\n|-end|p2a: Politoed|Infestation|[partiallytrapped]|[silent]\n|-start|p2a: Politoed|perish2\n|upkeep\n|\n|t:|1699684722\n|switch|p1a: Poliwrath|Poliwrath, L50, F|100\/100\n|turn|4\n|\n|t:|1699684758\n|switch|p2a: Basculegion|Basculegion, L50, M|100\/100\n|move|p2b: Frosmoth|Protect|p2b: Frosmoth\n|-singleturn|p2b: Frosmoth|Protect\n|move|p1b: Roaring Moon|Acrobatics|p2b: Frosmoth\n|-activate|p2b: Frosmoth|move: Protect\n|move|p1a: Poliwrath|Drain Punch|p2a: Basculegion\n|-immune|p2a: Basculegion\n|\n|-weather|SunnyDay|[upkeep]\n|upkeep\n|turn|5\n|\n|t:|1699684795\n|switch|p2b: Politoed|Politoed, L50, F, tera:Dragon|55\/100\n|-weather|RainDance|[from] ability: Drizzle|[of] p2b: Politoed\n|-end|p1b: Roaring Moon|Protosynthesis\n|-enditem|p1b: Roaring Moon|Booster Energy\n|-activate|p1b: Roaring Moon|ability: Protosynthesis|[fromitem]\n|-start|p1b: Roaring Moon|protosynthesisatk\n|move|p2a: Basculegion|Protect|p2a: Basculegion\n|-singleturn|p2a: Basculegion|Protect\n|move|p1b: Roaring Moon|Knock Off|p2a: Basculegion\n|-activate|p2a: Basculegion|move: Protect\n|move|p1a: Poliwrath|Knock Off|p2a: Basculegion\n|-activate|p2a: Basculegion|move: Protect\n|\n|-weather|RainDance|[upkeep]\n|upkeep\n|turn|6\n|l| Fleechi\n|\n|t:|1699684815\n|switch|p2a: Frosmoth|Frosmoth, L50, M|18\/100\n|move|p1b: Roaring Moon|Knock Off|p2a: Frosmoth\n|-damage|p2a: Frosmoth|0 fnt\n|-enditem|p2a: Frosmoth|Expert Belt|[from] move: Knock Off|[of] p1b: Roaring Moon\n|faint|p2a: Frosmoth\n|move|p1a: Poliwrath|Drain Punch|p2b: Politoed\n|-damage|p2b: Politoed|27\/100\n|move|p2b: Politoed|Perish Song|p2b: Politoed\n|-start|p1a: Poliwrath|perish3|[silent]\n|-start|p1b: Roaring Moon|perish3|[silent]\n|-start|p2b: Politoed|perish3|[silent]\n|-fieldactivate|move: Perish Song\n|\n|-weather|RainDance|[upkeep]\n|-start|p1b: Roaring Moon|perish3\n|-start|p1a: Poliwrath|perish3\n|-start|p2b: Politoed|perish3\n|-sideend|p1: FatefulRequiem|move: Tailwind\n|upkeep\n|\n|t:|1699684832\n|switch|p2a: Basculegion|Basculegion, L50, M|100\/100\n|turn|7\n|j| Fleechi\n|\n|t:|1699684849\n|move|p1b: Roaring Moon|Protect|p1b: Roaring Moon\n|-singleturn|p1b: Roaring Moon|Protect\n|move|p2a: Basculegion|Protect|p2a: Basculegion\n|-singleturn|p2a: Basculegion|Protect\n|move|p1a: Poliwrath|Knock Off|p2a: Basculegion\n|-activate|p2a: Basculegion|move: Protect\n|move|p2b: Politoed|Ice Beam|p1b: Roaring Moon\n|-activate|p1b: Roaring Moon|move: Protect\n|\n|-weather|RainDance|[upkeep]\n|-start|p1a: Poliwrath|perish2\n|-start|p1b: Roaring Moon|perish2\n|-start|p2b: Politoed|perish2\n|upkeep\n|turn|8\n|\n|t:|1699684868\n|move|p2a: Basculegion|Aqua Jet|p1b: Roaring Moon\n|-resisted|p1b: Roaring Moon\n|-damage|p1b: Roaring Moon|32\/100\n|move|p1b: Roaring Moon|Acrobatics|p2a: Basculegion\n|-damage|p2a: Basculegion|41\/100\n|move|p1a: Poliwrath|Knock Off|p2a: Basculegion\n|-supereffective|p2a: Basculegion\n|-damage|p2a: Basculegion|0 fnt\n|-enditem|p2a: Basculegion|Mystic Water|[from] move: Knock Off|[of] p1a: Poliwrath\n|faint|p2a: Basculegion\n|move|p2b: Politoed|Ice Beam|p1b: Roaring Moon\n|-supereffective|p1b: Roaring Moon\n|-damage|p1b: Roaring Moon|0 fnt\n|faint|p1b: Roaring Moon\n|-end|p1b: Roaring Moon|Protosynthesis|[silent]\n|\n|-weather|RainDance|[upkeep]\n|-start|p1a: Poliwrath|perish1\n|-start|p2b: Politoed|perish1\n|upkeep\n|turn|9\n|\n|t:|1699684891\n|move|p1a: Poliwrath|Drain Punch|p2b: Politoed\n|-damage|p2b: Politoed|0 fnt\n|faint|p2b: Politoed\n|\n|win|FatefulRequiem\n|l|\u2606FatefulRequiem\n|l|\u2606NotSwitch417\n","uploadtime":1699684899,"views":25,"p1id":"fatefulrequiem","p2id":"notswitch417","formatid":"gen9vgc2023regulatione","rating":0,"private":0,"password":""}