{"id":"gen9vgc2023regulatione-1999467455","p1":"whyismynamejeff","p2":"SapiBi","format":"[Gen 9] VGC 2023 Regulation E","log":"|j|\u2606whyismynamejeff\n|j|\u2606SapiBi\n|t:|1701085049\n|gametype|doubles\n|player|p1|whyismynamejeff|colress|1049\n|player|p2|SapiBi|1|1140\n|teamsize|p1|6\n|teamsize|p2|6\n|gen|9\n|tier|[Gen 9] VGC 2023 Regulation E\n|rated|\n|rule|Species Clause: Limit one of each Pok\u00e9mon\n|rule|Item Clause: Limit one of each item\n|clearpoke\n|poke|p1|Ogerpon-Wellspring, L50, F|\n|poke|p1|Regieleki, L50|\n|poke|p1|Indeedee-F, L50, F|\n|poke|p1|Tornadus, L50, M|\n|poke|p1|Chi-Yu, L50|\n|poke|p1|Flutter Mane, L50|\n|poke|p2|Indeedee-F, L50, F|\n|poke|p2|Tornadus, L50, M|\n|poke|p2|Regieleki, L50|\n|poke|p2|Ogerpon-Wellspring, L50, F|\n|poke|p2|Chi-Yu, L50|\n|poke|p2|Flutter Mane, L50|\n|teampreview|4\n|c|\u2606whyismynamejeff|MY GUY\n|\n|t:|1701085085\n|start\n|switch|p1a: Regieleki|Regieleki, L50|100\/100\n|switch|p1b: Chi-Yu|Chi-Yu, L50|100\/100\n|switch|p2a: Chi-Yu|Chi-Yu, L50|100\/100\n|switch|p2b: Indeedee|Indeedee-F, L50, F|100\/100\n|-ability|p1b: Chi-Yu|Beads of Ruin\n|-ability|p2a: Chi-Yu|Beads of Ruin\n|-fieldstart|move: Psychic Terrain|[from] ability: Psychic Surge|[of] p2b: Indeedee\n|-enditem|p2b: Indeedee|Psychic Seed\n|-boost|p2b: Indeedee|spd|1|[from] item: Psychic Seed\n|turn|1\n|\n|t:|1701085123\n|-terastallize|p2a: Chi-Yu|Fire\n|move|p2b: Indeedee|Follow Me|p2b: Indeedee\n|-singleturn|p2b: Indeedee|move: Follow Me\n|move|p1a: Regieleki|Thunderbolt|p2b: Indeedee\n|-damage|p2b: Indeedee|49\/100\n|move|p1b: Chi-Yu|Heat Wave|p2a: Chi-Yu|[spread] p2a,p2b\n|-resisted|p2a: Chi-Yu\n|-damage|p2a: Chi-Yu|78\/100\n|-damage|p2b: Indeedee|3\/100\n|-damage|p1b: Chi-Yu|91\/100|[from] item: Life Orb\n|move|p2a: Chi-Yu|Overheat|p1a: Regieleki\n|-damage|p1a: Regieleki|0 fnt\n|-unboost|p2a: Chi-Yu|spa|2\n|faint|p1a: Regieleki\n|-damage|p2a: Chi-Yu|69\/100|[from] item: Life Orb\n|\n|upkeep\n|\n|t:|1701085136\n|switch|p1a: Ogerpon|Ogerpon-Wellspring, L50, F|100\/100\n|turn|2\n|\n|t:|1701085155\n|move|p2b: Indeedee|Helping Hand|p2a: Chi-Yu\n|-singleturn|p2a: Chi-Yu|Helping Hand|[of] p2b: Indeedee\n|move|p1b: Chi-Yu|Heat Wave|p2a: Chi-Yu|[spread] p2b\n|-miss|p1b: Chi-Yu|p2a: Chi-Yu\n|-damage|p2b: Indeedee|0 fnt\n|faint|p2b: Indeedee\n|-damage|p1b: Chi-Yu|81\/100|[from] item: Life Orb\n|move|p1a: Ogerpon|Swords Dance|p1a: Ogerpon\n|-boost|p1a: Ogerpon|atk|2\n|move|p2a: Chi-Yu|Snarl|p1b: Chi-Yu|[spread] p1a,p1b\n|-resisted|p1b: Chi-Yu\n|-damage|p1a: Ogerpon|70\/100\n|-damage|p1b: Chi-Yu|68\/100\n|-unboost|p1a: Ogerpon|spa|1\n|-unboost|p1b: Chi-Yu|spa|1\n|-damage|p2a: Chi-Yu|59\/100|[from] item: Life Orb\n|\n|upkeep\n|\n|t:|1701085173\n|switch|p2b: Tornadus|Tornadus, L50, M|100\/100\n|turn|3\n|\n|t:|1701085186\n|move|p2b: Tornadus|Tailwind|p2b: Tornadus\n|-sidestart|p2: SapiBi|move: Tailwind\n|move|p2a: Chi-Yu|Heat Wave|p1b: Chi-Yu|[spread] p1b\n|-miss|p2a: Chi-Yu|p1a: Ogerpon\n|-resisted|p1b: Chi-Yu\n|-damage|p1b: Chi-Yu|49\/100\n|-damage|p2a: Chi-Yu|50\/100|[from] item: Life Orb\n|move|p1b: Chi-Yu|Heat Wave|p2b: Tornadus|[spread] p2b\n|-miss|p1b: Chi-Yu|p2a: Chi-Yu\n|-damage|p2b: Tornadus|59\/100\n|-damage|p1b: Chi-Yu|39\/100|[from] item: Life Orb\n|move|p1a: Ogerpon|Ivy Cudgel|p2a: Chi-Yu|[anim] Ivy Cudgel Water\n|-supereffective|p2a: Chi-Yu\n|-damage|p2a: Chi-Yu|0 fnt\n|faint|p2a: Chi-Yu\n|\n|upkeep\n|\n|t:|1701085203\n|switch|p2a: Regieleki|Regieleki, L50|100\/100\n|turn|4\n|\n|t:|1701085212\n|move|p1a: Ogerpon|Spiky Shield|p1a: Ogerpon\n|-singleturn|p1a: Ogerpon|move: Protect\n|move|p2a: Regieleki|Thunderbolt|p1a: Ogerpon\n|-activate|p1a: Ogerpon|move: Protect\n|move|p2b: Tornadus|Bleakwind Storm|p1a: Ogerpon|[spread] p1b\n|-activate|p1a: Ogerpon|move: Protect\n|-damage|p1b: Chi-Yu|0 fnt\n|faint|p1b: Chi-Yu\n|\n|upkeep\n|\n|t:|1701085222\n|switch|p1b: Flutter Mane|Flutter Mane, L50|100\/100\n|turn|5\n|\n|t:|1701085231\n|-terastallize|p1b: Flutter Mane|Fairy\n|move|p2a: Regieleki|Electroweb|p1a: Ogerpon|[spread] p1a,p1b\n|-crit|p1b: Flutter Mane\n|-damage|p1a: Ogerpon|40\/100\n|-damage|p1b: Flutter Mane|58\/100\n|-unboost|p1a: Ogerpon|spe|1\n|-unboost|p1b: Flutter Mane|spe|1\n|move|p2b: Tornadus|Bleakwind Storm|p1a: Ogerpon|[spread] p1a,p1b\n|-supereffective|p1a: Ogerpon\n|-damage|p1a: Ogerpon|0 fnt\n|-damage|p1b: Flutter Mane|14\/100\n|faint|p1a: Ogerpon\n|move|p1b: Flutter Mane|Dazzling Gleam|p2b: Tornadus|[spread] p2a,p2b\n|-damage|p2a: Regieleki|14\/100\n|-damage|p2b: Tornadus|16\/100\n|\n|-fieldend|move: Psychic Terrain\n|upkeep\n|turn|6\n|\n|t:|1701085250\n|move|p1b: Flutter Mane|Protect|p1b: Flutter Mane\n|-singleturn|p1b: Flutter Mane|Protect\n|move|p2a: Regieleki|Thunderbolt|p1b: Flutter Mane\n|-activate|p1b: Flutter Mane|move: Protect\n|move|p2b: Tornadus|Bleakwind Storm|p1b: Flutter Mane\n|-activate|p1b: Flutter Mane|move: Protect\n|\n|-sideend|p2: SapiBi|move: Tailwind\n|upkeep\n|turn|7\n|\n|t:|1701085262\n|move|p2b: Tornadus|Tailwind|p2b: Tornadus\n|-sidestart|p2: SapiBi|move: Tailwind\n|move|p2a: Regieleki|Thunderbolt|p1b: Flutter Mane\n|-damage|p1b: Flutter Mane|0 fnt\n|faint|p1b: Flutter Mane\n|-end|p1b: Flutter Mane|Protosynthesis|[silent]\n|\n|win|SapiBi\n|raw|whyismynamejeff's rating: 1049 &rarr; <strong>1036<\/strong><br \/>(-13 for losing)\n|raw|SapiBi's rating: 1140 &rarr; <strong>1159<\/strong><br \/>(+19 for winning)\n","uploadtime":1701085269,"views":6,"p1id":"whyismynamejeff","p2id":"sapibi","formatid":"gen9vgc2023regulatione","rating":1036,"private":0,"password":""}