{"id":"gen9vgc2023regulatione-1996139425","p1":"vitalin","p2":"Dippiedaan","format":"[Gen 9] VGC 2023 Regulation E","log":"|j|\u2606vitalin\n|j|\u2606Dippiedaan\n|t:|1700650085\n|gametype|doubles\n|player|p1|vitalin|winona|1320\n|player|p2|Dippiedaan|blackbelt|1244\n|teamsize|p1|6\n|teamsize|p2|6\n|gen|9\n|tier|[Gen 9] VGC 2023 Regulation E\n|rated|\n|rule|Species Clause: Limit one of each Pok\u00e9mon\n|rule|Item Clause: Limit one of each item\n|clearpoke\n|poke|p1|Indeedee-F, L50, F|\n|poke|p1|Iron Hands, L50|\n|poke|p1|Armarouge, L50, F|\n|poke|p1|Oranguru, L50, M|\n|poke|p1|Staraptor, L50, F|\n|poke|p1|Ursaluna-Bloodmoon, L50, M|\n|poke|p2|Ursaluna-Bloodmoon, L50, M|\n|poke|p2|Flutter Mane, L50|\n|poke|p2|Chi-Yu, L50|\n|poke|p2|Iron Hands, L50|\n|poke|p2|Cresselia, L50, F|\n|poke|p2|Ogerpon-Wellspring, L50, F|\n|teampreview|4\nDippiedaan has agreed to open team sheets.\nvitalin rejected open team sheets.\n|inactive|Battle timer is ON: inactive players will automatically lose when time's up. (requested by Dippiedaan)\n|\n|t:|1700650135\n|start\n|switch|p1a: Staraptor|Staraptor, L50, F|100\/100\n|switch|p1b: Oranguru|Oranguru, L50, M|100\/100\n|switch|p2a: Ogerpon|Ogerpon-Wellspring, L50, F|100\/100\n|switch|p2b: Chi-Yu|Chi-Yu, L50|100\/100\n|-ability|p2b: Chi-Yu|Beads of Ruin\n|-ability|p1a: Staraptor|Intimidate|boost\n|-unboost|p2a: Ogerpon|atk|1\n|-unboost|p2b: Chi-Yu|atk|1\n|turn|1\n|inactive|Dippiedaan has 30 seconds left.\n|\n|t:|1700650169\n|-terastallize|p1b: Oranguru|Fairy\n|move|p2a: Ogerpon|Spiky Shield|p2a: Ogerpon\n|-singleturn|p2a: Ogerpon|move: Protect\n|move|p2b: Chi-Yu|Heat Wave|p1a: Staraptor|[spread] p1a,p1b\n|-damage|p1a: Staraptor|30\/100\n|-damage|p1b: Oranguru|64\/100\n|-status|p1a: Staraptor|brn\n|move|p1a: Staraptor|Final Gambit|p2b: Chi-Yu\n|-damage|p2b: Chi-Yu|57\/100\n|faint|p1a: Staraptor\n|move|p1b: Oranguru|Trick Room|p1b: Oranguru\n|-fieldstart|move: Trick Room|[of] p1b: Oranguru\n|\n|upkeep\n|\n|t:|1700650180\n|switch|p1a: Iron Hands|Iron Hands, L50|100\/100\n|turn|2\n|\n|t:|1700650198\n|switch|p2b: Iron Hands|Iron Hands, L50|100\/100\n|-terastallize|p2a: Ogerpon|Water\n|detailschange|p2a: Ogerpon|Ogerpon-Wellspring-Tera, L50, F, tera:Water\n|-ability|p2a: Ogerpon|Embody Aspect (Wellspring)|boost\n|-boost|p2a: Ogerpon|spd|1\n|move|p1a: Iron Hands|Belly Drum|p1a: Iron Hands\n|-damage|p1a: Iron Hands|51\/100\n|-setboost|p1a: Iron Hands|atk|6|[from] move: Belly Drum\n|move|p1b: Oranguru|Encore|p2a: Ogerpon\n|-start|p2a: Ogerpon|Encore\n|move|p2a: Ogerpon|Spiky Shield||[still]\n|-fail|p2a: Ogerpon\n|\n|upkeep\n|turn|3\n|inactive|Dippiedaan has 30 seconds left.\n|\n|t:|1700650228\n|switch|p2a: Op?|Flutter Mane, L50|100\/100\n|move|p1a: Iron Hands|Drain Punch|p2b: Iron Hands\n|-damage|p2b: Iron Hands|0 fnt\n|-heal|p1a: Iron Hands|95\/100|[from] drain|[of] p2b: Iron Hands\n|faint|p2b: Iron Hands\n|-end|p2b: Iron Hands|Quark Drive|[silent]\n|move|p1b: Oranguru|Psychic|p2a: Op?\n|-damage|p2a: Op?|68\/100\n|\n|upkeep\n|\n|t:|1700650231\n|switch|p2b: Ogerpon|Ogerpon-Wellspring-Tera, L50, F, tera:Water|100\/100\n|-ability|p2b: Ogerpon|Embody Aspect (Wellspring)|boost\n|-boost|p2b: Ogerpon|spd|1\n|turn|4\n|\n|t:|1700650243\n|move|p2b: Ogerpon|Spiky Shield|p2b: Ogerpon\n|-singleturn|p2b: Ogerpon|move: Protect\n|move|p1a: Iron Hands|Thunder Punch|p2a: Op?\n|-damage|p2a: Op?|0 fnt\n|faint|p2a: Op?\n|-end|p2a: Op?|Protosynthesis|[silent]\n|move|p1b: Oranguru|Instruct|p1a: Iron Hands\n|-singleturn|p1a: Iron Hands|move: Instruct|[of] p1b: Oranguru\n|move|p1a: Iron Hands|Thunder Punch|p2b: Ogerpon\n|-activate|p2b: Ogerpon|move: Protect\n|-damage|p1a: Iron Hands|82\/100|[from] Spiky Shield|[of] p2b: Ogerpon\n|\n|upkeep\n|\n|t:|1700650254\n|switch|p2a: Chi-Yu|Chi-Yu, L50|57\/100\n|-ability|p2a: Chi-Yu|Beads of Ruin\n|turn|5\n|\n|t:|1700650259\n|move|p1a: Iron Hands|Drain Punch|p2a: Chi-Yu\n|-supereffective|p2a: Chi-Yu\n|-damage|p2a: Chi-Yu|0 fnt\n|-heal|p1a: Iron Hands|97\/100|[from] drain|[of] p2a: Chi-Yu\n|faint|p2a: Chi-Yu\n|move|p1b: Oranguru|Encore|p2b: Ogerpon\n|-start|p2b: Ogerpon|Encore\n|move|p2b: Ogerpon|Spiky Shield||[still]\n|-fail|p2b: Ogerpon\n|\n|-fieldend|move: Trick Room\n|upkeep\n|turn|6\n|-message|Dippiedaan forfeited.\n|\n|win|vitalin\n|raw|vitalin's rating: 1320 &rarr; <strong>1336<\/strong><br \/>(+16 for winning)\n|raw|Dippiedaan's rating: 1244 &rarr; <strong>1224<\/strong><br \/>(-20 for losing)\n|l|\u2606Dippiedaan\n","uploadtime":1700650317,"views":0,"p1id":"vitalin","p2id":"dippiedaan","formatid":"gen9vgc2023regulatione","rating":1224,"private":0,"password":""}