{"id":"gen9vgc2023regulatione-1989191062","p1":"gooningwmybros","p2":"Kznejzk","format":"[Gen 9] VGC 2023 Regulation E","log":"|j|\u2606gooningwmybros\n|j|\u2606Kznejzk\n|t:|1699821769\n|gametype|doubles\n|player|p1|gooningwmybros|worker|1127\n|player|p2|Kznejzk|lance|1000\n|teamsize|p1|4\n|teamsize|p2|6\n|gen|9\n|tier|[Gen 9] VGC 2023 Regulation E\n|rated|\n|rule|Species Clause: Limit one of each Pok\u00e9mon\n|rule|Item Clause: Limit one of each item\n|clearpoke\n|poke|p1|Tatsugiri, L50, M|\n|poke|p1|Dondozo, L50, M|\n|poke|p1|Typhlosion-Hisui, L50, M|\n|poke|p1|Grafaiai, L50, M|\n|poke|p2|Flutter Mane, L50|\n|poke|p2|Tornadus, L50, M|\n|poke|p2|Rillaboom, L50, F|\n|poke|p2|Garganacl, L50, M|\n|poke|p2|Arcanine-Hisui, L50, M|\n|poke|p2|Chien-Pao, L50|\n|teampreview|4\n|\n|t:|1699821794\n|start\n|switch|p1a: Typhlosion|Typhlosion-Hisui, L50, M|100\/100\n|switch|p1b: Grafaiai|Grafaiai, L50, M|100\/100\n|switch|p2a: Tornadus|Tornadus, L50, M|100\/100\n|switch|p2b: Flutter Mane|Flutter Mane, L50|100\/100\n|-item|p2a: Tornadus|Rocky Helmet|[from] ability: Frisk|[of] p1a: Typhlosion|[identify]\n|-item|p2b: Flutter Mane|Booster Energy|[from] ability: Frisk|[of] p1a: Typhlosion|[identify]\n|-enditem|p2b: Flutter Mane|Booster Energy\n|-activate|p2b: Flutter Mane|ability: Protosynthesis|[fromitem]\n|-start|p2b: Flutter Mane|protosynthesisspe\n|turn|1\n|\n|t:|1699821830\n|move|p2b: Flutter Mane|Protect|p2b: Flutter Mane\n|-singleturn|p2b: Flutter Mane|Protect\n|move|p1b: Grafaiai|Toxic|p2b: Flutter Mane\n|-activate|p2b: Flutter Mane|move: Protect\n|move|p1a: Typhlosion|Infernal Parade|p2b: Flutter Mane\n|-activate|p2b: Flutter Mane|move: Protect\n|move|p2a: Tornadus|Bleakwind Storm|p1a: Typhlosion|[spread] p1a,p1b\n|-damage|p1a: Typhlosion|54\/100\n|-damage|p1b: Grafaiai|70\/100\n|-unboost|p1a: Typhlosion|spe|1\n|\n|upkeep\n|turn|2\n|\n|t:|1699821848\n|move|p2a: Tornadus|Tailwind|p2a: Tornadus\n|-sidestart|p2: Kznejzk|move: Tailwind\n|move|p1b: Grafaiai|Toxic|p2b: Flutter Mane\n|-status|p2b: Flutter Mane|tox\n|move|p2b: Flutter Mane|Shadow Ball|p1a: Typhlosion\n|-supereffective|p1a: Typhlosion\n|-damage|p1a: Typhlosion|0 fnt\n|faint|p1a: Typhlosion\n|\n|-damage|p2b: Flutter Mane|94\/100 tox|[from] psn\n|upkeep\n|\n|t:|1699821859\n|switch|p1a: Tatsugiri|Tatsugiri, L50, M, shiny|100\/100\n|turn|3\n|\n|t:|1699821867\n|move|p1a: Tatsugiri|Protect|p1a: Tatsugiri\n|-singleturn|p1a: Tatsugiri|Protect\n|move|p1b: Grafaiai|Parting Shot|p2b: Flutter Mane\n|-unboost|p2b: Flutter Mane|atk|1\n|-unboost|p2b: Flutter Mane|spa|1\n|\n|t:|1699821873\n|switch|p1b: Dondozo|Dondozo, L50, M|100\/100|[from] Parting Shot\n|-activate|p1a: Tatsugiri|ability: Commander|[of] p1b: Dondozo\n|-boost|p1b: Dondozo|atk|2\n|-boost|p1b: Dondozo|spa|2\n|-boost|p1b: Dondozo|spe|2\n|-boost|p1b: Dondozo|def|2\n|-boost|p1b: Dondozo|spd|2\n|move|p2b: Flutter Mane|Substitute|p2b: Flutter Mane\n|-start|p2b: Flutter Mane|Substitute\n|-damage|p2b: Flutter Mane|70\/100 tox\n|move|p2a: Tornadus|Bleakwind Storm|p1b: Dondozo|[spread] p1b\n|-miss|p2a: Tornadus|p1a: Tatsugiri\n|-damage|p1b: Dondozo|82\/100\n|-unboost|p1b: Dondozo|spe|1\n|\n|-heal|p1b: Dondozo|88\/100|[from] item: Leftovers\n|-damage|p2b: Flutter Mane|57\/100 tox|[from] psn\n|upkeep\n|turn|4\n|\n|t:|1699821909\n|-terastallize|p1b: Dondozo|Steel\n|move|p2a: Tornadus|Taunt|p1b: Dondozo\n|-start|p1b: Dondozo|move: Taunt\n|move|p2b: Flutter Mane|Moonblast|p1b: Dondozo\n|-resisted|p1b: Dondozo\n|-damage|p1b: Dondozo|75\/100\n|-unboost|p1b: Dondozo|spa|1\n|move|p1b: Dondozo|Order Up|p2a: Tornadus\n|-damage|p2a: Tornadus|37\/100\n|-boost|p1b: Dondozo|atk|1\n|\n|-heal|p1b: Dondozo|81\/100|[from] item: Leftovers\n|-damage|p2b: Flutter Mane|39\/100 tox|[from] psn\n|upkeep\n|turn|5\n|\n|t:|1699821938\n|move|p2a: Tornadus|Sunny Day|p2a: Tornadus\n|-weather|SunnyDay\n|move|p2b: Flutter Mane|Shadow Ball|p1b: Dondozo\n|-damage|p1b: Dondozo|58\/100\n|move|p1b: Dondozo|Order Up|p2a: Tornadus\n|-crit|p2a: Tornadus\n|-damage|p2a: Tornadus|0 fnt\n|faint|p2a: Tornadus\n|-boost|p1b: Dondozo|atk|1\n|\n|-weather|SunnyDay|[upkeep]\n|-heal|p1b: Dondozo|64\/100|[from] item: Leftovers\n|-damage|p2b: Flutter Mane|14\/100 tox|[from] psn\n|-sideend|p2: Kznejzk|move: Tailwind\n|upkeep\n|c|\u2606gooningwmybros|is tatsu giant on your screen?\n|n|\u2606Kznejzk|kznejzk\n|c|\u2606Kznejzk|it's normal sized\n|c|\u2606gooningwmybros|bro is huge for me lmao\n|\n|t:|1699821973\n|switch|p2a: Garganacl|Garganacl, L50, M|100\/100\n|turn|6\n|c|\u2606Kznejzk|lol\n|\n|t:|1699821985\n|-terastallize|p2a: Garganacl|Ghost\n|move|p2b: Flutter Mane|Shadow Ball|p1b: Dondozo\n|-damage|p1b: Dondozo|40\/100\n|move|p1b: Dondozo|Earthquake|p2b: Flutter Mane|[spread] p2a,p2b\n|-miss|p1b: Dondozo|p1a: Tatsugiri\n|-end|p2b: Flutter Mane|Substitute\n|-damage|p2a: Garganacl|49\/100\n|-enditem|p2a: Garganacl|Sitrus Berry|[eat]\n|-heal|p2a: Garganacl|74\/100|[from] item: Sitrus Berry\n|move|p2a: Garganacl|Salt Cure|p1b: Dondozo\n|-resisted|p1b: Dondozo\n|-damage|p1b: Dondozo|37\/100\n|-start|p1b: Dondozo|Salt Cure\n|\n|-weather|SunnyDay|[upkeep]\n|-heal|p1b: Dondozo|43\/100|[from] item: Leftovers\n|-damage|p2b: Flutter Mane|0 fnt|[from] psn\n|faint|p2b: Flutter Mane\n|-end|p2b: Flutter Mane|Protosynthesis|[silent]\n|-damage|p1b: Dondozo|18\/100|[from] Salt Cure\n|-end|p1b: Dondozo|move: Taunt\n|upkeep\n|\n|t:|1699821995\n|switch|p2b: Rillaboom|Rillaboom, L50, F|100\/100\n|-fieldstart|move: Grassy Terrain|[from] ability: Grassy Surge|[of] p2b: Rillaboom\n|turn|7\n|\n|t:|1699822014\n|move|p2b: Rillaboom|Fake Out|p1b: Dondozo\n|-resisted|p1b: Dondozo\n|-damage|p1b: Dondozo|15\/100\n|cant|p1b: Dondozo|flinch\n|move|p2a: Garganacl|Iron Defense|p2a: Garganacl\n|-boost|p2a: Garganacl|def|2\n|\n|-weather|SunnyDay|[upkeep]\n|-heal|p1b: Dondozo|21\/100|[from] Grassy Terrain\n|-heal|p1b: Dondozo|28\/100|[from] item: Leftovers\n|-heal|p2a: Garganacl|80\/100|[from] Grassy Terrain\n|-damage|p1b: Dondozo|3\/100|[from] Salt Cure\n|upkeep\n|turn|8\n|\n|t:|1699822022\n|move|p2b: Rillaboom|Grassy Glide|p1b: Dondozo\n|-resisted|p1b: Dondozo\n|-damage|p1b: Dondozo|0 fnt\n|faint|p1b: Dondozo\n|move|p2a: Garganacl|Salt Cure|p1a: Tatsugiri\n|-damage|p1a: Tatsugiri|75\/100\n|-start|p1a: Tatsugiri|Salt Cure\n|\n|-weather|SunnyDay|[upkeep]\n|-heal|p1a: Tatsugiri|81\/100|[from] Grassy Terrain\n|-heal|p2a: Garganacl|86\/100|[from] Grassy Terrain\n|-damage|p1a: Tatsugiri|56\/100|[from] Salt Cure\n|upkeep\n|-message|gooningwmybros forfeited.\n|\n|win|Kznejzk\n|raw|gooningwmybros's rating: 1127 &rarr; <strong>1093<\/strong><br \/>(-34 for losing)\n|raw|Kznejzk's rating: 1000 &rarr; <strong>1054<\/strong><br \/>(+54 for winning)\n|l|\u2606gooningwmybros\n","uploadtime":1699822036,"views":12,"p1id":"gooningwmybros","p2id":"kznejzk","formatid":"gen9vgc2023regulatione","rating":1054,"private":0,"password":""}