{"id":"gen9vgc2023regulatione-1997884015","p1":"SicGatto","p2":"PiaxVGC","format":"[Gen 9] VGC 2023 Regulation E","log":"|j|\u2606SicGatto\n|j|\u2606PiaxVGC\n|n|\u2606SicGatto|sicgatto\n|n|\u2606PiaxVGC|piaxvgc\n|html|View the match progress at <a href=\"\/game-bestof3-gen9vgc2023regulatione-1997884014\">game-bestof3-gen9vgc2023regulatione-1997884014<\/a>\n|t:|1700863455\n|gametype|doubles\n|player|p1|SicGatto|1|\n|player|p2|PiaxVGC|dawn|\n|teamsize|p1|6\n|teamsize|p2|6\n|gen|9\n|tier|[Gen 9] VGC 2023 Regulation E\n|rule|Species Clause: Limit one of each Pok\u00e9mon\n|rule|Item Clause: Limit one of each item\n|clearpoke\n|poke|p1|Urshifu-*, L50, F|\n|poke|p1|Flutter Mane, L50|\n|poke|p1|Brambleghast, L50, F|\n|poke|p1|Chi-Yu, L50|\n|poke|p1|Tornadus, L50, M|\n|poke|p1|Gholdengo, L50|\n|poke|p2|Landorus-Therian, L50, M|\n|poke|p2|Roaring Moon, L50|\n|poke|p2|Iron Hands, L50|\n|poke|p2|Amoonguss, L50, M|\n|poke|p2|Heatran, L50, M|\n|poke|p2|Flutter Mane, L50|\n|teampreview|4\nPiaxVGC has agreed to open team sheets.\nSicGatto has agreed to open team sheets.\n|showteam|p1|Urshifu-Rapid-Strike||MysticWater|UnseenFist|SurgingStrikes,CloseCombat,AquaJet,Detect|||F|||50|,,,,,Water]Flutter Mane||BoosterEnergy|Protosynthesis|Moonblast,ShadowBall,DazzlingGleam,Protect||||||50|,,,,,Fairy]Brambleghast||FocusSash|WindRider|PowerWhip,Poltergeist,ShadowSneak,StrengthSap|||F|||50|,,,,,Ghost]Chi-Yu||LifeOrb|BeadsofRuin|DarkPulse,HeatWave,Overheat,Protect||||||50|,,,,,Ghost]Tornadus||CovertCloak|Prankster|BleakwindStorm,SunnyDay,Tailwind,Taunt|||M|||50|,,,,,Steel]Gholdengo||ChoiceSpecs|GoodasGold|MakeItRain,ShadowBall,Thunderbolt,SteelBeam||||||50|,,,,,Steel\n|showteam|p2|Landorus-Therian||ChoiceScarf|Intimidate|StompingTantrum,TeraBlast,RockSlide,Uturn|||M|||50|,,,,,Flying]Roaring Moon||BoosterEnergy|Protosynthesis|KnockOff,Acrobatics,DragonDance,Protect||||||50|,,,,,Flying]Iron Hands||AssaultVest|QuarkDrive|DrainPunch,WildCharge,VoltSwitch,FakeOut||||||50|,,,,,Water]Amoonguss||RockyHelmet|Regenerator|PollenPuff,Spore,RagePowder,Protect|||M|||50|,,,,,Water]Heatran||LifeOrb|FlashFire|HeatWave,EarthPower,FlashCannon,Protect|||M|||50|,,,,,Fairy]Flutter Mane||ChoiceSpecs|Protosynthesis|Moonblast,ShadowBall,DazzlingGleam,PerishSong||||||50|,,,,,Fairy\n|j| Dan_DES\n|c|\u2606SicGatto|glhf\n|c|\u2606PiaxVGC|glhf anche a te!\n|j| Dice Player\n|j| Spindina\n|l| Dice Player\n|j| Dice Player\n|j| Dracozoltommemerd\n|\n|t:|1700863623\n|start\n|switch|p1a: Tornadus|Tornadus, L50, M|100\/100\n|switch|p1b: Urshifu|Urshifu-Rapid-Strike, L50, F|100\/100\n|switch|p2a: Iron Hands|Iron Hands, L50|100\/100\n|switch|p2b: Heatran|Heatran, L50, M|100\/100\n|turn|1\n|l| Dice Player\n|j| Ryugami0\n|j| Dice Player\n|j| gluon drive\n|\n|t:|1700863673\n|switch|p1b: Flutter Mane|Flutter Mane, L50|100\/100\n|-enditem|p1b: Flutter Mane|Booster Energy\n|-activate|p1b: Flutter Mane|ability: Protosynthesis|[fromitem]\n|-start|p1b: Flutter Mane|protosynthesisspe\n|move|p2a: Iron Hands|Fake Out|p1b: Flutter Mane\n|-immune|p1b: Flutter Mane\n|move|p1a: Tornadus|Bleakwind Storm|p2a: Iron Hands|[spread] p2a,p2b\n|-resisted|p2b: Heatran\n|-damage|p2a: Iron Hands|85\/100\n|-damage|p2b: Heatran|86\/100\n|move|p2b: Heatran|Flash Cannon|p1a: Tornadus\n|-damage|p1a: Tornadus|27\/100\n|-damage|p2b: Heatran|77\/100|[from] item: Life Orb\n|\n|upkeep\n|turn|2\n|\n|t:|1700863712\n|move|p1b: Flutter Mane|Protect|p1b: Flutter Mane\n|-singleturn|p1b: Flutter Mane|Protect\n|move|p1a: Tornadus|Tailwind|p1a: Tornadus\n|-sidestart|p1: SicGatto|move: Tailwind\n|move|p2b: Heatran|Flash Cannon|p1b: Flutter Mane\n|-activate|p1b: Flutter Mane|move: Protect\n|move|p2a: Iron Hands|Drain Punch|p1a: Tornadus\n|-resisted|p1a: Tornadus\n|-crit|p1a: Tornadus\n|-damage|p1a: Tornadus|0 fnt\n|-heal|p2a: Iron Hands|95\/100|[from] drain|[of] p1a: Tornadus\n|faint|p1a: Tornadus\n|\n|upkeep\n|\n|t:|1700863728\n|switch|p1a: Urshifu|Urshifu-Rapid-Strike, L50, F|100\/100\n|turn|3\n|j| KyuremBiancoEtero\n|\n|t:|1700863802\n|switch|p2b: Amoonguss|Amoonguss, L50, M|100\/100\n|-terastallize|p1b: Flutter Mane|Fairy\n|-terastallize|p2a: Iron Hands|Water\n|move|p1b: Flutter Mane|Moonblast|p2b: Amoonguss\n|-resisted|p2b: Amoonguss\n|-damage|p2b: Amoonguss|77\/100\n|-unboost|p2b: Amoonguss|spa|1\n|move|p1a: Urshifu|Surging Strikes|p2b: Amoonguss\n|-resisted|p2b: Amoonguss\n|-crit|p2b: Amoonguss\n|-damage|p2b: Amoonguss|68\/100\n|-damage|p1a: Urshifu|84\/100|[from] item: Rocky Helmet|[of] p2b: Amoonguss\n|-resisted|p2b: Amoonguss\n|-crit|p2b: Amoonguss\n|-damage|p2b: Amoonguss|57\/100\n|-damage|p1a: Urshifu|67\/100|[from] item: Rocky Helmet|[of] p2b: Amoonguss\n|-resisted|p2b: Amoonguss\n|-crit|p2b: Amoonguss\n|-damage|p2b: Amoonguss|47\/100\n|-damage|p1a: Urshifu|50\/100|[from] item: Rocky Helmet|[of] p2b: Amoonguss\n|-hitcount|p2b: Amoonguss|3\n|move|p2a: Iron Hands|Wild Charge|p1a: Urshifu\n|-supereffective|p1a: Urshifu\n|-damage|p1a: Urshifu|0 fnt\n|faint|p1a: Urshifu\n|-damage|p2a: Iron Hands|85\/100|[from] Recoil\n|\n|upkeep\n|\n|t:|1700863806\n|switch|p1a: Gholdengo|Gholdengo, L50|100\/100\n|turn|4\n|\n|t:|1700863881\n|move|p1b: Flutter Mane|Protect|p1b: Flutter Mane\n|-singleturn|p1b: Flutter Mane|Protect\n|move|p2b: Amoonguss|Protect|p2b: Amoonguss\n|-singleturn|p2b: Amoonguss|Protect\n|move|p1a: Gholdengo|Shadow Ball|p2b: Amoonguss\n|-activate|p2b: Amoonguss|move: Protect\n|move|p2a: Iron Hands|Wild Charge|p1a: Gholdengo\n|-damage|p1a: Gholdengo|51\/100\n|-damage|p2a: Iron Hands|76\/100|[from] Recoil\n|\n|upkeep\n|turn|5\n|\n|t:|1700863902\n|move|p2b: Amoonguss|Rage Powder|p2b: Amoonguss\n|-singleturn|p2b: Amoonguss|move: Rage Powder\n|move|p1b: Flutter Mane|Moonblast|p2b: Amoonguss\n|-resisted|p2b: Amoonguss\n|-damage|p2b: Amoonguss|20\/100\n|-unboost|p2b: Amoonguss|spa|1\n|move|p1a: Gholdengo|Shadow Ball|p2b: Amoonguss\n|-damage|p2b: Amoonguss|0 fnt\n|faint|p2b: Amoonguss\n|move|p2a: Iron Hands|Wild Charge|p1b: Flutter Mane\n|-damage|p1b: Flutter Mane|20\/100\n|-damage|p2a: Iron Hands|63\/100|[from] Recoil\n|\n|-sideend|p1: SicGatto|move: Tailwind\n|upkeep\n|\n|t:|1700863915\n|switch|p2b: Landorus|Landorus-Therian, L50, M|100\/100\n|-ability|p2b: Landorus|Intimidate|boost\n|-unboost|p1a: Gholdengo|atk|1\n|-unboost|p1b: Flutter Mane|atk|1\n|turn|6\n|\n|t:|1700863922\n|move|p1b: Flutter Mane|Moonblast|p2a: Iron Hands\n|-damage|p2a: Iron Hands|34\/100\n|move|p2b: Landorus|Stomping Tantrum|p1a: Gholdengo\n|-supereffective|p1a: Gholdengo\n|-damage|p1a: Gholdengo|0 fnt\n|faint|p1a: Gholdengo\n|move|p2a: Iron Hands|Wild Charge|p1b: Flutter Mane\n|-damage|p1b: Flutter Mane|0 fnt\n|faint|p1b: Flutter Mane\n|-end|p1b: Flutter Mane|Protosynthesis|[silent]\n|-damage|p2a: Iron Hands|31\/100|[from] Recoil\n|\n|win|PiaxVGC\n|c|&|\/uhtml prompt-sicgatto,SicGatto is ready for game 2!\n|inactive|PiaxVGC has 50 seconds to confirm battle start!\n|c|\u2606PiaxVGC|gg\n|inactive|PiaxVGC has 40 seconds to confirm battle start!\n|c|\u2606SicGatto|gg\n|c|&|\/uhtml prompt-piaxvgc,PiaxVGC is ready for game 2!\nBoth players are ready! Starting next match!\n|l| Dice Player\n|j| Dice Player\n|l| Dice Player\n|l| Spindina\n|j| Dice Player\n|l| Dice Player\n|l| Ryugami0\n|l|\u2606SicGatto\n|l| Dracozoltommemerd\n|l| Dan_DES\n","uploadtime":1700863946,"views":23,"p1id":"sicgatto","p2id":"piaxvgc","formatid":"gen9vgc2023regulatione","rating":0,"private":0,"password":""}