{"id":"gen9vgc2023regulatione-1988898737","p1":"Sirwoodie","p2":"Shuckleman12","format":"[Gen 9] VGC 2023 Regulation E","log":"|j|\u2606Sirwoodie\n|j|\u2606Shuckleman12\n|t:|1699783711\n|gametype|doubles\n|player|p1|Sirwoodie|2|1053\n|player|p2|Shuckleman12|fisherman-gen4|1130\n|teamsize|p1|6\n|teamsize|p2|6\n|gen|9\n|tier|[Gen 9] VGC 2023 Regulation E\n|rated|\n|rule|Species Clause: Limit one of each Pok\u00e9mon\n|rule|Item Clause: Limit one of each item\n|clearpoke\n|poke|p1|Flutter Mane, L50|\n|poke|p1|Cresselia, L50, F|\n|poke|p1|Ogerpon-Wellspring, L50, F|\n|poke|p1|Clodsire, L50, M|\n|poke|p1|Slowking-Galar, L50, M|\n|poke|p1|Amoonguss, L50, F|\n|poke|p2|Cresselia, L50, F|\n|poke|p2|Iron Hands, L50|\n|poke|p2|Ursaluna-Bloodmoon, L50, M|\n|poke|p2|Heatran, L50, M|\n|poke|p2|Landorus-Therian, L50, M|\n|poke|p2|Amoonguss, L50, M|\n|teampreview|4\n|j| Beanzonvr\n|\n|t:|1699783737\n|start\n|switch|p1a: Ogerpon|Ogerpon-Wellspring, L50, F|100\/100\n|switch|p1b: Slowking|Slowking-Galar, L50, M|100\/100\n|switch|p2a: Cresselia|Cresselia, L50, F|100\/100\n|switch|p2b: Potemkin|Iron Hands, L50, shiny|100\/100\n|turn|1\n|\n|t:|1699783755\n|move|p1a: Ogerpon|Follow Me|p1a: Ogerpon\n|-singleturn|p1a: Ogerpon|move: Follow Me\n|move|p2b: Potemkin|Wild Charge|p1a: Ogerpon\n|-damage|p1a: Ogerpon|44\/100\n|-damage|p2b: Potemkin|92\/100|[from] Recoil\n|move|p2a: Cresselia|Trick Room|p2a: Cresselia\n|-fieldstart|move: Trick Room|[of] p2a: Cresselia\n|move|p1b: Slowking|Trick Room|p1b: Slowking\n|-fieldend|move: Trick Room\n|\n|upkeep\n|turn|2\n|\n|t:|1699783791\n|switch|p1b: Clodsire|Clodsire, L50, M|100\/100\n|move|p1a: Ogerpon|Spiky Shield|p1a: Ogerpon\n|-singleturn|p1a: Ogerpon|move: Protect\n|move|p2b: Potemkin|Wild Charge|p1a: Ogerpon\n|-activate|p1a: Ogerpon|move: Protect\n|-damage|p2b: Potemkin|79\/100|[from] Spiky Shield|[of] p1a: Ogerpon\n|move|p2a: Cresselia|Trick Room|p2a: Cresselia\n|-fieldstart|move: Trick Room|[of] p2a: Cresselia\n|\n|upkeep\n|turn|3\n|l|\u2606Sirwoodie\n|player|p1|\n|j|\u2606Sirwoodie\n|player|p1|Sirwoodie|2\n|\n|t:|1699783854\n|switch|p2a: Ursaluna|Ursaluna-Bloodmoon, L50, M|100\/100\n|move|p1b: Clodsire|Surf|p2b: Potemkin|[spread] p2a,p2b\n|-heal|p1a: Ogerpon|69\/100|[from] ability: Water Absorb|[of] p1b: Clodsire\n|-supereffective|p2a: Ursaluna\n|-damage|p2a: Ursaluna|73\/100\n|-damage|p2b: Potemkin|73\/100\n|move|p2b: Potemkin|Heavy Slam|p1a: Ogerpon\n|-resisted|p1a: Ogerpon\n|-damage|p1a: Ogerpon|42\/100\n|move|p1a: Ogerpon|Horn Leech|p2b: Potemkin\n|-damage|p2b: Potemkin|42\/100\n|-heal|p1a: Ogerpon|67\/100|[from] drain|[of] p2b: Potemkin\n|\n|upkeep\n|turn|4\n|\n|t:|1699783876\n|-terastallize|p2a: Ursaluna|Normal\n|move|p1a: Ogerpon|Spiky Shield|p1a: Ogerpon\n|-singleturn|p1a: Ogerpon|move: Protect\n|move|p1b: Clodsire|Stockpile|p1b: Clodsire\n|-start|p1b: Clodsire|stockpile1\n|-boost|p1b: Clodsire|def|1\n|-boost|p1b: Clodsire|spd|1\n|move|p2b: Potemkin|Drain Punch|p1a: Ogerpon\n|-activate|p1a: Ogerpon|move: Protect\n|-damage|p2b: Potemkin|30\/100|[from] Spiky Shield|[of] p1a: Ogerpon\n|move|p2a: Ursaluna|Hyper Voice|p1a: Ogerpon|[spread] p1b\n|-activate|p1a: Ogerpon|move: Protect\n|-damage|p1b: Clodsire|72\/100\n|-enditem|p2a: Ursaluna|Throat Spray\n|-boost|p2a: Ursaluna|spa|1|[from] item: Throat Spray\n|\n|upkeep\n|turn|5\n|\n|t:|1699783912\n|move|p1b: Clodsire|Stockpile|p1b: Clodsire\n|-start|p1b: Clodsire|stockpile2\n|-boost|p1b: Clodsire|def|1\n|-boost|p1b: Clodsire|spd|1\n|move|p2b: Potemkin|Drain Punch|p1b: Clodsire\n|-resisted|p1b: Clodsire\n|-damage|p1b: Clodsire|63\/100\n|-heal|p2b: Potemkin|34\/100|[from] drain|[of] p1b: Clodsire\n|move|p2a: Ursaluna|Blood Moon|p1a: Ogerpon\n|-damage|p1a: Ogerpon|0 fnt\n|faint|p1a: Ogerpon\n|\n|upkeep\n|\n|t:|1699783925\n|switch|p1a: Slowking|Slowking-Galar, L50, M|100\/100\n|turn|6\n|\n|t:|1699783936\n|-end|p2b: Potemkin|Quark Drive|[silent]\n|switch|p2b: Amoonguss|Amoonguss, L50, M|100\/100\n|move|p1b: Clodsire|Stockpile|p1b: Clodsire\n|-start|p1b: Clodsire|stockpile3\n|-boost|p1b: Clodsire|def|1\n|-boost|p1b: Clodsire|spd|1\n|move|p1a: Slowking|Stored Power|p1b: Clodsire\n|-supereffective|p1b: Clodsire\n|-damage|p1b: Clodsire|57\/100\n|-enditem|p1b: Clodsire|Weakness Policy\n|-boost|p1b: Clodsire|atk|2|[from] item: Weakness Policy\n|-boost|p1b: Clodsire|spa|2|[from] item: Weakness Policy\n|move|p2a: Ursaluna|Earth Power|p1a: Slowking\n|-supereffective|p1a: Slowking\n|-damage|p1a: Slowking|0 fnt\n|faint|p1a: Slowking\n|\n|-fieldend|move: Trick Room\n|upkeep\n|\n|t:|1699783954\n|switch|p1a: Flutter Mane|Flutter Mane, L50|100\/100\n|-enditem|p1a: Flutter Mane|Booster Energy\n|-activate|p1a: Flutter Mane|ability: Protosynthesis|[fromitem]\n|-start|p1a: Flutter Mane|protosynthesisspa\n|turn|7\n|\n|t:|1699783964\n|-terastallize|p1a: Flutter Mane|Fire\n|move|p2b: Amoonguss|Rage Powder|p2b: Amoonguss\n|-singleturn|p2b: Amoonguss|move: Rage Powder\n|move|p1a: Flutter Mane|Mystical Fire|p2b: Amoonguss\n|-supereffective|p2b: Amoonguss\n|-crit|p2b: Amoonguss\n|-damage|p2b: Amoonguss|0 fnt\n|faint|p2b: Amoonguss\n|move|p2a: Ursaluna|Blood Moon|p1a: Flutter Mane\n|-damage|p1a: Flutter Mane|0 fnt\n|faint|p1a: Flutter Mane\n|-end|p1a: Flutter Mane|Protosynthesis|[silent]\n|move|p1b: Clodsire|Surf|p2a: Ursaluna\n|-damage|p2a: Ursaluna|35\/100\n|\n|upkeep\n|\n|t:|1699783977\n|switch|p2b: Cresselia|Cresselia, L50, F|100\/100\n|turn|8\n|\n|t:|1699783984\n|move|p2b: Cresselia|Lunar Blessing|p2b: Cresselia|[spread] p2a,p2b\n|-heal|p2a: Ursaluna|60\/100\n|move|p2a: Ursaluna|Earth Power|p1b: Clodsire\n|-supereffective|p1b: Clodsire\n|-damage|p1b: Clodsire|23\/100\n|-unboost|p1b: Clodsire|spd|1\n|move|p1b: Clodsire|Surf|p2b: Cresselia|[spread] p2a,p2b\n|-damage|p2a: Ursaluna|31\/100\n|-damage|p2b: Cresselia|87\/100\n|\n|upkeep\n|turn|9\n|\n|t:|1699783996\n|move|p2b: Cresselia|Lunar Blessing|p2b: Cresselia|[spread] p2a,p2b\n|-heal|p2a: Ursaluna|56\/100\n|-heal|p2b: Cresselia|100\/100\n|move|p2a: Ursaluna|Blood Moon|p1b: Clodsire\n|-damage|p1b: Clodsire|0 fnt\n|faint|p1b: Clodsire\n|\n|win|Shuckleman12\n|raw|Sirwoodie's rating: 1053 &rarr; <strong>1039<\/strong><br \/>(-14 for losing)\n|raw|Shuckleman12's rating: 1130 &rarr; <strong>1150<\/strong><br \/>(+20 for winning)\n|c|\u2606Shuckleman12|gg\n|l|\u2606Sirwoodie\n","uploadtime":1699784007,"views":9,"p1id":"sirwoodie","p2id":"shuckleman12","formatid":"gen9vgc2023regulatione","rating":1039,"private":0,"password":""}