{"id":"gen9vgc2023regulatione-1988866731","p1":"Dark Eagle1325","p2":"CharlienoB","format":"[Gen 9] VGC 2023 Regulation E","log":"|j|\u2606Dark Eagle1325\n|j|\u2606CharlienoB\n|t:|1699777010\n|gametype|doubles\n|player|p1|Dark Eagle1325|acetrainer-gen4dp|1074\n|player|p2|CharlienoB|266|1041\n|teamsize|p1|6\n|teamsize|p2|6\n|gen|9\n|tier|[Gen 9] VGC 2023 Regulation E\n|rated|\n|rule|Species Clause: Limit one of each Pok\u00e9mon\n|rule|Item Clause: Limit one of each item\n|clearpoke\n|poke|p1|Rillaboom, L50, F|\n|poke|p1|Gyarados, L50, F|\n|poke|p1|Chi-Yu, L50|\n|poke|p1|Tornadus, L50, M|\n|poke|p1|Sneasler, L50, M|\n|poke|p1|Flutter Mane, L50|\n|poke|p2|Tatsugiri, L50, F|\n|poke|p2|Dondozo, L50, F|\n|poke|p2|Rillaboom, L50, M|\n|poke|p2|Arcanine-Hisui, L50, F|\n|poke|p2|Flamigo, L50, F|\n|poke|p2|Roaring Moon, L50|\n|teampreview|4\n|\n|t:|1699777035\n|start\n|switch|p1a: Tornadus|Tornadus, L50, M|100\/100\n|switch|p1b: Flutter Mane|Flutter Mane, L50|100\/100\n|switch|p2a: Rillaboom|Rillaboom, L50, M|100\/100\n|switch|p2b: Arcanine|Arcanine-Hisui, L50, F|100\/100\n|-ability|p2b: Arcanine|Intimidate|boost\n|-unboost|p1a: Tornadus|atk|1\n|-unboost|p1b: Flutter Mane|atk|1\n|-fieldstart|move: Grassy Terrain|[from] ability: Grassy Surge|[of] p2a: Rillaboom\n|-enditem|p1b: Flutter Mane|Booster Energy\n|-activate|p1b: Flutter Mane|ability: Protosynthesis|[fromitem]\n|-start|p1b: Flutter Mane|protosynthesisspa\n|turn|1\n|inactive|Battle timer is ON: inactive players will automatically lose when time's up. (requested by CharlienoB)\n|\n|t:|1699777063\n|switch|p1a: Gyarados|Gyarados, L50, F|100\/100\n|-ability|p1a: Gyarados|Intimidate|boost\n|-unboost|p2a: Rillaboom|atk|1\n|-unboost|p2b: Arcanine|atk|1\n|-terastallize|p2a: Rillaboom|Fire\n|move|p1b: Flutter Mane|Protect|p1b: Flutter Mane\n|-singleturn|p1b: Flutter Mane|Protect\n|move|p2b: Arcanine|Flare Blitz|p2a: Rillaboom\n|-resisted|p2a: Rillaboom\n|-damage|p2a: Rillaboom|78\/100\n|-damage|p2b: Arcanine|93\/100|[from] Recoil\n|move|p2a: Rillaboom|Wood Hammer|p1b: Flutter Mane\n|-activate|p1b: Flutter Mane|move: Protect\n|\n|-heal|p2b: Arcanine|99\/100|[from] Grassy Terrain\n|-heal|p2a: Rillaboom|84\/100|[from] Grassy Terrain\n|upkeep\n|turn|2\n|\n|t:|1699777086\n|switch|p1a: Tornadus|Tornadus, L50, M|100\/100\n|move|p1b: Flutter Mane|Moonblast|p2b: Arcanine\n|-resisted|p2b: Arcanine\n|-damage|p2b: Arcanine|56\/100\n|-unboost|p2b: Arcanine|spa|1\n|move|p2b: Arcanine|Rock Slide|p1b: Flutter Mane|[spread] p1a,p1b\n|-supereffective|p1a: Tornadus\n|-damage|p1a: Tornadus|55\/100\n|-damage|p1b: Flutter Mane|64\/100\n|move|p2a: Rillaboom|Wood Hammer|p1b: Flutter Mane\n|-damage|p1b: Flutter Mane|0 fnt\n|faint|p1b: Flutter Mane\n|-end|p1b: Flutter Mane|Protosynthesis|[silent]\n|-damage|p2a: Rillaboom|68\/100|[from] Recoil\n|\n|-heal|p2b: Arcanine|62\/100|[from] Grassy Terrain\n|-heal|p2a: Rillaboom|74\/100|[from] Grassy Terrain\n|upkeep\n|\n|t:|1699777104\n|switch|p1b: Rillaboom|Rillaboom, L50, F|100\/100\n|turn|3\n|\n|t:|1699777128\n|move|p1b: Rillaboom|Fake Out|p2b: Arcanine\n|-resisted|p2b: Arcanine\n|-damage|p2b: Arcanine|53\/100\n|cant|p2b: Arcanine|flinch\n|move|p1a: Tornadus|Tailwind|p1a: Tornadus\n|-sidestart|p1: Dark Eagle1325|move: Tailwind\n|move|p2a: Rillaboom|Knock Off|p1a: Tornadus\n|-crit|p1a: Tornadus\n|-damage|p1a: Tornadus|0 fnt\n|-enditem|p1a: Tornadus|Focus Sash|[from] move: Knock Off|[of] p2a: Rillaboom\n|faint|p1a: Tornadus\n|\n|-heal|p2b: Arcanine|59\/100|[from] Grassy Terrain\n|-heal|p2a: Rillaboom|80\/100|[from] Grassy Terrain\n|upkeep\n|\n|t:|1699777146\n|switch|p1a: Gyarados|Gyarados, L50, F|100\/100\n|-ability|p1a: Gyarados|Intimidate|boost\n|-unboost|p2a: Rillaboom|atk|1\n|-unboost|p2b: Arcanine|atk|1\n|turn|4\n|\n|t:|1699777162\n|move|p1a: Gyarados|Waterfall|p2a: Rillaboom\n|-supereffective|p2a: Rillaboom\n|-damage|p2a: Rillaboom|0 fnt\n|faint|p2a: Rillaboom\n|move|p1b: Rillaboom|Knock Off|p2b: Arcanine\n|-damage|p2b: Arcanine|16\/100\n|-enditem|p2b: Arcanine|Sitrus Berry|[from] move: Knock Off|[of] p1b: Rillaboom\n|move|p2b: Arcanine|Howl|p2b: Arcanine\n|-boost|p2b: Arcanine|atk|1\n|\n|-heal|p2b: Arcanine|22\/100|[from] Grassy Terrain\n|upkeep\n|\n|t:|1699777175\n|switch|p2a: Roaring Moon|Roaring Moon, L50|100\/100\n|-enditem|p2a: Roaring Moon|Booster Energy\n|-activate|p2a: Roaring Moon|ability: Protosynthesis|[fromitem]\n|-start|p2a: Roaring Moon|protosynthesisatk\n|turn|5\n|\n|t:|1699777184\n|move|p1a: Gyarados|Dragon Dance|p1a: Gyarados\n|-boost|p1a: Gyarados|atk|1\n|-boost|p1a: Gyarados|spe|1\n|move|p1b: Rillaboom|High Horsepower|p2b: Arcanine\n|-supereffective|p2b: Arcanine\n|-damage|p2b: Arcanine|0 fnt\n|faint|p2b: Arcanine\n|move|p2a: Roaring Moon|Dragon Dance|p2a: Roaring Moon\n|-boost|p2a: Roaring Moon|atk|1\n|-boost|p2a: Roaring Moon|spe|1\n|\n|-fieldend|move: Grassy Terrain\n|upkeep\n|\n|t:|1699777196\n|switch|p2b: Flamigo|Flamigo, L50, F|100\/100\n|-copyboost|p2b: Flamigo|p2a: Roaring Moon|[from] ability: Costar\n|turn|6\n|\n|t:|1699777210\n|move|p1a: Gyarados|Waterfall|p2b: Flamigo\n|-damage|p2b: Flamigo|12\/100\n|move|p1b: Rillaboom|Knock Off|p2a: Roaring Moon\n|-resisted|p2a: Roaring Moon\n|-damage|p2a: Roaring Moon|87\/100\n|move|p2a: Roaring Moon|Acrobatics|p1a: Gyarados\n|-damage|p1a: Gyarados|0 fnt\n|faint|p1a: Gyarados\n|move|p2b: Flamigo|Brave Bird|p1b: Rillaboom\n|-supereffective|p1b: Rillaboom\n|-damage|p1b: Rillaboom|0 fnt\n|faint|p1b: Rillaboom\n|-damage|p2b: Flamigo|0 fnt|[from] Recoil\n|faint|p2b: Flamigo\n|\n|win|CharlienoB\n|raw|Dark Eagle1325's rating: 1074 &rarr; <strong>1051<\/strong><br \/>(-23 for losing)\n|raw|CharlienoB's rating: 1041 &rarr; <strong>1078<\/strong><br \/>(+37 for winning)\n|l|\u2606Dark Eagle1325\n","uploadtime":1699777342,"views":34,"p1id":"darkeagle1325","p2id":"charlienob","formatid":"gen9vgc2023regulatione","rating":1051,"private":0,"password":""}