{"id":"gen9vgc2023regulatione-1990872024","p1":"Zan-07","p2":"toh1217","format":"[Gen 9] VGC 2023 Regulation E","log":"|j|\u2606Zan-07\n|j|\u2606toh1217\n|t:|1700009831\n|gametype|doubles\n|player|p1|Zan-07|alec-anime|1400\n|player|p2|toh1217|1|1391\n|teamsize|p1|6\n|teamsize|p2|6\n|gen|9\n|tier|[Gen 9] VGC 2023 Regulation E\n|rated|\n|rule|Species Clause: Limit one of each Pok\u00e9mon\n|rule|Item Clause: Limit one of each item\n|clearpoke\n|poke|p1|Ogerpon-Wellspring, L50, F|\n|poke|p1|Iron Bundle, L50|\n|poke|p1|Arcanine-Hisui, L50, M|\n|poke|p1|Iron Hands, L50|\n|poke|p1|Sinistcha-Masterpiece, L50|\n|poke|p1|Gholdengo, L50|\n|poke|p2|Arcanine-Hisui, L50, M|\n|poke|p2|Urshifu-*, L50, F|\n|poke|p2|Chien-Pao, L50|\n|poke|p2|Gholdengo, L50|\n|poke|p2|Iron Hands, L50|\n|poke|p2|Amoonguss, L50, M|\n|teampreview|4\n|inactive|Battle timer is ON: inactive players will automatically lose when time's up. (requested by Zan-07)\n|inactive|toh1217 has 60 seconds left.\n|\n|t:|1700009874\n|start\n|switch|p1a: Arcanine|Arcanine-Hisui, L50, M|100\/100\n|switch|p1b: Iron Hands|Iron Hands, L50|100\/100\n|switch|p2a: Gholdengo|Gholdengo, L50|100\/100\n|switch|p2b: Iron Hands|Iron Hands, L50|100\/100\n|-ability|p1a: Arcanine|Intimidate|boost\n|-unboost|p2a: Gholdengo|atk|1\n|-unboost|p2b: Iron Hands|atk|1\n|turn|1\n|inactive|Zan-07 has 30 seconds left.\n|\n|t:|1700009906\n|-terastallize|p2a: Gholdengo|Dragon\n|move|p2b: Iron Hands|Fake Out|p1b: Iron Hands\n|-damage|p1b: Iron Hands|94\/100\n|cant|p1b: Iron Hands|flinch\n|move|p1a: Arcanine|Will-O-Wisp|p2b: Iron Hands|[miss]\n|-miss|p1a: Arcanine|p2b: Iron Hands\n|move|p2a: Gholdengo|Nasty Plot|p2a: Gholdengo\n|-boost|p2a: Gholdengo|spa|2\n|\n|upkeep\n|turn|2\n|inactive|toh1217 has 30 seconds left.\n|inactive|toh1217 has 20 seconds left.\n|inactive|toh1217 has 15 seconds left.\n|\n|t:|1700009947\n|-end|p2b: Iron Hands|Quark Drive|[silent]\n|switch|p2b: Amoonguss|Amoonguss, L50, M|100\/100\n|move|p1a: Arcanine|Will-O-Wisp|p2b: Amoonguss\n|-status|p2b: Amoonguss|brn\n|move|p2a: Gholdengo|Make It Rain|p1b: Iron Hands|[spread] p1a,p1b\n|-resisted|p1b: Iron Hands\n|-damage|p1a: Arcanine|0 fnt\n|-damage|p1b: Iron Hands|69\/100\n|-unboost|p2a: Gholdengo|spa|1\n|faint|p1a: Arcanine\n|move|p1b: Iron Hands|Drain Punch|p2a: Gholdengo\n|-damage|p2a: Gholdengo|63\/100\n|-heal|p1b: Iron Hands|84\/100|[from] drain|[of] p2a: Gholdengo\n|\n|-damage|p2b: Amoonguss|95\/100 brn|[from] brn\n|upkeep\n|\n|t:|1700009968\n|switch|p1a: Sinistcha|Sinistcha-Masterpiece, L50|100\/100\n|-heal|p1b: Iron Hands|100\/100|[from] ability: Hospitality|[of] p1a: Sinistcha\n|turn|3\n|\n|t:|1700009975\n|-end|p1b: Iron Hands|Quark Drive|[silent]\n|switch|p1b: Gholdengo|Gholdengo, L50|100\/100\n|move|p2a: Gholdengo|Protect|p2a: Gholdengo\n|-singleturn|p2a: Gholdengo|Protect\n|move|p2b: Amoonguss|Spore|p1b: Gholdengo\n|-immune|p1b: Gholdengo|[from] ability: Good as Gold\n|move|p1a: Sinistcha|Trick Room|p1a: Sinistcha\n|-fieldstart|move: Trick Room|[of] p1a: Sinistcha\n|\n|-damage|p2b: Amoonguss|89\/100 brn|[from] brn\n|upkeep\n|turn|4\n|inactive|toh1217 has 30 seconds left.\n|\n|t:|1700010002\n|move|p2b: Amoonguss|Pollen Puff|p2a: Gholdengo\n|-heal|p2a: Gholdengo|100\/100\n|move|p1a: Sinistcha|Matcha Gotcha|p2a: Gholdengo|[spread] p2a,p2b\n|-resisted|p2a: Gholdengo\n|-resisted|p2b: Amoonguss\n|-damage|p2a: Gholdengo|87\/100\n|-damage|p2b: Amoonguss|83\/100 brn\n|move|p2a: Gholdengo|Shadow Ball|p1a: Sinistcha\n|-supereffective|p1a: Sinistcha\n|-enditem|p1a: Sinistcha|Focus Sash\n|-damage|p1a: Sinistcha|1\/100\n|move|p1b: Gholdengo|Shadow Ball|p2a: Gholdengo\n|-damage|p2a: Gholdengo|44\/100\n|-enditem|p2a: Gholdengo|Sitrus Berry|[eat]\n|-heal|p2a: Gholdengo|69\/100|[from] item: Sitrus Berry\n|\n|-damage|p2b: Amoonguss|77\/100 brn|[from] brn\n|upkeep\n|turn|5\n|inactive|Zan-07 has 30 seconds left.\n|\n|t:|1700010028\n|move|p2b: Amoonguss|Pollen Puff|p1a: Sinistcha\n|-damage|p1a: Sinistcha|0 fnt\n|faint|p1a: Sinistcha\n|move|p2a: Gholdengo|Shadow Ball|p1b: Gholdengo\n|-supereffective|p1b: Gholdengo\n|-damage|p1b: Gholdengo|0 fnt\n|faint|p1b: Gholdengo\n|\n|-damage|p2b: Amoonguss|71\/100 brn|[from] brn\n|upkeep\n|-message|Zan-07 forfeited.\n|\n|win|toh1217\n|raw|Zan-07's rating: 1400 &rarr; <strong>1379<\/strong><br \/>(-21 for losing)\n|raw|toh1217's rating: 1391 &rarr; <strong>1412<\/strong><br \/>(+21 for winning)\n|l|\u2606Zan-07\n","uploadtime":1700010057,"views":23,"p1id":"zan07","p2id":"toh1217","formatid":"gen9vgc2023regulatione","rating":1379,"private":0,"password":""}