{"id":"gen9vgc2023regulatione-1992985648","p1":"LekiamVgc","p2":"ElcalvasoYt","format":"[Gen 9] VGC 2023 Regulation E","log":"|j|\u2606LekiamVgc\n|j|\u2606ElcalvasoYt\n|n|\u2606LekiamVgc|lekiamvgc\n|n|\u2606ElcalvasoYt|elcalvasoyt\n|html|View the match progress at <a href=\"\/game-bestof3-gen9vgc2023regulatione-1992979642\">game-bestof3-gen9vgc2023regulatione-1992979642<\/a>\n|t:|1700252841\n|gametype|doubles\n|player|p1|LekiamVgc|giovanni|\n|player|p2|ElcalvasoYt|102|\n|teamsize|p1|6\n|teamsize|p2|6\n|gen|9\n|tier|[Gen 9] VGC 2023 Regulation E\n|rule|Species Clause: Limit one of each Pok\u00e9mon\n|rule|Item Clause: Limit one of each item\n|clearpoke\n|poke|p1|Dondozo, L50, F|\n|poke|p1|Chien-Pao, L50|\n|poke|p1|Dragonite, L50, M|\n|poke|p1|Flutter Mane, L50|\n|poke|p1|Ogerpon-Hearthflame, L50, F|\n|poke|p1|Tatsugiri, L50, M|\n|poke|p2|Sneasler, L50, F|\n|poke|p2|Indeedee-F, L50, F|\n|poke|p2|Landorus-Therian, L50, M|\n|poke|p2|Tornadus, L50, M|\n|poke|p2|Armarouge, L50, F|\n|poke|p2|Ogerpon-Hearthflame, L50, F|\n|teampreview|4\n|c|\u2606LekiamVgc|ahora\n|c|\u2606LekiamVgc|glhf\nLekiamVgc has agreed to open team sheets.\n|c|\u2606LekiamVgc|acepta la ots\n|\n|t:|1700252917\n|start\n|switch|p1a: Flutter Mane|Flutter Mane, L50|100\/100\n|switch|p1b: Ogerpon|Ogerpon-Hearthflame, L50, F|100\/100\n|switch|p2a: Tornadus|Tornadus, L50, M|100\/100\n|switch|p2b: Ogerpon|Ogerpon-Hearthflame, L50, F|100\/100\n|-ability|p1b: Ogerpon|Mold Breaker\n|-ability|p2b: Ogerpon|Mold Breaker\n|-enditem|p1a: Flutter Mane|Booster Energy\n|-activate|p1a: Flutter Mane|ability: Protosynthesis|[fromitem]\n|-start|p1a: Flutter Mane|protosynthesisspe\n|turn|1\n|\n|t:|1700252978\n|-terastallize|p1b: Ogerpon|Fire\n|detailschange|p1b: Ogerpon|Ogerpon-Hearthflame-Tera, L50, F, tera:Fire\n|-ability|p1b: Ogerpon|Embody Aspect (Hearthflame)|boost\n|-boost|p1b: Ogerpon|atk|1\n|move|p2b: Ogerpon|Spiky Shield|p2b: Ogerpon\n|-singleturn|p2b: Ogerpon|move: Protect\n|move|p2a: Tornadus|Tailwind|p2a: Tornadus\n|-sidestart|p2: ElcalvasoYt|move: Tailwind\n|move|p1a: Flutter Mane|Icy Wind|p2b: Ogerpon|[spread] p2a\n|-activate|p2b: Ogerpon|move: Protect\n|-supereffective|p2a: Tornadus\n|-damage|p2a: Tornadus|70\/100\n|-unboost|p2a: Tornadus|spe|1\n|move|p1b: Ogerpon|Ivy Cudgel|p2a: Tornadus|[anim] Ivy Cudgel Fire\n|-damage|p2a: Tornadus|0 fnt\n|faint|p2a: Tornadus\n|\n|upkeep\n|\n|t:|1700253002\n|switch|p2a: Landorus|Landorus-Therian, L50, M|100\/100\n|-ability|p2a: Landorus|Intimidate|boost\n|-unboost|p1a: Flutter Mane|atk|1\n|-unboost|p1b: Ogerpon|atk|1\n|turn|2\n|\n|t:|1700253025\n|-terastallize|p2b: Ogerpon|Fire\n|detailschange|p2b: Ogerpon|Ogerpon-Hearthflame-Tera, L50, F, tera:Fire\n|-ability|p2b: Ogerpon|Embody Aspect (Hearthflame)|boost\n|-boost|p2b: Ogerpon|atk|1\n|move|p2a: Landorus|Rock Slide|p1b: Ogerpon|[spread] p1a,p1b\n|-supereffective|p1b: Ogerpon\n|-damage|p1a: Flutter Mane|67\/100\n|-damage|p1b: Ogerpon|59\/100\n|move|p2b: Ogerpon|Ivy Cudgel|p1b: Ogerpon|[anim] Ivy Cudgel Fire\n|-resisted|p1b: Ogerpon\n|-damage|p1b: Ogerpon|0 fnt\n|faint|p1b: Ogerpon\n|cant|p1a: Flutter Mane|flinch\n|\n|upkeep\n|\n|t:|1700253049\n|switch|p1b: Dondozo|Dondozo, L50, F|100\/100\n|turn|3\n|\n|t:|1700253077\n|switch|p2a: Indeedee|Indeedee-F, L50, F|100\/100\n|-fieldstart|move: Psychic Terrain|[from] ability: Psychic Surge|[of] p2a: Indeedee\n|-end|p1a: Flutter Mane|Protosynthesis|[silent]\n|switch|p1a: Tatsugiri|Tatsugiri, L50, M|100\/100\n|-activate|p1a: Tatsugiri|ability: Commander|[of] p1b: Dondozo\n|-boost|p1b: Dondozo|atk|2\n|-boost|p1b: Dondozo|spa|2\n|-boost|p1b: Dondozo|spe|2\n|-boost|p1b: Dondozo|def|2\n|-boost|p1b: Dondozo|spd|2\n|move|p2b: Ogerpon|Spiky Shield|p2b: Ogerpon\n|-singleturn|p2b: Ogerpon|move: Protect\n|move|p1b: Dondozo|Wave Crash|p2b: Ogerpon\n|-activate|p2b: Ogerpon|move: Protect\n|-damage|p1b: Dondozo|88\/100|[from] Spiky Shield|[of] p2b: Ogerpon\n|\n|upkeep\n|turn|4\n|\n|t:|1700253111\n|switch|p2b: Landorus|Landorus-Therian, L50, M|100\/100\n|-ability|p2b: Landorus|Intimidate|boost\n|-unboost|p1a: Tatsugiri|atk|1\n|-unboost|p1b: Dondozo|atk|1\n|move|p2a: Indeedee|Psychic|p1b: Dondozo\n|-damage|p1b: Dondozo|70\/100\n|-unboost|p1b: Dondozo|spd|1\n|move|p1b: Dondozo|Earthquake|p2b: Landorus|[spread] p2a\n|-miss|p1b: Dondozo|p1a: Tatsugiri\n|-immune|p2b: Landorus\n|-damage|p2a: Indeedee|73\/100\n|\n|-sideend|p2: ElcalvasoYt|move: Tailwind\n|upkeep\n|turn|5\n|\n|t:|1700253138\n|move|p2b: Landorus|Rock Slide|p1b: Dondozo|[spread] p1b\n|-miss|p2b: Landorus|p1a: Tatsugiri\n|-damage|p1b: Dondozo|62\/100\n|move|p1b: Dondozo|Order Up|p2b: Landorus\n|-damage|p2b: Landorus|60\/100\n|-boost|p1b: Dondozo|atk|1\n|move|p2a: Indeedee|Psychic|p1b: Dondozo\n|-damage|p1b: Dondozo|38\/100\n|\n|upkeep\n|turn|6\n|\n|t:|1700253161\n|move|p2b: Landorus|Rock Slide|p1a: Tatsugiri|[spread] p1b\n|-miss|p2b: Landorus|p1a: Tatsugiri\n|-damage|p1b: Dondozo|30\/100\n|move|p1b: Dondozo|Wave Crash|p2b: Landorus\n|-supereffective|p2b: Landorus\n|-damage|p2b: Landorus|0 fnt\n|faint|p2b: Landorus\n|-damage|p1b: Dondozo|16\/100|[from] Recoil\n|move|p2a: Indeedee|Psychic|p1b: Dondozo\n|-damage|p1b: Dondozo|0 fnt\n|faint|p1b: Dondozo\n|\n|upkeep\n|\n|t:|1700253176\n|switch|p2b: Ogerpon|Ogerpon-Hearthflame-Tera, L50, F, tera:Fire|100\/100\n|switch|p1b: Flutter Mane|Flutter Mane, L50|67\/100\n|-ability|p2b: Ogerpon|Embody Aspect (Hearthflame)|boost\n|-boost|p2b: Ogerpon|atk|1\n|turn|7\n|\n|t:|1700253220\n|move|p2b: Ogerpon|Spiky Shield|p2b: Ogerpon\n|-singleturn|p2b: Ogerpon|move: Protect\n|move|p1b: Flutter Mane|Shadow Ball|p2b: Ogerpon\n|-activate|p2b: Ogerpon|move: Protect\n|move|p1a: Tatsugiri|Muddy Water|p2b: Ogerpon|[spread] p2a\n|-activate|p2b: Ogerpon|move: Protect\n|-damage|p2a: Indeedee|47\/100\n|-unboost|p2a: Indeedee|accuracy|1\n|move|p2a: Indeedee|Trick Room|p2a: Indeedee\n|-fieldstart|move: Trick Room|[of] p2a: Indeedee\n|\n|-fieldend|move: Psychic Terrain\n|upkeep\n|turn|8\n|\n|t:|1700253240\n|move|p2a: Indeedee|Psychic|p1a: Tatsugiri\n|-damage|p1a: Tatsugiri|70\/100\n|move|p1a: Tatsugiri|Muddy Water|p2b: Ogerpon|[spread] p2a\n|-miss|p1a: Tatsugiri|p2b: Ogerpon\n|-damage|p2a: Indeedee|20\/100\n|move|p2b: Ogerpon|Ivy Cudgel|p1b: Flutter Mane|[anim] Ivy Cudgel Fire\n|-damage|p1b: Flutter Mane|0 fnt\n|faint|p1b: Flutter Mane\n|-end|p1b: Flutter Mane|Protosynthesis|[silent]\n|\n|upkeep\n|turn|9\n|\n|t:|1700253262\n|move|p2b: Ogerpon|Spiky Shield|p2b: Ogerpon\n|-singleturn|p2b: Ogerpon|move: Protect\n|move|p2a: Indeedee|Psychic|p1a: Tatsugiri|[miss]\n|-miss|p2a: Indeedee|p1a: Tatsugiri\n|move|p1a: Tatsugiri|Muddy Water|p2a: Indeedee|[spread] p2a\n|-activate|p2b: Ogerpon|move: Protect\n|-damage|p2a: Indeedee|0 fnt\n|faint|p2a: Indeedee\n|\n|upkeep\n|turn|10\n|\n|t:|1700253292\n|move|p1a: Tatsugiri|Muddy Water|p2b: Ogerpon\n|-supereffective|p2b: Ogerpon\n|-damage|p2b: Ogerpon|7\/100\n|move|p2b: Ogerpon|Horn Leech|p1a: Tatsugiri\n|-damage|p1a: Tatsugiri|0 fnt\n|-heal|p2b: Ogerpon|46\/100|[from] drain|[of] p1a: Tatsugiri\n|faint|p1a: Tatsugiri\n|\n|win|ElcalvasoYt\n|c|\u2606LekiamVgc|ah ya decia yo, tengo los evs del tatsu mal  pero gg\n|c|\u2606LekiamVgc|ahora te mando las replays+\n|c|\u2606ElcalvasoYt|Valeee\n|c|\u2606ElcalvasoYt|GG t\u00edo muy buena\n","uploadtime":1700253326,"views":30,"p1id":"lekiamvgc","p2id":"elcalvasoyt","formatid":"gen9vgc2023regulatione","rating":0,"private":0,"password":""}