{"id":"gen9vgc2023regulatione-1996334704","p1":"jelly jars test","p2":"Wizarkk","format":"[Gen 9] VGC 2023 Regulation E","log":"|j|\u203djelly jars test\n|j|\u2606Wizarkk\n|t:|1700672208\n|gametype|doubles\n|player|p1|jelly jars test|170|1152\n|player|p2|Wizarkk|101|1127\n|teamsize|p1|6\n|teamsize|p2|6\n|gen|9\n|tier|[Gen 9] VGC 2023 Regulation E\n|rated|\n|rule|Species Clause: Limit one of each Pok\u00e9mon\n|rule|Item Clause: Limit one of each item\n|clearpoke\n|poke|p1|Dondozo, L50, M|\n|poke|p1|Tatsugiri, L50, M|\n|poke|p1|Scream Tail, L50|\n|poke|p1|Sinistcha, L50|\n|poke|p1|Ogerpon-Hearthflame, L50, F|\n|poke|p1|Cresselia, L50, F|\n|poke|p2|Weezing-Galar, L50, M|\n|poke|p2|Toedscruel, L50, M|\n|poke|p2|Talonflame, L50, M|\n|poke|p2|Iron Hands, L50|\n|poke|p2|Iron Bundle, L50|\n|poke|p2|Gholdengo, L50|\n|teampreview|4\n|inactive|Battle timer is ON: inactive players will automatically lose when time's up. (requested by Wizarkk)\n|\n|t:|1700672232\n|start\n|switch|p1a: Tatsugiri|Tatsugiri, L50, M|100\/100\n|switch|p1b: Scream Tail|Scream Tail, L50|100\/100\n|switch|p2a: Iron Hands|Iron Hands, L50|100\/100\n|switch|p2b: Weezing|Weezing-Galar, L50, M|100\/100\n|-ability|p2b: Weezing|Neutralizing Gas\n|turn|1\n|\n|t:|1700672251\n|move|p1b: Scream Tail|Perish Song|p1b: Scream Tail\n|-start|p1a: Tatsugiri|perish3|[silent]\n|-start|p1b: Scream Tail|perish3|[silent]\n|-start|p2a: Iron Hands|perish3|[silent]\n|-start|p2b: Weezing|perish3|[silent]\n|-fieldactivate|move: Perish Song\n|move|p1a: Tatsugiri|Draco Meteor|p2a: Iron Hands\n|-damage|p2a: Iron Hands|57\/100\n|-unboost|p1a: Tatsugiri|spa|2\n|move|p2b: Weezing|Clear Smog|p1b: Scream Tail\n|-supereffective|p1b: Scream Tail\n|-damage|p1b: Scream Tail|78\/100\n|-clearboost|p1b: Scream Tail\n|move|p2a: Iron Hands|Heavy Slam|p1b: Scream Tail\n|-supereffective|p1b: Scream Tail\n|-damage|p1b: Scream Tail|0 fnt\n|faint|p1b: Scream Tail\n|-end|p1b: Scream Tail|Protosynthesis|[silent]\n|\n|-start|p1a: Tatsugiri|perish3\n|-start|p2b: Weezing|perish3\n|-start|p2a: Iron Hands|perish3\n|upkeep\n|\n|t:|1700672271\n|switch|p1b: Ogerpon|Ogerpon-Hearthflame, L50, F|100\/100\n|turn|2\n|\n|t:|1700672290\n|-end|p2a: Iron Hands|Quark Drive|[silent]\n|switch|p2a: Talonflame|Talonflame, L50, M|100\/100\n|-terastallize|p1b: Ogerpon|Fire\n|detailschange|p1b: Ogerpon|Ogerpon-Hearthflame-Tera, L50, F, tera:Fire\n|move|p1a: Tatsugiri|Protect|p1a: Tatsugiri\n|-singleturn|p1a: Tatsugiri|Protect\n|move|p1b: Ogerpon|Ivy Cudgel|p2b: Weezing|[anim] Ivy Cudgel Fire\n|-damage|p2b: Weezing|41\/100\n|-enditem|p2b: Weezing|Sitrus Berry|[eat]\n|-heal|p2b: Weezing|66\/100|[from] item: Sitrus Berry\n|move|p2b: Weezing|Strange Steam|p1a: Tatsugiri\n|-activate|p1a: Tatsugiri|move: Protect\n|\n|-start|p1a: Tatsugiri|perish2\n|-start|p2b: Weezing|perish2\n|upkeep\n|turn|3\n|inactive|jelly jars test has 30 seconds left.\n|\n|t:|1700672318\n|switch|p1b: Dondozo|Dondozo, L50, M|100\/100\n|move|p2b: Weezing|Protect|p2b: Weezing\n|-singleturn|p2b: Weezing|Protect\n|move|p2a: Talonflame|Brave Bird|p1b: Dondozo\n|-damage|p1b: Dondozo|74\/100\n|-damage|p2a: Talonflame|85\/100|[from] Recoil\n|move|p1a: Tatsugiri|Surf|p2b: Weezing|[spread] p1b,p2a\n|-activate|p2b: Weezing|move: Protect\n|-resisted|p1b: Dondozo\n|-supereffective|p2a: Talonflame\n|-damage|p1b: Dondozo|66\/100\n|-damage|p2a: Talonflame|31\/100\n|\n|-heal|p1b: Dondozo|72\/100|[from] item: Leftovers\n|-start|p1a: Tatsugiri|perish1\n|-start|p2b: Weezing|perish1\n|upkeep\n|turn|4\n|inactive|jelly jars test has 30 seconds left.\n|inactive|Wizarkk has 30 seconds left.\n|\n|t:|1700672351\n|move|p2a: Talonflame|Taunt|p1b: Dondozo\n|-start|p1b: Dondozo|move: Taunt\n|move|p1a: Tatsugiri|Surf|p2b: Weezing|[spread] p1b,p2a,p2b\n|-resisted|p1b: Dondozo\n|-supereffective|p2a: Talonflame\n|-damage|p1b: Dondozo|64\/100\n|-damage|p2a: Talonflame|0 fnt\n|-damage|p2b: Weezing|45\/100\n|faint|p2a: Talonflame\n|move|p2b: Weezing|Strange Steam|p1b: Dondozo\n|-damage|p1b: Dondozo|36\/100\n|move|p1b: Dondozo|Earthquake|p2b: Weezing|[spread] p1a,p2b\n|-supereffective|p2b: Weezing\n|-damage|p1a: Tatsugiri|57\/100\n|-damage|p2b: Weezing|10\/100\n|\n|-heal|p1b: Dondozo|42\/100|[from] item: Leftovers\n|-start|p1a: Tatsugiri|perish0\n|-start|p2b: Weezing|perish0\n|upkeep\n|faint|p1a: Tatsugiri\n|faint|p2b: Weezing\n|-end|p2b: Weezing|ability: Neutralizing Gas\n|-activate|p1b: Dondozo|ability: Oblivious\n|-end|p1b: Dondozo|move: Taunt\n|\n|t:|1700672369\n|switch|p2a: Gholdengo|Gholdengo, L50|100\/100\n|switch|p1a: Ogerpon|Ogerpon-Hearthflame-Tera, L50, F, tera:Fire|100\/100\n|switch|p2b: Iron Hands|Iron Hands, L50|57\/100\n|-ability|p1a: Ogerpon|Embody Aspect (Hearthflame)|boost\n|-boost|p1a: Ogerpon|atk|1\n|turn|5\n|\n|t:|1700672383\n|move|p1a: Ogerpon|Spiky Shield|p1a: Ogerpon\n|-singleturn|p1a: Ogerpon|move: Protect\n|move|p2b: Iron Hands|Fake Out|p1a: Ogerpon\n|-activate|p1a: Ogerpon|move: Protect\n|-damage|p2b: Iron Hands|44\/100|[from] Spiky Shield|[of] p1a: Ogerpon\n|move|p2a: Gholdengo|Nasty Plot|p2a: Gholdengo\n|-boost|p2a: Gholdengo|spa|2\n|move|p1b: Dondozo|Earthquake|p2b: Iron Hands|[spread] p2a,p2b\n|-activate|p1a: Ogerpon|move: Protect\n|-supereffective|p2a: Gholdengo\n|-supereffective|p2b: Iron Hands\n|-damage|p2a: Gholdengo|54\/100\n|-damage|p2b: Iron Hands|13\/100\n|\n|-heal|p2a: Gholdengo|60\/100|[from] item: Leftovers\n|-heal|p1b: Dondozo|48\/100|[from] item: Leftovers\n|upkeep\n|turn|6\n|inactive|Wizarkk has 30 seconds left.\n|\n|t:|1700672418\n|-terastallize|p2a: Gholdengo|Ghost\n|move|p1a: Ogerpon|Ivy Cudgel|p2a: Gholdengo|[anim] Ivy Cudgel Fire\n|-damage|p2a: Gholdengo|0 fnt\n|faint|p2a: Gholdengo\n|move|p2b: Iron Hands|Wild Charge|p1b: Dondozo\n|-supereffective|p1b: Dondozo\n|-crit|p1b: Dondozo\n|-damage|p1b: Dondozo|0 fnt\n|faint|p1b: Dondozo\n|-damage|p2b: Iron Hands|0 fnt|[from] Recoil\n|faint|p2b: Iron Hands\n|-end|p2b: Iron Hands|Quark Drive|[silent]\n|\n|win|jelly jars test\n|raw|jelly jars test's rating: 1152 &rarr; <strong>1175<\/strong><br \/>(+23 for winning)\n|raw|Wizarkk's rating: 1127 &rarr; <strong>1104<\/strong><br \/>(-23 for losing)\n","uploadtime":1700672425,"views":1,"p1id":"jellyjarstest","p2id":"wizarkk","formatid":"gen9vgc2023regulatione","rating":1104,"private":0,"password":""}