{"id":"gen9vgc2023regulatione-1989868015","p1":"Kzjhzk","p2":"Illuminosity","format":"[Gen 9] VGC 2023 Regulation E","log":"|j|\u2606Kzjhzk\n|j|\u2606Illuminosity\n|t:|1699902415\n|gametype|doubles\n|player|p1|Kzjhzk|lance|1000\n|player|p2|Illuminosity|roxie|1049\n|teamsize|p1|6\n|teamsize|p2|6\n|gen|9\n|tier|[Gen 9] VGC 2023 Regulation E\n|rated|\n|rule|Species Clause: Limit one of each Pok\u00e9mon\n|rule|Item Clause: Limit one of each item\n|clearpoke\n|poke|p1|Flutter Mane, L50|\n|poke|p1|Tornadus, L50, M|\n|poke|p1|Rillaboom, L50, F|\n|poke|p1|Garganacl, L50, M|\n|poke|p1|Arcanine-Hisui, L50, F|\n|poke|p1|Chien-Pao, L50|\n|poke|p2|Flutter Mane, L50|\n|poke|p2|Ogerpon-Wellspring, L50, F|\n|poke|p2|Chien-Pao, L50|\n|poke|p2|Rillaboom, L50, M|\n|poke|p2|Tornadus, L50, M|\n|poke|p2|Urshifu-*, L50, F|\n|teampreview|4\n|inactive|Battle timer is ON: inactive players will automatically lose when time's up. (requested by Illuminosity)\nIlluminosity rejected open team sheets.\n|\n|t:|1699902446\n|start\n|switch|p1a: Tornadus|Tornadus, L50, M|100\/100\n|switch|p1b: Garganacl|Garganacl, L50, M|100\/100\n|switch|p2a: Tornadus|Tornadus, L50, M|100\/100\n|switch|p2b: Ogerpon|Ogerpon-Wellspring, L50, F|100\/100\n|turn|1\n|inactive|Illuminosity has 30 seconds left.\n|\n|t:|1699902473\n|move|p1b: Garganacl|Protect|p1b: Garganacl\n|-singleturn|p1b: Garganacl|Protect\n|move|p2b: Ogerpon|Follow Me|p2b: Ogerpon\n|-singleturn|p2b: Ogerpon|move: Follow Me\n|move|p2a: Tornadus|Tailwind|p2a: Tornadus\n|-sidestart|p2: Illuminosity|move: Tailwind\n|move|p1a: Tornadus|Bleakwind Storm|p2a: Tornadus|[spread] p2a\n|-miss|p1a: Tornadus|p2b: Ogerpon\n|-crit|p2a: Tornadus\n|-damage|p2a: Tornadus|60\/100\n|\n|upkeep\n|turn|2\n|\n|t:|1699902496\n|-terastallize|p1b: Garganacl|Ghost\n|move|p2a: Tornadus|Rain Dance|p2a: Tornadus\n|-weather|RainDance\n|move|p1a: Tornadus|Tailwind|p1a: Tornadus\n|-sidestart|p1: Kzjhzk|move: Tailwind\n|move|p2b: Ogerpon|Ivy Cudgel|p1b: Garganacl\n|-damage|p1b: Garganacl|33\/100\n|-enditem|p1b: Garganacl|Sitrus Berry|[eat]\n|-heal|p1b: Garganacl|58\/100|[from] item: Sitrus Berry\n|move|p1b: Garganacl|Salt Cure|p2b: Ogerpon\n|-damage|p2b: Ogerpon|82\/100\n|-start|p2b: Ogerpon|Salt Cure\n|\n|-weather|RainDance|[upkeep]\n|-damage|p2b: Ogerpon|58\/100|[from] Salt Cure\n|upkeep\n|turn|3\n|\n|t:|1699902516\n|move|p1a: Tornadus|Sunny Day|p1a: Tornadus\n|-weather|SunnyDay\n|move|p2b: Ogerpon|Ivy Cudgel|p1b: Garganacl\n|-damage|p1b: Garganacl|39\/100\n|move|p2a: Tornadus|Bleakwind Storm|p1b: Garganacl|[spread] p1a,p1b\n|-damage|p1a: Tornadus|75\/100\n|-damage|p1b: Garganacl|20\/100\n|move|p1b: Garganacl|Recover|p1b: Garganacl\n|-heal|p1b: Garganacl|70\/100\n|\n|-weather|SunnyDay|[upkeep]\n|-damage|p2b: Ogerpon|33\/100|[from] Salt Cure\n|upkeep\n|turn|4\n|\n|t:|1699902528\n|switch|p2b: Urshifu|Urshifu-Rapid-Strike, L50, F|100\/100\n|move|p1b: Garganacl|Protect|p1b: Garganacl\n|-singleturn|p1b: Garganacl|Protect\n|move|p2a: Tornadus|Taunt|p1a: Tornadus\n|-start|p1a: Tornadus|move: Taunt\n|move|p1a: Tornadus|Bleakwind Storm|p2b: Urshifu|[spread] p2a,p2b\n|-supereffective|p2b: Urshifu\n|-damage|p2a: Tornadus|32\/100\n|-damage|p2b: Urshifu|0 fnt\n|faint|p2b: Urshifu\n|\n|-weather|SunnyDay|[upkeep]\n|-sideend|p2: Illuminosity|move: Tailwind\n|upkeep\n|\n|t:|1699902539\n|switch|p2b: Chien-Pao|Chien-Pao, L50|100\/100\n|-ability|p2b: Chien-Pao|Sword of Ruin\n|turn|5\n|\n|t:|1699902547\n|switch|p1b: Arcanine|Arcanine-Hisui, L50, F|100\/100\n|-ability|p1b: Arcanine|Intimidate|boost\n|-unboost|p2a: Tornadus|atk|1\n|-unboost|p2b: Chien-Pao|atk|1\n|move|p2b: Chien-Pao|Sucker Punch||[still]\n|-fail|p2b: Chien-Pao\n|move|p1a: Tornadus|Bleakwind Storm|p2a: Tornadus|[spread] p2a,p2b\n|-crit|p2b: Chien-Pao\n|-damage|p2a: Tornadus|2\/100\n|-damage|p2b: Chien-Pao|21\/100\n|move|p2a: Tornadus|Bleakwind Storm|p1a: Tornadus|[spread] p1a,p1b\n|-resisted|p1b: Arcanine\n|-damage|p1a: Tornadus|49\/100\n|-damage|p1b: Arcanine|82\/100\n|-unboost|p1a: Tornadus|spe|1\n|\n|-weather|SunnyDay|[upkeep]\n|-sideend|p1: Kzjhzk|move: Tailwind\n|upkeep\n|turn|6\n|-message|Illuminosity forfeited.\n|\n|win|Kzjhzk\n|raw|Kzjhzk's rating: 1000 &rarr; <strong>1046<\/strong><br \/>(+46 for winning)\n|raw|Illuminosity's rating: 1049 &rarr; <strong>1029<\/strong><br \/>(-20 for losing)\n|l|\u2606Illuminosity\n","uploadtime":1699902559,"views":10,"p1id":"kzjhzk","p2id":"illuminosity","formatid":"gen9vgc2023regulatione","rating":1029,"private":0,"password":""}