{"id":"gen9vgc2023regulatione-1993852015","p1":"zanethrillseek","p2":"RaimuBeat","format":"[Gen 9] VGC 2023 Regulation E","log":"|j|\u2606zanethrillseek\n|j|\u2606RaimuBeat\n|t:|1700365361\n|gametype|doubles\n|player|p1|zanethrillseek|hilbert-wonderlauncher|1178\n|player|p2|RaimuBeat|caitlin|1116\n|teamsize|p1|6\n|teamsize|p2|6\n|gen|9\n|tier|[Gen 9] VGC 2023 Regulation E\n|rated|\n|rule|Species Clause: Limit one of each Pok\u00e9mon\n|rule|Item Clause: Limit one of each item\n|clearpoke\n|poke|p1|Tornadus, L50, M|\n|poke|p1|Chien-Pao, L50|\n|poke|p1|Rillaboom, L50, F|\n|poke|p1|Arcanine-Hisui, L50, M|\n|poke|p1|Flutter Mane, L50|\n|poke|p1|Urshifu-*, L50, M|\n|poke|p2|Sylveon, L50, F|\n|poke|p2|Kommo-o, L50, F|\n|poke|p2|Clefairy, L50, F|\n|poke|p2|Rillaboom, L50, M|\n|poke|p2|Urshifu-*, L50, M|\n|poke|p2|Corviknight, L50, M|\n|teampreview|4\nRaimuBeat has agreed to open team sheets.\nzanethrillseek has agreed to open team sheets.\n|\n|t:|1700365463\n|start\n|switch|p1a: Tornadus|Tornadus, L50, M, shiny|100\/100\n|switch|p1b: Flutter Mane|Flutter Mane, L50|100\/100\n|switch|p2a: Steiner|Corviknight, L50, M|100\/100\n|switch|p2b: Amarant|Urshifu, L50, M|100\/100\n|-enditem|p1b: Flutter Mane|Booster Energy\n|-activate|p1b: Flutter Mane|ability: Protosynthesis|[fromitem]\n|-start|p1b: Flutter Mane|protosynthesisspa\n|turn|1\n|\n|t:|1700365595\n|move|p2b: Amarant|Protect|p2b: Amarant\n|-singleturn|p2b: Amarant|Protect\n|move|p1b: Flutter Mane|Dazzling Gleam|p2a: Steiner|[spread] p2a\n|-activate|p2b: Amarant|move: Protect\n|-resisted|p2a: Steiner\n|-damage|p2a: Steiner|87\/100\n|move|p1a: Tornadus|Bleakwind Storm|p2a: Steiner|[spread] p2a\n|-activate|p2b: Amarant|move: Protect\n|-resisted|p2a: Steiner\n|-damage|p2a: Steiner|77\/100\n|move|p2a: Steiner|Tailwind|p2a: Steiner\n|-sidestart|p2: RaimuBeat|move: Tailwind\n|\n|-heal|p2a: Steiner|83\/100|[from] item: Leftovers\n|upkeep\n|turn|2\n|\n|t:|1700365626\n|-terastallize|p2b: Amarant|Poison\n|move|p1a: Tornadus|Tailwind|p1a: Tornadus\n|-sidestart|p1: zanethrillseek|move: Tailwind\n|move|p2b: Amarant|Poison Jab|p1b: Flutter Mane\n|-damage|p1b: Flutter Mane|34\/100\n|move|p1b: Flutter Mane|Dazzling Gleam|p2a: Steiner|[spread] p2a,p2b\n|-resisted|p2a: Steiner\n|-resisted|p2b: Amarant\n|-damage|p2a: Steiner|68\/100\n|-damage|p2b: Amarant|72\/100\n|move|p2a: Steiner|Bulk Up|p2a: Steiner\n|-boost|p2a: Steiner|atk|1\n|-boost|p2a: Steiner|def|1\n|\n|-heal|p2a: Steiner|74\/100|[from] item: Leftovers\n|upkeep\n|turn|3\n|\n|t:|1700365663\n|move|p2b: Amarant|Wicked Blow|p1a: Tornadus\n|-crit|p1a: Tornadus\n|-damage|p1a: Tornadus|49\/100\n|-damage|p2b: Amarant|55\/100|[from] item: Rocky Helmet|[of] p1a: Tornadus\n|move|p1b: Flutter Mane|Shadow Ball|p2a: Steiner\n|-damage|p2a: Steiner|33\/100\n|move|p1a: Tornadus|Bleakwind Storm|p2b: Amarant|[spread] p2a,p2b\n|-resisted|p2a: Steiner\n|-damage|p2a: Steiner|21\/100\n|-damage|p2b: Amarant|7\/100\n|-ability|p2a: Steiner|Mirror Armor\n|-unboost|p1a: Tornadus|spe|1\n|move|p2a: Steiner|Bulk Up|p2a: Steiner\n|-boost|p2a: Steiner|atk|1\n|-boost|p2a: Steiner|def|1\n|\n|-heal|p2a: Steiner|27\/100|[from] item: Leftovers\n|upkeep\n|turn|4\n|\n|t:|1700365699\n|move|p1b: Flutter Mane|Dazzling Gleam|p2b: Amarant|[spread] p2a,p2b\n|-resisted|p2a: Steiner\n|-resisted|p2b: Amarant\n|-damage|p2a: Steiner|14\/100\n|-damage|p2b: Amarant|0 fnt\n|faint|p2b: Amarant\n|move|p2a: Steiner|Iron Head|p1b: Flutter Mane\n|-supereffective|p1b: Flutter Mane\n|-damage|p1b: Flutter Mane|0 fnt\n|faint|p1b: Flutter Mane\n|-end|p1b: Flutter Mane|Protosynthesis|[silent]\n|move|p1a: Tornadus|Bleakwind Storm|p2a: Steiner|[miss]\n|-miss|p1a: Tornadus|p2a: Steiner\n|\n|-heal|p2a: Steiner|20\/100|[from] item: Leftovers\n|-sideend|p2: RaimuBeat|move: Tailwind\n|upkeep\n|\n|t:|1700365714\n|switch|p1b: Arcanine|Arcanine-Hisui, L50, M|100\/100\n|switch|p2b: Zidane|Rillaboom, L50, M|100\/100\n|-ability|p1b: Arcanine|Intimidate|boost\n|-ability|p2a: Steiner|Mirror Armor\n|-unboost|p1b: Arcanine|atk|1\n|-unboost|p2b: Zidane|atk|1\n|-fieldstart|move: Grassy Terrain|[from] ability: Grassy Surge|[of] p2b: Zidane\n|turn|5\n|\n|t:|1700365742\n|move|p2b: Zidane|Fake Out|p1a: Tornadus\n|-damage|p1a: Tornadus|41\/100\n|-damage|p2b: Zidane|84\/100|[from] item: Rocky Helmet|[of] p1a: Tornadus\n|move|p1b: Arcanine|Rock Slide|p2b: Zidane|[spread] p2a,p2b\n|-damage|p2a: Steiner|9\/100\n|-damage|p2b: Zidane|59\/100\n|cant|p1a: Tornadus|flinch\n|move|p2a: Steiner|Tailwind|p2a: Steiner\n|-sidestart|p2: RaimuBeat|move: Tailwind\n|\n|-heal|p2b: Zidane|65\/100|[from] Grassy Terrain\n|-heal|p2a: Steiner|15\/100|[from] item: Leftovers\n|-sideend|p1: zanethrillseek|move: Tailwind\n|upkeep\n|turn|6\n|\n|t:|1700365765\n|move|p1a: Tornadus|Tailwind|p1a: Tornadus\n|-sidestart|p1: zanethrillseek|move: Tailwind\n|move|p1b: Arcanine|Rock Slide|p2a: Steiner|[spread] p2a,p2b\n|-damage|p2a: Steiner|4\/100\n|-damage|p2b: Zidane|42\/100\n|move|p2b: Zidane|Stomping Tantrum|p1b: Arcanine\n|-supereffective|p1b: Arcanine\n|-damage|p1b: Arcanine|23\/100\n|move|p2a: Steiner|Brave Bird|p1a: Tornadus\n|-damage|p1a: Tornadus|0 fnt\n|-damage|p2a: Steiner|0 fnt|[from] item: Rocky Helmet|[of] p1a: Tornadus\n|faint|p1a: Tornadus\n|faint|p2a: Steiner\n|\n|-heal|p1b: Arcanine|29\/100|[from] Grassy Terrain\n|-heal|p2b: Zidane|47\/100|[from] Grassy Terrain\n|upkeep\n|\n|t:|1700365780\n|switch|p1a: Urshifu|Urshifu-Rapid-Strike, L50, M|100\/100\n|switch|p2a: Sarah|Sylveon, L50, F, shiny|100\/100\n|turn|7\n|\n|t:|1700365843\n|-terastallize|p1a: Urshifu|Water\n|move|p2b: Zidane|Grassy Glide|p1b: Arcanine\n|-crit|p1b: Arcanine\n|-damage|p1b: Arcanine|0 fnt\n|faint|p1b: Arcanine\n|move|p1a: Urshifu|Surging Strikes|p2a: Sarah\n|-crit|p2a: Sarah\n|-damage|p2a: Sarah|59\/100\n|-crit|p2a: Sarah\n|-damage|p2a: Sarah|14\/100\n|-crit|p2a: Sarah\n|-damage|p2a: Sarah|0 fnt\n|faint|p2a: Sarah\n|-hitcount|p2: Sarah|3\n|\n|-heal|p2b: Zidane|53\/100|[from] Grassy Terrain\n|upkeep\n|turn|8\n|\n|t:|1700365880\n|move|p2b: Zidane|Grassy Glide|p1a: Urshifu\n|-supereffective|p1a: Urshifu\n|-damage|p1a: Urshifu|51\/100\n|move|p1a: Urshifu|Surging Strikes|p2b: Zidane\n|-resisted|p2b: Zidane\n|-crit|p2b: Zidane\n|-damage|p2b: Zidane|37\/100\n|-resisted|p2b: Zidane\n|-crit|p2b: Zidane\n|-damage|p2b: Zidane|20\/100\n|-resisted|p2b: Zidane\n|-crit|p2b: Zidane\n|-damage|p2b: Zidane|3\/100\n|-hitcount|p2b: Zidane|3\n|\n|-heal|p1a: Urshifu|57\/100|[from] Grassy Terrain\n|-heal|p2b: Zidane|9\/100|[from] Grassy Terrain\n|-sideend|p2: RaimuBeat|move: Tailwind\n|upkeep\n|turn|9\n|\n|t:|1700365899\n|move|p2b: Zidane|Grassy Glide|p1a: Urshifu\n|-supereffective|p1a: Urshifu\n|-damage|p1a: Urshifu|5\/100\n|move|p1a: Urshifu|Close Combat|p2b: Zidane\n|-damage|p2b: Zidane|0 fnt\n|-unboost|p1a: Urshifu|def|1\n|-unboost|p1a: Urshifu|spd|1\n|faint|p2b: Zidane\n|\n|win|zanethrillseek\n|raw|zanethrillseek's rating: 1178 &rarr; <strong>1199<\/strong><br \/>(+21 for winning)\n|raw|RaimuBeat's rating: 1116 &rarr; <strong>1095<\/strong><br \/>(-21 for losing)\n","uploadtime":1700365911,"views":9,"p1id":"zanethrillseek","p2id":"raimubeat","formatid":"gen9vgc2023regulatione","rating":1095,"private":0,"password":""}