{"id":"gen9vgc2023regulatione-1989824044","p1":"boi in the back","p2":"Prankster Ashley","format":"[Gen 9] VGC 2023 Regulation E","log":"|j|\u2606boi in the back\n|j|\u2606Prankster Ashley\n|t:|1699898792\n|gametype|doubles\n|player|p1|boi in the back|peony|1068\n|player|p2|Prankster Ashley|iono|1141\n|teamsize|p1|6\n|teamsize|p2|6\n|gen|9\n|tier|[Gen 9] VGC 2023 Regulation E\n|rated|\n|rule|Species Clause: Limit one of each Pok\u00e9mon\n|rule|Item Clause: Limit one of each item\n|clearpoke\n|poke|p1|Pelipper, L50, M|\n|poke|p1|Landorus, L50, M|\n|poke|p1|Ogerpon-Wellspring, L50, F|\n|poke|p1|Articuno-Galar, L50|\n|poke|p1|Urshifu-*, L50, F|\n|poke|p1|Basculegion, L50, M|\n|poke|p2|Honchkrow, L50, M|\n|poke|p2|Chien-Pao, L50|\n|poke|p2|Gholdengo, L50|\n|poke|p2|Articuno-Galar, L50|\n|poke|p2|Iron Hands, L50|\n|poke|p2|Conkeldurr, L50, F|\n|teampreview|4\n|inactive|Battle timer is ON: inactive players will automatically lose when time's up. (requested by boi in the back)\n|\n|t:|1699898820\n|start\n|switch|p1a: Pelipper|Pelipper, L50, M|100\/100\n|switch|p1b: Urshifu|Urshifu-Rapid-Strike, L50, F|100\/100\n|switch|p2a: Tower Of Yikk|Iron Hands, L50|100\/100\n|switch|p2b: Defence?|Chien-Pao, L50|100\/100\n|-ability|p2b: Defence?|Sword of Ruin\n|-weather|RainDance|[from] ability: Drizzle|[of] p1a: Pelipper\n|turn|1\n|\n|t:|1699898838\n|move|p2a: Tower Of Yikk|Fake Out|p1b: Urshifu\n|-damage|p1b: Urshifu|78\/100\n|move|p2b: Defence?|Icicle Crash|p1a: Pelipper\n|-damage|p1a: Pelipper|56\/100\n|cant|p1b: Urshifu|flinch\n|move|p1a: Pelipper|Chilling Water|p2a: Tower Of Yikk\n|-damage|p2a: Tower Of Yikk|83\/100\n|-unboost|p2a: Tower Of Yikk|atk|1\n|\n|-weather|RainDance|[upkeep]\n|upkeep\n|turn|2\n|\n|t:|1699898862\n|move|p2b: Defence?|Sacred Sword|p1b: Urshifu\n|-damage|p1b: Urshifu|40\/100\n|move|p1b: Urshifu|Surging Strikes|p2b: Defence?\n|-crit|p2b: Defence?\n|-damage|p2b: Defence?|50\/100\n|-crit|p2b: Defence?\n|-damage|p2b: Defence?|0 fnt\n|faint|p2b: Defence?\n|-hitcount|p2: Defence?|2\n|move|p1a: Pelipper|U-turn|p2a: Tower Of Yikk\n|-resisted|p2a: Tower Of Yikk\n|-damage|p2a: Tower Of Yikk|80\/100\n|\n|t:|1699898879\n|switch|p1a: Articuno|Articuno-Galar, L50, shiny|100\/100|[from] U-turn\n|move|p2a: Tower Of Yikk|Volt Switch|p1a: Articuno\n|-supereffective|p1a: Articuno\n|-damage|p1a: Articuno|76\/100\n|\n|t:|1699898886\n|-end|p2a: Tower Of Yikk|Quark Drive|[silent]\n|switch|p2a: Luigis mansion|Gholdengo, L50|100\/100|[from] Volt Switch\n|\n|-weather|RainDance|[upkeep]\n|-heal|p1a: Articuno|82\/100|[from] item: Leftovers\n|upkeep\n|\n|t:|1699898891\n|switch|p2b: Head Honcho|Honchkrow, L50, M, shiny|100\/100\n|turn|3\n|\n|t:|1699898905\n|move|p2b: Head Honcho|Protect|p2b: Head Honcho\n|-singleturn|p2b: Head Honcho|Protect\n|move|p1b: Urshifu|Surging Strikes|p2a: Luigis mansion\n|-crit|p2a: Luigis mansion\n|-damage|p2a: Luigis mansion|68\/100\n|-crit|p2a: Luigis mansion\n|-damage|p2a: Luigis mansion|34\/100\n|-crit|p2a: Luigis mansion\n|-damage|p2a: Luigis mansion|2\/100\n|-hitcount|p2a: Luigis mansion|3\n|move|p1a: Articuno|Calm Mind|p1a: Articuno\n|-boost|p1a: Articuno|spa|1\n|-boost|p1a: Articuno|spd|1\n|move|p2a: Luigis mansion|Shadow Ball|p1b: Urshifu\n|-damage|p1b: Urshifu|0 fnt\n|faint|p1b: Urshifu\n|\n|-weather|RainDance|[upkeep]\n|-heal|p1a: Articuno|88\/100|[from] item: Leftovers\n|-heal|p2a: Luigis mansion|8\/100|[from] item: Leftovers\n|upkeep\n|\n|t:|1699898927\n|switch|p1b: Landorus|Landorus, L50, M|100\/100\n|turn|4\n|\n|t:|1699898941\n|-terastallize|p1a: Articuno|Water\n|move|p2a: Luigis mansion|Protect|p2a: Luigis mansion\n|-singleturn|p2a: Luigis mansion|Protect\n|move|p1b: Landorus|Sandsear Storm|p2b: Head Honcho|[spread] \n|-activate|p2a: Luigis mansion|move: Protect\n|-immune|p2b: Head Honcho\n|move|p1a: Articuno|Tera Blast|p2b: Head Honcho|[anim] Tera Blast Water\n|-damage|p2b: Head Honcho|0 fnt\n|faint|p2b: Head Honcho\n|\n|-weather|RainDance|[upkeep]\n|-heal|p1a: Articuno|94\/100|[from] item: Leftovers\n|-heal|p2a: Luigis mansion|14\/100|[from] item: Leftovers\n|upkeep\n|\n|t:|1699898955\n|switch|p2b: Tower Of Yikk|Iron Hands, L50|80\/100\n|turn|5\n|\n|t:|1699898965\n|move|p2b: Tower Of Yikk|Fake Out|p1b: Landorus\n|-damage|p1b: Landorus|81\/100\n|cant|p1b: Landorus|flinch\n|move|p1a: Articuno|Calm Mind|p1a: Articuno\n|-boost|p1a: Articuno|spa|1\n|-boost|p1a: Articuno|spd|1\n|move|p2a: Luigis mansion|Shadow Ball|p1a: Articuno\n|-damage|p1a: Articuno|74\/100\n|\n|-weather|none\n|-heal|p1a: Articuno|80\/100|[from] item: Leftovers\n|-heal|p2a: Luigis mansion|20\/100|[from] item: Leftovers\n|upkeep\n|turn|6\n|\n|t:|1699898981\n|move|p1b: Landorus|Sandsear Storm|p2b: Tower Of Yikk|[spread] p2a,p2b\n|-supereffective|p2a: Luigis mansion\n|-supereffective|p2b: Tower Of Yikk\n|-damage|p2a: Luigis mansion|0 fnt\n|-damage|p2b: Tower Of Yikk|4\/100\n|faint|p2a: Luigis mansion\n|move|p1a: Articuno|Freezing Glare|p2b: Tower Of Yikk\n|-supereffective|p2b: Tower Of Yikk\n|-damage|p2b: Tower Of Yikk|0 fnt\n|faint|p2b: Tower Of Yikk\n|-end|p2b: Tower Of Yikk|Quark Drive|[silent]\n|\n|win|boi in the back\n|raw|boi in the back's rating: 1068 &rarr; <strong>1104<\/strong><br \/>(+36 for winning)\n|raw|Prankster Ashley's rating: 1141 &rarr; <strong>1111<\/strong><br \/>(-30 for losing)\n|l|\u2606Prankster Ashley\n","uploadtime":1699898993,"views":8,"p1id":"boiintheback","p2id":"pranksterashley","formatid":"gen9vgc2023regulatione","rating":1104,"private":0,"password":""}