{"id":"gen9vgc2023regulatione-1988483924","p1":"That_Leek","p2":"gxbikaze","format":"[Gen 9] VGC 2023 Regulation E","log":"|j|\u2606That_Leek\n|j|\u203dgxbikaze\n|t:|1699727852\n|gametype|doubles\n|player|p1|That_Leek|blue|1426\n|player|p2|gxbikaze|1|1444\n|teamsize|p1|6\n|teamsize|p2|6\n|gen|9\n|tier|[Gen 9] VGC 2023 Regulation E\n|rated|\n|rule|Species Clause: Limit one of each Pok\u00e9mon\n|rule|Item Clause: Limit one of each item\n|clearpoke\n|poke|p1|Dondozo, L50, F|\n|poke|p1|Tatsugiri, L50, M|\n|poke|p1|Heatran, L50, F|\n|poke|p1|Sinistcha, L50|\n|poke|p1|Landorus-Therian, L50, M|\n|poke|p1|Flutter Mane, L50|\n|poke|p2|Flutter Mane, L50|\n|poke|p2|Chi-Yu, L50|\n|poke|p2|Roaring Moon, L50|\n|poke|p2|Jumpluff, L50, M|\n|poke|p2|Wo-Chien, L50|\n|poke|p2|Torkoal, L50, F|\n|teampreview|4\nThat_Leek has agreed to open team sheets.\n|inactive|Battle timer is ON: inactive players will automatically lose when time's up. (requested by gxbikaze)\ngxbikaze rejected open team sheets.\n|c|\u2606That_Leek|rejected ;-;\n|\n|t:|1699727899\n|start\n|switch|p1a: Heatran|Heatran, L50, F|100\/100\n|switch|p1b: Landorus|Landorus-Therian, L50, M|100\/100\n|switch|p2a: Wo-Chien|Wo-Chien, L50|100\/100\n|switch|p2b: Flutter Mane|Flutter Mane, L50|100\/100\n|-ability|p1b: Landorus|Intimidate|boost\n|-unboost|p2a: Wo-Chien|atk|1\n|-enditem|p2a: Wo-Chien|Eject Pack\n|-unboost|p2b: Flutter Mane|atk|1\n|\n|t:|1699727904\n|switch|p2a: Chi-Yu|Chi-Yu, L50|100\/100\n|-ability|p2a: Chi-Yu|Beads of Ruin\n|turn|1\n|\n|t:|1699727913\n|-terastallize|p2b: Flutter Mane|Steel\n|move|p2a: Chi-Yu|Protect|p2a: Chi-Yu\n|-singleturn|p2a: Chi-Yu|Protect\n|move|p1b: Landorus|Rock Slide|p2a: Chi-Yu|[spread] p2b\n|-activate|p2a: Chi-Yu|move: Protect\n|-resisted|p2b: Flutter Mane\n|-damage|p2b: Flutter Mane|89\/100\n|move|p1a: Heatran|Flash Cannon|p2b: Flutter Mane\n|-resisted|p2b: Flutter Mane\n|-damage|p2b: Flutter Mane|61\/100\n|move|p2b: Flutter Mane|Trick Room|p2b: Flutter Mane\n|-fieldstart|move: Trick Room|[of] p2b: Flutter Mane\n|\n|upkeep\n|turn|2\n|\n|t:|1699727925\n|-end|p2b: Flutter Mane|Protosynthesis|[silent]\n|switch|p2b: Torkoal|Torkoal, L50, F|100\/100\n|-weather|SunnyDay|[from] ability: Drought|[of] p2b: Torkoal\n|move|p1a: Heatran|Heat Wave|p2b: Torkoal|[spread] p2a,p2b\n|-resisted|p2a: Chi-Yu\n|-resisted|p2b: Torkoal\n|-damage|p2a: Chi-Yu|72\/100\n|-damage|p2b: Torkoal|45\/100\n|move|p2a: Chi-Yu|Dark Pulse|p1a: Heatran\n|-damage|p1a: Heatran|70\/100\n|move|p1b: Landorus|Rock Slide|p2a: Chi-Yu|[spread] p2a,p2b\n|-supereffective|p2a: Chi-Yu\n|-supereffective|p2b: Torkoal\n|-damage|p2a: Chi-Yu|13\/100\n|-damage|p2b: Torkoal|10\/100\n|\n|-weather|SunnyDay|[upkeep]\n|upkeep\n|turn|3\n|\n|t:|1699727938\n|move|p2b: Torkoal|Heat Wave|p1b: Landorus|[spread] p1b\n|-start|p1a: Heatran|ability: Flash Fire\n|-damage|p1b: Landorus|0 fnt\n|faint|p1b: Landorus\n|move|p1a: Heatran|Heat Wave|p2b: Torkoal|[spread] p2a,p2b\n|-resisted|p2a: Chi-Yu\n|-resisted|p2b: Torkoal\n|-damage|p2a: Chi-Yu|0 fnt\n|-damage|p2b: Torkoal|0 fnt\n|faint|p2a: Chi-Yu\n|faint|p2b: Torkoal\n|\n|-weather|SunnyDay|[upkeep]\n|upkeep\n|\n|t:|1699727946\n|switch|p2b: Wo-Chien|Wo-Chien, L50|100\/100\n|switch|p2a: Flutter Mane|Flutter Mane, L50, tera:Steel|61\/100\n|switch|p1b: Tatsugiri|Tatsugiri, L50, M|100\/100\n|-activate|p2a: Flutter Mane|ability: Protosynthesis\n|-start|p2a: Flutter Mane|protosynthesisspa\n|-ability|p2b: Wo-Chien|Tablets of Ruin\n|turn|4\n|\n|t:|1699727952\n|move|p1b: Tatsugiri|Helping Hand|p1a: Heatran\n|-singleturn|p1a: Heatran|Helping Hand|[of] p1b: Tatsugiri\n|move|p2a: Flutter Mane|Dazzling Gleam|p1a: Heatran|[spread] p1a,p1b\n|-resisted|p1a: Heatran\n|-supereffective|p1b: Tatsugiri\n|-damage|p1a: Heatran|66\/100\n|-damage|p1b: Tatsugiri|15\/100\n|move|p2b: Wo-Chien|Dark Pulse|p1a: Heatran\n|-damage|p1a: Heatran|44\/100\n|cant|p1a: Heatran|flinch\n|\n|-weather|SunnyDay|[upkeep]\n|upkeep\n|turn|5\n|\n|t:|1699727963\n|move|p1b: Tatsugiri|Helping Hand|p1a: Heatran\n|-singleturn|p1a: Heatran|Helping Hand|[of] p1b: Tatsugiri\n|move|p2a: Flutter Mane|Dazzling Gleam|p1a: Heatran|[spread] p1a,p1b\n|-resisted|p1a: Heatran\n|-supereffective|p1b: Tatsugiri\n|-damage|p1a: Heatran|39\/100\n|-damage|p1b: Tatsugiri|0 fnt\n|faint|p1b: Tatsugiri\n|move|p2b: Wo-Chien|Dark Pulse|p1a: Heatran\n|-damage|p1a: Heatran|18\/100\n|move|p1a: Heatran|Heat Wave|p2b: Wo-Chien|[spread] p2a,p2b\n|-supereffective|p2a: Flutter Mane\n|-supereffective|p2b: Wo-Chien\n|-damage|p2a: Flutter Mane|0 fnt\n|-damage|p2b: Wo-Chien|0 fnt\n|faint|p2a: Flutter Mane\n|-end|p2a: Flutter Mane|Protosynthesis|[silent]\n|faint|p2b: Wo-Chien\n|\n|win|That_Leek\n|raw|That_Leek's rating: 1426 &rarr; <strong>1447<\/strong><br \/>(+21 for winning)\n|raw|gxbikaze's rating: 1444 &rarr; <strong>1423<\/strong><br \/>(-21 for losing)\n|l|\u203dgxbikaze\n","uploadtime":1699727976,"views":12,"p1id":"thatleek","p2id":"gxbikaze","formatid":"gen9vgc2023regulatione","rating":1423,"private":0,"password":""}