{"id":"gen9vgc2023regulatione-2000501846","p1":"acciober","p2":"LichieRich","format":"[Gen 9] VGC 2023 Regulation E","log":"|j|\u2606acciober\n|j|\u2606LichieRich\n|t:|1701200147\n|gametype|doubles\n|player|p1|acciober|170|1330\n|player|p2|LichieRich|265|1331\n|teamsize|p1|6\n|teamsize|p2|6\n|gen|9\n|tier|[Gen 9] VGC 2023 Regulation E\n|rated|\n|rule|Species Clause: Limit one of each Pok\u00e9mon\n|rule|Item Clause: Limit one of each item\n|clearpoke\n|poke|p1|Landorus-Therian, L50, M|\n|poke|p1|Ogerpon-Wellspring, L50, F|\n|poke|p1|Weezing, L50, M|\n|poke|p1|Iron Hands, L50|\n|poke|p1|Roaring Moon, L50|\n|poke|p1|Flutter Mane, L50|\n|poke|p2|Riolu, L50, M|\n|poke|p2|Urshifu-*, L50, M|\n|poke|p2|Chien-Pao, L50|\n|poke|p2|Rillaboom, L50, F|\n|poke|p2|Arcanine-Hisui, L50, M|\n|poke|p2|Tornadus, L50, M|\n|teampreview|4\n|\n|t:|1701200204\n|start\n|switch|p1a: Weezing|Weezing, L50, M|100\/100\n|switch|p1b: Flutter Mane|Flutter Mane, L50|100\/100\n|switch|p2a: Riolu|Riolu, L50, M|100\/100\n|switch|p2b: Arcanine|Arcanine-Hisui, L50, M|100\/100\n|-ability|p1a: Weezing|Neutralizing Gas\n|turn|1\n|\n|t:|1701200231\n|-end|p1b: Flutter Mane|Protosynthesis|[silent]\n|switch|p1b: Landorus|Landorus-Therian, L50, M|100\/100\n|-end|p1a: Weezing|ability: Neutralizing Gas\n|-ability|p1b: Landorus|Intimidate|boost\n|-unboost|p2a: Riolu|atk|1\n|-unboost|p2b: Arcanine|atk|1\n|-ability|p2b: Arcanine|Intimidate|boost\n|-unboost|p1a: Weezing|atk|1\n|-unboost|p1b: Landorus|atk|1\n|switch|p1a: Roaring Moon|Roaring Moon, L50|100\/100\n|-enditem|p1a: Roaring Moon|Booster Energy\n|-activate|p1a: Roaring Moon|ability: Protosynthesis|[fromitem]\n|-start|p1a: Roaring Moon|protosynthesisspe\n|move|p2a: Riolu|Howl|p2a: Riolu|[spread] p2a,p2b\n|-boost|p2a: Riolu|atk|1\n|-boost|p2b: Arcanine|atk|1\n|move|p2b: Arcanine|Flare Blitz|p1b: Landorus\n|-damage|p1b: Landorus|10\/100\n|-damage|p2b: Arcanine|71\/100|[from] Recoil\n|\n|upkeep\n|turn|2\n|\n|t:|1701200266\n|switch|p2b: Rillaboom|Rillaboom, L50, F|100\/100\n|-fieldstart|move: Grassy Terrain|[from] ability: Grassy Surge|[of] p2b: Rillaboom\n|move|p2a: Riolu|Copycat|p2a: Riolu\n|move|p2a: Riolu|Flare Blitz|p1a: Roaring Moon|[from]move: Copycat\n|-hint|Since gen 7, Dark is immune to Prankster moves.\n|-immune|p1a: Roaring Moon\n|move|p1a: Roaring Moon|Acrobatics|p2a: Riolu\n|-supereffective|p2a: Riolu\n|-enditem|p2a: Riolu|Focus Sash\n|-damage|p2a: Riolu|1\/100\n|move|p1b: Landorus|Stomping Tantrum|p2b: Rillaboom\n|-resisted|p2b: Rillaboom\n|-damage|p2b: Rillaboom|85\/100\n|\n|-heal|p2b: Rillaboom|92\/100|[from] Grassy Terrain\n|-heal|p2a: Riolu|7\/100|[from] Grassy Terrain\n|upkeep\n|turn|3\n|\n|t:|1701200315\n|switch|p1b: Weezing|Weezing, L50, M|100\/100\n|-ability|p1b: Weezing|Neutralizing Gas\n|move|p1a: Roaring Moon|Acrobatics|p2b: Rillaboom\n|-supereffective|p2b: Rillaboom\n|-damage|p2b: Rillaboom|10\/100\n|move|p2b: Rillaboom|U-turn|p1a: Roaring Moon\n|-supereffective|p1a: Roaring Moon\n|-damage|p1a: Roaring Moon|42\/100\n|\n|t:|1701200327\n|switch|p2b: Arcanine|Arcanine-Hisui, L50, M|71\/100|[from] U-turn\n|move|p2a: Riolu|Howl|p2a: Riolu|[spread] p2a,p2b\n|-boost|p2a: Riolu|atk|1\n|-boost|p2b: Arcanine|atk|1\n|\n|-heal|p1a: Roaring Moon|48\/100|[from] Grassy Terrain\n|-heal|p2b: Arcanine|77\/100|[from] Grassy Terrain\n|-heal|p2a: Riolu|14\/100|[from] Grassy Terrain\n|upkeep\n|turn|4\n|\n|t:|1701200364\n|move|p1a: Roaring Moon|Protect|p1a: Roaring Moon\n|-singleturn|p1a: Roaring Moon|Protect\n|move|p1b: Weezing|Protect|p1b: Weezing\n|-singleturn|p1b: Weezing|Protect\n|move|p2b: Arcanine|Flare Blitz|p1b: Weezing\n|-activate|p1b: Weezing|move: Protect\n|move|p2a: Riolu|Howl|p2a: Riolu|[spread] p2a,p2b\n|-boost|p2a: Riolu|atk|1\n|-boost|p2b: Arcanine|atk|1\n|\n|-heal|p1a: Roaring Moon|54\/100|[from] Grassy Terrain\n|-heal|p2b: Arcanine|82\/100|[from] Grassy Terrain\n|-heal|p2a: Riolu|20\/100|[from] Grassy Terrain\n|upkeep\n|turn|5\n|\n|t:|1701200397\n|move|p1b: Weezing|Protect|p1b: Weezing\n|-singleturn|p1b: Weezing|Protect\n|move|p1a: Roaring Moon|Knock Off|p2b: Arcanine\n|-damage|p2b: Arcanine|23\/100\n|-enditem|p2b: Arcanine|Choice Band|[from] move: Knock Off|[of] p1a: Roaring Moon\n|move|p2b: Arcanine|Flare Blitz|p1a: Roaring Moon\n|-resisted|p1a: Roaring Moon\n|-damage|p1a: Roaring Moon|0 fnt\n|faint|p1a: Roaring Moon\n|-end|p1a: Roaring Moon|Protosynthesis|[silent]\n|-damage|p2b: Arcanine|4\/100|[from] Recoil\n|move|p2a: Riolu|Howl|p2a: Riolu|[spread] p2a,p2b\n|-boost|p2a: Riolu|atk|1\n|-boost|p2b: Arcanine|atk|1\n|\n|-heal|p2b: Arcanine|10\/100|[from] Grassy Terrain\n|-heal|p2a: Riolu|26\/100|[from] Grassy Terrain\n|upkeep\n|\n|t:|1701200408\n|switch|p1a: Flutter Mane|Flutter Mane, L50|100\/100\n|turn|6\n|\n|t:|1701200451\n|move|p2b: Arcanine|Extreme Speed|p1b: Weezing\n|-damage|p1b: Weezing|50\/100\n|-enditem|p1b: Weezing|Sitrus Berry|[eat]\n|-heal|p1b: Weezing|75\/100|[from] item: Sitrus Berry\n|move|p1a: Flutter Mane|Dazzling Gleam|p2a: Riolu|[spread] p2a,p2b\n|-supereffective|p2a: Riolu\n|-resisted|p2b: Arcanine\n|-damage|p2a: Riolu|0 fnt\n|-damage|p2b: Arcanine|0 fnt\n|faint|p2a: Riolu\n|faint|p2b: Arcanine\n|move|p1b: Weezing|Sludge Bomb|p2: Riolu|[notarget]\n|-fail|p1b: Weezing\n|\n|-heal|p1b: Weezing|81\/100|[from] Grassy Terrain\n|-fieldend|move: Grassy Terrain\n|upkeep\n|\n|t:|1701200464\n|switch|p2b: Rillaboom|Rillaboom, L50, F|10\/100\n|switch|p2a: Chien-Pao|Chien-Pao, L50|100\/100\n|turn|7\n|\n|t:|1701200510\n|-terastallize|p1a: Flutter Mane|Fairy\n|move|p2b: Rillaboom|Fake Out|p1b: Weezing\n|-damage|p1b: Weezing|70\/100\n|move|p2a: Chien-Pao|Ice Spinner|p1a: Flutter Mane\n|-damage|p1a: Flutter Mane|8\/100\n|-damage|p2a: Chien-Pao|91\/100|[from] item: Life Orb\n|move|p1a: Flutter Mane|Dazzling Gleam|p2a: Chien-Pao|[spread] p2a,p2b\n|-supereffective|p2a: Chien-Pao\n|-damage|p2a: Chien-Pao|0 fnt\n|-damage|p2b: Rillaboom|0 fnt\n|faint|p2a: Chien-Pao\n|faint|p2b: Rillaboom\n|\n|win|acciober\n|raw|acciober's rating: 1330 &rarr; <strong>1350<\/strong><br \/>(+20 for winning)\n|raw|LichieRich's rating: 1331 &rarr; <strong>1311<\/strong><br \/>(-20 for losing)\n|l|\u2606LichieRich\n","uploadtime":1701200535,"views":0,"p1id":"acciober","p2id":"lichierich","formatid":"gen9vgc2023regulatione","rating":1311,"private":0,"password":""}