{"id":"gen9vgc2023regulatione-1998775493","p1":"Daehkcarc420","p2":"tobebest","format":"[Gen 9] VGC 2023 Regulation E","log":"|j|\u2606Daehkcarc420\n|j|\u2606tobebest\n|t:|1700988317\n|gametype|doubles\n|player|p1|Daehkcarc420|169|1078\n|player|p2|tobebest|102|1040\n|teamsize|p1|6\n|teamsize|p2|6\n|gen|9\n|tier|[Gen 9] VGC 2023 Regulation E\n|rated|\n|rule|Species Clause: Limit one of each Pok\u00e9mon\n|rule|Item Clause: Limit one of each item\n|clearpoke\n|poke|p1|Lurantis, L50, M|\n|poke|p1|Indeedee, L50, M|\n|poke|p1|Amoonguss, L50, F|\n|poke|p1|Gholdengo, L50|\n|poke|p1|Tornadus, L50, M|\n|poke|p1|Gallade, L50, M|\n|poke|p2|Chi-Yu, L50|\n|poke|p2|Flutter Mane, L50|\n|poke|p2|Cresselia, L50, F|\n|poke|p2|Torkoal, L50, F|\n|poke|p2|Arcanine-Hisui, L50, F|\n|poke|p2|Chien-Pao, L50|\n|teampreview|4\n|inactive|Battle timer is ON: inactive players will automatically lose when time's up. (requested by Daehkcarc420)\n|\n|t:|1700988347\n|start\n|switch|p1a: Amoonguss|Amoonguss, L50, F|100\/100\n|switch|p1b: Gallade|Gallade, L50, M|100\/100\n|switch|p2a: Arcanine|Arcanine-Hisui, L50, F|100\/100\n|switch|p2b: Chi-Yu|Chi-Yu, L50|100\/100\n|-ability|p2b: Chi-Yu|Beads of Ruin\n|-ability|p2a: Arcanine|Intimidate|boost\n|-unboost|p1a: Amoonguss|atk|1\n|-unboost|p1b: Gallade|atk|1\n|turn|1\n|\n|t:|1700988362\n|move|p1a: Amoonguss|Rage Powder|p1a: Amoonguss\n|-singleturn|p1a: Amoonguss|move: Rage Powder\n|move|p2b: Chi-Yu|Flamethrower|p1a: Amoonguss\n|-supereffective|p1a: Amoonguss\n|-damage|p1a: Amoonguss|0 fnt\n|faint|p1a: Amoonguss\n|-damage|p2b: Chi-Yu|90\/100|[from] item: Life Orb\n|move|p1b: Gallade|Close Combat|p2b: Chi-Yu\n|-supereffective|p2b: Chi-Yu\n|-damage|p2b: Chi-Yu|0 fnt\n|-unboost|p1b: Gallade|def|1\n|-unboost|p1b: Gallade|spd|1\n|faint|p2b: Chi-Yu\n|move|p2a: Arcanine|Flare Blitz|p1b: Gallade\n|-damage|p1b: Gallade|0 fnt\n|faint|p1b: Gallade\n|-damage|p2a: Arcanine|74\/100|[from] Recoil\n|\n|upkeep\n|\n|t:|1700988379\n|switch|p2b: Flutter Mane|Flutter Mane, L50|100\/100\n|switch|p1b: Gholdengo|Gholdengo, L50|100\/100\n|switch|p1a: Tornadus|Tornadus, L50, M|100\/100\n|turn|2\n|\n|t:|1700988388\n|-terastallize|p1b: Gholdengo|Dragon\n|move|p1a: Tornadus|Tailwind|p1a: Tornadus\n|-sidestart|p1: Daehkcarc420|move: Tailwind\n|move|p1b: Gholdengo|Make It Rain|p2b: Flutter Mane|[spread] p2a,p2b\n|-supereffective|p2b: Flutter Mane\n|-damage|p2a: Arcanine|16\/100\n|-damage|p2b: Flutter Mane|0 fnt\n|-unboost|p1b: Gholdengo|spa|1\n|faint|p2b: Flutter Mane\n|-end|p2b: Flutter Mane|Protosynthesis|[silent]\n|move|p2a: Arcanine|Flare Blitz|p1b: Gholdengo\n|-resisted|p1b: Gholdengo\n|-damage|p1b: Gholdengo|59\/100\n|-damage|p2a: Arcanine|2\/100|[from] Recoil\n|\n|-heal|p1b: Gholdengo|65\/100|[from] item: Leftovers\n|upkeep\n|\n|t:|1700988401\n|switch|p2b: Torkoal|Torkoal, L50, F|100\/100\n|-weather|SunnyDay|[from] ability: Drought|[of] p2b: Torkoal\n|turn|3\n|\n|t:|1700988410\n|move|p1a: Tornadus|Bleakwind Storm|p2a: Arcanine|[spread] p2a\n|-miss|p1a: Tornadus|p2b: Torkoal\n|-resisted|p2a: Arcanine\n|-damage|p2a: Arcanine|0 fnt\n|faint|p2a: Arcanine\n|move|p1b: Gholdengo|Shadow Ball|p2b: Torkoal\n|-damage|p2b: Torkoal|60\/100\n|move|p2b: Torkoal|Heat Wave|p1b: Gholdengo|[spread] p1a,p1b\n|-resisted|p1b: Gholdengo\n|-damage|p1a: Tornadus|30\/100\n|-damage|p1b: Gholdengo|36\/100\n|\n|-weather|SunnyDay|[upkeep]\n|-heal|p1b: Gholdengo|42\/100|[from] item: Leftovers\n|upkeep\n|turn|4\n|\n|t:|1700988428\n|-terastallize|p2b: Torkoal|Fire\n|move|p1a: Tornadus|Bleakwind Storm|p2b: Torkoal|[miss]\n|-miss|p1a: Tornadus|p2b: Torkoal\n|move|p1b: Gholdengo|Shadow Ball|p2b: Torkoal\n|-damage|p2b: Torkoal|23\/100\n|move|p2b: Torkoal|Heat Wave|p1b: Gholdengo|[spread] p1a,p1b\n|-resisted|p1b: Gholdengo\n|-damage|p1a: Tornadus|0 fnt\n|-damage|p1b: Gholdengo|5\/100\n|faint|p1a: Tornadus\n|\n|-weather|SunnyDay|[upkeep]\n|-heal|p1b: Gholdengo|11\/100|[from] item: Leftovers\n|upkeep\n|turn|5\n|\n|t:|1700988442\n|move|p1b: Gholdengo|Shadow Ball|p2b: Torkoal\n|-damage|p2b: Torkoal|0 fnt\n|faint|p2b: Torkoal\n|\n|win|Daehkcarc420\n|raw|Daehkcarc420's rating: 1078 &rarr; <strong>1103<\/strong><br \/>(+25 for winning)\n|raw|tobebest's rating: 1040 &rarr; <strong>1026<\/strong><br \/>(-14 for losing)\n|l|\u2606tobebest\n","uploadtime":1700988457,"views":2,"p1id":"daehkcarc420","p2id":"tobebest","formatid":"gen9vgc2023regulatione","rating":1026,"private":0,"password":""}