{"id":"gen9vgc2023regulatione-1990880752","p1":"Jaj1992","p2":"HappyW","format":"[Gen 9] VGC 2023 Regulation E","log":"|j|\u2606Jaj1992\n|j|\u2606HappyW\n|t:|1700010812\n|gametype|doubles\n|player|p1|Jaj1992|170|1075\n|player|p2|HappyW|akari|1062\n|teamsize|p1|6\n|teamsize|p2|6\n|gen|9\n|tier|[Gen 9] VGC 2023 Regulation E\n|rated|\n|rule|Species Clause: Limit one of each Pok\u00e9mon\n|rule|Item Clause: Limit one of each item\n|clearpoke\n|poke|p1|Rillaboom, L50, M|\n|poke|p1|Urshifu-*, L50, M|\n|poke|p1|Regieleki, L50|\n|poke|p1|Infernape, L50, F|\n|poke|p1|Gyarados, L50, M|\n|poke|p1|Salamence, L50, M|\n|poke|p2|Carbink, L50|\n|poke|p2|Gliscor, L50, F|\n|poke|p2|Roaring Moon, L50|\n|poke|p2|Arcanine-Hisui, L50, M|\n|poke|p2|Dipplin, L50, F|\n|poke|p2|Abomasnow, L50, M|\n|teampreview|4\n|inactive|Battle timer is ON: inactive players will automatically lose when time's up. (requested by HappyW)\n|\n|t:|1700010840\n|start\n|switch|p1a: Gyarados|Gyarados, L50, M|100\/100\n|switch|p1b: Salamence|Salamence, L50, M|100\/100\n|switch|p2a: Budget Lando|Gliscor, L50, F, shiny|100\/100\n|switch|p2b: Roaring Moon|Roaring Moon, L50|100\/100\n|-ability|p1a: Gyarados|Intimidate|boost\n|-unboost|p2a: Budget Lando|atk|1\n|-unboost|p2b: Roaring Moon|atk|1\n|-enditem|p2b: Roaring Moon|Booster Energy\n|-activate|p2b: Roaring Moon|ability: Protosynthesis|[fromitem]\n|-start|p2b: Roaring Moon|protosynthesisspe\n|turn|1\n|inactive|Jaj1992 has 30 seconds left.\n|\n|t:|1700010868\n|switch|p2a: Abomasnow|Abomasnow, L50, M|100\/100\n|-weather|Snow|[from] ability: Snow Warning|[of] p2a: Abomasnow\n|move|p2b: Roaring Moon|Tailwind|p2b: Roaring Moon\n|-sidestart|p2: HappyW|move: Tailwind\n|move|p1b: Salamence|Tailwind|p1b: Salamence\n|-sidestart|p1: Jaj1992|move: Tailwind\n|move|p1a: Gyarados|Thunder Wave|p2b: Roaring Moon|[miss]\n|-miss|p1a: Gyarados|p2b: Roaring Moon\n|\n|-weather|Snow|[upkeep]\n|upkeep\n|turn|2\n|\n|t:|1700010888\n|-end|p2b: Roaring Moon|Protosynthesis|[silent]\n|switch|p2b: Arcanine|Arcanine-Hisui, L50, M, shiny|100\/100\n|-ability|p2b: Arcanine|Intimidate|boost\n|-unboost|p1a: Gyarados|atk|1\n|-unboost|p1b: Salamence|atk|1\n|move|p1b: Salamence|Substitute|p1b: Salamence\n|-start|p1b: Salamence|Substitute\n|-damage|p1b: Salamence|76\/100\n|move|p1a: Gyarados|Thunder Wave|p2a: Abomasnow\n|-status|p2a: Abomasnow|par\n|move|p2a: Abomasnow|Blizzard|p1b: Salamence|[spread] p1a,p1b\n|-supereffective|p1b: Salamence\n|-end|p1b: Salamence|Substitute\n|-damage|p1a: Gyarados|81\/100\n|\n|-weather|Snow|[upkeep]\n|-heal|p1b: Salamence|82\/100|[from] item: Leftovers\n|upkeep\n|turn|3\n|inactive|Jaj1992 has 30 seconds left.\n|\n|t:|1700010918\n|switch|p1b: Infernape|Infernape, L50, F|100\/100\n|move|p1a: Gyarados|Protect|p1a: Gyarados\n|-singleturn|p1a: Gyarados|Protect\n|move|p2b: Arcanine|Rock Slide|p1b: Infernape|[spread] p1b\n|-activate|p1a: Gyarados|move: Protect\n|-damage|p1b: Infernape|49\/100\n|-damage|p2b: Arcanine|90\/100|[from] item: Life Orb\n|move|p2a: Abomasnow|Blizzard|p1a: Gyarados|[spread] p1b\n|-activate|p1a: Gyarados|move: Protect\n|-resisted|p1b: Infernape\n|-damage|p1b: Infernape|28\/100\n|\n|-weather|Snow|[upkeep]\n|upkeep\n|turn|4\n|inactive|HappyW has 30 seconds left.\n|\n|t:|1700010947\n|switch|p2b: Budget Lando|Gliscor, L50, F, shiny|100\/100\n|move|p1b: Infernape|Protect|p1b: Infernape\n|-singleturn|p1b: Infernape|Protect\n|move|p1a: Gyarados|Thunder Wave|p2b: Budget Lando\n|-immune|p2b: Budget Lando\n|cant|p2a: Abomasnow|par\n|\n|-weather|Snow|[upkeep]\n|-sideend|p2: HappyW|move: Tailwind\n|-sideend|p1: Jaj1992|move: Tailwind\n|-status|p2b: Budget Lando|tox|[from] item: Toxic Orb\n|upkeep\n|turn|5\n|inactive|Jaj1992 has 30 seconds left.\n|inactive|HappyW has 30 seconds left.\n|\n|t:|1700010977\n|switch|p1a: Salamence|Salamence, L50, M|82\/100\n|move|p2b: Budget Lando|Fling|p1a: Salamence\n|-damage|p1a: Salamence|73\/100\n|-status|p1a: Salamence|tox\n|-enditem|p2b: Budget Lando|Toxic Orb|[from] move: Fling\n|move|p1b: Infernape|Drain Punch|p2a: Abomasnow\n|-supereffective|p2a: Abomasnow\n|-damage|p2a: Abomasnow|12\/100 par\n|-heal|p1b: Infernape|85\/100|[from] drain|[of] p2a: Abomasnow\n|-damage|p1b: Infernape|75\/100|[from] item: Life Orb\n|move|p2a: Abomasnow|Blizzard|p1b: Infernape|[spread] p1a,p1b\n|-supereffective|p1a: Salamence\n|-resisted|p1b: Infernape\n|-damage|p1a: Salamence|0 fnt\n|-damage|p1b: Infernape|54\/100\n|faint|p1a: Salamence\n|\n|-weather|none\n|upkeep\n|\n|t:|1700011000\n|switch|p1a: Urshifu|Urshifu-Rapid-Strike, L50, M|100\/100\n|turn|6\n|\n|t:|1700011009\n|-terastallize|p2b: Budget Lando|Water\n|move|p2b: Budget Lando|Acrobatics|p1a: Urshifu\n|-supereffective|p1a: Urshifu\n|-damage|p1a: Urshifu|0 fnt\n|faint|p1a: Urshifu\n|move|p1b: Infernape|Drain Punch|p2a: Abomasnow\n|-supereffective|p2a: Abomasnow\n|-damage|p2a: Abomasnow|0 fnt\n|-heal|p1b: Infernape|62\/100|[from] drain|[of] p2a: Abomasnow\n|faint|p2a: Abomasnow\n|-damage|p1b: Infernape|52\/100|[from] item: Life Orb\n|\n|upkeep\n|\n|t:|1700011022\n|switch|p1a: Gyarados|Gyarados, L50, M|81\/100\n|switch|p2a: Roaring Moon|Roaring Moon, L50|100\/100\n|-ability|p1a: Gyarados|Intimidate|boost\n|-unboost|p2a: Roaring Moon|atk|1\n|-unboost|p2b: Budget Lando|atk|1\n|turn|7\n|\n|t:|1700011043\n|switch|p2b: Arcanine|Arcanine-Hisui, L50, M, shiny|90\/100\n|-ability|p2b: Arcanine|Intimidate|boost\n|-unboost|p1a: Gyarados|atk|1\n|-unboost|p1b: Infernape|atk|1\n|move|p2a: Roaring Moon|Tailwind|p2a: Roaring Moon\n|-sidestart|p2: HappyW|move: Tailwind\n|move|p1b: Infernape|Thunder Punch|p2b: Arcanine\n|-damage|p2b: Arcanine|56\/100\n|-damage|p1b: Infernape|43\/100|[from] item: Life Orb\n|move|p1a: Gyarados|Leer|p2b: Arcanine|[spread] p2a,p2b\n|-unboost|p2a: Roaring Moon|def|1\n|-unboost|p2b: Arcanine|def|1\n|\n|upkeep\n|turn|8\n|-message|Jaj1992 forfeited.\n|\n|win|HappyW\n|raw|Jaj1992's rating: 1075 &rarr; <strong>1053<\/strong><br \/>(-22 for losing)\n|raw|HappyW's rating: 1062 &rarr; <strong>1094<\/strong><br \/>(+32 for winning)\n|l|\u2606Jaj1992\n","uploadtime":1700011060,"views":10,"p1id":"jaj1992","p2id":"happyw","formatid":"gen9vgc2023regulatione","rating":1053,"private":0,"password":""}