{"id":"gen9vgc2023regulatione-2000520517","p1":"croissantfourre","p2":"rojasgabriel","format":"[Gen 9] VGC 2023 Regulation E","log":"|j|\u2606croissantfourre\n|j|\u2606rojasgabriel\n|t:|1701201765\n|gametype|doubles\n|player|p1|croissantfourre|baker|1077\n|player|p2|rojasgabriel|266|1122\n|teamsize|p1|6\n|teamsize|p2|6\n|gen|9\n|tier|[Gen 9] VGC 2023 Regulation E\n|rated|\n|rule|Species Clause: Limit one of each Pok\u00e9mon\n|rule|Item Clause: Limit one of each item\n|clearpoke\n|poke|p1|Great Tusk, L50|\n|poke|p1|Kilowattrel, L50, M|\n|poke|p1|Orthworm, L50, F|\n|poke|p1|Regidrago, L50|\n|poke|p1|Amoonguss, L50, F|\n|poke|p1|Azumarill, L50, F|\n|poke|p2|Ninetales-Alola, L50, M|\n|poke|p2|Cetitan, L50, M|\n|poke|p2|Baxcalibur, L50, M|\n|poke|p2|Landorus-Therian, L50, M|\n|poke|p2|Heatran, L50, M|\n|poke|p2|Rillaboom, L50, M|\n|teampreview|4\n|inactive|Battle timer is ON: inactive players will automatically lose when time's up. (requested by rojasgabriel)\n|inactive|croissantfourre has 60 seconds left.\n|\n|t:|1701201798\n|start\n|switch|p1a: Great Tusk|Great Tusk, L50|100\/100\n|switch|p1b: Orthworm|Orthworm, L50, F|100\/100\n|switch|p2a: Ninetales|Ninetales-Alola, L50, M|100\/100\n|switch|p2b: Landorus|Landorus-Therian, L50, M|100\/100\n|-ability|p2b: Landorus|Intimidate|boost\n|-fail|p1a: Great Tusk|unboost|[from] item: Clear Amulet|[of] p1a: Great Tusk\n|-unboost|p1b: Orthworm|atk|1\n|-weather|Snow|[from] ability: Snow Warning|[of] p2a: Ninetales\n|turn|1\n|inactive|croissantfourre has 30 seconds left.\n|inactive|rojasgabriel has 30 seconds left.\n|\n|t:|1701201825\n|-terastallize|p1a: Great Tusk|Ground\n|move|p2b: Landorus|U-turn|p1a: Great Tusk\n|-damage|p1a: Great Tusk|79\/100\n|\n|t:|1701201837\n|switch|p2b: Baxcalibur|Baxcalibur, L50, M|100\/100|[from] U-turn\n|move|p2a: Ninetales|Blizzard|p1b: Orthworm|[spread] p1a,p1b\n|-supereffective|p1a: Great Tusk\n|-resisted|p1b: Orthworm\n|-damage|p1a: Great Tusk|3\/100\n|-damage|p1b: Orthworm|80\/100\n|move|p1a: Great Tusk|Ice Spinner|p2b: Baxcalibur\n|-crit|p2b: Baxcalibur\n|-damage|p2b: Baxcalibur|72\/100\n|move|p1b: Orthworm|Heavy Slam|p2a: Ninetales\n|-supereffective|p2a: Ninetales\n|-damage|p2a: Ninetales|22\/100\n|-enditem|p2a: Ninetales|Sitrus Berry|[eat]\n|-heal|p2a: Ninetales|47\/100|[from] item: Sitrus Berry\n|\n|-weather|Snow|[upkeep]\n|-heal|p2b: Baxcalibur|78\/100|[from] ability: Ice Body\n|upkeep\n|turn|2\n|inactive|rojasgabriel has 30 seconds left.\n|\n|t:|1701201862\n|move|p2a: Ninetales|Aurora Veil|p2a: Ninetales\n|-sidestart|p2: rojasgabriel|move: Aurora Veil\n|move|p1a: Great Tusk|Earthquake|p2a: Ninetales|[spread] p2a,p2b\n|-heal|p1b: Orthworm|100\/100|[from] ability: Earth Eater|[of] p1a: Great Tusk\n|-damage|p2a: Ninetales|19\/100\n|-damage|p2b: Baxcalibur|55\/100\n|move|p2b: Baxcalibur|Scale Shot|p1a: Great Tusk\n|-damage|p1a: Great Tusk|0 fnt\n|faint|p1a: Great Tusk\n|-end|p1a: Great Tusk|Protosynthesis|[silent]\n|-hitcount|p1: Great Tusk|1\n|-unboost|p2b: Baxcalibur|def|1\n|-boost|p2b: Baxcalibur|spe|1\n|move|p1b: Orthworm|Rock Slide|p2a: Ninetales|[spread] p2a,p2b\n|-supereffective|p2a: Ninetales\n|-supereffective|p2b: Baxcalibur\n|-damage|p2a: Ninetales|11\/100\n|-damage|p2b: Baxcalibur|45\/100\n|\n|-weather|Snow|[upkeep]\n|-heal|p2b: Baxcalibur|51\/100|[from] ability: Ice Body\n|upkeep\n|\n|t:|1701201880\n|switch|p1a: Azumarill|Azumarill, L50, F|100\/100\n|turn|3\n|inactive|croissantfourre has 30 seconds left.\n|\n|t:|1701201905\n|switch|p2b: Landorus|Landorus-Therian, L50, M|100\/100\n|-ability|p2b: Landorus|Intimidate|boost\n|-unboost|p1a: Azumarill|atk|1\n|-unboost|p1b: Orthworm|atk|1\n|move|p2a: Ninetales|Protect|p2a: Ninetales\n|-singleturn|p2a: Ninetales|Protect\n|move|p1a: Azumarill|Aqua Jet|p2a: Ninetales\n|-activate|p2a: Ninetales|move: Protect\n|move|p1b: Orthworm|Rock Slide|p2b: Landorus|[spread] p2b\n|-activate|p2a: Ninetales|move: Protect\n|-damage|p2b: Landorus|96\/100\n|\n|-weather|Snow|[upkeep]\n|upkeep\n|turn|4\n|inactive|rojasgabriel has 30 seconds left.\n|inactive|rojasgabriel has 20 seconds left.\n|inactive|rojasgabriel has 15 seconds left.\n|inactive|rojasgabriel has 10 seconds left.\n|\n|t:|1701201951\n|move|p1b: Orthworm|Protect|p1b: Orthworm\n|-singleturn|p1b: Orthworm|Protect\n|move|p1a: Azumarill|Aqua Jet|p2a: Ninetales\n|-crit|p2a: Ninetales\n|-damage|p2a: Ninetales|0 fnt\n|faint|p2a: Ninetales\n|move|p2b: Landorus|U-turn|p1a: Azumarill\n|-resisted|p1a: Azumarill\n|-damage|p1a: Azumarill|86\/100\n|\n|t:|1701201962\n|switch|p2b: Baxcalibur|Baxcalibur, L50, M|51\/100|[from] U-turn\n|\n|-weather|Snow|[upkeep]\n|-heal|p2b: Baxcalibur|58\/100|[from] ability: Ice Body\n|upkeep\n|\n|t:|1701201964\n|switch|p2a: Landorus|Landorus-Therian, L50, M|96\/100\n|-ability|p2a: Landorus|Intimidate|boost\n|-unboost|p1a: Azumarill|atk|1\n|-unboost|p1b: Orthworm|atk|1\n|turn|5\n|\n|t:|1701201982\n|-terastallize|p2b: Baxcalibur|Poison\n|move|p2a: Landorus|Rock Slide|p1a: Azumarill|[spread] p1a,p1b\n|-resisted|p1b: Orthworm\n|-damage|p1a: Azumarill|63\/100\n|-damage|p1b: Orthworm|94\/100\n|move|p2b: Baxcalibur|Swords Dance|p2b: Baxcalibur\n|-boost|p2b: Baxcalibur|atk|2\n|move|p1b: Orthworm|Heavy Slam|p2a: Landorus\n|-damage|p2a: Landorus|86\/100\n|move|p1a: Azumarill|Play Rough|p2b: Baxcalibur\n|-resisted|p2b: Baxcalibur\n|-damage|p2b: Baxcalibur|50\/100\n|\n|-weather|none\n|upkeep\n|turn|6\n|inactive|rojasgabriel has 30 seconds left.\n|inactive|rojasgabriel has 20 seconds left.\n|\n|t:|1701202020\n|switch|p2a: Heatran|Heatran, L50, M|100\/100\n|move|p1a: Azumarill|Protect|p1a: Azumarill\n|-singleturn|p1a: Azumarill|Protect\n|move|p2b: Baxcalibur|Icicle Spear|p1a: Azumarill\n|-activate|p1a: Azumarill|move: Protect\n|move|p1b: Orthworm|Heavy Slam|p2b: Baxcalibur\n|-damage|p2b: Baxcalibur|47\/100\n|\n|-sideend|p2: rojasgabriel|move: Aurora Veil\n|upkeep\n|turn|7\n|inactive|croissantfourre has 30 seconds left.\n|\n|t:|1701202047\n|switch|p2a: Landorus|Landorus-Therian, L50, M|86\/100\n|-ability|p2a: Landorus|Intimidate|boost\n|-unboost|p1a: Azumarill|atk|1\n|-unboost|p1b: Orthworm|atk|1\n|switch|p1a: Regidrago|Regidrago, L50|100\/100\n|move|p2b: Baxcalibur|Swords Dance|p2b: Baxcalibur\n|-boost|p2b: Baxcalibur|atk|2\n|move|p1b: Orthworm|Rock Slide|p2a: Landorus|[spread] p2a,p2b\n|-damage|p2a: Landorus|81\/100\n|-damage|p2b: Baxcalibur|43\/100\n|\n|upkeep\n|turn|8\n|inactive|rojasgabriel has 30 seconds left.\n|\n|t:|1701202079\n|move|p2b: Baxcalibur|Protect|p2b: Baxcalibur\n|-singleturn|p2b: Baxcalibur|Protect\n|move|p1b: Orthworm|Protect|p1b: Orthworm\n|-singleturn|p1b: Orthworm|Protect\n|move|p2a: Landorus|Stomping Tantrum|p1a: Regidrago\n|-damage|p1a: Regidrago|54\/100\n|move|p1a: Regidrago|Dragon Energy|p2a: Landorus|[spread] p2a\n|-activate|p2b: Baxcalibur|move: Protect\n|-damage|p2a: Landorus|16\/100\n|\n|upkeep\n|turn|9\n|\n|t:|1701202103\n|move|p2a: Landorus|Stomping Tantrum|p1a: Regidrago\n|-damage|p1a: Regidrago|6\/100\n|move|p2b: Baxcalibur|Icicle Spear|p1a: Regidrago\n|-supereffective|p1a: Regidrago\n|-damage|p1a: Regidrago|0 fnt\n|faint|p1a: Regidrago\n|-hitcount|p1: Regidrago|1\n|move|p1b: Orthworm|Rock Slide|p2b: Baxcalibur|[spread] p2b\n|-miss|p1b: Orthworm|p2a: Landorus\n|-damage|p2b: Baxcalibur|40\/100\n|\n|upkeep\n|\n|t:|1701202112\n|switch|p1a: Azumarill|Azumarill, L50, F|63\/100\n|turn|10\n|\n|t:|1701202128\n|move|p1b: Orthworm|Protect|p1b: Orthworm\n|-singleturn|p1b: Orthworm|Protect\n|move|p1a: Azumarill|Aqua Jet|p2a: Landorus\n|-supereffective|p2a: Landorus\n|-damage|p2a: Landorus|0 fnt\n|faint|p2a: Landorus\n|move|p2b: Baxcalibur|Icicle Spear|p1a: Azumarill\n|-resisted|p1a: Azumarill\n|-damage|p1a: Azumarill|40\/100\n|-resisted|p1a: Azumarill\n|-damage|p1a: Azumarill|19\/100\n|-resisted|p1a: Azumarill\n|-damage|p1a: Azumarill|0 fnt\n|faint|p1a: Azumarill\n|-hitcount|p1: Azumarill|3\n|\n|upkeep\n|\n|t:|1701202137\n|switch|p2a: Heatran|Heatran, L50, M|100\/100\n|turn|11\n|\n|t:|1701202142\n|move|p2b: Baxcalibur|Icicle Spear|p1b: Orthworm\n|-resisted|p1b: Orthworm\n|-damage|p1b: Orthworm|83\/100\n|-resisted|p1b: Orthworm\n|-damage|p1b: Orthworm|69\/100\n|-resisted|p1b: Orthworm\n|-damage|p1b: Orthworm|56\/100\n|-resisted|p1b: Orthworm\n|-damage|p1b: Orthworm|45\/100\n|-enditem|p1b: Orthworm|Sitrus Berry|[eat]\n|-heal|p1b: Orthworm|69\/100|[from] item: Sitrus Berry\n|-hitcount|p1b: Orthworm|4\n|move|p2a: Heatran|Heat Wave|p1b: Orthworm\n|-supereffective|p1b: Orthworm\n|-damage|p1b: Orthworm|0 fnt\n|faint|p1b: Orthworm\n|-damage|p2a: Heatran|91\/100|[from] item: Life Orb\n|\n|win|rojasgabriel\n|raw|croissantfourre's rating: 1077 &rarr; <strong>1058<\/strong><br \/>(-19 for losing)\n|raw|rojasgabriel's rating: 1122 &rarr; <strong>1144<\/strong><br \/>(+22 for winning)\n|c|\u2606rojasgabriel|gg\n|c|\u2606croissantfourre|gg\n","uploadtime":1701202160,"views":2,"p1id":"croissantfourre","p2id":"rojasgabriel","formatid":"gen9vgc2023regulatione","rating":1058,"private":0,"password":""}