{"id":"gen9vgc2023regulatione-1991513586","p1":"TheFreshPrints","p2":"secretstudent","format":"[Gen 9] VGC 2023 Regulation E","log":"|j|\u2606TheFreshPrints\n|j|\u2606secretstudent\n|t:|1700083862\n|gametype|doubles\n|player|p1|TheFreshPrints|265|1120\n|player|p2|secretstudent|beauty|1070\n|teamsize|p1|6\n|teamsize|p2|6\n|gen|9\n|tier|[Gen 9] VGC 2023 Regulation E\n|rated|\n|rule|Species Clause: Limit one of each Pok\u00e9mon\n|rule|Item Clause: Limit one of each item\n|clearpoke\n|poke|p1|Kingambit, L50, M|\n|poke|p1|Urshifu-*, L50, F|\n|poke|p1|Regieleki, L50|\n|poke|p1|Enamorus, L50, F|\n|poke|p1|Chi-Yu, L50|\n|poke|p1|Farigiraf, L50, M|\n|poke|p2|Chien-Pao, L50|\n|poke|p2|Amoonguss, L50, F|\n|poke|p2|Hatterene, L50, F|\n|poke|p2|Gyarados, L50, F|\n|poke|p2|Volcarona, L50, M|\n|poke|p2|Ogerpon, L50, F|\n|teampreview|4\nsecretstudent rejected open team sheets.\n|inactive|Battle timer is ON: inactive players will automatically lose when time's up. (requested by TheFreshPrints)\n|\n|t:|1700083910\n|start\n|switch|p1a: Regieleki|Regieleki, L50|100\/100\n|switch|p1b: Enamorus|Enamorus, L50, F|100\/100\n|switch|p2a: Hatterene|Hatterene, L50, F|100\/100\n|switch|p2b: Gyarados|Gyarados, L50, F|100\/100\n|-ability|p2b: Gyarados|Intimidate|boost\n|-unboost|p1a: Regieleki|atk|1\n|-boost|p1b: Enamorus|atk|1\n|turn|1\n|\n|t:|1700083937\n|-terastallize|p2b: Gyarados|Ground\n|move|p1a: Regieleki|Eerie Impulse|p1b: Enamorus\n|-boost|p1b: Enamorus|spa|2\n|move|p1b: Enamorus|Springtide Storm|p2b: Gyarados|[spread] p2a,p2b\n|-damage|p2a: Hatterene|0 fnt\n|-damage|p2b: Gyarados|0 fnt\n|faint|p2a: Hatterene\n|faint|p2b: Gyarados\n|-damage|p1b: Enamorus|90\/100|[from] item: Life Orb\n|\n|upkeep\n|\n|t:|1700083954\n|switch|p2b: Chien-Pao|Chien-Pao, L50|100\/100\n|switch|p2a: Volcarona|Volcarona, L50, M|100\/100\n|-ability|p2b: Chien-Pao|Sword of Ruin\n|turn|2\n|\n|t:|1700083974\n|move|p1b: Enamorus|Protect|p1b: Enamorus\n|-singleturn|p1b: Enamorus|Protect\n|move|p1a: Regieleki|Thunder Wave|p2b: Chien-Pao\n|-status|p2b: Chien-Pao|par\n|move|p2a: Volcarona|Quiver Dance|p2a: Volcarona\n|-boost|p2a: Volcarona|spa|1\n|-boost|p2a: Volcarona|spd|1\n|-boost|p2a: Volcarona|spe|1\n|move|p2b: Chien-Pao|Icicle Crash|p1b: Enamorus\n|-activate|p1b: Enamorus|move: Protect\n|\n|upkeep\n|turn|3\n|inactive|TheFreshPrints has 30 seconds left.\n|\n|t:|1700084005\n|move|p2a: Volcarona|Protect|p2a: Volcarona\n|-singleturn|p2a: Volcarona|Protect\n|move|p1a: Regieleki|Eerie Impulse|p2a: Volcarona\n|-activate|p2a: Volcarona|move: Protect\n|move|p1b: Enamorus|Springtide Storm|p2b: Chien-Pao|[spread] p2b\n|-activate|p2a: Volcarona|move: Protect\n|-supereffective|p2b: Chien-Pao\n|-enditem|p2b: Chien-Pao|Focus Sash\n|-damage|p2b: Chien-Pao|1\/100 par\n|-unboost|p2b: Chien-Pao|atk|1\n|-damage|p1b: Enamorus|80\/100|[from] item: Life Orb\n|move|p2b: Chien-Pao|Icicle Crash|p1b: Enamorus\n|-supereffective|p1b: Enamorus\n|-damage|p1b: Enamorus|0 fnt\n|faint|p1b: Enamorus\n|\n|upkeep\n|\n|t:|1700084026\n|switch|p1b: Chi-Yu|Chi-Yu, L50|100\/100\n|-ability|p1b: Chi-Yu|Beads of Ruin\n|turn|4\n|\n|t:|1700084035\n|move|p2b: Chien-Pao|Sucker Punch|p1b: Chi-Yu\n|-resisted|p1b: Chi-Yu\n|-damage|p1b: Chi-Yu|75\/100\n|move|p1a: Regieleki|Eerie Impulse|p2a: Volcarona\n|-unboost|p2a: Volcarona|spa|2\n|move|p1b: Chi-Yu|Heat Wave|p2a: Volcarona|[spread] p2a,p2b\n|-supereffective|p2b: Chien-Pao\n|-damage|p2a: Volcarona|65\/100\n|-damage|p2b: Chien-Pao|0 fnt\n|faint|p2b: Chien-Pao\n|move|p2a: Volcarona|Quiver Dance|p2a: Volcarona\n|-boost|p2a: Volcarona|spa|1\n|-boost|p2a: Volcarona|spd|1\n|-boost|p2a: Volcarona|spe|1\n|\n|-heal|p2a: Volcarona|71\/100|[from] item: Leftovers\n|upkeep\n|turn|5\n|inactive|TheFreshPrints has 30 seconds left.\n|\n|t:|1700084063\n|move|p2a: Volcarona|Giga Drain|p1a: Regieleki\n|-damage|p1a: Regieleki|45\/100\n|-heal|p2a: Volcarona|94\/100|[from] drain|[of] p1a: Regieleki\n|move|p1a: Regieleki|Eerie Impulse|p2a: Volcarona\n|-unboost|p2a: Volcarona|spa|2\n|move|p1b: Chi-Yu|Heat Wave|p2a: Volcarona\n|-damage|p2a: Volcarona|62\/100\n|\n|-heal|p2a: Volcarona|68\/100|[from] item: Leftovers\n|upkeep\n|turn|6\n|-message|secretstudent forfeited.\n|\n|win|TheFreshPrints\n|raw|TheFreshPrints's rating: 1120 &rarr; <strong>1141<\/strong><br \/>(+21 for winning)\n|raw|secretstudent's rating: 1070 &rarr; <strong>1052<\/strong><br \/>(-18 for losing)\n|c|\u2606secretstudent|gg wp\n","uploadtime":1700084082,"views":11,"p1id":"thefreshprints","p2id":"secretstudent","formatid":"gen9vgc2023regulatione","rating":1052,"private":0,"password":""}