{"id":"gen9vgc2023regulatione-1993798225","p1":"JustJT","p2":"Aereis","format":"[Gen 9] VGC 2023 Regulation E","log":"|j|\u2606JustJT\n|j|\u2606Aereis\n|t:|1700358552\n|gametype|doubles\n|player|p1|JustJT|veteran|1069\n|player|p2|Aereis|grimsley|1000\n|teamsize|p1|6\n|teamsize|p2|6\n|gen|9\n|tier|[Gen 9] VGC 2023 Regulation E\n|rated|\n|rule|Species Clause: Limit one of each Pok\u00e9mon\n|rule|Item Clause: Limit one of each item\n|clearpoke\n|poke|p1|Ogerpon-Wellspring, L50, F|\n|poke|p1|Great Tusk, L50|\n|poke|p1|Sinistcha-Masterpiece, L50|\n|poke|p1|Ninetales-Alola, L50, M|\n|poke|p1|Roaring Moon, L50|\n|poke|p1|Arcanine-Hisui, L50, M|\n|poke|p2|Golem-Alola, L50, F|\n|poke|p2|Sinistcha, L50|\n|poke|p2|Dondozo, L50, M|\n|poke|p2|Iron Hands, L50|\n|poke|p2|Maushold, L50|\n|poke|p2|Rabsca, L50, M|\n|teampreview|4\n|inactive|Battle timer is ON: inactive players will automatically lose when time's up. (requested by Aereis)\nAereis rejected open team sheets.\n|\n|t:|1700358572\n|start\n|switch|p1a: Great Tusk|Great Tusk, L50|100\/100\n|switch|p1b: Ninetales|Ninetales-Alola, L50, M|100\/100\n|switch|p2a: Rabsca|Rabsca, L50, M|100\/100\n|switch|p2b: Maushold|Maushold, L50|100\/100\n|-weather|Snow|[from] ability: Snow Warning|[of] p1b: Ninetales\n|turn|1\n|\n|t:|1700358590\n|move|p2b: Maushold|Follow Me|p2b: Maushold\n|-singleturn|p2b: Maushold|move: Follow Me\n|move|p1b: Ninetales|Aurora Veil|p1b: Ninetales\n|-sidestart|p1: JustJT|move: Aurora Veil\n|move|p1a: Great Tusk|Body Press|p2b: Maushold\n|-supereffective|p2b: Maushold\n|-damage|p2b: Maushold|3\/100\n|move|p2a: Rabsca|Trick Room|p2a: Rabsca\n|-fieldstart|move: Trick Room|[of] p2a: Rabsca\n|\n|-weather|Snow|[upkeep]\n|upkeep\n|turn|2\n|\n|t:|1700358608\n|move|p2a: Rabsca|Protect|p2a: Rabsca\n|-singleturn|p2a: Rabsca|Protect\n|move|p1a: Great Tusk|Heavy Slam|p2b: Maushold\n|-damage|p2b: Maushold|0 fnt\n|faint|p2b: Maushold\n|move|p1b: Ninetales|Blizzard|p2a: Rabsca\n|-activate|p2a: Rabsca|move: Protect\n|\n|-weather|Snow|[upkeep]\n|upkeep\n|\n|t:|1700358616\n|switch|p2b: Golem|Golem-Alola, L50, F|100\/100\n|turn|3\n|\n|t:|1700358628\n|switch|p2a: Dondozo|Dondozo, L50, M|100\/100\n|move|p2b: Golem|Protect|p2b: Golem\n|-singleturn|p2b: Golem|Protect\n|move|p1a: Great Tusk|Headlong Rush|p2b: Golem\n|-activate|p2b: Golem|move: Protect\n|move|p1b: Ninetales|Blizzard|p2b: Golem|[spread] p2a\n|-activate|p2b: Golem|move: Protect\n|-resisted|p2a: Dondozo\n|-damage|p2a: Dondozo|89\/100\n|\n|-weather|Snow|[upkeep]\n|-heal|p2a: Dondozo|95\/100|[from] item: Leftovers\n|upkeep\n|turn|4\n|\n|t:|1700358636\n|switch|p2b: Rabsca|Rabsca, L50, M|100\/100\n|move|p2a: Dondozo|Yawn|p1a: Great Tusk\n|-start|p1a: Great Tusk|move: Yawn|[of] p2a: Dondozo\n|move|p1a: Great Tusk|Headlong Rush|p2b: Rabsca\n|-resisted|p2b: Rabsca\n|-damage|p2b: Rabsca|74\/100\n|-unboost|p1a: Great Tusk|def|1\n|-unboost|p1a: Great Tusk|spd|1\n|move|p1b: Ninetales|Freeze-Dry|p2a: Dondozo\n|-supereffective|p2a: Dondozo\n|-damage|p2a: Dondozo|59\/100\n|\n|-weather|Snow|[upkeep]\n|-heal|p2a: Dondozo|66\/100|[from] item: Leftovers\n|upkeep\n|turn|5\n|\n|t:|1700358646\n|move|p2b: Rabsca|Protect|p2b: Rabsca\n|-singleturn|p2b: Rabsca|Protect\n|move|p2a: Dondozo|Soak|p1b: Ninetales\n|-start|p1b: Ninetales|typechange|Water\n|move|p1a: Great Tusk|Ice Fang|p2b: Rabsca\n|-activate|p2b: Rabsca|move: Protect\n|move|p1b: Ninetales|Blizzard|p2a: Dondozo|[spread] p2a\n|-activate|p2b: Rabsca|move: Protect\n|-resisted|p2a: Dondozo\n|-damage|p2a: Dondozo|58\/100\n|\n|-weather|none\n|-heal|p2a: Dondozo|64\/100|[from] item: Leftovers\n|-end|p1a: Great Tusk|move: Yawn|[silent]\n|-status|p1a: Great Tusk|slp\n|-fieldend|move: Trick Room\n|upkeep\n|turn|6\n|\n|t:|1700358661\n|move|p1b: Ninetales|Freeze-Dry|p2a: Dondozo\n|-supereffective|p2a: Dondozo\n|-damage|p2a: Dondozo|39\/100\n|cant|p1a: Great Tusk|slp\n|move|p2a: Dondozo|Soak|p1a: Great Tusk\n|-start|p1a: Great Tusk|typechange|Water\n|move|p2b: Rabsca|Trick Room|p2b: Rabsca\n|-fieldstart|move: Trick Room|[of] p2b: Rabsca\n|\n|-heal|p2a: Dondozo|45\/100|[from] item: Leftovers\n|upkeep\n|turn|7\n|\n|t:|1700358671\n|switch|p2a: Golem|Golem-Alola, L50, F|100\/100\n|move|p2b: Rabsca|Protect|p2b: Rabsca\n|-singleturn|p2b: Rabsca|Protect\n|cant|p1a: Great Tusk|slp\n|move|p1b: Ninetales|Freeze-Dry|p2a: Golem\n|-damage|p2a: Golem|75\/100\n|\n|upkeep\n|turn|8\n|\n|t:|1700358682\n|-terastallize|p2a: Golem|Electric\n|move|p2a: Golem|Explosion|p1b: Ninetales|[spread] p1a,p1b\n|-activate|p2b: Rabsca|ability: Telepathy\n|-supereffective|p1a: Great Tusk\n|-supereffective|p1b: Ninetales\n|-damage|p1a: Great Tusk|0 fnt\n|-damage|p1b: Ninetales|0 fnt\n|faint|p2a: Golem\n|faint|p1a: Great Tusk\n|-end|p1a: Great Tusk|Protosynthesis|[silent]\n|faint|p1b: Ninetales\n|move|p2b: Rabsca|Revival Blessing|p2b: Rabsca\n|-enditem|p2b: Rabsca|Leppa Berry|[eat]\n|-activate|p2b: Rabsca|item: Leppa Berry|Revival Blessing|[consumed]\n|\n|t:|1700358693\n|-heal|p2: Golem|50\/100|[from] move: Revival Blessing\n|switch|p2a: Golem|Golem-Alola, L50, F|50\/100\n|\n|-sideend|p1: JustJT|move: Aurora Veil\n|upkeep\n|\n|t:|1700358696\n|switch|p1a: Ogerpon|Ogerpon-Wellspring, L50, F|100\/100\n|switch|p1b: Sinistcha|Sinistcha-Masterpiece, L50, shiny|100\/100\n|turn|9\n|\n|t:|1700358717\n|move|p1a: Ogerpon|Spiky Shield|p1a: Ogerpon\n|-singleturn|p1a: Ogerpon|move: Protect\n|move|p2a: Golem|Explosion|p1b: Sinistcha|[spread] p1b\n|-activate|p1a: Ogerpon|move: Protect\n|-activate|p2b: Rabsca|ability: Telepathy\n|-resisted|p1b: Sinistcha\n|-crit|p1b: Sinistcha\n|-damage|p1b: Sinistcha|23\/100\n|faint|p2a: Golem\n|move|p2b: Rabsca|Revival Blessing|p2b: Rabsca\n|\n|t:|1700358724\n|-heal|p2: Golem|50\/100|[from] move: Revival Blessing\n|switch|p2a: Golem|Golem-Alola, L50, F|50\/100\n|move|p1b: Sinistcha|Matcha Gotcha|p2a: Golem|[spread] p2b\n|-miss|p1b: Sinistcha|p2a: Golem\n|-resisted|p2b: Rabsca\n|-damage|p2b: Rabsca|65\/100\n|-heal|p1b: Sinistcha|28\/100|[from] drain|[of] p2b: Rabsca\n|\n|upkeep\n|turn|10\n|\n|t:|1700358732\n|move|p1b: Sinistcha|Protect|p1b: Sinistcha\n|-singleturn|p1b: Sinistcha|Protect\n|move|p2a: Golem|Explosion|p1a: Ogerpon|[spread] p1a\n|-activate|p1b: Sinistcha|move: Protect\n|-activate|p2b: Rabsca|ability: Telepathy\n|-damage|p1a: Ogerpon|0 fnt\n|faint|p2a: Golem\n|faint|p1a: Ogerpon\n|move|p2b: Rabsca|Psychic|p1b: Sinistcha\n|-activate|p1b: Sinistcha|move: Protect\n|\n|-fieldend|move: Trick Room\n|upkeep\n|\n|t:|1700358740\n|switch|p2a: Dondozo|Dondozo, L50, M|45\/100\n|turn|11\n|\n|t:|1700358746\n|-terastallize|p1b: Sinistcha|Water\n|move|p1b: Sinistcha|Matcha Gotcha|p2a: Dondozo|[spread] p2a\n|-miss|p1b: Sinistcha|p2b: Rabsca\n|-supereffective|p2a: Dondozo\n|-damage|p2a: Dondozo|13\/100\n|-heal|p1b: Sinistcha|50\/100|[from] drain|[of] p2a: Dondozo\n|move|p2b: Rabsca|Psychic|p1b: Sinistcha\n|-damage|p1b: Sinistcha|9\/100\n|move|p2a: Dondozo|Wave Crash|p1b: Sinistcha\n|-resisted|p1b: Sinistcha\n|-damage|p1b: Sinistcha|0 fnt\n|faint|p1b: Sinistcha\n|-damage|p2a: Dondozo|10\/100|[from] Recoil\n|\n|win|Aereis\n|raw|JustJT's rating: 1069 &rarr; <strong>1045<\/strong><br \/>(-24 for losing)\n|raw|Aereis's rating: 1000 &rarr; <strong>1048<\/strong><br \/>(+48 for winning)\n|l|\u2606JustJT\n","uploadtime":1700358752,"views":17,"p1id":"justjt","p2id":"aereis","formatid":"gen9vgc2023regulatione","rating":1045,"private":0,"password":""}