{"id":"gen9vgc2023regulatione-1999661497","p1":"s150004","p2":"Roundybout","format":"[Gen 9] VGC 2023 Regulation E","log":"|j|\u2606s150004\n|j|\u2606Roundybout\n|t:|1701105578\n|gametype|doubles\n|player|p1|s150004|102|1529\n|player|p2|Roundybout|169|1556\n|teamsize|p1|6\n|teamsize|p2|6\n|gen|9\n|tier|[Gen 9] VGC 2023 Regulation E\n|rated|\n|rule|Species Clause: Limit one of each Pok\u00e9mon\n|rule|Item Clause: Limit one of each item\n|clearpoke\n|poke|p1|Weezing, L50, F|\n|poke|p1|Flutter Mane, L50|\n|poke|p1|Roaring Moon, L50|\n|poke|p1|Empoleon, L50, F|\n|poke|p1|Landorus-Therian, L50, M|\n|poke|p1|Iron Hands, L50|\n|poke|p2|Urshifu-*, L50, M|\n|poke|p2|Gholdengo, L50|\n|poke|p2|Regidrago, L50|\n|poke|p2|Arcanine-Hisui, L50, F|\n|poke|p2|Roaring Moon, L50|\n|poke|p2|Rillaboom, L50, M|\n|teampreview|4\n|j| Braindeadmeta\ns150004 has agreed to open team sheets.\nRoundybout has agreed to open team sheets.\n|j| Dioxide8\n|j| andy8105\n|\n|t:|1701105647\n|start\n|switch|p1a: Weezing|Weezing, L50, F|100\/100\n|switch|p1b: Flutter Mane|Flutter Mane, L50|100\/100\n|switch|p2a: Roaring Moon|Roaring Moon, L50|100\/100\n|switch|p2b: Gholdengo|Gholdengo, L50|100\/100\n|-ability|p1a: Weezing|Neutralizing Gas\n|-enditem|p2a: Roaring Moon|Booster Energy\n|-activate|p2a: Roaring Moon|ability: Protosynthesis|[fromitem]\n|-start|p2a: Roaring Moon|protosynthesisspe\n|turn|1\n|\n|t:|1701105676\n|-terastallize|p2b: Gholdengo|Water\n|move|p2a: Roaring Moon|Protect|p2a: Roaring Moon\n|-singleturn|p2a: Roaring Moon|Protect\n|move|p1b: Flutter Mane|Protect|p1b: Flutter Mane\n|-singleturn|p1b: Flutter Mane|Protect\n|move|p2b: Gholdengo|Make It Rain|p1a: Weezing|[spread] p1a\n|-activate|p1b: Flutter Mane|move: Protect\n|-damage|p1a: Weezing|55\/100\n|-unboost|p2b: Gholdengo|spa|1\n|move|p1a: Weezing|Will-O-Wisp|p2a: Roaring Moon\n|-activate|p2a: Roaring Moon|move: Protect\n|\n|-heal|p1a: Weezing|60\/100|[from] item: Black Sludge\n|upkeep\n|turn|2\n|\n|t:|1701105699\n|-end|p1b: Flutter Mane|Protosynthesis|[silent]\n|switch|p1b: Landorus|Landorus-Therian, L50, M|100\/100\n|-ability|p1b: Landorus|Intimidate|boost\n|-unboost|p2a: Roaring Moon|atk|1\n|-unboost|p2b: Gholdengo|atk|1\n|move|p2a: Roaring Moon|Acrobatics|p1b: Landorus\n|-crit|p1b: Landorus\n|-damage|p1b: Landorus|31\/100\n|move|p2b: Gholdengo|Make It Rain|p1b: Landorus|[spread] p1a,p1b\n|-damage|p1a: Weezing|31\/100\n|-damage|p1b: Landorus|0 fnt\n|-unboost|p2b: Gholdengo|spa|1\n|faint|p1b: Landorus\n|move|p1a: Weezing|Will-O-Wisp|p2a: Roaring Moon\n|-status|p2a: Roaring Moon|brn\n|\n|-heal|p1a: Weezing|37\/100|[from] item: Black Sludge\n|-damage|p2a: Roaring Moon|94\/100 brn|[from] brn\n|upkeep\n|\n|t:|1701105711\n|switch|p1b: Flutter Mane|Flutter Mane, L50|100\/100\n|turn|3\n|\n|t:|1701105720\n|switch|p2b: Arcanine|Arcanine-Hisui, L50, F|100\/100\n|move|p2a: Roaring Moon|Tailwind|p2a: Roaring Moon\n|-sidestart|p2: Roundybout|move: Tailwind\n|move|p1b: Flutter Mane|Thunderbolt|p2b: Arcanine\n|-damage|p2b: Arcanine|67\/100\n|move|p1a: Weezing|Pain Split|p2a: Roaring Moon\n|-sethp|p2a: Roaring Moon|63\/100 brn|[from] move: Pain Split|[silent]\n|-sethp|p1a: Weezing|73\/100|[from] move: Pain Split\n|\n|-heal|p1a: Weezing|78\/100|[from] item: Black Sludge\n|-damage|p2a: Roaring Moon|57\/100 brn|[from] brn\n|upkeep\n|turn|4\n|\n|t:|1701105752\n|move|p1b: Flutter Mane|Protect|p1b: Flutter Mane\n|-singleturn|p1b: Flutter Mane|Protect\n|move|p2a: Roaring Moon|Knock Off|p1a: Weezing\n|-damage|p1a: Weezing|64\/100\n|-enditem|p1a: Weezing|Black Sludge|[from] move: Knock Off|[of] p2a: Roaring Moon\n|move|p2b: Arcanine|Flare Blitz|p1b: Flutter Mane\n|-activate|p1b: Flutter Mane|move: Protect\n|move|p1a: Weezing|Sunny Day|p1a: Weezing\n|-weather|SunnyDay\n|-activate|p1b: Flutter Mane|ability: Protosynthesis\n|-start|p1b: Flutter Mane|protosynthesisspe\n|\n|-weather|SunnyDay|[upkeep]\n|-damage|p2a: Roaring Moon|51\/100 brn|[from] brn\n|upkeep\n|turn|5\n|\n|t:|1701105770\n|-terastallize|p1b: Flutter Mane|Fairy\n|move|p2a: Roaring Moon|Knock Off|p1b: Flutter Mane\n|-resisted|p1b: Flutter Mane\n|-damage|p1b: Flutter Mane|84\/100\n|-enditem|p1b: Flutter Mane|Focus Sash|[from] move: Knock Off|[of] p2a: Roaring Moon\n|move|p1b: Flutter Mane|Dazzling Gleam|p2b: Arcanine|[spread] p2a,p2b\n|-supereffective|p2a: Roaring Moon\n|-resisted|p2b: Arcanine\n|-damage|p2a: Roaring Moon|0 fnt\n|-damage|p2b: Arcanine|45\/100\n|-enditem|p2b: Arcanine|Sitrus Berry|[eat]\n|-heal|p2b: Arcanine|70\/100|[from] item: Sitrus Berry\n|faint|p2a: Roaring Moon\n|-end|p2a: Roaring Moon|Protosynthesis|[silent]\n|move|p2b: Arcanine|Flare Blitz|p1b: Flutter Mane\n|-damage|p1b: Flutter Mane|0 fnt\n|faint|p1b: Flutter Mane\n|-end|p1b: Flutter Mane|Protosynthesis|[silent]\n|-damage|p2b: Arcanine|52\/100|[from] Recoil\n|move|p1a: Weezing|Gunk Shot|p2b: Arcanine\n|-resisted|p2b: Arcanine\n|-damage|p2b: Arcanine|33\/100\n|\n|-weather|SunnyDay|[upkeep]\n|upkeep\n|\n|t:|1701105791\n|switch|p1b: Roaring Moon|Roaring Moon, L50|100\/100\n|switch|p2a: Gholdengo|Gholdengo, L50, tera:Water|100\/100\n|-activate|p1b: Roaring Moon|ability: Protosynthesis\n|-start|p1b: Roaring Moon|protosynthesisatk\n|turn|6\n|\n|t:|1701105819\n|move|p1b: Roaring Moon|Protect|p1b: Roaring Moon\n|-singleturn|p1b: Roaring Moon|Protect\n|move|p2b: Arcanine|Flare Blitz|p1a: Weezing\n|-damage|p1a: Weezing|0 fnt\n|faint|p1a: Weezing\n|-end|p1a: Weezing|ability: Neutralizing Gas\n|-ability|p2b: Arcanine|Intimidate|boost\n|-unboost|p1b: Roaring Moon|atk|1\n|-damage|p2b: Arcanine|15\/100|[from] Recoil\n|move|p2a: Gholdengo|Make It Rain|p1b: Roaring Moon\n|-activate|p1b: Roaring Moon|move: Protect\n|\n|-weather|SunnyDay|[upkeep]\n|-sideend|p2: Roundybout|move: Tailwind\n|upkeep\n|turn|7\n|-message|s150004 forfeited.\n|\n|win|Roundybout\n|raw|s150004's rating: 1529 &rarr; <strong>1511<\/strong><br \/>(-18 for losing)\n|raw|Roundybout's rating: 1556 &rarr; <strong>1574<\/strong><br \/>(+18 for winning)\n|l|\u2606s150004\n","uploadtime":1701105840,"views":1,"p1id":"s150004","p2id":"roundybout","formatid":"gen9vgc2023regulatione","rating":1511,"private":0,"password":""}