{"id":"gen9vgc2023regulatione-1988123888","p1":"LegoInMyEggo","p2":"xatudrip","format":"[Gen 9] VGC 2023 Regulation E","log":"|j|\u2606LegoInMyEggo\n|j|\u2606xatudrip\n|n|\u2606LegoInMyEggo|legoinmyeggo\n|n|\u2606xatudrip|xatudrip\n|html|View the match progress at <a href=\"\/game-bestof3-gen9vgc2023regulatione-1988121978\">game-bestof3-gen9vgc2023regulatione-1988121978<\/a>\n|t:|1699672505\n|gametype|doubles\n|player|p1|LegoInMyEggo|adaman|\n|player|p2|xatudrip|265|\n|teamsize|p1|6\n|teamsize|p2|6\n|gen|9\n|tier|[Gen 9] VGC 2023 Regulation E\n|rule|Species Clause: Limit one of each Pok\u00e9mon\n|rule|Item Clause: Limit one of each item\n|clearpoke\n|poke|p1|Oranguru, L50, F|\n|poke|p1|Torkoal, L50, M|\n|poke|p1|Lilligant-Hisui, L50, F|\n|poke|p1|Ursaluna-Bloodmoon, L50, M|\n|poke|p1|Orthworm, L50, M|\n|poke|p1|Landorus-Therian, L50, M|\n|poke|p2|Tornadus, L50, M|\n|poke|p2|Sinistcha-Masterpiece, L50|\n|poke|p2|Baxcalibur, L50, M|\n|poke|p2|Abomasnow, L50, M|\n|poke|p2|Mienshao, L50, M|\n|poke|p2|Ribombee, L50, F|\n|teampreview|4\nLegoInMyEggo has agreed to open team sheets.\nxatudrip has agreed to open team sheets.\n|showteam|p1|Oranguru||MentalHerb|InnerFocus|TrickRoom,Instruct,Psychic,Protect|||F|||50|,,,,,Fairy]Torkoal||Charcoal|Drought|HeatWave,EarthPower,Protect,Eruption|||M|||50|,,,,,Fire]Lilligant-Hisui||CovertCloak|Chlorophyll|CloseCombat,AfterYou,SolarBlade,SleepPowder|||F|||50|,,,,,Electric]Ursaluna-Bloodmoon||ThroatSpray|MindsEye|BloodMoon,EarthPower,HyperVoice,Protect|||M|||50|,,,,,Normal]Orthworm||SitrusBerry|EarthEater|HeavySlam,ShedTail,BodyPress,IronDefense|||M|||50|,,,,,Fire]Landorus-Therian||ClearAmulet|Intimidate|HammerArm,StompingTantrum,RockSlide,TeraBlast|||M|||50|,,,,,Flying\n|showteam|p2|Tornadus||MentalHerb|Prankster|Taunt,Tailwind,BleakwindStorm,Protect|||M|||50|,,,,,Flying]Sinistcha-Masterpiece||BigRoot|Hospitality|Protect,MatchaGotcha,RagePowder,StrengthSap||||||50|,,,,,Water]Baxcalibur||LoadedDice|IceBody|ScaleShot,IcicleSpear,Protect,DragonDance|||M|||50|,,,,,Steel]Abomasnow||SitrusBerry|SnowWarning|AuroraVeil,Blizzard,Protect,LeafStorm|||M|||50|,,,,,Fire]Mienshao||RockyHelmet|Regenerator|FakeOut,Uturn,DrainPunch,Protect|||M|||50|,,,,,Ghost]Ribombee||FocusSash|SweetVeil|QuiverDance,DazzlingGleam,HelpingHand,BugBuzz|||F|||50|,,,,,Fairy\n|\n|t:|1699672562\n|start\n|switch|p1a: Oranguru|Oranguru, L50, F|100\/100\n|switch|p1b: Torkoal|Torkoal, L50, M|100\/100\n|switch|p2a: Mienshao|Mienshao, L50, M|100\/100\n|switch|p2b: Sinistcha|Sinistcha-Masterpiece, L50|100\/100\n|-weather|SunnyDay|[from] ability: Drought|[of] p1b: Torkoal\n|turn|1\n|\n|t:|1699672599\n|move|p1b: Torkoal|Protect|p1b: Torkoal\n|-singleturn|p1b: Torkoal|Protect\n|move|p2a: Mienshao|U-turn|p1a: Oranguru\n|-supereffective|p1a: Oranguru\n|-damage|p1a: Oranguru|62\/100\n|\n|t:|1699672605\n|switch|p2a: Abomasnow|Abomasnow, L50, M|100\/100|[from] U-turn\n|-weather|Snow|[from] ability: Snow Warning|[of] p2a: Abomasnow\n|move|p2b: Sinistcha|Matcha Gotcha|p1a: Oranguru|[spread] p1a\n|-activate|p1b: Torkoal|move: Protect\n|-damage|p1a: Oranguru|46\/100\n|move|p1a: Oranguru|Trick Room|p1a: Oranguru\n|-fieldstart|move: Trick Room|[of] p1a: Oranguru\n|\n|-weather|Snow|[upkeep]\n|upkeep\n|turn|2\n|\n|t:|1699672625\n|move|p2a: Abomasnow|Protect|p2a: Abomasnow\n|-singleturn|p2a: Abomasnow|Protect\n|move|p1b: Torkoal|Eruption|p2a: Abomasnow|[spread] p2b\n|-activate|p2a: Abomasnow|move: Protect\n|-supereffective|p2b: Sinistcha\n|-damage|p2b: Sinistcha|0 fnt\n|faint|p2b: Sinistcha\n|move|p1a: Oranguru|Instruct|p1b: Torkoal\n|-singleturn|p1b: Torkoal|move: Instruct|[of] p1a: Oranguru\n|move|p1b: Torkoal|Eruption|p2a: Abomasnow\n|-activate|p2a: Abomasnow|move: Protect\n|\n|-weather|Snow|[upkeep]\n|upkeep\n|\n|t:|1699672635\n|switch|p2b: Mienshao|Mienshao, L50, M|100\/100\n|turn|3\n|\n|t:|1699672644\n|move|p2b: Mienshao|Fake Out|p1b: Torkoal\n|-damage|p1b: Torkoal|91\/100\n|cant|p1b: Torkoal|flinch\n|move|p1a: Oranguru|Instruct|p1b: Torkoal\n|-singleturn|p1b: Torkoal|move: Instruct|[of] p1a: Oranguru\n|cant|p1b: Torkoal|flinch\n|move|p2a: Abomasnow|Blizzard|p1b: Torkoal|[spread] p1a,p1b\n|-resisted|p1b: Torkoal\n|-damage|p1a: Oranguru|28\/100\n|-damage|p1b: Torkoal|72\/100\n|\n|-weather|Snow|[upkeep]\n|upkeep\n|turn|4\n|\n|t:|1699672667\n|move|p2a: Abomasnow|Protect|p2a: Abomasnow\n|-singleturn|p2a: Abomasnow|Protect\n|move|p2b: Mienshao|Protect|p2b: Mienshao\n|-singleturn|p2b: Mienshao|Protect\n|move|p1b: Torkoal|Eruption|p2b: Mienshao|[spread] \n|-activate|p2a: Abomasnow|move: Protect\n|-activate|p2b: Mienshao|move: Protect\n|move|p1a: Oranguru|Instruct|p1b: Torkoal\n|-singleturn|p1b: Torkoal|move: Instruct|[of] p1a: Oranguru\n|move|p1b: Torkoal|Eruption|p2a: Abomasnow|[spread] \n|-activate|p2a: Abomasnow|move: Protect\n|-activate|p2b: Mienshao|move: Protect\n|\n|-weather|Snow|[upkeep]\n|upkeep\n|turn|5\n|c|\u2606LegoInMyEggo|LET ME HIT YOU\n|c|\u2606xatudrip|fuck you\n|c|\u2606xatudrip|let me hit this\n|\n|t:|1699672696\n|move|p2a: Abomasnow|Protect||[still]\n|-fail|p2a: Abomasnow\n|move|p2b: Mienshao|Protect||[still]\n|-fail|p2b: Mienshao\n|move|p1b: Torkoal|Eruption|p2a: Abomasnow|[spread] p2a,p2b\n|-supereffective|p2a: Abomasnow\n|-damage|p2a: Abomasnow|0 fnt\n|-damage|p2b: Mienshao|16\/100\n|faint|p2a: Abomasnow\n|move|p1a: Oranguru|Trick Room|p1a: Oranguru\n|-fieldend|move: Trick Room\n|\n|-weather|none\n|upkeep\n|c|\u2606xatudrip|double double protect\n|\n|t:|1699672709\n|switch|p2a: Baxcalibur|Baxcalibur, L50, M|100\/100\n|turn|6\n|c|\u2606LegoInMyEggo|bro imagine if that hi\n|c|\u2606xatudrip|bro turned off his trick room\n|c|\u2606LegoInMyEggo|ive entered hard mode\n|\n|t:|1699672743\n|move|p1b: Torkoal|Protect|p1b: Torkoal\n|-singleturn|p1b: Torkoal|Protect\n|move|p2b: Mienshao|U-turn|p1a: Oranguru\n|-supereffective|p1a: Oranguru\n|-damage|p1a: Oranguru|0 fnt\n|faint|p1a: Oranguru\n|move|p2a: Baxcalibur|Scale Shot|p1b: Torkoal\n|-activate|p1b: Torkoal|move: Protect\n|\n|upkeep\n|\n|t:|1699672768\n|switch|p1a: Ursaluna|Ursaluna-Bloodmoon, L50, M|100\/100\n|turn|7\n|\n|t:|1699672788\n|-terastallize|p2b: Mienshao|Ghost\n|move|p2b: Mienshao|Drain Punch|p1a: Ursaluna\n|-supereffective|p1a: Ursaluna\n|-damage|p1a: Ursaluna|49\/100\n|-heal|p2b: Mienshao|57\/100|[from] drain|[of] p1a: Ursaluna\n|move|p2a: Baxcalibur|Scale Shot|p1b: Torkoal\n|-damage|p1b: Torkoal|60\/100\n|-damage|p1b: Torkoal|48\/100\n|-damage|p1b: Torkoal|36\/100\n|-damage|p1b: Torkoal|25\/100\n|-damage|p1b: Torkoal|13\/100\n|-hitcount|p1b: Torkoal|5\n|-unboost|p2a: Baxcalibur|def|1\n|-boost|p2a: Baxcalibur|spe|1\n|move|p1a: Ursaluna|Hyper Voice|p2a: Baxcalibur|[spread] p2a,p2b\n|-damage|p2a: Baxcalibur|58\/100\n|-damage|p2b: Mienshao|0 fnt\n|faint|p2b: Mienshao\n|-enditem|p1a: Ursaluna|Throat Spray\n|-boost|p1a: Ursaluna|spa|1|[from] item: Throat Spray\n|move|p1b: Torkoal|Heat Wave|p2a: Baxcalibur\n|-damage|p2a: Baxcalibur|8\/100\n|\n|upkeep\n|turn|8\n|\n|t:|1699672823\n|move|p2a: Baxcalibur|Icicle Spear|p1a: Ursaluna\n|-supereffective|p1a: Ursaluna\n|-damage|p1a: Ursaluna|29\/100\n|-supereffective|p1a: Ursaluna\n|-damage|p1a: Ursaluna|6\/100\n|-supereffective|p1a: Ursaluna\n|-damage|p1a: Ursaluna|0 fnt\n|faint|p1a: Ursaluna\n|-hitcount|p1: Ursaluna|3\n|move|p1b: Torkoal|Eruption|p2a: Baxcalibur\n|-damage|p2a: Baxcalibur|0 fnt\n|faint|p2a: Baxcalibur\n|\n|win|LegoInMyEggo\n|c|\u2606xatudrip|ggs\n|c|\u2606LegoInMyEggo|ggs\n|c|\u2606xatudrip|how did you get this team\n|c|\u2606xatudrip|LMFAO\n|c|\u2606LegoInMyEggo|i do not know they let me get some stupid guys for free\n","uploadtime":1699672839,"views":45,"p1id":"legoinmyeggo","p2id":"xatudrip","formatid":"gen9vgc2023regulatione","rating":0,"private":0,"password":""}