{"id":"gen9vgc2023regulatione-1994336373","p1":"sonaw4","p2":"AquamarineVGC","format":"[Gen 9] VGC 2023 Regulation E","log":"|j|\u2606sonaw4\n|j|\u2606AquamarineVGC\n|n|\u2606sonaw4|sonaw4\n|n|\u2606AquamarineVGC|aquamarinevgc\n|html|View the match progress at <a href=\"\/game-bestof3-gen9vgc2023regulatione-1994336372\">game-bestof3-gen9vgc2023regulatione-1994336372<\/a>\n|t:|1700432467\n|gametype|doubles\n|player|p1|sonaw4|101|\n|player|p2|AquamarineVGC|lucas-gen4pt|\n|teamsize|p1|6\n|teamsize|p2|6\n|gen|9\n|tier|[Gen 9] VGC 2023 Regulation E\n|rule|Species Clause: Limit one of each Pok\u00e9mon\n|rule|Item Clause: Limit one of each item\n|clearpoke\n|poke|p1|Urshifu-*, L50, M|\n|poke|p1|Thundurus, L50, M|\n|poke|p1|Amoonguss, L50, M|\n|poke|p1|Roaring Moon, L50|\n|poke|p1|Chien-Pao, L50|\n|poke|p1|Landorus-Therian, L50, M|\n|poke|p2|Ninetales-Alola, L50, F|\n|poke|p2|Iron Bundle, L50|\n|poke|p2|Clefairy, L50, M|\n|poke|p2|Annihilape, L50, F|\n|poke|p2|Landorus-Therian, L50, M|\n|poke|p2|Cresselia, L50, F|\n|teampreview|4\nAquamarineVGC has agreed to open team sheets.\n|c|\u2606AquamarineVGC|GLHF\n|c|\u2606sonaw4|GLHF\n|\n|t:|1700432542\n|start\n|switch|p1a: Thundurus|Thundurus, L50, M|100\/100\n|switch|p1b: Urshifu|Urshifu-Rapid-Strike, L50, M|100\/100\n|switch|p2a: Landorus|Landorus-Therian, L50, M|100\/100\n|switch|p2b: Iron Bundle|Iron Bundle, L50|100\/100\n|-ability|p2a: Landorus|Intimidate|boost\n|-unboost|p1a: Thundurus|atk|1\n|-unboost|p1b: Urshifu|atk|1\n|turn|1\n|\n|t:|1700432584\n|-terastallize|p2a: Landorus|Flying\n|move|p1a: Thundurus|Thunder Wave|p2b: Iron Bundle\n|-status|p2b: Iron Bundle|par\n|move|p1b: Urshifu|U-turn|p2a: Landorus\n|-resisted|p2a: Landorus\n|-damage|p2a: Landorus|90\/100\n|\n|t:|1700432590\n|switch|p1b: Amoonguss|Amoonguss, L50, M|100\/100|[from] U-turn\n|move|p2a: Landorus|Tera Blast|p1b: Amoonguss|[anim] Tera Blast Flying\n|-supereffective|p1b: Amoonguss\n|-crit|p1b: Amoonguss\n|-damage|p1b: Amoonguss|0 fnt\n|faint|p1b: Amoonguss\n|move|p2b: Iron Bundle|Freeze-Dry|p1a: Thundurus\n|-supereffective|p1a: Thundurus\n|-damage|p1a: Thundurus|54\/100\n|\n|upkeep\n|j| Van. Volcanucks\n|\n|t:|1700432605\n|switch|p1b: Urshifu|Urshifu-Rapid-Strike, L50, M|100\/100\n|turn|2\n|\n|t:|1700432635\n|-terastallize|p1b: Urshifu|Water\n|move|p1a: Thundurus|Thunder Wave|p2a: Landorus\n|-status|p2a: Landorus|par\n|move|p1b: Urshifu|Surging Strikes|p2a: Landorus\n|-crit|p2a: Landorus\n|-damage|p2a: Landorus|56\/100 par\n|-crit|p2a: Landorus\n|-damage|p2a: Landorus|19\/100 par\n|-crit|p2a: Landorus\n|-damage|p2a: Landorus|0 fnt\n|faint|p2a: Landorus\n|-hitcount|p2: Landorus|3\n|move|p2b: Iron Bundle|Freeze-Dry|p1a: Thundurus\n|-supereffective|p1a: Thundurus\n|-damage|p1a: Thundurus|2\/100\n|\n|upkeep\n|\n|t:|1700432649\n|switch|p2a: Ninetales|Ninetales-Alola, L50, F|100\/100\n|-weather|Snow|[from] ability: Snow Warning|[of] p2a: Ninetales\n|turn|3\n|\n|t:|1700432668\n|move|p1a: Thundurus|Rain Dance|p1a: Thundurus\n|-weather|RainDance\n|move|p1b: Urshifu|Surging Strikes|p2a: Ninetales\n|-crit|p2a: Ninetales\n|-damage|p2a: Ninetales|29\/100\n|-crit|p2a: Ninetales\n|-damage|p2a: Ninetales|0 fnt\n|faint|p2a: Ninetales\n|-hitcount|p2: Ninetales|2\n|move|p2b: Iron Bundle|Blizzard|p1b: Urshifu|[spread] p1a\n|-miss|p2b: Iron Bundle|p1b: Urshifu\n|-supereffective|p1a: Thundurus\n|-damage|p1a: Thundurus|0 fnt\n|faint|p1a: Thundurus\n|\n|-weather|RainDance|[upkeep]\n|upkeep\n|\n|t:|1700432680\n|switch|p2a: Annihilape|Annihilape, L50, F|100\/100\n|switch|p1a: Roaring Moon|Roaring Moon, L50|100\/100\n|-enditem|p1a: Roaring Moon|Booster Energy\n|-activate|p1a: Roaring Moon|ability: Protosynthesis|[fromitem]\n|-start|p1a: Roaring Moon|protosynthesisatk\n|turn|4\n|\n|t:|1700432715\n|move|p1b: Urshifu|Surging Strikes|p2a: Annihilape\n|-crit|p2a: Annihilape\n|-damage|p2a: Annihilape|60\/100\n|-crit|p2a: Annihilape\n|-damage|p2a: Annihilape|16\/100\n|-crit|p2a: Annihilape\n|-damage|p2a: Annihilape|0 fnt\n|faint|p2a: Annihilape\n|-hitcount|p2: Annihilape|3\n|move|p1a: Roaring Moon|Knock Off|p2b: Iron Bundle\n|-damage|p2b: Iron Bundle|25\/100 par\n|-enditem|p2b: Iron Bundle|Assault Vest|[from] move: Knock Off|[of] p1a: Roaring Moon\n|move|p2b: Iron Bundle|Freeze-Dry|p1b: Urshifu\n|-supereffective|p1b: Urshifu\n|-damage|p1b: Urshifu|14\/100\n|\n|-weather|RainDance|[upkeep]\n|upkeep\n|turn|5\n|\n|t:|1700432733\n|move|p1b: Urshifu|Surging Strikes|p2b: Iron Bundle\n|-resisted|p2b: Iron Bundle\n|-crit|p2b: Iron Bundle\n|-damage|p2b: Iron Bundle|0 fnt\n|faint|p2b: Iron Bundle\n|-end|p2b: Iron Bundle|Quark Drive|[silent]\n|-hitcount|p2: Iron Bundle|1\n|\n|win|sonaw4\n|c|&|\/uhtml prompt-sonaw4,sonaw4 is ready for game 2!\n|inactive|AquamarineVGC has 50 seconds to confirm battle start!\n|c|&|\/uhtml prompt-aquamarinevgc,AquamarineVGC is ready for game 2!\nBoth players are ready! Starting next match!\n|l| Van. Volcanucks\n|j| Van. Volcanucks\n|l| Van. Volcanucks\n|j| Van. Volcanucks\n|l| Van. Volcanucks\n","uploadtime":1700432740,"views":4,"p1id":"sonaw4","p2id":"aquamarinevgc","formatid":"gen9vgc2023regulatione","rating":0,"private":0,"password":""}