{"id":"gen9vgc2023regulatione-1995769197","p1":"GoosseppiDaWise","p2":"EnigmaticEevee","format":"[Gen 9] VGC 2023 Regulation E","log":"|j|\u2606GoosseppiDaWise\n|j|\u2606EnigmaticEevee\n|t:|1700601413\n|gametype|doubles\n|player|p1|GoosseppiDaWise|giovanni|1095\n|player|p2|EnigmaticEevee|cynthia|1038\n|teamsize|p1|6\n|teamsize|p2|6\n|gen|9\n|tier|[Gen 9] VGC 2023 Regulation E\n|rated|\n|rule|Species Clause: Limit one of each Pok\u00e9mon\n|rule|Item Clause: Limit one of each item\n|clearpoke\n|poke|p1|Ninetales-Alola, L50, M|\n|poke|p1|Cetitan, L50, F|\n|poke|p1|Gallade, L50, M|\n|poke|p1|Coalossal, L50, F|\n|poke|p1|Toxtricity, L50, F|\n|poke|p1|Honchkrow, L50, F|\n|poke|p2|Sinistcha-Masterpiece, L50|\n|poke|p2|Iron Valiant, L50|\n|poke|p2|Tornadus, L50, M|\n|poke|p2|Chi-Yu, L50|\n|poke|p2|Dragonite, L50, F|\n|poke|p2|Chien-Pao, L50|\n|teampreview|4\n|inactive|Battle timer is ON: inactive players will automatically lose when time's up. (requested by EnigmaticEevee)\nEnigmaticEevee rejected open team sheets.\n|\n|t:|1700601435\n|start\n|switch|p1a: Ninetales|Ninetales-Alola, L50, M|100\/100\n|switch|p1b: Cetitan|Cetitan, L50, F|100\/100\n|switch|p2a: Tornadus|Tornadus, L50, M, shiny|100\/100\n|switch|p2b: Sinistcha|Sinistcha-Masterpiece, L50, shiny|100\/100\n|-weather|Snow|[from] ability: Snow Warning|[of] p1a: Ninetales\n|turn|1\n|\n|t:|1700601459\n|-terastallize|p2b: Sinistcha|Ice\n|move|p2a: Tornadus|Tailwind|p2a: Tornadus\n|-sidestart|p2: EnigmaticEevee|move: Tailwind\n|move|p2b: Sinistcha|Matcha Gotcha|p1a: Ninetales|[spread] p1b\n|-miss|p2b: Sinistcha|p1a: Ninetales\n|-damage|p1b: Cetitan|63\/100\n|-damage|p2b: Sinistcha|91\/100|[from] item: Life Orb\n|move|p1a: Ninetales|Aurora Veil|p1a: Ninetales\n|-sidestart|p1: GoosseppiDaWise|move: Aurora Veil\n|move|p1b: Cetitan|Belly Drum|p1b: Cetitan\n|-damage|p1b: Cetitan|13\/100\n|-setboost|p1b: Cetitan|atk|6|[from] move: Belly Drum\n|\n|-weather|Snow|[upkeep]\n|upkeep\n|turn|2\n|\n|t:|1700601478\n|switch|p1a: Gallade|Gallade, L50, M|100\/100\n|move|p1b: Cetitan|Protect|p1b: Cetitan\n|-singleturn|p1b: Cetitan|Protect\n|move|p2a: Tornadus|Heat Wave|p1a: Gallade|[spread] p1a\n|-activate|p1b: Cetitan|move: Protect\n|-damage|p1a: Gallade|83\/100\n|move|p2b: Sinistcha|Matcha Gotcha|p1a: Gallade|[spread] p1a\n|-activate|p1b: Cetitan|move: Protect\n|-damage|p1a: Gallade|54\/100\n|-heal|p2b: Sinistcha|100\/100|[from] drain|[of] p1a: Gallade\n|-status|p1a: Gallade|brn\n|-damage|p2b: Sinistcha|91\/100|[from] item: Life Orb\n|\n|-weather|Snow|[upkeep]\n|-damage|p1a: Gallade|48\/100 brn|[from] brn\n|upkeep\n|turn|3\n|inactive|GoosseppiDaWise has 30 seconds left.\n|inactive|EnigmaticEevee has 30 seconds left.\n|\n|t:|1700601505\n|-terastallize|p1b: Cetitan|Water\n|move|p2a: Tornadus|Icy Wind|p1b: Cetitan|[spread] p1a,p1b\n|-resisted|p1b: Cetitan\n|-damage|p1a: Gallade|38\/100 brn\n|-damage|p1b: Cetitan|9\/100\n|-unboost|p1a: Gallade|spe|1\n|-unboost|p1b: Cetitan|spe|1\n|move|p2b: Sinistcha|Matcha Gotcha|p1a: Gallade|[spread] p1a,p1b\n|-supereffective|p1b: Cetitan\n|-damage|p1a: Gallade|8\/100 brn\n|-heal|p2b: Sinistcha|100\/100|[from] drain|[of] p1a: Gallade\n|-damage|p1b: Cetitan|0 fnt\n|faint|p1b: Cetitan\n|-damage|p2b: Sinistcha|91\/100|[from] item: Life Orb\n|move|p1a: Gallade|Heal Pulse|p1: Cetitan|[notarget]\n|-fail|p1a: Gallade\n|\n|-weather|Snow|[upkeep]\n|-damage|p1a: Gallade|3\/100 brn|[from] brn\n|upkeep\n|\n|t:|1700601523\n|switch|p1b: Coalossal|Coalossal, L50, F|100\/100\n|turn|4\n|\n|t:|1700601541\n|move|p2a: Tornadus|Icy Wind|p1a: Gallade|[spread] p1b\n|-miss|p2a: Tornadus|p1a: Gallade\n|-resisted|p1b: Coalossal\n|-damage|p1b: Coalossal|97\/100\n|-unboost|p1b: Coalossal|spe|1\n|move|p2b: Sinistcha|Matcha Gotcha|p1b: Coalossal|[spread] p1a,p1b\n|-damage|p1a: Gallade|0 fnt\n|-heal|p2b: Sinistcha|92\/100|[from] drain|[of] p1a: Gallade\n|-damage|p1b: Coalossal|80\/100\n|-heal|p2b: Sinistcha|100\/100|[from] drain|[of] p1b: Coalossal\n|faint|p1a: Gallade\n|-damage|p2b: Sinistcha|91\/100|[from] item: Life Orb\n|move|p1b: Coalossal|Fire Punch|p2b: Sinistcha\n|-supereffective|p2b: Sinistcha\n|-damage|p2b: Sinistcha|74\/100\n|\n|-weather|Snow|[upkeep]\n|-heal|p1b: Coalossal|86\/100|[from] item: Leftovers\n|-sideend|p2: EnigmaticEevee|move: Tailwind\n|upkeep\n|\n|t:|1700601559\n|switch|p1a: Ninetales|Ninetales-Alola, L50, M|100\/100\n|turn|5\n|\n|t:|1700601568\n|move|p2a: Tornadus|Tailwind|p2a: Tornadus\n|-sidestart|p2: EnigmaticEevee|move: Tailwind\n|move|p2b: Sinistcha|Matcha Gotcha|p1b: Coalossal|[spread] p1a,p1b\n|-damage|p1a: Ninetales|77\/100\n|-heal|p2b: Sinistcha|89\/100|[from] drain|[of] p1a: Ninetales\n|-damage|p1b: Coalossal|70\/100\n|-heal|p2b: Sinistcha|100\/100|[from] drain|[of] p1b: Coalossal\n|-damage|p2b: Sinistcha|91\/100|[from] item: Life Orb\n|move|p1a: Ninetales|Blizzard|p2a: Tornadus|[spread] p2a,p2b\n|-supereffective|p2a: Tornadus\n|-resisted|p2b: Sinistcha\n|-damage|p2a: Tornadus|33\/100\n|-damage|p2b: Sinistcha|74\/100\n|move|p1b: Coalossal|Fire Punch|p2b: Sinistcha\n|-supereffective|p2b: Sinistcha\n|-damage|p2b: Sinistcha|57\/100\n|\n|-weather|none\n|-heal|p1b: Coalossal|76\/100|[from] item: Leftovers\n|upkeep\n|turn|6\n|\n|t:|1700601591\n|move|p2a: Tornadus|Icy Wind|p1a: Ninetales|[spread] p1a,p1b\n|-resisted|p1a: Ninetales\n|-resisted|p1b: Coalossal\n|-damage|p1a: Ninetales|72\/100\n|-damage|p1b: Coalossal|73\/100\n|-unboost|p1a: Ninetales|spe|1\n|-unboost|p1b: Coalossal|spe|1\n|move|p2b: Sinistcha|Matcha Gotcha|p1a: Ninetales|[spread] p1a,p1b\n|-crit|p1b: Coalossal\n|-damage|p1a: Ninetales|47\/100\n|-heal|p2b: Sinistcha|72\/100|[from] drain|[of] p1a: Ninetales\n|-damage|p1b: Coalossal|37\/100\n|-heal|p2b: Sinistcha|98\/100|[from] drain|[of] p1b: Coalossal\n|-damage|p2b: Sinistcha|89\/100|[from] item: Life Orb\n|move|p1a: Ninetales|Dazzling Gleam|p2a: Tornadus|[spread] p2a,p2b\n|-damage|p2a: Tornadus|11\/100\n|-damage|p2b: Sinistcha|64\/100\n|move|p1b: Coalossal|Fire Punch|p2b: Sinistcha\n|-supereffective|p2b: Sinistcha\n|-damage|p2b: Sinistcha|37\/100\n|\n|-heal|p1b: Coalossal|43\/100|[from] item: Leftovers\n|upkeep\n|turn|7\n|inactive|GoosseppiDaWise has 30 seconds left.\n|inactive|EnigmaticEevee has 30 seconds left.\n|\n|t:|1700601622\n|move|p2a: Tornadus|Icy Wind|p1b: Coalossal|[spread] p1a,p1b\n|-resisted|p1a: Ninetales\n|-resisted|p1b: Coalossal\n|-damage|p1a: Ninetales|43\/100\n|-damage|p1b: Coalossal|40\/100\n|-unboost|p1a: Ninetales|spe|1\n|-unboost|p1b: Coalossal|spe|1\n|move|p2b: Sinistcha|Matcha Gotcha|p1b: Coalossal|[spread] p1a,p1b\n|-damage|p1a: Ninetales|16\/100\n|-heal|p2b: Sinistcha|54\/100|[from] drain|[of] p1a: Ninetales\n|-damage|p1b: Coalossal|24\/100\n|-heal|p2b: Sinistcha|66\/100|[from] drain|[of] p1b: Coalossal\n|-damage|p2b: Sinistcha|57\/100|[from] item: Life Orb\n|move|p1a: Ninetales|Dazzling Gleam|p2b: Sinistcha|[spread] p2a,p2b\n|-damage|p2a: Tornadus|0 fnt\n|-damage|p2b: Sinistcha|33\/100\n|faint|p2a: Tornadus\n|move|p1b: Coalossal|Fire Punch|p2b: Sinistcha\n|-supereffective|p2b: Sinistcha\n|-damage|p2b: Sinistcha|7\/100\n|\n|-heal|p1b: Coalossal|30\/100|[from] item: Leftovers\n|upkeep\n|inactive|EnigmaticEevee has 30 seconds left.\n|\n|t:|1700601648\n|switch|p2a: Chi-Yu|Chi-Yu, L50|100\/100\n|-ability|p2a: Chi-Yu|Beads of Ruin\n|turn|8\n|\n|t:|1700601669\n|move|p2a: Chi-Yu|Heat Wave|p1a: Ninetales|[spread] p1a,p1b\n|-supereffective|p1a: Ninetales\n|-resisted|p1b: Coalossal\n|-damage|p1a: Ninetales|0 fnt\n|-damage|p1b: Coalossal|25\/100\n|-ability|p1b: Coalossal|Steam Engine|boost\n|-boost|p1b: Coalossal|spe|6\n|faint|p1a: Ninetales\n|move|p2b: Sinistcha|Matcha Gotcha|p1b: Coalossal\n|-damage|p1b: Coalossal|0 fnt\n|-heal|p2b: Sinistcha|26\/100|[from] drain|[of] p1b: Coalossal\n|faint|p1b: Coalossal\n|-damage|p2b: Sinistcha|16\/100|[from] item: Life Orb\n|\n|win|EnigmaticEevee\n|raw|GoosseppiDaWise's rating: 1095 &rarr; <strong>1067<\/strong><br \/>(-28 for losing)\n|raw|EnigmaticEevee's rating: 1038 &rarr; <strong>1078<\/strong><br \/>(+40 for winning)\n|c|\u2606GoosseppiDaWise|gg\n|c|\u2606EnigmaticEevee|gg\n|l|\u2606GoosseppiDaWise\n","uploadtime":1700601685,"views":7,"p1id":"goosseppidawise","p2id":"enigmaticeevee","formatid":"gen9vgc2023regulatione","rating":1067,"private":0,"password":""}