{"id":"gen9vgc2023regulatione-1991375558","p1":"FearZero","p2":"TestJay","format":"[Gen 9] VGC 2023 Regulation E","log":"|j|\u2606FearZero\n|j|\u2606TestJay\n|t:|1700071908\n|gametype|doubles\n|player|p1|FearZero|hugh|1320\n|player|p2|TestJay|pokemonranger-gen4|1346\n|teamsize|p1|6\n|teamsize|p2|6\n|gen|9\n|tier|[Gen 9] VGC 2023 Regulation E\n|rated|\n|rule|Species Clause: Limit one of each Pok\u00e9mon\n|rule|Item Clause: Limit one of each item\n|clearpoke\n|poke|p1|Roaring Moon, L50|\n|poke|p1|Iron Hands, L50|\n|poke|p1|Rillaboom, L50, F|\n|poke|p1|Gholdengo, L50|\n|poke|p1|Arcanine-Hisui, L50, F|\n|poke|p1|Ogerpon-Wellspring, L50, F|\n|poke|p2|Dusclops, L50, M|\n|poke|p2|Ursaluna-Bloodmoon, L50, M|\n|poke|p2|Kommo-o, L50, M|\n|poke|p2|Landorus-Therian, L50, M|\n|poke|p2|Iron Hands, L50|\n|poke|p2|Sinistcha-Masterpiece, L50|\n|teampreview|4\n|inactive|Battle timer is ON: inactive players will automatically lose when time's up. (requested by FearZero)\n|\n|t:|1700071932\n|start\n|switch|p1a: Roaring Moon|Roaring Moon, L50|100\/100\n|switch|p1b: Rillaboom|Rillaboom, L50, F|100\/100\n|switch|p2a: Dusclops|Dusclops, L50, M, shiny|100\/100\n|switch|p2b: Ursaluna|Ursaluna-Bloodmoon, L50, M|100\/100\n|-fieldstart|move: Grassy Terrain|[from] ability: Grassy Surge|[of] p1b: Rillaboom\n|-ability|p2a: Dusclops|Pressure\n|-enditem|p1a: Roaring Moon|Booster Energy\n|-activate|p1a: Roaring Moon|ability: Protosynthesis|[fromitem]\n|-start|p1a: Roaring Moon|protosynthesisspe\n|turn|1\n|\n|t:|1700071943\n|-terastallize|p2a: Dusclops|Dark\n|move|p2b: Ursaluna|Protect|p2b: Ursaluna\n|-singleturn|p2b: Ursaluna|Protect\n|move|p1a: Roaring Moon|Knock Off|p2a: Dusclops\n|-resisted|p2a: Dusclops\n|-damage|p2a: Dusclops|87\/100\n|-enditem|p2a: Dusclops|Eviolite|[from] move: Knock Off|[of] p1a: Roaring Moon\n|move|p1b: Rillaboom|Taunt|p2a: Dusclops\n|-start|p2a: Dusclops|move: Taunt\n|cant|p2a: Dusclops|move: Taunt|Trick Room\n|\n|-heal|p2a: Dusclops|93\/100|[from] Grassy Terrain\n|upkeep\n|turn|2\n|\n|t:|1700071958\n|switch|p2b: Iron Hands|Iron Hands, L50|100\/100\n|switch|p2a: Sinistcha|Sinistcha-Masterpiece, L50|100\/100\n|move|p1a: Roaring Moon|Knock Off|p2b: Iron Hands\n|-resisted|p2b: Iron Hands\n|-damage|p2b: Iron Hands|86\/100\n|-enditem|p2b: Iron Hands|Assault Vest|[from] move: Knock Off|[of] p1a: Roaring Moon\n|move|p1b: Rillaboom|Wood Hammer|p2b: Iron Hands\n|-damage|p2b: Iron Hands|15\/100\n|-damage|p1b: Rillaboom|72\/100|[from] Recoil\n|\n|-heal|p1b: Rillaboom|77\/100|[from] Grassy Terrain\n|-heal|p2b: Iron Hands|22\/100|[from] Grassy Terrain\n|upkeep\n|turn|3\n|\n|t:|1700071974\n|move|p1a: Roaring Moon|Acrobatics|p2b: Iron Hands\n|-damage|p2b: Iron Hands|0 fnt\n|faint|p2b: Iron Hands\n|-end|p2b: Iron Hands|Quark Drive|[silent]\n|move|p1b: Rillaboom|Taunt|p2a: Sinistcha\n|-start|p2a: Sinistcha|move: Taunt\n|-enditem|p2a: Sinistcha|Mental Herb\n|-end|p2a: Sinistcha|move: Taunt\n|move|p2a: Sinistcha|Trick Room|p2a: Sinistcha\n|-fieldstart|move: Trick Room|[of] p2a: Sinistcha\n|\n|-heal|p1b: Rillaboom|83\/100|[from] Grassy Terrain\n|upkeep\n|\n|t:|1700071980\n|switch|p2b: Ursaluna|Ursaluna-Bloodmoon, L50, M|100\/100\n|turn|4\n|\n|t:|1700071992\n|switch|p2a: Dusclops|Dusclops, L50, M, shiny, tera:Dark|93\/100\n|-ability|p2a: Dusclops|Pressure\n|move|p2b: Ursaluna|Protect|p2b: Ursaluna\n|-singleturn|p2b: Ursaluna|Protect\n|move|p1b: Rillaboom|Grassy Glide|p2b: Ursaluna\n|-activate|p2b: Ursaluna|move: Protect\n|move|p1a: Roaring Moon|Knock Off|p2a: Dusclops\n|-resisted|p2a: Dusclops\n|-damage|p2a: Dusclops|80\/100\n|\n|-heal|p2a: Dusclops|86\/100|[from] Grassy Terrain\n|-heal|p1b: Rillaboom|89\/100|[from] Grassy Terrain\n|upkeep\n|turn|5\n|\n|t:|1700072010\n|switch|p1b: Arcanine|Arcanine-Hisui, L50, F|100\/100\n|-ability|p1b: Arcanine|Intimidate|boost\n|-unboost|p2a: Dusclops|atk|1\n|-unboost|p2b: Ursaluna|atk|1\n|move|p2a: Dusclops|Brick Break|p2b: Ursaluna\n|-supereffective|p2b: Ursaluna\n|-damage|p2b: Ursaluna|89\/100\n|-enditem|p2b: Ursaluna|Weakness Policy\n|-boost|p2b: Ursaluna|atk|2|[from] item: Weakness Policy\n|-boost|p2b: Ursaluna|spa|2|[from] item: Weakness Policy\n|move|p2b: Ursaluna|Hyper Voice|p1b: Arcanine|[spread] p1a,p1b\n|-resisted|p1b: Arcanine\n|-damage|p1a: Roaring Moon|25\/100\n|-damage|p1b: Arcanine|51\/100\n|move|p1a: Roaring Moon|Knock Off|p2b: Ursaluna\n|-damage|p2b: Ursaluna|64\/100\n|\n|-heal|p2a: Dusclops|92\/100|[from] Grassy Terrain\n|-heal|p2b: Ursaluna|70\/100|[from] Grassy Terrain\n|-heal|p1b: Arcanine|57\/100|[from] Grassy Terrain\n|-heal|p1a: Roaring Moon|32\/100|[from] Grassy Terrain\n|-fieldend|move: Grassy Terrain\n|upkeep\n|turn|6\n|\n|t:|1700072032\n|switch|p1b: Rillaboom|Rillaboom, L50, F|89\/100\n|-fieldstart|move: Grassy Terrain|[from] ability: Grassy Surge|[of] p1b: Rillaboom\n|move|p2a: Dusclops|Helping Hand|p2b: Ursaluna\n|-singleturn|p2b: Ursaluna|Helping Hand|[of] p2a: Dusclops\n|move|p1a: Roaring Moon|Protect|p1a: Roaring Moon\n|-singleturn|p1a: Roaring Moon|Protect\n|move|p2b: Ursaluna|Hyper Voice|p1a: Roaring Moon|[spread] p1b\n|-activate|p1a: Roaring Moon|move: Protect\n|-damage|p1b: Rillaboom|0 fnt\n|faint|p1b: Rillaboom\n|\n|-heal|p2a: Dusclops|98\/100|[from] Grassy Terrain\n|-heal|p2b: Ursaluna|75\/100|[from] Grassy Terrain\n|-heal|p1a: Roaring Moon|38\/100|[from] Grassy Terrain\n|upkeep\n|\n|t:|1700072049\n|switch|p1b: Ogerpon|Ogerpon-Wellspring, L50, F|100\/100\n|turn|7\n|\n|t:|1700072058\n|switch|p2a: Sinistcha|Sinistcha-Masterpiece, L50|100\/100\n|-heal|p2b: Ursaluna|100\/100|[from] ability: Hospitality|[of] p2a: Sinistcha\n|move|p1b: Ogerpon|Spiky Shield|p1b: Ogerpon\n|-singleturn|p1b: Ogerpon|move: Protect\n|move|p2b: Ursaluna|Hyper Voice|p1a: Roaring Moon|[spread] p1a\n|-activate|p1b: Ogerpon|move: Protect\n|-damage|p1a: Roaring Moon|0 fnt\n|faint|p1a: Roaring Moon\n|-end|p1a: Roaring Moon|Protosynthesis|[silent]\n|\n|-fieldend|move: Trick Room\n|upkeep\n|\n|t:|1700072066\n|switch|p1a: Arcanine|Arcanine-Hisui, L50, F|57\/100\n|-ability|p1a: Arcanine|Intimidate|boost\n|-unboost|p2a: Sinistcha|atk|1\n|-unboost|p2b: Ursaluna|atk|1\n|turn|8\n|\n|t:|1700072086\n|-terastallize|p1b: Ogerpon|Water\n|detailschange|p1b: Ogerpon|Ogerpon-Wellspring-Tera, L50, F, tera:Water\n|-ability|p1b: Ogerpon|Embody Aspect (Wellspring)|boost\n|-boost|p1b: Ogerpon|spd|1\n|move|p2b: Ursaluna|Protect|p2b: Ursaluna\n|-singleturn|p2b: Ursaluna|Protect\n|move|p1b: Ogerpon|Ivy Cudgel|p2b: Ursaluna|[anim] Ivy Cudgel Water\n|-activate|p2b: Ursaluna|move: Protect\n|move|p1a: Arcanine|Flare Blitz|p2a: Sinistcha\n|-supereffective|p2a: Sinistcha\n|-damage|p2a: Sinistcha|0 fnt\n|faint|p2a: Sinistcha\n|-damage|p1a: Arcanine|24\/100|[from] Recoil\n|\n|-heal|p1a: Arcanine|30\/100|[from] Grassy Terrain\n|upkeep\n|\n|t:|1700072097\n|switch|p2a: Dusclops|Dusclops, L50, M, shiny, tera:Dark|98\/100\n|-ability|p2a: Dusclops|Pressure\n|turn|9\n|\n|t:|1700072104\n|move|p2b: Ursaluna|Protect|p2b: Ursaluna\n|-singleturn|p2b: Ursaluna|Protect\n|move|p1b: Ogerpon|Ivy Cudgel|p2b: Ursaluna|[anim] Ivy Cudgel Water\n|-activate|p2b: Ursaluna|move: Protect\n|move|p1a: Arcanine|Flare Blitz|p2b: Ursaluna\n|-activate|p2b: Ursaluna|move: Protect\n|move|p2a: Dusclops|Trick Room|p2a: Dusclops\n|-fieldstart|move: Trick Room|[of] p2a: Dusclops\n|\n|-heal|p2a: Dusclops|100\/100|[from] Grassy Terrain\n|-heal|p1a: Arcanine|37\/100|[from] Grassy Terrain\n|upkeep\n|turn|10\n|c|\u2606FearZero|double protect mash\n|\n|t:|1700072117\n|move|p2a: Dusclops|Helping Hand|p2b: Ursaluna\n|-singleturn|p2b: Ursaluna|Helping Hand|[of] p2a: Dusclops\n|move|p2b: Ursaluna|Hyper Voice|p1b: Ogerpon|[spread] p1a,p1b\n|-resisted|p1a: Arcanine\n|-damage|p1a: Arcanine|0 fnt\n|-damage|p1b: Ogerpon|20\/100\n|faint|p1a: Arcanine\n|move|p1b: Ogerpon|Ivy Cudgel|p2b: Ursaluna|[anim] Ivy Cudgel Water\n|-supereffective|p2b: Ursaluna\n|-damage|p2b: Ursaluna|0 fnt\n|faint|p2b: Ursaluna\n|\n|-heal|p1b: Ogerpon|26\/100|[from] Grassy Terrain\n|-fieldend|move: Grassy Terrain\n|upkeep\n|turn|11\n|c|\u2606TestJay|Someimes you gotta click it\n|c|\u2606TestJay|*Sometimes\n|\n|t:|1700072135\n|move|p2a: Dusclops|Night Shade|p1b: Ogerpon\n|-damage|p1b: Ogerpon|0 fnt\n|faint|p1b: Ogerpon\n|\n|win|TestJay\n|raw|FearZero's rating: 1320 &rarr; <strong>1301<\/strong><br \/>(-19 for losing)\n|raw|TestJay's rating: 1346 &rarr; <strong>1365<\/strong><br \/>(+19 for winning)\n|c|\u2606TestJay|gg\n","uploadtime":1700072141,"views":17,"p1id":"fearzero","p2id":"testjay","formatid":"gen9vgc2023regulatione","rating":1301,"private":0,"password":""}