{"id":"gen9vgc2023regulatione-1997439698","p1":"ControlForTheWin","p2":"King_Rexal","format":"[Gen 9] VGC 2023 Regulation E","log":"|j|\u2606ControlForTheWin\n|j|\u2606King_Rexal\n|t:|1700805462\n|gametype|doubles\n|player|p1|ControlForTheWin|101|1194\n|player|p2|King_Rexal|ghetsis|1244\n|teamsize|p1|6\n|teamsize|p2|6\n|gen|9\n|tier|[Gen 9] VGC 2023 Regulation E\n|rated|\n|rule|Species Clause: Limit one of each Pok\u00e9mon\n|rule|Item Clause: Limit one of each item\n|clearpoke\n|poke|p1|Armarouge, L50, F|\n|poke|p1|Indeedee-F, L50, F|\n|poke|p1|Urshifu-*, L50, M|\n|poke|p1|Ursaluna, L50, F|\n|poke|p1|Lilligant-Hisui, L50, F|\n|poke|p1|Torkoal, L50, F|\n|poke|p2|Urshifu-*, L50, M|\n|poke|p2|Tornadus, L50, M|\n|poke|p2|Arcanine-Hisui, L50, F|\n|poke|p2|Chien-Pao, L50|\n|poke|p2|Amoonguss, L50, M|\n|poke|p2|Iron Hands, L50|\n|teampreview|4\nControlForTheWin rejected open team sheets.\n|\n|t:|1700805513\n|start\n|switch|p1a: Lilligant|Lilligant-Hisui, L50, F|100\/100\n|switch|p1b: Torkoal|Torkoal, L50, F|100\/100\n|switch|p2a: Arcanine|Arcanine-Hisui, L50, F|100\/100\n|switch|p2b: Among Us|Amoonguss, L50, M|100\/100\n|-ability|p2a: Arcanine|Intimidate|boost\n|-unboost|p1a: Lilligant|atk|1\n|-unboost|p1b: Torkoal|atk|1\n|-weather|SunnyDay|[from] ability: Drought|[of] p1b: Torkoal\n|turn|1\n|inactive|Battle timer is ON: inactive players will automatically lose when time's up. (requested by ControlForTheWin)\n|\n|t:|1700805548\n|-terastallize|p2b: Among Us|Fire\n|move|p1a: Lilligant|After You|p1b: Torkoal\n|-activate|p1b: Torkoal|move: After You\n|move|p1b: Torkoal|Eruption|p2a: Arcanine|[spread] p2a,p2b\n|-resisted|p2a: Arcanine\n|-crit|p2a: Arcanine\n|-resisted|p2b: Among Us\n|-damage|p2a: Arcanine|66\/100\n|-damage|p2b: Among Us|70\/100\n|move|p2a: Arcanine|Rock Slide|p1a: Lilligant|[spread] p1a,p1b\n|-resisted|p1a: Lilligant\n|-supereffective|p1b: Torkoal\n|-damage|p1a: Lilligant|69\/100\n|-damage|p1b: Torkoal|29\/100\n|move|p2b: Among Us|Spore|p1b: Torkoal\n|-status|p1b: Torkoal|slp|[from] move: Spore\n|\n|-weather|SunnyDay|[upkeep]\n|upkeep\n|turn|2\n|inactive|ControlForTheWin has 30 seconds left.\n|\n|t:|1700805574\n|move|p1a: Lilligant|Sleep Powder|p2a: Arcanine\n|-status|p2a: Arcanine|slp|[from] move: Sleep Powder\n|cant|p2a: Arcanine|slp\n|move|p2b: Among Us|Pollen Puff|p2a: Arcanine\n|-heal|p2a: Arcanine|100\/100 slp\n|cant|p1b: Torkoal|slp\n|\n|-weather|SunnyDay|[upkeep]\n|upkeep\n|turn|3\n|\n|t:|1700805589\n|switch|p1b: Ursaluna|Ursaluna, L50, F|100\/100\n|move|p2b: Among Us|Protect|p2b: Among Us\n|-singleturn|p2b: Among Us|Protect\n|move|p1a: Lilligant|Sleep Powder|p2b: Among Us\n|-activate|p2b: Among Us|move: Protect\n|cant|p2a: Arcanine|slp\n|\n|-weather|SunnyDay|[upkeep]\n|-status|p1b: Ursaluna|brn|[from] item: Flame Orb\n|upkeep\n|turn|4\n|\n|t:|1700805611\n|switch|p2a: Chien-Pao|Chien-Pao, L50|100\/100\n|-ability|p2a: Chien-Pao|Sword of Ruin\n|move|p2b: Among Us|Protect||[still]\n|-fail|p2b: Among Us\n|move|p1a: Lilligant|After You|p1b: Ursaluna\n|-activate|p1b: Ursaluna|move: After You\n|move|p1b: Ursaluna|Facade|p2b: Among Us\n|-damage|p2b: Among Us|0 fnt\n|faint|p2b: Among Us\n|\n|-weather|SunnyDay|[upkeep]\n|-damage|p1b: Ursaluna|95\/100 brn|[from] brn\n|upkeep\n|\n|t:|1700805624\n|switch|p2b: Arcanine|Arcanine-Hisui, L50, F|100\/100 slp\n|-ability|p2b: Arcanine|Intimidate|boost\n|-unboost|p1a: Lilligant|atk|1\n|-unboost|p1b: Ursaluna|atk|1\n|turn|5\n|\n|t:|1700805637\n|switch|p1b: Urshifu|Urshifu, L50, M|100\/100\n|move|p2a: Chien-Pao|Protect|p2a: Chien-Pao\n|-singleturn|p2a: Chien-Pao|Protect\n|move|p1a: Lilligant|Sleep Powder|p2a: Chien-Pao\n|-activate|p2a: Chien-Pao|move: Protect\n|cant|p2b: Arcanine|slp\n|\n|-weather|none\n|upkeep\n|turn|6\n|inactive|ControlForTheWin has 30 seconds left.\n|\n|t:|1700805669\n|move|p1b: Urshifu|U-turn|p2a: Chien-Pao\n|-supereffective|p2a: Chien-Pao\n|-damage|p2a: Chien-Pao|25\/100\n|\n|t:|1700805675\n|switch|p1b: Torkoal|Torkoal, L50, F|29\/100 slp|[from] U-turn\n|-weather|SunnyDay|[from] ability: Drought|[of] p1b: Torkoal\n|move|p1a: Lilligant|Sleep Powder|p2a: Chien-Pao\n|-status|p2a: Chien-Pao|slp|[from] move: Sleep Powder\n|cant|p2a: Chien-Pao|slp\n|-curestatus|p2b: Arcanine|slp|[msg]\n|move|p2b: Arcanine|Flare Blitz|p1b: Torkoal\n|-resisted|p1b: Torkoal\n|-damage|p1b: Torkoal|0 fnt\n|faint|p1b: Torkoal\n|-damage|p2b: Arcanine|92\/100|[from] Recoil\n|\n|-weather|SunnyDay|[upkeep]\n|upkeep\n|\n|t:|1700805682\n|switch|p1b: Urshifu|Urshifu, L50, M|100\/100\n|turn|7\n|\n|t:|1700805698\n|move|p1a: Lilligant|Sleep Powder|p2b: Arcanine\n|-status|p2b: Arcanine|slp|[from] move: Sleep Powder\n|move|p1b: Urshifu|U-turn|p2a: Chien-Pao\n|-supereffective|p2a: Chien-Pao\n|-damage|p2a: Chien-Pao|0 fnt\n|faint|p2a: Chien-Pao\n|\n|t:|1700805701\n|switch|p1b: Ursaluna|Ursaluna, L50, F|95\/100 brn|[from] U-turn\n|cant|p2b: Arcanine|slp\n|\n|-weather|SunnyDay|[upkeep]\n|-damage|p1b: Ursaluna|89\/100 brn|[from] brn\n|upkeep\n|\n|t:|1700805708\n|switch|p2a: Teddy|Urshifu-Rapid-Strike, L50, M|100\/100\n|turn|8\n|-message|King_Rexal forfeited.\n|\n|win|ControlForTheWin\n|raw|ControlForTheWin's rating: 1194 &rarr; <strong>1223<\/strong><br \/>(+29 for winning)\n|raw|King_Rexal's rating: 1244 &rarr; <strong>1215<\/strong><br \/>(-29 for losing)\n|l|\u2606King_Rexal\n","uploadtime":1700805723,"views":5,"p1id":"controlforthewin","p2id":"kingrexal","formatid":"gen9vgc2023regulatione","rating":1215,"private":0,"password":""}