{"id":"gen9vgc2023regulatione-1993065827","p1":"Potatochip12","p2":"luk29powavgcwp","format":"[Gen 9] VGC 2023 Regulation E","log":"|j|\u2606Potatochip12\n|j|\u2606luk29powavgcwp\n|t:|1700260894\n|gametype|doubles\n|player|p1|Potatochip12|blue|1034\n|player|p2|luk29powavgcwp|102|1109\n|teamsize|p1|6\n|teamsize|p2|6\n|gen|9\n|tier|[Gen 9] VGC 2023 Regulation E\n|rated|\n|rule|Species Clause: Limit one of each Pok\u00e9mon\n|rule|Item Clause: Limit one of each item\n|clearpoke\n|poke|p1|Ogerpon-Wellspring, L50, F|\n|poke|p1|Landorus-Therian, L50, M|\n|poke|p1|Dragonite, L50, M|\n|poke|p1|Iron Hands, L50|\n|poke|p1|Tornadus, L50, M|\n|poke|p1|Urshifu-*, L50, M|\n|poke|p2|Weezing, L50, M|\n|poke|p2|Slaking, L50, F|\n|poke|p2|Sinistcha-Masterpiece, L50|\n|poke|p2|Dragonite, L50, F|\n|poke|p2|Landorus-Therian, L50, M|\n|poke|p2|Chien-Pao, L50|\n|teampreview|4\n|inactive|Battle timer is ON: inactive players will automatically lose when time's up. (requested by luk29powavgcwp)\n|\n|t:|1700260981\n|start\n|switch|p1a: Tornadus|Tornadus, L50, M, shiny|100\/100\n|switch|p1b: Urshifu|Urshifu-Rapid-Strike, L50, M|100\/100\n|switch|p2a: Landorus|Landorus-Therian, L50, M|100\/100\n|switch|p2b: Slaking|Slaking, L50, F|100\/100\n|-ability|p2a: Landorus|Intimidate|boost\n|-unboost|p1a: Tornadus|atk|1\n|-unboost|p1b: Urshifu|atk|1\n|turn|1\n|inactive|luk29powavgcwp has 30 seconds left.\n|inactive|Potatochip12 has 30 seconds left.\n|\n|t:|1700261017\n|switch|p1b: Landorus|Landorus-Therian, L50, M, shiny|100\/100\n|-ability|p1b: Landorus|Intimidate|boost\n|-unboost|p2a: Landorus|atk|1\n|-unboost|p2b: Slaking|atk|1\n|-terastallize|p2b: Slaking|Fairy\n|move|p1a: Tornadus|Rain Dance|p1a: Tornadus\n|-weather|RainDance\n|move|p2a: Landorus|U-turn|p1b: Landorus\n|-resisted|p1b: Landorus\n|-damage|p1b: Landorus|92\/100\n|\n|t:|1700261030\n|switch|p2a: Chien-Pao|Chien-Pao, L50|100\/100|[from] U-turn\n|-ability|p2a: Chien-Pao|Sword of Ruin\n|move|p2b: Slaking|Body Slam|p1a: Tornadus\n|-damage|p1a: Tornadus|26\/100\n|\n|-weather|RainDance|[upkeep]\n|upkeep\n|turn|2\n|inactive|luk29powavgcwp has 30 seconds left.\n|\n|t:|1700261063\n|switch|p2b: Weezing|Weezing, L50, M|100\/100\n|-ability|p2b: Weezing|Neutralizing Gas\n|-terastallize|p1b: Landorus|Steel\n|move|p2a: Chien-Pao|Icicle Crash|p1b: Landorus\n|-resisted|p1b: Landorus\n|-damage|p1b: Landorus|67\/100\n|move|p1a: Tornadus|Tailwind|p1a: Tornadus\n|-sidestart|p1: Potatochip12|move: Tailwind\n|move|p1b: Landorus|Rock Slide|p2b: Weezing|[spread] p2a,p2b\n|-supereffective|p2a: Chien-Pao\n|-damage|p2a: Chien-Pao|32\/100\n|-damage|p2b: Weezing|80\/100\n|\n|-weather|RainDance|[upkeep]\n|-heal|p2b: Weezing|86\/100|[from] item: Leftovers\n|upkeep\n|turn|3\n|inactive|Potatochip12 has 30 seconds left.\n|inactive|luk29powavgcwp has 30 seconds left.\n|inactive|Potatochip12 has 20 seconds left.\n|\n|t:|1700261102\n|move|p1a: Tornadus|Bleakwind Storm|p2b: Weezing|[spread] p2a,p2b\n|-damage|p2a: Chien-Pao|0 fnt\n|-damage|p2b: Weezing|49\/100\n|-unboost|p2b: Weezing|spe|1\n|faint|p2a: Chien-Pao\n|move|p1b: Landorus|Hammer Arm|p2b: Weezing\n|-resisted|p2b: Weezing\n|-damage|p2b: Weezing|29\/100\n|-unboost|p1b: Landorus|spe|1\n|move|p2b: Weezing|Will-O-Wisp|p1b: Landorus\n|-status|p1b: Landorus|brn\n|\n|-weather|RainDance|[upkeep]\n|-heal|p2b: Weezing|35\/100|[from] item: Leftovers\n|-damage|p1b: Landorus|60\/100 brn|[from] brn\n|upkeep\n|\n|t:|1700261127\n|switch|p2a: Landorus|Landorus-Therian, L50, M|100\/100\n|turn|4\n|\n|t:|1700261151\n|switch|p1a: Ogerpon|Ogerpon-Wellspring, L50, F|100\/100\n|move|p2b: Weezing|Protect|p2b: Weezing\n|-singleturn|p2b: Weezing|Protect\n|move|p2a: Landorus|U-turn|p1a: Ogerpon\n|-supereffective|p1a: Ogerpon\n|-damage|p1a: Ogerpon|26\/100\n|\n|t:|1700261160\n|switch|p2a: Slaking|Slaking, L50, F, tera:Fairy|100\/100|[from] U-turn\n|move|p1b: Landorus|Rock Slide|p2a: Slaking|[spread] p2a\n|-activate|p2b: Weezing|move: Protect\n|-damage|p2a: Slaking|91\/100\n|\n|-weather|RainDance|[upkeep]\n|-heal|p2b: Weezing|41\/100|[from] item: Leftovers\n|-damage|p1b: Landorus|54\/100 brn|[from] brn\n|upkeep\n|turn|5\n|inactive|luk29powavgcwp has 30 seconds left.\n|inactive|luk29powavgcwp has 20 seconds left.\n|inactive|luk29powavgcwp has 15 seconds left.\n|inactive|luk29powavgcwp has 10 seconds left.\n|inactive|luk29powavgcwp has 5 seconds left.\n|\n|t:|1700261210\n|-end|p2b: Weezing|ability: Neutralizing Gas\n|-ability|p1b: Landorus|Intimidate|boost\n|-unboost|p2a: Slaking|atk|1\n|-unboost|p2b: Weezing|atk|1\n|switch|p2b: Landorus|Landorus-Therian, L50, M|100\/100\n|-ability|p2b: Landorus|Intimidate|boost\n|-unboost|p1a: Ogerpon|atk|1\n|-unboost|p1b: Landorus|atk|1\n|move|p2a: Slaking|Sucker Punch|p1a: Ogerpon\n|-damage|p1a: Ogerpon|0 fnt\n|faint|p1a: Ogerpon\n|move|p1b: Landorus|Hammer Arm|p2a: Slaking\n|-resisted|p2a: Slaking\n|-damage|p2a: Slaking|85\/100\n|-unboost|p1b: Landorus|spe|1\n|\n|-weather|none\n|-damage|p1b: Landorus|48\/100 brn|[from] brn\n|-sideend|p1: Potatochip12|move: Tailwind\n|upkeep\n|\n|t:|1700261223\n|switch|p1a: Urshifu|Urshifu-Rapid-Strike, L50, M|100\/100\n|turn|6\n|inactive|Potatochip12 has 30 seconds left.\n|inactive|luk29powavgcwp has 30 seconds left.\n|inactive|luk29powavgcwp has 20 seconds left.\n|\n|t:|1700261259\n|switch|p2a: Weezing|Weezing, L50, M|41\/100\n|-ability|p2a: Weezing|Neutralizing Gas\n|move|p2b: Landorus|U-turn|p1a: Urshifu\n|-resisted|p1a: Urshifu\n|-damage|p1a: Urshifu|87\/100\n|\n|t:|1700261266\n|switch|p2b: Slaking|Slaking, L50, F, tera:Fairy|85\/100|[from] U-turn\n|move|p1a: Urshifu|Surging Strikes|p2b: Slaking\n|-crit|p2b: Slaking\n|-damage|p2b: Slaking|66\/100\n|-crit|p2b: Slaking\n|-damage|p2b: Slaking|48\/100\n|-crit|p2b: Slaking\n|-damage|p2b: Slaking|29\/100\n|-hitcount|p2b: Slaking|3\n|move|p1b: Landorus|Hammer Arm|p2a: Weezing\n|-resisted|p2a: Weezing\n|-damage|p2a: Weezing|35\/100\n|-unboost|p1b: Landorus|spe|1\n|\n|-heal|p2a: Weezing|41\/100|[from] item: Leftovers\n|-damage|p1b: Landorus|42\/100 brn|[from] brn\n|upkeep\n|turn|7\n|inactive|luk29powavgcwp has 30 seconds left.\n|inactive|luk29powavgcwp has 20 seconds left.\n|inactive|luk29powavgcwp has 15 seconds left.\n|inactive|luk29powavgcwp has 10 seconds left.\n|\n|t:|1700261313\n|switch|p1a: Tornadus|Tornadus, L50, M, shiny|26\/100\n|move|p2b: Slaking|Body Slam|p1a: Tornadus\n|-damage|p1a: Tornadus|0 fnt\n|faint|p1a: Tornadus\n|move|p2a: Weezing|Will-O-Wisp|p1b: Landorus\n|-fail|p1b: Landorus|brn\n|move|p1b: Landorus|Rock Slide|p2b: Slaking|[spread] p2a,p2b\n|-crit|p2a: Weezing\n|-damage|p2a: Weezing|25\/100\n|-damage|p2b: Slaking|23\/100\n|\n|-heal|p2a: Weezing|31\/100|[from] item: Leftovers\n|-damage|p1b: Landorus|36\/100 brn|[from] brn\n|upkeep\n|\n|t:|1700261326\n|switch|p1a: Urshifu|Urshifu-Rapid-Strike, L50, M|87\/100\n|turn|8\n|\n|t:|1700261351\n|move|p1a: Urshifu|Swords Dance|p1a: Urshifu\n|-boost|p1a: Urshifu|atk|2\n|move|p2b: Slaking|Body Slam|p1a: Urshifu\n|-damage|p1a: Urshifu|28\/100\n|move|p2a: Weezing|Will-O-Wisp|p1a: Urshifu\n|-status|p1a: Urshifu|brn\n|move|p1b: Landorus|Hammer Arm|p2b: Slaking|[miss]\n|-miss|p1b: Landorus|p2b: Slaking\n|\n|-heal|p2a: Weezing|37\/100|[from] item: Leftovers\n|-damage|p1a: Urshifu|22\/100 brn|[from] brn\n|-damage|p1b: Landorus|30\/100 brn|[from] brn\n|upkeep\n|turn|9\n|inactive|Potatochip12 has 30 seconds left.\n|inactive|luk29powavgcwp has 30 seconds left.\n|inactive|luk29powavgcwp has 20 seconds left.\n|\n|t:|1700261389\n|-end|p2a: Weezing|ability: Neutralizing Gas\n|-ability|p1b: Landorus|Intimidate|boost\n|-unboost|p2a: Weezing|atk|1\n|-unboost|p2b: Slaking|atk|1\n|switch|p2a: Landorus|Landorus-Therian, L50, M|100\/100\n|-ability|p2a: Landorus|Intimidate|boost\n|-unboost|p1a: Urshifu|atk|1\n|-unboost|p1b: Landorus|atk|1\n|move|p1a: Urshifu|Detect|p1a: Urshifu\n|-singleturn|p1a: Urshifu|Protect\n|move|p2b: Slaking|Sucker Punch||[still]\n|-fail|p2b: Slaking\n|move|p1b: Landorus|Earthquake|p2b: Slaking|[spread] p2b\n|-activate|p1a: Urshifu|move: Protect\n|-immune|p2a: Landorus\n|-damage|p2b: Slaking|13\/100\n|\n|-damage|p1a: Urshifu|15\/100 brn|[from] brn\n|-damage|p1b: Landorus|24\/100 brn|[from] brn\n|upkeep\n|turn|10\n|inactive|luk29powavgcwp has 30 seconds left.\n|\n|t:|1700261421\n|cant|p2b: Slaking|ability: Truant\n|move|p2a: Landorus|U-turn|p1a: Urshifu\n|-resisted|p1a: Urshifu\n|-damage|p1a: Urshifu|3\/100 brn\n|\n|t:|1700261426\n|switch|p2a: Weezing|Weezing, L50, M|37\/100|[from] U-turn\n|-ability|p2a: Weezing|Neutralizing Gas\n|move|p1a: Urshifu|Surging Strikes|p2a: Weezing\n|-crit|p2a: Weezing\n|-damage|p2a: Weezing|23\/100\n|-crit|p2a: Weezing\n|-damage|p2a: Weezing|8\/100\n|-crit|p2a: Weezing\n|-damage|p2a: Weezing|0 fnt\n|faint|p2a: Weezing\n|-end|p2a: Weezing|ability: Neutralizing Gas\n|-ability|p1b: Landorus|Intimidate|boost\n|-unboost|p2b: Slaking|atk|1\n|-hitcount|p2: Weezing|3\n|move|p1b: Landorus|Hammer Arm|p2b: Slaking\n|-resisted|p2b: Slaking\n|-damage|p2b: Slaking|9\/100\n|-unboost|p1b: Landorus|spe|1\n|\n|-damage|p1a: Urshifu|0 fnt|[from] brn\n|faint|p1a: Urshifu\n|-damage|p1b: Landorus|18\/100 brn|[from] brn\n|upkeep\n|-message|Potatochip12 forfeited.\n|\n|win|luk29powavgcwp\n|raw|Potatochip12's rating: 1034 &rarr; <strong>1022<\/strong><br \/>(-12 for losing)\n|raw|luk29powavgcwp's rating: 1109 &rarr; <strong>1129<\/strong><br \/>(+20 for winning)\n|l|\u2606Potatochip12\n","uploadtime":1700261456,"views":11,"p1id":"potatochip12","p2id":"luk29powavgcwp","formatid":"gen9vgc2023regulatione","rating":1022,"private":0,"password":""}