{"id":"gen9vgc2023regulatione-1994451371","p1":"Umbrian","p2":"xCoolio","format":"[Gen 9] VGC 2023 Regulation E","log":"|j|\u2606Umbrian\n|j|\u2606xCoolio\n|n|\u2606Umbrian|umbrian\n|n|\u2606xCoolio|xcoolio\n|html|View the match progress at <a href=\"\/game-bestof3-gen9vgc2023regulatione-1994448818\">game-bestof3-gen9vgc2023regulatione-1994448818<\/a>\n|t:|1700445432\n|gametype|doubles\n|player|p1|Umbrian|adaman|\n|player|p2|xCoolio|169|\n|teamsize|p1|6\n|teamsize|p2|6\n|gen|9\n|tier|[Gen 9] VGC 2023 Regulation E\n|rule|Species Clause: Limit one of each Pok\u00e9mon\n|rule|Item Clause: Limit one of each item\n|clearpoke\n|poke|p1|Weezing-Galar, L50, M|\n|poke|p1|Grafaiai, L50, M|\n|poke|p1|Flareon, L50, M|\n|poke|p1|Weavile, L50, F|\n|poke|p1|Squawkabilly, L50, F|\n|poke|p1|Toedscool, L50, M|\n|poke|p2|Dugtrio, L50, F|\n|poke|p2|Orthworm, L50, F|\n|poke|p2|Wigglytuff, L50, M|\n|poke|p2|Trevenant, L50, M|\n|poke|p2|Mismagius, L50, F|\n|poke|p2|Pawmo, L50, M|\n|teampreview|4\n|\n|t:|1700445470\n|start\n|switch|p1a: Flareon|Flareon, L50, M|100\/100\n|switch|p1b: Grafaiai|Grafaiai, L50, M|100\/100\n|switch|p2a: Trevenant|Trevenant, L50, M|100\/100\n|switch|p2b: Dugtrio|Dugtrio, L50, F|100\/100\n|turn|1\n|\n|t:|1700445593\n|-terastallize|p2a: Trevenant|Water\n|move|p1b: Grafaiai|Parting Shot|p2b: Dugtrio\n|-unboost|p2b: Dugtrio|atk|1\n|-unboost|p2b: Dugtrio|spa|1\n|j| Memes4.0\n|\n|t:|1700445598\n|switch|p1b: Squawkabilly|Squawkabilly, L50, F|100\/100|[from] Parting Shot\n|-ability|p1b: Squawkabilly|Intimidate|boost\n|-unboost|p2a: Trevenant|atk|1\n|-unboost|p2b: Dugtrio|atk|1\n|move|p1a: Flareon|Flare Blitz|p2a: Trevenant\n|-resisted|p2a: Trevenant\n|-damage|p2a: Trevenant|66\/100\n|-damage|p1a: Flareon|85\/100|[from] Recoil\n|move|p2b: Dugtrio|Earthquake|p1b: Squawkabilly|[spread] p2a,p1a\n|-immune|p1b: Squawkabilly\n|-supereffective|p1a: Flareon\n|-damage|p2a: Trevenant|46\/100\n|-damage|p1a: Flareon|28\/100\n|-enditem|p2a: Trevenant|Sitrus Berry|[eat]\n|-heal|p2a: Trevenant|70\/100|[from] item: Sitrus Berry\n|move|p2a: Trevenant|Trick Room|p2a: Trevenant\n|-fieldstart|move: Trick Room|[of] p2a: Trevenant\n|\n|upkeep\n|turn|2\n|\n|t:|1700445625\n|move|p2a: Trevenant|Poltergeist|p1a: Flareon\n|-activate|p1a: Flareon|move: Poltergeist|Choice Scarf\n|-damage|p1a: Flareon|0 fnt\n|faint|p1a: Flareon\n|move|p1b: Squawkabilly|U-turn|p2b: Dugtrio\n|-damage|p2b: Dugtrio|59\/100\n|\n|t:|1700445635\n|switch|p1b: Grafaiai|Grafaiai, L50, M|100\/100|[from] U-turn\n|move|p2b: Dugtrio|Memento|p1b: Grafaiai\n|-unboost|p1b: Grafaiai|atk|2\n|-unboost|p1b: Grafaiai|spa|2\n|faint|p2b: Dugtrio\n|\n|-item|p2a: Trevenant|Sitrus Berry|[from] ability: Harvest\n|upkeep\n|\n|t:|1700445651\n|switch|p1a: Squawkabilly|Squawkabilly, L50, F|100\/100\n|switch|p2b: Orthworm|Orthworm, L50, F|100\/100\n|-ability|p1a: Squawkabilly|Intimidate|boost\n|-unboost|p2a: Trevenant|atk|1\n|-unboost|p2b: Orthworm|atk|1\n|turn|3\n|\n|t:|1700445751\n|switch|p2a: Pawmo|Pawmo, L50, M|100\/100\n|move|p2b: Orthworm|Iron Defense|p2b: Orthworm\n|-boost|p2b: Orthworm|def|2\n|-enditem|p1b: Grafaiai|Mirror Herb\n|-boost|p1b: Grafaiai|def|2|[from] item: Mirror Herb\n|move|p1a: Squawkabilly|Final Gambit|p2b: Orthworm\n|-damage|p2b: Orthworm|0 fnt\n|faint|p1a: Squawkabilly\n|faint|p2b: Orthworm\n|move|p1b: Grafaiai|Knock Off|p2a: Pawmo\n|-resisted|p2a: Pawmo\n|-damage|p2a: Pawmo|89\/100\n|-enditem|p2a: Pawmo|Assault Vest|[from] move: Knock Off|[of] p1b: Grafaiai\n|\n|upkeep\n|\n|t:|1700445763\n|switch|p2b: Trevenant|Trevenant, L50, M, tera:Water|70\/100\n|switch|p1a: Weavile|Weavile, L50, F|100\/100\n|-ability|p1a: Weavile|Pressure\n|turn|4\n|c|\u2606Umbrian|av over evio :flushed:\n|c|\u2606xCoolio|Im bold\n|\n|t:|1700445837\n|-terastallize|p1a: Weavile|Ghost\n|move|p2a: Pawmo|Fake Out|p1a: Weavile\n|-immune|p1a: Weavile\n|move|p1b: Grafaiai|Parting Shot|p2b: Trevenant\n|-unboost|p2b: Trevenant|atk|1\n|-unboost|p2b: Trevenant|spa|1\n|move|p2b: Trevenant|Horn Leech|p1a: Weavile\n|-damage|p1a: Weavile|66\/100\n|-heal|p2b: Trevenant|84\/100|[from] drain|[of] p1a: Weavile\n|move|p1a: Weavile|Knock Off|p2b: Trevenant\n|-crit|p2b: Trevenant\n|-damage|p2b: Trevenant|0 fnt\n|-enditem|p2b: Trevenant|Sitrus Berry|[from] move: Knock Off|[of] p1a: Weavile\n|faint|p2b: Trevenant\n|\n|upkeep\n|turn|5\n|\n|t:|1700445861\n|move|p2a: Pawmo|Knock Off|p1a: Weavile\n|-supereffective|p1a: Weavile\n|-damage|p1a: Weavile|0 fnt\n|-enditem|p1a: Weavile|Choice Band|[from] move: Knock Off|[of] p2a: Pawmo\n|faint|p1a: Weavile\n|move|p1b: Grafaiai|Sludge Bomb|p2a: Pawmo\n|-damage|p2a: Pawmo|48\/100\n|\n|-fieldend|move: Trick Room\n|upkeep\n|turn|6\n|\n|t:|1700445873\n|move|p1b: Grafaiai|Sludge Bomb|p2a: Pawmo\n|-damage|p2a: Pawmo|5\/100\n|move|p2a: Pawmo|Super Fang|p1b: Grafaiai|[miss]\n|-miss|p2a: Pawmo|p1b: Grafaiai\n|\n|upkeep\n|turn|7\n|\n|t:|1700445878\n|move|p1b: Grafaiai|Sludge Bomb|p2a: Pawmo\n|-crit|p2a: Pawmo\n|-damage|p2a: Pawmo|0 fnt\n|faint|p2a: Pawmo\n|\n|win|Umbrian\n|c|\u2606xCoolio|ggs\n|c|\u2606Umbrian|ggs!\n|l|\u2606xCoolio\n|l| Memes4.0\n","uploadtime":1700445955,"views":7,"p1id":"umbrian","p2id":"xcoolio","formatid":"gen9vgc2023regulatione","rating":0,"private":0,"password":""}