{"id":"gen9vgc2023regulatione-1999105531","p1":"galgith","p2":"townlol","format":"[Gen 9] VGC 2023 Regulation E","log":"|j|\u2606galgith\n|j|\u2606townlol\n|t:|1701033708\n|gametype|doubles\n|player|p1|galgith|steven|1050\n|player|p2|townlol|hilbert|1107\n|teamsize|p1|6\n|teamsize|p2|6\n|gen|9\n|tier|[Gen 9] VGC 2023 Regulation E\n|rated|\n|rule|Species Clause: Limit one of each Pok\u00e9mon\n|rule|Item Clause: Limit one of each item\n|clearpoke\n|poke|p1|Flutter Mane, L50|\n|poke|p1|Iron Hands, L50|\n|poke|p1|Chien-Pao, L50|\n|poke|p1|Dragapult, L50, M|\n|poke|p1|Ogerpon-Wellspring, L50, F|\n|poke|p1|Amoonguss, L50, M|\n|poke|p2|Typhlosion-Hisui, L50, M|\n|poke|p2|Torkoal, L50, F|\n|poke|p2|Rillaboom, L50, F|\n|poke|p2|Flutter Mane, L50|\n|poke|p2|Landorus-Therian, L50, M|\n|poke|p2|Amoonguss, L50, M|\n|teampreview|4\n|inactive|Battle timer is ON: inactive players will automatically lose when time's up. (requested by townlol)\n|\n|t:|1701033735\n|start\n|switch|p1a: Ogerpon|Ogerpon-Wellspring, L50, F|100\/100\n|switch|p1b: Dragapult|Dragapult, L50, M|100\/100\n|switch|p2a: Typhlosion|Typhlosion-Hisui, L50, M|100\/100\n|switch|p2b: Torkoal|Torkoal, L50, F|100\/100\n|-weather|SunnyDay|[from] ability: Drought|[of] p2b: Torkoal\n|turn|1\n|inactive|galgith has 30 seconds left.\n|inactive|galgith has 20 seconds left.\n|\n|t:|1701033774\n|switch|p2a: Amoonguss|Amoonguss, L50, M|100\/100\n|move|p1a: Ogerpon|Spiky Shield|p1a: Ogerpon\n|-singleturn|p1a: Ogerpon|move: Protect\n|move|p2b: Torkoal|Protect|p2b: Torkoal\n|-singleturn|p2b: Torkoal|Protect\n|move|p1b: Dragapult|Phantom Force||[still]\n|-prepare|p1b: Dragapult|Phantom Force\n|\n|-weather|SunnyDay|[upkeep]\n|upkeep\n|turn|2\n|\n|t:|1701033798\n|-terastallize|p2b: Torkoal|Grass\n|move|p1b: Dragapult|Phantom Force|p2a: Amoonguss|[from]lockedmove\n|-damage|p2a: Amoonguss|46\/100\n|-damage|p1b: Dragapult|84\/100|[from] item: Rocky Helmet|[of] p2a: Amoonguss\n|move|p1a: Ogerpon|Ivy Cudgel|p2b: Torkoal|[anim] Ivy Cudgel Water\n|-resisted|p2b: Torkoal\n|-damage|p2b: Torkoal|90\/100\n|move|p2a: Amoonguss|Spore|p1a: Ogerpon\n|-immune|p1a: Ogerpon\n|move|p2b: Torkoal|Earth Power|p1b: Dragapult\n|-damage|p1b: Dragapult|50\/100\n|\n|-weather|SunnyDay|[upkeep]\n|upkeep\n|turn|3\n|inactive|galgith has 30 seconds left.\n|inactive|townlol has 30 seconds left.\n|\n|t:|1701033828\n|switch|p2a: Typhlosion|Typhlosion-Hisui, L50, M|100\/100\n|move|p1a: Ogerpon|Spiky Shield|p1a: Ogerpon\n|-singleturn|p1a: Ogerpon|move: Protect\n|move|p1b: Dragapult|Phantom Force||[still]\n|-prepare|p1b: Dragapult|Phantom Force\n|move|p2b: Torkoal|Eruption|p1a: Ogerpon|[spread] \n|-miss|p2b: Torkoal|p1b: Dragapult\n|-activate|p1a: Ogerpon|move: Protect\n|\n|-weather|SunnyDay|[upkeep]\n|upkeep\n|turn|4\n|\n|t:|1701033844\n|switch|p2a: Amoonguss|Amoonguss, L50, M|79\/100\n|move|p1b: Dragapult|Phantom Force|p2b: Torkoal|[from]lockedmove\n|-damage|p2b: Torkoal|36\/100\n|-enditem|p2b: Torkoal|Sitrus Berry|[eat]\n|-heal|p2b: Torkoal|60\/100|[from] item: Sitrus Berry\n|move|p1a: Ogerpon|Ivy Cudgel|p2a: Amoonguss|[anim] Ivy Cudgel Water\n|-resisted|p2a: Amoonguss\n|-damage|p2a: Amoonguss|67\/100\n|move|p2b: Torkoal|Eruption|p1a: Ogerpon|[spread] p1a,p1b\n|-resisted|p1b: Dragapult\n|-damage|p1a: Ogerpon|46\/100\n|-damage|p1b: Dragapult|19\/100\n|\n|-weather|SunnyDay|[upkeep]\n|upkeep\n|turn|5\n|inactive|galgith has 30 seconds left.\n|inactive|townlol has 30 seconds left.\n|\n|t:|1701033873\n|move|p1a: Ogerpon|Spiky Shield|p1a: Ogerpon\n|-singleturn|p1a: Ogerpon|move: Protect\n|move|p2b: Torkoal|Protect|p2b: Torkoal\n|-singleturn|p2b: Torkoal|Protect\n|move|p1b: Dragapult|Phantom Force||[still]\n|-prepare|p1b: Dragapult|Phantom Force\n|move|p2a: Amoonguss|Pollen Puff|p2b: Torkoal\n|-activate|p2b: Torkoal|move: Protect\n|\n|-weather|none\n|upkeep\n|turn|6\n|\n|t:|1701033895\n|switch|p1a: Romano Prodi|Amoonguss, L50, M|100\/100\n|move|p2b: Torkoal|Protect||[still]\n|-fail|p2b: Torkoal\n|move|p1b: Dragapult|Phantom Force|p2a: Amoonguss|[from]lockedmove\n|-damage|p2a: Amoonguss|11\/100\n|-damage|p1b: Dragapult|3\/100|[from] item: Rocky Helmet|[of] p2a: Amoonguss\n|move|p2a: Amoonguss|Spore|p1a: Romano Prodi\n|-immune|p1a: Romano Prodi\n|\n|upkeep\n|turn|7\n|inactive|galgith has 30 seconds left.\n|\n|t:|1701033922\n|move|p1b: Dragapult|Phantom Force||[still]\n|-prepare|p1b: Dragapult|Phantom Force\n|move|p2a: Amoonguss|Pollen Puff|p2b: Torkoal\n|-heal|p2b: Torkoal|100\/100\n|move|p1a: Romano Prodi|Spore|p2a: Amoonguss\n|-immune|p2a: Amoonguss\n|move|p2b: Torkoal|Eruption|p1a: Romano Prodi|[spread] p1a\n|-miss|p2b: Torkoal|p1b: Dragapult\n|-supereffective|p1a: Romano Prodi\n|-damage|p1a: Romano Prodi|22\/100\n|\n|upkeep\n|turn|8\n|\n|t:|1701033946\n|move|p1a: Romano Prodi|Protect|p1a: Romano Prodi\n|-singleturn|p1a: Romano Prodi|Protect\n|move|p1b: Dragapult|Phantom Force|p2a: Amoonguss|[from]lockedmove\n|-damage|p2a: Amoonguss|0 fnt\n|-damage|p1b: Dragapult|0 fnt|[from] item: Rocky Helmet|[of] p2a: Amoonguss\n|faint|p2a: Amoonguss\n|faint|p1b: Dragapult\n|move|p2b: Torkoal|Eruption|p1a: Romano Prodi\n|-activate|p1a: Romano Prodi|move: Protect\n|\n|upkeep\n|\n|t:|1701033956\n|switch|p1b: Chien-Pao|Chien-Pao, L50|100\/100\n|switch|p2a: Flutter Mane|Flutter Mane, L50|100\/100\n|-ability|p1b: Chien-Pao|Sword of Ruin\n|-enditem|p2a: Flutter Mane|Booster Energy\n|-activate|p2a: Flutter Mane|ability: Protosynthesis|[fromitem]\n|-start|p2a: Flutter Mane|protosynthesisspe\n|turn|9\n|\n|t:|1701033978\n|-terastallize|p1b: Chien-Pao|Ghost\n|move|p2a: Flutter Mane|Protect|p2a: Flutter Mane\n|-singleturn|p2a: Flutter Mane|Protect\n|move|p2b: Torkoal|Protect|p2b: Torkoal\n|-singleturn|p2b: Torkoal|Protect\n|move|p1a: Romano Prodi|Rage Powder|p1a: Romano Prodi\n|-singleturn|p1a: Romano Prodi|move: Rage Powder\n|move|p1b: Chien-Pao|Ice Spinner|p2b: Torkoal\n|-activate|p2b: Torkoal|move: Protect\n|\n|upkeep\n|turn|10\n|\n|t:|1701033998\n|switch|p2b: Typhlosion|Typhlosion-Hisui, L50, M|100\/100\n|move|p1a: Romano Prodi|Rage Powder|p1a: Romano Prodi\n|-singleturn|p1a: Romano Prodi|move: Rage Powder\n|move|p2a: Flutter Mane|Shadow Ball|p1a: Romano Prodi\n|-damage|p1a: Romano Prodi|0 fnt\n|faint|p1a: Romano Prodi\n|move|p1b: Chien-Pao|Ice Spinner|p2b: Typhlosion\n|-resisted|p2b: Typhlosion\n|-damage|p2b: Typhlosion|58\/100\n|\n|upkeep\n|\n|t:|1701034010\n|switch|p1a: Ogerpon|Ogerpon-Wellspring, L50, F|46\/100\n|turn|11\n|\n|t:|1701034033\n|-end|p2a: Flutter Mane|Protosynthesis|[silent]\n|switch|p2a: Torkoal|Torkoal, L50, F, tera:Grass|100\/100\n|-weather|SunnyDay|[from] ability: Drought|[of] p2a: Torkoal\n|move|p1a: Ogerpon|Spiky Shield|p1a: Ogerpon\n|-singleturn|p1a: Ogerpon|move: Protect\n|move|p2b: Typhlosion|Shadow Ball|p1b: Chien-Pao\n|-supereffective|p1b: Chien-Pao\n|-enditem|p1b: Chien-Pao|Focus Sash\n|-damage|p1b: Chien-Pao|1\/100\n|-unboost|p1b: Chien-Pao|spd|1\n|move|p1b: Chien-Pao|Ice Spinner|p2a: Torkoal\n|-supereffective|p2a: Torkoal\n|-crit|p2a: Torkoal\n|-damage|p2a: Torkoal|0 fnt\n|faint|p2a: Torkoal\n|\n|-weather|SunnyDay|[upkeep]\n|upkeep\n|\n|t:|1701034049\n|switch|p2a: Flutter Mane|Flutter Mane, L50|100\/100\n|-activate|p2a: Flutter Mane|ability: Protosynthesis\n|-start|p2a: Flutter Mane|protosynthesisspe\n|turn|12\n|\n|t:|1701034066\n|move|p1b: Chien-Pao|Protect|p1b: Chien-Pao\n|-singleturn|p1b: Chien-Pao|Protect\n|move|p2a: Flutter Mane|Dazzling Gleam|p1b: Chien-Pao|[spread] p1a\n|-activate|p1b: Chien-Pao|move: Protect\n|-damage|p1a: Ogerpon|9\/100\n|move|p2b: Typhlosion|Shadow Ball|p1a: Ogerpon\n|-damage|p1a: Ogerpon|0 fnt\n|faint|p1a: Ogerpon\n|\n|-weather|SunnyDay|[upkeep]\n|upkeep\n|turn|13\n|-message|galgith forfeited.\n|\n|win|townlol\n|raw|galgith's rating: 1050 &rarr; <strong>1035<\/strong><br \/>(-15 for losing)\n|raw|townlol's rating: 1107 &rarr; <strong>1128<\/strong><br \/>(+21 for winning)\n|l|\u2606galgith\n","uploadtime":1701034088,"views":2,"p1id":"galgith","p2id":"townlol","formatid":"gen9vgc2023regulatione","rating":1035,"private":0,"password":""}