{"id":"gen9vgc2023regulatione-1990466929","p1":"Syntex93","p2":"Matt142718","format":"[Gen 9] VGC 2023 Regulation E","log":"|j|\u2606Syntex93\n|j|\u2606Matt142718\n|n|\u2606Syntex93|syntex93\n|n|\u2606Matt142718|matt142718\n|html|View the match progress at <a href=\"\/game-bestof3-gen9vgc2023regulatione-1990458000\">game-bestof3-gen9vgc2023regulatione-1990458000<\/a>\n|t:|1699973643\n|gametype|doubles\n|player|p1|Syntex93|alec-anime|\n|player|p2|Matt142718|1|\n|teamsize|p1|6\n|teamsize|p2|6\n|gen|9\n|tier|[Gen 9] VGC 2023 Regulation E\n|rule|Species Clause: Limit one of each Pok\u00e9mon\n|rule|Item Clause: Limit one of each item\n|clearpoke\n|poke|p1|Roaring Moon, L50|\n|poke|p1|Urshifu-*, L50, F|\n|poke|p1|Weezing, L50, F|\n|poke|p1|Rillaboom, L50, M|\n|poke|p1|Ogerpon-Hearthflame, L50, F|\n|poke|p1|Flutter Mane, L50|\n|poke|p2|Dragonite, L50, M|\n|poke|p2|Chien-Pao, L50|\n|poke|p2|Rillaboom, L50, F|\n|poke|p2|Farigiraf, L50, F|\n|poke|p2|Urshifu-*, L50, F|\n|poke|p2|Heatran, L50, F|\n|teampreview|4\nSyntex93 has agreed to open team sheets.\n|c|\u2606Syntex93|ti chiedo se mi apri la lista che switchare tra una tab e l'altra \u00e8 un po scomodo ahaha\nMatt142718 has agreed to open team sheets.\n|showteam|p1|Roaring Moon||BoosterEnergy|Protosynthesis|Acrobatics,KnockOff,Tailwind,Protect||||||50|,,,,,Flying]Urshifu-Rapid-Strike||ChoiceScarf|UnseenFist|SurgingStrikes,AquaJet,Uturn,CloseCombat|||F|||50|,,,,,Water]Weezing||SitrusBerry|NeutralizingGas|WillOWisp,GunkShot,Protect,Taunt|||F|||50|,,,,,Ghost]Rillaboom||AssaultVest|GrassySurge|FakeOut,WoodHammer,GrassyGlide,HighHorsepower|||M|||50|,,,,,Fire]Ogerpon-Hearthflame||HearthflameMask|MoldBreaker|IvyCudgel,WoodHammer,GrassyGlide,SpikyShield|||F|||50|,,,,,Fire]Flutter Mane||ChoiceSpecs|Protosynthesis|Moonblast,DazzlingGleam,ShadowBall,PowerGem||||||50|,,,,,Fairy\n|showteam|p2|Dragonite||ChoiceBand|InnerFocus|ExtremeSpeed,AerialAce,StompingTantrum,Outrage|||M|||50|,,,,,Normal]Chien-Pao||FocusSash|SwordofRuin|IcicleCrash,SuckerPunch,SacredSword,Protect||||||50|,,,,,Ghost]Rillaboom||MiracleSeed|GrassySurge|FakeOut,GrassyGlide,WoodHammer,Protect|||F|||50|,,,,,Grass]Farigiraf||SitrusBerry|ArmorTail|Psychic,TrickRoom,DazzlingGleam,HelpingHand|||F|||50|,,,,,Water]Urshifu-Rapid-Strike||ChoiceScarf|UnseenFist|SurgingStrikes,AquaJet,Uturn,CloseCombat|||F|||50|,,,,,Water]Heatran||AssaultVest|FlashFire|TeraBlast,HeatWave,EarthPower,FlashCannon|||F|||50|,,,,,Fairy\n|c|\u2606Syntex93|grazie\n|c|\u2606Matt142718|Scusa, ahah\n|c|\u2606Syntex93|tranquillo anche a me capita di dimenticarmi\n|\n|t:|1699973778\n|start\n|switch|p1a: Urshifu|Urshifu-Rapid-Strike, L50, F|100\/100\n|switch|p1b: Weezing|Weezing, L50, F|100\/100\n|switch|p2a: Dragonite|Dragonite, L50, M|100\/100\n|switch|p2b: Farigiraf|Farigiraf, L50, F|100\/100\n|-ability|p1b: Weezing|Neutralizing Gas\n|turn|1\n|\n|t:|1699973841\n|-terastallize|p2a: Dragonite|Normal\n|-terastallize|p1b: Weezing|Ghost\n|move|p2a: Dragonite|Extreme Speed|p1b: Weezing\n|-immune|p1b: Weezing\n|move|p1a: Urshifu|U-turn|p2b: Farigiraf\n|-supereffective|p2b: Farigiraf\n|-damage|p2b: Farigiraf|58\/100\n|\n|t:|1699973852\n|switch|p1a: Roaring Moon|Roaring Moon, L50|100\/100|[from] U-turn\n|-enditem|p1a: Roaring Moon|Booster Energy\n|-activate|p1a: Roaring Moon|ability: Protosynthesis|[fromitem]\n|-start|p1a: Roaring Moon|protosynthesisspe\n|move|p1b: Weezing|Will-O-Wisp|p2a: Dragonite|[miss]\n|-miss|p1b: Weezing|p2a: Dragonite\n|move|p2b: Farigiraf|Psychic|p1b: Weezing\n|-damage|p1b: Weezing|65\/100\n|\n|upkeep\n|turn|2\n|\n|t:|1699973888\n|switch|p2a: Urshifu|Urshifu-Rapid-Strike, L50, F|100\/100\n|move|p1a: Roaring Moon|Protect|p1a: Roaring Moon\n|-singleturn|p1a: Roaring Moon|Protect\n|move|p1b: Weezing|Will-O-Wisp|p2a: Urshifu\n|-status|p2a: Urshifu|brn\n|move|p2b: Farigiraf|Trick Room|p2b: Farigiraf\n|-fieldstart|move: Trick Room|[of] p2b: Farigiraf\n|\n|-damage|p2a: Urshifu|95\/100 brn|[from] brn\n|upkeep\n|turn|3\n|\n|t:|1699973922\n|-end|p1a: Roaring Moon|Protosynthesis|[silent]\n|switch|p1a: Rillaboom|Rillaboom, L50, M|100\/100\n|move|p2b: Farigiraf|Dazzling Gleam|p1b: Weezing|[spread] p1a,p1b\n|-damage|p1a: Rillaboom|87\/100\n|-damage|p1b: Weezing|48\/100\n|-enditem|p1b: Weezing|Sitrus Berry|[eat]\n|-heal|p1b: Weezing|73\/100|[from] item: Sitrus Berry\n|move|p1b: Weezing|Gunk Shot|p2b: Farigiraf\n|-damage|p2b: Farigiraf|25\/100\n|-status|p2b: Farigiraf|psn\n|-enditem|p2b: Farigiraf|Sitrus Berry|[eat]\n|-heal|p2b: Farigiraf|50\/100 psn|[from] item: Sitrus Berry\n|move|p2a: Urshifu|Close Combat|p1a: Rillaboom\n|-damage|p1a: Rillaboom|55\/100\n|-unboost|p2a: Urshifu|def|1\n|-unboost|p2a: Urshifu|spd|1\n|\n|-damage|p2b: Farigiraf|38\/100 psn|[from] psn\n|-damage|p2a: Urshifu|89\/100 brn|[from] brn\n|upkeep\n|turn|4\n|\n|t:|1699973962\n|switch|p2a: Rillaboom|Rillaboom, L50, F|100\/100\n|move|p1b: Weezing|Gunk Shot|p2a: Rillaboom\n|-supereffective|p2a: Rillaboom\n|-damage|p2a: Rillaboom|24\/100\n|move|p2b: Farigiraf|Psychic|p1b: Weezing\n|-crit|p1b: Weezing\n|-damage|p1b: Weezing|18\/100\n|move|p1a: Rillaboom|Wood Hammer|p2b: Farigiraf\n|-damage|p2b: Farigiraf|0 fnt\n|faint|p2b: Farigiraf\n|-damage|p1a: Rillaboom|42\/100|[from] Recoil\n|\n|upkeep\n|\n|t:|1699973996\n|switch|p2b: Dragonite|Dragonite, L50, M, tera:Normal|100\/100\n|turn|5\n|\n|t:|1699974026\n|move|p2b: Dragonite|Extreme Speed|p1a: Rillaboom\n|-damage|p1a: Rillaboom|0 fnt\n|faint|p1a: Rillaboom\n|move|p1b: Weezing|Will-O-Wisp|p2b: Dragonite\n|-status|p2b: Dragonite|brn\n|move|p2a: Rillaboom|Wood Hammer|p1b: Weezing\n|-damage|p1b: Weezing|0 fnt\n|faint|p1b: Weezing\n|-end|p1b: Weezing|ability: Neutralizing Gas\n|-fieldstart|move: Grassy Terrain|[from] ability: Grassy Surge|[of] p2a: Rillaboom\n|-damage|p2a: Rillaboom|19\/100|[from] Recoil\n|\n|-heal|p2a: Rillaboom|25\/100|[from] Grassy Terrain\n|-damage|p2b: Dragonite|95\/100 brn|[from] brn\n|upkeep\n|\n|t:|1699974037\n|switch|p1b: Roaring Moon|Roaring Moon, L50|100\/100\n|switch|p1a: Urshifu|Urshifu-Rapid-Strike, L50, F|100\/100\n|turn|6\n|\n|t:|1699974078\n|move|p2b: Dragonite|Extreme Speed|p1b: Roaring Moon\n|-damage|p1b: Roaring Moon|60\/100\n|move|p2a: Rillaboom|Wood Hammer|p1a: Urshifu\n|-supereffective|p1a: Urshifu\n|-damage|p1a: Urshifu|0 fnt\n|faint|p1a: Urshifu\n|-damage|p2a: Rillaboom|0 fnt|[from] Recoil\n|faint|p2a: Rillaboom\n|move|p1b: Roaring Moon|Acrobatics|p2b: Dragonite\n|-damage|p2b: Dragonite|57\/100 brn\n|\n|-heal|p2b: Dragonite|63\/100 brn|[from] Grassy Terrain\n|-heal|p1b: Roaring Moon|66\/100|[from] Grassy Terrain\n|-damage|p2b: Dragonite|57\/100 brn|[from] brn\n|-fieldend|move: Trick Room\n|upkeep\n|\n|t:|1699974095\n|switch|p2a: Urshifu|Urshifu-Rapid-Strike, L50, F|89\/100 brn\n|turn|7\n|\n|t:|1699974103\n|move|p2b: Dragonite|Extreme Speed|p1b: Roaring Moon\n|-damage|p1b: Roaring Moon|30\/100\n|move|p2a: Urshifu|Close Combat|p1b: Roaring Moon\n|-supereffective|p1b: Roaring Moon\n|-damage|p1b: Roaring Moon|0 fnt\n|-unboost|p2a: Urshifu|def|1\n|-unboost|p2a: Urshifu|spd|1\n|faint|p1b: Roaring Moon\n|-end|p1b: Roaring Moon|Protosynthesis|[silent]\n|\n|win|Matt142718\n|c|\u2606Syntex93|gg\n|c|\u2606Matt142718|Gg\n|c|\u2606Matt142718|Bella bella\n|c|\u2606Syntex93|carichi tu i replay?\n|c|\u2606Syntex93|maledetto weezing che missa tutto ahaha\n|c|\u2606Syntex93|bei match si\n|c|\u2606Matt142718|Si ci penso io, non parlarmi di miss che mi sono messo a giocare sta roba perch\u00e8 ultimamente tilto sempre\n|c|\u2606Syntex93|eh ci sta ahaha\n|c|\u2606Syntex93|io non sono un fan della roba che missa e mi sa che hai capito il perch\u00e8 ahaha\n|l|\u2606Matt142718\n|j|\u2606Matt142718\n|player|p2|Matt142718|1\n","uploadtime":1699974642,"views":6,"p1id":"syntex93","p2id":"matt142718","formatid":"gen9vgc2023regulatione","rating":0,"private":0,"password":""}