{"id":"gen9vgc2023regulatione-1994313509","p1":"sonaw4","p2":"TakinaVGC","format":"[Gen 9] VGC 2023 Regulation E","log":"|j|\u2606sonaw4\n|j|\u2606TakinaVGC\n|n|\u2606sonaw4|sonaw4\n|n|\u2606TakinaVGC|takinavgc\n|html|View the match progress at <a href=\"\/game-bestof3-gen9vgc2023regulatione-1994313508\">game-bestof3-gen9vgc2023regulatione-1994313508<\/a>\n|t:|1700430027\n|gametype|doubles\n|player|p1|sonaw4|101|\n|player|p2|TakinaVGC|cynthia|\n|teamsize|p1|6\n|teamsize|p2|6\n|gen|9\n|tier|[Gen 9] VGC 2023 Regulation E\n|rule|Species Clause: Limit one of each Pok\u00e9mon\n|rule|Item Clause: Limit one of each item\n|clearpoke\n|poke|p1|Urshifu-*, L50, M|\n|poke|p1|Thundurus, L50, M|\n|poke|p1|Amoonguss, L50, F|\n|poke|p1|Roaring Moon, L50|\n|poke|p1|Chien-Pao, L50|\n|poke|p1|Landorus-Therian, L50, M|\n|poke|p2|Arcanine-Hisui, L50, F|\n|poke|p2|Tornadus, L50, M|\n|poke|p2|Urshifu-*, L50, M|\n|poke|p2|Rillaboom, L50, M|\n|poke|p2|Regidrago, L50|\n|poke|p2|Scizor, L50, M|\n|teampreview|4\nTakinaVGC has agreed to open team sheets.\nsonaw4 has agreed to open team sheets.\n|showteam|p1|Urshifu-Rapid-Strike||ChoiceScarf|UnseenFist|SurgingStrikes,AquaJet,BrickBreak,Uturn|||M|||50|,,,,,Water]Thundurus||CovertCloak|Prankster|ThunderWave,Thunderbolt,WildboltStorm,RainDance|||M|||50|,,,,,Electric]Amoonguss||SitrusBerry|Regenerator|Spore,RagePowder,PollenPuff,ClearSmog|||F|||50|,,,,,Rock]Roaring Moon||BoosterEnergy|Protosynthesis|Protect,Acrobatics,DragonClaw,KnockOff||||||50|,,,,,Flying]Chien-Pao||FocusSash|SwordofRuin|IceSpinner,IcyWind,Protect,ThroatChop||||||50|,,,,,Ghost]Landorus-Therian||AssaultVest|Intimidate|StompingTantrum,RockSlide,BrickBreak,TeraBlast|||M|||50|,,,,,Fire\n|showteam|p2|Arcanine-Hisui||ChoiceBand|Intimidate|FlareBlitz,RockSlide,ExtremeSpeed,HeadSmash|||F|||50|,,,,,Water]Tornadus||SharpBeak|Prankster|Tailwind,BleakwindStorm,RainDance,Protect|||M|||50|,,,,,Dragon]Urshifu-Rapid-Strike||MysticWater|UnseenFist|SurgingStrikes,AquaJet,CloseCombat,Protect|||M|||50|,,,,,Water]Rillaboom||AssaultVest|GrassySurge|FakeOut,GrassyGlide,WoodHammer,HighHorsepower|||M|||50|,,,,,Fire]Regidrago||DragonFang|DragonsMaw|DragonEnergy,DracoMeteor,EarthPower,Protect||||||50|,,,,,Steel]Scizor||ClearAmulet|Technician|BulletPunch,BugBite,Protect,DualWingbeat|||M|||50|,,,,,Water\n|j| Van. Volcanucks\n|\n|t:|1700430151\n|start\n|switch|p1a: Thundurus|Thundurus, L50, M|100\/100\n|switch|p1b: Landorus|Landorus-Therian, L50, M|100\/100\n|switch|p2a: Tornadus|Tornadus, L50, M|100\/100\n|switch|p2b: Regidrago|Regidrago, L50|100\/100\n|-ability|p1b: Landorus|Intimidate|boost\n|-unboost|p2a: Tornadus|atk|1\n|-unboost|p2b: Regidrago|atk|1\n|turn|1\n|\n|t:|1700430207\n|move|p2a: Tornadus|Tailwind|p2a: Tornadus\n|-sidestart|p2: TakinaVGC|move: Tailwind\n|move|p1a: Thundurus|Thunder Wave|p2b: Regidrago|[miss]\n|-miss|p1a: Thundurus|p2b: Regidrago\n|move|p2b: Regidrago|Dragon Energy|p1a: Thundurus|[spread] p1a,p1b\n|-damage|p1a: Thundurus|21\/100\n|-damage|p1b: Landorus|25\/100\n|move|p1b: Landorus|Rock Slide|p2a: Tornadus|[spread] p2a,p2b\n|-supereffective|p2a: Tornadus\n|-damage|p2a: Tornadus|47\/100\n|-damage|p2b: Regidrago|75\/100\n|\n|upkeep\n|turn|2\n|\n|t:|1700430238\n|move|p1a: Thundurus|Thunder Wave|p2b: Regidrago\n|-status|p2b: Regidrago|par\n|move|p2a: Tornadus|Bleakwind Storm|p1a: Thundurus|[spread] p1a,p1b\n|-resisted|p1a: Thundurus\n|-damage|p1a: Thundurus|3\/100\n|-damage|p1b: Landorus|0 fnt\n|faint|p1b: Landorus\n|move|p2b: Regidrago|Dragon Energy|p1a: Thundurus\n|-damage|p1a: Thundurus|0 fnt\n|faint|p1a: Thundurus\n|\n|upkeep\n|\n|t:|1700430249\n|switch|p1a: Roaring Moon|Roaring Moon, L50|100\/100\n|switch|p1b: Chien-Pao|Chien-Pao, L50|100\/100\n|-ability|p1b: Chien-Pao|Sword of Ruin\n|-enditem|p1a: Roaring Moon|Booster Energy\n|-activate|p1a: Roaring Moon|ability: Protosynthesis|[fromitem]\n|-start|p1a: Roaring Moon|protosynthesisatk\n|turn|3\n|\n|t:|1700430280\n|-terastallize|p2b: Regidrago|Steel\n|move|p1a: Roaring Moon|Protect|p1a: Roaring Moon\n|-singleturn|p1a: Roaring Moon|Protect\n|move|p2a: Tornadus|Bleakwind Storm|p1b: Chien-Pao|[spread] \n|-activate|p1a: Roaring Moon|move: Protect\n|-miss|p2a: Tornadus|p1b: Chien-Pao\n|move|p1b: Chien-Pao|Ice Spinner|p2a: Tornadus\n|-supereffective|p2a: Tornadus\n|-damage|p2a: Tornadus|0 fnt\n|faint|p2a: Tornadus\n|move|p2b: Regidrago|Draco Meteor|p1a: Roaring Moon\n|-activate|p1a: Roaring Moon|move: Protect\n|\n|upkeep\n|\n|t:|1700430296\n|switch|p2a: Arcanine|Arcanine-Hisui, L50, F|100\/100\n|-ability|p2a: Arcanine|Intimidate|boost\n|-unboost|p1a: Roaring Moon|atk|1\n|-unboost|p1b: Chien-Pao|atk|1\n|turn|4\n|\n|t:|1700430349\n|move|p2a: Arcanine|Rock Slide|p1a: Roaring Moon|[spread] p1a,p1b\n|-supereffective|p1b: Chien-Pao\n|-damage|p1a: Roaring Moon|29\/100\n|-enditem|p1b: Chien-Pao|Focus Sash\n|-damage|p1b: Chien-Pao|1\/100\n|move|p1b: Chien-Pao|Throat Chop|p2a: Arcanine\n|-damage|p2a: Arcanine|65\/100\n|-start|p2a: Arcanine|Throat Chop|[silent]\n|move|p1a: Roaring Moon|Knock Off|p2a: Arcanine\n|-damage|p2a: Arcanine|0 fnt\n|-enditem|p2a: Arcanine|Choice Band|[from] move: Knock Off|[of] p1a: Roaring Moon\n|faint|p2a: Arcanine\n|move|p2b: Regidrago|Draco Meteor|p1a: Roaring Moon\n|-supereffective|p1a: Roaring Moon\n|-damage|p1a: Roaring Moon|0 fnt\n|-unboost|p2b: Regidrago|spa|2\n|faint|p1a: Roaring Moon\n|-end|p1a: Roaring Moon|Protosynthesis|[silent]\n|\n|-sideend|p2: TakinaVGC|move: Tailwind\n|upkeep\n|\n|t:|1700430361\n|switch|p2a: Rillaboom|Rillaboom, L50, M|100\/100\n|-fieldstart|move: Grassy Terrain|[from] ability: Grassy Surge|[of] p2a: Rillaboom\n|turn|5\n|\n|t:|1700430369\n|move|p2a: Rillaboom|Fake Out|p1b: Chien-Pao\n|-damage|p1b: Chien-Pao|0 fnt\n|faint|p1b: Chien-Pao\n|\n|win|TakinaVGC\n","uploadtime":1700430374,"views":7,"p1id":"sonaw4","p2id":"takinavgc","formatid":"gen9vgc2023regulatione","rating":0,"private":0,"password":""}