{"id":"gen9vgc2023regulatione-1988488049","p1":"Dr4y4gedr4go","p2":"Eevee_doc","format":"[Gen 9] VGC 2023 Regulation E","log":"|j|\u2606Dr4y4gedr4go\n|j|\u2606Eevee_doc\n|t:|1699728290\n|gametype|doubles\n|player|p1|Dr4y4gedr4go|streetthug|1377\n|player|p2|Eevee_doc|ltsurge|1348\n|teamsize|p1|6\n|teamsize|p2|6\n|gen|9\n|tier|[Gen 9] VGC 2023 Regulation E\n|rated|\n|rule|Species Clause: Limit one of each Pok\u00e9mon\n|rule|Item Clause: Limit one of each item\n|clearpoke\n|poke|p1|Gholdengo, L50|\n|poke|p1|Rillaboom, L50, F|\n|poke|p1|Urshifu-*, L50, M|\n|poke|p1|Arcanine-Hisui, L50, M|\n|poke|p1|Roaring Moon, L50|\n|poke|p1|Thundurus-Therian, L50, M|\n|poke|p2|Espeon, L50, M|\n|poke|p2|Umbreon, L50, M|\n|poke|p2|Sylveon, L50, M|\n|poke|p2|Jolteon, L50, M|\n|poke|p2|Flareon, L50, M|\n|poke|p2|Leafeon, L50, M|\n|teampreview|4\n|inactive|Battle timer is ON: inactive players will automatically lose when time's up. (requested by Eevee_doc)\nDr4y4gedr4go has agreed to open team sheets.\n|inactive|Dr4y4gedr4go has 60 seconds left.\n|\n|t:|1699728330\n|start\n|switch|p1a: Rillaboom|Rillaboom, L50, F|100\/100\n|switch|p1b: Roaring Moon|Roaring Moon, L50|100\/100\n|switch|p2a: Zen|Espeon, L50, M, shiny|100\/100\n|switch|p2b: Blaze|Flareon, L50, M, shiny|100\/100\n|-fieldstart|move: Grassy Terrain|[from] ability: Grassy Surge|[of] p1a: Rillaboom\n|-enditem|p1b: Roaring Moon|Booster Energy\n|-activate|p1b: Roaring Moon|ability: Protosynthesis|[fromitem]\n|-start|p1b: Roaring Moon|protosynthesisspe\n|turn|1\n|\n|t:|1699728350\n|switch|p2b: Shade|Umbreon, L50, M, shiny|100\/100\n|move|p2a: Zen|Detect|p2a: Zen\n|-singleturn|p2a: Zen|Protect\n|move|p1a: Rillaboom|Fake Out|p2a: Zen\n|-activate|p2a: Zen|move: Protect\n|move|p1b: Roaring Moon|Knock Off|p2b: Shade\n|-resisted|p2b: Shade\n|-damage|p2b: Shade|87\/100\n|-damage|p1b: Roaring Moon|84\/100|[from] item: Rocky Helmet|[of] p2b: Shade\n|-enditem|p2b: Shade|Rocky Helmet|[from] move: Knock Off|[of] p1b: Roaring Moon\n|\n|-heal|p1b: Roaring Moon|90\/100|[from] Grassy Terrain\n|-heal|p2b: Shade|93\/100|[from] Grassy Terrain\n|upkeep\n|turn|2\n|inactive|Eevee_doc has 30 seconds left.\n|j| gfhtgfkhkl\n|\n|t:|1699728384\n|move|p1b: Roaring Moon|Tailwind|p1b: Roaring Moon\n|-sidestart|p1: Dr4y4gedr4go|move: Tailwind\n|move|p1a: Rillaboom|Wood Hammer|p2a: Zen\n|-enditem|p2a: Zen|Focus Sash\n|-damage|p2a: Zen|1\/100\n|-damage|p1a: Rillaboom|72\/100|[from] Recoil\n|move|p2b: Shade|Foul Play|p1a: Rillaboom\n|-damage|p1a: Rillaboom|27\/100\n|move|p2a: Zen|Trick Room|p2a: Zen\n|-fieldstart|move: Trick Room|[of] p2a: Zen\n|\n|-heal|p2b: Shade|99\/100|[from] Grassy Terrain\n|-heal|p2a: Zen|7\/100|[from] Grassy Terrain\n|-heal|p1a: Rillaboom|33\/100|[from] Grassy Terrain\n|-heal|p1b: Roaring Moon|96\/100|[from] Grassy Terrain\n|upkeep\n|turn|3\n|inactive|Eevee_doc has 30 seconds left.\n|\n|t:|1699728417\n|move|p1a: Rillaboom|Grassy Glide|p2b: Shade\n|-damage|p2b: Shade|69\/100\n|move|p2b: Shade|Foul Play|p1a: Rillaboom\n|-damage|p1a: Rillaboom|0 fnt\n|faint|p1a: Rillaboom\n|move|p2a: Zen|Psychic Terrain|p2a: Zen\n|-fieldstart|move: Psychic Terrain\n|move|p1b: Roaring Moon|Breaking Swipe|p2a: Zen|[spread] p2a,p2b\n|-damage|p2a: Zen|0 fnt\n|-damage|p2b: Shade|57\/100\n|-unboost|p2b: Shade|atk|1\n|faint|p2a: Zen\n|\n|upkeep\n|\n|t:|1699728434\n|switch|p2a: Twinkle|Sylveon, L50, M, shiny|100\/100\n|switch|p1a: Thundurus|Thundurus-Therian, L50, M|100\/100\n|turn|4\n|\n|t:|1699728455\n|-terastallize|p2a: Twinkle|Ground\n|-terastallize|p1b: Roaring Moon|Poison\n|move|p2a: Twinkle|Hyper Voice|p1a: Thundurus|[spread] p1a,p1b\n|-resisted|p1b: Roaring Moon\n|-damage|p1a: Thundurus|63\/100\n|-damage|p1b: Roaring Moon|71\/100\n|-damage|p2a: Twinkle|91\/100|[from] item: Life Orb\n|move|p2b: Shade|Foul Play|p1b: Roaring Moon\n|-damage|p1b: Roaring Moon|25\/100\n|move|p1a: Thundurus|Wildbolt Storm|p2a: Twinkle|[spread] p2b\n|-immune|p2a: Twinkle\n|-crit|p2b: Shade\n|-damage|p2b: Shade|11\/100\n|move|p1b: Roaring Moon|Knock Off|p2a: Twinkle\n|-damage|p2a: Twinkle|30\/100\n|-enditem|p2a: Twinkle|Life Orb|[from] move: Knock Off|[of] p1b: Roaring Moon\n|\n|upkeep\n|turn|5\n|inactive|Dr4y4gedr4go has 30 seconds left.\n|inactive|Eevee_doc has 30 seconds left.\n|inactive|Eevee_doc has 20 seconds left.\n|\n|t:|1699728491\n|move|p2a: Twinkle|Detect|p2a: Twinkle\n|-singleturn|p2a: Twinkle|Protect\n|move|p1b: Roaring Moon|Protect|p1b: Roaring Moon\n|-singleturn|p1b: Roaring Moon|Protect\n|move|p2b: Shade|Foul Play|p1b: Roaring Moon\n|-activate|p1b: Roaring Moon|move: Protect\n|move|p1a: Thundurus|Thunderbolt|p2b: Shade\n|-damage|p2b: Shade|0 fnt\n|faint|p2b: Shade\n|\n|-sideend|p1: Dr4y4gedr4go|move: Tailwind\n|upkeep\n|\n|t:|1699728505\n|switch|p2b: Blaze|Flareon, L50, M, shiny|100\/100\n|turn|6\n|\n|t:|1699728519\n|switch|p1a: Gholdengo|Gholdengo, L50|100\/100\n|move|p2a: Twinkle|Hyper Voice|p1a: Gholdengo|[spread] p1a,p1b\n|-resisted|p1a: Gholdengo\n|-crit|p1a: Gholdengo\n|-resisted|p1b: Roaring Moon\n|-damage|p1a: Gholdengo|67\/100\n|-damage|p1b: Roaring Moon|6\/100\n|move|p2b: Blaze|Flare Blitz|p1a: Gholdengo\n|-supereffective|p1a: Gholdengo\n|-damage|p1a: Gholdengo|0 fnt\n|faint|p1a: Gholdengo\n|-damage|p2b: Blaze|71\/100|[from] Recoil\n|move|p1b: Roaring Moon|Knock Off|p2b: Blaze\n|-damage|p2b: Blaze|0 fnt\n|-enditem|p2b: Blaze|Choice Scarf|[from] move: Knock Off|[of] p1b: Roaring Moon\n|faint|p2b: Blaze\n|\n|-fieldend|move: Trick Room\n|upkeep\n|\n|t:|1699728538\n|switch|p1a: Thundurus|Thundurus-Therian, L50, M|63\/100\n|turn|7\n|\n|t:|1699728552\n|move|p1b: Roaring Moon|Knock Off|p2a: Twinkle\n|-damage|p2a: Twinkle|0 fnt\n|faint|p2a: Twinkle\n|\n|win|Dr4y4gedr4go\n|raw|Dr4y4gedr4go's rating: 1377 &rarr; <strong>1395<\/strong><br \/>(+18 for winning)\n|raw|Eevee_doc's rating: 1348 &rarr; <strong>1330<\/strong><br \/>(-18 for losing)\n","uploadtime":1699728558,"views":57,"p1id":"dr4y4gedr4go","p2id":"eeveedoc","formatid":"gen9vgc2023regulatione","rating":1330,"private":0,"password":""}