{"id":"gen9vgc2023regulatione-1996574398","p1":"2dchess","p2":"elektriktoad","format":"[Gen 9] VGC 2023 Regulation E","log":"|j|\u26062dchess\n|j|\u2606elektriktoad\n|t:|1700695987\n|gametype|doubles\n|player|p1|2dchess|101|1502\n|player|p2|elektriktoad|janine|1554\n|teamsize|p1|6\n|teamsize|p2|6\n|gen|9\n|tier|[Gen 9] VGC 2023 Regulation E\n|rated|\n|rule|Species Clause: Limit one of each Pok\u00e9mon\n|rule|Item Clause: Limit one of each item\n|clearpoke\n|poke|p1|Roaring Moon, L50|\n|poke|p1|Heatran, L50, F|\n|poke|p1|Landorus-Therian, L50, M|\n|poke|p1|Amoonguss, L50, M|\n|poke|p1|Iron Bundle, L50|\n|poke|p1|Iron Hands, L50|\n|poke|p2|Muk-Alola, L50, M|\n|poke|p2|Scovillain, L50, M|\n|poke|p2|Sableye, L50, M|\n|poke|p2|Garganacl, L50, F|\n|poke|p2|Goodra-Hisui, L50, F|\n|poke|p2|Ogerpon-Wellspring, L50, F|\n|teampreview|4\n|\n|t:|1700696018\n|start\n|switch|p1a: Amoonguss|Amoonguss, L50, M, shiny|100\/100\n|switch|p1b: Heatran|Heatran, L50, F|100\/100\n|switch|p2a: Muk|Muk-Alola, L50, M|100\/100\n|switch|p2b: Scovillain|Scovillain, L50, M|100\/100\n|turn|1\n|\n|t:|1700696028\n|move|p2b: Scovillain|Overheat|p1a: Amoonguss\n|-supereffective|p1a: Amoonguss\n|-damage|p1a: Amoonguss|0 fnt\n|-unboost|p2b: Scovillain|spa|2\n|faint|p1a: Amoonguss\n|move|p1b: Heatran|Heat Wave|p2b: Scovillain|[spread] p2b\n|-miss|p1b: Heatran|p2a: Muk\n|-damage|p2b: Scovillain|32\/100\n|move|p2a: Muk|Minimize|p2a: Muk\n|-boost|p2a: Muk|evasion|2\n|\n|-ability|p2b: Scovillain|Moody|boost\n|-boost|p2b: Scovillain|spa|2\n|-unboost|p2b: Scovillain|def|1\n|upkeep\n|\n|t:|1700696038\n|switch|p1a: Iron Bundle|Iron Bundle, L50|100\/100\n|-enditem|p1a: Iron Bundle|Booster Energy\n|-activate|p1a: Iron Bundle|ability: Quark Drive|[fromitem]\n|-start|p1a: Iron Bundle|quarkdrivespe\n|turn|2\n|\n|t:|1700696060\n|move|p1a: Iron Bundle|Freeze-Dry|p2b: Scovillain\n|-damage|p2b: Scovillain|0 fnt\n|faint|p2b: Scovillain\n|-ability|p2a: Muk|Moody|[from] ability: Power of Alchemy|[of] p2b: Scovillain\n|move|p1b: Heatran|Earth Power|p2a: Muk|[miss]\n|-miss|p1b: Heatran|p2a: Muk\n|move|p2a: Muk|Minimize|p2a: Muk\n|-boost|p2a: Muk|evasion|2\n|\n|-ability|p2a: Muk|Moody|boost\n|-boost|p2a: Muk|def|2\n|-unboost|p2a: Muk|spa|1\n|upkeep\n|\n|t:|1700696075\n|switch|p2b: Sableye|Sableye, L50, M|100\/100\n|turn|3\n|\n|t:|1700696083\n|move|p2b: Sableye|Disable|p1b: Heatran\n|-start|p1b: Heatran|Disable|Earth Power\n|move|p1a: Iron Bundle|Freeze-Dry|p2a: Muk\n|-damage|p2a: Muk|73\/100\n|cant|p1b: Heatran|Disable|Earth Power\n|move|p2a: Muk|Toxic|p1a: Iron Bundle\n|-status|p1a: Iron Bundle|tox\n|\n|-heal|p2a: Muk|79\/100|[from] item: Black Sludge\n|-damage|p1a: Iron Bundle|94\/100 tox|[from] psn\n|-ability|p2a: Muk|Moody|boost\n|-boost|p2a: Muk|spa|2\n|-unboost|p2a: Muk|spd|1\n|upkeep\n|turn|4\n|\n|t:|1700696099\n|-end|p1a: Iron Bundle|Quark Drive|[silent]\n|switch|p1a: Landorus|Landorus-Therian, L50, M|100\/100\n|-ability|p1a: Landorus|Intimidate|boost\n|-unboost|p2a: Muk|atk|1\n|-unboost|p2b: Sableye|atk|1\n|move|p2b: Sableye|Encore|p1b: Heatran\n|-start|p1b: Heatran|Encore\n|cant|p1b: Heatran|Disable|Earth Power\n|move|p2a: Muk|Knock Off|p1b: Heatran\n|-damage|p1b: Heatran|82\/100\n|-enditem|p1b: Heatran|Leftovers|[from] move: Knock Off|[of] p2a: Muk\n|\n|-heal|p2a: Muk|85\/100|[from] item: Black Sludge\n|-ability|p2a: Muk|Moody|boost\n|-boost|p2a: Muk|spa|2\n|-unboost|p2a: Muk|spe|1\n|upkeep\n|turn|5\n|\n|t:|1700696121\n|switch|p1b: Iron Bundle|Iron Bundle, L50|94\/100 tox\n|move|p1a: Landorus|Stomping Tantrum|p2a: Muk\n|-supereffective|p2a: Muk\n|-damage|p2a: Muk|49\/100\n|move|p2b: Sableye|Foul Play|p1a: Landorus\n|-crit|p1a: Landorus\n|-damage|p1a: Landorus|8\/100\n|move|p2a: Muk|Toxic|p1a: Landorus\n|-status|p1a: Landorus|tox\n|\n|-heal|p2a: Muk|55\/100|[from] item: Black Sludge\n|-damage|p1a: Landorus|2\/100 tox|[from] psn\n|-damage|p1b: Iron Bundle|88\/100 tox|[from] psn\n|-ability|p2a: Muk|Moody|boost\n|-boost|p2a: Muk|atk|2\n|-unboost|p2a: Muk|def|1\n|upkeep\n|turn|6\n|\n|t:|1700696139\n|switch|p1a: Heatran|Heatran, L50, F|82\/100\n|move|p2b: Sableye|Protect|p2b: Sableye\n|-singleturn|p2b: Sableye|Protect\n|move|p2a: Muk|Protect|p2a: Muk\n|-singleturn|p2a: Muk|Protect\n|move|p1b: Iron Bundle|Freeze-Dry|p2a: Muk\n|-activate|p2a: Muk|move: Protect\n|\n|-heal|p2a: Muk|61\/100|[from] item: Black Sludge\n|-damage|p1b: Iron Bundle|76\/100 tox|[from] psn\n|-ability|p2a: Muk|Moody|boost\n|-boost|p2a: Muk|spd|2\n|-unboost|p2a: Muk|def|1\n|upkeep\n|turn|7\n|\n|t:|1700696155\n|move|p2b: Sableye|Disable|p1b: Iron Bundle\n|-start|p1b: Iron Bundle|Disable|Freeze-Dry\n|cant|p1b: Iron Bundle|Disable|Freeze-Dry\n|move|p1a: Heatran|Earth Power|p2a: Muk|[miss]\n|-miss|p1a: Heatran|p2a: Muk\n|move|p2a: Muk|Knock Off|p1b: Iron Bundle\n|-damage|p1b: Iron Bundle|33\/100 tox\n|\n|-heal|p2a: Muk|67\/100|[from] item: Black Sludge\n|-damage|p1b: Iron Bundle|14\/100 tox|[from] psn\n|-ability|p2a: Muk|Moody|boost\n|-boost|p2a: Muk|def|2\n|-unboost|p2a: Muk|spa|1\n|upkeep\n|turn|8\n|\n|t:|1700696176\n|move|p1a: Heatran|Protect|p1a: Heatran\n|-singleturn|p1a: Heatran|Protect\n|move|p2b: Sableye|Encore|p1b: Iron Bundle\n|-start|p1b: Iron Bundle|Encore\n|cant|p1b: Iron Bundle|Disable|Freeze-Dry\n|move|p2a: Muk|Minimize|p2a: Muk\n|-boost|p2a: Muk|evasion|2\n|\n|-heal|p2a: Muk|73\/100|[from] item: Black Sludge\n|-damage|p1b: Iron Bundle|0 fnt|[from] psn\n|faint|p1b: Iron Bundle\n|-end|p1b: Iron Bundle|Quark Drive|[silent]\n|-ability|p2a: Muk|Moody|boost\n|-boost|p2a: Muk|spa|2\n|-unboost|p2a: Muk|def|1\n|upkeep\n|\n|t:|1700696182\n|switch|p1b: Landorus|Landorus-Therian, L50, M|2\/100 tox\n|-ability|p1b: Landorus|Intimidate|boost\n|-unboost|p2a: Muk|atk|1\n|-unboost|p2b: Sableye|atk|1\n|turn|9\n|\n|t:|1700696190\n|-terastallize|p1b: Landorus|Flying\n|move|p2a: Muk|Protect|p2a: Muk\n|-singleturn|p2a: Muk|Protect\n|move|p2b: Sableye|Encore|p1a: Heatran\n|-start|p1a: Heatran|Encore\n|move|p1b: Landorus|Tera Blast|p2b: Sableye|[anim] Tera Blast Flying\n|-damage|p2b: Sableye|37\/100\n|move|p1a: Heatran|Protect||[still]\n|-fail|p1a: Heatran\n|\n|-heal|p2a: Muk|79\/100|[from] item: Black Sludge\n|-damage|p1b: Landorus|0 fnt|[from] psn\n|faint|p1b: Landorus\n|-ability|p2a: Muk|Moody|boost\n|-boost|p2a: Muk|spa|2\n|-unboost|p2a: Muk|spe|1\n|upkeep\n|turn|10\n|-message|2dchess forfeited.\n|\n|win|elektriktoad\n|raw|2dchess's rating: 1502 &rarr; <strong>1485<\/strong><br \/>(-17 for losing)\n|raw|elektriktoad's rating: 1554 &rarr; <strong>1571<\/strong><br \/>(+17 for winning)\n|l|\u26062dchess\n","uploadtime":1700696215,"views":9,"p1id":"2dchess","p2id":"elektriktoad","formatid":"gen9vgc2023regulatione","rating":1485,"private":0,"password":""}