{"id":"gen9vgc2023regulatione-1992961668","p1":"JaySwifty25","p2":"Silverpowder","format":"[Gen 9] VGC 2023 Regulation E","log":"|j|\u2606JaySwifty25\n|j|\u2606Silverpowder\n|t:|1700250607\n|gametype|doubles\n|player|p1|JaySwifty25|hilda-wonderlauncher|1037\n|player|p2|Silverpowder|pryce|1064\n|teamsize|p1|6\n|teamsize|p2|6\n|gen|9\n|tier|[Gen 9] VGC 2023 Regulation E\n|rated|\n|rule|Species Clause: Limit one of each Pok\u00e9mon\n|rule|Item Clause: Limit one of each item\n|clearpoke\n|poke|p1|Tornadus, L50, M|\n|poke|p1|Ogerpon-Wellspring, L50, F|\n|poke|p1|Urshifu-*, L50, M|\n|poke|p1|Tatsugiri, L50, M|\n|poke|p1|Dondozo, L50, M|\n|poke|p1|Regieleki, L50|\n|poke|p2|Maushold, L50|\n|poke|p2|Tornadus, L50, M|\n|poke|p2|Indeedee, L50, M|\n|poke|p2|Iron Hands, L50|\n|poke|p2|Klefki, L50, M|\n|poke|p2|Arcanine, L50, M|\n|teampreview|4\n|\n|t:|1700250634\n|start\n|switch|p1a: Tornadus|Tornadus, L50, M|100\/100\n|switch|p1b: Urshifu|Urshifu-Rapid-Strike, L50, M|100\/100\n|switch|p2a: Maushold|Maushold, L50|100\/100\n|switch|p2b: Klefki|Klefki, L50, M|100\/100\n|turn|1\n|\n|t:|1700250660\n|switch|p2a: Indeedee|Indeedee, L50, M|100\/100\n|-fieldstart|move: Psychic Terrain|[from] ability: Psychic Surge|[of] p2a: Indeedee\n|move|p1a: Tornadus|Rain Dance|p1a: Tornadus\n|-weather|RainDance\n|move|p2b: Klefki|Thunder Wave|p1b: Urshifu\n|-activate|p1b: Urshifu|move: Psychic Terrain\n|move|p1b: Urshifu|Surging Strikes|p2a: Indeedee\n|-crit|p2a: Indeedee\n|-damage|p2a: Indeedee|22\/100\n|-crit|p2a: Indeedee\n|-damage|p2a: Indeedee|0 fnt\n|faint|p2a: Indeedee\n|-hitcount|p2: Indeedee|2\n|\n|-weather|RainDance|[upkeep]\n|upkeep\n|inactive|Battle timer is ON: inactive players will automatically lose when time's up. (requested by JaySwifty25)\n|c|\u2606JaySwifty25|bruh\n|c|\u2606Silverpowder|Bruh\n|c|\u2606Silverpowder|Is right\n|\n|t:|1700250689\n|switch|p2a: Maushold|Maushold, L50|100\/100\n|turn|2\n|\n|t:|1700250699\n|move|p2a: Maushold|Population Bomb|p1b: Urshifu\n|-damage|p1b: Urshifu|85\/100\n|-damage|p1b: Urshifu|67\/100\n|-damage|p1b: Urshifu|52\/100\n|-damage|p1b: Urshifu|36\/100\n|-damage|p1b: Urshifu|18\/100\n|-damage|p1b: Urshifu|0 fnt\n|faint|p1b: Urshifu\n|-hitcount|p1: Urshifu|6\n|move|p1a: Tornadus|Bleakwind Storm|p2b: Klefki|[spread] p2a,p2b\n|-resisted|p2b: Klefki\n|-damage|p2a: Maushold|58\/100\n|-damage|p2b: Klefki|82\/100\n|move|p2b: Klefki|Dazzling Gleam|p1a: Tornadus\n|-damage|p1a: Tornadus|81\/100\n|\n|-weather|RainDance|[upkeep]\n|upkeep\n|\n|t:|1700250706\n|switch|p1b: Dondozo|Dondozo, L50, M|100\/100\n|turn|3\n|\n|t:|1700250727\n|-terastallize|p2a: Maushold|Normal\n|move|p1b: Dondozo|Protect|p1b: Dondozo\n|-singleturn|p1b: Dondozo|Protect\n|move|p2a: Maushold|Population Bomb|p1b: Dondozo\n|-activate|p1b: Dondozo|move: Protect\n|move|p1a: Tornadus|Bleakwind Storm|p2b: Klefki|[spread] p2a,p2b\n|-resisted|p2b: Klefki\n|-damage|p2a: Maushold|13\/100\n|-damage|p2b: Klefki|64\/100\n|-unboost|p2b: Klefki|spe|1\n|move|p2b: Klefki|Dazzling Gleam|p1b: Dondozo|[spread] p1a\n|-activate|p1b: Dondozo|move: Protect\n|-damage|p1a: Tornadus|67\/100\n|\n|-weather|RainDance|[upkeep]\n|upkeep\n|turn|4\n|\n|t:|1700250751\n|switch|p1a: Tatsugiri|Tatsugiri, L50, M|100\/100\n|-activate|p1a: Tatsugiri|ability: Commander|[of] p1b: Dondozo\n|-boost|p1b: Dondozo|atk|2\n|-boost|p1b: Dondozo|spa|2\n|-boost|p1b: Dondozo|spe|2\n|-boost|p1b: Dondozo|def|2\n|-boost|p1b: Dondozo|spd|2\n|move|p2a: Maushold|Population Bomb|p1b: Dondozo\n|-damage|p1b: Dondozo|96\/100\n|-damage|p1b: Dondozo|90\/100\n|-damage|p1b: Dondozo|85\/100\n|-damage|p1b: Dondozo|79\/100\n|-damage|p1b: Dondozo|73\/100\n|-damage|p1b: Dondozo|68\/100\n|-damage|p1b: Dondozo|62\/100\n|-damage|p1b: Dondozo|57\/100\n|-damage|p1b: Dondozo|51\/100\n|-damage|p1b: Dondozo|46\/100\n|-hitcount|p1b: Dondozo|10\n|move|p1b: Dondozo|Earthquake|p2a: Maushold|[spread] p2a,p2b\n|-miss|p1b: Dondozo|p1a: Tatsugiri\n|-supereffective|p2b: Klefki\n|-damage|p2a: Maushold|0 fnt\n|-damage|p2b: Klefki|7\/100\n|-enditem|p2b: Klefki|Aguav Berry|[eat]\n|-heal|p2b: Klefki|40\/100|[from] item: Aguav Berry\n|faint|p2a: Maushold\n|move|p2b: Klefki|Dazzling Gleam|p1a: Tatsugiri|[spread] p1b\n|-miss|p2b: Klefki|p1a: Tatsugiri\n|-damage|p1b: Dondozo|38\/100\n|\n|-weather|RainDance|[upkeep]\n|-heal|p1b: Dondozo|44\/100|[from] item: Leftovers\n|upkeep\n|inactive|Silverpowder has 30 seconds left.\n|\n|t:|1700250782\n|switch|p2a: Iron Hands|Iron Hands, L50|100\/100\n|turn|5\n|\n|t:|1700250796\n|move|p1b: Dondozo|Protect|p1b: Dondozo\n|-singleturn|p1b: Dondozo|Protect\n|move|p2a: Iron Hands|Thunder Punch|p1b: Dondozo\n|-activate|p1b: Dondozo|move: Protect\n|move|p2b: Klefki|Dazzling Gleam|p1b: Dondozo|[spread] \n|-miss|p2b: Klefki|p1a: Tatsugiri\n|-activate|p1b: Dondozo|move: Protect\n|\n|-weather|none\n|-heal|p1b: Dondozo|50\/100|[from] item: Leftovers\n|-fieldend|move: Psychic Terrain\n|upkeep\n|turn|6\n|\n|t:|1700250813\n|-terastallize|p1b: Dondozo|Grass\n|move|p2b: Klefki|Thunder Wave|p1b: Dondozo\n|-status|p1b: Dondozo|par\n|move|p2a: Iron Hands|Thunder Punch|p1b: Dondozo\n|-resisted|p1b: Dondozo\n|-damage|p1b: Dondozo|45\/100 par\n|move|p1b: Dondozo|Earthquake|p2b: Klefki|[spread] p2a,p2b\n|-miss|p1b: Dondozo|p1a: Tatsugiri\n|-supereffective|p2a: Iron Hands\n|-supereffective|p2b: Klefki\n|-damage|p2a: Iron Hands|55\/100\n|-damage|p2b: Klefki|0 fnt\n|faint|p2b: Klefki\n|\n|-heal|p1b: Dondozo|51\/100 par|[from] item: Leftovers\n|upkeep\n|turn|7\n|\n|t:|1700250830\n|move|p2a: Iron Hands|Ice Punch|p1b: Dondozo\n|-supereffective|p1b: Dondozo\n|-damage|p1b: Dondozo|36\/100 par\n|cant|p1b: Dondozo|par\n|\n|-heal|p1b: Dondozo|42\/100 par|[from] item: Leftovers\n|upkeep\n|turn|8\n|\n|t:|1700250843\n|move|p2a: Iron Hands|Ice Punch|p1b: Dondozo\n|-supereffective|p1b: Dondozo\n|-damage|p1b: Dondozo|27\/100 par\n|move|p1b: Dondozo|Earthquake|p2a: Iron Hands|[spread] p2a\n|-miss|p1b: Dondozo|p1a: Tatsugiri\n|-supereffective|p2a: Iron Hands\n|-damage|p2a: Iron Hands|9\/100\n|\n|-heal|p1b: Dondozo|34\/100 par|[from] item: Leftovers\n|upkeep\n|turn|9\n|c|\u2606JaySwifty25|gg\n|\n|t:|1700250853\n|move|p2a: Iron Hands|Ice Punch|p1b: Dondozo\n|-supereffective|p1b: Dondozo\n|-damage|p1b: Dondozo|20\/100 par\n|move|p1b: Dondozo|Wave Crash|p2a: Iron Hands\n|-damage|p2a: Iron Hands|0 fnt\n|faint|p2a: Iron Hands\n|-end|p2a: Iron Hands|Quark Drive|[silent]\n|-damage|p1b: Dondozo|17\/100 par|[from] Recoil\n|\n|win|JaySwifty25\n|raw|JaySwifty25's rating: 1037 &rarr; <strong>1074<\/strong><br \/>(+37 for winning)\n|raw|Silverpowder's rating: 1064 &rarr; <strong>1043<\/strong><br \/>(-21 for losing)\n|l|\u2606Silverpowder\n","uploadtime":1700250863,"views":9,"p1id":"jayswifty25","p2id":"silverpowder","formatid":"gen9vgc2023regulatione","rating":1043,"private":0,"password":""}