{"id":"gen9vgc2023regulatione-1994942131","p1":"A Million Deaths","p2":"LyneysBestFan","format":"[Gen 9] VGC 2023 Regulation E","log":"|j|\u2606A Million Deaths\n|j|\u2606LyneysBestFan\n|t:|1700506688\n|gametype|doubles\n|player|p1|A Million Deaths|acerola-masters|\n|player|p2|LyneysBestFan|kieran|\n|teamsize|p1|6\n|teamsize|p2|6\n|gen|9\n|tier|[Gen 9] VGC 2023 Regulation E\n|rule|Species Clause: Limit one of each Pok\u00e9mon\n|rule|Item Clause: Limit one of each item\n|clearpoke\n|poke|p1|Mimikyu, L50, F|\n|poke|p1|Crawdaunt, L50, M|\n|poke|p1|Clefairy, L50, F|\n|poke|p1|Basculegion, L50, M|\n|poke|p1|Ogerpon-Hearthflame, L50, F|\n|poke|p1|Fezandipiti, L50, M|\n|poke|p2|Kommo-o, L50, M|\n|poke|p2|Clefairy, L50, F|\n|poke|p2|Espeon, L50, M|\n|poke|p2|Flamigo, L50, M|\n|poke|p2|Ogerpon-Hearthflame, L50, F|\n|poke|p2|Ninetales-Alola, L50, F|\n|teampreview|4\n|\n|t:|1700506724\n|start\n|switch|p1a: Prime of Flesh|Crawdaunt, L50, M, shiny|100\/100\n|switch|p1b: Infernal Preach|Clefairy, L50, F|100\/100\n|switch|p2a: Ogerpon|Ogerpon-Hearthflame, L50, F|100\/100\n|switch|p2b: Clefairy|Clefairy, L50, F|100\/100\n|-ability|p2a: Ogerpon|Mold Breaker\n|turn|1\n|\n|t:|1700506741\n|move|p2b: Clefairy|Follow Me|p2b: Clefairy\n|-singleturn|p2b: Clefairy|move: Follow Me\n|move|p2a: Ogerpon|Swords Dance|p2a: Ogerpon\n|-boost|p2a: Ogerpon|atk|2\n|move|p1a: Prime of Flesh|Switcheroo|p2b: Clefairy\n|-activate|p1a: Prime of Flesh|move: Trick|[of] p2b: Clefairy\n|-item|p2b: Clefairy|Choice Band|[from] move: Switcheroo\n|-item|p1a: Prime of Flesh|Eviolite|[from] move: Switcheroo\n|move|p1b: Infernal Preach|Icy Wind|p2a: Ogerpon|[spread] p2a,p2b\n|-damage|p2a: Ogerpon|95\/100\n|-damage|p2b: Clefairy|94\/100\n|-unboost|p2a: Ogerpon|spe|1\n|-unboost|p2b: Clefairy|spe|1\n|\n|upkeep\n|turn|2\n|\n|t:|1700506788\n|switch|p1a: Eternal Lord|Mimikyu, L50, F, shiny|100\/100\n|move|p2b: Clefairy|Helping Hand|p2a: Ogerpon\n|-singleturn|p2a: Ogerpon|Helping Hand|[of] p2b: Clefairy\n|move|p2a: Ogerpon|Brick Break|p1a: Eternal Lord\n|-immune|p1a: Eternal Lord\n|move|p1b: Infernal Preach|Icy Wind|p2a: Ogerpon|[spread] p2a,p2b\n|-damage|p2a: Ogerpon|90\/100\n|-damage|p2b: Clefairy|88\/100\n|-unboost|p2a: Ogerpon|spe|1\n|-unboost|p2b: Clefairy|spe|1\n|\n|upkeep\n|turn|3\n|\n|t:|1700506816\n|move|p2b: Clefairy|Helping Hand|p2a: Ogerpon\n|-singleturn|p2a: Ogerpon|Helping Hand|[of] p2b: Clefairy\n|move|p1a: Eternal Lord|Swords Dance|p1a: Eternal Lord\n|-boost|p1a: Eternal Lord|atk|2\n|move|p2a: Ogerpon|Ivy Cudgel|p1b: Infernal Preach|[anim] Ivy Cudgel Fire\n|-crit|p1b: Infernal Preach\n|-damage|p1b: Infernal Preach|0 fnt\n|faint|p1b: Infernal Preach\n|\n|upkeep\n|\n|t:|1700506826\n|switch|p1b: Prime of Flesh|Crawdaunt, L50, M, shiny|100\/100\n|turn|4\n|\n|t:|1700506842\n|-terastallize|p1b: Prime of Flesh|Normal\n|move|p2b: Clefairy|Helping Hand|p2a: Ogerpon\n|-singleturn|p2a: Ogerpon|Helping Hand|[of] p2b: Clefairy\n|move|p1a: Eternal Lord|Shadow Sneak|p2a: Ogerpon\n|-damage|p2a: Ogerpon|58\/100\n|move|p2a: Ogerpon|Horn Leech|p1b: Prime of Flesh\n|-damage|p1b: Prime of Flesh|0 fnt\n|-heal|p2a: Ogerpon|100\/100|[from] drain|[of] p1b: Prime of Flesh\n|faint|p1b: Prime of Flesh\n|\n|upkeep\n|\n|t:|1700506852\n|switch|p1b: Demonic Agilbert|Ogerpon-Hearthflame, L50, F|100\/100\n|-ability|p1b: Demonic Agilbert|Mold Breaker\n|turn|5\n|\n|t:|1700506887\n|-terastallize|p2a: Ogerpon|Fire\n|detailschange|p2a: Ogerpon|Ogerpon-Hearthflame-Tera, L50, F, tera:Fire\n|-ability|p2a: Ogerpon|Embody Aspect (Hearthflame)|boost\n|-boost|p2a: Ogerpon|atk|1\n|move|p2b: Clefairy|Helping Hand|p2a: Ogerpon\n|-singleturn|p2a: Ogerpon|Helping Hand|[of] p2b: Clefairy\n|move|p1b: Demonic Agilbert|Spiky Shield|p1b: Demonic Agilbert\n|-singleturn|p1b: Demonic Agilbert|move: Protect\n|move|p1a: Eternal Lord|Shadow Sneak|p2b: Clefairy\n|-crit|p2b: Clefairy\n|-damage|p2b: Clefairy|7\/100\n|move|p2a: Ogerpon|Brick Break|p1b: Demonic Agilbert\n|-activate|p1b: Demonic Agilbert|move: Protect\n|-damage|p2a: Ogerpon|88\/100|[from] Spiky Shield|[of] p1b: Demonic Agilbert\n|\n|upkeep\n|turn|6\n|\n|t:|1700506966\n|move|p2b: Clefairy|Helping Hand|p2a: Ogerpon\n|-singleturn|p2a: Ogerpon|Helping Hand|[of] p2b: Clefairy\n|move|p1a: Eternal Lord|Shadow Sneak|p2a: Ogerpon\n|-damage|p2a: Ogerpon|53\/100\n|move|p1b: Demonic Agilbert|Stomping Tantrum|p2b: Clefairy\n|-damage|p2b: Clefairy|0 fnt\n|faint|p2b: Clefairy\n|move|p2a: Ogerpon|Brick Break|p1b: Demonic Agilbert\n|-damage|p1b: Demonic Agilbert|0 fnt\n|faint|p1b: Demonic Agilbert\n|\n|upkeep\n|\n|t:|1700506977\n|switch|p2b: Flamigo|Flamigo, L50, M|100\/100\n|-copyboost|p2b: Flamigo|p2a: Ogerpon|[from] ability: Costar\n|turn|7\n|\n|t:|1700506985\n|move|p1a: Eternal Lord|Shadow Sneak|p2a: Ogerpon\n|-damage|p2a: Ogerpon|6\/100\n|move|p2a: Ogerpon|Horn Leech|p1a: Eternal Lord\n|-activate|p1a: Eternal Lord|ability: Disguise\n|-damage|p1a: Eternal Lord|100\/100\n|detailschange|p1a: Eternal Lord|Mimikyu-Busted, L50, F, shiny\n|-damage|p1a: Eternal Lord|88\/100|[from] pokemon: Mimikyu-Busted\n|-enditem|p1a: Eternal Lord|Red Card|[of] p2a: Ogerpon\n|drag|p2a: Kommo-o|Kommo-o, L50, M, shiny|100\/100\n|move|p2b: Flamigo|Lunge|p1a: Eternal Lord\n|-resisted|p1a: Eternal Lord\n|-damage|p1a: Eternal Lord|61\/100\n|-unboost|p1a: Eternal Lord|atk|1\n|\n|upkeep\n|turn|8\n|\n|t:|1700507006\n|move|p1a: Eternal Lord|Destiny Bond|p1a: Eternal Lord\n|-singlemove|p1a: Eternal Lord|Destiny Bond\n|move|p2a: Kommo-o|Drain Punch|p1a: Eternal Lord\n|-immune|p1a: Eternal Lord\n|move|p2b: Flamigo|Acrobatics|p1a: Eternal Lord\n|-damage|p1a: Eternal Lord|0 fnt\n|faint|p1a: Eternal Lord\n|-activate|p1a: Eternal Lord|move: Destiny Bond\n|faint|p2b: Flamigo\n|\n|win|LyneysBestFan\n","uploadtime":1700507018,"views":9,"p1id":"amilliondeaths","p2id":"lyneysbestfan","formatid":"gen9vgc2023regulatione","rating":0,"private":0,"password":""}