{"id":"gen9vgc2023regulatione-1996746114","p1":"mabend","p2":"L10n Escanor","format":"[Gen 9] VGC 2023 Regulation E","log":"|j|\u2606mabend\n|j|\u2606L10n Escanor\n|t:|1700718197\n|gametype|doubles\n|player|p1|mabend|roxie|1176\n|player|p2|L10n Escanor|steven|1285\n|teamsize|p1|4\n|teamsize|p2|6\n|gen|9\n|tier|[Gen 9] VGC 2023 Regulation E\n|rated|\n|rule|Species Clause: Limit one of each Pok\u00e9mon\n|rule|Item Clause: Limit one of each item\n|clearpoke\n|poke|p1|Volcarona, L50, F|\n|poke|p1|Oricorio-Pom-Pom, L50, F|\n|poke|p1|Urshifu-*, L50, F|\n|poke|p1|Landorus-Therian, L50, M|\n|poke|p2|Flutter Mane, L50|\n|poke|p2|Iron Hands, L50|\n|poke|p2|Ogerpon-Hearthflame, L50, F|\n|poke|p2|Urshifu-*, L50, F|\n|poke|p2|Amoonguss, L50, F|\n|poke|p2|Tornadus, L50, M|\n|teampreview|4\nL10n Escanor has agreed to open team sheets.\n|\n|t:|1700718229\n|start\n|switch|p1a: Urshifu|Urshifu-Rapid-Strike, L50, F|100\/100\n|switch|p1b: Landorus|Landorus-Therian, L50, M|100\/100\n|switch|p2a: Flutter Mane|Flutter Mane, L50|100\/100\n|switch|p2b: Iron Hands|Iron Hands, L50, shiny|100\/100\n|-ability|p1b: Landorus|Intimidate|boost\n|-unboost|p2a: Flutter Mane|atk|1\n|-unboost|p2b: Iron Hands|atk|1\n|-enditem|p2a: Flutter Mane|Booster Energy\n|-activate|p2a: Flutter Mane|ability: Protosynthesis|[fromitem]\n|-start|p2a: Flutter Mane|protosynthesisspa\n|turn|1\n|\n|t:|1700718264\n|-terastallize|p1a: Urshifu|Poison\n|move|p2b: Iron Hands|Fake Out|p1a: Urshifu\n|-damage|p1a: Urshifu|91\/100\n|move|p1b: Landorus|Rock Slide|p2b: Iron Hands|[spread] p2a,p2b\n|-resisted|p2b: Iron Hands\n|-damage|p2a: Flutter Mane|70\/100\n|-damage|p2b: Iron Hands|94\/100\n|move|p2a: Flutter Mane|Moonblast|p1b: Landorus\n|-crit|p1b: Landorus\n|-damage|p1b: Landorus|0 fnt\n|faint|p1b: Landorus\n|cant|p1a: Urshifu|flinch\n|\n|upkeep\n|\n|t:|1700718278\n|switch|p1b: Oricorio|Oricorio-Pom-Pom, L50, F|100\/100\n|turn|2\n|\n|t:|1700718312\n|move|p2a: Flutter Mane|Moonblast|p1b: Oricorio\n|-damage|p1b: Oricorio|13\/100\n|move|p1b: Oricorio|Quiver Dance|p1b: Oricorio\n|-boost|p1b: Oricorio|spa|1\n|-boost|p1b: Oricorio|spd|1\n|-boost|p1b: Oricorio|spe|1\n|move|p1a: Urshifu|Poison Jab|p2a: Flutter Mane\n|-damage|p2a: Flutter Mane|3\/100\n|move|p2b: Iron Hands|Drain Punch|p1a: Urshifu\n|-resisted|p1a: Urshifu\n|-damage|p1a: Urshifu|78\/100\n|-heal|p2b: Iron Hands|99\/100|[from] drain|[of] p1a: Urshifu\n|\n|upkeep\n|turn|3\n|\n|t:|1700718349\n|move|p1b: Oricorio|Roost|p1b: Oricorio\n|-heal|p1b: Oricorio|63\/100\n|-singleturn|p1b: Oricorio|move: Roost\n|move|p2a: Flutter Mane|Moonblast|p1a: Urshifu\n|-resisted|p1a: Urshifu\n|-damage|p1a: Urshifu|34\/100\n|move|p1a: Urshifu|U-turn|p2a: Flutter Mane\n|-resisted|p2a: Flutter Mane\n|-damage|p2a: Flutter Mane|0 fnt\n|faint|p2a: Flutter Mane\n|-end|p2a: Flutter Mane|Protosynthesis|[silent]\n|\n|t:|1700718354\n|switch|p1a: Volcarona|Volcarona, L50, F|100\/100|[from] U-turn\n|move|p2b: Iron Hands|Thunder Punch|p1b: Oricorio\n|-resisted|p1b: Oricorio\n|-damage|p1b: Oricorio|47\/100\n|\n|upkeep\n|\n|t:|1700718366\n|switch|p2a: Tornadus|Tornadus, L50, M|100\/100\n|turn|4\n|\n|t:|1700718392\n|move|p2a: Tornadus|Rain Dance|p2a: Tornadus\n|-weather|RainDance\n|move|p1b: Oricorio|Revelation Dance|p2a: Tornadus\n|-supereffective|p2a: Tornadus\n|-damage|p2a: Tornadus|0 fnt\n|faint|p2a: Tornadus\n|move|p1a: Volcarona|Quiver Dance|p1a: Volcarona\n|-boost|p1a: Volcarona|spa|1\n|-boost|p1a: Volcarona|spd|1\n|-boost|p1a: Volcarona|spe|1\n|-activate|p1b: Oricorio|ability: Dancer\n|move|p1b: Oricorio|Quiver Dance|p1b: Oricorio|[from]ability: Dancer\n|-boost|p1b: Oricorio|spa|1\n|-boost|p1b: Oricorio|spd|1\n|-boost|p1b: Oricorio|spe|1\n|move|p2b: Iron Hands|Drain Punch|p1b: Oricorio\n|-resisted|p1b: Oricorio\n|-damage|p1b: Oricorio|31\/100\n|-heal|p2b: Iron Hands|100\/100|[from] drain|[of] p1b: Oricorio\n|\n|-weather|RainDance|[upkeep]\n|upkeep\n|\n|t:|1700718411\n|switch|p2a: Urshifu|Urshifu-Rapid-Strike, L50, F|100\/100\n|turn|5\n|\n|t:|1700718432\n|-terastallize|p2a: Urshifu|Water\n|move|p1b: Oricorio|Revelation Dance|p2a: Urshifu\n|-supereffective|p2a: Urshifu\n|-damage|p2a: Urshifu|0 fnt\n|faint|p2a: Urshifu\n|move|p1a: Volcarona|Quiver Dance|p1a: Volcarona\n|-boost|p1a: Volcarona|spa|1\n|-boost|p1a: Volcarona|spd|1\n|-boost|p1a: Volcarona|spe|1\n|-activate|p1b: Oricorio|ability: Dancer\n|move|p1b: Oricorio|Quiver Dance|p1b: Oricorio|[from]ability: Dancer\n|-boost|p1b: Oricorio|spa|1\n|-boost|p1b: Oricorio|spd|1\n|-boost|p1b: Oricorio|spe|1\n|move|p2b: Iron Hands|Thunder Punch|p1b: Oricorio\n|-damage|p1b: Oricorio|0 fnt\n|faint|p1b: Oricorio\n|\n|-weather|RainDance|[upkeep]\n|upkeep\n|\n|t:|1700718450\n|switch|p1b: Urshifu|Urshifu-Rapid-Strike, L50, F, tera:Poison|34\/100\n|turn|6\n|\n|t:|1700718463\n|move|p1a: Volcarona|Heat Wave|p2b: Iron Hands|[miss]\n|-miss|p1a: Volcarona|p2b: Iron Hands\n|move|p1b: Urshifu|Close Combat|p2b: Iron Hands\n|-damage|p2b: Iron Hands|62\/100\n|-unboost|p1b: Urshifu|def|1\n|-unboost|p1b: Urshifu|spd|1\n|move|p2b: Iron Hands|Heavy Slam|p1a: Volcarona\n|-resisted|p1a: Volcarona\n|-damage|p1a: Volcarona|84\/100\n|\n|-weather|RainDance|[upkeep]\n|-heal|p1a: Volcarona|91\/100|[from] item: Leftovers\n|upkeep\n|turn|7\n|\n|t:|1700718497\n|move|p1a: Volcarona|Heat Wave|p2b: Iron Hands\n|-damage|p2b: Iron Hands|39\/100\n|move|p1b: Urshifu|Surging Strikes|p2b: Iron Hands\n|-crit|p2b: Iron Hands\n|-damage|p2b: Iron Hands|19\/100\n|-crit|p2b: Iron Hands\n|-damage|p2b: Iron Hands|0 fnt\n|faint|p2b: Iron Hands\n|-end|p2b: Iron Hands|Quark Drive|[silent]\n|-hitcount|p2: Iron Hands|2\n|\n|win|mabend\n|raw|mabend's rating: 1176 &rarr; <strong>1209<\/strong><br \/>(+33 for winning)\n|raw|L10n Escanor's rating: 1285 &rarr; <strong>1252<\/strong><br \/>(-33 for losing)\n|l|\u2606mabend\n","uploadtime":1700718516,"views":4,"p1id":"mabend","p2id":"l10nescanor","formatid":"gen9vgc2023regulatione","rating":1209,"private":0,"password":""}