{"id":"gen9vgc2023regulatione-1996238452","p1":"Get red-y","p2":"brunikolas","format":"[Gen 9] VGC 2023 Regulation E","log":"|j|\u2606Get red-y\n|j|\u2606brunikolas\n|t:|1700662749\n|gametype|doubles\n|player|p1|Get red-y|red-gen2|1089\n|player|p2|brunikolas|170|1059\n|teamsize|p1|6\n|teamsize|p2|6\n|gen|9\n|tier|[Gen 9] VGC 2023 Regulation E\n|rated|\n|rule|Species Clause: Limit one of each Pok\u00e9mon\n|rule|Item Clause: Limit one of each item\n|clearpoke\n|poke|p1|Scizor, L50, F|\n|poke|p1|Gothitelle, L50, M|\n|poke|p1|Enamorus, L50, F|\n|poke|p1|Azumarill, L50, F|\n|poke|p1|Brambleghast, L50, M|\n|poke|p1|Tornadus, L50, M|\n|poke|p2|Slaking, L50, M|\n|poke|p2|Weezing-Galar, L50, F|\n|poke|p2|Zoroark-Hisui, L50, M|\n|poke|p2|Iron Hands, L50|\n|poke|p2|Flutter Mane, L50|\n|poke|p2|Roaring Moon, L50|\n|teampreview|4\n|inactive|Battle timer is ON: inactive players will automatically lose when time's up. (requested by Get red-y)\nbrunikolas rejected open team sheets.\n|\n|t:|1700662800\n|start\n|switch|p1a: Scizor|Scizor, L50, F|100\/100\n|switch|p1b: Gothitelle|Gothitelle, L50, M, shiny|100\/100\n|switch|p2a: Slaking|Slaking, L50, M|100\/100\n|switch|p2b: Weezing|Weezing-Galar, L50, F|100\/100\n|-ability|p2b: Weezing|Neutralizing Gas\n|turn|1\n|\n|t:|1700662825\n|-end|p2b: Weezing|ability: Neutralizing Gas\n|switch|p2b: Iron Hands|Iron Hands, L50|100\/100\n|move|p1b: Gothitelle|Fake Out|p2a: Slaking\n|-damage|p2a: Slaking|96\/100\n|cant|p2a: Slaking|flinch\n|move|p1a: Scizor|Swords Dance|p1a: Scizor\n|-boost|p1a: Scizor|atk|2\n|\n|upkeep\n|turn|2\n|inactive|brunikolas has 30 seconds left.\n|\n|t:|1700662854\n|move|p1a: Scizor|Bullet Punch|p2a: Slaking\n|-damage|p2a: Slaking|30\/100\n|-damage|p1a: Scizor|91\/100|[from] item: Life Orb\n|cant|p2a: Slaking|ability: Truant\n|move|p1b: Gothitelle|Psychic|p2a: Slaking\n|-damage|p2a: Slaking|0 fnt\n|faint|p2a: Slaking\n|move|p2b: Iron Hands|Drain Punch|p1a: Scizor\n|-damage|p1a: Scizor|47\/100\n|\n|upkeep\n|\n|t:|1700662865\n|switch|p2a: Weezing|Weezing-Galar, L50, F|100\/100\n|-ability|p2a: Weezing|Neutralizing Gas\n|turn|3\n|inactive|brunikolas has 30 seconds left.\n|\n|t:|1700662895\n|-terastallize|p2a: Weezing|Poison\n|move|p1a: Scizor|Protect|p1a: Scizor\n|-singleturn|p1a: Scizor|Protect\n|move|p2a: Weezing|Clear Smog|p1a: Scizor\n|-activate|p1a: Scizor|move: Protect\n|move|p1b: Gothitelle|Psychic|p2b: Iron Hands\n|-supereffective|p2b: Iron Hands\n|-damage|p2b: Iron Hands|65\/100\n|move|p2b: Iron Hands|Wild Charge|p1b: Gothitelle\n|-damage|p1b: Gothitelle|41\/100\n|-damage|p2b: Iron Hands|55\/100|[from] Recoil\n|\n|-heal|p1b: Gothitelle|47\/100|[from] item: Leftovers\n|upkeep\n|turn|4\n|\n|t:|1700662917\n|move|p1a: Scizor|Bullet Punch|p2b: Iron Hands\n|-resisted|p2b: Iron Hands\n|-damage|p2b: Iron Hands|37\/100\n|-damage|p1a: Scizor|37\/100|[from] item: Life Orb\n|move|p2a: Weezing|Dazzling Gleam|p1b: Gothitelle|[spread] p1a,p1b\n|-resisted|p1a: Scizor\n|-damage|p1a: Scizor|27\/100\n|-damage|p1b: Gothitelle|36\/100\n|move|p1b: Gothitelle|Psychic|p2b: Iron Hands\n|-supereffective|p2b: Iron Hands\n|-damage|p2b: Iron Hands|5\/100\n|-unboost|p2b: Iron Hands|spd|1\n|move|p2b: Iron Hands|Drain Punch|p1a: Scizor\n|-damage|p1a: Scizor|0 fnt\n|-heal|p2b: Iron Hands|14\/100|[from] drain|[of] p1a: Scizor\n|faint|p1a: Scizor\n|\n|-heal|p1b: Gothitelle|42\/100|[from] item: Leftovers\n|upkeep\n|\n|t:|1700662940\n|switch|p1a: Enamorus|Enamorus, L50, F, shiny|100\/100\n|turn|5\n|inactive|brunikolas has 30 seconds left.\n|\n|t:|1700662970\n|-terastallize|p1a: Enamorus|Steel\n|move|p1a: Enamorus|Dazzling Gleam|p2b: Iron Hands|[spread] p2a,p2b\n|-resisted|p2a: Weezing\n|-supereffective|p2b: Iron Hands\n|-damage|p2a: Weezing|82\/100\n|-damage|p2b: Iron Hands|0 fnt\n|faint|p2b: Iron Hands\n|-end|p2b: Iron Hands|Quark Drive|[silent]\n|move|p2a: Weezing|Dazzling Gleam|p1a: Enamorus|[spread] p1a,p1b\n|-resisted|p1a: Enamorus\n|-damage|p1a: Enamorus|92\/100\n|-damage|p1b: Gothitelle|30\/100\n|move|p1b: Gothitelle|Psychic|p2a: Weezing\n|-supereffective|p2a: Weezing\n|-damage|p2a: Weezing|18\/100\n|\n|-heal|p2a: Weezing|24\/100|[from] item: Leftovers\n|-heal|p1b: Gothitelle|36\/100|[from] item: Leftovers\n|upkeep\n|\n|t:|1700662984\n|switch|p2b: Roaring Moon|Roaring Moon, L50|100\/100\n|-enditem|p2b: Roaring Moon|Booster Energy\n|-activate|p2b: Roaring Moon|ability: Protosynthesis|[fromitem]\n|-start|p2b: Roaring Moon|protosynthesisspe\n|turn|6\n|inactive|brunikolas has 30 seconds left.\n|inactive|brunikolas has 20 seconds left.\n|\n|t:|1700663021\n|move|p2b: Roaring Moon|Knock Off|p1a: Enamorus\n|-damage|p1a: Enamorus|13\/100\n|-enditem|p1a: Enamorus|Assault Vest|[from] move: Knock Off|[of] p2b: Roaring Moon\n|move|p1a: Enamorus|Dazzling Gleam|p2b: Roaring Moon|[spread] p2a,p2b\n|-resisted|p2a: Weezing\n|-supereffective|p2b: Roaring Moon\n|-damage|p2a: Weezing|7\/100\n|-damage|p2b: Roaring Moon|0 fnt\n|faint|p2b: Roaring Moon\n|-end|p2b: Roaring Moon|Protosynthesis|[silent]\n|move|p2a: Weezing|Destiny Bond|p2a: Weezing\n|-singlemove|p2a: Weezing|Destiny Bond\n|move|p1b: Gothitelle|Psychic|p2a: Weezing\n|-supereffective|p2a: Weezing\n|-damage|p2a: Weezing|0 fnt\n|faint|p2a: Weezing\n|-activate|p2a: Weezing|move: Destiny Bond\n|-end|p2a: Weezing|ability: Neutralizing Gas\n|faint|p1b: Gothitelle\n|\n|win|Get red-y\n|raw|Get red-y's rating: 1089 &rarr; <strong>1113<\/strong><br \/>(+24 for winning)\n|raw|brunikolas's rating: 1059 &rarr; <strong>1042<\/strong><br \/>(-17 for losing)\n","uploadtime":1700663041,"views":8,"p1id":"getredy","p2id":"brunikolas","formatid":"gen9vgc2023regulatione","rating":1042,"private":0,"password":""}