{"id":"gen9vgc2023regulatione-1995282397","p1":"12soul","p2":"kjtheguy","format":"[Gen 9] VGC 2023 Regulation E","log":"|j|\u260612soul\n|j|\u2606kjtheguy\n|t:|1700546364\n|gametype|doubles\n|player|p1|12soul|cynthia|1240\n|player|p2|kjtheguy|2|1142\n|teamsize|p1|6\n|teamsize|p2|6\n|gen|9\n|tier|[Gen 9] VGC 2023 Regulation E\n|rated|\n|rule|Species Clause: Limit one of each Pok\u00e9mon\n|rule|Item Clause: Limit one of each item\n|clearpoke\n|poke|p1|Volcarona, L50, F|\n|poke|p1|Oricorio-Pom-Pom, L50, M|\n|poke|p1|Iron Hands, L50|\n|poke|p1|Ninetales-Alola, L50, F|\n|poke|p1|Gholdengo, L50|\n|poke|p1|Murkrow, L50, F|\n|poke|p2|Ogerpon-Cornerstone, L50, F|\n|poke|p2|Tyranitar, L50, F|\n|poke|p2|Iron Thorns, L50|\n|poke|p2|Ting-Lu, L50|\n|poke|p2|Fezandipiti, L50, M|\n|poke|p2|Iron Bundle, L50|\n|teampreview|4\n|inactive|Battle timer is ON: inactive players will automatically lose when time's up. (requested by 12soul)\n|inactive|kjtheguy has 60 seconds left.\n|\n|t:|1700546408\n|start\n|switch|p1a: Murkrow|Murkrow, L50, F|100\/100\n|switch|p1b: Gholdengo|Gholdengo, L50|100\/100\n|switch|p2a: Iron Bundle|Iron Bundle, L50|100\/100\n|switch|p2b: Tyranitar|Tyranitar, L50, F|100\/100\n|-weather|Sandstorm|[from] ability: Sand Stream|[of] p2b: Tyranitar\n|turn|1\n|inactive|12soul has 30 seconds left.\n|inactive|kjtheguy has 30 seconds left.\n|\n|t:|1700546440\n|move|p2b: Tyranitar|Protect|p2b: Tyranitar\n|-singleturn|p2b: Tyranitar|Protect\n|move|p1a: Murkrow|Tailwind|p1a: Murkrow\n|-sidestart|p1: 12soul|move: Tailwind\n|move|p1b: Gholdengo|Make It Rain|p2a: Iron Bundle|[spread] p2a\n|-activate|p2b: Tyranitar|move: Protect\n|-damage|p2a: Iron Bundle|0 fnt\n|-unboost|p1b: Gholdengo|spa|1\n|faint|p2a: Iron Bundle\n|-end|p2a: Iron Bundle|Quark Drive|[silent]\n|-damage|p1b: Gholdengo|91\/100|[from] item: Life Orb\n|\n|-weather|Sandstorm|[upkeep]\n|-damage|p1a: Murkrow|95\/100|[from] Sandstorm\n|upkeep\n|\n|t:|1700546454\n|switch|p2a: Ogerpon|Ogerpon-Cornerstone, L50, F|100\/100\n|turn|2\n|\n|t:|1700546471\n|move|p1a: Murkrow|Haze|p1a: Murkrow\n|-clearallboost\n|move|p1b: Gholdengo|Make It Rain|p2b: Tyranitar|[spread] p2a,p2b\n|-supereffective|p2a: Ogerpon\n|-crit|p2a: Ogerpon\n|-supereffective|p2b: Tyranitar\n|-ability|p2a: Ogerpon|Sturdy\n|-damage|p2a: Ogerpon|1\/100\n|-damage|p2b: Tyranitar|12\/100\n|-unboost|p1b: Gholdengo|spa|1\n|-damage|p1b: Gholdengo|81\/100|[from] item: Life Orb\n|move|p2a: Ogerpon|Ivy Cudgel|p1a: Murkrow|[anim] Ivy Cudgel Rock\n|-supereffective|p1a: Murkrow\n|-damage|p1a: Murkrow|0 fnt\n|faint|p1a: Murkrow\n|move|p2b: Tyranitar|Fire Punch|p1b: Gholdengo\n|-supereffective|p1b: Gholdengo\n|-damage|p1b: Gholdengo|3\/100\n|-status|p1b: Gholdengo|brn\n|\n|-weather|Sandstorm|[upkeep]\n|-damage|p1b: Gholdengo|0 fnt|[from] brn\n|faint|p1b: Gholdengo\n|upkeep\n|\n|t:|1700546486\n|switch|p1a: Iron Hands|Iron Hands, L50|100\/100\n|switch|p1b: Ninetales|Ninetales-Alola, L50, F|100\/100\n|-weather|Snow|[from] ability: Snow Warning|[of] p1b: Ninetales\n|turn|3\n|\n|t:|1700546504\n|switch|p2b: Fezandipiti|Fezandipiti, L50, M|100\/100\n|move|p2a: Ogerpon|Spiky Shield|p2a: Ogerpon\n|-singleturn|p2a: Ogerpon|move: Protect\n|move|p1a: Iron Hands|Fake Out|p2b: Fezandipiti\n|-damage|p2b: Fezandipiti|84\/100\n|move|p1b: Ninetales|Aurora Veil|p1b: Ninetales\n|-sidestart|p1: 12soul|move: Aurora Veil\n|\n|-weather|Snow|[upkeep]\n|upkeep\n|turn|4\n|\n|t:|1700546527\n|-terastallize|p1b: Ninetales|Ghost\n|move|p1b: Ninetales|Blizzard|p2a: Ogerpon|[spread] p2a,p2b\n|-supereffective|p2a: Ogerpon\n|-damage|p2a: Ogerpon|0 fnt\n|-damage|p2b: Fezandipiti|64\/100\n|faint|p2a: Ogerpon\n|move|p1a: Iron Hands|Heavy Slam|p2b: Fezandipiti\n|-supereffective|p2b: Fezandipiti\n|-damage|p2b: Fezandipiti|0 fnt\n|faint|p2b: Fezandipiti\n|\n|-weather|Snow|[upkeep]\n|-sideend|p1: 12soul|move: Tailwind\n|upkeep\n|\n|t:|1700546536\n|switch|p2a: Tyranitar|Tyranitar, L50, F|12\/100\n|-weather|Sandstorm|[from] ability: Sand Stream|[of] p2a: Tyranitar\n|turn|5\n|\n|t:|1700546541\n|move|p1b: Ninetales|Moonblast|p2a: Tyranitar\n|-supereffective|p2a: Tyranitar\n|-damage|p2a: Tyranitar|0 fnt\n|faint|p2a: Tyranitar\n|\n|win|12soul\n|raw|12soul's rating: 1240 &rarr; <strong>1258<\/strong><br \/>(+18 for winning)\n|raw|kjtheguy's rating: 1142 &rarr; <strong>1124<\/strong><br \/>(-18 for losing)\n","uploadtime":1700546547,"views":6,"p1id":"12soul","p2id":"kjtheguy","formatid":"gen9vgc2023regulatione","rating":1124,"private":0,"password":""}