{"id":"gen9vgc2023regulatione-1995317201","p1":"kritath","p2":"Ferxious","format":"[Gen 9] VGC 2023 Regulation E","log":"|j|\u2606kritath\n|j|\u2606Ferxious\n|t:|1700552592\n|gametype|doubles\n|player|p1|kritath|policeman-gen4|1238\n|player|p2|Ferxious|102|1121\n|teamsize|p1|6\n|teamsize|p2|6\n|gen|9\n|tier|[Gen 9] VGC 2023 Regulation E\n|rated|\n|rule|Species Clause: Limit one of each Pok\u00e9mon\n|rule|Item Clause: Limit one of each item\n|clearpoke\n|poke|p1|Heatran, L50, F|\n|poke|p1|Rillaboom, L50, M|\n|poke|p1|Urshifu-*, L50, M|\n|poke|p1|Flutter Mane, L50|\n|poke|p1|Tornadus, L50, M|\n|poke|p1|Chien-Pao, L50|\n|poke|p2|Flutter Mane, L50|\n|poke|p2|Chi-Yu, L50|\n|poke|p2|Farigiraf, L50, F|\n|poke|p2|Gyarados, L50, M|\n|poke|p2|Landorus-Therian, L50, M|\n|poke|p2|Iron Hands, L50|\n|teampreview|4\n|inactive|Battle timer is ON: inactive players will automatically lose when time's up. (requested by kritath)\nkritath has agreed to open team sheets.\n|\n|t:|1700552623\n|start\n|switch|p1a: Flutter Mane|Flutter Mane, L50|100\/100\n|switch|p1b: Urshifu|Urshifu-Rapid-Strike, L50, M|100\/100\n|switch|p2a: Farigiraf|Farigiraf, L50, F|100\/100\n|switch|p2b: Landorus|Landorus-Therian, L50, M|100\/100\n|-ability|p2b: Landorus|Intimidate|boost\n|-unboost|p1a: Flutter Mane|atk|1\n|-unboost|p1b: Urshifu|atk|1\n|turn|1\n|\n|t:|1700552640\n|switch|p2b: Gyarados|Gyarados, L50, M|100\/100\n|-ability|p2b: Gyarados|Intimidate|boost\n|-unboost|p1a: Flutter Mane|atk|1\n|-unboost|p1b: Urshifu|atk|1\n|-terastallize|p1b: Urshifu|Water\n|move|p1b: Urshifu|Surging Strikes|p2a: Farigiraf\n|-crit|p2a: Farigiraf\n|-damage|p2a: Farigiraf|72\/100\n|-crit|p2a: Farigiraf\n|-damage|p2a: Farigiraf|46\/100\n|-enditem|p2a: Farigiraf|Sitrus Berry|[eat]\n|-heal|p2a: Farigiraf|71\/100|[from] item: Sitrus Berry\n|-crit|p2a: Farigiraf\n|-damage|p2a: Farigiraf|42\/100\n|-hitcount|p2a: Farigiraf|3\n|move|p1a: Flutter Mane|Moonblast|p2a: Farigiraf\n|-damage|p2a: Farigiraf|0 fnt\n|faint|p2a: Farigiraf\n|\n|upkeep\n|\n|t:|1700552659\n|switch|p2a: Landorus|Landorus-Therian, L50, M|100\/100\n|-ability|p2a: Landorus|Intimidate|boost\n|-unboost|p1a: Flutter Mane|atk|1\n|-unboost|p1b: Urshifu|atk|1\n|turn|2\n|\n|t:|1700552675\n|move|p2a: Landorus|Rock Slide|p1b: Urshifu|[spread] p1a,p1b\n|-damage|p1a: Flutter Mane|49\/100\n|-damage|p1b: Urshifu|77\/100\n|move|p1b: Urshifu|Surging Strikes|p2a: Landorus\n|-supereffective|p2a: Landorus\n|-crit|p2a: Landorus\n|-damage|p2a: Landorus|27\/100\n|-supereffective|p2a: Landorus\n|-crit|p2a: Landorus\n|-damage|p2a: Landorus|0 fnt\n|faint|p2a: Landorus\n|-hitcount|p2: Landorus|2\n|move|p1a: Flutter Mane|Moonblast|p2b: Gyarados\n|-damage|p2b: Gyarados|31\/100\n|-unboost|p2b: Gyarados|spa|1\n|move|p2b: Gyarados|Icy Wind|p1b: Urshifu|[spread] p1a\n|-miss|p2b: Gyarados|p1b: Urshifu\n|-damage|p1a: Flutter Mane|44\/100\n|-unboost|p1a: Flutter Mane|spe|1\n|\n|upkeep\n|\n|t:|1700552693\n|switch|p2a: Chi-Yu|Chi-Yu, L50|100\/100\n|-ability|p2a: Chi-Yu|Beads of Ruin\n|turn|3\n|\n|t:|1700552700\n|switch|p1b: Chien-Pao|Chien-Pao, L50|100\/100\n|-ability|p1b: Chien-Pao|Sword of Ruin\n|-end|p1a: Flutter Mane|Protosynthesis|[silent]\n|switch|p1a: Rillaboom|Rillaboom, L50, M|100\/100\n|-fieldstart|move: Grassy Terrain|[from] ability: Grassy Surge|[of] p1a: Rillaboom\n|-terastallize|p2a: Chi-Yu|Grass\n|move|p2a: Chi-Yu|Tera Blast|p1b: Chien-Pao|[anim] Tera Blast Grass\n|-enditem|p1b: Chien-Pao|Focus Sash\n|-damage|p1b: Chien-Pao|1\/100\n|move|p2b: Gyarados|Waterfall|p1a: Rillaboom\n|-resisted|p1a: Rillaboom\n|-damage|p1a: Rillaboom|78\/100\n|\n|-heal|p1b: Chien-Pao|7\/100|[from] Grassy Terrain\n|-heal|p1a: Rillaboom|84\/100|[from] Grassy Terrain\n|upkeep\n|turn|4\n|inactive|kritath has 30 seconds left.\n|inactive|Ferxious has 30 seconds left.\n|\n|t:|1700552733\n|move|p1a: Rillaboom|Fake Out|p2a: Chi-Yu\n|-damage|p2a: Chi-Yu|71\/100\n|move|p1b: Chien-Pao|Icicle Crash|p2a: Chi-Yu\n|-supereffective|p2a: Chi-Yu\n|-damage|p2a: Chi-Yu|0 fnt\n|faint|p2a: Chi-Yu\n|move|p2b: Gyarados|Waterfall|p1b: Chien-Pao\n|-crit|p1b: Chien-Pao\n|-damage|p1b: Chien-Pao|0 fnt\n|faint|p1b: Chien-Pao\n|\n|-heal|p1a: Rillaboom|90\/100|[from] Grassy Terrain\n|upkeep\n|\n|t:|1700552739\n|switch|p1b: Flutter Mane|Flutter Mane, L50|44\/100\n|turn|5\n|-message|Ferxious forfeited.\n|\n|win|kritath\n|raw|kritath's rating: 1238 &rarr; <strong>1255<\/strong><br \/>(+17 for winning)\n|raw|Ferxious's rating: 1121 &rarr; <strong>1104<\/strong><br \/>(-17 for losing)\n|l|\u2606Ferxious\n","uploadtime":1700552747,"views":1,"p1id":"kritath","p2id":"ferxious","formatid":"gen9vgc2023regulatione","rating":1104,"private":0,"password":""}