{"id":"gen9vgc2023regulatione-1989826303","p1":"Vaain","p2":"zandobando","format":"[Gen 9] VGC 2023 Regulation E","log":"|j|\u2606Vaain\n|j|\u2606zandobando\n|t:|1699898975\n|gametype|doubles\n|player|p1|Vaain|101|\n|player|p2|zandobando|sabrina-lgpe|\n|teamsize|p1|6\n|teamsize|p2|6\n|gen|9\n|tier|[Gen 9] VGC 2023 Regulation E\n|rated|Tournament battle\n|rule|Species Clause: Limit one of each Pok\u00e9mon\n|rule|Item Clause: Limit one of each item\n|clearpoke\n|poke|p1|Iron Hands, L50|\n|poke|p1|Cresselia, L50, F|\n|poke|p1|Ogerpon-Wellspring, L50, F|\n|poke|p1|Gholdengo, L50|\n|poke|p1|Chien-Pao, L50|\n|poke|p1|Talonflame, L50, M|\n|poke|p2|Zapdos-Galar, L50|\n|poke|p2|Tornadus, L50, M|\n|poke|p2|Ogerpon-Hearthflame, L50, F|\n|poke|p2|Flutter Mane, L50|\n|poke|p2|Rillaboom, L50, F|\n|poke|p2|Urshifu-*, L50, M|\n|teampreview|4\n|showteam|p1|Iron Hands||AssaultVest|QuarkDrive|HeavySlam,DrainPunch,WildCharge,FakeOut||||||50|,,,,,Steel]Cresselia||LightClay|Levitate|LightScreen,Reflect,AllySwitch,Psychic|||F|||50|,,,,,Psychic]Ogerpon-Wellspring||WellspringMask|WaterAbsorb|IvyCudgel,SpikyShield,HornLeech,KnockOff|||F|||50|,,,,,Water]Gholdengo||LifeOrb|GoodasGold|ShadowBall,MakeItRain,Protect,Thunderbolt||||||50|,,,,,Steel]Chien-Pao||FocusSash|SwordofRuin|Protect,IceSpinner,SuckerPunch,Crunch||||||50|,,,,,Dark]Talonflame||CovertCloak|GaleWings|Tailwind,Protect,WillOWisp,FlareBlitz|||M|||50|,,,,,Fire\n|showteam|p2|Zapdos-Galar||GrassySeed|Defiant|Acrobatics,ThunderousKick,TeraBlast,Detect||||||50|,,,,,Steel]Tornadus||CovertCloak|Prankster|Tailwind,IcyWind,BleakwindStorm,SunnyDay|||M|||50|,,,,,Flying]Ogerpon-Hearthflame||HearthflameMask|MoldBreaker|IvyCudgel,HornLeech,FollowMe,SpikyShield|||F|||50|,,,,,Fire]Flutter Mane||ChoiceSpecs|Protosynthesis|DazzlingGleam,Moonblast,ShadowBall,IcyWind||||||50|,,,,,Fairy]Rillaboom||AssaultVest|GrassySurge|FakeOut,GrassyGlide,HighHorsepower,DrumBeating|||F|||50|,,,,,Fire]Urshifu-Rapid-Strike||ChoiceScarf|UnseenFist|SurgingStrikes,AquaJet,CloseCombat,Uturn|||M|||50|,,,,,Water\n|inactive|Battle timer is ON: inactive players will automatically lose when time's up. (requested by zandobando)\n|inactive|Vaain also wants the timer to be on.\n|c|\u2606Vaain|glhf\n|c|\u2606zandobando|u2\n|inactive|Vaain has 60 seconds left.\n|inactive|zandobando has 60 seconds left.\n|inactive|Vaain has 30 seconds left.\n|\n|t:|1699899040\n|start\n|switch|p1a: Kubo|Chien-Pao, L50|100\/100\n|switch|p1b: ChickHicks|Talonflame, L50, M|100\/100\n|switch|p2a: Zapdos|Zapdos-Galar, L50, shiny|100\/100\n|switch|p2b: Rillaboom|Rillaboom, L50, F|100\/100\n|-ability|p1a: Kubo|Sword of Ruin\n|-fieldstart|move: Grassy Terrain|[from] ability: Grassy Surge|[of] p2b: Rillaboom\n|-enditem|p2a: Zapdos|Grassy Seed\n|-boost|p2a: Zapdos|def|1|[from] item: Grassy Seed\n|turn|1\n|inactive|zandobando has 30 seconds left.\n|inactive|zandobando has 20 seconds left.\n|inactive|zandobando has 15 seconds left.\n|\n|t:|1699899084\n|-terastallize|p2a: Zapdos|Steel\n|move|p1a: Kubo|Protect|p1a: Kubo\n|-singleturn|p1a: Kubo|Protect\n|move|p2b: Rillaboom|Fake Out|p1b: ChickHicks\n|-damage|p1b: ChickHicks|75\/100\n|move|p1b: ChickHicks|Tailwind|p1b: ChickHicks\n|-sidestart|p1: Vaain|move: Tailwind\n|move|p2a: Zapdos|Acrobatics|p1a: Kubo\n|-activate|p1a: Kubo|move: Protect\n|\n|upkeep\n|turn|2\n|c|\u2606zandobando|i can't read\n|c|\u2606Vaain|lmao\n|inactive|Vaain has 30 seconds left.\n|inactive|zandobando has 30 seconds left.\n|inactive|zandobando has 20 seconds left.\n|inactive|zandobando has 15 seconds left.\n|inactive|zandobando has 10 seconds left.\n|\n|t:|1699899129\n|switch|p2b: Flutter Mane|Flutter Mane, L50|100\/100\n|move|p1a: Kubo|Ice Spinner|p2b: Flutter Mane\n|-damage|p2b: Flutter Mane|18\/100\n|-fieldend|move: Grassy Terrain\n|move|p1b: ChickHicks|Flare Blitz|p2b: Flutter Mane\n|-damage|p2b: Flutter Mane|0 fnt\n|faint|p2b: Flutter Mane\n|-end|p2b: Flutter Mane|Protosynthesis|[silent]\n|-damage|p1b: ChickHicks|70\/100|[from] Recoil\n|move|p2a: Zapdos|Thunderous Kick|p1a: Kubo\n|-supereffective|p1a: Kubo\n|-enditem|p1a: Kubo|Focus Sash\n|-damage|p1a: Kubo|1\/100\n|-unboost|p1a: Kubo|def|1\n|\n|upkeep\n|\n|t:|1699899151\n|switch|p2b: Ogerpon|Ogerpon-Hearthflame, L50, F|100\/100\n|-ability|p2b: Ogerpon|Mold Breaker\n|turn|3\n|\n|t:|1699899172\n|move|p2b: Ogerpon|Spiky Shield|p2b: Ogerpon\n|-singleturn|p2b: Ogerpon|move: Protect\n|move|p1a: Kubo|Crunch|p2b: Ogerpon\n|-activate|p2b: Ogerpon|move: Protect\n|-damage|p1a: Kubo|0 fnt|[from] Spiky Shield|[of] p2b: Ogerpon\n|faint|p1a: Kubo\n|move|p1b: ChickHicks|Will-O-Wisp|p2a: Zapdos\n|-status|p2a: Zapdos|brn\n|move|p2a: Zapdos|Acrobatics|p1b: ChickHicks\n|-damage|p1b: ChickHicks|33\/100\n|\n|-damage|p2a: Zapdos|94\/100 brn|[from] brn\n|upkeep\n|\n|t:|1699899188\n|switch|p1a: Them Hands|Iron Hands, L50, shiny|100\/100\n|turn|4\n|inactive|zandobando has 30 seconds left.\n|\n|t:|1699899213\n|switch|p2b: Rillaboom|Rillaboom, L50, F|100\/100\n|-fieldstart|move: Grassy Terrain|[from] ability: Grassy Surge|[of] p2b: Rillaboom\n|move|p1a: Them Hands|Fake Out|p2b: Rillaboom\n|-damage|p2b: Rillaboom|88\/100\n|move|p1b: ChickHicks|Flare Blitz|p2a: Zapdos\n|-supereffective|p2a: Zapdos\n|-damage|p2a: Zapdos|42\/100 brn\n|-damage|p1b: ChickHicks|18\/100|[from] Recoil\n|move|p2a: Zapdos|Acrobatics|p1b: ChickHicks\n|-damage|p1b: ChickHicks|0 fnt\n|faint|p1b: ChickHicks\n|\n|-heal|p2a: Zapdos|48\/100 brn|[from] Grassy Terrain\n|-heal|p2b: Rillaboom|94\/100|[from] Grassy Terrain\n|-damage|p2a: Zapdos|42\/100 brn|[from] brn\n|-sideend|p1: Vaain|move: Tailwind\n|upkeep\n|\n|t:|1699899226\n|switch|p1b: Loona|Cresselia, L50, F|100\/100\n|turn|5\n|inactive|zandobando has 30 seconds left.\n|\n|t:|1699899252\n|move|p2a: Zapdos|Thunderous Kick|p1a: Them Hands\n|-damage|p1a: Them Hands|88\/100\n|-unboost|p1a: Them Hands|def|1\n|move|p2b: Rillaboom|High Horsepower|p1a: Them Hands\n|-supereffective|p1a: Them Hands\n|-damage|p1a: Them Hands|29\/100\n|move|p1b: Loona|Reflect|p1b: Loona\n|-sidestart|p1: Vaain|Reflect\n|move|p1a: Them Hands|Drain Punch|p2a: Zapdos\n|-supereffective|p2a: Zapdos\n|-damage|p2a: Zapdos|0 fnt\n|-heal|p1a: Them Hands|44\/100|[from] drain|[of] p2a: Zapdos\n|faint|p2a: Zapdos\n|\n|-heal|p2b: Rillaboom|99\/100|[from] Grassy Terrain\n|-heal|p1a: Them Hands|50\/100|[from] Grassy Terrain\n|upkeep\n|\n|t:|1699899267\n|switch|p2a: Ogerpon|Ogerpon-Hearthflame, L50, F|100\/100\n|-ability|p2a: Ogerpon|Mold Breaker\n|turn|6\n|\n|t:|1699899285\n|move|p1b: Loona|Ally Switch|p1b: Loona\n|swap|p1b: Loona|0|[from] move: Ally Switch\n|move|p2a: Ogerpon|Ivy Cudgel|p1a: Loona\n|-damage|p1a: Loona|73\/100\n|move|p2b: Rillaboom|High Horsepower|p1a: Loona\n|-immune|p1a: Loona|[from] ability: Levitate\n|move|p1b: Them Hands|Drain Punch|p2a: Ogerpon\n|-damage|p2a: Ogerpon|63\/100\n|-heal|p1b: Them Hands|65\/100|[from] drain|[of] p2a: Ogerpon\n|\n|-heal|p2a: Ogerpon|69\/100|[from] Grassy Terrain\n|-heal|p2b: Rillaboom|100\/100|[from] Grassy Terrain\n|-heal|p1b: Them Hands|71\/100|[from] Grassy Terrain\n|upkeep\n|turn|7\n|\n|t:|1699899310\n|move|p2a: Ogerpon|Spiky Shield|p2a: Ogerpon\n|-singleturn|p2a: Ogerpon|move: Protect\n|move|p2b: Rillaboom|Drum Beating|p1a: Loona\n|-damage|p1a: Loona|47\/100\n|-unboost|p1a: Loona|spe|1\n|move|p1b: Them Hands|Drain Punch|p2a: Ogerpon\n|-activate|p2a: Ogerpon|move: Protect\n|-damage|p1b: Them Hands|59\/100|[from] Spiky Shield|[of] p2a: Ogerpon\n|move|p1a: Loona|Psychic|p2a: Ogerpon\n|-activate|p2a: Ogerpon|move: Protect\n|\n|-heal|p2a: Ogerpon|75\/100|[from] Grassy Terrain\n|-heal|p1b: Them Hands|64\/100|[from] Grassy Terrain\n|upkeep\n|turn|8\n|\n|t:|1699899329\n|move|p1a: Loona|Ally Switch|p1a: Loona\n|swap|p1a: Loona|1|[from] move: Ally Switch\n|move|p2a: Ogerpon|Ivy Cudgel|p1b: Loona\n|-damage|p1b: Loona|18\/100\n|move|p2b: Rillaboom|High Horsepower|p1a: Them Hands\n|-supereffective|p1a: Them Hands\n|-damage|p1a: Them Hands|25\/100\n|move|p1a: Them Hands|Drain Punch|p2b: Rillaboom\n|-damage|p2b: Rillaboom|67\/100\n|-heal|p1a: Them Hands|40\/100|[from] drain|[of] p2b: Rillaboom\n|\n|-heal|p2a: Ogerpon|81\/100|[from] Grassy Terrain\n|-heal|p2b: Rillaboom|72\/100|[from] Grassy Terrain\n|-heal|p1a: Them Hands|46\/100|[from] Grassy Terrain\n|-fieldend|move: Grassy Terrain\n|upkeep\n|turn|9\n|\n|t:|1699899351\n|-terastallize|p1b: Loona|Psychic\n|move|p2a: Ogerpon|Ivy Cudgel|p1a: Them Hands\n|-damage|p1a: Them Hands|10\/100\n|move|p2b: Rillaboom|High Horsepower|p1a: Them Hands\n|-supereffective|p1a: Them Hands\n|-damage|p1a: Them Hands|0 fnt\n|faint|p1a: Them Hands\n|-end|p1a: Them Hands|Quark Drive|[silent]\n|move|p1b: Loona|Psychic|p2a: Ogerpon\n|-damage|p2a: Ogerpon|45\/100\n|\n|upkeep\n|turn|10\n|c|\u2606Vaain|gg\n|c|\u2606zandobando|gg\n|\n|t:|1699899370\n|move|p2a: Ogerpon|Ivy Cudgel|p1b: Loona\n|-damage|p1b: Loona|0 fnt\n|faint|p1b: Loona\n|\n|win|zandobando\n|n|\u2606Vaain|vaain\n|n|\u2606zandobando|zandobando\n|l|\u2606Vaain\n","uploadtime":1699899383,"views":20,"p1id":"vaain","p2id":"zandobando","formatid":"gen9vgc2023regulatione","rating":0,"private":0,"password":""}