{"id":"gen9vgc2023regulatione-1994018320","p1":"GMTomahawk","p2":"Eduardo22","format":"[Gen 9] VGC 2023 Regulation E","log":"|j|\u2606GMTomahawk\n|j|\u2606Eduardo22\n|t:|1700394484\n|gametype|doubles\n|player|p1|GMTomahawk|linebacker|1485\n|player|p2|Eduardo22|li|1441\n|teamsize|p1|6\n|teamsize|p2|6\n|gen|9\n|tier|[Gen 9] VGC 2023 Regulation E\n|rated|\n|rule|Species Clause: Limit one of each Pok\u00e9mon\n|rule|Item Clause: Limit one of each item\n|clearpoke\n|poke|p1|Urshifu-*, L50, M|\n|poke|p1|Flutter Mane, L50|\n|poke|p1|Rillaboom, L50, F|\n|poke|p1|Landorus-Therian, L50, M|\n|poke|p1|Iron Hands, L50|\n|poke|p1|Chi-Yu, L50|\n|poke|p2|Hatterene, L50, F|\n|poke|p2|Ursaluna-Bloodmoon, L50, M|\n|poke|p2|Torkoal, L50, M|\n|poke|p2|Lilligant-Hisui, L50, F|\n|poke|p2|Rillaboom, L50, M|\n|poke|p2|Goodra-Hisui, L50, F|\n|teampreview|4\n|inactive|Battle timer is ON: inactive players will automatically lose when time's up. (requested by GMTomahawk)\nEduardo22 rejected open team sheets.\n|inactive|GMTomahawk has 60 seconds left.\n|\n|t:|1700394525\n|start\n|switch|p1a: Landorus|Landorus-Therian, L50, M|100\/100\n|switch|p1b: Chi-Yu|Chi-Yu, L50|100\/100\n|switch|p2a: Torkoal|Torkoal, L50, M|100\/100\n|switch|p2b: Lilligant|Lilligant-Hisui, L50, F|100\/100\n|-ability|p1a: Landorus|Intimidate|boost\n|-unboost|p2a: Torkoal|atk|1\n|-unboost|p2b: Lilligant|atk|1\n|-ability|p1b: Chi-Yu|Beads of Ruin\n|-weather|SunnyDay|[from] ability: Drought|[of] p2a: Torkoal\n|turn|1\n|\n|t:|1700394541\n|switch|p1a: Urshifu|Urshifu-Rapid-Strike, L50, M|100\/100\n|move|p2a: Torkoal|Protect|p2a: Torkoal\n|-singleturn|p2a: Torkoal|Protect\n|move|p2b: Lilligant|Sleep Powder|p1a: Urshifu\n|-status|p1a: Urshifu|slp|[from] move: Sleep Powder\n|move|p1b: Chi-Yu|Dark Pulse|p2a: Torkoal\n|-activate|p2a: Torkoal|move: Protect\n|\n|-weather|SunnyDay|[upkeep]\n|upkeep\n|turn|2\n|\n|t:|1700394563\n|cant|p1a: Urshifu|slp\n|move|p2b: Lilligant|Sleep Powder|p1b: Chi-Yu\n|-status|p1b: Chi-Yu|slp|[from] move: Sleep Powder\n|cant|p1b: Chi-Yu|slp\n|move|p2a: Torkoal|Eruption|p1a: Urshifu|[spread] p1a,p1b\n|-resisted|p1a: Urshifu\n|-resisted|p1b: Chi-Yu\n|-damage|p1a: Urshifu|11\/100 slp\n|-damage|p1b: Chi-Yu|47\/100 slp\n|\n|-weather|SunnyDay|[upkeep]\n|upkeep\n|turn|3\n|\n|t:|1700394575\n|move|p2b: Lilligant|After You|p2a: Torkoal\n|-activate|p2a: Torkoal|move: After You\n|move|p2a: Torkoal|Eruption|p1a: Urshifu|[spread] p1a,p1b\n|-resisted|p1a: Urshifu\n|-resisted|p1b: Chi-Yu\n|-damage|p1a: Urshifu|0 fnt\n|-damage|p1b: Chi-Yu|0 fnt\n|faint|p1a: Urshifu\n|faint|p1b: Chi-Yu\n|\n|-weather|SunnyDay|[upkeep]\n|upkeep\n|\n|t:|1700394581\n|switch|p1b: Braun Strowman|Iron Hands, L50, shiny|100\/100\n|switch|p1a: Landorus|Landorus-Therian, L50, M|100\/100\n|-ability|p1a: Landorus|Intimidate|boost\n|-unboost|p2a: Torkoal|atk|1\n|-unboost|p2b: Lilligant|atk|1\n|turn|4\n|\n|t:|1700394592\n|-terastallize|p2b: Lilligant|Ghost\n|-terastallize|p1a: Landorus|Flying\n|move|p2a: Torkoal|Protect|p2a: Torkoal\n|-singleturn|p2a: Torkoal|Protect\n|move|p1b: Braun Strowman|Fake Out|p2a: Torkoal\n|-activate|p2a: Torkoal|move: Protect\n|move|p2b: Lilligant|Sleep Powder|p1a: Landorus\n|-status|p1a: Landorus|slp|[from] move: Sleep Powder\n|cant|p1a: Landorus|slp\n|\n|-weather|SunnyDay|[upkeep]\n|upkeep\n|turn|5\n|\n|t:|1700394611\n|move|p2b: Lilligant|Sleep Powder|p1b: Braun Strowman|[miss]\n|-miss|p2b: Lilligant|p1b: Braun Strowman\n|cant|p1a: Landorus|slp\n|move|p1b: Braun Strowman|Heavy Slam|p2b: Lilligant\n|-damage|p2b: Lilligant|21\/100\n|move|p2a: Torkoal|Eruption|p1b: Braun Strowman|[spread] p1a,p1b\n|-damage|p1a: Landorus|0 fnt\n|-damage|p1b: Braun Strowman|53\/100\n|faint|p1a: Landorus\n|\n|-weather|none\n|upkeep\n|turn|6\n|\n|t:|1700394620\n|move|p2b: Lilligant|After You|p2a: Torkoal\n|-activate|p2a: Torkoal|move: After You\n|move|p2a: Torkoal|Eruption|p1b: Braun Strowman\n|-damage|p1b: Braun Strowman|14\/100\n|move|p1b: Braun Strowman|Drain Punch|p2a: Torkoal\n|-damage|p2a: Torkoal|63\/100\n|-heal|p1b: Braun Strowman|28\/100|[from] drain|[of] p2a: Torkoal\n|\n|upkeep\n|turn|7\n|\n|t:|1700394632\n|move|p2b: Lilligant|Sleep Powder|p1b: Braun Strowman\n|-status|p1b: Braun Strowman|slp|[from] move: Sleep Powder\n|cant|p1b: Braun Strowman|slp\n|move|p2a: Torkoal|Heat Wave|p1b: Braun Strowman\n|-damage|p1b: Braun Strowman|1\/100 slp\n|\n|upkeep\n|turn|8\n|\n|t:|1700394640\n|move|p2b: Lilligant|Leaf Blade|p1b: Braun Strowman\n|-damage|p1b: Braun Strowman|0 fnt\n|faint|p1b: Braun Strowman\n|-end|p1b: Braun Strowman|Quark Drive|[silent]\n|\n|win|Eduardo22\n|raw|GMTomahawk's rating: 1485 &rarr; <strong>1462<\/strong><br \/>(-23 for losing)\n|raw|Eduardo22's rating: 1441 &rarr; <strong>1464<\/strong><br \/>(+23 for winning)\n","uploadtime":1700394646,"views":20,"p1id":"gmtomahawk","p2id":"eduardo22","formatid":"gen9vgc2023regulatione","rating":1462,"private":0,"password":""}