{"id":"gen9vgc2023regulatione-1997657080","p1":"Crifab93","p2":"Gh0stlyPlanet","format":"[Gen 9] VGC 2023 Regulation E","log":"|j|\u2606Crifab93\n|j|\u2606Gh0stlyPlanet\n|t:|1700838381\n|gametype|doubles\n|player|p1|Crifab93|n|1701\n|player|p2|Gh0stlyPlanet|266|1724\n|teamsize|p1|6\n|teamsize|p2|6\n|gen|9\n|tier|[Gen 9] VGC 2023 Regulation E\n|rated|\n|rule|Species Clause: Limit one of each Pok\u00e9mon\n|rule|Item Clause: Limit one of each item\n|clearpoke\n|poke|p1|Roaring Moon, L50|\n|poke|p1|Iron Hands, L50|\n|poke|p1|Heatran, L50, M|\n|poke|p1|Chien-Pao, L50|\n|poke|p1|Ogerpon-Wellspring, L50, F|\n|poke|p1|Farigiraf, L50, M|\n|poke|p2|Iron Hands, L50|\n|poke|p2|Articuno-Galar, L50|\n|poke|p2|Amoonguss, L50, F|\n|poke|p2|Roaring Moon, L50|\n|poke|p2|Heatran, L50, M|\n|poke|p2|Landorus-Therian, L50, M|\n|teampreview|4\n|j| Fukivgc\n|\n|t:|1700838415\n|start\n|switch|p1a: Roaring Moon|Roaring Moon, L50|100\/100\n|switch|p1b: Chien-Pao|Chien-Pao, L50|100\/100\n|switch|p2a: Articuno|Articuno-Galar, L50|100\/100\n|switch|p2b: Landorus|Landorus-Therian, L50, M|100\/100\n|-ability|p2b: Landorus|Intimidate|boost\n|-unboost|p1a: Roaring Moon|atk|1\n|-unboost|p1b: Chien-Pao|atk|1\n|-ability|p1b: Chien-Pao|Sword of Ruin\n|-enditem|p1a: Roaring Moon|Booster Energy\n|-activate|p1a: Roaring Moon|ability: Protosynthesis|[fromitem]\n|-start|p1a: Roaring Moon|protosynthesisatk\n|turn|1\n|j| Happyness12345\n|\n|t:|1700838442\n|move|p2a: Articuno|Protect|p2a: Articuno\n|-singleturn|p2a: Articuno|Protect\n|move|p2b: Landorus|U-turn|p1b: Chien-Pao\n|-supereffective|p1b: Chien-Pao\n|-damage|p1b: Chien-Pao|35\/100\n|\n|t:|1700838446\n|switch|p2b: Iron Hands|Iron Hands, L50|100\/100|[from] U-turn\n|move|p1b: Chien-Pao|Ice Spinner|p2a: Articuno\n|-activate|p2a: Articuno|move: Protect\n|move|p1a: Roaring Moon|Knock Off|p2a: Articuno\n|-activate|p2a: Articuno|move: Protect\n|\n|upkeep\n|turn|2\n|\n|t:|1700838454\n|switch|p1b: Iron Hands|Iron Hands, L50|100\/100\n|move|p2b: Iron Hands|Fake Out|p1a: Roaring Moon\n|-damage|p1a: Roaring Moon|83\/100\n|cant|p1a: Roaring Moon|flinch\n|move|p2a: Articuno|Trick Room|p2a: Articuno\n|-fieldstart|move: Trick Room|[of] p2a: Articuno\n|\n|upkeep\n|turn|3\n|\n|t:|1700838473\n|-end|p1a: Roaring Moon|Protosynthesis|[silent]\n|switch|p1a: Heatran|Heatran, L50, M|100\/100\n|move|p1b: Iron Hands|Wild Charge|p2a: Articuno\n|-supereffective|p2a: Articuno\n|-damage|p2a: Articuno|20\/100\n|-enditem|p2a: Articuno|Sitrus Berry|[eat]\n|-heal|p2a: Articuno|45\/100|[from] item: Sitrus Berry\n|-damage|p1b: Iron Hands|83\/100|[from] Recoil\n|move|p2b: Iron Hands|Drain Punch|p1a: Heatran\n|-supereffective|p1a: Heatran\n|-damage|p1a: Heatran|28\/100\n|move|p2a: Articuno|Freezing Glare|p1b: Iron Hands\n|-supereffective|p1b: Iron Hands\n|-damage|p1b: Iron Hands|41\/100\n|\n|-heal|p1a: Heatran|34\/100|[from] item: Leftovers\n|upkeep\n|turn|4\n|j| OTSTO\n|\n|t:|1700838501\n|move|p1a: Heatran|Protect|p1a: Heatran\n|-singleturn|p1a: Heatran|Protect\n|move|p1b: Iron Hands|Drain Punch|p2b: Iron Hands\n|-damage|p2b: Iron Hands|73\/100\n|-heal|p1b: Iron Hands|56\/100|[from] drain|[of] p2b: Iron Hands\n|move|p2b: Iron Hands|Wild Charge|p1a: Heatran\n|-activate|p1a: Heatran|move: Protect\n|move|p2a: Articuno|Freezing Glare|p1b: Iron Hands\n|-supereffective|p1b: Iron Hands\n|-damage|p1b: Iron Hands|19\/100\n|\n|-heal|p1a: Heatran|40\/100|[from] item: Leftovers\n|upkeep\n|turn|5\n|\n|t:|1700838524\n|move|p1b: Iron Hands|Heavy Slam|p2a: Articuno\n|-damage|p2a: Articuno|9\/100\n|move|p2b: Iron Hands|Drain Punch|p1a: Heatran\n|-supereffective|p1a: Heatran\n|-damage|p1a: Heatran|0 fnt\n|-heal|p2b: Iron Hands|88\/100|[from] drain|[of] p1a: Heatran\n|faint|p1a: Heatran\n|move|p2a: Articuno|Freezing Glare|p1b: Iron Hands\n|-supereffective|p1b: Iron Hands\n|-damage|p1b: Iron Hands|0 fnt\n|faint|p1b: Iron Hands\n|-end|p1b: Iron Hands|Quark Drive|[silent]\n|\n|upkeep\n|\n|t:|1700838528\n|switch|p1b: Roaring Moon|Roaring Moon, L50|83\/100\n|switch|p1a: Chien-Pao|Chien-Pao, L50|35\/100\n|-ability|p1a: Chien-Pao|Sword of Ruin\n|turn|6\n|\n|t:|1700838550\n|switch|p2a: Landorus|Landorus-Therian, L50, M|100\/100\n|-ability|p2a: Landorus|Intimidate|boost\n|-unboost|p1a: Chien-Pao|atk|1\n|-unboost|p1b: Roaring Moon|atk|1\n|move|p1a: Chien-Pao|Protect|p1a: Chien-Pao\n|-singleturn|p1a: Chien-Pao|Protect\n|move|p2b: Iron Hands|Wild Charge|p1a: Chien-Pao\n|-activate|p1a: Chien-Pao|move: Protect\n|move|p1b: Roaring Moon|Dragon Dance|p1b: Roaring Moon\n|-boost|p1b: Roaring Moon|atk|1\n|-boost|p1b: Roaring Moon|spe|1\n|\n|-fieldend|move: Trick Room\n|upkeep\n|turn|7\n|\n|t:|1700838565\n|switch|p2a: Articuno|Articuno-Galar, L50|9\/100\n|-terastallize|p1b: Roaring Moon|Flying\n|move|p1b: Roaring Moon|Acrobatics|p2b: Iron Hands\n|-damage|p2b: Iron Hands|31\/100\n|move|p1a: Chien-Pao|Ice Spinner|p2b: Iron Hands\n|-damage|p2b: Iron Hands|6\/100\n|move|p2b: Iron Hands|Drain Punch|p1a: Chien-Pao\n|-supereffective|p1a: Chien-Pao\n|-damage|p1a: Chien-Pao|0 fnt\n|-heal|p2b: Iron Hands|18\/100|[from] drain|[of] p1a: Chien-Pao\n|faint|p1a: Chien-Pao\n|\n|upkeep\n|turn|8\n|\n|t:|1700838580\n|move|p1b: Roaring Moon|Acrobatics|p2a: Articuno\n|-damage|p2a: Articuno|0 fnt\n|faint|p2a: Articuno\n|move|p2b: Iron Hands|Wild Charge|p1b: Roaring Moon\n|-supereffective|p1b: Roaring Moon\n|-damage|p1b: Roaring Moon|0 fnt\n|faint|p1b: Roaring Moon\n|-end|p1b: Roaring Moon|Protosynthesis|[silent]\n|-damage|p2b: Iron Hands|0 fnt|[from] Recoil\n|faint|p2b: Iron Hands\n|-end|p2b: Iron Hands|Quark Drive|[silent]\n|\n|win|Gh0stlyPlanet\n|raw|Crifab93's rating: 1701 &rarr; <strong>1682<\/strong><br \/>(-19 for losing)\n|raw|Gh0stlyPlanet's rating: 1724 &rarr; <strong>1743<\/strong><br \/>(+19 for winning)\n|l|\u2606Crifab93\n|l|\u2606Gh0stlyPlanet\n","uploadtime":1700838604,"views":2,"p1id":"crifab93","p2id":"gh0stlyplanet","formatid":"gen9vgc2023regulatione","rating":1682,"private":0,"password":""}