{"id":"gen9vgc2023regulatione-1994152594","p1":"Solomon88","p2":"iPikari","format":"[Gen 9] VGC 2023 Regulation E","log":"|j|\u2606Solomon88\n|j|\u2606iPikari\n|t:|1700412984\n|gametype|doubles\n|player|p1|Solomon88|170|1094\n|player|p2|iPikari|cheren-gen5bw2|1110\n|teamsize|p1|6\n|teamsize|p2|6\n|gen|9\n|tier|[Gen 9] VGC 2023 Regulation E\n|rated|\n|rule|Species Clause: Limit one of each Pok\u00e9mon\n|rule|Item Clause: Limit one of each item\n|clearpoke\n|poke|p1|Articuno, L50|\n|poke|p1|Ninetales-Alola, L50, F|\n|poke|p1|Abomasnow, L50, F|\n|poke|p1|Blissey, L50, F|\n|poke|p1|Flutter Mane, L50|\n|poke|p1|Grimmsnarl, L50, M|\n|poke|p2|Florges, L50, F|\n|poke|p2|Rillaboom, L50, F|\n|poke|p2|Slither Wing, L50|\n|poke|p2|Iron Bundle, L50|\n|poke|p2|Ursaluna-Bloodmoon, L50, M|\n|poke|p2|Arcanine-Hisui, L50, F|\n|teampreview|4\niPikari has agreed to open team sheets.\n|inactive|Battle timer is ON: inactive players will automatically lose when time's up. (requested by iPikari)\n|\n|t:|1700413040\n|start\n|switch|p1a: Ninetales|Ninetales-Alola, L50, F|100\/100\n|switch|p1b: Blissey|Blissey, L50, F|100\/100\n|switch|p2a: Arcanine|Arcanine-Hisui, L50, F|100\/100\n|switch|p2b: Florges|Florges, L50, F|100\/100\n|-weather|Snow|[from] ability: Snow Warning|[of] p1a: Ninetales\n|-ability|p2a: Arcanine|Intimidate|boost\n|-unboost|p1a: Ninetales|atk|1\n|-unboost|p1b: Blissey|atk|1\n|turn|1\n|inactive|Solomon88 has 30 seconds left.\n|\n|t:|1700413070\n|move|p1a: Ninetales|Aurora Veil|p1a: Ninetales\n|-sidestart|p1: Solomon88|move: Aurora Veil\n|move|p2a: Arcanine|Rock Slide|p1b: Blissey|[spread] p1a,p1b\n|-supereffective|p1a: Ninetales\n|-crit|p1a: Ninetales\n|-damage|p1a: Ninetales|34\/100\n|-damage|p1b: Blissey|83\/100\n|move|p2b: Florges|Moonblast|p1a: Ninetales\n|-damage|p1a: Ninetales|0 fnt\n|faint|p1a: Ninetales\n|move|p1b: Blissey|Defense Curl|p1b: Blissey\n|-boost|p1b: Blissey|def|1\n|\n|-weather|Snow|[upkeep]\n|upkeep\n|\n|t:|1700413090\n|switch|p1a: Articuno|Articuno, L50|100\/100\n|turn|2\n|\n|t:|1700413110\n|switch|p2b: Slither Wing|Slither Wing, L50|100\/100\n|-enditem|p2b: Slither Wing|Booster Energy\n|-activate|p2b: Slither Wing|ability: Protosynthesis|[fromitem]\n|-start|p2b: Slither Wing|protosynthesisatk\n|-terastallize|p1a: Articuno|Ice\n|move|p2a: Arcanine|Rock Slide|p1b: Blissey|[spread] p1a,p1b\n|-supereffective|p1a: Articuno\n|-damage|p1a: Articuno|82\/100\n|-damage|p1b: Blissey|72\/100\n|cant|p1a: Articuno|flinch\n|move|p1b: Blissey|Defense Curl|p1b: Blissey\n|-boost|p1b: Blissey|def|1\n|\n|-weather|Snow|[upkeep]\n|upkeep\n|turn|3\n|\n|t:|1700413131\n|switch|p2a: Florges|Florges, L50, F|100\/100\n|-terastallize|p2b: Slither Wing|Fire\n|move|p1a: Articuno|Icy Wind|p2a: Florges|[spread] p2a,p2b\n|-resisted|p2b: Slither Wing\n|-damage|p2a: Florges|91\/100\n|-damage|p2b: Slither Wing|91\/100\n|-unboost|p2a: Florges|spe|1\n|-unboost|p2b: Slither Wing|spe|1\n|move|p1b: Blissey|Defense Curl|p1b: Blissey\n|-boost|p1b: Blissey|def|1\n|move|p2b: Slither Wing|Close Combat|p1b: Blissey\n|-supereffective|p1b: Blissey\n|-damage|p1b: Blissey|37\/100\n|-unboost|p2b: Slither Wing|def|1\n|-unboost|p2b: Slither Wing|spd|1\n|\n|-weather|Snow|[upkeep]\n|upkeep\n|turn|4\n|inactive|iPikari has 30 seconds left.\n|\n|t:|1700413161\n|move|p1a: Articuno|Blizzard|p2b: Slither Wing|[spread] p2a,p2b\n|-resisted|p2b: Slither Wing\n|-damage|p2a: Florges|76\/100\n|-damage|p2b: Slither Wing|68\/100\n|move|p1b: Blissey|Soft-Boiled|p1b: Blissey\n|-heal|p1b: Blissey|87\/100\n|move|p2b: Slither Wing|Close Combat|p1b: Blissey\n|-supereffective|p1b: Blissey\n|-damage|p1b: Blissey|51\/100\n|-unboost|p2b: Slither Wing|def|1\n|-unboost|p2b: Slither Wing|spd|1\n|move|p2a: Florges|Pollen Puff|p2b: Slither Wing\n|-heal|p2b: Slither Wing|100\/100\n|\n|-weather|Snow|[upkeep]\n|upkeep\n|turn|5\n|inactive|Solomon88 has 30 seconds left.\n|inactive|iPikari has 30 seconds left.\n|\n|t:|1700413193\n|move|p1a: Articuno|Blizzard|p2b: Slither Wing|[spread] p2a,p2b\n|-resisted|p2b: Slither Wing\n|-damage|p2a: Florges|58\/100\n|-damage|p2b: Slither Wing|68\/100\n|move|p1b: Blissey|Blizzard|p2a: Florges|[spread] p2a,p2b\n|-resisted|p2b: Slither Wing\n|-damage|p2a: Florges|51\/100\n|-damage|p2b: Slither Wing|54\/100\n|move|p2b: Slither Wing|Close Combat|p1b: Blissey\n|-supereffective|p1b: Blissey\n|-damage|p1b: Blissey|17\/100\n|-unboost|p2b: Slither Wing|def|1\n|-unboost|p2b: Slither Wing|spd|1\n|move|p2a: Florges|Pollen Puff|p2b: Slither Wing\n|-heal|p2b: Slither Wing|100\/100\n|\n|-weather|none\n|-sideend|p1: Solomon88|move: Aurora Veil\n|upkeep\n|turn|6\n|inactive|Solomon88 has 30 seconds left.\n|\n|t:|1700413222\n|switch|p2a: Arcanine|Arcanine-Hisui, L50, F|100\/100\n|-ability|p2a: Arcanine|Intimidate|boost\n|-unboost|p1a: Articuno|atk|1\n|-unboost|p1b: Blissey|atk|1\n|move|p1a: Articuno|Blizzard|p2a: Arcanine|[spread] p2a,p2b\n|-resisted|p2a: Arcanine\n|-resisted|p2b: Slither Wing\n|-damage|p2a: Arcanine|81\/100\n|-damage|p2b: Slither Wing|62\/100\n|move|p1b: Blissey|Soft-Boiled|p1b: Blissey\n|-heal|p1b: Blissey|67\/100\n|move|p2b: Slither Wing|Close Combat|p1b: Blissey\n|-supereffective|p1b: Blissey\n|-damage|p1b: Blissey|13\/100\n|-unboost|p2b: Slither Wing|def|1\n|-unboost|p2b: Slither Wing|spd|1\n|\n|upkeep\n|turn|7\n|inactive|Solomon88 has 30 seconds left.\n|\n|t:|1700413255\n|move|p2a: Arcanine|Rock Slide|p1b: Blissey|[spread] p1a,p1b\n|-supereffective|p1a: Articuno\n|-damage|p1a: Articuno|45\/100\n|-damage|p1b: Blissey|3\/100\n|cant|p1a: Articuno|flinch\n|move|p1b: Blissey|Soft-Boiled|p1b: Blissey\n|-heal|p1b: Blissey|53\/100\n|move|p2b: Slither Wing|Close Combat|p1b: Blissey\n|-supereffective|p1b: Blissey\n|-damage|p1b: Blissey|1\/100\n|-unboost|p2b: Slither Wing|def|1\n|-unboost|p2b: Slither Wing|spd|1\n|\n|upkeep\n|turn|8\n|\n|t:|1700413277\n|-end|p2b: Slither Wing|Protosynthesis|[silent]\n|switch|p2b: Florges|Florges, L50, F|51\/100\n|move|p2a: Arcanine|Extreme Speed|p1b: Blissey\n|-damage|p1b: Blissey|0 fnt\n|faint|p1b: Blissey\n|move|p1a: Articuno|Icy Wind|p2a: Arcanine|[spread] p2a,p2b\n|-resisted|p2a: Arcanine\n|-damage|p2a: Arcanine|70\/100\n|-damage|p2b: Florges|42\/100\n|-unboost|p2a: Arcanine|spe|1\n|-unboost|p2b: Florges|spe|1\n|\n|upkeep\n|\n|t:|1700413288\n|switch|p1b: Flutter Mane|Flutter Mane, L50|100\/100\n|turn|9\n|\n|t:|1700413306\n|move|p1b: Flutter Mane|Moonblast|p2b: Florges\n|-damage|p2b: Florges|3\/100\n|move|p1a: Articuno|Sheer Cold|p2a: Arcanine\n|-damage|p2a: Arcanine|0 fnt\n|faint|p2a: Arcanine\n|-ohko\n|move|p2b: Florges|Pollen Puff|p2: Arcanine|[notarget]\n|-fail|p2b: Florges\n|\n|upkeep\n|\n|t:|1700413323\n|switch|p2a: Slither Wing|Slither Wing, L50, tera:Fire|62\/100\n|turn|10\n|\n|t:|1700413332\n|move|p2a: Slither Wing|First Impression|p1a: Articuno\n|-damage|p1a: Articuno|16\/100\n|move|p1b: Flutter Mane|Moonblast|p2a: Slither Wing\n|-resisted|p2a: Slither Wing\n|-damage|p2a: Slither Wing|28\/100\n|move|p1a: Articuno|Icy Wind|p2b: Florges|[spread] p2a,p2b\n|-resisted|p2a: Slither Wing\n|-damage|p2a: Slither Wing|19\/100\n|-damage|p2b: Florges|0 fnt\n|-unboost|p2a: Slither Wing|spe|1\n|faint|p2b: Florges\n|\n|upkeep\n|\n|t:|1700413342\n|switch|p2b: Iron Bundle|Iron Bundle, L50|100\/100\n|turn|11\n|\n|t:|1700413363\n|move|p2b: Iron Bundle|Hydro Pump|p1a: Articuno\n|-damage|p1a: Articuno|0 fnt\n|faint|p1a: Articuno\n|move|p1b: Flutter Mane|Moonblast|p2a: Slither Wing\n|-resisted|p2a: Slither Wing\n|-damage|p2a: Slither Wing|0 fnt\n|faint|p2a: Slither Wing\n|-end|p2a: Slither Wing|Protosynthesis|[silent]\n|\n|upkeep\n|turn|12\n|\n|t:|1700413377\n|move|p2b: Iron Bundle|Hydro Pump|p1b: Flutter Mane\n|-damage|p1b: Flutter Mane|45\/100\n|move|p1b: Flutter Mane|Moonblast|p2b: Iron Bundle\n|-enditem|p2b: Iron Bundle|Focus Sash\n|-damage|p2b: Iron Bundle|1\/100\n|-unboost|p2b: Iron Bundle|spa|1\n|\n|upkeep\n|turn|13\n|\n|t:|1700413388\n|move|p2b: Iron Bundle|Hydro Pump|p1b: Flutter Mane\n|-damage|p1b: Flutter Mane|1\/100\n|move|p1b: Flutter Mane|Moonblast|p2b: Iron Bundle\n|-damage|p2b: Iron Bundle|0 fnt\n|faint|p2b: Iron Bundle\n|-end|p2b: Iron Bundle|Quark Drive|[silent]\n|\n|win|Solomon88\n|raw|Solomon88's rating: 1094 &rarr; <strong>1121<\/strong><br \/>(+27 for winning)\n|raw|iPikari's rating: 1110 &rarr; <strong>1084<\/strong><br \/>(-26 for losing)\n|l|\u2606iPikari\n|c|\u2606Solomon88|gg\n","uploadtime":1700413413,"views":6,"p1id":"solomon88","p2id":"ipikari","formatid":"gen9vgc2023regulatione","rating":1084,"private":0,"password":""}