{"id":"gen9vgc2023regulatione-1994225081","p1":"fatdaddymac","p2":"RaimuBeat","format":"[Gen 9] VGC 2023 Regulation E","log":"|j|\u2606fatdaddymac\n|j|\u2606RaimuBeat\n|t:|1700420830\n|gametype|doubles\n|player|p1|fatdaddymac|benga|\n|player|p2|RaimuBeat|caitlin|\n|teamsize|p1|6\n|teamsize|p2|6\n|gen|9\n|tier|[Gen 9] VGC 2023 Regulation E\n|rule|Species Clause: Limit one of each Pok\u00e9mon\n|rule|Item Clause: Limit one of each item\n|clearpoke\n|poke|p1|Mesprit, L50|\n|poke|p1|Armarouge, L50, F|\n|poke|p1|Iron Bundle, L50|\n|poke|p1|Indeedee-F, L50, F|\n|poke|p1|Meowscarada, L50, F|\n|poke|p1|Fezandipiti, L50, M|\n|poke|p2|Sylveon, L50, F|\n|poke|p2|Kommo-o, L50, F|\n|poke|p2|Clefairy, L50, F|\n|poke|p2|Rillaboom, L50, M|\n|poke|p2|Snorlax, L50, M|\n|poke|p2|Oranguru, L50, M|\n|teampreview|4\n|inactive|Battle timer is ON: inactive players will automatically lose when time's up. (requested by fatdaddymac)\n|\n|t:|1700420843\n|start\n|switch|p1a: Iron Bundle|Iron Bundle, L50, shiny|100\/100\n|switch|p1b: Armarouge|Armarouge, L50, F, shiny|100\/100\n|switch|p2a: Freya|Kommo-o, L50, F|100\/100\n|switch|p2b: Eiko|Clefairy, L50, F, shiny|100\/100\n|-enditem|p1a: Iron Bundle|Booster Energy\n|-activate|p1a: Iron Bundle|ability: Quark Drive|[fromitem]\n|-start|p1a: Iron Bundle|quarkdrivespe\n|turn|1\n|inactive|RaimuBeat has 30 seconds left.\n|\n|t:|1700420877\n|move|p2b: Eiko|Follow Me|p2b: Eiko\n|-singleturn|p2b: Eiko|move: Follow Me\n|move|p1a: Iron Bundle|Icy Wind|p2a: Freya|[spread] p2a,p2b\n|-supereffective|p2a: Freya\n|-damage|p2a: Freya|58\/100\n|-damage|p2b: Eiko|82\/100\n|-unboost|p2a: Freya|spe|1\n|-unboost|p2b: Eiko|spe|1\n|move|p2a: Freya|Clangorous Soul|p2a: Freya\n|-boost|p2a: Freya|atk|1\n|-boost|p2a: Freya|def|1\n|-boost|p2a: Freya|spa|1\n|-boost|p2a: Freya|spd|1\n|-boost|p2a: Freya|spe|1\n|-damage|p2a: Freya|26\/100\n|-enditem|p2a: Freya|Throat Spray\n|-boost|p2a: Freya|spa|1|[from] item: Throat Spray\n|move|p1b: Armarouge|Heat Wave|p2b: Eiko|[spread] p2a,p2b\n|-resisted|p2a: Freya\n|-damage|p2a: Freya|13\/100\n|-damage|p2b: Eiko|48\/100\n|-status|p2a: Freya|brn\n|\n|-damage|p2a: Freya|7\/100 brn|[from] brn\n|upkeep\n|turn|2\n|\n|t:|1700420899\n|move|p2b: Eiko|Helping Hand|p2a: Freya\n|-singleturn|p2a: Freya|Helping Hand|[of] p2b: Eiko\n|move|p1a: Iron Bundle|Icy Wind|p2b: Eiko|[spread] p2a,p2b\n|-supereffective|p2a: Freya\n|-damage|p2a: Freya|0 fnt\n|-damage|p2b: Eiko|29\/100\n|-unboost|p2b: Eiko|spe|1\n|faint|p2a: Freya\n|move|p1b: Armarouge|Heat Wave|p2b: Eiko\n|-damage|p2b: Eiko|0 fnt\n|faint|p2b: Eiko\n|\n|upkeep\n|\n|t:|1700420910\n|switch|p2a: Zidane|Rillaboom, L50, M|100\/100\n|switch|p2b: Sarah|Sylveon, L50, F, shiny|100\/100\n|-fieldstart|move: Grassy Terrain|[from] ability: Grassy Surge|[of] p2a: Zidane\n|turn|3\n|\n|t:|1700420920\n|move|p1a: Iron Bundle|Protect|p1a: Iron Bundle\n|-singleturn|p1a: Iron Bundle|Protect\n|move|p1b: Armarouge|Protect|p1b: Armarouge\n|-singleturn|p1b: Armarouge|Protect\n|move|p2a: Zidane|Fake Out|p1b: Armarouge\n|-activate|p1b: Armarouge|move: Protect\n|move|p2b: Sarah|Hyper Voice|p1b: Armarouge|[spread] \n|-activate|p1a: Iron Bundle|move: Protect\n|-activate|p1b: Armarouge|move: Protect\n|\n|upkeep\n|turn|4\n|\n|t:|1700420934\n|-terastallize|p2a: Zidane|Rock\n|-terastallize|p1b: Armarouge|Grass\n|move|p2a: Zidane|Grassy Glide|p1a: Iron Bundle\n|-supereffective|p1a: Iron Bundle\n|-crit|p1a: Iron Bundle\n|-damage|p1a: Iron Bundle|0 fnt\n|faint|p1a: Iron Bundle\n|-end|p1a: Iron Bundle|Quark Drive|[silent]\n|move|p1b: Armarouge|Expanding Force|p2a: Zidane\n|-damage|p2a: Zidane|64\/100\n|move|p2b: Sarah|Hyper Voice|p1b: Armarouge\n|-damage|p1b: Armarouge|10\/100\n|\n|-heal|p2a: Zidane|70\/100|[from] Grassy Terrain\n|-heal|p1b: Armarouge|16\/100|[from] Grassy Terrain\n|upkeep\n|\n|t:|1700420942\n|switch|p1a: Fezandipiti|Fezandipiti, L50, M|100\/100\n|turn|5\n|\n|t:|1700420952\n|move|p1a: Fezandipiti|Heat Wave|p2b: Sarah|[spread] p2a\n|-miss|p1a: Fezandipiti|p2b: Sarah\n|-resisted|p2a: Zidane\n|-damage|p2a: Zidane|64\/100\n|-status|p2a: Zidane|brn\n|move|p2a: Zidane|Stomping Tantrum|p1a: Fezandipiti\n|-supereffective|p1a: Fezandipiti\n|-damage|p1a: Fezandipiti|67\/100\n|move|p1b: Armarouge|Aura Sphere|p2a: Zidane\n|-supereffective|p2a: Zidane\n|-damage|p2a: Zidane|19\/100 brn\n|move|p2b: Sarah|Hyper Voice|p1b: Armarouge|[spread] p1a,p1b\n|-resisted|p1a: Fezandipiti\n|-damage|p1a: Fezandipiti|37\/100\n|-damage|p1b: Armarouge|0 fnt\n|faint|p1b: Armarouge\n|\n|-heal|p1a: Fezandipiti|43\/100|[from] Grassy Terrain\n|-heal|p1a: Fezandipiti|50\/100|[from] item: Black Sludge\n|-heal|p2a: Zidane|25\/100 brn|[from] Grassy Terrain\n|-damage|p2a: Zidane|19\/100 brn|[from] brn\n|upkeep\n|\n|t:|1700420965\n|switch|p1b: Indeedee|Indeedee-F, L50, F, shiny|100\/100\n|-fieldstart|move: Psychic Terrain|[from] ability: Psychic Surge|[of] p1b: Indeedee\n|turn|6\n|\n|t:|1700420978\n|move|p1a: Fezandipiti|Icy Wind|p2b: Sarah|[spread] p2a,p2b\n|-damage|p2a: Zidane|12\/100 brn\n|-damage|p2b: Sarah|93\/100\n|-unboost|p2a: Zidane|spe|1\n|-unboost|p2b: Sarah|spe|1\n|move|p1b: Indeedee|Heal Pulse|p1a: Fezandipiti\n|-heal|p1a: Fezandipiti|99\/100\n|move|p2a: Zidane|U-turn|p1b: Indeedee\n|-supereffective|p1b: Indeedee\n|-damage|p1b: Indeedee|62\/100\n|move|p2b: Sarah|Hyper Voice|p1a: Fezandipiti|[spread] p1a,p1b\n|-resisted|p1a: Fezandipiti\n|-damage|p1a: Fezandipiti|70\/100\n|-damage|p1b: Indeedee|16\/100\n|\n|-heal|p1a: Fezandipiti|76\/100|[from] item: Black Sludge\n|-damage|p2a: Zidane|6\/100 brn|[from] brn\n|upkeep\n|turn|7\n|\n|t:|1700420996\n|move|p1b: Indeedee|Protect|p1b: Indeedee\n|-singleturn|p1b: Indeedee|Protect\n|move|p1a: Fezandipiti|Icy Wind|p2a: Zidane|[spread] p2a,p2b\n|-damage|p2a: Zidane|0 fnt\n|-damage|p2b: Sarah|86\/100\n|-unboost|p2b: Sarah|spe|1\n|faint|p2a: Zidane\n|move|p2b: Sarah|Hyper Voice|p1a: Fezandipiti|[spread] p1a\n|-activate|p1b: Indeedee|move: Protect\n|-resisted|p1a: Fezandipiti\n|-damage|p1a: Fezandipiti|50\/100\n|\n|-heal|p1a: Fezandipiti|56\/100|[from] item: Black Sludge\n|upkeep\n|turn|8\n|\n|t:|1700421009\n|move|p1a: Fezandipiti|Heat Wave|p2b: Sarah\n|-damage|p2b: Sarah|71\/100\n|move|p1b: Indeedee|Heal Pulse|p1a: Fezandipiti\n|-heal|p1a: Fezandipiti|100\/100\n|move|p2b: Sarah|Hyper Voice|p1b: Indeedee|[spread] p1a,p1b\n|-resisted|p1a: Fezandipiti\n|-damage|p1a: Fezandipiti|72\/100\n|-damage|p1b: Indeedee|0 fnt\n|faint|p1b: Indeedee\n|\n|-heal|p1a: Fezandipiti|78\/100|[from] item: Black Sludge\n|upkeep\n|turn|9\n|\n|t:|1700421025\n|move|p1a: Fezandipiti|Dazzling Gleam|p2b: Sarah\n|-damage|p2b: Sarah|50\/100\n|move|p2b: Sarah|Hyper Voice|p1a: Fezandipiti\n|-resisted|p1a: Fezandipiti\n|-damage|p1a: Fezandipiti|42\/100\n|\n|-heal|p1a: Fezandipiti|48\/100|[from] item: Black Sludge\n|upkeep\n|turn|10\n|\n|t:|1700421035\n|move|p1a: Fezandipiti|Dazzling Gleam|p2b: Sarah\n|-damage|p2b: Sarah|30\/100\n|move|p2b: Sarah|Hyper Voice|p1a: Fezandipiti\n|-resisted|p1a: Fezandipiti\n|-damage|p1a: Fezandipiti|14\/100\n|\n|-heal|p1a: Fezandipiti|20\/100|[from] item: Black Sludge\n|-fieldend|move: Psychic Terrain\n|upkeep\n|turn|11\n|c|\u2606RaimuBeat|Local Fox yells at bird until it dies\n|\n|t:|1700421056\n|move|p1a: Fezandipiti|Dazzling Gleam|p2b: Sarah\n|-damage|p2b: Sarah|10\/100\n|move|p2b: Sarah|Hyper Voice|p1a: Fezandipiti\n|-resisted|p1a: Fezandipiti\n|-damage|p1a: Fezandipiti|0 fnt\n|faint|p1a: Fezandipiti\n|\n|win|RaimuBeat\n|l|\u2606fatdaddymac\n","uploadtime":1700421066,"views":6,"p1id":"fatdaddymac","p2id":"raimubeat","formatid":"gen9vgc2023regulatione","rating":0,"private":0,"password":""}