{"id":"gen9vgc2023regulatione-1999538103","p1":"LuckyLyrical","p2":"SlopWasTaken","format":"[Gen 9] VGC 2023 Regulation E","log":"|j|\u2606LuckyLyrical\n|j|\u2606SlopWasTaken\n|n|\u2606LuckyLyrical|luckylyrical\n|n|\u2606SlopWasTaken|slopwastaken\n|html|View the match progress at <a href=\"\/game-bestof3-gen9vgc2023regulatione-1999538102\">game-bestof3-gen9vgc2023regulatione-1999538102<\/a>\n|t:|1701093902\n|gametype|doubles\n|player|p1|LuckyLyrical|brawly|\n|player|p2|SlopWasTaken|lucas|\n|teamsize|p1|6\n|teamsize|p2|6\n|gen|9\n|tier|[Gen 9] VGC 2023 Regulation E\n|rule|Species Clause: Limit one of each Pok\u00e9mon\n|rule|Item Clause: Limit one of each item\n|clearpoke\n|poke|p1|Flutter Mane, L50|\n|poke|p1|Kommo-o, L50, F|\n|poke|p1|Torterra, L50, M|\n|poke|p1|Clefairy, L50, M|\n|poke|p1|Volcarona, L50, M|\n|poke|p1|Ribombee, L50, F|\n|poke|p2|Ogerpon-Wellspring, L50, F|\n|poke|p2|Heatran, L50, M|\n|poke|p2|Ninetales-Alola, L50, M|\n|poke|p2|Arbok, L50, M|\n|poke|p2|Mandibuzz, L50, F|\n|poke|p2|Sandslash-Alola, L50, M|\n|teampreview|4\nLuckyLyrical rejected open team sheets.\n|c|\u2606SlopWasTaken|Gl hf!\n|c|\u2606LuckyLyrical|Tera sheet:\n|c|\u2606LuckyLyrical|https:\/\/pokepast.es\/2e959bf778ecba78\n|c|\u2606SlopWasTaken|how do you send one?\n|c|\u2606LuckyLyrical|You gotta make one in Pokepaste\n|c|\u2606LuckyLyrical|Copy your team in showdown, and then remove everything but the tera type\n|c|\u2606LuckyLyrical|then make a pokepaste at the bottom\n|c|\u2606SlopWasTaken|oki\n|c|\u2606SlopWasTaken|gimme a sec\n|c|\u2606LuckyLyrical|All good!\n|c|\u2606SlopWasTaken|almost done\n|c|\u2606SlopWasTaken|https:\/\/pokepast.es\/4ccc9b477a9d0305\n|c|\u2606SlopWasTaken|is this fine?\n|c|\u2606LuckyLyrical|Yep!\n|c|\u2606LuckyLyrical|Good luck! Have fun!\n|c|\u2606SlopWasTaken|you too!\n|\n|t:|1701094453\n|start\n|switch|p1a: Kommo-o|Kommo-o, L50, F|100\/100\n|switch|p1b: Volcarona|Volcarona, L50, M|100\/100\n|switch|p2a: Ninetales|Ninetales-Alola, L50, M|100\/100\n|switch|p2b: Ogerpon|Ogerpon-Wellspring, L50, F|100\/100\n|-weather|Snow|[from] ability: Snow Warning|[of] p2a: Ninetales\n|turn|1\n|l|\u2606SlopWasTaken\n|player|p2|\n|c|\u2606LuckyLyrical|Hey, mind redoing this? I accidentally got the wrong move on my mon\n|j|\u2606SlopWasTaken\n|player|p2|SlopWasTaken|lucas\n|c|\u2606SlopWasTaken|uh i would prefer keeping it like this lol ive got a wrong thing on my mon too\n|c|\u2606LuckyLyrical|Right\n|c|\u2606SlopWasTaken|also then if we prep for our current teams it would be unfair for both of us\n|c|\u2606LuckyLyrical|Shrug, can just send out the same leads. but ok\n|c|\u2606SlopWasTaken|No but moves etc\n|c|\u2606SlopWasTaken|sorry ;-;\n|\n|t:|1701094749\n|move|p1b: Volcarona|Heat Wave|p2b: Ogerpon|[spread] p2a,p2b\n|-supereffective|p2a: Ninetales\n|-damage|p2a: Ninetales|21\/100\n|-damage|p2b: Ogerpon|65\/100\n|-status|p2a: Ninetales|brn\n|-status|p2b: Ogerpon|brn\n|move|p2a: Ninetales|Aurora Veil|p2a: Ninetales\n|-sidestart|p2: SlopWasTaken|move: Aurora Veil\n|move|p2b: Ogerpon|Ivy Cudgel|p1b: Volcarona|[anim] Ivy Cudgel Water\n|-supereffective|p1b: Volcarona\n|-damage|p1b: Volcarona|22\/100\n|move|p1a: Kommo-o|Iron Defense|p1a: Kommo-o\n|-boost|p1a: Kommo-o|def|2\n|\n|-weather|Snow|[upkeep]\n|-damage|p2a: Ninetales|15\/100 brn|[from] brn\n|-damage|p2b: Ogerpon|59\/100 brn|[from] brn\n|upkeep\n|turn|2\n|\n|t:|1701094843\n|switch|p2a: Heatran|Heatran, L50, M|100\/100\n|move|p1b: Volcarona|Heat Wave|p2b: Ogerpon|[spread] p2b\n|-start|p2a: Heatran|ability: Flash Fire\n|-crit|p2b: Ogerpon\n|-damage|p2b: Ogerpon|0 fnt\n|faint|p2b: Ogerpon\n|move|p1a: Kommo-o|Iron Defense|p1a: Kommo-o\n|-boost|p1a: Kommo-o|def|2\n|\n|-weather|Snow|[upkeep]\n|upkeep\n|\n|t:|1701094853\n|switch|p2b: Sandslash|Sandslash-Alola, L50, M|100\/100\n|turn|3\n|\n|t:|1701094917\n|switch|p1b: Ribombee|Ribombee, L50, F|100\/100\n|-terastallize|p1a: Kommo-o|Fighting\n|-terastallize|p2a: Heatran|Grass\n|move|p2b: Sandslash|Icicle Crash|p1b: Ribombee\n|-damage|p1b: Ribombee|29\/100\n|move|p1a: Kommo-o|Body Press|p2a: Heatran\n|-damage|p2a: Heatran|0 fnt\n|faint|p2a: Heatran\n|\n|-weather|Snow|[upkeep]\n|upkeep\n|\n|t:|1701094928\n|switch|p2a: Ninetales|Ninetales-Alola, L50, M|15\/100 brn\n|turn|4\n|\n|t:|1701094956\n|move|p2b: Sandslash|Icicle Crash|p1a: Kommo-o\n|-damage|p1a: Kommo-o|92\/100\n|move|p1b: Ribombee|Tailwind|p1b: Ribombee\n|-sidestart|p1: LuckyLyrical|move: Tailwind\n|cant|p1a: Kommo-o|flinch\n|move|p2a: Ninetales|Moonblast|p1a: Kommo-o\n|-supereffective|p1a: Kommo-o\n|-damage|p1a: Kommo-o|40\/100\n|-unboost|p1a: Kommo-o|spa|1\n|\n|-weather|Snow|[upkeep]\n|-heal|p1a: Kommo-o|47\/100|[from] item: Leftovers\n|-damage|p2a: Ninetales|10\/100 brn|[from] brn\n|upkeep\n|turn|5\n|\n|t:|1701094976\n|move|p1b: Ribombee|Pollen Puff|p1a: Kommo-o\n|-immune|p1a: Kommo-o|[from] ability: Bulletproof\n|move|p2b: Sandslash|Icicle Crash|p1a: Kommo-o\n|-crit|p1a: Kommo-o\n|-damage|p1a: Kommo-o|8\/100\n|cant|p1a: Kommo-o|flinch\n|move|p2a: Ninetales|Moonblast|p1a: Kommo-o\n|-supereffective|p1a: Kommo-o\n|-damage|p1a: Kommo-o|0 fnt\n|faint|p1a: Kommo-o\n|\n|-weather|none\n|-damage|p2a: Ninetales|4\/100 brn|[from] brn\n|upkeep\n|c|\u2606LuckyLyrical|laughing my ass off\n|c|\u2606SlopWasTaken|i didnt know pollen puff did that \ud83d\udc80\n|\n|t:|1701095012\n|switch|p1a: Volcarona|Volcarona, L50, M|22\/100\n|turn|6\n|\n|t:|1701095028\n|move|p1a: Volcarona|Protect|p1a: Volcarona\n|-singleturn|p1a: Volcarona|Protect\n|move|p1b: Ribombee|Pollen Puff|p1a: Volcarona\n|-activate|p1a: Volcarona|move: Protect\n|move|p2a: Ninetales|Blizzard|p1b: Ribombee|[spread] p1b\n|-activate|p1a: Volcarona|move: Protect\n|-damage|p1b: Ribombee|0 fnt\n|faint|p1b: Ribombee\n|move|p2b: Sandslash|Iron Head|p1a: Volcarona\n|-activate|p1a: Volcarona|move: Protect\n|\n|-damage|p2a: Ninetales|0 fnt|[from] brn\n|faint|p2a: Ninetales\n|upkeep\n|c|\u2606LuckyLyrical|my god what is with me\n|\n|t:|1701095043\n|switch|p1b: Flutter Mane|Flutter Mane, L50|100\/100\n|turn|7\n|\n|t:|1701095076\n|move|p1a: Volcarona|Protect|p1a: Volcarona\n|-singleturn|p1a: Volcarona|Protect\n|move|p1b: Flutter Mane|Thunderbolt|p2b: Sandslash\n|-damage|p2b: Sandslash|43\/100\n|move|p2b: Sandslash|Iron Head|p1b: Flutter Mane\n|-supereffective|p1b: Flutter Mane\n|-damage|p1b: Flutter Mane|0 fnt\n|faint|p1b: Flutter Mane\n|-end|p1b: Flutter Mane|Protosynthesis|[silent]\n|\n|-sideend|p1: LuckyLyrical|move: Tailwind\n|upkeep\n|turn|8\n|\n|t:|1701095099\n|move|p1a: Volcarona|Protect|p1a: Volcarona\n|-singleturn|p1a: Volcarona|Protect\n|move|p2b: Sandslash|Iron Head|p1a: Volcarona\n|-activate|p1a: Volcarona|move: Protect\n|\n|-sideend|p2: SlopWasTaken|move: Aurora Veil\n|upkeep\n|turn|9\n|\n|t:|1701095112\n|move|p1a: Volcarona|Protect||[still]\n|-fail|p1a: Volcarona\n|move|p2b: Sandslash|Iron Head|p1a: Volcarona\n|-resisted|p1a: Volcarona\n|-damage|p1a: Volcarona|0 fnt\n|-status|p2b: Sandslash|brn|[from] ability: Flame Body|[of] p1a: Volcarona\n|faint|p1a: Volcarona\n|\n|win|SlopWasTaken\n|c|&|\/uhtml prompt-luckylyrical,LuckyLyrical is ready for game 2!\n|c|\u2606SlopWasTaken|gg\n|inactive|SlopWasTaken has 50 seconds to confirm battle start!\n","uploadtime":1701095126,"views":5,"p1id":"luckylyrical","p2id":"slopwastaken","formatid":"gen9vgc2023regulatione","rating":0,"private":0,"password":""}