{"id":"gen9vgc2023regulatione-1990216068","p1":"AvocadoT0AST","p2":"bway","format":"[Gen 9] VGC 2023 Regulation E","log":"|j|\u2606AvocadoT0AST\n|j|\u2606bway\n|t:|1699938755\n|gametype|doubles\n|player|p1|AvocadoT0AST|266|1048\n|player|p2|bway|266|1047\n|teamsize|p1|6\n|teamsize|p2|6\n|gen|9\n|tier|[Gen 9] VGC 2023 Regulation E\n|rated|\n|rule|Species Clause: Limit one of each Pok\u00e9mon\n|rule|Item Clause: Limit one of each item\n|clearpoke\n|poke|p1|Pelipper, L50, M|\n|poke|p1|Ludicolo, L50, F|\n|poke|p1|Landorus-Therian, L50, M|\n|poke|p1|Thundurus, L50, M|\n|poke|p1|Weavile, L50, F|\n|poke|p1|Scizor, L50, M|\n|poke|p2|Piplup, L50, F|\n|poke|p2|Farigiraf, L50, M|\n|poke|p2|Sinistcha, L50|\n|poke|p2|Iron Hands, L50|\n|poke|p2|Ogerpon-Hearthflame, L50, F|\n|poke|p2|Landorus-Therian, L50, M|\n|teampreview|4\nbway rejected open team sheets.\n|\n|t:|1699938774\n|start\n|switch|p1a: Pelipper|Pelipper, L50, M|100\/100\n|switch|p1b: Ludicolo|Ludicolo, L50, F|100\/100\n|switch|p2a: Farigiraf|Farigiraf, L50, M|100\/100\n|switch|p2b: Piplup|Piplup, L50, F|100\/100\n|-weather|RainDance|[from] ability: Drizzle|[of] p1a: Pelipper\n|turn|1\n|inactive|Battle timer is ON: inactive players will automatically lose when time's up. (requested by bway)\n|\n|t:|1699938804\n|move|p1b: Ludicolo|Hydro Pump|p2a: Farigiraf|[miss]\n|-miss|p1b: Ludicolo|p2a: Farigiraf\n|move|p1a: Pelipper|Hurricane|p2a: Farigiraf\n|-damage|p2a: Farigiraf|53\/100\n|move|p2b: Piplup|Yawn|p1a: Pelipper\n|-start|p1a: Pelipper|move: Yawn|[of] p2b: Piplup\n|move|p2a: Farigiraf|Trick Room|p2a: Farigiraf\n|-fieldstart|move: Trick Room|[of] p2a: Farigiraf\n|\n|-weather|RainDance|[upkeep]\n|upkeep\n|turn|2\n|\n|t:|1699938821\n|move|p2b: Piplup|Fling|p2a: Farigiraf\n|-supereffective|p2a: Farigiraf\n|-crit|p2a: Farigiraf\n|-damage|p2a: Farigiraf|48\/100\n|-boost|p2a: Farigiraf|spa|1|[from] item: Petaya Berry\n|-enditem|p2a: Farigiraf|Weakness Policy\n|-boost|p2a: Farigiraf|atk|2|[from] item: Weakness Policy\n|-boost|p2a: Farigiraf|spa|2|[from] item: Weakness Policy\n|-enditem|p2b: Piplup|Petaya Berry|[from] move: Fling\n|move|p2a: Farigiraf|Psychic|p1b: Ludicolo\n|-damage|p1b: Ludicolo|10\/100\n|move|p1a: Pelipper|Hurricane|p2a: Farigiraf\n|-damage|p2a: Farigiraf|1\/100\n|-start|p2a: Farigiraf|confusion\n|move|p1b: Ludicolo|Energy Ball|p2b: Piplup\n|-supereffective|p2b: Piplup\n|-damage|p2b: Piplup|0 fnt\n|faint|p2b: Piplup\n|\n|-weather|RainDance|[upkeep]\n|-end|p1a: Pelipper|move: Yawn|[silent]\n|-status|p1a: Pelipper|slp\n|upkeep\n|\n|t:|1699938839\n|switch|p2b: Iron Hands|Iron Hands, L50|100\/100\n|turn|3\n|\n|t:|1699938856\n|switch|p1a: Landorus|Landorus-Therian, L50, M|100\/100\n|-ability|p1a: Landorus|Intimidate|boost\n|-unboost|p2a: Farigiraf|atk|1\n|-unboost|p2b: Iron Hands|atk|1\n|move|p2b: Iron Hands|Drain Punch|p1b: Ludicolo\n|-damage|p1b: Ludicolo|0 fnt\n|faint|p1b: Ludicolo\n|-activate|p2a: Farigiraf|confusion\n|-damage|p2a: Farigiraf|0 fnt|[from] confusion\n|faint|p2a: Farigiraf\n|\n|-weather|RainDance|[upkeep]\n|upkeep\n|inactive|AvocadoT0AST has 30 seconds left.\n|\n|t:|1699938881\n|switch|p2a: Ogerpon|Ogerpon-Hearthflame, L50, F|100\/100\n|switch|p1b: Weavile|Weavile, L50, F|100\/100\n|-ability|p2a: Ogerpon|Mold Breaker\n|turn|4\n|\n|t:|1699938895\n|switch|p1b: Pelipper|Pelipper, L50, M|100\/100 slp\n|move|p2a: Ogerpon|Spiky Shield|p2a: Ogerpon\n|-singleturn|p2a: Ogerpon|move: Protect\n|move|p2b: Iron Hands|Drain Punch|p1b: Pelipper\n|-resisted|p1b: Pelipper\n|-damage|p1b: Pelipper|82\/100 slp\n|move|p1a: Landorus|Earthquake|p2a: Ogerpon|[spread] p2b\n|-activate|p2a: Ogerpon|move: Protect\n|-immune|p1b: Pelipper\n|-supereffective|p2b: Iron Hands\n|-damage|p2b: Iron Hands|38\/100\n|\n|-weather|RainDance|[upkeep]\n|upkeep\n|turn|5\n|inactive|AvocadoT0AST has 30 seconds left.\n|\n|t:|1699938920\n|-terastallize|p1b: Pelipper|Ground\n|move|p2b: Iron Hands|Wild Charge|p1b: Pelipper\n|-immune|p1b: Pelipper\n|move|p1a: Landorus|Earthquake|p2a: Ogerpon|[spread] p1b,p2a,p2b\n|-supereffective|p2b: Iron Hands\n|-damage|p1b: Pelipper|25\/100 slp\n|-damage|p2a: Ogerpon|39\/100\n|-damage|p2b: Iron Hands|0 fnt\n|faint|p2b: Iron Hands\n|-end|p2b: Iron Hands|Quark Drive|[silent]\n|move|p2a: Ogerpon|Swords Dance|p2a: Ogerpon\n|-boost|p2a: Ogerpon|atk|2\n|cant|p1b: Pelipper|slp\n|\n|-weather|none\n|-fieldend|move: Trick Room\n|upkeep\n|turn|6\n|\n|t:|1699938945\n|-terastallize|p2a: Ogerpon|Fire\n|detailschange|p2a: Ogerpon|Ogerpon-Hearthflame-Tera, L50, F, tera:Fire\n|-ability|p2a: Ogerpon|Embody Aspect (Hearthflame)|boost\n|-boost|p2a: Ogerpon|atk|1\n|-curestatus|p1b: Pelipper|slp|[msg]\n|move|p1b: Pelipper|Hurricane|p2a: Ogerpon\n|-damage|p2a: Ogerpon|0 fnt\n|faint|p2a: Ogerpon\n|\n|win|AvocadoT0AST\n|raw|AvocadoT0AST's rating: 1048 &rarr; <strong>1081<\/strong><br \/>(+33 for winning)\n|raw|bway's rating: 1047 &rarr; <strong>1030<\/strong><br \/>(-17 for losing)\n","uploadtime":1699938954,"views":8,"p1id":"avocadot0ast","p2id":"bway","formatid":"gen9vgc2023regulatione","rating":1030,"private":0,"password":""}