{"id":"gen9vgc2023regulatione-1989436107","p1":"Joe sheboygan","p2":"FuzzThatWuzz","format":"[Gen 9] VGC 2023 Regulation E","log":"|j|\u2606Joe sheboygan\n|j|\u2606FuzzThatWuzz\n|t:|1699850164\n|gametype|doubles\n|player|p1|Joe sheboygan|red|1660\n|player|p2|FuzzThatWuzz|cynthia-gen4|1624\n|teamsize|p1|6\n|teamsize|p2|6\n|gen|9\n|tier|[Gen 9] VGC 2023 Regulation E\n|rated|\n|rule|Species Clause: Limit one of each Pok\u00e9mon\n|rule|Item Clause: Limit one of each item\n|clearpoke\n|poke|p1|Tornadus, L50, M|\n|poke|p1|Flutter Mane, L50|\n|poke|p1|Chi-Yu, L50|\n|poke|p1|Urshifu-*, L50, M|\n|poke|p1|Arcanine-Hisui, L50, M|\n|poke|p1|Rillaboom, L50, M|\n|poke|p2|Ogerpon, L50, F|\n|poke|p2|Tornadus, L50, M|\n|poke|p2|Farigiraf, L50, F|\n|poke|p2|Iron Hands, L50|\n|poke|p2|Heatran, L50, M|\n|poke|p2|Regidrago, L50|\n|teampreview|4\nFuzzThatWuzz has agreed to open team sheets.\n|j| DarkRinoRex\n|\n|t:|1699850212\n|start\n|switch|p1a: Flutter Mane|Flutter Mane, L50|100\/100\n|switch|p1b: Chi-Yu|Chi-Yu, L50|100\/100\n|switch|p2a: Tornadus|Tornadus, L50, M|100\/100\n|switch|p2b: Ogerpon|Ogerpon, L50, F|100\/100\n|-ability|p1b: Chi-Yu|Beads of Ruin\n|-enditem|p1a: Flutter Mane|Booster Energy\n|-activate|p1a: Flutter Mane|ability: Protosynthesis|[fromitem]\n|-start|p1a: Flutter Mane|protosynthesisspe\n|turn|1\n|\n|t:|1699850255\n|-end|p1a: Flutter Mane|Protosynthesis|[silent]\n|switch|p1a: Arcanine|Arcanine-Hisui, L50, M|100\/100\n|-ability|p1a: Arcanine|Intimidate|boost\n|-unboost|p2a: Tornadus|atk|1\n|-unboost|p2b: Ogerpon|atk|1\n|-ability|p2b: Ogerpon|Defiant|boost\n|-boost|p2b: Ogerpon|atk|2\n|-terastallize|p2b: Ogerpon|Grass\n|detailschange|p2b: Ogerpon|Ogerpon-Teal-Tera, L50, F, tera:Grass\n|-ability|p2b: Ogerpon|Embody Aspect (Teal)|boost\n|-boost|p2b: Ogerpon|spe|1\n|move|p2a: Tornadus|Tailwind|p2a: Tornadus\n|-sidestart|p2: FuzzThatWuzz|move: Tailwind\n|move|p2b: Ogerpon|U-turn|p1b: Chi-Yu\n|-damage|p1b: Chi-Yu|20\/100\n|\n|t:|1699850267\n|switch|p2b: Heatran|Heatran, L50, M|100\/100|[from] U-turn\n|move|p1b: Chi-Yu|Heat Wave|p2b: Heatran|[spread] p2a\n|-start|p2b: Heatran|ability: Flash Fire\n|-damage|p2a: Tornadus|21\/100\n|\n|upkeep\n|turn|2\n|\n|t:|1699850287\n|switch|p1b: Flutter Mane|Flutter Mane, L50|100\/100\n|-terastallize|p1a: Arcanine|Fairy\n|move|p1a: Arcanine|Extreme Speed|p2a: Tornadus\n|-damage|p2a: Tornadus|0 fnt\n|-damage|p1a: Arcanine|84\/100|[from] item: Rocky Helmet|[of] p2a: Tornadus\n|faint|p2a: Tornadus\n|move|p2b: Heatran|Earth Power|p1a: Arcanine\n|-damage|p1a: Arcanine|33\/100\n|-damage|p2b: Heatran|91\/100|[from] item: Life Orb\n|\n|upkeep\n|\n|t:|1699850299\n|switch|p2a: Ogerpon|Ogerpon-Teal-Tera, L50, F, tera:Grass|100\/100\n|-ability|p2a: Ogerpon|Embody Aspect (Teal)|boost\n|-boost|p2a: Ogerpon|spe|1\n|turn|3\n|\n|t:|1699850313\n|move|p1b: Flutter Mane|Protect|p1b: Flutter Mane\n|-singleturn|p1b: Flutter Mane|Protect\n|move|p1a: Arcanine|Extreme Speed|p2a: Ogerpon\n|-damage|p2a: Ogerpon|50\/100\n|move|p2a: Ogerpon|Ivy Cudgel|p1b: Flutter Mane\n|-activate|p1b: Flutter Mane|move: Protect\n|move|p2b: Heatran|Flash Cannon|p1a: Arcanine\n|-supereffective|p1a: Arcanine\n|-damage|p1a: Arcanine|0 fnt\n|faint|p1a: Arcanine\n|-damage|p2b: Heatran|82\/100|[from] item: Life Orb\n|\n|upkeep\n|\n|t:|1699850330\n|switch|p1a: Chi-Yu|Chi-Yu, L50|20\/100\n|-ability|p1a: Chi-Yu|Beads of Ruin\n|turn|4\n|\n|t:|1699850345\n|move|p1b: Flutter Mane|Protect|p1b: Flutter Mane\n|-singleturn|p1b: Flutter Mane|Protect\n|move|p2a: Ogerpon|Ivy Cudgel|p1b: Flutter Mane\n|-activate|p1b: Flutter Mane|move: Protect\n|move|p2b: Heatran|Earth Power|p1a: Chi-Yu\n|-supereffective|p1a: Chi-Yu\n|-damage|p1a: Chi-Yu|0 fnt\n|faint|p1a: Chi-Yu\n|-damage|p2b: Heatran|72\/100|[from] item: Life Orb\n|\n|-sideend|p2: FuzzThatWuzz|move: Tailwind\n|upkeep\n|\n|t:|1699850352\n|switch|p1a: Urshifu|Urshifu-Rapid-Strike, L50, M|100\/100\n|turn|5\n|\n|t:|1699850365\n|move|p2a: Ogerpon|Ivy Cudgel|p1b: Flutter Mane\n|-damage|p1b: Flutter Mane|0 fnt\n|faint|p1b: Flutter Mane\n|-end|p1b: Flutter Mane|Protosynthesis|[silent]\n|move|p1a: Urshifu|Close Combat|p2b: Heatran\n|-supereffective|p2b: Heatran\n|-damage|p2b: Heatran|0 fnt\n|-unboost|p1a: Urshifu|def|1\n|-unboost|p1a: Urshifu|spd|1\n|faint|p2b: Heatran\n|\n|upkeep\n|\n|t:|1699850373\n|switch|p2b: Regidrago|Regidrago, L50|100\/100\n|turn|6\n|\n|t:|1699850383\n|move|p2a: Ogerpon|Ivy Cudgel|p1a: Urshifu\n|-supereffective|p1a: Urshifu\n|-damage|p1a: Urshifu|0 fnt\n|faint|p1a: Urshifu\n|\n|win|FuzzThatWuzz\n|raw|Joe sheboygan's rating: 1660 &rarr; <strong>1638<\/strong><br \/>(-22 for losing)\n|raw|FuzzThatWuzz's rating: 1624 &rarr; <strong>1646<\/strong><br \/>(+22 for winning)\n|l|\u2606Joe sheboygan\n","uploadtime":1699850392,"views":14,"p1id":"joesheboygan","p2id":"fuzzthatwuzz","formatid":"gen9vgc2023regulatione","rating":1638,"private":0,"password":""}