{"id":"gen9vgc2023regulatione-1989822185","p1":"zandobando","p2":"rennui-","format":"[Gen 9] VGC 2023 Regulation E","log":"|j|\u2606zandobando\n|j|\u2606rennui-\n|t:|1699898633\n|gametype|doubles\n|player|p1|zandobando|sabrina-lgpe|1535\n|player|p2|rennui-|erika|1475\n|teamsize|p1|6\n|teamsize|p2|6\n|gen|9\n|tier|[Gen 9] VGC 2023 Regulation E\n|rated|\n|rule|Species Clause: Limit one of each Pok\u00e9mon\n|rule|Item Clause: Limit one of each item\n|clearpoke\n|poke|p1|Zapdos-Galar, L50|\n|poke|p1|Tornadus, L50, M|\n|poke|p1|Ogerpon-Hearthflame, L50, F|\n|poke|p1|Flutter Mane, L50|\n|poke|p1|Rillaboom, L50, M|\n|poke|p1|Urshifu-*, L50, M|\n|poke|p2|Flutter Mane, L50|\n|poke|p2|Chi-Yu, L50|\n|poke|p2|Torkoal, L50, M|\n|poke|p2|Ogerpon-Wellspring, L50, F|\n|poke|p2|Farigiraf, L50, M|\n|poke|p2|Iron Hands, L50|\n|teampreview|4\n|inactive|Battle timer is ON: inactive players will automatically lose when time's up. (requested by zandobando)\nrennui- has agreed to open team sheets.\n|inactive|rennui- has 60 seconds left.\n|\n|t:|1699898667\n|start\n|switch|p1a: Zapdos|Zapdos-Galar, L50, shiny|100\/100\n|switch|p1b: Rillaboom|Rillaboom, L50, M|100\/100\n|switch|p2a: Ogerpon|Ogerpon-Wellspring, L50, F|100\/100\n|switch|p2b: Farigiraf|Farigiraf, L50, M, shiny|100\/100\n|-fieldstart|move: Grassy Terrain|[from] ability: Grassy Surge|[of] p1b: Rillaboom\n|-enditem|p1a: Zapdos|Grassy Seed\n|-boost|p1a: Zapdos|def|1|[from] item: Grassy Seed\n|turn|1\n|inactive|zandobando has 30 seconds left.\n|inactive|zandobando has 20 seconds left.\n|inactive|zandobando has 15 seconds left.\n|\n|t:|1699898711\n|-terastallize|p1a: Zapdos|Steel\n|move|p1b: Rillaboom|Fake Out||[still]\n|cant|p2b: Farigiraf|ability: Armor Tail|Fake Out|[of] p1b: Rillaboom\n|move|p2a: Ogerpon|Follow Me|p2a: Ogerpon\n|-singleturn|p2a: Ogerpon|move: Follow Me\n|move|p1a: Zapdos|Thunderous Kick|p2a: Ogerpon\n|-damage|p2a: Ogerpon|56\/100\n|-unboost|p2a: Ogerpon|def|1\n|move|p2b: Farigiraf|Trick Room|p2b: Farigiraf\n|-fieldstart|move: Trick Room|[of] p2b: Farigiraf\n|\n|-heal|p2a: Ogerpon|62\/100|[from] Grassy Terrain\n|upkeep\n|turn|2\n|\n|t:|1699898735\n|move|p2a: Ogerpon|Follow Me|p2a: Ogerpon\n|-singleturn|p2a: Ogerpon|move: Follow Me\n|move|p1b: Rillaboom|Grassy Glide||[still]\n|cant|p2b: Farigiraf|ability: Armor Tail|Grassy Glide|[of] p1b: Rillaboom\n|move|p2b: Farigiraf|Nasty Plot|p2b: Farigiraf\n|-boost|p2b: Farigiraf|spa|2\n|move|p1a: Zapdos|Acrobatics|p2a: Ogerpon\n|-supereffective|p2a: Ogerpon\n|-damage|p2a: Ogerpon|0 fnt\n|faint|p2a: Ogerpon\n|\n|upkeep\n|\n|t:|1699898745\n|switch|p2a: Torkoal|Torkoal, L50, M, shiny|100\/100\n|-weather|SunnyDay|[from] ability: Drought|[of] p2a: Torkoal\n|turn|3\n|\n|t:|1699898758\n|move|p1a: Zapdos|Detect|p1a: Zapdos\n|-singleturn|p1a: Zapdos|Protect\n|move|p2a: Torkoal|Eruption|p1a: Zapdos|[spread] p1b\n|-activate|p1a: Zapdos|move: Protect\n|-supereffective|p1b: Rillaboom\n|-damage|p1b: Rillaboom|0 fnt\n|faint|p1b: Rillaboom\n|move|p2b: Farigiraf|Nasty Plot|p2b: Farigiraf\n|-boost|p2b: Farigiraf|spa|2\n|\n|-weather|SunnyDay|[upkeep]\n|upkeep\n|\n|t:|1699898769\n|switch|p1b: Ogerpon|Ogerpon-Hearthflame, L50, F|100\/100\n|-ability|p1b: Ogerpon|Mold Breaker\n|turn|4\n|\n|t:|1699898778\n|move|p1b: Ogerpon|Spiky Shield|p1b: Ogerpon\n|-singleturn|p1b: Ogerpon|move: Protect\n|move|p1a: Zapdos|Detect|p1a: Zapdos\n|-singleturn|p1a: Zapdos|Protect\n|move|p2a: Torkoal|Eruption|p1b: Ogerpon|[spread] \n|-activate|p1a: Zapdos|move: Protect\n|-activate|p1b: Ogerpon|move: Protect\n|move|p2b: Farigiraf|Psychic|p1b: Ogerpon\n|-activate|p1b: Ogerpon|move: Protect\n|\n|-weather|SunnyDay|[upkeep]\n|upkeep\n|turn|5\n|\n|t:|1699898796\n|switch|p1a: Flutter Mane|Flutter Mane, L50|100\/100\n|-activate|p1a: Flutter Mane|ability: Protosynthesis\n|-start|p1a: Flutter Mane|protosynthesisspe\n|move|p2a: Torkoal|Eruption|p1b: Ogerpon|[spread] p1a,p1b\n|-damage|p1a: Flutter Mane|28\/100\n|-damage|p1b: Ogerpon|18\/100\n|move|p2b: Farigiraf|Psychic|p1b: Ogerpon\n|-damage|p1b: Ogerpon|0 fnt\n|faint|p1b: Ogerpon\n|\n|-weather|SunnyDay|[upkeep]\n|-heal|p1a: Flutter Mane|34\/100|[from] Grassy Terrain\n|-fieldend|move: Trick Room\n|-fieldend|move: Grassy Terrain\n|upkeep\n|\n|t:|1699898809\n|switch|p1b: Zapdos|Zapdos-Galar, L50, shiny, tera:Steel|100\/100\n|turn|6\n|inactive|rennui- has 30 seconds left.\n|inactive|rennui- has 20 seconds left.\n|inactive|rennui- has 15 seconds left.\n|\n|t:|1699898852\n|-terastallize|p2b: Farigiraf|Fairy\n|move|p1a: Flutter Mane|Dazzling Gleam|p2a: Torkoal|[spread] p2a,p2b\n|-resisted|p2a: Torkoal\n|-damage|p2a: Torkoal|72\/100\n|-damage|p2b: Farigiraf|60\/100\n|move|p1b: Zapdos|Acrobatics|p2a: Torkoal\n|-damage|p2a: Torkoal|29\/100\n|move|p2b: Farigiraf|Dazzling Gleam|p1a: Flutter Mane|[spread] p1a,p1b\n|-resisted|p1b: Zapdos\n|-damage|p1a: Flutter Mane|0 fnt\n|-damage|p1b: Zapdos|54\/100\n|faint|p1a: Flutter Mane\n|-end|p1a: Flutter Mane|Protosynthesis|[silent]\n|move|p2a: Torkoal|Eruption|p1b: Zapdos\n|-supereffective|p1b: Zapdos\n|-damage|p1b: Zapdos|0 fnt\n|faint|p1b: Zapdos\n|\n|win|rennui-\n|raw|zandobando's rating: 1535 &rarr; <strong>1512<\/strong><br \/>(-23 for losing)\n|raw|rennui-'s rating: 1475 &rarr; <strong>1498<\/strong><br \/>(+23 for winning)\n|l|\u2606zandobando\n","uploadtime":1699898873,"views":23,"p1id":"zandobando","p2id":"rennui","formatid":"gen9vgc2023regulatione","rating":1498,"private":0,"password":""}