{"id":"gen9vgc2023regulatione-1993856310","p1":"WHY_RE","p2":"zanethrillseek","format":"[Gen 9] VGC 2023 Regulation E","log":"|j|\u2606WHY_RE\n|j|\u2606zanethrillseek\n|t:|1700365925\n|gametype|doubles\n|player|p1|WHY_RE|101|1102\n|player|p2|zanethrillseek|hilbert-wonderlauncher|1199\n|teamsize|p1|6\n|teamsize|p2|6\n|gen|9\n|tier|[Gen 9] VGC 2023 Regulation E\n|rated|\n|rule|Species Clause: Limit one of each Pok\u00e9mon\n|rule|Item Clause: Limit one of each item\n|clearpoke\n|poke|p1|Ogerpon-Wellspring, L50, F|\n|poke|p1|Tornadus, L50, M|\n|poke|p1|Gholdengo, L50|\n|poke|p1|Arcanine-Hisui, L50, F|\n|poke|p1|Empoleon, L50, F|\n|poke|p1|Raichu, L50, F|\n|poke|p2|Tornadus, L50, M|\n|poke|p2|Chien-Pao, L50|\n|poke|p2|Rillaboom, L50, F|\n|poke|p2|Arcanine-Hisui, L50, M|\n|poke|p2|Flutter Mane, L50|\n|poke|p2|Urshifu-*, L50, F|\n|teampreview|4\n|\n|t:|1700365970\n|start\n|switch|p1a: Empoleon|Empoleon, L50, F|100\/100\n|switch|p1b: Tornadus|Tornadus, L50, M|100\/100\n|switch|p2a: Tornadus|Tornadus, L50, M, shiny|100\/100\n|switch|p2b: Urshifu|Urshifu-Rapid-Strike, L50, F|100\/100\n|turn|1\n|\n|t:|1700366012\n|-terastallize|p2b: Urshifu|Water\n|move|p1b: Tornadus|Taunt|p2a: Tornadus\n|-start|p2a: Tornadus|move: Taunt\n|cant|p2a: Tornadus|move: Taunt|Tailwind\n|move|p2b: Urshifu|Surging Strikes|p1b: Tornadus\n|-crit|p1b: Tornadus\n|-damage|p1b: Tornadus|59\/100\n|-crit|p1b: Tornadus\n|-damage|p1b: Tornadus|10\/100\n|-crit|p1b: Tornadus\n|-damage|p1b: Tornadus|0 fnt\n|faint|p1b: Tornadus\n|-hitcount|p1: Tornadus|3\n|move|p1a: Empoleon|Yawn|p2b: Urshifu\n|-start|p2b: Urshifu|move: Yawn|[of] p1a: Empoleon\n|\n|upkeep\n|\n|t:|1700366030\n|switch|p1b: Ogerpon|Ogerpon-Wellspring, L50, F|100\/100\n|turn|2\n|\n|t:|1700366050\n|switch|p2b: Chien-Pao|Chien-Pao, L50|100\/100\n|-ability|p2b: Chien-Pao|Sword of Ruin\n|move|p1b: Ogerpon|Wood Hammer|p2b: Chien-Pao\n|-damage|p2b: Chien-Pao|10\/100\n|-damage|p1b: Ogerpon|75\/100|[from] Recoil\n|move|p2a: Tornadus|Bleakwind Storm|p1a: Empoleon|[spread] p1b\n|-miss|p2a: Tornadus|p1a: Empoleon\n|-supereffective|p1b: Ogerpon\n|-crit|p1b: Ogerpon\n|-damage|p1b: Ogerpon|0 fnt\n|faint|p1b: Ogerpon\n|move|p1a: Empoleon|Flash Cannon|p2b: Chien-Pao\n|-supereffective|p2b: Chien-Pao\n|-damage|p2b: Chien-Pao|0 fnt\n|faint|p2b: Chien-Pao\n|\n|upkeep\n|\n|t:|1700366067\n|switch|p2b: Urshifu|Urshifu-Rapid-Strike, L50, F, tera:Water|100\/100\n|switch|p1b: Raichu|Raichu, L50, F|100\/100\n|turn|3\n|\n|t:|1700366086\n|move|p2b: Urshifu|Protect|p2b: Urshifu\n|-singleturn|p2b: Urshifu|Protect\n|move|p1b: Raichu|Fake Out|p2b: Urshifu\n|-activate|p2b: Urshifu|move: Protect\n|move|p2a: Tornadus|Bleakwind Storm|p1b: Raichu|[spread] p1b\n|-miss|p2a: Tornadus|p1a: Empoleon\n|-resisted|p1b: Raichu\n|-damage|p1b: Raichu|75\/100\n|-unboost|p1b: Raichu|spe|1\n|move|p1a: Empoleon|Yawn|p2b: Urshifu\n|-activate|p2b: Urshifu|move: Protect\n|\n|-end|p2a: Tornadus|move: Taunt\n|upkeep\n|turn|4\n|\n|t:|1700366113\n|move|p1b: Raichu|Protect|p1b: Raichu\n|-singleturn|p1b: Raichu|Protect\n|move|p2a: Tornadus|Tailwind|p2a: Tornadus\n|-sidestart|p2: zanethrillseek|move: Tailwind\n|move|p2b: Urshifu|Surging Strikes|p1b: Raichu\n|-crit|p1b: Raichu\n|-damage|p1b: Raichu|22\/100\n|-crit|p1b: Raichu\n|-damage|p1b: Raichu|0 fnt\n|faint|p1b: Raichu\n|-hitcount|p1: Raichu|2\n|move|p1a: Empoleon|Yawn|p2b: Urshifu\n|-start|p2b: Urshifu|move: Yawn|[of] p1a: Empoleon\n|\n|upkeep\n|turn|5\n|-message|WHY_RE forfeited.\n|\n|win|zanethrillseek\n|raw|WHY_RE's rating: 1102 &rarr; <strong>1084<\/strong><br \/>(-18 for losing)\n|raw|zanethrillseek's rating: 1199 &rarr; <strong>1217<\/strong><br \/>(+18 for winning)\n|l|\u2606WHY_RE\n","uploadtime":1700366136,"views":8,"p1id":"whyre","p2id":"zanethrillseek","formatid":"gen9vgc2023regulatione","rating":1084,"private":0,"password":""}