{"id":"gen9vgc2023regulatione-2000305829","p1":"ayacuchimchar","p2":"Churi5421","format":"[Gen 9] VGC 2023 Regulation E","log":"|j|\u2606ayacuchimchar\n|j|\u2606Churi5421\n|t:|1701183322\n|gametype|doubles\n|player|p1|ayacuchimchar|cynthia-gen4|1040\n|player|p2|Churi5421|ethan|1137\n|teamsize|p1|6\n|teamsize|p2|6\n|gen|9\n|tier|[Gen 9] VGC 2023 Regulation E\n|rated|\n|rule|Species Clause: Limit one of each Pok\u00e9mon\n|rule|Item Clause: Limit one of each item\n|clearpoke\n|poke|p1|Munkidori, L50, M|\n|poke|p1|Dipplin, L50, M|\n|poke|p1|Milotic, L50, F|\n|poke|p1|Salamence, L50, M|\n|poke|p1|Tinkaton, L50, F|\n|poke|p1|Blissey, L50, F|\n|poke|p2|Palafin, L50, M|\n|poke|p2|Arcanine, L50, F|\n|poke|p2|Amoonguss, L50, M|\n|poke|p2|Chien-Pao, L50|\n|poke|p2|Flutter Mane, L50|\n|poke|p2|Iron Bundle, L50|\n|teampreview|4\n|inactive|Battle timer is ON: inactive players will automatically lose when time's up. (requested by ayacuchimchar)\nayacuchimchar rejected open team sheets.\n|c|\u2606ayacuchimchar|neeeg\n|c|\u2606ayacuchimchar|ur\n|inactive|Churi5421 has 60 seconds left.\n|j| Suessasd\n|inactive|Churi5421 has 30 seconds left.\n|l| Suessasd\n|\n|t:|1701183393\n|start\n|switch|p1a: Munkidori|Munkidori, L50, M|100\/100\n|switch|p1b: Milotic|Milotic, L50, F|100\/100\n|switch|p2a: Chien-Pao|Chien-Pao, L50|100\/100\n|switch|p2b: Arcanine|Arcanine, L50, F|100\/100\n|-ability|p2a: Chien-Pao|Sword of Ruin\n|-ability|p2b: Arcanine|Intimidate|boost\n|-unboost|p1a: Munkidori|atk|1\n|-unboost|p1b: Milotic|atk|1\n|turn|1\n|inactive|Churi5421 has 30 seconds left.\n|inactive|Churi5421 has 20 seconds left.\n|\n|t:|1701183431\n|switch|p2a: Amoonguss|Amoonguss, L50, M|100\/100\n|-terastallize|p2b: Arcanine|Normal\n|move|p1a: Munkidori|Fake Out|p2a: Amoonguss\n|-damage|p2a: Amoonguss|96\/100\n|-damage|p1a: Munkidori|84\/100|[from] item: Rocky Helmet|[of] p2a: Amoonguss\n|move|p2b: Arcanine|Snarl|p1b: Milotic|[spread] p1a,p1b\n|-supereffective|p1a: Munkidori\n|-crit|p1b: Milotic\n|-damage|p1a: Munkidori|68\/100\n|-damage|p1b: Milotic|93\/100\n|-unboost|p1a: Munkidori|spa|1\n|-unboost|p1b: Milotic|spa|1\n|move|p1b: Milotic|Coil|p1b: Milotic\n|-boost|p1b: Milotic|atk|1\n|-boost|p1b: Milotic|def|1\n|-boost|p1b: Milotic|accuracy|1\n|\n|-heal|p1b: Milotic|99\/100|[from] item: Leftovers\n|upkeep\n|turn|2\n|inactive|Churi5421 has 30 seconds left.\n|\n|t:|1701183460\n|move|p1a: Munkidori|Parting Shot|p2b: Arcanine\n|-unboost|p2b: Arcanine|atk|1\n|-unboost|p2b: Arcanine|spa|1\n|\n|t:|1701183465\n|switch|p1a: Dipplin|Dipplin, L50, M|100\/100|[from] Parting Shot\n|-ability|p1a: Dipplin|Supersweet Syrup\n|-ability|p1a: Dipplin|Supersweet Syrup|boost\n|-unboost|p2a: Amoonguss|evasion|1\n|-unboost|p2b: Arcanine|evasion|1\n|move|p2b: Arcanine|Snarl|p1a: Dipplin|[spread] p1a,p1b\n|-damage|p1a: Dipplin|97\/100\n|-damage|p1b: Milotic|96\/100\n|-unboost|p1a: Dipplin|spa|1\n|-unboost|p1b: Milotic|spa|1\n|move|p1b: Milotic|Hypnosis|p2a: Amoonguss\n|-status|p2a: Amoonguss|slp|[from] move: Hypnosis\n|cant|p2a: Amoonguss|slp\n|\n|-heal|p1b: Milotic|100\/100|[from] item: Leftovers\n|upkeep\n|turn|3\n|inactive|ayacuchimchar has 30 seconds left.\n|\n|t:|1701183495\n|switch|p2b: Chien-Pao|Chien-Pao, L50|100\/100\n|-ability|p2b: Chien-Pao|Sword of Ruin\n|switch|p1a: Salamence|Salamence, L50, M|100\/100\n|-ability|p1a: Salamence|Intimidate|boost\n|-unboost|p2a: Amoonguss|atk|1\n|-unboost|p2b: Chien-Pao|atk|1\n|cant|p2a: Amoonguss|slp\n|move|p1b: Milotic|Coil|p1b: Milotic\n|-boost|p1b: Milotic|atk|1\n|-boost|p1b: Milotic|def|1\n|-boost|p1b: Milotic|accuracy|1\n|\n|upkeep\n|turn|4\n|\n|t:|1701183513\n|-terastallize|p1a: Salamence|Steel\n|cant|p2a: Amoonguss|slp\n|move|p2b: Chien-Pao|Ice Spinner|p1a: Salamence\n|-resisted|p1a: Salamence\n|-damage|p1a: Salamence|78\/100\n|move|p1a: Salamence|Heat Wave|p2a: Amoonguss|[spread] p2a,p2b\n|-supereffective|p2a: Amoonguss\n|-supereffective|p2b: Chien-Pao\n|-damage|p2a: Amoonguss|48\/100 slp\n|-enditem|p2b: Chien-Pao|Focus Sash\n|-damage|p2b: Chien-Pao|1\/100\n|move|p1b: Milotic|Hypnosis|p2b: Chien-Pao\n|-status|p2b: Chien-Pao|slp|[from] move: Hypnosis\n|\n|upkeep\n|turn|5\n|inactive|ayacuchimchar has 30 seconds left.\n|\n|t:|1701183542\n|cant|p2b: Chien-Pao|slp\n|move|p1a: Salamence|Heat Wave|p2b: Chien-Pao|[spread] p2a,p2b\n|-supereffective|p2a: Amoonguss\n|-supereffective|p2b: Chien-Pao\n|-damage|p2a: Amoonguss|0 fnt\n|-damage|p2b: Chien-Pao|0 fnt\n|faint|p2a: Amoonguss\n|faint|p2b: Chien-Pao\n|move|p1b: Milotic|Coil|p1b: Milotic\n|-boost|p1b: Milotic|atk|1\n|-boost|p1b: Milotic|def|1\n|-boost|p1b: Milotic|accuracy|1\n|\n|upkeep\n|\n|t:|1701183544\n|switch|p2b: Iron Bundle|Iron Bundle, L50|100\/100\n|switch|p2a: Arcanine|Arcanine, L50, F, tera:Normal|100\/100\n|-ability|p2a: Arcanine|Intimidate|boost\n|-unboost|p1a: Salamence|atk|1\n|-unboost|p1b: Milotic|atk|1\n|turn|6\n|\n|t:|1701183566\n|switch|p1a: Munkidori|Munkidori, L50, M|68\/100\n|move|p2b: Iron Bundle|Icy Wind|p1a: Munkidori|[spread] p1a,p1b\n|-resisted|p1b: Milotic\n|-damage|p1a: Munkidori|36\/100\n|-damage|p1b: Milotic|92\/100\n|-unboost|p1a: Munkidori|spe|1\n|-unboost|p1b: Milotic|spe|1\n|move|p2a: Arcanine|Will-O-Wisp|p1a: Munkidori\n|-status|p1a: Munkidori|brn\n|move|p1b: Milotic|Hypnosis|p2b: Iron Bundle\n|-status|p2b: Iron Bundle|slp|[from] move: Hypnosis\n|\n|-heal|p1b: Milotic|98\/100|[from] item: Leftovers\n|-damage|p1a: Munkidori|30\/100 brn|[from] brn\n|upkeep\n|turn|7\n|inactive|Churi5421 has 30 seconds left.\n|\n|t:|1701183593\n|cant|p2b: Iron Bundle|slp\n|move|p2a: Arcanine|Snarl|p1a: Munkidori|[spread] p1b\n|-miss|p2a: Arcanine|p1a: Munkidori\n|-damage|p1b: Milotic|93\/100\n|-unboost|p1b: Milotic|spa|1\n|move|p1a: Munkidori|Parting Shot|p2b: Iron Bundle\n|-unboost|p2b: Iron Bundle|atk|1\n|-unboost|p2b: Iron Bundle|spa|1\n|\n|t:|1701183602\n|switch|p1a: Dipplin|Dipplin, L50, M|97\/100|[from] Parting Shot\n|move|p1b: Milotic|Hypnosis|p2a: Arcanine\n|-status|p2a: Arcanine|slp|[from] move: Hypnosis\n|\n|-heal|p1b: Milotic|99\/100|[from] item: Leftovers\n|upkeep\n|turn|8\n|\n|t:|1701183615\n|cant|p2a: Arcanine|slp\n|-curestatus|p2b: Iron Bundle|slp|[msg]\n|move|p2b: Iron Bundle|Icy Wind|p1b: Milotic|[spread] p1a,p1b\n|-supereffective|p1a: Dipplin\n|-resisted|p1b: Milotic\n|-damage|p1a: Dipplin|57\/100\n|-damage|p1b: Milotic|94\/100\n|-unboost|p1a: Dipplin|spe|1\n|-unboost|p1b: Milotic|spe|1\n|move|p1b: Milotic|Aqua Tail|p2a: Arcanine\n|-damage|p2a: Arcanine|70\/100 slp\n|move|p1a: Dipplin|Leaf Storm|p2b: Iron Bundle|[miss]\n|-miss|p1a: Dipplin|p2b: Iron Bundle\n|\n|-heal|p1b: Milotic|99\/100|[from] item: Leftovers\n|upkeep\n|turn|9\n|\n|t:|1701183638\n|move|p2b: Iron Bundle|Icy Wind|p1b: Milotic|[spread] p1a\n|-miss|p2b: Iron Bundle|p1b: Milotic\n|-supereffective|p1a: Dipplin\n|-damage|p1a: Dipplin|12\/100\n|-unboost|p1a: Dipplin|spe|1\n|cant|p2a: Arcanine|slp\n|move|p1b: Milotic|Aqua Tail|p2a: Arcanine\n|-damage|p2a: Arcanine|36\/100 slp\n|-enditem|p2a: Arcanine|Sitrus Berry|[eat]\n|-heal|p2a: Arcanine|60\/100 slp|[from] item: Sitrus Berry\n|move|p1a: Dipplin|Leaf Storm|p2b: Iron Bundle\n|-supereffective|p2b: Iron Bundle\n|-damage|p2b: Iron Bundle|0 fnt\n|-unboost|p1a: Dipplin|spa|2\n|faint|p2b: Iron Bundle\n|-end|p2b: Iron Bundle|Quark Drive|[silent]\n|\n|-heal|p1b: Milotic|100\/100|[from] item: Leftovers\n|upkeep\n|turn|10\n|\n|t:|1701183655\n|-curestatus|p2a: Arcanine|slp|[msg]\n|move|p2a: Arcanine|Snarl|p1b: Milotic|[spread] p1a,p1b\n|-damage|p1a: Dipplin|7\/100\n|-damage|p1b: Milotic|96\/100\n|-unboost|p1a: Dipplin|spa|1\n|-unboost|p1b: Milotic|spa|1\n|move|p1b: Milotic|Aqua Tail|p2a: Arcanine\n|-damage|p2a: Arcanine|26\/100\n|move|p1a: Dipplin|Recover|p1a: Dipplin\n|-heal|p1a: Dipplin|58\/100\n|\n|-heal|p1b: Milotic|100\/100|[from] item: Leftovers\n|upkeep\n|turn|11\n|\n|t:|1701183668\n|move|p2a: Arcanine|Extreme Speed|p1a: Dipplin\n|-damage|p1a: Dipplin|40\/100\n|move|p1b: Milotic|Aqua Tail|p2a: Arcanine\n|-damage|p2a: Arcanine|0 fnt\n|faint|p2a: Arcanine\n|\n|win|ayacuchimchar\n|raw|ayacuchimchar's rating: 1040 &rarr; <strong>1083<\/strong><br \/>(+43 for winning)\n|raw|Churi5421's rating: 1137 &rarr; <strong>1105<\/strong><br \/>(-32 for losing)\n|l|\u2606Churi5421\n","uploadtime":1701183679,"views":1,"p1id":"ayacuchimchar","p2id":"churi5421","formatid":"gen9vgc2023regulatione","rating":1083,"private":0,"password":""}