{"id":"gen9vgc2023regulatione-1989333065","p1":"RoryRemisdad14","p2":"It\u2019sJustKen VGC","format":"[Gen 9] VGC 2023 Regulation E","log":"|j|\u2606RoryRemisdad14\n|j|\u2606It\u2019sJustKen VGC\n|t:|1699837447\n|gametype|doubles\n|player|p1|RoryRemisdad14|benga|1276\n|player|p2|It\u2019sJustKen VGC|turo|1399\n|teamsize|p1|6\n|teamsize|p2|6\n|gen|9\n|tier|[Gen 9] VGC 2023 Regulation E\n|rated|\n|rule|Species Clause: Limit one of each Pok\u00e9mon\n|rule|Item Clause: Limit one of each item\n|clearpoke\n|poke|p1|Sinistcha, L50|\n|poke|p1|Iron Hands, L50|\n|poke|p1|Kommo-o, L50, F|\n|poke|p1|Kingambit, L50, F|\n|poke|p1|Urshifu-*, L50, M|\n|poke|p1|Arcanine-Hisui, L50, M|\n|poke|p2|Iron Bundle, L50|\n|poke|p2|Chi-Yu, L50|\n|poke|p2|Farigiraf, L50, M|\n|poke|p2|Landorus-Therian, L50, M|\n|poke|p2|Iron Hands, L50|\n|poke|p2|Amoonguss, L50, F|\n|teampreview|4\n|inactive|Battle timer is ON: inactive players will automatically lose when time's up. (requested by It\u2019sJustKen VGC)\n|inactive|RoryRemisdad14 has 60 seconds left.\n|\n|t:|1699837494\n|start\n|switch|p1a: Arcanine|Arcanine-Hisui, L50, M|100\/100\n|switch|p1b: Iron Hands|Iron Hands, L50|100\/100\n|switch|p2a: Chi-Yu|Chi-Yu, L50|100\/100\n|switch|p2b: Iron Hands|Iron Hands, L50|100\/100\n|-ability|p2a: Chi-Yu|Beads of Ruin\n|-ability|p1a: Arcanine|Intimidate|boost\n|-unboost|p2a: Chi-Yu|atk|1\n|-unboost|p2b: Iron Hands|atk|1\n|turn|1\n|inactive|It\u2019sJustKen VGC has 30 seconds left.\n|\n|t:|1699837524\n|-terastallize|p2a: Chi-Yu|Ghost\n|-terastallize|p1a: Arcanine|Fairy\n|move|p2a: Chi-Yu|Dark Pulse|p1a: Arcanine\n|-resisted|p1a: Arcanine\n|-damage|p1a: Arcanine|72\/100\n|move|p1a: Arcanine|Tera Blast|p2b: Iron Hands|[anim] Tera Blast Fairy\n|-supereffective|p2b: Iron Hands\n|-damage|p2b: Iron Hands|25\/100\n|move|p2b: Iron Hands|Drain Punch|p1a: Arcanine\n|-resisted|p1a: Arcanine\n|-damage|p1a: Arcanine|57\/100\n|-heal|p2b: Iron Hands|31\/100|[from] drain|[of] p1a: Arcanine\n|move|p1b: Iron Hands|Drain Punch|p2a: Chi-Yu\n|-immune|p2a: Chi-Yu\n|\n|upkeep\n|turn|2\n|inactive|It\u2019sJustKen VGC has 30 seconds left.\n|inactive|RoryRemisdad14 has 30 seconds left.\n|inactive|It\u2019sJustKen VGC has 20 seconds left.\n|inactive|It\u2019sJustKen VGC has 15 seconds left.\n|inactive|RoryRemisdad14 has 20 seconds left.\n|inactive|It\u2019sJustKen VGC has 10 seconds left.\n|inactive|RoryRemisdad14 has 15 seconds left.\n|inactive|It\u2019sJustKen VGC has 5 seconds left.\n|\n|t:|1699837578\n|-end|p2b: Iron Hands|Quark Drive|[silent]\n|switch|p2b: Farigiraf|Farigiraf, L50, M|100\/100\n|move|p2a: Chi-Yu|Protect|p2a: Chi-Yu\n|-singleturn|p2a: Chi-Yu|Protect\n|move|p1a: Arcanine|Tera Blast|p2a: Chi-Yu|[anim] Tera Blast Fairy\n|-activate|p2a: Chi-Yu|move: Protect\n|move|p1b: Iron Hands|Wild Charge|p2a: Chi-Yu\n|-activate|p2a: Chi-Yu|move: Protect\n|\n|upkeep\n|turn|3\n|inactive|RoryRemisdad14 has 30 seconds left.\n|inactive|It\u2019sJustKen VGC has 30 seconds left.\n|inactive|It\u2019sJustKen VGC has 20 seconds left.\n|inactive|It\u2019sJustKen VGC has 15 seconds left.\n|\n|t:|1699837622\n|move|p2a: Chi-Yu|Heat Wave|p1a: Arcanine|[spread] p1a,p1b\n|-damage|p1a: Arcanine|11\/100\n|-damage|p1b: Iron Hands|72\/100\n|move|p1a: Arcanine|Tera Blast|p2a: Chi-Yu|[anim] Tera Blast Fairy\n|-damage|p2a: Chi-Yu|11\/100\n|move|p2b: Farigiraf|Psychic|p1b: Iron Hands\n|-supereffective|p1b: Iron Hands\n|-damage|p1b: Iron Hands|18\/100\n|-unboost|p1b: Iron Hands|spd|1\n|move|p1b: Iron Hands|Wild Charge|p2a: Chi-Yu\n|-damage|p2a: Chi-Yu|0 fnt\n|faint|p2a: Chi-Yu\n|-damage|p1b: Iron Hands|16\/100|[from] Recoil\n|\n|upkeep\n|\n|t:|1699837632\n|switch|p2a: Iron Bundle|Iron Bundle, L50|100\/100\n|-enditem|p2a: Iron Bundle|Booster Energy\n|-activate|p2a: Iron Bundle|ability: Quark Drive|[fromitem]\n|-start|p2a: Iron Bundle|quarkdrivespe\n|turn|4\n|\n|t:|1699837654\n|switch|p1a: Urshifu|Urshifu-Rapid-Strike, L50, M|100\/100\n|-end|p1b: Iron Hands|Quark Drive|[silent]\n|switch|p1b: Kingambit|Kingambit, L50, F|100\/100\n|move|p2a: Iron Bundle|Freeze-Dry|p1a: Urshifu\n|-supereffective|p1a: Urshifu\n|-damage|p1a: Urshifu|0 fnt\n|faint|p1a: Urshifu\n|move|p2b: Farigiraf|Psychic|p1b: Kingambit\n|-immune|p1b: Kingambit\n|\n|upkeep\n|\n|t:|1699837660\n|switch|p1a: Arcanine|Arcanine-Hisui, L50, M, tera:Fairy|11\/100\n|-ability|p1a: Arcanine|Intimidate|boost\n|-unboost|p2a: Iron Bundle|atk|1\n|-unboost|p2b: Farigiraf|atk|1\n|turn|5\n|\n|t:|1699837681\n|switch|p1a: Iron Hands|Iron Hands, L50|16\/100\n|move|p2a: Iron Bundle|Hydro Pump|p1b: Kingambit\n|-damage|p1b: Kingambit|55\/100\n|move|p2b: Farigiraf|Dazzling Gleam|p1a: Iron Hands|[spread] p1a,p1b\n|-supereffective|p1a: Iron Hands\n|-damage|p1a: Iron Hands|1\/100\n|-damage|p1b: Kingambit|40\/100\n|move|p1b: Kingambit|Swords Dance|p1b: Kingambit\n|-boost|p1b: Kingambit|atk|2\n|\n|upkeep\n|turn|6\n|\n|t:|1699837695\n|move|p2a: Iron Bundle|Protect|p2a: Iron Bundle\n|-singleturn|p2a: Iron Bundle|Protect\n|move|p2b: Farigiraf|Dazzling Gleam|p1b: Kingambit|[spread] p1a,p1b\n|-supereffective|p1a: Iron Hands\n|-damage|p1a: Iron Hands|0 fnt\n|-damage|p1b: Kingambit|26\/100\n|faint|p1a: Iron Hands\n|-end|p1a: Iron Hands|Quark Drive|[silent]\n|move|p1b: Kingambit|Kowtow Cleave|p2b: Farigiraf\n|-supereffective|p2b: Farigiraf\n|-damage|p2b: Farigiraf|0 fnt\n|faint|p2b: Farigiraf\n|\n|upkeep\n|\n|t:|1699837706\n|switch|p2b: Iron Hands|Iron Hands, L50|31\/100\n|switch|p1a: Arcanine|Arcanine-Hisui, L50, M, tera:Fairy|11\/100\n|-ability|p1a: Arcanine|Intimidate|boost\n|-unboost|p2a: Iron Bundle|atk|1\n|-unboost|p2b: Iron Hands|atk|1\n|turn|7\n|\n|t:|1699837721\n|move|p2b: Iron Hands|Fake Out|p1b: Kingambit\n|-resisted|p1b: Kingambit\n|-damage|p1b: Kingambit|22\/100\n|move|p1a: Arcanine|Extreme Speed|p2b: Iron Hands\n|-damage|p2b: Iron Hands|6\/100\n|cant|p1b: Kingambit|flinch\n|move|p2a: Iron Bundle|Freeze-Dry|p1a: Arcanine\n|-damage|p1a: Arcanine|0 fnt\n|faint|p1a: Arcanine\n|\n|upkeep\n|turn|8\n|\n|t:|1699837731\n|move|p1b: Kingambit|Sucker Punch|p2b: Iron Hands\n|-resisted|p2b: Iron Hands\n|-damage|p2b: Iron Hands|0 fnt\n|faint|p2b: Iron Hands\n|-end|p2b: Iron Hands|Quark Drive|[silent]\n|move|p2a: Iron Bundle|Hydro Pump|p1b: Kingambit|[miss]\n|-miss|p2a: Iron Bundle|p1b: Kingambit\n|\n|upkeep\n|turn|9\n|\n|t:|1699837737\n|move|p2a: Iron Bundle|Protect|p2a: Iron Bundle\n|-singleturn|p2a: Iron Bundle|Protect\n|move|p1b: Kingambit|Sucker Punch||[still]\n|-fail|p1b: Kingambit\n|\n|upkeep\n|turn|10\n|\n|t:|1699837741\n|move|p2a: Iron Bundle|Protect||[still]\n|-fail|p2a: Iron Bundle\n|move|p1b: Kingambit|Sucker Punch||[still]\n|-fail|p1b: Kingambit\n|\n|upkeep\n|turn|11\n|\n|t:|1699837745\n|move|p1b: Kingambit|Protect|p1b: Kingambit\n|-singleturn|p1b: Kingambit|Protect\n|move|p2a: Iron Bundle|Hydro Pump|p1b: Kingambit\n|-activate|p1b: Kingambit|move: Protect\n|\n|upkeep\n|turn|12\n|\n|t:|1699837753\n|move|p2a: Iron Bundle|Protect|p2a: Iron Bundle\n|-singleturn|p2a: Iron Bundle|Protect\n|move|p1b: Kingambit|Sucker Punch||[still]\n|-fail|p1b: Kingambit\n|\n|upkeep\n|turn|13\n|\n|t:|1699837758\n|move|p1b: Kingambit|Sucker Punch|p2a: Iron Bundle\n|-damage|p2a: Iron Bundle|0 fnt\n|faint|p2a: Iron Bundle\n|-end|p2a: Iron Bundle|Quark Drive|[silent]\n|\n|win|RoryRemisdad14\n|raw|RoryRemisdad14's rating: 1276 &rarr; <strong>1309<\/strong><br \/>(+33 for winning)\n|raw|It\u2019sJustKen VGC's rating: 1399 &rarr; <strong>1372<\/strong><br \/>(-27 for losing)\n|l|\u2606RoryRemisdad14\n|c|\u2606It\u2019sJustKen VGC|fgg wp\n","uploadtime":1699837765,"views":13,"p1id":"roryremisdad14","p2id":"itsjustkenvgc","formatid":"gen9vgc2023regulatione","rating":1309,"private":0,"password":""}