{"id":"gen9vgc2023regulatione-1988536885","p1":"TapuNull418","p2":"JanTropea","format":"[Gen 9] VGC 2023 Regulation E","log":"|j|\u2606TapuNull418\n|j|\u2606JanTropea\n|t:|1699733549\n|gametype|doubles\n|player|p1|TapuNull418|2|1096\n|player|p2|JanTropea|richboy|1134\n|teamsize|p1|6\n|teamsize|p2|6\n|gen|9\n|tier|[Gen 9] VGC 2023 Regulation E\n|rated|\n|rule|Species Clause: Limit one of each Pok\u00e9mon\n|rule|Item Clause: Limit one of each item\n|clearpoke\n|poke|p1|Landorus-Therian, L50, M|\n|poke|p1|Flutter Mane, L50|\n|poke|p1|Iron Hands, L50|\n|poke|p1|Sinistcha-Masterpiece, L50|\n|poke|p1|Heatran, L50, F|\n|poke|p1|Urshifu-*, L50, M|\n|poke|p2|Staraptor, L50, F|\n|poke|p2|Urshifu-*, L50, M|\n|poke|p2|Empoleon, L50, F|\n|poke|p2|Chien-Pao, L50|\n|poke|p2|Azelf, L50|\n|poke|p2|Regieleki, L50|\n|teampreview|4\n|\n|t:|1699733572\n|start\n|switch|p1a: Landorus|Landorus-Therian, L50, M|100\/100\n|switch|p1b: Iron Hands|Iron Hands, L50, shiny|100\/100\n|switch|p2a: Staraptor|Staraptor, L50, F|100\/100\n|switch|p2b: Regieleki|Regieleki, L50|100\/100\n|-ability|p1a: Landorus|Intimidate|boost\n|-unboost|p2a: Staraptor|atk|1\n|-unboost|p2b: Regieleki|atk|1\n|-ability|p2a: Staraptor|Intimidate|boost\n|-unboost|p1a: Landorus|atk|1\n|-unboost|p1b: Iron Hands|atk|1\n|turn|1\n|\n|t:|1699733591\n|move|p2b: Regieleki|Protect|p2b: Regieleki\n|-singleturn|p2b: Regieleki|Protect\n|move|p1b: Iron Hands|Fake Out|p2b: Regieleki\n|-activate|p2b: Regieleki|move: Protect\n|move|p1a: Landorus|Rock Slide|p2b: Regieleki|[spread] p2a\n|-activate|p2b: Regieleki|move: Protect\n|-supereffective|p2a: Staraptor\n|-damage|p2a: Staraptor|62\/100\n|move|p2a: Staraptor|Tailwind|p2a: Staraptor\n|-sidestart|p2: JanTropea|move: Tailwind\n|\n|upkeep\n|turn|2\n|\n|t:|1699733610\n|-terastallize|p2b: Regieleki|Ice\n|move|p2b: Regieleki|Tera Blast|p1a: Landorus|[anim] Tera Blast Ice\n|-supereffective|p1a: Landorus\n|-damage|p1a: Landorus|0 fnt\n|faint|p1a: Landorus\n|move|p2a: Staraptor|U-turn|p1b: Iron Hands\n|-resisted|p1b: Iron Hands\n|-damage|p1b: Iron Hands|96\/100\n|\n|t:|1699733616\n|switch|p2a: Urshifu|Urshifu, L50, M|100\/100|[from] U-turn\n|move|p1b: Iron Hands|Wild Charge|p2a: Urshifu\n|-damage|p2a: Urshifu|64\/100\n|-damage|p1b: Iron Hands|90\/100|[from] Recoil\n|\n|upkeep\n|\n|t:|1699733635\n|switch|p1a: Flutter Mane|Flutter Mane, L50, shiny|100\/100\n|turn|3\n|\n|t:|1699733658\n|-terastallize|p1a: Flutter Mane|Fairy\n|move|p2b: Regieleki|Protect|p2b: Regieleki\n|-singleturn|p2b: Regieleki|Protect\n|move|p2a: Urshifu|Wicked Blow|p1a: Flutter Mane\n|-resisted|p1a: Flutter Mane\n|-crit|p1a: Flutter Mane\n|-damage|p1a: Flutter Mane|27\/100\n|move|p1a: Flutter Mane|Moonblast|p2a: Urshifu\n|-supereffective|p2a: Urshifu\n|-damage|p2a: Urshifu|0 fnt\n|faint|p2a: Urshifu\n|move|p1b: Iron Hands|Drain Punch|p2b: Regieleki\n|-activate|p2b: Regieleki|move: Protect\n|\n|upkeep\n|\n|t:|1699733669\n|switch|p2a: Staraptor|Staraptor, L50, F|62\/100\n|-ability|p2a: Staraptor|Intimidate|boost\n|-unboost|p1a: Flutter Mane|atk|1\n|-unboost|p1b: Iron Hands|atk|1\n|turn|4\n|\n|t:|1699733683\n|-end|p1b: Iron Hands|Quark Drive|[silent]\n|switch|p1b: Sinistcha|Sinistcha-Masterpiece, L50, shiny|100\/100\n|-heal|p1a: Flutter Mane|52\/100|[from] ability: Hospitality|[of] p1b: Sinistcha\n|move|p2b: Regieleki|Tera Blast|p1a: Flutter Mane|[anim] Tera Blast Ice\n|-damage|p1a: Flutter Mane|14\/100\n|move|p2a: Staraptor|Brave Bird|p1b: Sinistcha\n|-supereffective|p1b: Sinistcha\n|-damage|p1b: Sinistcha|0 fnt\n|-damage|p2a: Staraptor|46\/100|[from] item: Rocky Helmet|[of] p1b: Sinistcha\n|-enditem|p2a: Staraptor|Sitrus Berry|[eat]\n|-heal|p2a: Staraptor|71\/100|[from] item: Sitrus Berry\n|faint|p1b: Sinistcha\n|-damage|p2a: Staraptor|36\/100|[from] Recoil\n|move|p1a: Flutter Mane|Moonblast|p2a: Staraptor\n|-damage|p2a: Staraptor|0 fnt\n|faint|p2a: Staraptor\n|\n|-sideend|p2: JanTropea|move: Tailwind\n|upkeep\n|\n|t:|1699733700\n|switch|p2a: Empoleon|Empoleon, L50, F|100\/100\n|switch|p1b: Iron Hands|Iron Hands, L50, shiny|90\/100\n|turn|5\n|\n|t:|1699733713\n|move|p2b: Regieleki|Tera Blast|p1b: Iron Hands|[anim] Tera Blast Ice\n|-damage|p1b: Iron Hands|68\/100\n|move|p1a: Flutter Mane|Moonblast|p2b: Regieleki\n|-damage|p2b: Regieleki|0 fnt\n|faint|p2b: Regieleki\n|move|p2a: Empoleon|Hydro Pump|p1b: Iron Hands\n|-damage|p1b: Iron Hands|30\/100\n|move|p1b: Iron Hands|Drain Punch|p2a: Empoleon\n|-supereffective|p2a: Empoleon\n|-damage|p2a: Empoleon|0 fnt\n|-heal|p1b: Iron Hands|67\/100|[from] drain|[of] p2a: Empoleon\n|faint|p2a: Empoleon\n|\n|win|TapuNull418\n|raw|TapuNull418's rating: 1096 &rarr; <strong>1124<\/strong><br \/>(+28 for winning)\n|raw|JanTropea's rating: 1134 &rarr; <strong>1106<\/strong><br \/>(-28 for losing)\n|l|\u2606JanTropea\n","uploadtime":1699733728,"views":12,"p1id":"tapunull418","p2id":"jantropea","formatid":"gen9vgc2023regulatione","rating":1106,"private":0,"password":""}