{"id":"gen9vgc2023regulatione-1996797991","p1":"Stoopidhydreigon","p2":"bixbi","format":"[Gen 9] VGC 2023 Regulation E","log":"|j|\u2606Stoopidhydreigon\n|j|\u2606bixbi\n|t:|1700727023\n|gametype|doubles\n|player|p1|Stoopidhydreigon|169|1279\n|player|p2|bixbi|265|1222\n|teamsize|p1|6\n|teamsize|p2|6\n|gen|9\n|tier|[Gen 9] VGC 2023 Regulation E\n|rated|\n|rule|Species Clause: Limit one of each Pok\u00e9mon\n|rule|Item Clause: Limit one of each item\n|clearpoke\n|poke|p1|Hydreigon, L50, M|\n|poke|p1|Arcanine-Hisui, L50, M|\n|poke|p1|Iron Hands, L50|\n|poke|p1|Ogerpon-Wellspring, L50, F|\n|poke|p1|Corviknight, L50, M|\n|poke|p1|Farigiraf, L50, M|\n|poke|p2|Tyranitar, L50, F|\n|poke|p2|Lycanroc, L50, F|\n|poke|p2|Garganacl, L50, M|\n|poke|p2|Houndstone, L50, F|\n|poke|p2|Gastrodon, L50, F|\n|poke|p2|Dragapult, L50, F|\n|teampreview|4\n|inactive|Battle timer is ON: inactive players will automatically lose when time's up. (requested by bixbi)\n|inactive|Stoopidhydreigon has 60 seconds left.\n|\n|t:|1700727064\n|start\n|switch|p1a: Corviknight|Corviknight, L50, M|100\/100\n|switch|p1b: Iron Hands|Iron Hands, L50|100\/100\n|switch|p2a: Houndstone|Houndstone, L50, F|100\/100\n|switch|p2b: Tyranitar|Tyranitar, L50, F|100\/100\n|-weather|Sandstorm|[from] ability: Sand Stream|[of] p2b: Tyranitar\n|turn|1\n|inactive|bixbi has 30 seconds left.\n|\n|t:|1700727092\n|-terastallize|p2b: Tyranitar|Ghost\n|move|p1b: Iron Hands|Fake Out|p2b: Tyranitar\n|-immune|p2b: Tyranitar\n|move|p2a: Houndstone|Will-O-Wisp|p1b: Iron Hands\n|-status|p1b: Iron Hands|brn\n|move|p1a: Corviknight|Tailwind|p1a: Corviknight\n|-sidestart|p1: Stoopidhydreigon|move: Tailwind\n|move|p2b: Tyranitar|Rock Slide|p1b: Iron Hands|[spread] p1b\n|-miss|p2b: Tyranitar|p1a: Corviknight\n|-resisted|p1b: Iron Hands\n|-damage|p1b: Iron Hands|91\/100 brn\n|\n|-weather|Sandstorm|[upkeep]\n|-damage|p1b: Iron Hands|85\/100 brn|[from] Sandstorm\n|-damage|p2b: Tyranitar|95\/100|[from] Sandstorm\n|-damage|p1b: Iron Hands|79\/100 brn|[from] brn\n|upkeep\n|turn|2\n|\n|t:|1700727112\n|move|p2a: Houndstone|Will-O-Wisp|p1a: Corviknight\n|-status|p1a: Corviknight|brn\n|move|p1a: Corviknight|Brave Bird|p2a: Houndstone\n|-damage|p2a: Houndstone|76\/100\n|-damage|p1a: Corviknight|95\/100 brn|[from] Recoil\n|move|p1b: Iron Hands|Wild Charge|p2a: Houndstone\n|-damage|p2a: Houndstone|46\/100\n|-damage|p1b: Iron Hands|75\/100 brn|[from] Recoil\n|move|p2b: Tyranitar|Rock Slide|p1a: Corviknight|[spread] p1a,p1b\n|-resisted|p1b: Iron Hands\n|-damage|p1a: Corviknight|70\/100 brn\n|-damage|p1b: Iron Hands|66\/100 brn\n|\n|-weather|Sandstorm|[upkeep]\n|-damage|p1b: Iron Hands|60\/100 brn|[from] Sandstorm\n|-damage|p2b: Tyranitar|89\/100|[from] Sandstorm\n|-damage|p1a: Corviknight|64\/100 brn|[from] brn\n|-damage|p1b: Iron Hands|54\/100 brn|[from] brn\n|upkeep\n|turn|3\n|l|\u2606Stoopidhydreigon\n|inactive|Stoopidhydreigon disconnected and has a minute to reconnect!\n|player|p1|\n|inactive|Stoopidhydreigon has 30 seconds left.\n|j|\u2606Stoopidhydreigon\n|inactive|Stoopidhydreigon reconnected and has 25 seconds left.\n|player|p1|Stoopidhydreigon|169\n|inactive|Stoopidhydreigon has 20 seconds left.\n|\n|t:|1700727147\n|switch|p2a: Gastrodon|Gastrodon, L50, F|100\/100\n|move|p1a: Corviknight|Bulk Up|p1a: Corviknight\n|-boost|p1a: Corviknight|atk|1\n|-boost|p1a: Corviknight|def|1\n|move|p1b: Iron Hands|Wild Charge|p2a: Gastrodon\n|-immune|p2a: Gastrodon\n|move|p2b: Tyranitar|Rock Slide|p1b: Iron Hands|[spread] p1a,p1b\n|-resisted|p1b: Iron Hands\n|-damage|p1a: Corviknight|48\/100 brn\n|-damage|p1b: Iron Hands|45\/100 brn\n|-enditem|p1a: Corviknight|Sitrus Berry|[eat]\n|-heal|p1a: Corviknight|73\/100 brn|[from] item: Sitrus Berry\n|\n|-weather|Sandstorm|[upkeep]\n|-damage|p1b: Iron Hands|39\/100 brn|[from] Sandstorm\n|-damage|p2b: Tyranitar|83\/100|[from] Sandstorm\n|-damage|p1a: Corviknight|67\/100 brn|[from] brn\n|-damage|p1b: Iron Hands|33\/100 brn|[from] brn\n|upkeep\n|turn|4\n|\n|t:|1700727165\n|-end|p1b: Iron Hands|Quark Drive|[silent]\n|switch|p1b: Ogerpon|Ogerpon-Wellspring, L50, F|100\/100\n|move|p1a: Corviknight|Bulk Up|p1a: Corviknight\n|-boost|p1a: Corviknight|atk|1\n|-boost|p1a: Corviknight|def|1\n|move|p2b: Tyranitar|Rock Slide|p1b: Ogerpon|[spread] p1a,p1b\n|-damage|p1a: Corviknight|55\/100 brn\n|-damage|p1b: Ogerpon|65\/100\n|move|p2a: Gastrodon|Earth Power|p1b: Ogerpon\n|-resisted|p1b: Ogerpon\n|-damage|p1b: Ogerpon|52\/100\n|-unboost|p1b: Ogerpon|spd|1\n|\n|-weather|Sandstorm|[upkeep]\n|-damage|p1b: Ogerpon|46\/100|[from] Sandstorm\n|-damage|p2b: Tyranitar|77\/100|[from] Sandstorm\n|-damage|p1a: Corviknight|49\/100 brn|[from] brn\n|-sideend|p1: Stoopidhydreigon|move: Tailwind\n|upkeep\n|turn|5\n|\n|t:|1700727187\n|switch|p2b: Dragapult|Dragapult, L50, F|100\/100\n|move|p1b: Ogerpon|Spiky Shield|p1b: Ogerpon\n|-singleturn|p1b: Ogerpon|move: Protect\n|move|p1a: Corviknight|Tailwind|p1a: Corviknight\n|-sidestart|p1: Stoopidhydreigon|move: Tailwind\n|move|p2a: Gastrodon|Yawn|p1b: Ogerpon\n|-activate|p1b: Ogerpon|move: Protect\n|\n|-weather|none\n|-damage|p1a: Corviknight|43\/100 brn|[from] brn\n|upkeep\n|turn|6\n|inactive|Stoopidhydreigon has 30 seconds left.\n|\n|t:|1700727218\n|switch|p2a: Houndstone|Houndstone, L50, F|46\/100\n|move|p2b: Dragapult|Sucker Punch|p1b: Ogerpon\n|-damage|p1b: Ogerpon|9\/100\n|move|p1b: Ogerpon|Horn Leech|p2a: Houndstone\n|-damage|p2a: Houndstone|0 fnt\n|-heal|p1b: Ogerpon|30\/100|[from] drain|[of] p2a: Houndstone\n|faint|p2a: Houndstone\n|move|p1a: Corviknight|Brave Bird|p2b: Dragapult\n|-damage|p2b: Dragapult|51\/100\n|-damage|p1a: Corviknight|29\/100 brn|[from] Recoil\n|\n|-damage|p1a: Corviknight|23\/100 brn|[from] brn\n|upkeep\n|\n|t:|1700727236\n|switch|p2a: Gastrodon|Gastrodon, L50, F|100\/100\n|turn|7\n|\n|t:|1700727240\n|switch|p1b: Iron Hands|Iron Hands, L50|33\/100 brn\n|move|p2a: Gastrodon|Protect|p2a: Gastrodon\n|-singleturn|p2a: Gastrodon|Protect\n|move|p2b: Dragapult|Sucker Punch||[still]\n|-fail|p2b: Dragapult\n|move|p1a: Corviknight|Roost|p1a: Corviknight\n|-heal|p1a: Corviknight|74\/100 brn\n|-singleturn|p1a: Corviknight|move: Roost\n|\n|-damage|p1a: Corviknight|68\/100 brn|[from] brn\n|-damage|p1b: Iron Hands|27\/100 brn|[from] brn\n|upkeep\n|turn|8\n|\n|t:|1700727254\n|move|p1b: Iron Hands|Fake Out|p2a: Gastrodon\n|-damage|p2a: Gastrodon|94\/100\n|move|p2b: Dragapult|Sucker Punch||[still]\n|-fail|p2b: Dragapult\n|move|p1a: Corviknight|Brave Bird|p2b: Dragapult\n|-damage|p2b: Dragapult|0 fnt\n|faint|p2b: Dragapult\n|-damage|p1a: Corviknight|54\/100 brn|[from] Recoil\n|cant|p2a: Gastrodon|flinch\n|\n|-heal|p2a: Gastrodon|99\/100|[from] item: Leftovers\n|-damage|p1a: Corviknight|48\/100 brn|[from] brn\n|-damage|p1b: Iron Hands|21\/100 brn|[from] brn\n|-sideend|p1: Stoopidhydreigon|move: Tailwind\n|upkeep\n|\n|t:|1700727262\n|switch|p2b: Tyranitar|Tyranitar, L50, F, tera:Ghost|77\/100\n|-weather|Sandstorm|[from] ability: Sand Stream|[of] p2b: Tyranitar\n|turn|9\n|\n|t:|1700727274\n|move|p1a: Corviknight|Tailwind|p1a: Corviknight\n|-sidestart|p1: Stoopidhydreigon|move: Tailwind\n|move|p1b: Iron Hands|Wild Charge|p2b: Tyranitar\n|-damage|p2b: Tyranitar|57\/100\n|-damage|p1b: Iron Hands|17\/100 brn|[from] Recoil\n|move|p2b: Tyranitar|Rock Slide|p1b: Iron Hands|[spread] p1a,p1b\n|-resisted|p1b: Iron Hands\n|-damage|p1a: Corviknight|36\/100 brn\n|-damage|p1b: Iron Hands|6\/100 brn\n|move|p2a: Gastrodon|Earth Power|p1b: Iron Hands\n|-supereffective|p1b: Iron Hands\n|-damage|p1b: Iron Hands|0 fnt\n|faint|p1b: Iron Hands\n|-end|p1b: Iron Hands|Quark Drive|[silent]\n|\n|-weather|Sandstorm|[upkeep]\n|-damage|p2b: Tyranitar|51\/100|[from] Sandstorm\n|-heal|p2a: Gastrodon|100\/100|[from] item: Leftovers\n|-damage|p1a: Corviknight|30\/100 brn|[from] brn\n|upkeep\n|\n|t:|1700727292\n|switch|p1b: Ogerpon|Ogerpon-Wellspring, L50, F|30\/100\n|turn|10\n|\n|t:|1700727311\n|move|p1b: Ogerpon|Spiky Shield|p1b: Ogerpon\n|-singleturn|p1b: Ogerpon|move: Protect\n|move|p2a: Gastrodon|Protect|p2a: Gastrodon\n|-singleturn|p2a: Gastrodon|Protect\n|move|p1a: Corviknight|Roost|p1a: Corviknight\n|-heal|p1a: Corviknight|81\/100 brn\n|-singleturn|p1a: Corviknight|move: Roost\n|move|p2b: Tyranitar|Crunch|p1b: Ogerpon\n|-activate|p1b: Ogerpon|move: Protect\n|-damage|p2b: Tyranitar|39\/100|[from] Spiky Shield|[of] p1b: Ogerpon\n|\n|-weather|Sandstorm|[upkeep]\n|-damage|p1b: Ogerpon|24\/100|[from] Sandstorm\n|-damage|p2b: Tyranitar|33\/100|[from] Sandstorm\n|-damage|p1a: Corviknight|75\/100 brn|[from] brn\n|upkeep\n|turn|11\n|\n|t:|1700727322\n|move|p1b: Ogerpon|Horn Leech|p2a: Gastrodon\n|-supereffective|p2a: Gastrodon\n|-damage|p2a: Gastrodon|0 fnt\n|-heal|p1b: Ogerpon|90\/100|[from] drain|[of] p2a: Gastrodon\n|faint|p2a: Gastrodon\n|move|p1a: Corviknight|Brave Bird|p2b: Tyranitar\n|-damage|p2b: Tyranitar|1\/100\n|-damage|p1a: Corviknight|64\/100 brn|[from] Recoil\n|move|p2b: Tyranitar|Crunch|p1b: Ogerpon\n|-damage|p1b: Ogerpon|35\/100\n|\n|-weather|Sandstorm|[upkeep]\n|-damage|p1b: Ogerpon|29\/100|[from] Sandstorm\n|-damage|p2b: Tyranitar|0 fnt|[from] Sandstorm\n|faint|p2b: Tyranitar\n|\n|win|Stoopidhydreigon\n|upkeep\n|raw|Stoopidhydreigon's rating: 1279 &rarr; <strong>1300<\/strong><br \/>(+21 for winning)\n|raw|bixbi's rating: 1222 &rarr; <strong>1201<\/strong><br \/>(-21 for losing)\n|l|\u2606bixbi\n","uploadtime":1700727340,"views":4,"p1id":"stoopidhydreigon","p2id":"bixbi","formatid":"gen9vgc2023regulatione","rating":1201,"private":0,"password":""}