{"id":"gen9vgc2023regulatione-1989412435","p1":"zac5224666","p2":"smoked lobster","format":"[Gen 9] VGC 2023 Regulation E","log":"|j|\u2606zac5224666\n|j|\u2606smoked lobster\n|t:|1699846930\n|gametype|doubles\n|player|p1|zac5224666|265|1406\n|player|p2|smoked lobster|janitor|1346\n|teamsize|p1|6\n|teamsize|p2|6\n|gen|9\n|tier|[Gen 9] VGC 2023 Regulation E\n|rated|\n|rule|Species Clause: Limit one of each Pok\u00e9mon\n|rule|Item Clause: Limit one of each item\n|clearpoke\n|poke|p1|Moltres-Galar, L50|\n|poke|p1|Grimmsnarl, L50, M|\n|poke|p1|Landorus-Therian, L50, M|\n|poke|p1|Iron Hands, L50|\n|poke|p1|Annihilape, L50, F|\n|poke|p1|Maushold-Four, L50|\n|poke|p2|Muk-Alola, L50, F|\n|poke|p2|Gothitelle, L50, F|\n|poke|p2|Scream Tail, L50|\n|poke|p2|Tornadus-Therian, L50, M|\n|poke|p2|Dondozo, L50, M|\n|poke|p2|Tatsugiri, L50, M|\n|teampreview|4\n|inactive|Battle timer is ON: inactive players will automatically lose when time's up. (requested by smoked lobster)\n|j| huhinthiseconomy\n|inactive|zac5224666 has 60 seconds left.\n|inactive|smoked lobster has 60 seconds left.\n|\n|t:|1699846979\n|start\n|switch|p1a: Landorus|Landorus-Therian, L50, M, shiny|100\/100\n|switch|p1b: Iron Hands|Iron Hands, L50|100\/100\n|switch|p2a: Scream Tail|Scream Tail, L50|100\/100\n|switch|p2b: Gothitelle|Gothitelle, L50, F|100\/100\n|-ability|p1a: Landorus|Intimidate|boost\n|-unboost|p2a: Scream Tail|atk|1\n|-unboost|p2b: Gothitelle|atk|1\n|-enditem|p2a: Scream Tail|Booster Energy\n|-activate|p2a: Scream Tail|ability: Protosynthesis|[fromitem]\n|-start|p2a: Scream Tail|protosynthesisspd\n|turn|1\n|inactive|zac5224666 has 30 seconds left.\n|inactive|zac5224666 has 20 seconds left.\n|inactive|zac5224666 has 15 seconds left.\n|\n|t:|1699847020\n|move|p1b: Iron Hands|Fake Out|p2a: Scream Tail\n|-damage|p2a: Scream Tail|91\/100\n|move|p2b: Gothitelle|Fake Out|p1b: Iron Hands\n|-damage|p1b: Iron Hands|98\/100\n|move|p1a: Landorus|U-turn|p2b: Gothitelle\n|-supereffective|p2b: Gothitelle\n|-damage|p2b: Gothitelle|50\/100\n|-enditem|p2b: Gothitelle|Sitrus Berry|[eat]\n|-heal|p2b: Gothitelle|75\/100|[from] item: Sitrus Berry\n|\n|t:|1699847029\n|switch|p1a: Annihilape|Annihilape, L50, F|100\/100|[from] U-turn\n|cant|p2a: Scream Tail|flinch\n|\n|upkeep\n|turn|2\n|inactive|smoked lobster has 30 seconds left.\n|inactive|smoked lobster has 20 seconds left.\n|inactive|smoked lobster has 15 seconds left.\n|\n|t:|1699847073\n|move|p2b: Gothitelle|Protect|p2b: Gothitelle\n|-singleturn|p2b: Gothitelle|Protect\n|move|p2a: Scream Tail|Perish Song|p2a: Scream Tail\n|-start|p1a: Annihilape|perish3|[silent]\n|-start|p1b: Iron Hands|perish3|[silent]\n|-start|p2a: Scream Tail|perish3|[silent]\n|-start|p2b: Gothitelle|perish3|[silent]\n|-fieldactivate|move: Perish Song\n|move|p1a: Annihilape|Rage Fist|p2a: Scream Tail\n|-supereffective|p2a: Scream Tail\n|-damage|p2a: Scream Tail|61\/100\n|move|p1b: Iron Hands|Wild Charge|p2a: Scream Tail\n|-damage|p2a: Scream Tail|30\/100\n|-damage|p1b: Iron Hands|91\/100|[from] Recoil\n|\n|-start|p2a: Scream Tail|perish3\n|-start|p1a: Annihilape|perish3\n|-start|p1b: Iron Hands|perish3\n|-start|p2b: Gothitelle|perish3\n|upkeep\n|turn|3\n|inactive|smoked lobster has 30 seconds left.\n|\n|t:|1699847102\n|-end|p2a: Scream Tail|Protosynthesis|[silent]\n|switch|p2a: Dondozo|Dondozo, L50, M|100\/100\n|move|p1a: Annihilape|Rage Fist|p2b: Gothitelle\n|-supereffective|p2b: Gothitelle\n|-damage|p2b: Gothitelle|34\/100\n|move|p1b: Iron Hands|Wild Charge|p2b: Gothitelle\n|-damage|p2b: Gothitelle|0 fnt\n|faint|p2b: Gothitelle\n|-damage|p1b: Iron Hands|84\/100|[from] Recoil\n|\n|-start|p1a: Annihilape|perish2\n|-start|p1b: Iron Hands|perish2\n|upkeep\n|\n|t:|1699847118\n|switch|p2b: Muk|Muk-Alola, L50, F|100\/100\n|turn|4\n|inactive|zac5224666 has 30 seconds left.\n|\n|t:|1699847145\n|-terastallize|p2a: Dondozo|Dragon\n|move|p1a: Annihilape|Rage Fist|p2a: Dondozo\n|-damage|p2a: Dondozo|86\/100\n|move|p1b: Iron Hands|Wild Charge|p2a: Dondozo\n|-resisted|p2a: Dondozo\n|-damage|p2a: Dondozo|72\/100\n|-damage|p1b: Iron Hands|81\/100|[from] Recoil\n|move|p2b: Muk|Knock Off|p1b: Iron Hands\n|-resisted|p1b: Iron Hands\n|-damage|p1b: Iron Hands|69\/100\n|-enditem|p1b: Iron Hands|Assault Vest|[from] move: Knock Off|[of] p2b: Muk\n|move|p2a: Dondozo|Wave Crash|p1b: Iron Hands\n|-damage|p1b: Iron Hands|42\/100\n|-damage|p2a: Dondozo|64\/100|[from] Recoil\n|\n|-heal|p2a: Dondozo|70\/100|[from] item: Leftovers\n|-start|p1a: Annihilape|perish1\n|-start|p1b: Iron Hands|perish1\n|upkeep\n|turn|5\n|inactive|zac5224666 has 30 seconds left.\n|\n|t:|1699847174\n|switch|p1a: Landorus|Landorus-Therian, L50, M, shiny|100\/100\n|-ability|p1a: Landorus|Intimidate|boost\n|-fail|p2a: Dondozo|unboost|Attack|[from] ability: Oblivious|[of] p2a: Dondozo\n|-unboost|p2b: Muk|atk|1\n|-end|p1b: Iron Hands|Quark Drive|[silent]\n|switch|p1b: Maushold|Maushold-Four, L50|100\/100\n|move|p2b: Muk|Knock Off|p1a: Landorus\n|-damage|p1a: Landorus|84\/100\n|-enditem|p1a: Landorus|Choice Scarf|[from] move: Knock Off|[of] p2b: Muk\n|move|p2a: Dondozo|Yawn|p1b: Maushold\n|-start|p1b: Maushold|move: Yawn|[of] p2a: Dondozo\n|\n|-heal|p2a: Dondozo|76\/100|[from] item: Leftovers\n|upkeep\n|turn|6\n|inactive|zac5224666 has 30 seconds left.\n|inactive|zac5224666 has 20 seconds left.\n|inactive|zac5224666 has 15 seconds left.\n|inactive|zac5224666 has 10 seconds left.\n|inactive|zac5224666 has 5 seconds left.\n|\n|t:|1699847224\n|switch|p1b: Iron Hands|Iron Hands, L50|42\/100\n|move|p2b: Muk|Protect|p2b: Muk\n|-singleturn|p2b: Muk|Protect\n|move|p1a: Landorus|Stomping Tantrum|p2b: Muk\n|-activate|p2b: Muk|move: Protect\n|move|p2a: Dondozo|Yawn|p1a: Landorus\n|-start|p1a: Landorus|move: Yawn|[of] p2a: Dondozo\n|\n|-heal|p2a: Dondozo|83\/100|[from] item: Leftovers\n|upkeep\n|turn|7\n|\n|t:|1699847246\n|switch|p1a: Maushold|Maushold-Four, L50|100\/100\n|switch|p2b: Scream Tail|Scream Tail, L50|30\/100\n|move|p1b: Iron Hands|Fake Out|p2a: Dondozo\n|-damage|p2a: Dondozo|73\/100\n|cant|p2a: Dondozo|flinch\n|\n|-heal|p2a: Dondozo|79\/100|[from] item: Leftovers\n|upkeep\n|turn|8\n|\n|t:|1699847264\n|move|p1a: Maushold|Taunt|p2a: Dondozo\n|-immune|p2a: Dondozo|[from] ability: Oblivious\n|move|p2b: Scream Tail|Wish|p2b: Scream Tail\n|move|p1b: Iron Hands|Wild Charge|p2b: Scream Tail\n|-damage|p2b: Scream Tail|0 fnt\n|faint|p2b: Scream Tail\n|-end|p2b: Scream Tail|Protosynthesis|[silent]\n|-damage|p1b: Iron Hands|35\/100|[from] Recoil\n|move|p2a: Dondozo|Yawn|p1a: Maushold\n|-start|p1a: Maushold|move: Yawn|[of] p2a: Dondozo\n|\n|-heal|p2a: Dondozo|85\/100|[from] item: Leftovers\n|upkeep\n|\n|t:|1699847270\n|switch|p2b: Muk|Muk-Alola, L50, F|100\/100\n|turn|9\n|\n|t:|1699847288\n|switch|p1a: Landorus|Landorus-Therian, L50, M, shiny|84\/100\n|-ability|p1a: Landorus|Intimidate|boost\n|-fail|p2a: Dondozo|unboost|Attack|[from] ability: Oblivious|[of] p2a: Dondozo\n|-unboost|p2b: Muk|atk|1\n|move|p1b: Iron Hands|Drain Punch|p2b: Muk\n|-damage|p2b: Muk|67\/100\n|-heal|p1b: Iron Hands|49\/100|[from] drain|[of] p2b: Muk\n|move|p2b: Muk|Gunk Shot|p1b: Iron Hands|[miss]\n|-miss|p2b: Muk|p1b: Iron Hands\n|move|p2a: Dondozo|Wave Crash|p1b: Iron Hands\n|-damage|p1b: Iron Hands|22\/100\n|-damage|p2a: Dondozo|77\/100|[from] Recoil\n|\n|-heal|p2b: Muk|100\/100|[from] move: Wish|[wisher] Scream Tail\n|-heal|p2a: Dondozo|83\/100|[from] item: Leftovers\n|upkeep\n|turn|10\n|inactive|zac5224666 has 30 seconds left.\n|\n|t:|1699847318\n|move|p2b: Muk|Protect|p2b: Muk\n|-singleturn|p2b: Muk|Protect\n|move|p1a: Landorus|U-turn|p2a: Dondozo\n|-damage|p2a: Dondozo|67\/100\n|\n|t:|1699847323\n|switch|p1a: Annihilape|Annihilape, L50, F|100\/100|[from] U-turn\n|move|p1b: Iron Hands|Drain Punch|p2a: Dondozo\n|-damage|p2a: Dondozo|43\/100\n|-heal|p1b: Iron Hands|35\/100|[from] drain|[of] p2a: Dondozo\n|move|p2a: Dondozo|Wave Crash|p1a: Annihilape\n|-damage|p1a: Annihilape|64\/100\n|-damage|p2a: Dondozo|33\/100|[from] Recoil\n|\n|-heal|p1a: Annihilape|70\/100|[from] item: Leftovers\n|-heal|p2a: Dondozo|39\/100|[from] item: Leftovers\n|upkeep\n|turn|11\n|inactive|smoked lobster has 30 seconds left.\n|c|\u2606smoked lobster|what fucking looser invests speed into his iron hands\n|-message|smoked lobster forfeited.\n|\n|win|zac5224666\n|raw|zac5224666's rating: 1406 &rarr; <strong>1423<\/strong><br \/>(+17 for winning)\n|raw|smoked lobster's rating: 1346 &rarr; <strong>1329<\/strong><br \/>(-17 for losing)\n","uploadtime":1699847350,"views":10,"p1id":"zac5224666","p2id":"smokedlobster","formatid":"gen9vgc2023regulatione","rating":1329,"private":0,"password":""}