{"id":"gen9vgc2023regulatione-1988541828","p1":"justin tang fan","p2":"tastethekoalabear","format":"[Gen 9] VGC 2023 Regulation E","log":"|j|\u2606justin tang fan\n|j|\u2606tastethekoalabear\n|n|\u2606justin tang fan|justintangfan\n|n|\u2606tastethekoalabear|tastethekoalabear\n|html|View the match progress at <a href=\"\/game-bestof3-gen9vgc2023regulatione-1988537871\">game-bestof3-gen9vgc2023regulatione-1988537871<\/a>\n|t:|1699734094\n|gametype|doubles\n|player|p1|justin tang fan|lucas|\n|player|p2|tastethekoalabear|170|\n|teamsize|p1|6\n|teamsize|p2|6\n|gen|9\n|tier|[Gen 9] VGC 2023 Regulation E\n|rule|Species Clause: Limit one of each Pok\u00e9mon\n|rule|Item Clause: Limit one of each item\n|clearpoke\n|poke|p1|Urshifu-*, L50, F|\n|poke|p1|Rillaboom, L50, M|\n|poke|p1|Sylveon, L50, F|\n|poke|p1|Typhlosion-Hisui, L50, F|\n|poke|p1|Kleavor, L50, F|\n|poke|p1|Drifblim, L50, M|\n|poke|p2|Volbeat, L50, M|\n|poke|p2|Magnezone, L50|\n|poke|p2|Ogerpon-Hearthflame, L50, F|\n|poke|p2|Brambleghast, L50, F|\n|poke|p2|Tauros-Paldea-Aqua, L50, M|\n|poke|p2|Chi-Yu, L50|\n|teampreview|4\n|\n|t:|1699734130\n|start\n|switch|p1a: Urshifu|Urshifu-Rapid-Strike, L50, F|100\/100\n|switch|p1b: Rillaboom|Rillaboom, L50, M|100\/100\n|switch|p2a: The Beat|Volbeat, L50, M|100\/100\n|switch|p2b: The Ghast|Brambleghast, L50, F|100\/100\n|-fieldstart|move: Grassy Terrain|[from] ability: Grassy Surge|[of] p1b: Rillaboom\n|turn|1\n|\n|t:|1699734145\n|switch|p1a: Drifblim|Drifblim, L50, M, shiny|100\/100\n|-enditem|p1a: Drifblim|Grassy Seed\n|-boost|p1a: Drifblim|def|1|[from] item: Grassy Seed\n|move|p2a: The Beat|Tailwind|p2a: The Beat\n|-sidestart|p2: tastethekoalabear|move: Tailwind\n|-ability|p2b: The Ghast|Wind Rider|boost\n|-boost|p2b: The Ghast|atk|1\n|move|p2b: The Ghast|Power Whip|p1a: Drifblim\n|-resisted|p1a: Drifblim\n|-damage|p1a: Drifblim|50\/100\n|move|p1b: Rillaboom|Wood Hammer|p2b: The Ghast\n|-resisted|p2b: The Ghast\n|-damage|p2b: The Ghast|2\/100\n|-damage|p1b: Rillaboom|80\/100|[from] Recoil\n|\n|-heal|p2b: The Ghast|8\/100|[from] Grassy Terrain\n|-heal|p1b: Rillaboom|86\/100|[from] Grassy Terrain\n|upkeep\n|turn|2\n|\n|t:|1699734164\n|move|p2a: The Beat|Helping Hand|p2b: The Ghast\n|-singleturn|p2b: The Ghast|Helping Hand|[of] p2a: The Beat\n|move|p1b: Rillaboom|Grassy Glide|p2b: The Ghast\n|-resisted|p2b: The Ghast\n|-damage|p2b: The Ghast|0 fnt\n|faint|p2b: The Ghast\n|move|p1a: Drifblim|Tailwind|p1a: Drifblim\n|-sidestart|p1: justin tang fan|move: Tailwind\n|\n|-heal|p1b: Rillaboom|92\/100|[from] Grassy Terrain\n|upkeep\n|\n|t:|1699734172\n|switch|p2b: The Fish|Chi-Yu, L50|100\/100\n|-ability|p2b: The Fish|Beads of Ruin\n|turn|3\n|\n|t:|1699734197\n|-terastallize|p1b: Rillaboom|Fire\n|move|p1a: Drifblim|Helping Hand|p1b: Rillaboom\n|-singleturn|p1b: Rillaboom|Helping Hand|[of] p1a: Drifblim\n|move|p2a: The Beat|Encore|p1b: Rillaboom\n|-start|p1b: Rillaboom|Encore\n|move|p2b: The Fish|Heat Wave|p1a: Drifblim|[spread] p1a,p1b\n|-crit|p1a: Drifblim\n|-resisted|p1b: Rillaboom\n|-damage|p1a: Drifblim|0 fnt\n|-damage|p1b: Rillaboom|48\/100\n|faint|p1a: Drifblim\n|move|p1b: Rillaboom|Grassy Glide|p2a: The Beat\n|-resisted|p2a: The Beat\n|-damage|p2a: The Beat|57\/100\n|\n|-heal|p1b: Rillaboom|54\/100|[from] Grassy Terrain\n|-heal|p2a: The Beat|62\/100|[from] Grassy Terrain\n|upkeep\n|\n|t:|1699734211\n|switch|p1a: Urshifu|Urshifu-Rapid-Strike, L50, F|100\/100\n|turn|4\n|\n|t:|1699734219\n|move|p2a: The Beat|Helping Hand|p2b: The Fish\n|-singleturn|p2b: The Fish|Helping Hand|[of] p2a: The Beat\n|move|p1b: Rillaboom|Grassy Glide|p2b: The Fish\n|-resisted|p2b: The Fish\n|-damage|p2b: The Fish|58\/100\n|move|p1a: Urshifu|Surging Strikes|p2b: The Fish\n|-supereffective|p2b: The Fish\n|-crit|p2b: The Fish\n|-damage|p2b: The Fish|0 fnt\n|faint|p2b: The Fish\n|-hitcount|p2: The Fish|1\n|\n|-heal|p1b: Rillaboom|60\/100|[from] Grassy Terrain\n|-heal|p2a: The Beat|68\/100|[from] Grassy Terrain\n|-sideend|p2: tastethekoalabear|move: Tailwind\n|upkeep\n|\n|t:|1699734228\n|switch|p2b: The Pon|Ogerpon-Hearthflame, L50, F|100\/100\n|-ability|p2b: The Pon|Mold Breaker\n|turn|5\n|\n|t:|1699734254\n|switch|p1b: Typhlosion|Typhlosion-Hisui, L50, F|100\/100\n|-terastallize|p2b: The Pon|Fire\n|detailschange|p2b: The Pon|Ogerpon-Hearthflame-Tera, L50, F, tera:Fire\n|-ability|p2b: The Pon|Embody Aspect (Hearthflame)|boost\n|-boost|p2b: The Pon|atk|1\n|move|p2a: The Beat|Tailwind|p2a: The Beat\n|-sidestart|p2: tastethekoalabear|move: Tailwind\n|move|p1a: Urshifu|Surging Strikes|p2b: The Pon\n|-supereffective|p2b: The Pon\n|-crit|p2b: The Pon\n|-damage|p2b: The Pon|39\/100\n|-supereffective|p2b: The Pon\n|-crit|p2b: The Pon\n|-damage|p2b: The Pon|0 fnt\n|faint|p2b: The Pon\n|-hitcount|p2: The Pon|2\n|\n|-heal|p2a: The Beat|74\/100|[from] Grassy Terrain\n|-sideend|p1: justin tang fan|move: Tailwind\n|-fieldend|move: Grassy Terrain\n|upkeep\n|turn|6\n|c|\u2606tastethekoalabear|bruh\n|c|\u2606tastethekoalabear|i\u2019m a tad dum\n|c|\u2606tastethekoalabear|gg tho!\n|c|\u2606justin tang fan|Ggs\n|\n|t:|1699734285\n|move|p2a: The Beat|Helping Hand|p2: The Pon|[notarget]\n|-fail|p2a: The Beat\n|move|p1a: Urshifu|Surging Strikes|p2a: The Beat\n|-crit|p2a: The Beat\n|-damage|p2a: The Beat|46\/100\n|-crit|p2a: The Beat\n|-damage|p2a: The Beat|18\/100\n|-crit|p2a: The Beat\n|-damage|p2a: The Beat|0 fnt\n|faint|p2a: The Beat\n|-hitcount|p2: The Beat|3\n|\n|win|justin tang fan\n|l|\u2606tastethekoalabear\n","uploadtime":1699734372,"views":23,"p1id":"justintangfan","p2id":"tastethekoalabear","formatid":"gen9vgc2023regulatione","rating":0,"private":0,"password":""}