{"id":"gen9vgc2023regulatione-1999665474","p1":"Nielssie","p2":"Roundybout","format":"[Gen 9] VGC 2023 Regulation E","log":"|j|\u2606Nielssie\n|j|\u2606Roundybout\n|t:|1701105932\n|gametype|doubles\n|player|p1|Nielssie|2|1597\n|player|p2|Roundybout|169|1574\n|teamsize|p1|6\n|teamsize|p2|6\n|gen|9\n|tier|[Gen 9] VGC 2023 Regulation E\n|rated|\n|rule|Species Clause: Limit one of each Pok\u00e9mon\n|rule|Item Clause: Limit one of each item\n|clearpoke\n|poke|p1|Roaring Moon, L50|\n|poke|p1|Weezing, L50, M|\n|poke|p1|Clefairy, L50, F|\n|poke|p1|Heatran, L50, F|\n|poke|p1|Rillaboom, L50, M|\n|poke|p1|Flutter Mane, L50|\n|poke|p2|Urshifu-*, L50, F|\n|poke|p2|Gholdengo, L50|\n|poke|p2|Regidrago, L50|\n|poke|p2|Arcanine-Hisui, L50, F|\n|poke|p2|Roaring Moon, L50|\n|poke|p2|Rillaboom, L50, F|\n|teampreview|4\n|j| Braindeadmeta\n|inactive|Battle timer is ON: inactive players will automatically lose when time's up. (requested by Nielssie)\n|inactive|Roundybout has 60 seconds left.\n|\n|t:|1701106015\n|start\n|switch|p1a: Weezing|Weezing, L50, M|100\/100\n|switch|p1b: Roaring Moon|Roaring Moon, L50|100\/100\n|switch|p2a: Roaring Moon|Roaring Moon, L50|100\/100\n|switch|p2b: Urshifu|Urshifu-Rapid-Strike, L50, F|100\/100\n|-ability|p1a: Weezing|Neutralizing Gas\n|-enditem|p1b: Roaring Moon|Booster Energy\n|-activate|p1b: Roaring Moon|ability: Protosynthesis|[fromitem]\n|-start|p1b: Roaring Moon|protosynthesisspe\n|-enditem|p2a: Roaring Moon|Booster Energy\n|-activate|p2a: Roaring Moon|ability: Protosynthesis|[fromitem]\n|-start|p2a: Roaring Moon|protosynthesisspe\n|turn|1\n|j| Asacado\n|inactive|Roundybout has 30 seconds left.\n|\n|t:|1701106044\n|-terastallize|p2b: Urshifu|Water\n|move|p1b: Roaring Moon|Protect|p1b: Roaring Moon\n|-singleturn|p1b: Roaring Moon|Protect\n|move|p2a: Roaring Moon|Tailwind|p2a: Roaring Moon\n|-sidestart|p2: Roundybout|move: Tailwind\n|move|p2b: Urshifu|Surging Strikes|p1a: Weezing\n|-crit|p1a: Weezing\n|-damage|p1a: Weezing|78\/100\n|-crit|p1a: Weezing\n|-damage|p1a: Weezing|54\/100\n|-crit|p1a: Weezing\n|-damage|p1a: Weezing|30\/100\n|-enditem|p1a: Weezing|Sitrus Berry|[eat]\n|-heal|p1a: Weezing|54\/100|[from] item: Sitrus Berry\n|-hitcount|p1a: Weezing|3\n|move|p1a: Weezing|Will-O-Wisp|p2b: Urshifu|[miss]\n|-miss|p1a: Weezing|p2b: Urshifu\n|\n|upkeep\n|turn|2\n|inactive|Nielssie has 30 seconds left.\n|inactive|Roundybout has 30 seconds left.\n|inactive|Nielssie has 20 seconds left.\n|inactive|Nielssie has 15 seconds left.\n|inactive|Roundybout has 20 seconds left.\n|inactive|Nielssie has 10 seconds left.\n|\n|t:|1701106090\n|switch|p2b: Arcanine|Arcanine-Hisui, L50, F|100\/100\n|move|p1a: Weezing|Protect|p1a: Weezing\n|-singleturn|p1a: Weezing|Protect\n|move|p2a: Roaring Moon|Acrobatics|p1a: Weezing\n|-activate|p1a: Weezing|move: Protect\n|move|p1b: Roaring Moon|Tailwind|p1b: Roaring Moon\n|-sidestart|p1: Nielssie|move: Tailwind\n|\n|upkeep\n|turn|3\n|inactive|Nielssie has 30 seconds left.\n|inactive|Nielssie has 20 seconds left.\n|inactive|Roundybout has 30 seconds left.\n|inactive|Nielssie has 15 seconds left.\n|inactive|Nielssie has 10 seconds left.\n|\n|t:|1701106138\n|move|p1b: Roaring Moon|Breaking Swipe|p2b: Arcanine|[spread] p2a,p2b\n|-supereffective|p2a: Roaring Moon\n|-damage|p2a: Roaring Moon|46\/100\n|-damage|p2b: Arcanine|78\/100\n|-unboost|p2a: Roaring Moon|atk|1\n|-unboost|p2b: Arcanine|atk|1\n|move|p2a: Roaring Moon|Acrobatics|p1b: Roaring Moon\n|-damage|p1b: Roaring Moon|74\/100\n|move|p2b: Arcanine|Rock Slide|p1a: Weezing|[spread] p1a,p1b\n|-damage|p1a: Weezing|40\/100\n|-damage|p1b: Roaring Moon|55\/100\n|move|p1a: Weezing|Will-O-Wisp|p2a: Roaring Moon\n|-status|p2a: Roaring Moon|brn\n|\n|-damage|p2a: Roaring Moon|40\/100 brn|[from] brn\n|upkeep\n|turn|4\n|inactive|Nielssie has 30 seconds left.\n|\n|t:|1701106164\n|move|p2a: Roaring Moon|Protect|p2a: Roaring Moon\n|-singleturn|p2a: Roaring Moon|Protect\n|move|p1a: Weezing|Protect|p1a: Weezing\n|-singleturn|p1a: Weezing|Protect\n|move|p1b: Roaring Moon|Breaking Swipe|p2a: Roaring Moon|[spread] p2b\n|-activate|p2a: Roaring Moon|move: Protect\n|-damage|p2b: Arcanine|57\/100\n|-unboost|p2b: Arcanine|atk|1\n|move|p2b: Arcanine|Will-O-Wisp|p1b: Roaring Moon\n|-status|p1b: Roaring Moon|brn\n|\n|-damage|p1b: Roaring Moon|49\/100 brn|[from] brn\n|-damage|p2a: Roaring Moon|34\/100 brn|[from] brn\n|-sideend|p2: Roundybout|move: Tailwind\n|upkeep\n|turn|5\n|inactive|Nielssie has 30 seconds left.\n|\n|t:|1701106192\n|move|p1b: Roaring Moon|Breaking Swipe|p2a: Roaring Moon|[spread] p2a,p2b\n|-supereffective|p2a: Roaring Moon\n|-damage|p2a: Roaring Moon|10\/100 brn\n|-damage|p2b: Arcanine|47\/100\n|-unboost|p2a: Roaring Moon|atk|1\n|-unboost|p2b: Arcanine|atk|1\n|-enditem|p2b: Arcanine|Sitrus Berry|[eat]\n|-heal|p2b: Arcanine|71\/100|[from] item: Sitrus Berry\n|move|p2a: Roaring Moon|Tailwind|p2a: Roaring Moon\n|-sidestart|p2: Roundybout|move: Tailwind\n|move|p2b: Arcanine|Flare Blitz|p1a: Weezing\n|-damage|p1a: Weezing|21\/100\n|-damage|p2b: Arcanine|66\/100|[from] Recoil\n|move|p1a: Weezing|Will-O-Wisp|p2b: Arcanine\n|-immune|p2b: Arcanine\n|\n|-damage|p1b: Roaring Moon|43\/100 brn|[from] brn\n|-damage|p2a: Roaring Moon|4\/100 brn|[from] brn\n|-sideend|p1: Nielssie|move: Tailwind\n|upkeep\n|turn|6\n|inactive|Roundybout has 30 seconds left.\n|inactive|Roundybout has 20 seconds left.\n|\n|t:|1701106231\n|switch|p2b: Gholdengo|Gholdengo, L50|100\/100\n|move|p1a: Weezing|Protect|p1a: Weezing\n|-singleturn|p1a: Weezing|Protect\n|move|p2a: Roaring Moon|Acrobatics|p1b: Roaring Moon\n|-damage|p1b: Roaring Moon|34\/100 brn\n|move|p1b: Roaring Moon|Tailwind|p1b: Roaring Moon\n|-sidestart|p1: Nielssie|move: Tailwind\n|\n|-damage|p1b: Roaring Moon|28\/100 brn|[from] brn\n|-damage|p2a: Roaring Moon|0 fnt|[from] brn\n|faint|p2a: Roaring Moon\n|-end|p2a: Roaring Moon|Protosynthesis|[silent]\n|upkeep\n|inactive|Roundybout has 30 seconds left.\n|\n|t:|1701106258\n|switch|p2a: Arcanine|Arcanine-Hisui, L50, F|66\/100\n|turn|7\n|j| andy8105\n|\n|t:|1701106282\n|move|p2b: Gholdengo|Protect|p2b: Gholdengo\n|-singleturn|p2b: Gholdengo|Protect\n|move|p1a: Weezing|Protect||[still]\n|-fail|p1a: Weezing\n|move|p1b: Roaring Moon|Knock Off|p2b: Gholdengo\n|-activate|p2b: Gholdengo|move: Protect\n|move|p2a: Arcanine|Rock Slide|p1b: Roaring Moon|[spread] p1a,p1b\n|-damage|p1a: Weezing|1\/100\n|-damage|p1b: Roaring Moon|0 fnt\n|faint|p1b: Roaring Moon\n|-end|p1b: Roaring Moon|Protosynthesis|[silent]\n|\n|upkeep\n|\n|t:|1701106296\n|switch|p1b: Heatran|Heatran, L50, F|100\/100\n|turn|8\n|inactive|Nielssie has 30 seconds left.\n|\n|t:|1701106322\n|move|p1a: Weezing|Protect|p1a: Weezing\n|-singleturn|p1a: Weezing|Protect\n|move|p2a: Arcanine|Rock Slide|p1a: Weezing|[spread] p1b\n|-activate|p1a: Weezing|move: Protect\n|-damage|p1b: Heatran|78\/100\n|move|p2b: Gholdengo|Shadow Ball|p1b: Heatran\n|-damage|p1b: Heatran|51\/100\n|move|p1b: Heatran|Earth Power|p2a: Arcanine\n|-supereffective|p2a: Arcanine\n|-damage|p2a: Arcanine|0 fnt\n|faint|p2a: Arcanine\n|\n|-sideend|p2: Roundybout|move: Tailwind\n|upkeep\n|\n|t:|1701106335\n|switch|p2a: Urshifu|Urshifu-Rapid-Strike, L50, F, tera:Water|100\/100\n|turn|9\n|inactive|Nielssie has 30 seconds left.\n|\n|t:|1701106370\n|switch|p1b: Flutter Mane|Flutter Mane, L50|100\/100\n|move|p2b: Gholdengo|Protect|p2b: Gholdengo\n|-singleturn|p2b: Gholdengo|Protect\n|move|p2a: Urshifu|Surging Strikes|p1a: Weezing\n|-crit|p1a: Weezing\n|-damage|p1a: Weezing|0 fnt\n|faint|p1a: Weezing\n|-end|p1a: Weezing|ability: Neutralizing Gas\n|-hitcount|p1: Weezing|1\n|\n|-sideend|p1: Nielssie|move: Tailwind\n|upkeep\n|\n|t:|1701106380\n|switch|p1a: Heatran|Heatran, L50, F|51\/100\n|turn|10\n|\n|t:|1701106404\n|-terastallize|p1a: Heatran|Fairy\n|move|p2a: Urshifu|Surging Strikes|p1b: Flutter Mane\n|-crit|p1b: Flutter Mane\n|-damage|p1b: Flutter Mane|38\/100\n|-crit|p1b: Flutter Mane\n|-damage|p1b: Flutter Mane|0 fnt\n|faint|p1b: Flutter Mane\n|-end|p1b: Flutter Mane|Protosynthesis|[silent]\n|-hitcount|p1: Flutter Mane|2\n|move|p2b: Gholdengo|Make It Rain|p1a: Heatran\n|-supereffective|p1a: Heatran\n|-damage|p1a: Heatran|0 fnt\n|-unboost|p2b: Gholdengo|spa|1\n|faint|p1a: Heatran\n|\n|win|Roundybout\n|raw|Nielssie's rating: 1597 &rarr; <strong>1576<\/strong><br \/>(-21 for losing)\n|raw|Roundybout's rating: 1574 &rarr; <strong>1595<\/strong><br \/>(+21 for winning)\n|c|\u2606Nielssie|gg\n|l| andy8105\n","uploadtime":1701106424,"views":4,"p1id":"nielssie","p2id":"roundybout","formatid":"gen9vgc2023regulatione","rating":1576,"private":0,"password":""}