{"id":"gen9vgc2023regulatione-1987895347","p1":"RangerCiano","p2":"ButsMcAnuz","format":"[Gen 9] VGC 2023 Regulation E","log":"|j|\u2606RangerCiano\n|j|\u2606ButsMcAnuz\n|t:|1699646818\n|gametype|doubles\n|player|p1|RangerCiano|169|1198\n|player|p2|ButsMcAnuz|roughneck|1207\n|teamsize|p1|6\n|teamsize|p2|6\n|gen|9\n|tier|[Gen 9] VGC 2023 Regulation E\n|rated|\n|rule|Species Clause: Limit one of each Pok\u00e9mon\n|rule|Item Clause: Limit one of each item\n|clearpoke\n|poke|p1|Goodra-Hisui, L50, F|\n|poke|p1|Rillaboom, L50, F|\n|poke|p1|Landorus-Therian, L50, M|\n|poke|p1|Heatran, L50, M|\n|poke|p1|Flutter Mane, L50|\n|poke|p1|Ogerpon-Wellspring, L50, F|\n|poke|p2|Armarouge, L50, M|\n|poke|p2|Ursaluna, L50, M|\n|poke|p2|Ogerpon-Cornerstone, L50, F|\n|poke|p2|Indeedee-F, L50, F|\n|poke|p2|Enamorus-Therian, L50, F|\n|poke|p2|Oranguru, L50, M|\n|teampreview|4\n|inactive|Battle timer is ON: inactive players will automatically lose when time's up. (requested by RangerCiano)\n|\n|t:|1699646882\n|start\n|switch|p1a: Rillaboom|Rillaboom, L50, F|100\/100\n|switch|p1b: Goodra|Goodra-Hisui, L50, F|100\/100\n|switch|p2a: Oranguru|Oranguru, L50, M|100\/100\n|switch|p2b: Ursaluna|Ursaluna, L50, M|100\/100\n|-fieldstart|move: Grassy Terrain|[from] ability: Grassy Surge|[of] p1a: Rillaboom\n|turn|1\n|\n|t:|1699646906\n|move|p2b: Ursaluna|Protect|p2b: Ursaluna\n|-singleturn|p2b: Ursaluna|Protect\n|move|p1a: Rillaboom|Knock Off|p2a: Oranguru\n|-supereffective|p2a: Oranguru\n|-damage|p2a: Oranguru|27\/100\n|-enditem|p2a: Oranguru|Mental Herb|[from] move: Knock Off|[of] p1a: Rillaboom\n|move|p1b: Goodra|Body Press|p2a: Oranguru\n|-damage|p2a: Oranguru|4\/100\n|move|p2a: Oranguru|Trick Room|p2a: Oranguru\n|-fieldstart|move: Trick Room|[of] p2a: Oranguru\n|\n|-heal|p2a: Oranguru|10\/100|[from] Grassy Terrain\n|-status|p2b: Ursaluna|brn|[from] item: Flame Orb\n|upkeep\n|turn|2\n|inactive|ButsMcAnuz has 30 seconds left.\n|inactive|RangerCiano has 30 seconds left.\n|inactive|ButsMcAnuz has 20 seconds left.\n|\n|t:|1699646947\n|switch|p2a: Indeedee|Indeedee-F, L50, F|100\/100\n|-fieldstart|move: Psychic Terrain|[from] ability: Psychic Surge|[of] p2a: Indeedee\n|-terastallize|p2b: Ursaluna|Ghost\n|move|p2b: Ursaluna|Facade|p1a: Rillaboom\n|-damage|p1a: Rillaboom|0 fnt\n|faint|p1a: Rillaboom\n|move|p1b: Goodra|Body Press|p2b: Ursaluna\n|-immune|p2b: Ursaluna\n|\n|-damage|p2b: Ursaluna|95\/100 brn|[from] brn\n|upkeep\n|\n|t:|1699646961\n|switch|p1a: Flutter Mane|Flutter Mane, L50|100\/100\n|-enditem|p1a: Flutter Mane|Booster Energy\n|-activate|p1a: Flutter Mane|ability: Protosynthesis|[fromitem]\n|-start|p1a: Flutter Mane|protosynthesisspe\n|turn|3\n|\n|t:|1699646973\n|move|p2a: Indeedee|Helping Hand|p2b: Ursaluna\n|-singleturn|p2b: Ursaluna|Helping Hand|[of] p2a: Indeedee\n|move|p2b: Ursaluna|Earthquake|p1b: Goodra|[spread] p2a,p1a,p1b\n|-supereffective|p1b: Goodra\n|-damage|p2a: Indeedee|7\/100\n|-damage|p1a: Flutter Mane|0 fnt\n|-damage|p1b: Goodra|0 fnt\n|faint|p1a: Flutter Mane\n|-end|p1a: Flutter Mane|Protosynthesis|[silent]\n|faint|p1b: Goodra\n|\n|-damage|p2b: Ursaluna|89\/100 brn|[from] brn\n|upkeep\n|\n|t:|1699646984\n|switch|p1a: Heatran|Heatran, L50, M|100\/100\n|turn|4\n|\n|t:|1699646998\n|move|p2a: Indeedee|Helping Hand|p2b: Ursaluna\n|-singleturn|p2b: Ursaluna|Helping Hand|[of] p2a: Indeedee\n|move|p1a: Heatran|Protect|p1a: Heatran\n|-singleturn|p1a: Heatran|Protect\n|move|p2b: Ursaluna|Earthquake|p1a: Heatran|[spread] p2a\n|-activate|p1a: Heatran|move: Protect\n|-damage|p2a: Indeedee|0 fnt\n|faint|p2a: Indeedee\n|\n|-damage|p2b: Ursaluna|83\/100 brn|[from] brn\n|upkeep\n|\n|t:|1699647007\n|switch|p2a: Oranguru|Oranguru, L50, M|10\/100\n|turn|5\n|\n|t:|1699647020\n|-terastallize|p1a: Heatran|Fairy\n|move|p2b: Ursaluna|Headlong Rush|p1a: Heatran\n|-damage|p1a: Heatran|17\/100\n|-unboost|p2b: Ursaluna|def|1\n|-unboost|p2b: Ursaluna|spd|1\n|move|p2a: Oranguru|Instruct|p2b: Ursaluna\n|-singleturn|p2b: Ursaluna|move: Instruct|[of] p2a: Oranguru\n|move|p2b: Ursaluna|Headlong Rush|p1a: Heatran\n|-damage|p1a: Heatran|0 fnt\n|-unboost|p2b: Ursaluna|def|1\n|-unboost|p2b: Ursaluna|spd|1\n|faint|p1a: Heatran\n|\n|win|ButsMcAnuz\n|raw|RangerCiano's rating: 1198 &rarr; <strong>1174<\/strong><br \/>(-24 for losing)\n|raw|ButsMcAnuz's rating: 1207 &rarr; <strong>1231<\/strong><br \/>(+24 for winning)\n|l|\u2606RangerCiano\n","uploadtime":1699647044,"views":13,"p1id":"rangerciano","p2id":"butsmcanuz","formatid":"gen9vgc2023regulatione","rating":1174,"private":0,"password":""}