{"id":"gen9vgc2023regulatione-1990243709","p1":"Box29","p2":"Noob Noob for real","format":"[Gen 9] VGC 2023 Regulation E","log":"|j|\u2606Box29\n|j|\u2606Noob Noob for real\n|t:|1699943395\n|gametype|doubles\n|player|p1|Box29|101|1480\n|player|p2|Noob Noob for real|266|1517\n|teamsize|p1|6\n|teamsize|p2|6\n|gen|9\n|tier|[Gen 9] VGC 2023 Regulation E\n|rated|\n|rule|Species Clause: Limit one of each Pok\u00e9mon\n|rule|Item Clause: Limit one of each item\n|clearpoke\n|poke|p1|Urshifu-*, L50, F|\n|poke|p1|Oranguru, L50, F|\n|poke|p1|Indeedee-F, L50, F|\n|poke|p1|Ursaluna-Bloodmoon, L50, M|\n|poke|p1|Chien-Pao, L50|\n|poke|p1|Ogerpon-Hearthflame, L50, F|\n|poke|p2|Mimikyu, L50, F|\n|poke|p2|Ursaluna-Bloodmoon, L50, M|\n|poke|p2|Zapdos-Galar, L50|\n|poke|p2|Amoonguss, L50, F|\n|poke|p2|Ogerpon-Hearthflame, L50, F|\n|poke|p2|Chien-Pao, L50|\n|teampreview|4\n|inactive|Battle timer is ON: inactive players will automatically lose when time's up. (requested by Noob Noob for real)\n|\n|t:|1699943419\n|start\n|switch|p1a: BtoB|Urshifu-Rapid-Strike, L50, F|100\/100\n|switch|p1b: Chien-Pao|Chien-Pao, L50|100\/100\n|switch|p2a: Mimikyu|Mimikyu, L50, F|100\/100\n|switch|p2b: Zapdos|Zapdos-Galar, L50|100\/100\n|-ability|p1b: Chien-Pao|Sword of Ruin\n|turn|1\n|inactive|Box29 has 30 seconds left.\n|inactive|Noob Noob for real has 30 seconds left.\n|inactive|Box29 has 20 seconds left.\n|inactive|Box29 has 15 seconds left.\n|inactive|Box29 has 10 seconds left.\n|\n|t:|1699943468\n|-terastallize|p1a: BtoB|Water\n|move|p2a: Mimikyu|Shadow Sneak|p1a: BtoB\n|-damage|p1a: BtoB|84\/100\n|move|p2b: Zapdos|Brave Bird|p1a: BtoB\n|-damage|p1a: BtoB|10\/100\n|-damage|p2b: Zapdos|74\/100|[from] Recoil\n|move|p1a: BtoB|Surging Strikes|p2a: Mimikyu\n|-activate|p2a: Mimikyu|ability: Disguise\n|-damage|p2a: Mimikyu|100\/100\n|detailschange|p2a: Mimikyu|Mimikyu-Busted, L50, F\n|-damage|p2a: Mimikyu|88\/100|[from] pokemon: Mimikyu-Busted\n|-crit|p2a: Mimikyu\n|-damage|p2a: Mimikyu|52\/100\n|-crit|p2a: Mimikyu\n|-damage|p2a: Mimikyu|14\/100\n|-hitcount|p2a: Mimikyu|3\n|move|p1b: Chien-Pao|Icicle Crash|p2b: Zapdos\n|-supereffective|p2b: Zapdos\n|-damage|p2b: Zapdos|0 fnt\n|faint|p2b: Zapdos\n|\n|upkeep\n|\n|t:|1699943482\n|switch|p2b: Amoonguss|Amoonguss, L50, F|100\/100\n|turn|2\n|\n|t:|1699943497\n|switch|p1a: Indeedee|Indeedee-F, L50, F|100\/100\n|-fieldstart|move: Psychic Terrain|[from] ability: Psychic Surge|[of] p1a: Indeedee\n|-terastallize|p2b: Amoonguss|Water\n|move|p2b: Amoonguss|Rage Powder|p2b: Amoonguss\n|-singleturn|p2b: Amoonguss|move: Rage Powder\n|move|p1b: Chien-Pao|Icicle Crash|p2b: Amoonguss\n|-resisted|p2b: Amoonguss\n|-crit|p2b: Amoonguss\n|-damage|p2b: Amoonguss|65\/100\n|move|p2a: Mimikyu|Trick Room|p2a: Mimikyu\n|-fieldstart|move: Trick Room|[of] p2a: Mimikyu\n|\n|upkeep\n|turn|3\n|inactive|Box29 has 30 seconds left.\n|inactive|Box29 has 20 seconds left.\n|inactive|Box29 has 15 seconds left.\n|inactive|Box29 has 10 seconds left.\n|inactive|Box29 has 5 seconds left.\n|\n|t:|1699943549\n|move|p2b: Amoonguss|Spore|p1a: Indeedee\n|-status|p1a: Indeedee|slp|[from] move: Spore\n|move|p2a: Mimikyu|Play Rough|p1b: Chien-Pao\n|-supereffective|p1b: Chien-Pao\n|-damage|p1b: Chien-Pao|19\/100\n|move|p1b: Chien-Pao|Icicle Crash|p2a: Mimikyu\n|-damage|p2a: Mimikyu|0 fnt\n|faint|p2a: Mimikyu\n|cant|p1a: Indeedee|slp\n|\n|upkeep\n|\n|t:|1699943556\n|switch|p2a: Ursaluna|Ursaluna-Bloodmoon, L50, M|100\/100\n|turn|4\n|\n|t:|1699943561\n|move|p1b: Chien-Pao|Protect|p1b: Chien-Pao\n|-singleturn|p1b: Chien-Pao|Protect\n|move|p2b: Amoonguss|Pollen Puff|p1b: Chien-Pao\n|-activate|p1b: Chien-Pao|move: Protect\n|move|p2a: Ursaluna|Calm Mind|p2a: Ursaluna\n|-boost|p2a: Ursaluna|spa|1\n|-boost|p2a: Ursaluna|spd|1\n|-curestatus|p1a: Indeedee|slp|[msg]\n|move|p1a: Indeedee|Trick Room|p1a: Indeedee\n|-fieldend|move: Trick Room\n|\n|upkeep\n|turn|5\n|\n|t:|1699943577\n|move|p1a: Indeedee|Helping Hand|p1b: Chien-Pao\n|-singleturn|p1b: Chien-Pao|Helping Hand|[of] p1a: Indeedee\n|move|p2b: Amoonguss|Rage Powder|p2b: Amoonguss\n|-singleturn|p2b: Amoonguss|move: Rage Powder\n|move|p1b: Chien-Pao|Throat Chop|p2b: Amoonguss\n|-damage|p2b: Amoonguss|2\/100\n|-start|p2b: Amoonguss|Throat Chop|[silent]\n|-damage|p1b: Chien-Pao|3\/100|[from] item: Rocky Helmet|[of] p2b: Amoonguss\n|move|p2a: Ursaluna|Earth Power|p1b: Chien-Pao\n|-damage|p1b: Chien-Pao|0 fnt\n|faint|p1b: Chien-Pao\n|\n|upkeep\n|\n|t:|1699943585\n|switch|p1b: Ogerpon|Ogerpon-Hearthflame, L50, F|100\/100\n|-ability|p1b: Ogerpon|Mold Breaker\n|turn|6\n|\n|t:|1699943594\n|move|p1b: Ogerpon|Spiky Shield|p1b: Ogerpon\n|-singleturn|p1b: Ogerpon|move: Protect\n|move|p2b: Amoonguss|Protect|p2b: Amoonguss\n|-singleturn|p2b: Amoonguss|Protect\n|move|p1a: Indeedee|Dazzling Gleam|p2b: Amoonguss|[spread] p2a\n|-activate|p2b: Amoonguss|move: Protect\n|-damage|p2a: Ursaluna|90\/100\n|move|p2a: Ursaluna|Blood Moon|p1b: Ogerpon\n|-activate|p1b: Ogerpon|move: Protect\n|\n|-heal|p2a: Ursaluna|95\/100|[from] item: Leftovers\n|-end|p2b: Amoonguss|Throat Chop|[silent]\n|-fieldend|move: Psychic Terrain\n|upkeep\n|turn|7\n|\n|t:|1699943613\n|move|p2b: Amoonguss|Protect||[still]\n|-fail|p2b: Amoonguss\n|move|p1a: Indeedee|Follow Me|p1a: Indeedee\n|-singleturn|p1a: Indeedee|move: Follow Me\n|move|p1b: Ogerpon|Ivy Cudgel|p2b: Amoonguss\n|-resisted|p2b: Amoonguss\n|-damage|p2b: Amoonguss|0 fnt\n|faint|p2b: Amoonguss\n|move|p2a: Ursaluna|Earth Power|p1a: Indeedee\n|-damage|p1a: Indeedee|24\/100\n|\n|-heal|p2a: Ursaluna|100\/100|[from] item: Leftovers\n|upkeep\n|turn|8\n|-message|Noob Noob for real forfeited.\n|\n|win|Box29\n|raw|Box29's rating: 1455 &rarr; <strong>1479<\/strong><br \/>(+24 for winning)\n|raw|Noob Noob for real's rating: 1517 &rarr; <strong>1493<\/strong><br \/>(-24 for losing)\n|l|\u2606Noob Noob for real\n","uploadtime":1699943630,"views":12,"p1id":"box29","p2id":"noobnoobforreal","formatid":"gen9vgc2023regulatione","rating":1479,"private":0,"password":""}