{"id":"gen9vgc2023regulatione-1995363663","p1":"gluestick49","p2":"slow blade","format":"[Gen 9] VGC 2023 Regulation E","log":"|j|\u2606gluestick49\n|j|\u2606slow blade\n|t:|1700560263\n|gametype|doubles\n|player|p1|gluestick49|marley|1241\n|player|p2|slow blade|red|1181\n|teamsize|p1|6\n|teamsize|p2|6\n|gen|9\n|tier|[Gen 9] VGC 2023 Regulation E\n|rated|\n|rule|Species Clause: Limit one of each Pok\u00e9mon\n|rule|Item Clause: Limit one of each item\n|clearpoke\n|poke|p1|Sableye, L50, M|\n|poke|p1|Rillaboom, L50, F|\n|poke|p1|Dragonite, L50, M|\n|poke|p1|Iron Bundle, L50|\n|poke|p1|Delphox, L50, M|\n|poke|p1|Chien-Pao, L50|\n|poke|p2|Pawmot, L50, F|\n|poke|p2|Rabsca, L50, F|\n|poke|p2|Golem-Alola, L50, F|\n|poke|p2|Grafaiai, L50, F|\n|poke|p2|Pelipper, L50, F|\n|poke|p2|Basculegion, L50, M|\n|teampreview|4\n|inactive|Battle timer is ON: inactive players will automatically lose when time's up. (requested by gluestick49)\n|inactive|slow blade also wants the timer to be on.\n|inactive|gluestick49 has 60 seconds left.\n|\n|t:|1700560320\n|start\n|switch|p1a: Sableye|Sableye, L50, M|100\/100\n|switch|p1b: Chien-Pao|Chien-Pao, L50|100\/100\n|switch|p2a: Golem|Golem-Alola, L50, F, shiny|100\/100\n|switch|p2b: Pawmot|Pawmot, L50, F, shiny|100\/100\n|-ability|p1b: Chien-Pao|Sword of Ruin\n|turn|1\n|\n|t:|1700560343\n|-terastallize|p1b: Chien-Pao|Ghost\n|move|p2b: Pawmot|Fake Out|p1b: Chien-Pao\n|-immune|p1b: Chien-Pao\n|move|p1a: Sableye|Will-O-Wisp|p2b: Pawmot|[miss]\n|-miss|p1a: Sableye|p2b: Pawmot\n|move|p1b: Chien-Pao|Brick Break|p2a: Golem\n|-supereffective|p2a: Golem\n|-damage|p2a: Golem|48\/100\n|move|p2a: Golem|Rock Slide|p1a: Sableye|[spread] p1a,p1b\n|-crit|p1a: Sableye\n|-crit|p1b: Chien-Pao\n|-damage|p1a: Sableye|7\/100\n|-damage|p1b: Chien-Pao|38\/100\n|\n|upkeep\n|turn|2\n|inactive|slow blade has 30 seconds left.\n|\n|t:|1700560371\n|switch|p2b: Rabsca|Rabsca, L50, F, shiny|100\/100\n|move|p2a: Golem|Endure|p2a: Golem\n|-singleturn|p2a: Golem|move: Endure\n|move|p1a: Sableye|Encore||[still]\n|-fail|p1a: Sableye\n|move|p1b: Chien-Pao|Brick Break|p2a: Golem\n|-supereffective|p2a: Golem\n|-activate|p2a: Golem|move: Endure\n|-damage|p2a: Golem|1\/100\n|\n|upkeep\n|turn|3\n|inactive|gluestick49 has 30 seconds left.\n|inactive|slow blade has 30 seconds left.\n|-enditem|p2a: Golem|Custap Berry|[eat]\n|-activate|p2a: Golem|item: Custap Berry|[consumed]\n|\n|t:|1700560402\n|move|p2a: Golem|Explosion|p1b: Chien-Pao|[spread] p1a,p1b\n|-activate|p2b: Rabsca|ability: Telepathy\n|-damage|p1a: Sableye|0 fnt\n|-damage|p1b: Chien-Pao|0 fnt\n|faint|p2a: Golem\n|faint|p1a: Sableye\n|faint|p1b: Chien-Pao\n|move|p2b: Rabsca|Revival Blessing|p2b: Rabsca\n|\n|t:|1700560411\n|-heal|p2: Golem|50\/100|[from] move: Revival Blessing\n|\n|upkeep\n|switch|p2a: Golem|Golem-Alola, L50, F, shiny|50\/100\n|\n|t:|1700560422\n|switch|p1b: Rillaboom|Rillaboom, L50, F|100\/100\n|switch|p1a: Dragonite|Dragonite, L50, M|100\/100\n|-fieldstart|move: Grassy Terrain|[from] ability: Grassy Surge|[of] p1b: Rillaboom\n|turn|4\n|\n|t:|1700560441\n|move|p2a: Golem|Endure|p2a: Golem\n|-singleturn|p2a: Golem|move: Endure\n|move|p1a: Dragonite|Extreme Speed|p2b: Rabsca\n|-damage|p2b: Rabsca|65\/100\n|move|p1b: Rillaboom|Grassy Glide|p2a: Golem\n|-supereffective|p2a: Golem\n|-activate|p2a: Golem|move: Endure\n|-damage|p2a: Golem|1\/100\n|move|p2b: Rabsca|Trick Room|p2b: Rabsca\n|-fieldstart|move: Trick Room|[of] p2b: Rabsca\n|\n|-heal|p2b: Rabsca|71\/100|[from] Grassy Terrain\n|-heal|p2a: Golem|7\/100|[from] Grassy Terrain\n|upkeep\n|turn|5\n|\n|t:|1700560463\n|move|p1a: Dragonite|Extreme Speed|p2b: Rabsca\n|-damage|p2b: Rabsca|33\/100\n|move|p1b: Rillaboom|Grassy Glide|p2a: Golem\n|-supereffective|p2a: Golem\n|-damage|p2a: Golem|0 fnt\n|faint|p2a: Golem\n|move|p2b: Rabsca|Psychic|p1a: Dragonite\n|-damage|p1a: Dragonite|64\/100\n|\n|-heal|p2b: Rabsca|40\/100|[from] Grassy Terrain\n|upkeep\n|\n|t:|1700560479\n|switch|p2a: Grafaiai|Grafaiai, L50, F, shiny|100\/100\n|turn|6\n|\n|t:|1700560495\n|move|p1a: Dragonite|Extreme Speed|p2a: Grafaiai\n|-damage|p2a: Grafaiai|8\/100\n|move|p1b: Rillaboom|Grassy Glide|p2a: Grafaiai\n|-resisted|p2a: Grafaiai\n|-damage|p2a: Grafaiai|0 fnt\n|faint|p2a: Grafaiai\n|move|p2b: Rabsca|Psychic|p1a: Dragonite\n|-damage|p1a: Dragonite|29\/100\n|\n|-heal|p2b: Rabsca|46\/100|[from] Grassy Terrain\n|upkeep\n|\n|t:|1700560504\n|switch|p2a: Pawmot|Pawmot, L50, F, shiny|100\/100\n|turn|7\n|\n|t:|1700560525\n|-terastallize|p2a: Pawmot|Ghost\n|move|p2a: Pawmot|Fake Out|p1b: Rillaboom\n|-damage|p1b: Rillaboom|89\/100\n|move|p1a: Dragonite|Extreme Speed|p2b: Rabsca\n|-damage|p2b: Rabsca|11\/100\n|cant|p1b: Rillaboom|flinch\n|move|p2b: Rabsca|Psychic|p1a: Dragonite\n|-damage|p1a: Dragonite|0 fnt\n|faint|p1a: Dragonite\n|\n|-heal|p2b: Rabsca|18\/100|[from] Grassy Terrain\n|-heal|p1b: Rillaboom|95\/100|[from] Grassy Terrain\n|upkeep\n|turn|8\n|\n|t:|1700560549\n|move|p2b: Rabsca|Psychic|p1b: Rillaboom\n|-crit|p1b: Rillaboom\n|-damage|p1b: Rillaboom|54\/100\n|move|p1b: Rillaboom|Wood Hammer|p2a: Pawmot\n|-enditem|p2a: Pawmot|Focus Sash\n|-damage|p2a: Pawmot|1\/100\n|-damage|p1b: Rillaboom|31\/100|[from] Recoil\n|move|p2a: Pawmot|Revival Blessing|p2a: Pawmot\n|\n|t:|1700560563\n|-heal|p2: Grafaiai|50\/100|[from] move: Revival Blessing\n|\n|-heal|p2b: Rabsca|24\/100|[from] Grassy Terrain\n|-heal|p1b: Rillaboom|37\/100|[from] Grassy Terrain\n|-heal|p2a: Pawmot|7\/100|[from] Grassy Terrain\n|-fieldend|move: Trick Room\n|-fieldend|move: Grassy Terrain\n|upkeep\n|turn|9\n|\n|t:|1700560574\n|move|p2a: Pawmot|Close Combat|p1b: Rillaboom\n|-damage|p1b: Rillaboom|0 fnt\n|-unboost|p2a: Pawmot|def|1\n|-unboost|p2a: Pawmot|spd|1\n|faint|p1b: Rillaboom\n|\n|win|slow blade\n|raw|gluestick49's rating: 1241 &rarr; <strong>1212<\/strong><br \/>(-29 for losing)\n|raw|slow blade's rating: 1181 &rarr; <strong>1210<\/strong><br \/>(+29 for winning)\n|l|\u2606gluestick49\n","uploadtime":1700560578,"views":0,"p1id":"gluestick49","p2id":"slowblade","formatid":"gen9vgc2023regulatione","rating":1210,"private":0,"password":""}