{"id":"gen9vgc2023regulatione-1997468568","p1":"Emanyueru1","p2":"Krem765","format":"[Gen 9] VGC 2023 Regulation E","log":"|j|\u2606Emanyueru1\n|j|\u2606Krem765\n|t:|1700810701\n|gametype|doubles\n|player|p1|Emanyueru1|pokekidf-gen8|1276\n|player|p2|Krem765|caraliss|1353\n|teamsize|p1|6\n|teamsize|p2|6\n|gen|9\n|tier|[Gen 9] VGC 2023 Regulation E\n|rated|\n|rule|Species Clause: Limit one of each Pok\u00e9mon\n|rule|Item Clause: Limit one of each item\n|clearpoke\n|poke|p1|Ogerpon-Hearthflame, L50, F|\n|poke|p1|Vaporeon, L50, F|\n|poke|p1|Glaceon, L50, F|\n|poke|p1|Leafeon, L50, F|\n|poke|p1|Umbreon, L50, M|\n|poke|p1|Sylveon, L50, M|\n|poke|p2|Iron Hands, L50|\n|poke|p2|Farigiraf, L50, F|\n|poke|p2|Ting-Lu, L50|\n|poke|p2|Palossand, L50, F|\n|poke|p2|Tornadus, L50, M|\n|poke|p2|Arcanine-Hisui, L50, F|\n|teampreview|4\n|\n|t:|1700810733\n|start\n|switch|p1a: Glaceon|Glaceon, L50, F|100\/100\n|switch|p1b: Vaporeon|Vaporeon, L50, F|100\/100\n|switch|p2a: aibohphobia|Farigiraf, L50, F|100\/100\n|switch|p2b: its rough|Tornadus, L50, M|100\/100\n|turn|1\n|\n|t:|1700810739\n|move|p2b: its rough|Sandstorm|p2b: its rough\n|-weather|Sandstorm\n|move|p1b: Vaporeon|Yawn|p2a: aibohphobia\n|-start|p2a: aibohphobia|move: Yawn|[of] p1b: Vaporeon\n|move|p1a: Glaceon|Freeze-Dry|p2b: its rough\n|-supereffective|p2b: its rough\n|-damage|p2b: its rough|39\/100\n|move|p2a: aibohphobia|Trick Room|p2a: aibohphobia\n|-fieldstart|move: Trick Room|[of] p2a: aibohphobia\n|\n|-weather|Sandstorm|[upkeep]\n|-damage|p2a: aibohphobia|94\/100|[from] Sandstorm\n|-damage|p1a: Glaceon|95\/100|[from] Sandstorm\n|-damage|p1b: Vaporeon|94\/100|[from] Sandstorm\n|-heal|p1b: Vaporeon|100\/100|[from] item: Leftovers\n|upkeep\n|turn|2\n|\n|t:|1700810757\n|move|p2a: aibohphobia|Dazzling Gleam|p1a: Glaceon|[spread] p1a,p1b\n|-damage|p1a: Glaceon|76\/100\n|-damage|p1b: Vaporeon|87\/100\n|move|p1a: Glaceon|Freeze-Dry|p2b: its rough\n|-supereffective|p2b: its rough\n|-damage|p2b: its rough|0 fnt\n|faint|p2b: its rough\n|move|p1b: Vaporeon|Yawn||[still]\n|-fail|p1b: Vaporeon\n|\n|-weather|Sandstorm|[upkeep]\n|-damage|p2a: aibohphobia|88\/100|[from] Sandstorm\n|-damage|p1a: Glaceon|70\/100|[from] Sandstorm\n|-damage|p1b: Vaporeon|80\/100|[from] Sandstorm\n|-heal|p1b: Vaporeon|87\/100|[from] item: Leftovers\n|-end|p2a: aibohphobia|move: Yawn|[silent]\n|-status|p2a: aibohphobia|slp\n|upkeep\n|\n|t:|1700810764\n|switch|p2b: Princess|Arcanine-Hisui, L50, F|100\/100\n|-ability|p2b: Princess|Intimidate|boost\n|-unboost|p1a: Glaceon|atk|1\n|-unboost|p1b: Vaporeon|atk|1\n|turn|3\n|\n|t:|1700810775\n|-terastallize|p2b: Princess|Grass\n|cant|p2a: aibohphobia|slp\n|move|p1a: Glaceon|Freeze-Dry|p2b: Princess\n|-supereffective|p2b: Princess\n|-damage|p2b: Princess|20\/100\n|move|p1b: Vaporeon|Muddy Water|p2b: Princess|[spread] p2a,p2b\n|-resisted|p2b: Princess\n|-damage|p2a: aibohphobia|60\/100 slp\n|-damage|p2b: Princess|8\/100\n|-unboost|p2b: Princess|accuracy|1\n|move|p2b: Princess|Rock Slide|p1a: Glaceon|[spread] p1b\n|-miss|p2b: Princess|p1a: Glaceon\n|-damage|p1b: Vaporeon|55\/100\n|\n|-weather|Sandstorm|[upkeep]\n|-damage|p2a: aibohphobia|54\/100 slp|[from] Sandstorm\n|-damage|p1a: Glaceon|64\/100|[from] Sandstorm\n|-damage|p1b: Vaporeon|48\/100|[from] Sandstorm\n|-damage|p2b: Princess|2\/100|[from] Sandstorm\n|-heal|p1b: Vaporeon|55\/100|[from] item: Leftovers\n|upkeep\n|turn|4\n|\n|t:|1700810795\n|cant|p2a: aibohphobia|slp\n|move|p1a: Glaceon|Freeze-Dry|p2b: Princess\n|-supereffective|p2b: Princess\n|-damage|p2b: Princess|0 fnt\n|faint|p2b: Princess\n|move|p1b: Vaporeon|Muddy Water|p2a: aibohphobia\n|-damage|p2a: aibohphobia|15\/100 slp\n|-enditem|p2a: aibohphobia|Sitrus Berry|[eat]\n|-heal|p2a: aibohphobia|39\/100 slp|[from] item: Sitrus Berry\n|\n|-weather|Sandstorm|[upkeep]\n|-damage|p2a: aibohphobia|33\/100 slp|[from] Sandstorm\n|-damage|p1a: Glaceon|59\/100|[from] Sandstorm\n|-damage|p1b: Vaporeon|48\/100|[from] Sandstorm\n|-heal|p1b: Vaporeon|55\/100|[from] item: Leftovers\n|upkeep\n|\n|t:|1700810803\n|switch|p2b: i eat kids|Palossand, L50, F|100\/100\n|turn|5\n|\n|t:|1700810811\n|move|p1a: Glaceon|Detect|p1a: Glaceon\n|-singleturn|p1a: Glaceon|Protect\n|move|p2b: i eat kids|Earth Power|p1a: Glaceon\n|-activate|p1a: Glaceon|move: Protect\n|-curestatus|p2a: aibohphobia|slp|[msg]\n|move|p2a: aibohphobia|Dazzling Gleam|p1a: Glaceon|[spread] p1b\n|-activate|p1a: Glaceon|move: Protect\n|-damage|p1b: Vaporeon|41\/100\n|move|p1b: Vaporeon|Yawn|p2b: i eat kids\n|-start|p2b: i eat kids|move: Yawn|[of] p1b: Vaporeon\n|\n|-weather|none\n|-heal|p1b: Vaporeon|48\/100|[from] item: Leftovers\n|-fieldend|move: Trick Room\n|upkeep\n|turn|6\n|\n|t:|1700810827\n|move|p1b: Vaporeon|Yawn|p2a: aibohphobia\n|-start|p2a: aibohphobia|move: Yawn|[of] p1b: Vaporeon\n|move|p1a: Glaceon|Freeze-Dry|p2b: i eat kids\n|-supereffective|p2b: i eat kids\n|-damage|p2b: i eat kids|11\/100\n|move|p2a: aibohphobia|Psychic|p1b: Vaporeon\n|-damage|p1b: Vaporeon|15\/100\n|move|p2b: i eat kids|Earth Power|p1a: Glaceon\n|-damage|p1a: Glaceon|13\/100\n|\n|-heal|p1b: Vaporeon|21\/100|[from] item: Leftovers\n|-end|p2b: i eat kids|move: Yawn|[silent]\n|-status|p2b: i eat kids|slp\n|upkeep\n|turn|7\n|-activate|p1a: Glaceon|item: Quick Claw\n|\n|t:|1700810843\n|move|p1a: Glaceon|Freeze-Dry|p2b: i eat kids\n|-supereffective|p2b: i eat kids\n|-damage|p2b: i eat kids|0 fnt\n|faint|p2b: i eat kids\n|move|p1b: Vaporeon|Muddy Water|p2a: aibohphobia\n|-damage|p2a: aibohphobia|0 fnt\n|faint|p2a: aibohphobia\n|\n|win|Emanyueru1\n|raw|Emanyueru1's rating: 1276 &rarr; <strong>1306<\/strong><br \/>(+30 for winning)\n|raw|Krem765's rating: 1353 &rarr; <strong>1329<\/strong><br \/>(-24 for losing)\n|l|\u2606Krem765\n|c|\u2606Emanyueru1|gg\n","uploadtime":1700810855,"views":4,"p1id":"emanyueru1","p2id":"krem765","formatid":"gen9vgc2023regulatione","rating":1306,"private":0,"password":""}