{"id":"gen9vgc2023regulatione-1996592387","p1":"gamer3DRider","p2":"fear1988","format":"[Gen 9] VGC 2023 Regulation E","log":"|j|\u2606gamer3DRider\n|j|\u2606fear1988\n|t:|1700698125\n|gametype|doubles\n|player|p1|gamer3DRider|steven|1161\n|player|p2|fear1988|170|1182\n|teamsize|p1|6\n|teamsize|p2|6\n|gen|9\n|tier|[Gen 9] VGC 2023 Regulation E\n|rated|\n|rule|Species Clause: Limit one of each Pok\u00e9mon\n|rule|Item Clause: Limit one of each item\n|clearpoke\n|poke|p1|Ogerpon-Cornerstone, L50, F|\n|poke|p1|Volcarona, L50, F|\n|poke|p1|Oricorio-Pom-Pom, L50, F|\n|poke|p1|Rillaboom, L50, M|\n|poke|p1|Dondozo, L50, F|\n|poke|p1|Landorus-Therian, L50, M|\n|poke|p2|Tornadus, L50, M|\n|poke|p2|Flutter Mane, L50|\n|poke|p2|Chi-Yu, L50|\n|poke|p2|Rillaboom, L50, M|\n|poke|p2|Chien-Pao, L50|\n|poke|p2|Dragonite, L50, M|\n|teampreview|4\nfear1988 has agreed to open team sheets.\n|\n|t:|1700698150\n|start\n|switch|p1a: Oricorio|Oricorio-Pom-Pom, L50, F|100\/100\n|switch|p1b: Ogerpon|Ogerpon-Cornerstone, L50, F|100\/100\n|switch|p2a: Tornadus|Tornadus, L50, M|100\/100\n|switch|p2b: Chi-Yu|Chi-Yu, L50|100\/100\n|-ability|p2b: Chi-Yu|Beads of Ruin\n|turn|1\n|\n|t:|1700698185\n|-terastallize|p2b: Chi-Yu|Ghost\n|move|p1a: Oricorio|Helping Hand|p1b: Ogerpon\n|-singleturn|p1b: Ogerpon|Helping Hand|[of] p1a: Oricorio\n|move|p2a: Tornadus|Sunny Day|p2a: Tornadus\n|-weather|SunnyDay\n|move|p2b: Chi-Yu|Heat Wave|p1a: Oricorio|[spread] p1a\n|-miss|p2b: Chi-Yu|p1b: Ogerpon\n|-enditem|p1a: Oricorio|Focus Sash\n|-damage|p1a: Oricorio|1\/100\n|-damage|p2b: Chi-Yu|91\/100|[from] item: Life Orb\n|move|p1b: Ogerpon|Ivy Cudgel|p2b: Chi-Yu|[anim] Ivy Cudgel Rock\n|-damage|p2b: Chi-Yu|0 fnt\n|faint|p2b: Chi-Yu\n|\n|-weather|SunnyDay|[upkeep]\n|upkeep\n|\n|t:|1700698219\n|switch|p2b: Chien-Pao|Chien-Pao, L50|100\/100\n|-ability|p2b: Chien-Pao|Sword of Ruin\n|turn|2\n|\n|t:|1700698236\n|move|p1a: Oricorio|Protect|p1a: Oricorio\n|-singleturn|p1a: Oricorio|Protect\n|move|p1b: Ogerpon|Spiky Shield|p1b: Ogerpon\n|-singleturn|p1b: Ogerpon|move: Protect\n|move|p2b: Chien-Pao|Icicle Crash|p1b: Ogerpon\n|-activate|p1b: Ogerpon|move: Protect\n|move|p2a: Tornadus|Bleakwind Storm|p1b: Ogerpon|[spread] \n|-activate|p1a: Oricorio|move: Protect\n|-activate|p1b: Ogerpon|move: Protect\n|\n|-weather|SunnyDay|[upkeep]\n|upkeep\n|turn|3\n|\n|t:|1700698271\n|move|p2b: Chien-Pao|Icicle Crash|p1b: Ogerpon\n|-supereffective|p1b: Ogerpon\n|-ability|p1b: Ogerpon|Sturdy\n|-damage|p1b: Ogerpon|1\/100\n|move|p2a: Tornadus|Bleakwind Storm|p1b: Ogerpon|[spread] p1b\n|-miss|p2a: Tornadus|p1a: Oricorio\n|-damage|p1b: Ogerpon|0 fnt\n|faint|p1b: Ogerpon\n|move|p1a: Oricorio|Revelation Dance|p2a: Tornadus\n|-supereffective|p2a: Tornadus\n|-damage|p2a: Tornadus|0 fnt\n|faint|p2a: Tornadus\n|\n|-weather|SunnyDay|[upkeep]\n|upkeep\n|inactive|Battle timer is ON: inactive players will automatically lose when time's up. (requested by gamer3DRider)\n|\n|t:|1700698318\n|switch|p2a: Rillaboom|Rillaboom, L50, M|100\/100\n|switch|p1b: Landorus|Landorus-Therian, L50, M|100\/100\n|-ability|p1b: Landorus|Intimidate|boost\n|-unboost|p2a: Rillaboom|atk|1\n|-unboost|p2b: Chien-Pao|atk|1\n|-fieldstart|move: Grassy Terrain|[from] ability: Grassy Surge|[of] p2a: Rillaboom\n|turn|4\n|\n|t:|1700698343\n|switch|p1b: Volcarona|Volcarona, L50, F|100\/100\n|move|p1a: Oricorio|Protect|p1a: Oricorio\n|-singleturn|p1a: Oricorio|Protect\n|move|p2a: Rillaboom|Fake Out|p1a: Oricorio\n|-activate|p1a: Oricorio|move: Protect\n|move|p2b: Chien-Pao|Icicle Crash|p1b: Volcarona\n|-resisted|p1b: Volcarona\n|-damage|p1b: Volcarona|75\/100\n|\n|-weather|SunnyDay|[upkeep]\n|-heal|p1b: Volcarona|82\/100|[from] Grassy Terrain\n|-heal|p1b: Volcarona|88\/100|[from] item: Leftovers\n|upkeep\n|turn|5\n|\n|t:|1700698363\n|move|p2b: Chien-Pao|Icicle Crash|p1b: Volcarona\n|-resisted|p1b: Volcarona\n|-damage|p1b: Volcarona|65\/100\n|move|p1a: Oricorio|Tailwind|p1a: Oricorio\n|-sidestart|p1: gamer3DRider|move: Tailwind\n|move|p1b: Volcarona|Will-O-Wisp|p2b: Chien-Pao\n|-status|p2b: Chien-Pao|brn\n|move|p2a: Rillaboom|Wood Hammer|p1b: Volcarona\n|-resisted|p1b: Volcarona\n|-damage|p1b: Volcarona|46\/100\n|-damage|p2a: Rillaboom|95\/100|[from] Recoil\n|\n|-weather|none\n|-heal|p1b: Volcarona|52\/100|[from] Grassy Terrain\n|-heal|p1b: Volcarona|58\/100|[from] item: Leftovers\n|-heal|p2a: Rillaboom|100\/100|[from] Grassy Terrain\n|-damage|p2b: Chien-Pao|95\/100 brn|[from] brn\n|upkeep\n|turn|6\n|l|\u2606gamer3DRider\n|inactive|gamer3DRider disconnected and has a minute to reconnect!\n|player|p1|\n|inactive|gamer3DRider has 30 seconds left.\n|inactive|fear1988 has 30 seconds left.\n|j|\u2606gamer3DRider\n|inactive|gamer3DRider reconnected and has 25 seconds left.\n|player|p1|gamer3DRider|steven\n|inactive|gamer3DRider has 20 seconds left.\n|inactive|fear1988 has 20 seconds left.\n|inactive|gamer3DRider has 15 seconds left.\n|\n|t:|1700698405\n|move|p1a: Oricorio|Protect|p1a: Oricorio\n|-singleturn|p1a: Oricorio|Protect\n|move|p1b: Volcarona|Fiery Dance|p2a: Rillaboom\n|-supereffective|p2a: Rillaboom\n|-damage|p2a: Rillaboom|44\/100\n|-boost|p1b: Volcarona|spa|1\n|-activate|p1a: Oricorio|ability: Dancer\n|move|p1a: Oricorio|Fiery Dance|p2a: Rillaboom|[from]ability: Dancer\n|-supereffective|p2a: Rillaboom\n|-damage|p2a: Rillaboom|13\/100\n|move|p2b: Chien-Pao|Crunch|p1b: Volcarona\n|-damage|p1b: Volcarona|34\/100\n|move|p2a: Rillaboom|Stomping Tantrum|p1b: Volcarona\n|-damage|p1b: Volcarona|6\/100\n|\n|-heal|p1b: Volcarona|12\/100|[from] Grassy Terrain\n|-heal|p1b: Volcarona|18\/100|[from] item: Leftovers\n|-heal|p2b: Chien-Pao|100\/100 brn|[from] Grassy Terrain\n|-heal|p2a: Rillaboom|18\/100|[from] Grassy Terrain\n|-damage|p2b: Chien-Pao|95\/100 brn|[from] brn\n|upkeep\n|turn|7\n|inactive|fear1988 has 30 seconds left.\n|inactive|fear1988 has 20 seconds left.\n|inactive|fear1988 has 15 seconds left.\n|inactive|fear1988 has 10 seconds left.\n|inactive|fear1988 has 5 seconds left.\n|\n|t:|1700698456\n|move|p1a: Oricorio|Revelation Dance|p2b: Chien-Pao\n|-damage|p2b: Chien-Pao|28\/100 brn\n|move|p1b: Volcarona|Fiery Dance|p2a: Rillaboom\n|-supereffective|p2a: Rillaboom\n|-damage|p2a: Rillaboom|0 fnt\n|faint|p2a: Rillaboom\n|-activate|p1a: Oricorio|ability: Dancer\n|move|p1a: Oricorio|Fiery Dance|p2b: Chien-Pao|[from]ability: Dancer\n|-supereffective|p2b: Chien-Pao\n|-damage|p2b: Chien-Pao|0 fnt\n|-boost|p1a: Oricorio|spa|1\n|faint|p2b: Chien-Pao\n|\n|win|gamer3DRider\n|raw|gamer3DRider's rating: 1161 &rarr; <strong>1188<\/strong><br \/>(+27 for winning)\n|raw|fear1988's rating: 1182 &rarr; <strong>1155<\/strong><br \/>(-27 for losing)\n|l|\u2606fear1988\n|l|\u2606gamer3DRider\n|j|\u2606gamer3DRider\n|player|p1|gamer3DRider|steven\n","uploadtime":1700698702,"views":15,"p1id":"gamer3drider","p2id":"fear1988","formatid":"gen9vgc2023regulatione","rating":1155,"private":0,"password":""}