{"id":"gen9vgc2023regulatione-1994144393","p1":"Fluttermane<3","p2":"tyl8","format":"[Gen 9] VGC 2023 Regulation E","log":"|j|\u2606Fluttermane<3\n|j|\u2606tyl8\n|t:|1700412072\n|gametype|doubles\n|player|p1|Fluttermane<3|cynthia|1412\n|player|p2|tyl8|dawn|1342\n|teamsize|p1|6\n|teamsize|p2|6\n|gen|9\n|tier|[Gen 9] VGC 2023 Regulation E\n|rated|\n|rule|Species Clause: Limit one of each Pok\u00e9mon\n|rule|Item Clause: Limit one of each item\n|clearpoke\n|poke|p1|Farigiraf, L50, M|\n|poke|p1|Iron Hands, L50|\n|poke|p1|Torkoal, L50, M|\n|poke|p1|Amoonguss, L50, M|\n|poke|p1|Ting-Lu, L50|\n|poke|p1|Glastrier, L50|\n|poke|p2|Landorus, L50, M|\n|poke|p2|Politoed, L50, F|\n|poke|p2|Ogerpon-Wellspring, L50, F|\n|poke|p2|Gholdengo, L50|\n|poke|p2|Roaring Moon, L50|\n|poke|p2|Iron Hands, L50|\n|teampreview|4\n|inactive|Battle timer is ON: inactive players will automatically lose when time's up. (requested by tyl8)\n|inactive|tyl8 has 60 seconds left.\n|\n|t:|1700412110\n|start\n|switch|p1a: Iron Hands|Iron Hands, L50|100\/100\n|switch|p1b: Ting-Lu|Ting-Lu, L50|100\/100\n|switch|p2a: Ogerpon|Ogerpon-Wellspring, L50, F|100\/100\n|switch|p2b: Gholdengo|Gholdengo, L50|100\/100\n|-ability|p1b: Ting-Lu|Vessel of Ruin\n|turn|1\n|\n|t:|1700412133\n|move|p2a: Ogerpon|Spiky Shield|p2a: Ogerpon\n|-singleturn|p2a: Ogerpon|move: Protect\n|move|p2b: Gholdengo|Nasty Plot|p2b: Gholdengo\n|-boost|p2b: Gholdengo|spa|2\n|move|p1a: Iron Hands|Swords Dance|p1a: Iron Hands\n|-boost|p1a: Iron Hands|atk|2\n|move|p1b: Ting-Lu|Stomping Tantrum|p2b: Gholdengo\n|-supereffective|p2b: Gholdengo\n|-damage|p2b: Gholdengo|37\/100\n|\n|-heal|p2b: Gholdengo|43\/100|[from] item: Leftovers\n|upkeep\n|turn|2\n|inactive|tyl8 has 30 seconds left.\n|\n|t:|1700412165\n|switch|p1b: Torkoal|Torkoal, L50, M|100\/100\n|-weather|SunnyDay|[from] ability: Drought|[of] p1b: Torkoal\n|-terastallize|p2b: Gholdengo|Dragon\n|-terastallize|p1a: Iron Hands|Water\n|move|p2a: Ogerpon|Ivy Cudgel|p1a: Iron Hands|[anim] Ivy Cudgel Water\n|-resisted|p1a: Iron Hands\n|-crit|p1a: Iron Hands\n|-damage|p1a: Iron Hands|87\/100\n|move|p2b: Gholdengo|Shadow Ball|p1a: Iron Hands\n|-damage|p1a: Iron Hands|21\/100\n|move|p1a: Iron Hands|Drain Punch|p2a: Ogerpon\n|-damage|p2a: Ogerpon|6\/100\n|-heal|p1a: Iron Hands|56\/100|[from] drain|[of] p2a: Ogerpon\n|\n|-weather|SunnyDay|[upkeep]\n|-heal|p2b: Gholdengo|49\/100|[from] item: Leftovers\n|upkeep\n|turn|3\n|inactive|Fluttermane<3 has 30 seconds left.\n|\n|t:|1700412198\n|move|p2b: Gholdengo|Protect|p2b: Gholdengo\n|-singleturn|p2b: Gholdengo|Protect\n|move|p1a: Iron Hands|Detect|p1a: Iron Hands\n|-singleturn|p1a: Iron Hands|Protect\n|move|p2a: Ogerpon|Wood Hammer|p1a: Iron Hands\n|-activate|p1a: Iron Hands|move: Protect\n|move|p1b: Torkoal|Flamethrower|p2b: Gholdengo\n|-activate|p2b: Gholdengo|move: Protect\n|\n|-weather|SunnyDay|[upkeep]\n|-heal|p2b: Gholdengo|56\/100|[from] item: Leftovers\n|upkeep\n|turn|4\n|\n|t:|1700412219\n|-end|p1a: Iron Hands|Quark Drive|[silent]\n|switch|p1a: Amoonguss|Amoonguss, L50, M|100\/100\n|move|p2a: Ogerpon|Wood Hammer|p1a: Amoonguss\n|-resisted|p1a: Amoonguss\n|-damage|p1a: Amoonguss|85\/100\n|-damage|p2a: Ogerpon|0 fnt|[from] Recoil\n|faint|p2a: Ogerpon\n|move|p2b: Gholdengo|Shadow Ball|p1b: Torkoal\n|-damage|p1b: Torkoal|0 fnt\n|faint|p1b: Torkoal\n|\n|-weather|SunnyDay|[upkeep]\n|-heal|p2b: Gholdengo|62\/100|[from] item: Leftovers\n|upkeep\n|\n|t:|1700412233\n|switch|p2a: Politoed|Politoed, L50, F, shiny|100\/100\n|switch|p1b: Ting-Lu|Ting-Lu, L50|100\/100\n|-weather|RainDance|[from] ability: Drizzle|[of] p2a: Politoed\n|-ability|p1b: Ting-Lu|Vessel of Ruin\n|turn|5\n|\n|t:|1700412251\n|move|p2b: Gholdengo|Nasty Plot|p2b: Gholdengo\n|-boost|p2b: Gholdengo|spa|2\n|move|p2a: Politoed|Weather Ball|p1b: Ting-Lu\n|-supereffective|p1b: Ting-Lu\n|-damage|p1b: Ting-Lu|54\/100\n|move|p1b: Ting-Lu|Rock Slide|p2a: Politoed|[spread] p2a\n|-miss|p1b: Ting-Lu|p2b: Gholdengo\n|-damage|p2a: Politoed|81\/100\n|move|p1a: Amoonguss|Spore|p2a: Politoed\n|-status|p2a: Politoed|slp|[from] move: Spore\n|\n|-weather|RainDance|[upkeep]\n|-heal|p2b: Gholdengo|68\/100|[from] item: Leftovers\n|upkeep\n|turn|6\n|\n|t:|1700412273\n|move|p2b: Gholdengo|Make It Rain|p1a: Amoonguss|[spread] p1a,p1b\n|-damage|p1a: Amoonguss|0 fnt\n|-damage|p1b: Ting-Lu|3\/100\n|-unboost|p2b: Gholdengo|spa|1\n|faint|p1a: Amoonguss\n|cant|p2a: Politoed|slp\n|move|p1b: Ting-Lu|Ruination|p2b: Gholdengo\n|-damage|p2b: Gholdengo|34\/100\n|\n|-weather|RainDance|[upkeep]\n|-heal|p2b: Gholdengo|41\/100|[from] item: Leftovers\n|upkeep\n|\n|t:|1700412276\n|switch|p1a: Iron Hands|Iron Hands, L50, tera:Water|56\/100\n|turn|7\n|\n|t:|1700412283\n|switch|p2a: Iron Hands|Iron Hands, L50|100\/100\n|move|p2b: Gholdengo|Protect|p2b: Gholdengo\n|-singleturn|p2b: Gholdengo|Protect\n|move|p1a: Iron Hands|Drain Punch|p2b: Gholdengo\n|-activate|p2b: Gholdengo|move: Protect\n|move|p1b: Ting-Lu|Rock Slide|p2b: Gholdengo|[spread] p2a\n|-activate|p2b: Gholdengo|move: Protect\n|-resisted|p2a: Iron Hands\n|-crit|p2a: Iron Hands\n|-damage|p2a: Iron Hands|90\/100\n|\n|-weather|RainDance|[upkeep]\n|-heal|p2b: Gholdengo|47\/100|[from] item: Leftovers\n|upkeep\n|turn|8\n|\n|t:|1700412297\n|move|p2a: Iron Hands|Fake Out|p1a: Iron Hands\n|-damage|p1a: Iron Hands|44\/100\n|move|p2b: Gholdengo|Make It Rain|p1a: Iron Hands|[spread] p1a,p1b\n|-resisted|p1a: Iron Hands\n|-crit|p1a: Iron Hands\n|-damage|p1a: Iron Hands|0 fnt\n|-damage|p1b: Ting-Lu|0 fnt\n|-unboost|p2b: Gholdengo|spa|1\n|faint|p1a: Iron Hands\n|-end|p1a: Iron Hands|Quark Drive|[silent]\n|faint|p1b: Ting-Lu\n|\n|win|tyl8\n|raw|Fluttermane&lt;3's rating: 1412 &rarr; <strong>1388<\/strong><br \/>(-24 for losing)\n|raw|tyl8's rating: 1342 &rarr; <strong>1366<\/strong><br \/>(+24 for winning)\n|l|\u2606Fluttermane<3\n|c|\u2606tyl8|Gg\n","uploadtime":1700412320,"views":5,"p1id":"fluttermane3","p2id":"tyl8","formatid":"gen9vgc2023regulatione","rating":1366,"private":0,"password":""}