{"id":"gen9vgc2023regulatione-1993254549","p1":"soggisalad29","p2":"Juanber13","format":"[Gen 9] VGC 2023 Regulation E","log":"|j|\u2606soggisalad29\n|j|\u2606Juanber13\n|t:|1700284930\n|gametype|doubles\n|player|p1|soggisalad29|265|1109\n|player|p2|Juanber13|2|1008\n|teamsize|p1|6\n|teamsize|p2|6\n|gen|9\n|tier|[Gen 9] VGC 2023 Regulation E\n|rated|\n|rule|Species Clause: Limit one of each Pok\u00e9mon\n|rule|Item Clause: Limit one of each item\n|clearpoke\n|poke|p1|Decidueye-Hisui, L50, M|\n|poke|p1|Chi-Yu, L50|\n|poke|p1|Milotic, L50, F|\n|poke|p1|Flutter Mane, L50|\n|poke|p1|Ogerpon-Hearthflame, L50, F|\n|poke|p1|Ninetales-Alola, L50, M|\n|poke|p2|Lilligant-Hisui, L50, F|\n|poke|p2|Torkoal, L50, M|\n|poke|p2|Tinkaton, L50, F|\n|poke|p2|Goodra, L50, F|\n|poke|p2|Ogerpon-Hearthflame, L50, F|\n|poke|p2|Clefable, L50, F|\n|teampreview|4\n|\n|t:|1700284950\n|start\n|switch|p1a: Ninetales|Ninetales-Alola, L50, M|100\/100\n|switch|p1b: Milotic|Milotic, L50, F|100\/100\n|switch|p2a: Tinkaton|Tinkaton, L50, F|100\/100\n|switch|p2b: Ogerpon|Ogerpon-Hearthflame, L50, F|100\/100\n|-ability|p2b: Ogerpon|Mold Breaker\n|-weather|Snow|[from] ability: Snow Warning|[of] p1a: Ninetales\n|turn|1\n|inactive|Battle timer is ON: inactive players will automatically lose when time's up. (requested by soggisalad29)\n|\n|t:|1700284978\n|move|p1a: Ninetales|Protect|p1a: Ninetales\n|-singleturn|p1a: Ninetales|Protect\n|move|p2a: Tinkaton|Fake Out|p1b: Milotic\n|-damage|p1b: Milotic|90\/100\n|move|p2b: Ogerpon|Ivy Cudgel|p1a: Ninetales|[anim] Ivy Cudgel Fire\n|-activate|p1a: Ninetales|move: Protect\n|cant|p1b: Milotic|flinch\n|\n|-weather|Snow|[upkeep]\n|-status|p1b: Milotic|brn|[from] item: Flame Orb\n|upkeep\n|turn|2\n|inactive|Juanber13 has 30 seconds left.\n|\n|t:|1700285004\n|-terastallize|p1a: Ninetales|Water\n|move|p2b: Ogerpon|Spiky Shield|p2b: Ogerpon\n|-singleturn|p2b: Ogerpon|move: Protect\n|move|p1a: Ninetales|Aurora Veil|p1a: Ninetales\n|-sidestart|p1: soggisalad29|move: Aurora Veil\n|move|p2a: Tinkaton|Gigaton Hammer|p1a: Ninetales\n|-resisted|p1a: Ninetales\n|-damage|p1a: Ninetales|70\/100\n|move|p1b: Milotic|Icy Wind|p2a: Tinkaton|[spread] p2a\n|-activate|p2b: Ogerpon|move: Protect\n|-resisted|p2a: Tinkaton\n|-damage|p2a: Tinkaton|94\/100\n|-unboost|p2a: Tinkaton|spe|1\n|\n|-weather|Snow|[upkeep]\n|-damage|p1b: Milotic|84\/100 brn|[from] brn\n|upkeep\n|turn|3\n|inactive|Juanber13 has 30 seconds left.\n|\n|t:|1700285036\n|move|p2b: Ogerpon|Horn Leech|p1a: Ninetales\n|-supereffective|p1a: Ninetales\n|-damage|p1a: Ninetales|0 fnt\n|faint|p1a: Ninetales\n|move|p2a: Tinkaton|Play Rough|p1b: Milotic\n|-damage|p1b: Milotic|69\/100 brn\n|move|p1b: Milotic|Icy Wind|p2b: Ogerpon|[spread] p2a,p2b\n|-resisted|p2a: Tinkaton\n|-damage|p2a: Tinkaton|87\/100\n|-damage|p2b: Ogerpon|87\/100\n|-unboost|p2a: Tinkaton|spe|1\n|-unboost|p2b: Ogerpon|spe|1\n|\n|-weather|Snow|[upkeep]\n|-damage|p1b: Milotic|63\/100 brn|[from] brn\n|upkeep\n|\n|t:|1700285055\n|switch|p1a: Decidueye|Decidueye-Hisui, L50, M|100\/100\n|turn|4\n|\n|t:|1700285068\n|move|p2b: Ogerpon|Ivy Cudgel|p1a: Decidueye|[anim] Ivy Cudgel Fire\n|-supereffective|p1a: Decidueye\n|-damage|p1a: Decidueye|0 fnt\n|faint|p1a: Decidueye\n|move|p1b: Milotic|Scald|p2a: Tinkaton\n|-damage|p2a: Tinkaton|48\/100\n|move|p2a: Tinkaton|Gigaton Hammer|p1b: Milotic\n|-resisted|p1b: Milotic\n|-damage|p1b: Milotic|50\/100 brn\n|\n|-weather|Snow|[upkeep]\n|-damage|p1b: Milotic|44\/100 brn|[from] brn\n|upkeep\n|\n|t:|1700285083\n|switch|p1a: Flutter Mane|Flutter Mane, L50|100\/100\n|turn|5\n|inactive|Juanber13 has 30 seconds left.\n|\n|t:|1700285109\n|move|p2a: Tinkaton|Protect|p2a: Tinkaton\n|-singleturn|p2a: Tinkaton|Protect\n|move|p1a: Flutter Mane|Shadow Ball|p2b: Ogerpon\n|-damage|p2b: Ogerpon|23\/100\n|move|p2b: Ogerpon|Horn Leech|p1b: Milotic\n|-supereffective|p1b: Milotic\n|-damage|p1b: Milotic|0 fnt\n|-heal|p2b: Ogerpon|51\/100|[from] drain|[of] p1b: Milotic\n|faint|p1b: Milotic\n|\n|-weather|none\n|upkeep\n|turn|6\n|-message|soggisalad29 forfeited.\n|\n|win|Juanber13\n|raw|soggisalad29's rating: 1109 &rarr; <strong>1077<\/strong><br \/>(-32 for losing)\n|raw|Juanber13's rating: 1008 &rarr; <strong>1058<\/strong><br \/>(+50 for winning)\n|l|\u2606soggisalad29\n","uploadtime":1700285129,"views":11,"p1id":"soggisalad29","p2id":"juanber13","formatid":"gen9vgc2023regulatione","rating":1058,"private":0,"password":""}