{"id":"gen9vgc2023regulatione-1990155115","p1":"legodjp","p2":"Dorillo","format":"[Gen 9] VGC 2023 Regulation E","log":"|j|\u2606legodjp\n|j|\u2606Dorillo\n|t:|1699930621\n|gametype|doubles\n|player|p1|legodjp|hugh|1302\n|player|p2|Dorillo|hau|1351\n|teamsize|p1|6\n|teamsize|p2|6\n|gen|9\n|tier|[Gen 9] VGC 2023 Regulation E\n|rated|\n|rule|Species Clause: Limit one of each Pok\u00e9mon\n|rule|Item Clause: Limit one of each item\n|clearpoke\n|poke|p1|Basculegion, L50, M|\n|poke|p1|Iron Hands, L50|\n|poke|p1|Sinistcha-Masterpiece, L50|\n|poke|p1|Heatran, L50, M|\n|poke|p1|Ursaluna, L50, F|\n|poke|p1|Kingambit, L50, M|\n|poke|p2|Cresselia, L50, F|\n|poke|p2|Heatran, L50, M|\n|poke|p2|Urshifu-*, L50, F|\n|poke|p2|Ursaluna, L50, F|\n|poke|p2|Iron Hands, L50|\n|poke|p2|Sinistcha-Masterpiece, L50|\n|teampreview|4\n|inactive|Battle timer is ON: inactive players will automatically lose when time's up. (requested by Dorillo)\nDorillo has agreed to open team sheets.\n|inactive|Dorillo has 60 seconds left.\n|inactive|Dorillo has 30 seconds left.\n|\n|t:|1699930681\n|start\n|switch|p1a: Heatran|Heatran, L50, M|100\/100\n|switch|p1b: Iron Hands|Iron Hands, L50|100\/100\n|switch|p2a: Iron Hands|Iron Hands, L50|100\/100\n|switch|p2b: Ursaluna|Ursaluna, L50, F|100\/100\n|-item|p1a: Heatran|Air Balloon\n|turn|1\n|\n|t:|1699930703\n|-end|p1b: Iron Hands|Quark Drive|[silent]\n|switch|p1b: Sinistcha|Sinistcha-Masterpiece, L50|100\/100\n|move|p1a: Heatran|Protect|p1a: Heatran\n|-singleturn|p1a: Heatran|Protect\n|move|p2b: Ursaluna|Protect|p2b: Ursaluna\n|-singleturn|p2b: Ursaluna|Protect\n|move|p2a: Iron Hands|Fake Out|p1a: Heatran\n|-activate|p1a: Heatran|move: Protect\n|\n|-status|p2b: Ursaluna|brn|[from] item: Flame Orb\n|upkeep\n|turn|2\n|inactive|Dorillo has 30 seconds left.\n|inactive|legodjp has 30 seconds left.\n|inactive|Dorillo has 20 seconds left.\n|\n|t:|1699930742\n|move|p1b: Sinistcha|Rage Powder|p1b: Sinistcha\n|-singleturn|p1b: Sinistcha|move: Rage Powder\n|move|p1a: Heatran|Earth Power|p2a: Iron Hands\n|-supereffective|p2a: Iron Hands\n|-damage|p2a: Iron Hands|70\/100\n|move|p2a: Iron Hands|Drain Punch|p1b: Sinistcha\n|-immune|p1b: Sinistcha\n|move|p2b: Ursaluna|Headlong Rush|p1b: Sinistcha\n|-resisted|p1b: Sinistcha\n|-damage|p1b: Sinistcha|62\/100\n|-unboost|p2b: Ursaluna|def|1\n|-unboost|p2b: Ursaluna|spd|1\n|-damage|p2b: Ursaluna|84\/100 brn|[from] item: Rocky Helmet|[of] p1b: Sinistcha\n|\n|-damage|p2b: Ursaluna|78\/100 brn|[from] brn\n|upkeep\n|turn|3\n|inactive|Dorillo has 30 seconds left.\n|\n|t:|1699930770\n|switch|p2b: Sinistcha|Sinistcha-Masterpiece, L50|100\/100\n|-heal|p2a: Iron Hands|95\/100|[from] ability: Hospitality|[of] p2b: Sinistcha\n|move|p1a: Heatran|Protect|p1a: Heatran\n|-singleturn|p1a: Heatran|Protect\n|move|p2a: Iron Hands|Heavy Slam|p1b: Sinistcha\n|-damage|p1b: Sinistcha|31\/100\n|-damage|p2a: Iron Hands|79\/100|[from] item: Rocky Helmet|[of] p1b: Sinistcha\n|move|p1b: Sinistcha|Matcha Gotcha|p2b: Sinistcha|[spread] p2b\n|-miss|p1b: Sinistcha|p2a: Iron Hands\n|-resisted|p2b: Sinistcha\n|-crit|p2b: Sinistcha\n|-damage|p2b: Sinistcha|82\/100\n|-heal|p1b: Sinistcha|41\/100|[from] drain|[of] p2b: Sinistcha\n|\n|upkeep\n|turn|4\n|\n|t:|1699930795\n|-terastallize|p2b: Sinistcha|Dragon\n|move|p1a: Heatran|Heat Wave|p2b: Sinistcha|[spread] p2a,p2b\n|-resisted|p2b: Sinistcha\n|-damage|p2a: Iron Hands|57\/100\n|-damage|p2b: Sinistcha|62\/100\n|-status|p2b: Sinistcha|brn\n|move|p2b: Sinistcha|Shadow Ball|p1b: Sinistcha\n|-supereffective|p1b: Sinistcha\n|-damage|p1b: Sinistcha|0 fnt\n|faint|p1b: Sinistcha\n|move|p2a: Iron Hands|Drain Punch|p1a: Heatran\n|-supereffective|p1a: Heatran\n|-damage|p1a: Heatran|24\/100\n|-heal|p2a: Iron Hands|88\/100|[from] drain|[of] p1a: Heatran\n|-enditem|p1a: Heatran|Air Balloon\n|\n|-damage|p2b: Sinistcha|57\/100 brn|[from] brn\n|upkeep\n|\n|t:|1699930817\n|switch|p1b: Ursaluna|Ursaluna, L50, F|100\/100\n|turn|5\n|\n|t:|1699930836\n|-terastallize|p1b: Ursaluna|Fairy\n|move|p1a: Heatran|Protect|p1a: Heatran\n|-singleturn|p1a: Heatran|Protect\n|move|p2b: Sinistcha|Strength Sap|p1b: Ursaluna\n|-unboost|p1b: Ursaluna|atk|1\n|-heal|p2b: Sinistcha|100\/100 brn\n|move|p2a: Iron Hands|Drain Punch|p1a: Heatran\n|-activate|p1a: Heatran|move: Protect\n|move|p1b: Ursaluna|Play Rough|p2b: Sinistcha\n|-supereffective|p2b: Sinistcha\n|-damage|p2b: Sinistcha|42\/100 brn\n|-damage|p1b: Ursaluna|84\/100|[from] item: Rocky Helmet|[of] p2b: Sinistcha\n|\n|-damage|p2b: Sinistcha|36\/100 brn|[from] brn\n|-status|p1b: Ursaluna|brn|[from] item: Flame Orb\n|upkeep\n|turn|6\n|\n|t:|1699930857\n|switch|p1a: Iron Hands|Iron Hands, L50|100\/100\n|move|p1b: Ursaluna|Protect|p1b: Ursaluna\n|-singleturn|p1b: Ursaluna|Protect\n|move|p2b: Sinistcha|Strength Sap|p1b: Ursaluna\n|-activate|p1b: Ursaluna|move: Protect\n|move|p2a: Iron Hands|Drain Punch|p1a: Iron Hands\n|-crit|p1a: Iron Hands\n|-damage|p1a: Iron Hands|56\/100\n|-heal|p2a: Iron Hands|100\/100|[from] drain|[of] p1a: Iron Hands\n|\n|-damage|p2b: Sinistcha|31\/100 brn|[from] brn\n|-damage|p1b: Ursaluna|78\/100 brn|[from] brn\n|upkeep\n|turn|7\n|inactive|Dorillo has 30 seconds left.\n|inactive|Dorillo has 20 seconds left.\n|inactive|Dorillo has 15 seconds left.\n|\n|t:|1699930899\n|move|p1a: Iron Hands|Fake Out|p2b: Sinistcha\n|-damage|p2b: Sinistcha|16\/100 brn\n|-damage|p1a: Iron Hands|39\/100|[from] item: Rocky Helmet|[of] p2b: Sinistcha\n|cant|p2b: Sinistcha|flinch\n|move|p2a: Iron Hands|Heavy Slam|p1b: Ursaluna\n|-supereffective|p1b: Ursaluna\n|-damage|p1b: Ursaluna|57\/100 brn\n|move|p1b: Ursaluna|Headlong Rush|p2a: Iron Hands\n|-supereffective|p2a: Iron Hands\n|-damage|p2a: Iron Hands|10\/100\n|-unboost|p1b: Ursaluna|def|1\n|-unboost|p1b: Ursaluna|spd|1\n|\n|-damage|p2b: Sinistcha|11\/100 brn|[from] brn\n|-damage|p1b: Ursaluna|52\/100 brn|[from] brn\n|upkeep\n|turn|8\n|\n|t:|1699930921\n|move|p1b: Ursaluna|Protect|p1b: Ursaluna\n|-singleturn|p1b: Ursaluna|Protect\n|move|p2b: Sinistcha|Strength Sap|p1b: Ursaluna\n|-activate|p1b: Ursaluna|move: Protect\n|move|p2a: Iron Hands|Drain Punch|p1a: Iron Hands\n|-damage|p1a: Iron Hands|6\/100\n|-heal|p2a: Iron Hands|26\/100|[from] drain|[of] p1a: Iron Hands\n|move|p1a: Iron Hands|Drain Punch|p2a: Iron Hands\n|-damage|p2a: Iron Hands|0 fnt\n|-heal|p1a: Iron Hands|20\/100|[from] drain|[of] p2a: Iron Hands\n|faint|p2a: Iron Hands\n|-end|p2a: Iron Hands|Quark Drive|[silent]\n|\n|-damage|p2b: Sinistcha|5\/100 brn|[from] brn\n|-damage|p1b: Ursaluna|46\/100 brn|[from] brn\n|upkeep\n|\n|t:|1699930935\n|switch|p2a: Ursaluna|Ursaluna, L50, F|78\/100 brn\n|turn|9\n|\n|t:|1699930951\n|move|p2b: Sinistcha|Rage Powder|p2b: Sinistcha\n|-singleturn|p2b: Sinistcha|move: Rage Powder\n|move|p1b: Ursaluna|Facade|p2b: Sinistcha\n|-damage|p2b: Sinistcha|0 fnt\n|-damage|p1b: Ursaluna|29\/100 brn|[from] item: Rocky Helmet|[of] p2b: Sinistcha\n|faint|p2b: Sinistcha\n|move|p1a: Iron Hands|Drain Punch|p2a: Ursaluna\n|-supereffective|p2a: Ursaluna\n|-damage|p2a: Ursaluna|15\/100 brn\n|-heal|p1a: Iron Hands|52\/100|[from] drain|[of] p2a: Ursaluna\n|move|p2a: Ursaluna|Facade|p1a: Iron Hands\n|-damage|p1a: Iron Hands|0 fnt\n|faint|p1a: Iron Hands\n|-end|p1a: Iron Hands|Quark Drive|[silent]\n|\n|-damage|p1b: Ursaluna|23\/100 brn|[from] brn\n|-damage|p2a: Ursaluna|9\/100 brn|[from] brn\n|upkeep\n|\n|t:|1699930966\n|switch|p2b: Hephaestus|Heatran, L50, M|100\/100\n|switch|p1a: Heatran|Heatran, L50, M|24\/100\n|turn|10\n|\n|t:|1699930981\n|move|p1a: Heatran|Protect|p1a: Heatran\n|-singleturn|p1a: Heatran|Protect\n|move|p1b: Ursaluna|Protect|p1b: Ursaluna\n|-singleturn|p1b: Ursaluna|Protect\n|move|p2b: Hephaestus|Earth Power|p1a: Heatran\n|-activate|p1a: Heatran|move: Protect\n|move|p2a: Ursaluna|Facade|p1b: Ursaluna\n|-activate|p1b: Ursaluna|move: Protect\n|\n|-damage|p1b: Ursaluna|18\/100 brn|[from] brn\n|-damage|p2a: Ursaluna|3\/100 brn|[from] brn\n|upkeep\n|turn|11\n|\n|t:|1699930997\n|move|p1a: Heatran|Earth Power|p2b: Hephaestus\n|-supereffective|p2b: Hephaestus\n|-damage|p2b: Hephaestus|0 fnt\n|faint|p2b: Hephaestus\n|move|p1b: Ursaluna|Headlong Rush|p2a: Ursaluna\n|-damage|p2a: Ursaluna|0 fnt\n|-unboost|p1b: Ursaluna|def|1\n|-unboost|p1b: Ursaluna|spd|1\n|faint|p2a: Ursaluna\n|\n|win|legodjp\n|raw|legodjp's rating: 1302 &rarr; <strong>1325<\/strong><br \/>(+23 for winning)\n|raw|Dorillo's rating: 1351 &rarr; <strong>1328<\/strong><br \/>(-23 for losing)\n|l|\u2606Dorillo\n","uploadtime":1699931166,"views":11,"p1id":"legodjp","p2id":"dorillo","formatid":"gen9vgc2023regulatione","rating":1325,"private":0,"password":""}