{"id":"gen9vgc2023regulatione-1994305125","p1":"Frost0627","p2":"jakewwwwwww","format":"[Gen 9] VGC 2023 Regulation E","log":"|j|\u2606Frost0627\n|j|\u2606jakewwwwwww\n|t:|1700429135\n|gametype|doubles\n|player|p1|Frost0627|1|\n|player|p2|jakewwwwwww|169|\n|teamsize|p1|6\n|teamsize|p2|6\n|gen|9\n|tier|[Gen 9] VGC 2023 Regulation E\n|rule|Species Clause: Limit one of each Pok\u00e9mon\n|rule|Item Clause: Limit one of each item\n|clearpoke\n|poke|p1|Fezandipiti, L50, M|\n|poke|p1|Ogerpon-Hearthflame, L50, F|\n|poke|p1|Samurott-Hisui, L50, M|\n|poke|p1|Sylveon, L50, F|\n|poke|p1|Kilowattrel, L50, M|\n|poke|p1|Goodra-Hisui, L50, F|\n|poke|p2|Chien-Pao, L50|\n|poke|p2|Flutter Mane, L50|\n|poke|p2|Dragonite, L50, F|\n|poke|p2|Heatran, L50, F|\n|poke|p2|Hariyama, L50, F|\n|poke|p2|Landorus, L50, M|\n|teampreview|4\n|\n|t:|1700429212\n|start\n|switch|p1a: Lord Shen|Fezandipiti, L50, M|100\/100\n|switch|p1b: Ogerpon|Ogerpon-Hearthflame, L50, F|100\/100\n|switch|p2a: Flutter Mane|Flutter Mane, L50|100\/100\n|switch|p2b: Hariyama|Hariyama, L50, F|100\/100\n|-ability|p1b: Ogerpon|Mold Breaker\n|-enditem|p2a: Flutter Mane|Booster Energy\n|-activate|p2a: Flutter Mane|ability: Protosynthesis|[fromitem]\n|-start|p2a: Flutter Mane|protosynthesisspa\n|turn|1\n|\n|t:|1700429247\n|move|p2b: Hariyama|Fake Out|p1b: Ogerpon\n|-damage|p1b: Ogerpon|87\/100\n|move|p2a: Flutter Mane|Shadow Ball|p1a: Lord Shen\n|-damage|p1a: Lord Shen|57\/100\n|move|p1a: Lord Shen|Icy Wind|p2a: Flutter Mane|[spread] p2b\n|-miss|p1a: Lord Shen|p2a: Flutter Mane\n|-damage|p2b: Hariyama|92\/100\n|-unboost|p2b: Hariyama|spe|1\n|-status|p2b: Hariyama|tox|[from] ability: Toxic Chain|[of] p1a: Lord Shen\n|cant|p1b: Ogerpon|flinch\n|\n|-damage|p2b: Hariyama|86\/100 tox|[from] psn\n|upkeep\n|turn|2\n|\n|t:|1700429284\n|-terastallize|p2b: Hariyama|Steel\n|move|p2b: Hariyama|Bullet Punch|p1a: Lord Shen\n|-supereffective|p1a: Lord Shen\n|-damage|p1a: Lord Shen|0 fnt\n|faint|p1a: Lord Shen\n|move|p2a: Flutter Mane|Shadow Ball|p1b: Ogerpon\n|-damage|p1b: Ogerpon|42\/100\n|move|p1b: Ogerpon|Ivy Cudgel|p2a: Flutter Mane|[anim] Ivy Cudgel Fire\n|-damage|p2a: Flutter Mane|28\/100\n|\n|-damage|p2b: Hariyama|74\/100 tox|[from] psn\n|upkeep\n|\n|t:|1700429298\n|switch|p1a: Sylveon|Sylveon, L50, F|100\/100\n|turn|3\n|\n|t:|1700429309\n|-terastallize|p1a: Sylveon|Normal\n|move|p2b: Hariyama|Bullet Punch|p1a: Sylveon\n|-crit|p1a: Sylveon\n|-damage|p1a: Sylveon|59\/100\n|move|p2a: Flutter Mane|Shadow Ball|p1b: Ogerpon\n|-damage|p1b: Ogerpon|0 fnt\n|faint|p1b: Ogerpon\n|move|p1a: Sylveon|Calm Mind|p1a: Sylveon\n|-boost|p1a: Sylveon|spa|1\n|-boost|p1a: Sylveon|spd|1\n|\n|-damage|p2b: Hariyama|56\/100 tox|[from] psn\n|upkeep\n|\n|t:|1700429342\n|switch|p1b: Samurott|Samurott-Hisui, L50, M|100\/100\n|turn|4\n|\n|t:|1700429357\n|move|p1b: Samurott|Protect|p1b: Samurott\n|-singleturn|p1b: Samurott|Protect\n|move|p2a: Flutter Mane|Moonblast|p1b: Samurott\n|-activate|p1b: Samurott|move: Protect\n|move|p1a: Sylveon|Hyper Voice|p2a: Flutter Mane|[spread] p2a,p2b\n|-resisted|p2b: Hariyama\n|-damage|p2a: Flutter Mane|0 fnt\n|-damage|p2b: Hariyama|31\/100 tox\n|faint|p2a: Flutter Mane\n|-end|p2a: Flutter Mane|Protosynthesis|[silent]\n|-enditem|p1a: Sylveon|Throat Spray\n|-boost|p1a: Sylveon|spa|1|[from] item: Throat Spray\n|move|p2b: Hariyama|Drain Punch|p1a: Sylveon\n|-supereffective|p1a: Sylveon\n|-damage|p1a: Sylveon|0 fnt\n|-heal|p2b: Hariyama|55\/100 tox|[from] drain|[of] p1a: Sylveon\n|faint|p1a: Sylveon\n|\n|-damage|p2b: Hariyama|31\/100 tox|[from] psn\n|upkeep\n|\n|t:|1700429389\n|switch|p2a: Dragonite|Dragonite, L50, F|100\/100\n|turn|5\n|\n|t:|1700429427\n|move|p1b: Samurott|Protect||[still]\n|-fail|p1b: Samurott\n|move|p2a: Dragonite|Outrage|p1b: Samurott\n|-enditem|p1b: Samurott|Focus Sash\n|-damage|p1b: Samurott|1\/100\n|move|p2b: Hariyama|Drain Punch|p1b: Samurott\n|-supereffective|p1b: Samurott\n|-damage|p1b: Samurott|0 fnt\n|-heal|p2b: Hariyama|31\/100 tox|[from] drain|[of] p1b: Samurott\n|faint|p1b: Samurott\n|\n|win|jakewwwwwww\n|c|\u2606jakewwwwwww|GG\n","uploadtime":1700429447,"views":25,"p1id":"frost0627","p2id":"jakewwwwwww","formatid":"gen9vgc2023regulatione","rating":0,"private":0,"password":""}