{"id":"gen9vgc2023regulatione-1996830650","p1":"Bugsileus","p2":"joeofthengi","format":"[Gen 9] VGC 2023 Regulation E","log":"|j|\u2606Bugsileus\n|j|\u2606joeofthengi\n|t:|1700732233\n|gametype|doubles\n|player|p1|Bugsileus|bugsy|1145\n|player|p2|joeofthengi|clay|1161\n|teamsize|p1|6\n|teamsize|p2|6\n|gen|9\n|tier|[Gen 9] VGC 2023 Regulation E\n|rated|\n|rule|Species Clause: Limit one of each Pok\u00e9mon\n|rule|Item Clause: Limit one of each item\n|clearpoke\n|poke|p1|Dedenne, L50, M|\n|poke|p1|Toxtricity, L50, F|\n|poke|p1|Typhlosion-Hisui, L50, F|\n|poke|p1|Tornadus, L50, M|\n|poke|p1|Brambleghast, L50, F|\n|poke|p1|Ursaluna-Bloodmoon, L50, M|\n|poke|p2|Chi-Yu, L50|\n|poke|p2|Tornadus, L50, M|\n|poke|p2|Flutter Mane, L50|\n|poke|p2|Urshifu-*, L50, M|\n|poke|p2|Arcanine-Hisui, L50, F|\n|poke|p2|Ogerpon-Hearthflame, L50, F|\n|teampreview|4\nBugsileus rejected open team sheets.\n|inactive|Battle timer is ON: inactive players will automatically lose when time's up. (requested by joeofthengi)\n|\n|t:|1700732260\n|start\n|switch|p1a: Dedenne|Dedenne, L50, M|100\/100\n|switch|p1b: Toxtricity|Toxtricity, L50, F|100\/100\n|switch|p2a: Urshifu|Urshifu, L50, M|100\/100\n|switch|p2b: Tornadus|Tornadus, L50, M|100\/100\n|turn|1\n|\n|t:|1700732283\n|switch|p2a: Flutter Mane|Flutter Mane, L50|100\/100\n|move|p2b: Tornadus|Sunny Day|p2b: Tornadus\n|-weather|SunnyDay\n|-activate|p2a: Flutter Mane|ability: Protosynthesis\n|-start|p2a: Flutter Mane|protosynthesisspa\n|move|p1a: Dedenne|Nuzzle|p2a: Flutter Mane\n|-damage|p2a: Flutter Mane|94\/100\n|-status|p2a: Flutter Mane|par\n|move|p1b: Toxtricity|Volt Switch|p2b: Tornadus\n|-supereffective|p2b: Tornadus\n|-damage|p2b: Tornadus|0 fnt\n|faint|p2b: Tornadus\n|-damage|p1b: Toxtricity|91\/100|[from] item: Life Orb\n|\n|t:|1700732304\n|switch|p1b: Tornadus|Tornadus, L50, M|100\/100|[from] Volt Switch\n|\n|-weather|SunnyDay|[upkeep]\n|upkeep\n|\n|t:|1700732310\n|switch|p2b: Chi-Yu|Chi-Yu, L50|100\/100\n|-ability|p2b: Chi-Yu|Beads of Ruin\n|turn|2\n|\n|t:|1700732321\n|-terastallize|p2a: Flutter Mane|Fairy\n|move|p1b: Tornadus|Tailwind|p1b: Tornadus\n|-sidestart|p1: Bugsileus|move: Tailwind\n|move|p1a: Dedenne|Nuzzle|p2b: Chi-Yu\n|-damage|p2b: Chi-Yu|95\/100\n|-status|p2b: Chi-Yu|par\n|move|p2a: Flutter Mane|Dazzling Gleam|p1a: Dedenne|[spread] p1a,p1b\n|-damage|p1a: Dedenne|0 fnt\n|-damage|p1b: Tornadus|9\/100\n|faint|p1a: Dedenne\n|move|p2b: Chi-Yu|Flamethrower|p1b: Tornadus\n|-damage|p1b: Tornadus|0 fnt\n|faint|p1b: Tornadus\n|-damage|p2b: Chi-Yu|86\/100 par|[from] item: Life Orb\n|\n|-weather|SunnyDay|[upkeep]\n|upkeep\n|\n|t:|1700732336\n|switch|p1a: Typhlosion|Typhlosion-Hisui, L50, F|100\/100\n|switch|p1b: Toxtricity|Toxtricity, L50, F|91\/100\n|-item|p2a: Flutter Mane|Pixie Plate|[from] ability: Frisk|[of] p1a: Typhlosion|[identify]\n|-item|p2b: Chi-Yu|Life Orb|[from] ability: Frisk|[of] p1a: Typhlosion|[identify]\n|turn|3\n|\n|t:|1700732353\n|-terastallize|p1a: Typhlosion|Fire\n|move|p2a: Flutter Mane|Protect|p2a: Flutter Mane\n|-singleturn|p2a: Flutter Mane|Protect\n|move|p1a: Typhlosion|Eruption|p2b: Chi-Yu|[spread] p2b\n|-activate|p2a: Flutter Mane|move: Protect\n|-resisted|p2b: Chi-Yu\n|-damage|p2b: Chi-Yu|1\/100 par\n|move|p1b: Toxtricity|Thunderbolt|p2b: Chi-Yu\n|-damage|p2b: Chi-Yu|0 fnt\n|faint|p2b: Chi-Yu\n|-damage|p1b: Toxtricity|81\/100|[from] item: Life Orb\n|\n|-weather|SunnyDay|[upkeep]\n|upkeep\n|\n|t:|1700732362\n|switch|p2b: Urshifu|Urshifu, L50, M|100\/100\n|turn|4\n|inactive|Bugsileus has 30 seconds left.\n|\n|t:|1700732393\n|move|p2b: Urshifu|Sucker Punch||[still]\n|-fail|p2b: Urshifu\n|move|p1a: Typhlosion|Substitute|p1a: Typhlosion\n|-start|p1a: Typhlosion|Substitute\n|-damage|p1a: Typhlosion|76\/100\n|move|p1b: Toxtricity|Sludge Bomb|p2a: Flutter Mane\n|-supereffective|p2a: Flutter Mane\n|-damage|p2a: Flutter Mane|0 fnt\n|faint|p2a: Flutter Mane\n|-end|p2a: Flutter Mane|Protosynthesis|[silent]\n|-damage|p1b: Toxtricity|71\/100|[from] item: Life Orb\n|\n|-weather|SunnyDay|[upkeep]\n|upkeep\n|turn|5\n|-message|joeofthengi forfeited.\n|\n|win|Bugsileus\n|raw|Bugsileus's rating: 1145 &rarr; <strong>1171<\/strong><br \/>(+26 for winning)\n|raw|joeofthengi's rating: 1161 &rarr; <strong>1135<\/strong><br \/>(-26 for losing)\n","uploadtime":1700732406,"views":3,"p1id":"bugsileus","p2id":"joeofthengi","formatid":"gen9vgc2023regulatione","rating":1135,"private":0,"password":""}