{"id":"gen9vgc2023regulatione-1992409135","p1":"testguyyy","p2":"MoggyOh","format":"[Gen 9] VGC 2023 Regulation E","log":"|j|\u2606testguyyy\n|j|\u2606MoggyOh\n|t:|1700184191\n|gametype|doubles\n|player|p1|testguyyy|169|1388\n|player|p2|MoggyOh|lucas|1406\n|teamsize|p1|6\n|teamsize|p2|6\n|gen|9\n|tier|[Gen 9] VGC 2023 Regulation E\n|rated|\n|rule|Species Clause: Limit one of each Pok\u00e9mon\n|rule|Item Clause: Limit one of each item\n|clearpoke\n|poke|p1|Goodra-Hisui, L50, F|\n|poke|p1|Landorus-Therian, L50, M|\n|poke|p1|Urshifu-*, L50, M|\n|poke|p1|Tornadus, L50, M|\n|poke|p1|Amoonguss, L50, F|\n|poke|p1|Flutter Mane, L50|\n|poke|p2|Rillaboom, L50, M|\n|poke|p2|Heatran, L50, M|\n|poke|p2|Chien-Pao, L50|\n|poke|p2|Landorus-Therian, L50, M|\n|poke|p2|Milotic, L50, F|\n|poke|p2|Farigiraf, L50, F|\n|teampreview|4\n|inactive|Battle timer is ON: inactive players will automatically lose when time's up. (requested by testguyyy)\n|\n|t:|1700184259\n|start\n|switch|p1a: Landorus|Landorus-Therian, L50, M|100\/100\n|switch|p1b: Tornadus|Tornadus, L50, M|100\/100\n|switch|p2a: Giroro|Heatran, L50, M, shiny|100\/100\n|switch|p2b: Gholdenfield|Landorus-Therian, L50, M, shiny|100\/100\n|-ability|p2b: Gholdenfield|Intimidate|boost\n|-unboost|p1a: Landorus|atk|1\n|-unboost|p1b: Tornadus|atk|1\n|-ability|p1a: Landorus|Intimidate|boost\n|-unboost|p2a: Giroro|atk|1\n|-unboost|p2b: Gholdenfield|atk|1\n|turn|1\n|inactive|testguyyy has 30 seconds left.\n|\n|t:|1700184288\n|-terastallize|p2a: Giroro|Fairy\n|move|p1b: Tornadus|Tailwind|p1b: Tornadus\n|-sidestart|p1: testguyyy|move: Tailwind\n|move|p1a: Landorus|Rock Slide|p2a: Giroro|[spread] p2a,p2b\n|-damage|p2a: Giroro|88\/100\n|-damage|p2b: Gholdenfield|84\/100\n|move|p2b: Gholdenfield|Rock Slide|p1b: Tornadus|[spread] p1a,p1b\n|-supereffective|p1b: Tornadus\n|-damage|p1a: Landorus|84\/100\n|-damage|p1b: Tornadus|76\/100\n|move|p2a: Giroro|Heat Wave|p1b: Tornadus|[spread] p1a,p1b\n|-damage|p1a: Landorus|30\/100\n|-damage|p1b: Tornadus|29\/100\n|-status|p1b: Tornadus|brn\n|-enditem|p1b: Tornadus|Sitrus Berry|[eat]\n|-heal|p1b: Tornadus|54\/100 brn|[from] item: Sitrus Berry\n|\n|-damage|p1b: Tornadus|48\/100 brn|[from] brn\n|upkeep\n|turn|2\n|\n|t:|1700184309\n|move|p1b: Tornadus|Rain Dance|p1b: Tornadus\n|-weather|RainDance\n|move|p1a: Landorus|Rock Slide|p2b: Gholdenfield|[spread] p2a,p2b\n|-crit|p2b: Gholdenfield\n|-damage|p2a: Giroro|76\/100\n|-damage|p2b: Gholdenfield|49\/100\n|cant|p2b: Gholdenfield|flinch\n|move|p2a: Giroro|Heat Wave|p1a: Landorus|[spread] p1a,p1b\n|-damage|p1a: Landorus|4\/100\n|-damage|p1b: Tornadus|24\/100 brn\n|\n|-weather|RainDance|[upkeep]\n|-damage|p1b: Tornadus|18\/100 brn|[from] brn\n|upkeep\n|turn|3\n|\n|t:|1700184329\n|switch|p2b: Uma Delicia|Rillaboom, L50, M, shiny|100\/100\n|-fieldstart|move: Grassy Terrain|[from] ability: Grassy Surge|[of] p2b: Uma Delicia\n|move|p1a: Landorus|Rock Slide|p2a: Giroro|[spread] p2b\n|-miss|p1a: Landorus|p2a: Giroro\n|-damage|p2b: Uma Delicia|87\/100\n|move|p1b: Tornadus|Bleakwind Storm|p2a: Giroro|[spread] p2a,p2b\n|-supereffective|p2b: Uma Delicia\n|-damage|p2a: Giroro|56\/100\n|-damage|p2b: Uma Delicia|6\/100\n|move|p2a: Giroro|Tera Blast|p1a: Landorus|[anim] Tera Blast Fairy\n|-damage|p1a: Landorus|0 fnt\n|faint|p1a: Landorus\n|\n|-weather|RainDance|[upkeep]\n|-heal|p2b: Uma Delicia|12\/100|[from] Grassy Terrain\n|-heal|p2a: Giroro|62\/100|[from] Grassy Terrain\n|-damage|p1b: Tornadus|12\/100 brn|[from] brn\n|upkeep\n|\n|t:|1700184344\n|switch|p1a: Urshifu|Urshifu-Rapid-Strike, L50, M|100\/100\n|turn|4\n|\n|t:|1700184363\n|-terastallize|p1a: Urshifu|Water\n|move|p2b: Uma Delicia|Grassy Glide|p1a: Urshifu\n|-supereffective|p1a: Urshifu\n|-damage|p1a: Urshifu|1\/100\n|move|p1a: Urshifu|Surging Strikes|p2a: Giroro\n|-crit|p2a: Giroro\n|-damage|p2a: Giroro|16\/100\n|-crit|p2a: Giroro\n|-damage|p2a: Giroro|0 fnt\n|faint|p2a: Giroro\n|-hitcount|p2: Giroro|2\n|move|p1b: Tornadus|Bleakwind Storm|p2b: Uma Delicia\n|-supereffective|p2b: Uma Delicia\n|-damage|p2b: Uma Delicia|0 fnt\n|faint|p2b: Uma Delicia\n|\n|-weather|RainDance|[upkeep]\n|-heal|p1a: Urshifu|7\/100|[from] Grassy Terrain\n|-damage|p1b: Tornadus|6\/100 brn|[from] brn\n|-sideend|p1: testguyyy|move: Tailwind\n|upkeep\n|\n|t:|1700184385\n|switch|p2b: Chien-POPcat|Chien-Pao, L50|100\/100\n|switch|p2a: Gholdenfield|Landorus-Therian, L50, M, shiny|49\/100\n|-ability|p2a: Gholdenfield|Intimidate|boost\n|-unboost|p1a: Urshifu|atk|1\n|-unboost|p1b: Tornadus|atk|1\n|-ability|p2b: Chien-POPcat|Sword of Ruin\n|turn|5\n|\n|t:|1700184404\n|move|p1a: Urshifu|Aqua Jet|p2a: Gholdenfield\n|-supereffective|p2a: Gholdenfield\n|-damage|p2a: Gholdenfield|0 fnt\n|faint|p2a: Gholdenfield\n|move|p2b: Chien-POPcat|Sacred Sword|p1a: Urshifu\n|-damage|p1a: Urshifu|0 fnt\n|faint|p1a: Urshifu\n|move|p1b: Tornadus|Bleakwind Storm|p2b: Chien-POPcat\n|-damage|p2b: Chien-POPcat|27\/100\n|\n|-weather|RainDance|[upkeep]\n|-heal|p2b: Chien-POPcat|33\/100|[from] Grassy Terrain\n|-damage|p1b: Tornadus|0 fnt|[from] brn\n|faint|p1b: Tornadus\n|upkeep\n|\n|t:|1700184419\n|switch|p1b: Goodra|Goodra-Hisui, L50, F|100\/100\n|turn|6\n|\n|t:|1700184430\n|move|p2b: Chien-POPcat|Sacred Sword|p1b: Goodra\n|-supereffective|p1b: Goodra\n|-damage|p1b: Goodra|37\/100\n|move|p1b: Goodra|Flash Cannon|p2b: Chien-POPcat\n|-supereffective|p2b: Chien-POPcat\n|-damage|p2b: Chien-POPcat|0 fnt\n|faint|p2b: Chien-POPcat\n|\n|win|testguyyy\n|raw|testguyyy's rating: 1388 &rarr; <strong>1409<\/strong><br \/>(+21 for winning)\n|raw|MoggyOh's rating: 1406 &rarr; <strong>1385<\/strong><br \/>(-21 for losing)\n","uploadtime":1700184442,"views":13,"p1id":"testguyyy","p2id":"moggyoh","formatid":"gen9vgc2023regulatione","rating":1385,"private":0,"password":""}