{"id":"gen9vgc2023regulatione-1995233291","p1":"Dr Scoob","p2":"HeffNastyy","format":"[Gen 9] VGC 2023 Regulation E","log":"|j|\u2606Dr Scoob\n|j|\u2606HeffNastyy\n|t:|1700537840\n|gametype|doubles\n|player|p1|Dr Scoob|266|1424\n|player|p2|HeffNastyy|lance|1492\n|teamsize|p1|6\n|teamsize|p2|6\n|gen|9\n|tier|[Gen 9] VGC 2023 Regulation E\n|rated|\n|rule|Species Clause: Limit one of each Pok\u00e9mon\n|rule|Item Clause: Limit one of each item\n|clearpoke\n|poke|p1|Tornadus, L50, M|\n|poke|p1|Flutter Mane, L50|\n|poke|p1|Ogerpon-Wellspring, L50, F|\n|poke|p1|Annihilape, L50, M|\n|poke|p1|Amoonguss, L50, M|\n|poke|p1|Iron Hands, L50|\n|poke|p2|Tornadus, L50, M|\n|poke|p2|Arcanine-Hisui, L50, F|\n|poke|p2|Gholdengo, L50|\n|poke|p2|Urshifu-*, L50, M|\n|poke|p2|Rillaboom, L50, M|\n|poke|p2|Zapdos, L50|\n|teampreview|4\nHeffNastyy has agreed to open team sheets.\n|\n|t:|1700537910\n|start\n|switch|p1a: Robo Cop|Iron Hands, L50|100\/100\n|switch|p1b: Monkey Business|Annihilape, L50, M|100\/100\n|switch|p2a: Tornadus|Tornadus, L50, M|100\/100\n|switch|p2b: Gholdengo|Gholdengo, L50|100\/100\n|turn|1\n|\n|t:|1700537953\n|-terastallize|p2b: Gholdengo|Dragon\n|-terastallize|p1b: Monkey Business|Fire\n|move|p2a: Tornadus|Tailwind|p2a: Tornadus\n|-sidestart|p2: HeffNastyy|move: Tailwind\n|move|p2b: Gholdengo|Nasty Plot|p2b: Gholdengo\n|-boost|p2b: Gholdengo|spa|2\n|move|p1b: Monkey Business|Rage Fist|p2b: Gholdengo\n|-damage|p2b: Gholdengo|79\/100\n|move|p1a: Robo Cop|Wild Charge|p2a: Tornadus\n|-supereffective|p2a: Tornadus\n|-damage|p2a: Tornadus|0 fnt\n|faint|p2a: Tornadus\n|-damage|p1a: Robo Cop|81\/100|[from] Recoil\n|\n|upkeep\n|\n|t:|1700537981\n|switch|p2a: Arcanine|Arcanine-Hisui, L50, F|100\/100\n|-ability|p2a: Arcanine|Intimidate|boost\n|-unboost|p1a: Robo Cop|atk|1\n|-unboost|p1b: Monkey Business|atk|1\n|-ability|p1b: Monkey Business|Defiant|boost\n|-boost|p1b: Monkey Business|atk|2\n|turn|2\n|\n|t:|1700537995\n|move|p2b: Gholdengo|Make It Rain|p1a: Robo Cop|[spread] p1a,p1b\n|-resisted|p1a: Robo Cop\n|-resisted|p1b: Monkey Business\n|-damage|p1a: Robo Cop|53\/100\n|-damage|p1b: Monkey Business|50\/100\n|-unboost|p2b: Gholdengo|spa|1\n|-damage|p2b: Gholdengo|70\/100|[from] item: Life Orb\n|move|p2a: Arcanine|Head Smash|p1b: Monkey Business\n|-supereffective|p1b: Monkey Business\n|-damage|p1b: Monkey Business|0 fnt\n|faint|p1b: Monkey Business\n|-damage|p2a: Arcanine|73\/100|[from] Recoil\n|move|p1a: Robo Cop|Drain Punch|p2b: Gholdengo\n|-damage|p2b: Gholdengo|42\/100\n|-heal|p1a: Robo Cop|63\/100|[from] drain|[of] p2b: Gholdengo\n|\n|upkeep\n|\n|t:|1700538012\n|switch|p1b: Flutter Mane|Flutter Mane, L50|100\/100\n|-enditem|p1b: Flutter Mane|Booster Energy\n|-activate|p1b: Flutter Mane|ability: Protosynthesis|[fromitem]\n|-start|p1b: Flutter Mane|protosynthesisspe\n|turn|3\n|\n|t:|1700538025\n|move|p1b: Flutter Mane|Dazzling Gleam|p2b: Gholdengo|[spread] p2a,p2b\n|-resisted|p2a: Arcanine\n|-supereffective|p2b: Gholdengo\n|-damage|p2a: Arcanine|58\/100\n|-damage|p2b: Gholdengo|0 fnt\n|faint|p2b: Gholdengo\n|move|p2a: Arcanine|Head Smash|p1a: Robo Cop|[miss]\n|-miss|p2a: Arcanine|p1a: Robo Cop\n|move|p1a: Robo Cop|Drain Punch|p2a: Arcanine\n|-supereffective|p2a: Arcanine\n|-damage|p2a: Arcanine|0 fnt\n|-heal|p1a: Robo Cop|86\/100|[from] drain|[of] p2a: Arcanine\n|faint|p2a: Arcanine\n|\n|upkeep\n|\n|t:|1700538039\n|switch|p2b: Zapdos|Zapdos, L50|100\/100\n|turn|4\n|j| anton19\n|\n|t:|1700538048\n|move|p1b: Flutter Mane|Moonblast|p2b: Zapdos\n|-damage|p2b: Zapdos|60\/100\n|move|p2b: Zapdos|Hurricane|p1a: Robo Cop\n|-damage|p1a: Robo Cop|53\/100\n|-start|p1a: Robo Cop|confusion\n|-activate|p1a: Robo Cop|confusion\n|move|p1a: Robo Cop|Volt Switch|p2b: Zapdos\n|-damage|p2b: Zapdos|46\/100\n|\n|t:|1700538057\n|-end|p1a: Robo Cop|Quark Drive|[silent]\n|switch|p1a: Psilocybin|Amoonguss, L50, M|100\/100|[from] Volt Switch\n|\n|-sideend|p2: HeffNastyy|move: Tailwind\n|upkeep\n|turn|5\n|l| anton19\n|\n|t:|1700538071\n|move|p1b: Flutter Mane|Moonblast|p2b: Zapdos\n|-damage|p2b: Zapdos|0 fnt\n|faint|p2b: Zapdos\n|\n|win|Dr Scoob\n|raw|Dr Scoob's rating: 1424 &rarr; <strong>1448<\/strong><br \/>(+24 for winning)\n|raw|HeffNastyy's rating: 1492 &rarr; <strong>1468<\/strong><br \/>(-24 for losing)\n","uploadtime":1700538077,"views":5,"p1id":"drscoob","p2id":"heffnastyy","formatid":"gen9vgc2023regulatione","rating":1448,"private":0,"password":""}