{"id":"gen9vgc2023regulatione-1993463013","p1":"FantaColonna","p2":"tt11823","format":"[Gen 9] VGC 2023 Regulation E","log":"|j|\u2606FantaColonna\n|j|\u2606tt11823\n|t:|1700320945\n|gametype|doubles\n|player|p1|FantaColonna|266|1292\n|player|p2|tt11823|waiter-gen9|1223\n|teamsize|p1|6\n|teamsize|p2|6\n|gen|9\n|tier|[Gen 9] VGC 2023 Regulation E\n|rated|\n|rule|Species Clause: Limit one of each Pok\u00e9mon\n|rule|Item Clause: Limit one of each item\n|clearpoke\n|poke|p1|Baxcalibur, L50, M|\n|poke|p1|Iron Hands, L50|\n|poke|p1|Landorus-Therian, L50, M|\n|poke|p1|Flutter Mane, L50|\n|poke|p1|Sinistcha-Masterpiece, L50|\n|poke|p1|Heatran, L50, M|\n|poke|p2|Heatran, L50, M|\n|poke|p2|Iron Hands, L50|\n|poke|p2|Sinistcha, L50|\n|poke|p2|Goodra-Hisui, L50, F|\n|poke|p2|Urshifu-*, L50, M|\n|poke|p2|Tornadus, L50, M|\n|teampreview|4\n|\n|t:|1700320996\n|start\n|switch|p1a: Baxcalibur|Baxcalibur, L50, M, shiny|100\/100\n|switch|p1b: Landorus|Landorus-Therian, L50, M, shiny|100\/100\n|switch|p2a: Tornadus|Tornadus, L50, M|100\/100\n|switch|p2b: Goodra|Goodra-Hisui, L50, F|100\/100\n|-ability|p1b: Landorus|Intimidate|boost\n|-unboost|p2a: Tornadus|atk|1\n|-unboost|p2b: Goodra|atk|1\n|turn|1\n|inactive|Battle timer is ON: inactive players will automatically lose when time's up. (requested by FantaColonna)\n|\n|t:|1700321011\n|move|p1b: Landorus|Rock Slide|p2a: Tornadus|[spread] p2a,p2b\n|-supereffective|p2a: Tornadus\n|-resisted|p2b: Goodra\n|-damage|p2a: Tornadus|49\/100\n|-damage|p2b: Goodra|93\/100\n|move|p2a: Tornadus|Icy Wind|p1a: Baxcalibur|[spread] p1a,p1b\n|-supereffective|p1b: Landorus\n|-damage|p1a: Baxcalibur|88\/100\n|-damage|p1b: Landorus|30\/100\n|-unboost|p1a: Baxcalibur|spe|1\n|-unboost|p1b: Landorus|spe|1\n|move|p1a: Baxcalibur|Dragon Dance|p1a: Baxcalibur\n|-boost|p1a: Baxcalibur|atk|1\n|-boost|p1a: Baxcalibur|spe|1\n|cant|p2b: Goodra|flinch\n|\n|upkeep\n|turn|2\n|\n|t:|1700321029\n|switch|p1b: Iron Hands|Iron Hands, L50, shiny|100\/100\n|move|p2a: Tornadus|Protect|p2a: Tornadus\n|-singleturn|p2a: Tornadus|Protect\n|move|p1a: Baxcalibur|Ice Shard|p2a: Tornadus\n|-activate|p2a: Tornadus|move: Protect\n|move|p2b: Goodra|Shelter|p2b: Goodra\n|-boost|p2b: Goodra|def|2\n|\n|upkeep\n|turn|3\n|\n|t:|1700321043\n|switch|p2a: Iron Hands|Iron Hands, L50|100\/100\n|move|p1b: Iron Hands|Fake Out|p2b: Goodra\n|-resisted|p2b: Goodra\n|-damage|p2b: Goodra|90\/100\n|-damage|p1b: Iron Hands|84\/100|[from] item: Rocky Helmet|[of] p2b: Goodra\n|move|p1a: Baxcalibur|Ice Shard|p2a: Iron Hands\n|-damage|p2a: Iron Hands|74\/100\n|cant|p2b: Goodra|flinch\n|\n|upkeep\n|turn|4\n|\n|t:|1700321059\n|move|p2a: Iron Hands|Fake Out|p1b: Iron Hands\n|-damage|p1b: Iron Hands|74\/100\n|move|p1a: Baxcalibur|Icicle Spear|p2b: Goodra\n|-damage|p2b: Goodra|81\/100\n|-damage|p2b: Goodra|73\/100\n|-damage|p2b: Goodra|64\/100\n|-damage|p2b: Goodra|56\/100\n|-hitcount|p2b: Goodra|4\n|move|p2b: Goodra|Body Press|p1a: Baxcalibur\n|-supereffective|p1a: Baxcalibur\n|-damage|p1a: Baxcalibur|0 fnt\n|faint|p1a: Baxcalibur\n|cant|p1b: Iron Hands|flinch\n|\n|upkeep\n|\n|t:|1700321072\n|switch|p1a: Landorus|Landorus-Therian, L50, M, shiny|30\/100\n|-ability|p1a: Landorus|Intimidate|boost\n|-unboost|p2a: Iron Hands|atk|1\n|-unboost|p2b: Goodra|atk|1\n|turn|5\n|\n|t:|1700321082\n|move|p1a: Landorus|Stomping Tantrum|p2a: Iron Hands\n|-supereffective|p2a: Iron Hands\n|-damage|p2a: Iron Hands|10\/100\n|move|p2b: Goodra|Shelter|p2b: Goodra\n|-boost|p2b: Goodra|def|2\n|move|p1b: Iron Hands|Drain Punch|p2b: Goodra\n|-supereffective|p2b: Goodra\n|-damage|p2b: Goodra|34\/100\n|-heal|p1b: Iron Hands|82\/100|[from] drain|[of] p2b: Goodra\n|-damage|p1b: Iron Hands|66\/100|[from] item: Rocky Helmet|[of] p2b: Goodra\n|move|p2a: Iron Hands|Volt Switch|p1b: Iron Hands\n|-resisted|p1b: Iron Hands\n|-damage|p1b: Iron Hands|61\/100\n|\n|t:|1700321094\n|-end|p2a: Iron Hands|Quark Drive|[silent]\n|switch|p2a: Tornadus|Tornadus, L50, M|49\/100|[from] Volt Switch\n|\n|upkeep\n|turn|6\n|\n|t:|1700321109\n|move|p2a: Tornadus|Protect|p2a: Tornadus\n|-singleturn|p2a: Tornadus|Protect\n|move|p1a: Landorus|Stomping Tantrum|p2b: Goodra\n|-supereffective|p2b: Goodra\n|-damage|p2b: Goodra|8\/100\n|-damage|p1a: Landorus|14\/100|[from] item: Rocky Helmet|[of] p2b: Goodra\n|move|p2b: Goodra|Life Dew|p2b: Goodra|[spread] p2a,p2b\n|-heal|p2a: Tornadus|74\/100\n|-heal|p2b: Goodra|33\/100\n|move|p1b: Iron Hands|Wild Charge|p2a: Tornadus\n|-activate|p2a: Tornadus|move: Protect\n|\n|upkeep\n|turn|7\n|\n|t:|1700321126\n|move|p1a: Landorus|Stomping Tantrum|p2b: Goodra\n|-supereffective|p2b: Goodra\n|-damage|p2b: Goodra|10\/100\n|-damage|p1a: Landorus|0 fnt|[from] item: Rocky Helmet|[of] p2b: Goodra\n|faint|p1a: Landorus\n|move|p2a: Tornadus|Icy Wind|p1b: Iron Hands\n|-damage|p1b: Iron Hands|51\/100\n|-unboost|p1b: Iron Hands|spe|1\n|move|p2b: Goodra|Body Press|p1b: Iron Hands\n|-damage|p1b: Iron Hands|1\/100\n|move|p1b: Iron Hands|Drain Punch|p2b: Goodra\n|-supereffective|p2b: Goodra\n|-damage|p2b: Goodra|0 fnt\n|-heal|p1b: Iron Hands|4\/100|[from] drain|[of] p2b: Goodra\n|-damage|p1b: Iron Hands|0 fnt|[from] item: Rocky Helmet|[of] p2b: Goodra\n|faint|p2b: Goodra\n|faint|p1b: Iron Hands\n|-end|p1b: Iron Hands|Quark Drive|[silent]\n|\n|upkeep\n|\n|t:|1700321143\n|switch|p2b: Iron Hands|Iron Hands, L50|10\/100\n|switch|p1b: Flutter Mane|Flutter Mane, L50, shiny|100\/100\n|turn|8\n|\n|t:|1700321157\n|-terastallize|p1b: Flutter Mane|Fairy\n|move|p2b: Iron Hands|Fake Out|p1b: Flutter Mane\n|-damage|p1b: Flutter Mane|66\/100\n|cant|p1b: Flutter Mane|flinch\n|move|p2a: Tornadus|Icy Wind|p1b: Flutter Mane\n|-damage|p1b: Flutter Mane|49\/100\n|-unboost|p1b: Flutter Mane|spe|1\n|\n|upkeep\n|turn|9\n|\n|t:|1700321169\n|move|p2a: Tornadus|Icy Wind|p1b: Flutter Mane\n|-damage|p1b: Flutter Mane|31\/100\n|-unboost|p1b: Flutter Mane|spe|1\n|move|p1b: Flutter Mane|Dazzling Gleam|p2a: Tornadus|[spread] p2a,p2b\n|-supereffective|p2b: Iron Hands\n|-damage|p2a: Tornadus|0 fnt\n|-damage|p2b: Iron Hands|0 fnt\n|faint|p2a: Tornadus\n|faint|p2b: Iron Hands\n|-end|p2b: Iron Hands|Quark Drive|[silent]\n|\n|upkeep\n|\n|t:|1700321178\n|switch|p2b: Heatran|Heatran, L50, M|100\/100\n|turn|10\n|\n|t:|1700321182\n|move|p1b: Flutter Mane|Dazzling Gleam|p2b: Heatran\n|-resisted|p2b: Heatran\n|-damage|p2b: Heatran|83\/100\n|move|p2b: Heatran|Earth Power|p1b: Flutter Mane\n|-damage|p1b: Flutter Mane|0 fnt\n|faint|p1b: Flutter Mane\n|-end|p1b: Flutter Mane|Protosynthesis|[silent]\n|\n|win|tt11823\n|raw|FantaColonna's rating: 1292 &rarr; <strong>1262<\/strong><br \/>(-30 for losing)\n|raw|tt11823's rating: 1223 &rarr; <strong>1253<\/strong><br \/>(+30 for winning)\n","uploadtime":1700321193,"views":7,"p1id":"fantacolonna","p2id":"tt11823","formatid":"gen9vgc2023regulatione","rating":1253,"private":0,"password":""}