{"id":"gen9vgc2023regulatione-1994363800","p1":"patagonia fleece","p2":"Emirnent","format":"[Gen 9] VGC 2023 Regulation E","log":"|j|\u2606patagonia fleece\n|j|\u2606Emirnent\n|t:|1700435449\n|gametype|doubles\n|player|p1|patagonia fleece|pokemonbreeder|1416\n|player|p2|Emirnent|101|1538\n|teamsize|p1|6\n|teamsize|p2|6\n|gen|9\n|tier|[Gen 9] VGC 2023 Regulation E\n|rated|\n|rule|Species Clause: Limit one of each Pok\u00e9mon\n|rule|Item Clause: Limit one of each item\n|clearpoke\n|poke|p1|Politoed, L50, M|\n|poke|p1|Tornadus, L50, M|\n|poke|p1|Ogerpon, L50, F|\n|poke|p1|Urshifu-*, L50, F|\n|poke|p1|Chien-Pao, L50|\n|poke|p1|Iron Hands, L50|\n|poke|p2|Armarouge, L50, F|\n|poke|p2|Ursaluna, L50, M|\n|poke|p2|Torkoal, L50, M|\n|poke|p2|Roaring Moon, L50|\n|poke|p2|Bronzong, L50|\n|poke|p2|Indeedee-F, L50, F|\n|teampreview|4\n|inactive|Battle timer is ON: inactive players will automatically lose when time's up. (requested by Emirnent)\n|inactive|patagonia fleece has 60 seconds left.\n|\n|t:|1700435496\n|start\n|switch|p1a: Urshifu|Urshifu-Rapid-Strike, L50, F|100\/100\n|switch|p1b: Chien-Pao|Chien-Pao, L50|100\/100\n|switch|p2a: Gio Jr.|Indeedee-F, L50, F|100\/100\n|switch|p2b: Bell EV|Bronzong, L50|100\/100\n|-ability|p1b: Chien-Pao|Sword of Ruin\n|-fieldstart|move: Psychic Terrain|[from] ability: Psychic Surge|[of] p2a: Gio Jr.\n|turn|1\n|\n|t:|1700435511\n|-terastallize|p1a: Urshifu|Water\n|move|p2a: Gio Jr.|Follow Me|p2a: Gio Jr.\n|-singleturn|p2a: Gio Jr.|move: Follow Me\n|move|p1a: Urshifu|Surging Strikes|p2a: Gio Jr.\n|-crit|p2a: Gio Jr.\n|-damage|p2a: Gio Jr.|67\/100\n|-crit|p2a: Gio Jr.\n|-damage|p2a: Gio Jr.|28\/100\n|-crit|p2a: Gio Jr.\n|-damage|p2a: Gio Jr.|0 fnt\n|faint|p2a: Gio Jr.\n|-hitcount|p2: Gio Jr.|3\n|move|p1b: Chien-Pao|Ice Spinner|p2b: Bell EV\n|-resisted|p2b: Bell EV\n|-damage|p2b: Bell EV|79\/100\n|-fieldend|move: Psychic Terrain\n|move|p2b: Bell EV|Trick Room|p2b: Bell EV\n|-fieldstart|move: Trick Room|[of] p2b: Bell EV\n|\n|upkeep\n|j| thomas shelby 1\n|j| previouslyunnamed\n|inactive|Emirnent has 30 seconds left.\n|inactive|Emirnent has 20 seconds left.\n|inactive|Emirnent has 15 seconds left.\n|inactive|Emirnent has 10 seconds left.\n|\n|t:|1700435557\n|switch|p2a: RJ|Torkoal, L50, M|100\/100\n|-weather|SunnyDay|[from] ability: Drought|[of] p2a: RJ\n|turn|2\n|c|\u2606patagonia fleece|whats up thomas shelby 1\n|c| thomas shelby 1|eyy broo\n|\n|t:|1700435576\n|switch|p1b: Politoed|Politoed, L50, M, shiny|100\/100\n|-weather|RainDance|[from] ability: Drizzle|[of] p1b: Politoed\n|-terastallize|p2a: RJ|Fire\n|move|p2b: Bell EV|Body Press|p1a: Urshifu\n|-damage|p1a: Urshifu|72\/100\n|move|p2a: RJ|Heat Wave|p1a: Urshifu|[spread] p1a,p1b\n|-resisted|p1a: Urshifu\n|-resisted|p1b: Politoed\n|-damage|p1a: Urshifu|50\/100\n|-damage|p1b: Politoed|86\/100\n|move|p1a: Urshifu|Surging Strikes|p2a: RJ\n|-supereffective|p2a: RJ\n|-crit|p2a: RJ\n|-damage|p2a: RJ|30\/100\n|-supereffective|p2a: RJ\n|-crit|p2a: RJ\n|-damage|p2a: RJ|0 fnt\n|faint|p2a: RJ\n|-hitcount|p2: RJ|2\n|\n|-weather|RainDance|[upkeep]\n|upkeep\n|\n|t:|1700435582\n|switch|p2a: Carinhoso|Ursaluna, L50, M|100\/100\n|turn|3\n|\n|t:|1700435604\n|switch|p1a: Iron Hands|Iron Hands, L50|100\/100\n|move|p1b: Politoed|Protect|p1b: Politoed\n|-singleturn|p1b: Politoed|Protect\n|move|p2b: Bell EV|Body Press|p1a: Iron Hands\n|-damage|p1a: Iron Hands|83\/100\n|move|p2a: Carinhoso|Earthquake|p1a: Iron Hands|[spread] p1a\n|-activate|p1b: Politoed|move: Protect\n|-immune|p2b: Bell EV|[from] ability: Levitate\n|-supereffective|p1a: Iron Hands\n|-damage|p1a: Iron Hands|23\/100\n|\n|-weather|RainDance|[upkeep]\n|-status|p2a: Carinhoso|brn|[from] item: Flame Orb\n|upkeep\n|turn|4\n|inactive|patagonia fleece has 30 seconds left.\n|inactive|Emirnent has 30 seconds left.\n|inactive|Emirnent has 20 seconds left.\n|inactive|Emirnent has 15 seconds left.\n|inactive|Emirnent has 10 seconds left.\n|\n|t:|1700435653\n|move|p1a: Iron Hands|Fake Out|p2a: Carinhoso\n|-damage|p2a: Carinhoso|90\/100 brn\n|move|p2b: Bell EV|Body Press|p1b: Politoed\n|-damage|p1b: Politoed|64\/100\n|-damage|p2b: Bell EV|62\/100|[from] item: Rocky Helmet|[of] p1b: Politoed\n|cant|p2a: Carinhoso|flinch\n|move|p1b: Politoed|Muddy Water|p2a: Carinhoso|[spread] p2a,p2b\n|-supereffective|p2a: Carinhoso\n|-damage|p2a: Carinhoso|28\/100 brn\n|-damage|p2b: Bell EV|31\/100\n|-unboost|p2b: Bell EV|accuracy|1\n|\n|-weather|RainDance|[upkeep]\n|-damage|p2a: Carinhoso|22\/100 brn|[from] brn\n|upkeep\n|turn|5\n|\n|t:|1700435668\n|move|p1b: Politoed|Protect|p1b: Politoed\n|-singleturn|p1b: Politoed|Protect\n|move|p2b: Bell EV|Iron Defense|p2b: Bell EV\n|-boost|p2b: Bell EV|def|2\n|move|p2a: Carinhoso|Earthquake|p1a: Iron Hands|[spread] p1a\n|-activate|p1b: Politoed|move: Protect\n|-immune|p2b: Bell EV|[from] ability: Levitate\n|-supereffective|p1a: Iron Hands\n|-damage|p1a: Iron Hands|0 fnt\n|faint|p1a: Iron Hands\n|-end|p1a: Iron Hands|Quark Drive|[silent]\n|\n|-weather|RainDance|[upkeep]\n|-damage|p2a: Carinhoso|17\/100 brn|[from] brn\n|-fieldend|move: Trick Room\n|upkeep\n|\n|t:|1700435680\n|switch|p1a: Urshifu|Urshifu-Rapid-Strike, L50, F, tera:Water|50\/100\n|turn|6\n|\n|t:|1700435686\n|move|p1a: Urshifu|Surging Strikes|p2b: Bell EV\n|-crit|p2b: Bell EV\n|-damage|p2b: Bell EV|0 fnt\n|faint|p2b: Bell EV\n|-hitcount|p2: Bell EV|1\n|move|p1b: Politoed|Muddy Water|p2a: Carinhoso|[miss]\n|-miss|p1b: Politoed|p2a: Carinhoso\n|move|p2a: Carinhoso|Earthquake|p1b: Politoed|[spread] p1a,p1b\n|-crit|p1b: Politoed\n|-damage|p1a: Urshifu|0 fnt\n|-damage|p1b: Politoed|0 fnt\n|faint|p1a: Urshifu\n|faint|p1b: Politoed\n|\n|-weather|none\n|-damage|p2a: Carinhoso|11\/100 brn|[from] brn\n|upkeep\n|\n|t:|1700435695\n|switch|p1b: Chien-Pao|Chien-Pao, L50|100\/100\n|-ability|p1b: Chien-Pao|Sword of Ruin\n|turn|7\n|\n|t:|1700435698\n|move|p1b: Chien-Pao|Ice Spinner|p2a: Carinhoso\n|-supereffective|p2a: Carinhoso\n|-damage|p2a: Carinhoso|0 fnt\n|faint|p2a: Carinhoso\n|\n|win|patagonia fleece\n|raw|patagonia fleece's rating: 1416 &rarr; <strong>1443<\/strong><br \/>(+27 for winning)\n|raw|Emirnent's rating: 1538 &rarr; <strong>1511<\/strong><br \/>(-27 for losing)\n|l|\u2606Emirnent\n|c|\u2606patagonia fleece|gg\n|c|\u2606patagonia fleece|damn\n|c|\u2606patagonia fleece|insta left\n","uploadtime":1700435717,"views":6,"p1id":"patagoniafleece","p2id":"emirnent","formatid":"gen9vgc2023regulatione","rating":1443,"private":0,"password":""}