{"id":"gen9vgc2023regulatione-2000283726","p1":"Jman4769","p2":"FuniPlagueMan","format":"[Gen 9] VGC 2023 Regulation E","log":"|j|\u2606Jman4769\n|j|\u2606FuniPlagueMan\n|t:|1701181182\n|gametype|doubles\n|player|p1|Jman4769|swimmerf-gen4dp|1056\n|player|p2|FuniPlagueMan|roxie|1146\n|teamsize|p1|6\n|teamsize|p2|6\n|gen|9\n|tier|[Gen 9] VGC 2023 Regulation E\n|rated|\n|rule|Species Clause: Limit one of each Pok\u00e9mon\n|rule|Item Clause: Limit one of each item\n|clearpoke\n|poke|p1|Iron Valiant, L50|\n|poke|p1|Arcanine-Hisui, L50, M|\n|poke|p1|Amoonguss, L50, M|\n|poke|p1|Iron Hands, L50|\n|poke|p1|Bombirdier, L50, M|\n|poke|p1|Gholdengo, L50|\n|poke|p2|Gothitelle, L50, M|\n|poke|p2|Flutter Mane, L50|\n|poke|p2|Scream Tail, L50|\n|poke|p2|Arcanine-Hisui, L50, F|\n|poke|p2|Amoonguss, L50, F|\n|poke|p2|Palafin, L50, M|\n|teampreview|4\n|inactive|Battle timer is ON: inactive players will automatically lose when time's up. (requested by FuniPlagueMan)\n|inactive|Jman4769 also wants the timer to be on.\n|\n|t:|1701181206\n|start\n|switch|p1a: Iron Valiant|Iron Valiant, L50|100\/100\n|switch|p1b: Gholdengo|Gholdengo, L50|100\/100\n|switch|p2a: Arcanine|Arcanine-Hisui, L50, F|100\/100\n|switch|p2b: Flutter Mane|Flutter Mane, L50|100\/100\n|-ability|p2a: Arcanine|Intimidate|boost\n|-unboost|p1a: Iron Valiant|atk|1\n|-unboost|p1b: Gholdengo|atk|1\n|-enditem|p1a: Iron Valiant|Booster Energy\n|-activate|p1a: Iron Valiant|ability: Quark Drive|[fromitem]\n|-start|p1a: Iron Valiant|quarkdrivespe\n|turn|1\n|\n|t:|1701181224\n|move|p1a: Iron Valiant|Close Combat|p2a: Arcanine\n|-supereffective|p2a: Arcanine\n|-damage|p2a: Arcanine|9\/100\n|-unboost|p1a: Iron Valiant|def|1\n|-unboost|p1a: Iron Valiant|spd|1\n|move|p2b: Flutter Mane|Shadow Ball|p1b: Gholdengo\n|-supereffective|p1b: Gholdengo\n|-damage|p1b: Gholdengo|0 fnt\n|faint|p1b: Gholdengo\n|move|p2a: Arcanine|Will-O-Wisp|p1a: Iron Valiant|[miss]\n|-miss|p2a: Arcanine|p1a: Iron Valiant\n|\n|upkeep\n|\n|t:|1701181237\n|switch|p1b: Iron Hands|Iron Hands, L50|100\/100\n|turn|2\n|\n|t:|1701181250\n|-end|p1a: Iron Valiant|Quark Drive|[silent]\n|switch|p1a: Arcanine|Arcanine-Hisui, L50, M, shiny|100\/100\n|switch|p2a: Gothitelle|Gothitelle, L50, M|100\/100\n|move|p1b: Iron Hands|Fake Out|p2a: Gothitelle\n|-damage|p2a: Gothitelle|86\/100\n|move|p2b: Flutter Mane|Perish Song|p2b: Flutter Mane\n|-start|p1a: Arcanine|perish3|[silent]\n|-start|p1b: Iron Hands|perish3|[silent]\n|-start|p2a: Gothitelle|perish3|[silent]\n|-start|p2b: Flutter Mane|perish3|[silent]\n|-fieldactivate|move: Perish Song\n|\n|-start|p2b: Flutter Mane|perish3\n|-start|p1a: Arcanine|perish3\n|-start|p2a: Gothitelle|perish3\n|-start|p1b: Iron Hands|perish3\n|upkeep\n|turn|3\n|\n|t:|1701181271\n|move|p2b: Flutter Mane|Protect|p2b: Flutter Mane\n|-singleturn|p2b: Flutter Mane|Protect\n|move|p2a: Gothitelle|Fake Out|p1b: Iron Hands\n|-damage|p1b: Iron Hands|97\/100\n|move|p1a: Arcanine|Head Smash|p2b: Flutter Mane\n|-activate|p2b: Flutter Mane|move: Protect\n|cant|p1b: Iron Hands|flinch\n|\n|-start|p2b: Flutter Mane|perish2\n|-start|p1a: Arcanine|perish2\n|-start|p2a: Gothitelle|perish2\n|-start|p1b: Iron Hands|perish2\n|upkeep\n|turn|4\n|inactive|FuniPlagueMan has 30 seconds left.\n|\n|t:|1701181297\n|move|p2b: Flutter Mane|Moonblast|p1b: Iron Hands\n|-supereffective|p1b: Iron Hands\n|-damage|p1b: Iron Hands|37\/100\n|move|p1a: Arcanine|Head Smash|p2a: Gothitelle\n|-damage|p2a: Gothitelle|21\/100\n|-enditem|p2a: Gothitelle|Sitrus Berry|[eat]\n|-heal|p2a: Gothitelle|46\/100|[from] item: Sitrus Berry\n|move|p2a: Gothitelle|Psychic|p1b: Iron Hands\n|-supereffective|p1b: Iron Hands\n|-damage|p1b: Iron Hands|2\/100\n|move|p1b: Iron Hands|Heavy Slam|p2b: Flutter Mane\n|-supereffective|p2b: Flutter Mane\n|-enditem|p2b: Flutter Mane|Focus Sash\n|-damage|p2b: Flutter Mane|1\/100\n|\n|-start|p2b: Flutter Mane|perish1\n|-start|p1a: Arcanine|perish1\n|-start|p2a: Gothitelle|perish1\n|-start|p1b: Iron Hands|perish1\n|upkeep\n|turn|5\n|inactive|Jman4769 has 30 seconds left.\n|inactive|Jman4769 has 20 seconds left.\n|inactive|Jman4769 has 15 seconds left.\n|inactive|Jman4769 has 10 seconds left.\n|c|\u2606Jman4769|What a loser strategy\n|inactive|Jman4769 has 5 seconds left.\n|\n|t:|1701181352\n|-end|p2b: Flutter Mane|Protosynthesis|[silent]\n|switch|p2b: Arcanine|Arcanine-Hisui, L50, F|9\/100\n|-ability|p2b: Arcanine|Intimidate|boost\n|-unboost|p1a: Arcanine|atk|1\n|-unboost|p1b: Iron Hands|atk|1\n|switch|p2a: Amoonguss|Amoonguss, L50, F|100\/100\n|move|p1a: Arcanine|Flare Blitz|p2b: Arcanine\n|-resisted|p2b: Arcanine\n|-damage|p2b: Arcanine|0 fnt\n|faint|p2b: Arcanine\n|move|p1b: Iron Hands|Heavy Slam|p2a: Amoonguss\n|-damage|p2a: Amoonguss|66\/100\n|\n|-start|p1a: Arcanine|perish0\n|-start|p1b: Iron Hands|perish0\n|upkeep\n|faint|p1a: Arcanine\n|faint|p1b: Iron Hands\n|-end|p1b: Iron Hands|Quark Drive|[silent]\n|\n|t:|1701181365\n|switch|p2b: Flutter Mane|Flutter Mane, L50|1\/100\n|switch|p1b: Iron Valiant|Iron Valiant, L50|100\/100\n|turn|6\n|inactive|Jman4769 has 30 seconds left.\n|\n|t:|1701181391\n|-terastallize|p1b: Iron Valiant|Ground\n|move|p2a: Amoonguss|Rage Powder|p2a: Amoonguss\n|-singleturn|p2a: Amoonguss|move: Rage Powder\n|move|p2b: Flutter Mane|Perish Song|p2b: Flutter Mane\n|-start|p1b: Iron Valiant|perish3|[silent]\n|-start|p2a: Amoonguss|perish3|[silent]\n|-start|p2b: Flutter Mane|perish3|[silent]\n|-fieldactivate|move: Perish Song\n|move|p1b: Iron Valiant|Thunderbolt|p2a: Amoonguss\n|-resisted|p2a: Amoonguss\n|-damage|p2a: Amoonguss|54\/100\n|\n|-start|p2b: Flutter Mane|perish3\n|-start|p1b: Iron Valiant|perish3\n|-start|p2a: Amoonguss|perish3\n|upkeep\n|turn|7\n|c|\u2606Jman4769|Damn what a fucking loser\n|\n|t:|1701181414\n|move|p2b: Flutter Mane|Protect|p2b: Flutter Mane\n|-singleturn|p2b: Flutter Mane|Protect\n|move|p1b: Iron Valiant|Close Combat|p2a: Amoonguss\n|-resisted|p2a: Amoonguss\n|-damage|p2a: Amoonguss|23\/100\n|-unboost|p1b: Iron Valiant|def|1\n|-unboost|p1b: Iron Valiant|spd|1\n|move|p2a: Amoonguss|Spore|p1b: Iron Valiant\n|-status|p1b: Iron Valiant|slp|[from] move: Spore\n|\n|-start|p2b: Flutter Mane|perish2\n|-start|p1b: Iron Valiant|perish2\n|-start|p2a: Amoonguss|perish2\n|upkeep\n|turn|8\n|\n|t:|1701181434\n|-terastallize|p2b: Flutter Mane|Grass\n|move|p2b: Flutter Mane|Perish Song||[still]\n|-fail|p2b: Flutter Mane\n|cant|p1b: Iron Valiant|slp\n|move|p2a: Amoonguss|Pollen Puff|p2b: Flutter Mane\n|-heal|p2b: Flutter Mane|51\/100\n|\n|-start|p2b: Flutter Mane|perish1\n|-start|p1b: Iron Valiant|perish1\n|-start|p2a: Amoonguss|perish1\n|upkeep\n|turn|9\n|c|\u2606Jman4769|Die in a hole\n|\n|t:|1701181450\n|move|p2b: Flutter Mane|Perish Song||[still]\n|-fail|p2b: Flutter Mane\n|-curestatus|p1b: Iron Valiant|slp|[msg]\n|move|p1b: Iron Valiant|Close Combat|p2a: Amoonguss\n|-resisted|p2a: Amoonguss\n|-damage|p2a: Amoonguss|0 fnt\n|-unboost|p1b: Iron Valiant|def|1\n|-unboost|p1b: Iron Valiant|spd|1\n|faint|p2a: Amoonguss\n|\n|-start|p2b: Flutter Mane|perish0\n|-start|p1b: Iron Valiant|perish0\n|upkeep\n|faint|p2b: Flutter Mane\n|-end|p2b: Flutter Mane|Protosynthesis|[silent]\n|faint|p1b: Iron Valiant\n|-end|p1b: Iron Valiant|Quark Drive|[silent]\n|\n|win|FuniPlagueMan\n|raw|Jman4769's rating: 1056 &rarr; <strong>1042<\/strong><br \/>(-14 for losing)\n|raw|FuniPlagueMan's rating: 1146 &rarr; <strong>1165<\/strong><br \/>(+19 for winning)\n","uploadtime":1701181404,"views":2,"p1id":"jman4769","p2id":"funiplagueman","formatid":"gen9vgc2023regulatione","rating":1042,"private":0,"password":""}