{"id":"gen9vgc2023regulatione-1995727299","p1":"SecretAltVGC","p2":"heKtikVGC","format":"[Gen 9] VGC 2023 Regulation E","log":"|j|\u2606SecretAltVGC\n|j|\u2606heKtikVGC\n|n|\u2606SecretAltVGC|secretaltvgc\n|n|\u2606heKtikVGC|hektikvgc\n|html|View the match progress at <a href=\"\/game-bestof3-gen9vgc2023regulatione-1995721028\">game-bestof3-gen9vgc2023regulatione-1995721028<\/a>\n|t:|1700597540\n|gametype|doubles\n|player|p1|SecretAltVGC|unknownf|\n|player|p2|heKtikVGC|flannery|\n|teamsize|p1|6\n|teamsize|p2|6\n|gen|9\n|tier|[Gen 9] VGC 2023 Regulation E\n|rule|Species Clause: Limit one of each Pok\u00e9mon\n|rule|Item Clause: Limit one of each item\n|clearpoke\n|poke|p1|Flutter Mane, L50|\n|poke|p1|Heatran, L50, M|\n|poke|p1|Amoonguss, L50, F|\n|poke|p1|Iron Hands, L50|\n|poke|p1|Kingambit, L50, F|\n|poke|p1|Landorus-Therian, L50, M|\n|poke|p2|Amoonguss, L50, F|\n|poke|p2|Tornadus, L50, M|\n|poke|p2|Iron Hands, L50|\n|poke|p2|Arcanine-Hisui, L50, M|\n|poke|p2|Gholdengo, L50|\n|poke|p2|Urshifu-*, L50, M|\n|teampreview|4\nSecretAltVGC has agreed to open team sheets.\nheKtikVGC has agreed to open team sheets.\n|showteam|p1|Flutter Mane||ChoiceSpecs|Protosynthesis|Moonblast,DazzlingGleam,ShadowBall,TrickRoom||||||50|,,,,,Fairy]Heatran||LifeOrb|FlashFire|HeatWave,FlashCannon,EarthPower,Protect|||M|||50|,,,,,Grass]Amoonguss||SitrusBerry|Regenerator|Spore,RagePowder,PollenPuff,Protect|||F|||50|,,,,,Water]Iron Hands||AssaultVest|QuarkDrive|DrainPunch,WildCharge,HeavySlam,FakeOut||||||50|,,,,,Water]Kingambit||BlackGlasses|Defiant|KowtowCleave,SuckerPunch,SwordsDance,Protect|||F|||50|,,,,,Poison]Landorus-Therian||ChoiceScarf|Intimidate|StompingTantrum,RockSlide,TeraBlast,Uturn|||M|||50|,,,,,Flying\n|showteam|p2|Amoonguss||SitrusBerry|Regenerator|Spore,RagePowder,PollenPuff,Protect|||F|||50|,,,,,Water]Tornadus||RockyHelmet|Prankster|BleakwindStorm,RainDance,Tailwind,Protect|||M|||50|,,,,,Steel]Iron Hands||AssaultVest|QuarkDrive|DrainPunch,WildCharge,FakeOut,VoltSwitch||||||50|,,,,,Water]Arcanine-Hisui||ChoiceBand|Intimidate|FlareBlitz,RockSlide,ExtremeSpeed,HeadSmash|||M|||50|,,,,,Fairy]Gholdengo||Leftovers|GoodasGold|Protect,MakeItRain,ShadowBall,NastyPlot||||||50|,,,,,Dragon]Urshifu-Rapid-Strike||MysticWater|UnseenFist|AquaJet,Detect,CloseCombat,SurgingStrikes|||M|||50|,,,,,Water\n|l|\u2606heKtikVGC\n|player|p2|\n|j|\u2606heKtikVGC\n|player|p2|heKtikVGC|flannery\n|\n|t:|1700597658\n|start\n|switch|p1a: Kingambit|Kingambit, L50, F|100\/100\n|switch|p1b: Flutter Mane|Flutter Mane, L50|100\/100\n|switch|p2a: Amoonguss|Amoonguss, L50, F|100\/100\n|switch|p2b: Gholdengo|Gholdengo, L50|100\/100\n|turn|1\n|\n|t:|1700597684\n|move|p1b: Flutter Mane|Shadow Ball|p2b: Gholdengo\n|-supereffective|p2b: Gholdengo\n|-damage|p2b: Gholdengo|0 fnt\n|faint|p2b: Gholdengo\n|move|p1a: Kingambit|Swords Dance|p1a: Kingambit\n|-boost|p1a: Kingambit|atk|2\n|move|p2a: Amoonguss|Spore|p1a: Kingambit\n|-status|p1a: Kingambit|slp|[from] move: Spore\n|\n|upkeep\n|\n|t:|1700597690\n|switch|p2b: Urshifu|Urshifu-Rapid-Strike, L50, M|100\/100\n|turn|2\n|\n|t:|1700597703\n|-end|p1b: Flutter Mane|Protosynthesis|[silent]\n|switch|p1b: Amoonguss|Amoonguss, L50, F|100\/100\n|-terastallize|p2b: Urshifu|Water\n|move|p2b: Urshifu|Surging Strikes|p1a: Kingambit\n|-crit|p1a: Kingambit\n|-damage|p1a: Kingambit|75\/100 slp\n|-crit|p1a: Kingambit\n|-damage|p1a: Kingambit|50\/100 slp\n|-crit|p1a: Kingambit\n|-damage|p1a: Kingambit|27\/100 slp\n|-hitcount|p1a: Kingambit|3\n|cant|p1a: Kingambit|slp\n|move|p2a: Amoonguss|Spore|p1b: Amoonguss\n|-immune|p1b: Amoonguss\n|\n|upkeep\n|turn|3\n|\n|t:|1700597719\n|move|p2b: Urshifu|Surging Strikes|p1a: Kingambit\n|-crit|p1a: Kingambit\n|-damage|p1a: Kingambit|2\/100 slp\n|-crit|p1a: Kingambit\n|-damage|p1a: Kingambit|0 fnt\n|faint|p1a: Kingambit\n|-hitcount|p1: Kingambit|2\n|move|p1b: Amoonguss|Spore|p2b: Urshifu\n|-status|p2b: Urshifu|slp|[from] move: Spore\n|move|p2a: Amoonguss|Pollen Puff|p1b: Amoonguss\n|-damage|p1b: Amoonguss|83\/100\n|\n|upkeep\n|\n|t:|1700597723\n|switch|p1a: Heatran|Heatran, L50, M|100\/100\n|turn|4\n|\n|t:|1700597734\n|switch|p1b: Flutter Mane|Flutter Mane, L50|100\/100\n|switch|p2a: Iron Hands|Iron Hands, L50|100\/100\n|-terastallize|p1a: Heatran|Grass\n|cant|p2b: Urshifu|slp\n|move|p1a: Heatran|Heat Wave|p2a: Iron Hands|[spread] p2a,p2b\n|-resisted|p2b: Urshifu\n|-damage|p2a: Iron Hands|75\/100\n|-damage|p2b: Urshifu|63\/100 slp\n|-damage|p1a: Heatran|91\/100|[from] item: Life Orb\n|\n|upkeep\n|turn|5\n|\n|t:|1700597754\n|-end|p1b: Flutter Mane|Protosynthesis|[silent]\n|switch|p1b: Amoonguss|Amoonguss, L50, F|100\/100\n|move|p2a: Iron Hands|Fake Out|p1a: Heatran\n|-crit|p1a: Heatran\n|-damage|p1a: Heatran|71\/100\n|cant|p2b: Urshifu|slp\n|cant|p1a: Heatran|flinch\n|\n|upkeep\n|turn|6\n|\n|t:|1700597766\n|-end|p2a: Iron Hands|Quark Drive|[silent]\n|switch|p2a: Amoonguss|Amoonguss, L50, F|100\/100\n|move|p1b: Amoonguss|Rage Powder|p1b: Amoonguss\n|-singleturn|p1b: Amoonguss|move: Rage Powder\n|-curestatus|p2b: Urshifu|slp|[msg]\n|move|p2b: Urshifu|Close Combat|p1b: Amoonguss\n|-resisted|p1b: Amoonguss\n|-damage|p1b: Amoonguss|75\/100\n|-unboost|p2b: Urshifu|def|1\n|-unboost|p2b: Urshifu|spd|1\n|move|p1a: Heatran|Heat Wave|p2a: Amoonguss|[spread] p2a,p2b\n|-supereffective|p2a: Amoonguss\n|-resisted|p2b: Urshifu\n|-damage|p2a: Amoonguss|0 fnt\n|-damage|p2b: Urshifu|9\/100\n|faint|p2a: Amoonguss\n|-damage|p1a: Heatran|61\/100|[from] item: Life Orb\n|\n|upkeep\n|\n|t:|1700597769\n|switch|p2a: Iron Hands|Iron Hands, L50|75\/100\n|turn|7\n|-message|heKtikVGC forfeited.\n|\n|win|SecretAltVGC\n|l|\u2606heKtikVGC\n","uploadtime":1700597813,"views":0,"p1id":"secretaltvgc","p2id":"hektikvgc","formatid":"gen9vgc2023regulatione","rating":0,"private":0,"password":""}