{"id":"gen9vgc2023regulatione-1990168639","p1":"Albatross1221","p2":"gamer3DRider","format":"[Gen 9] VGC 2023 Regulation E","log":"|j|\u2606Albatross1221\n|j|\u2606gamer3DRider\n|t:|1699932210\n|gametype|doubles\n|player|p1|Albatross1221|steven|1163\n|player|p2|gamer3DRider|steven|1168\n|teamsize|p1|6\n|teamsize|p2|6\n|gen|9\n|tier|[Gen 9] VGC 2023 Regulation E\n|rated|\n|rule|Species Clause: Limit one of each Pok\u00e9mon\n|rule|Item Clause: Limit one of each item\n|clearpoke\n|poke|p1|Ogerpon-Hearthflame, L50, F|\n|poke|p1|Kingambit, L50, F|\n|poke|p1|Urshifu-*, L50, F|\n|poke|p1|Chien-Pao, L50|\n|poke|p1|Dragonite, L50, F|\n|poke|p1|Tornadus, L50, M|\n|poke|p2|Ogerpon-Cornerstone, L50, F|\n|poke|p2|Volcarona, L50, F|\n|poke|p2|Oricorio-Pom-Pom, L50, M|\n|poke|p2|Wo-Chien, L50|\n|poke|p2|Urshifu-*, L50, M|\n|poke|p2|Iron Hands, L50|\n|teampreview|4\n|\n|t:|1699932285\n|start\n|switch|p1a: Tornadus|Tornadus, L50, M, shiny|100\/100\n|switch|p1b: Ogerpon|Ogerpon-Hearthflame, L50, F|100\/100\n|switch|p2a: Ogerpon|Ogerpon-Cornerstone, L50, F|100\/100\n|switch|p2b: Oricorio|Oricorio-Pom-Pom, L50, M|100\/100\n|-ability|p1b: Ogerpon|Mold Breaker\n|turn|1\n|\n|t:|1699932327\n|-terastallize|p1b: Ogerpon|Fire\n|detailschange|p1b: Ogerpon|Ogerpon-Hearthflame-Tera, L50, F, tera:Fire\n|-ability|p1b: Ogerpon|Embody Aspect (Hearthflame)|boost\n|-boost|p1b: Ogerpon|atk|1\n|move|p1a: Tornadus|Tailwind|p1a: Tornadus\n|-sidestart|p1: Albatross1221|move: Tailwind\n|move|p1b: Ogerpon|Ivy Cudgel|p2b: Oricorio\n|-enditem|p2b: Oricorio|Focus Sash\n|-damage|p2b: Oricorio|1\/100\n|move|p2b: Oricorio|Tailwind|p2b: Oricorio\n|-sidestart|p2: gamer3DRider|move: Tailwind\n|move|p2a: Ogerpon|Ivy Cudgel|p1a: Tornadus\n|-supereffective|p1a: Tornadus\n|-damage|p1a: Tornadus|0 fnt\n|faint|p1a: Tornadus\n|\n|upkeep\n|\n|t:|1699932342\n|switch|p1a: Chien-Pao|Chien-Pao, L50|100\/100\n|-ability|p1a: Chien-Pao|Sword of Ruin\n|turn|2\n|\n|t:|1699932378\n|move|p1a: Chien-Pao|Sacred Sword|p2a: Ogerpon\n|-supereffective|p2a: Ogerpon\n|-damage|p2a: Ogerpon|6\/100\n|move|p1b: Ogerpon|Ivy Cudgel|p2a: Ogerpon\n|-damage|p2a: Ogerpon|0 fnt\n|faint|p2a: Ogerpon\n|move|p2b: Oricorio|Air Slash|p1a: Chien-Pao\n|-damage|p1a: Chien-Pao|48\/100\n|\n|upkeep\n|\n|t:|1699932390\n|switch|p2a: Urshifu|Urshifu-Rapid-Strike, L50, M|100\/100\n|turn|3\n|\n|t:|1699932416\n|switch|p1b: Urshifu|Urshifu-Rapid-Strike, L50, F|100\/100\n|-terastallize|p2a: Urshifu|Water\n|move|p2b: Oricorio|Protect|p2b: Oricorio\n|-singleturn|p2b: Oricorio|Protect\n|move|p2a: Urshifu|Aqua Jet|p1b: Urshifu\n|-resisted|p1b: Urshifu\n|-damage|p1b: Urshifu|77\/100\n|move|p1a: Chien-Pao|Ice Spinner|p2b: Oricorio\n|-activate|p2b: Oricorio|move: Protect\n|\n|upkeep\n|turn|4\n|\n|t:|1699932438\n|move|p1a: Chien-Pao|Sacred Sword|p2a: Urshifu\n|-damage|p2a: Urshifu|59\/100\n|move|p2a: Urshifu|Surging Strikes|p1a: Chien-Pao\n|-crit|p1a: Chien-Pao\n|-damage|p1a: Chien-Pao|6\/100\n|-crit|p1a: Chien-Pao\n|-damage|p1a: Chien-Pao|0 fnt\n|faint|p1a: Chien-Pao\n|-hitcount|p1: Chien-Pao|2\n|move|p2b: Oricorio|Revelation Dance|p1b: Urshifu\n|-supereffective|p1b: Urshifu\n|-damage|p1b: Urshifu|0 fnt\n|faint|p1b: Urshifu\n|\n|-sideend|p2: gamer3DRider|move: Tailwind\n|-sideend|p1: Albatross1221|move: Tailwind\n|upkeep\n|\n|t:|1699932453\n|switch|p1b: Ogerpon|Ogerpon-Hearthflame-Tera, L50, F, tera:Fire|100\/100\n|-ability|p1b: Ogerpon|Embody Aspect (Hearthflame)|boost\n|-boost|p1b: Ogerpon|atk|1\n|turn|5\n|\n|t:|1699932462\n|move|p2a: Urshifu|Aqua Jet|p1b: Ogerpon\n|-supereffective|p1b: Ogerpon\n|-damage|p1b: Ogerpon|3\/100\n|move|p1b: Ogerpon|Horn Leech|p2a: Urshifu\n|-supereffective|p2a: Urshifu\n|-damage|p2a: Urshifu|0 fnt\n|-heal|p1b: Ogerpon|36\/100|[from] drain|[of] p2a: Urshifu\n|faint|p2a: Urshifu\n|move|p2b: Oricorio|Tailwind|p2b: Oricorio\n|-sidestart|p2: gamer3DRider|move: Tailwind\n|\n|upkeep\n|\n|t:|1699932469\n|switch|p2a: Iron Hands|Iron Hands, L50|100\/100\n|turn|6\n|\n|t:|1699932496\n|move|p1b: Ogerpon|Spiky Shield|p1b: Ogerpon\n|-singleturn|p1b: Ogerpon|move: Protect\n|move|p2a: Iron Hands|Fake Out|p1b: Ogerpon\n|-activate|p1b: Ogerpon|move: Protect\n|-damage|p2a: Iron Hands|88\/100|[from] Spiky Shield|[of] p1b: Ogerpon\n|move|p2b: Oricorio|Revelation Dance|p1b: Ogerpon\n|-activate|p1b: Ogerpon|move: Protect\n|\n|upkeep\n|turn|7\n|\n|t:|1699932508\n|move|p2b: Oricorio|Revelation Dance|p1b: Ogerpon\n|-damage|p1b: Ogerpon|0 fnt\n|faint|p1b: Ogerpon\n|\n|win|gamer3DRider\n|raw|Albatross1221's rating: 1163 &rarr; <strong>1138<\/strong><br \/>(-25 for losing)\n|raw|gamer3DRider's rating: 1168 &rarr; <strong>1193<\/strong><br \/>(+25 for winning)\n|l|\u2606Albatross1221\n","uploadtime":1699932636,"views":12,"p1id":"albatross1221","p2id":"gamer3drider","formatid":"gen9vgc2023regulatione","rating":1138,"private":0,"password":""}