{"id":"gen9vgc2023regulatione-1993577411","p1":"DeathReaperTTV","p2":"VeversonJP","format":"[Gen 9] VGC 2023 Regulation E","log":"|j|\u2606DeathReaperTTV\n|j|\u2606VeversonJP\n|n|\u2606DeathReaperTTV|deathreaperttv\n|n|\u2606VeversonJP|veversonjp\n|html|View the match progress at <a href=\"\/game-bestof3-gen9vgc2023regulatione-1993577410\">game-bestof3-gen9vgc2023regulatione-1993577410<\/a>\n|t:|1700333672\n|gametype|doubles\n|player|p1|DeathReaperTTV|red|\n|player|p2|VeversonJP|swimmer-gen4dp|\n|teamsize|p1|6\n|teamsize|p2|6\n|gen|9\n|tier|[Gen 9] VGC 2023 Regulation E\n|rule|Species Clause: Limit one of each Pok\u00e9mon\n|rule|Item Clause: Limit one of each item\n|clearpoke\n|poke|p1|Urshifu-*, L50, M|\n|poke|p1|Flutter Mane, L50|\n|poke|p1|Amoonguss, L50, M|\n|poke|p1|Iron Hands, L50|\n|poke|p1|Chien-Pao, L50|\n|poke|p1|Dragonite, L50, M|\n|poke|p2|Basculegion, L50, M|\n|poke|p2|Pelipper, L50, M|\n|poke|p2|Alomomola, L50, F|\n|poke|p2|Ogerpon-Wellspring, L50, F|\n|poke|p2|Palafin, L50, F|\n|poke|p2|Azumarill, L50, F|\n|teampreview|4\n|inactive|Battle timer is ON: inactive players will automatically lose when time's up. (requested by DeathReaperTTV)\n|c|\u2606DeathReaperTTV|Pov:tera ground em todos os mons\n|c|\u2606DeathReaperTTV|KKKKK\nDeathReaperTTV has agreed to open team sheets.\n|\n|t:|1700333701\n|start\n|switch|p1a: Meu meninao|Dragonite, L50, M|100\/100\n|switch|p1b: Cheio de paum|Chien-Pao, L50|100\/100\n|switch|p2a: Felipe|Pelipper, L50, M|100\/100\n|switch|p2b: Futuropikka|Palafin, L50, F|100\/100\n|-ability|p1b: Cheio de paum|Sword of Ruin\n|-weather|RainDance|[from] ability: Drizzle|[of] p2a: Felipe\n|turn|1\n|inactive|VeversonJP has 30 seconds left.\n|\n|t:|1700333729\n|detailschange|p2b: Futuropikka|Palafin-Hero, L50, F\n|switch|p2b: Kokoro|Alomomola, L50, F|100\/100\n|move|p2a: Felipe|Protect|p2a: Felipe\n|-singleturn|p2a: Felipe|Protect\n|move|p1a: Meu meninao|Extreme Speed|p2a: Felipe\n|-activate|p2a: Felipe|move: Protect\n|move|p1b: Cheio de paum|Ice Spinner|p2a: Felipe\n|-activate|p2a: Felipe|move: Protect\n|\n|-weather|RainDance|[upkeep]\n|upkeep\n|turn|2\n|inactive|VeversonJP has 30 seconds left.\n|\n|t:|1700333762\n|move|p1a: Meu meninao|Extreme Speed|p2a: Felipe\n|-damage|p2a: Felipe|45\/100\n|move|p1b: Cheio de paum|Ice Spinner|p2a: Felipe\n|-damage|p2a: Felipe|0 fnt\n|faint|p2a: Felipe\n|move|p2b: Kokoro|Flip Turn|p1a: Meu meninao\n|-resisted|p1a: Meu meninao\n|-damage|p1a: Meu meninao|81\/100\n|\n|t:|1700333778\n|switch|p2b: Azuma Ryuu|Azumarill, L50, F|100\/100|[from] Flip Turn\n|\n|-weather|RainDance|[upkeep]\n|upkeep\n|\n|t:|1700333783\n|switch|p2a: Futuropikka|Palafin-Hero, L50, F|100\/100\n|-activate|p2a: Futuropikka|ability: Zero to Hero\n|turn|3\n|\n|t:|1700333800\n|switch|p1a: Almondegas|Amoonguss, L50, M, shiny|100\/100\n|-terastallize|p2a: Futuropikka|Water\n|move|p2a: Futuropikka|Jet Punch|p1b: Cheio de paum\n|-enditem|p1b: Cheio de paum|Focus Sash\n|-damage|p1b: Cheio de paum|1\/100\n|move|p1b: Cheio de paum|Crunch|p2a: Futuropikka\n|-damage|p2a: Futuropikka|51\/100\n|move|p2b: Azuma Ryuu|Ice Spinner|p1a: Almondegas\n|-supereffective|p1a: Almondegas\n|-damage|p1a: Almondegas|1\/100\n|-damage|p2b: Azuma Ryuu|84\/100|[from] item: Rocky Helmet|[of] p1a: Almondegas\n|\n|-weather|RainDance|[upkeep]\n|upkeep\n|turn|4\n|inactive|DeathReaperTTV has 30 seconds left.\n|\n|t:|1700333831\n|move|p1a: Almondegas|Rage Powder|p1a: Almondegas\n|-singleturn|p1a: Almondegas|move: Rage Powder\n|move|p2a: Futuropikka|Jet Punch|p1a: Almondegas\n|-resisted|p1a: Almondegas\n|-damage|p1a: Almondegas|0 fnt\n|-damage|p2a: Futuropikka|35\/100|[from] item: Rocky Helmet|[of] p1a: Almondegas\n|faint|p1a: Almondegas\n|move|p2b: Azuma Ryuu|Aqua Jet|p1b: Cheio de paum\n|-damage|p1b: Cheio de paum|0 fnt\n|faint|p1b: Cheio de paum\n|\n|-weather|RainDance|[upkeep]\n|upkeep\n|c|\u2606VeversonJP|Duplinha precoce\n|c|\u2606VeversonJP|Ao ataque\n|\n|t:|1700333844\n|switch|p1b: Soca rapido|Urshifu-Rapid-Strike, L50, M|100\/100\n|switch|p1a: Meu meninao|Dragonite, L50, M|81\/100\n|turn|5\n|c|\u2606DeathReaperTTV|KKKKK\n|\n|t:|1700333864\n|-terastallize|p1a: Meu meninao|Normal\n|move|p1a: Meu meninao|Extreme Speed|p2a: Futuropikka\n|-damage|p2a: Futuropikka|0 fnt\n|faint|p2a: Futuropikka\n|move|p1b: Soca rapido|Surging Strikes|p2b: Azuma Ryuu\n|-resisted|p2b: Azuma Ryuu\n|-crit|p2b: Azuma Ryuu\n|-damage|p2b: Azuma Ryuu|64\/100\n|-resisted|p2b: Azuma Ryuu\n|-crit|p2b: Azuma Ryuu\n|-damage|p2b: Azuma Ryuu|43\/100\n|-resisted|p2b: Azuma Ryuu\n|-crit|p2b: Azuma Ryuu\n|-damage|p2b: Azuma Ryuu|25\/100\n|-hitcount|p2b: Azuma Ryuu|3\n|move|p2b: Azuma Ryuu|Play Rough|p1b: Soca rapido\n|-supereffective|p1b: Soca rapido\n|-damage|p1b: Soca rapido|0 fnt\n|faint|p1b: Soca rapido\n|\n|-weather|RainDance|[upkeep]\n|upkeep\n|\n|t:|1700333885\n|switch|p2a: Kokoro|Alomomola, L50, F|100\/100\n|turn|6\n|c|\u2606DeathReaperTTV|Eu tenho o drago\n|c|\u2606DeathReaperTTV|E um sonho\n|\n|t:|1700333903\n|move|p1a: Meu meninao|Extreme Speed|p2b: Azuma Ryuu\n|-damage|p2b: Azuma Ryuu|0 fnt\n|faint|p2b: Azuma Ryuu\n|move|p2a: Kokoro|Scald|p1a: Meu meninao\n|-damage|p1a: Meu meninao|58\/100\n|\n|-weather|RainDance|[upkeep]\n|upkeep\n|turn|7\n|c|\u2606DeathReaperTTV|Br meninao\n|c|\u2606VeversonJP|Boa sorte pra matar a Kokoro\n|\n|t:|1700333924\n|move|p1a: Meu meninao|Dragon Dance|p1a: Meu meninao\n|-boost|p1a: Meu meninao|atk|1\n|-boost|p1a: Meu meninao|spe|1\n|move|p2a: Kokoro|Scald|p1a: Meu meninao\n|-damage|p1a: Meu meninao|34\/100\n|\n|-weather|RainDance|[upkeep]\n|upkeep\n|turn|8\n|c|\u2606DeathReaperTTV|Vo precisar mw\n|c|\u2606DeathReaperTTV|Msm\n|\n|t:|1700333933\n|move|p1a: Meu meninao|Roost|p1a: Meu meninao\n|-heal|p1a: Meu meninao|84\/100\n|move|p2a: Kokoro|Scald|p1a: Meu meninao\n|-damage|p1a: Meu meninao|60\/100\n|-status|p1a: Meu meninao|brn\n|\n|-weather|none\n|-damage|p1a: Meu meninao|54\/100 brn|[from] brn\n|upkeep\n|turn|9\n|c|\u2606VeversonJP|A\n|c|\u2606VeversonJP|Era de roost\n|c|\u2606VeversonJP|Arrombado\n|\n|t:|1700333946\n|move|p2a: Kokoro|Protect|p2a: Kokoro\n|-singleturn|p2a: Kokoro|Protect\n|move|p1a: Meu meninao|Extreme Speed|p2a: Kokoro\n|-activate|p2a: Kokoro|move: Protect\n|\n|-damage|p1a: Meu meninao|48\/100 brn|[from] brn\n|upkeep\n|turn|10\n|c|\u2606DeathReaperTTV|KKKKKKK\n|\n|t:|1700333959\n|move|p1a: Meu meninao|Roost|p1a: Meu meninao\n|-heal|p1a: Meu meninao|98\/100 brn\n|move|p2a: Kokoro|Wish|p2a: Kokoro\n|\n|-damage|p1a: Meu meninao|92\/100 brn|[from] brn\n|upkeep\n|turn|11\n|\n|t:|1700333967\n|move|p1a: Meu meninao|Dragon Dance|p1a: Meu meninao\n|-boost|p1a: Meu meninao|atk|1\n|-boost|p1a: Meu meninao|spe|1\n|move|p2a: Kokoro|Scald|p1a: Meu meninao\n|-damage|p1a: Meu meninao|75\/100 brn\n|\n|-damage|p1a: Meu meninao|69\/100 brn|[from] brn\n|upkeep\n|turn|12\n|c|\u2606DeathReaperTTV|Eu tenho esse drago\n|\n|t:|1700333977\n|move|p1a: Meu meninao|Roost|p1a: Meu meninao\n|-heal|p1a: Meu meninao|100\/100 brn\n|move|p2a: Kokoro|Flip Turn|p1a: Meu meninao\n|-damage|p1a: Meu meninao|84\/100 brn\n|\n|-damage|p1a: Meu meninao|78\/100 brn|[from] brn\n|upkeep\n|turn|13\n|c|\u2606DeathReaperTTV|Eu tenho\n|\n|t:|1700333989\n|move|p2a: Kokoro|Protect|p2a: Kokoro\n|-singleturn|p2a: Kokoro|Protect\n|move|p1a: Meu meninao|Dragon Dance|p1a: Meu meninao\n|-boost|p1a: Meu meninao|atk|1\n|-boost|p1a: Meu meninao|spe|1\n|\n|-damage|p1a: Meu meninao|72\/100 brn|[from] brn\n|upkeep\n|turn|14\n|\n|t:|1700333998\n|move|p1a: Meu meninao|Earthquake|p2a: Kokoro\n|-damage|p2a: Kokoro|74\/100\n|move|p2a: Kokoro|Flip Turn|p1a: Meu meninao\n|-damage|p1a: Meu meninao|53\/100 brn\n|\n|-damage|p1a: Meu meninao|47\/100 brn|[from] brn\n|upkeep\n|turn|15\n|\n|t:|1700334007\n|move|p1a: Meu meninao|Roost|p1a: Meu meninao\n|-heal|p1a: Meu meninao|97\/100 brn\n|move|p2a: Kokoro|Wish|p2a: Kokoro\n|\n|-damage|p1a: Meu meninao|91\/100 brn|[from] brn\n|upkeep\n|turn|16\n|\n|t:|1700334015\n|move|p2a: Kokoro|Protect|p2a: Kokoro\n|-singleturn|p2a: Kokoro|Protect\n|move|p1a: Meu meninao|Dragon Dance|p1a: Meu meninao\n|-boost|p1a: Meu meninao|atk|1\n|-boost|p1a: Meu meninao|spe|1\n|\n|-heal|p2a: Kokoro|100\/100|[from] move: Wish|[wisher] Kokoro\n|-damage|p1a: Meu meninao|85\/100 brn|[from] brn\n|upkeep\n|turn|17\n|c|\u2606DeathReaperTTV|Kkkk\n|\n|t:|1700334026\n|move|p1a: Meu meninao|Dragon Dance|p1a: Meu meninao\n|-boost|p1a: Meu meninao|atk|1\n|-boost|p1a: Meu meninao|spe|1\n|move|p2a: Kokoro|Flip Turn|p1a: Meu meninao\n|-damage|p1a: Meu meninao|67\/100 brn\n|\n|-damage|p1a: Meu meninao|61\/100 brn|[from] brn\n|upkeep\n|turn|18\n|c|\u2606DeathReaperTTV|Batalha infiniya\n|\n|t:|1700334035\n|move|p1a: Meu meninao|Dragon Dance|p1a: Meu meninao\n|-boost|p1a: Meu meninao|atk|1\n|-boost|p1a: Meu meninao|spe|1\n|move|p2a: Kokoro|Flip Turn|p1a: Meu meninao\n|-damage|p1a: Meu meninao|43\/100 brn\n|\n|-damage|p1a: Meu meninao|37\/100 brn|[from] brn\n|upkeep\n|turn|19\n|c|\u2606DeathReaperTTV|Prepara ta?\n|c|\u2606DeathReaperTTV|Crit em 3\n|c|\u2606DeathReaperTTV|2\n|c|\u2606DeathReaperTTV|1\n|\n|t:|1700334045\n|move|p1a: Meu meninao|Roost|p1a: Meu meninao\n|-heal|p1a: Meu meninao|87\/100 brn\n|move|p2a: Kokoro|Flip Turn|p1a: Meu meninao\n|-damage|p1a: Meu meninao|67\/100 brn\n|\n|-damage|p1a: Meu meninao|61\/100 brn|[from] brn\n|upkeep\n|turn|20\n|\n|t:|1700334054\n|move|p2a: Kokoro|Protect|p2a: Kokoro\n|-singleturn|p2a: Kokoro|Protect\n|move|p1a: Meu meninao|Extreme Speed|p2a: Kokoro\n|-activate|p2a: Kokoro|move: Protect\n|\n|-damage|p1a: Meu meninao|55\/100 brn|[from] brn\n|upkeep\n|turn|21\n|c|\u2606VeversonJP|Alguma hora o crit sai\n|\n|t:|1700334069\n|move|p1a: Meu meninao|Extreme Speed|p2a: Kokoro\n|-damage|p2a: Kokoro|35\/100\n|move|p2a: Kokoro|Flip Turn|p1a: Meu meninao\n|-damage|p1a: Meu meninao|35\/100 brn\n|\n|-damage|p1a: Meu meninao|29\/100 brn|[from] brn\n|upkeep\n|turn|22\n|\n|t:|1700334079\n|move|p2a: Kokoro|Protect|p2a: Kokoro\n|-singleturn|p2a: Kokoro|Protect\n|move|p1a: Meu meninao|Roost|p1a: Meu meninao\n|-heal|p1a: Meu meninao|79\/100 brn\n|\n|-damage|p1a: Meu meninao|73\/100 brn|[from] brn\n|upkeep\n|turn|23\n|c|\u2606DeathReaperTTV|Digo o msm\n|\n|t:|1700334087\n|move|p1a: Meu meninao|Extreme Speed|p2a: Kokoro\n|-damage|p2a: Kokoro|0 fnt\n|faint|p2a: Kokoro\n|\n|win|DeathReaperTTV\n|c|\u2606DeathReaperTTV|KKKKKKKKK\n|c|&|\/uhtml prompt-veversonjp,VeversonJP is ready for game 2!\n|inactive|DeathReaperTTV has 50 seconds to confirm battle start!\n|c|\u2606DeathReaperTTV|Meu meninao\n|c|\u2606DeathReaperTTV|\u00c9 broken\n|c|\u2606DeathReaperTTV|Agree?\n|c|&|\/uhtml prompt-deathreaperttv,DeathReaperTTV is ready for game 2!\nBoth players are ready! Starting next match!\n|l|\u2606DeathReaperTTV\n","uploadtime":1700334958,"views":9,"p1id":"deathreaperttv","p2id":"veversonjp","formatid":"gen9vgc2023regulatione","rating":0,"private":0,"password":""}