{"id":"gen9vgc2023regulatione-1990735198","p1":"Dilly-Jo","p2":"PjBlackkk","format":"[Gen 9] VGC 2023 Regulation E","log":"|j|\u2606Dilly-Jo\n|j|\u2606PjBlackkk\n|t:|1699995957\n|gametype|doubles\n|player|p1|Dilly-Jo|101|1367\n|player|p2|PjBlackkk|266|1480\n|teamsize|p1|6\n|teamsize|p2|6\n|gen|9\n|tier|[Gen 9] VGC 2023 Regulation E\n|rated|\n|rule|Species Clause: Limit one of each Pok\u00e9mon\n|rule|Item Clause: Limit one of each item\n|clearpoke\n|poke|p1|Torkoal, L50, M|\n|poke|p1|Dachsbun, L50, M|\n|poke|p1|Chi-Yu, L50|\n|poke|p1|Flutter Mane, L50|\n|poke|p1|Brute Bonnet, L50|\n|poke|p1|Great Tusk, L50|\n|poke|p2|Sneasler, L50, M|\n|poke|p2|Salamence, L50, M|\n|poke|p2|Kingambit, L50, F|\n|poke|p2|Sinistcha-Masterpiece, L50|\n|poke|p2|Politoed, L50, M|\n|poke|p2|Basculegion-F, L50, F|\n|teampreview|4\nDilly-Jo has agreed to open team sheets.\n|inactive|Battle timer is ON: inactive players will automatically lose when time's up. (requested by Dilly-Jo)\n|\n|t:|1699995984\n|start\n|switch|p1a: Torkoal|Torkoal, L50, M|100\/100\n|switch|p1b: Flutter Mane|Flutter Mane, L50|100\/100\n|switch|p2a: Kingambit|Kingambit, L50, F|100\/100\n|switch|p2b: Politoed|Politoed, L50, M|100\/100\n|-weather|RainDance|[from] ability: Drizzle|[of] p2b: Politoed\n|-weather|SunnyDay|[from] ability: Drought|[of] p1a: Torkoal\n|-activate|p1b: Flutter Mane|ability: Protosynthesis\n|-start|p1b: Flutter Mane|protosynthesisspe\n|turn|1\n|inactive|Dilly-Jo has 30 seconds left.\n|inactive|Dilly-Jo has 20 seconds left.\n|\n|t:|1699996021\n|-terastallize|p1b: Flutter Mane|Fairy\n|-terastallize|p2a: Kingambit|Ghost\n|move|p1a: Torkoal|Helping Hand|p1b: Flutter Mane\n|-singleturn|p1b: Flutter Mane|Helping Hand|[of] p1a: Torkoal\n|move|p1b: Flutter Mane|Moonblast|p2a: Kingambit\n|-damage|p2a: Kingambit|0 fnt\n|faint|p2a: Kingambit\n|move|p2b: Politoed|Chilling Water|p1a: Torkoal\n|-supereffective|p1a: Torkoal\n|-damage|p1a: Torkoal|77\/100\n|-unboost|p1a: Torkoal|atk|1\n|\n|-weather|SunnyDay|[upkeep]\n|upkeep\n|\n|t:|1699996036\n|switch|p2a: Salamence|Salamence, L50, M|100\/100\n|-ability|p2a: Salamence|Intimidate|boost\n|-unboost|p1a: Torkoal|atk|1\n|-unboost|p1b: Flutter Mane|atk|1\n|turn|2\n|\n|t:|1699996045\n|-end|p1b: Flutter Mane|Protosynthesis|[silent]\n|switch|p1b: Dachsbun|Dachsbun, L50, M|100\/100\n|move|p2a: Salamence|Protect|p2a: Salamence\n|-singleturn|p2a: Salamence|Protect\n|move|p2b: Politoed|Icy Wind|p1a: Torkoal|[spread] p1a,p1b\n|-resisted|p1a: Torkoal\n|-damage|p1a: Torkoal|71\/100\n|-damage|p1b: Dachsbun|88\/100\n|-unboost|p1a: Torkoal|spe|1\n|-unboost|p1b: Dachsbun|spe|1\n|move|p1a: Torkoal|Lava Plume|p2b: Politoed|[spread] p2b\n|-activate|p2a: Salamence|move: Protect\n|-ability|p1b: Dachsbun|Well-Baked Body|boost\n|-boost|p1b: Dachsbun|def|2\n|-resisted|p2b: Politoed\n|-crit|p2b: Politoed\n|-damage|p2b: Politoed|82\/100\n|\n|-weather|SunnyDay|[upkeep]\n|-heal|p2b: Politoed|88\/100|[from] item: Leftovers\n|-heal|p1b: Dachsbun|94\/100|[from] item: Leftovers\n|upkeep\n|turn|3\n|\n|t:|1699996067\n|switch|p2b: Sinistcha|Sinistcha-Masterpiece, L50|100\/100\n|move|p1a: Torkoal|Helping Hand|p1b: Dachsbun\n|-singleturn|p1b: Dachsbun|Helping Hand|[of] p1a: Torkoal\n|move|p2a: Salamence|Draco Meteor|p1a: Torkoal\n|-damage|p1a: Torkoal|2\/100\n|-unboost|p2a: Salamence|spa|2\n|move|p1b: Dachsbun|Body Press|p2b: Sinistcha\n|-immune|p2b: Sinistcha\n|\n|-weather|SunnyDay|[upkeep]\n|-heal|p1b: Dachsbun|100\/100|[from] item: Leftovers\n|upkeep\n|turn|4\n|\n|t:|1699996085\n|switch|p2a: Politoed|Politoed, L50, M|88\/100\n|-weather|RainDance|[from] ability: Drizzle|[of] p2a: Politoed\n|move|p1a: Torkoal|Protect|p1a: Torkoal\n|-singleturn|p1a: Torkoal|Protect\n|move|p2b: Sinistcha|Matcha Gotcha|p1b: Dachsbun|[spread] p1b\n|-activate|p1a: Torkoal|move: Protect\n|-damage|p1b: Dachsbun|67\/100\n|move|p1b: Dachsbun|Wish|p1b: Dachsbun\n|\n|-weather|RainDance|[upkeep]\n|-heal|p2a: Politoed|94\/100|[from] item: Leftovers\n|-heal|p1b: Dachsbun|74\/100|[from] item: Leftovers\n|upkeep\n|turn|5\n|inactive|Dilly-Jo has 30 seconds left.\n|\n|t:|1699996111\n|switch|p1a: Brute Bonnet|Brute Bonnet, L50|100\/100\n|move|p2a: Politoed|Icy Wind|p1a: Brute Bonnet|[spread] p1a,p1b\n|-supereffective|p1a: Brute Bonnet\n|-crit|p1b: Dachsbun\n|-damage|p1a: Brute Bonnet|84\/100\n|-damage|p1b: Dachsbun|54\/100\n|-unboost|p1a: Brute Bonnet|spe|1\n|-unboost|p1b: Dachsbun|spe|1\n|move|p2b: Sinistcha|Matcha Gotcha|p1b: Dachsbun|[spread] p1a,p1b\n|-resisted|p1a: Brute Bonnet\n|-damage|p1a: Brute Bonnet|74\/100\n|-damage|p1b: Dachsbun|23\/100\n|move|p1b: Dachsbun|Body Press|p2a: Politoed\n|-damage|p2a: Politoed|37\/100\n|\n|-weather|RainDance|[upkeep]\n|-heal|p1b: Dachsbun|73\/100|[from] move: Wish|[wisher] Dachsbun\n|-heal|p2a: Politoed|43\/100|[from] item: Leftovers\n|-heal|p1b: Dachsbun|79\/100|[from] item: Leftovers\n|upkeep\n|turn|6\n|inactive|Dilly-Jo has 30 seconds left.\n|inactive|PjBlackkk has 30 seconds left.\n|\n|t:|1699996137\n|switch|p2b: Salamence|Salamence, L50, M|100\/100\n|-ability|p2b: Salamence|Intimidate|boost\n|-unboost|p1a: Brute Bonnet|atk|1\n|-unboost|p1b: Dachsbun|atk|1\n|move|p1b: Dachsbun|Protect|p1b: Dachsbun\n|-singleturn|p1b: Dachsbun|Protect\n|move|p1a: Brute Bonnet|Sucker Punch||[still]\n|-fail|p1a: Brute Bonnet\n|move|p2a: Politoed|Chilling Water|p1a: Brute Bonnet\n|-resisted|p1a: Brute Bonnet\n|-damage|p1a: Brute Bonnet|65\/100\n|-unboost|p1a: Brute Bonnet|atk|1\n|\n|-weather|RainDance|[upkeep]\n|-heal|p2a: Politoed|49\/100|[from] item: Leftovers\n|-heal|p1b: Dachsbun|85\/100|[from] item: Leftovers\n|upkeep\n|turn|7\n|inactive|Dilly-Jo has 30 seconds left.\n|\n|t:|1699996172\n|move|p2a: Politoed|Protect|p2a: Politoed\n|-singleturn|p2a: Politoed|Protect\n|move|p1a: Brute Bonnet|Sucker Punch|p2b: Salamence\n|-damage|p2b: Salamence|79\/100\n|move|p2b: Salamence|Hurricane|p1a: Brute Bonnet\n|-supereffective|p1a: Brute Bonnet\n|-damage|p1a: Brute Bonnet|0 fnt\n|faint|p1a: Brute Bonnet\n|-end|p1a: Brute Bonnet|Protosynthesis|[silent]\n|move|p1b: Dachsbun|Body Press|p2a: Politoed\n|-activate|p2a: Politoed|move: Protect\n|\n|-weather|RainDance|[upkeep]\n|-heal|p2a: Politoed|56\/100|[from] item: Leftovers\n|-heal|p1b: Dachsbun|91\/100|[from] item: Leftovers\n|upkeep\n|inactive|Dilly-Jo has 30 seconds left.\n|inactive|Dilly-Jo has 20 seconds left.\n|\n|t:|1699996212\n|switch|p1a: Flutter Mane|Flutter Mane, L50, tera:Fairy|100\/100\n|turn|8\n|\n|t:|1699996226\n|switch|p1b: Torkoal|Torkoal, L50, M|2\/100\n|-weather|SunnyDay|[from] ability: Drought|[of] p1b: Torkoal\n|-activate|p1a: Flutter Mane|ability: Protosynthesis\n|-start|p1a: Flutter Mane|protosynthesisspe\n|move|p2b: Salamence|Protect|p2b: Salamence\n|-singleturn|p2b: Salamence|Protect\n|move|p1a: Flutter Mane|Dazzling Gleam|p2b: Salamence|[spread] p2a\n|-activate|p2b: Salamence|move: Protect\n|-damage|p2a: Politoed|7\/100\n|move|p2a: Politoed|Icy Wind|p1b: Torkoal|[spread] p1a,p1b\n|-resisted|p1b: Torkoal\n|-crit|p1b: Torkoal\n|-damage|p1a: Flutter Mane|92\/100\n|-damage|p1b: Torkoal|0 fnt\n|-unboost|p1a: Flutter Mane|spe|1\n|faint|p1b: Torkoal\n|\n|-weather|SunnyDay|[upkeep]\n|-heal|p2a: Politoed|13\/100|[from] item: Leftovers\n|upkeep\n|\n|t:|1699996244\n|switch|p1b: Dachsbun|Dachsbun, L50, M|91\/100\n|turn|9\n|\n|t:|1699996254\n|switch|p2a: Sinistcha|Sinistcha-Masterpiece, L50|100\/100\n|-heal|p2b: Salamence|100\/100|[from] ability: Hospitality|[of] p2a: Sinistcha\n|move|p1a: Flutter Mane|Dazzling Gleam|p2b: Salamence|[spread] p2a,p2b\n|-supereffective|p2b: Salamence\n|-damage|p2a: Sinistcha|25\/100\n|-damage|p2b: Salamence|0 fnt\n|faint|p2b: Salamence\n|move|p1b: Dachsbun|Wish|p1b: Dachsbun\n|\n|-weather|SunnyDay|[upkeep]\n|-heal|p1b: Dachsbun|97\/100|[from] item: Leftovers\n|upkeep\n|\n|t:|1699996266\n|switch|p2b: Politoed|Politoed, L50, M|13\/100\n|-weather|RainDance|[from] ability: Drizzle|[of] p2b: Politoed\n|-end|p1a: Flutter Mane|Protosynthesis\n|turn|10\n|\n|t:|1699996280\n|move|p1b: Dachsbun|Protect|p1b: Dachsbun\n|-singleturn|p1b: Dachsbun|Protect\n|move|p1a: Flutter Mane|Dazzling Gleam|p2b: Politoed|[spread] p2a,p2b\n|-damage|p2a: Sinistcha|0 fnt\n|-damage|p2b: Politoed|0 fnt\n|faint|p2a: Sinistcha\n|faint|p2b: Politoed\n|\n|win|Dilly-Jo\n|raw|Dilly-Jo's rating: 1367 &rarr; <strong>1393<\/strong><br \/>(+26 for winning)\n|raw|PjBlackkk's rating: 1480 &rarr; <strong>1454<\/strong><br \/>(-26 for losing)\n","uploadtime":1699996289,"views":7,"p1id":"dillyjo","p2id":"pjblackkk","formatid":"gen9vgc2023regulatione","rating":1393,"private":0,"password":""}