{"id":"gen9vgc2023regulatione-2000388051","p1":"pokedoke3","p2":"Aquarsene","format":"[Gen 9] VGC 2023 Regulation E","log":"|j|\u2606pokedoke3\n|j|\u2606Aquarsene\n|t:|1701190604\n|gametype|doubles\n|player|p1|pokedoke3|102|1000\n|player|p2|Aquarsene|102|1037\n|teamsize|p1|6\n|teamsize|p2|6\n|gen|9\n|tier|[Gen 9] VGC 2023 Regulation E\n|rated|\n|rule|Species Clause: Limit one of each Pok\u00e9mon\n|rule|Item Clause: Limit one of each item\n|clearpoke\n|poke|p1|Drifblim, L50, M|\n|poke|p1|Rillaboom, L50, M|\n|poke|p1|Tatsugiri, L50, F|\n|poke|p1|Dondozo, L50, M|\n|poke|p1|Armarouge, L50, M|\n|poke|p1|Indeedee-F, L50, F|\n|poke|p2|Murkrow, L50, M|\n|poke|p2|Great Tusk, L50|\n|poke|p2|Hydreigon, L50, F|\n|poke|p2|Ninetales-Alola, L50, M|\n|poke|p2|Articuno, L50|\n|poke|p2|Palafin, L50, M|\n|teampreview|4\n|inactive|Battle timer is ON: inactive players will automatically lose when time's up. (requested by pokedoke3)\n|\n|t:|1701190617\n|start\n|switch|p1a: Drifblim|Drifblim, L50, M|100\/100\n|switch|p1b: Rillaboom|Rillaboom, L50, M|100\/100\n|switch|p2a: Palafin|Palafin, L50, M|100\/100\n|switch|p2b: Ninetales|Ninetales-Alola, L50, M|100\/100\n|-weather|Snow|[from] ability: Snow Warning|[of] p2b: Ninetales\n|-fieldstart|move: Grassy Terrain|[from] ability: Grassy Surge|[of] p1b: Rillaboom\n|-enditem|p1a: Drifblim|Grassy Seed\n|-boost|p1a: Drifblim|def|1|[from] item: Grassy Seed\n|turn|1\n|\n|t:|1701190638\n|detailschange|p2a: Palafin|Palafin-Hero, L50, M\n|switch|p2a: Articuno|Articuno, L50|100\/100\n|move|p1b: Rillaboom|Fake Out|p2b: Ninetales\n|-damage|p2b: Ninetales|91\/100\n|move|p1a: Drifblim|Minimize|p1a: Drifblim\n|-boost|p1a: Drifblim|evasion|2\n|cant|p2b: Ninetales|flinch\n|\n|-weather|Snow|[upkeep]\n|-heal|p2b: Ninetales|96\/100|[from] Grassy Terrain\n|upkeep\n|turn|2\n|inactive|pokedoke3 has 30 seconds left.\n|\n|t:|1701190666\n|-terastallize|p1b: Rillaboom|Steel\n|move|p1a: Drifblim|Baton Pass|p1a: Drifblim\n|\n|t:|1701190673\n|switch|p1a: Dondozo|Dondozo, L50, M|100\/100|[from] Baton Pass\n|move|p2b: Ninetales|Aurora Veil|p2b: Ninetales\n|-sidestart|p2: Aquarsene|move: Aurora Veil\n|move|p2a: Articuno|Blizzard|p1a: Dondozo|[spread] p1a,p1b\n|-resisted|p1a: Dondozo\n|-resisted|p1b: Rillaboom\n|-damage|p1a: Dondozo|85\/100\n|-damage|p1b: Rillaboom|90\/100\n|-status|p1b: Rillaboom|frz\n|cant|p1b: Rillaboom|frz\n|\n|-weather|Snow|[upkeep]\n|-heal|p2b: Ninetales|100\/100|[from] Grassy Terrain\n|-heal|p1b: Rillaboom|96\/100 frz|[from] Grassy Terrain\n|-heal|p1a: Dondozo|91\/100|[from] Grassy Terrain\n|-heal|p1a: Dondozo|97\/100|[from] item: Leftovers\n|upkeep\n|turn|3\n|\n|t:|1701190694\n|switch|p1b: Tatsugiri|Tatsugiri, L50, F|100\/100\n|-activate|p1b: Tatsugiri|ability: Commander|[of] p1a: Dondozo\n|-boost|p1a: Dondozo|atk|2\n|-boost|p1a: Dondozo|spa|2\n|-boost|p1a: Dondozo|spe|2\n|-boost|p1a: Dondozo|def|2\n|-boost|p1a: Dondozo|spd|2\n|move|p1a: Dondozo|Protect|p1a: Dondozo\n|-singleturn|p1a: Dondozo|Protect\n|move|p2b: Ninetales|Moonblast|p1a: Dondozo\n|-activate|p1a: Dondozo|move: Protect\n|move|p2a: Articuno|Icy Wind|p1b: Tatsugiri|[spread] \n|-miss|p2a: Articuno|p1b: Tatsugiri\n|-activate|p1a: Dondozo|move: Protect\n|\n|-weather|Snow|[upkeep]\n|-heal|p1a: Dondozo|100\/100|[from] Grassy Terrain\n|upkeep\n|turn|4\n|\n|t:|1701190715\n|move|p2a: Articuno|Helping Hand|p2b: Ninetales\n|-singleturn|p2b: Ninetales|Helping Hand|[of] p2a: Articuno\n|move|p1a: Dondozo|Order Up|p2a: Articuno\n|-damage|p2a: Articuno|85\/100\n|-boost|p1a: Dondozo|atk|1\n|move|p2b: Ninetales|Moonblast|p1a: Dondozo\n|-damage|p1a: Dondozo|82\/100\n|\n|-weather|Snow|[upkeep]\n|-heal|p1a: Dondozo|88\/100|[from] Grassy Terrain\n|-heal|p1a: Dondozo|94\/100|[from] item: Leftovers\n|upkeep\n|turn|5\n|\n|t:|1701190735\n|move|p1a: Dondozo|Order Up|p2a: Articuno|[miss]\n|-miss|p1a: Dondozo|p2a: Articuno\n|move|p2b: Ninetales|Moonblast|p1a: Dondozo\n|-damage|p1a: Dondozo|81\/100\n|move|p2a: Articuno|Icy Wind|p1b: Tatsugiri|[spread] \n|-miss|p2a: Articuno|p1b: Tatsugiri\n|-miss|p2a: Articuno|p1a: Dondozo\n|\n|-weather|none\n|-heal|p1a: Dondozo|88\/100|[from] Grassy Terrain\n|-heal|p1a: Dondozo|94\/100|[from] item: Leftovers\n|-fieldend|move: Grassy Terrain\n|upkeep\n|turn|6\n|\n|t:|1701190749\n|move|p1a: Dondozo|Order Up|p2a: Articuno\n|-damage|p2a: Articuno|54\/100\n|-boost|p1a: Dondozo|atk|1\n|move|p2b: Ninetales|Moonblast|p1a: Dondozo|[miss]\n|-miss|p2b: Ninetales|p1a: Dondozo\n|move|p2a: Articuno|Icy Wind|p1b: Tatsugiri|[spread] p1a\n|-miss|p2a: Articuno|p1b: Tatsugiri\n|-resisted|p1a: Dondozo\n|-damage|p1a: Dondozo|90\/100\n|-unboost|p1a: Dondozo|spe|1\n|\n|-heal|p1a: Dondozo|96\/100|[from] item: Leftovers\n|upkeep\n|turn|7\n|inactive|Aquarsene has 30 seconds left.\n|\n|t:|1701190777\n|move|p2b: Ninetales|Moonblast|p1a: Dondozo\n|-damage|p1a: Dondozo|84\/100\n|-unboost|p1a: Dondozo|spa|1\n|move|p1a: Dondozo|Order Up|p2a: Articuno\n|-damage|p2a: Articuno|23\/100\n|-boost|p1a: Dondozo|atk|1\n|move|p2a: Articuno|Icy Wind|p1b: Tatsugiri|[spread] \n|-miss|p2a: Articuno|p1b: Tatsugiri\n|-miss|p2a: Articuno|p1a: Dondozo\n|\n|-heal|p1a: Dondozo|90\/100|[from] item: Leftovers\n|upkeep\n|turn|8\n|\n|t:|1701190793\n|move|p2a: Articuno|Helping Hand|p2b: Ninetales\n|-singleturn|p2b: Ninetales|Helping Hand|[of] p2a: Articuno\n|move|p2b: Ninetales|Moonblast|p1a: Dondozo\n|-damage|p1a: Dondozo|70\/100\n|move|p1a: Dondozo|Order Up|p2a: Articuno\n|-damage|p2a: Articuno|0 fnt\n|faint|p2a: Articuno\n|-boost|p1a: Dondozo|atk|1\n|\n|-heal|p1a: Dondozo|76\/100|[from] item: Leftovers\n|upkeep\n|\n|t:|1701190803\n|switch|p2a: Great Tusk|Great Tusk, L50|100\/100\n|turn|9\n|\n|t:|1701190822\n|-terastallize|p2a: Great Tusk|Ground\n|move|p2b: Ninetales|Moonblast|p1a: Dondozo|[miss]\n|-miss|p2b: Ninetales|p1a: Dondozo\n|move|p2a: Great Tusk|Headlong Rush|p1a: Dondozo|[miss]\n|-miss|p2a: Great Tusk|p1a: Dondozo\n|move|p1a: Dondozo|Wave Crash|p2a: Great Tusk\n|-supereffective|p2a: Great Tusk\n|-damage|p2a: Great Tusk|0 fnt\n|faint|p2a: Great Tusk\n|-end|p2a: Great Tusk|Protosynthesis|[silent]\n|-damage|p1a: Dondozo|52\/100|[from] Recoil\n|\n|-heal|p1a: Dondozo|58\/100|[from] item: Leftovers\n|-sideend|p2: Aquarsene|move: Aurora Veil\n|upkeep\n|\n|t:|1701190835\n|switch|p2a: Palafin|Palafin-Hero, L50, M|100\/100\n|-activate|p2a: Palafin|ability: Zero to Hero\n|turn|10\n|\n|t:|1701190845\n|move|p1a: Dondozo|Protect|p1a: Dondozo\n|-singleturn|p1a: Dondozo|Protect\n|move|p2b: Ninetales|Moonblast|p1a: Dondozo\n|-activate|p1a: Dondozo|move: Protect\n|move|p2a: Palafin|Substitute|p2a: Palafin\n|-start|p2a: Palafin|Substitute\n|-damage|p2a: Palafin|76\/100\n|\n|-heal|p1a: Dondozo|64\/100|[from] item: Leftovers\n|upkeep\n|turn|11\n|\n|t:|1701190858\n|move|p2b: Ninetales|Moonblast|p1a: Dondozo\n|-damage|p1a: Dondozo|50\/100\n|move|p2a: Palafin|Wave Crash|p1a: Dondozo\n|-resisted|p1a: Dondozo\n|-damage|p1a: Dondozo|37\/100\n|-damage|p2a: Palafin|70\/100|[from] Recoil\n|move|p1a: Dondozo|Earthquake|p2a: Palafin|[spread] p2a,p2b\n|-miss|p1a: Dondozo|p1b: Tatsugiri\n|-end|p2a: Palafin|Substitute\n|-damage|p2b: Ninetales|17\/100\n|\n|-heal|p1a: Dondozo|44\/100|[from] item: Leftovers\n|upkeep\n|turn|12\n|\n|t:|1701190879\n|move|p2b: Ninetales|Moonblast|p1a: Dondozo\n|-damage|p1a: Dondozo|31\/100\n|move|p2a: Palafin|Substitute|p2a: Palafin\n|-start|p2a: Palafin|Substitute\n|-damage|p2a: Palafin|45\/100\n|move|p1a: Dondozo|Earthquake|p2b: Ninetales|[spread] p2a,p2b\n|-miss|p1a: Dondozo|p1b: Tatsugiri\n|-end|p2a: Palafin|Substitute\n|-damage|p2b: Ninetales|0 fnt\n|faint|p2b: Ninetales\n|\n|-heal|p1a: Dondozo|37\/100|[from] item: Leftovers\n|upkeep\n|turn|13\n|\n|t:|1701190893\n|move|p2a: Palafin|Wave Crash|p1a: Dondozo\n|-resisted|p1a: Dondozo\n|-damage|p1a: Dondozo|26\/100\n|-damage|p2a: Palafin|40\/100|[from] Recoil\n|move|p1a: Dondozo|Earthquake|p2a: Palafin|[spread] p2a\n|-miss|p1a: Dondozo|p1b: Tatsugiri\n|-damage|p2a: Palafin|0 fnt\n|faint|p2a: Palafin\n|\n|win|pokedoke3\n|raw|pokedoke3's rating: 1000 &rarr; <strong>1044<\/strong><br \/>(+44 for winning)\n|raw|Aquarsene's rating: 1037 &rarr; <strong>1020<\/strong><br \/>(-17 for losing)\n|c|\u2606pokedoke3|ez\n|c|\u2606Aquarsene|gg\n|l|\u2606Aquarsene\n","uploadtime":1701190917,"views":25,"p1id":"pokedoke3","p2id":"aquarsene","formatid":"gen9vgc2023regulatione","rating":1020,"private":0,"password":""}