{"id":"gen9vgc2023regulatione-1997804243","p1":"Lptp","p2":"xerth","format":"[Gen 9] VGC 2023 Regulation E","log":"|j|\u2606Lptp\n|j|\u2606xerth\n|t:|1700854491\n|gametype|doubles\n|player|p1|Lptp|102|1467\n|player|p2|xerth|pokemonbreeder-gen4|1502\n|teamsize|p1|6\n|teamsize|p2|6\n|gen|9\n|tier|[Gen 9] VGC 2023 Regulation E\n|rated|\n|rule|Species Clause: Limit one of each Pok\u00e9mon\n|rule|Item Clause: Limit one of each item\n|clearpoke\n|poke|p1|Lilligant-Hisui, L50, F|\n|poke|p1|Torkoal, L50, F|\n|poke|p1|Landorus-Therian, L50, M|\n|poke|p1|Flutter Mane, L50|\n|poke|p1|Baxcalibur, L50, F|\n|poke|p1|Ogerpon-Wellspring, L50, F|\n|poke|p2|Roaring Moon, L50|\n|poke|p2|Weezing, L50, M|\n|poke|p2|Milotic, L50, M|\n|poke|p2|Iron Hands, L50|\n|poke|p2|Flutter Mane, L50|\n|poke|p2|Urshifu-*, L50, F|\n|teampreview|4\n|inactive|Battle timer is ON: inactive players will automatically lose when time's up. (requested by xerth)\n|inactive|Lptp has 60 seconds left.\n|inactive|xerth has 60 seconds left.\n|\n|t:|1700854544\n|start\n|switch|p1a: Landorus|Landorus-Therian, L50, M|100\/100\n|switch|p1b: Ogerpon|Ogerpon-Wellspring, L50, F|100\/100\n|switch|p2a: Roaring Moon|Roaring Moon, L50|100\/100\n|switch|p2b: Weezing|Weezing, L50, M, shiny|100\/100\n|-ability|p2b: Weezing|Neutralizing Gas\n|-enditem|p2a: Roaring Moon|Booster Energy\n|-activate|p2a: Roaring Moon|ability: Protosynthesis|[fromitem]\n|-start|p2a: Roaring Moon|protosynthesisspe\n|turn|1\n|\n|t:|1700854564\n|-terastallize|p2a: Roaring Moon|Flying\n|move|p1b: Ogerpon|Spiky Shield|p1b: Ogerpon\n|-singleturn|p1b: Ogerpon|move: Protect\n|move|p2a: Roaring Moon|Acrobatics|p1b: Ogerpon\n|-activate|p1b: Ogerpon|move: Protect\n|-damage|p2a: Roaring Moon|88\/100|[from] Spiky Shield|[of] p1b: Ogerpon\n|move|p1a: Landorus|Stomping Tantrum|p2b: Weezing\n|-supereffective|p2b: Weezing\n|-crit|p2b: Weezing\n|-damage|p2b: Weezing|0 fnt\n|faint|p2b: Weezing\n|-end|p2b: Weezing|ability: Neutralizing Gas\n|-ability|p1a: Landorus|Intimidate|boost\n|-unboost|p2a: Roaring Moon|atk|1\n|\n|upkeep\n|\n|t:|1700854570\n|switch|p2b: Urshifu|Urshifu-Rapid-Strike, L50, F|100\/100\n|turn|2\n|inactive|Lptp has 30 seconds left.\n|\n|t:|1700854597\n|switch|p1b: Baxcalibur|Baxcalibur, L50, F, shiny|100\/100\n|-terastallize|p1a: Landorus|Water\n|move|p2a: Roaring Moon|Acrobatics|p1b: Baxcalibur\n|-damage|p1b: Baxcalibur|68\/100\n|move|p2b: Urshifu|Surging Strikes|p1a: Landorus\n|-resisted|p1a: Landorus\n|-crit|p1a: Landorus\n|-damage|p1a: Landorus|88\/100\n|-resisted|p1a: Landorus\n|-crit|p1a: Landorus\n|-damage|p1a: Landorus|75\/100\n|-resisted|p1a: Landorus\n|-crit|p1a: Landorus\n|-damage|p1a: Landorus|62\/100\n|-hitcount|p1a: Landorus|3\n|move|p1a: Landorus|Stomping Tantrum|p2b: Urshifu\n|-damage|p2b: Urshifu|55\/100\n|\n|upkeep\n|turn|3\n|inactive|Lptp has 30 seconds left.\n|\n|t:|1700854626\n|move|p1b: Baxcalibur|Ice Shard|p2a: Roaring Moon\n|-supereffective|p2a: Roaring Moon\n|-damage|p2a: Roaring Moon|22\/100\n|move|p2a: Roaring Moon|Knock Off|p1b: Baxcalibur\n|-damage|p1b: Baxcalibur|38\/100\n|-enditem|p1b: Baxcalibur|Assault Vest|[from] move: Knock Off|[of] p2a: Roaring Moon\n|move|p2b: Urshifu|Surging Strikes|p1b: Baxcalibur\n|-resisted|p1b: Baxcalibur\n|-crit|p1b: Baxcalibur\n|-damage|p1b: Baxcalibur|29\/100\n|-resisted|p1b: Baxcalibur\n|-crit|p1b: Baxcalibur\n|-damage|p1b: Baxcalibur|20\/100\n|-resisted|p1b: Baxcalibur\n|-crit|p1b: Baxcalibur\n|-damage|p1b: Baxcalibur|10\/100\n|-hitcount|p1b: Baxcalibur|3\n|move|p1a: Landorus|Stomping Tantrum|p2b: Urshifu\n|-damage|p2b: Urshifu|5\/100\n|\n|upkeep\n|turn|4\n|\n|t:|1700854651\n|move|p2a: Roaring Moon|Protect|p2a: Roaring Moon\n|-singleturn|p2a: Roaring Moon|Protect\n|move|p1b: Baxcalibur|Ice Shard|p2a: Roaring Moon\n|-activate|p2a: Roaring Moon|move: Protect\n|move|p2b: Urshifu|Surging Strikes|p1a: Landorus\n|-resisted|p1a: Landorus\n|-crit|p1a: Landorus\n|-damage|p1a: Landorus|51\/100\n|-resisted|p1a: Landorus\n|-crit|p1a: Landorus\n|-damage|p1a: Landorus|38\/100\n|-resisted|p1a: Landorus\n|-crit|p1a: Landorus\n|-damage|p1a: Landorus|26\/100\n|-hitcount|p1a: Landorus|3\n|move|p1a: Landorus|Stomping Tantrum|p2b: Urshifu\n|-damage|p2b: Urshifu|0 fnt\n|faint|p2b: Urshifu\n|\n|upkeep\n|\n|t:|1700854660\n|switch|p2b: Iron Hands|Iron Hands, L50, shiny|100\/100\n|turn|5\n|\n|t:|1700854678\n|switch|p1b: Flutter Mane|Flutter Mane, L50, shiny|100\/100\n|move|p2b: Iron Hands|Fake Out|p1b: Flutter Mane\n|-immune|p1b: Flutter Mane\n|move|p2a: Roaring Moon|Acrobatics|p1a: Landorus\n|-damage|p1a: Landorus|0 fnt\n|faint|p1a: Landorus\n|\n|upkeep\n|\n|t:|1700854689\n|switch|p1a: Baxcalibur|Baxcalibur, L50, F, shiny|10\/100\n|turn|6\n|\n|t:|1700854698\n|move|p2a: Roaring Moon|Protect|p2a: Roaring Moon\n|-singleturn|p2a: Roaring Moon|Protect\n|move|p1b: Flutter Mane|Moonblast|p2b: Iron Hands\n|-supereffective|p2b: Iron Hands\n|-damage|p2b: Iron Hands|30\/100\n|move|p1a: Baxcalibur|High Horsepower|p2b: Iron Hands\n|-supereffective|p2b: Iron Hands\n|-damage|p2b: Iron Hands|0 fnt\n|faint|p2b: Iron Hands\n|-end|p2b: Iron Hands|Quark Drive|[silent]\n|\n|upkeep\n|turn|7\n|-message|xerth forfeited.\n|\n|win|Lptp\n|raw|Lptp's rating: 1467 &rarr; <strong>1489<\/strong><br \/>(+22 for winning)\n|raw|xerth's rating: 1502 &rarr; <strong>1480<\/strong><br \/>(-22 for losing)\n|l|\u2606xerth\n","uploadtime":1700854718,"views":5,"p1id":"lptp","p2id":"xerth","formatid":"gen9vgc2023regulatione","rating":1480,"private":0,"password":""}