{"id":"gen9vgc2023regulatione-1992891865","p1":"Dryslide","p2":"omempoderoso","format":"[Gen 9] VGC 2023 Regulation E","log":"|j|\u2606Dryslide\n|j|\u2606omempoderoso\n|t:|1700244425\n|gametype|doubles\n|player|p1|Dryslide|flannery|1289\n|player|p2|omempoderoso|101|1219\n|teamsize|p1|6\n|teamsize|p2|6\n|gen|9\n|tier|[Gen 9] VGC 2023 Regulation E\n|rated|\n|rule|Species Clause: Limit one of each Pok\u00e9mon\n|rule|Item Clause: Limit one of each item\n|clearpoke\n|poke|p1|Flutter Mane, L50|\n|poke|p1|Urshifu-*, L50, F|\n|poke|p1|Arcanine-Hisui, L50, F|\n|poke|p1|Rillaboom, L50, F|\n|poke|p1|Chien-Pao, L50|\n|poke|p1|Tornadus, L50, M|\n|poke|p2|Weezing, L50, M|\n|poke|p2|Roaring Moon, L50|\n|poke|p2|Iron Hands, L50|\n|poke|p2|Slaking, L50, M|\n|poke|p2|Arcanine-Hisui, L50, F|\n|poke|p2|Flutter Mane, L50|\n|teampreview|4\n|inactive|Battle timer is ON: inactive players will automatically lose when time's up. (requested by omempoderoso)\n|\n|t:|1700244460\n|start\n|switch|p1a: Arcanine|Arcanine-Hisui, L50, F, shiny|100\/100\n|switch|p1b: Chien-Pao|Chien-Pao, L50|100\/100\n|switch|p2a: Weezing|Weezing, L50, M|100\/100\n|switch|p2b: Roaring Moon|Roaring Moon, L50|100\/100\n|-ability|p2a: Weezing|Neutralizing Gas\n|-enditem|p2b: Roaring Moon|Booster Energy\n|-activate|p2b: Roaring Moon|ability: Protosynthesis|[fromitem]\n|-start|p2b: Roaring Moon|protosynthesisspe\n|turn|1\n|inactive|Dryslide has 30 seconds left.\n|\n|t:|1700244493\n|move|p2b: Roaring Moon|Knock Off|p1a: Arcanine\n|-damage|p1a: Arcanine|39\/100\n|-enditem|p1a: Arcanine|Choice Band|[from] move: Knock Off|[of] p2b: Roaring Moon\n|move|p1b: Chien-Pao|Icicle Crash|p2a: Weezing\n|-damage|p2a: Weezing|71\/100\n|move|p1a: Arcanine|Rock Slide|p2b: Roaring Moon|[spread] p2a,p2b\n|-damage|p2a: Weezing|48\/100\n|-damage|p2b: Roaring Moon|70\/100\n|-enditem|p2a: Weezing|Sitrus Berry|[eat]\n|-heal|p2a: Weezing|73\/100|[from] item: Sitrus Berry\n|cant|p2a: Weezing|flinch\n|\n|upkeep\n|turn|2\n|inactive|Dryslide has 30 seconds left.\n|\n|t:|1700244522\n|move|p2b: Roaring Moon|Protect|p2b: Roaring Moon\n|-singleturn|p2b: Roaring Moon|Protect\n|move|p1b: Chien-Pao|Icicle Crash|p2b: Roaring Moon\n|-activate|p2b: Roaring Moon|move: Protect\n|move|p1a: Arcanine|Flare Blitz|p2a: Weezing\n|-damage|p2a: Weezing|23\/100\n|-damage|p1a: Arcanine|23\/100|[from] Recoil\n|move|p2a: Weezing|Will-O-Wisp|p1b: Chien-Pao\n|-status|p1b: Chien-Pao|brn\n|\n|-damage|p1b: Chien-Pao|95\/100 brn|[from] brn\n|upkeep\n|turn|3\n|\n|t:|1700244549\n|move|p2a: Weezing|Protect|p2a: Weezing\n|-singleturn|p2a: Weezing|Protect\n|move|p1a: Arcanine|Extreme Speed|p2a: Weezing\n|-activate|p2a: Weezing|move: Protect\n|move|p2b: Roaring Moon|Tailwind|p2b: Roaring Moon\n|-sidestart|p2: omempoderoso|move: Tailwind\n|move|p1b: Chien-Pao|Icicle Crash|p2a: Weezing\n|-activate|p2a: Weezing|move: Protect\n|\n|-damage|p1b: Chien-Pao|89\/100 brn|[from] brn\n|upkeep\n|turn|4\n|inactive|omempoderoso has 30 seconds left.\n|\n|t:|1700244577\n|-end|p2b: Roaring Moon|Protosynthesis|[silent]\n|switch|p2b: Iron Hands|Iron Hands, L50|100\/100\n|move|p2a: Weezing|Protect||[still]\n|-fail|p2a: Weezing\n|move|p1a: Arcanine|Extreme Speed|p2a: Weezing\n|-damage|p2a: Weezing|3\/100\n|move|p1b: Chien-Pao|Icicle Crash|p2a: Weezing\n|-damage|p2a: Weezing|0 fnt\n|faint|p2a: Weezing\n|-end|p2a: Weezing|ability: Neutralizing Gas\n|-ability|p1b: Chien-Pao|Sword of Ruin\n|-ability|p1a: Arcanine|Intimidate|boost\n|-unboost|p2b: Iron Hands|atk|1\n|\n|-damage|p1b: Chien-Pao|83\/100 brn|[from] brn\n|upkeep\n|\n|t:|1700244589\n|switch|p2a: Arcanine|Arcanine-Hisui, L50, F|100\/100\n|-ability|p2a: Arcanine|Intimidate|boost\n|-unboost|p1a: Arcanine|atk|1\n|-unboost|p1b: Chien-Pao|atk|1\n|turn|5\n|inactive|Dryslide has 30 seconds left.\n|inactive|Dryslide has 20 seconds left.\n|inactive|Dryslide has 15 seconds left.\n|\n|t:|1700244630\n|move|p2a: Arcanine|Rock Slide|p1a: Arcanine|[spread] p1a,p1b\n|-supereffective|p1a: Arcanine\n|-supereffective|p1b: Chien-Pao\n|-damage|p1a: Arcanine|0 fnt\n|-damage|p1b: Chien-Pao|0 fnt\n|faint|p1a: Arcanine\n|faint|p1b: Chien-Pao\n|move|p2b: Iron Hands|Drain Punch|p1: Arcanine|[notarget]\n|-fail|p2b: Iron Hands\n|\n|upkeep\n|\n|t:|1700244634\n|switch|p1b: Flutter Mane|Flutter Mane, L50|100\/100\n|switch|p1a: Urshifu|Urshifu-Rapid-Strike, L50, F|100\/100\n|-enditem|p1b: Flutter Mane|Booster Energy\n|-activate|p1b: Flutter Mane|ability: Protosynthesis|[fromitem]\n|-start|p1b: Flutter Mane|protosynthesisspa\n|turn|6\n|inactive|omempoderoso has 30 seconds left.\n|\n|t:|1700244665\n|-terastallize|p2a: Arcanine|Fairy\n|-terastallize|p1b: Flutter Mane|Fairy\n|move|p2a: Arcanine|Rock Slide|p1b: Flutter Mane|[spread] p1a,p1b\n|-resisted|p1a: Urshifu\n|-damage|p1a: Urshifu|80\/100\n|-damage|p1b: Flutter Mane|38\/100\n|move|p1b: Flutter Mane|Moonblast|p2b: Iron Hands\n|-supereffective|p2b: Iron Hands\n|-damage|p2b: Iron Hands|11\/100\n|move|p2b: Iron Hands|Wild Charge|p1a: Urshifu\n|-supereffective|p1a: Urshifu\n|-damage|p1a: Urshifu|12\/100\n|-damage|p2b: Iron Hands|0 fnt|[from] Recoil\n|faint|p2b: Iron Hands\n|-end|p2b: Iron Hands|Quark Drive|[silent]\n|move|p1a: Urshifu|Surging Strikes|p2a: Arcanine\n|-crit|p2a: Arcanine\n|-damage|p2a: Arcanine|76\/100\n|-crit|p2a: Arcanine\n|-damage|p2a: Arcanine|49\/100\n|-crit|p2a: Arcanine\n|-damage|p2a: Arcanine|23\/100\n|-hitcount|p2a: Arcanine|3\n|\n|-sideend|p2: omempoderoso|move: Tailwind\n|upkeep\n|\n|t:|1700244683\n|switch|p2b: Roaring Moon|Roaring Moon, L50|70\/100\n|turn|7\n|inactive|Dryslide has 30 seconds left.\n|\n|t:|1700244709\n|move|p1b: Flutter Mane|Protect|p1b: Flutter Mane\n|-singleturn|p1b: Flutter Mane|Protect\n|move|p1a: Urshifu|Aqua Jet|p2a: Arcanine\n|-damage|p2a: Arcanine|0 fnt\n|faint|p2a: Arcanine\n|move|p2b: Roaring Moon|Tailwind|p2b: Roaring Moon\n|-sidestart|p2: omempoderoso|move: Tailwind\n|\n|upkeep\n|turn|8\n|\n|t:|1700244726\n|move|p2b: Roaring Moon|Acrobatics|p1b: Flutter Mane\n|-crit|p1b: Flutter Mane\n|-damage|p1b: Flutter Mane|0 fnt\n|faint|p1b: Flutter Mane\n|-end|p1b: Flutter Mane|Protosynthesis|[silent]\n|move|p1a: Urshifu|Close Combat|p2b: Roaring Moon\n|-supereffective|p2b: Roaring Moon\n|-damage|p2b: Roaring Moon|0 fnt\n|-unboost|p1a: Urshifu|def|1\n|-unboost|p1a: Urshifu|spd|1\n|faint|p2b: Roaring Moon\n|-end|p2b: Roaring Moon|Protosynthesis|[silent]\n|\n|win|Dryslide\n|raw|Dryslide's rating: 1289 &rarr; <strong>1309<\/strong><br \/>(+20 for winning)\n|raw|omempoderoso's rating: 1219 &rarr; <strong>1199<\/strong><br \/>(-20 for losing)\n|l|\u2606omempoderoso\n","uploadtime":1700244761,"views":28,"p1id":"dryslide","p2id":"omempoderoso","formatid":"gen9vgc2023regulatione","rating":1199,"private":0,"password":""}