{"id":"gen9vgc2023regulatione-1988824125","p1":"pmal0919","p2":"BowDog!","format":"[Gen 9] VGC 2023 Regulation E","log":"|j|\u2606pmal0919\n|j|\u2606BowDog!\n|t:|1699768665\n|gametype|doubles\n|player|p1|pmal0919|acetrainer-gen4dp|1097\n|player|p2|BowDog!|winona|1156\n|teamsize|p1|6\n|teamsize|p2|6\n|gen|9\n|tier|[Gen 9] VGC 2023 Regulation E\n|rated|\n|rule|Species Clause: Limit one of each Pok\u00e9mon\n|rule|Item Clause: Limit one of each item\n|clearpoke\n|poke|p1|Weezing, L50, F|\n|poke|p1|Ogerpon-Wellspring, L50, F|\n|poke|p1|Flutter Mane, L50|\n|poke|p1|Iron Hands, L50|\n|poke|p1|Landorus-Therian, L50, M|\n|poke|p1|Roaring Moon, L50|\n|poke|p2|Flutter Mane, L50|\n|poke|p2|Urshifu-*, L50, F|\n|poke|p2|Ogerpon-Wellspring, L50, F|\n|poke|p2|Iron Hands, L50|\n|poke|p2|Landorus, L50, M|\n|poke|p2|Arcanine-Hisui, L50, M|\n|teampreview|4\nBowDog! has agreed to open team sheets.\n|inactive|Battle timer is ON: inactive players will automatically lose when time's up. (requested by BowDog!)\n|inactive|BowDog! has 60 seconds left.\n|\n|t:|1699768733\n|start\n|switch|p1a: Weezing|Weezing, L50, F, shiny|100\/100\n|switch|p1b: Flutter Mane|Flutter Mane, L50|100\/100\n|switch|p2a: Bow!|Flutter Mane, L50|100\/100\n|switch|p2b: Ruger!|Arcanine-Hisui, L50, M|100\/100\n|-ability|p1a: Weezing|Neutralizing Gas\n|-enditem|p2a: Bow!|Booster Energy\n|-activate|p2a: Bow!|ability: Protosynthesis|[fromitem]\n|-start|p2a: Bow!|protosynthesisspe\n|turn|1\n|inactive|pmal0919 has 30 seconds left.\n|inactive|BowDog! has 30 seconds left.\n|inactive|pmal0919 has 20 seconds left.\n|inactive|BowDog! has 20 seconds left.\n|inactive|pmal0919 has 15 seconds left.\n|inactive|BowDog! has 15 seconds left.\n|inactive|BowDog! has 10 seconds left.\n|inactive|BowDog! has 5 seconds left.\n|\n|t:|1699768788\n|-end|p1b: Flutter Mane|Protosynthesis|[silent]\n|switch|p1b: Iron Hands|Iron Hands, L50|100\/100\n|move|p2a: Bow!|Moonblast|p1b: Iron Hands\n|-supereffective|p1b: Iron Hands\n|-damage|p1b: Iron Hands|56\/100\n|move|p2b: Ruger!|Flare Blitz|p1a: Weezing\n|-damage|p1a: Weezing|35\/100\n|-enditem|p1a: Weezing|Sitrus Berry|[eat]\n|-heal|p1a: Weezing|60\/100|[from] item: Sitrus Berry\n|-damage|p2b: Ruger!|81\/100|[from] Recoil\n|move|p1a: Weezing|Sludge Bomb|p2a: Bow!\n|-damage|p2a: Bow!|79\/100\n|\n|upkeep\n|turn|2\n|inactive|pmal0919 has 30 seconds left.\n|inactive|BowDog! has 30 seconds left.\n|\n|t:|1699768818\n|-terastallize|p2a: Bow!|Fairy\n|move|p1a: Weezing|Protect|p1a: Weezing\n|-singleturn|p1a: Weezing|Protect\n|move|p2a: Bow!|Moonblast|p1b: Iron Hands\n|-supereffective|p1b: Iron Hands\n|-damage|p1b: Iron Hands|0 fnt\n|faint|p1b: Iron Hands\n|-end|p1b: Iron Hands|Quark Drive|[silent]\n|move|p2b: Ruger!|Flare Blitz|p1a: Weezing\n|-activate|p1a: Weezing|move: Protect\n|\n|upkeep\n|\n|t:|1699768832\n|switch|p1b: Flutter Mane|Flutter Mane, L50|100\/100\n|turn|3\n|inactive|pmal0919 has 30 seconds left.\n|\n|t:|1699768860\n|-end|p2a: Bow!|Protosynthesis|[silent]\n|switch|p2a: Josh|Iron Hands, L50|100\/100\n|-terastallize|p1b: Flutter Mane|Fairy\n|move|p1b: Flutter Mane|Shadow Ball|p2a: Josh\n|-damage|p2a: Josh|70\/100\n|move|p2b: Ruger!|Flare Blitz|p1a: Weezing\n|-damage|p1a: Weezing|0 fnt\n|faint|p1a: Weezing\n|-end|p1a: Weezing|ability: Neutralizing Gas\n|-ability|p2b: Ruger!|Intimidate|boost\n|-unboost|p1b: Flutter Mane|atk|1\n|-damage|p2b: Ruger!|64\/100|[from] Recoil\n|\n|upkeep\n|\n|t:|1699768875\n|switch|p1a: Landorus|Landorus-Therian, L50, M|100\/100\n|-ability|p1a: Landorus|Intimidate|boost\n|-unboost|p2a: Josh|atk|1\n|-unboost|p2b: Ruger!|atk|1\n|turn|4\n|\n|t:|1699768889\n|move|p2a: Josh|Fake Out|p1a: Landorus\n|-damage|p1a: Landorus|89\/100\n|cant|p1a: Landorus|flinch\n|move|p1b: Flutter Mane|Shadow Ball|p2a: Josh\n|-damage|p2a: Josh|40\/100\n|-unboost|p2a: Josh|spd|1\n|move|p2b: Ruger!|Flare Blitz|p1b: Flutter Mane\n|-damage|p1b: Flutter Mane|0 fnt\n|faint|p1b: Flutter Mane\n|-end|p1b: Flutter Mane|Protosynthesis|[silent]\n|-damage|p2b: Ruger!|40\/100|[from] Recoil\n|\n|upkeep\n|turn|5\n|\n|t:|1699768910\n|-end|p2a: Josh|Quark Drive|[silent]\n|switch|p2a: KeyyyRa|Landorus, L50, M|100\/100\n|move|p1a: Landorus|Stomping Tantrum|p2b: Ruger!\n|-supereffective|p2b: Ruger!\n|-damage|p2b: Ruger!|0 fnt\n|faint|p2b: Ruger!\n|\n|upkeep\n|\n|t:|1699768916\n|switch|p2b: Josh|Iron Hands, L50|40\/100\n|turn|6\n|\n|t:|1699768926\n|move|p2b: Josh|Fake Out|p1a: Landorus\n|-damage|p1a: Landorus|71\/100\n|cant|p1a: Landorus|flinch\n|move|p2a: KeyyyRa|Sludge Bomb|p1a: Landorus\n|-resisted|p1a: Landorus\n|-damage|p1a: Landorus|42\/100\n|\n|upkeep\n|turn|7\n|\n|t:|1699768947\n|move|p1a: Landorus|Stomping Tantrum|p2b: Josh\n|-supereffective|p2b: Josh\n|-damage|p2b: Josh|0 fnt\n|faint|p2b: Josh\n|-end|p2b: Josh|Quark Drive|[silent]\n|move|p2a: KeyyyRa|Sludge Bomb|p1a: Landorus\n|-resisted|p1a: Landorus\n|-damage|p1a: Landorus|13\/100\n|\n|upkeep\n|\n|t:|1699768953\n|switch|p2b: Bow!|Flutter Mane, L50, tera:Fairy|79\/100\n|turn|8\n|-message|pmal0919 forfeited.\n|\n|win|BowDog!\n|raw|pmal0919's rating: 1097 &rarr; <strong>1077<\/strong><br \/>(-20 for losing)\n|raw|BowDog!'s rating: 1156 &rarr; <strong>1177<\/strong><br \/>(+21 for winning)\n|l|\u2606pmal0919\n|l|\u2606BowDog!\n|j|\u2606BowDog!\n|player|p2|BowDog!|winona\n","uploadtime":1699768964,"views":17,"p1id":"pmal0919","p2id":"bowdog","formatid":"gen9vgc2023regulatione","rating":1077,"private":0,"password":""}