{"id":"gen9vgc2023regulatione-1995146358","p1":"Petzold3","p2":"Venefici","format":"[Gen 9] VGC 2023 Regulation E","log":"|j|\u2606Petzold3\n|j|\u2606Venefici\n|t:|1700527742\n|gametype|doubles\n|player|p1|Petzold3|2|1069\n|player|p2|Venefici|hugh|1069\n|teamsize|p1|6\n|teamsize|p2|6\n|gen|9\n|tier|[Gen 9] VGC 2023 Regulation E\n|rated|\n|rule|Species Clause: Limit one of each Pok\u00e9mon\n|rule|Item Clause: Limit one of each item\n|clearpoke\n|poke|p1|Arbok, L50, F|\n|poke|p1|Sinistcha, L50|\n|poke|p1|Tornadus, L50, M|\n|poke|p1|Arcanine, L50, M|\n|poke|p1|Persian, L50, M|\n|poke|p1|Gengar, L50, F|\n|poke|p2|Volcarona, L50, M|\n|poke|p2|Rillaboom, L50, M|\n|poke|p2|Palafin, L50, F|\n|poke|p2|Roaring Moon, L50|\n|poke|p2|Iron Hands, L50|\n|poke|p2|Farigiraf, L50, F|\n|teampreview|4\n|inactive|Battle timer is ON: inactive players will automatically lose when time's up. (requested by Venefici)\n|inactive|Venefici has 60 seconds left.\n|\n|t:|1700527792\n|start\n|switch|p1a: Tornadus|Tornadus, L50, M|100\/100\n|switch|p1b: Sinistcha|Sinistcha, L50|100\/100\n|switch|p2a: Palafin|Palafin, L50, F|100\/100\n|switch|p2b: Farigiraf|Farigiraf, L50, F|100\/100\n|turn|1\n|inactive|Venefici has 30 seconds left.\n|\n|t:|1700527819\n|-terastallize|p1a: Tornadus|Flying\n|move|p2a: Palafin|Jet Punch|p1a: Tornadus\n|-damage|p1a: Tornadus|74\/100\n|move|p1a: Tornadus|Bleakwind Storm|p2b: Farigiraf|[spread] p2a,p2b\n|-damage|p2a: Palafin|30\/100\n|-damage|p2b: Farigiraf|41\/100\n|-enditem|p2a: Palafin|Eject Button\n|\n|t:|1700527827\n|detailschange|p2a: Palafin|Palafin-Hero, L50, F\n|switch|p2a: Iron Hands|Iron Hands, L50|100\/100\n|move|p1b: Sinistcha|Nasty Plot|p1b: Sinistcha\n|-boost|p1b: Sinistcha|spa|2\n|move|p2b: Farigiraf|Imprison|p2b: Farigiraf\n|-start|p2b: Farigiraf|move: Imprison\n|\n|upkeep\n|turn|2\n|\n|t:|1700527852\n|-terastallize|p2a: Iron Hands|Fairy\n|move|p1a: Tornadus|Bleakwind Storm|p2b: Farigiraf|[spread] \n|-miss|p1a: Tornadus|p2a: Iron Hands\n|-miss|p1a: Tornadus|p2b: Farigiraf\n|move|p1b: Sinistcha|Matcha Gotcha|p2b: Farigiraf|[spread] p2a,p2b\n|-crit|p2a: Iron Hands\n|-damage|p2a: Iron Hands|51\/100\n|-damage|p2b: Farigiraf|0 fnt\n|faint|p2b: Farigiraf\n|move|p2a: Iron Hands|Wild Charge|p1a: Tornadus\n|-supereffective|p1a: Tornadus\n|-damage|p1a: Tornadus|0 fnt\n|faint|p1a: Tornadus\n|-damage|p2a: Iron Hands|38\/100|[from] Recoil\n|\n|upkeep\n|\n|t:|1700527872\n|switch|p1a: Arcanine|Arcanine, L50, M|100\/100\n|switch|p2b: Volcarona|Volcarona, L50, M|100\/100\n|-ability|p1a: Arcanine|Intimidate|boost\n|-unboost|p2a: Iron Hands|atk|1\n|-unboost|p2b: Volcarona|atk|1\n|turn|3\n|\n|t:|1700527889\n|move|p1a: Arcanine|Flamethrower|p2b: Volcarona\n|-damage|p2b: Volcarona|62\/100\n|move|p2b: Volcarona|Fiery Dance|p1b: Sinistcha\n|-supereffective|p1b: Sinistcha\n|-damage|p1b: Sinistcha|15\/100\n|-boost|p2b: Volcarona|spa|1\n|move|p1b: Sinistcha|Matcha Gotcha|p2b: Volcarona|[spread] p2b\n|-miss|p1b: Sinistcha|p2a: Iron Hands\n|-resisted|p2b: Volcarona\n|-damage|p2b: Volcarona|49\/100\n|-heal|p1b: Sinistcha|23\/100|[from] drain|[of] p2b: Volcarona\n|move|p2a: Iron Hands|Drain Punch|p1a: Arcanine\n|-damage|p1a: Arcanine|70\/100\n|-heal|p2a: Iron Hands|51\/100|[from] drain|[of] p1a: Arcanine\n|\n|-heal|p2b: Volcarona|54\/100|[from] item: Leftovers\n|-heal|p1b: Sinistcha|29\/100|[from] item: Leftovers\n|upkeep\n|turn|4\n|inactive|Venefici has 30 seconds left.\n|\n|t:|1700527916\n|move|p1b: Sinistcha|Protect|p1b: Sinistcha\n|-singleturn|p1b: Sinistcha|Protect\n|move|p1a: Arcanine|Flamethrower|p2b: Volcarona\n|-damage|p2b: Volcarona|22\/100\n|move|p2b: Volcarona|Fiery Dance|p1b: Sinistcha\n|-activate|p1b: Sinistcha|move: Protect\n|move|p2a: Iron Hands|Drain Punch|p1a: Arcanine\n|-damage|p1a: Arcanine|36\/100\n|-heal|p2a: Iron Hands|66\/100|[from] drain|[of] p1a: Arcanine\n|-enditem|p1a: Arcanine|Sitrus Berry|[eat]\n|-heal|p1a: Arcanine|61\/100|[from] item: Sitrus Berry\n|\n|-heal|p2b: Volcarona|28\/100|[from] item: Leftovers\n|-heal|p1b: Sinistcha|34\/100|[from] item: Leftovers\n|upkeep\n|turn|5\n|\n|t:|1700527940\n|move|p2b: Volcarona|Protect|p2b: Volcarona\n|-singleturn|p2b: Volcarona|Protect\n|move|p1a: Arcanine|Flamethrower|p2b: Volcarona\n|-activate|p2b: Volcarona|move: Protect\n|move|p1b: Sinistcha|Matcha Gotcha|p2b: Volcarona|[spread] p2a\n|-activate|p2b: Volcarona|move: Protect\n|-damage|p2a: Iron Hands|36\/100\n|-heal|p1b: Sinistcha|55\/100|[from] drain|[of] p2a: Iron Hands\n|move|p2a: Iron Hands|Heavy Slam|p1b: Sinistcha\n|-crit|p1b: Sinistcha\n|-damage|p1b: Sinistcha|0 fnt\n|faint|p1b: Sinistcha\n|\n|-heal|p2b: Volcarona|34\/100|[from] item: Leftovers\n|upkeep\n|\n|t:|1700527956\n|switch|p1b: Gengar|Gengar, L50, F|100\/100\n|turn|6\n|\n|t:|1700527976\n|move|p1b: Gengar|Sludge Bomb|p2b: Volcarona\n|-damage|p2b: Volcarona|0 fnt\n|faint|p2b: Volcarona\n|move|p1a: Arcanine|Flamethrower|p2a: Iron Hands\n|-damage|p2a: Iron Hands|16\/100\n|move|p2a: Iron Hands|Drain Punch|p1a: Arcanine\n|-damage|p1a: Arcanine|27\/100\n|-heal|p2a: Iron Hands|30\/100|[from] drain|[of] p1a: Arcanine\n|\n|upkeep\n|\n|t:|1700527985\n|switch|p2b: Palafin|Palafin-Hero, L50, F|30\/100\n|-activate|p2b: Palafin|ability: Zero to Hero\n|turn|7\n|\n|t:|1700527998\n|move|p2b: Palafin|Jet Punch|p1a: Arcanine\n|-supereffective|p1a: Arcanine\n|-damage|p1a: Arcanine|0 fnt\n|faint|p1a: Arcanine\n|move|p1b: Gengar|Giga Drain|p2b: Palafin\n|-supereffective|p2b: Palafin\n|-damage|p2b: Palafin|0 fnt\n|faint|p2b: Palafin\n|move|p2a: Iron Hands|Heavy Slam|p1b: Gengar\n|-damage|p1b: Gengar|39\/100\n|\n|upkeep\n|turn|8\n|\n|t:|1700528015\n|move|p1b: Gengar|Sludge Bomb|p2a: Iron Hands\n|-supereffective|p2a: Iron Hands\n|-damage|p2a: Iron Hands|0 fnt\n|faint|p2a: Iron Hands\n|-end|p2a: Iron Hands|Quark Drive|[silent]\n|\n|win|Petzold3\n|raw|Petzold3's rating: 1069 &rarr; <strong>1099<\/strong><br \/>(+30 for winning)\n|raw|Venefici's rating: 1069 &rarr; <strong>1049<\/strong><br \/>(-20 for losing)\n","uploadtime":1700528022,"views":5,"p1id":"petzold3","p2id":"venefici","formatid":"gen9vgc2023regulatione","rating":1049,"private":0,"password":""}