{"id":"gen9vgc2023regulatione-1999826612","p1":"smogondeez","p2":"ZionLJ07","format":"[Gen 9] VGC 2023 Regulation E","log":"|j|\u203dsmogondeez\n|j|\u2606ZionLJ07\n|t:|1701120347\n|gametype|doubles\n|player|p1|smogondeez|170|1216\n|player|p2|ZionLJ07|sisandbro|1301\n|teamsize|p1|6\n|teamsize|p2|6\n|gen|9\n|tier|[Gen 9] VGC 2023 Regulation E\n|rated|\n|rule|Species Clause: Limit one of each Pok\u00e9mon\n|rule|Item Clause: Limit one of each item\n|clearpoke\n|poke|p1|Sneasler, L50, M|\n|poke|p1|Indeedee-F, L50, F|\n|poke|p1|Armarouge, L50, M|\n|poke|p1|Urshifu-*, L50, F|\n|poke|p1|Chien-Pao, L50|\n|poke|p1|Tornadus, L50, M|\n|poke|p2|Torkoal, L50, M|\n|poke|p2|Maushold, L50|\n|poke|p2|Bruxish, L50, F|\n|poke|p2|Urshifu-*, L50, M|\n|poke|p2|Cresselia, L50, F|\n|poke|p2|Ursaluna, L50, M|\n|teampreview|4\n|inactive|Battle timer is ON: inactive players will automatically lose when time's up. (requested by smogondeez)\n|\n|t:|1701120357\n|start\n|switch|p1a: Armarouge|Armarouge, L50, M, shiny|100\/100\n|switch|p1b: Urshifu|Urshifu-Rapid-Strike, L50, F|100\/100\n|switch|p2a: Bruxish|Bruxish, L50, F|100\/100\n|switch|p2b: Maushold|Maushold, L50|100\/100\n|turn|1\n|inactive|smogondeez has 30 seconds left.\n|\n|t:|1701120390\n|move|p1a: Armarouge|Endure|p1a: Armarouge\n|-singleturn|p1a: Armarouge|move: Endure\n|move|p2b: Maushold|Follow Me|p2b: Maushold\n|-singleturn|p2b: Maushold|move: Follow Me\n|move|p1b: Urshifu|Close Combat|p2b: Maushold\n|-supereffective|p2b: Maushold\n|-damage|p2b: Maushold|0 fnt\n|-unboost|p1b: Urshifu|def|1\n|-unboost|p1b: Urshifu|spd|1\n|faint|p2b: Maushold\n|move|p2a: Bruxish|Trick Room|p2a: Bruxish\n|-fieldstart|move: Trick Room|[of] p2a: Bruxish\n|\n|upkeep\n|\n|t:|1701120402\n|switch|p2b: Torkoal|Torkoal, L50, M|100\/100\n|-weather|SunnyDay|[from] ability: Drought|[of] p2b: Torkoal\n|turn|2\n|\n|t:|1701120415\n|switch|p1a: Sneasler|Sneasler, L50, M, shiny|100\/100\n|switch|p1b: Indeedee|Indeedee-F, L50, F, shiny|100\/100\n|-fieldstart|move: Psychic Terrain|[from] ability: Psychic Surge|[of] p1b: Indeedee\n|-enditem|p1a: Sneasler|Psychic Seed\n|-boost|p1a: Sneasler|spd|1|[from] item: Psychic Seed\n|-terastallize|p2b: Torkoal|Fire\n|move|p2a: Bruxish|Aqua Jet|p2b: Torkoal\n|-supereffective|p2b: Torkoal\n|-damage|p2b: Torkoal|87\/100\n|-enditem|p2b: Torkoal|Weakness Policy\n|-boost|p2b: Torkoal|atk|2|[from] item: Weakness Policy\n|-boost|p2b: Torkoal|spa|2|[from] item: Weakness Policy\n|move|p2b: Torkoal|Eruption|p1a: Sneasler|[spread] p1a,p1b\n|-damage|p1a: Sneasler|0 fnt\n|-damage|p1b: Indeedee|0 fnt\n|faint|p1a: Sneasler\n|faint|p1b: Indeedee\n|\n|-weather|SunnyDay|[upkeep]\n|upkeep\n|\n|t:|1701120434\n|switch|p1b: Armarouge|Armarouge, L50, M, shiny|100\/100\n|switch|p1a: Urshifu|Urshifu-Rapid-Strike, L50, F|100\/100\n|turn|3\n|\n|t:|1701120445\n|-terastallize|p1a: Urshifu|Water\n|move|p1b: Armarouge|Wide Guard|p1b: Armarouge\n|-singleturn|p1b: Armarouge|Wide Guard\n|move|p2a: Bruxish|Aqua Jet|p1b: Armarouge\n|-activate|p1b: Armarouge|move: Psychic Terrain\n|move|p2b: Torkoal|Eruption|p1b: Armarouge|[spread] \n|-activate|p1a: Urshifu|move: Wide Guard\n|-activate|p1b: Armarouge|move: Wide Guard\n|move|p1a: Urshifu|Surging Strikes|p2b: Torkoal\n|-supereffective|p2b: Torkoal\n|-crit|p2b: Torkoal\n|-damage|p2b: Torkoal|69\/100\n|-supereffective|p2b: Torkoal\n|-crit|p2b: Torkoal\n|-damage|p2b: Torkoal|49\/100\n|-supereffective|p2b: Torkoal\n|-crit|p2b: Torkoal\n|-damage|p2b: Torkoal|28\/100\n|-hitcount|p2b: Torkoal|3\n|\n|-weather|SunnyDay|[upkeep]\n|upkeep\n|turn|4\n|inactive|ZionLJ07 has 30 seconds left.\n|\n|t:|1701120473\n|switch|p2a: Cresselia|Cresselia, L50, F|100\/100\n|move|p1b: Armarouge|Wide Guard|p1b: Armarouge\n|-singleturn|p1b: Armarouge|Wide Guard\n|move|p2b: Torkoal|Heat Wave|p1b: Armarouge|[spread] \n|-activate|p1a: Urshifu|move: Wide Guard\n|-activate|p1b: Armarouge|move: Wide Guard\n|move|p1a: Urshifu|Surging Strikes|p2b: Torkoal\n|-supereffective|p2b: Torkoal\n|-crit|p2b: Torkoal\n|-damage|p2b: Torkoal|8\/100\n|-supereffective|p2b: Torkoal\n|-crit|p2b: Torkoal\n|-damage|p2b: Torkoal|0 fnt\n|faint|p2b: Torkoal\n|-hitcount|p2: Torkoal|2\n|\n|-weather|SunnyDay|[upkeep]\n|upkeep\n|\n|t:|1701120492\n|switch|p2b: Bruxish|Bruxish, L50, F|100\/100\n|turn|5\n|\n|t:|1701120508\n|move|p2b: Bruxish|Psychic Fangs|p1a: Urshifu\n|-damage|p1a: Urshifu|49\/100\n|move|p2a: Cresselia|Moonblast|p1a: Urshifu\n|-damage|p1a: Urshifu|26\/100\n|move|p1b: Armarouge|Expanding Force|p2a: Cresselia|[spread] p2a,p2b\n|-resisted|p2a: Cresselia\n|-resisted|p2b: Bruxish\n|-damage|p2a: Cresselia|86\/100\n|-damage|p2b: Bruxish|67\/100\n|move|p1a: Urshifu|Surging Strikes|p2a: Cresselia\n|-crit|p2a: Cresselia\n|-damage|p2a: Cresselia|77\/100\n|-crit|p2a: Cresselia\n|-damage|p2a: Cresselia|67\/100\n|-crit|p2a: Cresselia\n|-damage|p2a: Cresselia|58\/100\n|-hitcount|p2a: Cresselia|3\n|\n|-weather|SunnyDay|[upkeep]\n|-fieldend|move: Trick Room\n|upkeep\n|turn|6\n|\n|t:|1701120533\n|move|p1a: Urshifu|Surging Strikes|p2a: Cresselia\n|-crit|p2a: Cresselia\n|-damage|p2a: Cresselia|49\/100\n|-crit|p2a: Cresselia\n|-damage|p2a: Cresselia|39\/100\n|-crit|p2a: Cresselia\n|-damage|p2a: Cresselia|30\/100\n|-hitcount|p2a: Cresselia|3\n|move|p1b: Armarouge|Expanding Force|p2a: Cresselia|[spread] p2a,p2b\n|-resisted|p2a: Cresselia\n|-resisted|p2b: Bruxish\n|-damage|p2a: Cresselia|15\/100\n|-damage|p2b: Bruxish|35\/100\n|move|p2a: Cresselia|Moonblast|p1b: Armarouge\n|-resisted|p1b: Armarouge\n|-damage|p1b: Armarouge|90\/100\n|move|p2b: Bruxish|Psychic Fangs|p1a: Urshifu\n|-damage|p1a: Urshifu|0 fnt\n|faint|p1a: Urshifu\n|\n|-weather|none\n|-fieldend|move: Psychic Terrain\n|upkeep\n|turn|7\n|inactive|ZionLJ07 has 30 seconds left.\n|inactive|smogondeez has 30 seconds left.\n|inactive|ZionLJ07 has 20 seconds left.\n|\n|t:|1701120570\n|move|p2b: Bruxish|Protect|p2b: Bruxish\n|-singleturn|p2b: Bruxish|Protect\n|move|p1b: Armarouge|Expanding Force|p2a: Cresselia\n|-resisted|p2a: Cresselia\n|-crit|p2a: Cresselia\n|-damage|p2a: Cresselia|0 fnt\n|faint|p2a: Cresselia\n|\n|upkeep\n|turn|8\n|\n|t:|1701120585\n|move|p2b: Bruxish|Aqua Jet|p1b: Armarouge\n|-supereffective|p1b: Armarouge\n|-damage|p1b: Armarouge|48\/100\n|-ability|p1b: Armarouge|Weak Armor|boost\n|-unboost|p1b: Armarouge|def|1\n|-boost|p1b: Armarouge|spe|2\n|move|p1b: Armarouge|Expanding Force|p2b: Bruxish\n|-resisted|p2b: Bruxish\n|-damage|p2b: Bruxish|13\/100\n|\n|upkeep\n|turn|9\n|\n|t:|1701120596\n|move|p2b: Bruxish|Aqua Jet|p1b: Armarouge\n|-supereffective|p1b: Armarouge\n|-damage|p1b: Armarouge|0 fnt\n|faint|p1b: Armarouge\n|\n|win|ZionLJ07\n|raw|smogondeez's rating: 1216 &rarr; <strong>1197<\/strong><br \/>(-19 for losing)\n|raw|ZionLJ07's rating: 1301 &rarr; <strong>1316<\/strong><br \/>(+15 for winning)\n|l|\u203dsmogondeez\n","uploadtime":1701120609,"views":2,"p1id":"smogondeez","p2id":"zionlj07","formatid":"gen9vgc2023regulatione","rating":1197,"private":0,"password":""}