{"id":"gen9vgc2023regulatione-1989369150","p1":"Revix2187","p2":"Tutkan","format":"[Gen 9] VGC 2023 Regulation E","log":"|j|\u2606Revix2187\n|j|\u2606Tutkan\n|t:|1699841668\n|gametype|doubles\n|player|p1|Revix2187|pokemaniac|1281\n|player|p2|Tutkan|170|1342\n|teamsize|p1|6\n|teamsize|p2|6\n|gen|9\n|tier|[Gen 9] VGC 2023 Regulation E\n|rated|\n|rule|Species Clause: Limit one of each Pok\u00e9mon\n|rule|Item Clause: Limit one of each item\n|clearpoke\n|poke|p1|Torkoal, L50, M|\n|poke|p1|Sinistcha, L50|\n|poke|p1|Flutter Mane, L50|\n|poke|p1|Ursaluna, L50, F|\n|poke|p1|Oranguru, L50, F|\n|poke|p1|Lilligant, L50, F|\n|poke|p2|Heatran, L50, F|\n|poke|p2|Chien-Pao, L50|\n|poke|p2|Dragonite, L50, M|\n|poke|p2|Urshifu-*, L50, M|\n|poke|p2|Flutter Mane, L50|\n|poke|p2|Tornadus, L50, M|\n|teampreview|4\n|inactive|Battle timer is ON: inactive players will automatically lose when time's up. (requested by Revix2187)\n|\n|t:|1699841693\n|start\n|switch|p1a: Oranguru|Oranguru, L50, F|100\/100\n|switch|p1b: Ursaluna|Ursaluna, L50, F|100\/100\n|switch|p2a: Tornadus|Tornadus, L50, M|100\/100\n|switch|p2b: Heatran|Heatran, L50, F|100\/100\n|turn|1\n|inactive|Tutkan has 30 seconds left.\n|\n|t:|1699841722\n|-terastallize|p2b: Heatran|Fairy\n|move|p1b: Ursaluna|Protect|p1b: Ursaluna\n|-singleturn|p1b: Ursaluna|Protect\n|move|p2a: Tornadus|Bleakwind Storm|p1a: Oranguru|[spread] p1a\n|-activate|p1b: Ursaluna|move: Protect\n|-damage|p1a: Oranguru|80\/100\n|-unboost|p1a: Oranguru|spe|1\n|move|p2b: Heatran|Heat Wave|p1b: Ursaluna|[spread] p1a\n|-activate|p1b: Ursaluna|move: Protect\n|-damage|p1a: Oranguru|56\/100\n|move|p1a: Oranguru|Trick Room|p1a: Oranguru\n|-fieldstart|move: Trick Room|[of] p1a: Oranguru\n|\n|-status|p1b: Ursaluna|brn|[from] item: Flame Orb\n|upkeep\n|turn|2\n|inactive|Revix2187 has 30 seconds left.\n|inactive|Tutkan has 30 seconds left.\n|inactive|Revix2187 has 20 seconds left.\n|inactive|Tutkan has 20 seconds left.\n|inactive|Revix2187 has 15 seconds left.\n|\n|t:|1699841764\n|move|p1a: Oranguru|Yawn|p2b: Heatran\n|-start|p2b: Heatran|move: Yawn|[of] p1a: Oranguru\n|move|p1b: Ursaluna|Facade|p2a: Tornadus\n|-damage|p2a: Tornadus|0 fnt\n|faint|p2a: Tornadus\n|move|p2b: Heatran|Tera Blast|p1a: Oranguru|[anim] Tera Blast Fairy\n|-damage|p1a: Oranguru|29\/100\n|\n|-damage|p1b: Ursaluna|95\/100 brn|[from] brn\n|upkeep\n|\n|t:|1699841776\n|switch|p2a: Dragonite|Dragonite, L50, M|100\/100\n|turn|3\n|\n|t:|1699841797\n|move|p2a: Dragonite|Extreme Speed|p1b: Ursaluna\n|-damage|p1b: Ursaluna|64\/100 brn\n|move|p1a: Oranguru|Foul Play|p2a: Dragonite\n|-damage|p2a: Dragonite|64\/100\n|move|p1b: Ursaluna|Facade|p2a: Dragonite\n|-damage|p2a: Dragonite|0 fnt\n|faint|p2a: Dragonite\n|move|p2b: Heatran|Heat Wave|p1a: Oranguru|[spread] p1a,p1b\n|-damage|p1a: Oranguru|8\/100\n|-damage|p1b: Ursaluna|27\/100 brn\n|\n|-damage|p1b: Ursaluna|21\/100 brn|[from] brn\n|-end|p2b: Heatran|move: Yawn|[silent]\n|-status|p2b: Heatran|slp\n|upkeep\n|\n|t:|1699841811\n|switch|p2a: Chien-Pao|Chien-Pao, L50|100\/100\n|-ability|p2a: Chien-Pao|Sword of Ruin\n|turn|4\n|\n|t:|1699841824\n|move|p2a: Chien-Pao|Protect|p2a: Chien-Pao\n|-singleturn|p2a: Chien-Pao|Protect\n|move|p1a: Oranguru|Instruct|p1b: Ursaluna\n|-singleturn|p1b: Ursaluna|move: Instruct|[of] p1a: Oranguru\n|move|p1b: Ursaluna|Facade|p2a: Chien-Pao\n|-activate|p2a: Chien-Pao|move: Protect\n|move|p1b: Ursaluna|Facade|p2a: Chien-Pao\n|-activate|p2a: Chien-Pao|move: Protect\n|cant|p2b: Heatran|slp\n|\n|-damage|p1b: Ursaluna|15\/100 brn|[from] brn\n|upkeep\n|turn|5\n|\n|t:|1699841844\n|move|p2a: Chien-Pao|Sucker Punch|p1b: Ursaluna\n|-damage|p1b: Ursaluna|0 fnt\n|faint|p1b: Ursaluna\n|move|p1a: Oranguru|Foul Play|p2a: Chien-Pao\n|-resisted|p2a: Chien-Pao\n|-damage|p2a: Chien-Pao|83\/100\n|cant|p2b: Heatran|slp\n|\n|-fieldend|move: Trick Room\n|upkeep\n|\n|t:|1699841861\n|switch|p1b: Torkoal|Torkoal, L50, M|100\/100\n|-weather|SunnyDay|[from] ability: Drought|[of] p1b: Torkoal\n|turn|6\n|\n|t:|1699841883\n|move|p1b: Torkoal|Protect|p1b: Torkoal\n|-singleturn|p1b: Torkoal|Protect\n|move|p2a: Chien-Pao|Crunch|p1a: Oranguru\n|-supereffective|p1a: Oranguru\n|-damage|p1a: Oranguru|0 fnt\n|faint|p1a: Oranguru\n|-curestatus|p2b: Heatran|slp|[msg]\n|move|p2b: Heatran|Earth Power|p1b: Torkoal\n|-activate|p1b: Torkoal|move: Protect\n|\n|-weather|SunnyDay|[upkeep]\n|upkeep\n|\n|t:|1699841889\n|switch|p1a: Sinistcha|Sinistcha, L50|100\/100\n|turn|7\n|inactive|Tutkan has 30 seconds left.\n|\n|t:|1699841915\n|-terastallize|p1b: Torkoal|Fire\n|move|p1a: Sinistcha|Rage Powder|p1a: Sinistcha\n|-singleturn|p1a: Sinistcha|move: Rage Powder\n|move|p2a: Chien-Pao|Crunch|p1a: Sinistcha\n|-supereffective|p1a: Sinistcha\n|-damage|p1a: Sinistcha|33\/100\n|-enditem|p1a: Sinistcha|Sitrus Berry|[eat]\n|-heal|p1a: Sinistcha|58\/100|[from] item: Sitrus Berry\n|move|p2b: Heatran|Heat Wave|p1a: Sinistcha|[spread] p1a,p1b\n|-supereffective|p1a: Sinistcha\n|-resisted|p1b: Torkoal\n|-damage|p1a: Sinistcha|0 fnt\n|-damage|p1b: Torkoal|65\/100\n|faint|p1a: Sinistcha\n|move|p1b: Torkoal|Eruption|p2b: Heatran|[spread] p2a\n|-start|p2b: Heatran|ability: Flash Fire\n|-supereffective|p2a: Chien-Pao\n|-damage|p2a: Chien-Pao|0 fnt\n|faint|p2a: Chien-Pao\n|\n|-weather|SunnyDay|[upkeep]\n|upkeep\n|turn|8\n|\n|t:|1699841938\n|move|p2b: Heatran|Earth Power|p1b: Torkoal\n|-supereffective|p1b: Torkoal\n|-damage|p1b: Torkoal|0 fnt\n|faint|p1b: Torkoal\n|\n|win|Tutkan\n|raw|Revix2187's rating: 1281 &rarr; <strong>1260<\/strong><br \/>(-21 for losing)\n|raw|Tutkan's rating: 1342 &rarr; <strong>1359<\/strong><br \/>(+17 for winning)\n|l|\u2606Revix2187\n","uploadtime":1699841948,"views":13,"p1id":"revix2187","p2id":"tutkan","formatid":"gen9vgc2023regulatione","rating":1260,"private":0,"password":""}