{"id":"gen9vgc2023regulatione-1998611249","p1":"lil uzi oak","p2":"A5ianMan","format":"[Gen 9] VGC 2023 Regulation E","log":"|j|\u2606lil uzi oak\n|j|\u2606A5ianMan\n|t:|1700962751\n|gametype|doubles\n|player|p1|lil uzi oak|shadowtriad|1161\n|player|p2|A5ianMan|blackbelt-gen4dp|1143\n|teamsize|p1|6\n|teamsize|p2|6\n|gen|9\n|tier|[Gen 9] VGC 2023 Regulation E\n|rated|\n|rule|Species Clause: Limit one of each Pok\u00e9mon\n|rule|Item Clause: Limit one of each item\n|clearpoke\n|poke|p1|Murkrow, L50, F|\n|poke|p1|Gholdengo, L50|\n|poke|p1|Dragapult, L50, F|\n|poke|p1|Urshifu-*, L50, F|\n|poke|p1|Heatran, L50, F|\n|poke|p1|Indeedee-F, L50, F|\n|poke|p2|Sneasler, L50, F|\n|poke|p2|Iron Hands, L50|\n|poke|p2|Kingambit, L50, F|\n|poke|p2|Arcanine, L50, M|\n|poke|p2|Rillaboom, L50, M|\n|poke|p2|Urshifu-*, L50, M|\n|teampreview|4\n|l|\u2606A5ianMan\n|player|p2|\n|\n|t:|1700962822\n|start\n|switch|p1a: Gholdengo|Gholdengo, L50|100\/100\n|switch|p1b: Murkrow|Murkrow, L50, F|100\/100\n|switch|p2a: Urshifu|Urshifu, L50, M|100\/100\n|switch|p2b: Arcanine|Arcanine, L50, M|100\/100\n|-ability|p2b: Arcanine|Intimidate|boost\n|-unboost|p1a: Gholdengo|atk|1\n|-unboost|p1b: Murkrow|atk|1\n|turn|1\n|j|\u2606A5ianMan\n|player|p2|A5ianMan|blackbelt-gen4dp\n|inactive|Battle timer is ON: inactive players will automatically lose when time's up. (requested by A5ianMan)\n|\n|t:|1700962925\n|-terastallize|p1a: Gholdengo|Water\n|move|p1b: Murkrow|Tailwind|p1b: Murkrow\n|-sidestart|p1: lil uzi oak|move: Tailwind\n|move|p2a: Urshifu|Wicked Blow|p1a: Gholdengo\n|-crit|p1a: Gholdengo\n|-damage|p1a: Gholdengo|44\/100\n|move|p1a: Gholdengo|Tera Blast|p2b: Arcanine|[anim] Tera Blast Water\n|-supereffective|p2b: Arcanine\n|-damage|p2b: Arcanine|0 fnt\n|faint|p2b: Arcanine\n|-damage|p1a: Gholdengo|35\/100|[from] item: Life Orb\n|\n|upkeep\n|\n|t:|1700962937\n|switch|p2b: Sneasler|Sneasler, L50, F, shiny|100\/100\n|turn|2\n|inactive|lil uzi oak has 30 seconds left.\n|inactive|lil uzi oak has 20 seconds left.\n|inactive|lil uzi oak has 15 seconds left.\n|inactive|lil uzi oak has 10 seconds left.\n|\n|t:|1700962986\n|switch|p1a: Urshifu|Urshifu, L50, F|100\/100\n|move|p1b: Murkrow|Foul Play|p2a: Urshifu\n|-resisted|p2a: Urshifu\n|-damage|p2a: Urshifu|87\/100\n|move|p2a: Urshifu|Wicked Blow|p1a: Urshifu\n|-resisted|p1a: Urshifu\n|-crit|p1a: Urshifu\n|-damage|p1a: Urshifu|87\/100\n|move|p2b: Sneasler|Swords Dance|p2b: Sneasler\n|-boost|p2b: Sneasler|atk|2\n|\n|upkeep\n|turn|3\n|inactive|lil uzi oak has 30 seconds left.\n|inactive|lil uzi oak has 20 seconds left.\n|inactive|lil uzi oak has 15 seconds left.\n|\n|t:|1700963029\n|switch|p2a: Rillaboom|Rillaboom, L50, M, shiny|100\/100\n|-fieldstart|move: Grassy Terrain|[from] ability: Grassy Surge|[of] p2a: Rillaboom\n|-enditem|p2b: Sneasler|Grassy Seed\n|-boost|p2b: Sneasler|def|1|[from] item: Grassy Seed\n|-terastallize|p2b: Sneasler|Flying\n|move|p1a: Urshifu|Close Combat|p2a: Rillaboom\n|-damage|p2a: Rillaboom|46\/100\n|-unboost|p1a: Urshifu|def|1\n|-unboost|p1a: Urshifu|spd|1\n|move|p2b: Sneasler|Acrobatics|p1a: Urshifu\n|-supereffective|p1a: Urshifu\n|-damage|p1a: Urshifu|0 fnt\n|faint|p1a: Urshifu\n|move|p1b: Murkrow|Foul Play|p2b: Sneasler\n|-damage|p2b: Sneasler|0 fnt\n|faint|p2b: Sneasler\n|\n|-heal|p2a: Rillaboom|52\/100|[from] Grassy Terrain\n|upkeep\n|inactive|lil uzi oak has 30 seconds left.\n|\n|t:|1700963059\n|switch|p2b: Urshifu|Urshifu, L50, M|87\/100\n|switch|p1a: Heatran|Heatran, L50, F|100\/100\n|turn|4\n|inactive|lil uzi oak has 30 seconds left.\n|inactive|lil uzi oak has 20 seconds left.\n|\n|t:|1700963095\n|move|p2a: Rillaboom|Fake Out|p1b: Murkrow\n|-damage|p1b: Murkrow|73\/100\n|move|p1b: Murkrow|Foul Play|p2a: Rillaboom\n|-damage|p2a: Rillaboom|18\/100\n|move|p2b: Urshifu|Close Combat|p1a: Heatran\n|-supereffective|p1a: Heatran\n|-damage|p1a: Heatran|0 fnt\n|-unboost|p2b: Urshifu|def|1\n|-unboost|p2b: Urshifu|spd|1\n|faint|p1a: Heatran\n|\n|-heal|p2b: Urshifu|93\/100|[from] Grassy Terrain\n|-heal|p2a: Rillaboom|24\/100|[from] Grassy Terrain\n|-sideend|p1: lil uzi oak|move: Tailwind\n|upkeep\n|\n|t:|1700963107\n|switch|p1a: Gholdengo|Gholdengo, L50, tera:Water|35\/100\n|turn|5\n|\n|t:|1700963117\n|move|p1b: Murkrow|Tailwind|p1b: Murkrow\n|-sidestart|p1: lil uzi oak|move: Tailwind\n|move|p2b: Urshifu|Close Combat|p1b: Murkrow\n|-damage|p1b: Murkrow|0 fnt\n|-unboost|p2b: Urshifu|def|1\n|-unboost|p2b: Urshifu|spd|1\n|faint|p1b: Murkrow\n|move|p1a: Gholdengo|Make It Rain|p2a: Rillaboom|[spread] p2a,p2b\n|-damage|p2a: Rillaboom|0 fnt\n|-damage|p2b: Urshifu|0 fnt\n|-unboost|p1a: Gholdengo|spa|1\n|faint|p2a: Rillaboom\n|faint|p2b: Urshifu\n|-damage|p1a: Gholdengo|25\/100|[from] item: Life Orb\n|\n|win|lil uzi oak\n|raw|lil uzi oak's rating: 1161 &rarr; <strong>1185<\/strong><br \/>(+24 for winning)\n|raw|A5ianMan's rating: 1143 &rarr; <strong>1119<\/strong><br \/>(-24 for losing)\n|l|\u2606A5ianMan\n","uploadtime":1700963133,"views":3,"p1id":"liluzioak","p2id":"a5ianman","formatid":"gen9vgc2023regulatione","rating":1119,"private":0,"password":""}