{"id":"gen9vgc2023regulatione-1998555788","p1":"VersatileDieCaster","p2":"Dawnyyyy","format":"[Gen 9] VGC 2023 Regulation E","log":"|j|\u2606VersatileDieCaster\n|j|\u2606Dawnyyyy\n|t:|1700955860\n|gametype|doubles\n|player|p1|VersatileDieCaster|volkner|1051\n|player|p2|Dawnyyyy|waiter-gen4|1041\n|teamsize|p1|6\n|teamsize|p2|6\n|gen|9\n|tier|[Gen 9] VGC 2023 Regulation E\n|rated|\n|rule|Species Clause: Limit one of each Pok\u00e9mon\n|rule|Item Clause: Limit one of each item\n|clearpoke\n|poke|p1|Torkoal, L50, F|\n|poke|p1|Indeedee-F, L50, F|\n|poke|p1|Armarouge, L50, F|\n|poke|p1|Tornadus, L50, M|\n|poke|p1|Urshifu-*, L50, F|\n|poke|p1|Shiftry, L50, F|\n|poke|p2|Ninetales-Alola, L50, M|\n|poke|p2|Froslass, L50, F|\n|poke|p2|Iron Bundle, L50|\n|poke|p2|Baxcalibur, L50, F|\n|poke|p2|Scizor, L50, F|\n|poke|p2|Ceruledge, L50, M|\n|teampreview|4\n|\n|t:|1700955909\n|start\n|switch|p1a: Tornadus|Tornadus, L50, M|100\/100\n|switch|p1b: Shiftry|Shiftry, L50, F|100\/100\n|switch|p2a: Ninetales|Ninetales-Alola, L50, M, shiny|100\/100\n|switch|p2b: Iron Bundle|Iron Bundle, L50|100\/100\n|-weather|Snow|[from] ability: Snow Warning|[of] p2a: Ninetales\n|-enditem|p2b: Iron Bundle|Booster Energy\n|-activate|p2b: Iron Bundle|ability: Quark Drive|[fromitem]\n|-start|p2b: Iron Bundle|quarkdrivespe\n|turn|1\n|\n|t:|1700955931\n|move|p1b: Shiftry|Fake Out|p2a: Ninetales\n|-damage|p2a: Ninetales|91\/100\n|move|p1a: Tornadus|Sunny Day|p1a: Tornadus\n|-weather|SunnyDay\n|move|p2b: Iron Bundle|Ice Beam|p1a: Tornadus\n|-supereffective|p1a: Tornadus\n|-damage|p1a: Tornadus|0 fnt\n|faint|p1a: Tornadus\n|cant|p2a: Ninetales|flinch\n|\n|-weather|SunnyDay|[upkeep]\n|upkeep\n|\n|t:|1700955943\n|switch|p1a: Armarouge|Armarouge, L50, F|100\/100\n|turn|2\n|\n|t:|1700955959\n|-terastallize|p1a: Armarouge|Grass\n|move|p2b: Iron Bundle|Hydro Pump|p1a: Armarouge|[miss]\n|-miss|p2b: Iron Bundle|p1a: Armarouge\n|move|p2a: Ninetales|Dazzling Gleam|p1b: Shiftry|[spread] p1a,p1b\n|-supereffective|p1b: Shiftry\n|-damage|p1a: Armarouge|80\/100\n|-damage|p1b: Shiftry|45\/100\n|move|p1b: Shiftry|Swords Dance|p1b: Shiftry\n|-boost|p1b: Shiftry|atk|2\n|move|p1a: Armarouge|Trick Room|p1a: Armarouge\n|-fieldstart|move: Trick Room|[of] p1a: Armarouge\n|\n|-weather|SunnyDay|[upkeep]\n|upkeep\n|turn|3\n|\n|t:|1700955996\n|move|p2b: Iron Bundle|Protect|p2b: Iron Bundle\n|-singleturn|p2b: Iron Bundle|Protect\n|move|p1a: Armarouge|Armor Cannon|p2a: Ninetales\n|-supereffective|p2a: Ninetales\n|-damage|p2a: Ninetales|0 fnt\n|-unboost|p1a: Armarouge|def|1\n|-unboost|p1a: Armarouge|spd|1\n|faint|p2a: Ninetales\n|-damage|p1a: Armarouge|70\/100|[from] item: Life Orb\n|move|p1b: Shiftry|Solar Blade||[still]\n|-prepare|p1b: Shiftry|Solar Blade\n|-anim|p1b: Shiftry|Solar Blade|p2b: Iron Bundle\n|-activate|p2b: Iron Bundle|move: Protect\n|\n|-weather|SunnyDay|[upkeep]\n|upkeep\n|\n|t:|1700956013\n|switch|p2a: Scizor|Scizor, L50, F|100\/100\n|turn|4\n|\n|t:|1700956030\n|-terastallize|p2a: Scizor|Flying\n|move|p2a: Scizor|Bullet Punch|p1b: Shiftry\n|-damage|p1b: Shiftry|0 fnt\n|faint|p1b: Shiftry\n|move|p1a: Armarouge|Heat Wave|p2b: Iron Bundle|[spread] p2a,p2b\n|-damage|p2a: Scizor|0 fnt\n|-damage|p2b: Iron Bundle|0 fnt\n|faint|p2a: Scizor\n|faint|p2b: Iron Bundle\n|-end|p2b: Iron Bundle|Quark Drive|[silent]\n|-damage|p1a: Armarouge|60\/100|[from] item: Life Orb\n|\n|-weather|SunnyDay|[upkeep]\n|upkeep\n|\n|t:|1700956047\n|switch|p1b: Indeedee|Indeedee-F, L50, F|100\/100\n|switch|p2b: Baxcalibur|Baxcalibur, L50, F|100\/100\n|-fieldstart|move: Psychic Terrain|[from] ability: Psychic Surge|[of] p1b: Indeedee\n|-enditem|p1b: Indeedee|Psychic Seed\n|-boost|p1b: Indeedee|spd|1|[from] item: Psychic Seed\n|turn|5\n|\n|t:|1700956084\n|move|p1b: Indeedee|Follow Me|p1b: Indeedee\n|-singleturn|p1b: Indeedee|move: Follow Me\n|move|p1a: Armarouge|Expanding Force|p2b: Baxcalibur\n|-damage|p2b: Baxcalibur|26\/100\n|-damage|p1a: Armarouge|50\/100|[from] item: Life Orb\n|move|p2b: Baxcalibur|Earthquake|p1b: Indeedee|[spread] p1a,p1b\n|-resisted|p1a: Armarouge\n|-damage|p1a: Armarouge|30\/100\n|-damage|p1b: Indeedee|76\/100\n|\n|-weather|none\n|upkeep\n|turn|6\n|\n|t:|1700956101\n|move|p1b: Indeedee|Dazzling Gleam|p2b: Baxcalibur\n|-supereffective|p2b: Baxcalibur\n|-damage|p2b: Baxcalibur|0 fnt\n|faint|p2b: Baxcalibur\n|\n|win|VersatileDieCaster\n|raw|VersatileDieCaster's rating: 1051 &rarr; <strong>1082<\/strong><br \/>(+31 for winning)\n|raw|Dawnyyyy's rating: 1041 &rarr; <strong>1025<\/strong><br \/>(-16 for losing)\n|c|\u2606VersatileDieCaster|gg\n|l|\u2606Dawnyyyy\n","uploadtime":1700956304,"views":15,"p1id":"versatilediecaster","p2id":"dawnyyyy","formatid":"gen9vgc2023regulatione","rating":1025,"private":0,"password":""}