{"id":"gen9vgc2023regulatione-1998217943","p1":"CalmRosie","p2":"BlindMagneton","format":"[Gen 9] VGC 2023 Regulation E","log":"|j|\u2606CalmRosie\n|j|\u2606BlindMagneton\n|t:|1700914593\n|gametype|doubles\n|player|p1|CalmRosie|aromalady|1399\n|player|p2|BlindMagneton|wattson|1454\n|teamsize|p1|6\n|teamsize|p2|6\n|gen|9\n|tier|[Gen 9] VGC 2023 Regulation E\n|rated|\n|rule|Species Clause: Limit one of each Pok\u00e9mon\n|rule|Item Clause: Limit one of each item\n|clearpoke\n|poke|p1|Tornadus, L50, M|\n|poke|p1|Mamoswine, L50, F|\n|poke|p1|Flutter Mane, L50|\n|poke|p1|Ogerpon-Hearthflame, L50, F|\n|poke|p1|Chi-Yu, L50|\n|poke|p1|Iron Hands, L50|\n|poke|p2|Mandibuzz, L50, F|\n|poke|p2|Abomasnow, L50, M|\n|poke|p2|Roaring Moon, L50|\n|poke|p2|Brambleghast, L50, M|\n|poke|p2|Farigiraf, L50, F|\n|poke|p2|Hydreigon, L50, M|\n|teampreview|4\n|\n|t:|1700914640\n|start\n|switch|p1a: Gale|Tornadus, L50, M|100\/100\n|switch|p1b: Ombra|Ogerpon-Hearthflame, L50, F|100\/100\n|switch|p2a: Mandibuzz|Mandibuzz, L50, F|100\/100\n|switch|p2b: Abomasnow|Abomasnow, L50, M|100\/100\n|-ability|p1b: Ombra|Mold Breaker\n|-weather|Snow|[from] ability: Snow Warning|[of] p2b: Abomasnow\n|turn|1\n|\n|t:|1700914661\n|-terastallize|p1b: Ombra|Fire\n|detailschange|p1b: Ombra|Ogerpon-Hearthflame-Tera, L50, F, tera:Fire\n|-ability|p1b: Ombra|Embody Aspect (Hearthflame)|boost\n|-boost|p1b: Ombra|atk|1\n|move|p1a: Gale|Sunny Day|p1a: Gale\n|-weather|SunnyDay\n|move|p2b: Abomasnow|Ice Shard|p2a: Mandibuzz\n|-supereffective|p2a: Mandibuzz\n|-damage|p2a: Mandibuzz|77\/100\n|-ability|p2a: Mandibuzz|Weak Armor|boost\n|-unboost|p2a: Mandibuzz|def|1\n|-boost|p2a: Mandibuzz|spe|2\n|-enditem|p2a: Mandibuzz|Weakness Policy\n|-boost|p2a: Mandibuzz|atk|2|[from] item: Weakness Policy\n|-boost|p2a: Mandibuzz|spa|2|[from] item: Weakness Policy\n|move|p2a: Mandibuzz|Lash Out|p1b: Ombra\n|-damage|p1b: Ombra|0 fnt\n|faint|p1b: Ombra\n|\n|-weather|SunnyDay|[upkeep]\n|upkeep\n|\n|t:|1700914680\n|switch|p1b: Hands|Iron Hands, L50, shiny|100\/100\n|turn|2\n|c|\u2606CalmRosie|rofl, thats a fun gimmick\n|\n|t:|1700914696\n|switch|p2b: Brambleghast|Brambleghast, L50, M|100\/100\n|move|p2a: Mandibuzz|Protect|p2a: Mandibuzz\n|-singleturn|p2a: Mandibuzz|Protect\n|move|p1b: Hands|Fake Out|p2a: Mandibuzz\n|-activate|p2a: Mandibuzz|move: Protect\n|move|p1a: Gale|Weather Ball|p2b: Brambleghast\n|-supereffective|p2b: Brambleghast\n|-damage|p2b: Brambleghast|0 fnt\n|faint|p2b: Brambleghast\n|\n|-weather|SunnyDay|[upkeep]\n|upkeep\n|j| gorillaz murdoch\n|\n|t:|1700914720\n|switch|p2b: Roaring Moon|Roaring Moon, L50|100\/100\n|-activate|p2b: Roaring Moon|ability: Protosynthesis\n|-start|p2b: Roaring Moon|protosynthesisspe\n|turn|3\n|\n|t:|1700914739\n|-terastallize|p2a: Mandibuzz|Ground\n|move|p2b: Roaring Moon|Breaking Swipe|p1b: Hands|[spread] p1a,p1b\n|-crit|p1a: Gale\n|-damage|p1a: Gale|61\/100\n|-damage|p1b: Hands|82\/100\n|-unboost|p1b: Hands|atk|1\n|move|p2a: Mandibuzz|Bone Rush|p1b: Hands\n|-supereffective|p1b: Hands\n|-damage|p1b: Hands|55\/100\n|-supereffective|p1b: Hands\n|-damage|p1b: Hands|31\/100\n|-hitcount|p1b: Hands|2\n|move|p1a: Gale|Bleakwind Storm|p2b: Roaring Moon|[spread] p2a,p2b\n|-damage|p2a: Mandibuzz|39\/100\n|-damage|p2b: Roaring Moon|63\/100\n|move|p1b: Hands|Drain Punch|p2a: Mandibuzz\n|-damage|p2a: Mandibuzz|2\/100\n|-heal|p1b: Hands|46\/100|[from] drain|[of] p2a: Mandibuzz\n|-ability|p2a: Mandibuzz|Weak Armor|boost\n|-unboost|p2a: Mandibuzz|def|1\n|-boost|p2a: Mandibuzz|spe|2\n|\n|-weather|SunnyDay|[upkeep]\n|upkeep\n|turn|4\n|l| gorillaz murdoch\n|\n|t:|1700914773\n|move|p1a: Gale|Tailwind|p1a: Gale\n|-sidestart|p1: CalmRosie|move: Tailwind\n|move|p2a: Mandibuzz|Acrobatics|p1a: Gale\n|-damage|p1a: Gale|0 fnt\n|faint|p1a: Gale\n|move|p2b: Roaring Moon|Breaking Swipe|p1b: Hands\n|-damage|p1b: Hands|25\/100\n|-unboost|p1b: Hands|atk|1\n|move|p1b: Hands|Drain Punch|p2a: Mandibuzz\n|-damage|p2a: Mandibuzz|0 fnt\n|-heal|p1b: Hands|26\/100|[from] drain|[of] p2a: Mandibuzz\n|faint|p2a: Mandibuzz\n|\n|-weather|SunnyDay|[upkeep]\n|upkeep\n|\n|t:|1700914787\n|switch|p1a: Mamo|Mamoswine, L50, F, shiny|100\/100\n|switch|p2a: Abomasnow|Abomasnow, L50, M|100\/100\n|-weather|Snow|[from] ability: Snow Warning|[of] p2a: Abomasnow\n|-end|p2b: Roaring Moon|Protosynthesis\n|-enditem|p2b: Roaring Moon|Booster Energy\n|-activate|p2b: Roaring Moon|ability: Protosynthesis|[fromitem]\n|-start|p2b: Roaring Moon|protosynthesisspe\n|turn|5\n|\n|t:|1700914820\n|move|p1a: Mamo|Ice Shard|p2b: Roaring Moon\n|-supereffective|p2b: Roaring Moon\n|-damage|p2b: Roaring Moon|3\/100\n|move|p2b: Roaring Moon|Breaking Swipe|p1a: Mamo|[spread] p1a,p1b\n|-damage|p1a: Mamo|83\/100\n|-damage|p1b: Hands|10\/100\n|-unboost|p1a: Mamo|atk|1\n|-unboost|p1b: Hands|atk|1\n|move|p1b: Hands|Drain Punch|p2a: Abomasnow\n|-supereffective|p2a: Abomasnow\n|-damage|p2a: Abomasnow|67\/100\n|-heal|p1b: Hands|22\/100|[from] drain|[of] p2a: Abomasnow\n|move|p2a: Abomasnow|Blizzard|p1b: Hands|[spread] p1a,p1b\n|-damage|p1a: Mamo|40\/100\n|-damage|p1b: Hands|2\/100\n|\n|-weather|Snow|[upkeep]\n|upkeep\n|turn|6\n|\n|t:|1700914845\n|move|p1a: Mamo|Ice Shard|p2b: Roaring Moon\n|-supereffective|p2b: Roaring Moon\n|-damage|p2b: Roaring Moon|0 fnt\n|faint|p2b: Roaring Moon\n|-end|p2b: Roaring Moon|Protosynthesis|[silent]\n|move|p2a: Abomasnow|Ice Shard|p1b: Hands\n|-crit|p1b: Hands\n|-damage|p1b: Hands|0 fnt\n|faint|p1b: Hands\n|-end|p1b: Hands|Quark Drive|[silent]\n|\n|-weather|Snow|[upkeep]\n|upkeep\n|turn|7\n|\n|t:|1700914854\n|move|p1a: Mamo|Icicle Spear|p2a: Abomasnow\n|-damage|p2a: Abomasnow|57\/100\n|-damage|p2a: Abomasnow|48\/100\n|-damage|p2a: Abomasnow|39\/100\n|-damage|p2a: Abomasnow|30\/100\n|-hitcount|p2a: Abomasnow|4\n|move|p2a: Abomasnow|Energy Ball|p1a: Mamo\n|-supereffective|p1a: Mamo\n|-crit|p1a: Mamo\n|-damage|p1a: Mamo|0 fnt\n|faint|p1a: Mamo\n|\n|win|BlindMagneton\n|raw|CalmRosie's rating: 1399 &rarr; <strong>1382<\/strong><br \/>(-17 for losing)\n|raw|BlindMagneton's rating: 1454 &rarr; <strong>1471<\/strong><br \/>(+17 for winning)\n","uploadtime":1700914860,"views":3,"p1id":"calmrosie","p2id":"blindmagneton","formatid":"gen9vgc2023regulatione","rating":1382,"private":0,"password":""}