{"id":"gen9vgc2023regulatione-1990470785","p1":"Dinozoic","p2":"CharlienoB","format":"[Gen 9] VGC 2023 Regulation E","log":"|j|\u2606Dinozoic\n|j|\u2606CharlienoB\n|t:|1699974000\n|gametype|doubles\n|player|p1|Dinozoic|170|1185\n|player|p2|CharlienoB|1|1066\n|teamsize|p1|6\n|teamsize|p2|6\n|gen|9\n|tier|[Gen 9] VGC 2023 Regulation E\n|rated|\n|rule|Species Clause: Limit one of each Pok\u00e9mon\n|rule|Item Clause: Limit one of each item\n|clearpoke\n|poke|p1|Ninetales-Alola, L50, F|\n|poke|p1|Landorus-Therian, L50, M|\n|poke|p1|Sinistcha-Masterpiece, L50|\n|poke|p1|Kommo-o, L50, F|\n|poke|p1|Iron Hands, L50|\n|poke|p1|Flutter Mane, L50|\n|poke|p2|Wigglytuff, L50, F|\n|poke|p2|Espathra, L50, F|\n|poke|p2|Ogerpon-Wellspring, L50, F|\n|poke|p2|Chien-Pao, L50|\n|poke|p2|Iron Moth, L50|\n|poke|p2|Landorus-Therian, L50, M|\n|teampreview|4\n|inactive|Battle timer is ON: inactive players will automatically lose when time's up. (requested by Dinozoic)\n|inactive|Dinozoic has 60 seconds left.\n|\n|t:|1699974036\n|start\n|switch|p1a: Ninetales|Ninetales-Alola, L50, F|100\/100\n|switch|p1b: Kommo-o|Kommo-o, L50, F|100\/100\n|switch|p2a: Wigglytuff|Wigglytuff, L50, F|100\/100\n|switch|p2b: Chien-Pao|Chien-Pao, L50|100\/100\n|-ability|p2b: Chien-Pao|Sword of Ruin\n|-weather|Snow|[from] ability: Snow Warning|[of] p1a: Ninetales\n|turn|1\n|\n|t:|1699974054\n|-terastallize|p1b: Kommo-o|Steel\n|move|p2b: Chien-Pao|Sacred Sword|p1b: Kommo-o\n|-supereffective|p1b: Kommo-o\n|-damage|p1b: Kommo-o|21\/100\n|move|p1a: Ninetales|Aurora Veil|p1a: Ninetales\n|-sidestart|p1: Dinozoic|move: Aurora Veil\n|move|p1b: Kommo-o|Clangorous Soul||[still]\n|-fail|p1b: Kommo-o\n|move|p2a: Wigglytuff|Draining Kiss|p1b: Kommo-o\n|-resisted|p1b: Kommo-o\n|-damage|p1b: Kommo-o|15\/100\n|\n|-weather|Snow|[upkeep]\n|upkeep\n|turn|2\n|inactive|CharlienoB has 30 seconds left.\n|\n|t:|1699974081\n|move|p1b: Kommo-o|Protect|p1b: Kommo-o\n|-singleturn|p1b: Kommo-o|Protect\n|move|p2b: Chien-Pao|Sucker Punch||[still]\n|-fail|p2b: Chien-Pao\n|move|p1a: Ninetales|Icy Wind|p2b: Chien-Pao|[spread] p2a\n|-miss|p1a: Ninetales|p2b: Chien-Pao\n|-damage|p2a: Wigglytuff|88\/100\n|-unboost|p2a: Wigglytuff|spe|1\n|-ability|p2a: Wigglytuff|Competitive|boost\n|-boost|p2a: Wigglytuff|spa|2\n|move|p2a: Wigglytuff|Calm Mind|p2a: Wigglytuff\n|-boost|p2a: Wigglytuff|spa|1\n|-boost|p2a: Wigglytuff|spd|1\n|\n|-weather|Snow|[upkeep]\n|-heal|p2a: Wigglytuff|94\/100|[from] item: Leftovers\n|upkeep\n|turn|3\n|inactive|Dinozoic has 30 seconds left.\n|inactive|CharlienoB has 30 seconds left.\n|\n|t:|1699974108\n|move|p2b: Chien-Pao|Sacred Sword|p1b: Kommo-o\n|-supereffective|p1b: Kommo-o\n|-damage|p1b: Kommo-o|0 fnt\n|faint|p1b: Kommo-o\n|move|p1a: Ninetales|Icy Wind|p2a: Wigglytuff|[spread] p2a,p2b\n|-resisted|p2b: Chien-Pao\n|-damage|p2a: Wigglytuff|87\/100\n|-damage|p2b: Chien-Pao|92\/100\n|-unboost|p2a: Wigglytuff|spe|1\n|-ability|p2a: Wigglytuff|Competitive|boost\n|-boost|p2a: Wigglytuff|spa|2\n|-unboost|p2b: Chien-Pao|spe|1\n|move|p2a: Wigglytuff|Calm Mind|p2a: Wigglytuff\n|-boost|p2a: Wigglytuff|spa|1\n|-boost|p2a: Wigglytuff|spd|1\n|\n|-weather|Snow|[upkeep]\n|-heal|p2a: Wigglytuff|93\/100|[from] item: Leftovers\n|upkeep\n|\n|t:|1699974126\n|switch|p1b: Iron Hands|Iron Hands, L50|100\/100\n|turn|4\n|\n|t:|1699974146\n|move|p2b: Chien-Pao|Protect|p2b: Chien-Pao\n|-singleturn|p2b: Chien-Pao|Protect\n|move|p2a: Wigglytuff|Protect|p2a: Wigglytuff\n|-singleturn|p2a: Wigglytuff|Protect\n|move|p1b: Iron Hands|Fake Out|p2a: Wigglytuff\n|-activate|p2a: Wigglytuff|move: Protect\n|move|p1a: Ninetales|Blizzard|p2b: Chien-Pao|[spread] \n|-activate|p2a: Wigglytuff|move: Protect\n|-activate|p2b: Chien-Pao|move: Protect\n|\n|-weather|Snow|[upkeep]\n|-heal|p2a: Wigglytuff|99\/100|[from] item: Leftovers\n|upkeep\n|turn|5\n|\n|t:|1699974169\n|-terastallize|p2a: Wigglytuff|Fire\n|move|p1a: Ninetales|Helping Hand|p1b: Iron Hands\n|-singleturn|p1b: Iron Hands|Helping Hand|[of] p1a: Ninetales\n|move|p2b: Chien-Pao|Sucker Punch|p1b: Iron Hands\n|-resisted|p1b: Iron Hands\n|-damage|p1b: Iron Hands|90\/100\n|move|p1b: Iron Hands|Heavy Slam|p2a: Wigglytuff\n|-resisted|p2a: Wigglytuff\n|-damage|p2a: Wigglytuff|55\/100\n|move|p2a: Wigglytuff|Draining Kiss|p1b: Iron Hands\n|-supereffective|p1b: Iron Hands\n|-damage|p1b: Iron Hands|49\/100\n|-heal|p2a: Wigglytuff|89\/100|[from] drain|[of] p1b: Iron Hands\n|\n|-weather|none\n|-heal|p2a: Wigglytuff|95\/100|[from] item: Leftovers\n|upkeep\n|turn|6\n|inactive|CharlienoB has 30 seconds left.\n|\n|t:|1699974196\n|move|p1a: Ninetales|Helping Hand|p1b: Iron Hands\n|-singleturn|p1b: Iron Hands|Helping Hand|[of] p1a: Ninetales\n|move|p2b: Chien-Pao|Sucker Punch||[still]\n|-fail|p2b: Chien-Pao\n|move|p1b: Iron Hands|Drain Punch|p2b: Chien-Pao\n|-supereffective|p2b: Chien-Pao\n|-damage|p2b: Chien-Pao|0 fnt\n|-heal|p1b: Iron Hands|79\/100|[from] drain|[of] p2b: Chien-Pao\n|faint|p2b: Chien-Pao\n|move|p2a: Wigglytuff|Draining Kiss|p1b: Iron Hands\n|-supereffective|p1b: Iron Hands\n|-damage|p1b: Iron Hands|37\/100\n|-heal|p2a: Wigglytuff|100\/100|[from] drain|[of] p1b: Iron Hands\n|\n|upkeep\n|\n|t:|1699974211\n|switch|p2b: Ogerpon|Ogerpon-Wellspring, L50, F|100\/100\n|turn|7\n|\n|t:|1699974222\n|move|p1a: Ninetales|Helping Hand|p1b: Iron Hands\n|-singleturn|p1b: Iron Hands|Helping Hand|[of] p1a: Ninetales\n|move|p2b: Ogerpon|Wood Hammer|p1b: Iron Hands\n|-damage|p1b: Iron Hands|0 fnt\n|faint|p1b: Iron Hands\n|-end|p1b: Iron Hands|Quark Drive|[silent]\n|-damage|p2b: Ogerpon|82\/100|[from] Recoil\n|move|p2a: Wigglytuff|Draining Kiss|p1a: Ninetales\n|-damage|p1a: Ninetales|58\/100\n|\n|upkeep\n|\n|t:|1699974227\n|switch|p1b: Landorus|Landorus-Therian, L50, M|100\/100\n|-ability|p1b: Landorus|Intimidate|boost\n|-unboost|p2a: Wigglytuff|atk|1\n|-boost|p2a: Wigglytuff|spa|0\n|-unboost|p2b: Ogerpon|atk|1\n|turn|8\n|\n|t:|1699974245\n|move|p1a: Ninetales|Helping Hand|p1b: Landorus\n|-singleturn|p1b: Landorus|Helping Hand|[of] p1a: Ninetales\n|move|p2b: Ogerpon|Spiky Shield|p2b: Ogerpon\n|-singleturn|p2b: Ogerpon|move: Protect\n|move|p1b: Landorus|Stomping Tantrum|p2a: Wigglytuff\n|-supereffective|p2a: Wigglytuff\n|-damage|p2a: Wigglytuff|0 fnt\n|faint|p2a: Wigglytuff\n|\n|-sideend|p1: Dinozoic|move: Aurora Veil\n|upkeep\n|\n|t:|1699974259\n|switch|p2a: Landorus|Landorus-Therian, L50, M|100\/100\n|-ability|p2a: Landorus|Intimidate|boost\n|-unboost|p1a: Ninetales|atk|1\n|-unboost|p1b: Landorus|atk|1\n|turn|9\n|\n|t:|1699974269\n|move|p1b: Landorus|Stomping Tantrum|p2b: Ogerpon\n|-resisted|p2b: Ogerpon\n|-damage|p2b: Ogerpon|62\/100\n|move|p2a: Landorus|Rock Slide|p1b: Landorus|[spread] p1a,p1b\n|-supereffective|p1a: Ninetales\n|-damage|p1a: Ninetales|8\/100\n|-damage|p1b: Landorus|73\/100\n|move|p2b: Ogerpon|Ivy Cudgel|p1b: Landorus|[anim] Ivy Cudgel Water\n|-supereffective|p1b: Landorus\n|-damage|p1b: Landorus|0 fnt\n|faint|p1b: Landorus\n|move|p1a: Ninetales|Blizzard|p2b: Ogerpon|[spread] p2b\n|-miss|p1a: Ninetales|p2a: Landorus\n|-damage|p2b: Ogerpon|31\/100\n|\n|upkeep\n|turn|10\n|-message|Dinozoic forfeited.\n|\n|win|CharlienoB\n|raw|Dinozoic's rating: 1185 &rarr; <strong>1152<\/strong><br \/>(-33 for losing)\n|raw|CharlienoB's rating: 1066 &rarr; <strong>1106<\/strong><br \/>(+40 for winning)\n|l|\u2606Dinozoic\n","uploadtime":1699974290,"views":14,"p1id":"dinozoic","p2id":"charlienob","formatid":"gen9vgc2023regulatione","rating":1106,"private":0,"password":""}