{"id":"gen9vgc2023regulatione-1992378232","p1":"ramsey1221","p2":"Jop 31 in a row","format":"[Gen 9] VGC 2023 Regulation E","log":"|j|\u2606ramsey1221\n|j|\u2606Jop 31 in a row\n|t:|1700180650\n|gametype|doubles\n|player|p1|ramsey1221|1|1101\n|player|p2|Jop 31 in a row|lillie|1040\n|teamsize|p1|6\n|teamsize|p2|6\n|gen|9\n|tier|[Gen 9] VGC 2023 Regulation E\n|rated|\n|rule|Species Clause: Limit one of each Pok\u00e9mon\n|rule|Item Clause: Limit one of each item\n|clearpoke\n|poke|p1|Pelipper, L50, M|\n|poke|p1|Palafin, L50, M|\n|poke|p1|Heatran, L50, M|\n|poke|p1|Gyarados, L50, M|\n|poke|p1|Ludicolo, L50, M|\n|poke|p1|Amoonguss, L50, M|\n|poke|p2|Moltres-Galar, L50|\n|poke|p2|Arcanine-Hisui, L50, F|\n|poke|p2|Munkidori, L50, M|\n|poke|p2|Sinistcha, L50|\n|poke|p2|Grimmsnarl, L50, M|\n|poke|p2|Milotic, L50, F|\n|teampreview|4\n|\n|t:|1700180689\n|start\n|switch|p1a: Pelipper|Pelipper, L50, M|100\/100\n|switch|p1b: Palafin|Palafin, L50, M|100\/100\n|switch|p2a: Grimmsnarl|Grimmsnarl, L50, M, shiny|100\/100\n|switch|p2b: Moltres|Moltres-Galar, L50, shiny|100\/100\n|-weather|RainDance|[from] ability: Drizzle|[of] p1a: Pelipper\n|turn|1\n|inactive|Battle timer is ON: inactive players will automatically lose when time's up. (requested by Jop 31 in a row)\n|c|\u2606ramsey1221|I like the team\n|c|\u2606Jop 31 in a row|thanks\n|\n|t:|1700180718\n|detailschange|p1b: Palafin|Palafin-Hero, L50, M\n|switch|p1b: Amoonguss|Amoonguss, L50, M|100\/100\n|move|p2a: Grimmsnarl|Light Screen|p2a: Grimmsnarl\n|-sidestart|p2: Jop 31 in a row|move: Light Screen\n|move|p2b: Moltres|Nasty Plot|p2b: Moltres\n|-boost|p2b: Moltres|spa|2\n|move|p1a: Pelipper|U-turn|p2b: Moltres\n|-damage|p2b: Moltres|92\/100\n|\n|t:|1700180729\n|switch|p1a: Palafin|Palafin-Hero, L50, M|100\/100|[from] U-turn\n|-activate|p1a: Palafin|ability: Zero to Hero\n|\n|-weather|RainDance|[upkeep]\n|upkeep\n|turn|2\n|\n|t:|1700180739\n|move|p2b: Moltres|Protect|p2b: Moltres\n|-singleturn|p2b: Moltres|Protect\n|move|p1b: Amoonguss|Rage Powder|p1b: Amoonguss\n|-singleturn|p1b: Amoonguss|move: Rage Powder\n|move|p2a: Grimmsnarl|Parting Shot|p1b: Amoonguss\n|-unboost|p1b: Amoonguss|atk|1\n|-unboost|p1b: Amoonguss|spa|1\n|\n|t:|1700180745\n|switch|p2a: Sinistcha|Sinistcha, L50, shiny|100\/100|[from] Parting Shot\n|-heal|p2b: Moltres|100\/100|[from] ability: Hospitality|[of] p2a: Sinistcha\n|move|p1a: Palafin|Drain Punch|p2b: Moltres\n|-activate|p2b: Moltres|move: Protect\n|\n|-weather|RainDance|[upkeep]\n|upkeep\n|turn|3\n|\n|t:|1700180758\n|switch|p1a: Gyarados|Gyarados, L50, M|100\/100\n|-ability|p1a: Gyarados|Intimidate|boost\n|-unboost|p2a: Sinistcha|atk|1\n|-unboost|p2b: Moltres|atk|1\n|move|p2a: Sinistcha|Rage Powder|p2a: Sinistcha\n|-singleturn|p2a: Sinistcha|move: Rage Powder\n|move|p2b: Moltres|Fiery Wrath|p1b: Amoonguss|[spread] p1a,p1b\n|-damage|p1a: Gyarados|48\/100\n|-damage|p1b: Amoonguss|48\/100\n|move|p1b: Amoonguss|Spore|p2b: Moltres\n|-status|p2b: Moltres|slp|[from] move: Spore\n|\n|-weather|RainDance|[upkeep]\n|-heal|p1a: Gyarados|54\/100|[from] item: Leftovers\n|upkeep\n|turn|4\n|\n|t:|1700180777\n|cant|p2b: Moltres|slp\n|move|p1a: Gyarados|Hurricane|p2a: Sinistcha\n|-supereffective|p2a: Sinistcha\n|-damage|p2a: Sinistcha|68\/100\n|move|p2a: Sinistcha|Matcha Gotcha|p1b: Amoonguss|[spread] p1b\n|-miss|p2a: Sinistcha|p1a: Gyarados\n|-resisted|p1b: Amoonguss\n|-damage|p1b: Amoonguss|42\/100\n|-heal|p2a: Sinistcha|72\/100|[from] drain|[of] p1b: Amoonguss\n|move|p1b: Amoonguss|Pollen Puff|p1a: Gyarados\n|-heal|p1a: Gyarados|100\/100\n|\n|-weather|RainDance|[upkeep]\n|upkeep\n|turn|5\n|\n|t:|1700180796\n|switch|p1b: Palafin|Palafin-Hero, L50, M|100\/100\n|move|p1a: Gyarados|Waterfall|p2b: Moltres\n|-damage|p2b: Moltres|37\/100 slp\n|-ability|p2b: Moltres|Berserk|boost\n|-boost|p2b: Moltres|spa|1\n|-enditem|p2b: Moltres|Sitrus Berry|[eat]\n|-heal|p2b: Moltres|62\/100 slp|[from] item: Sitrus Berry\n|cant|p2b: Moltres|slp\n|move|p2a: Sinistcha|Life Dew|p2a: Sinistcha|[spread] p2a,p2b\n|-heal|p2a: Sinistcha|97\/100\n|-heal|p2b: Moltres|87\/100 slp\n|\n|-weather|none\n|upkeep\n|turn|6\n|\n|t:|1700180818\n|-terastallize|p1b: Palafin|Water\n|move|p1a: Gyarados|Helping Hand|p1b: Palafin\n|-singleturn|p1b: Palafin|Helping Hand|[of] p1a: Gyarados\n|move|p2a: Sinistcha|Rage Powder|p2a: Sinistcha\n|-singleturn|p2a: Sinistcha|move: Rage Powder\n|move|p1b: Palafin|Wave Crash|p2a: Sinistcha\n|-resisted|p2a: Sinistcha\n|-damage|p2a: Sinistcha|20\/100\n|-damage|p1b: Palafin|84\/100|[from] item: Rocky Helmet|[of] p2a: Sinistcha\n|-damage|p1b: Palafin|59\/100|[from] Recoil\n|cant|p2b: Moltres|slp\n|\n|upkeep\n|turn|7\n|\n|t:|1700180836\n|move|p2a: Sinistcha|Rage Powder|p2a: Sinistcha\n|-singleturn|p2a: Sinistcha|move: Rage Powder\n|move|p1b: Palafin|Wave Crash|p2a: Sinistcha\n|-resisted|p2a: Sinistcha\n|-damage|p2a: Sinistcha|0 fnt\n|-damage|p1b: Palafin|42\/100|[from] item: Rocky Helmet|[of] p2a: Sinistcha\n|faint|p2a: Sinistcha\n|-damage|p1b: Palafin|35\/100|[from] Recoil\n|move|p1a: Gyarados|Waterfall|p2b: Moltres\n|-crit|p2b: Moltres\n|-damage|p2b: Moltres|24\/100 slp\n|-ability|p2b: Moltres|Berserk|boost\n|-boost|p2b: Moltres|spa|1\n|-curestatus|p2b: Moltres|slp|[msg]\n|move|p2b: Moltres|Fiery Wrath|p1b: Palafin|[spread] p1a,p1b\n|-damage|p1a: Gyarados|22\/100\n|-damage|p1b: Palafin|0 fnt\n|faint|p1b: Palafin\n|\n|-heal|p1a: Gyarados|28\/100|[from] item: Leftovers\n|upkeep\n|\n|t:|1700180855\n|switch|p1b: Amoonguss|Amoonguss, L50, M|75\/100\n|switch|p2a: Grimmsnarl|Grimmsnarl, L50, M, shiny|100\/100\n|turn|8\n|\n|t:|1700180867\n|move|p2b: Moltres|Protect|p2b: Moltres\n|-singleturn|p2b: Moltres|Protect\n|move|p2a: Grimmsnarl|Reflect|p2a: Grimmsnarl\n|-sidestart|p2: Jop 31 in a row|Reflect\n|move|p1a: Gyarados|Iron Head|p2a: Grimmsnarl\n|-supereffective|p2a: Grimmsnarl\n|-damage|p2a: Grimmsnarl|67\/100\n|move|p1b: Amoonguss|Spore|p2b: Moltres\n|-activate|p2b: Moltres|move: Protect\n|\n|-heal|p1a: Gyarados|34\/100|[from] item: Leftovers\n|-sideend|p2: Jop 31 in a row|move: Light Screen\n|upkeep\n|turn|9\n|\n|t:|1700180884\n|move|p2a: Grimmsnarl|Parting Shot|p1a: Gyarados\n|-unboost|p1a: Gyarados|atk|1\n|-unboost|p1a: Gyarados|spa|1\n|\n|t:|1700180887\n|switch|p2a: Milotic|Milotic, L50, F, shiny|100\/100|[from] Parting Shot\n|move|p1a: Gyarados|Iron Head|p2a: Milotic\n|-resisted|p2a: Milotic\n|-damage|p2a: Milotic|93\/100\n|move|p2b: Moltres|Fiery Wrath|p1a: Gyarados|[spread] p1a,p1b\n|-damage|p1a: Gyarados|0 fnt\n|-damage|p1b: Amoonguss|0 fnt\n|faint|p1a: Gyarados\n|faint|p1b: Amoonguss\n|\n|upkeep\n|c|\u2606ramsey1221|gg\n|-message|ramsey1221 forfeited.\n|c|\u2606Jop 31 in a row|gG\n|\n|win|Jop 31 in a row\n|raw|ramsey1221's rating: 1101 &rarr; <strong>1072<\/strong><br \/>(-29 for losing)\n|raw|Jop 31 in a row's rating: 1040 &rarr; <strong>1080<\/strong><br \/>(+40 for winning)\n|l|\u2606ramsey1221\n","uploadtime":1700180901,"views":13,"p1id":"ramsey1221","p2id":"jop31inarow","formatid":"gen9vgc2023regulatione","rating":1072,"private":0,"password":""}