{"id":"gen9vgc2023regulatione-1991391530","p1":"Ropdykex11","p2":"Lab Gamer","format":"[Gen 9] VGC 2023 Regulation E","log":"|j|\u2606Ropdykex11\n|j|\u2606Lab Gamer\n|t:|1700073210\n|gametype|doubles\n|player|p1|Ropdykex11|cynthia|1321\n|player|p2|Lab Gamer|roark|1407\n|teamsize|p1|6\n|teamsize|p2|6\n|gen|9\n|tier|[Gen 9] VGC 2023 Regulation E\n|rated|\n|rule|Species Clause: Limit one of each Pok\u00e9mon\n|rule|Item Clause: Limit one of each item\n|clearpoke\n|poke|p1|Dragonite, L50, M|\n|poke|p1|Gyarados, L50, M|\n|poke|p1|Kingambit, L50, M|\n|poke|p1|Annihilape, L50, F|\n|poke|p1|Grimmsnarl, L50, M|\n|poke|p1|Flutter Mane, L50|\n|poke|p2|Urshifu-*, L50, M|\n|poke|p2|Arcanine-Hisui, L50, M|\n|poke|p2|Amoonguss, L50, F|\n|poke|p2|Farigiraf, L50, M|\n|poke|p2|Roaring Moon, L50|\n|poke|p2|Iron Hands, L50|\n|teampreview|4\n|\n|t:|1700073259\n|start\n|switch|p1a: Annihilape|Annihilape, L50, F, shiny|100\/100\n|switch|p1b: Grimmsnarl|Grimmsnarl, L50, M, shiny|100\/100\n|switch|p2a: Urshifu|Urshifu-Rapid-Strike, L50, M|100\/100\n|switch|p2b: Arcanine|Arcanine-Hisui, L50, M|100\/100\n|-ability|p2b: Arcanine|Intimidate|boost\n|-unboost|p1a: Annihilape|atk|1\n|-ability|p1a: Annihilape|Defiant|boost\n|-boost|p1a: Annihilape|atk|2\n|-unboost|p1b: Grimmsnarl|atk|1\n|turn|1\n|\n|t:|1700073292\n|-terastallize|p2a: Urshifu|Water\n|move|p1b: Grimmsnarl|Fake Out|p2a: Urshifu\n|-damage|p2a: Urshifu|93\/100\n|cant|p2a: Urshifu|flinch\n|move|p2b: Arcanine|Flare Blitz|p1a: Annihilape\n|-damage|p1a: Annihilape|13\/100\n|-damage|p2b: Arcanine|70\/100|[from] Recoil\n|move|p1a: Annihilape|Bulk Up|p1a: Annihilape\n|-boost|p1a: Annihilape|atk|1\n|-boost|p1a: Annihilape|def|1\n|\n|-heal|p1a: Annihilape|19\/100|[from] item: Leftovers\n|upkeep\n|turn|2\n|\n|t:|1700073315\n|switch|p1a: Gyarados|Gyarados, L50, M, shiny|100\/100\n|-ability|p1a: Gyarados|Intimidate|boost\n|-unboost|p2a: Urshifu|atk|1\n|-unboost|p2b: Arcanine|atk|1\n|move|p1b: Grimmsnarl|Reflect|p1b: Grimmsnarl\n|-sidestart|p1: Ropdykex11|Reflect\n|move|p2a: Urshifu|Surging Strikes|p1a: Gyarados\n|-resisted|p1a: Gyarados\n|-crit|p1a: Gyarados\n|-damage|p1a: Gyarados|79\/100\n|-resisted|p1a: Gyarados\n|-crit|p1a: Gyarados\n|-damage|p1a: Gyarados|58\/100\n|-resisted|p1a: Gyarados\n|-crit|p1a: Gyarados\n|-damage|p1a: Gyarados|36\/100\n|-hitcount|p1a: Gyarados|3\n|move|p2b: Arcanine|Flare Blitz|p1b: Grimmsnarl\n|-damage|p1b: Grimmsnarl|54\/100\n|-damage|p2b: Arcanine|54\/100|[from] Recoil\n|\n|upkeep\n|turn|3\n|\n|t:|1700073336\n|move|p1b: Grimmsnarl|Light Screen|p1b: Grimmsnarl\n|-sidestart|p1: Ropdykex11|move: Light Screen\n|move|p2a: Urshifu|Surging Strikes|p1a: Gyarados\n|-resisted|p1a: Gyarados\n|-crit|p1a: Gyarados\n|-damage|p1a: Gyarados|16\/100\n|-resisted|p1a: Gyarados\n|-crit|p1a: Gyarados\n|-damage|p1a: Gyarados|0 fnt\n|faint|p1a: Gyarados\n|-hitcount|p1: Gyarados|2\n|move|p2b: Arcanine|Flare Blitz|p1b: Grimmsnarl\n|-damage|p1b: Grimmsnarl|2\/100\n|-damage|p2b: Arcanine|37\/100|[from] Recoil\n|\n|upkeep\n|c|\u2606Ropdykex11|i just have no answer to urshifu\n|c|\u2606Ropdykex11|dudes unstoppable\n|\n|t:|1700073350\n|switch|p1a: Flutter Mane|Flutter Mane, L50, shiny|100\/100\n|turn|4\n|\n|t:|1700073363\n|switch|p2a: Farigiraf|Farigiraf, L50, M|100\/100\n|-terastallize|p1a: Flutter Mane|Fairy\n|move|p1b: Grimmsnarl|Parting Shot||[still]\n|cant|p2a: Farigiraf|ability: Armor Tail|Parting Shot|[of] p1b: Grimmsnarl\n|move|p1a: Flutter Mane|Moonblast|p2a: Farigiraf\n|-damage|p2a: Farigiraf|15\/100\n|-unboost|p2a: Farigiraf|spa|1\n|-enditem|p2a: Farigiraf|Sitrus Berry|[eat]\n|-heal|p2a: Farigiraf|40\/100|[from] item: Sitrus Berry\n|move|p2b: Arcanine|Flare Blitz|p1b: Grimmsnarl\n|-damage|p1b: Grimmsnarl|0 fnt\n|faint|p1b: Grimmsnarl\n|-damage|p2b: Arcanine|37\/100|[from] Recoil\n|\n|upkeep\n|\n|t:|1700073378\n|switch|p1b: Annihilape|Annihilape, L50, F, shiny|19\/100\n|turn|5\n|\n|t:|1700073387\n|move|p1b: Annihilape|Protect|p1b: Annihilape\n|-singleturn|p1b: Annihilape|Protect\n|move|p1a: Flutter Mane|Moonblast|p2a: Farigiraf\n|-damage|p2a: Farigiraf|0 fnt\n|faint|p2a: Farigiraf\n|move|p2b: Arcanine|Flare Blitz|p1a: Flutter Mane\n|-damage|p1a: Flutter Mane|9\/100\n|-damage|p2b: Arcanine|14\/100|[from] Recoil\n|\n|-heal|p1b: Annihilape|25\/100|[from] item: Leftovers\n|upkeep\n|-message|Ropdykex11 forfeited.\n|\n|win|Lab Gamer\n|raw|Ropdykex11's rating: 1321 &rarr; <strong>1306<\/strong><br \/>(-15 for losing)\n|raw|Lab Gamer's rating: 1407 &rarr; <strong>1422<\/strong><br \/>(+15 for winning)\n|l|\u2606Ropdykex11\n","uploadtime":1700073416,"views":18,"p1id":"ropdykex11","p2id":"labgamer","formatid":"gen9vgc2023regulatione","rating":1306,"private":0,"password":""}