{"id":"gen9vgc2023regulatione-1995289763","p1":"bkmboy","p2":"Qwano","format":"[Gen 9] VGC 2023 Regulation E","log":"|j|\u2606bkmboy\n|j|\u2606Qwano\n|t:|1700547655\n|gametype|doubles\n|player|p1|bkmboy|gambler|1212\n|player|p2|Qwano|burglar|1231\n|teamsize|p1|6\n|teamsize|p2|6\n|gen|9\n|tier|[Gen 9] VGC 2023 Regulation E\n|rated|\n|rule|Species Clause: Limit one of each Pok\u00e9mon\n|rule|Item Clause: Limit one of each item\n|clearpoke\n|poke|p1|Torkoal, L50, F|\n|poke|p1|Oranguru, L50, M|\n|poke|p1|Ursaluna-Bloodmoon, L50, M|\n|poke|p1|Bruxish, L50, F|\n|poke|p1|Urshifu-*, L50, F|\n|poke|p1|Maushold-Four, L50|\n|poke|p2|Glimmora, L50, M|\n|poke|p2|Articuno-Galar, L50|\n|poke|p2|Kommo-o, L50, F|\n|poke|p2|Fezandipiti, L50, M|\n|poke|p2|Sinistcha, L50|\n|poke|p2|Zapdos-Galar, L50|\n|teampreview|4\n|\n|t:|1700547698\n|start\n|switch|p1a: Oranguru|Oranguru, L50, M|100\/100\n|switch|p1b: Maushold|Maushold-Four, L50|100\/100\n|switch|p2a: Sinistcha|Sinistcha, L50|100\/100\n|switch|p2b: Glimmora|Glimmora, L50, M|100\/100\n|turn|1\n|inactive|Battle timer is ON: inactive players will automatically lose when time's up. (requested by bkmboy)\n|\n|t:|1700547724\n|move|p1b: Maushold|Follow Me|p1b: Maushold\n|-singleturn|p1b: Maushold|move: Follow Me\n|move|p2b: Glimmora|Power Gem|p1b: Maushold\n|-damage|p1b: Maushold|41\/100\n|move|p2a: Sinistcha|Shadow Ball|p1b: Maushold\n|-immune|p1b: Maushold\n|move|p1a: Oranguru|Trick Room|p1a: Oranguru\n|-fieldstart|move: Trick Room|[of] p1a: Oranguru\n|\n|upkeep\n|turn|2\n|\n|t:|1700547748\n|switch|p2b: Articuno|Articuno-Galar, L50|100\/100\n|move|p1a: Oranguru|Protect|p1a: Oranguru\n|-singleturn|p1a: Oranguru|Protect\n|move|p1b: Maushold|U-turn|p2a: Sinistcha\n|-damage|p2a: Sinistcha|85\/100\n|-damage|p1b: Maushold|25\/100|[from] item: Rocky Helmet|[of] p2a: Sinistcha\n|\n|t:|1700547760\n|switch|p1b: Torkoal|Torkoal, L50, F, shiny|100\/100|[from] U-turn\n|-weather|SunnyDay|[from] ability: Drought|[of] p1b: Torkoal\n|move|p2a: Sinistcha|Trick Room|p2a: Sinistcha\n|-fieldend|move: Trick Room\n|\n|-weather|SunnyDay|[upkeep]\n|upkeep\n|turn|3\n|inactive|bkmboy has 30 seconds left.\n|inactive|bkmboy has 20 seconds left.\n|inactive|bkmboy has 15 seconds left.\n|inactive|bkmboy has 10 seconds left.\n|inactive|bkmboy has 5 seconds left.\n|\n|t:|1700547812\n|switch|p2a: Glimmora|Glimmora, L50, M|100\/100\n|move|p2b: Articuno|Freezing Glare|p1b: Torkoal\n|-damage|p1b: Torkoal|50\/100\n|move|p1a: Oranguru|Instruct||[still]\n|-fail|p1a: Oranguru\n|move|p1b: Torkoal|Heat Wave|p2a: Glimmora|[spread] p2a,p2b\n|-resisted|p2a: Glimmora\n|-damage|p2a: Glimmora|63\/100\n|-damage|p2b: Articuno|68\/100\n|\n|-weather|SunnyDay|[upkeep]\n|upkeep\n|turn|4\n|inactive|bkmboy has 30 seconds left.\n|\n|t:|1700547842\n|switch|p1b: Maushold|Maushold-Four, L50|25\/100\n|move|p2b: Articuno|Hurricane|p1a: Oranguru\n|-damage|p1a: Oranguru|66\/100\n|move|p2a: Glimmora|Power Gem|p1b: Maushold\n|-damage|p1b: Maushold|0 fnt\n|faint|p1b: Maushold\n|move|p1a: Oranguru|Trick Room|p1a: Oranguru\n|-fieldstart|move: Trick Room|[of] p1a: Oranguru\n|\n|-weather|SunnyDay|[upkeep]\n|upkeep\n|\n|t:|1700547857\n|switch|p1b: Ursaluna|Ursaluna-Bloodmoon, L50, M|100\/100\n|turn|5\n|\n|t:|1700547880\n|switch|p2b: Sinistcha|Sinistcha, L50|85\/100\n|-heal|p2a: Glimmora|88\/100|[from] ability: Hospitality|[of] p2b: Sinistcha\n|-terastallize|p1b: Ursaluna|Normal\n|-terastallize|p2a: Glimmora|Grass\n|move|p1b: Ursaluna|Hyper Voice|p2a: Glimmora|[spread] p2a,p2b\n|-damage|p2a: Glimmora|0 fnt\n|-damage|p2b: Sinistcha|0 fnt\n|faint|p2a: Glimmora\n|faint|p2b: Sinistcha\n|-damage|p1b: Ursaluna|91\/100|[from] item: Life Orb\n|move|p1a: Oranguru|Instruct|p1b: Ursaluna\n|-singleturn|p1b: Ursaluna|move: Instruct|[of] p1a: Oranguru\n|move|p1b: Ursaluna|Hyper Voice|p2: Glimmora|[notarget]\n|-fail|p1b: Ursaluna\n|\n|-weather|SunnyDay|[upkeep]\n|upkeep\n|\n|t:|1700547897\n|switch|p2b: Articuno|Articuno-Galar, L50|68\/100\n|switch|p2a: Zapdos|Zapdos-Galar, L50|100\/100\n|turn|6\n|\n|t:|1700547911\n|move|p1b: Ursaluna|Hyper Voice|p2a: Zapdos|[spread] p2a,p2b\n|-damage|p2a: Zapdos|24\/100\n|-damage|p2b: Articuno|28\/100\n|-damage|p1b: Ursaluna|81\/100|[from] item: Life Orb\n|move|p1a: Oranguru|Instruct|p1b: Ursaluna\n|-singleturn|p1b: Ursaluna|move: Instruct|[of] p1a: Oranguru\n|move|p1b: Ursaluna|Hyper Voice|p2a: Zapdos|[spread] p2a,p2b\n|-damage|p2a: Zapdos|0 fnt\n|-damage|p2b: Articuno|0 fnt\n|faint|p2a: Zapdos\n|faint|p2b: Articuno\n|-damage|p1b: Ursaluna|71\/100|[from] item: Life Orb\n|\n|win|bkmboy\n|raw|bkmboy's rating: 1212 &rarr; <strong>1238<\/strong><br \/>(+26 for winning)\n|raw|Qwano's rating: 1231 &rarr; <strong>1205<\/strong><br \/>(-26 for losing)\n|l|\u2606Qwano\n","uploadtime":1700547926,"views":3,"p1id":"bkmboy","p2id":"qwano","formatid":"gen9vgc2023regulatione","rating":1205,"private":0,"password":""}