{"id":"gen9vgc2023regulatione-1992504688","p1":"SpoonStealer","p2":"Abro hilo","format":"[Gen 9] VGC 2023 Regulation E","log":"|j|\u2606SpoonStealer\n|j|\u2606Abro hilo\n|t:|1700196265\n|gametype|doubles\n|player|p1|SpoonStealer|101|1290\n|player|p2|Abro hilo|pilot|1377\n|teamsize|p1|6\n|teamsize|p2|6\n|gen|9\n|tier|[Gen 9] VGC 2023 Regulation E\n|rated|\n|rule|Species Clause: Limit one of each Pok\u00e9mon\n|rule|Item Clause: Limit one of each item\n|clearpoke\n|poke|p1|Regieleki, L50|\n|poke|p1|Indeedee-F, L50, F|\n|poke|p1|Tornadus, L50, M|\n|poke|p1|Iron Bundle, L50|\n|poke|p1|Heatran, L50, F|\n|poke|p1|Brambleghast, L50, F|\n|poke|p2|Empoleon, L50, M|\n|poke|p2|Arcanine-Hisui, L50, M|\n|poke|p2|Landorus-Therian, L50, M|\n|poke|p2|Iron Hands, L50|\n|poke|p2|Flutter Mane, L50|\n|poke|p2|Amoonguss, L50, M|\n|teampreview|4\n|\n|t:|1700196290\n|start\n|switch|p1a: Tornadus|Tornadus, L50, M|100\/100\n|switch|p1b: Brambleghast|Brambleghast, L50, F|100\/100\n|switch|p2a: Landorus|Landorus-Therian, L50, M|100\/100\n|switch|p2b: Amoonguss|Amoonguss, L50, M, shiny|100\/100\n|-ability|p2a: Landorus|Intimidate|boost\n|-unboost|p1a: Tornadus|atk|1\n|-unboost|p1b: Brambleghast|atk|1\n|turn|1\n|\n|t:|1700196302\n|switch|p2b: Arcanine|Arcanine-Hisui, L50, M, shiny|100\/100\n|-ability|p2b: Arcanine|Intimidate|boost\n|-unboost|p1a: Tornadus|atk|1\n|-unboost|p1b: Brambleghast|atk|1\n|move|p1a: Tornadus|Icy Wind|p2b: Arcanine|[spread] p2a,p2b\n|-supereffective|p2a: Landorus\n|-resisted|p2b: Arcanine\n|-damage|p2a: Landorus|28\/100\n|-damage|p2b: Arcanine|93\/100\n|-unboost|p2b: Arcanine|spe|1\n|move|p1b: Brambleghast|Poltergeist|p2b: Arcanine\n|-activate|p2b: Arcanine|move: Poltergeist|Choice Band\n|-damage|p2b: Arcanine|61\/100\n|move|p2a: Landorus|Rock Slide|p1a: Tornadus|[spread] p1a,p1b\n|-supereffective|p1a: Tornadus\n|-damage|p1a: Tornadus|48\/100\n|-damage|p1b: Brambleghast|62\/100\n|\n|upkeep\n|turn|2\n|\n|t:|1700196322\n|switch|p1b: Indeedee|Indeedee-F, L50, F|100\/100\n|-fieldstart|move: Psychic Terrain|[from] ability: Psychic Surge|[of] p1b: Indeedee\n|switch|p2a: Amoonguss|Amoonguss, L50, M, shiny|100\/100\n|move|p1a: Tornadus|Protect|p1a: Tornadus\n|-singleturn|p1a: Tornadus|Protect\n|move|p2b: Arcanine|Rock Slide|p1a: Tornadus|[spread] \n|-activate|p1a: Tornadus|move: Protect\n|-miss|p2b: Arcanine|p1b: Indeedee\n|\n|upkeep\n|turn|3\n|\n|t:|1700196341\n|-terastallize|p2a: Amoonguss|Water\n|move|p1a: Tornadus|Tailwind|p1a: Tornadus\n|-sidestart|p1: SpoonStealer|move: Tailwind\n|move|p1b: Indeedee|Psychic|p2a: Amoonguss\n|-damage|p2a: Amoonguss|56\/100\n|move|p2b: Arcanine|Rock Slide|p1b: Indeedee|[spread] p1a,p1b\n|-supereffective|p1a: Tornadus\n|-damage|p1a: Tornadus|0 fnt\n|-damage|p1b: Indeedee|53\/100\n|faint|p1a: Tornadus\n|move|p2a: Amoonguss|Spore|p1b: Indeedee\n|-status|p1b: Indeedee|slp|[from] move: Spore\n|\n|upkeep\n|\n|t:|1700196355\n|switch|p1a: Brambleghast|Brambleghast, L50, F|62\/100\n|-ability|p1a: Brambleghast|Wind Rider|boost\n|-boost|p1a: Brambleghast|atk|1\n|turn|4\n|\n|t:|1700196366\n|switch|p2a: Landorus|Landorus-Therian, L50, M|28\/100\n|-ability|p2a: Landorus|Intimidate|boost\n|-unboost|p1a: Brambleghast|atk|1\n|-unboost|p1b: Indeedee|atk|1\n|move|p1a: Brambleghast|Power Whip|p2a: Landorus\n|-damage|p2a: Landorus|0 fnt\n|faint|p2a: Landorus\n|cant|p1b: Indeedee|slp\n|move|p2b: Arcanine|Rock Slide|p1b: Indeedee|[spread] p1a,p1b\n|-crit|p1a: Brambleghast\n|-damage|p1a: Brambleghast|0 fnt\n|-damage|p1b: Indeedee|2\/100 slp\n|-enditem|p1b: Indeedee|Sitrus Berry|[eat]\n|-heal|p1b: Indeedee|27\/100 slp|[from] item: Sitrus Berry\n|faint|p1a: Brambleghast\n|\n|upkeep\n|\n|t:|1700196387\n|switch|p1a: Iron Bundle|Iron Bundle, L50|100\/100\n|switch|p2a: Amoonguss|Amoonguss, L50, M, shiny, tera:Water|89\/100\n|-enditem|p1a: Iron Bundle|Booster Energy\n|-activate|p1a: Iron Bundle|ability: Quark Drive|[fromitem]\n|-start|p1a: Iron Bundle|quarkdrivespe\n|turn|5\n|\n|t:|1700196400\n|switch|p2b: Iron Hands|Iron Hands, L50|100\/100\n|move|p1a: Iron Bundle|Hydro Pump|p2a: Amoonguss\n|-resisted|p2a: Amoonguss\n|-damage|p2a: Amoonguss|63\/100\n|cant|p1b: Indeedee|slp\n|move|p2a: Amoonguss|Spore|p1a: Iron Bundle\n|-status|p1a: Iron Bundle|slp|[from] move: Spore\n|\n|upkeep\n|turn|6\n|\n|t:|1700196412\n|move|p2a: Amoonguss|Rage Powder|p2a: Amoonguss\n|-singleturn|p2a: Amoonguss|move: Rage Powder\n|cant|p1a: Iron Bundle|slp\n|-curestatus|p1b: Indeedee|slp|[msg]\n|move|p1b: Indeedee|Psychic|p2a: Amoonguss\n|-damage|p2a: Amoonguss|22\/100\n|move|p2b: Iron Hands|Wild Charge|p1b: Indeedee\n|-damage|p1b: Indeedee|0 fnt\n|faint|p1b: Indeedee\n|-damage|p2b: Iron Hands|96\/100|[from] Recoil\n|\n|-sideend|p1: SpoonStealer|move: Tailwind\n|-fieldend|move: Psychic Terrain\n|upkeep\n|turn|7\n|-message|SpoonStealer forfeited.\n|\n|win|Abro hilo\n|raw|SpoonStealer's rating: 1290 &rarr; <strong>1271<\/strong><br \/>(-19 for losing)\n|raw|Abro hilo's rating: 1377 &rarr; <strong>1392<\/strong><br \/>(+15 for winning)\n|l|\u2606SpoonStealer\n","uploadtime":1700196428,"views":10,"p1id":"spoonstealer","p2id":"abrohilo","formatid":"gen9vgc2023regulatione","rating":1271,"private":0,"password":""}