{"id":"gen9vgc2023regulatione-1993956320","p1":"xdermadman","p2":"bandino","format":"[Gen 9] VGC 2023 Regulation E","log":"|j|\u2606xdermadman\n|j|\u2606bandino\n|t:|1700382420\n|gametype|doubles\n|player|p1|xdermadman|ingo|1089\n|player|p2|bandino|lucas|1179\n|teamsize|p1|6\n|teamsize|p2|6\n|gen|9\n|tier|[Gen 9] VGC 2023 Regulation E\n|rated|\n|rule|Species Clause: Limit one of each Pok\u00e9mon\n|rule|Item Clause: Limit one of each item\n|clearpoke\n|poke|p1|Cresselia, L50, F|\n|poke|p1|Grimmsnarl, L50, M|\n|poke|p1|Mimikyu, L50, M|\n|poke|p1|Ursaluna, L50, M|\n|poke|p1|Vikavolt, L50, F|\n|poke|p1|Ting-Lu, L50|\n|poke|p2|Annihilape, L50, M|\n|poke|p2|Cresselia, L50, F|\n|poke|p2|Urshifu-*, L50, F|\n|poke|p2|Ursaluna-Bloodmoon, L50, M|\n|poke|p2|Rillaboom, L50, M|\n|poke|p2|Roaring Moon, L50|\n|teampreview|4\n|\n|t:|1700382470\n|start\n|switch|p1a: Silly Goose|Cresselia, L50, F|100\/100\n|switch|p1b: Mimi|Mimikyu, L50, M|100\/100\n|switch|p2a: Annihilape|Annihilape, L50, M|100\/100\n|switch|p2b: Rillaboom|Rillaboom, L50, M|100\/100\n|-fieldstart|move: Grassy Terrain|[from] ability: Grassy Surge|[of] p2b: Rillaboom\n|turn|1\n|inactive|Battle timer is ON: inactive players will automatically lose when time's up. (requested by bandino)\n|\n|t:|1700382491\n|move|p2b: Rillaboom|Fake Out|p1a: Silly Goose\n|-damage|p1a: Silly Goose|93\/100\n|move|p2a: Annihilape|Bulk Up|p2a: Annihilape\n|-boost|p2a: Annihilape|atk|1\n|-boost|p2a: Annihilape|def|1\n|cant|p1a: Silly Goose|flinch\n|move|p1b: Mimi|Trick Room|p1b: Mimi\n|-fieldstart|move: Trick Room|[of] p1b: Mimi\n|\n|-heal|p1a: Silly Goose|99\/100|[from] item: Leftovers\n|upkeep\n|turn|2\n|inactive|xdermadman has 30 seconds left.\n|inactive|xdermadman has 20 seconds left.\n|inactive|bandino has 30 seconds left.\n|\n|t:|1700382534\n|-terastallize|p2a: Annihilape|Water\n|move|p2b: Rillaboom|Grassy Glide|p1b: Mimi\n|-activate|p1b: Mimi|ability: Disguise\n|-damage|p1b: Mimi|100\/100\n|detailschange|p1b: Mimi|Mimikyu-Busted, L50, M\n|-damage|p1b: Mimi|88\/100|[from] pokemon: Mimikyu-Busted\n|move|p1a: Silly Goose|Future Sight|p2a: Annihilape\n|-start|p1a: Silly Goose|move: Future Sight\n|move|p1b: Mimi|Curse|p2a: Annihilape\n|-start|p2a: Annihilape|Curse|[of] p1b: Mimi\n|-damage|p1b: Mimi|38\/100\n|move|p2a: Annihilape|Rage Fist|p1b: Mimi\n|-supereffective|p1b: Mimi\n|-damage|p1b: Mimi|0 fnt\n|faint|p1b: Mimi\n|\n|-heal|p1a: Silly Goose|100\/100|[from] item: Leftovers\n|-damage|p2a: Annihilape|76\/100|[from] Curse\n|upkeep\n|\n|t:|1700382558\n|switch|p1b: Renegade|Vikavolt, L50, F|100\/100\n|turn|3\n|\n|t:|1700382575\n|switch|p2a: Ursaluna|Ursaluna-Bloodmoon, L50, M|100\/100\n|move|p1a: Silly Goose|Helping Hand|p1b: Renegade\n|-singleturn|p1b: Renegade|Helping Hand|[of] p1a: Silly Goose\n|move|p1b: Renegade|Volt Switch|p2a: Ursaluna\n|-immune|p2a: Ursaluna\n|move|p2b: Rillaboom|Wood Hammer|p1b: Renegade\n|-resisted|p1b: Renegade\n|-damage|p1b: Renegade|63\/100\n|-damage|p2b: Rillaboom|90\/100|[from] Recoil\n|\n|-heal|p2b: Rillaboom|96\/100|[from] Grassy Terrain\n|upkeep\n|turn|4\n|\n|t:|1700382598\n|switch|p2b: Cresselia|Cresselia, L50, F|100\/100\n|move|p1b: Renegade|Volt Switch|p2b: Cresselia\n|-damage|p2b: Cresselia|64\/100\n|\n|t:|1700382607\n|switch|p1b: The Guy 2|Ursaluna, L50, M|100\/100|[from] Volt Switch\n|move|p2a: Ursaluna|Hyper Voice|p1a: Silly Goose|[spread] p1a,p1b\n|-damage|p1a: Silly Goose|74\/100\n|-damage|p1b: The Guy 2|57\/100\n|move|p1a: Silly Goose|Lunar Blessing|p1a: Silly Goose|[spread] p1a,p1b\n|-heal|p1a: Silly Goose|99\/100\n|-heal|p1b: The Guy 2|82\/100\n|\n|-end|p2a: Ursaluna|move: Future Sight\n|-damage|p2a: Ursaluna|63\/100\n|-heal|p1b: The Guy 2|88\/100|[from] Grassy Terrain\n|-heal|p2a: Ursaluna|69\/100|[from] Grassy Terrain\n|-heal|p1a: Silly Goose|100\/100|[from] item: Leftovers\n|-status|p1b: The Guy 2|brn|[from] item: Flame Orb\n|upkeep\n|turn|5\n|inactive|xdermadman has 30 seconds left.\n|inactive|xdermadman has 20 seconds left.\n|\n|t:|1700382643\n|move|p1b: The Guy 2|Hammer Arm|p2a: Ursaluna\n|-supereffective|p2a: Ursaluna\n|-damage|p2a: Ursaluna|0 fnt\n|-unboost|p1b: The Guy 2|spe|1\n|faint|p2a: Ursaluna\n|move|p2b: Cresselia|Psychic|p1b: The Guy 2\n|-damage|p1b: The Guy 2|65\/100 brn\n|move|p1a: Silly Goose|Trick Room|p1a: Silly Goose\n|-fieldend|move: Trick Room\n|\n|-heal|p1b: The Guy 2|71\/100 brn|[from] Grassy Terrain\n|-damage|p1b: The Guy 2|65\/100 brn|[from] brn\n|-fieldend|move: Grassy Terrain\n|upkeep\n|c|\u2606bandino|ugh\n|c|\u2606bandino|speed tie\n|\n|t:|1700382659\n|switch|p2a: Annihilape|Annihilape, L50, M, tera:Water|76\/100\n|turn|6\n|c|\u2606xdermadman|i am not cooking\n|inactive|xdermadman has 30 seconds left.\n|\n|t:|1700382689\n|move|p2a: Annihilape|Protect|p2a: Annihilape\n|-singleturn|p2a: Annihilape|Protect\n|move|p1a: Silly Goose|Lunar Blessing|p1a: Silly Goose|[spread] p1a,p1b\n|-heal|p1b: The Guy 2|90\/100 brn\n|-curestatus|p1b: The Guy 2|brn|[msg]\n|move|p1b: The Guy 2|Fling|p2a: Annihilape\n|-activate|p2a: Annihilape|move: Protect\n|-enditem|p1b: The Guy 2|Flame Orb|[from] move: Fling\n|move|p2b: Cresselia|Trick Room|p2b: Cresselia\n|-fieldstart|move: Trick Room|[of] p2b: Cresselia\n|\n|upkeep\n|turn|7\n|\n|t:|1700382714\n|switch|p2a: Rillaboom|Rillaboom, L50, M|96\/100\n|-fieldstart|move: Grassy Terrain|[from] ability: Grassy Surge|[of] p2a: Rillaboom\n|-terastallize|p1b: The Guy 2|Normal\n|move|p1a: Silly Goose|Helping Hand|p1b: The Guy 2\n|-singleturn|p1b: The Guy 2|Helping Hand|[of] p1a: Silly Goose\n|move|p1b: The Guy 2|Facade|p2b: Cresselia\n|-damage|p2b: Cresselia|7\/100\n|move|p2b: Cresselia|Trick Room|p2b: Cresselia\n|-fieldend|move: Trick Room\n|\n|-heal|p2a: Rillaboom|100\/100|[from] Grassy Terrain\n|-heal|p1b: The Guy 2|96\/100|[from] Grassy Terrain\n|upkeep\n|turn|8\n|c|\u2606xdermadman|i have misplayed this so many times what am i doing\n|inactive|xdermadman has 30 seconds left.\n|inactive|bandino has 30 seconds left.\n|inactive|xdermadman has 20 seconds left.\n|inactive|bandino has 20 seconds left.\n|inactive|xdermadman has 15 seconds left.\n|inactive|bandino has 15 seconds left.\n|inactive|xdermadman has 10 seconds left.\n|\n|t:|1700382763\n|move|p2b: Cresselia|Icy Wind|p1a: Silly Goose|[spread] p1a,p1b\n|-damage|p1a: Silly Goose|96\/100\n|-damage|p1b: The Guy 2|88\/100\n|-unboost|p1a: Silly Goose|spe|1\n|-unboost|p1b: The Guy 2|spe|1\n|move|p2a: Rillaboom|Wood Hammer|p1b: The Guy 2\n|-damage|p1b: The Guy 2|40\/100\n|-damage|p2a: Rillaboom|82\/100|[from] Recoil\n|move|p1b: The Guy 2|Hammer Arm|p2a: Rillaboom\n|-damage|p2a: Rillaboom|48\/100\n|-unboost|p1b: The Guy 2|spe|1\n|move|p1a: Silly Goose|Trick Room|p1a: Silly Goose\n|-fieldstart|move: Trick Room|[of] p1a: Silly Goose\n|\n|-heal|p1b: The Guy 2|46\/100|[from] Grassy Terrain\n|-heal|p1a: Silly Goose|100\/100|[from] item: Leftovers\n|-heal|p2a: Rillaboom|54\/100|[from] Grassy Terrain\n|upkeep\n|turn|9\n|inactive|xdermadman has 30 seconds left.\n|\n|t:|1700382796\n|move|p2a: Rillaboom|Grassy Glide|p1b: The Guy 2\n|-damage|p1b: The Guy 2|23\/100\n|move|p1b: The Guy 2|Headlong Rush|p2b: Cresselia\n|-immune|p2b: Cresselia|[from] ability: Levitate\n|move|p1a: Silly Goose|Lunar Blessing|p1a: Silly Goose|[spread] p1a,p1b\n|-heal|p1b: The Guy 2|48\/100\n|move|p2b: Cresselia|Trick Room|p2b: Cresselia\n|-fieldend|move: Trick Room\n|\n|-heal|p2a: Rillaboom|60\/100|[from] Grassy Terrain\n|-heal|p1b: The Guy 2|54\/100|[from] Grassy Terrain\n|upkeep\n|turn|10\n|c|\u2606xdermadman|I AM NOT COOKINH LOLL\n|inactive|xdermadman has 30 seconds left.\n|\n|t:|1700382823\n|switch|p2b: Annihilape|Annihilape, L50, M, tera:Water|76\/100\n|move|p2a: Rillaboom|Wood Hammer|p1b: The Guy 2\n|-damage|p1b: The Guy 2|5\/100\n|-damage|p2a: Rillaboom|41\/100|[from] Recoil\n|move|p1a: Silly Goose|Lunar Blessing|p1a: Silly Goose|[spread] p1a,p1b\n|-heal|p1b: The Guy 2|30\/100\n|move|p1b: The Guy 2|Facade|p2a: Rillaboom\n|-damage|p2a: Rillaboom|0 fnt\n|faint|p2a: Rillaboom\n|\n|-heal|p2b: Annihilape|82\/100|[from] Grassy Terrain\n|-heal|p1b: The Guy 2|36\/100|[from] Grassy Terrain\n|upkeep\n|\n|t:|1700382837\n|switch|p2a: Cresselia|Cresselia, L50, F|7\/100\n|turn|11\n|\n|t:|1700382852\n|move|p2b: Annihilape|Drain Punch|p1b: The Guy 2\n|-supereffective|p1b: The Guy 2\n|-damage|p1b: The Guy 2|0 fnt\n|-heal|p2b: Annihilape|100\/100|[from] drain|[of] p1b: The Guy 2\n|faint|p1b: The Guy 2\n|move|p2a: Cresselia|Lunar Blessing|p2a: Cresselia|[spread] p2a,p2b\n|-heal|p2a: Cresselia|32\/100\n|move|p1a: Silly Goose|Trick Room|p1a: Silly Goose\n|-fieldstart|move: Trick Room|[of] p1a: Silly Goose\n|\n|-fieldend|move: Grassy Terrain\n|upkeep\n|\n|t:|1700382862\n|switch|p1b: Renegade|Vikavolt, L50, F|63\/100\n|turn|12\n|\n|t:|1700382893\n|move|p2b: Annihilape|Protect|p2b: Annihilape\n|-singleturn|p2b: Annihilape|Protect\n|move|p1b: Renegade|Volt Switch|p2a: Cresselia\n|-damage|p2a: Cresselia|0 fnt\n|faint|p2a: Cresselia\n|move|p1a: Silly Goose|Future Sight|p2b: Annihilape\n|-start|p1a: Silly Goose|move: Future Sight\n|\n|upkeep\n|turn|13\n|\n|t:|1700382903\n|move|p1a: Silly Goose|Helping Hand|p1b: Renegade\n|-singleturn|p1b: Renegade|Helping Hand|[of] p1a: Silly Goose\n|move|p1b: Renegade|Volt Switch|p2b: Annihilape\n|-supereffective|p2b: Annihilape\n|-crit|p2b: Annihilape\n|-damage|p2b: Annihilape|0 fnt\n|faint|p2b: Annihilape\n|\n|win|xdermadman\n|raw|xdermadman's rating: 1089 &rarr; <strong>1122<\/strong><br \/>(+33 for winning)\n|raw|bandino's rating: 1179 &rarr; <strong>1148<\/strong><br \/>(-31 for losing)\n|l|\u2606bandino\n|c|\u2606xdermadman|gg man im sorry for playing like that\n","uploadtime":1700382925,"views":27,"p1id":"xdermadman","p2id":"bandino","formatid":"gen9vgc2023regulatione","rating":1122,"private":0,"password":""}