{"id":"gen9vgc2023regulatione-1989013365","p1":"J2g2","p2":"TestingAC 1011","format":"[Gen 9] VGC 2023 Regulation E","log":"|j|\u2606J2g2\n|j|\u2606TestingAC 1011\n|t:|1699802195\n|gametype|doubles\n|player|p1|J2g2|265|1126\n|player|p2|TestingAC 1011|benga|1082\n|teamsize|p1|6\n|teamsize|p2|6\n|gen|9\n|tier|[Gen 9] VGC 2023 Regulation E\n|rated|\n|rule|Species Clause: Limit one of each Pok\u00e9mon\n|rule|Item Clause: Limit one of each item\n|clearpoke\n|poke|p1|Grimmsnarl, L50, M|\n|poke|p1|Urshifu-*, L50, F|\n|poke|p1|Rillaboom, L50, F|\n|poke|p1|Ogerpon-Hearthflame, L50, F|\n|poke|p1|Goodra-Hisui, L50, F|\n|poke|p1|Tornadus, L50, M|\n|poke|p2|Grimmsnarl, L50, M|\n|poke|p2|Landorus-Therian, L50, M|\n|poke|p2|Milotic, L50, F|\n|poke|p2|Iron Hands, L50|\n|poke|p2|Gholdengo, L50|\n|poke|p2|Ogerpon-Hearthflame, L50, F|\n|teampreview|4\n|\n|t:|1699802224\n|start\n|switch|p1a: Rillaboom|Rillaboom, L50, F|100\/100\n|switch|p1b: Ogerpon|Ogerpon-Hearthflame, L50, F|100\/100\n|switch|p2a: Grimmsnarl|Grimmsnarl, L50, M|100\/100\n|switch|p2b: Landorus|Landorus-Therian, L50, M|100\/100\n|-ability|p2b: Landorus|Intimidate|boost\n|-unboost|p1a: Rillaboom|atk|1\n|-unboost|p1b: Ogerpon|atk|1\n|-ability|p1b: Ogerpon|Mold Breaker\n|-fieldstart|move: Grassy Terrain|[from] ability: Grassy Surge|[of] p1a: Rillaboom\n|turn|1\n|\n|t:|1699802255\n|-terastallize|p2b: Landorus|Flying\n|move|p2a: Grimmsnarl|Fake Out|p1a: Rillaboom\n|-damage|p1a: Rillaboom|89\/100\n|move|p2b: Landorus|Tera Blast|p1b: Ogerpon|[anim] Tera Blast Flying\n|-supereffective|p1b: Ogerpon\n|-damage|p1b: Ogerpon|0 fnt\n|faint|p1b: Ogerpon\n|cant|p1a: Rillaboom|flinch\n|\n|-heal|p1a: Rillaboom|95\/100|[from] Grassy Terrain\n|upkeep\n|\n|t:|1699802265\n|switch|p1b: Goodra|Goodra-Hisui, L50, F|100\/100\n|turn|2\n|\n|t:|1699802276\n|move|p2a: Grimmsnarl|Thunder Wave|p1b: Goodra\n|-status|p1b: Goodra|par\n|move|p2b: Landorus|Tera Blast|p1a: Rillaboom|[anim] Tera Blast Flying\n|-supereffective|p1a: Rillaboom\n|-damage|p1a: Rillaboom|0 fnt\n|faint|p1a: Rillaboom\n|cant|p1b: Goodra|par\n|\n|upkeep\n|\n|t:|1699802284\n|switch|p1a: Grimmsnarl|Grimmsnarl, L50, M|100\/100\n|turn|3\n|\n|t:|1699802297\n|switch|p2b: Iron Hands|Iron Hands, L50, shiny|100\/100\n|move|p2a: Grimmsnarl|Parting Shot|p1b: Goodra\n|-unboost|p1b: Goodra|atk|1\n|-unboost|p1b: Goodra|spa|1\n|\n|t:|1699802304\n|switch|p2a: Ogerpon|Ogerpon-Hearthflame, L50, F|100\/100|[from] Parting Shot\n|-ability|p2a: Ogerpon|Mold Breaker\n|move|p1a: Grimmsnarl|Reflect|p1a: Grimmsnarl\n|-sidestart|p1: J2g2|Reflect\n|cant|p1b: Goodra|par\n|\n|upkeep\n|turn|4\n|\n|t:|1699802322\n|move|p2a: Ogerpon|Ivy Cudgel|p1b: Goodra\n|-damage|p1b: Goodra|69\/100 par\n|move|p2b: Iron Hands|Drain Punch|p1b: Goodra\n|-supereffective|p1b: Goodra\n|-damage|p1b: Goodra|29\/100 par\n|move|p1a: Grimmsnarl|Spirit Break|p2b: Iron Hands\n|-supereffective|p2b: Iron Hands\n|-damage|p2b: Iron Hands|58\/100\n|-unboost|p2b: Iron Hands|spa|1\n|move|p1b: Goodra|Acid Armor|p1b: Goodra\n|-boost|p1b: Goodra|def|2\n|\n|-heal|p2b: Iron Hands|64\/100|[from] Grassy Terrain\n|-heal|p1b: Goodra|35\/100 par|[from] Grassy Terrain\n|-heal|p1b: Goodra|41\/100 par|[from] item: Leftovers\n|upkeep\n|turn|5\n|\n|t:|1699802348\n|-terastallize|p1b: Goodra|Fairy\n|move|p2a: Ogerpon|Ivy Cudgel|p1b: Goodra\n|-crit|p1b: Goodra\n|-damage|p1b: Goodra|0 fnt\n|faint|p1b: Goodra\n|move|p2b: Iron Hands|Drain Punch|p1a: Grimmsnarl\n|-damage|p1a: Grimmsnarl|71\/100\n|-heal|p2b: Iron Hands|77\/100|[from] drain|[of] p1a: Grimmsnarl\n|move|p1a: Grimmsnarl|Spirit Break|p2b: Iron Hands\n|-supereffective|p2b: Iron Hands\n|-damage|p2b: Iron Hands|32\/100\n|-unboost|p2b: Iron Hands|spa|1\n|\n|-heal|p2b: Iron Hands|38\/100|[from] Grassy Terrain\n|-heal|p1a: Grimmsnarl|77\/100|[from] Grassy Terrain\n|-fieldend|move: Grassy Terrain\n|upkeep\n|turn|6\n|-message|J2g2 forfeited.\n|\n|win|TestingAC 1011\n|raw|J2g2's rating: 1126 &rarr; <strong>1098<\/strong><br \/>(-28 for losing)\n|raw|TestingAC 1011's rating: 1082 &rarr; <strong>1113<\/strong><br \/>(+31 for winning)\n|l|\u2606J2g2\n","uploadtime":1699802427,"views":23,"p1id":"j2g2","p2id":"testingac1011","formatid":"gen9vgc2023regulatione","rating":1098,"private":0,"password":""}