{"id":"gen9vgc2023regulatione-1990869517","p1":"remoremo","p2":"Lurvas","format":"[Gen 9] VGC 2023 Regulation E","log":"|j|\u2606remoremo\n|j|\u2606Lurvas\n|t:|1700009554\n|gametype|doubles\n|player|p1|remoremo|clown|1229\n|player|p2|Lurvas|2|1225\n|teamsize|p1|6\n|teamsize|p2|6\n|gen|9\n|tier|[Gen 9] VGC 2023 Regulation E\n|rated|\n|rule|Species Clause: Limit one of each Pok\u00e9mon\n|rule|Item Clause: Limit one of each item\n|clearpoke\n|poke|p1|Zapdos, L50|\n|poke|p1|Gholdengo, L50|\n|poke|p1|Ogerpon-Hearthflame, L50, F|\n|poke|p1|Gastrodon, L50, M|\n|poke|p1|Sylveon, L50, F|\n|poke|p1|Urshifu-*, L50, M|\n|poke|p2|Moltres-Galar, L50|\n|poke|p2|Arcanine-Hisui, L50, M|\n|poke|p2|Munkidori, L50, M|\n|poke|p2|Sinistcha, L50|\n|poke|p2|Grimmsnarl, L50, M|\n|poke|p2|Milotic, L50, M|\n|teampreview|4\nLurvas has agreed to open team sheets.\n|inactive|Battle timer is ON: inactive players will automatically lose when time's up. (requested by Lurvas)\n|inactive|remoremo has 60 seconds left.\n|inactive|remoremo has 30 seconds left.\n|inactive|remoremo has 20 seconds left.\n|inactive|remoremo has 15 seconds left.\n|\n|t:|1700009644\n|start\n|switch|p1a: Gholdengo|Gholdengo, L50|100\/100\n|switch|p1b: Urshifu|Urshifu, L50, M|100\/100\n|switch|p2a: Munkidori|Munkidori, L50, M|100\/100\n|switch|p2b: Grimmsnarl|Grimmsnarl, L50, M|100\/100\n|-item|p1a: Gholdengo|Leftovers|[from] ability: Frisk|[of] p2a: Munkidori|[identify]\n|-item|p1b: Urshifu|Black Glasses|[from] ability: Frisk|[of] p2a: Munkidori|[identify]\n|turn|1\n|inactive|remoremo has 30 seconds left.\n|inactive|remoremo has 20 seconds left.\n|\n|t:|1700009682\n|move|p1b: Urshifu|Detect|p1b: Urshifu\n|-singleturn|p1b: Urshifu|Protect\n|move|p2a: Munkidori|Fake Out|p1b: Urshifu\n|-activate|p1b: Urshifu|move: Protect\n|move|p2b: Grimmsnarl|Parting Shot|p1a: Gholdengo\n|-immune|p1a: Gholdengo|[from] ability: Good as Gold\n|move|p1a: Gholdengo|Make It Rain|p2b: Grimmsnarl|[spread] p2a,p2b\n|-supereffective|p2b: Grimmsnarl\n|-damage|p2a: Munkidori|47\/100\n|-damage|p2b: Grimmsnarl|16\/100\n|-unboost|p1a: Gholdengo|spa|1\n|\n|upkeep\n|turn|2\n|inactive|remoremo has 30 seconds left.\n|inactive|Lurvas has 30 seconds left.\n|\n|t:|1700009715\n|move|p1b: Urshifu|Sucker Punch||[still]\n|-fail|p1b: Urshifu\n|move|p2b: Grimmsnarl|Reflect|p2b: Grimmsnarl\n|-sidestart|p2: Lurvas|Reflect\n|move|p2a: Munkidori|Parting Shot|p1b: Urshifu\n|-unboost|p1b: Urshifu|atk|1\n|-unboost|p1b: Urshifu|spa|1\n|\n|t:|1700009722\n|switch|p2a: Sinistcha|Sinistcha, L50|100\/100|[from] Parting Shot\n|-heal|p2b: Grimmsnarl|41\/100|[from] ability: Hospitality|[of] p2a: Sinistcha\n|move|p1a: Gholdengo|Make It Rain|p2b: Grimmsnarl|[spread] p2a,p2b\n|-supereffective|p2b: Grimmsnarl\n|-damage|p2a: Sinistcha|73\/100\n|-damage|p2b: Grimmsnarl|0 fnt\n|-unboost|p1a: Gholdengo|spa|1\n|faint|p2b: Grimmsnarl\n|\n|upkeep\n|\n|t:|1700009734\n|switch|p2b: Moltres|Moltres-Galar, L50, shiny|100\/100\n|turn|3\n|\n|t:|1700009751\n|switch|p1b: Ogerpon|Ogerpon-Hearthflame, L50, F|100\/100\n|-ability|p1b: Ogerpon|Mold Breaker\n|switch|p1a: Zapdos|Zapdos, L50|100\/100\n|move|p2a: Sinistcha|Rage Powder|p2a: Sinistcha\n|-singleturn|p2a: Sinistcha|move: Rage Powder\n|move|p2b: Moltres|Nasty Plot|p2b: Moltres\n|-boost|p2b: Moltres|spa|2\n|\n|upkeep\n|turn|4\n|inactive|remoremo has 30 seconds left.\n|\n|t:|1700009784\n|-terastallize|p1b: Ogerpon|Fire\n|detailschange|p1b: Ogerpon|Ogerpon-Hearthflame-Tera, L50, F, tera:Fire\n|-ability|p1b: Ogerpon|Embody Aspect (Hearthflame)|boost\n|-boost|p1b: Ogerpon|atk|1\n|move|p2a: Sinistcha|Rage Powder|p2a: Sinistcha\n|-singleturn|p2a: Sinistcha|move: Rage Powder\n|move|p1b: Ogerpon|Ivy Cudgel|p2a: Sinistcha|[anim] Ivy Cudgel Fire\n|-supereffective|p2a: Sinistcha\n|-damage|p2a: Sinistcha|0 fnt\n|faint|p2a: Sinistcha\n|move|p1a: Zapdos|Hurricane|p2b: Moltres\n|-damage|p2b: Moltres|62\/100\n|move|p2b: Moltres|Fiery Wrath|p1a: Zapdos|[spread] p1a,p1b\n|-damage|p1a: Zapdos|36\/100\n|-damage|p1b: Ogerpon|38\/100\n|-enditem|p1a: Zapdos|Sitrus Berry|[eat]\n|-heal|p1a: Zapdos|61\/100|[from] item: Sitrus Berry\n|\n|upkeep\n|\n|t:|1700009801\n|switch|p2a: Munkidori|Munkidori, L50, M|47\/100\n|-item|p1b: Ogerpon|Hearthflame Mask|[from] ability: Frisk|[of] p2a: Munkidori|[identify]\n|turn|5\n|\n|t:|1700009813\n|move|p1b: Ogerpon|Spiky Shield|p1b: Ogerpon\n|-singleturn|p1b: Ogerpon|move: Protect\n|move|p2a: Munkidori|Fake Out|p1b: Ogerpon\n|-activate|p1b: Ogerpon|move: Protect\n|-damage|p2a: Munkidori|35\/100|[from] Spiky Shield|[of] p1b: Ogerpon\n|move|p1a: Zapdos|Tailwind|p1a: Zapdos\n|-sidestart|p1: remoremo|move: Tailwind\n|move|p2b: Moltres|Fiery Wrath|p1a: Zapdos|[spread] p1a\n|-activate|p1b: Ogerpon|move: Protect\n|-damage|p1a: Zapdos|0 fnt\n|faint|p1a: Zapdos\n|\n|upkeep\n|\n|t:|1700009831\n|switch|p1a: Gholdengo|Gholdengo, L50|100\/100\n|turn|6\n|\n|t:|1700009844\n|move|p1b: Ogerpon|Ivy Cudgel|p2b: Moltres|[anim] Ivy Cudgel Fire\n|-crit|p2b: Moltres\n|-damage|p2b: Moltres|0 fnt\n|faint|p2b: Moltres\n|move|p1a: Gholdengo|Make It Rain|p2a: Munkidori\n|-damage|p2a: Munkidori|0 fnt\n|-unboost|p1a: Gholdengo|spa|1\n|faint|p2a: Munkidori\n|\n|win|remoremo\n|raw|remoremo's rating: 1229 &rarr; <strong>1254<\/strong><br \/>(+25 for winning)\n|raw|Lurvas's rating: 1225 &rarr; <strong>1200<\/strong><br \/>(-25 for losing)\n","uploadtime":1700009857,"views":30,"p1id":"remoremo","p2id":"lurvas","formatid":"gen9vgc2023regulatione","rating":1200,"private":0,"password":""}