{"id":"gen9vgc2023regulatione-1995004063","p1":"PluzzGore25","p2":"vlopes777","format":"[Gen 9] VGC 2023 Regulation E","log":"|j|\u2606PluzzGore25\n|j|\u2606vlopes777\n|t:|1700512471\n|gametype|doubles\n|player|p1|PluzzGore25|zinnia|1085\n|player|p2|vlopes777|pokekid|1167\n|teamsize|p1|6\n|teamsize|p2|6\n|gen|9\n|tier|[Gen 9] VGC 2023 Regulation E\n|rated|\n|rule|Species Clause: Limit one of each Pok\u00e9mon\n|rule|Item Clause: Limit one of each item\n|clearpoke\n|poke|p1|Scizor, L50, M|\n|poke|p1|Skeledirge, L50, F|\n|poke|p1|Milotic, L50, F|\n|poke|p1|Sneasler, L50, F|\n|poke|p1|Zoroark-Hisui, L50, F|\n|poke|p1|Regidrago, L50|\n|poke|p2|Landorus-Therian, L50, M|\n|poke|p2|Tornadus, L50, M|\n|poke|p2|Iron Hands, L50|\n|poke|p2|Amoonguss, L50, M|\n|poke|p2|Heatran, L50, M|\n|poke|p2|Flutter Mane, L50|\n|teampreview|4\n|inactive|Battle timer is ON: inactive players will automatically lose when time's up. (requested by vlopes777)\nvlopes777 has agreed to open team sheets.\nPluzzGore25 has agreed to open team sheets.\n|\n|t:|1700512505\n|start\n|switch|p1a: Scizor|Scizor, L50, M|100\/100\n|switch|p1b: Skeledirge|Skeledirge, L50, F|100\/100\n|switch|p2a: Iron Hands|Iron Hands, L50|100\/100\n|switch|p2b: Tornadus|Tornadus, L50, M|100\/100\n|turn|1\n|inactive|vlopes777 has 30 seconds left.\n|inactive|vlopes777 has 20 seconds left.\n|inactive|vlopes777 has 15 seconds left.\n|inactive|vlopes777 has 10 seconds left.\n|\n|t:|1700512554\n|move|p2a: Iron Hands|Fake Out|p1a: Scizor\n|-resisted|p1a: Scizor\n|-damage|p1a: Scizor|94\/100\n|move|p2b: Tornadus|Tailwind|p2b: Tornadus\n|-sidestart|p2: vlopes777|move: Tailwind\n|move|p1b: Skeledirge|Bitter Malice|p2a: Iron Hands\n|-damage|p2a: Iron Hands|81\/100\n|-unboost|p2a: Iron Hands|atk|1\n|cant|p1a: Scizor|flinch\n|\n|upkeep\n|turn|2\n|\n|t:|1700512579\n|move|p2b: Tornadus|Bleakwind Storm|p1a: Scizor|[spread] p1b\n|-miss|p2b: Tornadus|p1a: Scizor\n|-damage|p1b: Skeledirge|38\/100\n|replace|p1b: Zoroark|Zoroark-Hisui, L50, F\n|-end|p1b: Zoroark|Illusion\n|move|p1b: Zoroark|Icy Wind|p2a: Iron Hands|[spread] p2a,p2b\n|-supereffective|p2b: Tornadus\n|-damage|p2a: Iron Hands|74\/100\n|-damage|p2b: Tornadus|71\/100\n|-unboost|p2a: Iron Hands|spe|1\n|move|p2a: Iron Hands|Wild Charge|p1a: Scizor\n|-damage|p1a: Scizor|66\/100\n|-damage|p2a: Iron Hands|69\/100|[from] Recoil\n|move|p1a: Scizor|Swords Dance|p1a: Scizor\n|-boost|p1a: Scizor|atk|2\n|\n|upkeep\n|turn|3\n|inactive|PluzzGore25 has 30 seconds left.\n|\n|t:|1700512605\n|-end|p2a: Iron Hands|Quark Drive|[silent]\n|switch|p2a: D\u00e9m\u00e9t\u00e9ros|Landorus-Therian, L50, M|100\/100\n|-ability|p2a: D\u00e9m\u00e9t\u00e9ros|Intimidate|boost\n|-unboost|p1a: Scizor|atk|1\n|-unboost|p1b: Zoroark|atk|1\n|move|p2b: Tornadus|Rain Dance|p2b: Tornadus\n|-weather|RainDance\n|move|p1b: Zoroark|Bitter Malice|p2a: D\u00e9m\u00e9t\u00e9ros\n|-crit|p2a: D\u00e9m\u00e9t\u00e9ros\n|-damage|p2a: D\u00e9m\u00e9t\u00e9ros|31\/100\n|-unboost|p2a: D\u00e9m\u00e9t\u00e9ros|atk|1\n|move|p1a: Scizor|Acrobatics|p2a: D\u00e9m\u00e9t\u00e9ros\n|-damage|p2a: D\u00e9m\u00e9t\u00e9ros|0 fnt\n|faint|p2a: D\u00e9m\u00e9t\u00e9ros\n|\n|-weather|RainDance|[upkeep]\n|upkeep\n|\n|t:|1700512626\n|switch|p2a: Iron Hands|Iron Hands, L50|69\/100\n|turn|4\n|\n|t:|1700512639\n|move|p1a: Scizor|Bullet Punch|p2b: Tornadus\n|-damage|p2b: Tornadus|15\/100\n|move|p2b: Tornadus|Bleakwind Storm|p1a: Scizor|[spread] p1a,p1b\n|-damage|p1a: Scizor|28\/100\n|-damage|p1b: Zoroark|0 fnt\n|-unboost|p1a: Scizor|spe|1\n|faint|p1b: Zoroark\n|move|p2a: Iron Hands|Wild Charge|p1a: Scizor\n|-damage|p1a: Scizor|0 fnt\n|faint|p1a: Scizor\n|-damage|p2a: Iron Hands|64\/100|[from] Recoil\n|\n|-weather|RainDance|[upkeep]\n|-sideend|p2: vlopes777|move: Tailwind\n|upkeep\n|\n|t:|1700512650\n|switch|p1b: Skeledirge|Skeledirge, L50, F|100\/100\n|switch|p1a: Milotic|Milotic, L50, F|100\/100\n|turn|5\n|inactive|vlopes777 has 30 seconds left.\n|inactive|vlopes777 has 20 seconds left.\n|inactive|vlopes777 has 15 seconds left.\n|\n|t:|1700512696\n|-terastallize|p1a: Milotic|Steel\n|move|p2b: Tornadus|Bleakwind Storm|p1a: Milotic|[spread] p1a,p1b\n|-resisted|p1a: Milotic\n|-crit|p1b: Skeledirge\n|-damage|p1a: Milotic|90\/100\n|-damage|p1b: Skeledirge|49\/100\n|move|p1a: Milotic|Scald|p2a: Iron Hands\n|-damage|p2a: Iron Hands|43\/100\n|move|p1b: Skeledirge|Torch Song|p2a: Iron Hands\n|-damage|p2a: Iron Hands|37\/100\n|-boost|p1b: Skeledirge|spa|1\n|move|p2a: Iron Hands|Wild Charge|p1a: Milotic\n|-damage|p1a: Milotic|55\/100\n|-damage|p2a: Iron Hands|29\/100|[from] Recoil\n|\n|-weather|RainDance|[upkeep]\n|-heal|p1a: Milotic|61\/100|[from] item: Leftovers\n|upkeep\n|turn|6\n|-message|PluzzGore25 forfeited.\n|\n|win|vlopes777\n|raw|PluzzGore25's rating: 1085 &rarr; <strong>1068<\/strong><br \/>(-17 for losing)\n|raw|vlopes777's rating: 1167 &rarr; <strong>1186<\/strong><br \/>(+19 for winning)\n|l|\u2606PluzzGore25\n","uploadtime":1700512727,"views":6,"p1id":"pluzzgore25","p2id":"vlopes777","formatid":"gen9vgc2023regulatione","rating":1068,"private":0,"password":""}