{"id":"gen9vgc2023regulatione-1993592550","p1":"Goosie_911","p2":"huntaaahr","format":"[Gen 9] VGC 2023 Regulation E","log":"|j|\u2606Goosie_911\n|j|\u2606huntaaahr\n|t:|1700335305\n|gametype|doubles\n|player|p1|Goosie_911|1|1185\n|player|p2|huntaaahr|1|1178\n|teamsize|p1|6\n|teamsize|p2|6\n|gen|9\n|tier|[Gen 9] VGC 2023 Regulation E\n|rated|\n|rule|Species Clause: Limit one of each Pok\u00e9mon\n|rule|Item Clause: Limit one of each item\n|clearpoke\n|poke|p1|Oranguru, L50, M|\n|poke|p1|Torkoal, L50, F|\n|poke|p1|Snorlax, L50, F|\n|poke|p1|Regidrago, L50|\n|poke|p1|Ceruledge, L50, F|\n|poke|p1|Avalugg-Hisui, L50, F|\n|poke|p2|Dusclops, L50, M|\n|poke|p2|Farigiraf, L50, M|\n|poke|p2|Torkoal, L50, F|\n|poke|p2|Conkeldurr, L50, F|\n|poke|p2|Lilligant-Hisui, L50, F|\n|poke|p2|Amoonguss, L50, F|\n|teampreview|4\n|inactive|Battle timer is ON: inactive players will automatically lose when time's up. (requested by Goosie_911)\n|\n|t:|1700335354\n|start\n|switch|p1a: Oranguru|Oranguru, L50, M|100\/100\n|switch|p1b: Snorlax|Snorlax, L50, F|100\/100\n|switch|p2a: Conkeldurr|Conkeldurr, L50, F|100\/100\n|switch|p2b: Lilligant|Lilligant-Hisui, L50, F|100\/100\n|turn|1\n|\n|t:|1700335377\n|-terastallize|p1b: Snorlax|Fairy\n|move|p2b: Lilligant|Close Combat|p1a: Oranguru\n|-damage|p1a: Oranguru|40\/100\n|-unboost|p2b: Lilligant|def|1\n|-unboost|p2b: Lilligant|spd|1\n|move|p2a: Conkeldurr|Knock Off|p1a: Oranguru\n|-supereffective|p1a: Oranguru\n|-damage|p1a: Oranguru|0 fnt\n|-enditem|p1a: Oranguru|Focus Sash|[from] move: Knock Off|[of] p2a: Conkeldurr\n|faint|p1a: Oranguru\n|move|p1b: Snorlax|Belly Drum|p1b: Snorlax\n|-damage|p1b: Snorlax|50\/100\n|-setboost|p1b: Snorlax|atk|6|[from] move: Belly Drum\n|-enditem|p1b: Snorlax|Aguav Berry|[eat]\n|-heal|p1b: Snorlax|84\/100|[from] item: Aguav Berry\n|\n|-status|p2a: Conkeldurr|brn|[from] item: Flame Orb\n|upkeep\n|\n|t:|1700335393\n|switch|p1a: Regidrago|Regidrago, L50|100\/100\n|turn|2\n|\n|t:|1700335411\n|move|p2b: Lilligant|Close Combat|p1a: Regidrago\n|-damage|p1a: Regidrago|46\/100\n|-unboost|p2b: Lilligant|def|1\n|-unboost|p2b: Lilligant|spd|1\n|move|p1a: Regidrago|Dragon Energy|p2b: Lilligant|[spread] p2a,p2b\n|-damage|p2a: Conkeldurr|50\/100 brn\n|-enditem|p2b: Lilligant|Focus Sash\n|-damage|p2b: Lilligant|1\/100\n|move|p2a: Conkeldurr|Knock Off|p1a: Regidrago\n|-damage|p1a: Regidrago|0 fnt\n|-enditem|p1a: Regidrago|Dragon Fang|[from] move: Knock Off|[of] p2a: Conkeldurr\n|faint|p1a: Regidrago\n|move|p1b: Snorlax|High Horsepower|p2a: Conkeldurr|[miss]\n|-miss|p1b: Snorlax|p2a: Conkeldurr\n|\n|-damage|p2a: Conkeldurr|43\/100 brn|[from] brn\n|upkeep\n|\n|t:|1700335426\n|switch|p1a: Ceruledge|Ceruledge, L50, F|100\/100\n|turn|3\n|\n|t:|1700335437\n|move|p2b: Lilligant|After You|p2a: Conkeldurr\n|-activate|p2a: Conkeldurr|move: After You\n|move|p2a: Conkeldurr|Knock Off|p1a: Ceruledge\n|-supereffective|p1a: Ceruledge\n|-damage|p1a: Ceruledge|0 fnt\n|-enditem|p1a: Ceruledge|Scope Lens|[from] move: Knock Off|[of] p2a: Conkeldurr\n|faint|p1a: Ceruledge\n|move|p1b: Snorlax|High Horsepower|p2a: Conkeldurr\n|-damage|p2a: Conkeldurr|0 fnt\n|faint|p2a: Conkeldurr\n|\n|upkeep\n|\n|t:|1700335447\n|switch|p2a: Torkoal|Torkoal, L50, F|100\/100\n|-weather|SunnyDay|[from] ability: Drought|[of] p2a: Torkoal\n|turn|4\n|\n|t:|1700335455\n|-terastallize|p2a: Torkoal|Fire\n|move|p2b: Lilligant|After You|p2a: Torkoal\n|-activate|p2a: Torkoal|move: After You\n|move|p2a: Torkoal|Eruption|p1b: Snorlax\n|-damage|p1b: Snorlax|4\/100\n|move|p1b: Snorlax|High Horsepower|p2a: Torkoal\n|-supereffective|p2a: Torkoal\n|-damage|p2a: Torkoal|0 fnt\n|faint|p2a: Torkoal\n|\n|-weather|SunnyDay|[upkeep]\n|upkeep\n|\n|t:|1700335462\n|switch|p2a: Dusclops|Dusclops, L50, M|100\/100\n|-ability|p2a: Dusclops|Pressure\n|turn|5\n|c|\u2606Goosie_911|gg\n|\n|t:|1700335469\n|move|p2b: Lilligant|Leaf Blade|p1b: Snorlax\n|-crit|p1b: Snorlax\n|-damage|p1b: Snorlax|0 fnt\n|faint|p1b: Snorlax\n|\n|win|huntaaahr\n|raw|Goosie_911's rating: 1185 &rarr; <strong>1159<\/strong><br \/>(-26 for losing)\n|raw|huntaaahr's rating: 1178 &rarr; <strong>1204<\/strong><br \/>(+26 for winning)\n|c|\u2606huntaaahr|gg wp\n|l|\u2606Goosie_911\n","uploadtime":1700335483,"views":8,"p1id":"goosie911","p2id":"huntaaahr","formatid":"gen9vgc2023regulatione","rating":1159,"private":0,"password":""}