{"id":"gen9vgc2023regulatione-1994449911","p1":"Mad_Bad_Shark","p2":"beeki","format":"[Gen 9] VGC 2023 Regulation E","log":"|j|\u2606Mad_Bad_Shark\n|j|\u2606beeki\n|t:|1700445265\n|gametype|doubles\n|player|p1|Mad_Bad_Shark|clair|1230\n|player|p2|beeki|larry|1326\n|teamsize|p1|6\n|teamsize|p2|6\n|gen|9\n|tier|[Gen 9] VGC 2023 Regulation E\n|rated|\n|rule|Species Clause: Limit one of each Pok\u00e9mon\n|rule|Item Clause: Limit one of each item\n|clearpoke\n|poke|p1|Dondozo, L50, M|\n|poke|p1|Tatsugiri-Droopy, L50, M|\n|poke|p1|Zoroark, L50, F|\n|poke|p1|Drednaw, L50, M|\n|poke|p1|Toxicroak, L50, F|\n|poke|p1|Pelipper, L50, M|\n|poke|p2|Roaring Moon, L50|\n|poke|p2|Gholdengo, L50|\n|poke|p2|Iron Hands, L50|\n|poke|p2|Arcanine-Hisui, L50, F|\n|poke|p2|Urshifu-*, L50, M|\n|poke|p2|Ogerpon, L50, F|\n|teampreview|4\n|\n|t:|1700445303\n|start\n|switch|p1a: postBRO|Pelipper, L50, M|100\/100\n|switch|p1b: BROwser|Drednaw, L50, M, shiny|100\/100\n|switch|p2a: Roaring Moon|Roaring Moon, L50|100\/100\n|switch|p2b: Ogerpon|Ogerpon, L50, F|100\/100\n|-weather|RainDance|[from] ability: Drizzle|[of] p1a: postBRO\n|-enditem|p2a: Roaring Moon|Booster Energy\n|-activate|p2a: Roaring Moon|ability: Protosynthesis|[fromitem]\n|-start|p2a: Roaring Moon|protosynthesisspe\n|turn|1\n|\n|t:|1700445328\n|-terastallize|p1b: BROwser|Grass\n|move|p2b: Ogerpon|Spiky Shield|p2b: Ogerpon\n|-singleturn|p2b: Ogerpon|move: Protect\n|move|p2a: Roaring Moon|Tailwind|p2a: Roaring Moon\n|-sidestart|p2: beeki|move: Tailwind\n|move|p1b: BROwser|Rock Slide|p2b: Ogerpon|[spread] p2a\n|-activate|p2b: Ogerpon|move: Protect\n|-damage|p2a: Roaring Moon|53\/100\n|move|p1a: postBRO|Hurricane|p2b: Ogerpon\n|-activate|p2b: Ogerpon|move: Protect\n|\n|-weather|RainDance|[upkeep]\n|upkeep\n|turn|2\n|\n|t:|1700445343\n|switch|p2b: Iron Hands|Iron Hands, L50|100\/100\n|move|p2a: Roaring Moon|Breaking Swipe|p1a: postBRO|[spread] p1a,p1b\n|-damage|p1a: postBRO|75\/100\n|-damage|p1b: BROwser|70\/100\n|-unboost|p1a: postBRO|atk|1\n|-unboost|p1b: BROwser|atk|1\n|move|p1b: BROwser|Rock Slide|p2a: Roaring Moon|[spread] p2a,p2b\n|-resisted|p2b: Iron Hands\n|-damage|p2a: Roaring Moon|23\/100\n|-damage|p2b: Iron Hands|91\/100\n|move|p1a: postBRO|Hurricane|p2b: Iron Hands\n|-damage|p2b: Iron Hands|64\/100\n|\n|-weather|RainDance|[upkeep]\n|upkeep\n|turn|3\n|\n|t:|1700445371\n|switch|p1b: toxiBROak|Toxicroak, L50, F, shiny|100\/100\n|move|p1a: postBRO|Protect|p1a: postBRO\n|-singleturn|p1a: postBRO|Protect\n|move|p2b: Iron Hands|Fake Out|p1b: toxiBROak\n|-damage|p1b: toxiBROak|71\/100\n|replace|p1b: zoBROark|Zoroark, L50, F\n|-end|p1b: zoBROark|Illusion\n|move|p2a: Roaring Moon|Knock Off|p1a: postBRO\n|-activate|p1a: postBRO|move: Protect\n|\n|-weather|RainDance|[upkeep]\n|upkeep\n|turn|4\n|\n|t:|1700445393\n|move|p2a: Roaring Moon|Protect|p2a: Roaring Moon\n|-singleturn|p2a: Roaring Moon|Protect\n|move|p1b: zoBROark|Low Kick|p2b: Iron Hands\n|-damage|p2b: Iron Hands|36\/100\n|move|p2b: Iron Hands|Wild Charge|p1a: postBRO\n|-supereffective|p1a: postBRO\n|-damage|p1a: postBRO|0 fnt\n|faint|p1a: postBRO\n|-damage|p2b: Iron Hands|23\/100|[from] Recoil\n|\n|-weather|RainDance|[upkeep]\n|-sideend|p2: beeki|move: Tailwind\n|upkeep\n|\n|t:|1700445407\n|switch|p1a: BROwser|Drednaw, L50, M, shiny, tera:Grass|70\/100\n|turn|5\n|\n|t:|1700445417\n|-end|p2b: Iron Hands|Quark Drive|[silent]\n|switch|p2b: Urshifu|Urshifu-Rapid-Strike, L50, M|100\/100\n|move|p1b: zoBROark|Protect|p1b: zoBROark\n|-singleturn|p1b: zoBROark|Protect\n|move|p2a: Roaring Moon|Tailwind|p2a: Roaring Moon\n|-sidestart|p2: beeki|move: Tailwind\n|move|p1a: BROwser|Earthquake|p2a: Roaring Moon|[spread] p2a,p2b\n|-activate|p1b: zoBROark|move: Protect\n|-damage|p2a: Roaring Moon|0 fnt\n|-damage|p2b: Urshifu|64\/100\n|faint|p2a: Roaring Moon\n|-end|p2a: Roaring Moon|Protosynthesis|[silent]\n|\n|-weather|RainDance|[upkeep]\n|upkeep\n|\n|t:|1700445427\n|switch|p2a: Iron Hands|Iron Hands, L50|23\/100\n|turn|6\n|\n|t:|1700445449\n|switch|p1a: toxiBROak|Toxicroak, L50, F, shiny|100\/100\n|move|p2a: Iron Hands|Fake Out|p1a: toxiBROak\n|-damage|p1a: toxiBROak|80\/100\n|move|p2b: Urshifu|Surging Strikes|p1b: zoBROark\n|-crit|p1b: zoBROark\n|-damage|p1b: zoBROark|0 fnt\n|faint|p1b: zoBROark\n|-hitcount|p1: zoBROark|1\n|\n|-weather|RainDance|[upkeep]\n|-heal|p1a: toxiBROak|92\/100|[from] ability: Dry Skin\n|upkeep\n|\n|t:|1700445474\n|switch|p1b: BROwser|Drednaw, L50, M, shiny, tera:Grass|70\/100\n|turn|7\n|\n|t:|1700445490\n|-end|p2a: Iron Hands|Quark Drive|[silent]\n|switch|p2a: Ogerpon|Ogerpon, L50, F|100\/100\n|move|p1a: toxiBROak|Fake Out|p2a: Ogerpon\n|-damage|p2a: Ogerpon|83\/100\n|move|p2b: Urshifu|Close Combat|p1b: BROwser\n|-damage|p1b: BROwser|0 fnt\n|-unboost|p2b: Urshifu|def|1\n|-unboost|p2b: Urshifu|spd|1\n|faint|p1b: BROwser\n|\n|-weather|RainDance|[upkeep]\n|-heal|p1a: toxiBROak|100\/100|[from] ability: Dry Skin\n|upkeep\n|turn|8\n|\n|t:|1700445525\n|move|p2b: Urshifu|Protect|p2b: Urshifu\n|-singleturn|p2b: Urshifu|Protect\n|move|p2a: Ogerpon|Stomping Tantrum|p1a: toxiBROak\n|-supereffective|p1a: toxiBROak\n|-damage|p1a: toxiBROak|38\/100\n|move|p1a: toxiBROak|Poison Jab|p2a: Ogerpon\n|-supereffective|p2a: Ogerpon\n|-damage|p2a: Ogerpon|0 fnt\n|faint|p2a: Ogerpon\n|\n|-weather|none\n|-sideend|p2: beeki|move: Tailwind\n|upkeep\n|\n|t:|1700445536\n|switch|p2a: Iron Hands|Iron Hands, L50|23\/100\n|turn|9\n|\n|t:|1700445541\n|move|p2a: Iron Hands|Fake Out|p1a: toxiBROak\n|-damage|p1a: toxiBROak|18\/100\n|move|p2b: Urshifu|Close Combat|p1a: toxiBROak\n|-resisted|p1a: toxiBROak\n|-damage|p1a: toxiBROak|0 fnt\n|-unboost|p2b: Urshifu|def|1\n|-unboost|p2b: Urshifu|spd|1\n|faint|p1a: toxiBROak\n|\n|win|beeki\n|raw|Mad_Bad_Shark's rating: 1230 &rarr; <strong>1212<\/strong><br \/>(-18 for losing)\n|raw|beeki's rating: 1326 &rarr; <strong>1341<\/strong><br \/>(+15 for winning)\n|c|\u2606beeki|gg\n|c|\u2606Mad_Bad_Shark|gg\n|l|\u2606Mad_Bad_Shark\n","uploadtime":1700445628,"views":10,"p1id":"madbadshark","p2id":"beeki","formatid":"gen9vgc2023regulatione","rating":1212,"private":0,"password":""}