{"id":"gen9vgc2023regulatione-1993143645","p1":"random0390","p2":"Fancy Cucudrula","format":"[Gen 9] VGC 2023 Regulation E","log":"|j|\u2606random0390\n|j|\u2606Fancy Cucudrula\n|n|\u2606random0390|random0390\n|n|\u2606Fancy Cucudrula|fancycucudrula\n|html|View the match progress at <a href=\"\/game-bestof3-gen9vgc2023regulatione-1993143643\">game-bestof3-gen9vgc2023regulatione-1993143643<\/a>\n|t:|1700270001\n|gametype|doubles\n|player|p1|random0390|pokemaniac|\n|player|p2|Fancy Cucudrula|valerie|\n|teamsize|p1|6\n|teamsize|p2|6\n|gen|9\n|tier|[Gen 9] VGC 2023 Regulation E\n|rule|Species Clause: Limit one of each Pok\u00e9mon\n|rule|Item Clause: Limit one of each item\n|clearpoke\n|poke|p1|Chien-Pao, L50|\n|poke|p1|Tornadus, L50, M|\n|poke|p1|Gholdengo, L50|\n|poke|p1|Urshifu-*, L50, F|\n|poke|p1|Arcanine-Hisui, L50, M|\n|poke|p1|Rillaboom, L50, F|\n|poke|p2|Flutter Mane, L50|\n|poke|p2|Amoonguss, L50, F|\n|poke|p2|Heatran, L50, F|\n|poke|p2|Iron Hands, L50|\n|poke|p2|Landorus-Therian, L50, M|\n|poke|p2|Chien-Pao, L50|\n|teampreview|4\n|inactive|Battle timer is ON: inactive players will automatically lose when time's up. (requested by Fancy Cucudrula)\nFancy Cucudrula has agreed to open team sheets.\nrandom0390 has agreed to open team sheets.\n|showteam|p1|Chien-Pao||FocusSash|SwordofRuin|SacredSword,IcicleCrash,Protect,SuckerPunch||||||50|,,,,,Ghost]Tornadus||CovertCloak|Prankster|Taunt,Tailwind,BleakwindStorm,IcyWind|||M|||50|,,,,,Dragon]Gholdengo||Leftovers|GoodasGold|NastyPlot,Protect,ShadowBall,MakeItRain||||||50|,,,,,Dragon]Urshifu-Rapid-Strike||ChoiceScarf|UnseenFist|Uturn,SurgingStrikes,AquaJet,CloseCombat|||F|||50|,,,,,Water]Arcanine-Hisui||ChoiceBand|Intimidate|ExtremeSpeed,TeraBlast,RockSlide,FlareBlitz|||M|||50|,,,,,Fairy]Rillaboom||AssaultVest|GrassySurge|FakeOut,GrassyGlide,WoodHammer,StompingTantrum|||F|||50|,,,,,Grass\n|showteam|p2|Flutter Mane||ChoiceSpecs|Protosynthesis|DazzlingGleam,Moonblast,ShadowBall,PerishSong||||||50|,,,,,Fairy]Amoonguss||RockyHelmet|Regenerator|RagePowder,PollenPuff,Spore,Protect|||F|||50|,,,,,Water]Heatran||SafetyGoggles|FlashFire|HeatWave,EarthPower,FlashCannon,Protect|||F|||50|,,,,,Fairy]Iron Hands||AssaultVest|QuarkDrive|DrainPunch,WildCharge,HeavySlam,FakeOut||||||50|,,,,,Water]Landorus-Therian||ChoiceScarf|Intimidate|StompingTantrum,TeraBlast,RockSlide,Uturn|||M|||50|,,,,,Flying]Chien-Pao||FocusSash|SwordofRuin|IceSpinner,SuckerPunch,Haze,Protect||||||50|,,,,,Ghost\n|inactive|random0390 has 30 seconds left.\n|inactive|Fancy Cucudrula has 30 seconds left.\n|inactive|random0390 has 20 seconds left.\n|inactive|Fancy Cucudrula has 20 seconds left.\n|inactive|random0390 has 15 seconds left.\n|inactive|Fancy Cucudrula has 15 seconds left.\n|inactive|random0390 has 10 seconds left.\n|inactive|Fancy Cucudrula has 10 seconds left.\n|inactive|Fancy Cucudrula has 5 seconds left.\n|\n|t:|1700270060\n|start\n|switch|p1a: Rillaboom|Rillaboom, L50, F|100\/100\n|switch|p1b: Gholdengo|Gholdengo, L50|100\/100\n|switch|p2a: Sasha Colby|Flutter Mane, L50|100\/100\n|switch|p2b: Mistress|Iron Hands, L50, shiny|100\/100\n|-fieldstart|move: Grassy Terrain|[from] ability: Grassy Surge|[of] p1a: Rillaboom\n|turn|1\n|inactive|random0390 has 30 seconds left.\n|inactive|Fancy Cucudrula has 30 seconds left.\n|inactive|random0390 has 20 seconds left.\n|inactive|random0390 has 15 seconds left.\n|\n|t:|1700270101\n|-terastallize|p1a: Rillaboom|Grass\n|move|p1a: Rillaboom|Grassy Glide|p2a: Sasha Colby\n|-damage|p2a: Sasha Colby|25\/100\n|move|p2a: Sasha Colby|Shadow Ball|p1b: Gholdengo\n|-supereffective|p1b: Gholdengo\n|-damage|p1b: Gholdengo|0 fnt\n|faint|p1b: Gholdengo\n|move|p2b: Mistress|Drain Punch|p1a: Rillaboom\n|-damage|p1a: Rillaboom|61\/100\n|\n|-heal|p2a: Sasha Colby|31\/100|[from] Grassy Terrain\n|-heal|p1a: Rillaboom|67\/100|[from] Grassy Terrain\n|upkeep\n|\n|t:|1700270117\n|switch|p1b: Arcanine|Arcanine-Hisui, L50, M|100\/100\n|-ability|p1b: Arcanine|Intimidate|boost\n|-unboost|p2a: Sasha Colby|atk|1\n|-unboost|p2b: Mistress|atk|1\n|turn|2\n|inactive|random0390 has 30 seconds left.\n|inactive|random0390 has 20 seconds left.\n|\n|t:|1700270156\n|-end|p2a: Sasha Colby|Protosynthesis|[silent]\n|switch|p2a: Brita Filter|Amoonguss, L50, F, shiny|100\/100\n|move|p1b: Arcanine|Flare Blitz|p2b: Mistress\n|-damage|p2b: Mistress|32\/100\n|-damage|p1b: Arcanine|70\/100|[from] Recoil\n|move|p1a: Rillaboom|Stomping Tantrum|p2b: Mistress\n|-supereffective|p2b: Mistress\n|-damage|p2b: Mistress|0 fnt\n|faint|p2b: Mistress\n|-end|p2b: Mistress|Quark Drive|[silent]\n|\n|-heal|p1b: Arcanine|76\/100|[from] Grassy Terrain\n|-heal|p1a: Rillaboom|73\/100|[from] Grassy Terrain\n|upkeep\n|\n|t:|1700270164\n|switch|p2b: Luquisha|Landorus-Therian, L50, M|100\/100\n|-ability|p2b: Luquisha|Intimidate|boost\n|-unboost|p1a: Rillaboom|atk|1\n|-unboost|p1b: Arcanine|atk|1\n|turn|3\n|\n|t:|1700270186\n|switch|p1a: Chien-Pao|Chien-Pao, L50|100\/100\n|-ability|p1a: Chien-Pao|Sword of Ruin\n|-terastallize|p2b: Luquisha|Flying\n|move|p2a: Brita Filter|Protect|p2a: Brita Filter\n|-singleturn|p2a: Brita Filter|Protect\n|move|p2b: Luquisha|Tera Blast|p1a: Chien-Pao|[anim] Tera Blast Flying\n|-damage|p1a: Chien-Pao|18\/100\n|move|p1b: Arcanine|Flare Blitz|p2a: Brita Filter\n|-activate|p2a: Brita Filter|move: Protect\n|\n|-heal|p1a: Chien-Pao|24\/100|[from] Grassy Terrain\n|-heal|p1b: Arcanine|82\/100|[from] Grassy Terrain\n|upkeep\n|turn|4\n|\n|t:|1700270209\n|switch|p2b: Sasha Colby|Flutter Mane, L50|31\/100\n|switch|p1b: Rillaboom|Rillaboom, L50, F, tera:Grass|73\/100\n|move|p2a: Brita Filter|Rage Powder|p2a: Brita Filter\n|-singleturn|p2a: Brita Filter|move: Rage Powder\n|move|p1a: Chien-Pao|Icicle Crash|p2a: Brita Filter|[miss]\n|-miss|p1a: Chien-Pao|p2a: Brita Filter\n|\n|-heal|p1a: Chien-Pao|30\/100|[from] Grassy Terrain\n|-heal|p2b: Sasha Colby|37\/100|[from] Grassy Terrain\n|-heal|p1b: Rillaboom|79\/100|[from] Grassy Terrain\n|upkeep\n|turn|5\n|inactive|random0390 has 30 seconds left.\n|inactive|random0390 has 20 seconds left.\n|\n|t:|1700270245\n|switch|p1a: Arcanine|Arcanine-Hisui, L50, M|82\/100\n|-ability|p1a: Arcanine|Intimidate|boost\n|-unboost|p2a: Brita Filter|atk|1\n|-unboost|p2b: Sasha Colby|atk|1\n|-end|p2b: Sasha Colby|Protosynthesis|[silent]\n|switch|p2b: Luquisha|Landorus-Therian, L50, M, tera:Flying|100\/100\n|-ability|p2b: Luquisha|Intimidate|boost\n|-unboost|p1a: Arcanine|atk|1\n|-unboost|p1b: Rillaboom|atk|1\n|move|p1b: Rillaboom|Fake Out|p2a: Brita Filter\n|-damage|p2a: Brita Filter|92\/100\n|-damage|p1b: Rillaboom|62\/100|[from] item: Rocky Helmet|[of] p2a: Brita Filter\n|cant|p2a: Brita Filter|flinch\n|\n|-heal|p1a: Arcanine|88\/100|[from] Grassy Terrain\n|-heal|p1b: Rillaboom|68\/100|[from] Grassy Terrain\n|-heal|p2a: Brita Filter|98\/100|[from] Grassy Terrain\n|-fieldend|move: Grassy Terrain\n|upkeep\n|turn|6\n|inactive|random0390 has 30 seconds left.\n|\n|t:|1700270273\n|switch|p1b: Chien-Pao|Chien-Pao, L50|30\/100\n|-ability|p1b: Chien-Pao|Sword of Ruin\n|move|p2a: Brita Filter|Protect|p2a: Brita Filter\n|-singleturn|p2a: Brita Filter|Protect\n|move|p2b: Luquisha|Stomping Tantrum|p1a: Arcanine\n|-supereffective|p1a: Arcanine\n|-crit|p1a: Arcanine\n|-damage|p1a: Arcanine|0 fnt\n|faint|p1a: Arcanine\n|\n|upkeep\n|\n|t:|1700270284\n|switch|p1a: Rillaboom|Rillaboom, L50, F, tera:Grass|68\/100\n|-fieldstart|move: Grassy Terrain|[from] ability: Grassy Surge|[of] p1a: Rillaboom\n|turn|7\n|\n|t:|1700270301\n|switch|p2b: Sasha Colby|Flutter Mane, L50|37\/100\n|move|p1a: Rillaboom|Grassy Glide|p2b: Sasha Colby\n|-damage|p2b: Sasha Colby|0 fnt\n|faint|p2b: Sasha Colby\n|-end|p2b: Sasha Colby|Protosynthesis|[silent]\n|move|p1b: Chien-Pao|Icicle Crash|p2a: Brita Filter\n|-supereffective|p2a: Brita Filter\n|-damage|p2a: Brita Filter|12\/100\n|cant|p2a: Brita Filter|flinch\n|\n|-heal|p1b: Chien-Pao|35\/100|[from] Grassy Terrain\n|-heal|p1a: Rillaboom|74\/100|[from] Grassy Terrain\n|-heal|p2a: Brita Filter|18\/100|[from] Grassy Terrain\n|upkeep\n|\n|t:|1700270310\n|switch|p2b: Luquisha|Landorus-Therian, L50, M, tera:Flying|100\/100\n|-ability|p2b: Luquisha|Intimidate|boost\n|-unboost|p1a: Rillaboom|atk|1\n|-unboost|p1b: Chien-Pao|atk|1\n|turn|8\n|\n|t:|1700270335\n|move|p2a: Brita Filter|Rage Powder|p2a: Brita Filter\n|-singleturn|p2a: Brita Filter|move: Rage Powder\n|move|p1a: Rillaboom|Grassy Glide|p2a: Brita Filter\n|-resisted|p2a: Brita Filter\n|-damage|p2a: Brita Filter|10\/100\n|-damage|p1a: Rillaboom|58\/100|[from] item: Rocky Helmet|[of] p2a: Brita Filter\n|move|p2b: Luquisha|Tera Blast|p1a: Rillaboom|[anim] Tera Blast Flying\n|-supereffective|p1a: Rillaboom\n|-damage|p1a: Rillaboom|0 fnt\n|faint|p1a: Rillaboom\n|move|p1b: Chien-Pao|Icicle Crash|p2a: Brita Filter\n|-supereffective|p2a: Brita Filter\n|-damage|p2a: Brita Filter|0 fnt\n|faint|p2a: Brita Filter\n|\n|-heal|p1b: Chien-Pao|41\/100|[from] Grassy Terrain\n|upkeep\n|turn|9\n|\n|t:|1700270353\n|move|p1b: Chien-Pao|Sucker Punch|p2b: Luquisha\n|-damage|p2b: Luquisha|70\/100\n|move|p2b: Luquisha|Tera Blast|p1b: Chien-Pao|[anim] Tera Blast Flying\n|-damage|p1b: Chien-Pao|0 fnt\n|faint|p1b: Chien-Pao\n|\n|win|Fancy Cucudrula\n|c|&|\/uhtml prompt-fancycucudrula,Fancy Cucudrula is ready for game 2!\n|inactive|random0390 has 50 seconds to confirm battle start!\n|c|&|\/uhtml prompt-fancycucudrula,Fancy Cucudrula is ready for game 2!\n|c|&|\/uhtml prompt-random0390,random0390 is ready for game 2!\nBoth players are ready! Starting next match!\n","uploadtime":1700270947,"views":14,"p1id":"random0390","p2id":"fancycucudrula","formatid":"gen9vgc2023regulatione","rating":0,"private":0,"password":""}