{"id":"gen9vgc2023regulatione-1993669285","p1":"Pigster003","p2":"Steve9998","format":"[Gen 9] VGC 2023 Regulation E","log":"|j|\u203dPigster003\n|j|\u2606Steve9998\n|t:|1700343635\n|gametype|doubles\n|player|p1|Pigster003|cyclist-gen4|1064\n|player|p2|Steve9998|266|1000\n|teamsize|p1|6\n|teamsize|p2|6\n|gen|9\n|tier|[Gen 9] VGC 2023 Regulation E\n|rated|\n|rule|Species Clause: Limit one of each Pok\u00e9mon\n|rule|Item Clause: Limit one of each item\n|clearpoke\n|poke|p1|Slaking, L50, M|\n|poke|p1|Grafaiai, L50, M|\n|poke|p1|Amoonguss, L50, M|\n|poke|p1|Flutter Mane, L50|\n|poke|p1|Arcanine, L50, M|\n|poke|p1|Dragonite, L50, M|\n|poke|p2|Urshifu-*, L50, F|\n|poke|p2|Iron Hands, L50|\n|poke|p2|Chien-Pao, L50|\n|poke|p2|Tornadus, L50, M|\n|poke|p2|Gholdengo, L50|\n|poke|p2|Arcanine-Hisui, L50, F|\n|teampreview|4\n|inactive|Battle timer is ON: inactive players will automatically lose when time's up. (requested by Pigster003)\n|inactive|Pigster003 has 60 seconds left.\n|inactive|Steve9998 has 60 seconds left.\nPigster003 rejected open team sheets.\n|inactive|Pigster003 has 30 seconds left.\n|inactive|Steve9998 has 30 seconds left.\n|\n|t:|1700343705\n|start\n|switch|p1a: Dragonite|Dragonite, L50, M|100\/100\n|switch|p1b: Amoonguss|Amoonguss, L50, M|100\/100\n|switch|p2a: Iron Hands|Iron Hands, L50, shiny|100\/100\n|switch|p2b: Chien-Pao|Chien-Pao, L50|100\/100\n|-ability|p2b: Chien-Pao|Sword of Ruin\n|turn|1\n|\n|t:|1700343727\n|-terastallize|p2b: Chien-Pao|Ghost\n|move|p1a: Dragonite|Protect|p1a: Dragonite\n|-singleturn|p1a: Dragonite|Protect\n|move|p2a: Iron Hands|Fake Out|p1b: Amoonguss\n|-damage|p1b: Amoonguss|83\/100\n|move|p2b: Chien-Pao|Ice Spinner|p1a: Dragonite\n|-activate|p1a: Dragonite|move: Protect\n|cant|p1b: Amoonguss|flinch\n|\n|-heal|p1b: Amoonguss|89\/100|[from] item: Leftovers\n|upkeep\n|turn|2\n|\n|t:|1700343749\n|-terastallize|p1a: Dragonite|Normal\n|move|p2b: Chien-Pao|Ice Spinner|p1a: Dragonite\n|-damage|p1a: Dragonite|50\/100\n|move|p1a: Dragonite|Aerial Ace|p2a: Iron Hands\n|-damage|p2a: Iron Hands|61\/100\n|-damage|p1a: Dragonite|41\/100|[from] item: Life Orb\n|move|p2a: Iron Hands|Wild Charge|p1a: Dragonite\n|-crit|p1a: Dragonite\n|-damage|p1a: Dragonite|0 fnt\n|faint|p1a: Dragonite\n|-damage|p2a: Iron Hands|53\/100|[from] Recoil\n|move|p1b: Amoonguss|Spore|p2b: Chien-Pao\n|-status|p2b: Chien-Pao|slp|[from] move: Spore\n|\n|-heal|p1b: Amoonguss|95\/100|[from] item: Leftovers\n|upkeep\n|\n|t:|1700343771\n|switch|p1a: Slaking|Slaking, L50, M|100\/100\n|turn|3\n|\n|t:|1700343786\n|switch|p1b: Grafaiai|Grafaiai, L50, M|100\/100\n|cant|p2b: Chien-Pao|slp\n|move|p1a: Slaking|Body Slam|p2a: Iron Hands\n|-damage|p2a: Iron Hands|7\/100\n|move|p2a: Iron Hands|Drain Punch|p1a: Slaking\n|-supereffective|p1a: Slaking\n|-damage|p1a: Slaking|22\/100\n|-heal|p2a: Iron Hands|45\/100|[from] drain|[of] p1a: Slaking\n|\n|upkeep\n|turn|4\n|\n|t:|1700343810\n|move|p1b: Grafaiai|Doodle|p2b: Chien-Pao\n|-endability|p1a: Slaking|Truant|[from] move: Doodle\n|-ability|p1a: Slaking|Sword of Ruin\n|-ability|p1a: Slaking|Sword of Ruin|[from] move: Doodle\n|-endability|p1b: Grafaiai|Prankster|[from] move: Doodle\n|-ability|p1b: Grafaiai|Sword of Ruin\n|-ability|p1b: Grafaiai|Sword of Ruin|[from] move: Doodle\n|-curestatus|p2b: Chien-Pao|slp|[msg]\n|move|p2b: Chien-Pao|Sacred Sword|p1b: Grafaiai\n|-damage|p1b: Grafaiai|57\/100\n|move|p1a: Slaking|Body Slam|p2a: Iron Hands\n|-damage|p2a: Iron Hands|5\/100\n|move|p2a: Iron Hands|Drain Punch|p1a: Slaking\n|-supereffective|p1a: Slaking\n|-damage|p1a: Slaking|0 fnt\n|-heal|p2a: Iron Hands|16\/100|[from] drain|[of] p1a: Slaking\n|faint|p1a: Slaking\n|\n|upkeep\n|\n|t:|1700343826\n|switch|p1a: Amoonguss|Amoonguss, L50, M|100\/100\n|turn|5\n|-message|Pigster003 forfeited.\n|\n|win|Steve9998\n|raw|Pigster003's rating: 1064 &rarr; <strong>1041<\/strong><br \/>(-23 for losing)\n|raw|Steve9998's rating: 1000 &rarr; <strong>1047<\/strong><br \/>(+47 for winning)\n|l|\u203dPigster003\n","uploadtime":1700343835,"views":8,"p1id":"pigster003","p2id":"steve9998","formatid":"gen9vgc2023regulatione","rating":1041,"private":0,"password":""}