{"id":"gen9vgc2023regulatione-1988608368","p1":"Hero_Zero_Poke","p2":"Steve9999","format":"[Gen 9] VGC 2023 Regulation E","log":"|j|\u2606Hero_Zero_Poke\n|j|\u2606Steve9999\n|t:|1699741465\n|gametype|doubles\n|player|p1|Hero_Zero_Poke|steven|1185\n|player|p2|Steve9999|170|1162\n|teamsize|p1|6\n|teamsize|p2|6\n|gen|9\n|tier|[Gen 9] VGC 2023 Regulation E\n|rated|\n|rule|Species Clause: Limit one of each Pok\u00e9mon\n|rule|Item Clause: Limit one of each item\n|clearpoke\n|poke|p1|Talonflame, L50, M|\n|poke|p1|Great Tusk, L50|\n|poke|p1|Kingambit, L50, M|\n|poke|p1|Tatsugiri, L50, M|\n|poke|p1|Dondozo, L50, F|\n|poke|p1|Flutter Mane, L50|\n|poke|p2|Chi-Yu, L50|\n|poke|p2|Flutter Mane, L50|\n|poke|p2|Iron Hands, L50|\n|poke|p2|Tornadus, L50, M|\n|poke|p2|Landorus-Therian, L50, M|\n|poke|p2|Ogerpon-Wellspring, L50, F|\n|teampreview|4\n|inactive|Battle timer is ON: inactive players will automatically lose when time's up. (requested by Steve9999)\n|\n|t:|1699741505\n|start\n|switch|p1a: Great Tusk|Great Tusk, L50|100\/100\n|switch|p1b: Talonflame|Talonflame, L50, M|100\/100\n|switch|p2a: Flutter Mane|Flutter Mane, L50, shiny|100\/100\n|switch|p2b: Tornadus|Tornadus, L50, M|100\/100\n|-enditem|p1a: Great Tusk|Booster Energy\n|-activate|p1a: Great Tusk|ability: Protosynthesis|[fromitem]\n|-start|p1a: Great Tusk|protosynthesisatk\n|turn|1\n|inactive|Steve9999 has 30 seconds left.\n|\n|t:|1699741531\n|-terastallize|p2a: Flutter Mane|Fairy\n|-terastallize|p1a: Great Tusk|Ghost\n|move|p1b: Talonflame|Tailwind|p1b: Talonflame\n|-sidestart|p1: Hero_Zero_Poke|move: Tailwind\n|move|p2b: Tornadus|Tailwind|p2b: Tornadus\n|-sidestart|p2: Steve9999|move: Tailwind\n|move|p2a: Flutter Mane|Dazzling Gleam|p1a: Great Tusk|[spread] p1a,p1b\n|-resisted|p1b: Talonflame\n|-damage|p1a: Great Tusk|0 fnt\n|-damage|p1b: Talonflame|54\/100\n|faint|p1a: Great Tusk\n|-end|p1a: Great Tusk|Protosynthesis|[silent]\n|\n|upkeep\n|\n|t:|1699741540\n|switch|p1a: Tatsugiri|Tatsugiri, L50, M|100\/100\n|turn|2\n|\n|t:|1699741553\n|switch|p1b: Dondozo|Dondozo, L50, F|100\/100\n|-activate|p1a: Tatsugiri|ability: Commander|[of] p1b: Dondozo\n|-boost|p1b: Dondozo|atk|2\n|-boost|p1b: Dondozo|spa|2\n|-boost|p1b: Dondozo|spe|2\n|-boost|p1b: Dondozo|def|2\n|-boost|p1b: Dondozo|spd|2\n|switch|p2b: Iron Hands|Iron Hands, L50, shiny|100\/100\n|move|p2a: Flutter Mane|Dazzling Gleam|p1a: Tatsugiri|[spread] p1b\n|-miss|p2a: Flutter Mane|p1a: Tatsugiri\n|-damage|p1b: Dondozo|67\/100\n|\n|-heal|p1b: Dondozo|73\/100|[from] item: Leftovers\n|upkeep\n|turn|3\n|\n|t:|1699741571\n|move|p2b: Iron Hands|Fake Out|p1b: Dondozo\n|-damage|p1b: Dondozo|68\/100\n|move|p2a: Flutter Mane|Dazzling Gleam|p1a: Tatsugiri|[spread] p1b\n|-miss|p2a: Flutter Mane|p1a: Tatsugiri\n|-damage|p1b: Dondozo|33\/100\n|cant|p1b: Dondozo|flinch\n|\n|-heal|p1b: Dondozo|39\/100|[from] item: Leftovers\n|upkeep\n|turn|4\n|\n|t:|1699741592\n|move|p2a: Flutter Mane|Dazzling Gleam|p1b: Dondozo|[spread] p1b\n|-miss|p2a: Flutter Mane|p1a: Tatsugiri\n|-damage|p1b: Dondozo|2\/100\n|move|p1b: Dondozo|Order Up|p2b: Iron Hands\n|-damage|p2b: Iron Hands|71\/100\n|-boost|p1b: Dondozo|atk|1\n|move|p2b: Iron Hands|Wild Charge|p1b: Dondozo\n|-supereffective|p1b: Dondozo\n|-damage|p1b: Dondozo|0 fnt\n|faint|p1b: Dondozo\n|-damage|p2b: Iron Hands|71\/100|[from] Recoil\n|\n|-sideend|p1: Hero_Zero_Poke|move: Tailwind\n|-sideend|p2: Steve9999|move: Tailwind\n|upkeep\n|\n|t:|1699741595\n|switch|p1b: Talonflame|Talonflame, L50, M|54\/100\n|turn|5\n|inactive|Steve9999 has 30 seconds left.\n|\n|t:|1699741622\n|move|p1a: Tatsugiri|Draco Meteor|p2b: Iron Hands\n|-crit|p2b: Iron Hands\n|-damage|p2b: Iron Hands|7\/100\n|-unboost|p1a: Tatsugiri|spa|2\n|move|p2a: Flutter Mane|Dazzling Gleam|p1b: Talonflame|[spread] p1a,p1b\n|-supereffective|p1a: Tatsugiri\n|-resisted|p1b: Talonflame\n|-damage|p1a: Tatsugiri|0 fnt\n|-damage|p1b: Talonflame|7\/100\n|faint|p1a: Tatsugiri\n|move|p1b: Talonflame|Brave Bird|p2a: Flutter Mane\n|-damage|p2a: Flutter Mane|9\/100\n|-damage|p1b: Talonflame|0 fnt|[from] Recoil\n|faint|p1b: Talonflame\n|\n|win|Steve9999\n|raw|Hero_Zero_Poke's rating: 1185 &rarr; <strong>1158<\/strong><br \/>(-27 for losing)\n|raw|Steve9999's rating: 1162 &rarr; <strong>1189<\/strong><br \/>(+27 for winning)\n|l|\u2606Hero_Zero_Poke\n","uploadtime":1699741642,"views":11,"p1id":"herozeropoke","p2id":"steve9999","formatid":"gen9vgc2023regulatione","rating":1158,"private":0,"password":""}