{"id":"gen9vgc2023regulatione-1993869335","p1":"Girthatron","p2":"Papa lays","format":"[Gen 9] VGC 2023 Regulation E","log":"|j|\u2606Girthatron\n|j|\u2606Papa lays\n|t:|1700367710\n|gametype|doubles\n|player|p1|Girthatron|hiker-gen4|1496\n|player|p2|Papa lays|artist-gen4|1424\n|teamsize|p1|6\n|teamsize|p2|6\n|gen|9\n|tier|[Gen 9] VGC 2023 Regulation E\n|rated|\n|rule|Species Clause: Limit one of each Pok\u00e9mon\n|rule|Item Clause: Limit one of each item\n|clearpoke\n|poke|p1|Ursaluna, L50, M|\n|poke|p1|Cresselia, L50, F|\n|poke|p1|Sinistcha, L50|\n|poke|p1|Iron Hands, L50|\n|poke|p1|Empoleon, L50, M|\n|poke|p1|Flutter Mane, L50|\n|poke|p2|Maushold-Four, L50|\n|poke|p2|Sinistcha-Masterpiece, L50|\n|poke|p2|Politoed, L50, F|\n|poke|p2|Mudsdale, L50, F|\n|poke|p2|Thundurus, L50, M|\n|poke|p2|Cresselia, L50, F|\n|teampreview|4\n|inactive|Battle timer is ON: inactive players will automatically lose when time's up. (requested by Papa lays)\n|inactive|Girthatron also wants the timer to be on.\n|inactive|Papa lays has 60 seconds left.\n|\n|t:|1700367750\n|start\n|switch|p1a: Ursaluna|Ursaluna, L50, M|100\/100\n|switch|p1b: Cresselia|Cresselia, L50, F|100\/100\n|switch|p2a: Mudsdale|Mudsdale, L50, F|100\/100\n|switch|p2b: Maushold|Maushold-Four, L50|100\/100\n|turn|1\n|inactive|Girthatron has 30 seconds left.\n|inactive|Papa lays has 30 seconds left.\n|inactive|Girthatron has 20 seconds left.\n|inactive|Girthatron has 15 seconds left.\n|inactive|Girthatron has 10 seconds left.\n|\n|t:|1700367797\n|move|p2b: Maushold|Population Bomb|p2a: Mudsdale\n|-damage|p2a: Mudsdale|97\/100\n|-ability|p2a: Mudsdale|Stamina|boost\n|-boost|p2a: Mudsdale|def|1\n|-damage|p2a: Mudsdale|95\/100\n|-ability|p2a: Mudsdale|Stamina|boost\n|-boost|p2a: Mudsdale|def|1\n|-damage|p2a: Mudsdale|93\/100\n|-ability|p2a: Mudsdale|Stamina|boost\n|-boost|p2a: Mudsdale|def|1\n|-damage|p2a: Mudsdale|91\/100\n|-ability|p2a: Mudsdale|Stamina|boost\n|-boost|p2a: Mudsdale|def|1\n|-damage|p2a: Mudsdale|90\/100\n|-ability|p2a: Mudsdale|Stamina|boost\n|-boost|p2a: Mudsdale|def|1\n|-damage|p2a: Mudsdale|89\/100\n|-ability|p2a: Mudsdale|Stamina|boost\n|-boost|p2a: Mudsdale|def|1\n|-damage|p2a: Mudsdale|88\/100\n|-damage|p2a: Mudsdale|86\/100\n|-damage|p2a: Mudsdale|86\/100\n|-damage|p2a: Mudsdale|85\/100\n|-hitcount|p2a: Mudsdale|10\n|move|p2a: Mudsdale|Body Press|p1a: Ursaluna\n|-supereffective|p1a: Ursaluna\n|-damage|p1a: Ursaluna|0 fnt\n|faint|p1a: Ursaluna\n|move|p1b: Cresselia|Trick Room|p1b: Cresselia\n|-fieldstart|move: Trick Room|[of] p1b: Cresselia\n|\n|upkeep\n|\n|t:|1700367812\n|switch|p1a: Flutter Mane|Flutter Mane, L50|100\/100\n|turn|2\n|\n|t:|1700367829\n|switch|p1b: Sinistcha|Sinistcha, L50|100\/100\n|-terastallize|p2a: Mudsdale|Steel\n|move|p2a: Mudsdale|Heavy Slam|p1a: Flutter Mane\n|-supereffective|p1a: Flutter Mane\n|-enditem|p1a: Flutter Mane|Focus Sash\n|-damage|p1a: Flutter Mane|1\/100\n|move|p2b: Maushold|Super Fang|p1b: Sinistcha\n|-immune|p1b: Sinistcha\n|move|p1a: Flutter Mane|Moonblast|p2a: Mudsdale\n|-resisted|p2a: Mudsdale\n|-damage|p2a: Mudsdale|74\/100\n|\n|upkeep\n|turn|3\n|inactive|Papa lays has 30 seconds left.\n|\n|t:|1700367864\n|-terastallize|p1a: Flutter Mane|Ghost\n|move|p1b: Sinistcha|Rage Powder|p1b: Sinistcha\n|-singleturn|p1b: Sinistcha|move: Rage Powder\n|move|p2b: Maushold|Follow Me|p2b: Maushold\n|-singleturn|p2b: Maushold|move: Follow Me\n|move|p2a: Mudsdale|Heavy Slam|p1b: Sinistcha\n|-damage|p1b: Sinistcha|56\/100\n|move|p1a: Flutter Mane|Shadow Ball|p2b: Maushold\n|-immune|p2b: Maushold\n|\n|upkeep\n|turn|4\n|\n|t:|1700367881\n|move|p1a: Flutter Mane|Protect|p1a: Flutter Mane\n|-singleturn|p1a: Flutter Mane|Protect\n|move|p2b: Maushold|Follow Me|p2b: Maushold\n|-singleturn|p2b: Maushold|move: Follow Me\n|move|p2a: Mudsdale|Heavy Slam|p1b: Sinistcha\n|-damage|p1b: Sinistcha|7\/100\n|-enditem|p1b: Sinistcha|Sitrus Berry|[eat]\n|-heal|p1b: Sinistcha|32\/100|[from] item: Sitrus Berry\n|move|p1b: Sinistcha|Strength Sap|p2b: Maushold\n|-unboost|p2b: Maushold|atk|1\n|-heal|p1b: Sinistcha|80\/100\n|\n|upkeep\n|turn|5\n|\n|t:|1700367904\n|move|p1b: Sinistcha|Rage Powder|p1b: Sinistcha\n|-singleturn|p1b: Sinistcha|move: Rage Powder\n|move|p2b: Maushold|Follow Me|p2b: Maushold\n|-singleturn|p2b: Maushold|move: Follow Me\n|move|p2a: Mudsdale|Heavy Slam|p1b: Sinistcha\n|-damage|p1b: Sinistcha|36\/100\n|move|p1a: Flutter Mane|Shadow Ball|p2b: Maushold\n|-immune|p2b: Maushold\n|\n|-fieldend|move: Trick Room\n|upkeep\n|turn|6\n|\n|t:|1700367920\n|move|p1a: Flutter Mane|Protect|p1a: Flutter Mane\n|-singleturn|p1a: Flutter Mane|Protect\n|move|p2b: Maushold|Follow Me|p2b: Maushold\n|-singleturn|p2b: Maushold|move: Follow Me\n|move|p1b: Sinistcha|Strength Sap|p2b: Maushold\n|-unboost|p2b: Maushold|atk|1\n|-heal|p1b: Sinistcha|67\/100\n|move|p2a: Mudsdale|Heavy Slam|p1b: Sinistcha\n|-damage|p1b: Sinistcha|24\/100\n|\n|upkeep\n|turn|7\n|\n|t:|1700367938\n|move|p1b: Sinistcha|Protect|p1b: Sinistcha\n|-singleturn|p1b: Sinistcha|Protect\n|move|p2b: Maushold|Follow Me|p2b: Maushold\n|-singleturn|p2b: Maushold|move: Follow Me\n|move|p1a: Flutter Mane|Moonblast|p2b: Maushold\n|-damage|p2b: Maushold|32\/100\n|move|p2a: Mudsdale|Heavy Slam|p1b: Sinistcha\n|-activate|p1b: Sinistcha|move: Protect\n|\n|upkeep\n|turn|8\n|\n|t:|1700367957\n|move|p2b: Maushold|Follow Me|p2b: Maushold\n|-singleturn|p2b: Maushold|move: Follow Me\n|move|p1a: Flutter Mane|Dazzling Gleam|p2b: Maushold|[spread] p2a,p2b\n|-resisted|p2a: Mudsdale\n|-damage|p2a: Mudsdale|68\/100\n|-damage|p2b: Maushold|0 fnt\n|faint|p2b: Maushold\n|move|p1b: Sinistcha|Matcha Gotcha|p2a: Mudsdale\n|-resisted|p2a: Mudsdale\n|-damage|p2a: Mudsdale|60\/100\n|-heal|p1b: Sinistcha|28\/100|[from] drain|[of] p2a: Mudsdale\n|move|p2a: Mudsdale|Rock Slide|p1a: Flutter Mane|[spread] p1b\n|-miss|p2a: Mudsdale|p1a: Flutter Mane\n|-damage|p1b: Sinistcha|13\/100\n|\n|upkeep\n|\n|t:|1700367973\n|switch|p2b: Sinistcha|Sinistcha-Masterpiece, L50|100\/100\n|-heal|p2a: Mudsdale|85\/100|[from] ability: Hospitality|[of] p2b: Sinistcha\n|turn|9\n|\n|t:|1700367989\n|switch|p2a: Politoed|Politoed, L50, F|100\/100\n|-weather|RainDance|[from] ability: Drizzle|[of] p2a: Politoed\n|move|p1a: Flutter Mane|Shadow Ball|p2a: Politoed\n|-damage|p2a: Politoed|44\/100\n|move|p2b: Sinistcha|Matcha Gotcha|p1a: Flutter Mane|[spread] p1a\n|-miss|p2b: Sinistcha|p1b: Sinistcha\n|-damage|p1a: Flutter Mane|0 fnt\n|faint|p1a: Flutter Mane\n|-end|p1a: Flutter Mane|Protosynthesis|[silent]\n|move|p1b: Sinistcha|Strength Sap|p2a: Politoed\n|-unboost|p2a: Politoed|atk|1\n|-heal|p1b: Sinistcha|53\/100\n|\n|-weather|RainDance|[upkeep]\n|-heal|p2a: Politoed|50\/100|[from] item: Leftovers\n|upkeep\n|\n|t:|1700368005\n|switch|p1a: Cresselia|Cresselia, L50, F|100\/100\n|turn|10\n|\n|t:|1700368013\n|switch|p2b: Mudsdale|Mudsdale, L50, F, tera:Steel|85\/100\n|move|p2a: Politoed|Perish Song|p2a: Politoed\n|-start|p1a: Cresselia|perish3|[silent]\n|-start|p1b: Sinistcha|perish3|[silent]\n|-start|p2a: Politoed|perish3|[silent]\n|-start|p2b: Mudsdale|perish3|[silent]\n|-fieldactivate|move: Perish Song\n|move|p1a: Cresselia|Ice Beam|p2b: Mudsdale\n|-resisted|p2b: Mudsdale\n|-damage|p2b: Mudsdale|81\/100\n|-ability|p2b: Mudsdale|Stamina|boost\n|-boost|p2b: Mudsdale|def|1\n|move|p1b: Sinistcha|Matcha Gotcha|p2b: Mudsdale|[spread] p2a,p2b\n|-supereffective|p2a: Politoed\n|-resisted|p2b: Mudsdale\n|-damage|p2a: Politoed|12\/100\n|-heal|p1b: Sinistcha|74\/100|[from] drain|[of] p2a: Politoed\n|-damage|p2b: Mudsdale|75\/100\n|-heal|p1b: Sinistcha|77\/100|[from] drain|[of] p2b: Mudsdale\n|-status|p2b: Mudsdale|brn\n|-ability|p2b: Mudsdale|Stamina|boost\n|-boost|p2b: Mudsdale|def|1\n|\n|-weather|RainDance|[upkeep]\n|-heal|p2a: Politoed|18\/100|[from] item: Leftovers\n|-damage|p2b: Mudsdale|70\/100 brn|[from] brn\n|-start|p2a: Politoed|perish3\n|-start|p1a: Cresselia|perish3\n|-start|p1b: Sinistcha|perish3\n|-start|p2b: Mudsdale|perish3\n|upkeep\n|turn|11\n|-message|Girthatron forfeited.\n|\n|win|Papa lays\n|raw|Girthatron's rating: 1496 &rarr; <strong>1472<\/strong><br \/>(-24 for losing)\n|raw|Papa lays's rating: 1424 &rarr; <strong>1448<\/strong><br \/>(+24 for winning)\n|l|\u2606Girthatron\n","uploadtime":1700368109,"views":8,"p1id":"girthatron","p2id":"papalays","formatid":"gen9vgc2023regulatione","rating":1448,"private":0,"password":""}