{"id":"gen9vgc2023regulatione-1991423099","p1":"Conchoboar","p2":"ItoshiSae95","format":"[Gen 9] VGC 2023 Regulation E","log":"|j|\u2606Conchoboar\n|j|\u2606ItoshiSae95\n|t:|1700075857\n|gametype|doubles\n|player|p1|Conchoboar|266|1426\n|player|p2|ItoshiSae95|101|1526\n|teamsize|p1|6\n|teamsize|p2|6\n|gen|9\n|tier|[Gen 9] VGC 2023 Regulation E\n|rated|\n|rule|Species Clause: Limit one of each Pok\u00e9mon\n|rule|Item Clause: Limit one of each item\n|clearpoke\n|poke|p1|Mamoswine, L50, M|\n|poke|p1|Iron Hands, L50|\n|poke|p1|Tornadus, L50, M|\n|poke|p1|Grimmsnarl, L50, M|\n|poke|p1|Flutter Mane, L50|\n|poke|p1|Heatran, L50, F|\n|poke|p2|Ursaluna, L50, F|\n|poke|p2|Cresselia, L50, F|\n|poke|p2|Iron Hands, L50|\n|poke|p2|Urshifu-*, L50, M|\n|poke|p2|Flutter Mane, L50|\n|poke|p2|Tornadus, L50, M|\n|teampreview|4\n|inactive|Battle timer is ON: inactive players will automatically lose when time's up. (requested by ItoshiSae95)\n|inactive|Conchoboar has 60 seconds left.\n|inactive|ItoshiSae95 has 60 seconds left.\n|\n|t:|1700075914\n|start\n|switch|p1a: Grimmsnarl|Grimmsnarl, L50, M|100\/100\n|switch|p1b: Iron Hands|Iron Hands, L50|100\/100\n|switch|p2a: Ursaluna|Ursaluna, L50, F|100\/100\n|switch|p2b: Cresselia|Cresselia, L50, F|100\/100\n|turn|1\n|inactive|Conchoboar has 30 seconds left.\n|inactive|Conchoboar has 20 seconds left.\n|\n|t:|1700075949\n|-terastallize|p2a: Ursaluna|Ghost\n|move|p2b: Cresselia|Helping Hand|p2a: Ursaluna\n|-singleturn|p2a: Ursaluna|Helping Hand|[of] p2b: Cresselia\n|move|p1a: Grimmsnarl|Reflect|p1a: Grimmsnarl\n|-sidestart|p1: Conchoboar|Reflect\n|move|p1b: Iron Hands|Volt Switch|p2b: Cresselia\n|-damage|p2b: Cresselia|93\/100\n|\n|t:|1700075955\n|-end|p1b: Iron Hands|Quark Drive|[silent]\n|switch|p1b: Flutter Mane|Flutter Mane, L50, shiny|100\/100|[from] Volt Switch\n|-enditem|p1b: Flutter Mane|Booster Energy\n|-activate|p1b: Flutter Mane|ability: Protosynthesis|[fromitem]\n|-start|p1b: Flutter Mane|protosynthesisspa\n|move|p2a: Ursaluna|Earthquake|p1a: Grimmsnarl|[spread] p1a,p1b\n|-immune|p2b: Cresselia|[from] ability: Levitate\n|-crit|p1a: Grimmsnarl\n|-damage|p1a: Grimmsnarl|21\/100\n|-damage|p1b: Flutter Mane|28\/100\n|\n|-status|p2a: Ursaluna|brn|[from] item: Flame Orb\n|upkeep\n|turn|2\n|\n|t:|1700075970\n|move|p2a: Ursaluna|Protect|p2a: Ursaluna\n|-singleturn|p2a: Ursaluna|Protect\n|move|p1b: Flutter Mane|Shadow Ball|p2b: Cresselia\n|-supereffective|p2b: Cresselia\n|-damage|p2b: Cresselia|20\/100\n|move|p1a: Grimmsnarl|Spirit Break|p2b: Cresselia\n|-damage|p2b: Cresselia|0 fnt\n|faint|p2b: Cresselia\n|\n|-damage|p2a: Ursaluna|95\/100 brn|[from] brn\n|upkeep\n|\n|t:|1700075978\n|switch|p2b: Urshifu|Urshifu-Rapid-Strike, L50, M|100\/100\n|turn|3\n|\n|t:|1700075989\n|move|p2b: Urshifu|Surging Strikes|p1b: Flutter Mane\n|-crit|p1b: Flutter Mane\n|-damage|p1b: Flutter Mane|0 fnt\n|faint|p1b: Flutter Mane\n|-end|p1b: Flutter Mane|Protosynthesis|[silent]\n|-hitcount|p1: Flutter Mane|1\n|move|p1a: Grimmsnarl|Spirit Break|p2b: Urshifu\n|-supereffective|p2b: Urshifu\n|-damage|p2b: Urshifu|41\/100\n|-unboost|p2b: Urshifu|spa|1\n|move|p2a: Ursaluna|Facade|p1a: Grimmsnarl\n|-damage|p1a: Grimmsnarl|0 fnt\n|faint|p1a: Grimmsnarl\n|\n|-damage|p2a: Ursaluna|89\/100 brn|[from] brn\n|upkeep\n|\n|t:|1700075992\n|switch|p1b: Iron Hands|Iron Hands, L50|100\/100\n|switch|p1a: Mamoswine|Mamoswine, L50, M|100\/100\n|turn|4\n|\n|t:|1700076016\n|switch|p2b: Iron Hands|Iron Hands, L50|100\/100\n|-terastallize|p1a: Mamoswine|Dragon\n|move|p1a: Mamoswine|Icicle Crash|p2a: Ursaluna\n|-damage|p2a: Ursaluna|48\/100 brn\n|move|p1b: Iron Hands|Thunder Punch|p2b: Iron Hands\n|-resisted|p2b: Iron Hands\n|-damage|p2b: Iron Hands|85\/100\n|cant|p2a: Ursaluna|flinch\n|\n|-damage|p2a: Ursaluna|42\/100 brn|[from] brn\n|upkeep\n|turn|5\n|inactive|ItoshiSae95 has 30 seconds left.\n|inactive|ItoshiSae95 has 20 seconds left.\n|\n|t:|1700076055\n|move|p1a: Mamoswine|Protect|p1a: Mamoswine\n|-singleturn|p1a: Mamoswine|Protect\n|move|p2b: Iron Hands|Fake Out|p1b: Iron Hands\n|-damage|p1b: Iron Hands|93\/100\n|cant|p1b: Iron Hands|flinch\n|move|p2a: Ursaluna|Facade|p1b: Iron Hands\n|-damage|p1b: Iron Hands|29\/100\n|\n|-damage|p2a: Ursaluna|36\/100 brn|[from] brn\n|upkeep\n|turn|6\n|\n|t:|1700076069\n|move|p1a: Mamoswine|High Horsepower|p2b: Iron Hands\n|-supereffective|p2b: Iron Hands\n|-damage|p2b: Iron Hands|12\/100\n|move|p1b: Iron Hands|Thunder Punch|p2a: Ursaluna\n|-damage|p2a: Ursaluna|6\/100 brn\n|move|p2b: Iron Hands|Drain Punch|p1a: Mamoswine\n|-damage|p1a: Mamoswine|68\/100\n|-heal|p2b: Iron Hands|25\/100|[from] drain|[of] p1a: Mamoswine\n|move|p2a: Ursaluna|Facade|p1a: Mamoswine\n|-damage|p1a: Mamoswine|0 fnt\n|faint|p1a: Mamoswine\n|\n|-damage|p2a: Ursaluna|0 fnt|[from] brn\n|faint|p2a: Ursaluna\n|upkeep\n|\n|t:|1700076081\n|switch|p2a: Urshifu|Urshifu-Rapid-Strike, L50, M|41\/100\n|turn|7\n|\n|t:|1700076085\n|move|p2a: Urshifu|Surging Strikes|p1b: Iron Hands\n|-crit|p1b: Iron Hands\n|-damage|p1b: Iron Hands|12\/100\n|-crit|p1b: Iron Hands\n|-damage|p1b: Iron Hands|0 fnt\n|faint|p1b: Iron Hands\n|-end|p1b: Iron Hands|Quark Drive|[silent]\n|-hitcount|p1: Iron Hands|2\n|\n|win|ItoshiSae95\n|raw|Conchoboar's rating: 1426 &rarr; <strong>1412<\/strong><br \/>(-14 for losing)\n|raw|ItoshiSae95's rating: 1526 &rarr; <strong>1540<\/strong><br \/>(+14 for winning)\n|l|\u2606ItoshiSae95\n","uploadtime":1700076093,"views":15,"p1id":"conchoboar","p2id":"itoshisae95","formatid":"gen9vgc2023regulatione","rating":1412,"private":0,"password":""}