{"id":"gen9vgc2023regulatione-1998095708","p1":"azubbang","p2":"iamapelican","format":"[Gen 9] VGC 2023 Regulation E","log":"|j|\u2606azubbang\n|j|\u2606iamapelican\n|n|\u2606azubbang|azubbang\n|n|\u2606iamapelican|iamapelican\n|html|View the match progress at <a href=\"\/game-bestof3-gen9vgc2023regulatione-1998095707\">game-bestof3-gen9vgc2023regulatione-1998095707<\/a>\n|t:|1700890547\n|gametype|doubles\n|player|p1|azubbang|nurse|\n|player|p2|iamapelican|rosa|\n|teamsize|p1|6\n|teamsize|p2|6\n|gen|9\n|tier|[Gen 9] VGC 2023 Regulation E\n|rule|Species Clause: Limit one of each Pok\u00e9mon\n|rule|Item Clause: Limit one of each item\n|clearpoke\n|poke|p1|Thundurus-Therian, L50, M|\n|poke|p1|Heatran, L50, M|\n|poke|p1|Roaring Moon, L50|\n|poke|p1|Ogerpon-Wellspring, L50, F|\n|poke|p1|Weezing, L50, F|\n|poke|p1|Landorus-Therian, L50, M|\n|poke|p2|Thundurus-Therian, L50, M|\n|poke|p2|Heatran, L50, M|\n|poke|p2|Roaring Moon, L50|\n|poke|p2|Ogerpon-Wellspring, L50, F|\n|poke|p2|Weezing, L50, M|\n|poke|p2|Landorus-Therian, L50, M|\n|teampreview|4\nazubbang has agreed to open team sheets.\niamapelican has agreed to open team sheets.\n|showteam|p1|Thundurus-Therian||AssaultVest|VoltAbsorb|Thunderbolt,WildboltStorm,GrassKnot,VoltSwitch|||M|||50|,,,,,Steel]Heatran||LifeOrb|FlashFire|Protect,HeatWave,FlashCannon,EarthPower|||M|||50|,,,,,Fairy]Roaring Moon||BoosterEnergy|Protosynthesis|Protect,KnockOff,Acrobatics,Tailwind||||||50|,,,,,Flying]Ogerpon-Wellspring||WellspringMask|WaterAbsorb|SpikyShield,IvyCudgel,HornLeech,SwordsDance|||F|||50|,,,,,Water]Weezing||SitrusBerry|NeutralizingGas|Protect,GunkShot,WillOWisp,Taunt|||F|||50|,,,,,Ghost]Landorus-Therian||ChoiceBand|Intimidate|StompingTantrum,RockTomb,TeraBlast,Uturn|||M|||50|,,,,,Ground\n|showteam|p2|Thundurus-Therian||AssaultVest|VoltAbsorb|Thunderbolt,WildboltStorm,GrassKnot,VoltSwitch|||M|||50|,,,,,Steel]Heatran||LifeOrb|FlashFire|Protect,HeatWave,FlashCannon,EarthPower|||M|||50|,,,,,Fairy]Roaring Moon||BoosterEnergy|Protosynthesis|Protect,KnockOff,Acrobatics,Tailwind||||||50|,,,,,Flying]Ogerpon-Wellspring||WellspringMask|WaterAbsorb|SpikyShield,IvyCudgel,HornLeech,SwordsDance|||F|||50|,,,,,Water]Weezing||SitrusBerry|NeutralizingGas|Protect,GunkShot,WillOWisp,Taunt|||M|||50|,,,,,Ghost]Landorus-Therian||ChoiceBand|Intimidate|StompingTantrum,RockTomb,TeraBlast,Uturn|||M|||50|,,,,,Ground\n|\n|t:|1700890595\n|start\n|switch|p1a: Landorus|Landorus-Therian, L50, M|100\/100\n|switch|p1b: Roaring Moon|Roaring Moon, L50|100\/100\n|switch|p2a: Roaring Moon|Roaring Moon, L50|100\/100\n|switch|p2b: Landorus|Landorus-Therian, L50, M|100\/100\n|-ability|p1a: Landorus|Intimidate|boost\n|-unboost|p2a: Roaring Moon|atk|1\n|-unboost|p2b: Landorus|atk|1\n|-ability|p2b: Landorus|Intimidate|boost\n|-unboost|p1a: Landorus|atk|1\n|-unboost|p1b: Roaring Moon|atk|1\n|-enditem|p2a: Roaring Moon|Booster Energy\n|-activate|p2a: Roaring Moon|ability: Protosynthesis|[fromitem]\n|-start|p2a: Roaring Moon|protosynthesisspe\n|-enditem|p1b: Roaring Moon|Booster Energy\n|-activate|p1b: Roaring Moon|ability: Protosynthesis|[fromitem]\n|-start|p1b: Roaring Moon|protosynthesisspe\n|turn|1\n|\n|t:|1700890637\n|move|p2a: Roaring Moon|Protect|p2a: Roaring Moon\n|-singleturn|p2a: Roaring Moon|Protect\n|move|p1b: Roaring Moon|Tailwind|p1b: Roaring Moon\n|-sidestart|p1: azubbang|move: Tailwind\n|move|p1a: Landorus|U-turn|p2a: Roaring Moon\n|-activate|p2a: Roaring Moon|move: Protect\n|move|p2b: Landorus|U-turn|p1b: Roaring Moon\n|-supereffective|p1b: Roaring Moon\n|-damage|p1b: Roaring Moon|20\/100\n|\n|t:|1700890655\n|switch|p2b: Ogerpon|Ogerpon-Wellspring, L50, F|100\/100|[from] U-turn\n|\n|upkeep\n|turn|2\n|\n|t:|1700890692\n|-terastallize|p2a: Roaring Moon|Flying\n|move|p1b: Roaring Moon|Knock Off|p2a: Roaring Moon\n|-damage|p2a: Roaring Moon|70\/100\n|move|p2a: Roaring Moon|Acrobatics|p1a: Landorus\n|-damage|p1a: Landorus|59\/100\n|move|p1a: Landorus|U-turn|p2a: Roaring Moon\n|-resisted|p2a: Roaring Moon\n|-damage|p2a: Roaring Moon|52\/100\n|\n|t:|1700890701\n|switch|p1a: Ogerpon|Ogerpon-Wellspring, L50, F|100\/100|[from] U-turn\n|move|p2b: Ogerpon|Swords Dance|p2b: Ogerpon\n|-boost|p2b: Ogerpon|atk|2\n|\n|upkeep\n|turn|3\n|\n|t:|1700890735\n|move|p1b: Roaring Moon|Acrobatics|p2b: Ogerpon\n|-supereffective|p2b: Ogerpon\n|-damage|p2b: Ogerpon|41\/100\n|move|p1a: Ogerpon|Horn Leech|p2b: Ogerpon\n|-damage|p2b: Ogerpon|0 fnt\n|faint|p2b: Ogerpon\n|move|p2a: Roaring Moon|Tailwind|p2a: Roaring Moon\n|-sidestart|p2: iamapelican|move: Tailwind\n|\n|upkeep\n|\n|t:|1700890749\n|switch|p2b: Landorus|Landorus-Therian, L50, M|100\/100\n|-ability|p2b: Landorus|Intimidate|boost\n|-unboost|p1a: Ogerpon|atk|1\n|-unboost|p1b: Roaring Moon|atk|1\n|turn|4\n|\n|t:|1700890808\n|-end|p1b: Roaring Moon|Protosynthesis|[silent]\n|switch|p1b: Landorus|Landorus-Therian, L50, M|59\/100\n|-ability|p1b: Landorus|Intimidate|boost\n|-unboost|p2a: Roaring Moon|atk|1\n|-unboost|p2b: Landorus|atk|1\n|switch|p2b: Thundurus|Thundurus-Therian, L50, M|100\/100\n|-terastallize|p1a: Ogerpon|Water\n|detailschange|p1a: Ogerpon|Ogerpon-Wellspring-Tera, L50, F, tera:Water\n|-ability|p1a: Ogerpon|Embody Aspect (Wellspring)|boost\n|-boost|p1a: Ogerpon|spd|1\n|move|p2a: Roaring Moon|Acrobatics|p1a: Ogerpon\n|-damage|p1a: Ogerpon|68\/100\n|move|p1a: Ogerpon|Ivy Cudgel|p2b: Thundurus|[anim] Ivy Cudgel Water\n|-damage|p2b: Thundurus|28\/100\n|\n|-sideend|p1: azubbang|move: Tailwind\n|upkeep\n|turn|5\n|\n|t:|1700890857\n|move|p2a: Roaring Moon|Knock Off|p1b: Landorus\n|-damage|p1b: Landorus|31\/100\n|-enditem|p1b: Landorus|Choice Band|[from] move: Knock Off|[of] p2a: Roaring Moon\n|move|p2b: Thundurus|Grass Knot|p1b: Landorus\n|-damage|p1b: Landorus|0 fnt\n|faint|p1b: Landorus\n|move|p1a: Ogerpon|Ivy Cudgel|p2b: Thundurus|[anim] Ivy Cudgel Water\n|-damage|p2b: Thundurus|0 fnt\n|faint|p2b: Thundurus\n|\n|upkeep\n|\n|t:|1700890871\n|switch|p2b: Landorus|Landorus-Therian, L50, M|100\/100\n|switch|p1b: Roaring Moon|Roaring Moon, L50|20\/100\n|-ability|p2b: Landorus|Intimidate|boost\n|-unboost|p1a: Ogerpon|atk|1\n|-unboost|p1b: Roaring Moon|atk|1\n|turn|6\n|\n|t:|1700890917\n|switch|p1a: Heatran|Heatran, L50, M|100\/100\n|move|p1b: Roaring Moon|Protect|p1b: Roaring Moon\n|-singleturn|p1b: Roaring Moon|Protect\n|move|p2a: Roaring Moon|Knock Off|p2b: Landorus\n|-damage|p2b: Landorus|72\/100\n|-enditem|p2b: Landorus|Choice Band|[from] move: Knock Off|[of] p2a: Roaring Moon\n|move|p2b: Landorus|Tera Blast|p1b: Roaring Moon\n|-activate|p1b: Roaring Moon|move: Protect\n|\n|-sideend|p2: iamapelican|move: Tailwind\n|upkeep\n|turn|7\n|\n|t:|1700890975\n|move|p2a: Roaring Moon|Tailwind|p2a: Roaring Moon\n|-sidestart|p2: iamapelican|move: Tailwind\n|move|p2b: Landorus|Stomping Tantrum|p1a: Heatran\n|-supereffective|p1a: Heatran\n|-damage|p1a: Heatran|0 fnt\n|faint|p1a: Heatran\n|move|p1b: Roaring Moon|Tailwind|p1b: Roaring Moon\n|-sidestart|p1: azubbang|move: Tailwind\n|\n|upkeep\n|\n|t:|1700890982\n|switch|p1a: Ogerpon|Ogerpon-Wellspring-Tera, L50, F, tera:Water|68\/100\n|-ability|p1a: Ogerpon|Embody Aspect (Wellspring)|boost\n|-boost|p1a: Ogerpon|spd|1\n|turn|8\n|c|\u2606azubbang|!data\n|c|\u2606azubbang|!data roaring moon\n|raw|<div class=\"message\"><ul class=\"utilichart\"><li class=\"result\"><span class=\"col numcol\">DOU<\/span> <span class=\"col iconcol\"><psicon pokemon=\"roaringmoon\"\/><\/span> <span class=\"col pokemonnamecol\" style=\"white-space:nowrap\"><a href=\"https:\/\/dex.pokemonshowdown.com\/pokemon\/roaringmoon\" target=\"_blank\">Roaring Moon<\/a><\/span> <span class=\"col typecol\"><img src=\"https:\/\/play.pokemonshowdown.com\/sprites\/types\/Dragon.png\" alt=\"Dragon\" height=\"14\" width=\"32\"><img src=\"https:\/\/play.pokemonshowdown.com\/sprites\/types\/Dark.png\" alt=\"Dark\" height=\"14\" width=\"32\"><\/span> <span style=\"float:left;min-height:26px\"><span class=\"col abilitycol\">Protosynthesis<\/span><span class=\"col abilitycol\"><\/span><\/span><span style=\"float:left;min-height:26px\"><span class=\"col statcol\"><em>HP<\/em><br \/>105<\/span> <span class=\"col statcol\"><em>Atk<\/em><br \/>139<\/span> <span class=\"col statcol\"><em>Def<\/em><br \/>71<\/span> <span class=\"col statcol\"><em>SpA<\/em><br \/>55<\/span> <span class=\"col statcol\"><em>SpD<\/em><br \/>101<\/span> <span class=\"col statcol\"><em>Spe<\/em><br \/>119<\/span> <span class=\"col bstcol\"><em>BST<br \/>590<\/em><\/span> <\/span><\/li><li style=\"clear:both\"><\/li><\/ul><\/div>\n\n|\n|t:|1700891057\n|move|p2a: Roaring Moon|Acrobatics|p1b: Roaring Moon\n|-damage|p1b: Roaring Moon|0 fnt\n|faint|p1b: Roaring Moon\n|-end|p1b: Roaring Moon|Protosynthesis|[silent]\n|move|p1a: Ogerpon|Ivy Cudgel|p2b: Landorus|[anim] Ivy Cudgel Water\n|-supereffective|p2b: Landorus\n|-damage|p2b: Landorus|0 fnt\n|faint|p2b: Landorus\n|\n|upkeep\n|turn|9\n|\n|t:|1700891069\n|move|p2a: Roaring Moon|Acrobatics|p1a: Ogerpon\n|-damage|p1a: Ogerpon|39\/100\n|move|p1a: Ogerpon|Ivy Cudgel|p2a: Roaring Moon|[anim] Ivy Cudgel Water\n|-crit|p2a: Roaring Moon\n|-damage|p2a: Roaring Moon|0 fnt\n|faint|p2a: Roaring Moon\n|-end|p2a: Roaring Moon|Protosynthesis|[silent]\n|\n|win|azubbang\n|inactive|azubbang has 50 seconds to confirm battle start!\n|inactive|iamapelican has 50 seconds to confirm battle start!\n|c|&|\/uhtml prompt-azubbang,azubbang is ready for game 2!\n|c|&|\/uhtml prompt-iamapelican,iamapelican is ready for game 2!\nBoth players are ready! Starting next match!\n","uploadtime":1700891749,"views":3,"p1id":"azubbang","p2id":"iamapelican","formatid":"gen9vgc2023regulatione","rating":0,"private":0,"password":""}