{"id":"gen9vgc2023regulatione-1999888786","p1":"SukiLycaenion","p2":"Jecovah","format":"[Gen 9] VGC 2023 Regulation E","log":"|j|\u203dSukiLycaenion\n|j|\u2606Jecovah\n|t:|1701126650\n|gametype|doubles\n|player|p1|SukiLycaenion|caitlin|1000\n|player|p2|Jecovah|clair|1015\n|teamsize|p1|6\n|teamsize|p2|6\n|gen|9\n|tier|[Gen 9] VGC 2023 Regulation E\n|rated|\n|rule|Species Clause: Limit one of each Pok\u00e9mon\n|rule|Item Clause: Limit one of each item\n|clearpoke\n|poke|p1|Raichu-Alola, L50, M|\n|poke|p1|Ninetales, L50, M|\n|poke|p1|Pincurchin, L50, M|\n|poke|p1|Flutter Mane, L50|\n|poke|p1|Lilligant-Hisui, L50, F|\n|poke|p1|Salamence, L50, M|\n|poke|p2|Ninetales-Alola, L50, F|\n|poke|p2|Dachsbun, L50, F|\n|poke|p2|Iron Bundle, L50|\n|poke|p2|Heatran, L50, M|\n|poke|p2|Chi-Yu, L50|\n|poke|p2|Rillaboom, L50, F|\n|teampreview|4\n|inactive|Battle timer is ON: inactive players will automatically lose when time's up. (requested by SukiLycaenion)\n|inactive|SukiLycaenion has 60 seconds left.\n|\n|t:|1701126707\n|start\n|switch|p1a: Raichu|Raichu-Alola, L50, M|100\/100\n|switch|p1b: Pincurchin|Pincurchin, L50, M|100\/100\n|switch|p2a: Dachsbun|Dachsbun, L50, F, shiny|100\/100\n|switch|p2b: Queen Aurorar|Ninetales-Alola, L50, F|100\/100\n|-weather|Snow|[from] ability: Snow Warning|[of] p2b: Queen Aurorar\n|-fieldstart|move: Electric Terrain|[from] ability: Electric Surge|[of] p1b: Pincurchin\n|-enditem|p1a: Raichu|Electric Seed\n|-boost|p1a: Raichu|def|1|[from] item: Electric Seed\n|turn|1\n|inactive|Jecovah has 30 seconds left.\n|inactive|Jecovah has 20 seconds left.\n|\n|t:|1701126745\n|move|p1a: Raichu|Calm Mind|p1a: Raichu\n|-boost|p1a: Raichu|spa|1\n|-boost|p1a: Raichu|spd|1\n|move|p2b: Queen Aurorar|Aurora Veil|p2b: Queen Aurorar\n|-sidestart|p2: Jecovah|move: Aurora Veil\n|move|p2a: Dachsbun|Snarl|p1a: Raichu|[spread] p1a,p1b\n|-supereffective|p1a: Raichu\n|-damage|p1a: Raichu|90\/100\n|-damage|p1b: Pincurchin|91\/100\n|-unboost|p1a: Raichu|spa|1\n|-unboost|p1b: Pincurchin|spa|1\n|move|p1b: Pincurchin|Toxic Spikes|p2b: Queen Aurorar\n|-sidestart|p2: Jecovah|move: Toxic Spikes\n|\n|-weather|Snow|[upkeep]\n|upkeep\n|turn|2\n|\n|t:|1701126765\n|move|p1a: Raichu|Calm Mind|p1a: Raichu\n|-boost|p1a: Raichu|spa|1\n|-boost|p1a: Raichu|spd|1\n|move|p2b: Queen Aurorar|Blizzard|p1b: Pincurchin|[spread] p1a,p1b\n|-crit|p1b: Pincurchin\n|-damage|p1a: Raichu|71\/100\n|-damage|p1b: Pincurchin|35\/100\n|-enditem|p1b: Pincurchin|Sitrus Berry|[eat]\n|-heal|p1b: Pincurchin|59\/100|[from] item: Sitrus Berry\n|move|p2a: Dachsbun|Yawn|p1a: Raichu\n|-activate|p1a: Raichu|move: Electric Terrain\n|move|p1b: Pincurchin|Toxic Spikes|p2b: Queen Aurorar\n|-sidestart|p2: Jecovah|move: Toxic Spikes\n|\n|-weather|Snow|[upkeep]\n|upkeep\n|turn|3\n|\n|t:|1701126787\n|move|p2b: Queen Aurorar|Protect|p2b: Queen Aurorar\n|-singleturn|p2b: Queen Aurorar|Protect\n|move|p2a: Dachsbun|Protect|p2a: Dachsbun\n|-singleturn|p2a: Dachsbun|Protect\n|move|p1a: Raichu|Calm Mind|p1a: Raichu\n|-boost|p1a: Raichu|spa|1\n|-boost|p1a: Raichu|spd|1\n|move|p1b: Pincurchin|Thunder Wave|p2b: Queen Aurorar\n|-activate|p2b: Queen Aurorar|move: Protect\n|\n|-weather|Snow|[upkeep]\n|upkeep\n|turn|4\n|\n|t:|1701126811\n|switch|p2b: Heatran|Heatran, L50, M, shiny|100\/100\n|move|p1a: Raichu|Calm Mind|p1a: Raichu\n|-boost|p1a: Raichu|spa|1\n|-boost|p1a: Raichu|spd|1\n|move|p2a: Dachsbun|Body Press|p1b: Pincurchin\n|-damage|p1b: Pincurchin|28\/100\n|move|p1b: Pincurchin|Thunder Wave|p2b: Heatran\n|-status|p2b: Heatran|par\n|\n|-weather|Snow|[upkeep]\n|upkeep\n|turn|5\n|\n|t:|1701126835\n|move|p1a: Raichu|Stored Power|p2a: Dachsbun\n|-damage|p2a: Dachsbun|0 fnt\n|faint|p2a: Dachsbun\n|move|p2b: Heatran|Lava Plume|p1a: Raichu|[spread] p1a,p1b\n|-damage|p1a: Raichu|54\/100\n|-damage|p1b: Pincurchin|0 fnt\n|faint|p1b: Pincurchin\n|-damage|p2b: Heatran|91\/100 par|[from] item: Life Orb\n|\n|-weather|none\n|-fieldend|move: Electric Terrain\n|upkeep\n|\n|t:|1701126851\n|switch|p2a: Queen Aurorar|Ninetales-Alola, L50, F|100\/100\n|switch|p1b: Salamence|Salamence, L50, M|100\/100\n|-status|p2a: Queen Aurorar|tox\n|-weather|Snow|[from] ability: Snow Warning|[of] p2a: Queen Aurorar\n|-ability|p1b: Salamence|Intimidate|boost\n|-unboost|p2a: Queen Aurorar|atk|1\n|-unboost|p2b: Heatran|atk|1\n|turn|6\n|\n|t:|1701126865\n|switch|p2b: Iron Bundle|Iron Bundle, L50, shiny|100\/100\n|-status|p2b: Iron Bundle|tox\n|-enditem|p2b: Iron Bundle|Booster Energy\n|-activate|p2b: Iron Bundle|ability: Quark Drive|[fromitem]\n|-start|p2b: Iron Bundle|quarkdrivespe\n|move|p1a: Raichu|Stored Power|p2a: Queen Aurorar\n|-damage|p2a: Queen Aurorar|0 fnt\n|faint|p2a: Queen Aurorar\n|move|p1b: Salamence|Dragon Dance|p1b: Salamence\n|-boost|p1b: Salamence|atk|1\n|-boost|p1b: Salamence|spe|1\n|\n|-weather|Snow|[upkeep]\n|-damage|p2b: Iron Bundle|94\/100 tox|[from] psn\n|upkeep\n|\n|t:|1701126878\n|switch|p2a: Heatran|Heatran, L50, M, shiny|91\/100 par\n|turn|7\n|inactive|SukiLycaenion has 30 seconds left.\n|inactive|SukiLycaenion has 20 seconds left.\n|\n|t:|1701126916\n|move|p2b: Iron Bundle|Blizzard|p1b: Salamence|[spread] p1a,p1b\n|-supereffective|p1b: Salamence\n|-damage|p1a: Raichu|38\/100\n|-damage|p1b: Salamence|0 fnt\n|faint|p1b: Salamence\n|move|p1a: Raichu|Stored Power|p2b: Iron Bundle\n|-damage|p2b: Iron Bundle|0 fnt\n|faint|p2b: Iron Bundle\n|-end|p2b: Iron Bundle|Quark Drive|[silent]\n|move|p2a: Heatran|Heat Wave|p1a: Raichu\n|-damage|p1a: Raichu|9\/100\n|-damage|p2a: Heatran|81\/100 par|[from] item: Life Orb\n|\n|-weather|Snow|[upkeep]\n|upkeep\n|\n|t:|1701126930\n|switch|p1b: Lilligant|Lilligant-Hisui, L50, F|100\/100\n|turn|8\n|inactive|Jecovah has 30 seconds left.\n|inactive|Jecovah has 20 seconds left.\n|inactive|Jecovah has 15 seconds left.\n|\n|t:|1701126970\n|move|p1a: Raichu|Stored Power|p2a: Heatran\n|-resisted|p2a: Heatran\n|-damage|p2a: Heatran|33\/100 par\n|move|p1b: Lilligant|Axe Kick|p2a: Heatran\n|-supereffective|p2a: Heatran\n|-damage|p2a: Heatran|0 fnt\n|faint|p2a: Heatran\n|\n|win|SukiLycaenion\n|raw|SukiLycaenion's rating: 1000 &rarr; <strong>1042<\/strong><br \/>(+42 for winning)\n|raw|Jecovah's rating: 1015 &rarr; <strong>1002<\/strong><br \/>(-13 for losing)\n|l|\u2606Jecovah\n","uploadtime":1701126981,"views":2,"p1id":"sukilycaenion","p2id":"jecovah","formatid":"gen9vgc2023regulatione","rating":1002,"private":0,"password":""}