{"id":"gen9vgc2023regulatione-1990148415","p1":"Drago637272746","p2":"Dalutiz","format":"[Gen 9] VGC 2023 Regulation E","log":"|j|\u2606Drago637272746\n|j|\u2606Dalutiz\n|t:|1699929854\n|gametype|doubles\n|player|p1|Drago637272746|streetthug|1084\n|player|p2|Dalutiz|norman|1079\n|teamsize|p1|6\n|teamsize|p2|6\n|gen|9\n|tier|[Gen 9] VGC 2023 Regulation E\n|rated|\n|rule|Species Clause: Limit one of each Pok\u00e9mon\n|rule|Item Clause: Limit one of each item\n|clearpoke\n|poke|p1|Ninetales-Alola, L50, M|\n|poke|p1|Iron Bundle, L50|\n|poke|p1|Landorus-Therian, L50, M|\n|poke|p1|Rillaboom, L50, F|\n|poke|p1|Heatran, L50, M|\n|poke|p1|Okidogi, L50, M|\n|poke|p2|Dragonite, L50, M|\n|poke|p2|Chien-Pao, L50|\n|poke|p2|Urshifu-*, L50, F|\n|poke|p2|Rillaboom, L50, M|\n|poke|p2|Ogerpon-Hearthflame, L50, F|\n|poke|p2|Gothitelle, L50, M|\n|teampreview|4\n|\n|t:|1699929901\n|start\n|switch|p1a: Sully|Landorus-Therian, L50, M|100\/100\n|switch|p1b: Ruby|Ninetales-Alola, L50, M, shiny|100\/100\n|switch|p2a: G\u00f3tica|Gothitelle, L50, M|100\/100\n|switch|p2b: Urshitop|Urshifu-Rapid-Strike, L50, F|100\/100\n|-weather|Snow|[from] ability: Snow Warning|[of] p1b: Ruby\n|-ability|p1a: Sully|Intimidate|boost\n|-unboost|p2a: G\u00f3tica|atk|1\n|-unboost|p2b: Urshitop|atk|1\n|turn|1\n|\n|t:|1699929921\n|-terastallize|p1a: Sully|Flying\n|move|p2a: G\u00f3tica|Fake Out|p1b: Ruby\n|-damage|p1b: Ruby|97\/100\n|move|p2b: Urshitop|Surging Strikes|p1a: Sully\n|-crit|p1a: Sully\n|-damage|p1a: Sully|80\/100\n|-crit|p1a: Sully\n|-damage|p1a: Sully|58\/100\n|-crit|p1a: Sully\n|-damage|p1a: Sully|34\/100\n|-hitcount|p1a: Sully|3\n|cant|p1b: Ruby|flinch\n|move|p1a: Sully|U-turn|p2a: G\u00f3tica\n|-supereffective|p2a: G\u00f3tica\n|-crit|p2a: G\u00f3tica\n|-damage|p2a: G\u00f3tica|20\/100\n|-enditem|p2a: G\u00f3tica|Sitrus Berry|[eat]\n|-heal|p2a: G\u00f3tica|45\/100|[from] item: Sitrus Berry\n|\n|t:|1699929937\n|switch|p1a: Funky Kong|Rillaboom, L50, F|100\/100|[from] U-turn\n|-fieldstart|move: Grassy Terrain|[from] ability: Grassy Surge|[of] p1a: Funky Kong\n|\n|-weather|Snow|[upkeep]\n|-heal|p1b: Ruby|100\/100|[from] Grassy Terrain\n|-heal|p2a: G\u00f3tica|51\/100|[from] Grassy Terrain\n|upkeep\n|turn|2\n|\n|t:|1699929963\n|move|p2a: G\u00f3tica|Helping Hand|p2b: Urshitop\n|-singleturn|p2b: Urshitop|Helping Hand|[of] p2a: G\u00f3tica\n|move|p2b: Urshitop|Surging Strikes|p1b: Ruby\n|-crit|p1b: Ruby\n|-damage|p1b: Ruby|68\/100\n|-crit|p1b: Ruby\n|-damage|p1b: Ruby|36\/100\n|-crit|p1b: Ruby\n|-damage|p1b: Ruby|6\/100\n|-hitcount|p1b: Ruby|3\n|move|p1b: Ruby|Aurora Veil|p1b: Ruby\n|-sidestart|p1: Drago637272746|move: Aurora Veil\n|move|p1a: Funky Kong|Wood Hammer|p2b: Urshitop\n|-supereffective|p2b: Urshitop\n|-damage|p2b: Urshitop|0 fnt\n|faint|p2b: Urshitop\n|-damage|p1a: Funky Kong|71\/100|[from] Recoil\n|\n|-weather|Snow|[upkeep]\n|-heal|p1b: Ruby|12\/100|[from] Grassy Terrain\n|-heal|p1a: Funky Kong|77\/100|[from] Grassy Terrain\n|-heal|p2a: G\u00f3tica|57\/100|[from] Grassy Terrain\n|upkeep\n|\n|t:|1699929978\n|switch|p2b: Nite|Dragonite, L50, M|100\/100\n|turn|3\n|\n|t:|1699929992\n|move|p1b: Ruby|Protect|p1b: Ruby\n|-singleturn|p1b: Ruby|Protect\n|move|p2a: G\u00f3tica|Protect|p2a: G\u00f3tica\n|-singleturn|p2a: G\u00f3tica|Protect\n|move|p2b: Nite|Extreme Speed|p1b: Ruby\n|-activate|p1b: Ruby|move: Protect\n|move|p1a: Funky Kong|Wood Hammer|p2a: G\u00f3tica\n|-activate|p2a: G\u00f3tica|move: Protect\n|\n|-weather|Snow|[upkeep]\n|-heal|p1b: Ruby|18\/100|[from] Grassy Terrain\n|-heal|p1a: Funky Kong|83\/100|[from] Grassy Terrain\n|-heal|p2a: G\u00f3tica|64\/100|[from] Grassy Terrain\n|upkeep\n|turn|4\n|\n|t:|1699930000\n|move|p2b: Nite|Extreme Speed|p1b: Ruby\n|-damage|p1b: Ruby|0 fnt\n|faint|p1b: Ruby\n|move|p1a: Funky Kong|Wood Hammer|p2a: G\u00f3tica\n|-damage|p2a: G\u00f3tica|0 fnt\n|faint|p2a: G\u00f3tica\n|-damage|p1a: Funky Kong|65\/100|[from] Recoil\n|\n|-weather|Snow|[upkeep]\n|-heal|p1a: Funky Kong|71\/100|[from] Grassy Terrain\n|upkeep\n|\n|t:|1699930007\n|switch|p1b: Pingu|Iron Bundle, L50, shiny|100\/100\n|switch|p2a: Pao|Chien-Pao, L50|100\/100\n|-ability|p2a: Pao|Sword of Ruin\n|-enditem|p1b: Pingu|Booster Energy\n|-activate|p1b: Pingu|ability: Quark Drive|[fromitem]\n|-start|p1b: Pingu|quarkdrivespe\n|turn|5\n|\n|t:|1699930021\n|switch|p1a: Sully|Landorus-Therian, L50, M, tera:Flying|34\/100\n|-ability|p1a: Sully|Intimidate|boost\n|-unboost|p2a: Pao|atk|1\n|-fail|p2b: Nite|unboost|Attack|[from] ability: Inner Focus|[of] p2b: Nite\n|-terastallize|p2b: Nite|Normal\n|move|p1b: Pingu|Protect|p1b: Pingu\n|-singleturn|p1b: Pingu|Protect\n|move|p2b: Nite|Extreme Speed|p1b: Pingu\n|-activate|p1b: Pingu|move: Protect\n|move|p2a: Pao|Sucker Punch||[still]\n|-fail|p2a: Pao\n|\n|-weather|none\n|-fieldend|move: Grassy Terrain\n|upkeep\n|turn|6\n|\n|t:|1699930049\n|move|p2b: Nite|Extreme Speed|p1b: Pingu\n|-damage|p1b: Pingu|52\/100\n|move|p1b: Pingu|Encore|p2a: Pao\n|-start|p2a: Pao|Encore\n|move|p2a: Pao|Sucker Punch||[still]\n|-fail|p2a: Pao\n|move|p1a: Sully|Rock Slide|p2a: Pao|[spread] p2a,p2b\n|-supereffective|p2a: Pao\n|-damage|p2a: Pao|29\/100\n|-damage|p2b: Nite|61\/100\n|\n|upkeep\n|turn|7\n|\n|t:|1699930069\n|switch|p1a: Funky Kong|Rillaboom, L50, F|71\/100\n|-fieldstart|move: Grassy Terrain|[from] ability: Grassy Surge|[of] p1a: Funky Kong\n|move|p2b: Nite|Extreme Speed|p1a: Funky Kong\n|-damage|p1a: Funky Kong|30\/100\n|-enditem|p1a: Funky Kong|Sitrus Berry|[eat]\n|-heal|p1a: Funky Kong|55\/100|[from] item: Sitrus Berry\n|move|p2a: Pao|Sucker Punch|p1b: Pingu\n|-damage|p1b: Pingu|23\/100\n|move|p1b: Pingu|Icy Wind|p2b: Nite|[spread] p2b\n|-miss|p1b: Pingu|p2a: Pao\n|-damage|p2b: Nite|49\/100\n|-unboost|p2b: Nite|spe|1\n|\n|-heal|p1b: Pingu|29\/100|[from] Grassy Terrain\n|-heal|p2a: Pao|34\/100|[from] Grassy Terrain\n|-heal|p1a: Funky Kong|61\/100|[from] Grassy Terrain\n|-heal|p2b: Nite|54\/100|[from] Grassy Terrain\n|upkeep\n|turn|8\n|\n|t:|1699930098\n|move|p2b: Nite|Extreme Speed|p1b: Pingu\n|-damage|p1b: Pingu|0 fnt\n|faint|p1b: Pingu\n|-end|p1b: Pingu|Quark Drive|[silent]\n|move|p2a: Pao|Sucker Punch|p1a: Funky Kong\n|-damage|p1a: Funky Kong|39\/100\n|move|p1a: Funky Kong|Grassy Glide|p2a: Pao\n|-damage|p2a: Pao|0 fnt\n|faint|p2a: Pao\n|\n|-heal|p1a: Funky Kong|45\/100|[from] Grassy Terrain\n|-heal|p2b: Nite|60\/100|[from] Grassy Terrain\n|upkeep\n|\n|t:|1699930101\n|switch|p1b: Sully|Landorus-Therian, L50, M, tera:Flying|34\/100\n|-ability|p1b: Sully|Intimidate|boost\n|-fail|p2b: Nite|unboost|Attack|[from] ability: Inner Focus|[of] p2b: Nite\n|turn|9\n|\n|t:|1699930119\n|move|p2b: Nite|Extreme Speed|p1b: Sully\n|-damage|p1b: Sully|5\/100\n|move|p1b: Sully|Tera Blast|p2b: Nite|[anim] Tera Blast Flying\n|-damage|p2b: Nite|0 fnt\n|faint|p2b: Nite\n|\n|win|Drago637272746\n|raw|Drago637272746's rating: 1084 &rarr; <strong>1111<\/strong><br \/>(+27 for winning)\n|raw|Dalutiz's rating: 1079 &rarr; <strong>1057<\/strong><br \/>(-22 for losing)\n|l|\u2606Dalutiz\n","uploadtime":1699930128,"views":7,"p1id":"drago637272746","p2id":"dalutiz","formatid":"gen9vgc2023regulatione","rating":1057,"private":0,"password":""}