{"id":"gen9vgc2023regulatione-1994313803","p1":"Pink_SSB","p2":"rainlover78","format":"[Gen 9] VGC 2023 Regulation E","log":"|j|\u2606Pink_SSB\n|j|\u2606rainlover78\n|n|\u2606Pink_SSB|pinkssb\n|n|\u2606rainlover78|rainlover78\n|html|View the match progress at <a href=\"\/game-bestof3-gen9vgc2023regulatione-1994313802\">game-bestof3-gen9vgc2023regulatione-1994313802<\/a>\n|t:|1700430057\n|gametype|doubles\n|player|p1|Pink_SSB|1|\n|player|p2|rainlover78|n|\n|teamsize|p1|6\n|teamsize|p2|6\n|gen|9\n|tier|[Gen 9] VGC 2023 Regulation E\n|rule|Species Clause: Limit one of each Pok\u00e9mon\n|rule|Item Clause: Limit one of each item\n|clearpoke\n|poke|p1|Eiscue, L50, F|\n|poke|p1|Iron Hands, L50|\n|poke|p1|Sinistcha, L50|\n|poke|p1|Landorus-Therian, L50, M|\n|poke|p1|Heatran, L50, M|\n|poke|p1|Flutter Mane, L50|\n|poke|p2|Flutter Mane, L50|\n|poke|p2|Roaring Moon, L50|\n|poke|p2|Weezing, L50, M|\n|poke|p2|Landorus-Therian, L50, M|\n|poke|p2|Iron Hands, L50|\n|poke|p2|Ogerpon-Wellspring, L50, F|\n|teampreview|4\nrainlover78 has agreed to open team sheets.\n|j| Van. Volcanucks\n|\n|t:|1700430130\n|start\n|switch|p1a: Uncle Lando|Landorus-Therian, L50, M|100\/100\n|switch|p1b: Tera-Ass|Heatran, L50, M|100\/100\n|switch|p2a: Landorus|Landorus-Therian, L50, M|100\/100\n|switch|p2b: Roaring Moon|Roaring Moon, L50|100\/100\n|-ability|p1a: Uncle Lando|Intimidate|boost\n|-unboost|p2a: Landorus|atk|1\n|-unboost|p2b: Roaring Moon|atk|1\n|-ability|p2a: Landorus|Intimidate|boost\n|-unboost|p1a: Uncle Lando|atk|1\n|-unboost|p1b: Tera-Ass|atk|1\n|-enditem|p2b: Roaring Moon|Booster Energy\n|-activate|p2b: Roaring Moon|ability: Protosynthesis|[fromitem]\n|-start|p2b: Roaring Moon|protosynthesisspe\n|turn|1\n|inactive|Battle timer is ON: inactive players will automatically lose when time's up. (requested by Pink_SSB)\n|\n|t:|1700430203\n|move|p1b: Tera-Ass|Protect|p1b: Tera-Ass\n|-singleturn|p1b: Tera-Ass|Protect\n|move|p2b: Roaring Moon|Knock Off|p1a: Uncle Lando\n|-damage|p1a: Uncle Lando|64\/100\n|-enditem|p1a: Uncle Lando|Choice Scarf|[from] move: Knock Off|[of] p2b: Roaring Moon\n|move|p2a: Landorus|Stomping Tantrum|p1b: Tera-Ass\n|-activate|p1b: Tera-Ass|move: Protect\n|move|p1a: Uncle Lando|U-turn|p2a: Landorus\n|-resisted|p2a: Landorus\n|-damage|p2a: Landorus|91\/100\n|\n|t:|1700430214\n|switch|p1a: Brian Hands|Iron Hands, L50|100\/100|[from] U-turn\n|\n|upkeep\n|turn|2\n|inactive|rainlover78 has 30 seconds left.\n|inactive|rainlover78 has 20 seconds left.\n|inactive|rainlover78 has 15 seconds left.\n|inactive|rainlover78 has 10 seconds left.\n|\n|t:|1700430263\n|switch|p2a: Flutter Mane|Flutter Mane, L50|100\/100\n|switch|p1b: Uncle Lando|Landorus-Therian, L50, M|64\/100\n|-ability|p1b: Uncle Lando|Intimidate|boost\n|-unboost|p2a: Flutter Mane|atk|1\n|-unboost|p2b: Roaring Moon|atk|1\n|move|p2b: Roaring Moon|Knock Off|p1a: Brian Hands\n|-resisted|p1a: Brian Hands\n|-damage|p1a: Brian Hands|92\/100\n|-enditem|p1a: Brian Hands|Assault Vest|[from] move: Knock Off|[of] p2b: Roaring Moon\n|move|p1a: Brian Hands|Drain Punch|p2b: Roaring Moon\n|-supereffective|p2b: Roaring Moon\n|-damage|p2b: Roaring Moon|14\/100\n|-heal|p1a: Brian Hands|100\/100|[from] drain|[of] p2b: Roaring Moon\n|\n|upkeep\n|turn|3\n|inactive|rainlover78 has 30 seconds left.\n|\n|t:|1700430297\n|-terastallize|p1a: Brian Hands|Water\n|move|p2b: Roaring Moon|Protect|p2b: Roaring Moon\n|-singleturn|p2b: Roaring Moon|Protect\n|move|p2a: Flutter Mane|Dazzling Gleam|p1a: Brian Hands|[spread] p1a,p1b\n|-damage|p1a: Brian Hands|63\/100\n|-damage|p1b: Uncle Lando|15\/100\n|move|p1b: Uncle Lando|U-turn|p2b: Roaring Moon\n|-activate|p2b: Roaring Moon|move: Protect\n|move|p1a: Brian Hands|Heavy Slam|p2a: Flutter Mane\n|-supereffective|p2a: Flutter Mane\n|-damage|p2a: Flutter Mane|0 fnt\n|faint|p2a: Flutter Mane\n|-end|p2a: Flutter Mane|Protosynthesis|[silent]\n|\n|upkeep\n|\n|t:|1700430313\n|switch|p2a: Iron Hands|Iron Hands, L50|100\/100\n|turn|4\n|\n|t:|1700430328\n|switch|p1b: Tera-Ass|Heatran, L50, M|100\/100\n|move|p2a: Iron Hands|Fake Out|p1a: Brian Hands\n|-damage|p1a: Brian Hands|53\/100\n|move|p2b: Roaring Moon|Acrobatics|p1b: Tera-Ass\n|-resisted|p1b: Tera-Ass\n|-damage|p1b: Tera-Ass|93\/100\n|cant|p1a: Brian Hands|flinch\n|\n|-heal|p1b: Tera-Ass|99\/100|[from] item: Leftovers\n|upkeep\n|turn|5\n|inactive|rainlover78 has 30 seconds left.\n|inactive|rainlover78 has 20 seconds left.\n|inactive|rainlover78 has 15 seconds left.\n|\n|t:|1700430368\n|-end|p1a: Brian Hands|Quark Drive|[silent]\n|switch|p1a: Uncle Lando|Landorus-Therian, L50, M|15\/100\n|-ability|p1a: Uncle Lando|Intimidate|boost\n|-unboost|p2a: Iron Hands|atk|1\n|-unboost|p2b: Roaring Moon|atk|1\n|move|p2b: Roaring Moon|Protect|p2b: Roaring Moon\n|-singleturn|p2b: Roaring Moon|Protect\n|move|p1b: Tera-Ass|Heat Wave|p2a: Iron Hands|[spread] p2a\n|-activate|p2b: Roaring Moon|move: Protect\n|-damage|p2a: Iron Hands|80\/100\n|move|p2a: Iron Hands|Drain Punch|p1b: Tera-Ass\n|-supereffective|p1b: Tera-Ass\n|-damage|p1b: Tera-Ass|53\/100\n|-heal|p2a: Iron Hands|99\/100|[from] drain|[of] p1b: Tera-Ass\n|\n|-heal|p1b: Tera-Ass|59\/100|[from] item: Leftovers\n|upkeep\n|turn|6\n|\n|t:|1700430390\n|switch|p1a: Brian Hands|Iron Hands, L50, tera:Water|53\/100\n|move|p2b: Roaring Moon|Acrobatics|p1a: Brian Hands\n|-damage|p1a: Brian Hands|42\/100\n|move|p1b: Tera-Ass|Flash Cannon|p2b: Roaring Moon\n|-damage|p2b: Roaring Moon|0 fnt\n|faint|p2b: Roaring Moon\n|-end|p2b: Roaring Moon|Protosynthesis|[silent]\n|move|p2a: Iron Hands|Drain Punch|p1b: Tera-Ass\n|-supereffective|p1b: Tera-Ass\n|-damage|p1b: Tera-Ass|12\/100\n|-heal|p2a: Iron Hands|100\/100|[from] drain|[of] p1b: Tera-Ass\n|\n|-heal|p1b: Tera-Ass|18\/100|[from] item: Leftovers\n|upkeep\n|\n|t:|1700430405\n|switch|p2b: Landorus|Landorus-Therian, L50, M|91\/100\n|-ability|p2b: Landorus|Intimidate|boost\n|-unboost|p1a: Brian Hands|atk|1\n|-unboost|p1b: Tera-Ass|atk|1\n|turn|7\n|inactive|rainlover78 has 30 seconds left.\n|\n|t:|1700430434\n|-end|p1a: Brian Hands|Quark Drive|[silent]\n|switch|p1a: Uncle Lando|Landorus-Therian, L50, M|15\/100\n|-ability|p1a: Uncle Lando|Intimidate|boost\n|-unboost|p2a: Iron Hands|atk|1\n|-unboost|p2b: Landorus|atk|1\n|move|p1b: Tera-Ass|Protect|p1b: Tera-Ass\n|-singleturn|p1b: Tera-Ass|Protect\n|move|p2b: Landorus|Rock Slide|p1b: Tera-Ass|[spread] p1a\n|-activate|p1b: Tera-Ass|move: Protect\n|-damage|p1a: Uncle Lando|0 fnt\n|faint|p1a: Uncle Lando\n|move|p2a: Iron Hands|Drain Punch|p1b: Tera-Ass\n|-activate|p1b: Tera-Ass|move: Protect\n|\n|-heal|p1b: Tera-Ass|24\/100|[from] item: Leftovers\n|upkeep\n|\n|t:|1700430451\n|switch|p1a: Brian Hands|Iron Hands, L50, tera:Water|42\/100\n|turn|8\n|\n|t:|1700430470\n|move|p1a: Brian Hands|Fake Out|p2b: Landorus\n|-damage|p2b: Landorus|73\/100\n|cant|p2b: Landorus|flinch\n|move|p1b: Tera-Ass|Heat Wave|p2b: Landorus|[spread] p2a,p2b\n|-damage|p2a: Iron Hands|79\/100\n|-damage|p2b: Landorus|33\/100\n|move|p2a: Iron Hands|Volt Switch|p1a: Brian Hands\n|-supereffective|p1a: Brian Hands\n|-damage|p1a: Brian Hands|23\/100\n|\n|-heal|p1b: Tera-Ass|30\/100|[from] item: Leftovers\n|upkeep\n|turn|9\n|\n|t:|1700430487\n|move|p1b: Tera-Ass|Protect|p1b: Tera-Ass\n|-singleturn|p1b: Tera-Ass|Protect\n|move|p2b: Landorus|Rock Slide|p1b: Tera-Ass|[spread] p1a\n|-activate|p1b: Tera-Ass|move: Protect\n|-damage|p1a: Brian Hands|14\/100\n|move|p2a: Iron Hands|Drain Punch|p1b: Tera-Ass\n|-activate|p1b: Tera-Ass|move: Protect\n|cant|p1a: Brian Hands|flinch\n|\n|-heal|p1b: Tera-Ass|36\/100|[from] item: Leftovers\n|upkeep\n|turn|10\n|\n|t:|1700430509\n|move|p2b: Landorus|Rock Slide|p1b: Tera-Ass|[spread] p1a,p1b\n|-damage|p1a: Brian Hands|5\/100\n|-damage|p1b: Tera-Ass|25\/100\n|move|p1b: Tera-Ass|Heat Wave|p2b: Landorus|[spread] p2a,p2b\n|-crit|p2a: Iron Hands\n|-damage|p2a: Iron Hands|52\/100\n|-damage|p2b: Landorus|0 fnt\n|faint|p2b: Landorus\n|move|p1a: Brian Hands|Drain Punch|p2a: Iron Hands\n|-damage|p2a: Iron Hands|22\/100\n|-heal|p1a: Brian Hands|19\/100|[from] drain|[of] p2a: Iron Hands\n|move|p2a: Iron Hands|Drain Punch|p1b: Tera-Ass\n|-supereffective|p1b: Tera-Ass\n|-damage|p1b: Tera-Ass|0 fnt\n|-heal|p2a: Iron Hands|33\/100|[from] drain|[of] p1b: Tera-Ass\n|faint|p1b: Tera-Ass\n|\n|upkeep\n|\n|t:|1700430519\n|switch|p1b: Flutter Mane|Flutter Mane, L50|100\/100\n|-enditem|p1b: Flutter Mane|Booster Energy\n|-activate|p1b: Flutter Mane|ability: Protosynthesis|[fromitem]\n|-start|p1b: Flutter Mane|protosynthesisspe\n|turn|11\n|\n|t:|1700430529\n|move|p1b: Flutter Mane|Moonblast|p2a: Iron Hands\n|-supereffective|p2a: Iron Hands\n|-damage|p2a: Iron Hands|0 fnt\n|faint|p2a: Iron Hands\n|-end|p2a: Iron Hands|Quark Drive|[silent]\n|\n|win|Pink_SSB\n|c|&|\/uhtml prompt-rainlover78,rainlover78 is ready for game 2!\n|c|&|\/uhtml prompt-pinkssb,Pink_SSB is ready for game 2!\nBoth players are ready! Starting next match!\n|l| Van. Volcanucks\n","uploadtime":1700430859,"views":5,"p1id":"pinkssb","p2id":"rainlover78","formatid":"gen9vgc2023regulatione","rating":0,"private":0,"password":""}