{"id":"gen9vgc2023regulatione-1998102270","p1":"mikn233","p2":"That_Leek","format":"[Gen 9] VGC 2023 Regulation E","log":"|j|\u2606mikn233\n|j|\u2606That_Leek\n|t:|1700891653\n|gametype|doubles\n|player|p1|mikn233|101|1380\n|player|p2|That_Leek|blue|1515\n|teamsize|p1|6\n|teamsize|p2|6\n|gen|9\n|tier|[Gen 9] VGC 2023 Regulation E\n|rated|\n|rule|Species Clause: Limit one of each Pok\u00e9mon\n|rule|Item Clause: Limit one of each item\n|clearpoke\n|poke|p1|Rabsca, L50, M|\n|poke|p1|Regieleki, L50|\n|poke|p1|Golem-Alola, L50, F|\n|poke|p1|Iron Hands, L50|\n|poke|p1|Torkoal, L50, F|\n|poke|p1|Ursaluna-Bloodmoon, L50, M|\n|poke|p2|Gholdengo, L50|\n|poke|p2|Ogerpon-Wellspring, L50, F|\n|poke|p2|Arcanine-Hisui, L50, F|\n|poke|p2|Chien-Pao, L50|\n|poke|p2|Scream Tail, L50|\n|poke|p2|Dragonite, L50, M|\n|teampreview|4\nThat_Leek has agreed to open team sheets.\n|\n|t:|1700891684\n|start\n|switch|p1a: Rabsca|Rabsca, L50, M, shiny|100\/100\n|switch|p1b: Golem|Golem-Alola, L50, F, shiny|100\/100\n|switch|p2a: Gholdengo|Gholdengo, L50|100\/100\n|switch|p2b: Ogerpon|Ogerpon-Wellspring, L50, F|100\/100\n|turn|1\n|\n|t:|1700891714\n|move|p2b: Ogerpon|Ivy Cudgel|p1b: Golem|[anim] Ivy Cudgel Water\n|-supereffective|p1b: Golem\n|-crit|p1b: Golem\n|-damage|p1b: Golem|0 fnt\n|faint|p1b: Golem\n|move|p2a: Gholdengo|Nasty Plot|p2a: Gholdengo\n|-boost|p2a: Gholdengo|spa|2\n|move|p1a: Rabsca|Trick Room|p1a: Rabsca\n|-fieldstart|move: Trick Room|[of] p1a: Rabsca\n|\n|upkeep\n|\n|t:|1700891727\n|switch|p1b: Torkoal|Torkoal, L50, F, shiny|100\/100\n|-weather|SunnyDay|[from] ability: Drought|[of] p1b: Torkoal\n|turn|2\n|\n|t:|1700891738\n|-terastallize|p2a: Gholdengo|Water\n|move|p1b: Torkoal|Eruption|p2a: Gholdengo|[spread] p2a,p2b\n|-resisted|p2a: Gholdengo\n|-damage|p2a: Gholdengo|53\/100\n|-damage|p2b: Ogerpon|20\/100\n|move|p1a: Rabsca|Revival Blessing|p1a: Rabsca\n|\n|t:|1700891744\n|-heal|p1: Golem|50\/100|[from] move: Revival Blessing\n|move|p2a: Gholdengo|Nasty Plot|p2a: Gholdengo\n|-boost|p2a: Gholdengo|spa|2\n|move|p2b: Ogerpon|Ivy Cudgel|p1b: Torkoal|[anim] Ivy Cudgel Water\n|-supereffective|p1b: Torkoal\n|-damage|p1b: Torkoal|55\/100\n|\n|-weather|SunnyDay|[upkeep]\n|upkeep\n|turn|3\n|\n|t:|1700891751\n|move|p2a: Gholdengo|Protect|p2a: Gholdengo\n|-singleturn|p2a: Gholdengo|Protect\n|move|p2b: Ogerpon|Spiky Shield|p2b: Ogerpon\n|-singleturn|p2b: Ogerpon|move: Protect\n|move|p1b: Torkoal|Heat Wave|p2a: Gholdengo|[spread] \n|-activate|p2a: Gholdengo|move: Protect\n|-activate|p2b: Ogerpon|move: Protect\n|move|p1a: Rabsca|Psychic|p2a: Gholdengo\n|-activate|p2a: Gholdengo|move: Protect\n|\n|-weather|SunnyDay|[upkeep]\n|upkeep\n|turn|4\n|\n|t:|1700891762\n|move|p1b: Torkoal|Heat Wave|p2a: Gholdengo|[spread] p2a,p2b\n|-resisted|p2a: Gholdengo\n|-damage|p2a: Gholdengo|27\/100\n|-damage|p2b: Ogerpon|0 fnt\n|-enditem|p2a: Gholdengo|Sitrus Berry|[eat]\n|-heal|p2a: Gholdengo|52\/100|[from] item: Sitrus Berry\n|faint|p2b: Ogerpon\n|move|p1a: Rabsca|Struggle Bug|p2a: Gholdengo\n|-damage|p2a: Gholdengo|30\/100\n|-unboost|p2a: Gholdengo|spa|1\n|move|p2a: Gholdengo|Make It Rain|p1b: Torkoal|[spread] p1a,p1b\n|-resisted|p1b: Torkoal\n|-damage|p1a: Rabsca|0 fnt\n|-damage|p1b: Torkoal|0 fnt\n|-unboost|p2a: Gholdengo|spa|1\n|faint|p1a: Rabsca\n|faint|p1b: Torkoal\n|\n|-weather|SunnyDay|[upkeep]\n|upkeep\n|\n|t:|1700891768\n|switch|p1b: Ursaluna|Ursaluna-Bloodmoon, L50, M|100\/100\n|switch|p1a: Golem|Golem-Alola, L50, F, shiny|50\/100\n|switch|p2b: Chien-Pao|Chien-Pao, L50|100\/100\n|-ability|p2b: Chien-Pao|Sword of Ruin\n|turn|5\n|\n|t:|1700891776\n|move|p2a: Gholdengo|Protect|p2a: Gholdengo\n|-singleturn|p2a: Gholdengo|Protect\n|move|p2b: Chien-Pao|Protect|p2b: Chien-Pao\n|-singleturn|p2b: Chien-Pao|Protect\n|move|p1a: Golem|Rock Slide|p2b: Chien-Pao|[spread] \n|-activate|p2a: Gholdengo|move: Protect\n|-activate|p2b: Chien-Pao|move: Protect\n|move|p1b: Ursaluna|Hyper Voice|p2a: Gholdengo|[spread] \n|-activate|p2a: Gholdengo|move: Protect\n|-activate|p2b: Chien-Pao|move: Protect\n|\n|-weather|SunnyDay|[upkeep]\n|-fieldend|move: Trick Room\n|upkeep\n|turn|6\n|\n|t:|1700891792\n|-terastallize|p1b: Ursaluna|Normal\n|move|p2b: Chien-Pao|Ice Spinner|p1b: Ursaluna\n|-damage|p1b: Ursaluna|62\/100\n|move|p2a: Gholdengo|Make It Rain|p1a: Golem|[spread] p1a,p1b\n|-damage|p1a: Golem|0 fnt\n|-damage|p1b: Ursaluna|0 fnt\n|-unboost|p2a: Gholdengo|spa|1\n|faint|p1a: Golem\n|faint|p1b: Ursaluna\n|\n|win|That_Leek\n|raw|mikn233's rating: 1380 &rarr; <strong>1367<\/strong><br \/>(-13 for losing)\n|raw|That_Leek's rating: 1515 &rarr; <strong>1528<\/strong><br \/>(+13 for winning)\n|l|\u2606mikn233\n","uploadtime":1700891809,"views":3,"p1id":"mikn233","p2id":"thatleek","formatid":"gen9vgc2023regulatione","rating":1367,"private":0,"password":""}