{"id":"gen9vgc2023regulatione-1997790546","p1":"DoggoGGO","p2":"igditsitsogc","format":"[Gen 9] VGC 2023 Regulation E","log":"|j|\u2606DoggoGGO\n|j|\u2606igditsitsogc\n|t:|1700853002\n|gametype|doubles\n|player|p1|DoggoGGO|pokemonrangerf|1073\n|player|p2|igditsitsogc|266|1000\n|teamsize|p1|6\n|teamsize|p2|6\n|gen|9\n|tier|[Gen 9] VGC 2023 Regulation E\n|rated|\n|rule|Species Clause: Limit one of each Pok\u00e9mon\n|rule|Item Clause: Limit one of each item\n|clearpoke\n|poke|p1|Toxapex, L50, F|\n|poke|p1|Wo-Chien, L50|\n|poke|p1|Clefairy, L50, F|\n|poke|p1|Ogerpon-Hearthflame, L50, F|\n|poke|p1|Iron Hands, L50|\n|poke|p1|Torterra, L50, F|\n|poke|p2|Ninetales-Alola, L50, M|\n|poke|p2|Iron Bundle, L50|\n|poke|p2|Sandy Shocks, L50|\n|poke|p2|Articuno, L50|\n|poke|p2|Kommo-o, L50, M|\n|poke|p2|Flutter Mane, L50|\n|teampreview|4\n|\n|t:|1700853039\n|start\n|switch|p1a: Toxapex|Toxapex, L50, F|100\/100\n|switch|p1b: Wo-Chien|Wo-Chien, L50|100\/100\n|switch|p2a: Ninetales|Ninetales-Alola, L50, M|100\/100\n|switch|p2b: Articuno|Articuno, L50|100\/100\n|-weather|Snow|[from] ability: Snow Warning|[of] p2a: Ninetales\n|-ability|p1b: Wo-Chien|Tablets of Ruin\n|turn|1\n|\n|t:|1700853075\n|move|p1b: Wo-Chien|Protect|p1b: Wo-Chien\n|-singleturn|p1b: Wo-Chien|Protect\n|move|p2a: Ninetales|Dazzling Gleam|p1b: Wo-Chien|[spread] p1a\n|-activate|p1b: Wo-Chien|move: Protect\n|-resisted|p1a: Toxapex\n|-damage|p1a: Toxapex|92\/100\n|move|p2b: Articuno|Blizzard|p1a: Toxapex|[spread] p1a\n|-activate|p1b: Wo-Chien|move: Protect\n|-resisted|p1a: Toxapex\n|-damage|p1a: Toxapex|77\/100\n|move|p1a: Toxapex|Infestation|p2a: Ninetales\n|-resisted|p2a: Ninetales\n|-damage|p2a: Ninetales|98\/100\n|-activate|p2a: Ninetales|move: Infestation|[of] p1a: Toxapex\n|\n|-weather|Snow|[upkeep]\n|-heal|p1a: Toxapex|83\/100|[from] item: Black Sludge\n|-damage|p2a: Ninetales|86\/100|[from] move: Infestation|[partiallytrapped]\n|upkeep\n|turn|2\n|\n|t:|1700853104\n|move|p2a: Ninetales|Aurora Veil|p2a: Ninetales\n|-sidestart|p2: igditsitsogc|move: Aurora Veil\n|move|p2b: Articuno|Hurricane|p1b: Wo-Chien\n|-supereffective|p1b: Wo-Chien\n|-damage|p1b: Wo-Chien|50\/100\n|move|p1b: Wo-Chien|Leech Seed|p2a: Ninetales\n|-start|p2a: Ninetales|move: Leech Seed\n|move|p1a: Toxapex|Infestation|p2b: Articuno\n|-resisted|p2b: Articuno\n|-damage|p2b: Articuno|99\/100\n|-activate|p2b: Articuno|move: Infestation|[of] p1a: Toxapex\n|\n|-weather|Snow|[upkeep]\n|-heal|p1b: Wo-Chien|57\/100|[from] item: Leftovers\n|-heal|p1a: Toxapex|88\/100|[from] item: Black Sludge\n|-damage|p2a: Ninetales|74\/100|[from] Leech Seed|[of] p1b: Wo-Chien\n|-heal|p1b: Wo-Chien|66\/100|[silent]\n|-damage|p2a: Ninetales|62\/100|[from] move: Infestation|[partiallytrapped]\n|-damage|p2b: Articuno|88\/100|[from] move: Infestation|[partiallytrapped]\n|upkeep\n|turn|3\n|\n|t:|1700853142\n|move|p1b: Wo-Chien|Protect|p1b: Wo-Chien\n|-singleturn|p1b: Wo-Chien|Protect\n|move|p1a: Toxapex|Baneful Bunker|p1a: Toxapex\n|-singleturn|p1a: Toxapex|move: Protect\n|move|p2a: Ninetales|Dazzling Gleam|p1b: Wo-Chien|[spread] \n|-activate|p1a: Toxapex|move: Protect\n|-activate|p1b: Wo-Chien|move: Protect\n|move|p2b: Articuno|Hurricane|p1b: Wo-Chien\n|-activate|p1b: Wo-Chien|move: Protect\n|\n|-weather|Snow|[upkeep]\n|-heal|p1b: Wo-Chien|72\/100|[from] item: Leftovers\n|-heal|p1a: Toxapex|94\/100|[from] item: Black Sludge\n|-damage|p2a: Ninetales|50\/100|[from] Leech Seed|[of] p1b: Wo-Chien\n|-heal|p1b: Wo-Chien|82\/100|[silent]\n|-damage|p2a: Ninetales|38\/100|[from] move: Infestation|[partiallytrapped]\n|-damage|p2b: Articuno|75\/100|[from] move: Infestation|[partiallytrapped]\n|upkeep\n|turn|4\n|\n|t:|1700853183\n|-terastallize|p1b: Wo-Chien|Water\n|move|p2a: Ninetales|Dazzling Gleam|p1a: Toxapex|[spread] p1a,p1b\n|-resisted|p1a: Toxapex\n|-crit|p1a: Toxapex\n|-damage|p1a: Toxapex|81\/100\n|-damage|p1b: Wo-Chien|70\/100\n|move|p2b: Articuno|Blizzard|p1a: Toxapex|[spread] p1a,p1b\n|-resisted|p1a: Toxapex\n|-resisted|p1b: Wo-Chien\n|-damage|p1a: Toxapex|65\/100\n|-damage|p1b: Wo-Chien|61\/100\n|-status|p1b: Wo-Chien|frz\n|cant|p1b: Wo-Chien|frz\n|move|p1a: Toxapex|Recover|p1a: Toxapex\n|-heal|p1a: Toxapex|100\/100\n|\n|-weather|Snow|[upkeep]\n|-heal|p1b: Wo-Chien|67\/100 frz|[from] item: Leftovers\n|-damage|p2a: Ninetales|26\/100|[from] Leech Seed|[of] p1b: Wo-Chien\n|-heal|p1b: Wo-Chien|77\/100 frz|[silent]\n|-damage|p2a: Ninetales|14\/100|[from] move: Infestation|[partiallytrapped]\n|-damage|p2b: Articuno|63\/100|[from] move: Infestation|[partiallytrapped]\n|upkeep\n|turn|5\n|-message|igditsitsogc forfeited.\n|\n|win|DoggoGGO\n|raw|DoggoGGO's rating: 1073 &rarr; <strong>1096<\/strong><br \/>(+23 for winning)\n|raw|igditsitsogc's rating: 1000 &rarr; <strong>1000<\/strong><br \/>(+0 for losing)\n|l|\u2606igditsitsogc\n","uploadtime":1700853212,"views":3,"p1id":"doggoggo","p2id":"igditsitsogc","formatid":"gen9vgc2023regulatione","rating":1000,"private":0,"password":""}