{"id":"gen9vgc2023regulatione-1999999135","p1":"Jhonnyflames","p2":"fitz + pottz vgc","format":"[Gen 9] VGC 2023 Regulation E","log":"|j|\u2606Jhonnyflames\n|j|\u203dfitz + pottz vgc\n|t:|1701139438\n|gametype|doubles\n|player|p1|Jhonnyflames|firebreather|1171\n|player|p2|fitz + pottz vgc|plasmagrunt|1260\n|teamsize|p1|6\n|teamsize|p2|6\n|gen|9\n|tier|[Gen 9] VGC 2023 Regulation E\n|rated|\n|rule|Species Clause: Limit one of each Pok\u00e9mon\n|rule|Item Clause: Limit one of each item\n|clearpoke\n|poke|p1|Bisharp, L50, F|\n|poke|p1|Baxcalibur, L50, M|\n|poke|p1|Ninetales-Alola, L50, F|\n|poke|p1|Frosmoth, L50, M|\n|poke|p1|Sableye, L50, M|\n|poke|p1|Landorus, L50, M|\n|poke|p2|Tauros-Paldea-Aqua, L50, M|\n|poke|p2|Froslass, L50, F|\n|poke|p2|Medicham, L50, M|\n|poke|p2|Arcanine-Hisui, L50, M|\n|poke|p2|Tornadus, L50, M|\n|poke|p2|Flutter Mane, L50|\n|teampreview|4\n|inactive|Battle timer is ON: inactive players will automatically lose when time's up. (requested by Jhonnyflames)\n|l|\u2606Jhonnyflames\n|inactive|Jhonnyflames disconnected and has a minute to reconnect!\n|player|p1|\nfitz + pottz vgc rejected open team sheets.\n|j|\u2606Jhonnyflames\n|inactive|Jhonnyflames reconnected and has 85 seconds left.\n|player|p1|Jhonnyflames|firebreather\n|inactive|fitz + pottz vgc has 60 seconds left.\n|\n|t:|1701139477\n|start\n|switch|p1a: Bisharp|Bisharp, L50, F, shiny|100\/100\n|switch|p1b: Ninetales|Ninetales-Alola, L50, F|100\/100\n|switch|p2a: Froslass|Froslass, L50, F|100\/100\n|switch|p2b: Tauros|Tauros-Paldea-Aqua, L50, M|100\/100\n|-weather|Snow|[from] ability: Snow Warning|[of] p1b: Ninetales\n|turn|1\n|inactive|Jhonnyflames has 30 seconds left.\n|\n|t:|1701139506\n|move|p1a: Bisharp|Sucker Punch|p2a: Froslass\n|-supereffective|p2a: Froslass\n|-damage|p2a: Froslass|21\/100\n|move|p2a: Froslass|Frost Breath|p2b: Tauros\n|-resisted|p2b: Tauros\n|-crit|p2b: Tauros\n|-damage|p2b: Tauros|90\/100\n|-setboost|p2b: Tauros|atk|6|[from] ability: Anger Point\n|move|p1b: Ninetales|Aurora Veil|p1b: Ninetales\n|-sidestart|p1: Jhonnyflames|move: Aurora Veil\n|move|p2b: Tauros|Rock Slide|p1b: Ninetales|[spread] p1a,p1b\n|-resisted|p1a: Bisharp\n|-supereffective|p1b: Ninetales\n|-damage|p1a: Bisharp|86\/100\n|-damage|p1b: Ninetales|17\/100\n|\n|-weather|Snow|[upkeep]\n|upkeep\n|turn|2\n|inactive|Jhonnyflames has 30 seconds left.\n|\n|t:|1701139538\n|move|p1a: Bisharp|Sucker Punch||[still]\n|-fail|p1a: Bisharp\n|move|p2a: Froslass|Will-O-Wisp|p1a: Bisharp\n|-status|p1a: Bisharp|brn\n|move|p1b: Ninetales|Moonblast|p2b: Tauros\n|-supereffective|p2b: Tauros\n|-damage|p2b: Tauros|26\/100\n|-unboost|p2b: Tauros|spa|1\n|move|p2b: Tauros|Rock Slide|p1a: Bisharp|[spread] p1a,p1b\n|-resisted|p1a: Bisharp\n|-supereffective|p1b: Ninetales\n|-damage|p1a: Bisharp|73\/100 brn\n|-damage|p1b: Ninetales|0 fnt\n|faint|p1b: Ninetales\n|\n|-weather|Snow|[upkeep]\n|-damage|p1a: Bisharp|67\/100 brn|[from] brn\n|upkeep\n|\n|t:|1701139560\n|switch|p1b: Baxcalibur|Baxcalibur, L50, M|100\/100\n|turn|3\n|inactive|fitz + pottz vgc has 30 seconds left.\n|\n|t:|1701139590\n|switch|p2a: Arcanine|Arcanine-Hisui, L50, M|100\/100\n|-ability|p2a: Arcanine|Intimidate|boost\n|-unboost|p1a: Bisharp|atk|1\n|-ability|p1a: Bisharp|Defiant|boost\n|-boost|p1a: Bisharp|atk|2\n|-unboost|p1b: Baxcalibur|atk|1\n|move|p1b: Baxcalibur|Ice Shard|p2b: Tauros\n|-resisted|p2b: Tauros\n|-damage|p2b: Tauros|14\/100\n|move|p2b: Tauros|Close Combat|p1b: Baxcalibur\n|-supereffective|p1b: Baxcalibur\n|-damage|p1b: Baxcalibur|0 fnt\n|-unboost|p2b: Tauros|def|1\n|-unboost|p2b: Tauros|spd|1\n|faint|p1b: Baxcalibur\n|move|p1a: Bisharp|Swords Dance|p1a: Bisharp\n|-boost|p1a: Bisharp|atk|2\n|\n|-weather|Snow|[upkeep]\n|-damage|p1a: Bisharp|61\/100 brn|[from] brn\n|upkeep\n|\n|t:|1701139599\n|switch|p1b: Landorus|Landorus, L50, M|100\/100\n|turn|4\n|inactive|Jhonnyflames has 30 seconds left.\n|\n|t:|1701139631\n|-terastallize|p2a: Arcanine|Grass\n|-terastallize|p1a: Bisharp|Poison\n|move|p1a: Bisharp|Sucker Punch|p2b: Tauros\n|-resisted|p2b: Tauros\n|-damage|p2b: Tauros|0 fnt\n|faint|p2b: Tauros\n|move|p1b: Landorus|Sandsear Storm|p2a: Arcanine\n|-resisted|p2a: Arcanine\n|-damage|p2a: Arcanine|52\/100\n|move|p2a: Arcanine|Flare Blitz|p1a: Bisharp\n|-damage|p1a: Bisharp|32\/100 brn\n|-damage|p2a: Arcanine|43\/100|[from] Recoil\n|-enditem|p2a: Arcanine|Sitrus Berry|[eat]\n|-heal|p2a: Arcanine|68\/100|[from] item: Sitrus Berry\n|\n|-weather|Snow|[upkeep]\n|-damage|p1a: Bisharp|26\/100 brn|[from] brn\n|upkeep\n|\n|t:|1701139648\n|switch|p2b: Medicham|Medicham, L50, M|100\/100\n|turn|5\n|inactive|Jhonnyflames has 30 seconds left.\n|inactive|fitz + pottz vgc has 30 seconds left.\n|inactive|Jhonnyflames has 20 seconds left.\n|inactive|Jhonnyflames has 15 seconds left.\n|\n|t:|1701139692\n|move|p1a: Bisharp|Sucker Punch|p2a: Arcanine\n|-damage|p2a: Arcanine|9\/100\n|move|p1b: Landorus|Sandsear Storm|p2a: Arcanine|[spread] p2a,p2b\n|-resisted|p2a: Arcanine\n|-damage|p2a: Arcanine|0 fnt\n|-enditem|p2b: Medicham|Focus Sash\n|-damage|p2b: Medicham|1\/100\n|faint|p2a: Arcanine\n|move|p2b: Medicham|Psych Up|p1a: Bisharp\n|-copyboost|p2b: Medicham|p1a: Bisharp|[from] move: Psych Up\n|\n|-weather|none\n|-damage|p1a: Bisharp|20\/100 brn|[from] brn\n|-sideend|p1: Jhonnyflames|move: Aurora Veil\n|upkeep\n|\n|t:|1701139704\n|switch|p2a: Froslass|Froslass, L50, F|21\/100\n|turn|6\n|\n|t:|1701139729\n|move|p2a: Froslass|Helping Hand|p2b: Medicham\n|-singleturn|p2b: Medicham|Helping Hand|[of] p2a: Froslass\n|move|p2b: Medicham|Bullet Punch|p1b: Landorus\n|-damage|p1b: Landorus|19\/100\n|move|p1a: Bisharp|Sucker Punch||[still]\n|-fail|p1a: Bisharp\n|move|p1b: Landorus|Psychic|p2b: Medicham\n|-damage|p2b: Medicham|0 fnt\n|faint|p2b: Medicham\n|\n|-damage|p1a: Bisharp|14\/100 brn|[from] brn\n|upkeep\n|turn|7\n|\n|t:|1701139751\n|move|p1a: Bisharp|Sucker Punch||[still]\n|-fail|p1a: Bisharp\n|move|p2a: Froslass|Disable|p1b: Landorus\n|-start|p1b: Landorus|Disable|Psychic\n|move|p1b: Landorus|Sandsear Storm|p2a: Froslass\n|-crit|p2a: Froslass\n|-damage|p2a: Froslass|0 fnt\n|faint|p2a: Froslass\n|\n|win|Jhonnyflames\n|raw|Jhonnyflames's rating: 1171 &rarr; <strong>1202<\/strong><br \/>(+31 for winning)\n|raw|fitz + pottz vgc's rating: 1260 &rarr; <strong>1229<\/strong><br \/>(-31 for losing)\n|l|\u203dfitz + pottz vgc\n","uploadtime":1701140241,"views":8,"p1id":"jhonnyflames","p2id":"fitzpottzvgc","formatid":"gen9vgc2023regulatione","rating":1202,"private":0,"password":""}