{"id":"gen9vgc2023regulatione-1992184971","p1":"Namiisback","p2":"Triple An Axel","format":"[Gen 9] VGC 2023 Regulation E","log":"|j|\u2606Namiisback\n|j|\u2606Triple An Axel\n|t:|1700162030\n|gametype|doubles\n|player|p1|Namiisback|170|1303\n|player|p2|Triple An Axel|blackbelt-gen4dp|1190\n|teamsize|p1|6\n|teamsize|p2|6\n|gen|9\n|tier|[Gen 9] VGC 2023 Regulation E\n|rated|\n|rule|Species Clause: Limit one of each Pok\u00e9mon\n|rule|Item Clause: Limit one of each item\n|clearpoke\n|poke|p1|Tornadus, L50, M|\n|poke|p1|Urshifu-*, L50, M|\n|poke|p1|Arcanine-Hisui, L50, F|\n|poke|p1|Rillaboom, L50, M|\n|poke|p1|Chien-Pao, L50|\n|poke|p1|Regieleki, L50|\n|poke|p2|Pelipper, L50, F|\n|poke|p2|Ogerpon-Wellspring, L50, F|\n|poke|p2|Amoonguss, L50, F|\n|poke|p2|Barraskewda, L50, M|\n|poke|p2|Tornadus, L50, M|\n|poke|p2|Iron Hands, L50|\n|teampreview|4\n|\n|t:|1700162067\n|start\n|switch|p1a: Chien-Pao|Chien-Pao, L50|100\/100\n|switch|p1b: Arcanine|Arcanine-Hisui, L50, F, shiny|100\/100\n|switch|p2a: Pelipper|Pelipper, L50, F|100\/100\n|switch|p2b: Barraskewda|Barraskewda, L50, M|100\/100\n|-ability|p1a: Chien-Pao|Sword of Ruin\n|-ability|p1b: Arcanine|Intimidate|boost\n|-unboost|p2a: Pelipper|atk|1\n|-unboost|p2b: Barraskewda|atk|1\n|-weather|RainDance|[from] ability: Drizzle|[of] p2a: Pelipper\n|turn|1\n|inactive|Battle timer is ON: inactive players will automatically lose when time's up. (requested by Namiisback)\n|\n|t:|1700162085\n|move|p1b: Arcanine|Extreme Speed|p2b: Barraskewda\n|-damage|p2b: Barraskewda|0 fnt\n|faint|p2b: Barraskewda\n|move|p1a: Chien-Pao|Icicle Crash|p2a: Pelipper\n|-damage|p2a: Pelipper|31\/100\n|move|p2a: Pelipper|Surf|p1a: Chien-Pao|[spread] p1a,p1b\n|-supereffective|p1b: Arcanine\n|-damage|p1a: Chien-Pao|19\/100\n|-damage|p1b: Arcanine|0 fnt\n|faint|p1b: Arcanine\n|\n|-weather|RainDance|[upkeep]\n|upkeep\n|\n|t:|1700162098\n|switch|p2b: Tornadus|Tornadus, L50, M|100\/100\n|switch|p1b: Urshifu|Urshifu-Rapid-Strike, L50, M|100\/100\n|turn|2\n|\n|t:|1700162119\n|move|p2b: Tornadus|Tailwind|p2b: Tornadus\n|-sidestart|p2: Triple An Axel|move: Tailwind\n|move|p1b: Urshifu|Aqua Jet|p2b: Tornadus\n|-crit|p2b: Tornadus\n|-damage|p2b: Tornadus|0 fnt\n|faint|p2b: Tornadus\n|move|p1a: Chien-Pao|Icicle Crash|p2a: Pelipper\n|-damage|p2a: Pelipper|0 fnt\n|faint|p2a: Pelipper\n|\n|-weather|RainDance|[upkeep]\n|upkeep\n|\n|t:|1700162126\n|switch|p2b: Ogerpon|Ogerpon-Wellspring, L50, F|100\/100\n|turn|3\n|\n|t:|1700162136\n|-terastallize|p2b: Ogerpon|Water\n|detailschange|p2b: Ogerpon|Ogerpon-Wellspring-Tera, L50, F, tera:Water\n|-ability|p2b: Ogerpon|Embody Aspect (Wellspring)|boost\n|-boost|p2b: Ogerpon|spd|1\n|move|p2b: Ogerpon|Horn Leech|p1b: Urshifu\n|-supereffective|p1b: Urshifu\n|-damage|p1b: Urshifu|0 fnt\n|faint|p1b: Urshifu\n|move|p1a: Chien-Pao|Icicle Crash|p2b: Ogerpon\n|-resisted|p2b: Ogerpon\n|-damage|p2b: Ogerpon|62\/100\n|\n|-weather|RainDance|[upkeep]\n|upkeep\n|\n|t:|1700162147\n|switch|p1b: Tornadus|Tornadus, L50, M|100\/100\n|turn|4\n|\n|t:|1700162151\n|move|p1a: Chien-Pao|Protect|p1a: Chien-Pao\n|-singleturn|p1a: Chien-Pao|Protect\n|move|p2b: Ogerpon|Ivy Cudgel|p1b: Tornadus|[anim] Ivy Cudgel Water\n|-damage|p1b: Tornadus|0 fnt\n|faint|p1b: Tornadus\n|\n|-weather|RainDance|[upkeep]\n|upkeep\n|turn|5\n|-message|Namiisback forfeited.\n|\n|win|Triple An Axel\n|raw|Namiisback's rating: 1303 &rarr; <strong>1275<\/strong><br \/>(-28 for losing)\n|raw|Triple An Axel's rating: 1162 &rarr; <strong>1197<\/strong><br \/>(+35 for winning)\n|l|\u2606Namiisback\n","uploadtime":1700162169,"views":10,"p1id":"namiisback","p2id":"tripleanaxel","formatid":"gen9vgc2023regulatione","rating":1197,"private":0,"password":""}