{"id":"gen9vgc2023regulatione-1996571299","p1":"Cawabumga","p2":"lamafanofdenis362","format":"[Gen 9] VGC 2023 Regulation E","log":"|j|\u2606Cawabumga\n|j|\u2606lamafanofdenis362\n|n|\u2606Cawabumga|cawabumga\n|n|\u2606lamafanofdenis362|lamafanofdenis362\n|html|View the match progress at <a href=\"\/game-bestof3-gen9vgc2023regulatione-1996571298\">game-bestof3-gen9vgc2023regulatione-1996571298<\/a>\n|t:|1700695624\n|gametype|doubles\n|player|p1|Cawabumga|266|\n|player|p2|lamafanofdenis362|2|\n|teamsize|p1|6\n|teamsize|p2|6\n|gen|9\n|tier|[Gen 9] VGC 2023 Regulation E\n|rated|Tournament battle\n|rule|Species Clause: Limit one of each Pok\u00e9mon\n|rule|Item Clause: Limit one of each item\n|clearpoke\n|poke|p1|Tornadus, L50, M|\n|poke|p1|Landorus-Therian, L50, M|\n|poke|p1|Flutter Mane, L50|\n|poke|p1|Rillaboom, L50, M|\n|poke|p1|Urshifu-*, L50, M|\n|poke|p1|Gholdengo, L50|\n|poke|p2|Chien-Pao, L50|\n|poke|p2|Amoonguss, L50, M|\n|poke|p2|Iron Hands, L50|\n|poke|p2|Gholdengo, L50|\n|poke|p2|Landorus-Therian, L50, M|\n|poke|p2|Iron Moth, L50|\n|teampreview|4\n|showteam|p1|Tornadus||RockyHelmet|Prankster|RainDance,Tailwind,Taunt,BleakwindStorm|||M|||50|,,,,,Steel]Landorus-Therian||ChoiceBand|Intimidate|StompingTantrum,RockSlide,Earthquake,Uturn|||M|||50|,,,,,Water]Flutter Mane||BoosterEnergy|Protosynthesis|DazzlingGleam,ShadowBall,Substitute,Protect||||||50|,,,,,Fairy]Rillaboom||AssaultVest|GrassySurge|WoodHammer,GrassyGlide,Uturn,FakeOut|||M|||50|,,,,,Grass]Urshifu-Rapid-Strike||ChoiceScarf|UnseenFist|SurgingStrikes,CloseCombat,AquaJet,Uturn|||M|||50|,,,,,Water]Gholdengo||Leftovers|GoodasGold|MakeItRain,ShadowBall,NastyPlot,Protect||||||50|,,,,,Dragon\n|showteam|p2|Chien-Pao||FocusSash|SwordofRuin|IceSpinner,Protect,Ruination,SuckerPunch||||||50|,,,,,Ghost]Amoonguss||SitrusBerry|Regenerator|PollenPuff,Spore,RagePowder,Protect|||M|||50|,,,,,Water]Iron Hands||AssaultVest|QuarkDrive|WildCharge,DrainPunch,HeavySlam,FakeOut||||||50|,,,,,Grass]Gholdengo||Leftovers|GoodasGold|MakeItRain,ShadowBall,NastyPlot,Protect||||||50|,,,,,Dragon]Landorus-Therian||ChoiceScarf|Intimidate|StompingTantrum,TeraBlast,Uturn,RockSlide|||M|||50|,,,,,Flying]Iron Moth||BoosterEnergy|QuarkDrive|HeatWave,EnergyBall,Protect,AcidSpray||||||50|,,,,,Grass\n|j| PalafanVGC\n|l| PalafanVGC\n|\n|t:|1700695683\n|start\n|switch|p1a: Tornadus|Tornadus, L50, M, shiny|100\/100\n|switch|p1b: Landorus|Landorus-Therian, L50, M|100\/100\n|switch|p2a: Amoonguss|Amoonguss, L50, M|100\/100\n|switch|p2b: Landorus|Landorus-Therian, L50, M|100\/100\n|-ability|p2b: Landorus|Intimidate|boost\n|-unboost|p1a: Tornadus|atk|1\n|-unboost|p1b: Landorus|atk|1\n|-ability|p1b: Landorus|Intimidate|boost\n|-unboost|p2a: Amoonguss|atk|1\n|-unboost|p2b: Landorus|atk|1\n|turn|1\n|j| Mambae2\n|\n|t:|1700695708\n|switch|p1a: Rillaboom|Rillaboom, L50, M|100\/100\n|-fieldstart|move: Grassy Terrain|[from] ability: Grassy Surge|[of] p1a: Rillaboom\n|move|p2b: Landorus|Rock Slide|p1a: Rillaboom|[spread] p1b\n|-miss|p2b: Landorus|p1a: Rillaboom\n|-damage|p1b: Landorus|87\/100\n|move|p1b: Landorus|U-turn|p2a: Amoonguss\n|-damage|p2a: Amoonguss|80\/100\n|\n|t:|1700695727\n|switch|p1b: Gholdengo|Gholdengo, L50|100\/100|[from] U-turn\n|move|p2a: Amoonguss|Spore|p1b: Gholdengo\n|-immune|p1b: Gholdengo|[from] ability: Good as Gold\n|\n|-heal|p2a: Amoonguss|86\/100|[from] Grassy Terrain\n|upkeep\n|turn|2\n|\n|t:|1700695757\n|switch|p2b: Iron Moth|Iron Moth, L50|100\/100\n|-enditem|p2b: Iron Moth|Booster Energy\n|-activate|p2b: Iron Moth|ability: Quark Drive|[fromitem]\n|-start|p2b: Iron Moth|quarkdrivespa\n|move|p1b: Gholdengo|Nasty Plot|p1b: Gholdengo\n|-boost|p1b: Gholdengo|spa|2\n|move|p1a: Rillaboom|U-turn|p2a: Amoonguss\n|-damage|p2a: Amoonguss|68\/100\n|\n|t:|1700695770\n|switch|p1a: Tornadus|Tornadus, L50, M, shiny|100\/100|[from] U-turn\n|move|p2a: Amoonguss|Pollen Puff|p1a: Tornadus\n|-resisted|p1a: Tornadus\n|-damage|p1a: Tornadus|90\/100\n|\n|-heal|p2a: Amoonguss|74\/100|[from] Grassy Terrain\n|upkeep\n|turn|3\n|\n|t:|1700695790\n|-terastallize|p1b: Gholdengo|Dragon\n|move|p2a: Amoonguss|Rage Powder|p2a: Amoonguss\n|-singleturn|p2a: Amoonguss|move: Rage Powder\n|move|p1a: Tornadus|Tailwind|p1a: Tornadus\n|-sidestart|p1: Cawabumga|move: Tailwind\n|move|p1b: Gholdengo|Shadow Ball|p2a: Amoonguss\n|-damage|p2a: Amoonguss|0 fnt\n|faint|p2a: Amoonguss\n|move|p2b: Iron Moth|Heat Wave|p1b: Gholdengo|[spread] p1a,p1b\n|-resisted|p1b: Gholdengo\n|-damage|p1a: Tornadus|32\/100\n|-damage|p1b: Gholdengo|70\/100\n|\n|-heal|p1b: Gholdengo|76\/100|[from] Grassy Terrain\n|-heal|p1b: Gholdengo|82\/100|[from] item: Leftovers\n|upkeep\n|\n|t:|1700695802\n|switch|p2a: Landorus|Landorus-Therian, L50, M|100\/100\n|-ability|p2a: Landorus|Intimidate|boost\n|-unboost|p1a: Tornadus|atk|1\n|-unboost|p1b: Gholdengo|atk|1\n|turn|4\n|\n|t:|1700695826\n|move|p1a: Tornadus|Rain Dance|p1a: Tornadus\n|-weather|RainDance\n|move|p1b: Gholdengo|Shadow Ball|p2a: Landorus\n|-damage|p2a: Landorus|0 fnt\n|faint|p2a: Landorus\n|move|p2b: Iron Moth|Heat Wave|p1b: Gholdengo|[spread] p1a\n|-miss|p2b: Iron Moth|p1b: Gholdengo\n|-damage|p1a: Tornadus|5\/100\n|\n|-weather|RainDance|[upkeep]\n|-heal|p1b: Gholdengo|88\/100|[from] Grassy Terrain\n|-heal|p1b: Gholdengo|94\/100|[from] item: Leftovers\n|upkeep\n|\n|t:|1700695830\n|switch|p2a: Gholdengo|Gholdengo, L50|100\/100\n|turn|5\n|-message|lamafanofdenis362 forfeited.\n|\n|win|Cawabumga\n|l|\u2606lamafanofdenis362\n|c|&|\/uhtml prompt-lamafanofdenis362,lamafanofdenis362 is ready for game 2!\n","uploadtime":1700695839,"views":21,"p1id":"cawabumga","p2id":"lamafanofdenis362","formatid":"gen9vgc2023regulatione","rating":0,"private":0,"password":""}