{"id":"gen9vgc2023regulatione-1987975776","p1":"girasolia","p2":"Hipolymer","format":"[Gen 9] VGC 2023 Regulation E","log":"|j|\u2606girasolia\n|j|\u2606Hipolymer\n|t:|1699655014\n|gametype|doubles\n|player|p1|girasolia|101|1403\n|player|p2|Hipolymer|pokemaniac|1382\n|teamsize|p1|6\n|teamsize|p2|6\n|gen|9\n|tier|[Gen 9] VGC 2023 Regulation E\n|rated|\n|rule|Species Clause: Limit one of each Pok\u00e9mon\n|rule|Item Clause: Limit one of each item\n|clearpoke\n|poke|p1|Ursaluna-Bloodmoon, L50, M|\n|poke|p1|Goodra-Hisui, L50, F|\n|poke|p1|Ogerpon-Wellspring, L50, F|\n|poke|p1|Chien-Pao, L50|\n|poke|p1|Arcanine-Hisui, L50, F|\n|poke|p1|Farigiraf, L50, F|\n|poke|p2|Scream Tail, L50|\n|poke|p2|Chien-Pao, L50|\n|poke|p2|Arcanine-Hisui, L50, F|\n|poke|p2|Rillaboom, L50, F|\n|poke|p2|Urshifu-*, L50, F|\n|poke|p2|Gothitelle, L50, F|\n|teampreview|4\n|inactive|Battle timer is ON: inactive players will automatically lose when time's up. (requested by Hipolymer)\n|inactive|girasolia also wants the timer to be on.\n|inactive|girasolia has 60 seconds left.\n|inactive|Hipolymer has 60 seconds left.\n|\n|t:|1699655065\n|start\n|switch|p1a: Ogerpon|Ogerpon-Wellspring, L50, F|100\/100\n|switch|p1b: Chien-Pao|Chien-Pao, L50|100\/100\n|switch|p2a: Rillaboom|Rillaboom, L50, F|100\/100\n|switch|p2b: Arcanine|Arcanine-Hisui, L50, F|100\/100\n|-ability|p1b: Chien-Pao|Sword of Ruin\n|-ability|p2b: Arcanine|Intimidate|boost\n|-unboost|p1a: Ogerpon|atk|1\n|-unboost|p1b: Chien-Pao|atk|1\n|-fieldstart|move: Grassy Terrain|[from] ability: Grassy Surge|[of] p2a: Rillaboom\n|turn|1\n|inactive|girasolia has 30 seconds left.\n|inactive|Hipolymer has 30 seconds left.\n|inactive|Hipolymer has 20 seconds left.\n|inactive|Hipolymer has 15 seconds left.\n|inactive|Hipolymer has 10 seconds left.\n|inactive|Hipolymer has 5 seconds left.\n|\n|t:|1699655120\n|switch|p1a: Arcanine|Arcanine-Hisui, L50, F|100\/100\n|-ability|p1a: Arcanine|Intimidate|boost\n|-unboost|p2a: Rillaboom|atk|1\n|-unboost|p2b: Arcanine|atk|1\n|move|p2a: Rillaboom|Fake Out|p1a: Arcanine\n|-resisted|p1a: Arcanine\n|-damage|p1a: Arcanine|92\/100\n|move|p1b: Chien-Pao|Ice Spinner|p2a: Rillaboom\n|-supereffective|p2a: Rillaboom\n|-damage|p2a: Rillaboom|29\/100\n|-fieldend|move: Grassy Terrain\n|move|p2b: Arcanine|Rock Slide|p1a: Arcanine|[spread] p1a,p1b\n|-supereffective|p1a: Arcanine\n|-supereffective|p1b: Chien-Pao\n|-damage|p1a: Arcanine|8\/100\n|-damage|p1b: Chien-Pao|20\/100\n|\n|upkeep\n|turn|2\n|inactive|girasolia has 30 seconds left.\n|inactive|Hipolymer has 30 seconds left.\n|inactive|girasolia has 20 seconds left.\n|inactive|girasolia has 15 seconds left.\n|inactive|girasolia has 10 seconds left.\n|inactive|Hipolymer has 20 seconds left.\n|inactive|girasolia has 5 seconds left.\n|\n|t:|1699655170\n|switch|p2a: Gothitelle|Gothitelle, L50, F|100\/100\n|move|p1b: Chien-Pao|Sucker Punch||[still]\n|-fail|p1b: Chien-Pao\n|move|p2b: Arcanine|Rock Slide|p1b: Chien-Pao|[spread] p1a\n|-miss|p2b: Arcanine|p1b: Chien-Pao\n|-supereffective|p1a: Arcanine\n|-damage|p1a: Arcanine|0 fnt\n|faint|p1a: Arcanine\n|\n|upkeep\n|\n|t:|1699655186\n|switch|p1a: Goodra|Goodra-Hisui, L50, F|100\/100\n|turn|3\n|inactive|girasolia has 30 seconds left.\n|\n|t:|1699655213\n|switch|p2b: Rillaboom|Rillaboom, L50, F|29\/100\n|-fieldstart|move: Grassy Terrain|[from] ability: Grassy Surge|[of] p2b: Rillaboom\n|move|p2a: Gothitelle|Fake Out|p1a: Goodra\n|-resisted|p1a: Goodra\n|-damage|p1a: Goodra|98\/100\n|move|p1b: Chien-Pao|Sacred Sword|p2b: Rillaboom\n|-damage|p2b: Rillaboom|3\/100\n|cant|p1a: Goodra|flinch\n|\n|-heal|p1b: Chien-Pao|25\/100|[from] Grassy Terrain\n|-heal|p2b: Rillaboom|9\/100|[from] Grassy Terrain\n|-heal|p1a: Goodra|100\/100|[from] Grassy Terrain\n|upkeep\n|turn|4\n|\n|t:|1699655237\n|move|p2b: Rillaboom|Fake Out|p1b: Chien-Pao\n|-damage|p1b: Chien-Pao|6\/100\n|cant|p1b: Chien-Pao|flinch\n|move|p2a: Gothitelle|Heal Pulse|p2b: Rillaboom\n|-heal|p2b: Rillaboom|59\/100\n|move|p1a: Goodra|Shelter|p1a: Goodra\n|-boost|p1a: Goodra|def|2\n|\n|-heal|p1b: Chien-Pao|11\/100|[from] Grassy Terrain\n|-heal|p2b: Rillaboom|65\/100|[from] Grassy Terrain\n|upkeep\n|turn|5\n|\n|t:|1699655258\n|move|p2b: Rillaboom|Grassy Glide|p1b: Chien-Pao\n|-damage|p1b: Chien-Pao|0 fnt\n|faint|p1b: Chien-Pao\n|move|p2a: Gothitelle|Heal Pulse|p2b: Rillaboom\n|-heal|p2b: Rillaboom|100\/100\n|move|p1a: Goodra|Shelter|p1a: Goodra\n|-boost|p1a: Goodra|def|2\n|\n|upkeep\n|\n|t:|1699655267\n|switch|p1b: Ogerpon|Ogerpon-Wellspring, L50, F|100\/100\n|turn|6\n|\n|t:|1699655283\n|move|p1b: Ogerpon|Ivy Cudgel|p2a: Gothitelle\n|-damage|p2a: Gothitelle|54\/100\n|move|p2b: Rillaboom|Taunt|p1a: Goodra\n|-start|p1a: Goodra|move: Taunt\n|move|p2a: Gothitelle|Psychic|p1b: Ogerpon\n|-damage|p1b: Ogerpon|74\/100\n|move|p1a: Goodra|Body Press|p2b: Rillaboom\n|-damage|p2b: Rillaboom|31\/100\n|\n|-heal|p1b: Ogerpon|80\/100|[from] Grassy Terrain\n|-heal|p2b: Rillaboom|37\/100|[from] Grassy Terrain\n|-heal|p2a: Gothitelle|60\/100|[from] Grassy Terrain\n|upkeep\n|turn|7\n|\n|t:|1699655306\n|-terastallize|p1b: Ogerpon|Water\n|detailschange|p1b: Ogerpon|Ogerpon-Wellspring-Tera, L50, F, tera:Water\n|-ability|p1b: Ogerpon|Embody Aspect (Wellspring)|boost\n|-boost|p1b: Ogerpon|spd|1\n|move|p1b: Ogerpon|Ivy Cudgel|p2a: Gothitelle\n|-damage|p2a: Gothitelle|2\/100\n|-enditem|p2a: Gothitelle|Wiki Berry|[eat]\n|-heal|p2a: Gothitelle|36\/100|[from] item: Wiki Berry\n|move|p2b: Rillaboom|Wood Hammer|p1b: Ogerpon\n|-supereffective|p1b: Ogerpon\n|-damage|p1b: Ogerpon|0 fnt\n|faint|p1b: Ogerpon\n|-damage|p2b: Rillaboom|12\/100|[from] Recoil\n|move|p2a: Gothitelle|Heal Pulse|p2b: Rillaboom\n|-heal|p2b: Rillaboom|62\/100\n|move|p1a: Goodra|Body Press|p2b: Rillaboom\n|-damage|p2b: Rillaboom|0 fnt\n|faint|p2b: Rillaboom\n|\n|-heal|p2a: Gothitelle|41\/100|[from] Grassy Terrain\n|-fieldend|move: Grassy Terrain\n|upkeep\n|\n|t:|1699655328\n|switch|p2b: Arcanine|Arcanine-Hisui, L50, F|100\/100\n|-ability|p2b: Arcanine|Intimidate|boost\n|-unboost|p1a: Goodra|atk|1\n|turn|8\n|\n|t:|1699655336\n|move|p2b: Arcanine|Flare Blitz|p1a: Goodra\n|-damage|p1a: Goodra|79\/100\n|-damage|p2b: Arcanine|93\/100|[from] Recoil\n|move|p2a: Gothitelle|Heal Pulse|p2b: Arcanine\n|-heal|p2b: Arcanine|100\/100\n|move|p1a: Goodra|Body Press|p2a: Gothitelle\n|-resisted|p2a: Gothitelle\n|-damage|p2a: Gothitelle|11\/100\n|\n|-heal|p1a: Goodra|85\/100|[from] item: Leftovers\n|-end|p1a: Goodra|move: Taunt\n|upkeep\n|turn|9\n|\n|t:|1699655348\n|move|p2b: Arcanine|Flare Blitz|p1a: Goodra\n|-damage|p1a: Goodra|64\/100\n|-damage|p2b: Arcanine|93\/100|[from] Recoil\n|move|p2a: Gothitelle|Heal Pulse|p2b: Arcanine\n|-heal|p2b: Arcanine|100\/100\n|move|p1a: Goodra|Body Press|p2a: Gothitelle\n|-resisted|p2a: Gothitelle\n|-damage|p2a: Gothitelle|0 fnt\n|faint|p2a: Gothitelle\n|\n|-heal|p1a: Goodra|69\/100|[from] item: Leftovers\n|upkeep\n|\n|t:|1699655351\n|switch|p2a: Urshifu|Urshifu-Rapid-Strike, L50, F|100\/100\n|turn|10\n|\n|t:|1699655362\n|move|p2a: Urshifu|Close Combat|p1a: Goodra\n|-supereffective|p1a: Goodra\n|-damage|p1a: Goodra|36\/100\n|-unboost|p2a: Urshifu|def|1\n|-unboost|p2a: Urshifu|spd|1\n|move|p2b: Arcanine|Flare Blitz|p1a: Goodra\n|-damage|p1a: Goodra|15\/100\n|-damage|p2b: Arcanine|93\/100|[from] Recoil\n|move|p1a: Goodra|Shelter|p1a: Goodra\n|-boost|p1a: Goodra|def|2\n|\n|-heal|p1a: Goodra|21\/100|[from] item: Leftovers\n|upkeep\n|turn|11\n|\n|t:|1699655374\n|move|p1a: Goodra|Protect|p1a: Goodra\n|-singleturn|p1a: Goodra|Protect\n|move|p2a: Urshifu|Close Combat|p1a: Goodra\n|-supereffective|p1a: Goodra\n|-damage|p1a: Goodra|0 fnt\n|-unboost|p2a: Urshifu|def|1\n|-unboost|p2a: Urshifu|spd|1\n|faint|p1a: Goodra\n|\n|win|Hipolymer\n|raw|girasolia's rating: 1403 &rarr; <strong>1382<\/strong><br \/>(-21 for losing)\n|raw|Hipolymer's rating: 1382 &rarr; <strong>1403<\/strong><br \/>(+21 for winning)\n","uploadtime":1699655384,"views":20,"p1id":"girasolia","p2id":"hipolymer","formatid":"gen9vgc2023regulatione","rating":1382,"private":0,"password":""}