{"id":"gen9vgc2023regulatione-1993342196","p1":"roaringmoontest","p2":"Artic-Drake","format":"[Gen 9] VGC 2023 Regulation E","log":"|j|\u2606roaringmoontest\n|j|\u2606Artic-Drake\n|t:|1700302180\n|gametype|doubles\n|player|p1|roaringmoontest|169|1478\n|player|p2|Artic-Drake|265|1445\n|teamsize|p1|6\n|teamsize|p2|6\n|gen|9\n|tier|[Gen 9] VGC 2023 Regulation E\n|rated|\n|rule|Species Clause: Limit one of each Pok\u00e9mon\n|rule|Item Clause: Limit one of each item\n|clearpoke\n|poke|p1|Roaring Moon, L50|\n|poke|p1|Sinistcha, L50|\n|poke|p1|Arcanine-Hisui, L50, M|\n|poke|p1|Urshifu-*, L50, F|\n|poke|p1|Thundurus-Therian, L50, M|\n|poke|p1|Gholdengo, L50|\n|poke|p2|Cresselia, L50, F|\n|poke|p2|Ursaluna, L50, F|\n|poke|p2|Farigiraf, L50, F|\n|poke|p2|Iron Hands, L50|\n|poke|p2|Rotom-Heat, L50|\n|poke|p2|Sinistcha, L50|\n|teampreview|4\n|inactive|Battle timer is ON: inactive players will automatically lose when time's up. (requested by roaringmoontest)\n|inactive|Artic-Drake has 60 seconds left.\n|\n|t:|1700302222\n|start\n|switch|p1a: Roaring Moon|Roaring Moon, L50|100\/100\n|switch|p1b: Sinistcha|Sinistcha, L50|100\/100\n|switch|p2a: Cresselia|Cresselia, L50, F|100\/100\n|switch|p2b: Ursaluna|Ursaluna, L50, F|100\/100\n|-enditem|p1a: Roaring Moon|Booster Energy\n|-activate|p1a: Roaring Moon|ability: Protosynthesis|[fromitem]\n|-start|p1a: Roaring Moon|protosynthesisspe\n|turn|1\n|\n|t:|1700302245\n|move|p1a: Roaring Moon|Breaking Swipe|p2b: Ursaluna|[spread] p2a,p2b\n|-damage|p2a: Cresselia|86\/100\n|-damage|p2b: Ursaluna|85\/100\n|-unboost|p2a: Cresselia|atk|1\n|-unboost|p2b: Ursaluna|atk|1\n|move|p1b: Sinistcha|Nasty Plot|p1b: Sinistcha\n|-boost|p1b: Sinistcha|spa|2\n|move|p2b: Ursaluna|Swords Dance|p2b: Ursaluna\n|-boost|p2b: Ursaluna|atk|2\n|move|p2a: Cresselia|Trick Room|p2a: Cresselia\n|-fieldstart|move: Trick Room|[of] p2a: Cresselia\n|\n|-status|p2b: Ursaluna|brn|[from] item: Flame Orb\n|upkeep\n|turn|2\n|\n|t:|1700302269\n|-terastallize|p2b: Ursaluna|Grass\n|move|p2b: Ursaluna|Facade|p1a: Roaring Moon\n|-damage|p1a: Roaring Moon|0 fnt\n|faint|p1a: Roaring Moon\n|-end|p1a: Roaring Moon|Protosynthesis|[silent]\n|move|p2a: Cresselia|Lunar Blessing|p2a: Cresselia|[spread] p2a,p2b\n|-heal|p2a: Cresselia|100\/100\n|-heal|p2b: Ursaluna|100\/100 brn\n|-curestatus|p2b: Ursaluna|brn|[msg]\n|move|p1b: Sinistcha|Matcha Gotcha|p2a: Cresselia|[spread] p2a,p2b\n|-resisted|p2b: Ursaluna\n|-damage|p2a: Cresselia|70\/100\n|-damage|p2b: Ursaluna|78\/100\n|-status|p2a: Cresselia|brn\n|\n|-damage|p2a: Cresselia|64\/100 brn|[from] brn\n|-status|p2b: Ursaluna|brn|[from] item: Flame Orb\n|upkeep\n|\n|t:|1700302287\n|switch|p1a: Arcanine|Arcanine-Hisui, L50, M|100\/100\n|-ability|p1a: Arcanine|Intimidate|boost\n|-unboost|p2a: Cresselia|atk|1\n|-unboost|p2b: Ursaluna|atk|1\n|turn|3\n|\n|t:|1700302308\n|switch|p1a: Thundurus|Thundurus-Therian, L50, M|100\/100\n|move|p2b: Ursaluna|Earthquake|p1b: Sinistcha|[spread] p1b\n|-immune|p2a: Cresselia|[from] ability: Levitate\n|-immune|p1a: Thundurus\n|-resisted|p1b: Sinistcha\n|-damage|p1b: Sinistcha|75\/100\n|move|p2a: Cresselia|Lunar Blessing|p2a: Cresselia|[spread] p2a,p2b\n|-heal|p2a: Cresselia|89\/100 brn\n|-curestatus|p2a: Cresselia|brn|[msg]\n|-heal|p2b: Ursaluna|100\/100 brn\n|-curestatus|p2b: Ursaluna|brn|[msg]\n|move|p1b: Sinistcha|Nasty Plot|p1b: Sinistcha\n|-boost|p1b: Sinistcha|spa|2\n|\n|-status|p2b: Ursaluna|brn|[from] item: Flame Orb\n|upkeep\n|turn|4\n|\n|t:|1700302333\n|switch|p2a: Rotom|Rotom-Heat, L50|100\/100\n|switch|p1a: Arcanine|Arcanine-Hisui, L50, M|100\/100\n|-ability|p1a: Arcanine|Intimidate|boost\n|-unboost|p2a: Rotom|atk|1\n|-unboost|p2b: Ursaluna|atk|1\n|move|p2b: Ursaluna|Swords Dance|p2b: Ursaluna\n|-boost|p2b: Ursaluna|atk|2\n|move|p1b: Sinistcha|Matcha Gotcha|p2a: Rotom|[spread] p2a,p2b\n|-resisted|p2a: Rotom\n|-resisted|p2b: Ursaluna\n|-damage|p2a: Rotom|60\/100\n|-heal|p1b: Sinistcha|93\/100|[from] drain|[of] p2a: Rotom\n|-damage|p2b: Ursaluna|67\/100 brn\n|-heal|p1b: Sinistcha|100\/100|[from] drain|[of] p2b: Ursaluna\n|\n|-damage|p2b: Ursaluna|61\/100 brn|[from] brn\n|upkeep\n|turn|5\n|inactive|roaringmoontest has 30 seconds left.\n|\n|t:|1700302360\n|switch|p1a: Thundurus|Thundurus-Therian, L50, M|100\/100\n|move|p2b: Ursaluna|Facade|p1a: Thundurus\n|-damage|p1a: Thundurus|0 fnt\n|faint|p1a: Thundurus\n|move|p2a: Rotom|Overheat|p1b: Sinistcha\n|-supereffective|p1b: Sinistcha\n|-damage|p1b: Sinistcha|30\/100\n|-unboost|p2a: Rotom|spa|2\n|-enditem|p1b: Sinistcha|Sitrus Berry|[eat]\n|-heal|p1b: Sinistcha|55\/100|[from] item: Sitrus Berry\n|-damage|p2a: Rotom|50\/100|[from] item: Life Orb\n|move|p1b: Sinistcha|Matcha Gotcha|p2b: Ursaluna|[spread] p2a,p2b\n|-resisted|p2a: Rotom\n|-resisted|p2b: Ursaluna\n|-damage|p2a: Rotom|9\/100\n|-heal|p1b: Sinistcha|73\/100|[from] drain|[of] p2a: Rotom\n|-damage|p2b: Ursaluna|26\/100 brn\n|-heal|p1b: Sinistcha|96\/100|[from] drain|[of] p2b: Ursaluna\n|\n|-damage|p2b: Ursaluna|20\/100 brn|[from] brn\n|-fieldend|move: Trick Room\n|upkeep\n|\n|t:|1700302381\n|switch|p1a: Arcanine|Arcanine-Hisui, L50, M|100\/100\n|-ability|p1a: Arcanine|Intimidate|boost\n|-unboost|p2a: Rotom|atk|1\n|-unboost|p2b: Ursaluna|atk|1\n|turn|6\n|inactive|roaringmoontest has 30 seconds left.\n|\n|t:|1700302411\n|switch|p2b: Sinistcha|Sinistcha, L50|100\/100\n|-heal|p2a: Rotom|33\/100|[from] ability: Hospitality|[of] p2b: Sinistcha\n|move|p1a: Arcanine|Rock Slide|p2a: Rotom|[spread] p2a,p2b\n|-supereffective|p2a: Rotom\n|-damage|p2a: Rotom|0 fnt\n|-damage|p2b: Sinistcha|61\/100\n|faint|p2a: Rotom\n|move|p1b: Sinistcha|Matcha Gotcha|p2b: Sinistcha\n|-resisted|p2b: Sinistcha\n|-damage|p2b: Sinistcha|6\/100\n|-heal|p1b: Sinistcha|100\/100|[from] drain|[of] p2b: Sinistcha\n|-status|p2b: Sinistcha|brn\n|\n|-damage|p2b: Sinistcha|0 fnt|[from] brn\n|faint|p2b: Sinistcha\n|upkeep\n|\n|t:|1700302427\n|switch|p2a: Cresselia|Cresselia, L50, F|89\/100\n|switch|p2b: Ursaluna|Ursaluna, L50, F, tera:Grass|20\/100 brn\n|turn|7\n|\n|t:|1700302435\n|move|p2b: Ursaluna|Protect|p2b: Ursaluna\n|-singleturn|p2b: Ursaluna|Protect\n|move|p1a: Arcanine|Rock Slide|p2a: Cresselia|[spread] p2a\n|-activate|p2b: Ursaluna|move: Protect\n|-damage|p2a: Cresselia|61\/100\n|move|p1b: Sinistcha|Matcha Gotcha|p2b: Ursaluna|[spread] p2a\n|-activate|p2b: Ursaluna|move: Protect\n|-damage|p2a: Cresselia|21\/100\n|move|p2a: Cresselia|Trick Room|p2a: Cresselia\n|-fieldstart|move: Trick Room|[of] p2a: Cresselia\n|\n|-damage|p2b: Ursaluna|14\/100 brn|[from] brn\n|upkeep\n|turn|8\n|\n|t:|1700302453\n|move|p2b: Ursaluna|Earthquake|p1b: Sinistcha|[spread] p1a,p1b\n|-immune|p2a: Cresselia|[from] ability: Levitate\n|-supereffective|p1a: Arcanine\n|-resisted|p1b: Sinistcha\n|-damage|p1a: Arcanine|0 fnt\n|-damage|p1b: Sinistcha|75\/100\n|faint|p1a: Arcanine\n|move|p2a: Cresselia|Lunar Blessing|p2a: Cresselia|[spread] p2a,p2b\n|-heal|p2a: Cresselia|46\/100\n|-heal|p2b: Ursaluna|39\/100 brn\n|-curestatus|p2b: Ursaluna|brn|[msg]\n|move|p1b: Sinistcha|Matcha Gotcha|p2a: Cresselia|[spread] p2a,p2b\n|-resisted|p2b: Ursaluna\n|-damage|p2a: Cresselia|1\/100\n|-heal|p1b: Sinistcha|100\/100|[from] drain|[of] p2a: Cresselia\n|-damage|p2b: Ursaluna|7\/100\n|\n|-status|p2b: Ursaluna|brn|[from] item: Flame Orb\n|upkeep\n|turn|9\n|\n|t:|1700302476\n|move|p2b: Ursaluna|Earthquake|p1b: Sinistcha|[spread] p1b\n|-immune|p2a: Cresselia|[from] ability: Levitate\n|-resisted|p1b: Sinistcha\n|-damage|p1b: Sinistcha|71\/100\n|move|p2a: Cresselia|Lunar Blessing|p2a: Cresselia|[spread] p2a,p2b\n|-heal|p2a: Cresselia|26\/100\n|-heal|p2b: Ursaluna|32\/100 brn\n|-curestatus|p2b: Ursaluna|brn|[msg]\n|move|p1b: Sinistcha|Matcha Gotcha|p2b: Ursaluna|[spread] p2a,p2b\n|-resisted|p2b: Ursaluna\n|-damage|p2a: Cresselia|0 fnt\n|-heal|p1b: Sinistcha|88\/100|[from] drain|[of] p2a: Cresselia\n|-damage|p2b: Ursaluna|0 fnt\n|-heal|p1b: Sinistcha|100\/100|[from] drain|[of] p2b: Ursaluna\n|faint|p2a: Cresselia\n|faint|p2b: Ursaluna\n|\n|win|roaringmoontest\n|raw|roaringmoontest's rating: 1478 &rarr; <strong>1496<\/strong><br \/>(+18 for winning)\n|raw|Artic-Drake's rating: 1445 &rarr; <strong>1427<\/strong><br \/>(-18 for losing)\n|l|\u2606Artic-Drake\n","uploadtime":1700302662,"views":11,"p1id":"roaringmoontest","p2id":"articdrake","formatid":"gen9vgc2023regulatione","rating":1427,"private":0,"password":""}