{"id":"gen9vgc2023regulatione-1992144340","p1":"babiwi bewey\u2714\ufe0f","p2":"bobforte22","format":"[Gen 9] VGC 2023 Regulation E","log":"|j|\u2606babiwi bewey\u2714\ufe0f\n|j|\u2606bobforte22\n|n|\u2606babiwi bewey\u2714\ufe0f|babiwibewey\n|n|\u2606bobforte22|bobforte22\n|html|View the match progress at <a href=\"\/game-bestof3-gen9vgc2023regulatione-1992137761\">game-bestof3-gen9vgc2023regulatione-1992137761<\/a>\n|t:|1700158702\n|gametype|doubles\n|player|p1|babiwi bewey\u2714\ufe0f|valerie|\n|player|p2|bobforte22|pilot|\n|teamsize|p1|6\n|teamsize|p2|6\n|gen|9\n|tier|[Gen 9] VGC 2023 Regulation E\n|rated|Tournament battle\n|rule|Species Clause: Limit one of each Pok\u00e9mon\n|rule|Item Clause: Limit one of each item\n|clearpoke\n|poke|p1|Clefairy, L50, M|\n|poke|p1|Kingambit, L50, F|\n|poke|p1|Ogerpon-Wellspring, L50, F|\n|poke|p1|Iron Hands, L50|\n|poke|p1|Landorus-Therian, L50, M|\n|poke|p1|Heatran, L50, M|\n|poke|p2|Chi-Yu, L50|\n|poke|p2|Jolteon, L50, M|\n|poke|p2|Iron Hands, L50|\n|poke|p2|Iron Bundle, L50|\n|poke|p2|Arcanine, L50, M|\n|poke|p2|Garchomp, L50, F|\n|teampreview|4\n|showteam|p1|Clefairy||Eviolite|FriendGuard|Protect,FollowMe,HealPulse,IcyWind|||M|||50|,,,,,Steel]Kingambit||BlackGlasses|Defiant|Protect,KowtowCleave,SuckerPunch,SwordsDance|||F|||50|,,,,,Dark]Ogerpon-Wellspring||WellspringMask|WaterAbsorb|FollowMe,SpikyShield,WoodHammer,IvyCudgel|||F|||50|,,,,,Water]Iron Hands||AssaultVest|QuarkDrive|WildCharge,VoltSwitch,DrainPunch,FakeOut||||||50|,,,,,Grass]Landorus-Therian||ChoiceScarf|Intimidate|Uturn,RockSlide,StompingTantrum,TeraBlast|||M|||50|,,,,,Flying]Heatran||Leftovers|FlashFire|HeatWave,EarthPower,Substitute,Protect|||M|||50|,,,,,Fairy\n|showteam|p2|Chi-Yu||ChoiceSpecs|BeadsofRuin|DarkPulse,HeatWave,Flamethrower,TeraBlast||||||50|,,,,,Ghost]Jolteon||LifeOrb|VoltAbsorb|FakeTears,Protect,LightScreen,Thunderbolt|||M|||50|,,,,,Grass]Iron Hands||AssaultVest|QuarkDrive|FakeOut,TeraBlast,DrainPunch,WildCharge||||||50|,,,,,Fire]Iron Bundle||CovertCloak|QuarkDrive|FreezeDry,HydroPump,Protect,Encore||||||50|,,,,,Fairy]Arcanine||RockyHelmet|Intimidate|FlareBlitz,WillOWisp,Protect,Roar|||M|||50|,,,,,Water]Garchomp||SafetyGoggles|RoughSkin|StompingTantrum,Protect,TeraBlast,SwordsDance|||F|||50|,,,,,Ice\n|j|%Radio Free C-Side\n|j| Logan522\n|j| KnighLt\n|j| Dji\n|c| KnighLt|How bulky is that Bundle?\n|l| Logan522\n|j| Logan522\n|l| Logan522\n|c| KnighLt|Living IC was rather impressive\n|c|\u2606babiwi bewey\u2714\ufe0f|if i wood hammered\n|c|\u2606babiwi bewey\u2714\ufe0f|i won\n|c|\u2606babiwi bewey\u2714\ufe0f|;-;\n|inactive|Battle timer is ON: inactive players will automatically lose when time's up. (requested by bobforte22)\n|\n|t:|1700158779\n|start\n|switch|p1a: Iron Hands|Iron Hands, L50|100\/100\n|switch|p1b: Landorus|Landorus-Therian, L50, M|100\/100\n|switch|p2a: Garchomp|Garchomp, L50, F|100\/100\n|switch|p2b: Iron Hands|Iron Hands, L50|100\/100\n|-ability|p1b: Landorus|Intimidate|boost\n|-unboost|p2a: Garchomp|atk|1\n|-unboost|p2b: Iron Hands|atk|1\n|turn|1\n|inactive|bobforte22 has 30 seconds left.\n|\n|t:|1700158806\n|move|p1a: Iron Hands|Fake Out|p2a: Garchomp\n|-damage|p2a: Garchomp|87\/100\n|-damage|p1a: Iron Hands|88\/100|[from] ability: Rough Skin|[of] p2a: Garchomp\n|move|p2b: Iron Hands|Fake Out|p1b: Landorus\n|-damage|p1b: Landorus|88\/100\n|cant|p1b: Landorus|flinch\n|cant|p2a: Garchomp|flinch\n|\n|upkeep\n|turn|2\n|inactive|babiwi bewey\u2714\ufe0f has 30 seconds left.\n|\n|t:|1700158837\n|switch|p1b: Clefairy|Clefairy, L50, M|100\/100\n|move|p2a: Garchomp|Stomping Tantrum|p1a: Iron Hands\n|-supereffective|p1a: Iron Hands\n|-damage|p1a: Iron Hands|30\/100\n|move|p1a: Iron Hands|Drain Punch|p2a: Garchomp\n|-damage|p2a: Garchomp|45\/100\n|-heal|p1a: Iron Hands|47\/100|[from] drain|[of] p2a: Garchomp\n|-damage|p1a: Iron Hands|34\/100|[from] ability: Rough Skin|[of] p2a: Garchomp\n|move|p2b: Iron Hands|Drain Punch|p1a: Iron Hands\n|-damage|p1a: Iron Hands|21\/100\n|\n|upkeep\n|turn|3\n|\n|t:|1700158858\n|switch|p2a: Arcanine|Arcanine, L50, M, shiny|100\/100\n|-ability|p2a: Arcanine|Intimidate|boost\n|-unboost|p1a: Iron Hands|atk|1\n|-unboost|p1b: Clefairy|atk|1\n|-end|p1a: Iron Hands|Quark Drive|[silent]\n|switch|p1a: Landorus|Landorus-Therian, L50, M|88\/100\n|-ability|p1a: Landorus|Intimidate|boost\n|-unboost|p2a: Arcanine|atk|1\n|-unboost|p2b: Iron Hands|atk|1\n|move|p2b: Iron Hands|Wild Charge|p1b: Clefairy\n|-damage|p1b: Clefairy|75\/100\n|-damage|p2b: Iron Hands|96\/100|[from] Recoil\n|move|p1b: Clefairy|Icy Wind|p2a: Arcanine|[spread] p2a,p2b\n|-resisted|p2a: Arcanine\n|-damage|p2a: Arcanine|97\/100\n|-damage|p2b: Iron Hands|92\/100\n|-unboost|p2a: Arcanine|spe|1\n|-unboost|p2b: Iron Hands|spe|1\n|\n|upkeep\n|turn|4\n|inactive|babiwi bewey\u2714\ufe0f has 30 seconds left.\n|inactive|bobforte22 has 30 seconds left.\n|\n|t:|1700158887\n|-end|p2b: Iron Hands|Quark Drive|[silent]\n|switch|p2b: Garchomp|Garchomp, L50, F|45\/100\n|move|p1b: Clefairy|Protect|p1b: Clefairy\n|-singleturn|p1b: Clefairy|Protect\n|move|p1a: Landorus|Stomping Tantrum|p2b: Garchomp\n|-damage|p2b: Garchomp|0 fnt\n|-damage|p1a: Landorus|76\/100|[from] ability: Rough Skin|[of] p2b: Garchomp\n|faint|p2b: Garchomp\n|move|p2a: Arcanine|Roar|p1b: Clefairy\n|drag|p1b: Iron Hands|Iron Hands, L50|21\/100\n|\n|upkeep\n|\n|t:|1700158901\n|switch|p2b: Iron Bundle|Iron Bundle, L50|100\/100\n|turn|5\n|\n|t:|1700158917\n|-terastallize|p2b: Iron Bundle|Fairy\n|move|p2a: Arcanine|Protect|p2a: Arcanine\n|-singleturn|p2a: Arcanine|Protect\n|move|p1b: Iron Hands|Fake Out|p2a: Arcanine\n|-activate|p2a: Arcanine|move: Protect\n|move|p1a: Landorus|Stomping Tantrum|p2b: Iron Bundle\n|-damage|p2b: Iron Bundle|64\/100\n|move|p2b: Iron Bundle|Freeze-Dry|p1a: Landorus\n|-supereffective|p1a: Landorus\n|-damage|p1a: Landorus|0 fnt\n|faint|p1a: Landorus\n|\n|upkeep\n|\n|t:|1700158928\n|switch|p1a: Kingambit|Kingambit, L50, F|100\/100\n|turn|6\n|l|%Radio Free C-Side\n|\n|t:|1700158945\n|-end|p1b: Iron Hands|Quark Drive|[silent]\n|switch|p1b: Clefairy|Clefairy, L50, M|75\/100\n|move|p1a: Kingambit|Protect|p1a: Kingambit\n|-singleturn|p1a: Kingambit|Protect\n|move|p2b: Iron Bundle|Encore||[still]\n|-fail|p2b: Iron Bundle\n|move|p2a: Arcanine|Flare Blitz|p1a: Kingambit\n|-activate|p1a: Kingambit|move: Protect\n|\n|upkeep\n|turn|7\n|inactive|bobforte22 has 30 seconds left.\n|\n|t:|1700158972\n|-end|p2b: Iron Bundle|Quark Drive|[silent]\n|switch|p2b: Iron Hands|Iron Hands, L50|92\/100\n|-terastallize|p1a: Kingambit|Dark\n|move|p2a: Arcanine|Protect|p2a: Arcanine\n|-singleturn|p2a: Arcanine|Protect\n|move|p1b: Clefairy|Follow Me|p1b: Clefairy\n|-singleturn|p1b: Clefairy|move: Follow Me\n|move|p1a: Kingambit|Swords Dance|p1a: Kingambit\n|-boost|p1a: Kingambit|atk|2\n|\n|upkeep\n|turn|8\n|\n|t:|1700158995\n|move|p1a: Kingambit|Protect|p1a: Kingambit\n|-singleturn|p1a: Kingambit|Protect\n|move|p1b: Clefairy|Protect|p1b: Clefairy\n|-singleturn|p1b: Clefairy|Protect\n|move|p2b: Iron Hands|Fake Out|p1a: Kingambit\n|-activate|p1a: Kingambit|move: Protect\n|move|p2a: Arcanine|Roar|p1b: Clefairy\n|drag|p1b: Iron Hands|Iron Hands, L50|21\/100\n|\n|upkeep\n|turn|9\n|inactive|bobforte22 has 30 seconds left.\n|\n|t:|1700159021\n|move|p1b: Iron Hands|Fake Out|p2a: Arcanine\n|-damage|p2a: Arcanine|84\/100\n|-damage|p1b: Iron Hands|4\/100|[from] item: Rocky Helmet|[of] p2a: Arcanine\n|cant|p2a: Arcanine|flinch\n|move|p2b: Iron Hands|Drain Punch|p1a: Kingambit\n|-supereffective|p1a: Kingambit\n|-damage|p1a: Kingambit|33\/100\n|-heal|p2b: Iron Hands|100\/100|[from] drain|[of] p1a: Kingambit\n|move|p1a: Kingambit|Kowtow Cleave|p2b: Iron Hands\n|-resisted|p2b: Iron Hands\n|-damage|p2b: Iron Hands|50\/100\n|\n|upkeep\n|turn|10\n|inactive|bobforte22 has 30 seconds left.\n|\n|t:|1700159051\n|move|p1a: Kingambit|Protect|p1a: Kingambit\n|-singleturn|p1a: Kingambit|Protect\n|move|p2a: Arcanine|Flare Blitz|p1b: Iron Hands\n|-damage|p1b: Iron Hands|0 fnt\n|faint|p1b: Iron Hands\n|-end|p1b: Iron Hands|Quark Drive|[silent]\n|-damage|p2a: Arcanine|83\/100|[from] Recoil\n|move|p2b: Iron Hands|Drain Punch|p1a: Kingambit\n|-activate|p1a: Kingambit|move: Protect\n|\n|upkeep\n|\n|t:|1700159055\n|switch|p1b: Clefairy|Clefairy, L50, M|75\/100\n|turn|11\n|\n|t:|1700159068\n|move|p1b: Clefairy|Follow Me|p1b: Clefairy\n|-singleturn|p1b: Clefairy|move: Follow Me\n|move|p1a: Kingambit|Sucker Punch|p2a: Arcanine\n|-damage|p2a: Arcanine|0 fnt\n|-damage|p1a: Kingambit|16\/100|[from] item: Rocky Helmet|[of] p2a: Arcanine\n|faint|p2a: Arcanine\n|move|p2b: Iron Hands|Wild Charge|p1b: Clefairy\n|-damage|p1b: Clefairy|28\/100\n|-damage|p2b: Iron Hands|41\/100|[from] Recoil\n|\n|upkeep\n|\n|t:|1700159079\n|switch|p2a: Iron Bundle|Iron Bundle, L50, tera:Fairy|64\/100\n|turn|12\n|\n|t:|1700159092\n|move|p2a: Iron Bundle|Protect|p2a: Iron Bundle\n|-singleturn|p2a: Iron Bundle|Protect\n|move|p1b: Clefairy|Follow Me|p1b: Clefairy\n|-singleturn|p1b: Clefairy|move: Follow Me\n|move|p2b: Iron Hands|Wild Charge|p1b: Clefairy\n|-damage|p1b: Clefairy|0 fnt\n|faint|p1b: Clefairy\n|-damage|p2b: Iron Hands|37\/100|[from] Recoil\n|move|p1a: Kingambit|Kowtow Cleave|p2b: Iron Hands\n|-resisted|p2b: Iron Hands\n|-damage|p2b: Iron Hands|0 fnt\n|faint|p2b: Iron Hands\n|-end|p2b: Iron Hands|Quark Drive|[silent]\n|\n|upkeep\n|turn|13\n|\n|t:|1700159117\n|move|p2a: Iron Bundle|Freeze-Dry|p1a: Kingambit\n|-damage|p1a: Kingambit|0 fnt\n|faint|p1a: Kingambit\n|\n|win|bobforte22\n|c|\u2606bobforte22|Gg\n|c|\u2606babiwi bewey\u2714\ufe0f|man\n|c|\u2606babiwi bewey\u2714\ufe0f|gg\n","uploadtime":1700159125,"views":9,"p1id":"babiwibewey","p2id":"bobforte22","formatid":"gen9vgc2023regulatione","rating":0,"private":0,"password":""}