{"id":"gen9vgc2023regulatione-2000009284","p1":"totorool","p2":"Jhonnyflames","format":"[Gen 9] VGC 2023 Regulation E","log":"|j|\u2606totorool\n|j|\u2606Jhonnyflames\n|t:|1701140674\n|gametype|doubles\n|player|p1|totorool|266|1226\n|player|p2|Jhonnyflames|firebreather|1174\n|teamsize|p1|6\n|teamsize|p2|6\n|gen|9\n|tier|[Gen 9] VGC 2023 Regulation E\n|rated|\n|rule|Species Clause: Limit one of each Pok\u00e9mon\n|rule|Item Clause: Limit one of each item\n|clearpoke\n|poke|p1|Iron Hands, L50|\n|poke|p1|Glimmora, L50, F|\n|poke|p1|Landorus-Therian, L50, M|\n|poke|p1|Umbreon, L50, M|\n|poke|p1|Flutter Mane, L50|\n|poke|p1|Urshifu-*, L50, F|\n|poke|p2|Bisharp, L50, F|\n|poke|p2|Baxcalibur, L50, M|\n|poke|p2|Ninetales-Alola, L50, F|\n|poke|p2|Frosmoth, L50, F|\n|poke|p2|Sableye, L50, M|\n|poke|p2|Landorus, L50, M|\n|teampreview|4\n|inactive|Battle timer is ON: inactive players will automatically lose when time's up. (requested by Jhonnyflames)\n|\n|t:|1701140697\n|start\n|switch|p1a: Umbreon|Umbreon, L50, M|100\/100\n|switch|p1b: Glimmora|Glimmora, L50, F|100\/100\n|switch|p2a: Ninetales|Ninetales-Alola, L50, F|100\/100\n|switch|p2b: Bisharp|Bisharp, L50, F, shiny|100\/100\n|-weather|Snow|[from] ability: Snow Warning|[of] p2a: Ninetales\n|turn|1\n|\n|t:|1701140717\n|move|p2a: Ninetales|Aurora Veil|p2a: Ninetales\n|-sidestart|p2: Jhonnyflames|move: Aurora Veil\n|move|p1b: Glimmora|Earth Power|p2b: Bisharp\n|-supereffective|p2b: Bisharp\n|-damage|p2b: Bisharp|70\/100\n|move|p2b: Bisharp|Iron Head|p1b: Glimmora\n|-supereffective|p1b: Glimmora\n|-damage|p1b: Glimmora|12\/100\n|-activate|p1b: Glimmora|ability: Toxic Debris\n|-sidestart|p2: Jhonnyflames|move: Toxic Spikes\n|move|p1a: Umbreon|Foul Play|p2b: Bisharp\n|-resisted|p2b: Bisharp\n|-damage|p2b: Bisharp|57\/100\n|\n|-weather|Snow|[upkeep]\n|upkeep\n|turn|2\n|inactive|Jhonnyflames has 30 seconds left.\n|\n|t:|1701140746\n|switch|p1b: Iron Hands|Iron Hands, L50|100\/100\n|move|p2a: Ninetales|Blizzard|p1a: Umbreon|[spread] p1a,p1b\n|-damage|p1a: Umbreon|79\/100\n|-damage|p1b: Iron Hands|73\/100\n|move|p2b: Bisharp|Iron Head|p1a: Umbreon\n|-damage|p1a: Umbreon|52\/100\n|move|p1a: Umbreon|Foul Play|p2b: Bisharp\n|-resisted|p2b: Bisharp\n|-damage|p2b: Bisharp|45\/100\n|\n|-weather|Snow|[upkeep]\n|-heal|p1a: Umbreon|58\/100|[from] item: Leftovers\n|upkeep\n|turn|3\n|inactive|Jhonnyflames has 30 seconds left.\n|\n|t:|1701140771\n|move|p2a: Ninetales|Protect|p2a: Ninetales\n|-singleturn|p2a: Ninetales|Protect\n|move|p1a: Umbreon|Protect|p1a: Umbreon\n|-singleturn|p1a: Umbreon|Protect\n|move|p1b: Iron Hands|Fake Out|p2a: Ninetales\n|-activate|p2a: Ninetales|move: Protect\n|move|p2b: Bisharp|Swords Dance|p2b: Bisharp\n|-boost|p2b: Bisharp|atk|2\n|\n|-weather|Snow|[upkeep]\n|-heal|p1a: Umbreon|64\/100|[from] item: Leftovers\n|upkeep\n|turn|4\n|inactive|Jhonnyflames has 30 seconds left.\n|inactive|Jhonnyflames has 20 seconds left.\n|inactive|Jhonnyflames has 15 seconds left.\n|inactive|Jhonnyflames has 10 seconds left.\n|\n|t:|1701140819\n|-terastallize|p2b: Bisharp|Poison\n|move|p1b: Iron Hands|Protect|p1b: Iron Hands\n|-singleturn|p1b: Iron Hands|Protect\n|move|p2a: Ninetales|Moonblast|p1a: Umbreon\n|-supereffective|p1a: Umbreon\n|-damage|p1a: Umbreon|11\/100\n|-unboost|p1a: Umbreon|spa|1\n|move|p2b: Bisharp|Low Kick|p1a: Umbreon\n|-supereffective|p1a: Umbreon\n|-damage|p1a: Umbreon|0 fnt\n|faint|p1a: Umbreon\n|\n|-weather|Snow|[upkeep]\n|upkeep\n|\n|t:|1701140836\n|switch|p1a: Urshifu|Urshifu-Rapid-Strike, L50, F|100\/100\n|turn|5\n|\n|t:|1701140851\n|move|p2b: Bisharp|Sucker Punch|p1a: Urshifu\n|-resisted|p1a: Urshifu\n|-damage|p1a: Urshifu|64\/100\n|move|p1a: Urshifu|Surging Strikes|p2b: Bisharp\n|-crit|p2b: Bisharp\n|-damage|p2b: Bisharp|30\/100\n|-crit|p2b: Bisharp\n|-damage|p2b: Bisharp|16\/100\n|-crit|p2b: Bisharp\n|-damage|p2b: Bisharp|0 fnt\n|faint|p2b: Bisharp\n|-hitcount|p2: Bisharp|3\n|move|p2a: Ninetales|Moonblast|p1a: Urshifu\n|-supereffective|p1a: Urshifu\n|-damage|p1a: Urshifu|0 fnt\n|faint|p1a: Urshifu\n|move|p1b: Iron Hands|Drain Punch|p2a: Ninetales\n|-damage|p2a: Ninetales|59\/100\n|-heal|p1b: Iron Hands|85\/100|[from] drain|[of] p2a: Ninetales\n|-damage|p1b: Iron Hands|75\/100|[from] item: Life Orb\n|\n|-weather|none\n|-sideend|p2: Jhonnyflames|move: Aurora Veil\n|upkeep\n|\n|t:|1701140869\n|switch|p1a: Glimmora|Glimmora, L50, F|12\/100\n|switch|p2b: Landorus|Landorus, L50, M|100\/100\n|turn|6\n|\n|t:|1701140880\n|move|p1b: Iron Hands|Protect|p1b: Iron Hands\n|-singleturn|p1b: Iron Hands|Protect\n|move|p2a: Ninetales|Moonblast|p1b: Iron Hands\n|-activate|p1b: Iron Hands|move: Protect\n|move|p2b: Landorus|Sandsear Storm|p1a: Glimmora|[spread] \n|-activate|p1b: Iron Hands|move: Protect\n|-miss|p2b: Landorus|p1a: Glimmora\n|move|p1a: Glimmora|Mortal Spin|p2b: Landorus|[spread] p2a,p2b\n|-supereffective|p2a: Ninetales\n|-resisted|p2b: Landorus\n|-damage|p2a: Ninetales|42\/100\n|-damage|p2b: Landorus|98\/100\n|-status|p2a: Ninetales|psn\n|-status|p2b: Landorus|psn\n|\n|-damage|p2a: Ninetales|30\/100 psn|[from] psn\n|-damage|p2b: Landorus|86\/100 psn|[from] psn\n|upkeep\n|turn|7\n|inactive|totorool has 30 seconds left.\n|\n|t:|1701140907\n|-terastallize|p1b: Iron Hands|Fighting\n|move|p2a: Ninetales|Moonblast|p1b: Iron Hands\n|-supereffective|p1b: Iron Hands\n|-damage|p1b: Iron Hands|3\/100\n|-unboost|p1b: Iron Hands|spa|1\n|move|p2b: Landorus|Sandsear Storm|p1b: Iron Hands|[spread] p1a,p1b\n|-supereffective|p1a: Glimmora\n|-damage|p1a: Glimmora|0 fnt\n|-damage|p1b: Iron Hands|0 fnt\n|faint|p1a: Glimmora\n|faint|p1b: Iron Hands\n|-end|p1b: Iron Hands|Quark Drive|[silent]\n|\n|win|Jhonnyflames\n|raw|totorool's rating: 1226 &rarr; <strong>1197<\/strong><br \/>(-29 for losing)\n|raw|Jhonnyflames's rating: 1174 &rarr; <strong>1203<\/strong><br \/>(+29 for winning)\n|l|\u2606totorool\n","uploadtime":1701141073,"views":13,"p1id":"totorool","p2id":"jhonnyflames","formatid":"gen9vgc2023regulatione","rating":1197,"private":0,"password":""}