{"id":"gen9vgc2023regulatione-1997718409","p1":"Myrtaro","p2":"Autumn0815","format":"[Gen 9] VGC 2023 Regulation E","log":"|j|\u2606Myrtaro\n|j|\u2606Autumn0815\n|t:|1700845267\n|gametype|doubles\n|player|p1|Myrtaro|1|1133\n|player|p2|Autumn0815|lady|1048\n|teamsize|p1|6\n|teamsize|p2|6\n|gen|9\n|tier|[Gen 9] VGC 2023 Regulation E\n|rated|\n|rule|Species Clause: Limit one of each Pok\u00e9mon\n|rule|Item Clause: Limit one of each item\n|clearpoke\n|poke|p1|Snorlax, L50, F|\n|poke|p1|Landorus-Therian, L50, M|\n|poke|p1|Sinistcha-Masterpiece, L50|\n|poke|p1|Kommo-o, L50, M|\n|poke|p1|Clefairy, L50, M|\n|poke|p1|Iron Hands, L50|\n|poke|p2|Rillaboom, L50, M|\n|poke|p2|Arcanine, L50, F|\n|poke|p2|Gastrodon, L50, F|\n|poke|p2|Roaring Moon, L50|\n|poke|p2|Sneasler, L50, F|\n|poke|p2|Gholdengo, L50|\n|teampreview|4\n|inactive|Battle timer is ON: inactive players will automatically lose when time's up. (requested by Autumn0815)\nMyrtaro has agreed to open team sheets.\n|inactive|Myrtaro has 60 seconds left.\n|inactive|Myrtaro has 30 seconds left.\nAutumn0815 has agreed to open team sheets.\n|\n|t:|1700845341\n|start\n|switch|p1a: Kommo-o|Kommo-o, L50, M|100\/100\n|switch|p1b: Landorus|Landorus-Therian, L50, M|100\/100\n|switch|p2a: Rillaboom|Rillaboom, L50, M|100\/100\n|switch|p2b: Roaring Moon|Roaring Moon, L50|100\/100\n|-ability|p1b: Landorus|Intimidate|boost\n|-unboost|p2a: Rillaboom|atk|1\n|-unboost|p2b: Roaring Moon|atk|1\n|-fieldstart|move: Grassy Terrain|[from] ability: Grassy Surge|[of] p2a: Rillaboom\n|-enditem|p2b: Roaring Moon|Booster Energy\n|-activate|p2b: Roaring Moon|ability: Protosynthesis|[fromitem]\n|-start|p2b: Roaring Moon|protosynthesisspe\n|turn|1\n|c|\u2606Autumn0815|Just trying to learn new strategies instead of being a one-trick-pony\n|inactive|Autumn0815 has 30 seconds left.\n|\n|t:|1700845371\n|-terastallize|p1b: Landorus|Flying\n|move|p1a: Kommo-o|Protect|p1a: Kommo-o\n|-singleturn|p1a: Kommo-o|Protect\n|move|p2a: Rillaboom|Fake Out|p1a: Kommo-o\n|-activate|p1a: Kommo-o|move: Protect\n|move|p2b: Roaring Moon|Tailwind|p2b: Roaring Moon\n|-sidestart|p2: Autumn0815|move: Tailwind\n|move|p1b: Landorus|Tera Blast|p2a: Rillaboom|[anim] Tera Blast Flying\n|-supereffective|p2a: Rillaboom\n|-damage|p2a: Rillaboom|0 fnt\n|faint|p2a: Rillaboom\n|\n|upkeep\n|\n|t:|1700845374\n|switch|p2a: Gholdengo|Gholdengo, L50|100\/100\n|turn|2\n|c|\u2606Myrtaro|hope you get some lesson here!\n|j| anotherhito\n|inactive|Myrtaro has 30 seconds left.\n|l| anotherhito\n|\n|t:|1700845405\n|switch|p1b: Clefairy|Clefairy, L50, M|100\/100\n|-terastallize|p2b: Roaring Moon|Flying\n|move|p2b: Roaring Moon|Acrobatics|p1b: Clefairy\n|-damage|p1b: Clefairy|67\/100\n|move|p2a: Gholdengo|Trick|p1a: Kommo-o\n|-activate|p2a: Gholdengo|move: Trick|[of] p1a: Kommo-o\n|-item|p1a: Kommo-o|Choice Specs|[from] move: Trick\n|-item|p2a: Gholdengo|Throat Spray|[from] move: Trick\n|move|p1a: Kommo-o|Clangorous Soul|p1a: Kommo-o\n|-boost|p1a: Kommo-o|atk|1\n|-boost|p1a: Kommo-o|def|1\n|-boost|p1a: Kommo-o|spa|1\n|-boost|p1a: Kommo-o|spd|1\n|-boost|p1a: Kommo-o|spe|1\n|-damage|p1a: Kommo-o|68\/100\n|\n|-heal|p1a: Kommo-o|74\/100|[from] Grassy Terrain\n|-heal|p1b: Clefairy|73\/100|[from] Grassy Terrain\n|upkeep\n|turn|3\n|inactive|Myrtaro has 30 seconds left.\n|inactive|Myrtaro has 20 seconds left.\n|\n|t:|1700845440\n|switch|p1a: Landorus|Landorus-Therian, L50, M, tera:Flying|100\/100\n|-ability|p1a: Landorus|Intimidate|boost\n|-unboost|p2a: Gholdengo|atk|1\n|-unboost|p2b: Roaring Moon|atk|1\n|move|p2b: Roaring Moon|Knock Off|p1b: Clefairy\n|-resisted|p1b: Clefairy\n|-crit|p1b: Clefairy\n|-damage|p1b: Clefairy|38\/100\n|-enditem|p1b: Clefairy|Eviolite|[from] move: Knock Off|[of] p2b: Roaring Moon\n|move|p2a: Gholdengo|Make It Rain|p1a: Landorus|[spread] p1a,p1b\n|-supereffective|p1b: Clefairy\n|-damage|p1a: Landorus|51\/100\n|-damage|p1b: Clefairy|0 fnt\n|-unboost|p2a: Gholdengo|spa|1\n|faint|p1b: Clefairy\n|\n|upkeep\n|\n|t:|1700845455\n|switch|p1b: Sinistcha|Sinistcha-Masterpiece, L50|100\/100\n|-heal|p1a: Landorus|76\/100|[from] ability: Hospitality|[of] p1b: Sinistcha\n|turn|4\n|inactive|Myrtaro has 30 seconds left.\n|\n|t:|1700845480\n|switch|p2a: Sneasler|Sneasler, L50, F|100\/100\n|-enditem|p2a: Sneasler|Grassy Seed\n|-boost|p2a: Sneasler|def|1|[from] item: Grassy Seed\n|move|p2b: Roaring Moon|Acrobatics|p1b: Sinistcha\n|-supereffective|p1b: Sinistcha\n|-damage|p1b: Sinistcha|56\/100\n|move|p1a: Landorus|Stomping Tantrum|p2a: Sneasler\n|-supereffective|p2a: Sneasler\n|-damage|p2a: Sneasler|9\/100\n|move|p1b: Sinistcha|Strength Sap|p2b: Roaring Moon\n|-unboost|p2b: Roaring Moon|atk|1\n|-heal|p1b: Sinistcha|100\/100\n|\n|-heal|p2a: Sneasler|15\/100|[from] Grassy Terrain\n|-sideend|p2: Autumn0815|move: Tailwind\n|upkeep\n|turn|5\n|\n|t:|1700845502\n|move|p1b: Sinistcha|Rage Powder|p1b: Sinistcha\n|-singleturn|p1b: Sinistcha|move: Rage Powder\n|move|p2a: Sneasler|Acrobatics|p1b: Sinistcha\n|-supereffective|p1b: Sinistcha\n|-damage|p1b: Sinistcha|26\/100\n|move|p2b: Roaring Moon|Acrobatics|p1b: Sinistcha\n|-supereffective|p1b: Sinistcha\n|-damage|p1b: Sinistcha|0 fnt\n|faint|p1b: Sinistcha\n|move|p1a: Landorus|Stomping Tantrum|p2a: Sneasler\n|-supereffective|p2a: Sneasler\n|-damage|p2a: Sneasler|0 fnt\n|faint|p2a: Sneasler\n|\n|-fieldend|move: Grassy Terrain\n|upkeep\n|\n|t:|1700845514\n|switch|p2a: Gholdengo|Gholdengo, L50|100\/100\n|switch|p1b: Kommo-o|Kommo-o, L50, M|74\/100\n|turn|6\n|\n|t:|1700845533\n|move|p1b: Kommo-o|Protect|p1b: Kommo-o\n|-singleturn|p1b: Kommo-o|Protect\n|move|p2b: Roaring Moon|Tailwind|p2b: Roaring Moon\n|-sidestart|p2: Autumn0815|move: Tailwind\n|move|p1a: Landorus|Stomping Tantrum|p2a: Gholdengo\n|-supereffective|p2a: Gholdengo\n|-damage|p2a: Gholdengo|18\/100\n|move|p2a: Gholdengo|Shadow Ball|p1a: Landorus\n|-damage|p1a: Landorus|16\/100\n|\n|upkeep\n|turn|7\n|\n|t:|1700845552\n|move|p1b: Kommo-o|Protect||[still]\n|-fail|p1b: Kommo-o\n|move|p2b: Roaring Moon|Acrobatics|p1a: Landorus\n|-damage|p1a: Landorus|0 fnt\n|faint|p1a: Landorus\n|move|p2a: Gholdengo|Make It Rain|p1b: Kommo-o\n|-damage|p1b: Kommo-o|0 fnt\n|-unboost|p2a: Gholdengo|spa|1\n|faint|p1b: Kommo-o\n|\n|win|Autumn0815\n|raw|Myrtaro's rating: 1133 &rarr; <strong>1102<\/strong><br \/>(-31 for losing)\n|raw|Autumn0815's rating: 1048 &rarr; <strong>1089<\/strong><br \/>(+41 for winning)\n|c|\u2606Autumn0815|GG\n|c|\u2606Myrtaro|don't protect your spechs\n|c|\u2606Myrtaro|lesson 1\n|c|\u2606Myrtaro|gg\n|l|\u2606Myrtaro\n","uploadtime":1700845583,"views":10,"p1id":"myrtaro","p2id":"autumn0815","formatid":"gen9vgc2023regulatione","rating":1089,"private":0,"password":""}