{"id":"gen9vgc2023regulatione-1992625229","p1":"Refanner","p2":"RobertoCarlos99","format":"[Gen 9] VGC 2023 Regulation E","log":"|j|\u2606Refanner\n|j|\u2606RobertoCarlos99\n|t:|1700216703\n|gametype|doubles\n|player|p1|Refanner|1|1332\n|player|p2|RobertoCarlos99|ltsurge|1416\n|teamsize|p1|6\n|teamsize|p2|6\n|gen|9\n|tier|[Gen 9] VGC 2023 Regulation E\n|rated|\n|rule|Species Clause: Limit one of each Pok\u00e9mon\n|rule|Item Clause: Limit one of each item\n|clearpoke\n|poke|p1|Glimmora, L50, M|\n|poke|p1|Urshifu-*, L50, F|\n|poke|p1|Tornadus, L50, M|\n|poke|p1|Ogerpon, L50, F|\n|poke|p1|Landorus-Therian, L50, M|\n|poke|p1|Regieleki, L50|\n|poke|p2|Grimmsnarl, L50, M|\n|poke|p2|Gholdengo, L50|\n|poke|p2|Ogerpon, L50, F|\n|poke|p2|Moltres, L50|\n|poke|p2|Iron Hands, L50|\n|poke|p2|Landorus-Therian, L50, M|\n|teampreview|4\n|inactive|Battle timer is ON: inactive players will automatically lose when time's up. (requested by RobertoCarlos99)\nRobertoCarlos99 rejected open team sheets.\n|inactive|Refanner has 60 seconds left.\n|inactive|Refanner has 30 seconds left.\n|inactive|Refanner has 20 seconds left.\n|inactive|Refanner has 15 seconds left.\n|inactive|Refanner has 10 seconds left.\n|\n|t:|1700216844\n|start\n|switch|p1a: Urshifu|Urshifu, L50, F|100\/100\n|switch|p1b: Landorus|Landorus-Therian, L50, M|100\/100\n|switch|p2a: Grimmsnarl|Grimmsnarl, L50, M|100\/100\n|switch|p2b: Gholdengo|Gholdengo, L50|100\/100\n|-ability|p1b: Landorus|Intimidate|boost\n|-unboost|p2a: Grimmsnarl|atk|1\n|-unboost|p2b: Gholdengo|atk|1\n|turn|1\n|inactive|RobertoCarlos99 has 30 seconds left.\n|\n|t:|1700216876\n|move|p2a: Grimmsnarl|Fake Out|p1b: Landorus\n|-damage|p1b: Landorus|90\/100\n|cant|p1b: Landorus|flinch\n|move|p1a: Urshifu|Wicked Blow|p2b: Gholdengo\n|-supereffective|p2b: Gholdengo\n|-crit|p2b: Gholdengo\n|-damage|p2b: Gholdengo|0 fnt\n|faint|p2b: Gholdengo\n|\n|upkeep\n|\n|t:|1700216885\n|switch|p2b: Iron Hands|Iron Hands, L50|100\/100\n|turn|2\n|\n|t:|1700216902\n|move|p2b: Iron Hands|Fake Out|p1b: Landorus\n|-crit|p1b: Landorus\n|-damage|p1b: Landorus|64\/100\n|move|p2a: Grimmsnarl|Thunder Wave|p1a: Urshifu\n|-hint|Since gen 7, Dark is immune to Prankster moves.\n|-immune|p1a: Urshifu\n|cant|p1b: Landorus|flinch\n|move|p1a: Urshifu|Substitute|p1a: Urshifu\n|-start|p1a: Urshifu|Substitute\n|-damage|p1a: Urshifu|76\/100\n|\n|upkeep\n|turn|3\n|\n|t:|1700216923\n|move|p1b: Landorus|Stomping Tantrum|p2b: Iron Hands\n|-supereffective|p2b: Iron Hands\n|-damage|p2b: Iron Hands|0 fnt\n|faint|p2b: Iron Hands\n|-end|p2b: Iron Hands|Quark Drive|[silent]\n|move|p1a: Urshifu|Close Combat|p2a: Grimmsnarl\n|-damage|p2a: Grimmsnarl|20\/100\n|-unboost|p1a: Urshifu|def|1\n|-unboost|p1a: Urshifu|spd|1\n|move|p2a: Grimmsnarl|Spirit Break|p1a: Urshifu\n|-supereffective|p1a: Urshifu\n|-end|p1a: Urshifu|Substitute\n|\n|upkeep\n|\n|t:|1700216934\n|switch|p2b: Moltres|Moltres, L50|100\/100\n|turn|4\n|\n|t:|1700216949\n|-terastallize|p1a: Urshifu|Fire\n|-terastallize|p2b: Moltres|Fairy\n|move|p1b: Landorus|Stomping Tantrum|p2a: Grimmsnarl\n|-damage|p2a: Grimmsnarl|0 fnt\n|faint|p2a: Grimmsnarl\n|move|p1a: Urshifu|Wicked Blow|p2b: Moltres\n|-resisted|p2b: Moltres\n|-crit|p2b: Moltres\n|-damage|p2b: Moltres|67\/100\n|move|p2b: Moltres|Heat Wave|p1a: Urshifu|[spread] p1a,p1b\n|-resisted|p1a: Urshifu\n|-damage|p1a: Urshifu|42\/100\n|-damage|p1b: Landorus|18\/100\n|\n|upkeep\n|turn|5\n|\n|t:|1700216968\n|switch|p1b: Glimmora|Glimmora, L50, M|100\/100\n|move|p1a: Urshifu|Wicked Blow|p2b: Moltres\n|-resisted|p2b: Moltres\n|-crit|p2b: Moltres\n|-damage|p2b: Moltres|35\/100\n|move|p2b: Moltres|Air Slash|p1a: Urshifu\n|-damage|p1a: Urshifu|0 fnt\n|faint|p1a: Urshifu\n|\n|upkeep\n|\n|t:|1700216977\n|switch|p1a: Landorus|Landorus-Therian, L50, M|18\/100\n|-ability|p1a: Landorus|Intimidate|boost\n|-unboost|p2b: Moltres|atk|1\n|turn|6\n|\n|t:|1700216983\n|move|p1a: Landorus|Stomping Tantrum|p2b: Moltres\n|-damage|p2b: Moltres|0 fnt\n|-status|p1a: Landorus|brn|[from] ability: Flame Body|[of] p2b: Moltres\n|faint|p2b: Moltres\n|\n|win|Refanner\n|raw|Refanner's rating: 1332 &rarr; <strong>1357<\/strong><br \/>(+25 for winning)\n|raw|RobertoCarlos99's rating: 1416 &rarr; <strong>1391<\/strong><br \/>(-25 for losing)\n|l|\u2606RobertoCarlos99\n","uploadtime":1700216992,"views":15,"p1id":"refanner","p2id":"robertocarlos99","formatid":"gen9vgc2023regulatione","rating":1357,"private":0,"password":""}