{"id":"gen9vgc2023regulatione-1989138233","p1":"OceanRayClark","p2":"05Snicker","format":"[Gen 9] VGC 2023 Regulation E","log":"|j|\u2606OceanRayClark\n|j|\u260605Snicker\n|t:|1699816319\n|gametype|doubles\n|player|p1|OceanRayClark|marshal|1101\n|player|p2|05Snicker|ghetsis-gen5bw|1080\n|teamsize|p1|6\n|teamsize|p2|6\n|gen|9\n|tier|[Gen 9] VGC 2023 Regulation E\n|rated|\n|rule|Species Clause: Limit one of each Pok\u00e9mon\n|rule|Item Clause: Limit one of each item\n|clearpoke\n|poke|p1|Annihilape, L50, M|\n|poke|p1|Gallade, L50, M|\n|poke|p1|Iron Hands, L50|\n|poke|p1|Glimmora, L50, F|\n|poke|p1|Ninetales-Alola, L50, F|\n|poke|p1|Haxorus, L50, M|\n|poke|p2|Farigiraf, L50, M|\n|poke|p2|Ursaluna-Bloodmoon, L50, M|\n|poke|p2|Clefairy, L50, M|\n|poke|p2|Kingambit, L50, F|\n|poke|p2|Urshifu-*, L50, M|\n|poke|p2|Arcanine-Hisui, L50, F|\n|teampreview|4\n|inactive|Battle timer is ON: inactive players will automatically lose when time's up. (requested by 05Snicker)\nOceanRayClark rejected open team sheets.\n|inactive|OceanRayClark has 60 seconds left.\n|inactive|05Snicker has 60 seconds left.\n|inactive|OceanRayClark has 30 seconds left.\n|inactive|OceanRayClark has 20 seconds left.\n|inactive|OceanRayClark has 15 seconds left.\n|\n|t:|1699816399\n|start\n|switch|p1a: Milky Rose\ud83c\udf39|Glimmora, L50, F|100\/100\n|switch|p1b: Princess|Ninetales-Alola, L50, F|100\/100\n|switch|p2a: Farigiraf|Farigiraf, L50, M|100\/100\n|switch|p2b: Clefairy|Clefairy, L50, M|100\/100\n|-weather|Snow|[from] ability: Snow Warning|[of] p1b: Princess\n|turn|1\n|\n|t:|1699816416\n|move|p1b: Princess|Blizzard|p2b: Clefairy|[spread] p2a,p2b\n|-damage|p2a: Farigiraf|79\/100\n|-damage|p2b: Clefairy|81\/100\n|move|p1a: Milky Rose\ud83c\udf39|Sludge Bomb|p2b: Clefairy\n|-supereffective|p2b: Clefairy\n|-damage|p2b: Clefairy|25\/100\n|move|p2a: Farigiraf|Nasty Plot|p2a: Farigiraf\n|-boost|p2a: Farigiraf|spa|2\n|move|p2b: Clefairy|Thunder Wave|p1b: Princess\n|-status|p1b: Princess|par\n|\n|-weather|Snow|[upkeep]\n|upkeep\n|turn|2\n|\n|t:|1699816434\n|move|p2b: Clefairy|Helping Hand|p2a: Farigiraf\n|-singleturn|p2a: Farigiraf|Helping Hand|[of] p2b: Clefairy\n|move|p1a: Milky Rose\ud83c\udf39|Sludge Bomb|p2b: Clefairy\n|-supereffective|p2b: Clefairy\n|-damage|p2b: Clefairy|0 fnt\n|faint|p2b: Clefairy\n|move|p2a: Farigiraf|Dazzling Gleam|p1b: Princess|[spread] p1a,p1b\n|-resisted|p1a: Milky Rose\ud83c\udf39\n|-damage|p1a: Milky Rose\ud83c\udf39|67\/100\n|-damage|p1b: Princess|38\/100 par\n|move|p1b: Princess|Blizzard|p2a: Farigiraf\n|-damage|p2a: Farigiraf|40\/100\n|\n|-weather|Snow|[upkeep]\n|-heal|p1a: Milky Rose\ud83c\udf39|73\/100|[from] item: Black Sludge\n|upkeep\n|\n|t:|1699816443\n|switch|p2b: Urshifu|Urshifu-Rapid-Strike, L50, M|100\/100\n|turn|3\n|inactive|05Snicker has 30 seconds left.\n|\n|t:|1699816473\n|move|p2b: Urshifu|Surging Strikes|p1a: Milky Rose\ud83c\udf39\n|-supereffective|p1a: Milky Rose\ud83c\udf39\n|-crit|p1a: Milky Rose\ud83c\udf39\n|-damage|p1a: Milky Rose\ud83c\udf39|15\/100\n|-activate|p1a: Milky Rose\ud83c\udf39|ability: Toxic Debris\n|-sidestart|p2: 05Snicker|move: Toxic Spikes\n|-supereffective|p1a: Milky Rose\ud83c\udf39\n|-crit|p1a: Milky Rose\ud83c\udf39\n|-damage|p1a: Milky Rose\ud83c\udf39|0 fnt\n|-activate|p1a: Milky Rose\ud83c\udf39|ability: Toxic Debris\n|-sidestart|p2: 05Snicker|move: Toxic Spikes\n|faint|p1a: Milky Rose\ud83c\udf39\n|-hitcount|p1: Milky Rose\ud83c\udf39|2\n|move|p2a: Farigiraf|Dazzling Gleam|p1b: Princess\n|-damage|p1b: Princess|0 fnt\n|faint|p1b: Princess\n|\n|-weather|Snow|[upkeep]\n|upkeep\n|\n|t:|1699816487\n|switch|p1b: Soul Slicer|Gallade, L50, M|100\/100\n|switch|p1a: Draco|Haxorus, L50, M, shiny|100\/100\n|-ability|p1a: Draco|Mold Breaker\n|turn|4\n|\n|t:|1699816512\n|-terastallize|p2b: Urshifu|Water\n|-terastallize|p1a: Draco|Steel\n|move|p1b: Soul Slicer|Wide Guard|p1b: Soul Slicer\n|-singleturn|p1b: Soul Slicer|Wide Guard\n|move|p2b: Urshifu|Surging Strikes|p1a: Draco\n|-crit|p1a: Draco\n|-damage|p1a: Draco|63\/100\n|-crit|p1a: Draco\n|-damage|p1a: Draco|28\/100\n|-crit|p1a: Draco\n|-damage|p1a: Draco|0 fnt\n|faint|p1a: Draco\n|-hitcount|p1: Draco|3\n|move|p2a: Farigiraf|Dazzling Gleam|p1b: Soul Slicer\n|-activate|p1b: Soul Slicer|move: Wide Guard\n|\n|-weather|Snow|[upkeep]\n|upkeep\n|turn|5\n|c|\u2606OceanRayClark|legendaries are so broken lol how do you sleep at night?\n|inactive|OceanRayClark has 30 seconds left.\n|c|\u260605Snicker|L\n|\n|t:|1699816537\n|move|p2b: Urshifu|Surging Strikes|p1b: Soul Slicer\n|-crit|p1b: Soul Slicer\n|-damage|p1b: Soul Slicer|56\/100\n|-crit|p1b: Soul Slicer\n|-damage|p1b: Soul Slicer|7\/100\n|-crit|p1b: Soul Slicer\n|-damage|p1b: Soul Slicer|0 fnt\n|faint|p1b: Soul Slicer\n|-hitcount|p1: Soul Slicer|3\n|\n|win|05Snicker\n|raw|OceanRayClark's rating: 1101 &rarr; <strong>1074<\/strong><br \/>(-27 for losing)\n|raw|05Snicker's rating: 1080 &rarr; <strong>1110<\/strong><br \/>(+30 for winning)\n|c|\u2606OceanRayClark|lmao\n|c|\u2606OceanRayClark|gg\n","uploadtime":1699816547,"views":15,"p1id":"oceanrayclark","p2id":"05snicker","formatid":"gen9vgc2023regulatione","rating":1074,"private":0,"password":""}