{"id":"gen9vgc2023regulatione-1994089572","p1":"Hiurrot92","p2":"mrmissouri25","format":"[Gen 9] VGC 2023 Regulation E","log":"|j|\u2606Hiurrot92\n|j|\u2606mrmissouri25\n|t:|1700405500\n|gametype|doubles\n|player|p1|Hiurrot92|acetrainer-gen4dp|1073\n|player|p2|mrmissouri25|2|1165\n|teamsize|p1|6\n|teamsize|p2|6\n|gen|9\n|tier|[Gen 9] VGC 2023 Regulation E\n|rated|\n|rule|Species Clause: Limit one of each Pok\u00e9mon\n|rule|Item Clause: Limit one of each item\n|clearpoke\n|poke|p1|Toxapex, L50, M|\n|poke|p1|Sableye, L50, F|\n|poke|p1|Glimmora, L50, F|\n|poke|p1|Chien-Pao, L50|\n|poke|p1|Landorus-Therian, L50, M|\n|poke|p1|Ogerpon, L50, F|\n|poke|p2|Slowking, L50, F|\n|poke|p2|Mudsdale, L50, F|\n|poke|p2|Roaring Moon, L50|\n|poke|p2|Heatran, L50, F|\n|poke|p2|Rillaboom, L50, F|\n|poke|p2|Iron Hands, L50|\n|teampreview|4\n|inactive|Battle timer is ON: inactive players will automatically lose when time's up. (requested by mrmissouri25)\n|j| Ruberaichu72\n|inactive|Hiurrot92 has 60 seconds left.\n|\n|t:|1700405532\n|start\n|switch|p1a: Glimmora|Glimmora, L50, F|100\/100\n|switch|p1b: Sableye|Sableye, L50, F|100\/100\n|switch|p2a: Slowking|Slowking, L50, F|100\/100\n|switch|p2b: Iron Hands|Iron Hands, L50|100\/100\n|turn|1\n|inactive|Hiurrot92 has 30 seconds left.\n|inactive|mrmissouri25 has 30 seconds left.\n|\n|t:|1700405562\n|-terastallize|p2a: Slowking|Dark\n|move|p1b: Sableye|Fake Out|p2b: Iron Hands\n|-damage|p2b: Iron Hands|95\/100\n|move|p1a: Glimmora|Mortal Spin|p2b: Iron Hands|[spread] p2a,p2b\n|-damage|p2a: Slowking|97\/100\n|-damage|p2b: Iron Hands|92\/100\n|-status|p2b: Iron Hands|psn\n|cant|p2b: Iron Hands|flinch\n|move|p2a: Slowking|Trick Room|p2a: Slowking\n|-fieldstart|move: Trick Room|[of] p2a: Slowking\n|\n|-damage|p2b: Iron Hands|80\/100 psn|[from] psn\n|upkeep\n|turn|2\n|inactive|Hiurrot92 has 30 seconds left.\n|inactive|Hiurrot92 has 20 seconds left.\n|inactive|Hiurrot92 has 15 seconds left.\n|\n|t:|1700405606\n|-end|p2b: Iron Hands|Quark Drive|[silent]\n|switch|p2b: Mudsdale|Mudsdale, L50, F|100\/100\n|move|p1b: Sableye|Quash||[still]\n|-fail|p1b: Sableye\n|move|p2a: Slowking|Swagger|p2b: Mudsdale\n|-boost|p2b: Mudsdale|atk|2\n|-immune|p2b: Mudsdale|confusion|[from] ability: Own Tempo\n|move|p1a: Glimmora|Earth Power|p2b: Mudsdale\n|-damage|p2b: Mudsdale|69\/100\n|\n|upkeep\n|turn|3\n|inactive|Hiurrot92 has 30 seconds left.\n|inactive|Hiurrot92 has 20 seconds left.\n|\n|t:|1700405644\n|switch|p1b: Landorus|Landorus-Therian, L50, M|100\/100\n|-ability|p1b: Landorus|Intimidate|boost\n|-unboost|p2a: Slowking|atk|1\n|-fail|p2b: Mudsdale|unboost|Attack|[from] ability: Own Tempo|[of] p2b: Mudsdale\n|switch|p1a: Toxapex|Toxapex, L50, M|100\/100\n|move|p2b: Mudsdale|Protect|p2b: Mudsdale\n|-singleturn|p2b: Mudsdale|Protect\n|move|p2a: Slowking|Scald|p1a: Toxapex\n|-resisted|p1a: Toxapex\n|-damage|p1a: Toxapex|89\/100\n|-status|p1a: Toxapex|brn\n|\n|-damage|p1a: Toxapex|83\/100 brn|[from] brn\n|upkeep\n|turn|4\n|inactive|Hiurrot92 has 30 seconds left.\n|inactive|Hiurrot92 has 20 seconds left.\n|inactive|Hiurrot92 has 15 seconds left.\n|inactive|Hiurrot92 has 10 seconds left.\n|\n|t:|1700405691\n|-terastallize|p1a: Toxapex|Grass\n|move|p2a: Slowking|Swagger|p2b: Mudsdale|[miss]\n|-miss|p2a: Slowking|p2b: Mudsdale\n|move|p2b: Mudsdale|Rock Slide|p1b: Landorus|[spread] p1a,p1b\n|-damage|p1a: Toxapex|48\/100 brn\n|-damage|p1b: Landorus|56\/100\n|move|p1a: Toxapex|Hydro Pump|p2b: Mudsdale\n|-supereffective|p2b: Mudsdale\n|-damage|p2b: Mudsdale|0 fnt\n|faint|p2b: Mudsdale\n|move|p1b: Landorus|U-turn|p2a: Slowking\n|-supereffective|p2a: Slowking\n|-damage|p2a: Slowking|53\/100\n|\n|t:|1700405705\n|switch|p1b: Glimmora|Glimmora, L50, F|100\/100|[from] U-turn\n|\n|-damage|p1a: Toxapex|42\/100 brn|[from] brn\n|upkeep\n|\n|t:|1700405712\n|switch|p2b: Roaring Moon|Roaring Moon, L50|100\/100\n|-enditem|p2b: Roaring Moon|Booster Energy\n|-activate|p2b: Roaring Moon|ability: Protosynthesis|[fromitem]\n|-start|p2b: Roaring Moon|protosynthesisatk\n|turn|5\n|inactive|Hiurrot92 has 30 seconds left.\n|\n|t:|1700405737\n|move|p2a: Slowking|Scald|p1b: Glimmora\n|-supereffective|p1b: Glimmora\n|-damage|p1b: Glimmora|59\/100\n|move|p1a: Toxapex|Hydro Pump|p2a: Slowking\n|-damage|p2a: Slowking|7\/100\n|move|p1b: Glimmora|Mortal Spin|p2a: Slowking|[spread] p2a,p2b\n|-damage|p2a: Slowking|4\/100\n|-damage|p2b: Roaring Moon|95\/100\n|-status|p2b: Roaring Moon|psn\n|move|p2b: Roaring Moon|Acrobatics|p1a: Toxapex\n|-supereffective|p1a: Toxapex\n|-damage|p1a: Toxapex|0 fnt\n|faint|p1a: Toxapex\n|\n|-damage|p2b: Roaring Moon|83\/100 psn|[from] psn\n|-fieldend|move: Trick Room\n|upkeep\n|\n|t:|1700405758\n|switch|p1a: Landorus|Landorus-Therian, L50, M|56\/100\n|-ability|p1a: Landorus|Intimidate|boost\n|-unboost|p2a: Slowking|atk|1\n|-unboost|p2b: Roaring Moon|atk|1\n|turn|6\n|inactive|Hiurrot92 has 30 seconds left.\n|\n|t:|1700405785\n|move|p2a: Slowking|Protect|p2a: Slowking\n|-singleturn|p2a: Slowking|Protect\n|move|p1a: Landorus|U-turn|p2a: Slowking\n|-activate|p2a: Slowking|move: Protect\n|move|p2b: Roaring Moon|Knock Off|p1a: Landorus\n|-damage|p1a: Landorus|0 fnt\n|-enditem|p1a: Landorus|Choice Scarf|[from] move: Knock Off|[of] p2b: Roaring Moon\n|faint|p1a: Landorus\n|move|p1b: Glimmora|Earth Power|p2b: Roaring Moon\n|-damage|p2b: Roaring Moon|52\/100 psn\n|\n|-damage|p2b: Roaring Moon|39\/100 psn|[from] psn\n|upkeep\n|\n|t:|1700405797\n|switch|p1a: Sableye|Sableye, L50, F|100\/100\n|turn|7\n|inactive|Hiurrot92 has 30 seconds left.\n|\n|t:|1700405827\n|switch|p2a: Iron Hands|Iron Hands, L50|80\/100 psn\n|move|p1a: Sableye|Fake Out|p2a: Iron Hands\n|-damage|p2a: Iron Hands|74\/100 psn\n|move|p2b: Roaring Moon|Knock Off|p1b: Glimmora\n|-damage|p1b: Glimmora|10\/100\n|-activate|p1b: Glimmora|ability: Toxic Debris\n|-sidestart|p2: mrmissouri25|move: Toxic Spikes\n|-enditem|p1b: Glimmora|Assault Vest|[from] move: Knock Off|[of] p2b: Roaring Moon\n|move|p1b: Glimmora|Sludge Bomb|p2b: Roaring Moon\n|-damage|p2b: Roaring Moon|0 fnt\n|faint|p2b: Roaring Moon\n|-end|p2b: Roaring Moon|Protosynthesis|[silent]\n|\n|-damage|p2a: Iron Hands|62\/100 psn|[from] psn\n|upkeep\n|\n|t:|1700405839\n|switch|p2b: Slowking|Slowking, L50, F, tera:Dark|37\/100\n|-status|p2b: Slowking|psn\n|turn|8\n|\n|t:|1700405862\n|move|p2a: Iron Hands|Fake Out|p1b: Glimmora\n|-resisted|p1b: Glimmora\n|-damage|p1b: Glimmora|2\/100\n|-activate|p1b: Glimmora|ability: Toxic Debris\n|-sidestart|p2: mrmissouri25|move: Toxic Spikes\n|move|p1a: Sableye|Quash||[still]\n|-fail|p1a: Sableye\n|cant|p1b: Glimmora|flinch\n|move|p2b: Slowking|Scald|p1b: Glimmora\n|-supereffective|p1b: Glimmora\n|-damage|p1b: Glimmora|0 fnt\n|faint|p1b: Glimmora\n|\n|-damage|p2a: Iron Hands|50\/100 psn|[from] psn\n|-damage|p2b: Slowking|25\/100 psn|[from] psn\n|upkeep\n|turn|9\n|\n|t:|1700405886\n|move|p1a: Sableye|Encore|p2a: Iron Hands\n|-start|p2a: Iron Hands|Encore\n|move|p2a: Iron Hands|Fake Out||[still]\n|-hint|Fake Out only works on your first turn out.\n|-fail|p2a: Iron Hands\n|move|p2b: Slowking|Scald|p1a: Sableye\n|-damage|p1a: Sableye|69\/100\n|\n|-damage|p2a: Iron Hands|37\/100 psn|[from] psn\n|-damage|p2b: Slowking|12\/100 psn|[from] psn\n|upkeep\n|turn|10\n|\n|t:|1700405899\n|move|p2a: Iron Hands|Fake Out||[still]\n|-hint|Fake Out only works on your first turn out.\n|-fail|p2a: Iron Hands\n|move|p1a: Sableye|Disable|p2a: Iron Hands\n|-start|p2a: Iron Hands|Disable|Fake Out\n|move|p2b: Slowking|Scald|p1a: Sableye\n|-damage|p1a: Sableye|35\/100\n|-status|p1a: Sableye|brn\n|\n|-damage|p2a: Iron Hands|25\/100 psn|[from] psn\n|-damage|p2b: Slowking|0 fnt|[from] psn\n|faint|p2b: Slowking\n|-damage|p1a: Sableye|29\/100 brn|[from] brn\n|upkeep\n|turn|11\n|\n|t:|1700405918\n|move|p1a: Sableye|Quash|p2a: Iron Hands\n|-activate|p2a: Iron Hands|move: Quash\n|-activate|p2a: Iron Hands|move: Struggle\n|move|p2a: Iron Hands|Struggle|p1a: Sableye\n|-damage|p1a: Sableye|0 fnt\n|faint|p1a: Sableye\n|-damage|p2a: Iron Hands|0 fnt|[from] recoil\n|faint|p2a: Iron Hands\n|-end|p2a: Iron Hands|Quark Drive|[silent]\n|\n|win|mrmissouri25\n|raw|Hiurrot92's rating: 1073 &rarr; <strong>1057<\/strong><br \/>(-16 for losing)\n|raw|mrmissouri25's rating: 1165 &rarr; <strong>1184<\/strong><br \/>(+19 for winning)\n|l|\u2606Hiurrot92\n","uploadtime":1700405935,"views":21,"p1id":"hiurrot92","p2id":"mrmissouri25","formatid":"gen9vgc2023regulatione","rating":1057,"private":0,"password":""}