{"id":"gen9vgc2023regulatione-1993188880","p1":"Muksmell888","p2":"j1m13o","format":"[Gen 9] VGC 2023 Regulation E","log":"|j|\u2606Muksmell888\n|j|\u2606j1m13o\n|t:|1700275712\n|gametype|doubles\n|player|p1|Muksmell888|zinzolin|1023\n|player|p2|j1m13o|101|1113\n|teamsize|p1|6\n|teamsize|p2|6\n|gen|9\n|tier|[Gen 9] VGC 2023 Regulation E\n|rated|\n|rule|Species Clause: Limit one of each Pok\u00e9mon\n|rule|Item Clause: Limit one of each item\n|clearpoke\n|poke|p1|Avalugg-Hisui, L50, M|\n|poke|p1|Dipplin, L50, M|\n|poke|p1|Klefki, L50, F|\n|poke|p1|Abomasnow, L50, M|\n|poke|p1|Enamorus-Therian, L50, F|\n|poke|p1|Chien-Pao, L50|\n|poke|p2|Ursaluna-Bloodmoon, L50, M|\n|poke|p2|Torkoal, L50, M|\n|poke|p2|Dusclops, L50, M|\n|poke|p2|Clefable, L50, F|\n|poke|p2|Glastrier, L50|\n|poke|p2|Urshifu-*, L50, F|\n|teampreview|4\nj1m13o rejected open team sheets.\n|\n|t:|1700275754\n|start\n|switch|p1a: Dipplin|Dipplin, L50, M|100\/100\n|switch|p1b: Chien-Pao|Chien-Pao, L50|100\/100\n|switch|p2a: Mr. Hands|Dusclops, L50, M|100\/100\n|switch|p2b: Urshifu|Urshifu-Rapid-Strike, L50, F|100\/100\n|-ability|p1b: Chien-Pao|Sword of Ruin\n|-ability|p1a: Dipplin|Supersweet Syrup\n|-ability|p1a: Dipplin|Supersweet Syrup|boost\n|-unboost|p2a: Mr. Hands|evasion|1\n|-unboost|p2b: Urshifu|evasion|1\n|-item|p1a: Dipplin|Eviolite|[from] ability: Frisk|[of] p2a: Mr. Hands|[identify]\n|-item|p1b: Chien-Pao|Focus Sash|[from] ability: Frisk|[of] p2a: Mr. Hands|[identify]\n|turn|1\n|inactive|Battle timer is ON: inactive players will automatically lose when time's up. (requested by Muksmell888)\n|inactive|j1m13o has 60 seconds left.\n|\n|t:|1700275792\n|move|p1b: Chien-Pao|Sucker Punch||[still]\n|-fail|p1b: Chien-Pao\n|move|p2b: Urshifu|Rock Slide|p1a: Dipplin|[spread] p1a,p1b\n|-supereffective|p1b: Chien-Pao\n|-damage|p1a: Dipplin|88\/100\n|-damage|p1b: Chien-Pao|48\/100\n|move|p2a: Mr. Hands|Taunt|p1a: Dipplin\n|-start|p1a: Dipplin|move: Taunt\n|move|p1a: Dipplin|Dragon Tail|p2b: Urshifu\n|-damage|p2b: Urshifu|76\/100\n|drag|p2b: Buddy|Torkoal, L50, M|100\/100\n|-weather|SunnyDay|[from] ability: Drought|[of] p2b: Buddy\n|\n|-weather|SunnyDay|[upkeep]\n|upkeep\n|turn|2\n|inactive|Muksmell888 has 30 seconds left.\n|inactive|j1m13o has 30 seconds left.\n|\n|t:|1700275825\n|switch|p2a: Urshifu|Urshifu-Rapid-Strike, L50, F|76\/100\n|move|p2b: Buddy|Protect|p2b: Buddy\n|-singleturn|p2b: Buddy|Protect\n|move|p1b: Chien-Pao|Sacred Sword|p2b: Buddy\n|-activate|p2b: Buddy|move: Protect\n|move|p1a: Dipplin|Pollen Puff|p1b: Chien-Pao\n|-heal|p1b: Chien-Pao|97\/100\n|\n|-weather|SunnyDay|[upkeep]\n|upkeep\n|turn|3\n|\n|t:|1700275847\n|switch|p1b: Abomasnow|Abomasnow, L50, M|100\/100\n|-weather|Snow|[from] ability: Snow Warning|[of] p1b: Abomasnow\n|switch|p2b: Mr. Hands|Dusclops, L50, M|100\/100\n|-item|p1a: Dipplin|Eviolite|[from] ability: Frisk|[of] p2b: Mr. Hands|[identify]\n|-item|p1b: Abomasnow|Occa Berry|[from] ability: Frisk|[of] p2b: Mr. Hands|[identify]\n|move|p2a: Urshifu|Close Combat|p1b: Abomasnow\n|-supereffective|p1b: Abomasnow\n|-damage|p1b: Abomasnow|15\/100\n|-unboost|p2a: Urshifu|def|1\n|-unboost|p2a: Urshifu|spd|1\n|move|p1a: Dipplin|Dragon Tail|p2a: Urshifu\n|-crit|p2a: Urshifu\n|-damage|p2a: Urshifu|36\/100\n|drag|p2a: Buddy|Torkoal, L50, M|100\/100\n|-weather|SunnyDay|[from] ability: Drought|[of] p2a: Buddy\n|\n|-weather|SunnyDay|[upkeep]\n|-end|p1a: Dipplin|move: Taunt\n|upkeep\n|turn|4\n|inactive|Muksmell888 has 30 seconds left.\n|inactive|Muksmell888 has 20 seconds left.\n|\n|t:|1700275884\n|move|p2a: Buddy|Protect|p2a: Buddy\n|-singleturn|p2a: Buddy|Protect\n|move|p1b: Abomasnow|Leech Seed|p2b: Mr. Hands\n|-start|p2b: Mr. Hands|move: Leech Seed\n|move|p1a: Dipplin|Dragon Tail|p2a: Buddy\n|-activate|p2a: Buddy|move: Protect\n|move|p2b: Mr. Hands|Trick Room|p2b: Mr. Hands\n|-fieldstart|move: Trick Room|[of] p2b: Mr. Hands\n|\n|-weather|SunnyDay|[upkeep]\n|-damage|p2b: Mr. Hands|88\/100|[from] Leech Seed|[of] p1b: Abomasnow\n|-heal|p1b: Abomasnow|24\/100|[silent]\n|upkeep\n|turn|5\n|\n|t:|1700275908\n|move|p1b: Abomasnow|Protect|p1b: Abomasnow\n|-singleturn|p1b: Abomasnow|Protect\n|move|p2a: Buddy|Eruption|p1b: Abomasnow|[spread] p1a\n|-activate|p1b: Abomasnow|move: Protect\n|-damage|p1a: Dipplin|22\/100\n|move|p2b: Mr. Hands|Taunt|p1a: Dipplin\n|-start|p1a: Dipplin|move: Taunt\n|move|p1a: Dipplin|Pollen Puff|p1b: Abomasnow\n|-activate|p1b: Abomasnow|move: Protect\n|\n|-weather|SunnyDay|[upkeep]\n|-damage|p2b: Mr. Hands|76\/100|[from] Leech Seed|[of] p1b: Abomasnow\n|-heal|p1b: Abomasnow|33\/100|[silent]\n|upkeep\n|turn|6\n|inactive|Muksmell888 has 30 seconds left.\n|\n|t:|1700275935\n|move|p2b: Mr. Hands|Helping Hand|p2a: Buddy\n|-singleturn|p2a: Buddy|Helping Hand|[of] p2b: Mr. Hands\n|move|p2a: Buddy|Eruption|p1b: Abomasnow|[spread] p1a,p1b\n|-supereffective|p1b: Abomasnow\n|-enditem|p1b: Abomasnow|Occa Berry|[eat]\n|-enditem|p1b: Abomasnow|Occa Berry|[weaken]\n|-damage|p1a: Dipplin|0 fnt\n|-damage|p1b: Abomasnow|0 fnt\n|faint|p1a: Dipplin\n|faint|p1b: Abomasnow\n|\n|-weather|SunnyDay|[upkeep]\n|upkeep\n|\n|t:|1700275945\n|switch|p1a: Chien-Pao|Chien-Pao, L50|97\/100\n|switch|p1b: Enamorus|Enamorus-Therian, L50, F|100\/100\n|-ability|p1a: Chien-Pao|Sword of Ruin\n|turn|7\n|inactive|Muksmell888 has 30 seconds left.\n|\n|t:|1700275979\n|-terastallize|p1a: Chien-Pao|Fighting\n|move|p2a: Buddy|Protect|p2a: Buddy\n|-singleturn|p2a: Buddy|Protect\n|move|p2b: Mr. Hands|Protect|p2b: Mr. Hands\n|-singleturn|p2b: Mr. Hands|Protect\n|move|p1b: Enamorus|Dazzling Gleam|p2a: Buddy|[spread] \n|-activate|p2a: Buddy|move: Protect\n|-activate|p2b: Mr. Hands|move: Protect\n|move|p1a: Chien-Pao|Sacred Sword|p2a: Buddy\n|-activate|p2a: Buddy|move: Protect\n|\n|-weather|none\n|-damage|p2b: Mr. Hands|64\/100|[from] Leech Seed|[of] p1b: Enamorus\n|upkeep\n|turn|8\n|\n|t:|1700276003\n|move|p2b: Mr. Hands|Helping Hand|p2a: Buddy\n|-singleturn|p2a: Buddy|Helping Hand|[of] p2b: Mr. Hands\n|move|p2a: Buddy|Eruption|p1a: Chien-Pao|[spread] p1a,p1b\n|-damage|p1a: Chien-Pao|0 fnt\n|-damage|p1b: Enamorus|20\/100\n|faint|p1a: Chien-Pao\n|move|p1b: Enamorus|Dazzling Gleam|p2a: Buddy|[spread] p2a,p2b\n|-resisted|p2a: Buddy\n|-damage|p2a: Buddy|63\/100\n|-damage|p2b: Mr. Hands|37\/100\n|\n|-damage|p2b: Mr. Hands|25\/100|[from] Leech Seed|[of] p1b: Enamorus\n|-heal|p1b: Enamorus|30\/100|[silent]\n|-fieldend|move: Trick Room\n|upkeep\n|turn|9\n|\n|t:|1700276020\n|move|p2a: Buddy|Protect|p2a: Buddy\n|-singleturn|p2a: Buddy|Protect\n|move|p1b: Enamorus|Dazzling Gleam|p2a: Buddy|[spread] p2b\n|-activate|p2a: Buddy|move: Protect\n|-damage|p2b: Mr. Hands|0 fnt\n|faint|p2b: Mr. Hands\n|\n|upkeep\n|\n|t:|1700276026\n|switch|p2b: Urshifu|Urshifu-Rapid-Strike, L50, F|36\/100\n|turn|10\n|\n|t:|1700276032\n|move|p2b: Urshifu|Surging Strikes|p1b: Enamorus\n|-crit|p1b: Enamorus\n|-damage|p1b: Enamorus|10\/100\n|-crit|p1b: Enamorus\n|-damage|p1b: Enamorus|0 fnt\n|faint|p1b: Enamorus\n|-hitcount|p1: Enamorus|2\n|\n|win|j1m13o\n|raw|Muksmell888's rating: 1023 &rarr; <strong>1013<\/strong><br \/>(-10 for losing)\n|raw|j1m13o's rating: 1113 &rarr; <strong>1132<\/strong><br \/>(+19 for winning)\n|l|\u2606Muksmell888\n","uploadtime":1700276037,"views":12,"p1id":"muksmell888","p2id":"j1m13o","formatid":"gen9vgc2023regulatione","rating":1013,"private":0,"password":""}