{"id":"gen9vgc2023regulatione-1994442164","p1":"kiddy123","p2":"Jop 34 in a row","format":"[Gen 9] VGC 2023 Regulation E","log":"|j|\u2606kiddy123\n|j|\u2606Jop 34 in a row\n|t:|1700444399\n|gametype|doubles\n|player|p1|kiddy123|unknown|1089\n|player|p2|Jop 34 in a row|lillie|1034\n|teamsize|p1|6\n|teamsize|p2|6\n|gen|9\n|tier|[Gen 9] VGC 2023 Regulation E\n|rated|\n|rule|Species Clause: Limit one of each Pok\u00e9mon\n|rule|Item Clause: Limit one of each item\n|clearpoke\n|poke|p1|Urshifu-*, L50, F|\n|poke|p1|Staraptor, L50, F|\n|poke|p1|Ursaluna, L50, M|\n|poke|p1|Scream Tail, L50|\n|poke|p1|Clefairy, L50, M|\n|poke|p1|Farigiraf, L50, F|\n|poke|p2|Heatran, L50, F|\n|poke|p2|Amoonguss, L50, M|\n|poke|p2|Iron Hands, L50|\n|poke|p2|Flutter Mane, L50|\n|poke|p2|Landorus-Therian, L50, M|\n|poke|p2|Roaring Moon, L50|\n|teampreview|4\n|inactive|Battle timer is ON: inactive players will automatically lose when time's up. (requested by kiddy123)\n|inactive|Jop 34 in a row has 60 seconds left.\n|inactive|Jop 34 in a row has 30 seconds left.\n|inactive|Jop 34 in a row has 20 seconds left.\n|inactive|Jop 34 in a row has 15 seconds left.\n|\n|t:|1700444476\n|start\n|switch|p1a: Staraptor|Staraptor, L50, F|100\/100\n|switch|p1b: Scream Tail|Scream Tail, L50|100\/100\n|switch|p2a: Roaring Moon|Roaring Moon, L50, shiny|100\/100\n|switch|p2b: Heatran|Heatran, L50, F|100\/100\n|-ability|p1a: Staraptor|Intimidate|boost\n|-unboost|p2a: Roaring Moon|atk|1\n|-unboost|p2b: Heatran|atk|1\n|-enditem|p2a: Roaring Moon|Booster Energy\n|-activate|p2a: Roaring Moon|ability: Protosynthesis|[fromitem]\n|-start|p2a: Roaring Moon|protosynthesisspe\n|turn|1\n|\n|t:|1700444492\n|-end|p1b: Scream Tail|Protosynthesis|[silent]\n|switch|p1b: Urshifu|Urshifu, L50, F|100\/100\n|move|p2a: Roaring Moon|Protect|p2a: Roaring Moon\n|-singleturn|p2a: Roaring Moon|Protect\n|move|p1a: Staraptor|Final Gambit|p2b: Heatran\n|-damage|p2b: Heatran|20\/100\n|faint|p1a: Staraptor\n|move|p2b: Heatran|Flash Cannon|p1b: Urshifu\n|-damage|p1b: Urshifu|34\/100\n|\n|-heal|p2b: Heatran|26\/100|[from] item: Leftovers\n|upkeep\n|\n|t:|1700444501\n|switch|p1a: Scream Tail|Scream Tail, L50|100\/100\n|turn|2\n|\n|t:|1700444513\n|switch|p2b: Amoonguss|Amoonguss, L50, M, shiny|100\/100\n|move|p2a: Roaring Moon|Tailwind|p2a: Roaring Moon\n|-sidestart|p2: Jop 34 in a row|move: Tailwind\n|move|p1b: Urshifu|U-turn|p2a: Roaring Moon\n|-supereffective|p2a: Roaring Moon\n|-damage|p2a: Roaring Moon|24\/100\n|\n|t:|1700444521\n|switch|p1b: Ursaluna|Ursaluna, L50, M|100\/100|[from] U-turn\n|move|p1a: Scream Tail|Trick Room|p1a: Scream Tail\n|-fieldstart|move: Trick Room|[of] p1a: Scream Tail\n|\n|-status|p1b: Ursaluna|brn|[from] item: Flame Orb\n|upkeep\n|turn|3\n|\n|t:|1700444537\n|move|p1a: Scream Tail|Helping Hand|p1b: Ursaluna\n|-singleturn|p1b: Ursaluna|Helping Hand|[of] p1a: Scream Tail\n|move|p2b: Amoonguss|Rage Powder|p2b: Amoonguss\n|-singleturn|p2b: Amoonguss|move: Rage Powder\n|move|p1b: Ursaluna|Swords Dance|p1b: Ursaluna\n|-boost|p1b: Ursaluna|atk|2\n|move|p2a: Roaring Moon|Breaking Swipe|p1b: Ursaluna|[spread] p1b\n|-immune|p1a: Scream Tail\n|-damage|p1b: Ursaluna|91\/100 brn\n|-unboost|p1b: Ursaluna|atk|1\n|\n|-damage|p1b: Ursaluna|85\/100 brn|[from] brn\n|upkeep\n|turn|4\n|\n|t:|1700444554\n|move|p1a: Scream Tail|Helping Hand|p1b: Ursaluna\n|-singleturn|p1b: Ursaluna|Helping Hand|[of] p1a: Scream Tail\n|move|p2b: Amoonguss|Protect|p2b: Amoonguss\n|-singleturn|p2b: Amoonguss|Protect\n|move|p1b: Ursaluna|Earthquake|p2b: Amoonguss|[spread] p1a,p2a\n|-activate|p2b: Amoonguss|move: Protect\n|-damage|p1a: Scream Tail|0 fnt\n|-damage|p2a: Roaring Moon|0 fnt\n|faint|p1a: Scream Tail\n|-end|p1a: Scream Tail|Protosynthesis|[silent]\n|faint|p2a: Roaring Moon\n|-end|p2a: Roaring Moon|Protosynthesis|[silent]\n|\n|-damage|p1b: Ursaluna|79\/100 brn|[from] brn\n|upkeep\n|\n|t:|1700444564\n|switch|p1a: Urshifu|Urshifu, L50, F|34\/100\n|switch|p2a: Iron Hands|Iron Hands, L50|100\/100\n|turn|5\n|\n|t:|1700444575\n|-terastallize|p1b: Ursaluna|Ghost\n|move|p2a: Iron Hands|Fake Out|p1b: Ursaluna\n|-immune|p1b: Ursaluna\n|move|p2b: Amoonguss|Spore|p1a: Urshifu\n|-status|p1a: Urshifu|slp|[from] move: Spore\n|move|p1b: Ursaluna|Facade|p2b: Amoonguss\n|-damage|p2b: Amoonguss|0 fnt\n|faint|p2b: Amoonguss\n|cant|p1a: Urshifu|slp\n|\n|-damage|p1b: Ursaluna|73\/100 brn|[from] brn\n|-sideend|p2: Jop 34 in a row|move: Tailwind\n|upkeep\n|\n|t:|1700444586\n|switch|p2b: Heatran|Heatran, L50, F|26\/100\n|turn|6\n|\n|t:|1700444594\n|move|p2b: Heatran|Protect|p2b: Heatran\n|-singleturn|p2b: Heatran|Protect\n|move|p1b: Ursaluna|Earthquake|p2b: Heatran|[spread] p1a,p2a\n|-activate|p2b: Heatran|move: Protect\n|-supereffective|p2a: Iron Hands\n|-damage|p1a: Urshifu|0 fnt\n|-damage|p2a: Iron Hands|0 fnt\n|faint|p1a: Urshifu\n|faint|p2a: Iron Hands\n|-end|p2a: Iron Hands|Quark Drive|[silent]\n|\n|-heal|p2b: Heatran|32\/100|[from] item: Leftovers\n|-damage|p1b: Ursaluna|68\/100 brn|[from] brn\n|-fieldend|move: Trick Room\n|upkeep\n|turn|7\n|\n|t:|1700444605\n|move|p2b: Heatran|Flamethrower|p1b: Ursaluna\n|-crit|p1b: Ursaluna\n|-damage|p1b: Ursaluna|0 fnt\n|faint|p1b: Ursaluna\n|\n|win|Jop 34 in a row\n|raw|kiddy123's rating: 1089 &rarr; <strong>1062<\/strong><br \/>(-27 for losing)\n|raw|Jop 34 in a row's rating: 1034 &rarr; <strong>1074<\/strong><br \/>(+40 for winning)\n","uploadtime":1700444613,"views":7,"p1id":"kiddy123","p2id":"jop34inarow","formatid":"gen9vgc2023regulatione","rating":1062,"private":0,"password":""}