{"id":"gen9vgc2023regulatione-1993183139","p1":"Tenken11","p2":"Eleisson4","format":"[Gen 9] VGC 2023 Regulation E","log":"|j|\u2606Tenken11\n|j|\u2606Eleisson4\n|n|\u2606Tenken11|tenken11\n|n|\u2606Eleisson4|eleisson4\n|html|View the match progress at <a href=\"\/game-bestof3-gen9vgc2023regulatione-1993181360\">game-bestof3-gen9vgc2023regulatione-1993181360<\/a>\n|t:|1700274978\n|gametype|doubles\n|player|p1|Tenken11|1|\n|player|p2|Eleisson4|169|\n|teamsize|p1|6\n|teamsize|p2|6\n|gen|9\n|tier|[Gen 9] VGC 2023 Regulation E\n|rule|Species Clause: Limit one of each Pok\u00e9mon\n|rule|Item Clause: Limit one of each item\n|clearpoke\n|poke|p1|Sinistcha, L50|\n|poke|p1|Moltres-Galar, L50|\n|poke|p1|Grimmsnarl, L50, M|\n|poke|p1|Arcanine-Hisui, L50, M|\n|poke|p1|Milotic, L50, F|\n|poke|p1|Iron Hands, L50|\n|poke|p2|Iron Hands, L50|\n|poke|p2|Flutter Mane, L50|\n|poke|p2|Chien-Pao, L50|\n|poke|p2|Amoonguss, L50, F|\n|poke|p2|Heatran, L50, F|\n|poke|p2|Ogerpon-Wellspring, L50, F|\n|teampreview|4\nEleisson4 has agreed to open team sheets.\n|c|\u2606Eleisson4|hermano\n|c|\u2606Eleisson4|la hoja\nTenken11 has agreed to open team sheets.\n|showteam|p1|Sinistcha||RockyHelmet|Hospitality|MatchaGotcha,RagePowder,LifeDew,TrickRoom||||||50|,,,,,Dragon]Moltres-Galar||SitrusBerry|Berserk|FieryWrath,AirSlash,NastyPlot,Protect||||||50|,,,,,Poison]Grimmsnarl||LightClay|Prankster|LowKick,LightScreen,Reflect,PartingShot|||M|||50|,,,,,Fire]Arcanine-Hisui||ChoiceBand|Intimidate|ExtremeSpeed,RockSlide,FlareBlitz,TeraBlast|||M|||50|,,,,,Fairy]Milotic||WideLens|Competitive|HydroPump,IcyWind,Hypnosis,LifeDew|||F|||50|,,,,,Grass]Iron Hands||AssaultVest|QuarkDrive|DrainPunch,WildCharge,HeavySlam,FakeOut||||||50|,,,,,Water\n|showteam|p2|Iron Hands||BoosterEnergy|QuarkDrive|Earthquake,IcePunch,WildCharge,DrainPunch||||||50|,,,,,Ground]Flutter Mane||ChoiceSpecs|Protosynthesis|MysticalFire,ShadowBall,DazzlingGleam,PowerGem||||||50|,,,,,Fairy]Chien-Pao||FocusSash|SwordofRuin|IceSpinner,SuckerPunch,PsychicFangs,Protect||||||50|,,,,,Ghost]Amoonguss||AguavBerry|Regenerator|Spore,RagePowder,PollenPuff,ClearSmog|||F|||50|,,,,,Water]Heatran||SitrusBerry|FlashFire|HeatWave,FlashCannon,EarthPower,Protect|||F|||50|,,,,,Grass]Ogerpon-Wellspring||WellspringMask|WaterAbsorb|IvyCudgel,HornLeech,Taunt,Protect|||F|||50|,,,,,Water\n|c|\u2606Eleisson4|eso\n|\n|t:|1700275034\n|start\n|switch|p1a: Iron Hands|Iron Hands, L50|100\/100\n|switch|p1b: Arcanine|Arcanine-Hisui, L50, M|100\/100\n|switch|p2a: Iron Hands|Iron Hands, L50, shiny|100\/100\n|switch|p2b: Flutter Mane|Flutter Mane, L50|100\/100\n|-ability|p1b: Arcanine|Intimidate|boost\n|-unboost|p2a: Iron Hands|atk|1\n|-unboost|p2b: Flutter Mane|atk|1\n|-enditem|p2a: Iron Hands|Booster Energy\n|-activate|p2a: Iron Hands|ability: Quark Drive|[fromitem]\n|-start|p2a: Iron Hands|quarkdriveatk\n|turn|1\n|\n|t:|1700275055\n|move|p1a: Iron Hands|Fake Out|p2a: Iron Hands\n|-damage|p2a: Iron Hands|88\/100\n|move|p2b: Flutter Mane|Dazzling Gleam|p1b: Arcanine|[spread] p1a,p1b\n|-supereffective|p1a: Iron Hands\n|-resisted|p1b: Arcanine\n|-damage|p1a: Iron Hands|50\/100\n|-damage|p1b: Arcanine|72\/100\n|move|p1b: Arcanine|Flare Blitz|p2a: Iron Hands\n|-damage|p2a: Iron Hands|24\/100\n|-status|p2a: Iron Hands|brn\n|-damage|p1b: Arcanine|45\/100|[from] Recoil\n|cant|p2a: Iron Hands|flinch\n|\n|-damage|p2a: Iron Hands|18\/100 brn|[from] brn\n|upkeep\n|turn|2\n|\n|t:|1700275079\n|-end|p1a: Iron Hands|Quark Drive|[silent]\n|switch|p1a: Sinistcha|Sinistcha, L50|100\/100\n|-heal|p1b: Arcanine|69\/100|[from] ability: Hospitality|[of] p1a: Sinistcha\n|move|p2b: Flutter Mane|Dazzling Gleam|p1a: Sinistcha|[spread] p1a,p1b\n|-resisted|p1b: Arcanine\n|-damage|p1a: Sinistcha|54\/100\n|-damage|p1b: Arcanine|38\/100\n|move|p1b: Arcanine|Flare Blitz|p2b: Flutter Mane\n|-crit|p2b: Flutter Mane\n|-damage|p2b: Flutter Mane|0 fnt\n|faint|p2b: Flutter Mane\n|-end|p2b: Flutter Mane|Protosynthesis|[silent]\n|-damage|p1b: Arcanine|14\/100|[from] Recoil\n|move|p2a: Iron Hands|Drain Punch|p1b: Arcanine\n|-supereffective|p1b: Arcanine\n|-damage|p1b: Arcanine|0 fnt\n|-heal|p2a: Iron Hands|23\/100 brn|[from] drain|[of] p1b: Arcanine\n|faint|p1b: Arcanine\n|\n|-damage|p2a: Iron Hands|17\/100 brn|[from] brn\n|upkeep\n|\n|t:|1700275097\n|switch|p2b: Heatran|Heatran, L50, F, shiny|100\/100\n|switch|p1b: Iron Hands|Iron Hands, L50|50\/100\n|turn|3\n|\n|t:|1700275113\n|-terastallize|p1a: Sinistcha|Dragon\n|move|p2b: Heatran|Protect|p2b: Heatran\n|-singleturn|p2b: Heatran|Protect\n|move|p1a: Sinistcha|Life Dew|p1a: Sinistcha|[spread] p1a,p1b\n|-heal|p1a: Sinistcha|79\/100\n|-heal|p1b: Iron Hands|75\/100\n|move|p1b: Iron Hands|Drain Punch|p2b: Heatran\n|-activate|p2b: Heatran|move: Protect\n|move|p2a: Iron Hands|Drain Punch|p1b: Iron Hands\n|-damage|p1b: Iron Hands|62\/100\n|-heal|p2a: Iron Hands|24\/100 brn|[from] drain|[of] p1b: Iron Hands\n|\n|-damage|p2a: Iron Hands|18\/100 brn|[from] brn\n|upkeep\n|turn|4\n|\n|t:|1700275186\n|-terastallize|p2b: Heatran|Grass\n|move|p2b: Heatran|Heat Wave|p1b: Iron Hands|[spread] p1a,p1b\n|-resisted|p1a: Sinistcha\n|-damage|p1a: Sinistcha|62\/100\n|-damage|p1b: Iron Hands|43\/100\n|move|p1a: Sinistcha|Life Dew|p1a: Sinistcha|[spread] p1a,p1b\n|-heal|p1a: Sinistcha|87\/100\n|-heal|p1b: Iron Hands|68\/100\n|move|p1b: Iron Hands|Drain Punch|p2b: Heatran\n|-damage|p2b: Heatran|54\/100\n|-heal|p1b: Iron Hands|85\/100|[from] drain|[of] p2b: Heatran\n|move|p2a: Iron Hands|Wild Charge|p1a: Sinistcha\n|-resisted|p1a: Sinistcha\n|-damage|p1a: Sinistcha|77\/100\n|-damage|p2a: Iron Hands|1\/100 brn|[from] item: Rocky Helmet|[of] p1a: Sinistcha\n|-damage|p2a: Iron Hands|0 fnt|[from] Recoil\n|faint|p2a: Iron Hands\n|-end|p2a: Iron Hands|Quark Drive|[silent]\n|\n|upkeep\n|\n|t:|1700275203\n|switch|p2a: Chien-Pao|Chien-Pao, L50|100\/100\n|-ability|p2a: Chien-Pao|Sword of Ruin\n|turn|5\n|\n|t:|1700275217\n|move|p2a: Chien-Pao|Ice Spinner|p1a: Sinistcha\n|-supereffective|p1a: Sinistcha\n|-damage|p1a: Sinistcha|0 fnt\n|-damage|p2a: Chien-Pao|84\/100|[from] item: Rocky Helmet|[of] p1a: Sinistcha\n|faint|p1a: Sinistcha\n|move|p2b: Heatran|Earth Power|p1b: Iron Hands\n|-supereffective|p1b: Iron Hands\n|-damage|p1b: Iron Hands|48\/100\n|move|p1b: Iron Hands|Drain Punch|p2a: Chien-Pao\n|-supereffective|p2a: Chien-Pao\n|-damage|p2a: Chien-Pao|0 fnt\n|-heal|p1b: Iron Hands|77\/100|[from] drain|[of] p2a: Chien-Pao\n|faint|p2a: Chien-Pao\n|\n|upkeep\n|\n|t:|1700275221\n|switch|p1a: Moltres|Moltres-Galar, L50|100\/100\n|turn|6\n|\n|t:|1700275233\n|move|p2b: Heatran|Earth Power|p1b: Iron Hands\n|-supereffective|p1b: Iron Hands\n|-damage|p1b: Iron Hands|38\/100\n|move|p1a: Moltres|Air Slash|p2b: Heatran\n|-supereffective|p2b: Heatran\n|-damage|p2b: Heatran|0 fnt\n|faint|p2b: Heatran\n|\n|win|Tenken11\n|c|&|\/uhtml prompt-eleisson4,Eleisson4 is ready for game 3!\n|c|&|\/uhtml prompt-tenken11,Tenken11 is ready for game 3!\nBoth players are ready! Starting next match!\n|l|\u2606Tenken11\n|j|\u2606Tenken11\n|player|p1|Tenken11|1\n","uploadtime":1700275505,"views":14,"p1id":"tenken11","p2id":"eleisson4","formatid":"gen9vgc2023regulatione","rating":0,"private":0,"password":""}