{"id":"gen9vgc2023regulatione-1993102254","p1":"Joshlove2020","p2":"zakpokechile","format":"[Gen 9] VGC 2023 Regulation E","log":"|j|\u2606Joshlove2020\n|j|\u2606zakpokechile\n|t:|1700264994\n|gametype|doubles\n|player|p1|Joshlove2020|170|1216\n|player|p2|zakpokechile|lance|1140\n|teamsize|p1|6\n|teamsize|p2|6\n|gen|9\n|tier|[Gen 9] VGC 2023 Regulation E\n|rated|\n|rule|Species Clause: Limit one of each Pok\u00e9mon\n|rule|Item Clause: Limit one of each item\n|clearpoke\n|poke|p1|Maushold-Four, L50|\n|poke|p1|Annihilape, L50, M|\n|poke|p1|Chi-Yu, L50|\n|poke|p1|Flutter Mane, L50|\n|poke|p1|Ogerpon-Wellspring, L50, F|\n|poke|p1|Iron Hands, L50|\n|poke|p2|Flutter Mane, L50|\n|poke|p2|Tornadus, L50, M|\n|poke|p2|Iron Bundle, L50|\n|poke|p2|Arcanine-Hisui, L50, F|\n|poke|p2|Rillaboom, L50, M|\n|poke|p2|Kommo-o, L50, M|\n|teampreview|4\n|\n|t:|1700265009\n|start\n|switch|p1a: Annihilape|Annihilape, L50, M|100\/100\n|switch|p1b: Maushold|Maushold-Four, L50|100\/100\n|switch|p2a: Tornadus|Tornadus, L50, M|100\/100\n|switch|p2b: Arcanine|Arcanine-Hisui, L50, F|100\/100\n|-ability|p2b: Arcanine|Intimidate|boost\n|-unboost|p1a: Annihilape|atk|1\n|-ability|p1a: Annihilape|Defiant|boost\n|-boost|p1a: Annihilape|atk|2\n|-unboost|p1b: Maushold|atk|1\n|turn|1\n|\n|t:|1700265036\n|-terastallize|p1a: Annihilape|Fire\n|move|p2a: Tornadus|Scary Face|p1b: Maushold\n|-unboost|p1b: Maushold|spe|2\n|move|p2b: Arcanine|Will-O-Wisp|p1a: Annihilape\n|-immune|p1a: Annihilape\n|move|p1a: Annihilape|Drain Punch|p2b: Arcanine\n|-supereffective|p2b: Arcanine\n|-damage|p2b: Arcanine|0 fnt\n|faint|p2b: Arcanine\n|move|p1b: Maushold|Encore|p2a: Tornadus\n|-start|p2a: Tornadus|Encore\n|\n|upkeep\n|\n|t:|1700265042\n|switch|p2b: Kommo-o|Kommo-o, L50, M|100\/100\n|turn|2\n|inactive|Battle timer is ON: inactive players will automatically lose when time's up. (requested by zakpokechile)\n|\n|t:|1700265069\n|move|p2a: Tornadus|Scary Face|p1b: Maushold\n|-unboost|p1b: Maushold|spe|2\n|move|p1a: Annihilape|Bulk Up|p1a: Annihilape\n|-boost|p1a: Annihilape|atk|1\n|-boost|p1a: Annihilape|def|1\n|move|p2b: Kommo-o|Iron Defense|p2b: Kommo-o\n|-boost|p2b: Kommo-o|def|2\n|move|p1b: Maushold|Encore|p2b: Kommo-o\n|-start|p2b: Kommo-o|Encore\n|\n|upkeep\n|turn|3\n|\n|t:|1700265089\n|move|p2a: Tornadus|Scary Face|p1b: Maushold\n|-unboost|p1b: Maushold|spe|2\n|move|p1a: Annihilape|Drain Punch|p2b: Kommo-o\n|-damage|p2b: Kommo-o|76\/100\n|move|p2b: Kommo-o|Iron Defense|p2b: Kommo-o\n|-boost|p2b: Kommo-o|def|2\n|move|p1b: Maushold|Beat Up|p1a: Annihilape\n|-damage|p1a: Annihilape|99\/100\n|-damage|p1a: Annihilape|99\/100\n|-damage|p1a: Annihilape|98\/100\n|-damage|p1a: Annihilape|97\/100\n|-hitcount|p1a: Annihilape|4\n|\n|-heal|p1a: Annihilape|100\/100|[from] item: Leftovers\n|-heal|p2b: Kommo-o|82\/100|[from] item: Leftovers\n|upkeep\n|turn|4\n|inactive|Joshlove2020 has 30 seconds left.\n|\n|t:|1700265121\n|switch|p2a: Flutter Mane|Flutter Mane, L50|100\/100\n|switch|p1b: Iron Hands|Iron Hands, L50|100\/100\n|move|p1a: Annihilape|Rage Fist|p2a: Flutter Mane\n|-supereffective|p2a: Flutter Mane\n|-damage|p2a: Flutter Mane|0 fnt\n|faint|p2a: Flutter Mane\n|-end|p2a: Flutter Mane|Protosynthesis|[silent]\n|move|p2b: Kommo-o|Iron Defense|p2b: Kommo-o\n|-boost|p2b: Kommo-o|def|2\n|\n|-heal|p2b: Kommo-o|88\/100|[from] item: Leftovers\n|upkeep\n|\n|t:|1700265126\n|switch|p2a: Tornadus|Tornadus, L50, M|100\/100\n|turn|5\n|\n|t:|1700265136\n|move|p2a: Tornadus|Bleakwind Storm|p1b: Iron Hands|[spread] p1a,p1b\n|-damage|p1a: Annihilape|71\/100\n|-damage|p1b: Iron Hands|83\/100\n|-unboost|p1a: Annihilape|spe|1\n|-ability|p1a: Annihilape|Defiant|boost\n|-boost|p1a: Annihilape|atk|2\n|move|p2b: Kommo-o|Iron Defense|p2b: Kommo-o\n|-boost|p2b: Kommo-o|def|0\n|move|p1a: Annihilape|Rage Fist|p2a: Tornadus\n|-damage|p2a: Tornadus|0 fnt\n|-damage|p1a: Annihilape|54\/100|[from] item: Rocky Helmet|[of] p2a: Tornadus\n|faint|p2a: Tornadus\n|move|p1b: Iron Hands|Volt Switch|p2b: Kommo-o\n|-resisted|p2b: Kommo-o\n|-damage|p2b: Kommo-o|83\/100\n|\n|t:|1700265146\n|-end|p1b: Iron Hands|Quark Drive|[silent]\n|switch|p1b: Maushold|Maushold-Four, L50|100\/100|[from] Volt Switch\n|\n|-heal|p2b: Kommo-o|89\/100|[from] item: Leftovers\n|-heal|p1a: Annihilape|60\/100|[from] item: Leftovers\n|-end|p2b: Kommo-o|Encore\n|upkeep\n|turn|6\n|\n|t:|1700265155\n|move|p2b: Kommo-o|Protect|p2b: Kommo-o\n|-singleturn|p2b: Kommo-o|Protect\n|move|p1b: Maushold|Encore|p2b: Kommo-o\n|-activate|p2b: Kommo-o|move: Protect\n|move|p1a: Annihilape|Rage Fist|p2b: Kommo-o\n|-activate|p2b: Kommo-o|move: Protect\n|\n|-heal|p2b: Kommo-o|95\/100|[from] item: Leftovers\n|-heal|p1a: Annihilape|66\/100|[from] item: Leftovers\n|upkeep\n|turn|7\n|c|\u2606Joshlove2020|gg\n|-message|zakpokechile forfeited.\n|\n|win|Joshlove2020\n|raw|Joshlove2020's rating: 1216 &rarr; <strong>1236<\/strong><br \/>(+20 for winning)\n|raw|zakpokechile's rating: 1140 &rarr; <strong>1120<\/strong><br \/>(-20 for losing)\n|l|\u2606zakpokechile\n|l|\u2606Joshlove2020\n|j|\u2606Joshlove2020\n|player|p1|Joshlove2020|170\n","uploadtime":1700265233,"views":23,"p1id":"joshlove2020","p2id":"zakpokechile","formatid":"gen9vgc2023regulatione","rating":1120,"private":0,"password":""}