{"id":"gen9vgc2023regulatione-1992507021","p1":"VillagerZz","p2":"BBjaguar","format":"[Gen 9] VGC 2023 Regulation E","log":"|j|\u2606VillagerZz\n|j|\u2606BBjaguar\n|t:|1700196625\n|gametype|doubles\n|player|p1|VillagerZz|266|1055\n|player|p2|BBjaguar|hilbert|1068\n|teamsize|p1|6\n|teamsize|p2|6\n|gen|9\n|tier|[Gen 9] VGC 2023 Regulation E\n|rated|\n|rule|Species Clause: Limit one of each Pok\u00e9mon\n|rule|Item Clause: Limit one of each item\n|clearpoke\n|poke|p1|Enamorus-Therian, L50, F|\n|poke|p1|Heatran, L50, F|\n|poke|p1|Illumise, L50, F|\n|poke|p1|Amoonguss, L50, F|\n|poke|p1|Mimikyu, L50, F|\n|poke|p1|Snorlax, L50, F|\n|poke|p2|Samurott-Hisui, L50, M|\n|poke|p2|Pachirisu, L50, F|\n|poke|p2|Typhlosion-Hisui, L50, M|\n|poke|p2|Corviknight, L50, F|\n|poke|p2|Articuno-Galar, L50|\n|poke|p2|Ursaluna, L50, F|\n|teampreview|4\n|inactive|Battle timer is ON: inactive players will automatically lose when time's up. (requested by BBjaguar)\n|inactive|VillagerZz also wants the timer to be on.\n|inactive|VillagerZz has 60 seconds left.\n|inactive|BBjaguar has 60 seconds left.\n|\n|t:|1700196678\n|start\n|switch|p1a: Illumise|Illumise, L50, F, shiny|100\/100\n|switch|p1b: Heatran|Heatran, L50, F|100\/100\n|switch|p2a: Pachirisu|Pachirisu, L50, F|100\/100\n|switch|p2b: Samurott|Samurott-Hisui, L50, M|100\/100\n|turn|1\n|inactive|VillagerZz has 30 seconds left.\n|inactive|BBjaguar has 30 seconds left.\n|\n|t:|1700196709\n|switch|p1b: Mimikyu|Mimikyu, L50, F|100\/100\n|move|p2a: Pachirisu|Nuzzle|p1b: Mimikyu\n|-activate|p1b: Mimikyu|ability: Disguise\n|-damage|p1b: Mimikyu|100\/100\n|-status|p1b: Mimikyu|par\n|detailschange|p1b: Mimikyu|Mimikyu-Busted, L50, F\n|-damage|p1b: Mimikyu|88\/100 par|[from] pokemon: Mimikyu-Busted\n|move|p1a: Illumise|Bug Buzz|p2b: Samurott\n|-supereffective|p2b: Samurott\n|-damage|p2b: Samurott|14\/100\n|-unboost|p2b: Samurott|spd|1\n|move|p2b: Samurott|Flip Turn|p1a: Illumise\n|-crit|p1a: Illumise\n|-damage|p1a: Illumise|12\/100\n|\n|t:|1700196725\n|switch|p2b: Typhlosion|Typhlosion-Hisui, L50, M|100\/100|[from] Flip Turn\n|-item|p1a: Illumise|Focus Sash|[from] ability: Frisk|[of] p2b: Typhlosion|[identify]\n|-item|p1b: Mimikyu|Figy Berry|[from] ability: Frisk|[of] p2b: Typhlosion|[identify]\n|\n|upkeep\n|turn|2\n|inactive|VillagerZz has 30 seconds left.\n|\n|t:|1700196756\n|switch|p1a: Heatran|Heatran, L50, F|100\/100\n|move|p2a: Pachirisu|Nuzzle|p1a: Heatran\n|-damage|p1a: Heatran|97\/100\n|-status|p1a: Heatran|par\n|move|p2b: Typhlosion|Eruption|p1b: Mimikyu|[spread] p1b\n|-start|p1a: Heatran|ability: Flash Fire\n|-damage|p1b: Mimikyu|22\/100 par\n|-enditem|p1b: Mimikyu|Figy Berry|[eat]\n|-heal|p1b: Mimikyu|55\/100 par|[from] item: Figy Berry\n|-damage|p2b: Typhlosion|90\/100|[from] item: Life Orb\n|move|p1b: Mimikyu|Trick Room|p1b: Mimikyu\n|-fieldstart|move: Trick Room|[of] p1b: Mimikyu\n|\n|upkeep\n|turn|3\n|inactive|BBjaguar has 30 seconds left.\n|\n|t:|1700196783\n|move|p1a: Heatran|Earth Power|p2a: Pachirisu\n|-supereffective|p2a: Pachirisu\n|-damage|p2a: Pachirisu|0 fnt\n|faint|p2a: Pachirisu\n|-damage|p1a: Heatran|87\/100 par|[from] item: Life Orb\n|move|p1b: Mimikyu|Substitute|p1b: Mimikyu\n|-start|p1b: Mimikyu|Substitute\n|-damage|p1b: Mimikyu|31\/100 par\n|move|p2b: Typhlosion|Infernal Parade|p1b: Mimikyu\n|-supereffective|p1b: Mimikyu\n|-end|p1b: Mimikyu|Substitute\n|-damage|p2b: Typhlosion|80\/100|[from] item: Life Orb\n|\n|upkeep\n|\n|t:|1700196796\n|switch|p2a: Samurott|Samurott-Hisui, L50, M|14\/100\n|turn|4\n|inactive|BBjaguar has 30 seconds left.\n|\n|t:|1700196828\n|move|p1a: Heatran|Protect|p1a: Heatran\n|-singleturn|p1a: Heatran|Protect\n|move|p1b: Mimikyu|Shadow Claw|p2b: Typhlosion\n|-supereffective|p2b: Typhlosion\n|-damage|p2b: Typhlosion|13\/100\n|move|p2a: Samurott|Aqua Cutter|p1a: Heatran\n|-activate|p1a: Heatran|move: Protect\n|move|p2b: Typhlosion|Infernal Parade|p1a: Heatran\n|-activate|p1a: Heatran|move: Protect\n|\n|upkeep\n|turn|5\n|inactive|VillagerZz has 30 seconds left.\n|inactive|VillagerZz has 20 seconds left.\n|\n|t:|1700196865\n|move|p1a: Heatran|Flash Cannon|p2a: Samurott\n|-resisted|p2a: Samurott\n|-damage|p2a: Samurott|0 fnt\n|faint|p2a: Samurott\n|-damage|p1a: Heatran|78\/100 par|[from] item: Life Orb\n|move|p1b: Mimikyu|Substitute|p1b: Mimikyu\n|-start|p1b: Mimikyu|Substitute\n|-damage|p1b: Mimikyu|6\/100 par\n|move|p2b: Typhlosion|Lava Plume|p1b: Mimikyu|[spread] p1b\n|-immune|p1a: Heatran|[from] ability: Flash Fire\n|-end|p1b: Mimikyu|Substitute\n|-damage|p2b: Typhlosion|3\/100|[from] item: Life Orb\n|\n|upkeep\n|\n|t:|1700196877\n|switch|p2a: Corviknight|Corviknight, L50, F|100\/100\n|turn|6\n|inactive|BBjaguar has 30 seconds left.\n|\n|t:|1700196903\n|switch|p1b: Illumise|Illumise, L50, F, shiny|12\/100\n|cant|p1a: Heatran|par\n|move|p2a: Corviknight|Body Press|p1a: Heatran\n|-supereffective|p1a: Heatran\n|-damage|p1a: Heatran|37\/100 par\n|move|p2b: Typhlosion|Infernal Parade|p1b: Illumise\n|-damage|p1b: Illumise|0 fnt\n|faint|p1b: Illumise\n|-damage|p2b: Typhlosion|0 fnt|[from] item: Life Orb\n|faint|p2b: Typhlosion\n|\n|-fieldend|move: Trick Room\n|upkeep\n|\n|t:|1700196920\n|switch|p1b: Mimikyu|Mimikyu-Busted, L50, F|6\/100 par\n|turn|7\n|\n|t:|1700196926\n|move|p2a: Corviknight|Body Press|p1a: Heatran\n|-supereffective|p1a: Heatran\n|-crit|p1a: Heatran\n|-damage|p1a: Heatran|0 fnt\n|faint|p1a: Heatran\n|move|p1b: Mimikyu|Trick Room|p1b: Mimikyu\n|-fieldstart|move: Trick Room|[of] p1b: Mimikyu\n|\n|upkeep\n|\n|t:|1700196932\n|switch|p1a: Enamorus|Enamorus-Therian, L50, F|100\/100\n|turn|8\n|\n|t:|1700196947\n|-terastallize|p2a: Corviknight|Steel\n|cant|p1b: Mimikyu|par\n|move|p1a: Enamorus|Mystical Fire|p2a: Corviknight\n|-supereffective|p2a: Corviknight\n|-damage|p2a: Corviknight|26\/100\n|-ability|p2a: Corviknight|Mirror Armor\n|-unboost|p1a: Enamorus|spa|1\n|move|p2a: Corviknight|Brave Bird|p1a: Enamorus\n|-damage|p1a: Enamorus|67\/100\n|-damage|p2a: Corviknight|17\/100|[from] Recoil\n|\n|-heal|p2a: Corviknight|22\/100|[from] item: Leftovers\n|upkeep\n|turn|9\n|\n|t:|1700196965\n|cant|p1b: Mimikyu|par\n|move|p1a: Enamorus|Mystical Fire|p2a: Corviknight\n|-supereffective|p2a: Corviknight\n|-damage|p2a: Corviknight|0 fnt\n|faint|p2a: Corviknight\n|\n|win|VillagerZz\n|raw|VillagerZz's rating: 1055 &rarr; <strong>1088<\/strong><br \/>(+33 for winning)\n|raw|BBjaguar's rating: 1068 &rarr; <strong>1047<\/strong><br \/>(-21 for losing)\n|l|\u2606BBjaguar\n","uploadtime":1700196975,"views":20,"p1id":"villagerzz","p2id":"bbjaguar","formatid":"gen9vgc2023regulatione","rating":1047,"private":0,"password":""}