{"id":"gen9vgc2023regulatione-1993058639","p1":"zubitop","p2":"LycanPlaysVGC","format":"[Gen 9] VGC 2023 Regulation E","log":"|j|\u2606zubitop\n|j|\u2606LycanPlaysVGC\n|t:|1700260132\n|gametype|doubles\n|player|p1|zubitop|palmer|1284\n|player|p2|LycanPlaysVGC|2|1289\n|teamsize|p1|6\n|teamsize|p2|6\n|gen|9\n|tier|[Gen 9] VGC 2023 Regulation E\n|rated|\n|rule|Species Clause: Limit one of each Pok\u00e9mon\n|rule|Item Clause: Limit one of each item\n|clearpoke\n|poke|p1|Landorus-Therian, L50, M|\n|poke|p1|Iron Hands, L50|\n|poke|p1|Chi-Yu, L50|\n|poke|p1|Iron Bundle, L50|\n|poke|p1|Farigiraf, L50, M|\n|poke|p1|Ogerpon-Hearthflame, L50, F|\n|poke|p2|Goodra-Hisui, L50, M|\n|poke|p2|Chi-Yu, L50|\n|poke|p2|Sylveon, L50, F|\n|poke|p2|Landorus-Therian, L50, M|\n|poke|p2|Amoonguss, L50, M|\n|poke|p2|Farigiraf, L50, M|\n|teampreview|4\n|inactive|Battle timer is ON: inactive players will automatically lose when time's up. (requested by LycanPlaysVGC)\n|\n|t:|1700260157\n|start\n|switch|p1a: Landorus|Landorus-Therian, L50, M|100\/100\n|switch|p1b: Iron Bundle|Iron Bundle, L50|100\/100\n|switch|p2a: Chi-Yu|Chi-Yu, L50|100\/100\n|switch|p2b: Goodra|Goodra-Hisui, L50, M|100\/100\n|-ability|p1a: Landorus|Intimidate|boost\n|-unboost|p2a: Chi-Yu|atk|1\n|-unboost|p2b: Goodra|atk|1\n|-ability|p2a: Chi-Yu|Beads of Ruin\n|-enditem|p1b: Iron Bundle|Booster Energy\n|-activate|p1b: Iron Bundle|ability: Quark Drive|[fromitem]\n|-start|p1b: Iron Bundle|quarkdrivespe\n|turn|1\n|inactive|zubitop has 30 seconds left.\n|\n|t:|1700260184\n|move|p2a: Chi-Yu|Protect|p2a: Chi-Yu\n|-singleturn|p2a: Chi-Yu|Protect\n|move|p1b: Iron Bundle|Icy Wind|p2b: Goodra|[spread] p2b\n|-activate|p2a: Chi-Yu|move: Protect\n|-damage|p2b: Goodra|87\/100\n|-unboost|p2b: Goodra|spe|1\n|move|p1a: Landorus|U-turn|p2a: Chi-Yu\n|-activate|p2a: Chi-Yu|move: Protect\n|move|p2b: Goodra|Flash Cannon|p1b: Iron Bundle\n|-damage|p1b: Iron Bundle|9\/100\n|\n|upkeep\n|turn|2\n|inactive|LycanPlaysVGC has 30 seconds left.\n|\n|t:|1700260211\n|switch|p2a: Sylveon|Sylveon, L50, F|100\/100\n|move|p1b: Iron Bundle|Hydro Pump|p2a: Sylveon\n|-damage|p2a: Sylveon|58\/100\n|move|p1a: Landorus|U-turn|p2a: Sylveon\n|-resisted|p2a: Sylveon\n|-damage|p2a: Sylveon|41\/100\n|\n|t:|1700260222\n|switch|p1a: Ogerpon|Ogerpon-Hearthflame, L50, F|100\/100|[from] U-turn\n|-ability|p1a: Ogerpon|Mold Breaker\n|move|p2b: Goodra|Muddy Water|p1a: Ogerpon|[spread] p1b\n|-miss|p2b: Goodra|p1a: Ogerpon\n|-resisted|p1b: Iron Bundle\n|-damage|p1b: Iron Bundle|0 fnt\n|faint|p1b: Iron Bundle\n|-end|p1b: Iron Bundle|Quark Drive|[silent]\n|\n|upkeep\n|\n|t:|1700260235\n|switch|p1b: Landorus|Landorus-Therian, L50, M|100\/100\n|-ability|p1b: Landorus|Intimidate|boost\n|-unboost|p2a: Sylveon|atk|1\n|-unboost|p2b: Goodra|atk|1\n|turn|3\n|\n|t:|1700260247\n|move|p2a: Sylveon|Detect|p2a: Sylveon\n|-singleturn|p2a: Sylveon|Protect\n|move|p1b: Landorus|Stomping Tantrum|p2b: Goodra\n|-supereffective|p2b: Goodra\n|-damage|p2b: Goodra|8\/100\n|move|p1a: Ogerpon|Trailblaze|p2a: Sylveon\n|-activate|p2a: Sylveon|move: Protect\n|move|p2b: Goodra|Muddy Water|p1b: Landorus|[spread] p1a,p1b\n|-supereffective|p1b: Landorus\n|-damage|p1a: Ogerpon|77\/100\n|-damage|p1b: Landorus|43\/100\n|-unboost|p1a: Ogerpon|accuracy|1\n|-unboost|p1b: Landorus|accuracy|1\n|\n|upkeep\n|turn|4\n|inactive|LycanPlaysVGC has 30 seconds left.\n|inactive|LycanPlaysVGC has 20 seconds left.\n|inactive|LycanPlaysVGC has 15 seconds left.\n|\n|t:|1700260289\n|move|p1b: Landorus|Stomping Tantrum|p2b: Goodra\n|-supereffective|p2b: Goodra\n|-damage|p2b: Goodra|0 fnt\n|faint|p2b: Goodra\n|move|p1a: Ogerpon|Trailblaze|p2a: Sylveon\n|-damage|p2a: Sylveon|3\/100\n|-boost|p1a: Ogerpon|spe|1\n|move|p2a: Sylveon|Hyper Voice|p1b: Landorus|[spread] p1a,p1b\n|-resisted|p1a: Ogerpon\n|-damage|p1a: Ogerpon|52\/100\n|-damage|p1b: Landorus|0 fnt\n|faint|p1b: Landorus\n|-enditem|p2a: Sylveon|Throat Spray\n|-boost|p2a: Sylveon|spa|1|[from] item: Throat Spray\n|\n|upkeep\n|\n|t:|1700260304\n|switch|p1b: Chi-Yu|Chi-Yu, L50|100\/100\n|switch|p2b: Landorus|Landorus-Therian, L50, M|100\/100\n|-ability|p2b: Landorus|Intimidate|boost\n|-unboost|p1a: Ogerpon|atk|1\n|-unboost|p1b: Chi-Yu|atk|1\n|-ability|p1b: Chi-Yu|Beads of Ruin\n|turn|5\n|inactive|zubitop has 30 seconds left.\n|\n|t:|1700260330\n|move|p1b: Chi-Yu|Protect|p1b: Chi-Yu\n|-singleturn|p1b: Chi-Yu|Protect\n|move|p2a: Sylveon|Detect|p2a: Sylveon\n|-singleturn|p2a: Sylveon|Protect\n|move|p1a: Ogerpon|Trailblaze|p2b: Landorus\n|-damage|p2b: Landorus|76\/100\n|-boost|p1a: Ogerpon|spe|1\n|move|p2b: Landorus|Rock Slide|p1a: Ogerpon|[spread] p1a\n|-activate|p1b: Chi-Yu|move: Protect\n|-supereffective|p1a: Ogerpon\n|-damage|p1a: Ogerpon|0 fnt\n|faint|p1a: Ogerpon\n|\n|upkeep\n|turn|6\n|\n|t:|1700260350\n|switch|p2a: Chi-Yu|Chi-Yu, L50|100\/100\n|-ability|p2a: Chi-Yu|Beads of Ruin\n|-terastallize|p1b: Chi-Yu|Ghost\n|move|p2b: Landorus|Rock Slide|p1b: Chi-Yu\n|-damage|p1b: Chi-Yu|50\/100\n|move|p1b: Chi-Yu|Heat Wave|p2b: Landorus|[spread] p2a,p2b\n|-resisted|p2a: Chi-Yu\n|-damage|p2a: Chi-Yu|80\/100\n|-damage|p2b: Landorus|16\/100\n|\n|upkeep\n|turn|7\n|\n|t:|1700260367\n|move|p2b: Landorus|Rock Slide|p1b: Chi-Yu\n|-damage|p1b: Chi-Yu|0 fnt\n|faint|p1b: Chi-Yu\n|\n|win|LycanPlaysVGC\n|raw|zubitop's rating: 1284 &rarr; <strong>1259<\/strong><br \/>(-25 for losing)\n|raw|LycanPlaysVGC's rating: 1289 &rarr; <strong>1314<\/strong><br \/>(+25 for winning)\n|c|\u2606LycanPlaysVGC|Gg\n","uploadtime":1700260383,"views":18,"p1id":"zubitop","p2id":"lycanplaysvgc","formatid":"gen9vgc2023regulatione","rating":1259,"private":0,"password":""}