{"id":"gen9vgc2023regulatione-1999618078","p1":"CaliberChamp","p2":"the hoe battle","format":"[Gen 9] VGC 2023 Regulation E","log":"|j|\u2606CaliberChamp\n|j|\u2606the hoe battle\n|t:|1701101675\n|gametype|doubles\n|player|p1|CaliberChamp|red-masters|1177\n|player|p2|the hoe battle|winona|1143\n|teamsize|p1|6\n|teamsize|p2|6\n|gen|9\n|tier|[Gen 9] VGC 2023 Regulation E\n|rated|\n|rule|Species Clause: Limit one of each Pok\u00e9mon\n|rule|Item Clause: Limit one of each item\n|clearpoke\n|poke|p1|Ogerpon-Wellspring, L50, F|\n|poke|p1|Cyclizar, L50, M|\n|poke|p1|Armarouge, L50, M|\n|poke|p1|Ceruledge, L50, F|\n|poke|p1|Iron Bundle, L50|\n|poke|p1|Iron Valiant, L50|\n|poke|p2|Landorus-Therian, L50, M|\n|poke|p2|Farigiraf, L50, M|\n|poke|p2|Heatran, L50, F|\n|poke|p2|Ogerpon-Wellspring, L50, F|\n|poke|p2|Grimmsnarl, L50, M|\n|poke|p2|Spectrier, L50|\n|teampreview|4\n|inactive|Battle timer is ON: inactive players will automatically lose when time's up. (requested by CaliberChamp)\n|inactive|the hoe battle has 60 seconds left.\n|\n|t:|1701101713\n|start\n|switch|p1a: Cyclizar|Cyclizar, L50, M|100\/100\n|switch|p1b: Armarouge|Armarouge, L50, M|100\/100\n|switch|p2a: Farigiraf|Farigiraf, L50, M|100\/100\n|switch|p2b: Grimmsnarl|Grimmsnarl, L50, M|100\/100\n|turn|1\n|inactive|CaliberChamp has 30 seconds left.\n|\n|t:|1701101748\n|move|p1b: Armarouge|Wide Guard|p1b: Armarouge\n|-singleturn|p1b: Armarouge|Wide Guard\n|move|p2b: Grimmsnarl|Light Screen|p2b: Grimmsnarl\n|-sidestart|p2: the hoe battle|move: Light Screen\n|move|p1a: Cyclizar|Shed Tail|p1a: Cyclizar\n|-start|p1a: Cyclizar|Substitute|[from] move: Shed Tail\n|-damage|p1a: Cyclizar|50\/100\n|\n|t:|1701101763\n|switch|p1a: Ogerpon|Ogerpon-Wellspring, L50, F|100\/100|[from] Shed Tail\n|move|p2a: Farigiraf|Hyper Voice|p1a: Ogerpon|[spread] \n|-activate|p1a: Ogerpon|move: Wide Guard\n|-activate|p1b: Armarouge|move: Wide Guard\n|\n|upkeep\n|turn|2\n|\n|t:|1701101787\n|-terastallize|p1a: Ogerpon|Water\n|detailschange|p1a: Ogerpon|Ogerpon-Wellspring-Tera, L50, F, tera:Water\n|-ability|p1a: Ogerpon|Embody Aspect (Wellspring)|boost\n|-boost|p1a: Ogerpon|spd|1\n|move|p1b: Armarouge|Helping Hand|p1a: Ogerpon\n|-singleturn|p1a: Ogerpon|Helping Hand|[of] p1b: Armarouge\n|move|p1a: Ogerpon|Ivy Cudgel|p2a: Farigiraf|[anim] Ivy Cudgel Water\n|-damage|p2a: Farigiraf|6\/100\n|move|p2b: Grimmsnarl|Spirit Break|p1b: Armarouge\n|-resisted|p1b: Armarouge\n|-damage|p1b: Armarouge|90\/100\n|move|p2a: Farigiraf|Skill Swap|p2b: Grimmsnarl\n|-activate|p2a: Farigiraf|move: Skill Swap|||[of] p2b: Grimmsnarl\n|\n|upkeep\n|turn|3\n|inactive|CaliberChamp has 30 seconds left.\n|inactive|the hoe battle has 30 seconds left.\n|\n|t:|1701101814\n|move|p1a: Ogerpon|Spiky Shield|p1a: Ogerpon\n|-singleturn|p1a: Ogerpon|move: Protect\n|move|p2b: Grimmsnarl|Spirit Break|p1b: Armarouge\n|-resisted|p1b: Armarouge\n|-damage|p1b: Armarouge|79\/100\n|move|p1b: Armarouge|Lava Plume|p2a: Farigiraf|[spread] p2a,p2b\n|-activate|p1a: Ogerpon|move: Protect\n|-damage|p2a: Farigiraf|0 fnt\n|-damage|p2b: Grimmsnarl|87\/100\n|faint|p2a: Farigiraf\n|\n|upkeep\n|\n|t:|1701101826\n|switch|p2a: Heatran|Heatran, L50, F|100\/100\n|turn|4\n|\n|t:|1701101840\n|-terastallize|p2a: Heatran|Grass\n|move|p1b: Armarouge|Helping Hand|p1a: Ogerpon\n|-singleturn|p1a: Ogerpon|Helping Hand|[of] p1b: Armarouge\n|move|p1a: Ogerpon|Ivy Cudgel|p2b: Grimmsnarl|[anim] Ivy Cudgel Water\n|-damage|p2b: Grimmsnarl|0 fnt\n|faint|p2b: Grimmsnarl\n|move|p2a: Heatran|Earth Power|p1b: Armarouge\n|-supereffective|p1b: Armarouge\n|-damage|p1b: Armarouge|18\/100\n|\n|upkeep\n|\n|t:|1701101847\n|switch|p2b: Spectrier|Spectrier, L50|100\/100\n|turn|5\n|\n|t:|1701101864\n|move|p1b: Armarouge|Helping Hand|p1a: Ogerpon\n|-singleturn|p1a: Ogerpon|Helping Hand|[of] p1b: Armarouge\n|move|p2b: Spectrier|Shadow Ball|p1b: Armarouge\n|-supereffective|p1b: Armarouge\n|-damage|p1b: Armarouge|0 fnt\n|faint|p1b: Armarouge\n|-ability|p2b: Spectrier|Grim Neigh|boost\n|-boost|p2b: Spectrier|spa|1\n|move|p1a: Ogerpon|Ivy Cudgel|p2b: Spectrier|[anim] Ivy Cudgel Water\n|-damage|p2b: Spectrier|0 fnt\n|faint|p2b: Spectrier\n|move|p2a: Heatran|Tera Blast|p1a: Ogerpon|[anim] Tera Blast Grass\n|-supereffective|p1a: Ogerpon\n|-end|p1a: Ogerpon|Substitute\n|\n|upkeep\n|-message|the hoe battle forfeited.\n|\n|win|CaliberChamp\n|raw|CaliberChamp's rating: 1177 &rarr; <strong>1200<\/strong><br \/>(+23 for winning)\n|raw|the hoe battle's rating: 1143 &rarr; <strong>1120<\/strong><br \/>(-23 for losing)\n|l|\u2606the hoe battle\n","uploadtime":1701101901,"views":5,"p1id":"caliberchamp","p2id":"thehoebattle","formatid":"gen9vgc2023regulatione","rating":1120,"private":0,"password":""}