{"id":"gen9vgc2023regulatione-1996723072","p1":"RIKASLOVER","p2":"EvilYunnie","format":"[Gen 9] VGC 2023 Regulation E","log":"|j|\u2606RIKASLOVER\n|j|\u2606EvilYunnie\n|t:|1700714641\n|gametype|doubles\n|player|p1|RIKASLOVER|cynthia-masters|1189\n|player|p2|EvilYunnie|170|1074\n|teamsize|p1|6\n|teamsize|p2|6\n|gen|9\n|tier|[Gen 9] VGC 2023 Regulation E\n|rated|\n|rule|Species Clause: Limit one of each Pok\u00e9mon\n|rule|Item Clause: Limit one of each item\n|clearpoke\n|poke|p1|Tornadus, L50, M|\n|poke|p1|Arcanine-Hisui, L50, F|\n|poke|p1|Iron Hands, L50|\n|poke|p1|Amoonguss, L50, M|\n|poke|p1|Urshifu-*, L50, F|\n|poke|p1|Ogerpon-Wellspring, L50, F|\n|poke|p2|Zapdos, L50|\n|poke|p2|Typhlosion, L50, F|\n|poke|p2|Pelipper, L50, F|\n|poke|p2|Amoonguss, L50, F|\n|poke|p2|Gyarados, L50, F|\n|poke|p2|Flutter Mane, L50|\n|teampreview|4\n|inactive|Battle timer is ON: inactive players will automatically lose when time's up. (requested by EvilYunnie)\n|\n|t:|1700714714\n|start\n|switch|p1a: Tornadus|Tornadus, L50, M|100\/100\n|switch|p1b: Iron Hands|Iron Hands, L50|100\/100\n|switch|p2a: Zapdos|Zapdos, L50|100\/100\n|switch|p2b: Pelipper|Pelipper, L50, F|100\/100\n|-weather|RainDance|[from] ability: Drizzle|[of] p2b: Pelipper\n|turn|1\n|inactive|EvilYunnie has 30 seconds left.\n|inactive|EvilYunnie has 20 seconds left.\n|\n|t:|1700714752\n|move|p1a: Tornadus|Sunny Day|p1a: Tornadus\n|-weather|SunnyDay\n|move|p2a: Zapdos|Tailwind|p2a: Zapdos\n|-sidestart|p2: EvilYunnie|move: Tailwind\n|move|p2b: Pelipper|Hurricane|p1b: Iron Hands\n|-damage|p1b: Iron Hands|76\/100\n|move|p1b: Iron Hands|Wild Charge|p2b: Pelipper\n|-supereffective|p2b: Pelipper\n|-enditem|p2b: Pelipper|Focus Sash\n|-damage|p2b: Pelipper|1\/100\n|-damage|p1b: Iron Hands|63\/100|[from] Recoil\n|\n|-weather|SunnyDay|[upkeep]\n|upkeep\n|turn|2\n|\n|t:|1700714775\n|switch|p2b: Amoonguss|Amoonguss, L50, F|100\/100\n|move|p1a: Tornadus|Tailwind|p1a: Tornadus\n|-sidestart|p1: RIKASLOVER|move: Tailwind\n|move|p2a: Zapdos|Thunder|p1a: Tornadus\n|-supereffective|p1a: Tornadus\n|-damage|p1a: Tornadus|0 fnt\n|faint|p1a: Tornadus\n|move|p1b: Iron Hands|Drain Punch|p2b: Amoonguss\n|-resisted|p2b: Amoonguss\n|-damage|p2b: Amoonguss|80\/100\n|-heal|p1b: Iron Hands|72\/100|[from] drain|[of] p2b: Amoonguss\n|-damage|p1b: Iron Hands|55\/100|[from] item: Rocky Helmet|[of] p2b: Amoonguss\n|\n|-weather|SunnyDay|[upkeep]\n|upkeep\n|\n|t:|1700714783\n|switch|p1a: Arcanine|Arcanine-Hisui, L50, F|100\/100\n|-ability|p1a: Arcanine|Intimidate|boost\n|-unboost|p2a: Zapdos|atk|1\n|-unboost|p2b: Amoonguss|atk|1\n|turn|3\n|\n|t:|1700714805\n|switch|p2b: Pelipper|Pelipper, L50, F|1\/100\n|-weather|RainDance|[from] ability: Drizzle|[of] p2b: Pelipper\n|move|p2a: Zapdos|Protect|p2a: Zapdos\n|-singleturn|p2a: Zapdos|Protect\n|move|p1a: Arcanine|Rock Slide|p2a: Zapdos|[spread] p2b\n|-activate|p2a: Zapdos|move: Protect\n|-supereffective|p2b: Pelipper\n|-damage|p2b: Pelipper|0 fnt\n|faint|p2b: Pelipper\n|move|p1b: Iron Hands|Heavy Slam|p2a: Zapdos\n|-activate|p2a: Zapdos|move: Protect\n|\n|-weather|RainDance|[upkeep]\n|upkeep\n|\n|t:|1700714821\n|switch|p2b: Gyarados|Gyarados, L50, F|100\/100\n|-ability|p2b: Gyarados|Intimidate|boost\n|-unboost|p1a: Arcanine|atk|1\n|-unboost|p1b: Iron Hands|atk|1\n|turn|4\n|\n|t:|1700714843\n|switch|p1a: Urshifu|Urshifu, L50, F|100\/100\n|-terastallize|p2b: Gyarados|Steel\n|move|p2a: Zapdos|Hurricane|p1b: Iron Hands\n|-crit|p1b: Iron Hands\n|-damage|p1b: Iron Hands|0 fnt\n|faint|p1b: Iron Hands\n|-end|p1b: Iron Hands|Quark Drive|[silent]\n|move|p2b: Gyarados|Dragon Dance|p2b: Gyarados\n|-boost|p2b: Gyarados|atk|1\n|-boost|p2b: Gyarados|spe|1\n|\n|-weather|RainDance|[upkeep]\n|-sideend|p2: EvilYunnie|move: Tailwind\n|upkeep\n|\n|t:|1700714850\n|switch|p1b: Arcanine|Arcanine-Hisui, L50, F|100\/100\n|-ability|p1b: Arcanine|Intimidate|boost\n|-unboost|p2a: Zapdos|atk|1\n|-unboost|p2b: Gyarados|atk|1\n|turn|5\n|\n|t:|1700714872\n|switch|p2b: Amoonguss|Amoonguss, L50, F|100\/100\n|move|p1a: Urshifu|Close Combat|p2b: Amoonguss\n|-resisted|p2b: Amoonguss\n|-damage|p2b: Amoonguss|70\/100\n|-unboost|p1a: Urshifu|def|1\n|-unboost|p1a: Urshifu|spd|1\n|-damage|p1a: Urshifu|84\/100|[from] item: Rocky Helmet|[of] p2b: Amoonguss\n|move|p1b: Arcanine|Rock Slide|p2a: Zapdos|[spread] p2a\n|-miss|p1b: Arcanine|p2b: Amoonguss\n|-supereffective|p2a: Zapdos\n|-damage|p2a: Zapdos|0 fnt\n|faint|p2a: Zapdos\n|\n|-weather|RainDance|[upkeep]\n|-sideend|p1: RIKASLOVER|move: Tailwind\n|upkeep\n|\n|t:|1700714888\n|switch|p2a: Gyarados|Gyarados, L50, F, tera:Steel|100\/100\n|-ability|p2a: Gyarados|Intimidate|boost\n|-unboost|p1a: Urshifu|atk|1\n|-unboost|p1b: Arcanine|atk|1\n|turn|6\n|\n|t:|1700714900\n|-terastallize|p1a: Urshifu|Dark\n|move|p2b: Amoonguss|Rage Powder|p2b: Amoonguss\n|-singleturn|p2b: Amoonguss|move: Rage Powder\n|move|p1a: Urshifu|Wicked Blow|p2b: Amoonguss\n|-crit|p2b: Amoonguss\n|-damage|p2b: Amoonguss|0 fnt\n|-damage|p1a: Urshifu|68\/100|[from] item: Rocky Helmet|[of] p2b: Amoonguss\n|faint|p2b: Amoonguss\n|move|p1b: Arcanine|Rock Slide|p2a: Gyarados|[miss]\n|-miss|p1b: Arcanine|p2a: Gyarados\n|move|p2a: Gyarados|Waterfall|p1b: Arcanine\n|-supereffective|p1b: Arcanine\n|-damage|p1b: Arcanine|0 fnt\n|faint|p1b: Arcanine\n|\n|-weather|RainDance|[upkeep]\n|upkeep\n|turn|7\n|inactive|RIKASLOVER has 30 seconds left.\n|inactive|RIKASLOVER has 20 seconds left.\n|\n|t:|1700714941\n|move|p1a: Urshifu|Close Combat|p2a: Gyarados\n|-supereffective|p2a: Gyarados\n|-crit|p2a: Gyarados\n|-damage|p2a: Gyarados|0 fnt\n|-unboost|p1a: Urshifu|def|1\n|-unboost|p1a: Urshifu|spd|1\n|faint|p2a: Gyarados\n|\n|win|RIKASLOVER\n|raw|RIKASLOVER's rating: 1189 &rarr; <strong>1206<\/strong><br \/>(+17 for winning)\n|raw|EvilYunnie's rating: 1074 &rarr; <strong>1060<\/strong><br \/>(-14 for losing)\n","uploadtime":1700714950,"views":7,"p1id":"rikaslover","p2id":"evilyunnie","formatid":"gen9vgc2023regulatione","rating":1060,"private":0,"password":""}