{"id":"gen9vgc2023regulatione-1998115512","p1":"leafyarrow","p2":"LuigizHp","format":"[Gen 9] VGC 2023 Regulation E","log":"|j|\u2606leafyarrow\n|j|\u2606LuigizHp\n|n|\u2606leafyarrow|leafyarrow\n|n|\u2606LuigizHp|luigizhp\n|html|View the match progress at <a href=\"\/game-bestof3-gen9vgc2023regulatione-1998115511\">game-bestof3-gen9vgc2023regulatione-1998115511<\/a>\n|t:|1700894057\n|gametype|doubles\n|player|p1|leafyarrow|selene|\n|player|p2|LuigizHp|102|\n|teamsize|p1|6\n|teamsize|p2|6\n|gen|9\n|tier|[Gen 9] VGC 2023 Regulation E\n|rule|Species Clause: Limit one of each Pok\u00e9mon\n|rule|Item Clause: Limit one of each item\n|clearpoke\n|poke|p1|Farigiraf, L50, F|\n|poke|p1|Arcanine-Hisui, L50, F|\n|poke|p1|Landorus, L50, M|\n|poke|p1|Rillaboom, L50, M|\n|poke|p1|Urshifu-*, L50, M|\n|poke|p1|Regieleki, L50|\n|poke|p2|Landorus-Therian, L50, M|\n|poke|p2|Milotic, L50, M|\n|poke|p2|Rillaboom, L50, F|\n|poke|p2|Iron Hands, L50|\n|poke|p2|Heatran, L50, M|\n|poke|p2|Tornadus, L50, M|\n|teampreview|4\nLuigizHp has agreed to open team sheets.\nleafyarrow has agreed to open team sheets.\n|showteam|p1|Farigiraf||RockyHelmet|ArmorTail|HelpingHand,DazzlingGleam,TrickRoom,Psychic|||F|||50|,,,,,Fairy]Arcanine-Hisui||ChoiceBand|Intimidate|TeraBlast,ExtremeSpeed,FlareBlitz,RockSlide|||F|||50|,,,,,Fairy]Landorus||LifeOrb|SheerForce|EarthPower,SludgeBomb,SandsearStorm,Protect|||M|||50|,,,,,Poison]Rillaboom||MiracleSeed|GrassySurge|GrassyGlide,Uturn,WoodHammer,FakeOut|||M|||50|,,,,,Grass]Urshifu-Rapid-Strike||MysticWater|UnseenFist|CloseCombat,SurgingStrikes,AquaJet,Protect|||M|||50|,,,,,Water]Regieleki||Magnet|Transistor|Electroweb,Thunderbolt,TeraBlast,Protect||||||50|,,,,,Ice\n|showteam|p2|Landorus-Therian||ChoiceScarf|Intimidate|RockSlide,StompingTantrum,Uturn,TeraBlast|||M|||50|,,,,,Flying]Milotic||SitrusBerry|Competitive|IcyWind,Scald,Protect,Haze|||M|||50|,,,,,Dragon]Rillaboom||MiracleSeed|GrassySurge|Protect,GrassyGlide,WoodHammer,FakeOut|||F|||50|,,,,,Grass]Iron Hands||AssaultVest|QuarkDrive|DrainPunch,FakeOut,WildCharge,HeavySlam||||||50|,,,,,Water]Heatran||Leftovers|FlashFire|EarthPower,HeatWave,Protect,Substitute|||M|||50|,,,,,Grass]Tornadus||RockyHelmet|Prankster|Tailwind,BleakwindStorm,Taunt,Protect|||M|||50|,,,,,Steel\n|inactive|Battle timer is ON: inactive players will automatically lose when time's up. (requested by LuigizHp)\n|inactive|leafyarrow has 60 seconds left.\n|inactive|LuigizHp has 60 seconds left.\n|\n|t:|1700894125\n|start\n|switch|p1a: Rillaboom|Rillaboom, L50, M|100\/100\n|switch|p1b: Farigiraf|Farigiraf, L50, F|100\/100\n|switch|p2a: Milotic|Milotic, L50, M|100\/100\n|switch|p2b: Tornadus|Tornadus, L50, M|100\/100\n|-fieldstart|move: Grassy Terrain|[from] ability: Grassy Surge|[of] p1a: Rillaboom\n|turn|1\n|inactive|leafyarrow has 30 seconds left.\n|inactive|LuigizHp has 30 seconds left.\n|\n|t:|1700894160\n|move|p2a: Milotic|Protect|p2a: Milotic\n|-singleturn|p2a: Milotic|Protect\n|move|p1a: Rillaboom|Grassy Glide|p2a: Milotic\n|-activate|p2a: Milotic|move: Protect\n|move|p2b: Tornadus|Bleakwind Storm|p1a: Rillaboom|[spread] p1a,p1b\n|-supereffective|p1a: Rillaboom\n|-damage|p1a: Rillaboom|31\/100\n|-damage|p1b: Farigiraf|72\/100\n|move|p1b: Farigiraf|Trick Room|p1b: Farigiraf\n|-fieldstart|move: Trick Room|[of] p1b: Farigiraf\n|\n|-heal|p1b: Farigiraf|77\/100|[from] Grassy Terrain\n|-heal|p1a: Rillaboom|36\/100|[from] Grassy Terrain\n|upkeep\n|turn|2\n|inactive|LuigizHp has 30 seconds left.\n|inactive|LuigizHp has 20 seconds left.\n|\n|t:|1700894197\n|-terastallize|p2a: Milotic|Dragon\n|move|p1a: Rillaboom|Grassy Glide|p2a: Milotic\n|-resisted|p2a: Milotic\n|-damage|p2a: Milotic|81\/100\n|move|p1b: Farigiraf|Dazzling Gleam|p2b: Tornadus|[spread] p2a,p2b\n|-supereffective|p2a: Milotic\n|-damage|p2a: Milotic|54\/100\n|-damage|p2b: Tornadus|81\/100\n|move|p2a: Milotic|Scald|p1b: Farigiraf\n|-damage|p1b: Farigiraf|51\/100\n|move|p2b: Tornadus|Bleakwind Storm|p1b: Farigiraf|[spread] p1a\n|-miss|p2b: Tornadus|p1b: Farigiraf\n|-supereffective|p1a: Rillaboom\n|-damage|p1a: Rillaboom|0 fnt\n|faint|p1a: Rillaboom\n|\n|-heal|p1b: Farigiraf|57\/100|[from] Grassy Terrain\n|-heal|p2a: Milotic|60\/100|[from] Grassy Terrain\n|upkeep\n|inactive|leafyarrow has 30 seconds left.\n|\n|t:|1700894222\n|switch|p1a: Urshifu|Urshifu-Rapid-Strike, L50, M|100\/100\n|turn|3\n|inactive|LuigizHp has 30 seconds left.\n|inactive|LuigizHp has 20 seconds left.\n|\n|t:|1700894262\n|-terastallize|p1a: Urshifu|Water\n|move|p1b: Farigiraf|Dazzling Gleam|p2a: Milotic|[spread] p2a,p2b\n|-supereffective|p2a: Milotic\n|-damage|p2a: Milotic|38\/100\n|-damage|p2b: Tornadus|63\/100\n|-enditem|p2a: Milotic|Sitrus Berry|[eat]\n|-heal|p2a: Milotic|62\/100|[from] item: Sitrus Berry\n|move|p2a: Milotic|Scald|p1a: Urshifu\n|-resisted|p1a: Urshifu\n|-damage|p1a: Urshifu|82\/100\n|move|p2b: Tornadus|Bleakwind Storm|p1a: Urshifu|[spread] p1a,p1b\n|-damage|p1a: Urshifu|45\/100\n|-damage|p1b: Farigiraf|25\/100\n|move|p1a: Urshifu|Surging Strikes|p2a: Milotic\n|-resisted|p2a: Milotic\n|-crit|p2a: Milotic\n|-damage|p2a: Milotic|49\/100\n|-resisted|p2a: Milotic\n|-crit|p2a: Milotic\n|-damage|p2a: Milotic|36\/100\n|-resisted|p2a: Milotic\n|-crit|p2a: Milotic\n|-damage|p2a: Milotic|22\/100\n|-hitcount|p2a: Milotic|3\n|\n|-heal|p1b: Farigiraf|31\/100|[from] Grassy Terrain\n|-heal|p2a: Milotic|28\/100|[from] Grassy Terrain\n|-heal|p1a: Urshifu|51\/100|[from] Grassy Terrain\n|upkeep\n|turn|4\n|inactive|leafyarrow has 30 seconds left.\n|inactive|LuigizHp has 30 seconds left.\n|\n|t:|1700894294\n|move|p1a: Urshifu|Aqua Jet|p2a: Milotic\n|-resisted|p2a: Milotic\n|-damage|p2a: Milotic|15\/100\n|move|p1b: Farigiraf|Dazzling Gleam|p2b: Tornadus|[spread] p2a,p2b\n|-supereffective|p2a: Milotic\n|-damage|p2a: Milotic|0 fnt\n|-damage|p2b: Tornadus|45\/100\n|faint|p2a: Milotic\n|move|p2b: Tornadus|Bleakwind Storm|p1b: Farigiraf|[spread] p1a\n|-miss|p2b: Tornadus|p1b: Farigiraf\n|-damage|p1a: Urshifu|12\/100\n|\n|-heal|p1b: Farigiraf|37\/100|[from] Grassy Terrain\n|-heal|p1a: Urshifu|18\/100|[from] Grassy Terrain\n|upkeep\n|\n|t:|1700894309\n|switch|p2a: Rillaboom|Rillaboom, L50, F|100\/100\n|turn|5\n|inactive|leafyarrow has 30 seconds left.\n|\n|t:|1700894334\n|move|p1b: Farigiraf|Psychic|p2b: Tornadus\n|-damage|p2b: Tornadus|0 fnt\n|faint|p2b: Tornadus\n|move|p2a: Rillaboom|Wood Hammer|p1b: Farigiraf\n|-damage|p1b: Farigiraf|0 fnt\n|-damage|p2a: Rillaboom|84\/100|[from] item: Rocky Helmet|[of] p1b: Farigiraf\n|faint|p1b: Farigiraf\n|-damage|p2a: Rillaboom|71\/100|[from] Recoil\n|move|p1a: Urshifu|Close Combat|p2a: Rillaboom\n|-crit|p2a: Rillaboom\n|-damage|p2a: Rillaboom|0 fnt\n|-unboost|p1a: Urshifu|def|1\n|-unboost|p1a: Urshifu|spd|1\n|faint|p2a: Rillaboom\n|\n|-heal|p1a: Urshifu|24\/100|[from] Grassy Terrain\n|-fieldend|move: Trick Room\n|-fieldend|move: Grassy Terrain\n|upkeep\n|\n|t:|1700894351\n|switch|p2a: Landorus|Landorus-Therian, L50, M|100\/100\n|switch|p1b: Landorus|Landorus, L50, M|100\/100\n|-ability|p2a: Landorus|Intimidate|boost\n|-unboost|p1a: Urshifu|atk|1\n|-unboost|p1b: Landorus|atk|1\n|turn|6\n|\n|t:|1700894359\n|move|p1a: Urshifu|Aqua Jet|p2a: Landorus\n|-supereffective|p2a: Landorus\n|-damage|p2a: Landorus|50\/100\n|move|p2a: Landorus|Rock Slide|p1a: Urshifu|[spread] p1a,p1b\n|-damage|p1a: Urshifu|0 fnt\n|-damage|p1b: Landorus|78\/100\n|faint|p1a: Urshifu\n|move|p1b: Landorus|Sludge Bomb|p2a: Landorus\n|-resisted|p2a: Landorus\n|-damage|p2a: Landorus|21\/100\n|\n|upkeep\n|turn|7\n|\n|t:|1700894370\n|move|p2a: Landorus|Rock Slide|p1b: Landorus\n|-damage|p1b: Landorus|46\/100\n|move|p1b: Landorus|Sludge Bomb|p2a: Landorus\n|-resisted|p2a: Landorus\n|-damage|p2a: Landorus|0 fnt\n|faint|p2a: Landorus\n|\n|win|leafyarrow\n|c|&|\/uhtml prompt-luigizhp,LuigizHp is ready for game 2!\n|c|&|\/uhtml prompt-leafyarrow,leafyarrow is ready for game 2!\nBoth players are ready! Starting next match!\n","uploadtime":1700894650,"views":14,"p1id":"leafyarrow","p2id":"luigizhp","formatid":"gen9vgc2023regulatione","rating":0,"private":0,"password":""}