{"id":"gen9vgc2023regulatione-1993206569","p1":"DeltaWithPride","p2":"mabend","format":"[Gen 9] VGC 2023 Regulation E","log":"|j|\u2606DeltaWithPride\n|j|\u2606mabend\n|n|\u2606DeltaWithPride|deltawithpride\n|n|\u2606mabend|mabend\n|html|View the match progress at <a href=\"\/game-bestof3-gen9vgc2023regulatione-1993206568\">game-bestof3-gen9vgc2023regulatione-1993206568<\/a>\n|t:|1700277996\n|gametype|doubles\n|player|p1|DeltaWithPride|bruno|\n|player|p2|mabend|roxie|\n|teamsize|p1|6\n|teamsize|p2|6\n|gen|9\n|tier|[Gen 9] VGC 2023 Regulation E\n|rule|Species Clause: Limit one of each Pok\u00e9mon\n|rule|Item Clause: Limit one of each item\n|clearpoke\n|poke|p1|Gastrodon, L50, F|\n|poke|p1|Gardevoir, L50, M|\n|poke|p1|Barraskewda, L50, M|\n|poke|p1|Infernape, L50, F|\n|poke|p1|Kommo-o, L50, F|\n|poke|p1|Coalossal, L50, F|\n|poke|p2|Volcarona, L50, M|\n|poke|p2|Oricorio-Pom-Pom, L50, M|\n|poke|p2|Scream Tail, L50|\n|poke|p2|Urshifu-*, L50, M|\n|poke|p2|Wo-Chien, L50|\n|poke|p2|Pawmot, L50, M|\n|teampreview|4\n|\n|t:|1700278031\n|start\n|switch|p1a: Hulk Hogan|Kommo-o, L50, F, shiny|100\/100\n|switch|p1b: Train Engine|Coalossal, L50, F|100\/100\n|switch|p2a: Scream Tail|Scream Tail, L50|100\/100\n|switch|p2b: Urshifu|Urshifu-Rapid-Strike, L50, M|100\/100\n|-enditem|p2a: Scream Tail|Booster Energy\n|-activate|p2a: Scream Tail|ability: Protosynthesis|[fromitem]\n|-start|p2a: Scream Tail|protosynthesisspe\n|turn|1\n|\n|t:|1700278084\n|move|p2a: Scream Tail|Play Rough|p1a: Hulk Hogan\n|-supereffective|p1a: Hulk Hogan\n|-damage|p1a: Hulk Hogan|10\/100\n|-unboost|p1a: Hulk Hogan|atk|1\n|move|p1a: Hulk Hogan|Boomburst|p2a: Scream Tail|[spread] p1b,p2a,p2b\n|-resisted|p1b: Train Engine\n|-damage|p1b: Train Engine|87\/100\n|-damage|p2a: Scream Tail|79\/100\n|-damage|p2b: Urshifu|61\/100\n|-enditem|p1a: Hulk Hogan|Throat Spray\n|-boost|p1a: Hulk Hogan|spa|1|[from] item: Throat Spray\n|move|p2b: Urshifu|Surging Strikes|p1b: Train Engine\n|-supereffective|p1b: Train Engine\n|-crit|p1b: Train Engine\n|-damage|p1b: Train Engine|42\/100\n|-ability|p1b: Train Engine|Steam Engine|boost\n|-boost|p1b: Train Engine|spe|6\n|-enditem|p1b: Train Engine|Weakness Policy\n|-boost|p1b: Train Engine|atk|2|[from] item: Weakness Policy\n|-boost|p1b: Train Engine|spa|2|[from] item: Weakness Policy\n|-supereffective|p1b: Train Engine\n|-crit|p1b: Train Engine\n|-damage|p1b: Train Engine|2\/100\n|-supereffective|p1b: Train Engine\n|-crit|p1b: Train Engine\n|-damage|p1b: Train Engine|0 fnt\n|faint|p1b: Train Engine\n|-hitcount|p1: Train Engine|3\n|\n|upkeep\n|\n|t:|1700278125\n|switch|p1b: Jabba The Hutt|Gastrodon, L50, F, shiny|100\/100\n|turn|2\n|\n|t:|1700278154\n|move|p2a: Scream Tail|Protect|p2a: Scream Tail\n|-singleturn|p2a: Scream Tail|Protect\n|move|p1a: Hulk Hogan|Flamethrower|p2a: Scream Tail\n|-activate|p2a: Scream Tail|move: Protect\n|move|p2b: Urshifu|U-turn|p1a: Hulk Hogan\n|-resisted|p1a: Hulk Hogan\n|-damage|p1a: Hulk Hogan|0 fnt\n|faint|p1a: Hulk Hogan\n|\n|t:|1700278167\n|switch|p2b: Volcarona|Volcarona, L50, M|100\/100|[from] U-turn\n|move|p1b: Jabba The Hutt|Ice Beam|p2b: Volcarona\n|-resisted|p2b: Volcarona\n|-damage|p2b: Volcarona|92\/100\n|\n|-heal|p2b: Volcarona|98\/100|[from] item: Leftovers\n|upkeep\n|\n|t:|1700278175\n|switch|p1a: Luffy|Infernape, L50, F|100\/100\n|turn|3\n|\n|t:|1700278211\n|move|p2b: Volcarona|Protect|p2b: Volcarona\n|-singleturn|p2b: Volcarona|Protect\n|move|p1a: Luffy|Vacuum Wave|p2b: Volcarona\n|-activate|p2b: Volcarona|move: Protect\n|move|p2a: Scream Tail|Play Rough|p1a: Luffy\n|-damage|p1a: Luffy|65\/100\n|move|p1b: Jabba The Hutt|Earth Power|p2a: Scream Tail\n|-damage|p2a: Scream Tail|60\/100\n|\n|-heal|p2b: Volcarona|100\/100|[from] item: Leftovers\n|upkeep\n|turn|4\n|\n|t:|1700278237\n|move|p2a: Scream Tail|Protect|p2a: Scream Tail\n|-singleturn|p2a: Scream Tail|Protect\n|move|p1a: Luffy|Nasty Plot|p1a: Luffy\n|-boost|p1a: Luffy|spa|2\n|move|p2b: Volcarona|Quiver Dance|p2b: Volcarona\n|-boost|p2b: Volcarona|spa|1\n|-boost|p2b: Volcarona|spd|1\n|-boost|p2b: Volcarona|spe|1\n|move|p1b: Jabba The Hutt|Spikes|p2a: Scream Tail\n|-sidestart|p2: mabend|Spikes\n|\n|upkeep\n|turn|5\n|\n|t:|1700278273\n|move|p2a: Scream Tail|Play Rough|p1a: Luffy\n|-damage|p1a: Luffy|30\/100\n|move|p2b: Volcarona|Giga Drain|p1b: Jabba The Hutt\n|-supereffective|p1b: Jabba The Hutt\n|-damage|p1b: Jabba The Hutt|1\/100\n|move|p1a: Luffy|Grass Knot|p2b: Volcarona\n|-resisted|p2b: Volcarona\n|-damage|p2b: Volcarona|94\/100\n|-damage|p1a: Luffy|20\/100|[from] item: Life Orb\n|move|p1b: Jabba The Hutt|Ice Beam|p2a: Scream Tail\n|-damage|p2a: Scream Tail|46\/100\n|\n|-heal|p2b: Volcarona|100\/100|[from] item: Leftovers\n|-heal|p1b: Jabba The Hutt|7\/100|[from] item: Leftovers\n|upkeep\n|turn|6\n|\n|t:|1700278313\n|-end|p2a: Scream Tail|Protosynthesis|[silent]\n|switch|p2a: Oricorio|Oricorio-Pom-Pom, L50, M|100\/100\n|move|p2b: Volcarona|Heat Wave|p1b: Jabba The Hutt|[spread] p1a,p1b\n|-resisted|p1a: Luffy\n|-resisted|p1b: Jabba The Hutt\n|-damage|p1a: Luffy|0 fnt\n|-damage|p1b: Jabba The Hutt|0 fnt\n|faint|p1a: Luffy\n|faint|p1b: Jabba The Hutt\n|\n|win|mabend\n|c|&|\/uhtml prompt-deltawithpride,DeltaWithPride is ready for game 2!\n|inactive|mabend has 50 seconds to confirm battle start!\n","uploadtime":1700278327,"views":20,"p1id":"deltawithpride","p2id":"mabend","formatid":"gen9vgc2023regulatione","rating":0,"private":0,"password":""}