{"id":"gen9vgc2023regulatione-1989482852","p1":"qz112","p2":"Luiz Red","format":"[Gen 9] VGC 2023 Regulation E","log":"|j|\u2606qz112\n|j|\u2606Luiz Red\n|t:|1699857977\n|gametype|doubles\n|player|p1|qz112|265|1060\n|player|p2|Luiz Red|clown|1065\n|teamsize|p1|6\n|teamsize|p2|6\n|gen|9\n|tier|[Gen 9] VGC 2023 Regulation E\n|rated|\n|rule|Species Clause: Limit one of each Pok\u00e9mon\n|rule|Item Clause: Limit one of each item\n|clearpoke\n|poke|p1|Ursaluna-Bloodmoon, L50, M|\n|poke|p1|Dusclops, L50, F|\n|poke|p1|Oricorio-Sensu, L50, F|\n|poke|p1|Volcarona, L50, M|\n|poke|p1|Kommo-o, L50, M|\n|poke|p1|Regieleki, L50|\n|poke|p2|Pelipper, L50, F|\n|poke|p2|Urshifu-*, L50, M|\n|poke|p2|Barraskewda, L50, F|\n|poke|p2|Amoonguss, L50, M|\n|poke|p2|Flutter Mane, L50|\n|poke|p2|Tornadus, L50, M|\n|teampreview|4\n|\n|t:|1699858007\n|start\n|switch|p1a: Hamas|Regieleki, L50|100\/100\n|switch|p1b: Kabuki|Oricorio-Sensu, L50, F|100\/100\n|switch|p2a: Tornadus|Tornadus, L50, M|100\/100\n|switch|p2b: Flutter Mane|Flutter Mane, L50|100\/100\n|turn|1\n|\n|t:|1699858040\n|switch|p2a: Amoonguss|Amoonguss, L50, M|100\/100\n|move|p1b: Kabuki|Protect|p1b: Kabuki\n|-singleturn|p1b: Kabuki|Protect\n|move|p1a: Hamas|Electroweb|p2b: Flutter Mane|[spread] p2a,p2b\n|-resisted|p2a: Amoonguss\n|-damage|p2a: Amoonguss|94\/100\n|-damage|p2b: Flutter Mane|86\/100\n|-unboost|p2a: Amoonguss|spe|1\n|-unboost|p2b: Flutter Mane|spe|1\n|move|p2b: Flutter Mane|Shadow Ball|p1b: Kabuki\n|-activate|p1b: Kabuki|move: Protect\n|\n|upkeep\n|turn|2\n|\n|t:|1699858066\n|-end|p2b: Flutter Mane|Protosynthesis|[silent]\n|switch|p2b: Tornadus|Tornadus, L50, M|100\/100\n|move|p1a: Hamas|Explosion|p2b: Tornadus|[spread] p2a,p2b\n|-immune|p1b: Kabuki\n|-enditem|p1a: Hamas|Normal Gem|[from] gem\n|-damage|p2a: Amoonguss|32\/100\n|-damage|p2b: Tornadus|11\/100\n|faint|p1a: Hamas\n|move|p1b: Kabuki|Revelation Dance|p2b: Tornadus\n|-damage|p2b: Tornadus|0 fnt\n|faint|p2b: Tornadus\n|move|p2a: Amoonguss|Spore|p1b: Kabuki\n|-status|p1b: Kabuki|slp|[from] move: Spore\n|\n|upkeep\n|\n|t:|1699858084\n|switch|p1a: Apollo|Volcarona, L50, M|100\/100\n|switch|p2b: Flutter Mane|Flutter Mane, L50|86\/100\n|turn|3\n|\n|t:|1699858101\n|switch|p2a: Urshifu|Urshifu-Rapid-Strike, L50, M|100\/100\n|-terastallize|p2b: Flutter Mane|Ghost\n|cant|p1b: Kabuki|slp\n|move|p2b: Flutter Mane|Shadow Ball|p1a: Apollo\n|-damage|p1a: Apollo|30\/100\n|move|p1a: Apollo|Fiery Dance|p2a: Urshifu\n|-resisted|p2a: Urshifu\n|-damage|p2a: Urshifu|76\/100\n|-boost|p1a: Apollo|spa|1\n|-activate|p1b: Kabuki|ability: Dancer\n|-curestatus|p1b: Kabuki|slp|[msg]\n|move|p1b: Kabuki|Fiery Dance|p2a: Urshifu|[from]ability: Dancer\n|-resisted|p2a: Urshifu\n|-crit|p2a: Urshifu\n|-damage|p2a: Urshifu|52\/100\n|\n|upkeep\n|turn|4\n|\n|t:|1699858129\n|-terastallize|p1a: Apollo|Water\n|move|p1b: Kabuki|Protect|p1b: Kabuki\n|-singleturn|p1b: Kabuki|Protect\n|move|p2a: Urshifu|Aqua Jet|p1a: Apollo\n|-resisted|p1a: Apollo\n|-damage|p1a: Apollo|19\/100\n|-damage|p2a: Urshifu|36\/100|[from] item: Rocky Helmet|[of] p1a: Apollo\n|move|p2b: Flutter Mane|Shadow Ball|p1b: Kabuki\n|-activate|p1b: Kabuki|move: Protect\n|move|p1a: Apollo|Quiver Dance|p1a: Apollo\n|-boost|p1a: Apollo|spa|1\n|-boost|p1a: Apollo|spd|1\n|-boost|p1a: Apollo|spe|1\n|-activate|p1b: Kabuki|ability: Dancer\n|move|p1b: Kabuki|Quiver Dance|p1b: Kabuki|[from]ability: Dancer\n|-boost|p1b: Kabuki|spa|1\n|-boost|p1b: Kabuki|spd|1\n|-boost|p1b: Kabuki|spe|1\n|\n|upkeep\n|turn|5\n|\n|t:|1699858167\n|-end|p2b: Flutter Mane|Protosynthesis|[silent]\n|switch|p2b: Amoonguss|Amoonguss, L50, M|65\/100\n|move|p1b: Kabuki|Revelation Dance|p2b: Amoonguss\n|-damage|p2b: Amoonguss|10\/100\n|move|p1a: Apollo|Giga Drain|p2a: Urshifu\n|-supereffective|p2a: Urshifu\n|-damage|p2a: Urshifu|0 fnt\n|-heal|p1a: Apollo|38\/100|[from] drain|[of] p2a: Urshifu\n|faint|p2a: Urshifu\n|\n|upkeep\n|\n|t:|1699858181\n|switch|p2a: Flutter Mane|Flutter Mane, L50, tera:Ghost|86\/100\n|turn|6\n|\n|t:|1699858199\n|move|p1b: Kabuki|Protect|p1b: Kabuki\n|-singleturn|p1b: Kabuki|Protect\n|move|p1a: Apollo|Fiery Dance|p2b: Amoonguss\n|-supereffective|p2b: Amoonguss\n|-damage|p2b: Amoonguss|0 fnt\n|-boost|p1a: Apollo|spa|1\n|faint|p2b: Amoonguss\n|-activate|p1b: Kabuki|ability: Dancer\n|move|p1b: Kabuki|Fiery Dance|p2a: Flutter Mane|[from]ability: Dancer\n|-damage|p2a: Flutter Mane|52\/100\n|move|p2a: Flutter Mane|Energy Ball|p1a: Apollo\n|-supereffective|p1a: Apollo\n|-damage|p1a: Apollo|0 fnt\n|faint|p1a: Apollo\n|\n|upkeep\n|\n|t:|1699858213\n|switch|p1a: Ursaluna|Ursaluna-Bloodmoon, L50, M|100\/100\n|turn|7\n|\n|t:|1699858222\n|move|p1b: Kabuki|Revelation Dance|p2a: Flutter Mane\n|-supereffective|p2a: Flutter Mane\n|-damage|p2a: Flutter Mane|0 fnt\n|faint|p2a: Flutter Mane\n|-end|p2a: Flutter Mane|Protosynthesis|[silent]\n|\n|win|qz112\n|raw|qz112's rating: 1060 &rarr; <strong>1091<\/strong><br \/>(+31 for winning)\n|raw|Luiz Red's rating: 1065 &rarr; <strong>1045<\/strong><br \/>(-20 for losing)\n|l|\u2606Luiz Red\n","uploadtime":1699858226,"views":15,"p1id":"qz112","p2id":"luizred","formatid":"gen9vgc2023regulatione","rating":1045,"private":0,"password":""}