{"id":"gen9vgc2023regulatione-1988696249","p1":"nickmitch","p2":"Papsy","format":"[Gen 9] VGC 2023 Regulation E","log":"|j|\u2606nickmitch\n|j|\u2606Papsy\n|t:|1699751799\n|gametype|doubles\n|player|p1|nickmitch|clerk|1216\n|player|p2|Papsy|169|1269\n|teamsize|p1|6\n|teamsize|p2|6\n|gen|9\n|tier|[Gen 9] VGC 2023 Regulation E\n|rated|\n|rule|Species Clause: Limit one of each Pok\u00e9mon\n|rule|Item Clause: Limit one of each item\n|clearpoke\n|poke|p1|Fezandipiti, L50, M|\n|poke|p1|Garganacl, L50, M|\n|poke|p1|Ogerpon-Hearthflame, L50, F|\n|poke|p1|Landorus-Therian, L50, M|\n|poke|p1|Flutter Mane, L50|\n|poke|p1|Urshifu-*, L50, F|\n|poke|p2|Kingambit, L50, F|\n|poke|p2|Landorus-Therian, L50, M|\n|poke|p2|Rillaboom, L50, M|\n|poke|p2|Ogerpon-Wellspring, L50, F|\n|poke|p2|Arcanine-Hisui, L50, F|\n|poke|p2|Flutter Mane, L50|\n|teampreview|4\n|\n|t:|1699751832\n|start\n|switch|p1a: Fezandipiti|Fezandipiti, L50, M|100\/100\n|switch|p1b: Ogerpon|Ogerpon-Hearthflame, L50, F|100\/100\n|switch|p2a: Rillaboom|Rillaboom, L50, M|100\/100\n|switch|p2b: Kingambit|Kingambit, L50, F|100\/100\n|-ability|p1b: Ogerpon|Mold Breaker\n|-fieldstart|move: Grassy Terrain|[from] ability: Grassy Surge|[of] p2a: Rillaboom\n|turn|1\n|\n|t:|1699751872\n|switch|p2a: Landorus|Landorus-Therian, L50, M|100\/100\n|-ability|p2a: Landorus|Intimidate|boost\n|-unboost|p1a: Fezandipiti|atk|1\n|-unboost|p1b: Ogerpon|atk|1\n|move|p1b: Ogerpon|Spiky Shield|p1b: Ogerpon\n|-singleturn|p1b: Ogerpon|move: Protect\n|move|p2b: Kingambit|Protect|p2b: Kingambit\n|-singleturn|p2b: Kingambit|Protect\n|move|p1a: Fezandipiti|Dazzling Gleam|p2b: Kingambit|[spread] p2a\n|-activate|p2b: Kingambit|move: Protect\n|-damage|p2a: Landorus|75\/100\n|\n|upkeep\n|turn|2\n|\n|t:|1699751895\n|move|p2a: Landorus|Rock Slide|p1a: Fezandipiti|[spread] p1a,p1b\n|-supereffective|p1b: Ogerpon\n|-damage|p1a: Fezandipiti|80\/100\n|-damage|p1b: Ogerpon|45\/100\n|move|p1b: Ogerpon|Ivy Cudgel|p2b: Kingambit\n|-supereffective|p2b: Kingambit\n|-damage|p2b: Kingambit|39\/100\n|move|p1a: Fezandipiti|Icy Wind|p2a: Landorus|[spread] p2a,p2b\n|-supereffective|p2a: Landorus\n|-resisted|p2b: Kingambit\n|-damage|p2a: Landorus|27\/100\n|-damage|p2b: Kingambit|34\/100\n|-unboost|p2a: Landorus|spe|1\n|-unboost|p2b: Kingambit|spe|1\n|-ability|p2b: Kingambit|Defiant|boost\n|-boost|p2b: Kingambit|atk|2\n|-status|p2a: Landorus|tox|[from] ability: Toxic Chain|[of] p1a: Fezandipiti\n|move|p2b: Kingambit|Swords Dance|p2b: Kingambit\n|-boost|p2b: Kingambit|atk|2\n|\n|-heal|p1b: Ogerpon|51\/100|[from] Grassy Terrain\n|-heal|p1a: Fezandipiti|86\/100|[from] Grassy Terrain\n|-heal|p2b: Kingambit|40\/100|[from] Grassy Terrain\n|-damage|p2a: Landorus|21\/100 tox|[from] psn\n|upkeep\n|turn|3\n|\n|t:|1699751919\n|switch|p2a: Ogerpon|Ogerpon-Wellspring, L50, F|100\/100\n|move|p1b: Ogerpon|Spiky Shield|p1b: Ogerpon\n|-singleturn|p1b: Ogerpon|move: Protect\n|move|p2b: Kingambit|Protect|p2b: Kingambit\n|-singleturn|p2b: Kingambit|Protect\n|move|p1a: Fezandipiti|Dazzling Gleam|p2a: Ogerpon|[spread] p2a\n|-activate|p2b: Kingambit|move: Protect\n|-damage|p2a: Ogerpon|79\/100\n|-status|p2a: Ogerpon|tox|[from] ability: Toxic Chain|[of] p1a: Fezandipiti\n|\n|-heal|p1b: Ogerpon|57\/100|[from] Grassy Terrain\n|-heal|p2a: Ogerpon|86\/100 tox|[from] Grassy Terrain\n|-heal|p1a: Fezandipiti|92\/100|[from] Grassy Terrain\n|-heal|p2b: Kingambit|46\/100|[from] Grassy Terrain\n|-damage|p2a: Ogerpon|79\/100 tox|[from] psn\n|upkeep\n|turn|4\n|\n|t:|1699751943\n|switch|p2a: Landorus|Landorus-Therian, L50, M|21\/100 tox\n|-ability|p2a: Landorus|Intimidate|boost\n|-unboost|p1a: Fezandipiti|atk|1\n|-unboost|p1b: Ogerpon|atk|1\n|move|p1a: Fezandipiti|Protect|p1a: Fezandipiti\n|-singleturn|p1a: Fezandipiti|Protect\n|move|p2b: Kingambit|Sucker Punch|p1b: Ogerpon\n|-damage|p1b: Ogerpon|0 fnt\n|faint|p1b: Ogerpon\n|\n|-heal|p1a: Fezandipiti|98\/100|[from] Grassy Terrain\n|-heal|p2b: Kingambit|52\/100|[from] Grassy Terrain\n|-damage|p2a: Landorus|15\/100 tox|[from] psn\n|upkeep\n|\n|t:|1699751960\n|switch|p1b: Garganacl|Garganacl, L50, M|100\/100\n|turn|5\n|\n|t:|1699751991\n|switch|p2a: Ogerpon|Ogerpon-Wellspring, L50, F|79\/100 tox\n|-terastallize|p1b: Garganacl|Flying\n|-terastallize|p2b: Kingambit|Dark\n|move|p1a: Fezandipiti|Dazzling Gleam|p2b: Kingambit|[spread] p2a,p2b\n|-supereffective|p2b: Kingambit\n|-damage|p2a: Ogerpon|57\/100 tox\n|-damage|p2b: Kingambit|16\/100\n|-status|p2b: Kingambit|tox|[from] ability: Toxic Chain|[of] p1a: Fezandipiti\n|move|p1b: Garganacl|Body Press|p2b: Kingambit\n|-supereffective|p2b: Kingambit\n|-damage|p2b: Kingambit|0 fnt\n|faint|p2b: Kingambit\n|\n|-heal|p2a: Ogerpon|64\/100 tox|[from] Grassy Terrain\n|-heal|p1a: Fezandipiti|100\/100|[from] Grassy Terrain\n|-damage|p2a: Ogerpon|57\/100 tox|[from] psn\n|-fieldend|move: Grassy Terrain\n|upkeep\n|\n|t:|1699752006\n|switch|p2b: Landorus|Landorus-Therian, L50, M|15\/100 tox\n|-ability|p2b: Landorus|Intimidate|boost\n|-unboost|p1a: Fezandipiti|atk|1\n|-unboost|p1b: Garganacl|atk|1\n|turn|6\n|\n|t:|1699752023\n|move|p1b: Garganacl|Wide Guard|p1b: Garganacl\n|-singleturn|p1b: Garganacl|Wide Guard\n|move|p2b: Landorus|Rock Slide|p1b: Garganacl|[spread] \n|-activate|p1a: Fezandipiti|move: Wide Guard\n|-activate|p1b: Garganacl|move: Wide Guard\n|move|p2a: Ogerpon|Ivy Cudgel|p1a: Fezandipiti\n|-crit|p1a: Fezandipiti\n|-damage|p1a: Fezandipiti|6\/100\n|-enditem|p1a: Fezandipiti|Sitrus Berry|[eat]\n|-heal|p1a: Fezandipiti|30\/100|[from] item: Sitrus Berry\n|move|p1a: Fezandipiti|Sludge Bomb|p2a: Ogerpon\n|-supereffective|p2a: Ogerpon\n|-damage|p2a: Ogerpon|0 fnt\n|faint|p2a: Ogerpon\n|\n|-damage|p2b: Landorus|9\/100 tox|[from] psn\n|upkeep\n|\n|t:|1699752025\n|switch|p2a: Rillaboom|Rillaboom, L50, M|100\/100\n|-fieldstart|move: Grassy Terrain|[from] ability: Grassy Surge|[of] p2a: Rillaboom\n|turn|7\n|-message|Papsy forfeited.\n|\n|win|nickmitch\n|raw|nickmitch's rating: 1216 &rarr; <strong>1245<\/strong><br \/>(+29 for winning)\n|raw|Papsy's rating: 1269 &rarr; <strong>1240<\/strong><br \/>(-29 for losing)\n|l|\u2606Papsy\n","uploadtime":1699752056,"views":22,"p1id":"nickmitch","p2id":"papsy","formatid":"gen9vgc2023regulatione","rating":1240,"private":0,"password":""}