{"id":"gen9vgc2023regulatione-1989390877","p1":"LanternComic","p2":"elninotatem","format":"[Gen 9] VGC 2023 Regulation E","log":"|j|\u2606LanternComic\n|j|\u2606elninotatem\n|t:|1699844248\n|gametype|doubles\n|player|p1|LanternComic|silver-masters|\n|player|p2|elninotatem|skyla|\n|teamsize|p1|6\n|teamsize|p2|6\n|gen|9\n|tier|[Gen 9] VGC 2023 Regulation E\n|rated|Tournament battle\n|rule|Species Clause: Limit one of each Pok\u00e9mon\n|rule|Item Clause: Limit one of each item\n|clearpoke\n|poke|p1|Kingambit, L50, F|\n|poke|p1|Azumarill, L50, F|\n|poke|p1|Wyrdeer, L50, F|\n|poke|p1|Armarouge, L50, F|\n|poke|p1|Indeedee-F, L50, F|\n|poke|p1|Ursaluna, L50, F|\n|poke|p2|Iron Hands, L50|\n|poke|p2|Flutter Mane, L50|\n|poke|p2|Chien-Pao, L50|\n|poke|p2|Dragonite, L50, F|\n|poke|p2|Thundurus, L50, M|\n|poke|p2|Goodra-Hisui, L50, M|\n|teampreview|4\n|showteam|p1|Kingambit||BlackGlasses|Defiant|KowtowCleave,IronHead,SuckerPunch,Protect|||F|||50|,,,,,Flying]Azumarill||AssaultVest|HugePower|Liquidation,AquaJet,BodySlam,PlayRough|||F|||50|,,,,,Fire]Wyrdeer||MentalHerb|Intimidate|TeraBlast,SkillSwap,TrickRoom,Protect|||F|||50|,,,,,Fairy]Armarouge||LifeOrb|FlashFire|ExpandingForce,ArmorCannon,TrickRoom,Protect|||F|||50|,,,,,Grass]Indeedee-F||SafetyGoggles|PsychicSurge|FollowMe,HelpingHand,TrickRoom,DazzlingGleam|||F|||50|,,,,,Fairy]Ursaluna||FlameOrb|Guts|Facade,HeadlongRush,ShadowClaw,Protect|||F|||50|,,,,,Ghost\n|showteam|p2|Iron Hands||AssaultVest|QuarkDrive|FakeOut,IcePunch,ThunderPunch,DrainPunch||||||50|,,,,,Fire]Flutter Mane||ChoiceSpecs|Protosynthesis|PowerGem,DazzlingGleam,ShadowBall,Moonblast||||||50|,,,,,Fairy]Chien-Pao||LifeOrb|SwordofRuin|IceSpinner,SacredSword,SuckerPunch,Protect||||||50|,,,,,Ghost]Dragonite||ChoiceBand|InnerFocus|ExtremeSpeed,Outrage,IceSpinner,StompingTantrum|||F|||50|,,,,,Normal]Thundurus||CovertCloak|Prankster|EerieImpulse,Taunt,Thunderbolt,SludgeBomb|||M|||50|,,,,,Ghost]Goodra-Hisui||Leftovers|ShellArmor|Shelter,Protect,BodyPress,HeavySlam|||M|||50|,,,,,Fairy\n|c|\u2606LanternComic|Glhf\n|j| Almighty Plumbo\n|j|%Radio Free C-Side\n|c| Almighty Plumbo|gen 5]\n|j| Mambae2\n|j| Casper614\n|j| Flarefox_7\n|inactive|Battle timer is ON: inactive players will automatically lose when time's up. (requested by LanternComic)\n|\n|t:|1699844309\n|start\n|switch|p1a: Pika Blue|Azumarill, L50, F|100\/100\n|switch|p1b: Santa Hooves|Wyrdeer, L50, F|100\/100\n|switch|p2a: I AM SPEED|Dragonite, L50, F|100\/100\n|switch|p2b: GOOOOOEEEYYYY|Goodra-Hisui, L50, M|100\/100\n|-ability|p1b: Santa Hooves|Intimidate|boost\n|-fail|p2a: I AM SPEED|unboost|Attack|[from] ability: Inner Focus|[of] p2a: I AM SPEED\n|-unboost|p2b: GOOOOOEEEYYYY|atk|1\n|turn|1\n|c| Casper614|i almost took bellibolt to the finals\ud83d\ude1e\n|c| Casper614|GOODRAAAA\n|inactive|elninotatem has 30 seconds left.\n|inactive|elninotatem has 20 seconds left.\n|l| Flarefox_7\n|inactive|elninotatem has 15 seconds left.\n|inactive|elninotatem has 10 seconds left.\n|\n|t:|1699844357\n|-terastallize|p2a: I AM SPEED|Normal\n|move|p2b: GOOOOOEEEYYYY|Protect|p2b: GOOOOOEEEYYYY\n|-singleturn|p2b: GOOOOOEEEYYYY|Protect\n|move|p2a: I AM SPEED|Extreme Speed|p1b: Santa Hooves\n|-damage|p1b: Santa Hooves|43\/100\n|move|p1a: Pika Blue|Play Rough|p2a: I AM SPEED\n|-damage|p2a: I AM SPEED|46\/100\n|move|p1b: Santa Hooves|Trick Room|p1b: Santa Hooves\n|-fieldstart|move: Trick Room|[of] p1b: Santa Hooves\n|\n|upkeep\n|turn|2\n|j| L0ST IN PARADISE\n|\n|t:|1699844375\n|switch|p1b: Indeedee|Indeedee-F, L50, F|100\/100\n|-fieldstart|move: Psychic Terrain|[from] ability: Psychic Surge|[of] p1b: Indeedee\n|move|p2a: I AM SPEED|Extreme Speed|p1a: Pika Blue\n|-activate|p1a: Pika Blue|move: Psychic Terrain\n|move|p1a: Pika Blue|Play Rough|p2b: GOOOOOEEEYYYY\n|-damage|p2b: GOOOOOEEEYYYY|60\/100\n|move|p2b: GOOOOOEEEYYYY|Shelter|p2b: GOOOOOEEEYYYY\n|-boost|p2b: GOOOOOEEEYYYY|def|2\n|\n|-heal|p2b: GOOOOOEEEYYYY|66\/100|[from] item: Leftovers\n|upkeep\n|turn|3\n|inactive|elninotatem has 30 seconds left.\n|j| Cdogp\n|inactive|elninotatem has 20 seconds left.\n|inactive|elninotatem has 15 seconds left.\n|inactive|elninotatem has 10 seconds left.\n|inactive|elninotatem has 5 seconds left.\n|\n|t:|1699844427\n|move|p1b: Indeedee|Helping Hand|p1a: Pika Blue\n|-singleturn|p1a: Pika Blue|Helping Hand|[of] p1b: Indeedee\n|move|p2a: I AM SPEED|Extreme Speed|p1a: Pika Blue\n|-activate|p1a: Pika Blue|move: Psychic Terrain\n|move|p1a: Pika Blue|Play Rough|p2b: GOOOOOEEEYYYY|[miss]\n|-miss|p1a: Pika Blue|p2b: GOOOOOEEEYYYY\n|move|p2b: GOOOOOEEEYYYY|Shelter|p2b: GOOOOOEEEYYYY\n|-boost|p2b: GOOOOOEEEYYYY|def|2\n|\n|-heal|p2b: GOOOOOEEEYYYY|72\/100|[from] item: Leftovers\n|upkeep\n|turn|4\n|l| Almighty Plumbo\n|inactive|elninotatem has 30 seconds left.\n|inactive|elninotatem has 20 seconds left.\n|c|\u2606LanternComic|Im throwing by not bringing ursaluna\n|inactive|elninotatem has 15 seconds left.\n|\n|t:|1699844470\n|switch|p1a: Armarouge|Armarouge, L50, F|100\/100\n|move|p2a: I AM SPEED|Extreme Speed|p1a: Armarouge\n|-activate|p1a: Armarouge|move: Psychic Terrain\n|move|p2b: GOOOOOEEEYYYY|Body Press|p1b: Indeedee\n|-damage|p1b: Indeedee|33\/100\n|move|p1b: Indeedee|Dazzling Gleam|p2b: GOOOOOEEEYYYY|[spread] p2a,p2b\n|-damage|p2a: I AM SPEED|34\/100\n|-damage|p2b: GOOOOOEEEYYYY|62\/100\n|\n|-heal|p2b: GOOOOOEEEYYYY|68\/100|[from] item: Leftovers\n|upkeep\n|turn|5\n|inactive|elninotatem has 30 seconds left.\n|inactive|elninotatem has 20 seconds left.\n|inactive|elninotatem has 15 seconds left.\n|inactive|elninotatem has 10 seconds left.\n|inactive|elninotatem has 5 seconds left.\n|\n|t:|1699844522\n|-terastallize|p1b: Indeedee|Fairy\n|move|p2b: GOOOOOEEEYYYY|Protect|p2b: GOOOOOEEEYYYY\n|-singleturn|p2b: GOOOOOEEEYYYY|Protect\n|move|p2a: I AM SPEED|Extreme Speed|p1b: Indeedee\n|-activate|p1b: Indeedee|move: Psychic Terrain\n|move|p1a: Armarouge|Trick Room|p1a: Armarouge\n|-fieldend|move: Trick Room\n|move|p1b: Indeedee|Trick Room|p1b: Indeedee\n|-fieldstart|move: Trick Room|[of] p1b: Indeedee\n|\n|-heal|p2b: GOOOOOEEEYYYY|74\/100|[from] item: Leftovers\n|upkeep\n|turn|6\n|c|\u2606elninotatem|great play\n|c|\u2606LanternComic|Thanks\n|inactive|elninotatem has 30 seconds left.\n|inactive|elninotatem has 20 seconds left.\n|inactive|elninotatem has 15 seconds left.\n|\n|t:|1699844564\n|switch|p2a: Tai Lung|Chien-Pao, L50|100\/100\n|-ability|p2a: Tai Lung|Sword of Ruin\n|switch|p1b: Santa Hooves|Wyrdeer, L50, F|43\/100\n|-ability|p1b: Santa Hooves|Intimidate|boost\n|-unboost|p2a: Tai Lung|atk|1\n|-unboost|p2b: GOOOOOEEEYYYY|atk|1\n|move|p1a: Armarouge|Expanding Force|p2b: GOOOOOEEEYYYY|[spread] p2b\n|-immune|p2a: Tai Lung\n|-resisted|p2b: GOOOOOEEEYYYY\n|-damage|p2b: GOOOOOEEEYYYY|48\/100\n|-damage|p1a: Armarouge|91\/100|[from] item: Life Orb\n|move|p2b: GOOOOOEEEYYYY|Heavy Slam|p1b: Santa Hooves\n|-damage|p1b: Santa Hooves|25\/100\n|\n|-heal|p2b: GOOOOOEEEYYYY|54\/100|[from] item: Leftovers\n|-fieldend|move: Psychic Terrain\n|upkeep\n|turn|7\n|c|\u2606LanternComic|Been using this team since reg d\n|inactive|LanternComic has 30 seconds left.\n|inactive|elninotatem has 30 seconds left.\n|inactive|elninotatem has 20 seconds left.\n|inactive|elninotatem has 15 seconds left.\n|inactive|elninotatem has 10 seconds left.\n|\n|t:|1699844614\n|switch|p1b: Indeedee|Indeedee-F, L50, F, tera:Fairy|33\/100\n|-fieldstart|move: Psychic Terrain|[from] ability: Psychic Surge|[of] p1b: Indeedee\n|switch|p2a: I AM SPEED|Dragonite, L50, F, tera:Normal|34\/100\n|move|p1a: Armarouge|Armor Cannon|p2b: GOOOOOEEEYYYY\n|-damage|p2b: GOOOOOEEEYYYY|0 fnt\n|-unboost|p1a: Armarouge|def|1\n|-unboost|p1a: Armarouge|spd|1\n|faint|p2b: GOOOOOEEEYYYY\n|-damage|p1a: Armarouge|82\/100|[from] item: Life Orb\n|\n|upkeep\n|inactive|elninotatem has 30 seconds left.\n|inactive|elninotatem has 20 seconds left.\n|inactive|elninotatem has 15 seconds left.\n|\n|t:|1699844656\n|switch|p2b: BIG HANDS|Iron Hands, L50|100\/100\n|turn|8\n|\n|t:|1699844675\n|switch|p2a: Tai Lung|Chien-Pao, L50|100\/100\n|-ability|p2a: Tai Lung|Sword of Ruin\n|move|p1b: Indeedee|Helping Hand|p1a: Armarouge\n|-singleturn|p1a: Armarouge|Helping Hand|[of] p1b: Indeedee\n|move|p2b: BIG HANDS|Thunder Punch|p1a: Armarouge\n|-damage|p1a: Armarouge|0 fnt\n|faint|p1a: Armarouge\n|\n|upkeep\n|c|\u2606LanternComic|\u2026\n|\n|t:|1699844688\n|switch|p1a: Pika Blue|Azumarill, L50, F|100\/100\n|turn|9\n|c|\u2606LanternComic|Okay\n|inactive|elninotatem has 30 seconds left.\n|\n|t:|1699844721\n|-end|p2b: BIG HANDS|Quark Drive|[silent]\n|switch|p2b: I AM SPEED|Dragonite, L50, F, tera:Normal|34\/100\n|move|p2a: Tai Lung|Protect|p2a: Tai Lung\n|-singleturn|p2a: Tai Lung|Protect\n|move|p1b: Indeedee|Follow Me|p1b: Indeedee\n|-singleturn|p1b: Indeedee|move: Follow Me\n|move|p1a: Pika Blue|Play Rough|p2b: I AM SPEED\n|-damage|p2b: I AM SPEED|0 fnt\n|faint|p2b: I AM SPEED\n|\n|-fieldend|move: Trick Room\n|upkeep\n|\n|t:|1699844729\n|switch|p2b: BIG HANDS|Iron Hands, L50|100\/100\n|turn|10\n|\n|t:|1699844739\n|switch|p1a: Santa Hooves|Wyrdeer, L50, F|25\/100\n|-ability|p1a: Santa Hooves|Intimidate|boost\n|-unboost|p2a: Tai Lung|atk|1\n|-unboost|p2b: BIG HANDS|atk|1\n|move|p2a: Tai Lung|Ice Spinner|p1b: Indeedee\n|-damage|p1b: Indeedee|0 fnt\n|-fieldend|move: Psychic Terrain\n|faint|p1b: Indeedee\n|-damage|p2a: Tai Lung|91\/100|[from] item: Life Orb\n|move|p2b: BIG HANDS|Thunder Punch|p1a: Santa Hooves\n|-damage|p1a: Santa Hooves|0 fnt\n|faint|p1a: Santa Hooves\n|\n|upkeep\n|\n|t:|1699844742\n|switch|p1b: Pika Blue|Azumarill, L50, F|100\/100\n|turn|11\n|inactive|elninotatem has 30 seconds left.\n|\n|t:|1699844753\n|move|p2a: Tai Lung|Sucker Punch|p1b: Pika Blue\n|-resisted|p1b: Pika Blue\n|-damage|p1b: Pika Blue|80\/100\n|-damage|p2a: Tai Lung|81\/100|[from] item: Life Orb\n|move|p2b: BIG HANDS|Thunder Punch|p1b: Pika Blue\n|-supereffective|p1b: Pika Blue\n|-damage|p1b: Pika Blue|0 fnt\n|faint|p1b: Pika Blue\n|\n|win|elninotatem\n|inactive|elninotatem has 30 seconds left this turn.\n|n|\u2606LanternComic|lanterncomic\n|n|\u2606elninotatem|elninotatem\n|n| Radio Free C-Side|radiofreecside\n|n| Mambae2|mambae2\n|n| Casper614|casper614\n|n| L0ST IN PARADISE|l0stinparadise\n|n| Cdogp|cdogp\n|c|\u2606LanternComic|Gg wp\n|l| Radio Free C-Side\n|c|\u2606elninotatem|GG's man, good match!\n|player|p1|LanternComic|silver-masters\n","uploadtime":1699844872,"views":12,"p1id":"lanterncomic","p2id":"elninotatem","formatid":"gen9vgc2023regulatione","rating":0,"private":0,"password":""}