{"id":"gen9vgc2023regulatione-1990314128","p1":"guantoblu","p2":"blackenedninjafoo","format":"[Gen 9] VGC 2023 Regulation E","log":"|j|\u2606guantoblu\n|j|\u2606blackenedninjafoo\n|t:|1699955318\n|gametype|doubles\n|player|p1|guantoblu|102|1344\n|player|p2|blackenedninjafoo|gentleman|1380\n|teamsize|p1|6\n|teamsize|p2|6\n|gen|9\n|tier|[Gen 9] VGC 2023 Regulation E\n|rated|\n|rule|Species Clause: Limit one of each Pok\u00e9mon\n|rule|Item Clause: Limit one of each item\n|clearpoke\n|poke|p1|Urshifu-*, L50, M|\n|poke|p1|Landorus-Therian, L50, M|\n|poke|p1|Iron Hands, L50|\n|poke|p1|Tornadus, L50, M|\n|poke|p1|Chi-Yu, L50|\n|poke|p1|Sinistcha, L50|\n|poke|p2|Ursaluna-Bloodmoon, L50, M|\n|poke|p2|Sinistcha-Masterpiece, L50|\n|poke|p2|Basculegion, L50, M|\n|poke|p2|Heatran, L50, F|\n|poke|p2|Urshifu-*, L50, M|\n|poke|p2|Dusclops, L50, M|\n|teampreview|4\n|j| 5Sscreen\nblackenedninjafoo has agreed to open team sheets.\nguantoblu has agreed to open team sheets.\n|c|\u2606guantoblu|glhf\n|c|\u2606blackenedninjafoo|anche a te\n|c|\u2606guantoblu|bella\n|c|\u2606blackenedninjafoo|bella\n|\n|t:|1699955498\n|start\n|switch|p1a: freepalest\u00ec|Tornadus, L50, M|100\/100\n|switch|p1b: boris|Chi-Yu, L50|100\/100\n|switch|p2a: Basculegion|Basculegion, L50, M, shiny|100\/100\n|switch|p2b: Dusclops|Dusclops, L50, M|100\/100\n|-ability|p1b: boris|Beads of Ruin\n|-item|p1a: freepalest\u00ec|Wide Lens|[from] ability: Frisk|[of] p2b: Dusclops|[identify]\n|-item|p1b: boris|Choice Specs|[from] ability: Frisk|[of] p2b: Dusclops|[identify]\n|turn|1\n|\n|t:|1699955580\n|move|p1a: freepalest\u00ec|Sunny Day|p1a: freepalest\u00ec\n|-weather|SunnyDay\n|move|p2a: Basculegion|Flip Turn|p1b: boris\n|-supereffective|p1b: boris\n|-damage|p1b: boris|52\/100\n|\n|t:|1699955584\n|switch|p2a: Urshifu|Urshifu, L50, M|100\/100|[from] Flip Turn\n|move|p1b: boris|Dark Pulse|p2a: Urshifu\n|-resisted|p2a: Urshifu\n|-damage|p2a: Urshifu|76\/100\n|move|p2b: Dusclops|Trick Room|p2b: Dusclops\n|-fieldstart|move: Trick Room|[of] p2b: Dusclops\n|\n|-weather|SunnyDay|[upkeep]\n|upkeep\n|turn|2\n|\n|t:|1699955612\n|switch|p1b: mthrfckr|Iron Hands, L50|100\/100\n|move|p2b: Dusclops|Taunt|p1a: freepalest\u00ec\n|-start|p1a: freepalest\u00ec|move: Taunt\n|move|p2a: Urshifu|Drain Punch|p1b: mthrfckr\n|-damage|p1b: mthrfckr|61\/100\n|-heal|p2a: Urshifu|100\/100|[from] drain|[of] p1b: mthrfckr\n|move|p1a: freepalest\u00ec|Bleakwind Storm|p2b: Dusclops|[spread] p2a,p2b\n|-supereffective|p2a: Urshifu\n|-damage|p2a: Urshifu|25\/100\n|-damage|p2b: Dusclops|84\/100\n|\n|-weather|SunnyDay|[upkeep]\n|upkeep\n|turn|3\n|\n|t:|1699955642\n|switch|p2a: Basculegion|Basculegion, L50, M, shiny|100\/100\n|move|p1b: mthrfckr|Fake Out|p2a: Basculegion\n|-immune|p2a: Basculegion\n|move|p2b: Dusclops|Will-O-Wisp|p1b: mthrfckr\n|-status|p1b: mthrfckr|brn\n|move|p1a: freepalest\u00ec|Bleakwind Storm|p2b: Dusclops|[spread] p2a,p2b\n|-damage|p2a: Basculegion|62\/100\n|-damage|p2b: Dusclops|68\/100\n|-unboost|p2b: Dusclops|spe|1\n|\n|-weather|SunnyDay|[upkeep]\n|-damage|p1b: mthrfckr|55\/100 brn|[from] brn\n|upkeep\n|turn|4\n|\n|t:|1699955693\n|switch|p1a: al limone|Sinistcha, L50|100\/100\n|-heal|p1b: mthrfckr|80\/100 brn|[from] ability: Hospitality|[of] p1a: al limone\n|switch|p2a: Heatran|Heatran, L50, F|100\/100\n|move|p2b: Dusclops|Brick Break|p1b: mthrfckr\n|-damage|p1b: mthrfckr|72\/100 brn\n|move|p1b: mthrfckr|Volt Switch|p2a: Heatran\n|-damage|p2a: Heatran|91\/100\n|\n|t:|1699955705\n|-end|p1b: mthrfckr|Quark Drive|[silent]\n|switch|p1b: freepalest\u00ec|Tornadus, L50, M|100\/100|[from] Volt Switch\n|\n|-weather|SunnyDay|[upkeep]\n|upkeep\n|turn|5\n|\n|t:|1699955739\n|-terastallize|p1a: al limone|Water\n|move|p1b: freepalest\u00ec|Protect|p1b: freepalest\u00ec\n|-singleturn|p1b: freepalest\u00ec|Protect\n|move|p2b: Dusclops|Taunt|p1a: al limone\n|-start|p1a: al limone|move: Taunt\n|cant|p1a: al limone|move: Taunt|Imprison\n|move|p2a: Heatran|Heat Wave|p1a: al limone|[spread] p1a\n|-activate|p1b: freepalest\u00ec|move: Protect\n|-resisted|p1a: al limone\n|-damage|p1a: al limone|74\/100\n|\n|-weather|none\n|-fieldend|move: Trick Room\n|upkeep\n|turn|6\n|\n|t:|1699955765\n|switch|p1a: boris|Chi-Yu, L50|52\/100\n|-ability|p1a: boris|Beads of Ruin\n|move|p1b: freepalest\u00ec|Bleakwind Storm|p2b: Dusclops|[spread] p2a\n|-miss|p1b: freepalest\u00ec|p2b: Dusclops\n|-resisted|p2a: Heatran\n|-damage|p2a: Heatran|78\/100\n|move|p2a: Heatran|Flash Cannon|p1b: freepalest\u00ec\n|-damage|p1b: freepalest\u00ec|50\/100\n|move|p2b: Dusclops|Trick Room|p2b: Dusclops\n|-fieldstart|move: Trick Room|[of] p2b: Dusclops\n|\n|upkeep\n|turn|7\n|\n|t:|1699955800\n|switch|p1b: al limone|Sinistcha, L50, tera:Water|74\/100\n|-heal|p1a: boris|76\/100|[from] ability: Hospitality|[of] p1b: al limone\n|move|p2b: Dusclops|Will-O-Wisp|p1b: al limone\n|-status|p1b: al limone|brn\n|move|p2a: Heatran|Earth Power|p1a: boris\n|-supereffective|p1a: boris\n|-damage|p1a: boris|0 fnt\n|faint|p1a: boris\n|\n|-damage|p1b: al limone|67\/100 brn|[from] brn\n|upkeep\n|\n|t:|1699955814\n|switch|p1a: mthrfckr|Iron Hands, L50|72\/100 brn\n|turn|8\n|\n|t:|1699955877\n|-terastallize|p2a: Heatran|Grass\n|move|p2b: Dusclops|Brick Break|p1a: mthrfckr\n|-damage|p1a: mthrfckr|64\/100 brn\n|move|p1a: mthrfckr|Drain Punch|p2a: Heatran\n|-damage|p2a: Heatran|63\/100\n|-heal|p1a: mthrfckr|70\/100 brn|[from] drain|[of] p2a: Heatran\n|move|p1b: al limone|Matcha Gotcha|p2b: Dusclops|[spread] p2a,p2b\n|-resisted|p2a: Heatran\n|-damage|p2a: Heatran|55\/100\n|-heal|p1b: al limone|72\/100 brn|[from] drain|[of] p2a: Heatran\n|-damage|p2b: Dusclops|54\/100\n|-heal|p1b: al limone|78\/100 brn|[from] drain|[of] p2b: Dusclops\n|move|p2a: Heatran|Tera Blast|p1b: al limone|[anim] Tera Blast Grass\n|-supereffective|p1b: al limone\n|-damage|p1b: al limone|0 fnt\n|faint|p1b: al limone\n|\n|-damage|p1a: mthrfckr|64\/100 brn|[from] brn\n|upkeep\n|\n|t:|1699955896\n|switch|p1b: freepalest\u00ec|Tornadus, L50, M|50\/100\n|turn|9\n|\n|t:|1699955916\n|move|p1b: freepalest\u00ec|Protect|p1b: freepalest\u00ec\n|-singleturn|p1b: freepalest\u00ec|Protect\n|move|p2b: Dusclops|Taunt|p1b: freepalest\u00ec\n|-activate|p1b: freepalest\u00ec|move: Protect\n|move|p1a: mthrfckr|Drain Punch|p2a: Heatran\n|-damage|p2a: Heatran|41\/100\n|-heal|p1a: mthrfckr|69\/100 brn|[from] drain|[of] p2a: Heatran\n|move|p2a: Heatran|Heat Wave|p1b: freepalest\u00ec|[spread] \n|-activate|p1b: freepalest\u00ec|move: Protect\n|-miss|p2a: Heatran|p1a: mthrfckr\n|\n|-damage|p1a: mthrfckr|63\/100 brn|[from] brn\n|upkeep\n|turn|10\n|\n|t:|1699955937\n|move|p2b: Dusclops|Taunt|p1b: freepalest\u00ec\n|-start|p1b: freepalest\u00ec|move: Taunt\n|move|p1a: mthrfckr|Drain Punch|p2a: Heatran\n|-damage|p2a: Heatran|26\/100\n|-heal|p1a: mthrfckr|69\/100 brn|[from] drain|[of] p2a: Heatran\n|move|p2a: Heatran|Flash Cannon|p1b: freepalest\u00ec\n|-damage|p1b: freepalest\u00ec|11\/100\n|move|p1b: freepalest\u00ec|Bleakwind Storm|p2b: Dusclops|[spread] p2a\n|-miss|p1b: freepalest\u00ec|p2b: Dusclops\n|-supereffective|p2a: Heatran\n|-damage|p2a: Heatran|0 fnt\n|faint|p2a: Heatran\n|\n|-damage|p1a: mthrfckr|63\/100 brn|[from] brn\n|-fieldend|move: Trick Room\n|upkeep\n|\n|t:|1699955955\n|switch|p2a: Urshifu|Urshifu, L50, M|25\/100\n|turn|11\n|\n|t:|1699955964\n|move|p2a: Urshifu|Sucker Punch|p1b: freepalest\u00ec\n|-damage|p1b: freepalest\u00ec|0 fnt\n|faint|p1b: freepalest\u00ec\n|move|p1a: mthrfckr|Drain Punch|p2a: Urshifu\n|-supereffective|p2a: Urshifu\n|-damage|p2a: Urshifu|0 fnt\n|-heal|p1a: mthrfckr|73\/100 brn|[from] drain|[of] p2a: Urshifu\n|faint|p2a: Urshifu\n|move|p2b: Dusclops|Brick Break|p1a: mthrfckr\n|-damage|p1a: mthrfckr|64\/100 brn\n|\n|-damage|p1a: mthrfckr|58\/100 brn|[from] brn\n|upkeep\n|c|\u2606guantoblu|gg\n|\n|t:|1699955975\n|switch|p2a: Basculegion|Basculegion, L50, M, shiny|62\/100\n|turn|12\n|\n|t:|1699955983\n|move|p2a: Basculegion|Last Respects|p1a: mthrfckr\n|-crit|p1a: mthrfckr\n|-damage|p1a: mthrfckr|0 fnt\n|faint|p1a: mthrfckr\n|-end|p1a: mthrfckr|Quark Drive|[silent]\n|\n|win|blackenedninjafoo\n|raw|guantoblu's rating: 1344 &rarr; <strong>1326<\/strong><br \/>(-18 for losing)\n|raw|blackenedninjafoo's rating: 1380 &rarr; <strong>1398<\/strong><br \/>(+18 for winning)\n|c|\u2606blackenedninjafoo|gg\n|l|\u2606guantoblu\n|l|\u2606blackenedninjafoo\n","uploadtime":1699956320,"views":11,"p1id":"guantoblu","p2id":"blackenedninjafoo","formatid":"gen9vgc2023regulatione","rating":1326,"private":0,"password":""}