{"id":"gen9vgc2023regulatione-1994755671","p1":"momolele","p2":"rrhizler","format":"[Gen 9] VGC 2023 Regulation E","log":"|j|\u2606momolele\n|j|\u2606rrhizler\n|t:|1700489538\n|gametype|doubles\n|player|p1|momolele|1|\n|player|p2|rrhizler|170|\n|teamsize|p1|6\n|teamsize|p2|6\n|gen|9\n|tier|[Gen 9] VGC 2023 Regulation E\n|rule|Species Clause: Limit one of each Pok\u00e9mon\n|rule|Item Clause: Limit one of each item\n|clearpoke\n|poke|p1|Heatran, L50, F|\n|poke|p1|Farigiraf, L50, F|\n|poke|p1|Dragonite, L50, F|\n|poke|p1|Chien-Pao, L50|\n|poke|p1|Rillaboom, L50, F|\n|poke|p1|Urshifu-*, L50, M|\n|poke|p2|Dusclops, L50, M|\n|poke|p2|Ursaluna-Bloodmoon, L50, M|\n|poke|p2|Tatsugiri, L50, F|\n|poke|p2|Sylveon, L50, F|\n|poke|p2|Dondozo, L50, F|\n|poke|p2|Indeedee-F, L50, F|\n|teampreview|4\n|\n|t:|1700489551\n|start\n|switch|p1a: Chien-Pao|Chien-Pao, L50|100\/100\n|switch|p1b: Urshifu|Urshifu-Rapid-Strike, L50, M|100\/100\n|switch|p2a: Mr Pink|Sylveon, L50, F|100\/100\n|switch|p2b: Mr Blue|Indeedee-F, L50, F|100\/100\n|-ability|p1a: Chien-Pao|Sword of Ruin\n|-fieldstart|move: Psychic Terrain|[from] ability: Psychic Surge|[of] p2b: Mr Blue\n|turn|1\n|\n|t:|1700489568\n|move|p1a: Chien-Pao|Protect|p1a: Chien-Pao\n|-singleturn|p1a: Chien-Pao|Protect\n|move|p1b: Urshifu|U-turn|p2b: Mr Blue\n|-supereffective|p2b: Mr Blue\n|-damage|p2b: Mr Blue|26\/100\n|-damage|p1b: Urshifu|84\/100|[from] item: Rocky Helmet|[of] p2b: Mr Blue\n|\n|t:|1700489571\n|switch|p1b: Heatran|Heatran, L50, F|100\/100|[from] U-turn\n|move|p2a: Mr Pink|Hyper Voice|p1a: Chien-Pao|[spread] p1b\n|-activate|p1a: Chien-Pao|move: Protect\n|-resisted|p1b: Heatran\n|-damage|p1b: Heatran|91\/100\n|move|p2b: Mr Blue|Trick Room|p2b: Mr Blue\n|-fieldstart|move: Trick Room|[of] p2b: Mr Blue\n|\n|upkeep\n|turn|2\n|\n|t:|1700489595\n|switch|p2b: Mr White|Dusclops, L50, M|100\/100\n|-item|p1a: Chien-Pao|Focus Sash|[from] ability: Frisk|[of] p2b: Mr White|[identify]\n|-item|p1b: Heatran|Assault Vest|[from] ability: Frisk|[of] p2b: Mr White|[identify]\n|move|p2a: Mr Pink|Hyper Voice|p1b: Heatran|[spread] p1a,p1b\n|-supereffective|p1a: Chien-Pao\n|-resisted|p1b: Heatran\n|-enditem|p1a: Chien-Pao|Focus Sash\n|-damage|p1a: Chien-Pao|1\/100\n|-damage|p1b: Heatran|83\/100\n|move|p1b: Heatran|Heat Wave|p2a: Mr Pink|[spread] p2a,p2b\n|-damage|p2a: Mr Pink|73\/100\n|-damage|p2b: Mr White|80\/100\n|move|p1a: Chien-Pao|Icicle Crash|p2a: Mr Pink\n|-damage|p2a: Mr Pink|0 fnt\n|faint|p2a: Mr Pink\n|\n|upkeep\n|\n|t:|1700489599\n|switch|p2a: Mr Brown|Ursaluna-Bloodmoon, L50, M|100\/100\n|turn|3\n|\n|t:|1700489616\n|move|p2a: Mr Brown|Protect|p2a: Mr Brown\n|-singleturn|p2a: Mr Brown|Protect\n|move|p1a: Chien-Pao|Protect|p1a: Chien-Pao\n|-singleturn|p1a: Chien-Pao|Protect\n|move|p2b: Mr White|Night Shade|p1b: Heatran\n|-damage|p1b: Heatran|58\/100\n|move|p1b: Heatran|Flash Cannon|p2a: Mr Brown\n|-activate|p2a: Mr Brown|move: Protect\n|\n|upkeep\n|turn|4\n|\n|t:|1700489716\n|switch|p1a: Rillaboom|Rillaboom, L50, F|100\/100\n|-fieldstart|move: Grassy Terrain|[from] ability: Grassy Surge|[of] p1a: Rillaboom\n|-terastallize|p2a: Mr Brown|Normal\n|-terastallize|p1b: Heatran|Fairy\n|move|p2b: Mr White|Brick Break|p2a: Mr Brown\n|-supereffective|p2a: Mr Brown\n|-damage|p2a: Mr Brown|88\/100\n|-enditem|p2a: Mr Brown|Weakness Policy\n|-boost|p2a: Mr Brown|atk|2|[from] item: Weakness Policy\n|-boost|p2a: Mr Brown|spa|2|[from] item: Weakness Policy\n|move|p2a: Mr Brown|Hyper Voice|p1b: Heatran|[spread] p1a,p1b\n|-damage|p1a: Rillaboom|0 fnt\n|-damage|p1b: Heatran|0 fnt\n|faint|p1a: Rillaboom\n|faint|p1b: Heatran\n|\n|-heal|p2b: Mr White|86\/100|[from] Grassy Terrain\n|-heal|p2a: Mr Brown|94\/100|[from] Grassy Terrain\n|upkeep\n|\n|t:|1700489731\n|switch|p1b: Urshifu|Urshifu-Rapid-Strike, L50, M|84\/100\n|switch|p1a: Chien-Pao|Chien-Pao, L50|1\/100\n|-ability|p1a: Chien-Pao|Sword of Ruin\n|turn|5\n|\n|t:|1700489759\n|move|p1a: Chien-Pao|Sucker Punch|p2a: Mr Brown\n|-damage|p2a: Mr Brown|57\/100\n|move|p1b: Urshifu|Aqua Jet|p2a: Mr Brown\n|-damage|p2a: Mr Brown|37\/100\n|move|p2b: Mr White|Night Shade|p1a: Chien-Pao\n|-damage|p1a: Chien-Pao|0 fnt\n|faint|p1a: Chien-Pao\n|move|p2a: Mr Brown|Hyper Voice|p1b: Urshifu\n|-damage|p1b: Urshifu|0 fnt\n|faint|p1b: Urshifu\n|\n|win|rrhizler\n","uploadtime":1700489766,"views":17,"p1id":"momolele","p2id":"rrhizler","formatid":"gen9vgc2023regulatione","rating":0,"private":0,"password":""}