{"id":"gen9vgc2023regulatione-1991311643","p1":"Judang","p2":"Angelo Neres","format":"[Gen 9] VGC 2023 Regulation E","log":"|j|\u2606Judang\n|j|\u2606Angelo Neres\n|t:|1700066550\n|gametype|doubles\n|player|p1|Judang|ruinmaniac|1569\n|player|p2|Angelo Neres|101|1608\n|teamsize|p1|6\n|teamsize|p2|6\n|gen|9\n|tier|[Gen 9] VGC 2023 Regulation E\n|rated|\n|rule|Species Clause: Limit one of each Pok\u00e9mon\n|rule|Item Clause: Limit one of each item\n|clearpoke\n|poke|p1|Tyranitar, L50, M|\n|poke|p1|Farigiraf, L50, F|\n|poke|p1|Garchomp, L50, F|\n|poke|p1|Chien-Pao, L50|\n|poke|p1|Glimmora, L50, F|\n|poke|p1|Zapdos-Galar, L50|\n|poke|p2|Talonflame, L50, F|\n|poke|p2|Flutter Mane, L50|\n|poke|p2|Iron Hands, L50|\n|poke|p2|Landorus-Therian, L50, M|\n|poke|p2|Gastrodon, L50, M|\n|poke|p2|Chi-Yu, L50|\n|teampreview|4\n|inactive|Battle timer is ON: inactive players will automatically lose when time's up. (requested by Angelo Neres)\nAngelo Neres has agreed to open team sheets.\nJudang has agreed to open team sheets.\n|j| Playsterco\n|inactive|Judang has 30 seconds left.\n|inactive|Angelo Neres has 30 seconds left.\n|inactive|Judang has 20 seconds left.\n|inactive|Angelo Neres has 20 seconds left.\n|inactive|Judang has 15 seconds left.\n|inactive|Angelo Neres has 15 seconds left.\n|inactive|Judang has 10 seconds left.\n|inactive|Angelo Neres has 10 seconds left.\n|inactive|Judang has 5 seconds left.\n|inactive|Angelo Neres has 5 seconds left.\n|\n|t:|1700066633\n|start\n|switch|p1a: Tyranitar|Tyranitar, L50, M|100\/100\n|switch|p1b: Glimmora|Glimmora, L50, F|100\/100\n|switch|p2a: Vampeta\u00e7o|Chi-Yu, L50|100\/100\n|switch|p2b: Edilson Capetinha|Talonflame, L50, F, shiny|100\/100\n|-ability|p2a: Vampeta\u00e7o|Beads of Ruin\n|-weather|Sandstorm|[from] ability: Sand Stream|[of] p1a: Tyranitar\n|turn|1\n|inactive|Judang has 30 seconds left.\n|inactive|Angelo Neres has 30 seconds left.\n|\n|t:|1700066667\n|switch|p2a: Walter Gordo|Iron Hands, L50|100\/100\n|move|p2b: Edilson Capetinha|Will-O-Wisp|p1a: Tyranitar\n|-status|p1a: Tyranitar|brn\n|move|p1b: Glimmora|Sludge Wave|p2a: Walter Gordo|[spread] p1a,p2a,p2b\n|-resisted|p1a: Tyranitar\n|-damage|p1a: Tyranitar|89\/100 brn\n|-damage|p2a: Walter Gordo|72\/100\n|-damage|p2b: Edilson Capetinha|9\/100\n|move|p1a: Tyranitar|Rock Slide|p2b: Edilson Capetinha|[spread] p2a,p2b\n|-resisted|p2a: Walter Gordo\n|-supereffective|p2b: Edilson Capetinha\n|-damage|p2a: Walter Gordo|67\/100\n|-damage|p2b: Edilson Capetinha|0 fnt\n|faint|p2b: Edilson Capetinha\n|\n|-weather|Sandstorm|[upkeep]\n|-damage|p2a: Walter Gordo|61\/100|[from] Sandstorm\n|-damage|p1a: Tyranitar|83\/100 brn|[from] brn\n|upkeep\n|inactive|Angelo Neres has 30 seconds left.\n|\n|t:|1700066694\n|switch|p2b: Ronaldinho|Flutter Mane, L50|100\/100\n|-enditem|p2b: Ronaldinho|Booster Energy\n|-activate|p2b: Ronaldinho|ability: Protosynthesis|[fromitem]\n|-start|p2b: Ronaldinho|protosynthesisspa\n|turn|2\n|\n|t:|1700066710\n|move|p2b: Ronaldinho|Protect|p2b: Ronaldinho\n|-singleturn|p2b: Ronaldinho|Protect\n|move|p1b: Glimmora|Sludge Wave|p2b: Ronaldinho|[spread] p1a,p2a\n|-activate|p2b: Ronaldinho|move: Protect\n|-resisted|p1a: Tyranitar\n|-damage|p1a: Tyranitar|72\/100 brn\n|-damage|p2a: Walter Gordo|30\/100\n|move|p1a: Tyranitar|Knock Off|p2a: Walter Gordo\n|-resisted|p2a: Walter Gordo\n|-damage|p2a: Walter Gordo|21\/100\n|-enditem|p2a: Walter Gordo|Assault Vest|[from] move: Knock Off|[of] p1a: Tyranitar\n|move|p2a: Walter Gordo|Drain Punch|p1b: Glimmora\n|-damage|p1b: Glimmora|58\/100\n|-heal|p2a: Walter Gordo|37\/100|[from] drain|[of] p1b: Glimmora\n|-activate|p1b: Glimmora|ability: Toxic Debris\n|-sidestart|p2: Angelo Neres|move: Toxic Spikes\n|\n|-weather|Sandstorm|[upkeep]\n|-damage|p2b: Ronaldinho|94\/100|[from] Sandstorm\n|-damage|p2a: Walter Gordo|32\/100|[from] Sandstorm\n|-damage|p1a: Tyranitar|66\/100 brn|[from] brn\n|upkeep\n|turn|3\n|inactive|Judang has 30 seconds left.\n|inactive|Angelo Neres has 30 seconds left.\n|\n|t:|1700066739\n|move|p2b: Ronaldinho|Shadow Ball|p1b: Glimmora\n|-damage|p1b: Glimmora|14\/100\n|move|p1b: Glimmora|Sludge Wave|p2b: Ronaldinho|[spread] p1a,p2a,p2b\n|-resisted|p1a: Tyranitar\n|-damage|p1a: Tyranitar|55\/100 brn\n|-damage|p2a: Walter Gordo|0 fnt\n|-damage|p2b: Ronaldinho|33\/100\n|faint|p2a: Walter Gordo\n|-end|p2a: Walter Gordo|Quark Drive|[silent]\n|move|p1a: Tyranitar|Rock Slide|p2b: Ronaldinho\n|-crit|p2b: Ronaldinho\n|-damage|p2b: Ronaldinho|0 fnt\n|faint|p2b: Ronaldinho\n|-end|p2b: Ronaldinho|Protosynthesis|[silent]\n|\n|-weather|Sandstorm|[upkeep]\n|-damage|p1a: Tyranitar|49\/100 brn|[from] brn\n|upkeep\n|\n|t:|1700066752\n|switch|p2b: Vampeta\u00e7o|Chi-Yu, L50|100\/100\n|-status|p2b: Vampeta\u00e7o|psn\n|-ability|p2b: Vampeta\u00e7o|Beads of Ruin\n|turn|4\n|inactive|Judang has 30 seconds left.\n|\n|t:|1700066785\n|move|p2b: Vampeta\u00e7o|Heat Wave|p1b: Glimmora|[spread] p1a,p1b\n|-resisted|p1a: Tyranitar\n|-resisted|p1b: Glimmora\n|-damage|p1a: Tyranitar|35\/100 brn\n|-damage|p1b: Glimmora|0 fnt\n|faint|p1b: Glimmora\n|move|p1a: Tyranitar|Knock Off|p2b: Vampeta\u00e7o\n|-resisted|p2b: Vampeta\u00e7o\n|-damage|p2b: Vampeta\u00e7o|77\/100 psn\n|-enditem|p2b: Vampeta\u00e7o|Choice Specs|[from] move: Knock Off|[of] p1a: Tyranitar\n|\n|-weather|Sandstorm|[upkeep]\n|-damage|p2b: Vampeta\u00e7o|71\/100 psn|[from] Sandstorm\n|-damage|p2b: Vampeta\u00e7o|59\/100 psn|[from] psn\n|-damage|p1a: Tyranitar|29\/100 brn|[from] brn\n|upkeep\n|\n|t:|1700066791\n|switch|p1b: Garchomp|Garchomp, L50, F|100\/100\n|turn|5\n|-message|Angelo Neres forfeited.\n|\n|win|Judang\n|raw|Judang's rating: 1569 &rarr; <strong>1591<\/strong><br \/>(+22 for winning)\n|raw|Angelo Neres's rating: 1608 &rarr; <strong>1586<\/strong><br \/>(-22 for losing)\n|l|\u2606Angelo Neres\n|l|\u2606Judang\n","uploadtime":1700067309,"views":15,"p1id":"judang","p2id":"angeloneres","formatid":"gen9vgc2023regulatione","rating":1586,"private":0,"password":""}