{"id":"gen9vgc2023regulatione-1991097649","p1":"Kil-LaMei","p2":"Whimsigodo","format":"[Gen 9] VGC 2023 Regulation E","log":"|j|\u2606Kil-LaMei\n|j|\u2606Whimsigodo\n|t:|1700042474\n|gametype|doubles\n|player|p1|Kil-LaMei|hilda|1250\n|player|p2|Whimsigodo|giovanni|1171\n|teamsize|p1|6\n|teamsize|p2|6\n|gen|9\n|tier|[Gen 9] VGC 2023 Regulation E\n|rated|\n|rule|Species Clause: Limit one of each Pok\u00e9mon\n|rule|Item Clause: Limit one of each item\n|clearpoke\n|poke|p1|Landorus-Therian, L50, M|\n|poke|p1|Farigiraf, L50, F|\n|poke|p1|Heatran, L50, F|\n|poke|p1|Ogerpon-Wellspring, L50, F|\n|poke|p1|Grimmsnarl, L50, M|\n|poke|p1|Spectrier, L50|\n|poke|p2|Roaring Moon, L50|\n|poke|p2|Grimmsnarl, L50, M|\n|poke|p2|Gholdengo, L50|\n|poke|p2|Rillaboom, L50, M|\n|poke|p2|Urshifu-*, L50, F|\n|poke|p2|Heatran, L50, M|\n|teampreview|4\nWhimsigodo has agreed to open team sheets.\n|inactive|Battle timer is ON: inactive players will automatically lose when time's up. (requested by Whimsigodo)\n|inactive|Whimsigodo has 60 seconds left.\n|\n|t:|1700042519\n|start\n|switch|p1a: Grimmsnarl|Grimmsnarl, L50, M, shiny|100\/100\n|switch|p1b: Spectrier|Spectrier, L50|100\/100\n|switch|p2a: Grimmsnarl|Grimmsnarl, L50, M|100\/100\n|switch|p2b: Roaring Moon|Roaring Moon, L50|100\/100\n|-enditem|p2b: Roaring Moon|Booster Energy\n|-activate|p2b: Roaring Moon|ability: Protosynthesis|[fromitem]\n|-start|p2b: Roaring Moon|protosynthesisatk\n|turn|1\n|\n|t:|1700042544\n|-terastallize|p1b: Spectrier|Fairy\n|-terastallize|p2b: Roaring Moon|Flying\n|move|p1a: Grimmsnarl|Reflect|p1a: Grimmsnarl\n|-sidestart|p1: Kil-LaMei|Reflect\n|move|p2a: Grimmsnarl|Light Screen|p2a: Grimmsnarl\n|-sidestart|p2: Whimsigodo|move: Light Screen\n|move|p1b: Spectrier|Nasty Plot|p1b: Spectrier\n|-boost|p1b: Spectrier|spa|2\n|move|p2b: Roaring Moon|Knock Off|p1b: Spectrier\n|-resisted|p1b: Spectrier\n|-damage|p1b: Spectrier|74\/100\n|-enditem|p1b: Spectrier|Leftovers|[from] move: Knock Off|[of] p2b: Roaring Moon\n|\n|upkeep\n|turn|2\n|\n|t:|1700042564\n|move|p2a: Grimmsnarl|Parting Shot|p1b: Spectrier\n|-unboost|p1b: Spectrier|atk|1\n|-unboost|p1b: Spectrier|spa|1\n|\n|t:|1700042570\n|switch|p2a: Gholdengo|Gholdengo, L50|100\/100|[from] Parting Shot\n|move|p1a: Grimmsnarl|Parting Shot|p2b: Roaring Moon\n|-unboost|p2b: Roaring Moon|atk|1\n|-unboost|p2b: Roaring Moon|spa|1\n|\n|t:|1700042578\n|switch|p1a: Landorus|Landorus-Therian, L50, M|100\/100|[from] Parting Shot\n|-ability|p1a: Landorus|Intimidate|boost\n|-unboost|p2a: Gholdengo|atk|1\n|-unboost|p2b: Roaring Moon|atk|1\n|move|p1b: Spectrier|Draining Kiss|p2b: Roaring Moon\n|-damage|p2b: Roaring Moon|74\/100\n|-heal|p1b: Spectrier|94\/100|[from] drain|[of] p2b: Roaring Moon\n|move|p2b: Roaring Moon|Acrobatics|p1b: Spectrier\n|-damage|p1b: Spectrier|64\/100\n|\n|upkeep\n|turn|3\n|inactive|Whimsigodo has 30 seconds left.\n|\n|t:|1700042607\n|move|p1a: Landorus|U-turn|p2a: Gholdengo\n|-resisted|p2a: Gholdengo\n|-damage|p2a: Gholdengo|94\/100\n|\n|t:|1700042610\n|switch|p1a: Grimmsnarl|Grimmsnarl, L50, M, shiny|100\/100|[from] U-turn\n|move|p1b: Spectrier|Shadow Ball|p2a: Gholdengo\n|-supereffective|p2a: Gholdengo\n|-damage|p2a: Gholdengo|17\/100\n|move|p2b: Roaring Moon|Dragon Dance|p2b: Roaring Moon\n|-boost|p2b: Roaring Moon|atk|1\n|-boost|p2b: Roaring Moon|spe|1\n|move|p2a: Gholdengo|Nasty Plot|p2a: Gholdengo\n|-boost|p2a: Gholdengo|spa|2\n|\n|-heal|p2a: Gholdengo|23\/100|[from] item: Leftovers\n|upkeep\n|turn|4\n|inactive|Kil-LaMei has 30 seconds left.\n|\n|t:|1700042638\n|-end|p2b: Roaring Moon|Protosynthesis|[silent]\n|switch|p2b: Rillaboom|Rillaboom, L50, M|100\/100\n|-fieldstart|move: Grassy Terrain|[from] ability: Grassy Surge|[of] p2b: Rillaboom\n|move|p2a: Gholdengo|Protect|p2a: Gholdengo\n|-singleturn|p2a: Gholdengo|Protect\n|move|p1a: Grimmsnarl|Parting Shot|p2b: Rillaboom\n|-unboost|p2b: Rillaboom|atk|1\n|-unboost|p2b: Rillaboom|spa|1\n|\n|t:|1700042648\n|switch|p1a: Landorus|Landorus-Therian, L50, M|100\/100|[from] Parting Shot\n|-ability|p1a: Landorus|Intimidate|boost\n|-unboost|p2a: Gholdengo|atk|1\n|-unboost|p2b: Rillaboom|atk|1\n|move|p1b: Spectrier|Shadow Ball|p2a: Gholdengo\n|-activate|p2a: Gholdengo|move: Protect\n|\n|-heal|p1b: Spectrier|70\/100|[from] Grassy Terrain\n|-heal|p2a: Gholdengo|29\/100|[from] Grassy Terrain\n|-heal|p2a: Gholdengo|36\/100|[from] item: Leftovers\n|upkeep\n|turn|5\n|\n|t:|1700042670\n|move|p1b: Spectrier|Protect|p1b: Spectrier\n|-singleturn|p1b: Spectrier|Protect\n|move|p2b: Rillaboom|Fake Out|p1b: Spectrier\n|-activate|p1b: Spectrier|move: Protect\n|move|p1a: Landorus|U-turn|p2a: Gholdengo\n|-resisted|p2a: Gholdengo\n|-damage|p2a: Gholdengo|30\/100\n|\n|t:|1700042683\n|switch|p1a: Grimmsnarl|Grimmsnarl, L50, M, shiny|100\/100|[from] U-turn\n|move|p2a: Gholdengo|Make It Rain|p1b: Spectrier|[spread] p1a\n|-activate|p1b: Spectrier|move: Protect\n|-supereffective|p1a: Grimmsnarl\n|-damage|p1a: Grimmsnarl|0 fnt\n|-unboost|p2a: Gholdengo|spa|1\n|faint|p1a: Grimmsnarl\n|\n|-heal|p1b: Spectrier|77\/100|[from] Grassy Terrain\n|-heal|p2a: Gholdengo|36\/100|[from] Grassy Terrain\n|-heal|p2a: Gholdengo|42\/100|[from] item: Leftovers\n|upkeep\n|\n|t:|1700042699\n|switch|p1a: Landorus|Landorus-Therian, L50, M|100\/100\n|-ability|p1a: Landorus|Intimidate|boost\n|-unboost|p2a: Gholdengo|atk|1\n|-unboost|p2b: Rillaboom|atk|1\n|turn|6\n|\n|t:|1700042715\n|move|p2a: Gholdengo|Protect|p2a: Gholdengo\n|-singleturn|p2a: Gholdengo|Protect\n|move|p1a: Landorus|Rock Slide|p2a: Gholdengo|[spread] p2b\n|-activate|p2a: Gholdengo|move: Protect\n|-damage|p2b: Rillaboom|80\/100\n|move|p1b: Spectrier|Shadow Ball|p2a: Gholdengo\n|-activate|p2a: Gholdengo|move: Protect\n|move|p2b: Rillaboom|Wood Hammer|p1b: Spectrier\n|-damage|p1b: Spectrier|48\/100\n|-damage|p2b: Rillaboom|70\/100|[from] Recoil\n|\n|-heal|p1b: Spectrier|55\/100|[from] Grassy Terrain\n|-heal|p2b: Rillaboom|77\/100|[from] Grassy Terrain\n|-heal|p2a: Gholdengo|48\/100|[from] Grassy Terrain\n|-heal|p2a: Gholdengo|55\/100|[from] item: Leftovers\n|upkeep\n|turn|7\n|inactive|Whimsigodo has 30 seconds left.\n|\n|t:|1700042746\n|switch|p2a: Grimmsnarl|Grimmsnarl, L50, M|100\/100\n|move|p1a: Landorus|Rock Slide|p2b: Rillaboom|[spread] p2a,p2b\n|-damage|p2a: Grimmsnarl|74\/100\n|-damage|p2b: Rillaboom|54\/100\n|move|p1b: Spectrier|Shadow Ball|p2a: Grimmsnarl\n|-resisted|p2a: Grimmsnarl\n|-damage|p2a: Grimmsnarl|55\/100\n|cant|p2b: Rillaboom|flinch\n|\n|-heal|p1b: Spectrier|61\/100|[from] Grassy Terrain\n|-heal|p2b: Rillaboom|60\/100|[from] Grassy Terrain\n|-heal|p2a: Grimmsnarl|61\/100|[from] Grassy Terrain\n|upkeep\n|turn|8\n|inactive|Whimsigodo has 30 seconds left.\n|\n|t:|1700042772\n|move|p2a: Grimmsnarl|Parting Shot|p1b: Spectrier\n|-unboost|p1b: Spectrier|atk|1\n|-unboost|p1b: Spectrier|spa|1\n|\n|t:|1700042779\n|switch|p2a: Gholdengo|Gholdengo, L50|55\/100|[from] Parting Shot\n|move|p1a: Landorus|Rock Slide|p2a: Gholdengo|[spread] p2a,p2b\n|-resisted|p2a: Gholdengo\n|-damage|p2a: Gholdengo|45\/100\n|-damage|p2b: Rillaboom|38\/100\n|move|p1b: Spectrier|Nasty Plot|p1b: Spectrier\n|-boost|p1b: Spectrier|spa|2\n|move|p2b: Rillaboom|Wood Hammer|p1a: Landorus\n|-damage|p1a: Landorus|68\/100\n|-damage|p2b: Rillaboom|29\/100|[from] Recoil\n|\n|-heal|p1b: Spectrier|67\/100|[from] Grassy Terrain\n|-heal|p2b: Rillaboom|35\/100|[from] Grassy Terrain\n|-heal|p2a: Gholdengo|52\/100|[from] Grassy Terrain\n|-heal|p2a: Gholdengo|58\/100|[from] item: Leftovers\n|-sideend|p1: Kil-LaMei|Reflect\n|-sideend|p2: Whimsigodo|move: Light Screen\n|-fieldend|move: Grassy Terrain\n|upkeep\n|turn|9\n|inactive|Kil-LaMei has 30 seconds left.\n|inactive|Whimsigodo has 30 seconds left.\n|inactive|Whimsigodo has 20 seconds left.\n|inactive|Whimsigodo has 15 seconds left.\n|\n|t:|1700042821\n|switch|p2b: Grimmsnarl|Grimmsnarl, L50, M|61\/100\n|move|p2a: Gholdengo|Protect|p2a: Gholdengo\n|-singleturn|p2a: Gholdengo|Protect\n|move|p1a: Landorus|Rock Slide|p2a: Gholdengo|[spread] p2b\n|-activate|p2a: Gholdengo|move: Protect\n|-damage|p2b: Grimmsnarl|37\/100\n|move|p1b: Spectrier|Draining Kiss|p2b: Grimmsnarl\n|-supereffective|p2b: Grimmsnarl\n|-damage|p2b: Grimmsnarl|0 fnt\n|-heal|p1b: Spectrier|96\/100|[from] drain|[of] p2b: Grimmsnarl\n|faint|p2b: Grimmsnarl\n|-ability|p1b: Spectrier|Grim Neigh|boost\n|-boost|p1b: Spectrier|spa|1\n|\n|-heal|p2a: Gholdengo|64\/100|[from] item: Leftovers\n|upkeep\n|\n|t:|1700042845\n|switch|p2b: Rillaboom|Rillaboom, L50, M|35\/100\n|-fieldstart|move: Grassy Terrain|[from] ability: Grassy Surge|[of] p2b: Rillaboom\n|turn|10\n|\n|t:|1700042867\n|move|p1a: Landorus|Rock Slide|p2a: Gholdengo|[spread] p2a\n|-miss|p1a: Landorus|p2b: Rillaboom\n|-resisted|p2a: Gholdengo\n|-damage|p2a: Gholdengo|54\/100\n|move|p1b: Spectrier|Shadow Ball|p2a: Gholdengo\n|-supereffective|p2a: Gholdengo\n|-damage|p2a: Gholdengo|0 fnt\n|faint|p2a: Gholdengo\n|-ability|p1b: Spectrier|Grim Neigh|boost\n|-boost|p1b: Spectrier|spa|1\n|move|p2b: Rillaboom|Wood Hammer|p1a: Landorus\n|-damage|p1a: Landorus|0 fnt\n|faint|p1a: Landorus\n|-damage|p2b: Rillaboom|16\/100|[from] Recoil\n|\n|-heal|p1b: Spectrier|100\/100|[from] Grassy Terrain\n|-heal|p2b: Rillaboom|22\/100|[from] Grassy Terrain\n|upkeep\n|\n|t:|1700042886\n|switch|p1a: Ogerpon|Ogerpon-Wellspring, L50, F|100\/100\n|switch|p2a: Roaring Moon|Roaring Moon, L50, tera:Flying|74\/100\n|turn|11\n|\n|t:|1700042901\n|move|p1b: Spectrier|Shadow Ball|p2a: Roaring Moon\n|-damage|p2a: Roaring Moon|0 fnt\n|faint|p2a: Roaring Moon\n|-end|p2a: Roaring Moon|Protosynthesis|[silent]\n|-ability|p1b: Spectrier|Grim Neigh|boost\n|-boost|p1b: Spectrier|spa|1\n|move|p1a: Ogerpon|Ivy Cudgel|p2b: Rillaboom|[anim] Ivy Cudgel Water\n|-resisted|p2b: Rillaboom\n|-damage|p2b: Rillaboom|0 fnt\n|faint|p2b: Rillaboom\n|\n|win|Kil-LaMei\n|raw|Kil-LaMei's rating: 1250 &rarr; <strong>1269<\/strong><br \/>(+19 for winning)\n|raw|Whimsigodo's rating: 1171 &rarr; <strong>1152<\/strong><br \/>(-19 for losing)\n|l|\u2606Whimsigodo\n","uploadtime":1700042919,"views":11,"p1id":"killamei","p2id":"whimsigodo","formatid":"gen9vgc2023regulatione","rating":1152,"private":0,"password":""}