{"id":"gen9vgc2023regulatione-1993775555","p1":"TrainerDylan24","p2":"Fullmetal2517","format":"[Gen 9] VGC 2023 Regulation E","log":"|j|\u2606TrainerDylan24\n|j|\u2606Fullmetal2517\n|t:|1700355814\n|gametype|doubles\n|player|p1|TrainerDylan24|swimmerf|1165\n|player|p2|Fullmetal2517|102|1142\n|teamsize|p1|6\n|teamsize|p2|6\n|gen|9\n|tier|[Gen 9] VGC 2023 Regulation E\n|rated|\n|rule|Species Clause: Limit one of each Pok\u00e9mon\n|rule|Item Clause: Limit one of each item\n|clearpoke\n|poke|p1|Torkoal, L50, M|\n|poke|p1|Lilligant-Hisui, L50, F|\n|poke|p1|Sandy Shocks, L50|\n|poke|p1|Flutter Mane, L50|\n|poke|p1|Garganacl, L50, M|\n|poke|p1|Ursaluna-Bloodmoon, L50, M|\n|poke|p2|Landorus-Therian, L50, M|\n|poke|p2|Ursaluna-Bloodmoon, L50, M|\n|poke|p2|Sinistcha, L50|\n|poke|p2|Dusclops, L50, F|\n|poke|p2|Abomasnow, L50, F|\n|poke|p2|Iron Bundle, L50|\n|teampreview|4\n|inactive|Battle timer is ON: inactive players will automatically lose when time's up. (requested by Fullmetal2517)\n|\n|t:|1700355841\n|start\n|switch|p1a: Torkoal|Torkoal, L50, M, shiny|100\/100\n|switch|p1b: Sandy Shocks|Sandy Shocks, L50|100\/100\n|switch|p2a: Ursaluna|Ursaluna-Bloodmoon, L50, M|100\/100\n|switch|p2b: Dusclops|Dusclops, L50, F|100\/100\n|-item|p1a: Torkoal|Assault Vest|[from] ability: Frisk|[of] p2b: Dusclops|[identify]\n|-item|p1b: Sandy Shocks|Life Orb|[from] ability: Frisk|[of] p2b: Dusclops|[identify]\n|-weather|SunnyDay|[from] ability: Drought|[of] p1a: Torkoal\n|-activate|p1b: Sandy Shocks|ability: Protosynthesis\n|-start|p1b: Sandy Shocks|protosynthesisspe\n|turn|1\n|inactive|Fullmetal2517 has 30 seconds left.\n|\n|t:|1700355870\n|move|p1b: Sandy Shocks|Earth Power|p2b: Dusclops\n|-damage|p2b: Dusclops|71\/100\n|-damage|p1b: Sandy Shocks|90\/100|[from] item: Life Orb\n|move|p2a: Ursaluna|Earth Power|p1a: Torkoal\n|-supereffective|p1a: Torkoal\n|-damage|p1a: Torkoal|8\/100\n|-unboost|p1a: Torkoal|spd|1\n|move|p1a: Torkoal|Solar Beam||[still]\n|-prepare|p1a: Torkoal|Solar Beam\n|-anim|p1a: Torkoal|Solar Beam|p2a: Ursaluna\n|-supereffective|p2a: Ursaluna\n|-damage|p2a: Ursaluna|37\/100\n|-enditem|p2a: Ursaluna|Weakness Policy\n|-boost|p2a: Ursaluna|atk|2|[from] item: Weakness Policy\n|-boost|p2a: Ursaluna|spa|2|[from] item: Weakness Policy\n|move|p2b: Dusclops|Trick Room|p2b: Dusclops\n|-fieldstart|move: Trick Room|[of] p2b: Dusclops\n|\n|-weather|SunnyDay|[upkeep]\n|upkeep\n|turn|2\n|\n|t:|1700355895\n|switch|p2b: Sinistcha|Sinistcha, L50|100\/100\n|-heal|p2a: Ursaluna|62\/100|[from] ability: Hospitality|[of] p2b: Sinistcha\n|-terastallize|p2a: Ursaluna|Normal\n|move|p1a: Torkoal|Heat Wave|p2a: Ursaluna|[spread] p2a,p2b\n|-supereffective|p2b: Sinistcha\n|-damage|p2a: Ursaluna|20\/100\n|-damage|p2b: Sinistcha|0 fnt\n|faint|p2b: Sinistcha\n|move|p2a: Ursaluna|Hyper Voice|p1a: Torkoal|[spread] p1a,p1b\n|-crit|p1b: Sandy Shocks\n|-damage|p1a: Torkoal|0 fnt\n|-damage|p1b: Sandy Shocks|0 fnt\n|faint|p1a: Torkoal\n|faint|p1b: Sandy Shocks\n|-end|p1b: Sandy Shocks|Protosynthesis|[silent]\n|\n|-weather|SunnyDay|[upkeep]\n|upkeep\n|\n|t:|1700355908\n|switch|p1a: Ursaluna|Ursaluna-Bloodmoon, L50, M|100\/100\n|switch|p2b: Dusclops|Dusclops, L50, F|71\/100\n|switch|p1b: Flutter Mane|Flutter Mane, L50|100\/100\n|-item|p1a: Ursaluna|Throat Spray|[from] ability: Frisk|[of] p2b: Dusclops|[identify]\n|-item|p1b: Flutter Mane|Expert Belt|[from] ability: Frisk|[of] p2b: Dusclops|[identify]\n|-activate|p1b: Flutter Mane|ability: Protosynthesis\n|-start|p1b: Flutter Mane|protosynthesisspe\n|turn|3\n|\n|t:|1700355929\n|-terastallize|p1b: Flutter Mane|Fairy\n|move|p1a: Ursaluna|Vacuum Wave|p2a: Ursaluna\n|-supereffective|p2a: Ursaluna\n|-damage|p2a: Ursaluna|0 fnt\n|faint|p2a: Ursaluna\n|move|p2b: Dusclops|Pain Split|p1a: Ursaluna\n|-sethp|p1a: Ursaluna|78\/100|[from] move: Pain Split|[silent]\n|-sethp|p2b: Dusclops|99\/100|[from] move: Pain Split\n|move|p1b: Flutter Mane|Shadow Ball|p2b: Dusclops\n|-supereffective|p2b: Dusclops\n|-damage|p2b: Dusclops|44\/100\n|\n|-weather|SunnyDay|[upkeep]\n|upkeep\n|\n|t:|1700355940\n|switch|p2a: Abomasnow|Abomasnow, L50, F|100\/100\n|-weather|Snow|[from] ability: Snow Warning|[of] p2a: Abomasnow\n|-end|p1b: Flutter Mane|Protosynthesis\n|turn|4\n|\n|t:|1700355951\n|move|p2b: Dusclops|Pain Split|p1b: Flutter Mane\n|-sethp|p1b: Flutter Mane|75\/100|[from] move: Pain Split|[silent]\n|-sethp|p2b: Dusclops|66\/100|[from] move: Pain Split\n|move|p2a: Abomasnow|Blizzard|p1b: Flutter Mane|[spread] p1a,p1b\n|-supereffective|p1a: Ursaluna\n|-damage|p1a: Ursaluna|2\/100\n|-damage|p1b: Flutter Mane|33\/100\n|move|p1a: Ursaluna|Hyper Voice|p2a: Abomasnow|[spread] p2a,p2b\n|-crit|p2b: Dusclops\n|-damage|p2a: Abomasnow|73\/100\n|-damage|p2b: Dusclops|33\/100\n|-enditem|p1a: Ursaluna|Throat Spray\n|-boost|p1a: Ursaluna|spa|1|[from] item: Throat Spray\n|move|p1b: Flutter Mane|Mystical Fire|p2a: Abomasnow\n|-supereffective|p2a: Abomasnow\n|-damage|p2a: Abomasnow|0 fnt\n|faint|p2a: Abomasnow\n|\n|-weather|Snow|[upkeep]\n|upkeep\n|turn|5\n|\n|t:|1700355970\n|move|p1a: Ursaluna|Vacuum Wave|p2b: Dusclops\n|-damage|p2b: Dusclops|20\/100\n|move|p2b: Dusclops|Brick Break|p1a: Ursaluna\n|-supereffective|p1a: Ursaluna\n|-damage|p1a: Ursaluna|0 fnt\n|faint|p1a: Ursaluna\n|move|p1b: Flutter Mane|Shadow Ball|p2b: Dusclops\n|-supereffective|p2b: Dusclops\n|-damage|p2b: Dusclops|0 fnt\n|faint|p2b: Dusclops\n|\n|win|TrainerDylan24\n|raw|TrainerDylan24's rating: 1165 &rarr; <strong>1188<\/strong><br \/>(+23 for winning)\n|raw|Fullmetal2517's rating: 1142 &rarr; <strong>1119<\/strong><br \/>(-23 for losing)\n|l|\u2606Fullmetal2517\n","uploadtime":1700355982,"views":12,"p1id":"trainerdylan24","p2id":"fullmetal2517","formatid":"gen9vgc2023regulatione","rating":1119,"private":0,"password":""}