{"id":"gen9vgc2023regulatione-1998099686","p1":"made of bliss","p2":"eebgm","format":"[Gen 9] VGC 2023 Regulation E","log":"|j|\u2606made of bliss\n|j|\u2606eebgm\n|t:|1700891215\n|gametype|doubles\n|player|p1|made of bliss|clair|\n|player|p2|eebgm|lady|\n|teamsize|p1|6\n|teamsize|p2|6\n|gen|9\n|tier|[Gen 9] VGC 2023 Regulation E\n|rated|Tournament battle\n|rule|Species Clause: Limit one of each Pok\u00e9mon\n|rule|Item Clause: Limit one of each item\n|clearpoke\n|poke|p1|Glimmora, L50, M|\n|poke|p1|Rillaboom, L50, F|\n|poke|p1|Chien-Pao, L50|\n|poke|p1|Dragonite, L50, F|\n|poke|p1|Dondozo, L50, M|\n|poke|p1|Tatsugiri, L50, M|\n|poke|p2|Armarouge, L50, F|\n|poke|p2|Indeedee-F, L50, F|\n|poke|p2|Sneasler, L50, M|\n|poke|p2|Landorus-Therian, L50, M|\n|poke|p2|Torkoal, L50, M|\n|poke|p2|Gallade, L50, M|\n|teampreview|4\n|showteam|p1|Glimmora||AirBalloon|ToxicDebris|SpikyShield,SludgeBomb,EarthPower,MortalSpin|||M|||50|,,,,,Water]Rillaboom||MiracleSeed|GrassySurge|WoodHammer,GrassyGlide,FakeOut,Taunt|||F|||50|,,,,,Grass]Chien-Pao||FocusSash|SwordofRuin|Protect,SuckerPunch,IcicleCrash,SacredSword||||||50|,,,,,Ghost]Dragonite||AssaultVest|InnerFocus|ExtremeSpeed,IceSpinner,StompingTantrum,BrickBreak|||F|||50|,,,,,Normal]Dondozo||Leftovers|Unaware|Protect,OrderUp,WaveCrash,Rest|||M|||50|,,,,,Fairy]Tatsugiri||AbilityShield|Commander|Protect,DracoMeteor,MuddyWater,IcyWind|||M|||50|,,,,,Steel\n|showteam|p2|Armarouge||WeaknessPolicy|WeakArmor|ExpandingForce,HeatWave,Endure,WideGuard|||F|||50|,,,,,Psychic]Indeedee-F||RockyHelmet|PsychicSurge|FollowMe,DazzlingGleam,TrickRoom,HelpingHand|||F|||50|,,,,,Fairy]Sneasler||PsychicSeed|Unburden|DireClaw,CloseCombat,RockSlide,SwordsDance|||M|||50|,,,,,Rock]Landorus-Therian||ChoiceScarf|Intimidate|Earthquake,Uturn,RockSlide,StompingTantrum|||M|||50|,,,,,Water]Torkoal||ChoiceSpecs|Drought|Eruption,HeatWave,Flamethrower,EarthPower|||M|||50|,,,,,Fire]Gallade||FocusSash|Sharpness|SacredSword,PsychoCut,ShadowSneak,TrickRoom|||M|||50|,,,,,Ghost\n|inactive|Battle timer is ON: inactive players will automatically lose when time's up. (requested by made of bliss)\n|inactive|eebgm also wants the timer to be on.\n|j| Jourvicious\n|inactive|made of bliss has 60 seconds left.\n|inactive|eebgm has 60 seconds left.\n|\n|t:|1700891255\n|start\n|switch|p1a: Chien-Pao|Chien-Pao, L50|100\/100\n|switch|p1b: Dragonite|Dragonite, L50, F|100\/100\n|switch|p2a: Armarouge|Armarouge, L50, F|100\/100\n|switch|p2b: Landorus|Landorus-Therian, L50, M|100\/100\n|-ability|p2b: Landorus|Intimidate|boost\n|-unboost|p1a: Chien-Pao|atk|1\n|-fail|p1b: Dragonite|unboost|Attack|[from] ability: Inner Focus|[of] p1b: Dragonite\n|-ability|p1a: Chien-Pao|Sword of Ruin\n|turn|1\n|inactive|made of bliss has 30 seconds left.\n|inactive|eebgm has 30 seconds left.\n|\n|t:|1700891280\n|switch|p2b: Indeedee|Indeedee-F, L50, F|100\/100\n|-fieldstart|move: Psychic Terrain|[from] ability: Psychic Surge|[of] p2b: Indeedee\n|move|p1a: Chien-Pao|Protect|p1a: Chien-Pao\n|-singleturn|p1a: Chien-Pao|Protect\n|move|p2a: Armarouge|Heat Wave|p1b: Dragonite|[spread] \n|-activate|p1a: Chien-Pao|move: Protect\n|-miss|p2a: Armarouge|p1b: Dragonite\n|move|p1b: Dragonite|Ice Spinner|p2b: Indeedee\n|-damage|p2b: Indeedee|52\/100\n|-damage|p1b: Dragonite|84\/100|[from] item: Rocky Helmet|[of] p2b: Indeedee\n|-fieldend|move: Psychic Terrain\n|\n|upkeep\n|turn|2\n|inactive|made of bliss has 30 seconds left.\n|\n|t:|1700891313\n|switch|p2b: Landorus|Landorus-Therian, L50, M|100\/100\n|-ability|p2b: Landorus|Intimidate|boost\n|-unboost|p1a: Chien-Pao|atk|1\n|-fail|p1b: Dragonite|unboost|Attack|[from] ability: Inner Focus|[of] p1b: Dragonite\n|move|p2a: Armarouge|Endure|p2a: Armarouge\n|-singleturn|p2a: Armarouge|move: Endure\n|move|p1a: Chien-Pao|Icicle Crash|p2b: Landorus|[miss]\n|-miss|p1a: Chien-Pao|p2b: Landorus\n|move|p1b: Dragonite|Stomping Tantrum|p2a: Armarouge\n|-supereffective|p2a: Armarouge\n|-damage|p2a: Armarouge|15\/100\n|-ability|p2a: Armarouge|Weak Armor|boost\n|-unboost|p2a: Armarouge|def|1\n|-boost|p2a: Armarouge|spe|2\n|-enditem|p2a: Armarouge|Weakness Policy\n|-boost|p2a: Armarouge|atk|2|[from] item: Weakness Policy\n|-boost|p2a: Armarouge|spa|2|[from] item: Weakness Policy\n|\n|upkeep\n|turn|3\n|j| bloodcurseuk\n|inactive|made of bliss has 30 seconds left.\n|inactive|eebgm has 30 seconds left.\n|inactive|made of bliss has 20 seconds left.\n|\n|t:|1700891349\n|switch|p2b: Indeedee|Indeedee-F, L50, F|52\/100\n|-fieldstart|move: Psychic Terrain|[from] ability: Psychic Surge|[of] p2b: Indeedee\n|move|p2a: Armarouge|Expanding Force|p1a: Chien-Pao|[spread] p1b\n|-immune|p1a: Chien-Pao\n|-crit|p1b: Dragonite\n|-damage|p1b: Dragonite|0 fnt\n|faint|p1b: Dragonite\n|move|p1a: Chien-Pao|Sacred Sword|p2a: Armarouge\n|-resisted|p2a: Armarouge\n|-damage|p2a: Armarouge|2\/100\n|-ability|p2a: Armarouge|Weak Armor|boost\n|-unboost|p2a: Armarouge|def|1\n|-boost|p2a: Armarouge|spe|2\n|\n|upkeep\n|\n|t:|1700891357\n|switch|p1b: Rillaboom|Rillaboom, L50, F|100\/100\n|-fieldstart|move: Grassy Terrain|[from] ability: Grassy Surge|[of] p1b: Rillaboom\n|turn|4\n|\n|t:|1700891369\n|switch|p2b: Landorus|Landorus-Therian, L50, M|100\/100\n|-ability|p2b: Landorus|Intimidate|boost\n|-unboost|p1a: Chien-Pao|atk|1\n|-unboost|p1b: Rillaboom|atk|1\n|move|p2a: Armarouge|Endure|p2a: Armarouge\n|-singleturn|p2a: Armarouge|move: Endure\n|move|p1b: Rillaboom|Grassy Glide|p2a: Armarouge\n|-resisted|p2a: Armarouge\n|-activate|p2a: Armarouge|move: Endure\n|-damage|p2a: Armarouge|1\/100\n|-ability|p2a: Armarouge|Weak Armor|boost\n|-unboost|p2a: Armarouge|def|1\n|-boost|p2a: Armarouge|spe|2\n|move|p1a: Chien-Pao|Icicle Crash|p2b: Landorus\n|-supereffective|p2b: Landorus\n|-damage|p2b: Landorus|0 fnt\n|faint|p2b: Landorus\n|\n|-heal|p2a: Armarouge|7\/100|[from] Grassy Terrain\n|upkeep\n|j| KnighLt\n|\n|t:|1700891377\n|switch|p2b: Indeedee|Indeedee-F, L50, F|52\/100\n|-fieldstart|move: Psychic Terrain|[from] ability: Psychic Surge|[of] p2b: Indeedee\n|turn|5\n|inactive|eebgm has 30 seconds left.\n|\n|t:|1700891407\n|switch|p1b: Glimmora|Glimmora, L50, M|100\/100\n|-item|p1b: Glimmora|Air Balloon\n|switch|p2b: Sneasler|Sneasler, L50, M|100\/100\n|-enditem|p2b: Sneasler|Psychic Seed\n|-boost|p2b: Sneasler|spd|1|[from] item: Psychic Seed\n|move|p2a: Armarouge|Heat Wave|p1b: Glimmora|[spread] p1a,p1b\n|-supereffective|p1a: Chien-Pao\n|-resisted|p1b: Glimmora\n|-enditem|p1a: Chien-Pao|Focus Sash\n|-damage|p1a: Chien-Pao|1\/100\n|-damage|p1b: Glimmora|47\/100\n|-status|p1b: Glimmora|brn\n|-enditem|p1b: Glimmora|Air Balloon\n|move|p1a: Chien-Pao|Icicle Crash|p2a: Armarouge\n|-resisted|p2a: Armarouge\n|-damage|p2a: Armarouge|0 fnt\n|faint|p2a: Armarouge\n|\n|-damage|p1b: Glimmora|42\/100 brn|[from] brn\n|upkeep\n|\n|t:|1700891417\n|switch|p2a: Indeedee|Indeedee-F, L50, F|52\/100\n|turn|6\n|inactive|made of bliss has 30 seconds left.\n|inactive|eebgm has 30 seconds left.\n|inactive|eebgm has 20 seconds left.\n|inactive|eebgm has 15 seconds left.\n|\n|t:|1700891458\n|move|p2b: Sneasler|Rock Slide|p1a: Chien-Pao|[spread] p1a,p1b\n|-supereffective|p1a: Chien-Pao\n|-damage|p1a: Chien-Pao|0 fnt\n|-damage|p1b: Glimmora|4\/100 brn\n|-activate|p1b: Glimmora|ability: Toxic Debris\n|-sidestart|p2: eebgm|move: Toxic Spikes\n|faint|p1a: Chien-Pao\n|move|p1b: Glimmora|Sludge Bomb|p2a: Indeedee\n|-damage|p2a: Indeedee|10\/100\n|-status|p2a: Indeedee|psn\n|move|p2a: Indeedee|Dazzling Gleam|p1b: Glimmora\n|-resisted|p1b: Glimmora\n|-damage|p1b: Glimmora|0 fnt\n|faint|p1b: Glimmora\n|\n|-damage|p2a: Indeedee|0 fnt|[from] psn\n|faint|p2a: Indeedee\n|upkeep\n|\n|t:|1700891468\n|switch|p1a: Rillaboom|Rillaboom, L50, F|100\/100\n|-fieldstart|move: Grassy Terrain|[from] ability: Grassy Surge|[of] p1a: Rillaboom\n|turn|7\n|\n|t:|1700891473\n|-terastallize|p1a: Rillaboom|Grass\n|move|p1a: Rillaboom|Fake Out|p2b: Sneasler\n|-damage|p2b: Sneasler|80\/100\n|cant|p2b: Sneasler|flinch\n|\n|-heal|p2b: Sneasler|86\/100|[from] Grassy Terrain\n|upkeep\n|turn|8\n|\n|t:|1700891480\n|move|p2b: Sneasler|Dire Claw|p1a: Rillaboom\n|-supereffective|p1a: Rillaboom\n|-damage|p1a: Rillaboom|12\/100\n|-status|p1a: Rillaboom|par\n|move|p1a: Rillaboom|Wood Hammer|p2b: Sneasler\n|-resisted|p2b: Sneasler\n|-damage|p2b: Sneasler|0 fnt\n|faint|p2b: Sneasler\n|-damage|p1a: Rillaboom|0 fnt|[from] Recoil\n|faint|p1a: Rillaboom\n|\n|win|made of bliss\n|n|\u2606made of bliss|madeofbliss\n|n|\u2606eebgm|eebgm\n|n| Jourvicious|jourvicious\n|n| bloodcurseuk|bloodcurseuk\n|n| KnighLt|knighlt\n","uploadtime":1700891480,"views":2,"p1id":"madeofbliss","p2id":"eebgm","formatid":"gen9vgc2023regulatione","rating":0,"private":0,"password":""}