{"id":"gen9vgc2023regulatione-1998076076","p1":"BieberDialga","p2":"Shadowmime","format":"[Gen 9] VGC 2023 Regulation E","log":"|j|\u2606BieberDialga\n|j|\u2606Shadowmime\n|n|\u2606BieberDialga|bieberdialga\n|n|\u2606Shadowmime|shadowmime\n|html|View the match progress at <a href=\"\/game-bestof3-gen9vgc2023regulatione-1998071049\">game-bestof3-gen9vgc2023regulatione-1998071049<\/a>\n|t:|1700887468\n|gametype|doubles\n|player|p1|BieberDialga|larry|\n|player|p2|Shadowmime|101|\n|teamsize|p1|6\n|teamsize|p2|6\n|gen|9\n|tier|[Gen 9] VGC 2023 Regulation E\n|rule|Species Clause: Limit one of each Pok\u00e9mon\n|rule|Item Clause: Limit one of each item\n|clearpoke\n|poke|p1|Landorus-Therian, L50, M|\n|poke|p1|Amoonguss, L50, M|\n|poke|p1|Iron Hands, L50|\n|poke|p1|Flutter Mane, L50|\n|poke|p1|Chien-Pao, L50|\n|poke|p1|Ogerpon-Wellspring, L50, F|\n|poke|p2|Armarouge, L50, F|\n|poke|p2|Indeedee-F, L50, F|\n|poke|p2|Roaring Moon, L50|\n|poke|p2|Urshifu-*, L50, F|\n|poke|p2|Flutter Mane, L50|\n|poke|p2|Rillaboom, L50, M|\n|teampreview|4\nShadowmime has agreed to open team sheets.\nBieberDialga has agreed to open team sheets.\n|showteam|p1|Landorus-Therian||ChoiceScarf|Intimidate|StompingTantrum,TeraBlast,Uturn,RockSlide|||M|||50|,,,,,Flying]Amoonguss||SitrusBerry|Regenerator|Protect,Spore,RagePowder,PollenPuff|||M|||50|,,,,,Water]Iron Hands||AssaultVest|QuarkDrive|DrainPunch,WildCharge,FakeOut,VoltSwitch||||||50|,,,,,Fire]Flutter Mane||ChoiceSpecs|Protosynthesis|Moonblast,DazzlingGleam,ShadowBall,IcyWind||||||50|,,,,,Fairy]Chien-Pao||FocusSash|SwordofRuin|IceSpinner,SuckerPunch,SacredSword,Protect||||||50|,,,,,Ghost]Ogerpon-Wellspring||WellspringMask|WaterAbsorb|SwordsDance,HornLeech,IvyCudgel,SpikyShield|||F|||50|,,,,,Water\n|showteam|p2|Armarouge||WeaknessPolicy|WeakArmor|Endure,StoredPower,HeatWave,ExpandingForce|||F|||50|,,,,,Psychic]Indeedee-F||RockyHelmet|PsychicSurge|TrickRoom,FollowMe,HelpingHand,DazzlingGleam|||F|||50|,,,,,Dragon]Roaring Moon||BoosterEnergy|Protosynthesis|Uturn,Tailwind,KnockOff,Earthquake||||||50|,,,,,Poison]Urshifu-Rapid-Strike||ChoiceScarf|UnseenFist|Uturn,SurgingStrikes,CloseCombat,AquaJet|||F|||50|,,,,,Water]Flutter Mane||ChoiceSpecs|Protosynthesis|DazzlingGleam,Moonblast,ShadowBall,PerishSong||||||50|,,,,,Fairy]Rillaboom||MiracleSeed|GrassySurge|GrassyGlide,WoodHammer,FakeOut,Protect|||M|||50|,,,,,Grass\n|\n|t:|1700887624\n|start\n|switch|p1a: Olimar|Amoonguss, L50, M|100\/100\n|switch|p1b: Ike|Chien-Pao, L50|100\/100\n|switch|p2a: Armarouge|Armarouge, L50, F|100\/100\n|switch|p2b: Roaring Moon|Roaring Moon, L50|100\/100\n|-ability|p1b: Ike|Sword of Ruin\n|-enditem|p2b: Roaring Moon|Booster Energy\n|-activate|p2b: Roaring Moon|ability: Protosynthesis|[fromitem]\n|-start|p2b: Roaring Moon|protosynthesisspe\n|turn|1\n|\n|t:|1700887687\n|-end|p2b: Roaring Moon|Protosynthesis|[silent]\n|switch|p2b: Indeedee|Indeedee-F, L50, F|100\/100\n|-fieldstart|move: Psychic Terrain|[from] ability: Psychic Surge|[of] p2b: Indeedee\n|-terastallize|p1a: Olimar|Water\n|move|p1b: Ike|Ice Spinner|p2a: Armarouge\n|-resisted|p2a: Armarouge\n|-damage|p2a: Armarouge|71\/100\n|-ability|p2a: Armarouge|Weak Armor|boost\n|-unboost|p2a: Armarouge|def|1\n|-boost|p2a: Armarouge|spe|2\n|-fieldend|move: Psychic Terrain\n|move|p2a: Armarouge|Expanding Force|p1a: Olimar\n|-damage|p1a: Olimar|55\/100\n|move|p1a: Olimar|Spore|p2a: Armarouge\n|-status|p2a: Armarouge|slp|[from] move: Spore\n|\n|upkeep\n|turn|2\n|\n|t:|1700887730\n|switch|p2b: Roaring Moon|Roaring Moon, L50|100\/100\n|cant|p2a: Armarouge|slp\n|move|p1b: Ike|Ice Spinner|p2a: Armarouge\n|-resisted|p2a: Armarouge\n|-damage|p2a: Armarouge|22\/100 slp\n|-ability|p2a: Armarouge|Weak Armor|boost\n|-unboost|p2a: Armarouge|def|1\n|-boost|p2a: Armarouge|spe|2\n|move|p1a: Olimar|Spore|p2b: Roaring Moon\n|-status|p2b: Roaring Moon|slp|[from] move: Spore\n|\n|upkeep\n|turn|3\n|\n|t:|1700887768\n|-curestatus|p2a: Armarouge|slp|[msg]\n|move|p2a: Armarouge|Endure|p2a: Armarouge\n|-singleturn|p2a: Armarouge|move: Endure\n|move|p1b: Ike|Ice Spinner|p2a: Armarouge\n|-resisted|p2a: Armarouge\n|-activate|p2a: Armarouge|move: Endure\n|-damage|p2a: Armarouge|1\/100\n|-ability|p2a: Armarouge|Weak Armor|boost\n|-unboost|p2a: Armarouge|def|1\n|-boost|p2a: Armarouge|spe|2\n|cant|p2b: Roaring Moon|slp\n|move|p1a: Olimar|Pollen Puff|p2b: Roaring Moon\n|-supereffective|p2b: Roaring Moon\n|-crit|p2b: Roaring Moon\n|-damage|p2b: Roaring Moon|56\/100 slp\n|\n|upkeep\n|turn|4\n|\n|t:|1700887836\n|move|p1a: Olimar|Protect|p1a: Olimar\n|-singleturn|p1a: Olimar|Protect\n|move|p2a: Armarouge|Heat Wave|p1a: Olimar|[spread] p1b\n|-activate|p1a: Olimar|move: Protect\n|-supereffective|p1b: Ike\n|-enditem|p1b: Ike|Focus Sash\n|-damage|p1b: Ike|1\/100\n|move|p1b: Ike|Ice Spinner|p2a: Armarouge\n|-resisted|p2a: Armarouge\n|-damage|p2a: Armarouge|0 fnt\n|faint|p2a: Armarouge\n|cant|p2b: Roaring Moon|slp\n|\n|upkeep\n|\n|t:|1700887861\n|switch|p2a: Urshifu|Urshifu-Rapid-Strike, L50, F|100\/100\n|turn|5\n|\n|t:|1700887880\n|-end|p2b: Roaring Moon|Protosynthesis|[silent]\n|switch|p2b: Indeedee|Indeedee-F, L50, F|100\/100\n|-fieldstart|move: Psychic Terrain|[from] ability: Psychic Surge|[of] p2b: Indeedee\n|move|p1a: Olimar|Rage Powder|p1a: Olimar\n|-singleturn|p1a: Olimar|move: Rage Powder\n|move|p2a: Urshifu|Close Combat|p1a: Olimar\n|-damage|p1a: Olimar|0 fnt\n|-unboost|p2a: Urshifu|def|1\n|-unboost|p2a: Urshifu|spd|1\n|faint|p1a: Olimar\n|move|p1b: Ike|Ice Spinner|p2b: Indeedee\n|-damage|p2b: Indeedee|48\/100\n|-damage|p1b: Ike|0 fnt|[from] item: Rocky Helmet|[of] p2b: Indeedee\n|faint|p1b: Ike\n|\n|upkeep\n|\n|t:|1700887893\n|switch|p1b: Samus|Ogerpon-Wellspring, L50, F|100\/100\n|switch|p1a: King Dedede|Iron Hands, L50|100\/100\n|turn|6\n|\n|t:|1700887964\n|-terastallize|p2b: Indeedee|Dragon\n|move|p2b: Indeedee|Follow Me|p2b: Indeedee\n|-singleturn|p2b: Indeedee|move: Follow Me\n|move|p2a: Urshifu|Close Combat|p1b: Samus\n|-damage|p1b: Samus|28\/100\n|-unboost|p2a: Urshifu|def|1\n|-unboost|p2a: Urshifu|spd|1\n|move|p1b: Samus|Horn Leech|p2b: Indeedee\n|-resisted|p2b: Indeedee\n|-damage|p2b: Indeedee|31\/100\n|-heal|p1b: Samus|37\/100|[from] drain|[of] p2b: Indeedee\n|-damage|p1b: Samus|20\/100|[from] item: Rocky Helmet|[of] p2b: Indeedee\n|move|p1a: King Dedede|Wild Charge|p2b: Indeedee\n|-resisted|p2b: Indeedee\n|-damage|p2b: Indeedee|6\/100\n|-damage|p1a: King Dedede|84\/100|[from] item: Rocky Helmet|[of] p2b: Indeedee\n|-damage|p1a: King Dedede|79\/100|[from] Recoil\n|\n|upkeep\n|turn|7\n|\n|t:|1700888003\n|move|p2b: Indeedee|Follow Me|p2b: Indeedee\n|-singleturn|p2b: Indeedee|move: Follow Me\n|move|p2a: Urshifu|Close Combat|p1b: Samus\n|-damage|p1b: Samus|0 fnt\n|-unboost|p2a: Urshifu|def|1\n|-unboost|p2a: Urshifu|spd|1\n|faint|p1b: Samus\n|move|p1a: King Dedede|Drain Punch|p2b: Indeedee\n|-damage|p2b: Indeedee|0 fnt\n|-heal|p1a: King Dedede|81\/100|[from] drain|[of] p2b: Indeedee\n|-damage|p1a: King Dedede|65\/100|[from] item: Rocky Helmet|[of] p2b: Indeedee\n|faint|p2b: Indeedee\n|\n|upkeep\n|\n|t:|1700888006\n|switch|p2b: Roaring Moon|Roaring Moon, L50|56\/100 slp\n|turn|8\n|\n|t:|1700888013\n|move|p2a: Urshifu|Close Combat|p1a: King Dedede\n|-damage|p1a: King Dedede|25\/100\n|-unboost|p2a: Urshifu|def|1\n|-unboost|p2a: Urshifu|spd|1\n|-curestatus|p2b: Roaring Moon|slp|[msg]\n|move|p2b: Roaring Moon|Earthquake|p1a: King Dedede|[spread] p2a,p1a\n|-supereffective|p1a: King Dedede\n|-damage|p2a: Urshifu|35\/100\n|-damage|p1a: King Dedede|0 fnt\n|faint|p1a: King Dedede\n|-end|p1a: King Dedede|Quark Drive|[silent]\n|\n|win|Shadowmime\n|l|\u2606BieberDialga\n","uploadtime":1700888066,"views":6,"p1id":"bieberdialga","p2id":"shadowmime","formatid":"gen9vgc2023regulatione","rating":0,"private":0,"password":""}