{"id":"gen9vgc2023regulatione-1995955022","p1":"Clammmmmm","p2":"HATAKA KUSATA","format":"[Gen 9] VGC 2023 Regulation E","log":"|j|\u2606Clammmmmm\n|j|\u2606HATAKA KUSATA\n|t:|1700621642\n|gametype|doubles\n|player|p1|Clammmmmm|102|1046\n|player|p2|HATAKA KUSATA|nate|1009\n|teamsize|p1|6\n|teamsize|p2|6\n|gen|9\n|tier|[Gen 9] VGC 2023 Regulation E\n|rated|\n|rule|Species Clause: Limit one of each Pok\u00e9mon\n|rule|Item Clause: Limit one of each item\n|clearpoke\n|poke|p1|Klawf, L50, M|\n|poke|p1|Clefairy, L50, M|\n|poke|p1|Sinistcha, L50|\n|poke|p1|Iron Hands, L50|\n|poke|p1|Landorus-Therian, L50, M|\n|poke|p1|Kommo-o, L50, F|\n|poke|p2|Ogerpon-Wellspring, L50, F|\n|poke|p2|Urshifu-*, L50, M|\n|poke|p2|Landorus-Therian, L50, M|\n|poke|p2|Basculegion-F, L50, F|\n|poke|p2|Iron Hands, L50|\n|poke|p2|Iron Bundle, L50|\n|teampreview|4\n|inactive|Battle timer is ON: inactive players will automatically lose when time's up. (requested by Clammmmmm)\n|\n|t:|1700621665\n|start\n|switch|p1a: Klawf|Klawf, L50, M|100\/100\n|switch|p1b: Landorus|Landorus-Therian, L50, M|100\/100\n|switch|p2a: Ogerpon|Ogerpon-Wellspring, L50, F|100\/100\n|switch|p2b: Iron Bundle|Iron Bundle, L50|100\/100\n|-ability|p1b: Landorus|Intimidate|boost\n|-unboost|p2a: Ogerpon|atk|1\n|-unboost|p2b: Iron Bundle|atk|1\n|-enditem|p2b: Iron Bundle|Booster Energy\n|-activate|p2b: Iron Bundle|ability: Quark Drive|[fromitem]\n|-start|p2b: Iron Bundle|quarkdrivespe\n|turn|1\n|inactive|Clammmmmm has 30 seconds left.\n|\n|t:|1700621699\n|-terastallize|p1a: Klawf|Grass\n|move|p2b: Iron Bundle|Hydro Pump|p1b: Landorus\n|-supereffective|p1b: Landorus\n|-damage|p1b: Landorus|0 fnt\n|faint|p1b: Landorus\n|move|p2a: Ogerpon|Rain Dance|p2a: Ogerpon\n|-weather|RainDance\n|move|p1a: Klawf|Swords Dance|p1a: Klawf\n|-boost|p1a: Klawf|atk|2\n|\n|-weather|RainDance|[upkeep]\n|upkeep\n|\n|t:|1700621709\n|switch|p1b: Clefairy|Clefairy, L50, M, shiny|100\/100\n|turn|2\n|\n|t:|1700621725\n|move|p2a: Ogerpon|Helping Hand|p2b: Iron Bundle\n|-singleturn|p2b: Iron Bundle|Helping Hand|[of] p2a: Ogerpon\n|move|p1b: Clefairy|Follow Me|p1b: Clefairy\n|-singleturn|p1b: Clefairy|move: Follow Me\n|move|p2b: Iron Bundle|Freeze-Dry|p1b: Clefairy\n|-damage|p1b: Clefairy|59\/100\n|move|p1a: Klawf|Rock Slide|p2b: Iron Bundle|[spread] p2a,p2b\n|-supereffective|p2b: Iron Bundle\n|-damage|p2a: Ogerpon|34\/100\n|-damage|p2b: Iron Bundle|0 fnt\n|faint|p2b: Iron Bundle\n|-end|p2b: Iron Bundle|Quark Drive|[silent]\n|\n|-weather|RainDance|[upkeep]\n|upkeep\n|\n|t:|1700621737\n|switch|p2b: Urshifu|Urshifu-Rapid-Strike, L50, M|100\/100\n|turn|3\n|\n|t:|1700621748\n|move|p1b: Clefairy|Follow Me|p1b: Clefairy\n|-singleturn|p1b: Clefairy|move: Follow Me\n|move|p2a: Ogerpon|Ivy Cudgel|p1b: Clefairy|[anim] Ivy Cudgel Water\n|-damage|p1b: Clefairy|8\/100\n|move|p2b: Urshifu|Surging Strikes|p1b: Clefairy\n|-crit|p1b: Clefairy\n|-damage|p1b: Clefairy|0 fnt\n|faint|p1b: Clefairy\n|-hitcount|p1: Clefairy|1\n|-damage|p2b: Urshifu|91\/100|[from] item: Life Orb\n|move|p1a: Klawf|Rock Slide|p2b: Urshifu|[spread] p2a,p2b\n|-resisted|p2b: Urshifu\n|-damage|p2a: Ogerpon|0 fnt\n|-damage|p2b: Urshifu|64\/100\n|faint|p2a: Ogerpon\n|\n|-weather|RainDance|[upkeep]\n|upkeep\n|\n|t:|1700621762\n|switch|p2a: Basculegion|Basculegion-F, L50, F|100\/100\n|switch|p1b: Sinistcha|Sinistcha, L50|100\/100\n|turn|4\n|\n|t:|1700621778\n|move|p2b: Urshifu|Surging Strikes|p1a: Klawf\n|-resisted|p1a: Klawf\n|-crit|p1a: Klawf\n|-damage|p1a: Klawf|80\/100\n|-resisted|p1a: Klawf\n|-crit|p1a: Klawf\n|-damage|p1a: Klawf|59\/100\n|-resisted|p1a: Klawf\n|-crit|p1a: Klawf\n|-damage|p1a: Klawf|38\/100\n|-enditem|p1a: Klawf|Sitrus Berry|[eat]\n|-heal|p1a: Klawf|63\/100|[from] item: Sitrus Berry\n|-hitcount|p1a: Klawf|3\n|-damage|p2b: Urshifu|54\/100|[from] item: Life Orb\n|move|p2a: Basculegion|Last Respects|p1b: Sinistcha\n|-supereffective|p1b: Sinistcha\n|-damage|p1b: Sinistcha|0 fnt\n|faint|p1b: Sinistcha\n|move|p1a: Klawf|Rock Slide|p2b: Urshifu|[spread] p2a,p2b\n|-resisted|p2b: Urshifu\n|-damage|p2a: Basculegion|34\/100\n|-damage|p2b: Urshifu|27\/100\n|\n|-weather|RainDance|[upkeep]\n|-heal|p2a: Basculegion|40\/100|[from] item: Leftovers\n|upkeep\n|turn|5\n|\n|t:|1700621800\n|move|p2b: Urshifu|Surging Strikes|p1a: Klawf\n|-resisted|p1a: Klawf\n|-crit|p1a: Klawf\n|-damage|p1a: Klawf|42\/100\n|-resisted|p1a: Klawf\n|-crit|p1a: Klawf\n|-damage|p1a: Klawf|21\/100\n|-resisted|p1a: Klawf\n|-crit|p1a: Klawf\n|-damage|p1a: Klawf|0 fnt\n|faint|p1a: Klawf\n|-hitcount|p1: Klawf|3\n|-damage|p2b: Urshifu|18\/100|[from] item: Life Orb\n|\n|win|HATAKA KUSATA\n|raw|Clammmmmm's rating: 1046 &rarr; <strong>1027<\/strong><br \/>(-19 for losing)\n|raw|HATAKA KUSATA's rating: 1009 &rarr; <strong>1052<\/strong><br \/>(+43 for winning)\n|l|\u2606HATAKA KUSATA\n","uploadtime":1700621886,"views":8,"p1id":"clammmmmm","p2id":"hatakakusata","formatid":"gen9vgc2023regulatione","rating":1027,"private":0,"password":""}