{"id":"gen9vgc2023regulatione-1998926392","p1":"Jalenrussell","p2":"ryokosenpai","format":"[Gen 9] VGC 2023 Regulation E","log":"|j|\u2606Jalenrussell\n|j|\u2606ryokosenpai\n|t:|1701013950\n|gametype|doubles\n|player|p1|Jalenrussell|guitarist|1162\n|player|p2|ryokosenpai|1|1089\n|teamsize|p1|6\n|teamsize|p2|6\n|gen|9\n|tier|[Gen 9] VGC 2023 Regulation E\n|rated|\n|rule|Species Clause: Limit one of each Pok\u00e9mon\n|rule|Item Clause: Limit one of each item\n|clearpoke\n|poke|p1|Tornadus, L50, M|\n|poke|p1|Landorus-Therian, L50, M|\n|poke|p1|Iron Hands, L50|\n|poke|p1|Urshifu-*, L50, M|\n|poke|p1|Flutter Mane, L50|\n|poke|p1|Chien-Pao, L50|\n|poke|p2|Polteageist-Antique, L50|\n|poke|p2|Dusclops, L50, F|\n|poke|p2|Torkoal, L50, M|\n|poke|p2|Iron Hands, L50|\n|poke|p2|Amoonguss, L50, M|\n|poke|p2|Ursaluna, L50, M|\n|teampreview|4\n|\n|t:|1701013975\n|start\n|switch|p1a: Tornadus|Tornadus, L50, M|100\/100\n|switch|p1b: Flutter Mane|Flutter Mane, L50|100\/100\n|switch|p2a: Dusclops|Dusclops, L50, F|100\/100\n|switch|p2b: Polteageist|Polteageist-Antique, L50|100\/100\n|-ability|p2a: Dusclops|Pressure\n|turn|1\n|\n|t:|1701013991\n|-terastallize|p1b: Flutter Mane|Fairy\n|-terastallize|p2b: Polteageist|Psychic\n|move|p1a: Tornadus|Taunt|p2a: Dusclops\n|-start|p2a: Dusclops|move: Taunt\n|move|p2a: Dusclops|Shadow Sneak|p2b: Polteageist\n|-supereffective|p2b: Polteageist\n|-damage|p2b: Polteageist|63\/100\n|-ability|p2b: Polteageist|Weak Armor|boost\n|-unboost|p2b: Polteageist|def|1\n|-boost|p2b: Polteageist|spe|2\n|-enditem|p2b: Polteageist|Weakness Policy\n|-boost|p2b: Polteageist|atk|2|[from] item: Weakness Policy\n|-boost|p2b: Polteageist|spa|2|[from] item: Weakness Policy\n|move|p2b: Polteageist|Stored Power|p1b: Flutter Mane\n|-damage|p1b: Flutter Mane|0 fnt\n|faint|p1b: Flutter Mane\n|-end|p1b: Flutter Mane|Protosynthesis|[silent]\n|\n|upkeep\n|\n|t:|1701014008\n|switch|p1b: Urshifu|Urshifu-Rapid-Strike, L50, M|100\/100\n|turn|2\n|\n|t:|1701014022\n|move|p1b: Urshifu|Protect|p1b: Urshifu\n|-singleturn|p1b: Urshifu|Protect\n|move|p1a: Tornadus|Tailwind|p1a: Tornadus\n|-sidestart|p1: Jalenrussell|move: Tailwind\n|move|p2b: Polteageist|Giga Drain|p1b: Urshifu\n|-activate|p1b: Urshifu|move: Protect\n|move|p2a: Dusclops|Night Shade|p1b: Urshifu\n|-activate|p1b: Urshifu|move: Protect\n|\n|upkeep\n|turn|3\n|\n|t:|1701014040\n|move|p2a: Dusclops|Shadow Sneak|p2b: Polteageist\n|-supereffective|p2b: Polteageist\n|-damage|p2b: Polteageist|9\/100\n|-ability|p2b: Polteageist|Weak Armor|boost\n|-unboost|p2b: Polteageist|def|1\n|-boost|p2b: Polteageist|spe|2\n|move|p2b: Polteageist|Giga Drain|p1b: Urshifu\n|-supereffective|p1b: Urshifu\n|-damage|p1b: Urshifu|0 fnt\n|-heal|p2b: Polteageist|74\/100|[from] drain|[of] p1b: Urshifu\n|faint|p1b: Urshifu\n|move|p1a: Tornadus|Bleakwind Storm|p2b: Polteageist|[spread] p2a,p2b\n|-damage|p2a: Dusclops|84\/100\n|-damage|p2b: Polteageist|38\/100\n|\n|-end|p2a: Dusclops|move: Taunt\n|upkeep\n|\n|t:|1701014045\n|switch|p1b: Landorus|Landorus-Therian, L50, M|100\/100\n|-ability|p1b: Landorus|Intimidate|boost\n|-unboost|p2a: Dusclops|atk|1\n|-unboost|p2b: Polteageist|atk|1\n|turn|4\n|c|\u2606ryokosenpai|IT WORKED\n|c|\u2606ryokosenpai|LOL\n|\n|t:|1701014067\n|move|p1b: Landorus|Protect|p1b: Landorus\n|-singleturn|p1b: Landorus|Protect\n|move|p2b: Polteageist|Stored Power|p1b: Landorus\n|-activate|p1b: Landorus|move: Protect\n|move|p1a: Tornadus|Bleakwind Storm|p2b: Polteageist|[spread] p2a\n|-miss|p1a: Tornadus|p2b: Polteageist\n|-damage|p2a: Dusclops|69\/100\n|move|p2a: Dusclops|Trick Room|p2a: Dusclops\n|-fieldstart|move: Trick Room|[of] p2a: Dusclops\n|\n|upkeep\n|turn|5\n|\n|t:|1701014084\n|move|p2a: Dusclops|Will-O-Wisp|p1b: Landorus\n|-status|p1b: Landorus|brn\n|move|p1a: Tornadus|Bleakwind Storm|p2b: Polteageist|[spread] p2a,p2b\n|-damage|p2a: Dusclops|54\/100\n|-damage|p2b: Polteageist|4\/100\n|-unboost|p2b: Polteageist|spe|1\n|move|p2b: Polteageist|Stored Power|p1b: Landorus\n|-damage|p1b: Landorus|0 fnt\n|faint|p1b: Landorus\n|\n|-sideend|p1: Jalenrussell|move: Tailwind\n|upkeep\n|turn|6\n|-message|Jalenrussell forfeited.\n|\n|win|ryokosenpai\n|raw|Jalenrussell's rating: 1162 &rarr; <strong>1132<\/strong><br \/>(-30 for losing)\n|raw|ryokosenpai's rating: 1089 &rarr; <strong>1121<\/strong><br \/>(+32 for winning)\n|l|\u2606Jalenrussell\n","uploadtime":1701014142,"views":3,"p1id":"jalenrussell","p2id":"ryokosenpai","formatid":"gen9vgc2023regulatione","rating":1121,"private":0,"password":""}