{"id":"gen9vgc2023regulatione-1988664744","p1":"PSmonteiro","p2":"Rebornsan93","format":"[Gen 9] VGC 2023 Regulation E","log":"|j|\u2606PSmonteiro\n|j|\u2606Rebornsan93\n|n|\u2606PSmonteiro|psmonteiro\n|n|\u2606Rebornsan93|rebornsan93\n|html|View the match progress at <a href=\"\/game-bestof3-gen9vgc2023regulatione-1988658527\">game-bestof3-gen9vgc2023regulatione-1988658527<\/a>\n|t:|1699747947\n|gametype|doubles\n|player|p1|PSmonteiro|drayden|\n|player|p2|Rebornsan93|koga|\n|teamsize|p1|6\n|teamsize|p2|6\n|gen|9\n|tier|[Gen 9] VGC 2023 Regulation E\n|rule|Species Clause: Limit one of each Pok\u00e9mon\n|rule|Item Clause: Limit one of each item\n|clearpoke\n|poke|p1|Indeedee-F, L50, F|\n|poke|p1|Armarouge, L50, M|\n|poke|p1|Ursaluna, L50, F|\n|poke|p1|Glastrier, L50|\n|poke|p1|Kingambit, L50, M|\n|poke|p1|Sinistcha-Masterpiece, L50|\n|poke|p2|Iron Bundle, L50|\n|poke|p2|Arcanine-Hisui, L50, M|\n|poke|p2|Tyranitar, L50, F|\n|poke|p2|Kommo-o, L50, F|\n|poke|p2|Rillaboom, L50, F|\n|poke|p2|Flutter Mane, L50|\n|teampreview|4\nPSmonteiro has agreed to open team sheets.\n|c|\u2606Rebornsan93|fui muito inocente lol\nRebornsan93 has agreed to open team sheets.\n|showteam|p1|Indeedee-F||Leftovers|PsychicSurge|TrickRoom,Psychic,FollowMe,HealPulse|||F|||50|,,,,,Steel]Armarouge||TwistedSpoon|FlashFire|AllySwitch,ExpandingForce,ArmorCannon,WideGuard|||M|||50|,,,,,Psychic]Ursaluna||FlameOrb|Guts|Protect,Facade,HeadlongRush,ShadowClaw|||F|||50|,,,,,Ghost]Glastrier||AssaultVest|ChillingNeigh|Avalanche,TeraBlast,StompingTantrum,CloseCombat||||||50|,,,,,Water]Kingambit||LifeOrb|Defiant|Protect,KowtowCleave,IronHead,SuckerPunch|||M|||50|,,,,,Dark]Sinistcha-Masterpiece||RedCard|Hospitality|TrickRoom,Scald,MatchaGotcha,StrengthSap||||||50|,,,,,Grass\n|showteam|p2|Iron Bundle||BoosterEnergy|QuarkDrive|HydroPump,Protect,IcyWind,FreezeDry||||||50|,,,,,Ghost]Arcanine-Hisui||SitrusBerry|Intimidate|FlareBlitz,RockSlide,WillOWisp,Howl|||M|||50|,,,,,Water]Tyranitar||AssaultVest|SandStream|KnockOff,LowKick,RockSlide,TeraBlast|||F|||50|,,,,,Psychic]Kommo-o||Leftovers|Bulletproof|IronHead,IronDefense,Protect,BodyPress|||F|||50|,,,,,Steel]Rillaboom||MiracleSeed|GrassySurge|WoodHammer,FakeOut,Taunt,GrassyGlide|||F|||50|,,,,,Grass]Flutter Mane||ChoiceSpecs|Protosynthesis|DazzlingGleam,Psyshock,ShadowBall,Moonblast||||||50|,,,,,Fairy\n|j| lainshy\n|j| Yuri\n|j| bb_hachi8\n|j| lucasarreguy\n|j| Leon1das\n|c| lucasarreguy|podem come\u00e7ar\n|\n|t:|1699748056\n|start\n|switch|p1a: Indeedee|Indeedee-F, L50, F|100\/100\n|switch|p1b: Ursaluna|Ursaluna, L50, F|100\/100\n|switch|p2a: Tyranitar|Tyranitar, L50, F|100\/100\n|switch|p2b: Flutter Mane|Flutter Mane, L50|100\/100\n|-fieldstart|move: Psychic Terrain|[from] ability: Psychic Surge|[of] p1a: Indeedee\n|-weather|Sandstorm|[from] ability: Sand Stream|[of] p2a: Tyranitar\n|turn|1\n|\n|t:|1699748087\n|move|p1b: Ursaluna|Protect|p1b: Ursaluna\n|-singleturn|p1b: Ursaluna|Protect\n|move|p2b: Flutter Mane|Moonblast|p1b: Ursaluna\n|-activate|p1b: Ursaluna|move: Protect\n|move|p2a: Tyranitar|Knock Off|p1a: Indeedee\n|-supereffective|p1a: Indeedee\n|-damage|p1a: Indeedee|0 fnt\n|-enditem|p1a: Indeedee|Leftovers|[from] move: Knock Off|[of] p2a: Tyranitar\n|faint|p1a: Indeedee\n|\n|-weather|Sandstorm|[upkeep]\n|-damage|p2b: Flutter Mane|94\/100|[from] Sandstorm\n|-status|p1b: Ursaluna|brn|[from] item: Flame Orb\n|upkeep\n|\n|t:|1699748101\n|switch|p1a: Glastrier|Glastrier, L50|100\/100\n|turn|2\n|j| DorititosKiller\n|\n|t:|1699748128\n|-terastallize|p1a: Glastrier|Water\n|move|p2b: Flutter Mane|Moonblast|p1b: Ursaluna\n|-damage|p1b: Ursaluna|21\/100 brn\n|-unboost|p1b: Ursaluna|spa|1\n|move|p2a: Tyranitar|Low Kick|p1b: Ursaluna\n|-supereffective|p1b: Ursaluna\n|-damage|p1b: Ursaluna|0 fnt\n|faint|p1b: Ursaluna\n|move|p1a: Glastrier|Tera Blast|p2a: Tyranitar|[anim] Tera Blast Water\n|-supereffective|p2a: Tyranitar\n|-damage|p2a: Tyranitar|11\/100\n|\n|-weather|Sandstorm|[upkeep]\n|-damage|p2b: Flutter Mane|88\/100|[from] Sandstorm\n|-damage|p1a: Glastrier|95\/100|[from] Sandstorm\n|upkeep\n|\n|t:|1699748141\n|switch|p1b: Armarouge|Armarouge, L50, M|100\/100\n|turn|3\n|\n|t:|1699748198\n|move|p2b: Flutter Mane|Moonblast|p1b: Armarouge\n|-resisted|p1b: Armarouge\n|-damage|p1b: Armarouge|55\/100\n|move|p1b: Armarouge|Expanding Force|p2b: Flutter Mane|[spread] p2b\n|-immune|p2a: Tyranitar\n|-damage|p2b: Flutter Mane|3\/100\n|move|p2a: Tyranitar|Knock Off|p1b: Armarouge\n|-supereffective|p1b: Armarouge\n|-crit|p1b: Armarouge\n|-damage|p1b: Armarouge|0 fnt\n|-enditem|p1b: Armarouge|Twisted Spoon|[from] move: Knock Off|[of] p2a: Tyranitar\n|faint|p1b: Armarouge\n|move|p1a: Glastrier|Tera Blast|p2a: Tyranitar|[anim] Tera Blast Water\n|-supereffective|p2a: Tyranitar\n|-damage|p2a: Tyranitar|0 fnt\n|faint|p2a: Tyranitar\n|-ability|p1a: Glastrier|Chilling Neigh|boost\n|-boost|p1a: Glastrier|atk|1\n|\n|-weather|Sandstorm|[upkeep]\n|-damage|p2b: Flutter Mane|0 fnt|[from] Sandstorm\n|-damage|p1a: Glastrier|89\/100|[from] Sandstorm\n|faint|p2b: Flutter Mane\n|-end|p2b: Flutter Mane|Protosynthesis|[silent]\n|upkeep\n|\n|t:|1699748226\n|switch|p2b: Kommo-o|Kommo-o, L50, F|100\/100\n|switch|p2a: Rillaboom|Rillaboom, L50, F|100\/100\n|-fieldstart|move: Grassy Terrain|[from] ability: Grassy Surge|[of] p2a: Rillaboom\n|turn|4\n|\n|t:|1699748249\n|move|p2a: Rillaboom|Fake Out|p1a: Glastrier\n|-damage|p1a: Glastrier|78\/100\n|move|p2b: Kommo-o|Iron Defense|p2b: Kommo-o\n|-boost|p2b: Kommo-o|def|2\n|cant|p1a: Glastrier|flinch\n|\n|-weather|Sandstorm|[upkeep]\n|-damage|p2a: Rillaboom|95\/100|[from] Sandstorm\n|-damage|p2b: Kommo-o|94\/100|[from] Sandstorm\n|-damage|p1a: Glastrier|72\/100|[from] Sandstorm\n|-heal|p2b: Kommo-o|100\/100|[from] Grassy Terrain\n|-heal|p2a: Rillaboom|100\/100|[from] Grassy Terrain\n|-heal|p1a: Glastrier|78\/100|[from] Grassy Terrain\n|upkeep\n|turn|5\n|\n|t:|1699748263\n|-terastallize|p2b: Kommo-o|Steel\n|move|p2a: Rillaboom|Wood Hammer|p1a: Glastrier\n|-supereffective|p1a: Glastrier\n|-damage|p1a: Glastrier|0 fnt\n|faint|p1a: Glastrier\n|-damage|p2a: Rillaboom|75\/100|[from] Recoil\n|\n|win|Rebornsan93\n","uploadtime":1699748270,"views":8,"p1id":"psmonteiro","p2id":"rebornsan93","formatid":"gen9vgc2023regulatione","rating":0,"private":0,"password":""}