{"id":"gen9vgc2023regulatione-1998217568","p1":"Rokhy","p2":"M1dN1GhtJ","format":"[Gen 9] VGC 2023 Regulation E","log":"|j|\u2606Rokhy\n|j|\u2606M1dN1GhtJ\n|t:|1700914526\n|gametype|doubles\n|player|p1|Rokhy|266|1250\n|player|p2|M1dN1GhtJ|102|1118\n|teamsize|p1|6\n|teamsize|p2|6\n|gen|9\n|tier|[Gen 9] VGC 2023 Regulation E\n|rated|\n|rule|Species Clause: Limit one of each Pok\u00e9mon\n|rule|Item Clause: Limit one of each item\n|clearpoke\n|poke|p1|Tyranitar, L50, M|\n|poke|p1|Roaring Moon, L50|\n|poke|p1|Milotic, L50, M|\n|poke|p1|Cresselia, L50, F|\n|poke|p1|Grimmsnarl, L50, M|\n|poke|p1|Arcanine-Hisui, L50, M|\n|poke|p2|Heatran, L50, M|\n|poke|p2|Kingambit, L50, M|\n|poke|p2|Flutter Mane, L50|\n|poke|p2|Rillaboom, L50, F|\n|poke|p2|Amoonguss, L50, F|\n|poke|p2|Tornadus, L50, M|\n|teampreview|4\n|inactive|Battle timer is ON: inactive players will automatically lose when time's up. (requested by M1dN1GhtJ)\n|inactive|M1dN1GhtJ has 60 seconds left.\n|\n|t:|1700914570\n|start\n|switch|p1a: Grimmsnarl|Grimmsnarl, L50, M, shiny|100\/100\n|switch|p1b: Tyranitar|Tyranitar, L50, M, shiny|100\/100\n|switch|p2a: Tornadus|Tornadus, L50, M, shiny|100\/100\n|switch|p2b: Flutter Mane|Flutter Mane, L50|100\/100\n|-weather|Sandstorm|[from] ability: Sand Stream|[of] p1b: Tyranitar\n|turn|1\n|\n|t:|1700914587\n|move|p2a: Tornadus|Tailwind|p2a: Tornadus\n|-sidestart|p2: M1dN1GhtJ|move: Tailwind\n|move|p1a: Grimmsnarl|Light Screen|p1a: Grimmsnarl\n|-sidestart|p1: Rokhy|move: Light Screen\n|move|p2b: Flutter Mane|Dazzling Gleam|p1b: Tyranitar|[spread] p1a,p1b\n|-supereffective|p1a: Grimmsnarl\n|-supereffective|p1b: Tyranitar\n|-damage|p1a: Grimmsnarl|40\/100\n|-damage|p1b: Tyranitar|67\/100\n|-enditem|p1b: Tyranitar|Weakness Policy\n|-boost|p1b: Tyranitar|atk|2|[from] item: Weakness Policy\n|-boost|p1b: Tyranitar|spa|2|[from] item: Weakness Policy\n|move|p1b: Tyranitar|Ancient Power|p2b: Flutter Mane\n|-damage|p2b: Flutter Mane|59\/100\n|\n|-weather|Sandstorm|[upkeep]\n|-damage|p2b: Flutter Mane|53\/100|[from] Sandstorm\n|-damage|p2a: Tornadus|95\/100|[from] Sandstorm\n|-damage|p1a: Grimmsnarl|34\/100|[from] Sandstorm\n|upkeep\n|turn|2\n|\n|t:|1700914613\n|move|p1b: Tyranitar|Protect|p1b: Tyranitar\n|-singleturn|p1b: Tyranitar|Protect\n|move|p1a: Grimmsnarl|Parting Shot|p2b: Flutter Mane\n|-unboost|p2b: Flutter Mane|atk|1\n|-unboost|p2b: Flutter Mane|spa|1\n|\n|t:|1700914619\n|switch|p1a: Cresselia|Cresselia, L50, F|100\/100|[from] Parting Shot\n|move|p2b: Flutter Mane|Dazzling Gleam|p1b: Tyranitar|[spread] p1a\n|-activate|p1b: Tyranitar|move: Protect\n|-damage|p1a: Cresselia|89\/100\n|move|p2a: Tornadus|Bleakwind Storm|p1b: Tyranitar|[spread] p1a\n|-activate|p1b: Tyranitar|move: Protect\n|-damage|p1a: Cresselia|76\/100\n|-unboost|p1a: Cresselia|spe|1\n|\n|-weather|Sandstorm|[upkeep]\n|-damage|p2b: Flutter Mane|47\/100|[from] Sandstorm\n|-damage|p2a: Tornadus|89\/100|[from] Sandstorm\n|-damage|p1a: Cresselia|70\/100|[from] Sandstorm\n|upkeep\n|turn|3\n|\n|t:|1700914640\n|-end|p2b: Flutter Mane|Protosynthesis|[silent]\n|switch|p2b: Rillaboom|Rillaboom, L50, F, shiny|100\/100\n|-fieldstart|move: Grassy Terrain|[from] ability: Grassy Surge|[of] p2b: Rillaboom\n|-enditem|p2b: Rillaboom|Grassy Seed\n|-boost|p2b: Rillaboom|def|1|[from] item: Grassy Seed\n|move|p2a: Tornadus|Sunny Day|p2a: Tornadus\n|-weather|SunnyDay\n|move|p1b: Tyranitar|Ancient Power|p2a: Tornadus\n|-supereffective|p2a: Tornadus\n|-damage|p2a: Tornadus|0 fnt\n|faint|p2a: Tornadus\n|move|p1a: Cresselia|Trick Room|p1a: Cresselia\n|-fieldstart|move: Trick Room|[of] p1a: Cresselia\n|\n|-weather|SunnyDay|[upkeep]\n|-heal|p1b: Tyranitar|73\/100|[from] Grassy Terrain\n|upkeep\n|\n|t:|1700914654\n|switch|p2a: Heatran|Heatran, L50, M, shiny|100\/100\n|turn|4\n|\n|t:|1700914663\n|-terastallize|p2a: Heatran|Grass\n|move|p1b: Tyranitar|Protect|p1b: Tyranitar\n|-singleturn|p1b: Tyranitar|Protect\n|move|p2b: Rillaboom|Fake Out|p1a: Cresselia\n|-damage|p1a: Cresselia|58\/100\n|-damage|p2b: Rillaboom|84\/100|[from] item: Rocky Helmet|[of] p1a: Cresselia\n|cant|p1a: Cresselia|flinch\n|move|p2a: Heatran|Heat Wave|p1a: Cresselia|[spread] p1a\n|-activate|p1b: Tyranitar|move: Protect\n|-damage|p1a: Cresselia|39\/100\n|\n|-weather|SunnyDay|[upkeep]\n|-heal|p1b: Tyranitar|80\/100|[from] Grassy Terrain\n|-heal|p2b: Rillaboom|90\/100|[from] Grassy Terrain\n|-sideend|p2: M1dN1GhtJ|move: Tailwind\n|upkeep\n|turn|5\n|\n|t:|1700914679\n|move|p2b: Rillaboom|Grassy Glide|p1b: Tyranitar\n|-supereffective|p1b: Tyranitar\n|-damage|p1b: Tyranitar|14\/100\n|move|p1a: Cresselia|Lunar Blessing|p1a: Cresselia|[spread] p1a,p1b\n|-heal|p1a: Cresselia|64\/100\n|-heal|p1b: Tyranitar|39\/100\n|move|p1b: Tyranitar|Ice Beam|p2a: Heatran\n|-supereffective|p2a: Heatran\n|-damage|p2a: Heatran|50\/100\n|move|p2a: Heatran|Heat Wave|p1a: Cresselia|[spread] p1a,p1b\n|-resisted|p1b: Tyranitar\n|-damage|p1a: Cresselia|45\/100\n|-damage|p1b: Tyranitar|26\/100\n|\n|-weather|SunnyDay|[upkeep]\n|-heal|p1b: Tyranitar|32\/100|[from] Grassy Terrain\n|-heal|p2b: Rillaboom|96\/100|[from] Grassy Terrain\n|-heal|p2a: Heatran|56\/100|[from] Grassy Terrain\n|-sideend|p1: Rokhy|move: Light Screen\n|upkeep\n|turn|6\n|inactive|Rokhy has 30 seconds left.\n|inactive|M1dN1GhtJ has 30 seconds left.\n|\n|t:|1700914710\n|move|p1b: Tyranitar|Protect|p1b: Tyranitar\n|-singleturn|p1b: Tyranitar|Protect\n|move|p2b: Rillaboom|Grassy Glide|p1a: Cresselia\n|-damage|p1a: Cresselia|14\/100\n|-damage|p2b: Rillaboom|79\/100|[from] item: Rocky Helmet|[of] p1a: Cresselia\n|move|p1a: Cresselia|Lunar Blessing|p1a: Cresselia|[spread] p1a,p1b\n|-heal|p1a: Cresselia|39\/100\n|-heal|p1b: Tyranitar|57\/100\n|move|p2a: Heatran|Flash Cannon|p1a: Cresselia\n|-damage|p1a: Cresselia|16\/100\n|\n|-weather|SunnyDay|[upkeep]\n|-heal|p1b: Tyranitar|63\/100|[from] Grassy Terrain\n|-heal|p2b: Rillaboom|85\/100|[from] Grassy Terrain\n|-heal|p2a: Heatran|62\/100|[from] Grassy Terrain\n|upkeep\n|turn|7\n|\n|t:|1700914728\n|-terastallize|p1b: Tyranitar|Poison\n|move|p1a: Cresselia|Helping Hand|p1b: Tyranitar\n|-singleturn|p1b: Tyranitar|Helping Hand|[of] p1a: Cresselia\n|move|p2b: Rillaboom|Grassy Glide|p1a: Cresselia\n|-damage|p1a: Cresselia|0 fnt\n|-damage|p2b: Rillaboom|69\/100|[from] item: Rocky Helmet|[of] p1a: Cresselia\n|faint|p1a: Cresselia\n|move|p1b: Tyranitar|Ice Beam|p2a: Heatran\n|-supereffective|p2a: Heatran\n|-damage|p2a: Heatran|0 fnt\n|faint|p2a: Heatran\n|\n|-weather|none\n|-heal|p1b: Tyranitar|69\/100|[from] Grassy Terrain\n|-heal|p2b: Rillaboom|74\/100|[from] Grassy Terrain\n|-fieldend|move: Trick Room\n|-fieldend|move: Grassy Terrain\n|upkeep\n|\n|t:|1700914744\n|switch|p2a: Flutter Mane|Flutter Mane, L50|47\/100\n|switch|p1a: Grimmsnarl|Grimmsnarl, L50, M, shiny|34\/100\n|turn|8\n|\n|t:|1700914757\n|move|p1b: Tyranitar|Protect|p1b: Tyranitar\n|-singleturn|p1b: Tyranitar|Protect\n|move|p1a: Grimmsnarl|Light Screen|p1a: Grimmsnarl\n|-sidestart|p1: Rokhy|move: Light Screen\n|move|p2a: Flutter Mane|Dazzling Gleam|p1a: Grimmsnarl|[spread] p1a\n|-activate|p1b: Tyranitar|move: Protect\n|-supereffective|p1a: Grimmsnarl\n|-damage|p1a: Grimmsnarl|0 fnt\n|faint|p1a: Grimmsnarl\n|move|p2b: Rillaboom|Wood Hammer|p1b: Tyranitar\n|-activate|p1b: Tyranitar|move: Protect\n|\n|upkeep\n|\n|t:|1700914765\n|switch|p1a: Milotic|Milotic, L50, M, shiny|100\/100\n|turn|9\n|\n|t:|1700914771\n|move|p2a: Flutter Mane|Dazzling Gleam|p1a: Milotic|[spread] p1a,p1b\n|-resisted|p1b: Tyranitar\n|-damage|p1a: Milotic|74\/100\n|-damage|p1b: Tyranitar|58\/100\n|move|p1a: Milotic|Icy Wind|p2b: Rillaboom|[spread] p2a,p2b\n|-supereffective|p2b: Rillaboom\n|-damage|p2a: Flutter Mane|36\/100\n|-damage|p2b: Rillaboom|51\/100\n|-unboost|p2a: Flutter Mane|spe|1\n|-unboost|p2b: Rillaboom|spe|1\n|move|p1b: Tyranitar|Ice Beam|p2b: Rillaboom\n|-supereffective|p2b: Rillaboom\n|-damage|p2b: Rillaboom|0 fnt\n|faint|p2b: Rillaboom\n|\n|upkeep\n|turn|10\n|-message|M1dN1GhtJ forfeited.\n|\n|win|Rokhy\n|raw|Rokhy's rating: 1250 &rarr; <strong>1266<\/strong><br \/>(+16 for winning)\n|raw|M1dN1GhtJ's rating: 1118 &rarr; <strong>1102<\/strong><br \/>(-16 for losing)\n|l|\u2606M1dN1GhtJ\n","uploadtime":1700914788,"views":13,"p1id":"rokhy","p2id":"m1dn1ghtj","formatid":"gen9vgc2023regulatione","rating":1102,"private":0,"password":""}