{"id":"gen9vgc2023regulatione-1987975745","p1":"finiro","p2":"legonene","format":"[Gen 9] VGC 2023 Regulation E","log":"|j|\u2606finiro\n|j|\u2606legonene\n|n|\u2606finiro|finiro\n|n|\u2606legonene|legonene\n|html|View the match progress at <a href=\"\/game-bestof3-gen9vgc2023regulatione-1987975744\">game-bestof3-gen9vgc2023regulatione-1987975744<\/a>\n|t:|1699655010\n|gametype|doubles\n|player|p1|finiro|gambler|\n|player|p2|legonene|chili|\n|teamsize|p1|6\n|teamsize|p2|6\n|gen|9\n|tier|[Gen 9] VGC 2023 Regulation E\n|rule|Species Clause: Limit one of each Pok\u00e9mon\n|rule|Item Clause: Limit one of each item\n|clearpoke\n|poke|p1|Ogerpon-Cornerstone, L50, F|\n|poke|p1|Thwackey, L50, M|\n|poke|p1|Clefairy, L50, M|\n|poke|p1|Grimmsnarl, L50, M|\n|poke|p1|Cetitan, L50, F|\n|poke|p1|Volcarona, L50, M|\n|poke|p2|Ogerpon-Wellspring, L50, F|\n|poke|p2|Kingambit, L50, M|\n|poke|p2|Fezandipiti, L50, M|\n|poke|p2|Gothitelle, L50, M|\n|poke|p2|Dragapult, L50, F|\n|poke|p2|Furret, L50, F|\n|teampreview|4\n|c|\u2606legonene|glhf\n|c|\u2606legonene|g1\n|c|\u2606finiro|glhf\nfiniro rejected open team sheets.\n|j| Tuxmux\n|j| kodiedunn\n|\n|t:|1699655126\n|start\n|switch|p1a: Grimmsnarl|Grimmsnarl, L50, M|100\/100\n|switch|p1b: Cetitan|Cetitan, L50, F|100\/100\n|switch|p2a: Fezandipiti|Fezandipiti, L50, M|100\/100\n|switch|p2b: Gothitelle|Gothitelle, L50, M|100\/100\n|turn|1\n|j| FuratBang\n|j| jayballester\n|j| LackieLackey\n|\n|t:|1699655190\n|move|p1b: Cetitan|Protect|p1b: Cetitan\n|-singleturn|p1b: Cetitan|Protect\n|move|p2b: Gothitelle|Fake Out|p1b: Cetitan\n|-activate|p1b: Cetitan|move: Protect\n|move|p1a: Grimmsnarl|Thunder Wave|p2a: Fezandipiti\n|-status|p2a: Fezandipiti|par\n|move|p2a: Fezandipiti|Sludge Bomb|p1a: Grimmsnarl\n|-supereffective|p1a: Grimmsnarl\n|-damage|p1a: Grimmsnarl|43\/100\n|\n|upkeep\n|turn|2\n|j| ryanogiggs11\n|\n|t:|1699655216\n|move|p1a: Grimmsnarl|Parting Shot|p2b: Gothitelle\n|-unboost|p2b: Gothitelle|atk|1\n|-unboost|p2b: Gothitelle|spa|1\n|\n|t:|1699655221\n|switch|p1a: Clefairy|Clefairy, L50, M|100\/100|[from] Parting Shot\n|move|p1b: Cetitan|Stomping Tantrum|p2a: Fezandipiti\n|-supereffective|p2a: Fezandipiti\n|-damage|p2a: Fezandipiti|42\/100 par\n|move|p2a: Fezandipiti|Dazzling Gleam|p1b: Cetitan|[spread] p1a,p1b\n|-damage|p1a: Clefairy|78\/100\n|-damage|p1b: Cetitan|81\/100\n|move|p2b: Gothitelle|Trick Room|p2b: Gothitelle\n|-fieldstart|move: Trick Room|[of] p2b: Gothitelle\n|\n|upkeep\n|turn|3\n|j| Mailman22\n|\n|t:|1699655244\n|move|p1a: Clefairy|Protect|p1a: Clefairy\n|-singleturn|p1a: Clefairy|Protect\n|move|p2a: Fezandipiti|Sludge Bomb|p1a: Clefairy\n|-activate|p1a: Clefairy|move: Protect\n|move|p2b: Gothitelle|Psychic|p1a: Clefairy\n|-activate|p1a: Clefairy|move: Protect\n|move|p1b: Cetitan|Stomping Tantrum|p2a: Fezandipiti\n|-supereffective|p2a: Fezandipiti\n|-damage|p2a: Fezandipiti|0 fnt\n|faint|p2a: Fezandipiti\n|\n|upkeep\n|\n|t:|1699655249\n|switch|p2a: Kingambit|Kingambit, L50, M|100\/100\n|-activate|p2a: Kingambit|ability: Supreme Overlord\n|-start|p2a: Kingambit|fallen1|[silent]\n|turn|4\n|\n|t:|1699655275\n|-terastallize|p2a: Kingambit|Fairy\n|move|p1a: Clefairy|Helping Hand|p1b: Cetitan\n|-singleturn|p1b: Cetitan|Helping Hand|[of] p1a: Clefairy\n|move|p2a: Kingambit|Iron Head|p1a: Clefairy\n|-supereffective|p1a: Clefairy\n|-damage|p1a: Clefairy|3\/100\n|move|p2b: Gothitelle|Psychic|p1b: Cetitan\n|-damage|p1b: Cetitan|66\/100\n|move|p1b: Cetitan|Stomping Tantrum|p2a: Kingambit\n|-damage|p2a: Kingambit|71\/100\n|\n|upkeep\n|turn|5\n|\n|t:|1699655299\n|move|p1b: Cetitan|Protect|p1b: Cetitan\n|-singleturn|p1b: Cetitan|Protect\n|move|p1a: Clefairy|Follow Me|p1a: Clefairy\n|-singleturn|p1a: Clefairy|move: Follow Me\n|move|p2a: Kingambit|Swords Dance|p2a: Kingambit\n|-boost|p2a: Kingambit|atk|2\n|-enditem|p1b: Cetitan|Mirror Herb\n|-boost|p1b: Cetitan|atk|2|[from] item: Mirror Herb\n|move|p2b: Gothitelle|Psychic|p1a: Clefairy\n|-damage|p1a: Clefairy|0 fnt\n|faint|p1a: Clefairy\n|\n|upkeep\n|\n|t:|1699655310\n|switch|p1a: Grimmsnarl|Grimmsnarl, L50, M|43\/100\n|turn|6\n|\n|t:|1699655379\n|switch|p2b: Ogerpon|Ogerpon-Wellspring, L50, F|100\/100\n|move|p1a: Grimmsnarl|Reflect|p1a: Grimmsnarl\n|-sidestart|p1: finiro|Reflect\n|move|p2a: Kingambit|Iron Head|p1a: Grimmsnarl\n|-supereffective|p1a: Grimmsnarl\n|-enditem|p1a: Grimmsnarl|Babiri Berry|[eat]\n|-enditem|p1a: Grimmsnarl|Babiri Berry|[weaken]\n|-damage|p1a: Grimmsnarl|0 fnt\n|faint|p1a: Grimmsnarl\n|move|p1b: Cetitan|Play Rough|p2a: Kingambit|[miss]\n|-miss|p1b: Cetitan|p2a: Kingambit\n|\n|-fieldend|move: Trick Room\n|upkeep\n|\n|t:|1699655391\n|switch|p1a: Volcarona|Volcarona, L50, M|100\/100\n|turn|7\n|\n|t:|1699655479\n|-terastallize|p1a: Volcarona|Fairy\n|move|p2a: Kingambit|Sucker Punch|p1b: Cetitan\n|-damage|p1b: Cetitan|0 fnt\n|faint|p1b: Cetitan\n|move|p2b: Ogerpon|Ivy Cudgel|p1a: Volcarona\n|-crit|p1a: Volcarona\n|-damage|p1a: Volcarona|0 fnt\n|faint|p1a: Volcarona\n|\n|win|legonene\n|c|\u2606legonene|gg\n|inactive|finiro has 50 seconds to confirm battle start!\n|inactive|legonene has 50 seconds to confirm battle start!\n|c|\u2606finiro|gg\n|c|&|\/uhtml prompt-finiro,finiro is ready for game 2!\n|c|&|\/uhtml prompt-legonene,legonene is ready for game 2!\nBoth players are ready! Starting next match!\n|j| Jstardude\n|l| jayballester\n|l| LackieLackey\n","uploadtime":1699656161,"views":34,"p1id":"finiro","p2id":"legonene","formatid":"gen9vgc2023regulatione","rating":0,"private":0,"password":""}