{"id":"gen9vgc2023regulatione-1992224363","p1":"TestJay","p2":"Rainydayrobber521","format":"[Gen 9] VGC 2023 Regulation E","log":"|j|\u2606TestJay\n|j|\u2606Rainydayrobber521\n|t:|1700165374\n|gametype|doubles\n|player|p1|TestJay|266|1323\n|player|p2|Rainydayrobber521|burglar|1224\n|teamsize|p1|6\n|teamsize|p2|6\n|gen|9\n|tier|[Gen 9] VGC 2023 Regulation E\n|rated|\n|rule|Species Clause: Limit one of each Pok\u00e9mon\n|rule|Item Clause: Limit one of each item\n|clearpoke\n|poke|p1|Dusclops, L50, M|\n|poke|p1|Ursaluna-Bloodmoon, L50, M|\n|poke|p1|Kommo-o, L50, F|\n|poke|p1|Landorus-Therian, L50, M|\n|poke|p1|Iron Hands, L50|\n|poke|p1|Sinistcha-Masterpiece, L50|\n|poke|p2|Grimmsnarl, L50, M|\n|poke|p2|Farigiraf, L50, F|\n|poke|p2|Mamoswine, L50, M|\n|poke|p2|Basculegion-F, L50, F|\n|poke|p2|Torkoal, L50, F|\n|poke|p2|Sinistcha, L50|\n|teampreview|4\n|c|\u2606TestJay|gl hf\n|inactive|Battle timer is ON: inactive players will automatically lose when time's up. (requested by Rainydayrobber521)\n|\n|t:|1700165431\n|start\n|switch|p1a: Dusclops|Dusclops, L50, M, shiny|100\/100\n|switch|p1b: Iron Hands|Iron Hands, L50|100\/100\n|switch|p2a: Basculegion|Basculegion-F, L50, F|100\/100\n|switch|p2b: Mamoswine|Mamoswine, L50, M|100\/100\n|-ability|p1a: Dusclops|Pressure\n|turn|1\n|c|\u2606Rainydayrobber521|Ty u2\n|c|\u2606TestJay|ty!\n|\n|t:|1700165452\n|move|p1b: Iron Hands|Fake Out|p2b: Mamoswine\n|-damage|p2b: Mamoswine|82\/100\n|move|p2a: Basculegion|Flip Turn|p1b: Iron Hands\n|-damage|p1b: Iron Hands|80\/100\n|\n|t:|1700165458\n|switch|p2a: Sinistcha|Sinistcha, L50|100\/100|[from] Flip Turn\n|-heal|p2b: Mamoswine|100\/100|[from] ability: Hospitality|[of] p2a: Sinistcha\n|cant|p2b: Mamoswine|flinch\n|move|p1a: Dusclops|Trick Room|p1a: Dusclops\n|-fieldstart|move: Trick Room|[of] p1a: Dusclops\n|\n|upkeep\n|turn|2\n|\n|t:|1700165478\n|-end|p1b: Iron Hands|Quark Drive|[silent]\n|switch|p1b: Ursaluna|Ursaluna-Bloodmoon, L50, M|100\/100\n|move|p1a: Dusclops|Brick Break|p1b: Ursaluna\n|-supereffective|p1b: Ursaluna\n|-damage|p1b: Ursaluna|80\/100\n|-enditem|p1b: Ursaluna|Weakness Policy\n|-boost|p1b: Ursaluna|atk|2|[from] item: Weakness Policy\n|-boost|p1b: Ursaluna|spa|2|[from] item: Weakness Policy\n|move|p2a: Sinistcha|Matcha Gotcha|p1b: Ursaluna|[spread] p1b\n|-miss|p2a: Sinistcha|p1a: Dusclops\n|-supereffective|p1b: Ursaluna\n|-damage|p1b: Ursaluna|10\/100\n|move|p2b: Mamoswine|High Horsepower|p1b: Ursaluna\n|-damage|p1b: Ursaluna|0 fnt\n|faint|p1b: Ursaluna\n|\n|upkeep\n|\n|t:|1700165490\n|switch|p1b: Iron Hands|Iron Hands, L50|80\/100\n|turn|3\n|\n|t:|1700165511\n|-terastallize|p1b: Iron Hands|Grass\n|move|p1a: Dusclops|Night Shade|p2a: Sinistcha\n|-damage|p2a: Sinistcha|72\/100\n|move|p1b: Iron Hands|Drain Punch|p2b: Mamoswine\n|-supereffective|p2b: Mamoswine\n|-damage|p2b: Mamoswine|0 fnt\n|-heal|p1b: Iron Hands|100\/100|[from] drain|[of] p2b: Mamoswine\n|faint|p2b: Mamoswine\n|move|p2a: Sinistcha|Matcha Gotcha|p1b: Iron Hands|[spread] p1a,p1b\n|-resisted|p1b: Iron Hands\n|-damage|p1a: Dusclops|79\/100\n|-heal|p2a: Sinistcha|81\/100|[from] drain|[of] p1a: Dusclops\n|-damage|p1b: Iron Hands|90\/100\n|-heal|p2a: Sinistcha|89\/100|[from] drain|[of] p1b: Iron Hands\n|\n|-heal|p2a: Sinistcha|95\/100|[from] item: Leftovers\n|upkeep\n|\n|t:|1700165530\n|switch|p2b: Bartender|Grimmsnarl, L50, M|100\/100\n|turn|4\n|\n|t:|1700165543\n|move|p2b: Bartender|Fake Out|p1b: Iron Hands\n|-damage|p1b: Iron Hands|81\/100\n|move|p1a: Dusclops|Night Shade|p2a: Sinistcha\n|-damage|p2a: Sinistcha|67\/100\n|cant|p1b: Iron Hands|flinch\n|move|p2a: Sinistcha|Matcha Gotcha|p1a: Dusclops|[spread] p1a,p1b\n|-resisted|p1b: Iron Hands\n|-damage|p1a: Dusclops|61\/100\n|-heal|p2a: Sinistcha|75\/100|[from] drain|[of] p1a: Dusclops\n|-damage|p1b: Iron Hands|70\/100\n|-heal|p2a: Sinistcha|83\/100|[from] drain|[of] p1b: Iron Hands\n|\n|-heal|p2a: Sinistcha|89\/100|[from] item: Leftovers\n|upkeep\n|turn|5\n|\n|t:|1700165565\n|move|p2b: Bartender|Parting Shot|p1b: Iron Hands\n|-unboost|p1b: Iron Hands|atk|1\n|-unboost|p1b: Iron Hands|spa|1\n|\n|t:|1700165568\n|switch|p2b: Basculegion|Basculegion-F, L50, F|100\/100|[from] Parting Shot\n|move|p1a: Dusclops|Night Shade|p2a: Sinistcha\n|-damage|p2a: Sinistcha|61\/100\n|move|p1b: Iron Hands|Heavy Slam|p2a: Sinistcha\n|-damage|p2a: Sinistcha|32\/100\n|move|p2a: Sinistcha|Matcha Gotcha|p1b: Iron Hands|[spread] p1b\n|-miss|p2a: Sinistcha|p1a: Dusclops\n|-resisted|p1b: Iron Hands\n|-damage|p1b: Iron Hands|60\/100\n|-heal|p2a: Sinistcha|39\/100|[from] drain|[of] p1b: Iron Hands\n|\n|-heal|p2a: Sinistcha|45\/100|[from] item: Leftovers\n|-fieldend|move: Trick Room\n|upkeep\n|turn|6\n|inactive|Rainydayrobber521 has 30 seconds left.\n|\n|t:|1700165594\n|-end|p1b: Iron Hands|Quark Drive|[silent]\n|switch|p1b: Sinistcha|Sinistcha-Masterpiece, L50|100\/100\n|-heal|p1a: Dusclops|86\/100|[from] ability: Hospitality|[of] p1b: Sinistcha\n|move|p2a: Sinistcha|Rage Powder|p2a: Sinistcha\n|-singleturn|p2a: Sinistcha|move: Rage Powder\n|move|p2b: Basculegion|Last Respects|p1b: Sinistcha\n|-supereffective|p1b: Sinistcha\n|-damage|p1b: Sinistcha|2\/100\n|move|p1a: Dusclops|Trick Room|p1a: Dusclops\n|-fieldstart|move: Trick Room|[of] p1a: Dusclops\n|\n|-heal|p2a: Sinistcha|52\/100|[from] item: Leftovers\n|upkeep\n|turn|7\n|\n|t:|1700165609\n|switch|p2b: Bartender|Grimmsnarl, L50, M|100\/100\n|move|p1a: Dusclops|Night Shade|p2a: Sinistcha\n|-damage|p2a: Sinistcha|24\/100\n|move|p1b: Sinistcha|Matcha Gotcha|p2a: Sinistcha|[spread] p2a,p2b\n|-resisted|p2a: Sinistcha\n|-damage|p2a: Sinistcha|10\/100\n|-heal|p1b: Sinistcha|8\/100|[from] drain|[of] p2a: Sinistcha\n|-damage|p2b: Bartender|73\/100\n|-heal|p1b: Sinistcha|24\/100|[from] drain|[of] p2b: Bartender\n|-status|p2b: Bartender|brn\n|-enditem|p2b: Bartender|Lum Berry|[eat]\n|-curestatus|p2b: Bartender|brn|[msg]\n|move|p2a: Sinistcha|Matcha Gotcha|p1a: Dusclops|[spread] p1a,p1b\n|-resisted|p1b: Sinistcha\n|-damage|p1a: Dusclops|67\/100\n|-heal|p2a: Sinistcha|18\/100|[from] drain|[of] p1a: Dusclops\n|-damage|p1b: Sinistcha|7\/100\n|-heal|p2a: Sinistcha|26\/100|[from] drain|[of] p1b: Sinistcha\n|\n|-heal|p2a: Sinistcha|33\/100|[from] item: Leftovers\n|upkeep\n|turn|8\n|inactive|Rainydayrobber521 has 30 seconds left.\n|\n|t:|1700165636\n|move|p2b: Bartender|Light Screen|p2b: Bartender\n|-sidestart|p2: Rainydayrobber521|move: Light Screen\n|move|p1a: Dusclops|Night Shade|p2a: Sinistcha\n|-damage|p2a: Sinistcha|4\/100\n|move|p1b: Sinistcha|Matcha Gotcha|p2b: Bartender|[spread] p2a,p2b\n|-resisted|p2a: Sinistcha\n|-damage|p2a: Sinistcha|0 fnt\n|-heal|p1b: Sinistcha|9\/100|[from] drain|[of] p2a: Sinistcha\n|-damage|p2b: Bartender|56\/100\n|-heal|p1b: Sinistcha|19\/100|[from] drain|[of] p2b: Bartender\n|-status|p2b: Bartender|brn\n|faint|p2a: Sinistcha\n|\n|-damage|p2b: Bartender|50\/100 brn|[from] brn\n|upkeep\n|\n|t:|1700165649\n|switch|p2a: Basculegion|Basculegion-F, L50, F|100\/100\n|turn|9\n|\n|t:|1700165660\n|move|p1a: Dusclops|Night Shade|p2b: Bartender\n|-damage|p2b: Bartender|26\/100 brn\n|move|p1b: Sinistcha|Matcha Gotcha|p2a: Basculegion|[spread] p2a,p2b\n|-supereffective|p2a: Basculegion\n|-damage|p2a: Basculegion|66\/100\n|-heal|p1b: Sinistcha|38\/100|[from] drain|[of] p2a: Basculegion\n|-damage|p2b: Bartender|6\/100 brn\n|-heal|p1b: Sinistcha|49\/100|[from] drain|[of] p2b: Bartender\n|-status|p2a: Basculegion|brn\n|move|p2b: Bartender|Spirit Break|p1b: Sinistcha\n|-damage|p1b: Sinistcha|33\/100\n|-unboost|p1b: Sinistcha|spa|1\n|move|p2a: Basculegion|Last Respects|p1b: Sinistcha\n|-supereffective|p1b: Sinistcha\n|-damage|p1b: Sinistcha|0 fnt\n|faint|p1b: Sinistcha\n|\n|-damage|p2b: Bartender|0 fnt|[from] brn\n|faint|p2b: Bartender\n|-damage|p2a: Basculegion|59\/100 brn|[from] brn\n|upkeep\n|\n|t:|1700165667\n|switch|p1b: Iron Hands|Iron Hands, L50, tera:Grass|60\/100\n|turn|10\n|\n|t:|1700165680\n|move|p1a: Dusclops|Helping Hand|p1b: Iron Hands\n|-singleturn|p1b: Iron Hands|Helping Hand|[of] p1a: Dusclops\n|move|p1b: Iron Hands|Wild Charge|p2a: Basculegion\n|-supereffective|p2a: Basculegion\n|-damage|p2a: Basculegion|0 fnt\n|faint|p2a: Basculegion\n|-damage|p1b: Iron Hands|49\/100|[from] Recoil\n|\n|win|TestJay\n|raw|TestJay's rating: 1323 &rarr; <strong>1337<\/strong><br \/>(+14 for winning)\n|raw|Rainydayrobber521's rating: 1224 &rarr; <strong>1206<\/strong><br \/>(-18 for losing)\n|c|\u2606TestJay|gg\n|c|\u2606Rainydayrobber521|Gg wp\n|c|\u2606TestJay|ty!\n|l|\u2606Rainydayrobber521\n","uploadtime":1700165718,"views":16,"p1id":"testjay","p2id":"rainydayrobber521","formatid":"gen9vgc2023regulatione","rating":1206,"private":0,"password":""}