{"id":"gen9vgc2023regulatione-2000379927","p1":"Joull","p2":"Blastwalker","format":"[Gen 9] VGC 2023 Regulation E","log":"|j|\u2606Joull\n|j|\u2606Blastwalker\n|t:|1701189922\n|gametype|doubles\n|player|p1|Joull|psychic-gen2|1194\n|player|p2|Blastwalker|koga|1107\n|teamsize|p1|6\n|teamsize|p2|6\n|gen|9\n|tier|[Gen 9] VGC 2023 Regulation E\n|rated|\n|rule|Species Clause: Limit one of each Pok\u00e9mon\n|rule|Item Clause: Limit one of each item\n|clearpoke\n|poke|p1|Arcanine-Hisui, L50, M|\n|poke|p1|Rillaboom, L50, M|\n|poke|p1|Flutter Mane, L50|\n|poke|p1|Urshifu-*, L50, M|\n|poke|p1|Grimmsnarl, L50, M|\n|poke|p1|Chien-Pao, L50|\n|poke|p2|Indeedee-F, L50, F|\n|poke|p2|Typhlosion-Hisui, L50, M|\n|poke|p2|Torkoal, L50, M|\n|poke|p2|Tornadus, L50, M|\n|poke|p2|Charizard, L50, M|\n|poke|p2|Armarouge, L50, M|\n|teampreview|4\nJoull rejected open team sheets.\n|inactive|Battle timer is ON: inactive players will automatically lose when time's up. (requested by Blastwalker)\n|\n|t:|1701189984\n|start\n|switch|p1a: Pup|Arcanine-Hisui, L50, M|100\/100\n|switch|p1b: Gob|Grimmsnarl, L50, M, shiny|100\/100\n|switch|p2a: Torkoal|Torkoal, L50, M, shiny|100\/100\n|switch|p2b: Charizard|Charizard, L50, M, shiny|100\/100\n|-ability|p1a: Pup|Intimidate|boost\n|-unboost|p2a: Torkoal|atk|1\n|-unboost|p2b: Charizard|atk|1\n|-weather|SunnyDay|[from] ability: Drought|[of] p2a: Torkoal\n|turn|1\n|\n|t:|1701190006\n|move|p2a: Torkoal|Helping Hand|p2b: Charizard\n|-singleturn|p2b: Charizard|Helping Hand|[of] p2a: Torkoal\n|move|p1b: Gob|Thunder Wave|p2b: Charizard\n|-status|p2b: Charizard|par\n|move|p1a: Pup|Rock Slide|p2b: Charizard|[spread] p2a,p2b\n|-supereffective|p2a: Torkoal\n|-supereffective|p2b: Charizard\n|-damage|p2a: Torkoal|65\/100\n|-damage|p2b: Charizard|0 fnt\n|faint|p2b: Charizard\n|\n|-weather|SunnyDay|[upkeep]\n|upkeep\n|\n|t:|1701190020\n|switch|p2b: Armarouge|Armarouge, L50, M, shiny|100\/100\n|turn|2\n|\n|t:|1701190031\n|switch|p2a: Indeedee|Indeedee-F, L50, F|100\/100\n|-fieldstart|move: Psychic Terrain|[from] ability: Psychic Surge|[of] p2a: Indeedee\n|-terastallize|p2b: Armarouge|Grass\n|move|p1b: Gob|Light Screen|p1b: Gob\n|-sidestart|p1: Joull|move: Light Screen\n|move|p2b: Armarouge|Expanding Force|p1a: Pup|[spread] p1a\n|-immune|p1b: Gob\n|-damage|p1a: Pup|46\/100\n|-enditem|p1a: Pup|Sitrus Berry|[eat]\n|-heal|p1a: Pup|71\/100|[from] item: Sitrus Berry\n|-damage|p2b: Armarouge|90\/100|[from] item: Life Orb\n|move|p1a: Pup|Rock Slide|p2a: Indeedee|[spread] p2a,p2b\n|-damage|p2a: Indeedee|57\/100\n|-damage|p2b: Armarouge|60\/100\n|-ability|p2b: Armarouge|Weak Armor|boost\n|-unboost|p2b: Armarouge|def|1\n|-boost|p2b: Armarouge|spe|2\n|\n|-weather|SunnyDay|[upkeep]\n|upkeep\n|turn|3\n|inactive|Joull has 30 seconds left.\n|inactive|Blastwalker has 30 seconds left.\n|\n|t:|1701190064\n|switch|p1a: Tooth|Chien-Pao, L50|100\/100\n|-ability|p1a: Tooth|Sword of Ruin\n|move|p2a: Indeedee|Fake Out|p1a: Tooth\n|-activate|p1a: Tooth|move: Psychic Terrain\n|move|p1b: Gob|Reflect|p1b: Gob\n|-sidestart|p1: Joull|Reflect\n|move|p2b: Armarouge|Expanding Force|p1b: Gob|[spread] \n|-immune|p1a: Tooth\n|-immune|p1b: Gob\n|\n|-weather|SunnyDay|[upkeep]\n|upkeep\n|turn|4\n|\n|t:|1701190087\n|switch|p1b: Pup|Arcanine-Hisui, L50, M|71\/100\n|-ability|p1b: Pup|Intimidate|boost\n|-unboost|p2a: Indeedee|atk|1\n|-unboost|p2b: Armarouge|atk|1\n|move|p2b: Armarouge|Weather Ball|p1a: Tooth\n|-supereffective|p1a: Tooth\n|-enditem|p1a: Tooth|Focus Sash\n|-damage|p1a: Tooth|1\/100\n|-damage|p2b: Armarouge|50\/100|[from] item: Life Orb\n|move|p1a: Tooth|Icicle Crash|p2b: Armarouge\n|-supereffective|p2b: Armarouge\n|-crit|p2b: Armarouge\n|-damage|p2b: Armarouge|0 fnt\n|faint|p2b: Armarouge\n|move|p2a: Indeedee|Heal Pulse|p2: Armarouge|[notarget]\n|-fail|p2a: Indeedee\n|\n|-weather|SunnyDay|[upkeep]\n|upkeep\n|\n|t:|1701190102\n|switch|p2b: Torkoal|Torkoal, L50, M, shiny|65\/100\n|turn|5\n|\n|t:|1701190109\n|move|p2a: Indeedee|Follow Me|p2a: Indeedee\n|-singleturn|p2a: Indeedee|move: Follow Me\n|move|p1a: Tooth|Lash Out|p2a: Indeedee\n|-supereffective|p2a: Indeedee\n|-damage|p2a: Indeedee|0 fnt\n|-damage|p1a: Tooth|0 fnt|[from] item: Rocky Helmet|[of] p2a: Indeedee\n|faint|p2a: Indeedee\n|faint|p1a: Tooth\n|move|p1b: Pup|Rock Slide|p2b: Torkoal\n|-supereffective|p2b: Torkoal\n|-damage|p2b: Torkoal|20\/100\n|move|p2b: Torkoal|Heat Wave|p1b: Pup\n|-resisted|p1b: Pup\n|-damage|p1b: Pup|64\/100\n|\n|-weather|none\n|upkeep\n|-message|Blastwalker forfeited.\n|\n|win|Joull\n|raw|Joull's rating: 1194 &rarr; <strong>1213<\/strong><br \/>(+19 for winning)\n|raw|Blastwalker's rating: 1107 &rarr; <strong>1088<\/strong><br \/>(-19 for losing)\n|l|\u2606Blastwalker\n","uploadtime":1701190324,"views":2,"p1id":"joull","p2id":"blastwalker","formatid":"gen9vgc2023regulatione","rating":1088,"private":0,"password":""}