{"id":"gen9vgc2023regulatione-1993753219","p1":"sorcerer_rs_3","p2":"Dannyzzin","format":"[Gen 9] VGC 2023 Regulation E","log":"|j|\u2606sorcerer_rs_3\n|j|\u2606Dannyzzin\n|t:|1700353158\n|gametype|doubles\n|player|p1|sorcerer_rs_3|1|\n|player|p2|Dannyzzin|265|\n|teamsize|p1|6\n|teamsize|p2|6\n|gen|9\n|tier|[Gen 9] VGC 2023 Regulation E\n|rule|Species Clause: Limit one of each Pok\u00e9mon\n|rule|Item Clause: Limit one of each item\n|clearpoke\n|poke|p1|Iron Hands, L50|\n|poke|p1|Flutter Mane, L50|\n|poke|p1|Chien-Pao, L50|\n|poke|p1|Amoonguss, L50, M|\n|poke|p1|Urshifu-*, L50, M|\n|poke|p1|Dragonite, L50, M|\n|poke|p2|Torkoal, L50, M|\n|poke|p2|Flutter Mane, L50|\n|poke|p2|Indeedee-F, L50, F|\n|poke|p2|Chi-Yu, L50|\n|poke|p2|Urshifu-*, L50, F|\n|poke|p2|Dragapult, L50, F|\n|teampreview|4\nDannyzzin has agreed to open team sheets.\n|\n|t:|1700353227\n|start\n|switch|p1a: Chien-Pao|Chien-Pao, L50|100\/100\n|switch|p1b: Dragonite|Dragonite, L50, M|100\/100\n|switch|p2a: Torkoal|Torkoal, L50, M, shiny|100\/100\n|switch|p2b: Flutter Mane|Flutter Mane, L50, shiny|100\/100\n|-ability|p1a: Chien-Pao|Sword of Ruin\n|-weather|SunnyDay|[from] ability: Drought|[of] p2a: Torkoal\n|-activate|p2b: Flutter Mane|ability: Protosynthesis\n|-start|p2b: Flutter Mane|protosynthesisspa\n|turn|1\n|\n|t:|1700353247\n|-terastallize|p2b: Flutter Mane|Fairy\n|-terastallize|p1b: Dragonite|Normal\n|move|p2a: Torkoal|Helping Hand|p2b: Flutter Mane\n|-singleturn|p2b: Flutter Mane|Helping Hand|[of] p2a: Torkoal\n|move|p1a: Chien-Pao|Protect|p1a: Chien-Pao\n|-singleturn|p1a: Chien-Pao|Protect\n|move|p2b: Flutter Mane|Dazzling Gleam|p1b: Dragonite|[spread] p1b\n|-activate|p1a: Chien-Pao|move: Protect\n|-crit|p1b: Dragonite\n|-damage|p1b: Dragonite|0 fnt\n|faint|p1b: Dragonite\n|\n|-weather|SunnyDay|[upkeep]\n|upkeep\n|c|\u2606Dannyzzin|UHASUHASUHUHASAS\n|c|\u2606Dannyzzin|pqp\n|\n|t:|1700353272\n|switch|p1b: Urshifu|Urshifu-Rapid-Strike, L50, M|100\/100\n|turn|2\n|\n|t:|1700353295\n|-end|p2b: Flutter Mane|Protosynthesis|[silent]\n|switch|p2b: Dragapult|Dragapult, L50, F|100\/100\n|move|p1a: Chien-Pao|Sucker Punch||[still]\n|-fail|p1a: Chien-Pao\n|move|p1b: Urshifu|Surging Strikes|p2b: Dragapult\n|-resisted|p2b: Dragapult\n|-crit|p2b: Dragapult\n|-damage|p2b: Dragapult|92\/100\n|-resisted|p2b: Dragapult\n|-crit|p2b: Dragapult\n|-damage|p2b: Dragapult|83\/100\n|-resisted|p2b: Dragapult\n|-crit|p2b: Dragapult\n|-damage|p2b: Dragapult|75\/100\n|-hitcount|p2b: Dragapult|3\n|move|p2a: Torkoal|Overheat|p1a: Chien-Pao\n|-supereffective|p1a: Chien-Pao\n|-enditem|p1a: Chien-Pao|Focus Sash\n|-damage|p1a: Chien-Pao|1\/100\n|-unboost|p2a: Torkoal|spa|2\n|-enditem|p2a: Torkoal|Eject Pack\n|\n|t:|1700353313\n|switch|p2a: Urshifu|Urshifu-Rapid-Strike, L50, F|100\/100\n|\n|-weather|SunnyDay|[upkeep]\n|upkeep\n|turn|3\n|\n|t:|1700353333\n|move|p1a: Chien-Pao|Sucker Punch|p2b: Dragapult\n|-supereffective|p2b: Dragapult\n|-damage|p2b: Dragapult|0 fnt\n|faint|p2b: Dragapult\n|move|p2a: Urshifu|U-turn|p1a: Chien-Pao\n|-supereffective|p1a: Chien-Pao\n|-damage|p1a: Chien-Pao|0 fnt\n|faint|p1a: Chien-Pao\n|\n|t:|1700353348\n|switch|p2a: Flutter Mane|Flutter Mane, L50, shiny, tera:Fairy|100\/100|[from] U-turn\n|-activate|p2a: Flutter Mane|ability: Protosynthesis\n|-start|p2a: Flutter Mane|protosynthesisspa\n|move|p1b: Urshifu|Surging Strikes|p2a: Flutter Mane\n|-crit|p2a: Flutter Mane\n|-damage|p2a: Flutter Mane|80\/100\n|-crit|p2a: Flutter Mane\n|-damage|p2a: Flutter Mane|59\/100\n|-crit|p2a: Flutter Mane\n|-damage|p2a: Flutter Mane|35\/100\n|-hitcount|p2a: Flutter Mane|3\n|\n|-weather|SunnyDay|[upkeep]\n|upkeep\n|\n|t:|1700353363\n|switch|p2b: Urshifu|Urshifu-Rapid-Strike, L50, F|100\/100\n|switch|p1a: Flutter Mane|Flutter Mane, L50|100\/100\n|-activate|p1a: Flutter Mane|ability: Protosynthesis\n|-start|p1a: Flutter Mane|protosynthesisspa\n|turn|4\n|\n|t:|1700353406\n|move|p2b: Urshifu|Surging Strikes|p1a: Flutter Mane\n|-crit|p1a: Flutter Mane\n|-damage|p1a: Flutter Mane|87\/100\n|-crit|p1a: Flutter Mane\n|-damage|p1a: Flutter Mane|72\/100\n|-crit|p1a: Flutter Mane\n|-damage|p1a: Flutter Mane|58\/100\n|-hitcount|p1a: Flutter Mane|3\n|move|p1b: Urshifu|Surging Strikes|p2a: Flutter Mane\n|-crit|p2a: Flutter Mane\n|-damage|p2a: Flutter Mane|14\/100\n|-crit|p2a: Flutter Mane\n|-damage|p2a: Flutter Mane|0 fnt\n|faint|p2a: Flutter Mane\n|-end|p2a: Flutter Mane|Protosynthesis|[silent]\n|-hitcount|p2: Flutter Mane|2\n|move|p1a: Flutter Mane|Moonblast|p2b: Urshifu\n|-supereffective|p2b: Urshifu\n|-damage|p2b: Urshifu|0 fnt\n|faint|p2b: Urshifu\n|\n|-weather|SunnyDay|[upkeep]\n|upkeep\n|\n|t:|1700353424\n|switch|p2b: Torkoal|Torkoal, L50, M, shiny|100\/100\n|turn|5\n|\n|t:|1700353433\n|move|p1b: Urshifu|Surging Strikes|p2b: Torkoal\n|-supereffective|p2b: Torkoal\n|-crit|p2b: Torkoal\n|-damage|p2b: Torkoal|86\/100\n|-supereffective|p2b: Torkoal\n|-crit|p2b: Torkoal\n|-damage|p2b: Torkoal|71\/100\n|-supereffective|p2b: Torkoal\n|-crit|p2b: Torkoal\n|-damage|p2b: Torkoal|54\/100\n|-hitcount|p2b: Torkoal|3\n|move|p1a: Flutter Mane|Moonblast|p2b: Torkoal\n|-resisted|p2b: Torkoal\n|-damage|p2b: Torkoal|0 fnt\n|faint|p2b: Torkoal\n|\n|win|sorcerer_rs_3\n","uploadtime":1700353448,"views":17,"p1id":"sorcererrs3","p2id":"dannyzzin","formatid":"gen9vgc2023regulatione","rating":0,"private":0,"password":""}