{"id":"gen9vgc2023regulatione-1989676358","p1":"BlindMagneton","p2":"beo182","format":"[Gen 9] VGC 2023 Regulation E","log":"|j|\u2606BlindMagneton\n|j|\u2606beo182\n|t:|1699885865\n|gametype|doubles\n|player|p1|BlindMagneton|wattson|1349\n|player|p2|beo182|170|1290\n|teamsize|p1|6\n|teamsize|p2|6\n|gen|9\n|tier|[Gen 9] VGC 2023 Regulation E\n|rated|\n|rule|Species Clause: Limit one of each Pok\u00e9mon\n|rule|Item Clause: Limit one of each item\n|clearpoke\n|poke|p1|Kingambit, L50, M|\n|poke|p1|Magnezone, L50|\n|poke|p1|Farigiraf, L50, F|\n|poke|p1|Indeedee-F, L50, F|\n|poke|p1|Pelipper, L50, F|\n|poke|p1|Ogerpon-Wellspring, L50, F|\n|poke|p2|Ogerpon-Wellspring, L50, F|\n|poke|p2|Ninetales-Alola, L50, F|\n|poke|p2|Annihilape, L50, M|\n|poke|p2|Landorus-Therian, L50, M|\n|poke|p2|Iron Hands, L50|\n|poke|p2|Heatran, L50, M|\n|teampreview|4\n|\n|t:|1699885920\n|start\n|switch|p1a: Kingambit|Kingambit, L50, M|100\/100\n|switch|p1b: Magnezone|Magnezone, L50|100\/100\n|switch|p2a: Annihilape|Annihilape, L50, M, shiny|100\/100\n|switch|p2b: Ogerpon|Ogerpon-Wellspring, L50, F|100\/100\n|turn|1\n|\n|t:|1699885947\n|switch|p2b: Ninetales|Ninetales-Alola, L50, F|100\/100\n|-weather|Snow|[from] ability: Snow Warning|[of] p2b: Ninetales\n|move|p2a: Annihilape|Drain Punch|p1a: Kingambit\n|-supereffective|p1a: Kingambit\n|-damage|p1a: Kingambit|2\/100\n|move|p1b: Magnezone|Iron Defense|p1b: Magnezone\n|-boost|p1b: Magnezone|def|2\n|move|p1a: Kingambit|Kowtow Cleave|p2b: Ninetales\n|-resisted|p2b: Ninetales\n|-damage|p2b: Ninetales|81\/100\n|\n|-weather|Snow|[upkeep]\n|upkeep\n|turn|2\n|\n|t:|1699885984\n|switch|p1a: Pelipper|Pelipper, L50, F|100\/100\n|-weather|RainDance|[from] ability: Drizzle|[of] p1a: Pelipper\n|move|p2b: Ninetales|Icy Wind|p1a: Pelipper|[spread] p1a,p1b\n|-resisted|p1b: Magnezone\n|-damage|p1a: Pelipper|80\/100\n|-damage|p1b: Magnezone|94\/100\n|-unboost|p1a: Pelipper|spe|1\n|-unboost|p1b: Magnezone|spe|1\n|move|p2a: Annihilape|Bulk Up|p2a: Annihilape\n|-boost|p2a: Annihilape|atk|1\n|-boost|p2a: Annihilape|def|1\n|move|p1b: Magnezone|Thunder|p2b: Ninetales\n|-damage|p2b: Ninetales|22\/100\n|-status|p2b: Ninetales|par\n|\n|-weather|RainDance|[upkeep]\n|-heal|p1b: Magnezone|100\/100|[from] item: Leftovers\n|upkeep\n|turn|3\n|\n|t:|1699886016\n|switch|p2b: Heatran|Heatran, L50, M|100\/100\n|switch|p1a: Ogerpon|Ogerpon-Wellspring, L50, F|100\/100\n|move|p2a: Annihilape|Protect|p2a: Annihilape\n|-singleturn|p2a: Annihilape|Protect\n|move|p1b: Magnezone|Iron Defense|p1b: Magnezone\n|-boost|p1b: Magnezone|def|2\n|\n|-weather|RainDance|[upkeep]\n|upkeep\n|turn|4\n|\n|t:|1699886054\n|switch|p2b: Ninetales|Ninetales-Alola, L50, F|22\/100 par\n|-weather|Snow|[from] ability: Snow Warning|[of] p2b: Ninetales\n|move|p1b: Magnezone|Protect|p1b: Magnezone\n|-singleturn|p1b: Magnezone|Protect\n|move|p1a: Ogerpon|Encore|p2a: Annihilape\n|-start|p2a: Annihilape|Encore\n|move|p2a: Annihilape|Protect||[still]\n|-fail|p2a: Annihilape\n|\n|-weather|Snow|[upkeep]\n|upkeep\n|turn|5\n|\n|t:|1699886093\n|switch|p2a: Heatran|Heatran, L50, M|100\/100\n|move|p1a: Ogerpon|Ivy Cudgel|p2b: Ninetales\n|-damage|p2b: Ninetales|0 fnt\n|faint|p2b: Ninetales\n|move|p1b: Magnezone|Body Press|p2a: Heatran\n|-supereffective|p2a: Heatran\n|-damage|p2a: Heatran|0 fnt\n|faint|p2a: Heatran\n|\n|-weather|Snow|[upkeep]\n|upkeep\n|\n|t:|1699886105\n|switch|p2b: Annihilape|Annihilape, L50, M, shiny|100\/100\n|switch|p2a: Ogerpon|Ogerpon-Wellspring, L50, F|100\/100\n|turn|6\n|\n|t:|1699886133\n|move|p1a: Ogerpon|Spiky Shield|p1a: Ogerpon\n|-singleturn|p1a: Ogerpon|move: Protect\n|move|p2a: Ogerpon|Spiky Shield|p2a: Ogerpon\n|-singleturn|p2a: Ogerpon|move: Protect\n|move|p2b: Annihilape|Drain Punch|p1b: Magnezone\n|-supereffective|p1b: Magnezone\n|-damage|p1b: Magnezone|84\/100\n|move|p1b: Magnezone|Iron Defense|p1b: Magnezone\n|-boost|p1b: Magnezone|def|2\n|\n|-weather|Snow|[upkeep]\n|-heal|p1b: Magnezone|90\/100|[from] item: Leftovers\n|upkeep\n|turn|7\n|\n|t:|1699886155\n|move|p1a: Ogerpon|Encore|p2a: Ogerpon\n|-start|p2a: Ogerpon|Encore\n|move|p2a: Ogerpon|Spiky Shield||[still]\n|-fail|p2a: Ogerpon\n|move|p2b: Annihilape|Drain Punch|p1a: Ogerpon\n|-damage|p1a: Ogerpon|55\/100\n|move|p1b: Magnezone|Body Press|p2a: Ogerpon\n|-damage|p2a: Ogerpon|0 fnt\n|faint|p2a: Ogerpon\n|\n|-weather|Snow|[upkeep]\n|-heal|p1b: Magnezone|96\/100|[from] item: Leftovers\n|upkeep\n|turn|8\n|\n|t:|1699886175\n|move|p1a: Ogerpon|Knock Off|p2b: Annihilape\n|-damage|p2b: Annihilape|65\/100\n|-enditem|p2b: Annihilape|Leftovers|[from] move: Knock Off|[of] p1a: Ogerpon\n|move|p2b: Annihilape|Drain Punch|p1a: Ogerpon\n|-damage|p1a: Ogerpon|9\/100\n|-heal|p2b: Annihilape|82\/100|[from] drain|[of] p1a: Ogerpon\n|move|p1b: Magnezone|Thunder|p2b: Annihilape\n|-damage|p2b: Annihilape|33\/100\n|\n|-weather|none\n|-heal|p1b: Magnezone|100\/100|[from] item: Leftovers\n|upkeep\n|turn|9\n|\n|t:|1699886190\n|switch|p1a: Pelipper|Pelipper, L50, F|80\/100\n|-weather|RainDance|[from] ability: Drizzle|[of] p1a: Pelipper\n|-terastallize|p1b: Magnezone|Dragon\n|move|p2b: Annihilape|Drain Punch|p1a: Pelipper\n|-resisted|p1a: Pelipper\n|-damage|p1a: Pelipper|59\/100\n|-heal|p2b: Annihilape|40\/100|[from] drain|[of] p1a: Pelipper\n|move|p1b: Magnezone|Thunder|p2b: Annihilape\n|-damage|p2b: Annihilape|0 fnt\n|faint|p2b: Annihilape\n|\n|win|BlindMagneton\n|raw|BlindMagneton's rating: 1349 &rarr; <strong>1366<\/strong><br \/>(+17 for winning)\n|raw|beo182's rating: 1290 &rarr; <strong>1269<\/strong><br \/>(-21 for losing)\n","uploadtime":1699886201,"views":23,"p1id":"blindmagneton","p2id":"beo182","formatid":"gen9vgc2023regulatione","rating":1269,"private":0,"password":""}