{"id":"gen9vgc2023regulatione-1999796303","p1":"kavonpokebros","p2":"3hon","format":"[Gen 9] VGC 2023 Regulation E","log":"|j|\u2606kavonpokebros\n|j|\u26063hon\n|t:|1701117486\n|gametype|doubles\n|player|p1|kavonpokebros|worker-gen4|1057\n|player|p2|3hon|1|1028\n|teamsize|p1|6\n|teamsize|p2|6\n|gen|9\n|tier|[Gen 9] VGC 2023 Regulation E\n|rated|\n|rule|Species Clause: Limit one of each Pok\u00e9mon\n|rule|Item Clause: Limit one of each item\n|clearpoke\n|poke|p1|Persian-Alola, L50, F|\n|poke|p1|Arcanine, L50, M|\n|poke|p1|Milotic, L50, M|\n|poke|p1|Mimikyu, L50, M|\n|poke|p1|Appletun, L50, F|\n|poke|p1|Sneasler, L50, M|\n|poke|p2|Pikachu-Hoenn, L50, M|\n|poke|p2|Tornadus, L50, M|\n|poke|p2|Gallade, L50, M|\n|poke|p2|Tinkaton, L50, F|\n|poke|p2|Salazzle, L50, F|\n|poke|p2|Lilligant, L50, F|\n|teampreview|4\n|\n|t:|1701117499\n|start\n|switch|p1a: Persian|Persian-Alola, L50, F|100\/100\n|switch|p1b: Sneasler|Sneasler, L50, M|100\/100\n|switch|p2a: Not Pikachu|Pikachu-Hoenn, L50, M|100\/100\n|switch|p2b: Kevin|Tornadus, L50, M|100\/100\n|turn|1\n|\n|t:|1701117544\n|move|p1a: Persian|Fake Out|p2a: Not Pikachu\n|-damage|p2a: Not Pikachu|81\/100\n|move|p2b: Kevin|Rain Dance|p2b: Kevin\n|-weather|RainDance\n|move|p1b: Sneasler|Dire Claw|p2b: Kevin\n|-damage|p2b: Kevin|10\/100\n|-enditem|p2b: Kevin|Iapapa Berry|[eat]\n|-heal|p2b: Kevin|44\/100|[from] item: Iapapa Berry\n|cant|p2a: Not Pikachu|flinch\n|\n|-weather|RainDance|[upkeep]\n|upkeep\n|turn|2\n|\n|t:|1701117573\n|move|p2b: Kevin|Tailwind|p2b: Kevin\n|-sidestart|p2: 3hon|move: Tailwind\n|move|p2a: Not Pikachu|Thunder|p1b: Sneasler\n|-damage|p1b: Sneasler|20\/100\n|move|p1a: Persian|Snarl|p2b: Kevin|[spread] p2a,p2b\n|-damage|p2a: Not Pikachu|49\/100\n|-damage|p2b: Kevin|33\/100\n|-unboost|p2a: Not Pikachu|spa|1\n|-unboost|p2b: Kevin|spa|1\n|move|p1b: Sneasler|Dire Claw|p2a: Not Pikachu\n|-crit|p2a: Not Pikachu\n|-damage|p2a: Not Pikachu|0 fnt\n|faint|p2a: Not Pikachu\n|\n|-weather|RainDance|[upkeep]\n|upkeep\n|\n|t:|1701117592\n|switch|p2a: Blade Runner 2049|Gallade, L50, M|100\/100\n|turn|3\n|\n|t:|1701117602\n|switch|p1b: Arcanine|Arcanine, L50, M|100\/100\n|-ability|p1b: Arcanine|Intimidate|boost\n|-unboost|p2a: Blade Runner 2049|atk|1\n|-unboost|p2b: Kevin|atk|1\n|move|p2a: Blade Runner 2049|Sacred Sword|p1a: Persian\n|-supereffective|p1a: Persian\n|-damage|p1a: Persian|21\/100\n|move|p2b: Kevin|Bleakwind Storm|p1b: Arcanine|[spread] p1a,p1b\n|-damage|p1a: Persian|0 fnt\n|-damage|p1b: Arcanine|79\/100\n|faint|p1a: Persian\n|\n|-weather|RainDance|[upkeep]\n|upkeep\n|\n|t:|1701117617\n|switch|p1a: Milotic|Milotic, L50, M|100\/100\n|turn|4\n|\n|t:|1701117633\n|switch|p2a: \u82b1|Lilligant, L50, F|100\/100\n|move|p1b: Arcanine|Protect|p1b: Arcanine\n|-singleturn|p1b: Arcanine|Protect\n|move|p2b: Kevin|Bleakwind Storm|p1a: Milotic|[spread] p1a\n|-activate|p1b: Arcanine|move: Protect\n|-damage|p1a: Milotic|85\/100\n|move|p1a: Milotic|Scald|p2a: \u82b1\n|-resisted|p2a: \u82b1\n|-damage|p2a: \u82b1|56\/100\n|-status|p2a: \u82b1|brn\n|\n|-weather|RainDance|[upkeep]\n|-damage|p2a: \u82b1|50\/100 brn|[from] brn\n|upkeep\n|-enditem|p2a: \u82b1|Sitrus Berry|[eat]\n|-heal|p2a: \u82b1|75\/100 brn|[from] item: Sitrus Berry\n|turn|5\n|\n|t:|1701117665\n|switch|p1a: Sneasler|Sneasler, L50, M|20\/100\n|move|p2b: Kevin|Protect|p2b: Kevin\n|-singleturn|p2b: Kevin|Protect\n|move|p2a: \u82b1|Sleep Powder|p1b: Arcanine\n|-status|p1b: Arcanine|slp|[from] move: Sleep Powder\n|cant|p1b: Arcanine|slp\n|\n|-weather|none\n|-damage|p2a: \u82b1|68\/100 brn|[from] brn\n|-sideend|p2: 3hon|move: Tailwind\n|upkeep\n|turn|6\n|\n|t:|1701117688\n|cant|p1b: Arcanine|slp\n|move|p2b: Kevin|Tailwind|p2b: Kevin\n|-sidestart|p2: 3hon|move: Tailwind\n|move|p2a: \u82b1|Pollen Puff|p2b: Kevin\n|-heal|p2b: Kevin|83\/100\n|move|p1a: Sneasler|Dire Claw|p2a: \u82b1\n|-supereffective|p2a: \u82b1\n|-damage|p2a: \u82b1|0 fnt\n|faint|p2a: \u82b1\n|\n|upkeep\n|\n|t:|1701117699\n|switch|p2a: Blade Runner 2049|Gallade, L50, M|100\/100\n|turn|7\n|\n|t:|1701117739\n|switch|p1a: Milotic|Milotic, L50, M|85\/100\n|move|p2b: Kevin|Protect|p2b: Kevin\n|-singleturn|p2b: Kevin|Protect\n|move|p2a: Blade Runner 2049|Aqua Cutter|p1b: Arcanine\n|-supereffective|p1b: Arcanine\n|-damage|p1b: Arcanine|7\/100 slp\n|cant|p1b: Arcanine|slp\n|\n|upkeep\n|turn|8\n|\n|t:|1701117769\n|-curestatus|p1b: Arcanine|slp|[msg]\n|move|p1b: Arcanine|Protect|p1b: Arcanine\n|-singleturn|p1b: Arcanine|Protect\n|move|p2a: Blade Runner 2049|Aqua Cutter|p1b: Arcanine\n|-activate|p1b: Arcanine|move: Protect\n|move|p2b: Kevin|Bleakwind Storm|p1b: Arcanine|[spread] p1a\n|-activate|p1b: Arcanine|move: Protect\n|-damage|p1a: Milotic|70\/100\n|-unboost|p1a: Milotic|spe|1\n|-ability|p1a: Milotic|Competitive|boost\n|-boost|p1a: Milotic|spa|2\n|move|p1a: Milotic|Ice Beam|p2b: Kevin\n|-supereffective|p2b: Kevin\n|-damage|p2b: Kevin|0 fnt\n|faint|p2b: Kevin\n|\n|upkeep\n|turn|9\n|\n|t:|1701117794\n|move|p1b: Arcanine|Extreme Speed|p2a: Blade Runner 2049\n|-damage|p2a: Blade Runner 2049|54\/100\n|move|p2a: Blade Runner 2049|Leaf Blade|p1a: Milotic\n|-supereffective|p1a: Milotic\n|-damage|p1a: Milotic|0 fnt\n|faint|p1a: Milotic\n|\n|-sideend|p2: 3hon|move: Tailwind\n|upkeep\n|\n|t:|1701117803\n|switch|p1a: Sneasler|Sneasler, L50, M|20\/100\n|turn|10\n|\n|t:|1701117817\n|move|p1b: Arcanine|Extreme Speed|p2a: Blade Runner 2049\n|-damage|p2a: Blade Runner 2049|8\/100\n|move|p1a: Sneasler|Dire Claw|p2a: Blade Runner 2049\n|-damage|p2a: Blade Runner 2049|0 fnt\n|faint|p2a: Blade Runner 2049\n|\n|win|kavonpokebros\n|raw|kavonpokebros's rating: 1057 &rarr; <strong>1086<\/strong><br \/>(+29 for winning)\n|raw|3hon's rating: 1028 &rarr; <strong>1015<\/strong><br \/>(-13 for losing)\n|c|\u2606kavonpokebros|Gg\n|l|\u26063hon\n","uploadtime":1701117828,"views":2,"p1id":"kavonpokebros","p2id":"3hon","formatid":"gen9vgc2023regulatione","rating":1015,"private":0,"password":""}