{"id":"gen9vgc2023regulatione-1999860016","p1":"ADCasey","p2":"Kiurho","format":"[Gen 9] VGC 2023 Regulation E","log":"|j|\u2606ADCasey\n|j|\u2606Kiurho\n|t:|1701123631\n|gametype|doubles\n|player|p1|ADCasey|blue|1148\n|player|p2|Kiurho|102|1258\n|teamsize|p1|6\n|teamsize|p2|6\n|gen|9\n|tier|[Gen 9] VGC 2023 Regulation E\n|rated|\n|rule|Species Clause: Limit one of each Pok\u00e9mon\n|rule|Item Clause: Limit one of each item\n|clearpoke\n|poke|p1|Inteleon, L50, M|\n|poke|p1|Politoed, L50, F|\n|poke|p1|Quaquaval, L50, M|\n|poke|p1|Maushold, L50|\n|poke|p1|Tinkaton, L50, F|\n|poke|p1|Tornadus, L50, M|\n|poke|p2|Heatran, L50, M|\n|poke|p2|Salamence, L50, M|\n|poke|p2|Urshifu-*, L50, M|\n|poke|p2|Flutter Mane, L50|\n|poke|p2|Dondozo, L50, M|\n|poke|p2|Rillaboom, L50, M|\n|teampreview|4\n|inactive|Battle timer is ON: inactive players will automatically lose when time's up. (requested by Kiurho)\n|\n|t:|1701123657\n|start\n|switch|p1a: Tinkaton|Tinkaton, L50, F|100\/100\n|switch|p1b: Maushold|Maushold, L50|100\/100\n|switch|p2a: Flutter Mane|Flutter Mane, L50|100\/100\n|switch|p2b: Heatran|Heatran, L50, M|100\/100\n|-ability|p1a: Tinkaton|Mold Breaker\n|turn|1\n|\n|t:|1701123673\n|-end|p2a: Flutter Mane|Protosynthesis|[silent]\n|switch|p2a: Salamence|Salamence, L50, M|100\/100\n|-ability|p2a: Salamence|Intimidate|boost\n|-unboost|p1a: Tinkaton|atk|1\n|-unboost|p1b: Maushold|atk|1\n|move|p1b: Maushold|Bite|p2a: Salamence\n|-damage|p2a: Salamence|88\/100\n|-damage|p1b: Maushold|84\/100|[from] item: Rocky Helmet|[of] p2a: Salamence\n|move|p1a: Tinkaton|Knock Off|p2a: Salamence\n|-damage|p2a: Salamence|73\/100\n|-damage|p1a: Tinkaton|84\/100|[from] item: Rocky Helmet|[of] p2a: Salamence\n|-enditem|p2a: Salamence|Rocky Helmet|[from] move: Knock Off|[of] p1a: Tinkaton\n|move|p2b: Heatran|Magma Storm|p1a: Tinkaton|[miss]\n|-miss|p2b: Heatran|p1a: Tinkaton\n|\n|upkeep\n|turn|2\n|\n|t:|1701123695\n|switch|p1a: Politoed|Politoed, L50, F, shiny|100\/100\n|-weather|RainDance|[from] ability: Drizzle|[of] p1a: Politoed\n|move|p1b: Maushold|Protect|p1b: Maushold\n|-singleturn|p1b: Maushold|Protect\n|move|p2a: Salamence|Tailwind|p2a: Salamence\n|-sidestart|p2: Kiurho|move: Tailwind\n|move|p2b: Heatran|Magma Storm|p1a: Politoed\n|-resisted|p1a: Politoed\n|-damage|p1a: Politoed|89\/100\n|-activate|p1a: Politoed|move: Magma Storm|[of] p2b: Heatran\n|\n|-weather|RainDance|[upkeep]\n|-damage|p1a: Politoed|77\/100|[from] move: Magma Storm|[partiallytrapped]\n|upkeep\n|turn|3\n|inactive|ADCasey has 30 seconds left.\n|inactive|Kiurho has 30 seconds left.\n|inactive|Kiurho has 20 seconds left.\n|\n|t:|1701123733\n|switch|p2b: Rillaboom|Rillaboom, L50, M|100\/100\n|-fieldstart|move: Grassy Terrain|[from] ability: Grassy Surge|[of] p2b: Rillaboom\n|move|p2a: Salamence|Draco Meteor|p1b: Maushold|[miss]\n|-miss|p2a: Salamence|p1b: Maushold\n|move|p1b: Maushold|Population Bomb|p2a: Salamence\n|-damage|p2a: Salamence|66\/100\n|-crit|p2a: Salamence\n|-damage|p2a: Salamence|49\/100\n|-damage|p2a: Salamence|43\/100\n|-damage|p2a: Salamence|36\/100\n|-damage|p2a: Salamence|29\/100\n|-damage|p2a: Salamence|22\/100\n|-damage|p2a: Salamence|15\/100\n|-damage|p2a: Salamence|9\/100\n|-damage|p2a: Salamence|2\/100\n|-damage|p2a: Salamence|0 fnt\n|faint|p2a: Salamence\n|-hitcount|p2: Salamence|10\n|move|p1a: Politoed|Icy Wind|p2b: Rillaboom|[miss]\n|-miss|p1a: Politoed|p2b: Rillaboom\n|\n|-weather|RainDance|[upkeep]\n|-heal|p1b: Maushold|90\/100|[from] Grassy Terrain\n|-heal|p1a: Politoed|83\/100|[from] Grassy Terrain\n|-end|p1a: Politoed|Magma Storm|[partiallytrapped]|[silent]\n|upkeep\n|inactive|Kiurho has 30 seconds left.\n|\n|t:|1701123763\n|switch|p2a: Flutter Mane|Flutter Mane, L50|100\/100\n|turn|4\n|inactive|ADCasey has 30 seconds left.\n|inactive|Kiurho has 30 seconds left.\n|\n|t:|1701123801\n|-terastallize|p2a: Flutter Mane|Fairy\n|move|p1b: Maushold|Protect|p1b: Maushold\n|-singleturn|p1b: Maushold|Protect\n|move|p2b: Rillaboom|Grassy Glide|p1b: Maushold\n|-activate|p1b: Maushold|move: Protect\n|move|p2a: Flutter Mane|Dazzling Gleam|p1a: Politoed|[spread] p1a\n|-activate|p1b: Maushold|move: Protect\n|-damage|p1a: Politoed|31\/100\n|move|p1a: Politoed|Icy Wind|p2a: Flutter Mane|[spread] p2a,p2b\n|-supereffective|p2b: Rillaboom\n|-damage|p2a: Flutter Mane|92\/100\n|-damage|p2b: Rillaboom|86\/100\n|-unboost|p2a: Flutter Mane|spe|1\n|-unboost|p2b: Rillaboom|spe|1\n|\n|-weather|RainDance|[upkeep]\n|-heal|p2a: Flutter Mane|98\/100|[from] Grassy Terrain\n|-heal|p1b: Maushold|96\/100|[from] Grassy Terrain\n|-heal|p2b: Rillaboom|91\/100|[from] Grassy Terrain\n|-heal|p1a: Politoed|37\/100|[from] Grassy Terrain\n|upkeep\n|turn|5\n|inactive|ADCasey has 30 seconds left.\n|\n|t:|1701123832\n|switch|p1a: Tinkaton|Tinkaton, L50, F|84\/100\n|-ability|p1a: Tinkaton|Mold Breaker\n|move|p2a: Flutter Mane|Dazzling Gleam|p1b: Maushold|[spread] p1a,p1b\n|-resisted|p1a: Tinkaton\n|-damage|p1a: Tinkaton|63\/100\n|-damage|p1b: Maushold|7\/100\n|move|p1b: Maushold|Population Bomb|p2a: Flutter Mane\n|-damage|p2a: Flutter Mane|81\/100\n|-damage|p2a: Flutter Mane|64\/100\n|-crit|p2a: Flutter Mane\n|-damage|p2a: Flutter Mane|24\/100\n|-damage|p2a: Flutter Mane|10\/100\n|-damage|p2a: Flutter Mane|0 fnt\n|faint|p2a: Flutter Mane\n|-end|p2a: Flutter Mane|Protosynthesis|[silent]\n|-hitcount|p2: Flutter Mane|5\n|move|p2b: Rillaboom|High Horsepower|p1b: Maushold\n|-damage|p1b: Maushold|0 fnt\n|faint|p1b: Maushold\n|\n|-weather|RainDance|[upkeep]\n|-heal|p2b: Rillaboom|97\/100|[from] Grassy Terrain\n|-heal|p1a: Tinkaton|69\/100|[from] Grassy Terrain\n|-sideend|p2: Kiurho|move: Tailwind\n|upkeep\n|inactive|Kiurho has 30 seconds left.\n|\n|t:|1701123858\n|switch|p2a: Heatran|Heatran, L50, M|100\/100\n|switch|p1b: Politoed|Politoed, L50, F, shiny|37\/100\n|turn|6\n|\n|t:|1701123874\n|move|p1a: Tinkaton|Fake Out|p2b: Rillaboom\n|-damage|p2b: Rillaboom|85\/100\n|cant|p2b: Rillaboom|flinch\n|move|p2a: Heatran|Earth Power|p1a: Tinkaton\n|-supereffective|p1a: Tinkaton\n|-damage|p1a: Tinkaton|26\/100\n|move|p1b: Politoed|Perish Song|p1b: Politoed\n|-start|p1a: Tinkaton|perish3|[silent]\n|-start|p1b: Politoed|perish3|[silent]\n|-start|p2a: Heatran|perish3|[silent]\n|-start|p2b: Rillaboom|perish3|[silent]\n|-fieldactivate|move: Perish Song\n|\n|-weather|RainDance|[upkeep]\n|-heal|p1a: Tinkaton|32\/100|[from] Grassy Terrain\n|-heal|p1b: Politoed|43\/100|[from] Grassy Terrain\n|-heal|p2b: Rillaboom|91\/100|[from] Grassy Terrain\n|-start|p1a: Tinkaton|perish3\n|-start|p2a: Heatran|perish3\n|-start|p1b: Politoed|perish3\n|-start|p2b: Rillaboom|perish3\n|upkeep\n|turn|7\n|inactive|ADCasey has 30 seconds left.\n|\n|t:|1701123902\n|switch|p1a: Inteleon|Inteleon, L50, M, shiny|100\/100\n|move|p2b: Rillaboom|Grassy Glide|p1b: Politoed\n|-supereffective|p1b: Politoed\n|-damage|p1b: Politoed|0 fnt\n|faint|p1b: Politoed\n|move|p2a: Heatran|Earth Power|p1a: Inteleon\n|-damage|p1a: Inteleon|36\/100\n|\n|-weather|RainDance|[upkeep]\n|-heal|p1a: Inteleon|43\/100|[from] Grassy Terrain\n|-heal|p2b: Rillaboom|96\/100|[from] Grassy Terrain\n|-start|p2a: Heatran|perish2\n|-start|p2b: Rillaboom|perish2\n|-fieldend|move: Grassy Terrain\n|upkeep\n|\n|t:|1701123916\n|switch|p1b: Tinkaton|Tinkaton, L50, F|32\/100\n|-ability|p1b: Tinkaton|Mold Breaker\n|turn|8\n|\n|t:|1701123927\n|-terastallize|p1a: Inteleon|Water\n|move|p1b: Tinkaton|Fake Out|p2b: Rillaboom\n|-damage|p2b: Rillaboom|83\/100\n|move|p1a: Inteleon|Snipe Shot|p2a: Heatran\n|-supereffective|p2a: Heatran\n|-damage|p2a: Heatran|0 fnt\n|faint|p2a: Heatran\n|cant|p2b: Rillaboom|flinch\n|\n|-weather|RainDance|[upkeep]\n|-start|p2b: Rillaboom|perish1\n|upkeep\n|turn|9\n|\n|t:|1701123945\n|move|p1a: Inteleon|Snipe Shot|p2b: Rillaboom\n|-resisted|p2b: Rillaboom\n|-damage|p2b: Rillaboom|30\/100\n|move|p1b: Tinkaton|Gigaton Hammer|p2b: Rillaboom\n|-damage|p2b: Rillaboom|0 fnt\n|faint|p2b: Rillaboom\n|\n|win|ADCasey\n|raw|ADCasey's rating: 1148 &rarr; <strong>1181<\/strong><br \/>(+33 for winning)\n|raw|Kiurho's rating: 1258 &rarr; <strong>1225<\/strong><br \/>(-33 for losing)\n","uploadtime":1701123954,"views":9,"p1id":"adcasey","p2id":"kiurho","formatid":"gen9vgc2023regulatione","rating":1181,"private":0,"password":""}