{"id":"gen9vgc2023regulatione-1993185173","p1":"Tenken11","p2":"Eleisson4","format":"[Gen 9] VGC 2023 Regulation E","log":"|j|\u2606Tenken11\n|j|\u2606Eleisson4\n|n|\u2606Tenken11|tenken11\n|n|\u2606Eleisson4|eleisson4\n|html|View the match progress at <a href=\"\/game-bestof3-gen9vgc2023regulatione-1993181360\">game-bestof3-gen9vgc2023regulatione-1993181360<\/a>\n|t:|1700275242\n|gametype|doubles\n|player|p1|Tenken11|1|\n|player|p2|Eleisson4|169|\n|teamsize|p1|6\n|teamsize|p2|6\n|gen|9\n|tier|[Gen 9] VGC 2023 Regulation E\n|rule|Species Clause: Limit one of each Pok\u00e9mon\n|rule|Item Clause: Limit one of each item\n|clearpoke\n|poke|p1|Sinistcha, L50|\n|poke|p1|Moltres-Galar, L50|\n|poke|p1|Grimmsnarl, L50, M|\n|poke|p1|Arcanine-Hisui, L50, M|\n|poke|p1|Milotic, L50, F|\n|poke|p1|Iron Hands, L50|\n|poke|p2|Iron Hands, L50|\n|poke|p2|Flutter Mane, L50|\n|poke|p2|Chien-Pao, L50|\n|poke|p2|Amoonguss, L50, F|\n|poke|p2|Heatran, L50, F|\n|poke|p2|Ogerpon-Wellspring, L50, F|\n|teampreview|4\nTenken11 has agreed to open team sheets.\n|c|\u2606Tenken11|la hoja\nEleisson4 has agreed to open team sheets.\n|showteam|p1|Sinistcha||RockyHelmet|Hospitality|MatchaGotcha,RagePowder,LifeDew,TrickRoom||||||50|,,,,,Dragon]Moltres-Galar||SitrusBerry|Berserk|FieryWrath,AirSlash,NastyPlot,Protect||||||50|,,,,,Poison]Grimmsnarl||LightClay|Prankster|LowKick,LightScreen,Reflect,PartingShot|||M|||50|,,,,,Fire]Arcanine-Hisui||ChoiceBand|Intimidate|ExtremeSpeed,RockSlide,FlareBlitz,TeraBlast|||M|||50|,,,,,Fairy]Milotic||WideLens|Competitive|HydroPump,IcyWind,Hypnosis,LifeDew|||F|||50|,,,,,Grass]Iron Hands||AssaultVest|QuarkDrive|DrainPunch,WildCharge,HeavySlam,FakeOut||||||50|,,,,,Water\n|showteam|p2|Iron Hands||BoosterEnergy|QuarkDrive|Earthquake,IcePunch,WildCharge,DrainPunch||||||50|,,,,,Ground]Flutter Mane||ChoiceSpecs|Protosynthesis|MysticalFire,ShadowBall,DazzlingGleam,PowerGem||||||50|,,,,,Fairy]Chien-Pao||FocusSash|SwordofRuin|IceSpinner,SuckerPunch,PsychicFangs,Protect||||||50|,,,,,Ghost]Amoonguss||AguavBerry|Regenerator|Spore,RagePowder,PollenPuff,ClearSmog|||F|||50|,,,,,Water]Heatran||SitrusBerry|FlashFire|HeatWave,FlashCannon,EarthPower,Protect|||F|||50|,,,,,Grass]Ogerpon-Wellspring||WellspringMask|WaterAbsorb|IvyCudgel,HornLeech,Taunt,Protect|||F|||50|,,,,,Water\n|inactive|Battle timer is ON: inactive players will automatically lose when time's up. (requested by Tenken11)\n|\n|t:|1700275280\n|start\n|switch|p1a: Arcanine|Arcanine-Hisui, L50, M|100\/100\n|switch|p1b: Iron Hands|Iron Hands, L50|100\/100\n|switch|p2a: Flutter Mane|Flutter Mane, L50|100\/100\n|switch|p2b: Ogerpon|Ogerpon-Wellspring, L50, F|100\/100\n|-ability|p1a: Arcanine|Intimidate|boost\n|-unboost|p2a: Flutter Mane|atk|1\n|-unboost|p2b: Ogerpon|atk|1\n|turn|1\n|\n|t:|1700275301\n|switch|p1a: Sinistcha|Sinistcha, L50|100\/100\n|move|p2b: Ogerpon|Protect|p2b: Ogerpon\n|-singleturn|p2b: Ogerpon|Protect\n|move|p2a: Flutter Mane|Dazzling Gleam|p1a: Sinistcha|[spread] p1a,p1b\n|-supereffective|p1b: Iron Hands\n|-damage|p1a: Sinistcha|57\/100\n|-damage|p1b: Iron Hands|40\/100\n|move|p1b: Iron Hands|Heavy Slam|p2a: Flutter Mane\n|-supereffective|p2a: Flutter Mane\n|-damage|p2a: Flutter Mane|0 fnt\n|faint|p2a: Flutter Mane\n|-end|p2a: Flutter Mane|Protosynthesis|[silent]\n|\n|upkeep\n|\n|t:|1700275316\n|switch|p2a: Chien-Pao|Chien-Pao, L50|100\/100\n|-ability|p2a: Chien-Pao|Sword of Ruin\n|turn|2\n|\n|t:|1700275324\n|switch|p1a: Arcanine|Arcanine-Hisui, L50, M|100\/100\n|-ability|p1a: Arcanine|Intimidate|boost\n|-unboost|p2a: Chien-Pao|atk|1\n|-unboost|p2b: Ogerpon|atk|1\n|move|p2a: Chien-Pao|Ice Spinner|p1a: Arcanine\n|-resisted|p1a: Arcanine\n|-damage|p1a: Arcanine|82\/100\n|move|p2b: Ogerpon|Ivy Cudgel|p1b: Iron Hands|[anim] Ivy Cudgel Water\n|-damage|p1b: Iron Hands|14\/100\n|move|p1b: Iron Hands|Drain Punch|p2a: Chien-Pao\n|-supereffective|p2a: Chien-Pao\n|-enditem|p2a: Chien-Pao|Focus Sash\n|-damage|p2a: Chien-Pao|1\/100\n|-heal|p1b: Iron Hands|48\/100|[from] drain|[of] p2a: Chien-Pao\n|\n|upkeep\n|turn|3\n|\n|t:|1700275347\n|switch|p1a: Sinistcha|Sinistcha, L50|57\/100\n|-heal|p1b: Iron Hands|73\/100|[from] ability: Hospitality|[of] p1a: Sinistcha\n|move|p2a: Chien-Pao|Protect|p2a: Chien-Pao\n|-singleturn|p2a: Chien-Pao|Protect\n|move|p2b: Ogerpon|Ivy Cudgel|p1a: Sinistcha|[anim] Ivy Cudgel Water\n|-resisted|p1a: Sinistcha\n|-damage|p1a: Sinistcha|40\/100\n|move|p1b: Iron Hands|Drain Punch|p2b: Ogerpon\n|-damage|p2b: Ogerpon|24\/100\n|-heal|p1b: Iron Hands|99\/100|[from] drain|[of] p2b: Ogerpon\n|\n|upkeep\n|turn|4\n|\n|t:|1700275370\n|switch|p1a: Arcanine|Arcanine-Hisui, L50, M|82\/100\n|-ability|p1a: Arcanine|Intimidate|boost\n|-unboost|p2a: Chien-Pao|atk|1\n|-unboost|p2b: Ogerpon|atk|1\n|move|p2a: Chien-Pao|Psychic Fangs|p1b: Iron Hands\n|-supereffective|p1b: Iron Hands\n|-damage|p1b: Iron Hands|73\/100\n|move|p2b: Ogerpon|Ivy Cudgel|p1b: Iron Hands|[anim] Ivy Cudgel Water\n|-damage|p1b: Iron Hands|51\/100\n|move|p1b: Iron Hands|Drain Punch|p2a: Chien-Pao\n|-supereffective|p2a: Chien-Pao\n|-damage|p2a: Chien-Pao|0 fnt\n|-heal|p1b: Iron Hands|52\/100|[from] drain|[of] p2a: Chien-Pao\n|faint|p2a: Chien-Pao\n|\n|upkeep\n|\n|t:|1700275384\n|switch|p2a: Iron Hands|Iron Hands, L50, shiny|100\/100\n|-enditem|p2a: Iron Hands|Booster Energy\n|-activate|p2a: Iron Hands|ability: Quark Drive|[fromitem]\n|-start|p2a: Iron Hands|quarkdriveatk\n|turn|5\n|\n|t:|1700275398\n|-end|p1b: Iron Hands|Quark Drive|[silent]\n|switch|p1b: Sinistcha|Sinistcha, L50|40\/100\n|-heal|p1a: Arcanine|100\/100|[from] ability: Hospitality|[of] p1b: Sinistcha\n|-terastallize|p1a: Arcanine|Fairy\n|move|p2b: Ogerpon|Protect|p2b: Ogerpon\n|-singleturn|p2b: Ogerpon|Protect\n|move|p1a: Arcanine|Tera Blast|p2a: Iron Hands|[anim] Tera Blast Fairy\n|-supereffective|p2a: Iron Hands\n|-damage|p2a: Iron Hands|4\/100\n|move|p2a: Iron Hands|Earthquake|p1a: Arcanine|[spread] p1a,p1b\n|-activate|p2b: Ogerpon|move: Protect\n|-resisted|p1b: Sinistcha\n|-damage|p1a: Arcanine|56\/100\n|-damage|p1b: Sinistcha|24\/100\n|\n|upkeep\n|turn|6\n|\n|t:|1700275417\n|move|p2b: Ogerpon|Ivy Cudgel|p1a: Arcanine|[anim] Ivy Cudgel Water\n|-damage|p1a: Arcanine|28\/100\n|move|p1a: Arcanine|Tera Blast|p2b: Ogerpon|[anim] Tera Blast Fairy\n|-damage|p2b: Ogerpon|0 fnt\n|faint|p2b: Ogerpon\n|move|p1b: Sinistcha|Matcha Gotcha|p2a: Iron Hands\n|-damage|p2a: Iron Hands|0 fnt\n|-heal|p1b: Sinistcha|27\/100|[from] drain|[of] p2a: Iron Hands\n|faint|p2a: Iron Hands\n|-end|p2a: Iron Hands|Quark Drive|[silent]\n|\n|win|Tenken11\n|c|\u2606Tenken11|gg\n|l|\u2606Tenken11\n|j|\u2606Tenken11\n|player|p1|Tenken11|1\n","uploadtime":1700275516,"views":14,"p1id":"tenken11","p2id":"eleisson4","formatid":"gen9vgc2023regulatione","rating":0,"private":0,"password":""}