{"id":"gen9vgc2023regulatione-1999075922","p1":"justin tang fan","p2":"5wamp","format":"[Gen 9] VGC 2023 Regulation E","log":"|j|\u2606justin tang fan\n|j|\u26065wamp\n|n|\u2606justin tang fan|justintangfan\n|n|\u26065wamp|5wamp\n|html|View the match progress at <a href=\"\/game-bestof3-gen9vgc2023regulatione-1999071976\">game-bestof3-gen9vgc2023regulatione-1999071976<\/a>\n|t:|1701030575\n|gametype|doubles\n|player|p1|justin tang fan|parasollady-gen4|\n|player|p2|5wamp|carmine-festival|\n|teamsize|p1|6\n|teamsize|p2|6\n|gen|9\n|tier|[Gen 9] VGC 2023 Regulation E\n|rule|Species Clause: Limit one of each Pok\u00e9mon\n|rule|Item Clause: Limit one of each item\n|clearpoke\n|poke|p1|Urshifu-*, L50, F|\n|poke|p1|Rillaboom, L50, F|\n|poke|p1|Kleavor, L50, F|\n|poke|p1|Drifblim, L50, M|\n|poke|p1|Weavile, L50, F|\n|poke|p1|Grimer-Alola, L50, F|\n|poke|p2|Tornadus, L50, M|\n|poke|p2|Trevenant, L50, M|\n|poke|p2|Clefable, L50, F|\n|poke|p2|Golem-Alola, L50, M|\n|poke|p2|Gholdengo, L50|\n|poke|p2|Leafeon, L50, F|\n|teampreview|4\n|c|\u26065wamp|glhf!\n|j| MikeTitan\n|c|\u2606justin tang fan|glhf\n|j| idolhunter28273\n|\n|t:|1701030603\n|start\n|switch|p1a: Rillaboom|Rillaboom, L50, F|100\/100\n|switch|p1b: Weavile|Weavile, L50, F|100\/100\n|switch|p2a: Trevenant|Trevenant, L50, M|100\/100\n|switch|p2b: Clefable|Clefable, L50, F|100\/100\n|-ability|p1b: Weavile|Pressure\n|-fieldstart|move: Grassy Terrain|[from] ability: Grassy Surge|[of] p1a: Rillaboom\n|turn|1\n|\n|t:|1701030630\n|-terastallize|p2a: Trevenant|Fire\n|move|p1a: Rillaboom|Fake Out|p2b: Clefable\n|-damage|p2b: Clefable|88\/100\n|-damage|p1a: Rillaboom|84\/100|[from] item: Rocky Helmet|[of] p2b: Clefable\n|cant|p2b: Clefable|flinch\n|move|p1b: Weavile|Knock Off|p2a: Trevenant\n|-damage|p2a: Trevenant|42\/100\n|-enditem|p2a: Trevenant|Sitrus Berry|[from] move: Knock Off|[of] p1b: Weavile\n|move|p2a: Trevenant|Will-O-Wisp|p1a: Rillaboom\n|-status|p1a: Rillaboom|brn\n|\n|-heal|p1a: Rillaboom|90\/100 brn|[from] Grassy Terrain\n|-heal|p2b: Clefable|94\/100|[from] Grassy Terrain\n|-heal|p2a: Trevenant|48\/100|[from] Grassy Terrain\n|-damage|p1a: Rillaboom|84\/100 brn|[from] brn\n|upkeep\n|turn|2\n|\n|t:|1701030653\n|move|p2b: Clefable|Follow Me|p2b: Clefable\n|-singleturn|p2b: Clefable|move: Follow Me\n|move|p1b: Weavile|Icicle Crash|p2b: Clefable\n|-damage|p2b: Clefable|55\/100\n|move|p1a: Rillaboom|U-turn|p2b: Clefable\n|-resisted|p2b: Clefable\n|-damage|p2b: Clefable|50\/100\n|-damage|p1a: Rillaboom|68\/100 brn|[from] item: Rocky Helmet|[of] p2b: Clefable\n|\n|t:|1701030661\n|switch|p1a: Kleavor|Kleavor, L50, F|100\/100|[from] U-turn\n|move|p2a: Trevenant|Trick Room|p2a: Trevenant\n|-fieldstart|move: Trick Room|[of] p2a: Trevenant\n|\n|-heal|p2a: Trevenant|55\/100|[from] Grassy Terrain\n|-heal|p2b: Clefable|56\/100|[from] Grassy Terrain\n|upkeep\n|turn|3\n|\n|t:|1701030738\n|move|p1a: Kleavor|Protect|p1a: Kleavor\n|-singleturn|p1a: Kleavor|Protect\n|move|p2b: Clefable|Follow Me|p2b: Clefable\n|-singleturn|p2b: Clefable|move: Follow Me\n|move|p2a: Trevenant|Poltergeist|p1a: Kleavor\n|-activate|p1a: Kleavor|move: Protect\n|move|p1b: Weavile|Icicle Crash|p2b: Clefable\n|-damage|p2b: Clefable|17\/100\n|\n|-heal|p2a: Trevenant|61\/100|[from] Grassy Terrain\n|-heal|p2b: Clefable|23\/100|[from] Grassy Terrain\n|upkeep\n|turn|4\n|\n|t:|1701030758\n|switch|p2a: Golem|Golem-Alola, L50, M|100\/100\n|switch|p1a: Rillaboom|Rillaboom, L50, F|68\/100 brn\n|move|p2b: Clefable|Sunny Day|p2b: Clefable\n|-weather|SunnyDay\n|move|p1b: Weavile|Icicle Crash|p2b: Clefable\n|-damage|p2b: Clefable|0 fnt\n|faint|p2b: Clefable\n|\n|-weather|SunnyDay|[upkeep]\n|-heal|p1a: Rillaboom|74\/100 brn|[from] Grassy Terrain\n|-damage|p1a: Rillaboom|68\/100 brn|[from] brn\n|upkeep\n|\n|t:|1701030766\n|switch|p2b: Trevenant|Trevenant, L50, M, tera:Fire|61\/100\n|turn|5\n|\n|t:|1701030777\n|move|p1a: Rillaboom|Fake Out|p2b: Trevenant\n|-damage|p2b: Trevenant|53\/100\n|move|p2a: Golem|Rock Blast|p1b: Weavile\n|-supereffective|p1b: Weavile\n|-damage|p1b: Weavile|54\/100\n|-supereffective|p1b: Weavile\n|-damage|p1b: Weavile|8\/100\n|-supereffective|p1b: Weavile\n|-damage|p1b: Weavile|0 fnt\n|faint|p1b: Weavile\n|-hitcount|p1: Weavile|3\n|cant|p2b: Trevenant|flinch\n|\n|-weather|SunnyDay|[upkeep]\n|-heal|p2b: Trevenant|59\/100|[from] Grassy Terrain\n|-heal|p1a: Rillaboom|74\/100 brn|[from] Grassy Terrain\n|-damage|p1a: Rillaboom|68\/100 brn|[from] brn\n|-fieldend|move: Grassy Terrain\n|upkeep\n|\n|t:|1701030783\n|switch|p1b: Kleavor|Kleavor, L50, F|100\/100\n|turn|6\n|\n|t:|1701030796\n|move|p1b: Kleavor|Protect|p1b: Kleavor\n|-singleturn|p1b: Kleavor|Protect\n|move|p2a: Golem|Fire Punch|p1a: Rillaboom\n|-supereffective|p1a: Rillaboom\n|-crit|p1a: Rillaboom\n|-damage|p1a: Rillaboom|0 fnt\n|faint|p1a: Rillaboom\n|move|p2b: Trevenant|Will-O-Wisp|p1b: Kleavor\n|-activate|p1b: Kleavor|move: Protect\n|\n|-weather|SunnyDay|[upkeep]\n|-fieldend|move: Trick Room\n|upkeep\n|\n|t:|1701030802\n|switch|p1a: Urshifu|Urshifu-Rapid-Strike, L50, F|100\/100\n|turn|7\n|\n|t:|1701030815\n|switch|p2a: Leafeon|Leafeon, L50, F|100\/100\n|-terastallize|p1a: Urshifu|Water\n|move|p1a: Urshifu|Surging Strikes|p2a: Leafeon\n|-resisted|p2a: Leafeon\n|-crit|p2a: Leafeon\n|-damage|p2a: Leafeon|94\/100\n|-resisted|p2a: Leafeon\n|-crit|p2a: Leafeon\n|-damage|p2a: Leafeon|87\/100\n|-resisted|p2a: Leafeon\n|-crit|p2a: Leafeon\n|-damage|p2a: Leafeon|80\/100\n|-hitcount|p2a: Leafeon|3\n|move|p1b: Kleavor|Stone Axe|p2b: Trevenant\n|-supereffective|p2b: Trevenant\n|-damage|p2b: Trevenant|0 fnt\n|-sidestart|p2: 5wamp|move: Stealth Rock\n|faint|p2b: Trevenant\n|\n|-weather|SunnyDay|[upkeep]\n|upkeep\n|\n|t:|1701030827\n|switch|p2b: Golem|Golem-Alola, L50, M|100\/100\n|-damage|p2b: Golem|88\/100|[from] Stealth Rock\n|turn|8\n|c| idolhunter28273|huge switch right there\n|\n|t:|1701030863\n|move|p2a: Leafeon|Leaf Blade|p1a: Urshifu\n|-supereffective|p1a: Urshifu\n|-damage|p1a: Urshifu|0 fnt\n|faint|p1a: Urshifu\n|-damage|p2a: Leafeon|71\/100|[from] item: Life Orb\n|move|p1b: Kleavor|X-Scissor|p2a: Leafeon\n|-supereffective|p2a: Leafeon\n|-damage|p2a: Leafeon|0 fnt\n|faint|p2a: Leafeon\n|move|p2b: Golem|Double-Edge|p1b: Kleavor\n|-damage|p1b: Kleavor|0 fnt\n|faint|p1b: Kleavor\n|-damage|p2b: Golem|62\/100|[from] Recoil\n|\n|win|5wamp\n|c|\u26065wamp|ggwp\n|c|\u2606justin tang fan|ggs\n|c|\u2606justin tang fan|you too\n|c| idolhunter28273|damn\n|l| MikeTitan\n|c| idolhunter28273|yall crazy with it\n","uploadtime":1701031004,"views":11,"p1id":"justintangfan","p2id":"5wamp","formatid":"gen9vgc2023regulatione","rating":0,"private":0,"password":""}