{"id":"gen9vgc2023regulatione-1988523580","p1":"Mary Goore","p2":"matthewew","format":"[Gen 9] VGC 2023 Regulation E","log":"|j|\u2606Mary Goore\n|j|\u2606matthewew\n|t:|1699732096\n|gametype|doubles\n|player|p1|Mary Goore|marley|1328\n|player|p2|matthewew|steven|1427\n|teamsize|p1|6\n|teamsize|p2|6\n|gen|9\n|tier|[Gen 9] VGC 2023 Regulation E\n|rated|\n|rule|Species Clause: Limit one of each Pok\u00e9mon\n|rule|Item Clause: Limit one of each item\n|clearpoke\n|poke|p1|Goodra-Hisui, L50, F|\n|poke|p1|Cresselia, L50, F|\n|poke|p1|Landorus-Therian, L50, M|\n|poke|p1|Rotom-Wash, L50|\n|poke|p1|Ogerpon-Hearthflame, L50, F|\n|poke|p1|Conkeldurr, L50, F|\n|poke|p2|Lokix, L50, M|\n|poke|p2|Chien-Pao, L50|\n|poke|p2|Flutter Mane, L50|\n|poke|p2|Glimmora, L50, F|\n|poke|p2|Dondozo, L50, M|\n|poke|p2|Tatsugiri, L50, F|\n|teampreview|4\n|\n|t:|1699732131\n|start\n|switch|p1a: Cresselia|Cresselia, L50, F, shiny|100\/100\n|switch|p1b: Rotom|Rotom-Wash, L50, shiny|100\/100\n|switch|p2a: Lokix|Lokix, L50, M|100\/100\n|switch|p2b: Tatsugiri|Tatsugiri, L50, F|100\/100\n|turn|1\n|inactive|Battle timer is ON: inactive players will automatically lose when time's up. (requested by matthewew)\n|inactive|matthewew has 60 seconds left.\n|\n|t:|1699732171\n|switch|p2b: Chien-Pao|Chien-Pao, L50|100\/100\n|-ability|p2b: Chien-Pao|Sword of Ruin\n|-terastallize|p2a: Lokix|Bug\n|-terastallize|p1a: Cresselia|Fairy\n|move|p2a: Lokix|First Impression|p1b: Rotom\n|-damage|p1b: Rotom|0 fnt\n|faint|p1b: Rotom\n|-damage|p2a: Lokix|91\/100|[from] item: Life Orb\n|move|p1a: Cresselia|Trick Room|p1a: Cresselia\n|-fieldstart|move: Trick Room|[of] p1a: Cresselia\n|\n|upkeep\n|\n|t:|1699732186\n|switch|p1b: Conkeldurr|Conkeldurr, L50, F, shiny|100\/100\n|turn|2\n|inactive|matthewew has 30 seconds left.\n|\n|t:|1699732212\n|move|p2b: Chien-Pao|Protect|p2b: Chien-Pao\n|-singleturn|p2b: Chien-Pao|Protect\n|move|p1b: Conkeldurr|Hammer Arm|p2a: Lokix\n|-resisted|p2a: Lokix\n|-damage|p2a: Lokix|0 fnt\n|-unboost|p1b: Conkeldurr|spe|1\n|faint|p2a: Lokix\n|-damage|p1b: Conkeldurr|91\/100|[from] item: Life Orb\n|move|p1a: Cresselia|Moonblast|p2b: Chien-Pao\n|-activate|p2b: Chien-Pao|move: Protect\n|\n|upkeep\n|\n|t:|1699732223\n|switch|p2a: Dondozo|Dondozo, L50, M|100\/100\n|turn|3\n|\n|t:|1699732234\n|switch|p2b: Tatsugiri|Tatsugiri, L50, F|100\/100\n|-activate|p2b: Tatsugiri|ability: Commander|[of] p2a: Dondozo\n|-boost|p2a: Dondozo|atk|2\n|-boost|p2a: Dondozo|spa|2\n|-boost|p2a: Dondozo|spe|2\n|-boost|p2a: Dondozo|def|2\n|-boost|p2a: Dondozo|spd|2\n|move|p2a: Dondozo|Protect|p2a: Dondozo\n|-singleturn|p2a: Dondozo|Protect\n|move|p1b: Conkeldurr|Hammer Arm|p2a: Dondozo\n|-activate|p2a: Dondozo|move: Protect\n|move|p1a: Cresselia|Moonblast|p2a: Dondozo\n|-activate|p2a: Dondozo|move: Protect\n|\n|upkeep\n|turn|4\n|inactive|matthewew has 30 seconds left.\n|inactive|matthewew has 20 seconds left.\n|inactive|matthewew has 15 seconds left.\n|inactive|matthewew has 10 seconds left.\n|\n|t:|1699732280\n|move|p1b: Conkeldurr|Hammer Arm|p2a: Dondozo\n|-damage|p2a: Dondozo|66\/100\n|-unboost|p1b: Conkeldurr|spe|1\n|-damage|p1b: Conkeldurr|81\/100|[from] item: Life Orb\n|move|p1a: Cresselia|Moonblast|p2a: Dondozo\n|-damage|p2a: Dondozo|54\/100\n|move|p2a: Dondozo|Earthquake|p1a: Cresselia|[spread] p1b\n|-miss|p2a: Dondozo|p2b: Tatsugiri\n|-immune|p1a: Cresselia|[from] ability: Levitate\n|-damage|p1b: Conkeldurr|43\/100\n|\n|upkeep\n|turn|5\n|\n|t:|1699732299\n|move|p2a: Dondozo|Protect|p2a: Dondozo\n|-singleturn|p2a: Dondozo|Protect\n|move|p1b: Conkeldurr|Hammer Arm|p2a: Dondozo\n|-activate|p2a: Dondozo|move: Protect\n|move|p1a: Cresselia|Lunar Blessing|p1a: Cresselia|[spread] p1a,p1b\n|-heal|p1b: Conkeldurr|68\/100\n|\n|-fieldend|move: Trick Room\n|upkeep\n|turn|6\n|\n|t:|1699732311\n|move|p1b: Conkeldurr|Detect|p1b: Conkeldurr\n|-singleturn|p1b: Conkeldurr|Protect\n|move|p2a: Dondozo|Wave Crash|p1a: Cresselia\n|-damage|p1a: Cresselia|45\/100\n|-damage|p2a: Dondozo|35\/100|[from] Recoil\n|move|p1a: Cresselia|Trick Room|p1a: Cresselia\n|-fieldstart|move: Trick Room|[of] p1a: Cresselia\n|\n|upkeep\n|turn|7\n|\n|t:|1699732322\n|move|p2a: Dondozo|Protect|p2a: Dondozo\n|-singleturn|p2a: Dondozo|Protect\n|move|p1b: Conkeldurr|Hammer Arm|p2a: Dondozo\n|-activate|p2a: Dondozo|move: Protect\n|move|p1a: Cresselia|Moonblast|p2a: Dondozo\n|-activate|p2a: Dondozo|move: Protect\n|\n|upkeep\n|turn|8\n|inactive|matthewew has 30 seconds left.\n|\n|t:|1699732350\n|move|p1b: Conkeldurr|Hammer Arm|p2a: Dondozo\n|-damage|p2a: Dondozo|3\/100\n|-unboost|p1b: Conkeldurr|spe|1\n|-damage|p1b: Conkeldurr|58\/100|[from] item: Life Orb\n|move|p1a: Cresselia|Moonblast|p2a: Dondozo\n|-crit|p2a: Dondozo\n|-damage|p2a: Dondozo|0 fnt\n|faint|p2a: Dondozo\n|\n|upkeep\n|\n|t:|1699732358\n|switch|p2a: Chien-Pao|Chien-Pao, L50|100\/100\n|-ability|p2a: Chien-Pao|Sword of Ruin\n|turn|9\n|\n|t:|1699732369\n|move|p1b: Conkeldurr|Hammer Arm|p2b: Tatsugiri\n|-damage|p2b: Tatsugiri|0 fnt\n|-unboost|p1b: Conkeldurr|spe|1\n|faint|p2b: Tatsugiri\n|-damage|p1b: Conkeldurr|49\/100|[from] item: Life Orb\n|move|p1a: Cresselia|Lunar Blessing|p1a: Cresselia|[spread] p1a,p1b\n|-heal|p1a: Cresselia|70\/100\n|-heal|p1b: Conkeldurr|74\/100\n|move|p2a: Chien-Pao|Ice Spinner|p1a: Cresselia\n|-damage|p1a: Cresselia|37\/100\n|\n|upkeep\n|turn|10\n|-message|matthewew forfeited.\n|\n|win|Mary Goore\n|raw|Mary Goore's rating: 1328 &rarr; <strong>1354<\/strong><br \/>(+26 for winning)\n|raw|matthewew's rating: 1427 &rarr; <strong>1401<\/strong><br \/>(-26 for losing)\n|l|\u2606matthewew\n","uploadtime":1699732394,"views":15,"p1id":"marygoore","p2id":"matthewew","formatid":"gen9vgc2023regulatione","rating":1354,"private":0,"password":""}