{"id":"gen9vgc2023regulatione-1995490823","p1":"paolance","p2":"YoungCopatore","format":"[Gen 9] VGC 2023 Regulation E","log":"|j|\u2606paolance\n|j|\u2606YoungCopatore\n|n|\u2606paolance|paolance\n|n|\u2606YoungCopatore|youngcopatore\n|html|View the match progress at <a href=\"\/game-bestof3-gen9vgc2023regulatione-1995487164\">game-bestof3-gen9vgc2023regulatione-1995487164<\/a>\n|t:|1700576547\n|gametype|doubles\n|player|p1|paolance|266|\n|player|p2|YoungCopatore|alec-anime|\n|teamsize|p1|6\n|teamsize|p2|6\n|gen|9\n|tier|[Gen 9] VGC 2023 Regulation E\n|rated|Tournament battle\n|rule|Species Clause: Limit one of each Pok\u00e9mon\n|rule|Item Clause: Limit one of each item\n|clearpoke\n|poke|p1|Amoonguss, L50, F|\n|poke|p1|Landorus-Therian, L50, M|\n|poke|p1|Iron Hands, L50|\n|poke|p1|Flutter Mane, L50|\n|poke|p1|Heatran, L50, M|\n|poke|p1|Chien-Pao, L50|\n|poke|p2|Gholdengo, L50|\n|poke|p2|Urshifu-*, L50, M|\n|poke|p2|Tornadus, L50, M|\n|poke|p2|Landorus-Therian, L50, M|\n|poke|p2|Ogerpon-Wellspring, L50, F|\n|poke|p2|Brambleghast, L50, F|\n|teampreview|4\n|showteam|p1|Amoonguss||RockyHelmet|Regenerator|PollenPuff,RagePowder,Spore,Protect|||F|||50|,,,,,Water]Landorus-Therian||ChoiceScarf|Intimidate|TeraBlast,Uturn,StompingTantrum,RockSlide|||M|||50|,,,,,Flying]Iron Hands||AssaultVest|QuarkDrive|FakeOut,WildCharge,DrainPunch,HeavySlam||||||50|,,,,,Water]Flutter Mane||BoosterEnergy|Protosynthesis|Moonblast,ShadowBall,DazzlingGleam,Protect||||||50|,,,,,Fairy]Heatran||Leftovers|FlashFire|MagmaStorm,FlashCannon,EarthPower,Protect|||M|||50|,,,,,Grass]Chien-Pao||FocusSash|SwordofRuin|IcicleCrash,SuckerPunch,SacredSword,Protect||||||50|,,,,,Ghost\n|showteam|p2|Gholdengo||Leftovers|GoodasGold|MakeItRain,ShadowBall,NastyPlot,Protect||||||50|,,,,,Dragon]Urshifu-Rapid-Strike||LifeOrb|UnseenFist|SurgingStrikes,CloseCombat,AquaJet,Detect|||M|||50|,,,,,Poison]Tornadus||RockyHelmet|Prankster|BleakwindStorm,RainDance,Tailwind,Protect|||M|||50|,,,,,Ghost]Landorus-Therian||ChoiceBand|Intimidate|StompingTantrum,RockSlide,Earthquake,Uturn|||M|||50|,,,,,Water]Ogerpon-Wellspring||WellspringMask|WaterAbsorb|IvyCudgel,WoodHammer,FollowMe,SpikyShield|||F|||50|,,,,,Water]Brambleghast||FocusSash|WindRider|Poltergeist,PowerWhip,ShadowSneak,Protect|||F|||50|,,,,,Ghost\n|j| Red Fang X\n|inactive|Battle timer is ON: inactive players will automatically lose when time's up. (requested by YoungCopatore)\n|\n|t:|1700576605\n|start\n|switch|p1a: Chien-Pao|Chien-Pao, L50|100\/100\n|switch|p1b: Landorus|Landorus-Therian, L50, M, shiny|100\/100\n|switch|p2a: Landorus|Landorus-Therian, L50, M|100\/100\n|switch|p2b: Tornadus|Tornadus, L50, M|100\/100\n|-ability|p1b: Landorus|Intimidate|boost\n|-unboost|p2a: Landorus|atk|1\n|-unboost|p2b: Tornadus|atk|1\n|-ability|p1a: Chien-Pao|Sword of Ruin\n|-ability|p2a: Landorus|Intimidate|boost\n|-unboost|p1a: Chien-Pao|atk|1\n|-unboost|p1b: Landorus|atk|1\n|turn|1\n|\n|t:|1700576617\n|move|p2b: Tornadus|Tailwind|p2b: Tornadus\n|-sidestart|p2: YoungCopatore|move: Tailwind\n|move|p2a: Landorus|U-turn|p1b: Landorus\n|-resisted|p1b: Landorus\n|-damage|p1b: Landorus|81\/100\n|\n|t:|1700576622\n|switch|p2a: Gholdengo|Gholdengo, L50|100\/100|[from] U-turn\n|move|p1b: Landorus|U-turn|p2a: Gholdengo\n|-resisted|p2a: Gholdengo\n|-damage|p2a: Gholdengo|95\/100\n|\n|t:|1700576626\n|switch|p1b: Heatran|Heatran, L50, M, shiny|100\/100|[from] U-turn\n|move|p1a: Chien-Pao|Icicle Crash|p2b: Tornadus\n|-supereffective|p2b: Tornadus\n|-damage|p2b: Tornadus|32\/100\n|\n|-heal|p2a: Gholdengo|100\/100|[from] item: Leftovers\n|upkeep\n|turn|2\n|j| FrostKartana\n|\n|t:|1700576642\n|switch|p2b: Landorus|Landorus-Therian, L50, M|100\/100\n|-ability|p2b: Landorus|Intimidate|boost\n|-unboost|p1a: Chien-Pao|atk|1\n|-unboost|p1b: Heatran|atk|1\n|-terastallize|p2a: Gholdengo|Dragon\n|move|p2a: Gholdengo|Nasty Plot|p2a: Gholdengo\n|-boost|p2a: Gholdengo|spa|2\n|move|p1a: Chien-Pao|Icicle Crash|p2a: Gholdengo\n|-supereffective|p2a: Gholdengo\n|-damage|p2a: Gholdengo|44\/100\n|move|p1b: Heatran|Earth Power|p2a: Gholdengo\n|-damage|p2a: Gholdengo|14\/100\n|-unboost|p2a: Gholdengo|spd|1\n|\n|-heal|p2a: Gholdengo|20\/100|[from] item: Leftovers\n|upkeep\n|turn|3\n|inactive|YoungCopatore has 30 seconds left.\n|\n|t:|1700576670\n|switch|p1a: Iron Hands|Iron Hands, L50|100\/100\n|move|p2a: Gholdengo|Protect|p2a: Gholdengo\n|-singleturn|p2a: Gholdengo|Protect\n|move|p1b: Heatran|Protect|p1b: Heatran\n|-singleturn|p1b: Heatran|Protect\n|move|p2b: Landorus|U-turn|p1a: Iron Hands\n|-resisted|p1a: Iron Hands\n|-damage|p1a: Iron Hands|87\/100\n|\n|t:|1700576681\n|switch|p2b: Brambleghast|Brambleghast, L50, F|100\/100|[from] U-turn\n|-ability|p2b: Brambleghast|Wind Rider|boost\n|-boost|p2b: Brambleghast|atk|1\n|\n|-heal|p2a: Gholdengo|26\/100|[from] item: Leftovers\n|upkeep\n|turn|4\n|\n|t:|1700576700\n|move|p1a: Iron Hands|Fake Out|p2a: Gholdengo\n|-damage|p2a: Gholdengo|11\/100\n|move|p2b: Brambleghast|Poltergeist|p1b: Heatran\n|-activate|p1b: Heatran|move: Poltergeist|Leftovers\n|-damage|p1b: Heatran|30\/100\n|cant|p2a: Gholdengo|flinch\n|move|p1b: Heatran|Flash Cannon|p2a: Gholdengo\n|-damage|p2a: Gholdengo|0 fnt\n|faint|p2a: Gholdengo\n|\n|-heal|p1b: Heatran|36\/100|[from] item: Leftovers\n|-sideend|p2: YoungCopatore|move: Tailwind\n|upkeep\n|inactive|YoungCopatore has 30 seconds left.\n|\n|t:|1700576732\n|switch|p2a: Landorus|Landorus-Therian, L50, M|100\/100\n|-ability|p2a: Landorus|Intimidate|boost\n|-unboost|p1a: Iron Hands|atk|1\n|-unboost|p1b: Heatran|atk|1\n|turn|5\n|\n|t:|1700576748\n|-end|p1a: Iron Hands|Quark Drive|[silent]\n|switch|p1a: Landorus|Landorus-Therian, L50, M, shiny|81\/100\n|-ability|p1a: Landorus|Intimidate|boost\n|-unboost|p2a: Landorus|atk|1\n|-unboost|p2b: Brambleghast|atk|1\n|move|p2b: Brambleghast|Poltergeist|p1a: Landorus\n|-activate|p1a: Landorus|move: Poltergeist|Choice Scarf\n|-damage|p1a: Landorus|21\/100\n|move|p2a: Landorus|U-turn|p1a: Landorus\n|-resisted|p1a: Landorus\n|-damage|p1a: Landorus|7\/100\n|\n|t:|1700576757\n|switch|p2a: Tornadus|Tornadus, L50, M|32\/100|[from] U-turn\n|move|p1b: Heatran|Flash Cannon|p2b: Brambleghast\n|-damage|p2b: Brambleghast|24\/100\n|\n|-heal|p1b: Heatran|42\/100|[from] item: Leftovers\n|upkeep\n|turn|6\n|\n|t:|1700576773\n|move|p2a: Tornadus|Tailwind|p2a: Tornadus\n|-sidestart|p2: YoungCopatore|move: Tailwind\n|-ability|p2b: Brambleghast|Wind Rider|boost\n|-boost|p2b: Brambleghast|atk|1\n|move|p2b: Brambleghast|Poltergeist|p1b: Heatran\n|-activate|p1b: Heatran|move: Poltergeist|Leftovers\n|-damage|p1b: Heatran|0 fnt\n|faint|p1b: Heatran\n|move|p1a: Landorus|Rock Slide|p2b: Brambleghast|[spread] p2a,p2b\n|-supereffective|p2a: Tornadus\n|-damage|p2a: Tornadus|0 fnt\n|-damage|p2b: Brambleghast|0 fnt\n|faint|p2a: Tornadus\n|faint|p2b: Brambleghast\n|\n|upkeep\n|j|#DaWoblefet\n|\n|t:|1700576784\n|switch|p2b: Landorus|Landorus-Therian, L50, M|100\/100\n|switch|p1b: Iron Hands|Iron Hands, L50|87\/100\n|-ability|p2b: Landorus|Intimidate|boost\n|-unboost|p1a: Landorus|atk|1\n|-unboost|p1b: Iron Hands|atk|1\n|turn|7\n|\n|t:|1700576788\n|switch|p1a: Chien-Pao|Chien-Pao, L50|100\/100\n|-ability|p1a: Chien-Pao|Sword of Ruin\n|move|p1b: Iron Hands|Fake Out|p2b: Landorus\n|-damage|p2b: Landorus|88\/100\n|cant|p2b: Landorus|flinch\n|\n|upkeep\n|turn|8\n|\n|t:|1700576798\n|-end|p1b: Iron Hands|Quark Drive|[silent]\n|switch|p1b: Landorus|Landorus-Therian, L50, M, shiny|7\/100\n|-ability|p1b: Landorus|Intimidate|boost\n|-unboost|p2b: Landorus|atk|1\n|-terastallize|p1a: Chien-Pao|Ghost\n|move|p2b: Landorus|Rock Slide|p1a: Chien-Pao|[spread] p1a,p1b\n|-damage|p1a: Chien-Pao|74\/100\n|-damage|p1b: Landorus|0 fnt\n|faint|p1b: Landorus\n|move|p1a: Chien-Pao|Icicle Crash|p2b: Landorus\n|-supereffective|p2b: Landorus\n|-damage|p2b: Landorus|0 fnt\n|faint|p2b: Landorus\n|\n|win|paolance\n|c|\u2606paolance|ggwp\n","uploadtime":1700576810,"views":10,"p1id":"paolance","p2id":"youngcopatore","formatid":"gen9vgc2023regulatione","rating":0,"private":0,"password":""}