{"id":"gen9vgc2023regulatione-1995864960","p1":"Bra1l3y","p2":"misoup29","format":"[Gen 9] VGC 2023 Regulation E","log":"|j|\u2606Bra1l3y\n|j|\u2606misoup29\n|t:|1700611160\n|gametype|doubles\n|player|p1|Bra1l3y|ghetsis-gen5bw|1275\n|player|p2|misoup29|266|1281\n|teamsize|p1|6\n|teamsize|p2|6\n|gen|9\n|tier|[Gen 9] VGC 2023 Regulation E\n|rated|\n|rule|Species Clause: Limit one of each Pok\u00e9mon\n|rule|Item Clause: Limit one of each item\n|clearpoke\n|poke|p1|Weezing, L50, M|\n|poke|p1|Roaring Moon, L50|\n|poke|p1|Heatran, L50, F|\n|poke|p1|Rillaboom, L50, M|\n|poke|p1|Iron Hands, L50|\n|poke|p1|Landorus-Therian, L50, M|\n|poke|p2|Landorus-Therian, L50, M|\n|poke|p2|Ogerpon-Wellspring, L50, F|\n|poke|p2|Weezing, L50, M|\n|poke|p2|Iron Hands, L50|\n|poke|p2|Flutter Mane, L50|\n|poke|p2|Roaring Moon, L50|\n|teampreview|4\n|inactive|Battle timer is ON: inactive players will automatically lose when time's up. (requested by misoup29)\n|j| iIlluminight\n|c|\u2606Bra1l3y|well then\n|c|\u2606Bra1l3y|a fellow weeping king\n|c|\u2606Bra1l3y|go easy on me <3\n|inactive|Bra1l3y has 60 seconds left.\n|inactive|misoup29 has 60 seconds left.\n|\n|t:|1700611210\n|start\n|switch|p1a: Heatran|Heatran, L50, F|100\/100\n|switch|p1b: Weezing|Weezing, L50, M, shiny|100\/100\n|switch|p2a: Weezing|Weezing, L50, M, shiny|100\/100\n|switch|p2b: Flutter Mane|Flutter Mane, L50|100\/100\n|-ability|p2a: Weezing|Neutralizing Gas\n|-ability|p1b: Weezing|Neutralizing Gas\n|turn|1\n|\n|t:|1700611232\n|-end|p2b: Flutter Mane|Protosynthesis|[silent]\n|switch|p2b: Iron Hands|Iron Hands, L50|100\/100\n|move|p1b: Weezing|Protect|p1b: Weezing\n|-singleturn|p1b: Weezing|Protect\n|move|p1a: Heatran|Flash Cannon|p2b: Iron Hands\n|-resisted|p2b: Iron Hands\n|-damage|p2b: Iron Hands|87\/100\n|move|p2a: Weezing|Taunt|p1b: Weezing\n|-activate|p1b: Weezing|move: Protect\n|\n|upkeep\n|turn|2\n|\n|t:|1700611252\n|switch|p1b: Rillaboom|Rillaboom, L50, M|100\/100\n|move|p2b: Iron Hands|Fake Out|p1b: Rillaboom\n|-crit|p1b: Rillaboom\n|-damage|p1b: Rillaboom|74\/100\n|move|p1a: Heatran|Heat Wave|p2b: Iron Hands|[spread] p2a,p2b\n|-damage|p2a: Weezing|58\/100\n|-damage|p2b: Iron Hands|65\/100\n|move|p2a: Weezing|Taunt|p1b: Rillaboom\n|-start|p1b: Rillaboom|move: Taunt\n|\n|upkeep\n|turn|3\n|\n|t:|1700611268\n|move|p1b: Rillaboom|Fake Out|p2a: Weezing\n|-damage|p2a: Weezing|48\/100\n|-enditem|p2a: Weezing|Sitrus Berry|[eat]\n|-heal|p2a: Weezing|73\/100|[from] item: Sitrus Berry\n|move|p1a: Heatran|Earth Power|p2b: Iron Hands\n|-supereffective|p2b: Iron Hands\n|-damage|p2b: Iron Hands|27\/100\n|-unboost|p2b: Iron Hands|spd|1\n|move|p2b: Iron Hands|Drain Punch|p1a: Heatran\n|-supereffective|p1a: Heatran\n|-crit|p1a: Heatran\n|-damage|p1a: Heatran|0 fnt\n|-heal|p2b: Iron Hands|70\/100|[from] drain|[of] p1a: Heatran\n|faint|p1a: Heatran\n|cant|p2a: Weezing|flinch\n|\n|upkeep\n|l| iIlluminight\n|\n|t:|1700611283\n|switch|p1a: Roaring Moon|Roaring Moon, L50, shiny|100\/100\n|-enditem|p1a: Roaring Moon|Booster Energy\n|-activate|p1a: Roaring Moon|ability: Protosynthesis|[fromitem]\n|-start|p1a: Roaring Moon|protosynthesisatk\n|turn|4\n|inactive|Bra1l3y has 30 seconds left.\n|inactive|misoup29 has 30 seconds left.\n|\n|t:|1700611315\n|-end|p2b: Iron Hands|Quark Drive|[silent]\n|switch|p2b: Flutter Mane|Flutter Mane, L50|100\/100\n|move|p1a: Roaring Moon|Dragon Claw|p2b: Flutter Mane\n|-immune|p2b: Flutter Mane\n|move|p1b: Rillaboom|High Horsepower|p2b: Flutter Mane\n|-damage|p2b: Flutter Mane|35\/100\n|move|p2a: Weezing|Will-O-Wisp|p1a: Roaring Moon\n|-status|p1a: Roaring Moon|brn\n|\n|-damage|p1a: Roaring Moon|94\/100 brn|[from] brn\n|-end|p1b: Rillaboom|move: Taunt\n|upkeep\n|turn|5\n|inactive|misoup29 has 30 seconds left.\n|\n|t:|1700611343\n|-end|p1a: Roaring Moon|Protosynthesis|[silent]\n|switch|p1a: Weezing|Weezing, L50, M, shiny|100\/100\n|-ability|p1a: Weezing|Neutralizing Gas\n|-terastallize|p2b: Flutter Mane|Fairy\n|move|p2b: Flutter Mane|Dazzling Gleam|p1b: Rillaboom|[spread] p1a,p1b\n|-resisted|p1a: Weezing\n|-damage|p1a: Weezing|67\/100\n|-damage|p1b: Rillaboom|0 fnt\n|faint|p1b: Rillaboom\n|move|p2a: Weezing|Will-O-Wisp|p1a: Weezing|[miss]\n|-miss|p2a: Weezing|p1a: Weezing\n|\n|upkeep\n|\n|t:|1700611355\n|switch|p1b: Roaring Moon|Roaring Moon, L50, shiny|94\/100 brn\n|turn|6\n|inactive|Bra1l3y has 30 seconds left.\n|\n|t:|1700611384\n|-terastallize|p1b: Roaring Moon|Flying\n|move|p2b: Flutter Mane|Dazzling Gleam|p1b: Roaring Moon|[spread] p1a,p1b\n|-resisted|p1a: Weezing\n|-damage|p1a: Weezing|33\/100\n|-damage|p1b: Roaring Moon|29\/100 brn\n|-enditem|p1a: Weezing|Sitrus Berry|[eat]\n|-heal|p1a: Weezing|58\/100|[from] item: Sitrus Berry\n|move|p1b: Roaring Moon|Acrobatics|p2a: Weezing\n|-damage|p2a: Weezing|52\/100\n|move|p2a: Weezing|Taunt|p1a: Weezing\n|-start|p1a: Weezing|move: Taunt\n|move|p1a: Weezing|Gunk Shot|p2b: Flutter Mane\n|-supereffective|p2b: Flutter Mane\n|-damage|p2b: Flutter Mane|0 fnt\n|faint|p2b: Flutter Mane\n|-end|p2b: Flutter Mane|Protosynthesis|[silent]\n|\n|-damage|p1b: Roaring Moon|23\/100 brn|[from] brn\n|upkeep\n|\n|t:|1700611406\n|switch|p2b: Iron Hands|Iron Hands, L50|70\/100\n|turn|7\n|\n|t:|1700611430\n|move|p1b: Roaring Moon|Knock Off|p2b: Iron Hands\n|-resisted|p2b: Iron Hands\n|-damage|p2b: Iron Hands|60\/100\n|-enditem|p2b: Iron Hands|Assault Vest|[from] move: Knock Off|[of] p1b: Roaring Moon\n|move|p2b: Iron Hands|Wild Charge|p1b: Roaring Moon\n|-supereffective|p1b: Roaring Moon\n|-damage|p1b: Roaring Moon|0 fnt\n|faint|p1b: Roaring Moon\n|-end|p1b: Roaring Moon|Protosynthesis|[silent]\n|-damage|p2b: Iron Hands|56\/100|[from] Recoil\n|move|p2a: Weezing|Sludge Bomb|p1a: Weezing\n|-resisted|p1a: Weezing\n|-damage|p1a: Weezing|43\/100\n|move|p1a: Weezing|Gunk Shot|p2b: Iron Hands\n|-damage|p2b: Iron Hands|27\/100\n|\n|upkeep\n|turn|8\n|\n|t:|1700611452\n|move|p2b: Iron Hands|Wild Charge|p1a: Weezing\n|-damage|p1a: Weezing|6\/100\n|-damage|p2b: Iron Hands|20\/100|[from] Recoil\n|move|p2a: Weezing|Sludge Bomb|p1a: Weezing\n|-resisted|p1a: Weezing\n|-damage|p1a: Weezing|0 fnt\n|faint|p1a: Weezing\n|\n|win|misoup29\n|raw|Bra1l3y's rating: 1275 &rarr; <strong>1250<\/strong><br \/>(-25 for losing)\n|raw|misoup29's rating: 1281 &rarr; <strong>1306<\/strong><br \/>(+25 for winning)\n","uploadtime":1700611465,"views":7,"p1id":"bra1l3y","p2id":"misoup29","formatid":"gen9vgc2023regulatione","rating":1250,"private":0,"password":""}