{"id":"gen9vgc2023regulatione-1989721142","p1":"ryanogiggs11","p2":"LiluziHit","format":"[Gen 9] VGC 2023 Regulation E","log":"|j|\u2606ryanogiggs11\n|j|\u2606LiluziHit\n|n|\u2606ryanogiggs11|ryanogiggs11\n|n|\u2606LiluziHit|liluzihit\n|html|View the match progress at <a href=\"\/game-bestof3-gen9vgc2023regulatione-1989721141\">game-bestof3-gen9vgc2023regulatione-1989721141<\/a>\n|t:|1699890004\n|gametype|doubles\n|player|p1|ryanogiggs11|266|\n|player|p2|LiluziHit|blue|\n|teamsize|p1|6\n|teamsize|p2|6\n|gen|9\n|tier|[Gen 9] VGC 2023 Regulation E\n|rule|Species Clause: Limit one of each Pok\u00e9mon\n|rule|Item Clause: Limit one of each item\n|clearpoke\n|poke|p1|Clefairy, L50, F|\n|poke|p1|Snorlax, L50, M|\n|poke|p1|Gyarados, L50, F|\n|poke|p1|Landorus, L50, M|\n|poke|p1|Spiritomb, L50, M|\n|poke|p1|Heracross, L50, F|\n|poke|p2|Kingambit, L50, F|\n|poke|p2|Landorus-Therian, L50, M|\n|poke|p2|Ursaluna-Bloodmoon, L50, M|\n|poke|p2|Dusknoir, L50, F|\n|poke|p2|Munkidori, L50, M|\n|poke|p2|Scovillain, L50, F|\n|teampreview|4\n|c|\u2606ryanogiggs11|Ayeeee\n|c|\u2606LiluziHit|scovillain is here\n|c|\u2606ryanogiggs11|Goat\n|\n|t:|1699890076\n|start\n|switch|p1a: Clefairy|Clefairy, L50, F|100\/100\n|switch|p1b: Bob|Snorlax, L50, M, shiny|100\/100\n|switch|p2a: Kingambit|Kingambit, L50, F|100\/100\n|switch|p2b: Munkidori|Munkidori, L50, M|100\/100\n|turn|1\n|\n|t:|1699890108\n|move|p1a: Clefairy|Protect|p1a: Clefairy\n|-singleturn|p1a: Clefairy|Protect\n|move|p1b: Bob|Protect|p1b: Bob\n|-singleturn|p1b: Bob|Protect\n|move|p2b: Munkidori|Parting Shot|p1b: Bob\n|-activate|p1b: Bob|move: Protect\n|move|p2a: Kingambit|Iron Head|p1a: Clefairy\n|-activate|p1a: Clefairy|move: Protect\n|\n|upkeep\n|turn|2\n|\n|t:|1699890133\n|-terastallize|p1a: Clefairy|Water\n|move|p1a: Clefairy|Follow Me|p1a: Clefairy\n|-singleturn|p1a: Clefairy|move: Follow Me\n|move|p2b: Munkidori|Taunt|p1a: Clefairy\n|-start|p1a: Clefairy|move: Taunt\n|move|p2a: Kingambit|Kowtow Cleave|p1a: Clefairy\n|-damage|p1a: Clefairy|58\/100\n|move|p1b: Bob|Belly Drum|p1b: Bob\n|-damage|p1b: Bob|50\/100\n|-setboost|p1b: Bob|atk|6|[from] move: Belly Drum\n|-enditem|p1b: Bob|Figy Berry|[eat]\n|-heal|p1b: Bob|84\/100|[from] item: Figy Berry\n|\n|upkeep\n|turn|3\n|\n|t:|1699890147\n|switch|p1a: Ermac|Spiritomb, L50, M|100\/100\n|move|p2a: Kingambit|Protect|p2a: Kingambit\n|-singleturn|p2a: Kingambit|Protect\n|move|p1b: Bob|Protect|p1b: Bob\n|-singleturn|p1b: Bob|Protect\n|move|p2b: Munkidori|Parting Shot|p1b: Bob\n|-activate|p1b: Bob|move: Protect\n|\n|upkeep\n|turn|4\n|\n|t:|1699890167\n|switch|p2a: Landorus|Landorus-Therian, L50, M|100\/100\n|-ability|p2a: Landorus|Intimidate|boost\n|-unboost|p1a: Ermac|atk|1\n|-unboost|p1b: Bob|atk|1\n|move|p2b: Munkidori|Parting Shot|p1b: Bob\n|-unboost|p1b: Bob|atk|1\n|-unboost|p1b: Bob|spa|1\n|\n|t:|1699890174\n|switch|p2b: Scovillain|Scovillain, L50, F|100\/100|[from] Parting Shot\n|move|p1a: Ermac|Will-O-Wisp|p2a: Landorus\n|-status|p2a: Landorus|brn\n|move|p1b: Bob|Facade|p2b: Scovillain\n|-crit|p2b: Scovillain\n|-damage|p2b: Scovillain|0 fnt\n|-damage|p1b: Bob|67\/100|[from] item: Rocky Helmet|[of] p2b: Scovillain\n|faint|p2b: Scovillain\n|\n|-damage|p2a: Landorus|94\/100 brn|[from] brn\n|upkeep\n|\n|t:|1699890182\n|switch|p2b: Munkidori|Munkidori, L50, M|100\/100\n|turn|5\n|\n|t:|1699890212\n|switch|p1a: Clefairy|Clefairy, L50, F, tera:Water|58\/100\n|move|p1b: Bob|Protect|p1b: Bob\n|-singleturn|p1b: Bob|Protect\n|move|p2b: Munkidori|Fake Out|p1b: Bob\n|-activate|p1b: Bob|move: Protect\n|move|p2a: Landorus|Rock Slide|p1a: Clefairy|[spread] p1a\n|-activate|p1b: Bob|move: Protect\n|-damage|p1a: Clefairy|50\/100\n|\n|-damage|p2a: Landorus|88\/100 brn|[from] brn\n|upkeep\n|turn|6\n|\n|t:|1699890230\n|move|p1a: Clefairy|Follow Me|p1a: Clefairy\n|-singleturn|p1a: Clefairy|move: Follow Me\n|move|p2b: Munkidori|Sludge Wave|p1b: Bob|[spread] p2a,p1a,p1b\n|-resisted|p2a: Landorus\n|-damage|p2a: Landorus|77\/100 brn\n|-damage|p1a: Clefairy|23\/100\n|-damage|p1b: Bob|52\/100\n|move|p2a: Landorus|Rock Slide|p1b: Bob|[spread] p1a,p1b\n|-damage|p1a: Clefairy|15\/100\n|-damage|p1b: Bob|45\/100\n|move|p1b: Bob|Facade|p2a: Landorus\n|-damage|p2a: Landorus|0 fnt\n|faint|p2a: Landorus\n|\n|upkeep\n|\n|t:|1699890240\n|switch|p2a: Kingambit|Kingambit, L50, F|100\/100\n|turn|7\n|c|\u2606ryanogiggs11|You aint built like mattchu\n|\n|t:|1699890265\n|move|p1a: Clefairy|Follow Me|p1a: Clefairy\n|-singleturn|p1a: Clefairy|move: Follow Me\n|move|p2b: Munkidori|Sludge Wave|p1b: Bob|[spread] p1a,p1b\n|-immune|p2a: Kingambit\n|-crit|p1a: Clefairy\n|-damage|p1a: Clefairy|0 fnt\n|-damage|p1b: Bob|31\/100\n|-status|p1b: Bob|tox|[from] ability: Toxic Chain|[of] p2b: Munkidori\n|faint|p1a: Clefairy\n|move|p2a: Kingambit|Kowtow Cleave|p1b: Bob\n|-damage|p1b: Bob|0 fnt\n|faint|p1b: Bob\n|\n|upkeep\n|\n|t:|1699890277\n|switch|p1a: Ermac|Spiritomb, L50, M|100\/100\n|switch|p1b: Herbie|Heracross, L50, F, shiny|100\/100\n|turn|8\n|\n|t:|1699890303\n|-terastallize|p2b: Munkidori|Flying\n|move|p1b: Herbie|Protect|p1b: Herbie\n|-singleturn|p1b: Herbie|Protect\n|move|p2a: Kingambit|Protect|p2a: Kingambit\n|-singleturn|p2a: Kingambit|Protect\n|move|p2b: Munkidori|Sludge Wave|p1a: Ermac|[spread] p1a\n|-activate|p2a: Kingambit|move: Protect\n|-activate|p1b: Herbie|move: Protect\n|-resisted|p1a: Ermac\n|-damage|p1a: Ermac|85\/100\n|-status|p1a: Ermac|tox|[from] ability: Toxic Chain|[of] p2b: Munkidori\n|move|p1a: Ermac|Will-O-Wisp|p2a: Kingambit\n|-activate|p2a: Kingambit|move: Protect\n|\n|-damage|p1a: Ermac|79\/100 tox|[from] psn\n|upkeep\n|turn|9\n|\n|t:|1699890334\n|move|p1a: Ermac|Ally Switch|p1a: Ermac\n|swap|p1a: Ermac|1|[from] move: Ally Switch\n|move|p2a: Kingambit|Sucker Punch||[still]\n|-fail|p2a: Kingambit\n|move|p2b: Munkidori|Sludge Wave|p1a: Herbie|[spread] p1a,p1b\n|-immune|p2a: Kingambit\n|-resisted|p1b: Ermac\n|-damage|p1a: Herbie|69\/100\n|-damage|p1b: Ermac|65\/100 tox\n|move|p1a: Herbie|Close Combat|p2a: Kingambit\n|-supereffective|p2a: Kingambit\n|-damage|p2a: Kingambit|0 fnt\n|-unboost|p1a: Herbie|def|1\n|-unboost|p1a: Herbie|spd|1\n|faint|p2a: Kingambit\n|-ability|p1a: Herbie|Moxie|boost\n|-boost|p1a: Herbie|atk|1\n|\n|-damage|p1b: Ermac|53\/100 tox|[from] psn\n|upkeep\n|turn|10\n|\n|t:|1699890367\n|move|p1a: Herbie|Protect|p1a: Herbie\n|-singleturn|p1a: Herbie|Protect\n|move|p2b: Munkidori|Parting Shot|p1a: Herbie\n|-activate|p1a: Herbie|move: Protect\n|move|p1b: Ermac|Trick Room|p1b: Ermac\n|-fieldstart|move: Trick Room|[of] p1b: Ermac\n|\n|-damage|p1b: Ermac|36\/100 tox|[from] psn\n|upkeep\n|turn|11\n|\n|t:|1699890381\n|move|p1b: Ermac|Pain Split|p2b: Munkidori\n|-sethp|p2b: Munkidori|65\/100|[from] move: Pain Split|[silent]\n|-sethp|p1b: Ermac|80\/100 tox|[from] move: Pain Split\n|move|p1a: Herbie|Rock Blast|p2b: Munkidori\n|-supereffective|p2b: Munkidori\n|-damage|p2b: Munkidori|29\/100\n|-supereffective|p2b: Munkidori\n|-damage|p2b: Munkidori|0 fnt\n|faint|p2b: Munkidori\n|-hitcount|p2: Munkidori|2\n|\n|win|ryanogiggs11\n|c|&|\/uhtml prompt-liluzihit,LiluziHit is ready for game 2!\n|c|\u2606ryanogiggs11|ggs\n|inactive|ryanogiggs11 has 50 seconds to confirm battle start!\n|c|\u2606LiluziHit|gg\n|c|&|\/uhtml prompt-ryanogiggs11,ryanogiggs11 is ready for game 2!\nBoth players are ready! Starting next match!\n","uploadtime":1699890700,"views":9,"p1id":"ryanogiggs11","p2id":"liluzihit","formatid":"gen9vgc2023regulatione","rating":0,"private":0,"password":""}