{"id":"gen9vgc2023regulatione-1993567212","p1":"Hoi10A","p2":"David Krow","format":"[Gen 9] VGC 2023 Regulation E","log":"|j|\u2606Hoi10A\n|j|\u2606David Krow\n|n|\u2606Hoi10A|hoi10a\n|n|\u2606David Krow|davidkrow\n|html|View the match progress at <a href=\"\/game-bestof3-gen9vgc2023regulatione-1993564836\">game-bestof3-gen9vgc2023regulatione-1993564836<\/a>\n|t:|1700332562\n|gametype|doubles\n|player|p1|Hoi10A|harlequin|\n|player|p2|David Krow|gambler|\n|teamsize|p1|6\n|teamsize|p2|6\n|gen|9\n|tier|[Gen 9] VGC 2023 Regulation E\n|rule|Species Clause: Limit one of each Pok\u00e9mon\n|rule|Item Clause: Limit one of each item\n|clearpoke\n|poke|p1|Dondozo, L50, F|\n|poke|p1|Amoonguss, L50, M|\n|poke|p1|Cyclizar, L50, M|\n|poke|p1|Tatsugiri-Droopy, L50, F|\n|poke|p1|Sinistcha, L50|\n|poke|p1|Flamigo, L50, F|\n|poke|p2|Sinistcha-Masterpiece, L50|\n|poke|p2|Gholdengo, L50|\n|poke|p2|Gliscor, L50, F|\n|poke|p2|Brambleghast, L50, F|\n|poke|p2|Dragonite, L50, F|\n|poke|p2|Dugtrio, L50, M|\n|teampreview|4\n|inactive|Battle timer is ON: inactive players will automatically lose when time's up. (requested by David Krow)\n|inactiveoff|Battle timer is now OFF.\nDavid Krow has agreed to open team sheets.\n|j| ShinyLucarioXD\n|c|\u2606David Krow|bello\nHoi10A has agreed to open team sheets.\n|showteam|p1|Dondozo||Leftovers|Unaware|Protect,Fissure,WaveCrash,OrderUp|||F|||50|,,,,,Steel]Amoonguss||RockyHelmet|Regenerator|Protect,RagePowder,Spore,PollenPuff|||M|||50|,,,,,Water]Cyclizar||MentalHerb|Regenerator|ShedTail,Taunt,Protect,DracoMeteor|||M|||50|,,,,,Ghost]Tatsugiri-Droopy||ToxicOrb|Commander|Protect,HelpingHand,Taunt,DracoMeteor|||F|||50|,,,,,Fire]Sinistcha||SitrusBerry|Hospitality|Protect,RagePowder,StrengthSap,MatchaGotcha||||||50|,,,,,Fairy]Flamigo||WhiteHerb|Costar|Protect,Roost,BraveBird,CloseCombat|||F|||50|,,,,,Grass\n|showteam|p2|Sinistcha-Masterpiece||Leftovers|Hospitality|CalmMind,MatchaGotcha,Scald,StrengthSap||||||50|,,,,,Steel]Gholdengo||MirrorHerb|GoodasGold|Protect,DazzlingGleam,MakeItRain,Recover||||||50|,,,,,Steel]Gliscor||ToxicOrb|PoisonHeal|Protect,Earthquake,Tailwind,Uturn|||F|||50|,,,,,Fairy]Brambleghast||LifeOrb|WindRider|Poltergeist,SeedBomb,StrengthSap,Protect|||F|||50|,,,,,Ghost]Dragonite||AssaultVest|Multiscale|DragonTail,ExtremeSpeed,LowKick,IronHead|||F|||50|,,,,,Steel]Dugtrio||FocusSash|ArenaTrap|Earthquake,RockSlide,SuckerPunch,HelpingHand|||M|||50|,,,,,Ground\n|c|\u2606Hoi10A|yo\n|\n|t:|1700332613\n|start\n|switch|p1a: public transit|Cyclizar, L50, M, shiny|100\/100\n|switch|p1b: mr beast|Tatsugiri-Droopy, L50, F, shiny|100\/100\n|switch|p2a: Russian Spy|Gliscor, L50, F|100\/100\n|switch|p2b: Surface Lie|Dugtrio, L50, M|100\/100\n|turn|1\n|\n|t:|1700332628\n|move|p1b: mr beast|Protect|p1b: mr beast\n|-singleturn|p1b: mr beast|Protect\n|move|p1a: public transit|Protect|p1a: public transit\n|-singleturn|p1a: public transit|Protect\n|move|p2b: Surface Lie|Rock Slide|p1b: mr beast|[spread] \n|-activate|p1a: public transit|move: Protect\n|-activate|p1b: mr beast|move: Protect\n|move|p2a: Russian Spy|Tailwind|p2a: Russian Spy\n|-sidestart|p2: David Krow|move: Tailwind\n|\n|-status|p2a: Russian Spy|tox|[from] item: Toxic Orb\n|-status|p1b: mr beast|tox|[from] item: Toxic Orb\n|upkeep\n|turn|2\n|\n|t:|1700332667\n|move|p2b: Surface Lie|Earthquake|p1a: public transit|[spread] p1a,p1b\n|-immune|p2a: Russian Spy\n|-damage|p1a: public transit|53\/100\n|-damage|p1b: mr beast|33\/100 tox\n|move|p2a: Russian Spy|Earthquake|p1b: mr beast|[spread] p2b,p1a,p1b\n|-damage|p2b: Surface Lie|29\/100\n|-damage|p1a: public transit|14\/100\n|-damage|p1b: mr beast|0 fnt\n|faint|p1b: mr beast\n|move|p1a: public transit|Shed Tail|p1a: public transit\n|-fail|p1a: public transit|move: Shed Tail|[weak]\n|\n|upkeep\n|\n|t:|1700332678\n|switch|p1b: clash royale|Dondozo, L50, F, shiny|100\/100\n|turn|3\n|\n|t:|1700332692\n|move|p1a: public transit|Protect|p1a: public transit\n|-singleturn|p1a: public transit|Protect\n|move|p1b: clash royale|Protect|p1b: clash royale\n|-singleturn|p1b: clash royale|Protect\n|move|p2b: Surface Lie|Earthquake|p1a: public transit|[spread] \n|-activate|p1a: public transit|move: Protect\n|-activate|p1b: clash royale|move: Protect\n|-immune|p2a: Russian Spy\n|move|p2a: Russian Spy|U-turn|p1b: clash royale\n|-activate|p1b: clash royale|move: Protect\n|\n|upkeep\n|turn|4\n|\n|t:|1700332714\n|move|p2b: Surface Lie|Rock Slide|p1a: public transit|[spread] p1a,p1b\n|-damage|p1a: public transit|0 fnt\n|-damage|p1b: clash royale|89\/100\n|faint|p1a: public transit\n|move|p2a: Russian Spy|U-turn|p1b: clash royale\n|-damage|p1b: clash royale|79\/100\n|\n|t:|1700332721\n|switch|p2a: Gonna Die|Brambleghast, L50, F|100\/100|[from] U-turn\n|-ability|p2a: Gonna Die|Wind Rider|boost\n|-boost|p2a: Gonna Die|atk|1\n|cant|p1b: clash royale|flinch\n|\n|-heal|p1b: clash royale|86\/100|[from] item: Leftovers\n|-sideend|p2: David Krow|move: Tailwind\n|upkeep\n|\n|t:|1700332729\n|switch|p1a: iron glove|Flamigo, L50, F, shiny|100\/100\n|-copyboost|p1a: iron glove|p1b: clash royale|[from] ability: Costar\n|turn|5\n|\n|t:|1700332750\n|move|p2a: Gonna Die|Protect|p2a: Gonna Die\n|-singleturn|p2a: Gonna Die|Protect\n|move|p2b: Surface Lie|Rock Slide|p1a: iron glove|[spread] p1a,p1b\n|-damage|p1a: iron glove|79\/100\n|-damage|p1b: clash royale|75\/100\n|move|p1a: iron glove|Brave Bird|p2a: Gonna Die\n|-activate|p2a: Gonna Die|move: Protect\n|move|p1b: clash royale|Wave Crash|p2b: Surface Lie\n|-supereffective|p2b: Surface Lie\n|-damage|p2b: Surface Lie|0 fnt\n|faint|p2b: Surface Lie\n|-damage|p1b: clash royale|70\/100|[from] Recoil\n|\n|-heal|p1b: clash royale|77\/100|[from] item: Leftovers\n|upkeep\n|\n|t:|1700332762\n|switch|p2b: He Can Fly|Dragonite, L50, F|100\/100\n|turn|6\n|\n|t:|1700332799\n|-terastallize|p2a: Gonna Die|Ghost\n|move|p2b: He Can Fly|Extreme Speed|p1a: iron glove\n|-damage|p1a: iron glove|49\/100\n|move|p2a: Gonna Die|Poltergeist|p1b: clash royale\n|-activate|p1b: clash royale|move: Poltergeist|Leftovers\n|-damage|p1b: clash royale|25\/100\n|-damage|p2a: Gonna Die|90\/100|[from] item: Life Orb\n|move|p1a: iron glove|Brave Bird|p2a: Gonna Die\n|-damage|p2a: Gonna Die|0 fnt\n|faint|p2a: Gonna Die\n|-damage|p1a: iron glove|25\/100|[from] Recoil\n|move|p1b: clash royale|Order Up|p2b: He Can Fly\n|-supereffective|p2b: He Can Fly\n|-damage|p2b: He Can Fly|81\/100\n|\n|-heal|p1b: clash royale|31\/100|[from] item: Leftovers\n|upkeep\n|\n|t:|1700332820\n|switch|p2a: Russian Spy|Gliscor, L50, F|100\/100 tox\n|turn|7\n|\n|t:|1700332859\n|-terastallize|p1a: iron glove|Grass\n|move|p2a: Russian Spy|Protect|p2a: Russian Spy\n|-singleturn|p2a: Russian Spy|Protect\n|move|p2b: He Can Fly|Extreme Speed|p1a: iron glove\n|-damage|p1a: iron glove|0 fnt\n|faint|p1a: iron glove\n|move|p1b: clash royale|Wave Crash|p2a: Russian Spy\n|-activate|p2a: Russian Spy|move: Protect\n|\n|-heal|p1b: clash royale|37\/100|[from] item: Leftovers\n|upkeep\n|turn|8\n|\n|t:|1700332875\n|move|p1b: clash royale|Protect|p1b: clash royale\n|-singleturn|p1b: clash royale|Protect\n|move|p2a: Russian Spy|Earthquake|p1b: clash royale|[spread] \n|-activate|p1b: clash royale|move: Protect\n|-immune|p2b: He Can Fly\n|move|p2b: He Can Fly|Dragon Tail|p1b: clash royale\n|-activate|p1b: clash royale|move: Protect\n|\n|-heal|p1b: clash royale|43\/100|[from] item: Leftovers\n|upkeep\n|turn|9\n|\n|t:|1700332902\n|move|p2a: Russian Spy|Protect|p2a: Russian Spy\n|-singleturn|p2a: Russian Spy|Protect\n|move|p2b: He Can Fly|Low Kick|p1b: clash royale\n|-damage|p1b: clash royale|20\/100\n|move|p1b: clash royale|Fissure|p2a: Russian Spy\n|-activate|p2a: Russian Spy|move: Protect\n|\n|-heal|p1b: clash royale|27\/100|[from] item: Leftovers\n|upkeep\n|turn|10\n|\n|t:|1700332915\n|move|p2b: He Can Fly|Low Kick|p1b: clash royale\n|-damage|p1b: clash royale|4\/100\n|move|p2a: Russian Spy|Tailwind|p2a: Russian Spy\n|-sidestart|p2: David Krow|move: Tailwind\n|move|p1b: clash royale|Fissure|p2a: Russian Spy\n|-immune|p2a: Russian Spy\n|\n|-heal|p1b: clash royale|10\/100|[from] item: Leftovers\n|upkeep\n|turn|11\n|\n|t:|1700332924\n|move|p1b: clash royale|Protect|p1b: clash royale\n|-singleturn|p1b: clash royale|Protect\n|move|p2b: He Can Fly|Extreme Speed|p1b: clash royale\n|-activate|p1b: clash royale|move: Protect\n|move|p2a: Russian Spy|Earthquake|p1b: clash royale|[spread] \n|-activate|p1b: clash royale|move: Protect\n|-immune|p2b: He Can Fly\n|\n|-heal|p1b: clash royale|16\/100|[from] item: Leftovers\n|upkeep\n|turn|12\n|c|\u2606David Krow|gg\n|\n|t:|1700332936\n|move|p1b: clash royale|Protect|p1b: clash royale\n|-singleturn|p1b: clash royale|Protect\n|move|p2b: He Can Fly|Extreme Speed|p1b: clash royale\n|-activate|p1b: clash royale|move: Protect\n|move|p2a: Russian Spy|Earthquake|p1b: clash royale|[spread] \n|-activate|p1b: clash royale|move: Protect\n|-immune|p2b: He Can Fly\n|\n|-heal|p1b: clash royale|22\/100|[from] item: Leftovers\n|upkeep\n|turn|13\n|c|\u2606David Krow|eventually\n|c|\u2606Hoi10A|trolling\n|\n|t:|1700332950\n|move|p2b: He Can Fly|Extreme Speed|p1b: clash royale\n|-damage|p1b: clash royale|6\/100\n|move|p2a: Russian Spy|Earthquake|p1b: clash royale|[spread] p1b\n|-immune|p2b: He Can Fly\n|-damage|p1b: clash royale|0 fnt\n|faint|p1b: clash royale\n|\n|win|David Krow\n|l| ShinyLucarioXD\n|c|\u2606Hoi10A|gg\n","uploadtime":1700332980,"views":23,"p1id":"hoi10a","p2id":"davidkrow","formatid":"gen9vgc2023regulatione","rating":0,"private":0,"password":""}