{"id":"gen9vgc2023regulatione-1990533485","p1":"spb2332","p2":"CozmoBoom","format":"[Gen 9] VGC 2023 Regulation E","log":"|j|\u2606spb2332\n|j|\u2606CozmoBoom\n|t:|1699979299\n|gametype|doubles\n|player|p1|spb2332|lucas|1058\n|player|p2|CozmoBoom|102|1049\n|teamsize|p1|6\n|teamsize|p2|6\n|gen|9\n|tier|[Gen 9] VGC 2023 Regulation E\n|rated|\n|rule|Species Clause: Limit one of each Pok\u00e9mon\n|rule|Item Clause: Limit one of each item\n|clearpoke\n|poke|p1|Golem-Alola, L50, M|\n|poke|p1|Sinistcha, L50|\n|poke|p1|Dondozo, L50, F|\n|poke|p1|Iron Hands, L50|\n|poke|p1|Maushold, L50|\n|poke|p1|Rabsca, L50, F|\n|poke|p2|Urshifu-*, L50, F|\n|poke|p2|Krookodile, L50, M|\n|poke|p2|Iron Hands, L50|\n|poke|p2|Orthworm, L50, F|\n|poke|p2|Tornadus, L50, M|\n|poke|p2|Brute Bonnet, L50|\n|teampreview|4\n|\n|t:|1699979357\n|start\n|switch|p1a: Dondozo|Dondozo, L50, F|100\/100\n|switch|p1b: Rabsca|Rabsca, L50, F|100\/100\n|switch|p2a: Boat|Urshifu-Rapid-Strike, L50, F|100\/100\n|switch|p2b: Battery Acid|Krookodile, L50, M, shiny|100\/100\n|turn|1\n|\n|t:|1699979390\n|-terastallize|p2b: Battery Acid|Grass\n|move|p2a: Boat|Surging Strikes|p2b: Battery Acid\n|-resisted|p2b: Battery Acid\n|-crit|p2b: Battery Acid\n|-damage|p2b: Battery Acid|92\/100\n|-setboost|p2b: Battery Acid|atk|6|[from] ability: Anger Point\n|-resisted|p2b: Battery Acid\n|-crit|p2b: Battery Acid\n|-damage|p2b: Battery Acid|84\/100\n|-resisted|p2b: Battery Acid\n|-crit|p2b: Battery Acid\n|-damage|p2b: Battery Acid|76\/100\n|-hitcount|p2b: Battery Acid|3\n|move|p2b: Battery Acid|Earthquake|p1b: Rabsca|[spread] p2a,p1a,p1b\n|-resisted|p1b: Rabsca\n|-damage|p2a: Boat|0 fnt\n|-damage|p1a: Dondozo|29\/100\n|-damage|p1b: Rabsca|48\/100\n|faint|p2a: Boat\n|move|p1a: Dondozo|Yawn|p2b: Battery Acid\n|-start|p2b: Battery Acid|move: Yawn|[of] p1a: Dondozo\n|move|p1b: Rabsca|Trick Room|p1b: Rabsca\n|-fieldstart|move: Trick Room|[of] p1b: Rabsca\n|\n|-heal|p1a: Dondozo|35\/100|[from] item: Leftovers\n|-heal|p2b: Battery Acid|82\/100|[from] item: Leftovers\n|upkeep\n|\n|t:|1699979419\n|switch|p2a: Fungelion|Brute Bonnet, L50, shiny|100\/100\n|turn|2\n|\n|t:|1699979470\n|move|p1b: Rabsca|Protect|p1b: Rabsca\n|-singleturn|p1b: Rabsca|Protect\n|move|p1a: Dondozo|Yawn|p2a: Fungelion\n|-start|p2a: Fungelion|move: Yawn|[of] p1a: Dondozo\n|move|p2a: Fungelion|Seed Bomb|p1a: Dondozo\n|-supereffective|p1a: Dondozo\n|-damage|p1a: Dondozo|0 fnt\n|faint|p1a: Dondozo\n|move|p2b: Battery Acid|Rock Slide|p1b: Rabsca\n|-activate|p1b: Rabsca|move: Protect\n|\n|-heal|p2b: Battery Acid|88\/100|[from] item: Leftovers\n|-end|p2b: Battery Acid|move: Yawn|[silent]\n|-status|p2b: Battery Acid|slp\n|upkeep\n|\n|t:|1699979484\n|switch|p1a: Golem|Golem-Alola, L50, M|100\/100\n|turn|3\n|\n|t:|1699979505\n|-end|p2a: Fungelion|Protosynthesis|[silent]\n|switch|p2a: Quirrl|Tornadus, L50, M, shiny|100\/100\n|move|p1a: Golem|Explosion|p2a: Quirrl|[spread] p2a,p2b\n|-activate|p1b: Rabsca|ability: Telepathy\n|-supereffective|p2a: Quirrl\n|-resisted|p2b: Battery Acid\n|-damage|p2a: Quirrl|0 fnt\n|-damage|p2b: Battery Acid|20\/100 slp\n|faint|p1a: Golem\n|faint|p2a: Quirrl\n|move|p1b: Rabsca|Revival Blessing|p1b: Rabsca\n|-enditem|p1b: Rabsca|Leppa Berry|[eat]\n|-activate|p1b: Rabsca|item: Leppa Berry|Revival Blessing|[consumed]\n|\n|t:|1699979517\n|-heal|p1: Golem|50\/100|[from] move: Revival Blessing\n|switch|p1a: Golem|Golem-Alola, L50, M|50\/100\n|cant|p2b: Battery Acid|slp\n|\n|-heal|p2b: Battery Acid|26\/100 slp|[from] item: Leftovers\n|upkeep\n|\n|t:|1699979527\n|switch|p2a: Fungelion|Brute Bonnet, L50, shiny|100\/100\n|turn|4\n|\n|t:|1699979547\n|move|p2a: Fungelion|Sucker Punch|p1a: Golem\n|-damage|p1a: Golem|26\/100\n|move|p1a: Golem|Explosion|p2b: Battery Acid|[spread] p2a,p2b\n|-activate|p1b: Rabsca|ability: Telepathy\n|-resisted|p2a: Fungelion\n|-resisted|p2b: Battery Acid\n|-damage|p2a: Fungelion|51\/100\n|-damage|p2b: Battery Acid|0 fnt\n|faint|p1a: Golem\n|faint|p2b: Battery Acid\n|move|p1b: Rabsca|Revival Blessing|p1b: Rabsca\n|\n|t:|1699979558\n|-heal|p1: Golem|50\/100|[from] move: Revival Blessing\n|switch|p1a: Golem|Golem-Alola, L50, M|50\/100\n|\n|upkeep\n|turn|5\n|\n|t:|1699979572\n|move|p1b: Rabsca|Protect|p1b: Rabsca\n|-singleturn|p1b: Rabsca|Protect\n|move|p1a: Golem|Explosion|p2a: Fungelion|[spread] p2a\n|-activate|p1b: Rabsca|move: Protect\n|-resisted|p2a: Fungelion\n|-damage|p2a: Fungelion|2\/100\n|-enditem|p2a: Fungelion|Sitrus Berry|[eat]\n|-heal|p2a: Fungelion|27\/100|[from] item: Sitrus Berry\n|faint|p1a: Golem\n|move|p2a: Fungelion|Spore|p1b: Rabsca\n|-activate|p1b: Rabsca|move: Protect\n|\n|-fieldend|move: Trick Room\n|upkeep\n|\n|t:|1699979584\n|switch|p1a: Sinistcha|Sinistcha, L50|100\/100\n|-heal|p1b: Rabsca|72\/100|[from] ability: Hospitality|[of] p1a: Sinistcha\n|turn|6\n|\n|t:|1699979615\n|-terastallize|p1a: Sinistcha|Fire\n|move|p1a: Sinistcha|Nasty Plot|p1a: Sinistcha\n|-boost|p1a: Sinistcha|spa|2\n|move|p2a: Fungelion|Seed Bomb|p1b: Rabsca\n|-resisted|p1b: Rabsca\n|-damage|p1b: Rabsca|53\/100\n|move|p1b: Rabsca|Psychic|p2a: Fungelion\n|-immune|p2a: Fungelion\n|\n|upkeep\n|turn|7\n|\n|t:|1699979631\n|move|p2a: Fungelion|Sucker Punch|p1a: Sinistcha\n|-damage|p1a: Sinistcha|72\/100\n|move|p1a: Sinistcha|Matcha Gotcha|p2a: Fungelion\n|-resisted|p2a: Fungelion\n|-damage|p2a: Fungelion|0 fnt\n|-heal|p1a: Sinistcha|89\/100|[from] drain|[of] p2a: Fungelion\n|faint|p2a: Fungelion\n|-end|p2a: Fungelion|Protosynthesis|[silent]\n|\n|win|spb2332\n|raw|spb2332's rating: 1058 &rarr; <strong>1088<\/strong><br \/>(+30 for winning)\n|raw|CozmoBoom's rating: 1049 &rarr; <strong>1032<\/strong><br \/>(-17 for losing)\n|c|\u2606CozmoBoom|Gg\n|l|\u2606spb2332\n","uploadtime":1699979652,"views":10,"p1id":"spb2332","p2id":"cozmoboom","formatid":"gen9vgc2023regulatione","rating":1032,"private":0,"password":""}