{"id":"gen9vgc2023regulatione-1993066651","p1":"BunnyWarrior","p2":"MrDrProfEssional","format":"[Gen 9] VGC 2023 Regulation E","log":"|j|\u2606BunnyWarrior\n|j|\u2606MrDrProfEssional\n|n|\u2606BunnyWarrior|bunnywarrior\n|n|\u2606MrDrProfEssional|mrdrprofessional\n|html|View the match progress at <a href=\"\/game-bestof3-gen9vgc2023regulatione-1993060260\">game-bestof3-gen9vgc2023regulatione-1993060260<\/a>\n|t:|1700260979\n|gametype|doubles\n|player|p1|BunnyWarrior|skyla|\n|player|p2|MrDrProfEssional|266|\n|teamsize|p1|6\n|teamsize|p2|6\n|gen|9\n|tier|[Gen 9] VGC 2023 Regulation E\n|rule|Species Clause: Limit one of each Pok\u00e9mon\n|rule|Item Clause: Limit one of each item\n|clearpoke\n|poke|p1|Tyranitar, L50, F|\n|poke|p1|Kommo-o, L50, M|\n|poke|p1|Clefable, L50, F|\n|poke|p1|Rotom-Wash, L50|\n|poke|p1|Tauros-Paldea-Blaze, L50, M|\n|poke|p1|Bisharp, L50, F|\n|poke|p2|Urshifu-*, L50, M|\n|poke|p2|Pelipper, L50, M|\n|poke|p2|Poliwrath, L50, M|\n|poke|p2|Sinistcha-Masterpiece, L50|\n|poke|p2|Avalugg, L50, M|\n|poke|p2|Yanmega, L50, M|\n|teampreview|4\nBunnyWarrior rejected open team sheets.\n|\n|t:|1700261069\n|start\n|switch|p1a: bad2|Clefable, L50, F|100\/100\n|switch|p1b: bad4|Tauros-Paldea-Blaze, L50, M|100\/100\n|switch|p2a: Pelipper|Pelipper, L50, M|100\/100\n|switch|p2b: Poliwrath|Poliwrath, L50, M|100\/100\n|-ability|p1b: bad4|Intimidate|boost\n|-unboost|p2a: Pelipper|atk|1\n|-unboost|p2b: Poliwrath|atk|1\n|-weather|RainDance|[from] ability: Drizzle|[of] p2a: Pelipper\n|turn|1\n|\n|t:|1700261107\n|switch|p1b: bad3|Rotom-Wash, L50|100\/100\n|move|p2b: Poliwrath|Taunt|p1a: bad2\n|-start|p1a: bad2|move: Taunt\n|move|p2a: Pelipper|Icy Wind|p1b: bad3|[spread] p1a,p1b\n|-resisted|p1b: bad3\n|-damage|p1a: bad2|90\/100\n|-damage|p1b: bad3|92\/100\n|-unboost|p1a: bad2|spe|1\n|-unboost|p1b: bad3|spe|1\n|move|p1a: bad2|Moonblast|p2b: Poliwrath\n|-supereffective|p2b: Poliwrath\n|-damage|p2b: Poliwrath|23\/100\n|\n|-weather|RainDance|[upkeep]\n|upkeep\n|turn|2\n|\n|t:|1700261167\n|move|p2b: Poliwrath|Protect|p2b: Poliwrath\n|-singleturn|p2b: Poliwrath|Protect\n|move|p1b: bad3|Volt Switch|p2a: Pelipper\n|-supereffective|p2a: Pelipper\n|-crit|p2a: Pelipper\n|-damage|p2a: Pelipper|0 fnt\n|faint|p2a: Pelipper\n|\n|t:|1700261175\n|switch|p1b: bad|Tyranitar, L50, F|100\/100|[from] Volt Switch\n|-weather|Sandstorm|[from] ability: Sand Stream|[of] p1b: bad\n|move|p1a: bad2|Moonblast|p2b: Poliwrath\n|-activate|p2b: Poliwrath|move: Protect\n|\n|-weather|Sandstorm|[upkeep]\n|-damage|p2b: Poliwrath|17\/100|[from] Sandstorm\n|-damage|p1a: bad2|84\/100|[from] Sandstorm\n|upkeep\n|\n|t:|1700261191\n|switch|p2a: Urshifu|Urshifu-Rapid-Strike, L50, M|100\/100\n|turn|3\n|\n|t:|1700261226\n|switch|p1a: bad4|Tauros-Paldea-Blaze, L50, M|100\/100\n|-ability|p1a: bad4|Intimidate|boost\n|-unboost|p2a: Urshifu|atk|1\n|-unboost|p2b: Poliwrath|atk|1\n|-terastallize|p1b: bad|Flying\n|move|p2a: Urshifu|Surging Strikes|p1b: bad\n|-crit|p1b: bad\n|-damage|p1b: bad|81\/100\n|-crit|p1b: bad\n|-damage|p1b: bad|62\/100\n|-crit|p1b: bad\n|-damage|p1b: bad|43\/100\n|-hitcount|p1b: bad|3\n|move|p1b: bad|Tera Blast|p2a: Urshifu|[anim] Tera Blast Flying\n|-supereffective|p2a: Urshifu\n|-damage|p2a: Urshifu|11\/100\n|move|p2b: Poliwrath|Drain Punch|p1b: bad\n|-resisted|p1b: bad\n|-damage|p1b: bad|36\/100\n|-heal|p2b: Poliwrath|20\/100|[from] drain|[of] p1b: bad\n|\n|-weather|Sandstorm|[upkeep]\n|-damage|p2a: Urshifu|5\/100|[from] Sandstorm\n|-damage|p1a: bad4|94\/100|[from] Sandstorm\n|-damage|p1b: bad|30\/100|[from] Sandstorm\n|-damage|p2b: Poliwrath|14\/100|[from] Sandstorm\n|upkeep\n|turn|4\n|c|\u2606MrDrProfEssional|ggs\n|\n|t:|1700261262\n|switch|p1b: bad2|Clefable, L50, F|84\/100\n|move|p1a: bad4|Protect|p1a: bad4\n|-singleturn|p1a: bad4|Protect\n|move|p2a: Urshifu|Surging Strikes|p1b: bad2\n|-crit|p1b: bad2\n|-damage|p1b: bad2|65\/100\n|-damage|p2a: Urshifu|0 fnt|[from] item: Rocky Helmet|[of] p1b: bad2\n|faint|p2a: Urshifu\n|-hitcount|p1b: bad2|1\n|move|p2b: Poliwrath|Drain Punch|p1a: bad4\n|-activate|p1a: bad4|move: Protect\n|\n|-weather|Sandstorm|[upkeep]\n|-damage|p1a: bad4|88\/100|[from] Sandstorm\n|-damage|p2b: Poliwrath|8\/100|[from] Sandstorm\n|-damage|p1b: bad2|59\/100|[from] Sandstorm\n|upkeep\n|\n|t:|1700261275\n|switch|p2a: Yanmega|Yanmega, L50, M, shiny|100\/100\n|turn|5\n|\n|t:|1700261304\n|move|p1b: bad2|Follow Me|p1b: bad2\n|-singleturn|p1b: bad2|move: Follow Me\n|move|p2a: Yanmega|Air Slash|p1b: bad2\n|-damage|p1b: bad2|9\/100\n|-damage|p2a: Yanmega|91\/100|[from] item: Life Orb\n|move|p1a: bad4|Raging Bull|p2a: Yanmega\n|-supereffective|p2a: Yanmega\n|-damage|p2a: Yanmega|0 fnt\n|faint|p2a: Yanmega\n|move|p2b: Poliwrath|Encore|p1b: bad2\n|-start|p1b: bad2|Encore\n|\n|-weather|Sandstorm|[upkeep]\n|-damage|p1a: bad4|82\/100|[from] Sandstorm\n|-damage|p2b: Poliwrath|3\/100|[from] Sandstorm\n|-damage|p1b: bad2|3\/100|[from] Sandstorm\n|upkeep\n|turn|6\n|\n|t:|1700261322\n|-terastallize|p2b: Poliwrath|Electric\n|move|p1b: bad2|Follow Me|p1b: bad2\n|-singleturn|p1b: bad2|move: Follow Me\n|move|p1a: bad4|Tera Blast|p2b: Poliwrath\n|-damage|p2b: Poliwrath|0 fnt\n|faint|p2b: Poliwrath\n|\n|win|BunnyWarrior\n|c|\u2606BunnyWarrior|ggs\n|l|\u2606MrDrProfEssional\n","uploadtime":1700261476,"views":24,"p1id":"bunnywarrior","p2id":"mrdrprofessional","formatid":"gen9vgc2023regulatione","rating":0,"private":0,"password":""}