{"id":"gen9vgc2023regulatione-1999674500","p1":"CrypticLeonVGC","p2":"Professor_J93","format":"[Gen 9] VGC 2023 Regulation E","log":"|j|\u2606CrypticLeonVGC\n|j|\u2606Professor_J93\n|t:|1701106728\n|gametype|doubles\n|player|p1|CrypticLeonVGC|riley|1355\n|player|p2|Professor_J93|benga|1327\n|teamsize|p1|6\n|teamsize|p2|6\n|gen|9\n|tier|[Gen 9] VGC 2023 Regulation E\n|rated|\n|rule|Species Clause: Limit one of each Pok\u00e9mon\n|rule|Item Clause: Limit one of each item\n|clearpoke\n|poke|p1|Tornadus, L50, M|\n|poke|p1|Rillaboom, L50, M|\n|poke|p1|Urshifu-*, L50, F|\n|poke|p1|Flutter Mane, L50|\n|poke|p1|Gholdengo, L50|\n|poke|p1|Arcanine-Hisui, L50, M|\n|poke|p2|Tyranitar, L50, M|\n|poke|p2|Houndstone, L50, F|\n|poke|p2|Lycanroc, L50, F|\n|poke|p2|Arcanine-Hisui, L50, M|\n|poke|p2|Gastrodon, L50, F|\n|poke|p2|Ogerpon-Cornerstone, L50, F|\n|teampreview|4\nCrypticLeonVGC has agreed to open team sheets.\nProfessor_J93 has agreed to open team sheets.\n|inactive|Battle timer is ON: inactive players will automatically lose when time's up. (requested by CrypticLeonVGC)\n|\n|t:|1701106756\n|start\n|switch|p1a: Tornadus|Tornadus, L50, M|100\/100\n|switch|p1b: Gholdengo|Gholdengo, L50|100\/100\n|switch|p2a: Gastrodon|Gastrodon, L50, F|100\/100\n|switch|p2b: Ogerpon|Ogerpon-Cornerstone, L50, F|100\/100\n|turn|1\n|\n|t:|1701106773\n|-terastallize|p1b: Gholdengo|Steel\n|move|p1a: Tornadus|Tailwind|p1a: Tornadus\n|-sidestart|p1: CrypticLeonVGC|move: Tailwind\n|move|p1b: Gholdengo|Make It Rain|p2b: Ogerpon|[spread] p2a,p2b\n|-resisted|p2a: Gastrodon\n|-supereffective|p2b: Ogerpon\n|-damage|p2a: Gastrodon|56\/100\n|-ability|p2b: Ogerpon|Sturdy\n|-damage|p2b: Ogerpon|1\/100\n|-unboost|p1b: Gholdengo|spa|1\n|move|p2b: Ogerpon|Ivy Cudgel|p1a: Tornadus|[anim] Ivy Cudgel Rock\n|-supereffective|p1a: Tornadus\n|-damage|p1a: Tornadus|0 fnt\n|faint|p1a: Tornadus\n|move|p2a: Gastrodon|Icy Wind|p1b: Gholdengo\n|-resisted|p1b: Gholdengo\n|-damage|p1b: Gholdengo|93\/100\n|-unboost|p1b: Gholdengo|spe|1\n|\n|-heal|p2a: Gastrodon|62\/100|[from] item: Leftovers\n|upkeep\n|\n|t:|1701106788\n|switch|p1a: Rillaboom|Rillaboom, L50, M, shiny|100\/100\n|-fieldstart|move: Grassy Terrain|[from] ability: Grassy Surge|[of] p1a: Rillaboom\n|turn|2\n|\n|t:|1701106797\n|move|p2a: Gastrodon|Protect|p2a: Gastrodon\n|-singleturn|p2a: Gastrodon|Protect\n|move|p1a: Rillaboom|Fake Out|p2a: Gastrodon\n|-activate|p2a: Gastrodon|move: Protect\n|move|p1b: Gholdengo|Make It Rain|p2a: Gastrodon|[spread] p2b\n|-activate|p2a: Gastrodon|move: Protect\n|-supereffective|p2b: Ogerpon\n|-damage|p2b: Ogerpon|0 fnt\n|-unboost|p1b: Gholdengo|spa|1\n|faint|p2b: Ogerpon\n|\n|-heal|p1b: Gholdengo|99\/100|[from] Grassy Terrain\n|-heal|p2a: Gastrodon|68\/100|[from] Grassy Terrain\n|-heal|p2a: Gastrodon|74\/100|[from] item: Leftovers\n|upkeep\n|\n|t:|1701106807\n|switch|p2b: Tyranitar|Tyranitar, L50, M|100\/100\n|-weather|Sandstorm|[from] ability: Sand Stream|[of] p2b: Tyranitar\n|turn|3\n|\n|t:|1701106832\n|switch|p1b: Urshifu|Urshifu-Rapid-Strike, L50, F|100\/100\n|-terastallize|p2a: Gastrodon|Fire\n|move|p2b: Tyranitar|Protect|p2b: Tyranitar\n|-singleturn|p2b: Tyranitar|Protect\n|move|p1a: Rillaboom|Wood Hammer|p2a: Gastrodon\n|-resisted|p2a: Gastrodon\n|-crit|p2a: Gastrodon\n|-damage|p2a: Gastrodon|15\/100\n|-damage|p1a: Rillaboom|80\/100|[from] Recoil\n|move|p2a: Gastrodon|Icy Wind|p1b: Urshifu|[spread] p1a,p1b\n|-supereffective|p1a: Rillaboom\n|-resisted|p1b: Urshifu\n|-damage|p1a: Rillaboom|62\/100\n|-damage|p1b: Urshifu|92\/100\n|-unboost|p1a: Rillaboom|spe|1\n|-unboost|p1b: Urshifu|spe|1\n|\n|-weather|Sandstorm|[upkeep]\n|-damage|p1b: Urshifu|86\/100|[from] Sandstorm\n|-damage|p1a: Rillaboom|56\/100|[from] Sandstorm\n|-damage|p2a: Gastrodon|9\/100|[from] Sandstorm\n|-heal|p1b: Urshifu|92\/100|[from] Grassy Terrain\n|-heal|p1a: Rillaboom|62\/100|[from] Grassy Terrain\n|-heal|p2a: Gastrodon|15\/100|[from] Grassy Terrain\n|-heal|p2a: Gastrodon|21\/100|[from] item: Leftovers\n|upkeep\n|turn|4\n|\n|t:|1701106850\n|move|p1b: Urshifu|Close Combat|p2a: Gastrodon\n|-damage|p2a: Gastrodon|0 fnt\n|-unboost|p1b: Urshifu|def|1\n|-unboost|p1b: Urshifu|spd|1\n|faint|p2a: Gastrodon\n|move|p1a: Rillaboom|Wood Hammer|p2b: Tyranitar\n|-supereffective|p2b: Tyranitar\n|-damage|p2b: Tyranitar|0 fnt\n|faint|p2b: Tyranitar\n|-damage|p1a: Rillaboom|34\/100|[from] Recoil\n|\n|-weather|Sandstorm|[upkeep]\n|-damage|p1b: Urshifu|86\/100|[from] Sandstorm\n|-damage|p1a: Rillaboom|28\/100|[from] Sandstorm\n|-heal|p1b: Urshifu|92\/100|[from] Grassy Terrain\n|-heal|p1a: Rillaboom|34\/100|[from] Grassy Terrain\n|-sideend|p1: CrypticLeonVGC|move: Tailwind\n|upkeep\n|\n|t:|1701106853\n|switch|p2b: Houndstone|Houndstone, L50, F|100\/100\n|turn|5\n|\n|t:|1701106861\n|move|p2b: Houndstone|Last Respects|p1b: Urshifu\n|-damage|p1b: Urshifu|0 fnt\n|faint|p1b: Urshifu\n|-damage|p2b: Houndstone|91\/100|[from] item: Life Orb\n|move|p1a: Rillaboom|Wood Hammer|p2b: Houndstone\n|-damage|p2b: Houndstone|0 fnt\n|faint|p2b: Houndstone\n|-damage|p1a: Rillaboom|12\/100|[from] Recoil\n|\n|win|CrypticLeonVGC\n|raw|CrypticLeonVGC's rating: 1355 &rarr; <strong>1373<\/strong><br \/>(+18 for winning)\n|raw|Professor_J93's rating: 1327 &rarr; <strong>1309<\/strong><br \/>(-18 for losing)\n|c|\u2606Professor_J93|gg\n|l|\u2606Professor_J93\n|c|\u2606CrypticLeonVGC|gg\n","uploadtime":1701106877,"views":5,"p1id":"crypticleonvgc","p2id":"professorj93","formatid":"gen9vgc2023regulatione","rating":1309,"private":0,"password":""}