{"id":"gen9vgc2023regulatione-1992131588","p1":"KnightofRevan","p2":"isredelpo2009","format":"[Gen 9] VGC 2023 Regulation E","log":"|j|\u2606KnightofRevan\n|j|\u2606isredelpo2009\n|t:|1700157655\n|gametype|doubles\n|player|p1|KnightofRevan|102|1111\n|player|p2|isredelpo2009|lucas|1045\n|teamsize|p1|6\n|teamsize|p2|6\n|gen|9\n|tier|[Gen 9] VGC 2023 Regulation E\n|rated|\n|rule|Species Clause: Limit one of each Pok\u00e9mon\n|rule|Item Clause: Limit one of each item\n|clearpoke\n|poke|p1|Sneasler, L50, F|\n|poke|p1|Indeedee-F, L50, F|\n|poke|p1|Flutter Mane, L50|\n|poke|p1|Chien-Pao, L50|\n|poke|p1|Rillaboom, L50, F|\n|poke|p1|Chi-Yu, L50|\n|poke|p2|Ogerpon-Hearthflame, L50, F|\n|poke|p2|Azumarill, L50, F|\n|poke|p2|Amoonguss, L50, M|\n|poke|p2|Rillaboom, L50, M|\n|poke|p2|Weavile, L50, F|\n|poke|p2|Oranguru, L50, M|\n|teampreview|4\n|inactive|Battle timer is ON: inactive players will automatically lose when time's up. (requested by isredelpo2009)\n|\n|t:|1700157664\n|start\n|switch|p1a: Rillaboom|Rillaboom, L50, F|100\/100\n|switch|p1b: Chien-Pao|Chien-Pao, L50|100\/100\n|switch|p2a: Azumarill|Azumarill, L50, F|100\/100\n|switch|p2b: Amoonguss|Amoonguss, L50, M, shiny|100\/100\n|-ability|p1b: Chien-Pao|Sword of Ruin\n|-fieldstart|move: Grassy Terrain|[from] ability: Grassy Surge|[of] p1a: Rillaboom\n|turn|1\n|\n|t:|1700157685\n|switch|p2a: Rillaboom|Rillaboom, L50, M|100\/100\n|move|p1a: Rillaboom|Fake Out|p2a: Rillaboom\n|-damage|p2a: Rillaboom|80\/100\n|move|p2b: Amoonguss|Rage Powder|p2b: Amoonguss\n|-singleturn|p2b: Amoonguss|move: Rage Powder\n|move|p1b: Chien-Pao|Icicle Crash|p2b: Amoonguss\n|-supereffective|p2b: Amoonguss\n|-damage|p2b: Amoonguss|0 fnt\n|faint|p2b: Amoonguss\n|\n|-heal|p2a: Rillaboom|86\/100|[from] Grassy Terrain\n|-heal|p2a: Rillaboom|91\/100|[from] item: Leftovers\n|upkeep\n|\n|t:|1700157701\n|switch|p2b: Weavile|Weavile, L50, F, shiny|100\/100\n|-ability|p2b: Weavile|Pressure\n|turn|2\n|\n|t:|1700157725\n|-terastallize|p2a: Rillaboom|Grass\n|move|p2a: Rillaboom|Fake Out|p1b: Chien-Pao\n|-damage|p1b: Chien-Pao|82\/100\n|cant|p1b: Chien-Pao|flinch\n|move|p2b: Weavile|Low Kick|p1b: Chien-Pao\n|-supereffective|p1b: Chien-Pao\n|-damage|p1b: Chien-Pao|0 fnt\n|faint|p1b: Chien-Pao\n|move|p1a: Rillaboom|U-turn|p2b: Weavile\n|-supereffective|p2b: Weavile\n|-damage|p2b: Weavile|11\/100\n|\n|t:|1700157734\n|switch|p1a: Chi-Yu|Chi-Yu, L50|100\/100|[from] U-turn\n|-ability|p1a: Chi-Yu|Beads of Ruin\n|\n|-heal|p2b: Weavile|17\/100|[from] Grassy Terrain\n|-heal|p2a: Rillaboom|97\/100|[from] Grassy Terrain\n|-heal|p2a: Rillaboom|100\/100|[from] item: Leftovers\n|upkeep\n|\n|t:|1700157742\n|switch|p1b: Rillaboom|Rillaboom, L50, F|100\/100\n|turn|3\n|\n|t:|1700157755\n|switch|p2b: Azumarill|Azumarill, L50, F|100\/100\n|move|p1b: Rillaboom|Fake Out|p2b: Azumarill\n|-damage|p2b: Azumarill|83\/100\n|move|p2a: Rillaboom|High Horsepower|p1a: Chi-Yu\n|-supereffective|p1a: Chi-Yu\n|-damage|p1a: Chi-Yu|4\/100\n|move|p1a: Chi-Yu|Heat Wave|p2a: Rillaboom|[spread] p2b\n|-miss|p1a: Chi-Yu|p2a: Rillaboom\n|-resisted|p2b: Azumarill\n|-damage|p2b: Azumarill|32\/100\n|-enditem|p2b: Azumarill|Sitrus Berry|[eat]\n|-heal|p2b: Azumarill|57\/100|[from] item: Sitrus Berry\n|\n|-heal|p1a: Chi-Yu|10\/100|[from] Grassy Terrain\n|-heal|p2b: Azumarill|63\/100|[from] Grassy Terrain\n|upkeep\n|turn|4\n|inactive|KnightofRevan has 30 seconds left.\n|inactive|isredelpo2009 has 30 seconds left.\n|\n|t:|1700157783\n|move|p2a: Rillaboom|High Horsepower|p1a: Chi-Yu\n|-supereffective|p1a: Chi-Yu\n|-damage|p1a: Chi-Yu|0 fnt\n|faint|p1a: Chi-Yu\n|move|p1b: Rillaboom|Wood Hammer|p2b: Azumarill\n|-supereffective|p2b: Azumarill\n|-damage|p2b: Azumarill|0 fnt\n|faint|p2b: Azumarill\n|-damage|p1b: Rillaboom|83\/100|[from] Recoil\n|\n|-heal|p1b: Rillaboom|89\/100|[from] Grassy Terrain\n|upkeep\n|\n|t:|1700157796\n|switch|p1a: Flutter Mane|Flutter Mane, L50|100\/100\n|switch|p2b: Weavile|Weavile, L50, F, shiny|17\/100\n|-ability|p2b: Weavile|Pressure\n|-enditem|p1a: Flutter Mane|Booster Energy\n|-activate|p1a: Flutter Mane|ability: Protosynthesis|[fromitem]\n|-start|p1a: Flutter Mane|protosynthesisspe\n|turn|5\n|inactive|KnightofRevan has 30 seconds left.\n|\n|t:|1700157829\n|move|p2b: Weavile|Fake Out|p1b: Rillaboom\n|-damage|p1b: Rillaboom|77\/100\n|move|p1a: Flutter Mane|Dazzling Gleam|p2b: Weavile|[spread] p2a,p2b\n|-supereffective|p2b: Weavile\n|-damage|p2a: Rillaboom|63\/100\n|-damage|p2b: Weavile|0 fnt\n|faint|p2b: Weavile\n|move|p2a: Rillaboom|Trailblaze|p1a: Flutter Mane\n|-damage|p1a: Flutter Mane|34\/100\n|-boost|p2a: Rillaboom|spe|1\n|cant|p1b: Rillaboom|flinch\n|\n|-heal|p1a: Flutter Mane|40\/100|[from] Grassy Terrain\n|-heal|p2a: Rillaboom|68\/100|[from] Grassy Terrain\n|-heal|p2a: Rillaboom|74\/100|[from] item: Leftovers\n|-heal|p1b: Rillaboom|83\/100|[from] Grassy Terrain\n|-fieldend|move: Grassy Terrain\n|upkeep\n|turn|6\n|-message|isredelpo2009 forfeited.\n|\n|win|KnightofRevan\n|raw|KnightofRevan's rating: 1111 &rarr; <strong>1131<\/strong><br \/>(+20 for winning)\n|raw|isredelpo2009's rating: 1045 &rarr; <strong>1031<\/strong><br \/>(-14 for losing)\n|l|\u2606KnightofRevan\n","uploadtime":1700158003,"views":18,"p1id":"knightofrevan","p2id":"isredelpo2009","formatid":"gen9vgc2023regulatione","rating":1031,"private":0,"password":""}