{"id":"gen9vgc2023regulatione-1994316410","p1":"AC Wesley","p2":"Puriner","format":"[Gen 9] VGC 2023 Regulation E","log":"|j|\u2606AC Wesley\n|j|\u2606Puriner\n|n|\u2606AC Wesley|acwesley\n|n|\u2606Puriner|puriner\n|html|View the match progress at <a href=\"\/game-bestof3-gen9vgc2023regulatione-1994316409\">game-bestof3-gen9vgc2023regulatione-1994316409<\/a>\n|t:|1700430342\n|gametype|doubles\n|player|p1|AC Wesley|thorton|\n|player|p2|Puriner|colress|\n|teamsize|p1|6\n|teamsize|p2|6\n|gen|9\n|tier|[Gen 9] VGC 2023 Regulation E\n|rule|Species Clause: Limit one of each Pok\u00e9mon\n|rule|Item Clause: Limit one of each item\n|clearpoke\n|poke|p1|Iron Hands, L50|\n|poke|p1|Farigiraf, L50, F|\n|poke|p1|Ursaluna-Bloodmoon, L50, M|\n|poke|p1|Flutter Mane, L50|\n|poke|p1|Heatran, L50, M|\n|poke|p1|Ogerpon-Wellspring, L50, F|\n|poke|p2|Torkoal, L50, F|\n|poke|p2|Roaring Moon, L50|\n|poke|p2|Flutter Mane, L50|\n|poke|p2|Tornadus, L50, M|\n|poke|p2|Ogerpon-Hearthflame, L50, F|\n|poke|p2|Cresselia, L50, F|\n|teampreview|4\n|inactive|Battle timer is ON: inactive players will automatically lose when time's up. (requested by AC Wesley)\nAC Wesley has agreed to open team sheets.\n|c|\u2606AC Wesley|tyty\n|c|\u2606Puriner|np!\n|j| Van. Volcanucks\n|inactive|AC Wesley has 60 seconds left.\n|c|\u2606Puriner|how do we stop the timer?\n|c|\u2606Puriner|unless you want it\n|c|\u2606AC Wesley|i prefer it on\n|c|\u2606AC Wesley|i have it on\n|c|\u2606Puriner|sounds good\n|inactive|AC Wesley has 30 seconds left.\n|\n|t:|1700430411\n|start\n|switch|p1a: Iron Hands|Iron Hands, L50|100\/100\n|switch|p1b: Ogerpon|Ogerpon-Wellspring, L50, F|100\/100\n|switch|p2a: Roaring Moon|Roaring Moon, L50|100\/100\n|switch|p2b: Tornadus|Tornadus, L50, M|100\/100\n|turn|1\n|inactive|AC Wesley has 30 seconds left.\n|inactive|Puriner has 30 seconds left.\n|inactive|Puriner has 20 seconds left.\n|\n|t:|1700430446\n|move|p1a: Iron Hands|Fake Out|p2a: Roaring Moon\n|-damage|p2a: Roaring Moon|79\/100\n|cant|p2a: Roaring Moon|flinch\n|move|p2b: Tornadus|Bleakwind Storm|p1a: Iron Hands|[spread] p1a,p1b\n|-supereffective|p1b: Ogerpon\n|-damage|p1a: Iron Hands|75\/100\n|-damage|p1b: Ogerpon|18\/100\n|-unboost|p1a: Iron Hands|spe|1\n|-unboost|p1b: Ogerpon|spe|1\n|move|p1b: Ogerpon|Ivy Cudgel|p2b: Tornadus|[anim] Ivy Cudgel Water\n|-damage|p2b: Tornadus|2\/100\n|\n|upkeep\n|turn|2\n|inactive|AC Wesley has 30 seconds left.\n|inactive|Puriner has 30 seconds left.\n|inactive|AC Wesley has 20 seconds left.\n|inactive|AC Wesley has 15 seconds left.\n|inactive|AC Wesley has 10 seconds left.\n|\n|t:|1700430496\n|move|p1b: Ogerpon|Spiky Shield|p1b: Ogerpon\n|-singleturn|p1b: Ogerpon|move: Protect\n|move|p2b: Tornadus|Tailwind|p2b: Tornadus\n|-sidestart|p2: Puriner|move: Tailwind\n|move|p2a: Roaring Moon|Earthquake|p1a: Iron Hands|[spread] p1a\n|-activate|p1b: Ogerpon|move: Protect\n|-immune|p2b: Tornadus\n|-supereffective|p1a: Iron Hands\n|-damage|p1a: Iron Hands|37\/100\n|move|p1a: Iron Hands|Drain Punch|p2a: Roaring Moon\n|-supereffective|p2a: Roaring Moon\n|-damage|p2a: Roaring Moon|0 fnt\n|-heal|p1a: Iron Hands|64\/100|[from] drain|[of] p2a: Roaring Moon\n|faint|p2a: Roaring Moon\n|-end|p2a: Roaring Moon|Protosynthesis|[silent]\n|\n|upkeep\n|\n|t:|1700430515\n|switch|p2a: Ogerpon|Ogerpon-Hearthflame, L50, F|100\/100\n|-ability|p2a: Ogerpon|Mold Breaker\n|turn|3\n|inactive|AC Wesley has 30 seconds left.\n|inactive|AC Wesley has 20 seconds left.\n|inactive|AC Wesley has 15 seconds left.\n|\n|t:|1700430556\n|-terastallize|p1a: Iron Hands|Water\n|move|p1b: Ogerpon|Spiky Shield||[still]\n|-fail|p1b: Ogerpon\n|move|p2b: Tornadus|Bleakwind Storm|p1b: Ogerpon|[spread] p1a,p1b\n|-supereffective|p1b: Ogerpon\n|-damage|p1a: Iron Hands|42\/100\n|-damage|p1b: Ogerpon|0 fnt\n|faint|p1b: Ogerpon\n|move|p2a: Ogerpon|Swords Dance|p2a: Ogerpon\n|-boost|p2a: Ogerpon|atk|2\n|move|p1a: Iron Hands|Drain Punch|p2a: Ogerpon\n|-damage|p2a: Ogerpon|40\/100\n|-heal|p1a: Iron Hands|60\/100|[from] drain|[of] p2a: Ogerpon\n|\n|upkeep\n|\n|t:|1700430577\n|switch|p1b: Heatran|Heatran, L50, M|100\/100\n|turn|4\n|inactive|AC Wesley has 30 seconds left.\n|inactive|Puriner has 30 seconds left.\n|inactive|AC Wesley has 20 seconds left.\n|inactive|AC Wesley has 15 seconds left.\n|inactive|AC Wesley has 10 seconds left.\n|inactive|AC Wesley has 5 seconds left.\n|\n|t:|1700430630\n|move|p1b: Heatran|Protect|p1b: Heatran\n|-singleturn|p1b: Heatran|Protect\n|move|p2b: Tornadus|Bleakwind Storm|p1a: Iron Hands|[spread] p1a\n|-activate|p1b: Heatran|move: Protect\n|-damage|p1a: Iron Hands|35\/100\n|move|p2a: Ogerpon|Horn Leech|p1a: Iron Hands\n|-supereffective|p1a: Iron Hands\n|-damage|p1a: Iron Hands|0 fnt\n|-heal|p2a: Ogerpon|70\/100|[from] drain|[of] p1a: Iron Hands\n|faint|p1a: Iron Hands\n|-end|p1a: Iron Hands|Quark Drive|[silent]\n|\n|upkeep\n|\n|t:|1700430639\n|switch|p1a: Flutter Mane|Flutter Mane, L50|100\/100\n|-enditem|p1a: Flutter Mane|Booster Energy\n|-activate|p1a: Flutter Mane|ability: Protosynthesis|[fromitem]\n|-start|p1a: Flutter Mane|protosynthesisspe\n|turn|5\n|inactive|Puriner has 30 seconds left.\n|\n|t:|1700430666\n|move|p2b: Tornadus|Bleakwind Storm|p1b: Heatran|[spread] p1a,p1b\n|-resisted|p1b: Heatran\n|-damage|p1a: Flutter Mane|59\/100\n|-damage|p1b: Heatran|85\/100\n|move|p2a: Ogerpon|Ivy Cudgel|p1b: Heatran|[anim] Ivy Cudgel Fire\n|-damage|p1b: Heatran|0 fnt\n|faint|p1b: Heatran\n|move|p1a: Flutter Mane|Dazzling Gleam|p2b: Tornadus|[spread] p2a,p2b\n|-resisted|p2a: Ogerpon\n|-damage|p2a: Ogerpon|51\/100\n|-damage|p2b: Tornadus|0 fnt\n|faint|p2b: Tornadus\n|\n|-sideend|p2: Puriner|move: Tailwind\n|upkeep\n|\n|t:|1700430677\n|switch|p2b: Torkoal|Torkoal, L50, F|100\/100\n|-weather|SunnyDay|[from] ability: Drought|[of] p2b: Torkoal\n|turn|6\n|inactive|Puriner has 30 seconds left.\n|\n|t:|1700430702\n|move|p1a: Flutter Mane|Shadow Ball|p2a: Ogerpon\n|-damage|p2a: Ogerpon|0 fnt\n|faint|p2a: Ogerpon\n|move|p2b: Torkoal|Eruption|p1a: Flutter Mane\n|-damage|p1a: Flutter Mane|0 fnt\n|faint|p1a: Flutter Mane\n|-end|p1a: Flutter Mane|Protosynthesis|[silent]\n|\n|win|Puriner\n|c|&|\/uhtml prompt-acwesley,AC Wesley is ready for game 2!\n|l| Van. Volcanucks\n|c|&|\/uhtml prompt-puriner,Puriner is ready for game 2!\nBoth players are ready! Starting next match!\n|l|\u2606AC Wesley\n|j|\u2606AC Wesley\n|player|p1|AC Wesley|thorton\n","uploadtime":1700430975,"views":5,"p1id":"acwesley","p2id":"puriner","formatid":"gen9vgc2023regulatione","rating":0,"private":0,"password":""}