{"id":"gen9vgc2023regulatione-1993615620","p1":"Tinfoilbot65","p2":"Sad_Hurtbox","format":"[Gen 9] VGC 2023 Regulation E","log":"|j|\u2606Tinfoilbot65\n|j|\u2606Sad_Hurtbox\n|t:|1700337808\n|gametype|doubles\n|player|p1|Tinfoilbot65|unknown|1000\n|player|p2|Sad_Hurtbox|2|1088\n|teamsize|p1|6\n|teamsize|p2|6\n|gen|9\n|tier|[Gen 9] VGC 2023 Regulation E\n|rated|\n|rule|Species Clause: Limit one of each Pok\u00e9mon\n|rule|Item Clause: Limit one of each item\n|clearpoke\n|poke|p1|Golem-Alola, L50, M|\n|poke|p1|Rabsca, L50, M|\n|poke|p1|Iron Hands, L50|\n|poke|p1|Dondozo, L50, F|\n|poke|p1|Sinistcha-Masterpiece, L50|\n|poke|p1|Maushold-Four, L50|\n|poke|p2|Kommo-o, L50, F|\n|poke|p2|Sinistcha-Masterpiece, L50|\n|poke|p2|Palafin, L50, M|\n|poke|p2|Salamence, L50, M|\n|poke|p2|Gholdengo, L50|\n|poke|p2|Glastrier, L50|\n|teampreview|4\n|\n|t:|1700337851\n|start\n|switch|p1a: Electric Buildup|Golem-Alola, L50, M, shiny|100\/100\n|switch|p1b: Mr. Ludwig|Rabsca, L50, M|100\/100\n|switch|p2a: Salamence|Salamence, L50, M|100\/100\n|switch|p2b: Gholdengo|Gholdengo, L50|100\/100\n|-ability|p2a: Salamence|Intimidate|boost\n|-unboost|p1a: Electric Buildup|atk|1\n|-unboost|p1b: Mr. Ludwig|atk|1\n|turn|1\n|\n|t:|1700337878\n|move|p2a: Salamence|Fire Blast|p1b: Mr. Ludwig\n|-supereffective|p1b: Mr. Ludwig\n|-damage|p1b: Mr. Ludwig|43\/100\n|-status|p1b: Mr. Ludwig|brn\n|move|p2b: Gholdengo|Make It Rain|p1a: Electric Buildup|[spread] p1a,p1b\n|-damage|p1a: Electric Buildup|12\/100\n|-damage|p1b: Mr. Ludwig|0 fnt\n|-unboost|p2b: Gholdengo|spa|1\n|faint|p1b: Mr. Ludwig\n|move|p1a: Electric Buildup|Explosion|p2b: Gholdengo|[spread] p2a,p2b\n|-damage|p2a: Salamence|5\/100\n|-damage|p2b: Gholdengo|39\/100\n|faint|p1a: Electric Buildup\n|\n|upkeep\n|\n|t:|1700337894\n|switch|p1a: Iron Fists|Iron Hands, L50|100\/100\n|switch|p1b: The Fake Dragon|Dondozo, L50, F|100\/100\n|turn|2\n|\n|t:|1700337922\n|move|p1a: Iron Fists|Fake Out|p2a: Salamence\n|-damage|p2a: Salamence|0 fnt\n|faint|p2a: Salamence\n|move|p2b: Gholdengo|Dazzling Gleam|p1b: The Fake Dragon|[spread] p1a,p1b\n|-supereffective|p1a: Iron Fists\n|-damage|p1a: Iron Fists|74\/100\n|-damage|p1b: The Fake Dragon|84\/100\n|move|p1b: The Fake Dragon|Wave Crash|p2b: Gholdengo\n|-damage|p2b: Gholdengo|2\/100\n|-damage|p1b: The Fake Dragon|76\/100|[from] Recoil\n|\n|-heal|p1b: The Fake Dragon|82\/100|[from] item: Leftovers\n|upkeep\n|\n|t:|1700337939\n|switch|p2a: Kommo-o|Kommo-o, L50, F|100\/100\n|turn|3\n|\n|t:|1700337958\n|-terastallize|p2a: Kommo-o|Normal\n|move|p2a: Kommo-o|Boomburst|p1b: The Fake Dragon|[spread] p1a,p1b\n|-immune|p2b: Gholdengo\n|-damage|p1a: Iron Fists|25\/100\n|-damage|p1b: The Fake Dragon|29\/100\n|-enditem|p1a: Iron Fists|Sitrus Berry|[eat]\n|-heal|p1a: Iron Fists|50\/100|[from] item: Sitrus Berry\n|-enditem|p2a: Kommo-o|Throat Spray\n|-boost|p2a: Kommo-o|spa|1|[from] item: Throat Spray\n|move|p2b: Gholdengo|Thunder Wave|p1b: The Fake Dragon|[miss]\n|-miss|p2b: Gholdengo|p1b: The Fake Dragon\n|move|p1a: Iron Fists|Wild Charge|p2a: Kommo-o\n|-damage|p2a: Kommo-o|48\/100\n|-damage|p1a: Iron Fists|42\/100|[from] Recoil\n|move|p1b: The Fake Dragon|Soak|p2a: Kommo-o\n|-fail|p2a: Kommo-o\n|\n|-heal|p1b: The Fake Dragon|35\/100|[from] item: Leftovers\n|upkeep\n|turn|4\n|\n|t:|1700337986\n|move|p1b: The Fake Dragon|Protect|p1b: The Fake Dragon\n|-singleturn|p1b: The Fake Dragon|Protect\n|move|p2a: Kommo-o|Boomburst|p1a: Iron Fists|[spread] p1a\n|-activate|p1b: The Fake Dragon|move: Protect\n|-immune|p2b: Gholdengo\n|-damage|p1a: Iron Fists|0 fnt\n|faint|p1a: Iron Fists\n|-end|p1a: Iron Fists|Quark Drive|[silent]\n|move|p2b: Gholdengo|Make It Rain|p1b: The Fake Dragon\n|-activate|p1b: The Fake Dragon|move: Protect\n|\n|-heal|p1b: The Fake Dragon|41\/100|[from] item: Leftovers\n|upkeep\n|turn|5\n|c|\u2606Tinfoilbot65|jesus this team is hard\n|-message|Tinfoilbot65 forfeited.\n|\n|win|Sad_Hurtbox\n|raw|Tinfoilbot65's rating: 1000 &rarr; <strong>1000<\/strong><br \/>(+0 for losing)\n|raw|Sad_Hurtbox's rating: 1088 &rarr; <strong>1108<\/strong><br \/>(+20 for winning)\n|l|\u2606Tinfoilbot65\n","uploadtime":1700338234,"views":9,"p1id":"tinfoilbot65","p2id":"sadhurtbox","formatid":"gen9vgc2023regulatione","rating":1000,"private":0,"password":""}