{"id":"gen9vgc2023regulatione-1990364173","p1":"manugarde","p2":"Minimanuel_art","format":"[Gen 9] VGC 2023 Regulation E","log":"|j|\u2606manugarde\n|j|\u2606Minimanuel_art\n|t:|1699962551\n|gametype|doubles\n|player|p1|manugarde|lance|1207\n|player|p2|Minimanuel_art|scientistf|1162\n|teamsize|p1|6\n|teamsize|p2|6\n|gen|9\n|tier|[Gen 9] VGC 2023 Regulation E\n|rated|\n|rule|Species Clause: Limit one of each Pok\u00e9mon\n|rule|Item Clause: Limit one of each item\n|clearpoke\n|poke|p1|Ursaluna-Bloodmoon, L50, M|\n|poke|p1|Amoonguss, L50, M|\n|poke|p1|Dragalge, L50, F|\n|poke|p1|Torkoal, L50, F|\n|poke|p1|Urshifu-*, L50, F|\n|poke|p1|Farigiraf, L50, M|\n|poke|p2|Thundurus-Therian, L50, M|\n|poke|p2|Tornadus, L50, M|\n|poke|p2|Politoed, L50, F|\n|poke|p2|Landorus, L50, M|\n|poke|p2|Overqwil, L50, F|\n|poke|p2|Basculegion, L50, M|\n|teampreview|4\n|inactive|Battle timer is ON: inactive players will automatically lose when time's up. (requested by manugarde)\nmanugarde has agreed to open team sheets.\n|inactive|manugarde has 60 seconds left.\n|inactive|Minimanuel_art has 60 seconds left.\n|\n|t:|1699962602\n|start\n|switch|p1a: Amoonguss|Amoonguss, L50, M|100\/100\n|switch|p1b: Farigiraf|Farigiraf, L50, M|100\/100\n|switch|p2a: Landorus|Landorus, L50, M|100\/100\n|switch|p2b: Thundurus|Thundurus-Therian, L50, M|100\/100\n|turn|1\n|\n|t:|1699962618\n|move|p1a: Amoonguss|Rage Powder|p1a: Amoonguss\n|-singleturn|p1a: Amoonguss|move: Rage Powder\n|move|p2a: Landorus|Sandsear Storm|p1b: Farigiraf|[spread] p1b\n|-miss|p2a: Landorus|p1a: Amoonguss\n|-damage|p1b: Farigiraf|58\/100\n|move|p2b: Thundurus|Dark Pulse|p1a: Amoonguss\n|-damage|p1a: Amoonguss|77\/100\n|move|p1b: Farigiraf|Trick Room|p1b: Farigiraf\n|-fieldstart|move: Trick Room|[of] p1b: Farigiraf\n|\n|upkeep\n|turn|2\n|inactive|Minimanuel_art has 30 seconds left.\n|\n|t:|1699962643\n|move|p1a: Amoonguss|Spore|p2a: Landorus\n|-status|p2a: Landorus|slp|[from] move: Spore\n|move|p1b: Farigiraf|Dazzling Gleam|p2b: Thundurus|[spread] p2a,p2b\n|-damage|p2a: Landorus|80\/100 slp\n|-damage|p2b: Thundurus|87\/100\n|cant|p2a: Landorus|slp\n|move|p2b: Thundurus|Dark Pulse|p1b: Farigiraf\n|-supereffective|p1b: Farigiraf\n|-damage|p1b: Farigiraf|5\/100\n|\n|upkeep\n|turn|3\n|\n|t:|1699962656\n|move|p1a: Amoonguss|Spore|p2b: Thundurus\n|-status|p2b: Thundurus|slp|[from] move: Spore\n|move|p1b: Farigiraf|Psychic|p2a: Landorus\n|-damage|p2a: Landorus|35\/100 slp\n|cant|p2b: Thundurus|slp\n|-curestatus|p2a: Landorus|slp|[msg]\n|move|p2a: Landorus|Sandsear Storm|p1a: Amoonguss|[spread] p1a,p1b\n|-damage|p1a: Amoonguss|38\/100\n|-damage|p1b: Farigiraf|0 fnt\n|-enditem|p1a: Amoonguss|Sitrus Berry|[eat]\n|-heal|p1a: Amoonguss|63\/100|[from] item: Sitrus Berry\n|faint|p1b: Farigiraf\n|\n|upkeep\n|\n|t:|1699962661\n|switch|p1b: Ursaluna|Ursaluna-Bloodmoon, L50, M|100\/100\n|turn|4\n|\n|t:|1699962673\n|switch|p2a: Politoed|Politoed, L50, F|100\/100\n|-weather|RainDance|[from] ability: Drizzle|[of] p2a: Politoed\n|-terastallize|p1b: Ursaluna|Normal\n|move|p1a: Amoonguss|Spore|p2a: Politoed\n|-status|p2a: Politoed|slp|[from] move: Spore\n|move|p1b: Ursaluna|Hyper Voice|p2b: Thundurus|[spread] p2a,p2b\n|-damage|p2a: Politoed|42\/100 slp\n|-damage|p2b: Thundurus|28\/100 slp\n|-curestatus|p2b: Thundurus|slp|[msg]\n|move|p2b: Thundurus|Grass Knot|p1b: Ursaluna\n|-damage|p1b: Ursaluna|58\/100\n|\n|-weather|RainDance|[upkeep]\n|-heal|p2a: Politoed|48\/100 slp|[from] item: Leftovers\n|upkeep\n|turn|5\n|\n|t:|1699962695\n|move|p1a: Amoonguss|Rage Powder|p1a: Amoonguss\n|-singleturn|p1a: Amoonguss|move: Rage Powder\n|move|p1b: Ursaluna|Hyper Voice|p2a: Politoed|[spread] p2a,p2b\n|-damage|p2a: Politoed|0 fnt\n|-damage|p2b: Thundurus|0 fnt\n|faint|p2a: Politoed\n|faint|p2b: Thundurus\n|\n|-weather|RainDance|[upkeep]\n|-fieldend|move: Trick Room\n|upkeep\n|\n|t:|1699962699\n|switch|p2b: Landorus|Landorus, L50, M|35\/100\n|switch|p2a: Overqwil|Overqwil, L50, F|100\/100\n|-ability|p2a: Overqwil|Intimidate|boost\n|-unboost|p1a: Amoonguss|atk|1\n|-unboost|p1b: Ursaluna|atk|1\n|turn|6\n|\n|t:|1699962709\n|move|p1a: Amoonguss|Rage Powder|p1a: Amoonguss\n|-singleturn|p1a: Amoonguss|move: Rage Powder\n|move|p2b: Landorus|Weather Ball|p1a: Amoonguss\n|-resisted|p1a: Amoonguss\n|-damage|p1a: Amoonguss|44\/100\n|move|p2a: Overqwil|Waterfall|p1a: Amoonguss\n|-resisted|p1a: Amoonguss\n|-damage|p1a: Amoonguss|28\/100\n|move|p1b: Ursaluna|Hyper Voice|p2a: Overqwil|[spread] p2a,p2b\n|-damage|p2a: Overqwil|38\/100\n|-damage|p2b: Landorus|0 fnt\n|faint|p2b: Landorus\n|\n|-weather|RainDance|[upkeep]\n|-heal|p2a: Overqwil|44\/100|[from] item: Black Sludge\n|upkeep\n|turn|7\n|\n|t:|1699962725\n|move|p1a: Amoonguss|Rage Powder|p1a: Amoonguss\n|-singleturn|p1a: Amoonguss|move: Rage Powder\n|move|p2a: Overqwil|Lash Out|p1a: Amoonguss\n|-damage|p1a: Amoonguss|0 fnt\n|faint|p1a: Amoonguss\n|move|p1b: Ursaluna|Hyper Voice|p2a: Overqwil\n|-damage|p2a: Overqwil|0 fnt\n|faint|p2a: Overqwil\n|\n|win|manugarde\n|raw|manugarde's rating: 1207 &rarr; <strong>1229<\/strong><br \/>(+22 for winning)\n|raw|Minimanuel_art's rating: 1162 &rarr; <strong>1140<\/strong><br \/>(-22 for losing)\n|l|\u2606Minimanuel_art\n","uploadtime":1699962746,"views":19,"p1id":"manugarde","p2id":"minimanuelart","formatid":"gen9vgc2023regulatione","rating":1140,"private":0,"password":""}