{"id":"gen9vgc2023regulatione-1993980745","p1":"KimiTheWeeb","p2":"elifra","format":"[Gen 9] VGC 2023 Regulation E","log":"|j|\u2606KimiTheWeeb\n|j|\u2606elifra\n|t:|1700387453\n|gametype|doubles\n|player|p1|KimiTheWeeb|maid|1356\n|player|p2|elifra|101|1304\n|teamsize|p1|6\n|teamsize|p2|6\n|gen|9\n|tier|[Gen 9] VGC 2023 Regulation E\n|rated|\n|rule|Species Clause: Limit one of each Pok\u00e9mon\n|rule|Item Clause: Limit one of each item\n|clearpoke\n|poke|p1|Ogerpon, L50, F|\n|poke|p1|Fezandipiti, L50, M|\n|poke|p1|Heatran, L50, F|\n|poke|p1|Iron Hands, L50|\n|poke|p1|Arcanine-Hisui, L50, F|\n|poke|p1|Flutter Mane, L50|\n|poke|p2|Regieleki, L50|\n|poke|p2|Urshifu-*, L50, M|\n|poke|p2|Iron Bundle, L50|\n|poke|p2|Flutter Mane, L50|\n|poke|p2|Iron Hands, L50|\n|poke|p2|Landorus-Therian, L50, M|\n|teampreview|4\n|inactive|Battle timer is ON: inactive players will automatically lose when time's up. (requested by KimiTheWeeb)\n|\n|t:|1700387482\n|start\n|switch|p1a: Ogerpon|Ogerpon, L50, F|100\/100\n|switch|p1b: Fezandipiti|Fezandipiti, L50, M|100\/100\n|switch|p2a: Regieleki|Regieleki, L50, shiny|100\/100\n|switch|p2b: Landorus|Landorus-Therian, L50, M|100\/100\n|-ability|p2b: Landorus|Intimidate|boost\n|-unboost|p1a: Ogerpon|atk|1\n|-ability|p1a: Ogerpon|Defiant|boost\n|-boost|p1a: Ogerpon|atk|2\n|-unboost|p1b: Fezandipiti|atk|1\n|turn|1\n|\n|t:|1700387499\n|-terastallize|p2a: Regieleki|Ice\n|move|p1a: Ogerpon|Spiky Shield|p1a: Ogerpon\n|-singleturn|p1a: Ogerpon|move: Protect\n|move|p2a: Regieleki|Tera Blast|p1a: Ogerpon|[anim] Tera Blast Ice\n|-activate|p1a: Ogerpon|move: Protect\n|move|p2b: Landorus|U-turn|p1a: Ogerpon\n|-activate|p1a: Ogerpon|move: Protect\n|-damage|p2b: Landorus|88\/100|[from] Spiky Shield|[of] p1a: Ogerpon\n|move|p1b: Fezandipiti|Icy Wind|p2b: Landorus|[spread] p2a,p2b\n|-resisted|p2a: Regieleki\n|-supereffective|p2b: Landorus\n|-damage|p2a: Regieleki|90\/100\n|-damage|p2b: Landorus|45\/100\n|-unboost|p2a: Regieleki|spe|1\n|-unboost|p2b: Landorus|spe|1\n|\n|upkeep\n|turn|2\n|\n|t:|1700387522\n|-terastallize|p1a: Ogerpon|Grass\n|detailschange|p1a: Ogerpon|Ogerpon-Teal-Tera, L50, F, tera:Grass\n|-ability|p1a: Ogerpon|Embody Aspect (Teal)|boost\n|-boost|p1a: Ogerpon|spe|1\n|move|p1a: Ogerpon|Ivy Cudgel|p2a: Regieleki\n|-damage|p2a: Regieleki|0 fnt\n|faint|p2a: Regieleki\n|move|p2b: Landorus|U-turn|p1a: Ogerpon\n|-supereffective|p1a: Ogerpon\n|-damage|p1a: Ogerpon|24\/100\n|\n|t:|1700387532\n|switch|p2b: Iron Hands|Iron Hands, L50|100\/100|[from] U-turn\n|move|p1b: Fezandipiti|Icy Wind|p2b: Iron Hands\n|-damage|p2b: Iron Hands|94\/100\n|-unboost|p2b: Iron Hands|spe|1\n|\n|upkeep\n|\n|t:|1700387546\n|switch|p2a: Urshifu|Urshifu-Rapid-Strike, L50, M|100\/100\n|turn|3\n|\n|t:|1700387557\n|move|p1a: Ogerpon|Spiky Shield|p1a: Ogerpon\n|-singleturn|p1a: Ogerpon|move: Protect\n|move|p2b: Iron Hands|Fake Out|p1a: Ogerpon\n|-activate|p1a: Ogerpon|move: Protect\n|-damage|p2b: Iron Hands|81\/100|[from] Spiky Shield|[of] p1a: Ogerpon\n|move|p2a: Urshifu|Surging Strikes|p1b: Fezandipiti\n|-crit|p1b: Fezandipiti\n|-damage|p1b: Fezandipiti|74\/100\n|-crit|p1b: Fezandipiti\n|-damage|p1b: Fezandipiti|46\/100\n|-crit|p1b: Fezandipiti\n|-damage|p1b: Fezandipiti|19\/100\n|-hitcount|p1b: Fezandipiti|3\n|move|p1b: Fezandipiti|Dazzling Gleam|p2a: Urshifu|[spread] p2a,p2b\n|-supereffective|p2a: Urshifu\n|-supereffective|p2b: Iron Hands\n|-damage|p2a: Urshifu|39\/100\n|-damage|p2b: Iron Hands|58\/100\n|-status|p2a: Urshifu|tox|[from] ability: Toxic Chain|[of] p1b: Fezandipiti\n|-status|p2b: Iron Hands|tox|[from] ability: Toxic Chain|[of] p1b: Fezandipiti\n|\n|-damage|p2a: Urshifu|33\/100 tox|[from] psn\n|-damage|p2b: Iron Hands|52\/100 tox|[from] psn\n|upkeep\n|turn|4\n|inactive|elifra has 30 seconds left.\n|\n|t:|1700387584\n|move|p2a: Urshifu|Aqua Jet|p1a: Ogerpon\n|-resisted|p1a: Ogerpon\n|-damage|p1a: Ogerpon|6\/100\n|move|p1a: Ogerpon|Ivy Cudgel|p2b: Iron Hands\n|-crit|p2b: Iron Hands\n|-damage|p2b: Iron Hands|0 fnt\n|faint|p2b: Iron Hands\n|-end|p2b: Iron Hands|Quark Drive|[silent]\n|move|p1b: Fezandipiti|Dazzling Gleam|p2a: Urshifu\n|-supereffective|p2a: Urshifu\n|-damage|p2a: Urshifu|0 fnt\n|faint|p2a: Urshifu\n|\n|upkeep\n|\n|t:|1700387595\n|switch|p2b: Landorus|Landorus-Therian, L50, M|45\/100\n|-ability|p2b: Landorus|Intimidate|boost\n|-unboost|p1a: Ogerpon|atk|1\n|-unboost|p1b: Fezandipiti|atk|1\n|turn|5\n|\n|t:|1700387602\n|move|p1a: Ogerpon|Ivy Cudgel|p2b: Landorus\n|-crit|p2b: Landorus\n|-damage|p2b: Landorus|0 fnt\n|faint|p2b: Landorus\n|\n|win|KimiTheWeeb\n|raw|KimiTheWeeb's rating: 1356 &rarr; <strong>1373<\/strong><br \/>(+17 for winning)\n|raw|elifra's rating: 1304 &rarr; <strong>1287<\/strong><br \/>(-17 for losing)\n|l|\u2606elifra\n","uploadtime":1700387615,"views":11,"p1id":"kimitheweeb","p2id":"elifra","formatid":"gen9vgc2023regulatione","rating":1287,"private":0,"password":""}