{"id":"gen9vgc2023regulatione-1998698076","p1":"seanisgoo","p2":"Neutralist","format":"[Gen 9] VGC 2023 Regulation E","log":"|j|\u2606seanisgoo\n|j|\u2606Neutralist\n|t:|1700974131\n|gametype|doubles\n|player|p1|seanisgoo|pokemaniac|1236\n|player|p2|Neutralist|1|1315\n|teamsize|p1|6\n|teamsize|p2|6\n|gen|9\n|tier|[Gen 9] VGC 2023 Regulation E\n|rated|\n|rule|Species Clause: Limit one of each Pok\u00e9mon\n|rule|Item Clause: Limit one of each item\n|clearpoke\n|poke|p1|Urshifu-*, L50, F|\n|poke|p1|Farigiraf, L50, M|\n|poke|p1|Clefairy, L50, F|\n|poke|p1|Ursaluna-Bloodmoon, L50, M|\n|poke|p1|Dragonite, L50, M|\n|poke|p1|Chien-Pao, L50|\n|poke|p2|Baxcalibur, L50, F|\n|poke|p2|Ninetales-Alola, L50, F|\n|poke|p2|Ogerpon-Wellspring, L50, F|\n|poke|p2|Rillaboom, L50, M|\n|poke|p2|Heatran, L50, F|\n|poke|p2|Moltres-Galar, L50|\n|teampreview|4\n|inactive|Battle timer is ON: inactive players will automatically lose when time's up. (requested by Neutralist)\nNeutralist has agreed to open team sheets.\n|\n|t:|1700974154\n|start\n|switch|p1a: Dragonite|Dragonite, L50, M|100\/100\n|switch|p1b: Chien-Pao|Chien-Pao, L50|100\/100\n|switch|p2a: Rillaboom|Rillaboom, L50, M|100\/100\n|switch|p2b: Ninetales|Ninetales-Alola, L50, F|100\/100\n|-ability|p1b: Chien-Pao|Sword of Ruin\n|-weather|Snow|[from] ability: Snow Warning|[of] p2b: Ninetales\n|-fieldstart|move: Grassy Terrain|[from] ability: Grassy Surge|[of] p2a: Rillaboom\n|turn|1\n|\n|t:|1700974169\n|switch|p1b: Farigiraf|Farigiraf, L50, M|100\/100\n|-terastallize|p1a: Dragonite|Normal\n|move|p2a: Rillaboom|Fake Out||[still]\n|cant|p1b: Farigiraf|ability: Armor Tail|Fake Out|[of] p2a: Rillaboom\n|move|p2b: Ninetales|Icy Wind|p1b: Farigiraf|[spread] p1a,p1b\n|-damage|p1a: Dragonite|94\/100\n|-damage|p1b: Farigiraf|88\/100\n|-unboost|p1a: Dragonite|spe|1\n|-unboost|p1b: Farigiraf|spe|1\n|move|p1a: Dragonite|Iron Head|p2b: Ninetales\n|-supereffective|p2b: Ninetales\n|-damage|p2b: Ninetales|0 fnt\n|faint|p2b: Ninetales\n|\n|-weather|Snow|[upkeep]\n|-heal|p1a: Dragonite|99\/100|[from] Grassy Terrain\n|-heal|p1b: Farigiraf|94\/100|[from] Grassy Terrain\n|upkeep\n|\n|t:|1700974180\n|switch|p2b: Baxcalibur|Baxcalibur, L50, F|100\/100\n|turn|2\n|inactive|Neutralist has 30 seconds left.\n|\n|t:|1700974208\n|move|p2b: Baxcalibur|Swords Dance|p2b: Baxcalibur\n|-boost|p2b: Baxcalibur|atk|2\n|move|p2a: Rillaboom|Wood Hammer|p1a: Dragonite\n|-damage|p1a: Dragonite|28\/100\n|-damage|p2a: Rillaboom|77\/100|[from] Recoil\n|move|p1a: Dragonite|Iron Head|p2b: Baxcalibur\n|-supereffective|p2b: Baxcalibur\n|-damage|p2b: Baxcalibur|62\/100\n|move|p1b: Farigiraf|Dazzling Gleam|p2a: Rillaboom|[spread] p2a,p2b\n|-supereffective|p2b: Baxcalibur\n|-damage|p2a: Rillaboom|65\/100\n|-damage|p2b: Baxcalibur|29\/100\n|\n|-weather|Snow|[upkeep]\n|-heal|p2b: Baxcalibur|34\/100|[from] ability: Ice Body\n|-heal|p2b: Baxcalibur|40\/100|[from] Grassy Terrain\n|-heal|p2a: Rillaboom|71\/100|[from] Grassy Terrain\n|-heal|p1a: Dragonite|34\/100|[from] Grassy Terrain\n|-heal|p1b: Farigiraf|99\/100|[from] Grassy Terrain\n|upkeep\n|turn|3\n|\n|t:|1700974225\n|move|p1a: Dragonite|Extreme Speed|p2b: Baxcalibur\n|-damage|p2b: Baxcalibur|16\/100\n|move|p2b: Baxcalibur|Scale Shot|p1b: Farigiraf\n|-damage|p1b: Farigiraf|75\/100\n|-damage|p1b: Farigiraf|50\/100\n|-enditem|p1b: Farigiraf|Sitrus Berry|[eat]\n|-heal|p1b: Farigiraf|75\/100|[from] item: Sitrus Berry\n|-damage|p1b: Farigiraf|49\/100\n|-damage|p1b: Farigiraf|24\/100\n|-damage|p1b: Farigiraf|0 fnt\n|faint|p1b: Farigiraf\n|-hitcount|p1: Farigiraf|5\n|-unboost|p2b: Baxcalibur|def|1\n|-boost|p2b: Baxcalibur|spe|1\n|move|p2a: Rillaboom|Wood Hammer|p1a: Dragonite\n|-damage|p1a: Dragonite|0 fnt\n|faint|p1a: Dragonite\n|-damage|p2a: Rillaboom|60\/100|[from] Recoil\n|\n|-weather|Snow|[upkeep]\n|-heal|p2b: Baxcalibur|22\/100|[from] ability: Ice Body\n|-heal|p2b: Baxcalibur|28\/100|[from] Grassy Terrain\n|-heal|p2a: Rillaboom|66\/100|[from] Grassy Terrain\n|upkeep\n|\n|t:|1700974238\n|switch|p1a: Chien-Pao|Chien-Pao, L50|100\/100\n|switch|p1b: Urshifu|Urshifu-Rapid-Strike, L50, F|100\/100\n|-ability|p1a: Chien-Pao|Sword of Ruin\n|turn|4\n|\n|t:|1700974254\n|move|p2b: Baxcalibur|Protect|p2b: Baxcalibur\n|-singleturn|p2b: Baxcalibur|Protect\n|move|p2a: Rillaboom|Grassy Glide|p1b: Urshifu\n|-supereffective|p1b: Urshifu\n|-damage|p1b: Urshifu|0 fnt\n|faint|p1b: Urshifu\n|move|p1a: Chien-Pao|Ice Spinner|p2a: Rillaboom\n|-supereffective|p2a: Rillaboom\n|-damage|p2a: Rillaboom|0 fnt\n|-fieldend|move: Grassy Terrain\n|faint|p2a: Rillaboom\n|\n|-weather|Snow|[upkeep]\n|-heal|p2b: Baxcalibur|34\/100|[from] ability: Ice Body\n|upkeep\n|\n|t:|1700974256\n|switch|p2a: Ogerpon|Ogerpon-Wellspring, L50, F|100\/100\n|turn|5\n|-message|seanisgoo forfeited.\n|\n|win|Neutralist\n|raw|seanisgoo's rating: 1236 &rarr; <strong>1217<\/strong><br \/>(-19 for losing)\n|raw|Neutralist's rating: 1315 &rarr; <strong>1331<\/strong><br \/>(+16 for winning)\n|l|\u2606seanisgoo\n","uploadtime":1700974301,"views":15,"p1id":"seanisgoo","p2id":"neutralist","formatid":"gen9vgc2023regulatione","rating":1217,"private":0,"password":""}