{"id":"gen9vgc2023regulatione-1995737840","p1":"vgcproto","p2":"bishmii","format":"[Gen 9] VGC 2023 Regulation E","log":"|j|\u2606vgcproto\n|j|\u2606bishmii\n|t:|1700598513\n|gametype|doubles\n|player|p1|vgcproto|lucas|1648\n|player|p2|bishmii|1|1584\n|teamsize|p1|6\n|teamsize|p2|6\n|gen|9\n|tier|[Gen 9] VGC 2023 Regulation E\n|rated|\n|rule|Species Clause: Limit one of each Pok\u00e9mon\n|rule|Item Clause: Limit one of each item\n|clearpoke\n|poke|p1|Empoleon, L50, F|\n|poke|p1|Garchomp, L50, F|\n|poke|p1|Dondozo, L50, F|\n|poke|p1|Tatsugiri, L50, F|\n|poke|p1|Gardevoir, L50, M|\n|poke|p1|Roaring Moon, L50|\n|poke|p2|Chien-Pao, L50|\n|poke|p2|Tornadus, L50, M|\n|poke|p2|Dragapult, L50, M|\n|poke|p2|Flutter Mane, L50|\n|poke|p2|Ogerpon-Wellspring, L50, F|\n|poke|p2|Rillaboom, L50, M|\n|teampreview|4\n|inactive|Battle timer is ON: inactive players will automatically lose when time's up. (requested by bishmii)\n|j| SunnyOS\n|inactive|bishmii has 60 seconds left.\n|\n|t:|1700598544\n|start\n|switch|p1a: Empoleon|Empoleon, L50, F|100\/100\n|switch|p1b: Roaring Moon|Roaring Moon, L50|100\/100\n|switch|p2a: Tornadus|Tornadus, L50, M|100\/100\n|switch|p2b: Dragapult|Dragapult, L50, M|100\/100\n|-enditem|p1b: Roaring Moon|Booster Energy\n|-activate|p1b: Roaring Moon|ability: Protosynthesis|[fromitem]\n|-start|p1b: Roaring Moon|protosynthesisspe\n|turn|1\n|\n|t:|1700598566\n|move|p2a: Tornadus|Tailwind|p2a: Tornadus\n|-sidestart|p2: bishmii|move: Tailwind\n|move|p2b: Dragapult|Dragon Darts|p1b: Roaring Moon\n|-supereffective|p1b: Roaring Moon\n|-damage|p1b: Roaring Moon|12\/100\n|-anim|p2b: Dragapult|Dragon Darts|p1a: Empoleon\n|-resisted|p1a: Empoleon\n|-damage|p1a: Empoleon|81\/100\n|move|p1b: Roaring Moon|Breaking Swipe|p2b: Dragapult|[spread] p2a,p2b\n|-supereffective|p2b: Dragapult\n|-damage|p2a: Tornadus|60\/100\n|-damage|p2b: Dragapult|31\/100\n|move|p1a: Empoleon|Ice Beam|p2a: Tornadus\n|-supereffective|p2a: Tornadus\n|-crit|p2a: Tornadus\n|-damage|p2a: Tornadus|0 fnt\n|faint|p2a: Tornadus\n|\n|upkeep\n|\n|t:|1700598587\n|switch|p2a: Chien-Pao|Chien-Pao, L50|100\/100\n|-ability|p2a: Chien-Pao|Sword of Ruin\n|turn|2\n|\n|t:|1700598609\n|move|p1b: Roaring Moon|Protect|p1b: Roaring Moon\n|-singleturn|p1b: Roaring Moon|Protect\n|move|p2b: Dragapult|Dragon Darts|p1a: Empoleon\n|-resisted|p1a: Empoleon\n|-damage|p1a: Empoleon|54\/100\n|-anim|p2b: Dragapult|Dragon Darts|p1a: Empoleon\n|-resisted|p1a: Empoleon\n|-damage|p1a: Empoleon|26\/100\n|move|p2a: Chien-Pao|Sacred Sword|p1a: Empoleon\n|-supereffective|p1a: Empoleon\n|-damage|p1a: Empoleon|0 fnt\n|faint|p1a: Empoleon\n|\n|upkeep\n|\n|t:|1700598619\n|switch|p1a: Dondozo|Dondozo, L50, F|100\/100\n|turn|3\n|j| Judang\n|\n|t:|1700598643\n|-end|p1b: Roaring Moon|Protosynthesis|[silent]\n|switch|p1b: Tatsugiri|Tatsugiri, L50, F|100\/100\n|-activate|p1b: Tatsugiri|ability: Commander|[of] p1a: Dondozo\n|-boost|p1a: Dondozo|atk|2\n|-boost|p1a: Dondozo|spa|2\n|-boost|p1a: Dondozo|spe|2\n|-boost|p1a: Dondozo|def|2\n|-boost|p1a: Dondozo|spd|2\n|move|p2b: Dragapult|Dragon Darts|p1a: Dondozo\n|-crit|p1a: Dondozo\n|-damage|p1a: Dondozo|57\/100\n|-anim|p2b: Dragapult|Dragon Darts|p1a: Dondozo\n|-crit|p1a: Dondozo\n|-damage|p1a: Dondozo|13\/100\n|move|p2a: Chien-Pao|Sacred Sword|p1a: Dondozo\n|-damage|p1a: Dondozo|0 fnt\n|faint|p1a: Dondozo\n|\n|upkeep\n|c|\u2606bishmii|damn\n|\n|t:|1700598655\n|switch|p1a: Roaring Moon|Roaring Moon, L50|12\/100\n|turn|4\n|\n|t:|1700598673\n|move|p1a: Roaring Moon|Protect|p1a: Roaring Moon\n|-singleturn|p1a: Roaring Moon|Protect\n|move|p2b: Dragapult|Dragon Darts|p1b: Tatsugiri\n|-supereffective|p1b: Tatsugiri\n|-damage|p1b: Tatsugiri|0 fnt\n|faint|p1b: Tatsugiri\n|move|p2a: Chien-Pao|Ice Spinner|p1a: Roaring Moon\n|-activate|p1a: Roaring Moon|move: Protect\n|\n|-sideend|p2: bishmii|move: Tailwind\n|upkeep\n|turn|5\n|c|\u2606vgcproto|jeeeesus hahaha\n|c|\u2606bishmii|double crit is crazy\n|c|\u2606vgcproto|that double crit\n|inactive|vgcproto has 30 seconds left.\n|inactive|vgcproto has 20 seconds left.\n|c|\u2606vgcproto|you got a well trained dragapult sir hahaha\n|\n|t:|1700598713\n|move|p2b: Dragapult|Dragon Darts|p1a: Roaring Moon\n|-supereffective|p1a: Roaring Moon\n|-damage|p1a: Roaring Moon|0 fnt\n|faint|p1a: Roaring Moon\n|-end|p1a: Roaring Moon|Protosynthesis|[silent]\n|\n|win|bishmii\n|raw|vgcproto's rating: 1648 &rarr; <strong>1624<\/strong><br \/>(-24 for losing)\n|raw|bishmii's rating: 1584 &rarr; <strong>1608<\/strong><br \/>(+24 for winning)\n|c|\u2606vgcproto|gg\n|l|\u2606vgcproto\n","uploadtime":1700598815,"views":10,"p1id":"vgcproto","p2id":"bishmii","formatid":"gen9vgc2023regulatione","rating":1608,"private":0,"password":""}