{"id":"gen9vgc2023regulatione-1998290293","p1":"MightyTaggart","p2":"Calvid","format":"[Gen 9] VGC 2023 Regulation E","log":"|j|\u2606MightyTaggart\n|j|\u2606Calvid\n|t:|1700925345\n|gametype|doubles\n|player|p1|MightyTaggart|170|1403\n|player|p2|Calvid|101|1420\n|teamsize|p1|6\n|teamsize|p2|6\n|gen|9\n|tier|[Gen 9] VGC 2023 Regulation E\n|rated|\n|rule|Species Clause: Limit one of each Pok\u00e9mon\n|rule|Item Clause: Limit one of each item\n|clearpoke\n|poke|p1|Regieleki, L50|\n|poke|p1|Farigiraf, L50, F|\n|poke|p1|Roaring Moon, L50|\n|poke|p1|Rillaboom, L50, F|\n|poke|p1|Arcanine-Hisui, L50, M|\n|poke|p1|Urshifu-*, L50, M|\n|poke|p2|Milotic, L50, M|\n|poke|p2|Rillaboom, L50, M|\n|poke|p2|Ogerpon-Hearthflame, L50, F|\n|poke|p2|Gholdengo, L50|\n|poke|p2|Landorus-Therian, L50, M|\n|poke|p2|Tornadus, L50, M|\n|teampreview|4\n|inactive|Battle timer is ON: inactive players will automatically lose when time's up. (requested by Calvid)\n|inactive|MightyTaggart has 60 seconds left.\n|inactive|Calvid has 60 seconds left.\n|\n|t:|1700925387\n|start\n|switch|p1a: Regieleki|Regieleki, L50|100\/100\n|switch|p1b: Roaring Moon|Roaring Moon, L50|100\/100\n|switch|p2a: Rillaboom|Rillaboom, L50, M|100\/100\n|switch|p2b: Gholdengo|Gholdengo, L50|100\/100\n|-fieldstart|move: Grassy Terrain|[from] ability: Grassy Surge|[of] p2a: Rillaboom\n|-enditem|p1b: Roaring Moon|Booster Energy\n|-activate|p1b: Roaring Moon|ability: Protosynthesis|[fromitem]\n|-start|p1b: Roaring Moon|protosynthesisspe\n|turn|1\n|\n|t:|1700925409\n|move|p1a: Regieleki|Protect|p1a: Regieleki\n|-singleturn|p1a: Regieleki|Protect\n|move|p2a: Rillaboom|Fake Out|p1b: Roaring Moon\n|-damage|p1b: Roaring Moon|84\/100\n|cant|p1b: Roaring Moon|flinch\n|move|p2b: Gholdengo|Nasty Plot|p2b: Gholdengo\n|-boost|p2b: Gholdengo|spa|2\n|\n|-heal|p1b: Roaring Moon|90\/100|[from] Grassy Terrain\n|upkeep\n|turn|2\n|\n|t:|1700925431\n|move|p1b: Roaring Moon|Knock Off|p2b: Gholdengo\n|-supereffective|p2b: Gholdengo\n|-damage|p2b: Gholdengo|0 fnt\n|-enditem|p2b: Gholdengo|Metal Coat|[from] move: Knock Off|[of] p1b: Roaring Moon\n|faint|p2b: Gholdengo\n|move|p1a: Regieleki|Thunderbolt|p2a: Rillaboom\n|-resisted|p2a: Rillaboom\n|-damage|p2a: Rillaboom|76\/100\n|-damage|p1a: Regieleki|91\/100|[from] item: Life Orb\n|move|p2a: Rillaboom|High Horsepower|p1a: Regieleki\n|-supereffective|p1a: Regieleki\n|-damage|p1a: Regieleki|0 fnt\n|faint|p1a: Regieleki\n|\n|-heal|p1b: Roaring Moon|96\/100|[from] Grassy Terrain\n|-heal|p2a: Rillaboom|82\/100|[from] Grassy Terrain\n|upkeep\n|\n|t:|1700925448\n|switch|p1a: Arcanine|Arcanine-Hisui, L50, M|100\/100\n|switch|p2b: Landorus|Landorus-Therian, L50, M|100\/100\n|-ability|p2b: Landorus|Intimidate|boost\n|-unboost|p1a: Arcanine|atk|1\n|-unboost|p1b: Roaring Moon|atk|1\n|-ability|p1a: Arcanine|Intimidate|boost\n|-unboost|p2a: Rillaboom|atk|1\n|-unboost|p2b: Landorus|atk|1\n|turn|3\n|inactive|Calvid has 30 seconds left.\n|inactive|Calvid has 20 seconds left.\n|inactive|Calvid has 15 seconds left.\n|\n|t:|1700925489\n|switch|p1a: Rillaboom|Rillaboom, L50, F|100\/100\n|-terastallize|p2b: Landorus|Flying\n|move|p1b: Roaring Moon|Breaking Swipe|p2a: Rillaboom|[spread] p2a,p2b\n|-damage|p2a: Rillaboom|65\/100\n|-damage|p2b: Landorus|84\/100\n|-unboost|p2a: Rillaboom|atk|1\n|-unboost|p2b: Landorus|atk|1\n|move|p2b: Landorus|Tera Blast|p1a: Rillaboom|[anim] Tera Blast Flying\n|-supereffective|p1a: Rillaboom\n|-damage|p1a: Rillaboom|17\/100\n|move|p2a: Rillaboom|Wood Hammer|p1a: Rillaboom\n|-resisted|p1a: Rillaboom\n|-crit|p1a: Rillaboom\n|-damage|p1a: Rillaboom|0 fnt\n|faint|p1a: Rillaboom\n|-damage|p2a: Rillaboom|60\/100|[from] Recoil\n|\n|-heal|p1b: Roaring Moon|100\/100|[from] Grassy Terrain\n|-heal|p2a: Rillaboom|66\/100|[from] Grassy Terrain\n|upkeep\n|\n|t:|1700925507\n|switch|p1a: Arcanine|Arcanine-Hisui, L50, M|100\/100\n|-ability|p1a: Arcanine|Intimidate|boost\n|-unboost|p2a: Rillaboom|atk|1\n|-unboost|p2b: Landorus|atk|1\n|turn|4\n|\n|t:|1700925527\n|switch|p2b: Ogerpon|Ogerpon-Hearthflame, L50, F|100\/100\n|-ability|p2b: Ogerpon|Mold Breaker\n|move|p1b: Roaring Moon|Knock Off|p2b: Ogerpon\n|-damage|p2b: Ogerpon|72\/100\n|move|p1a: Arcanine|Rock Slide|p2a: Rillaboom|[spread] p2a,p2b\n|-supereffective|p2b: Ogerpon\n|-damage|p2a: Rillaboom|40\/100\n|-damage|p2b: Ogerpon|2\/100\n|move|p2a: Rillaboom|High Horsepower|p1a: Arcanine\n|-supereffective|p1a: Arcanine\n|-damage|p1a: Arcanine|38\/100\n|\n|-heal|p2b: Ogerpon|8\/100|[from] Grassy Terrain\n|-heal|p1a: Arcanine|44\/100|[from] Grassy Terrain\n|-heal|p2a: Rillaboom|46\/100|[from] Grassy Terrain\n|upkeep\n|turn|5\n|inactive|MightyTaggart has 30 seconds left.\n|\n|t:|1700925560\n|switch|p2a: Landorus|Landorus-Therian, L50, M, tera:Flying|84\/100\n|-ability|p2a: Landorus|Intimidate|boost\n|-unboost|p1a: Arcanine|atk|1\n|-unboost|p1b: Roaring Moon|atk|1\n|move|p1b: Roaring Moon|Breaking Swipe|p2a: Landorus|[spread] p2a,p2b\n|-damage|p2a: Landorus|71\/100\n|-damage|p2b: Ogerpon|0 fnt\n|-unboost|p2a: Landorus|atk|1\n|faint|p2b: Ogerpon\n|move|p1a: Arcanine|Flare Blitz|p2a: Landorus\n|-damage|p2a: Landorus|23\/100\n|-damage|p1a: Arcanine|29\/100|[from] Recoil\n|\n|-heal|p1a: Arcanine|35\/100|[from] Grassy Terrain\n|-fieldend|move: Grassy Terrain\n|upkeep\n|\n|t:|1700925573\n|switch|p2b: Rillaboom|Rillaboom, L50, M|46\/100\n|-fieldstart|move: Grassy Terrain|[from] ability: Grassy Surge|[of] p2b: Rillaboom\n|turn|6\n|inactive|Calvid has 30 seconds left.\n|\n|t:|1700925601\n|move|p1b: Roaring Moon|Protect|p1b: Roaring Moon\n|-singleturn|p1b: Roaring Moon|Protect\n|move|p2b: Rillaboom|Fake Out|p1a: Arcanine\n|-resisted|p1a: Arcanine\n|-damage|p1a: Arcanine|26\/100\n|move|p2a: Landorus|Rock Slide|p1b: Roaring Moon|[spread] p1a\n|-activate|p1b: Roaring Moon|move: Protect\n|-supereffective|p1a: Arcanine\n|-damage|p1a: Arcanine|0 fnt\n|faint|p1a: Arcanine\n|\n|-heal|p2b: Rillaboom|52\/100|[from] Grassy Terrain\n|upkeep\n|turn|7\n|\n|t:|1700925620\n|move|p1b: Roaring Moon|Breaking Swipe|p2a: Landorus|[spread] p2a,p2b\n|-damage|p2a: Landorus|9\/100\n|-damage|p2b: Rillaboom|40\/100\n|-unboost|p2a: Landorus|atk|1\n|-unboost|p2b: Rillaboom|atk|1\n|move|p2a: Landorus|Rock Slide|p1b: Roaring Moon|[miss]\n|-miss|p2a: Landorus|p1b: Roaring Moon\n|move|p2b: Rillaboom|Wood Hammer|p1b: Roaring Moon\n|-resisted|p1b: Roaring Moon\n|-damage|p1b: Roaring Moon|66\/100\n|-damage|p2b: Rillaboom|29\/100|[from] Recoil\n|\n|-heal|p1b: Roaring Moon|72\/100|[from] Grassy Terrain\n|-heal|p2b: Rillaboom|35\/100|[from] Grassy Terrain\n|upkeep\n|turn|8\n|\n|t:|1700925640\n|move|p1b: Roaring Moon|Breaking Swipe|p2b: Rillaboom|[spread] p2a,p2b\n|-damage|p2a: Landorus|0 fnt\n|-damage|p2b: Rillaboom|24\/100\n|-unboost|p2b: Rillaboom|atk|1\n|faint|p2a: Landorus\n|move|p2b: Rillaboom|Wood Hammer|p1b: Roaring Moon\n|-resisted|p1b: Roaring Moon\n|-damage|p1b: Roaring Moon|46\/100\n|-damage|p2b: Rillaboom|15\/100|[from] Recoil\n|\n|-heal|p1b: Roaring Moon|53\/100|[from] Grassy Terrain\n|-heal|p2b: Rillaboom|21\/100|[from] Grassy Terrain\n|upkeep\n|turn|9\n|-message|Calvid forfeited.\n|\n|win|MightyTaggart\n|raw|MightyTaggart's rating: 1403 &rarr; <strong>1424<\/strong><br \/>(+21 for winning)\n|raw|Calvid's rating: 1420 &rarr; <strong>1399<\/strong><br \/>(-21 for losing)\n|l|\u2606Calvid\n|c|\u2606MightyTaggart|gg\n","uploadtime":1700925664,"views":6,"p1id":"mightytaggart","p2id":"calvid","formatid":"gen9vgc2023regulatione","rating":1399,"private":0,"password":""}