{"id":"gen9vgc2023regulatione-1991361555","p1":"ParroTiest","p2":"Velius_Gigas","format":"[Gen 9] VGC 2023 Regulation E","log":"|j|\u203dParroTiest\n|j|\u2606Velius_Gigas\n|t:|1700070744\n|gametype|doubles\n|player|p1|ParroTiest|wallace|1152\n|player|p2|Velius_Gigas|falkner|1165\n|teamsize|p1|6\n|teamsize|p2|6\n|gen|9\n|tier|[Gen 9] VGC 2023 Regulation E\n|rated|\n|rule|Species Clause: Limit one of each Pok\u00e9mon\n|rule|Item Clause: Limit one of each item\n|clearpoke\n|poke|p1|Cresselia, L50, F|\n|poke|p1|Grimmsnarl, L50, M|\n|poke|p1|Corviknight, L50, M|\n|poke|p1|Arcanine-Hisui, L50, F|\n|poke|p1|Ursaluna-Bloodmoon, L50, M|\n|poke|p1|Ogerpon-Wellspring, L50, F|\n|poke|p2|Glimmora, L50, M|\n|poke|p2|Flutter Mane, L50|\n|poke|p2|Ogerpon-Hearthflame, L50, F|\n|poke|p2|Tatsugiri-Stretchy, L50, F|\n|poke|p2|Iron Hands, L50|\n|poke|p2|Dondozo, L50, M|\n|teampreview|4\n|inactive|Battle timer is ON: inactive players will automatically lose when time's up. (requested by ParroTiest)\nParroTiest has agreed to open team sheets.\n|\n|t:|1700070770\n|start\n|switch|p1a: Grimmsnarl|Grimmsnarl, L50, M|100\/100\n|switch|p1b: Corviknight|Corviknight, L50, M|100\/100\n|switch|p2a: Glimmora|Glimmora, L50, M, shiny|100\/100\n|switch|p2b: Ogerpon|Ogerpon-Hearthflame, L50, F|100\/100\n|-ability|p2b: Ogerpon|Mold Breaker\n|turn|1\n|\n|t:|1700070789\n|switch|p1b: Arcanine|Arcanine-Hisui, L50, F|100\/100\n|-ability|p1b: Arcanine|Intimidate|boost\n|-unboost|p2a: Glimmora|atk|1\n|-unboost|p2b: Ogerpon|atk|1\n|move|p1a: Grimmsnarl|Light Screen|p1a: Grimmsnarl\n|-sidestart|p1: ParroTiest|move: Light Screen\n|move|p2b: Ogerpon|Focus Energy|p2b: Ogerpon\n|-start|p2b: Ogerpon|move: Focus Energy\n|move|p2a: Glimmora|Sludge Bomb|p1a: Grimmsnarl\n|-supereffective|p1a: Grimmsnarl\n|-damage|p1a: Grimmsnarl|39\/100\n|-status|p1a: Grimmsnarl|psn\n|\n|-damage|p1a: Grimmsnarl|27\/100 psn|[from] psn\n|upkeep\n|turn|2\n|inactive|ParroTiest has 30 seconds left.\n|\n|t:|1700070814\n|move|p1a: Grimmsnarl|Reflect|p1a: Grimmsnarl\n|-sidestart|p1: ParroTiest|Reflect\n|move|p2b: Ogerpon|Ivy Cudgel|p1a: Grimmsnarl|[anim] Ivy Cudgel Fire\n|-crit|p1a: Grimmsnarl\n|-damage|p1a: Grimmsnarl|0 fnt\n|faint|p1a: Grimmsnarl\n|move|p2a: Glimmora|Earth Power|p1b: Arcanine\n|-supereffective|p1b: Arcanine\n|-damage|p1b: Arcanine|29\/100\n|move|p1b: Arcanine|Rock Slide|p2a: Glimmora|[spread] p2a,p2b\n|-supereffective|p2b: Ogerpon\n|-damage|p2a: Glimmora|60\/100\n|-damage|p2b: Ogerpon|19\/100\n|-activate|p2a: Glimmora|ability: Toxic Debris\n|-sidestart|p1: ParroTiest|move: Toxic Spikes\n|-damage|p1b: Arcanine|19\/100|[from] item: Life Orb\n|\n|upkeep\n|\n|t:|1700070826\n|switch|p1a: Corviknight|Corviknight, L50, M|100\/100\n|turn|3\n|inactive|Velius_Gigas has 30 seconds left.\n|inactive|Velius_Gigas has 20 seconds left.\n|\n|t:|1700070864\n|-terastallize|p1a: Corviknight|Dragon\n|move|p1b: Arcanine|Extreme Speed|p2b: Ogerpon\n|-damage|p2b: Ogerpon|0 fnt\n|faint|p2b: Ogerpon\n|-damage|p1b: Arcanine|9\/100|[from] item: Life Orb\n|move|p2a: Glimmora|Power Gem|p1b: Arcanine\n|-supereffective|p1b: Arcanine\n|-damage|p1b: Arcanine|0 fnt\n|faint|p1b: Arcanine\n|move|p1a: Corviknight|Bulk Up|p1a: Corviknight\n|-boost|p1a: Corviknight|atk|1\n|-boost|p1a: Corviknight|def|1\n|\n|upkeep\n|\n|t:|1700070879\n|switch|p2b: Dondozo|Dondozo, L50, M, shiny|100\/100\n|switch|p1b: Ogerpon|Ogerpon-Wellspring, L50, F|100\/100\n|-status|p1b: Ogerpon|psn\n|turn|4\n|\n|t:|1700070899\n|move|p2a: Glimmora|Spiky Shield|p2a: Glimmora\n|-singleturn|p2a: Glimmora|move: Protect\n|move|p1b: Ogerpon|Horn Leech|p2b: Dondozo\n|-supereffective|p2b: Dondozo\n|-damage|p2b: Dondozo|51\/100\n|move|p1a: Corviknight|Bulk Up|p1a: Corviknight\n|-boost|p1a: Corviknight|atk|1\n|-boost|p1a: Corviknight|def|1\n|move|p2b: Dondozo|Yawn|p1a: Corviknight\n|-start|p1a: Corviknight|move: Yawn|[of] p2b: Dondozo\n|\n|-heal|p2b: Dondozo|58\/100|[from] item: Leftovers\n|-damage|p1b: Ogerpon|88\/100 psn|[from] psn\n|upkeep\n|turn|5\n|inactive|Velius_Gigas has 30 seconds left.\n|inactive|Velius_Gigas has 20 seconds left.\n|\n|t:|1700070938\n|move|p2a: Glimmora|Spiky Shield||[still]\n|-fail|p2a: Glimmora\n|move|p2b: Dondozo|Protect|p2b: Dondozo\n|-singleturn|p2b: Dondozo|Protect\n|move|p1b: Ogerpon|Horn Leech|p2b: Dondozo\n|-activate|p2b: Dondozo|move: Protect\n|move|p1a: Corviknight|Brave Bird|p2b: Dondozo\n|-activate|p2b: Dondozo|move: Protect\n|\n|-heal|p2b: Dondozo|64\/100|[from] item: Leftovers\n|-damage|p1b: Ogerpon|76\/100 psn|[from] psn\n|-end|p1a: Corviknight|move: Yawn|[silent]\n|-status|p1a: Corviknight|slp\n|upkeep\n|turn|6\n|inactive|Velius_Gigas has 30 seconds left.\n|\n|t:|1700070965\n|-terastallize|p2b: Dondozo|Dragon\n|move|p1b: Ogerpon|Spiky Shield|p1b: Ogerpon\n|-singleturn|p1b: Ogerpon|move: Protect\n|move|p2a: Glimmora|Sludge Bomb|p1b: Ogerpon\n|-activate|p1b: Ogerpon|move: Protect\n|cant|p1a: Corviknight|slp\n|move|p2b: Dondozo|Order Up|p1b: Ogerpon\n|-activate|p1b: Ogerpon|move: Protect\n|\n|-heal|p2b: Dondozo|70\/100|[from] item: Leftovers\n|-damage|p1b: Ogerpon|64\/100 psn|[from] psn\n|upkeep\n|turn|7\n|\n|t:|1700070988\n|move|p2a: Glimmora|Sludge Bomb|p1b: Ogerpon\n|-supereffective|p1b: Ogerpon\n|-damage|p1b: Ogerpon|0 fnt\n|faint|p1b: Ogerpon\n|-curestatus|p1a: Corviknight|slp|[msg]\n|move|p1a: Corviknight|Brave Bird|p2b: Dondozo\n|-damage|p2b: Dondozo|21\/100\n|-damage|p1a: Corviknight|80\/100|[from] Recoil\n|move|p2b: Dondozo|Order Up|p1a: Corviknight\n|-supereffective|p1a: Corviknight\n|-damage|p1a: Corviknight|66\/100\n|\n|-heal|p1a: Corviknight|72\/100|[from] item: Leftovers\n|-heal|p2b: Dondozo|27\/100|[from] item: Leftovers\n|upkeep\n|turn|8\n|inactive|Velius_Gigas has 30 seconds left.\n|\n|t:|1700071020\n|move|p2a: Glimmora|Spiky Shield|p2a: Glimmora\n|-singleturn|p2a: Glimmora|move: Protect\n|move|p1a: Corviknight|Brave Bird|p2b: Dondozo\n|-damage|p2b: Dondozo|0 fnt\n|faint|p2b: Dondozo\n|-damage|p1a: Corviknight|61\/100|[from] Recoil\n|\n|-heal|p1a: Corviknight|67\/100|[from] item: Leftovers\n|-sideend|p1: ParroTiest|move: Light Screen\n|upkeep\n|\n|t:|1700071030\n|switch|p2b: Iron Hands|Iron Hands, L50|100\/100\n|turn|9\n|\n|t:|1700071035\n|move|p2b: Iron Hands|Fake Out|p1a: Corviknight\n|-damage|p1a: Corviknight|63\/100\n|move|p2a: Glimmora|Sludge Bomb|p1a: Corviknight\n|-damage|p1a: Corviknight|29\/100\n|-status|p1a: Corviknight|psn\n|cant|p1a: Corviknight|flinch\n|\n|-heal|p1a: Corviknight|35\/100 psn|[from] item: Leftovers\n|-damage|p1a: Corviknight|23\/100 psn|[from] psn\n|-sideend|p1: ParroTiest|Reflect\n|upkeep\n|turn|10\n|c|\u2606Velius_Gigas|GG\n|\n|t:|1700071057\n|move|p2a: Glimmora|Sludge Bomb|p1a: Corviknight\n|-damage|p1a: Corviknight|0 fnt\n|faint|p1a: Corviknight\n|\n|win|Velius_Gigas\n|raw|ParroTiest's rating: 1152 &rarr; <strong>1128<\/strong><br \/>(-24 for losing)\n|raw|Velius_Gigas's rating: 1165 &rarr; <strong>1189<\/strong><br \/>(+24 for winning)\n","uploadtime":1700071062,"views":13,"p1id":"parrotiest","p2id":"veliusgigas","formatid":"gen9vgc2023regulatione","rating":1128,"private":0,"password":""}