{"id":"gen9vgc2023regulatione-1989148060","p1":"OceanRayClark","p2":"whelixw","format":"[Gen 9] VGC 2023 Regulation E","log":"|j|\u2606OceanRayClark\n|j|\u2606whelixw\n|t:|1699817340\n|gametype|doubles\n|player|p1|OceanRayClark|marshal|1110\n|player|p2|whelixw|265|1197\n|teamsize|p1|6\n|teamsize|p2|6\n|gen|9\n|tier|[Gen 9] VGC 2023 Regulation E\n|rated|\n|rule|Species Clause: Limit one of each Pok\u00e9mon\n|rule|Item Clause: Limit one of each item\n|clearpoke\n|poke|p1|Annihilape, L50, M|\n|poke|p1|Gallade, L50, M|\n|poke|p1|Iron Hands, L50|\n|poke|p1|Glimmora, L50, F|\n|poke|p1|Ninetales-Alola, L50, F|\n|poke|p1|Haxorus, L50, M|\n|poke|p2|Moltres-Galar, L50|\n|poke|p2|Arcanine-Hisui, L50, F|\n|poke|p2|Munkidori, L50, M|\n|poke|p2|Sinistcha, L50|\n|poke|p2|Grimmsnarl, L50, M|\n|poke|p2|Milotic, L50, M|\n|teampreview|4\nOceanRayClark rejected open team sheets.\n|inactive|Battle timer is ON: inactive players will automatically lose when time's up. (requested by OceanRayClark)\n|inactive|OceanRayClark has 60 seconds left.\n|inactive|whelixw has 60 seconds left.\n|\n|t:|1699817391\n|start\n|switch|p1a: Princess|Ninetales-Alola, L50, F|100\/100\n|switch|p1b: Milky Rose\ud83c\udf39|Glimmora, L50, F|100\/100\n|switch|p2a: Munkidori|Munkidori, L50, M|100\/100\n|switch|p2b: Moltres|Moltres-Galar, L50|100\/100\n|-item|p1a: Princess|Icy Rock|[from] ability: Frisk|[of] p2a: Munkidori|[identify]\n|-item|p1b: Milky Rose\ud83c\udf39|Black Sludge|[from] ability: Frisk|[of] p2a: Munkidori|[identify]\n|-weather|Snow|[from] ability: Snow Warning|[of] p1a: Princess\n|turn|1\n|\n|t:|1699817414\n|-terastallize|p2b: Moltres|Poison\n|move|p2a: Munkidori|Psychic|p1b: Milky Rose\ud83c\udf39\n|-supereffective|p1b: Milky Rose\ud83c\udf39\n|-damage|p1b: Milky Rose\ud83c\udf39|0 fnt\n|faint|p1b: Milky Rose\ud83c\udf39\n|move|p1a: Princess|Blizzard|p2b: Moltres|[spread] p2a,p2b\n|-damage|p2a: Munkidori|64\/100\n|-damage|p2b: Moltres|79\/100\n|move|p2b: Moltres|Nasty Plot|p2b: Moltres\n|-boost|p2b: Moltres|spa|2\n|\n|-weather|Snow|[upkeep]\n|upkeep\n|\n|t:|1699817425\n|switch|p1b: Draco|Haxorus, L50, M, shiny|100\/100\n|-ability|p1b: Draco|Mold Breaker\n|turn|2\n|\n|t:|1699817438\n|move|p1a: Princess|Protect|p1a: Princess\n|-singleturn|p1a: Princess|Protect\n|move|p2a: Munkidori|Parting Shot|p1b: Draco\n|-unboost|p1b: Draco|atk|1\n|-unboost|p1b: Draco|spa|1\n|\n|t:|1699817444\n|switch|p2a: Arcanine|Arcanine-Hisui, L50, F|100\/100|[from] Parting Shot\n|-ability|p2a: Arcanine|Intimidate|boost\n|-unboost|p1a: Princess|atk|1\n|-unboost|p1b: Draco|atk|1\n|move|p1b: Draco|Earthquake|p2b: Moltres|[spread] p2a,p2b\n|-activate|p1a: Princess|move: Protect\n|-supereffective|p2a: Arcanine\n|-supereffective|p2b: Moltres\n|-damage|p2a: Arcanine|32\/100\n|-damage|p2b: Moltres|44\/100\n|-ability|p2b: Moltres|Berserk|boost\n|-boost|p2b: Moltres|spa|1\n|-enditem|p2b: Moltres|Sitrus Berry|[eat]\n|-heal|p2b: Moltres|69\/100|[from] item: Sitrus Berry\n|move|p2b: Moltres|Nasty Plot|p2b: Moltres\n|-boost|p2b: Moltres|spa|2\n|\n|-weather|Snow|[upkeep]\n|upkeep\n|turn|3\n|inactive|OceanRayClark has 30 seconds left.\n|\n|t:|1699817475\n|switch|p2a: Sinistcha|Sinistcha, L50|100\/100\n|-heal|p2b: Moltres|94\/100|[from] ability: Hospitality|[of] p2a: Sinistcha\n|-terastallize|p1b: Draco|Steel\n|move|p1a: Princess|Blizzard|p2a: Sinistcha|[spread] p2a,p2b\n|-supereffective|p2a: Sinistcha\n|-damage|p2a: Sinistcha|38\/100\n|-damage|p2b: Moltres|70\/100\n|-status|p2a: Sinistcha|frz\n|move|p1b: Draco|Earthquake|p2b: Moltres|[spread] p1a,p2a,p2b\n|-resisted|p2a: Sinistcha\n|-supereffective|p2b: Moltres\n|-damage|p1a: Princess|89\/100\n|-damage|p2a: Sinistcha|32\/100 frz\n|-damage|p2b: Moltres|36\/100\n|-ability|p2b: Moltres|Berserk|boost\n|-boost|p2b: Moltres|spa|1\n|move|p2b: Moltres|Fiery Wrath|p1b: Draco|[spread] p1a,p1b\n|-resisted|p1a: Princess\n|-damage|p1a: Princess|23\/100\n|-damage|p1b: Draco|0 fnt\n|faint|p1b: Draco\n|\n|-weather|Snow|[upkeep]\n|upkeep\n|\n|t:|1699817494\n|switch|p1b: Soul Slicer|Gallade, L50, M|100\/100\n|turn|4\n|inactive|whelixw has 30 seconds left.\n|inactive|whelixw has 20 seconds left.\n|inactive|whelixw has 15 seconds left.\n|\n|t:|1699817536\n|switch|p2a: Arcanine|Arcanine-Hisui, L50, F|32\/100\n|-ability|p2a: Arcanine|Intimidate|boost\n|-unboost|p1a: Princess|atk|1\n|-unboost|p1b: Soul Slicer|atk|1\n|move|p2b: Moltres|Protect|p2b: Moltres\n|-singleturn|p2b: Moltres|Protect\n|move|p1b: Soul Slicer|Wide Guard|p1b: Soul Slicer\n|-singleturn|p1b: Soul Slicer|Wide Guard\n|move|p1a: Princess|Blizzard|p2a: Arcanine|[spread] p2a\n|-activate|p2b: Moltres|move: Protect\n|-resisted|p2a: Arcanine\n|-damage|p2a: Arcanine|20\/100\n|\n|-weather|Snow|[upkeep]\n|upkeep\n|turn|5\n|inactive|OceanRayClark has 30 seconds left.\n|inactive|whelixw has 30 seconds left.\n|\n|t:|1699817561\n|switch|p2a: Sinistcha|Sinistcha, L50|32\/100 frz\n|-heal|p2b: Moltres|61\/100|[from] ability: Hospitality|[of] p2a: Sinistcha\n|move|p1a: Princess|Blizzard|p2a: Sinistcha|[spread] p2a,p2b\n|-supereffective|p2a: Sinistcha\n|-damage|p2a: Sinistcha|0 fnt\n|-damage|p2b: Moltres|36\/100\n|faint|p2a: Sinistcha\n|move|p1b: Soul Slicer|Sacred Sword|p2b: Moltres\n|-resisted|p2b: Moltres\n|-crit|p2b: Moltres\n|-damage|p2b: Moltres|0 fnt\n|faint|p2b: Moltres\n|\n|-weather|Snow|[upkeep]\n|upkeep\n|\n|t:|1699817578\n|switch|p2b: Munkidori|Munkidori, L50, M|64\/100\n|switch|p2a: Arcanine|Arcanine-Hisui, L50, F|20\/100\n|-item|p1a: Princess|Icy Rock|[from] ability: Frisk|[of] p2b: Munkidori|[identify]\n|-item|p1b: Soul Slicer|Muscle Band|[from] ability: Frisk|[of] p2b: Munkidori|[identify]\n|-ability|p2a: Arcanine|Intimidate|boost\n|-unboost|p1a: Princess|atk|1\n|-unboost|p1b: Soul Slicer|atk|1\n|turn|6\n|inactive|OceanRayClark has 30 seconds left.\n|inactive|whelixw has 30 seconds left.\n|inactive|whelixw has 20 seconds left.\n|\n|t:|1699817615\n|move|p1a: Princess|Protect|p1a: Princess\n|-singleturn|p1a: Princess|Protect\n|move|p2b: Munkidori|Fake Out|p1a: Princess\n|-activate|p1a: Princess|move: Protect\n|move|p2a: Arcanine|Flare Blitz|p1a: Princess\n|-activate|p1a: Princess|move: Protect\n|move|p1b: Soul Slicer|Sacred Sword|p2a: Arcanine\n|-supereffective|p2a: Arcanine\n|-damage|p2a: Arcanine|0 fnt\n|faint|p2a: Arcanine\n|\n|-weather|Snow|[upkeep]\n|upkeep\n|turn|7\n|inactive|OceanRayClark has 30 seconds left.\n|\n|t:|1699817647\n|move|p2b: Munkidori|Sludge Bomb|p1a: Princess\n|-supereffective|p1a: Princess\n|-damage|p1a: Princess|0 fnt\n|faint|p1a: Princess\n|move|p1b: Soul Slicer|Night Slash|p2b: Munkidori\n|-supereffective|p2b: Munkidori\n|-damage|p2b: Munkidori|0 fnt\n|faint|p2b: Munkidori\n|\n|win|OceanRayClark\n|raw|OceanRayClark's rating: 1110 &rarr; <strong>1141<\/strong><br \/>(+31 for winning)\n|raw|whelixw's rating: 1197 &rarr; <strong>1166<\/strong><br \/>(-31 for losing)\n|c|\u2606OceanRayClark|gg\n|c|\u2606OceanRayClark|:)\n","uploadtime":1699817657,"views":16,"p1id":"oceanrayclark","p2id":"whelixw","formatid":"gen9vgc2023regulatione","rating":1141,"private":0,"password":""}