{"id":"gen9vgc2023regulatione-2000652002","p1":"D018","p2":"bernell00","format":"[Gen 9] VGC 2023 Regulation E","log":"|j|\u2606D018\n|j|\u2606bernell00\n|t:|1701214763\n|gametype|doubles\n|player|p1|D018|alder|\n|player|p2|bernell00|veteran|\n|teamsize|p1|6\n|teamsize|p2|6\n|gen|9\n|tier|[Gen 9] VGC 2023 Regulation E\n|rule|Species Clause: Limit one of each Pok\u00e9mon\n|rule|Item Clause: Limit one of each item\n|clearpoke\n|poke|p1|Chien-Pao, L50|\n|poke|p1|Rillaboom, L50, F|\n|poke|p1|Urshifu-*, L50, F|\n|poke|p1|Landorus-Therian, L50, M|\n|poke|p1|Flutter Mane, L50|\n|poke|p1|Heatran, L50, M|\n|poke|p2|Torkoal, L50, M|\n|poke|p2|Lilligant, L50, F|\n|poke|p2|Landorus-Therian, L50, M|\n|poke|p2|Heatran, L50, M|\n|poke|p2|Tornadus, L50, M|\n|poke|p2|Indeedee, L50, M|\n|teampreview|4\nbernell00 has agreed to open team sheets.\nD018 has agreed to open team sheets.\n|showteam|p1|Chien-Pao||FocusSash|SwordofRuin|SacredSword,IcicleCrash,Crunch,Protect||||||50|,,,,,Ghost]Rillaboom||AssaultVest|GrassySurge|FakeOut,GrassyGlide,KnockOff,Uturn|||F|||50|,,,,,Fire]Urshifu-Rapid-Strike||MysticWater|UnseenFist|SurgingStrikes,CloseCombat,AquaJet,Protect|||F|||50|,,,,,Water]Landorus-Therian||ChoiceScarf|Intimidate|Uturn,TeraBlast,StompingTantrum,RockSlide|||M|||50|,,,,,Flying]Flutter Mane||BoosterEnergy|Protosynthesis|Moonblast,DazzlingGleam,Protect,ShadowBall||||||50|,,,,,Fairy]Heatran||Leftovers|FlashFire|EarthPower,HeatWave,FlashCannon,Protect|||M|||50|,,,,,Grass\n|showteam|p2|Torkoal||ChoiceSpecs|Drought|Eruption,HeatWave,Overheat,EarthPower|||M|||50|,,,,,Fire]Lilligant||FocusSash|Chlorophyll|Protect,GigaDrain,AfterYou,SleepPowder|||F|||50|,,,,,Ghost]Landorus-Therian||AssaultVest|Intimidate|TeraBlast,StompingTantrum,RockSlide,Uturn|||M|||50|,,,,,Flying]Heatran||LifeOrb|FlashFire|Protect,HeatWave,FlashCannon,TeraBlast|||M|||50|,,,,,Grass]Tornadus||EjectButton|Prankster|Tailwind,BleakwindStorm,Taunt,SunnyDay|||M|||50|,,,,,Flying]Indeedee||ThroatSpray|PsychicSurge|Protect,HyperVoice,Psychic,Encore|||M|||50|,,,,,Psychic\n|\n|t:|1701214819\n|start\n|switch|p1a: Rillaboom|Rillaboom, L50, F|100\/100\n|switch|p1b: Heatran|Heatran, L50, M|100\/100\n|switch|p2a: Tornadus|Tornadus, L50, M|100\/100\n|switch|p2b: Lilligant|Lilligant, L50, F|100\/100\n|-fieldstart|move: Grassy Terrain|[from] ability: Grassy Surge|[of] p1a: Rillaboom\n|turn|1\n|inactive|Battle timer is ON: inactive players will automatically lose when time's up. (requested by D018)\n|inactive|bernell00 has 60 seconds left.\n|\n|t:|1701214852\n|move|p2b: Lilligant|Protect|p2b: Lilligant\n|-singleturn|p2b: Lilligant|Protect\n|move|p1a: Rillaboom|Fake Out|p2a: Tornadus\n|-damage|p2a: Tornadus|78\/100\n|-enditem|p2a: Tornadus|Eject Button\n|\n|t:|1701214858\n|switch|p2a: Indeedee|Indeedee, L50, M|100\/100\n|-fieldstart|move: Psychic Terrain|[from] ability: Psychic Surge|[of] p2a: Indeedee\n|move|p1b: Heatran|Earth Power|p2b: Lilligant\n|-activate|p2b: Lilligant|move: Protect\n|\n|upkeep\n|turn|2\n|inactive|bernell00 has 30 seconds left.\n|inactive|bernell00 has 20 seconds left.\n|\n|t:|1701214895\n|-terastallize|p1b: Heatran|Grass\n|move|p2a: Indeedee|Encore|p1b: Heatran\n|-start|p1b: Heatran|Encore\n|move|p2b: Lilligant|Sleep Powder|p1b: Heatran\n|-immune|p1b: Heatran\n|move|p1a: Rillaboom|Knock Off|p2a: Indeedee\n|-supereffective|p2a: Indeedee\n|-damage|p2a: Indeedee|0 fnt\n|-enditem|p2a: Indeedee|Throat Spray|[from] move: Knock Off|[of] p1a: Rillaboom\n|faint|p2a: Indeedee\n|move|p1b: Heatran|Earth Power|p2b: Lilligant\n|-resisted|p2b: Lilligant\n|-damage|p2b: Lilligant|76\/100\n|-unboost|p2b: Lilligant|spd|1\n|\n|upkeep\n|\n|t:|1701214910\n|switch|p2a: Tornadus|Tornadus, L50, M|78\/100\n|turn|3\n|\n|t:|1701214932\n|move|p2b: Lilligant|Protect|p2b: Lilligant\n|-singleturn|p2b: Lilligant|Protect\n|move|p2a: Tornadus|Tailwind|p2a: Tornadus\n|-sidestart|p2: bernell00|move: Tailwind\n|move|p1a: Rillaboom|U-turn|p2a: Tornadus\n|-resisted|p2a: Tornadus\n|-damage|p2a: Tornadus|60\/100\n|\n|t:|1701214942\n|switch|p1a: Chien-Pao|Chien-Pao, L50|100\/100|[from] U-turn\n|-ability|p1a: Chien-Pao|Sword of Ruin\n|move|p1b: Heatran|Earth Power|p2b: Lilligant\n|-activate|p2b: Lilligant|move: Protect\n|\n|upkeep\n|turn|4\n|\n|t:|1701214961\n|switch|p1b: Rillaboom|Rillaboom, L50, F|100\/100\n|-fieldstart|move: Grassy Terrain|[from] ability: Grassy Surge|[of] p1b: Rillaboom\n|-terastallize|p2a: Tornadus|Flying\n|move|p1a: Chien-Pao|Protect|p1a: Chien-Pao\n|-singleturn|p1a: Chien-Pao|Protect\n|move|p2a: Tornadus|Bleakwind Storm|p1a: Chien-Pao|[spread] p1b\n|-activate|p1a: Chien-Pao|move: Protect\n|-supereffective|p1b: Rillaboom\n|-damage|p1b: Rillaboom|12\/100\n|-unboost|p1b: Rillaboom|spe|1\n|move|p2b: Lilligant|Sleep Powder|p1a: Chien-Pao\n|-activate|p1a: Chien-Pao|move: Protect\n|\n|-heal|p2b: Lilligant|82\/100|[from] Grassy Terrain\n|-heal|p1b: Rillaboom|18\/100|[from] Grassy Terrain\n|upkeep\n|turn|5\n|inactive|bernell00 has 30 seconds left.\n|inactive|bernell00 has 20 seconds left.\n|inactive|bernell00 has 15 seconds left.\n|inactive|bernell00 has 10 seconds left.\n|\n|t:|1701215010\n|switch|p2b: Torkoal|Torkoal, L50, M|100\/100\n|-weather|SunnyDay|[from] ability: Drought|[of] p2b: Torkoal\n|move|p1b: Rillaboom|Fake Out|p2b: Torkoal\n|-damage|p2b: Torkoal|85\/100\n|move|p2a: Tornadus|Bleakwind Storm|p1a: Chien-Pao|[spread] p1b\n|-miss|p2a: Tornadus|p1a: Chien-Pao\n|-supereffective|p1b: Rillaboom\n|-damage|p1b: Rillaboom|0 fnt\n|faint|p1b: Rillaboom\n|move|p1a: Chien-Pao|Icicle Crash|p2a: Tornadus\n|-supereffective|p2a: Tornadus\n|-damage|p2a: Tornadus|0 fnt\n|faint|p2a: Tornadus\n|\n|-weather|SunnyDay|[upkeep]\n|-heal|p2b: Torkoal|91\/100|[from] Grassy Terrain\n|upkeep\n|\n|t:|1701215026\n|switch|p2a: Lilligant|Lilligant, L50, F|82\/100\n|switch|p1b: Heatran|Heatran, L50, M, tera:Grass|100\/100\n|turn|6\n|\n|t:|1701215048\n|move|p1a: Chien-Pao|Protect|p1a: Chien-Pao\n|-singleturn|p1a: Chien-Pao|Protect\n|move|p2a: Lilligant|Giga Drain|p1a: Chien-Pao\n|-activate|p1a: Chien-Pao|move: Protect\n|move|p1b: Heatran|Heat Wave|p2a: Lilligant|[spread] p2b\n|-miss|p1b: Heatran|p2a: Lilligant\n|-resisted|p2b: Torkoal\n|-crit|p2b: Torkoal\n|-damage|p2b: Torkoal|27\/100\n|move|p2b: Torkoal|Heat Wave|p1b: Heatran|[spread] \n|-activate|p1a: Chien-Pao|move: Protect\n|-start|p1b: Heatran|ability: Flash Fire\n|\n|-weather|SunnyDay|[upkeep]\n|-heal|p2a: Lilligant|88\/100|[from] Grassy Terrain\n|-heal|p2b: Torkoal|33\/100|[from] Grassy Terrain\n|-sideend|p2: bernell00|move: Tailwind\n|upkeep\n|turn|7\n|inactive|bernell00 has 30 seconds left.\n|\n|t:|1701215080\n|move|p2a: Lilligant|Giga Drain|p1a: Chien-Pao\n|-damage|p1a: Chien-Pao|31\/100\n|-heal|p2a: Lilligant|100\/100|[from] drain|[of] p1a: Chien-Pao\n|move|p1a: Chien-Pao|Icicle Crash|p2a: Lilligant|[miss]\n|-miss|p1a: Chien-Pao|p2a: Lilligant\n|move|p1b: Heatran|Earth Power|p2b: Torkoal\n|-supereffective|p2b: Torkoal\n|-damage|p2b: Torkoal|0 fnt\n|faint|p2b: Torkoal\n|\n|-weather|SunnyDay|[upkeep]\n|-heal|p1a: Chien-Pao|36\/100|[from] Grassy Terrain\n|upkeep\n|turn|8\n|\n|t:|1701215092\n|move|p2a: Lilligant|Protect|p2a: Lilligant\n|-singleturn|p2a: Lilligant|Protect\n|move|p1a: Chien-Pao|Icicle Crash|p2a: Lilligant\n|-activate|p2a: Lilligant|move: Protect\n|move|p1b: Heatran|Heat Wave|p2a: Lilligant\n|-activate|p2a: Lilligant|move: Protect\n|\n|-weather|SunnyDay|[upkeep]\n|-heal|p1a: Chien-Pao|42\/100|[from] Grassy Terrain\n|-fieldend|move: Grassy Terrain\n|upkeep\n|turn|9\n|\n|t:|1701215104\n|move|p2a: Lilligant|Giga Drain|p1a: Chien-Pao\n|-damage|p1a: Chien-Pao|0 fnt\n|faint|p1a: Chien-Pao\n|move|p1b: Heatran|Heat Wave|p2a: Lilligant\n|-supereffective|p2a: Lilligant\n|-enditem|p2a: Lilligant|Focus Sash\n|-damage|p2a: Lilligant|1\/100\n|\n|-weather|none\n|upkeep\n|\n|t:|1701215113\n|switch|p1a: Flutter Mane|Flutter Mane, L50|100\/100\n|-enditem|p1a: Flutter Mane|Booster Energy\n|-activate|p1a: Flutter Mane|ability: Protosynthesis|[fromitem]\n|-start|p1a: Flutter Mane|protosynthesisspa\n|turn|10\n|\n|t:|1701215120\n|move|p1a: Flutter Mane|Moonblast|p2a: Lilligant\n|-damage|p2a: Lilligant|0 fnt\n|faint|p2a: Lilligant\n|\n|win|D018\n|l|\u2606bernell00\n","uploadtime":1701215125,"views":1,"p1id":"d018","p2id":"bernell00","formatid":"gen9vgc2023regulatione","rating":0,"private":0,"password":""}