{"id":"gen9vgc2023regulatione-1994292454","p1":"Quello_Scarso","p2":"Marco Lucato","format":"[Gen 9] VGC 2023 Regulation E","log":"|j|\u2606Quello_Scarso\n|j|\u2606Marco Lucato\n|n|\u2606Quello_Scarso|quelloscarso\n|n|\u2606Marco Lucato|marcolucato\n|html|View the match progress at <a href=\"\/game-bestof3-gen9vgc2023regulatione-1994286652\">game-bestof3-gen9vgc2023regulatione-1994286652<\/a>\n|t:|1700427808\n|gametype|doubles\n|player|p1|Quello_Scarso|dawn-gen4pt|\n|player|p2|Marco Lucato|102|\n|teamsize|p1|6\n|teamsize|p2|6\n|gen|9\n|tier|[Gen 9] VGC 2023 Regulation E\n|rule|Species Clause: Limit one of each Pok\u00e9mon\n|rule|Item Clause: Limit one of each item\n|clearpoke\n|poke|p1|Kingambit, L50, F|\n|poke|p1|Amoonguss, L50, M|\n|poke|p1|Urshifu-*, L50, F|\n|poke|p1|Dragonite, L50, F|\n|poke|p1|Chien-Pao, L50|\n|poke|p1|Ogerpon-Hearthflame, L50, F|\n|poke|p2|Rillaboom, L50, M|\n|poke|p2|Iron Hands, L50|\n|poke|p2|Heatran, L50, F|\n|poke|p2|Ursaluna-Bloodmoon, L50, M|\n|poke|p2|Urshifu-*, L50, M|\n|poke|p2|Farigiraf, L50, M|\n|teampreview|4\nQuello_Scarso has agreed to open team sheets.\nMarco Lucato has agreed to open team sheets.\n|showteam|p1|Kingambit||BlackGlasses|Defiant|SuckerPunch,IronHead,KowtowCleave,Protect|||F|||50|,,,,,Dragon]Amoonguss||SitrusBerry|Regenerator|Spore,PollenPuff,RagePowder,ClearSmog|||M|||50|,,,,,Fire]Urshifu-Rapid-Strike||ChoiceScarf|UnseenFist|SurgingStrikes,CloseCombat,AquaJet,Uturn|||F|||50|,,,,,Poison]Dragonite||ChoiceBand|InnerFocus|ExtremeSpeed,AerialAce,StompingTantrum,Outrage|||F|||50|,,,,,Normal]Chien-Pao||FocusSash|SwordofRuin|IcicleCrash,SacredSword,Protect,SuckerPunch||||||50|,,,,,Ghost]Ogerpon-Hearthflame||HearthflameMask|MoldBreaker|IvyCudgel,GrassyGlide,SwordsDance,SpikyShield|||F|||50|,,,,,Fire\n|showteam|p2|Rillaboom||AssaultVest|GrassySurge|WoodHammer,GrassyGlide,Uturn,FakeOut|||M|||50|,,,,,Fire]Iron Hands||Leftovers|QuarkDrive|ThunderPunch,DrainPunch,SwordsDance,Detect||||||50|,,,,,Grass]Heatran||ShucaBerry|FlashFire|HeatWave,Protect,EarthPower,WillOWisp|||F|||50|,,,,,Grass]Ursaluna-Bloodmoon||SilkScarf|MindsEye|BloodMoon,EarthPower,HyperVoice,Protect|||M|||50|,,,,,Ghost]Urshifu-Rapid-Strike||ChoiceScarf|UnseenFist|SurgingStrikes,CloseCombat,AquaJet,Uturn|||M|||50|,,,,,Water]Farigiraf||SitrusBerry|ArmorTail|Psychic,MeanLook,TrickRoom,HelpingHand|||M|||50|,,,,,Fairy\n|j| glopp_97\n|j| Dice Player\n|j| Ryum\n|j| ilpalmi\n|l| Dice Player\n|j| Dice Player\n|j| ChrissssVIGISI\n|\n|t:|1700427884\n|start\n|switch|p1a: Dragonite|Dragonite, L50, F|100\/100\n|switch|p1b: Chien-Pao|Chien-Pao, L50|100\/100\n|switch|p2a: Iron Hands|Iron Hands, L50, shiny|100\/100\n|switch|p2b: Farigiraf|Farigiraf, L50, M|100\/100\n|-ability|p1b: Chien-Pao|Sword of Ruin\n|turn|1\n|j| Ryugami0\n|l| ChrissssVIGISI\n|l| Dice Player\n|\n|t:|1700427975\n|switch|p1b: Amoonguss|Amoonguss, L50, M|100\/100\n|switch|p1a: Ogerpon|Ogerpon-Hearthflame, L50, F|100\/100\n|-ability|p1a: Ogerpon|Mold Breaker\n|-terastallize|p2b: Farigiraf|Fairy\n|move|p2a: Iron Hands|Swords Dance|p2a: Iron Hands\n|-boost|p2a: Iron Hands|atk|2\n|move|p2b: Farigiraf|Trick Room|p2b: Farigiraf\n|-fieldstart|move: Trick Room|[of] p2b: Farigiraf\n|\n|upkeep\n|turn|2\n|\n|t:|1700428059\n|switch|p2b: Rillaboom|Rillaboom, L50, M|100\/100\n|-fieldstart|move: Grassy Terrain|[from] ability: Grassy Surge|[of] p2b: Rillaboom\n|move|p2a: Iron Hands|Detect|p2a: Iron Hands\n|-singleturn|p2a: Iron Hands|Protect\n|move|p1b: Amoonguss|Spore|p2a: Iron Hands\n|-activate|p2a: Iron Hands|move: Protect\n|move|p1a: Ogerpon|Swords Dance|p1a: Ogerpon\n|-boost|p1a: Ogerpon|atk|2\n|\n|upkeep\n|turn|3\n|j| Dice Player\n|j| HS_Oscar\n|j| ChrissssVIGISI\n|\n|t:|1700428091\n|-end|p2a: Iron Hands|Quark Drive|[silent]\n|switch|p2a: Ursaluna|Ursaluna-Bloodmoon, L50, M|100\/100\n|move|p1a: Ogerpon|Spiky Shield|p1a: Ogerpon\n|-singleturn|p1a: Ogerpon|move: Protect\n|move|p2b: Rillaboom|Fake Out|p1b: Amoonguss\n|-damage|p1b: Amoonguss|91\/100\n|cant|p1b: Amoonguss|flinch\n|\n|-heal|p1b: Amoonguss|96\/100|[from] Grassy Terrain\n|upkeep\n|turn|4\n|\n|t:|1700428102\n|switch|p2b: Farigiraf|Farigiraf, L50, M, tera:Fairy|100\/100\n|move|p1b: Amoonguss|Spore|p2a: Ursaluna\n|-status|p2a: Ursaluna|slp|[from] move: Spore\n|cant|p2a: Ursaluna|slp\n|move|p1a: Ogerpon|Ivy Cudgel|p2b: Farigiraf|[anim] Ivy Cudgel Fire\n|-damage|p2b: Farigiraf|9\/100\n|-enditem|p2b: Farigiraf|Sitrus Berry|[eat]\n|-heal|p2b: Farigiraf|33\/100|[from] item: Sitrus Berry\n|\n|-heal|p1b: Amoonguss|100\/100|[from] Grassy Terrain\n|-heal|p2b: Farigiraf|39\/100|[from] Grassy Terrain\n|upkeep\n|turn|5\n|\n|t:|1700428149\n|-terastallize|p1a: Ogerpon|Fire\n|detailschange|p1a: Ogerpon|Ogerpon-Hearthflame-Tera, L50, F, tera:Fire\n|-ability|p1a: Ogerpon|Embody Aspect (Hearthflame)|boost\n|-boost|p1a: Ogerpon|atk|1\n|move|p1b: Amoonguss|Rage Powder|p1b: Amoonguss\n|-singleturn|p1b: Amoonguss|move: Rage Powder\n|-curestatus|p2a: Ursaluna|slp|[msg]\n|move|p2a: Ursaluna|Blood Moon|p1b: Amoonguss\n|-damage|p1b: Amoonguss|11\/100\n|-enditem|p1b: Amoonguss|Sitrus Berry|[eat]\n|-heal|p1b: Amoonguss|36\/100|[from] item: Sitrus Berry\n|move|p2b: Farigiraf|Psychic|p1b: Amoonguss\n|-supereffective|p1b: Amoonguss\n|-damage|p1b: Amoonguss|0 fnt\n|faint|p1b: Amoonguss\n|move|p1a: Ogerpon|Ivy Cudgel|p2a: Ursaluna|[anim] Ivy Cudgel Fire\n|-crit|p2a: Ursaluna\n|-damage|p2a: Ursaluna|0 fnt\n|faint|p2a: Ursaluna\n|\n|-heal|p2b: Farigiraf|45\/100|[from] Grassy Terrain\n|-fieldend|move: Trick Room\n|upkeep\n|\n|t:|1700428167\n|switch|p2a: Rillaboom|Rillaboom, L50, M|100\/100\n|switch|p1b: Dragonite|Dragonite, L50, F|100\/100\n|turn|6\n|\n|t:|1700428179\n|move|p2a: Rillaboom|Fake Out|p1a: Ogerpon\n|-damage|p1a: Ogerpon|86\/100\n|cant|p1a: Ogerpon|flinch\n|move|p1b: Dragonite|Aerial Ace|p2a: Rillaboom\n|-supereffective|p2a: Rillaboom\n|-damage|p2a: Rillaboom|18\/100\n|move|p2b: Farigiraf|Trick Room|p2b: Farigiraf\n|-fieldstart|move: Trick Room|[of] p2b: Farigiraf\n|\n|-heal|p2b: Farigiraf|51\/100|[from] Grassy Terrain\n|-heal|p2a: Rillaboom|24\/100|[from] Grassy Terrain\n|-heal|p1a: Ogerpon|92\/100|[from] Grassy Terrain\n|-fieldend|move: Grassy Terrain\n|upkeep\n|turn|7\n|\n|t:|1700428213\n|move|p2b: Farigiraf|Psychic|p1a: Ogerpon\n|-damage|p1a: Ogerpon|58\/100\n|move|p1b: Dragonite|Aerial Ace|p2a: Rillaboom\n|-supereffective|p2a: Rillaboom\n|-damage|p2a: Rillaboom|0 fnt\n|faint|p2a: Rillaboom\n|move|p1a: Ogerpon|Ivy Cudgel|p2b: Farigiraf|[anim] Ivy Cudgel Fire\n|-damage|p2b: Farigiraf|0 fnt\n|faint|p2b: Farigiraf\n|\n|upkeep\n|\n|t:|1700428218\n|switch|p2b: Iron Hands|Iron Hands, L50, shiny|100\/100\n|turn|8\n|l| Ryugami0\n|l| Dice Player\n|\n|t:|1700428238\n|move|p2b: Iron Hands|Swords Dance|p2b: Iron Hands\n|-boost|p2b: Iron Hands|atk|2\n|move|p1b: Dragonite|Aerial Ace|p2b: Iron Hands\n|-damage|p2b: Iron Hands|69\/100\n|move|p1a: Ogerpon|Ivy Cudgel|p2b: Iron Hands|[anim] Ivy Cudgel Fire\n|-damage|p2b: Iron Hands|0 fnt\n|faint|p2b: Iron Hands\n|-end|p2b: Iron Hands|Quark Drive|[silent]\n|\n|win|Quello_Scarso\n|c|\u2606Quello_Scarso|ggs\n|c|\u2606Marco Lucato|gg\n|l|\u2606Marco Lucato\n|l| HS_Oscar\n|l| glopp_97\n|l| Ryum\n","uploadtime":1700428297,"views":22,"p1id":"quelloscarso","p2id":"marcolucato","formatid":"gen9vgc2023regulatione","rating":0,"private":0,"password":""}