{"id":"gen9vgc2023regulatione-1994533039","p1":"ZER0_5871","p2":"Aiechlemir","format":"[Gen 9] VGC 2023 Regulation E","log":"|j|\u2606ZER0_5871\n|j|\u2606Aiechlemir\n|t:|1700455655\n|gametype|doubles\n|player|p1|ZER0_5871|roxie|1090\n|player|p2|Aiechlemir|101|1000\n|teamsize|p1|6\n|teamsize|p2|6\n|gen|9\n|tier|[Gen 9] VGC 2023 Regulation E\n|rated|\n|rule|Species Clause: Limit one of each Pok\u00e9mon\n|rule|Item Clause: Limit one of each item\n|clearpoke\n|poke|p1|Gholdengo, L50|\n|poke|p1|Roaring Moon, L50|\n|poke|p1|Chi-Yu, L50|\n|poke|p1|Flutter Mane, L50|\n|poke|p1|Ursaluna-Bloodmoon, L50, M|\n|poke|p1|Torkoal, L50, M|\n|poke|p2|Glimmora, L50, F|\n|poke|p2|Zoroark-Hisui, L50, M|\n|poke|p2|Azelf, L50|\n|poke|p2|Sneasler, L50, F|\n|poke|p2|Maushold-Four, L50|\n|poke|p2|Gholdengo, L50|\n|teampreview|4\n|inactive|Battle timer is ON: inactive players will automatically lose when time's up. (requested by ZER0_5871)\n|inactive|Aiechlemir has 60 seconds left.\n|\n|t:|1700455711\n|start\n|switch|p1a: Ballbuster|Roaring Moon, L50|100\/100\n|switch|p1b: Cockblocker|Gholdengo, L50|100\/100\n|switch|p2a: Sneasler|Sneasler, L50, F|100\/100\n|switch|p2b: Gholdengo|Gholdengo, L50|100\/100\n|-enditem|p1a: Ballbuster|Booster Energy\n|-activate|p1a: Ballbuster|ability: Protosynthesis|[fromitem]\n|-start|p1a: Ballbuster|protosynthesisspe\n|turn|1\n|l|\u2606ZER0_5871\n|inactive|ZER0_5871 disconnected and has a minute to reconnect!\n|player|p1|\n|inactive|ZER0_5871 has 30 seconds left.\n|inactive|Aiechlemir has 30 seconds left.\n|j|\u2606ZER0_5871\n|inactive|ZER0_5871 reconnected and has 25 seconds left.\n|player|p1|ZER0_5871|roxie\n|inactive|ZER0_5871 has 20 seconds left.\n|inactive|ZER0_5871 has 15 seconds left.\n|\n|t:|1700455754\n|move|p1b: Cockblocker|Protect|p1b: Cockblocker\n|-singleturn|p1b: Cockblocker|Protect\n|move|p2a: Sneasler|Fake Out|p1a: Ballbuster\n|-damage|p1a: Ballbuster|83\/100\n|cant|p1a: Ballbuster|flinch\n|move|p2b: Gholdengo|Nasty Plot|p2b: Gholdengo\n|-boost|p2b: Gholdengo|spa|2\n|\n|upkeep\n|turn|2\n|\n|t:|1700455778\n|move|p1a: Ballbuster|Tailwind|p1a: Ballbuster\n|-sidestart|p1: ZER0_5871|move: Tailwind\n|move|p1b: Cockblocker|Shadow Ball|p2b: Gholdengo\n|-immune|p2b: Gholdengo\n|move|p2a: Sneasler|Close Combat|p1a: Ballbuster\n|-supereffective|p1a: Ballbuster\n|-damage|p1a: Ballbuster|0 fnt\n|-unboost|p2a: Sneasler|def|1\n|-unboost|p2a: Sneasler|spd|1\n|faint|p1a: Ballbuster\n|-end|p1a: Ballbuster|Protosynthesis|[silent]\n|move|p2b: Gholdengo|Shadow Ball|p1b: Cockblocker\n|-supereffective|p1b: Cockblocker\n|-damage|p1b: Cockblocker|0 fnt\n|faint|p1b: Cockblocker\n|\n|upkeep\n|\n|t:|1700455798\n|switch|p1a: Blueballer|Chi-Yu, L50|100\/100\n|switch|p1b: OnlyUsesMouth|Flutter Mane, L50|100\/100\n|-ability|p1a: Blueballer|Beads of Ruin\n|turn|3\n|\n|t:|1700455819\n|-terastallize|p1b: OnlyUsesMouth|Fairy\n|move|p1b: OnlyUsesMouth|Dazzling Gleam|p2b: Gholdengo|[spread] p2a,p2b\n|-enditem|p2a: Sneasler|Focus Sash\n|-damage|p2a: Sneasler|1\/100\n|-damage|p2b: Gholdengo|0 fnt\n|replace|p2b: Zoroark|Zoroark-Hisui, L50, M\n|-end|p2b: Zoroark|Illusion\n|faint|p2b: Zoroark\n|move|p2a: Sneasler|Dire Claw|p1b: OnlyUsesMouth\n|-supereffective|p1b: OnlyUsesMouth\n|-enditem|p1b: OnlyUsesMouth|Focus Sash\n|-damage|p1b: OnlyUsesMouth|1\/100\n|move|p1a: Blueballer|Heat Wave|p2a: Sneasler\n|-damage|p2a: Sneasler|0 fnt\n|faint|p2a: Sneasler\n|\n|upkeep\n|\n|t:|1700455835\n|switch|p2a: Maushold|Maushold-Four, L50|100\/100\n|switch|p2b: Gholdengo|Gholdengo, L50|100\/100\n|turn|4\n|\n|t:|1700455857\n|move|p1b: OnlyUsesMouth|Dazzling Gleam|p2b: Gholdengo|[spread] p2a,p2b\n|-resisted|p2b: Gholdengo\n|-damage|p2a: Maushold|20\/100\n|-damage|p2b: Gholdengo|73\/100\n|move|p1a: Blueballer|Heat Wave|p2b: Gholdengo|[spread] p2b\n|-miss|p1a: Blueballer|p2a: Maushold\n|-supereffective|p2b: Gholdengo\n|-crit|p2b: Gholdengo\n|-damage|p2b: Gholdengo|0 fnt\n|faint|p2b: Gholdengo\n|move|p2a: Maushold|Shadow Claw|p1b: OnlyUsesMouth\n|-crit|p1b: OnlyUsesMouth\n|-damage|p1b: OnlyUsesMouth|0 fnt\n|faint|p1b: OnlyUsesMouth\n|-end|p1b: OnlyUsesMouth|Protosynthesis|[silent]\n|\n|-heal|p2a: Maushold|26\/100|[from] item: Leftovers\n|upkeep\n|turn|5\n|inactive|Aiechlemir has 30 seconds left.\n|\n|t:|1700455882\n|move|p1a: Blueballer|Heat Wave|p2a: Maushold\n|-damage|p2a: Maushold|0 fnt\n|faint|p2a: Maushold\n|\n|win|ZER0_5871\n|raw|ZER0_5871's rating: 1090 &rarr; <strong>1110<\/strong><br \/>(+20 for winning)\n|raw|Aiechlemir's rating: 1000 &rarr; <strong>1000<\/strong><br \/>(+0 for losing)\n|l|\u2606Aiechlemir\n","uploadtime":1700455907,"views":6,"p1id":"zer05871","p2id":"aiechlemir","formatid":"gen9vgc2023regulatione","rating":1000,"private":0,"password":""}