{"id":"gen9vgc2023regulatione-1998549879","p1":"BeastkidYT","p2":"Drasan","format":"[Gen 9] VGC 2023 Regulation E","log":"|j|\u2606BeastkidYT\n|j|\u2606Drasan\n|t:|1700955148\n|gametype|doubles\n|player|p1|BeastkidYT|ethan|1055\n|player|p2|Drasan|riley|1124\n|teamsize|p1|6\n|teamsize|p2|6\n|gen|9\n|tier|[Gen 9] VGC 2023 Regulation E\n|rated|\n|rule|Species Clause: Limit one of each Pok\u00e9mon\n|rule|Item Clause: Limit one of each item\n|clearpoke\n|poke|p1|Baxcalibur, L50, F|\n|poke|p1|Ninetales-Alola, L50, F|\n|poke|p1|Thundurus, L50, M|\n|poke|p1|Barraskewda, L50, F|\n|poke|p1|Iron Bundle, L50|\n|poke|p1|Tornadus, L50, M|\n|poke|p2|Dusclops, L50, F|\n|poke|p2|Ursaluna-Bloodmoon, L50, M|\n|poke|p2|Armarouge, L50, M|\n|poke|p2|Conkeldurr, L50, F|\n|poke|p2|Enamorus-Therian, L50, F|\n|poke|p2|Amoonguss, L50, M|\n|teampreview|4\n|inactive|Battle timer is ON: inactive players will automatically lose when time's up. (requested by BeastkidYT)\n|\n|t:|1700955166\n|start\n|switch|p1a: Ninetales|Ninetales-Alola, L50, F|100\/100\n|switch|p1b: Thundurus|Thundurus, L50, M|100\/100\n|switch|p2a: Dusclops|Dusclops, L50, F, shiny|100\/100\n|switch|p2b: Armarouge|Armarouge, L50, M, shiny|100\/100\n|-weather|Snow|[from] ability: Snow Warning|[of] p1a: Ninetales\n|-item|p1a: Ninetales|Light Clay|[from] ability: Frisk|[of] p2a: Dusclops|[identify]\n|-item|p1b: Thundurus|Heavy-Duty Boots|[from] ability: Frisk|[of] p2a: Dusclops|[identify]\n|turn|1\n|\n|t:|1700955181\n|move|p1b: Thundurus|Taunt|p2a: Dusclops\n|-start|p2a: Dusclops|move: Taunt\n|move|p1a: Ninetales|Aurora Veil|p1a: Ninetales\n|-sidestart|p1: BeastkidYT|move: Aurora Veil\n|move|p2b: Armarouge|Armor Cannon|p1a: Ninetales\n|-supereffective|p1a: Ninetales\n|-damage|p1a: Ninetales|9\/100\n|-unboost|p2b: Armarouge|def|1\n|-unboost|p2b: Armarouge|spd|1\n|cant|p2a: Dusclops|move: Taunt|Trick Room\n|\n|-weather|Snow|[upkeep]\n|upkeep\n|turn|2\n|\n|t:|1700955201\n|move|p1a: Ninetales|Protect|p1a: Ninetales\n|-singleturn|p1a: Ninetales|Protect\n|move|p1b: Thundurus|Wildbolt Storm|p2a: Dusclops|[spread] p2a,p2b\n|-damage|p2a: Dusclops|82\/100\n|-damage|p2b: Armarouge|39\/100\n|move|p2a: Dusclops|Hex|p1a: Ninetales\n|-activate|p1a: Ninetales|move: Protect\n|move|p2b: Armarouge|Trick Room|p2b: Armarouge\n|-fieldstart|move: Trick Room|[of] p2b: Armarouge\n|-enditem|p2b: Armarouge|Room Service\n|-unboost|p2b: Armarouge|spe|1|[from] item: Room Service\n|\n|-weather|Snow|[upkeep]\n|upkeep\n|turn|3\n|\n|t:|1700955223\n|switch|p2a: Ursaluna|Ursaluna-Bloodmoon, L50, M|100\/100\n|move|p2b: Armarouge|Armor Cannon|p1a: Ninetales\n|-supereffective|p1a: Ninetales\n|-damage|p1a: Ninetales|0 fnt\n|-unboost|p2b: Armarouge|def|1\n|-unboost|p2b: Armarouge|spd|1\n|faint|p1a: Ninetales\n|move|p1b: Thundurus|Wildbolt Storm|p2b: Armarouge|[spread] p2b\n|-immune|p2a: Ursaluna\n|-damage|p2b: Armarouge|0 fnt\n|faint|p2b: Armarouge\n|\n|-weather|Snow|[upkeep]\n|upkeep\n|inactive|BeastkidYT has 30 seconds left.\n|inactive|BeastkidYT has 20 seconds left.\n|\n|t:|1700955259\n|switch|p2b: Conkeldurr|Conkeldurr, L50, F|100\/100\n|switch|p1a: Iron Bundle|Iron Bundle, L50|100\/100\n|-enditem|p1a: Iron Bundle|Booster Energy\n|-activate|p1a: Iron Bundle|ability: Quark Drive|[fromitem]\n|-start|p1a: Iron Bundle|quarkdrivespe\n|turn|4\n|inactive|Drasan has 30 seconds left.\n|inactive|Drasan has 20 seconds left.\n|\n|t:|1700955296\n|-terastallize|p1b: Thundurus|Ice\n|move|p1a: Iron Bundle|Protect|p1a: Iron Bundle\n|-singleturn|p1a: Iron Bundle|Protect\n|move|p2b: Conkeldurr|Ice Punch|p1b: Thundurus\n|-resisted|p1b: Thundurus\n|-damage|p1b: Thundurus|91\/100\n|move|p2a: Ursaluna|Hyper Voice|p1a: Iron Bundle|[spread] p1b\n|-activate|p1a: Iron Bundle|move: Protect\n|-damage|p1b: Thundurus|54\/100\n|-enditem|p2a: Ursaluna|Throat Spray\n|-boost|p2a: Ursaluna|spa|1|[from] item: Throat Spray\n|move|p1b: Thundurus|Weather Ball|p2a: Ursaluna\n|-supereffective|p2a: Ursaluna\n|-damage|p2a: Ursaluna|0 fnt\n|faint|p2a: Ursaluna\n|\n|-weather|Snow|[upkeep]\n|-status|p2b: Conkeldurr|brn|[from] item: Flame Orb\n|upkeep\n|c|\u2606Drasan|Ice tera Thundurus\n|c|\u2606Drasan|Is a first\n|\n|t:|1700955317\n|switch|p2a: Dusclops|Dusclops, L50, F, shiny|82\/100\n|-item|p1b: Thundurus|Heavy-Duty Boots|[from] ability: Frisk|[of] p2a: Dusclops|[identify]\n|turn|5\n|\n|t:|1700955335\n|-terastallize|p2b: Conkeldurr|Steel\n|move|p1b: Thundurus|Taunt|p2a: Dusclops\n|-start|p2a: Dusclops|move: Taunt\n|cant|p2a: Dusclops|move: Taunt|Will-O-Wisp\n|move|p2b: Conkeldurr|Close Combat|p1b: Thundurus\n|-supereffective|p1b: Thundurus\n|-damage|p1b: Thundurus|0 fnt\n|-unboost|p2b: Conkeldurr|def|1\n|-unboost|p2b: Conkeldurr|spd|1\n|faint|p1b: Thundurus\n|move|p1a: Iron Bundle|Blizzard|p2a: Dusclops|[spread] p2a,p2b\n|-resisted|p2b: Conkeldurr\n|-damage|p2a: Dusclops|62\/100\n|-damage|p2b: Conkeldurr|67\/100 brn\n|\n|-weather|none\n|-damage|p2b: Conkeldurr|61\/100 brn|[from] brn\n|upkeep\n|\n|t:|1700955346\n|switch|p1b: Baxcalibur|Baxcalibur, L50, F|100\/100\n|turn|6\n|\n|t:|1700955354\n|move|p1b: Baxcalibur|Protect|p1b: Baxcalibur\n|-singleturn|p1b: Baxcalibur|Protect\n|move|p1a: Iron Bundle|Protect|p1a: Iron Bundle\n|-singleturn|p1a: Iron Bundle|Protect\n|move|p2a: Dusclops|Hex|p1b: Baxcalibur\n|-activate|p1b: Baxcalibur|move: Protect\n|move|p2b: Conkeldurr|Close Combat|p1a: Iron Bundle\n|-activate|p1a: Iron Bundle|move: Protect\n|\n|-damage|p2b: Conkeldurr|55\/100 brn|[from] brn\n|-fieldend|move: Trick Room\n|upkeep\n|turn|7\n|c|\u2606BeastkidYT|I did it for MASSIVE weather ball damage\n|inactive|BeastkidYT has 30 seconds left.\n|\n|t:|1700955381\n|move|p1a: Iron Bundle|Hydro Pump|p2b: Conkeldurr\n|-damage|p2b: Conkeldurr|0 fnt\n|faint|p2b: Conkeldurr\n|move|p1b: Baxcalibur|Glaive Rush|p2a: Dusclops\n|-damage|p2a: Dusclops|16\/100\n|-singlemove|p1b: Baxcalibur|Glaive Rush|[silent]\n|move|p2a: Dusclops|Hex|p1a: Iron Bundle\n|-damage|p1a: Iron Bundle|80\/100\n|\n|-end|p2a: Dusclops|move: Taunt\n|upkeep\n|turn|8\n|c|\u2606Drasan|I had never seen it It tookme by surprise\n|c|\u2606Drasan|ggs\n|c|\u2606BeastkidYT|Ggs\n|-message|Drasan forfeited.\n|\n|win|BeastkidYT\n|raw|BeastkidYT's rating: 1055 &rarr; <strong>1093<\/strong><br \/>(+38 for winning)\n|raw|Drasan's rating: 1124 &rarr; <strong>1094<\/strong><br \/>(-30 for losing)\n|l|\u2606Drasan\n","uploadtime":1700955403,"views":11,"p1id":"beastkidyt","p2id":"drasan","formatid":"gen9vgc2023regulatione","rating":1093,"private":0,"password":""}