{"id":"gen9vgc2023regulatione-1990475070","p1":"CozmoBoom","p2":"nrsbruf","format":"[Gen 9] VGC 2023 Regulation E","log":"|j|\u2606CozmoBoom\n|j|\u2606nrsbruf\n|t:|1699974390\n|gametype|doubles\n|player|p1|CozmoBoom|102|1075\n|player|p2|nrsbruf|102|1000\n|teamsize|p1|6\n|teamsize|p2|6\n|gen|9\n|tier|[Gen 9] VGC 2023 Regulation E\n|rated|\n|rule|Species Clause: Limit one of each Pok\u00e9mon\n|rule|Item Clause: Limit one of each item\n|clearpoke\n|poke|p1|Urshifu-*, L50, M|\n|poke|p1|Krookodile, L50, F|\n|poke|p1|Iron Hands, L50|\n|poke|p1|Orthworm, L50, M|\n|poke|p1|Tornadus, L50, M|\n|poke|p1|Brute Bonnet, L50|\n|poke|p2|Golem-Alola, L50, F|\n|poke|p2|Rabsca, L50, M|\n|poke|p2|Dondozo, L50, F|\n|poke|p2|Tatsugiri, L50, M|\n|poke|p2|Iron Hands, L50|\n|poke|p2|Glastrier, L50|\n|teampreview|4\n|\n|t:|1699974408\n|start\n|switch|p1a: Boat|Urshifu-Rapid-Strike, L50, M|100\/100\n|switch|p1b: Battery Acid|Krookodile, L50, F, shiny|100\/100\n|switch|p2a: Glastrier|Glastrier, L50|100\/100\n|switch|p2b: Rabsca|Rabsca, L50, M|100\/100\n|turn|1\n|\n|t:|1699974426\n|-terastallize|p1b: Battery Acid|Grass\n|-terastallize|p2b: Rabsca|Dark\n|move|p1a: Boat|Surging Strikes|p1b: Battery Acid\n|-resisted|p1b: Battery Acid\n|-crit|p1b: Battery Acid\n|-damage|p1b: Battery Acid|92\/100\n|-setboost|p1b: Battery Acid|atk|6|[from] ability: Anger Point\n|-resisted|p1b: Battery Acid\n|-crit|p1b: Battery Acid\n|-damage|p1b: Battery Acid|83\/100\n|-resisted|p1b: Battery Acid\n|-crit|p1b: Battery Acid\n|-damage|p1b: Battery Acid|75\/100\n|-hitcount|p1b: Battery Acid|3\n|move|p1b: Battery Acid|Earthquake|p2a: Glastrier|[spread] p1a,p2a,p2b\n|-damage|p1a: Boat|0 fnt\n|-damage|p2a: Glastrier|19\/100\n|-damage|p2b: Rabsca|9\/100\n|faint|p1a: Boat\n|move|p2a: Glastrier|Icicle Crash|p1b: Battery Acid\n|-supereffective|p1b: Battery Acid\n|-damage|p1b: Battery Acid|0 fnt\n|faint|p1b: Battery Acid\n|-ability|p2a: Glastrier|Chilling Neigh|boost\n|-boost|p2a: Glastrier|atk|1\n|-damage|p2a: Glastrier|10\/100|[from] item: Life Orb\n|move|p2b: Rabsca|Trick Room|p2b: Rabsca\n|-fieldstart|move: Trick Room|[of] p2b: Rabsca\n|\n|upkeep\n|\n|t:|1699974452\n|switch|p1b: Fungelion|Brute Bonnet, L50, shiny|100\/100\n|switch|p1a: Zip Zap|Orthworm, L50, M, shiny|100\/100\n|turn|2\n|\n|t:|1699974470\n|move|p2b: Rabsca|Protect|p2b: Rabsca\n|-singleturn|p2b: Rabsca|Protect\n|move|p1b: Fungelion|Sucker Punch|p2a: Glastrier\n|-damage|p2a: Glastrier|0 fnt\n|faint|p2a: Glastrier\n|move|p1a: Zip Zap|Body Press|p2b: Rabsca\n|-activate|p2b: Rabsca|move: Protect\n|\n|upkeep\n|\n|t:|1699974473\n|switch|p2a: Golem|Golem-Alola, L50, F|100\/100\n|turn|3\n|\n|t:|1699974486\n|switch|p2b: Iron Hands|Iron Hands, L50|100\/100\n|move|p1a: Zip Zap|Helping Hand|p1b: Fungelion\n|-singleturn|p1b: Fungelion|Helping Hand|[of] p1a: Zip Zap\n|move|p2a: Golem|Explosion|p1a: Zip Zap|[spread] p2b,p1a,p1b\n|-resisted|p2b: Iron Hands\n|-resisted|p1b: Fungelion\n|-damage|p2b: Iron Hands|36\/100\n|-damage|p1a: Zip Zap|0 fnt\n|-damage|p1b: Fungelion|40\/100\n|-enditem|p1b: Fungelion|Sitrus Berry|[eat]\n|-heal|p1b: Fungelion|65\/100|[from] item: Sitrus Berry\n|faint|p2a: Golem\n|faint|p1a: Zip Zap\n|move|p1b: Fungelion|Seed Bomb|p2b: Iron Hands\n|-damage|p2b: Iron Hands|0 fnt\n|faint|p2b: Iron Hands\n|-end|p2b: Iron Hands|Quark Drive|[silent]\n|\n|upkeep\n|\n|t:|1699974497\n|switch|p2a: Rabsca|Rabsca, L50, M, tera:Dark|9\/100\n|turn|4\n|\n|t:|1699974507\n|move|p1b: Fungelion|Sucker Punch||[still]\n|-fail|p1b: Fungelion\n|move|p2a: Rabsca|Revival Blessing|p2a: Rabsca\n|-enditem|p2a: Rabsca|Leppa Berry|[eat]\n|-activate|p2a: Rabsca|item: Leppa Berry|Revival Blessing|[consumed]\n|\n|t:|1699974515\n|-heal|p2: Iron Hands|50\/100|[from] move: Revival Blessing\n|\n|upkeep\n|-end|p2: Iron Hands|Quark Drive|[silent]\n|switch|p2b: Iron Hands|Iron Hands, L50|50\/100\n|turn|5\n|\n|t:|1699974526\n|move|p2b: Iron Hands|Fake Out|p1b: Fungelion\n|-damage|p1b: Fungelion|54\/100\n|move|p2a: Rabsca|Revival Blessing|p2a: Rabsca\n|\n|t:|1699974528\n|-heal|p2: Glastrier|50\/100|[from] move: Revival Blessing\n|cant|p1b: Fungelion|flinch\n|\n|-fieldend|move: Trick Room\n|upkeep\n|turn|6\n|\n|t:|1699974538\n|move|p1b: Fungelion|Seed Bomb|p2a: Rabsca\n|-damage|p2a: Rabsca|0 fnt\n|faint|p2a: Rabsca\n|move|p2b: Iron Hands|Drain Punch|p1b: Fungelion\n|-supereffective|p1b: Fungelion\n|-damage|p1b: Fungelion|0 fnt\n|-heal|p2b: Iron Hands|76\/100|[from] drain|[of] p1b: Fungelion\n|faint|p1b: Fungelion\n|-end|p1b: Fungelion|Protosynthesis|[silent]\n|\n|win|nrsbruf\n|raw|CozmoBoom's rating: 1075 &rarr; <strong>1049<\/strong><br \/>(-26 for losing)\n|raw|nrsbruf's rating: 1000 &rarr; <strong>1049<\/strong><br \/>(+49 for winning)\n|l|\u2606nrsbruf\n|c|\u2606CozmoBoom|Very coool\n","uploadtime":1699974557,"views":7,"p1id":"cozmoboom","p2id":"nrsbruf","formatid":"gen9vgc2023regulatione","rating":1049,"private":0,"password":""}