{"id":"gen9vgc2023regulatione-1996860652","p1":"Ben0x","p2":"Bulba9933","format":"[Gen 9] VGC 2023 Regulation E","log":"|j|\u2606Ben0x\n|j|\u2606Bulba9933\n|t:|1700736754\n|gametype|doubles\n|player|p1|Ben0x|265|1166\n|player|p2|Bulba9933|erika|1182\n|teamsize|p1|6\n|teamsize|p2|6\n|gen|9\n|tier|[Gen 9] VGC 2023 Regulation E\n|rated|\n|rule|Species Clause: Limit one of each Pok\u00e9mon\n|rule|Item Clause: Limit one of each item\n|clearpoke\n|poke|p1|Arcanine-Hisui, L50, M|\n|poke|p1|Gholdengo, L50|\n|poke|p1|Tornadus, L50, M|\n|poke|p1|Iron Hands, L50|\n|poke|p1|Flutter Mane, L50|\n|poke|p1|Chien-Pao, L50|\n|poke|p2|Politoed, L50, M|\n|poke|p2|Gothitelle, L50, M|\n|poke|p2|Flutter Mane, L50|\n|poke|p2|Amoonguss, L50, F|\n|poke|p2|Kingambit, L50, F|\n|poke|p2|Salamence, L50, M|\n|teampreview|4\n|\n|t:|1700736780\n|start\n|switch|p1a: Arcanine|Arcanine-Hisui, L50, M|100\/100\n|switch|p1b: Gholdengo|Gholdengo, L50|100\/100\n|switch|p2a: Kingambit|Kingambit, L50, F, shiny|100\/100\n|switch|p2b: Flutter Mane|Flutter Mane, L50, shiny|100\/100\n|-ability|p1a: Arcanine|Intimidate|boost\n|-unboost|p2a: Kingambit|atk|1\n|-ability|p2a: Kingambit|Defiant|boost\n|-boost|p2a: Kingambit|atk|2\n|-unboost|p2b: Flutter Mane|atk|1\n|turn|1\n|\n|t:|1700736799\n|-terastallize|p1b: Gholdengo|Steel\n|move|p2a: Kingambit|Protect|p2a: Kingambit\n|-singleturn|p2a: Kingambit|Protect\n|move|p2b: Flutter Mane|Shadow Ball|p1b: Gholdengo\n|-damage|p1b: Gholdengo|54\/100\n|move|p1a: Arcanine|Rock Slide|p2a: Kingambit|[spread] p2b\n|-activate|p2a: Kingambit|move: Protect\n|-damage|p2b: Flutter Mane|6\/100\n|move|p1b: Gholdengo|Make It Rain|p2a: Kingambit|[spread] p2b\n|-activate|p2a: Kingambit|move: Protect\n|-supereffective|p2b: Flutter Mane\n|-damage|p2b: Flutter Mane|0 fnt\n|-unboost|p1b: Gholdengo|spa|1\n|faint|p2b: Flutter Mane\n|-end|p2b: Flutter Mane|Protosynthesis|[silent]\n|-damage|p1b: Gholdengo|44\/100|[from] item: Life Orb\n|\n|upkeep\n|\n|t:|1700736822\n|switch|p2b: Gothitelle|Gothitelle, L50, M, shiny|100\/100\n|turn|2\n|\n|t:|1700736853\n|-terastallize|p2a: Kingambit|Poison\n|move|p1a: Arcanine|Rock Slide|p2b: Gothitelle|[spread] p2a\n|-miss|p1a: Arcanine|p2b: Gothitelle\n|-damage|p2a: Kingambit|71\/100\n|move|p1b: Gholdengo|Shadow Ball|p2b: Gothitelle\n|-supereffective|p2b: Gothitelle\n|-damage|p2b: Gothitelle|46\/100\n|-unboost|p2b: Gothitelle|spd|1\n|-enditem|p2b: Gothitelle|Sitrus Berry|[eat]\n|-heal|p2b: Gothitelle|71\/100|[from] item: Sitrus Berry\n|-damage|p1b: Gholdengo|34\/100|[from] item: Life Orb\n|move|p2a: Kingambit|Swords Dance|p2a: Kingambit\n|-boost|p2a: Kingambit|atk|2\n|move|p2b: Gothitelle|Trick Room|p2b: Gothitelle\n|-fieldstart|move: Trick Room|[of] p2b: Gothitelle\n|\n|upkeep\n|turn|3\n|\n|t:|1700736879\n|switch|p2b: Amoonguss|Amoonguss, L50, F, shiny|100\/100\n|move|p1b: Gholdengo|Protect|p1b: Gholdengo\n|-singleturn|p1b: Gholdengo|Protect\n|move|p2a: Kingambit|Kowtow Cleave|p1a: Arcanine\n|-damage|p1a: Arcanine|0 fnt\n|faint|p1a: Arcanine\n|\n|upkeep\n|\n|t:|1700736887\n|switch|p1a: Iron Hands|Iron Hands, L50|100\/100\n|turn|4\n|\n|t:|1700736912\n|move|p1a: Iron Hands|Fake Out|p2a: Kingambit\n|-damage|p2a: Kingambit|58\/100\n|move|p2b: Amoonguss|Spore|p1a: Iron Hands\n|-status|p1a: Iron Hands|slp|[from] move: Spore\n|cant|p2a: Kingambit|flinch\n|move|p1b: Gholdengo|Shadow Ball|p2b: Amoonguss\n|-damage|p2b: Amoonguss|73\/100\n|-damage|p1b: Gholdengo|24\/100|[from] item: Life Orb\n|\n|upkeep\n|turn|5\n|\n|t:|1700736931\n|move|p1b: Gholdengo|Protect|p1b: Gholdengo\n|-singleturn|p1b: Gholdengo|Protect\n|move|p2b: Amoonguss|Pollen Puff|p2a: Kingambit\n|-heal|p2a: Kingambit|100\/100\n|cant|p1a: Iron Hands|slp\n|move|p2a: Kingambit|Kowtow Cleave|p1a: Iron Hands\n|-resisted|p1a: Iron Hands\n|-damage|p1a: Iron Hands|58\/100 slp\n|\n|upkeep\n|turn|6\n|\n|t:|1700736950\n|switch|p1b: Chien-Pao|Chien-Pao, L50|100\/100\n|-ability|p1b: Chien-Pao|Sword of Ruin\n|move|p2b: Amoonguss|Pollen Puff|p1a: Iron Hands\n|-resisted|p1a: Iron Hands\n|-damage|p1a: Iron Hands|52\/100 slp\n|cant|p1a: Iron Hands|slp\n|move|p2a: Kingambit|Kowtow Cleave|p1a: Iron Hands\n|-resisted|p1a: Iron Hands\n|-crit|p1a: Iron Hands\n|-damage|p1a: Iron Hands|0 fnt\n|faint|p1a: Iron Hands\n|-end|p1a: Iron Hands|Quark Drive|[silent]\n|\n|-fieldend|move: Trick Room\n|upkeep\n|\n|t:|1700736965\n|switch|p1a: Gholdengo|Gholdengo, L50, tera:Steel|24\/100\n|turn|7\n|\n|t:|1700736985\n|move|p2a: Kingambit|Sucker Punch|p1a: Gholdengo\n|-damage|p1a: Gholdengo|0 fnt\n|faint|p1a: Gholdengo\n|move|p1b: Chien-Pao|Icicle Crash|p2b: Amoonguss\n|-supereffective|p2b: Amoonguss\n|-damage|p2b: Amoonguss|0 fnt\n|faint|p2b: Amoonguss\n|\n|upkeep\n|\n|t:|1700736992\n|switch|p2b: Gothitelle|Gothitelle, L50, M, shiny|71\/100\n|turn|8\n|\n|t:|1700737004\n|move|p2b: Gothitelle|Fake Out|p1b: Chien-Pao\n|-damage|p1b: Chien-Pao|93\/100\n|cant|p1b: Chien-Pao|flinch\n|move|p2a: Kingambit|Kowtow Cleave|p1b: Chien-Pao\n|-resisted|p1b: Chien-Pao\n|-damage|p1b: Chien-Pao|0 fnt\n|faint|p1b: Chien-Pao\n|\n|win|Bulba9933\n|raw|Ben0x's rating: 1166 &rarr; <strong>1142<\/strong><br \/>(-24 for losing)\n|raw|Bulba9933's rating: 1182 &rarr; <strong>1206<\/strong><br \/>(+24 for winning)\n","uploadtime":1700737014,"views":15,"p1id":"ben0x","p2id":"bulba9933","formatid":"gen9vgc2023regulatione","rating":1142,"private":0,"password":""}