{"id":"gen9vgc2023regulatione-1988162181","p1":"FordFerdForl","p2":"It\u2019sJustKen VGC","format":"[Gen 9] VGC 2023 Regulation E","log":"|j|\u2606FordFerdForl\n|j|\u2606It\u2019sJustKen VGC\n|t:|1699677712\n|gametype|doubles\n|player|p1|FordFerdForl|brawly|1214\n|player|p2|It\u2019sJustKen VGC|turo|1147\n|teamsize|p1|6\n|teamsize|p2|6\n|gen|9\n|tier|[Gen 9] VGC 2023 Regulation E\n|rated|\n|rule|Species Clause: Limit one of each Pok\u00e9mon\n|rule|Item Clause: Limit one of each item\n|clearpoke\n|poke|p1|Sinistcha-Masterpiece, L50|\n|poke|p1|Great Tusk, L50|\n|poke|p1|Rillaboom, L50, M|\n|poke|p1|Tinkaton, L50, F|\n|poke|p1|Iron Hands, L50|\n|poke|p1|Wyrdeer, L50, M|\n|poke|p2|Ting-Lu, L50|\n|poke|p2|Palafin, L50, M|\n|poke|p2|Pelipper, L50, M|\n|poke|p2|Flutter Mane, L50|\n|poke|p2|Ogerpon-Hearthflame, L50, F|\n|poke|p2|Dragonite, L50, M|\n|teampreview|4\n|inactive|Battle timer is ON: inactive players will automatically lose when time's up. (requested by It\u2019sJustKen VGC)\n|\n|t:|1699677736\n|start\n|switch|p1a: Iron Hands|Iron Hands, L50|100\/100\n|switch|p1b: Tinkaton|Tinkaton, L50, F|100\/100\n|switch|p2a: Flutter Mane|Flutter Mane, L50|100\/100\n|switch|p2b: Dragonite|Dragonite, L50, M|100\/100\n|-ability|p1b: Tinkaton|Mold Breaker\n|-enditem|p1a: Iron Hands|Booster Energy\n|-activate|p1a: Iron Hands|ability: Quark Drive|[fromitem]\n|-start|p1a: Iron Hands|quarkdriveatk\n|turn|1\n|inactive|It\u2019sJustKen VGC has 30 seconds left.\n|inactive|It\u2019sJustKen VGC has 20 seconds left.\n|inactive|It\u2019sJustKen VGC has 15 seconds left.\n|inactive|It\u2019sJustKen VGC has 10 seconds left.\n|inactive|It\u2019sJustKen VGC has 5 seconds left.\n|\n|t:|1699677791\n|move|p2a: Flutter Mane|Protect|p2a: Flutter Mane\n|-singleturn|p2a: Flutter Mane|Protect\n|move|p1b: Tinkaton|Fake Out|p2b: Dragonite\n|-damage|p2b: Dragonite|90\/100\n|cant|p2b: Dragonite|flinch\n|move|p1a: Iron Hands|Wild Charge|p2a: Flutter Mane\n|-activate|p2a: Flutter Mane|move: Protect\n|\n|upkeep\n|turn|2\n|inactive|It\u2019sJustKen VGC has 30 seconds left.\n|\n|t:|1699677817\n|-terastallize|p2b: Dragonite|Flying\n|move|p2a: Flutter Mane|Moonblast|p1a: Iron Hands\n|-supereffective|p1a: Iron Hands\n|-damage|p1a: Iron Hands|9\/100\n|move|p1b: Tinkaton|Gigaton Hammer|p2a: Flutter Mane\n|-supereffective|p2a: Flutter Mane\n|-enditem|p2a: Flutter Mane|Focus Sash\n|-damage|p2a: Flutter Mane|1\/100\n|move|p2b: Dragonite|Tera Blast|p1a: Iron Hands|[anim] Tera Blast Flying\n|-damage|p1a: Iron Hands|0 fnt\n|faint|p1a: Iron Hands\n|-end|p1a: Iron Hands|Quark Drive|[silent]\n|\n|upkeep\n|\n|t:|1699677833\n|switch|p1a: Wyrdeer|Wyrdeer, L50, M|100\/100\n|-ability|p1a: Wyrdeer|Intimidate|boost\n|-unboost|p2a: Flutter Mane|atk|1\n|-fail|p2b: Dragonite|unboost|Attack|[from] ability: Inner Focus|[of] p2b: Dragonite\n|turn|3\n|inactive|It\u2019sJustKen VGC has 30 seconds left.\n|inactive|It\u2019sJustKen VGC has 20 seconds left.\n|\n|t:|1699677872\n|move|p2a: Flutter Mane|Moonblast|p1a: Wyrdeer\n|-damage|p1a: Wyrdeer|50\/100\n|move|p1b: Tinkaton|Thunder Wave|p2b: Dragonite\n|-status|p2b: Dragonite|par\n|cant|p2b: Dragonite|par\n|move|p1a: Wyrdeer|Trick Room|p1a: Wyrdeer\n|-fieldstart|move: Trick Room|[of] p1a: Wyrdeer\n|\n|upkeep\n|turn|4\n|\n|t:|1699677894\n|-end|p2a: Flutter Mane|Protosynthesis|[silent]\n|switch|p2a: Palafin|Palafin, L50, M|100\/100\n|-terastallize|p1a: Wyrdeer|Fairy\n|cant|p2b: Dragonite|par\n|move|p1a: Wyrdeer|Tera Blast|p2b: Dragonite|[anim] Tera Blast Fairy\n|-damage|p2b: Dragonite|50\/100 par\n|move|p1b: Tinkaton|Gigaton Hammer|p2a: Palafin\n|-resisted|p2a: Palafin\n|-damage|p2a: Palafin|61\/100\n|\n|upkeep\n|turn|5\n|inactive|It\u2019sJustKen VGC has 30 seconds left.\n|inactive|It\u2019sJustKen VGC has 20 seconds left.\n|inactive|It\u2019sJustKen VGC has 15 seconds left.\n|inactive|It\u2019sJustKen VGC has 10 seconds left.\n|inactive|It\u2019sJustKen VGC has 5 seconds left.\n|\n|t:|1699677949\n|detailschange|p2a: Palafin|Palafin-Hero, L50, M\n|switch|p2a: Flutter Mane|Flutter Mane, L50|1\/100\n|cant|p2b: Dragonite|par\n|move|p1a: Wyrdeer|Calm Mind|p1a: Wyrdeer\n|-boost|p1a: Wyrdeer|spa|1\n|-boost|p1a: Wyrdeer|spd|1\n|move|p1b: Tinkaton|Thunder Wave|p2a: Flutter Mane\n|-status|p2a: Flutter Mane|par\n|\n|upkeep\n|turn|6\n|\n|t:|1699677968\n|move|p2b: Dragonite|Tera Blast|p1a: Wyrdeer|[anim] Tera Blast Flying\n|-damage|p1a: Wyrdeer|0 fnt\n|faint|p1a: Wyrdeer\n|move|p2a: Flutter Mane|Shadow Ball|p1b: Tinkaton\n|-damage|p1b: Tinkaton|58\/100\n|move|p1b: Tinkaton|Gigaton Hammer|p2b: Dragonite\n|-crit|p2b: Dragonite\n|-damage|p2b: Dragonite|0 fnt\n|faint|p2b: Dragonite\n|\n|upkeep\n|\n|t:|1699677981\n|switch|p1a: Sinistcha|Sinistcha-Masterpiece, L50|100\/100\n|switch|p2b: Ogerpon|Ogerpon-Hearthflame, L50, F|100\/100\n|-heal|p1b: Tinkaton|82\/100|[from] ability: Hospitality|[of] p1a: Sinistcha\n|-ability|p2b: Ogerpon|Mold Breaker\n|turn|7\n|inactive|It\u2019sJustKen VGC has 30 seconds left.\n|inactive|It\u2019sJustKen VGC has 20 seconds left.\n|inactive|It\u2019sJustKen VGC has 15 seconds left.\n|\n|t:|1699678024\n|move|p1a: Sinistcha|Scald|p2b: Ogerpon\n|-damage|p2b: Ogerpon|66\/100\n|move|p2a: Flutter Mane|Shadow Ball|p1a: Sinistcha\n|-supereffective|p1a: Sinistcha\n|-damage|p1a: Sinistcha|0 fnt\n|faint|p1a: Sinistcha\n|move|p1b: Tinkaton|Thunder Wave|p2b: Ogerpon\n|-status|p2b: Ogerpon|par\n|move|p2b: Ogerpon|Ivy Cudgel|p1b: Tinkaton\n|-supereffective|p1b: Tinkaton\n|-damage|p1b: Tinkaton|0 fnt\n|faint|p1b: Tinkaton\n|\n|win|It\u2019sJustKen VGC\n|raw|FordFerdForl's rating: 1214 &rarr; <strong>1184<\/strong><br \/>(-30 for losing)\n|raw|It\u2019sJustKen VGC's rating: 1147 &rarr; <strong>1177<\/strong><br \/>(+30 for winning)\n|l|\u2606FordFerdForl\n|j|\u2606FordFerdForl\n|player|p1|FordFerdForl|brawly\n","uploadtime":1699678038,"views":18,"p1id":"fordferdforl","p2id":"itsjustkenvgc","formatid":"gen9vgc2023regulatione","rating":1177,"private":0,"password":""}