{"id":"gen9vgc2023regulatione-1988065412","p1":"Marcostap","p2":"PSmonteiro","format":"[Gen 9] VGC 2023 Regulation E","log":"|j|\u2606Marcostap\n|j|\u2606PSmonteiro\n|n|\u2606Marcostap|marcostap\n|n|\u2606PSmonteiro|psmonteiro\n|html|View the match progress at <a href=\"\/game-bestof3-gen9vgc2023regulatione-1988061840\">game-bestof3-gen9vgc2023regulatione-1988061840<\/a>\n|t:|1699665304\n|gametype|doubles\n|player|p1|Marcostap|cynthia-gen4|\n|player|p2|PSmonteiro|drayden|\n|teamsize|p1|6\n|teamsize|p2|6\n|gen|9\n|tier|[Gen 9] VGC 2023 Regulation E\n|rule|Species Clause: Limit one of each Pok\u00e9mon\n|rule|Item Clause: Limit one of each item\n|clearpoke\n|poke|p1|Rillaboom, L50, M|\n|poke|p1|Pelipper, L50, F|\n|poke|p1|Palafin, L50, M|\n|poke|p1|Ursaluna-Bloodmoon, L50, M|\n|poke|p1|Dusclops, L50, M|\n|poke|p1|Cresselia, L50, F|\n|poke|p2|Indeedee-F, L50, F|\n|poke|p2|Armarouge, L50, F|\n|poke|p2|Ursaluna, L50, F|\n|poke|p2|Glastrier, L50|\n|poke|p2|Kingambit, L50, F|\n|poke|p2|Sinistcha-Masterpiece, L50|\n|teampreview|4\nPSmonteiro has agreed to open team sheets.\n|j| DorititosKiller\nMarcostap has agreed to open team sheets.\n|showteam|p1|Rillaboom||AssaultVest|GrassySurge|FakeOut,Uturn,GrassyGlide,WoodHammer|||M|||50|,,,,,Grass]Pelipper||Leftovers|Drizzle|Hurricane,HelpingHand,WideGuard,Protect|||F|||50|,,,,,Flying]Palafin||ChoiceBand|ZerotoHero|JetPunch,WaveCrash,FlipTurn,DrainPunch|||M|||50|,,,,,Fighting]Ursaluna-Bloodmoon||LifeOrb|MindsEye|Protect,EarthPower,BloodMoon,HyperVoice|||M|||50|,,,,,Normal]Dusclops||Eviolite|Pressure|NightShade,WillOWisp,PainSplit,TrickRoom|||M|||50|,,,,,Poison]Cresselia||RockyHelmet|Levitate|LunarBlessing,Psychic,HelpingHand,Protect|||F|||50|,,,,,Psychic\n|showteam|p2|Indeedee-F||Leftovers|PsychicSurge|TrickRoom,Psychic,FollowMe,HealPulse|||F|||50|,,,,,Steel]Armarouge||TwistedSpoon|FlashFire|AllySwitch,ExpandingForce,ArmorCannon,WideGuard|||F|||50|,,,,,Psychic]Ursaluna||FlameOrb|Guts|Protect,Facade,HeadlongRush,ShadowClaw|||F|||50|,,,,,Ghost]Glastrier||AssaultVest|ChillingNeigh|Avalanche,TeraBlast,StompingTantrum,CloseCombat||||||50|,,,,,Water]Kingambit||LifeOrb|Defiant|Protect,KowtowCleave,IronHead,SuckerPunch|||F|||50|,,,,,Dark]Sinistcha-Masterpiece||RedCard|Hospitality|TrickRoom,Scald,MatchaGotcha,StrengthSap||||||50|,,,,,Water\n|j| lucasarreguy\n|j| Rebornsan93\n|c| lucasarreguy|podem come\u00e7ar\n|\n|t:|1699665377\n|start\n|switch|p1a: Pelipper|Pelipper, L50, F|100\/100\n|switch|p1b: Palafin|Palafin, L50, M|100\/100\n|switch|p2a: Glastrier|Glastrier, L50|100\/100\n|switch|p2b: Ursaluna|Ursaluna, L50, F|100\/100\n|-weather|RainDance|[from] ability: Drizzle|[of] p1a: Pelipper\n|turn|1\n|j| Leon1das\n|j| Yuri\n|\n|t:|1699665440\n|switch|p2a: Sinistcha|Sinistcha-Masterpiece, L50|100\/100\n|move|p1a: Pelipper|Helping Hand|p1b: Palafin\n|-singleturn|p1b: Palafin|Helping Hand|[of] p1a: Pelipper\n|move|p2b: Ursaluna|Protect|p2b: Ursaluna\n|-singleturn|p2b: Ursaluna|Protect\n|move|p1b: Palafin|Wave Crash|p2a: Sinistcha\n|-resisted|p2a: Sinistcha\n|-crit|p2a: Sinistcha\n|-damage|p2a: Sinistcha|0 fnt\n|faint|p2a: Sinistcha\n|-damage|p1b: Palafin|67\/100|[from] Recoil\n|\n|-weather|RainDance|[upkeep]\n|-status|p2b: Ursaluna|brn|[from] item: Flame Orb\n|upkeep\n|c| DorititosKiller|resisted\n|\n|t:|1699665462\n|switch|p2a: Kingambit|Kingambit, L50, F|100\/100\n|turn|2\n|\n|t:|1699665512\n|-terastallize|p2a: Kingambit|Dark\n|move|p1a: Pelipper|Helping Hand|p1b: Palafin\n|-singleturn|p1b: Palafin|Helping Hand|[of] p1a: Pelipper\n|move|p2a: Kingambit|Sucker Punch|p1b: Palafin\n|-damage|p1b: Palafin|0 fnt\n|faint|p1b: Palafin\n|-damage|p2a: Kingambit|91\/100|[from] item: Life Orb\n|move|p2b: Ursaluna|Facade|p1a: Pelipper\n|-damage|p1a: Pelipper|1\/100\n|\n|-weather|RainDance|[upkeep]\n|-heal|p1a: Pelipper|7\/100|[from] item: Leftovers\n|-damage|p2b: Ursaluna|95\/100 brn|[from] brn\n|upkeep\n|c|\u2606Marcostap|eu tinha virado tera\n|c|\u2606Marcostap|como cancelei o movimento\n|c|\u2606Marcostap|esqueci de reativar\n|c|\u2606Marcostap|que merda\n|\n|t:|1699665533\n|switch|p1b: Ursaluna|Ursaluna-Bloodmoon, L50, M|100\/100\n|turn|3\n|j| lainshy\n|\n|t:|1699665605\n|-terastallize|p1b: Ursaluna|Normal\n|move|p1a: Pelipper|Helping Hand|p1b: Ursaluna\n|-singleturn|p1b: Ursaluna|Helping Hand|[of] p1a: Pelipper\n|move|p2a: Kingambit|Sucker Punch|p1b: Ursaluna\n|-damage|p1b: Ursaluna|40\/100\n|-damage|p2a: Kingambit|81\/100|[from] item: Life Orb\n|move|p1b: Ursaluna|Blood Moon|p2b: Ursaluna\n|-damage|p2b: Ursaluna|0 fnt\n|faint|p2b: Ursaluna\n|-damage|p1b: Ursaluna|30\/100|[from] item: Life Orb\n|\n|-weather|RainDance|[upkeep]\n|-heal|p1a: Pelipper|13\/100|[from] item: Leftovers\n|upkeep\n|\n|t:|1699665618\n|switch|p2b: Glastrier|Glastrier, L50|100\/100\n|turn|4\n|\n|t:|1699665637\n|move|p1b: Ursaluna|Protect|p1b: Ursaluna\n|-singleturn|p1b: Ursaluna|Protect\n|move|p2a: Kingambit|Sucker Punch||[still]\n|-fail|p2a: Kingambit\n|move|p1a: Pelipper|Hurricane|p2a: Kingambit\n|-damage|p2a: Kingambit|48\/100\n|move|p2b: Glastrier|Avalanche|p1a: Pelipper\n|-damage|p1a: Pelipper|0 fnt\n|faint|p1a: Pelipper\n|-ability|p2b: Glastrier|Chilling Neigh|boost\n|-boost|p2b: Glastrier|atk|1\n|\n|-weather|RainDance|[upkeep]\n|upkeep\n|\n|t:|1699665649\n|switch|p1a: Rillaboom|Rillaboom, L50, M|100\/100\n|-fieldstart|move: Grassy Terrain|[from] ability: Grassy Surge|[of] p1a: Rillaboom\n|turn|5\n|\n|t:|1699665685\n|move|p2a: Kingambit|Protect|p2a: Kingambit\n|-singleturn|p2a: Kingambit|Protect\n|move|p1a: Rillaboom|Grassy Glide|p2a: Kingambit\n|-activate|p2a: Kingambit|move: Protect\n|move|p1b: Ursaluna|Blood Moon|p2b: Glastrier\n|-damage|p2b: Glastrier|29\/100\n|-damage|p1b: Ursaluna|21\/100|[from] item: Life Orb\n|move|p2b: Glastrier|Avalanche|p1a: Rillaboom\n|-supereffective|p1a: Rillaboom\n|-damage|p1a: Rillaboom|0 fnt\n|faint|p1a: Rillaboom\n|-ability|p2b: Glastrier|Chilling Neigh|boost\n|-boost|p2b: Glastrier|atk|1\n|\n|-weather|none\n|-heal|p1b: Ursaluna|27\/100|[from] Grassy Terrain\n|-heal|p2a: Kingambit|54\/100|[from] Grassy Terrain\n|-heal|p2b: Glastrier|35\/100|[from] Grassy Terrain\n|upkeep\n|turn|6\n|c|\u2606Marcostap|qq\n|-message|Marcostap forfeited.\n|\n|win|PSmonteiro\n|l|\u2606Marcostap\n|l| Leon1das\n|l| Yuri\n|l| lucasarreguy\n|c| DorititosKiller|jonsssssssss\n|l| DorititosKiller\n|l|\u2606PSmonteiro\n|j|\u2606Marcostap\n|player|p1|Marcostap|cynthia-gen4\n|l| Rebornsan93\n|l| lainshy\n|j| lucasarreguy\n","uploadtime":1699666666,"views":31,"p1id":"marcostap","p2id":"psmonteiro","formatid":"gen9vgc2023regulatione","rating":0,"private":0,"password":""}