{"id":"gen9vgc2023regulatione-1990135022","p1":"VigVigFan64","p2":"Staraval","format":"[Gen 9] VGC 2023 Regulation E","log":"|j|\u2606VigVigFan64\n|j|\u2606Staraval\n|t:|1699928335\n|gametype|doubles\n|player|p1|VigVigFan64|swimmerf-gen4|\n|player|p2|Staraval|parasollady|\n|teamsize|p1|6\n|teamsize|p2|6\n|gen|9\n|tier|[Gen 9] VGC 2023 Regulation E\n|rule|Species Clause: Limit one of each Pok\u00e9mon\n|rule|Item Clause: Limit one of each item\n|clearpoke\n|poke|p1|Slaking, L50, M|\n|poke|p1|Weezing-Galar, L50, M|\n|poke|p1|Dusclops, L50, M|\n|poke|p1|Slowking-Galar, L50, F|\n|poke|p1|Meowscarada, L50, F|\n|poke|p1|Dragonite, L50, F|\n|poke|p2|Clefairy, L50, F|\n|poke|p2|Kommo-o, L50, M|\n|poke|p2|Gastrodon, L50, M|\n|poke|p2|Ambipom, L50, F|\n|poke|p2|Hatterene, L50, F|\n|poke|p2|Conkeldurr, L50, M|\n|teampreview|4\nVigVigFan64 has agreed to open team sheets.\nStaraval has agreed to open team sheets.\n|showteam|p1|Slaking||AguavBerry|Truant|BodySlam,Earthquake,BulkUp,HeavySlam|||M|||50|,,,,,Ghost]Weezing-Galar||SitrusBerry|NeutralizingGas|WillOWisp,Protect,SludgeBomb,DazzlingGleam|||M|||50|,,,,,Flying]Dusclops||Eviolite|Pressure|SkillSwap,PainSplit,Haze,BrickBreak|||M|||50|,,,,,Normal]Slowking-Galar||BlackSludge|Regenerator|TrickRoom,SludgeBomb,Psychic,IceBeam|||F|||50|,,,,,Dark]Meowscarada||ChoiceBand|Protean|FlowerTrick,SuckerPunch,Uturn,KnockOff|||F|||50|,,,,,Grass]Dragonite||LifeOrb|Multiscale|ExtremeSpeed,AerialAce,DragonClaw,TeraBlast|||F|||50|,,,,,Normal\n|showteam|p2|Clefairy||Eviolite|FriendGuard|FollowMe,HelpingHand,IcyWind,HealPulse|||F|||50|,,,,,Grass]Kommo-o||ThroatSpray|Bulletproof|ClangorousSoul,FlashCannon,ClangingScales,Protect|||M|||50|,,,,,Steel]Gastrodon||SitrusBerry|StormDrain|Yawn,Protect,EarthPower,IceBeam|||M|||50|,,,,,Dragon]Ambipom||FocusSash|Technician|FakeOut,Taunt,KnockOff,Uturn|||F|||50|,,,,,Ghost]Hatterene||LifeOrb|MagicBounce|TrickRoom,MysticalFire,Psychic,DazzlingGleam|||F|||50|,,,,,Fire]Conkeldurr||AssaultVest|IronFist|MachPunch,DrainPunch,IcePunch,ThunderPunch|||M|||50|,,,,,Steel\n|\n|t:|1699928412\n|start\n|switch|p1a: yo mama|Slaking, L50, M|100\/100\n|switch|p1b: fart|Weezing-Galar, L50, M|100\/100\n|switch|p2a: Clefairy|Clefairy, L50, F|100\/100\n|switch|p2b: Conkeldurr|Conkeldurr, L50, M|100\/100\n|-ability|p1b: fart|Neutralizing Gas\n|turn|1\n|\n|t:|1699928444\n|-terastallize|p1a: yo mama|Ghost\n|move|p1a: yo mama|Bulk Up|p1a: yo mama\n|-boost|p1a: yo mama|atk|1\n|-boost|p1a: yo mama|def|1\n|move|p1b: fart|Dazzling Gleam|p2b: Conkeldurr|[spread] p2a,p2b\n|-supereffective|p2b: Conkeldurr\n|-damage|p2a: Clefairy|86\/100\n|-damage|p2b: Conkeldurr|77\/100\n|move|p2b: Conkeldurr|Drain Punch|p1b: fart\n|-resisted|p1b: fart\n|-damage|p1b: fart|91\/100\n|-heal|p2b: Conkeldurr|81\/100|[from] drain|[of] p1b: fart\n|move|p2a: Clefairy|Heal Pulse|p2b: Conkeldurr\n|-heal|p2b: Conkeldurr|100\/100\n|\n|upkeep\n|turn|2\n|\n|t:|1699928475\n|move|p2b: Conkeldurr|Mach Punch|p1b: fart\n|-resisted|p1b: fart\n|-damage|p1b: fart|86\/100\n|move|p1a: yo mama|Body Slam|p2b: Conkeldurr\n|-damage|p2b: Conkeldurr|21\/100\n|-status|p2b: Conkeldurr|par\n|move|p1b: fart|Will-O-Wisp||[still]\n|-fail|p1b: fart\n|move|p2a: Clefairy|Heal Pulse|p2b: Conkeldurr\n|-heal|p2b: Conkeldurr|71\/100 par\n|\n|upkeep\n|turn|3\n|\n|t:|1699928493\n|move|p2a: Clefairy|Follow Me|p2a: Clefairy\n|-singleturn|p2a: Clefairy|move: Follow Me\n|move|p1a: yo mama|Bulk Up|p1a: yo mama\n|-boost|p1a: yo mama|atk|1\n|-boost|p1a: yo mama|def|1\n|move|p1b: fart|Sludge Bomb|p2a: Clefairy\n|-supereffective|p2a: Clefairy\n|-damage|p2a: Clefairy|45\/100\n|-status|p2a: Clefairy|psn\n|cant|p2b: Conkeldurr|par\n|\n|-damage|p2a: Clefairy|32\/100 psn|[from] psn\n|upkeep\n|turn|4\n|\n|t:|1699928510\n|move|p1a: yo mama|Body Slam|p2b: Conkeldurr\n|-damage|p2b: Conkeldurr|0 fnt\n|faint|p2b: Conkeldurr\n|move|p1b: fart|Sludge Bomb|p2a: Clefairy\n|-supereffective|p2a: Clefairy\n|-damage|p2a: Clefairy|0 fnt\n|faint|p2a: Clefairy\n|\n|upkeep\n|\n|t:|1699928518\n|switch|p2b: Kommo-o|Kommo-o, L50, M, shiny|100\/100\n|switch|p2a: Hatterene|Hatterene, L50, F|100\/100\n|turn|5\n|\n|t:|1699928526\n|move|p2b: Kommo-o|Clanging Scales|p1a: yo mama|[spread] p1a\n|-immune|p1b: fart\n|-damage|p1a: yo mama|62\/100\n|-unboost|p2b: Kommo-o|def|1\n|-enditem|p2b: Kommo-o|Throat Spray\n|-boost|p2b: Kommo-o|spa|1|[from] item: Throat Spray\n|move|p1a: yo mama|Body Slam|p2b: Kommo-o\n|-damage|p2b: Kommo-o|0 fnt\n|faint|p2b: Kommo-o\n|move|p1b: fart|Sludge Bomb|p2a: Hatterene\n|-supereffective|p2a: Hatterene\n|-damage|p2a: Hatterene|38\/100\n|-status|p2a: Hatterene|psn\n|move|p2a: Hatterene|Trick Room|p2a: Hatterene\n|-fieldstart|move: Trick Room|[of] p2a: Hatterene\n|\n|-damage|p2a: Hatterene|26\/100 psn|[from] psn\n|upkeep\n|turn|6\n|\n|t:|1699928544\n|move|p2a: Hatterene|Dazzling Gleam|p1a: yo mama|[spread] p1a,p1b\n|-resisted|p1b: fart\n|-damage|p1a: yo mama|19\/100\n|-damage|p1b: fart|66\/100\n|-enditem|p1a: yo mama|Aguav Berry|[eat]\n|-heal|p1a: yo mama|52\/100|[from] item: Aguav Berry\n|-damage|p2a: Hatterene|16\/100 psn|[from] item: Life Orb\n|move|p1b: fart|Sludge Bomb|p2a: Hatterene\n|-supereffective|p2a: Hatterene\n|-damage|p2a: Hatterene|0 fnt\n|faint|p2a: Hatterene\n|\n|win|VigVigFan64\n|c|\u2606VigVigFan64|gg\n","uploadtime":1699928562,"views":28,"p1id":"vigvigfan64","p2id":"staraval","formatid":"gen9vgc2023regulatione","rating":0,"private":0,"password":""}