{"id":"gen9vgc2023regulatione-1997770069","p1":"Mattfort","p2":"themanparris","format":"[Gen 9] VGC 2023 Regulation E","log":"|j|\u2606Mattfort\n|j|\u203dthemanparris\n|t:|1700850775\n|gametype|doubles\n|player|p1|Mattfort|fisherman-gen4|1422\n|player|p2|themanparris|266|1528\n|teamsize|p1|6\n|teamsize|p2|6\n|gen|9\n|tier|[Gen 9] VGC 2023 Regulation E\n|rated|\n|rule|Species Clause: Limit one of each Pok\u00e9mon\n|rule|Item Clause: Limit one of each item\n|clearpoke\n|poke|p1|Iron Hands, L50|\n|poke|p1|Ogerpon-Wellspring, L50, F|\n|poke|p1|Urshifu-*, L50, M|\n|poke|p1|Heatran, L50, F|\n|poke|p1|Flutter Mane, L50|\n|poke|p1|Landorus-Therian, L50, M|\n|poke|p2|Iron Hands, L50|\n|poke|p2|Heatran, L50, F|\n|poke|p2|Amoonguss, L50, M|\n|poke|p2|Landorus-Therian, L50, M|\n|poke|p2|Flutter Mane, L50|\n|poke|p2|Roaring Moon, L50|\n|teampreview|4\n|inactive|Battle timer is ON: inactive players will automatically lose when time's up. (requested by themanparris)\n|inactive|Mattfort also wants the timer to be on.\nMattfort has agreed to open team sheets.\nthemanparris has agreed to open team sheets.\n|inactive|Mattfort has 30 seconds left.\n|inactive|themanparris has 30 seconds left.\n|inactive|Mattfort has 20 seconds left.\n|inactive|themanparris has 20 seconds left.\n|inactive|Mattfort has 15 seconds left.\n|inactive|themanparris has 15 seconds left.\n|inactive|Mattfort has 10 seconds left.\n|inactive|themanparris has 10 seconds left.\n|\n|t:|1700850844\n|start\n|switch|p1a: Landorus|Landorus-Therian, L50, M|100\/100\n|switch|p1b: Heatran|Heatran, L50, F|100\/100\n|switch|p2a: Amoonguss|Amoonguss, L50, M|100\/100\n|switch|p2b: Iron Hands|Iron Hands, L50|100\/100\n|-ability|p1a: Landorus|Intimidate|boost\n|-unboost|p2a: Amoonguss|atk|1\n|-unboost|p2b: Iron Hands|atk|1\n|turn|1\n|inactive|Mattfort has 30 seconds left.\n|inactive|themanparris has 30 seconds left.\n|\n|t:|1700850873\n|-end|p2b: Iron Hands|Quark Drive|[silent]\n|switch|p2b: Landorus|Landorus-Therian, L50, M|100\/100\n|-ability|p2b: Landorus|Intimidate|boost\n|-unboost|p1a: Landorus|atk|1\n|-unboost|p1b: Heatran|atk|1\n|move|p2a: Amoonguss|Protect|p2a: Amoonguss\n|-singleturn|p2a: Amoonguss|Protect\n|move|p1a: Landorus|Stomping Tantrum|p2b: Landorus\n|-immune|p2b: Landorus\n|move|p1b: Heatran|Heat Wave|p2a: Amoonguss|[spread] p2b\n|-activate|p2a: Amoonguss|move: Protect\n|-damage|p2b: Landorus|56\/100\n|\n|upkeep\n|turn|2\n|inactive|themanparris has 30 seconds left.\n|inactive|themanparris has 20 seconds left.\n|inactive|themanparris has 15 seconds left.\n|inactive|themanparris has 10 seconds left.\n|inactive|themanparris has 5 seconds left.\n|\n|t:|1700850927\n|switch|p1a: Iron Hands|Iron Hands, L50|100\/100\n|-terastallize|p1b: Heatran|Grass\n|-terastallize|p2a: Amoonguss|Water\n|move|p2b: Landorus|U-turn|p1b: Heatran\n|-supereffective|p1b: Heatran\n|-damage|p1b: Heatran|63\/100\n|\n|t:|1700850933\n|switch|p2b: Iron Hands|Iron Hands, L50|100\/100|[from] U-turn\n|move|p1b: Heatran|Heat Wave|p2b: Iron Hands|[spread] p2a,p2b\n|-resisted|p2a: Amoonguss\n|-damage|p2a: Amoonguss|85\/100\n|-damage|p2b: Iron Hands|81\/100\n|-status|p2a: Amoonguss|brn\n|move|p2a: Amoonguss|Spore|p1a: Iron Hands\n|-status|p1a: Iron Hands|slp|[from] move: Spore\n|\n|-heal|p1b: Heatran|69\/100|[from] item: Leftovers\n|-damage|p2a: Amoonguss|80\/100 brn|[from] brn\n|upkeep\n|turn|3\n|\n|t:|1700850958\n|-end|p2b: Iron Hands|Quark Drive|[silent]\n|switch|p2b: Landorus|Landorus-Therian, L50, M|56\/100\n|-ability|p2b: Landorus|Intimidate|boost\n|-unboost|p1a: Iron Hands|atk|1\n|-unboost|p1b: Heatran|atk|1\n|cant|p1a: Iron Hands|slp\n|move|p1b: Heatran|Will-O-Wisp|p2b: Landorus\n|-status|p2b: Landorus|brn\n|move|p2a: Amoonguss|Pollen Puff|p1b: Heatran\n|-supereffective|p1b: Heatran\n|-damage|p1b: Heatran|38\/100\n|\n|-heal|p1b: Heatran|44\/100|[from] item: Leftovers\n|-damage|p2b: Landorus|50\/100 brn|[from] brn\n|-damage|p2a: Amoonguss|74\/100 brn|[from] brn\n|upkeep\n|turn|4\n|inactive|Mattfort has 30 seconds left.\n|\n|t:|1700850984\n|-end|p1a: Iron Hands|Quark Drive|[silent]\n|switch|p1a: Landorus|Landorus-Therian, L50, M|100\/100\n|-ability|p1a: Landorus|Intimidate|boost\n|-unboost|p2a: Amoonguss|atk|1\n|-unboost|p2b: Landorus|atk|1\n|move|p1b: Heatran|Protect|p1b: Heatran\n|-singleturn|p1b: Heatran|Protect\n|move|p2b: Landorus|Stomping Tantrum|p1a: Landorus\n|-immune|p1a: Landorus\n|move|p2a: Amoonguss|Pollen Puff|p2b: Landorus\n|-heal|p2b: Landorus|99\/100 brn\n|\n|-heal|p1b: Heatran|50\/100|[from] item: Leftovers\n|-damage|p2b: Landorus|94\/100 brn|[from] brn\n|-damage|p2a: Amoonguss|68\/100 brn|[from] brn\n|upkeep\n|turn|5\n|inactive|Mattfort has 30 seconds left.\n|inactive|themanparris has 30 seconds left.\n|inactive|Mattfort has 20 seconds left.\n|\n|t:|1700851021\n|move|p2b: Landorus|Stomping Tantrum|p1b: Heatran\n|-resisted|p1b: Heatran\n|-damage|p1b: Heatran|40\/100\n|move|p1a: Landorus|Stomping Tantrum|p2a: Amoonguss\n|-damage|p2a: Amoonguss|36\/100 brn\n|-damage|p1a: Landorus|84\/100|[from] item: Rocky Helmet|[of] p2a: Amoonguss\n|move|p1b: Heatran|Heat Wave|p2a: Amoonguss|[spread] p2a,p2b\n|-resisted|p2a: Amoonguss\n|-damage|p2a: Amoonguss|20\/100 brn\n|-damage|p2b: Landorus|50\/100 brn\n|move|p2a: Amoonguss|Spore|p1a: Landorus\n|-status|p1a: Landorus|slp|[from] move: Spore\n|\n|-heal|p1b: Heatran|46\/100|[from] item: Leftovers\n|-damage|p2b: Landorus|44\/100 brn|[from] brn\n|-damage|p2a: Amoonguss|14\/100 brn|[from] brn\n|upkeep\n|turn|6\n|\n|t:|1700851036\n|switch|p2b: Iron Hands|Iron Hands, L50|81\/100\n|move|p2a: Amoonguss|Protect|p2a: Amoonguss\n|-singleturn|p2a: Amoonguss|Protect\n|cant|p1a: Landorus|slp\n|move|p1b: Heatran|Flash Cannon|p2a: Amoonguss\n|-activate|p2a: Amoonguss|move: Protect\n|\n|-heal|p1b: Heatran|52\/100|[from] item: Leftovers\n|-damage|p2a: Amoonguss|8\/100 brn|[from] brn\n|upkeep\n|turn|7\n|\n|t:|1700851059\n|switch|p1a: Iron Hands|Iron Hands, L50|100\/100 slp\n|switch|p2a: Flutter Mane|Flutter Mane, L50|100\/100\n|move|p1b: Heatran|Will-O-Wisp|p2b: Iron Hands\n|-status|p2b: Iron Hands|brn\n|move|p2b: Iron Hands|Drain Punch|p1b: Heatran\n|-damage|p1b: Heatran|36\/100\n|-heal|p2b: Iron Hands|87\/100 brn|[from] drain|[of] p1b: Heatran\n|\n|-heal|p1b: Heatran|43\/100|[from] item: Leftovers\n|-damage|p2b: Iron Hands|81\/100 brn|[from] brn\n|upkeep\n|turn|8\n|\n|t:|1700851080\n|cant|p1a: Iron Hands|slp\n|move|p2a: Flutter Mane|Icy Wind|p1b: Heatran|[spread] p1a,p1b\n|-supereffective|p1b: Heatran\n|-damage|p1a: Iron Hands|89\/100 slp\n|-damage|p1b: Heatran|6\/100\n|-unboost|p1a: Iron Hands|spe|1\n|-unboost|p1b: Heatran|spe|1\n|move|p2b: Iron Hands|Drain Punch|p1a: Iron Hands\n|-crit|p1a: Iron Hands\n|-damage|p1a: Iron Hands|70\/100 slp\n|-heal|p2b: Iron Hands|92\/100 brn|[from] drain|[of] p1a: Iron Hands\n|move|p1b: Heatran|Flash Cannon|p2a: Flutter Mane\n|-supereffective|p2a: Flutter Mane\n|-damage|p2a: Flutter Mane|29\/100\n|\n|-heal|p1b: Heatran|12\/100|[from] item: Leftovers\n|-damage|p2b: Iron Hands|86\/100 brn|[from] brn\n|upkeep\n|turn|9\n|\n|t:|1700851102\n|-end|p2a: Flutter Mane|Protosynthesis|[silent]\n|switch|p2a: Landorus|Landorus-Therian, L50, M|44\/100 brn\n|-ability|p2a: Landorus|Intimidate|boost\n|-unboost|p1a: Iron Hands|atk|1\n|-unboost|p1b: Heatran|atk|1\n|move|p1b: Heatran|Protect|p1b: Heatran\n|-singleturn|p1b: Heatran|Protect\n|move|p2b: Iron Hands|Drain Punch|p1a: Iron Hands\n|-damage|p1a: Iron Hands|56\/100 slp\n|-heal|p2b: Iron Hands|93\/100 brn|[from] drain|[of] p1a: Iron Hands\n|-curestatus|p1a: Iron Hands|slp|[msg]\n|move|p1a: Iron Hands|Heavy Slam|p2a: Landorus\n|-damage|p2a: Landorus|13\/100 brn\n|\n|-heal|p1b: Heatran|19\/100|[from] item: Leftovers\n|-damage|p2a: Landorus|7\/100 brn|[from] brn\n|-damage|p2b: Iron Hands|87\/100 brn|[from] brn\n|upkeep\n|turn|10\n|inactive|themanparris has 30 seconds left.\n|\n|t:|1700851128\n|switch|p1b: Landorus|Landorus-Therian, L50, M|84\/100 slp\n|-ability|p1b: Landorus|Intimidate|boost\n|-unboost|p2a: Landorus|atk|1\n|-unboost|p2b: Iron Hands|atk|1\n|move|p2a: Landorus|U-turn|p1b: Landorus\n|-resisted|p1b: Landorus\n|-damage|p1b: Landorus|80\/100 slp\n|\n|t:|1700851132\n|switch|p2a: Amoonguss|Amoonguss, L50, M, tera:Water|41\/100 brn|[from] U-turn\n|move|p2b: Iron Hands|Drain Punch|p1a: Iron Hands\n|-damage|p1a: Iron Hands|46\/100\n|-heal|p2b: Iron Hands|92\/100 brn|[from] drain|[of] p1a: Iron Hands\n|move|p1a: Iron Hands|Drain Punch|p2b: Iron Hands\n|-damage|p2b: Iron Hands|71\/100 brn\n|-heal|p1a: Iron Hands|56\/100|[from] drain|[of] p2b: Iron Hands\n|\n|-damage|p2b: Iron Hands|65\/100 brn|[from] brn\n|-damage|p2a: Amoonguss|35\/100 brn|[from] brn\n|upkeep\n|turn|11\n|inactive|themanparris has 30 seconds left.\n|inactive|themanparris has 20 seconds left.\n|inactive|themanparris has 15 seconds left.\n|inactive|themanparris has 10 seconds left.\n|\n|t:|1700851183\n|-end|p2b: Iron Hands|Quark Drive|[silent]\n|switch|p2b: Flutter Mane|Flutter Mane, L50|29\/100\n|-curestatus|p1b: Landorus|slp|[msg]\n|move|p1b: Landorus|Stomping Tantrum|p2a: Amoonguss\n|-damage|p2a: Amoonguss|2\/100 brn\n|-damage|p1b: Landorus|64\/100|[from] item: Rocky Helmet|[of] p2a: Amoonguss\n|move|p1a: Iron Hands|Wild Charge|p2a: Amoonguss\n|-supereffective|p2a: Amoonguss\n|-damage|p2a: Amoonguss|0 fnt\n|-damage|p1a: Iron Hands|39\/100|[from] item: Rocky Helmet|[of] p2a: Amoonguss\n|faint|p2a: Amoonguss\n|-damage|p1a: Iron Hands|39\/100|[from] Recoil\n|\n|upkeep\n|\n|t:|1700851189\n|switch|p2a: Landorus|Landorus-Therian, L50, M|7\/100 brn\n|-ability|p2a: Landorus|Intimidate|boost\n|-unboost|p1a: Iron Hands|atk|1\n|-unboost|p1b: Landorus|atk|1\n|turn|12\n|inactive|themanparris has 30 seconds left.\n|\n|t:|1700851215\n|-end|p2b: Flutter Mane|Protosynthesis|[silent]\n|switch|p2b: Iron Hands|Iron Hands, L50|65\/100 brn\n|-end|p1a: Iron Hands|Quark Drive|[silent]\n|switch|p1a: Heatran|Heatran, L50, F, tera:Grass|19\/100\n|move|p2a: Landorus|Rock Slide|p1a: Heatran|[spread] p1a,p1b\n|-damage|p1a: Heatran|10\/100\n|-damage|p1b: Landorus|52\/100\n|cant|p1b: Landorus|flinch\n|\n|-heal|p1a: Heatran|17\/100|[from] item: Leftovers\n|-damage|p2a: Landorus|1\/100 brn|[from] brn\n|-damage|p2b: Iron Hands|59\/100 brn|[from] brn\n|upkeep\n|turn|13\n|inactive|themanparris has 30 seconds left.\n|\n|t:|1700851248\n|move|p2a: Landorus|Rock Slide|p1b: Landorus|[spread] p1a,p1b\n|-damage|p1a: Heatran|8\/100\n|-damage|p1b: Landorus|41\/100\n|move|p1b: Landorus|Stomping Tantrum|p2b: Iron Hands\n|-supereffective|p2b: Iron Hands\n|-damage|p2b: Iron Hands|0 fnt\n|faint|p2b: Iron Hands\n|-end|p2b: Iron Hands|Quark Drive|[silent]\n|move|p1a: Heatran|Heat Wave|p2a: Landorus\n|-damage|p2a: Landorus|0 fnt\n|faint|p2a: Landorus\n|\n|-heal|p1a: Heatran|15\/100|[from] item: Leftovers\n|upkeep\n|inactive|themanparris has 30 seconds left.\n|\n|t:|1700851263\n|switch|p2b: Flutter Mane|Flutter Mane, L50|29\/100\n|turn|14\n|inactive|themanparris has 30 seconds left this turn.\n|\n|t:|1700851277\n|switch|p1a: Urshifu|Urshifu, L50, M|100\/100\n|move|p1b: Landorus|Stomping Tantrum|p2b: Flutter Mane\n|-damage|p2b: Flutter Mane|0 fnt\n|faint|p2b: Flutter Mane\n|-end|p2b: Flutter Mane|Protosynthesis|[silent]\n|\n|win|Mattfort\n|inactive|themanparris has 30 seconds left this turn.\n|raw|Mattfort's rating: 1422 &rarr; <strong>1448<\/strong><br \/>(+26 for winning)\n|raw|themanparris's rating: 1528 &rarr; <strong>1502<\/strong><br \/>(-26 for losing)\n|l|\u203dthemanparris\n","uploadtime":1700851288,"views":0,"p1id":"mattfort","p2id":"themanparris","formatid":"gen9vgc2023regulatione","rating":1448,"private":0,"password":""}