{"id":"gen9vgc2023regulatione-1999722021","p1":"Scarlet Devil Flan","p2":"dalgo86","format":"[Gen 9] VGC 2023 Regulation E","log":"|j|\u2606Scarlet Devil Flan\n|j|\u2606dalgo86\n|t:|1701110901\n|gametype|doubles\n|player|p1|Scarlet Devil Flan|tate|1053\n|player|p2|dalgo86|juan|1145\n|teamsize|p1|6\n|teamsize|p2|6\n|gen|9\n|tier|[Gen 9] VGC 2023 Regulation E\n|rated|\n|rule|Species Clause: Limit one of each Pok\u00e9mon\n|rule|Item Clause: Limit one of each item\n|clearpoke\n|poke|p1|Tinkaton, L50, F|\n|poke|p1|Tornadus, L50, M|\n|poke|p1|Oranguru, L50, F|\n|poke|p1|Clefairy, L50, M|\n|poke|p1|Lilligant-Hisui, L50, F|\n|poke|p1|Torkoal, L50, F|\n|poke|p2|Tornadus, L50, M|\n|poke|p2|Arcanine-Hisui, L50, F|\n|poke|p2|Iron Hands, L50|\n|poke|p2|Gholdengo, L50|\n|poke|p2|Urshifu-*, L50, M|\n|poke|p2|Ogerpon-Wellspring, L50, F|\n|teampreview|4\n|j| GOODSHITPROFESSOR\n|inactive|Battle timer is ON: inactive players will automatically lose when time's up. (requested by dalgo86)\n|c|\u2606Scarlet Devil Flan|Hello Professor.\n|\n|t:|1701110933\n|start\n|switch|p1a: Ponka Donka|Tinkaton, L50, F|100\/100\n|switch|p1b: William|Tornadus, L50, M, shiny|100\/100\n|switch|p2a: Iron Hands|Iron Hands, L50|100\/100\n|switch|p2b: Arcanine|Arcanine-Hisui, L50, F|100\/100\n|-item|p1a: Ponka Donka|Air Balloon\n|-ability|p2b: Arcanine|Intimidate|boost\n|-fail|p1a: Ponka Donka|unboost|Attack|[from] ability: Own Tempo|[of] p1a: Ponka Donka\n|-unboost|p1b: William|atk|1\n|turn|1\n|c|\u2606Scarlet Devil Flan|Glhf\n|c| GOODSHITPROFESSOR|greetings\n|\n|t:|1701110958\n|move|p1a: Ponka Donka|Fake Out|p2b: Arcanine\n|-resisted|p2b: Arcanine\n|-damage|p2b: Arcanine|95\/100\n|move|p1b: William|Swagger|p1a: Ponka Donka\n|-boost|p1a: Ponka Donka|atk|2\n|-immune|p1a: Ponka Donka|confusion|[from] ability: Own Tempo\n|cant|p2b: Arcanine|flinch\n|move|p2a: Iron Hands|Wild Charge|p1b: William\n|-supereffective|p1b: William\n|-damage|p1b: William|0 fnt\n|faint|p1b: William\n|-damage|p2a: Iron Hands|81\/100|[from] Recoil\n|\n|upkeep\n|\n|t:|1701110967\n|switch|p1b: Mini Alomomola|Clefairy, L50, M|100\/100\n|turn|2\n|inactive|Scarlet Devil Flan has 30 seconds left.\n|\n|t:|1701110995\n|-terastallize|p1a: Ponka Donka|Steel\n|move|p1b: Mini Alomomola|Follow Me|p1b: Mini Alomomola\n|-singleturn|p1b: Mini Alomomola|move: Follow Me\n|move|p1a: Ponka Donka|Gigaton Hammer|p2b: Arcanine\n|-damage|p2b: Arcanine|0 fnt\n|faint|p2b: Arcanine\n|move|p2a: Iron Hands|Heavy Slam|p1b: Mini Alomomola\n|-supereffective|p1b: Mini Alomomola\n|-damage|p1b: Mini Alomomola|0 fnt\n|faint|p1b: Mini Alomomola\n|\n|upkeep\n|\n|t:|1701111007\n|switch|p2b: Ogerpon|Ogerpon-Wellspring, L50, F|100\/100\n|switch|p1b: Steam|Torkoal, L50, F, shiny|100\/100\n|-weather|SunnyDay|[from] ability: Drought|[of] p1b: Steam\n|turn|3\n|\n|t:|1701111028\n|move|p1a: Ponka Donka|Play Rough|p2a: Iron Hands\n|-supereffective|p2a: Iron Hands\n|-damage|p2a: Iron Hands|0 fnt\n|faint|p2a: Iron Hands\n|-end|p2a: Iron Hands|Quark Drive|[silent]\n|move|p2b: Ogerpon|Ivy Cudgel|p1b: Steam|[anim] Ivy Cudgel Water\n|-supereffective|p1b: Steam\n|-damage|p1b: Steam|59\/100\n|move|p1b: Steam|Eruption|p2b: Ogerpon\n|-damage|p2b: Ogerpon|49\/100\n|\n|-weather|SunnyDay|[upkeep]\n|upkeep\n|\n|t:|1701111031\n|switch|p2a: Gholdengo|Gholdengo, L50|100\/100\n|turn|4\n|l| GOODSHITPROFESSOR\n|\n|t:|1701111055\n|-terastallize|p2b: Ogerpon|Water\n|detailschange|p2b: Ogerpon|Ogerpon-Wellspring-Tera, L50, F, tera:Water\n|-ability|p2b: Ogerpon|Embody Aspect (Wellspring)|boost\n|-boost|p2b: Ogerpon|spd|1\n|move|p1a: Ponka Donka|Play Rough|p2b: Ogerpon\n|-damage|p2b: Ogerpon|0 fnt\n|faint|p2b: Ogerpon\n|move|p2a: Gholdengo|Shadow Ball|p1a: Ponka Donka\n|-damage|p1a: Ponka Donka|57\/100\n|-enditem|p1a: Ponka Donka|Air Balloon\n|move|p1b: Steam|Eruption|p2a: Gholdengo\n|-supereffective|p2a: Gholdengo\n|-damage|p2a: Gholdengo|1\/100\n|\n|-weather|SunnyDay|[upkeep]\n|-heal|p2a: Gholdengo|7\/100|[from] item: Leftovers\n|upkeep\n|turn|5\n|-message|dalgo86 forfeited.\n|\n|win|Scarlet Devil Flan\n|raw|Scarlet Devil Flan's rating: 1053 &rarr; <strong>1093<\/strong><br \/>(+40 for winning)\n|raw|dalgo86's rating: 1145 &rarr; <strong>1114<\/strong><br \/>(-31 for losing)\n|l|\u2606dalgo86\n","uploadtime":1701111080,"views":3,"p1id":"scarletdevilflan","p2id":"dalgo86","formatid":"gen9vgc2023regulatione","rating":1093,"private":0,"password":""}