{"id":"gen9vgc2023regulatione-1998015194","p1":"filthytrashgoblin","p2":"CityD169","format":"[Gen 9] VGC 2023 Regulation E","log":"|j|\u2606filthytrashgoblin\n|j|\u2606CityD169\n|t:|1700879211\n|gametype|doubles\n|player|p1|filthytrashgoblin|ghetsis|\n|player|p2|CityD169|rosa-pokestar|\n|teamsize|p1|6\n|teamsize|p2|6\n|gen|9\n|tier|[Gen 9] VGC 2023 Regulation E\n|rated|Tournament battle\n|rule|Species Clause: Limit one of each Pok\u00e9mon\n|rule|Item Clause: Limit one of each item\n|clearpoke\n|poke|p1|Tornadus, L50, M|\n|poke|p1|Urshifu-*, L50, F|\n|poke|p1|Rillaboom, L50, M|\n|poke|p1|Flutter Mane, L50|\n|poke|p1|Landorus-Therian, L50, M|\n|poke|p1|Heatran, L50, M|\n|poke|p2|Chi-Yu, L50|\n|poke|p2|Ogerpon, L50, F|\n|poke|p2|Milotic, L50, M|\n|poke|p2|Scream Tail, L50|\n|poke|p2|Ninetales-Alola, L50, F|\n|poke|p2|Goodra-Hisui, L50, F|\n|teampreview|4\n|showteam|p1|Tornadus||CovertCloak|Prankster|Tailwind,BleakwindStorm,SunnyDay,Protect|||M|||50|,,,,,Steel]Urshifu||BlackGlasses|UnseenFist|WickedBlow,SuckerPunch,SwordsDance,Protect|||F|||50|,,,,,Poison]Rillaboom||MiracleSeed|GrassySurge|FakeOut,GrassyGlide,WoodHammer,Protect|||M|||50|,,,,,Grass]Flutter Mane||PixiePlate|Protosynthesis|Moonblast,ShadowBall,IcyWind,Protect||||||50|,,,,,Fairy]Landorus-Therian||ChoiceScarf|Intimidate|Uturn,TeraBlast,RockSlide,StompingTantrum|||M|||50|,,,,,Flying]Heatran||LifeOrb|FlashFire|HeatWave,FlashCannon,EarthPower,Protect|||M|||50|,,,,,Grass\n|showteam|p2|Chi-Yu||LifeOrb|BeadsofRuin|DarkPulse,HeatWave,Substitute,Protect||||||50|,,,,,Fire]Ogerpon||RazorClaw|Defiant|IvyCudgel,StompingTantrum,FollowMe,SpikyShield|||F|||50|,,,,,Grass]Milotic||WideLens|Competitive|Scald,Blizzard,Hypnosis,LifeDew|||M|||50|,,,,,Grass]Scream Tail||BoosterEnergy|Protosynthesis|DazzlingGleam,Encore,Disable,TrickRoom||||||50|,,,,,Ghost]Ninetales-Alola||CovertCloak|SnowWarning|FreezeDry,IcyWind,AuroraVeil,Protect|||F|||50|,,,,,Water]Goodra-Hisui||Leftovers|ShellArmor|HeavySlam,Shelter,BodyPress,Protect|||F|||50|,,,,,Fairy\n|inactive|Battle timer is ON: inactive players will automatically lose when time's up. (requested by filthytrashgoblin)\n|j| ABIgaildafm\n|l| ABIgaildafm\n|c|\u2606filthytrashgoblin|gl hf \\\n|c|\u2606CityD169|glhf!\n|c|\u2606filthytrashgoblin|:)\n|inactive|CityD169 has 60 seconds left.\n|inactive|CityD169 has 30 seconds left.\n|\n|t:|1700879271\n|start\n|switch|p1a: Hi didn't see u|Heatran, L50, M|100\/100\n|switch|p1b: pinky|Flutter Mane, L50|100\/100\n|switch|p2a: Goodra|Goodra-Hisui, L50, F|100\/100\n|switch|p2b: Milotic|Milotic, L50, M|100\/100\n|turn|1\n|c|\u2606CityD169|(,:\n|inactive|filthytrashgoblin has 30 seconds left.\n|inactive|CityD169 has 30 seconds left.\n|inactive|filthytrashgoblin has 20 seconds left.\n|inactive|CityD169 has 20 seconds left.\n|\n|t:|1700879310\n|-terastallize|p2a: Goodra|Fairy\n|move|p1b: pinky|Icy Wind|p2a: Goodra|[spread] p2a,p2b\n|-resisted|p2b: Milotic\n|-damage|p2a: Goodra|92\/100\n|-damage|p2b: Milotic|95\/100\n|-unboost|p2a: Goodra|spe|1\n|-unboost|p2b: Milotic|spe|1\n|-ability|p2b: Milotic|Competitive|boost\n|-boost|p2b: Milotic|spa|2\n|move|p1a: Hi didn't see u|Earth Power|p2a: Goodra\n|-damage|p2a: Goodra|65\/100\n|-damage|p1a: Hi didn't see u|91\/100|[from] item: Life Orb\n|move|p2b: Milotic|Scald|p1a: Hi didn't see u\n|-supereffective|p1a: Hi didn't see u\n|-damage|p1a: Hi didn't see u|0 fnt\n|faint|p1a: Hi didn't see u\n|move|p2a: Goodra|Heavy Slam|p1b: pinky\n|-supereffective|p1b: pinky\n|-damage|p1b: pinky|0 fnt\n|faint|p1b: pinky\n|-end|p1b: pinky|Protosynthesis|[silent]\n|\n|-heal|p2a: Goodra|71\/100|[from] item: Leftovers\n|upkeep\n|\n|t:|1700879329\n|switch|p1b: terminal 7|Tornadus, L50, M|100\/100\n|switch|p1a: Dave|Urshifu, L50, F|100\/100\n|turn|2\n|\n|t:|1700879350\n|move|p1a: Dave|Wicked Blow|p2b: Milotic\n|-crit|p2b: Milotic\n|-damage|p2b: Milotic|27\/100\n|move|p1b: terminal 7|Bleakwind Storm|p2b: Milotic|[spread] p2a,p2b\n|-damage|p2a: Goodra|48\/100\n|-damage|p2b: Milotic|0 fnt\n|faint|p2b: Milotic\n|move|p2a: Goodra|Shelter|p2a: Goodra\n|-boost|p2a: Goodra|def|2\n|\n|-heal|p2a: Goodra|54\/100|[from] item: Leftovers\n|upkeep\n|j|%Radio Free C-Side\n|inactive|CityD169 has 30 seconds left.\n|\n|t:|1700879379\n|switch|p2b: Scream Tail|Scream Tail, L50, shiny|100\/100\n|-enditem|p2b: Scream Tail|Booster Energy\n|-activate|p2b: Scream Tail|ability: Protosynthesis|[fromitem]\n|-start|p2b: Scream Tail|protosynthesisspe\n|turn|3\n|\n|t:|1700879399\n|-terastallize|p1a: Dave|Poison\n|move|p1a: Dave|Wicked Blow|p2b: Scream Tail\n|-crit|p2b: Scream Tail\n|-damage|p2b: Scream Tail|44\/100\n|move|p1b: terminal 7|Bleakwind Storm|p2b: Scream Tail|[spread] p2a,p2b\n|-damage|p2a: Goodra|30\/100\n|-damage|p2b: Scream Tail|18\/100\n|move|p2a: Goodra|Shelter|p2a: Goodra\n|-boost|p2a: Goodra|def|2\n|move|p2b: Scream Tail|Trick Room|p2b: Scream Tail\n|-fieldstart|move: Trick Room|[of] p2b: Scream Tail\n|\n|-heal|p2a: Goodra|36\/100|[from] item: Leftovers\n|upkeep\n|turn|4\n|inactive|CityD169 has 30 seconds left.\n|inactive|CityD169 has 20 seconds left.\n|inactive|CityD169 has 15 seconds left.\n|inactive|CityD169 has 10 seconds left.\n|\n|t:|1700879448\n|move|p1b: terminal 7|Protect|p1b: terminal 7\n|-singleturn|p1b: terminal 7|Protect\n|move|p2a: Goodra|Protect|p2a: Goodra\n|-singleturn|p2a: Goodra|Protect\n|move|p1a: Dave|Sucker Punch||[still]\n|-fail|p1a: Dave\n|move|p2b: Scream Tail|Disable|p1b: terminal 7\n|-activate|p1b: terminal 7|move: Protect\n|\n|-heal|p2a: Goodra|42\/100|[from] item: Leftovers\n|upkeep\n|turn|5\n|inactive|CityD169 has 30 seconds left.\n|\n|t:|1700879481\n|move|p2a: Goodra|Shelter|p2a: Goodra\n|-boost|p2a: Goodra|def|2\n|move|p1b: terminal 7|Bleakwind Storm|p2b: Scream Tail|[spread] p2a,p2b\n|-damage|p2a: Goodra|19\/100\n|-damage|p2b: Scream Tail|0 fnt\n|faint|p2b: Scream Tail\n|-end|p2b: Scream Tail|Protosynthesis|[silent]\n|move|p1a: Dave|Wicked Blow|p2a: Goodra\n|-resisted|p2a: Goodra\n|-damage|p2a: Goodra|14\/100\n|\n|-heal|p2a: Goodra|20\/100|[from] item: Leftovers\n|upkeep\n|\n|t:|1700879491\n|switch|p2b: Ninetales|Ninetales-Alola, L50, F|100\/100\n|-weather|Snow|[from] ability: Snow Warning|[of] p2b: Ninetales\n|turn|6\n|inactive|filthytrashgoblin has 30 seconds left.\n|\n|t:|1700879519\n|move|p2a: Goodra|Body Press|p1a: Dave\n|-resisted|p1a: Dave\n|-damage|p1a: Dave|63\/100\n|move|p1b: terminal 7|Bleakwind Storm|p2b: Ninetales|[spread] p2b\n|-miss|p1b: terminal 7|p2a: Goodra\n|-damage|p2b: Ninetales|63\/100\n|move|p1a: Dave|Wicked Blow|p2a: Goodra\n|-resisted|p2a: Goodra\n|-damage|p2a: Goodra|14\/100\n|move|p2b: Ninetales|Aurora Veil|p2b: Ninetales\n|-sidestart|p2: CityD169|move: Aurora Veil\n|\n|-weather|Snow|[upkeep]\n|-heal|p2a: Goodra|20\/100|[from] item: Leftovers\n|upkeep\n|turn|7\n|j| infernape339\n|inactive|CityD169 has 30 seconds left.\n|inactive|CityD169 has 20 seconds left.\n|\n|t:|1700879556\n|move|p1b: terminal 7|Protect|p1b: terminal 7\n|-singleturn|p1b: terminal 7|Protect\n|move|p1a: Dave|Protect|p1a: Dave\n|-singleturn|p1a: Dave|Protect\n|move|p2a: Goodra|Heavy Slam|p1a: Dave\n|-activate|p1a: Dave|move: Protect\n|move|p2b: Ninetales|Icy Wind|p1a: Dave|[spread] \n|-activate|p1a: Dave|move: Protect\n|-activate|p1b: terminal 7|move: Protect\n|\n|-weather|Snow|[upkeep]\n|-heal|p2a: Goodra|26\/100|[from] item: Leftovers\n|-fieldend|move: Trick Room\n|upkeep\n|turn|8\n|\n|t:|1700879576\n|move|p2b: Ninetales|Freeze-Dry|p1b: terminal 7\n|-supereffective|p1b: terminal 7\n|-damage|p1b: terminal 7|55\/100\n|move|p1a: Dave|Wicked Blow|p2b: Ninetales\n|-resisted|p2b: Ninetales\n|-crit|p2b: Ninetales\n|-damage|p2b: Ninetales|35\/100\n|move|p1b: terminal 7|Bleakwind Storm|p2b: Ninetales|[spread] p2a\n|-miss|p1b: terminal 7|p2b: Ninetales\n|-damage|p2a: Goodra|11\/100\n|-unboost|p2a: Goodra|spe|1\n|move|p2a: Goodra|Heavy Slam|p1b: terminal 7\n|-damage|p1b: terminal 7|0 fnt\n|faint|p1b: terminal 7\n|\n|-weather|Snow|[upkeep]\n|-heal|p2a: Goodra|17\/100|[from] item: Leftovers\n|upkeep\n|turn|9\n|\n|t:|1700879598\n|move|p2b: Ninetales|Freeze-Dry|p1a: Dave\n|-damage|p1a: Dave|37\/100\n|move|p1a: Dave|Swords Dance|p1a: Dave\n|-boost|p1a: Dave|atk|2\n|move|p2a: Goodra|Heavy Slam|p1a: Dave\n|-damage|p1a: Dave|12\/100\n|\n|-weather|Snow|[upkeep]\n|-heal|p2a: Goodra|23\/100|[from] item: Leftovers\n|upkeep\n|turn|10\n|\n|t:|1700879612\n|move|p2b: Ninetales|Freeze-Dry|p1a: Dave\n|-damage|p1a: Dave|0 fnt\n|faint|p1a: Dave\n|\n|win|CityD169\n|n|\u2606filthytrashgoblin|filthytrashgoblin\n|n|\u2606CityD169|cityd169\n|n| Radio Free C-Side|radiofreecside\n|n| infernape339|infernape339\n|c|\u2606filthytrashgoblin|gg\n|l| Radio Free C-Side\n|c|\u2606CityD169|gg!\n|l|\u2606filthytrashgoblin\n|l| infernape339\n","uploadtime":1700879937,"views":2,"p1id":"filthytrashgoblin","p2id":"cityd169","formatid":"gen9vgc2023regulatione","rating":0,"private":0,"password":""}