{"id":"gen9vgc2023regulatione-1998712458","p1":"gabtesting","p2":"dab_015","format":"[Gen 9] VGC 2023 Regulation E","log":"|j|\u2606gabtesting\n|j|\u2606dab_015\n|t:|1700976349\n|gametype|doubles\n|player|p1|gabtesting|wallace|1095\n|player|p2|dab_015|170|1139\n|teamsize|p1|6\n|teamsize|p2|6\n|gen|9\n|tier|[Gen 9] VGC 2023 Regulation E\n|rated|\n|rule|Species Clause: Limit one of each Pok\u00e9mon\n|rule|Item Clause: Limit one of each item\n|clearpoke\n|poke|p1|Ninetales-Alola, L50, F|\n|poke|p1|Cetitan, L50, F|\n|poke|p1|Baxcalibur, L50, M|\n|poke|p1|Landorus-Therian, L50, M|\n|poke|p1|Heatran, L50, F|\n|poke|p1|Zapdos, L50|\n|poke|p2|Landorus-Therian, L50, M|\n|poke|p2|Iron Hands, L50|\n|poke|p2|Chien-Pao, L50|\n|poke|p2|Heatran, L50, F|\n|poke|p2|Urshifu-*, L50, M|\n|poke|p2|Ogerpon-Wellspring, L50, F|\n|teampreview|4\n|inactive|Battle timer is ON: inactive players will automatically lose when time's up. (requested by gabtesting)\ngabtesting has agreed to open team sheets.\ndab_015 has agreed to open team sheets.\n|inactive|dab_015 has 30 seconds left.\n|inactive|dab_015 has 20 seconds left.\n|\n|t:|1700976393\n|start\n|switch|p1a: Ninetales|Ninetales-Alola, L50, F|100\/100\n|switch|p1b: Cetitan|Cetitan, L50, F|100\/100\n|switch|p2a: Landorus|Landorus-Therian, L50, M|100\/100\n|switch|p2b: Iron Hands|Iron Hands, L50|100\/100\n|-ability|p2a: Landorus|Intimidate|boost\n|-unboost|p1a: Ninetales|atk|1\n|-unboost|p1b: Cetitan|atk|1\n|-weather|Snow|[from] ability: Snow Warning|[of] p1a: Ninetales\n|turn|1\n|inactive|dab_015 has 30 seconds left.\n|inactive|dab_015 has 20 seconds left.\n|\n|t:|1700976432\n|switch|p1b: Zapdos|Zapdos, L50|100\/100\n|move|p2b: Iron Hands|Fake Out|p1a: Ninetales\n|-damage|p1a: Ninetales|87\/100\n|move|p2a: Landorus|Rock Slide|p1b: Zapdos|[spread] p1a,p1b\n|-supereffective|p1a: Ninetales\n|-supereffective|p1b: Zapdos\n|-damage|p1a: Ninetales|55\/100\n|-damage|p1b: Zapdos|64\/100\n|cant|p1a: Ninetales|flinch\n|\n|-weather|Snow|[upkeep]\n|upkeep\n|turn|2\n|inactive|dab_015 has 30 seconds left.\n|inactive|dab_015 has 20 seconds left.\n|inactive|dab_015 has 15 seconds left.\n|inactive|dab_015 has 10 seconds left.\n|\n|t:|1700976479\n|move|p2a: Landorus|Rock Slide|p1b: Zapdos|[spread] p1a,p1b\n|-supereffective|p1a: Ninetales\n|-supereffective|p1b: Zapdos\n|-damage|p1a: Ninetales|22\/100\n|-damage|p1b: Zapdos|29\/100\n|-enditem|p1a: Ninetales|Sitrus Berry|[eat]\n|-heal|p1a: Ninetales|47\/100|[from] item: Sitrus Berry\n|cant|p1a: Ninetales|flinch\n|cant|p1b: Zapdos|flinch\n|move|p2b: Iron Hands|Drain Punch|p1a: Ninetales\n|-damage|p1a: Ninetales|10\/100\n|\n|-weather|Snow|[upkeep]\n|upkeep\n|turn|3\n|\n|t:|1700976500\n|switch|p1b: Landorus|Landorus-Therian, L50, M|100\/100\n|-ability|p1b: Landorus|Intimidate|boost\n|-unboost|p2a: Landorus|atk|1\n|-unboost|p2b: Iron Hands|atk|1\n|move|p1a: Ninetales|Protect|p1a: Ninetales\n|-singleturn|p1a: Ninetales|Protect\n|move|p2a: Landorus|Rock Slide|p1b: Landorus|[spread] \n|-activate|p1a: Ninetales|move: Protect\n|-miss|p2a: Landorus|p1b: Landorus\n|move|p2b: Iron Hands|Wild Charge|p1b: Landorus\n|-immune|p1b: Landorus\n|\n|-weather|Snow|[upkeep]\n|upkeep\n|turn|4\n|inactive|gabtesting has 30 seconds left.\n|inactive|dab_015 has 30 seconds left.\n|inactive|dab_015 has 20 seconds left.\n|inactive|gabtesting has 20 seconds left.\n|\n|t:|1700976540\n|move|p1b: Landorus|Rock Slide|p2b: Iron Hands|[spread] p2a,p2b\n|-resisted|p2b: Iron Hands\n|-damage|p2a: Landorus|75\/100\n|-damage|p2b: Iron Hands|93\/100\n|move|p2a: Landorus|Rock Slide|p1a: Ninetales|[spread] p1a,p1b\n|-supereffective|p1a: Ninetales\n|-damage|p1a: Ninetales|0 fnt\n|-damage|p1b: Landorus|83\/100\n|faint|p1a: Ninetales\n|move|p2b: Iron Hands|Drain Punch|p1b: Landorus\n|-resisted|p1b: Landorus\n|-damage|p1b: Landorus|65\/100\n|-heal|p2b: Iron Hands|99\/100|[from] drain|[of] p1b: Landorus\n|\n|-weather|Snow|[upkeep]\n|upkeep\n|\n|t:|1700976555\n|switch|p1a: Zapdos|Zapdos, L50|29\/100\n|turn|5\n|\n|t:|1700976566\n|switch|p1b: Cetitan|Cetitan, L50, F|100\/100\n|-terastallize|p1a: Zapdos|Ghost\n|move|p2a: Landorus|Rock Slide|p1a: Zapdos|[spread] p1a,p1b\n|-supereffective|p1b: Cetitan\n|-damage|p1a: Zapdos|17\/100\n|-damage|p1b: Cetitan|83\/100\n|cant|p1a: Zapdos|flinch\n|move|p2b: Iron Hands|Drain Punch|p1b: Cetitan\n|-supereffective|p1b: Cetitan\n|-damage|p1b: Cetitan|46\/100\n|-heal|p2b: Iron Hands|100\/100|[from] drain|[of] p1b: Cetitan\n|\n|-weather|none\n|upkeep\n|turn|6\n|c|\u2606gabtesting|the flinches UGH\n|inactive|gabtesting has 30 seconds left.\n|\n|t:|1700976598\n|-end|p2b: Iron Hands|Quark Drive|[silent]\n|switch|p2b: Chien-Pao|Chien-Pao, L50|100\/100\n|-ability|p2b: Chien-Pao|Sword of Ruin\n|move|p2a: Landorus|Rock Slide|p1a: Zapdos|[spread] p1a,p1b\n|-supereffective|p1b: Cetitan\n|-damage|p1a: Zapdos|1\/100\n|-damage|p1b: Cetitan|10\/100\n|move|p1a: Zapdos|Hurricane|p2b: Chien-Pao|[miss]\n|-miss|p1a: Zapdos|p2b: Chien-Pao\n|cant|p1b: Cetitan|flinch\n|\n|upkeep\n|turn|7\n|c|\u2606gabtesting|...\n|inactive|dab_015 has 30 seconds left.\n|c|\u2606dab_015|...\n|inactive|dab_015 has 20 seconds left.\n|\n|t:|1700976633\n|move|p2a: Landorus|Rock Slide|p1a: Zapdos|[spread] p1a,p1b\n|-supereffective|p1b: Cetitan\n|-damage|p1a: Zapdos|0 fnt\n|-damage|p1b: Cetitan|0 fnt\n|faint|p1a: Zapdos\n|faint|p1b: Cetitan\n|move|p2b: Chien-Pao|Sacred Sword|p1: Zapdos|[notarget]\n|-fail|p2b: Chien-Pao\n|\n|upkeep\n|\n|t:|1700976640\n|switch|p1b: Landorus|Landorus-Therian, L50, M|65\/100\n|-ability|p1b: Landorus|Intimidate|boost\n|-unboost|p2a: Landorus|atk|1\n|-unboost|p2b: Chien-Pao|atk|1\n|turn|8\n|\n|t:|1700976653\n|switch|p2a: Heatran|Heatran, L50, F|100\/100\n|move|p1b: Landorus|Rock Slide|p2b: Chien-Pao|[spread] p2b\n|-miss|p1b: Landorus|p2a: Heatran\n|-supereffective|p2b: Chien-Pao\n|-damage|p2b: Chien-Pao|45\/100\n|move|p2b: Chien-Pao|Ice Spinner|p1b: Landorus\n|-supereffective|p1b: Landorus\n|-damage|p1b: Landorus|0 fnt\n|faint|p1b: Landorus\n|\n|win|dab_015\n|raw|gabtesting's rating: 1095 &rarr; <strong>1074<\/strong><br \/>(-21 for losing)\n|raw|dab_015's rating: 1139 &rarr; <strong>1161<\/strong><br \/>(+22 for winning)\n|c|\u2606gabtesting|gg\n|c|\u2606dab_015|gg\n|l|\u2606dab_015\n","uploadtime":1700976670,"views":36,"p1id":"gabtesting","p2id":"dab015","formatid":"gen9vgc2023regulatione","rating":1074,"private":0,"password":""}