{"id":"gen9vgc2023regulatione-1989142214","p1":"TheBeast251","p2":"ptitbelliveau","format":"[Gen 9] VGC 2023 Regulation E","log":"|j|\u2606TheBeast251\n|j|\u2606ptitbelliveau\n|t:|1699816728\n|gametype|doubles\n|player|p1|TheBeast251|flannery|1038\n|player|p2|ptitbelliveau|265|1144\n|teamsize|p1|6\n|teamsize|p2|6\n|gen|9\n|tier|[Gen 9] VGC 2023 Regulation E\n|rated|\n|rule|Species Clause: Limit one of each Pok\u00e9mon\n|rule|Item Clause: Limit one of each item\n|clearpoke\n|poke|p1|Arcanine, L50, F|\n|poke|p1|Milotic, L50, M|\n|poke|p1|Rillaboom, L50, M|\n|poke|p1|Scizor, L50, M|\n|poke|p1|Kommo-o, L50, M|\n|poke|p1|Kleavor, L50, F|\n|poke|p2|Azumarill, L50, F|\n|poke|p2|Garganacl, L50, M|\n|poke|p2|Grimmsnarl, L50, M|\n|poke|p2|Jumpluff, L50, M|\n|poke|p2|Arboliva, L50, M|\n|poke|p2|Glimmora, L50, F|\n|teampreview|4\n|inactive|Battle timer is ON: inactive players will automatically lose when time's up. (requested by TheBeast251)\n|\n|t:|1699816744\n|start\n|switch|p1a: Kleavor|Kleavor, L50, F, shiny|100\/100\n|switch|p1b: Arcanine|Arcanine, L50, F, shiny|100\/100\n|switch|p2a: Glimmora|Glimmora, L50, F|100\/100\n|switch|p2b: Grimmsnarl|Grimmsnarl, L50, M|100\/100\n|-ability|p1b: Arcanine|Intimidate|boost\n|-unboost|p2a: Glimmora|atk|1\n|-unboost|p2b: Grimmsnarl|atk|1\n|turn|1\n|inactive|TheBeast251 has 30 seconds left.\n|\n|t:|1699816771\n|move|p2b: Grimmsnarl|Fake Out|p1a: Kleavor\n|-resisted|p1a: Kleavor\n|-damage|p1a: Kleavor|96\/100\n|cant|p1a: Kleavor|flinch\n|move|p2a: Glimmora|Mortal Spin|p1b: Arcanine|[spread] p1a,p1b\n|-resisted|p1a: Kleavor\n|-damage|p1a: Kleavor|94\/100\n|-damage|p1b: Arcanine|97\/100\n|-status|p1a: Kleavor|psn\n|-status|p1b: Arcanine|psn\n|move|p1b: Arcanine|Will-O-Wisp|p2b: Grimmsnarl\n|-status|p2b: Grimmsnarl|brn\n|\n|-damage|p1a: Kleavor|82\/100 psn|[from] psn\n|-damage|p1b: Arcanine|85\/100 psn|[from] psn\n|-damage|p2b: Grimmsnarl|95\/100 brn|[from] brn\n|upkeep\n|turn|2\n|\n|t:|1699816794\n|move|p2b: Grimmsnarl|Light Screen|p2b: Grimmsnarl\n|-sidestart|p2: ptitbelliveau|move: Light Screen\n|move|p1a: Kleavor|Stone Axe|p2b: Grimmsnarl\n|-damage|p2b: Grimmsnarl|39\/100 brn\n|-sidestart|p2: ptitbelliveau|move: Stealth Rock\n|move|p2a: Glimmora|Stealth Rock|p1a: Kleavor\n|-sidestart|p1: TheBeast251|move: Stealth Rock\n|move|p1b: Arcanine|Flamethrower|p2a: Glimmora\n|-resisted|p2a: Glimmora\n|-damage|p2a: Glimmora|86\/100\n|\n|-damage|p1a: Kleavor|70\/100 psn|[from] psn\n|-damage|p1b: Arcanine|73\/100 psn|[from] psn\n|-damage|p2b: Grimmsnarl|33\/100 brn|[from] brn\n|upkeep\n|turn|3\n|\n|t:|1699816813\n|switch|p1a: Kommo-o|Kommo-o, L50, M, shiny|100\/100\n|-damage|p1a: Kommo-o|94\/100|[from] Stealth Rock\n|switch|p1b: Milotic|Milotic, L50, M, shiny|100\/100\n|-damage|p1b: Milotic|88\/100|[from] Stealth Rock\n|move|p2b: Grimmsnarl|Reflect|p2b: Grimmsnarl\n|-sidestart|p2: ptitbelliveau|Reflect\n|move|p2a: Glimmora|Venoshock|p1b: Milotic\n|-damage|p1b: Milotic|69\/100\n|\n|-heal|p1b: Milotic|75\/100|[from] item: Leftovers\n|-damage|p2b: Grimmsnarl|27\/100 brn|[from] brn\n|upkeep\n|turn|4\n|inactive|TheBeast251 has 30 seconds left.\n|\n|t:|1699816843\n|-terastallize|p1a: Kommo-o|Steel\n|move|p2b: Grimmsnarl|Parting Shot|p1a: Kommo-o\n|-unboost|p1a: Kommo-o|atk|1\n|-unboost|p1a: Kommo-o|spa|1\n|\n|t:|1699816848\n|switch|p2b: Garganacl|Garganacl, L50, M|100\/100|[from] Parting Shot\n|-damage|p2b: Garganacl|88\/100|[from] Stealth Rock\n|move|p2a: Glimmora|Mortal Spin|p1a: Kommo-o|[spread] p1b\n|-immune|p1a: Kommo-o\n|-damage|p1b: Milotic|73\/100\n|-status|p1b: Milotic|psn\n|-sideend|p2: ptitbelliveau|Stealth Rock|[from] move: Mortal Spin|[of] p2a: Glimmora\n|move|p1a: Kommo-o|Clangorous Soul|p1a: Kommo-o\n|-boost|p1a: Kommo-o|atk|1\n|-boost|p1a: Kommo-o|def|1\n|-boost|p1a: Kommo-o|spa|1\n|-boost|p1a: Kommo-o|spd|1\n|-boost|p1a: Kommo-o|spe|1\n|-damage|p1a: Kommo-o|61\/100\n|-enditem|p1a: Kommo-o|Throat Spray\n|-boost|p1a: Kommo-o|spa|1|[from] item: Throat Spray\n|move|p1b: Milotic|Life Dew|p1b: Milotic|[spread] p1a,p1b\n|-heal|p1a: Kommo-o|86\/100\n|-heal|p1b: Milotic|98\/100 psn\n|\n|-heal|p1b: Milotic|100\/100 psn|[from] item: Leftovers\n|-heal|p2b: Garganacl|94\/100|[from] item: Leftovers\n|-damage|p1b: Milotic|88\/100 psn|[from] psn\n|upkeep\n|turn|5\n|inactive|TheBeast251 has 30 seconds left.\n|inactive|ptitbelliveau has 30 seconds left.\n|\n|t:|1699816878\n|-terastallize|p2b: Garganacl|Steel\n|move|p1a: Kommo-o|Flash Cannon|p2b: Garganacl\n|-resisted|p2b: Garganacl\n|-damage|p2b: Garganacl|81\/100\n|move|p2a: Glimmora|Venoshock|p1b: Milotic\n|-crit|p1b: Milotic\n|-damage|p1b: Milotic|26\/100 psn\n|move|p1b: Milotic|Life Dew|p1b: Milotic|[spread] p1a,p1b\n|-heal|p1a: Kommo-o|100\/100\n|-heal|p1b: Milotic|51\/100 psn\n|move|p2b: Garganacl|Salt Cure|p1a: Kommo-o\n|-resisted|p1a: Kommo-o\n|-damage|p1a: Kommo-o|96\/100\n|-start|p1a: Kommo-o|Salt Cure\n|\n|-heal|p1b: Milotic|57\/100 psn|[from] item: Leftovers\n|-heal|p2b: Garganacl|86\/100|[from] item: Leftovers\n|-damage|p1b: Milotic|45\/100 psn|[from] psn\n|-damage|p1a: Kommo-o|71\/100|[from] Salt Cure\n|upkeep\n|turn|6\n|n|!TheBeast251|thebeast251\n|\n|t:|1699816898\n|move|p1a: Kommo-o|Clanging Scales|p2b: Garganacl|[spread] p2a,p2b\n|-resisted|p2b: Garganacl\n|-damage|p2a: Glimmora|41\/100\n|-damage|p2b: Garganacl|74\/100\n|-unboost|p1a: Kommo-o|def|1\n|move|p2a: Glimmora|Venoshock|p1b: Milotic\n|-damage|p1b: Milotic|6\/100 psn\n|move|p1b: Milotic|Scald|p2b: Garganacl\n|-damage|p2b: Garganacl|63\/100\n|move|p2b: Garganacl|Salt Cure|p1b: Milotic\n|-damage|p1b: Milotic|0 fnt\n|faint|p1b: Milotic\n|\n|-heal|p2b: Garganacl|69\/100|[from] item: Leftovers\n|-damage|p1a: Kommo-o|46\/100|[from] Salt Cure\n|upkeep\n|\n|t:|1699816908\n|switch|p1b: Kleavor|Kleavor, L50, F, shiny|70\/100 psn\n|-damage|p1b: Kleavor|46\/100 psn|[from] Stealth Rock\n|turn|7\n|\n|t:|1699816919\n|move|p2a: Glimmora|Spiky Shield|p2a: Glimmora\n|-singleturn|p2a: Glimmora|move: Protect\n|move|p1b: Kleavor|Close Combat|p2b: Garganacl\n|-supereffective|p2b: Garganacl\n|-damage|p2b: Garganacl|32\/100\n|-unboost|p1b: Kleavor|def|1\n|-unboost|p1b: Kleavor|spd|1\n|move|p1a: Kommo-o|Flash Cannon|p2a: Glimmora\n|-activate|p2a: Glimmora|move: Protect\n|move|p2b: Garganacl|Iron Defense|p2b: Garganacl\n|-boost|p2b: Garganacl|def|2\n|\n|-heal|p2b: Garganacl|38\/100|[from] item: Leftovers\n|-damage|p1b: Kleavor|34\/100 psn|[from] psn\n|-damage|p1a: Kommo-o|21\/100|[from] Salt Cure\n|upkeep\n|turn|8\n|\n|t:|1699816936\n|move|p1b: Kleavor|Close Combat|p2b: Garganacl\n|-supereffective|p2b: Garganacl\n|-damage|p2b: Garganacl|19\/100\n|-unboost|p1b: Kleavor|def|1\n|-unboost|p1b: Kleavor|spd|1\n|move|p1a: Kommo-o|Flash Cannon|p2a: Glimmora\n|-supereffective|p2a: Glimmora\n|-damage|p2a: Glimmora|0 fnt\n|faint|p2a: Glimmora\n|move|p2b: Garganacl|Recover|p2b: Garganacl\n|-heal|p2b: Garganacl|69\/100\n|\n|-heal|p2b: Garganacl|75\/100|[from] item: Leftovers\n|-damage|p1b: Kleavor|22\/100 psn|[from] psn\n|-damage|p1a: Kommo-o|0 fnt|[from] Salt Cure\n|faint|p1a: Kommo-o\n|upkeep\n|inactive|TheBeast251 has 30 seconds left.\n|inactive|TheBeast251 has 20 seconds left.\n|inactive|TheBeast251 has 15 seconds left.\n|inactive|TheBeast251 has 10 seconds left.\n|inactive|TheBeast251 has 5 seconds left.\n|\n|t:|1699816991\n|switch|p2a: Grimmsnarl|Grimmsnarl, L50, M|27\/100 brn\n|switch|p1a: Arcanine|Arcanine, L50, F, shiny|73\/100 psn\n|-damage|p1a: Arcanine|48\/100 psn|[from] Stealth Rock\n|-ability|p1a: Arcanine|Intimidate|boost\n|-unboost|p2a: Grimmsnarl|atk|1\n|-unboost|p2b: Garganacl|atk|1\n|turn|9\n|inactive|TheBeast251 has 30 seconds left.\n|\n|t:|1699817022\n|move|p2a: Grimmsnarl|Fake Out|p1b: Kleavor\n|-resisted|p1b: Kleavor\n|-damage|p1b: Kleavor|17\/100 psn\n|cant|p1b: Kleavor|flinch\n|move|p1a: Arcanine|Morning Sun|p1a: Arcanine\n|-heal|p1a: Arcanine|98\/100 psn\n|move|p2b: Garganacl|Body Press|p1a: Arcanine\n|-damage|p1a: Arcanine|56\/100 psn\n|\n|-heal|p2b: Garganacl|81\/100|[from] item: Leftovers\n|-damage|p1b: Kleavor|5\/100 psn|[from] psn\n|-damage|p1a: Arcanine|43\/100 psn|[from] psn\n|-damage|p2a: Grimmsnarl|21\/100 brn|[from] brn\n|-sideend|p2: ptitbelliveau|move: Light Screen\n|upkeep\n|turn|10\n|\n|t:|1699817041\n|move|p2a: Grimmsnarl|Parting Shot|p1a: Arcanine\n|-unboost|p1a: Arcanine|atk|1\n|-unboost|p1a: Arcanine|spa|1\n|\n|t:|1699817045\n|switch|p2a: Azumarill|Azumarill, L50, F|100\/100|[from] Parting Shot\n|move|p1b: Kleavor|Close Combat|p2b: Garganacl\n|-supereffective|p2b: Garganacl\n|-damage|p2b: Garganacl|60\/100\n|-unboost|p1b: Kleavor|def|1\n|-unboost|p1b: Kleavor|spd|1\n|move|p1a: Arcanine|Flamethrower|p2b: Garganacl\n|-supereffective|p2b: Garganacl\n|-damage|p2b: Garganacl|28\/100\n|move|p2b: Garganacl|Salt Cure|p1a: Arcanine\n|-supereffective|p1a: Arcanine\n|-damage|p1a: Arcanine|25\/100 psn\n|-start|p1a: Arcanine|Salt Cure\n|\n|-heal|p2b: Garganacl|34\/100|[from] item: Leftovers\n|-damage|p1b: Kleavor|0 fnt|[from] psn\n|faint|p1b: Kleavor\n|-damage|p1a: Arcanine|13\/100 psn|[from] psn\n|-damage|p1a: Arcanine|1\/100 psn|[from] Salt Cure\n|-sideend|p2: ptitbelliveau|Reflect\n|upkeep\n|turn|11\n|\n|t:|1699817066\n|move|p2a: Azumarill|Aqua Jet|p1a: Arcanine\n|-supereffective|p1a: Arcanine\n|-damage|p1a: Arcanine|0 fnt\n|faint|p1a: Arcanine\n|\n|win|ptitbelliveau\n|raw|TheBeast251's rating: 1024 &rarr; <strong>1015<\/strong><br \/>(-9 for losing)\n|raw|ptitbelliveau's rating: 1144 &rarr; <strong>1161<\/strong><br \/>(+17 for winning)\n|n|!TheBeast251|thebeast251\n","uploadtime":1699816893,"views":8,"p1id":"thebeast251","p2id":"ptitbelliveau","formatid":"gen9vgc2023regulatione","rating":1015,"private":0,"password":""}