{"id":"gen9vgc2023regulatione-1998132479","p1":"drmsang","p2":"Rhyperrier","format":"[Gen 9] VGC 2023 Regulation E","log":"|j|\u2606drmsang\n|j|\u2606Rhyperrier\n|t:|1700897379\n|gametype|doubles\n|player|p1|drmsang|102|1127\n|player|p2|Rhyperrier|rye|1127\n|teamsize|p1|6\n|teamsize|p2|6\n|gen|9\n|tier|[Gen 9] VGC 2023 Regulation E\n|rated|\n|rule|Species Clause: Limit one of each Pok\u00e9mon\n|rule|Item Clause: Limit one of each item\n|clearpoke\n|poke|p1|Clodsire, L50, M|\n|poke|p1|Koffing, L50, M|\n|poke|p1|Arboliva, L50, M|\n|poke|p1|Skuntank, L50, M|\n|poke|p1|Sneasler, L50, M|\n|poke|p1|Munkidori, L50, M|\n|poke|p2|Arcanine, L50, M|\n|poke|p2|Palafin, L50, M|\n|poke|p2|Sylveon, L50, F|\n|poke|p2|Amoonguss, L50, M|\n|poke|p2|Chien-Pao, L50|\n|poke|p2|Dragapult, L50, M|\n|teampreview|4\n|inactive|Battle timer is ON: inactive players will automatically lose when time's up. (requested by Rhyperrier)\n|inactive|drmsang has 60 seconds left.\n|\n|t:|1700897417\n|start\n|switch|p1a: Skuntank|Skuntank, L50, M|100\/100\n|switch|p1b: Munkidori|Munkidori, L50, M|100\/100\n|switch|p2a: Drake Album|Arcanine, L50, M|100\/100\n|switch|p2b: Palafin|Palafin, L50, M|100\/100\n|-ability|p2a: Drake Album|Intimidate|boost\n|-unboost|p1a: Skuntank|atk|1\n|-unboost|p1b: Munkidori|atk|1\n|turn|1\n|inactive|drmsang has 30 seconds left.\n|inactive|drmsang has 20 seconds left.\n|\n|t:|1700897453\n|detailschange|p2b: Palafin|Palafin-Hero, L50, M\n|switch|p2b: Dragapult|Dragapult, L50, M, shiny|100\/100\n|move|p1a: Skuntank|Protect|p1a: Skuntank\n|-singleturn|p1a: Skuntank|Protect\n|move|p1b: Munkidori|U-turn|p2b: Dragapult\n|-resisted|p2b: Dragapult\n|-crit|p2b: Dragapult\n|-damage|p2b: Dragapult|90\/100\n|\n|t:|1700897464\n|switch|p1b: Arboliva|Arboliva, L50, M|100\/100|[from] U-turn\n|move|p2a: Drake Album|Will-O-Wisp|p1a: Skuntank\n|-activate|p1a: Skuntank|move: Protect\n|\n|upkeep\n|turn|2\n|\n|t:|1700897479\n|switch|p1a: Munkidori|Munkidori, L50, M|100\/100\n|-terastallize|p1b: Arboliva|Fairy\n|move|p2b: Dragapult|Will-O-Wisp|p1a: Munkidori\n|-status|p1a: Munkidori|brn\n|move|p2a: Drake Album|Flare Blitz|p1b: Arboliva\n|-damage|p1b: Arboliva|53\/100\n|-fieldstart|move: Grassy Terrain|[from] ability: Seed Sower|[of] p1b: Arboliva\n|-damage|p2a: Drake Album|86\/100|[from] Recoil\n|move|p1b: Arboliva|Earth Power|p2a: Drake Album\n|-supereffective|p2a: Drake Album\n|-damage|p2a: Drake Album|37\/100\n|-unboost|p2a: Drake Album|spd|1\n|\n|-heal|p2b: Dragapult|96\/100|[from] Grassy Terrain\n|-heal|p2a: Drake Album|43\/100|[from] Grassy Terrain\n|-heal|p1b: Arboliva|59\/100|[from] Grassy Terrain\n|-damage|p1a: Munkidori|94\/100 brn|[from] brn\n|upkeep\n|turn|3\n|inactive|drmsang has 30 seconds left.\n|\n|t:|1700897513\n|move|p2b: Dragapult|Hex|p1a: Munkidori\n|-supereffective|p1a: Munkidori\n|-damage|p1a: Munkidori|17\/100 brn\n|-enditem|p1a: Munkidori|Sitrus Berry|[eat]\n|-heal|p1a: Munkidori|42\/100 brn|[from] item: Sitrus Berry\n|move|p1a: Munkidori|Parting Shot|p2b: Dragapult\n|-unboost|p2b: Dragapult|atk|1\n|-unboost|p2b: Dragapult|spa|1\n|\n|t:|1700897521\n|switch|p1a: Skuntank|Skuntank, L50, M|100\/100|[from] Parting Shot\n|move|p2a: Drake Album|Will-O-Wisp|p1b: Arboliva|[miss]\n|-miss|p2a: Drake Album|p1b: Arboliva\n|move|p1b: Arboliva|Dazzling Gleam|p2a: Drake Album|[spread] p2a,p2b\n|-resisted|p2a: Drake Album\n|-supereffective|p2b: Dragapult\n|-crit|p2b: Dragapult\n|-damage|p2a: Drake Album|25\/100\n|-damage|p2b: Dragapult|0 fnt\n|faint|p2b: Dragapult\n|\n|-heal|p2a: Drake Album|32\/100|[from] Grassy Terrain\n|-heal|p1b: Arboliva|65\/100|[from] Grassy Terrain\n|upkeep\n|\n|t:|1700897530\n|switch|p2b: Chien-Pao|Chien-Pao, L50|100\/100\n|-ability|p2b: Chien-Pao|Sword of Ruin\n|turn|4\n|inactive|drmsang has 30 seconds left.\n|inactive|Rhyperrier has 30 seconds left.\n|\n|t:|1700897558\n|-terastallize|p2b: Chien-Pao|Dark\n|move|p1a: Skuntank|Sucker Punch|p2b: Chien-Pao\n|-resisted|p2b: Chien-Pao\n|-damage|p2b: Chien-Pao|79\/100\n|move|p2b: Chien-Pao|Psychic Fangs|p1b: Arboliva\n|-damage|p1b: Arboliva|15\/100\n|-damage|p2b: Chien-Pao|70\/100|[from] item: Life Orb\n|move|p2a: Drake Album|Will-O-Wisp|p1a: Skuntank\n|-status|p1a: Skuntank|brn\n|move|p1b: Arboliva|Dazzling Gleam|p2b: Chien-Pao|[spread] p2a,p2b\n|-resisted|p2a: Drake Album\n|-supereffective|p2b: Chien-Pao\n|-damage|p2a: Drake Album|13\/100\n|-damage|p2b: Chien-Pao|0 fnt\n|faint|p2b: Chien-Pao\n|\n|-heal|p2a: Drake Album|19\/100|[from] Grassy Terrain\n|-heal|p1b: Arboliva|21\/100|[from] Grassy Terrain\n|-damage|p1a: Skuntank|94\/100 brn|[from] brn\n|upkeep\n|\n|t:|1700897570\n|switch|p2b: Palafin|Palafin-Hero, L50, M|100\/100\n|-activate|p2b: Palafin|ability: Zero to Hero\n|turn|5\n|inactive|Rhyperrier has 30 seconds left.\n|\n|t:|1700897595\n|switch|p1b: Munkidori|Munkidori, L50, M|42\/100 brn\n|move|p1a: Skuntank|Sucker Punch|p2a: Drake Album\n|-damage|p2a: Drake Album|3\/100\n|move|p2b: Palafin|Wave Crash|p1a: Skuntank\n|-damage|p1a: Skuntank|0 fnt\n|faint|p1a: Skuntank\n|-damage|p2b: Palafin|63\/100|[from] Recoil\n|move|p2a: Drake Album|Flare Blitz|p1b: Munkidori\n|-damage|p1b: Munkidori|0 fnt\n|faint|p1b: Munkidori\n|-damage|p2a: Drake Album|0 fnt|[from] Recoil\n|faint|p2a: Drake Album\n|\n|-heal|p2b: Palafin|69\/100|[from] Grassy Terrain\n|upkeep\n|\n|t:|1700897614\n|switch|p1b: Sneasler|Sneasler, L50, M|100\/100\n|switch|p1a: Arboliva|Arboliva, L50, M, tera:Fairy|21\/100\n|turn|6\n|\n|t:|1700897624\n|move|p1b: Sneasler|Fake Out|p2b: Palafin\n|-damage|p2b: Palafin|55\/100\n|cant|p2b: Palafin|flinch\n|move|p1a: Arboliva|Giga Drain|p2b: Palafin\n|-supereffective|p2b: Palafin\n|-damage|p2b: Palafin|0 fnt\n|-heal|p1a: Arboliva|47\/100|[from] drain|[of] p2b: Palafin\n|faint|p2b: Palafin\n|\n|win|drmsang\n|raw|drmsang's rating: 1127 &rarr; <strong>1152<\/strong><br \/>(+25 for winning)\n|raw|Rhyperrier's rating: 1127 &rarr; <strong>1102<\/strong><br \/>(-25 for losing)\n|l|\u2606Rhyperrier\n","uploadtime":1700897644,"views":10,"p1id":"drmsang","p2id":"rhyperrier","formatid":"gen9vgc2023regulatione","rating":1102,"private":0,"password":""}