{"id":"gen9vgc2023regulatione-1992868042","p1":"pabloresti","p2":"HoraceDPinpsqueak","format":"[Gen 9] VGC 2023 Regulation E","log":"|j|\u2606pabloresti\n|j|\u2606HoraceDPinpsqueak\n|t:|1700242388\n|gametype|doubles\n|player|p1|pabloresti|169|1266\n|player|p2|HoraceDPinpsqueak|wallace|1318\n|teamsize|p1|6\n|teamsize|p2|6\n|gen|9\n|tier|[Gen 9] VGC 2023 Regulation E\n|rated|\n|rule|Species Clause: Limit one of each Pok\u00e9mon\n|rule|Item Clause: Limit one of each item\n|clearpoke\n|poke|p1|Baxcalibur, L50, F|\n|poke|p1|Cetitan, L50, M|\n|poke|p1|Bellibolt, L50, M|\n|poke|p1|Oranguru, L50, F|\n|poke|p1|Amoonguss, L50, M|\n|poke|p1|Ninetales-Alola, L50, F|\n|poke|p2|Grimmsnarl, L50, M|\n|poke|p2|Goodra-Hisui, L50, F|\n|poke|p2|Ogerpon-Hearthflame, L50, F|\n|poke|p2|Flutter Mane, L50|\n|poke|p2|Gothitelle, L50, F|\n|poke|p2|Rillaboom, L50, M|\n|teampreview|4\n|inactive|Battle timer is ON: inactive players will automatically lose when time's up. (requested by HoraceDPinpsqueak)\n|inactive|HoraceDPinpsqueak has 60 seconds left.\n|\n|t:|1700242428\n|start\n|switch|p1a: Oranguru|Oranguru, L50, F|100\/100\n|switch|p1b: Bellibolt|Bellibolt, L50, M|100\/100\n|switch|p2a: Grimmsnarl|Grimmsnarl, L50, M|100\/100\n|switch|p2b: Ogerpon|Ogerpon-Hearthflame, L50, F|100\/100\n|-ability|p2b: Ogerpon|Mold Breaker\n|turn|1\n|\n|t:|1700242440\n|move|p1b: Bellibolt|Protect|p1b: Bellibolt\n|-singleturn|p1b: Bellibolt|Protect\n|move|p2a: Grimmsnarl|Light Screen|p2a: Grimmsnarl\n|-sidestart|p2: HoraceDPinpsqueak|move: Light Screen\n|move|p2b: Ogerpon|Focus Energy|p2b: Ogerpon\n|-start|p2b: Ogerpon|move: Focus Energy\n|move|p1a: Oranguru|Trick Room|p1a: Oranguru\n|-fieldstart|move: Trick Room|[of] p1a: Oranguru\n|\n|upkeep\n|turn|2\n|\n|t:|1700242461\n|-terastallize|p1b: Bellibolt|Electric\n|-terastallize|p2b: Ogerpon|Fire\n|detailschange|p2b: Ogerpon|Ogerpon-Hearthflame-Tera, L50, F, tera:Fire\n|-ability|p2b: Ogerpon|Embody Aspect (Hearthflame)|boost\n|-boost|p2b: Ogerpon|atk|1\n|move|p2a: Grimmsnarl|Scary Face|p2b: Ogerpon\n|-unboost|p2b: Ogerpon|spe|2\n|move|p1a: Oranguru|Bulldoze|p2b: Ogerpon|[spread] p1b,p2a,p2b\n|-supereffective|p1b: Bellibolt\n|-supereffective|p2b: Ogerpon\n|-damage|p1b: Bellibolt|92\/100\n|-damage|p2a: Grimmsnarl|94\/100\n|-damage|p2b: Ogerpon|84\/100\n|-unboost|p1b: Bellibolt|spe|1\n|-unboost|p2a: Grimmsnarl|spe|1\n|-unboost|p2b: Ogerpon|spe|1\n|-start|p1b: Bellibolt|Charge|Bulldoze|[from] ability: Electromorphosis\n|-enditem|p1b: Bellibolt|Weakness Policy\n|-boost|p1b: Bellibolt|atk|2|[from] item: Weakness Policy\n|-boost|p1b: Bellibolt|spa|2|[from] item: Weakness Policy\n|move|p1b: Bellibolt|Discharge|p2b: Ogerpon|[spread] p2a,p2b\n|-activate|p1a: Oranguru|ability: Telepathy\n|-damage|p2a: Grimmsnarl|25\/100\n|-damage|p2b: Ogerpon|5\/100\n|-end|p1b: Bellibolt|Charge|[silent]\n|move|p2b: Ogerpon|Ivy Cudgel|p1b: Bellibolt|[anim] Ivy Cudgel Fire\n|-crit|p1b: Bellibolt\n|-damage|p1b: Bellibolt|0 fnt\n|faint|p1b: Bellibolt\n|\n|upkeep\n|\n|t:|1700242486\n|switch|p1b: Baxcalibur|Baxcalibur, L50, F|100\/100\n|turn|3\n|\n|t:|1700242503\n|move|p2a: Grimmsnarl|Scary Face|p2b: Ogerpon\n|-unboost|p2b: Ogerpon|spe|2\n|move|p2b: Ogerpon|Ivy Cudgel|p1b: Baxcalibur|[anim] Ivy Cudgel Fire\n|-crit|p1b: Baxcalibur\n|-damage|p1b: Baxcalibur|0 fnt\n|faint|p1b: Baxcalibur\n|move|p1a: Oranguru|Bulldoze|p2a: Grimmsnarl|[spread] p2a,p2b\n|-supereffective|p2b: Ogerpon\n|-damage|p2a: Grimmsnarl|18\/100\n|-damage|p2b: Ogerpon|0 fnt\n|-unboost|p2a: Grimmsnarl|spe|1\n|faint|p2b: Ogerpon\n|\n|upkeep\n|\n|t:|1700242515\n|switch|p1b: Amoonguss|Amoonguss, L50, M|100\/100\n|switch|p2b: Rillaboom|Rillaboom, L50, M|100\/100\n|-fieldstart|move: Grassy Terrain|[from] ability: Grassy Surge|[of] p2b: Rillaboom\n|turn|4\n|inactive|HoraceDPinpsqueak has 30 seconds left.\n|\n|t:|1700242542\n|move|p2a: Grimmsnarl|Reflect|p2a: Grimmsnarl\n|-sidestart|p2: HoraceDPinpsqueak|Reflect\n|move|p1b: Amoonguss|Clear Smog|p2b: Rillaboom\n|-supereffective|p2b: Rillaboom\n|-damage|p2b: Rillaboom|79\/100\n|-clearboost|p2b: Rillaboom\n|move|p1a: Oranguru|Energy Ball|p2a: Grimmsnarl\n|-damage|p2a: Grimmsnarl|3\/100\n|move|p2b: Rillaboom|Wood Hammer|p1a: Oranguru\n|-damage|p1a: Oranguru|19\/100\n|-damage|p2b: Rillaboom|55\/100|[from] Recoil\n|\n|-heal|p2a: Grimmsnarl|9\/100|[from] Grassy Terrain\n|-heal|p1a: Oranguru|25\/100|[from] Grassy Terrain\n|-heal|p2b: Rillaboom|61\/100|[from] Grassy Terrain\n|upkeep\n|turn|5\n|inactive|HoraceDPinpsqueak has 30 seconds left.\n|\n|t:|1700242569\n|move|p2a: Grimmsnarl|Parting Shot|p1b: Amoonguss\n|-unboost|p1b: Amoonguss|atk|1\n|-unboost|p1b: Amoonguss|spa|1\n|\n|t:|1700242573\n|switch|p2a: Goodra|Goodra-Hisui, L50, F|100\/100|[from] Parting Shot\n|move|p2b: Rillaboom|Grassy Glide|p1a: Oranguru\n|-damage|p1a: Oranguru|0 fnt\n|faint|p1a: Oranguru\n|move|p1b: Amoonguss|Clear Smog|p2b: Rillaboom\n|-supereffective|p2b: Rillaboom\n|-damage|p2b: Rillaboom|43\/100\n|-clearboost|p2b: Rillaboom\n|\n|-heal|p2b: Rillaboom|49\/100|[from] Grassy Terrain\n|-fieldend|move: Trick Room\n|upkeep\n|turn|6\n|inactive|pabloresti has 30 seconds left.\n|\n|t:|1700242607\n|move|p2b: Rillaboom|Wood Hammer|p1b: Amoonguss\n|-resisted|p1b: Amoonguss\n|-damage|p1b: Amoonguss|79\/100\n|-damage|p2b: Rillaboom|33\/100|[from] item: Rocky Helmet|[of] p1b: Amoonguss\n|-damage|p2b: Rillaboom|25\/100|[from] Recoil\n|move|p2a: Goodra|Life Dew||[still]|[spread] p2a,p2b\n|-fail|p2a: Goodra|heal\n|-heal|p2b: Rillaboom|50\/100\n|move|p1b: Amoonguss|Clear Smog|p2b: Rillaboom\n|-supereffective|p2b: Rillaboom\n|-damage|p2b: Rillaboom|33\/100\n|-clearboost|p2b: Rillaboom\n|\n|-heal|p2b: Rillaboom|39\/100|[from] Grassy Terrain\n|-heal|p1b: Amoonguss|85\/100|[from] Grassy Terrain\n|upkeep\n|turn|7\n|\n|t:|1700242629\n|move|p2b: Rillaboom|Protect|p2b: Rillaboom\n|-singleturn|p2b: Rillaboom|Protect\n|move|p2a: Goodra|Acid Armor|p2a: Goodra\n|-boost|p2a: Goodra|def|2\n|move|p1b: Amoonguss|Clear Smog|p2b: Rillaboom\n|-activate|p2b: Rillaboom|move: Protect\n|\n|-heal|p2b: Rillaboom|44\/100|[from] Grassy Terrain\n|-heal|p1b: Amoonguss|91\/100|[from] Grassy Terrain\n|upkeep\n|turn|8\n|-message|pabloresti forfeited.\n|\n|win|HoraceDPinpsqueak\n|raw|pabloresti's rating: 1266 &rarr; <strong>1245<\/strong><br \/>(-21 for losing)\n|raw|HoraceDPinpsqueak's rating: 1318 &rarr; <strong>1335<\/strong><br \/>(+17 for winning)\n|l|\u2606pabloresti\n","uploadtime":1700242662,"views":17,"p1id":"pabloresti","p2id":"horacedpinpsqueak","formatid":"gen9vgc2023regulatione","rating":1245,"private":0,"password":""}