{"id":"gen9vgc2023regulatione-1988604119","p1":"Stryke Out","p2":"Berrybeans","format":"[Gen 9] VGC 2023 Regulation E","log":"|j|\u2606Stryke Out\n|j|\u2606Berrybeans\n|n|\u2606Stryke Out|strykeout\n|n|\u2606Berrybeans|berrybeans\n|html|View the match progress at <a href=\"\/game-bestof3-gen9vgc2023regulatione-1988600415\">game-bestof3-gen9vgc2023regulatione-1988600415<\/a>\n|t:|1699740989\n|gametype|doubles\n|player|p1|Stryke Out|2|\n|player|p2|Berrybeans|candice|\n|teamsize|p1|6\n|teamsize|p2|6\n|gen|9\n|tier|[Gen 9] VGC 2023 Regulation E\n|rule|Species Clause: Limit one of each Pok\u00e9mon\n|rule|Item Clause: Limit one of each item\n|clearpoke\n|poke|p1|Salazzle, L50, F|\n|poke|p1|Copperajah, L50, M|\n|poke|p1|Clefable, L50, F|\n|poke|p1|Kilowattrel, L50, F|\n|poke|p1|Ting-Lu, L50|\n|poke|p1|Baxcalibur, L50, F|\n|poke|p2|Kommo-o, L50, M|\n|poke|p2|Tinkaton, L50, F|\n|poke|p2|Sinistcha, L50|\n|poke|p2|Moltres, L50|\n|poke|p2|Tauros-Paldea-Aqua, L50, M|\n|poke|p2|Magnezone, L50|\n|teampreview|4\n|inactive|Battle timer is ON: inactive players will automatically lose when time's up. (requested by Berrybeans)\n|j| FuratBang\n|inactive|Stryke Out has 60 seconds left.\n|inactive|Berrybeans has 60 seconds left.\n|inactiveoff|Battle timer is now OFF.\n|j| Jstardude\n|\n|t:|1699741090\n|start\n|switch|p1a: Salazzle|Salazzle, L50, F, shiny|100\/100\n|switch|p1b: Ting-Lu|Ting-Lu, L50|100\/100\n|switch|p2a: Tauros|Tauros-Paldea-Aqua, L50, M|100\/100\n|switch|p2b: Tinkaton|Tinkaton, L50, F|100\/100\n|-ability|p2a: Tauros|Intimidate|boost\n|-fail|p1a: Salazzle|unboost|Attack|[from] ability: Oblivious|[of] p1a: Salazzle\n|-fail|p1b: Ting-Lu|unboost|[from] item: Clear Amulet|[of] p1b: Ting-Lu\n|-ability|p2b: Tinkaton|Mold Breaker\n|-ability|p1b: Ting-Lu|Vessel of Ruin\n|turn|1\n|\n|t:|1699741136\n|move|p1b: Ting-Lu|Protect|p1b: Ting-Lu\n|-singleturn|p1b: Ting-Lu|Protect\n|move|p1a: Salazzle|Fake Out|p2a: Tauros\n|-damage|p2a: Tauros|94\/100\n|move|p2b: Tinkaton|Fake Out|p1b: Ting-Lu\n|-activate|p1b: Ting-Lu|move: Protect\n|cant|p2a: Tauros|flinch\n|\n|upkeep\n|turn|2\n|\n|t:|1699741186\n|switch|p1a: Kilowattrel|Kilowattrel, L50, F|100\/100\n|-terastallize|p1b: Ting-Lu|Ghost\n|move|p2a: Tauros|Wave Crash|p1a: Kilowattrel\n|-enditem|p1a: Kilowattrel|Focus Sash\n|-damage|p1a: Kilowattrel|1\/100\n|-damage|p2a: Tauros|61\/100|[from] Recoil\n|move|p2b: Tinkaton|Encore|p1b: Ting-Lu\n|-start|p1b: Ting-Lu|Encore\n|move|p1b: Ting-Lu|Protect||[still]\n|-fail|p1b: Ting-Lu\n|\n|upkeep\n|turn|3\n|c| FuratBang|dirty\n|\n|t:|1699741207\n|switch|p1a: Clefable|Clefable, L50, F, shiny|100\/100\n|switch|p2a: Magnezone|Magnezone, L50|100\/100\n|switch|p1b: Salazzle|Salazzle, L50, F, shiny|100\/100\n|move|p2b: Tinkaton|Gigaton Hammer|p1a: Clefable\n|-supereffective|p1a: Clefable\n|-crit|p1a: Clefable\n|-damage|p1a: Clefable|0 fnt\n|faint|p1a: Clefable\n|\n|upkeep\n|\n|t:|1699741220\n|switch|p1a: Ting-Lu|Ting-Lu, L50, tera:Ghost|100\/100\n|-ability|p1a: Ting-Lu|Vessel of Ruin\n|turn|4\n|\n|t:|1699741243\n|switch|p1b: Kilowattrel|Kilowattrel, L50, F|1\/100\n|switch|p2a: Tauros|Tauros-Paldea-Aqua, L50, M|61\/100\n|-ability|p2a: Tauros|Intimidate|boost\n|-fail|p1a: Ting-Lu|unboost|[from] item: Clear Amulet|[of] p1a: Ting-Lu\n|-unboost|p1b: Kilowattrel|atk|1\n|-ability|p1b: Kilowattrel|Competitive|boost\n|-boost|p1b: Kilowattrel|spa|2\n|move|p2b: Tinkaton|Thunder Wave|p1b: Kilowattrel\n|-immune|p1b: Kilowattrel\n|move|p1a: Ting-Lu|Earthquake|p2a: Tauros|[spread] p2a,p2b\n|-immune|p1b: Kilowattrel\n|-supereffective|p2b: Tinkaton\n|-damage|p2a: Tauros|16\/100\n|-damage|p2b: Tinkaton|24\/100\n|-enditem|p2b: Tinkaton|Sitrus Berry|[eat]\n|-heal|p2b: Tinkaton|49\/100|[from] item: Sitrus Berry\n|\n|upkeep\n|turn|5\n|\n|t:|1699741267\n|switch|p2b: Sinistcha|Sinistcha, L50|100\/100\n|-heal|p2a: Tauros|41\/100|[from] ability: Hospitality|[of] p2b: Sinistcha\n|move|p1b: Kilowattrel|Protect|p1b: Kilowattrel\n|-singleturn|p1b: Kilowattrel|Protect\n|move|p2a: Tauros|Aqua Jet|p1b: Kilowattrel\n|-activate|p1b: Kilowattrel|move: Protect\n|move|p1a: Ting-Lu|Earthquake|p2b: Sinistcha|[spread] p2a,p2b\n|-activate|p1b: Kilowattrel|move: Protect\n|-resisted|p2b: Sinistcha\n|-damage|p2a: Tauros|0 fnt\n|-damage|p2b: Sinistcha|81\/100\n|faint|p2a: Tauros\n|\n|upkeep\n|\n|t:|1699741276\n|switch|p2a: Tinkaton|Tinkaton, L50, F|49\/100\n|-ability|p2a: Tinkaton|Mold Breaker\n|turn|6\n|c| FuratBang|bird goes brrr\n|\n|t:|1699741307\n|switch|p1b: Salazzle|Salazzle, L50, F, shiny|100\/100\n|move|p2a: Tinkaton|Fake Out|p1b: Salazzle\n|-damage|p1b: Salazzle|86\/100\n|move|p2b: Sinistcha|Strength Sap|p1a: Ting-Lu\n|-fail|p1a: Ting-Lu|unboost|[from] item: Clear Amulet|[of] p1a: Ting-Lu\n|-heal|p2b: Sinistcha|100\/100\n|move|p1a: Ting-Lu|Earthquake|p2b: Sinistcha|[spread] p1b,p2a,p2b\n|-supereffective|p1b: Salazzle\n|-supereffective|p2a: Tinkaton\n|-resisted|p2b: Sinistcha\n|-damage|p1b: Salazzle|0 fnt\n|-damage|p2a: Tinkaton|0 fnt\n|-damage|p2b: Sinistcha|82\/100\n|faint|p1b: Salazzle\n|faint|p2a: Tinkaton\n|\n|upkeep\n|\n|t:|1699741322\n|switch|p1b: Kilowattrel|Kilowattrel, L50, F|1\/100\n|switch|p2a: Magnezone|Magnezone, L50|100\/100\n|turn|7\n|\n|t:|1699741349\n|-terastallize|p2b: Sinistcha|Fire\n|move|p1b: Kilowattrel|Tailwind|p1b: Kilowattrel\n|-sidestart|p1: Stryke Out|move: Tailwind\n|move|p1a: Ting-Lu|Earthquake|p2b: Sinistcha|[spread] p2a,p2b\n|-immune|p1b: Kilowattrel\n|-supereffective|p2a: Magnezone\n|-supereffective|p2b: Sinistcha\n|-damage|p2a: Magnezone|0 fnt\n|-damage|p2b: Sinistcha|11\/100\n|faint|p2a: Magnezone\n|move|p2b: Sinistcha|Matcha Gotcha|p1b: Kilowattrel|[spread] p1a,p1b\n|-resisted|p1b: Kilowattrel\n|-damage|p1a: Ting-Lu|85\/100\n|-heal|p2b: Sinistcha|22\/100|[from] drain|[of] p1a: Ting-Lu\n|-damage|p1b: Kilowattrel|0 fnt\n|-heal|p2b: Sinistcha|23\/100|[from] drain|[of] p1b: Kilowattrel\n|faint|p1b: Kilowattrel\n|\n|upkeep\n|turn|8\n|\n|t:|1699741363\n|move|p1a: Ting-Lu|Earthquake|p2b: Sinistcha\n|-supereffective|p2b: Sinistcha\n|-damage|p2b: Sinistcha|0 fnt\n|faint|p2b: Sinistcha\n|\n|win|Stryke Out\n|c|\u2606Stryke Out|gg\n|c|\u2606Berrybeans|gg\n|c|&|\/uhtml prompt-berrybeans,Berrybeans is ready for game 3!\n|c|&|\/uhtml prompt-strykeout,Stryke Out is ready for game 3!\nBoth players are ready! Starting next match!\n|l| FuratBang\n","uploadtime":1699741740,"views":44,"p1id":"strykeout","p2id":"berrybeans","formatid":"gen9vgc2023regulatione","rating":0,"private":0,"password":""}