{"id":"gen9vgc2023regulatione-1989425313","p1":"BrokenFairyKing","p2":"mofonguero","format":"[Gen 9] VGC 2023 Regulation E","log":"|j|\u2606BrokenFairyKing\n|j|\u2606mofonguero\n|n|\u2606BrokenFairyKing|brokenfairyking\n|n|\u2606mofonguero|mofonguero\n|html|View the match progress at <a href=\"\/game-bestof3-gen9vgc2023regulatione-1989423427\">game-bestof3-gen9vgc2023regulatione-1989423427<\/a>\n|t:|1699848641\n|gametype|doubles\n|player|p1|BrokenFairyKing|harlequin|\n|player|p2|mofonguero|waiter|\n|teamsize|p1|6\n|teamsize|p2|6\n|gen|9\n|tier|[Gen 9] VGC 2023 Regulation E\n|rule|Species Clause: Limit one of each Pok\u00e9mon\n|rule|Item Clause: Limit one of each item\n|clearpoke\n|poke|p1|Ursaluna-Bloodmoon, L50, M|\n|poke|p1|Oranguru, L50, F|\n|poke|p1|Dusclops, L50, M|\n|poke|p1|Ogerpon-Wellspring, L50, F|\n|poke|p1|Trevenant, L50, F|\n|poke|p1|Iron Hands, L50|\n|poke|p2|Ninetales-Alola, L50, M|\n|poke|p2|Baxcalibur, L50, F|\n|poke|p2|Rillaboom, L50, F|\n|poke|p2|Ogerpon-Wellspring, L50, F|\n|poke|p2|Heatran, L50, M|\n|poke|p2|Flutter Mane, L50|\n|teampreview|4\n|inactive|Battle timer is ON: inactive players will automatically lose when time's up. (requested by mofonguero)\n|inactive|BrokenFairyKing also wants the timer to be on.\nBrokenFairyKing has agreed to open team sheets.\nmofonguero has agreed to open team sheets.\n|showteam|p1|Ursaluna-Bloodmoon||SilkScarf|MindsEye|BloodMoon,HyperVoice,EarthPower,Protect|||M|||50|,,,,,Normal]Oranguru||MentalHerb|InnerFocus|TrickRoom,Instruct,Psychic,Taunt|||F|||50|,,,,,Fairy]Dusclops||Eviolite|Pressure|PainSplit,NightShade,TrickRoom,WillOWisp|||M|||50|,,,,,Ghost]Ogerpon-Wellspring||WellspringMask|WaterAbsorb|HornLeech,IvyCudgel,SpikyShield,FollowMe|||F|||50|,,,,,Water]Trevenant||SitrusBerry|Harvest|HornLeech,ShadowClaw,TrickRoom,WillOWisp|||F|||50|,,,,,Fire]Iron Hands||AssaultVest|QuarkDrive|FakeOut,DrainPunch,WildCharge,HeavySlam||||||50|,,,,,Fire\n|showteam|p2|Ninetales-Alola||LightClay|SnowWarning|Protect,IcyWind,AuroraVeil,Moonblast|||M|||50|,,,,,Water]Baxcalibur||LoadedDice|IceBody|IcicleSpear,ScaleShot,SwordsDance,Protect|||F|||50|,,,,,Poison]Rillaboom||AssaultVest|GrassySurge|WoodHammer,FakeOut,GrassyGlide,Uturn|||F|||50|,,,,,Fire]Ogerpon-Wellspring||WellspringMask|WaterAbsorb|IvyCudgel,HornLeech,FollowMe,SpikyShield|||F|||50|,,,,,Water]Heatran||Leftovers|FlashFire|Protect,HeatWave,Substitute,EarthPower|||M|||50|,,,,,Fairy]Flutter Mane||BoosterEnergy|Protosynthesis|IcyWind,Moonblast,ShadowBall,Protect||||||50|,,,,,Fairy\n|\n|t:|1699848678\n|start\n|switch|p1a: Dusclops|Dusclops, L50, M|100\/100\n|switch|p1b: Iron Hands|Iron Hands, L50|100\/100\n|switch|p2a: Rillaboom|Rillaboom, L50, F|100\/100\n|switch|p2b: Ogerpon|Ogerpon-Wellspring, L50, F|100\/100\n|-fieldstart|move: Grassy Terrain|[from] ability: Grassy Surge|[of] p2a: Rillaboom\n|-ability|p1a: Dusclops|Pressure\n|turn|1\n|inactive|BrokenFairyKing has 30 seconds left.\n|inactive|mofonguero has 30 seconds left.\n|\n|t:|1699848713\n|move|p2a: Rillaboom|Fake Out|p1b: Iron Hands\n|-damage|p1b: Iron Hands|91\/100\n|cant|p1b: Iron Hands|flinch\n|move|p2b: Ogerpon|Ivy Cudgel|p1b: Iron Hands\n|-damage|p1b: Iron Hands|50\/100\n|move|p1a: Dusclops|Trick Room|p1a: Dusclops\n|-fieldstart|move: Trick Room|[of] p1a: Dusclops\n|\n|-heal|p1b: Iron Hands|56\/100|[from] Grassy Terrain\n|upkeep\n|turn|2\n|\n|t:|1699848733\n|switch|p2b: Heatran|Heatran, L50, M|100\/100\n|-terastallize|p2a: Rillaboom|Fire\n|move|p1a: Dusclops|Will-O-Wisp|p2a: Rillaboom\n|-immune|p2a: Rillaboom\n|move|p1b: Iron Hands|Drain Punch|p2a: Rillaboom\n|-damage|p2a: Rillaboom|63\/100\n|-heal|p1b: Iron Hands|72\/100|[from] drain|[of] p2a: Rillaboom\n|move|p2a: Rillaboom|Wood Hammer|p1b: Iron Hands\n|-damage|p1b: Iron Hands|13\/100\n|-damage|p2a: Rillaboom|41\/100|[from] Recoil\n|\n|-heal|p1b: Iron Hands|19\/100|[from] Grassy Terrain\n|-heal|p2a: Rillaboom|47\/100|[from] Grassy Terrain\n|upkeep\n|turn|3\n|\n|t:|1699848755\n|move|p2a: Rillaboom|Grassy Glide|p1b: Iron Hands\n|-damage|p1b: Iron Hands|0 fnt\n|faint|p1b: Iron Hands\n|-end|p1b: Iron Hands|Quark Drive|[silent]\n|move|p1a: Dusclops|Night Shade|p2a: Rillaboom\n|-damage|p2a: Rillaboom|22\/100\n|move|p2b: Heatran|Substitute|p2b: Heatran\n|-start|p2b: Heatran|Substitute\n|-damage|p2b: Heatran|75\/100\n|\n|-heal|p2a: Rillaboom|28\/100|[from] Grassy Terrain\n|-heal|p2b: Heatran|82\/100|[from] Grassy Terrain\n|-heal|p2b: Heatran|88\/100|[from] item: Leftovers\n|upkeep\n|\n|t:|1699848770\n|switch|p1b: Ursaluna|Ursaluna-Bloodmoon, L50, M|100\/100\n|turn|4\n|\n|t:|1699848785\n|-terastallize|p1b: Ursaluna|Normal\n|move|p2a: Rillaboom|Grassy Glide|p1b: Ursaluna\n|-damage|p1b: Ursaluna|76\/100\n|move|p1a: Dusclops|Night Shade|p2a: Rillaboom\n|-damage|p2a: Rillaboom|3\/100\n|move|p1b: Ursaluna|Hyper Voice|p2a: Rillaboom|[spread] p2a,p2b\n|-resisted|p2b: Heatran\n|-damage|p2a: Rillaboom|0 fnt\n|-damage|p2b: Heatran|57\/100\n|faint|p2a: Rillaboom\n|move|p2b: Heatran|Heat Wave|p1b: Ursaluna|[spread] p1a,p1b\n|-damage|p1a: Dusclops|78\/100\n|-damage|p1b: Ursaluna|29\/100\n|\n|-heal|p1a: Dusclops|84\/100|[from] Grassy Terrain\n|-heal|p1b: Ursaluna|35\/100|[from] Grassy Terrain\n|-heal|p2b: Heatran|64\/100|[from] Grassy Terrain\n|-heal|p2b: Heatran|70\/100|[from] item: Leftovers\n|upkeep\n|\n|t:|1699848801\n|switch|p2a: Ogerpon|Ogerpon-Wellspring, L50, F|100\/100\n|turn|5\n|\n|t:|1699848812\n|switch|p1b: Ogerpon|Ogerpon-Wellspring, L50, F|100\/100\n|move|p2b: Heatran|Protect|p2b: Heatran\n|-singleturn|p2b: Heatran|Protect\n|move|p2a: Ogerpon|Spiky Shield|p2a: Ogerpon\n|-singleturn|p2a: Ogerpon|move: Protect\n|move|p1a: Dusclops|Will-O-Wisp|p2a: Ogerpon\n|-activate|p2a: Ogerpon|move: Protect\n|\n|-heal|p1a: Dusclops|90\/100|[from] Grassy Terrain\n|-heal|p2b: Heatran|76\/100|[from] Grassy Terrain\n|-heal|p2b: Heatran|82\/100|[from] item: Leftovers\n|-fieldend|move: Trick Room\n|-fieldend|move: Grassy Terrain\n|upkeep\n|turn|6\n|\n|t:|1699848831\n|move|p1b: Ogerpon|Follow Me|p1b: Ogerpon\n|-singleturn|p1b: Ogerpon|move: Follow Me\n|move|p2a: Ogerpon|Horn Leech|p1b: Ogerpon\n|-damage|p1b: Ogerpon|62\/100\n|move|p2b: Heatran|Heat Wave|p1b: Ogerpon|[spread] p1a,p1b\n|-damage|p1a: Dusclops|69\/100\n|-damage|p1b: Ogerpon|29\/100\n|-status|p1b: Ogerpon|brn\n|move|p1a: Dusclops|Will-O-Wisp|p2a: Ogerpon\n|-status|p2a: Ogerpon|brn\n|\n|-heal|p2b: Heatran|89\/100|[from] item: Leftovers\n|-damage|p2a: Ogerpon|94\/100 brn|[from] brn\n|-damage|p1b: Ogerpon|23\/100 brn|[from] brn\n|upkeep\n|turn|7\n|\n|t:|1699848849\n|move|p1b: Ogerpon|Spiky Shield|p1b: Ogerpon\n|-singleturn|p1b: Ogerpon|move: Protect\n|move|p2a: Ogerpon|Ivy Cudgel|p1a: Dusclops\n|-damage|p1a: Dusclops|54\/100\n|move|p2b: Heatran|Heat Wave|p1b: Ogerpon|[spread] p1a\n|-activate|p1b: Ogerpon|move: Protect\n|-damage|p1a: Dusclops|32\/100\n|move|p1a: Dusclops|Trick Room|p1a: Dusclops\n|-fieldstart|move: Trick Room|[of] p1a: Dusclops\n|\n|-heal|p2b: Heatran|95\/100|[from] item: Leftovers\n|-damage|p1b: Ogerpon|17\/100 brn|[from] brn\n|-damage|p2a: Ogerpon|88\/100 brn|[from] brn\n|upkeep\n|turn|8\n|\n|t:|1699848866\n|move|p2b: Heatran|Protect|p2b: Heatran\n|-singleturn|p2b: Heatran|Protect\n|move|p2a: Ogerpon|Spiky Shield|p2a: Ogerpon\n|-singleturn|p2a: Ogerpon|move: Protect\n|move|p1a: Dusclops|Pain Split|p2a: Ogerpon\n|-activate|p2a: Ogerpon|move: Protect\n|move|p1b: Ogerpon|Ivy Cudgel|p2b: Heatran\n|-activate|p2b: Heatran|move: Protect\n|\n|-heal|p2b: Heatran|100\/100|[from] item: Leftovers\n|-damage|p1b: Ogerpon|11\/100 brn|[from] brn\n|-damage|p2a: Ogerpon|82\/100 brn|[from] brn\n|upkeep\n|turn|9\n|\n|t:|1699848882\n|move|p2a: Ogerpon|Follow Me|p2a: Ogerpon\n|-singleturn|p2a: Ogerpon|move: Follow Me\n|move|p1a: Dusclops|Pain Split|p2a: Ogerpon\n|-sethp|p2a: Ogerpon|54\/100 brn|[from] move: Pain Split|[silent]\n|-sethp|p1a: Dusclops|65\/100|[from] move: Pain Split\n|move|p2b: Heatran|Heat Wave|p1b: Ogerpon|[spread] p1a,p1b\n|-damage|p1a: Dusclops|42\/100\n|-damage|p1b: Ogerpon|0 fnt\n|faint|p1b: Ogerpon\n|\n|-damage|p2a: Ogerpon|48\/100 brn|[from] brn\n|upkeep\n|\n|t:|1699848892\n|switch|p1b: Ursaluna|Ursaluna-Bloodmoon, L50, M, tera:Normal|35\/100\n|turn|10\n|\n|t:|1699848915\n|move|p1b: Ursaluna|Protect|p1b: Ursaluna\n|-singleturn|p1b: Ursaluna|Protect\n|move|p2a: Ogerpon|Spiky Shield|p2a: Ogerpon\n|-singleturn|p2a: Ogerpon|move: Protect\n|move|p1a: Dusclops|Night Shade|p2a: Ogerpon\n|-activate|p2a: Ogerpon|move: Protect\n|move|p2b: Heatran|Heat Wave|p1b: Ursaluna|[spread] p1a\n|-activate|p1b: Ursaluna|move: Protect\n|-damage|p1a: Dusclops|19\/100\n|\n|-damage|p2a: Ogerpon|42\/100 brn|[from] brn\n|upkeep\n|turn|11\n|\n|t:|1699848933\n|move|p2a: Ogerpon|Follow Me|p2a: Ogerpon\n|-singleturn|p2a: Ogerpon|move: Follow Me\n|move|p1a: Dusclops|Pain Split|p2a: Ogerpon\n|-sethp|p2a: Ogerpon|29\/100 brn|[from] move: Pain Split|[silent]\n|-sethp|p1a: Dusclops|35\/100|[from] move: Pain Split\n|move|p1b: Ursaluna|Blood Moon|p2a: Ogerpon\n|-damage|p2a: Ogerpon|0 fnt\n|faint|p2a: Ogerpon\n|move|p2b: Heatran|Heat Wave|p1b: Ursaluna|[spread] p1a,p1b\n|-damage|p1a: Dusclops|10\/100\n|-damage|p1b: Ursaluna|0 fnt\n|faint|p1b: Ursaluna\n|\n|-fieldend|move: Trick Room\n|upkeep\n|\n|t:|1699848943\n|switch|p2a: Baxcalibur|Baxcalibur, L50, F|100\/100\n|turn|12\n|\n|t:|1699848952\n|move|p2a: Baxcalibur|Icicle Spear|p1a: Dusclops\n|-damage|p1a: Dusclops|1\/100\n|-damage|p1a: Dusclops|0 fnt\n|faint|p1a: Dusclops\n|-hitcount|p1: Dusclops|2\n|\n|win|mofonguero\n|c|&|\/uhtml prompt-brokenfairyking,BrokenFairyKing is ready for game 3!\n|c|&|\/uhtml prompt-mofonguero,mofonguero is ready for game 3!\nBoth players are ready! Starting next match!\n","uploadtime":1699849371,"views":27,"p1id":"brokenfairyking","p2id":"mofonguero","formatid":"gen9vgc2023regulatione","rating":0,"private":0,"password":""}