{"id":"gen9vgc2023regulatione-1992211515","p1":"pancho.totem","p2":"Anirudhthe","format":"[Gen 9] VGC 2023 Regulation E","log":"|j|\u2606pancho.totem\n|j|\u2606Anirudhthe\n|t:|1700164261\n|gametype|doubles\n|player|p1|pancho.totem|265|1199\n|player|p2|Anirudhthe|169|1090\n|teamsize|p1|6\n|teamsize|p2|6\n|gen|9\n|tier|[Gen 9] VGC 2023 Regulation E\n|rated|\n|rule|Species Clause: Limit one of each Pok\u00e9mon\n|rule|Item Clause: Limit one of each item\n|clearpoke\n|poke|p1|Tornadus, L50, M|\n|poke|p1|Baxcalibur, L50, F|\n|poke|p1|Sinistcha, L50|\n|poke|p1|Empoleon, L50, M|\n|poke|p1|Ogerpon-Hearthflame, L50, F|\n|poke|p1|Ursaluna-Bloodmoon, L50, M|\n|poke|p2|Sinistcha, L50|\n|poke|p2|Kommo-o, L50, F|\n|poke|p2|Clefairy, L50, F|\n|poke|p2|Landorus-Therian, L50, M|\n|poke|p2|Urshifu-*, L50, F|\n|poke|p2|Armarouge, L50, M|\n|teampreview|4\n|\n|t:|1700164293\n|start\n|switch|p1a: Tornadus|Tornadus, L50, M|100\/100\n|switch|p1b: Baxcalibur|Baxcalibur, L50, F|100\/100\n|switch|p2a: Kommo-o|Kommo-o, L50, F|100\/100\n|switch|p2b: Clefairy|Clefairy, L50, F|100\/100\n|turn|1\n|\n|t:|1700164333\n|-terastallize|p2a: Kommo-o|Steel\n|move|p1b: Baxcalibur|Protect|p1b: Baxcalibur\n|-singleturn|p1b: Baxcalibur|Protect\n|move|p2b: Clefairy|Follow Me|p2b: Clefairy\n|-singleturn|p2b: Clefairy|move: Follow Me\n|move|p1a: Tornadus|Bleakwind Storm|p2a: Kommo-o|[spread] p2a,p2b\n|-resisted|p2a: Kommo-o\n|-crit|p2b: Clefairy\n|-damage|p2a: Kommo-o|86\/100\n|-damage|p2b: Clefairy|65\/100\n|move|p2a: Kommo-o|Clangorous Soul|p2a: Kommo-o\n|-boost|p2a: Kommo-o|atk|1\n|-boost|p2a: Kommo-o|def|1\n|-boost|p2a: Kommo-o|spa|1\n|-boost|p2a: Kommo-o|spd|1\n|-boost|p2a: Kommo-o|spe|1\n|-damage|p2a: Kommo-o|54\/100\n|-enditem|p2a: Kommo-o|Throat Spray\n|-boost|p2a: Kommo-o|spa|1|[from] item: Throat Spray\n|\n|upkeep\n|turn|2\n|\n|t:|1700164363\n|switch|p1b: Sinistcha|Sinistcha, L50|100\/100\n|move|p2b: Clefairy|Follow Me|p2b: Clefairy\n|-singleturn|p2b: Clefairy|move: Follow Me\n|move|p2a: Kommo-o|Clanging Scales|p1a: Tornadus|[spread] p1a,p1b\n|-crit|p1b: Sinistcha\n|-damage|p1a: Tornadus|8\/100\n|-damage|p1b: Sinistcha|0 fnt\n|faint|p1b: Sinistcha\n|-unboost|p2a: Kommo-o|def|1\n|move|p1a: Tornadus|Bleakwind Storm|p2a: Kommo-o|[spread] p2a,p2b\n|-resisted|p2a: Kommo-o\n|-damage|p2a: Kommo-o|44\/100\n|-damage|p2b: Clefairy|39\/100\n|-unboost|p2b: Clefairy|spe|1\n|\n|upkeep\n|\n|t:|1700164379\n|switch|p1b: Empoleon|Empoleon, L50, M|100\/100\n|turn|3\n|\n|t:|1700164389\n|move|p2b: Clefairy|Helping Hand|p2a: Kommo-o\n|-singleturn|p2a: Kommo-o|Helping Hand|[of] p2b: Clefairy\n|move|p1a: Tornadus|Tailwind|p1a: Tornadus\n|-sidestart|p1: pancho.totem|move: Tailwind\n|move|p1b: Empoleon|Vacuum Wave|p2a: Kommo-o\n|-supereffective|p2a: Kommo-o\n|-damage|p2a: Kommo-o|30\/100\n|move|p2a: Kommo-o|Clanging Scales|p1a: Tornadus|[spread] p1a,p1b\n|-resisted|p1b: Empoleon\n|-damage|p1a: Tornadus|0 fnt\n|-damage|p1b: Empoleon|64\/100\n|faint|p1a: Tornadus\n|-unboost|p2a: Kommo-o|def|1\n|\n|upkeep\n|\n|t:|1700164400\n|switch|p1a: Baxcalibur|Baxcalibur, L50, F|100\/100\n|turn|4\n|\n|t:|1700164446\n|switch|p2a: Sinistcha|Sinistcha, L50|100\/100\n|-heal|p2b: Clefairy|64\/100|[from] ability: Hospitality|[of] p2a: Sinistcha\n|switch|p2b: Landorus|Landorus-Therian, L50, M|100\/100\n|-ability|p2b: Landorus|Intimidate|boost\n|-unboost|p1a: Baxcalibur|atk|1\n|-unboost|p1b: Empoleon|atk|1\n|-ability|p1b: Empoleon|Competitive|boost\n|-boost|p1b: Empoleon|spa|2\n|-terastallize|p1b: Empoleon|Water\n|move|p1a: Baxcalibur|Protect|p1a: Baxcalibur\n|-singleturn|p1a: Baxcalibur|Protect\n|move|p1b: Empoleon|Flash Cannon|p2b: Landorus\n|-damage|p2b: Landorus|33\/100\n|\n|upkeep\n|turn|5\n|\n|t:|1700164478\n|move|p2a: Sinistcha|Rage Powder|p2a: Sinistcha\n|-singleturn|p2a: Sinistcha|move: Rage Powder\n|move|p1a: Baxcalibur|High Horsepower|p2a: Sinistcha\n|-resisted|p2a: Sinistcha\n|-damage|p2a: Sinistcha|90\/100\n|move|p1b: Empoleon|Icy Wind|p2b: Landorus|[spread] p2a,p2b\n|-supereffective|p2a: Sinistcha\n|-supereffective|p2b: Landorus\n|-damage|p2a: Sinistcha|43\/100\n|-damage|p2b: Landorus|0 fnt\n|-unboost|p2a: Sinistcha|spe|1\n|faint|p2b: Landorus\n|\n|upkeep\n|\n|t:|1700164488\n|switch|p2b: Kommo-o|Kommo-o, L50, F, tera:Steel|30\/100\n|turn|6\n|\n|t:|1700164503\n|move|p2b: Kommo-o|Protect|p2b: Kommo-o\n|-singleturn|p2b: Kommo-o|Protect\n|move|p1b: Empoleon|Vacuum Wave|p2b: Kommo-o\n|-activate|p2b: Kommo-o|move: Protect\n|move|p1a: Baxcalibur|Icicle Spear|p2a: Sinistcha\n|-supereffective|p2a: Sinistcha\n|-damage|p2a: Sinistcha|25\/100\n|-supereffective|p2a: Sinistcha\n|-crit|p2a: Sinistcha\n|-damage|p2a: Sinistcha|0 fnt\n|faint|p2a: Sinistcha\n|-hitcount|p2: Sinistcha|2\n|\n|-sideend|p1: pancho.totem|move: Tailwind\n|upkeep\n|\n|t:|1700164514\n|switch|p2a: Clefairy|Clefairy, L50, F|64\/100\n|turn|7\n|\n|t:|1700164522\n|move|p2a: Clefairy|Helping Hand|p2b: Kommo-o\n|-singleturn|p2b: Kommo-o|Helping Hand|[of] p2a: Clefairy\n|move|p1a: Baxcalibur|Protect|p1a: Baxcalibur\n|-singleturn|p1a: Baxcalibur|Protect\n|move|p2b: Kommo-o|Clanging Scales|p1b: Empoleon|[spread] p1b\n|-activate|p1a: Baxcalibur|move: Protect\n|-damage|p1b: Empoleon|28\/100\n|-unboost|p2b: Kommo-o|def|1\n|move|p1b: Empoleon|Flash Cannon|p2a: Clefairy\n|-supereffective|p2a: Clefairy\n|-damage|p2a: Clefairy|0 fnt\n|faint|p2a: Clefairy\n|\n|upkeep\n|turn|8\n|\n|t:|1700164541\n|move|p1b: Empoleon|Vacuum Wave|p2b: Kommo-o\n|-supereffective|p2b: Kommo-o\n|-damage|p2b: Kommo-o|0 fnt\n|faint|p2b: Kommo-o\n|\n|win|pancho.totem\n|raw|pancho.totem's rating: 1199 &rarr; <strong>1216<\/strong><br \/>(+17 for winning)\n|raw|Anirudhthe's rating: 1090 &rarr; <strong>1074<\/strong><br \/>(-16 for losing)\n|l|\u2606Anirudhthe\n","uploadtime":1700164552,"views":23,"p1id":"panchototem","p2id":"anirudhthe","formatid":"gen9vgc2023regulatione","rating":1074,"private":0,"password":""}