{"id":"gen9vgc2023regulatione-1999682297","p1":"taco_bowl_mx","p2":"MDFINNA","format":"[Gen 9] VGC 2023 Regulation E","log":"|j|\u2606taco_bowl_mx\n|j|\u2606MDFINNA\n|t:|1701107409\n|gametype|doubles\n|player|p1|taco_bowl_mx|dawn-gen4pt|1360\n|player|p2|MDFINNA|169|1289\n|teamsize|p1|6\n|teamsize|p2|6\n|gen|9\n|tier|[Gen 9] VGC 2023 Regulation E\n|rated|\n|rule|Species Clause: Limit one of each Pok\u00e9mon\n|rule|Item Clause: Limit one of each item\n|clearpoke\n|poke|p1|Flutter Mane, L50|\n|poke|p1|Chien-Pao, L50|\n|poke|p1|Iron Hands, L50|\n|poke|p1|Heatran, L50, M|\n|poke|p1|Ogerpon-Wellspring, L50, F|\n|poke|p1|Landorus-Therian, L50, M|\n|poke|p2|Iron Hands, L50|\n|poke|p2|Weezing-Galar, L50, M|\n|poke|p2|Staraptor, L50, M|\n|poke|p2|Iron Bundle, L50|\n|poke|p2|Heatran, L50, M|\n|poke|p2|Breloom, L50, M|\n|teampreview|4\ntaco_bowl_mx has agreed to open team sheets.\n|inactive|Battle timer is ON: inactive players will automatically lose when time's up. (requested by taco_bowl_mx)\nMDFINNA has agreed to open team sheets.\n|inactive|MDFINNA has 30 seconds left.\n|inactive|MDFINNA has 20 seconds left.\n|inactive|MDFINNA has 15 seconds left.\n|inactive|MDFINNA has 10 seconds left.\n|inactive|MDFINNA has 5 seconds left.\n|\n|t:|1701107471\n|start\n|switch|p1a: Iron Hands|Iron Hands, L50, shiny|100\/100\n|switch|p1b: Heatran|Heatran, L50, M|100\/100\n|switch|p2a: Heatran|Heatran, L50, M|100\/100\n|switch|p2b: Breloom|Breloom, L50, M, shiny|100\/100\n|turn|1\n|inactive|taco_bowl_mx has 30 seconds left.\n|\n|t:|1701107501\n|switch|p1b: Ogerpon|Ogerpon-Wellspring, L50, F|100\/100\n|switch|p2a: Iron Hands|Iron Hands, L50, shiny|100\/100\n|move|p2b: Breloom|Protect|p2b: Breloom\n|-singleturn|p2b: Breloom|Protect\n|move|p1a: Iron Hands|Drain Punch|p2a: Iron Hands\n|-damage|p2a: Iron Hands|71\/100\n|\n|upkeep\n|turn|2\n|\n|t:|1701107519\n|switch|p1b: Flutter Mane|Flutter Mane, L50|100\/100\n|move|p2a: Iron Hands|Fake Out|p1b: Flutter Mane\n|-immune|p1b: Flutter Mane\n|move|p2b: Breloom|Spore|p1a: Iron Hands\n|-status|p1a: Iron Hands|slp|[from] move: Spore\n|cant|p1a: Iron Hands|slp\n|\n|upkeep\n|turn|3\n|\n|t:|1701107536\n|-end|p2a: Iron Hands|Quark Drive|[silent]\n|switch|p2a: Heatran|Heatran, L50, M|100\/100\n|move|p1b: Flutter Mane|Dazzling Gleam|p2a: Heatran|[spread] p2a,p2b\n|-resisted|p2a: Heatran\n|-supereffective|p2b: Breloom\n|-damage|p2a: Heatran|92\/100\n|-enditem|p2b: Breloom|Focus Sash\n|-damage|p2b: Breloom|1\/100\n|move|p2b: Breloom|Bullet Seed|p1b: Flutter Mane\n|-damage|p1b: Flutter Mane|65\/100\n|-damage|p1b: Flutter Mane|33\/100\n|-damage|p1b: Flutter Mane|0 fnt\n|faint|p1b: Flutter Mane\n|-end|p1b: Flutter Mane|Protosynthesis|[silent]\n|-hitcount|p1: Flutter Mane|3\n|cant|p1a: Iron Hands|slp\n|\n|upkeep\n|\n|t:|1701107551\n|switch|p1b: Ogerpon|Ogerpon-Wellspring, L50, F|100\/100\n|turn|4\n|\n|t:|1701107558\n|switch|p2a: Iron Hands|Iron Hands, L50, shiny|71\/100\n|move|p2b: Breloom|Protect|p2b: Breloom\n|-singleturn|p2b: Breloom|Protect\n|move|p1b: Ogerpon|Follow Me|p1b: Ogerpon\n|-singleturn|p1b: Ogerpon|move: Follow Me\n|cant|p1a: Iron Hands|slp\n|\n|upkeep\n|turn|5\n|\n|t:|1701107579\n|switch|p2b: Staraptor|Staraptor, L50, M, shiny|100\/100\n|-ability|p2b: Staraptor|Intimidate|boost\n|-unboost|p1a: Iron Hands|atk|1\n|-unboost|p1b: Ogerpon|atk|1\n|move|p1b: Ogerpon|Spiky Shield|p1b: Ogerpon\n|-singleturn|p1b: Ogerpon|move: Protect\n|move|p2a: Iron Hands|Fake Out|p1b: Ogerpon\n|-activate|p1b: Ogerpon|move: Protect\n|-damage|p2a: Iron Hands|59\/100|[from] Spiky Shield|[of] p1b: Ogerpon\n|-curestatus|p1a: Iron Hands|slp|[msg]\n|move|p1a: Iron Hands|Drain Punch|p2a: Iron Hands\n|-damage|p2a: Iron Hands|39\/100\n|\n|upkeep\n|turn|6\n|\n|t:|1701107603\n|-end|p1a: Iron Hands|Quark Drive|[silent]\n|switch|p1a: Heatran|Heatran, L50, M|100\/100\n|move|p1b: Ogerpon|Follow Me|p1b: Ogerpon\n|-singleturn|p1b: Ogerpon|move: Follow Me\n|move|p2b: Staraptor|Final Gambit|p1b: Ogerpon\n|-damage|p1b: Ogerpon|0 fnt\n|faint|p2b: Staraptor\n|faint|p1b: Ogerpon\n|move|p2a: Iron Hands|Drain Punch|p1a: Heatran\n|-supereffective|p1a: Heatran\n|-damage|p1a: Heatran|32\/100\n|-heal|p2a: Iron Hands|67\/100|[from] drain|[of] p1a: Heatran\n|\n|-heal|p1a: Heatran|38\/100|[from] item: Leftovers\n|upkeep\n|\n|t:|1701107617\n|switch|p2b: Heatran|Heatran, L50, M|92\/100\n|switch|p1b: Iron Hands|Iron Hands, L50, shiny|100\/100\n|turn|7\n|\n|t:|1701107641\n|-end|p2a: Iron Hands|Quark Drive|[silent]\n|switch|p2a: Breloom|Breloom, L50, M, shiny|1\/100\n|-terastallize|p1a: Heatran|Grass\n|move|p2b: Heatran|Protect|p2b: Heatran\n|-singleturn|p2b: Heatran|Protect\n|move|p1b: Iron Hands|Fake Out|p2a: Breloom\n|-damage|p2a: Breloom|0 fnt\n|faint|p2a: Breloom\n|move|p1a: Heatran|Earth Power|p2b: Heatran\n|-activate|p2b: Heatran|move: Protect\n|\n|-heal|p1a: Heatran|44\/100|[from] item: Leftovers\n|upkeep\n|\n|t:|1701107648\n|switch|p2a: Iron Hands|Iron Hands, L50, shiny|67\/100\n|turn|8\n|\n|t:|1701107666\n|-terastallize|p2b: Heatran|Grass\n|move|p1a: Heatran|Protect|p1a: Heatran\n|-singleturn|p1a: Heatran|Protect\n|move|p2a: Iron Hands|Fake Out|p1a: Heatran\n|-activate|p1a: Heatran|move: Protect\n|move|p2b: Heatran|Earth Power|p1b: Iron Hands\n|-supereffective|p1b: Iron Hands\n|-damage|p1b: Iron Hands|64\/100\n|move|p1b: Iron Hands|Drain Punch|p2b: Heatran\n|-damage|p2b: Heatran|56\/100\n|-heal|p1b: Iron Hands|79\/100|[from] drain|[of] p2b: Heatran\n|\n|-heal|p1a: Heatran|50\/100|[from] item: Leftovers\n|upkeep\n|turn|9\n|inactive|taco_bowl_mx has 30 seconds left.\n|\n|t:|1701107692\n|move|p1a: Heatran|Earth Power|p2a: Iron Hands\n|-supereffective|p2a: Iron Hands\n|-damage|p2a: Iron Hands|35\/100\n|move|p2b: Heatran|Flash Cannon|p1a: Heatran\n|-damage|p1a: Heatran|11\/100\n|move|p2a: Iron Hands|Drain Punch|p1a: Heatran\n|-crit|p1a: Heatran\n|-damage|p1a: Heatran|0 fnt\n|-heal|p2a: Iron Hands|39\/100|[from] drain|[of] p1a: Heatran\n|faint|p1a: Heatran\n|move|p1b: Iron Hands|Drain Punch|p2a: Iron Hands\n|-damage|p2a: Iron Hands|10\/100\n|-heal|p1b: Iron Hands|93\/100|[from] drain|[of] p2a: Iron Hands\n|\n|upkeep\n|turn|10\n|\n|t:|1701107706\n|move|p2b: Heatran|Earth Power|p1b: Iron Hands\n|-supereffective|p1b: Iron Hands\n|-damage|p1b: Iron Hands|54\/100\n|move|p2a: Iron Hands|Drain Punch|p1b: Iron Hands\n|-damage|p1b: Iron Hands|30\/100\n|-heal|p2a: Iron Hands|22\/100|[from] drain|[of] p1b: Iron Hands\n|move|p1b: Iron Hands|Drain Punch|p2a: Iron Hands\n|-damage|p2a: Iron Hands|0 fnt\n|-heal|p1b: Iron Hands|40\/100|[from] drain|[of] p2a: Iron Hands\n|faint|p2a: Iron Hands\n|-end|p2a: Iron Hands|Quark Drive|[silent]\n|\n|upkeep\n|turn|11\n|\n|t:|1701107718\n|move|p2b: Heatran|Earth Power|p1b: Iron Hands\n|-supereffective|p1b: Iron Hands\n|-damage|p1b: Iron Hands|0 fnt\n|faint|p1b: Iron Hands\n|-end|p1b: Iron Hands|Quark Drive|[silent]\n|\n|win|MDFINNA\n|raw|taco_bowl_mx's rating: 1360 &rarr; <strong>1336<\/strong><br \/>(-24 for losing)\n|raw|MDFINNA's rating: 1289 &rarr; <strong>1319<\/strong><br \/>(+30 for winning)\n","uploadtime":1701107724,"views":7,"p1id":"tacobowlmx","p2id":"mdfinna","formatid":"gen9vgc2023regulatione","rating":1319,"private":0,"password":""}