{"id":"gen9vgc2023regulatione-1992431441","p1":"FreeSharkFood","p2":"bobforte22","format":"[Gen 9] VGC 2023 Regulation E","log":"|j|\u2606FreeSharkFood\n|j|\u2606bobforte22\n|t:|1700186795\n|gametype|doubles\n|player|p1|FreeSharkFood|102|\n|player|p2|bobforte22|pilot|\n|teamsize|p1|6\n|teamsize|p2|6\n|gen|9\n|tier|[Gen 9] VGC 2023 Regulation E\n|rated|Tournament battle\n|rule|Species Clause: Limit one of each Pok\u00e9mon\n|rule|Item Clause: Limit one of each item\n|clearpoke\n|poke|p1|Sinistcha, L50|\n|poke|p1|Iron Hands, L50|\n|poke|p1|Ursaluna-Bloodmoon, L50, M|\n|poke|p1|Ogerpon-Wellspring, L50, F|\n|poke|p1|Gholdengo, L50|\n|poke|p1|Arcanine-Hisui, L50, M|\n|poke|p2|Wo-Chien, L50|\n|poke|p2|Dragapult, L50, M|\n|poke|p2|Ting-Lu, L50|\n|poke|p2|Flutter Mane, L50|\n|poke|p2|Arcanine-Hisui, L50, F|\n|poke|p2|Gyarados, L50, F|\n|teampreview|4\n|showteam|p1|Sinistcha||RockyHelmet|Hospitality|MatchaGotcha,StrengthSap,RagePowder,TrickRoom||||||50|,,,,,Fire]Iron Hands||AssaultVest|QuarkDrive|WildCharge,DrainPunch,FakeOut,HeavySlam||||||50|,,,,,Fire]Ursaluna-Bloodmoon||ThroatSpray|MindsEye|BloodMoon,HyperVoice,EarthPower,Protect|||M|||50|,,,,,Normal]Ogerpon-Wellspring||WellspringMask|WaterAbsorb|IvyCudgel,PowerWhip,SpikyShield,FollowMe|||F|||50|,,,,,Water]Gholdengo||SitrusBerry|GoodasGold|MakeItRain,ShadowBall,Protect,NastyPlot||||||50|,,,,,Dragon]Arcanine-Hisui||ChoiceBand|Intimidate|FlareBlitz,RockSlide,ExtremeSpeed,TeraBlast|||M|||50|,,,,,Fairy\n|showteam|p2|Wo-Chien||Leftovers|TabletsofRuin|Reflect,Protect,LeechSeed,Ruination||||||50|,,,,,Fire]Dragapult||RockyHelmet|Infiltrator|WillOWisp,DragonClaw,Protect,Uturn|||M|||50|,,,,,Normal]Ting-Lu||SafetyGoggles|VesselofRuin|StealthRock,Ruination,Protect,Whirlwind||||||50|,,,,,Dragon]Flutter Mane||ChoiceScarf|Protosynthesis|DazzlingGleam,EnergyBall,ShadowBall,TeraBlast||||||50|,,,,,Water]Arcanine-Hisui||ChoiceBand|Intimidate|FlareBlitz,RockSlide,TeraBlast,ExtremeSpeed|||F|||50|,,,,,Steel]Gyarados||SitrusBerry|Intimidate|Roar,Protect,Taunt,Waterfall|||F|||50|,,,,,Water\n|c|\u2606bobforte22|Glhf\n|j|%Radio Free C-Side\n|c|\u2606FreeSharkFood|U too\n|j| Demantoid (\u2299\ufe4f\u2299\u273f)\n|inactive|Battle timer is ON: inactive players will automatically lose when time's up. (requested by bobforte22)\n|inactive|FreeSharkFood has 60 seconds left.\n|\n|t:|1700186906\n|start\n|switch|p1a: Iron Hands|Iron Hands, L50|100\/100\n|switch|p1b: Gholdengo|Gholdengo, L50|100\/100\n|switch|p2a: Dragapult|Dragapult, L50, M|100\/100\n|switch|p2b: Ting-Lu|Ting-Lu, L50|100\/100\n|-ability|p2b: Ting-Lu|Vessel of Ruin\n|turn|1\n|inactive|FreeSharkFood has 30 seconds left.\n|inactive|bobforte22 has 30 seconds left.\n|j| EmceeMikey\n|\n|t:|1700186936\n|-terastallize|p1a: Iron Hands|Fire\n|move|p1a: Iron Hands|Fake Out|p2b: Ting-Lu\n|-damage|p2b: Ting-Lu|93\/100\n|move|p2a: Dragapult|Will-O-Wisp|p1a: Iron Hands\n|-immune|p1a: Iron Hands\n|move|p1b: Gholdengo|Nasty Plot|p1b: Gholdengo\n|-boost|p1b: Gholdengo|spa|2\n|cant|p2b: Ting-Lu|flinch\n|\n|upkeep\n|turn|2\n|\n|t:|1700186959\n|switch|p2a: Arcanine|Arcanine-Hisui, L50, F|100\/100\n|-ability|p2a: Arcanine|Intimidate|boost\n|-unboost|p1a: Iron Hands|atk|1\n|-unboost|p1b: Gholdengo|atk|1\n|move|p1b: Gholdengo|Make It Rain|p2b: Ting-Lu|[spread] p2a,p2b\n|-damage|p2a: Arcanine|40\/100\n|-damage|p2b: Ting-Lu|51\/100\n|-unboost|p1b: Gholdengo|spa|1\n|move|p2b: Ting-Lu|Stealth Rock|p1b: Gholdengo\n|-sidestart|p1: FreeSharkFood|move: Stealth Rock\n|move|p1a: Iron Hands|Drain Punch|p2b: Ting-Lu\n|-supereffective|p2b: Ting-Lu\n|-damage|p2b: Ting-Lu|21\/100\n|\n|upkeep\n|turn|3\n|c|%Radio Free C-Side|yooo rocks lu\n|c|%Radio Free C-Side|lets go\n|inactive|bobforte22 has 30 seconds left.\n|c| EmceeMikey|this man is playing stall\n|\n|t:|1700186987\n|move|p1b: Gholdengo|Protect|p1b: Gholdengo\n|-singleturn|p1b: Gholdengo|Protect\n|move|p2a: Arcanine|Flare Blitz|p1b: Gholdengo\n|-activate|p1b: Gholdengo|move: Protect\n|move|p2b: Ting-Lu|Ruination|p1a: Iron Hands\n|-damage|p1a: Iron Hands|51\/100\n|move|p1a: Iron Hands|Drain Punch|p2a: Arcanine\n|-supereffective|p2a: Arcanine\n|-damage|p2a: Arcanine|0 fnt\n|-heal|p1a: Iron Hands|68\/100|[from] drain|[of] p2a: Arcanine\n|faint|p2a: Arcanine\n|\n|upkeep\n|\n|t:|1700187003\n|switch|p2a: Wo-Chien|Wo-Chien, L50|100\/100\n|-ability|p2a: Wo-Chien|Tablets of Ruin\n|turn|4\n|c|%Radio Free C-Side|this man is playing w\/ my heart, you mean\n|inactive|FreeSharkFood has 30 seconds left.\n|c|\u2606bobforte22|Lol\n|inactive|FreeSharkFood has 20 seconds left.\n|inactive|FreeSharkFood has 15 seconds left.\n|\n|t:|1700187045\n|-end|p1a: Iron Hands|Quark Drive|[silent]\n|switch|p1a: Arcanine|Arcanine-Hisui, L50, M|100\/100\n|-damage|p1a: Arcanine|76\/100|[from] Stealth Rock\n|-ability|p1a: Arcanine|Intimidate|boost\n|-unboost|p2a: Wo-Chien|atk|1\n|-unboost|p2b: Ting-Lu|atk|1\n|-terastallize|p2a: Wo-Chien|Fire\n|move|p2b: Ting-Lu|Protect|p2b: Ting-Lu\n|-singleturn|p2b: Ting-Lu|Protect\n|move|p1b: Gholdengo|Make It Rain|p2b: Ting-Lu|[spread] p2a\n|-activate|p2b: Ting-Lu|move: Protect\n|-resisted|p2a: Wo-Chien\n|-damage|p2a: Wo-Chien|85\/100\n|-unboost|p1b: Gholdengo|spa|1\n|move|p2a: Wo-Chien|Leech Seed|p1a: Arcanine\n|-start|p1a: Arcanine|move: Leech Seed\n|\n|-heal|p2a: Wo-Chien|91\/100|[from] item: Leftovers\n|-damage|p1a: Arcanine|63\/100|[from] Leech Seed|[of] p2a: Wo-Chien\n|-heal|p2a: Wo-Chien|100\/100|[silent]\n|upkeep\n|turn|5\n|c|\u2606bobforte22|Im done now\n|inactive|bobforte22 has 30 seconds left.\n|\n|t:|1700187075\n|switch|p2b: Dragapult|Dragapult, L50, M|100\/100\n|move|p1a: Arcanine|Flare Blitz|p2b: Dragapult\n|-resisted|p2b: Dragapult\n|-damage|p2b: Dragapult|68\/100\n|-damage|p1a: Arcanine|47\/100|[from] item: Rocky Helmet|[of] p2b: Dragapult\n|-damage|p1a: Arcanine|35\/100|[from] Recoil\n|move|p1b: Gholdengo|Nasty Plot|p1b: Gholdengo\n|-boost|p1b: Gholdengo|spa|2\n|move|p2a: Wo-Chien|Reflect|p2a: Wo-Chien\n|-sidestart|p2: bobforte22|Reflect\n|\n|-damage|p1a: Arcanine|23\/100|[from] Leech Seed|[of] p2a: Wo-Chien\n|upkeep\n|turn|6\n|c|%Radio Free C-Side|ghold just kind beats most your team huh\n|\n|t:|1700187099\n|switch|p1a: Ogerpon|Ogerpon-Wellspring, L50, F|100\/100\n|-damage|p1a: Ogerpon|88\/100|[from] Stealth Rock\n|move|p2b: Dragapult|U-turn|p1a: Ogerpon\n|-supereffective|p1a: Ogerpon\n|-damage|p1a: Ogerpon|58\/100\n|\n|t:|1700187106\n|switch|p2b: Ting-Lu|Ting-Lu, L50|21\/100|[from] U-turn\n|-ability|p2b: Ting-Lu|Vessel of Ruin\n|move|p1b: Gholdengo|Nasty Plot|p1b: Gholdengo\n|-boost|p1b: Gholdengo|spa|2\n|move|p2a: Wo-Chien|Ruination|p1b: Gholdengo\n|-damage|p1b: Gholdengo|51\/100\n|\n|upkeep\n|turn|7\n|c|\u2606bobforte22|He does\n|\n|t:|1700187130\n|move|p1a: Ogerpon|Ivy Cudgel|p2a: Wo-Chien|[anim] Ivy Cudgel Water\n|-supereffective|p2a: Wo-Chien\n|-damage|p2a: Wo-Chien|55\/100\n|move|p1b: Gholdengo|Make It Rain|p2a: Wo-Chien|[spread] p2a,p2b\n|-resisted|p2a: Wo-Chien\n|-damage|p2a: Wo-Chien|23\/100\n|-damage|p2b: Ting-Lu|0 fnt\n|-unboost|p1b: Gholdengo|spa|1\n|faint|p2b: Ting-Lu\n|move|p2a: Wo-Chien|Ruination|p1b: Gholdengo\n|-damage|p1b: Gholdengo|26\/100\n|-enditem|p1b: Gholdengo|Sitrus Berry|[eat]\n|-heal|p1b: Gholdengo|50\/100|[from] item: Sitrus Berry\n|\n|-heal|p2a: Wo-Chien|29\/100|[from] item: Leftovers\n|upkeep\n|c|\u2606FreeSharkFood|Gg\n|\n|t:|1700187147\n|switch|p2b: Dragapult|Dragapult, L50, M|68\/100\n|turn|8\n|\n|t:|1700187154\n|move|p2a: Wo-Chien|Protect|p2a: Wo-Chien\n|-singleturn|p2a: Wo-Chien|Protect\n|move|p2b: Dragapult|Will-O-Wisp|p1a: Ogerpon\n|-status|p1a: Ogerpon|brn\n|move|p1a: Ogerpon|Ivy Cudgel|p2a: Wo-Chien|[anim] Ivy Cudgel Water\n|-activate|p2a: Wo-Chien|move: Protect\n|move|p1b: Gholdengo|Make It Rain|p2a: Wo-Chien|[spread] p2b\n|-activate|p2a: Wo-Chien|move: Protect\n|-damage|p2b: Dragapult|0 fnt\n|-unboost|p1b: Gholdengo|spa|1\n|faint|p2b: Dragapult\n|\n|-heal|p2a: Wo-Chien|35\/100|[from] item: Leftovers\n|-damage|p1a: Ogerpon|52\/100 brn|[from] brn\n|upkeep\n|turn|9\n|c|\u2606bobforte22|Gg\n|inactive|bobforte22 has 30 seconds left.\n|-message|bobforte22 forfeited.\n|\n|win|FreeSharkFood\n|n|\u2606FreeSharkFood|freesharkfood\n|n|\u2606bobforte22|bobforte22\n|n| Radio Free C-Side|radiofreecside\n|n| Demantoid (\u2299\ufe4f\u2299\u273f)|demantoid\n|n| EmceeMikey|emceemikey\n|l|\u2606bobforte22\n|l| EmceeMikey\n|l| Radio Free C-Side\n","uploadtime":1700187184,"views":25,"p1id":"freesharkfood","p2id":"bobforte22","formatid":"gen9vgc2023regulatione","rating":0,"private":0,"password":""}