{"id":"gen9vgc2023regulatione-1999285324","p1":"Losingwithbadteam","p2":"TheAzureEagle","format":"[Gen 9] VGC 2023 Regulation E","log":"|j|\u2606Losingwithbadteam\n|j|\u2606TheAzureEagle\n|t:|1701055090\n|gametype|doubles\n|player|p1|Losingwithbadteam|169|1120\n|player|p2|TheAzureEagle|steven|1000\n|teamsize|p1|6\n|teamsize|p2|6\n|gen|9\n|tier|[Gen 9] VGC 2023 Regulation E\n|rated|\n|rule|Species Clause: Limit one of each Pok\u00e9mon\n|rule|Item Clause: Limit one of each item\n|clearpoke\n|poke|p1|Drifblim, L50, M|\n|poke|p1|Cresselia, L50, F|\n|poke|p1|Urshifu-*, L50, M|\n|poke|p1|Flutter Mane, L50|\n|poke|p1|Chi-Yu, L50|\n|poke|p1|Ursaluna-Bloodmoon, L50, M|\n|poke|p2|Grimmsnarl, L50, M|\n|poke|p2|Chi-Yu, L50|\n|poke|p2|Moltres-Galar, L50|\n|poke|p2|Heatran, L50, F|\n|poke|p2|Chien-Pao, L50|\n|poke|p2|Roaring Moon, L50|\n|teampreview|4\n|inactive|Battle timer is ON: inactive players will automatically lose when time's up. (requested by Losingwithbadteam)\n|inactive|Losingwithbadteam has 60 seconds left.\n|inactive|TheAzureEagle has 60 seconds left.\n|\n|t:|1701055137\n|start\n|switch|p1a: Drifblim|Drifblim, L50, M|100\/100\n|switch|p1b: Urshifu|Urshifu-Rapid-Strike, L50, M|100\/100\n|switch|p2a: Grimmsnarl|Grimmsnarl, L50, M|100\/100\n|switch|p2b: Chien-Pao|Chien-Pao, L50|100\/100\n|-ability|p2b: Chien-Pao|Sword of Ruin\n|turn|1\n|inactive|TheAzureEagle has 30 seconds left.\n|\n|t:|1701055168\n|move|p2b: Chien-Pao|Sucker Punch|p1b: Urshifu\n|-resisted|p1b: Urshifu\n|-damage|p1b: Urshifu|75\/100\n|move|p2a: Grimmsnarl|Reflect|p2a: Grimmsnarl\n|-sidestart|p2: TheAzureEagle|Reflect\n|move|p1b: Urshifu|Surging Strikes|p2a: Grimmsnarl\n|-crit|p2a: Grimmsnarl\n|-damage|p2a: Grimmsnarl|66\/100\n|-crit|p2a: Grimmsnarl\n|-damage|p2a: Grimmsnarl|34\/100\n|-crit|p2a: Grimmsnarl\n|-damage|p2a: Grimmsnarl|2\/100\n|-hitcount|p2a: Grimmsnarl|3\n|move|p1a: Drifblim|Focus Energy|p1a: Drifblim\n|-start|p1a: Drifblim|move: Focus Energy\n|\n|upkeep\n|turn|2\n|inactive|TheAzureEagle has 30 seconds left.\n|\n|t:|1701055195\n|move|p2b: Chien-Pao|Sucker Punch|p1b: Urshifu\n|-resisted|p1b: Urshifu\n|-damage|p1b: Urshifu|54\/100\n|move|p1b: Urshifu|Aqua Jet|p2a: Grimmsnarl\n|-damage|p2a: Grimmsnarl|0 fnt\n|faint|p2a: Grimmsnarl\n|move|p1a: Drifblim|Baton Pass|p1a: Drifblim\n|\n|t:|1701055203\n|switch|p1a: Ursaluna|Ursaluna-Bloodmoon, L50, M|100\/100|[from] Baton Pass\n|\n|upkeep\n|\n|t:|1701055219\n|switch|p2a: Roaring Moon|Roaring Moon, L50|100\/100\n|-enditem|p2a: Roaring Moon|Booster Energy\n|-activate|p2a: Roaring Moon|ability: Protosynthesis|[fromitem]\n|-start|p2a: Roaring Moon|protosynthesisspe\n|turn|3\n|\n|t:|1701055236\n|-terastallize|p1a: Ursaluna|Normal\n|move|p2a: Roaring Moon|Acrobatics|p1b: Urshifu\n|-supereffective|p1b: Urshifu\n|-damage|p1b: Urshifu|0 fnt\n|faint|p1b: Urshifu\n|move|p2b: Chien-Pao|Sacred Sword|p1a: Ursaluna\n|-supereffective|p1a: Ursaluna\n|-damage|p1a: Ursaluna|37\/100\n|move|p1a: Ursaluna|Hyper Voice|p2b: Chien-Pao|[spread] p2a,p2b\n|-crit|p2a: Roaring Moon\n|-crit|p2b: Chien-Pao\n|-damage|p2a: Roaring Moon|32\/100\n|-enditem|p2b: Chien-Pao|Focus Sash\n|-damage|p2b: Chien-Pao|1\/100\n|\n|upkeep\n|inactive|Losingwithbadteam has 30 seconds left.\n|\n|t:|1701055263\n|switch|p1b: Cresselia|Cresselia, L50, F|100\/100\n|turn|4\n|\n|t:|1701055278\n|move|p1a: Ursaluna|Vacuum Wave|p2b: Chien-Pao\n|-supereffective|p2b: Chien-Pao\n|-crit|p2b: Chien-Pao\n|-damage|p2b: Chien-Pao|0 fnt\n|faint|p2b: Chien-Pao\n|move|p2a: Roaring Moon|Tailwind|p2a: Roaring Moon\n|-sidestart|p2: TheAzureEagle|move: Tailwind\n|move|p1b: Cresselia|Lunar Blessing|p1b: Cresselia|[spread] p1a,p1b\n|-heal|p1a: Ursaluna|62\/100\n|\n|upkeep\n|\n|t:|1701055286\n|switch|p2b: Heatran|Heatran, L50, F|100\/100\n|turn|5\n|\n|t:|1701055302\n|move|p2a: Roaring Moon|Protect|p2a: Roaring Moon\n|-singleturn|p2a: Roaring Moon|Protect\n|move|p1a: Ursaluna|Vacuum Wave|p2a: Roaring Moon\n|-activate|p2a: Roaring Moon|move: Protect\n|move|p2b: Heatran|Heat Wave|p1b: Cresselia|[spread] \n|-miss|p2b: Heatran|p1a: Ursaluna\n|-miss|p2b: Heatran|p1b: Cresselia\n|move|p1b: Cresselia|Lunar Blessing|p1b: Cresselia|[spread] p1a,p1b\n|-heal|p1a: Ursaluna|87\/100\n|\n|upkeep\n|turn|6\n|inactive|TheAzureEagle has 30 seconds left.\n|\n|t:|1701055332\n|move|p1a: Ursaluna|Vacuum Wave|p2a: Roaring Moon\n|-supereffective|p2a: Roaring Moon\n|-crit|p2a: Roaring Moon\n|-damage|p2a: Roaring Moon|0 fnt\n|faint|p2a: Roaring Moon\n|-end|p2a: Roaring Moon|Protosynthesis|[silent]\n|move|p2b: Heatran|Flash Cannon|p1a: Ursaluna\n|-crit|p1a: Ursaluna\n|-damage|p1a: Ursaluna|21\/100\n|move|p1b: Cresselia|Trick Room|p1b: Cresselia\n|-fieldstart|move: Trick Room|[of] p1b: Cresselia\n|\n|upkeep\n|turn|7\n|\n|t:|1701055349\n|-terastallize|p2b: Heatran|Grass\n|move|p1a: Ursaluna|Blood Moon|p2b: Heatran\n|-crit|p2b: Heatran\n|-damage|p2b: Heatran|21\/100\n|move|p1b: Cresselia|Lunar Blessing|p1b: Cresselia|[spread] p1a,p1b\n|-heal|p1a: Ursaluna|46\/100\n|move|p2b: Heatran|Tera Blast|p1a: Ursaluna|[anim] Tera Blast Grass\n|-damage|p1a: Ursaluna|5\/100\n|\n|-sideend|p2: TheAzureEagle|move: Tailwind\n|upkeep\n|turn|8\n|\n|t:|1701055366\n|move|p1a: Ursaluna|Hyper Voice|p2b: Heatran\n|-crit|p2b: Heatran\n|-damage|p2b: Heatran|0 fnt\n|faint|p2b: Heatran\n|\n|win|Losingwithbadteam\n|raw|Losingwithbadteam's rating: 1120 &rarr; <strong>1137<\/strong><br \/>(+17 for winning)\n|raw|TheAzureEagle's rating: 1000 &rarr; <strong>1000<\/strong><br \/>(+0 for losing)\n","uploadtime":1701055371,"views":9,"p1id":"losingwithbadteam","p2id":"theazureeagle","formatid":"gen9vgc2023regulatione","rating":1000,"private":0,"password":""}