{"id":"gen9vgc2023regulatione-1993655168","p1":"theeuph","p2":"WilfredVGC","format":"[Gen 9] VGC 2023 Regulation E","log":"|j|\u2606theeuph\n|j|\u2606WilfredVGC\n|n|\u2606theeuph|theeuph\n|n|\u2606WilfredVGC|wilfredvgc\n|html|View the match progress at <a href=\"\/game-bestof3-gen9vgc2023regulatione-1993653125\">game-bestof3-gen9vgc2023regulatione-1993653125<\/a>\n|t:|1700342100\n|gametype|doubles\n|player|p1|theeuph|n|\n|player|p2|WilfredVGC|roxanne|\n|teamsize|p1|6\n|teamsize|p2|6\n|gen|9\n|tier|[Gen 9] VGC 2023 Regulation E\n|rule|Species Clause: Limit one of each Pok\u00e9mon\n|rule|Item Clause: Limit one of each item\n|clearpoke\n|poke|p1|Iron Hands, L50|\n|poke|p1|Basculegion, L50, M|\n|poke|p1|Landorus-Therian, L50, M|\n|poke|p1|Weezing-Galar, L50, F|\n|poke|p1|Rillaboom, L50, M|\n|poke|p1|Overqwil, L50, M|\n|poke|p2|Scream Tail, L50|\n|poke|p2|Arcanine-Hisui, L50, F|\n|poke|p2|Urshifu-*, L50, F|\n|poke|p2|Ribombee, L50, M|\n|poke|p2|Palafin, L50, M|\n|poke|p2|Brute Bonnet, L50|\n|teampreview|4\nWilfredVGC has agreed to open team sheets.\ntheeuph has agreed to open team sheets.\n|showteam|p1|Iron Hands||AssaultVest|QuarkDrive|FakeOut,DrainPunch,WildCharge,HeavySlam||||||50|,,,,,Water]Basculegion||ChoiceScarf|Adaptability|FlipTurn,WaveCrash,LastRespects,AquaJet|||M|||50|,,,,,Water]Landorus-Therian||AbilityShield|Intimidate|Protect,StompingTantrum,RockSlide,Uturn|||M|||50|,,,,,Fairy]Weezing-Galar||SitrusBerry|NeutralizingGas|Protect,WillOWisp,DazzlingGleam,SludgeBomb|||F|||50|,,,,,Grass]Rillaboom||ChoiceBand|GrassySurge|GrassyGlide,WoodHammer,HighHorsepower,Uturn|||M|||50|,,,,,Grass]Overqwil||SafetyGoggles|Intimidate|Protect,Taunt,GunkShot,Crunch|||M|||50|,,,,,Water\n|showteam|p2|Scream Tail||BoosterEnergy|Protosynthesis|DazzlingGleam,Encore,Disable,Protect||||||50|,,,,,Steel]Arcanine-Hisui||ChoiceBand|Intimidate|FlareBlitz,ExtremeSpeed,RockSlide,TeraBlast|||F|||50|,,,,,Fairy]Urshifu||BlackGlasses|UnseenFist|WickedBlow,SuckerPunch,CloseCombat,Taunt|||F|||50|,,,,,Dark]Ribombee||FocusSash|ShieldDust|Tailwind,PollenPuff,Moonblast,SunnyDay|||M|||50|,,,,,Water]Palafin||MysticWater|ZerotoHero|JetPunch,WaveCrash,Protect,CloseCombat|||M|||50|,,,,,Water]Brute Bonnet||SitrusBerry|Protosynthesis|Spore,SeedBomb,Crunch,Protect||||||50|,,,,,Fairy\n|c|\u2606WilfredVGC|glhf!\n|\n|t:|1700342125\n|start\n|switch|p1a: Global Warming|Weezing-Galar, L50, F|100\/100\n|switch|p1b: Feesh|Basculegion, L50, M|100\/100\n|switch|p2a: Brute Wilfred|Brute Bonnet, L50|100\/100\n|switch|p2b: Wilfredfan|Palafin, L50, M|100\/100\n|-ability|p1a: Global Warming|Neutralizing Gas\n|turn|1\n|c|\u2606theeuph|GLHF!\n|\n|t:|1700342159\n|detailschange|p2b: Wilfredfan|Palafin-Hero, L50, M\n|switch|p2b: Scream Wilfred|Scream Tail, L50|100\/100\n|-enditem|p2b: Scream Wilfred|Booster Energy\n|-activate|p2b: Scream Wilfred|ability: Protosynthesis|[fromitem]\n|-start|p2b: Scream Wilfred|protosynthesisspe\n|move|p2a: Brute Wilfred|Protect|p2a: Brute Wilfred\n|-singleturn|p2a: Brute Wilfred|Protect\n|move|p1b: Feesh|Flip Turn|p2b: Scream Wilfred\n|-damage|p2b: Scream Wilfred|78\/100\n|\n|t:|1700342176\n|switch|p1b: Chalk Talk|Landorus-Therian, L50, M|100\/100|[from] Flip Turn\n|-ability|p1b: Chalk Talk|Intimidate|boost\n|-unboost|p2a: Brute Wilfred|atk|1\n|-unboost|p2b: Scream Wilfred|atk|1\n|move|p1a: Global Warming|Will-O-Wisp|p2a: Brute Wilfred\n|-activate|p2a: Brute Wilfred|move: Protect\n|\n|upkeep\n|turn|2\n|\n|t:|1700342205\n|-terastallize|p2a: Brute Wilfred|Fairy\n|move|p2b: Scream Wilfred|Disable|p1a: Global Warming\n|-start|p1a: Global Warming|Disable|Will-O-Wisp\n|move|p1b: Chalk Talk|U-turn|p2a: Brute Wilfred\n|-resisted|p2a: Brute Wilfred\n|-damage|p2a: Brute Wilfred|90\/100\n|\n|t:|1700342212\n|switch|p1b: Big Hams|Iron Hands, L50|100\/100|[from] U-turn\n|move|p1a: Global Warming|Sludge Bomb|p2a: Brute Wilfred\n|-supereffective|p2a: Brute Wilfred\n|-damage|p2a: Brute Wilfred|44\/100\n|-enditem|p2a: Brute Wilfred|Sitrus Berry|[eat]\n|-heal|p2a: Brute Wilfred|69\/100|[from] item: Sitrus Berry\n|move|p2a: Brute Wilfred|Spore|p1b: Big Hams\n|-status|p1b: Big Hams|slp|[from] move: Spore\n|\n|upkeep\n|turn|3\n|\n|t:|1700342230\n|-end|p2b: Scream Wilfred|Protosynthesis|[silent]\n|switch|p2b: Wilfredfan|Palafin-Hero, L50, M|100\/100\n|-activate|p2b: Wilfredfan|ability: Zero to Hero\n|move|p1a: Global Warming|Sludge Bomb|p2a: Brute Wilfred\n|-supereffective|p2a: Brute Wilfred\n|-damage|p2a: Brute Wilfred|26\/100\n|cant|p1b: Big Hams|slp\n|move|p2a: Brute Wilfred|Spore|p1a: Global Warming\n|-status|p1a: Global Warming|slp|[from] move: Spore\n|\n|upkeep\n|turn|4\n|\n|t:|1700342249\n|-end|p2a: Brute Wilfred|Protosynthesis|[silent]\n|switch|p2a: Wilfrednine|Arcanine-Hisui, L50, F|100\/100\n|move|p2b: Wilfredfan|Wave Crash|p1a: Global Warming\n|-damage|p1a: Global Warming|30\/100 slp\n|-enditem|p1a: Global Warming|Sitrus Berry|[eat]\n|-heal|p1a: Global Warming|55\/100 slp|[from] item: Sitrus Berry\n|-damage|p2b: Wilfredfan|81\/100|[from] Recoil\n|cant|p1a: Global Warming|slp\n|-curestatus|p1b: Big Hams|slp|[msg]\n|move|p1b: Big Hams|Wild Charge|p2b: Wilfredfan\n|-supereffective|p2b: Wilfredfan\n|-damage|p2b: Wilfredfan|0 fnt\n|faint|p2b: Wilfredfan\n|-damage|p1b: Big Hams|82\/100|[from] Recoil\n|\n|upkeep\n|\n|t:|1700342259\n|switch|p2b: Brute Wilfred|Brute Bonnet, L50, tera:Fairy|26\/100\n|turn|5\n|\n|t:|1700342270\n|-end|p1a: Global Warming|ability: Neutralizing Gas\n|-ability|p2a: Wilfrednine|Intimidate|boost\n|-unboost|p1a: Global Warming|atk|1\n|-unboost|p1b: Big Hams|atk|1\n|switch|p1a: Chalk Talk|Landorus-Therian, L50, M|100\/100\n|-ability|p1a: Chalk Talk|Intimidate|boost\n|-unboost|p2a: Wilfrednine|atk|1\n|-unboost|p2b: Brute Wilfred|atk|1\n|move|p2a: Wilfrednine|Flare Blitz|p1a: Chalk Talk\n|-damage|p1a: Chalk Talk|33\/100\n|-damage|p2a: Wilfrednine|82\/100|[from] Recoil\n|move|p1b: Big Hams|Heavy Slam|p2b: Brute Wilfred\n|-supereffective|p2b: Brute Wilfred\n|-damage|p2b: Brute Wilfred|0 fnt\n|faint|p2b: Brute Wilfred\n|-end|p2b: Brute Wilfred|Protosynthesis|[silent]\n|\n|upkeep\n|\n|t:|1700342276\n|switch|p2b: Scream Wilfred|Scream Tail, L50|78\/100\n|turn|6\n|\n|t:|1700342303\n|move|p2b: Scream Wilfred|Dazzling Gleam|p1a: Chalk Talk|[spread] p1a,p1b\n|-supereffective|p1b: Big Hams\n|-crit|p1b: Big Hams\n|-damage|p1a: Chalk Talk|14\/100\n|-damage|p1b: Big Hams|54\/100\n|move|p1a: Chalk Talk|Stomping Tantrum|p2a: Wilfrednine\n|-supereffective|p2a: Wilfrednine\n|-damage|p2a: Wilfrednine|0 fnt\n|faint|p2a: Wilfrednine\n|move|p1b: Big Hams|Heavy Slam|p2b: Scream Wilfred\n|-supereffective|p2b: Scream Wilfred\n|-damage|p2b: Scream Wilfred|27\/100\n|\n|upkeep\n|turn|7\n|c|\u2606WilfredVGC|ggs!\n|\n|t:|1700342316\n|move|p2b: Scream Wilfred|Dazzling Gleam|p1b: Big Hams|[spread] p1a,p1b\n|-supereffective|p1b: Big Hams\n|-crit|p1b: Big Hams\n|-damage|p1a: Chalk Talk|0 fnt\n|-damage|p1b: Big Hams|24\/100\n|faint|p1a: Chalk Talk\n|move|p1b: Big Hams|Heavy Slam|p2b: Scream Wilfred\n|-supereffective|p2b: Scream Wilfred\n|-damage|p2b: Scream Wilfred|0 fnt\n|faint|p2b: Scream Wilfred\n|-end|p2b: Scream Wilfred|Protosynthesis|[silent]\n|\n|win|theeuph\n|c|\u2606theeuph|ggwp!! fun set\n|c|\u2606WilfredVGC|for sure\n","uploadtime":1700342335,"views":15,"p1id":"theeuph","p2id":"wilfredvgc","formatid":"gen9vgc2023regulatione","rating":0,"private":0,"password":""}