{"id":"gen9vgc2023regulatione-1998459588","p1":"NurDerLenn","p2":"AraArandom","format":"[Gen 9] VGC 2023 Regulation E","log":"|j|\u2606NurDerLenn\n|j|\u2606AraArandom\n|t:|1700944713\n|gametype|doubles\n|player|p1|NurDerLenn|beauty-gen6xy|\n|player|p2|AraArandom|crasherwake|\n|teamsize|p1|6\n|teamsize|p2|6\n|gen|9\n|tier|[Gen 9] VGC 2023 Regulation E\n|rule|Species Clause: Limit one of each Pok\u00e9mon\n|rule|Item Clause: Limit one of each item\n|clearpoke\n|poke|p1|Amoonguss, L50, M|\n|poke|p1|Urshifu-*, L50, M|\n|poke|p1|Arcanine-Hisui, L50, M|\n|poke|p1|Ogerpon-Hearthflame, L50, F|\n|poke|p1|Iron Hands, L50|\n|poke|p1|Tornadus, L50, M|\n|poke|p2|Clefairy, L50, F|\n|poke|p2|Tornadus, L50, M|\n|poke|p2|Flutter Mane, L50|\n|poke|p2|Urshifu-*, L50, F|\n|poke|p2|Iron Hands, L50|\n|poke|p2|Ogerpon-Hearthflame, L50, F|\n|teampreview|4\n|inactive|Battle timer is ON: inactive players will automatically lose when time's up. (requested by NurDerLenn)\n|inactiveoff|Battle timer is now OFF.\nNurDerLenn has agreed to open team sheets.\nAraArandom has agreed to open team sheets.\n|showteam|p1|Amoonguss||RockyHelmet|Regenerator|Spore,RagePowder,PollenPuff,Protect|||M|||50|,,,,,Water]Urshifu-Rapid-Strike||MysticWater|UnseenFist|SurgingStrikes,CloseCombat,AquaJet,Uturn|||M|||50|,,,,,Water]Arcanine-Hisui||SitrusBerry|Intimidate|ExtremeSpeed,RockSlide,FlareBlitz,Howl|||M|||50|,,,,,Normal]Ogerpon-Hearthflame||HearthflameMask|MoldBreaker|IvyCudgel,SpikyShield,HornLeech,SwordsDance|||F|||50|,,,,,Fire]Iron Hands||AssaultVest|QuarkDrive|DrainPunch,FakeOut,WildCharge,HeavySlam||||||50|,,,,,Fighting]Tornadus||EjectButton|Prankster|Tailwind,BleakwindStorm,Taunt,Protect|||M|||50|,,,,,Flying\n|showteam|p2|Clefairy||Eviolite|FriendGuard|FollowMe,HelpingHand,HealPulse,Encore|||F|||50|,,,,,Fairy]Tornadus||CovertCloak|Prankster|Tailwind,BleakwindStorm,Taunt,IcyWind|||M|||50|,,,,,Flying]Flutter Mane||BoosterEnergy|Protosynthesis|DazzlingGleam,Moonblast,ShadowBall,MysticalFire||||||50|,,,,,Ghost]Urshifu-Rapid-Strike||MysticWater|UnseenFist|SurgingStrikes,CloseCombat,AquaJet,Uturn|||F|||50|,,,,,Water]Iron Hands||AssaultVest|QuarkDrive|DrainPunch,FakeOut,WildCharge,VoltSwitch||||||50|,,,,,Fighting]Ogerpon-Hearthflame||HearthflameMask|MoldBreaker|IvyCudgel,SwordsDance,SpikyShield,HornLeech|||F|||50|,,,,,Fire\n|\n|t:|1700944757\n|start\n|switch|p1a: Iron Hands|Iron Hands, L50|100\/100\n|switch|p1b: Tornadus|Tornadus, L50, M|100\/100\n|switch|p2a: guy|Tornadus, L50, M|100\/100\n|switch|p2b: why|Urshifu-Rapid-Strike, L50, F|100\/100\n|turn|1\n|\n|t:|1700944793\n|move|p1a: Iron Hands|Fake Out|p2a: guy\n|-damage|p2a: guy|75\/100\n|move|p2a: guy|Taunt|p1b: Tornadus\n|-start|p1b: Tornadus|move: Taunt\n|cant|p1b: Tornadus|move: Taunt|Taunt\n|move|p2b: why|U-turn|p1a: Iron Hands\n|-resisted|p1a: Iron Hands\n|-damage|p1a: Iron Hands|93\/100\n|\n|t:|1700944808\n|switch|p2b: hand|Iron Hands, L50, shiny|100\/100|[from] U-turn\n|\n|upkeep\n|turn|2\n|\n|t:|1700944852\n|-end|p1a: Iron Hands|Quark Drive|[silent]\n|switch|p1a: Amoonguss|Amoonguss, L50, M, shiny|100\/100\n|move|p2a: guy|Tailwind|p2a: guy\n|-sidestart|p2: AraArandom|move: Tailwind\n|move|p2b: hand|Wild Charge|p1b: Tornadus\n|-supereffective|p1b: Tornadus\n|-crit|p1b: Tornadus\n|-damage|p1b: Tornadus|0 fnt\n|faint|p1b: Tornadus\n|-damage|p2b: hand|82\/100|[from] Recoil\n|\n|upkeep\n|\n|t:|1700944866\n|switch|p1b: Iron Hands|Iron Hands, L50|93\/100\n|turn|3\n|\n|t:|1700944887\n|move|p1b: Iron Hands|Fake Out|p2b: hand\n|-damage|p2b: hand|71\/100\n|move|p2a: guy|Bleakwind Storm|p1b: Iron Hands|[spread] p1a,p1b\n|-supereffective|p1a: Amoonguss\n|-crit|p1b: Iron Hands\n|-damage|p1a: Amoonguss|52\/100\n|-damage|p1b: Iron Hands|55\/100\n|-unboost|p1a: Amoonguss|spe|1\n|-unboost|p1b: Iron Hands|spe|1\n|cant|p2b: hand|flinch\n|move|p1a: Amoonguss|Spore|p2b: hand\n|-status|p2b: hand|slp|[from] move: Spore\n|\n|upkeep\n|turn|4\n|\n|t:|1700944926\n|-end|p2b: hand|Quark Drive|[silent]\n|switch|p2b: Girlbossiest|Ogerpon-Hearthflame, L50, F|100\/100\n|-ability|p2b: Girlbossiest|Mold Breaker\n|move|p2a: guy|Bleakwind Storm|p1a: Amoonguss|[spread] p1a\n|-miss|p2a: guy|p1b: Iron Hands\n|-supereffective|p1a: Amoonguss\n|-damage|p1a: Amoonguss|5\/100\n|move|p1b: Iron Hands|Wild Charge|p2a: guy\n|-supereffective|p2a: guy\n|-damage|p2a: guy|0 fnt\n|faint|p2a: guy\n|-damage|p1b: Iron Hands|44\/100|[from] Recoil\n|move|p1a: Amoonguss|Spore|p2b: Girlbossiest\n|-immune|p2b: Girlbossiest\n|\n|upkeep\n|\n|t:|1700944943\n|switch|p2a: why|Urshifu-Rapid-Strike, L50, F|100\/100\n|turn|5\n|\n|t:|1700944962\n|-end|p1b: Iron Hands|Quark Drive|[silent]\n|switch|p1b: Urshifu|Urshifu-Rapid-Strike, L50, M|100\/100\n|-terastallize|p2a: why|Water\n|move|p1a: Amoonguss|Rage Powder|p1a: Amoonguss\n|-singleturn|p1a: Amoonguss|move: Rage Powder\n|move|p2a: why|Surging Strikes|p1a: Amoonguss\n|-resisted|p1a: Amoonguss\n|-crit|p1a: Amoonguss\n|-damage|p1a: Amoonguss|0 fnt\n|-damage|p2a: why|84\/100|[from] item: Rocky Helmet|[of] p1a: Amoonguss\n|faint|p1a: Amoonguss\n|-hitcount|p1: Amoonguss|1\n|move|p2b: Girlbossiest|Ivy Cudgel|p1b: Urshifu|[anim] Ivy Cudgel Fire\n|-resisted|p1b: Urshifu\n|-damage|p1b: Urshifu|64\/100\n|\n|-sideend|p2: AraArandom|move: Tailwind\n|upkeep\n|\n|t:|1700944976\n|switch|p1a: Iron Hands|Iron Hands, L50|44\/100\n|turn|6\n|\n|t:|1700945004\n|-terastallize|p1b: Urshifu|Water\n|move|p2b: Girlbossiest|Spiky Shield|p2b: Girlbossiest\n|-singleturn|p2b: Girlbossiest|move: Protect\n|move|p1a: Iron Hands|Fake Out|p2a: why\n|-damage|p2a: why|67\/100\n|cant|p2a: why|flinch\n|move|p1b: Urshifu|Surging Strikes|p2b: Girlbossiest\n|-crit|p2b: Girlbossiest\n|-damage|p2b: Girlbossiest|56\/100\n|-crit|p2b: Girlbossiest\n|-damage|p2b: Girlbossiest|13\/100\n|-crit|p2b: Girlbossiest\n|-damage|p2b: Girlbossiest|0 fnt\n|faint|p2b: Girlbossiest\n|-hitcount|p2: Girlbossiest|3\n|\n|upkeep\n|\n|t:|1700945018\n|switch|p2b: hand|Iron Hands, L50, shiny|71\/100 slp\n|turn|7\n|\n|t:|1700945034\n|move|p2a: why|Aqua Jet|p1a: Iron Hands\n|-damage|p1a: Iron Hands|20\/100\n|move|p1b: Urshifu|Surging Strikes|p2a: why\n|-resisted|p2a: why\n|-crit|p2a: why\n|-damage|p2a: why|48\/100\n|-resisted|p2a: why\n|-crit|p2a: why\n|-damage|p2a: why|32\/100\n|-resisted|p2a: why\n|-crit|p2a: why\n|-damage|p2a: why|14\/100\n|-hitcount|p2a: why|3\n|move|p1a: Iron Hands|Wild Charge|p2a: why\n|-supereffective|p2a: why\n|-damage|p2a: why|0 fnt\n|faint|p2a: why\n|-damage|p1a: Iron Hands|18\/100|[from] Recoil\n|cant|p2b: hand|slp\n|\n|upkeep\n|turn|8\n|\n|t:|1700945056\n|move|p1b: Urshifu|Close Combat|p2b: hand\n|-damage|p2b: hand|31\/100 slp\n|-unboost|p1b: Urshifu|def|1\n|-unboost|p1b: Urshifu|spd|1\n|move|p1a: Iron Hands|Drain Punch|p2b: hand\n|-damage|p2b: hand|2\/100 slp\n|-heal|p1a: Iron Hands|32\/100|[from] drain|[of] p2b: hand\n|cant|p2b: hand|slp\n|\n|upkeep\n|turn|9\n|\n|t:|1700945074\n|move|p1b: Urshifu|U-turn|p2b: hand\n|-resisted|p2b: hand\n|-damage|p2b: hand|0 fnt\n|faint|p2b: hand\n|-end|p2b: hand|Quark Drive|[silent]\n|\n|win|NurDerLenn\n","uploadtime":1700945253,"views":4,"p1id":"nurderlenn","p2id":"araarandom","formatid":"gen9vgc2023regulatione","rating":0,"private":0,"password":""}