{"id":"gen9vgc2023regulatione-1990597683","p1":"Spo0kyMelon","p2":"TrapZelda","format":"[Gen 9] VGC 2023 Regulation E","log":"|j|\u2606Spo0kyMelon\n|j|\u2606TrapZelda\n|t:|1699984504\n|gametype|doubles\n|player|p1|Spo0kyMelon|bugcatcher-gen4dp|1318\n|player|p2|TrapZelda|2|1419\n|teamsize|p1|6\n|teamsize|p2|6\n|gen|9\n|tier|[Gen 9] VGC 2023 Regulation E\n|rated|\n|rule|Species Clause: Limit one of each Pok\u00e9mon\n|rule|Item Clause: Limit one of each item\n|clearpoke\n|poke|p1|Roaring Moon, L50|\n|poke|p1|Tinkaton, L50, F|\n|poke|p1|Gyarados, L50, F|\n|poke|p1|Armarouge, L50, M|\n|poke|p1|Sinistcha, L50|\n|poke|p1|Iron Valiant, L50|\n|poke|p2|Annihilape, L50, M|\n|poke|p2|Stantler, L50, F|\n|poke|p2|Maushold, L50|\n|poke|p2|Vikavolt, L50, F|\n|poke|p2|Crawdaunt, L50, M|\n|poke|p2|Cresselia, L50, F|\n|teampreview|4\n|inactive|Battle timer is ON: inactive players will automatically lose when time's up. (requested by TrapZelda)\n|\n|t:|1699984538\n|start\n|switch|p1a: Roaring Moon|Roaring Moon, L50|100\/100\n|switch|p1b: Tinkaton|Tinkaton, L50, F|100\/100\n|switch|p2a: Annihilape|Annihilape, L50, M|100\/100\n|switch|p2b: Stantler|Stantler, L50, F|100\/100\n|-ability|p2b: Stantler|Intimidate|boost\n|-unboost|p1a: Roaring Moon|atk|1\n|-fail|p1b: Tinkaton|unboost|Attack|[from] ability: Own Tempo|[of] p1b: Tinkaton\n|-enditem|p1a: Roaring Moon|Booster Energy\n|-activate|p1a: Roaring Moon|ability: Protosynthesis|[fromitem]\n|-start|p1a: Roaring Moon|protosynthesisspe\n|turn|1\n|inactive|TrapZelda has 30 seconds left.\n|\n|t:|1699984566\n|move|p1a: Roaring Moon|Knock Off|p2b: Stantler\n|-damage|p2b: Stantler|73\/100\n|-enditem|p2b: Stantler|Eviolite|[from] move: Knock Off|[of] p1a: Roaring Moon\n|move|p1b: Tinkaton|Gigaton Hammer|p2b: Stantler\n|-damage|p2b: Stantler|0 fnt\n|faint|p2b: Stantler\n|move|p2a: Annihilape|Drain Punch|p1b: Tinkaton\n|-damage|p1b: Tinkaton|59\/100\n|\n|upkeep\n|\n|t:|1699984579\n|switch|p2b: Vikavolt|Vikavolt, L50, F|100\/100\n|turn|2\n|\n|t:|1699984589\n|-terastallize|p2a: Annihilape|Ground\n|move|p1a: Roaring Moon|Knock Off|p2a: Annihilape\n|-damage|p2a: Annihilape|71\/100\n|-enditem|p2a: Annihilape|Leftovers|[from] move: Knock Off|[of] p1a: Roaring Moon\n|move|p1b: Tinkaton|Play Rough|p2a: Annihilape\n|-damage|p2a: Annihilape|35\/100\n|move|p2a: Annihilape|Earthquake|p1a: Roaring Moon|[spread] p1a,p1b\n|-immune|p2b: Vikavolt|[from] ability: Levitate\n|-supereffective|p1b: Tinkaton\n|-damage|p1a: Roaring Moon|68\/100\n|-damage|p1b: Tinkaton|0 fnt\n|faint|p1b: Tinkaton\n|move|p2b: Vikavolt|Discharge|p1a: Roaring Moon|[spread] p1a\n|-immune|p2a: Annihilape\n|-resisted|p1a: Roaring Moon\n|-damage|p1a: Roaring Moon|44\/100\n|\n|upkeep\n|\n|t:|1699984607\n|switch|p1b: Iron Valiant|Iron Valiant, L50|100\/100\n|turn|3\n|\n|t:|1699984618\n|move|p2a: Annihilape|Protect|p2a: Annihilape\n|-singleturn|p2a: Annihilape|Protect\n|move|p1a: Roaring Moon|Knock Off|p2b: Vikavolt\n|-damage|p2b: Vikavolt|68\/100\n|-enditem|p2b: Vikavolt|Choice Specs|[from] move: Knock Off|[of] p1a: Roaring Moon\n|move|p1b: Iron Valiant|Moonblast|p2a: Annihilape\n|-activate|p2a: Annihilape|move: Protect\n|move|p2b: Vikavolt|Discharge|p1a: Roaring Moon|[spread] p1a,p1b\n|-activate|p2a: Annihilape|move: Protect\n|-resisted|p1a: Roaring Moon\n|-damage|p1a: Roaring Moon|28\/100\n|-damage|p1b: Iron Valiant|34\/100\n|-status|p1a: Roaring Moon|par\n|-status|p1b: Iron Valiant|par\n|\n|upkeep\n|turn|4\n|\n|t:|1699984640\n|move|p1a: Roaring Moon|Tailwind|p1a: Roaring Moon\n|-sidestart|p1: Spo0kyMelon|move: Tailwind\n|cant|p1b: Iron Valiant|par\n|move|p2a: Annihilape|Earthquake|p1a: Roaring Moon|[spread] p1a,p1b\n|-immune|p2b: Vikavolt|[from] ability: Levitate\n|-damage|p1a: Roaring Moon|0 fnt\n|-damage|p1b: Iron Valiant|0 fnt\n|faint|p1a: Roaring Moon\n|-end|p1a: Roaring Moon|Protosynthesis|[silent]\n|faint|p1b: Iron Valiant\n|-end|p1b: Iron Valiant|Quark Drive|[silent]\n|move|p2b: Vikavolt|Discharge|p2a: Annihilape\n|-immune|p2a: Annihilape\n|\n|upkeep\n|\n|t:|1699984652\n|switch|p1b: Armarouge|Armarouge, L50, M|100\/100\n|turn|5\n|\n|t:|1699984661\n|-terastallize|p1b: Armarouge|Grass\n|move|p1b: Armarouge|Heat Wave|p2b: Vikavolt|[spread] p2a,p2b\n|-supereffective|p2b: Vikavolt\n|-damage|p2a: Annihilape|10\/100\n|-damage|p2b: Vikavolt|0 fnt\n|faint|p2b: Vikavolt\n|move|p2a: Annihilape|Rage Fist|p1b: Armarouge\n|-damage|p1b: Armarouge|18\/100\n|\n|-heal|p1b: Armarouge|24\/100|[from] item: Leftovers\n|upkeep\n|\n|t:|1699984674\n|switch|p2b: Crawdaunt|Crawdaunt, L50, M|100\/100\n|turn|6\n|\n|t:|1699984686\n|move|p1b: Armarouge|Protect|p1b: Armarouge\n|-singleturn|p1b: Armarouge|Protect\n|move|p2a: Annihilape|Rage Fist|p1b: Armarouge\n|-activate|p1b: Armarouge|move: Protect\n|move|p2b: Crawdaunt|Knock Off|p1b: Armarouge\n|-activate|p1b: Armarouge|move: Protect\n|\n|-heal|p1b: Armarouge|30\/100|[from] item: Leftovers\n|upkeep\n|turn|7\n|\n|t:|1699984703\n|move|p1b: Armarouge|Heat Wave|p2a: Annihilape|[spread] p2a,p2b\n|-resisted|p2b: Crawdaunt\n|-damage|p2a: Annihilape|0 fnt\n|-damage|p2b: Crawdaunt|72\/100\n|faint|p2a: Annihilape\n|move|p2b: Crawdaunt|Knock Off|p1b: Armarouge\n|-damage|p1b: Armarouge|0 fnt\n|-enditem|p1b: Armarouge|Leftovers|[from] move: Knock Off|[of] p2b: Crawdaunt\n|faint|p1b: Armarouge\n|\n|win|TrapZelda\n|raw|Spo0kyMelon's rating: 1318 &rarr; <strong>1304<\/strong><br \/>(-14 for losing)\n|raw|TrapZelda's rating: 1419 &rarr; <strong>1433<\/strong><br \/>(+14 for winning)\n|c|\u2606Spo0kyMelon|gg\n|c|\u2606TrapZelda|Gg\n|l|\u2606Spo0kyMelon\n","uploadtime":1699984724,"views":12,"p1id":"spo0kymelon","p2id":"trapzelda","formatid":"gen9vgc2023regulatione","rating":1304,"private":0,"password":""}