{"id":"gen9vgc2023regulatione-1990317561","p1":"MomoRingo","p2":"eru_kh","format":"[Gen 9] VGC 2023 Regulation E","log":"|j|\u2606MomoRingo\n|j|\u2606eru_kh\n|t:|1699955836\n|gametype|doubles\n|player|p1|MomoRingo|rosa|1595\n|player|p2|eru_kh|102|1610\n|teamsize|p1|6\n|teamsize|p2|6\n|gen|9\n|tier|[Gen 9] VGC 2023 Regulation E\n|rated|\n|rule|Species Clause: Limit one of each Pok\u00e9mon\n|rule|Item Clause: Limit one of each item\n|clearpoke\n|poke|p1|Flutter Mane, L50|\n|poke|p1|Urshifu-*, L50, M|\n|poke|p1|Landorus-Therian, L50, M|\n|poke|p1|Tornadus, L50, M|\n|poke|p1|Rillaboom, L50, F|\n|poke|p1|Iron Hands, L50|\n|poke|p2|Fezandipiti, L50, M|\n|poke|p2|Dondozo, L50, M|\n|poke|p2|Ogerpon-Wellspring, L50, F|\n|poke|p2|Heatran, L50, F|\n|poke|p2|Tatsugiri, L50, F|\n|poke|p2|Iron Hands, L50|\n|teampreview|4\n|\n|t:|1699955850\n|start\n|switch|p1a: Iron Hands|Iron Hands, L50|100\/100\n|switch|p1b: Urshifu|Urshifu-Rapid-Strike, L50, M|100\/100\n|switch|p2a: Fezandipiti|Fezandipiti, L50, M|100\/100\n|switch|p2b: Dondozo|Dondozo, L50, M|100\/100\n|turn|1\n|j| 5Sscreen\n|j| DittoTang\n|\n|t:|1699955889\n|switch|p2b: Iron Hands|Iron Hands, L50|100\/100\n|move|p1a: Iron Hands|Fake Out|p2a: Fezandipiti\n|-damage|p2a: Fezandipiti|83\/100\n|move|p1b: Urshifu|Surging Strikes|p2a: Fezandipiti\n|-crit|p2a: Fezandipiti\n|-damage|p2a: Fezandipiti|57\/100\n|-crit|p2a: Fezandipiti\n|-damage|p2a: Fezandipiti|29\/100\n|-enditem|p2a: Fezandipiti|Sitrus Berry|[eat]\n|-heal|p2a: Fezandipiti|54\/100|[from] item: Sitrus Berry\n|-crit|p2a: Fezandipiti\n|-damage|p2a: Fezandipiti|28\/100\n|-hitcount|p2a: Fezandipiti|3\n|cant|p2a: Fezandipiti|flinch\n|\n|upkeep\n|turn|2\n|\n|t:|1699955913\n|move|p1b: Urshifu|Detect|p1b: Urshifu\n|-singleturn|p1b: Urshifu|Protect\n|move|p2b: Iron Hands|Fake Out|p1b: Urshifu\n|-activate|p1b: Urshifu|move: Protect\n|move|p2a: Fezandipiti|Dazzling Gleam|p1b: Urshifu|[spread] p1a\n|-activate|p1b: Urshifu|move: Protect\n|-supereffective|p1a: Iron Hands\n|-damage|p1a: Iron Hands|73\/100\n|move|p1a: Iron Hands|Heavy Slam|p2a: Fezandipiti\n|-supereffective|p2a: Fezandipiti\n|-damage|p2a: Fezandipiti|0 fnt\n|faint|p2a: Fezandipiti\n|\n|upkeep\n|\n|t:|1699955917\n|switch|p2a: Dondozo|Dondozo, L50, M|100\/100\n|turn|3\n|\n|t:|1699955931\n|-end|p2b: Iron Hands|Quark Drive|[silent]\n|switch|p2b: Tatsugiri|Tatsugiri, L50, F|100\/100\n|-activate|p2b: Tatsugiri|ability: Commander|[of] p2a: Dondozo\n|-boost|p2a: Dondozo|atk|2\n|-boost|p2a: Dondozo|spa|2\n|-boost|p2a: Dondozo|spe|2\n|-boost|p2a: Dondozo|def|2\n|-boost|p2a: Dondozo|spd|2\n|-terastallize|p1b: Urshifu|Grass\n|move|p1b: Urshifu|Surging Strikes|p2b: Tatsugiri|[miss]\n|-miss|p1b: Urshifu|p2b: Tatsugiri\n|move|p2a: Dondozo|Earthquake|p1b: Urshifu|[spread] p1a,p1b\n|-miss|p2a: Dondozo|p2b: Tatsugiri\n|-supereffective|p1a: Iron Hands\n|-resisted|p1b: Urshifu\n|-damage|p1a: Iron Hands|24\/100\n|-damage|p1b: Urshifu|84\/100\n|move|p1a: Iron Hands|Wild Charge|p2a: Dondozo\n|-supereffective|p2a: Dondozo\n|-damage|p2a: Dondozo|68\/100\n|-damage|p1a: Iron Hands|15\/100|[from] Recoil\n|\n|-heal|p2a: Dondozo|74\/100|[from] item: Leftovers\n|upkeep\n|turn|4\n|\n|t:|1699955955\n|-end|p1a: Iron Hands|Quark Drive|[silent]\n|switch|p1a: Tornadus|Tornadus, L50, M|100\/100\n|move|p1b: Urshifu|Surging Strikes|p2a: Dondozo\n|-resisted|p2a: Dondozo\n|-crit|p2a: Dondozo\n|-damage|p2a: Dondozo|65\/100\n|-resisted|p2a: Dondozo\n|-crit|p2a: Dondozo\n|-damage|p2a: Dondozo|57\/100\n|-resisted|p2a: Dondozo\n|-crit|p2a: Dondozo\n|-damage|p2a: Dondozo|48\/100\n|-hitcount|p2a: Dondozo|3\n|move|p2a: Dondozo|Earthquake|p1b: Urshifu|[spread] p1b\n|-miss|p2a: Dondozo|p2b: Tatsugiri\n|-immune|p1a: Tornadus\n|-resisted|p1b: Urshifu\n|-damage|p1b: Urshifu|68\/100\n|\n|-heal|p2a: Dondozo|54\/100|[from] item: Leftovers\n|upkeep\n|turn|5\n|\n|t:|1699955974\n|move|p1b: Urshifu|Surging Strikes|p2a: Dondozo\n|-resisted|p2a: Dondozo\n|-crit|p2a: Dondozo\n|-damage|p2a: Dondozo|45\/100\n|-resisted|p2a: Dondozo\n|-crit|p2a: Dondozo\n|-damage|p2a: Dondozo|38\/100\n|-resisted|p2a: Dondozo\n|-crit|p2a: Dondozo\n|-damage|p2a: Dondozo|31\/100\n|-hitcount|p2a: Dondozo|3\n|move|p1a: Tornadus|Bleakwind Storm|p2a: Dondozo|[spread] p2a\n|-miss|p1a: Tornadus|p2b: Tatsugiri\n|-damage|p2a: Dondozo|21\/100\n|move|p2a: Dondozo|Order Up|p1b: Urshifu\n|-damage|p1b: Urshifu|32\/100\n|-boost|p2a: Dondozo|atk|1\n|\n|-heal|p2a: Dondozo|27\/100|[from] item: Leftovers\n|upkeep\n|turn|6\n|\n|t:|1699955998\n|move|p1b: Urshifu|Surging Strikes|p2a: Dondozo\n|-resisted|p2a: Dondozo\n|-crit|p2a: Dondozo\n|-damage|p2a: Dondozo|19\/100\n|-resisted|p2a: Dondozo\n|-crit|p2a: Dondozo\n|-damage|p2a: Dondozo|10\/100\n|-resisted|p2a: Dondozo\n|-crit|p2a: Dondozo\n|-damage|p2a: Dondozo|2\/100\n|-hitcount|p2a: Dondozo|3\n|move|p1a: Tornadus|Bleakwind Storm|p2a: Dondozo|[spread] p2a\n|-miss|p1a: Tornadus|p2b: Tatsugiri\n|-damage|p2a: Dondozo|0 fnt\n|faint|p2a: Dondozo\n|\n|upkeep\n|\n|t:|1699956001\n|switch|p2a: Iron Hands|Iron Hands, L50|100\/100\n|turn|7\n|\n|t:|1699956013\n|move|p1b: Urshifu|Detect|p1b: Urshifu\n|-singleturn|p1b: Urshifu|Protect\n|move|p1a: Tornadus|Tailwind|p1a: Tornadus\n|-sidestart|p1: MomoRingo|move: Tailwind\n|move|p2b: Tatsugiri|Icy Wind|p1b: Urshifu|[spread] p1a\n|-activate|p1b: Urshifu|move: Protect\n|-supereffective|p1a: Tornadus\n|-damage|p1a: Tornadus|74\/100\n|-unboost|p1a: Tornadus|spe|1\n|move|p2a: Iron Hands|Wild Charge|p1a: Tornadus\n|-supereffective|p1a: Tornadus\n|-damage|p1a: Tornadus|0 fnt\n|faint|p1a: Tornadus\n|-damage|p2a: Iron Hands|86\/100|[from] Recoil\n|\n|upkeep\n|\n|t:|1699956046\n|switch|p1a: Flutter Mane|Flutter Mane, L50|100\/100\n|turn|8\n|l| DittoTang\n|\n|t:|1699956079\n|-terastallize|p2a: Iron Hands|Grass\n|move|p1a: Flutter Mane|Dazzling Gleam|p2a: Iron Hands|[spread] p2a,p2b\n|-supereffective|p2b: Tatsugiri\n|-damage|p2a: Iron Hands|65\/100\n|-damage|p2b: Tatsugiri|0 fnt\n|faint|p2b: Tatsugiri\n|move|p1b: Urshifu|Surging Strikes|p2a: Iron Hands\n|-resisted|p2a: Iron Hands\n|-crit|p2a: Iron Hands\n|-damage|p2a: Iron Hands|56\/100\n|-resisted|p2a: Iron Hands\n|-crit|p2a: Iron Hands\n|-damage|p2a: Iron Hands|47\/100\n|-resisted|p2a: Iron Hands\n|-crit|p2a: Iron Hands\n|-damage|p2a: Iron Hands|39\/100\n|-hitcount|p2a: Iron Hands|3\n|move|p2a: Iron Hands|Wild Charge|p1a: Flutter Mane\n|-damage|p1a: Flutter Mane|16\/100\n|-damage|p2a: Iron Hands|25\/100|[from] Recoil\n|\n|upkeep\n|turn|9\n|-message|eru_kh forfeited.\n|\n|win|MomoRingo\n|raw|MomoRingo's rating: 1595 &rarr; <strong>1616<\/strong><br \/>(+21 for winning)\n|raw|eru_kh's rating: 1610 &rarr; <strong>1589<\/strong><br \/>(-21 for losing)\n|l|\u2606eru_kh\n|l|\u2606MomoRingo\n","uploadtime":1699956223,"views":9,"p1id":"momoringo","p2id":"erukh","formatid":"gen9vgc2023regulatione","rating":1589,"private":0,"password":""}