{"id":"gen9vgc2023regulatione-1998572636","p1":"UltraDre","p2":"Trevelion","format":"[Gen 9] VGC 2023 Regulation E","log":"|j|\u2606UltraDre\n|j|\u2606Trevelion\n|t:|1700957942\n|gametype|doubles\n|player|p1|UltraDre|may-masters|1348\n|player|p2|Trevelion|morty|1356\n|teamsize|p1|6\n|teamsize|p2|6\n|gen|9\n|tier|[Gen 9] VGC 2023 Regulation E\n|rated|\n|rule|Species Clause: Limit one of each Pok\u00e9mon\n|rule|Item Clause: Limit one of each item\n|clearpoke\n|poke|p1|Armarouge, L50, F|\n|poke|p1|Indeedee-F, L50, F|\n|poke|p1|Iron Hands, L50|\n|poke|p1|Landorus-Therian, L50, M|\n|poke|p1|Ursaluna, L50, M|\n|poke|p1|Ogerpon-Wellspring, L50, F|\n|poke|p2|Tyranitar, L50, M|\n|poke|p2|Lycanroc, L50, M|\n|poke|p2|Cresselia, L50, F|\n|poke|p2|Amoonguss, L50, M|\n|poke|p2|Heatran, L50, M|\n|poke|p2|Ursaluna, L50, F|\n|teampreview|4\n|inactive|Battle timer is ON: inactive players will automatically lose when time's up. (requested by UltraDre)\nUltraDre has agreed to open team sheets.\nTrevelion has agreed to open team sheets.\n|inactive|UltraDre has 30 seconds left.\n|\n|t:|1700957993\n|start\n|switch|p1a: Iron Hands|Iron Hands, L50, shiny|100\/100\n|switch|p1b: Landorus|Landorus-Therian, L50, M|100\/100\n|switch|p2a: Cresselia|Cresselia, L50, F|100\/100\n|switch|p2b: Tyranitar|Tyranitar, L50, M|100\/100\n|-ability|p1b: Landorus|Intimidate|boost\n|-unboost|p2a: Cresselia|atk|1\n|-unboost|p2b: Tyranitar|atk|1\n|-weather|Sandstorm|[from] ability: Sand Stream|[of] p2b: Tyranitar\n|turn|1\n|inactive|UltraDre has 30 seconds left.\n|\n|t:|1700958022\n|move|p1b: Landorus|U-turn|p2b: Tyranitar\n|-supereffective|p2b: Tyranitar\n|-damage|p2b: Tyranitar|41\/100\n|\n|t:|1700958025\n|switch|p1b: Ogerpon|Ogerpon-Wellspring, L50, F|100\/100|[from] U-turn\n|move|p2b: Tyranitar|Knock Off|p1a: Iron Hands\n|-resisted|p1a: Iron Hands\n|-damage|p1a: Iron Hands|88\/100\n|-enditem|p1a: Iron Hands|Sitrus Berry|[from] move: Knock Off|[of] p2b: Tyranitar\n|move|p1a: Iron Hands|Swords Dance|p1a: Iron Hands\n|-boost|p1a: Iron Hands|atk|2\n|move|p2a: Cresselia|Trick Room|p2a: Cresselia\n|-fieldstart|move: Trick Room|[of] p2a: Cresselia\n|\n|-weather|Sandstorm|[upkeep]\n|-damage|p1a: Iron Hands|82\/100|[from] Sandstorm\n|-damage|p2a: Cresselia|94\/100|[from] Sandstorm\n|-damage|p1b: Ogerpon|95\/100|[from] Sandstorm\n|upkeep\n|turn|2\n|inactive|UltraDre has 30 seconds left.\n|inactive|UltraDre has 20 seconds left.\n|inactive|UltraDre has 15 seconds left.\n|\n|t:|1700958068\n|move|p1b: Ogerpon|Follow Me|p1b: Ogerpon\n|-singleturn|p1b: Ogerpon|move: Follow Me\n|move|p1a: Iron Hands|Drain Punch|p2b: Tyranitar\n|-supereffective|p2b: Tyranitar\n|-damage|p2b: Tyranitar|0 fnt\n|-heal|p1a: Iron Hands|98\/100|[from] drain|[of] p2b: Tyranitar\n|faint|p2b: Tyranitar\n|move|p2a: Cresselia|Psychic|p1b: Ogerpon\n|-damage|p1b: Ogerpon|70\/100\n|\n|-weather|Sandstorm|[upkeep]\n|-damage|p1a: Iron Hands|92\/100|[from] Sandstorm\n|-damage|p2a: Cresselia|88\/100|[from] Sandstorm\n|-damage|p1b: Ogerpon|64\/100|[from] Sandstorm\n|upkeep\n|inactive|Trevelion has 30 seconds left.\n|inactive|Trevelion has 20 seconds left.\n|\n|t:|1700958105\n|switch|p2b: Ursaluna|Ursaluna, L50, F|100\/100\n|turn|3\n|inactive|UltraDre has 30 seconds left.\n|inactive|UltraDre has 20 seconds left.\n|inactive|UltraDre has 15 seconds left.\n|inactive|UltraDre has 10 seconds left.\n|\n|t:|1700958152\n|-terastallize|p1a: Iron Hands|Grass\n|move|p2b: Ursaluna|Protect|p2b: Ursaluna\n|-singleturn|p2b: Ursaluna|Protect\n|move|p1a: Iron Hands|Wild Charge|p2b: Ursaluna\n|-activate|p2b: Ursaluna|move: Protect\n|move|p2a: Cresselia|Psychic|p1a: Iron Hands\n|-damage|p1a: Iron Hands|69\/100\n|move|p1b: Ogerpon|Wood Hammer|p2b: Ursaluna\n|-activate|p2b: Ursaluna|move: Protect\n|\n|-weather|Sandstorm|[upkeep]\n|-damage|p1a: Iron Hands|63\/100|[from] Sandstorm\n|-damage|p2a: Cresselia|82\/100|[from] Sandstorm\n|-damage|p1b: Ogerpon|58\/100|[from] Sandstorm\n|-status|p2b: Ursaluna|brn|[from] item: Flame Orb\n|upkeep\n|turn|4\n|\n|t:|1700958172\n|move|p1a: Iron Hands|Protect|p1a: Iron Hands\n|-singleturn|p1a: Iron Hands|Protect\n|move|p1b: Ogerpon|Spiky Shield|p1b: Ogerpon\n|-singleturn|p1b: Ogerpon|move: Protect\n|move|p2b: Ursaluna|Facade|p1a: Iron Hands\n|-activate|p1a: Iron Hands|move: Protect\n|move|p2a: Cresselia|Ice Beam|p1a: Iron Hands\n|-activate|p1a: Iron Hands|move: Protect\n|\n|-weather|Sandstorm|[upkeep]\n|-damage|p1a: Iron Hands|56\/100|[from] Sandstorm\n|-damage|p2a: Cresselia|76\/100|[from] Sandstorm\n|-damage|p1b: Ogerpon|52\/100|[from] Sandstorm\n|-damage|p2b: Ursaluna|95\/100 brn|[from] brn\n|upkeep\n|turn|5\n|inactive|UltraDre has 30 seconds left.\n|\n|t:|1700958207\n|-terastallize|p2b: Ursaluna|Ghost\n|move|p2b: Ursaluna|Facade|p1a: Iron Hands\n|-damage|p1a: Iron Hands|0 fnt\n|faint|p1a: Iron Hands\n|-end|p1a: Iron Hands|Quark Drive|[silent]\n|move|p2a: Cresselia|Psychic|p1b: Ogerpon\n|-damage|p1b: Ogerpon|28\/100\n|move|p1b: Ogerpon|Wood Hammer|p2b: Ursaluna\n|-damage|p2b: Ursaluna|38\/100 brn\n|-damage|p1b: Ogerpon|4\/100|[from] Recoil\n|\n|-weather|none\n|-damage|p2b: Ursaluna|32\/100 brn|[from] brn\n|-fieldend|move: Trick Room\n|upkeep\n|inactive|UltraDre has 30 seconds left.\n|\n|t:|1700958237\n|switch|p1a: Landorus|Landorus-Therian, L50, M|100\/100\n|-ability|p1a: Landorus|Intimidate|boost\n|-unboost|p2a: Cresselia|atk|1\n|-unboost|p2b: Ursaluna|atk|1\n|turn|6\n|\n|t:|1700958255\n|move|p2b: Ursaluna|Protect|p2b: Ursaluna\n|-singleturn|p2b: Ursaluna|Protect\n|move|p1a: Landorus|U-turn|p2a: Cresselia\n|-supereffective|p2a: Cresselia\n|-damage|p2a: Cresselia|32\/100\n|\n|t:|1700958260\n|switch|p1a: Ursaluna|Ursaluna, L50, M, shiny|100\/100|[from] U-turn\n|move|p1b: Ogerpon|Ivy Cudgel|p2a: Cresselia|[anim] Ivy Cudgel Water\n|-damage|p2a: Cresselia|0 fnt\n|faint|p2a: Cresselia\n|\n|-damage|p2b: Ursaluna|26\/100 brn|[from] brn\n|-status|p1a: Ursaluna|brn|[from] item: Flame Orb\n|upkeep\n|\n|t:|1700958263\n|switch|p2a: Amoonguss|Amoonguss, L50, M|100\/100\n|turn|7\n|inactive|UltraDre has 30 seconds left.\n|\n|t:|1700958290\n|move|p2a: Amoonguss|Rage Powder|p2a: Amoonguss\n|-singleturn|p2a: Amoonguss|move: Rage Powder\n|move|p1b: Ogerpon|Ivy Cudgel|p2b: Ursaluna|[anim] Ivy Cudgel Water\n|-damage|p2b: Ursaluna|0 fnt\n|faint|p2b: Ursaluna\n|move|p1a: Ursaluna|Facade|p2a: Amoonguss\n|-damage|p2a: Amoonguss|1\/100\n|-damage|p1a: Ursaluna|84\/100 brn|[from] item: Rocky Helmet|[of] p2a: Amoonguss\n|\n|-damage|p1a: Ursaluna|78\/100 brn|[from] brn\n|upkeep\n|turn|8\n|-message|Trevelion forfeited.\n|\n|win|UltraDre\n|raw|UltraDre's rating: 1348 &rarr; <strong>1368<\/strong><br \/>(+20 for winning)\n|raw|Trevelion's rating: 1356 &rarr; <strong>1336<\/strong><br \/>(-20 for losing)\n|l|\u2606Trevelion\n","uploadtime":1700958306,"views":3,"p1id":"ultradre","p2id":"trevelion","formatid":"gen9vgc2023regulatione","rating":1336,"private":0,"password":""}