{"id":"gen9vgc2023regulatione-1994336495","p1":"CrystalDialga","p2":"Kilowattrel Fan","format":"[Gen 9] VGC 2023 Regulation E","log":"|j|\u2606CrystalDialga\n|j|\u2606Kilowattrel Fan\n|n|\u2606CrystalDialga|crystaldialga\n|n|\u2606Kilowattrel Fan|kilowattrelfan\n|html|View the match progress at <a href=\"\/game-bestof3-gen9vgc2023regulatione-1994336494\">game-bestof3-gen9vgc2023regulatione-1994336494<\/a>\n|t:|1700432478\n|gametype|doubles\n|player|p1|CrystalDialga|larry|\n|player|p2|Kilowattrel Fan|riley|\n|teamsize|p1|6\n|teamsize|p2|6\n|gen|9\n|tier|[Gen 9] VGC 2023 Regulation E\n|rule|Species Clause: Limit one of each Pok\u00e9mon\n|rule|Item Clause: Limit one of each item\n|clearpoke\n|poke|p1|Dragapult, L50, F|\n|poke|p1|Chien-Pao, L50|\n|poke|p1|Ting-Lu, L50|\n|poke|p1|Rillaboom, L50, F|\n|poke|p1|Dondozo, L50, M|\n|poke|p1|Amoonguss, L50, M|\n|poke|p2|Torkoal, L50, F|\n|poke|p2|Lilligant-Hisui, L50, F|\n|poke|p2|Flutter Mane, L50|\n|poke|p2|Landorus-Therian, L50, M|\n|poke|p2|Kingambit, L50, M|\n|poke|p2|Iron Hands, L50|\n|teampreview|4\n|c|\u2606Kilowattrel Fan|gl hf\nKilowattrel Fan has agreed to open team sheets.\n|c|\u2606CrystalDialga|u2\nCrystalDialga has agreed to open team sheets.\n|showteam|p1|Dragapult||ChoiceBand|ClearBody|DragonDarts,PhantomForce,TeraBlast,Uturn|||F|||50|,,,,,Ghost]Chien-Pao||FocusSash|SwordofRuin|Protect,SuckerPunch,IcicleCrash,SacredSword||||||50|,,,,,Ghost]Ting-Lu||AssaultVest|VesselofRuin|Fissure,StompingTantrum,Ruination,HeavySlam||||||50|,,,,,Poison]Rillaboom||GrassySeed|GrassySurge|FakeOut,GrassyGlide,WoodHammer,Uturn|||F|||50|,,,,,Fire]Dondozo||Leftovers|Oblivious|Yawn,OrderUp,WaveCrash,HeavySlam|||M|||50|,,,,,Dragon]Amoonguss||RockyHelmet|Regenerator|Spore,RagePowder,PollenPuff,ClearSmog|||M|||50|,,,,,Dragon\n|showteam|p2|Torkoal||Charcoal|Drought|Eruption,Flamethrower,EarthPower,Protect|||F|||50|,,,,,Fire]Lilligant-Hisui||FocusSash|Chlorophyll|CloseCombat,SolarBlade,AfterYou,Protect|||F|||50|,,,,,Ghost]Flutter Mane||ChoiceSpecs|Protosynthesis|Moonblast,DazzlingGleam,ShadowBall,PowerGem||||||50|,,,,,Fairy]Landorus-Therian||ChoiceScarf|Intimidate|StompingTantrum,Uturn,RockSlide,TeraBlast|||M|||50|,,,,,Flying]Kingambit||BlackGlasses|Defiant|SuckerPunch,KowtowCleave,IronHead,Protect|||M|||50|,,,,,Fairy]Iron Hands||AssaultVest|QuarkDrive|DrainPunch,WildCharge,FakeOut,HeavySlam||||||50|,,,,,Water\n|j| Van. Volcanucks\n|\n|t:|1700432519\n|start\n|switch|p1a: Dude from Ice Age|Chien-Pao, L50|100\/100\n|switch|p1b: \"One more fissure\"|Ting-Lu, L50|100\/100\n|switch|p2a: Sun Supplier|Torkoal, L50, F|100\/100\n|switch|p2b: Flower Girl|Lilligant-Hisui, L50, F|100\/100\n|-ability|p1a: Dude from Ice Age|Sword of Ruin\n|-ability|p1b: \"One more fissure\"|Vessel of Ruin\n|-weather|SunnyDay|[from] ability: Drought|[of] p2a: Sun Supplier\n|turn|1\n|\n|t:|1700432566\n|-terastallize|p1b: \"One more fissure\"|Poison\n|move|p1a: Dude from Ice Age|Sucker Punch|p2a: Sun Supplier\n|-damage|p2a: Sun Supplier|61\/100\n|move|p2b: Flower Girl|After You|p2a: Sun Supplier\n|-activate|p2a: Sun Supplier|move: After You\n|move|p2a: Sun Supplier|Eruption|p1a: Dude from Ice Age|[spread] p1a,p1b\n|-supereffective|p1a: Dude from Ice Age\n|-enditem|p1a: Dude from Ice Age|Focus Sash\n|-damage|p1a: Dude from Ice Age|1\/100\n|-damage|p1b: \"One more fissure\"|83\/100\n|move|p1b: \"One more fissure\"|Stomping Tantrum|p2a: Sun Supplier\n|-supereffective|p2a: Sun Supplier\n|-damage|p2a: Sun Supplier|0 fnt\n|faint|p2a: Sun Supplier\n|\n|-weather|SunnyDay|[upkeep]\n|upkeep\n|\n|t:|1700432579\n|switch|p2a: Brian|Iron Hands, L50|100\/100\n|turn|2\n|\n|t:|1700432610\n|move|p2b: Flower Girl|Protect|p2b: Flower Girl\n|-singleturn|p2b: Flower Girl|Protect\n|move|p1a: Dude from Ice Age|Protect|p1a: Dude from Ice Age\n|-singleturn|p1a: Dude from Ice Age|Protect\n|move|p2a: Brian|Fake Out|p1a: Dude from Ice Age\n|-activate|p1a: Dude from Ice Age|move: Protect\n|move|p1b: \"One more fissure\"|Fissure|p2a: Brian|[miss]\n|-miss|p1b: \"One more fissure\"|p2a: Brian\n|\n|-weather|SunnyDay|[upkeep]\n|upkeep\n|turn|3\n|c|\u2606CrystalDialga|unfortunate\n|\n|t:|1700432639\n|switch|p2b: Angry Cat|Landorus-Therian, L50, M|100\/100\n|-ability|p2b: Angry Cat|Intimidate|boost\n|-unboost|p1a: Dude from Ice Age|atk|1\n|-unboost|p1b: \"One more fissure\"|atk|1\n|switch|p1a: SSJ3 Goku|Rillaboom, L50, F, shiny|100\/100\n|-fieldstart|move: Grassy Terrain|[from] ability: Grassy Surge|[of] p1a: SSJ3 Goku\n|-enditem|p1a: SSJ3 Goku|Grassy Seed\n|-boost|p1a: SSJ3 Goku|def|1|[from] item: Grassy Seed\n|move|p2a: Brian|Wild Charge|p1b: \"One more fissure\"\n|-damage|p1b: \"One more fissure\"|51\/100\n|-damage|p2a: Brian|92\/100|[from] Recoil\n|move|p1b: \"One more fissure\"|Stomping Tantrum|p2a: Brian\n|-supereffective|p2a: Brian\n|-damage|p2a: Brian|34\/100\n|\n|-weather|SunnyDay|[upkeep]\n|-heal|p2a: Brian|39\/100|[from] Grassy Terrain\n|-heal|p1b: \"One more fissure\"|57\/100|[from] Grassy Terrain\n|upkeep\n|turn|4\n|\n|t:|1700432669\n|-end|p2a: Brian|Quark Drive|[silent]\n|switch|p2a: Flower Girl|Lilligant-Hisui, L50, F|100\/100\n|-terastallize|p2b: Angry Cat|Flying\n|move|p1a: SSJ3 Goku|Fake Out|p2b: Angry Cat\n|-damage|p2b: Angry Cat|82\/100\n|cant|p2b: Angry Cat|flinch\n|move|p1b: \"One more fissure\"|Stomping Tantrum|p2a: Flower Girl\n|-resisted|p2a: Flower Girl\n|-damage|p2a: Flower Girl|85\/100\n|\n|-weather|SunnyDay|[upkeep]\n|-heal|p2a: Flower Girl|91\/100|[from] Grassy Terrain\n|-heal|p1b: \"One more fissure\"|63\/100|[from] Grassy Terrain\n|upkeep\n|turn|5\n|\n|t:|1700432744\n|switch|p1b: pookie bear|Dragapult, L50, F|100\/100\n|move|p2a: Flower Girl|Close Combat|p1a: SSJ3 Goku\n|-damage|p1a: SSJ3 Goku|65\/100\n|-unboost|p2a: Flower Girl|def|1\n|-unboost|p2a: Flower Girl|spd|1\n|move|p2b: Angry Cat|Stomping Tantrum|p1b: pookie bear\n|-damage|p1b: pookie bear|0 fnt\n|faint|p1b: pookie bear\n|move|p1a: SSJ3 Goku|Wood Hammer|p2b: Angry Cat\n|-resisted|p2b: Angry Cat\n|-damage|p2b: Angry Cat|32\/100\n|-damage|p1a: SSJ3 Goku|51\/100|[from] Recoil\n|\n|-weather|none\n|-heal|p2a: Flower Girl|97\/100|[from] Grassy Terrain\n|-heal|p1a: SSJ3 Goku|57\/100|[from] Grassy Terrain\n|upkeep\n|\n|t:|1700432756\n|switch|p1b: Dude from Ice Age|Chien-Pao, L50|1\/100\n|-ability|p1b: Dude from Ice Age|Sword of Ruin\n|turn|6\n|\n|t:|1700432792\n|switch|p2b: Brian|Iron Hands, L50|39\/100\n|move|p1b: Dude from Ice Age|Protect|p1b: Dude from Ice Age\n|-singleturn|p1b: Dude from Ice Age|Protect\n|move|p2a: Flower Girl|Protect|p2a: Flower Girl\n|-singleturn|p2a: Flower Girl|Protect\n|move|p1a: SSJ3 Goku|Grassy Glide|p2b: Brian\n|-damage|p2b: Brian|5\/100\n|\n|-heal|p1b: Dude from Ice Age|7\/100|[from] Grassy Terrain\n|-heal|p2a: Flower Girl|100\/100|[from] Grassy Terrain\n|-heal|p1a: SSJ3 Goku|63\/100|[from] Grassy Terrain\n|-heal|p2b: Brian|11\/100|[from] Grassy Terrain\n|upkeep\n|turn|7\n|\n|t:|1700432854\n|switch|p1b: \"One more fissure\"|Ting-Lu, L50, tera:Poison|63\/100\n|-ability|p1b: \"One more fissure\"|Vessel of Ruin\n|move|p2b: Brian|Fake Out|p1a: SSJ3 Goku\n|-damage|p1a: SSJ3 Goku|53\/100\n|cant|p1a: SSJ3 Goku|flinch\n|move|p2a: Flower Girl|Close Combat|p1b: \"One more fissure\"\n|-resisted|p1b: \"One more fissure\"\n|-damage|p1b: \"One more fissure\"|48\/100\n|-unboost|p2a: Flower Girl|def|1\n|-unboost|p2a: Flower Girl|spd|1\n|\n|-heal|p1a: SSJ3 Goku|59\/100|[from] Grassy Terrain\n|-heal|p2b: Brian|17\/100|[from] Grassy Terrain\n|-heal|p1b: \"One more fissure\"|54\/100|[from] Grassy Terrain\n|-fieldend|move: Grassy Terrain\n|upkeep\n|turn|8\n|\n|t:|1700432879\n|switch|p2a: Angry Cat|Landorus-Therian, L50, M, tera:Flying|32\/100\n|-ability|p2a: Angry Cat|Intimidate|boost\n|-unboost|p1a: SSJ3 Goku|atk|1\n|-unboost|p1b: \"One more fissure\"|atk|1\n|move|p1a: SSJ3 Goku|Wood Hammer|p2b: Brian\n|-damage|p2b: Brian|0 fnt\n|faint|p2b: Brian\n|-end|p2b: Brian|Quark Drive|[silent]\n|-damage|p1a: SSJ3 Goku|53\/100|[from] Recoil\n|move|p1b: \"One more fissure\"|Heavy Slam|p2a: Angry Cat\n|-damage|p2a: Angry Cat|4\/100\n|\n|upkeep\n|\n|t:|1700432882\n|switch|p2b: Flower Girl|Lilligant-Hisui, L50, F|100\/100\n|turn|9\n|\n|t:|1700432924\n|move|p2a: Angry Cat|Tera Blast|p1a: SSJ3 Goku|[anim] Tera Blast Flying\n|-supereffective|p1a: SSJ3 Goku\n|-damage|p1a: SSJ3 Goku|0 fnt\n|faint|p1a: SSJ3 Goku\n|move|p2b: Flower Girl|Solar Blade||[still]\n|-prepare|p2b: Flower Girl|Solar Blade\n|move|p1b: \"One more fissure\"|Heavy Slam|p2b: Flower Girl\n|-damage|p2b: Flower Girl|66\/100\n|\n|upkeep\n|\n|t:|1700432928\n|switch|p1a: Dude from Ice Age|Chien-Pao, L50|7\/100\n|-ability|p1a: Dude from Ice Age|Sword of Ruin\n|turn|10\n|\n|t:|1700432943\n|move|p1a: Dude from Ice Age|Sucker Punch|p2a: Angry Cat\n|-damage|p2a: Angry Cat|0 fnt\n|faint|p2a: Angry Cat\n|move|p2b: Flower Girl|Solar Blade|p1b: \"One more fissure\"|[from]lockedmove\n|-resisted|p1b: \"One more fissure\"\n|-damage|p1b: \"One more fissure\"|30\/100\n|move|p1b: \"One more fissure\"|Heavy Slam|p2b: Flower Girl\n|-damage|p2b: Flower Girl|17\/100\n|\n|upkeep\n|turn|11\n|\n|t:|1700432954\n|move|p1a: Dude from Ice Age|Sucker Punch|p2b: Flower Girl\n|-resisted|p2b: Flower Girl\n|-damage|p2b: Flower Girl|0 fnt\n|faint|p2b: Flower Girl\n|\n|win|CrystalDialga\n","uploadtime":1700432958,"views":7,"p1id":"crystaldialga","p2id":"kilowattrelfan","formatid":"gen9vgc2023regulatione","rating":0,"private":0,"password":""}