{"id":"gen9vgc2023regulatione-1994222451","p1":"Yae Miko simp2","p2":"KillJoy3579","format":"[Gen 9] VGC 2023 Regulation E","log":"|j|\u2606Yae Miko simp2\n|j|\u2606KillJoy3579\n|n|\u2606Yae Miko simp2|yaemikosimp2\n|n|\u2606KillJoy3579|killjoy3579\n|html|View the match progress at <a href=\"\/game-bestof3-gen9vgc2023regulatione-1994218777\">game-bestof3-gen9vgc2023regulatione-1994218777<\/a>\n|t:|1700420553\n|gametype|doubles\n|player|p1|Yae Miko simp2|169|\n|player|p2|KillJoy3579|pokemonranger-gen4|\n|teamsize|p1|6\n|teamsize|p2|6\n|gen|9\n|tier|[Gen 9] VGC 2023 Regulation E\n|rule|Species Clause: Limit one of each Pok\u00e9mon\n|rule|Item Clause: Limit one of each item\n|clearpoke\n|poke|p1|Ogerpon-Hearthflame, L50, F|\n|poke|p1|Sandy Shocks, L50|\n|poke|p1|Sinistcha, L50|\n|poke|p1|Palafin, L50, M|\n|poke|p1|Espathra, L50, M|\n|poke|p1|Ribombee, L50, F|\n|poke|p2|Ursaluna, L50, M|\n|poke|p2|Cresselia, L50, F|\n|poke|p2|Sableye, L50, F|\n|poke|p2|Zapdos, L50|\n|poke|p2|Samurott-Hisui, L50, M|\n|poke|p2|Dipplin, L50, M|\n|teampreview|4\nYae Miko simp2 rejected open team sheets.\n|\n|t:|1700420584\n|start\n|switch|p1a: Ogerpon|Ogerpon-Hearthflame, L50, F|100\/100\n|switch|p1b: Sandy Shocks|Sandy Shocks, L50|100\/100\n|switch|p2a: Ursaluna|Ursaluna, L50, M, shiny|100\/100\n|switch|p2b: Cresselia|Cresselia, L50, F, shiny|100\/100\n|-ability|p1a: Ogerpon|Mold Breaker\n|-enditem|p1b: Sandy Shocks|Booster Energy\n|-activate|p1b: Sandy Shocks|ability: Protosynthesis|[fromitem]\n|-start|p1b: Sandy Shocks|protosynthesisspa\n|turn|1\n|\n|t:|1700420606\n|-terastallize|p1a: Ogerpon|Fire\n|detailschange|p1a: Ogerpon|Ogerpon-Hearthflame-Tera, L50, F, tera:Fire\n|-ability|p1a: Ogerpon|Embody Aspect (Hearthflame)|boost\n|-boost|p1a: Ogerpon|atk|1\n|move|p2a: Ursaluna|Protect|p2a: Ursaluna\n|-singleturn|p2a: Ursaluna|Protect\n|move|p1b: Sandy Shocks|Thunderbolt|p2b: Cresselia\n|-damage|p2b: Cresselia|60\/100\n|-status|p2b: Cresselia|par\n|move|p1a: Ogerpon|Ivy Cudgel|p2b: Cresselia|[anim] Ivy Cudgel Fire\n|-crit|p2b: Cresselia\n|-damage|p2b: Cresselia|0 fnt\n|faint|p2b: Cresselia\n|\n|-status|p2a: Ursaluna|brn|[from] item: Flame Orb\n|upkeep\n|\n|t:|1700420624\n|switch|p2b: Samurott|Samurott-Hisui, L50, M, shiny|100\/100\n|turn|2\n|\n|t:|1700420648\n|move|p2b: Samurott|Protect|p2b: Samurott\n|-singleturn|p2b: Samurott|Protect\n|move|p1b: Sandy Shocks|Earth Power|p2a: Ursaluna\n|-damage|p2a: Ursaluna|55\/100 brn\n|move|p1a: Ogerpon|Ivy Cudgel|p2a: Ursaluna|[anim] Ivy Cudgel Fire\n|-crit|p2a: Ursaluna\n|-damage|p2a: Ursaluna|0 fnt\n|faint|p2a: Ursaluna\n|\n|upkeep\n|\n|t:|1700420657\n|switch|p2a: Dipplin|Dipplin, L50, M, shiny|100\/100\n|turn|3\n|\n|t:|1700420663\n|move|p1b: Sandy Shocks|Thunderbolt|p2b: Samurott\n|-supereffective|p2b: Samurott\n|-damage|p2b: Samurott|0 fnt\n|faint|p2b: Samurott\n|move|p1a: Ogerpon|Horn Leech|p2a: Dipplin\n|-resisted|p2a: Dipplin\n|-damage|p2a: Dipplin|91\/100\n|move|p2a: Dipplin|Energy Ball|p1b: Sandy Shocks\n|-supereffective|p1b: Sandy Shocks\n|-crit|p1b: Sandy Shocks\n|-damage|p1b: Sandy Shocks|0 fnt\n|faint|p1b: Sandy Shocks\n|-end|p1b: Sandy Shocks|Protosynthesis|[silent]\n|\n|upkeep\n|\n|t:|1700420668\n|switch|p1b: Sinistcha|Sinistcha, L50|100\/100\n|turn|4\n|\n|t:|1700420677\n|-terastallize|p2a: Dipplin|Dragon\n|move|p1a: Ogerpon|Ivy Cudgel|p2a: Dipplin|[anim] Ivy Cudgel Fire\n|-resisted|p2a: Dipplin\n|-damage|p2a: Dipplin|55\/100\n|move|p1b: Sinistcha|Matcha Gotcha|p2a: Dipplin\n|-resisted|p2a: Dipplin\n|-damage|p2a: Dipplin|42\/100\n|move|p2a: Dipplin|Dragon Pulse|p1a: Ogerpon\n|-damage|p1a: Ogerpon|38\/100\n|\n|upkeep\n|turn|5\n|\n|t:|1700420693\n|move|p1a: Ogerpon|Ivy Cudgel|p2a: Dipplin|[anim] Ivy Cudgel Fire\n|-resisted|p2a: Dipplin\n|-damage|p2a: Dipplin|5\/100\n|move|p1b: Sinistcha|Matcha Gotcha|p2a: Dipplin\n|-resisted|p2a: Dipplin\n|-damage|p2a: Dipplin|0 fnt\n|faint|p2a: Dipplin\n|\n|win|Yae Miko simp2\n|c|\u2606KillJoy3579|gg\n|c|\u2606Yae Miko simp2|gg\n|c|\u2606Yae Miko simp2|don't believe the crits mattered, not on cresselia at least\n|c|\u2606Yae Miko simp2|wish you good luck with the rest of your matches, have a good one ^^\n|c|\u2606KillJoy3579|you too\n|l|\u2606KillJoy3579\n","uploadtime":1700420702,"views":8,"p1id":"yaemikosimp2","p2id":"killjoy3579","formatid":"gen9vgc2023regulatione","rating":0,"private":0,"password":""}