{"id":"gen9vgc2023regulatione-1998102698","p1":"Toedscool4school","p2":"7hurmos","format":"[Gen 9] VGC 2023 Regulation E","log":"|j|\u2606Toedscool4school\n|j|\u26067hurmos\n|t:|1700891730\n|gametype|doubles\n|player|p1|Toedscool4school|sada-ai|1613\n|player|p2|7hurmos|102|1568\n|teamsize|p1|6\n|teamsize|p2|6\n|gen|9\n|tier|[Gen 9] VGC 2023 Regulation E\n|rated|\n|rule|Species Clause: Limit one of each Pok\u00e9mon\n|rule|Item Clause: Limit one of each item\n|clearpoke\n|poke|p1|Flutter Mane, L50|\n|poke|p1|Arcanine-Hisui, L50, F|\n|poke|p1|Amoonguss, L50, M|\n|poke|p1|Urshifu-*, L50, F|\n|poke|p1|Tornadus, L50, M|\n|poke|p1|Gholdengo, L50|\n|poke|p2|Tornadus, L50, M|\n|poke|p2|Landorus-Therian, L50, M|\n|poke|p2|Flutter Mane, L50|\n|poke|p2|Rillaboom, L50, F|\n|poke|p2|Urshifu-*, L50, M|\n|poke|p2|Gholdengo, L50|\n|teampreview|4\n|inactive|Battle timer is ON: inactive players will automatically lose when time's up. (requested by Toedscool4school)\nToedscool4school has agreed to open team sheets.\n|inactive|Toedscool4school has 60 seconds left.\n|\n|t:|1700891766\n|start\n|switch|p1a: Tornadus|Tornadus, L50, M|100\/100\n|switch|p1b: Urshifu|Urshifu-Rapid-Strike, L50, F|100\/100\n|switch|p2a: Landorus|Landorus-Therian, L50, M|100\/100\n|switch|p2b: Tornadus|Tornadus, L50, M|100\/100\n|-ability|p2a: Landorus|Intimidate|boost\n|-unboost|p1a: Tornadus|atk|1\n|-unboost|p1b: Urshifu|atk|1\n|turn|1\n|inactive|7hurmos has 30 seconds left.\n|j| Braindeadmeta\n|\n|t:|1700891800\n|-terastallize|p2a: Landorus|Water\n|-terastallize|p1b: Urshifu|Water\n|move|p1a: Tornadus|Tailwind|p1a: Tornadus\n|-sidestart|p1: Toedscool4school|move: Tailwind\n|move|p1b: Urshifu|Surging Strikes|p2b: Tornadus\n|-crit|p2b: Tornadus\n|-damage|p2b: Tornadus|70\/100\n|-damage|p1b: Urshifu|84\/100|[from] item: Rocky Helmet|[of] p2b: Tornadus\n|-crit|p2b: Tornadus\n|-damage|p2b: Tornadus|40\/100\n|-damage|p1b: Urshifu|67\/100|[from] item: Rocky Helmet|[of] p2b: Tornadus\n|-crit|p2b: Tornadus\n|-damage|p2b: Tornadus|13\/100\n|-damage|p1b: Urshifu|50\/100|[from] item: Rocky Helmet|[of] p2b: Tornadus\n|-hitcount|p2b: Tornadus|3\n|move|p2a: Landorus|Rock Slide|p1a: Tornadus|[spread] p1a,p1b\n|-supereffective|p1a: Tornadus\n|-damage|p1a: Tornadus|38\/100\n|-damage|p1b: Urshifu|22\/100\n|move|p2b: Tornadus|Bleakwind Storm|p1a: Tornadus|[spread] p1b\n|-miss|p2b: Tornadus|p1a: Tornadus\n|-damage|p1b: Urshifu|0 fnt\n|faint|p1b: Urshifu\n|\n|upkeep\n|\n|t:|1700891811\n|switch|p1b: NEVERMORE|Arcanine-Hisui, L50, F|100\/100\n|-ability|p1b: NEVERMORE|Intimidate|boost\n|-unboost|p2a: Landorus|atk|1\n|-unboost|p2b: Tornadus|atk|1\n|turn|2\n|\n|t:|1700891835\n|switch|p2a: Urshifu|Urshifu-Rapid-Strike, L50, M|100\/100\n|move|p1b: NEVERMORE|Extreme Speed|p2b: Tornadus\n|-damage|p2b: Tornadus|0 fnt\n|-damage|p1b: NEVERMORE|84\/100|[from] item: Rocky Helmet|[of] p2b: Tornadus\n|faint|p2b: Tornadus\n|move|p1a: Tornadus|Bleakwind Storm|p2a: Urshifu\n|-supereffective|p2a: Urshifu\n|-damage|p2a: Urshifu|0 fnt\n|faint|p2a: Urshifu\n|\n|upkeep\n|\n|t:|1700891845\n|switch|p2a: Landorus|Landorus-Therian, L50, M, tera:Water|100\/100\n|switch|p2b: Gholdengo|Gholdengo, L50|100\/100\n|-ability|p2a: Landorus|Intimidate|boost\n|-unboost|p1a: Tornadus|atk|1\n|-unboost|p1b: NEVERMORE|atk|1\n|turn|3\n|j| yarcii\n|inactive|Toedscool4school has 30 seconds left.\n|inactive|7hurmos has 30 seconds left.\n|\n|t:|1700891877\n|move|p1a: Tornadus|Bleakwind Storm|p2a: Landorus|[spread] p2b\n|-miss|p1a: Tornadus|p2a: Landorus\n|-resisted|p2b: Gholdengo\n|-damage|p2b: Gholdengo|82\/100\n|-unboost|p2b: Gholdengo|spe|1\n|move|p1b: NEVERMORE|Will-O-Wisp|p2a: Landorus\n|-status|p2a: Landorus|brn\n|move|p2a: Landorus|Rock Slide|p1a: Tornadus|[spread] p1a,p1b\n|-supereffective|p1a: Tornadus\n|-supereffective|p1b: NEVERMORE\n|-damage|p1a: Tornadus|7\/100\n|-damage|p1b: NEVERMORE|42\/100\n|move|p2b: Gholdengo|Nasty Plot|p2b: Gholdengo\n|-boost|p2b: Gholdengo|spa|2\n|\n|-heal|p2b: Gholdengo|89\/100|[from] item: Leftovers\n|-damage|p2a: Landorus|95\/100 brn|[from] brn\n|upkeep\n|turn|4\n|\n|t:|1700891896\n|move|p2b: Gholdengo|Protect|p2b: Gholdengo\n|-singleturn|p2b: Gholdengo|Protect\n|move|p1a: Tornadus|Bleakwind Storm|p2b: Gholdengo|[spread] p2a\n|-activate|p2b: Gholdengo|move: Protect\n|-damage|p2a: Landorus|47\/100 brn\n|move|p1b: NEVERMORE|Flare Blitz|p2b: Gholdengo\n|-activate|p2b: Gholdengo|move: Protect\n|move|p2a: Landorus|Rock Slide|p1b: NEVERMORE|[spread] p1a,p1b\n|-supereffective|p1a: Tornadus\n|-supereffective|p1b: NEVERMORE\n|-damage|p1a: Tornadus|0 fnt\n|-damage|p1b: NEVERMORE|3\/100\n|faint|p1a: Tornadus\n|\n|-heal|p2b: Gholdengo|95\/100|[from] item: Leftovers\n|-damage|p2a: Landorus|41\/100 brn|[from] brn\n|-sideend|p1: Toedscool4school|move: Tailwind\n|upkeep\n|\n|t:|1700891898\n|switch|p1a: Flutter Mane|Flutter Mane, L50|100\/100\n|-enditem|p1a: Flutter Mane|Booster Energy\n|-activate|p1a: Flutter Mane|ability: Protosynthesis|[fromitem]\n|-start|p1a: Flutter Mane|protosynthesisspe\n|turn|5\n|\n|t:|1700891921\n|move|p2b: Gholdengo|Protect|p2b: Gholdengo\n|-singleturn|p2b: Gholdengo|Protect\n|move|p1a: Flutter Mane|Shadow Ball|p2b: Gholdengo\n|-activate|p2b: Gholdengo|move: Protect\n|move|p2a: Landorus|Rock Slide|p1b: NEVERMORE|[spread] p1a,p1b\n|-supereffective|p1b: NEVERMORE\n|-damage|p1a: Flutter Mane|81\/100\n|-damage|p1b: NEVERMORE|0 fnt\n|faint|p1b: NEVERMORE\n|\n|-heal|p2b: Gholdengo|100\/100|[from] item: Leftovers\n|-damage|p2a: Landorus|35\/100 brn|[from] brn\n|upkeep\n|turn|6\n|\n|t:|1700891938\n|move|p1a: Flutter Mane|Shadow Ball|p2b: Gholdengo\n|-supereffective|p2b: Gholdengo\n|-damage|p2b: Gholdengo|25\/100\n|move|p2a: Landorus|Rock Slide|p1a: Flutter Mane\n|-crit|p1a: Flutter Mane\n|-damage|p1a: Flutter Mane|42\/100\n|move|p2b: Gholdengo|Make It Rain|p1a: Flutter Mane\n|-supereffective|p1a: Flutter Mane\n|-damage|p1a: Flutter Mane|0 fnt\n|-unboost|p2b: Gholdengo|spa|1\n|faint|p1a: Flutter Mane\n|-end|p1a: Flutter Mane|Protosynthesis|[silent]\n|\n|win|7hurmos\n|raw|Toedscool4school's rating: 1613 &rarr; <strong>1590<\/strong><br \/>(-23 for losing)\n|raw|7hurmos's rating: 1568 &rarr; <strong>1591<\/strong><br \/>(+23 for winning)\n","uploadtime":1700891942,"views":3,"p1id":"toedscool4school","p2id":"7hurmos","formatid":"gen9vgc2023regulatione","rating":1590,"private":0,"password":""}