{"id":"gen9vgc2023regulatione-1991360859","p1":"babiwi bewey\u2714\ufe0f","p2":"trainerrodpractice","format":"[Gen 9] VGC 2023 Regulation E","log":"|j|\u2606babiwi bewey\u2714\ufe0f\n|j|\u2606trainerrodpractice\n|n|\u2606babiwi bewey\u2714\ufe0f|babiwibewey\n|n|\u2606trainerrodpractice|trainerrodpractice\n|html|View the match progress at <a href=\"\/game-bestof3-gen9vgc2023regulatione-1991356866\">game-bestof3-gen9vgc2023regulatione-1991356866<\/a>\n|t:|1700070684\n|gametype|doubles\n|player|p1|babiwi bewey\u2714\ufe0f|valerie|\n|player|p2|trainerrodpractice|101|\n|teamsize|p1|6\n|teamsize|p2|6\n|gen|9\n|tier|[Gen 9] VGC 2023 Regulation E\n|rated|Tournament battle\n|rule|Species Clause: Limit one of each Pok\u00e9mon\n|rule|Item Clause: Limit one of each item\n|clearpoke\n|poke|p1|Dondozo, L50, M|\n|poke|p1|Tatsugiri, L50, M|\n|poke|p1|Ninetales-Alola, L50, F|\n|poke|p1|Heatran, L50, F|\n|poke|p1|Iron Hands, L50|\n|poke|p1|Glimmora, L50, F|\n|poke|p2|Roaring Moon, L50|\n|poke|p2|Empoleon, L50, M|\n|poke|p2|Ogerpon-Hearthflame, L50, F|\n|poke|p2|Landorus-Therian, L50, M|\n|poke|p2|Flutter Mane, L50|\n|poke|p2|Iron Hands, L50|\n|teampreview|4\n|showteam|p1|Dondozo||Leftovers|Unaware|Protect,WaveCrash,Substitute,OrderUp|||M|||50|,,,,,Dragon]Tatsugiri||AbilityShield|Commander|Protect,Taunt,DracoMeteor,MuddyWater|||M|||50|,,,,,Steel]Ninetales-Alola||LightClay|SnowWarning|Blizzard,Protect,AuroraVeil,Moonblast|||F|||50|,,,,,Ghost]Heatran||ShucaBerry|FlashFire|Protect,MagmaStorm,HeatWave,EarthPower|||F|||50|,,,,,Fairy]Iron Hands||AssaultVest|QuarkDrive|WildCharge,VoltSwitch,DrainPunch,FakeOut||||||50|,,,,,Grass]Glimmora||FocusSash|ToxicDebris|SpikyShield,PowerGem,EarthPower,MortalSpin|||F|||50|,,,,,Grass\n|showteam|p2|Roaring Moon||BoosterEnergy|Protosynthesis|KnockOff,Acrobatics,Protect,Tailwind||||||50|,,,,,Flying]Empoleon||SitrusBerry|Competitive|FlashCannon,IcyWind,Protect,Yawn|||M|||50|,,,,,Fairy]Ogerpon-Hearthflame||HearthflameMask|MoldBreaker|IvyCudgel,HornLeech,SpikyShield,SwordsDance|||F|||50|,,,,,Fire]Landorus-Therian||ChoiceScarf|Intimidate|StompingTantrum,RockSlide,TeraBlast,Uturn|||M|||50|,,,,,Flying]Flutter Mane||ChoiceSpecs|Protosynthesis|DazzlingGleam,Moonblast,ShadowBall,Thunderbolt||||||50|,,,,,Fairy]Iron Hands||AssaultVest|QuarkDrive|DrainPunch,WildCharge,FakeOut,HeavySlam||||||50|,,,,,Water\n|c|\u2606babiwi bewey\u2714\ufe0f|glhf\n|j| MorningElegy\n|j| KHSPokemon\n|j| Think Storm\n|\n|t:|1700070704\n|start\n|switch|p1a: Glimmora|Glimmora, L50, F|100\/100\n|switch|p1b: Ninetales|Ninetales-Alola, L50, F|100\/100\n|switch|p2a: Ogerpon|Ogerpon-Hearthflame, L50, F|100\/100\n|switch|p2b: Iron Hands|Iron Hands, L50|100\/100\n|-weather|Snow|[from] ability: Snow Warning|[of] p1b: Ninetales\n|-ability|p2a: Ogerpon|Mold Breaker\n|turn|1\n|j| O1OOO11O\n|\n|t:|1700070719\n|move|p1a: Glimmora|Spiky Shield|p1a: Glimmora\n|-singleturn|p1a: Glimmora|move: Protect\n|move|p2b: Iron Hands|Fake Out|p1a: Glimmora\n|-activate|p1a: Glimmora|move: Protect\n|-damage|p2b: Iron Hands|88\/100|[from] Spiky Shield|[of] p1a: Glimmora\n|move|p1b: Ninetales|Aurora Veil|p1b: Ninetales\n|-sidestart|p1: babiwi bewey\u2714\ufe0f|move: Aurora Veil\n|move|p2a: Ogerpon|Swords Dance|p2a: Ogerpon\n|-boost|p2a: Ogerpon|atk|2\n|\n|-weather|Snow|[upkeep]\n|upkeep\n|turn|2\n|\n|t:|1700070750\n|switch|p1a: Dondozo|Dondozo, L50, M|100\/100\n|move|p2a: Ogerpon|Spiky Shield|p2a: Ogerpon\n|-singleturn|p2a: Ogerpon|move: Protect\n|move|p1b: Ninetales|Moonblast|p2b: Iron Hands\n|-supereffective|p2b: Iron Hands\n|-damage|p2b: Iron Hands|57\/100\n|move|p2b: Iron Hands|Drain Punch|p1a: Dondozo\n|-damage|p1a: Dondozo|80\/100\n|-heal|p2b: Iron Hands|67\/100|[from] drain|[of] p1a: Dondozo\n|\n|-weather|Snow|[upkeep]\n|-heal|p1a: Dondozo|86\/100|[from] item: Leftovers\n|upkeep\n|turn|3\n|j| somethingelse77\n|\n|t:|1700070776\n|switch|p1b: Tatsugiri|Tatsugiri, L50, M|100\/100\n|-activate|p1b: Tatsugiri|ability: Commander|[of] p1a: Dondozo\n|-boost|p1a: Dondozo|atk|2\n|-boost|p1a: Dondozo|spa|2\n|-boost|p1a: Dondozo|spe|2\n|-boost|p1a: Dondozo|def|2\n|-boost|p1a: Dondozo|spd|2\n|switch|p2a: Empoleon|Empoleon, L50, M|100\/100\n|-terastallize|p2b: Iron Hands|Water\n|-terastallize|p1a: Dondozo|Dragon\n|move|p1a: Dondozo|Wave Crash|p2a: Empoleon\n|-resisted|p2a: Empoleon\n|-damage|p2a: Empoleon|66\/100\n|-damage|p1a: Dondozo|76\/100|[from] Recoil\n|move|p2b: Iron Hands|Drain Punch|p1a: Dondozo\n|-damage|p1a: Dondozo|66\/100\n|-heal|p2b: Iron Hands|73\/100|[from] drain|[of] p1a: Dondozo\n|\n|-weather|Snow|[upkeep]\n|-heal|p1a: Dondozo|72\/100|[from] item: Leftovers\n|upkeep\n|turn|4\n|j| Lawrence_lmao\n|l| Think Storm\n|\n|t:|1700070802\n|move|p1a: Dondozo|Substitute|p1a: Dondozo\n|-start|p1a: Dondozo|Substitute\n|-damage|p1a: Dondozo|47\/100\n|move|p2b: Iron Hands|Drain Punch|p1a: Dondozo\n|-activate|p1a: Dondozo|move: Substitute|[damage]\n|-heal|p2b: Iron Hands|77\/100|[from] drain|[of] p1a: Dondozo\n|move|p2a: Empoleon|Icy Wind|p1b: Tatsugiri|[spread] p1a\n|-miss|p2a: Empoleon|p1b: Tatsugiri\n|-supereffective|p1a: Dondozo\n|-activate|p1a: Dondozo|move: Substitute|[damage]\n|\n|-weather|Snow|[upkeep]\n|-heal|p1a: Dondozo|53\/100|[from] item: Leftovers\n|upkeep\n|turn|5\n|\n|t:|1700070820\n|move|p1a: Dondozo|Order Up|p2b: Iron Hands\n|-damage|p2b: Iron Hands|29\/100\n|-boost|p1a: Dondozo|atk|1\n|move|p2b: Iron Hands|Drain Punch|p1a: Dondozo\n|-end|p1a: Dondozo|Substitute\n|-heal|p2b: Iron Hands|34\/100|[from] drain|[of] p1a: Dondozo\n|move|p2a: Empoleon|Yawn|p1a: Dondozo\n|-start|p1a: Dondozo|move: Yawn|[of] p2a: Empoleon\n|\n|-weather|none\n|-heal|p1a: Dondozo|59\/100|[from] item: Leftovers\n|upkeep\n|turn|6\n|\n|t:|1700070849\n|switch|p2a: Flutter Mane|Flutter Mane, L50|100\/100\n|move|p1a: Dondozo|Substitute|p1a: Dondozo\n|-start|p1a: Dondozo|Substitute\n|-damage|p1a: Dondozo|34\/100\n|move|p2b: Iron Hands|Drain Punch|p1a: Dondozo\n|-activate|p1a: Dondozo|move: Substitute|[damage]\n|-heal|p2b: Iron Hands|38\/100|[from] drain|[of] p1a: Dondozo\n|\n|-heal|p1a: Dondozo|40\/100|[from] item: Leftovers\n|-end|p1a: Dondozo|move: Yawn|[silent]\n|-status|p1a: Dondozo|slp\n|upkeep\n|turn|7\n|\n|t:|1700070870\n|move|p2a: Flutter Mane|Dazzling Gleam|p1a: Dondozo|[spread] p1a\n|-miss|p2a: Flutter Mane|p1b: Tatsugiri\n|-supereffective|p1a: Dondozo\n|-end|p1a: Dondozo|Substitute\n|cant|p1a: Dondozo|slp\n|move|p2b: Iron Hands|Drain Punch|p1a: Dondozo\n|-damage|p1a: Dondozo|30\/100 slp\n|-heal|p2b: Iron Hands|44\/100|[from] drain|[of] p1a: Dondozo\n|\n|-heal|p1a: Dondozo|36\/100 slp|[from] item: Leftovers\n|upkeep\n|turn|8\n|\n|t:|1700070882\n|move|p2a: Flutter Mane|Dazzling Gleam|p1b: Tatsugiri|[spread] p1a\n|-miss|p2a: Flutter Mane|p1b: Tatsugiri\n|-supereffective|p1a: Dondozo\n|-damage|p1a: Dondozo|15\/100 slp\n|cant|p1a: Dondozo|slp\n|move|p2b: Iron Hands|Drain Punch|p1a: Dondozo\n|-damage|p1a: Dondozo|6\/100 slp\n|-heal|p2b: Iron Hands|48\/100|[from] drain|[of] p1a: Dondozo\n|\n|-heal|p1a: Dondozo|12\/100 slp|[from] item: Leftovers\n|-sideend|p1: babiwi bewey\u2714\ufe0f|move: Aurora Veil\n|upkeep\n|turn|9\n|\n|t:|1700070896\n|move|p2a: Flutter Mane|Dazzling Gleam|p1a: Dondozo|[spread] p1a\n|-miss|p2a: Flutter Mane|p1b: Tatsugiri\n|-supereffective|p1a: Dondozo\n|-damage|p1a: Dondozo|0 fnt\n|faint|p1a: Dondozo\n|move|p2b: Iron Hands|Drain Punch|p1b: Tatsugiri\n|-damage|p1b: Tatsugiri|40\/100\n|-heal|p2b: Iron Hands|71\/100|[from] drain|[of] p1b: Tatsugiri\n|\n|upkeep\n|c| Lawrence_lmao|execute order:sleepy dozo\n|\n|t:|1700070899\n|switch|p1a: Glimmora|Glimmora, L50, F|100\/100\n|turn|10\n|c|\u2606babiwi bewey\u2714\ufe0f|dozo snoozin\n|\n|t:|1700070919\n|move|p1a: Glimmora|Spiky Shield|p1a: Glimmora\n|-singleturn|p1a: Glimmora|move: Protect\n|move|p2a: Flutter Mane|Dazzling Gleam|p1a: Glimmora|[spread] p1b\n|-activate|p1a: Glimmora|move: Protect\n|-supereffective|p1b: Tatsugiri\n|-damage|p1b: Tatsugiri|0 fnt\n|faint|p1b: Tatsugiri\n|move|p2b: Iron Hands|Heavy Slam|p1a: Glimmora\n|-activate|p1a: Glimmora|move: Protect\n|-damage|p2b: Iron Hands|59\/100|[from] Spiky Shield|[of] p1a: Glimmora\n|\n|upkeep\n|\n|t:|1700070921\n|switch|p1b: Ninetales|Ninetales-Alola, L50, F|100\/100\n|-weather|Snow|[from] ability: Snow Warning|[of] p1b: Ninetales\n|turn|11\n|c| Lawrence_lmao|hes dozing\n|\n|t:|1700070929\n|move|p2a: Flutter Mane|Dazzling Gleam|p1b: Ninetales|[spread] p1a,p1b\n|-resisted|p1a: Glimmora\n|-damage|p1a: Glimmora|72\/100\n|-damage|p1b: Ninetales|62\/100\n|move|p1b: Ninetales|Blizzard|p2b: Iron Hands|[spread] p2a,p2b\n|-resisted|p2b: Iron Hands\n|-damage|p2a: Flutter Mane|79\/100\n|-damage|p2b: Iron Hands|53\/100\n|move|p1a: Glimmora|Power Gem|p2a: Flutter Mane\n|-damage|p2a: Flutter Mane|41\/100\n|move|p2b: Iron Hands|Heavy Slam|p1a: Glimmora\n|-supereffective|p1a: Glimmora\n|-damage|p1a: Glimmora|0 fnt\n|-activate|p1a: Glimmora|ability: Toxic Debris\n|-sidestart|p2: trainerrodpractice|move: Toxic Spikes\n|faint|p1a: Glimmora\n|\n|-weather|Snow|[upkeep]\n|upkeep\n|turn|12\n|-message|babiwi bewey\u2714\ufe0f forfeited.\n|\n|win|trainerrodpractice\n|c|&|\/uhtml prompt-babiwibewey,babiwi bewey\u2714\ufe0f is ready for game 3!\n","uploadtime":1700070952,"views":18,"p1id":"babiwibewey","p2id":"trainerrodpractice","formatid":"gen9vgc2023regulatione","rating":0,"private":0,"password":""}