{"id":"gen9vgc2023regulatione-1990282362","p1":"GAPDHD","p2":"Th3D3b","format":"[Gen 9] VGC 2023 Regulation E","log":"|j|\u2606GAPDHD\n|j|\u2606Th3D3b\n|t:|1699950241\n|gametype|doubles\n|player|p1|GAPDHD|ruinmaniac|1287\n|player|p2|Th3D3b|170|1267\n|teamsize|p1|6\n|teamsize|p2|6\n|gen|9\n|tier|[Gen 9] VGC 2023 Regulation E\n|rated|\n|rule|Species Clause: Limit one of each Pok\u00e9mon\n|rule|Item Clause: Limit one of each item\n|clearpoke\n|poke|p1|Revavroom, L50, F|\n|poke|p1|Chien-Pao, L50|\n|poke|p1|Flutter Mane, L50|\n|poke|p1|Tornadus, L50, M|\n|poke|p1|Ogerpon-Cornerstone, L50, F|\n|poke|p1|Bruxish, L50, F|\n|poke|p2|Illumise, L50, F|\n|poke|p2|Farigiraf, L50, M|\n|poke|p2|Chi-Yu, L50|\n|poke|p2|Rillaboom, L50, M|\n|poke|p2|Flutter Mane, L50|\n|poke|p2|Kleavor, L50, M|\n|teampreview|4\n|j| Glacialblitz\nGAPDHD has agreed to open team sheets.\n|inactive|Battle timer is ON: inactive players will automatically lose when time's up. (requested by Th3D3b)\n|inactive|GAPDHD has 60 seconds left.\n|\n|t:|1699950291\n|start\n|switch|p1a: Bruxish|Bruxish, L50, F|100\/100\n|switch|p1b: Chien-Pao|Chien-Pao, L50|100\/100\n|switch|p2a: Farigiraf|Farigiraf, L50, M|100\/100\n|switch|p2b: Flutter Mane|Flutter Mane, L50|100\/100\n|-ability|p1b: Chien-Pao|Sword of Ruin\n|turn|1\n|\n|t:|1699950309\n|move|p1a: Bruxish|Super Fang|p2a: Farigiraf\n|-damage|p2a: Farigiraf|51\/100\n|move|p1b: Chien-Pao|Ice Spinner|p2a: Farigiraf\n|-damage|p2a: Farigiraf|5\/100\n|-enditem|p2a: Farigiraf|Sitrus Berry|[eat]\n|-heal|p2a: Farigiraf|30\/100|[from] item: Sitrus Berry\n|move|p2b: Flutter Mane|Dazzling Gleam|p1b: Chien-Pao|[spread] p1a,p1b\n|-supereffective|p1b: Chien-Pao\n|-damage|p1a: Bruxish|25\/100\n|-enditem|p1b: Chien-Pao|Focus Sash\n|-damage|p1b: Chien-Pao|1\/100\n|move|p2a: Farigiraf|Trick Room|p2a: Farigiraf\n|-fieldstart|move: Trick Room|[of] p2a: Farigiraf\n|\n|upkeep\n|turn|2\n|inactive|Th3D3b has 30 seconds left.\n|\n|t:|1699950343\n|switch|p2a: Rillaboom|Rillaboom, L50, M|100\/100\n|-fieldstart|move: Grassy Terrain|[from] ability: Grassy Surge|[of] p2a: Rillaboom\n|switch|p1a: Revavroom|Revavroom, L50, F|100\/100\n|move|p1b: Chien-Pao|Protect|p1b: Chien-Pao\n|-singleturn|p1b: Chien-Pao|Protect\n|move|p2b: Flutter Mane|Dazzling Gleam|p1a: Revavroom|[spread] p1a\n|-activate|p1b: Chien-Pao|move: Protect\n|-resisted|p1a: Revavroom\n|-damage|p1a: Revavroom|86\/100\n|\n|-heal|p1a: Revavroom|92\/100|[from] Grassy Terrain\n|-heal|p1b: Chien-Pao|7\/100|[from] Grassy Terrain\n|upkeep\n|turn|3\n|\n|t:|1699950363\n|switch|p1b: Bruxish|Bruxish, L50, F|25\/100\n|move|p2a: Rillaboom|High Horsepower|p1a: Revavroom\n|-supereffective|p1a: Revavroom\n|-damage|p1a: Revavroom|0 fnt\n|faint|p1a: Revavroom\n|move|p2b: Flutter Mane|Dazzling Gleam|p1b: Bruxish\n|-damage|p1b: Bruxish|0 fnt\n|faint|p1b: Bruxish\n|\n|upkeep\n|\n|t:|1699950373\n|switch|p1a: Ogerpon|Ogerpon-Cornerstone, L50, F|100\/100\n|switch|p1b: Chien-Pao|Chien-Pao, L50|7\/100\n|-ability|p1b: Chien-Pao|Sword of Ruin\n|turn|4\n|\n|t:|1699950386\n|move|p1b: Chien-Pao|Protect|p1b: Chien-Pao\n|-singleturn|p1b: Chien-Pao|Protect\n|move|p2a: Rillaboom|Grassy Glide|p1b: Chien-Pao\n|-activate|p1b: Chien-Pao|move: Protect\n|move|p1a: Ogerpon|Ivy Cudgel|p2b: Flutter Mane\n|-damage|p2b: Flutter Mane|0 fnt\n|faint|p2b: Flutter Mane\n|-end|p2b: Flutter Mane|Protosynthesis|[silent]\n|\n|-heal|p1b: Chien-Pao|13\/100|[from] Grassy Terrain\n|upkeep\n|j| loopsgg\n|\n|t:|1699950390\n|switch|p2b: Farigiraf|Farigiraf, L50, M|30\/100\n|turn|5\n|l| loopsgg\n|\n|t:|1699950402\n|move|p1a: Ogerpon|Follow Me|p1a: Ogerpon\n|-singleturn|p1a: Ogerpon|move: Follow Me\n|move|p2a: Rillaboom|Grassy Glide|p1a: Ogerpon\n|-damage|p1a: Ogerpon|27\/100\n|move|p2b: Farigiraf|Psychic|p1a: Ogerpon\n|-damage|p1a: Ogerpon|0 fnt\n|faint|p1a: Ogerpon\n|move|p1b: Chien-Pao|Ice Spinner|p2a: Rillaboom\n|-supereffective|p2a: Rillaboom\n|-damage|p2a: Rillaboom|5\/100\n|-fieldend|move: Grassy Terrain\n|\n|-fieldend|move: Trick Room\n|upkeep\n|turn|6\n|-message|GAPDHD forfeited.\n|\n|win|Th3D3b\n|raw|GAPDHD's rating: 1287 &rarr; <strong>1261<\/strong><br \/>(-26 for losing)\n|raw|Th3D3b's rating: 1267 &rarr; <strong>1293<\/strong><br \/>(+26 for winning)\n|l|\u2606GAPDHD\n","uploadtime":1699950251,"views":15,"p1id":"gapdhd","p2id":"th3d3b","formatid":"gen9vgc2023regulatione","rating":1261,"private":0,"password":""}