{"id":"gen9vgc2023regulatione-1992449344","p1":"malvric","p2":"Snowfly96","format":"[Gen 9] VGC 2023 Regulation E","log":"|j|\u2606malvric\n|j|\u2606Snowfly96\n|n|\u2606malvric|malvric\n|n|\u2606Snowfly96|snowfly96\n|html|View the match progress at <a href=\"\/game-bestof3-gen9vgc2023regulatione-1992443418\">game-bestof3-gen9vgc2023regulatione-1992443418<\/a>\n|t:|1700188946\n|gametype|doubles\n|player|p1|malvric|2|\n|player|p2|Snowfly96|skier|\n|teamsize|p1|6\n|teamsize|p2|6\n|gen|9\n|tier|[Gen 9] VGC 2023 Regulation E\n|rule|Species Clause: Limit one of each Pok\u00e9mon\n|rule|Item Clause: Limit one of each item\n|clearpoke\n|poke|p1|Jolteon, L50, M|\n|poke|p1|Clefable, L50, F|\n|poke|p1|Tornadus, L50, M|\n|poke|p1|Palafin, L50, F|\n|poke|p1|Blissey, L50, F|\n|poke|p1|Salazzle, L50, F|\n|poke|p2|Ninetales-Alola, L50, F|\n|poke|p2|Glaceon, L50, M|\n|poke|p2|Salamence, L50, M|\n|poke|p2|Noctowl, L50, M|\n|poke|p2|Ditto, L50|\n|poke|p2|Tinkaton, L50, F|\n|teampreview|4\n|j| Xanej\nSnowfly96 has agreed to open team sheets.\n|j| justincaseuforgot\n|j| loneleon\nmalvric has agreed to open team sheets.\n|showteam|p1|Jolteon||AirBalloon|VoltAbsorb|Thunder,Protect,VoltSwitch,FakeTears|||M|||50|,,,,,Electric]Clefable||Leftovers|MagicGuard|FollowMe,CalmMind,BatonPass,Flamethrower|||F|||50|,,,,,Normal]Tornadus||SitrusBerry|Prankster|BleakwindStorm,SunnyDay,RainDance,Uturn|||M|||50|,,,,,Flying]Palafin||LifeOrb|ZerotoHero|JetPunch,DrainPunch,WaveCrash,IceBeam|||F|||50|,,,,,Fighting]Blissey||AssaultVest|SereneGrace|Thunder,Blizzard,FocusBlast,Flamethrower|||F|||50|,,,,,Normal]Salazzle||WiseGlasses|Corrosion|FakeOut,HeatWave,TeraBlast,Toxic|||F|||50|,,,,,Steel\n|showteam|p2|Ninetales-Alola||LightClay|SnowWarning|AuroraVeil,IcyWind,FakeTears,HelpingHand|||F|||50|,,,,,Ice]Glaceon||NeverMeltIce|IceBody|Protect,Blizzard,FreezeDry,ShadowBall|||M|||50|,,,,,Ice]Salamence||LifeOrb|Intimidate|Tailwind,RockSlide,IronHead,Protect|||M|||50|,,,,,Rock]Noctowl||Leftovers|TintedLens|Substitute,CalmMind,TeraBlast,Roost|||M|||50|,,,,,Grass]Ditto||ChoiceScarf|Imposter|Transform||||||50|,,,,,Water]Tinkaton||SitrusBerry|Pickpocket|FakeOut,BabyDollEyes,KnockOff,GigatonHammer|||F|||50|,,,,,Steel\n|\n|t:|1700188980\n|start\n|switch|p1a: Tornade dat ass|Tornadus, L50, M, shiny|100\/100\n|switch|p1b: Bolt|Jolteon, L50, M|100\/100\n|switch|p2a: Boots|Glaceon, L50, M|100\/100\n|switch|p2b: Maverick|Salamence, L50, M|100\/100\n|-item|p1b: Bolt|Air Balloon\n|-ability|p2b: Maverick|Intimidate|boost\n|-unboost|p1a: Tornade dat ass|atk|1\n|-unboost|p1b: Bolt|atk|1\n|turn|1\n|\n|t:|1700189000\n|move|p2a: Boots|Protect|p2a: Boots\n|-singleturn|p2a: Boots|Protect\n|move|p1a: Tornade dat ass|Rain Dance|p1a: Tornade dat ass\n|-weather|RainDance\n|move|p1b: Bolt|Fake Tears|p2a: Boots\n|-activate|p2a: Boots|move: Protect\n|move|p2b: Maverick|Tailwind|p2b: Maverick\n|-sidestart|p2: Snowfly96|move: Tailwind\n|\n|-weather|RainDance|[upkeep]\n|upkeep\n|turn|2\n|\n|t:|1700189023\n|switch|p2b: Winter|Ninetales-Alola, L50, F|100\/100\n|-weather|Snow|[from] ability: Snow Warning|[of] p2b: Winter\n|move|p2a: Boots|Blizzard|p1a: Tornade dat ass|[spread] p1a,p1b\n|-supereffective|p1a: Tornade dat ass\n|-damage|p1a: Tornade dat ass|0 fnt\n|-damage|p1b: Bolt|39\/100\n|-enditem|p1b: Bolt|Air Balloon\n|faint|p1a: Tornade dat ass\n|move|p1b: Bolt|Thunder|p2a: Boots\n|-damage|p2a: Boots|50\/100\n|\n|-weather|Snow|[upkeep]\n|-heal|p2a: Boots|56\/100|[from] ability: Ice Body\n|upkeep\n|\n|t:|1700189042\n|switch|p1a: Blissey|Blissey, L50, F|100\/100\n|turn|3\n|\n|t:|1700189054\n|move|p2a: Boots|Protect|p2a: Boots\n|-singleturn|p2a: Boots|Protect\n|move|p2b: Winter|Aurora Veil|p2b: Winter\n|-sidestart|p2: Snowfly96|move: Aurora Veil\n|move|p1b: Bolt|Fake Tears|p2b: Winter\n|-unboost|p2b: Winter|spd|2\n|move|p1a: Blissey|Flamethrower|p2b: Winter\n|-supereffective|p2b: Winter\n|-damage|p2b: Winter|47\/100\n|\n|-weather|Snow|[upkeep]\n|-heal|p2a: Boots|62\/100|[from] ability: Ice Body\n|upkeep\n|turn|4\n|\n|t:|1700189075\n|move|p2b: Winter|Helping Hand|p2a: Boots\n|-singleturn|p2a: Boots|Helping Hand|[of] p2b: Winter\n|move|p2a: Boots|Blizzard|p1a: Blissey|[spread] p1a,p1b\n|-damage|p1a: Blissey|78\/100\n|-damage|p1b: Bolt|0 fnt\n|faint|p1b: Bolt\n|move|p1a: Blissey|Flamethrower|p2a: Boots\n|-supereffective|p2a: Boots\n|-damage|p2a: Boots|29\/100\n|\n|-weather|Snow|[upkeep]\n|-heal|p2a: Boots|35\/100|[from] ability: Ice Body\n|-sideend|p2: Snowfly96|move: Tailwind\n|upkeep\n|\n|t:|1700189086\n|switch|p1b: Salazzle|Salazzle, L50, F, shiny|100\/100\n|turn|5\n|\n|t:|1700189113\n|-terastallize|p1b: Salazzle|Steel\n|move|p2a: Boots|Protect|p2a: Boots\n|-singleturn|p2a: Boots|Protect\n|move|p2b: Winter|Fake Tears|p1b: Salazzle\n|-unboost|p1b: Salazzle|spd|2\n|move|p1b: Salazzle|Tera Blast|p2b: Winter|[anim] Tera Blast Steel\n|-supereffective|p2b: Winter\n|-damage|p2b: Winter|0 fnt\n|faint|p2b: Winter\n|move|p1a: Blissey|Flamethrower|p2a: Boots\n|-activate|p2a: Boots|move: Protect\n|\n|-weather|Snow|[upkeep]\n|-heal|p2a: Boots|42\/100|[from] ability: Ice Body\n|upkeep\n|\n|t:|1700189128\n|switch|p2b: Ruby|Tinkaton, L50, F|100\/100\n|turn|6\n|\n|t:|1700189136\n|move|p2b: Ruby|Fake Out|p1b: Salazzle\n|-resisted|p1b: Salazzle\n|-damage|p1b: Salazzle|90\/100\n|cant|p1b: Salazzle|flinch\n|move|p2a: Boots|Blizzard|p1b: Salazzle|[spread] p1a,p1b\n|-resisted|p1b: Salazzle\n|-damage|p1a: Blissey|62\/100\n|-damage|p1b: Salazzle|0 fnt\n|faint|p1b: Salazzle\n|move|p1a: Blissey|Flamethrower|p2b: Ruby\n|-supereffective|p2b: Ruby\n|-damage|p2b: Ruby|70\/100\n|\n|-weather|none\n|upkeep\n|turn|7\n|\n|t:|1700189160\n|switch|p2a: Maverick|Salamence, L50, M|100\/100\n|-ability|p2a: Maverick|Intimidate|boost\n|-unboost|p1a: Blissey|atk|1\n|move|p2b: Ruby|Knock Off|p1a: Blissey\n|-damage|p1a: Blissey|38\/100\n|-enditem|p1a: Blissey|Assault Vest|[from] move: Knock Off|[of] p2b: Ruby\n|move|p1a: Blissey|Flamethrower|p2b: Ruby\n|-supereffective|p2b: Ruby\n|-damage|p2b: Ruby|43\/100\n|-enditem|p2b: Ruby|Sitrus Berry|[eat]\n|-heal|p2b: Ruby|68\/100|[from] item: Sitrus Berry\n|\n|upkeep\n|turn|8\n|\n|t:|1700189176\n|move|p2a: Maverick|Iron Head|p1a: Blissey\n|-damage|p1a: Blissey|1\/100\n|-damage|p2a: Maverick|90\/100|[from] item: Life Orb\n|move|p2b: Ruby|Gigaton Hammer|p1a: Blissey\n|-damage|p1a: Blissey|0 fnt\n|faint|p1a: Blissey\n|\n|win|Snowfly96\n","uploadtime":1700189185,"views":15,"p1id":"malvric","p2id":"snowfly96","formatid":"gen9vgc2023regulatione","rating":0,"private":0,"password":""}