{"id":"gen9vgc2023regulatione-1988193428","p1":"Tempest brute","p2":"fyfyyalt1","format":"[Gen 9] VGC 2023 Regulation E","log":"|j|\u2606Tempest brute\n|j|\u2606fyfyyalt1\n|t:|1699682748\n|gametype|doubles\n|player|p1|Tempest brute|veteran|\n|player|p2|fyfyyalt1|101|\n|teamsize|p1|6\n|teamsize|p2|6\n|gen|9\n|tier|[Gen 9] VGC 2023 Regulation E\n|rated|Tournament battle\n|clearpoke\n|poke|p1|Gliscor, L50, M|\n|poke|p1|Regidrago, L50|\n|poke|p1|Regidrago, L50|\n|poke|p1|Crawdaunt, L50, M|\n|poke|p1|Regidrago, L50|\n|poke|p1|Regidrago, L50|\n|poke|p2|Gliscor, L50, F|\n|poke|p2|Regidrago, L50|\n|poke|p2|Regidrago, L50|\n|poke|p2|Crawdaunt, L50, F|\n|poke|p2|Regidrago, L50|\n|poke|p2|Regidrago, L50|\n|teampreview|4\n|j| nicolas rainier\n|j| TheOrthwormJim\n|j| wholesomeisland\n|c|\u2606fyfyyalt1|Ok cool mirror matchup\n|c| TheOrthwormJim|Hmm\n|l| TheOrthwormJim\n|l| wholesomeisland\n|j|%Therazer456\n|j| moonybunny\n|\n|t:|1699682784\n|start\n|switch|p1a: Gliscor|Gliscor, L50, M|100\/100\n|switch|p1b: Regidrago|Regidrago, L50|100\/100\n|switch|p2a: Gliscor|Gliscor, L50, F|100\/100\n|switch|p2b: Regidrago|Regidrago, L50|100\/100\n|turn|1\n|\n|t:|1699682805\n|move|p2b: Regidrago|Protect|p2b: Regidrago\n|-singleturn|p2b: Regidrago|Protect\n|move|p1a: Gliscor|Tailwind|p1a: Gliscor\n|-sidestart|p1: Tempest brute|move: Tailwind\n|move|p1b: Regidrago|Draco Meteor|p2b: Regidrago\n|-activate|p2b: Regidrago|move: Protect\n|move|p2a: Gliscor|Tailwind|p2a: Gliscor\n|-sidestart|p2: fyfyyalt1|move: Tailwind\n|\n|-status|p2a: Gliscor|tox|[from] item: Toxic Orb\n|-status|p1a: Gliscor|tox|[from] item: Toxic Orb\n|upkeep\n|turn|2\n|\n|t:|1699682833\n|move|p2a: Gliscor|Protect|p2a: Gliscor\n|-singleturn|p2a: Gliscor|Protect\n|move|p1a: Gliscor|High Horsepower|p2b: Regidrago\n|-damage|p2b: Regidrago|73\/100\n|move|p1b: Regidrago|Draco Meteor|p2b: Regidrago\n|-supereffective|p2b: Regidrago\n|-enditem|p2b: Regidrago|Haban Berry|[eat]\n|-enditem|p2b: Regidrago|Haban Berry|[weaken]\n|-damage|p2b: Regidrago|31\/100\n|-unboost|p1b: Regidrago|spa|2\n|move|p2b: Regidrago|Draco Meteor|p1b: Regidrago\n|-supereffective|p1b: Regidrago\n|-enditem|p1b: Regidrago|Haban Berry|[eat]\n|-enditem|p1b: Regidrago|Haban Berry|[weaken]\n|-damage|p1b: Regidrago|55\/100\n|-unboost|p2b: Regidrago|spa|2\n|\n|upkeep\n|turn|3\n|\n|t:|1699682858\n|move|p1b: Regidrago|Protect|p1b: Regidrago\n|-singleturn|p1b: Regidrago|Protect\n|move|p1a: Gliscor|High Horsepower|p2b: Regidrago\n|-damage|p2b: Regidrago|6\/100\n|move|p2a: Gliscor|High Horsepower|p1b: Regidrago\n|-activate|p1b: Regidrago|move: Protect\n|move|p2b: Regidrago|Draco Meteor|p1a: Gliscor\n|-damage|p1a: Gliscor|64\/100 tox\n|-unboost|p2b: Regidrago|spa|2\n|\n|-heal|p1a: Gliscor|76\/100 tox|[from] ability: Poison Heal\n|upkeep\n|turn|4\n|\n|t:|1699682890\n|move|p2a: Gliscor|High Horsepower|p1b: Regidrago\n|-damage|p1b: Regidrago|30\/100\n|move|p1a: Gliscor|High Horsepower|p2b: Regidrago\n|-damage|p2b: Regidrago|0 fnt\n|faint|p2b: Regidrago\n|move|p1b: Regidrago|Draco Meteor|p2a: Gliscor\n|-damage|p2a: Gliscor|68\/100 tox\n|-unboost|p1b: Regidrago|spa|2\n|\n|-heal|p1a: Gliscor|88\/100 tox|[from] ability: Poison Heal\n|-heal|p2a: Gliscor|80\/100 tox|[from] ability: Poison Heal\n|-sideend|p1: Tempest brute|move: Tailwind\n|-sideend|p2: fyfyyalt1|move: Tailwind\n|upkeep\n|\n|t:|1699682902\n|switch|p2b: Regidrago|Regidrago, L50|100\/100\n|turn|5\n|\n|t:|1699682915\n|move|p1a: Gliscor|Protect|p1a: Gliscor\n|-singleturn|p1a: Gliscor|Protect\n|move|p1b: Regidrago|Protect|p1b: Regidrago\n|-singleturn|p1b: Regidrago|Protect\n|move|p2b: Regidrago|Dragon Energy|p1a: Gliscor|[spread] \n|-activate|p1a: Gliscor|move: Protect\n|-activate|p1b: Regidrago|move: Protect\n|move|p2a: Gliscor|Gunk Shot|p1a: Gliscor\n|-activate|p1a: Gliscor|move: Protect\n|\n|-heal|p1a: Gliscor|100\/100 tox|[from] ability: Poison Heal\n|-heal|p2a: Gliscor|92\/100 tox|[from] ability: Poison Heal\n|upkeep\n|turn|6\n|\n|t:|1699682929\n|-terastallize|p2b: Regidrago|Dragon\n|-terastallize|p1a: Gliscor|Fairy\n|move|p2b: Regidrago|Dragon Energy|p1b: Regidrago|[spread] p1b\n|-immune|p1a: Gliscor\n|-supereffective|p1b: Regidrago\n|-damage|p1b: Regidrago|0 fnt\n|faint|p1b: Regidrago\n|move|p1a: Gliscor|Tailwind|p1a: Gliscor\n|-sidestart|p1: Tempest brute|move: Tailwind\n|move|p2a: Gliscor|Tailwind|p2a: Gliscor\n|-sidestart|p2: fyfyyalt1|move: Tailwind\n|\n|-heal|p2a: Gliscor|100\/100 tox|[from] ability: Poison Heal\n|upkeep\n|j| dragrain\n|\n|t:|1699682936\n|switch|p1b: Crawdaunt|Crawdaunt, L50, M|100\/100\n|turn|7\n|\n|t:|1699682956\n|move|p1b: Crawdaunt|Endure|p1b: Crawdaunt\n|-singleturn|p1b: Crawdaunt|move: Endure\n|move|p2b: Regidrago|Dragon Energy|p1a: Gliscor|[spread] p1b\n|-immune|p1a: Gliscor\n|-activate|p1b: Crawdaunt|move: Endure\n|-damage|p1b: Crawdaunt|1\/100\n|move|p2a: Gliscor|High Horsepower|p1b: Crawdaunt\n|-activate|p1b: Crawdaunt|move: Endure\n|-damage|p1b: Crawdaunt|1\/100\n|move|p1a: Gliscor|High Horsepower|p2b: Regidrago\n|-damage|p2b: Regidrago|62\/100\n|\n|upkeep\n|turn|8\n|c| moonybunny|peak crab gameplay\n|-enditem|p1b: Crawdaunt|Custap Berry|[eat]\n|-activate|p1b: Crawdaunt|item: Custap Berry|[consumed]\n|\n|t:|1699682975\n|move|p1b: Crawdaunt|Knock Off|p2b: Regidrago\n|-damage|p2b: Regidrago|0 fnt\n|-enditem|p2b: Regidrago|Choice Scarf|[from] move: Knock Off|[of] p1b: Crawdaunt\n|faint|p2b: Regidrago\n|move|p1a: Gliscor|High Horsepower|p2a: Gliscor\n|-immune|p2a: Gliscor\n|move|p2a: Gliscor|Gunk Shot|p1a: Gliscor\n|-supereffective|p1a: Gliscor\n|-damage|p1a: Gliscor|63\/100 tox\n|\n|-heal|p1a: Gliscor|75\/100 tox|[from] ability: Poison Heal\n|upkeep\n|j| speedrunlegend\n|\n|t:|1699682989\n|switch|p2b: Regidrago|Regidrago, L50|100\/100\n|turn|9\n|\n|t:|1699683013\n|move|p1a: Gliscor|Protect|p1a: Gliscor\n|-singleturn|p1a: Gliscor|Protect\n|move|p1b: Crawdaunt|Endure|p1b: Crawdaunt\n|-singleturn|p1b: Crawdaunt|move: Endure\n|move|p2a: Gliscor|Gunk Shot|p1a: Gliscor\n|-activate|p1a: Gliscor|move: Protect\n|move|p2b: Regidrago|Earth Power|p1b: Crawdaunt\n|-activate|p1b: Crawdaunt|move: Endure\n|-damage|p1b: Crawdaunt|1\/100\n|\n|-heal|p1a: Gliscor|87\/100 tox|[from] ability: Poison Heal\n|-sideend|p1: Tempest brute|move: Tailwind\n|-sideend|p2: fyfyyalt1|move: Tailwind\n|upkeep\n|turn|10\n|l| dragrain\n|\n|t:|1699683038\n|move|p1b: Crawdaunt|Aqua Jet|p2b: Regidrago\n|-resisted|p2b: Regidrago\n|-damage|p2b: Regidrago|89\/100\n|move|p1a: Gliscor|Tailwind|p1a: Gliscor\n|-sidestart|p1: Tempest brute|move: Tailwind\n|move|p2a: Gliscor|Tailwind|p2a: Gliscor\n|-sidestart|p2: fyfyyalt1|move: Tailwind\n|move|p2b: Regidrago|Earth Power|p1b: Crawdaunt\n|-damage|p1b: Crawdaunt|0 fnt\n|faint|p1b: Crawdaunt\n|\n|-heal|p1a: Gliscor|99\/100 tox|[from] ability: Poison Heal\n|upkeep\n|\n|t:|1699683041\n|switch|p1b: Regidrago|Regidrago, L50|100\/100\n|turn|11\n|\n|t:|1699683055\n|move|p1b: Regidrago|Dragon Energy|p2a: Gliscor|[spread] p2a,p2b\n|-supereffective|p2b: Regidrago\n|-enditem|p2b: Regidrago|Haban Berry|[eat]\n|-enditem|p2b: Regidrago|Haban Berry|[weaken]\n|-damage|p2a: Gliscor|27\/100 tox\n|-damage|p2b: Regidrago|38\/100\n|move|p1a: Gliscor|High Horsepower|p2b: Regidrago\n|-damage|p2b: Regidrago|12\/100\n|move|p2a: Gliscor|High Horsepower|p1b: Regidrago\n|-damage|p1b: Regidrago|60\/100\n|move|p2b: Regidrago|Draco Meteor|p1b: Regidrago\n|-supereffective|p1b: Regidrago\n|-damage|p1b: Regidrago|0 fnt\n|-unboost|p2b: Regidrago|spa|2\n|faint|p1b: Regidrago\n|\n|-heal|p2a: Gliscor|40\/100 tox|[from] ability: Poison Heal\n|-heal|p1a: Gliscor|100\/100 tox|[from] ability: Poison Heal\n|upkeep\n|turn|12\n|\n|t:|1699683074\n|move|p1a: Gliscor|High Horsepower|p2b: Regidrago\n|-damage|p2b: Regidrago|0 fnt\n|faint|p2b: Regidrago\n|move|p2a: Gliscor|Gunk Shot|p1a: Gliscor\n|-supereffective|p1a: Gliscor\n|-damage|p1a: Gliscor|63\/100 tox\n|\n|-heal|p2a: Gliscor|52\/100 tox|[from] ability: Poison Heal\n|-heal|p1a: Gliscor|75\/100 tox|[from] ability: Poison Heal\n|upkeep\n|turn|13\n|j| pokeveteran04\n|\n|t:|1699683084\n|move|p2a: Gliscor|Protect|p2a: Gliscor\n|-singleturn|p2a: Gliscor|Protect\n|move|p1a: Gliscor|Protect||[still]\n|-fail|p1a: Gliscor\n|\n|-heal|p2a: Gliscor|64\/100 tox|[from] ability: Poison Heal\n|-heal|p1a: Gliscor|87\/100 tox|[from] ability: Poison Heal\n|-sideend|p2: fyfyyalt1|move: Tailwind\n|-sideend|p1: Tempest brute|move: Tailwind\n|upkeep\n|turn|14\n|\n|t:|1699683093\n|move|p1a: Gliscor|Protect|p1a: Gliscor\n|-singleturn|p1a: Gliscor|Protect\n|move|p2a: Gliscor|Gunk Shot|p1a: Gliscor\n|-activate|p1a: Gliscor|move: Protect\n|\n|-heal|p1a: Gliscor|99\/100 tox|[from] ability: Poison Heal\n|-heal|p2a: Gliscor|76\/100 tox|[from] ability: Poison Heal\n|upkeep\n|turn|15\n|c| moonybunny|now this is just ou\n|\n|t:|1699683099\n|move|p2a: Gliscor|Gunk Shot|p1a: Gliscor\n|-supereffective|p1a: Gliscor\n|-damage|p1a: Gliscor|61\/100 tox\n|move|p1a: Gliscor|Tailwind|p1a: Gliscor\n|-sidestart|p1: Tempest brute|move: Tailwind\n|\n|-heal|p1a: Gliscor|73\/100 tox|[from] ability: Poison Heal\n|-heal|p2a: Gliscor|88\/100 tox|[from] ability: Poison Heal\n|upkeep\n|turn|16\n|\n|t:|1699683105\n|move|p1a: Gliscor|Protect|p1a: Gliscor\n|-singleturn|p1a: Gliscor|Protect\n|move|p2a: Gliscor|Protect||[still]\n|-fail|p2a: Gliscor\n|\n|-heal|p1a: Gliscor|85\/100 tox|[from] ability: Poison Heal\n|-heal|p2a: Gliscor|99\/100 tox|[from] ability: Poison Heal\n|upkeep\n|turn|17\n|\n|t:|1699683110\n|move|p1a: Gliscor|Tailwind||[still]\n|-fail|p1a: Gliscor\n|move|p2a: Gliscor|High Horsepower|p1a: Gliscor\n|-damage|p1a: Gliscor|62\/100 tox\n|\n|-heal|p1a: Gliscor|74\/100 tox|[from] ability: Poison Heal\n|-heal|p2a: Gliscor|100\/100 tox|[from] ability: Poison Heal\n|upkeep\n|turn|18\n|\n|t:|1699683117\n|move|p1a: Gliscor|Protect|p1a: Gliscor\n|-singleturn|p1a: Gliscor|Protect\n|move|p2a: Gliscor|High Horsepower|p1a: Gliscor\n|-activate|p1a: Gliscor|move: Protect\n|\n|-heal|p1a: Gliscor|86\/100 tox|[from] ability: Poison Heal\n|-sideend|p1: Tempest brute|move: Tailwind\n|upkeep\n|turn|19\n|\n|t:|1699683123\n|move|p1a: Gliscor|Tailwind|p1a: Gliscor\n|-sidestart|p1: Tempest brute|move: Tailwind\n|move|p2a: Gliscor|High Horsepower|p1a: Gliscor\n|-damage|p1a: Gliscor|66\/100 tox\n|\n|-heal|p1a: Gliscor|78\/100 tox|[from] ability: Poison Heal\n|upkeep\n|turn|20\n|\n|t:|1699683129\n|move|p1a: Gliscor|Tailwind||[still]\n|-fail|p1a: Gliscor\n|move|p2a: Gliscor|Tailwind|p2a: Gliscor\n|-sidestart|p2: fyfyyalt1|move: Tailwind\n|\n|-heal|p1a: Gliscor|90\/100 tox|[from] ability: Poison Heal\n|upkeep\n|turn|21\n|\n|t:|1699683136\n|move|p2a: Gliscor|Protect|p2a: Gliscor\n|-singleturn|p2a: Gliscor|Protect\n|move|p1a: Gliscor|Tailwind||[still]\n|-fail|p1a: Gliscor\n|\n|-heal|p1a: Gliscor|100\/100 tox|[from] ability: Poison Heal\n|upkeep\n|turn|22\n|\n|t:|1699683143\n|move|p1a: Gliscor|Tailwind||[still]\n|-fail|p1a: Gliscor\n|move|p2a: Gliscor|Tailwind||[still]\n|-fail|p2a: Gliscor\n|\n|-sideend|p1: Tempest brute|move: Tailwind\n|upkeep\n|turn|23\n|\n|t:|1699683149\n|move|p2a: Gliscor|Tailwind||[still]\n|-fail|p2a: Gliscor\n|move|p1a: Gliscor|Tailwind|p1a: Gliscor\n|-sidestart|p1: Tempest brute|move: Tailwind\n|\n|-sideend|p2: fyfyyalt1|move: Tailwind\n|upkeep\n|turn|24\n|\n|t:|1699683154\n|move|p1a: Gliscor|Tailwind||[still]\n|-fail|p1a: Gliscor\n|move|p2a: Gliscor|Tailwind|p2a: Gliscor\n|-sidestart|p2: fyfyyalt1|move: Tailwind\n|\n|upkeep\n|turn|25\n|c| nicolas rainier|btw why regidrago is a crab >\n|c| moonybunny|it has a claw\n|c| pokeveteran04|god knows\n|\n|t:|1699683173\n|move|p2a: Gliscor|Tailwind||[still]\n|-fail|p2a: Gliscor\n|move|p1a: Gliscor|Tailwind||[still]\n|-fail|p1a: Gliscor\n|\n|upkeep\n|turn|26\n|\n|t:|1699683180\n|move|p2a: Gliscor|Protect|p2a: Gliscor\n|-singleturn|p2a: Gliscor|Protect\n|move|p1a: Gliscor|Tailwind||[still]\n|-fail|p1a: Gliscor\n|\n|-sideend|p1: Tempest brute|move: Tailwind\n|upkeep\n|turn|27\n|\n|t:|1699683188\n|move|p2a: Gliscor|Protect||[still]\n|-fail|p2a: Gliscor\n|move|p1a: Gliscor|Tailwind|p1a: Gliscor\n|-sidestart|p1: Tempest brute|move: Tailwind\n|\n|-sideend|p2: fyfyyalt1|move: Tailwind\n|upkeep\n|turn|28\n|c| nicolas rainier|is not a claw if he can not grab something\n|\n|t:|1699683194\n|move|p1a: Gliscor|Tailwind||[still]\n|-fail|p1a: Gliscor\n|move|p2a: Gliscor|Tailwind|p2a: Gliscor\n|-sidestart|p2: fyfyyalt1|move: Tailwind\n|\n|upkeep\n|turn|29\n|c| moonybunny|regidrago can hold items\n|\n|t:|1699683200\n|move|p2a: Gliscor|Protect|p2a: Gliscor\n|-singleturn|p2a: Gliscor|Protect\n|move|p1a: Gliscor|Tailwind||[still]\n|-fail|p1a: Gliscor\n|\n|upkeep\n|turn|30\n|\n|t:|1699683205\n|move|p1a: Gliscor|Tailwind||[still]\n|-fail|p1a: Gliscor\n|move|p2a: Gliscor|Tailwind||[still]\n|-fail|p2a: Gliscor\n|\n|-sideend|p1: Tempest brute|move: Tailwind\n|upkeep\n|turn|31\n|\n|t:|1699683209\n|move|p2a: Gliscor|Tailwind||[still]\n|-fail|p2a: Gliscor\n|move|p1a: Gliscor|Tailwind|p1a: Gliscor\n|-sidestart|p1: Tempest brute|move: Tailwind\n|\n|-sideend|p2: fyfyyalt1|move: Tailwind\n|upkeep\n|turn|32\n|\n|t:|1699683215\n|move|p1a: Gliscor|Tailwind||[still]\n|-fail|p1a: Gliscor\n|move|p2a: Gliscor|Tailwind|p2a: Gliscor\n|-sidestart|p2: fyfyyalt1|move: Tailwind\n|\n|upkeep\n|turn|33\n|\n|t:|1699683220\n|move|p1a: Gliscor|Tailwind||[still]\n|-fail|p1a: Gliscor\n|move|p2a: Gliscor|Tailwind||[still]\n|-fail|p2a: Gliscor\n|\n|upkeep\n|turn|34\n|\n|t:|1699683226\n|move|p1a: Gliscor|Tailwind||[still]\n|-fail|p1a: Gliscor\n|move|p2a: Gliscor|Tailwind||[still]\n|-fail|p2a: Gliscor\n|\n|-sideend|p1: Tempest brute|move: Tailwind\n|upkeep\n|turn|35\n|\n|t:|1699683233\n|move|p2a: Gliscor|Tailwind||[still]\n|-fail|p2a: Gliscor\n|move|p1a: Gliscor|Tailwind|p1a: Gliscor\n|-sidestart|p1: Tempest brute|move: Tailwind\n|\n|-sideend|p2: fyfyyalt1|move: Tailwind\n|upkeep\n|turn|36\n|\n|t:|1699683241\n|move|p1a: Gliscor|Tailwind||[still]\n|-fail|p1a: Gliscor\n|move|p2a: Gliscor|Tailwind|p2a: Gliscor\n|-sidestart|p2: fyfyyalt1|move: Tailwind\n|\n|upkeep\n|turn|37\n|\n|t:|1699683250\n|move|p1a: Gliscor|Tailwind||[still]\n|-fail|p1a: Gliscor\n|move|p2a: Gliscor|Tailwind||[still]\n|-fail|p2a: Gliscor\n|\n|upkeep\n|turn|38\n|\n|t:|1699683258\n|move|p1a: Gliscor|High Horsepower|p1: Regidrago|[notarget]\n|-fail|p1a: Gliscor\n|move|p2a: Gliscor|Tailwind||[still]\n|-fail|p2a: Gliscor\n|\n|-sideend|p1: Tempest brute|move: Tailwind\n|upkeep\n|turn|39\n|\n|t:|1699683265\n|move|p2a: Gliscor|Tailwind||[still]\n|-fail|p2a: Gliscor\n|move|p1a: Gliscor|High Horsepower|p2a: Gliscor\n|-immune|p2a: Gliscor\n|\n|-sideend|p2: fyfyyalt1|move: Tailwind\n|upkeep\n|turn|40\n|c| nicolas rainier|if you know the claw you're saying is littery a head of a dragon split in two\n|j| Wheeel\n|\n|t:|1699683279\n|move|p1a: Gliscor|High Horsepower|p2a: Gliscor\n|-immune|p2a: Gliscor\n|move|p2a: Gliscor|Tailwind|p2a: Gliscor\n|-sidestart|p2: fyfyyalt1|move: Tailwind\n|\n|upkeep\n|turn|41\n|\n|t:|1699683292\n|move|p2a: Gliscor|Tailwind||[still]\n|-fail|p2a: Gliscor\n|move|p1a: Gliscor|High Horsepower|p1: Regidrago|[notarget]\n|-fail|p1a: Gliscor\n|\n|upkeep\n|turn|42\n|\n|t:|1699683298\n|move|p2a: Gliscor|Tailwind||[still]\n|-fail|p2a: Gliscor\n|move|p1a: Gliscor|High Horsepower|p1: Regidrago|[notarget]\n|-fail|p1a: Gliscor\n|\n|upkeep\n|turn|43\n|\n|t:|1699683304\n|move|p2a: Gliscor|Tailwind||[still]\n|-fail|p2a: Gliscor\n|move|p1a: Gliscor|High Horsepower|p1: Regidrago|[notarget]\n|-fail|p1a: Gliscor\n|\n|-sideend|p2: fyfyyalt1|move: Tailwind\n|upkeep\n|turn|44\n|\n|t:|1699683310\n|move|p1a: Gliscor|High Horsepower|p1: Regidrago|[notarget]\n|-fail|p1a: Gliscor\n|move|p2a: Gliscor|Tailwind|p2a: Gliscor\n|-sidestart|p2: fyfyyalt1|move: Tailwind\n|\n|upkeep\n|turn|45\n|\n|t:|1699683319\n|move|p2a: Gliscor|High Horsepower|p1a: Gliscor\n|-damage|p1a: Gliscor|80\/100 tox\n|move|p1a: Gliscor|High Horsepower|p1: Regidrago|[notarget]\n|-fail|p1a: Gliscor\n|\n|-heal|p1a: Gliscor|92\/100 tox|[from] ability: Poison Heal\n|upkeep\n|turn|46\n|\n|t:|1699683325\n|move|p2a: Gliscor|High Horsepower|p1a: Gliscor\n|-damage|p1a: Gliscor|71\/100 tox\n|move|p1a: Gliscor|High Horsepower|p1: Regidrago|[notarget]\n|-fail|p1a: Gliscor\n|\n|-heal|p1a: Gliscor|83\/100 tox|[from] ability: Poison Heal\n|upkeep\n|turn|47\n|c| nicolas rainier|the pp is gonna run out lol\n|\n|t:|1699683333\n|move|p1a: Gliscor|Protect|p1a: Gliscor\n|-singleturn|p1a: Gliscor|Protect\n|move|p2a: Gliscor|High Horsepower|p1a: Gliscor\n|-activate|p1a: Gliscor|move: Protect\n|\n|-heal|p1a: Gliscor|95\/100 tox|[from] ability: Poison Heal\n|-sideend|p2: fyfyyalt1|move: Tailwind\n|upkeep\n|turn|48\n|\n|t:|1699683341\n|move|p2a: Gliscor|Protect|p2a: Gliscor\n|-singleturn|p2a: Gliscor|Protect\n|move|p1a: Gliscor|Gunk Shot|p1: Regidrago|[notarget]\n|-fail|p1a: Gliscor\n|\n|-heal|p1a: Gliscor|100\/100 tox|[from] ability: Poison Heal\n|upkeep\n|turn|49\n|\n|t:|1699683348\n|move|p1a: Gliscor|Gunk Shot|p1: Regidrago|[notarget]\n|-fail|p1a: Gliscor\n|move|p2a: Gliscor|High Horsepower|p1a: Gliscor\n|-damage|p1a: Gliscor|79\/100 tox\n|\n|-heal|p1a: Gliscor|91\/100 tox|[from] ability: Poison Heal\n|upkeep\n|turn|50\n|c|\u2606fyfyyalt1|why is the gunk shot failing?\n|\n|t:|1699683373\n|move|p2a: Gliscor|Protect|p2a: Gliscor\n|-singleturn|p2a: Gliscor|Protect\n|move|p1a: Gliscor|Gunk Shot|p1: Regidrago|[notarget]\n|-fail|p1a: Gliscor\n|\n|-heal|p1a: Gliscor|100\/100 tox|[from] ability: Poison Heal\n|upkeep\n|turn|51\n|\n|t:|1699683394\n|move|p1a: Gliscor|Protect|p1a: Gliscor\n|-singleturn|p1a: Gliscor|Protect\n|move|p2a: Gliscor|High Horsepower|p1a: Gliscor\n|-activate|p1a: Gliscor|move: Protect\n|\n|upkeep\n|turn|52\n|\n|t:|1699683400\n|move|p2a: Gliscor|Protect|p2a: Gliscor\n|-singleturn|p2a: Gliscor|Protect\n|move|p1a: Gliscor|Gunk Shot|p1: Regidrago|[notarget]\n|-fail|p1a: Gliscor\n|\n|upkeep\n|turn|53\n|c| nicolas rainier|glicht maybe ?\n|c|\u2606fyfyyalt1|tempest\n|c|\u2606fyfyyalt1|why is the gunk shot fialing?\n|c|\u2606Tempest brute|a little trick i picked up\n|\n|t:|1699683428\n|move|p2a: Gliscor|Protect||[still]\n|-fail|p2a: Gliscor\n|move|p1a: Gliscor|Gunk Shot|p1: Regidrago|[notarget]\n|-fail|p1a: Gliscor\n|\n|upkeep\n|turn|54\n|c|\u2606Tempest brute|doesnt matter\n|c|\u2606Tempest brute|to this match\n|c|\u2606Tempest brute|but lets assume your gliscor ahd pressure\n|c| nicolas rainier|who will run out of pp first lol\n|j| tomcheung22\n|c|\u2606Tempest brute|this is a meat way to cricumvent pressure pp wins\n|c|\u2606fyfyyalt1|We both have 11 moves\n|\n|t:|1699683472\n|move|p2a: Gliscor|Protect|p2a: Gliscor\n|-singleturn|p2a: Gliscor|Protect\n|move|p1a: Gliscor|Gunk Shot|p1: Regidrago|[notarget]\n|-fail|p1a: Gliscor\n|\n|upkeep\n|turn|55\n|j| TheOrthwormJim\n|c| TheOrthwormJim|Ayyyy\n|\n|t:|1699683497\n|move|p2a: Gliscor|High Horsepower|p1a: Gliscor\n|-damage|p1a: Gliscor|80\/100 tox\n|move|p1a: Gliscor|Gunk Shot|p1: Regidrago|[notarget]\n|-fail|p1a: Gliscor\n|\n|-heal|p1a: Gliscor|92\/100 tox|[from] ability: Poison Heal\n|upkeep\n|turn|56\n|j| Rayquazerd\n|\n|t:|1699683509\n|move|p1a: Gliscor|Protect|p1a: Gliscor\n|-singleturn|p1a: Gliscor|Protect\n|move|p2a: Gliscor|Protect||[still]\n|-fail|p2a: Gliscor\n|\n|-heal|p1a: Gliscor|100\/100 tox|[from] ability: Poison Heal\n|upkeep\n|turn|57\n|c| TheOrthwormJim|So glad I could be here for this\n|\n|t:|1699683531\n|move|p1a: Gliscor|Protect||[still]\n|-fail|p1a: Gliscor\n|move|p2a: Gliscor|Gunk Shot|p1a: Gliscor\n|-supereffective|p1a: Gliscor\n|-damage|p1a: Gliscor|63\/100 tox\n|\n|-heal|p1a: Gliscor|75\/100 tox|[from] ability: Poison Heal\n|upkeep\n|turn|58\n|j| Tagiruz\n|\n|t:|1699683541\n|move|p1a: Gliscor|Protect|p1a: Gliscor\n|-singleturn|p1a: Gliscor|Protect\n|move|p2a: Gliscor|Protect||[still]\n|-fail|p2a: Gliscor\n|\n|-heal|p1a: Gliscor|87\/100 tox|[from] ability: Poison Heal\n|upkeep\n|turn|59\n|c| nicolas rainier|fun to watch right\n|\n|t:|1699683551\n|move|p2a: Gliscor|Protect|p2a: Gliscor\n|-singleturn|p2a: Gliscor|Protect\n|move|p1a: Gliscor|Gunk Shot|p1: Regidrago|[notarget]\n|-fail|p1a: Gliscor\n|\n|-heal|p1a: Gliscor|99\/100 tox|[from] ability: Poison Heal\n|upkeep\n|turn|60\n|c| TheOrthwormJim|Yep\n|l| tomcheung22\n|c| TheOrthwormJim|exhilerating\n|c|\u2606fyfyyalt1|now he has 5 protects\n|\n|t:|1699683589\n|move|p1a: Gliscor|Protect|p1a: Gliscor\n|-singleturn|p1a: Gliscor|Protect\n|move|p2a: Gliscor|High Horsepower|p1a: Gliscor\n|-activate|p1a: Gliscor|move: Protect\n|\n|-heal|p1a: Gliscor|100\/100 tox|[from] ability: Poison Heal\n|upkeep\n|turn|61\n|c|\u2606fyfyyalt1|4 protects\n|\n|t:|1699683599\n|move|p2a: Gliscor|Protect|p2a: Gliscor\n|-singleturn|p2a: Gliscor|Protect\n|move|p1a: Gliscor|Protect||[still]\n|-fail|p1a: Gliscor\n|\n|upkeep\n|turn|62\n|c| moonybunny|guess right fy\n|c| TheOrthwormJim|Funky gunky\n|j| BugCatcherJacobe\n|c|\u2606fyfyyalt1|its gonna be struggle\n|c| moonybunny|you hitting this gunk shot is the difference between you possibly losing and winning this\n|c| TheOrthwormJim|True\n|\n|t:|1699683627\n|move|p1a: Gliscor|Protect|p1a: Gliscor\n|-singleturn|p1a: Gliscor|Protect\n|move|p2a: Gliscor|High Horsepower|p1a: Gliscor\n|-activate|p1a: Gliscor|move: Protect\n|\n|upkeep\n|turn|63\n|\n|t:|1699683639\n|move|p1a: Gliscor|Protect|p1a: Gliscor\n|-singleturn|p1a: Gliscor|Protect\n|move|p2a: Gliscor|High Horsepower|p1a: Gliscor\n|-activate|p1a: Gliscor|move: Protect\n|\n|upkeep\n|turn|64\n|c|\u2606fyfyyalt1|he is getting multiple\n|c|\u2606fyfyyalt1|in a row\n|c| TheOrthwormJim|Nice read\n|\n|t:|1699683653\n|move|p1a: Gliscor|Protect||[still]\n|-fail|p1a: Gliscor\n|move|p2a: Gliscor|Gunk Shot|p1a: Gliscor\n|-supereffective|p1a: Gliscor\n|-damage|p1a: Gliscor|64\/100 tox\n|\n|-heal|p1a: Gliscor|76\/100 tox|[from] ability: Poison Heal\n|upkeep\n|turn|65\n|\n|t:|1699683662\n|-activate|p1a: Gliscor|move: Struggle\n|move|p1a: Gliscor|Struggle|p2a: Gliscor\n|-damage|p2a: Gliscor|93\/100 tox\n|-damage|p1a: Gliscor|51\/100 tox|[from] recoil\n|-activate|p2a: Gliscor|move: Struggle\n|move|p2a: Gliscor|Struggle|p1a: Gliscor\n|-damage|p1a: Gliscor|43\/100 tox\n|-damage|p2a: Gliscor|68\/100 tox|[from] recoil\n|\n|-heal|p1a: Gliscor|55\/100 tox|[from] ability: Poison Heal\n|-heal|p2a: Gliscor|80\/100 tox|[from] ability: Poison Heal\n|upkeep\n|turn|66\n|c| moonybunny|that's it gg\n|\n|t:|1699683673\n|-activate|p2a: Gliscor|move: Struggle\n|move|p2a: Gliscor|Struggle|p1a: Gliscor\n|-damage|p1a: Gliscor|47\/100 tox\n|-damage|p2a: Gliscor|54\/100 tox|[from] recoil\n|-activate|p1a: Gliscor|move: Struggle\n|move|p1a: Gliscor|Struggle|p2a: Gliscor\n|-damage|p2a: Gliscor|46\/100 tox\n|-damage|p1a: Gliscor|22\/100 tox|[from] recoil\n|\n|-heal|p1a: Gliscor|34\/100 tox|[from] ability: Poison Heal\n|-heal|p2a: Gliscor|58\/100 tox|[from] ability: Poison Heal\n|upkeep\n|turn|67\n|\n|t:|1699683685\n|-activate|p1a: Gliscor|move: Struggle\n|move|p1a: Gliscor|Struggle|p2a: Gliscor\n|-damage|p2a: Gliscor|49\/100 tox\n|-damage|p1a: Gliscor|9\/100 tox|[from] recoil\n|-activate|p2a: Gliscor|move: Struggle\n|move|p2a: Gliscor|Struggle|p1a: Gliscor\n|-damage|p1a: Gliscor|1\/100 tox\n|-damage|p2a: Gliscor|24\/100 tox|[from] recoil\n|\n|-heal|p2a: Gliscor|36\/100 tox|[from] ability: Poison Heal\n|-heal|p1a: Gliscor|13\/100 tox|[from] ability: Poison Heal\n|upkeep\n|turn|68\n|c| TheOrthwormJim|ggs\n|\n|t:|1699683697\n|-activate|p2a: Gliscor|move: Struggle\n|move|p2a: Gliscor|Struggle|p1a: Gliscor\n|-damage|p1a: Gliscor|5\/100 tox\n|-damage|p2a: Gliscor|11\/100 tox|[from] recoil\n|-activate|p1a: Gliscor|move: Struggle\n|move|p1a: Gliscor|Struggle|p2a: Gliscor\n|-damage|p2a: Gliscor|3\/100 tox\n|-damage|p1a: Gliscor|0 fnt|[from] recoil\n|faint|p1a: Gliscor\n|\n|win|fyfyyalt1\n|n|\u2606Tempest brute|tempestbrute\n|n|\u2606fyfyyalt1|fyfyyalt1\n|n| nicolas rainier|nicolasrainier\n|n| Therazer456|therazer456\n|n| moonybunny|moonybunny\n|n| speedrunlegend|speedrunlegend\n|n| pokeveteran04|pokeveteran04\n|n| Wheeel|wheeel\n|n| TheOrthwormJim|theorthwormjim\n|n| Rayquazerd|rayquazerd\n|n| Tagiruz|tagiruz\n|n| BugCatcherJacobe|bugcatcherjacobe\n|c|\u2606fyfyyalt1|omg\n|c|\u2606fyfyyalt1|let's gooo\n|c| moonybunny|68 turns jesus\n|l| BugCatcherJacobe\n|c| pokeveteran04|can struggle crit?\n|c| TheOrthwormJim|So close\n|c| nicolas rainier|gz\n|c| moonybunny|yes\n|c|\u2606fyfyyalt1|I played it to my odds\n|l| TheOrthwormJim\n|c| pokeveteran04|if only the last one was acrit\n|l|\u2606Tempest brute\n|c|\u2606fyfyyalt1|Yeahhh\n|c|\u2606fyfyyalt1|and the speed ties\n|c|\u2606fyfyyalt1|mattered a lot\n|l| pokeveteran04\n|l| Rayquazerd\n","uploadtime":1699683701,"views":25,"p1id":"tempestbrute","p2id":"fyfyyalt1","formatid":"gen9vgc2023regulatione","rating":0,"private":0,"password":""}