{"id":"gen9vgc2023regulatione-1994576899","p1":"kidturtle","p2":"aoyi","format":"[Gen 9] VGC 2023 Regulation E","log":"|j|\u2606kidturtle\n|j|\u2606aoyi\n|t:|1700462919\n|gametype|doubles\n|player|p1|kidturtle|hoopster|\n|player|p2|aoyi|lucas|\n|teamsize|p1|6\n|teamsize|p2|6\n|gen|9\n|tier|[Gen 9] VGC 2023 Regulation E\n|rated|Tournament battle\n|rule|Species Clause: Limit one of each Pok\u00e9mon\n|rule|Item Clause: Limit one of each item\n|clearpoke\n|poke|p1|Landorus-Therian, L50, M|\n|poke|p1|Flutter Mane, L50|\n|poke|p1|Heatran, L50, F|\n|poke|p1|Cresselia, L50, F|\n|poke|p1|Iron Hands, L50|\n|poke|p1|Ursaluna, L50, F|\n|poke|p2|Tornadus, L50, M|\n|poke|p2|Arcanine-Hisui, L50, F|\n|poke|p2|Iron Hands, L50|\n|poke|p2|Gholdengo, L50|\n|poke|p2|Urshifu-*, L50, F|\n|poke|p2|Ogerpon-Wellspring, L50, F|\n|teampreview|4\n|showteam|p1|Landorus-Therian||ChoiceScarf|Intimidate|StompingTantrum,TeraBlast,RockSlide,Uturn|||M|||50|,,,,,Flying]Flutter Mane||ChoiceSpecs|Protosynthesis|Moonblast,DazzlingGleam,ShadowBall,MistyTerrain||||||50|,,,,,Fairy]Heatran||LifeOrb|FlashFire|HeatWave,FlashCannon,EarthPower,Protect|||F|||50|,,,,,Grass]Cresselia||MentalHerb|Levitate|Psychic,IceBeam,TrickRoom,LunarBlessing|||F|||50|,,,,,Fairy]Iron Hands||AssaultVest|QuarkDrive|HeavySlam,DrainPunch,WildCharge,FakeOut||||||50|,,,,,Fire]Ursaluna||FlameOrb|Guts|Protect,SwordsDance,Facade,Earthquake|||F|||50|,,,,,Ghost\n|showteam|p2|Tornadus||CovertCloak|Prankster|Tailwind,Taunt,RainDance,BleakwindStorm|||M|||50|,,,,,Dragon]Arcanine-Hisui||ChoiceBand|Intimidate|FlareBlitz,RockSlide,ExtremeSpeed,TeraBlast|||F|||50|,,,,,Fairy]Iron Hands||AssaultVest|QuarkDrive|WildCharge,FakeOut,HeavySlam,DrainPunch||||||50|,,,,,Grass]Gholdengo||Leftovers|GoodasGold|MakeItRain,ShadowBall,NastyPlot,Protect||||||50|,,,,,Dragon]Urshifu-Rapid-Strike||ChoiceScarf|UnseenFist|SurgingStrikes,CloseCombat,AquaJet,Uturn|||F|||50|,,,,,Water]Ogerpon-Wellspring||WellspringMask|WaterAbsorb|IvyCudgel,PowerWhip,FollowMe,SpikyShield|||F|||50|,,,,,Water\n|inactive|Battle timer is ON: inactive players will automatically lose when time's up. (requested by kidturtle)\n|inactive|kidturtle has 60 seconds left.\n|inactive|aoyi has 60 seconds left.\n|inactive|kidturtle has 30 seconds left.\n|\n|t:|1700462991\n|start\n|switch|p1a: Cresselia|Cresselia, L50, F|100\/100\n|switch|p1b: Heatran|Heatran, L50, F|100\/100\n|switch|p2a: Tornadus|Tornadus, L50, M|100\/100\n|switch|p2b: Gholdengo|Gholdengo, L50|100\/100\n|turn|1\n|\n|t:|1700463013\n|switch|p1b: Ursaluna|Ursaluna, L50, F|100\/100\n|-terastallize|p2b: Gholdengo|Dragon\n|move|p2a: Tornadus|Rain Dance|p2a: Tornadus\n|-weather|RainDance\n|move|p2b: Gholdengo|Nasty Plot|p2b: Gholdengo\n|-boost|p2b: Gholdengo|spa|2\n|move|p1a: Cresselia|Trick Room|p1a: Cresselia\n|-fieldstart|move: Trick Room|[of] p1a: Cresselia\n|\n|-weather|RainDance|[upkeep]\n|-status|p1b: Ursaluna|brn|[from] item: Flame Orb\n|upkeep\n|turn|2\n|inactive|aoyi has 30 seconds left.\n|\n|t:|1700463043\n|switch|p1a: Heatran|Heatran, L50, F|100\/100\n|switch|p2a: Ogerpon|Ogerpon-Wellspring, L50, F|100\/100\n|move|p2b: Gholdengo|Protect|p2b: Gholdengo\n|-singleturn|p2b: Gholdengo|Protect\n|move|p1b: Ursaluna|Facade|p2b: Gholdengo\n|-activate|p2b: Gholdengo|move: Protect\n|\n|-weather|RainDance|[upkeep]\n|-damage|p1b: Ursaluna|95\/100 brn|[from] brn\n|upkeep\n|turn|3\n|inactive|aoyi has 30 seconds left.\n|inactive|aoyi has 20 seconds left.\n|\n|t:|1700463080\n|switch|p1a: Landorus|Landorus-Therian, L50, M|100\/100\n|-ability|p1a: Landorus|Intimidate|boost\n|-unboost|p2a: Ogerpon|atk|1\n|-unboost|p2b: Gholdengo|atk|1\n|-terastallize|p1b: Ursaluna|Ghost\n|move|p1b: Ursaluna|Facade|p2b: Gholdengo\n|-damage|p2b: Gholdengo|0 fnt\n|faint|p2b: Gholdengo\n|move|p2a: Ogerpon|Ivy Cudgel|p1b: Ursaluna|[anim] Ivy Cudgel Water\n|-damage|p1b: Ursaluna|54\/100 brn\n|\n|-weather|RainDance|[upkeep]\n|-damage|p1b: Ursaluna|48\/100 brn|[from] brn\n|upkeep\n|\n|t:|1700463097\n|switch|p2b: Iron Hands|Iron Hands, L50|100\/100\n|turn|4\n|\n|t:|1700463115\n|move|p2b: Iron Hands|Fake Out|p1b: Ursaluna\n|-immune|p1b: Ursaluna\n|move|p1b: Ursaluna|Facade|p2a: Ogerpon\n|-damage|p2a: Ogerpon|0 fnt\n|faint|p2a: Ogerpon\n|move|p1a: Landorus|Stomping Tantrum|p2b: Iron Hands\n|-supereffective|p2b: Iron Hands\n|-damage|p2b: Iron Hands|46\/100\n|\n|-weather|RainDance|[upkeep]\n|-damage|p1b: Ursaluna|42\/100 brn|[from] brn\n|upkeep\n|c|\u2606kidturtle|???\n|\n|t:|1700463126\n|switch|p2a: Tornadus|Tornadus, L50, M|100\/100\n|turn|5\n|\n|t:|1700463138\n|switch|p1a: Cresselia|Cresselia, L50, F|100\/100\n|move|p1b: Ursaluna|Facade|p2b: Iron Hands\n|-damage|p2b: Iron Hands|0 fnt\n|faint|p2b: Iron Hands\n|-end|p2b: Iron Hands|Quark Drive|[silent]\n|move|p2a: Tornadus|Bleakwind Storm|p1b: Ursaluna|[spread] p1a,p1b\n|-damage|p1a: Cresselia|82\/100\n|-damage|p1b: Ursaluna|16\/100 brn\n|\n|-weather|none\n|-damage|p1b: Ursaluna|10\/100 brn|[from] brn\n|-fieldend|move: Trick Room\n|upkeep\n|turn|6\n|\n|t:|1700463157\n|move|p1b: Ursaluna|Protect|p1b: Ursaluna\n|-singleturn|p1b: Ursaluna|Protect\n|move|p2a: Tornadus|Bleakwind Storm|p1a: Cresselia|[spread] p1a\n|-activate|p1b: Ursaluna|move: Protect\n|-damage|p1a: Cresselia|63\/100\n|-unboost|p1a: Cresselia|spe|1\n|move|p1a: Cresselia|Trick Room|p1a: Cresselia\n|-fieldstart|move: Trick Room|[of] p1a: Cresselia\n|\n|-damage|p1b: Ursaluna|4\/100 brn|[from] brn\n|upkeep\n|turn|7\n|\n|t:|1700463174\n|move|p1a: Cresselia|Lunar Blessing|p1a: Cresselia|[spread] p1a,p1b\n|-heal|p1a: Cresselia|88\/100\n|-heal|p1b: Ursaluna|29\/100 brn\n|-curestatus|p1b: Ursaluna|brn|[msg]\n|move|p1b: Ursaluna|Facade|p2a: Tornadus\n|-damage|p2a: Tornadus|56\/100\n|move|p2a: Tornadus|Bleakwind Storm|p1b: Ursaluna|[spread] p1a,p1b\n|-damage|p1a: Cresselia|68\/100\n|-damage|p1b: Ursaluna|1\/100\n|-unboost|p1b: Ursaluna|spe|1\n|\n|-status|p1b: Ursaluna|brn|[from] item: Flame Orb\n|upkeep\n|turn|8\n|\n|t:|1700463193\n|move|p1b: Ursaluna|Facade|p2a: Tornadus\n|-damage|p2a: Tornadus|0 fnt\n|faint|p2a: Tornadus\n|\n|win|kidturtle\n|n|\u2606kidturtle|kidturtle\n|n|\u2606aoyi|aoyi\n|l|\u2606aoyi\n","uploadtime":1700463204,"views":4,"p1id":"kidturtle","p2id":"aoyi","formatid":"gen9vgc2023regulatione","rating":0,"private":0,"password":""}