{"id":"gen9vgc2023regulatione-1995910543","p1":"TrainerRedVGC23","p2":"Chaotic Raos","format":"[Gen 9] VGC 2023 Regulation E","log":"|j|\u2606TrainerRedVGC23\n|j|\u2606Chaotic Raos\n|n|\u2606TrainerRedVGC23|trainerredvgc23\n|n|\u2606Chaotic Raos|chaoticraos\n|html|View the match progress at <a href=\"\/game-bestof3-gen9vgc2023regulatione-1995905100\">game-bestof3-gen9vgc2023regulatione-1995905100<\/a>\n|t:|1700616422\n|gametype|doubles\n|player|p1|TrainerRedVGC23|lucas|\n|player|p2|Chaotic Raos|2|\n|teamsize|p1|6\n|teamsize|p2|6\n|gen|9\n|tier|[Gen 9] VGC 2023 Regulation E\n|rule|Species Clause: Limit one of each Pok\u00e9mon\n|rule|Item Clause: Limit one of each item\n|clearpoke\n|poke|p1|Urshifu-*, L50, F|\n|poke|p1|Arcanine-Hisui, L50, M|\n|poke|p1|Tornadus, L50, M|\n|poke|p1|Regidrago, L50|\n|poke|p1|Gholdengo, L50|\n|poke|p1|Rillaboom, L50, F|\n|poke|p2|Basculegion, L50, M|\n|poke|p2|Sableye, L50, M|\n|poke|p2|Politoed, L50, M|\n|poke|p2|Scizor, L50, F|\n|poke|p2|Rillaboom, L50, M|\n|poke|p2|Rotom-Heat, L50|\n|teampreview|4\n|inactive|Battle timer is ON: inactive players will automatically lose when time's up. (requested by TrainerRedVGC23)\nTrainerRedVGC23 has agreed to open team sheets.\nChaotic Raos has agreed to open team sheets.\n|showteam|p1|Urshifu-Rapid-Strike||MysticWater|UnseenFist|SurgingStrikes,CloseCombat,AquaJet,Protect|||F|||50|,,,,,Water]Arcanine-Hisui||AssaultVest|Intimidate|FlareBlitz,ExtremeSpeed,RockSlide,TeraBlast|||M|||50|,,,,,Fairy]Tornadus||FocusSash|Prankster|BleakwindStorm,RainDance,Tailwind,Taunt|||M|||50|,,,,,Flying]Regidrago||DragonFang|DragonsMaw|DragonEnergy,DracoMeteor,EarthPower,Protect||||||50|,,,,,Poison]Gholdengo||ChoiceSpecs|GoodasGold|MakeItRain,ShadowBall,Thunderbolt,Trick||||||50|,,,,,Steel]Rillaboom||MiracleSeed|GrassySurge|GrassyGlide,WoodHammer,Protect,FakeOut|||F|||50|,,,,,Grass\n|showteam|p2|Basculegion||MysticWater|SwiftSwim|AquaJet,LastRespects,WaveCrash,Protect|||M|||50|,,,,,Water]Sableye||RoseliBerry|Prankster|RainDance,FoulPlay,WillOWisp,Quash|||M|||50|,,,,,Steel]Politoed||SitrusBerry|Drizzle|IcyWind,HydroPump,Protect,HelpingHand|||M|||50|,,,,,Grass]Scizor||ClearAmulet|Technician|BulletPunch,Uturn,DualWingbeat,Protect|||F|||50|,,,,,Flying]Rillaboom||AssaultVest|GrassySurge|FakeOut,GrassyGlide,WoodHammer,HighHorsepower|||M|||50|,,,,,Fire]Rotom-Heat||ChoiceScarf|Levitate|Thunder,Overheat,VoltSwitch,TeraBlast||||||50|,,,,,Fairy\n|inactive|TrainerRedVGC23 has 30 seconds left.\n|inactive|Chaotic Raos has 30 seconds left.\n|inactive|TrainerRedVGC23 has 20 seconds left.\n|inactive|TrainerRedVGC23 has 15 seconds left.\n|inactive|TrainerRedVGC23 has 10 seconds left.\n|\n|t:|1700616481\n|start\n|switch|p1a: Tornadus|Tornadus, L50, M, shiny|100\/100\n|switch|p1b: Kala|Rillaboom, L50, F, shiny|100\/100\n|switch|p2a: Sableye|Sableye, L50, M|100\/100\n|switch|p2b: Pasty Maker|Rotom-Heat, L50, shiny|100\/100\n|-fieldstart|move: Grassy Terrain|[from] ability: Grassy Surge|[of] p1b: Kala\n|turn|1\n|inactive|Chaotic Raos has 30 seconds left.\n|\n|t:|1700616507\n|move|p1b: Kala|Fake Out|p2b: Pasty Maker\n|-damage|p2b: Pasty Maker|81\/100\n|move|p1a: Tornadus|Tailwind|p1a: Tornadus\n|-sidestart|p1: TrainerRedVGC23|move: Tailwind\n|move|p2a: Sableye|Will-O-Wisp|p1b: Kala|[miss]\n|-miss|p2a: Sableye|p1b: Kala\n|cant|p2b: Pasty Maker|flinch\n|\n|upkeep\n|turn|2\n|inactive|TrainerRedVGC23 has 30 seconds left.\n|inactive|Chaotic Raos has 30 seconds left.\n|\n|t:|1700616539\n|switch|p1b: Regidrago|Regidrago, L50|100\/100\n|move|p1a: Tornadus|Rain Dance|p1a: Tornadus\n|-weather|RainDance\n|move|p2a: Sableye|Will-O-Wisp|p1b: Regidrago\n|-status|p1b: Regidrago|brn\n|move|p2b: Pasty Maker|Volt Switch|p1a: Tornadus\n|-supereffective|p1a: Tornadus\n|-damage|p1a: Tornadus|26\/100\n|\n|t:|1700616544\n|switch|p2b: Legion|Basculegion, L50, M|100\/100|[from] Volt Switch\n|\n|-weather|RainDance|[upkeep]\n|-damage|p1b: Regidrago|94\/100 brn|[from] brn\n|upkeep\n|turn|3\n|inactive|TrainerRedVGC23 has 30 seconds left.\n|\n|t:|1700616577\n|-terastallize|p2b: Legion|Water\n|move|p1b: Regidrago|Protect|p1b: Regidrago\n|-singleturn|p1b: Regidrago|Protect\n|move|p2a: Sableye|Quash|p1b: Regidrago\n|-activate|p1b: Regidrago|move: Protect\n|move|p1a: Tornadus|Bleakwind Storm|p2b: Legion|[spread] p2a,p2b\n|-damage|p2a: Sableye|60\/100\n|-damage|p2b: Legion|66\/100\n|-unboost|p2b: Legion|spe|1\n|move|p2b: Legion|Wave Crash|p1b: Regidrago\n|-activate|p1b: Regidrago|move: Protect\n|\n|-weather|RainDance|[upkeep]\n|-heal|p1b: Regidrago|100\/100 brn|[from] Grassy Terrain\n|-heal|p2b: Legion|72\/100|[from] Grassy Terrain\n|-heal|p2a: Sableye|65\/100|[from] Grassy Terrain\n|-damage|p1b: Regidrago|94\/100 brn|[from] brn\n|upkeep\n|turn|4\n|inactive|TrainerRedVGC23 has 30 seconds left.\n|inactive|Chaotic Raos has 30 seconds left.\n|inactive|Chaotic Raos has 20 seconds left.\n|inactive|Chaotic Raos has 15 seconds left.\n|\n|t:|1700616620\n|switch|p1b: Kala|Rillaboom, L50, F, shiny|100\/100\n|move|p1a: Tornadus|Bleakwind Storm|p2b: Legion|[spread] p2a,p2b\n|-damage|p2a: Sableye|31\/100\n|-damage|p2b: Legion|40\/100\n|move|p2b: Legion|Wave Crash|p1b: Kala\n|-resisted|p1b: Kala\n|-damage|p1b: Kala|20\/100\n|-damage|p2b: Legion|19\/100|[from] Recoil\n|move|p2a: Sableye|Foul Play|p1a: Tornadus\n|-damage|p1a: Tornadus|0 fnt\n|faint|p1a: Tornadus\n|\n|-weather|RainDance|[upkeep]\n|-heal|p1b: Kala|26\/100|[from] Grassy Terrain\n|-heal|p2b: Legion|25\/100|[from] Grassy Terrain\n|-heal|p2a: Sableye|37\/100|[from] Grassy Terrain\n|-sideend|p1: TrainerRedVGC23|move: Tailwind\n|upkeep\n|inactive|TrainerRedVGC23 has 30 seconds left.\n|inactive|TrainerRedVGC23 has 20 seconds left.\n|inactive|TrainerRedVGC23 has 15 seconds left.\n|\n|t:|1700616662\n|switch|p1a: Regidrago|Regidrago, L50|94\/100 brn\n|turn|5\n|\n|t:|1700616681\n|move|p2b: Legion|Protect|p2b: Legion\n|-singleturn|p2b: Legion|Protect\n|move|p1b: Kala|Fake Out|p2b: Legion\n|-activate|p2b: Legion|move: Protect\n|move|p2a: Sableye|Will-O-Wisp|p1b: Kala\n|-status|p1b: Kala|brn\n|move|p1a: Regidrago|Dragon Energy|p2a: Sableye|[spread] p2a\n|-activate|p2b: Legion|move: Protect\n|-damage|p2a: Sableye|0 fnt\n|faint|p2a: Sableye\n|\n|-weather|RainDance|[upkeep]\n|-heal|p1b: Kala|31\/100 brn|[from] Grassy Terrain\n|-heal|p1a: Regidrago|100\/100 brn|[from] Grassy Terrain\n|-heal|p2b: Legion|31\/100|[from] Grassy Terrain\n|-damage|p1b: Kala|26\/100 brn|[from] brn\n|-damage|p1a: Regidrago|94\/100 brn|[from] brn\n|-fieldend|move: Grassy Terrain\n|upkeep\n|\n|t:|1700616700\n|switch|p2a: Green Beret|Scizor, L50, F, shiny|100\/100\n|turn|6\n|\n|t:|1700616725\n|switch|p1b: Gholdengo|Gholdengo, L50|100\/100\n|move|p1a: Regidrago|Protect|p1a: Regidrago\n|-singleturn|p1a: Regidrago|Protect\n|move|p2b: Legion|Aqua Jet|p1b: Gholdengo\n|-damage|p1b: Gholdengo|39\/100\n|move|p2a: Green Beret|Bullet Punch|p1a: Regidrago\n|-activate|p1a: Regidrago|move: Protect\n|\n|-weather|none\n|-damage|p1a: Regidrago|88\/100 brn|[from] brn\n|upkeep\n|turn|7\n|\n|t:|1700616750\n|-terastallize|p1b: Gholdengo|Steel\n|move|p2a: Green Beret|Bullet Punch|p1a: Regidrago\n|-damage|p1a: Regidrago|48\/100 brn\n|move|p2b: Legion|Aqua Jet|p1b: Gholdengo\n|-damage|p1b: Gholdengo|0 fnt\n|faint|p1b: Gholdengo\n|move|p1a: Regidrago|Dragon Energy|p2b: Legion|[spread] p2a,p2b\n|-resisted|p2a: Green Beret\n|-damage|p2a: Green Beret|75\/100\n|-damage|p2b: Legion|0 fnt\n|faint|p2b: Legion\n|\n|-damage|p1a: Regidrago|42\/100 brn|[from] brn\n|upkeep\n|\n|t:|1700616762\n|switch|p1b: Kala|Rillaboom, L50, F, shiny|26\/100 brn\n|switch|p2b: Pasty Maker|Rotom-Heat, L50, shiny|81\/100\n|-fieldstart|move: Grassy Terrain|[from] ability: Grassy Surge|[of] p1b: Kala\n|turn|8\n|\n|t:|1700616779\n|move|p1b: Kala|Fake Out|p2a: Green Beret\n|-resisted|p2a: Green Beret\n|-damage|p2a: Green Beret|72\/100\n|cant|p2a: Green Beret|flinch\n|move|p2b: Pasty Maker|Tera Blast|p1a: Regidrago\n|-damage|p1a: Regidrago|12\/100 brn\n|move|p1a: Regidrago|Draco Meteor|p2b: Pasty Maker\n|-damage|p2b: Pasty Maker|0 fnt\n|-unboost|p1a: Regidrago|spa|2\n|faint|p2b: Pasty Maker\n|\n|-heal|p1b: Kala|31\/100 brn|[from] Grassy Terrain\n|-heal|p1a: Regidrago|19\/100 brn|[from] Grassy Terrain\n|-heal|p2a: Green Beret|78\/100|[from] Grassy Terrain\n|-damage|p1b: Kala|26\/100 brn|[from] brn\n|-damage|p1a: Regidrago|12\/100 brn|[from] brn\n|upkeep\n|turn|9\n|inactive|TrainerRedVGC23 has 30 seconds left.\n|\n|t:|1700616806\n|move|p1b: Kala|Protect|p1b: Kala\n|-singleturn|p1b: Kala|Protect\n|move|p2a: Green Beret|Protect|p2a: Green Beret\n|-singleturn|p2a: Green Beret|Protect\n|move|p1a: Regidrago|Earth Power|p2a: Green Beret\n|-activate|p2a: Green Beret|move: Protect\n|\n|-heal|p1b: Kala|31\/100 brn|[from] Grassy Terrain\n|-heal|p1a: Regidrago|19\/100 brn|[from] Grassy Terrain\n|-heal|p2a: Green Beret|84\/100|[from] Grassy Terrain\n|-damage|p1b: Kala|26\/100 brn|[from] brn\n|-damage|p1a: Regidrago|12\/100 brn|[from] brn\n|upkeep\n|turn|10\n|inactive|Chaotic Raos has 30 seconds left.\n|\n|t:|1700616834\n|move|p2a: Green Beret|Bullet Punch|p1a: Regidrago\n|-damage|p1a: Regidrago|0 fnt\n|faint|p1a: Regidrago\n|move|p1b: Kala|Wood Hammer|p2a: Green Beret\n|-resisted|p2a: Green Beret\n|-damage|p2a: Green Beret|72\/100\n|-damage|p1b: Kala|22\/100 brn|[from] Recoil\n|\n|-heal|p1b: Kala|27\/100 brn|[from] Grassy Terrain\n|-heal|p2a: Green Beret|78\/100|[from] Grassy Terrain\n|-damage|p1b: Kala|22\/100 brn|[from] brn\n|upkeep\n|turn|11\n|\n|t:|1700616845\n|move|p1b: Kala|Grassy Glide|p2a: Green Beret\n|-resisted|p2a: Green Beret\n|-damage|p2a: Green Beret|73\/100\n|move|p2a: Green Beret|U-turn|p1b: Kala\n|-supereffective|p1b: Kala\n|-damage|p1b: Kala|0 fnt\n|faint|p1b: Kala\n|\n|win|Chaotic Raos\n|c|\u2606Chaotic Raos|ggs!\n|l|\u2606TrainerRedVGC23\n","uploadtime":1700616888,"views":8,"p1id":"trainerredvgc23","p2id":"chaoticraos","formatid":"gen9vgc2023regulatione","rating":0,"private":0,"password":""}