{"id":"gen9vgc2023regulatione-1990511286","p1":"qz231114B","p2":"Levelup_yaman","format":"[Gen 9] VGC 2023 Regulation E","log":"|j|\u2606qz231114B\n|j|\u2606Levelup_yaman\n|t:|1699977469\n|gametype|doubles\n|player|p1|qz231114B|170|1115\n|player|p2|Levelup_yaman|picnicker|1079\n|teamsize|p1|6\n|teamsize|p2|6\n|gen|9\n|tier|[Gen 9] VGC 2023 Regulation E\n|rated|\n|rule|Species Clause: Limit one of each Pok\u00e9mon\n|rule|Item Clause: Limit one of each item\n|clearpoke\n|poke|p1|Tornadus, L50, M|\n|poke|p1|Volcarona, L50, F|\n|poke|p1|Basculegion, L50, M|\n|poke|p1|Ludicolo, L50, M|\n|poke|p1|Scizor, L50, M|\n|poke|p1|Flutter Mane, L50|\n|poke|p2|Skeledirge, L50, M|\n|poke|p2|Sinistcha-Masterpiece, L50|\n|poke|p2|Landorus-Therian, L50, M|\n|poke|p2|Baxcalibur, L50, F|\n|poke|p2|Flutter Mane, L50|\n|poke|p2|Ogerpon-Wellspring, L50, F|\n|teampreview|4\n|\n|t:|1699977495\n|start\n|switch|p1a: Tornadus|Tornadus, L50, M|100\/100\n|switch|p1b: Ludicolo|Ludicolo, L50, M|100\/100\n|switch|p2a: Sinistcha|Sinistcha-Masterpiece, L50|100\/100\n|switch|p2b: Landorus|Landorus-Therian, L50, M|100\/100\n|-ability|p2b: Landorus|Intimidate|boost\n|-unboost|p1a: Tornadus|atk|1\n|-unboost|p1b: Ludicolo|atk|1\n|turn|1\n|\n|t:|1699977509\n|move|p1a: Tornadus|Rain Dance|p1a: Tornadus\n|-weather|RainDance\n|move|p1b: Ludicolo|Ice Beam|p2b: Landorus\n|-supereffective|p2b: Landorus\n|-damage|p2b: Landorus|0 fnt\n|faint|p2b: Landorus\n|move|p2a: Sinistcha|Matcha Gotcha|p1b: Ludicolo|[spread] p1a,p1b\n|-resisted|p1a: Tornadus\n|-damage|p1a: Tornadus|79\/100\n|-damage|p1b: Ludicolo|74\/100\n|\n|-weather|RainDance|[upkeep]\n|upkeep\n|\n|t:|1699977518\n|switch|p2b: Baxcalibur|Baxcalibur, L50, F|100\/100\n|turn|2\n|\n|t:|1699977530\n|-terastallize|p2a: Sinistcha|Fire\n|move|p2a: Sinistcha|Rage Powder|p2a: Sinistcha\n|-singleturn|p2a: Sinistcha|move: Rage Powder\n|move|p1b: Ludicolo|Ice Beam|p2a: Sinistcha\n|-resisted|p2a: Sinistcha\n|-damage|p2a: Sinistcha|84\/100\n|move|p1a: Tornadus|Bleakwind Storm|p2a: Sinistcha|[spread] p2a,p2b\n|-damage|p2a: Sinistcha|39\/100\n|-damage|p2b: Baxcalibur|62\/100\n|-unboost|p2a: Sinistcha|spe|1\n|move|p2b: Baxcalibur|Scale Shot|p1b: Ludicolo\n|-damage|p1b: Ludicolo|49\/100\n|-damage|p1b: Ludicolo|27\/100\n|-damage|p1b: Ludicolo|6\/100\n|-damage|p1b: Ludicolo|0 fnt\n|faint|p1b: Ludicolo\n|-hitcount|p1: Ludicolo|4\n|-unboost|p2b: Baxcalibur|def|1\n|-boost|p2b: Baxcalibur|spe|1\n|\n|-weather|RainDance|[upkeep]\n|upkeep\n|\n|t:|1699977545\n|switch|p1b: Volcarona|Volcarona, L50, F|100\/100\n|turn|3\n|\n|t:|1699977565\n|move|p1a: Tornadus|Tailwind|p1a: Tornadus\n|-sidestart|p1: qz231114B|move: Tailwind\n|move|p1b: Volcarona|Quiver Dance|p1b: Volcarona\n|-boost|p1b: Volcarona|spa|1\n|-boost|p1b: Volcarona|spd|1\n|-boost|p1b: Volcarona|spe|1\n|move|p2b: Baxcalibur|Scale Shot|p1b: Volcarona\n|-damage|p1b: Volcarona|86\/100\n|-damage|p1b: Volcarona|73\/100\n|-crit|p1b: Volcarona\n|-damage|p1b: Volcarona|54\/100\n|-damage|p1b: Volcarona|42\/100\n|-damage|p1b: Volcarona|28\/100\n|-hitcount|p1b: Volcarona|5\n|-unboost|p2b: Baxcalibur|def|1\n|-boost|p2b: Baxcalibur|spe|1\n|move|p2a: Sinistcha|Matcha Gotcha|p1b: Volcarona|[spread] p1a,p1b\n|-resisted|p1a: Tornadus\n|-resisted|p1b: Volcarona\n|-damage|p1a: Tornadus|57\/100\n|-heal|p2a: Sinistcha|49\/100|[from] drain|[of] p1a: Tornadus\n|-damage|p1b: Volcarona|23\/100\n|-heal|p2a: Sinistcha|52\/100|[from] drain|[of] p1b: Volcarona\n|\n|-weather|RainDance|[upkeep]\n|upkeep\n|turn|4\n|\n|t:|1699977591\n|move|p1b: Volcarona|Hurricane|p2b: Baxcalibur\n|-damage|p2b: Baxcalibur|16\/100\n|-start|p2b: Baxcalibur|confusion\n|move|p1a: Tornadus|Bleakwind Storm|p2b: Baxcalibur|[spread] p2a,p2b\n|-damage|p2a: Sinistcha|4\/100\n|-damage|p2b: Baxcalibur|0 fnt\n|faint|p2b: Baxcalibur\n|move|p2a: Sinistcha|Strength Sap|p1a: Tornadus\n|-unboost|p1a: Tornadus|atk|1\n|-heal|p2a: Sinistcha|45\/100\n|\n|-weather|RainDance|[upkeep]\n|upkeep\n|\n|t:|1699977601\n|switch|p2b: Flutter Mane|Flutter Mane, L50|100\/100\n|-enditem|p2b: Flutter Mane|Booster Energy\n|-activate|p2b: Flutter Mane|ability: Protosynthesis|[fromitem]\n|-start|p2b: Flutter Mane|protosynthesisspa\n|turn|5\n|\n|t:|1699977610\n|-terastallize|p1b: Volcarona|Water\n|move|p2a: Sinistcha|Protect|p2a: Sinistcha\n|-singleturn|p2a: Sinistcha|Protect\n|move|p1b: Volcarona|Tera Blast|p2b: Flutter Mane|[anim] Tera Blast Water\n|-damage|p2b: Flutter Mane|8\/100\n|move|p1a: Tornadus|Bleakwind Storm|p2b: Flutter Mane|[spread] p2b\n|-activate|p2a: Sinistcha|move: Protect\n|-damage|p2b: Flutter Mane|0 fnt\n|faint|p2b: Flutter Mane\n|-end|p2b: Flutter Mane|Protosynthesis|[silent]\n|\n|-weather|RainDance|[upkeep]\n|upkeep\n|turn|6\n|-message|Levelup_yaman forfeited.\n|\n|win|qz231114B\n|raw|qz231114B's rating: 1115 &rarr; <strong>1137<\/strong><br \/>(+22 for winning)\n|raw|Levelup_yaman's rating: 1079 &rarr; <strong>1059<\/strong><br \/>(-20 for losing)\n|l|\u2606Levelup_yaman\n","uploadtime":1699977628,"views":9,"p1id":"qz231114b","p2id":"levelupyaman","formatid":"gen9vgc2023regulatione","rating":1059,"private":0,"password":""}