{"id":"gen9vgc2023regulatione-1988001532","p1":"Rox_Roxanne","p2":"filthytrashgoblin","format":"[Gen 9] VGC 2023 Regulation E","log":"|j|\u2606Rox_Roxanne\n|j|\u2606filthytrashgoblin\n|t:|1699657815\n|gametype|doubles\n|player|p1|Rox_Roxanne|hilda|1058\n|player|p2|filthytrashgoblin|ghetsis|1111\n|teamsize|p1|6\n|teamsize|p2|6\n|gen|9\n|tier|[Gen 9] VGC 2023 Regulation E\n|rated|\n|rule|Species Clause: Limit one of each Pok\u00e9mon\n|rule|Item Clause: Limit one of each item\n|clearpoke\n|poke|p1|Landorus-Therian, L50, M|\n|poke|p1|Roaring Moon, L50|\n|poke|p1|Indeedee-F, L50, F|\n|poke|p1|Urshifu-*, L50, M|\n|poke|p1|Flutter Mane, L50|\n|poke|p1|Armarouge, L50, M|\n|poke|p2|Cresselia, L50, F|\n|poke|p2|Urshifu-*, L50, M|\n|poke|p2|Ogerpon-Hearthflame, L50, F|\n|poke|p2|Flutter Mane, L50|\n|poke|p2|Landorus-Therian, L50, M|\n|poke|p2|Heatran, L50, F|\n|teampreview|4\n|inactive|Battle timer is ON: inactive players will automatically lose when time's up. (requested by filthytrashgoblin)\nRox_Roxanne has agreed to open team sheets.\n|inactive|filthytrashgoblin has 60 seconds left.\n|\n|t:|1699657846\n|start\n|switch|p1a: Landorus|Landorus-Therian, L50, M|100\/100\n|switch|p1b: Roaring Moon|Roaring Moon, L50|100\/100\n|switch|p2a: poyo!!|Ogerpon-Hearthflame, L50, F|100\/100\n|switch|p2b: swoona|Cresselia, L50, F|100\/100\n|-ability|p1a: Landorus|Intimidate|boost\n|-unboost|p2a: poyo!!|atk|1\n|-unboost|p2b: swoona|atk|1\n|-ability|p2a: poyo!!|Mold Breaker\n|-enditem|p1b: Roaring Moon|Booster Energy\n|-activate|p1b: Roaring Moon|ability: Protosynthesis|[fromitem]\n|-start|p1b: Roaring Moon|protosynthesisatk\n|turn|1\n|inactive|Rox_Roxanne has 30 seconds left.\n|inactive|Rox_Roxanne has 20 seconds left.\n|inactive|Rox_Roxanne has 15 seconds left.\n|\n|t:|1699657889\n|-terastallize|p1b: Roaring Moon|Flying\n|move|p1b: Roaring Moon|Acrobatics|p2a: poyo!!\n|-supereffective|p2a: poyo!!\n|-crit|p2a: poyo!!\n|-damage|p2a: poyo!!|0 fnt\n|faint|p2a: poyo!!\n|move|p1a: Landorus|Earthquake|p2b: swoona|[spread] \n|-immune|p1b: Roaring Moon\n|-immune|p2b: swoona|[from] ability: Levitate\n|move|p2b: swoona|Moonblast|p1b: Roaring Moon\n|-damage|p1b: Roaring Moon|84\/100\n|\n|upkeep\n|\n|t:|1699657904\n|switch|p2a: BEAR!!!|Urshifu, L50, M|100\/100\n|turn|2\n|\n|t:|1699657912\n|move|p2a: BEAR!!!|Detect|p2a: BEAR!!!\n|-singleturn|p2a: BEAR!!!|Protect\n|move|p1b: Roaring Moon|Acrobatics|p2a: BEAR!!!\n|-activate|p2a: BEAR!!!|move: Protect\n|move|p1a: Landorus|Crunch|p2b: swoona\n|-supereffective|p2b: swoona\n|-damage|p2b: swoona|67\/100\n|move|p2b: swoona|Moonblast|p1b: Roaring Moon\n|-damage|p1b: Roaring Moon|67\/100\n|\n|upkeep\n|turn|3\n|\n|t:|1699657927\n|move|p2a: BEAR!!!|Sucker Punch|p1b: Roaring Moon\n|-damage|p1b: Roaring Moon|16\/100\n|move|p1b: Roaring Moon|Acrobatics|p2a: BEAR!!!\n|-supereffective|p2a: BEAR!!!\n|-enditem|p2a: BEAR!!!|Focus Sash\n|-damage|p2a: BEAR!!!|1\/100\n|move|p1a: Landorus|Crunch|p2b: swoona\n|-supereffective|p2b: swoona\n|-damage|p2b: swoona|32\/100\n|-unboost|p2b: swoona|def|1\n|move|p2b: swoona|Moonlight|p2b: swoona\n|-heal|p2b: swoona|82\/100\n|\n|upkeep\n|turn|4\n|\n|t:|1699657948\n|move|p1b: Roaring Moon|Protect|p1b: Roaring Moon\n|-singleturn|p1b: Roaring Moon|Protect\n|move|p2a: BEAR!!!|Detect|p2a: BEAR!!!\n|-singleturn|p2a: BEAR!!!|Protect\n|move|p1a: Landorus|Earthquake|p2b: swoona|[spread] \n|-activate|p1b: Roaring Moon|move: Protect\n|-activate|p2a: BEAR!!!|move: Protect\n|-immune|p2b: swoona|[from] ability: Levitate\n|move|p2b: swoona|Moonblast|p1b: Roaring Moon\n|-activate|p1b: Roaring Moon|move: Protect\n|\n|upkeep\n|turn|5\n|\n|t:|1699657964\n|-end|p1b: Roaring Moon|Protosynthesis|[silent]\n|switch|p1b: Flutter Mane|Flutter Mane, L50|100\/100\n|move|p2a: BEAR!!!|Sucker Punch|p1a: Landorus\n|-damage|p1a: Landorus|50\/100\n|move|p1a: Landorus|Earthquake|p2b: swoona|[spread] p1b,p2a\n|-immune|p2b: swoona|[from] ability: Levitate\n|-damage|p1b: Flutter Mane|10\/100\n|-damage|p2a: BEAR!!!|0 fnt\n|faint|p2a: BEAR!!!\n|move|p2b: swoona|Moonblast|p1b: Flutter Mane\n|-damage|p1b: Flutter Mane|0 fnt\n|faint|p1b: Flutter Mane\n|-end|p1b: Flutter Mane|Protosynthesis|[silent]\n|\n|upkeep\n|\n|t:|1699657978\n|switch|p1b: Roaring Moon|Roaring Moon, L50, tera:Flying|16\/100\n|switch|p2a: DOG|Landorus-Therian, L50, M|100\/100\n|-ability|p2a: DOG|Intimidate|boost\n|-unboost|p1a: Landorus|atk|1\n|-unboost|p1b: Roaring Moon|atk|1\n|turn|6\n|\n|t:|1699657993\n|-terastallize|p2a: DOG|Flying\n|move|p2a: DOG|Rock Slide|p1b: Roaring Moon|[spread] p1a,p1b\n|-supereffective|p1b: Roaring Moon\n|-damage|p1a: Landorus|26\/100\n|-damage|p1b: Roaring Moon|0 fnt\n|faint|p1b: Roaring Moon\n|-end|p1b: Roaring Moon|Protosynthesis|[silent]\n|cant|p1a: Landorus|flinch\n|move|p2b: swoona|Moonblast|p1a: Landorus\n|-damage|p1a: Landorus|2\/100\n|\n|upkeep\n|\n|t:|1699658003\n|switch|p1b: Urshifu|Urshifu-Rapid-Strike, L50, M|100\/100\n|turn|7\n|\n|t:|1699658012\n|move|p2a: DOG|Rock Slide|p1b: Urshifu|[spread] p1a,p1b\n|-resisted|p1b: Urshifu\n|-damage|p1a: Landorus|0 fnt\n|-damage|p1b: Urshifu|90\/100\n|faint|p1a: Landorus\n|move|p1b: Urshifu|Surging Strikes|p2a: DOG\n|-crit|p2a: DOG\n|-damage|p2a: DOG|77\/100\n|-crit|p2a: DOG\n|-damage|p2a: DOG|54\/100\n|-crit|p2a: DOG\n|-damage|p2a: DOG|31\/100\n|-hitcount|p2a: DOG|3\n|move|p2b: swoona|Moonblast|p1b: Urshifu\n|-supereffective|p1b: Urshifu\n|-damage|p1b: Urshifu|34\/100\n|-unboost|p1b: Urshifu|spa|1\n|\n|upkeep\n|turn|8\n|\n|t:|1699658032\n|move|p2a: DOG|Rock Slide|p1b: Urshifu\n|-resisted|p1b: Urshifu\n|-damage|p1b: Urshifu|20\/100\n|cant|p1b: Urshifu|flinch\n|move|p2b: swoona|Moonblast|p1b: Urshifu\n|-supereffective|p1b: Urshifu\n|-damage|p1b: Urshifu|0 fnt\n|faint|p1b: Urshifu\n|\n|win|filthytrashgoblin\n|raw|Rox_Roxanne's rating: 1058 &rarr; <strong>1042<\/strong><br \/>(-16 for losing)\n|raw|filthytrashgoblin's rating: 1111 &rarr; <strong>1132<\/strong><br \/>(+21 for winning)\n|l|\u2606Rox_Roxanne\n","uploadtime":1699658046,"views":17,"p1id":"roxroxanne","p2id":"filthytrashgoblin","formatid":"gen9vgc2023regulatione","rating":1042,"private":0,"password":""}