{"id":"gen9vgc2023regulatione-1991427617","p1":"Professor Eriic","p2":"valeron88","format":"[Gen 9] VGC 2023 Regulation E","log":"|j|\u2606Professor Eriic\n|j|\u2606valeron88\n|t:|1700076236\n|gametype|doubles\n|player|p1|Professor Eriic|colress|1136\n|player|p2|valeron88|265|1207\n|teamsize|p1|6\n|teamsize|p2|6\n|gen|9\n|tier|[Gen 9] VGC 2023 Regulation E\n|rated|\n|rule|Species Clause: Limit one of each Pok\u00e9mon\n|rule|Item Clause: Limit one of each item\n|clearpoke\n|poke|p1|Landorus-Therian, L50, M|\n|poke|p1|Farigiraf, L50, M|\n|poke|p1|Heatran, L50, F|\n|poke|p1|Ogerpon-Wellspring, L50, F|\n|poke|p1|Grimmsnarl, L50, M|\n|poke|p1|Spectrier, L50|\n|poke|p2|Flutter Mane, L50|\n|poke|p2|Urshifu-*, L50, M|\n|poke|p2|Chien-Pao, L50|\n|poke|p2|Heatran, L50, F|\n|poke|p2|Iron Hands, L50|\n|poke|p2|Landorus-Therian, L50, M|\n|teampreview|4\nProfessor Eriic has agreed to open team sheets.\n|\n|t:|1700076290\n|start\n|switch|p1a: Landorus|Landorus-Therian, L50, M|100\/100\n|switch|p1b: Farigiraf|Farigiraf, L50, M|100\/100\n|switch|p2a: Urshifu|Urshifu-Rapid-Strike, L50, M|100\/100\n|switch|p2b: Flutter Mane|Flutter Mane, L50|100\/100\n|-ability|p1a: Landorus|Intimidate|boost\n|-unboost|p2a: Urshifu|atk|1\n|-unboost|p2b: Flutter Mane|atk|1\n|-enditem|p2b: Flutter Mane|Booster Energy\n|-activate|p2b: Flutter Mane|ability: Protosynthesis|[fromitem]\n|-start|p2b: Flutter Mane|protosynthesisspa\n|turn|1\n|\n|t:|1700076315\n|-terastallize|p1a: Landorus|Flying\n|move|p2a: Urshifu|Surging Strikes|p1b: Farigiraf\n|-crit|p1b: Farigiraf\n|-damage|p1b: Farigiraf|85\/100\n|-crit|p1b: Farigiraf\n|-damage|p1b: Farigiraf|69\/100\n|-crit|p1b: Farigiraf\n|-damage|p1b: Farigiraf|54\/100\n|-hitcount|p1b: Farigiraf|3\n|move|p1a: Landorus|Tera Blast|p2a: Urshifu|[anim] Tera Blast Flying\n|-supereffective|p2a: Urshifu\n|-damage|p2a: Urshifu|0 fnt\n|faint|p2a: Urshifu\n|move|p2b: Flutter Mane|Dazzling Gleam|p1a: Landorus|[spread] p1a,p1b\n|-crit|p1a: Landorus\n|-damage|p1a: Landorus|19\/100\n|-damage|p1b: Farigiraf|9\/100\n|move|p1b: Farigiraf|Imprison|p1b: Farigiraf\n|-start|p1b: Farigiraf|move: Imprison\n|\n|upkeep\n|\n|t:|1700076342\n|switch|p2a: Chien-Pao|Chien-Pao, L50|100\/100\n|-ability|p2a: Chien-Pao|Sword of Ruin\n|turn|2\n|\n|t:|1700076358\n|move|p2a: Chien-Pao|Protect|p2a: Chien-Pao\n|-singleturn|p2a: Chien-Pao|Protect\n|move|p1a: Landorus|Tera Blast|p2b: Flutter Mane|[anim] Tera Blast Flying\n|-damage|p2b: Flutter Mane|0 fnt\n|faint|p2b: Flutter Mane\n|-end|p2b: Flutter Mane|Protosynthesis|[silent]\n|move|p1b: Farigiraf|Dazzling Gleam|p2a: Chien-Pao\n|-activate|p2a: Chien-Pao|move: Protect\n|\n|upkeep\n|\n|t:|1700076364\n|switch|p2b: Iron Hands|Iron Hands, L50|100\/100\n|turn|3\n|\n|t:|1700076379\n|move|p1a: Landorus|Tera Blast|p2b: Iron Hands|[anim] Tera Blast Flying\n|-damage|p2b: Iron Hands|39\/100\n|move|p2a: Chien-Pao|Ice Spinner|p1a: Landorus\n|-supereffective|p1a: Landorus\n|-damage|p1a: Landorus|0 fnt\n|faint|p1a: Landorus\n|move|p1b: Farigiraf|Dazzling Gleam|p2b: Iron Hands|[spread] p2a,p2b\n|-supereffective|p2a: Chien-Pao\n|-supereffective|p2b: Iron Hands\n|-damage|p2a: Chien-Pao|50\/100\n|-damage|p2b: Iron Hands|12\/100\n|move|p2b: Iron Hands|Drain Punch|p1b: Farigiraf\n|-damage|p1b: Farigiraf|0 fnt\n|-heal|p2b: Iron Hands|17\/100|[from] drain|[of] p1b: Farigiraf\n|faint|p1b: Farigiraf\n|\n|upkeep\n|\n|t:|1700076392\n|switch|p1a: Grimmsnarl|Grimmsnarl, L50, M|100\/100\n|switch|p1b: Ogerpon|Ogerpon-Wellspring, L50, F|100\/100\n|turn|4\n|\n|t:|1700076401\n|move|p1b: Ogerpon|Spiky Shield|p1b: Ogerpon\n|-singleturn|p1b: Ogerpon|move: Protect\n|move|p1a: Grimmsnarl|Reflect|p1a: Grimmsnarl\n|-sidestart|p1: Professor Eriic|Reflect\n|move|p2a: Chien-Pao|Ice Spinner|p1b: Ogerpon\n|-activate|p1b: Ogerpon|move: Protect\n|-damage|p2a: Chien-Pao|38\/100|[from] Spiky Shield|[of] p1b: Ogerpon\n|move|p2b: Iron Hands|Drain Punch|p1b: Ogerpon\n|-activate|p1b: Ogerpon|move: Protect\n|-damage|p2b: Iron Hands|4\/100|[from] Spiky Shield|[of] p1b: Ogerpon\n|\n|upkeep\n|turn|5\n|\n|t:|1700076419\n|move|p2a: Chien-Pao|Sacred Sword|p1b: Ogerpon\n|-damage|p1b: Ogerpon|71\/100\n|move|p1b: Ogerpon|Ivy Cudgel|p2b: Iron Hands|[anim] Ivy Cudgel Water\n|-damage|p2b: Iron Hands|0 fnt\n|faint|p2b: Iron Hands\n|-end|p2b: Iron Hands|Quark Drive|[silent]\n|move|p1a: Grimmsnarl|Spirit Break|p2a: Chien-Pao\n|-supereffective|p2a: Chien-Pao\n|-damage|p2a: Chien-Pao|0 fnt\n|faint|p2a: Chien-Pao\n|\n|win|Professor Eriic\n|raw|Professor Eriic's rating: 1136 &rarr; <strong>1166<\/strong><br \/>(+30 for winning)\n|raw|valeron88's rating: 1207 &rarr; <strong>1177<\/strong><br \/>(-30 for losing)\n|l|\u2606valeron88\n|c|\u2606Professor Eriic|gg\n","uploadtime":1700076430,"views":22,"p1id":"professoreriic","p2id":"valeron88","formatid":"gen9vgc2023regulatione","rating":1166,"private":0,"password":""}