{"id":"gen9vgc2023regulatione-1989475099","p1":"slopmcflopsters","p2":"Pronoun loser","format":"[Gen 9] VGC 2023 Regulation E","log":"|j|\u2606slopmcflopsters\n|j|\u203dPronoun loser\n|t:|1699856518\n|gametype|doubles\n|player|p1|slopmcflopsters|li|\n|player|p2|Pronoun loser|265|\n|teamsize|p1|6\n|teamsize|p2|6\n|gen|9\n|tier|[Gen 9] VGC 2023 Regulation E\n|rated|Tournament battle\n|rule|Species Clause: Limit one of each Pok\u00e9mon\n|rule|Item Clause: Limit one of each item\n|clearpoke\n|poke|p1|Tornadus, L50, M|\n|poke|p1|Urshifu-*, L50, M|\n|poke|p1|Iron Hands, L50|\n|poke|p1|Farigiraf, L50, M|\n|poke|p1|Chien-Pao, L50|\n|poke|p1|Decidueye-Hisui, L50, M|\n|poke|p2|Rillaboom, L50, M|\n|poke|p2|Urshifu-*, L50, M|\n|poke|p2|Gholdengo, L50|\n|poke|p2|Arcanine, L50, M|\n|poke|p2|Iron Hands, L50|\n|poke|p2|Grimmsnarl, L50, M|\n|teampreview|4\n|showteam|p1|Tornadus||RockyHelmet|Prankster|BleakwindStorm,Tailwind,RainDance,Taunt|||M|||50|,,,,,Steel]Urshifu-Rapid-Strike||MysticWater|UnseenFist|SurgingStrikes,CloseCombat,AquaJet,Detect|||M|||50|,,,,,Water]Iron Hands||AssaultVest|QuarkDrive|WildCharge,DrainPunch,HeavySlam,FakeOut||||||50|,,,,,Grass]Farigiraf||SitrusBerry|ArmorTail|Psychic,HyperVoice,Imprison,TrickRoom|||M|||50|,,,,,Fairy]Chien-Pao||FocusSash|SwordofRuin|IceSpinner,SuckerPunch,SacredSword,Protect||||||50|,,,,,Poison]Decidueye-Hisui||ScopeLens|Scrappy|TripleArrows,LeafBlade,KnockOff,Protect|||M|||50|,,,,,Fire\n|showteam|p2|Rillaboom||AssaultVest|GrassySurge|GrassyGlide,WoodHammer,Uturn,FakeOut|||M|||50|,,,,,Fire]Urshifu-Rapid-Strike||ChoiceScarf|UnseenFist|SurgingStrikes,CloseCombat,Uturn,IceSpinner|||M|||50|,,,,,Poison]Gholdengo||Leftovers|GoodasGold|MakeItRain,ShadowBall,NastyPlot,Protect||||||50|,,,,,Dragon]Arcanine||FigyBerry|Intimidate|FlareBlitz,Snarl,WillOWisp,Protect|||M|||50|,,,,,Water]Iron Hands||SitrusBerry|QuarkDrive|DrainPunch,WildCharge,VoltSwitch,FakeOut||||||50|,,,,,Grass]Grimmsnarl||LightClay|Prankster|SpiritBreak,Reflect,LightScreen,Taunt|||M|||50|,,,,,Fairy\n|inactive|Battle timer is ON: inactive players will automatically lose when time's up. (requested by slopmcflopsters)\n|c|\u2606slopmcflopsters|GLHF\n|inactive|Pronoun loser has 60 seconds left.\n|j| MLAbbott\n|\n|t:|1699856569\n|start\n|switch|p1a: Tornadus|Tornadus, L50, M|100\/100\n|switch|p1b: Urshifu|Urshifu-Rapid-Strike, L50, M|100\/100\n|switch|p2a: Rillaboom|Rillaboom, L50, M|100\/100\n|switch|p2b: Urshifu|Urshifu-Rapid-Strike, L50, M|100\/100\n|-fieldstart|move: Grassy Terrain|[from] ability: Grassy Surge|[of] p2a: Rillaboom\n|turn|1\n|j| Tempest brute\n|inactive|Pronoun loser has 30 seconds left.\n|j| Tagiruz\n|inactive|Pronoun loser has 20 seconds left.\n|inactive|Pronoun loser has 15 seconds left.\n|inactive|Pronoun loser has 10 seconds left.\n|\n|t:|1699856615\n|move|p1b: Urshifu|Detect|p1b: Urshifu\n|-singleturn|p1b: Urshifu|Protect\n|move|p2a: Rillaboom|Grassy Glide|p1a: Tornadus\n|-resisted|p1a: Tornadus\n|-damage|p1a: Tornadus|81\/100\n|-damage|p2a: Rillaboom|84\/100|[from] item: Rocky Helmet|[of] p1a: Tornadus\n|move|p2b: Urshifu|Ice Spinner|p1a: Tornadus\n|-supereffective|p1a: Tornadus\n|-damage|p1a: Tornadus|27\/100\n|-damage|p2b: Urshifu|84\/100|[from] item: Rocky Helmet|[of] p1a: Tornadus\n|-fieldend|move: Grassy Terrain\n|move|p1a: Tornadus|Bleakwind Storm|p2b: Urshifu|[spread] p2b\n|-miss|p1a: Tornadus|p2a: Rillaboom\n|-supereffective|p2b: Urshifu\n|-damage|p2b: Urshifu|2\/100\n|\n|upkeep\n|turn|2\n|inactive|Pronoun loser has 30 seconds left.\n|\n|t:|1699856643\n|switch|p2b: Gholdengo|Gholdengo, L50|100\/100\n|switch|p1b: Iron Hands|Iron Hands, L50|100\/100\n|switch|p2a: Iron Hands|Iron Hands, L50|100\/100\n|move|p1a: Tornadus|Tailwind|p1a: Tornadus\n|-sidestart|p1: slopmcflopsters|move: Tailwind\n|\n|upkeep\n|turn|3\n|\n|t:|1699856659\n|move|p1a: Tornadus|Bleakwind Storm|p2b: Gholdengo|[spread] p2a,p2b\n|-resisted|p2b: Gholdengo\n|-damage|p2a: Iron Hands|81\/100\n|-damage|p2b: Gholdengo|85\/100\n|-unboost|p2a: Iron Hands|spe|1\n|move|p2b: Gholdengo|Nasty Plot|p2b: Gholdengo\n|-boost|p2b: Gholdengo|spa|2\n|move|p1b: Iron Hands|Drain Punch|p2a: Iron Hands\n|-damage|p2a: Iron Hands|54\/100\n|move|p2a: Iron Hands|Volt Switch|p1a: Tornadus\n|-supereffective|p1a: Tornadus\n|-damage|p1a: Tornadus|0 fnt\n|faint|p1a: Tornadus\n|\n|t:|1699856672\n|-end|p2a: Iron Hands|Quark Drive|[silent]\n|switch|p2a: Rillaboom|Rillaboom, L50, M|84\/100|[from] Volt Switch\n|-fieldstart|move: Grassy Terrain|[from] ability: Grassy Surge|[of] p2a: Rillaboom\n|\n|-heal|p2b: Gholdengo|92\/100|[from] Grassy Terrain\n|-heal|p2b: Gholdengo|98\/100|[from] item: Leftovers\n|-heal|p2a: Rillaboom|90\/100|[from] Grassy Terrain\n|upkeep\n|\n|t:|1699856683\n|switch|p1a: Urshifu|Urshifu-Rapid-Strike, L50, M|100\/100\n|turn|4\n|\n|t:|1699856703\n|move|p1a: Urshifu|Detect|p1a: Urshifu\n|-singleturn|p1a: Urshifu|Protect\n|move|p2a: Rillaboom|Fake Out|p1a: Urshifu\n|-activate|p1a: Urshifu|move: Protect\n|move|p2b: Gholdengo|Shadow Ball|p1b: Iron Hands\n|-damage|p1b: Iron Hands|59\/100\n|move|p1b: Iron Hands|Drain Punch|p2a: Rillaboom\n|-damage|p2a: Rillaboom|45\/100\n|-heal|p1b: Iron Hands|77\/100|[from] drain|[of] p2a: Rillaboom\n|\n|-heal|p2b: Gholdengo|100\/100|[from] Grassy Terrain\n|-heal|p2a: Rillaboom|52\/100|[from] Grassy Terrain\n|-heal|p1b: Iron Hands|84\/100|[from] Grassy Terrain\n|upkeep\n|turn|5\n|inactive|Pronoun loser has 30 seconds left.\n|\n|t:|1699856729\n|switch|p2a: Iron Hands|Iron Hands, L50|54\/100\n|-terastallize|p1a: Urshifu|Water\n|-terastallize|p2b: Gholdengo|Dragon\n|move|p1a: Urshifu|Surging Strikes|p2b: Gholdengo\n|-resisted|p2b: Gholdengo\n|-crit|p2b: Gholdengo\n|-damage|p2b: Gholdengo|85\/100\n|-resisted|p2b: Gholdengo\n|-crit|p2b: Gholdengo\n|-damage|p2b: Gholdengo|68\/100\n|-resisted|p2b: Gholdengo\n|-crit|p2b: Gholdengo\n|-damage|p2b: Gholdengo|51\/100\n|-hitcount|p2b: Gholdengo|3\n|move|p2b: Gholdengo|Shadow Ball|p1a: Urshifu\n|-damage|p1a: Urshifu|0 fnt\n|faint|p1a: Urshifu\n|move|p1b: Iron Hands|Drain Punch|p2a: Iron Hands\n|-damage|p2a: Iron Hands|25\/100\n|-heal|p1b: Iron Hands|99\/100|[from] drain|[of] p2a: Iron Hands\n|-enditem|p2a: Iron Hands|Sitrus Berry|[eat]\n|-heal|p2a: Iron Hands|50\/100|[from] item: Sitrus Berry\n|\n|-heal|p2b: Gholdengo|57\/100|[from] Grassy Terrain\n|-heal|p2b: Gholdengo|64\/100|[from] item: Leftovers\n|-heal|p1b: Iron Hands|100\/100|[from] Grassy Terrain\n|-heal|p2a: Iron Hands|56\/100|[from] Grassy Terrain\n|-sideend|p1: slopmcflopsters|move: Tailwind\n|upkeep\n|\n|t:|1699856754\n|switch|p1a: Chien-Pao|Chien-Pao, L50|100\/100\n|-ability|p1a: Chien-Pao|Sword of Ruin\n|turn|6\n|\n|t:|1699856777\n|move|p1a: Chien-Pao|Protect|p1a: Chien-Pao\n|-singleturn|p1a: Chien-Pao|Protect\n|move|p2b: Gholdengo|Protect|p2b: Gholdengo\n|-singleturn|p2b: Gholdengo|Protect\n|move|p2a: Iron Hands|Volt Switch|p1b: Iron Hands\n|-resisted|p1b: Iron Hands\n|-damage|p1b: Iron Hands|96\/100\n|\n|t:|1699856784\n|-end|p2a: Iron Hands|Quark Drive|[silent]\n|switch|p2a: Rillaboom|Rillaboom, L50, M|52\/100|[from] Volt Switch\n|move|p1b: Iron Hands|Drain Punch|p2a: Rillaboom\n|-damage|p2a: Rillaboom|0 fnt\n|-heal|p1b: Iron Hands|100\/100|[from] drain|[of] p2a: Rillaboom\n|faint|p2a: Rillaboom\n|\n|-heal|p2b: Gholdengo|70\/100|[from] Grassy Terrain\n|-heal|p2b: Gholdengo|76\/100|[from] item: Leftovers\n|upkeep\n|\n|t:|1699856790\n|switch|p2a: Iron Hands|Iron Hands, L50|56\/100\n|turn|7\n|\n|t:|1699856801\n|move|p1a: Chien-Pao|Protect||[still]\n|-fail|p1a: Chien-Pao\n|move|p2a: Iron Hands|Fake Out|p1a: Chien-Pao\n|-damage|p1a: Chien-Pao|81\/100\n|move|p2b: Gholdengo|Make It Rain|p1a: Chien-Pao|[spread] p1a,p1b\n|-supereffective|p1a: Chien-Pao\n|-resisted|p1b: Iron Hands\n|-damage|p1a: Chien-Pao|0 fnt\n|-damage|p1b: Iron Hands|79\/100\n|-unboost|p2b: Gholdengo|spa|1\n|faint|p1a: Chien-Pao\n|move|p1b: Iron Hands|Drain Punch|p2a: Iron Hands\n|-damage|p2a: Iron Hands|30\/100\n|-heal|p1b: Iron Hands|93\/100|[from] drain|[of] p2a: Iron Hands\n|\n|-heal|p2b: Gholdengo|82\/100|[from] Grassy Terrain\n|-heal|p2b: Gholdengo|89\/100|[from] item: Leftovers\n|-heal|p2a: Iron Hands|36\/100|[from] Grassy Terrain\n|-heal|p1b: Iron Hands|99\/100|[from] Grassy Terrain\n|-fieldend|move: Grassy Terrain\n|upkeep\n|turn|8\n|c|\u2606slopmcflopsters|ggwp\n|\n|t:|1699856820\n|move|p2b: Gholdengo|Nasty Plot|p2b: Gholdengo\n|-boost|p2b: Gholdengo|spa|2\n|move|p2a: Iron Hands|Drain Punch|p1b: Iron Hands\n|-damage|p1b: Iron Hands|74\/100\n|-heal|p2a: Iron Hands|47\/100|[from] drain|[of] p1b: Iron Hands\n|move|p1b: Iron Hands|Drain Punch|p2a: Iron Hands\n|-damage|p2a: Iron Hands|17\/100\n|-heal|p1b: Iron Hands|91\/100|[from] drain|[of] p2a: Iron Hands\n|\n|-heal|p2b: Gholdengo|95\/100|[from] item: Leftovers\n|upkeep\n|turn|9\n|j| bluethasavior\n|l| bluethasavior\n|\n|t:|1699856838\n|move|p2b: Gholdengo|Shadow Ball|p1b: Iron Hands\n|-damage|p1b: Iron Hands|36\/100\n|move|p2a: Iron Hands|Volt Switch|p1b: Iron Hands\n|-resisted|p1b: Iron Hands\n|-damage|p1b: Iron Hands|31\/100\n|j| bluethasavior\n|\n|t:|1699856844\n|-end|p2a: Iron Hands|Quark Drive|[silent]\n|switch|p2a: Urshifu|Urshifu-Rapid-Strike, L50, M|2\/100|[from] Volt Switch\n|move|p1b: Iron Hands|Drain Punch|p2b: Gholdengo\n|-damage|p2b: Gholdengo|53\/100\n|-heal|p1b: Iron Hands|48\/100|[from] drain|[of] p2b: Gholdengo\n|\n|-heal|p2b: Gholdengo|59\/100|[from] item: Leftovers\n|upkeep\n|turn|10\n|\n|t:|1699856852\n|move|p2a: Urshifu|Close Combat|p1b: Iron Hands\n|-damage|p1b: Iron Hands|6\/100\n|-unboost|p2a: Urshifu|def|1\n|-unboost|p2a: Urshifu|spd|1\n|move|p2b: Gholdengo|Shadow Ball|p1b: Iron Hands\n|-damage|p1b: Iron Hands|0 fnt\n|faint|p1b: Iron Hands\n|-end|p1b: Iron Hands|Quark Drive|[silent]\n|\n|win|Pronoun loser\n|n|\u2606slopmcflopsters|slopmcflopsters\n|n|\u203dPronoun loser|pronounloser\n|n| MLAbbott|mlabbott\n|n| Tempest brute|tempestbrute\n|n| Tagiruz|tagiruz\n|n| bluethasavior|bluethasavior\n","uploadtime":1699856853,"views":7,"p1id":"slopmcflopsters","p2id":"pronounloser","formatid":"gen9vgc2023regulatione","rating":0,"private":0,"password":""}