{"id":"gen9vgc2023regulatione-1995962353","p1":"clickformoreinfos","p2":"DNDStwo","format":"[Gen 9] VGC 2023 Regulation E","log":"|j|\u2606clickformoreinfos\n|j|\u2606DNDStwo\n|t:|1700622540\n|gametype|doubles\n|player|p1|clickformoreinfos|medium|1428\n|player|p2|DNDStwo|170|1422\n|teamsize|p1|6\n|teamsize|p2|6\n|gen|9\n|tier|[Gen 9] VGC 2023 Regulation E\n|rated|\n|rule|Species Clause: Limit one of each Pok\u00e9mon\n|rule|Item Clause: Limit one of each item\n|clearpoke\n|poke|p1|Sylveon, L50, M|\n|poke|p1|Sableye, L50, F|\n|poke|p1|Iron Hands, L50|\n|poke|p1|Heatran, L50, M|\n|poke|p1|Farigiraf, L50, M|\n|poke|p1|Ogerpon-Cornerstone, L50, F|\n|poke|p2|Ninetales-Alola, L50, F|\n|poke|p2|Iron Bundle, L50|\n|poke|p2|Baxcalibur, L50, M|\n|poke|p2|Weavile, L50, F|\n|poke|p2|Arcanine-Hisui, L50, M|\n|poke|p2|Hydreigon, L50, F|\n|teampreview|4\n|inactive|Battle timer is ON: inactive players will automatically lose when time's up. (requested by clickformoreinfos)\n|inactive|clickformoreinfos has 60 seconds left.\n|inactive|DNDStwo has 60 seconds left.\n|\n|t:|1700622600\n|start\n|switch|p1a: Iron Hands|Iron Hands, L50|100\/100\n|switch|p1b: Farigiraf|Farigiraf, L50, M|100\/100\n|switch|p2a: Weavile|Weavile, L50, F|100\/100\n|switch|p2b: Hydreigon|Hydreigon, L50, F|100\/100\n|turn|1\n|inactive|clickformoreinfos has 30 seconds left.\n|inactive|DNDStwo has 30 seconds left.\n|\n|t:|1700622628\n|-terastallize|p2a: Weavile|Ghost\n|-terastallize|p1b: Farigiraf|Dark\n|move|p1a: Iron Hands|Fake Out|p2b: Hydreigon\n|-damage|p2b: Hydreigon|80\/100\n|move|p2a: Weavile|Knock Off|p1b: Farigiraf\n|-resisted|p1b: Farigiraf\n|-damage|p1b: Farigiraf|73\/100\n|-enditem|p1b: Farigiraf|Mental Herb|[from] move: Knock Off|[of] p2a: Weavile\n|cant|p2b: Hydreigon|flinch\n|move|p1b: Farigiraf|Trick Room|p1b: Farigiraf\n|-fieldstart|move: Trick Room|[of] p1b: Farigiraf\n|\n|upkeep\n|turn|2\n|inactive|DNDStwo has 30 seconds left.\n|\n|t:|1700622656\n|move|p2b: Hydreigon|Protect|p2b: Hydreigon\n|-singleturn|p2b: Hydreigon|Protect\n|move|p1b: Farigiraf|Psyshock|p2a: Weavile\n|-damage|p2a: Weavile|32\/100\n|move|p1a: Iron Hands|Drain Punch|p2b: Hydreigon\n|-activate|p2b: Hydreigon|move: Protect\n|move|p2a: Weavile|Ice Spinner|p1a: Iron Hands\n|-damage|p1a: Iron Hands|75\/100\n|\n|upkeep\n|turn|3\n|inactive|clickformoreinfos has 30 seconds left.\n|inactive|DNDStwo has 30 seconds left.\n|\n|t:|1700622689\n|switch|p1b: Heatran|Heatran, L50, M|100\/100\n|switch|p2b: Ninetales|Ninetales-Alola, L50, F|100\/100\n|-weather|Snow|[from] ability: Snow Warning|[of] p2b: Ninetales\n|move|p1a: Iron Hands|Drain Punch|p2b: Ninetales\n|-damage|p2b: Ninetales|52\/100\n|-heal|p1a: Iron Hands|89\/100|[from] drain|[of] p2b: Ninetales\n|move|p2a: Weavile|Knock Off|p1a: Iron Hands\n|-resisted|p1a: Iron Hands\n|-damage|p1a: Iron Hands|74\/100\n|-enditem|p1a: Iron Hands|Assault Vest|[from] move: Knock Off|[of] p2a: Weavile\n|\n|-weather|Snow|[upkeep]\n|upkeep\n|turn|4\n|\n|t:|1700622711\n|switch|p2a: Hydreigon|Hydreigon, L50, F|80\/100\n|move|p2b: Ninetales|Protect|p2b: Ninetales\n|-singleturn|p2b: Ninetales|Protect\n|move|p1a: Iron Hands|Wild Charge|p2a: Hydreigon\n|-resisted|p2a: Hydreigon\n|-damage|p2a: Hydreigon|48\/100\n|-damage|p1a: Iron Hands|69\/100|[from] Recoil\n|move|p1b: Heatran|Flash Cannon|p2b: Ninetales\n|-activate|p2b: Ninetales|move: Protect\n|\n|-weather|Snow|[upkeep]\n|upkeep\n|turn|5\n|inactive|clickformoreinfos has 30 seconds left.\n|inactive|clickformoreinfos has 20 seconds left.\n|\n|t:|1700622746\n|-end|p1a: Iron Hands|Quark Drive|[silent]\n|switch|p1a: Farigiraf|Farigiraf, L50, M, tera:Dark|73\/100\n|move|p2a: Hydreigon|Protect|p2a: Hydreigon\n|-singleturn|p2a: Hydreigon|Protect\n|move|p1b: Heatran|Flash Cannon|p2b: Ninetales\n|-supereffective|p2b: Ninetales\n|-damage|p2b: Ninetales|0 fnt\n|faint|p2b: Ninetales\n|\n|-weather|Snow|[upkeep]\n|-fieldend|move: Trick Room\n|upkeep\n|\n|t:|1700622756\n|switch|p2b: Baxcalibur|Baxcalibur, L50, M|100\/100\n|turn|6\n|\n|t:|1700622780\n|move|p1a: Farigiraf|Protect|p1a: Farigiraf\n|-singleturn|p1a: Farigiraf|Protect\n|move|p2a: Hydreigon|Draco Meteor|p1a: Farigiraf\n|-activate|p1a: Farigiraf|move: Protect\n|move|p2b: Baxcalibur|High Horsepower|p1b: Heatran\n|-supereffective|p1b: Heatran\n|-damage|p1b: Heatran|0 fnt\n|-damage|p2b: Baxcalibur|84\/100|[from] item: Rocky Helmet|[of] p1b: Heatran\n|faint|p1b: Heatran\n|\n|-weather|Snow|[upkeep]\n|upkeep\n|\n|t:|1700622789\n|switch|p1b: Iron Hands|Iron Hands, L50|69\/100\n|turn|7\n|inactive|clickformoreinfos has 30 seconds left.\n|inactive|DNDStwo has 30 seconds left.\n|\n|t:|1700622819\n|move|p1b: Iron Hands|Fake Out|p2a: Hydreigon\n|-damage|p2a: Hydreigon|28\/100\n|cant|p2a: Hydreigon|flinch\n|move|p2b: Baxcalibur|Glaive Rush|p1a: Farigiraf\n|-damage|p1a: Farigiraf|0 fnt\n|-singlemove|p2b: Baxcalibur|Glaive Rush|[silent]\n|faint|p1a: Farigiraf\n|\n|-weather|none\n|upkeep\n|\n|t:|1700622827\n|switch|p1a: Sylveon|Sylveon, L50, M|100\/100\n|turn|8\n|\n|t:|1700622837\n|move|p2a: Hydreigon|Draco Meteor|p1b: Iron Hands\n|-damage|p1b: Iron Hands|0 fnt\n|-unboost|p2a: Hydreigon|spa|2\n|faint|p1b: Iron Hands\n|-end|p1b: Iron Hands|Quark Drive|[silent]\n|-damage|p2a: Hydreigon|18\/100|[from] item: Life Orb\n|move|p2b: Baxcalibur|Icicle Crash|p1a: Sylveon\n|-damage|p1a: Sylveon|32\/100\n|move|p1a: Sylveon|Hyper Voice|p2b: Baxcalibur|[spread] p2a,p2b\n|-supereffective|p2a: Hydreigon\n|-supereffective|p2b: Baxcalibur\n|-damage|p2a: Hydreigon|0 fnt\n|-damage|p2b: Baxcalibur|40\/100\n|faint|p2a: Hydreigon\n|-enditem|p1a: Sylveon|Throat Spray\n|-boost|p1a: Sylveon|spa|1|[from] item: Throat Spray\n|\n|upkeep\n|\n|t:|1700622841\n|switch|p2a: Weavile|Weavile, L50, F, tera:Ghost|32\/100\n|turn|9\n|-message|clickformoreinfos forfeited.\n|\n|win|DNDStwo\n|raw|clickformoreinfos's rating: 1428 &rarr; <strong>1408<\/strong><br \/>(-20 for losing)\n|raw|DNDStwo's rating: 1422 &rarr; <strong>1442<\/strong><br \/>(+20 for winning)\n|l|\u2606clickformoreinfos\n","uploadtime":1700622992,"views":14,"p1id":"clickformoreinfos","p2id":"dndstwo","formatid":"gen9vgc2023regulatione","rating":1408,"private":0,"password":""}