{"id":"gen9vgc2023regulatione-1993500658","p1":"Moth die Motte","p2":"don drapion","format":"[Gen 9] VGC 2023 Regulation E","log":"|j|\u2606Moth die Motte\n|j|\u2606don drapion\n|t:|1700325287\n|gametype|doubles\n|player|p1|Moth die Motte|170|1387\n|player|p2|don drapion|1|1363\n|teamsize|p1|6\n|teamsize|p2|6\n|gen|9\n|tier|[Gen 9] VGC 2023 Regulation E\n|rated|\n|rule|Species Clause: Limit one of each Pok\u00e9mon\n|rule|Item Clause: Limit one of each item\n|clearpoke\n|poke|p1|Heatran, L50, M|\n|poke|p1|Annihilape, L50, M|\n|poke|p1|Grimmsnarl, L50, M|\n|poke|p1|Zapdos, L50|\n|poke|p1|Rillaboom, L50, F|\n|poke|p1|Gyarados, L50, F|\n|poke|p2|Goodra-Hisui, L50, F|\n|poke|p2|Arcanine-Hisui, L50, F|\n|poke|p2|Kommo-o, L50, M|\n|poke|p2|Sinistcha, L50|\n|poke|p2|Volbeat, L50, M|\n|poke|p2|Grimmsnarl, L50, M|\n|teampreview|4\ndon drapion rejected open team sheets.\n|\n|t:|1700325327\n|start\n|switch|p1a: Annihilape|Annihilape, L50, M|100\/100\n|switch|p1b: Gyarados|Gyarados, L50, F|100\/100\n|switch|p2a: Goodra|Goodra-Hisui, L50, F|100\/100\n|switch|p2b: Grimmsnarl|Grimmsnarl, L50, M|100\/100\n|-ability|p1b: Gyarados|Intimidate|boost\n|-unboost|p2a: Goodra|atk|1\n|-unboost|p2b: Grimmsnarl|atk|1\n|turn|1\n|inactive|Battle timer is ON: inactive players will automatically lose when time's up. (requested by Moth die Motte)\n|\n|t:|1700325348\n|move|p2b: Grimmsnarl|Thunder Wave|p1a: Annihilape\n|-status|p1a: Annihilape|par\n|move|p1b: Gyarados|Taunt|p2a: Goodra\n|-start|p2a: Goodra|move: Taunt\n|move|p2a: Goodra|Draco Meteor|p1b: Gyarados\n|-damage|p1b: Gyarados|56\/100\n|-unboost|p2a: Goodra|spa|2\n|move|p1a: Annihilape|Bulk Up|p1a: Annihilape\n|-boost|p1a: Annihilape|atk|1\n|-boost|p1a: Annihilape|def|1\n|\n|upkeep\n|turn|2\n|inactive|don drapion has 30 seconds left.\n|\n|t:|1700325376\n|switch|p1b: Grimmsnarl|Grimmsnarl, L50, M, shiny|100\/100\n|switch|p2a: Kommo-o|Kommo-o, L50, M|100\/100\n|move|p2b: Grimmsnarl|Spirit Break|p1a: Annihilape\n|-supereffective|p1a: Annihilape\n|-damage|p1a: Annihilape|65\/100 par\n|-unboost|p1a: Annihilape|spa|1\n|-ability|p1a: Annihilape|Defiant|boost\n|-boost|p1a: Annihilape|atk|2\n|move|p1a: Annihilape|Bulk Up|p1a: Annihilape\n|-boost|p1a: Annihilape|atk|1\n|-boost|p1a: Annihilape|def|1\n|\n|-heal|p1a: Annihilape|71\/100 par|[from] item: Leftovers\n|upkeep\n|turn|3\n|inactive|don drapion has 30 seconds left.\n|inactive|don drapion has 20 seconds left.\n|\n|t:|1700325413\n|switch|p2b: Arcanine|Arcanine-Hisui, L50, F|100\/100\n|-ability|p2b: Arcanine|Intimidate|boost\n|-unboost|p1a: Annihilape|atk|1\n|-ability|p1a: Annihilape|Defiant|boost\n|-boost|p1a: Annihilape|atk|2\n|-unboost|p1b: Grimmsnarl|atk|1\n|move|p2a: Kommo-o|Protect|p2a: Kommo-o\n|-singleturn|p2a: Kommo-o|Protect\n|move|p1b: Grimmsnarl|Reflect|p1b: Grimmsnarl\n|-sidestart|p1: Moth die Motte|Reflect\n|cant|p1a: Annihilape|par\n|\n|-heal|p1a: Annihilape|77\/100 par|[from] item: Leftovers\n|upkeep\n|turn|4\n|\n|t:|1700325433\n|-terastallize|p2a: Kommo-o|Dragon\n|move|p2a: Kommo-o|Clanging Scales|p1b: Grimmsnarl|[spread] p1a\n|-immune|p1b: Grimmsnarl\n|-damage|p1a: Annihilape|25\/100 par\n|-unboost|p2a: Kommo-o|def|1\n|-damage|p2a: Kommo-o|90\/100|[from] item: Life Orb\n|move|p2b: Arcanine|Rock Slide|p1a: Annihilape|[spread] p1a,p1b\n|-resisted|p1a: Annihilape\n|-damage|p1a: Annihilape|20\/100 par\n|-damage|p1b: Grimmsnarl|80\/100\n|move|p1b: Grimmsnarl|Spirit Break|p2a: Kommo-o\n|-supereffective|p2a: Kommo-o\n|-crit|p2a: Kommo-o\n|-damage|p2a: Kommo-o|0 fnt\n|faint|p2a: Kommo-o\n|cant|p1a: Annihilape|par\n|\n|-heal|p1a: Annihilape|26\/100 par|[from] item: Leftovers\n|upkeep\n|inactive|don drapion has 30 seconds left.\n|inactive|don drapion has 20 seconds left.\n|inactive|don drapion has 15 seconds left.\n|\n|t:|1700325477\n|switch|p2a: Goodra|Goodra-Hisui, L50, F|100\/100\n|turn|5\n|\n|t:|1700325497\n|move|p1a: Annihilape|Protect|p1a: Annihilape\n|-singleturn|p1a: Annihilape|Protect\n|move|p1b: Grimmsnarl|Parting Shot|p2b: Arcanine\n|-fail|p2b: Arcanine|unboost|[from] item: Clear Amulet|[of] p2b: Arcanine\n|move|p2b: Arcanine|Rock Slide|p1a: Annihilape|[spread] p1b\n|-activate|p1a: Annihilape|move: Protect\n|-damage|p1b: Grimmsnarl|57\/100\n|move|p2a: Goodra|Draco Meteor|p1a: Annihilape\n|-activate|p1a: Annihilape|move: Protect\n|\n|-heal|p1a: Annihilape|33\/100 par|[from] item: Leftovers\n|upkeep\n|turn|6\n|inactive|don drapion has 30 seconds left.\n|inactive|don drapion has 20 seconds left.\n|inactive|don drapion has 15 seconds left.\n|\n|t:|1700325538\n|move|p1b: Grimmsnarl|Light Screen|p1b: Grimmsnarl\n|-sidestart|p1: Moth die Motte|move: Light Screen\n|move|p2b: Arcanine|Rock Slide|p1a: Annihilape|[spread] p1a,p1b\n|-resisted|p1a: Annihilape\n|-damage|p1a: Annihilape|28\/100 par\n|-damage|p1b: Grimmsnarl|33\/100\n|move|p2a: Goodra|Draco Meteor|p1a: Annihilape\n|-crit|p1a: Annihilape\n|-damage|p1a: Annihilape|0 fnt\n|-unboost|p2a: Goodra|spa|2\n|faint|p1a: Annihilape\n|\n|upkeep\n|\n|t:|1700325554\n|switch|p1a: Rillaboom|Rillaboom, L50, F|100\/100\n|-fieldstart|move: Grassy Terrain|[from] ability: Grassy Surge|[of] p1a: Rillaboom\n|turn|7\n|\n|t:|1700325568\n|switch|p2b: Grimmsnarl|Grimmsnarl, L50, M|100\/100\n|move|p1a: Rillaboom|Fake Out|p2b: Grimmsnarl\n|-damage|p2b: Grimmsnarl|83\/100\n|move|p1b: Grimmsnarl|Parting Shot|p2b: Grimmsnarl\n|-hint|Since gen 7, Dark is immune to Prankster moves.\n|-immune|p2b: Grimmsnarl\n|move|p2a: Goodra|Heavy Slam|p1b: Grimmsnarl\n|-supereffective|p1b: Grimmsnarl\n|-damage|p1b: Grimmsnarl|0 fnt\n|faint|p1b: Grimmsnarl\n|\n|-heal|p2b: Grimmsnarl|89\/100|[from] Grassy Terrain\n|upkeep\n|\n|t:|1700325580\n|switch|p1b: Gyarados|Gyarados, L50, F|56\/100\n|-ability|p1b: Gyarados|Intimidate|boost\n|-unboost|p2a: Goodra|atk|1\n|-unboost|p2b: Grimmsnarl|atk|1\n|turn|8\n|\n|t:|1700325594\n|-terastallize|p1a: Rillaboom|Grass\n|move|p2b: Grimmsnarl|Thunder Wave|p1b: Gyarados\n|-status|p1b: Gyarados|par\n|move|p1a: Rillaboom|Wood Hammer|p2b: Grimmsnarl\n|-damage|p2b: Grimmsnarl|0 fnt\n|faint|p2b: Grimmsnarl\n|-damage|p1a: Rillaboom|72\/100|[from] Recoil\n|move|p2a: Goodra|Heavy Slam|p1a: Rillaboom\n|-damage|p1a: Rillaboom|58\/100\n|move|p1b: Gyarados|Thunder Wave|p2a: Goodra\n|-status|p2a: Goodra|par\n|\n|-heal|p1a: Rillaboom|64\/100|[from] Grassy Terrain\n|upkeep\n|inactive|don drapion has 30 seconds left.\n|inactive|don drapion has 20 seconds left.\n|\n|t:|1700325633\n|switch|p2b: Arcanine|Arcanine-Hisui, L50, F|100\/100\n|-ability|p2b: Arcanine|Intimidate|boost\n|-fail|p1a: Rillaboom|unboost|[from] item: Clear Amulet|[of] p1a: Rillaboom\n|-unboost|p1b: Gyarados|atk|1\n|turn|9\n|\n|t:|1700325648\n|move|p1b: Gyarados|Helping Hand|p1a: Rillaboom\n|-singleturn|p1a: Rillaboom|Helping Hand|[of] p1b: Gyarados\n|move|p1a: Rillaboom|Grassy Glide|p2b: Arcanine\n|-damage|p2b: Arcanine|6\/100\n|move|p2b: Arcanine|Rock Slide|p1b: Gyarados|[spread] p1a\n|-miss|p2b: Arcanine|p1b: Gyarados\n|-damage|p1a: Rillaboom|45\/100\n|move|p2a: Goodra|Ice Beam|p1a: Rillaboom\n|-supereffective|p1a: Rillaboom\n|-damage|p1a: Rillaboom|26\/100\n|-status|p1a: Rillaboom|frz\n|\n|-heal|p2b: Arcanine|12\/100|[from] Grassy Terrain\n|-heal|p1a: Rillaboom|32\/100 frz|[from] Grassy Terrain\n|upkeep\n|turn|10\n|\n|t:|1700325668\n|-curestatus|p1a: Rillaboom|frz|[msg]\n|move|p1a: Rillaboom|Grassy Glide|p2b: Arcanine\n|-damage|p2b: Arcanine|0 fnt\n|faint|p2b: Arcanine\n|move|p1b: Gyarados|Waterfall|p2a: Goodra\n|-resisted|p2a: Goodra\n|-damage|p2a: Goodra|87\/100 par\n|cant|p2a: Goodra|par\n|\n|-heal|p1a: Rillaboom|38\/100|[from] Grassy Terrain\n|-heal|p2a: Goodra|93\/100 par|[from] Grassy Terrain\n|-sideend|p1: Moth die Motte|Reflect\n|upkeep\n|turn|11\n|\n|t:|1700325684\n|move|p1b: Gyarados|Helping Hand|p1a: Rillaboom\n|-singleturn|p1a: Rillaboom|Helping Hand|[of] p1b: Gyarados\n|move|p1a: Rillaboom|Wood Hammer|p2a: Goodra\n|-ability|p2a: Goodra|Sap Sipper|boost\n|-boost|p2a: Goodra|atk|1\n|move|p2a: Goodra|Ice Beam|p1a: Rillaboom\n|-supereffective|p1a: Rillaboom\n|-damage|p1a: Rillaboom|18\/100\n|\n|-heal|p1a: Rillaboom|24\/100|[from] Grassy Terrain\n|-heal|p2a: Goodra|99\/100 par|[from] Grassy Terrain\n|-fieldend|move: Grassy Terrain\n|upkeep\n|turn|12\n|\n|t:|1700325697\n|move|p1a: Rillaboom|Taunt|p2a: Goodra\n|-start|p2a: Goodra|move: Taunt\n|move|p1b: Gyarados|Waterfall|p2a: Goodra\n|-resisted|p2a: Goodra\n|-damage|p2a: Goodra|87\/100 par\n|move|p2a: Goodra|Heavy Slam|p1a: Rillaboom\n|-damage|p1a: Rillaboom|0 fnt\n|faint|p1a: Rillaboom\n|\n|upkeep\n|turn|13\n|\n|t:|1700325707\n|move|p1b: Gyarados|Waterfall|p2a: Goodra\n|-resisted|p2a: Goodra\n|-damage|p2a: Goodra|74\/100 par\n|cant|p2a: Goodra|par\n|\n|-sideend|p1: Moth die Motte|move: Light Screen\n|upkeep\n|turn|14\n|\n|t:|1700325715\n|move|p1b: Gyarados|Waterfall|p2a: Goodra\n|-resisted|p2a: Goodra\n|-damage|p2a: Goodra|63\/100 par\n|cant|p2a: Goodra|par\n|\n|-end|p2a: Goodra|move: Taunt\n|upkeep\n|turn|15\n|\n|t:|1700325724\n|move|p1b: Gyarados|Waterfall|p2a: Goodra\n|-resisted|p2a: Goodra\n|-damage|p2a: Goodra|51\/100 par\n|cant|p2a: Goodra|par\n|\n|upkeep\n|turn|16\n|\n|t:|1700325730\n|move|p1b: Gyarados|Waterfall|p2a: Goodra\n|-resisted|p2a: Goodra\n|-damage|p2a: Goodra|38\/100 par\n|move|p2a: Goodra|Draco Meteor|p1b: Gyarados\n|-damage|p1b: Gyarados|32\/100 par\n|-unboost|p2a: Goodra|spa|2\n|\n|upkeep\n|turn|17\n|\n|t:|1700325739\n|move|p1b: Gyarados|Waterfall|p2a: Goodra\n|-resisted|p2a: Goodra\n|-damage|p2a: Goodra|26\/100 par\n|move|p2a: Goodra|Draco Meteor|p1b: Gyarados\n|-damage|p1b: Gyarados|17\/100 par\n|-unboost|p2a: Goodra|spa|2\n|\n|upkeep\n|turn|18\n|\n|t:|1700325748\n|move|p1b: Gyarados|Waterfall|p2a: Goodra\n|-resisted|p2a: Goodra\n|-damage|p2a: Goodra|14\/100 par\n|move|p2a: Goodra|Draco Meteor|p1b: Gyarados|[miss]\n|-miss|p2a: Goodra|p1b: Gyarados\n|\n|upkeep\n|turn|19\n|\n|t:|1700325755\n|move|p1b: Gyarados|Waterfall|p2a: Goodra\n|-resisted|p2a: Goodra\n|-damage|p2a: Goodra|2\/100 par\n|move|p2a: Goodra|Draco Meteor|p1b: Gyarados\n|-damage|p1b: Gyarados|4\/100 par\n|\n|upkeep\n|turn|20\n|\n|t:|1700325764\n|move|p1b: Gyarados|Waterfall|p2a: Goodra\n|-resisted|p2a: Goodra\n|-damage|p2a: Goodra|0 fnt\n|faint|p2a: Goodra\n|\n|win|Moth die Motte\n|raw|Moth die Motte's rating: 1387 &rarr; <strong>1406<\/strong><br \/>(+19 for winning)\n|raw|don drapion's rating: 1363 &rarr; <strong>1344<\/strong><br \/>(-19 for losing)\n|l|\u2606don drapion\n","uploadtime":1700325774,"views":11,"p1id":"mothdiemotte","p2id":"dondrapion","formatid":"gen9vgc2023regulatione","rating":1344,"private":0,"password":""}