{"id":"gen9vgc2023regulatione-1990181995","p1":"Rexluser","p2":"polinii","format":"[Gen 9] VGC 2023 Regulation E","log":"|j|\u2606Rexluser\n|j|\u2606polinii\n|t:|1699933923\n|gametype|doubles\n|player|p1|Rexluser|265|1135\n|player|p2|polinii|102|1044\n|teamsize|p1|6\n|teamsize|p2|4\n|gen|9\n|tier|[Gen 9] VGC 2023 Regulation E\n|rated|\n|rule|Species Clause: Limit one of each Pok\u00e9mon\n|rule|Item Clause: Limit one of each item\n|clearpoke\n|poke|p1|Enamorus, L50, F|\n|poke|p1|Passimian, L50, M|\n|poke|p1|Dugtrio-Alola, L50, F|\n|poke|p1|Tornadus, L50, M|\n|poke|p1|Farigiraf, L50, F|\n|poke|p1|Rillaboom, L50, M|\n|poke|p2|Dondozo, L50, F|\n|poke|p2|Tatsugiri, L50, M|\n|poke|p2|Annihilape, L50, M|\n|poke|p2|Flamigo, L50, M|\n|teampreview|4\n|inactive|Battle timer is ON: inactive players will automatically lose when time's up. (requested by Rexluser)\n|\n|t:|1699933935\n|start\n|switch|p1a: Enamorus|Enamorus, L50, F|100\/100\n|switch|p1b: Passimian|Passimian, L50, M|100\/100\n|switch|p2a: Tatsugiri|Tatsugiri, L50, M|100\/100\n|switch|p2b: Annihilape|Annihilape, L50, M|100\/100\n|turn|1\n|\n|t:|1699933946\n|move|p1b: Passimian|Protect|p1b: Passimian\n|-singleturn|p1b: Passimian|Protect\n|move|p2a: Tatsugiri|Endure|p2a: Tatsugiri\n|-singleturn|p2a: Tatsugiri|move: Endure\n|move|p2b: Annihilape|Final Gambit|p2a: Tatsugiri\n|-activate|p2a: Tatsugiri|move: Endure\n|-damage|p2a: Tatsugiri|1\/100\n|faint|p2b: Annihilape\n|move|p1a: Enamorus|Misty Explosion|p2a: Tatsugiri|[spread] p2a\n|-activate|p1b: Passimian|move: Protect\n|-supereffective|p2a: Tatsugiri\n|-activate|p2a: Tatsugiri|move: Endure\n|-damage|p2a: Tatsugiri|1\/100\n|faint|p1a: Enamorus\n|-ability|p1b: Passimian|Contrary|[from] ability: Receiver|[of] p1a: Enamorus\n|\n|-status|p2a: Tatsugiri|tox|[from] item: Toxic Orb\n|upkeep\n|\n|t:|1699933965\n|switch|p2b: Dondozo|Dondozo, L50, F|100\/100\n|switch|p1a: Rillaboom|Rillaboom, L50, M|100\/100\n|-activate|p2a: Tatsugiri|ability: Commander|[of] p2b: Dondozo\n|-boost|p2b: Dondozo|atk|2\n|-boost|p2b: Dondozo|spa|2\n|-boost|p2b: Dondozo|spe|2\n|-boost|p2b: Dondozo|def|2\n|-boost|p2b: Dondozo|spd|2\n|-fieldstart|move: Grassy Terrain|[from] ability: Grassy Surge|[of] p1a: Rillaboom\n|turn|2\n|\n|t:|1699933973\n|move|p2b: Dondozo|Protect|p2b: Dondozo\n|-singleturn|p2b: Dondozo|Protect\n|move|p1a: Rillaboom|Fake Out|p2a: Tatsugiri|[miss]\n|-miss|p1a: Rillaboom|p2a: Tatsugiri\n|move|p1b: Passimian|Close Combat|p2b: Dondozo\n|-activate|p2b: Dondozo|move: Protect\n|\n|-heal|p2a: Tatsugiri|7\/100 tox|[from] Grassy Terrain\n|-damage|p2a: Tatsugiri|1\/100 tox|[from] psn\n|upkeep\n|turn|3\n|\n|t:|1699933991\n|move|p2b: Dondozo|Protect||[still]\n|-fail|p2b: Dondozo\n|move|p1b: Passimian|Close Combat|p2b: Dondozo\n|-damage|p2b: Dondozo|83\/100\n|-boost|p1b: Passimian|def|1\n|-boost|p1b: Passimian|spd|1\n|move|p1a: Rillaboom|Drum Beating|p2b: Dondozo\n|-supereffective|p2b: Dondozo\n|-damage|p2b: Dondozo|48\/100\n|-unboost|p2b: Dondozo|spe|1\n|\n|-heal|p2a: Tatsugiri|7\/100 tox|[from] Grassy Terrain\n|-heal|p2b: Dondozo|54\/100|[from] Grassy Terrain\n|-heal|p2b: Dondozo|60\/100|[from] item: Leftovers\n|-damage|p2a: Tatsugiri|0 fnt|[from] psn\n|faint|p2a: Tatsugiri\n|upkeep\n|\n|t:|1699933994\n|switch|p2a: Flamigo|Flamigo, L50, M|100\/100\n|-copyboost|p2a: Flamigo|p2b: Dondozo|[from] ability: Costar\n|turn|4\n|\n|t:|1699934014\n|move|p1b: Passimian|Protect|p1b: Passimian\n|-singleturn|p1b: Passimian|Protect\n|move|p2a: Flamigo|Close Combat|p1b: Passimian\n|-activate|p1b: Passimian|move: Protect\n|move|p1a: Rillaboom|Drum Beating|p2b: Dondozo\n|-supereffective|p2b: Dondozo\n|-crit|p2b: Dondozo\n|-damage|p2b: Dondozo|0 fnt\n|faint|p2b: Dondozo\n|\n|upkeep\n|turn|5\n|-message|polinii forfeited.\n|\n|win|Rexluser\n|raw|Rexluser's rating: 1135 &rarr; <strong>1154<\/strong><br \/>(+19 for winning)\n|raw|polinii's rating: 1044 &rarr; <strong>1032<\/strong><br \/>(-12 for losing)\n|l|\u2606polinii\n","uploadtime":1699934026,"views":9,"p1id":"rexluser","p2id":"polinii","formatid":"gen9vgc2023regulatione","rating":1032,"private":0,"password":""}