{"id":"gen9vgc2023regulatione-1996884989","p1":"KeylaVGC","p2":"arcane river","format":"[Gen 9] VGC 2023 Regulation E","log":"|j|\u2606KeylaVGC\n|j|\u2606arcane river\n|t:|1700740193\n|gametype|doubles\n|player|p1|KeylaVGC|cynthia-masters3|1437\n|player|p2|arcane river|265|1484\n|teamsize|p1|6\n|teamsize|p2|6\n|gen|9\n|tier|[Gen 9] VGC 2023 Regulation E\n|rated|\n|rule|Species Clause: Limit one of each Pok\u00e9mon\n|rule|Item Clause: Limit one of each item\n|clearpoke\n|poke|p1|Sneasler, L50, F|\n|poke|p1|Indeedee-F, L50, F|\n|poke|p1|Armarouge, L50, M|\n|poke|p1|Urshifu-*, L50, F|\n|poke|p1|Chien-Pao, L50|\n|poke|p1|Tornadus, L50, M|\n|poke|p2|Indeedee-F, L50, F|\n|poke|p2|Urshifu-*, L50, M|\n|poke|p2|Ursaluna-Bloodmoon, L50, M|\n|poke|p2|Tornadus, L50, M|\n|poke|p2|Armarouge, L50, F|\n|poke|p2|Flutter Mane, L50|\n|teampreview|4\n|\n|t:|1700740221\n|start\n|switch|p1a: Urshifu|Urshifu-Rapid-Strike, L50, F|100\/100\n|switch|p1b: Armarouge|Armarouge, L50, M|100\/100\n|switch|p2a: Tornadus|Tornadus, L50, M|100\/100\n|switch|p2b: Urshifu|Urshifu-Rapid-Strike, L50, M|100\/100\n|turn|1\n|inactive|Battle timer is ON: inactive players will automatically lose when time's up. (requested by KeylaVGC)\n|inactive|KeylaVGC has 60 seconds left.\n|inactive|arcane river has 60 seconds left.\n|\n|t:|1700740275\n|-terastallize|p1b: Armarouge|Grass\n|move|p1b: Armarouge|Endure|p1b: Armarouge\n|-singleturn|p1b: Armarouge|move: Endure\n|move|p1a: Urshifu|Surging Strikes|p2a: Tornadus\n|-crit|p2a: Tornadus\n|-damage|p2a: Tornadus|80\/100\n|-crit|p2a: Tornadus\n|-damage|p2a: Tornadus|57\/100\n|-crit|p2a: Tornadus\n|-damage|p2a: Tornadus|33\/100\n|-hitcount|p2a: Tornadus|3\n|move|p2a: Tornadus|Bleakwind Storm|p1a: Urshifu|[spread] p1a,p1b\n|-supereffective|p1a: Urshifu\n|-supereffective|p1b: Armarouge\n|-damage|p1a: Urshifu|9\/100\n|-damage|p1b: Armarouge|11\/100\n|move|p2b: Urshifu|Surging Strikes|p1b: Armarouge\n|-resisted|p1b: Armarouge\n|-crit|p1b: Armarouge\n|-activate|p1b: Armarouge|move: Endure\n|-damage|p1b: Armarouge|1\/100\n|-ability|p1b: Armarouge|Weak Armor|boost\n|-unboost|p1b: Armarouge|def|1\n|-boost|p1b: Armarouge|spe|2\n|-resisted|p1b: Armarouge\n|-crit|p1b: Armarouge\n|-activate|p1b: Armarouge|move: Endure\n|-damage|p1b: Armarouge|1\/100\n|-ability|p1b: Armarouge|Weak Armor|boost\n|-unboost|p1b: Armarouge|def|1\n|-boost|p1b: Armarouge|spe|2\n|-resisted|p1b: Armarouge\n|-crit|p1b: Armarouge\n|-activate|p1b: Armarouge|move: Endure\n|-damage|p1b: Armarouge|1\/100\n|-ability|p1b: Armarouge|Weak Armor|boost\n|-unboost|p1b: Armarouge|def|1\n|-boost|p1b: Armarouge|spe|2\n|-hitcount|p1b: Armarouge|3\n|\n|upkeep\n|turn|2\n|inactive|KeylaVGC has 30 seconds left.\n|inactive|arcane river has 30 seconds left.\n|inactive|arcane river has 20 seconds left.\n|\n|t:|1700740313\n|switch|p1a: Indeedee|Indeedee-F, L50, F|100\/100\n|-fieldstart|move: Psychic Terrain|[from] ability: Psychic Surge|[of] p1a: Indeedee\n|-terastallize|p2b: Urshifu|Water\n|move|p2a: Tornadus|Tailwind|p2a: Tornadus\n|-sidestart|p2: arcane river|move: Tailwind\n|move|p1b: Armarouge|Expanding Force|p2b: Urshifu|[spread] p2a,p2b\n|-damage|p2a: Tornadus|0 fnt\n|-damage|p2b: Urshifu|25\/100\n|faint|p2a: Tornadus\n|move|p2b: Urshifu|Surging Strikes|p1b: Armarouge\n|-resisted|p1b: Armarouge\n|-crit|p1b: Armarouge\n|-damage|p1b: Armarouge|0 fnt\n|faint|p1b: Armarouge\n|-hitcount|p1: Armarouge|1\n|\n|upkeep\n|inactive|arcane river has 30 seconds left.\n|\n|t:|1700740347\n|switch|p2a: Ursaluna|Ursaluna-Bloodmoon, L50, M|100\/100\n|switch|p1b: Sneasler|Sneasler, L50, F|100\/100\n|-enditem|p1b: Sneasler|Psychic Seed\n|-boost|p1b: Sneasler|spd|1|[from] item: Psychic Seed\n|turn|3\n|\n|t:|1700740366\n|move|p2b: Urshifu|Protect|p2b: Urshifu\n|-singleturn|p2b: Urshifu|Protect\n|move|p1a: Indeedee|Follow Me|p1a: Indeedee\n|-singleturn|p1a: Indeedee|move: Follow Me\n|move|p1b: Sneasler|Close Combat|p2a: Ursaluna\n|-supereffective|p2a: Ursaluna\n|-damage|p2a: Ursaluna|7\/100\n|-unboost|p1b: Sneasler|def|1\n|-unboost|p1b: Sneasler|spd|1\n|move|p2a: Ursaluna|Blood Moon|p1a: Indeedee\n|-damage|p1a: Indeedee|28\/100\n|\n|upkeep\n|turn|4\n|\n|t:|1700740390\n|move|p1a: Indeedee|Follow Me|p1a: Indeedee\n|-singleturn|p1a: Indeedee|move: Follow Me\n|move|p1b: Sneasler|Rock Slide|p2a: Ursaluna|[spread] p2a\n|-miss|p1b: Sneasler|p2b: Urshifu\n|-resisted|p2a: Ursaluna\n|-damage|p2a: Ursaluna|0 fnt\n|faint|p2a: Ursaluna\n|move|p2b: Urshifu|Surging Strikes|p1a: Indeedee\n|-crit|p1a: Indeedee\n|-damage|p1a: Indeedee|0 fnt\n|-damage|p2b: Urshifu|8\/100|[from] item: Rocky Helmet|[of] p1a: Indeedee\n|faint|p1a: Indeedee\n|-hitcount|p1: Indeedee|1\n|\n|upkeep\n|\n|t:|1700740402\n|switch|p1a: Urshifu|Urshifu-Rapid-Strike, L50, F|9\/100\n|switch|p2a: Flutter Mane|Flutter Mane, L50|100\/100\n|-enditem|p2a: Flutter Mane|Booster Energy\n|-activate|p2a: Flutter Mane|ability: Protosynthesis|[fromitem]\n|-start|p2a: Flutter Mane|protosynthesisspa\n|turn|5\n|\n|t:|1700740424\n|move|p1b: Sneasler|Rock Slide|p2a: Flutter Mane|[spread] p2a,p2b\n|-damage|p2a: Flutter Mane|75\/100\n|-damage|p2b: Urshifu|0 fnt\n|faint|p2b: Urshifu\n|move|p2a: Flutter Mane|Dazzling Gleam|p1b: Sneasler|[spread] p1a,p1b\n|-supereffective|p1a: Urshifu\n|-damage|p1a: Urshifu|0 fnt\n|-damage|p1b: Sneasler|49\/100\n|faint|p1a: Urshifu\n|\n|-sideend|p2: arcane river|move: Tailwind\n|upkeep\n|turn|6\n|\n|t:|1700740436\n|move|p1b: Sneasler|Dire Claw|p2a: Flutter Mane\n|-damage|p2a: Flutter Mane|11\/100\n|move|p2a: Flutter Mane|Moonblast|p1b: Sneasler\n|-damage|p1b: Sneasler|0 fnt\n|faint|p1b: Sneasler\n|\n|win|arcane river\n|raw|KeylaVGC's rating: 1437 &rarr; <strong>1420<\/strong><br \/>(-17 for losing)\n|raw|arcane river's rating: 1484 &rarr; <strong>1501<\/strong><br \/>(+17 for winning)\n|l|\u2606KeylaVGC\n","uploadtime":1700740449,"views":5,"p1id":"keylavgc","p2id":"arcaneriver","formatid":"gen9vgc2023regulatione","rating":1420,"private":0,"password":""}