{"id":"gen9vgc2023regulatione-1990674175","p1":"kricketot marx","p2":"magical pulse","format":"[Gen 9] VGC 2023 Regulation E","log":"|j|\u2606kricketot marx\n|j|\u2606magical pulse\n|t:|1699990709\n|gametype|doubles\n|player|p1|kricketot marx|lyra-masters2|1411\n|player|p2|magical pulse|pokemonranger-gen4|1457\n|teamsize|p1|6\n|teamsize|p2|6\n|gen|9\n|tier|[Gen 9] VGC 2023 Regulation E\n|rated|\n|rule|Species Clause: Limit one of each Pok\u00e9mon\n|rule|Item Clause: Limit one of each item\n|clearpoke\n|poke|p1|Chien-Pao, L50|\n|poke|p1|Dragonite, L50, F|\n|poke|p1|Rillaboom, L50, F|\n|poke|p1|Heatran, L50, M|\n|poke|p1|Urshifu-*, L50, F|\n|poke|p1|Farigiraf, L50, M|\n|poke|p2|Flutter Mane, L50|\n|poke|p2|Heatran, L50, M|\n|poke|p2|Iron Hands, L50|\n|poke|p2|Ogerpon-Cornerstone, L50, F|\n|poke|p2|Urshifu-*, L50, M|\n|poke|p2|Tornadus, L50, M|\n|teampreview|4\nkricketot marx has agreed to open team sheets.\n|inactive|Battle timer is ON: inactive players will automatically lose when time's up. (requested by magical pulse)\n|\n|t:|1699990779\n|start\n|switch|p1a: Urshifu|Urshifu-Rapid-Strike, L50, F|100\/100\n|switch|p1b: Farigiraf|Farigiraf, L50, M|100\/100\n|switch|p2a: Ogerpon|Ogerpon-Cornerstone, L50, F|100\/100\n|switch|p2b: Urshifu|Urshifu-Rapid-Strike, L50, M|100\/100\n|turn|1\n|inactive|magical pulse has 30 seconds left.\n|\n|t:|1699990813\n|move|p1a: Urshifu|U-turn|p2a: Ogerpon\n|-supereffective|p2a: Ogerpon\n|-damage|p2a: Ogerpon|32\/100\n|\n|t:|1699990816\n|switch|p1a: Dragonite|Dragonite, L50, F|100\/100|[from] U-turn\n|move|p2a: Ogerpon|Horn Leech|p1a: Dragonite\n|-resisted|p1a: Dragonite\n|-damage|p1a: Dragonite|88\/100\n|-heal|p2a: Ogerpon|40\/100|[from] drain|[of] p1a: Dragonite\n|move|p2b: Urshifu|Surging Strikes|p1b: Farigiraf\n|-crit|p1b: Farigiraf\n|-damage|p1b: Farigiraf|84\/100\n|-damage|p2b: Urshifu|84\/100|[from] item: Rocky Helmet|[of] p1b: Farigiraf\n|-crit|p1b: Farigiraf\n|-damage|p1b: Farigiraf|68\/100\n|-damage|p2b: Urshifu|67\/100|[from] item: Rocky Helmet|[of] p1b: Farigiraf\n|-crit|p1b: Farigiraf\n|-damage|p1b: Farigiraf|53\/100\n|-damage|p2b: Urshifu|51\/100|[from] item: Rocky Helmet|[of] p1b: Farigiraf\n|-hitcount|p1b: Farigiraf|3\n|move|p1b: Farigiraf|Trick Room|p1b: Farigiraf\n|-fieldstart|move: Trick Room|[of] p1b: Farigiraf\n|\n|upkeep\n|turn|2\n|\n|t:|1699990841\n|switch|p2b: Heatran|Heatran, L50, M|100\/100\n|move|p2a: Ogerpon|Spiky Shield|p2a: Ogerpon\n|-singleturn|p2a: Ogerpon|move: Protect\n|move|p1b: Farigiraf|Psychic|p2b: Heatran\n|-resisted|p2b: Heatran\n|-damage|p2b: Heatran|87\/100\n|move|p1a: Dragonite|Stomping Tantrum|p2a: Ogerpon\n|-activate|p2a: Ogerpon|move: Protect\n|-damage|p1a: Dragonite|75\/100|[from] Spiky Shield|[of] p2a: Ogerpon\n|\n|-heal|p2b: Heatran|93\/100|[from] item: Leftovers\n|upkeep\n|turn|3\n|\n|t:|1699990865\n|-terastallize|p2b: Heatran|Bug\n|move|p1b: Farigiraf|Psychic|p2a: Ogerpon\n|-damage|p2a: Ogerpon|1\/100\n|move|p2b: Heatran|Flash Cannon|p1a: Dragonite\n|-damage|p1a: Dragonite|26\/100\n|move|p1a: Dragonite|Stomping Tantrum|p2b: Heatran\n|-resisted|p2b: Heatran\n|-damage|p2b: Heatran|72\/100\n|move|p2a: Ogerpon|Ivy Cudgel|p1b: Farigiraf|[anim] Ivy Cudgel Rock\n|-damage|p1b: Farigiraf|7\/100\n|\n|-heal|p2b: Heatran|78\/100|[from] item: Leftovers\n|upkeep\n|turn|4\n|\n|t:|1699990884\n|switch|p1a: Heatran|Heatran, L50, M|100\/100\n|move|p2a: Ogerpon|Spiky Shield|p2a: Ogerpon\n|-singleturn|p2a: Ogerpon|move: Protect\n|move|p1b: Farigiraf|Dazzling Gleam|p2b: Heatran|[spread] p2b\n|-activate|p2a: Ogerpon|move: Protect\n|-damage|p2b: Heatran|66\/100\n|move|p2b: Heatran|Heat Wave|p1a: Heatran|[spread] p1b\n|-start|p1a: Heatran|ability: Flash Fire\n|-damage|p1b: Farigiraf|0 fnt\n|faint|p1b: Farigiraf\n|\n|-heal|p2b: Heatran|72\/100|[from] item: Leftovers\n|upkeep\n|\n|t:|1699990896\n|switch|p1b: Dragonite|Dragonite, L50, F|26\/100\n|turn|5\n|\n|t:|1699990913\n|switch|p2b: Flutter Mane|Flutter Mane, L50|100\/100\n|-enditem|p2b: Flutter Mane|Booster Energy\n|-activate|p2b: Flutter Mane|ability: Protosynthesis|[fromitem]\n|-start|p2b: Flutter Mane|protosynthesisspa\n|move|p1b: Dragonite|Extreme Speed|p2b: Flutter Mane\n|-immune|p2b: Flutter Mane\n|move|p1a: Heatran|Flash Cannon|p2b: Flutter Mane\n|-supereffective|p2b: Flutter Mane\n|-damage|p2b: Flutter Mane|15\/100\n|-unboost|p2b: Flutter Mane|spd|1\n|move|p2a: Ogerpon|Ivy Cudgel|p1b: Dragonite|[anim] Ivy Cudgel Rock\n|-supereffective|p1b: Dragonite\n|-damage|p1b: Dragonite|0 fnt\n|faint|p1b: Dragonite\n|\n|-fieldend|move: Trick Room\n|upkeep\n|\n|t:|1699990925\n|switch|p1b: Urshifu|Urshifu-Rapid-Strike, L50, F|100\/100\n|turn|6\n|inactive|kricketot marx has 30 seconds left.\n|inactive|magical pulse has 30 seconds left.\n|inactive|kricketot marx has 20 seconds left.\n|inactive|kricketot marx has 15 seconds left.\n|inactive|kricketot marx has 10 seconds left.\n|\n|t:|1699990974\n|move|p1b: Urshifu|Surging Strikes|p2b: Flutter Mane\n|-crit|p2b: Flutter Mane\n|-damage|p2b: Flutter Mane|0 fnt\n|faint|p2b: Flutter Mane\n|-end|p2b: Flutter Mane|Protosynthesis|[silent]\n|-hitcount|p2: Flutter Mane|1\n|move|p2a: Ogerpon|Horn Leech|p1b: Urshifu\n|-supereffective|p1b: Urshifu\n|-damage|p1b: Urshifu|11\/100\n|-heal|p2a: Ogerpon|53\/100|[from] drain|[of] p1b: Urshifu\n|move|p1a: Heatran|Flash Cannon|p2a: Ogerpon\n|-supereffective|p2a: Ogerpon\n|-damage|p2a: Ogerpon|0 fnt\n|faint|p2a: Ogerpon\n|\n|upkeep\n|\n|t:|1699990981\n|switch|p2b: Heatran|Heatran, L50, M, tera:Bug|72\/100\n|switch|p2a: Urshifu|Urshifu-Rapid-Strike, L50, M|51\/100\n|turn|7\n|\n|t:|1699990996\n|-terastallize|p1a: Heatran|Fairy\n|move|p1b: Urshifu|Surging Strikes|p2b: Heatran\n|-crit|p2b: Heatran\n|-damage|p2b: Heatran|53\/100\n|-crit|p2b: Heatran\n|-damage|p2b: Heatran|36\/100\n|-crit|p2b: Heatran\n|-damage|p2b: Heatran|17\/100\n|-hitcount|p2b: Heatran|3\n|move|p2a: Urshifu|Surging Strikes|p1a: Heatran\n|-crit|p1a: Heatran\n|-damage|p1a: Heatran|82\/100\n|-crit|p1a: Heatran\n|-damage|p1a: Heatran|65\/100\n|-crit|p1a: Heatran\n|-damage|p1a: Heatran|45\/100\n|-hitcount|p1a: Heatran|3\n|move|p1a: Heatran|Tera Blast|p2a: Urshifu|[anim] Tera Blast Fairy\n|-supereffective|p2a: Urshifu\n|-damage|p2a: Urshifu|0 fnt\n|faint|p2a: Urshifu\n|move|p2b: Heatran|Earth Power|p1b: Urshifu\n|-damage|p1b: Urshifu|0 fnt\n|faint|p1b: Urshifu\n|\n|-heal|p2b: Heatran|23\/100|[from] item: Leftovers\n|upkeep\n|turn|8\n|\n|t:|1699991021\n|move|p2b: Heatran|Protect|p2b: Heatran\n|-singleturn|p2b: Heatran|Protect\n|move|p1a: Heatran|Flash Cannon|p2b: Heatran\n|-activate|p2b: Heatran|move: Protect\n|\n|-heal|p2b: Heatran|29\/100|[from] item: Leftovers\n|upkeep\n|turn|9\n|\n|t:|1699991027\n|move|p1a: Heatran|Flash Cannon|p2b: Heatran\n|-damage|p2b: Heatran|0 fnt\n|faint|p2b: Heatran\n|\n|win|kricketot marx\n|raw|kricketot marx's rating: 1411 &rarr; <strong>1434<\/strong><br \/>(+23 for winning)\n|raw|magical pulse's rating: 1457 &rarr; <strong>1434<\/strong><br \/>(-23 for losing)\n|l|\u2606magical pulse\n","uploadtime":1699991033,"views":11,"p1id":"kricketotmarx","p2id":"magicalpulse","formatid":"gen9vgc2023regulatione","rating":1434,"private":0,"password":""}