{"id":"gen9vgc2023regulatione-1992446184","p1":"Shneakster","p2":"RaimuBeat","format":"[Gen 9] VGC 2023 Regulation E","log":"|j|\u2606Shneakster\n|j|\u2606RaimuBeat\n|t:|1700188563\n|gametype|doubles\n|player|p1|Shneakster|bianca|1188\n|player|p2|RaimuBeat|caitlin|1175\n|teamsize|p1|6\n|teamsize|p2|6\n|gen|9\n|tier|[Gen 9] VGC 2023 Regulation E\n|rated|\n|rule|Species Clause: Limit one of each Pok\u00e9mon\n|rule|Item Clause: Limit one of each item\n|clearpoke\n|poke|p1|Dusclops, L50, M|\n|poke|p1|Rillaboom, L50, M|\n|poke|p1|Hariyama, L50, M|\n|poke|p1|Ursaluna-Bloodmoon, L50, M|\n|poke|p1|Iron Hands, L50|\n|poke|p1|Zapdos, L50|\n|poke|p2|Sylveon, L50, M|\n|poke|p2|Kommo-o, L50, F|\n|poke|p2|Clefairy, L50, M|\n|poke|p2|Rillaboom, L50, M|\n|poke|p2|Gholdengo, L50|\n|poke|p2|Urshifu-*, L50, M|\n|teampreview|4\n|inactive|Battle timer is ON: inactive players will automatically lose when time's up. (requested by Shneakster)\nRaimuBeat has agreed to open team sheets.\n|\n|t:|1700188583\n|start\n|switch|p1a: CLOPS|Dusclops, L50, M, shiny|100\/100\n|switch|p1b: Sumo Hands|Hariyama, L50, M, shiny|100\/100\n|switch|p2a: Kommo-o|Kommo-o, L50, F|100\/100\n|switch|p2b: Clefairy|Clefairy, L50, M|100\/100\n|-item|p2a: Kommo-o|Throat Spray|[from] ability: Frisk|[of] p1a: CLOPS|[identify]\n|-item|p2b: Clefairy|Eviolite|[from] ability: Frisk|[of] p1a: CLOPS|[identify]\n|turn|1\n|inactive|Shneakster has 30 seconds left.\n|inactive|RaimuBeat has 30 seconds left.\n|\n|t:|1700188609\n|-terastallize|p1b: Sumo Hands|Steel\n|move|p2b: Clefairy|Helping Hand|p2a: Kommo-o\n|-singleturn|p2a: Kommo-o|Helping Hand|[of] p2b: Clefairy\n|move|p1b: Sumo Hands|Fake Out|p2a: Kommo-o\n|-damage|p2a: Kommo-o|90\/100\n|cant|p2a: Kommo-o|flinch\n|move|p1a: CLOPS|Trick Room|p1a: CLOPS\n|-fieldstart|move: Trick Room|[of] p1a: CLOPS\n|\n|-status|p1b: Sumo Hands|brn|[from] item: Flame Orb\n|upkeep\n|turn|2\n|\n|t:|1700188625\n|switch|p2a: Sylveon|Sylveon, L50, M|100\/100\n|move|p2b: Clefairy|Follow Me|p2b: Clefairy\n|-singleturn|p2b: Clefairy|move: Follow Me\n|move|p1a: CLOPS|Will-O-Wisp|p2b: Clefairy\n|-status|p2b: Clefairy|brn\n|move|p1b: Sumo Hands|Knock Off|p2b: Clefairy\n|-resisted|p2b: Clefairy\n|-damage|p2b: Clefairy|69\/100 brn\n|-enditem|p2b: Clefairy|Eviolite|[from] move: Knock Off|[of] p1b: Sumo Hands\n|\n|-damage|p2b: Clefairy|63\/100 brn|[from] brn\n|-damage|p1b: Sumo Hands|94\/100 brn|[from] brn\n|upkeep\n|turn|3\n|\n|t:|1700188644\n|-terastallize|p2a: Sylveon|Fire\n|move|p2b: Clefairy|Helping Hand|p2a: Sylveon\n|-singleturn|p2a: Sylveon|Helping Hand|[of] p2b: Clefairy\n|move|p1b: Sumo Hands|Bullet Punch|p2a: Sylveon\n|-resisted|p2a: Sylveon\n|-damage|p2a: Sylveon|85\/100\n|move|p1a: CLOPS|Night Shade|p2a: Sylveon\n|-damage|p2a: Sylveon|60\/100\n|move|p2a: Sylveon|Hyper Voice|p1a: CLOPS|[spread] p1a,p1b\n|-resisted|p1b: Sumo Hands\n|-damage|p1a: CLOPS|47\/100\n|-damage|p1b: Sumo Hands|47\/100 brn\n|\n|-damage|p1b: Sumo Hands|41\/100 brn|[from] brn\n|-damage|p2b: Clefairy|56\/100 brn|[from] brn\n|upkeep\n|turn|4\n|\n|t:|1700188666\n|move|p1a: CLOPS|Night Shade|p2a: Sylveon\n|-damage|p2a: Sylveon|36\/100\n|move|p2b: Clefairy|Heal Pulse|p2a: Sylveon\n|-heal|p2a: Sylveon|86\/100\n|move|p1b: Sumo Hands|Drain Punch|p2a: Sylveon\n|-damage|p2a: Sylveon|32\/100\n|-heal|p1b: Sumo Hands|65\/100 brn|[from] drain|[of] p2a: Sylveon\n|move|p2a: Sylveon|Hyper Voice|p1a: CLOPS|[spread] p1a,p1b\n|-resisted|p1b: Sumo Hands\n|-damage|p1a: CLOPS|12\/100\n|-damage|p1b: Sumo Hands|34\/100 brn\n|\n|-damage|p1b: Sumo Hands|28\/100 brn|[from] brn\n|-damage|p2b: Clefairy|50\/100 brn|[from] brn\n|upkeep\n|turn|5\n|\n|t:|1700188687\n|move|p2b: Clefairy|Follow Me|p2b: Clefairy\n|-singleturn|p2b: Clefairy|move: Follow Me\n|move|p1b: Sumo Hands|Bullet Punch|p2b: Clefairy\n|-supereffective|p2b: Clefairy\n|-damage|p2b: Clefairy|0 fnt\n|faint|p2b: Clefairy\n|move|p1a: CLOPS|Night Shade|p2a: Sylveon\n|-damage|p2a: Sylveon|7\/100\n|move|p2a: Sylveon|Hyper Voice|p1a: CLOPS|[spread] p1a,p1b\n|-resisted|p1b: Sumo Hands\n|-damage|p1a: CLOPS|0 fnt\n|-damage|p1b: Sumo Hands|0 fnt\n|faint|p1a: CLOPS\n|faint|p1b: Sumo Hands\n|\n|-fieldend|move: Trick Room\n|upkeep\n|\n|t:|1700188702\n|switch|p2b: Kommo-o|Kommo-o, L50, F|90\/100\n|switch|p1b: \ud83c\udd71\ufe0fUrsaluna|Ursaluna-Bloodmoon, L50, M|100\/100\n|switch|p1a: Zapdos|Zapdos, L50|100\/100\n|turn|6\n|\n|t:|1700188717\n|switch|p2a: Rillaboom|Rillaboom, L50, M|100\/100\n|-fieldstart|move: Grassy Terrain|[from] ability: Grassy Surge|[of] p2a: Rillaboom\n|move|p1a: Zapdos|Discharge|p2b: Kommo-o|[spread] p2a,p2b\n|-immune|p1b: \ud83c\udd71\ufe0fUrsaluna\n|-resisted|p2a: Rillaboom\n|-resisted|p2b: Kommo-o\n|-damage|p2a: Rillaboom|89\/100\n|-damage|p2b: Kommo-o|71\/100\n|-status|p2b: Kommo-o|par\n|move|p2b: Kommo-o|Clangorous Soul|p2b: Kommo-o\n|-boost|p2b: Kommo-o|atk|1\n|-boost|p2b: Kommo-o|def|1\n|-boost|p2b: Kommo-o|spa|1\n|-boost|p2b: Kommo-o|spd|1\n|-boost|p2b: Kommo-o|spe|1\n|-damage|p2b: Kommo-o|38\/100 par\n|-enditem|p2b: Kommo-o|Throat Spray\n|-boost|p2b: Kommo-o|spa|1|[from] item: Throat Spray\n|move|p1b: \ud83c\udd71\ufe0fUrsaluna|Blood Moon|p2b: Kommo-o\n|-damage|p2b: Kommo-o|0 fnt\n|faint|p2b: Kommo-o\n|\n|-heal|p2a: Rillaboom|95\/100|[from] Grassy Terrain\n|upkeep\n|\n|t:|1700188738\n|switch|p2b: Sylveon|Sylveon, L50, M, tera:Fire|7\/100\n|turn|7\n|\n|t:|1700188748\n|move|p2a: Rillaboom|Fake Out|p1a: Zapdos\n|-damage|p1a: Zapdos|86\/100\n|-enditem|p1a: Zapdos|Kee Berry|[eat]\n|-boost|p1a: Zapdos|def|1|[from] item: Kee Berry\n|cant|p1a: Zapdos|flinch\n|move|p2b: Sylveon|Hyper Voice|p1b: \ud83c\udd71\ufe0fUrsaluna|[spread] p1a,p1b\n|-damage|p1a: Zapdos|12\/100\n|-damage|p1b: \ud83c\udd71\ufe0fUrsaluna|41\/100\n|move|p1b: \ud83c\udd71\ufe0fUrsaluna|Hyper Voice|p2b: Sylveon|[spread] p2a,p2b\n|-damage|p2a: Rillaboom|65\/100\n|-damage|p2b: Sylveon|0 fnt\n|faint|p2b: Sylveon\n|-enditem|p1b: \ud83c\udd71\ufe0fUrsaluna|Throat Spray\n|-boost|p1b: \ud83c\udd71\ufe0fUrsaluna|spa|1|[from] item: Throat Spray\n|\n|-heal|p2a: Rillaboom|71\/100|[from] Grassy Terrain\n|-heal|p1b: \ud83c\udd71\ufe0fUrsaluna|47\/100|[from] Grassy Terrain\n|upkeep\n|turn|8\n|\n|t:|1700188770\n|move|p2a: Rillaboom|Grassy Glide|p1b: \ud83c\udd71\ufe0fUrsaluna\n|-supereffective|p1b: \ud83c\udd71\ufe0fUrsaluna\n|-crit|p1b: \ud83c\udd71\ufe0fUrsaluna\n|-damage|p1b: \ud83c\udd71\ufe0fUrsaluna|0 fnt\n|faint|p1b: \ud83c\udd71\ufe0fUrsaluna\n|move|p1a: Zapdos|Roost|p1a: Zapdos\n|-heal|p1a: Zapdos|62\/100\n|-singleturn|p1a: Zapdos|move: Roost\n|\n|-heal|p1a: Zapdos|68\/100|[from] Grassy Terrain\n|-heal|p2a: Rillaboom|77\/100|[from] Grassy Terrain\n|upkeep\n|turn|9\n|\n|t:|1700188785\n|move|p2a: Rillaboom|Grassy Glide|p1a: Zapdos\n|-resisted|p1a: Zapdos\n|-damage|p1a: Zapdos|53\/100\n|move|p1a: Zapdos|Acrobatics|p2a: Rillaboom\n|-supereffective|p2a: Rillaboom\n|-damage|p2a: Rillaboom|13\/100\n|\n|-heal|p2a: Rillaboom|19\/100|[from] Grassy Terrain\n|upkeep\n|turn|10\n|\n|t:|1700188795\n|move|p2a: Rillaboom|Grassy Glide|p1a: Zapdos\n|-resisted|p1a: Zapdos\n|-damage|p1a: Zapdos|39\/100\n|move|p1a: Zapdos|Acrobatics|p2a: Rillaboom\n|-supereffective|p2a: Rillaboom\n|-damage|p2a: Rillaboom|0 fnt\n|faint|p2a: Rillaboom\n|\n|win|Shneakster\n|raw|Shneakster's rating: 1188 &rarr; <strong>1212<\/strong><br \/>(+24 for winning)\n|raw|RaimuBeat's rating: 1175 &rarr; <strong>1151<\/strong><br \/>(-24 for losing)\n","uploadtime":1700188806,"views":17,"p1id":"shneakster","p2id":"raimubeat","formatid":"gen9vgc2023regulatione","rating":1151,"private":0,"password":""}