{"id":"gen9vgc2023regulatione-1988768788","p1":"LiluziHit","p2":"OMGPACHIMARI","format":"[Gen 9] VGC 2023 Regulation E","log":"|j|\u2606LiluziHit\n|j|\u2606OMGPACHIMARI\n|n|\u2606LiluziHit|liluzihit\n|n|\u2606OMGPACHIMARI|omgpachimari\n|html|View the match progress at <a href=\"\/game-bestof3-gen9vgc2023regulatione-1988764227\">game-bestof3-gen9vgc2023regulatione-1988764227<\/a>\n|t:|1699760693\n|gametype|doubles\n|player|p1|LiluziHit|blue|\n|player|p2|OMGPACHIMARI|norman|\n|teamsize|p1|6\n|teamsize|p2|6\n|gen|9\n|tier|[Gen 9] VGC 2023 Regulation E\n|rule|Species Clause: Limit one of each Pok\u00e9mon\n|rule|Item Clause: Limit one of each item\n|clearpoke\n|poke|p1|Kingambit, L50, F|\n|poke|p1|Landorus-Therian, L50, M|\n|poke|p1|Ursaluna-Bloodmoon, L50, M|\n|poke|p1|Dusknoir, L50, F|\n|poke|p1|Munkidori, L50, M|\n|poke|p1|Bruxish, L50, M|\n|poke|p2|Dragonite, L50, M|\n|poke|p2|Bombirdier, L50, M|\n|poke|p2|Volcarona, L50, F|\n|poke|p2|Tsareena, L50, F|\n|poke|p2|Grumpig, L50, F|\n|poke|p2|Primeape, L50, F|\n|teampreview|4\n|inactive|Battle timer is ON: inactive players will automatically lose when time's up. (requested by OMGPACHIMARI)\n|inactiveoff|Battle timer is now OFF.\n|j| Tuxmux\nOMGPACHIMARI rejected open team sheets.\n|\n|t:|1699760767\n|start\n|switch|p1a: Dusknoir|Dusknoir, L50, F|100\/100\n|switch|p1b: Munkidori|Munkidori, L50, M|100\/100\n|switch|p2a: Dragonite|Dragonite, L50, M|100\/100\n|switch|p2b: Bombirdier|Bombirdier, L50, M|100\/100\n|-item|p2a: Dragonite|Soft Sand|[from] ability: Frisk|[of] p1a: Dusknoir|[identify]\n|-item|p2b: Bombirdier|Mental Herb|[from] ability: Frisk|[of] p1a: Dusknoir|[identify]\n|turn|1\n|\n|t:|1699760800\n|move|p1b: Munkidori|Fake Out|p2b: Bombirdier\n|-damage|p2b: Bombirdier|92\/100\n|cant|p2b: Bombirdier|flinch\n|move|p2a: Dragonite|Rock Slide|p1b: Munkidori|[spread] p1a,p1b\n|-crit|p1a: Dusknoir\n|-damage|p1a: Dusknoir|74\/100\n|-damage|p1b: Munkidori|74\/100\n|move|p1a: Dusknoir|Trick Room|p1a: Dusknoir\n|-fieldstart|move: Trick Room|[of] p1a: Dusknoir\n|\n|upkeep\n|turn|2\n|j| Wotan888\n|\n|t:|1699760817\n|move|p1a: Dusknoir|Will-O-Wisp|p2a: Dragonite\n|-status|p2a: Dragonite|brn\n|move|p2a: Dragonite|Earthquake|p1b: Munkidori|[spread] p1a,p1b\n|-immune|p2b: Bombirdier\n|-supereffective|p1b: Munkidori\n|-damage|p1a: Dusknoir|62\/100\n|-damage|p1b: Munkidori|30\/100\n|move|p2b: Bombirdier|Parting Shot|p1b: Munkidori\n|-unboost|p1b: Munkidori|atk|1\n|-unboost|p1b: Munkidori|spa|1\n|\n|t:|1699760826\n|switch|p2b: Primeape|Primeape, L50, F|100\/100|[from] Parting Shot\n|move|p1b: Munkidori|Parting Shot|p2b: Primeape\n|-unboost|p2b: Primeape|atk|1\n|-ability|p2b: Primeape|Defiant|boost\n|-boost|p2b: Primeape|atk|2\n|-unboost|p2b: Primeape|spa|1\n|-ability|p2b: Primeape|Defiant|boost\n|-boost|p2b: Primeape|atk|2\n|\n|t:|1699760833\n|switch|p1b: Ursaluna|Ursaluna-Bloodmoon, L50, M|100\/100|[from] Parting Shot\n|\n|-damage|p2a: Dragonite|95\/100 brn|[from] brn\n|upkeep\n|turn|3\n|\n|t:|1699760863\n|switch|p2a: Bombirdier|Bombirdier, L50, M|92\/100\n|-terastallize|p2b: Primeape|Steel\n|move|p1b: Ursaluna|Protect|p1b: Ursaluna\n|-singleturn|p1b: Ursaluna|Protect\n|move|p1a: Dusknoir|Will-O-Wisp|p2b: Primeape\n|-status|p2b: Primeape|brn\n|move|p2b: Primeape|Drain Punch|p1b: Ursaluna\n|-activate|p1b: Ursaluna|move: Protect\n|\n|-damage|p2b: Primeape|95\/100 brn|[from] brn\n|upkeep\n|turn|4\n|\n|t:|1699760878\n|-terastallize|p1b: Ursaluna|Normal\n|move|p2b: Primeape|Protect|p2b: Primeape\n|-singleturn|p2b: Primeape|Protect\n|move|p1a: Dusknoir|Brick Break|p1b: Ursaluna\n|-supereffective|p1b: Ursaluna\n|-damage|p1b: Ursaluna|75\/100\n|-enditem|p1b: Ursaluna|Weakness Policy\n|-boost|p1b: Ursaluna|atk|2|[from] item: Weakness Policy\n|-boost|p1b: Ursaluna|spa|2|[from] item: Weakness Policy\n|move|p1b: Ursaluna|Hyper Voice|p2a: Bombirdier|[spread] p2a\n|-activate|p2b: Primeape|move: Protect\n|-crit|p2a: Bombirdier\n|-damage|p2a: Bombirdier|0 fnt\n|faint|p2a: Bombirdier\n|\n|-damage|p2b: Primeape|89\/100 brn|[from] brn\n|upkeep\n|j| Squirly\n|\n|t:|1699760892\n|switch|p2a: Grumpig|Grumpig, L50, F|100\/100\n|turn|5\n|\n|t:|1699760903\n|move|p1a: Dusknoir|Helping Hand|p1b: Ursaluna\n|-singleturn|p1b: Ursaluna|Helping Hand|[of] p1a: Dusknoir\n|move|p1b: Ursaluna|Hyper Voice|p2a: Grumpig|[spread] p2a,p2b\n|-resisted|p2b: Primeape\n|-damage|p2a: Grumpig|0 fnt\n|-damage|p2b: Primeape|27\/100 brn\n|faint|p2a: Grumpig\n|move|p2b: Primeape|Drain Punch|p1b: Ursaluna\n|-supereffective|p1b: Ursaluna\n|-damage|p1b: Ursaluna|19\/100\n|-heal|p2b: Primeape|64\/100 brn|[from] drain|[of] p1b: Ursaluna\n|\n|-damage|p2b: Primeape|58\/100 brn|[from] brn\n|-fieldend|move: Trick Room\n|upkeep\n|\n|t:|1699760915\n|switch|p2a: Dragonite|Dragonite, L50, M|95\/100 brn\n|turn|6\n|\n|t:|1699760930\n|move|p1b: Ursaluna|Protect|p1b: Ursaluna\n|-singleturn|p1b: Ursaluna|Protect\n|move|p2a: Dragonite|Rock Slide|p1a: Dusknoir|[spread] p1a\n|-activate|p1b: Ursaluna|move: Protect\n|-damage|p1a: Dusknoir|54\/100\n|move|p2b: Primeape|Rage Fist|p1a: Dusknoir\n|-supereffective|p1a: Dusknoir\n|-damage|p1a: Dusknoir|0 fnt\n|faint|p1a: Dusknoir\n|\n|-damage|p2a: Dragonite|89\/100 brn|[from] brn\n|-damage|p2b: Primeape|53\/100 brn|[from] brn\n|upkeep\n|\n|t:|1699760942\n|switch|p1a: Munkidori|Munkidori, L50, M|30\/100\n|turn|7\n|\n|t:|1699760964\n|move|p2a: Dragonite|Extreme Speed|p1b: Ursaluna\n|-damage|p1b: Ursaluna|10\/100\n|move|p1a: Munkidori|Parting Shot|p2a: Dragonite\n|-unboost|p2a: Dragonite|atk|1\n|-unboost|p2a: Dragonite|spa|1\n|\n|t:|1699760974\n|switch|p1a: Landorus|Landorus-Therian, L50, M|100\/100|[from] Parting Shot\n|-ability|p1a: Landorus|Intimidate|boost\n|-unboost|p2a: Dragonite|atk|1\n|-unboost|p2b: Primeape|atk|1\n|-ability|p2b: Primeape|Defiant|boost\n|-boost|p2b: Primeape|atk|2\n|move|p2b: Primeape|Drain Punch|p1b: Ursaluna\n|-supereffective|p1b: Ursaluna\n|-damage|p1b: Ursaluna|0 fnt\n|-heal|p2b: Primeape|59\/100 brn|[from] drain|[of] p1b: Ursaluna\n|faint|p1b: Ursaluna\n|\n|-damage|p2a: Dragonite|83\/100 brn|[from] brn\n|-damage|p2b: Primeape|53\/100 brn|[from] brn\n|upkeep\n|\n|t:|1699760981\n|switch|p1b: Munkidori|Munkidori, L50, M|30\/100\n|turn|8\n|\n|t:|1699761001\n|move|p1b: Munkidori|Fake Out|p2b: Primeape\n|-resisted|p2b: Primeape\n|-damage|p2b: Primeape|50\/100 brn\n|move|p2a: Dragonite|Rock Slide|p1b: Munkidori|[spread] p1a,p1b\n|-damage|p1a: Landorus|95\/100\n|-damage|p1b: Munkidori|24\/100\n|move|p1a: Landorus|Rock Slide|p2a: Dragonite|[spread] p2a,p2b\n|-supereffective|p2a: Dragonite\n|-resisted|p2b: Primeape\n|-damage|p2a: Dragonite|35\/100 brn\n|-damage|p2b: Primeape|39\/100 brn\n|cant|p2b: Primeape|flinch\n|\n|-damage|p2a: Dragonite|29\/100 brn|[from] brn\n|-damage|p2b: Primeape|33\/100 brn|[from] brn\n|upkeep\n|turn|9\n|j| fatw\n|c|\u2606LiluziHit|i sweat to jesus\n|c|\u2606LiluziHit|if I lose this game off of some flinches\n|c|\u2606OMGPACHIMARI|my poor heart dude\n|c|\u2606OMGPACHIMARI|yeah those 60% flinches from before\n|c|\u2606OMGPACHIMARI|are rough af\n|c| Tuxmux|bold thing to say after u just flinched matt\n|c|\u2606LiluziHit|fake out buddy\n|c|\u2606OMGPACHIMARI|wait how is that bold\n|c|\u2606OMGPACHIMARI|ye was le fake out\n|c| Tuxmux|no.\n|c| Tuxmux|he has covert cloak\n|c|\u2606LiluziHit|I should've just stomping tantrumed\n|c|\u2606OMGPACHIMARI|huh\n|c|\u2606LiluziHit|your primape\n|c|\u2606LiluziHit|and I win\n|c|\u2606OMGPACHIMARI|probably\n|c|\u2606LiluziHit|but i thought you were going to protect\n|c| Squirly|If he has covert cloak rock slide can\u2019t flinch either lol\n|c|\u2606OMGPACHIMARI|but now you gotta choose :d\n|c|\u2606OMGPACHIMARI|^^\n|\n|t:|1699761203\n|move|p1b: Munkidori|Parting Shot|p2a: Dragonite\n|-unboost|p2a: Dragonite|atk|1\n|-unboost|p2a: Dragonite|spa|1\n|move|p2a: Dragonite|Rock Slide|p1a: Landorus|[spread] p1a,p1b\n|-damage|p1a: Landorus|90\/100\n|-damage|p1b: Munkidori|18\/100\n|move|p1a: Landorus|Stomping Tantrum|p2b: Primeape\n|-supereffective|p2b: Primeape\n|-damage|p2b: Primeape|0 fnt\n|faint|p2b: Primeape\n|\n|-damage|p2a: Dragonite|23\/100 brn|[from] brn\n|upkeep\n|turn|10\n|c| Tuxmux|no no squirly don't bring facts into this\n|c|\u2606LiluziHit|GOD IS REAL\n|c|\u2606OMGPACHIMARI|gg\n|c|\u2606LiluziHit|GOD IS REAL\n|\n|t:|1699761218\n|move|p1b: Munkidori|Sludge Wave|p2a: Dragonite|[spread] p1a,p2a\n|-resisted|p1a: Landorus\n|-damage|p1a: Landorus|78\/100\n|-damage|p2a: Dragonite|0 fnt\n|-status|p1a: Landorus|tox|[from] ability: Toxic Chain|[of] p1b: Munkidori\n|faint|p2a: Dragonite\n|\n|win|LiluziHit\n|c|\u2606LiluziHit|gg\n|c| Squirly|Lol the poison\n|l| Squirly\n","uploadtime":1699761232,"views":40,"p1id":"liluzihit","p2id":"omgpachimari","formatid":"gen9vgc2023regulatione","rating":0,"private":0,"password":""}