{"id":"gen9vgc2023regulatione-1990471823","p1":"huhumaster","p2":"ColeAnimatesStuff","format":"[Gen 9] VGC 2023 Regulation E","log":"|j|\u2606huhumaster\n|j|\u203dColeAnimatesStuff\n|t:|1699974095\n|gametype|doubles\n|player|p1|huhumaster|dancer|1050\n|player|p2|ColeAnimatesStuff|cheryl|1063\n|teamsize|p1|6\n|teamsize|p2|6\n|gen|9\n|tier|[Gen 9] VGC 2023 Regulation E\n|rated|\n|rule|Species Clause: Limit one of each Pok\u00e9mon\n|rule|Item Clause: Limit one of each item\n|clearpoke\n|poke|p1|Annihilape, L50, M|\n|poke|p1|Arcanine-Hisui, L50, F|\n|poke|p1|Chandelure, L50, F|\n|poke|p1|Flutter Mane, L50|\n|poke|p1|Falinks, L50|\n|poke|p1|Regieleki, L50|\n|poke|p2|Iron Hands, L50|\n|poke|p2|Gholdengo, L50|\n|poke|p2|Basculegion, L50, M|\n|poke|p2|Tornadus, L50, M|\n|poke|p2|Farigiraf, L50, M|\n|poke|p2|Rillaboom, L50, M|\n|teampreview|4\n|\n|t:|1699974135\n|start\n|switch|p1a: Regieleki|Regieleki, L50|100\/100\n|switch|p1b: Arcanine|Arcanine-Hisui, L50, F|100\/100\n|switch|p2a: Tornadus|Tornadus, L50, M|100\/100\n|switch|p2b: Gholdengo|Gholdengo, L50|100\/100\n|-ability|p1b: Arcanine|Intimidate|boost\n|-unboost|p2a: Tornadus|atk|1\n|-unboost|p2b: Gholdengo|atk|1\n|turn|1\n|\n|t:|1699974162\n|-terastallize|p1b: Arcanine|Water\n|move|p2a: Tornadus|Tailwind|p2a: Tornadus\n|-sidestart|p2: ColeAnimatesStuff|move: Tailwind\n|move|p2b: Gholdengo|Nasty Plot|p2b: Gholdengo\n|-boost|p2b: Gholdengo|spa|2\n|move|p1a: Regieleki|Thunderbolt|p2a: Tornadus\n|-supereffective|p2a: Tornadus\n|-damage|p2a: Tornadus|25\/100\n|move|p1b: Arcanine|Crunch|p2b: Gholdengo\n|-supereffective|p2b: Gholdengo\n|-damage|p2b: Gholdengo|42\/100\n|\n|upkeep\n|turn|2\n|\n|t:|1699974179\n|move|p2b: Gholdengo|Make It Rain|p1b: Arcanine|[spread] p1a,p1b\n|-resisted|p1a: Regieleki\n|-resisted|p1b: Arcanine\n|-enditem|p1a: Regieleki|Focus Sash\n|-damage|p1a: Regieleki|1\/100\n|-damage|p1b: Arcanine|53\/100\n|-unboost|p2b: Gholdengo|spa|1\n|-damage|p2b: Gholdengo|33\/100|[from] item: Life Orb\n|move|p1a: Regieleki|Electroweb|p2a: Tornadus|[spread] p2a,p2b\n|-supereffective|p2a: Tornadus\n|-damage|p2a: Tornadus|0 fnt\n|-damage|p2b: Gholdengo|7\/100\n|-unboost|p2b: Gholdengo|spe|1\n|faint|p2a: Tornadus\n|move|p1b: Arcanine|Crunch|p2b: Gholdengo\n|-supereffective|p2b: Gholdengo\n|-damage|p2b: Gholdengo|0 fnt\n|faint|p2b: Gholdengo\n|\n|upkeep\n|\n|t:|1699974185\n|switch|p2b: Basculegion|Basculegion, L50, M|100\/100\n|switch|p2a: Iron Hands|Iron Hands, L50, shiny|100\/100\n|turn|3\n|\n|t:|1699974202\n|switch|p1b: Annihilape|Annihilape, L50, M|100\/100\n|move|p1a: Regieleki|Protect|p1a: Regieleki\n|-singleturn|p1a: Regieleki|Protect\n|move|p2a: Iron Hands|Fake Out|p1a: Regieleki\n|-activate|p1a: Regieleki|move: Protect\n|move|p2b: Basculegion|Wave Crash|p1b: Annihilape\n|-damage|p1b: Annihilape|0 fnt\n|faint|p1b: Annihilape\n|-damage|p2b: Basculegion|69\/100|[from] Recoil\n|\n|upkeep\n|\n|t:|1699974206\n|switch|p1b: Arcanine|Arcanine-Hisui, L50, F, tera:Water|53\/100\n|-ability|p1b: Arcanine|Intimidate|boost\n|-unboost|p2a: Iron Hands|atk|1\n|-unboost|p2b: Basculegion|atk|1\n|turn|4\n|\n|t:|1699974217\n|move|p2b: Basculegion|Wave Crash|p1b: Arcanine\n|-resisted|p1b: Arcanine\n|-damage|p1b: Arcanine|24\/100\n|-damage|p2b: Basculegion|60\/100|[from] Recoil\n|move|p1a: Regieleki|Electroweb|p2b: Basculegion|[spread] p2a,p2b\n|-resisted|p2a: Iron Hands\n|-supereffective|p2b: Basculegion\n|-damage|p2a: Iron Hands|94\/100\n|-damage|p2b: Basculegion|8\/100\n|-unboost|p2a: Iron Hands|spe|1\n|-unboost|p2b: Basculegion|spe|1\n|move|p1b: Arcanine|Crunch|p2b: Basculegion\n|-supereffective|p2b: Basculegion\n|-damage|p2b: Basculegion|0 fnt\n|faint|p2b: Basculegion\n|move|p2a: Iron Hands|Heavy Slam|p1a: Regieleki\n|-resisted|p1a: Regieleki\n|-crit|p1a: Regieleki\n|-damage|p1a: Regieleki|0 fnt\n|faint|p1a: Regieleki\n|\n|-sideend|p2: ColeAnimatesStuff|move: Tailwind\n|upkeep\n|\n|t:|1699974226\n|switch|p1a: Flutter Mane|Flutter Mane, L50|100\/100\n|turn|5\n|\n|t:|1699974234\n|-terastallize|p2a: Iron Hands|Fire\n|move|p1a: Flutter Mane|Dazzling Gleam|p2a: Iron Hands\n|-resisted|p2a: Iron Hands\n|-damage|p2a: Iron Hands|73\/100\n|move|p1b: Arcanine|Flare Blitz|p2a: Iron Hands\n|-resisted|p2a: Iron Hands\n|-damage|p2a: Iron Hands|55\/100\n|-damage|p1b: Arcanine|15\/100|[from] Recoil\n|move|p2a: Iron Hands|Wild Charge|p1b: Arcanine\n|-supereffective|p1b: Arcanine\n|-damage|p1b: Arcanine|0 fnt\n|faint|p1b: Arcanine\n|-damage|p2a: Iron Hands|52\/100|[from] Recoil\n|\n|upkeep\n|turn|6\n|\n|t:|1699974238\n|move|p1a: Flutter Mane|Dazzling Gleam|p2a: Iron Hands\n|-resisted|p2a: Iron Hands\n|-damage|p2a: Iron Hands|34\/100\n|move|p2a: Iron Hands|Heavy Slam|p1a: Flutter Mane\n|-supereffective|p1a: Flutter Mane\n|-damage|p1a: Flutter Mane|0 fnt\n|faint|p1a: Flutter Mane\n|-end|p1a: Flutter Mane|Protosynthesis|[silent]\n|\n|win|ColeAnimatesStuff\n|raw|huhumaster's rating: 1050 &rarr; <strong>1033<\/strong><br \/>(-17 for losing)\n|raw|ColeAnimatesStuff's rating: 1063 &rarr; <strong>1092<\/strong><br \/>(+29 for winning)\n|l|\u2606huhumaster\n","uploadtime":1699974249,"views":10,"p1id":"huhumaster","p2id":"coleanimatesstuff","formatid":"gen9vgc2023regulatione","rating":1033,"private":0,"password":""}