{"id":"gen9vgc2023regulatione-1992432513","p1":"Jackietreehorn321","p2":"scrapsorra","format":"[Gen 9] VGC 2023 Regulation E","log":"|j|\u2606Jackietreehorn321\n|j|\u2606scrapsorra\n|t:|1700186923\n|gametype|doubles\n|player|p1|Jackietreehorn321|265|1433\n|player|p2|scrapsorra|mars|1340\n|teamsize|p1|6\n|teamsize|p2|6\n|gen|9\n|tier|[Gen 9] VGC 2023 Regulation E\n|rated|\n|rule|Species Clause: Limit one of each Pok\u00e9mon\n|rule|Item Clause: Limit one of each item\n|clearpoke\n|poke|p1|Arcanine-Hisui, L50, F|\n|poke|p1|Chien-Pao, L50|\n|poke|p1|Corviknight, L50, M|\n|poke|p1|Ogerpon-Wellspring, L50, F|\n|poke|p1|Iron Hands, L50|\n|poke|p1|Sinistcha-Masterpiece, L50|\n|poke|p2|Delphox, L50, F|\n|poke|p2|Ogerpon-Wellspring, L50, F|\n|poke|p2|Farigiraf, L50, F|\n|poke|p2|Arcanine-Hisui, L50, M|\n|poke|p2|Rillaboom, L50, M|\n|poke|p2|Milotic, L50, F|\n|teampreview|4\nscrapsorra has agreed to open team sheets.\n|\n|t:|1700186979\n|start\n|switch|p1a: Corviknight|Corviknight, L50, M|100\/100\n|switch|p1b: Sinistcha|Sinistcha-Masterpiece, L50|100\/100\n|switch|p2a: Indigo|Delphox, L50, F, shiny|100\/100\n|switch|p2b: Danny|Arcanine-Hisui, L50, M|100\/100\n|-ability|p2b: Danny|Intimidate|boost\n|-ability|p1a: Corviknight|Mirror Armor\n|-unboost|p2b: Danny|atk|1\n|-unboost|p1b: Sinistcha|atk|1\n|turn|1\n|\n|t:|1700187022\n|move|p2a: Indigo|Heat Wave|p1a: Corviknight|[spread] p1a,p1b\n|-supereffective|p1a: Corviknight\n|-supereffective|p1b: Sinistcha\n|-damage|p1a: Corviknight|54\/100\n|-damage|p1b: Sinistcha|75\/100\n|-status|p1a: Corviknight|brn\n|move|p2b: Danny|Flare Blitz|p1a: Corviknight\n|-supereffective|p1a: Corviknight\n|-damage|p1a: Corviknight|0 fnt\n|faint|p1a: Corviknight\n|-damage|p2b: Danny|80\/100|[from] Recoil\n|move|p1b: Sinistcha|Calm Mind|p1b: Sinistcha\n|-boost|p1b: Sinistcha|spa|1\n|-boost|p1b: Sinistcha|spd|1\n|\n|upkeep\n|\n|t:|1700187036\n|switch|p1a: Ogerpon|Ogerpon-Wellspring, L50, F|100\/100\n|turn|2\n|\n|t:|1700187088\n|-terastallize|p1a: Ogerpon|Water\n|detailschange|p1a: Ogerpon|Ogerpon-Wellspring-Tera, L50, F, tera:Water\n|-ability|p1a: Ogerpon|Embody Aspect (Wellspring)|boost\n|-boost|p1a: Ogerpon|spd|1\n|move|p2a: Indigo|Encore|p1b: Sinistcha\n|-start|p1b: Sinistcha|Encore\n|move|p1a: Ogerpon|Focus Energy|p1a: Ogerpon\n|-start|p1a: Ogerpon|move: Focus Energy\n|move|p2b: Danny|Flare Blitz|p1a: Ogerpon\n|-resisted|p1a: Ogerpon\n|-damage|p1a: Ogerpon|66\/100\n|-damage|p2b: Danny|69\/100|[from] Recoil\n|move|p1b: Sinistcha|Calm Mind|p1b: Sinistcha\n|-boost|p1b: Sinistcha|spa|1\n|-boost|p1b: Sinistcha|spd|1\n|\n|upkeep\n|turn|3\n|\n|t:|1700187106\n|switch|p2b: DK|Rillaboom, L50, M|100\/100\n|-fieldstart|move: Grassy Terrain|[from] ability: Grassy Surge|[of] p2b: DK\n|move|p1a: Ogerpon|Spiky Shield|p1a: Ogerpon\n|-singleturn|p1a: Ogerpon|move: Protect\n|move|p2a: Indigo|Psychic|p1a: Ogerpon\n|-activate|p1a: Ogerpon|move: Protect\n|move|p1b: Sinistcha|Calm Mind|p1b: Sinistcha\n|-boost|p1b: Sinistcha|spa|1\n|-boost|p1b: Sinistcha|spd|1\n|\n|-heal|p1a: Ogerpon|72\/100|[from] Grassy Terrain\n|-heal|p1b: Sinistcha|81\/100|[from] Grassy Terrain\n|upkeep\n|turn|4\n|\n|t:|1700187132\n|move|p2a: Indigo|Will-O-Wisp|p1a: Ogerpon\n|-status|p1a: Ogerpon|brn\n|move|p1a: Ogerpon|Ivy Cudgel|p2a: Indigo|[anim] Ivy Cudgel Water\n|-supereffective|p2a: Indigo\n|-crit|p2a: Indigo\n|-damage|p2a: Indigo|0 fnt\n|faint|p2a: Indigo\n|move|p2b: DK|Knock Off|p1b: Sinistcha\n|-supereffective|p1b: Sinistcha\n|-damage|p1b: Sinistcha|23\/100\n|-enditem|p1b: Sinistcha|Sitrus Berry|[from] move: Knock Off|[of] p2b: DK\n|move|p1b: Sinistcha|Calm Mind|p1b: Sinistcha\n|-boost|p1b: Sinistcha|spa|1\n|-boost|p1b: Sinistcha|spd|1\n|\n|-heal|p1a: Ogerpon|78\/100 brn|[from] Grassy Terrain\n|-heal|p1b: Sinistcha|29\/100|[from] Grassy Terrain\n|-damage|p1a: Ogerpon|72\/100 brn|[from] brn\n|-end|p1b: Sinistcha|Encore\n|upkeep\n|\n|t:|1700187144\n|switch|p2a: Danny|Arcanine-Hisui, L50, M|69\/100\n|-ability|p2a: Danny|Intimidate|boost\n|-unboost|p1a: Ogerpon|atk|1\n|-unboost|p1b: Sinistcha|atk|1\n|turn|5\n|\n|t:|1700187175\n|move|p2b: DK|Grassy Glide|p1a: Ogerpon\n|-supereffective|p1a: Ogerpon\n|-damage|p1a: Ogerpon|0 fnt\n|faint|p1a: Ogerpon\n|move|p2a: Danny|Flare Blitz|p1b: Sinistcha\n|-supereffective|p1b: Sinistcha\n|-damage|p1b: Sinistcha|0 fnt\n|faint|p1b: Sinistcha\n|-damage|p2a: Danny|60\/100|[from] Recoil\n|\n|-heal|p2a: Danny|66\/100|[from] Grassy Terrain\n|upkeep\n|-message|Jackietreehorn321 forfeited.\n|\n|win|scrapsorra\n|raw|Jackietreehorn321's rating: 1433 &rarr; <strong>1408<\/strong><br \/>(-25 for losing)\n|raw|scrapsorra's rating: 1340 &rarr; <strong>1365<\/strong><br \/>(+25 for winning)\n|l|\u2606Jackietreehorn321\n","uploadtime":1700187199,"views":13,"p1id":"jackietreehorn321","p2id":"scrapsorra","formatid":"gen9vgc2023regulatione","rating":1365,"private":0,"password":""}