{"id":"gen9vgc2023regulatione-1989105877","p1":"YSShuu","p2":"44XXX","format":"[Gen 9] VGC 2023 Regulation E","log":"|j|\u2606YSShuu\n|j|\u260644XXX\n|t:|1699812814\n|gametype|doubles\n|player|p1|YSShuu|skierf|1067\n|player|p2|44XXX|clair|1040\n|teamsize|p1|6\n|teamsize|p2|6\n|gen|9\n|tier|[Gen 9] VGC 2023 Regulation E\n|rated|\n|rule|Species Clause: Limit one of each Pok\u00e9mon\n|rule|Item Clause: Limit one of each item\n|clearpoke\n|poke|p1|Poliwrath, L50, M|\n|poke|p1|Poliwhirl, L50, M|\n|poke|p1|Bellibolt, L50, M|\n|poke|p1|Greninja-*, L50, M|\n|poke|p1|Toxicroak, L50, F|\n|poke|p1|Politoed, L50, M|\n|poke|p2|Armarouge, L50, F|\n|poke|p2|Indeedee-F, L50, F|\n|poke|p2|Urshifu-*, L50, M|\n|poke|p2|Iron Hands, L50|\n|poke|p2|Flutter Mane, L50|\n|poke|p2|Ursaluna-Bloodmoon, L50, M|\n|teampreview|4\n|c|\u260644XXX|frogs\n|inactive|Battle timer is ON: inactive players will automatically lose when time's up. (requested by 44XXX)\n|\n|t:|1699812856\n|start\n|switch|p1a: Poliwrath|Poliwrath, L50, M|100\/100\n|switch|p1b: Politoed|Politoed, L50, M|100\/100\n|switch|p2a: Iron Hands|Iron Hands, L50|100\/100\n|switch|p2b: Flutter Mane|Flutter Mane, L50|100\/100\n|-weather|RainDance|[from] ability: Drizzle|[of] p1b: Politoed\n|turn|1\n|inactive|44XXX has 30 seconds left.\n|\n|t:|1699812887\n|-terastallize|p1a: Poliwrath|Fairy\n|move|p1a: Poliwrath|Protect|p1a: Poliwrath\n|-singleturn|p1a: Poliwrath|Protect\n|move|p1b: Politoed|Protect|p1b: Politoed\n|-singleturn|p1b: Politoed|Protect\n|move|p2a: Iron Hands|Fake Out|p1b: Politoed\n|-activate|p1b: Politoed|move: Protect\n|move|p2b: Flutter Mane|Moonblast|p1a: Poliwrath\n|-activate|p1a: Poliwrath|move: Protect\n|\n|-weather|RainDance|[upkeep]\n|upkeep\n|turn|2\n|inactive|YSShuu has 30 seconds left.\n|inactive|44XXX has 30 seconds left.\n|\n|t:|1699812916\n|move|p1a: Poliwrath|Liquidation|p2a: Iron Hands\n|-damage|p2a: Iron Hands|47\/100\n|-damage|p1a: Poliwrath|91\/100|[from] item: Life Orb\n|move|p2b: Flutter Mane|Moonblast|p1b: Politoed\n|-damage|p1b: Politoed|40\/100\n|move|p1b: Politoed|Surf|p2a: Iron Hands|[spread] p1a,p2a,p2b\n|-damage|p1a: Poliwrath|57\/100\n|-damage|p2a: Iron Hands|30\/100\n|-damage|p2b: Flutter Mane|68\/100\n|move|p2a: Iron Hands|Wild Charge|p1b: Politoed\n|-supereffective|p1b: Politoed\n|-damage|p1b: Politoed|0 fnt\n|faint|p1b: Politoed\n|-damage|p2a: Iron Hands|22\/100|[from] Recoil\n|\n|-weather|RainDance|[upkeep]\n|upkeep\n|\n|t:|1699812926\n|switch|p1b: Greninja|Greninja, L50, M|100\/100\n|turn|3\n|\n|t:|1699812941\n|-terastallize|p2a: Iron Hands|Fighting\n|move|p1b: Greninja|Gunk Shot|p2b: Flutter Mane\n|-start|p1b: Greninja|typechange|Poison|[from] ability: Protean\n|-damage|p2b: Flutter Mane|0 fnt\n|faint|p2b: Flutter Mane\n|-end|p2b: Flutter Mane|Protosynthesis|[silent]\n|move|p1a: Poliwrath|Drain Punch|p2a: Iron Hands\n|-damage|p2a: Iron Hands|0 fnt\n|-heal|p1a: Poliwrath|71\/100|[from] drain|[of] p2a: Iron Hands\n|faint|p2a: Iron Hands\n|-end|p2a: Iron Hands|Quark Drive|[silent]\n|-damage|p1a: Poliwrath|62\/100|[from] item: Life Orb\n|\n|-weather|RainDance|[upkeep]\n|upkeep\n|\n|t:|1699812951\n|switch|p2b: Urshifu|Urshifu-Rapid-Strike, L50, M|100\/100\n|switch|p2a: Indeedee|Indeedee-F, L50, F|100\/100\n|-fieldstart|move: Psychic Terrain|[from] ability: Psychic Surge|[of] p2a: Indeedee\n|turn|4\n|\n|t:|1699812976\n|move|p1b: Greninja|Gunk Shot|p2b: Urshifu\n|-damage|p2b: Urshifu|44\/100\n|move|p1a: Poliwrath|Drain Punch|p2b: Urshifu\n|-damage|p2b: Urshifu|4\/100\n|-heal|p1a: Poliwrath|82\/100|[from] drain|[of] p2b: Urshifu\n|-damage|p1a: Poliwrath|73\/100|[from] item: Life Orb\n|move|p2a: Indeedee|Psychic|p1a: Poliwrath\n|-damage|p1a: Poliwrath|35\/100\n|move|p2b: Urshifu|Surging Strikes|p1b: Greninja\n|-crit|p1b: Greninja\n|-damage|p1b: Greninja|39\/100\n|-crit|p1b: Greninja\n|-damage|p1b: Greninja|0 fnt\n|faint|p1b: Greninja\n|-hitcount|p1: Greninja|2\n|-damage|p2b: Urshifu|0 fnt|[from] item: Life Orb\n|faint|p2b: Urshifu\n|\n|-weather|RainDance|[upkeep]\n|upkeep\n|\n|t:|1699812981\n|switch|p1b: Toxicroak|Toxicroak, L50, F|100\/100\n|turn|5\n|\n|t:|1699813004\n|move|p1a: Poliwrath|Protect|p1a: Poliwrath\n|-singleturn|p1a: Poliwrath|Protect\n|move|p1b: Toxicroak|Fake Out|p2a: Indeedee\n|-activate|p2a: Indeedee|move: Psychic Terrain\n|move|p2a: Indeedee|Psychic|p1b: Toxicroak\n|-supereffective|p1b: Toxicroak\n|-damage|p1b: Toxicroak|0 fnt\n|faint|p1b: Toxicroak\n|\n|-weather|RainDance|[upkeep]\n|upkeep\n|turn|6\n|\n|t:|1699813013\n|move|p1a: Poliwrath|Liquidation|p2a: Indeedee\n|-damage|p2a: Indeedee|0 fnt\n|faint|p2a: Indeedee\n|-damage|p1a: Poliwrath|26\/100|[from] item: Life Orb\n|\n|win|YSShuu\n|raw|YSShuu's rating: 1067 &rarr; <strong>1095<\/strong><br \/>(+28 for winning)\n|raw|44XXX's rating: 1040 &rarr; <strong>1025<\/strong><br \/>(-15 for losing)\n|l|\u260644XXX\n","uploadtime":1699813049,"views":17,"p1id":"ysshuu","p2id":"44xxx","formatid":"gen9vgc2023regulatione","rating":1025,"private":0,"password":""}