{"id":"gen9vgc2023regulatione-1987899990","p1":"Wildbomb","p2":"hiddenarsenal01","format":"[Gen 9] VGC 2023 Regulation E","log":"|j|\u2606Wildbomb\n|j|\u2606hiddenarsenal01\n|t:|1699647267\n|gametype|doubles\n|player|p1|Wildbomb|riley|1468\n|player|p2|hiddenarsenal01|101|1560\n|teamsize|p1|6\n|teamsize|p2|6\n|gen|9\n|tier|[Gen 9] VGC 2023 Regulation E\n|rated|\n|rule|Species Clause: Limit one of each Pok\u00e9mon\n|rule|Item Clause: Limit one of each item\n|clearpoke\n|poke|p1|Dragonite, L50, F|\n|poke|p1|Chien-Pao, L50|\n|poke|p1|Empoleon, L50, M|\n|poke|p1|Landorus-Therian, L50, M|\n|poke|p1|Iron Hands, L50|\n|poke|p1|Ogerpon-Hearthflame, L50, F|\n|poke|p2|Tornadus, L50, M|\n|poke|p2|Rillaboom, L50, F|\n|poke|p2|Roaring Moon, L50|\n|poke|p2|Urshifu-*, L50, M|\n|poke|p2|Flutter Mane, L50|\n|poke|p2|Arcanine-Hisui, L50, M|\n|teampreview|4\n|inactive|Battle timer is ON: inactive players will automatically lose when time's up. (requested by Wildbomb)\n|\n|t:|1699647299\n|start\n|switch|p1a: Chien-Pao|Chien-Pao, L50|100\/100\n|switch|p1b: Landorus|Landorus-Therian, L50, M|100\/100\n|switch|p2a: Tornadus|Tornadus, L50, M|100\/100\n|switch|p2b: Flutter Mane|Flutter Mane, L50|100\/100\n|-ability|p1b: Landorus|Intimidate|boost\n|-unboost|p2a: Tornadus|atk|1\n|-unboost|p2b: Flutter Mane|atk|1\n|-ability|p1a: Chien-Pao|Sword of Ruin\n|turn|1\n|\n|t:|1699647320\n|-terastallize|p2b: Flutter Mane|Fairy\n|move|p2a: Tornadus|Tailwind|p2a: Tornadus\n|-sidestart|p2: hiddenarsenal01|move: Tailwind\n|move|p2b: Flutter Mane|Moonblast|p1b: Landorus\n|-damage|p1b: Landorus|0 fnt\n|faint|p1b: Landorus\n|move|p1a: Chien-Pao|Throat Chop|p2b: Flutter Mane\n|-resisted|p2b: Flutter Mane\n|-damage|p2b: Flutter Mane|54\/100\n|-start|p2b: Flutter Mane|Throat Chop|[silent]\n|\n|upkeep\n|\n|t:|1699647329\n|switch|p1b: Iron Hands|Iron Hands, L50|100\/100\n|turn|2\n|\n|t:|1699647335\n|-end|p2b: Flutter Mane|Protosynthesis|[silent]\n|switch|p2b: Rillaboom|Rillaboom, L50, F|100\/100\n|-fieldstart|move: Grassy Terrain|[from] ability: Grassy Surge|[of] p2b: Rillaboom\n|move|p1b: Iron Hands|Fake Out|p2b: Rillaboom\n|-damage|p2b: Rillaboom|81\/100\n|move|p2a: Tornadus|Bleakwind Storm|p1a: Chien-Pao|[spread] p1a,p1b\n|-damage|p1a: Chien-Pao|48\/100\n|-damage|p1b: Iron Hands|85\/100\n|-unboost|p1a: Chien-Pao|spe|1\n|-unboost|p1b: Iron Hands|spe|1\n|move|p1a: Chien-Pao|Icicle Crash|p2a: Tornadus\n|-supereffective|p2a: Tornadus\n|-damage|p2a: Tornadus|0 fnt\n|faint|p2a: Tornadus\n|\n|-heal|p2b: Rillaboom|87\/100|[from] Grassy Terrain\n|-heal|p1a: Chien-Pao|53\/100|[from] Grassy Terrain\n|-heal|p1b: Iron Hands|91\/100|[from] Grassy Terrain\n|upkeep\n|\n|t:|1699647348\n|switch|p2a: Flutter Mane|Flutter Mane, L50, tera:Fairy|54\/100\n|turn|3\n|\n|t:|1699647357\n|move|p1a: Chien-Pao|Protect|p1a: Chien-Pao\n|-singleturn|p1a: Chien-Pao|Protect\n|move|p2b: Rillaboom|Grassy Glide|p1a: Chien-Pao\n|-activate|p1a: Chien-Pao|move: Protect\n|move|p2a: Flutter Mane|Moonblast|p1b: Iron Hands\n|-supereffective|p1b: Iron Hands\n|-damage|p1b: Iron Hands|0 fnt\n|faint|p1b: Iron Hands\n|-end|p1b: Iron Hands|Quark Drive|[silent]\n|\n|-heal|p2a: Flutter Mane|59\/100|[from] Grassy Terrain\n|-heal|p2b: Rillaboom|93\/100|[from] Grassy Terrain\n|-heal|p1a: Chien-Pao|59\/100|[from] Grassy Terrain\n|upkeep\n|\n|t:|1699647371\n|switch|p1b: Dragonite|Dragonite, L50, F|100\/100\n|turn|4\n|\n|t:|1699647381\n|-terastallize|p1b: Dragonite|Normal\n|move|p1b: Dragonite|Extreme Speed|p2a: Flutter Mane\n|-damage|p2a: Flutter Mane|0 fnt\n|faint|p2a: Flutter Mane\n|-end|p2a: Flutter Mane|Protosynthesis|[silent]\n|move|p2b: Rillaboom|Grassy Glide|p1a: Chien-Pao\n|-damage|p1a: Chien-Pao|8\/100\n|move|p1a: Chien-Pao|Sucker Punch||[still]\n|-fail|p1a: Chien-Pao\n|\n|-heal|p2b: Rillaboom|99\/100|[from] Grassy Terrain\n|-heal|p1a: Chien-Pao|14\/100|[from] Grassy Terrain\n|-sideend|p2: hiddenarsenal01|move: Tailwind\n|upkeep\n|\n|t:|1699647390\n|switch|p2a: Urshifu|Urshifu-Rapid-Strike, L50, M|100\/100\n|turn|5\n|\n|t:|1699647400\n|move|p1b: Dragonite|Extreme Speed|p2a: Urshifu\n|-damage|p2a: Urshifu|27\/100\n|move|p2a: Urshifu|Aqua Jet|p1a: Chien-Pao\n|-damage|p1a: Chien-Pao|0 fnt\n|faint|p1a: Chien-Pao\n|move|p2b: Rillaboom|Wood Hammer|p1b: Dragonite\n|-damage|p1b: Dragonite|57\/100\n|-damage|p2b: Rillaboom|85\/100|[from] Recoil\n|\n|-heal|p2a: Urshifu|33\/100|[from] Grassy Terrain\n|-heal|p2b: Rillaboom|91\/100|[from] Grassy Terrain\n|-heal|p1b: Dragonite|62\/100|[from] Grassy Terrain\n|upkeep\n|turn|6\n|inactive|hiddenarsenal01 has 30 seconds left.\n|\n|t:|1699647425\n|move|p1b: Dragonite|Extreme Speed|p2a: Urshifu\n|-damage|p2a: Urshifu|0 fnt\n|faint|p2a: Urshifu\n|move|p2b: Rillaboom|Wood Hammer|p1b: Dragonite\n|-damage|p1b: Dragonite|0 fnt\n|faint|p1b: Dragonite\n|-damage|p2b: Rillaboom|72\/100|[from] Recoil\n|\n|win|hiddenarsenal01\n|raw|Wildbomb's rating: 1447 &rarr; <strong>1433<\/strong><br \/>(-14 for losing)\n|raw|hiddenarsenal01's rating: 1560 &rarr; <strong>1574<\/strong><br \/>(+14 for winning)\n|l|\u2606Wildbomb\n","uploadtime":1699647439,"views":13,"p1id":"wildbomb","p2id":"hiddenarsenal01","formatid":"gen9vgc2023regulatione","rating":1433,"private":0,"password":""}