{"id":"gen9vgc2023regulatione-1991622879","p1":"Wizarkk","p2":"CaHu2","format":"[Gen 9] VGC 2023 Regulation E","log":"|j|\u2606Wizarkk\n|j|\u2606CaHu2\n|t:|1700095345\n|gametype|doubles\n|player|p1|Wizarkk|102|1156\n|player|p2|CaHu2|169|1195\n|teamsize|p1|6\n|teamsize|p2|6\n|gen|9\n|tier|[Gen 9] VGC 2023 Regulation E\n|rated|\n|rule|Species Clause: Limit one of each Pok\u00e9mon\n|rule|Item Clause: Limit one of each item\n|clearpoke\n|poke|p1|Iron Hands, L50|\n|poke|p1|Scizor, L50, F|\n|poke|p1|Dragonite, L50, F|\n|poke|p1|Grimmsnarl, L50, M|\n|poke|p1|Chien-Pao, L50|\n|poke|p1|Milotic, L50, F|\n|poke|p2|Empoleon, L50, F|\n|poke|p2|Ogerpon-Wellspring, L50, F|\n|poke|p2|Tornadus, L50, M|\n|poke|p2|Roaring Moon, L50|\n|poke|p2|Gholdengo, L50|\n|poke|p2|Landorus-Therian, L50, M|\n|teampreview|4\n|inactive|Battle timer is ON: inactive players will automatically lose when time's up. (requested by Wizarkk)\n|inactive|CaHu2 also wants the timer to be on.\nCaHu2 has agreed to open team sheets.\n|inactive|CaHu2 has 60 seconds left.\n|inactive|CaHu2 has 30 seconds left.\n|\n|t:|1700095415\n|start\n|switch|p1a: Grimmsnarl|Grimmsnarl, L50, M|100\/100\n|switch|p1b: Milotic|Milotic, L50, F|100\/100\n|switch|p2a: Ogerpon|Ogerpon-Wellspring, L50, F|100\/100\n|switch|p2b: Empoleon|Empoleon, L50, F|100\/100\n|turn|1\n|\n|t:|1700095438\n|switch|p1b: Iron Hands|Iron Hands, L50|100\/100\n|move|p1a: Grimmsnarl|Reflect|p1a: Grimmsnarl\n|-sidestart|p1: Wizarkk|Reflect\n|move|p2a: Ogerpon|Wood Hammer|p1b: Iron Hands\n|-damage|p1b: Iron Hands|68\/100\n|-damage|p2a: Ogerpon|84\/100|[from] Recoil\n|move|p2b: Empoleon|Yawn|p1a: Grimmsnarl\n|-start|p1a: Grimmsnarl|move: Yawn|[of] p2b: Empoleon\n|\n|upkeep\n|turn|2\n|inactive|CaHu2 has 30 seconds left.\n|\n|t:|1700095470\n|move|p2a: Ogerpon|Spiky Shield|p2a: Ogerpon\n|-singleturn|p2a: Ogerpon|move: Protect\n|move|p1a: Grimmsnarl|Parting Shot|p2a: Ogerpon\n|-activate|p2a: Ogerpon|move: Protect\n|move|p2b: Empoleon|Yawn||[still]\n|-fail|p2b: Empoleon\n|move|p1b: Iron Hands|Drain Punch|p2b: Empoleon\n|-supereffective|p2b: Empoleon\n|-damage|p2b: Empoleon|22\/100\n|-heal|p1b: Iron Hands|99\/100|[from] drain|[of] p2b: Empoleon\n|\n|-heal|p2b: Empoleon|28\/100|[from] item: Leftovers\n|-end|p1a: Grimmsnarl|move: Yawn|[silent]\n|-status|p1a: Grimmsnarl|slp\n|upkeep\n|turn|3\n|inactive|Wizarkk has 30 seconds left.\n|inactive|CaHu2 has 30 seconds left.\n|inactive|Wizarkk has 20 seconds left.\n|\n|t:|1700095505\n|cant|p1a: Grimmsnarl|slp\n|move|p2a: Ogerpon|Ivy Cudgel|p1a: Grimmsnarl|[anim] Ivy Cudgel Water\n|-damage|p1a: Grimmsnarl|51\/100 slp\n|move|p2b: Empoleon|Yawn|p1b: Iron Hands\n|-start|p1b: Iron Hands|move: Yawn|[of] p2b: Empoleon\n|move|p1b: Iron Hands|Drain Punch|p2a: Ogerpon\n|-damage|p2a: Ogerpon|23\/100\n|-heal|p1b: Iron Hands|100\/100|[from] drain|[of] p2a: Ogerpon\n|\n|-heal|p2b: Empoleon|33\/100|[from] item: Leftovers\n|upkeep\n|turn|4\n|inactive|CaHu2 has 30 seconds left.\n|inactive|CaHu2 has 20 seconds left.\n|\n|t:|1700095542\n|-end|p1b: Iron Hands|Quark Drive|[silent]\n|switch|p1b: Dragonite|Dragonite, L50, F|100\/100\n|cant|p1a: Grimmsnarl|slp\n|move|p2a: Ogerpon|Horn Leech|p1a: Grimmsnarl\n|-damage|p1a: Grimmsnarl|15\/100 slp\n|-heal|p2a: Ogerpon|47\/100|[from] drain|[of] p1a: Grimmsnarl\n|move|p2b: Empoleon|Surf|p1a: Grimmsnarl|[spread] p1a,p1b\n|-heal|p2a: Ogerpon|71\/100|[from] ability: Water Absorb|[of] p2b: Empoleon\n|-resisted|p1b: Dragonite\n|-damage|p1a: Grimmsnarl|0 fnt\n|-damage|p1b: Dragonite|88\/100\n|faint|p1a: Grimmsnarl\n|\n|-heal|p2b: Empoleon|39\/100|[from] item: Leftovers\n|upkeep\n|\n|t:|1700095557\n|switch|p1a: Iron Hands|Iron Hands, L50|100\/100\n|turn|5\n|\n|t:|1700095574\n|switch|p2b: Gholdengo|Gholdengo, L50|100\/100\n|-terastallize|p1b: Dragonite|Normal\n|move|p2a: Ogerpon|Spiky Shield|p2a: Ogerpon\n|-singleturn|p2a: Ogerpon|move: Protect\n|move|p1b: Dragonite|Extreme Speed|p2a: Ogerpon\n|-activate|p2a: Ogerpon|move: Protect\n|-damage|p1b: Dragonite|76\/100|[from] Spiky Shield|[of] p2a: Ogerpon\n|move|p1a: Iron Hands|Drain Punch|p2b: Gholdengo\n|-immune|p2b: Gholdengo\n|\n|upkeep\n|turn|6\n|inactive|CaHu2 has 30 seconds left.\n|inactive|CaHu2 has 20 seconds left.\n|inactive|CaHu2 has 15 seconds left.\n|inactive|CaHu2 has 10 seconds left.\n|inactive|CaHu2 has 5 seconds left.\n|\n|t:|1700095627\n|-end|p1a: Iron Hands|Quark Drive|[silent]\n|switch|p1a: Milotic|Milotic, L50, F|100\/100\n|move|p1b: Dragonite|Extreme Speed|p2a: Ogerpon\n|-damage|p2a: Ogerpon|0 fnt\n|faint|p2a: Ogerpon\n|move|p2b: Gholdengo|Shadow Ball|p1b: Dragonite\n|-immune|p1b: Dragonite\n|\n|upkeep\n|\n|t:|1700095641\n|switch|p2a: Empoleon|Empoleon, L50, F|39\/100\n|turn|7\n|\n|t:|1700095657\n|-terastallize|p2a: Empoleon|Steel\n|move|p1b: Dragonite|Extreme Speed|p2a: Empoleon\n|-resisted|p2a: Empoleon\n|-damage|p2a: Empoleon|10\/100\n|move|p2b: Gholdengo|Nasty Plot|p2b: Gholdengo\n|-boost|p2b: Gholdengo|spa|2\n|move|p1a: Milotic|Icy Wind|p2a: Empoleon|[spread] p2a,p2b\n|-resisted|p2a: Empoleon\n|-resisted|p2b: Gholdengo\n|-damage|p2a: Empoleon|6\/100\n|-damage|p2b: Gholdengo|96\/100\n|-unboost|p2a: Empoleon|spe|1\n|-ability|p2a: Empoleon|Competitive|boost\n|-boost|p2a: Empoleon|spa|2\n|-unboost|p2b: Gholdengo|spe|1\n|move|p2a: Empoleon|Yawn|p1b: Dragonite\n|-start|p1b: Dragonite|move: Yawn|[of] p2a: Empoleon\n|\n|-heal|p2a: Empoleon|12\/100|[from] item: Leftovers\n|upkeep\n|turn|8\n|inactive|CaHu2 has 30 seconds left.\n|\n|t:|1700095686\n|switch|p1b: Iron Hands|Iron Hands, L50|100\/100\n|move|p1a: Milotic|Scald|p2a: Empoleon\n|-damage|p2a: Empoleon|0 fnt\n|faint|p2a: Empoleon\n|move|p2b: Gholdengo|Shadow Ball|p1a: Milotic\n|-damage|p1a: Milotic|17\/100\n|-damage|p2b: Gholdengo|86\/100|[from] item: Life Orb\n|\n|-heal|p1a: Milotic|23\/100|[from] item: Leftovers\n|-sideend|p1: Wizarkk|Reflect\n|upkeep\n|\n|t:|1700095698\n|switch|p2a: Landorus|Landorus-Therian, L50, M|100\/100\n|-ability|p2a: Landorus|Intimidate|boost\n|-unboost|p1a: Milotic|atk|1\n|-ability|p1a: Milotic|Competitive|boost\n|-boost|p1a: Milotic|spa|2\n|-unboost|p1b: Iron Hands|atk|1\n|turn|9\n|\n|t:|1700095713\n|move|p2a: Landorus|Protect|p2a: Landorus\n|-singleturn|p2a: Landorus|Protect\n|move|p2b: Gholdengo|Protect|p2b: Gholdengo\n|-singleturn|p2b: Gholdengo|Protect\n|move|p1b: Iron Hands|Fake Out|p2a: Landorus\n|-activate|p2a: Landorus|move: Protect\n|move|p1a: Milotic|Scald|p2a: Landorus\n|-activate|p2a: Landorus|move: Protect\n|\n|-heal|p1a: Milotic|29\/100|[from] item: Leftovers\n|upkeep\n|turn|10\n|\n|t:|1700095728\n|move|p1a: Milotic|Helping Hand|p1b: Iron Hands\n|-singleturn|p1b: Iron Hands|Helping Hand|[of] p1a: Milotic\n|move|p2a: Landorus|Rock Slide|p1b: Iron Hands|[spread] p1a,p1b\n|-resisted|p1b: Iron Hands\n|-damage|p1a: Milotic|14\/100\n|-damage|p1b: Iron Hands|93\/100\n|move|p2b: Gholdengo|Shadow Ball|p1a: Milotic\n|-damage|p1a: Milotic|0 fnt\n|faint|p1a: Milotic\n|-damage|p2b: Gholdengo|76\/100|[from] item: Life Orb\n|move|p1b: Iron Hands|Ice Punch|p2a: Landorus\n|-supereffective|p2a: Landorus\n|-damage|p2a: Landorus|0 fnt\n|faint|p2a: Landorus\n|\n|upkeep\n|\n|t:|1700095742\n|switch|p1a: Dragonite|Dragonite, L50, F, tera:Normal|76\/100\n|turn|11\n|\n|t:|1700095757\n|move|p2b: Gholdengo|Protect|p2b: Gholdengo\n|-singleturn|p2b: Gholdengo|Protect\n|move|p1a: Dragonite|Stomping Tantrum|p2b: Gholdengo\n|-activate|p2b: Gholdengo|move: Protect\n|move|p1b: Iron Hands|Wild Charge|p2b: Gholdengo\n|-activate|p2b: Gholdengo|move: Protect\n|\n|upkeep\n|turn|12\n|inactive|CaHu2 has 30 seconds left.\n|\n|t:|1700095789\n|move|p1a: Dragonite|Stomping Tantrum|p2b: Gholdengo\n|-supereffective|p2b: Gholdengo\n|-damage|p2b: Gholdengo|0 fnt\n|faint|p2b: Gholdengo\n|\n|win|Wizarkk\n|raw|Wizarkk's rating: 1156 &rarr; <strong>1184<\/strong><br \/>(+28 for winning)\n|raw|CaHu2's rating: 1195 &rarr; <strong>1167<\/strong><br \/>(-28 for losing)\n","uploadtime":1700095793,"views":35,"p1id":"wizarkk","p2id":"cahu2","formatid":"gen9vgc2023regulatione","rating":1167,"private":0,"password":""}