{"id":"gen9vgc2023regulatione-1994170536","p1":"gicrilo123","p2":"Joull","format":"[Gen 9] VGC 2023 Regulation E","log":"|j|\u2606gicrilo123\n|j|\u2606Joull\n|t:|1700414989\n|gametype|doubles\n|player|p1|gicrilo123|101|1099\n|player|p2|Joull|psychic-gen2|1076\n|teamsize|p1|6\n|teamsize|p2|6\n|gen|9\n|tier|[Gen 9] VGC 2023 Regulation E\n|rated|\n|rule|Species Clause: Limit one of each Pok\u00e9mon\n|rule|Item Clause: Limit one of each item\n|clearpoke\n|poke|p1|Ogerpon-Wellspring, L50, F|\n|poke|p1|Iron Hands, L50|\n|poke|p1|Flutter Mane, L50|\n|poke|p1|Landorus-Therian, L50, M|\n|poke|p1|Tornadus, L50, M|\n|poke|p1|Arcanine, L50, M|\n|poke|p2|Arcanine-Hisui, L50, M|\n|poke|p2|Rillaboom, L50, M|\n|poke|p2|Flutter Mane, L50|\n|poke|p2|Urshifu-*, L50, M|\n|poke|p2|Pachirisu, L50, F|\n|poke|p2|Roaring Moon, L50|\n|teampreview|4\n|inactive|Battle timer is ON: inactive players will automatically lose when time's up. (requested by gicrilo123)\n|inactive|Joull has 60 seconds left.\n|\n|t:|1700415044\n|start\n|switch|p1a: Tornadus|Tornadus, L50, M|100\/100\n|switch|p1b: Flutter Mane|Flutter Mane, L50|100\/100\n|switch|p2a: Pachirisu|Pachirisu, L50, F, shiny|100\/100\n|switch|p2b: Flutter Mane|Flutter Mane, L50|100\/100\n|turn|1\n|\n|t:|1700415066\n|-terastallize|p1b: Flutter Mane|Fairy\n|move|p2a: Pachirisu|Follow Me|p2a: Pachirisu\n|-singleturn|p2a: Pachirisu|move: Follow Me\n|move|p1a: Tornadus|Tailwind|p1a: Tornadus\n|-sidestart|p1: gicrilo123|move: Tailwind\n|move|p1b: Flutter Mane|Shadow Ball|p2a: Pachirisu\n|-damage|p2a: Pachirisu|41\/100\n|move|p2b: Flutter Mane|Icy Wind|p1b: Flutter Mane|[spread] p1a\n|-miss|p2b: Flutter Mane|p1b: Flutter Mane\n|-supereffective|p1a: Tornadus\n|-damage|p1a: Tornadus|46\/100\n|\n|upkeep\n|turn|2\n|\n|t:|1700415088\n|move|p2a: Pachirisu|Follow Me|p2a: Pachirisu\n|-singleturn|p2a: Pachirisu|move: Follow Me\n|move|p1a: Tornadus|Taunt|p2a: Pachirisu\n|-start|p2a: Pachirisu|move: Taunt\n|move|p1b: Flutter Mane|Shadow Ball|p2a: Pachirisu\n|-damage|p2a: Pachirisu|0 fnt\n|faint|p2a: Pachirisu\n|move|p2b: Flutter Mane|Icy Wind|p1a: Tornadus|[spread] p1a,p1b\n|-supereffective|p1a: Tornadus\n|-damage|p1a: Tornadus|0 fnt\n|-damage|p1b: Flutter Mane|77\/100\n|-unboost|p1b: Flutter Mane|spe|1\n|faint|p1a: Tornadus\n|\n|upkeep\n|l|\u2606Joull\n|inactive|Joull disconnected and has a minute to reconnect!\n|player|p2|\n|j|\u2606Joull\n|inactive|Joull reconnected and has 35 seconds left.\n|player|p2|Joull|psychic-gen2\n|inactive|Joull has 30 seconds left.\n|inactive|Joull has 20 seconds left.\n|inactive|Joull has 15 seconds left.\n|\n|t:|1700415132\n|switch|p1a: Arcanine|Arcanine, L50, M|100\/100\n|switch|p2a: Arcanine|Arcanine-Hisui, L50, M|100\/100\n|-ability|p1a: Arcanine|Intimidate|boost\n|-unboost|p2a: Arcanine|atk|1\n|-unboost|p2b: Flutter Mane|atk|1\n|-ability|p2a: Arcanine|Intimidate|boost\n|-unboost|p1a: Arcanine|atk|1\n|-unboost|p1b: Flutter Mane|atk|1\n|turn|3\n|\n|t:|1700415151\n|-end|p2b: Flutter Mane|Protosynthesis|[silent]\n|switch|p2b: Roaring Moon|Roaring Moon, L50|100\/100\n|-enditem|p2b: Roaring Moon|Booster Energy\n|-activate|p2b: Roaring Moon|ability: Protosynthesis|[fromitem]\n|-start|p2b: Roaring Moon|protosynthesisspe\n|move|p1a: Arcanine|Protect|p1a: Arcanine\n|-singleturn|p1a: Arcanine|Protect\n|move|p1b: Flutter Mane|Shadow Ball|p2b: Roaring Moon\n|-resisted|p2b: Roaring Moon\n|-damage|p2b: Roaring Moon|79\/100\n|-unboost|p2b: Roaring Moon|spd|1\n|move|p2a: Arcanine|Rock Slide|p1a: Arcanine|[spread] p1b\n|-activate|p1a: Arcanine|move: Protect\n|-damage|p1b: Flutter Mane|35\/100\n|\n|upkeep\n|turn|4\n|inactive|gicrilo123 has 30 seconds left.\n|inactive|gicrilo123 has 20 seconds left.\n|inactive|gicrilo123 has 15 seconds left.\n|l|\u2606Joull\n|inactive|Joull disconnected and has a minute to reconnect!\n|player|p2|\n|inactive|gicrilo123 has 10 seconds left.\n|inactive|gicrilo123 has 5 seconds left.\n|\n|t:|1700415206\n|-terastallize|p2b: Roaring Moon|Flying\n|move|p2b: Roaring Moon|Tailwind|p2b: Roaring Moon\n|-sidestart|p2: Joull|move: Tailwind\n|move|p1a: Arcanine|Flare Blitz|p2b: Roaring Moon\n|-damage|p2b: Roaring Moon|27\/100\n|-status|p2b: Roaring Moon|brn\n|-damage|p1a: Arcanine|81\/100|[from] Recoil\n|move|p1b: Flutter Mane|Dazzling Gleam|p2b: Roaring Moon|[spread] p2a,p2b\n|-resisted|p2a: Arcanine\n|-damage|p2a: Arcanine|72\/100\n|-damage|p2b: Roaring Moon|0 fnt\n|faint|p2b: Roaring Moon\n|-end|p2b: Roaring Moon|Protosynthesis|[silent]\n|move|p2a: Arcanine|Howl|p2a: Arcanine\n|-boost|p2a: Arcanine|atk|1\n|\n|-sideend|p1: gicrilo123|move: Tailwind\n|upkeep\n|j|\u2606Joull\n|inactive|Joull reconnected and has 55 seconds left.\n|player|p2|Joull|psychic-gen2\n|\n|t:|1700415223\n|switch|p2b: Flutter Mane|Flutter Mane, L50|100\/100\n|turn|5\n|inactive|gicrilo123 has 30 seconds left.\n|inactive|gicrilo123 has 20 seconds left.\n|inactive|gicrilo123 has 15 seconds left.\n|\n|t:|1700415265\n|move|p1b: Flutter Mane|Protect|p1b: Flutter Mane\n|-singleturn|p1b: Flutter Mane|Protect\n|move|p1a: Arcanine|Extreme Speed|p2a: Arcanine\n|-resisted|p2a: Arcanine\n|-damage|p2a: Arcanine|63\/100\n|move|p2b: Flutter Mane|Moonblast|p1a: Arcanine\n|-resisted|p1a: Arcanine\n|-damage|p1a: Arcanine|36\/100\n|move|p2a: Arcanine|Rock Slide|p1b: Flutter Mane|[spread] p1a\n|-activate|p1b: Flutter Mane|move: Protect\n|-supereffective|p1a: Arcanine\n|-damage|p1a: Arcanine|0 fnt\n|faint|p1a: Arcanine\n|\n|upkeep\n|\n|t:|1700415282\n|switch|p1a: Ogerpon|Ogerpon-Wellspring, L50, F|100\/100\n|turn|6\n|\n|t:|1700415292\n|move|p2b: Flutter Mane|Moonblast|p1a: Ogerpon\n|-damage|p1a: Ogerpon|15\/100\n|-unboost|p1a: Ogerpon|spa|1\n|move|p2a: Arcanine|Flare Blitz|p1b: Flutter Mane\n|-crit|p1b: Flutter Mane\n|-damage|p1b: Flutter Mane|0 fnt\n|faint|p1b: Flutter Mane\n|-end|p1b: Flutter Mane|Protosynthesis|[silent]\n|-damage|p2a: Arcanine|54\/100|[from] Recoil\n|move|p1a: Ogerpon|Ivy Cudgel|p2a: Arcanine|[anim] Ivy Cudgel Water\n|-supereffective|p2a: Arcanine\n|-damage|p2a: Arcanine|0 fnt\n|faint|p2a: Arcanine\n|\n|upkeep\n|turn|7\n|\n|t:|1700415308\n|move|p2b: Flutter Mane|Moonblast|p1a: Ogerpon\n|-damage|p1a: Ogerpon|0 fnt\n|faint|p1a: Ogerpon\n|\n|win|Joull\n|raw|gicrilo123's rating: 1099 &rarr; <strong>1073<\/strong><br \/>(-26 for losing)\n|raw|Joull's rating: 1076 &rarr; <strong>1106<\/strong><br \/>(+30 for winning)\n|l|\u2606gicrilo123\n","uploadtime":1700415316,"views":5,"p1id":"gicrilo123","p2id":"joull","formatid":"gen9vgc2023regulatione","rating":1073,"private":0,"password":""}