{"id":"gen9vgc2023regulatione-1996985931","p1":"Hskshdbdj","p2":"sm_zem","format":"[Gen 9] VGC 2023 Regulation E","log":"|j|\u2606Hskshdbdj\n|j|\u2606sm_zem\n|t:|1700752735\n|gametype|doubles\n|player|p1|Hskshdbdj|102|1000\n|player|p2|sm_zem|1|1076\n|teamsize|p1|6\n|teamsize|p2|6\n|gen|9\n|tier|[Gen 9] VGC 2023 Regulation E\n|rated|\n|rule|Species Clause: Limit one of each Pok\u00e9mon\n|rule|Item Clause: Limit one of each item\n|clearpoke\n|poke|p1|Infernape, L50, M|\n|poke|p1|Rillaboom, L50, M|\n|poke|p1|Landorus-Therian, L50, M|\n|poke|p1|Chien-Pao, L50|\n|poke|p1|Ogerpon-Wellspring, L50, F|\n|poke|p1|Flutter Mane, L50|\n|poke|p2|Heatran, L50, F|\n|poke|p2|Arcanine-Hisui, L50, M|\n|poke|p2|Iron Hands, L50|\n|poke|p2|Ogerpon-Wellspring, L50, F|\n|poke|p2|Flutter Mane, L50|\n|poke|p2|Tornadus, L50, M|\n|teampreview|4\n|inactive|Battle timer is ON: inactive players will automatically lose when time's up. (requested by Hskshdbdj)\nHskshdbdj has agreed to open team sheets.\n|inactive|sm_zem has 60 seconds left.\n|\n|t:|1700752788\n|start\n|switch|p1a: Infernape|Infernape, L50, M|100\/100\n|switch|p1b: Chien-Pao|Chien-Pao, L50|100\/100\n|switch|p2a: Tornadus|Tornadus, L50, M|100\/100\n|switch|p2b: Flutter Mane|Flutter Mane, L50|100\/100\n|-ability|p1b: Chien-Pao|Sword of Ruin\n|turn|1\n|inactive|Hskshdbdj has 30 seconds left.\n|\n|t:|1700752821\n|-end|p2b: Flutter Mane|Protosynthesis|[silent]\n|switch|p2b: Iron Hands|Iron Hands, L50|100\/100\n|move|p2a: Tornadus|Protect|p2a: Tornadus\n|-singleturn|p2a: Tornadus|Protect\n|move|p1b: Chien-Pao|Protect|p1b: Chien-Pao\n|-singleturn|p1b: Chien-Pao|Protect\n|move|p1a: Infernape|Thunder Punch|p2a: Tornadus\n|-activate|p2a: Tornadus|move: Protect\n|\n|upkeep\n|turn|2\n|\n|t:|1700752841\n|switch|p1b: Landorus|Landorus-Therian, L50, M|100\/100\n|-ability|p1b: Landorus|Intimidate|boost\n|-unboost|p2a: Tornadus|atk|1\n|-unboost|p2b: Iron Hands|atk|1\n|switch|p1a: Flutter Mane|Flutter Mane, L50|100\/100\n|-enditem|p1a: Flutter Mane|Booster Energy\n|-activate|p1a: Flutter Mane|ability: Protosynthesis|[fromitem]\n|-start|p1a: Flutter Mane|protosynthesisspe\n|move|p2b: Iron Hands|Fake Out|p1a: Flutter Mane\n|-immune|p1a: Flutter Mane\n|move|p2a: Tornadus|Tailwind|p2a: Tornadus\n|-sidestart|p2: sm_zem|move: Tailwind\n|\n|upkeep\n|turn|3\n|inactive|sm_zem has 30 seconds left.\n|\n|t:|1700752879\n|move|p2a: Tornadus|Protect|p2a: Tornadus\n|-singleturn|p2a: Tornadus|Protect\n|move|p1a: Flutter Mane|Protect|p1a: Flutter Mane\n|-singleturn|p1a: Flutter Mane|Protect\n|move|p2b: Iron Hands|Volt Switch|p1a: Flutter Mane\n|-activate|p1a: Flutter Mane|move: Protect\n|move|p1b: Landorus|Stomping Tantrum|p2b: Iron Hands\n|-supereffective|p2b: Iron Hands\n|-damage|p2b: Iron Hands|55\/100\n|\n|upkeep\n|turn|4\n|inactive|sm_zem has 30 seconds left.\n|inactive|sm_zem has 20 seconds left.\n|\n|t:|1700752915\n|move|p2a: Tornadus|Taunt|p1a: Flutter Mane\n|-start|p1a: Flutter Mane|move: Taunt\n|move|p1a: Flutter Mane|Icy Wind|p2b: Iron Hands|[spread] p2a,p2b\n|-supereffective|p2a: Tornadus\n|-damage|p2a: Tornadus|77\/100\n|-damage|p2b: Iron Hands|48\/100\n|-unboost|p2a: Tornadus|spe|1\n|-unboost|p2b: Iron Hands|spe|1\n|move|p1b: Landorus|Stomping Tantrum|p2b: Iron Hands\n|-supereffective|p2b: Iron Hands\n|-damage|p2b: Iron Hands|0 fnt\n|faint|p2b: Iron Hands\n|-end|p2b: Iron Hands|Quark Drive|[silent]\n|\n|upkeep\n|\n|t:|1700752933\n|switch|p2b: Arcanine|Arcanine-Hisui, L50, M|100\/100\n|-ability|p2b: Arcanine|Intimidate|boost\n|-unboost|p1a: Flutter Mane|atk|1\n|-fail|p1b: Landorus|unboost|[from] item: Clear Amulet|[of] p1b: Landorus\n|turn|5\n|\n|t:|1700752953\n|-end|p1a: Flutter Mane|Protosynthesis|[silent]\n|switch|p1a: Infernape|Infernape, L50, M|100\/100\n|switch|p2a: Flutter Mane|Flutter Mane, L50|100\/100\n|-terastallize|p1b: Landorus|Rock\n|move|p2b: Arcanine|Rock Slide|p1b: Landorus|[spread] p1b\n|-miss|p2b: Arcanine|p1a: Infernape\n|-damage|p1b: Landorus|60\/100\n|cant|p1b: Landorus|flinch\n|\n|-sideend|p2: sm_zem|move: Tailwind\n|upkeep\n|turn|6\n|inactive|sm_zem has 30 seconds left.\n|\n|t:|1700752982\n|-terastallize|p2a: Flutter Mane|Fairy\n|move|p1a: Infernape|Fake Out|p2b: Arcanine\n|-resisted|p2b: Arcanine\n|-damage|p2b: Arcanine|92\/100\n|move|p2a: Flutter Mane|Dazzling Gleam|p1a: Infernape|[spread] p1a,p1b\n|-crit|p1a: Infernape\n|-damage|p1a: Infernape|19\/100\n|-damage|p1b: Landorus|1\/100\n|cant|p2b: Arcanine|flinch\n|move|p1b: Landorus|Rock Slide|p2b: Arcanine|[spread] p2b\n|-miss|p1b: Landorus|p2a: Flutter Mane\n|-supereffective|p2b: Arcanine\n|-damage|p2b: Arcanine|25\/100\n|\n|upkeep\n|turn|7\n|\n|t:|1700753006\n|move|p1a: Infernape|Mach Punch|p2b: Arcanine\n|-supereffective|p2b: Arcanine\n|-damage|p2b: Arcanine|0 fnt\n|faint|p2b: Arcanine\n|move|p2a: Flutter Mane|Dazzling Gleam|p1a: Infernape|[spread] p1a,p1b\n|-damage|p1a: Infernape|0 fnt\n|-damage|p1b: Landorus|0 fnt\n|faint|p1a: Infernape\n|faint|p1b: Landorus\n|\n|upkeep\n|\n|t:|1700753016\n|switch|p2b: Tornadus|Tornadus, L50, M|77\/100\n|switch|p1b: Chien-Pao|Chien-Pao, L50|100\/100\n|switch|p1a: Flutter Mane|Flutter Mane, L50|100\/100\n|-ability|p1b: Chien-Pao|Sword of Ruin\n|turn|8\n|\n|t:|1700753030\n|move|p2b: Tornadus|Tailwind|p2b: Tornadus\n|-sidestart|p2: sm_zem|move: Tailwind\n|move|p2a: Flutter Mane|Dazzling Gleam|p1a: Flutter Mane|[spread] p1a,p1b\n|-supereffective|p1b: Chien-Pao\n|-damage|p1a: Flutter Mane|45\/100\n|-enditem|p1b: Chien-Pao|Focus Sash\n|-damage|p1b: Chien-Pao|1\/100\n|move|p1a: Flutter Mane|Icy Wind|p2a: Flutter Mane|[spread] p2a,p2b\n|-supereffective|p2b: Tornadus\n|-damage|p2a: Flutter Mane|88\/100\n|-damage|p2b: Tornadus|54\/100\n|-unboost|p2a: Flutter Mane|spe|1\n|-unboost|p2b: Tornadus|spe|1\n|move|p1b: Chien-Pao|Icicle Crash|p2b: Tornadus\n|-supereffective|p2b: Tornadus\n|-damage|p2b: Tornadus|0 fnt\n|faint|p2b: Tornadus\n|\n|upkeep\n|turn|9\n|\n|t:|1700753054\n|move|p1a: Flutter Mane|Protect|p1a: Flutter Mane\n|-singleturn|p1a: Flutter Mane|Protect\n|move|p1b: Chien-Pao|Sucker Punch|p2a: Flutter Mane\n|-resisted|p2a: Flutter Mane\n|-damage|p2a: Flutter Mane|47\/100\n|move|p2a: Flutter Mane|Dazzling Gleam|p1b: Chien-Pao|[spread] p1b\n|-activate|p1a: Flutter Mane|move: Protect\n|-supereffective|p1b: Chien-Pao\n|-damage|p1b: Chien-Pao|0 fnt\n|faint|p1b: Chien-Pao\n|\n|upkeep\n|turn|10\n|\n|t:|1700753067\n|move|p2a: Flutter Mane|Dazzling Gleam|p1a: Flutter Mane\n|-damage|p1a: Flutter Mane|0 fnt\n|faint|p1a: Flutter Mane\n|-end|p1a: Flutter Mane|Protosynthesis|[silent]\n|\n|win|sm_zem\n|raw|Hskshdbdj's rating: 1000 &rarr; <strong>1000<\/strong><br \/>(+0 for losing)\n|raw|sm_zem's rating: 1076 &rarr; <strong>1098<\/strong><br \/>(+22 for winning)\n|l|\u2606Hskshdbdj\n","uploadtime":1700753076,"views":0,"p1id":"hskshdbdj","p2id":"smzem","formatid":"gen9vgc2023regulatione","rating":1000,"private":0,"password":""}