{"id":"gen9vgc2023regulatione-2000516154","p1":"Aytheta","p2":"Copper05","format":"[Gen 9] VGC 2023 Regulation E","log":"|j|\u2606Aytheta\n|j|\u2606Copper05\n|t:|1701201371\n|gametype|doubles\n|player|p1|Aytheta|shauntal|1104\n|player|p2|Copper05|wallace|1141\n|teamsize|p1|6\n|teamsize|p2|6\n|gen|9\n|tier|[Gen 9] VGC 2023 Regulation E\n|rated|\n|rule|Species Clause: Limit one of each Pok\u00e9mon\n|rule|Item Clause: Limit one of each item\n|clearpoke\n|poke|p1|Ninetales-Alola, L50, F|\n|poke|p1|Baxcalibur, L50, F|\n|poke|p1|Ogerpon-Wellspring, L50, F|\n|poke|p1|Fezandipiti, L50, M|\n|poke|p1|Rillaboom, L50, F|\n|poke|p1|Volcarona, L50, F|\n|poke|p2|Clefairy, L50, F|\n|poke|p2|Zapdos, L50|\n|poke|p2|Rillaboom, L50, M|\n|poke|p2|Flutter Mane, L50|\n|poke|p2|Tatsugiri, L50, F|\n|poke|p2|Dondozo, L50, M|\n|teampreview|4\n|inactive|Battle timer is ON: inactive players will automatically lose when time's up. (requested by Aytheta)\n|\n|t:|1701201392\n|start\n|switch|p1a: Sparkledog|Ninetales-Alola, L50, F|100\/100\n|switch|p1b: Oww Oof My Booones|Baxcalibur, L50, F|100\/100\n|switch|p2a: Rillaboom|Rillaboom, L50, M|100\/100\n|switch|p2b: Zapdos|Zapdos, L50|100\/100\n|-weather|Snow|[from] ability: Snow Warning|[of] p1a: Sparkledog\n|-fieldstart|move: Grassy Terrain|[from] ability: Grassy Surge|[of] p2a: Rillaboom\n|turn|1\n|inactive|Copper05 has 30 seconds left.\n|inactive|Aytheta has 30 seconds left.\n|\n|t:|1701201424\n|-terastallize|p2a: Rillaboom|Grass\n|move|p1b: Oww Oof My Booones|Ice Shard|p2b: Zapdos\n|-supereffective|p2b: Zapdos\n|-damage|p2b: Zapdos|58\/100\n|move|p2a: Rillaboom|Grassy Glide|p1a: Sparkledog\n|-damage|p1a: Sparkledog|40\/100\n|move|p1a: Sparkledog|Blizzard|p2b: Zapdos|[spread] p2a,p2b\n|-supereffective|p2a: Rillaboom\n|-supereffective|p2b: Zapdos\n|-damage|p2a: Rillaboom|33\/100\n|-damage|p2b: Zapdos|0 fnt\n|faint|p2b: Zapdos\n|\n|-weather|Snow|[upkeep]\n|-heal|p1a: Sparkledog|46\/100|[from] Grassy Terrain\n|-heal|p2a: Rillaboom|39\/100|[from] Grassy Terrain\n|upkeep\n|\n|t:|1701201437\n|switch|p2b: Dondozo|Dondozo, L50, M|100\/100\n|turn|2\n|\n|t:|1701201445\n|move|p1b: Oww Oof My Booones|Ice Shard|p2a: Rillaboom\n|-supereffective|p2a: Rillaboom\n|-damage|p2a: Rillaboom|0 fnt\n|faint|p2a: Rillaboom\n|move|p1a: Sparkledog|Aurora Veil|p1a: Sparkledog\n|-sidestart|p1: Aytheta|move: Aurora Veil\n|move|p2b: Dondozo|Substitute|p2b: Dondozo\n|-start|p2b: Dondozo|Substitute\n|-damage|p2b: Dondozo|76\/100\n|\n|-weather|Snow|[upkeep]\n|-heal|p1a: Sparkledog|52\/100|[from] Grassy Terrain\n|-heal|p2b: Dondozo|82\/100|[from] Grassy Terrain\n|-heal|p2b: Dondozo|88\/100|[from] item: Leftovers\n|upkeep\n|\n|t:|1701201448\n|switch|p2a: Tatsugiri|Tatsugiri, L50, F|100\/100\n|-activate|p2a: Tatsugiri|ability: Commander|[of] p2b: Dondozo\n|-boost|p2b: Dondozo|atk|2\n|-boost|p2b: Dondozo|spa|2\n|-boost|p2b: Dondozo|spe|2\n|-boost|p2b: Dondozo|def|2\n|-boost|p2b: Dondozo|spd|2\n|turn|3\n|\n|t:|1701201471\n|move|p1a: Sparkledog|Moonblast|p2b: Dondozo\n|-activate|p2b: Dondozo|move: Substitute|[damage]\n|move|p2b: Dondozo|Order Up|p1b: Oww Oof My Booones\n|-supereffective|p1b: Oww Oof My Booones\n|-damage|p1b: Oww Oof My Booones|60\/100\n|-boost|p2b: Dondozo|atk|1\n|move|p1b: Oww Oof My Booones|Glaive Rush|p2b: Dondozo\n|-end|p2b: Dondozo|Substitute\n|-singlemove|p1b: Oww Oof My Booones|Glaive Rush|[silent]\n|\n|-weather|Snow|[upkeep]\n|-heal|p1a: Sparkledog|58\/100|[from] Grassy Terrain\n|-heal|p2b: Dondozo|94\/100|[from] Grassy Terrain\n|-heal|p2b: Dondozo|100\/100|[from] item: Leftovers\n|-heal|p1b: Oww Oof My Booones|66\/100|[from] Grassy Terrain\n|upkeep\n|turn|4\n|inactive|Aytheta has 30 seconds left.\n|\n|t:|1701201497\n|move|p1b: Oww Oof My Booones|Protect|p1b: Oww Oof My Booones\n|-singleturn|p1b: Oww Oof My Booones|Protect\n|move|p1a: Sparkledog|Blizzard|p2a: Tatsugiri|[spread] p2b\n|-miss|p1a: Sparkledog|p2a: Tatsugiri\n|-resisted|p2b: Dondozo\n|-damage|p2b: Dondozo|93\/100\n|move|p2b: Dondozo|Order Up|p1b: Oww Oof My Booones\n|-activate|p1b: Oww Oof My Booones|move: Protect\n|\n|-weather|Snow|[upkeep]\n|-heal|p1a: Sparkledog|64\/100|[from] Grassy Terrain\n|-heal|p2b: Dondozo|99\/100|[from] Grassy Terrain\n|-heal|p2b: Dondozo|100\/100|[from] item: Leftovers\n|-heal|p1b: Oww Oof My Booones|72\/100|[from] Grassy Terrain\n|upkeep\n|turn|5\n|\n|t:|1701201515\n|move|p1a: Sparkledog|Blizzard|p2b: Dondozo|[spread] p2b\n|-miss|p1a: Sparkledog|p2a: Tatsugiri\n|-resisted|p2b: Dondozo\n|-damage|p2b: Dondozo|93\/100\n|move|p2b: Dondozo|Order Up|p1b: Oww Oof My Booones\n|-supereffective|p1b: Oww Oof My Booones\n|-damage|p1b: Oww Oof My Booones|24\/100\n|-boost|p2b: Dondozo|atk|1\n|move|p1b: Oww Oof My Booones|Glaive Rush|p2b: Dondozo\n|-damage|p2b: Dondozo|66\/100\n|-singlemove|p1b: Oww Oof My Booones|Glaive Rush|[silent]\n|\n|-weather|none\n|-heal|p1a: Sparkledog|70\/100|[from] Grassy Terrain\n|-heal|p2b: Dondozo|73\/100|[from] Grassy Terrain\n|-heal|p2b: Dondozo|79\/100|[from] item: Leftovers\n|-heal|p1b: Oww Oof My Booones|30\/100|[from] Grassy Terrain\n|-fieldend|move: Grassy Terrain\n|upkeep\n|turn|6\n|inactive|Aytheta has 30 seconds left.\n|\n|t:|1701201544\n|move|p1b: Oww Oof My Booones|Protect|p1b: Oww Oof My Booones\n|-singleturn|p1b: Oww Oof My Booones|Protect\n|move|p1a: Sparkledog|Snowscape|p1a: Sparkledog\n|-weather|Snow\n|move|p2b: Dondozo|Substitute|p2b: Dondozo\n|-start|p2b: Dondozo|Substitute\n|-damage|p2b: Dondozo|54\/100\n|\n|-weather|Snow|[upkeep]\n|-heal|p2b: Dondozo|60\/100|[from] item: Leftovers\n|upkeep\n|turn|7\n|\n|t:|1701201563\n|move|p2b: Dondozo|Protect|p2b: Dondozo\n|-singleturn|p2b: Dondozo|Protect\n|move|p1a: Sparkledog|Blizzard|p2b: Dondozo|[spread] \n|-miss|p1a: Sparkledog|p2a: Tatsugiri\n|-activate|p2b: Dondozo|move: Protect\n|move|p1b: Oww Oof My Booones|Glaive Rush|p2b: Dondozo\n|-activate|p2b: Dondozo|move: Protect\n|\n|-weather|Snow|[upkeep]\n|-heal|p2b: Dondozo|66\/100|[from] item: Leftovers\n|upkeep\n|turn|8\n|\n|t:|1701201576\n|move|p1b: Oww Oof My Booones|Ice Shard|p2b: Dondozo\n|-resisted|p2b: Dondozo\n|-activate|p2b: Dondozo|move: Substitute|[damage]\n|move|p1a: Sparkledog|Blizzard|p2b: Dondozo|[spread] p2b\n|-miss|p1a: Sparkledog|p2a: Tatsugiri\n|-resisted|p2b: Dondozo\n|-activate|p2b: Dondozo|move: Substitute|[damage]\n|move|p2b: Dondozo|Order Up|p1b: Oww Oof My Booones\n|-supereffective|p1b: Oww Oof My Booones\n|-damage|p1b: Oww Oof My Booones|0 fnt\n|faint|p1b: Oww Oof My Booones\n|-boost|p2b: Dondozo|atk|1\n|\n|-weather|Snow|[upkeep]\n|-heal|p2b: Dondozo|73\/100|[from] item: Leftovers\n|upkeep\n|\n|t:|1701201593\n|switch|p1b: Is this Persona 5?|Ogerpon-Wellspring, L50, F|100\/100\n|turn|9\n|\n|t:|1701201599\n|move|p2b: Dondozo|Protect|p2b: Dondozo\n|-singleturn|p2b: Dondozo|Protect\n|move|p1b: Is this Persona 5?|Spiky Shield|p1b: Is this Persona 5?\n|-singleturn|p1b: Is this Persona 5?|move: Protect\n|move|p1a: Sparkledog|Moonblast|p2b: Dondozo\n|-activate|p2b: Dondozo|move: Protect\n|\n|-weather|Snow|[upkeep]\n|-heal|p2b: Dondozo|79\/100|[from] item: Leftovers\n|-sideend|p1: Aytheta|move: Aurora Veil\n|upkeep\n|turn|10\n|c|\u2606Aytheta|god this is lame\n|\n|t:|1701201621\n|-terastallize|p1b: Is this Persona 5?|Water\n|detailschange|p1b: Is this Persona 5?|Ogerpon-Wellspring-Tera, L50, F, tera:Water\n|-ability|p1b: Is this Persona 5?|Embody Aspect (Wellspring)|boost\n|-boost|p1b: Is this Persona 5?|spd|1\n|move|p1a: Sparkledog|Moonblast|p2b: Dondozo\n|-end|p2b: Dondozo|Substitute\n|move|p2b: Dondozo|Order Up|p1b: Is this Persona 5?\n|-damage|p1b: Is this Persona 5?|4\/100\n|-boost|p2b: Dondozo|atk|1\n|move|p1b: Is this Persona 5?|Horn Leech|p2b: Dondozo\n|-supereffective|p2b: Dondozo\n|-damage|p2b: Dondozo|41\/100\n|-heal|p1b: Is this Persona 5?|28\/100|[from] drain|[of] p2b: Dondozo\n|\n|-weather|none\n|-heal|p2b: Dondozo|47\/100|[from] item: Leftovers\n|upkeep\n|turn|11\n|\n|t:|1701201643\n|move|p2b: Dondozo|Protect|p2b: Dondozo\n|-singleturn|p2b: Dondozo|Protect\n|move|p1a: Sparkledog|Moonblast|p2b: Dondozo\n|-activate|p2b: Dondozo|move: Protect\n|move|p1b: Is this Persona 5?|Horn Leech|p2b: Dondozo\n|-activate|p2b: Dondozo|move: Protect\n|\n|-heal|p2b: Dondozo|53\/100|[from] item: Leftovers\n|upkeep\n|turn|12\n|\n|t:|1701201658\n|move|p1a: Sparkledog|Blizzard|p2b: Dondozo|[spread] p2b\n|-miss|p1a: Sparkledog|p2a: Tatsugiri\n|-resisted|p2b: Dondozo\n|-damage|p2b: Dondozo|46\/100\n|move|p2b: Dondozo|Order Up|p1b: Is this Persona 5?\n|-damage|p1b: Is this Persona 5?|0 fnt\n|faint|p1b: Is this Persona 5?\n|-boost|p2b: Dondozo|atk|0\n|\n|-heal|p2b: Dondozo|52\/100|[from] item: Leftovers\n|upkeep\n|\n|t:|1701201670\n|switch|p1b: Big Bad Bug|Volcarona, L50, F|100\/100\n|turn|13\n|\n|t:|1701201686\n|move|p1a: Sparkledog|Blizzard|p2a: Tatsugiri|[spread] p2b\n|-miss|p1a: Sparkledog|p2a: Tatsugiri\n|-resisted|p2b: Dondozo\n|-damage|p2b: Dondozo|45\/100\n|move|p2b: Dondozo|Wave Crash|p1b: Big Bad Bug\n|-supereffective|p1b: Big Bad Bug\n|-damage|p1b: Big Bad Bug|0 fnt\n|-status|p2b: Dondozo|brn|[from] ability: Flame Body|[of] p1b: Big Bad Bug\n|faint|p1b: Big Bad Bug\n|-damage|p2b: Dondozo|20\/100 brn|[from] Recoil\n|\n|-heal|p2b: Dondozo|26\/100 brn|[from] item: Leftovers\n|-damage|p2b: Dondozo|20\/100 brn|[from] brn\n|upkeep\n|turn|14\n|c|\u2606Aytheta|imagine stalling in doubles\n|\n|t:|1701201704\n|move|p1a: Sparkledog|Moonblast|p2b: Dondozo\n|-damage|p2b: Dondozo|4\/100 brn\n|move|p2b: Dondozo|Wave Crash|p1a: Sparkledog\n|-damage|p1a: Sparkledog|0 fnt\n|faint|p1a: Sparkledog\n|-damage|p2b: Dondozo|0 fnt|[from] Recoil\n|faint|p2b: Dondozo\n|\n|win|Copper05\n|raw|Aytheta's rating: 1104 &rarr; <strong>1082<\/strong><br \/>(-22 for losing)\n|raw|Copper05's rating: 1141 &rarr; <strong>1163<\/strong><br \/>(+22 for winning)\n|l|\u2606Aytheta\n","uploadtime":1701201735,"views":2,"p1id":"aytheta","p2id":"copper05","formatid":"gen9vgc2023regulatione","rating":1082,"private":0,"password":""}