{"id":"gen9vgc2023regulatione-1998733903","p1":"haamgamer07","p2":"nagashi375","format":"[Gen 9] VGC 2023 Regulation E","log":"|j|\u2606haamgamer07\n|j|\u2606nagashi375\n|t:|1700979959\n|gametype|doubles\n|player|p1|haamgamer07|266|1335\n|player|p2|nagashi375|169|1399\n|teamsize|p1|6\n|teamsize|p2|6\n|gen|9\n|tier|[Gen 9] VGC 2023 Regulation E\n|rated|\n|rule|Species Clause: Limit one of each Pok\u00e9mon\n|rule|Item Clause: Limit one of each item\n|clearpoke\n|poke|p1|Flutter Mane, L50|\n|poke|p1|Iron Hands, L50|\n|poke|p1|Ogerpon-Hearthflame, L50, F|\n|poke|p1|Cresselia, L50, F|\n|poke|p1|Ursaluna, L50, F|\n|poke|p1|Empoleon, L50, F|\n|poke|p2|Ninetales-Alola, L50, M|\n|poke|p2|Iron Hands, L50|\n|poke|p2|Ogerpon-Wellspring, L50, F|\n|poke|p2|Rillaboom, L50, M|\n|poke|p2|Tornadus, L50, M|\n|poke|p2|Heatran, L50, F|\n|teampreview|4\n|inactive|Battle timer is ON: inactive players will automatically lose when time's up. (requested by haamgamer07)\n|inactive|haamgamer07 has 60 seconds left.\n|\n|t:|1700980029\n|start\n|switch|p1a: Flutter Mane|Flutter Mane, L50|100\/100\n|switch|p1b: Iron Hands|Iron Hands, L50|100\/100\n|switch|p2a: Iron Hands|Iron Hands, L50|100\/100\n|switch|p2b: Ninetales|Ninetales-Alola, L50, M|100\/100\n|-weather|Snow|[from] ability: Snow Warning|[of] p2b: Ninetales\n|turn|1\n|inactive|haamgamer07 has 30 seconds left.\n|inactive|haamgamer07 has 20 seconds left.\n|\n|t:|1700980065\n|-end|p1a: Flutter Mane|Protosynthesis|[silent]\n|switch|p1a: Ogerpon|Ogerpon-Hearthflame, L50, F|100\/100\n|-ability|p1a: Ogerpon|Mold Breaker\n|-end|p2a: Iron Hands|Quark Drive|[silent]\n|switch|p2a: Heatran|Heatran, L50, F|100\/100\n|move|p2b: Ninetales|Protect|p2b: Ninetales\n|-singleturn|p2b: Ninetales|Protect\n|move|p1b: Iron Hands|Fake Out|p2b: Ninetales\n|-activate|p2b: Ninetales|move: Protect\n|\n|-weather|Snow|[upkeep]\n|upkeep\n|turn|2\n|inactive|haamgamer07 has 30 seconds left.\n|inactive|nagashi375 has 30 seconds left.\n|inactive|haamgamer07 has 20 seconds left.\n|inactive|haamgamer07 has 15 seconds left.\n|inactive|nagashi375 has 20 seconds left.\n|inactive|haamgamer07 has 10 seconds left.\n|inactive|haamgamer07 has 5 seconds left.\n|\n|t:|1700980115\n|-end|p1b: Iron Hands|Quark Drive|[silent]\n|switch|p1b: Flutter Mane|Flutter Mane, L50|100\/100\n|-terastallize|p2a: Heatran|Fairy\n|move|p2b: Ninetales|Aurora Veil|p2b: Ninetales\n|-sidestart|p2: nagashi375|move: Aurora Veil\n|move|p1a: Ogerpon|Ivy Cudgel|p2a: Heatran|[anim] Ivy Cudgel Fire\n|-crit|p2a: Heatran\n|-damage|p2a: Heatran|30\/100\n|move|p2a: Heatran|Earth Power|p1b: Flutter Mane\n|-damage|p1b: Flutter Mane|57\/100\n|-damage|p2a: Heatran|21\/100|[from] item: Life Orb\n|\n|-weather|Snow|[upkeep]\n|upkeep\n|turn|3\n|inactive|nagashi375 has 30 seconds left.\n|\n|t:|1700980142\n|move|p2a: Heatran|Protect|p2a: Heatran\n|-singleturn|p2a: Heatran|Protect\n|move|p1b: Flutter Mane|Shadow Ball|p2a: Heatran\n|-activate|p2a: Heatran|move: Protect\n|move|p2b: Ninetales|Blizzard|p1b: Flutter Mane|[spread] p1a,p1b\n|-damage|p1a: Ogerpon|67\/100\n|-damage|p1b: Flutter Mane|28\/100\n|move|p1a: Ogerpon|Ivy Cudgel|p2b: Ninetales|[anim] Ivy Cudgel Fire\n|-supereffective|p2b: Ninetales\n|-damage|p2b: Ninetales|21\/100\n|\n|-weather|Snow|[upkeep]\n|upkeep\n|turn|4\n|inactive|haamgamer07 has 30 seconds left.\n|inactive|haamgamer07 has 20 seconds left.\n|\n|t:|1700980177\n|switch|p2a: Iron Hands|Iron Hands, L50|100\/100\n|move|p1b: Flutter Mane|Shadow Ball|p2a: Iron Hands\n|-damage|p2a: Iron Hands|84\/100\n|move|p2b: Ninetales|Blizzard|p1a: Ogerpon|[spread] p1a,p1b\n|-damage|p1a: Ogerpon|38\/100\n|-damage|p1b: Flutter Mane|0 fnt\n|faint|p1b: Flutter Mane\n|-end|p1b: Flutter Mane|Protosynthesis|[silent]\n|move|p1a: Ogerpon|Ivy Cudgel|p2b: Ninetales|[anim] Ivy Cudgel Fire\n|-supereffective|p2b: Ninetales\n|-damage|p2b: Ninetales|0 fnt\n|faint|p2b: Ninetales\n|\n|-weather|Snow|[upkeep]\n|upkeep\n|\n|t:|1700980202\n|switch|p1b: Iron Hands|Iron Hands, L50|100\/100\n|switch|p2b: Rillaboom|Rillaboom, L50, M|100\/100\n|-fieldstart|move: Grassy Terrain|[from] ability: Grassy Surge|[of] p2b: Rillaboom\n|turn|5\n|inactive|haamgamer07 has 30 seconds left.\n|inactive|nagashi375 has 30 seconds left.\n|\n|t:|1700980235\n|move|p1a: Ogerpon|Spiky Shield|p1a: Ogerpon\n|-singleturn|p1a: Ogerpon|move: Protect\n|move|p1b: Iron Hands|Fake Out|p2b: Rillaboom\n|-damage|p2b: Rillaboom|90\/100\n|cant|p2b: Rillaboom|flinch\n|move|p2a: Iron Hands|Drain Punch|p1a: Ogerpon\n|-activate|p1a: Ogerpon|move: Protect\n|-damage|p2a: Iron Hands|72\/100|[from] Spiky Shield|[of] p1a: Ogerpon\n|\n|-weather|none\n|-heal|p1a: Ogerpon|43\/100|[from] Grassy Terrain\n|-heal|p2b: Rillaboom|96\/100|[from] Grassy Terrain\n|-heal|p2a: Iron Hands|78\/100|[from] Grassy Terrain\n|upkeep\n|turn|6\n|inactive|haamgamer07 has 30 seconds left.\n|inactive|nagashi375 has 30 seconds left.\n|\n|t:|1700980265\n|move|p1a: Ogerpon|Ivy Cudgel|p2b: Rillaboom|[anim] Ivy Cudgel Fire\n|-supereffective|p2b: Rillaboom\n|-damage|p2b: Rillaboom|20\/100\n|move|p2b: Rillaboom|Knock Off|p1a: Ogerpon\n|-damage|p1a: Ogerpon|17\/100\n|move|p1b: Iron Hands|Swords Dance|p1b: Iron Hands\n|-boost|p1b: Iron Hands|atk|2\n|move|p2a: Iron Hands|Drain Punch|p1a: Ogerpon\n|-damage|p1a: Ogerpon|0 fnt\n|-heal|p2a: Iron Hands|84\/100|[from] drain|[of] p1a: Ogerpon\n|faint|p1a: Ogerpon\n|\n|-heal|p2b: Rillaboom|27\/100|[from] Grassy Terrain\n|-heal|p2a: Iron Hands|90\/100|[from] Grassy Terrain\n|upkeep\n|\n|t:|1700980283\n|switch|p1a: Ursaluna|Ursaluna, L50, F|100\/100\n|turn|7\n|\n|t:|1700980295\n|move|p1a: Ursaluna|Protect|p1a: Ursaluna\n|-singleturn|p1a: Ursaluna|Protect\n|move|p2b: Rillaboom|High Horsepower|p1b: Iron Hands\n|-supereffective|p1b: Iron Hands\n|-damage|p1b: Iron Hands|53\/100\n|move|p1b: Iron Hands|Drain Punch|p2b: Rillaboom\n|-damage|p2b: Rillaboom|0 fnt\n|-heal|p1b: Iron Hands|63\/100|[from] drain|[of] p2b: Rillaboom\n|faint|p2b: Rillaboom\n|move|p2a: Iron Hands|Drain Punch|p1b: Iron Hands\n|-damage|p1b: Iron Hands|37\/100\n|-heal|p2a: Iron Hands|100\/100|[from] drain|[of] p1b: Iron Hands\n|-enditem|p1b: Iron Hands|Sitrus Berry|[eat]\n|-heal|p1b: Iron Hands|62\/100|[from] item: Sitrus Berry\n|\n|-heal|p1b: Iron Hands|67\/100|[from] Grassy Terrain\n|-status|p1a: Ursaluna|brn|[from] item: Flame Orb\n|upkeep\n|\n|t:|1700980314\n|switch|p2b: Heatran|Heatran, L50, F, tera:Fairy|21\/100\n|turn|8\n|inactive|haamgamer07 has 30 seconds left.\n|\n|t:|1700980339\n|move|p2b: Heatran|Flash Cannon|p1a: Ursaluna\n|-damage|p1a: Ursaluna|57\/100 brn\n|-damage|p2b: Heatran|11\/100|[from] item: Life Orb\n|move|p1b: Iron Hands|Wild Charge|p2b: Heatran\n|-damage|p2b: Heatran|0 fnt\n|faint|p2b: Heatran\n|-damage|p1b: Iron Hands|65\/100|[from] Recoil\n|move|p1a: Ursaluna|Headlong Rush|p2a: Iron Hands\n|-supereffective|p2a: Iron Hands\n|-damage|p2a: Iron Hands|18\/100\n|-unboost|p1a: Ursaluna|def|1\n|-unboost|p1a: Ursaluna|spd|1\n|move|p2a: Iron Hands|Drain Punch|p1a: Ursaluna\n|-supereffective|p1a: Ursaluna\n|-crit|p1a: Ursaluna\n|-damage|p1a: Ursaluna|0 fnt\n|-heal|p2a: Iron Hands|40\/100|[from] drain|[of] p1a: Ursaluna\n|faint|p1a: Ursaluna\n|\n|-heal|p1b: Iron Hands|71\/100|[from] Grassy Terrain\n|-heal|p2a: Iron Hands|46\/100|[from] Grassy Terrain\n|upkeep\n|turn|9\n|inactive|nagashi375 has 30 seconds left.\n|\n|t:|1700980365\n|move|p1b: Iron Hands|Swords Dance|p1b: Iron Hands\n|-boost|p1b: Iron Hands|atk|2\n|move|p2a: Iron Hands|Drain Punch|p1b: Iron Hands\n|-crit|p1b: Iron Hands\n|-damage|p1b: Iron Hands|29\/100\n|-heal|p2a: Iron Hands|65\/100|[from] drain|[of] p1b: Iron Hands\n|\n|-heal|p1b: Iron Hands|35\/100|[from] Grassy Terrain\n|-heal|p2a: Iron Hands|71\/100|[from] Grassy Terrain\n|-sideend|p2: nagashi375|move: Aurora Veil\n|-fieldend|move: Grassy Terrain\n|upkeep\n|turn|10\n|\n|t:|1700980380\n|move|p1b: Iron Hands|Drain Punch|p2a: Iron Hands\n|-damage|p2a: Iron Hands|0 fnt\n|-heal|p1b: Iron Hands|74\/100|[from] drain|[of] p2a: Iron Hands\n|faint|p2a: Iron Hands\n|-end|p2a: Iron Hands|Quark Drive|[silent]\n|\n|win|haamgamer07\n|raw|haamgamer07's rating: 1335 &rarr; <strong>1359<\/strong><br \/>(+24 for winning)\n|raw|nagashi375's rating: 1399 &rarr; <strong>1375<\/strong><br \/>(-24 for losing)\n","uploadtime":1700980388,"views":8,"p1id":"haamgamer07","p2id":"nagashi375","formatid":"gen9vgc2023regulatione","rating":1359,"private":0,"password":""}