{"id":"gen9vgc2023regulatione-1992877037","p1":"LuckyBlowns","p2":"TheStarry1","format":"[Gen 9] VGC 2023 Regulation E","log":"|j|\u2606LuckyBlowns\n|j|\u2606TheStarry1\n|t:|1700243141\n|gametype|doubles\n|player|p1|LuckyBlowns|2|1245\n|player|p2|TheStarry1|lillie-z|1163\n|teamsize|p1|6\n|teamsize|p2|6\n|gen|9\n|tier|[Gen 9] VGC 2023 Regulation E\n|rated|\n|rule|Species Clause: Limit one of each Pok\u00e9mon\n|rule|Item Clause: Limit one of each item\n|clearpoke\n|poke|p1|Chien-Pao, L50|\n|poke|p1|Heatran, L50, F|\n|poke|p1|Dragapult, L50, M|\n|poke|p1|Farigiraf, L50, M|\n|poke|p1|Ogerpon-Wellspring, L50, F|\n|poke|p1|Clefairy, L50, M|\n|poke|p2|Dusclops, L50, M|\n|poke|p2|Ursaluna-Bloodmoon, L50, M|\n|poke|p2|Kingambit, L50, M|\n|poke|p2|Iron Hands, L50|\n|poke|p2|Arcanine-Hisui, L50, F|\n|poke|p2|Sinistcha, L50|\n|teampreview|4\n|\n|t:|1700243190\n|start\n|switch|p1a: Farigiraf|Farigiraf, L50, M|100\/100\n|switch|p1b: Chien-Pao|Chien-Pao, L50|100\/100\n|switch|p2a: Dusclops|Dusclops, L50, M|100\/100\n|switch|p2b: Iron Hands|Iron Hands, L50|100\/100\n|-ability|p1b: Chien-Pao|Sword of Ruin\n|-ability|p2a: Dusclops|Pressure\n|turn|1\n|\n|t:|1700243225\n|move|p1b: Chien-Pao|Ice Spinner|p2a: Dusclops\n|-damage|p2a: Dusclops|66\/100\n|move|p1a: Farigiraf|Nasty Plot|p1a: Farigiraf\n|-boost|p1a: Farigiraf|spa|2\n|move|p2b: Iron Hands|Drain Punch|p1b: Chien-Pao\n|-supereffective|p1b: Chien-Pao\n|-enditem|p1b: Chien-Pao|Focus Sash\n|-damage|p1b: Chien-Pao|1\/100\n|move|p2a: Dusclops|Trick Room|p2a: Dusclops\n|-fieldstart|move: Trick Room|[of] p2a: Dusclops\n|\n|upkeep\n|turn|2\n|\n|t:|1700243251\n|move|p1b: Chien-Pao|Protect|p1b: Chien-Pao\n|-singleturn|p1b: Chien-Pao|Protect\n|move|p2a: Dusclops|Pain Split|p1a: Farigiraf\n|-sethp|p1a: Farigiraf|72\/100|[from] move: Pain Split|[silent]\n|-sethp|p2a: Dusclops|100\/100|[from] move: Pain Split\n|move|p2b: Iron Hands|Drain Punch|p1b: Chien-Pao\n|-activate|p1b: Chien-Pao|move: Protect\n|move|p1a: Farigiraf|Trick Room|p1a: Farigiraf\n|-fieldend|move: Trick Room\n|\n|upkeep\n|turn|3\n|\n|t:|1700243269\n|move|p1b: Chien-Pao|Ice Spinner|p2a: Dusclops\n|-damage|p2a: Dusclops|64\/100\n|move|p1a: Farigiraf|Psyshock|p2b: Iron Hands\n|-supereffective|p2b: Iron Hands\n|-damage|p2b: Iron Hands|0 fnt\n|faint|p2b: Iron Hands\n|-end|p2b: Iron Hands|Quark Drive|[silent]\n|move|p2a: Dusclops|Taunt|p1a: Farigiraf\n|-start|p1a: Farigiraf|move: Taunt\n|\n|upkeep\n|\n|t:|1700243281\n|switch|p2b: Kingambit|Kingambit, L50, M|100\/100\n|turn|4\n|\n|t:|1700243306\n|move|p2b: Kingambit|Protect|p2b: Kingambit\n|-singleturn|p2b: Kingambit|Protect\n|move|p1b: Chien-Pao|Sacred Sword|p2b: Kingambit\n|-activate|p2b: Kingambit|move: Protect\n|move|p1a: Farigiraf|Psyshock|p2a: Dusclops\n|-damage|p2a: Dusclops|6\/100\n|move|p2a: Dusclops|Trick Room|p2a: Dusclops\n|-fieldstart|move: Trick Room|[of] p2a: Dusclops\n|\n|upkeep\n|turn|5\n|\n|t:|1700243328\n|switch|p1b: Heatran|Heatran, L50, F|100\/100\n|-terastallize|p2b: Kingambit|Fairy\n|move|p2a: Dusclops|Pain Split|p1a: Farigiraf\n|-sethp|p1a: Farigiraf|38\/100|[from] move: Pain Split|[silent]\n|-sethp|p2a: Dusclops|57\/100|[from] move: Pain Split\n|-enditem|p1a: Farigiraf|Sitrus Berry|[eat]\n|-heal|p1a: Farigiraf|63\/100|[from] item: Sitrus Berry\n|move|p2b: Kingambit|Kowtow Cleave|p1b: Heatran\n|-damage|p1b: Heatran|52\/100\n|move|p1a: Farigiraf|Psyshock|p2a: Dusclops\n|-damage|p2a: Dusclops|13\/100\n|\n|upkeep\n|turn|6\n|\n|t:|1700243357\n|move|p2a: Dusclops|Pain Split|p1a: Farigiraf\n|-sethp|p1a: Farigiraf|36\/100|[from] move: Pain Split|[silent]\n|-sethp|p2a: Dusclops|54\/100|[from] move: Pain Split\n|move|p2b: Kingambit|Kowtow Cleave|p1a: Farigiraf\n|-supereffective|p1a: Farigiraf\n|-damage|p1a: Farigiraf|0 fnt\n|faint|p1a: Farigiraf\n|move|p1b: Heatran|Heat Wave|p2a: Dusclops|[spread] p2a,p2b\n|-damage|p2a: Dusclops|30\/100\n|-damage|p2b: Kingambit|64\/100\n|-status|p2a: Dusclops|brn\n|\n|-damage|p2a: Dusclops|24\/100 brn|[from] brn\n|upkeep\n|\n|t:|1700243372\n|switch|p1a: Chien-Pao|Chien-Pao, L50|1\/100\n|-ability|p1a: Chien-Pao|Sword of Ruin\n|turn|7\n|\n|t:|1700243388\n|move|p2b: Kingambit|Protect|p2b: Kingambit\n|-singleturn|p2b: Kingambit|Protect\n|move|p1a: Chien-Pao|Protect|p1a: Chien-Pao\n|-singleturn|p1a: Chien-Pao|Protect\n|move|p2a: Dusclops|Will-O-Wisp|p1a: Chien-Pao\n|-activate|p1a: Chien-Pao|move: Protect\n|move|p1b: Heatran|Heat Wave|p2a: Dusclops|[spread] p2a\n|-activate|p2b: Kingambit|move: Protect\n|-damage|p2a: Dusclops|3\/100 brn\n|\n|-damage|p2a: Dusclops|0 fnt|[from] brn\n|faint|p2a: Dusclops\n|upkeep\n|\n|t:|1700243403\n|switch|p2a: Arcanine|Arcanine-Hisui, L50, F|100\/100\n|-ability|p2a: Arcanine|Intimidate|boost\n|-unboost|p1a: Chien-Pao|atk|1\n|-unboost|p1b: Heatran|atk|1\n|turn|8\n|\n|t:|1700243421\n|-terastallize|p1b: Heatran|Grass\n|move|p1a: Chien-Pao|Sucker Punch|p2a: Arcanine\n|-damage|p2a: Arcanine|62\/100\n|move|p2b: Kingambit|Kowtow Cleave|p1b: Heatran\n|-damage|p1b: Heatran|0 fnt\n|faint|p1b: Heatran\n|move|p2a: Arcanine|Rock Slide|p1a: Chien-Pao\n|-supereffective|p1a: Chien-Pao\n|-damage|p1a: Chien-Pao|0 fnt\n|faint|p1a: Chien-Pao\n|\n|-fieldend|move: Trick Room\n|upkeep\n|\n|t:|1700243429\n|switch|p1b: Dragapult|Dragapult, L50, M|100\/100\n|turn|9\n|-message|LuckyBlowns forfeited.\n|\n|win|TheStarry1\n|raw|LuckyBlowns's rating: 1245 &rarr; <strong>1214<\/strong><br \/>(-31 for losing)\n|raw|TheStarry1's rating: 1163 &rarr; <strong>1194<\/strong><br \/>(+31 for winning)\n|l|\u2606LuckyBlowns\n","uploadtime":1700243446,"views":10,"p1id":"luckyblowns","p2id":"thestarry1","formatid":"gen9vgc2023regulatione","rating":1194,"private":0,"password":""}