{"id":"gen9vgc2023regulatione-1996718035","p1":"eltlxee","p2":"Zebbygene","format":"[Gen 9] VGC 2023 Regulation E","log":"|j|\u2606eltlxee\n|j|\u2606Zebbygene\n|n|\u2606eltlxee|eltlxee\n|n|\u2606Zebbygene|zebbygene\n|html|View the match progress at <a href=\"\/game-bestof3-gen9vgc2023regulatione-1996713817\">game-bestof3-gen9vgc2023regulatione-1996713817<\/a>\n|t:|1700713930\n|gametype|doubles\n|player|p1|eltlxee|ghetsis-gen5bw|\n|player|p2|Zebbygene|marlon|\n|teamsize|p1|6\n|teamsize|p2|6\n|gen|9\n|tier|[Gen 9] VGC 2023 Regulation E\n|rule|Species Clause: Limit one of each Pok\u00e9mon\n|rule|Item Clause: Limit one of each item\n|clearpoke\n|poke|p1|Gardevoir, L50, F|\n|poke|p1|Magnezone, L50|\n|poke|p1|Foongus, L50, M|\n|poke|p1|Thundurus-Therian, L50, M|\n|poke|p1|Urshifu-*, L50, M|\n|poke|p1|Politoed, L50, M|\n|poke|p2|Dondozo, L50, M|\n|poke|p2|Tatsugiri, L50, M|\n|poke|p2|Murkrow, L50, M|\n|poke|p2|Kleavor, L50, F|\n|poke|p2|Vespiquen, L50, F|\n|poke|p2|Dipplin, L50, M|\n|teampreview|4\neltlxee rejected open team sheets.\n|\n|t:|1700713969\n|start\n|switch|p1a: strike|Thundurus-Therian, L50, M|100\/100\n|switch|p1b: foonger|Foongus, L50, M|100\/100\n|switch|p2a: Big Fish|Dondozo, L50, M, shiny|100\/100\n|switch|p2b: Small Fish|Tatsugiri, L50, M, shiny|100\/100\n|-activate|p2b: Small Fish|ability: Commander|[of] p2a: Big Fish\n|-boost|p2a: Big Fish|atk|2\n|-boost|p2a: Big Fish|spa|2\n|-boost|p2a: Big Fish|spe|2\n|-boost|p2a: Big Fish|def|2\n|-boost|p2a: Big Fish|spd|2\n|turn|1\n|\n|t:|1700714002\n|-terastallize|p2a: Big Fish|Steel\n|move|p1a: strike|Protect|p1a: strike\n|-singleturn|p1a: strike|Protect\n|move|p2a: Big Fish|Wave Crash|p1a: strike\n|-activate|p1a: strike|move: Protect\n|move|p1b: foonger|Spore|p2a: Big Fish\n|-status|p2a: Big Fish|slp|[from] move: Spore\n|\n|upkeep\n|turn|2\n|\n|t:|1700714043\n|switch|p1b: frog|Politoed, L50, M|100\/100\n|-weather|RainDance|[from] ability: Drizzle|[of] p1b: frog\n|move|p1a: strike|Wildbolt Storm|p2b: Small Fish|[spread] p2a\n|-miss|p1a: strike|p2b: Small Fish\n|-damage|p2a: Big Fish|70\/100 slp\n|-damage|p1a: strike|91\/100|[from] item: Life Orb\n|cant|p2a: Big Fish|slp\n|\n|-weather|RainDance|[upkeep]\n|-heal|p2a: Big Fish|76\/100 slp|[from] item: Leftovers\n|upkeep\n|turn|3\n|\n|t:|1700714062\n|move|p1a: strike|Protect|p1a: strike\n|-singleturn|p1a: strike|Protect\n|cant|p2a: Big Fish|slp\n|move|p1b: frog|Haze|p1b: frog\n|-clearallboost\n|\n|-weather|RainDance|[upkeep]\n|-heal|p2a: Big Fish|83\/100 slp|[from] item: Leftovers\n|upkeep\n|turn|4\n|\n|t:|1700714086\n|switch|p1a: foonger|Foongus, L50, M|100\/100\n|move|p1b: frog|Weather Ball|p2a: Big Fish\n|-damage|p2a: Big Fish|32\/100 slp\n|-curestatus|p2a: Big Fish|slp|[msg]\n|move|p2a: Big Fish|Wave Crash|p1a: foonger\n|-resisted|p1a: foonger\n|-damage|p1a: foonger|70\/100\n|-damage|p2a: Big Fish|25\/100|[from] Recoil\n|\n|-weather|RainDance|[upkeep]\n|-heal|p2a: Big Fish|32\/100|[from] item: Leftovers\n|upkeep\n|turn|5\n|\n|t:|1700714111\n|move|p1b: frog|Weather Ball|p2a: Big Fish\n|-damage|p2a: Big Fish|0 fnt\n|faint|p2a: Big Fish\n|move|p1a: foonger|Spore|p2b: Small Fish\n|-status|p2b: Small Fish|slp|[from] move: Spore\n|\n|-weather|RainDance|[upkeep]\n|upkeep\n|\n|t:|1700714124\n|switch|p2a: Dipplin|Dipplin, L50, M, shiny|100\/100\n|-ability|p2a: Dipplin|Supersweet Syrup\n|-ability|p2a: Dipplin|Supersweet Syrup|boost\n|-unboost|p1a: foonger|evasion|1\n|-unboost|p1b: frog|evasion|1\n|turn|6\n|\n|t:|1700714148\n|switch|p1b: strike|Thundurus-Therian, L50, M|91\/100\n|cant|p2b: Small Fish|slp\n|move|p2a: Dipplin|Syrup Bomb|p1b: strike\n|-resisted|p1b: strike\n|-damage|p1b: strike|78\/100\n|-start|p1b: strike|Syrup Bomb\n|move|p1a: foonger|Pollen Puff|p1b: strike\n|-heal|p1b: strike|100\/100\n|\n|-weather|none\n|-unboost|p1b: strike|spe|1\n|upkeep\n|turn|7\n|\n|t:|1700714181\n|-terastallize|p1b: strike|Flying\n|move|p1a: foonger|Rage Powder|p1a: foonger\n|-singleturn|p1a: foonger|move: Rage Powder\n|cant|p2b: Small Fish|slp\n|move|p1b: strike|Tera Blast|p2a: Dipplin|[anim] Tera Blast Flying\n|-supereffective|p2a: Dipplin\n|-damage|p2a: Dipplin|0 fnt\n|faint|p2a: Dipplin\n|-damage|p1b: strike|91\/100|[from] item: Life Orb\n|\n|-unboost|p1b: strike|spe|1\n|upkeep\n|\n|t:|1700714191\n|switch|p2a: Vespiquen|Vespiquen, L50, F, shiny|100\/100\n|-ability|p2a: Vespiquen|Pressure\n|turn|8\n|\n|t:|1700714221\n|switch|p1b: frog|Politoed, L50, M|100\/100\n|-weather|RainDance|[from] ability: Drizzle|[of] p1b: frog\n|cant|p2b: Small Fish|slp\n|move|p2a: Vespiquen|Air Slash|p1a: foonger\n|-supereffective|p1a: foonger\n|-damage|p1a: foonger|24\/100\n|cant|p1a: foonger|flinch\n|\n|-weather|RainDance|[upkeep]\n|upkeep\n|turn|9\n|\n|t:|1700714242\n|-curestatus|p2b: Small Fish|slp|[msg]\n|move|p2b: Small Fish|Dragon Pulse|p1b: frog\n|-damage|p1b: frog|45\/100\n|-enditem|p1b: frog|Sitrus Berry|[eat]\n|-heal|p1b: frog|70\/100|[from] item: Sitrus Berry\n|move|p1b: frog|Weather Ball|p2a: Vespiquen\n|-damage|p2a: Vespiquen|66\/100\n|move|p2a: Vespiquen|Air Slash|p1a: foonger\n|-supereffective|p1a: foonger\n|-damage|p1a: foonger|0 fnt\n|faint|p1a: foonger\n|\n|-weather|RainDance|[upkeep]\n|upkeep\n|\n|t:|1700714257\n|switch|p1a: \u707e\u7978|Urshifu-Rapid-Strike, L50, M|100\/100\n|turn|10\n|\n|t:|1700714268\n|move|p1a: \u707e\u7978|Close Combat|p2b: Small Fish\n|-crit|p2b: Small Fish\n|-damage|p2b: Small Fish|0 fnt\n|-unboost|p1a: \u707e\u7978|def|1\n|-unboost|p1a: \u707e\u7978|spd|1\n|faint|p2b: Small Fish\n|move|p1b: frog|Weather Ball|p2a: Vespiquen\n|-damage|p2a: Vespiquen|34\/100\n|move|p2a: Vespiquen|Air Slash|p1a: \u707e\u7978\n|-supereffective|p1a: \u707e\u7978\n|-enditem|p1a: \u707e\u7978|Focus Sash\n|-damage|p1a: \u707e\u7978|1\/100\n|\n|-weather|RainDance|[upkeep]\n|upkeep\n|turn|11\n|\n|t:|1700714284\n|move|p1a: \u707e\u7978|Surging Strikes|p2a: Vespiquen\n|-crit|p2a: Vespiquen\n|-damage|p2a: Vespiquen|10\/100\n|-crit|p2a: Vespiquen\n|-damage|p2a: Vespiquen|0 fnt\n|faint|p2a: Vespiquen\n|-hitcount|p2: Vespiquen|2\n|\n|win|eltlxee\n|c|\u2606Zebbygene|gg\n|c|\u2606eltlxee|ggs\n|l|\u2606Zebbygene\n","uploadtime":1700714311,"views":6,"p1id":"eltlxee","p2id":"zebbygene","formatid":"gen9vgc2023regulatione","rating":0,"private":0,"password":""}