{"id":"gen9vgc2023regulatione-1992121785","p1":"Cjj22","p2":"heavenz11","format":"[Gen 9] VGC 2023 Regulation E","log":"|j|\u2606Cjj22\n|j|\u2606heavenz11\n|t:|1700156864\n|gametype|doubles\n|player|p1|Cjj22|n|1200\n|player|p2|heavenz11|volkner|1113\n|teamsize|p1|6\n|teamsize|p2|6\n|gen|9\n|tier|[Gen 9] VGC 2023 Regulation E\n|rated|\n|rule|Species Clause: Limit one of each Pok\u00e9mon\n|rule|Item Clause: Limit one of each item\n|clearpoke\n|poke|p1|Articuno, L50|\n|poke|p1|Chien-Pao, L50|\n|poke|p1|Dragonite, L50, F|\n|poke|p1|Amoonguss, L50, M|\n|poke|p1|Flutter Mane, L50|\n|poke|p1|Arcanine-Hisui, L50, F|\n|poke|p2|Tornadus, L50, M|\n|poke|p2|Urshifu-*, L50, F|\n|poke|p2|Farigiraf, L50, M|\n|poke|p2|Rillaboom, L50, F|\n|poke|p2|Heatran, L50, M|\n|poke|p2|Flutter Mane, L50|\n|teampreview|4\n|inactive|Battle timer is ON: inactive players will automatically lose when time's up. (requested by Cjj22)\n|inactive|Cjj22 has 60 seconds left.\n|\n|t:|1700156910\n|start\n|switch|p1a: Chien-Pao|Chien-Pao, L50|100\/100\n|switch|p1b: Amoonguss|Amoonguss, L50, M|100\/100\n|switch|p2a: Farigiraf|Farigiraf, L50, M|100\/100\n|switch|p2b: Heatran|Heatran, L50, M|100\/100\n|-ability|p1a: Chien-Pao|Sword of Ruin\n|turn|1\n|\n|t:|1700156924\n|-terastallize|p2b: Heatran|Fairy\n|-terastallize|p1b: Amoonguss|Water\n|move|p1a: Chien-Pao|Lash Out|p2a: Farigiraf\n|-supereffective|p2a: Farigiraf\n|-damage|p2a: Farigiraf|0 fnt\n|faint|p2a: Farigiraf\n|move|p2b: Heatran|Heat Wave|p1a: Chien-Pao|[spread] p1a,p1b\n|-supereffective|p1a: Chien-Pao\n|-resisted|p1b: Amoonguss\n|-damage|p1a: Chien-Pao|0 fnt\n|-damage|p1b: Amoonguss|80\/100\n|faint|p1a: Chien-Pao\n|move|p1b: Amoonguss|Spore|p2b: Heatran\n|-status|p2b: Heatran|slp|[from] move: Spore\n|\n|upkeep\n|\n|t:|1700156940\n|switch|p1a: Articuno|Articuno, L50|100\/100\n|switch|p2a: Rillaboom|Rillaboom, L50, F|100\/100\n|-ability|p1a: Articuno|Pressure\n|-fieldstart|move: Grassy Terrain|[from] ability: Grassy Surge|[of] p2a: Rillaboom\n|turn|2\n|\n|t:|1700156952\n|switch|p1b: Dragonite|Dragonite, L50, F|100\/100\n|cant|p2b: Heatran|slp\n|move|p2a: Rillaboom|Grassy Glide|p1b: Dragonite\n|-resisted|p1b: Dragonite\n|-damage|p1b: Dragonite|92\/100\n|move|p1a: Articuno|Icy Wind|p2a: Rillaboom|[spread] p2a,p2b\n|-supereffective|p2a: Rillaboom\n|-damage|p2a: Rillaboom|80\/100\n|-damage|p2b: Heatran|88\/100 slp\n|-unboost|p2a: Rillaboom|spe|1\n|-unboost|p2b: Heatran|spe|1\n|\n|-heal|p2a: Rillaboom|86\/100|[from] Grassy Terrain\n|-heal|p2b: Heatran|94\/100 slp|[from] Grassy Terrain\n|-heal|p2b: Heatran|99\/100 slp|[from] item: Leftovers\n|upkeep\n|turn|3\n|\n|t:|1700156973\n|move|p1a: Articuno|Tera Blast|p2b: Heatran\n|-damage|p2b: Heatran|85\/100 slp\n|move|p1b: Dragonite|Iron Head|p2b: Heatran\n|-supereffective|p2b: Heatran\n|-crit|p2b: Heatran\n|-damage|p2b: Heatran|12\/100 slp\n|move|p2a: Rillaboom|U-turn|p1b: Dragonite\n|-resisted|p1b: Dragonite\n|-crit|p1b: Dragonite\n|-damage|p1b: Dragonite|74\/100\n|\n|t:|1700156982\n|switch|p2a: Urshifu|Urshifu-Rapid-Strike, L50, F|100\/100|[from] U-turn\n|cant|p2b: Heatran|slp\n|\n|-heal|p2b: Heatran|18\/100 slp|[from] Grassy Terrain\n|-heal|p2b: Heatran|24\/100 slp|[from] item: Leftovers\n|upkeep\n|turn|4\n|inactive|Cjj22 has 30 seconds left.\n|\n|t:|1700157011\n|-curestatus|p2b: Heatran|slp|[msg]\n|move|p2b: Heatran|Protect|p2b: Heatran\n|-singleturn|p2b: Heatran|Protect\n|move|p1b: Dragonite|Extreme Speed|p2b: Heatran\n|-activate|p2b: Heatran|move: Protect\n|move|p2a: Urshifu|Surging Strikes|p1b: Dragonite\n|-resisted|p1b: Dragonite\n|-crit|p1b: Dragonite\n|-damage|p1b: Dragonite|64\/100\n|-resisted|p1b: Dragonite\n|-crit|p1b: Dragonite\n|-damage|p1b: Dragonite|54\/100\n|-resisted|p1b: Dragonite\n|-crit|p1b: Dragonite\n|-damage|p1b: Dragonite|44\/100\n|-hitcount|p1b: Dragonite|3\n|move|p1a: Articuno|Icy Wind|p2b: Heatran|[spread] p2a\n|-activate|p2b: Heatran|move: Protect\n|-resisted|p2a: Urshifu\n|-damage|p2a: Urshifu|91\/100\n|-unboost|p2a: Urshifu|spe|1\n|\n|-heal|p2a: Urshifu|97\/100|[from] Grassy Terrain\n|-heal|p2b: Heatran|30\/100|[from] Grassy Terrain\n|-heal|p2b: Heatran|36\/100|[from] item: Leftovers\n|upkeep\n|turn|5\n|inactive|Cjj22 has 30 seconds left.\n|inactive|heavenz11 has 30 seconds left.\n|\n|t:|1700157040\n|move|p2b: Heatran|Protect||[still]\n|-fail|p2b: Heatran\n|move|p1b: Dragonite|Extreme Speed|p2b: Heatran\n|-damage|p2b: Heatran|8\/100\n|move|p2a: Urshifu|Surging Strikes|p1b: Dragonite\n|-resisted|p1b: Dragonite\n|-crit|p1b: Dragonite\n|-damage|p1b: Dragonite|35\/100\n|-resisted|p1b: Dragonite\n|-crit|p1b: Dragonite\n|-damage|p1b: Dragonite|25\/100\n|-resisted|p1b: Dragonite\n|-crit|p1b: Dragonite\n|-damage|p1b: Dragonite|15\/100\n|-hitcount|p1b: Dragonite|3\n|move|p1a: Articuno|Icy Wind|p2b: Heatran|[spread] p2a,p2b\n|-resisted|p2a: Urshifu\n|-damage|p2a: Urshifu|87\/100\n|-damage|p2b: Heatran|0 fnt\n|-unboost|p2a: Urshifu|spe|1\n|faint|p2b: Heatran\n|\n|-heal|p2a: Urshifu|92\/100|[from] Grassy Terrain\n|upkeep\n|\n|t:|1700157058\n|switch|p2b: Rillaboom|Rillaboom, L50, F|86\/100\n|turn|6\n|\n|t:|1700157069\n|move|p2b: Rillaboom|Fake Out|p1b: Dragonite\n|-damage|p1b: Dragonite|1\/100\n|move|p1b: Dragonite|Extreme Speed|p2a: Urshifu\n|-damage|p2a: Urshifu|60\/100\n|move|p2a: Urshifu|Surging Strikes|p1a: Articuno\n|-crit|p1a: Articuno\n|-damage|p1a: Articuno|85\/100\n|-crit|p1a: Articuno\n|-damage|p1a: Articuno|70\/100\n|-crit|p1a: Articuno\n|-damage|p1a: Articuno|53\/100\n|-hitcount|p1a: Articuno|3\n|move|p1a: Articuno|Icy Wind|p2b: Rillaboom|[spread] p2a,p2b\n|-resisted|p2a: Urshifu\n|-supereffective|p2b: Rillaboom\n|-damage|p2a: Urshifu|49\/100\n|-damage|p2b: Rillaboom|65\/100\n|-unboost|p2a: Urshifu|spe|1\n|-unboost|p2b: Rillaboom|spe|1\n|\n|-heal|p2a: Urshifu|55\/100|[from] Grassy Terrain\n|-heal|p2b: Rillaboom|71\/100|[from] Grassy Terrain\n|-fieldend|move: Grassy Terrain\n|upkeep\n|turn|7\n|inactive|Cjj22 has 30 seconds left.\n|inactive|Cjj22 has 20 seconds left.\n|\n|t:|1700157109\n|switch|p1a: Amoonguss|Amoonguss, L50, M, tera:Water|100\/100\n|move|p1b: Dragonite|Dragon Claw|p2b: Rillaboom\n|-damage|p2b: Rillaboom|25\/100\n|move|p2a: Urshifu|Surging Strikes|p1a: Amoonguss\n|-resisted|p1a: Amoonguss\n|-crit|p1a: Amoonguss\n|-damage|p1a: Amoonguss|92\/100\n|-resisted|p1a: Amoonguss\n|-crit|p1a: Amoonguss\n|-damage|p1a: Amoonguss|84\/100\n|-resisted|p1a: Amoonguss\n|-crit|p1a: Amoonguss\n|-damage|p1a: Amoonguss|75\/100\n|-hitcount|p1a: Amoonguss|3\n|move|p2b: Rillaboom|Grassy Glide|p1b: Dragonite\n|-resisted|p1b: Dragonite\n|-damage|p1b: Dragonite|0 fnt\n|faint|p1b: Dragonite\n|\n|upkeep\n|\n|t:|1700157124\n|switch|p1b: Articuno|Articuno, L50|53\/100\n|-ability|p1b: Articuno|Pressure\n|turn|8\n|\n|t:|1700157133\n|move|p1a: Amoonguss|Protect|p1a: Amoonguss\n|-singleturn|p1a: Amoonguss|Protect\n|move|p1b: Articuno|Icy Wind|p2b: Rillaboom|[spread] p2a,p2b\n|-resisted|p2a: Urshifu\n|-supereffective|p2b: Rillaboom\n|-damage|p2a: Urshifu|43\/100\n|-damage|p2b: Rillaboom|5\/100\n|-unboost|p2a: Urshifu|spe|1\n|-unboost|p2b: Rillaboom|spe|1\n|move|p2a: Urshifu|Surging Strikes|p1b: Articuno\n|-crit|p1b: Articuno\n|-damage|p1b: Articuno|36\/100\n|-crit|p1b: Articuno\n|-damage|p1b: Articuno|18\/100\n|-crit|p1b: Articuno\n|-damage|p1b: Articuno|1\/100\n|-hitcount|p1b: Articuno|3\n|move|p2b: Rillaboom|Wood Hammer|p1a: Amoonguss\n|-activate|p1a: Amoonguss|move: Protect\n|\n|upkeep\n|turn|9\n|\n|t:|1700157153\n|move|p1b: Articuno|Icy Wind|p2b: Rillaboom|[spread] p2a,p2b\n|-resisted|p2a: Urshifu\n|-supereffective|p2b: Rillaboom\n|-damage|p2a: Urshifu|32\/100\n|-damage|p2b: Rillaboom|0 fnt\n|-unboost|p2a: Urshifu|spe|1\n|faint|p2b: Rillaboom\n|move|p2a: Urshifu|Surging Strikes|p1b: Articuno\n|-crit|p1b: Articuno\n|-damage|p1b: Articuno|0 fnt\n|faint|p1b: Articuno\n|-hitcount|p1: Articuno|1\n|move|p1a: Amoonguss|Spore|p2a: Urshifu\n|-status|p2a: Urshifu|slp|[from] move: Spore\n|\n|upkeep\n|turn|10\n|\n|t:|1700157166\n|cant|p2a: Urshifu|slp\n|move|p1a: Amoonguss|Pollen Puff|p2a: Urshifu\n|-resisted|p2a: Urshifu\n|-damage|p2a: Urshifu|19\/100 slp\n|\n|upkeep\n|turn|11\n|\n|t:|1700157173\n|-curestatus|p2a: Urshifu|slp|[msg]\n|-activate|p2a: Urshifu|move: Struggle\n|move|p2a: Urshifu|Struggle|p1a: Amoonguss\n|-damage|p1a: Amoonguss|59\/100\n|-damage|p2a: Urshifu|0 fnt|[from] recoil\n|faint|p2a: Urshifu\n|\n|win|Cjj22\n|raw|Cjj22's rating: 1200 &rarr; <strong>1219<\/strong><br \/>(+19 for winning)\n|raw|heavenz11's rating: 1113 &rarr; <strong>1094<\/strong><br \/>(-19 for losing)\n|l|\u2606heavenz11\n","uploadtime":1700157185,"views":14,"p1id":"cjj22","p2id":"heavenz11","formatid":"gen9vgc2023regulatione","rating":1094,"private":0,"password":""}