{"id":"gen9vgc2023regulatione-1995386921","p1":"Refanner","p2":"gaelthevapemaster","format":"[Gen 9] VGC 2023 Regulation E","log":"|j|\u2606Refanner\n|j|\u2606gaelthevapemaster\n|t:|1700563825\n|gametype|doubles\n|player|p1|Refanner|265|1349\n|player|p2|gaelthevapemaster|102|1334\n|teamsize|p1|6\n|teamsize|p2|6\n|gen|9\n|tier|[Gen 9] VGC 2023 Regulation E\n|rated|\n|rule|Species Clause: Limit one of each Pok\u00e9mon\n|rule|Item Clause: Limit one of each item\n|clearpoke\n|poke|p1|Glimmora, L50, M|\n|poke|p1|Urshifu-*, L50, F|\n|poke|p1|Tornadus, L50, M|\n|poke|p1|Mamoswine, L50, F|\n|poke|p1|Indeedee-F, L50, F|\n|poke|p1|Regieleki, L50|\n|poke|p2|Arcanine, L50, F|\n|poke|p2|Grimmsnarl, L50, M|\n|poke|p2|Goodra, L50, F|\n|poke|p2|Snorlax, L50, M|\n|poke|p2|Sinistcha, L50|\n|poke|p2|Toxapex, L50, M|\n|teampreview|4\n|inactive|Battle timer is ON: inactive players will automatically lose when time's up. (requested by gaelthevapemaster)\n|inactive|Refanner has 60 seconds left.\n|inactive|Refanner has 30 seconds left.\n|\n|t:|1700563894\n|start\n|switch|p1a: Urshifu|Urshifu, L50, F|100\/100\n|switch|p1b: Indeedee|Indeedee-F, L50, F|100\/100\n|switch|p2a: Grimmsnarl|Grimmsnarl, L50, M|100\/100\n|switch|p2b: Goodra|Goodra, L50, F|100\/100\n|-fieldstart|move: Psychic Terrain|[from] ability: Psychic Surge|[of] p1b: Indeedee\n|-enditem|p1b: Indeedee|Psychic Seed\n|-boost|p1b: Indeedee|spd|1|[from] item: Psychic Seed\n|turn|1\n|inactive|Refanner has 30 seconds left.\n|inactive|Refanner has 20 seconds left.\n|inactive|Refanner has 15 seconds left.\n|\n|t:|1700563936\n|switch|p1b: Mamoswine|Mamoswine, L50, F|100\/100\n|move|p2a: Grimmsnarl|Reflect|p2a: Grimmsnarl\n|-sidestart|p2: gaelthevapemaster|Reflect\n|move|p1a: Urshifu|Substitute|p1a: Urshifu\n|-start|p1a: Urshifu|Substitute\n|-damage|p1a: Urshifu|76\/100\n|move|p2b: Goodra|Toxic||[still]\n|-fail|p2b: Goodra\n|\n|upkeep\n|turn|2\n|\n|t:|1700563950\n|switch|p2b: Arcanine|Arcanine, L50, F|100\/100\n|-ability|p2b: Arcanine|Intimidate|boost\n|-immune|p1a: Urshifu\n|-fail|p1b: Mamoswine|unboost|Attack|[from] ability: Oblivious|[of] p1b: Mamoswine\n|move|p1a: Urshifu|Wicked Blow|p2b: Arcanine\n|-crit|p2b: Arcanine\n|-damage|p2b: Arcanine|30\/100\n|move|p1b: Mamoswine|Icicle Crash|p2b: Arcanine\n|-resisted|p2b: Arcanine\n|-damage|p2b: Arcanine|9\/100\n|-damage|p1b: Mamoswine|91\/100|[from] item: Life Orb\n|move|p2a: Grimmsnarl|Spirit Break|p1a: Urshifu\n|-supereffective|p1a: Urshifu\n|-end|p1a: Urshifu|Substitute\n|\n|upkeep\n|turn|3\n|inactive|Refanner has 30 seconds left.\n|\n|t:|1700563978\n|move|p1a: Urshifu|Protect|p1a: Urshifu\n|-singleturn|p1a: Urshifu|Protect\n|move|p1b: Mamoswine|Ice Shard|p2b: Arcanine\n|-activate|p2b: Arcanine|move: Psychic Terrain\n|move|p2b: Arcanine|Flare Blitz|p1b: Mamoswine\n|-supereffective|p1b: Mamoswine\n|-damage|p1b: Mamoswine|0 fnt\n|faint|p1b: Mamoswine\n|-damage|p2b: Arcanine|0 fnt|[from] Recoil\n|faint|p2b: Arcanine\n|move|p2a: Grimmsnarl|Spirit Break|p1a: Urshifu\n|-activate|p1a: Urshifu|move: Protect\n|\n|upkeep\n|\n|t:|1700563999\n|switch|p2b: Goodra|Goodra, L50, F|100\/100\n|switch|p1b: Indeedee|Indeedee-F, L50, F|100\/100\n|turn|4\n|\n|t:|1700564008\n|move|p1b: Indeedee|Follow Me|p1b: Indeedee\n|-singleturn|p1b: Indeedee|move: Follow Me\n|move|p1a: Urshifu|Substitute|p1a: Urshifu\n|-start|p1a: Urshifu|Substitute\n|-damage|p1a: Urshifu|51\/100\n|move|p2b: Goodra|Acid Armor|p2b: Goodra\n|-boost|p2b: Goodra|def|2\n|move|p2a: Grimmsnarl|Spirit Break|p1b: Indeedee\n|-damage|p1b: Indeedee|71\/100\n|-unboost|p1b: Indeedee|spa|1\n|\n|upkeep\n|turn|5\n|inactive|Refanner has 30 seconds left.\n|inactive|Refanner has 20 seconds left.\n|inactive|Refanner has 15 seconds left.\n|inactive|Refanner has 10 seconds left.\n|\n|t:|1700564053\n|move|p1b: Indeedee|Helping Hand|p1a: Urshifu\n|-singleturn|p1a: Urshifu|Helping Hand|[of] p1b: Indeedee\n|move|p1a: Urshifu|Wicked Blow|p2b: Goodra\n|-crit|p2b: Goodra\n|-damage|p2b: Goodra|14\/100\n|move|p2b: Goodra|Body Press|p1b: Indeedee\n|-damage|p1b: Indeedee|34\/100\n|move|p2a: Grimmsnarl|Spirit Break|p1a: Urshifu\n|-supereffective|p1a: Urshifu\n|-crit|p1a: Urshifu\n|-end|p1a: Urshifu|Substitute\n|\n|-heal|p2b: Goodra|20\/100|[from] item: Leftovers\n|-fieldend|move: Psychic Terrain\n|upkeep\n|turn|6\n|inactive|Refanner has 30 seconds left.\n|inactive|gaelthevapemaster has 30 seconds left.\n|inactive|gaelthevapemaster has 20 seconds left.\n|\n|t:|1700564090\n|move|p1b: Indeedee|Follow Me|p1b: Indeedee\n|-singleturn|p1b: Indeedee|move: Follow Me\n|move|p1a: Urshifu|Wicked Blow|p2b: Goodra\n|-crit|p2b: Goodra\n|-damage|p2b: Goodra|0 fnt\n|faint|p2b: Goodra\n|move|p2a: Grimmsnarl|Spirit Break|p1b: Indeedee\n|-damage|p1b: Indeedee|3\/100\n|-unboost|p1b: Indeedee|spa|1\n|\n|upkeep\n|\n|t:|1700564094\n|switch|p2b: Sinistcha|Sinistcha, L50|100\/100\n|turn|7\n|\n|t:|1700564117\n|move|p1b: Indeedee|Helping Hand|p1a: Urshifu\n|-singleturn|p1a: Urshifu|Helping Hand|[of] p1b: Indeedee\n|move|p2a: Grimmsnarl|Light Screen|p2a: Grimmsnarl\n|-sidestart|p2: gaelthevapemaster|move: Light Screen\n|move|p1a: Urshifu|Wicked Blow|p2b: Sinistcha\n|-supereffective|p2b: Sinistcha\n|-crit|p2b: Sinistcha\n|-damage|p2b: Sinistcha|0 fnt\n|-damage|p1a: Urshifu|34\/100|[from] item: Rocky Helmet|[of] p2b: Sinistcha\n|faint|p2b: Sinistcha\n|\n|upkeep\n|turn|8\n|-message|gaelthevapemaster forfeited.\n|\n|win|Refanner\n|raw|Refanner's rating: 1349 &rarr; <strong>1368<\/strong><br \/>(+19 for winning)\n|raw|gaelthevapemaster's rating: 1334 &rarr; <strong>1315<\/strong><br \/>(-19 for losing)\n|l|\u2606gaelthevapemaster\n","uploadtime":1700564128,"views":11,"p1id":"refanner","p2id":"gaelthevapemaster","formatid":"gen9vgc2023regulatione","rating":1315,"private":0,"password":""}