{"id":"gen9vgc2023regulatione-2000596946","p1":"WillieDangerously","p2":"AllLuckz","format":"[Gen 9] VGC 2023 Regulation E","log":"|j|\u2606WillieDangerously\n|j|\u2606AllLuckz\n|t:|1701208912\n|gametype|doubles\n|player|p1|WillieDangerously|psychic-gen4|1507\n|player|p2|AllLuckz|169|1408\n|teamsize|p1|6\n|teamsize|p2|6\n|gen|9\n|tier|[Gen 9] VGC 2023 Regulation E\n|rated|\n|rule|Species Clause: Limit one of each Pok\u00e9mon\n|rule|Item Clause: Limit one of each item\n|clearpoke\n|poke|p1|Iron Hands, L50|\n|poke|p1|Iron Bundle, L50|\n|poke|p1|Landorus-Therian, L50, M|\n|poke|p1|Sinistcha, L50|\n|poke|p1|Ninetales-Alola, L50, F|\n|poke|p1|Heatran, L50, F|\n|poke|p2|Goodra-Hisui, L50, M|\n|poke|p2|Iron Hands, L50|\n|poke|p2|Chi-Yu, L50|\n|poke|p2|Dusclops, L50, F|\n|poke|p2|Ursaluna-Bloodmoon, L50, M|\n|poke|p2|Gholdengo, L50|\n|teampreview|4\nAllLuckz rejected open team sheets.\n|\n|t:|1701208988\n|start\n|switch|p1a: Iron Bundle|Iron Bundle, L50|100\/100\n|switch|p1b: Ninetales|Ninetales-Alola, L50, F|100\/100\n|switch|p2a: Gholdengo|Gholdengo, L50|100\/100\n|switch|p2b: Chi-Yu|Chi-Yu, L50|100\/100\n|-weather|Snow|[from] ability: Snow Warning|[of] p1b: Ninetales\n|-ability|p2b: Chi-Yu|Beads of Ruin\n|-enditem|p1a: Iron Bundle|Booster Energy\n|-activate|p1a: Iron Bundle|ability: Quark Drive|[fromitem]\n|-start|p1a: Iron Bundle|quarkdrivespe\n|turn|1\n|\n|t:|1701209013\n|move|p1a: Iron Bundle|Hydro Pump|p2b: Chi-Yu\n|-supereffective|p2b: Chi-Yu\n|-enditem|p2b: Chi-Yu|Focus Sash\n|-damage|p2b: Chi-Yu|1\/100\n|move|p1b: Ninetales|Blizzard|p2a: Gholdengo|[spread] p2a,p2b\n|-resisted|p2a: Gholdengo\n|-resisted|p2b: Chi-Yu\n|-damage|p2a: Gholdengo|83\/100\n|-damage|p2b: Chi-Yu|0 fnt\n|faint|p2b: Chi-Yu\n|move|p2a: Gholdengo|Make It Rain|p1b: Ninetales|[spread] p1a,p1b\n|-supereffective|p1b: Ninetales\n|-damage|p1a: Iron Bundle|11\/100\n|-damage|p1b: Ninetales|0 fnt\n|-unboost|p2a: Gholdengo|spa|1\n|faint|p1b: Ninetales\n|\n|-weather|Snow|[upkeep]\n|upkeep\n|\n|t:|1701209028\n|switch|p1b: Iron Hands|Iron Hands, L50|100\/100\n|switch|p2b: Ursaluna|Ursaluna-Bloodmoon, L50, M|100\/100\n|turn|2\n|\n|t:|1701209056\n|-terastallize|p2b: Ursaluna|Ghost\n|move|p1a: Iron Bundle|Protect|p1a: Iron Bundle\n|-singleturn|p1a: Iron Bundle|Protect\n|move|p2b: Ursaluna|Vacuum Wave|p1a: Iron Bundle\n|-activate|p1a: Iron Bundle|move: Protect\n|move|p2a: Gholdengo|Nasty Plot|p2a: Gholdengo\n|-boost|p2a: Gholdengo|spa|2\n|move|p1b: Iron Hands|Drain Punch|p2b: Ursaluna\n|-immune|p2b: Ursaluna\n|\n|-weather|Snow|[upkeep]\n|upkeep\n|turn|3\n|\n|t:|1701209089\n|-end|p1a: Iron Bundle|Quark Drive|[silent]\n|switch|p1a: Heatran|Heatran, L50, F|100\/100\n|move|p2b: Ursaluna|Vacuum Wave|p1a: Heatran\n|-supereffective|p1a: Heatran\n|-damage|p1a: Heatran|71\/100\n|move|p2a: Gholdengo|Shadow Ball|p1b: Iron Hands\n|-damage|p1b: Iron Hands|66\/100\n|move|p1b: Iron Hands|Wild Charge|p2a: Gholdengo\n|-damage|p2a: Gholdengo|35\/100\n|-enditem|p2a: Gholdengo|Sitrus Berry|[eat]\n|-heal|p2a: Gholdengo|60\/100|[from] item: Sitrus Berry\n|-damage|p1b: Iron Hands|56\/100|[from] Recoil\n|\n|-weather|Snow|[upkeep]\n|-heal|p1a: Heatran|78\/100|[from] item: Leftovers\n|upkeep\n|turn|4\n|\n|t:|1701209124\n|-terastallize|p1a: Heatran|Grass\n|move|p2a: Gholdengo|Shadow Ball|p1a: Heatran\n|-damage|p1a: Heatran|18\/100\n|move|p1a: Heatran|Heat Wave|p2b: Ursaluna|[spread] p2a,p2b\n|-supereffective|p2a: Gholdengo\n|-damage|p2a: Gholdengo|0 fnt\n|-damage|p2b: Ursaluna|49\/100\n|faint|p2a: Gholdengo\n|move|p1b: Iron Hands|Wild Charge|p2b: Ursaluna\n|-damage|p2b: Ursaluna|12\/100\n|-damage|p1b: Iron Hands|48\/100|[from] Recoil\n|move|p2b: Ursaluna|Earth Power|p1b: Iron Hands\n|-supereffective|p1b: Iron Hands\n|-damage|p1b: Iron Hands|0 fnt\n|faint|p1b: Iron Hands\n|-end|p1b: Iron Hands|Quark Drive|[silent]\n|-heal|p2b: Ursaluna|18\/100|[from] item: Shell Bell|[of] p1: Iron Hands\n|\n|-weather|Snow|[upkeep]\n|-heal|p1a: Heatran|24\/100|[from] item: Leftovers\n|upkeep\n|\n|t:|1701209139\n|switch|p2a: Iron Hands|Iron Hands, L50|100\/100\n|switch|p1b: Iron Bundle|Iron Bundle, L50|11\/100\n|turn|5\n|\n|t:|1701209160\n|move|p1b: Iron Bundle|Protect|p1b: Iron Bundle\n|-singleturn|p1b: Iron Bundle|Protect\n|move|p2a: Iron Hands|Fake Out|p1a: Heatran\n|-damage|p1a: Heatran|10\/100\n|move|p2b: Ursaluna|Vacuum Wave|p1b: Iron Bundle\n|-activate|p1b: Iron Bundle|move: Protect\n|cant|p1a: Heatran|flinch\n|\n|-weather|none\n|-heal|p1a: Heatran|16\/100|[from] item: Leftovers\n|upkeep\n|turn|6\n|\n|t:|1701209174\n|move|p1b: Iron Bundle|Protect||[still]\n|-fail|p1b: Iron Bundle\n|move|p2b: Ursaluna|Vacuum Wave|p1b: Iron Bundle\n|-supereffective|p1b: Iron Bundle\n|-damage|p1b: Iron Bundle|0 fnt\n|faint|p1b: Iron Bundle\n|-end|p1b: Iron Bundle|Quark Drive|[silent]\n|-heal|p2b: Ursaluna|19\/100|[from] item: Shell Bell|[of] p1: Iron Bundle\n|move|p1a: Heatran|Heat Wave|p2a: Iron Hands|[spread] p2a,p2b\n|-damage|p2a: Iron Hands|78\/100\n|-damage|p2b: Ursaluna|0 fnt\n|faint|p2b: Ursaluna\n|move|p2a: Iron Hands|Ice Punch|p1a: Heatran\n|-supereffective|p1a: Heatran\n|-damage|p1a: Heatran|0 fnt\n|faint|p1a: Heatran\n|\n|win|AllLuckz\n|raw|WillieDangerously's rating: 1507 &rarr; <strong>1481<\/strong><br \/>(-26 for losing)\n|raw|AllLuckz's rating: 1408 &rarr; <strong>1434<\/strong><br \/>(+26 for winning)\n","uploadtime":1701209183,"views":0,"p1id":"williedangerously","p2id":"allluckz","formatid":"gen9vgc2023regulatione","rating":1434,"private":0,"password":""}