{"id":"gen9vgc2023regulatione-1999942848","p1":"Kzjzkz","p2":"IronJoel","format":"[Gen 9] VGC 2023 Regulation E","log":"|j|\u2606Kzjzkz\n|j|\u2606IronJoel\n|t:|1701132795\n|gametype|doubles\n|player|p1|Kzjzkz|lance|1104\n|player|p2|IronJoel|169|1057\n|teamsize|p1|6\n|teamsize|p2|6\n|gen|9\n|tier|[Gen 9] VGC 2023 Regulation E\n|rated|\n|rule|Species Clause: Limit one of each Pok\u00e9mon\n|rule|Item Clause: Limit one of each item\n|clearpoke\n|poke|p1|Flutter Mane, L50|\n|poke|p1|Tornadus, L50, M|\n|poke|p1|Rillaboom, L50, M|\n|poke|p1|Garganacl, L50, M|\n|poke|p1|Arcanine-Hisui, L50, M|\n|poke|p1|Chien-Pao, L50|\n|poke|p2|Ursaluna, L50, M|\n|poke|p2|Roaring Moon, L50|\n|poke|p2|Armarouge, L50, M|\n|poke|p2|Torkoal, L50, M|\n|poke|p2|Indeedee-F, L50, F|\n|poke|p2|Bronzong, L50|\n|teampreview|4\n|\n|t:|1701132805\n|start\n|switch|p1a: Tornadus|Tornadus, L50, M|100\/100\n|switch|p1b: Arcanine|Arcanine-Hisui, L50, M|100\/100\n|switch|p2a: Bronzong|Bronzong, L50|100\/100\n|switch|p2b: Roaring Moon|Roaring Moon, L50|100\/100\n|-ability|p1b: Arcanine|Intimidate|boost\n|-unboost|p2a: Bronzong|atk|1\n|-unboost|p2b: Roaring Moon|atk|1\n|-enditem|p2b: Roaring Moon|Booster Energy\n|-activate|p2b: Roaring Moon|ability: Protosynthesis|[fromitem]\n|-start|p2b: Roaring Moon|protosynthesisspe\n|turn|1\n|inactive|Battle timer is ON: inactive players will automatically lose when time's up. (requested by Kzjzkz)\n|\n|t:|1701132843\n|switch|p2a: Torkoal|Torkoal, L50, M|100\/100\n|-weather|SunnyDay|[from] ability: Drought|[of] p2a: Torkoal\n|move|p2b: Roaring Moon|Tailwind|p2b: Roaring Moon\n|-sidestart|p2: IronJoel|move: Tailwind\n|move|p1b: Arcanine|Rock Slide|p2b: Roaring Moon|[spread] p2a,p2b\n|-supereffective|p2a: Torkoal\n|-damage|p2a: Torkoal|43\/100\n|-damage|p2b: Roaring Moon|49\/100\n|move|p1a: Tornadus|Bleakwind Storm|p2b: Roaring Moon|[spread] p2b\n|-miss|p1a: Tornadus|p2a: Torkoal\n|-damage|p2b: Roaring Moon|17\/100\n|-unboost|p2b: Roaring Moon|spe|1\n|\n|-weather|SunnyDay|[upkeep]\n|upkeep\n|turn|2\n|inactive|IronJoel has 30 seconds left.\n|\n|t:|1701132869\n|move|p1a: Tornadus|Tailwind|p1a: Tornadus\n|-sidestart|p1: Kzjzkz|move: Tailwind\n|move|p2b: Roaring Moon|U-turn|p1a: Tornadus\n|-resisted|p1a: Tornadus\n|-damage|p1a: Tornadus|89\/100\n|-damage|p2b: Roaring Moon|0 fnt|[from] item: Rocky Helmet|[of] p1a: Tornadus\n|faint|p2b: Roaring Moon\n|-end|p2b: Roaring Moon|Protosynthesis|[silent]\n|move|p1b: Arcanine|Rock Slide|p2a: Torkoal\n|-supereffective|p2a: Torkoal\n|-damage|p2a: Torkoal|0 fnt\n|faint|p2a: Torkoal\n|\n|-weather|SunnyDay|[upkeep]\n|upkeep\n|\n|t:|1701132879\n|switch|p2b: Bronzong|Bronzong, L50|100\/100\n|switch|p2a: Ursaluna|Ursaluna, L50, M|100\/100\n|turn|3\n|\n|t:|1701132890\n|switch|p1b: Rillaboom|Rillaboom, L50, M|100\/100\n|-fieldstart|move: Grassy Terrain|[from] ability: Grassy Surge|[of] p1b: Rillaboom\n|move|p2a: Ursaluna|Protect|p2a: Ursaluna\n|-singleturn|p2a: Ursaluna|Protect\n|move|p1a: Tornadus|Taunt|p2a: Ursaluna\n|-activate|p2a: Ursaluna|move: Protect\n|move|p2b: Bronzong|Iron Defense|p2b: Bronzong\n|-boost|p2b: Bronzong|def|2\n|\n|-weather|SunnyDay|[upkeep]\n|-status|p2a: Ursaluna|brn|[from] item: Flame Orb\n|upkeep\n|turn|4\n|inactive|IronJoel has 30 seconds left.\n|\n|t:|1701132920\n|switch|p1a: Arcanine|Arcanine-Hisui, L50, M|100\/100\n|-ability|p1a: Arcanine|Intimidate|boost\n|-unboost|p2a: Ursaluna|atk|1\n|-unboost|p2b: Bronzong|atk|1\n|-terastallize|p2a: Ursaluna|Ghost\n|move|p1b: Rillaboom|Fake Out|p2a: Ursaluna\n|-immune|p2a: Ursaluna\n|move|p2a: Ursaluna|Facade|p1a: Arcanine\n|-resisted|p1a: Arcanine\n|-damage|p1a: Arcanine|50\/100\n|move|p2b: Bronzong|Trick Room|p2b: Bronzong\n|-fieldstart|move: Trick Room|[of] p2b: Bronzong\n|\n|-weather|SunnyDay|[upkeep]\n|-heal|p1a: Arcanine|56\/100|[from] Grassy Terrain\n|-damage|p2a: Ursaluna|95\/100 brn|[from] brn\n|-sideend|p2: IronJoel|move: Tailwind\n|upkeep\n|turn|5\n|inactive|IronJoel has 30 seconds left.\n|inactive|IronJoel has 20 seconds left.\n|\n|t:|1701132956\n|switch|p1a: Tornadus|Tornadus, L50, M|89\/100\n|move|p2b: Bronzong|Skill Swap|p2a: Ursaluna\n|-activate|p2b: Bronzong|move: Skill Swap|||[of] p2a: Ursaluna\n|move|p2a: Ursaluna|Facade|p1b: Rillaboom\n|-damage|p1b: Rillaboom|51\/100\n|move|p1b: Rillaboom|Wood Hammer|p2a: Ursaluna\n|-damage|p2a: Ursaluna|31\/100 brn\n|-damage|p1b: Rillaboom|27\/100|[from] Recoil\n|\n|-weather|none\n|-heal|p1b: Rillaboom|33\/100|[from] Grassy Terrain\n|-damage|p2a: Ursaluna|25\/100 brn|[from] brn\n|-sideend|p1: Kzjzkz|move: Tailwind\n|upkeep\n|turn|6\n|inactive|Kzjzkz has 30 seconds left.\n|\n|t:|1701132983\n|move|p1b: Rillaboom|Grassy Glide|p2a: Ursaluna\n|-damage|p2a: Ursaluna|0 fnt\n|faint|p2a: Ursaluna\n|move|p1a: Tornadus|Taunt|p2b: Bronzong\n|-start|p2b: Bronzong|move: Taunt\n|move|p2b: Bronzong|Body Press|p1a: Tornadus\n|-resisted|p1a: Tornadus\n|-damage|p1a: Tornadus|55\/100\n|-damage|p2b: Bronzong|84\/100|[from] item: Rocky Helmet|[of] p1a: Tornadus\n|\n|-heal|p2b: Bronzong|90\/100|[from] Grassy Terrain\n|-heal|p1b: Rillaboom|39\/100|[from] Grassy Terrain\n|upkeep\n|turn|7\n|\n|t:|1701132997\n|switch|p1b: Arcanine|Arcanine-Hisui, L50, M|56\/100\n|-ability|p1b: Arcanine|Intimidate|boost\n|-unboost|p2b: Bronzong|atk|1\n|move|p2b: Bronzong|Body Press|p1a: Tornadus\n|-resisted|p1a: Tornadus\n|-damage|p1a: Tornadus|21\/100\n|-damage|p2b: Bronzong|73\/100|[from] item: Rocky Helmet|[of] p1a: Tornadus\n|move|p1a: Tornadus|Bleakwind Storm|p2b: Bronzong\n|-resisted|p2b: Bronzong\n|-damage|p2b: Bronzong|52\/100\n|\n|-heal|p2b: Bronzong|58\/100|[from] Grassy Terrain\n|-heal|p1b: Arcanine|62\/100|[from] Grassy Terrain\n|-fieldend|move: Grassy Terrain\n|upkeep\n|turn|8\n|-message|IronJoel forfeited.\n|\n|win|Kzjzkz\n|raw|Kzjzkz's rating: 1104 &rarr; <strong>1126<\/strong><br \/>(+22 for winning)\n|raw|IronJoel's rating: 1057 &rarr; <strong>1041<\/strong><br \/>(-16 for losing)\n|l|\u2606IronJoel\n","uploadtime":1701133015,"views":4,"p1id":"kzjzkz","p2id":"ironjoel","formatid":"gen9vgc2023regulatione","rating":1041,"private":0,"password":""}