{"id":"gen9vgc2023regulatione-1988071543","p1":"Beastyshadow13","p2":"trophyicon","format":"[Gen 9] VGC 2023 Regulation E","log":"|j|\u2606Beastyshadow13\n|j|\u2606trophyicon\n|t:|1699666043\n|gametype|doubles\n|player|p1|Beastyshadow13|veteran|1402\n|player|p2|trophyicon|cilan|1339\n|teamsize|p1|6\n|teamsize|p2|6\n|gen|9\n|tier|[Gen 9] VGC 2023 Regulation E\n|rated|\n|rule|Species Clause: Limit one of each Pok\u00e9mon\n|rule|Item Clause: Limit one of each item\n|clearpoke\n|poke|p1|Carbink, L50|\n|poke|p1|Sinistcha, L50|\n|poke|p1|Farigiraf, L50, M|\n|poke|p1|Iron Hands, L50|\n|poke|p1|Salamence, L50, F|\n|poke|p1|Ursaluna-Bloodmoon, L50, M|\n|poke|p2|Roaring Moon, L50|\n|poke|p2|Gholdengo, L50|\n|poke|p2|Milotic, L50, M|\n|poke|p2|Rillaboom, L50, F|\n|poke|p2|Landorus-Therian, L50, M|\n|poke|p2|Grimmsnarl, L50, M|\n|teampreview|4\n|\n|t:|1699666090\n|start\n|switch|p1a: Carbink|Carbink, L50|100\/100\n|switch|p1b: Ursaluna|Ursaluna-Bloodmoon, L50, M|100\/100\n|switch|p2a: Grimmsnarl|Grimmsnarl, L50, M, shiny|100\/100\n|switch|p2b: Roaring Moon|Roaring Moon, L50|100\/100\n|-enditem|p2b: Roaring Moon|Booster Energy\n|-activate|p2b: Roaring Moon|ability: Protosynthesis|[fromitem]\n|-start|p2b: Roaring Moon|protosynthesisatk\n|turn|1\n|\n|t:|1699666122\n|move|p2b: Roaring Moon|Protect|p2b: Roaring Moon\n|-singleturn|p2b: Roaring Moon|Protect\n|move|p1b: Ursaluna|Protect|p1b: Ursaluna\n|-singleturn|p1b: Ursaluna|Protect\n|move|p2a: Grimmsnarl|Light Screen|p2a: Grimmsnarl\n|-sidestart|p2: trophyicon|move: Light Screen\n|move|p1a: Carbink|Trick Room|p1a: Carbink\n|-fieldstart|move: Trick Room|[of] p1a: Carbink\n|\n|upkeep\n|turn|2\n|\n|t:|1699666140\n|-end|p2b: Roaring Moon|Protosynthesis|[silent]\n|switch|p2b: Milotic|Milotic, L50, M, shiny|100\/100\n|move|p2a: Grimmsnarl|Parting Shot|p1b: Ursaluna\n|-unboost|p1b: Ursaluna|atk|1\n|-unboost|p1b: Ursaluna|spa|1\n|\n|t:|1699666152\n|switch|p2a: Landorus|Landorus-Therian, L50, M|100\/100|[from] Parting Shot\n|-ability|p2a: Landorus|Intimidate|boost\n|-unboost|p1a: Carbink|atk|1\n|-unboost|p1b: Ursaluna|atk|1\n|move|p1a: Carbink|Iron Defense|p1a: Carbink\n|-boost|p1a: Carbink|def|2\n|move|p1b: Ursaluna|Moonblast|p2b: Milotic\n|-damage|p2b: Milotic|91\/100\n|-unboost|p2b: Milotic|spa|1\n|-ability|p2b: Milotic|Competitive|boost\n|-boost|p2b: Milotic|spa|2\n|\n|upkeep\n|turn|3\n|\n|t:|1699666178\n|switch|p1b: Iron Hands|Iron Hands, L50|100\/100\n|move|p1a: Carbink|Iron Defense|p1a: Carbink\n|-boost|p1a: Carbink|def|2\n|move|p2b: Milotic|Scald|p1a: Carbink\n|-supereffective|p1a: Carbink\n|-damage|p1a: Carbink|49\/100\n|move|p2a: Landorus|U-turn|p1b: Iron Hands\n|-resisted|p1b: Iron Hands\n|-damage|p1b: Iron Hands|92\/100\n|\n|t:|1699666186\n|switch|p2a: Grimmsnarl|Grimmsnarl, L50, M, shiny|100\/100|[from] U-turn\n|\n|-heal|p1a: Carbink|55\/100|[from] item: Leftovers\n|upkeep\n|turn|4\n|\n|t:|1699666204\n|-terastallize|p2b: Milotic|Dragon\n|move|p2a: Grimmsnarl|Reflect|p2a: Grimmsnarl\n|-sidestart|p2: trophyicon|Reflect\n|move|p1a: Carbink|Body Press|p2b: Milotic\n|-damage|p2b: Milotic|32\/100\n|move|p1b: Iron Hands|Heavy Slam|p2a: Grimmsnarl\n|-supereffective|p2a: Grimmsnarl\n|-damage|p2a: Grimmsnarl|44\/100\n|move|p2b: Milotic|Scald|p1a: Carbink\n|-supereffective|p1a: Carbink\n|-damage|p1a: Carbink|4\/100\n|\n|-heal|p1a: Carbink|9\/100|[from] item: Leftovers\n|upkeep\n|turn|5\n|\n|t:|1699666219\n|move|p2a: Grimmsnarl|Parting Shot|p1b: Iron Hands\n|-unboost|p1b: Iron Hands|atk|1\n|-unboost|p1b: Iron Hands|spa|1\n|\n|t:|1699666224\n|switch|p2a: Landorus|Landorus-Therian, L50, M|100\/100|[from] Parting Shot\n|-ability|p2a: Landorus|Intimidate|boost\n|-unboost|p1a: Carbink|atk|1\n|-unboost|p1b: Iron Hands|atk|1\n|move|p1a: Carbink|Body Press|p2b: Milotic\n|-damage|p2b: Milotic|0 fnt\n|faint|p2b: Milotic\n|move|p1b: Iron Hands|Heavy Slam|p2a: Landorus\n|-damage|p2a: Landorus|85\/100\n|\n|-heal|p1a: Carbink|15\/100|[from] item: Leftovers\n|-fieldend|move: Trick Room\n|upkeep\n|\n|t:|1699666239\n|switch|p2b: Grimmsnarl|Grimmsnarl, L50, M, shiny|44\/100\n|turn|6\n|\n|t:|1699666270\n|-end|p1b: Iron Hands|Quark Drive|[silent]\n|switch|p1b: Salamence|Salamence, L50, F|100\/100\n|-ability|p1b: Salamence|Intimidate|boost\n|-unboost|p2a: Landorus|atk|1\n|-unboost|p2b: Grimmsnarl|atk|1\n|-terastallize|p1a: Carbink|Ghost\n|move|p2a: Landorus|Stomping Tantrum|p1a: Carbink\n|-damage|p1a: Carbink|7\/100\n|move|p2b: Grimmsnarl|Spirit Break|p1b: Salamence\n|-supereffective|p1b: Salamence\n|-damage|p1b: Salamence|56\/100\n|move|p1a: Carbink|Trick Room|p1a: Carbink\n|-fieldstart|move: Trick Room|[of] p1a: Carbink\n|\n|-heal|p1a: Carbink|13\/100|[from] item: Leftovers\n|upkeep\n|turn|7\n|\n|t:|1699666284\n|switch|p1b: Ursaluna|Ursaluna-Bloodmoon, L50, M|100\/100\n|move|p1a: Carbink|Body Press|p2b: Grimmsnarl\n|-damage|p2b: Grimmsnarl|0 fnt\n|faint|p2b: Grimmsnarl\n|move|p2a: Landorus|Stomping Tantrum|p1a: Carbink\n|-damage|p1a: Carbink|5\/100\n|\n|-heal|p1a: Carbink|11\/100|[from] item: Leftovers\n|upkeep\n|\n|t:|1699666287\n|switch|p2b: Roaring Moon|Roaring Moon, L50|100\/100\n|turn|8\n|\n|t:|1699666293\n|move|p1a: Carbink|Body Press|p2b: Roaring Moon\n|-supereffective|p2b: Roaring Moon\n|-damage|p2b: Roaring Moon|0 fnt\n|faint|p2b: Roaring Moon\n|-end|p2b: Roaring Moon|Protosynthesis|[silent]\n|move|p1b: Ursaluna|Hyper Voice|p2a: Landorus\n|-damage|p2a: Landorus|43\/100\n|-enditem|p1b: Ursaluna|Throat Spray\n|-boost|p1b: Ursaluna|spa|1|[from] item: Throat Spray\n|move|p2a: Landorus|Stomping Tantrum|p1b: Ursaluna\n|-damage|p1b: Ursaluna|77\/100\n|\n|-heal|p1a: Carbink|17\/100|[from] item: Leftovers\n|-sideend|p2: trophyicon|move: Light Screen\n|upkeep\n|turn|9\n|-message|trophyicon forfeited.\n|\n|win|Beastyshadow13\n|raw|Beastyshadow13's rating: 1402 &rarr; <strong>1418<\/strong><br \/>(+16 for winning)\n|raw|trophyicon's rating: 1339 &rarr; <strong>1323<\/strong><br \/>(-16 for losing)\n|l|\u2606trophyicon\n","uploadtime":1699666304,"views":18,"p1id":"beastyshadow13","p2id":"trophyicon","formatid":"gen9vgc2023regulatione","rating":1323,"private":0,"password":""}