{"id":"gen9vgc2023regulatione-1991816760","p1":"XJQJ","p2":"vivixification","format":"[Gen 9] VGC 2023 Regulation E","log":"|j|\u2606XJQJ\n|j|\u2606vivixification\n|t:|1700122654\n|gametype|doubles\n|player|p1|XJQJ|dawn|1362\n|player|p2|vivixification|dragontamer-gen9|1342\n|teamsize|p1|6\n|teamsize|p2|6\n|gen|9\n|tier|[Gen 9] VGC 2023 Regulation E\n|rated|\n|rule|Species Clause: Limit one of each Pok\u00e9mon\n|rule|Item Clause: Limit one of each item\n|clearpoke\n|poke|p1|Roaring Moon, L50|\n|poke|p1|Iron Hands, L50|\n|poke|p1|Flutter Mane, L50|\n|poke|p1|Amoonguss, L50, F|\n|poke|p1|Heatran, L50, F|\n|poke|p1|Landorus-Therian, L50, M|\n|poke|p2|Dondozo, L50, F|\n|poke|p2|Tatsugiri, L50, M|\n|poke|p2|Glimmora, L50, F|\n|poke|p2|Arcanine, L50, M|\n|poke|p2|Ting-Lu, L50|\n|poke|p2|Rillaboom, L50, F|\n|teampreview|4\n|inactive|Battle timer is ON: inactive players will automatically lose when time's up. (requested by vivixification)\n|inactive|XJQJ has 60 seconds left.\n|inactive|vivixification has 60 seconds left.\n|\n|t:|1700122706\n|start\n|switch|p1a: Landorus|Landorus-Therian, L50, M|100\/100\n|switch|p1b: Amoonguss|Amoonguss, L50, F|100\/100\n|switch|p2a: Glimmora|Glimmora, L50, F, shiny|100\/100\n|switch|p2b: Rillaboom|Rillaboom, L50, F, shiny|100\/100\n|-ability|p1a: Landorus|Intimidate|boost\n|-unboost|p2a: Glimmora|atk|1\n|-unboost|p2b: Rillaboom|atk|1\n|-fieldstart|move: Grassy Terrain|[from] ability: Grassy Surge|[of] p2b: Rillaboom\n|turn|1\n|\n|t:|1700122731\n|switch|p1a: Flutter Mane|Flutter Mane, L50, shiny|100\/100\n|switch|p2b: Dondozo|Dondozo, L50, F, shiny|100\/100\n|-terastallize|p2a: Glimmora|Flying\n|move|p2a: Glimmora|Mortal Spin|p1a: Flutter Mane|[spread] p1a,p1b\n|-damage|p1a: Flutter Mane|96\/100\n|-damage|p1b: Amoonguss|99\/100\n|-status|p1a: Flutter Mane|psn\n|-status|p1b: Amoonguss|psn\n|move|p1b: Amoonguss|Spore|p2a: Glimmora\n|-status|p2a: Glimmora|slp|[from] move: Spore\n|\n|-heal|p1a: Flutter Mane|100\/100 psn|[from] Grassy Terrain\n|-heal|p1b: Amoonguss|100\/100 psn|[from] Grassy Terrain\n|-damage|p1a: Flutter Mane|88\/100 psn|[from] psn\n|-damage|p1b: Amoonguss|88\/100 psn|[from] psn\n|upkeep\n|turn|2\n|\n|t:|1700122755\n|cant|p2a: Glimmora|slp\n|move|p2b: Dondozo|Protect|p2b: Dondozo\n|-singleturn|p2b: Dondozo|Protect\n|move|p1a: Flutter Mane|Thunderbolt|p2b: Dondozo\n|-activate|p2b: Dondozo|move: Protect\n|move|p1b: Amoonguss|Spore|p2b: Dondozo\n|-activate|p2b: Dondozo|move: Protect\n|\n|-heal|p1a: Flutter Mane|94\/100 psn|[from] Grassy Terrain\n|-heal|p1b: Amoonguss|94\/100 psn|[from] Grassy Terrain\n|-damage|p1a: Flutter Mane|82\/100 psn|[from] psn\n|-damage|p1b: Amoonguss|82\/100 psn|[from] psn\n|upkeep\n|turn|3\n|\n|t:|1700122778\n|switch|p2b: Rillaboom|Rillaboom, L50, F, shiny|100\/100\n|move|p1a: Flutter Mane|Thunderbolt|p2b: Rillaboom\n|-resisted|p2b: Rillaboom\n|-damage|p2b: Rillaboom|78\/100\n|cant|p2a: Glimmora|slp\n|move|p1b: Amoonguss|Spore|p2b: Rillaboom\n|-immune|p2b: Rillaboom\n|\n|-heal|p1a: Flutter Mane|88\/100 psn|[from] Grassy Terrain\n|-heal|p2b: Rillaboom|84\/100|[from] Grassy Terrain\n|-heal|p1b: Amoonguss|88\/100 psn|[from] Grassy Terrain\n|-damage|p1a: Flutter Mane|76\/100 psn|[from] psn\n|-damage|p1b: Amoonguss|75\/100 psn|[from] psn\n|upkeep\n|turn|4\n|\n|t:|1700122792\n|switch|p1b: Landorus|Landorus-Therian, L50, M|100\/100\n|-ability|p1b: Landorus|Intimidate|boost\n|-unboost|p2a: Glimmora|atk|1\n|-unboost|p2b: Rillaboom|atk|1\n|-curestatus|p2a: Glimmora|slp|[msg]\n|move|p2a: Glimmora|Spiky Shield|p2a: Glimmora\n|-singleturn|p2a: Glimmora|move: Protect\n|move|p2b: Rillaboom|Grassy Glide|p1a: Flutter Mane\n|-damage|p1a: Flutter Mane|36\/100 psn\n|move|p1a: Flutter Mane|Thunderbolt|p2a: Glimmora\n|-activate|p2a: Glimmora|move: Protect\n|\n|-heal|p1a: Flutter Mane|42\/100 psn|[from] Grassy Terrain\n|-heal|p2b: Rillaboom|90\/100|[from] Grassy Terrain\n|-damage|p1a: Flutter Mane|30\/100 psn|[from] psn\n|upkeep\n|turn|5\n|inactive|vivixification has 30 seconds left.\n|\n|t:|1700122819\n|-end|p1a: Flutter Mane|Protosynthesis|[silent]\n|switch|p1a: Iron Hands|Iron Hands, L50|100\/100\n|move|p2b: Rillaboom|Protect|p2b: Rillaboom\n|-singleturn|p2b: Rillaboom|Protect\n|move|p1b: Landorus|Rock Slide|p2a: Glimmora|[spread] p2a\n|-activate|p2b: Rillaboom|move: Protect\n|-supereffective|p2a: Glimmora\n|-damage|p2a: Glimmora|70\/100\n|move|p2a: Glimmora|Mortal Spin|p1a: Iron Hands|[spread] p1a,p1b\n|-resisted|p1b: Landorus\n|-damage|p1a: Iron Hands|99\/100\n|-damage|p1b: Landorus|99\/100\n|-status|p1a: Iron Hands|psn\n|-status|p1b: Landorus|psn\n|\n|-heal|p2b: Rillaboom|96\/100|[from] Grassy Terrain\n|-heal|p1a: Iron Hands|100\/100 psn|[from] Grassy Terrain\n|-damage|p1b: Landorus|87\/100 psn|[from] psn\n|-damage|p1a: Iron Hands|88\/100 psn|[from] psn\n|-fieldend|move: Grassy Terrain\n|upkeep\n|turn|6\n|\n|t:|1700122842\n|switch|p1b: Amoonguss|Amoonguss, L50, F|100\/100 psn\n|move|p2a: Glimmora|Spiky Shield|p2a: Glimmora\n|-singleturn|p2a: Glimmora|move: Protect\n|move|p2b: Rillaboom|U-turn|p1a: Iron Hands\n|-resisted|p1a: Iron Hands\n|-crit|p1a: Iron Hands\n|-damage|p1a: Iron Hands|76\/100 psn\n|\n|t:|1700122850\n|switch|p2b: Dondozo|Dondozo, L50, F, shiny|100\/100|[from] U-turn\n|move|p1a: Iron Hands|Wild Charge|p2a: Glimmora\n|-activate|p2a: Glimmora|move: Protect\n|-damage|p1a: Iron Hands|64\/100 psn|[from] Spiky Shield|[of] p2a: Glimmora\n|\n|-damage|p1a: Iron Hands|52\/100 psn|[from] psn\n|-damage|p1b: Amoonguss|88\/100 psn|[from] psn\n|upkeep\n|turn|7\n|\n|t:|1700122871\n|move|p2b: Dondozo|Protect|p2b: Dondozo\n|-singleturn|p2b: Dondozo|Protect\n|move|p2a: Glimmora|Earth Power|p1a: Iron Hands\n|-supereffective|p1a: Iron Hands\n|-damage|p1a: Iron Hands|22\/100 psn\n|move|p1a: Iron Hands|Wild Charge|p2a: Glimmora\n|-supereffective|p2a: Glimmora\n|-damage|p2a: Glimmora|0 fnt\n|faint|p2a: Glimmora\n|-damage|p1a: Iron Hands|9\/100 psn|[from] Recoil\n|move|p1b: Amoonguss|Pollen Puff|p1a: Iron Hands\n|-heal|p1a: Iron Hands|58\/100 psn\n|\n|-damage|p1a: Iron Hands|46\/100 psn|[from] psn\n|-damage|p1b: Amoonguss|76\/100 psn|[from] psn\n|upkeep\n|\n|t:|1700122894\n|switch|p2a: Rillaboom|Rillaboom, L50, F, shiny|96\/100\n|-fieldstart|move: Grassy Terrain|[from] ability: Grassy Surge|[of] p2a: Rillaboom\n|turn|8\n|\n|t:|1700122901\n|-end|p1a: Iron Hands|Quark Drive|[silent]\n|switch|p1a: Flutter Mane|Flutter Mane, L50, shiny|30\/100 psn\n|move|p2a: Rillaboom|Wood Hammer|p1a: Flutter Mane\n|-damage|p1a: Flutter Mane|0 fnt\n|faint|p1a: Flutter Mane\n|-end|p1a: Flutter Mane|Protosynthesis|[silent]\n|-damage|p2a: Rillaboom|89\/100|[from] Recoil\n|move|p2b: Dondozo|Substitute|p2b: Dondozo\n|-start|p2b: Dondozo|Substitute\n|-damage|p2b: Dondozo|75\/100\n|move|p1b: Amoonguss|Spore||[still]\n|-fail|p1b: Amoonguss\n|\n|-heal|p2a: Rillaboom|95\/100|[from] Grassy Terrain\n|-heal|p2b: Dondozo|82\/100|[from] Grassy Terrain\n|-heal|p2b: Dondozo|88\/100|[from] item: Leftovers\n|-heal|p1b: Amoonguss|82\/100 psn|[from] Grassy Terrain\n|-damage|p1b: Amoonguss|69\/100 psn|[from] psn\n|upkeep\n|-message|XJQJ forfeited.\n|\n|win|vivixification\n|raw|XJQJ's rating: 1362 &rarr; <strong>1341<\/strong><br \/>(-21 for losing)\n|raw|vivixification's rating: 1342 &rarr; <strong>1363<\/strong><br \/>(+21 for winning)\n|l|\u2606XJQJ\n","uploadtime":1700122915,"views":14,"p1id":"xjqj","p2id":"vivixification","formatid":"gen9vgc2023regulatione","rating":1341,"private":0,"password":""}