{"id":"gen9vgc2023regulatione-1988310083","p1":"Prf.Anu","p2":"Sleeping Demons","format":"[Gen 9] VGC 2023 Regulation E","log":"|j|\u2606Prf.Anu\n|j|\u2606Sleeping Demons\n|t:|1699706276\n|gametype|doubles\n|player|p1|Prf.Anu|unknown|1034\n|player|p2|Sleeping Demons|169|1152\n|teamsize|p1|6\n|teamsize|p2|6\n|gen|9\n|tier|[Gen 9] VGC 2023 Regulation E\n|rated|\n|rule|Species Clause: Limit one of each Pok\u00e9mon\n|rule|Item Clause: Limit one of each item\n|clearpoke\n|poke|p1|Tornadus, L50, M|\n|poke|p1|Chi-Yu, L50|\n|poke|p1|Flutter Mane, L50|\n|poke|p1|Indeedee-F, L50, F|\n|poke|p1|Iron Hands, L50|\n|poke|p1|Rillaboom, L50, F|\n|poke|p2|Ursaluna-Bloodmoon, L50, M|\n|poke|p2|Oranguru, L50, F|\n|poke|p2|Torkoal, L50, M|\n|poke|p2|Maushold-Four, L50|\n|poke|p2|Urshifu-*, L50, M|\n|poke|p2|Bruxish, L50, F|\n|teampreview|4\n|inactive|Battle timer is ON: inactive players will automatically lose when time's up. (requested by Prf.Anu)\nPrf.Anu rejected open team sheets.\n|\n|t:|1699706293\n|start\n|switch|p1a: Chi-Yu|Chi-Yu, L50|100\/100\n|switch|p1b: Indeedee|Indeedee-F, L50, F, shiny|100\/100\n|switch|p2a: Oranguru|Oranguru, L50, F, shiny|100\/100\n|switch|p2b: Maushold|Maushold-Four, L50, shiny|100\/100\n|-ability|p1a: Chi-Yu|Beads of Ruin\n|-fieldstart|move: Psychic Terrain|[from] ability: Psychic Surge|[of] p1b: Indeedee\n|turn|1\n|\n|t:|1699706313\n|-terastallize|p2a: Oranguru|Water\n|move|p2b: Maushold|Population Bomb|p1b: Indeedee\n|-damage|p1b: Indeedee|84\/100\n|-damage|p1b: Indeedee|69\/100\n|-damage|p1b: Indeedee|51\/100\n|-damage|p1b: Indeedee|34\/100\n|-damage|p1b: Indeedee|18\/100\n|-damage|p1b: Indeedee|2\/100\n|-damage|p1b: Indeedee|0 fnt\n|faint|p1b: Indeedee\n|-hitcount|p1: Indeedee|7\n|move|p1a: Chi-Yu|Heat Wave|p2b: Maushold|[spread] p2a,p2b\n|-resisted|p2a: Oranguru\n|-damage|p2a: Oranguru|82\/100\n|-damage|p2b: Maushold|22\/100\n|move|p2a: Oranguru|Trick Room|p2a: Oranguru\n|-fieldstart|move: Trick Room|[of] p2a: Oranguru\n|\n|upkeep\n|\n|t:|1699706334\n|switch|p1b: Flutter Mane|Flutter Mane, L50, shiny|100\/100\n|turn|2\n|\n|t:|1699706348\n|move|p2a: Oranguru|Instruct|p2b: Maushold\n|-singleturn|p2b: Maushold|move: Instruct|[of] p2a: Oranguru\n|move|p2b: Maushold|Population Bomb|p1b: Flutter Mane\n|-immune|p1b: Flutter Mane\n|move|p1a: Chi-Yu|Heat Wave|p2b: Maushold|[spread] p2a\n|-miss|p1a: Chi-Yu|p2b: Maushold\n|-resisted|p2a: Oranguru\n|-damage|p2a: Oranguru|61\/100\n|move|p1b: Flutter Mane|Dazzling Gleam|p2a: Oranguru|[spread] p2a,p2b\n|-damage|p2a: Oranguru|20\/100\n|-damage|p2b: Maushold|0 fnt\n|faint|p2b: Maushold\n|-damage|p1b: Flutter Mane|91\/100|[from] item: Life Orb\n|\n|upkeep\n|\n|t:|1699706357\n|switch|p2b: Ursaluna|Ursaluna-Bloodmoon, L50, M|100\/100\n|turn|3\n|\n|t:|1699706375\n|-terastallize|p1a: Chi-Yu|Water\n|move|p2b: Ursaluna|Hyper Voice|p1a: Chi-Yu|[spread] p1a,p1b\n|-damage|p1a: Chi-Yu|43\/100\n|-damage|p1b: Flutter Mane|32\/100\n|-damage|p2b: Ursaluna|91\/100|[from] item: Life Orb\n|move|p2a: Oranguru|Instruct|p2b: Ursaluna\n|-singleturn|p2b: Ursaluna|move: Instruct|[of] p2a: Oranguru\n|move|p2b: Ursaluna|Hyper Voice|p1b: Flutter Mane|[spread] p1a,p1b\n|-damage|p1a: Chi-Yu|0 fnt\n|-damage|p1b: Flutter Mane|0 fnt\n|faint|p1a: Chi-Yu\n|faint|p1b: Flutter Mane\n|-end|p1b: Flutter Mane|Protosynthesis|[silent]\n|-damage|p2b: Ursaluna|81\/100|[from] item: Life Orb\n|\n|upkeep\n|\n|t:|1699706392\n|switch|p1a: Tornadus|Tornadus, L50, M, shiny|100\/100\n|turn|4\n|\n|t:|1699706402\n|move|p1a: Tornadus|Protect|p1a: Tornadus\n|-singleturn|p1a: Tornadus|Protect\n|move|p2b: Ursaluna|Blood Moon|p1a: Tornadus\n|-activate|p1a: Tornadus|move: Protect\n|move|p2a: Oranguru|Instruct|p2b: Ursaluna\n|-singleturn|p2b: Ursaluna|move: Instruct|[of] p2a: Oranguru\n|move|p2b: Ursaluna|Blood Moon|p1a: Tornadus\n|-activate|p1a: Tornadus|move: Protect\n|-hint|Some effects can force a Pokemon to use Blood Moon again in a row.\n|\n|upkeep\n|turn|5\n|\n|t:|1699706411\n|move|p1a: Tornadus|Protect|p1a: Tornadus\n|-singleturn|p1a: Tornadus|Protect\n|move|p2b: Ursaluna|Hyper Voice|p1a: Tornadus\n|-activate|p1a: Tornadus|move: Protect\n|move|p2a: Oranguru|Instruct|p2b: Ursaluna\n|-singleturn|p2b: Ursaluna|move: Instruct|[of] p2a: Oranguru\n|move|p2b: Ursaluna|Hyper Voice|p1a: Tornadus\n|-activate|p1a: Tornadus|move: Protect\n|\n|-fieldend|move: Trick Room\n|-fieldend|move: Psychic Terrain\n|upkeep\n|turn|6\n|\n|t:|1699706423\n|move|p1a: Tornadus|Bleakwind Storm|p2a: Oranguru|[spread] p2a,p2b\n|-damage|p2a: Oranguru|0 fnt\n|-damage|p2b: Ursaluna|39\/100\n|faint|p2a: Oranguru\n|move|p2b: Ursaluna|Blood Moon|p1a: Tornadus\n|-damage|p1a: Tornadus|0 fnt\n|faint|p1a: Tornadus\n|-damage|p2b: Ursaluna|29\/100|[from] item: Life Orb\n|\n|win|Sleeping Demons\n|raw|Prf.Anu's rating: 1034 &rarr; <strong>1024<\/strong><br \/>(-10 for losing)\n|raw|Sleeping Demons's rating: 1152 &rarr; <strong>1169<\/strong><br \/>(+17 for winning)\n","uploadtime":1699706433,"views":9,"p1id":"prfanu","p2id":"sleepingdemons","formatid":"gen9vgc2023regulatione","rating":1024,"private":0,"password":""}