{"id":"gen9vgc2023regulatione-1997481473","p1":"JabsGR","p2":"finiro","format":"[Gen 9] VGC 2023 Regulation E","log":"|j|\u2606JabsGR\n|j|\u2606finiro\n|n|\u2606JabsGR|jabsgr\n|n|\u2606finiro|finiro\n|html|View the match progress at <a href=\"\/game-bestof3-gen9vgc2023regulatione-1997481472\">game-bestof3-gen9vgc2023regulatione-1997481472<\/a>\n|t:|1700812952\n|gametype|doubles\n|player|p1|JabsGR|veteran-gen4|\n|player|p2|finiro|gambler|\n|teamsize|p1|6\n|teamsize|p2|6\n|gen|9\n|tier|[Gen 9] VGC 2023 Regulation E\n|rule|Species Clause: Limit one of each Pok\u00e9mon\n|rule|Item Clause: Limit one of each item\n|clearpoke\n|poke|p1|Sandy Shocks, L50|\n|poke|p1|Espathra, L50, F|\n|poke|p1|Indeedee, L50, M|\n|poke|p1|Armarouge, L50, M|\n|poke|p1|Annihilape, L50, M|\n|poke|p1|Maushold-Four, L50|\n|poke|p2|Ogerpon-Cornerstone, L50, F|\n|poke|p2|Thwackey, L50, F|\n|poke|p2|Clefairy, L50, M|\n|poke|p2|Cetitan, L50, F|\n|poke|p2|Volcarona, L50, M|\n|poke|p2|Grimmsnarl, L50, M|\n|teampreview|4\n|inactive|Battle timer is ON: inactive players will automatically lose when time's up. (requested by JabsGR)\n|c|\u2606finiro|glhf\n|c|\u2606JabsGR|glhf man\n|inactive|finiro has 60 seconds left.\n|\n|t:|1700812984\n|start\n|switch|p1a: Espathra|Espathra, L50, F|100\/100\n|switch|p1b: Sandy Shocks|Sandy Shocks, L50|100\/100\n|switch|p2a: Ogerpon|Ogerpon-Cornerstone, L50, F|100\/100\n|switch|p2b: Thwackey|Thwackey, L50, F|100\/100\n|-fieldstart|move: Grassy Terrain|[from] ability: Grassy Surge|[of] p2b: Thwackey\n|-enditem|p1b: Sandy Shocks|Booster Energy\n|-activate|p1b: Sandy Shocks|ability: Protosynthesis|[fromitem]\n|-start|p1b: Sandy Shocks|protosynthesisspe\n|turn|1\n|inactive|JabsGR has 30 seconds left.\n|\n|t:|1700813011\n|move|p2a: Ogerpon|Grassy Glide|p1b: Sandy Shocks\n|-supereffective|p1b: Sandy Shocks\n|-damage|p1b: Sandy Shocks|3\/100\n|move|p1b: Sandy Shocks|Gravity|p1b: Sandy Shocks\n|-fieldstart|move: Gravity\n|move|p1a: Espathra|Lumina Crash|p2a: Ogerpon\n|-crit|p2a: Ogerpon\n|-damage|p2a: Ogerpon|32\/100\n|-unboost|p2a: Ogerpon|spd|2\n|move|p2b: Thwackey|U-turn|p1a: Espathra\n|-supereffective|p1a: Espathra\n|-damage|p1a: Espathra|41\/100\n|-enditem|p1a: Espathra|Sitrus Berry|[eat]\n|-heal|p1a: Espathra|65\/100|[from] item: Sitrus Berry\n|\n|t:|1700813032\n|switch|p2b: Grimmsnarl|Grimmsnarl, L50, M|100\/100|[from] U-turn\n|\n|-heal|p1b: Sandy Shocks|9\/100|[from] Grassy Terrain\n|-heal|p2a: Ogerpon|38\/100|[from] Grassy Terrain\n|-heal|p1a: Espathra|71\/100|[from] Grassy Terrain\n|-ability|p1a: Espathra|Speed Boost|boost\n|-boost|p1a: Espathra|spe|1\n|upkeep\n|turn|2\n|\n|t:|1700813050\n|move|p1a: Espathra|Protect|p1a: Espathra\n|-singleturn|p1a: Espathra|Protect\n|move|p2a: Ogerpon|Spiky Shield|p2a: Ogerpon\n|-singleturn|p2a: Ogerpon|move: Protect\n|move|p2b: Grimmsnarl|Sucker Punch||[still]\n|-fail|p2b: Grimmsnarl\n|move|p1b: Sandy Shocks|Flash Cannon|p2b: Grimmsnarl\n|-supereffective|p2b: Grimmsnarl\n|-damage|p2b: Grimmsnarl|44\/100\n|\n|-heal|p1b: Sandy Shocks|15\/100|[from] Grassy Terrain\n|-heal|p1a: Espathra|77\/100|[from] Grassy Terrain\n|-heal|p2a: Ogerpon|44\/100|[from] Grassy Terrain\n|-heal|p2b: Grimmsnarl|50\/100|[from] Grassy Terrain\n|-ability|p1a: Espathra|Speed Boost|boost\n|-boost|p1a: Espathra|spe|1\n|upkeep\n|turn|3\n|\n|t:|1700813067\n|move|p2a: Ogerpon|Grassy Glide|p1b: Sandy Shocks\n|-supereffective|p1b: Sandy Shocks\n|-damage|p1b: Sandy Shocks|0 fnt\n|faint|p1b: Sandy Shocks\n|-end|p1b: Sandy Shocks|Protosynthesis|[silent]\n|move|p2b: Grimmsnarl|Sucker Punch||[still]\n|-fail|p2b: Grimmsnarl\n|move|p1a: Espathra|Hypnosis|p2a: Ogerpon\n|-status|p2a: Ogerpon|slp|[from] move: Hypnosis\n|\n|-heal|p1a: Espathra|83\/100|[from] Grassy Terrain\n|-heal|p2a: Ogerpon|49\/100 slp|[from] Grassy Terrain\n|-heal|p2b: Grimmsnarl|56\/100|[from] Grassy Terrain\n|-ability|p1a: Espathra|Speed Boost|boost\n|-boost|p1a: Espathra|spe|1\n|upkeep\n|\n|t:|1700813081\n|switch|p1b: Annihilape|Annihilape, L50, M|100\/100\n|turn|4\n|j| Jstardude\n|inactive|finiro has 30 seconds left.\n|\n|t:|1700813107\n|cant|p2a: Ogerpon|slp\n|move|p2b: Grimmsnarl|Light Screen|p2b: Grimmsnarl\n|-sidestart|p2: finiro|move: Light Screen\n|move|p1a: Espathra|Hypnosis|p2b: Grimmsnarl\n|-status|p2b: Grimmsnarl|slp|[from] move: Hypnosis\n|move|p1b: Annihilape|Bulk Up|p1b: Annihilape\n|-boost|p1b: Annihilape|atk|1\n|-boost|p1b: Annihilape|def|1\n|\n|-heal|p1a: Espathra|89\/100|[from] Grassy Terrain\n|-heal|p2a: Ogerpon|55\/100 slp|[from] Grassy Terrain\n|-heal|p2b: Grimmsnarl|62\/100 slp|[from] Grassy Terrain\n|-ability|p1a: Espathra|Speed Boost|boost\n|-boost|p1a: Espathra|spe|1\n|upkeep\n|turn|5\n|j| Lux2821\n|inactive|finiro has 30 seconds left.\n|c| Lux2821|it's 12am but we gaming\n|\n|t:|1700813135\n|cant|p2a: Ogerpon|slp\n|move|p1a: Espathra|Dazzling Gleam|p2b: Grimmsnarl|[spread] p2a,p2b\n|-supereffective|p2b: Grimmsnarl\n|-damage|p2a: Ogerpon|24\/100 slp\n|-damage|p2b: Grimmsnarl|32\/100 slp\n|move|p1b: Annihilape|Bulk Up|p1b: Annihilape\n|-boost|p1b: Annihilape|atk|1\n|-boost|p1b: Annihilape|def|1\n|cant|p2b: Grimmsnarl|slp\n|\n|-heal|p1a: Espathra|95\/100|[from] Grassy Terrain\n|-heal|p2a: Ogerpon|30\/100 slp|[from] Grassy Terrain\n|-heal|p2b: Grimmsnarl|38\/100 slp|[from] Grassy Terrain\n|-fieldend|move: Gravity\n|-fieldend|move: Grassy Terrain\n|-ability|p1a: Espathra|Speed Boost|boost\n|-boost|p1a: Espathra|spe|1\n|upkeep\n|turn|6\n|inactive|JabsGR has 30 seconds left.\n|inactive|finiro has 30 seconds left.\n|\n|t:|1700813163\n|move|p1a: Espathra|Dazzling Gleam|p2b: Grimmsnarl|[spread] p2a,p2b\n|-crit|p2a: Ogerpon\n|-supereffective|p2b: Grimmsnarl\n|-damage|p2a: Ogerpon|0 fnt\n|-damage|p2b: Grimmsnarl|11\/100 slp\n|faint|p2a: Ogerpon\n|move|p1b: Annihilape|Bulk Up|p1b: Annihilape\n|-boost|p1b: Annihilape|atk|1\n|-boost|p1b: Annihilape|def|1\n|-curestatus|p2b: Grimmsnarl|slp|[msg]\n|move|p2b: Grimmsnarl|Spirit Break|p1b: Annihilape\n|-supereffective|p1b: Annihilape\n|-damage|p1b: Annihilape|65\/100\n|-unboost|p1b: Annihilape|spa|1\n|-ability|p1b: Annihilape|Defiant|boost\n|-boost|p1b: Annihilape|atk|2\n|\n|-heal|p1b: Annihilape|71\/100|[from] item: Leftovers\n|-ability|p1a: Espathra|Speed Boost|boost\n|-boost|p1a: Espathra|spe|1\n|upkeep\n|\n|t:|1700813183\n|switch|p2a: Thwackey|Thwackey, L50, F|100\/100\n|-fieldstart|move: Grassy Terrain|[from] ability: Grassy Surge|[of] p2a: Thwackey\n|turn|7\n|\n|t:|1700813192\n|move|p2b: Grimmsnarl|Sucker Punch|p1a: Espathra\n|-supereffective|p1a: Espathra\n|-damage|p1a: Espathra|0 fnt\n|faint|p1a: Espathra\n|move|p1b: Annihilape|Drain Punch|p2a: Thwackey\n|-enditem|p2a: Thwackey|Focus Sash\n|-damage|p2a: Thwackey|1\/100\n|-heal|p1b: Annihilape|100\/100|[from] drain|[of] p2a: Thwackey\n|move|p2a: Thwackey|Endeavor|p1b: Annihilape\n|-immune|p1b: Annihilape\n|\n|-heal|p2a: Thwackey|7\/100|[from] Grassy Terrain\n|-heal|p2b: Grimmsnarl|17\/100|[from] Grassy Terrain\n|upkeep\n|\n|t:|1700813206\n|switch|p1a: Maushold|Maushold-Four, L50|100\/100\n|turn|8\n|inactive|finiro has 30 seconds left.\n|\n|t:|1700813240\n|move|p1a: Maushold|Follow Me|p1a: Maushold\n|-singleturn|p1a: Maushold|move: Follow Me\n|move|p2a: Thwackey|Grassy Glide|p1a: Maushold\n|-damage|p1a: Maushold|64\/100\n|move|p2b: Grimmsnarl|Sucker Punch||[still]\n|-fail|p2b: Grimmsnarl\n|move|p1b: Annihilape|Drain Punch|p2a: Thwackey\n|-damage|p2a: Thwackey|0 fnt\n|faint|p2a: Thwackey\n|\n|-heal|p1a: Maushold|70\/100|[from] Grassy Terrain\n|-heal|p2b: Grimmsnarl|23\/100|[from] Grassy Terrain\n|-sideend|p2: finiro|move: Light Screen\n|upkeep\n|\n|t:|1700813252\n|switch|p2a: Clefairy|Clefairy, L50, M|100\/100\n|turn|9\n|\n|t:|1700813260\n|move|p1a: Maushold|Follow Me|p1a: Maushold\n|-singleturn|p1a: Maushold|move: Follow Me\n|move|p1b: Annihilape|Rage Fist|p2b: Grimmsnarl\n|-resisted|p2b: Grimmsnarl\n|-damage|p2b: Grimmsnarl|0 fnt\n|faint|p2b: Grimmsnarl\n|move|p2a: Clefairy|Life Dew||[still]\n|-fail|p2a: Clefairy|heal\n|\n|-heal|p1a: Maushold|76\/100|[from] Grassy Terrain\n|upkeep\n|turn|10\n|\n|t:|1700813275\n|move|p1a: Maushold|Super Fang|p2a: Clefairy\n|-damage|p2a: Clefairy|51\/100\n|move|p1b: Annihilape|Rage Fist|p2a: Clefairy\n|-damage|p2a: Clefairy|0 fnt\n|faint|p2a: Clefairy\n|\n|win|JabsGR\n|c|&|\/uhtml prompt-finiro,finiro is ready for game 2!\n|c|\u2606JabsGR|gg\n|c|\u2606finiro|gg\n|c|&|\/uhtml prompt-jabsgr,JabsGR is ready for game 2!\nBoth players are ready! Starting next match!\n|l| Lux2821\n|j| Stryke Out\n|j| F3athers\n|j| austinerzs\n|l|\u2606finiro\n|l| austinerzs\n|l|\u2606JabsGR\n|l| Jstardude\n|l| Stryke Out\n|j|\u2606JabsGR\n|player|p1|JabsGR|veteran-gen4\n|j|\u2606finiro\n|player|p2|finiro|gambler\n|j| Jstardude\n|l| Jstardude\n|j| Jstardude\n","uploadtime":1700814109,"views":5,"p1id":"jabsgr","p2id":"finiro","formatid":"gen9vgc2023regulatione","rating":0,"private":0,"password":""}