{"id":"gen9vgc2023regulatione-1996338720","p1":"Yopif","p2":"nano8a","format":"[Gen 9] VGC 2023 Regulation E","log":"|j|\u2606Yopif\n|j|\u2606nano8a\n|t:|1700672597\n|gametype|doubles\n|player|p1|Yopif|ethan|1094\n|player|p2|nano8a|red|1065\n|teamsize|p1|6\n|teamsize|p2|6\n|gen|9\n|tier|[Gen 9] VGC 2023 Regulation E\n|rated|\n|rule|Species Clause: Limit one of each Pok\u00e9mon\n|rule|Item Clause: Limit one of each item\n|clearpoke\n|poke|p1|Garganacl, L50, M|\n|poke|p1|Rillaboom, L50, M|\n|poke|p1|Arcanine-Hisui, L50, F|\n|poke|p1|Iron Hands, L50|\n|poke|p1|Urshifu-*, L50, F|\n|poke|p1|Dusclops, L50, M|\n|poke|p2|Urshifu-*, L50, F|\n|poke|p2|Farigiraf, L50, F|\n|poke|p2|Clefairy, L50, M|\n|poke|p2|Ogerpon-Hearthflame, L50, F|\n|poke|p2|Ursaluna-Bloodmoon, L50, M|\n|poke|p2|Okidogi, L50, M|\n|teampreview|4\nYopif has agreed to open team sheets.\n|inactive|Battle timer is ON: inactive players will automatically lose when time's up. (requested by nano8a)\n|\n|t:|1700672658\n|start\n|switch|p1a: Garganacl|Garganacl, L50, M|100\/100\n|switch|p1b: Iron Hands|Iron Hands, L50|100\/100\n|switch|p2a: Urshifu|Urshifu-Rapid-Strike, L50, F|100\/100\n|switch|p2b: Farigiraf|Farigiraf, L50, F|100\/100\n|turn|1\n|inactive|nano8a has 30 seconds left.\n|inactive|nano8a has 20 seconds left.\n|inactive|nano8a has 15 seconds left.\n|\n|t:|1700672700\n|move|p2a: Urshifu|Surging Strikes|p1b: Iron Hands\n|-crit|p1b: Iron Hands\n|-damage|p1b: Iron Hands|86\/100\n|-crit|p1b: Iron Hands\n|-damage|p1b: Iron Hands|73\/100\n|-crit|p1b: Iron Hands\n|-damage|p1b: Iron Hands|59\/100\n|-hitcount|p1b: Iron Hands|3\n|move|p2b: Farigiraf|Psychic|p1b: Iron Hands\n|-supereffective|p1b: Iron Hands\n|-damage|p1b: Iron Hands|2\/100\n|move|p1b: Iron Hands|Swords Dance|p1b: Iron Hands\n|-boost|p1b: Iron Hands|atk|2\n|move|p1a: Garganacl|Salt Cure|p2a: Urshifu\n|-resisted|p2a: Urshifu\n|-crit|p2a: Urshifu\n|-damage|p2a: Urshifu|90\/100\n|-start|p2a: Urshifu|Salt Cure\n|\n|-damage|p2a: Urshifu|65\/100|[from] Salt Cure\n|upkeep\n|turn|2\n|inactive|Yopif has 30 seconds left.\n|inactive|nano8a has 30 seconds left.\n|inactive|Yopif has 20 seconds left.\n|inactive|Yopif has 15 seconds left.\n|inactive|Yopif has 10 seconds left.\n|\n|t:|1700672747\n|move|p1b: Iron Hands|Protect|p1b: Iron Hands\n|-singleturn|p1b: Iron Hands|Protect\n|move|p2a: Urshifu|Surging Strikes|p1a: Garganacl\n|-supereffective|p1a: Garganacl\n|-crit|p1a: Garganacl\n|-damage|p1a: Garganacl|73\/100\n|-damage|p2a: Urshifu|48\/100|[from] item: Rocky Helmet|[of] p1a: Garganacl\n|-supereffective|p1a: Garganacl\n|-crit|p1a: Garganacl\n|-damage|p1a: Garganacl|47\/100\n|-damage|p2a: Urshifu|32\/100|[from] item: Rocky Helmet|[of] p1a: Garganacl\n|-supereffective|p1a: Garganacl\n|-crit|p1a: Garganacl\n|-damage|p1a: Garganacl|17\/100\n|-damage|p2a: Urshifu|15\/100|[from] item: Rocky Helmet|[of] p1a: Garganacl\n|-hitcount|p1a: Garganacl|3\n|move|p2b: Farigiraf|Dazzling Gleam|p1a: Garganacl|[spread] p1a\n|-activate|p1b: Iron Hands|move: Protect\n|-damage|p1a: Garganacl|5\/100\n|move|p1a: Garganacl|Salt Cure|p2b: Farigiraf\n|-damage|p2b: Farigiraf|86\/100\n|-start|p2b: Farigiraf|Salt Cure\n|\n|-damage|p2a: Urshifu|0 fnt|[from] Salt Cure\n|faint|p2a: Urshifu\n|-damage|p2b: Farigiraf|74\/100|[from] Salt Cure\n|upkeep\n|inactive|nano8a has 30 seconds left.\n|\n|t:|1700672778\n|switch|p2a: Okidogi|Okidogi, L50, M|100\/100\n|turn|3\n|\n|t:|1700672794\n|move|p1a: Garganacl|Wide Guard|p1a: Garganacl\n|-singleturn|p1a: Garganacl|Wide Guard\n|move|p2a: Okidogi|Brick Break|p1a: Garganacl\n|-supereffective|p1a: Garganacl\n|-damage|p1a: Garganacl|0 fnt\n|-damage|p2a: Okidogi|84\/100|[from] item: Rocky Helmet|[of] p1a: Garganacl\n|faint|p1a: Garganacl\n|move|p2b: Farigiraf|Dazzling Gleam|p1b: Iron Hands\n|-activate|p1b: Iron Hands|move: Wide Guard\n|move|p1b: Iron Hands|Drain Punch|p2b: Farigiraf\n|-damage|p2b: Farigiraf|4\/100\n|-heal|p1b: Iron Hands|32\/100|[from] drain|[of] p2b: Farigiraf\n|-enditem|p2b: Farigiraf|Sitrus Berry|[eat]\n|-heal|p2b: Farigiraf|29\/100|[from] item: Sitrus Berry\n|\n|-damage|p2b: Farigiraf|17\/100|[from] Salt Cure\n|upkeep\n|c|\u2606nano8a|wp\n|inactive|Yopif has 30 seconds left.\n|\n|t:|1700672821\n|switch|p1a: Arcanine|Arcanine-Hisui, L50, F|100\/100\n|-ability|p1a: Arcanine|Intimidate|boost\n|-ability|p2a: Okidogi|Guard Dog|boost\n|-boost|p2a: Okidogi|atk|1\n|-unboost|p2b: Farigiraf|atk|1\n|turn|4\n|inactive|nano8a has 30 seconds left.\n|inactive|nano8a has 20 seconds left.\n|inactive|nano8a has 15 seconds left.\n|inactive|nano8a has 10 seconds left.\n|\n|t:|1700672869\n|switch|p2b: Ogerpon|Ogerpon-Hearthflame, L50, F|100\/100\n|-ability|p2b: Ogerpon|Mold Breaker\n|-terastallize|p1a: Arcanine|Fire\n|move|p1b: Iron Hands|Protect|p1b: Iron Hands\n|-singleturn|p1b: Iron Hands|Protect\n|move|p1a: Arcanine|Flare Blitz|p2a: Okidogi\n|-damage|p2a: Okidogi|9\/100\n|-damage|p1a: Arcanine|72\/100|[from] Recoil\n|move|p2a: Okidogi|Brick Break|p1b: Iron Hands\n|-activate|p1b: Iron Hands|move: Protect\n|\n|upkeep\n|turn|5\n|inactive|nano8a has 30 seconds left.\n|\n|t:|1700672898\n|move|p1a: Arcanine|Extreme Speed|p2a: Okidogi\n|-damage|p2a: Okidogi|0 fnt\n|faint|p2a: Okidogi\n|move|p2b: Ogerpon|Ivy Cudgel|p1b: Iron Hands|[anim] Ivy Cudgel Fire\n|-crit|p1b: Iron Hands\n|-damage|p1b: Iron Hands|0 fnt\n|faint|p1b: Iron Hands\n|-end|p1b: Iron Hands|Quark Drive|[silent]\n|\n|upkeep\n|\n|t:|1700672907\n|switch|p2a: Farigiraf|Farigiraf, L50, F|17\/100\n|switch|p1b: Urshifu|Urshifu-Rapid-Strike, L50, F|100\/100\n|turn|6\n|\n|t:|1700672927\n|move|p1b: Urshifu|Surging Strikes|p2a: Farigiraf\n|-crit|p2a: Farigiraf\n|-damage|p2a: Farigiraf|0 fnt\n|faint|p2a: Farigiraf\n|-hitcount|p2: Farigiraf|1\n|move|p2b: Ogerpon|Horn Leech|p1b: Urshifu\n|-supereffective|p1b: Urshifu\n|-damage|p1b: Urshifu|15\/100\n|move|p1a: Arcanine|Rock Blast|p2b: Ogerpon\n|-supereffective|p2b: Ogerpon\n|-damage|p2b: Ogerpon|71\/100\n|-supereffective|p2b: Ogerpon\n|-damage|p2b: Ogerpon|41\/100\n|-supereffective|p2b: Ogerpon\n|-damage|p2b: Ogerpon|12\/100\n|-supereffective|p2b: Ogerpon\n|-damage|p2b: Ogerpon|0 fnt\n|faint|p2b: Ogerpon\n|-hitcount|p2: Ogerpon|4\n|\n|win|Yopif\n|raw|Yopif's rating: 1094 &rarr; <strong>1118<\/strong><br \/>(+24 for winning)\n|raw|nano8a's rating: 1065 &rarr; <strong>1047<\/strong><br \/>(-18 for losing)\n|l|\u2606nano8a\n","uploadtime":1700672950,"views":1,"p1id":"yopif","p2id":"nano8a","formatid":"gen9vgc2023regulatione","rating":1047,"private":0,"password":""}