{"id":"gen9vgc2023regulatione-1998200319","p1":"BlindMagneton","p2":"Fabio1996","format":"[Gen 9] VGC 2023 Regulation E","log":"|j|\u2606BlindMagneton\n|j|\u2606Fabio1996\n|t:|1700911414\n|gametype|doubles\n|player|p1|BlindMagneton|wattson|1513\n|player|p2|Fabio1996|102|1656\n|teamsize|p1|6\n|teamsize|p2|6\n|gen|9\n|tier|[Gen 9] VGC 2023 Regulation E\n|rated|\n|rule|Species Clause: Limit one of each Pok\u00e9mon\n|rule|Item Clause: Limit one of each item\n|clearpoke\n|poke|p1|Mandibuzz, L50, F|\n|poke|p1|Abomasnow, L50, M|\n|poke|p1|Roaring Moon, L50|\n|poke|p1|Brambleghast, L50, F|\n|poke|p1|Farigiraf, L50, M|\n|poke|p1|Iron Bundle, L50|\n|poke|p2|Cresselia, L50, F|\n|poke|p2|Iron Hands, L50|\n|poke|p2|Arcanine-Hisui, L50, F|\n|poke|p2|Urshifu-*, L50, M|\n|poke|p2|Ursaluna, L50, M|\n|poke|p2|Tornadus, L50, M|\n|teampreview|4\n|\n|t:|1700911459\n|start\n|switch|p1a: Mandibuzz|Mandibuzz, L50, F|100\/100\n|switch|p1b: Abomasnow|Abomasnow, L50, M|100\/100\n|switch|p2a: Tornadus|Tornadus, L50, M|100\/100\n|switch|p2b: Iron Hands|Iron Hands, L50|100\/100\n|-weather|Snow|[from] ability: Snow Warning|[of] p1b: Abomasnow\n|turn|1\n|\n|t:|1700911508\n|move|p1a: Mandibuzz|Protect|p1a: Mandibuzz\n|-singleturn|p1a: Mandibuzz|Protect\n|move|p1b: Abomasnow|Protect|p1b: Abomasnow\n|-singleturn|p1b: Abomasnow|Protect\n|move|p2a: Tornadus|Icy Wind|p1a: Mandibuzz|[spread] \n|-activate|p1a: Mandibuzz|move: Protect\n|-activate|p1b: Abomasnow|move: Protect\n|move|p2b: Iron Hands|Drain Punch|p1b: Abomasnow\n|-activate|p1b: Abomasnow|move: Protect\n|\n|-weather|Snow|[upkeep]\n|upkeep\n|turn|2\n|\n|t:|1700911536\n|move|p2a: Tornadus|Tailwind|p2a: Tornadus\n|-sidestart|p2: Fabio1996|move: Tailwind\n|move|p1b: Abomasnow|Ice Shard|p1a: Mandibuzz\n|-supereffective|p1a: Mandibuzz\n|-damage|p1a: Mandibuzz|77\/100\n|-ability|p1a: Mandibuzz|Weak Armor|boost\n|-unboost|p1a: Mandibuzz|def|1\n|-boost|p1a: Mandibuzz|spe|2\n|-enditem|p1a: Mandibuzz|Weakness Policy\n|-boost|p1a: Mandibuzz|atk|2|[from] item: Weakness Policy\n|-boost|p1a: Mandibuzz|spa|2|[from] item: Weakness Policy\n|move|p1a: Mandibuzz|Lash Out|p2a: Tornadus\n|-damage|p2a: Tornadus|0 fnt\n|faint|p2a: Tornadus\n|move|p2b: Iron Hands|Drain Punch|p1b: Abomasnow\n|-supereffective|p1b: Abomasnow\n|-damage|p1b: Abomasnow|28\/100\n|\n|-weather|Snow|[upkeep]\n|upkeep\n|\n|t:|1700911562\n|switch|p2a: Arcanine|Arcanine-Hisui, L50, F|100\/100\n|-ability|p2a: Arcanine|Intimidate|boost\n|-unboost|p1a: Mandibuzz|atk|1\n|-unboost|p1b: Abomasnow|atk|1\n|turn|3\n|\n|t:|1700911586\n|switch|p1b: Farigiraf|Farigiraf, L50, M|100\/100\n|-terastallize|p1a: Mandibuzz|Ground\n|move|p2a: Arcanine|Rock Slide|p1b: Farigiraf|[spread] p1a,p1b\n|-resisted|p1a: Mandibuzz\n|-damage|p1a: Mandibuzz|48\/100\n|-damage|p1b: Farigiraf|58\/100\n|-ability|p1a: Mandibuzz|Weak Armor|boost\n|-unboost|p1a: Mandibuzz|def|1\n|-boost|p1a: Mandibuzz|spe|2\n|move|p1a: Mandibuzz|Bone Rush|p2a: Arcanine\n|-supereffective|p2a: Arcanine\n|-damage|p2a: Arcanine|30\/100\n|-supereffective|p2a: Arcanine\n|-damage|p2a: Arcanine|0 fnt\n|faint|p2a: Arcanine\n|-hitcount|p2: Arcanine|2\n|move|p2b: Iron Hands|Wild Charge|p1a: Mandibuzz\n|-immune|p1a: Mandibuzz\n|\n|-weather|Snow|[upkeep]\n|upkeep\n|\n|t:|1700911604\n|switch|p2a: Urshifu|Urshifu-Rapid-Strike, L50, M|100\/100\n|turn|4\n|\n|t:|1700911623\n|-terastallize|p2a: Urshifu|Water\n|move|p1a: Mandibuzz|Acrobatics|p2a: Urshifu\n|-damage|p2a: Urshifu|44\/100\n|move|p2a: Urshifu|Surging Strikes|p1b: Farigiraf\n|-crit|p1b: Farigiraf\n|-damage|p1b: Farigiraf|28\/100\n|-crit|p1b: Farigiraf\n|-damage|p1b: Farigiraf|0 fnt\n|faint|p1b: Farigiraf\n|-hitcount|p1: Farigiraf|2\n|move|p2b: Iron Hands|Drain Punch|p1a: Mandibuzz\n|-damage|p1a: Mandibuzz|0 fnt\n|faint|p1a: Mandibuzz\n|\n|-weather|Snow|[upkeep]\n|upkeep\n|\n|t:|1700911635\n|switch|p1a: Abomasnow|Abomasnow, L50, M|28\/100\n|switch|p1b: Brambleghast|Brambleghast, L50, F|100\/100\n|turn|5\n|\n|t:|1700911651\n|move|p2a: Urshifu|Close Combat|p1a: Abomasnow\n|-supereffective|p1a: Abomasnow\n|-damage|p1a: Abomasnow|0 fnt\n|-unboost|p2a: Urshifu|def|1\n|-unboost|p2a: Urshifu|spd|1\n|faint|p1a: Abomasnow\n|move|p2b: Iron Hands|Rock Slide|p1b: Brambleghast\n|-damage|p1b: Brambleghast|73\/100\n|move|p1b: Brambleghast|Strength Sap|p2b: Iron Hands\n|-unboost|p2b: Iron Hands|atk|1\n|-heal|p1b: Brambleghast|100\/100\n|\n|-weather|none\n|-sideend|p2: Fabio1996|move: Tailwind\n|upkeep\n|turn|6\n|\n|t:|1700911674\n|move|p2a: Urshifu|Surging Strikes|p1b: Brambleghast\n|-resisted|p1b: Brambleghast\n|-crit|p1b: Brambleghast\n|-damage|p1b: Brambleghast|86\/100\n|-damage|p2a: Urshifu|28\/100|[from] item: Rocky Helmet|[of] p1b: Brambleghast\n|-resisted|p1b: Brambleghast\n|-crit|p1b: Brambleghast\n|-damage|p1b: Brambleghast|72\/100\n|-damage|p2a: Urshifu|11\/100|[from] item: Rocky Helmet|[of] p1b: Brambleghast\n|-resisted|p1b: Brambleghast\n|-crit|p1b: Brambleghast\n|-damage|p1b: Brambleghast|57\/100\n|-damage|p2a: Urshifu|0 fnt|[from] item: Rocky Helmet|[of] p1b: Brambleghast\n|faint|p2a: Urshifu\n|-hitcount|p1b: Brambleghast|3\n|move|p1b: Brambleghast|Strength Sap|p2b: Iron Hands\n|-unboost|p2b: Iron Hands|atk|1\n|-heal|p1b: Brambleghast|100\/100\n|move|p2b: Iron Hands|Rock Slide|p1b: Brambleghast\n|-damage|p1b: Brambleghast|88\/100\n|\n|upkeep\n|turn|7\n|l|\u2606Fabio1996\n|player|p2|\n|inactive|Battle timer is ON: inactive players will automatically lose when time's up. (requested by BlindMagneton)\n|inactive|Fabio1996 has 30 seconds to reconnect!\n|inactive|Fabio1996 has 20 seconds to reconnect!\n|inactive|Fabio1996 has 15 seconds to reconnect!\n|inactive|Fabio1996 has 10 seconds to reconnect!\n|inactive|Fabio1996 has 5 seconds to reconnect!\n|-message|Fabio1996 lost due to inactivity.\n|\n|win|BlindMagneton\n|raw|BlindMagneton's rating: 1513 &rarr; <strong>1541<\/strong><br \/>(+28 for winning)\n|raw|Fabio1996's rating: 1656 &rarr; <strong>1628<\/strong><br \/>(-28 for losing)\n","uploadtime":1700912006,"views":4,"p1id":"blindmagneton","p2id":"fabio1996","formatid":"gen9vgc2023regulatione","rating":1541,"private":0,"password":""}