{"id":"gen9vgc2023regulatione-1994106447","p1":"RakeVGC","p2":"PomegranateSparkle","format":"[Gen 9] VGC 2023 Regulation E","log":"|j|\u2606RakeVGC\n|j|\u2606PomegranateSparkle\n|t:|1700407605\n|gametype|doubles\n|player|p1|RakeVGC|cynthia-gen4|1330\n|player|p2|PomegranateSparkle|sage|1437\n|teamsize|p1|6\n|teamsize|p2|6\n|gen|9\n|tier|[Gen 9] VGC 2023 Regulation E\n|rated|\n|rule|Species Clause: Limit one of each Pok\u00e9mon\n|rule|Item Clause: Limit one of each item\n|clearpoke\n|poke|p1|Arcanine-Hisui, L50, M|\n|poke|p1|Urshifu-*, L50, M|\n|poke|p1|Indeedee-F, L50, F|\n|poke|p1|Rillaboom, L50, M|\n|poke|p1|Flutter Mane, L50|\n|poke|p1|Iron Bundle, L50|\n|poke|p2|Annihilape, L50, F|\n|poke|p2|Arcanine-Hisui, L50, F|\n|poke|p2|Iron Bundle, L50|\n|poke|p2|Ogerpon-Wellspring, L50, F|\n|poke|p2|Rillaboom, L50, M|\n|poke|p2|Gholdengo, L50|\n|teampreview|4\n|\n|t:|1700407674\n|start\n|switch|p1a: Arcanine|Arcanine-Hisui, L50, M|100\/100\n|switch|p1b: Rillaboom|Rillaboom, L50, M|100\/100\n|switch|p2a: Arcanine|Arcanine-Hisui, L50, F|100\/100\n|switch|p2b: Annihilape|Annihilape, L50, F|100\/100\n|-ability|p1a: Arcanine|Intimidate|boost\n|-unboost|p2a: Arcanine|atk|1\n|-unboost|p2b: Annihilape|atk|1\n|-ability|p2b: Annihilape|Defiant|boost\n|-boost|p2b: Annihilape|atk|2\n|-ability|p2a: Arcanine|Intimidate|boost\n|-unboost|p1a: Arcanine|atk|1\n|-unboost|p1b: Rillaboom|atk|1\n|-fieldstart|move: Grassy Terrain|[from] ability: Grassy Surge|[of] p1b: Rillaboom\n|turn|1\n|inactive|Battle timer is ON: inactive players will automatically lose when time's up. (requested by RakeVGC)\n|\n|t:|1700407702\n|switch|p2a: Rillaboom|Rillaboom, L50, M|100\/100\n|move|p1b: Rillaboom|Fake Out|p2a: Rillaboom\n|-damage|p2a: Rillaboom|92\/100\n|move|p1a: Arcanine|Will-O-Wisp|p2b: Annihilape\n|-status|p2b: Annihilape|brn\n|move|p2b: Annihilape|Bulk Up|p2b: Annihilape\n|-boost|p2b: Annihilape|atk|1\n|-boost|p2b: Annihilape|def|1\n|\n|-heal|p2a: Rillaboom|98\/100|[from] Grassy Terrain\n|-damage|p2b: Annihilape|95\/100 brn|[from] brn\n|upkeep\n|turn|2\n|inactive|RakeVGC has 30 seconds left.\n|inactive|RakeVGC has 20 seconds left.\n|inactive|PomegranateSparkle has 30 seconds left.\n|inactive|RakeVGC has 15 seconds left.\n|inactive|RakeVGC has 10 seconds left.\n|inactive|PomegranateSparkle has 20 seconds left.\n|inactive|PomegranateSparkle has 15 seconds left.\n|\n|t:|1700407756\n|switch|p1a: Flutter Mane|Flutter Mane, L50|100\/100\n|switch|p1b: Iron Bundle|Iron Bundle, L50|100\/100\n|-enditem|p1b: Iron Bundle|Booster Energy\n|-activate|p1b: Iron Bundle|ability: Quark Drive|[fromitem]\n|-start|p1b: Iron Bundle|quarkdrivespe\n|move|p2b: Annihilape|Bulk Up|p2b: Annihilape\n|-boost|p2b: Annihilape|atk|1\n|-boost|p2b: Annihilape|def|1\n|move|p2a: Rillaboom|High Horsepower|p1a: Flutter Mane\n|-damage|p1a: Flutter Mane|56\/100\n|\n|-heal|p1a: Flutter Mane|63\/100|[from] Grassy Terrain\n|-heal|p2b: Annihilape|100\/100 brn|[from] Grassy Terrain\n|-heal|p2a: Rillaboom|100\/100|[from] Grassy Terrain\n|-damage|p2b: Annihilape|95\/100 brn|[from] brn\n|upkeep\n|turn|3\n|inactive|RakeVGC has 30 seconds left.\n|inactive|PomegranateSparkle has 30 seconds left.\n|inactive|RakeVGC has 20 seconds left.\n|inactive|PomegranateSparkle has 20 seconds left.\n|inactive|RakeVGC has 15 seconds left.\n|inactive|RakeVGC has 10 seconds left.\n|\n|t:|1700407804\n|-end|p1a: Flutter Mane|Protosynthesis|[silent]\n|switch|p1a: Rillaboom|Rillaboom, L50, M|100\/100\n|-terastallize|p2b: Annihilape|Poison\n|move|p1b: Iron Bundle|Encore|p2b: Annihilape\n|-start|p2b: Annihilape|Encore\n|move|p2b: Annihilape|Bulk Up|p2b: Annihilape\n|-boost|p2b: Annihilape|atk|1\n|-boost|p2b: Annihilape|def|1\n|move|p2a: Rillaboom|Wood Hammer|p1b: Iron Bundle\n|-supereffective|p1b: Iron Bundle\n|-damage|p1b: Iron Bundle|0 fnt\n|faint|p1b: Iron Bundle\n|-end|p1b: Iron Bundle|Quark Drive|[silent]\n|-damage|p2a: Rillaboom|77\/100|[from] Recoil\n|\n|-heal|p2b: Annihilape|100\/100 brn|[from] Grassy Terrain\n|-heal|p2a: Rillaboom|83\/100|[from] Grassy Terrain\n|-damage|p2b: Annihilape|95\/100 brn|[from] brn\n|upkeep\n|inactive|RakeVGC has 30 seconds left.\n|\n|t:|1700407835\n|switch|p1b: Arcanine|Arcanine-Hisui, L50, M|100\/100\n|-ability|p1b: Arcanine|Intimidate|boost\n|-unboost|p2a: Rillaboom|atk|1\n|-unboost|p2b: Annihilape|atk|1\n|-ability|p2b: Annihilape|Defiant|boost\n|-boost|p2b: Annihilape|atk|2\n|turn|4\n|inactive|RakeVGC has 30 seconds left.\n|\n|t:|1700407862\n|switch|p2a: Arcanine|Arcanine-Hisui, L50, F|100\/100\n|-ability|p2a: Arcanine|Intimidate|boost\n|-unboost|p1a: Rillaboom|atk|1\n|-unboost|p1b: Arcanine|atk|1\n|move|p1a: Rillaboom|Fake Out|p2b: Annihilape\n|-damage|p2b: Annihilape|90\/100 brn\n|move|p1b: Arcanine|Flare Blitz|p2a: Arcanine\n|-resisted|p2a: Arcanine\n|-damage|p2a: Arcanine|88\/100\n|-damage|p1b: Arcanine|96\/100|[from] Recoil\n|cant|p2b: Annihilape|flinch\n|\n|-heal|p1b: Arcanine|100\/100|[from] Grassy Terrain\n|-heal|p2b: Annihilape|96\/100 brn|[from] Grassy Terrain\n|-heal|p2a: Arcanine|94\/100|[from] Grassy Terrain\n|-damage|p2b: Annihilape|90\/100 brn|[from] brn\n|upkeep\n|turn|5\n|inactive|PomegranateSparkle has 30 seconds left.\n|\n|t:|1700407889\n|-terastallize|p1a: Rillaboom|Grass\n|move|p1b: Arcanine|Rock Slide|p2a: Arcanine|[spread] p2a,p2b\n|-supereffective|p2a: Arcanine\n|-damage|p2a: Arcanine|48\/100\n|-damage|p2b: Annihilape|82\/100 brn\n|move|p2b: Annihilape|Bulk Up|p2b: Annihilape\n|-boost|p2b: Annihilape|atk|1\n|-boost|p2b: Annihilape|def|1\n|cant|p2a: Arcanine|flinch\n|move|p1a: Rillaboom|Wood Hammer|p2a: Arcanine\n|-damage|p2a: Arcanine|0 fnt\n|faint|p2a: Arcanine\n|-damage|p1a: Rillaboom|86\/100|[from] Recoil\n|\n|-heal|p2b: Annihilape|88\/100 brn|[from] Grassy Terrain\n|-heal|p1a: Rillaboom|92\/100|[from] Grassy Terrain\n|-damage|p2b: Annihilape|82\/100 brn|[from] brn\n|-end|p2b: Annihilape|Encore\n|-fieldend|move: Grassy Terrain\n|upkeep\n|inactive|PomegranateSparkle has 30 seconds left.\n|\n|t:|1700407916\n|switch|p2a: Rillaboom|Rillaboom, L50, M|83\/100\n|-fieldstart|move: Grassy Terrain|[from] ability: Grassy Surge|[of] p2a: Rillaboom\n|turn|6\n|inactive|RakeVGC has 30 seconds left.\n|\n|t:|1700407946\n|switch|p1b: Flutter Mane|Flutter Mane, L50|63\/100\n|move|p1a: Rillaboom|Protect|p1a: Rillaboom\n|-singleturn|p1a: Rillaboom|Protect\n|move|p2a: Rillaboom|Fake Out|p1b: Flutter Mane\n|-immune|p1b: Flutter Mane\n|move|p2b: Annihilape|Rage Fist|p1a: Rillaboom\n|-activate|p1a: Rillaboom|move: Protect\n|\n|-heal|p1b: Flutter Mane|69\/100|[from] Grassy Terrain\n|-heal|p2b: Annihilape|88\/100 brn|[from] Grassy Terrain\n|-heal|p2a: Rillaboom|89\/100|[from] Grassy Terrain\n|-heal|p1a: Rillaboom|98\/100|[from] Grassy Terrain\n|-damage|p2b: Annihilape|82\/100 brn|[from] brn\n|upkeep\n|turn|7\n|inactive|RakeVGC has 30 seconds left.\n|\n|t:|1700407975\n|switch|p1a: Arcanine|Arcanine-Hisui, L50, M|100\/100\n|-ability|p1a: Arcanine|Intimidate|boost\n|-unboost|p2a: Rillaboom|atk|1\n|-unboost|p2b: Annihilape|atk|1\n|-ability|p2b: Annihilape|Defiant|boost\n|-boost|p2b: Annihilape|atk|1\n|move|p1b: Flutter Mane|Shadow Ball|p2b: Annihilape\n|-damage|p2b: Annihilape|30\/100 brn\n|-enditem|p2b: Annihilape|Sitrus Berry|[eat]\n|-heal|p2b: Annihilape|55\/100 brn|[from] item: Sitrus Berry\n|move|p2b: Annihilape|Rage Fist|p1a: Arcanine\n|-damage|p1a: Arcanine|0 fnt\n|faint|p1a: Arcanine\n|move|p2a: Rillaboom|High Horsepower|p1b: Flutter Mane\n|-damage|p1b: Flutter Mane|36\/100\n|\n|-heal|p1b: Flutter Mane|42\/100|[from] Grassy Terrain\n|-heal|p2b: Annihilape|61\/100 brn|[from] Grassy Terrain\n|-heal|p2a: Rillaboom|95\/100|[from] Grassy Terrain\n|-damage|p2b: Annihilape|55\/100 brn|[from] brn\n|upkeep\n|\n|t:|1700407995\n|switch|p1a: Rillaboom|Rillaboom, L50, M, tera:Grass|98\/100\n|turn|8\n|\n|t:|1700408006\n|move|p2b: Annihilape|Protect|p2b: Annihilape\n|-singleturn|p2b: Annihilape|Protect\n|move|p2a: Rillaboom|Grassy Glide|p1b: Flutter Mane\n|-damage|p1b: Flutter Mane|6\/100\n|move|p1b: Flutter Mane|Shadow Ball|p2b: Annihilape\n|-activate|p2b: Annihilape|move: Protect\n|move|p1a: Rillaboom|Wood Hammer|p2b: Annihilape\n|-activate|p2b: Annihilape|move: Protect\n|\n|-heal|p1b: Flutter Mane|12\/100|[from] Grassy Terrain\n|-heal|p2b: Annihilape|61\/100 brn|[from] Grassy Terrain\n|-heal|p2a: Rillaboom|100\/100|[from] Grassy Terrain\n|-heal|p1a: Rillaboom|100\/100|[from] Grassy Terrain\n|-damage|p2b: Annihilape|55\/100 brn|[from] brn\n|upkeep\n|turn|9\n|-message|RakeVGC forfeited.\n|\n|win|PomegranateSparkle\n|raw|RakeVGC's rating: 1330 &rarr; <strong>1316<\/strong><br \/>(-14 for losing)\n|raw|PomegranateSparkle's rating: 1437 &rarr; <strong>1451<\/strong><br \/>(+14 for winning)\n|l|\u2606RakeVGC\n","uploadtime":1700408206,"views":19,"p1id":"rakevgc","p2id":"pomegranatesparkle","formatid":"gen9vgc2023regulatione","rating":1316,"private":0,"password":""}