{"id":"gen9vgc2023regulatione-1991371038","p1":"Glitzky","p2":"SSmeargle VGC","format":"[Gen 9] VGC 2023 Regulation E","log":"|j|\u2606Glitzky\n|j|\u2606SSmeargle VGC\n|t:|1700071538\n|gametype|doubles\n|player|p1|Glitzky|fisherman-gen4|1409\n|player|p2|SSmeargle VGC|266|1353\n|teamsize|p1|6\n|teamsize|p2|6\n|gen|9\n|tier|[Gen 9] VGC 2023 Regulation E\n|rated|\n|rule|Species Clause: Limit one of each Pok\u00e9mon\n|rule|Item Clause: Limit one of each item\n|clearpoke\n|poke|p1|Arcanine-Hisui, L50, M|\n|poke|p1|Tornadus, L50, M|\n|poke|p1|Urshifu-*, L50, F|\n|poke|p1|Iron Hands, L50|\n|poke|p1|Flutter Mane, L50|\n|poke|p1|Chien-Pao, L50|\n|poke|p2|Politoed, L50, F|\n|poke|p2|Armarouge, L50, F|\n|poke|p2|Indeedee-F, L50, F|\n|poke|p2|Tornadus, L50, M|\n|poke|p2|Ogerpon-Wellspring, L50, F|\n|poke|p2|Sylveon, L50, F|\n|teampreview|4\n|inactive|Battle timer is ON: inactive players will automatically lose when time's up. (requested by Glitzky)\n|inactive|Glitzky has 60 seconds left.\n|\n|t:|1700071594\n|start\n|switch|p1a: Chien-Pao|Chien-Pao, L50|100\/100\n|switch|p1b: Tornadus|Tornadus, L50, M|100\/100\n|switch|p2a: Indeedee|Indeedee-F, L50, F|100\/100\n|switch|p2b: Armarouge|Armarouge, L50, F|100\/100\n|-ability|p1a: Chien-Pao|Sword of Ruin\n|-fieldstart|move: Psychic Terrain|[from] ability: Psychic Surge|[of] p2a: Indeedee\n|turn|1\n|inactive|SSmeargle VGC has 30 seconds left.\n|\n|t:|1700071621\n|-terastallize|p2a: Indeedee|Fairy\n|move|p2a: Indeedee|Follow Me|p2a: Indeedee\n|-singleturn|p2a: Indeedee|move: Follow Me\n|move|p1a: Chien-Pao|Ice Spinner|p2a: Indeedee\n|-damage|p2a: Indeedee|53\/100\n|-fieldend|move: Psychic Terrain\n|move|p1b: Tornadus|Bleakwind Storm|p2b: Armarouge|[spread] p2a,p2b\n|-damage|p2a: Indeedee|25\/100\n|-damage|p2b: Armarouge|69\/100\n|-unboost|p2b: Armarouge|spe|1\n|move|p2b: Armarouge|Trick Room|p2b: Armarouge\n|-fieldstart|move: Trick Room|[of] p2b: Armarouge\n|\n|upkeep\n|turn|2\n|\n|t:|1700071643\n|switch|p2b: Sylveon|Sylveon, L50, F|100\/100\n|move|p1a: Chien-Pao|Protect|p1a: Chien-Pao\n|-singleturn|p1a: Chien-Pao|Protect\n|move|p1b: Tornadus|Rain Dance|p1b: Tornadus\n|-weather|RainDance\n|move|p2a: Indeedee|Dazzling Gleam|p1a: Chien-Pao|[spread] p1b\n|-activate|p1a: Chien-Pao|move: Protect\n|-damage|p1b: Tornadus|81\/100\n|\n|-weather|RainDance|[upkeep]\n|upkeep\n|turn|3\n|\n|t:|1700071666\n|switch|p2a: Politoed|Politoed, L50, F|100\/100\n|switch|p1a: Flutter Mane|Flutter Mane, L50|100\/100\n|move|p1b: Tornadus|Taunt|p2a: Politoed\n|-start|p2a: Politoed|move: Taunt\n|move|p2b: Sylveon|Hyper Voice|p1a: Flutter Mane|[spread] p1a,p1b\n|-damage|p1a: Flutter Mane|62\/100\n|-damage|p1b: Tornadus|44\/100\n|\n|-weather|RainDance|[upkeep]\n|upkeep\n|turn|4\n|inactive|SSmeargle VGC has 30 seconds left.\n|\n|t:|1700071693\n|switch|p2a: Indeedee|Indeedee-F, L50, F, tera:Fairy|25\/100\n|-fieldstart|move: Psychic Terrain|[from] ability: Psychic Surge|[of] p2a: Indeedee\n|move|p2b: Sylveon|Calm Mind|p2b: Sylveon\n|-boost|p2b: Sylveon|spa|1\n|-boost|p2b: Sylveon|spd|1\n|move|p1b: Tornadus|Bleakwind Storm|p2a: Indeedee|[spread] p2a,p2b\n|-damage|p2a: Indeedee|0 fnt\n|-damage|p2b: Sylveon|85\/100\n|faint|p2a: Indeedee\n|move|p1a: Flutter Mane|Dazzling Gleam|p2b: Sylveon\n|-damage|p2b: Sylveon|57\/100\n|\n|-weather|RainDance|[upkeep]\n|-heal|p2b: Sylveon|63\/100|[from] item: Leftovers\n|upkeep\n|\n|t:|1700071709\n|switch|p2a: Politoed|Politoed, L50, F|100\/100\n|turn|5\n|\n|t:|1700071723\n|move|p1b: Tornadus|Taunt|p2b: Sylveon\n|-activate|p2b: Sylveon|move: Psychic Terrain\n|move|p2b: Sylveon|Hyper Voice|p1b: Tornadus|[spread] p1a,p1b\n|-damage|p1a: Flutter Mane|10\/100\n|-damage|p1b: Tornadus|0 fnt\n|faint|p1b: Tornadus\n|move|p2a: Politoed|Weather Ball|p1a: Flutter Mane\n|-damage|p1a: Flutter Mane|0 fnt\n|faint|p1a: Flutter Mane\n|-end|p1a: Flutter Mane|Protosynthesis|[silent]\n|\n|-weather|RainDance|[upkeep]\n|-heal|p2b: Sylveon|69\/100|[from] item: Leftovers\n|-fieldend|move: Trick Room\n|upkeep\n|\n|t:|1700071732\n|switch|p1a: Chien-Pao|Chien-Pao, L50|100\/100\n|switch|p1b: Urshifu|Urshifu-Rapid-Strike, L50, F|100\/100\n|-ability|p1a: Chien-Pao|Sword of Ruin\n|turn|6\n|\n|t:|1700071754\n|-terastallize|p1b: Urshifu|Water\n|move|p1a: Chien-Pao|Sucker Punch|p2a: Politoed\n|-activate|p2a: Politoed|move: Psychic Terrain\n|move|p1b: Urshifu|Surging Strikes|p2b: Sylveon\n|-crit|p2b: Sylveon\n|-damage|p2b: Sylveon|6\/100\n|-crit|p2b: Sylveon\n|-damage|p2b: Sylveon|0 fnt\n|faint|p2b: Sylveon\n|-hitcount|p2: Sylveon|2\n|move|p2a: Politoed|Weather Ball|p1a: Chien-Pao\n|-enditem|p1a: Chien-Pao|Focus Sash\n|-damage|p1a: Chien-Pao|1\/100\n|\n|-weather|none\n|upkeep\n|\n|t:|1700071768\n|switch|p2b: Armarouge|Armarouge, L50, F|69\/100\n|turn|7\n|\n|t:|1700071778\n|move|p1a: Chien-Pao|Protect|p1a: Chien-Pao\n|-singleturn|p1a: Chien-Pao|Protect\n|move|p1b: Urshifu|Surging Strikes|p2b: Armarouge\n|-supereffective|p2b: Armarouge\n|-crit|p2b: Armarouge\n|-damage|p2b: Armarouge|0 fnt\n|faint|p2b: Armarouge\n|-hitcount|p2: Armarouge|1\n|move|p2a: Politoed|Muddy Water|p1b: Urshifu|[spread] p1b\n|-activate|p1a: Chien-Pao|move: Protect\n|-resisted|p1b: Urshifu\n|-damage|p1b: Urshifu|82\/100\n|\n|upkeep\n|turn|8\n|\n|t:|1700071790\n|move|p1b: Urshifu|Surging Strikes|p2a: Politoed\n|-resisted|p2a: Politoed\n|-crit|p2a: Politoed\n|-damage|p2a: Politoed|82\/100\n|-resisted|p2a: Politoed\n|-crit|p2a: Politoed\n|-damage|p2a: Politoed|64\/100\n|-resisted|p2a: Politoed\n|-crit|p2a: Politoed\n|-damage|p2a: Politoed|46\/100\n|-hitcount|p2a: Politoed|3\n|move|p1a: Chien-Pao|Ice Spinner|p2a: Politoed\n|-resisted|p2a: Politoed\n|-damage|p2a: Politoed|20\/100\n|-fieldend|move: Psychic Terrain\n|move|p2a: Politoed|Muddy Water|p1a: Chien-Pao|[spread] p1a,p1b\n|-resisted|p1b: Urshifu\n|-damage|p1a: Chien-Pao|0 fnt\n|-damage|p1b: Urshifu|64\/100\n|-unboost|p1b: Urshifu|accuracy|1\n|faint|p1a: Chien-Pao\n|\n|upkeep\n|turn|9\n|\n|t:|1700071812\n|move|p1b: Urshifu|Surging Strikes|p2a: Politoed\n|-resisted|p2a: Politoed\n|-crit|p2a: Politoed\n|-damage|p2a: Politoed|7\/100\n|-resisted|p2a: Politoed\n|-crit|p2a: Politoed\n|-damage|p2a: Politoed|0 fnt\n|faint|p2a: Politoed\n|-hitcount|p2: Politoed|2\n|\n|win|Glitzky\n|raw|Glitzky's rating: 1409 &rarr; <strong>1426<\/strong><br \/>(+17 for winning)\n|raw|SSmeargle VGC's rating: 1353 &rarr; <strong>1336<\/strong><br \/>(-17 for losing)\n","uploadtime":1700071818,"views":16,"p1id":"glitzky","p2id":"ssmearglevgc","formatid":"gen9vgc2023regulatione","rating":1336,"private":0,"password":""}