{"id":"gen9vgc2023regulatione-1996025687","p1":"Autism Girly","p2":"JayBird1933","format":"[Gen 9] VGC 2023 Regulation E","log":"|j|\u2606Autism Girly\n|j|\u2606JayBird1933\n|t:|1700631303\n|gametype|doubles\n|player|p1|Autism Girly|whitney|1083\n|player|p2|JayBird1933|101|1095\n|teamsize|p1|6\n|teamsize|p2|6\n|gen|9\n|tier|[Gen 9] VGC 2023 Regulation E\n|rated|\n|rule|Species Clause: Limit one of each Pok\u00e9mon\n|rule|Item Clause: Limit one of each item\n|clearpoke\n|poke|p1|Typhlosion-Hisui, L50, M|\n|poke|p1|Landorus-Therian, L50, M|\n|poke|p1|Shiftry, L50, F|\n|poke|p1|Roaring Moon, L50|\n|poke|p1|Grimmsnarl, L50, M|\n|poke|p1|Quaquaval, L50, F|\n|poke|p2|Weezing, L50, M|\n|poke|p2|Slaking, L50, M|\n|poke|p2|Flutter Mane, L50|\n|poke|p2|Torkoal, L50, M|\n|poke|p2|Ogerpon-Wellspring, L50, F|\n|poke|p2|Articuno-Galar, L50|\n|teampreview|4\n|\n|t:|1700631330\n|start\n|switch|p1a: Quaquaval|Quaquaval, L50, F|100\/100\n|switch|p1b: Typhlosion|Typhlosion-Hisui, L50, M|100\/100\n|switch|p2a: Weezing|Weezing, L50, M|100\/100\n|switch|p2b: Slaking|Slaking, L50, M|100\/100\n|-ability|p2a: Weezing|Neutralizing Gas\n|turn|1\n|\n|t:|1700631347\n|-terastallize|p2b: Slaking|Fighting\n|move|p1a: Quaquaval|Water Pledge|p2b: Slaking\n|-waiting|p1a: Quaquaval|p1b: Typhlosion\n|move|p1b: Typhlosion|Fire Pledge|p2b: Slaking|[from]move: Water Pledge\n|-combine\n|-damage|p2b: Slaking|27\/100\n|-sidestart|p1: Autism Girly|Water Pledge\n|move|p2b: Slaking|Throat Chop|p1b: Typhlosion\n|-supereffective|p1b: Typhlosion\n|-damage|p1b: Typhlosion|7\/100\n|-start|p1b: Typhlosion|Throat Chop|[silent]\n|move|p2a: Weezing|Sludge Bomb|p1a: Quaquaval\n|-damage|p1a: Quaquaval|76\/100\n|\n|upkeep\n|turn|2\n|\n|t:|1700631374\n|switch|p1b: Landorus|Landorus-Therian, L50, M|100\/100\n|move|p2b: Slaking|Protect|p2b: Slaking\n|-singleturn|p2b: Slaking|Protect\n|move|p1a: Quaquaval|Aqua Step|p2b: Slaking\n|-activate|p2b: Slaking|move: Protect\n|move|p2a: Weezing|Heat Wave|p1b: Landorus|[spread] p1a,p1b\n|-resisted|p1a: Quaquaval\n|-crit|p1a: Quaquaval\n|-damage|p1a: Quaquaval|67\/100\n|-damage|p1b: Landorus|80\/100\n|\n|upkeep\n|turn|3\n|\n|t:|1700631391\n|move|p1b: Landorus|Rock Slide|p2b: Slaking|[spread] p2a,p2b\n|-resisted|p2b: Slaking\n|-damage|p2a: Weezing|82\/100\n|-damage|p2b: Slaking|20\/100\n|move|p1a: Quaquaval|Aqua Step|p2b: Slaking\n|-damage|p2b: Slaking|0 fnt\n|-boost|p1a: Quaquaval|spe|1\n|faint|p2b: Slaking\n|move|p2a: Weezing|Will-O-Wisp|p1a: Quaquaval\n|-status|p1a: Quaquaval|brn\n|\n|-heal|p2a: Weezing|88\/100|[from] item: Black Sludge\n|-damage|p1a: Quaquaval|61\/100 brn|[from] brn\n|upkeep\n|\n|t:|1700631406\n|switch|p2b: Flutter Mane|Flutter Mane, L50|100\/100\n|turn|4\n|\n|t:|1700631417\n|-terastallize|p1a: Quaquaval|Water\n|move|p1b: Landorus|Rock Slide|p2a: Weezing|[spread] p2a,p2b\n|-damage|p2a: Weezing|70\/100\n|-damage|p2b: Flutter Mane|54\/100\n|move|p1a: Quaquaval|Aqua Step|p2b: Flutter Mane\n|-damage|p2b: Flutter Mane|6\/100\n|-boost|p1a: Quaquaval|spe|1\n|cant|p2b: Flutter Mane|flinch\n|move|p2a: Weezing|Will-O-Wisp|p1b: Landorus\n|-status|p1b: Landorus|brn\n|\n|-heal|p2a: Weezing|76\/100|[from] item: Black Sludge\n|-damage|p1a: Quaquaval|55\/100 brn|[from] brn\n|-damage|p1b: Landorus|74\/100 brn|[from] brn\n|-sideend|p1: Autism Girly|Water Pledge\n|upkeep\n|turn|5\n|\n|t:|1700631439\n|-end|p2b: Flutter Mane|Protosynthesis|[silent]\n|switch|p2b: Torkoal|Torkoal, L50, M|100\/100\n|move|p1a: Quaquaval|Aqua Step|p2b: Torkoal\n|-supereffective|p2b: Torkoal\n|-damage|p2b: Torkoal|67\/100\n|-boost|p1a: Quaquaval|spe|1\n|move|p1b: Landorus|Rock Slide|p2b: Torkoal|[spread] p2a,p2b\n|-supereffective|p2b: Torkoal\n|-damage|p2a: Weezing|67\/100\n|-damage|p2b: Torkoal|50\/100\n|cant|p2a: Weezing|flinch\n|\n|-heal|p2a: Weezing|73\/100|[from] item: Black Sludge\n|-heal|p2b: Torkoal|56\/100|[from] item: Leftovers\n|-damage|p1a: Quaquaval|49\/100 brn|[from] brn\n|-damage|p1b: Landorus|68\/100 brn|[from] brn\n|upkeep\n|turn|6\n|\n|t:|1700631461\n|move|p1a: Quaquaval|Aqua Step|p2b: Torkoal\n|-supereffective|p2b: Torkoal\n|-damage|p2b: Torkoal|19\/100\n|-boost|p1a: Quaquaval|spe|1\n|move|p1b: Landorus|Rock Slide|p2a: Weezing|[spread] p2a,p2b\n|-supereffective|p2b: Torkoal\n|-damage|p2a: Weezing|63\/100\n|-damage|p2b: Torkoal|2\/100\n|move|p2a: Weezing|Heat Wave|p1b: Landorus|[spread] p1b\n|-miss|p2a: Weezing|p1a: Quaquaval\n|-crit|p1b: Landorus\n|-damage|p1b: Landorus|35\/100 brn\n|cant|p2b: Torkoal|flinch\n|\n|-heal|p2a: Weezing|69\/100|[from] item: Black Sludge\n|-heal|p2b: Torkoal|8\/100|[from] item: Leftovers\n|-damage|p1a: Quaquaval|42\/100 brn|[from] brn\n|-damage|p1b: Landorus|29\/100 brn|[from] brn\n|upkeep\n|turn|7\n|\n|t:|1700631478\n|move|p2a: Weezing|Protect|p2a: Weezing\n|-singleturn|p2a: Weezing|Protect\n|move|p2b: Torkoal|Protect|p2b: Torkoal\n|-singleturn|p2b: Torkoal|Protect\n|move|p1a: Quaquaval|Aqua Step|p2b: Torkoal\n|-activate|p2b: Torkoal|move: Protect\n|move|p1b: Landorus|Rock Slide|p2a: Weezing|[spread] \n|-activate|p2a: Weezing|move: Protect\n|-activate|p2b: Torkoal|move: Protect\n|\n|-heal|p2a: Weezing|74\/100|[from] item: Black Sludge\n|-heal|p2b: Torkoal|13\/100|[from] item: Leftovers\n|-damage|p1a: Quaquaval|36\/100 brn|[from] brn\n|-damage|p1b: Landorus|23\/100 brn|[from] brn\n|upkeep\n|turn|8\n|\n|t:|1700631494\n|switch|p1b: Typhlosion|Typhlosion-Hisui, L50, M|7\/100\n|move|p1a: Quaquaval|Aqua Step|p2b: Torkoal\n|-supereffective|p2b: Torkoal\n|-damage|p2b: Torkoal|0 fnt\n|-boost|p1a: Quaquaval|spe|1\n|faint|p2b: Torkoal\n|move|p2a: Weezing|Heat Wave|p1a: Quaquaval|[spread] p1a,p1b\n|-resisted|p1a: Quaquaval\n|-resisted|p1b: Typhlosion\n|-damage|p1a: Quaquaval|30\/100 brn\n|-damage|p1b: Typhlosion|0 fnt\n|faint|p1b: Typhlosion\n|\n|-heal|p2a: Weezing|80\/100|[from] item: Black Sludge\n|-damage|p1a: Quaquaval|24\/100 brn|[from] brn\n|upkeep\n|\n|t:|1700631515\n|switch|p1b: Landorus|Landorus-Therian, L50, M|23\/100 brn\n|switch|p2b: Flutter Mane|Flutter Mane, L50|6\/100\n|turn|9\n|\n|t:|1700631523\n|move|p2b: Flutter Mane|Protect|p2b: Flutter Mane\n|-singleturn|p2b: Flutter Mane|Protect\n|move|p1a: Quaquaval|Aqua Step|p2b: Flutter Mane\n|-activate|p2b: Flutter Mane|move: Protect\n|move|p1b: Landorus|Sandsear Storm|p2b: Flutter Mane|[spread] p2a\n|-activate|p2b: Flutter Mane|move: Protect\n|-supereffective|p2a: Weezing\n|-damage|p2a: Weezing|27\/100\n|move|p2a: Weezing|Sludge Bomb|p1a: Quaquaval\n|-damage|p1a: Quaquaval|0 fnt\n|faint|p1a: Quaquaval\n|\n|-heal|p2a: Weezing|32\/100|[from] item: Black Sludge\n|-damage|p1b: Landorus|17\/100 brn|[from] brn\n|upkeep\n|\n|t:|1700631525\n|switch|p1a: Roaring Moon|Roaring Moon, L50|100\/100\n|turn|10\n|\n|t:|1700631544\n|move|p2a: Weezing|Protect|p2a: Weezing\n|-singleturn|p2a: Weezing|Protect\n|move|p1b: Landorus|Sandsear Storm|p2a: Weezing|[spread] \n|-activate|p2a: Weezing|move: Protect\n|-miss|p1b: Landorus|p2b: Flutter Mane\n|move|p2b: Flutter Mane|Dazzling Gleam|p1a: Roaring Moon|[spread] p1a,p1b\n|-supereffective|p1a: Roaring Moon\n|-damage|p1a: Roaring Moon|0 fnt\n|-damage|p1b: Landorus|0 fnt\n|faint|p1a: Roaring Moon\n|-end|p1a: Roaring Moon|Protosynthesis|[silent]\n|faint|p1b: Landorus\n|\n|win|JayBird1933\n|raw|Autism Girly's rating: 1083 &rarr; <strong>1061<\/strong><br \/>(-22 for losing)\n|raw|JayBird1933's rating: 1095 &rarr; <strong>1120<\/strong><br \/>(+25 for winning)\n","uploadtime":1700631555,"views":1,"p1id":"autismgirly","p2id":"jaybird1933","formatid":"gen9vgc2023regulatione","rating":1061,"private":0,"password":""}