{"id":"gen9vgc2023regulatione-1990311345","p1":"Eibhir","p2":"Jippt351","format":"[Gen 9] VGC 2023 Regulation E","log":"|j|\u2606Eibhir\n|j|\u2606Jippt351\n|t:|1699954898\n|gametype|doubles\n|player|p1|Eibhir|1|1272\n|player|p2|Jippt351|2|1280\n|teamsize|p1|6\n|teamsize|p2|6\n|gen|9\n|tier|[Gen 9] VGC 2023 Regulation E\n|rated|\n|rule|Species Clause: Limit one of each Pok\u00e9mon\n|rule|Item Clause: Limit one of each item\n|clearpoke\n|poke|p1|Landorus-Therian, L50, M|\n|poke|p1|Flutter Mane, L50|\n|poke|p1|Ogerpon-Wellspring, L50, F|\n|poke|p1|Tornadus, L50, M|\n|poke|p1|Iron Hands, L50|\n|poke|p1|Farigiraf, L50, F|\n|poke|p2|Tornadus, L50, M|\n|poke|p2|Flutter Mane, L50|\n|poke|p2|Regidrago, L50|\n|poke|p2|Heatran, L50, M|\n|poke|p2|Urshifu-*, L50, M|\n|poke|p2|Farigiraf, L50, M|\n|teampreview|4\n|inactive|Battle timer is ON: inactive players will automatically lose when time's up. (requested by Jippt351)\n|inactive|Eibhir has 60 seconds left.\n|\n|t:|1699954933\n|start\n|switch|p1a: Iron Hands|Iron Hands, L50|100\/100\n|switch|p1b: Tornadus|Tornadus, L50, M|100\/100\n|switch|p2a: Tornadus|Tornadus, L50, M|100\/100\n|switch|p2b: Heatran|Heatran, L50, M|100\/100\n|turn|1\n|inactive|Eibhir has 30 seconds left.\n|inactive|Jippt351 has 30 seconds left.\n|\n|t:|1699954960\n|-terastallize|p2a: Tornadus|Ghost\n|move|p2a: Tornadus|Tailwind|p2a: Tornadus\n|-sidestart|p2: Jippt351|move: Tailwind\n|move|p1b: Tornadus|Taunt|p2a: Tornadus\n|-start|p2a: Tornadus|move: Taunt\n|move|p2b: Heatran|Earth Power|p1a: Iron Hands\n|-supereffective|p1a: Iron Hands\n|-damage|p1a: Iron Hands|47\/100\n|-damage|p2b: Heatran|91\/100|[from] item: Life Orb\n|move|p1a: Iron Hands|Wild Charge|p2a: Tornadus\n|-damage|p2a: Tornadus|15\/100\n|-damage|p1a: Iron Hands|34\/100|[from] Recoil\n|\n|upkeep\n|turn|2\n|l|\u2606Jippt351\n|inactive|Jippt351 disconnected and has a minute to reconnect!\n|player|p2|\n|inactive|Eibhir has 30 seconds left.\n|inactive|Jippt351 has 30 seconds left.\n|j|\u2606Jippt351\n|inactive|Jippt351 reconnected and has 30 seconds left.\n|player|p2|Jippt351|2\n|\n|t:|1699954992\n|-end|p1a: Iron Hands|Quark Drive|[silent]\n|switch|p1a: Farigiraf|Farigiraf, L50, F|100\/100\n|move|p2a: Tornadus|Bleakwind Storm|p1a: Farigiraf|[spread] p1a,p1b\n|-damage|p1a: Farigiraf|64\/100\n|-damage|p1b: Tornadus|54\/100\n|move|p2b: Heatran|Heat Wave|p1a: Farigiraf|[spread] p1a,p1b\n|-damage|p1a: Farigiraf|8\/100\n|-damage|p1b: Tornadus|0 fnt\n|faint|p1b: Tornadus\n|-damage|p2b: Heatran|82\/100|[from] item: Life Orb\n|\n|-heal|p1a: Farigiraf|14\/100|[from] item: Leftovers\n|upkeep\n|\n|t:|1699955004\n|switch|p1b: Ogerpon|Ogerpon-Wellspring, L50, F|100\/100\n|turn|3\n|\n|t:|1699955016\n|-terastallize|p1b: Ogerpon|Water\n|detailschange|p1b: Ogerpon|Ogerpon-Wellspring-Tera, L50, F, tera:Water\n|-ability|p1b: Ogerpon|Embody Aspect (Wellspring)|boost\n|-boost|p1b: Ogerpon|spd|1\n|move|p1a: Farigiraf|Protect|p1a: Farigiraf\n|-singleturn|p1a: Farigiraf|Protect\n|move|p2a: Tornadus|Bleakwind Storm|p1a: Farigiraf|[spread] p1b\n|-activate|p1a: Farigiraf|move: Protect\n|-damage|p1b: Ogerpon|73\/100\n|move|p2b: Heatran|Heat Wave|p1a: Farigiraf|[spread] p1b\n|-activate|p1a: Farigiraf|move: Protect\n|-resisted|p1b: Ogerpon\n|-damage|p1b: Ogerpon|56\/100\n|-damage|p2b: Heatran|72\/100|[from] item: Life Orb\n|move|p1b: Ogerpon|Ivy Cudgel|p2b: Heatran|[anim] Ivy Cudgel Water\n|-supereffective|p2b: Heatran\n|-damage|p2b: Heatran|0 fnt\n|faint|p2b: Heatran\n|\n|-heal|p1a: Farigiraf|21\/100|[from] item: Leftovers\n|upkeep\n|\n|t:|1699955032\n|switch|p2b: Regidrago|Regidrago, L50|100\/100\n|turn|4\n|\n|t:|1699955043\n|switch|p1b: Iron Hands|Iron Hands, L50|34\/100\n|move|p2a: Tornadus|Bleakwind Storm|p1b: Iron Hands|[spread] p1b\n|-miss|p2a: Tornadus|p1a: Farigiraf\n|-damage|p1b: Iron Hands|12\/100\n|move|p2b: Regidrago|Dragon Energy|p1b: Iron Hands|[spread] p1a,p1b\n|-damage|p1a: Farigiraf|0 fnt\n|-damage|p1b: Iron Hands|0 fnt\n|faint|p1a: Farigiraf\n|faint|p1b: Iron Hands\n|-end|p1b: Iron Hands|Quark Drive|[silent]\n|\n|-end|p2a: Tornadus|move: Taunt\n|-sideend|p2: Jippt351|move: Tailwind\n|upkeep\n|\n|t:|1699955053\n|switch|p1b: Ogerpon|Ogerpon-Wellspring-Tera, L50, F, tera:Water|56\/100\n|-ability|p1b: Ogerpon|Embody Aspect (Wellspring)|boost\n|-boost|p1b: Ogerpon|spd|1\n|turn|5\n|\n|t:|1699955062\n|move|p2a: Tornadus|Tailwind|p2a: Tornadus\n|-sidestart|p2: Jippt351|move: Tailwind\n|move|p2b: Regidrago|Dragon Energy|p1b: Ogerpon\n|-damage|p1b: Ogerpon|0 fnt\n|faint|p1b: Ogerpon\n|\n|win|Jippt351\n|raw|Eibhir's rating: 1272 &rarr; <strong>1248<\/strong><br \/>(-24 for losing)\n|raw|Jippt351's rating: 1280 &rarr; <strong>1304<\/strong><br \/>(+24 for winning)\n|l|\u2606Eibhir\n","uploadtime":1699955068,"views":18,"p1id":"eibhir","p2id":"jippt351","formatid":"gen9vgc2023regulatione","rating":1248,"private":0,"password":""}