{"id":"gen9vgc2023regulatione-1992739151","p1":"Garcia-Senpai","p2":"bigpika95","format":"[Gen 9] VGC 2023 Regulation E","log":"|j|\u2606Garcia-Senpai\n|j|\u2606bigpika95\n|t:|1700230908\n|gametype|doubles\n|player|p1|Garcia-Senpai|eusine|1215\n|player|p2|bigpika95|bellepa|1263\n|teamsize|p1|6\n|teamsize|p2|6\n|gen|9\n|tier|[Gen 9] VGC 2023 Regulation E\n|rated|\n|rule|Species Clause: Limit one of each Pok\u00e9mon\n|rule|Item Clause: Limit one of each item\n|clearpoke\n|poke|p1|Indeedee-F, L50, F|\n|poke|p1|Armarouge, L50, M|\n|poke|p1|Arcanine-Hisui, L50, F|\n|poke|p1|Urshifu-*, L50, M|\n|poke|p1|Amoonguss, L50, F|\n|poke|p1|Muk-Alola, L50, M|\n|poke|p2|Salamence, L50, F|\n|poke|p2|Volcarona, L50, F|\n|poke|p2|Rillaboom, L50, F|\n|poke|p2|Scizor, L50, F|\n|poke|p2|Iron Bundle, L50|\n|poke|p2|Politoed, L50, M|\n|teampreview|4\n|\n|t:|1700230954\n|start\n|switch|p1a: Indeedee|Indeedee-F, L50, F|100\/100\n|switch|p1b: Armarouge|Armarouge, L50, M, shiny|100\/100\n|switch|p2a: Politoed|Politoed, L50, M|100\/100\n|switch|p2b: Salamence|Salamence, L50, F|100\/100\n|-ability|p2b: Salamence|Intimidate|boost\n|-unboost|p1a: Indeedee|atk|1\n|-unboost|p1b: Armarouge|atk|1\n|-fieldstart|move: Psychic Terrain|[from] ability: Psychic Surge|[of] p1a: Indeedee\n|-enditem|p1a: Indeedee|Psychic Seed\n|-boost|p1a: Indeedee|spd|1|[from] item: Psychic Seed\n|-weather|RainDance|[from] ability: Drizzle|[of] p2a: Politoed\n|turn|1\n|\n|t:|1700231053\n|-terastallize|p2b: Salamence|Flying\n|-terastallize|p1b: Armarouge|Psychic\n|move|p1a: Indeedee|Follow Me|p1a: Indeedee\n|-singleturn|p1a: Indeedee|move: Follow Me\n|move|p2b: Salamence|Hurricane|p1a: Indeedee\n|-damage|p1a: Indeedee|49\/100\n|-start|p1a: Indeedee|confusion\n|move|p1b: Armarouge|Expanding Force|p2a: Politoed|[spread] p2a,p2b\n|-damage|p2a: Politoed|6\/100\n|-damage|p2b: Salamence|0 fnt\n|faint|p2b: Salamence\n|-damage|p1b: Armarouge|91\/100|[from] item: Life Orb\n|move|p2a: Politoed|Muddy Water|p1a: Indeedee|[spread] p1b\n|-miss|p2a: Politoed|p1a: Indeedee\n|-damage|p1b: Armarouge|41\/100\n|\n|-weather|RainDance|[upkeep]\n|upkeep\n|\n|t:|1700231075\n|switch|p2b: Rillaboom|Rillaboom, L50, F|100\/100\n|-fieldstart|move: Grassy Terrain|[from] ability: Grassy Surge|[of] p2b: Rillaboom\n|turn|2\n|\n|t:|1700231087\n|move|p2b: Rillaboom|Fake Out|p1b: Armarouge\n|-damage|p1b: Armarouge|27\/100\n|-activate|p1a: Indeedee|confusion\n|-damage|p1a: Indeedee|45\/100|[from] confusion\n|cant|p1b: Armarouge|flinch\n|move|p2a: Politoed|Muddy Water|p1b: Armarouge|[spread] p1a,p1b\n|-damage|p1a: Indeedee|20\/100\n|-damage|p1b: Armarouge|0 fnt\n|faint|p1b: Armarouge\n|\n|-weather|RainDance|[upkeep]\n|-heal|p1a: Indeedee|26\/100|[from] Grassy Terrain\n|-heal|p2a: Politoed|12\/100|[from] Grassy Terrain\n|upkeep\n|\n|t:|1700231096\n|switch|p1b: Arcanine|Arcanine-Hisui, L50, F|100\/100\n|-ability|p1b: Arcanine|Intimidate|boost\n|-unboost|p2a: Politoed|atk|1\n|-unboost|p2b: Rillaboom|atk|1\n|turn|3\n|\n|t:|1700231114\n|move|p2b: Rillaboom|Grassy Glide|p1a: Indeedee\n|-damage|p1a: Indeedee|0 fnt\n|faint|p1a: Indeedee\n|move|p1b: Arcanine|Flare Blitz|p2b: Rillaboom\n|-supereffective|p2b: Rillaboom\n|-damage|p2b: Rillaboom|56\/100\n|-damage|p1b: Arcanine|84\/100|[from] Recoil\n|move|p2a: Politoed|Muddy Water|p1b: Arcanine\n|-supereffective|p1b: Arcanine\n|-damage|p1b: Arcanine|0 fnt\n|faint|p1b: Arcanine\n|\n|-weather|RainDance|[upkeep]\n|-heal|p2b: Rillaboom|62\/100|[from] Grassy Terrain\n|-heal|p2a: Politoed|18\/100|[from] Grassy Terrain\n|upkeep\n|\n|t:|1700231122\n|switch|p1b: Lagoom|Urshifu-Rapid-Strike, L50, M|100\/100\n|turn|4\n|l|\u2606Garcia-Senpai\n|player|p1|\n|\n|t:|1700231131\n|switch|p2b: Volcarona|Volcarona, L50, F|100\/100\n|-enditem|p2b: Volcarona|Grassy Seed\n|-boost|p2b: Volcarona|def|1|[from] item: Grassy Seed\n|move|p2a: Politoed|Protect|p2a: Politoed\n|-singleturn|p2a: Politoed|Protect\n|move|p1b: Lagoom|Close Combat|p2b: Volcarona\n|-resisted|p2b: Volcarona\n|-damage|p2b: Volcarona|66\/100\n|-unboost|p1b: Lagoom|def|1\n|-unboost|p1b: Lagoom|spd|1\n|-status|p1b: Lagoom|brn|[from] ability: Flame Body|[of] p2b: Volcarona\n|\n|-weather|RainDance|[upkeep]\n|-heal|p2b: Volcarona|72\/100|[from] Grassy Terrain\n|-heal|p2a: Politoed|24\/100|[from] Grassy Terrain\n|-damage|p1b: Lagoom|95\/100 brn|[from] brn\n|upkeep\n|turn|5\n|c|\u2606bigpika95|The burn was clutxh\n|inactive|Battle timer is ON: inactive players will automatically lose when time's up. (requested by bigpika95)\n|inactive|Garcia-Senpai has 30 seconds to reconnect!\n|inactive|Garcia-Senpai has 20 seconds to reconnect!\n|inactive|Garcia-Senpai has 15 seconds to reconnect!\n|inactive|Garcia-Senpai has 10 seconds to reconnect!\n|inactive|Garcia-Senpai has 5 seconds to reconnect!\n|-message|Garcia-Senpai lost due to inactivity.\n|\n|win|bigpika95\n|raw|Garcia-Senpai's rating: 1215 &rarr; <strong>1193<\/strong><br \/>(-22 for losing)\n|raw|bigpika95's rating: 1263 &rarr; <strong>1285<\/strong><br \/>(+22 for winning)\n","uploadtime":1700231237,"views":12,"p1id":"garciasenpai","p2id":"bigpika95","formatid":"gen9vgc2023regulatione","rating":1193,"private":0,"password":""}