{"id":"gen9vgc2023regulatione-1990486041","p1":"moggyoh","p2":"FunkyPengu1n","format":"[Gen 9] VGC 2023 Regulation E","log":"|j|\u2606moggyoh\n|j|\u2606FunkyPengu1n\n|t:|1699975327\n|gametype|doubles\n|player|p1|moggyoh|1|1353\n|player|p2|FunkyPengu1n|1|1380\n|teamsize|p1|6\n|teamsize|p2|6\n|gen|9\n|tier|[Gen 9] VGC 2023 Regulation E\n|rated|\n|rule|Species Clause: Limit one of each Pok\u00e9mon\n|rule|Item Clause: Limit one of each item\n|clearpoke\n|poke|p1|Zapdos-Galar, L50|\n|poke|p1|Chien-Pao, L50|\n|poke|p1|Farigiraf, L50, M|\n|poke|p1|Heatran, L50, M|\n|poke|p1|Rillaboom, L50, M|\n|poke|p1|Dragapult, L50, F|\n|poke|p2|Hydreigon, L50, F|\n|poke|p2|Tornadus, L50, M|\n|poke|p2|Gholdengo, L50|\n|poke|p2|Arcanine-Hisui, L50, M|\n|poke|p2|Rillaboom, L50, M|\n|poke|p2|Urshifu-*, L50, M|\n|teampreview|4\nmoggyoh has agreed to open team sheets.\n|inactive|Battle timer is ON: inactive players will automatically lose when time's up. (requested by moggyoh)\n|\n|t:|1699975415\n|start\n|switch|p1a: Dragapult|Dragapult, L50, F, shiny|100\/100\n|switch|p1b: Chien-Pao|Chien-Pao, L50|100\/100\n|switch|p2a: Tornadus|Tornadus, L50, M|100\/100\n|switch|p2b: Gholdengo|Gholdengo, L50|100\/100\n|-ability|p1b: Chien-Pao|Sword of Ruin\n|turn|1\n|inactive|moggyoh has 30 seconds left.\n|inactive|FunkyPengu1n has 30 seconds left.\n|inactive|moggyoh has 20 seconds left.\n|inactive|moggyoh has 15 seconds left.\n|inactive|FunkyPengu1n has 20 seconds left.\n|inactive|FunkyPengu1n has 15 seconds left.\n|inactive|FunkyPengu1n has 10 seconds left.\n|\n|t:|1699975466\n|move|p1b: Chien-Pao|Protect|p1b: Chien-Pao\n|-singleturn|p1b: Chien-Pao|Protect\n|move|p2a: Tornadus|Tailwind|p2a: Tornadus\n|-sidestart|p2: FunkyPengu1n|move: Tailwind\n|move|p2b: Gholdengo|Shadow Ball|p1a: Dragapult\n|-supereffective|p1a: Dragapult\n|-damage|p1a: Dragapult|0 fnt\n|faint|p1a: Dragapult\n|\n|upkeep\n|\n|t:|1699975478\n|switch|p1a: Farigiraf|Farigiraf, L50, M|100\/100\n|turn|2\n|inactive|moggyoh has 30 seconds left.\n|\n|t:|1699975506\n|move|p2a: Tornadus|Taunt||[still]\n|cant|p1a: Farigiraf|ability: Armor Tail|Taunt|[of] p2a: Tornadus\n|move|p1b: Chien-Pao|Sucker Punch||[still]\n|-fail|p1b: Chien-Pao\n|move|p2b: Gholdengo|Nasty Plot|p2b: Gholdengo\n|-boost|p2b: Gholdengo|spa|2\n|move|p1a: Farigiraf|Trick Room|p1a: Farigiraf\n|-fieldstart|move: Trick Room|[of] p1a: Farigiraf\n|\n|upkeep\n|turn|3\n|inactive|moggyoh has 30 seconds left.\n|inactive|FunkyPengu1n has 30 seconds left.\n|inactive|FunkyPengu1n has 20 seconds left.\n|\n|t:|1699975545\n|switch|p2a: Arcanine|Arcanine-Hisui, L50, M|100\/100\n|-ability|p2a: Arcanine|Intimidate|boost\n|-unboost|p1a: Farigiraf|atk|1\n|-unboost|p1b: Chien-Pao|atk|1\n|-terastallize|p1b: Chien-Pao|Ghost\n|move|p1a: Farigiraf|Helping Hand|p1b: Chien-Pao\n|-singleturn|p1b: Chien-Pao|Helping Hand|[of] p1a: Farigiraf\n|move|p1b: Chien-Pao|Lash Out|p2b: Gholdengo\n|-supereffective|p2b: Gholdengo\n|-damage|p2b: Gholdengo|0 fnt\n|faint|p2b: Gholdengo\n|\n|upkeep\n|\n|t:|1699975563\n|switch|p2b: Hydreigon|Hydreigon, L50, F|100\/100\n|turn|4\n|inactive|moggyoh has 30 seconds left.\n|\n|t:|1699975591\n|move|p2b: Hydreigon|Protect|p2b: Hydreigon\n|-singleturn|p2b: Hydreigon|Protect\n|move|p1a: Farigiraf|Dazzling Gleam|p2b: Hydreigon|[spread] p2a\n|-activate|p2b: Hydreigon|move: Protect\n|-resisted|p2a: Arcanine\n|-damage|p2a: Arcanine|91\/100\n|move|p1b: Chien-Pao|Icicle Crash|p2b: Hydreigon\n|-activate|p2b: Hydreigon|move: Protect\n|move|p2a: Arcanine|Rock Slide|p1a: Farigiraf|[spread] p1a,p1b\n|-damage|p1a: Farigiraf|54\/100\n|-damage|p1b: Chien-Pao|39\/100\n|\n|-sideend|p2: FunkyPengu1n|move: Tailwind\n|upkeep\n|turn|5\n|\n|t:|1699975612\n|switch|p1b: Rillaboom|Rillaboom, L50, M|100\/100\n|-fieldstart|move: Grassy Terrain|[from] ability: Grassy Surge|[of] p1b: Rillaboom\n|-terastallize|p2b: Hydreigon|Steel\n|move|p1a: Farigiraf|Dazzling Gleam|p2a: Arcanine|[spread] p2a,p2b\n|-resisted|p2a: Arcanine\n|-resisted|p2b: Hydreigon\n|-damage|p2a: Arcanine|81\/100\n|-damage|p2b: Hydreigon|91\/100\n|move|p2a: Arcanine|Rock Slide|p1a: Farigiraf|[spread] p1b\n|-miss|p2a: Arcanine|p1a: Farigiraf\n|-damage|p1b: Rillaboom|58\/100\n|move|p2b: Hydreigon|Dark Pulse|p1a: Farigiraf\n|-supereffective|p1a: Farigiraf\n|-damage|p1a: Farigiraf|0 fnt\n|faint|p1a: Farigiraf\n|-damage|p2b: Hydreigon|82\/100|[from] item: Life Orb\n|\n|-heal|p1b: Rillaboom|65\/100|[from] Grassy Terrain\n|-heal|p2a: Arcanine|87\/100|[from] Grassy Terrain\n|upkeep\n|\n|t:|1699975635\n|switch|p1a: Chien-Pao|Chien-Pao, L50, tera:Ghost|39\/100\n|-ability|p1a: Chien-Pao|Sword of Ruin\n|turn|6\n|inactive|moggyoh has 30 seconds left.\n|inactive|moggyoh has 20 seconds left.\n|inactive|moggyoh has 15 seconds left.\n|\n|t:|1699975677\n|switch|p2a: Tornadus|Tornadus, L50, M|100\/100\n|move|p2b: Hydreigon|Protect|p2b: Hydreigon\n|-singleturn|p2b: Hydreigon|Protect\n|move|p1a: Chien-Pao|Sucker Punch||[still]\n|-fail|p1a: Chien-Pao\n|move|p1b: Rillaboom|Wood Hammer|p2a: Tornadus\n|-resisted|p2a: Tornadus\n|-damage|p2a: Tornadus|41\/100\n|-damage|p1b: Rillaboom|46\/100|[from] Recoil\n|\n|-heal|p1b: Rillaboom|52\/100|[from] Grassy Terrain\n|-heal|p1a: Chien-Pao|44\/100|[from] Grassy Terrain\n|-fieldend|move: Trick Room\n|upkeep\n|turn|7\n|inactive|moggyoh has 30 seconds left.\n|inactive|FunkyPengu1n has 30 seconds left.\n|inactive|FunkyPengu1n has 20 seconds left.\n|\n|t:|1699975713\n|move|p1b: Rillaboom|Protect|p1b: Rillaboom\n|-singleturn|p1b: Rillaboom|Protect\n|move|p1a: Chien-Pao|Sucker Punch|p2b: Hydreigon\n|-damage|p2b: Hydreigon|28\/100\n|move|p2a: Tornadus|Tailwind|p2a: Tornadus\n|-sidestart|p2: FunkyPengu1n|move: Tailwind\n|move|p2b: Hydreigon|Dark Pulse|p1a: Chien-Pao\n|-supereffective|p1a: Chien-Pao\n|-damage|p1a: Chien-Pao|0 fnt\n|faint|p1a: Chien-Pao\n|-damage|p2b: Hydreigon|18\/100|[from] item: Life Orb\n|\n|-heal|p1b: Rillaboom|58\/100|[from] Grassy Terrain\n|upkeep\n|turn|8\n|\n|t:|1699975731\n|move|p2b: Hydreigon|Protect|p2b: Hydreigon\n|-singleturn|p2b: Hydreigon|Protect\n|move|p2a: Tornadus|Rain Dance|p2a: Tornadus\n|-weather|RainDance\n|move|p1b: Rillaboom|Grassy Glide|p2b: Hydreigon\n|-activate|p2b: Hydreigon|move: Protect\n|\n|-weather|RainDance|[upkeep]\n|-heal|p1b: Rillaboom|65\/100|[from] Grassy Terrain\n|upkeep\n|turn|9\n|\n|t:|1699975745\n|switch|p2b: Arcanine|Arcanine-Hisui, L50, M|87\/100\n|-ability|p2b: Arcanine|Intimidate|boost\n|-unboost|p1b: Rillaboom|atk|1\n|move|p1b: Rillaboom|Grassy Glide|p2b: Arcanine\n|-damage|p2b: Arcanine|51\/100\n|move|p2a: Tornadus|Bleakwind Storm|p1b: Rillaboom\n|-supereffective|p1b: Rillaboom\n|-damage|p1b: Rillaboom|0 fnt\n|faint|p1b: Rillaboom\n|\n|win|FunkyPengu1n\n|raw|moggyoh's rating: 1353 &rarr; <strong>1335<\/strong><br \/>(-18 for losing)\n|raw|FunkyPengu1n's rating: 1380 &rarr; <strong>1398<\/strong><br \/>(+18 for winning)\n|l|\u2606FunkyPengu1n\n","uploadtime":1699975783,"views":6,"p1id":"moggyoh","p2id":"funkypengu1n","formatid":"gen9vgc2023regulatione","rating":1335,"private":0,"password":""}