{"id":"gen9vgc2023regulatione-1992348729","p1":"Greed_escarlata","p2":"Pigster003","format":"[Gen 9] VGC 2023 Regulation E","log":"|j|\u2606Greed_escarlata\n|j|\u203dPigster003\n|t:|1700177338\n|gametype|doubles\n|player|p1|Greed_escarlata|shadowtriad|1117\n|player|p2|Pigster003|cyclist-gen4|1014\n|teamsize|p1|6\n|teamsize|p2|6\n|gen|9\n|tier|[Gen 9] VGC 2023 Regulation E\n|rated|\n|rule|Species Clause: Limit one of each Pok\u00e9mon\n|rule|Item Clause: Limit one of each item\n|clearpoke\n|poke|p1|Dudunsparce-*, L50, M|\n|poke|p1|Flutter Mane, L50|\n|poke|p1|Zoroark-Hisui, L50, M|\n|poke|p1|Ogerpon-Wellspring, L50, F|\n|poke|p1|Iron Hands, L50|\n|poke|p1|Chien-Pao, L50|\n|poke|p2|Froslass, L50, F|\n|poke|p2|Hatterene, L50, F|\n|poke|p2|Indeedee-F, L50, F|\n|poke|p2|Flamigo, L50, M|\n|poke|p2|Sableye, L50, M|\n|poke|p2|Tauros, L50, M|\n|teampreview|4\nPigster003 rejected open team sheets.\n|inactive|Battle timer is ON: inactive players will automatically lose when time's up. (requested by Pigster003)\n|inactive|Greed_escarlata has 60 seconds left.\n|\n|t:|1700177410\n|start\n|switch|p1a: Dudunsparce|Dudunsparce-Three-Segment, L50, M|100\/100\n|switch|p1b: Iron Hands|Iron Hands, L50|100\/100\n|switch|p2a: Froslass|Froslass, L50, F|100\/100\n|switch|p2b: Tauros|Tauros, L50, M|100\/100\n|turn|1\n|\n|t:|1700177434\n|-terastallize|p2b: Tauros|Ghost\n|move|p2a: Froslass|Frost Breath|p2b: Tauros\n|-crit|p2b: Tauros\n|-damage|p2b: Tauros|70\/100\n|-setboost|p2b: Tauros|atk|6|[from] ability: Anger Point\n|move|p2b: Tauros|Trailblaze|p1a: Dudunsparce\n|-damage|p1a: Dudunsparce|49\/100\n|-boost|p2b: Tauros|spe|1\n|move|p1b: Iron Hands|Nasty Plot|p1b: Iron Hands\n|-boost|p1b: Iron Hands|spa|2\n|move|p1a: Dudunsparce|Tailwind|p1a: Dudunsparce\n|-sidestart|p1: Greed_escarlata|move: Tailwind\n|\n|upkeep\n|turn|2\n|\n|t:|1700177456\n|switch|p2a: Flamigo|Flamigo, L50, M, shiny|100\/100\n|-copyboost|p2a: Flamigo|p2b: Tauros|[from] ability: Costar\n|move|p1b: Iron Hands|Hex|p2b: Tauros\n|-supereffective|p2b: Tauros\n|-damage|p2b: Tauros|0 fnt\n|faint|p2b: Tauros\n|move|p1a: Dudunsparce|Rock Slide|p2a: Flamigo\n|-damage|p2a: Flamigo|74\/100\n|\n|upkeep\n|\n|t:|1700177471\n|switch|p2b: Sableye|Sableye, L50, M, shiny|100\/100\n|turn|3\n|inactive|Greed_escarlata has 30 seconds left.\n|\n|t:|1700177501\n|move|p1b: Iron Hands|Protect|p1b: Iron Hands\n|-singleturn|p1b: Iron Hands|Protect\n|move|p2b: Sableye|Skill Swap|p2a: Flamigo\n|-activate|p2b: Sableye|move: Skill Swap|||[of] p2a: Flamigo\n|-copyboost|p2b: Sableye|p2a: Flamigo|[from] ability: Costar\n|move|p2a: Flamigo|Close Combat|p1b: Iron Hands\n|-activate|p1b: Iron Hands|move: Protect\n|move|p1a: Dudunsparce|Body Slam|p2a: Flamigo\n|-crit|p2a: Flamigo\n|-damage|p2a: Flamigo|7\/100\n|-status|p2a: Flamigo|par\n|\n|upkeep\n|turn|4\n|inactive|Pigster003 has 30 seconds left.\n|\n|t:|1700177528\n|move|p2a: Flamigo|Tailwind|p2a: Flamigo\n|-sidestart|p2: Pigster003|move: Tailwind\n|move|p2b: Sableye|Sucker Punch|p1a: Dudunsparce\n|-damage|p1a: Dudunsparce|0 fnt\n|faint|p1a: Dudunsparce\n|move|p1b: Iron Hands|Hex|p2b: Sableye\n|-damage|p2b: Sableye|0 fnt\n|faint|p2b: Sableye\n|\n|-sideend|p1: Greed_escarlata|move: Tailwind\n|upkeep\n|\n|t:|1700177538\n|switch|p1a: Iron Hands|Iron Hands, L50|100\/100\n|switch|p2b: Froslass|Froslass, L50, F|100\/100\n|turn|5\n|\n|t:|1700177559\n|move|p1a: Iron Hands|Fake Out|p2a: Flamigo\n|-damage|p2a: Flamigo|0 fnt\n|faint|p2a: Flamigo\n|move|p2b: Froslass|Thunder Wave|p1a: Iron Hands\n|-immune|p1a: Iron Hands\n|move|p1b: Iron Hands|Hex|p2b: Froslass\n|-supereffective|p2b: Froslass\n|-damage|p2b: Froslass|0 fnt\n|-start|p1b: Iron Hands|Disable|Hex|[from] ability: Cursed Body|[of] p2b: Froslass\n|faint|p2b: Froslass\n|\n|win|Greed_escarlata\n|raw|Greed_escarlata's rating: 1117 &rarr; <strong>1135<\/strong><br \/>(+18 for winning)\n|raw|Pigster003's rating: 1014 &rarr; <strong>1005<\/strong><br \/>(-9 for losing)\n|l|\u203dPigster003\n","uploadtime":1700177571,"views":22,"p1id":"greedescarlata","p2id":"pigster003","formatid":"gen9vgc2023regulatione","rating":1005,"private":0,"password":""}