{"id":"gen9vgc2023regulatione-1998585206","p1":"Kirishima33","p2":"CEO_OF_RNG","format":"[Gen 9] VGC 2023 Regulation E","log":"|j|\u2606Kirishima33\n|j|\u2606CEO_OF_RNG\n|t:|1700959510\n|gametype|doubles\n|player|p1|Kirishima33|brawly|1184\n|player|p2|CEO_OF_RNG|hilbert|1125\n|teamsize|p1|6\n|teamsize|p2|6\n|gen|9\n|tier|[Gen 9] VGC 2023 Regulation E\n|rated|\n|rule|Species Clause: Limit one of each Pok\u00e9mon\n|rule|Item Clause: Limit one of each item\n|clearpoke\n|poke|p1|Urshifu-*, L50, M|\n|poke|p1|Arcanine-Hisui, L50, M|\n|poke|p1|Tornadus, L50, M|\n|poke|p1|Regidrago, L50|\n|poke|p1|Gholdengo, L50|\n|poke|p1|Rillaboom, L50, M|\n|poke|p2|Cresselia, L50, F|\n|poke|p2|Torkoal, L50, M|\n|poke|p2|Gastrodon-East, L50, F|\n|poke|p2|Amoonguss, L50, M|\n|poke|p2|Bronzong, L50|\n|poke|p2|Iron Hands, L50|\n|teampreview|4\n|inactive|Battle timer is ON: inactive players will automatically lose when time's up. (requested by CEO_OF_RNG)\n|inactive|CEO_OF_RNG has 60 seconds left.\n|inactive|CEO_OF_RNG has 30 seconds left.\n|\n|t:|1700959577\n|start\n|switch|p1a: Tornadus|Tornadus, L50, M|100\/100\n|switch|p1b: Urshifu|Urshifu-Rapid-Strike, L50, M|100\/100\n|switch|p2a: Cresselia|Cresselia, L50, F, shiny|100\/100\n|switch|p2b: Torkoal|Torkoal, L50, M|100\/100\n|-weather|SunnyDay|[from] ability: Drought|[of] p2b: Torkoal\n|turn|1\n|\n|t:|1700959589\n|switch|p2b: Gastrodon|Gastrodon-East, L50, F|100\/100\n|-terastallize|p1b: Urshifu|Water\n|move|p1a: Tornadus|Rain Dance|p1a: Tornadus\n|-weather|RainDance\n|move|p1b: Urshifu|Surging Strikes|p2b: Gastrodon\n|-activate|p2b: Gastrodon|ability: Storm Drain\n|-ability|p2b: Gastrodon|Storm Drain|boost\n|-boost|p2b: Gastrodon|spa|1\n|move|p2a: Cresselia|Trick Room|p2a: Cresselia\n|-fieldstart|move: Trick Room|[of] p2a: Cresselia\n|\n|-weather|RainDance|[upkeep]\n|upkeep\n|turn|2\n|inactive|CEO_OF_RNG has 30 seconds left.\n|\n|t:|1700959618\n|switch|p2a: Torkoal|Torkoal, L50, M|100\/100\n|-weather|SunnyDay|[from] ability: Drought|[of] p2a: Torkoal\n|switch|p1b: Rillaboom|Rillaboom, L50, M|100\/100\n|-fieldstart|move: Grassy Terrain|[from] ability: Grassy Surge|[of] p1b: Rillaboom\n|move|p2b: Gastrodon|Yawn|p1b: Rillaboom\n|-start|p1b: Rillaboom|move: Yawn|[of] p2b: Gastrodon\n|move|p1a: Tornadus|Bleakwind Storm|p2a: Torkoal|[spread] p2a,p2b\n|-damage|p2a: Torkoal|59\/100\n|-damage|p2b: Gastrodon|75\/100\n|\n|-weather|SunnyDay|[upkeep]\n|-heal|p2a: Torkoal|65\/100|[from] Grassy Terrain\n|-heal|p2b: Gastrodon|81\/100|[from] Grassy Terrain\n|upkeep\n|turn|3\n|\n|t:|1700959642\n|switch|p2a: Cresselia|Cresselia, L50, F, shiny|100\/100\n|move|p1a: Tornadus|Rain Dance|p1a: Tornadus\n|-weather|RainDance\n|move|p1b: Rillaboom|Grassy Glide|p2b: Gastrodon\n|-supereffective|p2b: Gastrodon\n|-damage|p2b: Gastrodon|0 fnt\n|faint|p2b: Gastrodon\n|\n|-weather|RainDance|[upkeep]\n|-end|p1b: Rillaboom|move: Yawn|[silent]\n|-status|p1b: Rillaboom|slp\n|upkeep\n|\n|t:|1700959651\n|switch|p2b: Torkoal|Torkoal, L50, M|65\/100\n|-weather|SunnyDay|[from] ability: Drought|[of] p2b: Torkoal\n|turn|4\n|\n|t:|1700959667\n|switch|p1b: Urshifu|Urshifu-Rapid-Strike, L50, M, tera:Water|100\/100\n|move|p1a: Tornadus|Rain Dance|p1a: Tornadus\n|-weather|RainDance\n|move|p2b: Torkoal|Ancient Power|p1a: Tornadus\n|-supereffective|p1a: Tornadus\n|-damage|p1a: Tornadus|73\/100\n|move|p2a: Cresselia|Lunar Blessing|p2a: Cresselia|[spread] p2a,p2b\n|-heal|p2b: Torkoal|90\/100\n|\n|-weather|RainDance|[upkeep]\n|-heal|p2b: Torkoal|96\/100|[from] Grassy Terrain\n|upkeep\n|turn|5\n|inactive|Kirishima33 has 30 seconds left.\n|inactive|Kirishima33 has 20 seconds left.\n|inactive|Kirishima33 has 15 seconds left.\n|\n|t:|1700959709\n|move|p2b: Torkoal|Yawn|p1b: Urshifu\n|-start|p1b: Urshifu|move: Yawn|[of] p2b: Torkoal\n|move|p2a: Cresselia|Moonblast|p1b: Urshifu\n|-crit|p1b: Urshifu\n|-damage|p1b: Urshifu|64\/100\n|-unboost|p1b: Urshifu|spa|1\n|move|p1a: Tornadus|Bleakwind Storm|p2b: Torkoal|[spread] p2a,p2b\n|-damage|p2a: Cresselia|82\/100\n|-damage|p2b: Torkoal|61\/100\n|-unboost|p2b: Torkoal|spe|1\n|move|p1b: Urshifu|Surging Strikes|p2b: Torkoal\n|-supereffective|p2b: Torkoal\n|-crit|p2b: Torkoal\n|-damage|p2b: Torkoal|0 fnt\n|faint|p2b: Torkoal\n|-hitcount|p2: Torkoal|1\n|\n|-weather|RainDance|[upkeep]\n|-heal|p1b: Urshifu|70\/100|[from] Grassy Terrain\n|-fieldend|move: Trick Room\n|upkeep\n|\n|t:|1700959725\n|switch|p2b: Iron Hands|Iron Hands, L50|100\/100\n|-enditem|p2b: Iron Hands|Booster Energy\n|-activate|p2b: Iron Hands|ability: Quark Drive|[fromitem]\n|-start|p2b: Iron Hands|quarkdriveatk\n|turn|6\n|\n|t:|1700959742\n|-terastallize|p2b: Iron Hands|Grass\n|move|p1b: Urshifu|Surging Strikes|p2b: Iron Hands\n|-resisted|p2b: Iron Hands\n|-crit|p2b: Iron Hands\n|-damage|p2b: Iron Hands|83\/100\n|-resisted|p2b: Iron Hands\n|-crit|p2b: Iron Hands\n|-damage|p2b: Iron Hands|68\/100\n|-resisted|p2b: Iron Hands\n|-crit|p2b: Iron Hands\n|-damage|p2b: Iron Hands|50\/100\n|-hitcount|p2b: Iron Hands|3\n|move|p1a: Tornadus|Bleakwind Storm|p2b: Iron Hands|[spread] p2a,p2b\n|-supereffective|p2b: Iron Hands\n|-damage|p2a: Cresselia|60\/100\n|-damage|p2b: Iron Hands|0 fnt\n|faint|p2b: Iron Hands\n|-end|p2b: Iron Hands|Quark Drive|[silent]\n|move|p2a: Cresselia|Moonblast|p1a: Tornadus\n|-damage|p1a: Tornadus|57\/100\n|\n|-weather|RainDance|[upkeep]\n|-heal|p1b: Urshifu|75\/100|[from] Grassy Terrain\n|-end|p1b: Urshifu|move: Yawn|[silent]\n|-status|p1b: Urshifu|slp\n|-fieldend|move: Grassy Terrain\n|upkeep\n|turn|7\n|-message|CEO_OF_RNG forfeited.\n|\n|win|Kirishima33\n|raw|Kirishima33's rating: 1159 &rarr; <strong>1182<\/strong><br \/>(+23 for winning)\n|raw|CEO_OF_RNG's rating: 1125 &rarr; <strong>1102<\/strong><br \/>(-23 for losing)\n|l|\u2606CEO_OF_RNG\n","uploadtime":1700959770,"views":4,"p1id":"kirishima33","p2id":"ceoofrng","formatid":"gen9vgc2023regulatione","rating":1102,"private":0,"password":""}