{"id":"gen9vgc2023regulatione-1998097372","p1":"leafyarrow","p2":"hangentori","format":"[Gen 9] VGC 2023 Regulation E","log":"|j|\u2606leafyarrow\n|j|\u2606hangentori\n|n|\u2606leafyarrow|leafyarrow\n|n|\u2606hangentori|hangentori\n|html|View the match progress at <a href=\"\/game-bestof3-gen9vgc2023regulatione-1998095734\">game-bestof3-gen9vgc2023regulatione-1998095734<\/a>\n|t:|1700890824\n|gametype|doubles\n|player|p1|leafyarrow|selene|\n|player|p2|hangentori|101|\n|teamsize|p1|6\n|teamsize|p2|6\n|gen|9\n|tier|[Gen 9] VGC 2023 Regulation E\n|rule|Species Clause: Limit one of each Pok\u00e9mon\n|rule|Item Clause: Limit one of each item\n|clearpoke\n|poke|p1|Farigiraf, L50, M|\n|poke|p1|Arcanine-Hisui, L50, F|\n|poke|p1|Landorus, L50, M|\n|poke|p1|Rillaboom, L50, F|\n|poke|p1|Urshifu-*, L50, F|\n|poke|p1|Regieleki, L50|\n|poke|p2|Weezing, L50, F|\n|poke|p2|Roaring Moon, L50|\n|poke|p2|Chien-Pao, L50|\n|poke|p2|Dragonite, L50, M|\n|poke|p2|Chi-Yu, L50|\n|poke|p2|Flutter Mane, L50|\n|teampreview|4\nleafyarrow has agreed to open team sheets.\nhangentori has agreed to open team sheets.\n|showteam|p1|Farigiraf||RockyHelmet|ArmorTail|HelpingHand,DazzlingGleam,TrickRoom,Psychic|||M|||50|,,,,,Fairy]Arcanine-Hisui||ChoiceBand|Intimidate|TeraBlast,ExtremeSpeed,FlareBlitz,RockSlide|||F|||50|,,,,,Fairy]Landorus||LifeOrb|SheerForce|EarthPower,SludgeBomb,SandsearStorm,Protect|||M|||50|,,,,,Poison]Rillaboom||MiracleSeed|GrassySurge|GrassyGlide,Uturn,WoodHammer,FakeOut|||F|||50|,,,,,Grass]Urshifu-Rapid-Strike||MysticWater|UnseenFist|CloseCombat,SurgingStrikes,AquaJet,Protect|||F|||50|,,,,,Water]Regieleki||Magnet|Transistor|Electroweb,Thunderbolt,TeraBlast,Protect||||||50|,,,,,Ice\n|showteam|p2|Weezing||Leftovers|NeutralizingGas|Taunt,WillOWisp,Protect,SludgeBomb|||F|||50|,,,,,Ghost]Roaring Moon||BoosterEnergy|Protosynthesis|Tailwind,BreakingSwipe,KnockOff,Protect||||||50|,,,,,Poison]Chien-Pao||FocusSash|SwordofRuin|IcicleCrash,SuckerPunch,Protect,SacredSword||||||50|,,,,,Ghost]Dragonite||ChoiceBand|InnerFocus|ExtremeSpeed,Outrage,IronHead,StompingTantrum|||M|||50|,,,,,Normal]Chi-Yu||ChoiceSpecs|BeadsofRuin|HeatWave,Overheat,DarkPulse,Snarl||||||50|,,,,,Ghost]Flutter Mane||FairyFeather|Protosynthesis|Moonblast,DazzlingGleam,ShadowBall,Protect||||||50|,,,,,Fairy\n|\n|t:|1700890884\n|start\n|switch|p1a: Arcanine|Arcanine-Hisui, L50, F|100\/100\n|switch|p1b: Rillaboom|Rillaboom, L50, F|100\/100\n|switch|p2a: Weezing|Weezing, L50, F|100\/100\n|switch|p2b: Roaring Moon|Roaring Moon, L50|100\/100\n|-ability|p2a: Weezing|Neutralizing Gas\n|-enditem|p2b: Roaring Moon|Booster Energy\n|-activate|p2b: Roaring Moon|ability: Protosynthesis|[fromitem]\n|-start|p2b: Roaring Moon|protosynthesisspe\n|turn|1\n|\n|t:|1700890910\n|move|p2b: Roaring Moon|Protect|p2b: Roaring Moon\n|-singleturn|p2b: Roaring Moon|Protect\n|move|p2a: Weezing|Protect|p2a: Weezing\n|-singleturn|p2a: Weezing|Protect\n|move|p1a: Arcanine|Flare Blitz|p2a: Weezing\n|-activate|p2a: Weezing|move: Protect\n|move|p1b: Rillaboom|U-turn|p2b: Roaring Moon\n|-activate|p2b: Roaring Moon|move: Protect\n|\n|upkeep\n|turn|2\n|\n|t:|1700890942\n|move|p2b: Roaring Moon|Knock Off|p1a: Arcanine\n|-damage|p1a: Arcanine|52\/100\n|-enditem|p1a: Arcanine|Choice Band|[from] move: Knock Off|[of] p2b: Roaring Moon\n|move|p1a: Arcanine|Flare Blitz|p2b: Roaring Moon\n|-resisted|p2b: Roaring Moon\n|-damage|p2b: Roaring Moon|64\/100\n|-damage|p1a: Arcanine|41\/100|[from] Recoil\n|move|p1b: Rillaboom|U-turn|p2b: Roaring Moon\n|-supereffective|p2b: Roaring Moon\n|-damage|p2b: Roaring Moon|2\/100\n|\n|t:|1700890952\n|switch|p1b: Regieleki|Regieleki, L50|100\/100|[from] U-turn\n|move|p2a: Weezing|Will-O-Wisp|p1b: Regieleki\n|-status|p1b: Regieleki|brn\n|\n|-damage|p1b: Regieleki|94\/100 brn|[from] brn\n|upkeep\n|turn|3\n|\n|t:|1700890978\n|move|p2a: Weezing|Protect|p2a: Weezing\n|-singleturn|p2a: Weezing|Protect\n|move|p1a: Arcanine|Extreme Speed|p2b: Roaring Moon\n|-damage|p2b: Roaring Moon|0 fnt\n|faint|p2b: Roaring Moon\n|-end|p2b: Roaring Moon|Protosynthesis|[silent]\n|move|p1b: Regieleki|Thunderbolt|p2a: Weezing\n|-activate|p2a: Weezing|move: Protect\n|\n|-damage|p1b: Regieleki|88\/100 brn|[from] brn\n|upkeep\n|\n|t:|1700890989\n|switch|p2b: Dragonite|Dragonite, L50, M|100\/100\n|turn|4\n|\n|t:|1700891035\n|move|p2b: Dragonite|Extreme Speed|p1b: Regieleki\n|-damage|p1b: Regieleki|0 fnt\n|faint|p1b: Regieleki\n|move|p1a: Arcanine|Rock Slide|p2b: Dragonite|[spread] p2a,p2b\n|-supereffective|p2b: Dragonite\n|-damage|p2a: Weezing|75\/100\n|-damage|p2b: Dragonite|43\/100\n|cant|p2a: Weezing|flinch\n|\n|-heal|p2a: Weezing|81\/100|[from] item: Leftovers\n|upkeep\n|\n|t:|1700891065\n|switch|p1b: Rillaboom|Rillaboom, L50, F|100\/100\n|turn|5\n|\n|t:|1700891093\n|-terastallize|p2b: Dragonite|Normal\n|move|p2a: Weezing|Protect|p2a: Weezing\n|-singleturn|p2a: Weezing|Protect\n|move|p2b: Dragonite|Extreme Speed|p1a: Arcanine\n|-resisted|p1a: Arcanine\n|-damage|p1a: Arcanine|3\/100\n|move|p1a: Arcanine|Rock Slide|p2b: Dragonite|[spread] p2b\n|-activate|p2a: Weezing|move: Protect\n|-damage|p2b: Dragonite|15\/100\n|move|p1b: Rillaboom|Grassy Glide|p2a: Weezing\n|-activate|p2a: Weezing|move: Protect\n|\n|-heal|p2a: Weezing|87\/100|[from] item: Leftovers\n|upkeep\n|turn|6\n|\n|t:|1700891113\n|move|p1a: Arcanine|Extreme Speed|p2b: Dragonite\n|-crit|p2b: Dragonite\n|-damage|p2b: Dragonite|0 fnt\n|faint|p2b: Dragonite\n|move|p1b: Rillaboom|U-turn|p2a: Weezing\n|-resisted|p2a: Weezing\n|-damage|p2a: Weezing|75\/100\n|\n|t:|1700891119\n|switch|p1b: Landorus|Landorus, L50, M|100\/100|[from] U-turn\n|move|p2a: Weezing|Will-O-Wisp|p1b: Landorus\n|-status|p1b: Landorus|brn\n|\n|-heal|p2a: Weezing|81\/100|[from] item: Leftovers\n|-damage|p1b: Landorus|95\/100 brn|[from] brn\n|upkeep\n|\n|t:|1700891127\n|switch|p2b: Flutter Mane|Flutter Mane, L50|100\/100\n|turn|7\n|\n|t:|1700891148\n|-terastallize|p1b: Landorus|Poison\n|move|p1a: Arcanine|Extreme Speed|p2a: Weezing\n|-damage|p2a: Weezing|56\/100\n|move|p2b: Flutter Mane|Dazzling Gleam|p1b: Landorus|[spread] p1a,p1b\n|-resisted|p1a: Arcanine\n|-resisted|p1b: Landorus\n|-damage|p1a: Arcanine|0 fnt\n|-damage|p1b: Landorus|74\/100 brn\n|faint|p1a: Arcanine\n|move|p1b: Landorus|Earth Power|p2b: Flutter Mane\n|-damage|p2b: Flutter Mane|47\/100\n|-damage|p1b: Landorus|65\/100 brn|[from] item: Life Orb\n|move|p2a: Weezing|Sludge Bomb|p1b: Landorus\n|-resisted|p1b: Landorus\n|-damage|p1b: Landorus|48\/100 brn\n|\n|-heal|p2a: Weezing|62\/100|[from] item: Leftovers\n|-damage|p1b: Landorus|42\/100 brn|[from] brn\n|upkeep\n|\n|t:|1700891166\n|switch|p1a: Rillaboom|Rillaboom, L50, F|100\/100\n|turn|8\n|\n|t:|1700891185\n|move|p2b: Flutter Mane|Protect|p2b: Flutter Mane\n|-singleturn|p2b: Flutter Mane|Protect\n|move|p1b: Landorus|Protect|p1b: Landorus\n|-singleturn|p1b: Landorus|Protect\n|move|p1a: Rillaboom|Wood Hammer|p2b: Flutter Mane\n|-activate|p2b: Flutter Mane|move: Protect\n|move|p2a: Weezing|Will-O-Wisp|p1a: Rillaboom|[miss]\n|-miss|p2a: Weezing|p1a: Rillaboom\n|\n|-heal|p2a: Weezing|68\/100|[from] item: Leftovers\n|-damage|p1b: Landorus|36\/100 brn|[from] brn\n|upkeep\n|turn|9\n|\n|t:|1700891219\n|move|p2b: Flutter Mane|Shadow Ball|p1a: Rillaboom\n|-damage|p1a: Rillaboom|58\/100\n|move|p1b: Landorus|Sandsear Storm|p2a: Weezing|[spread] \n|-miss|p1b: Landorus|p2a: Weezing\n|-miss|p1b: Landorus|p2b: Flutter Mane\n|move|p1a: Rillaboom|Wood Hammer|p2b: Flutter Mane\n|-damage|p2b: Flutter Mane|0 fnt\n|faint|p2b: Flutter Mane\n|-end|p2b: Flutter Mane|Protosynthesis|[silent]\n|-damage|p1a: Rillaboom|48\/100|[from] Recoil\n|move|p2a: Weezing|Will-O-Wisp|p1a: Rillaboom\n|-status|p1a: Rillaboom|brn\n|\n|-heal|p2a: Weezing|74\/100|[from] item: Leftovers\n|-damage|p1b: Landorus|30\/100 brn|[from] brn\n|-damage|p1a: Rillaboom|42\/100 brn|[from] brn\n|upkeep\n|turn|10\n|\n|t:|1700891240\n|move|p2a: Weezing|Protect|p2a: Weezing\n|-singleturn|p2a: Weezing|Protect\n|move|p1b: Landorus|Earth Power|p2a: Weezing\n|-activate|p2a: Weezing|move: Protect\n|move|p1a: Rillaboom|Wood Hammer|p2a: Weezing\n|-activate|p2a: Weezing|move: Protect\n|\n|-heal|p2a: Weezing|80\/100|[from] item: Leftovers\n|-damage|p1b: Landorus|24\/100 brn|[from] brn\n|-damage|p1a: Rillaboom|36\/100 brn|[from] brn\n|upkeep\n|turn|11\n|\n|t:|1700891257\n|move|p1b: Landorus|Earth Power|p2a: Weezing\n|-supereffective|p2a: Weezing\n|-damage|p2a: Weezing|0 fnt\n|faint|p2a: Weezing\n|-end|p2a: Weezing|ability: Neutralizing Gas\n|-fieldstart|move: Grassy Terrain|[from] ability: Grassy Surge|[of] p1a: Rillaboom\n|-damage|p1b: Landorus|14\/100 brn|[from] item: Life Orb\n|\n|win|leafyarrow\n|c|&|\/uhtml prompt-leafyarrow,leafyarrow is ready for game 3!\n|c|\u2606hangentori|gg\n|inactive|hangentori has 50 seconds to confirm battle start!\n|c|\u2606leafyarrow|gg\n|c|&|\/uhtml prompt-hangentori,hangentori is ready for game 3!\nBoth players are ready! Starting next match!\n","uploadtime":1700891581,"views":8,"p1id":"leafyarrow","p2id":"hangentori","formatid":"gen9vgc2023regulatione","rating":0,"private":0,"password":""}