{"id":"gen9vgc2023regulatione-1994323794","p1":"tyl8","p2":"Noah boi1234","format":"[Gen 9] VGC 2023 Regulation E","log":"|j|\u2606tyl8\n|j|\u2606Noah boi1234\n|t:|1700431118\n|gametype|doubles\n|player|p1|tyl8|dawn|1289\n|player|p2|Noah boi1234|lucas|1323\n|teamsize|p1|6\n|teamsize|p2|6\n|gen|9\n|tier|[Gen 9] VGC 2023 Regulation E\n|rated|\n|rule|Species Clause: Limit one of each Pok\u00e9mon\n|rule|Item Clause: Limit one of each item\n|clearpoke\n|poke|p1|Landorus, L50, M|\n|poke|p1|Politoed, L50, F|\n|poke|p1|Ogerpon-Wellspring, L50, F|\n|poke|p1|Gholdengo, L50|\n|poke|p1|Roaring Moon, L50|\n|poke|p1|Iron Hands, L50|\n|poke|p2|Sinistcha-Masterpiece, L50|\n|poke|p2|Flutter Mane, L50|\n|poke|p2|Landorus-Therian, L50, M|\n|poke|p2|Tornadus, L50, M|\n|poke|p2|Ogerpon-Wellspring, L50, F|\n|poke|p2|Chi-Yu, L50|\n|teampreview|4\n|inactive|Battle timer is ON: inactive players will automatically lose when time's up. (requested by tyl8)\n|c|\u2606Noah boi1234|glhf\n|\n|t:|1700431146\n|start\n|switch|p1a: Landorus|Landorus, L50, M|100\/100\n|switch|p1b: Iron Hands|Iron Hands, L50|100\/100\n|switch|p2a: Ogerpon|Ogerpon-Wellspring, L50, F|100\/100\n|switch|p2b: Tornadus|Tornadus, L50, M|100\/100\n|turn|1\n|\n|t:|1700431162\n|move|p2a: Ogerpon|Spiky Shield|p2a: Ogerpon\n|-singleturn|p2a: Ogerpon|move: Protect\n|move|p1b: Iron Hands|Fake Out|p2a: Ogerpon\n|-activate|p2a: Ogerpon|move: Protect\n|-damage|p1b: Iron Hands|88\/100|[from] Spiky Shield|[of] p2a: Ogerpon\n|move|p2b: Tornadus|Tailwind|p2b: Tornadus\n|-sidestart|p2: Noah boi1234|move: Tailwind\n|move|p1a: Landorus|Psychic|p2a: Ogerpon\n|-activate|p2a: Ogerpon|move: Protect\n|\n|upkeep\n|turn|2\n|\n|t:|1700431183\n|move|p1a: Landorus|Protect|p1a: Landorus\n|-singleturn|p1a: Landorus|Protect\n|move|p2a: Ogerpon|Ivy Cudgel|p1a: Landorus|[anim] Ivy Cudgel Water\n|-activate|p1a: Landorus|move: Protect\n|move|p2b: Tornadus|Bleakwind Storm|p1a: Landorus|[spread] p1b\n|-activate|p1a: Landorus|move: Protect\n|-damage|p1b: Iron Hands|72\/100\n|-unboost|p1b: Iron Hands|spe|1\n|move|p1b: Iron Hands|Wild Charge|p2a: Ogerpon\n|-damage|p2a: Ogerpon|26\/100\n|-damage|p1b: Iron Hands|59\/100|[from] Recoil\n|\n|upkeep\n|turn|3\n|\n|t:|1700431208\n|switch|p2b: Sinistcha|Sinistcha-Masterpiece, L50, shiny|100\/100\n|-heal|p2a: Ogerpon|51\/100|[from] ability: Hospitality|[of] p2b: Sinistcha\n|switch|p1a: Roaring Moon|Roaring Moon, L50, shiny|100\/100\n|-enditem|p1a: Roaring Moon|Booster Energy\n|-activate|p1a: Roaring Moon|ability: Protosynthesis|[fromitem]\n|-start|p1a: Roaring Moon|protosynthesisatk\n|move|p2a: Ogerpon|Spiky Shield|p2a: Ogerpon\n|-singleturn|p2a: Ogerpon|move: Protect\n|move|p1b: Iron Hands|Drain Punch|p2a: Ogerpon\n|-activate|p2a: Ogerpon|move: Protect\n|-damage|p1b: Iron Hands|47\/100|[from] Spiky Shield|[of] p2a: Ogerpon\n|\n|upkeep\n|turn|4\n|inactive|Noah boi1234 has 30 seconds left.\n|\n|t:|1700431236\n|move|p2a: Ogerpon|Ivy Cudgel|p1b: Iron Hands|[anim] Ivy Cudgel Water\n|-damage|p1b: Iron Hands|8\/100\n|move|p2b: Sinistcha|Matcha Gotcha|p1b: Iron Hands|[spread] p1a,p1b\n|-resisted|p1a: Roaring Moon\n|-damage|p1a: Roaring Moon|90\/100\n|-damage|p1b: Iron Hands|0 fnt\n|faint|p1b: Iron Hands\n|-end|p1b: Iron Hands|Quark Drive|[silent]\n|move|p1a: Roaring Moon|Tailwind|p1a: Roaring Moon\n|-sidestart|p1: tyl8|move: Tailwind\n|\n|-sideend|p2: Noah boi1234|move: Tailwind\n|upkeep\n|\n|t:|1700431248\n|switch|p1b: Landorus|Landorus, L50, M|100\/100\n|turn|5\n|\n|t:|1700431266\n|-terastallize|p2b: Sinistcha|Fire\n|move|p2a: Ogerpon|Spiky Shield|p2a: Ogerpon\n|-singleturn|p2a: Ogerpon|move: Protect\n|move|p1a: Roaring Moon|Knock Off|p2b: Sinistcha\n|-damage|p2b: Sinistcha|37\/100\n|-enditem|p2b: Sinistcha|Mental Herb|[from] move: Knock Off|[of] p1a: Roaring Moon\n|move|p1b: Landorus|Psychic|p2a: Ogerpon\n|-activate|p2a: Ogerpon|move: Protect\n|move|p2b: Sinistcha|Strength Sap|p1a: Roaring Moon\n|-unboost|p1a: Roaring Moon|atk|1\n|-heal|p2b: Sinistcha|100\/100\n|\n|upkeep\n|turn|6\n|inactive|tyl8 has 30 seconds left.\n|\n|t:|1700431291\n|switch|p2b: Tornadus|Tornadus, L50, M|100\/100\n|move|p1a: Roaring Moon|Acrobatics|p2a: Ogerpon\n|-supereffective|p2a: Ogerpon\n|-damage|p2a: Ogerpon|0 fnt\n|faint|p2a: Ogerpon\n|move|p1b: Landorus|Sandsear Storm|p2b: Tornadus\n|-immune|p2b: Tornadus\n|\n|upkeep\n|\n|t:|1700431303\n|switch|p2a: Flutter Mane|Flutter Mane, L50|100\/100\n|-enditem|p2a: Flutter Mane|Booster Energy\n|-activate|p2a: Flutter Mane|ability: Protosynthesis|[fromitem]\n|-start|p2a: Flutter Mane|protosynthesisspe\n|turn|7\n|\n|t:|1700431316\n|move|p2a: Flutter Mane|Protect|p2a: Flutter Mane\n|-singleturn|p2a: Flutter Mane|Protect\n|move|p1a: Roaring Moon|Knock Off|p2a: Flutter Mane\n|-activate|p2a: Flutter Mane|move: Protect\n|move|p1b: Landorus|Psychic|p2a: Flutter Mane\n|-activate|p2a: Flutter Mane|move: Protect\n|move|p2b: Tornadus|Bleakwind Storm|p1b: Landorus|[spread] p1a,p1b\n|-damage|p1a: Roaring Moon|62\/100\n|-damage|p1b: Landorus|69\/100\n|\n|-sideend|p1: tyl8|move: Tailwind\n|upkeep\n|turn|8\n|\n|t:|1700431332\n|move|p2a: Flutter Mane|Dazzling Gleam|p1a: Roaring Moon|[spread] p1a,p1b\n|-supereffective|p1a: Roaring Moon\n|-damage|p1a: Roaring Moon|0 fnt\n|-damage|p1b: Landorus|33\/100\n|faint|p1a: Roaring Moon\n|-end|p1a: Roaring Moon|Protosynthesis|[silent]\n|move|p1b: Landorus|Psychic|p2a: Flutter Mane\n|-damage|p2a: Flutter Mane|48\/100\n|move|p2b: Tornadus|Bleakwind Storm|p1b: Landorus|[miss]\n|-miss|p2b: Tornadus|p1b: Landorus\n|\n|upkeep\n|\n|t:|1700431339\n|switch|p1a: Ogerpon|Ogerpon-Wellspring, L50, F|100\/100\n|turn|9\n|\n|t:|1700431349\n|-terastallize|p1a: Ogerpon|Water\n|detailschange|p1a: Ogerpon|Ogerpon-Wellspring-Tera, L50, F, tera:Water\n|-ability|p1a: Ogerpon|Embody Aspect (Wellspring)|boost\n|-boost|p1a: Ogerpon|spd|1\n|move|p2a: Flutter Mane|Protect|p2a: Flutter Mane\n|-singleturn|p2a: Flutter Mane|Protect\n|move|p1b: Landorus|Protect|p1b: Landorus\n|-singleturn|p1b: Landorus|Protect\n|move|p1a: Ogerpon|Ivy Cudgel|p2a: Flutter Mane|[anim] Ivy Cudgel Water\n|-activate|p2a: Flutter Mane|move: Protect\n|move|p2b: Tornadus|Bleakwind Storm|p1b: Landorus|[spread] \n|-activate|p1b: Landorus|move: Protect\n|-miss|p2b: Tornadus|p1a: Ogerpon\n|\n|upkeep\n|turn|10\n|\n|t:|1700431362\n|move|p1b: Landorus|Protect||[still]\n|-fail|p1b: Landorus\n|move|p2b: Tornadus|Tailwind|p2b: Tornadus\n|-sidestart|p2: Noah boi1234|move: Tailwind\n|move|p2a: Flutter Mane|Moonblast|p1b: Landorus\n|-crit|p1b: Landorus\n|-damage|p1b: Landorus|0 fnt\n|faint|p1b: Landorus\n|move|p1a: Ogerpon|Ivy Cudgel|p2a: Flutter Mane|[anim] Ivy Cudgel Water\n|-damage|p2a: Flutter Mane|0 fnt\n|faint|p2a: Flutter Mane\n|-end|p2a: Flutter Mane|Protosynthesis|[silent]\n|\n|upkeep\n|\n|t:|1700431369\n|switch|p2a: Sinistcha|Sinistcha-Masterpiece, L50, shiny, tera:Fire|100\/100\n|turn|11\n|\n|t:|1700431380\n|move|p2b: Tornadus|Bleakwind Storm|p1a: Ogerpon\n|-damage|p1a: Ogerpon|76\/100\n|move|p2a: Sinistcha|Strength Sap|p1a: Ogerpon\n|-unboost|p1a: Ogerpon|atk|1\n|move|p1a: Ogerpon|Ivy Cudgel|p2a: Sinistcha|[anim] Ivy Cudgel Water\n|-supereffective|p2a: Sinistcha\n|-damage|p2a: Sinistcha|0 fnt\n|faint|p2a: Sinistcha\n|\n|upkeep\n|turn|12\n|\n|t:|1700431389\n|move|p2b: Tornadus|Bleakwind Storm|p1a: Ogerpon\n|-damage|p1a: Ogerpon|50\/100\n|move|p1a: Ogerpon|Ivy Cudgel|p2b: Tornadus|[anim] Ivy Cudgel Water\n|-crit|p2b: Tornadus\n|-damage|p2b: Tornadus|0 fnt\n|faint|p2b: Tornadus\n|\n|win|tyl8\n|raw|tyl8's rating: 1289 &rarr; <strong>1316<\/strong><br \/>(+27 for winning)\n|raw|Noah boi1234's rating: 1323 &rarr; <strong>1301<\/strong><br \/>(-22 for losing)\n|c|\u2606tyl8|Gh\n|c|\u2606tyl8|Gg\n|c|\u2606Noah boi1234|gg\n","uploadtime":1700431405,"views":5,"p1id":"tyl8","p2id":"noahboi1234","formatid":"gen9vgc2023regulatione","rating":1301,"private":0,"password":""}