{"id":"gen9vgc2023regulatione-1994072193","p1":"XeolnorzHS","p2":"LuKromVGC","format":"[Gen 9] VGC 2023 Regulation E","log":"|j|\u2606XeolnorzHS\n|j|\u2606LuKromVGC\n|n|\u2606XeolnorzHS|xeolnorzhs\n|n|\u2606LuKromVGC|lukromvgc\n|html|View the match progress at <a href=\"\/game-bestof3-gen9vgc2023regulatione-1994069873\">game-bestof3-gen9vgc2023regulatione-1994069873<\/a>\n|t:|1700403198\n|gametype|doubles\n|player|p1|XeolnorzHS|linebacker|\n|player|p2|LuKromVGC|plasmagrunt|\n|teamsize|p1|6\n|teamsize|p2|6\n|gen|9\n|tier|[Gen 9] VGC 2023 Regulation E\n|rule|Species Clause: Limit one of each Pok\u00e9mon\n|rule|Item Clause: Limit one of each item\n|clearpoke\n|poke|p1|Tornadus, L50, M|\n|poke|p1|Urshifu-*, L50, M|\n|poke|p1|Flutter Mane, L50|\n|poke|p1|Arcanine-Hisui, L50, M|\n|poke|p1|Chien-Pao, L50|\n|poke|p1|Rillaboom, L50, M|\n|poke|p2|Dondozo, L50, M|\n|poke|p2|Tatsugiri, L50, M|\n|poke|p2|Ninetales-Alola, L50, F|\n|poke|p2|Glimmora, L50, F|\n|poke|p2|Iron Hands, L50|\n|poke|p2|Ogerpon-Hearthflame, L50, F|\n|teampreview|4\n|j| Dan_DES\nXeolnorzHS has agreed to open team sheets.\n|j| DubiousVGC\nLuKromVGC has agreed to open team sheets.\n|showteam|p1|Tornadus||RockyHelmet|Prankster|BleakwindStorm,Taunt,Tailwind,RainDance|||M|||50|,,,,,Ghost]Urshifu-Rapid-Strike||MysticWater|UnseenFist|SurgingStrikes,AquaJet,CloseCombat,Protect|||M|||50|,,,,,Water]Flutter Mane||BoosterEnergy|Protosynthesis|Moonblast,ShadowBall,PerishSong,DazzlingGleam||||||50|,,,,,Fairy]Arcanine-Hisui||ChoiceBand|Intimidate|FlareBlitz,HeadSmash,RockSlide,ExtremeSpeed|||M|||50|,,,,,Normal]Chien-Pao||FocusSash|SwordofRuin|SuckerPunch,IcicleCrash,SacredSword,Protect||||||50|,,,,,Ghost]Rillaboom||AssaultVest|GrassySurge|WoodHammer,GrassyGlide,Uturn,FakeOut|||M|||50|,,,,,Fire\n|showteam|p2|Dondozo||Leftovers|Unaware|WaveCrash,OrderUp,Substitute,Protect|||M|||50|,,,,,Dragon]Tatsugiri||AbilityShield|Commander|MuddyWater,DracoMeteor,Taunt,Protect|||M|||50|,,,,,Steel]Ninetales-Alola||LightClay|SnowWarning|Blizzard,IcyWind,AuroraVeil,Protect|||F|||50|,,,,,Fire]Glimmora||FocusSash|ToxicDebris|PowerGem,SludgeBomb,MortalSpin,SpikyShield|||F|||50|,,,,,Dragon]Iron Hands||AssaultVest|QuarkDrive|DrainPunch,WildCharge,HeavySlam,FakeOut||||||50|,,,,,Water]Ogerpon-Hearthflame||HearthflameMask|MoldBreaker|IvyCudgel,HornLeech,SwordsDance,SpikyShield|||F|||50|,,,,,Fire\n|\n|t:|1700403239\n|start\n|switch|p1a: Tornadus|Tornadus, L50, M|100\/100\n|switch|p1b: Urshifu|Urshifu-Rapid-Strike, L50, M|100\/100\n|switch|p2a: Iron Hands|Iron Hands, L50|100\/100\n|switch|p2b: Glimmora|Glimmora, L50, F, shiny|100\/100\n|turn|1\n|j| KyuremBiancoEtero\n|\n|t:|1700403261\n|switch|p1a: Flutter Mane|Flutter Mane, L50, shiny|100\/100\n|-enditem|p1a: Flutter Mane|Booster Energy\n|-activate|p1a: Flutter Mane|ability: Protosynthesis|[fromitem]\n|-start|p1a: Flutter Mane|protosynthesisspa\n|move|p1b: Urshifu|Protect|p1b: Urshifu\n|-singleturn|p1b: Urshifu|Protect\n|move|p2a: Iron Hands|Fake Out|p1b: Urshifu\n|-activate|p1b: Urshifu|move: Protect\n|move|p2b: Glimmora|Power Gem|p1a: Flutter Mane\n|-damage|p1a: Flutter Mane|52\/100\n|\n|upkeep\n|turn|2\n|\n|t:|1700403306\n|-terastallize|p1b: Urshifu|Water\n|move|p1a: Flutter Mane|Dazzling Gleam|p2b: Glimmora|[spread] p2a,p2b\n|-supereffective|p2a: Iron Hands\n|-resisted|p2b: Glimmora\n|-damage|p2a: Iron Hands|58\/100\n|-damage|p2b: Glimmora|75\/100\n|move|p1b: Urshifu|Surging Strikes|p2a: Iron Hands\n|-crit|p2a: Iron Hands\n|-damage|p2a: Iron Hands|38\/100\n|-crit|p2a: Iron Hands\n|-damage|p2a: Iron Hands|18\/100\n|-crit|p2a: Iron Hands\n|-damage|p2a: Iron Hands|0 fnt\n|faint|p2a: Iron Hands\n|-end|p2a: Iron Hands|Quark Drive|[silent]\n|-hitcount|p2: Iron Hands|3\n|move|p2b: Glimmora|Sludge Bomb|p1a: Flutter Mane\n|-damage|p1a: Flutter Mane|4\/100\n|\n|upkeep\n|\n|t:|1700403321\n|switch|p2a: Dondozo|Dondozo, L50, M|100\/100\n|turn|3\n|j| Fragolinass\n|\n|t:|1700403373\n|switch|p1b: Tornadus|Tornadus, L50, M|100\/100\n|move|p1a: Flutter Mane|Perish Song|p1a: Flutter Mane\n|-start|p1a: Flutter Mane|perish3|[silent]\n|-start|p1b: Tornadus|perish3|[silent]\n|-start|p2a: Dondozo|perish3|[silent]\n|-start|p2b: Glimmora|perish3|[silent]\n|-fieldactivate|move: Perish Song\n|move|p2b: Glimmora|Mortal Spin|p1b: Tornadus|[spread] p1a,p1b\n|-damage|p1a: Flutter Mane|0 fnt\n|-damage|p1b: Tornadus|96\/100\n|-status|p1b: Tornadus|psn\n|-damage|p2b: Glimmora|59\/100|[from] item: Rocky Helmet|[of] p1b: Tornadus\n|faint|p1a: Flutter Mane\n|-end|p1a: Flutter Mane|Protosynthesis|[silent]\n|move|p2a: Dondozo|Wave Crash|p1b: Tornadus\n|-damage|p1b: Tornadus|47\/100 psn\n|-damage|p2a: Dondozo|84\/100|[from] item: Rocky Helmet|[of] p1b: Tornadus\n|-damage|p2a: Dondozo|71\/100|[from] Recoil\n|\n|-heal|p2a: Dondozo|78\/100|[from] item: Leftovers\n|-damage|p1b: Tornadus|35\/100 psn|[from] psn\n|-start|p2b: Glimmora|perish3\n|-start|p1b: Tornadus|perish3\n|-start|p2a: Dondozo|perish3\n|upkeep\n|l| Fragolinass\n|\n|t:|1700403396\n|switch|p1a: Rillaboom|Rillaboom, L50, M|100\/100\n|-fieldstart|move: Grassy Terrain|[from] ability: Grassy Surge|[of] p1a: Rillaboom\n|turn|4\n|j| Fragolinass\n|\n|t:|1700403441\n|move|p2a: Dondozo|Protect|p2a: Dondozo\n|-singleturn|p2a: Dondozo|Protect\n|move|p1b: Tornadus|Taunt|p2a: Dondozo\n|-activate|p2a: Dondozo|move: Protect\n|move|p2b: Glimmora|Sludge Bomb|p1a: Rillaboom\n|-supereffective|p1a: Rillaboom\n|-damage|p1a: Rillaboom|17\/100\n|move|p1a: Rillaboom|Wood Hammer|p2a: Dondozo\n|-activate|p2a: Dondozo|move: Protect\n|\n|-heal|p2b: Glimmora|65\/100|[from] Grassy Terrain\n|-heal|p1a: Rillaboom|23\/100|[from] Grassy Terrain\n|-heal|p2a: Dondozo|84\/100|[from] Grassy Terrain\n|-heal|p2a: Dondozo|90\/100|[from] item: Leftovers\n|-damage|p1b: Tornadus|22\/100 psn|[from] psn\n|-start|p2b: Glimmora|perish2\n|-start|p1b: Tornadus|perish2\n|-start|p2a: Dondozo|perish2\n|upkeep\n|turn|5\n|l| Fragolinass\n|\n|t:|1700403498\n|switch|p1b: Urshifu|Urshifu-Rapid-Strike, L50, M, tera:Water|100\/100\n|switch|p2a: Tatsugiri|Tatsugiri, L50, M|100\/100\n|move|p2b: Glimmora|Mortal Spin|p1a: Rillaboom|[spread] p1a,p1b\n|-supereffective|p1a: Rillaboom\n|-damage|p1a: Rillaboom|14\/100\n|-damage|p1b: Urshifu|95\/100\n|-status|p1a: Rillaboom|psn\n|-status|p1b: Urshifu|psn\n|move|p1a: Rillaboom|Wood Hammer|p2b: Glimmora\n|-damage|p2b: Glimmora|0 fnt\n|-activate|p2b: Glimmora|ability: Toxic Debris\n|-sidestart|p1: XeolnorzHS|move: Toxic Spikes\n|faint|p2b: Glimmora\n|-damage|p1a: Rillaboom|0 fnt|[from] Recoil\n|faint|p1a: Rillaboom\n|\n|-heal|p1b: Urshifu|100\/100 psn|[from] Grassy Terrain\n|-damage|p1b: Urshifu|88\/100 psn|[from] psn\n|upkeep\n|\n|t:|1700403511\n|switch|p2b: Dondozo|Dondozo, L50, M|90\/100\n|switch|p1a: Tornadus|Tornadus, L50, M|22\/100 psn\n|-activate|p2a: Tatsugiri|ability: Commander|[of] p2b: Dondozo\n|-boost|p2b: Dondozo|atk|2\n|-boost|p2b: Dondozo|spa|2\n|-boost|p2b: Dondozo|spe|2\n|-boost|p2b: Dondozo|def|2\n|-boost|p2b: Dondozo|spd|2\n|turn|6\n|\n|t:|1700403523\n|-terastallize|p2b: Dondozo|Dragon\n|move|p2b: Dondozo|Order Up|p1b: Urshifu\n|-damage|p1b: Urshifu|23\/100 psn\n|-boost|p2b: Dondozo|atk|1\n|move|p1b: Urshifu|Close Combat|p2b: Dondozo\n|-damage|p2b: Dondozo|68\/100\n|-unboost|p1b: Urshifu|def|1\n|-unboost|p1b: Urshifu|spd|1\n|move|p1a: Tornadus|Bleakwind Storm|p2b: Dondozo|[spread] p2b\n|-miss|p1a: Tornadus|p2a: Tatsugiri\n|-damage|p2b: Dondozo|53\/100\n|\n|-heal|p2b: Dondozo|59\/100|[from] Grassy Terrain\n|-heal|p2b: Dondozo|65\/100|[from] item: Leftovers\n|-heal|p1b: Urshifu|29\/100 psn|[from] Grassy Terrain\n|-damage|p1b: Urshifu|17\/100 psn|[from] psn\n|-damage|p1a: Tornadus|10\/100 psn|[from] psn\n|upkeep\n|turn|7\n|-message|XeolnorzHS forfeited.\n|\n|win|LuKromVGC\n|c|&|\/uhtml prompt-xeolnorzhs,XeolnorzHS is ready for game 3!\n|c|&|\/uhtml prompt-lukromvgc,LuKromVGC is ready for game 3!\nBoth players are ready! Starting next match!\n|l| DubiousVGC\n|l| KyuremBiancoEtero\n|l|\u2606XeolnorzHS\n","uploadtime":1700403977,"views":8,"p1id":"xeolnorzhs","p2id":"lukromvgc","formatid":"gen9vgc2023regulatione","rating":0,"private":0,"password":""}