{"id":"gen9vgc2023regulatione-1988838434","p1":"luxce","p2":"HunterKK","format":"[Gen 9] VGC 2023 Regulation E","log":"|j|\u2606luxce\n|j|\u2606HunterKK\n|t:|1699771134\n|gametype|doubles\n|player|p1|luxce|hiker-gen4|1060\n|player|p2|HunterKK|doctor|1060\n|teamsize|p1|6\n|teamsize|p2|6\n|gen|9\n|tier|[Gen 9] VGC 2023 Regulation E\n|rated|\n|rule|Species Clause: Limit one of each Pok\u00e9mon\n|rule|Item Clause: Limit one of each item\n|clearpoke\n|poke|p1|Tatsugiri, L50, M|\n|poke|p1|Dondozo, L50, M|\n|poke|p1|Ogerpon-Hearthflame, L50, F|\n|poke|p1|Amoonguss, L50, F|\n|poke|p1|Urshifu-*, L50, F|\n|poke|p1|Annihilape, L50, M|\n|poke|p2|Iron Hands, L50|\n|poke|p2|Flutter Mane, L50|\n|poke|p2|Sinistcha, L50|\n|poke|p2|Urshifu-*, L50, F|\n|poke|p2|Arcanine-Hisui, L50, M|\n|poke|p2|Rillaboom, L50, F|\n|teampreview|4\nHunterKK has agreed to open team sheets.\nluxce rejected open team sheets.\n|\n|t:|1699771180\n|start\n|switch|p1a: Tatsugiri|Tatsugiri, L50, M|100\/100\n|switch|p1b: Dondozo|Dondozo, L50, M|100\/100\n|switch|p2a: Rillaboom|Rillaboom, L50, F|100\/100\n|switch|p2b: Flutter Mane|Flutter Mane, L50|100\/100\n|-activate|p1a: Tatsugiri|ability: Commander|[of] p1b: Dondozo\n|-boost|p1b: Dondozo|atk|2\n|-boost|p1b: Dondozo|spa|2\n|-boost|p1b: Dondozo|spe|2\n|-boost|p1b: Dondozo|def|2\n|-boost|p1b: Dondozo|spd|2\n|turn|1\n|\n|t:|1699771206\n|move|p2a: Rillaboom|Fake Out|p1b: Dondozo\n|-damage|p1b: Dondozo|96\/100\n|move|p2b: Flutter Mane|Moonblast|p1b: Dondozo\n|-damage|p1b: Dondozo|63\/100\n|cant|p1b: Dondozo|flinch\n|\n|upkeep\n|turn|2\n|\n|t:|1699771217\n|move|p2b: Flutter Mane|Moonblast|p1b: Dondozo\n|-damage|p1b: Dondozo|33\/100\n|move|p1b: Dondozo|Order Up|p2a: Rillaboom\n|-damage|p2a: Rillaboom|53\/100\n|-boost|p1b: Dondozo|atk|1\n|move|p2a: Rillaboom|Drum Beating|p1b: Dondozo\n|-supereffective|p1b: Dondozo\n|-damage|p1b: Dondozo|6\/100\n|-unboost|p1b: Dondozo|spe|1\n|\n|-heal|p2a: Rillaboom|59\/100|[from] item: Leftovers\n|upkeep\n|turn|3\n|\n|t:|1699771236\n|move|p1b: Dondozo|Protect|p1b: Dondozo\n|-singleturn|p1b: Dondozo|Protect\n|move|p2b: Flutter Mane|Dazzling Gleam|p1b: Dondozo|[spread] \n|-miss|p2b: Flutter Mane|p1a: Tatsugiri\n|-activate|p1b: Dondozo|move: Protect\n|move|p2a: Rillaboom|Drum Beating|p1a: Tatsugiri|[miss]\n|-miss|p2a: Rillaboom|p1a: Tatsugiri\n|\n|-heal|p2a: Rillaboom|64\/100|[from] item: Leftovers\n|upkeep\n|turn|4\n|\n|t:|1699771248\n|move|p2b: Flutter Mane|Dazzling Gleam|p1a: Tatsugiri|[spread] p1b\n|-miss|p2b: Flutter Mane|p1a: Tatsugiri\n|-damage|p1b: Dondozo|0 fnt\n|faint|p1b: Dondozo\n|move|p2a: Rillaboom|Drum Beating|p1a: Tatsugiri\n|-damage|p1a: Tatsugiri|40\/100\n|-unboost|p1a: Tatsugiri|spe|1\n|\n|-heal|p2a: Rillaboom|70\/100|[from] item: Leftovers\n|upkeep\n|\n|t:|1699771259\n|switch|p1b: Amoonguss|Amoonguss, L50, F|100\/100\n|turn|5\n|\n|t:|1699771280\n|move|p1b: Amoonguss|Protect|p1b: Amoonguss\n|-singleturn|p1b: Amoonguss|Protect\n|move|p2b: Flutter Mane|Dazzling Gleam|p1a: Tatsugiri|[spread] p1a\n|-activate|p1b: Amoonguss|move: Protect\n|-supereffective|p1a: Tatsugiri\n|-damage|p1a: Tatsugiri|0 fnt\n|faint|p1a: Tatsugiri\n|move|p2a: Rillaboom|Knock Off|p1b: Amoonguss\n|-activate|p1b: Amoonguss|move: Protect\n|\n|-heal|p2a: Rillaboom|76\/100|[from] item: Leftovers\n|upkeep\n|\n|t:|1699771290\n|switch|p1a: Ogerpon|Ogerpon-Hearthflame, L50, F|100\/100\n|-ability|p1a: Ogerpon|Mold Breaker\n|turn|6\n|\n|t:|1699771316\n|-terastallize|p1a: Ogerpon|Fire\n|detailschange|p1a: Ogerpon|Ogerpon-Hearthflame-Tera, L50, F, tera:Fire\n|-ability|p1a: Ogerpon|Embody Aspect (Hearthflame)|boost\n|-boost|p1a: Ogerpon|atk|1\n|move|p2b: Flutter Mane|Shadow Ball|p1b: Amoonguss\n|-damage|p1b: Amoonguss|57\/100\n|-unboost|p1b: Amoonguss|spd|1\n|move|p2a: Rillaboom|Knock Off|p1a: Ogerpon\n|-damage|p1a: Ogerpon|77\/100\n|move|p1a: Ogerpon|Ivy Cudgel|p2a: Rillaboom\n|-supereffective|p2a: Rillaboom\n|-damage|p2a: Rillaboom|0 fnt\n|faint|p2a: Rillaboom\n|move|p1b: Amoonguss|Pollen Puff|p2b: Flutter Mane\n|-resisted|p2b: Flutter Mane\n|-damage|p2b: Flutter Mane|96\/100\n|\n|-heal|p1b: Amoonguss|63\/100|[from] item: Leftovers\n|upkeep\n|\n|t:|1699771328\n|switch|p2a: Urshifu|Urshifu-Rapid-Strike, L50, F|100\/100\n|turn|7\n|\n|t:|1699771346\n|move|p2b: Flutter Mane|Shadow Ball|p1b: Amoonguss\n|-damage|p1b: Amoonguss|0 fnt\n|faint|p1b: Amoonguss\n|move|p2a: Urshifu|Surging Strikes|p1a: Ogerpon\n|-supereffective|p1a: Ogerpon\n|-crit|p1a: Ogerpon\n|-damage|p1a: Ogerpon|26\/100\n|-supereffective|p1a: Ogerpon\n|-crit|p1a: Ogerpon\n|-damage|p1a: Ogerpon|0 fnt\n|faint|p1a: Ogerpon\n|-hitcount|p1: Ogerpon|2\n|\n|win|HunterKK\n|raw|luxce's rating: 1060 &rarr; <strong>1040<\/strong><br \/>(-20 for losing)\n|raw|HunterKK's rating: 1042 &rarr; <strong>1077<\/strong><br \/>(+35 for winning)\n","uploadtime":1699771356,"views":13,"p1id":"luxce","p2id":"hunterkk","formatid":"gen9vgc2023regulatione","rating":1040,"private":0,"password":""}