{"id":"gen9vgc2023regulatione-1994471790","p1":"5Sscreen","p2":"fredriickk","format":"[Gen 9] VGC 2023 Regulation E","log":"|j|\u26065Sscreen\n|j|\u2606fredriickk\n|t:|1700447819\n|gametype|doubles\n|player|p1|5Sscreen|pokekid|1211\n|player|p2|fredriickk|hilda-masters2|1268\n|teamsize|p1|6\n|teamsize|p2|6\n|gen|9\n|tier|[Gen 9] VGC 2023 Regulation E\n|rated|\n|rule|Species Clause: Limit one of each Pok\u00e9mon\n|rule|Item Clause: Limit one of each item\n|clearpoke\n|poke|p1|Annihilape, L50, M|\n|poke|p1|Sinistcha, L50|\n|poke|p1|Grimmsnarl, L50, M|\n|poke|p1|Landorus-Therian, L50, M|\n|poke|p1|Bellibolt, L50, M|\n|poke|p1|Corviknight, L50, M|\n|poke|p2|Urshifu-*, L50, F|\n|poke|p2|Chien-Pao, L50|\n|poke|p2|Regieleki, L50|\n|poke|p2|Arcanine-Hisui, L50, F|\n|poke|p2|Tornadus, L50, M|\n|poke|p2|Indeedee-F, L50, F|\n|teampreview|4\nfredriickk has agreed to open team sheets.\n|\n|t:|1700447866\n|start\n|switch|p1a: Grimmsnarl|Grimmsnarl, L50, M, shiny|100\/100\n|switch|p1b: Bellibolt|Bellibolt, L50, M, shiny|100\/100\n|switch|p2a: Regieleki|Regieleki, L50, shiny|100\/100\n|switch|p2b: Tornadus|Tornadus, L50, M|100\/100\n|turn|1\n|\n|t:|1700447884\n|move|p2b: Tornadus|Taunt|p1b: Bellibolt\n|-start|p1b: Bellibolt|move: Taunt\n|move|p1a: Grimmsnarl|Light Screen|p1a: Grimmsnarl\n|-sidestart|p1: 5Sscreen|move: Light Screen\n|move|p2a: Regieleki|Volt Switch|p1a: Grimmsnarl\n|-damage|p1a: Grimmsnarl|66\/100\n|\n|t:|1700447895\n|switch|p2a: Urshifu|Urshifu-Rapid-Strike, L50, F|100\/100|[from] Volt Switch\n|move|p1b: Bellibolt|Thunderbolt|p2b: Tornadus\n|-supereffective|p2b: Tornadus\n|-damage|p2b: Tornadus|39\/100\n|\n|upkeep\n|turn|2\n|\n|t:|1700447906\n|move|p2b: Tornadus|Leer|p1a: Grimmsnarl|[spread] p1b\n|-hint|Since gen 7, Dark is immune to Prankster moves.\n|-immune|p1a: Grimmsnarl\n|-unboost|p1b: Bellibolt|def|1\n|move|p1a: Grimmsnarl|Parting Shot|p2a: Urshifu\n|-unboost|p2a: Urshifu|atk|1\n|-unboost|p2a: Urshifu|spa|1\n|\n|t:|1700447913\n|switch|p1a: Landorus|Landorus-Therian, L50, M|100\/100|[from] Parting Shot\n|-ability|p1a: Landorus|Intimidate|boost\n|-unboost|p2a: Urshifu|atk|1\n|-unboost|p2b: Tornadus|atk|1\n|move|p2a: Urshifu|Surging Strikes|p1b: Bellibolt\n|-crit|p1b: Bellibolt\n|-damage|p1b: Bellibolt|73\/100\n|-start|p1b: Bellibolt|Charge|Surging Strikes|[from] ability: Electromorphosis\n|-crit|p1b: Bellibolt\n|-damage|p1b: Bellibolt|46\/100\n|-start|p1b: Bellibolt|Charge|Surging Strikes|[from] ability: Electromorphosis\n|-crit|p1b: Bellibolt\n|-damage|p1b: Bellibolt|19\/100\n|-start|p1b: Bellibolt|Charge|Surging Strikes|[from] ability: Electromorphosis\n|-hitcount|p1b: Bellibolt|3\n|move|p1b: Bellibolt|Parabolic Charge|p2b: Tornadus|[spread] p2a,p2b\n|-immune|p1a: Landorus\n|-supereffective|p2a: Urshifu\n|-supereffective|p2b: Tornadus\n|-damage|p2a: Urshifu|0 fnt\n|-heal|p1b: Bellibolt|60\/100|[from] drain|[of] p2a: Urshifu\n|-damage|p2b: Tornadus|0 fnt\n|-heal|p1b: Bellibolt|76\/100|[from] drain|[of] p2b: Tornadus\n|faint|p2a: Urshifu\n|faint|p2b: Tornadus\n|-end|p1b: Bellibolt|Charge|[silent]\n|\n|upkeep\n|c|\u2606fredriickk|I wasn't Tera water and now I'm upset\n|\n|t:|1700447943\n|switch|p2a: Indeedee|Indeedee-F, L50, F|100\/100\n|switch|p2b: Regieleki|Regieleki, L50, shiny|100\/100\n|-fieldstart|move: Psychic Terrain|[from] ability: Psychic Surge|[of] p2a: Indeedee\n|turn|3\n|\n|t:|1700447962\n|-terastallize|p2b: Regieleki|Ice\n|move|p2a: Indeedee|Helping Hand|p2b: Regieleki\n|-singleturn|p2b: Regieleki|Helping Hand|[of] p2a: Indeedee\n|move|p2b: Regieleki|Tera Blast|p1a: Landorus|[anim] Tera Blast Ice\n|-supereffective|p1a: Landorus\n|-damage|p1a: Landorus|0 fnt\n|faint|p1a: Landorus\n|move|p1b: Bellibolt|Acid Spray|p2a: Indeedee\n|-damage|p2a: Indeedee|89\/100\n|-unboost|p2a: Indeedee|spd|2\n|\n|-end|p1b: Bellibolt|move: Taunt\n|upkeep\n|\n|t:|1700447975\n|switch|p1a: Grimmsnarl|Grimmsnarl, L50, M, shiny|66\/100\n|turn|4\n|\n|t:|1700447985\n|move|p2a: Indeedee|Helping Hand|p2b: Regieleki\n|-singleturn|p2b: Regieleki|Helping Hand|[of] p2a: Indeedee\n|move|p1a: Grimmsnarl|Parting Shot|p2b: Regieleki\n|-activate|p2b: Regieleki|move: Psychic Terrain\n|move|p2b: Regieleki|Tera Blast|p1a: Grimmsnarl|[anim] Tera Blast Ice\n|-damage|p1a: Grimmsnarl|23\/100\n|move|p1b: Bellibolt|Parabolic Charge|p2a: Indeedee|[spread] p1a,p2a,p2b\n|-damage|p1a: Grimmsnarl|12\/100\n|-heal|p1b: Bellibolt|82\/100|[from] drain|[of] p1a: Grimmsnarl\n|-damage|p2a: Indeedee|51\/100\n|-heal|p1b: Bellibolt|97\/100|[from] drain|[of] p2a: Indeedee\n|-damage|p2b: Regieleki|69\/100\n|-heal|p1b: Bellibolt|100\/100|[from] drain|[of] p2b: Regieleki\n|\n|upkeep\n|turn|5\n|\n|t:|1700448009\n|move|p2a: Indeedee|Helping Hand|p2b: Regieleki\n|-singleturn|p2b: Regieleki|Helping Hand|[of] p2a: Indeedee\n|move|p2b: Regieleki|Tera Blast|p1a: Grimmsnarl|[anim] Tera Blast Ice\n|-damage|p1a: Grimmsnarl|0 fnt\n|faint|p1a: Grimmsnarl\n|move|p1b: Bellibolt|Parabolic Charge|p2a: Indeedee|[spread] p2a,p2b\n|-damage|p2a: Indeedee|12\/100\n|-damage|p2b: Regieleki|38\/100\n|-enditem|p2a: Indeedee|Sitrus Berry|[eat]\n|-heal|p2a: Indeedee|37\/100|[from] item: Sitrus Berry\n|\n|upkeep\n|\n|t:|1700448019\n|switch|p1a: Annihilape|Annihilape, L50, M|100\/100\n|turn|6\n|\n|t:|1700448038\n|-terastallize|p1a: Annihilape|Fire\n|move|p2b: Regieleki|Tera Blast|p1a: Annihilape|[anim] Tera Blast Ice\n|-resisted|p1a: Annihilape\n|-damage|p1a: Annihilape|87\/100\n|move|p2a: Indeedee|Psychic|p1a: Annihilape\n|-damage|p1a: Annihilape|68\/100\n|move|p1a: Annihilape|Drain Punch|p2b: Regieleki\n|-supereffective|p2b: Regieleki\n|-damage|p2b: Regieleki|0 fnt\n|-heal|p1a: Annihilape|84\/100|[from] drain|[of] p2b: Regieleki\n|faint|p2b: Regieleki\n|move|p1b: Bellibolt|Thunderbolt|p2a: Indeedee\n|-damage|p2a: Indeedee|0 fnt\n|faint|p2a: Indeedee\n|\n|win|5Sscreen\n|raw|5Sscreen's rating: 1211 &rarr; <strong>1240<\/strong><br \/>(+29 for winning)\n|raw|fredriickk's rating: 1268 &rarr; <strong>1239<\/strong><br \/>(-29 for losing)\n|l|\u2606fredriickk\n|c|\u26065Sscreen|gg\n","uploadtime":1700448056,"views":20,"p1id":"5sscreen","p2id":"fredriickk","formatid":"gen9vgc2023regulatione","rating":1239,"private":0,"password":""}