{"id":"gen9vgc2023regulatione-1990781391","p1":"Beastyshadow13","p2":"xRockerDyllanx","format":"[Gen 9] VGC 2023 Regulation E","log":"|j|\u2606Beastyshadow13\n|j|\u2606xRockerDyllanx\n|t:|1700000236\n|gametype|doubles\n|player|p1|Beastyshadow13|veteran|1291\n|player|p2|xRockerDyllanx|ltsurge|1271\n|teamsize|p1|6\n|teamsize|p2|6\n|gen|9\n|tier|[Gen 9] VGC 2023 Regulation E\n|rated|\n|rule|Species Clause: Limit one of each Pok\u00e9mon\n|rule|Item Clause: Limit one of each item\n|clearpoke\n|poke|p1|Fezandipiti, L50, M|\n|poke|p1|Shiftry, L50, M|\n|poke|p1|Gholdengo, L50|\n|poke|p1|Landorus-Therian, L50, M|\n|poke|p1|Iron Bundle, L50|\n|poke|p1|Infernape, L50, F|\n|poke|p2|Chi-Yu, L50|\n|poke|p2|Iron Bundle, L50|\n|poke|p2|Tornadus, L50, M|\n|poke|p2|Landorus-Therian, L50, M|\n|poke|p2|Flutter Mane, L50|\n|poke|p2|Ogerpon-Wellspring, L50, F|\n|teampreview|4\nxRockerDyllanx rejected open team sheets.\n|\n|t:|1700000283\n|start\n|switch|p1a: Fezandipiti|Fezandipiti, L50, M|100\/100\n|switch|p1b: Shiftry|Shiftry, L50, M|100\/100\n|switch|p2a: Chi-Yu|Chi-Yu, L50|100\/100\n|switch|p2b: Iron Bundle|Iron Bundle, L50|100\/100\n|-ability|p2a: Chi-Yu|Beads of Ruin\n|-enditem|p2b: Iron Bundle|Booster Energy\n|-activate|p2b: Iron Bundle|ability: Quark Drive|[fromitem]\n|-start|p2b: Iron Bundle|quarkdrivespe\n|turn|1\n|\n|t:|1700000296\n|move|p1b: Shiftry|Fake Out|p2b: Iron Bundle\n|-damage|p2b: Iron Bundle|85\/100\n|cant|p2b: Iron Bundle|flinch\n|move|p2a: Chi-Yu|Heat Wave|p1a: Fezandipiti|[spread] p1a\n|-ability|p1b: Shiftry|Wind Rider|boost\n|-boost|p1b: Shiftry|atk|1\n|-damage|p1a: Fezandipiti|40\/100\n|-damage|p2a: Chi-Yu|90\/100|[from] item: Life Orb\n|move|p1a: Fezandipiti|Tailwind|p1a: Fezandipiti\n|-sidestart|p1: Beastyshadow13|move: Tailwind\n|-ability|p1b: Shiftry|Wind Rider|boost\n|-boost|p1b: Shiftry|atk|1\n|\n|upkeep\n|turn|2\n|\n|t:|1700000318\n|move|p1a: Fezandipiti|Icy Wind|p2a: Chi-Yu|[spread] p2a,p2b\n|-resisted|p2a: Chi-Yu\n|-resisted|p2b: Iron Bundle\n|-damage|p2a: Chi-Yu|85\/100\n|-damage|p2b: Iron Bundle|79\/100\n|-unboost|p2a: Chi-Yu|spe|1\n|-unboost|p2b: Iron Bundle|spe|1\n|move|p1b: Shiftry|Rock Slide|p2b: Iron Bundle|[spread] p2a,p2b\n|-supereffective|p2a: Chi-Yu\n|-supereffective|p2b: Iron Bundle\n|-damage|p2a: Chi-Yu|0 fnt\n|-damage|p2b: Iron Bundle|3\/100\n|faint|p2a: Chi-Yu\n|cant|p2b: Iron Bundle|flinch\n|\n|upkeep\n|\n|t:|1700000322\n|switch|p2a: Landorus|Landorus-Therian, L50, M|100\/100\n|-ability|p2a: Landorus|Intimidate|boost\n|-unboost|p1a: Fezandipiti|atk|1\n|-unboost|p1b: Shiftry|atk|1\n|turn|3\n|\n|t:|1700000330\n|move|p2b: Iron Bundle|Protect|p2b: Iron Bundle\n|-singleturn|p2b: Iron Bundle|Protect\n|move|p1a: Fezandipiti|Icy Wind|p2b: Iron Bundle|[spread] p2a\n|-activate|p2b: Iron Bundle|move: Protect\n|-supereffective|p2a: Landorus\n|-damage|p2a: Landorus|50\/100\n|-unboost|p2a: Landorus|spe|1\n|-status|p2a: Landorus|tox|[from] ability: Toxic Chain|[of] p1a: Fezandipiti\n|move|p1b: Shiftry|Rock Slide|p2a: Landorus|[spread] \n|-activate|p2b: Iron Bundle|move: Protect\n|-miss|p1b: Shiftry|p2a: Landorus\n|move|p2a: Landorus|U-turn|p1b: Shiftry\n|-supereffective|p1b: Shiftry\n|-enditem|p1b: Shiftry|Focus Sash\n|-damage|p1b: Shiftry|1\/100\n|\n|t:|1700000334\n|switch|p2a: Flutter Mane|Flutter Mane, L50|100\/100|[from] U-turn\n|\n|upkeep\n|turn|4\n|\n|t:|1700000351\n|move|p1a: Fezandipiti|Dazzling Gleam|p2b: Iron Bundle|[spread] p2a,p2b\n|-damage|p2a: Flutter Mane|80\/100\n|-damage|p2b: Iron Bundle|0 fnt\n|faint|p2b: Iron Bundle\n|-end|p2b: Iron Bundle|Quark Drive|[silent]\n|move|p1b: Shiftry|Knock Off|p2a: Flutter Mane\n|-damage|p2a: Flutter Mane|0 fnt\n|-enditem|p2a: Flutter Mane|Focus Sash|[from] move: Knock Off|[of] p1b: Shiftry\n|faint|p2a: Flutter Mane\n|-end|p2a: Flutter Mane|Protosynthesis|[silent]\n|\n|-sideend|p1: Beastyshadow13|move: Tailwind\n|upkeep\n|\n|t:|1700000354\n|switch|p2b: Landorus|Landorus-Therian, L50, M|50\/100 tox\n|-ability|p2b: Landorus|Intimidate|boost\n|-unboost|p1a: Fezandipiti|atk|1\n|-unboost|p1b: Shiftry|atk|1\n|turn|5\n|-message|xRockerDyllanx forfeited.\n|\n|win|Beastyshadow13\n|raw|Beastyshadow13's rating: 1291 &rarr; <strong>1315<\/strong><br \/>(+24 for winning)\n|raw|xRockerDyllanx's rating: 1271 &rarr; <strong>1247<\/strong><br \/>(-24 for losing)\n|l|\u2606xRockerDyllanx\n","uploadtime":1700000369,"views":15,"p1id":"beastyshadow13","p2id":"xrockerdyllanx","formatid":"gen9vgc2023regulatione","rating":1247,"private":0,"password":""}