{"id":"gen9vgc2023regulatione-1990357208","p1":"y8dsusf8oeir","p2":"TobiVGC","format":"[Gen 9] VGC 2023 Regulation E","log":"|j|\u2606y8dsusf8oeir\n|j|\u2606TobiVGC\n|t:|1699961605\n|gametype|doubles\n|player|p1|y8dsusf8oeir|266|1124\n|player|p2|TobiVGC|101|1054\n|teamsize|p1|4\n|teamsize|p2|6\n|gen|9\n|tier|[Gen 9] VGC 2023 Regulation E\n|rated|\n|rule|Species Clause: Limit one of each Pok\u00e9mon\n|rule|Item Clause: Limit one of each item\n|clearpoke\n|poke|p1|Medicham, L50, F|\n|poke|p1|Amoonguss, L50, F|\n|poke|p1|Lurantis, L50, F|\n|poke|p1|Clawitzer, L50, M|\n|poke|p2|Rabsca, L50, F|\n|poke|p2|Golem-Alola, L50, F|\n|poke|p2|Pawmot, L50, F|\n|poke|p2|Dragonite, L50, F|\n|poke|p2|Chien-Pao, L50|\n|poke|p2|Flutter Mane, L50|\n|teampreview|4\n|\n|t:|1699961620\n|start\n|switch|p1a: Lurantis|Lurantis, L50, F|100\/100\n|switch|p1b: Amoonguss|Amoonguss, L50, F|100\/100\n|switch|p2a: Pawmot|Pawmot, L50, F|100\/100\n|switch|p2b: WayTo144Jumgfrauen|Golem-Alola, L50, F, shiny|100\/100\n|turn|1\n|\n|t:|1699961639\n|-terastallize|p1a: Lurantis|Fighting\n|-terastallize|p2b: WayTo144Jumgfrauen|Electric\n|move|p2a: Pawmot|Helping Hand|p2b: WayTo144Jumgfrauen\n|-singleturn|p2b: WayTo144Jumgfrauen|Helping Hand|[of] p2a: Pawmot\n|move|p1b: Amoonguss|Rage Powder|p1b: Amoonguss\n|-singleturn|p1b: Amoonguss|move: Rage Powder\n|move|p1a: Lurantis|Superpower|p2b: WayTo144Jumgfrauen\n|-damage|p2b: WayTo144Jumgfrauen|62\/100\n|-boost|p1a: Lurantis|atk|1\n|-boost|p1a: Lurantis|def|1\n|move|p2b: WayTo144Jumgfrauen|Explosion|p1a: Lurantis|[spread] p1a,p1b\n|-immune|p2a: Pawmot|[from] ability: Volt Absorb\n|-resisted|p1b: Amoonguss\n|-damage|p1a: Lurantis|0 fnt\n|-damage|p1b: Amoonguss|0 fnt\n|faint|p2b: WayTo144Jumgfrauen\n|faint|p1a: Lurantis\n|faint|p1b: Amoonguss\n|\n|upkeep\n|\n|t:|1699961660\n|switch|p1a: Medicham|Medicham, L50, F, shiny|100\/100\n|switch|p2b: Chien-Pao|Chien-Pao, L50|100\/100\n|switch|p1b: Clawitzer|Clawitzer, L50, M|100\/100\n|-ability|p2b: Chien-Pao|Sword of Ruin\n|turn|2\n|\n|t:|1699961675\n|move|p1a: Medicham|Fake Out|p2b: Chien-Pao\n|-damage|p2b: Chien-Pao|77\/100\n|cant|p2b: Chien-Pao|flinch\n|move|p2a: Pawmot|Revival Blessing|p2a: Pawmot\n|\n|t:|1699961681\n|-heal|p2: WayTo144Jumgfrauen|50\/100|[from] move: Revival Blessing\n|move|p1b: Clawitzer|Dragon Pulse|p2a: Pawmot\n|-damage|p2a: Pawmot|28\/100\n|\n|upkeep\n|turn|3\n|\n|t:|1699961694\n|switch|p2a: Rabsca|Rabsca, L50, F|100\/100\n|move|p1b: Clawitzer|Protect|p1b: Clawitzer\n|-singleturn|p1b: Clawitzer|Protect\n|move|p2b: Chien-Pao|Sucker Punch|p1a: Medicham\n|-damage|p1a: Medicham|5\/100\n|-damage|p2b: Chien-Pao|67\/100|[from] item: Life Orb\n|move|p1a: Medicham|Rock Slide|p2b: Chien-Pao|[spread] p2a\n|-miss|p1a: Medicham|p2b: Chien-Pao\n|-supereffective|p2a: Rabsca\n|-damage|p2a: Rabsca|47\/100\n|-enditem|p2a: Rabsca|Sitrus Berry|[eat]\n|-heal|p2a: Rabsca|71\/100|[from] item: Sitrus Berry\n|\n|upkeep\n|turn|4\n|\n|t:|1699961727\n|move|p2b: Chien-Pao|Sucker Punch|p1b: Clawitzer\n|-damage|p1b: Clawitzer|23\/100\n|-enditem|p1b: Clawitzer|Iapapa Berry|[eat]\n|-heal|p1b: Clawitzer|56\/100|[from] item: Iapapa Berry\n|-damage|p2b: Chien-Pao|57\/100|[from] item: Life Orb\n|move|p1a: Medicham|Rock Slide|p2b: Chien-Pao|[spread] p2a,p2b\n|-supereffective|p2a: Rabsca\n|-supereffective|p2b: Chien-Pao\n|-damage|p2a: Rabsca|15\/100\n|-damage|p2b: Chien-Pao|0 fnt\n|faint|p2b: Chien-Pao\n|move|p1b: Clawitzer|Dragon Pulse|p2a: Rabsca\n|-damage|p2a: Rabsca|0 fnt\n|faint|p2a: Rabsca\n|\n|upkeep\n|\n|t:|1699961739\n|switch|p2b: Pawmot|Pawmot, L50, F|28\/100\n|switch|p2a: WayTo144Jumgfrauen|Golem-Alola, L50, F, shiny|50\/100\n|turn|5\n|\n|t:|1699961767\n|move|p2b: Pawmot|Fake Out|p1a: Medicham\n|-damage|p1a: Medicham|0 fnt\n|faint|p1a: Medicham\n|move|p1b: Clawitzer|Heal Pulse|p1: Medicham|[notarget]\n|-fail|p1b: Clawitzer\n|move|p2a: WayTo144Jumgfrauen|Rock Slide|p1b: Clawitzer\n|-damage|p1b: Clawitzer|4\/100\n|\n|upkeep\n|turn|6\n|\n|t:|1699961790\n|move|p2b: Pawmot|Ice Punch|p1b: Clawitzer\n|-resisted|p1b: Clawitzer\n|-damage|p1b: Clawitzer|0 fnt\n|faint|p1b: Clawitzer\n|\n|win|TobiVGC\n|raw|y8dsusf8oeir's rating: 1124 &rarr; <strong>1094<\/strong><br \/>(-30 for losing)\n|raw|TobiVGC's rating: 1054 &rarr; <strong>1092<\/strong><br \/>(+38 for winning)\n|l|\u2606y8dsusf8oeir\n","uploadtime":1699961797,"views":13,"p1id":"y8dsusf8oeir","p2id":"tobivgc","formatid":"gen9vgc2023regulatione","rating":1092,"private":0,"password":""}