{"id":"gen9vgc2023regulatione-1999302279","p1":"joshferd","p2":"WobbahYT","format":"[Gen 9] VGC 2023 Regulation E","log":"|j|\u2606joshferd\n|j|\u2606WobbahYT\n|t:|1701057281\n|gametype|doubles\n|player|p1|joshferd|102|1169\n|player|p2|WobbahYT|emmet|1130\n|teamsize|p1|6\n|teamsize|p2|6\n|gen|9\n|tier|[Gen 9] VGC 2023 Regulation E\n|rated|\n|rule|Species Clause: Limit one of each Pok\u00e9mon\n|rule|Item Clause: Limit one of each item\n|clearpoke\n|poke|p1|Tornadus, L50, M|\n|poke|p1|Urshifu-*, L50, F|\n|poke|p1|Maushold, L50|\n|poke|p1|Oricorio-Sensu, L50, M|\n|poke|p1|Volcarona, L50, M|\n|poke|p1|Weavile, L50, F|\n|poke|p2|Chi-Yu, L50|\n|poke|p2|Flutter Mane, L50|\n|poke|p2|Farigiraf, L50, M|\n|poke|p2|Gyarados, L50, M|\n|poke|p2|Tornadus, L50, M|\n|poke|p2|Iron Hands, L50|\n|teampreview|4\n|inactive|Battle timer is ON: inactive players will automatically lose when time's up. (requested by WobbahYT)\n|\n|t:|1701057334\n|start\n|switch|p1a: Weavile|Weavile, L50, F|100\/100\n|switch|p1b: Tornadus|Tornadus, L50, M|100\/100\n|switch|p2a: Farigiraf|Farigiraf, L50, M|100\/100\n|switch|p2b: Gyarados|Gyarados, L50, M, shiny|100\/100\n|-ability|p2b: Gyarados|Intimidate|boost\n|-unboost|p1a: Weavile|atk|1\n|-unboost|p1b: Tornadus|atk|1\n|turn|1\n|\n|t:|1701057355\n|move|p1b: Tornadus|Tailwind|p1b: Tornadus\n|-sidestart|p1: joshferd|move: Tailwind\n|move|p1a: Weavile|Knock Off|p2a: Farigiraf\n|-supereffective|p2a: Farigiraf\n|-damage|p2a: Farigiraf|26\/100\n|-enditem|p2a: Farigiraf|Sitrus Berry|[from] move: Knock Off|[of] p1a: Weavile\n|move|p2b: Gyarados|Waterfall|p1a: Weavile\n|-damage|p1a: Weavile|24\/100\n|move|p2a: Farigiraf|Trick Room|p2a: Farigiraf\n|-fieldstart|move: Trick Room|[of] p2a: Farigiraf\n|\n|upkeep\n|turn|2\n|\n|t:|1701057380\n|move|p2a: Farigiraf|Hyper Voice|p1b: Tornadus|[spread] p1a,p1b\n|-damage|p1a: Weavile|0 fnt\n|-damage|p1b: Tornadus|72\/100\n|faint|p1a: Weavile\n|move|p2b: Gyarados|Waterfall|p1b: Tornadus\n|-damage|p1b: Tornadus|28\/100\n|move|p1b: Tornadus|Bleakwind Storm|p2a: Farigiraf|[spread] p2a,p2b\n|-damage|p2a: Farigiraf|0 fnt\n|-damage|p2b: Gyarados|70\/100\n|faint|p2a: Farigiraf\n|\n|upkeep\n|\n|t:|1701057397\n|switch|p2a: Chi-Yu|Chi-Yu, L50|100\/100\n|switch|p1a: Volcarona|Volcarona, L50, M|100\/100\n|-ability|p2a: Chi-Yu|Beads of Ruin\n|turn|3\n|\n|t:|1701057407\n|-terastallize|p1a: Volcarona|Water\n|move|p2b: Gyarados|Waterfall|p1a: Volcarona\n|-resisted|p1a: Volcarona\n|-damage|p1a: Volcarona|78\/100\n|-damage|p2b: Gyarados|54\/100|[from] item: Rocky Helmet|[of] p1a: Volcarona\n|-status|p2b: Gyarados|brn|[from] ability: Flame Body|[of] p1a: Volcarona\n|move|p2a: Chi-Yu|Heat Wave|p1a: Volcarona|[spread] p1b\n|-miss|p2a: Chi-Yu|p1a: Volcarona\n|-damage|p1b: Tornadus|0 fnt\n|faint|p1b: Tornadus\n|move|p1a: Volcarona|Tera Blast|p2a: Chi-Yu|[anim] Tera Blast Water\n|-supereffective|p2a: Chi-Yu\n|-damage|p2a: Chi-Yu|9\/100\n|\n|-damage|p2b: Gyarados|48\/100 brn|[from] brn\n|upkeep\n|\n|t:|1701057422\n|switch|p1b: Oricorio|Oricorio-Sensu, L50, M|100\/100\n|turn|4\n|\n|t:|1701057432\n|-terastallize|p2b: Gyarados|Grass\n|move|p1b: Oricorio|Protect|p1b: Oricorio\n|-singleturn|p1b: Oricorio|Protect\n|move|p2b: Gyarados|Tera Blast|p1a: Volcarona|[anim] Tera Blast Grass\n|-supereffective|p1a: Volcarona\n|-damage|p1a: Volcarona|32\/100\n|move|p2a: Chi-Yu|Heat Wave|p1a: Volcarona|[spread] p1a\n|-activate|p1b: Oricorio|move: Protect\n|-resisted|p1a: Volcarona\n|-damage|p1a: Volcarona|8\/100\n|move|p1a: Volcarona|Fiery Dance|p2a: Chi-Yu\n|-resisted|p2a: Chi-Yu\n|-damage|p2a: Chi-Yu|0 fnt\n|faint|p2a: Chi-Yu\n|-activate|p1b: Oricorio|ability: Dancer\n|move|p1b: Oricorio|Fiery Dance|p2b: Gyarados|[from]ability: Dancer\n|-supereffective|p2b: Gyarados\n|-damage|p2b: Gyarados|6\/100 brn\n|\n|-damage|p2b: Gyarados|0 fnt|[from] brn\n|faint|p2b: Gyarados\n|-sideend|p1: joshferd|move: Tailwind\n|upkeep\n|\n|t:|1701057449\n|switch|p2a: Flutter Mane|Flutter Mane, L50|100\/100\n|-enditem|p2a: Flutter Mane|Booster Energy\n|-activate|p2a: Flutter Mane|ability: Protosynthesis|[fromitem]\n|-start|p2a: Flutter Mane|protosynthesisspe\n|turn|5\n|\n|t:|1701057460\n|move|p1a: Volcarona|Fiery Dance|p2a: Flutter Mane\n|-damage|p2a: Flutter Mane|56\/100\n|-activate|p1b: Oricorio|ability: Dancer\n|move|p1b: Oricorio|Fiery Dance|p2a: Flutter Mane|[from]ability: Dancer\n|-damage|p2a: Flutter Mane|29\/100\n|-boost|p1b: Oricorio|spa|1\n|move|p1b: Oricorio|Revelation Dance|p2a: Flutter Mane\n|-supereffective|p2a: Flutter Mane\n|-damage|p2a: Flutter Mane|0 fnt\n|faint|p2a: Flutter Mane\n|-end|p2a: Flutter Mane|Protosynthesis|[silent]\n|\n|win|joshferd\n|raw|joshferd's rating: 1169 &rarr; <strong>1191<\/strong><br \/>(+22 for winning)\n|raw|WobbahYT's rating: 1130 &rarr; <strong>1108<\/strong><br \/>(-22 for losing)\n","uploadtime":1701057476,"views":26,"p1id":"joshferd","p2id":"wobbahyt","formatid":"gen9vgc2023regulatione","rating":1108,"private":0,"password":""}