{"id":"gen9vgc2023regulatione-1992289812","p1":"REDIVGC","p2":"thefriending","format":"[Gen 9] VGC 2023 Regulation E","log":"|j|\u2606REDIVGC\n|j|\u2606thefriending\n|n|\u2606REDIVGC|redivgc\n|n|\u2606thefriending|thefriending\n|html|View the match progress at <a href=\"\/game-bestof3-gen9vgc2023regulatione-1992282464\">game-bestof3-gen9vgc2023regulatione-1992282464<\/a>\n|t:|1700171360\n|gametype|doubles\n|player|p1|REDIVGC|170|\n|player|p2|thefriending|265|\n|teamsize|p1|6\n|teamsize|p2|6\n|gen|9\n|tier|[Gen 9] VGC 2023 Regulation E\n|rule|Species Clause: Limit one of each Pok\u00e9mon\n|rule|Item Clause: Limit one of each item\n|clearpoke\n|poke|p1|Chi-Yu, L50|\n|poke|p1|Landorus-Therian, L50, M|\n|poke|p1|Amoonguss, L50, F|\n|poke|p1|Illumise, L50, F|\n|poke|p1|Empoleon, L50, M|\n|poke|p1|Indeedee, L50, M|\n|poke|p2|Iron Bundle, L50|\n|poke|p2|Iron Hands, L50|\n|poke|p2|Kommo-o, L50, M|\n|poke|p2|Clefairy, L50, F|\n|poke|p2|Ceruledge, L50, M|\n|poke|p2|Sableye, L50, F|\n|teampreview|4\nthefriending rejected open team sheets.\n|c|\u2606thefriending|Glhf\n|c|\u2606REDIVGC|glhf\n|\n|t:|1700171423\n|start\n|switch|p1a: Amoonguss|Amoonguss, L50, F|100\/100\n|switch|p1b: Landorus|Landorus-Therian, L50, M|100\/100\n|switch|p2a: Clefairy|Clefairy, L50, F|100\/100\n|switch|p2b: Kommo-o|Kommo-o, L50, M|100\/100\n|-ability|p1b: Landorus|Intimidate|boost\n|-unboost|p2a: Clefairy|atk|1\n|-unboost|p2b: Kommo-o|atk|1\n|turn|1\n|\n|t:|1700171454\n|move|p2a: Clefairy|Follow Me|p2a: Clefairy\n|-singleturn|p2a: Clefairy|move: Follow Me\n|move|p2b: Kommo-o|Clangorous Soul|p2b: Kommo-o\n|-boost|p2b: Kommo-o|atk|1\n|-boost|p2b: Kommo-o|def|1\n|-boost|p2b: Kommo-o|spa|1\n|-boost|p2b: Kommo-o|spd|1\n|-boost|p2b: Kommo-o|spe|1\n|-damage|p2b: Kommo-o|68\/100\n|-enditem|p2b: Kommo-o|Throat Spray\n|-boost|p2b: Kommo-o|spa|1|[from] item: Throat Spray\n|move|p1b: Landorus|U-turn|p2a: Clefairy\n|-resisted|p2a: Clefairy\n|-crit|p2a: Clefairy\n|-damage|p2a: Clefairy|80\/100\n|\n|t:|1700171468\n|switch|p1b: Chi-Yu|Chi-Yu, L50|100\/100|[from] U-turn\n|-ability|p1b: Chi-Yu|Beads of Ruin\n|move|p1a: Amoonguss|Spore|p2a: Clefairy\n|-status|p2a: Clefairy|slp|[from] move: Spore\n|\n|upkeep\n|turn|2\n|\n|t:|1700171493\n|switch|p2a: Ceruledge|Ceruledge, L50, M|100\/100\n|-terastallize|p1b: Chi-Yu|Fairy\n|move|p2b: Kommo-o|Protect|p2b: Kommo-o\n|-singleturn|p2b: Kommo-o|Protect\n|move|p1a: Amoonguss|Protect|p1a: Amoonguss\n|-singleturn|p1a: Amoonguss|Protect\n|move|p1b: Chi-Yu|Tera Blast|p2b: Kommo-o|[anim] Tera Blast Fairy\n|-activate|p2b: Kommo-o|move: Protect\n|\n|upkeep\n|turn|3\n|\n|t:|1700171526\n|switch|p1b: Indeedee|Indeedee, L50, M|100\/100\n|-fieldstart|move: Psychic Terrain|[from] ability: Psychic Surge|[of] p1b: Indeedee\n|-enditem|p1b: Indeedee|Psychic Seed\n|-boost|p1b: Indeedee|spd|1|[from] item: Psychic Seed\n|move|p1a: Amoonguss|Protect||[still]\n|-fail|p1a: Amoonguss\n|move|p2b: Kommo-o|Iron Head|p1b: Indeedee\n|-damage|p1b: Indeedee|65\/100\n|move|p2a: Ceruledge|Bitter Blade|p1a: Amoonguss\n|-supereffective|p1a: Amoonguss\n|-damage|p1a: Amoonguss|20\/100\n|-enditem|p1a: Amoonguss|Sitrus Berry|[eat]\n|-heal|p1a: Amoonguss|45\/100|[from] item: Sitrus Berry\n|\n|upkeep\n|turn|4\n|\n|t:|1700171580\n|move|p2b: Kommo-o|Protect|p2b: Kommo-o\n|-singleturn|p2b: Kommo-o|Protect\n|move|p1a: Amoonguss|Rage Powder|p1a: Amoonguss\n|-singleturn|p1a: Amoonguss|move: Rage Powder\n|move|p1b: Indeedee|Psychic|p2b: Kommo-o\n|-activate|p2b: Kommo-o|move: Protect\n|move|p2a: Ceruledge|Bitter Blade|p1a: Amoonguss\n|-supereffective|p1a: Amoonguss\n|-damage|p1a: Amoonguss|0 fnt\n|faint|p1a: Amoonguss\n|\n|upkeep\n|\n|t:|1700171591\n|switch|p1a: Landorus|Landorus-Therian, L50, M|100\/100\n|-ability|p1a: Landorus|Intimidate|boost\n|-unboost|p2a: Ceruledge|atk|1\n|-unboost|p2b: Kommo-o|atk|1\n|turn|5\n|\n|t:|1700171615\n|switch|p2a: Clefairy|Clefairy, L50, F|80\/100 slp\n|move|p2b: Kommo-o|Clanging Scales|p1b: Indeedee|[spread] p1a,p1b\n|-damage|p1a: Landorus|44\/100\n|-damage|p1b: Indeedee|0 fnt\n|faint|p1b: Indeedee\n|-unboost|p2b: Kommo-o|def|1\n|move|p1a: Landorus|Rock Slide|p2a: Clefairy|[spread] p2a,p2b\n|-resisted|p2b: Kommo-o\n|-damage|p2a: Clefairy|57\/100 slp\n|-damage|p2b: Kommo-o|61\/100\n|\n|upkeep\n|\n|t:|1700171622\n|switch|p1b: Chi-Yu|Chi-Yu, L50, tera:Fairy|100\/100\n|-ability|p1b: Chi-Yu|Beads of Ruin\n|turn|6\n|\n|t:|1700171639\n|move|p2b: Kommo-o|Protect|p2b: Kommo-o\n|-singleturn|p2b: Kommo-o|Protect\n|move|p1b: Chi-Yu|Tera Blast|p2b: Kommo-o|[anim] Tera Blast Fairy\n|-activate|p2b: Kommo-o|move: Protect\n|move|p1a: Landorus|Stomping Tantrum|p2a: Clefairy\n|-damage|p2a: Clefairy|11\/100 slp\n|cant|p2a: Clefairy|slp\n|\n|upkeep\n|turn|7\n|\n|t:|1700171676\n|move|p2b: Kommo-o|Clanging Scales|p1a: Landorus|[spread] p1a\n|-immune|p1b: Chi-Yu\n|-damage|p1a: Landorus|0 fnt\n|faint|p1a: Landorus\n|-unboost|p2b: Kommo-o|def|1\n|move|p1b: Chi-Yu|Tera Blast|p2b: Kommo-o|[anim] Tera Blast Fairy\n|-supereffective|p2b: Kommo-o\n|-damage|p2b: Kommo-o|0 fnt\n|faint|p2b: Kommo-o\n|cant|p2a: Clefairy|slp\n|\n|-fieldend|move: Psychic Terrain\n|upkeep\n|c|\u2606REDIVGC|ggs\n|\n|t:|1700171694\n|switch|p2b: Ceruledge|Ceruledge, L50, M|100\/100\n|turn|8\n|\n|t:|1700171704\n|-curestatus|p2a: Clefairy|slp|[msg]\n|move|p2a: Clefairy|Protect|p2a: Clefairy\n|-singleturn|p2a: Clefairy|Protect\n|move|p1b: Chi-Yu|Tera Blast|p2a: Clefairy|[anim] Tera Blast Fairy\n|-activate|p2a: Clefairy|move: Protect\n|move|p2b: Ceruledge|Bitter Blade|p1b: Chi-Yu\n|-damage|p1b: Chi-Yu|33\/100\n|\n|upkeep\n|turn|9\n|\n|t:|1700171719\n|move|p2a: Clefairy|Follow Me|p2a: Clefairy\n|-singleturn|p2a: Clefairy|move: Follow Me\n|move|p1b: Chi-Yu|Tera Blast|p2a: Clefairy|[anim] Tera Blast Fairy\n|-damage|p2a: Clefairy|0 fnt\n|faint|p2a: Clefairy\n|move|p2b: Ceruledge|Bitter Blade|p1b: Chi-Yu\n|-damage|p1b: Chi-Yu|0 fnt\n|faint|p1b: Chi-Yu\n|\n|win|thefriending\n|c|\u2606REDIVGC|ggs\n|c|\u2606thefriending|Ggs\n","uploadtime":1700171853,"views":25,"p1id":"redivgc","p2id":"thefriending","formatid":"gen9vgc2023regulatione","rating":0,"private":0,"password":""}