{"id":"gen9vgc2023regulatione-1993882331","p1":"kunkl3","p2":"KimiTheWeeb","format":"[Gen 9] VGC 2023 Regulation E","log":"|j|\u2606kunkl3\n|j|\u2606KimiTheWeeb\n|t:|1700369575\n|gametype|doubles\n|player|p1|kunkl3|n|1380\n|player|p2|KimiTheWeeb|maid|1393\n|teamsize|p1|6\n|teamsize|p2|6\n|gen|9\n|tier|[Gen 9] VGC 2023 Regulation E\n|rated|\n|rule|Species Clause: Limit one of each Pok\u00e9mon\n|rule|Item Clause: Limit one of each item\n|clearpoke\n|poke|p1|Annihilape, L50, M|\n|poke|p1|Ogerpon-Wellspring, L50, F|\n|poke|p1|Cresselia, L50, F|\n|poke|p1|Landorus-Therian, L50, M|\n|poke|p1|Chien-Pao, L50|\n|poke|p1|Heatran, L50, M|\n|poke|p2|Landorus-Therian, L50, M|\n|poke|p2|Ogerpon, L50, F|\n|poke|p2|Iron Hands, L50|\n|poke|p2|Fezandipiti, L50, M|\n|poke|p2|Clefairy, L50, F|\n|poke|p2|Heatran, L50, F|\n|teampreview|4\n|inactive|Battle timer is ON: inactive players will automatically lose when time's up. (requested by kunkl3)\n|\n|t:|1700369597\n|start\n|switch|p1a: Landorus|Landorus-Therian, L50, M|100\/100\n|switch|p1b: Annihilape|Annihilape, L50, M|100\/100\n|switch|p2a: Fezandipiti|Fezandipiti, L50, M|100\/100\n|switch|p2b: Ogerpon|Ogerpon, L50, F|100\/100\n|-ability|p1a: Landorus|Intimidate|boost\n|-unboost|p2a: Fezandipiti|atk|1\n|-unboost|p2b: Ogerpon|atk|1\n|-ability|p2b: Ogerpon|Defiant|boost\n|-boost|p2b: Ogerpon|atk|2\n|turn|1\n|\n|t:|1700369620\n|-terastallize|p1a: Landorus|Flying\n|move|p2b: Ogerpon|Spiky Shield|p2b: Ogerpon\n|-singleturn|p2b: Ogerpon|move: Protect\n|move|p1a: Landorus|Tera Blast|p2b: Ogerpon|[anim] Tera Blast Flying\n|-activate|p2b: Ogerpon|move: Protect\n|move|p1b: Annihilape|Bulk Up|p1b: Annihilape\n|-boost|p1b: Annihilape|atk|1\n|-boost|p1b: Annihilape|def|1\n|move|p2a: Fezandipiti|Tailwind|p2a: Fezandipiti\n|-sidestart|p2: KimiTheWeeb|move: Tailwind\n|\n|upkeep\n|turn|2\n|inactive|KimiTheWeeb has 30 seconds left.\n|\n|t:|1700369654\n|move|p2b: Ogerpon|Ivy Cudgel|p1b: Annihilape\n|-crit|p1b: Annihilape\n|-damage|p1b: Annihilape|0 fnt\n|faint|p1b: Annihilape\n|move|p2a: Fezandipiti|Dazzling Gleam|p1a: Landorus\n|-damage|p1a: Landorus|64\/100\n|-status|p1a: Landorus|tox|[from] ability: Toxic Chain|[of] p2a: Fezandipiti\n|move|p1a: Landorus|Tera Blast|p2b: Ogerpon|[anim] Tera Blast Flying\n|-supereffective|p2b: Ogerpon\n|-damage|p2b: Ogerpon|0 fnt\n|faint|p2b: Ogerpon\n|\n|-damage|p1a: Landorus|58\/100 tox|[from] psn\n|upkeep\n|inactive|kunkl3 has 30 seconds left.\n|inactive|kunkl3 has 20 seconds left.\n|inactive|kunkl3 has 15 seconds left.\n|inactive|kunkl3 has 10 seconds left.\n|inactive|kunkl3 has 5 seconds left.\n|\n|t:|1700369710\n|switch|p2b: Iron Hands|Iron Hands, L50|100\/100\n|switch|p1b: Chien-Pao|Chien-Pao, L50|100\/100\n|-ability|p1b: Chien-Pao|Sword of Ruin\n|turn|3\n|\n|t:|1700369727\n|-terastallize|p2b: Iron Hands|Fairy\n|move|p1b: Chien-Pao|Protect|p1b: Chien-Pao\n|-singleturn|p1b: Chien-Pao|Protect\n|move|p2a: Fezandipiti|Icy Wind|p1b: Chien-Pao|[spread] p1a\n|-activate|p1b: Chien-Pao|move: Protect\n|-supereffective|p1a: Landorus\n|-damage|p1a: Landorus|34\/100 tox\n|-unboost|p1a: Landorus|spe|1\n|move|p1a: Landorus|Tera Blast|p2a: Fezandipiti|[anim] Tera Blast Flying\n|-damage|p2a: Fezandipiti|26\/100\n|move|p2b: Iron Hands|Wild Charge|p1a: Landorus\n|-supereffective|p1a: Landorus\n|-damage|p1a: Landorus|0 fnt\n|faint|p1a: Landorus\n|-damage|p2b: Iron Hands|95\/100|[from] Recoil\n|\n|upkeep\n|\n|t:|1700369745\n|switch|p1a: Ogerpon|Ogerpon-Wellspring, L50, F|100\/100\n|turn|4\n|\n|t:|1700369760\n|move|p1a: Ogerpon|Spiky Shield|p1a: Ogerpon\n|-singleturn|p1a: Ogerpon|move: Protect\n|move|p2a: Fezandipiti|Dazzling Gleam|p1b: Chien-Pao|[spread] p1b\n|-activate|p1a: Ogerpon|move: Protect\n|-supereffective|p1b: Chien-Pao\n|-damage|p1b: Chien-Pao|38\/100\n|move|p1b: Chien-Pao|Ice Spinner|p2a: Fezandipiti\n|-damage|p2a: Fezandipiti|0 fnt\n|faint|p2a: Fezandipiti\n|move|p2b: Iron Hands|Drain Punch|p1b: Chien-Pao\n|-supereffective|p1b: Chien-Pao\n|-damage|p1b: Chien-Pao|0 fnt\n|-heal|p2b: Iron Hands|100\/100|[from] drain|[of] p1b: Chien-Pao\n|faint|p1b: Chien-Pao\n|\n|-sideend|p2: KimiTheWeeb|move: Tailwind\n|upkeep\n|\n|t:|1700369778\n|switch|p2a: Clefairy|Clefairy, L50, F|100\/100\n|turn|5\n|inactive|kunkl3 has 30 seconds left.\n|inactive|kunkl3 has 20 seconds left.\n|inactive|kunkl3 has 15 seconds left.\n|inactive|kunkl3 has 10 seconds left.\n|inactive|kunkl3 has 5 seconds left.\n|\n|t:|1700369833\n|move|p1a: Ogerpon|Follow Me|p1a: Ogerpon\n|-singleturn|p1a: Ogerpon|move: Follow Me\n|move|p2b: Iron Hands|Wild Charge|p1a: Ogerpon\n|-damage|p1a: Ogerpon|44\/100\n|-damage|p2b: Iron Hands|90\/100|[from] Recoil\n|move|p2a: Clefairy|Thunder Wave|p1a: Ogerpon\n|-status|p1a: Ogerpon|par\n|\n|upkeep\n|turn|6\n|-message|kunkl3 forfeited.\n|\n|win|KimiTheWeeb\n|raw|kunkl3's rating: 1380 &rarr; <strong>1361<\/strong><br \/>(-19 for losing)\n|raw|KimiTheWeeb's rating: 1393 &rarr; <strong>1412<\/strong><br \/>(+19 for winning)\n|l|\u2606kunkl3\n","uploadtime":1700369854,"views":13,"p1id":"kunkl3","p2id":"kimitheweeb","formatid":"gen9vgc2023regulatione","rating":1361,"private":0,"password":""}