{"id":"gen9vgc2023regulatione-1988556030","p1":"TJVGC","p2":"originalwinner","format":"[Gen 9] VGC 2023 Regulation E","log":"|j|\u2606TJVGC\n|j|\u2606originalwinner\n|t:|1699735697\n|gametype|doubles\n|player|p1|TJVGC|1|1227\n|player|p2|originalwinner|169|1155\n|teamsize|p1|6\n|teamsize|p2|6\n|gen|9\n|tier|[Gen 9] VGC 2023 Regulation E\n|rated|\n|rule|Species Clause: Limit one of each Pok\u00e9mon\n|rule|Item Clause: Limit one of each item\n|clearpoke\n|poke|p1|Glastrier, L50|\n|poke|p1|Dusclops, L50, M|\n|poke|p1|Iron Hands, L50|\n|poke|p1|Kommo-o, L50, M|\n|poke|p1|Sinistcha-Masterpiece, L50|\n|poke|p1|Ogerpon-Hearthflame, L50, F|\n|poke|p2|Moltres-Galar, L50|\n|poke|p2|Landorus-Therian, L50, M|\n|poke|p2|Sinistcha, L50|\n|poke|p2|Grimmsnarl, L50, M|\n|poke|p2|Clefairy, L50, F|\n|poke|p2|Chi-Yu, L50|\n|teampreview|4\n|inactive|Battle timer is ON: inactive players will automatically lose when time's up. (requested by originalwinner)\n|inactive|TJVGC also wants the timer to be on.\n|inactive|TJVGC has 60 seconds left.\n|\n|t:|1699735743\n|start\n|switch|p1a: Iron Hands|Iron Hands, L50|100\/100\n|switch|p1b: Dusclops|Dusclops, L50, M, shiny|100\/100\n|switch|p2a: Moltres|Moltres-Galar, L50|100\/100\n|switch|p2b: Landorus|Landorus-Therian, L50, M|100\/100\n|-ability|p2b: Landorus|Intimidate|boost\n|-unboost|p1a: Iron Hands|atk|1\n|-unboost|p1b: Dusclops|atk|1\n|-item|p2a: Moltres|Aguav Berry|[from] ability: Frisk|[of] p1b: Dusclops|[identify]\n|-item|p2b: Landorus|Choice Scarf|[from] ability: Frisk|[of] p1b: Dusclops|[identify]\n|turn|1\n|\n|t:|1699735751\n|move|p1a: Iron Hands|Fake Out|p2a: Moltres\n|-damage|p2a: Moltres|89\/100\n|move|p2b: Landorus|Stomping Tantrum|p1a: Iron Hands\n|-supereffective|p1a: Iron Hands\n|-damage|p1a: Iron Hands|29\/100\n|-enditem|p1a: Iron Hands|Sitrus Berry|[eat]\n|-heal|p1a: Iron Hands|54\/100|[from] item: Sitrus Berry\n|cant|p2a: Moltres|flinch\n|move|p1b: Dusclops|Will-O-Wisp|p2b: Landorus\n|-status|p2b: Landorus|brn\n|\n|-damage|p2b: Landorus|94\/100 brn|[from] brn\n|upkeep\n|turn|2\n|\n|t:|1699735764\n|move|p1a: Iron Hands|Protect|p1a: Iron Hands\n|-singleturn|p1a: Iron Hands|Protect\n|move|p2b: Landorus|Stomping Tantrum|p1a: Iron Hands\n|-activate|p1a: Iron Hands|move: Protect\n|move|p2a: Moltres|Nasty Plot|p2a: Moltres\n|-boost|p2a: Moltres|spa|2\n|move|p1b: Dusclops|Trick Room|p1b: Dusclops\n|-fieldstart|move: Trick Room|[of] p1b: Dusclops\n|\n|-damage|p2b: Landorus|88\/100 brn|[from] brn\n|upkeep\n|turn|3\n|\n|t:|1699735776\n|move|p1b: Dusclops|Night Shade|p2a: Moltres\n|-damage|p2a: Moltres|63\/100\n|move|p1a: Iron Hands|Wild Charge|p2a: Moltres\n|-supereffective|p2a: Moltres\n|-damage|p2a: Moltres|0 fnt\n|faint|p2a: Moltres\n|-damage|p1a: Iron Hands|40\/100|[from] Recoil\n|move|p2b: Landorus|Stomping Tantrum|p1a: Iron Hands\n|-supereffective|p1a: Iron Hands\n|-damage|p1a: Iron Hands|6\/100\n|\n|-damage|p2b: Landorus|82\/100 brn|[from] brn\n|upkeep\n|\n|t:|1699735786\n|switch|p2a: Sinistcha|Sinistcha, L50|100\/100\n|-heal|p2b: Landorus|100\/100 brn|[from] ability: Hospitality|[of] p2a: Sinistcha\n|turn|4\n|\n|t:|1699735806\n|switch|p1b: Glastrier|Glastrier, L50|100\/100\n|-end|p1a: Iron Hands|Quark Drive|[silent]\n|switch|p1a: Sinistcha|Sinistcha-Masterpiece, L50|100\/100\n|switch|p2b: Clefairy|Clefairy, L50, F|100\/100\n|move|p2a: Sinistcha|Matcha Gotcha|p1a: Sinistcha|[spread] p1a\n|-miss|p2a: Sinistcha|p1b: Glastrier\n|-resisted|p1a: Sinistcha\n|-damage|p1a: Sinistcha|87\/100\n|-status|p1a: Sinistcha|brn\n|\n|-damage|p1a: Sinistcha|81\/100 brn|[from] brn\n|upkeep\n|turn|5\n|\n|t:|1699735826\n|move|p2b: Clefairy|Follow Me|p2b: Clefairy\n|-singleturn|p2b: Clefairy|move: Follow Me\n|move|p1b: Glastrier|Heavy Slam|p2b: Clefairy\n|-supereffective|p2b: Clefairy\n|-damage|p2b: Clefairy|20\/100\n|move|p2a: Sinistcha|Matcha Gotcha|p1a: Sinistcha|[spread] p1a,p1b\n|-resisted|p1a: Sinistcha\n|-damage|p1a: Sinistcha|68\/100 brn\n|-damage|p1b: Glastrier|88\/100\n|-status|p1b: Glastrier|brn\n|move|p1a: Sinistcha|Calm Mind|p1a: Sinistcha\n|-boost|p1a: Sinistcha|spa|1\n|-boost|p1a: Sinistcha|spd|1\n|\n|-damage|p1b: Glastrier|82\/100 brn|[from] brn\n|-damage|p1a: Sinistcha|62\/100 brn|[from] brn\n|upkeep\n|turn|6\n|\n|t:|1699735845\n|switch|p2a: Landorus|Landorus-Therian, L50, M|100\/100 brn\n|-ability|p2a: Landorus|Intimidate|boost\n|-unboost|p1a: Sinistcha|atk|1\n|-unboost|p1b: Glastrier|atk|1\n|move|p2b: Clefairy|Protect|p2b: Clefairy\n|-singleturn|p2b: Clefairy|Protect\n|move|p1b: Glastrier|Heavy Slam|p2b: Clefairy\n|-activate|p2b: Clefairy|move: Protect\n|move|p1a: Sinistcha|Shadow Ball|p2a: Landorus\n|-damage|p2a: Landorus|47\/100 brn\n|-unboost|p2a: Landorus|spd|1\n|\n|-damage|p1b: Glastrier|75\/100 brn|[from] brn\n|-damage|p1a: Sinistcha|56\/100 brn|[from] brn\n|-damage|p2a: Landorus|41\/100 brn|[from] brn\n|-fieldend|move: Trick Room\n|upkeep\n|turn|7\n|\n|t:|1699735859\n|-terastallize|p1b: Glastrier|Water\n|move|p2a: Landorus|U-turn|p1a: Sinistcha\n|-damage|p1a: Sinistcha|43\/100 brn\n|\n|t:|1699735863\n|switch|p2a: Sinistcha|Sinistcha, L50|100\/100|[from] U-turn\n|-heal|p2b: Clefairy|45\/100|[from] ability: Hospitality|[of] p2a: Sinistcha\n|move|p1a: Sinistcha|Matcha Gotcha|p2b: Clefairy|[spread] p2a,p2b\n|-resisted|p2a: Sinistcha\n|-damage|p2a: Sinistcha|81\/100\n|-heal|p1a: Sinistcha|53\/100 brn|[from] drain|[of] p2a: Sinistcha\n|-damage|p2b: Clefairy|10\/100\n|-heal|p1a: Sinistcha|71\/100 brn|[from] drain|[of] p2b: Clefairy\n|move|p2b: Clefairy|Life Dew|p2b: Clefairy|[spread] p2a,p2b\n|-heal|p2a: Sinistcha|100\/100\n|-heal|p2b: Clefairy|34\/100\n|move|p1b: Glastrier|Icicle Crash|p2a: Sinistcha\n|-supereffective|p2a: Sinistcha\n|-damage|p2a: Sinistcha|83\/100\n|\n|-damage|p1a: Sinistcha|65\/100 brn|[from] brn\n|-damage|p1b: Glastrier|69\/100 brn|[from] brn\n|upkeep\n|turn|8\n|inactive|TJVGC has 30 seconds left.\n|inactive|TJVGC has 20 seconds left.\n|inactive|TJVGC has 15 seconds left.\n|inactive|TJVGC has 10 seconds left.\n|\n|t:|1699735912\n|move|p1a: Sinistcha|Shadow Ball|p2a: Sinistcha\n|-supereffective|p2a: Sinistcha\n|-damage|p2a: Sinistcha|0 fnt\n|faint|p2a: Sinistcha\n|move|p2b: Clefairy|Life Dew|p2b: Clefairy\n|-heal|p2b: Clefairy|59\/100\n|move|p1b: Glastrier|Heavy Slam|p2b: Clefairy\n|-supereffective|p2b: Clefairy\n|-damage|p2b: Clefairy|33\/100\n|\n|-damage|p1a: Sinistcha|58\/100 brn|[from] brn\n|-damage|p1b: Glastrier|63\/100 brn|[from] brn\n|upkeep\n|\n|t:|1699735918\n|switch|p2a: Landorus|Landorus-Therian, L50, M|41\/100 brn\n|-ability|p2a: Landorus|Intimidate|boost\n|-unboost|p1a: Sinistcha|atk|1\n|-unboost|p1b: Glastrier|atk|1\n|turn|9\n|\n|t:|1699735925\n|switch|p1b: Iron Hands|Iron Hands, L50|6\/100\n|-terastallize|p2a: Landorus|Flying\n|move|p2a: Landorus|Tera Blast|p1a: Sinistcha|[anim] Tera Blast Flying\n|-supereffective|p1a: Sinistcha\n|-damage|p1a: Sinistcha|4\/100 brn\n|-enditem|p1a: Sinistcha|Wiki Berry|[eat]\n|-heal|p1a: Sinistcha|38\/100 brn|[from] item: Wiki Berry\n|move|p1a: Sinistcha|Matcha Gotcha|p2b: Clefairy|[spread] p2a,p2b\n|-resisted|p2a: Landorus\n|-damage|p2a: Landorus|21\/100 brn\n|-heal|p1a: Sinistcha|47\/100 brn|[from] drain|[of] p2a: Landorus\n|-damage|p2b: Clefairy|0 fnt\n|-heal|p1a: Sinistcha|63\/100 brn|[from] drain|[of] p2b: Clefairy\n|faint|p2b: Clefairy\n|\n|-damage|p2a: Landorus|15\/100 brn|[from] brn\n|-damage|p1a: Sinistcha|57\/100 brn|[from] brn\n|upkeep\n|turn|10\n|\n|t:|1699735938\n|move|p1b: Iron Hands|Fake Out|p2a: Landorus\n|-damage|p2a: Landorus|0 fnt\n|faint|p2a: Landorus\n|\n|win|TJVGC\n|raw|TJVGC's rating: 1227 &rarr; <strong>1247<\/strong><br \/>(+20 for winning)\n|raw|originalwinner's rating: 1155 &rarr; <strong>1135<\/strong><br \/>(-20 for losing)\n|c|\u2606TJVGC|gg\n","uploadtime":1699735947,"views":36,"p1id":"tjvgc","p2id":"originalwinner","formatid":"gen9vgc2023regulatione","rating":1135,"private":0,"password":""}