{"id":"gen9vgc2023regulatione-1990320978","p1":"Big-Wx","p2":"Drunkendengo","format":"[Gen 9] VGC 2023 Regulation E","log":"|j|\u2606Big-Wx\n|j|\u2606Drunkendengo\n|t:|1699956360\n|gametype|doubles\n|player|p1|Big-Wx|265|\n|player|p2|Drunkendengo|266|\n|teamsize|p1|6\n|teamsize|p2|6\n|gen|9\n|tier|[Gen 9] VGC 2023 Regulation E\n|rated|Tournament battle\n|rule|Species Clause: Limit one of each Pok\u00e9mon\n|rule|Item Clause: Limit one of each item\n|clearpoke\n|poke|p1|Tornadus, L50, M|\n|poke|p1|Urshifu-*, L50, F|\n|poke|p1|Rillaboom, L50, F|\n|poke|p1|Landorus-Therian, L50, M|\n|poke|p1|Flutter Mane, L50|\n|poke|p1|Sneasler, L50, F|\n|poke|p2|Urshifu-*, L50, M|\n|poke|p2|Tornadus, L50, M|\n|poke|p2|Landorus-Therian, L50, M|\n|poke|p2|Chien-Pao, L50|\n|poke|p2|Amoonguss, L50, M|\n|poke|p2|Gholdengo, L50|\n|teampreview|4\n|showteam|p1|Tornadus||AguavBerry|Prankster|BleakwindStorm,Taunt,RainDance,Tailwind|||M|||50|,,,,,Steel]Urshifu-Rapid-Strike||MysticWater|UnseenFist|CloseCombat,SurgingStrikes,AquaJet,Protect|||F|||50|,,,,,Water]Rillaboom||Leftovers|GrassySurge|WoodHammer,KnockOff,FakeOut,Protect|||F|||50|,,,,,Fairy]Landorus-Therian||AssaultVest|Intimidate|Earthquake,StompingTantrum,RockSlide,Uturn|||M|||50|,,,,,Water]Flutter Mane||BoosterEnergy|Protosynthesis|Moonblast,ShadowBall,IcyWind,Protect||||||50|,,,,,Fairy]Sneasler||GrassySeed|Unburden|FakeOut,Acrobatics,CloseCombat,Uturn|||F|||50|,,,,,Flying\n|showteam|p2|Urshifu-Rapid-Strike||MysticWater|UnseenFist|SurgingStrikes,AquaJet,CloseCombat,Detect|||M|||50|,,,,,Water]Tornadus||RockyHelmet|Prankster|Tailwind,BleakwindStorm,Taunt,ScaryFace|||M|||50|,,,,,Ghost]Landorus-Therian||ChoiceScarf|Intimidate|StompingTantrum,TeraBlast,Uturn,RockSlide|||M|||50|,,,,,Flying]Chien-Pao||FocusSash|SwordofRuin|IceSpinner,SuckerPunch,SacredSword,Protect||||||50|,,,,,Ghost]Amoonguss||SitrusBerry|Regenerator|PollenPuff,Spore,RagePowder,Protect|||M|||50|,,,,,Water]Gholdengo||Leftovers|GoodasGold|MakeItRain,ShadowBall,NastyPlot,Protect||||||50|,,,,,Dragon\n|\n|t:|1699956381\n|start\n|switch|p1a: Rillaboom|Rillaboom, L50, F|100\/100\n|switch|p1b: Sneasler|Sneasler, L50, F|100\/100\n|switch|p2a: Chien-Pao|Chien-Pao, L50|100\/100\n|switch|p2b: Landorus|Landorus-Therian, L50, M|100\/100\n|-ability|p2b: Landorus|Intimidate|boost\n|-unboost|p1a: Rillaboom|atk|1\n|-unboost|p1b: Sneasler|atk|1\n|-ability|p2a: Chien-Pao|Sword of Ruin\n|-fieldstart|move: Grassy Terrain|[from] ability: Grassy Surge|[of] p1a: Rillaboom\n|-enditem|p1b: Sneasler|Grassy Seed\n|-boost|p1b: Sneasler|def|1|[from] item: Grassy Seed\n|turn|1\n|\n|t:|1699956392\n|switch|p2b: Scarf|Gholdengo, L50|100\/100\n|-terastallize|p2a: Chien-Pao|Ghost\n|move|p1b: Sneasler|Fake Out|p2a: Chien-Pao\n|-immune|p2a: Chien-Pao\n|move|p1a: Rillaboom|Fake Out|p2b: Scarf\n|-immune|p2b: Scarf\n|move|p2a: Chien-Pao|Ice Spinner|p1a: Rillaboom\n|-supereffective|p1a: Rillaboom\n|-damage|p1a: Rillaboom|0 fnt\n|-fieldend|move: Grassy Terrain\n|faint|p1a: Rillaboom\n|\n|upkeep\n|\n|t:|1699956398\n|switch|p1a: Flutter Mane|Flutter Mane, L50|100\/100\n|-enditem|p1a: Flutter Mane|Booster Energy\n|-activate|p1a: Flutter Mane|ability: Protosynthesis|[fromitem]\n|-start|p1a: Flutter Mane|protosynthesisspe\n|turn|2\n|\n|t:|1699956410\n|switch|p2b: Spikemuth|Tornadus, L50, M|100\/100\n|move|p2a: Chien-Pao|Protect|p2a: Chien-Pao\n|-singleturn|p2a: Chien-Pao|Protect\n|move|p1b: Sneasler|Close Combat|p2a: Chien-Pao\n|-activate|p2a: Chien-Pao|move: Protect\n|move|p1a: Flutter Mane|Shadow Ball|p2b: Spikemuth\n|-damage|p2b: Spikemuth|55\/100\n|\n|upkeep\n|turn|3\n|j| Tilzy\n|\n|t:|1699956432\n|-terastallize|p1a: Flutter Mane|Fairy\n|move|p2b: Spikemuth|Tailwind|p2b: Spikemuth\n|-sidestart|p2: Drunkendengo|move: Tailwind\n|move|p1b: Sneasler|Acrobatics|p2a: Chien-Pao\n|-damage|p2a: Chien-Pao|64\/100\n|move|p2a: Chien-Pao|Ice Spinner|p1a: Flutter Mane\n|-damage|p1a: Flutter Mane|1\/100\n|move|p1a: Flutter Mane|Shadow Ball|p2a: Chien-Pao\n|-supereffective|p2a: Chien-Pao\n|-damage|p2a: Chien-Pao|0 fnt\n|faint|p2a: Chien-Pao\n|\n|upkeep\n|\n|t:|1699956457\n|switch|p2a: Landorus|Landorus-Therian, L50, M|100\/100\n|-ability|p2a: Landorus|Intimidate|boost\n|-unboost|p1a: Flutter Mane|atk|1\n|-unboost|p1b: Sneasler|atk|1\n|turn|4\n|\n|t:|1699956467\n|move|p2a: Landorus|U-turn|p1a: Flutter Mane\n|-resisted|p1a: Flutter Mane\n|-damage|p1a: Flutter Mane|0 fnt\n|faint|p1a: Flutter Mane\n|-end|p1a: Flutter Mane|Protosynthesis|[silent]\n|\n|t:|1699956505\n|switch|p2a: Scarf|Gholdengo, L50|100\/100|[from] U-turn\n|move|p1b: Sneasler|Acrobatics|p2a: Scarf\n|-resisted|p2a: Scarf\n|-damage|p2a: Scarf|91\/100\n|move|p2b: Spikemuth|Bleakwind Storm|p1b: Sneasler|[miss]\n|-miss|p2b: Spikemuth|p1b: Sneasler\n|\n|-heal|p2a: Scarf|97\/100|[from] item: Leftovers\n|upkeep\n|inactive|Battle timer is ON: inactive players will automatically lose when time's up. (requested by Drunkendengo)\n|c|\u2606Drunkendengo|You waiting to get married or sum?\n|inactive|Big-Wx has 60 seconds left.\n|inactive|Big-Wx has 30 seconds left.\n|c|\u2606Drunkendengo|Hey mate\n|inactive|Big-Wx has 20 seconds left.\n|inactive|Big-Wx has 15 seconds left.\n|inactive|Big-Wx has 10 seconds left.\n|inactive|Big-Wx has 5 seconds left.\n|\n|t:|1699956636\n|switch|p1a: Landorus|Landorus-Therian, L50, M|100\/100\n|-ability|p1a: Landorus|Intimidate|boost\n|-unboost|p2a: Scarf|atk|1\n|-unboost|p2b: Spikemuth|atk|1\n|turn|5\n|\n|t:|1699956654\n|move|p1b: Sneasler|Acrobatics|p2b: Spikemuth\n|-damage|p2b: Spikemuth|36\/100\n|-damage|p1b: Sneasler|84\/100|[from] item: Rocky Helmet|[of] p2b: Spikemuth\n|move|p2b: Spikemuth|Bleakwind Storm|p1b: Sneasler|[spread] p1a,p1b\n|-supereffective|p1b: Sneasler\n|-damage|p1a: Landorus|81\/100\n|-damage|p1b: Sneasler|0 fnt\n|faint|p1b: Sneasler\n|move|p2a: Scarf|Shadow Ball|p1a: Landorus\n|-damage|p1a: Landorus|52\/100\n|move|p1a: Landorus|Stomping Tantrum|p2a: Scarf\n|-supereffective|p2a: Scarf\n|-damage|p2a: Scarf|19\/100\n|\n|-heal|p2a: Scarf|25\/100|[from] item: Leftovers\n|upkeep\n|turn|6\n|\n|t:|1699956665\n|move|p2b: Spikemuth|Bleakwind Storm|p1a: Landorus\n|-damage|p1a: Landorus|24\/100\n|move|p2a: Scarf|Shadow Ball|p1a: Landorus\n|-damage|p1a: Landorus|0 fnt\n|faint|p1a: Landorus\n|\n|win|Drunkendengo\n|n|\u2606Big-Wx|bigwx\n|n|\u2606Drunkendengo|drunkendengo\n|n| Tilzy|tilzy\n|l|\u2606Big-Wx\n","uploadtime":1699956674,"views":8,"p1id":"bigwx","p2id":"drunkendengo","formatid":"gen9vgc2023regulatione","rating":0,"private":0,"password":""}