{"id":"gen9vgc2023regulatione-1994828698","p1":"atworkyolo","p2":"mtshushushu","format":"[Gen 9] VGC 2023 Regulation E","log":"|j|\u2606atworkyolo\n|j|\u2606mtshushushu\n|t:|1700496595\n|gametype|doubles\n|player|p1|atworkyolo|102|1580\n|player|p2|mtshushushu|170|1561\n|teamsize|p1|6\n|teamsize|p2|6\n|gen|9\n|tier|[Gen 9] VGC 2023 Regulation E\n|rated|\n|rule|Species Clause: Limit one of each Pok\u00e9mon\n|rule|Item Clause: Limit one of each item\n|clearpoke\n|poke|p1|Weezing, L50, M|\n|poke|p1|Tornadus, L50, M|\n|poke|p1|Iron Hands, L50|\n|poke|p1|Ogerpon-Wellspring, L50, F|\n|poke|p1|Gholdengo, L50|\n|poke|p1|Kommo-o, L50, M|\n|poke|p2|Ninetales-Alola, L50, M|\n|poke|p2|Dondozo, L50, F|\n|poke|p2|Tatsugiri, L50, M|\n|poke|p2|Iron Bundle, L50|\n|poke|p2|Ogerpon-Hearthflame, L50, F|\n|poke|p2|Rillaboom, L50, F|\n|teampreview|4\n|inactive|Battle timer is ON: inactive players will automatically lose when time's up. (requested by atworkyolo)\n|inactive|atworkyolo has 60 seconds left.\n|\n|t:|1700496626\n|start\n|switch|p1a: Tornadus|Tornadus, L50, M|100\/100\n|switch|p1b: Iron Hands|Iron Hands, L50|100\/100\n|switch|p2a: Iron Bundle|Iron Bundle, L50|100\/100\n|switch|p2b: Ninetales|Ninetales-Alola, L50, M|100\/100\n|-weather|Snow|[from] ability: Snow Warning|[of] p2b: Ninetales\n|-enditem|p2a: Iron Bundle|Booster Energy\n|-activate|p2a: Iron Bundle|ability: Quark Drive|[fromitem]\n|-start|p2a: Iron Bundle|quarkdrivespe\n|turn|1\n|\n|t:|1700496643\n|move|p1b: Iron Hands|Fake Out|p2a: Iron Bundle\n|-damage|p2a: Iron Bundle|88\/100\n|move|p1a: Tornadus|Rain Dance|p1a: Tornadus\n|-weather|RainDance\n|cant|p2a: Iron Bundle|flinch\n|move|p2b: Ninetales|Aurora Veil||[still]\n|-fail|p2b: Ninetales\n|\n|-weather|RainDance|[upkeep]\n|upkeep\n|turn|2\n|\n|t:|1700496660\n|move|p2a: Iron Bundle|Snowscape|p2a: Iron Bundle\n|-weather|Snow\n|move|p2b: Ninetales|Aurora Veil|p2b: Ninetales\n|-sidestart|p2: mtshushushu|move: Aurora Veil\n|move|p1a: Tornadus|Bleakwind Storm|p2a: Iron Bundle|[spread] p2a,p2b\n|-damage|p2a: Iron Bundle|44\/100\n|-damage|p2b: Ninetales|79\/100\n|move|p1b: Iron Hands|Wild Charge|p2a: Iron Bundle\n|-supereffective|p2a: Iron Bundle\n|-damage|p2a: Iron Bundle|0 fnt\n|faint|p2a: Iron Bundle\n|-end|p2a: Iron Bundle|Quark Drive|[silent]\n|-damage|p1b: Iron Hands|94\/100|[from] Recoil\n|\n|-weather|Snow|[upkeep]\n|upkeep\n|\n|t:|1700496681\n|switch|p2a: Ogerpon|Ogerpon-Hearthflame, L50, F|100\/100\n|-ability|p2a: Ogerpon|Mold Breaker\n|turn|3\n|\n|t:|1700496706\n|-terastallize|p2a: Ogerpon|Fire\n|detailschange|p2a: Ogerpon|Ogerpon-Hearthflame-Tera, L50, F, tera:Fire\n|-ability|p2a: Ogerpon|Embody Aspect (Hearthflame)|boost\n|-boost|p2a: Ogerpon|atk|1\n|move|p1a: Tornadus|Rain Dance|p1a: Tornadus\n|-weather|RainDance\n|move|p2b: Ninetales|Dazzling Gleam|p1a: Tornadus|[spread] p1a,p1b\n|-supereffective|p1b: Iron Hands\n|-damage|p1a: Tornadus|79\/100\n|-damage|p1b: Iron Hands|76\/100\n|move|p2a: Ogerpon|Stomping Tantrum|p1b: Iron Hands\n|-supereffective|p1b: Iron Hands\n|-damage|p1b: Iron Hands|8\/100\n|move|p1b: Iron Hands|Heavy Slam|p2b: Ninetales\n|-supereffective|p2b: Ninetales\n|-damage|p2b: Ninetales|0 fnt\n|faint|p2b: Ninetales\n|\n|-weather|RainDance|[upkeep]\n|upkeep\n|\n|t:|1700496720\n|switch|p2b: Rillaboom|Rillaboom, L50, F|100\/100\n|-fieldstart|move: Grassy Terrain|[from] ability: Grassy Surge|[of] p2b: Rillaboom\n|turn|4\n|\n|t:|1700496730\n|move|p1a: Tornadus|Protect|p1a: Tornadus\n|-singleturn|p1a: Tornadus|Protect\n|move|p2b: Rillaboom|Fake Out|p1a: Tornadus\n|-activate|p1a: Tornadus|move: Protect\n|move|p2a: Ogerpon|Ivy Cudgel|p1a: Tornadus|[anim] Ivy Cudgel Fire\n|-activate|p1a: Tornadus|move: Protect\n|move|p1b: Iron Hands|Drain Punch|p2b: Rillaboom\n|-damage|p2b: Rillaboom|73\/100\n|-heal|p1b: Iron Hands|20\/100|[from] drain|[of] p2b: Rillaboom\n|\n|-weather|RainDance|[upkeep]\n|-heal|p2b: Rillaboom|79\/100|[from] Grassy Terrain\n|-heal|p1b: Iron Hands|26\/100|[from] Grassy Terrain\n|upkeep\n|turn|5\n|inactive|atworkyolo has 30 seconds left.\n|\n|t:|1700496762\n|move|p1a: Tornadus|Tailwind|p1a: Tornadus\n|-sidestart|p1: atworkyolo|move: Tailwind\n|move|p2a: Ogerpon|Grassy Glide|p1a: Tornadus\n|-resisted|p1a: Tornadus\n|-damage|p1a: Tornadus|39\/100\n|move|p2b: Rillaboom|Grassy Glide|p1a: Tornadus\n|-resisted|p1a: Tornadus\n|-damage|p1a: Tornadus|17\/100\n|move|p1b: Iron Hands|Drain Punch|p2b: Rillaboom\n|-damage|p2b: Rillaboom|51\/100\n|-heal|p1b: Iron Hands|38\/100|[from] drain|[of] p2b: Rillaboom\n|\n|-weather|RainDance|[upkeep]\n|-heal|p2b: Rillaboom|57\/100|[from] Grassy Terrain\n|-heal|p1b: Iron Hands|44\/100|[from] Grassy Terrain\n|upkeep\n|turn|6\n|inactive|mtshushushu has 30 seconds left.\n|\n|t:|1700496790\n|-end|p1b: Iron Hands|Quark Drive|[silent]\n|switch|p1b: Weezing|Weezing, L50, M|100\/100\n|-ability|p1b: Weezing|Neutralizing Gas\n|move|p2a: Ogerpon|Grassy Glide|p1b: Weezing\n|-resisted|p1b: Weezing\n|-damage|p1b: Weezing|74\/100\n|move|p2b: Rillaboom|Grassy Glide|p1a: Tornadus\n|-resisted|p1a: Tornadus\n|-damage|p1a: Tornadus|0 fnt\n|faint|p1a: Tornadus\n|\n|-weather|RainDance|[upkeep]\n|-heal|p1b: Weezing|80\/100|[from] Grassy Terrain\n|-heal|p2b: Rillaboom|63\/100|[from] Grassy Terrain\n|upkeep\n|\n|t:|1700496799\n|switch|p1a: Ogerpon|Ogerpon-Wellspring, L50, F|100\/100\n|turn|7\n|\n|t:|1700496813\n|move|p1a: Ogerpon|Spiky Shield|p1a: Ogerpon\n|-singleturn|p1a: Ogerpon|move: Protect\n|move|p2a: Ogerpon|Spiky Shield|p2a: Ogerpon\n|-singleturn|p2a: Ogerpon|move: Protect\n|move|p1b: Weezing|Will-O-Wisp|p2b: Rillaboom\n|-status|p2b: Rillaboom|brn\n|move|p2b: Rillaboom|Wood Hammer|p1a: Ogerpon\n|-activate|p1a: Ogerpon|move: Protect\n|-damage|p2b: Rillaboom|51\/100 brn|[from] Spiky Shield|[of] p1a: Ogerpon\n|\n|-weather|none\n|-heal|p1b: Weezing|85\/100|[from] Grassy Terrain\n|-heal|p2b: Rillaboom|57\/100 brn|[from] Grassy Terrain\n|-damage|p2b: Rillaboom|51\/100 brn|[from] brn\n|upkeep\n|turn|8\n|inactive|mtshushushu has 30 seconds left.\n|inactive|mtshushushu has 20 seconds left.\n|\n|t:|1700496850\n|switch|p1a: Iron Hands|Iron Hands, L50|44\/100\n|move|p2a: Ogerpon|Spiky Shield||[still]\n|-fail|p2a: Ogerpon\n|move|p1b: Weezing|Sludge Bomb|p2b: Rillaboom\n|-supereffective|p2b: Rillaboom\n|-damage|p2b: Rillaboom|24\/100 brn\n|move|p2b: Rillaboom|Wood Hammer|p1a: Iron Hands\n|-damage|p1a: Iron Hands|15\/100\n|-damage|p2b: Rillaboom|13\/100 brn|[from] Recoil\n|\n|-heal|p1b: Weezing|91\/100|[from] Grassy Terrain\n|-heal|p2b: Rillaboom|18\/100 brn|[from] Grassy Terrain\n|-heal|p1a: Iron Hands|21\/100|[from] Grassy Terrain\n|-damage|p2b: Rillaboom|13\/100 brn|[from] brn\n|-sideend|p1: atworkyolo|move: Tailwind\n|-fieldend|move: Grassy Terrain\n|upkeep\n|turn|9\n|\n|t:|1700496872\n|move|p1b: Weezing|Protect|p1b: Weezing\n|-singleturn|p1b: Weezing|Protect\n|move|p1a: Iron Hands|Fake Out|p2b: Rillaboom\n|-crit|p2b: Rillaboom\n|-damage|p2b: Rillaboom|0 fnt\n|faint|p2b: Rillaboom\n|move|p2a: Ogerpon|Ivy Cudgel|p1b: Weezing|[anim] Ivy Cudgel Fire\n|-activate|p1b: Weezing|move: Protect\n|\n|-sideend|p2: mtshushushu|move: Aurora Veil\n|upkeep\n|turn|10\n|-message|mtshushushu forfeited.\n|\n|win|atworkyolo\n|raw|atworkyolo's rating: 1580 &rarr; <strong>1599<\/strong><br \/>(+19 for winning)\n|raw|mtshushushu's rating: 1561 &rarr; <strong>1542<\/strong><br \/>(-19 for losing)\n|l|\u2606mtshushushu\n","uploadtime":1700496893,"views":13,"p1id":"atworkyolo","p2id":"mtshushushu","formatid":"gen9vgc2023regulatione","rating":1542,"private":0,"password":""}