{"id":"gen9vgc2023regulatione-1993515026","p1":"gobrokeforpokes","p2":"Conchoboar3","format":"[Gen 9] VGC 2023 Regulation E","log":"|j|\u2606gobrokeforpokes\n|j|\u2606Conchoboar3\n|t:|1700326887\n|gametype|doubles\n|player|p1|gobrokeforpokes|266|1352\n|player|p2|Conchoboar3|169|1344\n|teamsize|p1|6\n|teamsize|p2|6\n|gen|9\n|tier|[Gen 9] VGC 2023 Regulation E\n|rated|\n|rule|Species Clause: Limit one of each Pok\u00e9mon\n|rule|Item Clause: Limit one of each item\n|clearpoke\n|poke|p1|Arcanine-Hisui, L50, F|\n|poke|p1|Iron Bundle, L50|\n|poke|p1|Weezing, L50, M|\n|poke|p1|Ogerpon-Hearthflame, L50, F|\n|poke|p1|Torkoal, L50, M|\n|poke|p1|Tornadus, L50, M|\n|poke|p2|Mamoswine, L50, M|\n|poke|p2|Iron Hands, L50|\n|poke|p2|Grimmsnarl, L50, M|\n|poke|p2|Flutter Mane, L50|\n|poke|p2|Sinistcha, L50|\n|poke|p2|Arcanine-Hisui, L50, M|\n|teampreview|4\n|\n|t:|1700326914\n|start\n|switch|p1a: Arcanine|Arcanine-Hisui, L50, F|100\/100\n|switch|p1b: Iron Bundle|Iron Bundle, L50|100\/100\n|switch|p2a: Grimmsnarl|Grimmsnarl, L50, M|100\/100\n|switch|p2b: Iron Hands|Iron Hands, L50|100\/100\n|-ability|p1a: Arcanine|Intimidate|boost\n|-unboost|p2a: Grimmsnarl|atk|1\n|-unboost|p2b: Iron Hands|atk|1\n|-enditem|p1b: Iron Bundle|Booster Energy\n|-activate|p1b: Iron Bundle|ability: Quark Drive|[fromitem]\n|-start|p1b: Iron Bundle|quarkdrivespe\n|turn|1\n|\n|t:|1700326939\n|move|p1b: Iron Bundle|Encore||[still]\n|-fail|p1b: Iron Bundle\n|move|p1a: Arcanine|Rock Slide|p2b: Iron Hands|[spread] p2a,p2b\n|-resisted|p2b: Iron Hands\n|-damage|p2a: Grimmsnarl|77\/100\n|-damage|p2b: Iron Hands|90\/100\n|move|p2b: Iron Hands|Drain Punch|p1b: Iron Bundle\n|-supereffective|p1b: Iron Bundle\n|-damage|p1b: Iron Bundle|40\/100\n|-heal|p2b: Iron Hands|100\/100|[from] drain|[of] p1b: Iron Bundle\n|move|p2a: Grimmsnarl|Spirit Break|p1b: Iron Bundle\n|-damage|p1b: Iron Bundle|18\/100\n|-unboost|p1b: Iron Bundle|spa|1\n|\n|upkeep\n|turn|2\n|\n|t:|1700326959\n|move|p2a: Grimmsnarl|Reflect|p2a: Grimmsnarl\n|-sidestart|p2: Conchoboar3|Reflect\n|move|p1b: Iron Bundle|Encore|p2a: Grimmsnarl\n|-start|p2a: Grimmsnarl|Encore\n|move|p1a: Arcanine|Rock Slide|p2b: Iron Hands|[spread] p2a,p2b\n|-resisted|p2b: Iron Hands\n|-damage|p2a: Grimmsnarl|62\/100\n|-damage|p2b: Iron Hands|94\/100\n|move|p2b: Iron Hands|Drain Punch|p1b: Iron Bundle\n|-supereffective|p1b: Iron Bundle\n|-damage|p1b: Iron Bundle|0 fnt\n|-heal|p2b: Iron Hands|99\/100|[from] drain|[of] p1b: Iron Bundle\n|faint|p1b: Iron Bundle\n|-end|p1b: Iron Bundle|Quark Drive|[silent]\n|\n|upkeep\n|\n|t:|1700326967\n|switch|p1b: Ogerpon|Ogerpon-Hearthflame, L50, F|100\/100\n|-ability|p1b: Ogerpon|Mold Breaker\n|turn|3\n|\n|t:|1700326973\n|switch|p1a: Tornadus|Tornadus, L50, M|100\/100\n|switch|p2a: Komanoto|Arcanine-Hisui, L50, M|100\/100\n|-ability|p2a: Komanoto|Intimidate|boost\n|-unboost|p1a: Tornadus|atk|1\n|-unboost|p1b: Ogerpon|atk|1\n|move|p1b: Ogerpon|Swords Dance|p1b: Ogerpon\n|-boost|p1b: Ogerpon|atk|2\n|move|p2b: Iron Hands|Drain Punch|p1a: Tornadus\n|-resisted|p1a: Tornadus\n|-damage|p1a: Tornadus|77\/100\n|-heal|p2b: Iron Hands|100\/100|[from] drain|[of] p1a: Tornadus\n|\n|upkeep\n|turn|4\n|\n|t:|1700326985\n|switch|p1a: Arcanine|Arcanine-Hisui, L50, F|100\/100\n|-ability|p1a: Arcanine|Intimidate|boost\n|-unboost|p2a: Komanoto|atk|1\n|-unboost|p2b: Iron Hands|atk|1\n|-end|p2b: Iron Hands|Quark Drive|[silent]\n|switch|p2b: Grimmsnarl|Grimmsnarl, L50, M|62\/100\n|move|p1b: Ogerpon|Spiky Shield|p1b: Ogerpon\n|-singleturn|p1b: Ogerpon|move: Protect\n|move|p2a: Komanoto|Rock Slide|p1a: Arcanine|[spread] p1a\n|-activate|p1b: Ogerpon|move: Protect\n|-supereffective|p1a: Arcanine\n|-damage|p1a: Arcanine|50\/100\n|\n|upkeep\n|turn|5\n|\n|t:|1700327001\n|move|p2b: Grimmsnarl|Parting Shot|p1b: Ogerpon\n|-unboost|p1b: Ogerpon|atk|1\n|-unboost|p1b: Ogerpon|spa|1\n|\n|t:|1700327004\n|switch|p2b: Iron Hands|Iron Hands, L50|100\/100|[from] Parting Shot\n|move|p1b: Ogerpon|Swords Dance|p1b: Ogerpon\n|-boost|p1b: Ogerpon|atk|2\n|move|p1a: Arcanine|Rock Slide|p2a: Komanoto|[spread] p2a,p2b\n|-supereffective|p2a: Komanoto\n|-resisted|p2b: Iron Hands\n|-crit|p2b: Iron Hands\n|-damage|p2a: Komanoto|67\/100\n|-damage|p2b: Iron Hands|86\/100\n|move|p2a: Komanoto|Rock Slide|p1a: Arcanine|[spread] p1a,p1b\n|-supereffective|p1a: Arcanine\n|-supereffective|p1b: Ogerpon\n|-damage|p1a: Arcanine|0 fnt\n|-damage|p1b: Ogerpon|57\/100\n|faint|p1a: Arcanine\n|\n|upkeep\n|\n|t:|1700327014\n|switch|p1a: Tornadus|Tornadus, L50, M|77\/100\n|turn|6\n|\n|t:|1700327022\n|move|p1b: Ogerpon|Spiky Shield|p1b: Ogerpon\n|-singleturn|p1b: Ogerpon|move: Protect\n|move|p1a: Tornadus|Tailwind|p1a: Tornadus\n|-sidestart|p1: gobrokeforpokes|move: Tailwind\n|move|p2a: Komanoto|Rock Slide|p1a: Tornadus|[spread] \n|-activate|p1b: Ogerpon|move: Protect\n|-miss|p2a: Komanoto|p1a: Tornadus\n|move|p2b: Iron Hands|Wild Charge|p1a: Tornadus\n|-supereffective|p1a: Tornadus\n|-damage|p1a: Tornadus|0 fnt\n|faint|p1a: Tornadus\n|-damage|p2b: Iron Hands|73\/100|[from] Recoil\n|\n|upkeep\n|turn|7\n|\n|t:|1700327030\n|move|p1b: Ogerpon|Horn Leech|p2a: Komanoto\n|-damage|p2a: Komanoto|9\/100\n|-heal|p1b: Ogerpon|92\/100|[from] drain|[of] p2a: Komanoto\n|move|p2a: Komanoto|Rock Slide|p1b: Ogerpon\n|-supereffective|p1b: Ogerpon\n|-damage|p1b: Ogerpon|25\/100\n|move|p2b: Iron Hands|Drain Punch|p1b: Ogerpon\n|-damage|p1b: Ogerpon|0 fnt\n|-heal|p2b: Iron Hands|81\/100|[from] drain|[of] p1b: Ogerpon\n|faint|p1b: Ogerpon\n|\n|win|Conchoboar3\n|raw|gobrokeforpokes's rating: 1352 &rarr; <strong>1332<\/strong><br \/>(-20 for losing)\n|raw|Conchoboar3's rating: 1344 &rarr; <strong>1364<\/strong><br \/>(+20 for winning)\n|l|\u2606gobrokeforpokes\n","uploadtime":1700327040,"views":9,"p1id":"gobrokeforpokes","p2id":"conchoboar3","formatid":"gen9vgc2023regulatione","rating":1332,"private":0,"password":""}