{"id":"gen9vgc2023regulatione-1993766530","p1":"critcrit2016","p2":"PunkRockObstagoon","format":"[Gen 9] VGC 2023 Regulation E","log":"|j|\u2606critcrit2016\n|j|\u2606PunkRockObstagoon\n|t:|1700354752\n|gametype|doubles\n|player|p1|critcrit2016|richboy|1294\n|player|p2|PunkRockObstagoon|bruno|1349\n|teamsize|p1|6\n|teamsize|p2|6\n|gen|9\n|tier|[Gen 9] VGC 2023 Regulation E\n|rated|\n|rule|Species Clause: Limit one of each Pok\u00e9mon\n|rule|Item Clause: Limit one of each item\n|clearpoke\n|poke|p1|Landorus-Therian, L50, M|\n|poke|p1|Chien-Pao, L50|\n|poke|p1|Flutter Mane, L50|\n|poke|p1|Ogerpon, L50, F|\n|poke|p1|Tornadus, L50, M|\n|poke|p1|Amoonguss, L50, M|\n|poke|p2|Spinarak, L50, M|\n|poke|p2|Tatsugiri-Droopy, L50, M|\n|poke|p2|Urshifu-*, L50, M|\n|poke|p2|Lurantis, L50, F|\n|poke|p2|Armarouge, L50, M|\n|poke|p2|Farigiraf, L50, F|\n|teampreview|4\n|inactive|Battle timer is ON: inactive players will automatically lose when time's up. (requested by PunkRockObstagoon)\n|inactive|critcrit2016 also wants the timer to be on.\n|\n|t:|1700354777\n|start\n|switch|p1a: Ogerpon|Ogerpon, L50, F|100\/100\n|switch|p1b: Tornadus|Tornadus, L50, M, shiny|100\/100\n|switch|p2a: Urshifu|Urshifu-Rapid-Strike, L50, M|100\/100\n|switch|p2b: Armarouge|Armarouge, L50, M|100\/100\n|turn|1\n|\n|t:|1700354797\n|move|p1a: Ogerpon|Spiky Shield|p1a: Ogerpon\n|-singleturn|p1a: Ogerpon|move: Protect\n|move|p1b: Tornadus|Swagger|p2b: Armarouge|[miss]\n|-miss|p1b: Tornadus|p2b: Armarouge\n|-enditem|p1b: Tornadus|Blunder Policy\n|-boost|p1b: Tornadus|spe|2\n|move|p2a: Urshifu|U-turn|p1a: Ogerpon\n|-supereffective|p1a: Ogerpon\n|-damage|p1a: Ogerpon|36\/100\n|\n|t:|1700354808\n|switch|p2a: Farigiraf|Farigiraf, L50, F|100\/100|[from] U-turn\n|move|p2b: Armarouge|Trick Room|p2b: Armarouge\n|-fieldstart|move: Trick Room|[of] p2b: Armarouge\n|\n|upkeep\n|turn|2\n|\n|t:|1700354833\n|move|p1a: Ogerpon|Spiky Shield||[still]\n|-fail|p1a: Ogerpon\n|move|p1b: Tornadus|Swagger||[still]\n|cant|p2a: Farigiraf|ability: Armor Tail|Swagger|[of] p1b: Tornadus\n|move|p2a: Farigiraf|Hyper Voice|p1a: Ogerpon|[spread] p1a,p1b\n|-damage|p1a: Ogerpon|0 fnt\n|-damage|p1b: Tornadus|68\/100\n|faint|p1a: Ogerpon\n|move|p2b: Armarouge|Heat Wave|p1b: Tornadus\n|-damage|p1b: Tornadus|14\/100\n|\n|upkeep\n|\n|t:|1700354845\n|switch|p1a: Flutter Mane|Flutter Mane, L50|100\/100\n|-enditem|p1a: Flutter Mane|Booster Energy\n|-activate|p1a: Flutter Mane|ability: Protosynthesis|[fromitem]\n|-start|p1a: Flutter Mane|protosynthesisspe\n|turn|3\n|\n|t:|1700354862\n|-terastallize|p1a: Flutter Mane|Fairy\n|move|p2a: Farigiraf|Psychic|p1a: Flutter Mane\n|-damage|p1a: Flutter Mane|50\/100\n|move|p2b: Armarouge|Heat Wave|p1a: Flutter Mane|[spread] p1a,p1b\n|-damage|p1a: Flutter Mane|6\/100\n|-damage|p1b: Tornadus|0 fnt\n|faint|p1b: Tornadus\n|move|p1a: Flutter Mane|Shadow Ball|p2b: Armarouge\n|-supereffective|p2b: Armarouge\n|-damage|p2b: Armarouge|12\/100\n|\n|upkeep\n|\n|t:|1700354872\n|switch|p1b: Chien-Pao|Chien-Pao, L50|100\/100\n|-ability|p1b: Chien-Pao|Sword of Ruin\n|turn|4\n|\n|t:|1700354877\n|switch|p2b: Spinarak|Spinarak, L50, M, shiny|100\/100\n|move|p1b: Chien-Pao|Protect|p1b: Chien-Pao\n|-singleturn|p1b: Chien-Pao|Protect\n|move|p1a: Flutter Mane|Protect|p1a: Flutter Mane\n|-singleturn|p1a: Flutter Mane|Protect\n|move|p2a: Farigiraf|Hyper Voice|p1b: Chien-Pao|[spread] \n|-activate|p1a: Flutter Mane|move: Protect\n|-activate|p1b: Chien-Pao|move: Protect\n|\n|upkeep\n|turn|5\n|\n|t:|1700354898\n|move|p1a: Flutter Mane|Protect||[still]\n|-fail|p1a: Flutter Mane\n|move|p2b: Spinarak|Acid Spray|p1b: Chien-Pao\n|-damage|p1b: Chien-Pao|89\/100\n|-unboost|p1b: Chien-Pao|spd|2\n|move|p2a: Farigiraf|Hyper Voice|p1a: Flutter Mane|[spread] p1a,p1b\n|-damage|p1a: Flutter Mane|0 fnt\n|-damage|p1b: Chien-Pao|0 fnt\n|faint|p1a: Flutter Mane\n|-end|p1a: Flutter Mane|Protosynthesis|[silent]\n|faint|p1b: Chien-Pao\n|\n|win|PunkRockObstagoon\n|raw|critcrit2016's rating: 1294 &rarr; <strong>1273<\/strong><br \/>(-21 for losing)\n|raw|PunkRockObstagoon's rating: 1349 &rarr; <strong>1366<\/strong><br \/>(+17 for winning)\n","uploadtime":1700354907,"views":15,"p1id":"critcrit2016","p2id":"punkrockobstagoon","formatid":"gen9vgc2023regulatione","rating":1273,"private":0,"password":""}