{"id":"gen9vgc2023regulatione-1991451622","p1":"pizzakaps","p2":"jesusimpro14","format":"[Gen 9] VGC 2023 Regulation E","log":"|j|\u2606pizzakaps\n|j|\u2606jesusimpro14\n|t:|1700078255\n|gametype|doubles\n|player|p1|pizzakaps|unknown|1142\n|player|p2|jesusimpro14|lucas|1131\n|teamsize|p1|6\n|teamsize|p2|6\n|gen|9\n|tier|[Gen 9] VGC 2023 Regulation E\n|rated|\n|rule|Species Clause: Limit one of each Pok\u00e9mon\n|rule|Item Clause: Limit one of each item\n|clearpoke\n|poke|p1|Dondozo, L50, M|\n|poke|p1|Tatsugiri, L50, F|\n|poke|p1|Flamigo, L50, F|\n|poke|p1|Iron Hands, L50|\n|poke|p1|Wigglytuff, L50, M|\n|poke|p1|Indeedee-F, L50, F|\n|poke|p2|Glimmora, L50, F|\n|poke|p2|Ogerpon-Wellspring, L50, F|\n|poke|p2|Gholdengo, L50|\n|poke|p2|Iron Hands, L50|\n|poke|p2|Dondozo, L50, M|\n|poke|p2|Tatsugiri, L50, M|\n|teampreview|4\n|inactive|Battle timer is ON: inactive players will automatically lose when time's up. (requested by pizzakaps)\npizzakaps rejected open team sheets.\n|inactive|jesusimpro14 has 60 seconds left.\n|\n|t:|1700078323\n|start\n|switch|p1a: b e e|Tatsugiri, L50, F, shiny|100\/100\n|switch|p1b: Wigglytuff|Wigglytuff, L50, M|100\/100\n|switch|p2a: La T\u00f3xica|Glimmora, L50, F, shiny|100\/100\n|switch|p2b: Ogerpon|Ogerpon-Wellspring, L50, F|100\/100\n|turn|1\n|\n|t:|1700078338\n|move|p1a: b e e|Taunt|p2b: Ogerpon\n|-start|p2b: Ogerpon|move: Taunt\n|cant|p2b: Ogerpon|move: Taunt|Taunt\n|move|p2a: La T\u00f3xica|Sludge Bomb|p1b: Wigglytuff\n|-supereffective|p1b: Wigglytuff\n|-damage|p1b: Wigglytuff|3\/100\n|move|p1b: Wigglytuff|Perish Song|p1b: Wigglytuff\n|-start|p1a: b e e|perish3|[silent]\n|-start|p1b: Wigglytuff|perish3|[silent]\n|-start|p2a: La T\u00f3xica|perish3|[silent]\n|-start|p2b: Ogerpon|perish3|[silent]\n|-fieldactivate|move: Perish Song\n|\n|-start|p1a: b e e|perish3\n|-start|p2b: Ogerpon|perish3\n|-start|p2a: La T\u00f3xica|perish3\n|-start|p1b: Wigglytuff|perish3\n|upkeep\n|turn|2\n|inactive|pizzakaps has 30 seconds left.\n|inactive|jesusimpro14 has 30 seconds left.\n|\n|t:|1700078366\n|-terastallize|p2a: La T\u00f3xica|Grass\n|move|p1a: b e e|Protect|p1a: b e e\n|-singleturn|p1a: b e e|Protect\n|move|p1b: Wigglytuff|Protect|p1b: Wigglytuff\n|-singleturn|p1b: Wigglytuff|Protect\n|move|p2b: Ogerpon|Ivy Cudgel|p2a: La T\u00f3xica|[anim] Ivy Cudgel Water\n|-resisted|p2a: La T\u00f3xica\n|-damage|p2a: La T\u00f3xica|72\/100\n|-activate|p2a: La T\u00f3xica|ability: Toxic Debris\n|-sidestart|p1: pizzakaps|move: Toxic Spikes\n|move|p2a: La T\u00f3xica|Mortal Spin|p1b: Wigglytuff|[spread] \n|-activate|p1a: b e e|move: Protect\n|-activate|p1b: Wigglytuff|move: Protect\n|\n|-start|p1a: b e e|perish2\n|-start|p2b: Ogerpon|perish2\n|-start|p2a: La T\u00f3xica|perish2\n|-start|p1b: Wigglytuff|perish2\n|upkeep\n|turn|3\n|\n|t:|1700078390\n|switch|p1b: Blavingad|Dondozo, L50, M, shiny|100\/100\n|-activate|p1a: b e e|ability: Commander|[of] p1b: Blavingad\n|-boost|p1b: Blavingad|atk|2\n|-boost|p1b: Blavingad|spa|2\n|-boost|p1b: Blavingad|spe|2\n|-boost|p1b: Blavingad|def|2\n|-boost|p1b: Blavingad|spd|2\n|-status|p1b: Blavingad|psn\n|move|p2b: Ogerpon|Ivy Cudgel|p2a: La T\u00f3xica|[anim] Ivy Cudgel Water\n|-resisted|p2a: La T\u00f3xica\n|-damage|p2a: La T\u00f3xica|42\/100\n|-activate|p2a: La T\u00f3xica|ability: Toxic Debris\n|-sidestart|p1: pizzakaps|move: Toxic Spikes\n|move|p2a: La T\u00f3xica|Mortal Spin|p1a: b e e|[spread] p1b\n|-miss|p2a: La T\u00f3xica|p1a: b e e\n|-damage|p1b: Blavingad|99\/100 psn\n|\n|-damage|p1b: Blavingad|86\/100 psn|[from] psn\n|-end|p2b: Ogerpon|move: Taunt\n|-start|p1a: b e e|perish1\n|-start|p2b: Ogerpon|perish1\n|-start|p2a: La T\u00f3xica|perish1\n|upkeep\n|turn|4\n|\n|t:|1700078414\n|switch|p2b: El Se\u00f1or|Dondozo, L50, M, shiny|100\/100\n|switch|p2a: De la Noche|Tatsugiri, L50, M|100\/100\n|-activate|p2a: De la Noche|ability: Commander|[of] p2b: El Se\u00f1or\n|-boost|p2b: El Se\u00f1or|atk|2\n|-boost|p2b: El Se\u00f1or|spa|2\n|-boost|p2b: El Se\u00f1or|spe|2\n|-boost|p2b: El Se\u00f1or|def|2\n|-boost|p2b: El Se\u00f1or|spd|2\n|-terastallize|p1b: Blavingad|Dragon\n|move|p1b: Blavingad|Order Up|p2a: De la Noche|[miss]\n|-miss|p1b: Blavingad|p2a: De la Noche\n|\n|-damage|p1b: Blavingad|74\/100 psn|[from] psn\n|-start|p1a: b e e|perish0\n|upkeep\n|faint|p1a: b e e\n|\n|t:|1700078428\n|switch|p1a: birb?|Flamigo, L50, F, shiny|100\/100\n|-copyboost|p1a: birb?|p1b: Blavingad|[from] ability: Costar\n|turn|5\n|\n|t:|1700078443\n|move|p2b: El Se\u00f1or|Protect|p2b: El Se\u00f1or\n|-singleturn|p2b: El Se\u00f1or|Protect\n|move|p1a: birb?|Brave Bird|p2b: El Se\u00f1or\n|-activate|p2b: El Se\u00f1or|move: Protect\n|move|p1b: Blavingad|Order Up|p2b: El Se\u00f1or\n|-activate|p2b: El Se\u00f1or|move: Protect\n|\n|-damage|p1b: Blavingad|62\/100 psn|[from] psn\n|upkeep\n|turn|6\n|\n|t:|1700078455\n|move|p1a: birb?|Brave Bird|p2b: El Se\u00f1or\n|-damage|p2b: El Se\u00f1or|84\/100\n|-damage|p1a: birb?|94\/100|[from] Recoil\n|move|p2b: El Se\u00f1or|Order Up|p1b: Blavingad\n|-supereffective|p1b: Blavingad\n|-damage|p1b: Blavingad|37\/100 psn\n|-boost|p2b: El Se\u00f1or|atk|1\n|move|p1b: Blavingad|Order Up|p2b: El Se\u00f1or\n|-damage|p2b: El Se\u00f1or|60\/100\n|-boost|p1b: Blavingad|atk|1\n|\n|-heal|p2b: El Se\u00f1or|66\/100|[from] item: Leftovers\n|-damage|p1b: Blavingad|25\/100 psn|[from] psn\n|upkeep\n|-enditem|p1b: Blavingad|Figy Berry|[eat]\n|-heal|p1b: Blavingad|58\/100 psn|[from] item: Figy Berry\n|turn|7\n|\n|t:|1700078477\n|move|p2b: El Se\u00f1or|Protect|p2b: El Se\u00f1or\n|-singleturn|p2b: El Se\u00f1or|Protect\n|move|p1b: Blavingad|Protect|p1b: Blavingad\n|-singleturn|p1b: Blavingad|Protect\n|move|p1a: birb?|Brave Bird|p2b: El Se\u00f1or\n|-activate|p2b: El Se\u00f1or|move: Protect\n|\n|-heal|p2b: El Se\u00f1or|73\/100|[from] item: Leftovers\n|-damage|p1b: Blavingad|46\/100 psn|[from] psn\n|upkeep\n|turn|8\n|\n|t:|1700078491\n|move|p1a: birb?|Brave Bird|p2b: El Se\u00f1or\n|-damage|p2b: El Se\u00f1or|55\/100\n|-damage|p1a: birb?|87\/100|[from] Recoil\n|move|p2b: El Se\u00f1or|Wave Crash|p1a: birb?\n|-damage|p1a: birb?|0 fnt\n|faint|p1a: birb?\n|-damage|p2b: El Se\u00f1or|31\/100|[from] Recoil\n|move|p1b: Blavingad|Order Up|p2b: El Se\u00f1or\n|-damage|p2b: El Se\u00f1or|7\/100\n|-boost|p1b: Blavingad|atk|1\n|\n|-heal|p2b: El Se\u00f1or|13\/100|[from] item: Leftovers\n|-damage|p1b: Blavingad|33\/100 psn|[from] psn\n|upkeep\n|\n|t:|1700078509\n|switch|p1a: Wigglytuff|Wigglytuff, L50, M|3\/100\n|-status|p1a: Wigglytuff|tox\n|turn|9\n|c|\u2606jesusimpro14|ez\n|\n|t:|1700078519\n|move|p2b: El Se\u00f1or|Protect|p2b: El Se\u00f1or\n|-singleturn|p2b: El Se\u00f1or|Protect\n|move|p1b: Blavingad|Order Up|p2b: El Se\u00f1or\n|-activate|p2b: El Se\u00f1or|move: Protect\n|move|p1a: Wigglytuff|Heal Pulse|p1b: Blavingad\n|-heal|p1b: Blavingad|83\/100 psn\n|\n|-heal|p2b: El Se\u00f1or|20\/100|[from] item: Leftovers\n|-damage|p1b: Blavingad|71\/100 psn|[from] psn\n|-damage|p1a: Wigglytuff|0 fnt|[from] psn\n|faint|p1a: Wigglytuff\n|upkeep\n|turn|10\n|\n|t:|1700078533\n|move|p2b: El Se\u00f1or|Order Up|p1b: Blavingad\n|-supereffective|p1b: Blavingad\n|-damage|p1b: Blavingad|45\/100 psn\n|-boost|p2b: El Se\u00f1or|atk|1\n|move|p1b: Blavingad|Order Up|p2b: El Se\u00f1or\n|-damage|p2b: El Se\u00f1or|0 fnt\n|faint|p2b: El Se\u00f1or\n|-boost|p1b: Blavingad|atk|1\n|\n|-damage|p1b: Blavingad|33\/100 psn|[from] psn\n|upkeep\n|\n|t:|1700078554\n|switch|p2b: La T\u00f3xica|Glimmora, L50, F, shiny, tera:Grass|42\/100\n|turn|11\n|\n|t:|1700078561\n|move|p2a: De la Noche|Draco Meteor|p1b: Blavingad\n|-supereffective|p1b: Blavingad\n|-damage|p1b: Blavingad|0 fnt\n|-unboost|p2a: De la Noche|spa|2\n|faint|p1b: Blavingad\n|\n|win|jesusimpro14\n|raw|pizzakaps's rating: 1142 &rarr; <strong>1116<\/strong><br \/>(-26 for losing)\n|raw|jesusimpro14's rating: 1131 &rarr; <strong>1157<\/strong><br \/>(+26 for winning)\n|l|\u2606pizzakaps\n","uploadtime":1700078570,"views":12,"p1id":"pizzakaps","p2id":"jesusimpro14","formatid":"gen9vgc2023regulatione","rating":1116,"private":0,"password":""}