{"id":"gen9vgc2023regulatione-1994009591","p1":"Slowbro1234","p2":"Shneakster","format":"[Gen 9] VGC 2023 Regulation E","log":"|j|\u2606Slowbro1234\n|j|\u2606Shneakster\n|t:|1700392878\n|gametype|doubles\n|player|p1|Slowbro1234|1|1034\n|player|p2|Shneakster|bianca|1043\n|teamsize|p1|6\n|teamsize|p2|6\n|gen|9\n|tier|[Gen 9] VGC 2023 Regulation E\n|rated|\n|rule|Species Clause: Limit one of each Pok\u00e9mon\n|rule|Item Clause: Limit one of each item\n|clearpoke\n|poke|p1|Annihilape, L50, F|\n|poke|p1|Ting-Lu, L50|\n|poke|p1|Baxcalibur, L50, M|\n|poke|p1|Urshifu-*, L50, M|\n|poke|p1|Meowscarada, L50, M|\n|poke|p1|Cresselia, L50, F|\n|poke|p2|Tornadus, L50, M|\n|poke|p2|Politoed, L50, M|\n|poke|p2|Zapdos, L50|\n|poke|p2|Ogerpon-Wellspring, L50, F|\n|poke|p2|Iron Hands, L50|\n|poke|p2|Sinistcha, L50|\n|teampreview|4\n|inactive|Battle timer is ON: inactive players will automatically lose when time's up. (requested by Shneakster)\n|inactive|Shneakster has 60 seconds left.\n|\n|t:|1700392913\n|start\n|switch|p1a: Ting-Lu|Ting-Lu, L50|100\/100\n|switch|p1b: Cresselia|Cresselia, L50, F|100\/100\n|switch|p2a: Tornadus|Tornadus, L50, M, shiny|100\/100\n|switch|p2b: Politoed|Politoed, L50, M, shiny|100\/100\n|-weather|RainDance|[from] ability: Drizzle|[of] p2b: Politoed\n|-ability|p1a: Ting-Lu|Vessel of Ruin\n|turn|1\n|inactive|Slowbro1234 has 30 seconds left.\n|inactive|Slowbro1234 has 20 seconds left.\n|\n|t:|1700392950\n|switch|p1a: Baxcalibur|Baxcalibur, L50, M|100\/100\n|move|p1b: Cresselia|Protect|p1b: Cresselia\n|-singleturn|p1b: Cresselia|Protect\n|move|p2a: Tornadus|Tailwind|p2a: Tornadus\n|-sidestart|p2: Shneakster|move: Tailwind\n|move|p2b: Politoed|Chilling Water|p1a: Baxcalibur\n|-resisted|p1a: Baxcalibur\n|-damage|p1a: Baxcalibur|90\/100\n|-unboost|p1a: Baxcalibur|atk|1\n|\n|-weather|RainDance|[upkeep]\n|upkeep\n|turn|2\n|inactive|Slowbro1234 has 30 seconds left.\n|inactive|Shneakster has 30 seconds left.\n|\n|t:|1700392981\n|move|p1b: Cresselia|Protect||[still]\n|-fail|p1b: Cresselia\n|move|p2a: Tornadus|Taunt|p1b: Cresselia\n|-start|p1b: Cresselia|move: Taunt\n|move|p2b: Politoed|Perish Song|p2b: Politoed\n|-start|p1a: Baxcalibur|perish3|[silent]\n|-start|p1b: Cresselia|perish3|[silent]\n|-start|p2a: Tornadus|perish3|[silent]\n|-start|p2b: Politoed|perish3|[silent]\n|-fieldactivate|move: Perish Song\n|move|p1a: Baxcalibur|Icicle Spear|p2a: Tornadus\n|-supereffective|p2a: Tornadus\n|-damage|p2a: Tornadus|80\/100\n|-supereffective|p2a: Tornadus\n|-damage|p2a: Tornadus|58\/100\n|-supereffective|p2a: Tornadus\n|-damage|p2a: Tornadus|38\/100\n|-supereffective|p2a: Tornadus\n|-damage|p2a: Tornadus|16\/100\n|-hitcount|p2a: Tornadus|4\n|\n|-weather|RainDance|[upkeep]\n|-start|p2a: Tornadus|perish3\n|-start|p2b: Politoed|perish3\n|-start|p1a: Baxcalibur|perish3\n|-start|p1b: Cresselia|perish3\n|upkeep\n|turn|3\n|inactive|Shneakster has 30 seconds left.\n|\n|t:|1700393007\n|move|p2a: Tornadus|Protect|p2a: Tornadus\n|-singleturn|p2a: Tornadus|Protect\n|move|p1a: Baxcalibur|Ice Shard|p2a: Tornadus\n|-activate|p2a: Tornadus|move: Protect\n|move|p2b: Politoed|Chilling Water|p1a: Baxcalibur\n|-resisted|p1a: Baxcalibur\n|-damage|p1a: Baxcalibur|78\/100\n|-unboost|p1a: Baxcalibur|atk|1\n|move|p1b: Cresselia|Moonblast|p2b: Politoed\n|-damage|p2b: Politoed|81\/100\n|-unboost|p2b: Politoed|spa|1\n|\n|-weather|RainDance|[upkeep]\n|-start|p2a: Tornadus|perish2\n|-start|p2b: Politoed|perish2\n|-start|p1a: Baxcalibur|perish2\n|-start|p1b: Cresselia|perish2\n|upkeep\n|turn|4\n|inactive|Slowbro1234 has 30 seconds left.\n|inactive|Shneakster has 30 seconds left.\n|\n|t:|1700393035\n|switch|p2b: Sinistcha|Sinistcha, L50|100\/100\n|-heal|p2a: Tornadus|40\/100|[from] ability: Hospitality|[of] p2b: Sinistcha\n|switch|p1b: Meowscarada|Meowscarada, L50, M|100\/100\n|move|p1a: Baxcalibur|Ice Shard|p2a: Tornadus\n|-supereffective|p2a: Tornadus\n|-damage|p2a: Tornadus|16\/100\n|move|p2a: Tornadus|Bleakwind Storm|p1b: Meowscarada|[spread] p1a,p1b\n|-supereffective|p1b: Meowscarada\n|-damage|p1a: Baxcalibur|40\/100\n|-damage|p1b: Meowscarada|0 fnt\n|-unboost|p1a: Baxcalibur|spe|1\n|faint|p1b: Meowscarada\n|\n|-weather|RainDance|[upkeep]\n|-start|p2a: Tornadus|perish1\n|-start|p1a: Baxcalibur|perish1\n|-sideend|p2: Shneakster|move: Tailwind\n|upkeep\n|\n|t:|1700393052\n|switch|p1b: Ting-Lu|Ting-Lu, L50|100\/100\n|-ability|p1b: Ting-Lu|Vessel of Ruin\n|turn|5\n|\n|t:|1700393075\n|switch|p2a: Politoed|Politoed, L50, M, shiny|81\/100\n|switch|p1a: Cresselia|Cresselia, L50, F|100\/100\n|-terastallize|p1b: Ting-Lu|Poison\n|move|p2b: Sinistcha|Scald|p1b: Ting-Lu\n|-damage|p1b: Ting-Lu|89\/100\n|-status|p1b: Ting-Lu|brn\n|move|p1b: Ting-Lu|Throat Chop|p2b: Sinistcha\n|-supereffective|p2b: Sinistcha\n|-damage|p2b: Sinistcha|78\/100\n|-start|p2b: Sinistcha|Throat Chop|[silent]\n|-enditem|p2b: Sinistcha|Eject Button\n|-message|Slowbro1234 forfeited.\n|\n|win|Shneakster\n|raw|Slowbro1234's rating: 1034 &rarr; <strong>1019<\/strong><br \/>(-15 for losing)\n|raw|Shneakster's rating: 1043 &rarr; <strong>1076<\/strong><br \/>(+33 for winning)\n|l|\u2606Slowbro1234\n","uploadtime":1700393097,"views":24,"p1id":"slowbro1234","p2id":"shneakster","formatid":"gen9vgc2023regulatione","rating":1019,"private":0,"password":""}