{"id":"gen9vgc2023regulatione-1994837475","p1":"lonelymexicant","p2":"Fb2020","format":"[Gen 9] VGC 2023 Regulation E","log":"|j|\u2606lonelymexicant\n|j|\u203dFb2020\n|t:|1700497372\n|gametype|doubles\n|player|p1|lonelymexicant|gambler|1135\n|player|p2|Fb2020|170|1113\n|teamsize|p1|6\n|teamsize|p2|6\n|gen|9\n|tier|[Gen 9] VGC 2023 Regulation E\n|rated|\n|rule|Species Clause: Limit one of each Pok\u00e9mon\n|rule|Item Clause: Limit one of each item\n|clearpoke\n|poke|p1|Urshifu-*, L50, F|\n|poke|p1|Kingambit, L50, F|\n|poke|p1|Sinistcha, L50|\n|poke|p1|Goodra-Hisui, L50, M|\n|poke|p1|Tornadus, L50, M|\n|poke|p1|Landorus-Therian, L50, M|\n|poke|p2|Sinistcha, L50|\n|poke|p2|Iron Hands, L50|\n|poke|p2|Flutter Mane, L50|\n|poke|p2|Ogerpon-Wellspring, L50, F|\n|poke|p2|Arcanine-Hisui, L50, M|\n|poke|p2|Ursaluna-Bloodmoon, L50, M|\n|teampreview|4\n|inactive|Battle timer is ON: inactive players will automatically lose when time's up. (requested by lonelymexicant)\nlonelymexicant rejected open team sheets.\n|inactive|Fb2020 has 60 seconds left.\n|\n|t:|1700497432\n|start\n|switch|p1a: Goodra|Goodra-Hisui, L50, M|100\/100\n|switch|p1b: Tornadus|Tornadus, L50, M|100\/100\n|switch|p2a: Flutter Mane|Flutter Mane, L50|100\/100\n|switch|p2b: Iron Hands|Iron Hands, L50|100\/100\n|turn|1\n|\n|t:|1700497453\n|move|p2b: Iron Hands|Fake Out|p1a: Goodra\n|-resisted|p1a: Goodra\n|-damage|p1a: Goodra|94\/100\n|move|p1b: Tornadus|Tailwind|p1b: Tornadus\n|-sidestart|p1: lonelymexicant|move: Tailwind\n|move|p2a: Flutter Mane|Icy Wind|p1a: Goodra|[spread] p1a,p1b\n|-supereffective|p1b: Tornadus\n|-damage|p1a: Goodra|84\/100\n|-damage|p1b: Tornadus|39\/100\n|-unboost|p1a: Goodra|spe|1\n|cant|p1a: Goodra|flinch\n|\n|upkeep\n|turn|2\n|\n|t:|1700497476\n|move|p1b: Tornadus|Bleakwind Storm|p2b: Iron Hands|[spread] p2a\n|-miss|p1b: Tornadus|p2b: Iron Hands\n|-damage|p2a: Flutter Mane|64\/100\n|move|p2a: Flutter Mane|Icy Wind|p1b: Tornadus|[spread] p1a,p1b\n|-supereffective|p1b: Tornadus\n|-damage|p1a: Goodra|74\/100\n|-damage|p1b: Tornadus|0 fnt\n|-unboost|p1a: Goodra|spe|1\n|faint|p1b: Tornadus\n|move|p2b: Iron Hands|Drain Punch|p1a: Goodra\n|-supereffective|p1a: Goodra\n|-damage|p1a: Goodra|0 fnt\n|faint|p1a: Goodra\n|\n|upkeep\n|\n|t:|1700497489\n|switch|p1b: Kingambit|Kingambit, L50, F|100\/100\n|switch|p1a: Landorus|Landorus-Therian, L50, M|100\/100\n|-ability|p1a: Landorus|Intimidate|boost\n|-unboost|p2a: Flutter Mane|atk|1\n|-unboost|p2b: Iron Hands|atk|1\n|-activate|p1b: Kingambit|ability: Supreme Overlord\n|-start|p1b: Kingambit|fallen2|[silent]\n|turn|3\n|inactive|Fb2020 has 30 seconds left.\n|inactive|Fb2020 has 20 seconds left.\n|\n|t:|1700497527\n|-end|p2a: Flutter Mane|Protosynthesis|[silent]\n|switch|p2a: Arcanine|Arcanine-Hisui, L50, M|100\/100\n|-ability|p2a: Arcanine|Intimidate|boost\n|-unboost|p1a: Landorus|atk|1\n|-unboost|p1b: Kingambit|atk|1\n|-end|p2b: Iron Hands|Quark Drive|[silent]\n|switch|p2b: Ogerpon|Ogerpon-Wellspring, L50, F|100\/100\n|-terastallize|p1b: Kingambit|Ghost\n|move|p1a: Landorus|Earthquake|p2b: Ogerpon|[spread] p1b,p2a,p2b\n|-supereffective|p2a: Arcanine\n|-resisted|p2b: Ogerpon\n|-damage|p1b: Kingambit|80\/100\n|-damage|p2a: Arcanine|0 fnt\n|-damage|p2b: Ogerpon|87\/100\n|faint|p2a: Arcanine\n|move|p1b: Kingambit|Swords Dance|p1b: Kingambit\n|-boost|p1b: Kingambit|atk|2\n|\n|-heal|p1b: Kingambit|86\/100|[from] item: Leftovers\n|upkeep\n|\n|t:|1700497551\n|switch|p2a: Flutter Mane|Flutter Mane, L50|64\/100\n|turn|4\n|\n|t:|1700497572\n|-terastallize|p2a: Flutter Mane|Fairy\n|move|p1a: Landorus|Earthquake|p2a: Flutter Mane|[spread] p1b,p2a,p2b\n|-resisted|p2b: Ogerpon\n|-damage|p1b: Kingambit|63\/100\n|-damage|p2a: Flutter Mane|0 fnt\n|-damage|p2b: Ogerpon|72\/100\n|faint|p2a: Flutter Mane\n|-end|p2a: Flutter Mane|Protosynthesis|[silent]\n|move|p1b: Kingambit|Iron Head|p2b: Ogerpon\n|-resisted|p2b: Ogerpon\n|-damage|p2b: Ogerpon|31\/100\n|cant|p2b: Ogerpon|flinch\n|\n|-heal|p1b: Kingambit|68\/100|[from] item: Leftovers\n|-sideend|p1: lonelymexicant|move: Tailwind\n|upkeep\n|\n|t:|1700497586\n|switch|p2a: Iron Hands|Iron Hands, L50|100\/100\n|turn|5\n|\n|t:|1700497601\n|move|p2a: Iron Hands|Fake Out|p1a: Landorus\n|-damage|p1a: Landorus|86\/100\n|move|p2b: Ogerpon|Horn Leech|p1b: Kingambit\n|-damage|p1b: Kingambit|35\/100\n|-heal|p2b: Ogerpon|46\/100|[from] drain|[of] p1b: Kingambit\n|cant|p1a: Landorus|flinch\n|move|p1b: Kingambit|Swords Dance|p1b: Kingambit\n|-boost|p1b: Kingambit|atk|2\n|\n|-heal|p1b: Kingambit|41\/100|[from] item: Leftovers\n|upkeep\n|turn|6\n|\n|t:|1700497623\n|move|p1b: Kingambit|Sucker Punch|p2b: Ogerpon\n|-damage|p2b: Ogerpon|0 fnt\n|faint|p2b: Ogerpon\n|move|p1a: Landorus|Rock Slide|p2a: Iron Hands\n|-resisted|p2a: Iron Hands\n|-damage|p2a: Iron Hands|95\/100\n|move|p2a: Iron Hands|Wild Charge|p1b: Kingambit\n|-damage|p1b: Kingambit|0 fnt\n|faint|p1b: Kingambit\n|-end|p1b: Kingambit|fallen2|[silent]\n|-damage|p2a: Iron Hands|87\/100|[from] Recoil\n|\n|upkeep\n|turn|7\n|\n|t:|1700497642\n|move|p1a: Landorus|Earthquake|p2a: Iron Hands\n|-supereffective|p2a: Iron Hands\n|-damage|p2a: Iron Hands|37\/100\n|move|p2a: Iron Hands|Heavy Slam|p1a: Landorus\n|-damage|p1a: Landorus|42\/100\n|-enditem|p1a: Landorus|Sitrus Berry|[eat]\n|-heal|p1a: Landorus|67\/100|[from] item: Sitrus Berry\n|\n|upkeep\n|turn|8\n|\n|t:|1700497652\n|move|p1a: Landorus|Earthquake|p2a: Iron Hands\n|-supereffective|p2a: Iron Hands\n|-damage|p2a: Iron Hands|0 fnt\n|faint|p2a: Iron Hands\n|-end|p2a: Iron Hands|Quark Drive|[silent]\n|\n|win|lonelymexicant\n|raw|lonelymexicant's rating: 1135 &rarr; <strong>1158<\/strong><br \/>(+23 for winning)\n|raw|Fb2020's rating: 1113 &rarr; <strong>1090<\/strong><br \/>(-23 for losing)\n|l|\u203dFb2020\n|l|\u2606lonelymexicant\n|j|\u2606lonelymexicant\n|player|p1|lonelymexicant|gambler\n","uploadtime":1700497732,"views":1,"p1id":"lonelymexicant","p2id":"fb2020","formatid":"gen9vgc2023regulatione","rating":1090,"private":0,"password":""}