{"id":"gen9vgc2023regulatione-1988871063","p1":"bananas4breakfast","p2":"Fluwito","format":"[Gen 9] VGC 2023 Regulation E","log":"|j|\u2606bananas4breakfast\n|j|\u2606Fluwito\n|t:|1699777950\n|gametype|doubles\n|player|p1|bananas4breakfast|backersf|1387\n|player|p2|Fluwito|red|1398\n|teamsize|p1|6\n|teamsize|p2|6\n|gen|9\n|tier|[Gen 9] VGC 2023 Regulation E\n|rated|\n|rule|Species Clause: Limit one of each Pok\u00e9mon\n|rule|Item Clause: Limit one of each item\n|clearpoke\n|poke|p1|Chien-Pao, L50|\n|poke|p1|Tornadus, L50, M|\n|poke|p1|Urshifu-*, L50, M|\n|poke|p1|Iron Hands, L50|\n|poke|p1|Arcanine-Hisui, L50, M|\n|poke|p1|Sinistcha, L50|\n|poke|p2|Landorus-Therian, L50, M|\n|poke|p2|Ogerpon-Wellspring, L50, F|\n|poke|p2|Iron Hands, L50|\n|poke|p2|Roaring Moon, L50|\n|poke|p2|Weezing, L50, F|\n|poke|p2|Flutter Mane, L50|\n|teampreview|4\n|\n|t:|1699777993\n|start\n|switch|p1a: Tornadus|Tornadus, L50, M|100\/100\n|switch|p1b: Urshifu|Urshifu-Rapid-Strike, L50, M|100\/100\n|switch|p2a: Weezing|Weezing, L50, F|100\/100\n|switch|p2b: Roaring Moon|Roaring Moon, L50|100\/100\n|-ability|p2a: Weezing|Neutralizing Gas\n|-enditem|p2b: Roaring Moon|Booster Energy\n|-activate|p2b: Roaring Moon|ability: Protosynthesis|[fromitem]\n|-start|p2b: Roaring Moon|protosynthesisatk\n|turn|1\n|\n|t:|1699778016\n|-terastallize|p2b: Roaring Moon|Flying\n|move|p1b: Urshifu|Close Combat|p2b: Roaring Moon\n|-resisted|p2b: Roaring Moon\n|-damage|p2b: Roaring Moon|56\/100\n|-unboost|p1b: Urshifu|def|1\n|-unboost|p1b: Urshifu|spd|1\n|move|p2b: Roaring Moon|Acrobatics|p1a: Tornadus\n|-damage|p1a: Tornadus|0 fnt\n|faint|p1a: Tornadus\n|move|p2a: Weezing|Will-O-Wisp|p1b: Urshifu\n|-status|p1b: Urshifu|brn\n|\n|-damage|p1b: Urshifu|94\/100 brn|[from] brn\n|upkeep\n|\n|t:|1699778031\n|switch|p1a: Arcanine|Arcanine-Hisui, L50, M|100\/100\n|turn|2\n|\n|t:|1699778063\n|-end|p2a: Weezing|ability: Neutralizing Gas\n|-ability|p1a: Arcanine|Intimidate|boost\n|-unboost|p2a: Weezing|atk|1\n|-unboost|p2b: Roaring Moon|atk|1\n|switch|p2a: Ogerpon|Ogerpon-Wellspring, L50, F|100\/100\n|move|p1a: Arcanine|Extreme Speed|p2b: Roaring Moon\n|-damage|p2b: Roaring Moon|5\/100\n|move|p1b: Urshifu|Close Combat|p2b: Roaring Moon\n|-resisted|p2b: Roaring Moon\n|-damage|p2b: Roaring Moon|0 fnt\n|-unboost|p1b: Urshifu|def|1\n|-unboost|p1b: Urshifu|spd|1\n|faint|p2b: Roaring Moon\n|-end|p2b: Roaring Moon|Protosynthesis|[silent]\n|\n|-damage|p1b: Urshifu|88\/100 brn|[from] brn\n|upkeep\n|\n|t:|1699778082\n|switch|p2b: Iron Hands|Iron Hands, L50|100\/100\n|turn|3\n|\n|t:|1699778110\n|switch|p1b: Sinistcha|Sinistcha, L50|100\/100\n|-terastallize|p1a: Arcanine|Fairy\n|move|p2b: Iron Hands|Fake Out|p1b: Sinistcha\n|-immune|p1b: Sinistcha\n|move|p1a: Arcanine|Extreme Speed|p2a: Ogerpon\n|-damage|p2a: Ogerpon|42\/100\n|move|p2a: Ogerpon|Ivy Cudgel|p1a: Arcanine\n|-damage|p1a: Arcanine|33\/100\n|\n|upkeep\n|turn|4\n|\n|t:|1699778136\n|move|p2a: Ogerpon|Spiky Shield|p2a: Ogerpon\n|-singleturn|p2a: Ogerpon|move: Protect\n|move|p1a: Arcanine|Extreme Speed|p2a: Ogerpon\n|-activate|p2a: Ogerpon|move: Protect\n|-damage|p1a: Arcanine|21\/100|[from] Spiky Shield|[of] p2a: Ogerpon\n|move|p1b: Sinistcha|Nasty Plot|p1b: Sinistcha\n|-boost|p1b: Sinistcha|spa|2\n|move|p2b: Iron Hands|Heavy Slam|p1a: Arcanine\n|-supereffective|p1a: Arcanine\n|-damage|p1a: Arcanine|0 fnt\n|faint|p1a: Arcanine\n|\n|upkeep\n|\n|t:|1699778140\n|switch|p1a: Urshifu|Urshifu-Rapid-Strike, L50, M|88\/100 brn\n|turn|5\n|\n|t:|1699778155\n|switch|p2a: Weezing|Weezing, L50, F|100\/100\n|-ability|p2a: Weezing|Neutralizing Gas\n|move|p1a: Urshifu|Close Combat|p2a: Weezing\n|-resisted|p2a: Weezing\n|-damage|p2a: Weezing|85\/100\n|-unboost|p1a: Urshifu|def|1\n|-unboost|p1a: Urshifu|spd|1\n|move|p1b: Sinistcha|Nasty Plot|p1b: Sinistcha\n|-boost|p1b: Sinistcha|spa|2\n|move|p2b: Iron Hands|Wild Charge|p1a: Urshifu\n|-supereffective|p1a: Urshifu\n|-damage|p1a: Urshifu|0 fnt\n|faint|p1a: Urshifu\n|-damage|p2b: Iron Hands|85\/100|[from] Recoil\n|\n|upkeep\n|turn|6\n|\n|t:|1699778183\n|move|p1b: Sinistcha|Shadow Ball|p2a: Weezing\n|-damage|p2a: Weezing|0 fnt\n|faint|p2a: Weezing\n|-end|p2a: Weezing|ability: Neutralizing Gas\n|move|p2b: Iron Hands|Heavy Slam|p1b: Sinistcha\n|-damage|p1b: Sinistcha|56\/100\n|\n|upkeep\n|\n|t:|1699778192\n|switch|p2a: Ogerpon|Ogerpon-Wellspring, L50, F|42\/100\n|turn|7\n|\n|t:|1699778203\n|move|p2a: Ogerpon|Ivy Cudgel|p1b: Sinistcha\n|-resisted|p1b: Sinistcha\n|-damage|p1b: Sinistcha|30\/100\n|-enditem|p1b: Sinistcha|Sitrus Berry|[eat]\n|-heal|p1b: Sinistcha|54\/100|[from] item: Sitrus Berry\n|move|p1b: Sinistcha|Matcha Gotcha|p2b: Iron Hands|[spread] p2b\n|-miss|p1b: Sinistcha|p2a: Ogerpon\n|-damage|p2b: Iron Hands|32\/100\n|-heal|p1b: Sinistcha|93\/100|[from] drain|[of] p2b: Iron Hands\n|move|p2b: Iron Hands|Heavy Slam|p1b: Sinistcha\n|-damage|p1b: Sinistcha|49\/100\n|\n|upkeep\n|turn|8\n|\n|t:|1699778215\n|move|p2a: Ogerpon|Ivy Cudgel|p1b: Sinistcha\n|-resisted|p1b: Sinistcha\n|-crit|p1b: Sinistcha\n|-damage|p1b: Sinistcha|6\/100\n|move|p1b: Sinistcha|Matcha Gotcha|p2a: Ogerpon|[spread] p2a,p2b\n|-damage|p2a: Ogerpon|0 fnt\n|-heal|p1b: Sinistcha|24\/100|[from] drain|[of] p2a: Ogerpon\n|-damage|p2b: Iron Hands|0 fnt\n|-heal|p1b: Sinistcha|47\/100|[from] drain|[of] p2b: Iron Hands\n|faint|p2a: Ogerpon\n|faint|p2b: Iron Hands\n|-end|p2b: Iron Hands|Quark Drive|[silent]\n|\n|win|bananas4breakfast\n|raw|bananas4breakfast's rating: 1387 &rarr; <strong>1408<\/strong><br \/>(+21 for winning)\n|raw|Fluwito's rating: 1398 &rarr; <strong>1377<\/strong><br \/>(-21 for losing)\n","uploadtime":1699778221,"views":22,"p1id":"bananas4breakfast","p2id":"fluwito","formatid":"gen9vgc2023regulatione","rating":1377,"private":0,"password":""}