{"id":"gen9vgc2023regulatione-1990187372","p1":"Sgt_Beans_0_0","p2":"TheLronGiant","format":"[Gen 9] VGC 2023 Regulation E","log":"|j|\u2606Sgt_Beans_0_0\n|j|\u2606TheLronGiant\n|t:|1699934626\n|gametype|doubles\n|player|p1|Sgt_Beans_0_0|roxie|1279\n|player|p2|TheLronGiant|fisherman|1181\n|teamsize|p1|6\n|teamsize|p2|6\n|gen|9\n|tier|[Gen 9] VGC 2023 Regulation E\n|rated|\n|rule|Species Clause: Limit one of each Pok\u00e9mon\n|rule|Item Clause: Limit one of each item\n|clearpoke\n|poke|p1|Ursaluna-Bloodmoon, L50, M|\n|poke|p1|Dragalge, L50, M|\n|poke|p1|Farigiraf, L50, F|\n|poke|p1|Iron Hands, L50|\n|poke|p1|Landorus-Therian, L50, M|\n|poke|p1|Chi-Yu, L50|\n|poke|p2|Heatran, L50, M|\n|poke|p2|Tyranitar, L50, F|\n|poke|p2|Oranguru, L50, M|\n|poke|p2|Ogerpon-Wellspring, L50, F|\n|poke|p2|Flutter Mane, L50|\n|poke|p2|Iron Hands, L50|\n|teampreview|4\n|inactive|Battle timer is ON: inactive players will automatically lose when time's up. (requested by TheLronGiant)\nTheLronGiant has agreed to open team sheets.\n|inactive|Sgt_Beans_0_0 has 60 seconds left.\n|inactive|TheLronGiant has 60 seconds left.\n|\n|t:|1699934683\n|start\n|switch|p1a: Farigiraf|Farigiraf, L50, F|100\/100\n|switch|p1b: Landorus|Landorus-Therian, L50, M|100\/100\n|switch|p2a: Flutter Mane|Flutter Mane, L50|100\/100\n|switch|p2b: Iron Hands|Iron Hands, L50|100\/100\n|-ability|p1b: Landorus|Intimidate|boost\n|-unboost|p2a: Flutter Mane|atk|1\n|-unboost|p2b: Iron Hands|atk|1\n|-enditem|p2a: Flutter Mane|Booster Energy\n|-activate|p2a: Flutter Mane|ability: Protosynthesis|[fromitem]\n|-start|p2a: Flutter Mane|protosynthesisspe\n|turn|1\n|inactive|Sgt_Beans_0_0 has 30 seconds left.\n|inactive|TheLronGiant has 30 seconds left.\n|inactive|Sgt_Beans_0_0 has 20 seconds left.\n|inactive|TheLronGiant has 20 seconds left.\n|inactive|Sgt_Beans_0_0 has 15 seconds left.\n|inactive|TheLronGiant has 15 seconds left.\n|inactive|Sgt_Beans_0_0 has 10 seconds left.\n|\n|t:|1699934728\n|move|p2a: Flutter Mane|Protect|p2a: Flutter Mane\n|-singleturn|p2a: Flutter Mane|Protect\n|move|p1b: Landorus|Stomping Tantrum|p2b: Iron Hands\n|-supereffective|p2b: Iron Hands\n|-damage|p2b: Iron Hands|38\/100\n|move|p2b: Iron Hands|Heavy Slam|p1b: Landorus\n|-damage|p1b: Landorus|68\/100\n|move|p1a: Farigiraf|Trick Room|p1a: Farigiraf\n|-fieldstart|move: Trick Room|[of] p1a: Farigiraf\n|\n|upkeep\n|turn|2\n|inactive|Sgt_Beans_0_0 has 30 seconds left.\n|inactive|TheLronGiant has 30 seconds left.\n|inactive|Sgt_Beans_0_0 has 20 seconds left.\n|inactive|Sgt_Beans_0_0 has 15 seconds left.\n|\n|t:|1699934768\n|switch|p1a: Dragalge|Dragalge, L50, M, shiny|100\/100\n|move|p2b: Iron Hands|Drain Punch|p1a: Dragalge\n|-resisted|p1a: Dragalge\n|-damage|p1a: Dragalge|86\/100\n|-heal|p2b: Iron Hands|43\/100|[from] drain|[of] p1a: Dragalge\n|move|p1b: Landorus|Stomping Tantrum|p2a: Flutter Mane\n|-crit|p2a: Flutter Mane\n|-damage|p2a: Flutter Mane|0 fnt\n|faint|p2a: Flutter Mane\n|-end|p2a: Flutter Mane|Protosynthesis|[silent]\n|\n|-heal|p1a: Dragalge|92\/100|[from] item: Black Sludge\n|upkeep\n|\n|t:|1699934784\n|switch|p2a: Heatran|Heatran, L50, M|100\/100\n|turn|3\n|inactive|TheLronGiant has 30 seconds left.\n|inactive|TheLronGiant has 20 seconds left.\n|inactive|TheLronGiant has 15 seconds left.\n|\n|t:|1699934825\n|move|p1a: Dragalge|Protect|p1a: Dragalge\n|-singleturn|p1a: Dragalge|Protect\n|move|p2b: Iron Hands|Heavy Slam|p1b: Landorus\n|-damage|p1b: Landorus|32\/100\n|move|p2a: Heatran|Heat Wave|p1a: Dragalge|[spread] p1b\n|-activate|p1a: Dragalge|move: Protect\n|-damage|p1b: Landorus|0 fnt\n|faint|p1b: Landorus\n|\n|-heal|p1a: Dragalge|98\/100|[from] item: Black Sludge\n|upkeep\n|\n|t:|1699934839\n|switch|p1b: Ursaluna|Ursaluna-Bloodmoon, L50, M|100\/100\n|turn|4\n|\n|t:|1699934858\n|-terastallize|p1b: Ursaluna|Normal\n|-terastallize|p2a: Heatran|Flying\n|move|p1a: Dragalge|Acid Spray|p2a: Heatran\n|-damage|p2a: Heatran|82\/100\n|-unboost|p2a: Heatran|spd|2\n|move|p1b: Ursaluna|Hyper Voice|p2b: Iron Hands|[spread] p2a,p2b\n|-damage|p2a: Heatran|0 fnt\n|-damage|p2b: Iron Hands|0 fnt\n|faint|p2a: Heatran\n|faint|p2b: Iron Hands\n|-end|p2b: Iron Hands|Quark Drive|[silent]\n|-damage|p1b: Ursaluna|91\/100|[from] item: Life Orb\n|\n|-heal|p1a: Dragalge|100\/100|[from] item: Black Sludge\n|upkeep\n|\n|t:|1699934873\n|switch|p2a: Tyranitar|Tyranitar, L50, F|100\/100\n|-weather|Sandstorm|[from] ability: Sand Stream|[of] p2a: Tyranitar\n|turn|5\n|\n|t:|1699934886\n|move|p1a: Dragalge|Acid Spray|p2a: Tyranitar\n|-resisted|p2a: Tyranitar\n|-damage|p2a: Tyranitar|94\/100\n|move|p1b: Ursaluna|Earth Power|p2a: Tyranitar\n|-supereffective|p2a: Tyranitar\n|-damage|p2a: Tyranitar|19\/100\n|-damage|p1b: Ursaluna|81\/100|[from] item: Life Orb\n|move|p2a: Tyranitar|Knock Off|p1b: Ursaluna\n|-damage|p1b: Ursaluna|40\/100\n|-enditem|p1b: Ursaluna|Life Orb|[from] move: Knock Off|[of] p2a: Tyranitar\n|\n|-weather|Sandstorm|[upkeep]\n|-damage|p1a: Dragalge|95\/100|[from] Sandstorm\n|-damage|p1b: Ursaluna|34\/100|[from] Sandstorm\n|-heal|p1a: Dragalge|100\/100|[from] item: Black Sludge\n|-fieldend|move: Trick Room\n|upkeep\n|turn|6\n|\n|t:|1699934908\n|move|p1b: Ursaluna|Protect|p1b: Ursaluna\n|-singleturn|p1b: Ursaluna|Protect\n|move|p2a: Tyranitar|Rock Slide|p1a: Dragalge|[spread] p1a\n|-activate|p1b: Ursaluna|move: Protect\n|-damage|p1a: Dragalge|67\/100\n|move|p1a: Dragalge|Draco Meteor|p2a: Tyranitar\n|-damage|p2a: Tyranitar|0 fnt\n|-unboost|p1a: Dragalge|spa|2\n|faint|p2a: Tyranitar\n|\n|win|Sgt_Beans_0_0\n|raw|Sgt_Beans_0_0's rating: 1279 &rarr; <strong>1297<\/strong><br \/>(+18 for winning)\n|raw|TheLronGiant's rating: 1181 &rarr; <strong>1163<\/strong><br \/>(-18 for losing)\n|c|\u2606TheLronGiant|gg\n|c|\u2606Sgt_Beans_0_0|Gg\n","uploadtime":1699934949,"views":10,"p1id":"sgtbeans00","p2id":"thelrongiant","formatid":"gen9vgc2023regulatione","rating":1163,"private":0,"password":""}