{"id":"gen9vgc2023regulatione-1998146709","p1":"Pojer","p2":"haamgamer07-R","format":"[Gen 9] VGC 2023 Regulation E","log":"|j|\u2606Pojer\n|j|\u2606haamgamer07-R\n|t:|1700900365\n|gametype|doubles\n|player|p1|Pojer|benga|1287\n|player|p2|haamgamer07-R|169|1165\n|teamsize|p1|6\n|teamsize|p2|6\n|gen|9\n|tier|[Gen 9] VGC 2023 Regulation E\n|rated|\n|rule|Species Clause: Limit one of each Pok\u00e9mon\n|rule|Item Clause: Limit one of each item\n|clearpoke\n|poke|p1|Urshifu-*, L50, F|\n|poke|p1|Arcanine-Hisui, L50, F|\n|poke|p1|Tornadus, L50, M|\n|poke|p1|Flutter Mane, L50|\n|poke|p1|Rillaboom, L50, M|\n|poke|p1|Chien-Pao, L50|\n|poke|p2|Ursaluna, L50, M|\n|poke|p2|Roaring Moon, L50|\n|poke|p2|Armarouge, L50, F|\n|poke|p2|Torkoal, L50, M|\n|poke|p2|Indeedee-F, L50, F|\n|poke|p2|Bronzong, L50|\n|teampreview|4\n|inactive|Battle timer is ON: inactive players will automatically lose when time's up. (requested by Pojer)\n|inactive|haamgamer07-R has 60 seconds left.\n|inactive|haamgamer07-R has 30 seconds left.\n|inactive|haamgamer07-R has 20 seconds left.\n|inactive|haamgamer07-R has 15 seconds left.\n|inactive|haamgamer07-R has 10 seconds left.\n|inactive|haamgamer07-R has 5 seconds left.\n|\n|t:|1700900455\n|start\n|switch|p1a: Tornadus|Tornadus, L50, M|100\/100\n|switch|p1b: Arcanine|Arcanine-Hisui, L50, F|100\/100\n|switch|p2a: Roaring Moon|Roaring Moon, L50|100\/100\n|switch|p2b: Bronzong|Bronzong, L50|100\/100\n|-ability|p1b: Arcanine|Intimidate|boost\n|-unboost|p2a: Roaring Moon|atk|1\n|-unboost|p2b: Bronzong|atk|1\n|-enditem|p2a: Roaring Moon|Booster Energy\n|-activate|p2a: Roaring Moon|ability: Protosynthesis|[fromitem]\n|-start|p2a: Roaring Moon|protosynthesisspe\n|turn|1\n|inactive|haamgamer07-R has 30 seconds left.\n|inactive|haamgamer07-R has 20 seconds left.\n|inactive|haamgamer07-R has 15 seconds left.\n|inactive|haamgamer07-R has 10 seconds left.\n|inactive|haamgamer07-R has 5 seconds left.\n|\n|t:|1700900510\n|switch|p2b: Indeedee|Indeedee-F, L50, F|100\/100\n|-fieldstart|move: Psychic Terrain|[from] ability: Psychic Surge|[of] p2b: Indeedee\n|move|p1a: Tornadus|Taunt|p2b: Indeedee\n|-activate|p2b: Indeedee|move: Psychic Terrain\n|move|p2a: Roaring Moon|Earthquake|p1b: Arcanine|[spread] p2b,p1b\n|-immune|p1a: Tornadus\n|-supereffective|p1b: Arcanine\n|-damage|p2b: Indeedee|82\/100\n|-damage|p1b: Arcanine|15\/100\n|move|p1b: Arcanine|Rock Slide|p2a: Roaring Moon|[spread] p2b\n|-miss|p1b: Arcanine|p2a: Roaring Moon\n|-damage|p2b: Indeedee|45\/100\n|\n|upkeep\n|turn|2\n|inactive|Pojer has 30 seconds left.\n|inactive|haamgamer07-R has 30 seconds left.\n|inactive|haamgamer07-R has 20 seconds left.\n|\n|t:|1700900546\n|switch|p1a: Rillaboom|Rillaboom, L50, M|100\/100\n|-fieldstart|move: Grassy Terrain|[from] ability: Grassy Surge|[of] p1a: Rillaboom\n|move|p2a: Roaring Moon|Breaking Swipe|p1b: Arcanine|[spread] p1a,p1b\n|-damage|p1a: Rillaboom|86\/100\n|-damage|p1b: Arcanine|0 fnt\n|-unboost|p1a: Rillaboom|atk|1\n|faint|p1b: Arcanine\n|move|p2b: Indeedee|Trick Room|p2b: Indeedee\n|-fieldstart|move: Trick Room|[of] p2b: Indeedee\n|\n|-heal|p2b: Indeedee|51\/100|[from] Grassy Terrain\n|-heal|p1a: Rillaboom|92\/100|[from] Grassy Terrain\n|upkeep\n|\n|t:|1700900556\n|switch|p1b: Tornadus|Tornadus, L50, M|100\/100\n|turn|3\n|\n|t:|1700900575\n|switch|p2b: Bronzong|Bronzong, L50|100\/100\n|move|p1a: Rillaboom|Wood Hammer|p2b: Bronzong\n|-resisted|p2b: Bronzong\n|-damage|p2b: Bronzong|83\/100\n|-damage|p1a: Rillaboom|86\/100|[from] Recoil\n|move|p1b: Tornadus|Bleakwind Storm|p2b: Bronzong|[spread] p2a,p2b\n|-resisted|p2b: Bronzong\n|-damage|p2a: Roaring Moon|62\/100\n|-damage|p2b: Bronzong|68\/100\n|-unboost|p2a: Roaring Moon|spe|1\n|move|p2a: Roaring Moon|U-turn|p1a: Rillaboom\n|-supereffective|p1a: Rillaboom\n|-damage|p1a: Rillaboom|54\/100\n|\n|t:|1700900592\n|-end|p2a: Roaring Moon|Protosynthesis|[silent]\n|switch|p2a: Ursaluna|Ursaluna, L50, M|100\/100|[from] U-turn\n|\n|-heal|p1a: Rillaboom|60\/100|[from] Grassy Terrain\n|-status|p2a: Ursaluna|brn|[from] item: Flame Orb\n|upkeep\n|turn|4\n|\n|t:|1700900611\n|switch|p2b: Indeedee|Indeedee-F, L50, F|51\/100\n|-fieldstart|move: Psychic Terrain|[from] ability: Psychic Surge|[of] p2b: Indeedee\n|move|p2a: Ursaluna|Facade|p1a: Rillaboom\n|-damage|p1a: Rillaboom|0 fnt\n|faint|p1a: Rillaboom\n|move|p1b: Tornadus|Bleakwind Storm|p2b: Indeedee|[spread] \n|-miss|p1b: Tornadus|p2a: Ursaluna\n|-miss|p1b: Tornadus|p2b: Indeedee\n|\n|-damage|p2a: Ursaluna|95\/100 brn|[from] brn\n|upkeep\n|\n|t:|1700900633\n|switch|p1a: Urshifu|Urshifu-Rapid-Strike, L50, F|100\/100\n|turn|5\n|\n|t:|1700900657\n|-terastallize|p1a: Urshifu|Water\n|move|p2b: Indeedee|Follow Me|p2b: Indeedee\n|-singleturn|p2b: Indeedee|move: Follow Me\n|move|p2a: Ursaluna|Facade|p1b: Tornadus\n|-damage|p1b: Tornadus|0 fnt\n|-damage|p2a: Ursaluna|78\/100 brn|[from] item: Rocky Helmet|[of] p1b: Tornadus\n|faint|p1b: Tornadus\n|move|p1a: Urshifu|Surging Strikes|p2b: Indeedee\n|-crit|p2b: Indeedee\n|-damage|p2b: Indeedee|15\/100\n|-crit|p2b: Indeedee\n|-damage|p2b: Indeedee|0 fnt\n|faint|p2b: Indeedee\n|-hitcount|p2: Indeedee|2\n|\n|-damage|p2a: Ursaluna|72\/100 brn|[from] brn\n|upkeep\n|\n|t:|1700900678\n|switch|p2b: Roaring Moon|Roaring Moon, L50|62\/100\n|turn|6\n|\n|t:|1700900687\n|move|p1a: Urshifu|Protect|p1a: Urshifu\n|-singleturn|p1a: Urshifu|Protect\n|move|p2a: Ursaluna|Facade|p1a: Urshifu\n|-activate|p1a: Urshifu|move: Protect\n|move|p2b: Roaring Moon|Breaking Swipe|p1a: Urshifu\n|-activate|p1a: Urshifu|move: Protect\n|\n|-damage|p2a: Ursaluna|66\/100 brn|[from] brn\n|-fieldend|move: Trick Room\n|upkeep\n|turn|7\n|inactiveoff|Battle timer is now OFF.\n|\n|t:|1700900707\n|switch|p2a: Bronzong|Bronzong, L50|68\/100\n|move|p2b: Roaring Moon|Breaking Swipe|p1a: Urshifu\n|-damage|p1a: Urshifu|71\/100\n|-unboost|p1a: Urshifu|atk|1\n|move|p1a: Urshifu|Surging Strikes|p2a: Bronzong\n|-crit|p2a: Bronzong\n|-damage|p2a: Bronzong|42\/100\n|-crit|p2a: Bronzong\n|-damage|p2a: Bronzong|16\/100\n|-crit|p2a: Bronzong\n|-damage|p2a: Bronzong|0 fnt\n|faint|p2a: Bronzong\n|-hitcount|p2: Bronzong|3\n|\n|upkeep\n|\n|t:|1700900722\n|switch|p2a: Ursaluna|Ursaluna, L50, M|66\/100 brn\n|turn|8\n|\n|t:|1700900742\n|-terastallize|p2a: Ursaluna|Ghost\n|move|p2b: Roaring Moon|Breaking Swipe|p1a: Urshifu\n|-damage|p1a: Urshifu|36\/100\n|-unboost|p1a: Urshifu|atk|1\n|move|p1a: Urshifu|Surging Strikes|p2a: Ursaluna\n|-crit|p2a: Ursaluna\n|-damage|p2a: Ursaluna|38\/100 brn\n|-crit|p2a: Ursaluna\n|-damage|p2a: Ursaluna|14\/100 brn\n|-crit|p2a: Ursaluna\n|-damage|p2a: Ursaluna|0 fnt\n|faint|p2a: Ursaluna\n|-hitcount|p2: Ursaluna|3\n|\n|-fieldend|move: Psychic Terrain\n|upkeep\n|turn|9\n|\n|t:|1700900775\n|move|p2b: Roaring Moon|Breaking Swipe|p1a: Urshifu\n|-damage|p1a: Urshifu|2\/100\n|-unboost|p1a: Urshifu|atk|1\n|move|p1a: Urshifu|Surging Strikes|p2b: Roaring Moon\n|-resisted|p2b: Roaring Moon\n|-crit|p2b: Roaring Moon\n|-damage|p2b: Roaring Moon|38\/100\n|-resisted|p2b: Roaring Moon\n|-crit|p2b: Roaring Moon\n|-damage|p2b: Roaring Moon|17\/100\n|-resisted|p2b: Roaring Moon\n|-crit|p2b: Roaring Moon\n|-damage|p2b: Roaring Moon|0 fnt\n|faint|p2b: Roaring Moon\n|-end|p2b: Roaring Moon|Protosynthesis|[silent]\n|-hitcount|p2: Roaring Moon|3\n|\n|win|Pojer\n|raw|Pojer's rating: 1287 &rarr; <strong>1304<\/strong><br \/>(+17 for winning)\n|raw|haamgamer07-R's rating: 1165 &rarr; <strong>1148<\/strong><br \/>(-17 for losing)\n","uploadtime":1700900790,"views":2,"p1id":"pojer","p2id":"haamgamer07r","formatid":"gen9vgc2023regulatione","rating":1148,"private":0,"password":""}