{"id":"gen9vgc2023regulatione-1994196510","p1":"BurritoSave","p2":"Joull","format":"[Gen 9] VGC 2023 Regulation E","log":"|j|\u2606BurritoSave\n|j|\u2606Joull\n|t:|1700417779\n|gametype|doubles\n|player|p1|BurritoSave|101|1049\n|player|p2|Joull|psychic-gen2|1094\n|teamsize|p1|6\n|teamsize|p2|6\n|gen|9\n|tier|[Gen 9] VGC 2023 Regulation E\n|rated|\n|rule|Species Clause: Limit one of each Pok\u00e9mon\n|rule|Item Clause: Limit one of each item\n|clearpoke\n|poke|p1|Dondozo, L50, M|\n|poke|p1|Tatsugiri, L50, F|\n|poke|p1|Annihilape, L50, F|\n|poke|p1|Flamigo, L50, F|\n|poke|p1|Maushold-Four, L50|\n|poke|p1|Cetitan, L50, M|\n|poke|p2|Arcanine-Hisui, L50, M|\n|poke|p2|Rillaboom, L50, M|\n|poke|p2|Flutter Mane, L50|\n|poke|p2|Urshifu-*, L50, M|\n|poke|p2|Pachirisu, L50, F|\n|poke|p2|Roaring Moon, L50|\n|teampreview|4\n|\n|t:|1700417804\n|start\n|switch|p1a: Tatsugiri|Tatsugiri, L50, F|100\/100\n|switch|p1b: Annihilape|Annihilape, L50, F|100\/100\n|switch|p2a: Pachirisu|Pachirisu, L50, F, shiny|100\/100\n|switch|p2b: Roaring Moon|Roaring Moon, L50|100\/100\n|-enditem|p2b: Roaring Moon|Booster Energy\n|-activate|p2b: Roaring Moon|ability: Protosynthesis|[fromitem]\n|-start|p2b: Roaring Moon|protosynthesisspe\n|turn|1\n|\n|t:|1700417820\n|move|p2b: Roaring Moon|Protect|p2b: Roaring Moon\n|-singleturn|p2b: Roaring Moon|Protect\n|move|p1a: Tatsugiri|Endure|p1a: Tatsugiri\n|-singleturn|p1a: Tatsugiri|move: Endure\n|move|p1b: Annihilape|Final Gambit|p1a: Tatsugiri\n|-activate|p1a: Tatsugiri|move: Endure\n|-damage|p1a: Tatsugiri|1\/100\n|faint|p1b: Annihilape\n|move|p2a: Pachirisu|Nuzzle|p1a: Tatsugiri\n|-activate|p1a: Tatsugiri|move: Endure\n|-damage|p1a: Tatsugiri|1\/100\n|-status|p1a: Tatsugiri|par\n|\n|upkeep\n|\n|t:|1700417839\n|switch|p1b: Dondozo|Dondozo, L50, M|100\/100\n|-activate|p1a: Tatsugiri|ability: Commander|[of] p1b: Dondozo\n|-boost|p1b: Dondozo|atk|2\n|-boost|p1b: Dondozo|spa|2\n|-boost|p1b: Dondozo|spe|2\n|-boost|p1b: Dondozo|def|2\n|-boost|p1b: Dondozo|spd|2\n|turn|2\n|\n|t:|1700417849\n|move|p2b: Roaring Moon|Knock Off|p1b: Dondozo\n|-damage|p1b: Dondozo|90\/100\n|-enditem|p1b: Dondozo|Leftovers|[from] move: Knock Off|[of] p2b: Roaring Moon\n|move|p2a: Pachirisu|Nuzzle|p1b: Dondozo\n|-supereffective|p1b: Dondozo\n|-damage|p1b: Dondozo|88\/100\n|-status|p1b: Dondozo|par\n|move|p1b: Dondozo|Substitute|p1b: Dondozo\n|-start|p1b: Dondozo|Substitute\n|-damage|p1b: Dondozo|63\/100 par\n|\n|upkeep\n|turn|3\n|\n|t:|1700417868\n|move|p2b: Roaring Moon|Knock Off|p1b: Dondozo\n|-activate|p1b: Dondozo|move: Substitute|[damage]\n|move|p2a: Pachirisu|Super Fang|p1b: Dondozo\n|-end|p1b: Dondozo|Substitute\n|move|p1b: Dondozo|Order Up|p2b: Roaring Moon\n|-supereffective|p2b: Roaring Moon\n|-damage|p2b: Roaring Moon|9\/100\n|-boost|p1b: Dondozo|atk|1\n|\n|upkeep\n|turn|4\n|\n|t:|1700417893\n|-end|p2b: Roaring Moon|Protosynthesis|[silent]\n|switch|p2b: Arcanine|Arcanine-Hisui, L50, M|100\/100\n|-ability|p2b: Arcanine|Intimidate|boost\n|-unboost|p1a: Tatsugiri|atk|1\n|-unboost|p1b: Dondozo|atk|1\n|move|p2a: Pachirisu|Super Fang|p1b: Dondozo\n|-damage|p1b: Dondozo|32\/100 par\n|cant|p1b: Dondozo|par\n|\n|upkeep\n|turn|5\n|\n|t:|1700417910\n|move|p2a: Pachirisu|Helping Hand|p2b: Arcanine\n|-singleturn|p2b: Arcanine|Helping Hand|[of] p2a: Pachirisu\n|move|p2b: Arcanine|Rock Slide|p1a: Tatsugiri|[spread] p1b\n|-miss|p2b: Arcanine|p1a: Tatsugiri\n|-damage|p1b: Dondozo|22\/100 par\n|cant|p1b: Dondozo|par\n|\n|upkeep\n|turn|6\n|\n|t:|1700417926\n|switch|p2b: Urshifu|Urshifu-Rapid-Strike, L50, M|100\/100\n|move|p2a: Pachirisu|Follow Me|p2a: Pachirisu\n|-singleturn|p2a: Pachirisu|move: Follow Me\n|move|p1b: Dondozo|Wave Crash|p2a: Pachirisu\n|-enditem|p2a: Pachirisu|Focus Sash\n|-damage|p2a: Pachirisu|1\/100\n|-damage|p1b: Dondozo|0 fnt|[from] Recoil\n|faint|p1b: Dondozo\n|\n|upkeep\n|\n|t:|1700417938\n|switch|p1b: Flamigo|Flamigo, L50, F|100\/100\n|-copyboost|p1b: Flamigo|p1a: Tatsugiri|[from] ability: Costar\n|turn|7\n|\n|t:|1700417954\n|switch|p2b: Arcanine|Arcanine-Hisui, L50, M|100\/100\n|-ability|p2b: Arcanine|Intimidate|boost\n|-unboost|p1a: Tatsugiri|atk|1\n|-unboost|p1b: Flamigo|atk|1\n|move|p1b: Flamigo|Detect|p1b: Flamigo\n|-singleturn|p1b: Flamigo|Protect\n|cant|p1a: Tatsugiri|par\n|move|p2a: Pachirisu|Nuzzle|p1b: Flamigo\n|-activate|p1b: Flamigo|move: Protect\n|\n|upkeep\n|turn|8\n|\n|t:|1700417976\n|move|p2a: Pachirisu|Nuzzle|p1b: Flamigo\n|-supereffective|p1b: Flamigo\n|-damage|p1b: Flamigo|85\/100\n|-status|p1b: Flamigo|par\n|move|p2b: Arcanine|Rock Slide|p1a: Tatsugiri|[spread] p1a\n|-miss|p2b: Arcanine|p1b: Flamigo\n|-damage|p1a: Tatsugiri|0 fnt\n|faint|p1a: Tatsugiri\n|move|p1b: Flamigo|Brave Bird|p2b: Arcanine\n|-resisted|p2b: Arcanine\n|-damage|p2b: Arcanine|84\/100\n|-damage|p1b: Flamigo|79\/100 par|[from] Recoil\n|\n|upkeep\n|turn|9\n|l|\u2606Joull\n|player|p2|\n|j|\u2606Joull\n|player|p2|Joull|psychic-gen2\n|\n|t:|1700418035\n|-terastallize|p1b: Flamigo|Steel\n|move|p2a: Pachirisu|Helping Hand|p2b: Arcanine\n|-singleturn|p2b: Arcanine|Helping Hand|[of] p2a: Pachirisu\n|move|p2b: Arcanine|Rock Slide|p1b: Flamigo\n|-resisted|p1b: Flamigo\n|-damage|p1b: Flamigo|37\/100 par\n|move|p1b: Flamigo|Roost|p1b: Flamigo\n|-heal|p1b: Flamigo|87\/100 par\n|\n|upkeep\n|turn|10\n|inactive|Battle timer is ON: inactive players will automatically lose when time's up. (requested by BurritoSave)\n|\n|t:|1700418051\n|move|p2a: Pachirisu|Helping Hand|p2b: Arcanine\n|-singleturn|p2b: Arcanine|Helping Hand|[of] p2a: Pachirisu\n|move|p2b: Arcanine|Howl|p2b: Arcanine|[spread] p2a,p2b\n|-boost|p2a: Pachirisu|atk|1\n|-boost|p2b: Arcanine|atk|1\n|move|p1b: Flamigo|Close Combat|p2b: Arcanine\n|-supereffective|p2b: Arcanine\n|-damage|p2b: Arcanine|21\/100\n|-unboost|p1b: Flamigo|def|1\n|-unboost|p1b: Flamigo|spd|1\n|-enditem|p2b: Arcanine|Sitrus Berry|[eat]\n|-heal|p2b: Arcanine|46\/100|[from] item: Sitrus Berry\n|\n|upkeep\n|turn|11\n|\n|t:|1700418067\n|move|p2a: Pachirisu|Helping Hand|p2b: Arcanine\n|-singleturn|p2b: Arcanine|Helping Hand|[of] p2a: Pachirisu\n|move|p1b: Flamigo|Detect|p1b: Flamigo\n|-singleturn|p1b: Flamigo|Protect\n|move|p2b: Arcanine|Flare Blitz|p1b: Flamigo\n|-activate|p1b: Flamigo|move: Protect\n|\n|upkeep\n|turn|12\n|\n|t:|1700418078\n|move|p2a: Pachirisu|Helping Hand|p2b: Arcanine\n|-singleturn|p2b: Arcanine|Helping Hand|[of] p2a: Pachirisu\n|move|p2b: Arcanine|Flare Blitz|p1b: Flamigo\n|-supereffective|p1b: Flamigo\n|-damage|p1b: Flamigo|0 fnt\n|faint|p1b: Flamigo\n|-damage|p2b: Arcanine|21\/100|[from] Recoil\n|\n|win|Joull\n|raw|BurritoSave's rating: 1049 &rarr; <strong>1034<\/strong><br \/>(-15 for losing)\n|raw|Joull's rating: 1094 &rarr; <strong>1117<\/strong><br \/>(+23 for winning)\n|l|\u2606BurritoSave\n","uploadtime":1700418090,"views":9,"p1id":"burritosave","p2id":"joull","formatid":"gen9vgc2023regulatione","rating":1034,"private":0,"password":""}