{"id":"gen9vgc2023regulatione-1991529569","p1":"itsmemichiel","p2":"Nervoneo","format":"[Gen 9] VGC 2023 Regulation E","log":"|j|\u2606itsmemichiel\n|j|\u2606Nervoneo\n|t:|1700085375\n|gametype|doubles\n|player|p1|itsmemichiel|palmer|1184\n|player|p2|Nervoneo|101|1136\n|teamsize|p1|6\n|teamsize|p2|6\n|gen|9\n|tier|[Gen 9] VGC 2023 Regulation E\n|rated|\n|rule|Species Clause: Limit one of each Pok\u00e9mon\n|rule|Item Clause: Limit one of each item\n|clearpoke\n|poke|p1|Thundurus, L50, M|\n|poke|p1|Urshifu-*, L50, M|\n|poke|p1|Roaring Moon, L50|\n|poke|p1|Iron Hands, L50|\n|poke|p1|Arcanine-Hisui, L50, F|\n|poke|p1|Rotom-Mow, L50|\n|poke|p2|Clodsire, L50, M|\n|poke|p2|Dipplin, L50, M|\n|poke|p2|Iron Bundle, L50|\n|poke|p2|Tauros-Paldea-Blaze, L50, M|\n|poke|p2|Landorus-Therian, L50, M|\n|poke|p2|Farigiraf, L50, M|\n|teampreview|4\n|\n|t:|1700085408\n|start\n|switch|p1a: Thundurus|Thundurus, L50, M|100\/100\n|switch|p1b: Rotom|Rotom-Mow, L50|100\/100\n|switch|p2a: Tauros|Tauros-Paldea-Blaze, L50, M|100\/100\n|switch|p2b: Clodsire|Clodsire, L50, M|100\/100\n|-ability|p2a: Tauros|Intimidate|boost\n|-unboost|p1a: Thundurus|atk|1\n|-unboost|p1b: Rotom|atk|1\n|turn|1\n|\n|t:|1700085431\n|move|p1a: Thundurus|Rain Dance|p1a: Thundurus\n|-weather|RainDance\n|move|p2a: Tauros|Raging Bull|p1b: Rotom\n|-supereffective|p1b: Rotom\n|-damage|p1b: Rotom|57\/100\n|move|p1b: Rotom|Thunder|p2a: Tauros\n|-damage|p2a: Tauros|60\/100\n|move|p2b: Clodsire|Yawn|p1a: Thundurus\n|-start|p1a: Thundurus|move: Yawn|[of] p2b: Clodsire\n|\n|-weather|RainDance|[upkeep]\n|upkeep\n|turn|2\n|\n|t:|1700085454\n|switch|p2a: Landorus|Landorus-Therian, L50, M|100\/100\n|-ability|p2a: Landorus|Intimidate|boost\n|-unboost|p1a: Thundurus|atk|1\n|-unboost|p1b: Rotom|atk|1\n|switch|p1a: Urshifu|Urshifu-Rapid-Strike, L50, M|100\/100\n|move|p1b: Rotom|Will-O-Wisp|p2b: Clodsire|[miss]\n|-miss|p1b: Rotom|p2b: Clodsire\n|move|p2b: Clodsire|Gunk Shot|p1b: Rotom\n|-supereffective|p1b: Rotom\n|-damage|p1b: Rotom|0 fnt\n|faint|p1b: Rotom\n|\n|-weather|RainDance|[upkeep]\n|upkeep\n|\n|t:|1700085482\n|switch|p1b: Iron Hands|Iron Hands, L50|100\/100\n|turn|3\n|\n|t:|1700085489\n|switch|p2a: Tauros|Tauros-Paldea-Blaze, L50, M|60\/100\n|-ability|p2a: Tauros|Intimidate|boost\n|-unboost|p1a: Urshifu|atk|1\n|-unboost|p1b: Iron Hands|atk|1\n|move|p1b: Iron Hands|Fake Out|p2b: Clodsire\n|-damage|p2b: Clodsire|88\/100\n|move|p1a: Urshifu|Surging Strikes|p2a: Tauros\n|-supereffective|p2a: Tauros\n|-crit|p2a: Tauros\n|-damage|p2a: Tauros|0 fnt\n|faint|p2a: Tauros\n|-hitcount|p2: Tauros|1\n|cant|p2b: Clodsire|flinch\n|\n|-weather|RainDance|[upkeep]\n|upkeep\n|\n|t:|1700085500\n|switch|p2a: Iron Bundle|Iron Bundle, L50|100\/100\n|-enditem|p2a: Iron Bundle|Booster Energy\n|-activate|p2a: Iron Bundle|ability: Quark Drive|[fromitem]\n|-start|p2a: Iron Bundle|quarkdrivespe\n|turn|4\n|\n|t:|1700085518\n|switch|p1a: Thundurus|Thundurus, L50, M|100\/100\n|move|p2a: Iron Bundle|Encore|p1b: Iron Hands\n|-start|p1b: Iron Hands|Encore\n|move|p1b: Iron Hands|Fake Out||[still]\n|-hint|Fake Out only works on your first turn out.\n|-fail|p1b: Iron Hands\n|move|p2b: Clodsire|Stomping Tantrum|p1a: Thundurus\n|-immune|p1a: Thundurus\n|\n|-weather|RainDance|[upkeep]\n|upkeep\n|turn|5\n|\n|t:|1700085554\n|move|p1b: Iron Hands|Fake Out||[still]\n|-hint|Fake Out only works on your first turn out.\n|-fail|p1b: Iron Hands\n|move|p2a: Iron Bundle|Freeze-Dry|p1a: Thundurus\n|-supereffective|p1a: Thundurus\n|-damage|p1a: Thundurus|6\/100\n|move|p1a: Thundurus|Wildbolt Storm|p2b: Clodsire|[spread] p2a\n|-immune|p2b: Clodsire\n|-supereffective|p2a: Iron Bundle\n|-damage|p2a: Iron Bundle|0 fnt\n|faint|p2a: Iron Bundle\n|-end|p2a: Iron Bundle|Quark Drive|[silent]\n|move|p2b: Clodsire|Stomping Tantrum|p1b: Iron Hands\n|-supereffective|p1b: Iron Hands\n|-damage|p1b: Iron Hands|24\/100\n|\n|-weather|none\n|upkeep\n|\n|t:|1700085567\n|switch|p2a: Landorus|Landorus-Therian, L50, M|100\/100\n|-ability|p2a: Landorus|Intimidate|boost\n|-unboost|p1a: Thundurus|atk|1\n|-unboost|p1b: Iron Hands|atk|1\n|turn|6\n|\n|t:|1700085593\n|-terastallize|p2a: Landorus|Flying\n|move|p1b: Iron Hands|Fake Out||[still]\n|-hint|Fake Out only works on your first turn out.\n|-fail|p1b: Iron Hands\n|move|p1a: Thundurus|Rain Dance|p1a: Thundurus\n|-weather|RainDance\n|move|p2a: Landorus|Tera Blast|p1a: Thundurus|[anim] Tera Blast Flying\n|-resisted|p1a: Thundurus\n|-crit|p1a: Thundurus\n|-damage|p1a: Thundurus|0 fnt\n|faint|p1a: Thundurus\n|move|p2b: Clodsire|Stomping Tantrum|p1b: Iron Hands\n|-supereffective|p1b: Iron Hands\n|-damage|p1b: Iron Hands|0 fnt\n|faint|p1b: Iron Hands\n|-end|p1b: Iron Hands|Quark Drive|[silent]\n|\n|-weather|RainDance|[upkeep]\n|upkeep\n|\n|t:|1700085606\n|switch|p1b: Urshifu|Urshifu-Rapid-Strike, L50, M|100\/100\n|turn|7\n|\n|t:|1700085613\n|-terastallize|p1b: Urshifu|Water\n|move|p1b: Urshifu|Surging Strikes|p2a: Landorus\n|-crit|p2a: Landorus\n|-damage|p2a: Landorus|48\/100\n|-crit|p2a: Landorus\n|-damage|p2a: Landorus|0 fnt\n|faint|p2a: Landorus\n|-hitcount|p2: Landorus|2\n|move|p2b: Clodsire|Stomping Tantrum|p1b: Urshifu\n|-damage|p1b: Urshifu|69\/100\n|\n|-weather|RainDance|[upkeep]\n|upkeep\n|turn|8\n|c|\u2606Nervoneo|are you choice'd by any chance\n|\n|t:|1700085625\n|move|p1b: Urshifu|Surging Strikes|p2b: Clodsire\n|-heal|p2b: Clodsire|100\/100|[from] ability: Water Absorb|[of] p1b: Urshifu\n|move|p2b: Clodsire|Gunk Shot|p1b: Urshifu\n|-damage|p1b: Urshifu|23\/100\n|\n|-weather|RainDance|[upkeep]\n|upkeep\n|turn|9\n|-message|itsmemichiel forfeited.\n|\n|win|Nervoneo\n|raw|itsmemichiel's rating: 1184 &rarr; <strong>1156<\/strong><br \/>(-28 for losing)\n|raw|Nervoneo's rating: 1136 &rarr; <strong>1164<\/strong><br \/>(+28 for winning)\n|l|\u2606itsmemichiel\n","uploadtime":1700085639,"views":15,"p1id":"itsmemichiel","p2id":"nervoneo","formatid":"gen9vgc2023regulatione","rating":1156,"private":0,"password":""}