{"id":"gen9vgc2023regulatione-1995516870","p1":"tjoahy","p2":"Prodejay","format":"[Gen 9] VGC 2023 Regulation E","log":"|j|\u2606tjoahy\n|j|\u2606Prodejay\n|t:|1700579031\n|gametype|doubles\n|player|p1|tjoahy|mira|1162\n|player|p2|Prodejay|1|1055\n|teamsize|p1|6\n|teamsize|p2|6\n|gen|9\n|tier|[Gen 9] VGC 2023 Regulation E\n|rated|\n|rule|Species Clause: Limit one of each Pok\u00e9mon\n|rule|Item Clause: Limit one of each item\n|clearpoke\n|poke|p1|Sinistcha, L50|\n|poke|p1|Sneasler, L50, F|\n|poke|p1|Shiftry, L50, F|\n|poke|p1|Milotic, L50, M|\n|poke|p1|Typhlosion-Hisui, L50, M|\n|poke|p1|Tornadus, L50, M|\n|poke|p2|Infernape, L50, M|\n|poke|p2|Decidueye, L50, F|\n|poke|p2|Samurott-Hisui, L50, F|\n|poke|p2|Maushold-Four, L50|\n|poke|p2|Braviary-Hisui, L50, M|\n|poke|p2|Mamoswine, L50, M|\n|teampreview|4\n|\n|t:|1700579105\n|start\n|switch|p1a: Tornadus|Tornadus, L50, M|100\/100\n|switch|p1b: Sneasler|Sneasler, L50, F, shiny|100\/100\n|switch|p2a: Infernape|Infernape, L50, M|100\/100\n|switch|p2b: Mamoswine|Mamoswine, L50, M|100\/100\n|turn|1\n|\n|t:|1700579144\n|move|p1b: Sneasler|Fake Out|p2b: Mamoswine\n|-damage|p2b: Mamoswine|77\/100\n|-damage|p1b: Sneasler|91\/100|[from] item: Life Orb\n|move|p2a: Infernape|Fake Out|p1b: Sneasler\n|-damage|p1b: Sneasler|73\/100\n|move|p1a: Tornadus|Tailwind|p1a: Tornadus\n|-sidestart|p1: tjoahy|move: Tailwind\n|cant|p2b: Mamoswine|flinch\n|\n|upkeep\n|turn|2\n|\n|t:|1700579185\n|switch|p2a: Maushold|Maushold-Four, L50|100\/100\n|move|p1a: Tornadus|Bleakwind Storm|p2a: Maushold|[spread] p2b\n|-miss|p1a: Tornadus|p2a: Maushold\n|-damage|p2b: Mamoswine|40\/100\n|move|p1b: Sneasler|U-turn|p2b: Mamoswine\n|-damage|p2b: Mamoswine|12\/100\n|-damage|p1b: Sneasler|63\/100|[from] item: Life Orb\n|\n|t:|1700579196\n|switch|p1b: Shiftry|Shiftry, L50, F|100\/100|[from] U-turn\n|-ability|p1b: Shiftry|Wind Rider|boost\n|-boost|p1b: Shiftry|atk|1\n|move|p2b: Mamoswine|Rock Blast|p1a: Tornadus\n|-supereffective|p1a: Tornadus\n|-damage|p1a: Tornadus|78\/100\n|-supereffective|p1a: Tornadus\n|-damage|p1a: Tornadus|57\/100\n|-supereffective|p1a: Tornadus\n|-damage|p1a: Tornadus|37\/100\n|-supereffective|p1a: Tornadus\n|-damage|p1a: Tornadus|15\/100\n|-hitcount|p1a: Tornadus|4\n|\n|upkeep\n|turn|3\n|\n|t:|1700579233\n|switch|p1a: Sneasler|Sneasler, L50, F, shiny|63\/100\n|move|p2a: Maushold|Follow Me|p2a: Maushold\n|-singleturn|p2a: Maushold|move: Follow Me\n|move|p1b: Shiftry|Sucker Punch||[still]\n|-fail|p1b: Shiftry\n|move|p2b: Mamoswine|Icicle Spear|p1a: Sneasler\n|-damage|p1a: Sneasler|45\/100\n|-damage|p1a: Sneasler|28\/100\n|-damage|p1a: Sneasler|8\/100\n|-damage|p1a: Sneasler|0 fnt\n|faint|p1a: Sneasler\n|-hitcount|p1: Sneasler|4\n|\n|upkeep\n|\n|t:|1700579247\n|switch|p1a: Tornadus|Tornadus, L50, M|15\/100\n|turn|4\n|\n|t:|1700579267\n|move|p2a: Maushold|Follow Me|p2a: Maushold\n|-singleturn|p2a: Maushold|move: Follow Me\n|move|p1a: Tornadus|Bleakwind Storm|p2b: Mamoswine|[spread] p2a,p2b\n|-damage|p2a: Maushold|51\/100\n|-damage|p2b: Mamoswine|0 fnt\n|-unboost|p2a: Maushold|spe|1\n|faint|p2b: Mamoswine\n|move|p1b: Shiftry|Night Slash|p2a: Maushold\n|-crit|p2a: Maushold\n|-damage|p2a: Maushold|0 fnt\n|-damage|p1b: Shiftry|84\/100|[from] item: Rocky Helmet|[of] p2a: Maushold\n|faint|p2a: Maushold\n|\n|-sideend|p1: tjoahy|move: Tailwind\n|upkeep\n|\n|t:|1700579280\n|switch|p2a: Decidueye|Decidueye, L50, F|100\/100\n|switch|p2b: Infernape|Infernape, L50, M|100\/100\n|turn|5\n|\n|t:|1700579295\n|move|p1b: Shiftry|Protect|p1b: Shiftry\n|-singleturn|p1b: Shiftry|Protect\n|move|p2b: Infernape|Fake Out|p1a: Tornadus\n|-damage|p1a: Tornadus|0 fnt\n|faint|p1a: Tornadus\n|move|p2a: Decidueye|Tailwind|p2a: Decidueye\n|-sidestart|p2: Prodejay|move: Tailwind\n|\n|upkeep\n|\n|t:|1700579333\n|switch|p1a: Typhlosion|Typhlosion-Hisui, L50, M|100\/100\n|-item|p2a: Decidueye|Leftovers|[from] ability: Frisk|[of] p1a: Typhlosion|[identify]\n|-item|p2b: Infernape|Punching Glove|[from] ability: Frisk|[of] p1a: Typhlosion|[identify]\n|turn|6\n|\n|t:|1700579381\n|-terastallize|p1b: Shiftry|Poison\n|move|p1b: Shiftry|Sucker Punch|p2a: Decidueye\n|-supereffective|p2a: Decidueye\n|-damage|p2a: Decidueye|0 fnt\n|faint|p2a: Decidueye\n|move|p2b: Infernape|Drain Punch|p1b: Shiftry\n|-resisted|p1b: Shiftry\n|-damage|p1b: Shiftry|48\/100\n|move|p1a: Typhlosion|Heat Wave|p2b: Infernape\n|-resisted|p2b: Infernape\n|-damage|p2b: Infernape|57\/100\n|\n|upkeep\n|turn|7\n|\n|t:|1700579400\n|move|p1b: Shiftry|Sucker Punch|p2b: Infernape\n|-resisted|p2b: Infernape\n|-damage|p2b: Infernape|26\/100\n|move|p2b: Infernape|Knock Off|p1a: Typhlosion\n|-supereffective|p1a: Typhlosion\n|-damage|p1a: Typhlosion|12\/100\n|-enditem|p1a: Typhlosion|Flame Plate|[from] move: Knock Off|[of] p2b: Infernape\n|move|p1a: Typhlosion|Heat Wave|p2b: Infernape\n|-resisted|p2b: Infernape\n|-damage|p2b: Infernape|0 fnt\n|faint|p2b: Infernape\n|\n|win|tjoahy\n|raw|tjoahy's rating: 1162 &rarr; <strong>1180<\/strong><br \/>(+18 for winning)\n|raw|Prodejay's rating: 1055 &rarr; <strong>1042<\/strong><br \/>(-13 for losing)\n|l|\u2606Prodejay\n","uploadtime":1700579496,"views":5,"p1id":"tjoahy","p2id":"prodejay","formatid":"gen9vgc2023regulatione","rating":1042,"private":0,"password":""}