{"id":"gen9vgc2023regulatione-1998607746","p1":"fgc irongod","p2":"magic 561","format":"[Gen 9] VGC 2023 Regulation E","log":"|j|\u2606fgc irongod\n|j|\u2606magic 561\n|t:|1700962323\n|gametype|doubles\n|player|p1|fgc irongod|266|1438\n|player|p2|magic 561|acetrainersnow|1399\n|teamsize|p1|6\n|teamsize|p2|6\n|gen|9\n|tier|[Gen 9] VGC 2023 Regulation E\n|rated|\n|rule|Species Clause: Limit one of each Pok\u00e9mon\n|rule|Item Clause: Limit one of each item\n|clearpoke\n|poke|p1|Toxapex, L50, M|\n|poke|p1|Sinistcha, L50|\n|poke|p1|Iron Hands, L50|\n|poke|p1|Grimmsnarl, L50, M|\n|poke|p1|Goodra-Hisui, L50, F|\n|poke|p1|Landorus-Therian, L50, M|\n|poke|p2|Chandelure, L50, F|\n|poke|p2|Ogerpon-Wellspring, L50, F|\n|poke|p2|Tornadus, L50, M|\n|poke|p2|Iron Hands, L50|\n|poke|p2|Sylveon, L50, F|\n|poke|p2|Roaring Moon, L50|\n|teampreview|4\n|inactive|Battle timer is ON: inactive players will automatically lose when time's up. (requested by fgc irongod)\nmagic 561 has agreed to open team sheets.\n|inactive|fgc irongod has 60 seconds left.\n|inactive|magic 561 has 60 seconds left.\nfgc irongod has agreed to open team sheets.\n|j| Plasma616\n|\n|t:|1700962395\n|start\n|switch|p1a: Grimmsnarl|Grimmsnarl, L50, M, shiny|100\/100\n|switch|p1b: Toxapex|Toxapex, L50, M, shiny|100\/100\n|switch|p2a: Iron Hands|Iron Hands, L50|100\/100\n|switch|p2b: Tornadus|Tornadus, L50, M|100\/100\n|turn|1\n|inactive|fgc irongod has 30 seconds left.\n|inactive|fgc irongod has 20 seconds left.\n|inactive|fgc irongod has 15 seconds left.\n|\n|t:|1700962436\n|-terastallize|p1b: Toxapex|Dragon\n|move|p2b: Tornadus|Protect|p2b: Tornadus\n|-singleturn|p2b: Tornadus|Protect\n|move|p1a: Grimmsnarl|Light Screen|p1a: Grimmsnarl\n|-sidestart|p1: fgc irongod|move: Light Screen\n|move|p2a: Iron Hands|Heavy Slam|p1a: Grimmsnarl\n|-supereffective|p1a: Grimmsnarl\n|-damage|p1a: Grimmsnarl|12\/100\n|move|p1b: Toxapex|Infestation|p2b: Tornadus\n|-activate|p2b: Tornadus|move: Protect\n|\n|upkeep\n|turn|2\n|inactive|magic 561 has 30 seconds left.\n|\n|t:|1700962465\n|move|p2b: Tornadus|Taunt|p1b: Toxapex\n|-start|p1b: Toxapex|move: Taunt\n|move|p1a: Grimmsnarl|Parting Shot|p2a: Iron Hands\n|-unboost|p2a: Iron Hands|atk|1\n|-unboost|p2a: Iron Hands|spa|1\n|\n|t:|1700962471\n|switch|p1a: Goodra|Goodra-Hisui, L50, F, shiny|100\/100|[from] Parting Shot\n|move|p2a: Iron Hands|Drain Punch|p1a: Goodra\n|-supereffective|p1a: Goodra\n|-damage|p1a: Goodra|61\/100\n|move|p1b: Toxapex|Infestation|p2a: Iron Hands\n|-resisted|p2a: Iron Hands\n|-damage|p2a: Iron Hands|99\/100\n|-activate|p2a: Iron Hands|move: Infestation|[of] p1b: Toxapex\n|\n|-heal|p1a: Goodra|67\/100|[from] item: Leftovers\n|-damage|p2a: Iron Hands|83\/100|[from] move: Infestation|[partiallytrapped]\n|upkeep\n|turn|3\n|inactive|fgc irongod has 30 seconds left.\n|\n|t:|1700962499\n|move|p2b: Tornadus|Taunt|p1a: Goodra\n|-start|p1a: Goodra|move: Taunt\n|cant|p1a: Goodra|move: Taunt|Shelter\n|move|p2a: Iron Hands|Drain Punch|p1a: Goodra\n|-supereffective|p1a: Goodra\n|-damage|p1a: Goodra|30\/100\n|-heal|p2a: Iron Hands|97\/100|[from] drain|[of] p1a: Goodra\n|move|p1b: Toxapex|Infestation|p2b: Tornadus\n|-resisted|p2b: Tornadus\n|-damage|p2b: Tornadus|99\/100\n|-activate|p2b: Tornadus|move: Infestation|[of] p1b: Toxapex\n|\n|-heal|p1a: Goodra|36\/100|[from] item: Leftovers\n|-damage|p2b: Tornadus|82\/100|[from] move: Infestation|[partiallytrapped]\n|-damage|p2a: Iron Hands|80\/100|[from] move: Infestation|[partiallytrapped]\n|upkeep\n|turn|4\n|\n|t:|1700962519\n|switch|p1a: Sinistcha|Sinistcha, L50, shiny|100\/100\n|-terastallize|p2b: Tornadus|Ghost\n|move|p2b: Tornadus|Bleakwind Storm|p1b: Toxapex|[spread] p1a,p1b\n|-supereffective|p1a: Sinistcha\n|-damage|p1a: Sinistcha|57\/100\n|-damage|p1b: Toxapex|84\/100\n|move|p2a: Iron Hands|Drain Punch|p1a: Sinistcha\n|-immune|p1a: Sinistcha\n|move|p1b: Toxapex|Infestation|p2a: Iron Hands\n|-resisted|p2a: Iron Hands\n|-damage|p2a: Iron Hands|79\/100\n|\n|-damage|p2b: Tornadus|66\/100|[from] move: Infestation|[partiallytrapped]\n|-damage|p2a: Iron Hands|63\/100|[from] move: Infestation|[partiallytrapped]\n|-end|p1b: Toxapex|move: Taunt\n|upkeep\n|turn|5\n|\n|t:|1700962537\n|move|p2b: Tornadus|Bleakwind Storm|p1b: Toxapex|[spread] p1a,p1b\n|-supereffective|p1a: Sinistcha\n|-crit|p1b: Toxapex\n|-damage|p1a: Sinistcha|18\/100\n|-damage|p1b: Toxapex|47\/100\n|-enditem|p1a: Sinistcha|Sitrus Berry|[eat]\n|-heal|p1a: Sinistcha|43\/100|[from] item: Sitrus Berry\n|move|p1a: Sinistcha|Shadow Ball|p2b: Tornadus\n|-supereffective|p2b: Tornadus\n|-damage|p2b: Tornadus|0 fnt\n|faint|p2b: Tornadus\n|move|p2a: Iron Hands|Drain Punch|p1b: Toxapex\n|-damage|p1b: Toxapex|27\/100\n|-heal|p2a: Iron Hands|69\/100|[from] drain|[of] p1b: Toxapex\n|move|p1b: Toxapex|Substitute|p1b: Toxapex\n|-start|p1b: Toxapex|Substitute\n|-damage|p1b: Toxapex|2\/100\n|\n|-damage|p2a: Iron Hands|53\/100|[from] move: Infestation|[partiallytrapped]\n|-sideend|p1: fgc irongod|move: Light Screen\n|upkeep\n|\n|t:|1700962554\n|switch|p2b: Chandelure|Chandelure, L50, F|100\/100\n|turn|6\n|inactive|fgc irongod has 30 seconds left.\n|inactive|fgc irongod has 20 seconds left.\n|\n|t:|1700962593\n|move|p2a: Iron Hands|Fake Out||[still]\n|-hint|Fake Out only works on your first turn out.\n|-fail|p2a: Iron Hands\n|move|p2b: Chandelure|Heat Wave|p1b: Toxapex|[spread] p1a,p1b\n|-resisted|p1b: Toxapex\n|-activate|p1b: Toxapex|move: Substitute|[damage]\n|-supereffective|p1a: Sinistcha\n|-damage|p1a: Sinistcha|0 fnt\n|faint|p1a: Sinistcha\n|move|p1b: Toxapex|Infestation|p2b: Chandelure\n|-resisted|p2b: Chandelure\n|-damage|p2b: Chandelure|99\/100\n|-activate|p2b: Chandelure|move: Infestation|[of] p1b: Toxapex\n|\n|-damage|p2b: Chandelure|84\/100|[from] move: Infestation|[partiallytrapped]\n|-damage|p2a: Iron Hands|36\/100|[from] move: Infestation|[partiallytrapped]\n|upkeep\n|\n|t:|1700962607\n|switch|p1a: Grimmsnarl|Grimmsnarl, L50, M, shiny|12\/100\n|turn|7\n|\n|t:|1700962627\n|switch|p2b: Ogerpon|Ogerpon-Wellspring, L50, F|100\/100\n|move|p1a: Grimmsnarl|Light Screen|p1a: Grimmsnarl\n|-sidestart|p1: fgc irongod|move: Light Screen\n|move|p2a: Iron Hands|Drain Punch|p1a: Grimmsnarl\n|-damage|p1a: Grimmsnarl|0 fnt\n|-heal|p2a: Iron Hands|41\/100|[from] drain|[of] p1a: Grimmsnarl\n|faint|p1a: Grimmsnarl\n|move|p1b: Toxapex|Recover|p1b: Toxapex\n|-heal|p1b: Toxapex|53\/100\n|\n|-end|p2a: Iron Hands|Infestation|[partiallytrapped]\n|upkeep\n|\n|t:|1700962636\n|switch|p1a: Goodra|Goodra-Hisui, L50, F, shiny|36\/100\n|turn|8\n|\n|t:|1700962654\n|-end|p2a: Iron Hands|Quark Drive|[silent]\n|switch|p2a: Chandelure|Chandelure, L50, F|84\/100\n|move|p2b: Ogerpon|Swords Dance|p2b: Ogerpon\n|-boost|p2b: Ogerpon|atk|2\n|move|p1a: Goodra|Life Dew|p1a: Goodra|[spread] p1a,p1b\n|-heal|p1a: Goodra|61\/100\n|-heal|p1b: Toxapex|78\/100\n|move|p1b: Toxapex|Infestation|p2a: Chandelure\n|-resisted|p2a: Chandelure\n|-damage|p2a: Chandelure|83\/100\n|-activate|p2a: Chandelure|move: Infestation|[of] p1b: Toxapex\n|\n|-heal|p1a: Goodra|67\/100|[from] item: Leftovers\n|-damage|p2a: Chandelure|67\/100|[from] move: Infestation|[partiallytrapped]\n|upkeep\n|turn|9\n|\n|t:|1700962674\n|move|p2b: Ogerpon|Ivy Cudgel|p1a: Goodra|[anim] Ivy Cudgel Water\n|-resisted|p1a: Goodra\n|-damage|p1a: Goodra|27\/100\n|move|p2a: Chandelure|Shadow Ball|p1b: Toxapex\n|-end|p1b: Toxapex|Substitute\n|move|p1a: Goodra|Shelter|p1a: Goodra\n|-boost|p1a: Goodra|def|2\n|move|p1b: Toxapex|Infestation|p2b: Ogerpon\n|-supereffective|p2b: Ogerpon\n|-damage|p2b: Ogerpon|94\/100\n|-activate|p2b: Ogerpon|move: Infestation|[of] p1b: Toxapex\n|\n|-heal|p1a: Goodra|33\/100|[from] item: Leftovers\n|-damage|p2b: Ogerpon|77\/100|[from] move: Infestation|[partiallytrapped]\n|-damage|p2a: Chandelure|50\/100|[from] move: Infestation|[partiallytrapped]\n|upkeep\n|-enditem|p2a: Chandelure|Sitrus Berry|[eat]\n|-heal|p2a: Chandelure|75\/100|[from] item: Sitrus Berry\n|turn|10\n|\n|t:|1700962693\n|move|p1b: Toxapex|Baneful Bunker|p1b: Toxapex\n|-singleturn|p1b: Toxapex|move: Protect\n|move|p2b: Ogerpon|Ivy Cudgel|p1a: Goodra|[anim] Ivy Cudgel Water\n|-resisted|p1a: Goodra\n|-damage|p1a: Goodra|12\/100\n|move|p2a: Chandelure|Shadow Ball|p1a: Goodra\n|-damage|p1a: Goodra|0 fnt\n|faint|p1a: Goodra\n|\n|-damage|p2b: Ogerpon|60\/100|[from] move: Infestation|[partiallytrapped]\n|-damage|p2a: Chandelure|59\/100|[from] move: Infestation|[partiallytrapped]\n|upkeep\n|turn|11\n|\n|t:|1700962714\n|move|p2b: Ogerpon|Horn Leech|p1b: Toxapex\n|-resisted|p1b: Toxapex\n|-damage|p1b: Toxapex|48\/100\n|-heal|p2b: Ogerpon|74\/100|[from] drain|[of] p1b: Toxapex\n|move|p2a: Chandelure|Shadow Ball|p1b: Toxapex\n|-damage|p1b: Toxapex|25\/100\n|move|p1b: Toxapex|Recover|p1b: Toxapex\n|-heal|p1b: Toxapex|76\/100\n|\n|-damage|p2b: Ogerpon|58\/100|[from] move: Infestation|[partiallytrapped]\n|-damage|p2a: Chandelure|43\/100|[from] move: Infestation|[partiallytrapped]\n|-sideend|p1: fgc irongod|move: Light Screen\n|upkeep\n|turn|12\n|\n|t:|1700962726\n|switch|p2a: Iron Hands|Iron Hands, L50|41\/100\n|move|p1b: Toxapex|Baneful Bunker|p1b: Toxapex\n|-singleturn|p1b: Toxapex|move: Protect\n|move|p2b: Ogerpon|Swords Dance|p2b: Ogerpon\n|-boost|p2b: Ogerpon|atk|2\n|\n|-damage|p2b: Ogerpon|41\/100|[from] move: Infestation|[partiallytrapped]\n|upkeep\n|turn|13\n|\n|t:|1700962741\n|move|p2a: Iron Hands|Fake Out|p1b: Toxapex\n|-damage|p1b: Toxapex|66\/100\n|move|p2b: Ogerpon|Horn Leech|p1b: Toxapex\n|-resisted|p1b: Toxapex\n|-damage|p1b: Toxapex|24\/100\n|-heal|p2b: Ogerpon|60\/100|[from] drain|[of] p1b: Toxapex\n|cant|p1b: Toxapex|flinch\n|\n|-damage|p2b: Ogerpon|43\/100|[from] move: Infestation|[partiallytrapped]\n|upkeep\n|turn|14\n|\n|t:|1700962751\n|move|p1b: Toxapex|Baneful Bunker|p1b: Toxapex\n|-singleturn|p1b: Toxapex|move: Protect\n|move|p2b: Ogerpon|Ivy Cudgel|p1b: Toxapex|[anim] Ivy Cudgel Water\n|-activate|p1b: Toxapex|move: Protect\n|move|p2a: Iron Hands|Drain Punch|p1b: Toxapex\n|-activate|p1b: Toxapex|move: Protect\n|-status|p2a: Iron Hands|psn\n|\n|-damage|p2a: Iron Hands|29\/100 psn|[from] psn\n|-end|p2b: Ogerpon|Infestation|[partiallytrapped]\n|upkeep\n|turn|15\n|\n|t:|1700962764\n|move|p2b: Ogerpon|Ivy Cudgel|p1b: Toxapex|[anim] Ivy Cudgel Water\n|-resisted|p1b: Toxapex\n|-crit|p1b: Toxapex\n|-damage|p1b: Toxapex|0 fnt\n|faint|p1b: Toxapex\n|\n|win|magic 561\n|raw|fgc irongod's rating: 1438 &rarr; <strong>1416<\/strong><br \/>(-22 for losing)\n|raw|magic 561's rating: 1399 &rarr; <strong>1421<\/strong><br \/>(+22 for winning)\n|l| Plasma616\n|c|\u2606magic 561|gg wp\n","uploadtime":1700962774,"views":21,"p1id":"fgcirongod","p2id":"magic561","formatid":"gen9vgc2023regulatione","rating":1416,"private":0,"password":""}