{"id":"gen9vgc2023regulatione-1988109485","p1":"TheAlphaTeen","p2":"py123456","format":"[Gen 9] VGC 2023 Regulation E","log":"|j|\u2606TheAlphaTeen\n|j|\u2606py123456\n|t:|1699670678\n|gametype|doubles\n|player|p1|TheAlphaTeen|265|1030\n|player|p2|py123456|steven|1066\n|teamsize|p1|6\n|teamsize|p2|6\n|gen|9\n|tier|[Gen 9] VGC 2023 Regulation E\n|rated|\n|rule|Species Clause: Limit one of each Pok\u00e9mon\n|rule|Item Clause: Limit one of each item\n|clearpoke\n|poke|p1|Armarouge, L50, F|\n|poke|p1|Grimmsnarl, L50, M|\n|poke|p1|Espeon, L50, F|\n|poke|p1|Wo-Chien, L50|\n|poke|p1|Garganacl, L50, F|\n|poke|p1|Typhlosion-Hisui, L50, F|\n|poke|p2|Flutter Mane, L50|\n|poke|p2|Ogerpon-Wellspring, L50, F|\n|poke|p2|Iron Hands, L50|\n|poke|p2|Sableye, L50, F|\n|poke|p2|Espathra, L50, F|\n|poke|p2|Chi-Yu, L50|\n|teampreview|4\n|inactive|Battle timer is ON: inactive players will automatically lose when time's up. (requested by TheAlphaTeen)\n|\n|t:|1699670714\n|start\n|switch|p1a: Armarouge|Armarouge, L50, F|100\/100\n|switch|p1b: Grimmsnarl|Grimmsnarl, L50, M|100\/100\n|switch|p2a: Sableye|Sableye, L50, F, shiny|100\/100\n|switch|p2b: Espathra|Espathra, L50, F|100\/100\n|turn|1\n|\n|t:|1699670732\n|move|p1b: Grimmsnarl|Fake Out|p2b: Espathra\n|-damage|p2b: Espathra|82\/100\n|move|p2a: Sableye|Gravity|p2a: Sableye\n|-fieldstart|move: Gravity\n|cant|p2b: Espathra|flinch\n|move|p1a: Armarouge|Calm Mind|p1a: Armarouge\n|-boost|p1a: Armarouge|spa|1\n|-boost|p1a: Armarouge|spd|1\n|\n|-ability|p2b: Espathra|Speed Boost|boost\n|-boost|p2b: Espathra|spe|1\n|upkeep\n|turn|2\n|inactive|py123456 has 30 seconds left.\n|\n|t:|1699670766\n|move|p1b: Grimmsnarl|Light Screen|p1b: Grimmsnarl\n|-sidestart|p1: TheAlphaTeen|move: Light Screen\n|move|p2a: Sableye|Encore|p1a: Armarouge\n|-start|p1a: Armarouge|Encore\n|move|p2b: Espathra|Hypnosis|p1a: Armarouge\n|-status|p1a: Armarouge|slp|[from] move: Hypnosis\n|cant|p1a: Armarouge|slp\n|\n|-ability|p2b: Espathra|Speed Boost|boost\n|-boost|p2b: Espathra|spe|1\n|upkeep\n|turn|3\n|inactive|TheAlphaTeen has 30 seconds left.\n|inactive|py123456 has 30 seconds left.\n|\n|t:|1699670798\n|switch|p2b: Chi-Yu|Chi-Yu, L50|100\/100\n|-ability|p2b: Chi-Yu|Beads of Ruin\n|switch|p1a: Typhlosion|Typhlosion-Hisui, L50, F|100\/100\n|switch|p2a: Iron Hands|Iron Hands, L50|100\/100\n|move|p1b: Grimmsnarl|Reflect|p1b: Grimmsnarl\n|-sidestart|p1: TheAlphaTeen|Reflect\n|\n|upkeep\n|turn|4\n|inactive|py123456 has 30 seconds left.\n|inactive|py123456 has 20 seconds left.\n|\n|t:|1699670834\n|move|p1a: Typhlosion|Lava Plume|p2b: Chi-Yu|[spread] p1b,p2a,p2b\n|-resisted|p2b: Chi-Yu\n|-damage|p1b: Grimmsnarl|64\/100\n|-damage|p2a: Iron Hands|66\/100\n|-damage|p2b: Chi-Yu|84\/100\n|-damage|p1a: Typhlosion|91\/100|[from] item: Life Orb\n|move|p2b: Chi-Yu|Dark Pulse|p1a: Typhlosion\n|-supereffective|p1a: Typhlosion\n|-damage|p1a: Typhlosion|0 fnt\n|faint|p1a: Typhlosion\n|move|p1b: Grimmsnarl|Body Slam|p2b: Chi-Yu\n|-damage|p2b: Chi-Yu|42\/100\n|move|p2a: Iron Hands|Belly Drum|p2a: Iron Hands\n|-damage|p2a: Iron Hands|16\/100\n|-setboost|p2a: Iron Hands|atk|6|[from] move: Belly Drum\n|-enditem|p2a: Iron Hands|Sitrus Berry|[eat]\n|-heal|p2a: Iron Hands|40\/100|[from] item: Sitrus Berry\n|\n|-heal|p2b: Chi-Yu|49\/100|[from] item: Leftovers\n|-heal|p1b: Grimmsnarl|70\/100|[from] item: Leftovers\n|upkeep\n|\n|t:|1699670857\n|switch|p1a: Wo-Chien|Wo-Chien, L50|100\/100\n|-ability|p1a: Wo-Chien|Tablets of Ruin\n|turn|5\n|\n|t:|1699670874\n|move|p2b: Chi-Yu|Nasty Plot|p2b: Chi-Yu\n|-boost|p2b: Chi-Yu|spa|2\n|move|p1a: Wo-Chien|Leech Seed|p2b: Chi-Yu\n|-start|p2b: Chi-Yu|move: Leech Seed\n|move|p1b: Grimmsnarl|Body Slam|p2a: Iron Hands\n|-damage|p2a: Iron Hands|24\/100\n|move|p2a: Iron Hands|Drain Punch|p1a: Wo-Chien\n|-supereffective|p1a: Wo-Chien\n|-damage|p1a: Wo-Chien|0 fnt\n|-heal|p2a: Iron Hands|63\/100|[from] drain|[of] p1a: Wo-Chien\n|faint|p1a: Wo-Chien\n|\n|-heal|p2b: Chi-Yu|55\/100|[from] item: Leftovers\n|-heal|p1b: Grimmsnarl|76\/100|[from] item: Leftovers\n|-fieldend|move: Gravity\n|upkeep\n|\n|t:|1699670888\n|switch|p1a: Armarouge|Armarouge, L50, F|100\/100 slp\n|turn|6\n|\n|t:|1699670901\n|move|p2b: Chi-Yu|Dark Pulse|p1a: Armarouge\n|-supereffective|p1a: Armarouge\n|-damage|p1a: Armarouge|0 fnt\n|faint|p1a: Armarouge\n|move|p1b: Grimmsnarl|Body Slam|p2b: Chi-Yu\n|-damage|p2b: Chi-Yu|13\/100\n|move|p2a: Iron Hands|Drain Punch|p1b: Grimmsnarl\n|-damage|p1b: Grimmsnarl|0 fnt\n|-heal|p2a: Iron Hands|93\/100|[from] drain|[of] p1b: Grimmsnarl\n|faint|p1b: Grimmsnarl\n|\n|win|py123456\n|raw|TheAlphaTeen's rating: 1030 &rarr; <strong>1017<\/strong><br \/>(-13 for losing)\n|raw|py123456's rating: 1066 &rarr; <strong>1093<\/strong><br \/>(+27 for winning)\n","uploadtime":1699670913,"views":14,"p1id":"thealphateen","p2id":"py123456","formatid":"gen9vgc2023regulatione","rating":1017,"private":0,"password":""}