{"id":"gen9vgc2023regulatione-1998101029","p1":"Toedscool4school","p2":"Proffesor_Karrot","format":"[Gen 9] VGC 2023 Regulation E","log":"|j|\u2606Toedscool4school\n|j|\u2606Proffesor_Karrot\n|t:|1700891437\n|gametype|doubles\n|player|p1|Toedscool4school|sada-ai|1591\n|player|p2|Proffesor_Karrot|lady|1622\n|teamsize|p1|6\n|teamsize|p2|6\n|gen|9\n|tier|[Gen 9] VGC 2023 Regulation E\n|rated|\n|rule|Species Clause: Limit one of each Pok\u00e9mon\n|rule|Item Clause: Limit one of each item\n|clearpoke\n|poke|p1|Flutter Mane, L50|\n|poke|p1|Arcanine-Hisui, L50, M|\n|poke|p1|Amoonguss, L50, F|\n|poke|p1|Urshifu-*, L50, M|\n|poke|p1|Tornadus, L50, M|\n|poke|p1|Gholdengo, L50|\n|poke|p2|Farigiraf, L50, F|\n|poke|p2|Landorus, L50, M|\n|poke|p2|Urshifu-*, L50, F|\n|poke|p2|Heatran, L50, F|\n|poke|p2|Iron Bundle, L50|\n|poke|p2|Rillaboom, L50, M|\n|teampreview|4\n|inactive|Battle timer is ON: inactive players will automatically lose when time's up. (requested by Proffesor_Karrot)\nToedscool4school has agreed to open team sheets.\n|inactive|Toedscool4school has 60 seconds left.\n|inactive|Proffesor_Karrot has 60 seconds left.\n|\n|t:|1700891491\n|start\n|switch|p1a: Flutter Mane|Flutter Mane, L50|100\/100\n|switch|p1b: Urshifu|Urshifu-Rapid-Strike, L50, M|100\/100\n|switch|p2a: Urshifu|Urshifu, L50, F|100\/100\n|switch|p2b: Farigiraf|Farigiraf, L50, F|100\/100\n|-enditem|p1a: Flutter Mane|Booster Energy\n|-activate|p1a: Flutter Mane|ability: Protosynthesis|[fromitem]\n|-start|p1a: Flutter Mane|protosynthesisspe\n|turn|1\n|inactive|Toedscool4school has 30 seconds left.\n|j| Braindeadmeta\n|inactive|Toedscool4school has 20 seconds left.\n|inactive|Toedscool4school has 15 seconds left.\n|inactive|Toedscool4school has 10 seconds left.\n|inactive|Toedscool4school has 5 seconds left.\n|\n|t:|1700891542\n|-terastallize|p1a: Flutter Mane|Fairy\n|-terastallize|p2a: Urshifu|Dark\n|move|p2b: Farigiraf|Helping Hand|p2a: Urshifu\n|-singleturn|p2a: Urshifu|Helping Hand|[of] p2b: Farigiraf\n|move|p2a: Urshifu|Sucker Punch|p1a: Flutter Mane\n|-resisted|p1a: Flutter Mane\n|-damage|p1a: Flutter Mane|54\/100\n|move|p1a: Flutter Mane|Moonblast|p2b: Farigiraf\n|-damage|p2b: Farigiraf|40\/100\n|move|p1b: Urshifu|Surging Strikes|p2b: Farigiraf\n|-crit|p2b: Farigiraf\n|-damage|p2b: Farigiraf|19\/100\n|-crit|p2b: Farigiraf\n|-damage|p2b: Farigiraf|0 fnt\n|faint|p2b: Farigiraf\n|-hitcount|p2: Farigiraf|2\n|\n|upkeep\n|\n|t:|1700891561\n|switch|p2b: Rillaboom|Rillaboom, L50, M|100\/100\n|-fieldstart|move: Grassy Terrain|[from] ability: Grassy Surge|[of] p2b: Rillaboom\n|turn|2\n|inactive|Toedscool4school has 30 seconds left.\n|\n|t:|1700891588\n|-end|p1a: Flutter Mane|Protosynthesis|[silent]\n|switch|p1a: NEVERMORE|Arcanine-Hisui, L50, M|100\/100\n|-ability|p1a: NEVERMORE|Intimidate|boost\n|-unboost|p2a: Urshifu|atk|1\n|-unboost|p2b: Rillaboom|atk|1\n|move|p2b: Rillaboom|Grassy Glide|p1a: NEVERMORE\n|-damage|p1a: NEVERMORE|62\/100\n|move|p1b: Urshifu|Close Combat|p2a: Urshifu\n|-supereffective|p2a: Urshifu\n|-enditem|p2a: Urshifu|Focus Sash\n|-damage|p2a: Urshifu|1\/100\n|-unboost|p1b: Urshifu|def|1\n|-unboost|p1b: Urshifu|spd|1\n|move|p2a: Urshifu|Close Combat|p1b: Urshifu\n|-damage|p1b: Urshifu|34\/100\n|-unboost|p2a: Urshifu|def|1\n|-unboost|p2a: Urshifu|spd|1\n|\n|-heal|p1a: NEVERMORE|67\/100|[from] Grassy Terrain\n|-heal|p1b: Urshifu|40\/100|[from] Grassy Terrain\n|-heal|p2a: Urshifu|7\/100|[from] Grassy Terrain\n|upkeep\n|turn|3\n|inactive|Toedscool4school has 30 seconds left.\n|inactive|Proffesor_Karrot has 30 seconds left.\n|inactive|Proffesor_Karrot has 20 seconds left.\n|inactive|Proffesor_Karrot has 15 seconds left.\n|inactive|Proffesor_Karrot has 10 seconds left.\n|\n|t:|1700891640\n|move|p1b: Urshifu|Aqua Jet|p2a: Urshifu\n|-damage|p2a: Urshifu|0 fnt\n|faint|p2a: Urshifu\n|move|p2b: Rillaboom|Grassy Glide|p1b: Urshifu\n|-supereffective|p1b: Urshifu\n|-damage|p1b: Urshifu|0 fnt\n|faint|p1b: Urshifu\n|move|p1a: NEVERMORE|Flare Blitz|p2b: Rillaboom\n|-supereffective|p2b: Rillaboom\n|-damage|p2b: Rillaboom|0 fnt\n|faint|p2b: Rillaboom\n|-damage|p1a: NEVERMORE|28\/100|[from] Recoil\n|\n|-heal|p1a: NEVERMORE|34\/100|[from] Grassy Terrain\n|upkeep\n|\n|t:|1700891651\n|switch|p1b: Flutter Mane|Flutter Mane, L50, tera:Fairy|54\/100\n|switch|p2b: Heatran|Heatran, L50, F|100\/100\n|turn|4\n|\n|t:|1700891669\n|move|p1b: Flutter Mane|Shadow Ball|p2b: Heatran\n|-crit|p2b: Heatran\n|-damage|p2b: Heatran|70\/100\n|move|p1a: NEVERMORE|Rock Slide|p2b: Heatran\n|-damage|p2b: Heatran|35\/100\n|move|p2b: Heatran|Flash Cannon|p1b: Flutter Mane\n|-supereffective|p1b: Flutter Mane\n|-damage|p1b: Flutter Mane|0 fnt\n|faint|p1b: Flutter Mane\n|-end|p1b: Flutter Mane|Protosynthesis|[silent]\n|\n|-heal|p1a: NEVERMORE|40\/100|[from] Grassy Terrain\n|-heal|p2b: Heatran|41\/100|[from] Grassy Terrain\n|upkeep\n|\n|t:|1700891676\n|switch|p1b: Gholdengo|Gholdengo, L50|100\/100\n|turn|5\n|\n|t:|1700891685\n|move|p1a: NEVERMORE|Rock Slide|p2b: Heatran|[miss]\n|-miss|p1a: NEVERMORE|p2b: Heatran\n|move|p1b: Gholdengo|Shadow Ball|p2b: Heatran\n|-damage|p2b: Heatran|20\/100\n|move|p2b: Heatran|Heat Wave|p1b: Gholdengo|[spread] p1a\n|-miss|p2b: Heatran|p1b: Gholdengo\n|-resisted|p1a: NEVERMORE\n|-damage|p1a: NEVERMORE|28\/100\n|\n|-heal|p1a: NEVERMORE|34\/100|[from] Grassy Terrain\n|-heal|p2b: Heatran|26\/100|[from] Grassy Terrain\n|upkeep\n|turn|6\n|\n|t:|1700891694\n|move|p1a: NEVERMORE|Rock Slide|p2b: Heatran|[miss]\n|-miss|p1a: NEVERMORE|p2b: Heatran\n|move|p1b: Gholdengo|Shadow Ball|p2b: Heatran\n|-damage|p2b: Heatran|4\/100\n|move|p2b: Heatran|Heat Wave|p1b: Gholdengo|[spread] p1a,p1b\n|-resisted|p1a: NEVERMORE\n|-supereffective|p1b: Gholdengo\n|-damage|p1a: NEVERMORE|21\/100\n|-damage|p1b: Gholdengo|36\/100\n|\n|-heal|p1a: NEVERMORE|27\/100|[from] Grassy Terrain\n|-heal|p1b: Gholdengo|42\/100|[from] Grassy Terrain\n|-heal|p1b: Gholdengo|48\/100|[from] item: Leftovers\n|-heal|p2b: Heatran|10\/100|[from] Grassy Terrain\n|-fieldend|move: Grassy Terrain\n|upkeep\n|turn|7\n|l| Braindeadmeta\n|\n|t:|1700891704\n|move|p1a: NEVERMORE|Rock Slide|p2b: Heatran\n|-damage|p2b: Heatran|0 fnt\n|faint|p2b: Heatran\n|\n|win|Toedscool4school\n|raw|Toedscool4school's rating: 1591 &rarr; <strong>1613<\/strong><br \/>(+22 for winning)\n|raw|Proffesor_Karrot's rating: 1622 &rarr; <strong>1600<\/strong><br \/>(-22 for losing)\n|l|\u2606Proffesor_Karrot\n","uploadtime":1700891715,"views":2,"p1id":"toedscool4school","p2id":"proffesorkarrot","formatid":"gen9vgc2023regulatione","rating":1600,"private":0,"password":""}