{"id":"gen9vgc2023regulatione-1993770364","p1":"Eisenbundel","p2":"Playground1","format":"[Gen 9] VGC 2023 Regulation E","log":"|j|\u2606Eisenbundel\n|j|\u2606Playground1\n|t:|1700355206\n|gametype|doubles\n|player|p1|Eisenbundel|lucas-gen4pt|1396\n|player|p2|Playground1|acetrainer-gen4dp|1586\n|teamsize|p1|6\n|teamsize|p2|6\n|gen|9\n|tier|[Gen 9] VGC 2023 Regulation E\n|rated|\n|rule|Species Clause: Limit one of each Pok\u00e9mon\n|rule|Item Clause: Limit one of each item\n|clearpoke\n|poke|p1|Enamorus, L50, F|\n|poke|p1|Tauros-Paldea-Blaze, L50, M|\n|poke|p1|Gholdengo, L50|\n|poke|p1|Chien-Pao, L50|\n|poke|p1|Roaring Moon, L50|\n|poke|p1|Ogerpon-Wellspring, L50, F|\n|poke|p2|Sinistcha-Masterpiece, L50|\n|poke|p2|Milotic, L50, F|\n|poke|p2|Ursaluna, L50, M|\n|poke|p2|Tauros-Paldea-Blaze, L50, M|\n|poke|p2|Ninetales-Alola, L50, M|\n|poke|p2|Scyther, L50, F|\n|teampreview|4\n|inactive|Battle timer is ON: inactive players will automatically lose when time's up. (requested by Playground1)\n|inactive|Eisenbundel has 60 seconds left.\n|\n|t:|1700355335\n|start\n|switch|p1a: Chien-Pao|Chien-Pao, L50|100\/100\n|switch|p1b: Tauros|Tauros-Paldea-Blaze, L50, M|100\/100\n|switch|p2a: Milotic|Milotic, L50, F|100\/100\n|switch|p2b: Ninetales|Ninetales-Alola, L50, M|100\/100\n|-ability|p1a: Chien-Pao|Sword of Ruin\n|-weather|Snow|[from] ability: Snow Warning|[of] p2b: Ninetales\n|-ability|p1b: Tauros|Intimidate|boost\n|-unboost|p2a: Milotic|atk|1\n|-ability|p2a: Milotic|Competitive|boost\n|-boost|p2a: Milotic|spa|2\n|-unboost|p2b: Ninetales|atk|1\n|turn|1\n|inactive|Playground1 has 30 seconds left.\n|\n|t:|1700355364\n|move|p1a: Chien-Pao|Haze|p1a: Chien-Pao\n|-clearallboost\n|move|p2b: Ninetales|Moonblast|p1a: Chien-Pao\n|-supereffective|p1a: Chien-Pao\n|-enditem|p1a: Chien-Pao|Focus Sash\n|-damage|p1a: Chien-Pao|1\/100\n|move|p1b: Tauros|Raging Bull|p2b: Ninetales\n|-supereffective|p2b: Ninetales\n|-damage|p2b: Ninetales|0 fnt\n|faint|p2b: Ninetales\n|move|p2a: Milotic|Icy Wind|p1b: Tauros|[spread] p1b\n|-miss|p2a: Milotic|p1a: Chien-Pao\n|-resisted|p1b: Tauros\n|-damage|p1b: Tauros|91\/100\n|-unboost|p1b: Tauros|spe|1\n|\n|-weather|Snow|[upkeep]\n|upkeep\n|\n|t:|1700355380\n|switch|p2b: Tauros|Tauros-Paldea-Blaze, L50, M|100\/100\n|-ability|p2b: Tauros|Intimidate|boost\n|-unboost|p1a: Chien-Pao|atk|1\n|-unboost|p1b: Tauros|atk|1\n|turn|2\n|inactive|Eisenbundel has 30 seconds left.\n|\n|t:|1700355408\n|switch|p1b: Gholdengo|Gholdengo, L50|100\/100\n|move|p1a: Chien-Pao|Protect|p1a: Chien-Pao\n|-singleturn|p1a: Chien-Pao|Protect\n|move|p2b: Tauros|Raging Bull|p1a: Chien-Pao\n|-activate|p1a: Chien-Pao|move: Protect\n|move|p2a: Milotic|Scald|p1b: Gholdengo\n|-damage|p1b: Gholdengo|65\/100\n|-status|p1b: Gholdengo|brn\n|\n|-weather|Snow|[upkeep]\n|-damage|p1b: Gholdengo|59\/100 brn|[from] brn\n|upkeep\n|turn|3\n|inactive|Eisenbundel has 30 seconds left.\n|inactive|Eisenbundel has 20 seconds left.\n|inactive|Eisenbundel has 15 seconds left.\n|\n|t:|1700355452\n|move|p1b: Gholdengo|Protect|p1b: Gholdengo\n|-singleturn|p1b: Gholdengo|Protect\n|move|p1a: Chien-Pao|Sucker Punch|p2a: Milotic\n|-damage|p2a: Milotic|70\/100\n|move|p2b: Tauros|Raging Bull|p1b: Gholdengo\n|-activate|p1b: Gholdengo|move: Protect\n|move|p2a: Milotic|Scald|p1a: Chien-Pao\n|-damage|p1a: Chien-Pao|0 fnt\n|faint|p1a: Chien-Pao\n|\n|-weather|Snow|[upkeep]\n|-damage|p1b: Gholdengo|53\/100 brn|[from] brn\n|upkeep\n|\n|t:|1700355457\n|switch|p1a: Ogerpon|Ogerpon-Wellspring, L50, F|100\/100\n|turn|4\n|\n|t:|1700355471\n|-terastallize|p1a: Ogerpon|Water\n|detailschange|p1a: Ogerpon|Ogerpon-Wellspring-Tera, L50, F, tera:Water\n|-ability|p1a: Ogerpon|Embody Aspect (Wellspring)|boost\n|-boost|p1a: Ogerpon|spd|1\n|move|p2b: Tauros|Protect|p2b: Tauros\n|-singleturn|p2b: Tauros|Protect\n|move|p1a: Ogerpon|Follow Me|p1a: Ogerpon\n|-singleturn|p1a: Ogerpon|move: Follow Me\n|move|p1b: Gholdengo|Nasty Plot|p1b: Gholdengo\n|-boost|p1b: Gholdengo|spa|2\n|move|p2a: Milotic|Icy Wind|p1a: Ogerpon|[spread] p1a,p1b\n|-resisted|p1a: Ogerpon\n|-resisted|p1b: Gholdengo\n|-damage|p1a: Ogerpon|97\/100\n|-damage|p1b: Gholdengo|46\/100 brn\n|-unboost|p1a: Ogerpon|spe|1\n|-unboost|p1b: Gholdengo|spe|1\n|\n|-weather|Snow|[upkeep]\n|-damage|p1b: Gholdengo|40\/100 brn|[from] brn\n|upkeep\n|turn|5\n|inactive|Playground1 has 30 seconds left.\n|\n|t:|1700355503\n|move|p1a: Ogerpon|Follow Me|p1a: Ogerpon\n|-singleturn|p1a: Ogerpon|move: Follow Me\n|move|p2b: Tauros|Will-O-Wisp|p1a: Ogerpon\n|-status|p1a: Ogerpon|brn\n|move|p2a: Milotic|Haze|p2a: Milotic\n|-clearallboost\n|move|p1b: Gholdengo|Shadow Ball|p2a: Milotic\n|-damage|p2a: Milotic|23\/100\n|-enditem|p2a: Milotic|Sitrus Berry|[eat]\n|-heal|p2a: Milotic|47\/100|[from] item: Sitrus Berry\n|-damage|p1b: Gholdengo|30\/100 brn|[from] item: Life Orb\n|\n|-weather|none\n|-damage|p1b: Gholdengo|24\/100 brn|[from] brn\n|-damage|p1a: Ogerpon|91\/100 brn|[from] brn\n|upkeep\n|turn|6\n|inactive|Eisenbundel has 30 seconds left.\n|inactive|Playground1 has 30 seconds left.\n|inactive|Eisenbundel has 20 seconds left.\n|inactive|Eisenbundel has 15 seconds left.\n|\n|t:|1700355546\n|move|p1b: Gholdengo|Protect|p1b: Gholdengo\n|-singleturn|p1b: Gholdengo|Protect\n|move|p2a: Milotic|Protect|p2a: Milotic\n|-singleturn|p2a: Milotic|Protect\n|move|p2b: Tauros|Close Combat|p1a: Ogerpon\n|-damage|p1a: Ogerpon|43\/100 brn\n|-unboost|p2b: Tauros|def|1\n|-unboost|p2b: Tauros|spd|1\n|-enditem|p2b: Tauros|White Herb\n|-clearnegativeboost|p2b: Tauros|[silent]\n|move|p1a: Ogerpon|Ivy Cudgel|p2b: Tauros|[anim] Ivy Cudgel Water\n|-supereffective|p2b: Tauros\n|-crit|p2b: Tauros\n|-damage|p2b: Tauros|0 fnt\n|faint|p2b: Tauros\n|\n|-damage|p1b: Gholdengo|18\/100 brn|[from] brn\n|-damage|p1a: Ogerpon|37\/100 brn|[from] brn\n|upkeep\n|\n|t:|1700355561\n|switch|p2b: Ursaluna|Ursaluna, L50, M|100\/100\n|turn|7\n|\n|t:|1700355579\n|-terastallize|p2b: Ursaluna|Ghost\n|move|p1a: Ogerpon|Follow Me|p1a: Ogerpon\n|-singleturn|p1a: Ogerpon|move: Follow Me\n|move|p1b: Gholdengo|Shadow Ball|p2a: Milotic\n|-damage|p2a: Milotic|0 fnt\n|faint|p2a: Milotic\n|-damage|p1b: Gholdengo|8\/100 brn|[from] item: Life Orb\n|move|p2b: Ursaluna|Body Slam|p1a: Ogerpon\n|-damage|p1a: Ogerpon|0 fnt\n|faint|p1a: Ogerpon\n|\n|-damage|p1b: Gholdengo|2\/100 brn|[from] brn\n|upkeep\n|\n|t:|1700355585\n|switch|p1a: Tauros|Tauros-Paldea-Blaze, L50, M|91\/100\n|-ability|p1a: Tauros|Intimidate|boost\n|-unboost|p2b: Ursaluna|atk|1\n|turn|8\n|\n|t:|1700355596\n|move|p1a: Tauros|Flare Blitz|p2b: Ursaluna\n|-damage|p2b: Ursaluna|38\/100\n|-status|p2b: Ursaluna|brn\n|-damage|p1a: Tauros|59\/100|[from] Recoil\n|move|p1b: Gholdengo|Shadow Ball|p2b: Ursaluna\n|-supereffective|p2b: Ursaluna\n|-damage|p2b: Ursaluna|0 fnt\n|faint|p2b: Ursaluna\n|-damage|p1b: Gholdengo|0 fnt|[from] item: Life Orb\n|faint|p1b: Gholdengo\n|\n|win|Eisenbundel\n|raw|Eisenbundel's rating: 1396 &rarr; <strong>1426<\/strong><br \/>(+30 for winning)\n|raw|Playground1's rating: 1586 &rarr; <strong>1556<\/strong><br \/>(-30 for losing)\n|l|\u2606Playground1\n","uploadtime":1700355611,"views":13,"p1id":"eisenbundel","p2id":"playground1","formatid":"gen9vgc2023regulatione","rating":1426,"private":0,"password":""}