{"id":"gen9vgc2023regulatione-1998142229","p1":"miku2650","p2":"bunearyboicherry","format":"[Gen 9] VGC 2023 Regulation E","log":"|j|\u2606miku2650\n|j|\u2606bunearyboicherry\n|t:|1700899394\n|gametype|doubles\n|player|p1|miku2650|grimsley|1005\n|player|p2|bunearyboicherry|hapu|1000\n|teamsize|p1|6\n|teamsize|p2|4\n|gen|9\n|tier|[Gen 9] VGC 2023 Regulation E\n|rated|\n|rule|Species Clause: Limit one of each Pok\u00e9mon\n|rule|Item Clause: Limit one of each item\n|clearpoke\n|poke|p1|Indeedee-F, L50, F|\n|poke|p1|Armarouge, L50, F|\n|poke|p1|Braviary-Hisui, L50, M|\n|poke|p1|Articuno-Galar, L50|\n|poke|p1|Ariados, L50, M|\n|poke|p1|Amoonguss, L50, F|\n|poke|p2|Spinarak, L50, F|\n|poke|p2|Ariados, L50, M|\n|poke|p2|Tarountula, L50, F|\n|poke|p2|Spidops, L50, F|\n|teampreview|4\n|inactive|Battle timer is ON: inactive players will automatically lose when time's up. (requested by bunearyboicherry)\n|c|\u2606bunearyboicherry|Ay another ariodos\nmiku2650 has agreed to open team sheets.\n|c|\u2606miku2650|good speed stopper\n|inactive|miku2650 has 60 seconds left.\n|c|\u2606bunearyboicherry|Sadly ill be swept before then lol\n|\n|t:|1700899438\n|start\n|switch|p1a: Indeedee|Indeedee-F, L50, F|100\/100\n|switch|p1b: Braviary|Braviary-Hisui, L50, M|100\/100\n|switch|p2a: Ariados|Ariados, L50, M, shiny|100\/100\n|switch|p2b: Spidops|Spidops, L50, F, shiny|100\/100\n|-fieldstart|move: Psychic Terrain|[from] ability: Psychic Surge|[of] p1a: Indeedee\n|turn|1\n|c|\u2606miku2650|nice to see a bug fan\n|inactive|miku2650 has 30 seconds left.\n|\n|t:|1700899468\n|-terastallize|p2b: Spidops|Bug\n|move|p1b: Braviary|Protect|p1b: Braviary\n|-singleturn|p1b: Braviary|Protect\n|move|p1a: Indeedee|Calm Mind|p1a: Indeedee\n|-boost|p1a: Indeedee|spa|1\n|-boost|p1a: Indeedee|spd|1\n|move|p2a: Ariados|Night Slash|p1b: Braviary\n|-activate|p1b: Braviary|move: Protect\n|move|p2b: Spidops|Leech Life|p1a: Indeedee\n|-supereffective|p1a: Indeedee\n|-damage|p1a: Indeedee|0 fnt\n|faint|p1a: Indeedee\n|-damage|p2b: Spidops|90\/100|[from] item: Life Orb\n|\n|upkeep\n|\n|t:|1700899488\n|switch|p1a: Amoonguss|Amoonguss, L50, F|100\/100\n|turn|2\n|c|\u2606bunearyboicherry|Nah im teensy shiny hunting every spider pokemon in the games to make a team\n|inactive|bunearyboicherry has 30 seconds left.\n|c|\u2606miku2650|OH LORD\n|\n|t:|1700899518\n|move|p2a: Ariados|Night Slash|p1b: Braviary\n|-supereffective|p1b: Braviary\n|-crit|p1b: Braviary\n|-damage|p1b: Braviary|5\/100\n|move|p1b: Braviary|Psychic|p2a: Ariados\n|-supereffective|p2a: Ariados\n|-damage|p2a: Ariados|0 fnt\n|faint|p2a: Ariados\n|move|p1a: Amoonguss|Spore|p2b: Spidops\n|-status|p2b: Spidops|slp|[from] move: Spore\n|cant|p2b: Spidops|slp\n|\n|upkeep\n|\n|t:|1700899522\n|switch|p2a: Spinarak|Spinarak, L50, F, shiny|100\/100\n|turn|3\n|c|\u2606miku2650|that's got to be a pain\n|inactive|miku2650 has 30 seconds left.\n|\n|t:|1700899551\n|move|p1a: Amoonguss|Protect|p1a: Amoonguss\n|-singleturn|p1a: Amoonguss|Protect\n|cant|p2b: Spidops|slp\n|move|p1b: Braviary|Psychic|p2a: Spinarak\n|-supereffective|p2a: Spinarak\n|-crit|p2a: Spinarak\n|-enditem|p2a: Spinarak|Focus Sash\n|-damage|p2a: Spinarak|1\/100\n|move|p2a: Spinarak|Night Slash|p1b: Braviary\n|-supereffective|p1b: Braviary\n|-damage|p1b: Braviary|0 fnt\n|faint|p1b: Braviary\n|\n|upkeep\n|\n|t:|1700899564\n|switch|p1b: Ariados|Ariados, L50, M|100\/100\n|turn|4\n|c|\u2606bunearyboicherry|Yea but i got the ariodos line already and i hear theres more spiders in the upcoming dlc\n|inactive|bunearyboicherry has 30 seconds left.\n|c|\u2606miku2650|joltik line\n|\n|t:|1700899596\n|move|p1a: Amoonguss|Protect|p1a: Amoonguss\n|-singleturn|p1a: Amoonguss|Protect\n|move|p2a: Spinarak|Sucker Punch|p1b: Ariados\n|-activate|p1b: Ariados|move: Psychic Terrain\n|move|p1b: Ariados|Knock Off|p2a: Spinarak\n|-damage|p2a: Spinarak|0 fnt\n|faint|p2a: Spinarak\n|cant|p2b: Spidops|slp\n|\n|upkeep\n|c|\u2606miku2650|ive seen what's coming\n|\n|t:|1700899603\n|switch|p2a: Tarountula|Tarountula, L50, F, shiny|100\/100\n|turn|5\n|\n|t:|1700899621\n|move|p1a: Amoonguss|Protect||[still]\n|-fail|p1a: Amoonguss\n|-curestatus|p2b: Spidops|slp|[msg]\n|move|p2b: Spidops|Silk Trap|p2b: Spidops\n|-singleturn|p2b: Spidops|Protect\n|move|p1b: Ariados|Swords Dance|p1b: Ariados\n|-boost|p1b: Ariados|atk|2\n|move|p2a: Tarountula|Counter||[still]\n|-fail|p2a: Tarountula\n|\n|upkeep\n|turn|6\n|\n|t:|1700899636\n|move|p1b: Ariados|Swords Dance|p1b: Ariados\n|-boost|p1b: Ariados|atk|2\n|move|p1a: Amoonguss|Spore|p2b: Spidops\n|-status|p2b: Spidops|slp|[from] move: Spore\n|cant|p2b: Spidops|slp\n|move|p2a: Tarountula|String Shot|p1b: Ariados|[spread] p1a,p1b\n|-unboost|p1a: Amoonguss|spe|2\n|-unboost|p1b: Ariados|spe|2\n|\n|upkeep\n|turn|7\n|c|\u2606bunearyboicherry|Dang\n|\n|t:|1700899655\n|cant|p2b: Spidops|slp\n|move|p1a: Amoonguss|Protect|p1a: Amoonguss\n|-singleturn|p1a: Amoonguss|Protect\n|move|p1b: Ariados|Swords Dance|p1b: Ariados\n|-boost|p1b: Ariados|atk|2\n|move|p2a: Tarountula|Counter||[still]\n|-fail|p2a: Tarountula\n|\n|upkeep\n|turn|8\n|\n|t:|1700899678\n|-curestatus|p2b: Spidops|slp|[msg]\n|move|p2b: Spidops|Silk Trap|p2b: Spidops\n|-singleturn|p2b: Spidops|Protect\n|move|p1b: Ariados|Lunge|p2a: Tarountula\n|-damage|p2a: Tarountula|0 fnt\n|faint|p2a: Tarountula\n|move|p1a: Amoonguss|Synthesis|p1a: Amoonguss\n|-fail|p1a: Amoonguss|heal\n|\n|-fieldend|move: Psychic Terrain\n|upkeep\n|turn|9\n|\n|t:|1700899698\n|move|p2b: Spidops|Leech Life|p1b: Ariados\n|-resisted|p1b: Ariados\n|-damage|p1b: Ariados|64\/100\n|-heal|p2b: Spidops|100\/100|[from] drain|[of] p1b: Ariados\n|-damage|p2b: Spidops|90\/100|[from] item: Life Orb\n|move|p1b: Ariados|Lunge|p2b: Spidops\n|-damage|p2b: Spidops|0 fnt\n|faint|p2b: Spidops\n|\n|win|miku2650\n|raw|miku2650's rating: 1005 &rarr; <strong>1044<\/strong><br \/>(+39 for winning)\n|raw|bunearyboicherry's rating: 1000 &rarr; <strong>1000<\/strong><br \/>(+0 for losing)\n|c|\u2606bunearyboicherry|Well gh\n|c|\u2606bunearyboicherry|Gg\n|c|\u2606miku2650|ill beat ya wih the spider\n|c|\u2606miku2650|ggs\n|c|\u2606bunearyboicherry|\ud83d\udd77\n","uploadtime":1700899730,"views":2,"p1id":"miku2650","p2id":"bunearyboicherry","formatid":"gen9vgc2023regulatione","rating":1000,"private":0,"password":""}