{"id":"gen9vgc2023regulatione-1990035243","p1":"Rexluser","p2":"Some Chump","format":"[Gen 9] VGC 2023 Regulation E","log":"|j|\u2606Rexluser\n|j|\u2606Some Chump\n|t:|1699917605\n|gametype|doubles\n|player|p1|Rexluser|2|1039\n|player|p2|Some Chump|youngster-gen4dp|1013\n|teamsize|p1|6\n|teamsize|p2|6\n|gen|9\n|tier|[Gen 9] VGC 2023 Regulation E\n|rated|\n|rule|Species Clause: Limit one of each Pok\u00e9mon\n|rule|Item Clause: Limit one of each item\n|clearpoke\n|poke|p1|Enamorus, L50, F|\n|poke|p1|Passimian, L50, F|\n|poke|p1|Dugtrio-Alola, L50, F|\n|poke|p1|Tornadus, L50, M|\n|poke|p1|Farigiraf, L50, F|\n|poke|p1|Rillaboom, L50, M|\n|poke|p2|Ting-Lu, L50|\n|poke|p2|Goodra-Hisui, L50, F|\n|poke|p2|Kommo-o, L50, F|\n|poke|p2|Tyranitar, L50, M|\n|poke|p2|Glimmora, L50, M|\n|poke|p2|Sinistcha-Masterpiece, L50|\n|teampreview|4\n|inactive|Battle timer is ON: inactive players will automatically lose when time's up. (requested by Rexluser)\n|\n|t:|1699917620\n|start\n|switch|p1a: Enamorus|Enamorus, L50, F|100\/100\n|switch|p1b: Passimian|Passimian, L50, F|100\/100\n|switch|p2a: Tyranitar|Tyranitar, L50, M|100\/100\n|switch|p2b: Ting-Lu|Ting-Lu, L50|100\/100\n|-weather|Sandstorm|[from] ability: Sand Stream|[of] p2a: Tyranitar\n|-ability|p2b: Ting-Lu|Vessel of Ruin\n|turn|1\n|inactive|Some Chump has 30 seconds left.\n|inactive|Some Chump has 20 seconds left.\n|\n|t:|1699917658\n|switch|p2a: Sinistcha|Sinistcha-Masterpiece, L50|100\/100\n|move|p1b: Passimian|Protect|p1b: Passimian\n|-singleturn|p1b: Passimian|Protect\n|move|p1a: Enamorus|Misty Explosion|p2b: Ting-Lu|[spread] p2a,p2b\n|-activate|p1b: Passimian|move: Protect\n|-supereffective|p2b: Ting-Lu\n|-damage|p2a: Sinistcha|55\/100\n|-damage|p2b: Ting-Lu|59\/100\n|faint|p1a: Enamorus\n|-ability|p1b: Passimian|Contrary|[from] ability: Receiver|[of] p1a: Enamorus\n|move|p2b: Ting-Lu|Heavy Slam|p1b: Passimian\n|-activate|p1b: Passimian|move: Protect\n|\n|-weather|Sandstorm|[upkeep]\n|-damage|p1b: Passimian|94\/100|[from] Sandstorm\n|-damage|p2a: Sinistcha|49\/100|[from] Sandstorm\n|-heal|p1b: Passimian|100\/100|[from] item: Leftovers\n|upkeep\n|\n|t:|1699917671\n|switch|p1a: Dugtrio|Dugtrio-Alola, L50, F|100\/100\n|turn|2\n|\n|t:|1699917688\n|move|p1a: Dugtrio|Charm|p1b: Passimian\n|-boost|p1b: Passimian|atk|2\n|move|p1b: Passimian|Close Combat|p2b: Ting-Lu\n|-supereffective|p2b: Ting-Lu\n|-damage|p2b: Ting-Lu|0 fnt\n|-boost|p1b: Passimian|def|1\n|-boost|p1b: Passimian|spd|1\n|faint|p2b: Ting-Lu\n|move|p2a: Sinistcha|Nasty Plot|p2a: Sinistcha\n|-boost|p2a: Sinistcha|spa|2\n|\n|-weather|Sandstorm|[upkeep]\n|-damage|p1b: Passimian|94\/100|[from] Sandstorm\n|-damage|p2a: Sinistcha|43\/100|[from] Sandstorm\n|-heal|p1b: Passimian|100\/100|[from] item: Leftovers\n|upkeep\n|\n|t:|1699917705\n|switch|p2b: Tyranitar|Tyranitar, L50, M|100\/100\n|turn|3\n|\n|t:|1699917722\n|move|p1a: Dugtrio|Charm|p1b: Passimian\n|-boost|p1b: Passimian|atk|2\n|move|p1b: Passimian|Close Combat|p2b: Tyranitar\n|-supereffective|p2b: Tyranitar\n|-damage|p2b: Tyranitar|0 fnt\n|-boost|p1b: Passimian|def|1\n|-boost|p1b: Passimian|spd|1\n|faint|p2b: Tyranitar\n|move|p2a: Sinistcha|Matcha Gotcha|p1a: Dugtrio|[spread] p1a,p1b\n|-damage|p1a: Dugtrio|0 fnt\n|-heal|p2a: Sinistcha|94\/100|[from] drain|[of] p1a: Dugtrio\n|-damage|p1b: Passimian|63\/100\n|-heal|p2a: Sinistcha|100\/100|[from] drain|[of] p1b: Passimian\n|faint|p1a: Dugtrio\n|\n|-weather|Sandstorm|[upkeep]\n|-damage|p1b: Passimian|57\/100|[from] Sandstorm\n|-damage|p2a: Sinistcha|94\/100|[from] Sandstorm\n|-heal|p1b: Passimian|63\/100|[from] item: Leftovers\n|upkeep\n|\n|t:|1699917738\n|switch|p1a: Rillaboom|Rillaboom, L50, M|100\/100\n|switch|p2b: Kommo-o|Kommo-o, L50, F|100\/100\n|-fieldstart|move: Grassy Terrain|[from] ability: Grassy Surge|[of] p1a: Rillaboom\n|turn|4\n|inactive|Rexluser has 30 seconds left.\n|inactive|Rexluser has 20 seconds left.\n|inactive|Rexluser has 15 seconds left.\n|\n|t:|1699917779\n|move|p2a: Sinistcha|Rage Powder|p2a: Sinistcha\n|-singleturn|p2a: Sinistcha|move: Rage Powder\n|move|p2b: Kommo-o|Belly Drum|p2b: Kommo-o\n|-damage|p2b: Kommo-o|50\/100\n|-setboost|p2b: Kommo-o|atk|6|[from] move: Belly Drum\n|move|p1b: Passimian|Iron Head|p2a: Sinistcha\n|-damage|p2a: Sinistcha|23\/100\n|move|p1a: Rillaboom|Drum Beating|p2b: Kommo-o\n|-resisted|p2b: Kommo-o\n|-damage|p2b: Kommo-o|24\/100\n|-unboost|p2b: Kommo-o|spe|1\n|-enditem|p2b: Kommo-o|Aguav Berry|[eat]\n|-heal|p2b: Kommo-o|58\/100|[from] item: Aguav Berry\n|\n|-weather|Sandstorm|[upkeep]\n|-damage|p1b: Passimian|57\/100|[from] Sandstorm\n|-damage|p1a: Rillaboom|95\/100|[from] Sandstorm\n|-damage|p2a: Sinistcha|17\/100|[from] Sandstorm\n|-heal|p1b: Passimian|63\/100|[from] Grassy Terrain\n|-heal|p1b: Passimian|69\/100|[from] item: Leftovers\n|-heal|p1a: Rillaboom|100\/100|[from] Grassy Terrain\n|-heal|p2b: Kommo-o|64\/100|[from] Grassy Terrain\n|-heal|p2a: Sinistcha|23\/100|[from] Grassy Terrain\n|upkeep\n|turn|5\n|inactive|Some Chump has 30 seconds left.\n|\n|t:|1699917807\n|move|p1b: Passimian|Close Combat|p2b: Kommo-o\n|-damage|p2b: Kommo-o|0 fnt\n|-boost|p1b: Passimian|def|1\n|-boost|p1b: Passimian|spd|1\n|faint|p2b: Kommo-o\n|move|p1a: Rillaboom|High Horsepower|p2a: Sinistcha\n|-resisted|p2a: Sinistcha\n|-damage|p2a: Sinistcha|7\/100\n|move|p2a: Sinistcha|Matcha Gotcha|p1b: Passimian|[spread] p1a,p1b\n|-resisted|p1a: Rillaboom\n|-damage|p1a: Rillaboom|73\/100\n|-heal|p2a: Sinistcha|28\/100|[from] drain|[of] p1a: Rillaboom\n|-damage|p1b: Passimian|36\/100\n|-heal|p2a: Sinistcha|52\/100|[from] drain|[of] p1b: Passimian\n|-status|p1a: Rillaboom|brn\n|\n|-weather|Sandstorm|[upkeep]\n|-damage|p1b: Passimian|30\/100|[from] Sandstorm\n|-damage|p1a: Rillaboom|67\/100 brn|[from] Sandstorm\n|-damage|p2a: Sinistcha|45\/100|[from] Sandstorm\n|-heal|p1b: Passimian|36\/100|[from] Grassy Terrain\n|-heal|p1b: Passimian|42\/100|[from] item: Leftovers\n|-heal|p1a: Rillaboom|73\/100 brn|[from] Grassy Terrain\n|-heal|p2a: Sinistcha|52\/100|[from] Grassy Terrain\n|-damage|p1a: Rillaboom|67\/100 brn|[from] brn\n|upkeep\n|turn|6\n|-message|Some Chump forfeited.\n|\n|win|Rexluser\n|raw|Rexluser's rating: 1039 &rarr; <strong>1071<\/strong><br \/>(+32 for winning)\n|raw|Some Chump's rating: 1013 &rarr; <strong>1002<\/strong><br \/>(-11 for losing)\n|l|\u2606Some Chump\n","uploadtime":1699917846,"views":18,"p1id":"rexluser","p2id":"somechump","formatid":"gen9vgc2023regulatione","rating":1002,"private":0,"password":""}