{"id":"gen9vgc2023regulatione-1999221082","p1":"Turnips-suck","p2":"Chamdy","format":"[Gen 9] VGC 2023 Regulation E","log":"|j|\u2606Turnips-suck\n|j|\u2606Chamdy\n|n|\u2606Turnips-suck|turnipssuck\n|n|\u2606Chamdy|chamdy\n|html|View the match progress at <a href=\"\/game-bestof3-gen9vgc2023regulatione-1999221081\">game-bestof3-gen9vgc2023regulatione-1999221081<\/a>\n|t:|1701047176\n|gametype|doubles\n|player|p1|Turnips-suck|elesa|\n|player|p2|Chamdy|cilan|\n|teamsize|p1|6\n|teamsize|p2|6\n|gen|9\n|tier|[Gen 9] VGC 2023 Regulation E\n|rule|Species Clause: Limit one of each Pok\u00e9mon\n|rule|Item Clause: Limit one of each item\n|clearpoke\n|poke|p1|Noivern, L50, M|\n|poke|p1|Ogerpon-Wellspring, L50, F|\n|poke|p1|Stantler, L50, M|\n|poke|p1|Slowking-Galar, L50, F|\n|poke|p1|Mudsdale, L50, F|\n|poke|p1|Rotom-Heat, L50|\n|poke|p2|Bronzor, L50|\n|poke|p2|Tornadus-Therian, L50, M|\n|poke|p2|Mienshao, L50, M|\n|poke|p2|Pachirisu, L50, F|\n|poke|p2|Ursaluna-Bloodmoon, L50, M|\n|poke|p2|Chandelure, L50, F|\n|teampreview|4\n|inactive|Battle timer is ON: inactive players will automatically lose when time's up. (requested by Turnips-suck)\n|c|\u2606Chamdy|glhf\n|inactiveoff|Battle timer is now OFF.\n|c|\u2606Turnips-suck|glhf\n|c|\u2606Chamdy|do you see the funny\n|c|\u2606Turnips-suck|Bronzong my beloved\n|c|\u2606Turnips-suck|*Bronzor\n|\n|t:|1701047229\n|start\n|switch|p1a: Stereo-type|Noivern, L50, M|100\/100\n|switch|p1b: Easy Bake|Rotom-Heat, L50, shiny|100\/100\n|switch|p2a: GUESS WHAT|Bronzor, L50|100\/100\n|switch|p2b: IM BACK|Tornadus-Therian, L50, M, shiny|100\/100\n|-item|p2a: GUESS WHAT|Eviolite|[from] ability: Frisk|[of] p1a: Stereo-type|[identify]\n|-item|p2b: IM BACK|Choice Specs|[from] ability: Frisk|[of] p1a: Stereo-type|[identify]\n|turn|1\n|\n|t:|1701047244\n|switch|p2b: BACK AGAIN|Mienshao, L50, M, shiny|100\/100\n|move|p1a: Stereo-type|Taunt|p2a: GUESS WHAT\n|-start|p2a: GUESS WHAT|move: Taunt\n|move|p1b: Easy Bake|Nasty Plot|p1b: Easy Bake\n|-boost|p1b: Easy Bake|spa|2\n|cant|p2a: GUESS WHAT|move: Taunt|Sunny Day\n|\n|upkeep\n|turn|2\n|\n|t:|1701047256\n|switch|p2a: BOOTY HOLE|Chandelure, L50, F, shiny|100\/100\n|move|p1b: Easy Bake|Protect|p1b: Easy Bake\n|-singleturn|p1b: Easy Bake|Protect\n|move|p2b: BACK AGAIN|Fake Out|p1b: Easy Bake\n|-activate|p1b: Easy Bake|move: Protect\n|move|p1a: Stereo-type|Hurricane|p2b: BACK AGAIN|[miss]\n|-miss|p1a: Stereo-type|p2b: BACK AGAIN\n|\n|upkeep\n|turn|3\n|\n|t:|1701047275\n|-terastallize|p1b: Easy Bake|Water\n|move|p2a: BOOTY HOLE|Shadow Ball|p1b: Easy Bake\n|-damage|p1b: Easy Bake|43\/100\n|move|p1a: Stereo-type|Tailwind|p1a: Stereo-type\n|-sidestart|p1: Turnips-suck|move: Tailwind\n|move|p1b: Easy Bake|Tera Blast|p2a: BOOTY HOLE|[anim] Tera Blast Water\n|-supereffective|p2a: BOOTY HOLE\n|-damage|p2a: BOOTY HOLE|0 fnt\n|faint|p2a: BOOTY HOLE\n|move|p2b: BACK AGAIN|Ice Spinner|p1a: Stereo-type\n|-supereffective|p1a: Stereo-type\n|-damage|p1a: Stereo-type|0 fnt\n|faint|p1a: Stereo-type\n|\n|upkeep\n|\n|t:|1701047290\n|switch|p1a: Glue|Mudsdale, L50, F|100\/100\n|switch|p2a: GUESS WHAT|Bronzor, L50|100\/100\n|turn|4\n|\n|t:|1701047312\n|move|p1b: Easy Bake|Overheat|p2a: GUESS WHAT\n|-supereffective|p2a: GUESS WHAT\n|-damage|p2a: GUESS WHAT|31\/100\n|-unboost|p1b: Easy Bake|spa|2\n|move|p2b: BACK AGAIN|Close Combat|p1b: Easy Bake\n|-crit|p1b: Easy Bake\n|-damage|p1b: Easy Bake|0 fnt\n|-unboost|p2b: BACK AGAIN|def|1\n|-unboost|p2b: BACK AGAIN|spd|1\n|faint|p1b: Easy Bake\n|move|p1a: Glue|Close Combat|p2b: BACK AGAIN\n|-damage|p2b: BACK AGAIN|13\/100\n|-unboost|p1a: Glue|def|1\n|-unboost|p1a: Glue|spd|1\n|move|p2a: GUESS WHAT|Rain Dance|p2a: GUESS WHAT\n|-weather|RainDance\n|\n|-weather|RainDance|[upkeep]\n|upkeep\n|\n|t:|1701047315\n|switch|p1b: Pool Noodle|Ogerpon-Wellspring, L50, F|100\/100\n|turn|5\n|\n|t:|1701047328\n|move|p2a: GUESS WHAT|Helping Hand|p2b: BACK AGAIN\n|-singleturn|p2b: BACK AGAIN|Helping Hand|[of] p2a: GUESS WHAT\n|move|p1b: Pool Noodle|Ivy Cudgel|p2b: BACK AGAIN|[anim] Ivy Cudgel Water\n|-crit|p2b: BACK AGAIN\n|-damage|p2b: BACK AGAIN|0 fnt\n|faint|p2b: BACK AGAIN\n|move|p1a: Glue|Close Combat|p2a: GUESS WHAT\n|-damage|p2a: GUESS WHAT|4\/100\n|-unboost|p1a: Glue|def|1\n|-unboost|p1a: Glue|spd|1\n|\n|-weather|RainDance|[upkeep]\n|upkeep\n|\n|t:|1701047334\n|switch|p2b: IM BACK|Tornadus-Therian, L50, M, shiny|100\/100\n|turn|6\n|\n|t:|1701047342\n|-terastallize|p2b: IM BACK|Flying\n|move|p2a: GUESS WHAT|Helping Hand|p2b: IM BACK\n|-singleturn|p2b: IM BACK|Helping Hand|[of] p2a: GUESS WHAT\n|move|p1b: Pool Noodle|Ivy Cudgel|p2b: IM BACK|[anim] Ivy Cudgel Water\n|-damage|p2b: IM BACK|0 fnt\n|faint|p2b: IM BACK\n|move|p1a: Glue|Rock Slide|p2a: GUESS WHAT\n|-resisted|p2a: GUESS WHAT\n|-damage|p2a: GUESS WHAT|0 fnt\n|faint|p2a: GUESS WHAT\n|\n|win|Turnips-suck\n|c|\u2606Turnips-suck|gg\n|c|\u2606Chamdy|gg\n|c|&|\/uhtml prompt-chamdy,Chamdy is ready for game 2!\n","uploadtime":1701047347,"views":7,"p1id":"turnipssuck","p2id":"chamdy","formatid":"gen9vgc2023regulatione","rating":0,"private":0,"password":""}