{"id":"gen9vgc2023regulatione-1988495133","p1":"Kzjrhk","p2":"Hola99999","format":"[Gen 9] VGC 2023 Regulation E","log":"|j|\u2606Kzjrhk\n|j|\u2606Hola99999\n|t:|1699729049\n|gametype|doubles\n|player|p1|Kzjrhk|lance|1065\n|player|p2|Hola99999|170|1070\n|teamsize|p1|6\n|teamsize|p2|6\n|gen|9\n|tier|[Gen 9] VGC 2023 Regulation E\n|rated|\n|rule|Species Clause: Limit one of each Pok\u00e9mon\n|rule|Item Clause: Limit one of each item\n|clearpoke\n|poke|p1|Flutter Mane, L50|\n|poke|p1|Tornadus, L50, M|\n|poke|p1|Rillaboom, L50, M|\n|poke|p1|Garganacl, L50, F|\n|poke|p1|Arcanine-Hisui, L50, F|\n|poke|p1|Chien-Pao, L50|\n|poke|p2|Dusclops, L50, M|\n|poke|p2|Golem-Alola, L50, M|\n|poke|p2|Indeedee-F, L50, F|\n|poke|p2|Basculegion, L50, M|\n|poke|p2|Snorlax, L50, F|\n|poke|p2|Torkoal, L50, F|\n|teampreview|4\n|inactive|Battle timer is ON: inactive players will automatically lose when time's up. (requested by Hola99999)\n|inactive|Hola99999 has 60 seconds left.\n|\n|t:|1699729098\n|start\n|switch|p1a: Tornadus|Tornadus, L50, M|100\/100\n|switch|p1b: Garganacl|Garganacl, L50, F|100\/100\n|switch|p2a: Dusclops|Dusclops, L50, M|100\/100\n|switch|p2b: Basculegion|Basculegion, L50, M|100\/100\n|-item|p1a: Tornadus|Rocky Helmet|[from] ability: Frisk|[of] p2a: Dusclops|[identify]\n|-item|p1b: Garganacl|Sitrus Berry|[from] ability: Frisk|[of] p2a: Dusclops|[identify]\n|turn|1\n|\n|t:|1699729114\n|-terastallize|p1b: Garganacl|Ghost\n|move|p2b: Basculegion|Protect|p2b: Basculegion\n|-singleturn|p2b: Basculegion|Protect\n|move|p1a: Tornadus|Taunt|p2a: Dusclops\n|-start|p2a: Dusclops|move: Taunt\n|move|p1b: Garganacl|Iron Defense|p1b: Garganacl\n|-boost|p1b: Garganacl|def|2\n|cant|p2a: Dusclops|move: Taunt|Will-O-Wisp\n|\n|upkeep\n|turn|2\n|\n|t:|1699729133\n|move|p1a: Tornadus|Bleakwind Storm|p2b: Basculegion|[spread] p2a,p2b\n|-damage|p2a: Dusclops|85\/100\n|-damage|p2b: Basculegion|72\/100\n|move|p2b: Basculegion|Wave Crash|p1b: Garganacl\n|-damage|p1b: Garganacl|72\/100\n|-damage|p2b: Basculegion|62\/100|[from] Recoil\n|move|p1b: Garganacl|Salt Cure|p2b: Basculegion\n|-damage|p2b: Basculegion|47\/100\n|-start|p2b: Basculegion|Salt Cure\n|move|p2a: Dusclops|Night Shade|p1b: Garganacl\n|-damage|p1b: Garganacl|47\/100\n|-enditem|p1b: Garganacl|Sitrus Berry|[eat]\n|-heal|p1b: Garganacl|72\/100|[from] item: Sitrus Berry\n|\n|-damage|p2b: Basculegion|22\/100|[from] Salt Cure\n|upkeep\n|turn|3\n|\n|t:|1699729152\n|move|p1a: Tornadus|Bleakwind Storm|p2a: Dusclops|[spread] p2a\n|-miss|p1a: Tornadus|p2b: Basculegion\n|-damage|p2a: Dusclops|70\/100\n|-unboost|p2a: Dusclops|spe|1\n|move|p2b: Basculegion|Last Respects|p1b: Garganacl\n|-supereffective|p1b: Garganacl\n|-damage|p1b: Garganacl|60\/100\n|move|p1b: Garganacl|Recover|p1b: Garganacl\n|-heal|p1b: Garganacl|100\/100\n|move|p2a: Dusclops|Night Shade|p1b: Garganacl\n|-damage|p1b: Garganacl|76\/100\n|\n|-damage|p2b: Basculegion|0 fnt|[from] Salt Cure\n|faint|p2b: Basculegion\n|-end|p2a: Dusclops|move: Taunt\n|upkeep\n|\n|t:|1699729166\n|switch|p2b: Snorlax|Snorlax, L50, F|100\/100\n|turn|4\n|\n|t:|1699729174\n|move|p1a: Tornadus|Taunt|p2b: Snorlax\n|-start|p2b: Snorlax|move: Taunt\n|move|p1b: Garganacl|Salt Cure|p2b: Snorlax\n|-damage|p2b: Snorlax|91\/100\n|-start|p2b: Snorlax|Salt Cure\n|cant|p2b: Snorlax|move: Taunt|Curse\n|move|p2a: Dusclops|Trick Room|p2a: Dusclops\n|-fieldstart|move: Trick Room|[of] p2a: Dusclops\n|\n|-damage|p2b: Snorlax|79\/100|[from] Salt Cure\n|upkeep\n|turn|5\n|\n|t:|1699729190\n|move|p1a: Tornadus|Taunt|p2a: Dusclops\n|-start|p2a: Dusclops|move: Taunt\n|cant|p2a: Dusclops|move: Taunt|Will-O-Wisp\n|move|p2b: Snorlax|Facade|p1a: Tornadus\n|-damage|p1a: Tornadus|68\/100\n|-damage|p2b: Snorlax|62\/100|[from] item: Rocky Helmet|[of] p1a: Tornadus\n|move|p1b: Garganacl|Iron Defense|p1b: Garganacl\n|-boost|p1b: Garganacl|def|2\n|\n|-damage|p2b: Snorlax|50\/100|[from] Salt Cure\n|upkeep\n|-enditem|p2b: Snorlax|Iapapa Berry|[eat]\n|-heal|p2b: Snorlax|83\/100|[from] item: Iapapa Berry\n|turn|6\n|\n|t:|1699729210\n|switch|p2b: Torkoal|Torkoal, L50, F|100\/100\n|-weather|SunnyDay|[from] ability: Drought|[of] p2b: Torkoal\n|move|p2a: Dusclops|Night Shade|p1a: Tornadus\n|-damage|p1a: Tornadus|41\/100\n|move|p1b: Garganacl|Salt Cure|p2a: Dusclops\n|-damage|p2a: Dusclops|61\/100\n|-start|p2a: Dusclops|Salt Cure\n|move|p1a: Tornadus|Bleakwind Storm|p2a: Dusclops|[spread] p2b\n|-miss|p1a: Tornadus|p2a: Dusclops\n|-damage|p2b: Torkoal|68\/100\n|\n|-weather|SunnyDay|[upkeep]\n|-damage|p2a: Dusclops|49\/100|[from] Salt Cure\n|upkeep\n|turn|7\n|\n|t:|1699729228\n|switch|p2a: Snorlax|Snorlax, L50, F|83\/100\n|switch|p1a: Arcanine|Arcanine-Hisui, L50, F|100\/100\n|-ability|p1a: Arcanine|Intimidate|boost\n|-unboost|p2a: Snorlax|atk|1\n|-unboost|p2b: Torkoal|atk|1\n|move|p1b: Garganacl|Protect|p1b: Garganacl\n|-singleturn|p1b: Garganacl|Protect\n|move|p2b: Torkoal|Heat Wave|p1b: Garganacl|[spread] p1a\n|-activate|p1b: Garganacl|move: Protect\n|-resisted|p1a: Arcanine\n|-damage|p1a: Arcanine|86\/100\n|\n|-weather|SunnyDay|[upkeep]\n|upkeep\n|turn|8\n|\n|t:|1699729251\n|switch|p1a: Tornadus|Tornadus, L50, M|41\/100\n|move|p2b: Torkoal|Earth Power|p1a: Tornadus\n|-immune|p1a: Tornadus\n|move|p2a: Snorlax|Curse|p2a: Snorlax\n|-unboost|p2a: Snorlax|spe|1\n|-boost|p2a: Snorlax|atk|1\n|-boost|p2a: Snorlax|def|1\n|move|p1b: Garganacl|Salt Cure|p2a: Snorlax\n|-damage|p2a: Snorlax|77\/100\n|-start|p2a: Snorlax|Salt Cure\n|\n|-weather|SunnyDay|[upkeep]\n|-damage|p2a: Snorlax|64\/100|[from] Salt Cure\n|-fieldend|move: Trick Room\n|upkeep\n|turn|9\n|\n|t:|1699729265\n|move|p1a: Tornadus|Taunt|p2a: Snorlax\n|-start|p2a: Snorlax|move: Taunt\n|move|p1b: Garganacl|Salt Cure|p2b: Torkoal\n|-supereffective|p2b: Torkoal\n|-damage|p2b: Torkoal|44\/100\n|-start|p2b: Torkoal|Salt Cure\n|move|p2b: Torkoal|Heat Wave|p1b: Garganacl|[spread] p1a,p1b\n|-damage|p1a: Tornadus|4\/100\n|-damage|p1b: Garganacl|44\/100\n|move|p2a: Snorlax|Facade|p1a: Tornadus\n|-damage|p1a: Tornadus|0 fnt\n|-damage|p2a: Snorlax|48\/100|[from] item: Rocky Helmet|[of] p1a: Tornadus\n|faint|p1a: Tornadus\n|\n|-weather|SunnyDay|[upkeep]\n|-damage|p2b: Torkoal|32\/100|[from] Salt Cure\n|-damage|p2a: Snorlax|35\/100|[from] Salt Cure\n|upkeep\n|\n|t:|1699729277\n|switch|p1a: Arcanine|Arcanine-Hisui, L50, F|86\/100\n|-ability|p1a: Arcanine|Intimidate|boost\n|-unboost|p2a: Snorlax|atk|1\n|-unboost|p2b: Torkoal|atk|1\n|turn|10\n|\n|t:|1699729283\n|switch|p2a: Dusclops|Dusclops, L50, M|49\/100\n|-item|p1a: Arcanine|Choice Band|[from] ability: Frisk|[of] p2a: Dusclops|[identify]\n|move|p1a: Arcanine|Rock Slide|p2a: Dusclops|[spread] p2a,p2b\n|-supereffective|p2b: Torkoal\n|-damage|p2a: Dusclops|23\/100\n|-damage|p2b: Torkoal|0 fnt\n|faint|p2b: Torkoal\n|move|p1b: Garganacl|Recover|p1b: Garganacl\n|-heal|p1b: Garganacl|94\/100\n|\n|-weather|none\n|upkeep\n|\n|t:|1699729293\n|switch|p2b: Snorlax|Snorlax, L50, F|35\/100\n|turn|11\n|\n|t:|1699729304\n|move|p1a: Arcanine|Rock Slide|p2a: Dusclops|[spread] p2a,p2b\n|-damage|p2a: Dusclops|0 fnt\n|-damage|p2b: Snorlax|6\/100\n|faint|p2a: Dusclops\n|move|p1b: Garganacl|Salt Cure|p2b: Snorlax\n|-crit|p2b: Snorlax\n|-damage|p2b: Snorlax|0 fnt\n|faint|p2b: Snorlax\n|\n|win|Kzjrhk\n|raw|Kzjrhk's rating: 1065 &rarr; <strong>1096<\/strong><br \/>(+31 for winning)\n|raw|Hola99999's rating: 1070 &rarr; <strong>1049<\/strong><br \/>(-21 for losing)\n|l|\u2606Hola99999\n","uploadtime":1699729313,"views":10,"p1id":"kzjrhk","p2id":"hola99999","formatid":"gen9vgc2023regulatione","rating":1049,"private":0,"password":""}