{"id":"gen9vgc2023regulatione-1999853510","p1":"The Carkol Rider","p2":"MyDressUpDeerling","format":"[Gen 9] VGC 2023 Regulation E","log":"|j|\u2606The Carkol Rider\n|j|\u2606MyDressUpDeerling\n|n|\u2606The Carkol Rider|thecarkolrider\n|n|\u2606MyDressUpDeerling|mydressupdeerling\n|html|View the match progress at <a href=\"\/game-bestof3-gen9vgc2023regulatione-1999853509\">game-bestof3-gen9vgc2023regulatione-1999853509<\/a>\n|t:|1701122970\n|gametype|doubles\n|player|p1|The Carkol Rider|grimsley|\n|player|p2|MyDressUpDeerling|carmine-festival|\n|teamsize|p1|6\n|teamsize|p2|6\n|gen|9\n|tier|[Gen 9] VGC 2023 Regulation E\n|rule|Species Clause: Limit one of each Pok\u00e9mon\n|rule|Item Clause: Limit one of each item\n|clearpoke\n|poke|p1|Chien-Pao, L50|\n|poke|p1|Dragonite, L50, F|\n|poke|p1|Tornadus, L50, M|\n|poke|p1|Ogerpon-Wellspring, L50, F|\n|poke|p1|Coalossal, L50, M|\n|poke|p1|Poltchageist, L50|\n|poke|p2|Landorus-Therian, L50, M|\n|poke|p2|Farigiraf, L50, F|\n|poke|p2|Ogerpon, L50, F|\n|poke|p2|Thundurus-Therian, L50, M|\n|poke|p2|Urshifu-*, L50, M|\n|poke|p2|Basculin-White-Striped, L50, M|\n|teampreview|4\n|c|\u2606The Carkol Rider|glhf\nMyDressUpDeerling rejected open team sheets.\n|c|\u2606MyDressUpDeerling|glhf\n|\n|t:|1701123029\n|start\n|switch|p1a: Chien-Pao|Chien-Pao, L50|100\/100\n|switch|p1b: Ogerpon|Ogerpon-Wellspring, L50, F|100\/100\n|switch|p2a: Farigiraf|Farigiraf, L50, F|100\/100\n|switch|p2b: Landorus|Landorus-Therian, L50, M|100\/100\n|-ability|p1a: Chien-Pao|Sword of Ruin\n|-ability|p2b: Landorus|Intimidate|boost\n|-unboost|p1a: Chien-Pao|atk|1\n|-unboost|p1b: Ogerpon|atk|1\n|turn|1\n|\n|t:|1701123080\n|move|p1a: Chien-Pao|Throat Chop|p2a: Farigiraf\n|-supereffective|p2a: Farigiraf\n|-damage|p2a: Farigiraf|46\/100\n|-start|p2a: Farigiraf|Throat Chop|[silent]\n|-enditem|p2a: Farigiraf|Sitrus Berry|[eat]\n|-heal|p2a: Farigiraf|71\/100|[from] item: Sitrus Berry\n|move|p1b: Ogerpon|Ivy Cudgel|p2a: Farigiraf|[anim] Ivy Cudgel Water\n|-damage|p2a: Farigiraf|41\/100\n|move|p2b: Landorus|Rock Slide|p1b: Ogerpon|[spread] p1a,p1b\n|-supereffective|p1a: Chien-Pao\n|-damage|p1a: Chien-Pao|35\/100\n|-damage|p1b: Ogerpon|68\/100\n|move|p2a: Farigiraf|Trick Room|p2a: Farigiraf\n|-fieldstart|move: Trick Room|[of] p2a: Farigiraf\n|\n|upkeep\n|turn|2\n|\n|t:|1701123098\n|switch|p1b: Coalossal|Coalossal, L50, M|100\/100\n|move|p1a: Chien-Pao|Protect|p1a: Chien-Pao\n|-singleturn|p1a: Chien-Pao|Protect\n|move|p2a: Farigiraf|Reflect|p2a: Farigiraf\n|-sidestart|p2: MyDressUpDeerling|Reflect\n|move|p2b: Landorus|Rock Slide|p1b: Coalossal|[spread] p1b\n|-activate|p1a: Chien-Pao|move: Protect\n|-supereffective|p1b: Coalossal\n|-damage|p1b: Coalossal|44\/100\n|-enditem|p1b: Coalossal|Weakness Policy\n|-boost|p1b: Coalossal|atk|2|[from] item: Weakness Policy\n|-boost|p1b: Coalossal|spa|2|[from] item: Weakness Policy\n|\n|-end|p2a: Farigiraf|Throat Chop|[silent]\n|upkeep\n|turn|3\n|\n|t:|1701123124\n|switch|p1a: Ogerpon|Ogerpon-Wellspring, L50, F|68\/100\n|-terastallize|p1b: Coalossal|Fire\n|-terastallize|p2b: Landorus|Water\n|move|p1b: Coalossal|Heat Wave|p2b: Landorus|[spread] p2b\n|-miss|p1b: Coalossal|p2a: Farigiraf\n|-resisted|p2b: Landorus\n|-damage|p2b: Landorus|55\/100\n|move|p2a: Farigiraf|Dazzling Gleam|p1b: Coalossal|[spread] p1a,p1b\n|-resisted|p1b: Coalossal\n|-damage|p1a: Ogerpon|52\/100\n|-damage|p1b: Coalossal|35\/100\n|move|p2b: Landorus|Rock Slide|p1b: Coalossal|[spread] p1a,p1b\n|-supereffective|p1b: Coalossal\n|-damage|p1a: Ogerpon|28\/100\n|-damage|p1b: Coalossal|0 fnt\n|faint|p1b: Coalossal\n|\n|upkeep\n|\n|t:|1701123140\n|switch|p1b: Dragonite|Dragonite, L50, F|100\/100\n|turn|4\n|\n|t:|1701123146\n|move|p1a: Ogerpon|Spiky Shield|p1a: Ogerpon\n|-singleturn|p1a: Ogerpon|move: Protect\n|move|p2a: Farigiraf|Dazzling Gleam|p1b: Dragonite|[spread] p1b\n|-activate|p1a: Ogerpon|move: Protect\n|-supereffective|p1b: Dragonite\n|-damage|p1b: Dragonite|91\/100\n|move|p1b: Dragonite|Outrage|p2b: Landorus\n|-damage|p2b: Landorus|7\/100\n|move|p2b: Landorus|Rock Slide|p1b: Dragonite|[spread] p1b\n|-activate|p1a: Ogerpon|move: Protect\n|-supereffective|p1b: Dragonite\n|-damage|p1b: Dragonite|48\/100\n|\n|upkeep\n|turn|5\n|\n|t:|1701123181\n|move|p2b: Landorus|Protect|p2b: Landorus\n|-singleturn|p2b: Landorus|Protect\n|move|p2a: Farigiraf|Dazzling Gleam|p1b: Dragonite|[spread] p1a,p1b\n|-supereffective|p1b: Dragonite\n|-damage|p1a: Ogerpon|13\/100\n|-damage|p1b: Dragonite|29\/100\n|move|p1b: Dragonite|Outrage|p2a: Farigiraf|[from]lockedmove\n|-damage|p2a: Farigiraf|9\/100\n|-start|p1b: Dragonite|confusion|[fatigue]\n|move|p1a: Ogerpon|Horn Leech|p2b: Landorus\n|-activate|p2b: Landorus|move: Protect\n|\n|-fieldend|move: Trick Room\n|upkeep\n|turn|6\n|\n|t:|1701123221\n|switch|p2a: Thundurus|Thundurus-Therian, L50, M|100\/100\n|move|p1a: Ogerpon|Horn Leech|p2b: Landorus\n|-supereffective|p2b: Landorus\n|-damage|p2b: Landorus|0 fnt\n|-heal|p1a: Ogerpon|17\/100|[from] drain|[of] p2b: Landorus\n|faint|p2b: Landorus\n|-activate|p1b: Dragonite|confusion\n|move|p1b: Dragonite|Ice Spinner|p2a: Thundurus\n|-supereffective|p2a: Thundurus\n|-damage|p2a: Thundurus|46\/100\n|\n|-sideend|p2: MyDressUpDeerling|Reflect\n|upkeep\n|\n|t:|1701123237\n|switch|p2b: Urshifu|Urshifu, L50, M|100\/100\n|turn|7\n|\n|t:|1701123251\n|move|p2b: Urshifu|Sucker Punch|p1b: Dragonite\n|-damage|p1b: Dragonite|0 fnt\n|faint|p1b: Dragonite\n|move|p1a: Ogerpon|Ivy Cudgel|p2a: Thundurus|[anim] Ivy Cudgel Water\n|-damage|p2a: Thundurus|0 fnt\n|faint|p2a: Thundurus\n|\n|upkeep\n|\n|t:|1701123258\n|switch|p2a: Farigiraf|Farigiraf, L50, F|9\/100\n|switch|p1b: Chien-Pao|Chien-Pao, L50|35\/100\n|-ability|p1b: Chien-Pao|Sword of Ruin\n|turn|8\n|\n|t:|1701123281\n|move|p1b: Chien-Pao|Ice Spinner|p2a: Farigiraf\n|-damage|p2a: Farigiraf|0 fnt\n|faint|p2a: Farigiraf\n|move|p1a: Ogerpon|Ivy Cudgel|p2b: Urshifu|[anim] Ivy Cudgel Water\n|-damage|p2b: Urshifu|37\/100\n|move|p2b: Urshifu|Close Combat|p1b: Chien-Pao\n|-supereffective|p1b: Chien-Pao\n|-damage|p1b: Chien-Pao|0 fnt\n|-unboost|p2b: Urshifu|def|1\n|-unboost|p2b: Urshifu|spd|1\n|faint|p1b: Chien-Pao\n|\n|upkeep\n|turn|9\n|c|\u2606The Carkol Rider|50 50s time\n|\n|t:|1701123298\n|move|p1a: Ogerpon|Spiky Shield|p1a: Ogerpon\n|-singleturn|p1a: Ogerpon|move: Protect\n|move|p2b: Urshifu|Sucker Punch||[still]\n|-fail|p2b: Urshifu\n|\n|upkeep\n|turn|10\n|\n|t:|1701123302\n|move|p1a: Ogerpon|Spiky Shield||[still]\n|-fail|p1a: Ogerpon\n|move|p2b: Urshifu|Sucker Punch||[still]\n|-fail|p2b: Urshifu\n|\n|upkeep\n|turn|11\n|\n|t:|1701123306\n|move|p1a: Ogerpon|Spiky Shield|p1a: Ogerpon\n|-singleturn|p1a: Ogerpon|move: Protect\n|move|p2b: Urshifu|Sucker Punch||[still]\n|-fail|p2b: Urshifu\n|\n|upkeep\n|turn|12\n|\n|t:|1701123310\n|move|p1a: Ogerpon|Spiky Shield||[still]\n|-fail|p1a: Ogerpon\n|move|p2b: Urshifu|Sucker Punch||[still]\n|-fail|p2b: Urshifu\n|\n|upkeep\n|turn|13\n|\n|t:|1701123316\n|move|p1a: Ogerpon|Ivy Cudgel|p2b: Urshifu|[anim] Ivy Cudgel Water\n|-damage|p2b: Urshifu|0 fnt\n|faint|p2b: Urshifu\n|\n|win|The Carkol Rider\n|c|\u2606The Carkol Rider|wow\n|c|\u2606The Carkol Rider|gg\n|c|\u2606MyDressUpDeerling|damn\n|inactive|The Carkol Rider has 50 seconds to confirm battle start!\n|inactive|MyDressUpDeerling has 50 seconds to confirm battle start!\n|c|&|\/uhtml prompt-thecarkolrider,The Carkol Rider is ready for game 2!\n|c|&|\/uhtml prompt-mydressupdeerling,MyDressUpDeerling is ready for game 2!\nBoth players are ready! Starting next match!\n","uploadtime":1701123382,"views":16,"p1id":"thecarkolrider","p2id":"mydressupdeerling","formatid":"gen9vgc2023regulatione","rating":0,"private":0,"password":""}