{"id":"gen9vgc2023regulatione-1989468127","p1":"Tawn","p2":"Treeman480","format":"[Gen 9] VGC 2023 Regulation E","log":"|j|\u2606Tawn\n|j|\u2606Treeman480\n|t:|1699855246\n|gametype|doubles\n|player|p1|Tawn|red|1189\n|player|p2|Treeman480|n|1109\n|teamsize|p1|6\n|teamsize|p2|6\n|gen|9\n|tier|[Gen 9] VGC 2023 Regulation E\n|rated|\n|rule|Species Clause: Limit one of each Pok\u00e9mon\n|rule|Item Clause: Limit one of each item\n|clearpoke\n|poke|p1|Arcanine-Hisui, L50, M|\n|poke|p1|Iron Bundle, L50|\n|poke|p1|Ogerpon, L50, F|\n|poke|p1|Girafarig, L50, F|\n|poke|p1|Ursaluna, L50, M|\n|poke|p1|Skeledirge, L50, M|\n|poke|p2|Tatsugiri, L50, F|\n|poke|p2|Dondozo, L50, F|\n|poke|p2|Flutter Mane, L50|\n|poke|p2|Iron Hands, L50|\n|poke|p2|Arcanine-Hisui, L50, M|\n|poke|p2|Ogerpon-Wellspring, L50, F|\n|teampreview|4\n|\n|t:|1699855289\n|start\n|switch|p1a: Girafarig|Girafarig, L50, F|100\/100\n|switch|p1b: Skeledirge|Skeledirge, L50, M|100\/100\n|switch|p2a: LeGrosPoisson|Dondozo, L50, F|100\/100\n|switch|p2b: L'hommeDeFer|Iron Hands, L50|100\/100\n|turn|1\n|\n|t:|1699855307\n|-terastallize|p1b: Skeledirge|Grass\n|move|p2b: L'hommeDeFer|Fake Out|p1a: Girafarig\n|-crit|p1a: Girafarig\n|-damage|p1a: Girafarig|84\/100\n|move|p1b: Skeledirge|Torch Song|p2b: L'hommeDeFer\n|-damage|p2b: L'hommeDeFer|87\/100\n|-boost|p1b: Skeledirge|spa|1\n|-enditem|p1b: Skeledirge|Throat Spray\n|-boost|p1b: Skeledirge|spa|1|[from] item: Throat Spray\n|move|p2a: LeGrosPoisson|Wave Crash|p1b: Skeledirge\n|-resisted|p1b: Skeledirge\n|-damage|p1b: Skeledirge|84\/100\n|-damage|p2a: LeGrosPoisson|95\/100|[from] Recoil\n|cant|p1a: Girafarig|flinch\n|\n|-heal|p2a: LeGrosPoisson|100\/100|[from] item: Leftovers\n|upkeep\n|turn|2\n|\n|t:|1699855350\n|move|p1b: Skeledirge|Shadow Ball|p2a: LeGrosPoisson\n|-damage|p2a: LeGrosPoisson|72\/100\n|-unboost|p2a: LeGrosPoisson|spd|1\n|move|p2b: L'hommeDeFer|Wild Charge|p1a: Girafarig\n|-damage|p1a: Girafarig|47\/100\n|-damage|p2b: L'hommeDeFer|80\/100|[from] Recoil\n|move|p2a: LeGrosPoisson|Facade|p1b: Skeledirge\n|-damage|p1b: Skeledirge|71\/100\n|move|p1a: Girafarig|Trick Room|p1a: Girafarig\n|-fieldstart|move: Trick Room|[of] p1a: Girafarig\n|\n|-heal|p2a: LeGrosPoisson|78\/100|[from] item: Leftovers\n|upkeep\n|turn|3\n|\n|t:|1699855370\n|move|p2a: LeGrosPoisson|Facade|p1a: Girafarig\n|-damage|p1a: Girafarig|29\/100\n|move|p2b: L'hommeDeFer|Drain Punch|p1a: Girafarig\n|-damage|p1a: Girafarig|0 fnt\n|-heal|p2b: L'hommeDeFer|91\/100|[from] drain|[of] p1a: Girafarig\n|faint|p1a: Girafarig\n|move|p1b: Skeledirge|Shadow Ball|p2a: LeGrosPoisson\n|-damage|p2a: LeGrosPoisson|47\/100\n|\n|-heal|p2a: LeGrosPoisson|53\/100|[from] item: Leftovers\n|upkeep\n|\n|t:|1699855375\n|switch|p1a: Ursaluna|Ursaluna, L50, M|100\/100\n|turn|4\n|\n|t:|1699855399\n|move|p1a: Ursaluna|Protect|p1a: Ursaluna\n|-singleturn|p1a: Ursaluna|Protect\n|move|p2a: LeGrosPoisson|Protect|p2a: LeGrosPoisson\n|-singleturn|p2a: LeGrosPoisson|Protect\n|move|p2b: L'hommeDeFer|Drain Punch|p1a: Ursaluna\n|-activate|p1a: Ursaluna|move: Protect\n|move|p1b: Skeledirge|Shadow Ball|p2a: LeGrosPoisson\n|-activate|p2a: LeGrosPoisson|move: Protect\n|\n|-heal|p2a: LeGrosPoisson|59\/100|[from] item: Leftovers\n|-status|p1a: Ursaluna|brn|[from] item: Flame Orb\n|upkeep\n|turn|5\n|\n|t:|1699855415\n|move|p1a: Ursaluna|Facade|p2a: LeGrosPoisson\n|-damage|p2a: LeGrosPoisson|0 fnt\n|faint|p2a: LeGrosPoisson\n|move|p2b: L'hommeDeFer|Drain Punch|p1a: Ursaluna\n|-supereffective|p1a: Ursaluna\n|-damage|p1a: Ursaluna|42\/100 brn\n|-heal|p2b: L'hommeDeFer|100\/100|[from] drain|[of] p1a: Ursaluna\n|move|p1b: Skeledirge|Torch Song|p2b: L'hommeDeFer\n|-damage|p2b: L'hommeDeFer|75\/100\n|-boost|p1b: Skeledirge|spa|1\n|\n|-damage|p1a: Ursaluna|36\/100 brn|[from] brn\n|upkeep\n|\n|t:|1699855427\n|switch|p2a: LePetitsPoisson|Tatsugiri, L50, F|100\/100\n|turn|6\n|\n|t:|1699855437\n|move|p1a: Ursaluna|Facade|p2b: L'hommeDeFer\n|-damage|p2b: L'hommeDeFer|0 fnt\n|faint|p2b: L'hommeDeFer\n|-end|p2b: L'hommeDeFer|Quark Drive|[silent]\n|move|p1b: Skeledirge|Shadow Ball|p2a: LePetitsPoisson\n|-damage|p2a: LePetitsPoisson|21\/100\n|move|p2a: LePetitsPoisson|Muddy Water|p1b: Skeledirge|[spread] p1a,p1b\n|-supereffective|p1a: Ursaluna\n|-resisted|p1b: Skeledirge\n|-damage|p1a: Ursaluna|0 fnt\n|-damage|p1b: Skeledirge|57\/100\n|faint|p1a: Ursaluna\n|\n|-fieldend|move: Trick Room\n|upkeep\n|\n|t:|1699855449\n|switch|p2b: Ogerpon|Ogerpon-Wellspring, L50, F|100\/100\n|switch|p1a: Arcanine|Arcanine-Hisui, L50, M|100\/100\n|turn|7\n|\n|t:|1699855468\n|-terastallize|p2b: Ogerpon|Water\n|detailschange|p2b: Ogerpon|Ogerpon-Wellspring-Tera, L50, F, tera:Water\n|-ability|p2b: Ogerpon|Embody Aspect (Wellspring)|boost\n|-boost|p2b: Ogerpon|spd|1\n|move|p2a: LePetitsPoisson|Protect|p2a: LePetitsPoisson\n|-singleturn|p2a: LePetitsPoisson|Protect\n|move|p2b: Ogerpon|Swords Dance|p2b: Ogerpon\n|-boost|p2b: Ogerpon|atk|2\n|move|p1a: Arcanine|Head Smash|p2b: Ogerpon\n|-damage|p2b: Ogerpon|0 fnt\n|faint|p2b: Ogerpon\n|move|p1b: Skeledirge|Slack Off|p1b: Skeledirge\n|-heal|p1b: Skeledirge|100\/100\n|\n|upkeep\n|turn|8\n|-message|Treeman480 forfeited.\n|\n|win|Tawn\n|raw|Tawn's rating: 1189 &rarr; <strong>1208<\/strong><br \/>(+19 for winning)\n|raw|Treeman480's rating: 1109 &rarr; <strong>1090<\/strong><br \/>(-19 for losing)\n|l|\u2606Treeman480\n","uploadtime":1699855494,"views":24,"p1id":"tawn","p2id":"treeman480","formatid":"gen9vgc2023regulatione","rating":1090,"private":0,"password":""}