{"id":"gen9vgc2023regulatione-1997904355","p1":"xingshen","p2":"elmassa45","format":"[Gen 9] VGC 2023 Regulation E","log":"|j|\u2606xingshen\n|j|\u2606elmassa45\n|t:|1700865738\n|gametype|doubles\n|player|p1|xingshen|102|1221\n|player|p2|elmassa45|2|1157\n|teamsize|p1|6\n|teamsize|p2|6\n|gen|9\n|tier|[Gen 9] VGC 2023 Regulation E\n|rated|\n|rule|Species Clause: Limit one of each Pok\u00e9mon\n|rule|Item Clause: Limit one of each item\n|clearpoke\n|poke|p1|Dondozo, L50, F|\n|poke|p1|Dragapult, L50, M|\n|poke|p1|Urshifu-*, L50, M|\n|poke|p1|Amoonguss, L50, M|\n|poke|p1|Tatsugiri, L50, M|\n|poke|p1|Ogerpon-Cornerstone, L50, F|\n|poke|p2|Sneasler, L50, M|\n|poke|p2|Ogerpon, L50, F|\n|poke|p2|Iron Bundle, L50|\n|poke|p2|Indeedee-F, L50, F|\n|poke|p2|Spectrier, L50|\n|poke|p2|Chi-Yu, L50|\n|teampreview|4\n|inactive|Battle timer is ON: inactive players will automatically lose when time's up. (requested by elmassa45)\n|inactive|elmassa45 has 60 seconds left.\n|inactive|elmassa45 has 30 seconds left.\n|\n|t:|1700865807\n|start\n|switch|p1a: Dondozo|Dondozo, L50, F|100\/100\n|switch|p1b: Urshifu|Urshifu, L50, M|100\/100\n|switch|p2a: Ogerpon|Ogerpon, L50, F|100\/100\n|switch|p2b: Iron Bundle|Iron Bundle, L50|100\/100\n|-enditem|p2b: Iron Bundle|Booster Energy\n|-activate|p2b: Iron Bundle|ability: Quark Drive|[fromitem]\n|-start|p2b: Iron Bundle|quarkdrivespe\n|turn|1\n|\n|t:|1700865828\n|move|p1a: Dondozo|Protect|p1a: Dondozo\n|-singleturn|p1a: Dondozo|Protect\n|move|p2b: Iron Bundle|Icy Wind|p1a: Dondozo|[spread] p1b\n|-activate|p1a: Dondozo|move: Protect\n|-damage|p1b: Urshifu|70\/100\n|-unboost|p1b: Urshifu|spe|1\n|move|p2a: Ogerpon|Swords Dance|p2a: Ogerpon\n|-boost|p2a: Ogerpon|atk|2\n|move|p1b: Urshifu|Close Combat|p2b: Iron Bundle\n|-supereffective|p2b: Iron Bundle\n|-damage|p2b: Iron Bundle|0 fnt\n|-unboost|p1b: Urshifu|def|1\n|-unboost|p1b: Urshifu|spd|1\n|faint|p2b: Iron Bundle\n|-end|p2b: Iron Bundle|Quark Drive|[silent]\n|\n|upkeep\n|\n|t:|1700865846\n|switch|p2b: Indeedee|Indeedee-F, L50, F|100\/100\n|-fieldstart|move: Psychic Terrain|[from] ability: Psychic Surge|[of] p2b: Indeedee\n|turn|2\n|inactive|elmassa45 has 30 seconds left.\n|inactive|elmassa45 has 20 seconds left.\n|inactive|elmassa45 has 15 seconds left.\n|inactive|elmassa45 has 10 seconds left.\n|inactive|elmassa45 has 5 seconds left.\n|\n|t:|1700865900\n|switch|p1b: Tatsugiri|Tatsugiri, L50, M|100\/100\n|-activate|p1b: Tatsugiri|ability: Commander|[of] p1a: Dondozo\n|-boost|p1a: Dondozo|atk|2\n|-boost|p1a: Dondozo|spa|2\n|-boost|p1a: Dondozo|spe|2\n|-boost|p1a: Dondozo|def|2\n|-boost|p1a: Dondozo|spd|2\n|-terastallize|p2b: Indeedee|Fairy\n|-terastallize|p1a: Dondozo|Fire\n|move|p2a: Ogerpon|Ivy Cudgel|p1a: Dondozo\n|-resisted|p1a: Dondozo\n|-damage|p1a: Dondozo|83\/100\n|move|p1a: Dondozo|Yawn|p2a: Ogerpon\n|-start|p2a: Ogerpon|move: Yawn|[of] p1a: Dondozo\n|move|p2b: Indeedee|Dazzling Gleam|p1b: Tatsugiri|[spread] p1a\n|-miss|p2b: Indeedee|p1b: Tatsugiri\n|-resisted|p1a: Dondozo\n|-damage|p1a: Dondozo|78\/100\n|\n|upkeep\n|turn|3\n|inactive|elmassa45 has 30 seconds left.\n|\n|t:|1700865926\n|switch|p2a: Chi-Yu|Chi-Yu, L50|100\/100\n|-ability|p2a: Chi-Yu|Beads of Ruin\n|move|p1a: Dondozo|Earthquake|p2a: Chi-Yu|[spread] p2a,p2b\n|-miss|p1a: Dondozo|p1b: Tatsugiri\n|-supereffective|p2a: Chi-Yu\n|-damage|p2a: Chi-Yu|0 fnt\n|-damage|p2b: Indeedee|58\/100\n|faint|p2a: Chi-Yu\n|move|p2b: Indeedee|Dazzling Gleam|p1a: Dondozo|[spread] p1a\n|-miss|p2b: Indeedee|p1b: Tatsugiri\n|-resisted|p1a: Dondozo\n|-damage|p1a: Dondozo|74\/100\n|\n|upkeep\n|\n|t:|1700865934\n|switch|p2a: Ogerpon|Ogerpon, L50, F|100\/100\n|turn|4\n|\n|t:|1700865953\n|move|p2b: Indeedee|Follow Me|p2b: Indeedee\n|-singleturn|p2b: Indeedee|move: Follow Me\n|move|p2a: Ogerpon|Stomping Tantrum|p1b: Tatsugiri|[miss]\n|-miss|p2a: Ogerpon|p1b: Tatsugiri\n|move|p1a: Dondozo|Wave Crash|p2b: Indeedee\n|-damage|p2b: Indeedee|0 fnt\n|faint|p2b: Indeedee\n|-damage|p1a: Dondozo|61\/100|[from] Recoil\n|\n|upkeep\n|turn|5\n|-message|elmassa45 forfeited.\n|\n|win|xingshen\n|raw|xingshen's rating: 1195 &rarr; <strong>1217<\/strong><br \/>(+22 for winning)\n|raw|elmassa45's rating: 1157 &rarr; <strong>1135<\/strong><br \/>(-22 for losing)\n|l|\u2606elmassa45\n","uploadtime":1700865985,"views":5,"p1id":"xingshen","p2id":"elmassa45","formatid":"gen9vgc2023regulatione","rating":1135,"private":0,"password":""}