{"id":"gen9vgc2023regulatione-1992314934","p1":"duconjo","p2":"Zadom123","format":"[Gen 9] VGC 2023 Regulation E","log":"|j|\u2606duconjo\n|j|\u203dZadom123\n|t:|1700173820\n|gametype|doubles\n|player|p1|duconjo|265|1328\n|player|p2|Zadom123|benga|1327\n|teamsize|p1|6\n|teamsize|p2|6\n|gen|9\n|tier|[Gen 9] VGC 2023 Regulation E\n|rated|\n|rule|Species Clause: Limit one of each Pok\u00e9mon\n|rule|Item Clause: Limit one of each item\n|clearpoke\n|poke|p1|Landorus-Therian, L50, M|\n|poke|p1|Farigiraf, L50, M|\n|poke|p1|Heatran, L50, M|\n|poke|p1|Ogerpon-Wellspring, L50, F|\n|poke|p1|Grimmsnarl, L50, M|\n|poke|p1|Spectrier, L50|\n|poke|p2|Urshifu-*, L50, M|\n|poke|p2|Amoonguss, L50, M|\n|poke|p2|Arcanine-Hisui, L50, F|\n|poke|p2|Iron Hands, L50|\n|poke|p2|Tornadus, L50, M|\n|poke|p2|Regidrago, L50|\n|teampreview|4\n|inactive|Battle timer is ON: inactive players will automatically lose when time's up. (requested by Zadom123)\n|inactive|duconjo also wants the timer to be on.\nZadom123 has agreed to open team sheets.\n|inactive|duconjo has 60 seconds left.\n|\n|t:|1700173858\n|start\n|switch|p1a: Spectrier|Spectrier, L50|100\/100\n|switch|p1b: Grimmsnarl|Grimmsnarl, L50, M|100\/100\n|switch|p2a: Regidrago|Regidrago, L50|100\/100\n|switch|p2b: Tornadus|Tornadus, L50, M|100\/100\n|turn|1\n|\n|t:|1700173879\n|-terastallize|p1a: Spectrier|Fairy\n|move|p2b: Tornadus|Tailwind|p2b: Tornadus\n|-sidestart|p2: Zadom123|move: Tailwind\n|move|p1b: Grimmsnarl|Light Screen|p1b: Grimmsnarl\n|-sidestart|p1: duconjo|move: Light Screen\n|move|p2a: Regidrago|Dragon Pulse|p1a: Spectrier\n|-immune|p1a: Spectrier\n|move|p1a: Spectrier|Nasty Plot|p1a: Spectrier\n|-boost|p1a: Spectrier|spa|2\n|\n|upkeep\n|turn|2\n|\n|t:|1700173896\n|-terastallize|p2a: Regidrago|Steel\n|move|p2b: Tornadus|Bleakwind Storm|p1b: Grimmsnarl|[spread] p1a,p1b\n|-damage|p1a: Spectrier|77\/100\n|-damage|p1b: Grimmsnarl|84\/100\n|move|p2a: Regidrago|Tera Blast|p1a: Spectrier|[anim] Tera Blast Steel\n|-supereffective|p1a: Spectrier\n|-damage|p1a: Spectrier|24\/100\n|move|p1a: Spectrier|Nasty Plot|p1a: Spectrier\n|-boost|p1a: Spectrier|spa|2\n|move|p1b: Grimmsnarl|Spirit Break|p2a: Regidrago\n|-resisted|p2a: Regidrago\n|-damage|p2a: Regidrago|86\/100\n|-unboost|p2a: Regidrago|spa|1\n|\n|-heal|p1a: Spectrier|31\/100|[from] item: Leftovers\n|upkeep\n|turn|3\n|\n|t:|1700173919\n|move|p1a: Spectrier|Protect|p1a: Spectrier\n|-singleturn|p1a: Spectrier|Protect\n|move|p1b: Grimmsnarl|Parting Shot|p2b: Tornadus\n|-unboost|p2b: Tornadus|atk|1\n|-unboost|p2b: Tornadus|spa|1\n|\n|t:|1700173937\n|switch|p1b: Ogerpon|Ogerpon-Wellspring, L50, F|100\/100|[from] Parting Shot\n|move|p2b: Tornadus|Bleakwind Storm|p1b: Ogerpon|[spread] p1b\n|-activate|p1a: Spectrier|move: Protect\n|-supereffective|p1b: Ogerpon\n|-damage|p1b: Ogerpon|73\/100\n|-unboost|p1b: Ogerpon|spe|1\n|move|p2a: Regidrago|Tera Blast|p1a: Spectrier|[anim] Tera Blast Steel\n|-activate|p1a: Spectrier|move: Protect\n|\n|-heal|p1a: Spectrier|37\/100|[from] item: Leftovers\n|upkeep\n|turn|4\n|\n|t:|1700173952\n|move|p1b: Ogerpon|Follow Me|p1b: Ogerpon\n|-singleturn|p1b: Ogerpon|move: Follow Me\n|move|p2b: Tornadus|Bleakwind Storm|p1a: Spectrier|[spread] p1a,p1b\n|-supereffective|p1b: Ogerpon\n|-damage|p1a: Spectrier|21\/100\n|-damage|p1b: Ogerpon|47\/100\n|move|p2a: Regidrago|Tera Blast|p1b: Ogerpon|[anim] Tera Blast Steel\n|-resisted|p1b: Ogerpon\n|-damage|p1b: Ogerpon|40\/100\n|move|p1a: Spectrier|Draining Kiss|p2b: Tornadus\n|-damage|p2b: Tornadus|8\/100\n|-heal|p1a: Spectrier|77\/100|[from] drain|[of] p2b: Tornadus\n|\n|-heal|p1a: Spectrier|83\/100|[from] item: Leftovers\n|-sideend|p2: Zadom123|move: Tailwind\n|upkeep\n|turn|5\n|inactive|duconjo has 30 seconds left.\n|\n|t:|1700173984\n|move|p2b: Tornadus|Tailwind|p2b: Tornadus\n|-sidestart|p2: Zadom123|move: Tailwind\n|move|p2a: Regidrago|Dragon Pulse|p1b: Ogerpon\n|-damage|p1b: Ogerpon|10\/100\n|move|p1a: Spectrier|Draining Kiss|p2a: Regidrago\n|-resisted|p2a: Regidrago\n|-damage|p2a: Regidrago|40\/100\n|-heal|p1a: Spectrier|100\/100|[from] drain|[of] p2a: Regidrago\n|move|p1b: Ogerpon|Horn Leech|p2a: Regidrago\n|-resisted|p2a: Regidrago\n|-damage|p2a: Regidrago|20\/100\n|-heal|p1b: Ogerpon|27\/100|[from] drain|[of] p2a: Regidrago\n|\n|upkeep\n|turn|6\n|inactive|duconjo has 30 seconds left.\n|\n|t:|1700174013\n|move|p1a: Spectrier|Protect|p1a: Spectrier\n|-singleturn|p1a: Spectrier|Protect\n|move|p2b: Tornadus|Bleakwind Storm|p1a: Spectrier|[spread] p1b\n|-activate|p1a: Spectrier|move: Protect\n|-supereffective|p1b: Ogerpon\n|-damage|p1b: Ogerpon|1\/100\n|move|p2a: Regidrago|Dragon Pulse|p1b: Ogerpon\n|-damage|p1b: Ogerpon|0 fnt\n|faint|p1b: Ogerpon\n|\n|upkeep\n|\n|t:|1700174025\n|switch|p1b: Grimmsnarl|Grimmsnarl, L50, M|84\/100\n|turn|7\n|\n|t:|1700174042\n|move|p1b: Grimmsnarl|Parting Shot|p2b: Tornadus\n|-unboost|p2b: Tornadus|atk|1\n|-unboost|p2b: Tornadus|spa|1\n|\n|t:|1700174046\n|switch|p1b: Landorus|Landorus-Therian, L50, M|100\/100|[from] Parting Shot\n|-ability|p1b: Landorus|Intimidate|boost\n|-unboost|p2a: Regidrago|atk|1\n|-unboost|p2b: Tornadus|atk|1\n|move|p2b: Tornadus|Bleakwind Storm|p1b: Landorus|[spread] p1a,p1b\n|-damage|p1a: Spectrier|88\/100\n|-damage|p1b: Landorus|88\/100\n|move|p2a: Regidrago|Tera Blast|p1a: Spectrier|[anim] Tera Blast Steel\n|-supereffective|p1a: Spectrier\n|-crit|p1a: Spectrier\n|-damage|p1a: Spectrier|0 fnt\n|faint|p1a: Spectrier\n|\n|upkeep\n|\n|t:|1700174058\n|switch|p1a: Grimmsnarl|Grimmsnarl, L50, M|84\/100\n|turn|8\n|\n|t:|1700174077\n|move|p2b: Tornadus|Rain Dance|p2b: Tornadus\n|-weather|RainDance\n|move|p1a: Grimmsnarl|Parting Shot|p2a: Regidrago\n|-unboost|p2a: Regidrago|atk|1\n|-unboost|p2a: Regidrago|spa|1\n|move|p1b: Landorus|Stomping Tantrum|p2a: Regidrago\n|-supereffective|p2a: Regidrago\n|-damage|p2a: Regidrago|0 fnt\n|faint|p2a: Regidrago\n|\n|-weather|RainDance|[upkeep]\n|-sideend|p1: duconjo|move: Light Screen\n|-sideend|p2: Zadom123|move: Tailwind\n|upkeep\n|\n|t:|1700174086\n|switch|p2a: Urshifu|Urshifu-Rapid-Strike, L50, M|100\/100\n|turn|9\n|\n|t:|1700174093\n|move|p2b: Tornadus|Tailwind|p2b: Tornadus\n|-sidestart|p2: Zadom123|move: Tailwind\n|move|p2a: Urshifu|Surging Strikes|p1b: Landorus\n|-supereffective|p1b: Landorus\n|-crit|p1b: Landorus\n|-damage|p1b: Landorus|8\/100\n|-supereffective|p1b: Landorus\n|-crit|p1b: Landorus\n|-damage|p1b: Landorus|0 fnt\n|faint|p1b: Landorus\n|-hitcount|p1: Landorus|2\n|move|p1a: Grimmsnarl|Spirit Break|p2a: Urshifu\n|-supereffective|p2a: Urshifu\n|-damage|p2a: Urshifu|39\/100\n|-unboost|p2a: Urshifu|spa|1\n|\n|-weather|RainDance|[upkeep]\n|upkeep\n|turn|10\n|\n|t:|1700174107\n|move|p2a: Urshifu|Surging Strikes|p1a: Grimmsnarl\n|-crit|p1a: Grimmsnarl\n|-damage|p1a: Grimmsnarl|45\/100\n|-crit|p1a: Grimmsnarl\n|-damage|p1a: Grimmsnarl|9\/100\n|-crit|p1a: Grimmsnarl\n|-damage|p1a: Grimmsnarl|0 fnt\n|faint|p1a: Grimmsnarl\n|-hitcount|p1: Grimmsnarl|3\n|\n|win|Zadom123\n|raw|duconjo's rating: 1328 &rarr; <strong>1308<\/strong><br \/>(-20 for losing)\n|raw|Zadom123's rating: 1327 &rarr; <strong>1347<\/strong><br \/>(+20 for winning)\n|l|\u2606duconjo\n","uploadtime":1700174112,"views":25,"p1id":"duconjo","p2id":"zadom123","formatid":"gen9vgc2023regulatione","rating":1308,"private":0,"password":""}