{"id":"gen9vgc2023regulatione-2000452303","p1":"Lurvas","p2":"HeyaHeyaHoya","format":"[Gen 9] VGC 2023 Regulation E","log":"|j|\u2606Lurvas\n|j|\u2606HeyaHeyaHoya\n|t:|1701196012\n|gametype|doubles\n|player|p1|Lurvas|alder|1255\n|player|p2|HeyaHeyaHoya|101|1319\n|teamsize|p1|6\n|teamsize|p2|6\n|gen|9\n|tier|[Gen 9] VGC 2023 Regulation E\n|rated|\n|rule|Species Clause: Limit one of each Pok\u00e9mon\n|rule|Item Clause: Limit one of each item\n|clearpoke\n|poke|p1|Urshifu-*, L50, M|\n|poke|p1|Rillaboom, L50, F|\n|poke|p1|Flutter Mane, L50|\n|poke|p1|Arcanine-Hisui, L50, M|\n|poke|p1|Chien-Pao, L50|\n|poke|p1|Tornadus, L50, M|\n|poke|p2|Tyranitar, L50, M|\n|poke|p2|Houndstone, L50, M|\n|poke|p2|Iron Bundle, L50|\n|poke|p2|Ogerpon-Hearthflame, L50, F|\n|poke|p2|Landorus-Therian, L50, M|\n|poke|p2|Farigiraf, L50, F|\n|teampreview|4\nLurvas has agreed to open team sheets.\n|inactive|Battle timer is ON: inactive players will automatically lose when time's up. (requested by Lurvas)\nHeyaHeyaHoya has agreed to open team sheets.\n|\n|t:|1701196041\n|start\n|switch|p1a: Tornadus|Tornadus, L50, M|100\/100\n|switch|p1b: Arcanine|Arcanine-Hisui, L50, M|100\/100\n|switch|p2a: Farigiraf|Farigiraf, L50, F|100\/100\n|switch|p2b: Houndstone|Houndstone, L50, M|100\/100\n|-ability|p1b: Arcanine|Intimidate|boost\n|-unboost|p2a: Farigiraf|atk|1\n|-unboost|p2b: Houndstone|atk|1\n|turn|1\n|\n|t:|1701196057\n|move|p1a: Tornadus|Tailwind|p1a: Tornadus\n|-sidestart|p1: Lurvas|move: Tailwind\n|move|p1b: Arcanine|Rock Slide|p2b: Houndstone|[spread] p2a\n|-miss|p1b: Arcanine|p2b: Houndstone\n|-damage|p2a: Farigiraf|66\/100\n|move|p2b: Houndstone|Snarl|p1b: Arcanine|[spread] p1a,p1b\n|-damage|p1a: Tornadus|94\/100\n|-damage|p1b: Arcanine|94\/100\n|-unboost|p1b: Arcanine|spa|1\n|move|p2a: Farigiraf|Trick Room|p2a: Farigiraf\n|-fieldstart|move: Trick Room|[of] p2a: Farigiraf\n|\n|upkeep\n|turn|2\n|\n|t:|1701196076\n|switch|p2b: Tyranitar|Tyranitar, L50, M|100\/100\n|-weather|Sandstorm|[from] ability: Sand Stream|[of] p2b: Tyranitar\n|switch|p1b: Urshifu|Urshifu-Rapid-Strike, L50, M|100\/100\n|move|p2a: Farigiraf|Psyshock|p1b: Urshifu\n|-supereffective|p1b: Urshifu\n|-damage|p1b: Urshifu|44\/100\n|move|p1a: Tornadus|Bleakwind Storm|p2b: Tyranitar|[spread] p2a,p2b\n|-resisted|p2b: Tyranitar\n|-damage|p2a: Farigiraf|37\/100\n|-damage|p2b: Tyranitar|93\/100\n|\n|-weather|Sandstorm|[upkeep]\n|-damage|p2a: Farigiraf|30\/100|[from] Sandstorm\n|-damage|p1b: Urshifu|38\/100|[from] Sandstorm\n|-damage|p1a: Tornadus|88\/100|[from] Sandstorm\n|upkeep\n|turn|3\n|\n|t:|1701196096\n|move|p1a: Tornadus|Rain Dance|p1a: Tornadus\n|-weather|RainDance\n|move|p2a: Farigiraf|Psyshock|p1b: Urshifu\n|-supereffective|p1b: Urshifu\n|-damage|p1b: Urshifu|0 fnt\n|faint|p1b: Urshifu\n|move|p2b: Tyranitar|Rock Slide|p1a: Tornadus\n|-supereffective|p1a: Tornadus\n|-damage|p1a: Tornadus|0 fnt\n|faint|p1a: Tornadus\n|\n|-weather|RainDance|[upkeep]\n|upkeep\n|\n|t:|1701196105\n|switch|p1b: Flutter Mane|Flutter Mane, L50|100\/100\n|switch|p1a: Arcanine|Arcanine-Hisui, L50, M|94\/100\n|-ability|p1a: Arcanine|Intimidate|boost\n|-unboost|p2a: Farigiraf|atk|1\n|-unboost|p2b: Tyranitar|atk|1\n|-enditem|p1b: Flutter Mane|Booster Energy\n|-activate|p1b: Flutter Mane|ability: Protosynthesis|[fromitem]\n|-start|p1b: Flutter Mane|protosynthesisspe\n|turn|4\n|\n|t:|1701196117\n|move|p2a: Farigiraf|Helping Hand|p2b: Tyranitar\n|-singleturn|p2b: Tyranitar|Helping Hand|[of] p2a: Farigiraf\n|move|p2b: Tyranitar|Rock Slide|p1a: Arcanine|[spread] p1a,p1b\n|-supereffective|p1a: Arcanine\n|-damage|p1a: Arcanine|14\/100\n|-damage|p1b: Flutter Mane|40\/100\n|move|p1a: Arcanine|Rock Slide|p2a: Farigiraf|[spread] p2b\n|-miss|p1a: Arcanine|p2a: Farigiraf\n|-damage|p2b: Tyranitar|58\/100\n|move|p1b: Flutter Mane|Moonblast|p2a: Farigiraf\n|-damage|p2a: Farigiraf|0 fnt\n|faint|p2a: Farigiraf\n|\n|-weather|RainDance|[upkeep]\n|-sideend|p1: Lurvas|move: Tailwind\n|upkeep\n|\n|t:|1701196127\n|switch|p2a: Houndstone|Houndstone, L50, M|100\/100\n|turn|5\n|\n|t:|1701196139\n|-terastallize|p1a: Arcanine|Fairy\n|move|p1b: Flutter Mane|Protect|p1b: Flutter Mane\n|-singleturn|p1b: Flutter Mane|Protect\n|move|p2b: Tyranitar|Low Kick|p1a: Arcanine\n|-resisted|p1a: Arcanine\n|-damage|p1a: Arcanine|0 fnt\n|faint|p1a: Arcanine\n|move|p2a: Houndstone|Last Respects|p1b: Flutter Mane\n|-activate|p1b: Flutter Mane|move: Protect\n|\n|-weather|RainDance|[upkeep]\n|-fieldend|move: Trick Room\n|upkeep\n|turn|6\n|\n|t:|1701196156\n|-terastallize|p2a: Houndstone|Steel\n|move|p1b: Flutter Mane|Shadow Ball|p2a: Houndstone\n|-damage|p2a: Houndstone|66\/100\n|move|p2a: Houndstone|Last Respects|p1b: Flutter Mane\n|-supereffective|p1b: Flutter Mane\n|-damage|p1b: Flutter Mane|0 fnt\n|faint|p1b: Flutter Mane\n|-end|p1b: Flutter Mane|Protosynthesis|[silent]\n|\n|win|HeyaHeyaHoya\n|raw|Lurvas's rating: 1255 &rarr; <strong>1235<\/strong><br \/>(-20 for losing)\n|raw|HeyaHeyaHoya's rating: 1319 &rarr; <strong>1335<\/strong><br \/>(+16 for winning)\n|c|\u2606Lurvas|gg\n|l|\u2606HeyaHeyaHoya\n","uploadtime":1701196167,"views":8,"p1id":"lurvas","p2id":"heyaheyahoya","formatid":"gen9vgc2023regulatione","rating":1235,"private":0,"password":""}