{"id":"gen9vgc2023regulatione-2000520781","p1":"alvarardo","p2":"Copper05","format":"[Gen 9] VGC 2023 Regulation E","log":"|j|\u2606alvarardo\n|j|\u2606Copper05\n|t:|1701201791\n|gametype|doubles\n|player|p1|alvarardo|drayden|1271\n|player|p2|Copper05|wallace|1163\n|teamsize|p1|6\n|teamsize|p2|6\n|gen|9\n|tier|[Gen 9] VGC 2023 Regulation E\n|rated|\n|rule|Species Clause: Limit one of each Pok\u00e9mon\n|rule|Item Clause: Limit one of each item\n|clearpoke\n|poke|p1|Urshifu-*, L50, M|\n|poke|p1|Chi-Yu, L50|\n|poke|p1|Iron Bundle, L50|\n|poke|p1|Flutter Mane, L50|\n|poke|p1|Tornadus, L50, M|\n|poke|p1|Landorus-Therian, L50, M|\n|poke|p2|Clefairy, L50, F|\n|poke|p2|Zapdos, L50|\n|poke|p2|Rillaboom, L50, M|\n|poke|p2|Flutter Mane, L50|\n|poke|p2|Tatsugiri, L50, F|\n|poke|p2|Dondozo, L50, F|\n|teampreview|4\n|\n|t:|1701201826\n|start\n|switch|p1a: Juanen|Iron Bundle, L50|100\/100\n|switch|p1b: Mar\u00eda|Flutter Mane, L50|100\/100\n|switch|p2a: Zapdos|Zapdos, L50|100\/100\n|switch|p2b: Rillaboom|Rillaboom, L50, M|100\/100\n|-fieldstart|move: Grassy Terrain|[from] ability: Grassy Surge|[of] p2b: Rillaboom\n|-enditem|p1b: Mar\u00eda|Booster Energy\n|-activate|p1b: Mar\u00eda|ability: Protosynthesis|[fromitem]\n|-start|p1b: Mar\u00eda|protosynthesisspe\n|turn|1\n|inactive|Battle timer is ON: inactive players will automatically lose when time's up. (requested by alvarardo)\n|\n|t:|1701201874\n|move|p2b: Rillaboom|Fake Out|p1a: Juanen\n|-damage|p1a: Juanen|81\/100\n|move|p1b: Mar\u00eda|Icy Wind|p2a: Zapdos|[spread] p2a,p2b\n|-supereffective|p2a: Zapdos\n|-supereffective|p2b: Rillaboom\n|-damage|p2a: Zapdos|73\/100\n|-damage|p2b: Rillaboom|67\/100\n|-unboost|p2a: Zapdos|spe|1\n|-unboost|p2b: Rillaboom|spe|1\n|cant|p1a: Juanen|flinch\n|move|p2a: Zapdos|Tailwind|p2a: Zapdos\n|-sidestart|p2: Copper05|move: Tailwind\n|\n|-heal|p1a: Juanen|88\/100|[from] Grassy Terrain\n|-heal|p2b: Rillaboom|73\/100|[from] Grassy Terrain\n|upkeep\n|turn|2\n|inactive|alvarardo has 30 seconds left.\n|\n|t:|1701201907\n|-terastallize|p1a: Juanen|Ground\n|move|p2a: Zapdos|Protect|p2a: Zapdos\n|-singleturn|p2a: Zapdos|Protect\n|move|p2b: Rillaboom|Grassy Glide|p1a: Juanen\n|-supereffective|p1a: Juanen\n|-damage|p1a: Juanen|0 fnt\n|faint|p1a: Juanen\n|-end|p1a: Juanen|Quark Drive|[silent]\n|move|p1b: Mar\u00eda|Icy Wind|p2b: Rillaboom|[spread] p2b\n|-activate|p2a: Zapdos|move: Protect\n|-supereffective|p2b: Rillaboom\n|-damage|p2b: Rillaboom|41\/100\n|-unboost|p2b: Rillaboom|spe|1\n|\n|-heal|p2b: Rillaboom|47\/100|[from] Grassy Terrain\n|upkeep\n|\n|t:|1701201922\n|switch|p1a: Mosquera|Chi-Yu, L50|100\/100\n|-ability|p1a: Mosquera|Beads of Ruin\n|turn|3\n|inactive|Copper05 has 30 seconds left.\n|\n|t:|1701201952\n|switch|p2a: Dondozo|Dondozo, L50, F|100\/100\n|move|p2b: Rillaboom|Grassy Glide|p1b: Mar\u00eda\n|-damage|p1b: Mar\u00eda|0 fnt\n|faint|p1b: Mar\u00eda\n|-end|p1b: Mar\u00eda|Protosynthesis|[silent]\n|move|p1a: Mosquera|Heat Wave|p2b: Rillaboom|[spread] p2a,p2b\n|-resisted|p2a: Dondozo\n|-supereffective|p2b: Rillaboom\n|-damage|p2a: Dondozo|77\/100\n|-damage|p2b: Rillaboom|0 fnt\n|faint|p2b: Rillaboom\n|\n|-heal|p2a: Dondozo|84\/100|[from] Grassy Terrain\n|-heal|p2a: Dondozo|90\/100|[from] item: Leftovers\n|upkeep\n|\n|t:|1701201968\n|switch|p1b: ALDIMER|Urshifu-Rapid-Strike, L50, M|100\/100\n|switch|p2b: Tatsugiri|Tatsugiri, L50, F|100\/100\n|-activate|p2b: Tatsugiri|ability: Commander|[of] p2a: Dondozo\n|-boost|p2a: Dondozo|atk|2\n|-boost|p2a: Dondozo|spa|2\n|-boost|p2a: Dondozo|spe|2\n|-boost|p2a: Dondozo|def|2\n|-boost|p2a: Dondozo|spd|2\n|turn|4\n|\n|t:|1701201978\n|move|p2a: Dondozo|Wave Crash|p1a: Mosquera\n|-supereffective|p1a: Mosquera\n|-enditem|p1a: Mosquera|Focus Sash\n|-damage|p1a: Mosquera|1\/100\n|-damage|p2a: Dondozo|67\/100|[from] Recoil\n|move|p1b: ALDIMER|Surging Strikes|p2a: Dondozo\n|-resisted|p2a: Dondozo\n|-crit|p2a: Dondozo\n|-damage|p2a: Dondozo|59\/100\n|-resisted|p2a: Dondozo\n|-crit|p2a: Dondozo\n|-damage|p2a: Dondozo|50\/100\n|-resisted|p2a: Dondozo\n|-crit|p2a: Dondozo\n|-damage|p2a: Dondozo|43\/100\n|-hitcount|p2a: Dondozo|3\n|move|p1a: Mosquera|Ruination|p2a: Dondozo\n|-damage|p2a: Dondozo|22\/100\n|\n|-heal|p2a: Dondozo|28\/100|[from] Grassy Terrain\n|-heal|p2a: Dondozo|34\/100|[from] item: Leftovers\n|-heal|p1a: Mosquera|7\/100|[from] Grassy Terrain\n|-sideend|p2: Copper05|move: Tailwind\n|upkeep\n|turn|5\n|-message|alvarardo forfeited.\n|\n|win|Copper05\n|raw|alvarardo's rating: 1271 &rarr; <strong>1238<\/strong><br \/>(-33 for losing)\n|raw|Copper05's rating: 1163 &rarr; <strong>1196<\/strong><br \/>(+33 for winning)\n|l|\u2606alvarardo\n","uploadtime":1701202016,"views":2,"p1id":"alvarardo","p2id":"copper05","formatid":"gen9vgc2023regulatione","rating":1196,"private":0,"password":""}