{"id":"gen9vgc2023regulatione-1995893864","p1":"xelrules1998765432","p2":"468251739DDM","format":"[Gen 9] VGC 2023 Regulation E","log":"|j|\u2606xelrules1998765432\n|j|\u2606468251739DDM\n|t:|1700614497\n|gametype|doubles\n|player|p1|xelrules1998765432|101|1115\n|player|p2|468251739DDM|102|1170\n|teamsize|p1|6\n|teamsize|p2|6\n|gen|9\n|tier|[Gen 9] VGC 2023 Regulation E\n|rated|\n|rule|Species Clause: Limit one of each Pok\u00e9mon\n|rule|Item Clause: Limit one of each item\n|clearpoke\n|poke|p1|Torterra, L50, M|\n|poke|p1|Sinistcha, L50|\n|poke|p1|Grumpig, L50, M|\n|poke|p1|Talonflame, L50, M|\n|poke|p1|Ursaluna-Bloodmoon, L50, M|\n|poke|p1|Indeedee-F, L50, F|\n|poke|p2|Clefairy, L50, F|\n|poke|p2|Urshifu-*, L50, M|\n|poke|p2|Ursaluna-Bloodmoon, L50, M|\n|poke|p2|Sinistcha-Masterpiece, L50|\n|poke|p2|Kommo-o, L50, F|\n|poke|p2|Iron Hands, L50|\n|teampreview|4\n|inactive|Battle timer is ON: inactive players will automatically lose when time's up. (requested by 468251739DDM)\n|\n|t:|1700614525\n|start\n|switch|p1a: Grumpig|Grumpig, L50, M, shiny|100\/100\n|switch|p1b: Sinistcha|Sinistcha, L50, shiny|100\/100\n|switch|p2a: Ursaluna|Ursaluna-Bloodmoon, L50, M|100\/100\n|switch|p2b: Sinistcha|Sinistcha-Masterpiece, L50|100\/100\n|turn|1\n|\n|t:|1700614542\n|switch|p1b: Ursaluna|Ursaluna-Bloodmoon, L50, M|100\/100\n|-terastallize|p2a: Ursaluna|Normal\n|move|p1a: Grumpig|Simple Beam|p1b: Ursaluna\n|-endability|p1b: Ursaluna|Mind's Eye|[from] move: Simple Beam\n|-ability|p1b: Ursaluna|Simple|[from] move: Simple Beam\n|move|p2b: Sinistcha|Matcha Gotcha|p1b: Ursaluna|[spread] p1a,p1b\n|-crit|p1a: Grumpig\n|-supereffective|p1b: Ursaluna\n|-damage|p1a: Grumpig|71\/100\n|-damage|p1b: Ursaluna|48\/100\n|-status|p1a: Grumpig|brn\n|move|p2a: Ursaluna|Blood Moon|p1a: Grumpig\n|-damage|p1a: Grumpig|0 fnt\n|faint|p1a: Grumpig\n|\n|upkeep\n|inactive|xelrules1998765432 has 30 seconds left.\n|\n|t:|1700614568\n|switch|p1a: Sinistcha|Sinistcha, L50, shiny|100\/100\n|-heal|p1b: Ursaluna|73\/100|[from] ability: Hospitality|[of] p1a: Sinistcha\n|turn|2\n|\n|t:|1700614578\n|-terastallize|p1b: Ursaluna|Fairy\n|move|p2a: Ursaluna|Protect|p2a: Ursaluna\n|-singleturn|p2a: Ursaluna|Protect\n|move|p1a: Sinistcha|Rage Powder|p1a: Sinistcha\n|-singleturn|p1a: Sinistcha|move: Rage Powder\n|move|p2b: Sinistcha|Matcha Gotcha|p1b: Ursaluna|[spread] p1a,p1b\n|-resisted|p1a: Sinistcha\n|-damage|p1a: Sinistcha|88\/100\n|-damage|p1b: Ursaluna|46\/100\n|-status|p1a: Sinistcha|brn\n|-status|p1b: Ursaluna|brn\n|move|p1b: Ursaluna|Calm Mind|p1b: Ursaluna\n|-boost|p1b: Ursaluna|spa|2\n|-boost|p1b: Ursaluna|spd|2\n|\n|-damage|p1a: Sinistcha|82\/100 brn|[from] brn\n|-damage|p1b: Ursaluna|40\/100 brn|[from] brn\n|upkeep\n|turn|3\n|inactive|xelrules1998765432 has 30 seconds left.\n|\n|t:|1700614606\n|move|p1b: Ursaluna|Protect|p1b: Ursaluna\n|-singleturn|p1b: Ursaluna|Protect\n|move|p2b: Sinistcha|Rage Powder|p2b: Sinistcha\n|-singleturn|p2b: Sinistcha|move: Rage Powder\n|move|p2a: Ursaluna|Blood Moon|p1b: Ursaluna\n|-activate|p1b: Ursaluna|move: Protect\n|move|p1a: Sinistcha|Trick Room|p1a: Sinistcha\n|-fieldstart|move: Trick Room|[of] p1a: Sinistcha\n|\n|-damage|p1b: Ursaluna|35\/100 brn|[from] brn\n|-damage|p1a: Sinistcha|76\/100 brn|[from] brn\n|upkeep\n|turn|4\n|inactive|xelrules1998765432 has 30 seconds left.\n|\n|t:|1700614639\n|move|p2a: Ursaluna|Protect|p2a: Ursaluna\n|-singleturn|p2a: Ursaluna|Protect\n|move|p1b: Ursaluna|Hyper Voice|p2a: Ursaluna|[spread] \n|-activate|p2a: Ursaluna|move: Protect\n|-immune|p2b: Sinistcha\n|move|p1a: Sinistcha|Life Dew|p1a: Sinistcha|[spread] p1a,p1b\n|-heal|p1a: Sinistcha|100\/100 brn\n|-heal|p1b: Ursaluna|60\/100 brn\n|move|p2b: Sinistcha|Trick Room|p2b: Sinistcha\n|-fieldend|move: Trick Room\n|\n|-damage|p1a: Sinistcha|94\/100 brn|[from] brn\n|-damage|p1b: Ursaluna|54\/100 brn|[from] brn\n|upkeep\n|turn|5\n|\n|t:|1700614658\n|move|p2b: Sinistcha|Rage Powder|p2b: Sinistcha\n|-singleturn|p2b: Sinistcha|move: Rage Powder\n|move|p1a: Sinistcha|Rage Powder|p1a: Sinistcha\n|-singleturn|p1a: Sinistcha|move: Rage Powder\n|move|p2a: Ursaluna|Blood Moon|p1a: Sinistcha\n|-damage|p1a: Sinistcha|0 fnt\n|faint|p1a: Sinistcha\n|move|p1b: Ursaluna|Hyper Voice|p2b: Sinistcha|[spread] p2a\n|-immune|p2b: Sinistcha\n|-damage|p2a: Ursaluna|33\/100\n|-enditem|p1b: Ursaluna|Throat Spray\n|-boost|p1b: Ursaluna|spa|2|[from] item: Throat Spray\n|\n|-heal|p2a: Ursaluna|39\/100|[from] item: Leftovers\n|-damage|p1b: Ursaluna|48\/100 brn|[from] brn\n|upkeep\n|\n|t:|1700614675\n|switch|p1a: Indeedee|Indeedee-F, L50, F, shiny|100\/100\n|-fieldstart|move: Psychic Terrain|[from] ability: Psychic Surge|[of] p1a: Indeedee\n|-enditem|p1a: Indeedee|Psychic Seed\n|-boost|p1a: Indeedee|spd|1|[from] item: Psychic Seed\n|turn|6\n|\n|t:|1700614687\n|move|p2a: Ursaluna|Protect|p2a: Ursaluna\n|-singleturn|p2a: Ursaluna|Protect\n|move|p1b: Ursaluna|Protect|p1b: Ursaluna\n|-singleturn|p1b: Ursaluna|Protect\n|move|p2b: Sinistcha|Matcha Gotcha|p1b: Ursaluna|[spread] \n|-activate|p1b: Ursaluna|move: Protect\n|-miss|p2b: Sinistcha|p1a: Indeedee\n|move|p1a: Indeedee|Trick Room|p1a: Indeedee\n|-fieldstart|move: Trick Room|[of] p1a: Indeedee\n|\n|-heal|p2a: Ursaluna|45\/100|[from] item: Leftovers\n|-damage|p1b: Ursaluna|42\/100 brn|[from] brn\n|upkeep\n|turn|7\n|inactive|xelrules1998765432 has 30 seconds left.\n|\n|t:|1700614713\n|move|p2a: Ursaluna|Protect||[still]\n|-fail|p2a: Ursaluna\n|move|p1b: Ursaluna|Hyper Voice|p2a: Ursaluna|[spread] p2a\n|-immune|p2b: Sinistcha\n|-damage|p2a: Ursaluna|0 fnt\n|faint|p2a: Ursaluna\n|move|p1a: Indeedee|Heal Pulse|p1b: Ursaluna\n|-heal|p1b: Ursaluna|92\/100 brn\n|move|p2b: Sinistcha|Trick Room|p2b: Sinistcha\n|-fieldend|move: Trick Room\n|\n|-damage|p1b: Ursaluna|86\/100 brn|[from] brn\n|upkeep\n|\n|t:|1700614725\n|switch|p2a: Urshifu|Urshifu-Rapid-Strike, L50, M|100\/100\n|turn|8\n|\n|t:|1700614732\n|move|p1a: Indeedee|Follow Me|p1a: Indeedee\n|-singleturn|p1a: Indeedee|move: Follow Me\n|move|p2a: Urshifu|Surging Strikes|p1a: Indeedee\n|-crit|p1a: Indeedee\n|-damage|p1a: Indeedee|80\/100\n|-crit|p1a: Indeedee\n|-damage|p1a: Indeedee|58\/100\n|-crit|p1a: Indeedee\n|-damage|p1a: Indeedee|36\/100\n|-hitcount|p1a: Indeedee|3\n|move|p2b: Sinistcha|Matcha Gotcha|p1a: Indeedee|[spread] p1a,p1b\n|-crit|p1a: Indeedee\n|-damage|p1a: Indeedee|4\/100\n|-damage|p1b: Ursaluna|73\/100 brn\n|move|p1b: Ursaluna|Hyper Voice|p2a: Urshifu|[spread] p2a\n|-immune|p2b: Sinistcha\n|-damage|p2a: Urshifu|0 fnt\n|faint|p2a: Urshifu\n|\n|-damage|p1b: Ursaluna|67\/100 brn|[from] brn\n|upkeep\n|-message|468251739DDM forfeited.\n|\n|win|xelrules1998765432\n|raw|xelrules1998765432's rating: 1115 &rarr; <strong>1144<\/strong><br \/>(+29 for winning)\n|raw|468251739DDM's rating: 1170 &rarr; <strong>1141<\/strong><br \/>(-29 for losing)\n|l|\u2606468251739DDM\n","uploadtime":1700614755,"views":7,"p1id":"xelrules1998765432","p2id":"468251739ddm","formatid":"gen9vgc2023regulatione","rating":1141,"private":0,"password":""}