{"id":"gen9vgc2023regulatione-1999723455","p1":"kidturtle","p2":"whyismynamejeff","format":"[Gen 9] VGC 2023 Regulation E","log":"|j|\u2606kidturtle\n|j|\u2606whyismynamejeff\n|n|\u2606kidturtle|kidturtle\n|n|\u2606whyismynamejeff|whyismynamejeff\n|html|View the match progress at <a href=\"\/game-bestof3-gen9vgc2023regulatione-1999721081\">game-bestof3-gen9vgc2023regulatione-1999721081<\/a>\n|t:|1701111026\n|gametype|doubles\n|player|p1|kidturtle|hoopster|\n|player|p2|whyismynamejeff|colress|\n|teamsize|p1|6\n|teamsize|p2|6\n|gen|9\n|tier|[Gen 9] VGC 2023 Regulation E\n|rated|Tournament battle\n|rule|Species Clause: Limit one of each Pok\u00e9mon\n|rule|Item Clause: Limit one of each item\n|clearpoke\n|poke|p1|Ursaluna, L50, M|\n|poke|p1|Cresselia, L50, F|\n|poke|p1|Flutter Mane, L50|\n|poke|p1|Chi-Yu, L50|\n|poke|p1|Iron Hands, L50|\n|poke|p1|Urshifu-*, L50, M|\n|poke|p2|Iron Hands, L50|\n|poke|p2|Landorus-Therian, L50, M|\n|poke|p2|Sinistcha, L50|\n|poke|p2|Grimmsnarl, L50, M|\n|poke|p2|Goodra-Hisui, L50, F|\n|poke|p2|Toxapex, L50, F|\n|teampreview|4\n|showteam|p1|Ursaluna||FlameOrb|Guts|Facade,Earthquake,SwordsDance,Protect|||M|||50|,,,,,Ghost]Cresselia||MentalHerb|Levitate|IceBeam,AllySwitch,LunarBlessing,TrickRoom|||F|||50|,,,,,Fairy]Flutter Mane||BoosterEnergy|Protosynthesis|IcyWind,ShadowBall,Moonblast,Protect||||||50|,,,,,Fairy]Chi-Yu||ChoiceSpecs|BeadsofRuin|BurningJealousy,DarkPulse,Overheat,Snarl||||||50|,,,,,Ghost]Iron Hands||SitrusBerry|QuarkDrive|DrainPunch,WildCharge,FakeOut,SwordsDance||||||50|,,,,,Fire]Urshifu||FocusSash|UnseenFist|Detect,WickedBlow,CloseCombat,SuckerPunch|||M|||50|,,,,,Dark\n|showteam|p2|Iron Hands||AssaultVest|QuarkDrive|FakeOut,VoltSwitch,WildCharge,DrainPunch||||||50|,,,,,Grass]Landorus-Therian||ChoiceScarf|Intimidate|StompingTantrum,TeraBlast,RockSlide,Uturn|||M|||50|,,,,,Flying]Sinistcha||SitrusBerry|Hospitality|MatchaGotcha,ShadowBall,CalmMind,RagePowder||||||50|,,,,,Fire]Grimmsnarl||CovertCloak|Prankster|SpiritBreak,PartingShot,Taunt,LightScreen|||M|||50|,,,,,Steel]Goodra-Hisui||Leftovers|SapSipper|HeavySlam,BodyPress,Shelter,LifeDew|||F|||50|,,,,,Water]Toxapex||BindingBand|Regenerator|Infestation,Recover,Substitute,BanefulBunker|||F|||50|,,,,,Dragon\n|inactive|Battle timer is ON: inactive players will automatically lose when time's up. (requested by kidturtle)\n|inactive|whyismynamejeff has 60 seconds left.\n|\n|t:|1701111070\n|start\n|switch|p1a: Cresselia|Cresselia, L50, F|100\/100\n|switch|p1b: Ursaluna|Ursaluna, L50, M|100\/100\n|switch|p2a: Iron Hands|Iron Hands, L50|100\/100\n|switch|p2b: Grimmsnarl|Grimmsnarl, L50, M|100\/100\n|turn|1\n|\n|t:|1701111082\n|-terastallize|p1b: Ursaluna|Ghost\n|move|p2a: Iron Hands|Fake Out|p1b: Ursaluna\n|-immune|p1b: Ursaluna\n|move|p2b: Grimmsnarl|Parting Shot|p1b: Ursaluna\n|-unboost|p1b: Ursaluna|atk|1\n|-unboost|p1b: Ursaluna|spa|1\n|\n|t:|1701111091\n|switch|p2b: Toxapex|Toxapex, L50, F|100\/100|[from] Parting Shot\n|move|p1b: Ursaluna|Swords Dance|p1b: Ursaluna\n|-boost|p1b: Ursaluna|atk|2\n|move|p1a: Cresselia|Trick Room|p1a: Cresselia\n|-fieldstart|move: Trick Room|[of] p1a: Cresselia\n|\n|-status|p1b: Ursaluna|brn|[from] item: Flame Orb\n|upkeep\n|turn|2\n|\n|t:|1701111112\n|move|p1b: Ursaluna|Swords Dance|p1b: Ursaluna\n|-boost|p1b: Ursaluna|atk|2\n|move|p2b: Toxapex|Infestation|p1a: Cresselia\n|-supereffective|p1a: Cresselia\n|-damage|p1a: Cresselia|96\/100\n|-activate|p1a: Cresselia|move: Infestation|[of] p2b: Toxapex\n|move|p2a: Iron Hands|Volt Switch|p1b: Ursaluna\n|-damage|p1b: Ursaluna|90\/100 brn\n|\n|t:|1701111123\n|-end|p2a: Iron Hands|Quark Drive|[silent]\n|switch|p2a: Grimmsnarl|Grimmsnarl, L50, M|100\/100|[from] Volt Switch\n|move|p1a: Cresselia|Ice Beam|p2a: Grimmsnarl\n|-damage|p2a: Grimmsnarl|86\/100\n|\n|-damage|p1b: Ursaluna|84\/100 brn|[from] brn\n|-damage|p1a: Cresselia|80\/100|[from] move: Infestation|[partiallytrapped]\n|upkeep\n|turn|3\n|\n|t:|1701111135\n|move|p2b: Toxapex|Baneful Bunker|p2b: Toxapex\n|-singleturn|p2b: Toxapex|move: Protect\n|move|p2a: Grimmsnarl|Parting Shot|p1b: Ursaluna\n|-unboost|p1b: Ursaluna|atk|1\n|-unboost|p1b: Ursaluna|spa|1\n|\n|t:|1701111144\n|switch|p2a: Goodra|Goodra-Hisui, L50, F|100\/100|[from] Parting Shot\n|move|p1b: Ursaluna|Earthquake|p2a: Goodra|[spread] p2a\n|-activate|p2b: Toxapex|move: Protect\n|-immune|p1a: Cresselia|[from] ability: Levitate\n|-supereffective|p2a: Goodra\n|-damage|p2a: Goodra|0 fnt\n|faint|p2a: Goodra\n|move|p1a: Cresselia|Lunar Blessing|p1a: Cresselia|[spread] p1a,p1b\n|-heal|p1a: Cresselia|100\/100\n|-heal|p1b: Ursaluna|100\/100 brn\n|-curestatus|p1b: Ursaluna|brn|[msg]\n|\n|-damage|p1a: Cresselia|84\/100|[from] move: Infestation|[partiallytrapped]\n|-status|p1b: Ursaluna|brn|[from] item: Flame Orb\n|upkeep\n|\n|t:|1701111153\n|switch|p2a: Grimmsnarl|Grimmsnarl, L50, M|86\/100\n|turn|4\n|\n|t:|1701111162\n|move|p2a: Grimmsnarl|Parting Shot|p1b: Ursaluna\n|-unboost|p1b: Ursaluna|atk|1\n|-unboost|p1b: Ursaluna|spa|1\n|\n|t:|1701111167\n|switch|p2a: Iron Hands|Iron Hands, L50|100\/100|[from] Parting Shot\n|move|p1b: Ursaluna|Earthquake|p2b: Toxapex|[spread] p2a,p2b\n|-immune|p1a: Cresselia|[from] ability: Levitate\n|-supereffective|p2a: Iron Hands\n|-supereffective|p2b: Toxapex\n|-damage|p2a: Iron Hands|0 fnt\n|-damage|p2b: Toxapex|0 fnt\n|faint|p2a: Iron Hands\n|-end|p2a: Iron Hands|Quark Drive|[silent]\n|faint|p2b: Toxapex\n|move|p1a: Cresselia|Ice Beam|p2: Iron Hands|[notarget]\n|-fail|p1a: Cresselia\n|\n|-damage|p1b: Ursaluna|95\/100 brn|[from] brn\n|-end|p1a: Cresselia|Infestation|[partiallytrapped]|[silent]\n|upkeep\n|\n|t:|1701111172\n|switch|p2b: Grimmsnarl|Grimmsnarl, L50, M|86\/100\n|turn|5\n|c|\u2606kidturtle|gg\n|c|\u2606whyismynamejeff|gg\n|\n|t:|1701111185\n|move|p2b: Grimmsnarl|Light Screen|p2b: Grimmsnarl\n|-sidestart|p2: whyismynamejeff|move: Light Screen\n|move|p1b: Ursaluna|Earthquake|p2b: Grimmsnarl|[spread] p2b\n|-immune|p1a: Cresselia|[from] ability: Levitate\n|-damage|p2b: Grimmsnarl|0 fnt\n|faint|p2b: Grimmsnarl\n|\n|win|kidturtle\n","uploadtime":1701111194,"views":5,"p1id":"kidturtle","p2id":"whyismynamejeff","formatid":"gen9vgc2023regulatione","rating":0,"private":0,"password":""}