{"id":"gen9vgc2023regulatione-1989732019","p1":"Eliaex","p2":"K\\jrhzk","format":"[Gen 9] VGC 2023 Regulation E","log":"|j|\u2606Eliaex\n|j|\u2606K\\jrhzk\n|t:|1699890974\n|gametype|doubles\n|player|p1|Eliaex|linebacker|1064\n|player|p2|K\\jrhzk|lance|1079\n|teamsize|p1|6\n|teamsize|p2|6\n|gen|9\n|tier|[Gen 9] VGC 2023 Regulation E\n|rated|\n|rule|Species Clause: Limit one of each Pok\u00e9mon\n|rule|Item Clause: Limit one of each item\n|clearpoke\n|poke|p1|Torterra, L50, M|\n|poke|p1|Zapdos, L50|\n|poke|p1|Baxcalibur, L50, F|\n|poke|p1|Heatran, L50, F|\n|poke|p1|Scizor, L50, F|\n|poke|p1|Empoleon, L50, M|\n|poke|p2|Flutter Mane, L50|\n|poke|p2|Tornadus, L50, M|\n|poke|p2|Rillaboom, L50, F|\n|poke|p2|Garganacl, L50, M|\n|poke|p2|Arcanine-Hisui, L50, F|\n|poke|p2|Chien-Pao, L50|\n|teampreview|4\n|\n|t:|1699891006\n|start\n|switch|p1a: Torterra|Torterra, L50, M|100\/100\n|switch|p1b: Zapdos|Zapdos, L50|100\/100\n|switch|p2a: Tornadus|Tornadus, L50, M|100\/100\n|switch|p2b: Garganacl|Garganacl, L50, M|100\/100\n|turn|1\n|\n|t:|1699891031\n|-terastallize|p2b: Garganacl|Ghost\n|move|p2a: Tornadus|Taunt|p1a: Torterra\n|-start|p1a: Torterra|move: Taunt\n|move|p1b: Zapdos|Tailwind|p1b: Zapdos\n|-sidestart|p1: Eliaex|move: Tailwind\n|cant|p1a: Torterra|move: Taunt|Amnesia\n|move|p2b: Garganacl|Salt Cure|p1b: Zapdos\n|-supereffective|p1b: Zapdos\n|-damage|p1b: Zapdos|63\/100\n|-start|p1b: Zapdos|Salt Cure\n|\n|-damage|p1b: Zapdos|51\/100|[from] Salt Cure\n|upkeep\n|turn|2\n|\n|t:|1699891056\n|switch|p1a: Baxcalibur|Baxcalibur, L50, F|100\/100\n|move|p1b: Zapdos|Thunder|p2a: Tornadus\n|-supereffective|p2a: Tornadus\n|-damage|p2a: Tornadus|10\/100\n|-status|p2a: Tornadus|par\n|move|p2a: Tornadus|Bleakwind Storm|p1a: Baxcalibur|[spread] p1a,p1b\n|-resisted|p1b: Zapdos\n|-damage|p1a: Baxcalibur|74\/100\n|-damage|p1b: Zapdos|33\/100\n|-unboost|p1b: Zapdos|spe|1\n|move|p2b: Garganacl|Iron Defense|p2b: Garganacl\n|-boost|p2b: Garganacl|def|2\n|\n|-damage|p1b: Zapdos|20\/100|[from] Salt Cure\n|upkeep\n|turn|3\n|\n|t:|1699891066\n|switch|p1a: Torterra|Torterra, L50, M|100\/100\n|move|p2a: Tornadus|Tailwind|p2a: Tornadus\n|-sidestart|p2: K\\jrhzk|move: Tailwind\n|move|p1b: Zapdos|Volt Switch|p2a: Tornadus\n|-supereffective|p2a: Tornadus\n|-damage|p2a: Tornadus|0 fnt\n|faint|p2a: Tornadus\n|\n|t:|1699891075\n|switch|p1b: Baxcalibur|Baxcalibur, L50, F|74\/100|[from] Volt Switch\n|move|p2b: Garganacl|Salt Cure|p1a: Torterra\n|-resisted|p1a: Torterra\n|-damage|p1a: Torterra|95\/100\n|-start|p1a: Torterra|Salt Cure\n|\n|-heal|p1a: Torterra|100\/100|[from] item: Leftovers\n|-damage|p1a: Torterra|88\/100|[from] Salt Cure\n|upkeep\n|\n|t:|1699891080\n|switch|p2a: Chien-Pao|Chien-Pao, L50|100\/100\n|-ability|p2a: Chien-Pao|Sword of Ruin\n|turn|4\n|\n|t:|1699891098\n|move|p2a: Chien-Pao|Protect|p2a: Chien-Pao\n|-singleturn|p2a: Chien-Pao|Protect\n|move|p1b: Baxcalibur|Glaive Rush|p2a: Chien-Pao\n|-activate|p2a: Chien-Pao|move: Protect\n|move|p1a: Torterra|Amnesia|p1a: Torterra\n|-boost|p1a: Torterra|spd|2\n|move|p2b: Garganacl|Salt Cure|p1b: Baxcalibur\n|-supereffective|p1b: Baxcalibur\n|-damage|p1b: Baxcalibur|39\/100\n|-start|p1b: Baxcalibur|Salt Cure\n|\n|-heal|p1a: Torterra|94\/100|[from] item: Leftovers\n|-damage|p1b: Baxcalibur|27\/100|[from] Salt Cure\n|-damage|p1a: Torterra|82\/100|[from] Salt Cure\n|-sideend|p1: Eliaex|move: Tailwind\n|upkeep\n|turn|5\n|\n|t:|1699891112\n|move|p2a: Chien-Pao|Sucker Punch|p1b: Baxcalibur\n|-damage|p1b: Baxcalibur|0 fnt\n|faint|p1b: Baxcalibur\n|move|p2b: Garganacl|Iron Defense|p2b: Garganacl\n|-boost|p2b: Garganacl|def|2\n|move|p1a: Torterra|Leech Seed|p2a: Chien-Pao\n|-start|p2a: Chien-Pao|move: Leech Seed\n|\n|-heal|p1a: Torterra|88\/100|[from] item: Leftovers\n|-damage|p2a: Chien-Pao|88\/100|[from] Leech Seed|[of] p1a: Torterra\n|-heal|p1a: Torterra|97\/100|[silent]\n|-damage|p1a: Torterra|85\/100|[from] Salt Cure\n|upkeep\n|\n|t:|1699891119\n|switch|p1b: Empoleon|Empoleon, L50, M|100\/100\n|turn|6\n|\n|t:|1699891146\n|-terastallize|p1b: Empoleon|Water\n|move|p2a: Chien-Pao|Ice Spinner|p1a: Torterra\n|-supereffective|p1a: Torterra\n|-damage|p1a: Torterra|0 fnt\n|faint|p1a: Torterra\n|move|p2b: Garganacl|Salt Cure|p1b: Empoleon\n|-damage|p1b: Empoleon|83\/100\n|-start|p1b: Empoleon|Salt Cure\n|move|p1b: Empoleon|Hydro Pump|p2a: Chien-Pao\n|-damage|p2a: Chien-Pao|0 fnt\n|faint|p2a: Chien-Pao\n|\n|-damage|p1b: Empoleon|58\/100|[from] Salt Cure\n|-sideend|p2: K\\jrhzk|move: Tailwind\n|upkeep\n|\n|t:|1699891157\n|switch|p2a: Rillaboom|Rillaboom, L50, F|100\/100\n|switch|p1a: Zapdos|Zapdos, L50|20\/100\n|-fieldstart|move: Grassy Terrain|[from] ability: Grassy Surge|[of] p2a: Rillaboom\n|turn|7\n|\n|t:|1699891171\n|move|p2a: Rillaboom|Fake Out|p1a: Zapdos\n|-damage|p1a: Zapdos|2\/100\n|-damage|p2a: Rillaboom|84\/100|[from] item: Rocky Helmet|[of] p1a: Zapdos\n|-status|p2a: Rillaboom|par|[from] ability: Static|[of] p1a: Zapdos\n|cant|p1a: Zapdos|flinch\n|move|p1b: Empoleon|Hydro Pump|p2b: Garganacl\n|-damage|p2b: Garganacl|53\/100\n|move|p2b: Garganacl|Salt Cure|p1a: Zapdos\n|-supereffective|p1a: Zapdos\n|-damage|p1a: Zapdos|0 fnt\n|faint|p1a: Zapdos\n|\n|-heal|p1b: Empoleon|64\/100|[from] Grassy Terrain\n|-heal|p2b: Garganacl|59\/100|[from] Grassy Terrain\n|-heal|p2a: Rillaboom|90\/100 par|[from] Grassy Terrain\n|-damage|p1b: Empoleon|39\/100|[from] Salt Cure\n|upkeep\n|turn|8\n|\n|t:|1699891184\n|move|p1b: Empoleon|Hydro Pump|p2b: Garganacl\n|-damage|p2b: Garganacl|11\/100\n|-enditem|p2b: Garganacl|Sitrus Berry|[eat]\n|-heal|p2b: Garganacl|35\/100|[from] item: Sitrus Berry\n|move|p2b: Garganacl|Recover|p2b: Garganacl\n|-heal|p2b: Garganacl|86\/100\n|move|p2a: Rillaboom|Wood Hammer|p1b: Empoleon\n|-supereffective|p1b: Empoleon\n|-damage|p1b: Empoleon|0 fnt\n|faint|p1b: Empoleon\n|-damage|p2a: Rillaboom|80\/100 par|[from] Recoil\n|\n|win|K\\jrhzk\n|raw|Eliaex's rating: 1064 &rarr; <strong>1045<\/strong><br \/>(-19 for losing)\n|raw|K\\jrhzk's rating: 1079 &rarr; <strong>1106<\/strong><br \/>(+27 for winning)\n|l|\u2606Eliaex\n","uploadtime":1699891195,"views":7,"p1id":"eliaex","p2id":"kjrhzk","formatid":"gen9vgc2023regulatione","rating":1045,"private":0,"password":""}